市场代码,合约代码,时间,最新,持仓,增仓,成交额,成交量,开仓,平仓,成交类型,方向,买一价,买二价,买三价,买四价,买五价,卖一价,卖二价,卖三价,卖四价,卖五价,买一量,买二量,买三量,买四量,买五量,卖一量,卖二量,卖三量,卖四量,卖五量
SF,IC2006,2019-11-11 09:29:00.000,4718.8000,9143,0,943760.000,1.000,-,-,-,-,4710.0000,4701.0000,4700.0000,4691.0000,4690.0000,4719.0000,4720.0000,4725.4000,4725.6000,4730.0000,1,2,1,1,1,4,1,1,1,1
SF,IC2006,2019-11-11 09:30:00.500,4701.0000,9145,2,3766160.000,3,2,1,空开,S,4700.0000,4692.0000,4691.0000,4690.0000,4688.0000,4701.2000,4703.6000,4705.4000,4706.0000,4706.6000,1,1,1,1,1,1,1,1,1,1
SF,IC2006,2019-11-11 09:30:01.000,4700.4000,9141,-4,9404080.000,6,1,5,多平,S,4691.0000,4690.0000,4688.0000,4686.2000,4681.6000,4700.4000,4701.0000,4703.6000,4705.4000,4706.0000,1,1,1,3,2,1,2,1,1,1
SF,IC2006,2019-11-11 09:30:01.500,4700.4000,9142,1,10344160.000,1,1,0,双开,S,4691.0000,4690.0000,4688.0000,4686.2000,4683.6000,4701.0000,4703.6000,4703.8000,4705.4000,4706.0000,1,1,1,3,1,2,1,5,1,1
SF,IC2006,2019-11-11 09:30:02.000,4700.4000,9142,0,10344160.000,0,-,-,-,-,4692.2000,4692.0000,4691.2000,4691.0000,4690.0000,4701.0000,4703.6000,4703.8000,4706.0000,4707.0000,1,1,2,1,1,2,1,5,1,3
SF,IC2006,2019-11-11 09:30:02.500,4701.0000,9141,-1,11284360.000,1,0,1,双平,S,4692.4000,4692.2000,4692.0000,4691.2000,4691.0000,4699.8000,4701.0000,4701.4000,4703.8000,4706.0000,4,1,1,1,1,1,1,1,5,1
SF,IC2006,2019-11-11 09:30:03.000,4701.0000,9141,0,11284360.000,0,-,-,-,-,4692.4000,4692.2000,4692.0000,4691.2000,4691.0000,4699.6000,4699.8000,4701.0000,4703.8000,4706.0000,2,1,1,1,1,1,2,1,5,1
SF,IC2006,2019-11-11 09:30:03.500,4701.0000,9141,0,11284360.000,0,-,-,-,-,4692.6000,4692.4000,4692.2000,4692.0000,4691.2000,4699.6000,4699.8000,4701.0000,4703.8000,4707.0000,4,1,1,1,1,1,1,1,5,2
SF,IC2006,2019-11-11 09:30:04.000,4700.0000,9141,0,12224360.000,1,0,1,多换,S,4695.0000,4692.8000,4692.6000,4692.2000,4692.0000,4699.4000,4699.8000,4701.0000,4701.8000,4703.8000,1,2,3,1,1,1,1,1,1,5
SF,IC2006,2019-11-11 09:30:04.500,4699.4000,9135,-6,20673760.000,9,1,8,多平,S,4691.0000,4690.0000,4688.0000,4686.2000,4684.0000,4692.6000,4695.0000,4698.0000,4699.0000,4699.2000,1,1,1,3,1,5,1,1,1,1
SF,IC2006,2019-11-11 09:30:05.000,4692.6000,9132,-3,24427840.000,4,0,4,多平,S,4691.2000,4691.0000,4690.0000,4688.0000,4686.2000,4692.6000,4695.0000,4698.0000,4699.0000,4699.2000,1,1,1,1,3,1,1,1,1,1
SF,IC2006,2019-11-11 09:30:05.500,4691.0000,9131,-1,26304560.000,2,0,2,多平,S,4690.0000,4688.0000,4686.2000,4684.0000,4683.6000,4691.0000,4695.0000,4698.0000,4698.2000,4699.2000,1,1,3,1,1,7,1,1,1,1
SF,IC2006,2019-11-11 09:30:06.000,4691.0000,9130,-1,27242760.000,1,0,1,双平,S,4690.0000,4688.0000,4686.2000,4684.0000,4683.6000,4691.0000,4695.0000,4698.0000,4698.2000,4698.4000,2,1,3,1,1,6,1,1,1,1
SF,IC2006,2019-11-11 09:30:06.500,4691.0000,9128,-2,29119160.000,2,0,2,双平,S,4690.2000,4690.0000,4688.0000,4686.2000,4684.0000,4691.0000,4695.0000,4698.0000,4698.2000,4698.4000,1,2,1,3,1,4,1,1,1,1
SF,IC2006,2019-11-11 09:30:07.000,4691.0000,9128,0,29119160.000,0,-,-,-,-,4690.0000,4688.0000,4686.2000,4684.0000,4683.6000,4691.0000,4695.0000,4698.0000,4698.2000,4698.4000,2,1,3,1,1,4,1,1,1,1
SF,IC2006,2019-11-11 09:30:07.500,4691.0000,9128,0,29119160.000,0,-,-,-,-,4690.6000,4690.0000,4688.0000,4686.2000,4684.0000,4691.0000,4695.0000,4698.0000,4698.2000,4698.4000,4,2,1,3,1,4,1,1,1,1
SF,IC2006,2019-11-11 09:30:08.000,4691.0000,9128,0,29119160.000,0,-,-,-,-,4690.6000,4690.0000,4688.0000,4687.6000,4686.2000,4691.0000,4695.0000,4698.0000,4698.2000,4698.4000,4,2,1,1,3,4,1,1,1,1
SF,IC2006,2019-11-11 09:30:08.500,4690.6000,9128,0,30057280.000,1,0,1,多换,S,4690.6000,4690.0000,4688.0000,4687.6000,4686.2000,4691.0000,4695.0000,4697.4000,4698.0000,4698.4000,3,1,1,1,3,4,1,1,1,1
SF,IC2006,2019-11-11 09:30:09.000,4690.6000,9128,0,30057280.000,0,-,-,-,-,4690.6000,4690.0000,4688.0000,4686.2000,4684.0000,4691.0000,4695.0000,4697.4000,4698.0000,4698.4000,3,1,1,3,1,4,1,1,1,1
SF,IC2006,2019-11-11 09:30:09.500,4691.0000,9128,0,30995480.000,1,0,1,多换,S,4690.6000,4690.0000,4688.0000,4686.2000,4685.4000,4691.0000,4695.0000,4697.4000,4698.0000,4698.4000,3,1,1,3,1,3,1,1,1,1
SF,IC2006,2019-11-11 09:30:10.000,4691.0000,9125,-3,33810080.000,3,0,3,双平,S,4690.6000,4690.0000,4688.0000,4686.2000,4685.4000,4695.0000,4697.4000,4698.0000,4699.0000,4699.2000,3,1,1,3,1,1,1,1,1,1
SF,IC2006,2019-11-11 09:30:10.500,4691.0000,9125,0,33810080.000,0,-,-,-,-,4690.8000,4690.6000,4690.0000,4688.0000,4686.2000,4694.8000,4695.0000,4697.4000,4698.0000,4699.0000,1,3,1,1,3,4,1,1,1,1
SF,IC2006,2019-11-11 09:30:11.000,4691.0000,9125,0,33810080.000,0,-,-,-,-,4690.6000,4690.0000,4688.0000,4686.2000,4684.0000,4694.8000,4695.0000,4697.4000,4698.0000,4699.0000,3,1,1,3,1,4,1,1,1,1
SF,IC2006,2019-11-11 09:30:11.500,4691.0000,9125,0,33810080.000,0,-,-,-,-,4690.6000,4690.0000,4688.0000,4686.2000,4684.0000,4694.8000,4695.0000,4695.8000,4698.0000,4699.0000,3,1,1,3,1,4,1,1,1,1
SF,IC2006,2019-11-11 09:30:12.000,4691.0000,9125,0,33810080.000,0,-,-,-,-,4690.6000,4690.0000,4688.0000,4686.2000,4684.0000,4692.0000,4692.2000,4694.6000,4694.8000,4695.0000,3,1,1,3,1,1,1,1,4,1
SF,IC2006,2019-11-11 09:30:12.500,4691.0000,9125,0,33810080.000,0,-,-,-,-,4690.6000,4690.0000,4688.0000,4686.2000,4684.0000,4694.6000,4694.8000,4695.0000,4695.8000,4699.0000,3,1,1,3,1,1,4,1,1,1
SF,IC2006,2019-11-11 09:30:13.000,4690.6000,9126,1,34748200.000,1,1,0,双开,S,4690.6000,4690.0000,4688.0000,4686.2000,4684.0000,4694.4000,4694.6000,4694.8000,4695.0000,4695.8000,2,1,1,3,1,2,1,4,1,1
SF,IC2006,2019-11-11 09:30:13.500,4690.6000,9126,0,34748200.000,0,-,-,-,-,4690.6000,4690.0000,4688.0000,4686.2000,4684.0000,4694.4000,4694.6000,4694.8000,4695.8000,4699.0000,2,1,1,3,1,2,1,4,1,1
SF,IC2006,2019-11-11 09:30:14.000,4690.6000,9126,0,34748200.000,0,-,-,-,-,4690.6000,4690.0000,4688.0000,4686.2000,4684.0000,4694.0000,4694.4000,4694.8000,4695.8000,4699.0000,2,1,1,3,1,2,2,4,1,1
SF,IC2006,2019-11-11 09:30:14.500,4690.6000,9126,0,36624440.000,2,1,1,多换,S,4690.0000,4688.0000,4686.2000,4684.0000,4683.6000,4693.8000,4694.0000,4694.4000,4694.8000,4695.8000,1,1,3,1,1,4,2,2,4,1
SF,IC2006,2019-11-11 09:30:15.000,4690.6000,9126,0,36624440.000,0,-,-,-,-,4690.0000,4688.0000,4686.2000,4684.0000,4683.6000,4693.8000,4694.0000,4694.4000,4694.8000,4695.8000,1,1,3,1,1,4,2,2,4,1
SF,IC2006,2019-11-11 09:30:15.500,4690.0000,9126,0,37562440.000,1,0,1,多换,S,4688.0000,4686.2000,4684.0000,4683.6000,4683.4000,4693.8000,4694.0000,4694.4000,4694.8000,4695.8000,1,3,1,1,2,4,2,2,4,1
SF,IC2006,2019-11-11 09:30:16.000,4693.6000,9126,0,38501160.000,1,0,1,多换,S,4690.0000,4688.2000,4688.0000,4686.2000,4684.0000,4693.8000,4694.0000,4694.4000,4694.8000,4695.8000,1,3,1,3,1,4,2,2,4,1
SF,IC2006,2019-11-11 09:30:16.500,4693.6000,9126,0,38501160.000,0,-,-,-,-,4690.2000,4688.0000,4686.2000,4684.0000,4683.6000,4692.2000,4693.8000,4694.0000,4694.4000,4694.8000,1,1,3,1,1,1,4,2,2,4
SF,IC2006,2019-11-11 09:30:17.000,4693.6000,9126,0,38501160.000,0,-,-,-,-,4688.0000,4686.2000,4684.0000,4683.6000,4683.4000,4692.0000,4693.8000,4694.0000,4694.4000,4694.8000,1,3,1,1,2,1,4,1,2,4
SF,IC2006,2019-11-11 09:30:17.500,4693.6000,9126,0,38501160.000,0,-,-,-,-,4688.2000,4688.0000,4687.6000,4686.2000,4684.0000,4692.0000,4693.8000,4694.0000,4694.4000,4694.8000,1,1,1,3,1,1,4,1,2,4
SF,IC2006,2019-11-11 09:30:18.000,4693.6000,9126,0,38501160.000,0,-,-,-,-,4688.2000,4688.0000,4687.6000,4686.2000,4684.0000,4690.0000,4692.0000,4693.8000,4694.0000,4694.4000,1,1,1,3,1,1,1,4,1,2
SF,IC2006,2019-11-11 09:30:18.500,4688.4000,9126,0,40376520.000,2,1,1,多换,S,4688.4000,4688.0000,4686.2000,4684.0000,4683.6000,4690.0000,4692.0000,4693.8000,4694.0000,4694.4000,3,1,3,1,1,1,1,4,1,2
SF,IC2006,2019-11-11 09:30:19.000,4690.0000,9125,-1,41314520.000,1,0,1,双平,S,4688.0000,4686.2000,4684.0000,4683.6000,4683.4000,4692.0000,4693.8000,4694.0000,4694.4000,4694.8000,1,3,1,1,2,1,4,1,2,4
SF,IC2006,2019-11-11 09:30:19.500,4688.0000,9123,-2,44128160.000,3,0,3,多平,S,4686.2000,4684.0000,4683.6000,4683.4000,4681.6000,4688.0000,4692.2000,4693.8000,4694.0000,4694.4000,3,1,1,2,2,4,1,4,1,2
SF,IC2006,2019-11-11 09:30:20.000,4688.0000,9123,0,44128160.000,0,-,-,-,-,4686.4000,4686.2000,4684.0000,4683.6000,4683.4000,4688.0000,4692.2000,4693.8000,4694.4000,4694.8000,6,3,1,1,2,4,1,4,2,4
SF,IC2006,2019-11-11 09:30:20.500,4688.0000,9123,0,45065760.000,1,0,1,多换,S,4686.4000,4686.2000,4684.0000,4683.6000,4683.4000,4688.0000,4692.2000,4693.8000,4694.4000,4694.8000,6,3,1,1,2,3,1,4,2,4
SF,IC2006,2019-11-11 09:30:21.000,4688.0000,9123,0,45065760.000,0,-,-,-,-,4686.4000,4686.2000,4684.0000,4683.8000,4683.6000,4688.0000,4692.2000,4693.8000,4694.4000,4694.8000,6,3,1,1,1,3,1,4,2,4
SF,IC2006,2019-11-11 09:30:21.500,4686.6000,9122,-1,46003080.000,1,0,1,双平,S,4686.4000,4686.2000,4684.0000,4683.8000,4683.6000,4688.0000,4692.2000,4693.8000,4694.4000,4694.8000,6,3,1,1,1,3,1,4,2,4
SF,IC2006,2019-11-11 09:30:22.000,4686.6000,9122,0,46003080.000,0,-,-,-,-,4687.2000,4686.2000,4684.0000,4683.6000,4683.4000,4688.0000,4692.2000,4693.8000,4694.4000,4694.8000,1,3,1,1,2,3,1,4,2,4
SF,IC2006,2019-11-11 09:30:22.500,4686.6000,9122,0,46003080.000,0,-,-,-,-,4687.2000,4686.2000,4684.0000,4683.6000,4683.4000,4688.0000,4692.2000,4693.8000,4694.4000,4694.8000,1,3,1,1,2,3,1,4,2,4
SF,IC2006,2019-11-11 09:30:23.000,4686.6000,9122,0,46003080.000,0,-,-,-,-,4687.2000,4686.2000,4684.0000,4683.6000,4683.4000,4688.0000,4692.2000,4693.8000,4694.4000,4694.8000,1,3,1,1,2,3,1,4,2,4
SF,IC2006,2019-11-11 09:30:23.500,4686.6000,9122,0,46940400.000,1,0,1,多换,S,4687.2000,4686.2000,4684.0000,4683.6000,4683.4000,4688.0000,4692.2000,4692.8000,4693.8000,4694.4000,1,3,1,1,2,3,1,1,4,2
SF,IC2006,2019-11-11 09:30:24.500,4687.2000,9123,1,47877840.000,1,1,0,双开,S,4686.2000,4684.0000,4683.6000,4683.4000,4681.6000,4688.0000,4689.0000,4692.2000,4692.8000,4693.8000,3,1,1,2,2,3,1,1,1,4
SF,IC2006,2019-11-11 09:30:25.500,4687.2000,9123,0,47877840.000,0,-,-,-,-,4686.2000,4684.0000,4683.6000,4683.4000,4681.6000,4688.0000,4689.0000,4692.2000,4692.8000,4693.8000,3,1,1,2,2,3,1,6,1,4
SF,IC2006,2019-11-11 09:30:26.000,4687.2000,9123,0,47877840.000,0,-,-,-,-,4686.8000,4686.2000,4684.0000,4683.6000,4683.4000,4688.0000,4689.0000,4692.2000,4692.8000,4693.8000,1,3,1,1,2,3,1,6,1,4
SF,IC2006,2019-11-11 09:30:26.500,4687.2000,9123,0,47877840.000,0,-,-,-,-,4686.8000,4686.2000,4684.0000,4683.6000,4683.4000,4688.0000,4689.0000,4692.2000,4692.8000,4693.8000,1,3,1,1,2,3,1,6,1,4
SF,IC2006,2019-11-11 09:30:27.000,4687.2000,9123,0,47877840.000,0,-,-,-,-,4686.8000,4686.2000,4684.0000,4683.6000,4683.4000,4688.0000,4689.0000,4692.2000,4692.8000,4693.8000,1,3,1,1,2,3,1,6,1,4
SF,IC2006,2019-11-11 09:30:28.000,4687.2000,9123,0,47877840.000,0,-,-,-,-,4686.8000,4686.2000,4684.0000,4683.6000,4683.4000,4688.0000,4689.0000,4692.2000,4692.8000,4693.8000,1,3,1,1,2,3,1,6,1,4
SF,IC2006,2019-11-11 09:30:28.500,4687.2000,9123,0,47877840.000,0,-,-,-,-,4686.8000,4686.2000,4684.0000,4683.6000,4683.4000,4688.0000,4689.0000,4692.2000,4693.8000,4694.4000,1,3,1,1,2,3,1,6,4,2
SF,IC2006,2019-11-11 09:30:30.000,4687.2000,9123,0,47877840.000,0,-,-,-,-,4686.8000,4686.2000,4684.0000,4683.6000,4683.4000,4688.0000,4689.0000,4692.2000,4693.8000,4694.4000,1,3,1,1,2,3,1,6,4,2
SF,IC2006,2019-11-11 09:30:30.500,4688.0000,9120,-3,50690640.000,3,0,3,双平,S,4686.8000,4686.2000,4684.0000,4683.6000,4683.4000,4689.0000,4692.2000,4693.8000,4694.4000,4694.8000,1,3,1,1,2,1,1,4,2,4
SF,IC2006,2019-11-11 09:30:31.000,4688.0000,9120,0,50690640.000,0,-,-,-,-,4686.8000,4686.2000,4684.0000,4683.6000,4683.4000,4689.0000,4692.2000,4693.8000,4694.4000,4694.8000,1,3,1,1,2,1,1,4,2,4
SF,IC2006,2019-11-11 09:30:31.500,4686.8000,9119,-1,51628000.000,1,0,1,双平,S,4686.2000,4684.0000,4683.6000,4683.4000,4681.6000,4686.8000,4689.0000,4692.2000,4693.8000,4694.4000,3,1,1,2,2,1,1,1,4,2
SF,IC2006,2019-11-11 09:30:32.000,4686.8000,9118,-1,52565360.000,1,0,1,双平,S,4686.2000,4684.0000,4683.6000,4683.4000,4681.6000,4689.0000,4692.2000,4693.8000,4694.4000,4694.8000,3,1,1,2,2,1,1,4,2,4
SF,IC2006,2019-11-11 09:30:33.500,4686.2000,9118,0,53502600.000,1,0,1,多换,S,4686.2000,4684.4000,4684.0000,4683.6000,4683.4000,4688.0000,4689.0000,4692.2000,4693.8000,4694.2000,2,1,1,1,2,1,1,1,4,1
SF,IC2006,2019-11-11 09:30:34.000,4686.2000,9118,0,53502600.000,0,-,-,-,-,4686.2000,4684.4000,4684.0000,4683.6000,4683.4000,4688.0000,4689.0000,4692.2000,4693.8000,4694.2000,2,1,1,1,2,1,1,1,4,1
SF,IC2006,2019-11-11 09:30:34.500,4686.2000,9118,0,53502600.000,0,-,-,-,-,4686.2000,4684.0000,4683.6000,4683.4000,4681.6000,4688.0000,4689.0000,4692.2000,4693.8000,4694.2000,2,1,1,2,2,1,1,1,4,1
SF,IC2006,2019-11-11 09:30:35.000,4686.2000,9118,0,53502600.000,0,-,-,-,-,4686.2000,4684.0000,4683.6000,4683.4000,4683.2000,4688.0000,4689.0000,4692.2000,4693.8000,4694.2000,2,1,1,2,1,1,1,1,4,1
SF,IC2006,2019-11-11 09:30:35.500,4686.2000,9118,0,55377080.000,2,1,1,多换,S,4686.2000,4684.0000,4683.6000,4683.4000,4683.2000,4687.8000,4688.0000,4689.0000,4692.2000,4693.8000,1,1,1,2,1,1,1,1,1,4
SF,IC2006,2019-11-11 09:30:36.000,4686.2000,9118,0,55377080.000,0,-,-,-,-,4686.2000,4684.0000,4683.6000,4683.4000,4683.2000,4687.8000,4688.0000,4689.0000,4692.2000,4693.8000,1,1,1,2,1,1,1,1,1,4
SF,IC2006,2019-11-11 09:30:36.500,4686.2000,9118,0,55377080.000,0,-,-,-,-,4686.2000,4684.0000,4683.6000,4683.4000,4683.2000,4687.8000,4688.0000,4689.0000,4692.2000,4693.8000,1,1,1,2,1,1,1,1,1,4
SF,IC2006,2019-11-11 09:30:37.000,4686.2000,9118,0,55377080.000,0,-,-,-,-,4686.2000,4684.0000,4683.6000,4683.4000,4681.6000,4687.8000,4688.0000,4689.0000,4692.2000,4693.8000,1,1,1,2,2,1,1,1,1,4
SF,IC2006,2019-11-11 09:30:37.500,4686.2000,9118,0,55377080.000,0,-,-,-,-,4686.2000,4684.0000,4683.6000,4683.4000,4681.6000,4687.8000,4688.0000,4689.0000,4692.2000,4693.8000,1,1,1,2,2,1,1,1,1,4
SF,IC2006,2019-11-11 09:30:38.000,4686.2000,9118,0,55377080.000,0,-,-,-,-,4686.2000,4684.0000,4683.6000,4683.4000,4681.6000,4687.8000,4688.0000,4689.0000,4692.2000,4693.8000,1,1,1,2,2,1,1,1,1,4
SF,IC2006,2019-11-11 09:30:38.500,4686.2000,9118,0,56314320.000,1,0,1,多换,S,4684.0000,4683.6000,4683.4000,4681.6000,4680.0000,4686.2000,4687.8000,4688.0000,4689.0000,4692.2000,1,1,2,2,7,2,1,1,1,1
SF,IC2006,2019-11-11 09:30:39.000,4684.0000,9117,-1,57251120.000,1,0,1,双平,S,4683.6000,4683.4000,4681.6000,4680.0000,4675.0000,4686.2000,4687.8000,4688.0000,4692.2000,4693.8000,1,2,2,7,1,2,1,1,1,4
SF,IC2006,2019-11-11 09:30:39.500,4686.2000,9117,0,59125600.000,2,1,1,多换,S,4683.6000,4683.4000,4681.6000,4680.0000,4675.0000,4687.8000,4688.0000,4692.2000,4693.8000,4694.4000,1,2,2,7,1,1,1,1,4,2
SF,IC2006,2019-11-11 09:30:40.000,4686.2000,9117,0,59125600.000,0,-,-,-,-,4683.6000,4683.4000,4681.6000,4680.0000,4675.0000,4688.0000,4692.2000,4693.8000,4694.4000,4694.8000,1,2,2,7,1,1,1,4,2,4
SF,IC2006,2019-11-11 09:30:40.500,4686.2000,9117,0,59125600.000,0,-,-,-,-,4683.8000,4683.6000,4683.4000,4681.6000,4680.0000,4688.0000,4692.2000,4693.8000,4694.4000,4694.8000,1,1,2,2,7,1,1,4,2,4
SF,IC2006,2019-11-11 09:30:41.000,4686.2000,9117,0,59125600.000,0,-,-,-,-,4683.8000,4683.6000,4683.4000,4681.6000,4680.0000,4687.6000,4688.0000,4692.2000,4693.8000,4694.4000,1,1,2,2,7,1,1,1,4,2
SF,IC2006,2019-11-11 09:30:41.500,4686.2000,9117,0,59125600.000,0,-,-,-,-,4683.6000,4683.4000,4681.6000,4680.0000,4675.0000,4687.4000,4687.6000,4688.0000,4692.2000,4693.8000,1,2,2,7,1,2,1,1,1,4
SF,IC2006,2019-11-11 09:30:42.000,4684.4000,9117,0,60062480.000,1,0,1,多换,S,4683.6000,4683.4000,4681.6000,4680.0000,4675.0000,4687.4000,4687.6000,4688.0000,4692.2000,4693.8000,1,2,2,7,1,2,1,1,1,4
SF,IC2006,2019-11-11 09:30:42.500,4687.6000,9118,1,61000000.000,1,1,0,双开,S,4687.8000,4683.6000,4683.4000,4681.6000,4680.0000,4688.0000,4692.2000,4693.8000,4694.4000,4694.8000,3,1,2,2,7,1,1,4,2,4
SF,IC2006,2019-11-11 09:30:43.000,4687.8000,9118,0,63812680.000,3,1,2,多换,S,4683.6000,4683.4000,4681.6000,4680.0000,4675.0000,4688.0000,4692.2000,4693.8000,4694.4000,4694.8000,1,2,2,7,1,1,1,4,2,4
SF,IC2006,2019-11-11 09:30:43.500,4687.8000,9118,0,63812680.000,0,-,-,-,-,4684.0000,4683.6000,4683.4000,4681.6000,4680.0000,4687.8000,4688.0000,4692.2000,4693.8000,4694.4000,1,1,2,2,7,1,1,1,4,2
SF,IC2006,2019-11-11 09:30:44.000,4687.8000,9118,0,63812680.000,0,-,-,-,-,4684.0000,4683.6000,4683.4000,4681.6000,4680.0000,4688.0000,4692.2000,4693.8000,4694.4000,4694.8000,1,1,2,2,7,1,1,4,2,4
SF,IC2006,2019-11-11 09:30:44.500,4687.8000,9118,0,63812680.000,0,-,-,-,-,4685.0000,4684.0000,4683.6000,4683.4000,4681.6000,4688.0000,4692.2000,4693.8000,4694.4000,4694.8000,1,1,1,2,2,1,1,4,2,4
SF,IC2006,2019-11-11 09:30:45.000,4688.0000,9118,0,64750280.000,1,0,1,多换,S,4685.0000,4684.0000,4683.6000,4683.4000,4681.6000,4692.2000,4693.8000,4694.4000,4694.8000,4698.0000,1,1,1,2,2,1,4,2,4,5
SF,IC2006,2019-11-11 09:30:45.500,4688.0000,9118,0,64750280.000,0,-,-,-,-,4685.2000,4685.0000,4684.0000,4683.6000,4683.4000,4692.0000,4692.2000,4693.8000,4694.4000,4694.8000,1,1,1,1,2,3,1,4,2,4
SF,IC2006,2019-11-11 09:30:46.000,4688.0000,9118,0,64750280.000,0,-,-,-,-,4685.4000,4685.2000,4685.0000,4684.0000,4683.6000,4691.8000,4692.0000,4692.2000,4693.8000,4694.4000,3,1,1,1,1,1,3,1,4,2
SF,IC2006,2019-11-11 09:30:46.500,4688.0000,9118,0,64750280.000,0,-,-,-,-,4685.4000,4685.2000,4685.0000,4684.0000,4683.6000,4691.6000,4691.8000,4692.0000,4692.2000,4693.8000,3,1,1,1,1,2,1,3,1,4
SF,IC2006,2019-11-11 09:30:47.000,4688.0000,9118,0,64750280.000,0,-,-,-,-,4685.4000,4685.2000,4685.0000,4684.0000,4683.6000,4691.4000,4691.6000,4691.8000,4692.0000,4692.2000,3,1,1,1,1,1,2,1,3,1
SF,IC2006,2019-11-11 09:30:47.500,4688.0000,9118,0,64750280.000,0,-,-,-,-,4686.0000,4685.4000,4685.2000,4685.0000,4683.6000,4691.2000,4691.4000,4691.6000,4691.8000,4692.0000,1,3,1,1,1,2,1,2,1,3
SF,IC2006,2019-11-11 09:30:48.000,4688.0000,9118,0,64750280.000,0,-,-,-,-,4686.0000,4685.4000,4685.2000,4685.0000,4683.6000,4691.2000,4691.4000,4691.6000,4691.8000,4692.0000,1,4,1,1,1,2,1,2,1,3
SF,IC2006,2019-11-11 09:30:48.500,4688.0000,9118,0,64750280.000,0,-,-,-,-,4686.2000,4686.0000,4685.4000,4685.0000,4683.6000,4691.0000,4691.2000,4691.6000,4691.8000,4692.0000,1,1,4,1,1,1,2,2,1,3
SF,IC2006,2019-11-11 09:30:49.000,4688.0000,9118,0,64750280.000,0,-,-,-,-,4686.2000,4686.0000,4685.4000,4685.0000,4683.6000,4690.8000,4691.0000,4691.2000,4691.6000,4691.8000,1,1,4,1,1,2,1,2,2,1
SF,IC2006,2019-11-11 09:30:49.500,4688.0000,9118,0,64750280.000,0,-,-,-,-,4686.4000,4686.2000,4686.0000,4685.4000,4685.0000,4690.6000,4691.8000,4692.0000,4692.2000,4693.8000,1,1,2,4,1,1,1,3,1,4
SF,IC2006,2019-11-11 09:30:50.000,4688.0000,9118,0,64750280.000,0,-,-,-,-,4686.4000,4686.2000,4686.0000,4685.4000,4685.0000,4690.6000,4692.0000,4692.2000,4693.8000,4694.4000,1,1,2,4,1,1,3,1,4,2
SF,IC2006,2019-11-11 09:30:50.500,4688.0000,9118,0,64750280.000,0,-,-,-,-,4686.6000,4686.4000,4686.2000,4686.0000,4685.4000,4690.6000,4692.0000,4692.2000,4693.8000,4694.4000,1,1,1,2,4,1,3,1,4,2
SF,IC2006,2019-11-11 09:30:51.000,4688.0000,9118,0,64750280.000,0,-,-,-,-,4686.8000,4686.6000,4686.4000,4686.2000,4686.0000,4692.0000,4692.2000,4693.8000,4694.4000,4694.8000,1,1,1,1,2,3,1,4,2,4
SF,IC2006,2019-11-11 09:30:51.500,4686.4000,9114,-4,68499640.000,4,0,4,双平,S,4686.0000,4685.4000,4685.0000,4683.6000,4683.4000,4691.8000,4692.0000,4692.2000,4693.8000,4694.4000,2,4,1,1,2,1,3,1,4,2
SF,IC2006,2019-11-11 09:30:52.000,4686.4000,9114,0,68499640.000,0,-,-,-,-,4686.2000,4686.0000,4685.4000,4685.0000,4683.6000,4691.6000,4692.0000,4692.2000,4693.8000,4694.4000,1,2,4,1,1,1,3,1,4,2
SF,IC2006,2019-11-11 09:30:52.500,4686.4000,9114,0,68499640.000,0,-,-,-,-,4686.6000,4686.2000,4686.0000,4685.4000,4685.0000,4691.6000,4692.0000,4692.2000,4693.8000,4694.4000,1,1,3,4,1,1,3,1,4,2
SF,IC2006,2019-11-11 09:30:53.000,4686.4000,9114,0,68499640.000,0,-,-,-,-,4686.8000,4686.6000,4686.2000,4686.0000,4685.8000,4691.6000,4692.0000,4692.2000,4693.8000,4694.4000,3,2,1,2,1,1,3,1,4,2
SF,IC2006,2019-11-11 09:30:54.000,4686.4000,9114,0,68499640.000,0,-,-,-,-,4687.8000,4687.0000,4686.8000,4686.6000,4686.2000,4691.4000,4691.6000,4692.0000,4692.2000,4693.8000,1,1,1,1,1,1,1,3,1,4
SF,IC2006,2019-11-11 09:30:54.500,4686.4000,9114,0,68499640.000,0,-,-,-,-,4687.8000,4686.8000,4686.2000,4686.0000,4685.8000,4691.2000,4691.4000,4692.0000,4692.2000,4693.8000,1,1,1,2,1,3,1,3,1,4
SF,IC2006,2019-11-11 09:30:55.000,4686.4000,9114,0,68499640.000,0,-,-,-,-,4686.8000,4686.2000,4686.0000,4685.8000,4685.4000,4691.2000,4691.4000,4692.0000,4692.2000,4693.8000,1,1,2,1,4,3,1,3,1,4
SF,IC2006,2019-11-11 09:30:55.500,4686.4000,9114,0,68499640.000,0,-,-,-,-,4687.2000,4686.8000,4686.0000,4685.8000,4685.4000,4691.2000,4691.4000,4692.0000,4692.2000,4693.8000,1,1,2,1,4,1,1,3,1,4
SF,IC2006,2019-11-11 09:30:56.000,4686.4000,9114,0,68499640.000,0,-,-,-,-,4687.2000,4686.8000,4686.4000,4686.0000,4685.8000,4691.2000,4691.4000,4692.0000,4692.2000,4693.8000,1,1,1,2,1,1,1,3,1,4
SF,IC2006,2019-11-11 09:30:57.000,4686.4000,9114,0,68499640.000,0,-,-,-,-,4687.4000,4687.2000,4686.8000,4686.4000,4686.0000,4691.2000,4691.4000,4692.0000,4692.2000,4693.8000,1,1,1,1,2,1,1,3,1,4
SF,IC2006,2019-11-11 09:30:57.500,4686.4000,9114,0,68499640.000,0,-,-,-,-,4687.2000,4686.8000,4686.0000,4685.8000,4685.4000,4691.2000,4691.4000,4692.0000,4692.2000,4693.8000,1,4,2,1,4,1,1,3,1,4
SF,IC2006,2019-11-11 09:30:58.000,4686.4000,9114,0,68499640.000,0,-,-,-,-,4687.8000,4686.8000,4686.0000,4685.8000,4685.4000,4691.2000,4691.4000,4692.0000,4692.2000,4693.8000,1,4,2,1,4,1,1,3,1,4
SF,IC2006,2019-11-11 09:30:58.500,4686.4000,9114,0,68499640.000,0,-,-,-,-,4687.8000,4686.8000,4686.0000,4685.8000,4685.4000,4691.0000,4691.2000,4691.4000,4692.0000,4692.2000,1,4,2,1,4,2,1,1,3,1
SF,IC2006,2019-11-11 09:30:59.000,4686.4000,9114,0,68499640.000,0,-,-,-,-,4687.8000,4686.8000,4686.0000,4685.8000,4685.4000,4690.8000,4691.0000,4691.4000,4692.0000,4692.2000,1,4,2,1,4,1,2,1,3,1
SF,IC2006,2019-11-11 09:30:59.500,4686.4000,9114,0,68499640.000,0,-,-,-,-,4686.8000,4686.0000,4685.8000,4685.4000,4685.0000,4688.8000,4690.8000,4691.0000,4691.4000,4692.0000,4,2,1,4,1,1,1,2,1,3
SF,IC2006,2019-11-11 09:31:00.000,4686.4000,9114,0,68499640.000,0,-,-,-,-,4687.2000,4686.8000,4686.0000,4685.8000,4685.4000,4688.8000,4690.8000,4691.0000,4691.4000,4692.0000,1,4,2,1,4,1,1,2,1,3
SF,IC2006,2019-11-11 09:31:00.500,4686.4000,9114,0,68499640.000,0,-,-,-,-,4687.2000,4686.8000,4686.0000,4685.8000,4685.4000,4688.8000,4690.8000,4691.0000,4692.0000,4692.2000,1,4,2,1,4,1,1,2,3,1
SF,IC2006,2019-11-11 09:31:01.500,4686.4000,9114,0,68499640.000,0,-,-,-,-,4687.2000,4686.8000,4686.0000,4685.8000,4685.4000,4688.8000,4690.8000,4691.0000,4692.0000,4692.2000,1,4,2,1,4,1,1,2,4,1
SF,IC2006,2019-11-11 09:31:02.000,4687.2000,9113,-1,69437080.000,1,0,1,双平,S,4686.8000,4686.0000,4685.8000,4685.4000,4685.0000,4688.8000,4690.8000,4691.0000,4692.0000,4692.2000,4,2,1,4,1,1,1,2,5,1
SF,IC2006,2019-11-11 09:31:02.500,4687.2000,9113,0,69437080.000,0,-,-,-,-,4686.8000,4686.0000,4685.8000,4685.4000,4685.0000,4688.8000,4690.8000,4691.0000,4692.0000,4692.2000,4,2,1,1,1,1,1,2,5,1
SF,IC2006,2019-11-11 09:31:03.000,4686.8000,9112,-1,70374440.000,1,0,1,双平,S,4686.8000,4686.0000,4685.8000,4685.4000,4685.0000,4688.8000,4690.8000,4691.0000,4692.0000,4692.2000,3,2,1,1,1,1,1,2,5,1
SF,IC2006,2019-11-11 09:31:03.500,4688.6000,9112,0,73186880.000,3,1,2,多换,S,4687.0000,4686.8000,4686.0000,4685.8000,4685.4000,4688.8000,4690.8000,4691.0000,4692.0000,4692.2000,1,1,2,1,1,1,1,2,5,1
SF,IC2006,2019-11-11 09:31:04.000,4686.8000,9114,2,75061640.000,2,2,0,双开,S,4686.0000,4685.8000,4685.4000,4685.0000,4683.6000,4687.0000,4688.6000,4688.8000,4690.8000,4691.0000,2,1,1,1,1,1,1,1,1,2
SF,IC2006,2019-11-11 09:31:05.000,4686.8000,9114,0,75061640.000,0,-,-,-,-,4686.0000,4685.8000,4685.4000,4683.6000,4683.4000,4687.0000,4688.6000,4688.8000,4690.8000,4691.0000,2,1,1,1,2,1,1,1,1,2
SF,IC2006,2019-11-11 09:31:05.500,4687.0000,9113,-1,75999040.000,1,0,1,双平,S,4686.0000,4685.4000,4683.6000,4683.4000,4681.6000,4688.6000,4688.8000,4690.8000,4691.0000,4692.0000,2,1,1,2,2,1,1,1,2,5
SF,IC2006,2019-11-11 09:31:06.000,4687.0000,9113,0,75999040.000,0,-,-,-,-,4686.0000,4685.4000,4683.6000,4683.4000,4681.6000,4688.4000,4688.6000,4688.8000,4691.0000,4692.0000,2,1,1,2,2,1,1,1,2,5
SF,IC2006,2019-11-11 09:31:06.500,4687.0000,9113,0,75999040.000,0,-,-,-,-,4686.0000,4685.4000,4683.6000,4683.4000,4681.6000,4688.2000,4688.4000,4688.6000,4688.8000,4691.0000,2,1,1,2,2,4,1,1,1,2
SF,IC2006,2019-11-11 09:31:07.000,4687.0000,9113,0,75999040.000,0,-,-,-,-,4686.0000,4685.4000,4683.6000,4683.4000,4681.6000,4688.0000,4688.2000,4688.4000,4688.6000,4688.8000,2,1,1,2,2,1,4,1,1,1
SF,IC2006,2019-11-11 09:31:07.500,4687.0000,9113,0,75999040.000,0,-,-,-,-,4686.0000,4685.4000,4683.6000,4683.4000,4681.6000,4688.0000,4688.2000,4688.4000,4688.6000,4688.8000,2,1,1,2,2,1,4,1,1,1
SF,IC2006,2019-11-11 09:31:08.000,4687.0000,9113,0,75999040.000,0,-,-,-,-,4686.0000,4685.4000,4685.0000,4683.6000,4683.4000,4688.4000,4688.6000,4688.8000,4691.0000,4692.0000,3,1,1,1,2,1,1,1,2,5
SF,IC2006,2019-11-11 09:31:08.500,4687.0000,9113,0,75999040.000,0,-,-,-,-,4686.0000,4685.4000,4685.0000,4683.6000,4683.4000,4688.2000,4688.4000,4688.6000,4688.8000,4691.0000,3,1,1,1,2,1,1,1,1,2
SF,IC2006,2019-11-11 09:31:09.000,4686.0000,9112,-1,78810640.000,3,1,2,多平,S,4685.4000,4685.0000,4683.6000,4683.4000,4681.6000,4687.4000,4688.0000,4688.2000,4688.4000,4688.6000,1,1,1,2,2,1,1,1,1,1
SF,IC2006,2019-11-11 09:31:09.500,4686.0000,9112,0,78810640.000,0,-,-,-,-,4685.4000,4685.0000,4683.6000,4683.4000,4681.6000,4686.2000,4687.4000,4688.0000,4688.4000,4688.6000,1,1,1,2,2,1,1,1,1,1
SF,IC2006,2019-11-11 09:31:10.000,4686.2000,9112,0,79747880.000,1,0,1,多换,S,4685.4000,4685.0000,4683.6000,4683.4000,4681.6000,4686.0000,4687.4000,4688.0000,4688.4000,4688.6000,1,1,1,2,2,1,1,2,1,1
SF,IC2006,2019-11-11 09:31:10.500,4685.4000,9112,0,80684960.000,1,0,1,多换,S,4685.0000,4683.6000,4683.4000,4681.6000,4681.0000,4686.0000,4687.4000,4688.0000,4688.4000,4688.6000,1,1,2,2,2,1,1,2,1,1
SF,IC2006,2019-11-11 09:31:11.000,4686.0000,9111,-1,81622160.000,1,0,1,双平,S,4685.0000,4683.6000,4683.4000,4681.6000,4681.0000,4688.0000,4688.4000,4688.6000,4688.8000,4690.4000,1,1,2,2,2,1,1,1,1,1
SF,IC2006,2019-11-11 09:31:11.500,4685.0000,9111,0,82559160.000,1,0,1,多换,S,4683.6000,4683.4000,4681.6000,4681.0000,4680.0000,4686.4000,4687.4000,4687.8000,4688.0000,4688.6000,1,2,2,2,7,1,1,9,1,1
SF,IC2006,2019-11-11 09:31:12.000,4685.0000,9111,0,82559160.000,0,-,-,-,-,4683.6000,4683.4000,4681.6000,4681.0000,4680.0000,4686.2000,4686.4000,4687.4000,4687.8000,4688.0000,1,2,2,2,7,8,1,1,6,1
SF,IC2006,2019-11-11 09:31:12.500,4685.0000,9111,0,82559160.000,0,-,-,-,-,4685.0000,4683.6000,4683.4000,4681.6000,4681.0000,4686.2000,4686.4000,4687.4000,4687.8000,4688.0000,1,1,2,2,2,8,1,1,6,1
SF,IC2006,2019-11-11 09:31:13.000,4685.0000,9110,-1,84433160.000,2,0,2,多平,S,4685.0000,4683.6000,4683.4000,4681.6000,4681.0000,4686.2000,4686.4000,4687.4000,4687.8000,4688.0000,10,1,2,2,2,7,1,1,6,1
SF,IC2006,2019-11-11 09:31:13.500,4685.0000,9111,1,88181160.000,4,2,2,空开,S,4685.0000,4683.6000,4683.4000,4681.6000,4681.0000,4686.2000,4686.4000,4687.4000,4687.8000,4688.0000,6,1,2,2,2,7,1,1,6,1
SF,IC2006,2019-11-11 09:31:14.000,4686.2000,9112,1,89118400.000,1,1,0,双开,S,4685.0000,4683.6000,4683.4000,4681.6000,4681.0000,4686.2000,4686.4000,4687.4000,4687.8000,4688.0000,6,1,2,2,2,5,1,1,6,1
SF,IC2006,2019-11-11 09:31:14.500,4686.2000,9112,0,89118400.000,0,-,-,-,-,4685.0000,4683.6000,4683.4000,4681.6000,4681.0000,4686.2000,4686.4000,4687.4000,4687.8000,4688.0000,6,1,2,2,2,5,1,1,6,1
SF,IC2006,2019-11-11 09:31:15.000,4685.0000,9115,3,93803400.000,5,4,1,空开,S,4685.0000,4683.6000,4683.4000,4681.6000,4681.0000,4686.0000,4686.4000,4687.4000,4687.8000,4688.0000,1,1,2,2,2,1,1,1,6,1
SF,IC2006,2019-11-11 09:31:15.500,4685.0000,9116,1,95677600.000,2,1,1,空开,S,4683.6000,4683.4000,4681.6000,4681.0000,4680.0000,4685.0000,4685.8000,4686.4000,4687.4000,4687.8000,1,2,2,2,7,1,1,1,1,6
SF,IC2006,2019-11-11 09:31:16.000,4685.0000,9116,0,96614600.000,1,0,1,多换,S,4683.6000,4683.4000,4681.6000,4681.0000,4680.0000,4684.8000,4685.0000,4686.4000,4687.4000,4687.8000,1,2,2,2,7,1,1,1,1,6
SF,IC2006,2019-11-11 09:31:16.500,4685.0000,9116,0,96614600.000,0,-,-,-,-,4683.6000,4683.4000,4681.6000,4681.0000,4680.0000,4685.0000,4686.4000,4687.4000,4687.8000,4688.0000,1,2,2,2,7,1,1,1,6,1
SF,IC2006,2019-11-11 09:31:17.000,4685.0000,9116,0,96614600.000,0,-,-,-,-,4683.6000,4683.4000,4681.6000,4681.0000,4680.0000,4686.4000,4687.4000,4687.8000,4688.0000,4688.6000,1,2,2,2,7,1,1,6,1,1
SF,IC2006,2019-11-11 09:31:17.500,4685.0000,9116,0,96614600.000,0,-,-,-,-,4683.6000,4683.4000,4681.6000,4681.0000,4680.0000,4686.2000,4686.4000,4687.4000,4687.8000,4688.0000,1,2,2,2,7,3,1,1,6,1
SF,IC2006,2019-11-11 09:31:18.500,4685.0000,9116,0,96614600.000,0,-,-,-,-,4683.6000,4683.4000,4681.6000,4681.0000,4680.0000,4685.0000,4686.2000,4686.4000,4687.4000,4687.8000,1,2,2,2,7,1,3,1,1,6
SF,IC2006,2019-11-11 09:31:19.000,4685.0000,9116,0,96614600.000,0,-,-,-,-,4683.6000,4683.4000,4681.6000,4681.0000,4680.0000,4684.8000,4685.0000,4686.2000,4686.4000,4687.4000,1,2,2,2,7,3,1,2,1,1
SF,IC2006,2019-11-11 09:31:20.000,4685.0000,9116,0,96614600.000,0,-,-,-,-,4683.6000,4683.4000,4681.6000,4681.0000,4680.0000,4684.8000,4685.0000,4686.2000,4686.4000,4687.4000,1,2,2,2,7,3,1,2,6,1
SF,IC2006,2019-11-11 09:31:20.500,4685.0000,9116,0,96614600.000,0,-,-,-,-,4683.6000,4683.4000,4681.6000,4681.0000,4680.0000,4684.8000,4685.0000,4686.2000,4686.4000,4687.4000,1,2,2,2,7,3,1,2,1,1
SF,IC2006,2019-11-11 09:31:21.000,4685.0000,9116,0,96614600.000,0,-,-,-,-,4683.6000,4683.4000,4681.6000,4681.0000,4680.0000,4684.8000,4685.0000,4686.2000,4686.4000,4687.4000,1,2,2,2,7,2,1,2,1,1
SF,IC2006,2019-11-11 09:31:23.000,4684.8000,9116,0,97551560.000,1,0,1,多换,S,4683.6000,4683.4000,4681.6000,4681.0000,4680.0000,4684.8000,4685.0000,4686.2000,4686.4000,4687.4000,1,2,2,2,7,1,1,2,1,1
SF,IC2006,2019-11-11 09:31:23.500,4684.8000,9116,0,97551560.000,0,-,-,-,-,4683.4000,4681.6000,4681.0000,4680.0000,4676.0000,4684.6000,4685.0000,4686.2000,4686.4000,4687.4000,2,2,2,7,1,1,1,2,1,1
SF,IC2006,2019-11-11 09:31:24.000,4684.8000,9116,0,97551560.000,0,-,-,-,-,4683.4000,4681.6000,4681.0000,4680.0000,4676.0000,4684.4000,4684.6000,4685.0000,4686.2000,4686.4000,2,2,2,7,1,1,1,1,2,1
SF,IC2006,2019-11-11 09:31:24.500,4684.4000,9115,-1,99425320.000,2,0,2,多平,S,4683.6000,4683.4000,4681.6000,4681.0000,4680.0000,4685.0000,4686.2000,4686.4000,4687.4000,4688.0000,2,2,2,2,7,1,1,1,1,1
SF,IC2006,2019-11-11 09:31:25.000,4684.4000,9115,0,99425320.000,0,-,-,-,-,4683.8000,4683.4000,4681.6000,4681.0000,4680.0000,4684.8000,4685.0000,4686.2000,4686.4000,4687.4000,1,2,2,2,7,1,1,1,1,1
SF,IC2006,2019-11-11 09:31:26.000,4687.4000,9117,2,104111280.000,5,3,2,空开,S,4683.8000,4683.4000,4681.6000,4681.0000,4680.0000,4688.0000,4688.8000,4690.4000,4692.0000,4692.2000,1,2,2,2,7,1,1,1,2,5
SF,IC2006,2019-11-11 09:31:26.500,4687.4000,9117,0,104111280.000,0,-,-,-,-,4683.8000,4683.4000,4681.6000,4681.0000,4680.0000,4687.0000,4687.8000,4688.0000,4688.8000,4690.4000,1,2,2,2,7,3,1,1,1,1
SF,IC2006,2019-11-11 09:31:27.000,4687.4000,9117,0,104111280.000,0,-,-,-,-,4683.8000,4683.4000,4681.6000,4681.0000,4680.0000,4686.8000,4687.8000,4688.0000,4688.8000,4690.4000,1,2,2,2,7,2,1,1,1,1
SF,IC2006,2019-11-11 09:31:27.500,4687.4000,9117,0,104111280.000,0,-,-,-,-,4684.0000,4683.8000,4683.4000,4681.6000,4681.0000,4686.8000,4687.8000,4688.0000,4688.8000,4690.4000,1,1,2,2,2,2,1,1,1,1
SF,IC2006,2019-11-11 09:31:28.000,4687.4000,9117,0,104111280.000,0,-,-,-,-,4684.2000,4684.0000,4683.4000,4681.6000,4681.0000,4686.8000,4687.8000,4688.0000,4688.8000,4690.4000,2,1,2,2,2,2,1,1,1,1
SF,IC2006,2019-11-11 09:31:28.500,4687.4000,9117,0,104111280.000,0,-,-,-,-,4684.2000,4684.0000,4683.4000,4681.6000,4681.0000,4686.8000,4687.8000,4688.0000,4688.8000,4690.4000,3,1,2,2,2,2,1,1,1,1
SF,IC2006,2019-11-11 09:31:29.000,4687.0000,9117,0,105048680.000,1,0,1,多换,S,4684.2000,4684.0000,4683.4000,4681.6000,4681.0000,4686.8000,4687.8000,4688.0000,4688.4000,4688.8000,2,1,2,2,2,1,1,1,1,1
SF,IC2006,2019-11-11 09:31:29.500,4687.0000,9117,0,105048680.000,0,-,-,-,-,4684.2000,4684.0000,4683.4000,4681.6000,4681.0000,4686.8000,4687.8000,4688.0000,4688.8000,4689.2000,2,1,2,2,2,1,1,1,1,1
SF,IC2006,2019-11-11 09:31:30.000,4687.0000,9117,0,105048680.000,0,-,-,-,-,4684.2000,4684.0000,4683.4000,4681.6000,4681.0000,4686.8000,4687.8000,4688.0000,4688.8000,4689.2000,2,1,2,2,2,1,1,1,1,1
SF,IC2006,2019-11-11 09:31:30.500,4687.0000,9117,0,105048680.000,0,-,-,-,-,4684.2000,4684.0000,4683.4000,4681.6000,4681.0000,4685.0000,4686.8000,4687.2000,4687.8000,4688.0000,2,1,2,2,2,1,1,1,1,1
SF,IC2006,2019-11-11 09:31:31.000,4685.0000,9116,-1,106922680.000,2,0,2,多平,S,4684.2000,4684.0000,4683.4000,4681.6000,4681.0000,4686.2000,4686.8000,4687.2000,4687.8000,4688.0000,2,1,2,2,2,1,1,1,1,1
SF,IC2006,2019-11-11 09:31:31.500,4685.0000,9116,0,106922680.000,0,-,-,-,-,4684.2000,4684.0000,4683.4000,4681.6000,4681.0000,4686.0000,4686.2000,4686.8000,4687.2000,4687.8000,2,1,2,2,2,1,1,1,1,1
SF,IC2006,2019-11-11 09:31:32.000,4686.0000,9115,-1,107859880.000,1,0,1,双平,S,4684.2000,4684.0000,4683.4000,4681.6000,4681.0000,4686.2000,4686.8000,4687.2000,4687.8000,4688.0000,2,1,2,2,2,1,1,1,1,1
SF,IC2006,2019-11-11 09:31:32.500,4686.0000,9115,0,107859880.000,0,-,-,-,-,4684.2000,4684.0000,4683.4000,4681.6000,4681.0000,4686.0000,4686.2000,4686.8000,4687.2000,4687.8000,2,1,2,2,2,1,1,1,1,1
SF,IC2006,2019-11-11 09:31:33.000,4686.0000,9114,-1,108797080.000,1,0,1,双平,S,4684.2000,4684.0000,4683.4000,4681.6000,4681.0000,4686.2000,4686.8000,4687.2000,4687.8000,4688.0000,2,1,2,2,2,1,1,1,1,1
SF,IC2006,2019-11-11 09:31:33.500,4686.2000,9112,-2,110671520.000,2,0,2,双平,S,4684.2000,4684.0000,4683.4000,4681.6000,4681.0000,4686.8000,4687.2000,4688.0000,4688.8000,4689.4000,2,1,2,2,2,1,1,1,1,1
SF,IC2006,2019-11-11 09:31:34.000,4686.2000,9112,0,110671520.000,0,-,-,-,-,4684.2000,4684.0000,4683.4000,4681.6000,4681.0000,4686.8000,4688.0000,4688.8000,4689.4000,4690.6000,2,1,2,2,2,1,1,1,1,1
SF,IC2006,2019-11-11 09:31:34.500,4686.2000,9112,0,110671520.000,0,-,-,-,-,4684.2000,4684.0000,4683.4000,4681.6000,4681.0000,4688.0000,4688.8000,4689.4000,4690.6000,4692.0000,2,1,2,2,2,1,1,1,1,2
SF,IC2006,2019-11-11 09:31:35.000,4686.2000,9112,0,110671520.000,0,-,-,-,-,4684.4000,4684.2000,4684.0000,4683.4000,4681.6000,4688.0000,4688.8000,4690.6000,4692.0000,4692.2000,1,2,1,2,2,1,1,1,2,5
SF,IC2006,2019-11-11 09:31:35.500,4686.2000,9112,0,110671520.000,0,-,-,-,-,4685.2000,4684.4000,4684.0000,4683.4000,4681.6000,4687.8000,4688.0000,4688.8000,4692.0000,4692.2000,3,1,1,2,2,1,1,1,2,5
SF,IC2006,2019-11-11 09:31:36.000,4686.2000,9112,0,110671520.000,0,-,-,-,-,4685.2000,4684.4000,4684.0000,4683.4000,4681.6000,4688.0000,4688.8000,4692.0000,4692.2000,4694.8000,3,1,1,2,2,1,1,2,5,1
SF,IC2006,2019-11-11 09:31:36.500,4686.2000,9112,0,110671520.000,0,-,-,-,-,4685.2000,4684.4000,4684.0000,4683.4000,4681.6000,4688.0000,4688.8000,4692.0000,4692.2000,4694.8000,3,1,1,2,2,1,1,2,5,1
SF,IC2006,2019-11-11 09:31:37.500,4686.2000,9112,0,110671520.000,0,-,-,-,-,4685.4000,4685.2000,4684.4000,4684.0000,4683.4000,4687.8000,4688.0000,4688.8000,4692.0000,4692.2000,1,3,1,1,2,1,1,1,2,5
SF,IC2006,2019-11-11 09:31:38.000,4686.2000,9112,0,110671520.000,0,-,-,-,-,4686.4000,4685.6000,4685.4000,4684.4000,4684.0000,4688.0000,4688.8000,4692.0000,4692.2000,4694.8000,3,2,1,1,1,1,1,2,5,1
SF,IC2006,2019-11-11 09:31:38.500,4688.0000,9112,0,111609120.000,1,0,1,多换,S,4686.4000,4685.4000,4684.4000,4684.0000,4683.4000,4688.8000,4692.0000,4692.2000,4694.8000,4695.0000,3,1,1,1,2,1,2,5,1,1
SF,IC2006,2019-11-11 09:31:39.000,4688.0000,9112,0,111609120.000,0,-,-,-,-,4686.6000,4685.4000,4684.4000,4684.0000,4683.4000,4688.6000,4688.8000,4692.0000,4692.2000,4694.8000,1,1,1,1,2,1,1,2,5,1
SF,IC2006,2019-11-11 09:31:40.000,4688.6000,9111,-1,112546840.000,1,0,1,双平,S,4686.6000,4685.4000,4684.4000,4684.0000,4683.4000,4688.8000,4692.0000,4692.2000,4694.8000,4695.0000,1,1,1,1,2,1,2,5,1,1
SF,IC2006,2019-11-11 09:31:40.500,4688.6000,9111,0,112546840.000,0,-,-,-,-,4686.6000,4685.4000,4684.4000,4684.0000,4683.4000,4688.6000,4688.8000,4692.0000,4692.2000,4694.8000,1,1,1,1,2,1,1,2,5,1
SF,IC2006,2019-11-11 09:31:41.500,4688.6000,9111,0,113484560.000,1,0,1,多换,S,4686.6000,4684.4000,4684.0000,4683.4000,4681.6000,4688.8000,4689.6000,4692.0000,4692.2000,4694.8000,1,1,1,2,2,1,1,2,5,1
SF,IC2006,2019-11-11 09:31:42.000,4688.6000,9111,0,113484560.000,0,-,-,-,-,4686.6000,4684.4000,4684.0000,4683.4000,4681.6000,4688.8000,4692.0000,4692.2000,4694.8000,4695.0000,1,1,1,2,2,1,2,5,1,1
SF,IC2006,2019-11-11 09:31:43.000,4686.6000,9111,0,114421880.000,1,0,1,多换,S,4685.8000,4684.4000,4684.0000,4683.4000,4681.6000,4686.6000,4688.8000,4689.2000,4692.0000,4692.2000,1,1,1,2,2,3,1,1,2,5
SF,IC2006,2019-11-11 09:31:43.500,4686.6000,9110,-1,116296520.000,2,0,2,多平,S,4686.0000,4685.8000,4684.4000,4684.0000,4683.4000,4686.6000,4688.8000,4692.0000,4692.2000,4694.8000,1,1,1,1,2,1,1,2,5,1
SF,IC2006,2019-11-11 09:31:44.000,4686.6000,9110,0,117233840.000,1,0,1,多换,S,4686.2000,4684.4000,4684.0000,4683.4000,4681.6000,4688.8000,4692.0000,4692.2000,4694.8000,4695.0000,1,1,1,2,2,1,2,5,1,1
SF,IC2006,2019-11-11 09:31:44.500,4686.6000,9110,0,117233840.000,0,-,-,-,-,4686.2000,4684.4000,4684.0000,4683.4000,4681.6000,4688.6000,4688.8000,4692.0000,4692.2000,4694.8000,1,1,1,2,2,1,1,2,5,1
SF,IC2006,2019-11-11 09:31:45.000,4686.6000,9110,0,117233840.000,0,-,-,-,-,4684.4000,4684.0000,4683.4000,4681.6000,4681.0000,4688.4000,4688.6000,4688.8000,4692.0000,4692.2000,1,1,2,2,2,1,1,1,2,5
SF,IC2006,2019-11-11 09:31:45.500,4686.6000,9110,0,117233840.000,0,-,-,-,-,4684.6000,4684.4000,4684.0000,4683.4000,4681.6000,4688.2000,4688.4000,4688.8000,4692.0000,4692.2000,2,1,1,2,2,2,1,1,2,5
SF,IC2006,2019-11-11 09:31:46.000,4686.6000,9110,0,117233840.000,0,-,-,-,-,4684.0000,4683.4000,4681.6000,4681.0000,4680.0000,4688.2000,4688.4000,4688.8000,4689.8000,4692.0000,1,2,2,2,7,2,1,1,1,2
SF,IC2006,2019-11-11 09:31:46.500,4686.6000,9110,0,117233840.000,0,-,-,-,-,4687.2000,4684.2000,4684.0000,4683.4000,4681.6000,4688.0000,4688.2000,4688.4000,4688.8000,4689.8000,1,1,1,3,2,1,2,1,1,1
SF,IC2006,2019-11-11 09:31:47.000,4687.2000,9110,0,118171280.000,1,0,1,多换,S,4684.0000,4683.4000,4681.6000,4681.0000,4680.0000,4686.8000,4687.2000,4687.8000,4688.0000,4688.4000,1,3,2,2,7,1,1,2,1,1
SF,IC2006,2019-11-11 09:31:47.500,4687.2000,9110,0,118171280.000,0,-,-,-,-,4684.2000,4684.0000,4683.4000,4681.6000,4681.0000,4686.6000,4686.8000,4687.2000,4688.0000,4688.8000,1,1,3,2,2,1,1,1,1,1
SF,IC2006,2019-11-11 09:31:48.000,4687.2000,9110,0,118171280.000,0,-,-,-,-,4684.2000,4684.0000,4683.4000,4681.6000,4681.0000,4686.6000,4686.8000,4688.8000,4689.8000,4692.0000,1,1,3,2,2,1,1,1,1,2
SF,IC2006,2019-11-11 09:31:48.500,4687.2000,9110,0,118171280.000,0,-,-,-,-,4684.2000,4684.0000,4683.4000,4681.6000,4681.0000,4686.4000,4686.6000,4686.8000,4688.8000,4689.8000,1,1,3,2,2,1,1,1,1,1
SF,IC2006,2019-11-11 09:31:49.000,4686.6000,9110,0,119108600.000,1,0,1,多换,S,4684.2000,4684.0000,4683.4000,4681.6000,4681.0000,4686.8000,4688.8000,4689.8000,4692.0000,4692.2000,1,1,3,2,2,1,1,1,2,5
SF,IC2006,2019-11-11 09:31:49.500,4686.6000,9110,0,119108600.000,0,-,-,-,-,4684.2000,4684.0000,4683.4000,4681.6000,4681.0000,4686.8000,4688.8000,4689.8000,4692.0000,4692.2000,1,1,3,2,2,1,1,1,2,5
SF,IC2006,2019-11-11 09:31:51.000,4686.6000,9110,0,119108600.000,0,-,-,-,-,4684.2000,4684.0000,4683.4000,4682.2000,4681.6000,4686.8000,4688.8000,4689.8000,4692.0000,4692.2000,1,1,3,1,2,1,1,1,2,5
SF,IC2006,2019-11-11 09:31:53.000,4686.6000,9110,0,119108600.000,0,-,-,-,-,4684.4000,4684.2000,4684.0000,4683.4000,4681.6000,4686.8000,4688.8000,4689.8000,4692.0000,4692.2000,1,1,1,3,2,1,1,1,2,5
SF,IC2006,2019-11-11 09:31:53.500,4686.6000,9110,0,119108600.000,0,-,-,-,-,4684.6000,4684.4000,4684.0000,4683.4000,4681.6000,4686.8000,4688.8000,4689.8000,4692.0000,4692.2000,1,1,1,3,2,1,1,1,2,5
SF,IC2006,2019-11-11 09:31:54.500,4686.6000,9110,0,119108600.000,0,-,-,-,-,4684.6000,4684.4000,4684.0000,4683.4000,4681.6000,4686.8000,4688.8000,4689.8000,4692.0000,4692.2000,1,1,1,3,2,1,1,1,2,5
SF,IC2006,2019-11-11 09:31:55.000,4686.6000,9110,0,119108600.000,0,-,-,-,-,4684.6000,4684.4000,4684.0000,4683.4000,4681.6000,4686.6000,4686.8000,4688.8000,4689.8000,4692.0000,1,1,1,3,2,1,1,1,1,2
SF,IC2006,2019-11-11 09:31:57.500,4686.6000,9110,0,119108600.000,0,-,-,-,-,4684.6000,4684.4000,4684.0000,4683.4000,4681.6000,4686.6000,4686.8000,4688.8000,4689.8000,4692.0000,1,2,1,3,2,1,1,1,1,2
SF,IC2006,2019-11-11 09:31:58.000,4686.6000,9110,0,119108600.000,0,-,-,-,-,4684.4000,4684.0000,4683.4000,4681.6000,4681.0000,4686.6000,4686.8000,4688.8000,4689.8000,4692.0000,2,1,3,2,2,1,1,1,1,2
SF,IC2006,2019-11-11 09:31:59.500,4686.6000,9110,0,119108600.000,0,-,-,-,-,4684.4000,4684.0000,4683.4000,4681.6000,4681.0000,4686.6000,4686.8000,4688.8000,4689.8000,4692.0000,2,1,3,2,2,1,1,1,1,2
SF,IC2006,2019-11-11 09:32:01.500,4684.4000,9109,-1,120982360.000,2,0,2,多平,S,4684.0000,4683.4000,4681.6000,4681.0000,4680.0000,4686.6000,4686.8000,4688.8000,4689.8000,4692.0000,1,3,2,2,7,1,1,1,1,2
SF,IC2006,2019-11-11 09:32:02.500,4683.4000,9108,-1,122855840.000,2,0,2,多平,S,4683.4000,4681.6000,4681.0000,4680.0000,4676.0000,4686.6000,4686.8000,4688.8000,4689.8000,4692.0000,2,2,2,7,1,1,1,1,1,2
SF,IC2006,2019-11-11 09:32:03.000,4686.4000,9108,0,124730400.000,2,1,1,多换,S,4683.4000,4681.6000,4681.0000,4680.0000,4676.0000,4686.6000,4686.8000,4688.8000,4689.8000,4692.0000,2,2,2,7,1,1,1,1,1,2
SF,IC2006,2019-11-11 09:32:04.000,4683.4000,9108,0,125667080.000,1,0,1,多换,S,4683.4000,4681.6000,4681.0000,4680.0000,4676.0000,4686.4000,4686.6000,4686.8000,4688.8000,4689.8000,1,2,2,7,1,1,1,1,1,1
SF,IC2006,2019-11-11 09:32:04.500,4683.4000,9108,0,126603760.000,1,0,1,多换,S,4681.6000,4681.0000,4680.0000,4676.0000,4675.2000,4685.2000,4686.4000,4686.8000,4688.8000,4689.8000,2,2,7,1,1,3,1,1,1,1
SF,IC2006,2019-11-11 09:32:05.000,4683.4000,9108,0,126603760.000,0,-,-,-,-,4681.8000,4681.6000,4681.0000,4680.0000,4676.0000,4684.4000,4685.0000,4686.0000,4686.2000,4686.4000,1,2,2,7,1,1,2,1,1,1
SF,IC2006,2019-11-11 09:32:05.500,4683.4000,9108,0,126603760.000,0,-,-,-,-,4681.8000,4681.6000,4681.0000,4680.0000,4676.0000,4684.4000,4686.0000,4686.2000,4686.4000,4686.8000,1,2,2,7,1,1,1,1,1,1
SF,IC2006,2019-11-11 09:32:06.000,4683.4000,9108,0,126603760.000,0,-,-,-,-,4681.8000,4681.6000,4681.0000,4680.0000,4676.0000,4684.2000,4684.4000,4686.0000,4686.2000,4686.4000,1,2,2,7,1,1,1,1,1,1
SF,IC2006,2019-11-11 09:32:06.500,4683.4000,9108,0,126603760.000,0,-,-,-,-,4681.6000,4681.0000,4680.0000,4676.0000,4675.2000,4684.2000,4684.4000,4686.0000,4686.2000,4686.4000,2,2,7,1,1,1,1,1,1,1
SF,IC2006,2019-11-11 09:32:08.000,4683.4000,9108,0,126603760.000,0,-,-,-,-,4681.6000,4681.0000,4680.0000,4676.0000,4671.0000,4684.2000,4684.4000,4686.0000,4686.2000,4686.8000,2,2,7,1,1,1,1,1,1,1
SF,IC2006,2019-11-11 09:32:08.500,4683.4000,9108,0,126603760.000,0,-,-,-,-,4681.6000,4681.0000,4680.0000,4676.0000,4671.0000,4684.0000,4684.2000,4684.4000,4686.0000,4686.2000,2,2,7,1,1,1,1,1,1,1
SF,IC2006,2019-11-11 09:32:09.000,4683.4000,9108,0,126603760.000,0,-,-,-,-,4681.6000,4681.0000,4680.0000,4676.0000,4671.0000,4683.8000,4684.0000,4684.4000,4686.0000,4686.2000,2,2,7,1,1,3,1,1,1,1
SF,IC2006,2019-11-11 09:32:09.500,4681.6000,9109,1,128476400.000,2,1,1,空开,S,4681.0000,4680.0000,4676.0000,4671.0000,4670.0000,4683.6000,4683.8000,4684.4000,4686.8000,4688.8000,2,7,1,1,1,1,3,1,1,1
SF,IC2006,2019-11-11 09:32:10.000,4681.6000,9109,0,128476400.000,0,-,-,-,-,4681.0000,4680.0000,4676.0000,4671.0000,4670.0000,4683.4000,4683.6000,4683.8000,4684.4000,4686.8000,2,7,1,1,1,2,1,1,1,1
SF,IC2006,2019-11-11 09:32:11.000,4681.6000,9109,0,128476400.000,0,-,-,-,-,4681.0000,4680.0000,4676.0000,4671.0000,4670.0000,4683.4000,4683.6000,4684.4000,4686.8000,4688.8000,2,7,1,1,1,2,1,1,1,1
SF,IC2006,2019-11-11 09:32:13.000,4681.0000,9109,0,130348800.000,2,1,1,多换,S,4680.0000,4676.0000,4671.0000,4670.0000,4669.0000,4683.4000,4686.8000,4688.8000,4692.0000,4692.2000,7,1,1,1,5,2,1,1,2,5
SF,IC2006,2019-11-11 09:32:14.000,4681.0000,9109,0,130348800.000,0,-,-,-,-,4680.0000,4676.0000,4671.0000,4670.0000,4669.0000,4683.0000,4683.4000,4686.8000,4688.8000,4692.0000,7,1,1,1,5,1,2,1,1,2
SF,IC2006,2019-11-11 09:32:14.500,4681.0000,9109,0,130348800.000,0,-,-,-,-,4680.0000,4676.0000,4671.0000,4670.0000,4669.0000,4682.8000,4683.0000,4683.4000,4686.8000,4688.8000,7,1,1,1,5,3,1,1,1,1
SF,IC2006,2019-11-11 09:32:15.500,4680.0000,9112,3,134092800.000,4,3,1,空开,S,4680.0000,4676.0000,4671.0000,4670.0000,4669.0000,4682.8000,4683.0000,4686.8000,4688.8000,4692.0000,3,1,1,1,5,3,1,1,1,2
SF,IC2006,2019-11-11 09:32:16.000,4680.0000,9113,1,135964800.000,2,1,1,空开,S,4680.0000,4676.0000,4671.0000,4670.0000,4669.0000,4682.8000,4683.0000,4686.8000,4688.8000,4692.0000,4,1,1,1,5,3,1,1,1,2
SF,IC2006,2019-11-11 09:32:16.500,4680.0000,9113,0,137836800.000,2,1,1,多换,S,4680.0000,4676.0000,4671.0000,4670.0000,4669.0000,4682.8000,4686.8000,4688.8000,4692.0000,4692.2000,2,1,1,1,5,3,1,1,2,5
SF,IC2006,2019-11-11 09:32:17.000,4680.0000,9114,1,138772800.000,1,1,0,双开,S,4680.0000,4676.0000,4671.0000,4670.0000,4669.0000,4682.8000,4686.8000,4688.8000,4692.0000,4692.2000,1,1,1,1,5,3,1,1,2,5
SF,IC2006,2019-11-11 09:32:18.500,4680.0000,9114,0,139708800.000,1,0,1,多换,S,4676.0000,4671.0000,4670.0000,4669.0000,4666.6000,4682.8000,4686.8000,4688.8000,4692.0000,4692.2000,1,1,1,5,4,3,1,1,2,5
SF,IC2006,2019-11-11 09:32:19.000,4680.0000,9114,0,139708800.000,0,-,-,-,-,4678.2000,4676.2000,4676.0000,4671.0000,4670.0000,4682.6000,4686.8000,4688.8000,4692.0000,4692.2000,3,1,1,1,1,2,1,1,2,5
SF,IC2006,2019-11-11 09:32:19.500,4680.0000,9114,0,139708800.000,0,-,-,-,-,4678.2000,4676.2000,4676.0000,4671.0000,4670.0000,4682.6000,4686.8000,4688.8000,4692.0000,4692.2000,3,1,1,1,1,2,1,1,2,5
SF,IC2006,2019-11-11 09:32:20.000,4680.0000,9114,0,139708800.000,0,-,-,-,-,4678.4000,4676.0000,4671.0000,4670.0000,4669.0000,4682.6000,4686.8000,4688.8000,4692.0000,4692.2000,2,1,1,1,5,2,1,1,2,5
SF,IC2006,2019-11-11 09:32:20.500,4680.0000,9114,0,139708800.000,0,-,-,-,-,4678.4000,4676.0000,4671.0000,4670.0000,4669.0000,4682.0000,4682.6000,4686.8000,4688.8000,4692.0000,2,1,1,1,5,1,2,1,1,2
SF,IC2006,2019-11-11 09:32:21.000,4680.0000,9114,0,139708800.000,0,-,-,-,-,4678.4000,4676.0000,4671.0000,4670.0000,4669.0000,4682.0000,4682.6000,4686.8000,4688.8000,4692.0000,1,1,1,1,5,1,1,1,1,2
SF,IC2006,2019-11-11 09:32:21.500,4680.0000,9114,0,139708800.000,0,-,-,-,-,4678.4000,4676.0000,4671.0000,4670.0000,4669.0000,4682.6000,4686.8000,4688.8000,4692.0000,4692.2000,1,1,1,1,5,1,1,1,2,5
SF,IC2006,2019-11-11 09:32:22.000,4680.0000,9114,0,139708800.000,0,-,-,-,-,4678.4000,4676.0000,4671.0000,4670.2000,4670.0000,4680.4000,4682.4000,4682.6000,4686.8000,4688.8000,1,1,1,1,1,1,1,1,1,1
SF,IC2006,2019-11-11 09:32:22.500,4680.0000,9114,0,139708800.000,0,-,-,-,-,4678.4000,4676.0000,4671.0000,4670.2000,4670.0000,4680.4000,4682.6000,4686.8000,4688.8000,4692.0000,1,1,1,1,1,1,1,1,1,2
SF,IC2006,2019-11-11 09:32:23.000,4680.0000,9114,0,139708800.000,0,-,-,-,-,4678.4000,4676.0000,4671.0000,4670.2000,4670.0000,4680.4000,4682.6000,4686.8000,4688.8000,4692.0000,1,1,1,1,1,1,1,1,1,2
SF,IC2006,2019-11-11 09:32:23.500,4680.4000,9114,0,140644880.000,1,0,1,多换,S,4678.4000,4676.0000,4671.0000,4670.2000,4670.0000,4682.6000,4686.8000,4688.8000,4692.0000,4692.2000,1,1,1,1,1,1,1,1,2,5
SF,IC2006,2019-11-11 09:32:24.000,4680.4000,9114,0,140644880.000,0,-,-,-,-,4678.4000,4676.0000,4671.0000,4670.2000,4670.0000,4682.4000,4682.6000,4686.8000,4688.8000,4692.0000,1,1,1,1,1,2,1,1,1,2
SF,IC2006,2019-11-11 09:32:24.500,4680.4000,9114,0,140644880.000,0,-,-,-,-,4678.4000,4676.0000,4672.0000,4671.0000,4670.2000,4682.4000,4682.6000,4686.8000,4688.8000,4692.0000,1,1,1,1,1,2,1,1,1,2
SF,IC2006,2019-11-11 09:32:25.000,4680.4000,9114,0,140644880.000,0,-,-,-,-,4678.4000,4676.0000,4672.0000,4671.0000,4670.2000,4681.4000,4682.0000,4682.4000,4682.6000,4686.8000,1,1,1,1,1,1,1,2,1,1
SF,IC2006,2019-11-11 09:32:25.500,4680.4000,9114,0,140644880.000,0,-,-,-,-,4678.4000,4676.0000,4672.0000,4671.0000,4670.2000,4681.4000,4682.0000,4682.6000,4686.8000,4688.8000,1,1,1,1,1,1,1,1,1,1
SF,IC2006,2019-11-11 09:32:26.000,4680.4000,9114,0,140644880.000,0,-,-,-,-,4678.4000,4676.0000,4672.0000,4671.0000,4670.2000,4681.4000,4682.6000,4686.8000,4688.8000,4692.0000,1,1,1,1,1,1,1,1,1,2
SF,IC2006,2019-11-11 09:32:26.500,4680.4000,9114,0,140644880.000,0,-,-,-,-,4678.4000,4676.0000,4672.0000,4671.0000,4670.2000,4682.6000,4686.8000,4688.8000,4692.0000,4692.2000,1,1,1,1,1,1,1,1,2,5
SF,IC2006,2019-11-11 09:32:27.000,4680.4000,9114,0,140644880.000,0,-,-,-,-,4678.4000,4676.0000,4672.0000,4671.0000,4670.2000,4682.4000,4682.6000,4686.8000,4688.8000,4692.0000,1,1,1,1,1,1,1,1,1,2
SF,IC2006,2019-11-11 09:32:27.500,4680.4000,9114,0,140644880.000,0,-,-,-,-,4678.4000,4676.0000,4672.0000,4671.0000,4670.2000,4681.8000,4682.4000,4682.6000,4686.8000,4688.8000,1,1,1,1,1,1,1,1,1,1
SF,IC2006,2019-11-11 09:32:28.000,4678.4000,9113,-1,141580560.000,1,0,1,双平,S,4678.6000,4676.0000,4672.0000,4671.0000,4670.2000,4681.8000,4682.4000,4682.6000,4686.8000,4688.8000,1,1,1,1,1,1,1,1,1,1
SF,IC2006,2019-11-11 09:32:28.500,4678.4000,9112,-1,142516240.000,1,0,1,双平,S,4677.8000,4676.0000,4672.0000,4671.0000,4670.2000,4681.6000,4681.8000,4686.8000,4688.8000,4692.0000,1,1,1,1,1,2,1,1,1,2
SF,IC2006,2019-11-11 09:32:29.500,4678.4000,9112,0,142516240.000,0,-,-,-,-,4677.8000,4676.0000,4672.0000,4671.0000,4670.2000,4681.0000,4681.6000,4686.8000,4688.8000,4692.0000,1,1,1,1,1,1,1,1,1,2
SF,IC2006,2019-11-11 09:32:30.000,4678.4000,9112,0,142516240.000,0,-,-,-,-,4677.8000,4676.0000,4672.0000,4671.0000,4670.2000,4681.0000,4686.8000,4688.8000,4692.0000,4692.2000,1,1,1,1,1,1,1,1,2,5
SF,IC2006,2019-11-11 09:32:30.500,4678.4000,9112,0,142516240.000,0,-,-,-,-,4678.0000,4677.8000,4676.0000,4672.0000,4671.0000,4681.0000,4686.8000,4688.8000,4692.0000,4692.2000,1,1,1,1,1,1,1,1,2,5
SF,IC2006,2019-11-11 09:32:31.000,4678.4000,9112,0,142516240.000,0,-,-,-,-,4678.2000,4678.0000,4676.0000,4672.0000,4671.0000,4681.0000,4686.8000,4688.8000,4692.0000,4692.2000,2,1,1,1,1,1,1,1,2,5
SF,IC2006,2019-11-11 09:32:31.500,4678.4000,9112,0,142516240.000,0,-,-,-,-,4678.2000,4678.0000,4676.0000,4672.0000,4671.0000,4681.0000,4686.8000,4688.8000,4692.0000,4692.2000,2,1,1,1,1,1,1,1,2,5
SF,IC2006,2019-11-11 09:32:32.000,4678.4000,9112,0,142516240.000,0,-,-,-,-,4678.2000,4678.0000,4676.0000,4672.0000,4671.0000,4681.0000,4686.8000,4688.8000,4692.0000,4692.2000,3,1,1,1,1,1,1,1,2,5
SF,IC2006,2019-11-11 09:32:32.500,4678.4000,9112,0,142516240.000,0,-,-,-,-,4678.2000,4678.0000,4676.0000,4672.0000,4671.0000,4681.0000,4686.8000,4688.8000,4692.0000,4692.2000,3,1,1,1,1,1,1,1,2,5
SF,IC2006,2019-11-11 09:32:33.000,4678.4000,9112,0,142516240.000,0,-,-,-,-,4678.2000,4678.0000,4676.0000,4672.0000,4671.0000,4681.0000,4686.8000,4688.8000,4692.0000,4692.2000,3,1,1,1,1,1,1,1,2,5
SF,IC2006,2019-11-11 09:32:33.500,4678.4000,9112,0,142516240.000,0,-,-,-,-,4678.2000,4678.0000,4676.0000,4672.0000,4671.0000,4686.8000,4688.8000,4692.0000,4692.2000,4694.8000,3,1,1,1,1,1,1,2,5,1
SF,IC2006,2019-11-11 09:32:34.000,4678.4000,9112,0,142516240.000,0,-,-,-,-,4678.4000,4678.2000,4676.0000,4672.0000,4671.0000,4683.4000,4686.2000,4686.8000,4688.8000,4692.0000,1,3,1,1,1,3,2,1,1,2
SF,IC2006,2019-11-11 09:32:34.500,4678.4000,9112,0,142516240.000,0,-,-,-,-,4678.6000,4678.4000,4678.2000,4676.0000,4672.0000,4682.4000,4683.4000,4686.2000,4686.8000,4688.8000,2,1,1,1,1,1,3,2,1,1
SF,IC2006,2019-11-11 09:32:35.000,4678.4000,9112,0,142516240.000,0,-,-,-,-,4678.6000,4678.2000,4676.0000,4672.0000,4671.0000,4682.2000,4682.4000,4686.2000,4686.8000,4688.8000,2,1,1,1,1,1,1,2,1,1
SF,IC2006,2019-11-11 09:32:35.500,4678.4000,9112,0,142516240.000,0,-,-,-,-,4678.6000,4678.2000,4676.0000,4672.0000,4671.0000,4682.2000,4682.4000,4686.2000,4686.8000,4688.8000,2,1,1,1,1,2,1,2,1,1
SF,IC2006,2019-11-11 09:32:36.000,4678.4000,9112,0,142516240.000,0,-,-,-,-,4678.6000,4678.2000,4676.0000,4672.0000,4671.0000,4681.8000,4682.2000,4686.2000,4686.8000,4688.8000,2,1,1,1,1,1,2,2,1,1
SF,IC2006,2019-11-11 09:32:36.500,4678.4000,9112,0,142516240.000,0,-,-,-,-,4678.6000,4678.2000,4676.0000,4672.0000,4671.0000,4681.8000,4686.2000,4686.8000,4688.8000,4692.0000,2,1,1,1,1,1,2,1,1,2
SF,IC2006,2019-11-11 09:32:37.000,4678.4000,9112,0,142516240.000,0,-,-,-,-,4678.6000,4678.2000,4676.0000,4672.0000,4671.0000,4681.8000,4686.2000,4686.8000,4688.8000,4692.0000,2,1,1,1,1,1,2,1,1,2
SF,IC2006,2019-11-11 09:32:37.500,4678.4000,9112,0,142516240.000,0,-,-,-,-,4678.8000,4678.6000,4678.2000,4676.0000,4672.0000,4686.2000,4686.8000,4688.8000,4692.0000,4692.2000,1,2,1,1,1,2,1,1,2,5
SF,IC2006,2019-11-11 09:32:38.000,4678.4000,9112,0,142516240.000,0,-,-,-,-,4679.0000,4678.8000,4678.2000,4676.0000,4672.0000,4684.0000,4686.2000,4686.8000,4688.8000,4692.0000,3,1,1,1,1,3,2,1,1,2
SF,IC2006,2019-11-11 09:32:38.500,4678.4000,9112,0,142516240.000,0,-,-,-,-,4679.0000,4678.8000,4678.2000,4676.0000,4672.0000,4683.2000,4684.0000,4686.2000,4686.8000,4688.8000,3,1,1,1,1,1,3,2,1,1
SF,IC2006,2019-11-11 09:32:39.000,4678.4000,9112,0,142516240.000,0,-,-,-,-,4679.0000,4678.8000,4678.2000,4676.0000,4672.0000,4683.0000,4683.2000,4686.2000,4686.8000,4688.8000,3,1,1,1,1,1,1,2,1,1
SF,IC2006,2019-11-11 09:32:39.500,4678.4000,9112,0,142516240.000,0,-,-,-,-,4679.0000,4678.2000,4676.0000,4672.0000,4671.0000,4683.0000,4683.2000,4686.2000,4686.8000,4688.8000,2,1,1,1,1,1,1,2,1,1
SF,IC2006,2019-11-11 09:32:40.000,4678.4000,9112,0,142516240.000,0,-,-,-,-,4679.0000,4678.2000,4676.0000,4672.0000,4671.0000,4682.4000,4683.0000,4686.2000,4686.8000,4688.8000,2,1,1,1,1,1,1,2,1,1
SF,IC2006,2019-11-11 09:32:40.500,4678.4000,9112,0,142516240.000,0,-,-,-,-,4679.0000,4678.2000,4676.0000,4672.0000,4671.0000,4682.2000,4682.4000,4686.2000,4686.8000,4688.8000,2,1,1,1,1,1,1,2,1,1
SF,IC2006,2019-11-11 09:32:41.000,4678.4000,9112,0,142516240.000,0,-,-,-,-,4679.0000,4678.2000,4676.6000,4676.0000,4672.0000,4682.4000,4686.2000,4686.8000,4688.8000,4692.0000,2,1,1,1,1,1,2,1,1,2
SF,IC2006,2019-11-11 09:32:41.500,4678.4000,9112,0,142516240.000,0,-,-,-,-,4679.2000,4679.0000,4678.2000,4676.6000,4676.0000,4682.4000,4686.2000,4686.8000,4688.8000,4692.0000,1,2,1,1,1,1,2,1,1,2
SF,IC2006,2019-11-11 09:32:42.000,4682.2000,9111,-1,143452680.000,1,0,1,双平,S,4679.4000,4679.2000,4678.2000,4676.6000,4676.0000,4682.4000,4683.8000,4686.2000,4686.8000,4688.8000,1,1,1,1,1,1,1,2,1,1
SF,IC2006,2019-11-11 09:32:42.500,4682.2000,9111,0,143452680.000,0,-,-,-,-,4679.4000,4678.2000,4676.6000,4676.0000,4672.0000,4682.4000,4686.2000,4686.8000,4688.8000,4692.0000,1,1,1,1,1,1,2,1,1,2
SF,IC2006,2019-11-11 09:32:43.000,4682.2000,9111,0,143452680.000,0,-,-,-,-,4679.4000,4679.2000,4678.2000,4676.6000,4676.0000,4682.4000,4686.2000,4686.8000,4688.8000,4692.0000,1,1,1,1,1,1,2,1,1,2
SF,IC2006,2019-11-11 09:32:43.500,4682.2000,9111,0,143452680.000,0,-,-,-,-,4679.4000,4679.2000,4678.2000,4676.6000,4676.0000,4682.2000,4682.4000,4686.2000,4686.8000,4688.8000,1,1,1,1,1,1,1,2,1,1
SF,IC2006,2019-11-11 09:32:44.000,4682.2000,9111,0,143452680.000,0,-,-,-,-,4679.4000,4679.2000,4678.2000,4676.6000,4676.0000,4682.2000,4682.4000,4686.2000,4686.8000,4688.8000,1,1,1,1,1,1,1,2,1,1
SF,IC2006,2019-11-11 09:32:44.500,4682.2000,9111,0,143452680.000,0,-,-,-,-,4679.4000,4679.2000,4678.2000,4676.6000,4676.0000,4686.2000,4686.8000,4688.8000,4692.0000,4692.2000,1,1,1,1,1,2,1,1,2,5
SF,IC2006,2019-11-11 09:32:45.000,4682.2000,9111,0,143452680.000,0,-,-,-,-,4679.6000,4679.4000,4679.2000,4678.2000,4676.6000,4684.8000,4686.2000,4686.8000,4688.8000,4692.0000,1,1,1,1,1,3,2,1,1,2
SF,IC2006,2019-11-11 09:32:45.500,4682.2000,9111,0,143452680.000,0,-,-,-,-,4679.8000,4679.6000,4679.2000,4678.2000,4676.6000,4683.0000,4684.8000,4686.2000,4686.8000,4688.8000,2,1,1,1,1,1,3,2,1,1
SF,IC2006,2019-11-11 09:32:46.000,4682.2000,9111,0,143452680.000,0,-,-,-,-,4679.8000,4679.2000,4678.2000,4676.6000,4676.0000,4683.0000,4683.6000,4686.8000,4688.8000,4692.0000,2,1,1,1,1,1,1,1,1,2
SF,IC2006,2019-11-11 09:32:46.500,4682.2000,9111,0,143452680.000,0,-,-,-,-,4679.8000,4679.2000,4678.2000,4676.6000,4676.0000,4683.0000,4683.6000,4686.8000,4688.8000,4692.0000,2,1,1,1,1,1,1,1,1,2
SF,IC2006,2019-11-11 09:32:47.000,4682.2000,9111,0,143452680.000,0,-,-,-,-,4680.0000,4679.8000,4679.2000,4678.2000,4676.6000,4683.0000,4683.6000,4686.8000,4688.8000,4692.0000,1,2,1,1,1,1,1,1,1,2
SF,IC2006,2019-11-11 09:32:47.500,4682.2000,9111,0,143452680.000,0,-,-,-,-,4680.2000,4680.0000,4679.2000,4678.2000,4676.6000,4683.0000,4683.6000,4686.8000,4688.8000,4692.0000,2,1,1,1,1,1,1,1,1,2
SF,IC2006,2019-11-11 09:32:48.000,4682.2000,9111,0,143452680.000,0,-,-,-,-,4680.2000,4680.0000,4679.2000,4678.2000,4676.6000,4683.0000,4683.6000,4686.8000,4688.8000,4692.0000,2,2,1,1,1,1,1,1,1,2
SF,IC2006,2019-11-11 09:32:48.500,4682.2000,9111,0,143452680.000,0,-,-,-,-,4680.2000,4680.0000,4679.2000,4678.2000,4676.6000,4683.0000,4683.6000,4686.8000,4688.8000,4692.0000,2,2,1,1,1,1,1,1,1,2
SF,IC2006,2019-11-11 09:32:49.000,4682.2000,9111,0,143452680.000,0,-,-,-,-,4680.2000,4680.0000,4679.2000,4678.2000,4676.6000,4683.0000,4683.6000,4686.8000,4688.8000,4692.0000,2,2,1,1,1,1,1,1,1,2
SF,IC2006,2019-11-11 09:32:49.500,4682.2000,9111,0,143452680.000,0,-,-,-,-,4680.2000,4680.0000,4679.2000,4678.2000,4676.6000,4683.0000,4683.6000,4686.8000,4688.8000,4692.0000,2,2,1,1,1,1,1,1,1,2
SF,IC2006,2019-11-11 09:32:50.000,4680.2000,9109,-2,147196920.000,4,1,3,多平,S,4680.0000,4679.2000,4678.2000,4676.6000,4676.0000,4680.2000,4683.0000,4683.6000,4686.8000,4688.8000,2,2,1,1,1,1,1,1,1,1
SF,IC2006,2019-11-11 09:32:50.500,4680.2000,9109,0,149069000.000,2,1,1,多换,S,4681.0000,4680.2000,4680.0000,4679.2000,4678.2000,4683.6000,4686.8000,4688.8000,4692.0000,4692.2000,4,1,2,1,1,1,1,1,2,5
SF,IC2006,2019-11-11 09:32:51.000,4680.2000,9109,0,149069000.000,0,-,-,-,-,4681.0000,4680.2000,4680.0000,4679.2000,4678.2000,4683.4000,4686.8000,4688.8000,4692.0000,4692.2000,4,1,2,1,1,3,1,1,2,5
SF,IC2006,2019-11-11 09:32:52.000,4680.2000,9109,0,149069000.000,0,-,-,-,-,4681.0000,4680.2000,4680.0000,4679.2000,4678.2000,4683.0000,4683.4000,4686.8000,4688.8000,4692.0000,4,1,2,1,1,1,3,1,1,2
SF,IC2006,2019-11-11 09:32:52.500,4681.0000,9111,2,152813800.000,4,3,1,空开,S,4680.2000,4680.0000,4679.2000,4678.2000,4676.6000,4681.0000,4682.8000,4683.0000,4686.8000,4688.8000,1,2,1,1,1,2,2,1,1,1
SF,IC2006,2019-11-11 09:32:53.000,4681.0000,9110,-1,154686200.000,2,0,2,多平,S,4680.2000,4680.0000,4679.2000,4678.2000,4676.6000,4683.0000,4686.8000,4688.8000,4692.0000,4692.2000,1,2,1,1,1,1,1,1,2,5
SF,IC2006,2019-11-11 09:32:53.500,4681.0000,9110,0,154686200.000,0,-,-,-,-,4680.2000,4680.0000,4679.2000,4678.2000,4676.6000,4682.8000,4683.0000,4686.8000,4688.8000,4692.0000,1,2,1,1,1,2,1,1,1,2
SF,IC2006,2019-11-11 09:32:55.000,4681.0000,9110,0,154686200.000,0,-,-,-,-,4680.2000,4680.0000,4679.2000,4678.2000,4676.6000,4682.8000,4686.8000,4688.8000,4692.0000,4692.2000,1,2,1,1,1,2,1,1,2,5
SF,IC2006,2019-11-11 09:32:55.500,4682.8000,9109,-1,155622760.000,1,0,1,双平,S,4680.2000,4680.0000,4679.2000,4678.2000,4676.6000,4682.8000,4686.8000,4688.8000,4692.0000,4692.2000,1,2,1,1,1,1,1,1,2,5
SF,IC2006,2019-11-11 09:32:56.000,4682.8000,9109,0,155622760.000,0,-,-,-,-,4680.4000,4680.2000,4680.0000,4679.2000,4678.2000,4682.6000,4686.8000,4688.8000,4692.0000,4692.2000,1,1,2,1,1,1,1,1,2,5
SF,IC2006,2019-11-11 09:32:56.500,4682.8000,9109,0,155622760.000,0,-,-,-,-,4680.4000,4680.2000,4680.0000,4679.2000,4678.2000,4682.6000,4686.8000,4688.8000,4692.0000,4692.2000,1,1,2,1,1,1,1,1,2,5
SF,IC2006,2019-11-11 09:32:57.000,4682.8000,9109,0,155622760.000,0,-,-,-,-,4680.2000,4680.0000,4679.2000,4678.2000,4676.6000,4682.6000,4686.8000,4688.8000,4692.0000,4692.2000,1,2,1,1,1,1,1,1,2,5
SF,IC2006,2019-11-11 09:32:57.500,4682.8000,9109,0,155622760.000,0,-,-,-,-,4680.0000,4679.2000,4678.2000,4676.6000,4676.0000,4682.4000,4682.6000,4686.8000,4688.8000,4692.0000,2,1,1,1,1,1,1,1,1,2
SF,IC2006,2019-11-11 09:32:58.000,4682.8000,9109,0,155622760.000,0,-,-,-,-,4680.0000,4679.2000,4678.2000,4676.6000,4676.0000,4682.2000,4682.4000,4686.8000,4688.8000,4692.0000,2,1,1,1,1,2,1,1,1,2
SF,IC2006,2019-11-11 09:32:58.500,4682.8000,9109,0,155622760.000,0,-,-,-,-,4680.0000,4679.2000,4678.2000,4676.6000,4676.0000,4682.2000,4682.4000,4686.8000,4688.8000,4692.0000,2,1,1,1,1,2,1,1,1,2
SF,IC2006,2019-11-11 09:32:59.000,4682.8000,9109,0,155622760.000,0,-,-,-,-,4680.0000,4679.2000,4678.2000,4676.6000,4676.0000,4682.2000,4686.8000,4688.8000,4692.0000,4692.2000,2,1,1,1,1,2,1,1,2,5
SF,IC2006,2019-11-11 09:32:59.500,4682.8000,9109,0,155622760.000,0,-,-,-,-,4680.0000,4679.2000,4678.2000,4676.6000,4676.0000,4682.2000,4686.8000,4692.0000,4692.2000,4694.8000,2,1,1,1,1,3,1,2,5,1
SF,IC2006,2019-11-11 09:33:00.000,4682.8000,9109,0,155622760.000,0,-,-,-,-,4680.0000,4679.2000,4678.2000,4676.6000,4676.0000,4681.8000,4682.2000,4686.8000,4692.0000,4692.2000,2,1,1,1,1,1,3,1,2,5
SF,IC2006,2019-11-11 09:33:00.500,4682.8000,9109,0,155622760.000,0,-,-,-,-,4680.0000,4679.2000,4678.2000,4676.6000,4676.0000,4681.6000,4681.8000,4682.2000,4683.0000,4686.8000,2,1,1,1,1,2,1,1,1,1
SF,IC2006,2019-11-11 09:33:01.000,4682.8000,9109,0,155622760.000,0,-,-,-,-,4680.0000,4679.2000,4678.2000,4676.6000,4676.0000,4681.6000,4681.8000,4682.2000,4683.0000,4686.8000,2,1,1,1,1,2,1,1,1,1
SF,IC2006,2019-11-11 09:33:02.500,4680.0000,9109,0,157494760.000,2,1,1,多换,S,4679.2000,4678.2000,4676.6000,4676.0000,4672.0000,4681.6000,4681.8000,4682.2000,4683.0000,4686.8000,1,1,1,1,1,2,1,1,1,1
SF,IC2006,2019-11-11 09:33:03.000,4680.0000,9109,0,157494760.000,0,-,-,-,-,4679.2000,4678.2000,4676.0000,4672.0000,4671.0000,4679.8000,4681.6000,4681.8000,4682.2000,4683.0000,1,1,1,1,1,1,2,1,1,1
SF,IC2006,2019-11-11 09:33:03.500,4679.8000,9108,-1,158430720.000,1,0,1,双平,S,4679.2000,4678.2000,4676.0000,4672.0000,4671.0000,4682.2000,4683.0000,4686.8000,4692.0000,4692.2000,1,1,1,1,1,1,1,1,2,5
SF,IC2006,2019-11-11 09:33:04.000,4679.8000,9108,0,158430720.000,0,-,-,-,-,4679.2000,4678.2000,4676.0000,4672.0000,4671.0000,4681.8000,4682.2000,4683.0000,4686.8000,4692.0000,1,1,1,1,1,3,1,1,1,2
SF,IC2006,2019-11-11 09:33:04.500,4679.8000,9108,0,158430720.000,0,-,-,-,-,4679.2000,4678.2000,4676.0000,4672.0000,4671.0000,4681.8000,4682.2000,4683.0000,4686.8000,4692.0000,1,1,1,1,1,3,1,1,1,2
SF,IC2006,2019-11-11 09:33:05.000,4679.8000,9108,0,158430720.000,0,-,-,-,-,4679.2000,4678.2000,4676.0000,4672.0000,4671.0000,4681.8000,4682.2000,4683.0000,4686.8000,4692.0000,1,1,1,1,1,3,1,1,1,2
SF,IC2006,2019-11-11 09:33:05.500,4679.8000,9108,0,158430720.000,0,-,-,-,-,4679.2000,4678.2000,4676.0000,4672.0000,4671.0000,4681.8000,4682.2000,4683.0000,4686.8000,4692.0000,1,1,1,1,1,3,1,1,1,2
SF,IC2006,2019-11-11 09:33:06.000,4679.8000,9108,0,158430720.000,0,-,-,-,-,4679.2000,4678.2000,4676.0000,4672.0000,4671.0000,4681.8000,4682.2000,4683.0000,4686.8000,4692.0000,1,1,1,1,1,3,1,1,1,2
SF,IC2006,2019-11-11 09:33:06.500,4679.8000,9108,0,158430720.000,0,-,-,-,-,4679.2000,4678.2000,4676.0000,4672.0000,4671.0000,4681.2000,4681.8000,4683.0000,4686.8000,4692.0000,1,1,1,1,1,1,3,1,1,2
SF,IC2006,2019-11-11 09:33:07.000,4679.8000,9108,0,158430720.000,0,-,-,-,-,4679.2000,4678.2000,4676.0000,4672.4000,4672.0000,4681.0000,4681.2000,4683.0000,4686.8000,4692.0000,1,1,1,1,1,2,1,1,1,2
SF,IC2006,2019-11-11 09:33:07.500,4679.2000,9108,0,159366560.000,1,0,1,多换,S,4678.2000,4676.0000,4672.4000,4672.0000,4671.0000,4681.0000,4681.2000,4683.0000,4686.8000,4692.0000,1,1,1,1,1,2,1,1,1,2
SF,IC2006,2019-11-11 09:33:08.000,4679.2000,9108,0,159366560.000,0,-,-,-,-,4678.2000,4676.0000,4672.4000,4672.0000,4671.0000,4681.0000,4681.2000,4683.0000,4686.8000,4692.0000,1,1,1,1,1,2,1,1,1,2
SF,IC2006,2019-11-11 09:33:12.500,4679.2000,9108,0,159366560.000,0,-,-,-,-,4680.0000,4678.2000,4676.0000,4672.4000,4672.0000,4681.0000,4681.2000,4683.0000,4686.8000,4692.0000,1,1,1,1,1,3,1,1,1,2
SF,IC2006,2019-11-11 09:33:13.000,4680.0000,9108,0,160302560.000,1,0,1,多换,S,4678.2000,4676.0000,4672.4000,4672.0000,4671.0000,4681.0000,4681.2000,4686.8000,4692.0000,4692.2000,1,1,1,1,1,3,1,1,2,5
SF,IC2006,2019-11-11 09:33:13.500,4680.0000,9108,0,160302560.000,0,-,-,-,-,4678.2000,4676.0000,4672.4000,4672.0000,4671.0000,4681.0000,4681.2000,4686.8000,4692.0000,4692.2000,1,1,1,1,1,3,1,1,2,5
SF,IC2006,2019-11-11 09:33:14.000,4680.0000,9108,0,160302560.000,0,-,-,-,-,4678.2000,4676.0000,4672.4000,4672.0000,4671.0000,4681.0000,4681.2000,4686.8000,4692.0000,4692.2000,1,1,1,1,1,3,1,1,2,5
SF,IC2006,2019-11-11 09:33:14.500,4680.0000,9108,0,160302560.000,0,-,-,-,-,4678.2000,4676.0000,4672.4000,4672.0000,4671.0000,4680.6000,4681.0000,4681.2000,4686.8000,4692.0000,1,1,1,1,1,1,3,1,1,2
SF,IC2006,2019-11-11 09:33:15.000,4680.0000,9108,0,160302560.000,0,-,-,-,-,4678.2000,4676.0000,4672.4000,4672.0000,4671.0000,4680.4000,4680.6000,4681.0000,4681.2000,4686.8000,1,1,1,1,1,2,1,1,1,1
SF,IC2006,2019-11-11 09:33:15.500,4678.2000,9108,0,161238200.000,1,0,1,多换,S,4676.0000,4672.4000,4672.0000,4671.0000,4670.2000,4678.2000,4680.4000,4680.6000,4681.0000,4681.2000,1,1,1,1,1,1,2,1,1,1
SF,IC2006,2019-11-11 09:33:16.000,4678.2000,9107,-1,162173840.000,1,0,1,双平,S,4676.0000,4672.4000,4672.0000,4671.0000,4670.2000,4678.0000,4678.2000,4680.6000,4681.0000,4681.2000,1,1,1,1,1,1,1,1,1,1
SF,IC2006,2019-11-11 09:33:16.500,4672.4000,9108,1,164043520.000,2,1,1,空开,S,4672.0000,4671.0000,4670.2000,4670.0000,4666.6000,4677.6000,4678.0000,4678.2000,4680.6000,4681.0000,1,1,1,1,4,1,1,1,6,1
SF,IC2006,2019-11-11 09:33:17.000,4672.4000,9108,0,164043520.000,0,-,-,-,-,4673.4000,4672.0000,4671.0000,4670.2000,4670.0000,4677.4000,4677.6000,4678.2000,4680.6000,4681.0000,3,1,1,1,1,2,1,1,6,1
SF,IC2006,2019-11-11 09:33:17.500,4672.4000,9108,0,164043520.000,0,-,-,-,-,4673.4000,4672.0000,4671.0000,4670.2000,4670.0000,4677.6000,4678.2000,4680.6000,4681.0000,4681.2000,3,1,1,1,1,1,1,6,1,1
SF,IC2006,2019-11-11 09:33:18.000,4672.4000,9108,0,164043520.000,0,-,-,-,-,4673.4000,4672.0000,4671.0000,4670.2000,4670.0000,4677.6000,4678.2000,4680.6000,4681.2000,4686.8000,3,1,1,1,1,1,1,6,1,1
SF,IC2006,2019-11-11 09:33:18.500,4677.6000,9107,-1,164979040.000,1,0,1,双平,S,4673.4000,4672.6000,4672.0000,4671.0000,4670.2000,4678.2000,4680.6000,4681.2000,4686.8000,4692.0000,3,1,1,1,1,1,6,1,1,2
SF,IC2006,2019-11-11 09:33:19.000,4677.6000,9107,0,164979040.000,0,-,-,-,-,4673.6000,4673.4000,4672.6000,4672.0000,4671.0000,4678.2000,4680.6000,4681.2000,4686.8000,4692.0000,2,3,1,1,1,1,6,1,1,2
SF,IC2006,2019-11-11 09:33:19.500,4677.6000,9107,0,164979040.000,0,-,-,-,-,4675.2000,4673.6000,4672.0000,4671.0000,4670.2000,4678.2000,4680.6000,4681.2000,4686.4000,4686.8000,3,3,1,1,1,1,1,1,5,1
SF,IC2006,2019-11-11 09:33:20.000,4675.4000,9106,-1,166849760.000,2,0,2,多平,S,4675.2000,4673.8000,4673.6000,4672.0000,4671.0000,4676.0000,4680.6000,4681.2000,4686.4000,4686.8000,3,1,3,1,1,1,1,1,5,1
SF,IC2006,2019-11-11 09:33:20.500,4676.0000,9106,0,167784960.000,1,0,1,多换,S,4676.0000,4675.2000,4673.8000,4673.6000,4672.0000,4680.6000,4681.2000,4686.4000,4686.8000,4692.0000,1,3,1,2,1,1,1,5,1,2
SF,IC2006,2019-11-11 09:33:21.000,4676.0000,9106,0,167784960.000,0,-,-,-,-,4676.8000,4676.0000,4673.6000,4672.0000,4671.0000,4680.6000,4681.2000,4686.4000,4686.8000,4692.0000,3,1,2,1,1,1,1,5,1,2
SF,IC2006,2019-11-11 09:33:21.500,4676.0000,9106,0,167784960.000,0,-,-,-,-,4676.8000,4676.0000,4673.6000,4673.0000,4672.0000,4680.6000,4681.2000,4686.4000,4686.8000,4692.0000,3,1,2,1,1,1,1,5,1,2
SF,IC2006,2019-11-11 09:33:22.000,4676.0000,9106,0,167784960.000,0,-,-,-,-,4676.8000,4676.0000,4673.6000,4673.0000,4672.0000,4680.6000,4681.2000,4686.4000,4686.8000,4692.0000,3,1,2,1,1,1,1,5,1,2
SF,IC2006,2019-11-11 09:33:22.500,4676.0000,9106,0,167784960.000,0,-,-,-,-,4677.2000,4677.0000,4676.8000,4676.0000,4673.6000,4680.6000,4681.2000,4686.4000,4686.8000,4692.0000,1,1,3,1,2,1,1,5,1,2
SF,IC2006,2019-11-11 09:33:23.000,4680.6000,9106,0,168721080.000,1,0,1,多换,S,4679.4000,4677.4000,4677.2000,4677.0000,4676.2000,4681.2000,4686.4000,4686.8000,4692.0000,4694.8000,3,1,1,1,1,1,5,1,2,1
SF,IC2006,2019-11-11 09:33:23.500,4681.2000,9105,-1,169657320.000,1,0,1,双平,S,4679.4000,4677.4000,4677.2000,4676.2000,4676.0000,4686.4000,4686.8000,4692.0000,4694.8000,4697.6000,3,2,1,1,1,5,1,2,1,1
SF,IC2006,2019-11-11 09:33:24.000,4681.2000,9105,0,169657320.000,0,-,-,-,-,4679.6000,4679.4000,4677.4000,4677.2000,4676.2000,4684.8000,4686.4000,4686.8000,4692.0000,4694.8000,1,3,2,1,1,3,5,1,2,1
SF,IC2006,2019-11-11 09:33:24.500,4681.2000,9105,0,169657320.000,0,-,-,-,-,4679.8000,4679.6000,4677.4000,4676.2000,4674.8000,4684.6000,4686.4000,4686.8000,4692.0000,4694.8000,3,1,2,1,5,2,5,1,2,1
SF,IC2006,2019-11-11 09:33:25.000,4679.8000,9104,-1,170593280.000,1,0,1,双平,S,4679.8000,4679.6000,4677.4000,4674.8000,4672.0000,4684.4000,4686.4000,4686.8000,4692.0000,4694.8000,2,1,2,5,1,1,5,1,2,1
SF,IC2006,2019-11-11 09:33:25.500,4679.8000,9104,0,170593280.000,0,-,-,-,-,4679.8000,4679.6000,4677.4000,4674.8000,4672.0000,4684.2000,4684.4000,4686.4000,4686.8000,4692.0000,2,1,2,5,1,1,1,5,1,2
SF,IC2006,2019-11-11 09:33:26.000,4679.8000,9104,0,170593280.000,0,-,-,-,-,4680.0000,4679.8000,4679.6000,4677.4000,4674.8000,4684.0000,4684.2000,4686.4000,4686.8000,4692.0000,1,2,1,1,5,1,1,5,1,2
SF,IC2006,2019-11-11 09:33:26.500,4679.8000,9104,0,170593280.000,0,-,-,-,-,4680.2000,4680.0000,4679.6000,4677.4000,4674.8000,4684.0000,4684.2000,4686.4000,4686.8000,4692.0000,2,1,1,1,5,1,1,5,1,2
SF,IC2006,2019-11-11 09:33:27.000,4679.8000,9104,0,170593280.000,0,-,-,-,-,4680.2000,4680.0000,4679.6000,4677.4000,4674.8000,4684.0000,4686.4000,4686.8000,4692.0000,4694.8000,2,1,1,1,5,1,5,1,2,1
SF,IC2006,2019-11-11 09:33:27.500,4679.8000,9104,0,170593280.000,0,-,-,-,-,4680.4000,4679.6000,4677.4000,4674.8000,4673.0000,4684.0000,4686.4000,4686.8000,4692.0000,4694.8000,1,1,1,5,1,1,5,1,2,1
SF,IC2006,2019-11-11 09:33:29.000,4679.8000,9104,0,170593280.000,0,-,-,-,-,4680.4000,4679.6000,4677.4000,4674.8000,4673.0000,4682.0000,4684.0000,4686.4000,4686.8000,4692.0000,1,1,1,5,1,1,1,5,1,2
SF,IC2006,2019-11-11 09:33:29.500,4679.8000,9104,0,170593280.000,0,-,-,-,-,4680.4000,4677.4000,4673.0000,4672.0000,4671.0000,4682.0000,4686.4000,4686.8000,4692.0000,4694.8000,1,1,1,1,1,1,5,1,2,1
SF,IC2006,2019-11-11 09:33:30.500,4682.0000,9105,1,171529680.000,1,1,0,双开,S,4682.0000,4680.4000,4677.4000,4673.0000,4672.0000,4686.4000,4686.8000,4692.0000,4694.8000,4697.6000,1,1,1,1,1,5,1,2,1,1
SF,IC2006,2019-11-11 09:33:31.000,4682.0000,9105,0,172466080.000,1,0,1,多换,S,4677.4000,4673.0000,4672.0000,4671.0000,4670.2000,4684.2000,4686.2000,4686.4000,4686.8000,4692.0000,1,1,1,1,1,3,1,5,1,2
SF,IC2006,2019-11-11 09:33:31.500,4682.0000,9105,0,172466080.000,0,-,-,-,-,4677.6000,4677.4000,4673.0000,4672.0000,4671.0000,4684.0000,4684.2000,4686.4000,4686.8000,4692.0000,3,1,1,1,1,1,3,5,1,2
SF,IC2006,2019-11-11 09:33:32.000,4684.0000,9105,0,177149120.000,5,2,3,多换,S,4677.8000,4677.4000,4673.0000,4672.0000,4671.0000,4684.8000,4686.4000,4686.8000,4692.0000,4694.8000,3,1,1,1,1,1,5,1,2,1
SF,IC2006,2019-11-11 09:33:32.500,4684.0000,9105,0,177149120.000,0,-,-,-,-,4678.0000,4677.8000,4673.0000,4672.0000,4671.0000,4684.8000,4686.4000,4686.8000,4692.0000,4694.8000,1,2,1,1,1,1,5,1,2,1
SF,IC2006,2019-11-11 09:33:33.000,4684.0000,9105,0,177149120.000,0,-,-,-,-,4679.6000,4678.0000,4673.0000,4672.0000,4671.0000,4683.6000,4684.8000,4686.4000,4686.8000,4692.0000,3,1,1,1,1,1,1,5,1,2
SF,IC2006,2019-11-11 09:33:33.500,4684.0000,9105,0,177149120.000,0,-,-,-,-,4679.6000,4678.0000,4673.0000,4672.0000,4671.0000,4683.6000,4686.4000,4686.8000,4692.0000,4694.8000,3,1,1,1,1,1,5,1,2,1
SF,IC2006,2019-11-11 09:33:34.000,4684.0000,9105,0,177149120.000,0,-,-,-,-,4679.6000,4678.0000,4673.0000,4672.0000,4671.0000,4683.6000,4686.0000,4686.4000,4686.8000,4692.0000,3,1,1,1,1,1,1,5,1,2
SF,IC2006,2019-11-11 09:33:34.500,4684.0000,9105,0,177149120.000,0,-,-,-,-,4679.8000,4678.0000,4673.0000,4672.0000,4671.0000,4683.4000,4683.6000,4684.0000,4686.0000,4686.4000,2,1,1,1,1,1,1,1,1,5
SF,IC2006,2019-11-11 09:33:35.000,4684.0000,9105,0,177149120.000,0,-,-,-,-,4679.8000,4678.0000,4673.0000,4672.0000,4671.0000,4682.8000,4683.2000,4683.4000,4683.6000,4684.0000,2,1,1,1,1,1,1,1,1,1
SF,IC2006,2019-11-11 09:33:35.500,4684.0000,9105,0,177149120.000,0,-,-,-,-,4679.8000,4678.0000,4673.0000,4672.0000,4671.0000,4682.0000,4682.6000,4682.8000,4683.2000,4684.0000,2,1,1,1,1,1,1,1,1,1
SF,IC2006,2019-11-11 09:33:36.000,4684.0000,9105,0,177149120.000,0,-,-,-,-,4679.8000,4673.0000,4672.0000,4671.0000,4670.2000,4682.0000,4682.8000,4683.2000,4684.0000,4686.0000,2,1,1,1,1,1,1,1,1,1
SF,IC2006,2019-11-11 09:33:36.500,4679.8000,9104,-1,178085080.000,1,0,1,双平,S,4679.8000,4673.0000,4672.0000,4671.0000,4670.2000,4682.0000,4682.8000,4683.0000,4683.2000,4684.0000,1,1,1,1,1,2,1,1,1,1
SF,IC2006,2019-11-11 09:33:37.000,4679.8000,9104,0,178085080.000,0,-,-,-,-,4680.0000,4673.0000,4672.0000,4671.0000,4670.2000,4682.0000,4682.8000,4683.0000,4683.2000,4683.8000,1,1,1,1,1,2,1,1,1,1
SF,IC2006,2019-11-11 09:33:37.500,4679.8000,9104,0,178085080.000,0,-,-,-,-,4673.0000,4672.0000,4671.0000,4670.2000,4670.0000,4681.8000,4682.0000,4682.8000,4683.0000,4683.2000,1,1,1,1,2,1,2,1,1,1
SF,IC2006,2019-11-11 09:33:38.000,4679.8000,9104,0,178085080.000,0,-,-,-,-,4677.4000,4675.0000,4674.8000,4673.6000,4673.2000,4681.6000,4681.8000,4682.0000,4683.0000,4683.2000,3,1,1,1,2,1,2,2,1,1
SF,IC2006,2019-11-11 09:33:38.500,4679.8000,9104,0,178085080.000,0,-,-,-,-,4677.6000,4673.6000,4673.0000,4672.0000,4671.0000,4681.4000,4681.6000,4681.8000,4682.0000,4683.0000,1,1,1,1,1,2,2,1,1,1
SF,IC2006,2019-11-11 09:33:39.000,4679.8000,9104,0,178085080.000,0,-,-,-,-,4677.6000,4674.8000,4673.0000,4672.0000,4671.0000,4681.4000,4681.6000,4681.8000,4682.0000,4683.0000,1,1,1,1,1,2,1,1,1,1
SF,IC2006,2019-11-11 09:33:39.500,4679.8000,9104,0,178085080.000,0,-,-,-,-,4677.6000,4674.8000,4673.0000,4672.0000,4671.0000,4680.6000,4681.4000,4681.6000,4682.0000,4683.0000,1,1,1,1,1,1,2,1,1,1
SF,IC2006,2019-11-11 09:33:40.000,4679.8000,9104,0,178085080.000,0,-,-,-,-,4677.6000,4673.0000,4672.0000,4671.0000,4670.2000,4680.0000,4680.6000,4682.0000,4683.0000,4683.2000,1,1,1,1,1,1,1,1,1,1
SF,IC2006,2019-11-11 09:33:41.000,4679.8000,9104,0,178085080.000,0,-,-,-,-,4677.6000,4673.0000,4672.0000,4671.0000,4670.2000,4680.0000,4682.0000,4683.0000,4683.2000,4683.8000,1,1,1,1,1,1,1,1,1,1
SF,IC2006,2019-11-11 09:33:46.000,4679.8000,9104,0,178085080.000,0,-,-,-,-,4677.6000,4673.0000,4672.2000,4672.0000,4671.0000,4680.0000,4682.0000,4683.0000,4683.2000,4683.8000,1,1,1,1,1,1,1,1,1,1
SF,IC2006,2019-11-11 09:33:46.500,4679.8000,9104,0,178085080.000,0,-,-,-,-,4677.6000,4673.0000,4672.2000,4672.0000,4671.0000,4680.0000,4682.0000,4683.0000,4683.2000,4683.8000,1,1,1,1,1,1,1,2,1,1
SF,IC2006,2019-11-11 09:33:47.000,4679.8000,9104,0,178085080.000,0,-,-,-,-,4677.6000,4673.0000,4672.2000,4672.0000,4671.0000,4680.0000,4682.0000,4683.0000,4683.2000,4683.8000,1,1,1,1,1,1,1,2,1,1
SF,IC2006,2019-11-11 09:33:48.000,4680.0000,9103,-1,179021080.000,1,0,1,双平,S,4677.6000,4673.0000,4672.2000,4672.0000,4671.0000,4682.0000,4683.0000,4683.2000,4683.8000,4686.0000,1,1,1,1,1,1,2,1,1,1
SF,IC2006,2019-11-11 09:33:48.500,4680.0000,9103,0,179021080.000,0,-,-,-,-,4677.8000,4677.6000,4673.0000,4672.2000,4672.0000,4681.8000,4682.0000,4683.0000,4683.2000,4683.8000,1,1,1,1,1,1,1,2,1,1
SF,IC2006,2019-11-11 09:33:49.000,4680.0000,9103,0,179021080.000,0,-,-,-,-,4678.4000,4673.0000,4672.2000,4672.0000,4671.0000,4682.0000,4683.0000,4683.2000,4683.8000,4686.0000,3,1,1,1,1,1,2,1,1,1
SF,IC2006,2019-11-11 09:33:49.500,4680.0000,9103,0,179021080.000,0,-,-,-,-,4678.4000,4673.0000,4672.2000,4672.0000,4671.0000,4682.0000,4683.0000,4683.2000,4683.8000,4686.0000,3,1,1,1,1,1,1,1,1,1
SF,IC2006,2019-11-11 09:33:50.000,4680.0000,9103,0,179021080.000,0,-,-,-,-,4678.4000,4673.0000,4672.2000,4672.0000,4671.0000,4682.0000,4683.0000,4683.2000,4686.0000,4686.4000,3,1,1,1,1,1,1,1,1,5
SF,IC2006,2019-11-11 09:33:50.500,4680.0000,9103,0,179021080.000,0,-,-,-,-,4678.4000,4673.0000,4672.2000,4672.0000,4671.0000,4682.0000,4683.0000,4683.2000,4686.0000,4686.4000,3,1,1,1,1,1,1,1,1,5
SF,IC2006,2019-11-11 09:33:51.000,4680.0000,9103,0,179021080.000,0,-,-,-,-,4678.4000,4673.0000,4672.2000,4672.0000,4671.0000,4682.0000,4683.0000,4683.2000,4686.0000,4686.4000,3,1,1,1,1,1,1,1,1,5
SF,IC2006,2019-11-11 09:33:51.500,4680.0000,9103,0,179021080.000,0,-,-,-,-,4678.8000,4678.4000,4673.0000,4672.2000,4672.0000,4682.0000,4683.0000,4683.2000,4686.0000,4686.4000,1,3,1,1,1,1,1,1,1,5
SF,IC2006,2019-11-11 09:33:52.000,4680.0000,9103,0,179021080.000,0,-,-,-,-,4679.0000,4678.8000,4673.0000,4672.2000,4672.0000,4681.8000,4682.0000,4683.0000,4683.2000,4686.0000,1,1,1,1,1,1,1,1,1,1
SF,IC2006,2019-11-11 09:33:52.500,4680.0000,9103,0,179021080.000,0,-,-,-,-,4673.0000,4672.2000,4672.0000,4671.0000,4670.2000,4681.8000,4682.0000,4683.0000,4683.2000,4686.0000,1,1,1,1,1,2,1,1,1,1
SF,IC2006,2019-11-11 09:33:53.000,4680.0000,9103,0,179021080.000,0,-,-,-,-,4677.4000,4675.6000,4673.6000,4673.0000,4672.2000,4681.6000,4681.8000,4682.0000,4683.0000,4683.2000,3,1,1,1,1,1,2,1,1,1
SF,IC2006,2019-11-11 09:33:53.500,4680.0000,9103,0,179021080.000,0,-,-,-,-,4677.4000,4675.6000,4673.6000,4673.0000,4672.2000,4680.0000,4681.4000,4681.6000,4681.8000,4682.0000,3,1,1,1,1,1,1,1,1,1
SF,IC2006,2019-11-11 09:33:54.000,4680.0000,9103,0,179021080.000,0,-,-,-,-,4677.4000,4675.6000,4673.6000,4673.0000,4672.2000,4680.0000,4681.6000,4681.8000,4682.0000,4683.0000,3,1,1,1,1,1,1,1,1,1
SF,IC2006,2019-11-11 09:33:54.500,4680.0000,9103,0,179021080.000,0,-,-,-,-,4677.4000,4675.6000,4673.6000,4673.0000,4672.2000,4680.0000,4681.6000,4681.8000,4682.0000,4683.0000,3,1,1,1,1,1,1,1,1,1
SF,IC2006,2019-11-11 09:33:55.000,4680.0000,9103,0,179021080.000,0,-,-,-,-,4677.4000,4675.6000,4673.6000,4673.0000,4672.2000,4680.0000,4681.6000,4681.8000,4682.0000,4683.0000,3,1,1,1,1,1,1,1,1,1
SF,IC2006,2019-11-11 09:33:58.000,4680.0000,9103,0,179021080.000,0,-,-,-,-,4679.0000,4677.4000,4675.6000,4673.6000,4673.0000,4680.0000,4681.6000,4681.8000,4682.0000,4683.0000,1,3,1,1,1,1,1,1,1,1
SF,IC2006,2019-11-11 09:33:58.500,4680.0000,9102,-1,179957080.000,1,0,1,双平,S,4679.2000,4679.0000,4675.6000,4673.6000,4673.0000,4682.0000,4683.0000,4683.2000,4685.0000,4686.0000,2,1,1,1,1,1,1,1,1,1
SF,IC2006,2019-11-11 09:33:59.000,4680.0000,9102,0,179957080.000,0,-,-,-,-,4679.4000,4679.0000,4675.6000,4673.6000,4673.0000,4681.8000,4682.0000,4683.0000,4683.2000,4685.0000,1,1,1,1,1,1,1,1,1,1
SF,IC2006,2019-11-11 09:33:59.500,4680.0000,9102,0,179957080.000,0,-,-,-,-,4679.4000,4679.0000,4675.6000,4673.6000,4673.0000,4681.8000,4682.0000,4683.0000,4683.2000,4685.0000,1,1,1,1,1,1,1,1,1,1
SF,IC2006,2019-11-11 09:34:00.000,4680.0000,9102,0,179957080.000,0,-,-,-,-,4679.4000,4679.0000,4675.6000,4673.6000,4673.0000,4682.0000,4683.0000,4683.2000,4685.0000,4686.0000,1,1,1,1,1,1,1,1,1,1
SF,IC2006,2019-11-11 09:34:00.500,4680.0000,9102,0,179957080.000,0,-,-,-,-,4679.4000,4679.0000,4675.6000,4673.6000,4673.0000,4682.0000,4683.0000,4683.2000,4685.0000,4686.0000,1,1,1,1,1,1,1,1,1,1
SF,IC2006,2019-11-11 09:34:01.000,4680.0000,9102,0,179957080.000,0,-,-,-,-,4679.4000,4679.0000,4675.6000,4673.6000,4673.0000,4682.0000,4683.0000,4683.2000,4685.0000,4686.0000,1,1,1,1,1,1,1,1,1,1
SF,IC2006,2019-11-11 09:34:02.000,4680.0000,9102,0,179957080.000,0,-,-,-,-,4679.4000,4679.0000,4675.6000,4673.6000,4673.0000,4682.0000,4683.0000,4683.2000,4685.0000,4686.0000,1,1,1,1,1,1,1,1,1,1
SF,IC2006,2019-11-11 09:34:02.500,4685.0000,9105,3,183703720.000,4,3,1,空开,S,4685.6000,4679.4000,4679.0000,4675.6000,4673.6000,4686.0000,4686.4000,4686.8000,4692.0000,4694.8000,1,1,1,1,1,1,5,1,2,1
SF,IC2006,2019-11-11 09:34:03.000,4685.6000,9105,0,184640840.000,1,0,1,多换,S,4679.0000,4675.6000,4673.6000,4673.0000,4672.2000,4684.4000,4685.2000,4685.6000,4686.0000,4686.4000,1,1,1,1,1,3,1,19,1,5
SF,IC2006,2019-11-11 09:34:03.500,4685.6000,9104,-1,185577960.000,1,0,1,双平,S,4679.2000,4679.0000,4675.6000,4673.6000,4673.0000,4684.4000,4685.2000,4685.6000,4686.0000,4686.4000,2,1,1,1,1,3,1,15,1,5
SF,IC2006,2019-11-11 09:34:04.000,4685.6000,9104,0,185577960.000,0,-,-,-,-,4679.4000,4679.2000,4679.0000,4675.6000,4673.6000,4684.2000,4684.4000,4684.8000,4685.2000,4685.4000,1,2,1,1,1,1,3,1,1,2
SF,IC2006,2019-11-11 09:34:04.500,4685.6000,9104,0,185577960.000,0,-,-,-,-,4679.6000,4679.4000,4679.0000,4675.6000,4673.6000,4683.6000,4684.0000,4684.2000,4684.8000,4685.2000,2,1,1,1,1,1,2,1,2,1
SF,IC2006,2019-11-11 09:34:05.000,4684.4000,9104,0,187451720.000,2,1,1,多换,S,4679.6000,4679.4000,4679.0000,4678.4000,4675.6000,4682.6000,4682.8000,4683.4000,4683.6000,4684.2000,2,1,1,1,1,1,1,1,3,1
SF,IC2006,2019-11-11 09:34:05.500,4679.6000,9104,0,188387640.000,1,0,1,多换,S,4679.6000,4679.0000,4675.6000,4673.6000,4673.0000,4680.8000,4682.6000,4682.8000,4683.6000,4684.2000,1,1,1,1,1,1,1,1,3,1
SF,IC2006,2019-11-11 09:34:06.000,4680.8000,9104,0,189323800.000,1,0,1,多换,S,4679.6000,4679.0000,4675.6000,4673.6000,4673.0000,4682.4000,4682.6000,4682.8000,4683.0000,4683.6000,1,1,1,1,1,1,1,1,1,2
SF,IC2006,2019-11-11 09:34:06.500,4680.8000,9104,0,189323800.000,0,-,-,-,-,4679.8000,4679.0000,4675.6000,4673.6000,4673.0000,4682.2000,4682.8000,4683.0000,4683.6000,4684.8000,1,1,1,1,1,1,1,1,2,1
SF,IC2006,2019-11-11 09:34:07.000,4680.8000,9104,0,189323800.000,0,-,-,-,-,4679.8000,4679.0000,4675.6000,4673.6000,4673.0000,4682.0000,4682.8000,4683.0000,4683.6000,4684.8000,1,1,1,1,1,1,1,1,2,1
SF,IC2006,2019-11-11 09:34:07.500,4680.8000,9104,0,189323800.000,0,-,-,-,-,4679.8000,4679.0000,4675.6000,4673.6000,4673.0000,4683.6000,4684.8000,4685.2000,4685.4000,4686.4000,1,1,1,1,1,2,1,2,2,5
SF,IC2006,2019-11-11 09:34:08.000,4680.8000,9104,0,189323800.000,0,-,-,-,-,4679.8000,4679.0000,4675.6000,4673.6000,4673.0000,4683.4000,4683.6000,4684.2000,4684.8000,4685.2000,1,1,1,1,1,2,2,1,2,2
SF,IC2006,2019-11-11 09:34:08.500,4680.8000,9104,0,189323800.000,0,-,-,-,-,4679.8000,4679.0000,4675.6000,4673.6000,4673.0000,4683.2000,4683.6000,4684.2000,4684.4000,4684.8000,1,1,1,1,1,1,1,1,1,2
SF,IC2006,2019-11-11 09:34:09.000,4680.8000,9104,0,189323800.000,0,-,-,-,-,4679.8000,4679.0000,4675.6000,4673.6000,4673.0000,4683.0000,4683.2000,4683.6000,4684.2000,4684.4000,1,1,1,1,1,1,1,1,1,1
SF,IC2006,2019-11-11 09:34:09.500,4680.8000,9104,0,189323800.000,0,-,-,-,-,4679.8000,4679.0000,4675.6000,4673.6000,4673.0000,4683.6000,4684.2000,4684.4000,4684.8000,4685.2000,1,1,1,1,1,1,1,1,2,2
SF,IC2006,2019-11-11 09:34:10.000,4680.8000,9104,0,189323800.000,0,-,-,-,-,4680.0000,4679.8000,4679.0000,4675.6000,4673.6000,4683.4000,4683.6000,4684.2000,4684.4000,4684.8000,1,1,1,1,1,1,1,1,1,1
SF,IC2006,2019-11-11 09:34:10.500,4680.8000,9104,0,189323800.000,0,-,-,-,-,4680.2000,4679.0000,4675.6000,4673.6000,4673.0000,4683.0000,4683.4000,4683.6000,4684.2000,4684.4000,1,1,1,1,1,1,1,1,1,1
SF,IC2006,2019-11-11 09:34:11.000,4680.8000,9104,0,189323800.000,0,-,-,-,-,4680.2000,4679.0000,4675.6000,4673.6000,4673.0000,4682.8000,4683.0000,4684.2000,4684.4000,4684.8000,1,1,1,1,1,2,1,1,1,1
SF,IC2006,2019-11-11 09:34:11.500,4680.8000,9104,0,189323800.000,0,-,-,-,-,4679.0000,4675.6000,4673.6000,4673.0000,4672.2000,4682.8000,4683.0000,4683.6000,4684.2000,4684.4000,1,1,1,1,1,2,1,1,1,1
SF,IC2006,2019-11-11 09:34:12.000,4680.8000,9104,0,189323800.000,0,-,-,-,-,4679.2000,4679.0000,4675.6000,4673.6000,4673.0000,4682.8000,4683.0000,4683.6000,4684.2000,4684.4000,2,1,1,1,1,2,1,1,1,1
SF,IC2006,2019-11-11 09:34:12.500,4680.8000,9104,0,189323800.000,0,-,-,-,-,4679.2000,4679.0000,4675.6000,4673.6000,4673.0000,4682.8000,4683.0000,4683.6000,4684.2000,4684.4000,2,1,1,1,1,2,1,1,1,1
SF,IC2006,2019-11-11 09:34:13.000,4680.8000,9104,0,189323800.000,0,-,-,-,-,4679.4000,4679.0000,4675.6000,4673.6000,4673.0000,4682.2000,4682.8000,4683.0000,4683.6000,4684.2000,2,1,1,1,1,1,1,1,1,1
SF,IC2006,2019-11-11 09:34:13.500,4679.4000,9104,0,190259680.000,1,0,1,多换,S,4679.0000,4675.6000,4673.6000,4673.0000,4672.2000,4682.0000,4682.2000,4683.0000,4683.6000,4684.2000,1,1,1,1,1,2,1,1,1,1
SF,IC2006,2019-11-11 09:34:14.000,4679.4000,9104,0,190259680.000,0,-,-,-,-,4679.0000,4675.6000,4673.6000,4673.0000,4672.2000,4682.0000,4682.2000,4683.0000,4683.6000,4684.2000,1,1,1,1,1,2,1,1,1,1
SF,IC2006,2019-11-11 09:34:14.500,4679.0000,9104,0,191195480.000,1,0,1,多换,S,4675.6000,4673.6000,4673.0000,4672.2000,4672.0000,4679.6000,4681.2000,4682.0000,4683.0000,4683.6000,1,1,1,1,1,2,1,2,1,1
SF,IC2006,2019-11-11 09:34:15.000,4679.0000,9104,0,191195480.000,0,-,-,-,-,4676.8000,4675.6000,4673.0000,4672.2000,4672.0000,4679.6000,4681.2000,4683.0000,4683.6000,4684.0000,3,1,1,1,1,2,1,1,1,1
SF,IC2006,2019-11-11 09:34:15.500,4679.0000,9104,0,191195480.000,0,-,-,-,-,4677.0000,4675.6000,4673.0000,4672.2000,4672.0000,4679.6000,4681.2000,4683.0000,4683.6000,4684.0000,2,1,1,1,1,2,1,1,1,1
SF,IC2006,2019-11-11 09:34:16.000,4679.0000,9104,0,191195480.000,0,-,-,-,-,4677.0000,4675.6000,4673.0000,4672.2000,4672.0000,4679.6000,4683.0000,4683.6000,4684.0000,4684.2000,2,1,1,1,1,2,1,1,1,1
SF,IC2006,2019-11-11 09:34:18.500,4679.0000,9104,0,191195480.000,0,-,-,-,-,4677.0000,4675.6000,4673.0000,4672.2000,4672.0000,4679.2000,4679.6000,4683.6000,4684.0000,4684.4000,2,1,1,1,1,1,2,1,1,1
SF,IC2006,2019-11-11 09:34:19.000,4679.0000,9104,0,191195480.000,0,-,-,-,-,4677.2000,4675.6000,4673.0000,4672.2000,4672.0000,4679.2000,4679.6000,4683.6000,4684.0000,4685.2000,1,1,1,1,1,1,2,1,1,2
SF,IC2006,2019-11-11 09:34:19.500,4679.0000,9104,0,191195480.000,0,-,-,-,-,4675.6000,4673.0000,4672.2000,4672.0000,4671.0000,4679.0000,4679.2000,4679.6000,4683.6000,4684.0000,1,1,1,1,1,1,1,2,1,1
SF,IC2006,2019-11-11 09:34:20.000,4679.0000,9104,0,191195480.000,0,-,-,-,-,4675.8000,4675.6000,4673.0000,4672.2000,4672.0000,4679.0000,4679.2000,4679.6000,4681.2000,4683.6000,1,1,1,1,1,1,1,2,1,1
SF,IC2006,2019-11-11 09:34:20.500,4679.0000,9104,0,191195480.000,0,-,-,-,-,4675.8000,4675.6000,4673.0000,4672.2000,4672.0000,4678.4000,4679.0000,4679.6000,4680.4000,4681.2000,1,1,1,1,1,1,1,2,1,1
SF,IC2006,2019-11-11 09:34:21.000,4679.0000,9104,0,191195480.000,0,-,-,-,-,4675.8000,4675.6000,4673.0000,4672.2000,4672.0000,4678.2000,4678.4000,4678.6000,4679.6000,4680.4000,1,1,1,1,1,1,1,1,2,1
SF,IC2006,2019-11-11 09:34:21.500,4679.0000,9104,0,191195480.000,0,-,-,-,-,4675.8000,4675.6000,4673.0000,4672.2000,4672.0000,4678.2000,4678.4000,4678.6000,4679.6000,4680.4000,1,1,1,1,1,1,1,1,2,1
SF,IC2006,2019-11-11 09:34:22.500,4679.0000,9104,0,191195480.000,0,-,-,-,-,4675.8000,4675.6000,4674.8000,4673.0000,4672.2000,4678.0000,4678.2000,4678.6000,4679.6000,4680.4000,1,1,1,1,1,1,1,1,2,1
SF,IC2006,2019-11-11 09:34:23.000,4679.0000,9104,0,191195480.000,0,-,-,-,-,4675.8000,4675.6000,4674.8000,4673.0000,4672.2000,4678.0000,4678.6000,4679.6000,4680.4000,4680.8000,1,1,1,1,1,1,1,2,1,1
SF,IC2006,2019-11-11 09:34:23.500,4678.0000,9103,-1,192131080.000,1,0,1,双平,S,4675.8000,4675.6000,4674.8000,4673.0000,4672.2000,4678.6000,4679.6000,4680.4000,4680.8000,4681.2000,1,1,1,1,1,1,2,1,1,1
SF,IC2006,2019-11-11 09:34:24.000,4678.0000,9103,0,192131080.000,0,-,-,-,-,4675.8000,4675.6000,4674.8000,4673.0000,4672.2000,4678.6000,4679.6000,4680.8000,4681.2000,4683.6000,1,1,1,1,1,1,2,1,1,1
SF,IC2006,2019-11-11 09:34:24.500,4678.0000,9103,0,192131080.000,0,-,-,-,-,4675.8000,4675.6000,4674.8000,4673.0000,4672.2000,4678.6000,4679.6000,4680.8000,4681.2000,4683.6000,1,1,1,1,1,1,2,1,1,1
SF,IC2006,2019-11-11 09:34:25.000,4678.0000,9103,0,192131080.000,0,-,-,-,-,4675.8000,4675.6000,4674.8000,4673.0000,4672.2000,4678.6000,4679.6000,4680.8000,4681.2000,4683.6000,1,1,1,1,1,1,2,1,1,1
SF,IC2006,2019-11-11 09:34:25.500,4678.0000,9103,0,192131080.000,0,-,-,-,-,4676.2000,4675.8000,4675.6000,4673.0000,4672.2000,4678.4000,4678.6000,4679.6000,4680.8000,4681.2000,1,1,1,1,1,1,1,2,1,1
SF,IC2006,2019-11-11 09:34:26.000,4678.0000,9103,0,192131080.000,0,-,-,-,-,4676.4000,4675.6000,4673.0000,4672.2000,4672.0000,4678.4000,4678.6000,4679.6000,4680.8000,4681.2000,2,1,1,1,1,1,1,2,1,1
SF,IC2006,2019-11-11 09:34:26.500,4678.0000,9103,0,192131080.000,0,-,-,-,-,4676.4000,4675.6000,4673.0000,4672.2000,4672.0000,4678.4000,4678.6000,4679.6000,4680.8000,4683.6000,2,1,1,1,1,1,1,2,1,1
SF,IC2006,2019-11-11 09:34:27.000,4678.0000,9103,0,192131080.000,0,-,-,-,-,4676.4000,4675.6000,4673.0000,4672.2000,4672.0000,4678.4000,4678.6000,4679.6000,4680.8000,4683.6000,2,1,1,1,1,1,1,2,1,1
SF,IC2006,2019-11-11 09:34:28.500,4678.0000,9103,0,192131080.000,0,-,-,-,-,4676.4000,4675.6000,4673.0000,4672.2000,4672.0000,4678.4000,4678.6000,4679.6000,4683.6000,4684.0000,2,1,1,1,1,1,1,2,1,1
SF,IC2006,2019-11-11 09:34:29.000,4678.0000,9103,0,192131080.000,0,-,-,-,-,4676.4000,4675.6000,4673.0000,4672.2000,4672.0000,4678.4000,4678.6000,4679.6000,4682.4000,4683.6000,2,1,1,1,1,1,1,2,1,1
SF,IC2006,2019-11-11 09:34:30.500,4678.0000,9103,0,192131080.000,0,-,-,-,-,4676.4000,4675.6000,4673.0000,4672.2000,4672.0000,4678.0000,4678.4000,4679.6000,4682.4000,4683.6000,2,1,1,1,1,1,1,2,1,1
SF,IC2006,2019-11-11 09:34:31.000,4678.0000,9102,-1,193066680.000,1,0,1,双平,S,4676.4000,4675.6000,4673.0000,4672.2000,4672.0000,4677.8000,4678.4000,4679.6000,4682.4000,4683.6000,2,1,1,1,1,1,1,2,1,1
SF,IC2006,2019-11-11 09:34:31.500,4677.8000,9101,-1,194002240.000,1,0,1,双平,S,4676.4000,4675.6000,4673.0000,4672.2000,4672.0000,4678.2000,4679.6000,4682.4000,4683.6000,4684.0000,2,1,1,1,1,1,2,1,1,1
SF,IC2006,2019-11-11 09:34:32.000,4677.8000,9101,0,194002240.000,0,-,-,-,-,4675.6000,4673.0000,4672.2000,4672.0000,4671.0000,4679.6000,4682.4000,4683.6000,4684.0000,4685.2000,1,1,1,1,1,2,1,1,1,2
SF,IC2006,2019-11-11 09:34:32.500,4677.8000,9101,0,194002240.000,0,-,-,-,-,4675.8000,4675.6000,4673.0000,4672.2000,4672.0000,4677.8000,4679.4000,4679.6000,4682.4000,4684.0000,2,1,1,1,1,1,1,2,1,1
SF,IC2006,2019-11-11 09:34:33.000,4677.8000,9101,0,194002240.000,0,-,-,-,-,4676.0000,4675.8000,4675.6000,4673.0000,4672.2000,4679.6000,4682.4000,4684.0000,4685.2000,4686.4000,1,2,1,1,1,2,1,1,2,5
SF,IC2006,2019-11-11 09:34:33.500,4677.8000,9101,0,194002240.000,0,-,-,-,-,4676.0000,4675.6000,4673.0000,4672.2000,4672.0000,4679.4000,4679.6000,4682.0000,4682.4000,4684.0000,1,1,1,1,1,2,2,1,1,1
SF,IC2006,2019-11-11 09:34:34.000,4677.8000,9101,0,194002240.000,0,-,-,-,-,4675.6000,4673.0000,4672.2000,4672.0000,4671.0000,4678.4000,4678.8000,4679.4000,4679.6000,4682.0000,1,1,1,1,1,1,1,2,2,1
SF,IC2006,2019-11-11 09:34:34.500,4677.8000,9101,0,194002240.000,0,-,-,-,-,4675.6000,4673.0000,4672.2000,4672.0000,4671.0000,4678.2000,4678.4000,4678.8000,4679.6000,4680.6000,1,1,1,1,1,2,1,1,2,1
SF,IC2006,2019-11-11 09:34:35.000,4677.8000,9101,0,194002240.000,0,-,-,-,-,4675.6000,4673.2000,4673.0000,4672.2000,4672.0000,4677.6000,4678.2000,4678.8000,4679.6000,4680.6000,1,1,1,1,1,1,2,1,2,1
SF,IC2006,2019-11-11 09:34:35.500,4677.8000,9101,0,194002240.000,0,-,-,-,-,4675.6000,4673.2000,4673.0000,4672.2000,4672.0000,4677.4000,4677.6000,4678.8000,4679.6000,4680.6000,1,1,1,1,1,1,1,1,2,1
SF,IC2006,2019-11-11 09:34:36.000,4677.8000,9101,0,194002240.000,0,-,-,-,-,4675.6000,4673.2000,4673.0000,4672.2000,4672.0000,4677.4000,4677.6000,4679.6000,4680.6000,4682.0000,1,1,1,1,1,1,2,2,1,1
SF,IC2006,2019-11-11 09:34:36.500,4675.6000,9101,0,194937360.000,1,0,1,多换,S,4673.0000,4672.2000,4672.0000,4671.0000,4670.2000,4676.4000,4677.2000,4677.4000,4677.6000,4679.6000,1,1,1,1,1,1,1,1,1,2
SF,IC2006,2019-11-11 09:34:37.000,4675.6000,9101,0,194937360.000,0,-,-,-,-,4673.2000,4673.0000,4672.2000,4672.0000,4671.0000,4676.4000,4677.2000,4677.6000,4679.6000,4680.6000,2,1,1,1,1,1,1,1,2,1
SF,IC2006,2019-11-11 09:34:37.500,4675.6000,9101,0,194937360.000,0,-,-,-,-,4673.2000,4673.0000,4672.2000,4672.0000,4671.0000,4676.0000,4676.2000,4676.4000,4677.6000,4679.6000,2,1,1,1,1,1,1,1,1,2
SF,IC2006,2019-11-11 09:34:38.000,4675.6000,9101,0,194937360.000,0,-,-,-,-,4673.2000,4673.0000,4672.2000,4672.0000,4671.0000,4676.0000,4676.4000,4679.6000,4680.6000,4682.0000,2,1,1,1,1,2,1,2,1,1
SF,IC2006,2019-11-11 09:34:38.500,4675.6000,9101,0,194937360.000,0,-,-,-,-,4673.4000,4673.0000,4672.2000,4672.0000,4671.0000,4675.8000,4676.0000,4676.4000,4679.6000,4680.6000,1,1,1,1,1,1,2,1,2,1
SF,IC2006,2019-11-11 09:34:39.000,4676.4000,9102,1,198678200.000,4,2,2,空开,S,4673.4000,4673.0000,4672.2000,4672.0000,4671.0000,4677.6000,4679.6000,4680.6000,4682.0000,4682.4000,1,1,1,1,1,1,2,1,1,1
SF,IC2006,2019-11-11 09:34:40.000,4676.4000,9102,0,198678200.000,0,-,-,-,-,4673.6000,4673.4000,4673.2000,4673.0000,4672.2000,4677.6000,4679.6000,4680.6000,4682.0000,4682.4000,1,1,1,1,1,1,2,1,1,1
SF,IC2006,2019-11-11 09:34:40.500,4676.4000,9102,0,198678200.000,0,-,-,-,-,4673.8000,4673.6000,4673.2000,4673.0000,4672.2000,4677.6000,4679.6000,4680.6000,4682.0000,4682.4000,1,1,1,1,1,1,2,1,1,1
SF,IC2006,2019-11-11 09:34:41.000,4676.4000,9102,0,198678200.000,0,-,-,-,-,4673.8000,4673.2000,4673.0000,4672.2000,4672.0000,4677.6000,4679.6000,4680.6000,4682.0000,4682.4000,1,1,1,1,1,1,2,1,1,1
SF,IC2006,2019-11-11 09:34:41.500,4676.4000,9102,0,198678200.000,0,-,-,-,-,4673.8000,4673.2000,4673.0000,4672.2000,4672.0000,4677.4000,4677.6000,4679.6000,4680.6000,4682.0000,1,1,1,1,1,1,1,2,1,1
SF,IC2006,2019-11-11 09:34:42.000,4676.4000,9102,0,198678200.000,0,-,-,-,-,4673.8000,4673.2000,4673.0000,4672.2000,4672.0000,4677.2000,4677.4000,4679.6000,4680.6000,4680.8000,1,1,2,1,1,2,1,2,1,1
SF,IC2006,2019-11-11 09:34:42.500,4677.4000,9102,0,202419960.000,4,2,2,多换,S,4673.8000,4673.2000,4673.0000,4672.2000,4672.0000,4678.0000,4678.2000,4679.6000,4680.6000,4680.8000,1,1,2,1,1,1,1,2,1,1
SF,IC2006,2019-11-11 09:34:43.000,4677.4000,9102,0,202419960.000,0,-,-,-,-,4673.8000,4673.2000,4673.0000,4672.2000,4672.0000,4677.8000,4678.0000,4679.6000,4680.6000,4680.8000,1,1,1,1,1,2,1,2,1,1
SF,IC2006,2019-11-11 09:34:43.500,4677.4000,9102,0,202419960.000,0,-,-,-,-,4673.8000,4673.2000,4673.0000,4672.2000,4672.0000,4677.2000,4677.8000,4678.0000,4679.6000,4680.6000,1,1,1,1,2,1,1,1,2,1
SF,IC2006,2019-11-11 09:34:44.000,4677.4000,9102,0,202419960.000,0,-,-,-,-,4673.8000,4673.2000,4673.0000,4672.2000,4672.0000,4677.2000,4678.0000,4679.6000,4680.6000,4682.0000,1,1,1,1,2,1,1,2,1,1
SF,IC2006,2019-11-11 09:34:44.500,4677.4000,9102,0,202419960.000,0,-,-,-,-,4673.8000,4673.2000,4673.0000,4672.2000,4672.0000,4677.2000,4678.0000,4679.6000,4680.0000,4682.0000,1,1,1,1,1,1,1,2,1,1
SF,IC2006,2019-11-11 09:34:45.500,4677.4000,9102,0,202419960.000,0,-,-,-,-,4673.8000,4673.2000,4673.0000,4672.2000,4672.0000,4677.0000,4677.2000,4678.0000,4679.6000,4680.0000,1,1,1,1,1,1,1,1,2,1
SF,IC2006,2019-11-11 09:34:46.000,4677.2000,9102,0,206161720.000,4,2,2,多换,S,4673.8000,4673.2000,4673.0000,4672.2000,4672.0000,4678.0000,4678.4000,4679.6000,4682.0000,4682.4000,1,1,1,1,1,2,1,2,1,1
SF,IC2006,2019-11-11 09:34:46.500,4677.2000,9102,0,206161720.000,0,-,-,-,-,4673.8000,4673.2000,4673.0000,4672.2000,4672.0000,4677.8000,4678.0000,4679.6000,4682.0000,4682.4000,1,1,1,1,1,2,3,2,1,1
SF,IC2006,2019-11-11 09:34:47.000,4677.2000,9102,0,206161720.000,0,-,-,-,-,4673.8000,4673.2000,4673.0000,4672.2000,4672.0000,4676.8000,4677.8000,4678.0000,4679.0000,4679.6000,1,1,1,1,1,1,2,2,1,2
SF,IC2006,2019-11-11 09:34:47.500,4677.2000,9102,0,206161720.000,0,-,-,-,-,4673.8000,4673.2000,4673.0000,4672.2000,4672.0000,4676.8000,4677.6000,4678.0000,4679.0000,4679.6000,1,1,1,1,1,1,1,1,1,2
SF,IC2006,2019-11-11 09:34:48.000,4677.2000,9102,0,206161720.000,0,-,-,-,-,4673.8000,4673.2000,4673.0000,4672.2000,4672.0000,4676.6000,4676.8000,4677.6000,4678.0000,4679.0000,1,1,1,1,1,1,1,1,1,1
SF,IC2006,2019-11-11 09:34:48.500,4676.6000,9101,-1,207097040.000,1,0,1,双平,S,4673.8000,4673.2000,4673.0000,4672.2000,4672.0000,4674.8000,4677.6000,4678.0000,4679.0000,4679.6000,1,1,1,1,1,1,1,1,1,2
SF,IC2006,2019-11-11 09:34:49.000,4674.8000,9101,0,208032000.000,1,0,1,多换,S,4673.8000,4673.2000,4673.0000,4672.2000,4672.0000,4677.6000,4678.0000,4679.0000,4679.6000,4682.0000,1,1,1,1,1,1,1,1,2,1
SF,IC2006,2019-11-11 09:34:49.500,4674.8000,9101,0,208032000.000,0,-,-,-,-,4673.8000,4673.2000,4673.0000,4672.2000,4672.0000,4677.4000,4677.6000,4678.0000,4679.0000,4679.6000,1,1,1,1,1,1,1,1,1,2
SF,IC2006,2019-11-11 09:34:50.000,4674.8000,9101,0,208032000.000,0,-,-,-,-,4673.8000,4673.2000,4673.0000,4672.2000,4672.0000,4676.8000,4677.4000,4678.0000,4678.8000,4679.0000,1,1,1,1,1,2,1,1,1,1
SF,IC2006,2019-11-11 09:34:50.500,4674.8000,9101,0,208032000.000,0,-,-,-,-,4673.8000,4673.2000,4673.0000,4672.2000,4672.0000,4676.8000,4678.0000,4678.8000,4679.0000,4679.6000,1,1,1,1,1,2,1,1,1,2
SF,IC2006,2019-11-11 09:34:51.500,4674.8000,9101,0,208032000.000,0,-,-,-,-,4673.8000,4673.2000,4673.0000,4672.2000,4672.0000,4676.8000,4678.0000,4678.8000,4679.0000,4679.6000,1,1,1,1,1,2,1,1,1,2
SF,IC2006,2019-11-11 09:34:52.000,4674.8000,9101,0,208032000.000,0,-,-,-,-,4673.8000,4673.2000,4673.0000,4672.2000,4672.0000,4676.2000,4676.8000,4677.0000,4677.4000,4678.0000,1,1,1,1,1,1,1,1,1,1
SF,IC2006,2019-11-11 09:34:52.500,4674.8000,9101,0,208032000.000,0,-,-,-,-,4673.8000,4673.2000,4673.0000,4672.2000,4672.0000,4676.2000,4676.8000,4677.0000,4677.4000,4678.0000,1,1,1,1,1,1,1,1,1,2
SF,IC2006,2019-11-11 09:34:53.000,4674.8000,9101,0,208032000.000,0,-,-,-,-,4673.8000,4673.2000,4673.0000,4672.2000,4672.0000,4676.2000,4676.8000,4677.0000,4677.4000,4677.6000,1,1,1,1,1,1,1,1,1,1
SF,IC2006,2019-11-11 09:34:54.500,4674.8000,9101,0,208032000.000,0,-,-,-,-,4673.8000,4673.2000,4673.0000,4672.2000,4672.0000,4676.2000,4676.8000,4677.0000,4677.4000,4677.6000,1,1,1,1,1,1,1,1,1,1
SF,IC2006,2019-11-11 09:34:55.000,4676.2000,9101,0,209902000.000,2,1,1,多换,S,4676.2000,4673.2000,4673.0000,4672.8000,4672.2000,4676.4000,4676.8000,4677.0000,4677.4000,4677.6000,1,1,1,1,1,1,1,1,1,1
SF,IC2006,2019-11-11 09:34:55.500,4676.2000,9101,0,210837240.000,1,0,1,多换,S,4673.2000,4673.0000,4672.2000,4672.0000,4671.0000,4676.2000,4676.8000,4677.0000,4677.4000,4677.6000,1,1,1,1,1,6,1,1,1,1
SF,IC2006,2019-11-11 09:34:56.000,4676.2000,9101,0,210837240.000,0,-,-,-,-,4673.4000,4673.2000,4673.0000,4672.2000,4672.0000,4676.2000,4677.0000,4677.4000,4677.6000,4677.8000,1,1,1,1,1,6,1,1,1,1
SF,IC2006,2019-11-11 09:34:56.500,4676.2000,9101,0,210837240.000,0,-,-,-,-,4673.4000,4673.2000,4673.0000,4672.2000,4672.0000,4676.2000,4677.0000,4677.4000,4677.6000,4677.8000,1,1,1,1,1,2,1,1,1,1
SF,IC2006,2019-11-11 09:34:58.500,4676.2000,9101,0,210837240.000,0,-,-,-,-,4673.4000,4673.2000,4673.0000,4672.2000,4672.0000,4676.2000,4677.0000,4677.4000,4677.6000,4677.8000,1,1,1,1,1,2,1,1,1,1
SF,IC2006,2019-11-11 09:34:59.000,4676.2000,9101,0,210837240.000,0,-,-,-,-,4673.2000,4673.0000,4672.2000,4672.0000,4671.0000,4674.4000,4676.2000,4677.0000,4677.4000,4677.6000,1,1,1,1,1,1,2,1,1,1
SF,IC2006,2019-11-11 09:34:59.500,4673.2000,9101,0,211771880.000,1,0,1,多换,S,4673.0000,4672.2000,4672.0000,4671.0000,4670.2000,4674.4000,4677.0000,4677.4000,4677.6000,4677.8000,1,1,1,1,1,1,1,1,1,1
SF,IC2006,2019-11-11 09:35:00.000,4675.6000,9102,1,213641880.000,2,1,1,空开,S,4673.2000,4673.0000,4672.2000,4672.0000,4671.0000,4677.0000,4677.6000,4677.8000,4678.0000,4679.6000,1,1,1,1,1,1,1,1,2,2
SF,IC2006,2019-11-11 09:35:00.500,4675.6000,9102,0,213641880.000,0,-,-,-,-,4674.4000,4673.0000,4672.2000,4672.0000,4671.0000,4675.8000,4676.2000,4676.6000,4676.8000,4677.0000,1,1,1,1,1,1,1,3,1,1
SF,IC2006,2019-11-11 09:35:01.000,4673.0000,9103,1,215511360.000,2,1,1,空开,S,4672.2000,4672.0000,4671.0000,4670.2000,4670.0000,4674.4000,4674.8000,4675.6000,4675.8000,4676.2000,1,1,1,1,3,2,7,1,1,1
SF,IC2006,2019-11-11 09:35:01.500,4672.2000,9103,0,216445800.000,1,0,1,多换,S,4672.0000,4671.0000,4670.2000,4670.0000,4666.6000,4674.2000,4675.4000,4675.6000,4676.0000,4676.2000,1,1,1,3,4,3,1,2,1,1
SF,IC2006,2019-11-11 09:35:02.000,4672.2000,9103,0,216445800.000,0,-,-,-,-,4672.0000,4671.0000,4670.2000,4670.0000,4666.6000,4674.2000,4675.0000,4675.4000,4675.6000,4676.0000,1,1,1,3,4,3,1,1,2,1
SF,IC2006,2019-11-11 09:35:02.500,4672.0000,9103,0,217380200.000,1,0,1,多换,S,4671.0000,4670.2000,4670.0000,4666.6000,4666.0000,4674.2000,4675.0000,4675.4000,4675.6000,4676.0000,1,1,3,4,1,3,1,1,2,1
SF,IC2006,2019-11-11 09:35:03.000,4671.0000,9104,1,218314400.000,1,1,0,双开,S,4670.2000,4670.0000,4666.6000,4666.0000,4665.0000,4673.8000,4674.2000,4675.6000,4676.2000,4676.8000,1,3,4,1,2,1,4,2,1,1
SF,IC2006,2019-11-11 09:35:03.500,4671.0000,9104,0,218314400.000,0,-,-,-,-,4670.4000,4670.2000,4670.0000,4666.6000,4666.0000,4673.6000,4673.8000,4674.2000,4675.0000,4675.6000,1,1,3,4,1,3,2,1,1,2
