市场代码,合约代码,时间,最新,持仓,增仓,成交额,成交量,开仓,平仓,成交类型,方向,买一价,买二价,买三价,买四价,买五价,卖一价,卖二价,卖三价,卖四价,卖五价,买一量,买二量,买三量,买四量,买五量,卖一量,卖二量,卖三量,卖四量,卖五量
SF,IC2012,2020-05-26 09:29:00.000,4963.0000,16604,0,4963000.000,5.000,-,-,-,-,4962.4000,4960.4000,4960.0000,4958.0000,4952.6000,4964.0000,4970.0000,4975.0000,4978.8000,4979.8000,1,5,1,1,1,1,1,1,5,5
SF,IC2012,2020-05-26 09:30:00.500,4964.0000,16608,4,12905400.000,8,6,2,空开,S,4967.4000,4966.8000,4966.6000,4966.4000,4966.2000,4969.4000,4969.8000,4970.0000,4975.0000,4978.8000,1,1,5,1,4,1,1,1,1,5
SF,IC2012,2020-05-26 09:30:01.000,4969.4000,16607,-1,13899280.000,1,0,1,双平,S,4968.0000,4967.6000,4967.4000,4966.6000,4966.4000,4969.8000,4970.0000,4975.0000,4978.8000,4979.8000,1,2,1,5,2,1,1,1,5,5
SF,IC2012,2020-05-26 09:30:01.500,4970.0000,16605,-2,16881240.000,3,0,3,多平,S,4970.2000,4970.0000,4969.6000,4967.6000,4967.4000,4975.0000,4978.8000,4979.8000,4980.0000,4986.4000,2,4,1,1,1,1,5,5,1,1
SF,IC2012,2020-05-26 09:30:02.000,4970.0000,16603,-2,18869240.000,2,0,2,双平,S,4970.2000,4970.0000,4968.2000,4966.6000,4965.2000,4974.8000,4975.0000,4978.8000,4979.8000,4980.0000,2,4,1,5,1,2,1,5,5,1
SF,IC2012,2020-05-26 09:30:02.500,4970.0000,16603,0,18869240.000,0,-,-,-,-,4970.4000,4970.2000,4970.0000,4966.6000,4965.2000,4971.0000,4974.2000,4974.6000,4974.8000,4975.0000,1,2,4,5,1,1,3,2,1,1
SF,IC2012,2020-05-26 09:30:03.000,4971.0000,16601,-2,22846000.000,4,1,3,多平,S,4970.0000,4966.6000,4965.2000,4965.0000,4964.8000,4970.4000,4974.6000,4974.8000,4975.0000,4978.8000,4,6,1,2,6,1,3,1,1,5
SF,IC2012,2020-05-26 09:30:03.500,4970.4000,16600,-1,24834280.000,2,0,2,多平,S,4970.4000,4970.0000,4966.6000,4965.2000,4965.0000,4974.6000,4974.8000,4975.0000,4976.4000,4978.8000,3,4,6,1,2,2,1,1,1,5
SF,IC2012,2020-05-26 09:30:04.000,4970.4000,16600,0,24834280.000,0,-,-,-,-,4970.6000,4970.4000,4970.0000,4966.6000,4965.2000,4974.4000,4974.6000,4975.0000,4976.4000,4978.8000,1,1,4,6,1,2,2,1,1,5
SF,IC2012,2020-05-26 09:30:04.500,4970.4000,16600,0,24834280.000,0,-,-,-,-,4970.6000,4970.0000,4966.6000,4965.2000,4965.0000,4974.4000,4974.6000,4975.0000,4976.4000,4978.8000,1,4,6,1,2,2,2,1,1,5
SF,IC2012,2020-05-26 09:30:05.000,4970.6000,16599,-1,25828400.000,1,0,1,双平,S,4970.0000,4966.6000,4965.2000,4965.0000,4964.8000,4972.2000,4974.2000,4974.4000,4974.6000,4975.0000,4,1,1,2,6,1,2,3,1,1
SF,IC2012,2020-05-26 09:30:05.500,4972.0000,16598,-1,27817200.000,2,0,2,多平,S,4970.0000,4966.6000,4965.2000,4965.0000,4964.8000,4972.0000,4974.2000,4974.4000,4974.6000,4975.0000,4,1,1,2,6,1,2,2,1,1
SF,IC2012,2020-05-26 09:30:06.000,4972.0000,16598,0,27817200.000,0,-,-,-,-,4970.0000,4966.6000,4965.0000,4964.8000,4964.6000,4971.8000,4972.0000,4974.2000,4974.4000,4974.6000,4,1,2,6,1,1,1,2,2,1
SF,IC2012,2020-05-26 09:30:07.000,4970.0000,16596,-2,29805200.000,2,0,2,双平,S,4970.0000,4966.6000,4965.0000,4964.8000,4964.6000,4971.8000,4972.0000,4974.2000,4974.4000,4974.6000,2,1,2,6,1,1,1,2,2,1
SF,IC2012,2020-05-26 09:30:07.500,4970.0000,16597,1,32787520.000,3,2,1,空开,S,4965.0000,4964.8000,4964.6000,4964.4000,4964.2000,4970.0000,4971.8000,4972.0000,4974.2000,4974.4000,2,6,1,8,17,1,1,1,2,2
SF,IC2012,2020-05-26 09:30:08.000,4969.8000,16596,-1,34775480.000,2,0,2,多平,S,4969.8000,4969.2000,4968.8000,4966.4000,4965.2000,4971.8000,4972.0000,4974.2000,4974.4000,4974.6000,1,1,1,1,4,1,1,2,1,1
SF,IC2012,2020-05-26 09:30:08.500,4970.8000,16595,-1,36763600.000,2,0,2,多平,S,4968.0000,4966.4000,4966.0000,4965.2000,4965.0000,4972.0000,4974.2000,4974.4000,4975.0000,4976.4000,1,1,1,3,2,1,2,1,1,1
SF,IC2012,2020-05-26 09:30:09.000,4970.8000,16595,0,36763600.000,0,-,-,-,-,4970.0000,4968.2000,4965.2000,4965.0000,4964.8000,4971.8000,4972.0000,4974.2000,4974.4000,4975.0000,1,1,2,2,6,1,1,2,1,1
SF,IC2012,2020-05-26 09:30:09.500,4970.0000,16595,0,37757600.000,1,0,1,多换,S,4965.2000,4965.0000,4964.8000,4964.4000,4964.2000,4972.0000,4974.2000,4974.4000,4975.0000,4976.4000,2,2,1,8,16,1,2,1,1,1
SF,IC2012,2020-05-26 09:30:10.000,4965.4000,16595,0,38750680.000,1,0,1,多换,S,4965.2000,4965.0000,4964.8000,4964.4000,4964.2000,4968.0000,4971.8000,4972.0000,4974.2000,4974.4000,2,2,1,8,16,1,2,1,1,1
SF,IC2012,2020-05-26 09:30:10.500,4965.4000,16595,0,38750680.000,0,-,-,-,-,4965.6000,4965.2000,4965.0000,4964.8000,4964.4000,4968.0000,4971.8000,4972.0000,4974.2000,4974.4000,1,2,2,1,8,1,1,1,1,1
SF,IC2012,2020-05-26 09:30:11.000,4965.4000,16594,-1,39743760.000,1,0,1,双平,S,4965.8000,4965.2000,4965.0000,4964.8000,4964.4000,4967.8000,4968.0000,4972.0000,4974.2000,4974.4000,1,1,2,1,8,1,1,1,1,1
SF,IC2012,2020-05-26 09:30:11.500,4965.8000,16591,-3,42724080.000,3,0,3,双平,S,4967.6000,4967.0000,4965.8000,4965.6000,4965.0000,4972.0000,4974.2000,4974.4000,4975.0000,4976.4000,1,1,2,1,2,1,1,1,1,1
SF,IC2012,2020-05-26 09:30:12.000,4971.8000,16591,0,43718440.000,1,0,1,多换,S,4965.8000,4965.6000,4965.0000,4964.8000,4964.4000,4971.8000,4972.0000,4974.2000,4974.4000,4975.0000,2,1,2,1,8,1,1,1,1,1
SF,IC2012,2020-05-26 09:30:12.500,4971.8000,16591,0,43718440.000,0,-,-,-,-,4966.0000,4965.8000,4965.6000,4965.0000,4964.8000,4971.6000,4971.8000,4972.0000,4974.2000,4974.4000,1,2,1,2,1,1,1,1,1,1
SF,IC2012,2020-05-26 09:30:13.000,4971.8000,16591,0,43718440.000,0,-,-,-,-,4966.2000,4966.0000,4965.8000,4965.6000,4965.0000,4971.4000,4971.6000,4972.0000,4974.2000,4974.4000,2,1,1,1,2,1,1,1,1,1
SF,IC2012,2020-05-26 09:30:13.500,4971.8000,16591,0,43718440.000,0,-,-,-,-,4966.4000,4966.2000,4965.6000,4965.0000,4964.8000,4971.2000,4971.4000,4972.0000,4974.2000,4974.4000,1,2,1,2,1,1,1,1,1,1
SF,IC2012,2020-05-26 09:30:14.000,4971.8000,16591,0,43718440.000,0,-,-,-,-,4966.4000,4966.2000,4965.6000,4965.0000,4964.8000,4970.8000,4971.0000,4971.2000,4972.0000,4974.2000,2,2,1,2,1,1,1,3,1,1
SF,IC2012,2020-05-26 09:30:14.500,4971.8000,16591,0,43718440.000,0,-,-,-,-,4966.4000,4966.2000,4965.0000,4964.8000,4964.4000,4970.4000,4970.6000,4970.8000,4971.2000,4972.0000,1,1,2,1,8,1,2,1,3,1
SF,IC2012,2020-05-26 09:30:15.000,4971.8000,16591,0,43718440.000,0,-,-,-,-,4965.0000,4964.4000,4964.2000,4964.0000,4962.4000,4966.4000,4968.4000,4970.2000,4970.4000,4970.6000,2,8,16,8,2,1,1,3,1,1
SF,IC2012,2020-05-26 09:30:15.500,4966.4000,16590,-1,45704760.000,2,0,2,多平,S,4966.0000,4965.0000,4964.4000,4964.2000,4964.0000,4970.2000,4970.4000,4970.6000,4970.8000,4971.2000,1,2,8,16,7,7,1,2,1,3
SF,IC2012,2020-05-26 09:30:16.000,4966.0000,16589,-1,46697960.000,1,0,1,双平,S,4965.0000,4964.4000,4964.2000,4964.0000,4962.4000,4966.4000,4967.2000,4969.2000,4970.2000,4970.4000,2,8,16,7,2,2,1,1,6,1
SF,IC2012,2020-05-26 09:30:16.500,4966.4000,16587,-2,48684520.000,2,0,2,双平,S,4966.4000,4965.0000,4964.4000,4964.2000,4964.0000,4969.2000,4970.2000,4970.4000,4970.6000,4971.2000,2,2,8,16,7,1,2,1,1,3
SF,IC2012,2020-05-26 09:30:17.000,4966.4000,16587,0,48684520.000,0,-,-,-,-,4966.6000,4966.4000,4965.0000,4964.4000,4964.2000,4969.2000,4970.2000,4970.4000,4970.6000,4971.2000,1,2,2,8,16,1,2,1,1,3
SF,IC2012,2020-05-26 09:30:17.500,4966.4000,16587,0,48684520.000,0,-,-,-,-,4966.8000,4966.6000,4966.4000,4965.0000,4964.4000,4969.2000,4970.2000,4970.4000,4971.2000,4972.0000,2,1,2,2,8,1,2,2,3,1
SF,IC2012,2020-05-26 09:30:18.000,4966.4000,16587,0,48684520.000,0,-,-,-,-,4967.0000,4966.8000,4966.4000,4965.0000,4964.4000,4970.2000,4970.4000,4971.2000,4972.0000,4974.4000,1,2,2,2,8,2,2,1,1,1
SF,IC2012,2020-05-26 09:30:18.500,4966.4000,16587,0,48684520.000,0,-,-,-,-,4967.2000,4967.0000,4966.8000,4966.4000,4965.0000,4970.2000,4972.0000,4974.4000,4975.0000,4976.4000,1,1,2,2,2,1,1,1,2,1
SF,IC2012,2020-05-26 09:30:19.000,4966.4000,16587,0,48684520.000,0,-,-,-,-,4967.4000,4967.2000,4966.8000,4966.4000,4965.0000,4972.0000,4974.4000,4975.0000,4976.4000,4978.8000,1,1,2,2,2,1,1,2,1,5
SF,IC2012,2020-05-26 09:30:19.500,4966.4000,16587,0,48684520.000,0,-,-,-,-,4967.6000,4967.4000,4966.8000,4966.4000,4965.0000,4971.8000,4972.0000,4974.4000,4975.0000,4976.4000,1,2,2,2,2,2,1,1,2,1
SF,IC2012,2020-05-26 09:30:20.000,4969.8000,16586,-1,49678480.000,1,0,1,双平,S,4967.8000,4967.6000,4967.4000,4966.8000,4966.4000,4971.8000,4972.0000,4974.4000,4975.0000,4976.4000,1,1,1,2,2,2,1,1,2,1
SF,IC2012,2020-05-26 09:30:20.500,4969.8000,16586,0,49678480.000,0,-,-,-,-,4968.0000,4967.4000,4966.8000,4966.4000,4965.0000,4971.8000,4972.0000,4974.4000,4975.0000,4976.4000,1,1,2,2,1,2,1,1,2,1
SF,IC2012,2020-05-26 09:30:21.000,4970.0000,16585,-1,50672480.000,1,0,1,双平,S,4968.2000,4968.0000,4967.4000,4966.8000,4966.4000,4970.4000,4971.2000,4971.8000,4972.0000,4973.0000,1,1,1,2,2,1,1,2,1,1
SF,IC2012,2020-05-26 09:30:21.500,4968.2000,16584,-1,51666120.000,1,0,1,双平,S,4968.0000,4967.4000,4966.8000,4966.4000,4965.0000,4970.4000,4971.2000,4971.8000,4972.0000,4973.0000,1,1,2,1,1,1,1,2,1,1
SF,IC2012,2020-05-26 09:30:22.000,4968.2000,16584,0,51666120.000,0,-,-,-,-,4968.2000,4968.0000,4967.4000,4966.8000,4966.4000,4970.2000,4971.8000,4972.0000,4973.0000,4974.4000,1,1,1,2,1,1,1,1,1,1
SF,IC2012,2020-05-26 09:30:22.500,4970.2000,16583,-1,52660160.000,1,0,1,双平,S,4968.2000,4968.0000,4967.4000,4966.8000,4966.4000,4971.8000,4972.0000,4973.0000,4974.4000,4975.0000,1,1,1,2,1,1,1,1,1,2
SF,IC2012,2020-05-26 09:30:23.000,4970.2000,16583,0,52660160.000,0,-,-,-,-,4970.2000,4968.4000,4967.4000,4966.8000,4966.4000,4971.0000,4971.6000,4971.8000,4972.0000,4973.0000,1,1,1,2,2,1,1,1,1,1
SF,IC2012,2020-05-26 09:30:23.500,4970.2000,16582,-1,53654200.000,1,0,1,双平,S,4968.4000,4967.4000,4966.8000,4966.4000,4966.0000,4970.0000,4970.8000,4971.0000,4972.0000,4973.0000,1,1,2,1,2,1,1,1,1,1
SF,IC2012,2020-05-26 09:30:24.000,4969.8000,16582,0,54648160.000,1,0,1,多换,S,4967.4000,4966.8000,4966.4000,4966.0000,4965.0000,4970.0000,4970.8000,4971.0000,4972.0000,4973.0000,1,2,1,2,1,1,2,1,1,1
SF,IC2012,2020-05-26 09:30:24.500,4969.8000,16582,0,54648160.000,0,-,-,-,-,4967.6000,4967.4000,4966.8000,4966.4000,4966.0000,4970.0000,4970.8000,4971.0000,4972.0000,4973.0000,1,1,2,1,2,2,1,1,1,1
SF,IC2012,2020-05-26 09:30:25.000,4969.8000,16582,0,54648160.000,0,-,-,-,-,4967.6000,4967.4000,4966.8000,4966.4000,4966.0000,4970.0000,4970.8000,4971.0000,4972.0000,4973.0000,1,1,2,1,2,2,1,1,1,1
SF,IC2012,2020-05-26 09:30:25.500,4969.8000,16582,0,54648160.000,0,-,-,-,-,4967.6000,4967.4000,4966.8000,4966.4000,4966.0000,4969.8000,4970.0000,4970.8000,4971.0000,4972.0000,1,1,2,1,2,1,2,1,1,1
SF,IC2012,2020-05-26 09:30:26.000,4969.8000,16582,0,55642120.000,1,0,1,多换,S,4968.0000,4967.6000,4967.4000,4966.8000,4966.4000,4969.6000,4970.0000,4970.8000,4971.0000,4972.0000,1,1,1,2,1,1,2,1,1,1
SF,IC2012,2020-05-26 09:30:26.500,4969.8000,16582,0,55642120.000,0,-,-,-,-,4968.0000,4967.6000,4967.4000,4966.8000,4966.4000,4969.6000,4970.0000,4970.8000,4971.0000,4972.0000,1,1,1,2,1,1,2,1,2,1
SF,IC2012,2020-05-26 09:30:28.000,4968.0000,16582,0,56635720.000,1,0,1,多换,S,4967.6000,4967.4000,4966.8000,4966.4000,4966.0000,4969.6000,4970.0000,4970.8000,4971.0000,4972.0000,1,1,2,1,2,1,2,1,2,1
SF,IC2012,2020-05-26 09:30:28.500,4968.0000,16582,0,56635720.000,0,-,-,-,-,4967.6000,4967.4000,4967.0000,4966.8000,4966.4000,4968.0000,4969.4000,4969.6000,4970.0000,4971.0000,1,1,1,2,1,1,2,1,2,2
SF,IC2012,2020-05-26 09:30:29.000,4968.0000,16581,-1,58622840.000,2,0,2,多平,S,4967.4000,4967.0000,4966.4000,4966.0000,4965.8000,4968.0000,4969.4000,4969.6000,4970.0000,4971.0000,1,1,1,2,1,1,2,1,2,2
SF,IC2012,2020-05-26 09:30:29.500,4968.0000,16582,1,61603440.000,3,2,1,空开,S,4967.0000,4966.4000,4966.0000,4965.8000,4965.0000,4968.0000,4969.4000,4969.6000,4970.0000,4971.0000,1,1,2,1,1,2,2,1,2,2
SF,IC2012,2020-05-26 09:30:30.000,4968.0000,16582,0,62597040.000,1,0,1,多换,S,4967.0000,4966.4000,4966.0000,4965.8000,4965.0000,4968.0000,4969.4000,4969.6000,4970.0000,4971.0000,1,1,2,1,1,1,2,1,2,2
SF,IC2012,2020-05-26 09:30:30.500,4968.0000,16582,0,62597040.000,0,-,-,-,-,4967.0000,4966.4000,4966.0000,4965.8000,4965.0000,4967.8000,4968.0000,4969.4000,4970.0000,4971.0000,1,1,2,1,1,1,1,2,2,2
SF,IC2012,2020-05-26 09:30:31.000,4968.0000,16582,0,63590640.000,1,0,1,多换,S,4967.0000,4966.4000,4966.0000,4965.8000,4965.0000,4968.0000,4969.4000,4970.0000,4971.0000,4971.4000,1,1,2,1,1,1,2,2,2,1
SF,IC2012,2020-05-26 09:30:32.000,4968.0000,16582,0,63590640.000,0,-,-,-,-,4967.0000,4966.4000,4966.0000,4965.8000,4965.0000,4968.0000,4969.4000,4970.0000,4971.0000,4971.2000,1,1,2,1,1,1,2,2,2,1
SF,IC2012,2020-05-26 09:30:32.500,4967.0000,16582,0,64584040.000,1,0,1,多换,S,4966.4000,4966.0000,4965.8000,4965.0000,4964.4000,4968.0000,4969.4000,4970.0000,4971.0000,4971.2000,1,2,1,1,8,1,2,2,2,1
SF,IC2012,2020-05-26 09:30:33.000,4967.0000,16582,0,64584040.000,0,-,-,-,-,4966.6000,4966.4000,4966.0000,4965.8000,4965.0000,4968.0000,4969.4000,4970.0000,4971.0000,4971.2000,1,1,2,1,1,1,2,2,2,1
SF,IC2012,2020-05-26 09:30:33.500,4968.0000,16582,0,65577640.000,1,0,1,多换,S,4968.0000,4966.6000,4966.4000,4966.0000,4965.8000,4969.4000,4970.0000,4971.0000,4971.2000,4971.4000,1,1,1,2,1,2,2,2,1,1
SF,IC2012,2020-05-26 09:30:34.000,4968.0000,16582,0,65577640.000,0,-,-,-,-,4968.0000,4966.6000,4966.4000,4966.0000,4965.8000,4969.4000,4970.0000,4971.0000,4971.2000,4971.4000,1,1,1,2,1,1,2,2,1,1
SF,IC2012,2020-05-26 09:30:34.500,4968.0000,16582,0,65577640.000,0,-,-,-,-,4968.0000,4966.6000,4966.4000,4966.0000,4965.8000,4969.4000,4970.0000,4971.0000,4971.2000,4971.4000,1,1,1,2,1,1,2,2,1,1
SF,IC2012,2020-05-26 09:30:35.000,4968.0000,16582,0,65577640.000,0,-,-,-,-,4968.0000,4966.6000,4966.4000,4966.0000,4965.8000,4969.4000,4970.0000,4971.0000,4971.2000,4971.4000,1,1,1,2,1,1,2,2,1,1
SF,IC2012,2020-05-26 09:30:35.500,4968.0000,16582,0,65577640.000,0,-,-,-,-,4968.0000,4966.6000,4966.4000,4966.0000,4965.8000,4969.4000,4970.0000,4971.0000,4971.2000,4971.4000,2,1,1,2,1,1,2,2,1,1
SF,IC2012,2020-05-26 09:30:36.000,4968.0000,16582,0,65577640.000,0,-,-,-,-,4968.0000,4966.6000,4966.4000,4966.0000,4965.8000,4969.4000,4969.6000,4970.0000,4971.0000,4971.2000,1,1,1,2,1,1,1,2,2,1
SF,IC2012,2020-05-26 09:30:36.500,4968.0000,16581,-1,66571240.000,1,0,1,双平,S,4966.6000,4966.4000,4966.0000,4965.8000,4965.0000,4969.4000,4969.6000,4970.0000,4971.0000,4971.2000,1,1,2,1,1,1,1,2,2,1
SF,IC2012,2020-05-26 09:30:37.000,4968.0000,16581,0,66571240.000,0,-,-,-,-,4966.6000,4966.4000,4966.0000,4965.8000,4965.0000,4969.2000,4969.4000,4969.6000,4970.0000,4971.0000,1,1,2,1,1,2,1,1,2,2
SF,IC2012,2020-05-26 09:30:37.500,4968.0000,16581,0,66571240.000,0,-,-,-,-,4966.6000,4966.4000,4966.0000,4965.8000,4965.0000,4969.0000,4969.2000,4969.6000,4970.0000,4971.0000,1,1,2,1,1,1,2,1,2,2
SF,IC2012,2020-05-26 09:30:39.500,4969.0000,16580,-1,67565040.000,1,0,1,双平,S,4967.0000,4966.6000,4966.4000,4966.0000,4965.8000,4969.2000,4969.6000,4970.0000,4971.0000,4971.2000,1,1,1,2,1,2,1,2,2,1
SF,IC2012,2020-05-26 09:30:40.000,4969.0000,16580,0,67565040.000,0,-,-,-,-,4967.2000,4967.0000,4966.4000,4966.0000,4965.8000,4969.2000,4969.6000,4970.0000,4971.0000,4971.2000,1,1,1,2,1,1,1,2,2,1
SF,IC2012,2020-05-26 09:30:40.500,4969.0000,16580,0,67565040.000,0,-,-,-,-,4967.2000,4967.0000,4966.4000,4966.0000,4965.8000,4969.2000,4969.6000,4970.0000,4971.0000,4971.2000,1,1,1,2,1,1,1,2,2,1
SF,IC2012,2020-05-26 09:30:41.500,4969.2000,16579,-1,68558880.000,1,0,1,双平,S,4967.2000,4967.0000,4966.4000,4966.0000,4965.8000,4969.6000,4970.0000,4971.0000,4971.2000,4972.0000,1,1,1,2,1,1,2,2,1,2
SF,IC2012,2020-05-26 09:30:42.000,4969.2000,16579,0,68558880.000,0,-,-,-,-,4967.2000,4967.0000,4966.4000,4966.0000,4965.8000,4969.4000,4969.6000,4970.0000,4971.0000,4971.2000,1,1,1,2,1,1,1,2,2,1
SF,IC2012,2020-05-26 09:30:42.500,4969.2000,16579,0,68558880.000,0,-,-,-,-,4967.0000,4966.8000,4966.4000,4966.0000,4965.8000,4969.4000,4969.6000,4970.0000,4971.0000,4971.2000,1,1,1,2,1,1,1,2,2,1
SF,IC2012,2020-05-26 09:30:43.000,4969.2000,16579,0,68558880.000,0,-,-,-,-,4967.0000,4966.8000,4966.4000,4966.0000,4965.8000,4969.2000,4969.4000,4969.6000,4970.0000,4971.0000,1,1,1,2,1,1,1,1,2,2
SF,IC2012,2020-05-26 09:30:43.500,4969.2000,16579,0,68558880.000,0,-,-,-,-,4967.0000,4966.8000,4966.4000,4966.0000,4965.8000,4969.0000,4969.2000,4969.6000,4970.0000,4971.0000,1,1,1,2,1,1,1,1,2,2
SF,IC2012,2020-05-26 09:30:44.000,4967.0000,16579,0,69552280.000,1,0,1,多换,S,4966.8000,4966.4000,4966.0000,4965.8000,4965.0000,4969.0000,4969.2000,4969.6000,4970.0000,4971.0000,1,1,2,1,1,1,1,1,2,2
SF,IC2012,2020-05-26 09:30:44.500,4967.0000,16579,0,69552280.000,0,-,-,-,-,4966.8000,4966.4000,4966.0000,4965.8000,4965.0000,4968.8000,4969.0000,4969.6000,4970.0000,4971.0000,1,1,2,1,1,1,2,1,2,2
SF,IC2012,2020-05-26 09:30:45.000,4967.0000,16578,-1,70545680.000,1,0,1,双平,S,4966.8000,4966.4000,4966.0000,4965.8000,4965.0000,4969.0000,4969.6000,4970.0000,4971.0000,4971.2000,1,1,2,1,1,2,1,2,2,2
SF,IC2012,2020-05-26 09:30:47.500,4967.0000,16578,0,70545680.000,0,-,-,-,-,4967.0000,4966.8000,4966.4000,4966.0000,4965.8000,4969.0000,4969.6000,4970.0000,4971.0000,4971.2000,1,1,1,2,1,2,1,2,2,2
SF,IC2012,2020-05-26 09:30:48.000,4967.0000,16578,0,70545680.000,0,-,-,-,-,4967.0000,4966.8000,4966.4000,4966.0000,4965.8000,4969.0000,4969.4000,4969.6000,4970.0000,4971.0000,1,1,1,2,1,2,1,1,2,2
SF,IC2012,2020-05-26 09:30:50.000,4966.8000,16578,0,72532440.000,2,1,1,多换,S,4966.4000,4966.0000,4965.8000,4965.0000,4964.4000,4969.0000,4969.4000,4969.6000,4970.0000,4971.0000,1,2,1,1,8,2,1,1,2,2
SF,IC2012,2020-05-26 09:30:50.500,4966.8000,16578,0,72532440.000,0,-,-,-,-,4966.4000,4966.0000,4965.8000,4965.0000,4964.4000,4968.8000,4969.0000,4969.4000,4969.6000,4970.0000,1,2,1,1,8,1,2,1,1,2
SF,IC2012,2020-05-26 09:30:51.000,4966.4000,16578,0,73525720.000,1,0,1,多换,S,4966.0000,4965.8000,4965.0000,4964.4000,4964.2000,4968.6000,4968.8000,4969.0000,4969.4000,4969.6000,2,1,1,8,16,1,1,1,1,1
SF,IC2012,2020-05-26 09:30:51.500,4966.0000,16577,-1,74518920.000,1,0,1,双平,S,4966.0000,4965.8000,4965.0000,4964.4000,4964.2000,4968.4000,4968.6000,4969.0000,4969.4000,4969.6000,1,1,1,8,16,1,1,1,1,1
SF,IC2012,2020-05-26 09:30:52.000,4966.0000,16576,-1,75512120.000,1,0,1,双平,S,4965.8000,4965.0000,4964.4000,4964.2000,4964.0000,4968.2000,4968.4000,4969.0000,4969.4000,4969.6000,1,1,8,16,7,1,1,1,1,1
SF,IC2012,2020-05-26 09:30:52.500,4966.0000,16576,0,75512120.000,0,-,-,-,-,4965.8000,4965.0000,4964.4000,4964.2000,4964.0000,4968.0000,4968.2000,4969.0000,4969.4000,4969.6000,1,1,8,16,7,1,1,1,1,1
SF,IC2012,2020-05-26 09:30:53.000,4966.0000,16576,0,75512120.000,0,-,-,-,-,4965.8000,4965.0000,4964.4000,4964.2000,4964.0000,4967.8000,4968.0000,4969.0000,4969.4000,4969.6000,1,1,8,16,7,1,1,1,1,1
SF,IC2012,2020-05-26 09:30:53.500,4966.0000,16576,0,75512120.000,0,-,-,-,-,4965.8000,4965.0000,4964.4000,4964.2000,4964.0000,4967.6000,4967.8000,4969.0000,4969.4000,4969.6000,1,1,8,16,7,1,1,1,1,1
SF,IC2012,2020-05-26 09:30:54.000,4966.0000,16576,0,75512120.000,0,-,-,-,-,4965.8000,4965.0000,4964.4000,4964.2000,4964.0000,4967.4000,4967.6000,4969.0000,4969.4000,4970.0000,1,1,8,16,7,1,1,1,1,3
SF,IC2012,2020-05-26 09:30:55.500,4966.0000,16576,0,75512120.000,0,-,-,-,-,4965.8000,4965.0000,4964.4000,4964.2000,4964.0000,4967.4000,4967.6000,4969.0000,4969.4000,4970.0000,1,1,8,16,7,1,1,1,1,3
SF,IC2012,2020-05-26 09:30:56.000,4965.8000,16576,0,76505280.000,1,0,1,多换,S,4965.0000,4964.4000,4964.2000,4964.0000,4962.4000,4965.8000,4967.4000,4967.6000,4969.0000,4969.4000,1,8,16,7,1,1,1,1,1,1
SF,IC2012,2020-05-26 09:30:56.500,4965.8000,16575,-1,77498440.000,1,0,1,双平,S,4965.0000,4964.4000,4964.2000,4964.0000,4962.4000,4965.8000,4967.4000,4967.6000,4969.0000,4969.4000,1,8,16,7,1,2,1,1,1,1
SF,IC2012,2020-05-26 09:30:57.000,4965.8000,16575,0,77498440.000,0,-,-,-,-,4965.0000,4964.4000,4964.2000,4964.0000,4962.4000,4967.4000,4967.6000,4969.0000,4969.4000,4970.0000,1,8,16,7,1,1,1,1,1,3
SF,IC2012,2020-05-26 09:30:57.500,4965.8000,16575,0,77498440.000,0,-,-,-,-,4965.0000,4964.4000,4964.2000,4964.0000,4962.4000,4967.2000,4967.4000,4969.0000,4969.4000,4970.0000,1,8,16,7,1,1,1,1,1,3
SF,IC2012,2020-05-26 09:30:58.000,4965.0000,16575,0,78491440.000,1,0,1,多换,S,4964.4000,4964.2000,4964.0000,4962.4000,4960.0000,4967.0000,4967.2000,4969.0000,4969.4000,4970.0000,8,16,7,1,2,1,1,1,1,3
SF,IC2012,2020-05-26 09:30:58.500,4965.0000,16575,0,78491440.000,0,-,-,-,-,4964.4000,4964.2000,4964.0000,4962.4000,4960.0000,4966.8000,4967.0000,4969.0000,4969.4000,4970.0000,8,16,7,1,2,1,1,1,1,3
SF,IC2012,2020-05-26 09:30:59.000,4965.0000,16575,0,78491440.000,0,-,-,-,-,4964.4000,4964.2000,4964.0000,4962.4000,4960.0000,4966.6000,4966.8000,4969.0000,4969.4000,4970.0000,8,16,7,1,2,1,1,1,1,3
SF,IC2012,2020-05-26 09:30:59.500,4965.0000,16575,0,78491440.000,0,-,-,-,-,4964.4000,4964.2000,4964.0000,4962.4000,4960.0000,4966.6000,4966.8000,4969.0000,4969.4000,4970.0000,8,16,7,1,2,2,1,1,1,3
SF,IC2012,2020-05-26 09:31:00.000,4965.0000,16575,0,78491440.000,0,-,-,-,-,4964.4000,4964.2000,4964.0000,4962.4000,4960.0000,4965.0000,4966.6000,4966.8000,4969.0000,4969.4000,8,16,7,1,2,1,2,1,1,1
SF,IC2012,2020-05-26 09:31:00.500,4965.0000,16575,0,79484440.000,1,0,1,多换,S,4965.0000,4964.4000,4964.2000,4964.0000,4962.4000,4966.6000,4966.8000,4969.0000,4969.4000,4970.0000,1,8,16,7,1,1,1,1,1,3
SF,IC2012,2020-05-26 09:31:01.000,4965.0000,16575,0,79484440.000,0,-,-,-,-,4964.4000,4964.2000,4964.0000,4962.4000,4961.8000,4965.0000,4966.4000,4966.6000,4966.8000,4969.0000,8,16,7,1,2,1,1,1,1,1
SF,IC2012,2020-05-26 09:31:01.500,4965.0000,16575,0,81470440.000,2,1,1,多换,S,4966.4000,4964.4000,4964.2000,4964.0000,4962.4000,4966.6000,4969.0000,4969.4000,4970.0000,4971.0000,1,8,16,7,1,1,1,1,3,2
SF,IC2012,2020-05-26 09:31:02.000,4966.4000,16573,-2,83457040.000,2,0,2,双平,S,4966.6000,4964.4000,4964.2000,4964.0000,4962.4000,4969.0000,4969.4000,4970.0000,4971.0000,4971.2000,1,8,16,7,1,1,1,3,2,2
SF,IC2012,2020-05-26 09:31:02.500,4966.4000,16573,0,83457040.000,0,-,-,-,-,4966.6000,4964.4000,4964.2000,4964.0000,4962.4000,4968.8000,4969.0000,4969.4000,4970.0000,4971.0000,1,8,16,7,1,4,1,1,3,2
SF,IC2012,2020-05-26 09:31:03.000,4966.4000,16573,0,83457040.000,0,-,-,-,-,4966.8000,4966.6000,4964.4000,4964.2000,4964.0000,4968.8000,4969.0000,4969.4000,4970.0000,4971.0000,1,1,8,16,7,1,1,1,3,2
SF,IC2012,2020-05-26 09:31:04.500,4968.8000,16572,-1,84450800.000,1,0,1,双平,S,4966.8000,4966.6000,4964.4000,4964.2000,4964.0000,4969.0000,4969.4000,4970.0000,4971.0000,4971.2000,3,1,8,16,7,1,1,3,2,2
SF,IC2012,2020-05-26 09:31:05.500,4966.8000,16571,-1,85444160.000,1,0,1,双平,S,4966.8000,4966.6000,4964.4000,4964.2000,4964.0000,4969.0000,4969.4000,4970.0000,4971.0000,4971.2000,2,1,8,16,7,1,1,3,2,2
SF,IC2012,2020-05-26 09:31:06.000,4966.8000,16571,0,85444160.000,0,-,-,-,-,4967.0000,4966.8000,4966.6000,4964.4000,4964.2000,4969.0000,4969.4000,4970.0000,4971.0000,4971.2000,1,2,1,8,16,1,1,3,2,2
SF,IC2012,2020-05-26 09:31:07.000,4966.8000,16571,0,85444160.000,0,-,-,-,-,4967.2000,4967.0000,4966.6000,4964.4000,4964.2000,4969.0000,4969.4000,4970.0000,4971.0000,4971.2000,2,1,1,8,16,1,1,3,2,2
SF,IC2012,2020-05-26 09:31:07.500,4966.8000,16571,0,85444160.000,0,-,-,-,-,4967.2000,4967.0000,4966.6000,4964.4000,4964.2000,4968.8000,4969.0000,4969.4000,4970.0000,4971.0000,2,1,1,8,16,1,1,1,3,2
SF,IC2012,2020-05-26 09:31:08.500,4966.8000,16571,0,85444160.000,0,-,-,-,-,4967.2000,4967.0000,4966.6000,4964.4000,4964.2000,4968.8000,4969.0000,4969.4000,4970.0000,4971.0000,2,1,1,8,16,1,1,1,3,2
SF,IC2012,2020-05-26 09:31:09.000,4968.8000,16570,-1,86437920.000,1,0,1,双平,S,4968.8000,4967.4000,4967.2000,4966.6000,4964.4000,4969.0000,4969.4000,4970.0000,4971.0000,4971.2000,1,1,2,1,8,1,1,3,2,2
SF,IC2012,2020-05-26 09:31:09.500,4968.8000,16568,-2,88425480.000,2,0,2,双平,S,4967.4000,4967.2000,4966.6000,4964.4000,4964.2000,4969.4000,4970.0000,4971.0000,4971.2000,4972.0000,1,2,1,8,16,1,3,2,2,2
SF,IC2012,2020-05-26 09:31:10.000,4969.4000,16567,-1,89419360.000,1,0,1,双平,S,4969.0000,4967.4000,4967.2000,4966.6000,4964.4000,4970.0000,4971.0000,4971.2000,4972.0000,4974.8000,1,1,2,1,8,3,2,2,2,1
SF,IC2012,2020-05-26 09:31:10.500,4970.0000,16565,-2,91407360.000,2,0,2,双平,S,4969.0000,4967.8000,4967.4000,4964.4000,4964.2000,4970.0000,4971.0000,4971.2000,4972.0000,4974.8000,1,2,1,8,16,1,2,1,2,1
SF,IC2012,2020-05-26 09:31:11.000,4970.0000,16564,-1,92401360.000,1,0,1,双平,S,4970.0000,4969.2000,4969.0000,4967.8000,4964.4000,4971.0000,4971.2000,4972.0000,4974.8000,4975.0000,1,1,1,2,8,2,1,2,1,2
SF,IC2012,2020-05-26 09:31:11.500,4970.0000,16564,0,92401360.000,0,-,-,-,-,4970.4000,4970.0000,4969.2000,4969.0000,4967.8000,4971.0000,4971.2000,4972.0000,4974.8000,4975.0000,2,1,1,1,2,2,1,2,1,2
SF,IC2012,2020-05-26 09:31:12.000,4970.0000,16564,0,92401360.000,0,-,-,-,-,4970.0000,4969.2000,4969.0000,4964.4000,4964.2000,4971.0000,4971.2000,4972.0000,4974.8000,4975.0000,1,1,1,8,16,2,1,2,1,2
SF,IC2012,2020-05-26 09:31:12.500,4971.0000,16563,-1,93395560.000,1,0,1,双平,S,4970.0000,4969.2000,4969.0000,4964.4000,4964.2000,4970.2000,4971.0000,4971.2000,4972.0000,4974.8000,1,1,1,8,16,2,1,1,2,1
SF,IC2012,2020-05-26 09:31:13.000,4971.0000,16563,0,93395560.000,0,-,-,-,-,4970.0000,4969.2000,4969.0000,4964.4000,4964.2000,4971.0000,4971.2000,4972.0000,4974.8000,4975.0000,1,1,1,8,16,2,1,2,1,2
SF,IC2012,2020-05-26 09:31:14.000,4971.0000,16563,0,93395560.000,0,-,-,-,-,4970.0000,4969.2000,4969.0000,4964.8000,4964.4000,4971.0000,4971.2000,4972.0000,4972.8000,4974.8000,1,1,1,5,8,1,1,2,1,1
SF,IC2012,2020-05-26 09:31:14.500,4971.0000,16562,-1,94389760.000,1,0,1,双平,S,4970.0000,4969.2000,4969.0000,4968.2000,4964.8000,4971.2000,4972.0000,4972.8000,4974.8000,4975.0000,1,1,1,1,5,1,2,1,1,2
SF,IC2012,2020-05-26 09:31:15.000,4971.0000,16562,0,94389760.000,0,-,-,-,-,4970.0000,4969.2000,4969.0000,4968.2000,4964.8000,4971.2000,4972.0000,4972.8000,4974.8000,4975.0000,1,1,1,1,5,1,2,1,1,2
SF,IC2012,2020-05-26 09:31:17.500,4971.0000,16562,0,94389760.000,0,-,-,-,-,4970.0000,4969.2000,4969.0000,4968.2000,4964.8000,4971.2000,4972.0000,4972.8000,4974.8000,4975.0000,1,1,1,1,5,1,2,1,1,2
SF,IC2012,2020-05-26 09:31:18.500,4971.0000,16562,0,94389760.000,0,-,-,-,-,4970.0000,4969.2000,4969.0000,4968.2000,4964.8000,4971.2000,4971.6000,4972.0000,4974.8000,4975.0000,1,1,1,1,5,1,1,2,1,2
SF,IC2012,2020-05-26 09:31:19.000,4971.0000,16562,0,94389760.000,0,-,-,-,-,4970.0000,4969.2000,4969.0000,4968.2000,4964.8000,4971.2000,4972.0000,4973.6000,4974.8000,4975.0000,1,1,1,1,5,1,2,1,1,2
SF,IC2012,2020-05-26 09:31:19.500,4971.2000,16561,-1,95384000.000,1,0,1,双平,S,4970.0000,4969.2000,4969.0000,4968.2000,4964.8000,4972.0000,4973.6000,4974.8000,4975.0000,4978.8000,1,1,1,1,5,2,1,1,2,5
SF,IC2012,2020-05-26 09:31:20.000,4971.2000,16561,0,95384000.000,0,-,-,-,-,4970.0000,4969.2000,4969.0000,4968.2000,4964.8000,4971.4000,4971.8000,4972.0000,4974.8000,4975.0000,1,1,1,1,5,1,1,2,1,2
SF,IC2012,2020-05-26 09:31:21.500,4970.0000,16559,-2,97372280.000,2,0,2,双平,S,4969.2000,4969.0000,4968.2000,4964.8000,4964.4000,4971.0000,4971.8000,4972.0000,4974.8000,4975.0000,1,1,1,5,8,1,1,2,1,2
SF,IC2012,2020-05-26 09:31:22.000,4971.0000,16558,-1,98366480.000,1,0,1,双平,S,4969.2000,4969.0000,4968.2000,4964.8000,4964.4000,4972.0000,4974.8000,4975.0000,4978.8000,4979.0000,1,1,1,5,8,2,1,2,5,1
SF,IC2012,2020-05-26 09:31:22.500,4971.0000,16558,0,98366480.000,0,-,-,-,-,4969.2000,4969.0000,4968.2000,4964.8000,4964.4000,4972.0000,4974.8000,4975.0000,4978.8000,4979.0000,1,1,1,5,8,2,1,2,5,1
SF,IC2012,2020-05-26 09:31:24.000,4972.0000,16558,0,99360880.000,1,0,1,多换,S,4970.0000,4969.4000,4969.2000,4969.0000,4968.2000,4972.0000,4974.8000,4975.0000,4978.8000,4979.0000,1,1,1,1,1,1,1,2,5,1
SF,IC2012,2020-05-26 09:31:24.500,4971.4000,16555,-3,102343960.000,3,0,3,双平,S,4970.2000,4970.0000,4969.6000,4969.4000,4969.0000,4970.8000,4974.8000,4975.0000,4978.8000,4979.0000,1,1,2,1,1,3,1,2,5,1
SF,IC2012,2020-05-26 09:31:25.000,4971.4000,16552,-3,105326800.000,3,0,3,双平,S,4971.2000,4971.0000,4970.8000,4970.2000,4970.0000,4974.8000,4975.0000,4978.8000,4979.0000,4979.8000,2,1,2,1,1,1,2,5,1,5
SF,IC2012,2020-05-26 09:31:25.500,4971.4000,16552,0,105326800.000,0,-,-,-,-,4971.4000,4970.8000,4970.6000,4970.0000,4969.6000,4974.6000,4974.8000,4975.0000,4978.8000,4979.0000,3,2,1,1,2,1,1,2,5,1
SF,IC2012,2020-05-26 09:31:26.000,4971.4000,16552,0,105326800.000,0,-,-,-,-,4972.0000,4971.4000,4970.8000,4970.6000,4970.0000,4974.6000,4974.8000,4975.0000,4978.8000,4979.0000,2,3,2,1,1,1,1,2,5,1
SF,IC2012,2020-05-26 09:31:26.500,4971.4000,16552,0,105326800.000,0,-,-,-,-,4972.2000,4972.0000,4971.4000,4970.8000,4970.6000,4974.6000,4974.8000,4975.0000,4978.8000,4979.0000,2,3,1,2,1,1,1,2,5,1
SF,IC2012,2020-05-26 09:31:27.000,4971.4000,16552,0,105326800.000,0,-,-,-,-,4972.2000,4972.0000,4971.4000,4970.8000,4970.6000,4974.6000,4974.8000,4975.0000,4978.8000,4979.0000,2,1,1,2,1,1,1,2,5,1
SF,IC2012,2020-05-26 09:31:27.500,4974.6000,16551,-1,106321720.000,1,0,1,双平,S,4972.2000,4972.0000,4971.4000,4970.8000,4970.6000,4974.8000,4975.0000,4978.8000,4979.0000,4979.8000,2,1,1,2,1,1,2,5,1,5
SF,IC2012,2020-05-26 09:31:28.000,4974.6000,16551,0,106321720.000,0,-,-,-,-,4972.2000,4972.0000,4971.4000,4970.8000,4970.6000,4974.6000,4974.8000,4975.0000,4978.8000,4979.0000,2,1,1,2,1,1,1,2,5,1
SF,IC2012,2020-05-26 09:31:29.500,4974.6000,16551,0,106321720.000,0,-,-,-,-,4972.6000,4972.2000,4972.0000,4971.4000,4970.8000,4972.8000,4974.6000,4974.8000,4975.0000,4978.8000,2,2,1,1,2,5,1,1,2,5
SF,IC2012,2020-05-26 09:31:30.000,4972.8000,16546,-5,111294520.000,5,0,5,双平,S,4973.2000,4972.8000,4972.6000,4972.0000,4971.4000,4974.8000,4975.0000,4978.8000,4979.0000,4979.8000,2,2,2,1,1,1,2,5,1,5
SF,IC2012,2020-05-26 09:31:30.500,4972.8000,16546,0,111294520.000,0,-,-,-,-,4973.4000,4972.8000,4972.6000,4972.0000,4971.4000,4974.8000,4975.0000,4978.8000,4979.0000,4979.8000,1,2,2,1,1,1,2,5,1,5
SF,IC2012,2020-05-26 09:31:31.000,4973.4000,16545,-1,112289200.000,1,0,1,双平,S,4973.4000,4972.8000,4971.4000,4970.6000,4970.0000,4974.8000,4975.0000,4978.8000,4979.0000,4979.8000,2,2,1,1,1,1,2,5,1,5
SF,IC2012,2020-05-26 09:31:31.500,4973.4000,16545,0,112289200.000,0,-,-,-,-,4973.6000,4973.4000,4973.0000,4972.8000,4971.4000,4974.8000,4975.0000,4978.8000,4979.0000,4979.8000,1,2,1,2,1,1,2,5,1,5
SF,IC2012,2020-05-26 09:31:32.000,4974.8000,16543,-2,114278880.000,2,0,2,双平,S,4973.4000,4973.0000,4972.8000,4971.4000,4970.6000,4975.0000,4978.8000,4979.0000,4979.8000,4980.0000,2,1,2,1,1,2,5,1,5,1
SF,IC2012,2020-05-26 09:31:32.500,4974.8000,16543,0,114278880.000,0,-,-,-,-,4972.8000,4971.4000,4970.6000,4970.0000,4969.6000,4973.8000,4974.8000,4975.0000,4978.8000,4979.0000,2,1,1,1,1,5,1,2,5,1
SF,IC2012,2020-05-26 09:31:33.000,4974.8000,16542,-1,115273840.000,1,0,1,双平,S,4973.2000,4971.4000,4970.6000,4970.0000,4969.6000,4973.8000,4974.8000,4975.0000,4978.8000,4979.0000,1,1,1,1,1,4,1,2,5,1
SF,IC2012,2020-05-26 09:31:33.500,4974.8000,16542,0,115273840.000,0,-,-,-,-,4971.4000,4970.6000,4970.0000,4969.6000,4964.8000,4973.8000,4974.8000,4975.0000,4978.8000,4979.0000,2,1,1,1,5,4,1,2,5,1
SF,IC2012,2020-05-26 09:31:34.000,4974.8000,16542,0,115273840.000,0,-,-,-,-,4971.6000,4971.4000,4970.6000,4970.0000,4969.6000,4973.8000,4974.8000,4975.0000,4978.8000,4979.0000,2,2,1,1,1,4,1,2,5,1
SF,IC2012,2020-05-26 09:31:34.500,4974.8000,16542,0,115273840.000,0,-,-,-,-,4972.8000,4971.8000,4971.6000,4971.4000,4970.6000,4973.8000,4974.8000,4975.0000,4978.8000,4979.0000,1,1,2,1,1,4,1,2,5,1
SF,IC2012,2020-05-26 09:31:35.000,4974.8000,16542,0,115273840.000,0,-,-,-,-,4971.8000,4971.6000,4971.4000,4970.6000,4970.0000,4973.8000,4974.8000,4975.0000,4978.8000,4979.0000,1,1,1,1,1,4,1,2,5,1
SF,IC2012,2020-05-26 09:31:35.500,4974.8000,16542,0,115273840.000,0,-,-,-,-,4972.0000,4971.8000,4971.4000,4970.6000,4970.0000,4973.8000,4974.8000,4975.0000,4978.8000,4979.0000,1,1,1,1,1,4,1,2,5,1
SF,IC2012,2020-05-26 09:31:36.000,4974.8000,16542,0,115273840.000,0,-,-,-,-,4972.4000,4972.0000,4971.8000,4970.6000,4970.0000,4973.8000,4974.8000,4975.0000,4978.8000,4979.0000,1,1,1,1,1,4,1,2,5,1
SF,IC2012,2020-05-26 09:31:36.500,4974.8000,16542,0,115273840.000,0,-,-,-,-,4972.4000,4972.0000,4971.8000,4970.6000,4970.0000,4973.8000,4974.8000,4975.0000,4978.8000,4979.8000,1,1,1,1,1,4,6,2,5,5
SF,IC2012,2020-05-26 09:31:37.000,4974.8000,16542,0,115273840.000,0,-,-,-,-,4972.4000,4972.0000,4971.8000,4970.6000,4970.0000,4973.8000,4974.8000,4975.0000,4978.8000,4979.8000,1,1,1,1,1,4,6,2,5,5
SF,IC2012,2020-05-26 09:31:37.500,4974.8000,16542,0,115273840.000,0,-,-,-,-,4972.4000,4971.8000,4970.6000,4970.0000,4969.6000,4973.6000,4973.8000,4974.8000,4975.0000,4978.8000,1,1,1,1,1,1,4,5,2,5
SF,IC2012,2020-05-26 09:31:38.000,4972.4000,16541,-1,116268320.000,1,0,1,双平,S,4971.8000,4970.6000,4970.0000,4969.6000,4964.8000,4972.2000,4973.6000,4973.8000,4974.8000,4975.0000,1,1,1,1,5,9,1,4,5,2
SF,IC2012,2020-05-26 09:31:38.500,4972.0000,16545,4,121240280.000,5,4,1,空开,S,4970.6000,4970.0000,4969.6000,4964.8000,4964.4000,4972.2000,4972.4000,4973.6000,4973.8000,4974.8000,1,1,1,5,8,9,1,1,4,5
SF,IC2012,2020-05-26 09:31:39.000,4972.2000,16544,-1,128201360.000,7,3,4,多平,S,4971.8000,4970.8000,4970.6000,4970.4000,4970.0000,4972.2000,4972.4000,4973.6000,4973.8000,4974.0000,1,1,1,1,1,2,1,1,4,1
SF,IC2012,2020-05-26 09:31:39.500,4972.2000,16542,-2,130190240.000,2,0,2,双平,S,4972.2000,4970.8000,4970.6000,4970.4000,4970.0000,4972.4000,4973.6000,4973.8000,4974.0000,4974.8000,3,2,1,1,1,1,1,4,1,5
SF,IC2012,2020-05-26 09:31:40.000,4972.4000,16542,0,133173600.000,3,1,2,多换,S,4972.2000,4970.8000,4970.6000,4970.4000,4970.2000,4973.6000,4973.8000,4974.0000,4974.8000,4975.0000,1,1,1,1,1,1,4,1,5,2
SF,IC2012,2020-05-26 09:31:40.500,4972.2000,16540,-2,135162480.000,2,0,2,双平,S,4970.4000,4970.2000,4970.0000,4969.6000,4966.6000,4973.8000,4974.0000,4974.8000,4975.0000,4975.4000,1,1,1,1,1,4,1,5,2,1
SF,IC2012,2020-05-26 09:31:41.000,4972.2000,16540,0,135162480.000,0,-,-,-,-,4970.6000,4970.4000,4970.2000,4970.0000,4969.6000,4973.6000,4973.8000,4974.0000,4974.8000,4975.0000,1,1,1,1,1,1,4,1,5,2
SF,IC2012,2020-05-26 09:31:41.500,4970.4000,16537,-3,138144800.000,3,0,3,双平,S,4970.2000,4970.0000,4969.6000,4966.6000,4964.8000,4973.6000,4973.8000,4974.0000,4974.8000,4975.0000,1,1,1,1,5,1,4,1,5,2
SF,IC2012,2020-05-26 09:31:42.000,4970.4000,16537,0,138144800.000,0,-,-,-,-,4971.2000,4970.4000,4970.2000,4970.0000,4969.6000,4973.6000,4973.8000,4974.0000,4974.8000,4975.0000,2,2,1,1,1,1,4,1,5,2
SF,IC2012,2020-05-26 09:31:42.500,4970.4000,16537,0,138144800.000,0,-,-,-,-,4971.4000,4971.2000,4970.8000,4970.4000,4970.0000,4973.6000,4973.8000,4974.0000,4974.8000,4975.0000,2,2,1,3,1,1,4,1,5,2
SF,IC2012,2020-05-26 09:31:43.000,4971.0000,16536,-1,139139000.000,1,0,1,双平,S,4971.6000,4971.2000,4970.8000,4970.6000,4970.4000,4973.6000,4973.8000,4974.0000,4974.8000,4975.0000,2,2,1,1,3,1,4,1,5,2
SF,IC2012,2020-05-26 09:31:43.500,4971.0000,16536,0,139139000.000,0,-,-,-,-,4971.8000,4971.2000,4970.8000,4970.6000,4970.4000,4973.6000,4973.8000,4974.0000,4974.8000,4975.0000,1,2,1,1,3,1,4,1,5,2
SF,IC2012,2020-05-26 09:31:44.000,4971.4000,16535,-1,140133280.000,1,0,1,双平,S,4970.6000,4970.4000,4970.0000,4969.6000,4966.6000,4973.6000,4973.8000,4974.0000,4974.8000,4975.0000,1,3,1,1,1,1,4,1,5,2
SF,IC2012,2020-05-26 09:31:44.500,4971.4000,16535,0,140133280.000,0,-,-,-,-,4970.8000,4970.6000,4970.4000,4970.0000,4969.6000,4971.8000,4973.6000,4973.8000,4974.0000,4974.8000,1,1,1,1,1,1,1,4,1,5
SF,IC2012,2020-05-26 09:31:45.000,4971.4000,16535,0,140133280.000,0,-,-,-,-,4970.0000,4969.6000,4966.6000,4964.8000,4964.4000,4971.8000,4973.6000,4973.8000,4974.0000,4974.8000,1,1,1,5,8,1,1,4,1,5
SF,IC2012,2020-05-26 09:31:45.500,4971.4000,16535,0,140133280.000,0,-,-,-,-,4970.0000,4969.6000,4966.6000,4964.8000,4964.4000,4971.6000,4971.8000,4973.8000,4974.0000,4974.8000,1,1,1,5,8,1,1,4,1,5
SF,IC2012,2020-05-26 09:31:46.000,4971.4000,16535,0,140133280.000,0,-,-,-,-,4971.2000,4970.0000,4969.6000,4966.6000,4964.8000,4971.6000,4971.8000,4973.8000,4974.8000,4975.0000,1,1,1,1,5,1,1,4,5,2
SF,IC2012,2020-05-26 09:31:46.500,4971.6000,16534,-1,141127600.000,1,0,1,双平,S,4970.2000,4970.0000,4969.6000,4966.6000,4964.8000,4973.8000,4974.8000,4975.0000,4977.0000,4978.0000,1,1,1,1,5,4,5,2,1,1
SF,IC2012,2020-05-26 09:31:47.000,4971.6000,16533,-1,142121920.000,1,0,1,双平,S,4971.6000,4970.4000,4970.2000,4970.0000,4969.6000,4973.6000,4973.8000,4974.8000,4975.0000,4977.0000,1,1,1,1,1,1,4,5,2,1
SF,IC2012,2020-05-26 09:31:48.000,4971.6000,16533,0,143116240.000,1,0,1,多换,S,4970.4000,4970.2000,4970.0000,4969.6000,4966.6000,4973.6000,4973.8000,4974.8000,4975.0000,4977.0000,1,1,1,1,1,1,4,5,2,1
SF,IC2012,2020-05-26 09:31:48.500,4971.6000,16530,-3,146099200.000,3,0,3,双平,S,4970.6000,4970.4000,4970.2000,4970.0000,4969.6000,4970.8000,4971.4000,4973.6000,4973.8000,4974.8000,1,1,1,3,1,6,3,1,4,5
SF,IC2012,2020-05-26 09:31:49.000,4970.8000,16528,-2,155046880.000,9,3,6,多平,S,4971.0000,4970.8000,4970.4000,4970.2000,4970.0000,4971.4000,4973.4000,4973.6000,4973.8000,4974.8000,1,3,1,1,3,2,1,1,4,5
SF,IC2012,2020-05-26 09:31:49.500,4971.4000,16526,-2,158029640.000,3,0,3,多平,S,4971.6000,4971.4000,4971.0000,4970.4000,4970.2000,4973.4000,4973.6000,4973.8000,4974.8000,4975.0000,2,3,1,1,1,1,1,4,5,2
SF,IC2012,2020-05-26 09:31:50.000,4971.6000,16524,-2,160018280.000,2,0,2,双平,S,4971.4000,4971.0000,4970.8000,4970.4000,4970.2000,4973.2000,4973.8000,4974.8000,4975.0000,4977.0000,3,1,1,1,1,1,4,5,2,1
SF,IC2012,2020-05-26 09:31:50.500,4971.6000,16524,0,160018280.000,0,-,-,-,-,4971.4000,4971.0000,4970.8000,4970.4000,4970.2000,4973.2000,4973.8000,4974.8000,4975.0000,4977.0000,1,1,1,1,1,1,4,5,2,1
SF,IC2012,2020-05-26 09:31:52.000,4971.6000,16524,0,160018280.000,0,-,-,-,-,4971.4000,4971.0000,4970.8000,4970.4000,4970.2000,4973.2000,4973.8000,4974.8000,4975.0000,4977.0000,1,1,1,1,1,1,4,5,2,1
SF,IC2012,2020-05-26 09:31:52.500,4971.6000,16524,0,160018280.000,0,-,-,-,-,4971.8000,4971.6000,4971.4000,4971.0000,4970.8000,4973.8000,4974.8000,4975.0000,4977.0000,4978.0000,1,1,1,1,1,4,5,2,1,1
SF,IC2012,2020-05-26 09:31:53.000,4971.6000,16524,0,160018280.000,0,-,-,-,-,4971.8000,4971.6000,4971.4000,4971.0000,4970.8000,4972.4000,4973.6000,4973.8000,4974.8000,4975.0000,1,1,1,1,1,5,3,4,5,2
SF,IC2012,2020-05-26 09:31:53.500,4972.4000,16523,-1,164990520.000,5,2,3,多平,S,4971.6000,4971.4000,4971.0000,4970.8000,4970.2000,4972.4000,4973.6000,4973.8000,4974.8000,4975.0000,1,1,1,1,1,1,3,4,5,2
SF,IC2012,2020-05-26 09:31:54.000,4972.4000,16523,0,165985000.000,1,0,1,多换,S,4971.4000,4971.0000,4970.8000,4970.2000,4970.0000,4972.4000,4973.6000,4973.8000,4974.8000,4975.0000,1,1,1,1,3,1,3,4,5,2
SF,IC2012,2020-05-26 09:31:54.500,4972.4000,16523,0,166979480.000,1,0,1,多换,S,4971.4000,4971.0000,4970.8000,4970.2000,4970.0000,4973.6000,4973.8000,4974.8000,4975.0000,4977.0000,1,1,1,1,3,3,4,5,2,1
SF,IC2012,2020-05-26 09:31:55.000,4972.4000,16523,0,166979480.000,0,-,-,-,-,4971.6000,4971.4000,4971.0000,4970.8000,4970.2000,4973.4000,4973.6000,4973.8000,4974.8000,4975.0000,1,1,1,1,1,2,1,4,5,2
SF,IC2012,2020-05-26 09:31:55.500,4972.4000,16523,0,166979480.000,0,-,-,-,-,4971.6000,4971.4000,4971.0000,4970.8000,4970.2000,4973.2000,4973.6000,4973.8000,4974.8000,4975.0000,1,1,1,1,1,2,1,4,5,2
SF,IC2012,2020-05-26 09:31:56.000,4972.4000,16523,0,166979480.000,0,-,-,-,-,4971.6000,4971.4000,4971.0000,4970.8000,4970.2000,4973.6000,4973.8000,4974.8000,4975.0000,4977.0000,1,1,1,1,1,1,4,5,2,1
SF,IC2012,2020-05-26 09:31:56.500,4973.4000,16523,0,167974160.000,1,0,1,多换,S,4973.2000,4971.6000,4971.4000,4971.0000,4970.8000,4973.4000,4973.6000,4973.8000,4974.8000,4975.0000,2,1,1,1,1,1,1,4,5,2
SF,IC2012,2020-05-26 09:31:57.000,4973.2000,16523,0,169963440.000,2,1,1,多换,S,4971.4000,4971.0000,4970.8000,4970.2000,4970.0000,4973.4000,4973.8000,4974.8000,4975.0000,4977.0000,1,1,1,1,3,1,4,5,2,1
SF,IC2012,2020-05-26 09:31:57.500,4973.2000,16523,0,169963440.000,0,-,-,-,-,4971.4000,4971.0000,4970.8000,4970.2000,4970.0000,4971.6000,4973.2000,4973.8000,4974.8000,4975.0000,1,1,1,1,3,1,2,4,5,2
SF,IC2012,2020-05-26 09:31:58.000,4971.6000,16523,0,170957760.000,1,0,1,多换,S,4971.0000,4970.8000,4970.2000,4970.0000,4969.6000,4973.2000,4973.4000,4973.8000,4974.8000,4975.0000,1,1,1,3,1,2,1,4,5,2
SF,IC2012,2020-05-26 09:31:58.500,4971.0000,16523,0,171951960.000,1,0,1,多换,S,4970.2000,4970.0000,4969.6000,4966.6000,4964.8000,4971.0000,4973.0000,4973.2000,4973.4000,4973.8000,1,3,1,1,5,1,1,1,1,4
SF,IC2012,2020-05-26 09:31:59.000,4971.0000,16522,-1,174934200.000,3,1,2,多平,S,4970.0000,4969.6000,4966.6000,4964.8000,4964.6000,4973.0000,4973.2000,4973.8000,4974.8000,4975.0000,2,1,1,5,1,1,1,4,5,2
SF,IC2012,2020-05-26 09:31:59.500,4971.0000,16522,0,174934200.000,0,-,-,-,-,4970.0000,4969.6000,4966.6000,4964.8000,4964.6000,4972.8000,4973.8000,4974.8000,4975.0000,4977.0000,2,1,1,5,1,3,4,5,2,1
SF,IC2012,2020-05-26 09:32:00.000,4971.0000,16522,0,174934200.000,0,-,-,-,-,4970.0000,4966.6000,4964.8000,4964.6000,4964.4000,4972.4000,4972.6000,4972.8000,4973.8000,4974.8000,2,1,5,1,8,1,1,2,4,5
SF,IC2012,2020-05-26 09:32:00.500,4970.0000,16522,0,176922200.000,2,1,1,多换,S,4966.6000,4964.8000,4964.6000,4964.4000,4964.2000,4972.0000,4972.2000,4972.4000,4972.8000,4973.8000,1,5,1,8,16,1,2,1,1,4
SF,IC2012,2020-05-26 09:32:01.000,4971.8000,16522,0,177916560.000,1,0,1,多换,S,4966.8000,4966.6000,4964.8000,4964.6000,4964.4000,4971.8000,4972.2000,4972.4000,4973.8000,4974.8000,2,1,5,1,8,1,1,1,4,5
SF,IC2012,2020-05-26 09:32:01.500,4971.8000,16522,0,177916560.000,0,-,-,-,-,4969.6000,4966.8000,4966.6000,4964.8000,4964.6000,4971.6000,4971.8000,4972.4000,4973.8000,4974.8000,1,2,1,5,1,2,1,1,4,5
SF,IC2012,2020-05-26 09:32:02.000,4971.8000,16522,0,177916560.000,0,-,-,-,-,4969.8000,4969.6000,4968.4000,4968.2000,4968.0000,4971.4000,4971.6000,4971.8000,4972.4000,4973.8000,1,1,1,1,1,1,1,1,1,4
SF,IC2012,2020-05-26 09:32:02.500,4971.8000,16522,0,177916560.000,0,-,-,-,-,4969.8000,4969.6000,4968.4000,4968.2000,4968.0000,4971.2000,4972.4000,4973.8000,4974.8000,4975.0000,1,1,1,1,1,1,1,4,5,2
SF,IC2012,2020-05-26 09:32:03.000,4971.8000,16522,0,177916560.000,0,-,-,-,-,4971.4000,4971.2000,4970.0000,4969.8000,4969.6000,4972.4000,4973.8000,4974.8000,4975.0000,4977.0000,2,1,1,1,1,1,4,5,2,1
SF,IC2012,2020-05-26 09:32:03.500,4971.8000,16522,0,177916560.000,0,-,-,-,-,4971.4000,4971.2000,4969.8000,4969.6000,4968.4000,4972.2000,4972.4000,4973.8000,4974.8000,4975.0000,2,1,1,1,1,2,1,4,5,2
SF,IC2012,2020-05-26 09:32:04.000,4971.4000,16521,-1,178910840.000,1,0,1,双平,S,4969.8000,4969.6000,4968.4000,4968.2000,4968.0000,4971.4000,4972.0000,4972.2000,4972.4000,4973.8000,1,1,1,2,1,1,1,1,1,4
SF,IC2012,2020-05-26 09:32:04.500,4971.4000,16521,0,178910840.000,0,-,-,-,-,4970.0000,4969.8000,4969.6000,4968.2000,4968.0000,4971.4000,4972.0000,4972.2000,4972.4000,4972.8000,1,1,1,2,1,1,1,1,1,1
SF,IC2012,2020-05-26 09:32:06.000,4971.4000,16520,-1,179905120.000,1,0,1,双平,S,4969.8000,4969.6000,4968.2000,4968.0000,4967.8000,4971.4000,4972.2000,4972.4000,4972.8000,4973.8000,1,1,2,1,1,1,1,1,1,4
SF,IC2012,2020-05-26 09:32:06.500,4971.4000,16520,0,179905120.000,0,-,-,-,-,4971.4000,4970.4000,4969.8000,4969.6000,4968.2000,4971.8000,4972.2000,4972.4000,4972.8000,4973.8000,1,1,1,1,2,1,1,1,1,4
SF,IC2012,2020-05-26 09:32:07.000,4971.8000,16520,0,180899480.000,1,0,1,多换,S,4971.4000,4969.8000,4969.6000,4968.2000,4968.0000,4972.2000,4972.4000,4972.8000,4973.0000,4973.8000,1,1,2,2,1,1,1,1,1,4
SF,IC2012,2020-05-26 09:32:07.500,4971.8000,16520,0,180899480.000,0,-,-,-,-,4969.8000,4969.6000,4968.2000,4968.0000,4967.8000,4972.2000,4972.4000,4972.8000,4973.0000,4973.8000,1,2,2,1,1,1,1,1,1,4
SF,IC2012,2020-05-26 09:32:08.000,4971.8000,16520,0,180899480.000,0,-,-,-,-,4969.8000,4969.6000,4968.2000,4968.0000,4967.8000,4971.2000,4971.4000,4971.8000,4972.2000,4972.4000,1,1,2,1,1,2,1,1,1,1
SF,IC2012,2020-05-26 09:32:08.500,4971.8000,16520,0,180899480.000,0,-,-,-,-,4969.6000,4968.2000,4967.8000,4967.4000,4967.2000,4971.2000,4971.4000,4972.2000,4972.4000,4972.8000,1,1,1,1,1,2,1,1,1,1
SF,IC2012,2020-05-26 09:32:09.000,4971.8000,16520,0,180899480.000,0,-,-,-,-,4969.6000,4968.2000,4967.8000,4967.4000,4967.2000,4971.0000,4971.2000,4971.4000,4972.4000,4972.8000,1,2,1,1,1,2,2,1,1,1
SF,IC2012,2020-05-26 09:32:09.500,4971.8000,16520,0,180899480.000,0,-,-,-,-,4968.2000,4967.8000,4967.4000,4966.8000,4964.8000,4969.6000,4970.6000,4971.0000,4971.2000,4971.4000,2,1,1,1,5,2,1,1,2,1
SF,IC2012,2020-05-26 09:32:10.000,4971.8000,16520,0,180899480.000,0,-,-,-,-,4968.2000,4967.8000,4966.8000,4964.8000,4964.6000,4970.4000,4971.0000,4971.2000,4971.4000,4972.4000,1,1,1,5,1,1,1,2,1,1
SF,IC2012,2020-05-26 09:32:10.500,4971.8000,16520,0,180899480.000,0,-,-,-,-,4968.2000,4966.8000,4966.4000,4964.8000,4964.6000,4970.2000,4970.4000,4971.2000,4971.4000,4972.4000,1,1,1,5,1,1,1,2,1,1
SF,IC2012,2020-05-26 09:32:11.000,4971.8000,16520,0,180899480.000,0,-,-,-,-,4968.2000,4966.8000,4966.4000,4964.8000,4964.6000,4970.0000,4970.2000,4970.4000,4970.6000,4971.2000,1,1,1,5,1,1,1,1,1,2
SF,IC2012,2020-05-26 09:32:11.500,4971.8000,16520,0,180899480.000,0,-,-,-,-,4968.2000,4966.8000,4966.4000,4966.2000,4965.8000,4970.0000,4970.2000,4970.4000,4971.2000,4971.4000,1,1,1,1,1,1,1,1,2,1
SF,IC2012,2020-05-26 09:32:12.000,4971.8000,16520,0,180899480.000,0,-,-,-,-,4968.2000,4966.8000,4966.4000,4966.2000,4965.8000,4969.8000,4970.0000,4970.4000,4971.2000,4971.4000,1,1,1,1,1,1,1,1,2,1
SF,IC2012,2020-05-26 09:32:12.500,4971.8000,16520,0,180899480.000,0,-,-,-,-,4968.2000,4966.8000,4966.4000,4966.2000,4965.8000,4969.8000,4970.4000,4971.2000,4971.4000,4972.4000,1,1,1,1,1,1,1,2,1,1
SF,IC2012,2020-05-26 09:32:13.000,4971.8000,16520,0,180899480.000,0,-,-,-,-,4968.4000,4968.2000,4966.8000,4966.4000,4966.2000,4970.4000,4971.2000,4971.4000,4972.4000,4973.0000,1,1,1,1,1,1,2,1,1,1
SF,IC2012,2020-05-26 09:32:13.500,4971.8000,16520,0,180899480.000,0,-,-,-,-,4968.4000,4968.2000,4966.8000,4966.4000,4966.2000,4970.2000,4970.4000,4971.2000,4971.4000,4973.0000,2,1,1,1,1,1,2,2,1,1
SF,IC2012,2020-05-26 09:32:14.000,4971.8000,16520,0,180899480.000,0,-,-,-,-,4968.4000,4968.2000,4966.8000,4966.4000,4966.2000,4970.4000,4971.2000,4971.4000,4973.0000,4973.8000,1,1,1,1,1,2,2,1,1,4
SF,IC2012,2020-05-26 09:32:14.500,4971.8000,16520,0,180899480.000,0,-,-,-,-,4968.6000,4968.4000,4968.2000,4966.8000,4966.4000,4970.4000,4971.2000,4971.4000,4973.0000,4973.8000,1,1,1,1,1,2,2,1,1,4
SF,IC2012,2020-05-26 09:32:15.000,4971.8000,16520,0,180899480.000,0,-,-,-,-,4969.0000,4968.8000,4968.2000,4966.8000,4966.4000,4970.4000,4971.2000,4971.4000,4973.0000,4973.8000,1,1,1,1,1,1,2,1,1,4
SF,IC2012,2020-05-26 09:32:15.500,4971.8000,16520,0,180899480.000,0,-,-,-,-,4969.0000,4968.8000,4968.2000,4966.8000,4966.2000,4970.4000,4971.2000,4971.4000,4973.0000,4973.8000,1,1,1,1,1,1,2,1,1,4
SF,IC2012,2020-05-26 09:32:16.000,4971.8000,16520,0,180899480.000,0,-,-,-,-,4969.6000,4969.4000,4968.8000,4968.2000,4966.8000,4970.4000,4971.2000,4971.4000,4973.0000,4973.8000,1,1,1,1,1,1,2,1,1,4
SF,IC2012,2020-05-26 09:32:16.500,4969.6000,16519,-1,181893400.000,1,0,1,双平,S,4968.8000,4968.2000,4966.8000,4966.2000,4965.8000,4969.6000,4970.0000,4970.4000,4971.2000,4971.4000,1,1,1,1,1,1,2,1,2,1
SF,IC2012,2020-05-26 09:32:17.000,4969.6000,16519,0,182887320.000,1,0,1,多换,S,4968.2000,4966.8000,4966.2000,4965.8000,4964.8000,4969.0000,4970.0000,4970.4000,4971.2000,4971.4000,1,2,1,1,5,1,2,1,2,1
SF,IC2012,2020-05-26 09:32:17.500,4969.0000,16519,0,183881120.000,1,0,1,多换,S,4968.2000,4966.8000,4966.2000,4965.8000,4964.8000,4970.0000,4970.4000,4971.2000,4973.0000,4973.8000,1,2,1,1,5,1,1,2,1,4
SF,IC2012,2020-05-26 09:32:18.000,4969.0000,16519,0,183881120.000,0,-,-,-,-,4968.2000,4966.8000,4966.2000,4965.8000,4964.8000,4969.8000,4970.0000,4970.4000,4971.2000,4973.0000,1,2,1,1,5,1,1,1,2,1
SF,IC2012,2020-05-26 09:32:18.500,4969.0000,16519,0,183881120.000,0,-,-,-,-,4968.2000,4966.8000,4966.2000,4965.8000,4964.8000,4969.6000,4969.8000,4970.0000,4970.4000,4971.2000,1,2,1,1,5,1,1,1,1,2
SF,IC2012,2020-05-26 09:32:19.000,4969.0000,16519,0,183881120.000,0,-,-,-,-,4968.2000,4966.8000,4966.2000,4965.8000,4964.8000,4969.4000,4969.6000,4970.0000,4970.4000,4971.2000,1,2,1,1,5,1,1,1,1,2
SF,IC2012,2020-05-26 09:32:20.000,4969.0000,16519,0,183881120.000,0,-,-,-,-,4968.2000,4966.8000,4966.2000,4965.8000,4964.8000,4969.2000,4969.4000,4970.0000,4970.4000,4971.2000,1,2,1,1,5,1,1,1,1,2
SF,IC2012,2020-05-26 09:32:22.500,4968.2000,16518,-1,184874760.000,1,0,1,双平,S,4966.8000,4966.2000,4965.8000,4964.8000,4964.6000,4969.2000,4969.4000,4970.0000,4970.4000,4971.2000,2,1,2,5,1,1,1,1,1,2
SF,IC2012,2020-05-26 09:32:23.000,4968.2000,16518,0,184874760.000,0,-,-,-,-,4967.2000,4967.0000,4966.8000,4966.2000,4965.8000,4969.4000,4970.0000,4970.4000,4971.2000,4973.0000,1,1,2,1,2,1,1,1,2,1
SF,IC2012,2020-05-26 09:32:23.500,4968.2000,16518,0,184874760.000,0,-,-,-,-,4967.4000,4967.2000,4966.8000,4966.2000,4965.8000,4969.4000,4970.0000,4970.4000,4971.2000,4973.0000,1,1,2,1,2,1,1,1,2,1
SF,IC2012,2020-05-26 09:32:24.000,4968.2000,16518,0,184874760.000,0,-,-,-,-,4967.4000,4967.2000,4966.8000,4966.2000,4965.8000,4969.4000,4970.0000,4970.4000,4971.2000,4973.0000,1,1,2,1,2,1,1,1,2,1
SF,IC2012,2020-05-26 09:32:24.500,4968.2000,16518,0,184874760.000,0,-,-,-,-,4967.4000,4966.8000,4966.2000,4965.8000,4964.8000,4969.4000,4970.0000,4970.4000,4971.2000,4973.0000,1,2,1,2,5,1,1,1,2,1
SF,IC2012,2020-05-26 09:32:25.000,4968.2000,16518,0,184874760.000,0,-,-,-,-,4967.6000,4967.4000,4966.8000,4966.2000,4965.8000,4970.0000,4970.4000,4971.2000,4973.0000,4973.8000,1,1,2,1,2,1,1,2,1,4
SF,IC2012,2020-05-26 09:32:25.500,4968.2000,16518,0,184874760.000,0,-,-,-,-,4967.8000,4966.8000,4965.8000,4964.8000,4964.6000,4969.8000,4970.0000,4970.4000,4971.2000,4973.0000,1,2,2,5,1,1,1,1,2,1
SF,IC2012,2020-05-26 09:32:26.500,4968.2000,16518,0,184874760.000,0,-,-,-,-,4967.8000,4966.8000,4965.8000,4964.8000,4964.6000,4969.6000,4969.8000,4970.0000,4970.4000,4971.2000,1,2,2,5,1,1,1,1,1,2
SF,IC2012,2020-05-26 09:32:27.000,4968.2000,16518,0,184874760.000,0,-,-,-,-,4967.8000,4966.8000,4965.8000,4964.8000,4964.6000,4969.6000,4969.8000,4970.0000,4971.2000,4973.0000,1,2,2,5,1,2,1,1,2,1
SF,IC2012,2020-05-26 09:32:27.500,4968.2000,16518,0,184874760.000,0,-,-,-,-,4967.8000,4966.8000,4965.8000,4964.8000,4964.6000,4969.4000,4969.6000,4970.0000,4971.2000,4973.0000,1,2,2,5,1,1,2,1,2,1
SF,IC2012,2020-05-26 09:32:28.500,4968.2000,16518,0,184874760.000,0,-,-,-,-,4967.8000,4966.8000,4965.8000,4964.8000,4964.6000,4969.4000,4969.6000,4970.0000,4971.2000,4973.0000,1,2,2,5,1,1,1,1,2,1
SF,IC2012,2020-05-26 09:32:29.500,4968.2000,16518,0,184874760.000,0,-,-,-,-,4968.0000,4967.8000,4966.8000,4965.8000,4964.8000,4969.4000,4969.6000,4970.0000,4971.2000,4973.0000,1,1,2,2,5,1,1,1,2,1
SF,IC2012,2020-05-26 09:32:30.500,4969.4000,16517,-1,185868640.000,1,0,1,双平,S,4968.0000,4967.8000,4966.8000,4965.8000,4964.8000,4969.6000,4970.0000,4971.2000,4973.0000,4973.8000,1,1,2,2,5,1,1,2,1,4
SF,IC2012,2020-05-26 09:32:31.000,4969.4000,16517,0,185868640.000,0,-,-,-,-,4968.2000,4968.0000,4966.8000,4965.8000,4964.8000,4969.6000,4970.0000,4971.2000,4973.0000,4973.8000,1,1,2,2,5,1,1,2,1,4
SF,IC2012,2020-05-26 09:32:31.500,4969.4000,16517,0,185868640.000,0,-,-,-,-,4968.2000,4968.0000,4966.8000,4965.8000,4964.8000,4969.6000,4970.0000,4971.2000,4973.0000,4973.8000,1,1,2,1,5,1,1,2,1,4
SF,IC2012,2020-05-26 09:32:32.000,4969.4000,16517,0,185868640.000,0,-,-,-,-,4968.2000,4968.0000,4966.8000,4965.8000,4964.8000,4969.6000,4970.0000,4971.2000,4973.0000,4973.8000,1,1,2,1,5,1,1,2,1,5
SF,IC2012,2020-05-26 09:32:33.000,4969.6000,16516,-1,186862560.000,1,0,1,双平,S,4968.2000,4968.0000,4966.8000,4965.8000,4964.8000,4970.0000,4971.2000,4973.0000,4973.8000,4974.8000,1,1,2,1,5,1,2,1,5,5
SF,IC2012,2020-05-26 09:32:33.500,4969.6000,16516,0,186862560.000,0,-,-,-,-,4968.2000,4966.8000,4965.8000,4964.8000,4964.6000,4970.0000,4971.2000,4972.0000,4973.0000,4973.8000,1,2,1,5,1,1,2,1,1,5
SF,IC2012,2020-05-26 09:32:34.000,4970.0000,16515,-1,187856560.000,1,0,1,双平,S,4970.0000,4968.6000,4968.2000,4966.8000,4965.8000,4971.2000,4972.0000,4973.0000,4973.8000,4974.8000,2,1,1,2,1,2,1,1,5,5
SF,IC2012,2020-05-26 09:32:34.500,4971.2000,16513,-2,189845040.000,2,0,2,双平,S,4970.0000,4968.2000,4966.8000,4965.8000,4964.8000,4972.0000,4973.0000,4973.2000,4973.8000,4974.8000,3,1,1,1,5,1,1,1,5,5
SF,IC2012,2020-05-26 09:32:35.000,4972.0000,16512,-1,190839440.000,1,0,1,双平,S,4971.2000,4970.2000,4970.0000,4968.0000,4966.8000,4973.0000,4973.2000,4973.8000,4974.8000,4975.0000,2,2,3,1,1,1,1,5,5,2
SF,IC2012,2020-05-26 09:32:35.500,4972.0000,16512,0,190839440.000,0,-,-,-,-,4971.2000,4970.2000,4970.0000,4966.8000,4965.8000,4972.8000,4973.0000,4973.2000,4973.8000,4974.8000,2,1,2,1,1,1,1,1,5,5
SF,IC2012,2020-05-26 09:32:36.000,4971.2000,16512,0,191833680.000,1,0,1,多换,S,4970.2000,4970.0000,4966.8000,4965.8000,4964.8000,4972.6000,4972.8000,4973.0000,4973.2000,4973.8000,1,2,1,1,5,1,1,1,1,5
SF,IC2012,2020-05-26 09:32:36.500,4971.2000,16512,0,191833680.000,0,-,-,-,-,4970.2000,4970.0000,4966.8000,4965.8000,4964.8000,4971.2000,4972.2000,4972.4000,4973.0000,4973.2000,1,2,1,1,5,1,1,1,1,1
SF,IC2012,2020-05-26 09:32:37.000,4971.2000,16512,0,192827920.000,1,0,1,多换,S,4970.2000,4970.0000,4966.8000,4965.8000,4964.8000,4972.4000,4973.0000,4973.2000,4973.8000,4974.8000,1,2,1,1,5,1,1,1,5,5
SF,IC2012,2020-05-26 09:32:37.500,4971.2000,16512,0,192827920.000,0,-,-,-,-,4970.0000,4966.8000,4965.8000,4964.8000,4964.6000,4972.4000,4973.0000,4973.2000,4973.8000,4974.8000,2,1,1,5,1,1,1,1,5,5
SF,IC2012,2020-05-26 09:32:38.000,4971.2000,16512,0,192827920.000,0,-,-,-,-,4970.0000,4968.0000,4966.8000,4965.8000,4964.8000,4972.0000,4972.4000,4973.0000,4973.2000,4973.8000,2,1,1,1,5,1,1,1,1,5
SF,IC2012,2020-05-26 09:32:38.500,4971.2000,16512,0,192827920.000,0,-,-,-,-,4970.0000,4968.0000,4966.8000,4965.8000,4964.8000,4971.8000,4972.0000,4973.0000,4973.2000,4973.8000,2,1,1,1,5,2,1,1,1,5
SF,IC2012,2020-05-26 09:32:39.500,4971.2000,16512,0,192827920.000,0,-,-,-,-,4970.0000,4969.2000,4968.0000,4966.8000,4965.8000,4971.4000,4971.8000,4972.0000,4973.0000,4973.2000,2,1,1,1,1,1,1,1,1,1
SF,IC2012,2020-05-26 09:32:40.500,4971.2000,16512,0,192827920.000,0,-,-,-,-,4970.0000,4969.2000,4968.0000,4966.8000,4965.8000,4971.0000,4971.8000,4972.0000,4973.0000,4973.2000,2,1,1,1,1,1,1,1,1,1
SF,IC2012,2020-05-26 09:32:42.000,4971.0000,16512,0,193822120.000,1,0,1,多换,S,4970.2000,4970.0000,4969.2000,4968.0000,4966.8000,4971.8000,4972.0000,4973.0000,4973.2000,4973.8000,2,2,1,1,1,1,1,1,1,5
SF,IC2012,2020-05-26 09:32:42.500,4971.0000,16512,0,193822120.000,0,-,-,-,-,4970.4000,4970.2000,4970.0000,4969.2000,4968.0000,4972.0000,4973.0000,4973.2000,4973.8000,4974.8000,1,2,2,1,1,1,1,1,5,5
SF,IC2012,2020-05-26 09:32:43.000,4971.0000,16512,0,193822120.000,0,-,-,-,-,4970.4000,4970.2000,4970.0000,4969.2000,4966.8000,4972.0000,4973.0000,4973.2000,4973.8000,4974.8000,1,2,2,1,1,1,1,1,5,5
SF,IC2012,2020-05-26 09:32:43.500,4971.0000,16512,0,193822120.000,0,-,-,-,-,4970.4000,4970.2000,4970.0000,4969.2000,4968.4000,4972.0000,4973.0000,4973.2000,4973.8000,4974.8000,1,2,2,1,1,1,1,1,5,5
SF,IC2012,2020-05-26 09:32:44.500,4971.0000,16512,0,193822120.000,0,-,-,-,-,4970.6000,4970.4000,4970.0000,4969.2000,4968.4000,4972.0000,4973.0000,4973.2000,4973.8000,4974.8000,2,1,2,1,1,1,1,1,5,5
SF,IC2012,2020-05-26 09:32:45.500,4971.0000,16512,0,193822120.000,0,-,-,-,-,4971.0000,4970.6000,4970.4000,4970.0000,4969.2000,4972.0000,4973.0000,4973.2000,4973.8000,4974.8000,2,2,1,2,1,1,1,1,5,5
SF,IC2012,2020-05-26 09:32:46.000,4971.0000,16512,0,193822120.000,0,-,-,-,-,4971.0000,4970.4000,4970.0000,4969.2000,4966.8000,4972.0000,4973.0000,4973.2000,4973.8000,4974.8000,2,1,2,1,1,1,1,1,5,5
SF,IC2012,2020-05-26 09:32:48.000,4971.0000,16512,0,193822120.000,0,-,-,-,-,4971.0000,4970.6000,4970.4000,4970.0000,4969.2000,4972.0000,4973.0000,4973.2000,4973.8000,4974.8000,2,1,1,2,1,1,1,1,5,5
SF,IC2012,2020-05-26 09:32:48.500,4971.0000,16512,0,193822120.000,0,-,-,-,-,4971.0000,4970.6000,4970.4000,4970.0000,4969.2000,4972.0000,4973.0000,4973.2000,4973.8000,4974.8000,2,1,1,2,1,1,1,1,5,5
SF,IC2012,2020-05-26 09:32:49.000,4971.0000,16510,-2,195810520.000,2,0,2,双平,S,4970.6000,4970.4000,4970.0000,4969.2000,4969.0000,4972.0000,4973.0000,4973.2000,4973.8000,4974.8000,1,1,2,1,1,1,1,1,5,5
SF,IC2012,2020-05-26 09:32:49.500,4971.0000,16510,0,195810520.000,0,-,-,-,-,4970.6000,4970.0000,4969.2000,4969.0000,4966.8000,4971.8000,4972.0000,4973.0000,4973.2000,4973.8000,1,2,1,1,1,1,1,1,1,5
SF,IC2012,2020-05-26 09:32:50.000,4970.6000,16509,-1,197798760.000,2,0,2,多平,S,4970.0000,4969.2000,4969.0000,4966.8000,4965.8000,4971.8000,4972.0000,4973.0000,4973.2000,4973.8000,2,1,1,1,1,1,1,1,1,5
SF,IC2012,2020-05-26 09:32:54.500,4970.6000,16509,0,197798760.000,0,-,-,-,-,4970.4000,4970.0000,4969.2000,4969.0000,4966.8000,4971.8000,4972.0000,4973.0000,4973.2000,4973.8000,1,2,1,1,1,1,1,1,1,5
SF,IC2012,2020-05-26 09:32:55.000,4970.6000,16509,0,197798760.000,0,-,-,-,-,4970.0000,4969.2000,4969.0000,4966.8000,4965.8000,4971.8000,4973.0000,4973.2000,4973.8000,4974.8000,2,1,1,1,1,2,1,1,5,5
SF,IC2012,2020-05-26 09:32:55.500,4970.6000,16509,0,197798760.000,0,-,-,-,-,4970.8000,4970.2000,4970.0000,4969.2000,4969.0000,4971.8000,4973.0000,4973.2000,4973.8000,4974.8000,1,1,2,1,1,1,1,1,5,5
SF,IC2012,2020-05-26 09:32:56.000,4971.8000,16509,0,198793120.000,1,0,1,多换,S,4970.8000,4970.2000,4970.0000,4969.2000,4969.0000,4973.0000,4973.2000,4973.8000,4974.8000,4975.0000,1,1,2,1,1,1,1,5,5,2
SF,IC2012,2020-05-26 09:32:56.500,4971.8000,16509,0,198793120.000,0,-,-,-,-,4970.2000,4970.0000,4969.2000,4969.0000,4968.8000,4972.8000,4973.0000,4973.2000,4973.8000,4974.8000,1,2,1,1,1,2,1,1,5,6
SF,IC2012,2020-05-26 09:32:57.000,4971.8000,16509,0,198793120.000,0,-,-,-,-,4970.2000,4970.0000,4969.2000,4969.0000,4968.8000,4972.6000,4972.8000,4973.0000,4973.2000,4973.8000,1,2,1,1,1,1,2,1,1,5
SF,IC2012,2020-05-26 09:32:57.500,4971.8000,16509,0,198793120.000,0,-,-,-,-,4970.2000,4970.0000,4969.2000,4969.0000,4968.8000,4972.6000,4972.8000,4973.0000,4973.2000,4973.8000,1,2,1,1,1,1,1,1,1,5
SF,IC2012,2020-05-26 09:32:58.000,4971.8000,16509,0,198793120.000,0,-,-,-,-,4970.2000,4970.0000,4969.2000,4969.0000,4968.8000,4972.4000,4972.6000,4973.0000,4973.2000,4973.8000,1,2,1,1,1,1,1,1,1,5
SF,IC2012,2020-05-26 09:32:58.500,4971.8000,16509,0,198793120.000,0,-,-,-,-,4970.0000,4969.2000,4969.0000,4968.8000,4966.8000,4972.4000,4972.6000,4972.8000,4973.0000,4973.2000,2,1,1,1,1,1,1,1,1,1
SF,IC2012,2020-05-26 09:32:59.000,4971.8000,16509,0,198793120.000,0,-,-,-,-,4970.0000,4969.2000,4969.0000,4966.8000,4965.8000,4971.8000,4972.2000,4972.4000,4972.6000,4973.0000,2,1,1,1,1,1,1,1,2,1
SF,IC2012,2020-05-26 09:32:59.500,4971.8000,16509,0,198793120.000,0,-,-,-,-,4970.6000,4970.0000,4969.2000,4969.0000,4966.8000,4971.6000,4971.8000,4972.2000,4972.6000,4973.0000,1,2,1,1,1,1,1,1,2,1
SF,IC2012,2020-05-26 09:33:00.000,4970.6000,16509,0,199787240.000,1,0,1,多换,S,4970.0000,4969.2000,4969.0000,4966.8000,4965.8000,4971.6000,4971.8000,4972.2000,4972.6000,4973.0000,2,1,1,1,1,2,1,1,1,1
SF,IC2012,2020-05-26 09:33:00.500,4970.6000,16509,0,199787240.000,0,-,-,-,-,4970.0000,4969.2000,4969.0000,4966.8000,4965.8000,4971.6000,4971.8000,4972.6000,4973.0000,4973.2000,2,1,1,1,1,1,1,1,1,1
SF,IC2012,2020-05-26 09:33:01.000,4970.6000,16509,0,199787240.000,0,-,-,-,-,4970.0000,4969.2000,4969.0000,4966.8000,4965.8000,4971.6000,4971.8000,4972.6000,4973.0000,4973.2000,2,1,1,1,1,1,1,1,1,1
SF,IC2012,2020-05-26 09:33:01.500,4970.6000,16509,0,199787240.000,0,-,-,-,-,4970.0000,4969.2000,4969.0000,4966.8000,4965.8000,4971.6000,4971.8000,4972.6000,4973.0000,4973.2000,2,1,1,1,1,1,1,1,1,1
SF,IC2012,2020-05-26 09:33:02.000,4971.8000,16508,-1,200781600.000,1,0,1,双平,S,4971.8000,4970.2000,4970.0000,4969.2000,4969.0000,4972.6000,4973.0000,4973.2000,4973.8000,4974.8000,1,2,2,1,1,1,1,1,5,5
SF,IC2012,2020-05-26 09:33:02.500,4971.8000,16507,-1,201775960.000,1,0,1,双平,S,4970.0000,4969.2000,4966.8000,4965.8000,4964.8000,4971.2000,4972.2000,4972.6000,4973.0000,4973.2000,2,1,1,1,5,1,1,1,1,1
SF,IC2012,2020-05-26 09:33:03.000,4971.8000,16507,0,201775960.000,0,-,-,-,-,4970.2000,4970.0000,4969.2000,4968.0000,4966.8000,4972.6000,4973.0000,4973.2000,4973.8000,4974.8000,3,2,1,1,1,1,1,1,5,5
SF,IC2012,2020-05-26 09:33:03.500,4971.8000,16507,0,201775960.000,0,-,-,-,-,4970.2000,4970.0000,4969.2000,4968.0000,4966.8000,4972.4000,4972.6000,4973.0000,4973.2000,4973.8000,1,2,1,1,1,1,1,1,1,5
SF,IC2012,2020-05-26 09:33:04.000,4971.8000,16507,0,201775960.000,0,-,-,-,-,4970.2000,4970.0000,4969.2000,4968.0000,4966.8000,4971.2000,4972.4000,4972.6000,4973.0000,4973.2000,1,2,1,1,1,1,1,1,2,1
SF,IC2012,2020-05-26 09:33:04.500,4971.8000,16507,0,201775960.000,0,-,-,-,-,4970.2000,4970.0000,4969.2000,4968.0000,4966.8000,4970.6000,4972.2000,4972.4000,4972.6000,4973.0000,1,2,1,1,1,1,1,1,1,2
SF,IC2012,2020-05-26 09:33:05.000,4970.6000,16506,-1,202770080.000,1,0,1,双平,S,4970.2000,4970.0000,4969.2000,4968.0000,4966.8000,4971.8000,4972.2000,4972.4000,4972.6000,4973.0000,1,2,1,1,1,1,1,1,1,2
SF,IC2012,2020-05-26 09:33:05.500,4970.6000,16506,0,202770080.000,0,-,-,-,-,4970.6000,4970.2000,4970.0000,4969.2000,4968.0000,4971.8000,4972.2000,4972.6000,4973.0000,4973.8000,1,1,2,1,1,1,1,1,2,5
SF,IC2012,2020-05-26 09:33:06.000,4970.6000,16506,0,202770080.000,0,-,-,-,-,4970.2000,4970.0000,4969.2000,4966.8000,4965.8000,4971.0000,4972.2000,4972.6000,4973.0000,4973.8000,1,2,1,1,1,1,1,1,2,5
SF,IC2012,2020-05-26 09:33:06.500,4970.6000,16506,0,204758320.000,2,1,1,多换,S,4970.2000,4970.0000,4969.2000,4966.8000,4965.8000,4972.2000,4972.6000,4973.0000,4973.8000,4974.8000,1,2,1,1,1,1,1,2,5,5
SF,IC2012,2020-05-26 09:33:07.500,4970.6000,16506,0,204758320.000,0,-,-,-,-,4970.6000,4970.2000,4970.0000,4969.2000,4966.8000,4972.2000,4972.6000,4973.0000,4973.8000,4974.8000,1,1,2,1,1,1,1,2,5,5
SF,IC2012,2020-05-26 09:33:08.000,4970.6000,16506,0,204758320.000,0,-,-,-,-,4970.6000,4970.2000,4970.0000,4969.2000,4966.8000,4971.4000,4972.2000,4972.6000,4973.0000,4973.8000,1,1,2,1,1,1,1,1,2,5
SF,IC2012,2020-05-26 09:33:08.500,4970.6000,16506,0,204758320.000,0,-,-,-,-,4970.6000,4970.2000,4970.0000,4969.2000,4966.8000,4972.0000,4972.2000,4972.6000,4973.0000,4973.8000,1,1,2,1,1,1,1,1,2,5
SF,IC2012,2020-05-26 09:33:09.000,4970.6000,16506,0,204758320.000,0,-,-,-,-,4970.6000,4970.2000,4970.0000,4969.2000,4966.8000,4972.0000,4972.2000,4972.6000,4973.0000,4973.8000,1,1,2,1,1,1,1,1,2,5
SF,IC2012,2020-05-26 09:33:09.500,4970.6000,16506,0,204758320.000,0,-,-,-,-,4970.6000,4970.2000,4970.0000,4969.2000,4966.8000,4971.0000,4972.0000,4972.2000,4972.6000,4973.0000,1,1,2,1,1,1,1,1,1,2
SF,IC2012,2020-05-26 09:33:10.000,4970.6000,16506,0,204758320.000,0,-,-,-,-,4971.0000,4970.6000,4970.0000,4969.2000,4966.8000,4972.0000,4972.2000,4972.6000,4973.0000,4973.8000,1,1,2,1,1,1,1,1,2,5
SF,IC2012,2020-05-26 09:33:10.500,4971.0000,16505,-1,205752520.000,1,0,1,双平,S,4970.6000,4970.0000,4969.2000,4968.8000,4966.8000,4972.2000,4972.6000,4973.0000,4973.8000,4974.6000,1,2,1,1,1,1,1,2,5,1
SF,IC2012,2020-05-26 09:33:11.000,4971.0000,16505,0,205752520.000,0,-,-,-,-,4970.6000,4970.0000,4969.2000,4968.8000,4966.8000,4972.6000,4973.0000,4973.8000,4974.6000,4974.8000,1,2,1,1,1,1,2,5,1,5
SF,IC2012,2020-05-26 09:33:11.500,4971.0000,16505,0,205752520.000,0,-,-,-,-,4971.0000,4970.8000,4970.6000,4970.0000,4969.2000,4972.0000,4972.6000,4973.0000,4973.8000,4974.6000,1,2,1,2,1,1,1,1,5,1
SF,IC2012,2020-05-26 09:33:12.000,4971.0000,16504,-1,206746720.000,1,0,1,双平,S,4970.8000,4970.6000,4970.0000,4969.2000,4968.8000,4971.6000,4972.6000,4973.0000,4973.8000,4974.6000,1,1,2,1,1,1,1,1,5,1
SF,IC2012,2020-05-26 09:33:12.500,4970.6000,16503,-1,208735000.000,2,0,2,多平,S,4970.0000,4969.2000,4968.8000,4966.8000,4965.8000,4970.8000,4971.2000,4972.6000,4973.0000,4973.8000,2,1,1,1,1,2,1,1,1,5
SF,IC2012,2020-05-26 09:33:13.000,4970.6000,16503,0,208735000.000,0,-,-,-,-,4970.0000,4969.2000,4968.8000,4966.8000,4965.8000,4970.8000,4972.0000,4972.6000,4973.0000,4973.8000,2,1,1,1,1,1,1,1,1,5
SF,IC2012,2020-05-26 09:33:13.500,4970.6000,16503,0,208735000.000,0,-,-,-,-,4970.8000,4970.0000,4969.2000,4968.8000,4966.8000,4972.0000,4972.6000,4973.0000,4973.8000,4974.6000,1,2,1,1,1,1,1,1,5,1
SF,IC2012,2020-05-26 09:33:14.000,4970.8000,16503,0,209729160.000,1,0,1,多换,S,4970.0000,4969.2000,4968.8000,4966.8000,4965.8000,4972.0000,4972.6000,4973.0000,4973.8000,4974.6000,2,1,1,1,1,1,1,1,5,1
SF,IC2012,2020-05-26 09:33:14.500,4970.8000,16503,0,209729160.000,0,-,-,-,-,4970.2000,4970.0000,4969.2000,4968.8000,4966.8000,4971.6000,4972.0000,4972.6000,4973.0000,4973.8000,1,2,1,1,1,1,1,1,1,5
SF,IC2012,2020-05-26 09:33:15.500,4970.8000,16503,0,209729160.000,0,-,-,-,-,4970.6000,4970.2000,4970.0000,4969.2000,4968.8000,4971.6000,4972.0000,4972.6000,4973.0000,4973.8000,1,1,2,1,1,1,1,1,1,5
SF,IC2012,2020-05-26 09:33:16.000,4970.0000,16501,-2,211717200.000,2,0,2,双平,S,4970.0000,4969.2000,4968.8000,4966.8000,4965.8000,4971.6000,4972.0000,4972.6000,4973.0000,4973.8000,1,1,1,1,1,1,1,1,1,5
SF,IC2012,2020-05-26 09:33:16.500,4970.0000,16501,0,211717200.000,0,-,-,-,-,4970.0000,4969.2000,4968.8000,4966.8000,4965.8000,4971.4000,4971.6000,4972.0000,4972.6000,4973.0000,1,1,1,1,1,1,2,1,1,1
SF,IC2012,2020-05-26 09:33:17.000,4970.0000,16501,0,211717200.000,0,-,-,-,-,4969.2000,4968.8000,4966.8000,4965.8000,4964.8000,4971.4000,4971.6000,4972.0000,4972.6000,4973.0000,1,1,1,1,5,1,2,1,1,1
SF,IC2012,2020-05-26 09:33:17.500,4970.0000,16501,0,211717200.000,0,-,-,-,-,4969.2000,4968.8000,4966.8000,4965.8000,4964.8000,4971.2000,4971.4000,4971.6000,4972.0000,4972.6000,1,1,1,1,5,1,1,2,1,1
SF,IC2012,2020-05-26 09:33:18.000,4970.0000,16501,0,211717200.000,0,-,-,-,-,4969.2000,4968.8000,4966.8000,4965.8000,4964.8000,4971.0000,4971.2000,4971.6000,4972.0000,4972.6000,1,1,1,1,5,2,2,1,1,1
SF,IC2012,2020-05-26 09:33:18.500,4970.0000,16501,0,211717200.000,0,-,-,-,-,4969.2000,4968.8000,4966.8000,4965.8000,4964.8000,4970.8000,4971.0000,4971.2000,4971.6000,4972.0000,1,1,1,1,5,1,2,1,1,1
SF,IC2012,2020-05-26 09:33:19.000,4969.2000,16501,0,212711040.000,1,0,1,多换,S,4966.8000,4965.8000,4964.6000,4964.4000,4964.2000,4969.6000,4970.6000,4970.8000,4971.0000,4971.2000,1,1,1,8,16,1,1,1,1,1
SF,IC2012,2020-05-26 09:33:19.500,4969.2000,16501,0,212711040.000,0,-,-,-,-,4967.2000,4967.0000,4964.6000,4964.4000,4964.2000,4969.4000,4969.6000,4970.6000,4970.8000,4971.0000,2,1,1,8,16,2,1,1,1,1
SF,IC2012,2020-05-26 09:33:20.000,4969.2000,16501,0,212711040.000,0,-,-,-,-,4967.4000,4967.2000,4964.6000,4964.4000,4964.2000,4969.4000,4969.6000,4970.6000,4970.8000,4971.0000,1,2,1,8,16,2,1,1,1,1
SF,IC2012,2020-05-26 09:33:20.500,4969.2000,16501,0,212711040.000,0,-,-,-,-,4967.4000,4967.2000,4964.6000,4964.4000,4964.2000,4969.4000,4969.6000,4970.6000,4970.8000,4971.0000,1,2,1,8,16,1,1,1,1,1
SF,IC2012,2020-05-26 09:33:21.000,4969.2000,16501,0,212711040.000,0,-,-,-,-,4967.6000,4967.4000,4966.8000,4964.6000,4964.4000,4969.2000,4969.4000,4969.6000,4970.6000,4970.8000,2,1,1,1,8,1,1,1,1,1
SF,IC2012,2020-05-26 09:33:21.500,4969.2000,16501,0,212711040.000,0,-,-,-,-,4967.8000,4966.8000,4964.6000,4964.4000,4964.2000,4969.2000,4969.6000,4970.6000,4970.8000,4971.0000,3,1,1,8,16,1,1,1,1,1
SF,IC2012,2020-05-26 09:33:22.000,4969.2000,16500,-1,213704880.000,1,0,1,双平,S,4968.2000,4967.8000,4966.8000,4964.6000,4964.4000,4970.6000,4970.8000,4971.0000,4971.6000,4972.6000,2,1,1,1,8,1,1,1,1,1
SF,IC2012,2020-05-26 09:33:22.500,4969.2000,16500,0,213704880.000,0,-,-,-,-,4968.4000,4968.2000,4966.8000,4964.6000,4964.4000,4970.4000,4970.6000,4970.8000,4971.6000,4972.6000,1,2,1,1,8,1,1,1,1,1
SF,IC2012,2020-05-26 09:33:23.000,4969.2000,16500,0,213704880.000,0,-,-,-,-,4968.4000,4968.2000,4966.8000,4964.6000,4964.4000,4970.4000,4970.6000,4970.8000,4971.6000,4972.6000,1,2,1,1,8,1,1,1,1,1
SF,IC2012,2020-05-26 09:33:24.000,4969.2000,16500,0,213704880.000,0,-,-,-,-,4968.4000,4966.8000,4964.6000,4964.4000,4964.2000,4969.6000,4970.4000,4970.6000,4970.8000,4971.6000,1,1,1,8,16,1,1,1,1,1
SF,IC2012,2020-05-26 09:33:24.500,4969.2000,16500,0,213704880.000,0,-,-,-,-,4966.8000,4964.6000,4964.4000,4964.2000,4964.0000,4968.4000,4969.6000,4970.4000,4970.6000,4970.8000,1,1,8,16,7,2,1,1,1,1
SF,IC2012,2020-05-26 09:33:25.000,4969.2000,16500,0,213704880.000,0,-,-,-,-,4967.0000,4966.8000,4964.6000,4964.4000,4964.2000,4968.4000,4969.6000,4970.4000,4970.6000,4970.8000,3,1,1,8,16,2,1,1,1,1
SF,IC2012,2020-05-26 09:33:25.500,4969.2000,16500,0,213704880.000,0,-,-,-,-,4967.4000,4967.0000,4966.8000,4964.6000,4964.4000,4968.4000,4969.6000,4970.4000,4970.6000,4970.8000,2,1,1,1,8,2,1,1,1,1
SF,IC2012,2020-05-26 09:33:26.500,4968.4000,16498,-2,215692240.000,2,0,2,双平,S,4967.4000,4967.0000,4966.8000,4964.6000,4964.4000,4969.6000,4970.4000,4970.6000,4970.8000,4971.6000,2,1,1,1,8,1,1,1,1,1
SF,IC2012,2020-05-26 09:33:27.000,4968.4000,16498,0,215692240.000,0,-,-,-,-,4967.6000,4966.8000,4964.6000,4964.4000,4964.2000,4969.6000,4970.4000,4970.6000,4970.8000,4971.6000,3,1,1,8,16,1,1,1,1,1
SF,IC2012,2020-05-26 09:33:27.500,4968.4000,16498,0,215692240.000,0,-,-,-,-,4967.6000,4966.8000,4964.6000,4964.4000,4964.2000,4969.6000,4970.4000,4970.6000,4970.8000,4971.6000,3,1,1,8,16,1,1,1,1,1
SF,IC2012,2020-05-26 09:33:28.000,4968.4000,16498,0,215692240.000,0,-,-,-,-,4967.8000,4967.6000,4966.8000,4964.6000,4964.4000,4970.4000,4970.6000,4970.8000,4971.6000,4972.6000,2,1,1,1,8,1,1,1,1,1
SF,IC2012,2020-05-26 09:33:28.500,4968.4000,16498,0,215692240.000,0,-,-,-,-,4968.0000,4967.8000,4966.8000,4964.6000,4964.4000,4970.2000,4970.4000,4970.6000,4970.8000,4971.6000,1,2,1,1,8,1,1,1,1,1
SF,IC2012,2020-05-26 09:33:29.000,4968.4000,16498,0,215692240.000,0,-,-,-,-,4966.8000,4964.6000,4964.4000,4964.2000,4964.0000,4969.6000,4970.0000,4970.2000,4970.6000,4971.6000,1,1,8,16,7,1,1,2,1,1
SF,IC2012,2020-05-26 09:33:29.500,4968.4000,16498,0,215692240.000,0,-,-,-,-,4967.0000,4966.8000,4964.6000,4964.4000,4964.2000,4969.4000,4969.6000,4970.6000,4972.6000,4973.0000,1,1,1,8,16,3,2,1,1,1
SF,IC2012,2020-05-26 09:33:30.000,4968.4000,16498,0,215692240.000,0,-,-,-,-,4967.0000,4966.8000,4964.6000,4964.4000,4964.2000,4969.4000,4969.6000,4972.6000,4973.0000,4973.8000,1,1,1,8,16,3,2,1,1,5
SF,IC2012,2020-05-26 09:33:30.500,4968.4000,16498,0,215692240.000,0,-,-,-,-,4967.4000,4967.0000,4966.8000,4964.6000,4964.4000,4969.4000,4969.6000,4972.6000,4973.0000,4973.8000,2,1,1,1,8,1,2,1,1,5
SF,IC2012,2020-05-26 09:33:31.000,4967.4000,16497,-1,218672720.000,3,1,2,多平,S,4966.8000,4964.6000,4964.4000,4964.2000,4964.0000,4969.6000,4972.6000,4973.0000,4973.8000,4974.6000,1,1,8,16,7,2,1,1,5,1
SF,IC2012,2020-05-26 09:33:31.500,4967.4000,16497,0,218672720.000,0,-,-,-,-,4967.4000,4967.0000,4966.8000,4964.6000,4964.4000,4969.4000,4969.6000,4972.6000,4973.0000,4973.8000,2,1,1,1,8,2,1,1,1,5
SF,IC2012,2020-05-26 09:33:32.000,4967.4000,16497,0,218672720.000,0,-,-,-,-,4967.4000,4967.0000,4966.8000,4964.6000,4964.4000,4969.2000,4969.4000,4969.6000,4972.6000,4973.0000,2,1,1,1,8,1,1,2,1,1
SF,IC2012,2020-05-26 09:33:32.500,4967.4000,16497,0,218672720.000,0,-,-,-,-,4967.4000,4967.0000,4966.8000,4964.6000,4964.4000,4969.0000,4969.2000,4969.6000,4972.6000,4973.0000,2,1,1,1,8,1,2,2,1,1
SF,IC2012,2020-05-26 09:33:33.500,4967.4000,16497,0,218672720.000,0,-,-,-,-,4967.4000,4967.0000,4966.8000,4964.6000,4964.4000,4969.0000,4969.6000,4972.6000,4973.0000,4973.8000,2,1,1,1,8,1,2,1,1,5
SF,IC2012,2020-05-26 09:33:34.000,4967.4000,16497,0,218672720.000,0,-,-,-,-,4967.4000,4967.0000,4966.8000,4964.6000,4964.4000,4968.0000,4969.0000,4969.6000,4972.6000,4973.0000,2,1,1,1,8,1,1,2,1,1
SF,IC2012,2020-05-26 09:33:34.500,4968.0000,16496,-1,219666320.000,1,0,1,双平,S,4967.4000,4967.0000,4966.8000,4964.6000,4964.4000,4969.6000,4972.6000,4973.0000,4973.8000,4974.6000,2,1,1,1,8,2,1,1,5,1
SF,IC2012,2020-05-26 09:33:35.000,4968.0000,16496,0,219666320.000,0,-,-,-,-,4967.6000,4967.4000,4966.8000,4964.6000,4964.4000,4969.4000,4969.6000,4972.6000,4973.0000,4973.8000,1,2,1,1,8,1,1,1,1,5
SF,IC2012,2020-05-26 09:33:36.000,4968.0000,16496,0,219666320.000,0,-,-,-,-,4967.6000,4967.4000,4966.8000,4964.6000,4964.4000,4969.4000,4969.6000,4972.6000,4973.0000,4973.8000,1,2,1,1,8,1,1,1,1,5
SF,IC2012,2020-05-26 09:33:36.500,4968.0000,16496,0,219666320.000,0,-,-,-,-,4967.6000,4967.4000,4966.8000,4964.6000,4964.4000,4969.6000,4972.6000,4973.0000,4973.8000,4974.6000,1,2,1,1,8,1,1,1,5,1
SF,IC2012,2020-05-26 09:33:37.500,4968.0000,16496,0,219666320.000,0,-,-,-,-,4967.6000,4967.4000,4966.8000,4964.6000,4964.4000,4969.6000,4972.6000,4973.0000,4973.8000,4974.6000,1,2,1,1,8,1,1,1,5,1
SF,IC2012,2020-05-26 09:33:38.000,4968.0000,16496,0,219666320.000,0,-,-,-,-,4967.8000,4967.6000,4967.4000,4966.8000,4964.6000,4969.6000,4972.6000,4973.0000,4973.8000,4974.6000,1,1,2,1,1,1,1,1,5,1
SF,IC2012,2020-05-26 09:33:38.500,4968.0000,16496,0,219666320.000,0,-,-,-,-,4968.0000,4967.8000,4967.4000,4966.8000,4964.6000,4969.6000,4972.6000,4973.0000,4973.8000,4974.6000,1,1,2,1,1,1,1,1,5,1
SF,IC2012,2020-05-26 09:33:39.000,4968.0000,16496,0,219666320.000,0,-,-,-,-,4968.0000,4967.8000,4967.4000,4966.8000,4964.6000,4969.6000,4972.6000,4973.0000,4973.8000,4974.6000,1,1,2,1,1,1,1,1,5,1
SF,IC2012,2020-05-26 09:33:39.500,4969.6000,16495,-1,220660240.000,1,0,1,双平,S,4968.0000,4967.8000,4967.4000,4966.8000,4964.6000,4972.6000,4973.0000,4973.8000,4974.6000,4974.8000,1,1,2,1,1,1,1,5,1,5
SF,IC2012,2020-05-26 09:33:40.000,4969.6000,16495,0,220660240.000,0,-,-,-,-,4968.0000,4967.8000,4967.4000,4966.8000,4964.6000,4972.4000,4972.6000,4972.8000,4973.0000,4973.8000,1,1,2,1,1,3,1,1,1,5
SF,IC2012,2020-05-26 09:33:40.500,4969.6000,16495,0,220660240.000,0,-,-,-,-,4968.2000,4968.0000,4967.8000,4967.4000,4966.8000,4972.4000,4972.6000,4972.8000,4973.0000,4973.8000,1,1,1,2,1,3,1,1,1,5
SF,IC2012,2020-05-26 09:33:41.000,4969.6000,16495,0,220660240.000,0,-,-,-,-,4968.4000,4968.2000,4967.8000,4967.4000,4966.8000,4972.4000,4972.6000,4972.8000,4973.0000,4973.8000,1,1,1,2,1,3,1,1,1,5
SF,IC2012,2020-05-26 09:33:41.500,4969.6000,16495,0,220660240.000,0,-,-,-,-,4968.4000,4968.2000,4967.8000,4967.4000,4966.8000,4971.6000,4972.4000,4972.6000,4972.8000,4973.0000,1,1,1,2,1,1,3,1,1,1
SF,IC2012,2020-05-26 09:33:42.000,4969.6000,16495,0,220660240.000,0,-,-,-,-,4968.4000,4968.2000,4967.4000,4966.8000,4964.6000,4971.4000,4971.6000,4972.4000,4972.6000,4972.8000,1,1,2,1,1,2,1,1,1,1
SF,IC2012,2020-05-26 09:33:43.000,4969.6000,16495,0,220660240.000,0,-,-,-,-,4968.4000,4968.2000,4967.4000,4966.8000,4964.6000,4970.8000,4971.4000,4971.6000,4972.4000,4972.6000,1,1,2,1,1,1,2,1,1,1
SF,IC2012,2020-05-26 09:33:43.500,4969.6000,16495,0,220660240.000,0,-,-,-,-,4968.4000,4968.2000,4967.4000,4966.8000,4964.6000,4970.6000,4971.4000,4971.6000,4972.4000,4972.6000,1,1,2,1,1,1,1,1,1,1
SF,IC2012,2020-05-26 09:33:44.000,4969.6000,16495,0,220660240.000,0,-,-,-,-,4968.6000,4968.4000,4968.2000,4967.4000,4966.8000,4971.4000,4971.6000,4972.4000,4972.6000,4972.8000,1,1,1,2,1,1,1,1,1,1
SF,IC2012,2020-05-26 09:33:44.500,4969.6000,16495,0,220660240.000,0,-,-,-,-,4968.8000,4968.6000,4968.2000,4967.4000,4966.8000,4971.2000,4971.4000,4971.6000,4972.4000,4972.6000,1,1,1,2,1,1,1,1,1,1
SF,IC2012,2020-05-26 09:33:45.000,4969.6000,16495,0,220660240.000,0,-,-,-,-,4968.8000,4968.6000,4968.2000,4967.4000,4966.8000,4971.2000,4971.4000,4971.6000,4972.4000,4972.6000,1,1,1,2,1,1,1,1,1,1
SF,IC2012,2020-05-26 09:33:45.500,4969.6000,16495,0,220660240.000,0,-,-,-,-,4968.8000,4968.6000,4968.2000,4967.4000,4966.8000,4971.2000,4971.4000,4971.6000,4972.4000,4972.6000,1,1,1,2,1,1,1,1,1,1
SF,IC2012,2020-05-26 09:33:46.500,4969.6000,16495,0,220660240.000,0,-,-,-,-,4968.8000,4968.6000,4968.2000,4967.4000,4966.8000,4970.8000,4971.2000,4971.4000,4971.6000,4972.4000,1,1,1,2,1,1,1,1,1,1
SF,IC2012,2020-05-26 09:33:47.000,4969.6000,16495,0,220660240.000,0,-,-,-,-,4968.8000,4968.6000,4968.2000,4967.4000,4966.8000,4970.6000,4970.8000,4971.4000,4971.6000,4972.4000,1,1,1,2,1,1,2,1,1,1
SF,IC2012,2020-05-26 09:33:47.500,4968.8000,16494,-1,221654000.000,1,0,1,双平,S,4968.2000,4967.4000,4966.8000,4964.6000,4964.4000,4970.6000,4970.8000,4971.4000,4971.6000,4972.4000,1,2,1,1,8,1,2,1,1,1
SF,IC2012,2020-05-26 09:33:48.000,4968.8000,16494,0,221654000.000,0,-,-,-,-,4968.2000,4967.4000,4966.8000,4964.6000,4964.4000,4970.6000,4970.8000,4971.4000,4971.6000,4972.4000,1,2,1,1,8,1,2,1,1,1
SF,IC2012,2020-05-26 09:33:48.500,4968.8000,16494,0,221654000.000,0,-,-,-,-,4968.2000,4967.4000,4966.8000,4964.6000,4964.4000,4970.6000,4970.8000,4971.4000,4972.4000,4972.6000,1,2,1,1,8,1,2,1,1,1
SF,IC2012,2020-05-26 09:33:49.000,4968.8000,16494,0,221654000.000,0,-,-,-,-,4968.2000,4967.4000,4966.8000,4964.6000,4964.4000,4970.2000,4970.6000,4971.4000,4972.4000,4972.6000,1,2,1,1,8,2,1,1,1,1
SF,IC2012,2020-05-26 09:33:49.500,4968.8000,16494,0,221654000.000,0,-,-,-,-,4968.0000,4967.4000,4966.8000,4964.6000,4964.4000,4970.0000,4970.2000,4971.4000,4972.4000,4972.6000,1,2,1,1,8,1,2,1,1,1
SF,IC2012,2020-05-26 09:33:50.000,4968.8000,16494,0,221654000.000,0,-,-,-,-,4968.0000,4967.4000,4966.8000,4964.6000,4964.4000,4970.0000,4971.4000,4972.4000,4972.6000,4973.0000,1,2,1,1,8,1,1,1,1,1
SF,IC2012,2020-05-26 09:33:50.500,4968.8000,16494,0,221654000.000,0,-,-,-,-,4968.0000,4967.4000,4966.8000,4964.6000,4964.4000,4969.8000,4970.0000,4971.4000,4972.4000,4972.6000,1,2,1,1,8,2,1,1,1,1
SF,IC2012,2020-05-26 09:33:51.000,4968.8000,16494,0,221654000.000,0,-,-,-,-,4968.0000,4967.4000,4966.8000,4964.6000,4964.4000,4969.6000,4969.8000,4971.4000,4972.4000,4972.6000,1,2,1,1,8,1,2,1,1,1
SF,IC2012,2020-05-26 09:33:51.500,4968.8000,16494,0,221654000.000,0,-,-,-,-,4968.0000,4967.4000,4966.8000,4964.6000,4964.4000,4969.6000,4969.8000,4971.4000,4972.4000,4972.6000,1,2,1,1,8,1,1,1,1,1
SF,IC2012,2020-05-26 09:33:52.000,4968.8000,16494,0,221654000.000,0,-,-,-,-,4968.2000,4968.0000,4967.4000,4966.8000,4964.6000,4969.8000,4971.4000,4972.4000,4972.6000,4973.0000,1,1,2,1,1,1,1,1,1,1
SF,IC2012,2020-05-26 09:33:52.500,4969.8000,16493,-1,222647960.000,1,0,1,双平,S,4968.2000,4968.0000,4967.4000,4966.8000,4964.6000,4971.4000,4972.4000,4972.6000,4973.0000,4973.8000,1,1,2,1,1,1,1,1,1,5
SF,IC2012,2020-05-26 09:33:53.000,4969.8000,16493,0,222647960.000,0,-,-,-,-,4968.2000,4968.0000,4967.4000,4966.8000,4964.6000,4971.2000,4971.4000,4972.4000,4972.6000,4973.0000,1,1,2,1,1,1,1,1,1,1
SF,IC2012,2020-05-26 09:33:53.500,4969.8000,16493,0,222647960.000,0,-,-,-,-,4968.6000,4968.4000,4968.2000,4968.0000,4967.4000,4971.0000,4971.2000,4972.4000,4972.6000,4973.0000,1,1,1,1,2,1,1,1,1,1
SF,IC2012,2020-05-26 09:33:54.000,4969.8000,16493,0,222647960.000,0,-,-,-,-,4968.8000,4968.6000,4968.4000,4968.0000,4967.4000,4970.8000,4971.0000,4972.4000,4972.6000,4973.0000,1,1,1,1,2,1,1,1,1,1
SF,IC2012,2020-05-26 09:33:54.500,4969.8000,16493,0,222647960.000,0,-,-,-,-,4968.6000,4968.4000,4968.0000,4967.4000,4966.8000,4970.8000,4971.0000,4972.4000,4972.6000,4973.0000,1,1,1,2,1,2,1,1,1,1
SF,IC2012,2020-05-26 09:33:55.500,4969.8000,16493,0,222647960.000,0,-,-,-,-,4968.6000,4968.4000,4968.0000,4967.4000,4966.8000,4970.8000,4971.0000,4972.4000,4972.6000,4973.0000,2,1,1,2,1,2,1,1,1,1
SF,IC2012,2020-05-26 09:33:57.500,4969.8000,16493,0,222647960.000,0,-,-,-,-,4968.6000,4968.0000,4967.4000,4966.8000,4964.6000,4969.6000,4970.8000,4971.0000,4972.4000,4972.6000,2,1,2,1,1,1,2,1,1,1
SF,IC2012,2020-05-26 09:33:59.000,4969.6000,16492,-1,223641880.000,1,0,1,双平,S,4968.6000,4968.0000,4967.4000,4966.8000,4964.6000,4970.8000,4971.0000,4972.4000,4972.6000,4973.8000,2,1,2,1,1,2,1,1,1,5
SF,IC2012,2020-05-26 09:33:59.500,4970.8000,16492,0,224636040.000,1,0,1,多换,S,4968.6000,4968.0000,4967.4000,4966.8000,4964.6000,4970.8000,4971.0000,4972.4000,4972.6000,4973.8000,2,1,2,1,1,1,1,1,1,5
SF,IC2012,2020-05-26 09:34:00.000,4970.8000,16492,0,224636040.000,0,-,-,-,-,4968.8000,4968.6000,4968.0000,4967.4000,4966.8000,4970.4000,4970.6000,4970.8000,4971.0000,4972.4000,1,2,1,2,1,2,1,1,1,1
SF,IC2012,2020-05-26 09:34:00.500,4970.8000,16492,0,224636040.000,0,-,-,-,-,4968.8000,4968.6000,4968.0000,4967.4000,4966.8000,4970.4000,4970.6000,4970.8000,4971.0000,4972.4000,1,2,1,2,1,2,1,1,1,1
SF,IC2012,2020-05-26 09:34:01.000,4970.8000,16492,0,224636040.000,0,-,-,-,-,4969.0000,4968.8000,4968.6000,4968.0000,4967.4000,4970.8000,4971.0000,4972.4000,4972.6000,4973.8000,1,1,2,1,2,1,1,1,1,5
SF,IC2012,2020-05-26 09:34:01.500,4970.8000,16492,0,224636040.000,0,-,-,-,-,4969.0000,4968.8000,4968.6000,4968.0000,4967.4000,4970.8000,4972.4000,4972.6000,4973.8000,4974.6000,1,1,2,1,2,1,1,1,5,1
SF,IC2012,2020-05-26 09:34:02.000,4970.8000,16491,-1,225630200.000,1,0,1,双平,S,4969.2000,4969.0000,4968.6000,4968.0000,4967.4000,4972.0000,4972.4000,4972.6000,4973.8000,4974.6000,1,1,2,1,2,1,1,1,5,1
SF,IC2012,2020-05-26 09:34:02.500,4970.8000,16491,0,225630200.000,0,-,-,-,-,4969.4000,4969.2000,4968.6000,4968.0000,4967.4000,4971.8000,4972.0000,4972.4000,4972.6000,4973.8000,1,2,1,1,2,1,1,1,1,5
SF,IC2012,2020-05-26 09:34:03.000,4970.8000,16491,0,225630200.000,0,-,-,-,-,4969.4000,4969.2000,4968.6000,4968.0000,4967.4000,4971.6000,4971.8000,4972.0000,4972.4000,4972.6000,1,2,1,1,2,1,1,1,1,1
SF,IC2012,2020-05-26 09:34:03.500,4970.8000,16491,0,225630200.000,0,-,-,-,-,4969.6000,4969.4000,4969.2000,4968.6000,4968.0000,4971.6000,4971.8000,4972.0000,4972.4000,4972.6000,1,1,2,1,1,1,1,1,1,1
SF,IC2012,2020-05-26 09:34:04.000,4970.8000,16491,0,225630200.000,0,-,-,-,-,4969.8000,4969.6000,4969.2000,4968.6000,4968.0000,4971.8000,4972.0000,4972.4000,4972.6000,4973.8000,1,1,2,1,1,1,1,1,1,5
SF,IC2012,2020-05-26 09:34:04.500,4970.8000,16491,0,225630200.000,0,-,-,-,-,4969.8000,4969.6000,4969.2000,4968.6000,4968.0000,4972.0000,4972.4000,4972.6000,4973.8000,4974.6000,1,1,2,1,1,1,1,1,5,1
SF,IC2012,2020-05-26 09:34:05.000,4970.8000,16491,0,225630200.000,0,-,-,-,-,4969.8000,4969.6000,4969.2000,4968.6000,4968.0000,4972.0000,4972.4000,4972.6000,4973.8000,4974.6000,1,1,1,1,1,1,1,1,5,1
SF,IC2012,2020-05-26 09:34:05.500,4970.8000,16491,0,225630200.000,0,-,-,-,-,4970.2000,4969.8000,4969.6000,4968.6000,4968.0000,4972.0000,4972.4000,4972.6000,4973.8000,4974.6000,1,1,1,1,1,1,1,1,5,1
SF,IC2012,2020-05-26 09:34:06.000,4970.8000,16491,0,225630200.000,0,-,-,-,-,4970.6000,4970.4000,4969.6000,4968.6000,4968.0000,4972.0000,4972.4000,4972.6000,4973.8000,4974.6000,1,1,1,1,1,1,1,1,5,1
SF,IC2012,2020-05-26 09:34:06.500,4970.8000,16491,0,225630200.000,0,-,-,-,-,4970.6000,4970.4000,4968.6000,4968.0000,4967.4000,4972.0000,4972.4000,4972.6000,4973.8000,4974.6000,1,1,1,1,2,1,1,1,5,1
SF,IC2012,2020-05-26 09:34:07.000,4970.8000,16491,0,225630200.000,0,-,-,-,-,4970.6000,4970.4000,4968.6000,4968.0000,4967.4000,4972.0000,4972.4000,4972.6000,4973.8000,4974.6000,1,1,1,1,2,1,1,1,5,1
SF,IC2012,2020-05-26 09:34:07.500,4970.8000,16491,0,225630200.000,0,-,-,-,-,4968.6000,4968.0000,4967.4000,4966.8000,4964.6000,4972.0000,4972.4000,4972.6000,4973.8000,4974.6000,1,1,2,1,1,1,1,1,5,1
SF,IC2012,2020-05-26 09:34:08.000,4970.8000,16491,0,225630200.000,0,-,-,-,-,4968.8000,4968.6000,4968.0000,4967.4000,4966.8000,4971.8000,4972.0000,4972.4000,4972.6000,4973.8000,2,1,1,2,1,2,1,1,1,5
SF,IC2012,2020-05-26 09:34:08.500,4970.8000,16491,0,225630200.000,0,-,-,-,-,4970.6000,4968.8000,4968.6000,4968.0000,4967.4000,4971.8000,4972.0000,4972.4000,4972.6000,4973.8000,1,2,1,1,2,2,1,1,1,5
SF,IC2012,2020-05-26 09:34:09.000,4970.8000,16491,0,225630200.000,0,-,-,-,-,4970.6000,4968.8000,4968.6000,4968.0000,4967.4000,4971.8000,4972.0000,4972.4000,4972.6000,4973.8000,1,2,1,1,2,1,1,1,1,5
SF,IC2012,2020-05-26 09:34:09.500,4970.8000,16491,0,225630200.000,0,-,-,-,-,4970.6000,4968.8000,4968.6000,4968.0000,4967.4000,4972.0000,4972.4000,4972.6000,4973.8000,4974.6000,1,2,1,1,2,1,1,1,5,1
SF,IC2012,2020-05-26 09:34:10.000,4972.0000,16490,-1,226624600.000,1,0,1,双平,S,4970.8000,4970.6000,4968.8000,4968.6000,4968.0000,4971.8000,4972.4000,4972.6000,4973.8000,4974.6000,1,1,2,1,1,1,1,1,5,1
SF,IC2012,2020-05-26 09:34:10.500,4972.0000,16489,-1,227619000.000,1,0,1,双平,S,4971.0000,4970.8000,4970.6000,4968.8000,4968.6000,4972.4000,4972.6000,4973.8000,4974.6000,4974.8000,1,1,1,1,1,1,1,5,1,5
SF,IC2012,2020-05-26 09:34:11.000,4972.4000,16489,0,228613480.000,1,0,1,多换,S,4972.0000,4971.8000,4971.0000,4970.8000,4970.6000,4972.6000,4973.8000,4974.6000,4974.8000,4975.0000,1,1,2,1,1,1,5,1,5,2
SF,IC2012,2020-05-26 09:34:11.500,4972.2000,16488,-1,230602440.000,2,0,2,多平,S,4972.0000,4971.8000,4971.0000,4970.8000,4970.6000,4973.8000,4974.6000,4974.8000,4975.0000,4975.8000,2,1,2,1,1,5,1,5,2,3
SF,IC2012,2020-05-26 09:34:12.000,4972.2000,16488,0,230602440.000,0,-,-,-,-,4972.0000,4971.0000,4970.8000,4970.6000,4968.8000,4973.4000,4973.6000,4973.8000,4974.6000,4974.8000,1,2,1,1,1,1,1,5,1,5
SF,IC2012,2020-05-26 09:34:12.500,4972.2000,16488,0,230602440.000,0,-,-,-,-,4972.0000,4971.0000,4970.8000,4970.6000,4968.8000,4973.2000,4973.4000,4973.8000,4974.6000,4974.8000,1,2,1,1,1,1,1,5,1,5
SF,IC2012,2020-05-26 09:34:13.000,4972.2000,16488,0,230602440.000,0,-,-,-,-,4971.0000,4970.8000,4970.6000,4968.8000,4968.0000,4973.2000,4973.4000,4973.8000,4974.6000,4974.8000,2,1,1,1,1,1,1,5,1,5
SF,IC2012,2020-05-26 09:34:13.500,4972.2000,16488,0,230602440.000,0,-,-,-,-,4971.0000,4970.8000,4970.6000,4968.8000,4968.0000,4973.2000,4973.8000,4974.6000,4974.8000,4975.0000,1,1,1,1,1,1,5,1,5,2
SF,IC2012,2020-05-26 09:34:15.000,4973.2000,16488,0,231597080.000,1,0,1,多换,S,4971.2000,4971.0000,4970.8000,4970.6000,4968.8000,4973.8000,4974.6000,4974.8000,4975.0000,4975.8000,2,1,1,1,1,5,1,5,2,3
SF,IC2012,2020-05-26 09:34:15.500,4973.2000,16488,0,231597080.000,0,-,-,-,-,4971.4000,4971.2000,4970.8000,4970.6000,4968.8000,4973.6000,4973.8000,4974.6000,4974.8000,4975.0000,1,2,1,1,1,2,5,1,5,3
SF,IC2012,2020-05-26 09:34:17.000,4973.2000,16488,0,231597080.000,0,-,-,-,-,4971.6000,4971.4000,4971.2000,4970.8000,4970.6000,4973.2000,4973.6000,4973.8000,4974.6000,4974.8000,1,1,2,1,1,1,2,5,1,5
SF,IC2012,2020-05-26 09:34:17.500,4973.2000,16488,0,231597080.000,0,-,-,-,-,4971.6000,4971.2000,4970.6000,4968.8000,4968.0000,4973.0000,4973.2000,4973.8000,4974.6000,4974.8000,1,1,1,1,1,1,1,5,1,5
SF,IC2012,2020-05-26 09:34:18.000,4973.2000,16488,0,232591720.000,1,0,1,多换,S,4973.0000,4971.6000,4971.2000,4970.6000,4968.8000,4973.8000,4974.6000,4974.8000,4975.0000,4975.8000,1,1,1,1,1,5,1,5,3,3
SF,IC2012,2020-05-26 09:34:18.500,4973.0000,16488,0,233586320.000,1,0,1,多换,S,4971.6000,4971.2000,4970.6000,4968.8000,4968.0000,4973.8000,4974.6000,4974.8000,4975.0000,4975.8000,1,1,1,1,1,5,1,5,3,3
SF,IC2012,2020-05-26 09:34:19.000,4973.0000,16488,0,233586320.000,0,-,-,-,-,4971.8000,4971.6000,4971.2000,4970.6000,4968.8000,4973.8000,4974.6000,4974.8000,4975.0000,4975.8000,1,1,1,1,1,5,1,5,3,3
SF,IC2012,2020-05-26 09:34:19.500,4973.0000,16488,0,233586320.000,0,-,-,-,-,4972.0000,4971.8000,4971.6000,4971.2000,4970.6000,4973.8000,4974.6000,4974.8000,4975.0000,4975.8000,1,1,1,1,1,5,1,5,3,3
SF,IC2012,2020-05-26 09:34:20.000,4973.0000,16488,0,233586320.000,0,-,-,-,-,4972.2000,4972.0000,4971.6000,4971.2000,4970.6000,4973.8000,4974.6000,4974.8000,4975.0000,4975.8000,1,1,1,1,6,5,1,5,3,3
SF,IC2012,2020-05-26 09:34:20.500,4973.0000,16488,0,233586320.000,0,-,-,-,-,4972.2000,4972.0000,4971.6000,4971.2000,4970.6000,4973.4000,4973.6000,4973.8000,4974.6000,4974.8000,1,1,1,1,6,1,1,5,1,5
SF,IC2012,2020-05-26 09:34:21.000,4973.0000,16488,0,233586320.000,0,-,-,-,-,4973.4000,4972.2000,4971.2000,4970.6000,4968.8000,4973.8000,4974.4000,4974.6000,4974.8000,4975.0000,1,1,1,1,1,5,1,1,5,3
SF,IC2012,2020-05-26 09:34:21.500,4973.4000,16488,0,234581000.000,1,0,1,多换,S,4972.2000,4971.2000,4970.6000,4968.8000,4968.0000,4973.4000,4973.8000,4974.4000,4974.6000,4974.8000,1,1,1,1,1,1,5,1,1,5
SF,IC2012,2020-05-26 09:34:22.000,4973.8000,16486,-2,236570440.000,2,0,2,双平,S,4972.2000,4971.2000,4970.6000,4968.8000,4968.0000,4973.8000,4974.4000,4974.6000,4974.8000,4975.0000,1,1,1,1,1,4,1,1,5,4
SF,IC2012,2020-05-26 09:34:22.500,4973.8000,16484,-2,238559960.000,2,0,2,双平,S,4972.2000,4971.2000,4970.6000,4968.8000,4968.0000,4973.8000,4974.4000,4974.6000,4974.8000,4975.0000,1,1,1,1,1,2,1,1,5,4
SF,IC2012,2020-05-26 09:34:23.000,4973.8000,16484,0,238559960.000,0,-,-,-,-,4972.2000,4971.2000,4970.6000,4968.8000,4968.0000,4973.8000,4974.4000,4974.6000,4974.8000,4975.0000,1,1,1,1,1,2,1,1,5,4
SF,IC2012,2020-05-26 09:34:23.500,4973.8000,16482,-2,240549480.000,2,0,2,双平,S,4972.2000,4971.2000,4970.6000,4968.8000,4968.0000,4974.4000,4974.6000,4974.8000,4975.0000,4975.8000,1,1,1,1,1,1,1,5,4,3
SF,IC2012,2020-05-26 09:34:24.000,4973.8000,16484,2,242539000.000,2,2,0,双开,S,4971.2000,4970.6000,4968.8000,4968.0000,4967.4000,4974.2000,4974.4000,4974.6000,4974.8000,4975.0000,1,1,1,1,2,1,1,1,5,4
SF,IC2012,2020-05-26 09:34:24.500,4973.8000,16484,0,242539000.000,0,-,-,-,-,4971.4000,4971.2000,4970.6000,4968.8000,4968.0000,4974.0000,4974.2000,4974.4000,4974.6000,4974.8000,1,1,1,1,1,1,1,1,1,5
SF,IC2012,2020-05-26 09:34:25.000,4973.8000,16484,0,242539000.000,0,-,-,-,-,4971.6000,4971.4000,4970.6000,4968.8000,4968.0000,4973.8000,4974.0000,4974.4000,4974.6000,4974.8000,1,1,1,1,1,1,1,1,1,5
SF,IC2012,2020-05-26 09:34:25.500,4973.8000,16484,0,242539000.000,0,-,-,-,-,4971.8000,4970.6000,4968.8000,4968.0000,4967.4000,4973.8000,4974.0000,4974.4000,4974.6000,4974.8000,1,1,1,1,2,1,1,1,1,5
SF,IC2012,2020-05-26 09:34:26.500,4973.8000,16484,0,242539000.000,0,-,-,-,-,4972.0000,4971.8000,4970.6000,4970.0000,4968.8000,4973.0000,4973.8000,4974.0000,4974.4000,4974.6000,2,1,1,1,1,1,1,1,1,1
SF,IC2012,2020-05-26 09:34:27.000,4973.8000,16484,0,242539000.000,0,-,-,-,-,4971.8000,4970.6000,4970.0000,4968.8000,4968.0000,4973.0000,4973.8000,4974.4000,4974.6000,4974.8000,1,1,1,1,1,1,1,1,1,5
SF,IC2012,2020-05-26 09:34:27.500,4973.8000,16484,0,242539000.000,0,-,-,-,-,4972.2000,4971.8000,4970.6000,4970.0000,4968.8000,4973.0000,4973.8000,4974.4000,4974.6000,4974.8000,1,1,1,1,1,1,1,1,1,5
SF,IC2012,2020-05-26 09:34:28.500,4973.8000,16484,0,242539000.000,0,-,-,-,-,4971.8000,4970.6000,4970.0000,4968.8000,4968.0000,4973.0000,4973.8000,4974.4000,4974.6000,4974.8000,1,1,1,1,1,1,1,1,1,5
SF,IC2012,2020-05-26 09:34:31.000,4973.8000,16484,0,242539000.000,0,-,-,-,-,4972.0000,4971.8000,4970.6000,4970.0000,4968.8000,4973.0000,4973.8000,4974.4000,4974.6000,4974.8000,2,1,1,1,1,1,1,1,1,5
SF,IC2012,2020-05-26 09:34:31.500,4973.0000,16485,1,243533600.000,1,1,0,双开,S,4971.8000,4970.6000,4970.0000,4968.8000,4968.0000,4973.8000,4974.4000,4974.6000,4974.8000,4975.0000,1,1,1,1,1,1,1,1,5,6
SF,IC2012,2020-05-26 09:34:32.500,4973.8000,16485,0,244528360.000,1,0,1,多换,S,4971.8000,4970.6000,4970.0000,4968.8000,4968.0000,4974.4000,4974.6000,4974.8000,4975.0000,4975.8000,1,1,1,1,1,1,1,5,6,3
SF,IC2012,2020-05-26 09:34:33.000,4973.8000,16485,0,244528360.000,0,-,-,-,-,4973.0000,4972.0000,4971.8000,4970.6000,4970.0000,4974.2000,4974.4000,4974.6000,4974.8000,4975.0000,1,1,1,1,1,2,2,1,5,6
SF,IC2012,2020-05-26 09:34:33.500,4972.0000,16485,0,246517360.000,2,1,1,多换,S,4970.6000,4970.0000,4968.8000,4968.0000,4967.4000,4974.2000,4974.4000,4974.6000,4974.8000,4975.0000,1,1,1,1,2,1,2,1,5,6
SF,IC2012,2020-05-26 09:34:34.000,4972.0000,16485,0,246517360.000,0,-,-,-,-,4970.8000,4970.0000,4968.8000,4968.0000,4967.4000,4974.0000,4974.2000,4974.4000,4974.6000,4974.8000,1,1,1,1,2,1,1,2,1,5
SF,IC2012,2020-05-26 09:34:34.500,4972.0000,16485,0,246517360.000,0,-,-,-,-,4970.8000,4970.0000,4968.8000,4968.0000,4967.4000,4973.8000,4974.0000,4974.4000,4974.6000,4974.8000,1,1,1,1,2,1,1,2,1,5
SF,IC2012,2020-05-26 09:34:35.000,4972.0000,16485,0,246517360.000,0,-,-,-,-,4970.8000,4970.0000,4968.8000,4968.0000,4967.4000,4973.6000,4973.8000,4974.4000,4974.6000,4974.8000,1,1,1,1,2,1,1,2,1,5
SF,IC2012,2020-05-26 09:34:35.500,4972.0000,16485,0,246517360.000,0,-,-,-,-,4970.8000,4970.0000,4968.8000,4968.0000,4967.4000,4973.4000,4973.6000,4974.4000,4974.6000,4974.8000,1,1,1,1,2,1,1,2,1,5
SF,IC2012,2020-05-26 09:34:36.000,4972.0000,16485,0,246517360.000,0,-,-,-,-,4970.8000,4970.0000,4968.8000,4968.0000,4967.4000,4973.2000,4973.4000,4974.4000,4974.6000,4974.8000,1,1,1,1,2,1,1,2,1,5
SF,IC2012,2020-05-26 09:34:37.000,4972.0000,16485,0,246517360.000,0,-,-,-,-,4971.2000,4970.8000,4970.6000,4970.0000,4968.8000,4973.2000,4973.4000,4974.4000,4974.6000,4974.8000,1,1,1,1,1,1,1,2,1,5
SF,IC2012,2020-05-26 09:34:37.500,4972.0000,16485,0,246517360.000,0,-,-,-,-,4971.4000,4971.2000,4970.6000,4970.0000,4968.8000,4974.4000,4974.6000,4974.8000,4975.0000,4975.8000,1,1,1,1,1,2,1,5,6,3
SF,IC2012,2020-05-26 09:34:38.000,4971.6000,16484,-1,247511680.000,1,0,1,双平,S,4971.4000,4970.6000,4970.0000,4968.8000,4968.0000,4974.2000,4974.4000,4974.6000,4974.8000,4975.0000,1,1,1,1,1,1,2,1,5,6
SF,IC2012,2020-05-26 09:34:38.500,4971.6000,16484,0,247511680.000,0,-,-,-,-,4971.8000,4971.4000,4971.2000,4970.6000,4970.0000,4974.0000,4974.2000,4974.4000,4974.6000,4974.8000,1,1,1,1,1,1,1,2,1,5
SF,IC2012,2020-05-26 09:34:39.000,4971.6000,16484,0,247511680.000,0,-,-,-,-,4972.0000,4971.8000,4971.2000,4970.6000,4970.0000,4974.2000,4974.4000,4974.6000,4974.8000,4975.0000,1,1,1,1,1,1,2,1,5,6
SF,IC2012,2020-05-26 09:34:39.500,4971.6000,16484,0,247511680.000,0,-,-,-,-,4971.2000,4970.6000,4970.0000,4968.8000,4968.0000,4974.0000,4974.2000,4974.4000,4974.6000,4974.8000,1,1,1,1,1,1,1,2,1,5
SF,IC2012,2020-05-26 09:34:40.000,4971.6000,16484,0,247511680.000,0,-,-,-,-,4971.4000,4970.6000,4970.0000,4968.8000,4968.0000,4973.8000,4974.0000,4974.4000,4974.6000,4974.8000,1,1,1,1,1,1,1,2,1,5
SF,IC2012,2020-05-26 09:34:40.500,4971.6000,16484,0,247511680.000,0,-,-,-,-,4971.4000,4970.6000,4970.0000,4968.8000,4968.0000,4973.6000,4973.8000,4974.4000,4974.6000,4974.8000,1,1,1,1,1,1,1,2,1,5
SF,IC2012,2020-05-26 09:34:41.000,4971.4000,16483,-1,248505960.000,1,0,1,双平,S,4970.0000,4968.8000,4968.0000,4967.4000,4966.8000,4973.6000,4973.8000,4974.4000,4974.6000,4974.8000,1,1,1,2,1,1,1,2,1,5
SF,IC2012,2020-05-26 09:34:41.500,4971.4000,16483,0,248505960.000,0,-,-,-,-,4970.2000,4970.0000,4968.8000,4968.0000,4967.4000,4973.4000,4973.6000,4974.4000,4974.6000,4974.8000,1,1,1,1,2,1,1,2,1,5
SF,IC2012,2020-05-26 09:34:42.000,4971.4000,16483,0,248505960.000,0,-,-,-,-,4970.2000,4970.0000,4968.8000,4968.0000,4967.4000,4972.8000,4973.2000,4973.4000,4974.4000,4974.6000,1,1,1,1,2,1,1,1,2,1
SF,IC2012,2020-05-26 09:34:42.500,4971.4000,16483,0,248505960.000,0,-,-,-,-,4970.6000,4970.2000,4970.0000,4968.8000,4968.0000,4972.6000,4973.2000,4973.8000,4974.4000,4974.6000,1,1,1,1,1,1,1,1,2,1
SF,IC2012,2020-05-26 09:34:43.000,4971.4000,16483,0,248505960.000,0,-,-,-,-,4970.8000,4970.0000,4968.8000,4968.0000,4967.4000,4973.2000,4973.8000,4974.4000,4974.6000,4974.8000,3,1,1,1,2,1,1,2,1,5
SF,IC2012,2020-05-26 09:34:43.500,4971.4000,16483,0,248505960.000,0,-,-,-,-,4970.8000,4970.0000,4968.8000,4968.0000,4967.4000,4973.2000,4973.8000,4974.4000,4974.6000,4974.8000,1,1,1,1,2,1,1,2,1,5
SF,IC2012,2020-05-26 09:34:44.000,4971.4000,16483,0,248505960.000,0,-,-,-,-,4970.8000,4970.0000,4968.8000,4968.0000,4967.4000,4972.8000,4973.2000,4973.8000,4974.4000,4974.6000,1,1,1,1,2,1,1,1,2,1
SF,IC2012,2020-05-26 09:34:44.500,4971.4000,16483,0,248505960.000,0,-,-,-,-,4970.8000,4970.0000,4968.8000,4968.0000,4967.4000,4973.2000,4973.8000,4974.4000,4974.6000,4974.8000,1,1,1,1,2,1,1,2,1,5
SF,IC2012,2020-05-26 09:34:45.000,4971.4000,16483,0,248505960.000,0,-,-,-,-,4971.0000,4970.8000,4970.0000,4968.8000,4968.0000,4973.2000,4973.8000,4974.4000,4974.6000,4974.8000,1,1,1,1,1,1,1,2,1,5
SF,IC2012,2020-05-26 09:34:45.500,4971.4000,16483,0,248505960.000,0,-,-,-,-,4971.2000,4971.0000,4970.0000,4968.8000,4968.0000,4973.2000,4974.4000,4974.6000,4974.8000,4975.0000,1,1,1,1,1,1,1,1,5,7
SF,IC2012,2020-05-26 09:34:46.500,4971.4000,16483,0,248505960.000,0,-,-,-,-,4971.2000,4970.0000,4968.8000,4968.0000,4967.4000,4973.2000,4974.4000,4974.6000,4974.8000,4975.0000,1,1,1,1,2,1,1,1,5,7
SF,IC2012,2020-05-26 09:34:47.000,4971.2000,16482,-1,249500200.000,1,0,1,双平,S,4970.0000,4968.8000,4968.0000,4967.4000,4966.8000,4973.0000,4973.2000,4974.4000,4974.6000,4974.8000,1,1,1,2,1,1,1,1,1,5
SF,IC2012,2020-05-26 09:34:47.500,4971.2000,16482,0,249500200.000,0,-,-,-,-,4970.6000,4970.2000,4970.0000,4968.8000,4968.0000,4972.8000,4973.0000,4973.2000,4974.4000,4974.6000,1,1,1,1,1,1,1,1,1,1
SF,IC2012,2020-05-26 09:34:48.000,4971.2000,16482,0,249500200.000,0,-,-,-,-,4970.8000,4970.6000,4970.0000,4968.8000,4968.0000,4972.6000,4972.8000,4973.2000,4974.4000,4974.6000,1,1,1,1,1,1,1,1,1,1
SF,IC2012,2020-05-26 09:34:48.500,4971.2000,16482,0,249500200.000,0,-,-,-,-,4970.8000,4970.6000,4970.0000,4968.8000,4968.0000,4972.6000,4973.2000,4974.0000,4974.4000,4974.6000,1,1,1,1,1,1,1,1,1,1
SF,IC2012,2020-05-26 09:34:49.500,4972.6000,16482,0,250494720.000,1,0,1,多换,S,4970.8000,4970.6000,4970.0000,4968.8000,4968.0000,4973.2000,4974.0000,4974.4000,4974.6000,4974.8000,1,1,1,1,1,1,1,1,1,5
SF,IC2012,2020-05-26 09:34:50.000,4972.6000,16482,0,250494720.000,0,-,-,-,-,4970.8000,4970.6000,4970.0000,4968.8000,4968.0000,4973.0000,4973.2000,4974.0000,4974.4000,4974.6000,1,1,1,1,1,1,1,1,1,1
SF,IC2012,2020-05-26 09:34:50.500,4972.6000,16482,0,250494720.000,0,-,-,-,-,4970.8000,4970.0000,4968.8000,4968.0000,4967.4000,4973.0000,4973.2000,4974.0000,4974.4000,4974.6000,1,1,1,1,2,1,1,1,1,1
SF,IC2012,2020-05-26 09:34:52.000,4973.0000,16482,0,251489320.000,1,0,1,多换,S,4970.8000,4970.0000,4968.8000,4968.0000,4967.4000,4973.2000,4974.0000,4974.4000,4974.6000,4974.8000,1,1,1,1,2,1,1,1,1,5
SF,IC2012,2020-05-26 09:34:53.500,4973.0000,16482,0,251489320.000,0,-,-,-,-,4971.2000,4970.8000,4970.0000,4968.8000,4968.0000,4973.2000,4974.0000,4974.4000,4974.6000,4974.8000,1,1,1,1,1,1,1,1,1,5
SF,IC2012,2020-05-26 09:34:54.000,4973.2000,16482,0,252483960.000,1,0,1,多换,S,4971.4000,4971.2000,4970.0000,4968.8000,4968.0000,4974.0000,4974.4000,4974.6000,4974.8000,4975.0000,1,1,1,1,1,1,1,1,5,7
SF,IC2012,2020-05-26 09:34:54.500,4973.2000,16482,0,252483960.000,0,-,-,-,-,4971.4000,4970.0000,4968.8000,4968.0000,4967.4000,4973.8000,4974.0000,4974.4000,4974.6000,4974.8000,1,1,1,1,2,2,1,1,1,5
SF,IC2012,2020-05-26 09:34:55.500,4973.2000,16482,0,252483960.000,0,-,-,-,-,4971.8000,4971.4000,4970.0000,4968.8000,4968.0000,4973.8000,4974.0000,4974.4000,4974.6000,4974.8000,1,1,1,1,1,2,1,1,1,5
SF,IC2012,2020-05-26 09:34:56.000,4973.2000,16482,0,252483960.000,0,-,-,-,-,4972.0000,4970.0000,4968.8000,4968.0000,4967.4000,4973.8000,4974.4000,4974.6000,4974.8000,4975.0000,1,1,1,1,2,1,1,1,5,7
SF,IC2012,2020-05-26 09:34:56.500,4973.2000,16482,0,252483960.000,0,-,-,-,-,4973.8000,4972.0000,4970.0000,4968.8000,4968.0000,4974.4000,4974.6000,4974.8000,4975.0000,4975.8000,1,1,1,1,1,1,1,5,7,3
SF,IC2012,2020-05-26 09:34:57.000,4973.8000,16482,0,253478720.000,1,0,1,多换,S,4972.0000,4970.0000,4968.8000,4968.0000,4967.4000,4973.8000,4974.4000,4974.6000,4974.8000,4975.0000,1,1,1,1,2,2,1,1,5,7
SF,IC2012,2020-05-26 09:34:57.500,4973.8000,16482,0,254473480.000,1,0,1,多换,S,4972.0000,4970.0000,4968.8000,4968.0000,4967.4000,4973.8000,4974.4000,4974.6000,4974.8000,4975.0000,1,1,1,1,2,1,1,1,5,7
SF,IC2012,2020-05-26 09:34:58.000,4973.8000,16482,0,254473480.000,0,-,-,-,-,4972.4000,4972.0000,4970.0000,4968.8000,4968.0000,4973.8000,4974.4000,4974.6000,4974.8000,4975.0000,1,1,1,1,1,1,1,1,5,7
SF,IC2012,2020-05-26 09:34:58.500,4973.8000,16482,0,254473480.000,0,-,-,-,-,4972.6000,4972.4000,4970.0000,4968.8000,4968.0000,4973.8000,4974.4000,4974.6000,4974.8000,4975.0000,1,1,1,1,1,1,1,1,5,7
SF,IC2012,2020-05-26 09:34:59.500,4973.8000,16482,0,254473480.000,0,-,-,-,-,4972.6000,4970.0000,4968.8000,4968.0000,4967.4000,4973.8000,4974.4000,4974.6000,4974.8000,4975.0000,1,1,1,1,2,1,1,1,5,7
SF,IC2012,2020-05-26 09:35:00.000,4973.8000,16482,0,254473480.000,0,-,-,-,-,4972.8000,4972.6000,4970.0000,4968.8000,4968.0000,4973.8000,4974.4000,4974.6000,4974.8000,4975.0000,2,1,1,1,1,1,1,1,5,7
SF,IC2012,2020-05-26 09:35:00.500,4972.6000,16481,-1,255468000.000,1,0,1,双平,S,4970.0000,4968.8000,4968.0000,4967.4000,4966.8000,4973.8000,4974.4000,4974.6000,4974.8000,4975.0000,1,1,1,2,2,1,1,1,5,7
SF,IC2012,2020-05-26 09:35:01.000,4972.6000,16481,0,255468000.000,0,-,-,-,-,4970.6000,4970.2000,4970.0000,4968.8000,4968.0000,4973.6000,4973.8000,4974.4000,4974.6000,4974.8000,1,2,1,1,1,2,1,1,1,5
SF,IC2012,2020-05-26 09:35:01.500,4972.6000,16481,0,255468000.000,0,-,-,-,-,4971.2000,4971.0000,4970.8000,4970.6000,4970.0000,4973.6000,4973.8000,4974.4000,4974.6000,4974.8000,2,1,3,1,1,1,1,1,1,5
SF,IC2012,2020-05-26 09:35:02.000,4972.6000,16481,0,255468000.000,0,-,-,-,-,4971.6000,4971.4000,4971.0000,4970.8000,4970.6000,4973.6000,4973.8000,4974.4000,4974.6000,4974.8000,2,2,1,1,1,1,1,1,1,5
SF,IC2012,2020-05-26 09:35:02.500,4972.6000,16481,0,255468000.000,0,-,-,-,-,4971.8000,4971.4000,4971.0000,4970.8000,4970.6000,4973.8000,4974.4000,4974.6000,4974.8000,4975.0000,3,1,1,1,1,1,1,1,5,7
SF,IC2012,2020-05-26 09:35:03.000,4972.6000,16481,0,255468000.000,0,-,-,-,-,4972.0000,4971.8000,4971.0000,4970.8000,4970.6000,4974.4000,4974.6000,4974.8000,4975.0000,4975.8000,2,2,1,1,1,1,1,5,7,3
