市场代码,合约代码,时间,最新,持仓,增仓,成交额,成交量,开仓,平仓,成交类型,方向,买一价,买二价,买三价,买四价,买五价,卖一价,卖二价,卖三价,卖四价,卖五价,买一量,买二量,买三量,买四量,买五量,卖一量,卖二量,卖三量,卖四量,卖五量
SF,IC2006,2019-11-06 09:29:00.100,4762.0000,7363,0,952400.000,1.000,-,-,-,-,4758.0000,4750.0000,4745.6000,4741.0000,4740.0000,4768.6000,4770.0000,4772.0000,4775.0000,4775.4000,5,2,1,1,1,1,1,2,2,1
SF,IC2006,2019-11-06 09:30:00.100,4758.0000,7363,0,1904000.000,1,0,1,多换,S,4758.0000,4750.0000,4745.6000,4741.0000,4740.0000,4760.0000,4761.0000,4761.8000,4768.4000,4770.0000,4,2,1,1,1,1,1,1,1,1
SF,IC2006,2019-11-06 09:30:00.600,4758.0000,7363,0,7613600.000,6,3,3,多换,S,4750.0000,4741.0000,4740.0000,4731.4000,4730.0000,4759.8000,4760.0000,4761.8000,4767.2000,4768.4000,2,1,1,3,1,1,3,1,1,1
SF,IC2006,2019-11-06 09:30:01.100,4750.2000,7362,-1,8563640.000,1,0,1,双平,S,4750.2000,4750.0000,4741.0000,4740.0000,4731.4000,4755.0000,4756.0000,4758.0000,4759.8000,4760.0000,1,2,1,1,3,1,1,1,1,2
SF,IC2006,2019-11-06 09:30:01.600,4750.2000,7360,-2,10464680.000,2,0,2,双平,S,4750.4000,4750.0000,4746.0000,4744.4000,4741.0000,4756.0000,4761.8000,4767.2000,4768.4000,4770.0000,1,2,1,5,1,1,5,1,1,2
SF,IC2006,2019-11-06 09:30:02.100,4755.8000,7359,-1,12365920.000,2,0,2,多平,S,4750.6000,4750.0000,4746.0000,4744.4000,4742.8000,4756.0000,4756.8000,4758.0000,4761.8000,4767.2000,1,2,1,5,1,1,1,3,5,1
SF,IC2006,2019-11-06 09:30:02.600,4755.8000,7358,-1,14267200.000,2,0,2,多平,S,4750.0000,4747.6000,4746.0000,4744.4000,4742.0000,4755.8000,4756.0000,4758.0000,4759.0000,4761.8000,3,1,1,5,1,1,1,3,1,5
SF,IC2006,2019-11-06 09:30:03.100,4750.0000,7358,0,15217200.000,1,0,1,多换,S,4750.8000,4750.0000,4746.0000,4742.0000,4741.0000,4755.6000,4755.8000,4756.0000,4758.0000,4761.8000,1,2,1,1,1,1,1,1,3,5
SF,IC2006,2019-11-06 09:30:03.600,4750.8000,7357,-1,16167360.000,1,0,1,双平,S,4750.0000,4746.0000,4742.0000,4741.0000,4740.0000,4755.2000,4755.4000,4755.6000,4756.0000,4758.0000,2,1,1,1,1,1,1,1,1,3
SF,IC2006,2019-11-06 09:30:04.100,4750.0000,7357,0,17117360.000,1,0,1,多换,S,4750.0000,4746.0000,4742.0000,4741.0000,4740.0000,4750.8000,4755.0000,4755.2000,4756.0000,4758.0000,1,1,1,1,1,1,1,1,1,3
SF,IC2006,2019-11-06 09:30:04.600,4750.8000,7357,0,18067520.000,1,0,1,多换,S,4750.0000,4746.0000,4742.0000,4741.0000,4740.0000,4755.0000,4755.2000,4756.0000,4758.0000,4761.8000,2,1,1,1,1,1,1,1,3,5
SF,IC2006,2019-11-06 09:30:05.100,4750.8000,7357,0,18067520.000,0,-,-,-,-,4750.0000,4746.0000,4742.0000,4741.0000,4740.0000,4755.0000,4756.0000,4756.4000,4758.0000,4761.8000,2,1,1,1,1,1,1,1,3,5
SF,IC2006,2019-11-06 09:30:05.600,4750.8000,7357,0,18067520.000,0,-,-,-,-,4750.0000,4746.0000,4742.0000,4741.0000,4740.0000,4755.0000,4756.0000,4756.4000,4758.0000,4761.8000,1,1,1,1,1,1,1,1,3,5
SF,IC2006,2019-11-06 09:30:06.100,4750.0000,7357,0,19017520.000,1,0,1,多换,S,4750.0000,4746.0000,4742.0000,4741.0000,4740.0000,4755.0000,4756.0000,4758.0000,4761.8000,4768.4000,1,1,1,1,1,1,1,3,5,1
SF,IC2006,2019-11-06 09:30:06.600,4750.0000,7357,0,19017520.000,0,-,-,-,-,4750.2000,4750.0000,4746.0000,4742.0000,4741.0000,4755.0000,4756.0000,4758.0000,4761.8000,4768.4000,1,1,1,1,1,1,1,3,5,1
SF,IC2006,2019-11-06 09:30:07.100,4750.0000,7357,0,19017520.000,0,-,-,-,-,4750.2000,4746.0000,4742.0000,4741.0000,4740.0000,4754.8000,4755.0000,4756.0000,4758.0000,4761.8000,1,1,1,1,1,1,1,1,3,5
SF,IC2006,2019-11-06 09:30:07.600,4750.0000,7357,0,19017520.000,0,-,-,-,-,4750.2000,4746.0000,4742.0000,4741.0000,4740.0000,4754.6000,4754.8000,4756.0000,4758.0000,4761.8000,1,1,1,1,1,1,1,1,3,5
SF,IC2006,2019-11-06 09:30:08.600,4750.0000,7357,0,19017520.000,0,-,-,-,-,4746.0000,4742.0000,4741.0000,4740.0000,4738.6000,4754.6000,4756.0000,4758.0000,4761.8000,4768.4000,1,1,1,1,5,1,1,3,5,1
SF,IC2006,2019-11-06 09:30:09.100,4750.0000,7357,0,19017520.000,0,-,-,-,-,4750.0000,4748.2000,4747.6000,4747.2000,4746.2000,4750.2000,4754.2000,4754.6000,4756.0000,4758.0000,1,1,1,1,2,1,1,1,1,3
SF,IC2006,2019-11-06 09:30:09.600,4750.2000,7357,0,19967560.000,1,0,1,多换,S,4750.0000,4748.2000,4747.6000,4747.2000,4746.0000,4754.6000,4755.6000,4756.0000,4758.0000,4761.8000,1,1,1,1,1,1,1,1,3,5
SF,IC2006,2019-11-06 09:30:10.100,4754.4000,7356,-1,20918440.000,1,0,1,双平,S,4748.2000,4747.8000,4747.6000,4747.2000,4746.0000,4754.6000,4756.0000,4756.8000,4758.0000,4761.8000,1,1,1,1,1,1,1,1,3,5
SF,IC2006,2019-11-06 09:30:10.600,4754.4000,7356,0,20918440.000,0,-,-,-,-,4748.4000,4748.2000,4747.6000,4747.2000,4746.0000,4754.2000,4754.4000,4754.6000,4756.0000,4758.0000,1,1,1,1,1,1,1,1,1,3
SF,IC2006,2019-11-06 09:30:11.100,4754.4000,7356,0,20918440.000,0,-,-,-,-,4748.4000,4748.2000,4747.6000,4747.2000,4746.0000,4754.0000,4754.2000,4754.4000,4756.0000,4758.0000,1,1,1,1,1,1,1,1,1,3
SF,IC2006,2019-11-06 09:30:11.600,4754.4000,7356,0,20918440.000,0,-,-,-,-,4748.8000,4748.4000,4747.6000,4747.2000,4746.0000,4753.8000,4754.0000,4754.2000,4756.0000,4758.0000,1,1,1,1,1,2,1,1,1,3
SF,IC2006,2019-11-06 09:30:12.100,4754.4000,7356,0,20918440.000,0,-,-,-,-,4749.0000,4748.8000,4747.6000,4747.2000,4746.0000,4753.4000,4753.6000,4753.8000,4754.2000,4756.0000,1,1,1,1,1,1,1,2,1,1
SF,IC2006,2019-11-06 09:30:12.600,4749.0000,7355,-1,21868240.000,1,0,1,双平,S,4750.0000,4747.6000,4747.2000,4746.0000,4745.8000,4753.2000,4753.4000,4753.8000,4756.0000,4758.0000,1,1,1,1,1,2,2,2,1,3
SF,IC2006,2019-11-06 09:30:13.100,4749.0000,7355,0,21868240.000,0,-,-,-,-,4750.0000,4747.6000,4747.2000,4746.0000,4742.0000,4753.0000,4753.2000,4753.4000,4753.8000,4754.0000,1,1,1,1,1,3,2,2,1,1
SF,IC2006,2019-11-06 09:30:13.600,4750.0000,7356,1,22818240.000,1,1,0,双开,S,4746.0000,4742.0000,4741.0000,4740.0000,4738.6000,4752.8000,4753.0000,4753.2000,4753.8000,4754.0000,1,1,1,1,5,1,3,2,1,1
SF,IC2006,2019-11-06 09:30:14.100,4750.0000,7356,0,22818240.000,0,-,-,-,-,4746.2000,4746.0000,4742.0000,4741.0000,4740.0000,4752.4000,4752.6000,4752.8000,4753.0000,4753.2000,1,1,1,1,1,1,3,1,2,1
SF,IC2006,2019-11-06 09:30:14.600,4750.0000,7356,0,22818240.000,0,-,-,-,-,4747.6000,4747.4000,4747.2000,4746.2000,4746.0000,4752.2000,4752.4000,4752.6000,4753.0000,4754.0000,1,1,1,1,1,3,1,1,2,1
SF,IC2006,2019-11-06 09:30:15.100,4750.0000,7356,0,22818240.000,0,-,-,-,-,4747.6000,4747.4000,4747.2000,4746.0000,4742.0000,4752.0000,4752.2000,4752.4000,4753.0000,4754.0000,1,1,1,1,1,1,3,1,2,1
SF,IC2006,2019-11-06 09:30:15.600,4750.0000,7356,0,22818240.000,0,-,-,-,-,4747.8000,4747.6000,4747.2000,4746.0000,4742.0000,4751.8000,4752.0000,4752.4000,4753.0000,4754.0000,1,1,1,1,1,2,1,1,2,1
SF,IC2006,2019-11-06 09:30:16.100,4750.0000,7356,0,22818240.000,0,-,-,-,-,4747.8000,4747.6000,4747.2000,4746.0000,4742.0000,4751.8000,4752.4000,4753.0000,4754.0000,4756.0000,1,1,1,1,1,2,1,2,1,1
SF,IC2006,2019-11-06 09:30:16.600,4750.0000,7356,0,22818240.000,0,-,-,-,-,4748.2000,4748.0000,4747.8000,4747.6000,4747.2000,4751.8000,4752.4000,4753.0000,4754.0000,4756.0000,1,1,1,1,1,2,1,2,1,1
SF,IC2006,2019-11-06 09:30:17.100,4750.0000,7356,0,22818240.000,0,-,-,-,-,4748.4000,4748.2000,4747.6000,4747.2000,4746.0000,4751.8000,4752.4000,4753.0000,4754.0000,4756.0000,1,1,1,1,1,2,1,2,1,1
SF,IC2006,2019-11-06 09:30:18.100,4750.0000,7356,0,22818240.000,0,-,-,-,-,4748.4000,4747.6000,4747.2000,4746.0000,4742.0000,4751.8000,4752.4000,4753.0000,4754.0000,4756.0000,1,1,1,1,1,2,1,2,1,1
SF,IC2006,2019-11-06 09:30:18.600,4750.0000,7356,0,22818240.000,0,-,-,-,-,4746.0000,4742.0000,4741.0000,4740.0000,4738.6000,4751.6000,4751.8000,4752.4000,4753.0000,4754.0000,1,1,1,1,5,1,2,1,2,1
SF,IC2006,2019-11-06 09:30:19.100,4750.0000,7356,0,22818240.000,0,-,-,-,-,4746.2000,4746.0000,4742.0000,4741.0000,4740.0000,4751.4000,4751.6000,4752.4000,4753.0000,4754.0000,1,1,1,1,1,2,1,1,2,1
SF,IC2006,2019-11-06 09:30:19.600,4751.4000,7355,-1,23768520.000,1,0,1,双平,S,4746.8000,4746.2000,4746.0000,4742.0000,4741.0000,4751.4000,4751.6000,4752.4000,4753.0000,4753.4000,1,1,1,1,1,1,1,1,2,1
SF,IC2006,2019-11-06 09:30:20.100,4751.4000,7355,0,23768520.000,0,-,-,-,-,4747.0000,4746.8000,4746.0000,4742.0000,4741.0000,4751.4000,4751.6000,4752.4000,4753.0000,4754.0000,2,1,1,1,1,1,1,1,2,1
SF,IC2006,2019-11-06 09:30:20.600,4751.4000,7355,0,23768520.000,0,-,-,-,-,4747.0000,4746.8000,4746.0000,4742.0000,4741.0000,4751.2000,4751.4000,4751.6000,4753.0000,4754.0000,2,1,1,1,1,1,1,1,2,1
SF,IC2006,2019-11-06 09:30:21.100,4751.4000,7355,0,23768520.000,0,-,-,-,-,4747.2000,4747.0000,4746.0000,4742.0000,4741.0000,4751.0000,4751.2000,4753.0000,4754.0000,4756.0000,1,2,1,1,1,1,1,2,1,1
SF,IC2006,2019-11-06 09:30:21.600,4751.4000,7355,0,23768520.000,0,-,-,-,-,4747.4000,4747.2000,4746.0000,4742.0000,4741.0000,4751.0000,4751.2000,4753.0000,4754.0000,4756.0000,1,1,1,1,1,1,1,2,1,1
SF,IC2006,2019-11-06 09:30:22.100,4751.4000,7355,0,23768520.000,0,-,-,-,-,4747.4000,4747.2000,4747.0000,4746.0000,4742.0000,4751.0000,4751.2000,4753.0000,4754.0000,4756.0000,1,1,7,1,1,1,1,2,1,1
SF,IC2006,2019-11-06 09:30:22.600,4751.4000,7355,0,23768520.000,0,-,-,-,-,4747.4000,4747.2000,4747.0000,4746.0000,4742.0000,4750.2000,4750.4000,4750.8000,4751.0000,4753.0000,1,1,7,1,1,1,1,2,1,2
SF,IC2006,2019-11-06 09:30:23.100,4751.4000,7355,0,23768520.000,0,-,-,-,-,4747.4000,4747.2000,4747.0000,4746.0000,4742.0000,4750.2000,4750.4000,4750.8000,4751.0000,4753.0000,1,1,7,1,1,1,1,1,1,2
SF,IC2006,2019-11-06 09:30:23.600,4751.4000,7355,0,23768520.000,0,-,-,-,-,4747.4000,4747.0000,4746.0000,4742.0000,4741.0000,4750.4000,4750.8000,4751.0000,4753.0000,4754.0000,1,7,1,1,1,1,1,1,2,1
SF,IC2006,2019-11-06 09:30:24.100,4751.4000,7355,0,23768520.000,0,-,-,-,-,4747.4000,4747.0000,4746.0000,4742.0000,4741.0000,4750.2000,4750.4000,4753.0000,4754.0000,4758.0000,1,7,1,1,1,2,1,2,1,3
SF,IC2006,2019-11-06 09:30:24.600,4751.4000,7355,0,23768520.000,0,-,-,-,-,4747.4000,4747.0000,4746.0000,4742.0000,4741.0000,4750.2000,4750.4000,4751.2000,4753.0000,4754.0000,1,7,1,1,1,1,1,1,2,1
SF,IC2006,2019-11-06 09:30:25.100,4747.4000,7355,0,24718000.000,1,0,1,多换,S,4747.0000,4746.0000,4745.4000,4742.0000,4741.0000,4750.2000,4750.4000,4751.2000,4753.0000,4754.0000,7,1,1,1,1,1,2,1,2,1
SF,IC2006,2019-11-06 09:30:25.600,4747.4000,7355,0,24718000.000,0,-,-,-,-,4747.0000,4746.0000,4742.0000,4741.0000,4740.0000,4750.0000,4750.2000,4750.4000,4751.2000,4753.0000,7,1,1,1,1,1,1,1,1,2
SF,IC2006,2019-11-06 09:30:26.100,4747.4000,7355,0,24718000.000,0,-,-,-,-,4747.0000,4746.0000,4742.0000,4741.0000,4740.0000,4749.8000,4750.0000,4750.4000,4751.2000,4753.0000,7,1,1,1,1,1,1,1,1,2
SF,IC2006,2019-11-06 09:30:26.600,4747.4000,7355,0,24718000.000,0,-,-,-,-,4747.0000,4746.0000,4742.0000,4741.0000,4740.0000,4749.6000,4749.8000,4750.4000,4751.2000,4753.0000,7,1,1,1,1,1,1,1,1,2
SF,IC2006,2019-11-06 09:30:27.100,4747.4000,7355,0,24718000.000,0,-,-,-,-,4747.2000,4747.0000,4746.8000,4746.0000,4742.0000,4749.6000,4749.8000,4750.4000,4751.2000,4753.0000,1,7,1,1,1,1,1,1,1,2
SF,IC2006,2019-11-06 09:30:27.600,4747.4000,7355,0,24718000.000,0,-,-,-,-,4747.2000,4747.0000,4746.8000,4746.0000,4742.0000,4749.6000,4750.4000,4751.2000,4753.0000,4754.0000,1,7,1,1,1,1,1,1,2,1
SF,IC2006,2019-11-06 09:30:28.100,4747.4000,7355,0,24718000.000,0,-,-,-,-,4747.2000,4747.0000,4746.8000,4746.0000,4742.0000,4749.6000,4751.2000,4753.0000,4753.4000,4754.0000,1,7,1,1,1,1,1,2,1,1
SF,IC2006,2019-11-06 09:30:28.600,4747.4000,7355,0,24718000.000,0,-,-,-,-,4748.0000,4747.0000,4746.8000,4746.0000,4742.0000,4749.6000,4751.2000,4753.0000,4753.4000,4754.0000,1,7,1,1,1,1,1,2,1,1
SF,IC2006,2019-11-06 09:30:29.100,4748.0000,7354,-1,25667600.000,1,0,1,双平,S,4747.0000,4746.8000,4746.0000,4742.0000,4741.0000,4749.6000,4751.2000,4753.0000,4753.4000,4754.0000,7,1,1,1,1,1,1,2,1,1
SF,IC2006,2019-11-06 09:30:29.600,4748.0000,7354,0,25667600.000,0,-,-,-,-,4747.0000,4746.8000,4746.0000,4742.0000,4741.0000,4748.0000,4749.6000,4751.2000,4753.0000,4753.4000,7,1,1,1,1,1,1,1,2,1
SF,IC2006,2019-11-06 09:30:30.100,4748.0000,7354,0,26617200.000,1,0,1,多换,S,4747.0000,4746.8000,4746.0000,4742.0000,4741.0000,4751.2000,4753.0000,4753.4000,4754.0000,4758.0000,7,1,1,1,1,1,2,1,1,3
SF,IC2006,2019-11-06 09:30:30.600,4748.0000,7354,0,26617200.000,0,-,-,-,-,4747.0000,4746.8000,4746.0000,4742.0000,4741.0000,4750.2000,4750.4000,4751.0000,4751.2000,4753.0000,7,1,1,1,1,1,3,1,1,2
SF,IC2006,2019-11-06 09:30:31.100,4748.0000,7354,0,26617200.000,0,-,-,-,-,4747.0000,4746.8000,4746.0000,4742.0000,4741.0000,4750.0000,4750.2000,4751.2000,4753.0000,4753.4000,7,1,1,1,1,2,1,1,2,1
SF,IC2006,2019-11-06 09:30:31.600,4748.0000,7354,0,26617200.000,0,-,-,-,-,4747.0000,4746.8000,4746.0000,4742.0000,4741.0000,4750.0000,4750.2000,4751.2000,4753.0000,4753.4000,7,1,1,1,1,2,1,1,2,1
SF,IC2006,2019-11-06 09:30:32.100,4747.0000,7354,0,27566600.000,1,0,1,多换,S,4747.0000,4746.8000,4746.0000,4742.0000,4741.0000,4750.0000,4750.2000,4751.2000,4753.0000,4753.4000,6,1,1,1,1,2,1,1,2,1
SF,IC2006,2019-11-06 09:30:33.100,4747.0000,7354,0,27566600.000,0,-,-,-,-,4747.0000,4746.8000,4746.0000,4742.0000,4741.0000,4750.0000,4750.2000,4751.2000,4753.0000,4753.4000,6,1,1,1,1,2,1,1,2,1
SF,IC2006,2019-11-06 09:30:33.600,4747.0000,7354,0,28516000.000,1,0,1,多换,S,4747.0000,4746.8000,4746.0000,4742.0000,4741.0000,4749.8000,4750.0000,4750.2000,4751.2000,4753.0000,5,1,1,1,1,1,2,1,1,2
SF,IC2006,2019-11-06 09:30:34.100,4747.0000,7354,0,28516000.000,0,-,-,-,-,4747.0000,4746.8000,4746.0000,4742.0000,4741.0000,4749.6000,4749.8000,4750.0000,4750.2000,4751.2000,5,1,1,1,1,2,1,1,1,1
SF,IC2006,2019-11-06 09:30:34.600,4747.0000,7354,0,28516000.000,0,-,-,-,-,4747.0000,4746.8000,4746.0000,4742.0000,4741.0000,4749.6000,4749.8000,4750.0000,4750.2000,4751.2000,5,1,1,1,1,2,1,1,1,1
SF,IC2006,2019-11-06 09:30:35.100,4747.0000,7354,0,28516000.000,0,-,-,-,-,4747.4000,4747.0000,4746.8000,4746.0000,4742.0000,4749.6000,4749.8000,4750.0000,4750.2000,4751.2000,1,5,1,1,1,2,1,1,1,1
SF,IC2006,2019-11-06 09:30:35.600,4747.0000,7354,0,28516000.000,0,-,-,-,-,4747.4000,4747.0000,4746.8000,4746.0000,4742.0000,4749.6000,4749.8000,4750.2000,4751.2000,4753.0000,1,5,1,1,1,2,1,1,1,2
SF,IC2006,2019-11-06 09:30:36.100,4747.0000,7354,0,29465400.000,1,0,1,多换,S,4747.0000,4746.8000,4746.0000,4742.0000,4741.0000,4749.6000,4749.8000,4750.2000,4751.2000,4753.0000,5,1,1,1,1,2,1,1,1,2
SF,IC2006,2019-11-06 09:30:37.100,4747.0000,7354,0,29465400.000,0,-,-,-,-,4747.0000,4746.8000,4746.0000,4742.0000,4741.0000,4749.6000,4749.8000,4750.2000,4751.2000,4753.0000,5,1,1,1,1,2,1,1,1,2
SF,IC2006,2019-11-06 09:30:38.600,4747.0000,7354,0,29465400.000,0,-,-,-,-,4747.0000,4746.8000,4746.0000,4742.0000,4741.0000,4749.0000,4749.6000,4749.8000,4750.2000,4751.2000,5,1,1,1,1,1,2,1,6,1
SF,IC2006,2019-11-06 09:30:39.100,4747.0000,7354,0,30414800.000,1,0,1,多换,S,4747.0000,4746.8000,4746.0000,4742.0000,4741.0000,4748.8000,4749.0000,4749.8000,4750.2000,4751.2000,4,1,1,1,1,2,1,1,6,1
SF,IC2006,2019-11-06 09:30:39.600,4747.0000,7354,0,31364200.000,1,0,1,多换,S,4747.0000,4746.8000,4746.0000,4742.0000,4741.0000,4748.6000,4749.0000,4749.8000,4750.2000,4751.2000,3,1,1,1,1,1,1,1,6,1
SF,IC2006,2019-11-06 09:30:40.600,4748.6000,7353,-1,32313920.000,1,0,1,双平,S,4747.0000,4746.8000,4746.0000,4742.0000,4741.0000,4749.0000,4749.8000,4750.2000,4751.2000,4753.0000,3,1,1,1,1,1,1,6,1,2
SF,IC2006,2019-11-06 09:30:41.100,4748.6000,7353,0,32313920.000,0,-,-,-,-,4747.0000,4746.8000,4746.0000,4742.0000,4741.0000,4748.8000,4749.0000,4749.8000,4750.2000,4751.2000,3,1,1,1,1,1,1,1,6,1
SF,IC2006,2019-11-06 09:30:42.100,4748.8000,7353,0,33263680.000,1,0,1,多换,S,4747.0000,4746.8000,4746.6000,4746.0000,4742.0000,4749.0000,4749.8000,4750.2000,4751.2000,4751.6000,3,1,1,1,1,1,1,1,1,1
SF,IC2006,2019-11-06 09:30:42.600,4748.8000,7353,0,33263680.000,0,-,-,-,-,4747.2000,4747.0000,4746.8000,4746.0000,4742.0000,4749.0000,4749.8000,4750.2000,4751.2000,4753.0000,1,3,1,1,1,1,1,1,1,2
SF,IC2006,2019-11-06 09:30:43.600,4747.0000,7352,-1,35162520.000,2,0,2,多平,S,4747.0000,4746.8000,4746.0000,4744.8000,4742.0000,4749.0000,4749.8000,4750.2000,4751.2000,4753.0000,2,1,1,1,1,1,2,1,1,2
SF,IC2006,2019-11-06 09:30:44.100,4747.0000,7352,0,35162520.000,0,-,-,-,-,4747.0000,4746.8000,4746.0000,4742.0000,4741.0000,4749.0000,4749.8000,4750.2000,4751.2000,4753.0000,2,1,1,1,1,1,1,1,1,2
SF,IC2006,2019-11-06 09:30:47.100,4747.0000,7352,0,36111920.000,1,0,1,多换,S,4747.0000,4746.8000,4746.0000,4742.0000,4741.0000,4749.0000,4749.8000,4750.2000,4751.2000,4753.0000,1,1,1,1,1,1,1,1,1,2
SF,IC2006,2019-11-06 09:30:47.600,4747.0000,7352,0,36111920.000,0,-,-,-,-,4747.0000,4746.8000,4746.0000,4742.0000,4741.0000,4748.8000,4749.0000,4749.8000,4750.2000,4751.2000,1,1,1,1,1,2,1,1,1,1
SF,IC2006,2019-11-06 09:30:48.100,4746.8000,7352,0,38010680.000,2,1,1,多换,S,4746.0000,4742.0000,4741.0000,4740.0000,4738.0000,4746.8000,4748.8000,4749.0000,4749.8000,4750.2000,1,1,1,1,2,1,2,1,1,1
SF,IC2006,2019-11-06 09:30:48.600,4746.0000,7352,0,38959880.000,1,0,1,多换,S,4742.0000,4741.0000,4740.0000,4738.0000,4734.0000,4746.0000,4746.6000,4746.8000,4748.8000,4749.0000,1,1,1,2,1,1,1,1,1,1
SF,IC2006,2019-11-06 09:30:49.100,4746.0000,7352,0,38959880.000,0,-,-,-,-,4742.4000,4742.2000,4742.0000,4741.0000,4740.0000,4745.4000,4745.8000,4749.0000,4749.8000,4750.2000,1,2,1,1,1,1,1,1,1,1
SF,IC2006,2019-11-06 09:30:49.600,4745.4000,7352,0,39908960.000,1,0,1,多换,S,4742.8000,4742.4000,4742.0000,4741.0000,4740.0000,4745.2000,4749.0000,4749.8000,4750.2000,4751.2000,4,1,1,1,1,1,1,1,1,1
SF,IC2006,2019-11-06 09:30:50.100,4745.2000,7351,-1,40858000.000,1,0,1,双平,S,4742.8000,4742.6000,4742.4000,4742.0000,4741.0000,4749.0000,4749.8000,4750.2000,4751.2000,4753.0000,4,1,1,1,1,1,1,1,1,2
SF,IC2006,2019-11-06 09:30:50.600,4745.2000,7351,0,40858000.000,0,-,-,-,-,4743.0000,4742.8000,4742.6000,4742.4000,4742.0000,4748.8000,4749.0000,4749.8000,4750.2000,4751.2000,2,3,1,1,1,2,1,1,1,1
SF,IC2006,2019-11-06 09:30:51.100,4745.2000,7351,0,40858000.000,0,-,-,-,-,4743.2000,4743.0000,4742.4000,4742.0000,4741.0000,4748.8000,4749.0000,4749.8000,4750.2000,4751.2000,2,2,1,1,1,2,1,1,1,1
SF,IC2006,2019-11-06 09:30:51.600,4745.2000,7351,0,40858000.000,0,-,-,-,-,4743.4000,4743.2000,4742.0000,4741.0000,4740.0000,4747.8000,4748.8000,4749.0000,4749.8000,4750.2000,2,2,1,1,1,2,2,1,1,1
SF,IC2006,2019-11-06 09:30:52.100,4745.2000,7351,0,40858000.000,0,-,-,-,-,4743.6000,4743.4000,4742.0000,4741.0000,4740.0000,4747.4000,4747.6000,4747.8000,4749.0000,4749.8000,1,1,1,1,1,1,2,2,1,1
SF,IC2006,2019-11-06 09:30:52.600,4745.2000,7351,0,40858000.000,0,-,-,-,-,4743.6000,4743.4000,4742.0000,4741.0000,4740.0000,4747.2000,4747.4000,4747.6000,4747.8000,4749.0000,1,1,1,1,1,1,1,1,2,1
SF,IC2006,2019-11-06 09:30:53.100,4745.2000,7351,0,40858000.000,0,-,-,-,-,4742.0000,4741.0000,4740.0000,4738.0000,4734.0000,4747.0000,4747.2000,4747.4000,4747.6000,4747.8000,1,1,1,2,1,1,1,1,1,1
SF,IC2006,2019-11-06 09:30:53.600,4745.2000,7351,0,40858000.000,0,-,-,-,-,4742.2000,4742.0000,4741.0000,4740.0000,4738.0000,4746.8000,4747.0000,4747.8000,4749.0000,4749.8000,1,1,1,1,2,2,1,1,1,1
SF,IC2006,2019-11-06 09:30:54.100,4745.2000,7351,0,40858000.000,0,-,-,-,-,4742.0000,4741.0000,4740.0000,4738.0000,4734.0000,4744.4000,4745.8000,4746.2000,4746.8000,4747.0000,1,1,1,2,1,1,1,1,2,1
SF,IC2006,2019-11-06 09:30:54.600,4745.2000,7351,0,40858000.000,0,-,-,-,-,4742.2000,4742.0000,4741.0000,4740.0000,4738.0000,4745.8000,4746.0000,4746.2000,4747.0000,4749.0000,1,1,1,1,2,1,1,1,1,1
SF,IC2006,2019-11-06 09:30:55.100,4745.2000,7351,0,40858000.000,0,-,-,-,-,4742.6000,4742.4000,4742.2000,4742.0000,4741.0000,4746.2000,4747.0000,4749.0000,4749.8000,4751.2000,1,1,1,1,1,1,1,1,1,1
SF,IC2006,2019-11-06 09:30:55.600,4745.2000,7351,0,40858000.000,0,-,-,-,-,4742.8000,4742.6000,4742.4000,4742.0000,4741.0000,4749.0000,4749.8000,4751.2000,4753.0000,4756.0000,2,1,1,1,1,1,1,1,2,5
SF,IC2006,2019-11-06 09:30:56.100,4745.2000,7351,0,40858000.000,0,-,-,-,-,4743.4000,4743.2000,4743.0000,4742.8000,4742.6000,4748.8000,4749.0000,4749.8000,4751.2000,4753.0000,1,1,2,2,1,1,1,1,1,2
SF,IC2006,2019-11-06 09:30:56.600,4745.2000,7351,0,40858000.000,0,-,-,-,-,4743.6000,4743.4000,4743.2000,4743.0000,4742.6000,4748.4000,4748.8000,4749.0000,4749.8000,4751.2000,2,1,1,2,1,1,1,1,1,1
SF,IC2006,2019-11-06 09:30:57.100,4745.2000,7351,0,40858000.000,0,-,-,-,-,4743.8000,4743.6000,4743.4000,4743.0000,4742.6000,4748.2000,4748.4000,4749.0000,4749.8000,4751.2000,1,2,1,2,1,2,1,1,1,1
SF,IC2006,2019-11-06 09:30:57.600,4745.2000,7351,0,40858000.000,0,-,-,-,-,4744.0000,4743.8000,4743.4000,4743.0000,4742.6000,4748.2000,4748.4000,4749.0000,4749.8000,4751.2000,2,1,1,2,1,2,1,1,1,1
SF,IC2006,2019-11-06 09:30:58.100,4745.2000,7351,0,40858000.000,0,-,-,-,-,4744.0000,4743.8000,4743.4000,4743.0000,4742.6000,4748.2000,4748.4000,4749.0000,4749.8000,4751.2000,2,1,1,2,1,2,1,1,1,1
SF,IC2006,2019-11-06 09:30:59.100,4745.2000,7351,0,40858000.000,0,-,-,-,-,4744.2000,4744.0000,4743.4000,4743.0000,4742.6000,4748.2000,4749.0000,4749.8000,4751.2000,4753.0000,1,2,1,2,1,1,1,1,1,2
SF,IC2006,2019-11-06 09:30:59.600,4744.4000,7351,0,41806880.000,1,0,1,多换,S,4744.4000,4744.2000,4743.4000,4743.0000,4742.6000,4748.2000,4749.0000,4749.8000,4751.2000,4753.0000,1,1,1,2,1,1,1,1,1,2
SF,IC2006,2019-11-06 09:31:00.100,4744.4000,7351,0,41806880.000,0,-,-,-,-,4744.4000,4744.2000,4743.0000,4742.6000,4742.4000,4747.0000,4748.2000,4749.8000,4751.2000,4753.0000,2,1,2,1,1,1,1,1,1,2
SF,IC2006,2019-11-06 09:31:00.600,4744.4000,7351,0,41806880.000,0,-,-,-,-,4744.8000,4744.6000,4744.4000,4742.6000,4742.4000,4747.0000,4749.8000,4751.2000,4753.0000,4756.0000,1,1,2,1,1,1,1,1,2,5
SF,IC2006,2019-11-06 09:31:01.100,4744.4000,7351,0,41806880.000,0,-,-,-,-,4745.0000,4744.8000,4744.6000,4742.6000,4742.4000,4747.0000,4749.8000,4751.2000,4753.0000,4756.0000,2,1,1,1,1,1,1,1,2,5
SF,IC2006,2019-11-06 09:31:01.600,4744.4000,7351,0,41806880.000,0,-,-,-,-,4745.2000,4745.0000,4744.8000,4742.6000,4742.4000,4747.0000,4749.8000,4751.2000,4753.0000,4756.0000,2,2,1,1,1,1,1,1,2,5
SF,IC2006,2019-11-06 09:31:02.100,4747.0000,7350,-1,42756280.000,1,0,1,双平,S,4745.4000,4745.2000,4745.0000,4744.8000,4742.6000,4749.8000,4751.2000,4753.0000,4756.0000,4763.4000,1,2,1,1,1,1,1,2,5,2
SF,IC2006,2019-11-06 09:31:02.600,4747.0000,7350,0,42756280.000,0,-,-,-,-,4745.4000,4745.2000,4745.0000,4744.8000,4742.6000,4749.6000,4749.8000,4751.2000,4753.0000,4756.0000,1,2,1,1,1,1,1,1,2,5
SF,IC2006,2019-11-06 09:31:03.600,4747.0000,7350,0,42756280.000,0,-,-,-,-,4745.6000,4745.4000,4745.2000,4745.0000,4744.8000,4749.6000,4749.8000,4751.2000,4753.0000,4756.0000,1,1,1,1,1,1,1,1,2,5
SF,IC2006,2019-11-06 09:31:04.100,4747.0000,7350,0,42756280.000,0,-,-,-,-,4745.8000,4745.6000,4745.2000,4745.0000,4744.8000,4749.6000,4749.8000,4751.2000,4753.0000,4756.0000,1,1,1,1,1,1,1,1,2,5
SF,IC2006,2019-11-06 09:31:05.600,4747.0000,7350,0,42756280.000,0,-,-,-,-,4746.0000,4745.8000,4745.2000,4745.0000,4744.8000,4749.6000,4749.8000,4751.2000,4753.0000,4756.0000,1,1,1,2,1,1,1,1,2,5
SF,IC2006,2019-11-06 09:31:06.100,4747.0000,7350,0,42756280.000,0,-,-,-,-,4746.2000,4746.0000,4745.2000,4745.0000,4744.8000,4749.6000,4749.8000,4751.2000,4753.0000,4756.0000,1,1,1,2,1,1,1,1,2,5
SF,IC2006,2019-11-06 09:31:06.600,4747.0000,7350,0,42756280.000,0,-,-,-,-,4746.2000,4745.2000,4745.0000,4744.8000,4742.6000,4749.6000,4749.8000,4751.2000,4753.0000,4756.0000,2,1,2,1,1,1,1,1,2,5
SF,IC2006,2019-11-06 09:31:07.100,4747.0000,7350,0,42756280.000,0,-,-,-,-,4746.4000,4746.2000,4745.2000,4745.0000,4744.8000,4749.6000,4749.8000,4751.2000,4753.0000,4756.0000,1,1,1,2,1,1,1,1,2,5
SF,IC2006,2019-11-06 09:31:07.600,4749.6000,7350,0,43706200.000,1,0,1,多换,S,4746.6000,4746.4000,4745.2000,4745.0000,4744.8000,4749.8000,4751.2000,4751.6000,4753.0000,4756.0000,1,1,1,2,1,1,1,1,2,5
SF,IC2006,2019-11-06 09:31:08.100,4749.6000,7350,0,43706200.000,0,-,-,-,-,4749.6000,4746.6000,4746.4000,4745.2000,4745.0000,4749.8000,4751.2000,4753.0000,4756.0000,4763.4000,1,1,1,1,2,1,1,2,5,2
SF,IC2006,2019-11-06 09:31:08.600,4749.8000,7348,-2,45606080.000,2,0,2,双平,S,4746.4000,4745.2000,4745.0000,4744.8000,4742.6000,4751.2000,4753.0000,4756.0000,4763.4000,4770.0000,1,1,2,1,1,1,2,5,2,2
SF,IC2006,2019-11-06 09:31:09.100,4749.8000,7348,0,45606080.000,0,-,-,-,-,4746.8000,4746.6000,4745.2000,4745.0000,4744.8000,4751.2000,4753.0000,4756.0000,4763.4000,4770.0000,1,2,1,2,1,1,2,5,2,2
SF,IC2006,2019-11-06 09:31:09.600,4749.8000,7348,0,45606080.000,0,-,-,-,-,4747.0000,4746.8000,4745.2000,4745.0000,4744.8000,4751.2000,4753.0000,4756.0000,4763.4000,4770.0000,2,1,1,2,1,1,2,5,2,2
SF,IC2006,2019-11-06 09:31:10.100,4749.8000,7348,0,45606080.000,0,-,-,-,-,4747.2000,4747.0000,4745.2000,4745.0000,4744.8000,4751.2000,4753.0000,4756.0000,4763.4000,4770.0000,1,2,1,2,1,1,2,5,2,2
SF,IC2006,2019-11-06 09:31:10.600,4749.8000,7348,0,45606080.000,0,-,-,-,-,4747.6000,4747.4000,4747.2000,4745.2000,4745.0000,4751.2000,4753.0000,4756.0000,4763.4000,4770.0000,1,2,2,1,2,1,2,5,2,2
SF,IC2006,2019-11-06 09:31:11.100,4749.8000,7348,0,45606080.000,0,-,-,-,-,4747.8000,4747.6000,4747.2000,4745.2000,4745.0000,4751.2000,4753.0000,4756.0000,4763.4000,4770.0000,2,1,1,1,2,1,2,5,2,2
SF,IC2006,2019-11-06 09:31:11.600,4749.8000,7348,0,45606080.000,0,-,-,-,-,4748.0000,4747.8000,4747.6000,4747.2000,4745.0000,4751.2000,4753.0000,4756.0000,4763.4000,4770.0000,1,2,1,1,2,1,2,5,2,2
SF,IC2006,2019-11-06 09:31:12.100,4749.8000,7348,0,45606080.000,0,-,-,-,-,4748.2000,4748.0000,4747.8000,4747.6000,4747.2000,4751.2000,4753.0000,4756.0000,4763.4000,4770.0000,1,1,1,1,1,1,2,5,2,2
SF,IC2006,2019-11-06 09:31:13.100,4749.8000,7348,0,45606080.000,0,-,-,-,-,4748.4000,4748.2000,4748.0000,4747.6000,4747.2000,4751.2000,4753.0000,4756.0000,4763.4000,4770.0000,1,1,1,1,1,1,2,5,2,2
SF,IC2006,2019-11-06 09:31:13.600,4749.8000,7348,0,45606080.000,0,-,-,-,-,4748.6000,4748.4000,4748.0000,4747.6000,4747.2000,4751.2000,4753.0000,4756.0000,4763.4000,4770.0000,2,1,1,1,1,1,2,5,2,2
SF,IC2006,2019-11-06 09:31:14.100,4749.8000,7348,0,45606080.000,0,-,-,-,-,4748.6000,4748.4000,4748.0000,4747.6000,4747.2000,4751.2000,4753.0000,4756.0000,4763.4000,4770.0000,2,1,2,1,1,1,2,5,2,2
SF,IC2006,2019-11-06 09:31:14.600,4749.8000,7348,0,45606080.000,0,-,-,-,-,4748.6000,4748.4000,4748.0000,4747.6000,4747.2000,4751.2000,4753.0000,4756.0000,4763.4000,4770.0000,2,1,1,1,1,1,2,5,2,2
SF,IC2006,2019-11-06 09:31:15.100,4749.8000,7348,0,45606080.000,0,-,-,-,-,4748.8000,4748.6000,4748.0000,4747.6000,4747.2000,4751.2000,4753.0000,4756.0000,4763.4000,4770.0000,1,2,1,1,1,1,2,5,2,2
SF,IC2006,2019-11-06 09:31:15.600,4749.8000,7348,0,45606080.000,0,-,-,-,-,4749.0000,4748.8000,4748.0000,4747.6000,4747.2000,4751.2000,4753.0000,4756.0000,4763.4000,4770.0000,2,1,1,1,1,1,2,5,2,2
SF,IC2006,2019-11-06 09:31:16.100,4749.8000,7348,0,45606080.000,0,-,-,-,-,4749.0000,4748.8000,4748.0000,4747.6000,4747.2000,4751.2000,4753.0000,4756.0000,4763.4000,4770.0000,3,1,1,1,1,1,2,5,2,2
SF,IC2006,2019-11-06 09:31:18.600,4751.2000,7347,-1,46556320.000,1,0,1,双平,S,4749.0000,4748.8000,4748.0000,4747.6000,4747.2000,4753.0000,4756.0000,4763.4000,4770.0000,4772.0000,3,1,1,1,1,2,5,2,2,1
SF,IC2006,2019-11-06 09:31:19.100,4751.2000,7347,0,46556320.000,0,-,-,-,-,4749.2000,4749.0000,4748.0000,4747.6000,4747.2000,4753.0000,4756.0000,4763.4000,4770.0000,4772.0000,1,3,1,1,1,2,5,2,2,1
SF,IC2006,2019-11-06 09:31:19.600,4751.2000,7347,0,46556320.000,0,-,-,-,-,4750.0000,4749.4000,4749.2000,4749.0000,4748.0000,4753.0000,4756.0000,4763.4000,4770.0000,4772.0000,1,2,2,1,1,2,5,2,2,1
SF,IC2006,2019-11-06 09:31:20.100,4751.2000,7347,0,46556320.000,0,-,-,-,-,4750.4000,4750.2000,4750.0000,4749.2000,4749.0000,4753.0000,4756.0000,4763.4000,4770.0000,4772.0000,1,1,1,2,1,2,5,2,2,1
SF,IC2006,2019-11-06 09:31:20.600,4751.2000,7347,0,46556320.000,0,-,-,-,-,4750.4000,4750.0000,4749.2000,4748.0000,4747.6000,4753.0000,4756.0000,4763.4000,4770.0000,4772.0000,1,1,2,1,1,3,5,2,2,1
SF,IC2006,2019-11-06 09:31:21.100,4751.2000,7347,0,46556320.000,0,-,-,-,-,4750.4000,4750.0000,4749.2000,4748.0000,4747.6000,4753.0000,4761.8000,4763.4000,4770.0000,4772.0000,1,1,1,1,1,3,5,2,2,1
SF,IC2006,2019-11-06 09:31:21.600,4753.0000,7346,-1,48457000.000,2,0,2,多平,S,4749.2000,4748.0000,4747.6000,4747.2000,4745.0000,4753.0000,4761.8000,4763.4000,4770.0000,4772.0000,1,1,1,1,1,2,5,2,2,1
SF,IC2006,2019-11-06 09:31:22.100,4753.0000,7346,0,48457000.000,0,-,-,-,-,4749.4000,4749.2000,4748.0000,4747.6000,4747.2000,4753.0000,4761.8000,4763.4000,4770.0000,4772.0000,2,1,1,1,1,2,5,2,2,1
SF,IC2006,2019-11-06 09:31:22.600,4753.0000,7346,0,48457000.000,0,-,-,-,-,4750.0000,4749.6000,4749.4000,4748.0000,4747.6000,4753.0000,4761.8000,4763.4000,4770.0000,4772.0000,1,1,2,1,1,2,5,2,2,1
SF,IC2006,2019-11-06 09:31:23.100,4753.0000,7346,0,48457000.000,0,-,-,-,-,4750.2000,4750.0000,4749.6000,4748.0000,4747.6000,4753.0000,4761.8000,4763.4000,4770.0000,4772.0000,2,1,1,1,1,2,5,2,2,1
SF,IC2006,2019-11-06 09:31:24.100,4753.0000,7346,0,48457000.000,0,-,-,-,-,4750.2000,4749.6000,4748.0000,4747.6000,4747.2000,4753.0000,4761.8000,4763.4000,4770.0000,4772.0000,2,1,1,1,1,2,5,2,2,1
SF,IC2006,2019-11-06 09:31:24.600,4753.0000,7346,0,48457000.000,0,-,-,-,-,4750.2000,4749.6000,4748.0000,4747.6000,4747.2000,4752.8000,4753.0000,4761.8000,4763.4000,4765.0000,2,1,1,1,1,1,2,5,2,1
SF,IC2006,2019-11-06 09:31:25.100,4753.0000,7346,0,48457000.000,0,-,-,-,-,4750.2000,4749.6000,4748.0000,4747.6000,4747.2000,4752.8000,4753.0000,4761.8000,4763.4000,4765.0000,1,1,1,1,1,1,2,5,2,1
SF,IC2006,2019-11-06 09:31:25.600,4753.0000,7346,0,48457000.000,0,-,-,-,-,4750.4000,4750.2000,4749.6000,4748.0000,4747.6000,4752.8000,4753.0000,4761.8000,4763.4000,4765.0000,1,1,1,1,1,1,2,5,2,1
SF,IC2006,2019-11-06 09:31:26.100,4753.0000,7346,0,48457000.000,0,-,-,-,-,4750.4000,4749.6000,4748.0000,4747.6000,4747.2000,4752.8000,4753.0000,4761.8000,4763.4000,4765.0000,1,1,1,1,1,1,2,5,2,1
SF,IC2006,2019-11-06 09:31:26.600,4753.0000,7346,0,48457000.000,0,-,-,-,-,4750.4000,4748.0000,4747.6000,4747.2000,4745.0000,4752.8000,4753.0000,4761.8000,4763.4000,4765.0000,1,1,1,1,1,1,2,5,2,1
SF,IC2006,2019-11-06 09:31:28.600,4753.0000,7346,0,48457000.000,0,-,-,-,-,4750.4000,4748.0000,4747.6000,4747.2000,4745.0000,4752.8000,4753.0000,4761.8000,4763.4000,4765.0000,1,1,1,1,1,1,2,5,2,1
SF,IC2006,2019-11-06 09:31:29.100,4750.4000,7346,0,49407080.000,1,0,1,多换,S,4748.0000,4747.6000,4747.2000,4745.0000,4742.0000,4752.8000,4753.0000,4761.8000,4763.4000,4765.0000,1,1,1,1,1,1,2,5,2,1
SF,IC2006,2019-11-06 09:31:29.600,4750.4000,7346,0,49407080.000,0,-,-,-,-,4750.0000,4748.2000,4748.0000,4747.6000,4747.2000,4752.8000,4753.0000,4761.8000,4763.4000,4765.0000,1,2,1,1,1,1,2,5,2,1
SF,IC2006,2019-11-06 09:31:30.100,4750.4000,7346,0,49407080.000,0,-,-,-,-,4750.2000,4750.0000,4749.4000,4748.0000,4747.6000,4753.0000,4761.8000,4763.4000,4765.0000,4770.0000,1,1,1,1,1,2,5,2,1,2
SF,IC2006,2019-11-06 09:31:30.600,4750.4000,7346,0,49407080.000,0,-,-,-,-,4750.4000,4750.2000,4750.0000,4748.0000,4747.6000,4753.0000,4761.8000,4763.4000,4765.0000,4770.0000,2,1,1,1,1,2,5,2,1,2
SF,IC2006,2019-11-06 09:31:31.100,4753.0000,7345,-1,51308280.000,2,0,2,多平,S,4753.0000,4750.6000,4750.4000,4750.0000,4748.0000,4761.8000,4763.4000,4765.0000,4770.0000,4772.0000,1,1,2,1,1,5,2,1,2,1
SF,IC2006,2019-11-06 09:31:31.600,4753.0000,7345,0,51308280.000,0,-,-,-,-,4753.0000,4750.4000,4750.0000,4748.0000,4747.6000,4756.0000,4756.4000,4760.4000,4761.8000,4763.4000,1,2,1,1,1,1,3,2,5,2
SF,IC2006,2019-11-06 09:31:32.100,4753.0000,7345,0,51308280.000,0,-,-,-,-,4753.0000,4750.4000,4750.0000,4748.0000,4747.6000,4755.8000,4756.0000,4760.4000,4761.8000,4763.4000,1,2,1,1,1,2,1,2,5,2
SF,IC2006,2019-11-06 09:31:32.600,4750.4000,7342,-3,54159040.000,3,0,3,双平,S,4750.0000,4748.0000,4747.6000,4747.2000,4745.0000,4755.8000,4761.8000,4763.4000,4765.0000,4770.0000,1,1,1,1,1,2,5,2,1,2
SF,IC2006,2019-11-06 09:31:33.100,4750.4000,7342,0,54159040.000,0,-,-,-,-,4750.2000,4750.0000,4748.0000,4747.6000,4747.2000,4755.6000,4755.8000,4761.8000,4763.4000,4765.0000,2,1,1,1,1,1,2,5,2,1
SF,IC2006,2019-11-06 09:31:33.600,4750.4000,7342,0,54159040.000,0,-,-,-,-,4750.2000,4750.0000,4748.0000,4747.6000,4747.2000,4755.4000,4755.6000,4761.8000,4763.4000,4765.0000,2,1,1,1,1,1,1,5,2,1
SF,IC2006,2019-11-06 09:31:34.100,4750.4000,7342,0,54159040.000,0,-,-,-,-,4751.2000,4750.4000,4750.2000,4750.0000,4748.0000,4755.2000,4755.4000,4761.8000,4763.4000,4765.0000,1,1,2,1,1,1,1,5,2,1
SF,IC2006,2019-11-06 09:31:34.600,4750.4000,7342,0,54159040.000,0,-,-,-,-,4751.8000,4751.4000,4751.2000,4750.4000,4750.0000,4755.2000,4761.8000,4763.4000,4765.0000,4770.0000,1,1,1,1,1,1,5,2,1,2
SF,IC2006,2019-11-06 09:31:35.100,4750.4000,7342,0,54159040.000,0,-,-,-,-,4752.8000,4752.0000,4751.8000,4751.4000,4751.2000,4755.2000,4761.8000,4763.4000,4765.0000,4770.0000,1,1,1,1,1,1,5,2,1,2
SF,IC2006,2019-11-06 09:31:35.600,4750.4000,7342,0,54159040.000,0,-,-,-,-,4753.0000,4752.8000,4751.8000,4751.4000,4751.2000,4761.8000,4763.4000,4765.0000,4770.0000,4772.0000,1,1,1,1,1,5,2,1,2,1
SF,IC2006,2019-11-06 09:31:36.100,4750.4000,7342,0,54159040.000,0,-,-,-,-,4753.2000,4753.0000,4751.8000,4751.4000,4750.4000,4757.6000,4761.8000,4763.4000,4765.0000,4770.0000,1,1,1,1,1,3,6,2,1,2
SF,IC2006,2019-11-06 09:31:36.600,4750.4000,7342,0,54159040.000,0,-,-,-,-,4753.4000,4751.8000,4750.0000,4748.0000,4745.0000,4757.4000,4757.8000,4761.8000,4763.4000,4765.0000,1,1,1,1,1,2,1,6,2,1
SF,IC2006,2019-11-06 09:31:37.100,4750.4000,7342,0,54159040.000,0,-,-,-,-,4753.4000,4752.0000,4751.8000,4750.0000,4748.0000,4756.6000,4757.2000,4757.4000,4757.8000,4761.8000,1,1,1,1,1,1,1,2,1,6
SF,IC2006,2019-11-06 09:31:37.600,4750.4000,7342,0,54159040.000,0,-,-,-,-,4753.4000,4752.0000,4751.8000,4750.0000,4748.0000,4756.4000,4756.6000,4757.2000,4761.8000,4763.4000,1,1,1,1,1,1,1,1,6,2
SF,IC2006,2019-11-06 09:31:38.100,4750.4000,7342,0,54159040.000,0,-,-,-,-,4753.4000,4752.0000,4751.8000,4750.0000,4748.0000,4756.4000,4756.8000,4757.2000,4761.8000,4763.4000,1,1,1,1,1,1,1,1,6,2
SF,IC2006,2019-11-06 09:31:40.100,4750.4000,7342,0,54159040.000,0,-,-,-,-,4753.4000,4752.0000,4751.8000,4750.0000,4748.0000,4756.4000,4757.2000,4761.8000,4763.4000,4765.0000,1,1,1,1,1,1,1,6,2,1
SF,IC2006,2019-11-06 09:31:40.600,4750.4000,7342,0,54159040.000,0,-,-,-,-,4753.4000,4752.0000,4751.8000,4750.0000,4748.0000,4755.6000,4756.4000,4757.2000,4761.8000,4763.4000,1,2,1,1,1,1,1,1,6,2
SF,IC2006,2019-11-06 09:31:41.100,4750.4000,7342,0,54159040.000,0,-,-,-,-,4752.0000,4751.8000,4750.0000,4748.0000,4745.0000,4755.6000,4757.2000,4761.8000,4763.4000,4765.0000,2,1,1,1,1,1,1,6,2,1
SF,IC2006,2019-11-06 09:31:41.600,4750.4000,7342,0,54159040.000,0,-,-,-,-,4752.8000,4752.2000,4752.0000,4751.8000,4750.0000,4755.6000,4757.2000,4761.8000,4763.4000,4765.0000,1,2,2,1,1,1,1,6,2,1
SF,IC2006,2019-11-06 09:31:42.100,4750.4000,7342,0,54159040.000,0,-,-,-,-,4753.2000,4753.0000,4752.8000,4752.0000,4751.8000,4757.2000,4761.8000,4763.4000,4765.0000,4770.0000,1,1,1,2,1,1,6,2,1,2
SF,IC2006,2019-11-06 09:31:42.600,4750.4000,7342,0,54159040.000,0,-,-,-,-,4753.4000,4753.2000,4752.8000,4752.0000,4751.8000,4757.0000,4761.8000,4763.4000,4765.0000,4770.0000,1,1,1,2,1,1,6,2,1,2
SF,IC2006,2019-11-06 09:31:43.100,4750.4000,7342,0,54159040.000,0,-,-,-,-,4753.4000,4753.2000,4752.8000,4752.0000,4751.8000,4757.0000,4761.8000,4763.4000,4765.0000,4770.0000,1,1,1,3,1,1,6,2,1,2
SF,IC2006,2019-11-06 09:31:44.100,4750.4000,7342,0,54159040.000,0,-,-,-,-,4753.4000,4753.2000,4752.8000,4752.0000,4751.8000,4757.0000,4761.8000,4763.4000,4765.0000,4770.0000,1,1,1,3,1,1,6,2,1,2
SF,IC2006,2019-11-06 09:31:44.600,4750.4000,7342,0,54159040.000,0,-,-,-,-,4753.4000,4753.2000,4752.8000,4752.0000,4751.8000,4756.8000,4757.0000,4761.8000,4763.4000,4765.0000,1,1,1,2,1,1,1,6,2,1
SF,IC2006,2019-11-06 09:31:45.100,4750.4000,7342,0,54159040.000,0,-,-,-,-,4753.4000,4752.8000,4752.6000,4752.0000,4751.8000,4756.6000,4756.8000,4761.8000,4763.4000,4765.0000,1,1,1,2,1,1,1,6,2,1
SF,IC2006,2019-11-06 09:31:45.600,4750.4000,7342,0,54159040.000,0,-,-,-,-,4753.6000,4753.4000,4752.8000,4752.6000,4752.0000,4756.6000,4756.8000,4761.8000,4763.4000,4765.0000,1,1,1,1,2,1,1,6,2,1
SF,IC2006,2019-11-06 09:31:46.100,4750.4000,7342,0,54159040.000,0,-,-,-,-,4753.6000,4752.8000,4752.6000,4752.0000,4751.8000,4756.6000,4756.8000,4761.8000,4763.4000,4765.0000,1,1,1,2,1,1,1,6,2,1
SF,IC2006,2019-11-06 09:31:47.100,4750.4000,7342,0,54159040.000,0,-,-,-,-,4753.6000,4752.8000,4752.6000,4752.0000,4751.8000,4756.2000,4756.6000,4756.8000,4761.8000,4763.4000,1,1,1,2,1,1,1,1,6,2
SF,IC2006,2019-11-06 09:31:47.600,4750.4000,7342,0,54159040.000,0,-,-,-,-,4753.6000,4752.8000,4752.6000,4752.0000,4751.8000,4756.2000,4756.8000,4761.8000,4763.4000,4765.0000,1,1,1,2,1,1,1,6,2,1
SF,IC2006,2019-11-06 09:31:48.100,4750.4000,7342,0,54159040.000,0,-,-,-,-,4752.8000,4752.6000,4752.0000,4751.8000,4751.0000,4756.0000,4756.2000,4756.8000,4761.8000,4763.4000,1,1,1,1,1,1,1,1,6,2
SF,IC2006,2019-11-06 09:31:48.600,4750.4000,7342,0,54159040.000,0,-,-,-,-,4752.8000,4752.6000,4751.8000,4751.0000,4750.0000,4756.0000,4756.2000,4756.8000,4761.8000,4763.4000,1,1,2,1,2,1,1,1,6,2
SF,IC2006,2019-11-06 09:31:49.600,4750.4000,7342,0,54159040.000,0,-,-,-,-,4752.8000,4751.8000,4751.0000,4750.0000,4748.0000,4756.0000,4756.2000,4756.8000,4761.8000,4763.4000,1,2,1,2,1,1,1,1,6,2
SF,IC2006,2019-11-06 09:31:50.100,4750.4000,7342,0,54159040.000,0,-,-,-,-,4751.8000,4751.4000,4751.0000,4750.0000,4748.0000,4755.8000,4756.0000,4756.2000,4756.8000,4761.8000,2,1,1,2,1,1,1,1,1,6
SF,IC2006,2019-11-06 09:31:50.600,4750.4000,7342,0,54159040.000,0,-,-,-,-,4752.0000,4751.8000,4751.4000,4751.0000,4750.0000,4755.6000,4755.8000,4756.2000,4756.8000,4761.8000,1,2,1,1,3,1,1,1,1,6
SF,IC2006,2019-11-06 09:31:51.100,4750.4000,7342,0,54159040.000,0,-,-,-,-,4752.0000,4751.8000,4751.4000,4751.0000,4750.0000,4755.6000,4755.8000,4756.2000,4756.8000,4761.8000,1,1,1,1,3,1,1,1,1,5
SF,IC2006,2019-11-06 09:31:51.600,4750.4000,7342,0,54159040.000,0,-,-,-,-,4752.0000,4751.4000,4751.0000,4750.0000,4748.0000,4755.2000,4755.4000,4755.6000,4756.2000,4761.8000,1,1,1,3,1,1,1,1,1,5
SF,IC2006,2019-11-06 09:31:52.100,4750.4000,7342,0,54159040.000,0,-,-,-,-,4752.0000,4751.4000,4751.0000,4750.0000,4748.0000,4755.0000,4755.2000,4755.4000,4761.8000,4763.4000,1,1,2,3,1,1,1,2,5,2
SF,IC2006,2019-11-06 09:31:52.600,4752.0000,7341,-1,55109440.000,1,0,1,双平,S,4751.4000,4751.0000,4750.0000,4748.0000,4742.0000,4755.0000,4755.2000,4755.4000,4761.8000,4763.4000,1,2,4,1,1,2,1,2,5,2
SF,IC2006,2019-11-06 09:31:53.100,4752.0000,7341,0,55109440.000,0,-,-,-,-,4751.8000,4751.4000,4751.0000,4750.0000,4748.0000,4755.0000,4755.4000,4761.8000,4763.4000,4765.0000,1,1,2,3,1,2,2,5,2,1
SF,IC2006,2019-11-06 09:31:53.600,4752.0000,7341,0,55109440.000,0,-,-,-,-,4751.8000,4751.4000,4751.0000,4750.0000,4748.0000,4755.0000,4755.4000,4761.8000,4763.4000,4765.0000,1,1,2,3,1,2,1,5,2,1
SF,IC2006,2019-11-06 09:31:54.600,4752.0000,7341,0,55109440.000,0,-,-,-,-,4752.2000,4751.8000,4751.4000,4751.0000,4750.0000,4755.0000,4755.4000,4761.8000,4763.4000,4765.0000,1,1,1,2,3,2,1,5,2,1
SF,IC2006,2019-11-06 09:31:55.100,4752.0000,7341,0,55109440.000,0,-,-,-,-,4752.2000,4751.4000,4751.0000,4750.8000,4750.0000,4754.8000,4755.0000,4761.8000,4763.4000,4765.0000,1,1,2,1,3,2,2,5,2,1
SF,IC2006,2019-11-06 09:31:55.600,4752.0000,7341,0,55109440.000,0,-,-,-,-,4752.2000,4751.4000,4751.0000,4750.8000,4750.0000,4754.6000,4754.8000,4755.0000,4761.8000,4763.4000,1,1,2,1,3,1,2,1,5,2
SF,IC2006,2019-11-06 09:31:56.100,4754.6000,7341,0,56060360.000,1,0,1,多换,S,4752.2000,4751.4000,4751.0000,4750.8000,4750.0000,4754.8000,4755.0000,4755.6000,4761.8000,4763.4000,1,1,2,2,3,2,1,1,5,2
SF,IC2006,2019-11-06 09:31:56.600,4754.6000,7341,0,56060360.000,0,-,-,-,-,4752.2000,4751.4000,4751.0000,4750.8000,4750.0000,4755.0000,4761.8000,4763.4000,4765.0000,4770.0000,1,1,2,1,3,1,5,2,1,2
SF,IC2006,2019-11-06 09:31:57.100,4754.6000,7341,0,56060360.000,0,-,-,-,-,4752.2000,4751.4000,4751.0000,4750.8000,4750.0000,4754.8000,4755.0000,4761.8000,4763.4000,4765.0000,1,1,2,1,3,1,1,5,2,1
SF,IC2006,2019-11-06 09:31:58.100,4754.6000,7341,0,56060360.000,0,-,-,-,-,4752.2000,4751.4000,4751.0000,4750.8000,4750.0000,4754.6000,4754.8000,4755.0000,4761.8000,4763.4000,1,1,2,1,3,2,1,1,5,2
SF,IC2006,2019-11-06 09:31:58.600,4754.6000,7341,0,56060360.000,0,-,-,-,-,4752.2000,4751.4000,4751.0000,4750.8000,4750.0000,4754.4000,4754.6000,4755.0000,4761.8000,4763.4000,1,1,2,1,3,1,2,1,5,2
SF,IC2006,2019-11-06 09:31:59.100,4752.2000,7342,1,57010800.000,1,1,0,双开,S,4751.4000,4751.0000,4750.8000,4750.0000,4748.0000,4754.4000,4754.6000,4755.0000,4761.8000,4763.4000,1,2,1,3,1,2,2,1,5,2
SF,IC2006,2019-11-06 09:31:59.600,4752.2000,7342,0,57010800.000,0,-,-,-,-,4751.4000,4751.0000,4750.8000,4750.0000,4748.0000,4754.4000,4754.6000,4755.0000,4761.8000,4763.4000,1,2,1,3,1,2,1,1,5,2
SF,IC2006,2019-11-06 09:32:00.100,4752.2000,7342,0,57010800.000,0,-,-,-,-,4751.4000,4751.0000,4750.8000,4750.0000,4748.0000,4754.0000,4754.2000,4754.4000,4755.0000,4761.8000,1,2,1,3,1,1,1,1,1,5
SF,IC2006,2019-11-06 09:32:00.600,4752.2000,7342,0,57010800.000,0,-,-,-,-,4751.0000,4750.8000,4750.0000,4748.0000,4742.0000,4754.0000,4754.2000,4761.8000,4763.4000,4765.0000,2,1,3,1,1,2,2,5,2,1
SF,IC2006,2019-11-06 09:32:01.100,4752.2000,7342,0,57010800.000,0,-,-,-,-,4751.0000,4750.8000,4750.0000,4748.0000,4742.0000,4753.8000,4754.0000,4754.2000,4761.8000,4763.4000,2,1,3,1,1,1,2,2,5,2
SF,IC2006,2019-11-06 09:32:01.600,4753.8000,7342,0,57961560.000,1,0,1,多换,S,4751.0000,4750.8000,4750.0000,4748.0000,4742.0000,4753.8000,4754.0000,4754.2000,4760.0000,4761.8000,2,1,3,1,1,1,2,2,1,5
SF,IC2006,2019-11-06 09:32:02.100,4753.8000,7342,0,57961560.000,0,-,-,-,-,4751.2000,4751.0000,4750.8000,4750.0000,4749.2000,4754.0000,4754.2000,4760.0000,4761.8000,4763.4000,1,2,1,3,1,2,1,1,5,2
SF,IC2006,2019-11-06 09:32:02.600,4753.8000,7342,0,57961560.000,0,-,-,-,-,4751.2000,4751.0000,4750.8000,4750.0000,4749.2000,4753.8000,4754.0000,4754.2000,4760.0000,4761.8000,1,2,1,3,1,1,1,1,1,5
SF,IC2006,2019-11-06 09:32:03.100,4753.8000,7342,0,57961560.000,0,-,-,-,-,4751.2000,4751.0000,4750.8000,4750.0000,4749.2000,4753.6000,4753.8000,4754.2000,4760.0000,4761.8000,1,2,1,3,1,1,1,1,1,5
SF,IC2006,2019-11-06 09:32:03.600,4753.8000,7342,0,57961560.000,0,-,-,-,-,4751.2000,4751.0000,4750.8000,4750.0000,4749.2000,4753.6000,4760.0000,4761.8000,4763.4000,4765.0000,1,2,1,3,1,3,1,5,2,1
SF,IC2006,2019-11-06 09:32:04.100,4753.8000,7342,0,57961560.000,0,-,-,-,-,4751.2000,4751.0000,4750.8000,4750.0000,4749.2000,4752.2000,4753.6000,4760.0000,4761.8000,4763.4000,1,2,1,3,1,1,3,1,5,2
SF,IC2006,2019-11-06 09:32:04.600,4752.2000,7342,0,58912000.000,1,0,1,多换,S,4751.2000,4751.0000,4750.8000,4750.0000,4749.2000,4753.6000,4760.0000,4761.8000,4763.4000,4765.0000,1,2,1,3,1,3,1,5,2,1
SF,IC2006,2019-11-06 09:32:05.100,4752.2000,7342,0,58912000.000,0,-,-,-,-,4751.2000,4751.0000,4750.8000,4750.0000,4749.2000,4753.6000,4760.0000,4761.8000,4763.4000,4765.0000,1,2,1,3,1,2,1,5,2,1
SF,IC2006,2019-11-06 09:32:05.600,4752.2000,7342,0,58912000.000,0,-,-,-,-,4751.2000,4751.0000,4750.8000,4750.0000,4749.2000,4760.0000,4761.8000,4763.4000,4765.0000,4770.0000,1,2,1,3,1,1,5,2,1,2
SF,IC2006,2019-11-06 09:32:06.100,4752.2000,7342,0,58912000.000,0,-,-,-,-,4751.4000,4751.2000,4751.0000,4750.8000,4750.0000,4756.0000,4760.0000,4761.8000,4763.4000,4765.0000,1,1,2,1,3,4,1,5,2,1
SF,IC2006,2019-11-06 09:32:06.600,4752.2000,7342,0,58912000.000,0,-,-,-,-,4751.4000,4751.0000,4750.8000,4750.0000,4749.2000,4756.0000,4760.0000,4761.8000,4763.4000,4765.0000,1,2,1,3,1,4,1,5,2,1
SF,IC2006,2019-11-06 09:32:07.100,4752.2000,7342,0,58912000.000,0,-,-,-,-,4751.8000,4751.4000,4751.0000,4750.8000,4750.0000,4755.0000,4755.2000,4755.6000,4756.0000,4760.0000,1,1,2,1,3,1,1,1,4,1
SF,IC2006,2019-11-06 09:32:07.600,4752.2000,7342,0,58912000.000,0,-,-,-,-,4751.0000,4750.8000,4750.0000,4749.2000,4748.0000,4754.8000,4755.0000,4755.2000,4755.6000,4756.0000,2,1,3,1,1,2,1,2,1,1
SF,IC2006,2019-11-06 09:32:08.100,4752.2000,7342,0,58912000.000,0,-,-,-,-,4751.2000,4751.0000,4750.8000,4750.0000,4749.2000,4754.8000,4755.0000,4755.2000,4756.0000,4760.0000,1,2,1,3,1,3,1,2,1,1
SF,IC2006,2019-11-06 09:32:08.600,4752.2000,7342,0,58912000.000,0,-,-,-,-,4751.2000,4751.0000,4750.8000,4750.0000,4749.2000,4754.6000,4754.8000,4755.0000,4755.2000,4756.0000,1,2,1,3,1,1,2,1,2,1
SF,IC2006,2019-11-06 09:32:09.100,4752.2000,7342,0,58912000.000,0,-,-,-,-,4751.2000,4751.0000,4750.8000,4750.0000,4748.0000,4754.4000,4754.6000,4754.8000,4755.2000,4756.0000,1,2,1,3,1,3,1,1,2,1
SF,IC2006,2019-11-06 09:32:09.600,4752.2000,7342,0,58912000.000,0,-,-,-,-,4751.4000,4751.2000,4751.0000,4750.8000,4750.0000,4754.4000,4754.6000,4754.8000,4755.2000,4756.0000,1,1,2,1,3,3,1,1,2,1
SF,IC2006,2019-11-06 09:32:10.100,4752.2000,7342,0,58912000.000,0,-,-,-,-,4751.4000,4751.0000,4750.8000,4750.0000,4748.0000,4753.8000,4754.4000,4755.2000,4756.0000,4760.0000,2,2,1,3,1,1,2,2,1,1
SF,IC2006,2019-11-06 09:32:10.600,4752.2000,7342,0,58912000.000,0,-,-,-,-,4751.4000,4751.0000,4750.8000,4750.0000,4748.0000,4753.8000,4754.4000,4755.2000,4756.0000,4760.0000,2,2,1,3,1,1,1,2,1,1
SF,IC2006,2019-11-06 09:32:11.600,4752.2000,7342,0,58912000.000,0,-,-,-,-,4751.0000,4750.8000,4750.0000,4748.0000,4742.0000,4753.8000,4754.4000,4755.2000,4756.0000,4760.0000,1,1,3,1,1,1,1,2,1,1
SF,IC2006,2019-11-06 09:32:12.100,4752.2000,7342,0,58912000.000,0,-,-,-,-,4751.2000,4751.0000,4750.8000,4750.0000,4748.0000,4753.8000,4754.4000,4755.2000,4756.0000,4760.0000,1,1,1,3,1,1,1,1,1,1
SF,IC2006,2019-11-06 09:32:13.100,4752.2000,7342,0,58912000.000,0,-,-,-,-,4751.2000,4751.0000,4750.8000,4750.0000,4748.0000,4754.4000,4755.2000,4756.0000,4760.0000,4761.8000,1,1,1,3,1,1,1,1,1,5
SF,IC2006,2019-11-06 09:32:13.600,4752.2000,7342,0,58912000.000,0,-,-,-,-,4751.4000,4751.2000,4751.0000,4750.8000,4750.0000,4756.0000,4760.0000,4761.8000,4763.4000,4765.0000,2,1,1,1,3,1,1,5,2,1
SF,IC2006,2019-11-06 09:32:14.100,4752.2000,7342,0,58912000.000,0,-,-,-,-,4752.4000,4751.8000,4751.6000,4751.4000,4751.0000,4755.8000,4760.0000,4761.8000,4763.4000,4765.0000,1,1,2,2,1,1,1,5,2,1
SF,IC2006,2019-11-06 09:32:14.600,4752.2000,7342,0,58912000.000,0,-,-,-,-,4752.8000,4752.6000,4752.4000,4751.8000,4751.4000,4755.8000,4760.0000,4761.8000,4763.4000,4765.0000,1,1,1,1,2,1,1,5,2,1
SF,IC2006,2019-11-06 09:32:15.100,4752.2000,7342,0,58912000.000,0,-,-,-,-,4752.8000,4752.6000,4751.8000,4751.4000,4751.0000,4755.8000,4760.0000,4761.8000,4763.4000,4765.0000,2,1,1,1,1,1,1,5,2,1
SF,IC2006,2019-11-06 09:32:15.600,4752.2000,7342,0,58912000.000,0,-,-,-,-,4752.8000,4752.6000,4751.8000,4751.4000,4751.0000,4755.8000,4760.0000,4761.8000,4763.4000,4765.0000,1,1,1,1,1,1,1,5,2,1
SF,IC2006,2019-11-06 09:32:16.100,4752.2000,7342,0,58912000.000,0,-,-,-,-,4752.8000,4752.6000,4751.8000,4751.4000,4751.0000,4755.8000,4760.0000,4761.8000,4763.4000,4765.0000,1,1,1,1,1,1,1,5,2,1
SF,IC2006,2019-11-06 09:32:16.600,4752.2000,7342,0,58912000.000,0,-,-,-,-,4752.8000,4752.6000,4751.8000,4751.4000,4751.0000,4755.8000,4760.0000,4761.8000,4762.4000,4763.4000,2,1,1,1,1,1,1,5,1,2
SF,IC2006,2019-11-06 09:32:17.100,4752.2000,7342,0,58912000.000,0,-,-,-,-,4752.6000,4751.8000,4751.4000,4751.0000,4750.8000,4755.8000,4760.0000,4761.8000,4762.4000,4763.4000,1,1,1,1,1,1,1,5,1,2
SF,IC2006,2019-11-06 09:32:18.100,4752.2000,7342,0,58912000.000,0,-,-,-,-,4752.8000,4752.6000,4751.8000,4751.4000,4751.0000,4755.8000,4760.0000,4761.8000,4762.4000,4763.4000,1,1,1,1,1,1,1,5,1,2
SF,IC2006,2019-11-06 09:32:18.600,4752.2000,7342,0,58912000.000,0,-,-,-,-,4753.0000,4752.8000,4752.6000,4751.8000,4751.4000,4760.0000,4761.8000,4762.4000,4763.4000,4765.0000,1,1,1,1,1,1,5,1,2,1
SF,IC2006,2019-11-06 09:32:19.100,4752.2000,7342,0,58912000.000,0,-,-,-,-,4753.2000,4753.0000,4752.8000,4751.8000,4751.0000,4758.4000,4760.0000,4761.8000,4762.4000,4763.4000,1,2,1,1,1,3,1,5,1,2
SF,IC2006,2019-11-06 09:32:19.600,4752.2000,7342,0,58912000.000,0,-,-,-,-,4753.4000,4753.2000,4753.0000,4752.8000,4751.8000,4758.4000,4760.0000,4761.8000,4762.4000,4763.4000,2,2,1,1,1,3,1,5,1,2
SF,IC2006,2019-11-06 09:32:20.100,4752.2000,7342,0,58912000.000,0,-,-,-,-,4753.4000,4753.2000,4753.0000,4752.8000,4751.8000,4757.2000,4758.4000,4760.0000,4761.8000,4762.4000,2,2,1,1,1,1,3,1,5,1
SF,IC2006,2019-11-06 09:32:20.600,4752.2000,7342,0,58912000.000,0,-,-,-,-,4753.4000,4753.2000,4753.0000,4752.8000,4751.8000,4757.0000,4757.2000,4757.4000,4760.0000,4761.8000,2,1,1,1,1,1,1,1,1,5
SF,IC2006,2019-11-06 09:32:21.100,4752.2000,7342,0,58912000.000,0,-,-,-,-,4753.6000,4753.4000,4753.2000,4753.0000,4752.8000,4757.0000,4757.2000,4757.4000,4760.0000,4761.8000,1,1,1,1,1,1,1,1,1,5
SF,IC2006,2019-11-06 09:32:21.600,4752.2000,7342,0,58912000.000,0,-,-,-,-,4753.8000,4753.6000,4753.2000,4753.0000,4752.8000,4757.0000,4757.2000,4760.0000,4761.8000,4762.4000,1,1,1,1,1,1,1,1,5,1
SF,IC2006,2019-11-06 09:32:22.600,4752.2000,7342,0,58912000.000,0,-,-,-,-,4755.8000,4753.6000,4753.2000,4753.0000,4752.8000,4757.0000,4757.2000,4760.0000,4761.8000,4762.4000,1,1,1,1,1,1,1,1,5,1
SF,IC2006,2019-11-06 09:32:23.100,4755.8000,7342,0,59863160.000,1,0,1,多换,S,4753.6000,4753.2000,4752.8000,4751.8000,4751.0000,4757.0000,4757.2000,4760.0000,4761.8000,4762.4000,1,1,1,1,1,1,1,1,5,1
SF,IC2006,2019-11-06 09:32:23.600,4755.8000,7342,0,59863160.000,0,-,-,-,-,4753.6000,4753.2000,4752.8000,4751.8000,4751.0000,4757.0000,4760.0000,4761.8000,4762.4000,4763.4000,1,1,1,1,1,1,1,5,1,2
SF,IC2006,2019-11-06 09:32:24.600,4755.8000,7342,0,59863160.000,0,-,-,-,-,4753.2000,4752.8000,4751.8000,4751.0000,4750.8000,4756.6000,4756.8000,4757.0000,4760.0000,4761.8000,1,1,1,1,1,1,2,1,1,5
SF,IC2006,2019-11-06 09:32:25.100,4755.8000,7342,0,59863160.000,0,-,-,-,-,4753.2000,4752.8000,4751.8000,4751.0000,4750.8000,4756.4000,4756.6000,4756.8000,4760.0000,4761.8000,1,1,1,1,1,1,1,2,1,5
SF,IC2006,2019-11-06 09:32:26.100,4755.8000,7342,0,59863160.000,0,-,-,-,-,4753.2000,4752.8000,4751.8000,4751.0000,4750.8000,4756.4000,4756.6000,4756.8000,4757.0000,4760.0000,1,1,1,1,1,1,1,2,1,1
SF,IC2006,2019-11-06 09:32:26.600,4755.8000,7342,0,59863160.000,0,-,-,-,-,4751.8000,4751.0000,4750.8000,4750.0000,4742.0000,4756.0000,4756.4000,4756.6000,4756.8000,4757.0000,1,1,1,3,1,1,1,1,2,1
SF,IC2006,2019-11-06 09:32:27.100,4755.8000,7342,0,59863160.000,0,-,-,-,-,4752.0000,4751.8000,4751.0000,4750.8000,4750.0000,4755.8000,4756.0000,4756.6000,4756.8000,4757.0000,1,1,1,1,3,2,1,1,1,1
SF,IC2006,2019-11-06 09:32:27.600,4755.8000,7342,0,59863160.000,0,-,-,-,-,4752.0000,4751.0000,4750.8000,4750.0000,4742.0000,4755.8000,4756.0000,4756.6000,4756.8000,4757.0000,1,1,1,3,1,2,1,1,1,1
SF,IC2006,2019-11-06 09:32:28.100,4755.8000,7342,0,59863160.000,0,-,-,-,-,4751.0000,4750.8000,4750.0000,4742.0000,4741.0000,4755.6000,4755.8000,4756.0000,4756.6000,4756.8000,1,1,3,1,1,1,2,1,1,1
SF,IC2006,2019-11-06 09:32:28.600,4755.8000,7342,0,59863160.000,0,-,-,-,-,4751.2000,4751.0000,4750.8000,4750.2000,4750.0000,4755.2000,4755.4000,4755.8000,4756.0000,4756.6000,1,1,1,1,3,1,1,1,1,1
SF,IC2006,2019-11-06 09:32:29.100,4751.2000,7342,0,60813400.000,1,0,1,多换,S,4751.0000,4750.8000,4750.2000,4750.0000,4749.6000,4755.0000,4755.2000,4756.0000,4756.6000,4756.8000,1,1,1,3,1,1,2,1,1,1
SF,IC2006,2019-11-06 09:32:29.600,4751.2000,7342,0,60813400.000,0,-,-,-,-,4751.0000,4750.8000,4750.2000,4750.0000,4742.0000,4754.8000,4755.0000,4756.0000,4756.6000,4756.8000,1,1,1,3,1,1,1,1,1,1
SF,IC2006,2019-11-06 09:32:30.100,4751.2000,7342,0,60813400.000,0,-,-,-,-,4751.2000,4751.0000,4750.8000,4750.2000,4750.0000,4754.6000,4754.8000,4756.0000,4756.6000,4756.8000,1,1,1,1,3,1,1,1,1,1
SF,IC2006,2019-11-06 09:32:30.600,4751.2000,7342,0,60813400.000,0,-,-,-,-,4751.4000,4751.2000,4751.0000,4750.8000,4750.0000,4754.6000,4756.6000,4756.8000,4757.0000,4760.0000,1,1,1,1,3,1,1,1,1,1
SF,IC2006,2019-11-06 09:32:31.100,4751.2000,7342,0,60813400.000,0,-,-,-,-,4752.8000,4751.8000,4751.6000,4751.4000,4751.0000,4754.6000,4756.6000,4756.8000,4757.0000,4760.0000,1,1,1,1,1,1,1,1,1,1
SF,IC2006,2019-11-06 09:32:31.600,4751.2000,7342,0,60813400.000,0,-,-,-,-,4751.8000,4751.0000,4750.8000,4750.0000,4742.0000,4754.6000,4756.6000,4756.8000,4757.0000,4760.0000,1,1,1,3,1,1,1,1,1,1
SF,IC2006,2019-11-06 09:32:32.100,4751.2000,7342,0,60813400.000,0,-,-,-,-,4752.8000,4751.8000,4751.0000,4750.8000,4750.0000,4754.6000,4756.6000,4756.8000,4757.0000,4760.0000,1,2,1,1,3,1,1,1,1,1
SF,IC2006,2019-11-06 09:32:32.600,4751.2000,7342,0,60813400.000,0,-,-,-,-,4751.8000,4751.0000,4750.8000,4750.0000,4742.0000,4753.8000,4754.6000,4756.6000,4756.8000,4757.0000,2,1,1,3,1,1,1,1,1,1
SF,IC2006,2019-11-06 09:32:33.100,4751.2000,7342,0,60813400.000,0,-,-,-,-,4751.8000,4751.0000,4750.8000,4750.0000,4742.0000,4753.8000,4756.6000,4756.8000,4757.0000,4760.0000,1,1,1,3,1,1,1,1,1,1
SF,IC2006,2019-11-06 09:32:33.600,4751.2000,7342,0,60813400.000,0,-,-,-,-,4751.8000,4751.0000,4750.8000,4750.0000,4742.0000,4753.8000,4756.8000,4757.0000,4760.0000,4761.8000,1,1,1,3,1,1,1,1,1,5
SF,IC2006,2019-11-06 09:32:34.100,4751.2000,7342,0,60813400.000,0,-,-,-,-,4751.8000,4751.0000,4750.8000,4750.0000,4742.0000,4753.8000,4754.4000,4756.8000,4757.0000,4760.0000,1,1,1,3,1,1,1,1,1,1
SF,IC2006,2019-11-06 09:32:34.600,4751.2000,7342,0,60813400.000,0,-,-,-,-,4752.0000,4751.8000,4751.0000,4750.8000,4750.0000,4753.8000,4754.4000,4756.8000,4757.0000,4760.0000,1,2,1,1,3,1,1,1,1,1
SF,IC2006,2019-11-06 09:32:35.100,4751.2000,7342,0,60813400.000,0,-,-,-,-,4752.0000,4751.8000,4751.0000,4750.8000,4750.0000,4753.8000,4754.4000,4756.8000,4757.0000,4760.0000,1,2,1,1,3,1,1,1,1,1
SF,IC2006,2019-11-06 09:32:35.600,4751.2000,7342,0,60813400.000,0,-,-,-,-,4752.0000,4751.8000,4751.0000,4750.8000,4750.0000,4753.8000,4754.4000,4756.8000,4757.0000,4760.0000,1,1,1,1,3,1,1,1,1,1
SF,IC2006,2019-11-06 09:32:36.100,4751.2000,7342,0,60813400.000,0,-,-,-,-,4752.0000,4751.8000,4751.0000,4750.8000,4750.0000,4753.8000,4754.4000,4756.8000,4757.0000,4760.0000,1,2,1,1,3,1,1,1,1,1
SF,IC2006,2019-11-06 09:32:36.600,4751.2000,7342,0,60813400.000,0,-,-,-,-,4752.0000,4751.8000,4751.0000,4750.8000,4750.0000,4753.8000,4754.4000,4756.8000,4757.0000,4760.0000,1,1,1,1,3,1,1,1,1,1
SF,IC2006,2019-11-06 09:32:37.100,4751.2000,7342,0,60813400.000,0,-,-,-,-,4752.0000,4751.8000,4751.0000,4750.8000,4750.0000,4753.8000,4754.4000,4756.8000,4757.0000,4760.0000,1,2,1,1,3,1,1,1,1,1
SF,IC2006,2019-11-06 09:32:37.600,4751.2000,7342,0,60813400.000,0,-,-,-,-,4752.0000,4751.8000,4751.0000,4750.8000,4750.0000,4753.8000,4754.4000,4756.8000,4757.0000,4760.0000,1,1,1,1,3,1,1,1,1,1
SF,IC2006,2019-11-06 09:32:38.100,4751.2000,7342,0,60813400.000,0,-,-,-,-,4751.8000,4751.0000,4750.8000,4750.0000,4742.0000,4752.8000,4753.8000,4756.8000,4757.0000,4760.0000,1,1,1,3,1,1,1,1,1,1
SF,IC2006,2019-11-06 09:32:39.100,4751.2000,7342,0,60813400.000,0,-,-,-,-,4751.0000,4750.8000,4750.0000,4742.0000,4741.0000,4752.8000,4753.8000,4756.8000,4757.0000,4760.0000,1,1,3,1,1,1,1,1,1,1
SF,IC2006,2019-11-06 09:32:40.600,4751.2000,7342,0,60813400.000,0,-,-,-,-,4751.2000,4751.0000,4750.8000,4750.0000,4742.0000,4752.8000,4753.8000,4756.8000,4757.0000,4760.0000,2,1,1,3,1,1,1,1,1,1
SF,IC2006,2019-11-06 09:32:41.100,4752.8000,7342,0,61763960.000,1,0,1,多换,S,4752.8000,4751.8000,4751.2000,4751.0000,4750.8000,4753.8000,4756.8000,4757.0000,4760.0000,4761.8000,1,1,2,1,1,1,1,1,1,5
SF,IC2006,2019-11-06 09:32:41.600,4753.8000,7343,1,62714720.000,1,1,0,双开,S,4752.8000,4751.8000,4751.2000,4751.0000,4750.8000,4756.8000,4757.0000,4760.0000,4761.8000,4762.4000,2,1,2,1,1,1,1,1,5,1
SF,IC2006,2019-11-06 09:32:42.100,4753.8000,7343,0,62714720.000,0,-,-,-,-,4752.8000,4751.8000,4751.2000,4751.0000,4750.8000,4756.6000,4756.8000,4757.0000,4760.0000,4761.8000,2,1,1,1,1,3,1,1,1,5
SF,IC2006,2019-11-06 09:32:42.600,4753.8000,7343,0,62714720.000,0,-,-,-,-,4752.8000,4751.8000,4751.2000,4751.0000,4750.8000,4756.6000,4756.8000,4757.0000,4760.0000,4761.8000,1,1,1,1,1,3,1,1,1,5
SF,IC2006,2019-11-06 09:32:43.100,4753.8000,7343,0,62714720.000,0,-,-,-,-,4752.8000,4751.8000,4751.2000,4751.0000,4750.8000,4756.6000,4756.8000,4757.0000,4760.0000,4761.8000,2,1,1,1,1,3,1,1,1,5
SF,IC2006,2019-11-06 09:32:44.100,4753.8000,7343,0,62714720.000,0,-,-,-,-,4752.8000,4751.8000,4751.2000,4751.0000,4750.8000,4756.6000,4756.8000,4757.0000,4760.0000,4761.8000,1,1,1,1,1,3,1,1,1,5
SF,IC2006,2019-11-06 09:32:44.600,4753.8000,7343,0,62714720.000,0,-,-,-,-,4752.8000,4751.8000,4751.2000,4751.0000,4750.8000,4756.4000,4756.6000,4756.8000,4757.0000,4760.0000,2,1,1,1,1,1,3,1,1,1
SF,IC2006,2019-11-06 09:32:45.100,4753.8000,7343,0,62714720.000,0,-,-,-,-,4752.8000,4751.8000,4751.2000,4751.0000,4750.8000,4756.2000,4756.4000,4756.8000,4757.0000,4760.0000,2,1,1,1,1,2,1,1,1,1
SF,IC2006,2019-11-06 09:32:46.100,4753.8000,7343,0,62714720.000,0,-,-,-,-,4752.8000,4751.8000,4751.2000,4751.0000,4750.8000,4756.2000,4756.4000,4756.8000,4757.0000,4760.0000,2,1,1,1,1,2,1,1,1,1
SF,IC2006,2019-11-06 09:32:47.100,4753.8000,7343,0,62714720.000,0,-,-,-,-,4752.8000,4751.8000,4751.2000,4751.0000,4750.8000,4756.2000,4756.4000,4756.8000,4757.0000,4760.0000,1,1,1,1,1,2,1,1,1,1
SF,IC2006,2019-11-06 09:32:47.600,4753.8000,7343,0,62714720.000,0,-,-,-,-,4752.8000,4751.8000,4751.2000,4751.0000,4750.8000,4756.0000,4756.2000,4756.4000,4756.8000,4757.0000,1,1,1,1,1,2,2,1,1,1
SF,IC2006,2019-11-06 09:32:48.100,4753.8000,7343,0,62714720.000,0,-,-,-,-,4752.8000,4751.8000,4751.2000,4751.0000,4750.8000,4755.8000,4756.0000,4756.4000,4756.8000,4757.0000,1,1,1,1,1,4,1,1,1,1
SF,IC2006,2019-11-06 09:32:48.600,4753.8000,7343,0,62714720.000,0,-,-,-,-,4752.8000,4751.8000,4751.2000,4751.0000,4750.8000,4755.4000,4755.8000,4756.0000,4756.4000,4756.8000,1,1,1,1,1,1,3,1,1,1
SF,IC2006,2019-11-06 09:32:49.100,4753.8000,7343,0,62714720.000,0,-,-,-,-,4752.8000,4751.8000,4751.2000,4751.0000,4750.8000,4755.4000,4755.8000,4756.0000,4756.4000,4756.8000,1,1,1,1,1,1,2,1,1,1
SF,IC2006,2019-11-06 09:32:49.600,4753.8000,7343,0,62714720.000,0,-,-,-,-,4752.8000,4751.8000,4751.2000,4751.0000,4750.8000,4755.2000,4755.4000,4756.0000,4756.4000,4756.8000,2,1,1,1,1,1,1,1,1,1
SF,IC2006,2019-11-06 09:32:50.100,4753.8000,7343,0,62714720.000,0,-,-,-,-,4752.8000,4751.8000,4751.2000,4751.0000,4750.8000,4755.2000,4755.4000,4756.0000,4756.4000,4756.8000,1,1,1,1,1,1,1,1,1,1
SF,IC2006,2019-11-06 09:32:51.100,4753.8000,7343,0,62714720.000,0,-,-,-,-,4752.8000,4751.8000,4751.2000,4751.0000,4750.8000,4755.2000,4755.4000,4756.0000,4756.4000,4756.8000,1,1,1,1,1,1,1,1,1,1
SF,IC2006,2019-11-06 09:32:52.100,4753.8000,7343,0,62714720.000,0,-,-,-,-,4753.0000,4752.8000,4751.8000,4751.2000,4751.0000,4755.2000,4755.4000,4756.0000,4756.4000,4756.8000,1,1,1,1,1,1,1,1,1,1
SF,IC2006,2019-11-06 09:32:52.600,4753.0000,7343,0,63665320.000,1,0,1,多换,S,4752.8000,4751.8000,4751.2000,4751.0000,4750.8000,4755.2000,4755.4000,4756.0000,4756.4000,4756.8000,1,1,1,1,1,1,1,1,1,1
SF,IC2006,2019-11-06 09:32:53.100,4753.0000,7343,0,63665320.000,0,-,-,-,-,4752.8000,4751.8000,4751.2000,4751.0000,4750.8000,4755.0000,4755.2000,4756.0000,4756.4000,4757.0000,1,1,1,1,1,1,1,1,1,1
SF,IC2006,2019-11-06 09:32:53.600,4753.0000,7343,0,63665320.000,0,-,-,-,-,4752.8000,4751.8000,4751.2000,4751.0000,4750.8000,4754.8000,4755.0000,4756.0000,4756.4000,4757.0000,2,1,1,1,1,1,2,1,1,1
SF,IC2006,2019-11-06 09:32:54.600,4753.0000,7343,0,63665320.000,0,-,-,-,-,4752.8000,4751.8000,4751.0000,4750.8000,4750.0000,4754.8000,4755.0000,4756.0000,4756.4000,4757.0000,2,1,1,1,3,1,1,1,1,1
SF,IC2006,2019-11-06 09:32:55.100,4753.0000,7343,0,63665320.000,0,-,-,-,-,4752.8000,4751.8000,4751.0000,4750.8000,4750.0000,4754.8000,4755.0000,4756.0000,4756.4000,4757.0000,1,1,1,1,3,1,1,1,1,1
SF,IC2006,2019-11-06 09:32:55.600,4753.0000,7343,0,63665320.000,0,-,-,-,-,4751.8000,4751.0000,4750.8000,4750.0000,4749.0000,4754.8000,4755.0000,4756.0000,4757.0000,4760.0000,1,1,1,3,1,1,1,1,1,1
SF,IC2006,2019-11-06 09:32:57.100,4753.0000,7343,0,63665320.000,0,-,-,-,-,4752.0000,4751.8000,4751.0000,4750.8000,4750.0000,4754.8000,4755.0000,4756.0000,4757.0000,4760.0000,1,1,1,1,3,1,1,1,1,1
SF,IC2006,2019-11-06 09:32:57.600,4753.0000,7343,0,63665320.000,0,-,-,-,-,4752.0000,4751.8000,4751.0000,4750.8000,4750.0000,4754.8000,4755.0000,4757.0000,4760.0000,4761.8000,1,1,1,1,3,1,1,1,1,5
SF,IC2006,2019-11-06 09:32:58.100,4752.0000,7342,-1,64615720.000,1,0,1,双平,S,4751.0000,4750.8000,4750.0000,4749.0000,4742.0000,4754.8000,4755.0000,4757.0000,4760.0000,4761.8000,1,1,3,1,1,1,1,1,1,5
SF,IC2006,2019-11-06 09:32:58.600,4752.0000,7342,0,64615720.000,0,-,-,-,-,4751.0000,4750.8000,4750.0000,4749.0000,4742.0000,4754.6000,4754.8000,4755.0000,4757.0000,4760.0000,1,1,3,1,1,1,1,1,1,1
SF,IC2006,2019-11-06 09:32:59.100,4751.0000,7343,1,65565920.000,1,1,0,双开,S,4750.8000,4750.0000,4749.0000,4742.0000,4741.0000,4754.4000,4754.6000,4755.0000,4757.0000,4760.0000,1,3,1,1,1,1,1,1,1,1
SF,IC2006,2019-11-06 09:33:00.100,4751.0000,7343,0,65565920.000,0,-,-,-,-,4751.2000,4750.8000,4750.0000,4749.0000,4742.0000,4754.4000,4754.6000,4755.0000,4757.0000,4760.0000,1,1,3,1,1,1,1,1,1,1
SF,IC2006,2019-11-06 09:33:01.100,4751.0000,7343,0,65565920.000,0,-,-,-,-,4751.2000,4750.8000,4750.0000,4749.0000,4742.0000,4752.0000,4754.4000,4754.6000,4755.0000,4757.0000,1,1,3,1,1,1,1,1,1,1
SF,IC2006,2019-11-06 09:33:01.600,4752.0000,7342,-1,66516320.000,1,0,1,双平,S,4752.0000,4751.8000,4751.2000,4750.8000,4750.0000,4754.6000,4755.0000,4757.0000,4760.0000,4761.8000,2,1,1,1,3,1,1,1,1,5
SF,IC2006,2019-11-06 09:33:02.100,4752.0000,7342,0,66516320.000,0,-,-,-,-,4752.0000,4751.2000,4750.8000,4750.0000,4749.0000,4754.4000,4754.6000,4755.0000,4757.0000,4760.0000,1,1,1,3,1,2,1,1,1,1
SF,IC2006,2019-11-06 09:33:02.600,4752.0000,7342,0,66516320.000,0,-,-,-,-,4752.0000,4750.8000,4750.0000,4749.0000,4742.0000,4754.4000,4754.6000,4755.0000,4757.0000,4760.0000,1,1,3,1,1,2,1,1,1,1
SF,IC2006,2019-11-06 09:33:03.100,4752.0000,7342,0,66516320.000,0,-,-,-,-,4750.8000,4750.0000,4749.0000,4742.0000,4741.0000,4754.2000,4754.4000,4754.6000,4755.0000,4757.0000,1,3,1,1,1,1,2,1,1,1
SF,IC2006,2019-11-06 09:33:03.600,4752.0000,7342,0,66516320.000,0,-,-,-,-,4750.8000,4750.0000,4749.0000,4742.0000,4741.0000,4754.0000,4754.2000,4754.6000,4755.0000,4757.0000,1,3,1,1,1,2,2,1,1,1
SF,IC2006,2019-11-06 09:33:04.100,4752.0000,7342,0,66516320.000,0,-,-,-,-,4751.0000,4750.8000,4750.0000,4749.0000,4742.0000,4754.0000,4754.2000,4754.6000,4755.0000,4757.0000,1,1,3,1,1,2,2,1,1,1
SF,IC2006,2019-11-06 09:33:04.600,4752.0000,7342,0,66516320.000,0,-,-,-,-,4750.8000,4750.0000,4749.0000,4742.0000,4741.0000,4754.0000,4754.2000,4754.6000,4755.0000,4757.0000,1,3,1,1,1,2,1,1,1,1
SF,IC2006,2019-11-06 09:33:05.100,4752.0000,7342,0,66516320.000,0,-,-,-,-,4750.8000,4750.0000,4749.0000,4742.0000,4741.0000,4754.0000,4754.2000,4754.6000,4757.0000,4760.0000,1,3,1,1,1,2,1,1,1,1
SF,IC2006,2019-11-06 09:33:05.600,4752.0000,7342,0,66516320.000,0,-,-,-,-,4750.8000,4750.0000,4749.0000,4742.0000,4741.0000,4753.4000,4753.8000,4754.0000,4754.2000,4757.0000,1,3,1,1,1,1,1,2,1,1
SF,IC2006,2019-11-06 09:33:06.100,4752.0000,7342,0,66516320.000,0,-,-,-,-,4750.8000,4750.0000,4749.0000,4742.0000,4741.0000,4753.2000,4753.4000,4753.8000,4754.2000,4757.0000,1,3,1,1,1,2,3,1,1,1
SF,IC2006,2019-11-06 09:33:06.600,4750.8000,7342,0,67466480.000,1,0,1,多换,S,4750.0000,4749.0000,4742.0000,4741.0000,4740.0000,4753.2000,4753.4000,4753.8000,4754.2000,4757.0000,2,1,1,1,1,2,2,1,1,1
SF,IC2006,2019-11-06 09:33:07.100,4750.8000,7342,0,67466480.000,0,-,-,-,-,4750.0000,4749.0000,4742.0000,4741.0000,4740.0000,4753.2000,4753.4000,4753.8000,4757.0000,4760.0000,2,1,1,1,1,2,1,1,1,1
SF,IC2006,2019-11-06 09:33:07.600,4750.8000,7342,0,67466480.000,0,-,-,-,-,4750.0000,4749.0000,4742.0000,4741.0000,4740.0000,4752.6000,4752.8000,4753.2000,4753.8000,4757.0000,2,1,1,1,1,1,1,2,1,1
SF,IC2006,2019-11-06 09:33:08.100,4750.8000,7342,0,67466480.000,0,-,-,-,-,4750.0000,4749.0000,4742.0000,4741.0000,4740.0000,4752.4000,4752.6000,4752.8000,4753.8000,4757.0000,2,1,1,1,1,1,1,2,1,1
SF,IC2006,2019-11-06 09:33:08.600,4750.8000,7342,0,67466480.000,0,-,-,-,-,4750.0000,4749.0000,4742.0000,4741.0000,4740.0000,4752.0000,4752.4000,4752.6000,4752.8000,4753.8000,2,1,1,1,1,1,1,1,1,1
SF,IC2006,2019-11-06 09:33:09.100,4750.8000,7342,0,67466480.000,0,-,-,-,-,4750.0000,4749.0000,4742.0000,4741.0000,4740.0000,4752.0000,4752.6000,4752.8000,4753.8000,4757.0000,2,1,1,1,1,1,1,1,1,1
SF,IC2006,2019-11-06 09:33:09.600,4750.8000,7342,0,67466480.000,0,-,-,-,-,4750.0000,4749.0000,4742.0000,4741.0000,4740.0000,4752.6000,4752.8000,4753.8000,4757.0000,4760.0000,2,1,1,1,1,1,1,1,1,1
SF,IC2006,2019-11-06 09:33:10.100,4750.8000,7342,0,67466480.000,0,-,-,-,-,4750.0000,4749.0000,4742.0000,4741.0000,4740.0000,4752.4000,4752.6000,4752.8000,4753.8000,4757.0000,2,1,1,1,1,1,1,1,1,1
SF,IC2006,2019-11-06 09:33:10.600,4750.8000,7342,0,67466480.000,0,-,-,-,-,4750.0000,4749.0000,4742.0000,4741.0000,4740.0000,4752.4000,4753.8000,4757.0000,4760.0000,4761.8000,3,1,1,1,1,1,1,1,1,5
SF,IC2006,2019-11-06 09:33:11.100,4750.8000,7342,0,67466480.000,0,-,-,-,-,4750.0000,4749.0000,4747.8000,4742.0000,4741.0000,4752.4000,4753.8000,4757.0000,4760.0000,4761.8000,3,1,1,1,1,1,1,1,1,5
SF,IC2006,2019-11-06 09:33:11.600,4750.8000,7342,0,67466480.000,0,-,-,-,-,4750.2000,4750.0000,4749.0000,4747.8000,4742.0000,4753.8000,4757.0000,4760.0000,4761.8000,4762.4000,1,3,1,1,1,1,1,1,5,1
SF,IC2006,2019-11-06 09:33:12.100,4750.8000,7342,0,67466480.000,0,-,-,-,-,4750.2000,4750.0000,4749.0000,4747.8000,4742.0000,4753.8000,4760.0000,4761.8000,4762.4000,4763.4000,1,3,1,1,1,1,1,5,1,2
SF,IC2006,2019-11-06 09:33:13.100,4750.8000,7342,0,67466480.000,0,-,-,-,-,4750.2000,4750.0000,4749.0000,4742.0000,4741.0000,4760.0000,4761.8000,4762.4000,4763.4000,4765.0000,1,3,1,1,1,1,5,1,2,1
SF,IC2006,2019-11-06 09:33:13.600,4750.8000,7342,0,67466480.000,0,-,-,-,-,4750.4000,4750.2000,4750.0000,4749.0000,4742.0000,4756.0000,4756.2000,4760.0000,4761.8000,4762.4000,2,1,3,1,1,1,3,1,5,1
SF,IC2006,2019-11-06 09:33:14.100,4750.8000,7342,0,67466480.000,0,-,-,-,-,4750.6000,4750.4000,4750.0000,4749.0000,4742.0000,4754.8000,4755.8000,4756.0000,4760.0000,4761.8000,1,3,3,1,1,2,2,1,1,5
SF,IC2006,2019-11-06 09:33:14.600,4750.8000,7342,0,67466480.000,0,-,-,-,-,4750.6000,4750.4000,4750.0000,4749.0000,4742.0000,4754.6000,4754.8000,4756.0000,4760.0000,4761.8000,2,1,3,1,1,2,2,1,1,5
SF,IC2006,2019-11-06 09:33:15.100,4750.8000,7342,0,67466480.000,0,-,-,-,-,4750.6000,4750.4000,4750.0000,4749.0000,4742.0000,4754.2000,4754.6000,4754.8000,4756.0000,4760.0000,2,1,3,1,1,1,2,1,1,1
SF,IC2006,2019-11-06 09:33:15.600,4750.8000,7342,0,67466480.000,0,-,-,-,-,4750.6000,4750.4000,4750.0000,4749.0000,4742.0000,4753.6000,4754.0000,4754.2000,4754.6000,4756.0000,1,1,3,1,1,2,1,1,1,1
SF,IC2006,2019-11-06 09:33:16.100,4750.8000,7342,0,67466480.000,0,-,-,-,-,4750.6000,4750.4000,4750.0000,4749.0000,4742.0000,4753.4000,4753.6000,4753.8000,4754.2000,4754.6000,1,1,3,1,1,1,3,1,1,1
SF,IC2006,2019-11-06 09:33:16.600,4750.8000,7342,0,67466480.000,0,-,-,-,-,4750.6000,4750.4000,4750.0000,4749.0000,4742.0000,4753.6000,4754.6000,4756.0000,4760.0000,4761.8000,1,1,3,1,1,2,1,1,1,5
SF,IC2006,2019-11-06 09:33:17.100,4750.8000,7342,0,67466480.000,0,-,-,-,-,4751.0000,4750.8000,4750.6000,4750.0000,4749.0000,4754.6000,4756.0000,4760.0000,4761.8000,4762.4000,1,1,1,3,1,1,1,1,5,1
SF,IC2006,2019-11-06 09:33:17.600,4750.8000,7342,0,67466480.000,0,-,-,-,-,4751.2000,4751.0000,4750.8000,4750.0000,4749.0000,4756.0000,4760.0000,4761.8000,4762.4000,4763.4000,2,1,1,3,1,1,1,5,1,2
SF,IC2006,2019-11-06 09:33:18.100,4750.8000,7342,0,67466480.000,0,-,-,-,-,4751.2000,4751.0000,4750.8000,4750.0000,4749.0000,4755.8000,4756.0000,4760.0000,4761.8000,4762.4000,2,1,1,3,1,2,1,1,5,1
SF,IC2006,2019-11-06 09:33:18.600,4750.8000,7342,0,67466480.000,0,-,-,-,-,4751.2000,4751.0000,4750.0000,4749.0000,4742.0000,4755.4000,4755.8000,4756.0000,4760.0000,4761.8000,2,1,3,1,1,1,2,1,1,5
SF,IC2006,2019-11-06 09:33:19.100,4750.8000,7342,0,67466480.000,0,-,-,-,-,4751.8000,4751.6000,4751.2000,4750.0000,4749.0000,4755.2000,4755.4000,4756.0000,4760.0000,4761.8000,1,1,2,3,1,1,1,1,1,5
SF,IC2006,2019-11-06 09:33:19.600,4750.8000,7342,0,67466480.000,0,-,-,-,-,4752.0000,4751.6000,4750.0000,4749.0000,4742.0000,4755.2000,4755.4000,4756.0000,4760.0000,4761.8000,1,1,3,1,1,1,1,1,1,5
SF,IC2006,2019-11-06 09:33:20.100,4750.8000,7342,0,67466480.000,0,-,-,-,-,4752.0000,4751.6000,4750.0000,4749.0000,4742.0000,4755.2000,4756.0000,4760.0000,4761.8000,4762.4000,1,1,3,1,1,1,1,1,5,1
SF,IC2006,2019-11-06 09:33:20.600,4750.8000,7342,0,67466480.000,0,-,-,-,-,4752.0000,4751.6000,4750.0000,4749.0000,4742.0000,4755.0000,4755.2000,4756.0000,4760.0000,4761.8000,1,1,3,1,1,1,1,1,1,5
SF,IC2006,2019-11-06 09:33:21.100,4750.8000,7342,0,67466480.000,0,-,-,-,-,4752.0000,4751.6000,4750.0000,4749.0000,4742.0000,4754.8000,4755.0000,4756.0000,4760.0000,4761.8000,1,1,3,1,1,1,1,1,1,5
SF,IC2006,2019-11-06 09:33:21.600,4754.8000,7342,0,68417440.000,1,0,1,多换,S,4751.4000,4750.0000,4749.0000,4742.0000,4741.0000,4755.0000,4755.6000,4756.0000,4760.0000,4761.8000,1,3,1,1,1,1,1,1,1,5
SF,IC2006,2019-11-06 09:33:22.100,4754.8000,7342,0,68417440.000,0,-,-,-,-,4751.4000,4750.0000,4749.0000,4742.0000,4741.0000,4754.4000,4754.6000,4754.8000,4756.0000,4760.0000,1,3,1,1,1,1,1,1,1,1
SF,IC2006,2019-11-06 09:33:22.600,4754.8000,7342,0,68417440.000,0,-,-,-,-,4751.4000,4750.0000,4749.0000,4742.0000,4741.0000,4754.4000,4754.6000,4756.0000,4760.0000,4761.8000,1,3,1,1,1,1,2,1,1,5
SF,IC2006,2019-11-06 09:33:23.100,4754.8000,7342,0,68417440.000,0,-,-,-,-,4751.4000,4750.0000,4749.0000,4742.0000,4741.0000,4752.0000,4754.6000,4756.0000,4760.0000,4761.8000,1,3,1,1,1,1,1,1,1,5
SF,IC2006,2019-11-06 09:33:23.600,4752.0000,7341,-1,69367840.000,1,0,1,双平,S,4752.0000,4751.4000,4750.0000,4749.0000,4742.0000,4756.0000,4760.0000,4761.8000,4762.4000,4763.4000,1,1,3,1,1,1,1,5,1,2
SF,IC2006,2019-11-06 09:33:24.100,4752.0000,7341,0,69367840.000,0,-,-,-,-,4752.2000,4752.0000,4750.0000,4749.0000,4742.0000,4755.8000,4756.0000,4760.0000,4761.8000,4762.4000,2,1,3,1,1,1,1,1,5,1
SF,IC2006,2019-11-06 09:33:24.600,4752.0000,7341,0,69367840.000,0,-,-,-,-,4752.2000,4752.0000,4750.0000,4749.0000,4742.0000,4755.6000,4755.8000,4756.0000,4760.0000,4761.8000,2,2,3,1,1,2,1,1,1,5
SF,IC2006,2019-11-06 09:33:25.100,4752.0000,7341,0,69367840.000,0,-,-,-,-,4752.2000,4752.0000,4750.0000,4749.0000,4742.0000,4755.4000,4755.6000,4756.0000,4760.0000,4761.8000,2,2,3,1,1,1,2,1,1,5
SF,IC2006,2019-11-06 09:33:25.600,4752.0000,7341,0,69367840.000,0,-,-,-,-,4752.2000,4752.0000,4750.0000,4749.0000,4742.0000,4755.0000,4755.4000,4755.6000,4756.0000,4760.0000,2,2,3,1,1,1,1,2,1,1
SF,IC2006,2019-11-06 09:33:26.100,4752.0000,7341,0,69367840.000,0,-,-,-,-,4752.2000,4752.0000,4750.0000,4749.0000,4742.0000,4755.0000,4755.2000,4755.6000,4756.0000,4760.0000,2,2,3,1,1,1,1,1,1,1
SF,IC2006,2019-11-06 09:33:27.100,4752.0000,7341,0,69367840.000,0,-,-,-,-,4752.2000,4752.0000,4750.0000,4749.0000,4742.0000,4754.8000,4755.0000,4756.0000,4760.0000,4761.8000,2,2,3,1,1,1,1,1,1,5
SF,IC2006,2019-11-06 09:33:27.600,4752.0000,7341,0,69367840.000,0,-,-,-,-,4752.2000,4752.0000,4750.0000,4749.0000,4742.0000,4754.8000,4755.0000,4756.0000,4760.0000,4761.8000,2,2,3,1,1,2,1,1,1,5
SF,IC2006,2019-11-06 09:33:28.600,4752.0000,7341,0,69367840.000,0,-,-,-,-,4752.2000,4752.0000,4750.0000,4749.0000,4742.0000,4754.6000,4754.8000,4756.0000,4760.0000,4761.8000,2,2,3,1,1,2,2,1,1,5
SF,IC2006,2019-11-06 09:33:29.100,4752.0000,7341,0,70318240.000,1,0,1,多换,S,4752.2000,4752.0000,4750.0000,4749.0000,4742.0000,4754.6000,4754.8000,4756.0000,4760.0000,4761.8000,1,1,3,1,1,2,1,1,1,5
SF,IC2006,2019-11-06 09:33:29.600,4752.0000,7341,0,70318240.000,0,-,-,-,-,4752.0000,4750.0000,4749.0000,4742.0000,4741.0000,4754.4000,4754.6000,4754.8000,4756.0000,4760.0000,1,3,1,1,1,1,2,1,1,1
SF,IC2006,2019-11-06 09:33:30.100,4752.0000,7341,0,70318240.000,0,-,-,-,-,4750.0000,4749.8000,4749.0000,4742.0000,4741.0000,4754.4000,4754.6000,4754.8000,4756.0000,4760.0000,3,1,1,1,1,1,2,1,1,1
SF,IC2006,2019-11-06 09:33:30.600,4752.0000,7341,0,70318240.000,0,-,-,-,-,4750.4000,4750.0000,4749.8000,4749.0000,4742.0000,4754.4000,4754.6000,4754.8000,4756.0000,4760.0000,3,3,1,1,1,1,2,1,1,1
SF,IC2006,2019-11-06 09:33:31.100,4752.0000,7341,0,70318240.000,0,-,-,-,-,4751.8000,4750.4000,4750.0000,4749.8000,4749.0000,4754.4000,4754.6000,4754.8000,4756.0000,4760.0000,1,3,3,1,1,1,2,1,1,1
SF,IC2006,2019-11-06 09:33:31.600,4752.0000,7341,0,70318240.000,0,-,-,-,-,4752.0000,4751.0000,4750.0000,4749.0000,4742.0000,4754.6000,4754.8000,4756.0000,4760.0000,4761.8000,1,1,3,1,1,1,1,1,1,5
SF,IC2006,2019-11-06 09:33:32.100,4752.0000,7341,0,70318240.000,0,-,-,-,-,4752.0000,4751.8000,4750.0000,4749.0000,4742.0000,4754.6000,4754.8000,4756.0000,4760.0000,4761.8000,1,1,3,1,1,1,1,1,1,5
SF,IC2006,2019-11-06 09:33:32.600,4752.0000,7341,0,70318240.000,0,-,-,-,-,4752.0000,4750.0000,4749.0000,4742.0000,4741.0000,4754.6000,4754.8000,4756.0000,4760.0000,4761.8000,1,3,1,1,1,1,1,1,1,5
SF,IC2006,2019-11-06 09:33:33.100,4752.0000,7341,0,70318240.000,0,-,-,-,-,4752.2000,4752.0000,4751.8000,4750.0000,4749.0000,4754.6000,4754.8000,4755.0000,4756.0000,4760.0000,1,1,1,3,1,1,1,1,1,1
SF,IC2006,2019-11-06 09:33:33.600,4752.0000,7341,0,70318240.000,0,-,-,-,-,4752.4000,4752.2000,4750.0000,4749.0000,4742.0000,4754.8000,4755.0000,4756.0000,4760.0000,4761.8000,1,1,3,1,1,1,1,1,1,5
SF,IC2006,2019-11-06 09:33:34.600,4752.0000,7341,0,70318240.000,0,-,-,-,-,4752.8000,4752.4000,4752.2000,4750.0000,4749.0000,4754.8000,4755.0000,4756.0000,4760.0000,4761.8000,1,1,1,3,1,1,1,1,1,5
SF,IC2006,2019-11-06 09:33:35.100,4752.0000,7341,0,70318240.000,0,-,-,-,-,4753.0000,4752.8000,4752.2000,4750.0000,4749.0000,4755.0000,4760.0000,4761.8000,4762.4000,4763.4000,1,1,1,3,1,1,1,5,1,2
SF,IC2006,2019-11-06 09:33:35.600,4753.0000,7340,-1,71268840.000,1,0,1,双平,S,4753.0000,4752.8000,4752.2000,4752.0000,4750.0000,4755.0000,4756.2000,4760.0000,4761.8000,4762.4000,1,1,1,1,3,1,1,1,5,1
SF,IC2006,2019-11-06 09:33:36.100,4753.0000,7340,0,71268840.000,0,-,-,-,-,4753.0000,4752.8000,4752.2000,4750.0000,4749.0000,4755.0000,4760.0000,4761.8000,4762.4000,4763.4000,1,1,1,3,1,1,1,5,1,2
SF,IC2006,2019-11-06 09:33:36.600,4753.0000,7340,0,71268840.000,0,-,-,-,-,4753.0000,4752.2000,4750.0000,4749.0000,4742.0000,4755.0000,4760.0000,4761.8000,4762.4000,4763.4000,1,1,3,1,1,1,1,5,1,2
SF,IC2006,2019-11-06 09:33:37.100,4753.0000,7340,0,71268840.000,0,-,-,-,-,4752.8000,4752.2000,4750.0000,4749.0000,4742.0000,4755.0000,4760.0000,4761.8000,4762.4000,4763.4000,1,1,3,1,1,1,1,5,1,2
SF,IC2006,2019-11-06 09:33:37.600,4753.0000,7340,0,71268840.000,0,-,-,-,-,4750.0000,4749.0000,4742.0000,4741.0000,4740.0000,4755.0000,4760.0000,4761.8000,4762.4000,4763.4000,3,1,1,1,1,1,1,5,1,2
SF,IC2006,2019-11-06 09:33:38.100,4753.0000,7340,0,71268840.000,0,-,-,-,-,4751.8000,4750.6000,4750.0000,4749.0000,4742.0000,4754.8000,4755.0000,4760.0000,4761.8000,4762.4000,1,3,3,1,1,1,1,1,5,1
SF,IC2006,2019-11-06 09:33:38.600,4753.0000,7340,0,71268840.000,0,-,-,-,-,4752.0000,4751.8000,4750.0000,4749.0000,4742.0000,4754.8000,4755.0000,4760.0000,4761.8000,4762.4000,1,2,3,1,1,1,1,1,5,1
SF,IC2006,2019-11-06 09:33:39.100,4753.0000,7340,0,71268840.000,0,-,-,-,-,4752.8000,4752.2000,4752.0000,4751.8000,4750.0000,4754.8000,4755.0000,4760.0000,4761.8000,4762.4000,1,2,1,1,3,1,1,1,5,1
SF,IC2006,2019-11-06 09:33:39.600,4753.0000,7340,0,71268840.000,0,-,-,-,-,4752.8000,4752.2000,4751.8000,4750.0000,4749.0000,4754.8000,4755.0000,4760.0000,4761.8000,4762.4000,1,2,1,3,1,1,1,1,5,1
SF,IC2006,2019-11-06 09:33:40.600,4753.0000,7340,0,71268840.000,0,-,-,-,-,4753.0000,4752.8000,4752.2000,4751.8000,4750.0000,4754.8000,4755.0000,4760.0000,4761.8000,4762.4000,1,1,1,1,3,1,1,1,5,1
SF,IC2006,2019-11-06 09:33:41.600,4753.0000,7340,0,71268840.000,0,-,-,-,-,4752.2000,4751.8000,4750.0000,4749.0000,4742.0000,4754.8000,4755.0000,4760.0000,4761.8000,4762.4000,1,1,3,1,1,1,1,1,5,1
SF,IC2006,2019-11-06 09:33:42.600,4753.0000,7340,0,71268840.000,0,-,-,-,-,4751.8000,4750.0000,4749.0000,4742.0000,4741.0000,4754.8000,4755.0000,4760.0000,4761.8000,4762.4000,1,3,1,1,1,1,1,1,5,1
SF,IC2006,2019-11-06 09:33:45.100,4753.0000,7340,0,71268840.000,0,-,-,-,-,4752.0000,4751.8000,4750.0000,4749.0000,4742.0000,4754.8000,4755.0000,4760.0000,4761.8000,4762.4000,1,1,3,1,1,1,1,1,5,1
SF,IC2006,2019-11-06 09:33:45.600,4753.0000,7340,0,71268840.000,0,-,-,-,-,4752.2000,4752.0000,4751.8000,4750.0000,4749.0000,4754.8000,4755.0000,4760.0000,4761.8000,4762.4000,1,1,1,3,1,1,1,1,5,1
SF,IC2006,2019-11-06 09:33:48.100,4753.0000,7340,0,71268840.000,0,-,-,-,-,4752.2000,4750.0000,4749.0000,4742.0000,4741.0000,4754.6000,4754.8000,4755.0000,4760.0000,4761.8000,1,3,1,1,1,1,1,1,1,5
SF,IC2006,2019-11-06 09:33:48.600,4753.0000,7340,0,71268840.000,0,-,-,-,-,4750.0000,4749.0000,4742.0000,4741.0000,4740.0000,4754.4000,4754.6000,4755.0000,4760.0000,4761.8000,3,1,1,1,1,2,1,1,1,5
SF,IC2006,2019-11-06 09:33:49.100,4753.0000,7340,0,71268840.000,0,-,-,-,-,4750.2000,4750.0000,4749.0000,4742.0000,4741.0000,4754.4000,4754.6000,4755.0000,4760.0000,4761.8000,1,3,1,1,1,2,1,1,1,5
SF,IC2006,2019-11-06 09:33:49.600,4753.0000,7340,0,71268840.000,0,-,-,-,-,4750.2000,4750.0000,4749.0000,4742.0000,4741.0000,4753.2000,4754.4000,4754.6000,4755.0000,4760.0000,1,3,1,1,1,1,2,1,1,1
SF,IC2006,2019-11-06 09:33:50.100,4753.0000,7340,0,71268840.000,0,-,-,-,-,4750.0000,4749.0000,4742.0000,4741.0000,4740.0000,4753.0000,4753.2000,4754.6000,4755.0000,4760.0000,3,1,1,1,1,2,1,1,1,1
SF,IC2006,2019-11-06 09:33:50.600,4753.0000,7340,0,71268840.000,0,-,-,-,-,4750.2000,4750.0000,4749.0000,4742.0000,4741.0000,4753.2000,4754.6000,4755.0000,4760.0000,4761.8000,1,3,1,1,1,1,1,1,1,5
SF,IC2006,2019-11-06 09:33:51.600,4753.0000,7340,0,71268840.000,0,-,-,-,-,4750.2000,4750.0000,4749.0000,4742.0000,4741.0000,4753.2000,4754.6000,4755.0000,4760.0000,4761.8000,2,3,1,1,1,1,1,1,1,5
SF,IC2006,2019-11-06 09:33:52.100,4753.0000,7340,0,71268840.000,0,-,-,-,-,4752.8000,4751.8000,4750.2000,4750.0000,4749.0000,4753.2000,4754.6000,4755.0000,4760.0000,4761.8000,1,1,1,3,1,1,1,1,1,5
SF,IC2006,2019-11-06 09:33:52.600,4753.0000,7340,0,71268840.000,0,-,-,-,-,4750.8000,4750.0000,4749.0000,4742.0000,4741.0000,4753.2000,4755.0000,4760.0000,4761.8000,4762.4000,1,3,1,1,1,1,1,1,5,1
SF,IC2006,2019-11-06 09:33:53.100,4753.0000,7340,0,71268840.000,0,-,-,-,-,4751.8000,4751.0000,4750.8000,4750.0000,4749.0000,4753.2000,4755.0000,4760.0000,4761.8000,4762.4000,1,1,1,3,1,1,1,1,5,1
SF,IC2006,2019-11-06 09:33:53.600,4753.0000,7340,0,71268840.000,0,-,-,-,-,4751.8000,4750.8000,4750.0000,4749.0000,4742.0000,4755.0000,4760.0000,4761.8000,4762.4000,4763.4000,1,1,3,1,1,1,1,5,1,2
SF,IC2006,2019-11-06 09:33:54.100,4753.0000,7340,0,71268840.000,0,-,-,-,-,4751.8000,4750.8000,4750.0000,4749.0000,4742.0000,4754.8000,4755.0000,4760.0000,4761.8000,4762.4000,1,1,3,1,1,1,1,1,5,1
SF,IC2006,2019-11-06 09:33:54.600,4753.0000,7340,0,71268840.000,0,-,-,-,-,4750.8000,4750.0000,4749.0000,4742.0000,4741.0000,4754.8000,4755.0000,4760.0000,4761.8000,4762.4000,1,3,1,1,1,1,1,1,5,1
SF,IC2006,2019-11-06 09:33:55.100,4753.0000,7340,0,71268840.000,0,-,-,-,-,4751.8000,4751.0000,4750.8000,4750.0000,4749.0000,4754.8000,4755.0000,4760.0000,4761.8000,4762.4000,1,1,1,3,1,1,1,1,5,1
SF,IC2006,2019-11-06 09:33:55.600,4753.0000,7340,0,71268840.000,0,-,-,-,-,4751.8000,4750.8000,4750.0000,4749.0000,4742.0000,4754.0000,4754.8000,4755.0000,4760.0000,4761.8000,1,1,3,1,1,1,1,1,1,5
SF,IC2006,2019-11-06 09:33:56.100,4753.0000,7340,0,71268840.000,0,-,-,-,-,4751.8000,4750.0000,4749.0000,4742.0000,4741.0000,4753.8000,4754.0000,4755.0000,4760.0000,4761.8000,1,3,1,1,1,1,1,1,1,5
SF,IC2006,2019-11-06 09:33:56.600,4753.8000,7340,0,72219600.000,1,0,1,多换,S,4752.0000,4751.8000,4751.4000,4750.0000,4749.0000,4754.0000,4755.0000,4755.6000,4760.0000,4761.8000,1,1,1,3,1,1,2,1,1,5
SF,IC2006,2019-11-06 09:33:57.100,4753.8000,7340,0,72219600.000,0,-,-,-,-,4752.2000,4752.0000,4751.8000,4750.0000,4749.0000,4754.0000,4755.0000,4760.0000,4761.8000,4762.4000,1,1,1,3,1,1,2,1,5,1
SF,IC2006,2019-11-06 09:33:57.600,4753.8000,7340,0,72219600.000,0,-,-,-,-,4752.2000,4752.0000,4751.8000,4750.0000,4749.0000,4755.0000,4760.0000,4761.8000,4762.4000,4763.4000,1,1,1,3,1,2,1,5,1,2
SF,IC2006,2019-11-06 09:33:58.600,4753.8000,7340,0,72219600.000,0,-,-,-,-,4752.8000,4752.2000,4752.0000,4751.8000,4750.0000,4755.0000,4760.0000,4761.8000,4762.4000,4763.4000,1,1,1,1,3,2,1,5,1,2
SF,IC2006,2019-11-06 09:33:59.100,4752.8000,7340,0,73170160.000,1,0,1,多换,S,4752.0000,4751.8000,4750.0000,4749.0000,4742.0000,4754.8000,4755.0000,4760.0000,4761.8000,4762.4000,1,1,3,1,1,1,2,1,5,1
SF,IC2006,2019-11-06 09:33:59.600,4752.8000,7340,0,73170160.000,0,-,-,-,-,4752.2000,4752.0000,4751.8000,4750.0000,4749.0000,4754.8000,4755.0000,4760.0000,4761.8000,4762.4000,1,1,1,3,1,1,2,1,5,1
SF,IC2006,2019-11-06 09:34:00.600,4752.8000,7340,0,73170160.000,0,-,-,-,-,4752.2000,4752.0000,4751.8000,4750.0000,4749.0000,4754.6000,4754.8000,4755.0000,4760.0000,4761.8000,1,1,1,3,1,1,1,2,1,5
SF,IC2006,2019-11-06 09:34:01.100,4752.8000,7340,0,73170160.000,0,-,-,-,-,4752.2000,4752.0000,4751.8000,4750.0000,4749.0000,4754.6000,4755.0000,4760.0000,4761.8000,4762.4000,1,1,1,3,1,1,2,1,5,1
SF,IC2006,2019-11-06 09:34:01.600,4754.6000,7340,0,74121080.000,1,0,1,多换,S,4752.2000,4752.0000,4751.8000,4750.0000,4749.0000,4755.0000,4760.0000,4761.8000,4762.4000,4763.4000,1,1,1,3,1,2,1,5,1,2
SF,IC2006,2019-11-06 09:34:02.100,4754.6000,7340,0,74121080.000,0,-,-,-,-,4752.2000,4752.0000,4751.8000,4750.0000,4749.0000,4754.8000,4755.0000,4760.0000,4761.8000,4762.4000,1,1,1,3,1,1,2,1,5,1
SF,IC2006,2019-11-06 09:34:02.600,4754.6000,7340,0,74121080.000,0,-,-,-,-,4752.8000,4752.2000,4752.0000,4751.8000,4750.0000,4754.8000,4755.0000,4760.0000,4761.8000,4762.4000,1,1,1,1,3,1,2,1,5,1
SF,IC2006,2019-11-06 09:34:03.100,4754.6000,7340,0,74121080.000,0,-,-,-,-,4752.8000,4752.0000,4751.8000,4750.0000,4749.0000,4754.8000,4755.0000,4760.0000,4761.8000,4762.4000,1,1,1,3,1,1,2,1,5,1
SF,IC2006,2019-11-06 09:34:03.600,4754.6000,7340,0,74121080.000,0,-,-,-,-,4752.8000,4752.0000,4751.8000,4750.0000,4749.0000,4754.8000,4755.0000,4760.0000,4761.8000,4762.4000,1,1,1,3,1,1,2,1,5,1
SF,IC2006,2019-11-06 09:34:04.100,4754.6000,7340,0,74121080.000,0,-,-,-,-,4752.8000,4751.8000,4750.0000,4749.0000,4742.0000,4754.8000,4755.0000,4760.0000,4761.8000,4762.4000,1,1,3,1,1,1,2,1,5,1
SF,IC2006,2019-11-06 09:34:04.600,4754.6000,7340,0,74121080.000,0,-,-,-,-,4751.8000,4750.0000,4749.0000,4742.0000,4741.0000,4754.8000,4755.0000,4760.0000,4761.8000,4762.4000,1,3,1,1,1,1,2,1,5,1
SF,IC2006,2019-11-06 09:34:05.100,4754.6000,7340,0,74121080.000,0,-,-,-,-,4752.0000,4751.8000,4750.0000,4749.0000,4742.0000,4754.8000,4755.0000,4760.0000,4761.8000,4762.4000,1,1,3,1,1,1,2,1,5,1
SF,IC2006,2019-11-06 09:34:05.600,4754.6000,7340,0,74121080.000,0,-,-,-,-,4752.0000,4750.0000,4749.0000,4742.0000,4741.0000,4754.6000,4754.8000,4755.0000,4760.0000,4761.8000,1,3,1,1,1,1,1,2,1,5
SF,IC2006,2019-11-06 09:34:06.100,4754.6000,7340,0,74121080.000,0,-,-,-,-,4752.0000,4750.0000,4749.0000,4742.0000,4741.0000,4754.6000,4755.0000,4760.0000,4761.8000,4762.4000,1,3,1,1,1,1,2,1,5,1
SF,IC2006,2019-11-06 09:34:06.600,4754.6000,7340,0,74121080.000,0,-,-,-,-,4752.0000,4750.0000,4749.0000,4742.0000,4741.0000,4754.4000,4754.6000,4755.0000,4760.0000,4761.8000,1,3,1,1,1,1,1,2,1,5
SF,IC2006,2019-11-06 09:34:08.100,4754.6000,7340,0,74121080.000,0,-,-,-,-,4752.0000,4751.8000,4750.0000,4749.0000,4742.0000,4754.4000,4754.6000,4755.0000,4760.0000,4761.8000,1,1,3,1,1,1,1,2,1,5
SF,IC2006,2019-11-06 09:34:08.600,4754.6000,7340,0,74121080.000,0,-,-,-,-,4752.2000,4752.0000,4751.8000,4750.0000,4749.0000,4754.4000,4754.6000,4755.0000,4760.0000,4761.8000,1,1,1,3,1,1,1,2,1,5
SF,IC2006,2019-11-06 09:34:09.100,4752.4000,7339,-1,75071560.000,1,0,1,双平,S,4754.4000,4752.2000,4751.8000,4750.8000,4750.0000,4754.6000,4755.0000,4760.0000,4761.8000,4762.4000,1,1,1,1,3,1,3,1,5,1
SF,IC2006,2019-11-06 09:34:09.600,4754.4000,7339,0,76022440.000,1,0,1,多换,S,4752.2000,4751.8000,4750.0000,4749.0000,4742.0000,4754.4000,4754.6000,4755.0000,4760.0000,4761.8000,1,1,3,1,1,2,1,2,1,5
SF,IC2006,2019-11-06 09:34:10.100,4754.4000,7339,0,76022440.000,0,-,-,-,-,4752.2000,4751.8000,4750.0000,4749.0000,4742.0000,4753.2000,4754.4000,4755.0000,4760.0000,4761.8000,1,1,3,1,1,1,2,2,1,5
SF,IC2006,2019-11-06 09:34:10.600,4754.4000,7339,0,76022440.000,0,-,-,-,-,4752.2000,4751.8000,4750.0000,4749.0000,4742.0000,4753.2000,4754.4000,4755.0000,4760.0000,4761.8000,1,1,3,1,1,1,1,2,1,5
SF,IC2006,2019-11-06 09:34:12.600,4754.4000,7339,0,76022440.000,0,-,-,-,-,4752.2000,4750.0000,4749.0000,4742.0000,4741.0000,4753.2000,4754.4000,4755.0000,4760.0000,4761.8000,1,3,1,1,1,1,1,2,1,5
SF,IC2006,2019-11-06 09:34:13.100,4754.4000,7339,0,76022440.000,0,-,-,-,-,4750.0000,4749.0000,4742.0000,4741.0000,4740.0000,4753.2000,4755.0000,4760.0000,4761.8000,4762.4000,3,1,1,1,1,1,2,1,5,1
SF,IC2006,2019-11-06 09:34:13.600,4754.4000,7339,0,76022440.000,0,-,-,-,-,4750.2000,4750.0000,4749.0000,4742.0000,4741.0000,4753.2000,4755.0000,4760.0000,4761.8000,4762.4000,1,3,1,1,1,1,2,1,5,1
SF,IC2006,2019-11-06 09:34:15.100,4754.4000,7339,0,76022440.000,0,-,-,-,-,4750.6000,4750.2000,4750.0000,4749.0000,4742.0000,4755.0000,4760.0000,4761.8000,4762.4000,4763.4000,1,1,3,1,1,2,1,5,1,2
SF,IC2006,2019-11-06 09:34:15.600,4754.4000,7339,0,76022440.000,0,-,-,-,-,4750.6000,4750.0000,4749.0000,4742.0000,4741.0000,4752.8000,4754.6000,4755.0000,4760.0000,4761.8000,1,3,1,1,1,1,3,2,1,5
SF,IC2006,2019-11-06 09:34:16.100,4754.4000,7339,0,76022440.000,0,-,-,-,-,4751.2000,4750.0000,4749.0000,4742.0000,4741.0000,4752.8000,4755.0000,4760.0000,4761.8000,4762.4000,1,3,1,1,1,1,2,1,5,1
SF,IC2006,2019-11-06 09:34:18.600,4754.4000,7339,0,76022440.000,0,-,-,-,-,4750.0000,4749.0000,4742.0000,4741.0000,4740.0000,4752.8000,4755.0000,4760.0000,4761.8000,4762.4000,3,1,1,1,1,1,2,1,5,1
SF,IC2006,2019-11-06 09:34:19.100,4754.4000,7339,0,76022440.000,0,-,-,-,-,4750.0000,4749.0000,4742.0000,4741.0000,4740.0000,4752.6000,4752.8000,4755.0000,4760.0000,4761.8000,3,1,1,1,1,1,1,2,1,5
SF,IC2006,2019-11-06 09:34:20.600,4754.4000,7339,0,76022440.000,0,-,-,-,-,4750.0000,4749.0000,4742.0000,4741.0000,4740.0000,4752.6000,4755.0000,4760.0000,4761.8000,4762.4000,3,1,1,1,1,1,2,1,5,1
SF,IC2006,2019-11-06 09:34:21.100,4754.4000,7339,0,76022440.000,0,-,-,-,-,4750.0000,4749.0000,4742.0000,4741.0000,4740.0000,4751.2000,4752.6000,4755.0000,4760.0000,4761.8000,3,1,1,1,1,1,1,2,1,5
SF,IC2006,2019-11-06 09:34:21.600,4754.4000,7339,0,76022440.000,0,-,-,-,-,4750.0000,4749.0000,4742.0000,4741.0000,4740.0000,4751.2000,4755.0000,4760.0000,4761.8000,4762.4000,3,1,1,1,1,1,2,1,5,1
SF,IC2006,2019-11-06 09:34:25.600,4754.4000,7339,0,76022440.000,0,-,-,-,-,4750.0000,4749.0000,4742.0000,4741.0000,4740.0000,4751.2000,4755.0000,4760.0000,4761.8000,4762.4000,2,1,1,1,1,1,2,1,5,1
SF,IC2006,2019-11-06 09:34:26.100,4754.4000,7339,0,76022440.000,0,-,-,-,-,4750.0000,4749.0000,4742.0000,4741.0000,4740.0000,4751.0000,4755.0000,4760.0000,4761.8000,4762.4000,2,1,1,1,1,1,2,1,5,1
SF,IC2006,2019-11-06 09:34:26.600,4754.4000,7339,0,76022440.000,0,-,-,-,-,4750.0000,4749.0000,4742.0000,4741.0000,4740.0000,4750.4000,4755.0000,4760.0000,4761.8000,4762.4000,3,1,1,1,1,1,2,1,5,1
SF,IC2006,2019-11-06 09:34:27.100,4750.4000,7339,0,76972520.000,1,0,1,多换,S,4750.0000,4749.0000,4742.0000,4741.0000,4740.0000,4755.0000,4760.0000,4761.8000,4762.4000,4763.4000,2,1,1,1,1,2,1,5,1,2
SF,IC2006,2019-11-06 09:34:27.600,4750.4000,7339,0,76972520.000,0,-,-,-,-,4750.0000,4749.0000,4742.0000,4741.0000,4740.0000,4753.2000,4755.0000,4760.0000,4761.8000,4762.4000,3,1,1,1,1,3,2,1,5,1
SF,IC2006,2019-11-06 09:34:28.100,4750.4000,7339,0,76972520.000,0,-,-,-,-,4750.0000,4749.0000,4742.0000,4741.0000,4740.0000,4753.2000,4755.0000,4760.0000,4761.8000,4762.4000,6,1,1,1,1,3,2,1,5,1
SF,IC2006,2019-11-06 09:34:29.600,4750.0000,7339,0,77922520.000,1,0,1,多换,S,4750.0000,4749.0000,4742.0000,4741.0000,4740.0000,4753.2000,4755.0000,4760.0000,4761.8000,4762.4000,5,1,1,1,1,3,2,1,5,1
SF,IC2006,2019-11-06 09:34:30.100,4750.0000,7340,1,79822520.000,2,1,1,空开,S,4750.0000,4749.0000,4742.0000,4741.0000,4740.0000,4753.2000,4755.0000,4760.0000,4761.8000,4762.4000,3,1,1,1,1,3,2,1,5,1
SF,IC2006,2019-11-06 09:34:30.600,4750.0000,7340,0,80772520.000,1,0,1,多换,S,4750.0000,4749.0000,4742.0000,4741.0000,4740.0000,4753.2000,4755.0000,4760.0000,4761.8000,4762.4000,2,1,1,1,1,3,2,1,5,1
SF,IC2006,2019-11-06 09:34:31.100,4750.0000,7340,0,80772520.000,0,-,-,-,-,4750.0000,4749.0000,4742.0000,4741.0000,4740.0000,4753.2000,4755.0000,4760.0000,4761.8000,4762.4000,2,1,1,1,1,3,2,1,5,1
SF,IC2006,2019-11-06 09:34:31.600,4750.0000,7340,0,80772520.000,0,-,-,-,-,4750.0000,4749.0000,4742.0000,4741.0000,4740.0000,4752.4000,4753.2000,4755.0000,4760.0000,4761.8000,2,1,1,1,1,1,3,2,1,5
SF,IC2006,2019-11-06 09:34:32.100,4750.0000,7340,0,80772520.000,0,-,-,-,-,4750.0000,4749.0000,4742.0000,4741.0000,4740.0000,4752.2000,4752.4000,4755.0000,4760.0000,4761.8000,2,1,1,1,1,2,1,2,1,5
SF,IC2006,2019-11-06 09:34:33.100,4750.0000,7340,0,80772520.000,0,-,-,-,-,4750.0000,4749.0000,4742.0000,4741.0000,4740.0000,4752.2000,4755.0000,4760.0000,4761.8000,4762.4000,2,1,1,1,1,2,2,1,5,1
SF,IC2006,2019-11-06 09:34:34.600,4750.0000,7340,0,80772520.000,0,-,-,-,-,4750.0000,4749.0000,4742.0000,4741.0000,4740.0000,4752.2000,4755.0000,4760.0000,4761.8000,4762.4000,2,1,1,1,1,2,2,1,5,1
SF,IC2006,2019-11-06 09:34:35.100,4750.0000,7340,0,81722520.000,1,0,1,多换,S,4750.0000,4749.0000,4742.0000,4741.0000,4740.0000,4752.0000,4755.0000,4760.0000,4761.8000,4762.4000,1,1,1,1,1,1,2,1,5,1
SF,IC2006,2019-11-06 09:34:37.100,4750.0000,7340,0,81722520.000,0,-,-,-,-,4750.0000,4749.0000,4742.0000,4741.0000,4740.0000,4752.0000,4755.0000,4760.0000,4761.8000,4762.4000,2,1,1,1,1,1,2,1,5,1
SF,IC2006,2019-11-06 09:34:37.600,4750.0000,7340,0,81722520.000,0,-,-,-,-,4750.0000,4749.0000,4742.0000,4741.0000,4740.0000,4752.0000,4755.0000,4760.0000,4761.8000,4762.4000,1,1,1,1,1,1,2,1,5,1
SF,IC2006,2019-11-06 09:34:38.100,4750.0000,7340,0,81722520.000,0,-,-,-,-,4750.0000,4749.0000,4742.0000,4741.0000,4740.0000,4752.0000,4755.0000,4760.0000,4761.8000,4762.4000,2,1,1,1,1,1,2,1,5,1
SF,IC2006,2019-11-06 09:34:39.100,4750.0000,7340,0,81722520.000,0,-,-,-,-,4750.0000,4749.0000,4742.0000,4741.0000,4740.0000,4752.0000,4755.0000,4760.0000,4761.8000,4762.4000,1,1,1,1,1,1,2,1,5,1
SF,IC2006,2019-11-06 09:34:39.600,4750.0000,7340,0,81722520.000,0,-,-,-,-,4750.2000,4750.0000,4749.0000,4742.0000,4741.0000,4752.0000,4755.0000,4760.0000,4761.8000,4762.4000,1,1,1,1,1,1,2,1,5,1
SF,IC2006,2019-11-06 09:34:40.100,4750.2000,7340,0,82672560.000,1,0,1,多换,S,4750.0000,4749.0000,4742.0000,4741.0000,4740.0000,4752.0000,4755.0000,4760.0000,4761.8000,4762.4000,1,1,1,1,1,1,2,1,5,1
SF,IC2006,2019-11-06 09:34:42.600,4752.0000,7340,0,83622960.000,1,0,1,多换,S,4750.0000,4749.6000,4749.0000,4742.0000,4741.0000,4753.8000,4755.0000,4760.0000,4761.8000,4762.4000,1,1,1,1,1,1,2,1,5,1
SF,IC2006,2019-11-06 09:34:43.100,4752.0000,7340,0,83622960.000,0,-,-,-,-,4750.2000,4750.0000,4749.0000,4742.0000,4741.0000,4753.8000,4755.0000,4760.0000,4761.8000,4762.4000,1,1,1,1,1,1,2,1,5,1
SF,IC2006,2019-11-06 09:34:44.100,4752.0000,7340,0,83622960.000,0,-,-,-,-,4750.2000,4750.0000,4749.0000,4742.0000,4741.0000,4751.8000,4753.8000,4755.0000,4760.0000,4761.8000,1,1,1,1,1,1,1,2,1,5
SF,IC2006,2019-11-06 09:34:44.600,4752.0000,7340,0,83622960.000,0,-,-,-,-,4750.2000,4750.0000,4749.0000,4742.0000,4741.0000,4751.8000,4755.0000,4760.0000,4761.8000,4762.4000,1,2,1,1,1,1,2,1,5,1
SF,IC2006,2019-11-06 09:34:46.600,4752.0000,7340,0,83622960.000,0,-,-,-,-,4750.2000,4750.0000,4749.0000,4742.0000,4741.0000,4751.8000,4755.0000,4760.0000,4761.8000,4762.4000,1,2,1,1,1,1,1,1,5,1
SF,IC2006,2019-11-06 09:34:47.100,4750.2000,7338,-2,85523360.000,2,0,2,双平,S,4750.0000,4749.0000,4742.0000,4741.0000,4740.0000,4753.2000,4755.0000,4760.0000,4761.8000,4762.4000,2,2,1,1,1,1,1,1,5,1
SF,IC2006,2019-11-06 09:34:47.600,4750.2000,7338,0,85523360.000,0,-,-,-,-,4750.0000,4749.0000,4742.0000,4741.0000,4740.0000,4752.4000,4753.2000,4755.0000,4760.0000,4761.8000,3,1,1,1,1,1,1,1,1,5
SF,IC2006,2019-11-06 09:34:48.100,4750.2000,7338,0,85523360.000,0,-,-,-,-,4750.2000,4750.0000,4749.0000,4742.0000,4741.0000,4752.4000,4755.0000,4760.0000,4761.8000,4762.4000,1,3,1,1,1,1,1,1,5,1
SF,IC2006,2019-11-06 09:34:48.600,4750.2000,7338,0,85523360.000,0,-,-,-,-,4750.4000,4750.2000,4750.0000,4749.0000,4742.0000,4752.4000,4755.0000,4760.0000,4761.8000,4762.4000,1,2,3,1,1,1,1,1,5,1
SF,IC2006,2019-11-06 09:34:49.100,4750.2000,7338,0,85523360.000,0,-,-,-,-,4750.4000,4750.2000,4750.0000,4749.0000,4742.0000,4752.4000,4755.0000,4760.0000,4761.8000,4762.4000,1,1,3,1,1,1,1,1,5,1
SF,IC2006,2019-11-06 09:34:49.600,4750.2000,7338,0,85523360.000,0,-,-,-,-,4750.4000,4750.2000,4750.0000,4749.0000,4742.0000,4752.2000,4752.4000,4755.0000,4760.0000,4761.8000,1,1,3,1,1,1,2,1,1,5
SF,IC2006,2019-11-06 09:34:51.600,4750.2000,7338,0,85523360.000,0,-,-,-,-,4750.4000,4750.2000,4750.0000,4749.0000,4742.0000,4752.2000,4752.4000,4755.0000,4761.8000,4762.4000,1,1,3,1,1,1,2,1,5,1
SF,IC2006,2019-11-06 09:34:52.600,4750.2000,7338,0,85523360.000,0,-,-,-,-,4750.4000,4750.0000,4749.0000,4742.0000,4741.0000,4752.2000,4752.4000,4755.0000,4761.8000,4762.4000,1,3,1,1,1,1,2,1,5,1
SF,IC2006,2019-11-06 09:34:53.600,4750.2000,7338,0,85523360.000,0,-,-,-,-,4750.0000,4749.0000,4742.0000,4741.0000,4740.0000,4752.2000,4752.4000,4755.0000,4761.8000,4762.4000,3,1,1,1,1,1,2,1,5,1
SF,IC2006,2019-11-06 09:34:54.600,4750.2000,7338,0,85523360.000,0,-,-,-,-,4750.0000,4749.0000,4742.0000,4741.0000,4740.0000,4751.8000,4752.2000,4752.4000,4755.0000,4761.8000,2,1,1,1,1,1,1,1,1,5
SF,IC2006,2019-11-06 09:34:55.100,4750.2000,7338,0,85523360.000,0,-,-,-,-,4750.0000,4749.0000,4742.0000,4741.0000,4740.0000,4751.6000,4751.8000,4752.4000,4755.0000,4761.8000,2,1,1,1,1,1,1,1,1,5
SF,IC2006,2019-11-06 09:34:55.600,4750.2000,7338,0,85523360.000,0,-,-,-,-,4750.0000,4749.0000,4742.0000,4741.0000,4740.0000,4751.6000,4751.8000,4752.4000,4755.0000,4761.8000,3,1,1,1,1,1,1,1,1,5
SF,IC2006,2019-11-06 09:34:56.100,4750.2000,7338,0,85523360.000,0,-,-,-,-,4750.0000,4749.0000,4742.0000,4741.0000,4740.0000,4751.6000,4751.8000,4752.4000,4755.0000,4761.8000,2,1,1,1,1,1,1,1,1,5
SF,IC2006,2019-11-06 09:34:58.600,4750.2000,7338,0,85523360.000,0,-,-,-,-,4750.0000,4749.0000,4742.0000,4741.0000,4740.0000,4751.0000,4751.6000,4752.4000,4755.0000,4761.8000,2,1,1,1,1,1,1,1,1,5
SF,IC2006,2019-11-06 09:34:59.100,4750.2000,7338,0,85523360.000,0,-,-,-,-,4750.0000,4749.0000,4742.0000,4741.0000,4740.0000,4751.0000,4752.4000,4755.0000,4761.8000,4762.4000,3,1,1,1,1,1,1,1,5,1
SF,IC2006,2019-11-06 09:34:59.600,4750.2000,7338,0,85523360.000,0,-,-,-,-,4750.0000,4749.0000,4742.0000,4741.0000,4740.0000,4751.0000,4752.4000,4755.0000,4761.8000,4762.4000,2,1,1,1,1,1,1,1,5,1
SF,IC2006,2019-11-06 09:35:00.100,4750.0000,7339,1,86473360.000,1,1,0,双开,S,4750.0000,4749.0000,4742.0000,4741.0000,4740.0000,4751.0000,4752.4000,4755.0000,4759.0000,4761.8000,1,1,1,1,1,1,1,1,7,5
SF,IC2006,2019-11-06 09:35:01.100,4750.0000,7339,0,86473360.000,0,-,-,-,-,4750.0000,4749.0000,4742.0000,4741.0000,4740.0000,4751.0000,4752.4000,4755.0000,4759.0000,4761.8000,1,1,1,1,1,1,1,1,7,5
SF,IC2006,2019-11-06 09:35:01.600,4750.0000,7339,0,87423360.000,1,0,1,多换,S,4749.0000,4742.0000,4741.0000,4740.0000,4738.6000,4750.8000,4751.0000,4752.4000,4755.0000,4759.0000,1,1,1,1,5,1,1,1,1,7
SF,IC2006,2019-11-06 09:35:03.100,4750.8000,7338,-1,88373520.000,1,0,1,双平,S,4750.0000,4749.2000,4749.0000,4742.0000,4741.0000,4751.0000,4752.4000,4753.4000,4755.0000,4759.0000,1,1,1,1,1,1,1,1,1,7
SF,IC2006,2019-11-06 09:35:03.600,4750.8000,7338,0,88373520.000,0,-,-,-,-,4749.0000,4742.0000,4741.0000,4740.0000,4738.6000,4751.0000,4752.4000,4755.0000,4759.0000,4761.8000,1,1,1,1,5,1,1,1,7,5
SF,IC2006,2019-11-06 09:35:04.100,4750.8000,7338,0,88373520.000,0,-,-,-,-,4750.0000,4749.2000,4749.0000,4742.0000,4741.0000,4751.0000,4752.4000,4755.0000,4759.0000,4761.8000,1,2,1,1,1,1,1,1,7,5
SF,IC2006,2019-11-06 09:35:04.600,4750.8000,7338,0,88373520.000,0,-,-,-,-,4750.0000,4749.0000,4742.0000,4741.0000,4740.0000,4751.0000,4752.4000,4755.0000,4759.0000,4761.8000,1,1,1,1,1,1,1,1,7,5
SF,IC2006,2019-11-06 09:35:05.100,4750.8000,7338,0,88373520.000,0,-,-,-,-,4749.0000,4742.0000,4741.0000,4740.0000,4738.6000,4751.0000,4752.4000,4755.0000,4759.0000,4761.8000,1,1,1,1,5,1,1,1,7,5
SF,IC2006,2019-11-06 09:35:05.600,4750.8000,7338,0,88373520.000,0,-,-,-,-,4749.2000,4749.0000,4742.0000,4741.0000,4740.0000,4751.0000,4752.4000,4755.0000,4759.0000,4761.8000,1,1,1,1,1,1,1,1,7,5
SF,IC2006,2019-11-06 09:35:07.100,4750.8000,7338,0,88373520.000,0,-,-,-,-,4750.0000,4749.2000,4749.0000,4742.0000,4741.0000,4751.0000,4752.4000,4755.0000,4759.0000,4761.8000,1,1,1,1,1,1,1,1,7,5
SF,IC2006,2019-11-06 09:35:07.600,4751.0000,7338,0,89323720.000,1,0,1,多换,S,4751.0000,4750.2000,4750.0000,4749.0000,4742.0000,4752.4000,4755.0000,4759.0000,4761.8000,4762.4000,1,1,1,1,1,1,1,7,5,1
SF,IC2006,2019-11-06 09:35:08.100,4751.0000,7338,0,89323720.000,0,-,-,-,-,4751.0000,4750.0000,4749.0000,4742.0000,4741.0000,4752.4000,4755.0000,4759.0000,4761.8000,4762.4000,1,1,1,1,1,1,1,7,5,1
SF,IC2006,2019-11-06 09:35:08.600,4751.0000,7338,0,89323720.000,0,-,-,-,-,4750.0000,4749.0000,4742.0000,4741.0000,4740.0000,4752.4000,4755.0000,4759.0000,4761.8000,4762.4000,1,1,1,1,1,1,1,7,5,1
SF,IC2006,2019-11-06 09:35:09.100,4751.0000,7338,0,89323720.000,0,-,-,-,-,4750.2000,4750.0000,4749.0000,4742.0000,4741.0000,4752.4000,4755.0000,4759.0000,4761.8000,4762.4000,1,1,1,1,1,1,1,7,5,1
SF,IC2006,2019-11-06 09:35:11.100,4751.0000,7338,0,89323720.000,0,-,-,-,-,4750.4000,4750.2000,4750.0000,4749.0000,4742.0000,4752.4000,4755.0000,4759.0000,4761.8000,4762.4000,2,1,1,1,1,1,1,7,5,1
SF,IC2006,2019-11-06 09:35:11.600,4751.0000,7338,0,89323720.000,0,-,-,-,-,4750.6000,4750.4000,4750.0000,4749.0000,4742.0000,4752.4000,4755.0000,4759.0000,4761.8000,4762.4000,1,2,1,1,1,1,1,7,5,1
SF,IC2006,2019-11-06 09:35:13.100,4752.4000,7338,0,90274200.000,1,0,1,多换,S,4752.4000,4750.6000,4750.4000,4750.0000,4749.0000,4755.0000,4759.0000,4761.8000,4762.4000,4763.4000,1,1,2,1,1,1,7,5,1,2
SF,IC2006,2019-11-06 09:35:13.600,4752.4000,7338,0,90274200.000,0,-,-,-,-,4752.4000,4750.8000,4750.4000,4750.0000,4749.0000,4754.8000,4755.0000,4759.0000,4761.8000,4762.4000,1,1,2,1,1,1,1,7,5,1
SF,IC2006,2019-11-06 09:35:14.100,4752.4000,7338,0,90274200.000,0,-,-,-,-,4752.4000,4750.8000,4750.4000,4750.0000,4749.0000,4754.8000,4755.0000,4759.0000,4761.8000,4762.4000,1,1,1,1,1,1,1,7,5,1
SF,IC2006,2019-11-06 09:35:14.600,4752.4000,7338,0,90274200.000,0,-,-,-,-,4752.4000,4750.8000,4750.4000,4750.0000,4749.0000,4754.8000,4755.0000,4759.0000,4761.8000,4762.4000,1,1,1,2,1,1,1,7,5,1
SF,IC2006,2019-11-06 09:35:15.100,4752.4000,7338,0,90274200.000,0,-,-,-,-,4750.8000,4750.4000,4750.0000,4749.0000,4742.0000,4754.8000,4755.0000,4759.0000,4761.8000,4762.4000,1,1,2,1,1,1,1,7,5,1
SF,IC2006,2019-11-06 09:35:15.600,4752.4000,7338,0,90274200.000,0,-,-,-,-,4751.0000,4750.4000,4750.0000,4749.0000,4742.0000,4754.8000,4755.0000,4759.0000,4761.8000,4762.4000,1,1,2,1,1,1,1,7,5,1
SF,IC2006,2019-11-06 09:35:16.100,4752.4000,7338,0,90274200.000,0,-,-,-,-,4751.8000,4751.0000,4750.4000,4750.0000,4749.0000,4754.8000,4755.0000,4759.0000,4761.8000,4762.4000,1,1,1,2,1,1,1,7,5,1
SF,IC2006,2019-11-06 09:35:16.600,4752.4000,7338,0,90274200.000,0,-,-,-,-,4752.8000,4752.0000,4751.8000,4750.4000,4750.0000,4755.0000,4759.0000,4761.8000,4762.4000,4763.4000,1,2,1,1,2,1,7,5,1,2
SF,IC2006,2019-11-06 09:35:17.100,4752.4000,7338,0,90274200.000,0,-,-,-,-,4753.0000,4752.8000,4752.2000,4751.8000,4750.0000,4755.0000,4759.0000,4761.8000,4762.4000,4763.4000,2,1,1,1,2,1,7,5,1,2
SF,IC2006,2019-11-06 09:35:18.100,4755.0000,7337,-1,91225200.000,1,0,1,双平,S,4753.0000,4752.8000,4752.2000,4751.8000,4750.0000,4759.0000,4761.8000,4762.4000,4763.4000,4765.0000,2,1,1,1,2,7,5,1,2,1
SF,IC2006,2019-11-06 09:35:18.600,4755.0000,7337,0,91225200.000,0,-,-,-,-,4755.0000,4753.2000,4753.0000,4752.8000,4752.2000,4758.2000,4759.0000,4761.8000,4762.4000,4763.4000,1,1,2,1,1,3,7,5,1,2
SF,IC2006,2019-11-06 09:35:19.100,4755.0000,7337,0,91225200.000,0,-,-,-,-,4755.0000,4753.2000,4752.8000,4752.2000,4751.8000,4758.0000,4759.0000,4761.8000,4762.4000,4763.4000,1,1,1,1,1,2,7,5,1,2
SF,IC2006,2019-11-06 09:35:19.600,4755.0000,7337,0,91225200.000,0,-,-,-,-,4755.0000,4752.8000,4752.2000,4751.8000,4750.0000,4758.0000,4759.0000,4761.8000,4762.4000,4763.4000,1,1,1,1,1,2,7,5,1,2
