市场代码,合约代码,时间,最新,持仓,增仓,成交额,成交量,开仓,平仓,成交类型,方向,买一价,买二价,买三价,买四价,买五价,卖一价,卖二价,卖三价,卖四价,卖五价,买一量,买二量,买三量,买四量,买五量,卖一量,卖二量,卖三量,卖四量,卖五量
SF,IC2009,2020-01-23 09:29:00.300,5380.0000,3513,0,6456000.000,6.000,-,-,-,-,5363.0000,5362.2000,5360.2000,5360.0000,5354.6000,5380.2000,5394.0000,5412.0000,5413.0000,5414.6000,1,1,1,1,1,1,1,1,2,1
SF,IC2009,2020-01-23 09:30:00.300,5363.0000,3514,1,8601200.000,2,1,1,空开,S,5363.6000,5362.2000,5360.2000,5360.0000,5354.6000,5376.0000,5377.4000,5380.2000,5394.0000,5412.0000,1,1,2,1,1,1,2,1,1,1
SF,IC2009,2020-01-23 09:30:00.800,5363.0000,3515,1,9673800.000,1,1,0,双开,S,5362.2000,5360.2000,5360.0000,5354.6000,5333.6000,5362.8000,5363.6000,5371.8000,5372.8000,5375.6000,1,2,1,1,1,2,1,1,1,1
SF,IC2009,2020-01-23 09:30:01.300,5360.2000,3517,2,15035880.000,5,3,2,空开,S,5360.2000,5360.0000,5354.6000,5333.6000,5331.2000,5363.6000,5375.6000,5376.0000,5379.2000,5380.2000,1,1,1,1,1,1,1,1,1,1
SF,IC2009,2020-01-23 09:30:01.800,5363.6000,3516,-1,17180640.000,2,0,2,多平,S,5360.0000,5354.6000,5333.6000,5331.2000,5301.2000,5362.2000,5363.6000,5370.8000,5375.6000,5376.0000,1,1,1,1,1,1,1,5,1,1
SF,IC2009,2020-01-23 09:30:02.300,5360.2000,3515,-1,19324720.000,2,0,2,多平,S,5360.2000,5360.0000,5331.2000,5301.2000,5300.0000,5362.2000,5363.6000,5370.8000,5375.6000,5376.0000,1,1,1,1,10,1,1,5,1,1
SF,IC2009,2020-01-23 09:30:02.800,5360.0000,3515,0,21468760.000,2,1,1,多换,S,5331.2000,5301.2000,5300.0000,5289.4000,5288.0000,5362.2000,5363.6000,5370.8000,5375.6000,5376.0000,1,1,10,1,1,1,1,5,1,1
SF,IC2009,2020-01-23 09:30:03.300,5360.0000,3515,0,21468760.000,0,-,-,-,-,5350.4000,5345.2000,5342.4000,5340.6000,5331.2000,5359.2000,5362.2000,5370.8000,5375.6000,5376.0000,1,1,1,1,1,1,1,5,1,1
SF,IC2009,2020-01-23 09:30:03.800,5360.0000,3515,0,21468760.000,0,-,-,-,-,5356.2000,5350.4000,5345.2000,5342.4000,5340.6000,5359.0000,5359.2000,5362.2000,5370.8000,5375.6000,1,1,1,1,1,2,2,1,5,1
SF,IC2009,2020-01-23 09:30:04.300,5360.0000,3515,0,21468760.000,0,-,-,-,-,5356.2000,5350.4000,5345.2000,5342.4000,5340.6000,5359.0000,5359.2000,5362.2000,5370.8000,5375.6000,1,1,1,1,1,2,1,1,5,1
SF,IC2009,2020-01-23 09:30:04.800,5360.0000,3515,0,21468760.000,0,-,-,-,-,5356.2000,5350.4000,5342.4000,5340.6000,5331.2000,5359.0000,5359.2000,5362.2000,5370.8000,5375.6000,1,1,1,1,1,2,1,1,5,1
SF,IC2009,2020-01-23 09:30:05.300,5356.2000,3515,0,22540000.000,1,0,1,多换,S,5350.4000,5342.4000,5340.6000,5331.2000,5301.2000,5362.2000,5370.8000,5375.6000,5376.0000,5379.2000,1,1,1,1,1,1,5,1,1,1
SF,IC2009,2020-01-23 09:30:05.800,5356.2000,3515,0,22540000.000,0,-,-,-,-,5350.4000,5331.2000,5301.2000,5300.0000,5289.4000,5356.2000,5362.2000,5370.8000,5375.6000,5376.0000,1,1,1,10,1,2,1,5,1,1
SF,IC2009,2020-01-23 09:30:06.800,5356.2000,3515,0,22540000.000,0,-,-,-,-,5350.4000,5331.2000,5301.2000,5300.0000,5289.4000,5356.2000,5362.2000,5370.8000,5375.6000,5376.0000,1,1,1,10,1,3,1,5,1,1
SF,IC2009,2020-01-23 09:30:07.300,5356.2000,3514,-1,23611240.000,1,0,1,双平,S,5350.4000,5331.2000,5301.2000,5300.0000,5289.4000,5356.2000,5362.2000,5370.8000,5375.6000,5376.0000,1,1,1,10,1,2,1,5,1,1
SF,IC2009,2020-01-23 09:30:07.800,5356.2000,3513,-1,24682480.000,1,0,1,双平,S,5350.4000,5331.2000,5301.2000,5300.0000,5289.4000,5356.2000,5362.2000,5370.8000,5375.6000,5376.0000,2,1,1,10,1,1,1,5,1,1
SF,IC2009,2020-01-23 09:30:08.300,5350.4000,3513,0,25752560.000,1,0,1,多换,S,5350.4000,5331.2000,5301.2000,5300.0000,5289.4000,5356.2000,5370.8000,5375.6000,5376.0000,5379.2000,1,1,1,10,1,1,5,1,1,1
SF,IC2009,2020-01-23 09:30:08.800,5350.4000,3513,0,25752560.000,0,-,-,-,-,5350.4000,5331.2000,5301.2000,5300.0000,5289.4000,5355.0000,5356.2000,5370.8000,5375.6000,5376.0000,1,1,1,10,1,1,1,5,1,1
SF,IC2009,2020-01-23 09:30:09.300,5350.4000,3513,0,25752560.000,0,-,-,-,-,5331.2000,5301.2000,5300.0000,5289.4000,5288.0000,5354.4000,5355.0000,5356.2000,5370.8000,5375.6000,1,1,10,1,1,1,2,2,5,1
SF,IC2009,2020-01-23 09:30:09.800,5350.4000,3513,0,25752560.000,0,-,-,-,-,5346.0000,5342.4000,5340.8000,5340.6000,5335.8000,5355.0000,5356.2000,5370.8000,5375.6000,5376.0000,1,1,1,2,2,2,2,5,1,1
SF,IC2009,2020-01-23 09:30:10.300,5350.4000,3513,0,25752560.000,0,-,-,-,-,5346.0000,5342.4000,5340.8000,5340.6000,5335.8000,5354.4000,5354.8000,5355.0000,5356.2000,5370.8000,1,1,1,2,2,2,1,2,2,5
SF,IC2009,2020-01-23 09:30:10.800,5350.4000,3513,0,25752560.000,0,-,-,-,-,5346.0000,5342.4000,5340.6000,5335.8000,5331.4000,5354.4000,5354.8000,5355.0000,5356.2000,5370.8000,1,1,1,2,3,2,1,2,2,5
SF,IC2009,2020-01-23 09:30:11.300,5350.4000,3513,0,25752560.000,0,-,-,-,-,5346.2000,5346.0000,5342.4000,5340.6000,5335.8000,5355.0000,5356.2000,5370.8000,5376.0000,5379.2000,1,1,1,1,2,1,2,5,1,1
SF,IC2009,2020-01-23 09:30:12.300,5350.4000,3513,0,25752560.000,0,-,-,-,-,5346.2000,5346.0000,5342.4000,5340.6000,5335.8000,5350.4000,5355.0000,5356.2000,5370.8000,5376.0000,1,1,1,1,2,1,1,2,5,1
SF,IC2009,2020-01-23 09:30:12.800,5350.4000,3513,0,25752560.000,0,-,-,-,-,5346.0000,5342.4000,5340.6000,5335.8000,5331.4000,5350.2000,5350.4000,5355.0000,5356.2000,5370.8000,1,1,1,2,3,1,1,1,2,5
SF,IC2009,2020-01-23 09:30:13.300,5350.4000,3513,0,25752560.000,0,-,-,-,-,5346.0000,5342.4000,5340.6000,5335.8000,5331.4000,5350.2000,5350.4000,5355.0000,5356.2000,5370.8000,1,1,1,2,3,1,1,1,2,5
SF,IC2009,2020-01-23 09:30:13.800,5350.4000,3512,-1,26822640.000,1,0,1,双平,S,5342.4000,5340.6000,5335.8000,5331.4000,5331.2000,5350.4000,5355.0000,5356.2000,5370.8000,5376.0000,1,1,2,3,1,1,1,2,5,1
SF,IC2009,2020-01-23 09:30:14.300,5350.4000,3512,0,26822640.000,0,-,-,-,-,5342.6000,5342.4000,5340.6000,5335.8000,5331.4000,5350.4000,5355.0000,5356.2000,5370.8000,5376.0000,1,1,1,2,3,1,1,2,5,1
SF,IC2009,2020-01-23 09:30:14.800,5350.4000,3512,0,26822640.000,0,-,-,-,-,5342.6000,5342.4000,5340.6000,5335.8000,5331.4000,5346.2000,5350.4000,5355.0000,5356.2000,5370.8000,1,1,1,2,3,5,1,1,2,5
SF,IC2009,2020-01-23 09:30:15.300,5346.2000,3510,-2,28961120.000,2,0,2,双平,S,5342.6000,5342.4000,5340.6000,5335.8000,5331.4000,5346.2000,5350.4000,5355.0000,5356.2000,5370.8000,1,1,1,2,3,3,1,1,2,5
SF,IC2009,2020-01-23 09:30:15.800,5342.4000,3508,-2,31098120.000,2,0,2,双平,S,5340.6000,5335.8000,5331.4000,5331.2000,5301.2000,5346.2000,5350.4000,5355.0000,5356.2000,5370.8000,1,2,3,1,1,3,1,1,2,5
SF,IC2009,2020-01-23 09:30:16.300,5342.4000,3508,0,31098120.000,0,-,-,-,-,5340.8000,5340.6000,5335.8000,5331.4000,5331.2000,5346.2000,5350.4000,5355.0000,5356.2000,5370.8000,1,1,2,3,1,3,1,1,2,5
SF,IC2009,2020-01-23 09:30:16.800,5342.4000,3508,0,31098120.000,0,-,-,-,-,5341.0000,5340.8000,5340.6000,5335.8000,5331.4000,5342.4000,5342.6000,5346.2000,5350.4000,5355.0000,1,1,1,2,3,2,1,3,1,1
SF,IC2009,2020-01-23 09:30:17.300,5342.6000,3507,-1,34303600.000,3,1,2,多平,S,5341.0000,5340.6000,5335.8000,5331.4000,5331.2000,5346.2000,5350.4000,5355.0000,5356.2000,5370.8000,1,1,2,3,1,3,1,1,2,5
SF,IC2009,2020-01-23 09:30:17.800,5342.6000,3507,0,34303600.000,0,-,-,-,-,5341.0000,5340.6000,5335.8000,5331.4000,5331.2000,5346.0000,5346.2000,5350.4000,5355.0000,5356.2000,1,1,2,3,1,1,3,1,1,2
SF,IC2009,2020-01-23 09:30:18.300,5342.6000,3507,0,34303600.000,0,-,-,-,-,5341.0000,5340.8000,5340.6000,5335.8000,5331.4000,5346.0000,5346.2000,5350.4000,5355.0000,5356.2000,1,1,1,2,3,1,3,1,1,2
SF,IC2009,2020-01-23 09:30:18.800,5341.2000,3507,0,35371840.000,1,0,1,多换,S,5341.2000,5341.0000,5340.8000,5340.6000,5335.8000,5346.2000,5350.4000,5355.0000,5356.2000,5370.8000,1,1,1,1,2,3,1,1,2,5
SF,IC2009,2020-01-23 09:30:19.300,5341.2000,3507,0,35371840.000,0,-,-,-,-,5341.2000,5341.0000,5340.8000,5340.6000,5335.8000,5346.2000,5350.4000,5355.0000,5356.2000,5370.8000,1,1,1,1,2,3,1,1,2,5
SF,IC2009,2020-01-23 09:30:19.800,5341.2000,3507,0,35371840.000,0,-,-,-,-,5341.2000,5341.0000,5340.8000,5340.6000,5335.8000,5342.6000,5346.0000,5346.2000,5350.4000,5355.0000,1,1,1,1,2,1,1,3,1,1
SF,IC2009,2020-01-23 09:30:20.300,5342.6000,3506,-1,36440360.000,1,0,1,双平,S,5341.0000,5340.8000,5340.6000,5335.8000,5331.4000,5346.0000,5346.2000,5350.4000,5355.0000,5356.2000,1,1,1,2,3,1,3,1,1,2
SF,IC2009,2020-01-23 09:30:20.800,5342.6000,3506,0,36440360.000,0,-,-,-,-,5340.8000,5335.8000,5331.4000,5331.2000,5301.2000,5346.0000,5346.2000,5350.4000,5355.0000,5356.2000,1,2,3,1,1,1,3,1,1,2
SF,IC2009,2020-01-23 09:30:21.300,5342.6000,3506,0,36440360.000,0,-,-,-,-,5341.0000,5340.8000,5335.8000,5331.4000,5331.2000,5346.2000,5350.4000,5355.0000,5356.2000,5370.8000,1,1,2,3,1,3,1,1,2,5
SF,IC2009,2020-01-23 09:30:21.800,5342.6000,3506,0,36440360.000,0,-,-,-,-,5341.0000,5340.8000,5335.8000,5331.4000,5331.2000,5346.2000,5350.4000,5355.0000,5356.2000,5370.8000,2,1,2,3,1,3,1,1,2,5
SF,IC2009,2020-01-23 09:30:22.300,5342.6000,3506,0,36440360.000,0,-,-,-,-,5341.0000,5340.8000,5335.8000,5331.4000,5331.2000,5346.2000,5350.4000,5355.0000,5356.2000,5370.8000,2,1,2,3,1,3,1,1,2,5
SF,IC2009,2020-01-23 09:30:22.800,5342.6000,3506,0,36440360.000,0,-,-,-,-,5341.0000,5340.8000,5335.8000,5331.4000,5331.2000,5346.0000,5346.2000,5350.4000,5355.0000,5356.2000,2,1,2,3,1,1,3,1,1,2
SF,IC2009,2020-01-23 09:30:23.300,5342.6000,3506,0,36440360.000,0,-,-,-,-,5341.0000,5340.8000,5335.8000,5331.4000,5331.2000,5346.0000,5346.2000,5355.0000,5356.2000,5370.8000,1,1,2,3,1,1,3,1,2,5
SF,IC2009,2020-01-23 09:30:23.800,5342.6000,3506,0,36440360.000,0,-,-,-,-,5341.0000,5340.8000,5335.8000,5331.4000,5331.2000,5346.0000,5346.2000,5355.0000,5356.2000,5370.8000,1,1,2,3,1,1,3,1,2,5
SF,IC2009,2020-01-23 09:30:24.300,5341.2000,3505,-1,37508600.000,1,0,1,双平,S,5341.0000,5340.8000,5335.8000,5331.4000,5331.2000,5346.2000,5355.0000,5356.2000,5370.8000,5376.0000,1,1,2,3,1,3,1,2,5,1
SF,IC2009,2020-01-23 09:30:24.800,5341.2000,3505,0,37508600.000,0,-,-,-,-,5341.0000,5335.8000,5331.4000,5331.2000,5301.2000,5346.2000,5355.0000,5356.2000,5370.8000,5376.0000,1,2,3,1,1,3,1,2,5,1
SF,IC2009,2020-01-23 09:30:25.300,5341.2000,3505,0,37508600.000,0,-,-,-,-,5341.0000,5340.8000,5335.8000,5331.4000,5331.2000,5346.0000,5346.2000,5355.0000,5356.2000,5370.8000,1,1,2,3,1,1,3,1,2,5
SF,IC2009,2020-01-23 09:30:25.800,5341.2000,3505,0,37508600.000,0,-,-,-,-,5341.0000,5340.8000,5335.8000,5331.4000,5331.2000,5346.0000,5346.2000,5350.4000,5355.0000,5356.2000,1,1,2,3,1,1,3,1,1,2
SF,IC2009,2020-01-23 09:30:26.300,5341.2000,3505,0,37508600.000,0,-,-,-,-,5341.2000,5341.0000,5340.8000,5335.8000,5331.4000,5346.2000,5350.4000,5355.0000,5356.2000,5370.8000,1,1,1,2,3,3,1,1,2,5
SF,IC2009,2020-01-23 09:30:26.800,5341.2000,3505,0,37508600.000,0,-,-,-,-,5341.2000,5341.0000,5340.8000,5335.8000,5331.4000,5346.0000,5346.2000,5350.4000,5355.0000,5356.2000,1,1,1,2,3,1,3,1,1,2
SF,IC2009,2020-01-23 09:30:27.300,5341.2000,3504,-1,38576840.000,1,0,1,双平,S,5341.0000,5340.8000,5335.8000,5331.4000,5331.2000,5346.0000,5346.2000,5350.4000,5355.0000,5356.2000,1,1,2,3,1,1,3,1,1,2
SF,IC2009,2020-01-23 09:30:27.800,5341.2000,3504,0,38576840.000,0,-,-,-,-,5341.0000,5335.8000,5331.4000,5331.2000,5301.2000,5346.0000,5346.2000,5350.4000,5355.0000,5356.2000,1,2,3,1,1,1,3,1,1,2
SF,IC2009,2020-01-23 09:30:28.300,5341.2000,3504,0,38576840.000,0,-,-,-,-,5341.0000,5335.8000,5331.4000,5331.2000,5301.2000,5346.0000,5346.2000,5350.4000,5355.0000,5356.2000,1,2,3,1,1,1,3,1,1,2
SF,IC2009,2020-01-23 09:30:28.800,5341.0000,3503,-1,39645040.000,1,0,1,双平,S,5340.8000,5335.8000,5331.4000,5331.2000,5301.2000,5346.2000,5350.4000,5355.0000,5356.2000,5370.8000,1,2,3,1,1,3,1,1,2,5
SF,IC2009,2020-01-23 09:30:29.300,5341.0000,3503,0,39645040.000,0,-,-,-,-,5340.8000,5335.8000,5331.4000,5331.2000,5310.2000,5346.2000,5350.4000,5355.0000,5356.2000,5370.8000,1,2,3,1,1,3,1,1,2,5
SF,IC2009,2020-01-23 09:30:29.800,5341.0000,3503,0,39645040.000,0,-,-,-,-,5340.8000,5335.8000,5331.4000,5331.2000,5310.2000,5346.0000,5346.2000,5350.4000,5355.0000,5356.2000,1,2,3,1,1,1,3,1,1,2
SF,IC2009,2020-01-23 09:30:30.300,5341.0000,3503,0,39645040.000,0,-,-,-,-,5335.8000,5331.4000,5331.2000,5310.2000,5301.2000,5346.0000,5346.2000,5350.4000,5355.0000,5356.2000,2,3,1,1,1,1,3,1,1,2
SF,IC2009,2020-01-23 09:30:30.800,5341.0000,3503,0,39645040.000,0,-,-,-,-,5337.6000,5336.0000,5335.8000,5331.4000,5331.2000,5346.0000,5346.2000,5350.4000,5355.0000,5356.2000,1,5,2,3,1,1,3,1,1,2
SF,IC2009,2020-01-23 09:30:31.300,5341.0000,3503,0,39645040.000,0,-,-,-,-,5338.0000,5337.8000,5337.6000,5336.0000,5335.8000,5346.0000,5346.2000,5350.4000,5355.0000,5356.2000,1,3,1,5,2,1,3,1,1,2
SF,IC2009,2020-01-23 09:30:31.800,5341.0000,3503,0,39645040.000,0,-,-,-,-,5340.8000,5338.2000,5338.0000,5337.8000,5336.0000,5346.0000,5346.2000,5355.0000,5356.2000,5370.8000,2,3,1,3,5,1,3,1,2,5
SF,IC2009,2020-01-23 09:30:32.300,5341.0000,3503,0,39645040.000,0,-,-,-,-,5340.8000,5338.2000,5337.8000,5336.0000,5335.8000,5346.0000,5346.2000,5355.0000,5356.2000,5370.8000,2,3,3,5,2,1,3,1,2,5
SF,IC2009,2020-01-23 09:30:32.800,5346.0000,3503,0,40714240.000,1,0,1,多换,S,5340.8000,5338.2000,5337.8000,5336.0000,5335.8000,5346.2000,5355.0000,5356.2000,5370.8000,5379.2000,2,3,3,5,2,3,1,2,5,1
SF,IC2009,2020-01-23 09:30:33.300,5346.0000,3503,0,40714240.000,0,-,-,-,-,5340.8000,5338.2000,5337.8000,5336.0000,5335.8000,5346.2000,5355.0000,5356.2000,5370.8000,5379.2000,1,3,3,5,2,3,1,2,5,1
SF,IC2009,2020-01-23 09:30:33.800,5346.0000,3503,0,40714240.000,0,-,-,-,-,5341.0000,5340.8000,5338.2000,5337.8000,5336.0000,5346.0000,5346.2000,5355.0000,5356.2000,5370.8000,1,2,3,3,5,1,3,1,2,5
SF,IC2009,2020-01-23 09:30:34.300,5346.0000,3503,0,40714240.000,0,-,-,-,-,5341.0000,5340.8000,5338.2000,5337.8000,5336.0000,5346.0000,5346.2000,5355.0000,5356.2000,5370.8000,1,2,3,3,5,1,3,1,2,5
SF,IC2009,2020-01-23 09:30:34.800,5346.0000,3503,0,40714240.000,0,-,-,-,-,5340.8000,5338.2000,5337.8000,5336.0000,5335.8000,5345.6000,5346.2000,5355.0000,5356.2000,5370.8000,2,3,3,5,2,2,3,1,2,5
SF,IC2009,2020-01-23 09:30:35.800,5346.0000,3503,0,40714240.000,0,-,-,-,-,5340.8000,5340.6000,5338.2000,5337.8000,5336.0000,5341.0000,5341.2000,5344.0000,5345.6000,5346.2000,2,1,3,3,4,1,1,1,2,3
SF,IC2009,2020-01-23 09:30:36.300,5341.2000,3502,-1,42850680.000,2,0,2,多平,S,5341.4000,5340.8000,5338.2000,5337.8000,5336.0000,5344.0000,5345.0000,5346.2000,5355.0000,5356.2000,1,1,3,3,4,1,2,3,1,2
SF,IC2009,2020-01-23 09:30:36.800,5344.0000,3502,0,43919480.000,1,0,1,多换,S,5343.0000,5341.4000,5340.8000,5338.2000,5337.8000,5345.0000,5346.2000,5355.0000,5356.2000,5370.8000,3,1,1,3,3,2,3,1,2,5
SF,IC2009,2020-01-23 09:30:37.800,5344.0000,3502,0,43919480.000,0,-,-,-,-,5343.0000,5341.4000,5340.8000,5338.2000,5337.8000,5344.8000,5345.0000,5346.2000,5355.0000,5356.2000,3,1,1,3,3,1,2,3,1,2
SF,IC2009,2020-01-23 09:30:38.800,5344.0000,3502,0,43919480.000,0,-,-,-,-,5343.0000,5341.4000,5340.8000,5338.2000,5337.8000,5344.8000,5345.0000,5346.2000,5355.0000,5356.2000,3,1,1,3,3,1,2,3,1,2
SF,IC2009,2020-01-23 09:30:39.300,5344.0000,3502,0,43919480.000,0,-,-,-,-,5343.0000,5341.4000,5340.8000,5338.2000,5337.8000,5345.0000,5346.2000,5355.0000,5356.2000,5370.8000,3,1,1,3,3,2,3,1,2,5
SF,IC2009,2020-01-23 09:30:39.800,5344.0000,3502,0,43919480.000,0,-,-,-,-,5343.0000,5341.4000,5340.8000,5338.2000,5337.8000,5344.6000,5346.2000,5355.0000,5356.2000,5370.8000,3,1,1,3,3,1,3,1,2,5
SF,IC2009,2020-01-23 09:30:40.300,5344.0000,3502,0,43919480.000,0,-,-,-,-,5343.0000,5341.4000,5340.8000,5338.2000,5337.8000,5344.6000,5346.2000,5355.0000,5356.2000,5370.8000,3,1,1,3,3,1,3,1,2,5
SF,IC2009,2020-01-23 09:30:40.800,5343.0000,3499,-3,47125320.000,3,0,3,双平,S,5343.0000,5341.4000,5340.8000,5338.2000,5337.8000,5346.2000,5355.0000,5356.2000,5370.8000,5379.2000,1,1,1,3,3,3,1,2,5,1
SF,IC2009,2020-01-23 09:30:41.300,5343.0000,3498,-1,48193920.000,1,0,1,双平,S,5344.8000,5341.4000,5340.8000,5338.2000,5337.8000,5346.2000,5355.0000,5356.2000,5370.8000,5379.2000,2,1,1,3,3,3,1,2,5,1
SF,IC2009,2020-01-23 09:30:41.800,5344.8000,3498,0,50331840.000,2,1,1,多换,S,5341.4000,5340.8000,5338.2000,5337.8000,5336.0000,5346.2000,5355.0000,5356.2000,5370.8000,5379.2000,1,1,3,3,4,3,1,2,5,1
SF,IC2009,2020-01-23 09:30:42.300,5344.8000,3498,0,50331840.000,0,-,-,-,-,5341.4000,5340.8000,5338.2000,5337.8000,5336.0000,5345.8000,5346.2000,5355.0000,5356.2000,5370.8000,1,1,3,3,4,1,3,1,2,5
SF,IC2009,2020-01-23 09:30:42.800,5344.8000,3498,0,50331840.000,0,-,-,-,-,5341.4000,5340.8000,5338.2000,5337.8000,5336.0000,5345.8000,5346.2000,5355.0000,5356.2000,5370.8000,1,1,3,3,4,1,3,1,2,5
SF,IC2009,2020-01-23 09:30:43.300,5344.8000,3498,0,50331840.000,0,-,-,-,-,5341.4000,5340.8000,5338.2000,5337.8000,5336.0000,5345.8000,5346.2000,5355.0000,5356.2000,5370.8000,1,1,3,3,4,1,3,1,2,5
SF,IC2009,2020-01-23 09:30:43.800,5344.8000,3498,0,50331840.000,0,-,-,-,-,5341.4000,5340.8000,5338.2000,5337.8000,5336.0000,5345.8000,5346.2000,5355.0000,5356.2000,5370.8000,2,1,3,3,4,1,3,1,2,5
SF,IC2009,2020-01-23 09:30:44.300,5344.8000,3498,0,50331840.000,0,-,-,-,-,5341.4000,5340.8000,5338.2000,5337.8000,5336.0000,5345.8000,5346.2000,5355.0000,5356.2000,5370.8000,2,1,3,3,4,1,3,1,2,5
SF,IC2009,2020-01-23 09:30:44.800,5344.8000,3498,0,50331840.000,0,-,-,-,-,5341.4000,5340.8000,5338.2000,5337.8000,5336.0000,5346.2000,5355.0000,5356.2000,5370.8000,5379.2000,2,1,3,3,4,3,1,2,5,1
SF,IC2009,2020-01-23 09:30:45.300,5344.8000,3498,0,50331840.000,0,-,-,-,-,5341.4000,5340.8000,5338.2000,5337.8000,5336.0000,5346.2000,5355.0000,5356.2000,5370.8000,5379.2000,2,1,3,3,4,3,1,2,5,1
SF,IC2009,2020-01-23 09:30:45.800,5344.8000,3498,0,50331840.000,0,-,-,-,-,5341.4000,5340.8000,5338.2000,5337.8000,5336.0000,5346.0000,5346.2000,5355.0000,5356.2000,5370.8000,2,1,3,3,4,2,3,1,2,5
SF,IC2009,2020-01-23 09:30:46.300,5344.8000,3498,0,50331840.000,0,-,-,-,-,5341.4000,5338.2000,5337.8000,5336.0000,5335.8000,5346.0000,5346.2000,5355.0000,5356.2000,5370.8000,2,3,3,4,2,1,3,1,2,5
SF,IC2009,2020-01-23 09:30:46.800,5344.8000,3498,0,50331840.000,0,-,-,-,-,5341.4000,5338.2000,5337.8000,5336.0000,5335.8000,5345.6000,5346.2000,5355.0000,5356.2000,5370.8000,2,3,3,4,2,1,3,1,2,5
SF,IC2009,2020-01-23 09:30:47.300,5344.8000,3498,0,50331840.000,0,-,-,-,-,5341.4000,5338.2000,5337.8000,5336.0000,5335.8000,5345.6000,5346.2000,5355.0000,5356.2000,5370.8000,2,3,3,4,2,1,3,1,2,5
SF,IC2009,2020-01-23 09:30:47.800,5344.8000,3498,0,50331840.000,0,-,-,-,-,5341.4000,5338.2000,5337.8000,5336.0000,5335.8000,5345.6000,5346.2000,5355.0000,5356.2000,5370.8000,2,3,3,4,2,1,3,1,2,5
SF,IC2009,2020-01-23 09:30:48.300,5344.8000,3498,0,50331840.000,0,-,-,-,-,5341.4000,5338.2000,5337.8000,5336.0000,5335.8000,5343.4000,5345.6000,5346.2000,5355.0000,5356.2000,2,3,3,4,2,1,1,3,1,2
SF,IC2009,2020-01-23 09:30:48.800,5343.4000,3498,0,51400520.000,1,0,1,多换,S,5341.8000,5341.6000,5341.4000,5338.2000,5337.8000,5346.2000,5355.0000,5356.2000,5370.8000,5379.2000,1,1,2,3,3,3,1,2,5,1
SF,IC2009,2020-01-23 09:30:49.300,5343.4000,3498,0,51400520.000,0,-,-,-,-,5341.8000,5341.6000,5341.4000,5338.2000,5337.8000,5346.2000,5355.0000,5356.2000,5370.8000,5379.2000,1,1,2,3,3,3,1,2,5,1
SF,IC2009,2020-01-23 09:30:49.800,5343.4000,3498,0,51400520.000,0,-,-,-,-,5342.0000,5341.8000,5341.6000,5341.4000,5338.2000,5346.2000,5355.0000,5356.2000,5370.8000,5379.2000,1,1,1,2,3,3,1,2,5,1
SF,IC2009,2020-01-23 09:30:50.300,5343.4000,3498,0,51400520.000,0,-,-,-,-,5342.0000,5341.8000,5341.6000,5341.4000,5338.2000,5346.2000,5355.0000,5356.2000,5370.8000,5379.2000,1,1,1,1,3,3,1,2,5,1
SF,IC2009,2020-01-23 09:30:50.800,5343.4000,3498,0,51400520.000,0,-,-,-,-,5342.0000,5341.8000,5341.6000,5341.4000,5338.2000,5346.2000,5355.0000,5356.2000,5370.8000,5379.2000,1,1,1,1,3,3,1,2,5,1
SF,IC2009,2020-01-23 09:30:51.300,5343.4000,3498,0,51400520.000,0,-,-,-,-,5341.8000,5341.6000,5341.4000,5338.2000,5337.8000,5346.2000,5355.0000,5356.2000,5370.8000,5379.2000,1,1,1,3,3,3,1,2,5,1
SF,IC2009,2020-01-23 09:30:51.800,5343.4000,3498,0,51400520.000,0,-,-,-,-,5342.0000,5341.8000,5341.6000,5341.4000,5338.2000,5346.0000,5346.2000,5355.0000,5356.2000,5370.8000,2,1,1,1,3,1,3,1,2,5
SF,IC2009,2020-01-23 09:30:52.300,5343.4000,3498,0,51400520.000,0,-,-,-,-,5342.4000,5342.0000,5341.8000,5341.6000,5341.4000,5346.0000,5346.2000,5355.0000,5356.2000,5370.8000,1,2,1,1,1,1,3,1,2,5
SF,IC2009,2020-01-23 09:30:52.800,5343.4000,3498,0,51400520.000,0,-,-,-,-,5343.6000,5342.6000,5342.4000,5342.0000,5341.8000,5346.0000,5346.2000,5355.0000,5356.2000,5370.8000,1,1,1,2,1,1,3,1,2,5
SF,IC2009,2020-01-23 09:30:53.300,5343.4000,3498,0,51400520.000,0,-,-,-,-,5343.6000,5342.4000,5342.0000,5341.8000,5341.6000,5345.8000,5346.2000,5355.0000,5356.2000,5370.8000,1,1,2,1,1,1,3,1,2,5
SF,IC2009,2020-01-23 09:30:53.800,5343.4000,3498,0,51400520.000,0,-,-,-,-,5343.6000,5342.4000,5341.8000,5341.6000,5338.2000,5345.8000,5346.2000,5355.0000,5356.2000,5370.8000,1,1,1,1,3,1,3,1,2,5
SF,IC2009,2020-01-23 09:30:54.800,5343.4000,3498,0,51400520.000,0,-,-,-,-,5343.6000,5342.4000,5341.8000,5338.2000,5337.8000,5346.2000,5355.0000,5356.2000,5370.8000,5379.2000,1,1,1,3,3,3,1,2,5,1
SF,IC2009,2020-01-23 09:30:55.300,5343.4000,3498,0,51400520.000,0,-,-,-,-,5343.6000,5342.4000,5342.0000,5341.8000,5338.2000,5346.2000,5355.0000,5356.2000,5370.8000,5379.2000,1,1,1,1,3,3,1,2,5,1
SF,IC2009,2020-01-23 09:30:58.300,5343.4000,3498,0,51400520.000,0,-,-,-,-,5343.6000,5342.4000,5342.0000,5341.8000,5338.2000,5346.2000,5355.0000,5356.2000,5370.8000,5379.2000,1,1,1,1,3,3,1,2,5,1
SF,IC2009,2020-01-23 09:30:59.800,5343.4000,3498,0,51400520.000,0,-,-,-,-,5343.6000,5342.4000,5342.0000,5341.8000,5338.2000,5346.0000,5346.2000,5355.0000,5356.2000,5370.8000,2,1,1,1,3,1,3,1,2,5
SF,IC2009,2020-01-23 09:31:00.800,5343.4000,3498,0,51400520.000,0,-,-,-,-,5343.6000,5342.4000,5342.0000,5341.8000,5338.2000,5346.2000,5355.0000,5356.2000,5370.8000,5379.2000,2,1,1,1,3,3,1,2,5,1
SF,IC2009,2020-01-23 09:31:01.300,5343.4000,3498,0,51400520.000,0,-,-,-,-,5343.6000,5342.4000,5342.0000,5341.8000,5338.2000,5346.2000,5355.0000,5356.2000,5370.8000,5379.2000,2,1,1,1,3,3,1,2,5,1
SF,IC2009,2020-01-23 09:31:02.300,5343.4000,3498,0,51400520.000,0,-,-,-,-,5343.6000,5342.4000,5342.0000,5341.8000,5338.2000,5346.2000,5355.0000,5356.2000,5370.8000,5379.2000,1,1,1,1,3,3,1,2,5,1
SF,IC2009,2020-01-23 09:31:02.800,5343.4000,3498,0,51400520.000,0,-,-,-,-,5343.6000,5342.4000,5342.0000,5341.8000,5338.2000,5346.2000,5355.0000,5356.2000,5370.8000,5379.2000,1,1,1,1,3,3,1,1,5,1
SF,IC2009,2020-01-23 09:31:03.300,5343.4000,3498,0,51400520.000,0,-,-,-,-,5343.6000,5342.4000,5342.0000,5341.8000,5338.2000,5346.2000,5348.0000,5355.0000,5356.2000,5370.8000,1,1,1,1,3,3,2,1,1,5
SF,IC2009,2020-01-23 09:31:04.300,5343.4000,3498,0,51400520.000,0,-,-,-,-,5343.6000,5342.4000,5342.0000,5341.8000,5338.2000,5346.2000,5348.0000,5355.0000,5356.2000,5370.8000,1,1,1,1,3,3,2,1,1,5
SF,IC2009,2020-01-23 09:31:04.800,5343.4000,3498,0,51400520.000,0,-,-,-,-,5343.6000,5342.4000,5342.0000,5341.8000,5338.2000,5346.2000,5348.0000,5355.0000,5356.2000,5370.8000,1,1,1,1,3,3,2,1,1,5
SF,IC2009,2020-01-23 09:31:07.300,5343.4000,3498,0,51400520.000,0,-,-,-,-,5343.6000,5342.4000,5341.8000,5338.2000,5337.8000,5346.2000,5348.0000,5355.0000,5356.2000,5370.8000,1,1,1,3,4,3,2,1,1,5
SF,IC2009,2020-01-23 09:31:07.800,5346.2000,3497,-1,52469760.000,1,0,1,双平,S,5344.0000,5343.6000,5342.4000,5341.8000,5338.2000,5346.2000,5348.0000,5355.0000,5356.2000,5370.8000,1,1,1,1,3,2,2,1,1,5
SF,IC2009,2020-01-23 09:31:08.300,5346.2000,3497,0,52469760.000,0,-,-,-,-,5344.4000,5344.2000,5344.0000,5343.6000,5342.4000,5346.2000,5348.0000,5355.0000,5356.2000,5370.8000,1,1,1,1,1,2,2,1,1,5
SF,IC2009,2020-01-23 09:31:08.800,5346.2000,3497,0,52469760.000,0,-,-,-,-,5344.4000,5344.2000,5344.0000,5343.6000,5342.4000,5346.2000,5348.0000,5355.0000,5356.2000,5370.8000,1,1,1,1,1,2,2,1,1,5
SF,IC2009,2020-01-23 09:31:09.300,5346.2000,3497,0,52469760.000,0,-,-,-,-,5344.6000,5344.4000,5344.2000,5344.0000,5343.6000,5346.2000,5348.0000,5355.0000,5356.2000,5370.8000,2,1,1,1,1,2,2,1,1,5
SF,IC2009,2020-01-23 09:31:09.800,5346.2000,3495,-2,54608240.000,2,0,2,双平,S,5345.0000,5344.6000,5344.4000,5344.2000,5344.0000,5348.0000,5355.0000,5356.2000,5370.8000,5379.2000,1,2,1,1,1,2,1,1,5,1
SF,IC2009,2020-01-23 09:31:10.300,5346.2000,3495,0,54608240.000,0,-,-,-,-,5345.2000,5345.0000,5344.6000,5344.4000,5344.2000,5348.0000,5355.0000,5356.2000,5370.8000,5379.2000,1,1,2,1,1,2,1,1,5,1
SF,IC2009,2020-01-23 09:31:10.800,5346.2000,3495,0,54608240.000,0,-,-,-,-,5347.2000,5346.2000,5345.6000,5345.2000,5345.0000,5348.0000,5355.0000,5356.2000,5370.8000,5379.2000,1,1,2,1,1,2,1,1,5,1
SF,IC2009,2020-01-23 09:31:11.300,5346.2000,3495,0,54608240.000,0,-,-,-,-,5347.6000,5346.2000,5345.6000,5345.2000,5345.0000,5348.0000,5355.0000,5356.2000,5370.8000,5379.2000,1,1,2,1,1,2,1,1,5,1
SF,IC2009,2020-01-23 09:31:13.800,5348.0000,3494,-1,55677840.000,1,0,1,双平,S,5347.6000,5346.2000,5345.6000,5345.2000,5345.0000,5348.0000,5355.0000,5356.2000,5370.8000,5379.2000,1,1,2,1,1,1,1,1,5,1
SF,IC2009,2020-01-23 09:31:14.300,5348.0000,3493,-1,56747440.000,1,0,1,双平,S,5348.0000,5347.8000,5347.6000,5347.2000,5346.2000,5355.0000,5356.2000,5370.8000,5379.2000,5380.2000,2,1,1,1,1,1,1,5,1,1
SF,IC2009,2020-01-23 09:31:14.800,5348.0000,3493,0,56747440.000,0,-,-,-,-,5348.4000,5347.6000,5347.2000,5346.2000,5345.6000,5354.8000,5355.0000,5356.2000,5370.8000,5379.2000,1,1,1,1,1,1,1,1,5,1
SF,IC2009,2020-01-23 09:31:15.300,5348.0000,3493,0,56747440.000,0,-,-,-,-,5348.4000,5347.6000,5347.2000,5346.2000,5345.6000,5354.8000,5355.0000,5356.2000,5370.8000,5379.2000,1,1,1,1,1,1,1,1,5,1
SF,IC2009,2020-01-23 09:31:15.800,5348.0000,3493,0,56747440.000,0,-,-,-,-,5348.4000,5347.6000,5347.2000,5346.2000,5345.6000,5354.4000,5355.0000,5356.2000,5370.8000,5379.2000,1,1,1,1,1,1,1,1,5,1
SF,IC2009,2020-01-23 09:31:16.300,5348.0000,3493,0,56747440.000,0,-,-,-,-,5348.6000,5348.4000,5347.6000,5347.2000,5346.2000,5355.0000,5356.2000,5370.8000,5379.2000,5380.2000,1,1,1,1,1,1,1,5,1,1
SF,IC2009,2020-01-23 09:31:16.800,5348.0000,3493,0,56747440.000,0,-,-,-,-,5348.6000,5348.4000,5347.6000,5347.2000,5346.2000,5354.4000,5354.8000,5355.0000,5356.2000,5370.8000,1,1,1,1,1,1,1,2,1,5
SF,IC2009,2020-01-23 09:31:17.300,5348.0000,3493,0,56747440.000,0,-,-,-,-,5349.0000,5348.6000,5348.4000,5347.6000,5347.2000,5349.8000,5350.8000,5354.8000,5355.0000,5356.2000,1,1,1,1,1,1,1,1,1,1
SF,IC2009,2020-01-23 09:31:17.800,5348.0000,3493,0,56747440.000,0,-,-,-,-,5349.0000,5348.6000,5348.4000,5347.6000,5347.2000,5355.0000,5356.2000,5370.8000,5379.2000,5380.2000,1,1,1,1,1,1,1,5,1,1
SF,IC2009,2020-01-23 09:31:18.300,5348.0000,3493,0,56747440.000,0,-,-,-,-,5349.0000,5348.6000,5348.4000,5347.6000,5347.2000,5354.4000,5355.0000,5356.2000,5370.8000,5379.2000,1,1,1,1,1,1,2,1,5,1
SF,IC2009,2020-01-23 09:31:18.800,5348.0000,3493,0,56747440.000,0,-,-,-,-,5349.0000,5348.6000,5348.4000,5347.6000,5347.2000,5350.8000,5354.4000,5355.0000,5356.2000,5370.8000,1,1,1,1,1,1,1,1,1,5
SF,IC2009,2020-01-23 09:31:19.300,5348.0000,3493,0,56747440.000,0,-,-,-,-,5349.0000,5348.6000,5348.4000,5347.6000,5347.2000,5354.4000,5355.0000,5356.2000,5370.8000,5379.2000,1,1,1,1,1,1,1,1,5,1
SF,IC2009,2020-01-23 09:31:19.800,5348.0000,3493,0,56747440.000,0,-,-,-,-,5349.0000,5348.6000,5348.4000,5347.6000,5347.2000,5355.0000,5356.2000,5370.8000,5379.2000,5380.2000,1,1,1,1,1,1,1,5,1,1
SF,IC2009,2020-01-23 09:31:20.300,5348.0000,3493,0,56747440.000,0,-,-,-,-,5349.0000,5348.6000,5348.4000,5347.6000,5347.2000,5355.0000,5356.2000,5370.8000,5379.2000,5380.2000,1,1,1,1,1,1,1,5,1,1
SF,IC2009,2020-01-23 09:31:20.800,5348.0000,3493,0,56747440.000,0,-,-,-,-,5349.0000,5348.6000,5348.4000,5347.6000,5345.6000,5355.0000,5356.2000,5370.8000,5379.2000,5380.2000,1,1,1,1,1,2,1,5,1,1
SF,IC2009,2020-01-23 09:31:21.300,5348.0000,3493,0,56747440.000,0,-,-,-,-,5349.2000,5349.0000,5348.6000,5348.4000,5347.6000,5354.4000,5354.8000,5355.0000,5356.2000,5370.8000,1,1,1,1,1,1,1,2,1,5
SF,IC2009,2020-01-23 09:31:21.800,5348.0000,3493,0,56747440.000,0,-,-,-,-,5349.6000,5349.2000,5349.0000,5348.6000,5348.4000,5354.8000,5355.0000,5356.2000,5370.8000,5379.2000,2,1,1,1,1,1,2,1,5,1
SF,IC2009,2020-01-23 09:31:22.300,5348.0000,3493,0,56747440.000,0,-,-,-,-,5354.8000,5350.4000,5349.8000,5349.6000,5349.2000,5355.0000,5356.2000,5370.8000,5379.2000,5380.2000,1,1,1,2,1,2,1,5,1,1
SF,IC2009,2020-01-23 09:31:22.800,5354.8000,3492,-1,57818400.000,1,0,1,双平,S,5350.4000,5349.8000,5349.6000,5349.2000,5349.0000,5354.0000,5355.0000,5356.2000,5370.8000,5379.2000,1,1,2,1,1,1,2,1,5,1
SF,IC2009,2020-01-23 09:31:23.300,5354.0000,3492,0,58889200.000,1,0,1,多换,S,5354.0000,5350.8000,5350.6000,5350.4000,5349.8000,5355.0000,5356.2000,5370.8000,5379.2000,5380.2000,1,2,1,1,1,1,1,5,1,1
SF,IC2009,2020-01-23 09:31:23.800,5354.0000,3491,-1,59960000.000,1,0,1,双平,S,5350.8000,5350.6000,5350.4000,5349.8000,5349.6000,5355.0000,5356.2000,5370.8000,5379.2000,5380.2000,2,1,1,1,1,1,1,5,1,1
SF,IC2009,2020-01-23 09:31:24.300,5355.0000,3490,-1,61031000.000,1,0,1,双平,S,5350.8000,5350.6000,5350.4000,5349.8000,5349.6000,5356.2000,5376.6000,5379.2000,5380.2000,5412.0000,2,1,1,1,1,1,5,1,1,1
SF,IC2009,2020-01-23 09:31:24.800,5355.0000,3490,0,61031000.000,0,-,-,-,-,5351.0000,5350.8000,5350.6000,5350.4000,5349.8000,5356.2000,5376.6000,5379.2000,5380.2000,5412.0000,1,2,1,1,1,1,5,1,1,1
SF,IC2009,2020-01-23 09:31:25.300,5356.2000,3489,-1,62102240.000,1,0,1,双平,S,5356.2000,5351.4000,5351.0000,5350.8000,5350.6000,5376.6000,5379.2000,5380.2000,5412.0000,5413.0000,1,2,1,1,1,5,1,1,1,2
SF,IC2009,2020-01-23 09:31:25.800,5356.2000,3489,0,62102240.000,0,-,-,-,-,5351.4000,5351.0000,5350.8000,5350.4000,5348.0000,5359.0000,5359.2000,5363.6000,5372.8000,5376.2000,2,1,1,1,1,1,1,2,1,2
SF,IC2009,2020-01-23 09:31:26.300,5359.0000,3488,-1,63174040.000,1,0,1,双平,S,5351.6000,5351.4000,5351.0000,5350.8000,5350.4000,5359.2000,5363.6000,5372.8000,5376.2000,5376.6000,2,2,1,1,1,1,1,1,1,5
SF,IC2009,2020-01-23 09:31:26.800,5359.0000,3488,0,63174040.000,0,-,-,-,-,5352.0000,5351.4000,5351.0000,5350.8000,5350.4000,5359.2000,5363.6000,5372.8000,5376.2000,5376.6000,1,1,1,1,1,1,1,1,1,5
SF,IC2009,2020-01-23 09:31:27.300,5359.0000,3488,0,63174040.000,0,-,-,-,-,5352.0000,5351.0000,5350.8000,5350.4000,5348.0000,5355.0000,5359.0000,5363.6000,5372.8000,5376.2000,1,1,1,1,1,1,1,1,1,1
SF,IC2009,2020-01-23 09:31:27.800,5355.2000,3487,-1,64245080.000,1,0,1,双平,S,5352.4000,5352.0000,5351.0000,5350.8000,5350.4000,5359.0000,5363.6000,5372.8000,5376.2000,5376.6000,2,1,1,1,1,1,1,1,1,5
SF,IC2009,2020-01-23 09:31:28.300,5359.0000,3486,-1,65316880.000,1,0,1,双平,S,5352.8000,5352.4000,5350.8000,5350.4000,5348.0000,5363.6000,5372.8000,5376.2000,5376.6000,5379.2000,1,2,1,1,1,1,1,1,5,1
SF,IC2009,2020-01-23 09:31:28.800,5359.0000,3486,0,65316880.000,0,-,-,-,-,5353.2000,5353.0000,5352.8000,5352.4000,5350.8000,5363.2000,5363.6000,5372.8000,5376.2000,5376.6000,1,1,1,2,1,1,1,1,1,5
SF,IC2009,2020-01-23 09:31:29.300,5359.0000,3486,0,65316880.000,0,-,-,-,-,5353.6000,5353.4000,5353.2000,5353.0000,5352.4000,5363.2000,5363.6000,5372.8000,5376.2000,5376.6000,1,1,1,1,2,1,1,1,1,5
SF,IC2009,2020-01-23 09:31:29.800,5359.0000,3486,0,65316880.000,0,-,-,-,-,5354.0000,5353.8000,5353.6000,5353.4000,5353.2000,5363.2000,5363.6000,5372.8000,5376.2000,5376.6000,2,1,1,1,1,1,1,1,1,5
SF,IC2009,2020-01-23 09:31:30.300,5359.0000,3486,0,65316880.000,0,-,-,-,-,5354.4000,5354.0000,5353.8000,5353.4000,5353.2000,5363.2000,5363.6000,5376.2000,5376.6000,5379.2000,1,2,1,1,1,1,1,1,5,1
SF,IC2009,2020-01-23 09:31:30.800,5359.0000,3486,0,65316880.000,0,-,-,-,-,5354.8000,5354.4000,5354.0000,5353.4000,5353.2000,5363.0000,5363.2000,5363.6000,5376.2000,5376.6000,1,1,1,1,1,1,1,1,1,5
SF,IC2009,2020-01-23 09:31:31.300,5359.0000,3486,0,65316880.000,0,-,-,-,-,5355.2000,5354.8000,5354.0000,5353.4000,5353.2000,5362.6000,5362.8000,5363.0000,5363.2000,5363.6000,1,1,1,1,1,1,1,1,1,1
SF,IC2009,2020-01-23 09:31:31.800,5359.0000,3486,0,65316880.000,0,-,-,-,-,5355.6000,5355.2000,5354.8000,5354.0000,5353.4000,5362.2000,5362.4000,5362.6000,5363.0000,5363.2000,1,1,1,1,1,1,1,1,1,1
SF,IC2009,2020-01-23 09:31:32.300,5359.0000,3486,0,65316880.000,0,-,-,-,-,5355.6000,5355.2000,5354.8000,5354.0000,5353.4000,5361.8000,5362.2000,5362.4000,5362.6000,5363.2000,1,1,1,1,1,1,1,1,1,1
SF,IC2009,2020-01-23 09:31:32.800,5359.0000,3486,0,65316880.000,0,-,-,-,-,5355.8000,5355.6000,5355.2000,5354.8000,5354.0000,5361.6000,5361.8000,5362.6000,5363.2000,5363.6000,1,1,1,1,1,1,1,1,1,1
SF,IC2009,2020-01-23 09:31:33.300,5359.0000,3486,0,65316880.000,0,-,-,-,-,5356.2000,5355.8000,5355.6000,5355.2000,5354.8000,5361.2000,5361.6000,5361.8000,5362.6000,5363.2000,1,1,1,1,1,1,1,1,1,1
SF,IC2009,2020-01-23 09:31:33.800,5359.0000,3486,0,65316880.000,0,-,-,-,-,5356.4000,5356.2000,5355.8000,5355.6000,5354.8000,5361.2000,5361.6000,5361.8000,5362.6000,5363.2000,1,1,1,1,1,1,1,1,1,1
SF,IC2009,2020-01-23 09:31:34.300,5356.4000,3485,-1,66388160.000,1,0,1,双平,S,5356.2000,5355.6000,5354.8000,5354.0000,5353.4000,5361.2000,5361.8000,5362.6000,5363.2000,5363.6000,1,1,1,1,1,1,1,1,1,1
SF,IC2009,2020-01-23 09:31:34.800,5356.2000,3484,-1,67459400.000,1,0,1,双平,S,5355.6000,5354.8000,5354.0000,5353.4000,5353.2000,5358.6000,5361.2000,5361.8000,5362.6000,5363.2000,1,1,1,1,1,1,1,1,1,1
SF,IC2009,2020-01-23 09:31:35.300,5356.2000,3484,0,67459400.000,0,-,-,-,-,5355.6000,5354.8000,5354.0000,5353.4000,5353.2000,5358.2000,5358.4000,5358.6000,5361.2000,5361.8000,1,1,1,1,1,1,1,1,1,1
SF,IC2009,2020-01-23 09:31:36.800,5356.2000,3484,0,67459400.000,0,-,-,-,-,5353.4000,5353.2000,5352.4000,5350.8000,5350.0000,5355.6000,5358.0000,5358.2000,5358.4000,5358.6000,1,1,1,1,1,1,1,1,1,1
SF,IC2009,2020-01-23 09:31:37.300,5356.2000,3484,0,67459400.000,0,-,-,-,-,5353.8000,5353.4000,5353.2000,5352.4000,5350.8000,5355.6000,5358.0000,5358.2000,5358.6000,5363.6000,1,1,1,1,1,1,1,1,1,1
SF,IC2009,2020-01-23 09:31:37.800,5356.2000,3484,0,67459400.000,0,-,-,-,-,5353.8000,5353.4000,5353.2000,5352.4000,5350.8000,5355.4000,5355.6000,5358.2000,5358.6000,5363.6000,1,1,1,1,1,1,1,1,1,1
SF,IC2009,2020-01-23 09:31:38.300,5356.2000,3484,0,67459400.000,0,-,-,-,-,5353.8000,5353.4000,5353.2000,5352.4000,5350.8000,5355.4000,5355.6000,5358.2000,5358.6000,5363.6000,1,1,1,1,1,1,1,1,1,1
SF,IC2009,2020-01-23 09:31:38.800,5356.2000,3484,0,67459400.000,0,-,-,-,-,5355.0000,5353.8000,5353.4000,5353.2000,5352.4000,5355.4000,5355.6000,5358.2000,5358.6000,5363.6000,10,1,1,1,1,1,1,1,1,1
SF,IC2009,2020-01-23 09:31:39.300,5355.6000,3484,0,69601640.000,2,1,1,多换,S,5355.0000,5353.8000,5353.4000,5353.2000,5352.4000,5358.2000,5358.6000,5363.6000,5376.6000,5380.2000,10,1,1,1,1,1,1,1,5,1
SF,IC2009,2020-01-23 09:31:39.800,5355.6000,3484,0,69601640.000,0,-,-,-,-,5355.2000,5355.0000,5353.8000,5353.4000,5353.2000,5358.2000,5363.6000,5376.6000,5380.2000,5412.0000,1,10,1,1,1,1,1,5,1,1
SF,IC2009,2020-01-23 09:31:40.300,5355.6000,3484,0,69601640.000,0,-,-,-,-,5355.6000,5355.2000,5355.0000,5353.8000,5353.4000,5356.6000,5358.2000,5363.6000,5376.6000,5380.2000,1,1,10,1,1,1,1,1,5,1
SF,IC2009,2020-01-23 09:31:40.800,5355.6000,3484,0,69601640.000,0,-,-,-,-,5355.6000,5355.0000,5353.8000,5353.4000,5353.2000,5356.6000,5358.2000,5363.6000,5376.6000,5380.2000,1,10,1,1,1,1,1,1,5,1
SF,IC2009,2020-01-23 09:31:41.800,5355.6000,3484,0,69601640.000,0,-,-,-,-,5355.0000,5353.8000,5353.2000,5352.4000,5350.8000,5356.6000,5358.2000,5363.6000,5376.6000,5380.2000,10,1,1,1,1,1,1,1,5,1
SF,IC2009,2020-01-23 09:31:42.300,5355.6000,3484,0,69601640.000,0,-,-,-,-,5353.8000,5353.2000,5352.4000,5350.8000,5350.0000,5356.6000,5358.2000,5363.6000,5376.6000,5380.2000,1,1,1,1,1,2,1,1,5,1
SF,IC2009,2020-01-23 09:31:42.800,5355.6000,3484,0,69601640.000,0,-,-,-,-,5353.8000,5353.2000,5352.4000,5350.8000,5350.0000,5356.6000,5358.2000,5363.6000,5376.6000,5380.2000,1,1,1,1,1,2,1,1,5,1
SF,IC2009,2020-01-23 09:31:43.300,5355.6000,3484,0,69601640.000,0,-,-,-,-,5353.8000,5353.2000,5352.4000,5350.8000,5350.0000,5356.4000,5356.6000,5358.2000,5363.6000,5376.6000,1,1,1,1,1,1,1,1,1,5
SF,IC2009,2020-01-23 09:31:43.800,5355.6000,3484,0,69601640.000,0,-,-,-,-,5355.6000,5353.8000,5353.2000,5352.4000,5350.8000,5356.4000,5356.6000,5358.2000,5363.6000,5376.6000,1,1,1,1,1,1,1,1,1,5
SF,IC2009,2020-01-23 09:31:44.300,5355.6000,3484,0,70672760.000,1,0,1,多换,S,5353.8000,5353.2000,5352.4000,5350.8000,5350.0000,5356.4000,5356.6000,5358.2000,5363.6000,5376.6000,1,1,1,1,1,1,1,1,1,5
SF,IC2009,2020-01-23 09:31:44.800,5355.6000,3484,0,70672760.000,0,-,-,-,-,5354.0000,5353.8000,5353.2000,5352.4000,5350.8000,5356.6000,5358.2000,5363.6000,5376.6000,5380.2000,1,1,1,1,1,1,1,1,5,1
SF,IC2009,2020-01-23 09:31:45.300,5355.6000,3484,0,70672760.000,0,-,-,-,-,5354.0000,5353.8000,5353.2000,5352.4000,5350.8000,5356.6000,5358.2000,5376.6000,5380.2000,5412.0000,1,1,1,1,1,1,1,5,1,1
SF,IC2009,2020-01-23 09:31:45.800,5355.6000,3484,0,70672760.000,0,-,-,-,-,5354.2000,5354.0000,5353.8000,5353.2000,5352.4000,5358.2000,5376.6000,5380.2000,5412.0000,5413.0000,1,1,1,1,1,1,5,1,1,2
SF,IC2009,2020-01-23 09:31:46.300,5355.6000,3484,0,70672760.000,0,-,-,-,-,5354.2000,5353.8000,5353.2000,5352.4000,5350.8000,5356.0000,5358.0000,5358.2000,5376.6000,5380.2000,1,1,1,1,1,1,1,1,5,1
SF,IC2009,2020-01-23 09:31:46.800,5356.0000,3484,0,71743960.000,1,0,1,多换,S,5354.2000,5353.8000,5353.2000,5352.4000,5350.8000,5358.0000,5358.2000,5376.6000,5380.2000,5412.0000,1,1,1,1,1,1,1,5,1,1
SF,IC2009,2020-01-23 09:31:47.300,5356.0000,3484,0,71743960.000,0,-,-,-,-,5356.4000,5354.2000,5353.8000,5353.2000,5352.4000,5358.0000,5358.2000,5376.6000,5380.2000,5412.0000,1,1,1,1,1,1,1,5,1,1
SF,IC2009,2020-01-23 09:31:47.800,5356.0000,3484,0,71743960.000,0,-,-,-,-,5356.4000,5354.2000,5353.8000,5353.2000,5352.4000,5358.0000,5358.2000,5376.6000,5380.2000,5412.0000,1,1,1,1,1,1,1,5,1,1
SF,IC2009,2020-01-23 09:31:48.300,5356.4000,3483,-1,72815240.000,1,0,1,双平,S,5356.4000,5354.2000,5353.8000,5353.2000,5352.4000,5357.6000,5358.0000,5358.2000,5376.6000,5380.2000,1,1,1,1,1,1,1,1,5,1
SF,IC2009,2020-01-23 09:31:48.800,5356.4000,3483,0,73886520.000,1,0,1,多换,S,5354.2000,5353.8000,5353.2000,5352.4000,5350.8000,5358.0000,5358.2000,5376.6000,5380.2000,5412.0000,1,1,1,1,1,1,1,5,1,1
SF,IC2009,2020-01-23 09:31:49.300,5356.4000,3483,0,73886520.000,0,-,-,-,-,5355.8000,5354.2000,5353.8000,5353.2000,5352.4000,5358.0000,5358.2000,5376.6000,5380.2000,5412.0000,1,1,1,1,1,1,1,5,1,1
SF,IC2009,2020-01-23 09:31:50.800,5356.4000,3483,0,73886520.000,0,-,-,-,-,5355.8000,5353.8000,5353.2000,5352.4000,5350.8000,5358.0000,5358.2000,5376.6000,5380.2000,5412.0000,1,1,1,1,1,1,1,5,1,1
SF,IC2009,2020-01-23 09:31:51.300,5356.4000,3483,0,73886520.000,0,-,-,-,-,5355.8000,5353.8000,5353.2000,5352.4000,5350.8000,5358.0000,5358.2000,5376.6000,5380.2000,5412.0000,1,1,1,1,1,1,1,5,1,1
SF,IC2009,2020-01-23 09:31:51.800,5356.4000,3483,0,73886520.000,0,-,-,-,-,5355.8000,5353.8000,5353.2000,5352.4000,5350.8000,5358.0000,5358.2000,5376.6000,5380.2000,5412.0000,1,1,1,1,1,1,1,5,1,1
SF,IC2009,2020-01-23 09:31:52.300,5356.4000,3483,0,73886520.000,0,-,-,-,-,5355.8000,5353.8000,5353.2000,5352.4000,5350.8000,5358.0000,5376.6000,5380.2000,5412.0000,5413.0000,1,1,1,1,1,1,5,1,1,2
SF,IC2009,2020-01-23 09:31:52.800,5356.4000,3483,0,73886520.000,0,-,-,-,-,5356.8000,5356.0000,5355.8000,5353.8000,5353.2000,5376.6000,5380.2000,5412.0000,5413.0000,5421.0000,1,1,1,1,1,5,1,1,2,4
SF,IC2009,2020-01-23 09:31:53.300,5356.4000,3483,0,73886520.000,0,-,-,-,-,5356.8000,5356.0000,5355.8000,5353.8000,5353.2000,5363.4000,5363.6000,5368.2000,5372.8000,5376.4000,1,1,1,1,1,1,2,1,1,1
SF,IC2009,2020-01-23 09:31:53.800,5356.4000,3483,0,73886520.000,0,-,-,-,-,5356.8000,5355.8000,5353.8000,5353.2000,5352.4000,5363.0000,5363.2000,5363.6000,5368.2000,5372.8000,1,1,1,1,1,1,1,1,1,1
SF,IC2009,2020-01-23 09:31:54.800,5356.4000,3483,0,73886520.000,0,-,-,-,-,5356.8000,5355.8000,5353.8000,5353.2000,5352.4000,5362.8000,5363.0000,5363.2000,5363.6000,5368.2000,1,1,1,1,1,1,1,1,1,1
SF,IC2009,2020-01-23 09:31:55.300,5356.4000,3483,0,73886520.000,0,-,-,-,-,5357.0000,5356.8000,5355.8000,5353.8000,5353.2000,5362.4000,5362.8000,5363.0000,5363.2000,5363.6000,1,1,1,1,1,1,1,1,1,1
SF,IC2009,2020-01-23 09:31:55.800,5356.4000,3483,0,73886520.000,0,-,-,-,-,5357.0000,5356.8000,5355.8000,5353.8000,5353.2000,5362.4000,5362.8000,5363.0000,5363.6000,5368.2000,1,1,1,1,1,1,1,1,1,1
SF,IC2009,2020-01-23 09:31:56.300,5356.4000,3483,0,73886520.000,0,-,-,-,-,5357.4000,5357.0000,5356.8000,5355.8000,5353.8000,5362.4000,5362.8000,5363.0000,5363.6000,5368.2000,1,1,1,1,1,1,1,1,1,1
SF,IC2009,2020-01-23 09:31:56.800,5356.4000,3483,0,73886520.000,0,-,-,-,-,5357.4000,5357.0000,5356.8000,5355.8000,5353.8000,5362.2000,5362.4000,5362.8000,5363.0000,5363.6000,1,1,1,1,1,1,1,1,1,1
SF,IC2009,2020-01-23 09:31:57.300,5356.4000,3483,0,73886520.000,0,-,-,-,-,5357.0000,5356.8000,5355.8000,5353.8000,5353.2000,5361.8000,5362.2000,5362.4000,5362.8000,5363.0000,1,1,1,1,1,1,1,1,1,1
SF,IC2009,2020-01-23 09:31:57.800,5356.4000,3483,0,73886520.000,0,-,-,-,-,5357.0000,5356.8000,5355.8000,5353.8000,5353.2000,5361.8000,5362.2000,5362.4000,5362.8000,5363.0000,1,1,1,1,1,1,1,1,1,1
SF,IC2009,2020-01-23 09:31:58.300,5357.0000,3482,-1,74957920.000,1,0,1,双平,S,5356.8000,5355.8000,5353.8000,5353.2000,5352.4000,5361.8000,5362.2000,5362.4000,5362.8000,5363.0000,1,1,1,1,1,1,1,1,1,1
SF,IC2009,2020-01-23 09:31:58.800,5361.6000,3483,1,76030240.000,1,1,0,双开,S,5356.8000,5355.8000,5353.8000,5353.2000,5352.4000,5361.8000,5362.2000,5362.4000,5362.8000,5363.0000,1,1,1,1,1,1,1,1,1,1
SF,IC2009,2020-01-23 09:31:59.300,5361.6000,3483,0,76030240.000,0,-,-,-,-,5356.8000,5355.8000,5353.8000,5353.2000,5352.4000,5361.8000,5362.2000,5362.4000,5362.8000,5363.0000,1,1,1,1,1,1,1,1,1,1
SF,IC2009,2020-01-23 09:31:59.800,5361.6000,3483,0,76030240.000,0,-,-,-,-,5356.8000,5355.8000,5353.8000,5353.2000,5352.4000,5361.8000,5362.2000,5362.4000,5362.8000,5363.0000,1,1,1,1,1,1,1,1,1,1
SF,IC2009,2020-01-23 09:32:00.300,5361.6000,3483,0,76030240.000,0,-,-,-,-,5356.8000,5355.8000,5353.8000,5353.2000,5352.4000,5361.8000,5362.2000,5362.4000,5362.8000,5363.0000,1,1,1,1,1,2,1,1,1,1
SF,IC2009,2020-01-23 09:32:00.800,5361.6000,3483,0,76030240.000,0,-,-,-,-,5356.8000,5355.8000,5353.8000,5353.2000,5352.4000,5361.6000,5361.8000,5362.2000,5362.4000,5362.8000,1,1,1,1,1,1,1,1,1,1
SF,IC2009,2020-01-23 09:32:01.300,5361.6000,3483,0,77102560.000,1,0,1,多换,S,5356.8000,5355.8000,5353.8000,5353.2000,5352.4000,5361.6000,5361.8000,5362.2000,5362.4000,5362.8000,1,1,1,1,1,1,1,1,1,1
SF,IC2009,2020-01-23 09:32:01.800,5361.6000,3483,0,77102560.000,0,-,-,-,-,5356.8000,5355.8000,5353.8000,5353.2000,5352.4000,5359.2000,5361.6000,5362.2000,5362.8000,5376.4000,1,1,1,1,1,1,1,1,1,1
SF,IC2009,2020-01-23 09:32:02.300,5361.6000,3483,0,77102560.000,0,-,-,-,-,5357.0000,5356.8000,5355.8000,5353.8000,5353.2000,5361.6000,5362.8000,5376.4000,5376.6000,5380.2000,1,1,1,1,1,1,1,1,5,1
SF,IC2009,2020-01-23 09:32:02.800,5361.6000,3483,0,77102560.000,0,-,-,-,-,5357.0000,5356.8000,5355.8000,5353.8000,5353.2000,5361.4000,5361.6000,5362.8000,5376.4000,5376.6000,1,1,1,1,1,1,1,1,1,5
SF,IC2009,2020-01-23 09:32:03.300,5361.6000,3483,0,77102560.000,0,-,-,-,-,5357.0000,5356.8000,5355.8000,5353.8000,5353.2000,5359.2000,5361.4000,5361.6000,5362.8000,5376.4000,1,1,1,1,1,1,1,1,1,1
SF,IC2009,2020-01-23 09:32:04.300,5361.6000,3483,0,77102560.000,0,-,-,-,-,5356.8000,5355.8000,5353.8000,5353.2000,5352.4000,5359.2000,5361.2000,5361.4000,5361.6000,5362.8000,1,1,1,1,1,1,1,1,1,1
SF,IC2009,2020-01-23 09:32:04.800,5361.6000,3483,0,77102560.000,0,-,-,-,-,5356.8000,5355.8000,5353.8000,5353.2000,5352.4000,5358.8000,5359.2000,5361.2000,5361.4000,5361.6000,1,1,1,1,1,1,1,1,1,1
SF,IC2009,2020-01-23 09:32:05.300,5361.6000,3483,0,77102560.000,0,-,-,-,-,5356.8000,5355.8000,5353.8000,5353.2000,5352.4000,5358.6000,5359.2000,5361.2000,5361.4000,5361.6000,1,1,1,1,1,1,1,1,1,1
SF,IC2009,2020-01-23 09:32:05.800,5356.8000,3483,0,78173920.000,1,0,1,多换,S,5355.8000,5353.8000,5353.2000,5352.4000,5350.0000,5358.6000,5359.2000,5361.4000,5361.6000,5362.8000,1,1,1,1,1,1,1,1,1,1
SF,IC2009,2020-01-23 09:32:06.300,5358.4000,3484,1,79245600.000,1,1,0,双开,S,5355.8000,5353.8000,5353.2000,5352.4000,5350.0000,5359.2000,5361.4000,5361.6000,5362.8000,5376.4000,1,1,1,1,1,1,1,1,1,1
SF,IC2009,2020-01-23 09:32:06.800,5358.4000,3484,0,79245600.000,0,-,-,-,-,5355.8000,5352.4000,5350.0000,5348.0000,5337.8000,5359.2000,5361.4000,5361.6000,5362.8000,5376.4000,1,1,1,1,1,1,1,1,1,1
SF,IC2009,2020-01-23 09:32:07.300,5358.4000,3484,0,79245600.000,0,-,-,-,-,5355.8000,5352.4000,5350.0000,5348.0000,5337.8000,5359.2000,5361.6000,5362.8000,5376.4000,5376.6000,1,1,1,1,1,1,1,1,1,5
SF,IC2009,2020-01-23 09:32:08.300,5358.4000,3484,0,79245600.000,0,-,-,-,-,5355.8000,5352.4000,5350.0000,5348.0000,5337.8000,5359.0000,5361.6000,5362.8000,5376.4000,5376.6000,1,1,1,1,1,1,1,1,1,5
SF,IC2009,2020-01-23 09:32:09.800,5358.4000,3484,0,79245600.000,0,-,-,-,-,5355.8000,5352.4000,5350.0000,5348.0000,5337.8000,5359.0000,5361.6000,5362.8000,5376.4000,5376.6000,1,1,1,1,1,1,1,1,1,5
SF,IC2009,2020-01-23 09:32:11.300,5355.8000,3484,0,80316760.000,1,0,1,多换,S,5352.4000,5350.0000,5348.0000,5337.8000,5331.2000,5358.8000,5359.0000,5362.8000,5376.4000,5376.6000,1,1,1,1,1,2,1,1,1,5
SF,IC2009,2020-01-23 09:32:11.800,5355.8000,3484,0,80316760.000,0,-,-,-,-,5350.0000,5348.0000,5337.8000,5331.2000,5321.6000,5358.8000,5359.0000,5362.8000,5376.4000,5376.6000,1,1,1,1,1,2,1,1,1,5
SF,IC2009,2020-01-23 09:32:12.800,5355.8000,3484,0,80316760.000,0,-,-,-,-,5350.0000,5348.0000,5337.8000,5331.2000,5321.6000,5358.8000,5362.8000,5376.4000,5376.6000,5380.2000,1,1,1,1,1,2,1,1,5,1
SF,IC2009,2020-01-23 09:32:13.300,5355.8000,3484,0,80316760.000,0,-,-,-,-,5355.0000,5350.4000,5350.0000,5348.0000,5337.8000,5358.2000,5358.8000,5376.4000,5376.6000,5380.2000,1,1,1,1,1,1,2,1,5,1
SF,IC2009,2020-01-23 09:32:13.800,5355.8000,3484,0,80316760.000,0,-,-,-,-,5355.0000,5350.4000,5350.0000,5348.0000,5337.8000,5358.0000,5358.2000,5358.8000,5376.4000,5376.6000,1,1,1,1,1,1,1,2,1,5
SF,IC2009,2020-01-23 09:32:14.300,5355.8000,3484,0,80316760.000,0,-,-,-,-,5355.0000,5350.4000,5350.0000,5348.0000,5337.8000,5358.0000,5358.8000,5376.4000,5376.6000,5380.2000,1,1,1,1,1,1,2,1,5,1
SF,IC2009,2020-01-23 09:32:14.800,5358.8000,3482,-2,82460120.000,2,0,2,双平,S,5355.0000,5350.4000,5350.0000,5348.0000,5337.8000,5358.8000,5376.4000,5376.6000,5380.2000,5412.0000,1,1,1,1,1,1,1,5,1,1
SF,IC2009,2020-01-23 09:32:15.300,5355.2000,3481,-1,83531160.000,1,0,1,双平,S,5355.0000,5350.4000,5350.0000,5348.0000,5337.8000,5358.8000,5376.4000,5376.6000,5380.2000,5412.0000,1,1,1,1,1,1,1,5,1,1
SF,IC2009,2020-01-23 09:32:17.300,5355.2000,3481,0,83531160.000,0,-,-,-,-,5355.2000,5355.0000,5350.4000,5350.0000,5348.0000,5358.8000,5376.4000,5376.6000,5380.2000,5412.0000,1,1,1,1,1,1,1,5,1,1
SF,IC2009,2020-01-23 09:32:18.300,5355.2000,3480,-1,84602200.000,1,0,1,双平,S,5355.0000,5350.4000,5350.0000,5348.0000,5337.8000,5358.6000,5358.8000,5376.4000,5376.6000,5380.2000,1,1,1,1,1,1,1,1,5,1
SF,IC2009,2020-01-23 09:32:19.800,5355.2000,3480,0,84602200.000,0,-,-,-,-,5355.0000,5350.4000,5350.0000,5348.0000,5337.8000,5358.4000,5358.6000,5376.4000,5376.6000,5380.2000,1,1,1,1,1,1,1,1,5,1
SF,IC2009,2020-01-23 09:32:20.800,5355.2000,3480,0,84602200.000,0,-,-,-,-,5355.0000,5350.4000,5350.0000,5348.0000,5337.8000,5358.2000,5358.4000,5376.4000,5376.6000,5380.2000,1,1,1,1,1,1,1,1,5,1
SF,IC2009,2020-01-23 09:32:21.800,5355.2000,3480,0,84602200.000,0,-,-,-,-,5355.0000,5350.4000,5350.0000,5348.0000,5337.8000,5356.6000,5358.0000,5358.2000,5376.4000,5376.6000,1,1,1,1,1,1,2,1,1,5
SF,IC2009,2020-01-23 09:32:22.300,5355.0000,3480,0,85673200.000,1,0,1,多换,S,5350.4000,5350.0000,5348.0000,5337.8000,5331.2000,5356.6000,5358.0000,5358.2000,5376.4000,5376.6000,1,1,1,1,1,1,2,1,1,5
SF,IC2009,2020-01-23 09:32:22.800,5355.0000,3480,0,85673200.000,0,-,-,-,-,5350.6000,5350.4000,5350.0000,5348.0000,5337.8000,5356.6000,5358.0000,5358.2000,5376.4000,5376.6000,1,1,1,1,1,1,2,1,1,5
SF,IC2009,2020-01-23 09:32:23.300,5355.0000,3480,0,85673200.000,0,-,-,-,-,5351.0000,5350.6000,5350.4000,5350.0000,5348.0000,5356.6000,5358.0000,5376.4000,5376.6000,5380.2000,1,1,1,1,1,1,2,1,5,1
SF,IC2009,2020-01-23 09:32:23.800,5355.0000,3480,0,85673200.000,0,-,-,-,-,5351.0000,5350.0000,5348.0000,5337.8000,5331.2000,5356.6000,5358.0000,5376.4000,5376.6000,5380.2000,1,1,1,1,1,1,2,1,5,1
SF,IC2009,2020-01-23 09:32:24.300,5351.0000,3479,-1,87813680.000,2,0,2,多平,S,5350.0000,5348.0000,5337.8000,5331.2000,5321.6000,5356.6000,5358.0000,5376.4000,5376.6000,5380.2000,1,1,1,1,1,1,2,1,5,1
SF,IC2009,2020-01-23 09:32:24.800,5351.0000,3479,0,87813680.000,0,-,-,-,-,5350.4000,5350.0000,5348.0000,5337.8000,5331.2000,5356.2000,5356.6000,5376.4000,5376.6000,5380.2000,2,1,1,1,1,1,1,1,5,1
SF,IC2009,2020-01-23 09:32:25.800,5350.0000,3478,-1,91023840.000,3,1,2,多平,S,5350.6000,5348.0000,5337.8000,5331.2000,5321.6000,5356.2000,5356.6000,5376.4000,5376.6000,5380.2000,1,1,1,1,1,1,1,1,5,1
SF,IC2009,2020-01-23 09:32:26.300,5350.0000,3478,0,91023840.000,0,-,-,-,-,5351.0000,5350.6000,5348.0000,5337.8000,5331.2000,5356.2000,5356.6000,5376.4000,5376.6000,5380.2000,1,1,1,1,1,1,1,1,5,1
SF,IC2009,2020-01-23 09:32:26.800,5350.0000,3478,0,91023840.000,0,-,-,-,-,5351.0000,5350.6000,5348.0000,5337.8000,5331.2000,5356.2000,5376.4000,5376.6000,5380.2000,5412.0000,1,1,1,1,1,1,1,5,1,1
SF,IC2009,2020-01-23 09:32:27.300,5350.0000,3478,0,91023840.000,0,-,-,-,-,5351.0000,5350.6000,5348.0000,5337.8000,5331.2000,5353.6000,5356.2000,5376.4000,5376.6000,5380.2000,1,1,1,1,1,1,1,1,5,1
SF,IC2009,2020-01-23 09:32:27.800,5353.6000,3478,0,92094560.000,1,0,1,多换,S,5351.2000,5351.0000,5350.6000,5348.0000,5337.8000,5356.2000,5376.4000,5376.6000,5380.2000,5412.0000,2,1,1,1,1,1,1,5,1,1
SF,IC2009,2020-01-23 09:32:28.300,5353.6000,3478,0,92094560.000,0,-,-,-,-,5351.6000,5351.2000,5351.0000,5350.6000,5348.0000,5356.2000,5376.4000,5376.6000,5380.2000,5412.0000,1,2,1,1,1,1,1,5,1,1
SF,IC2009,2020-01-23 09:32:28.800,5353.6000,3478,0,92094560.000,0,-,-,-,-,5351.8000,5351.2000,5351.0000,5350.6000,5348.0000,5356.2000,5376.4000,5376.6000,5380.2000,5412.0000,1,2,1,1,1,1,1,5,1,1
SF,IC2009,2020-01-23 09:32:29.300,5353.6000,3478,0,92094560.000,0,-,-,-,-,5352.2000,5351.8000,5351.2000,5351.0000,5350.6000,5356.2000,5376.4000,5376.6000,5380.2000,5412.0000,1,1,1,1,1,1,1,5,1,1
SF,IC2009,2020-01-23 09:32:29.800,5353.6000,3478,0,92094560.000,0,-,-,-,-,5352.4000,5352.2000,5351.0000,5350.6000,5348.0000,5356.2000,5376.4000,5376.6000,5380.2000,5412.0000,1,1,1,1,1,1,1,5,1,1
SF,IC2009,2020-01-23 09:32:30.300,5353.6000,3478,0,92094560.000,0,-,-,-,-,5352.8000,5352.4000,5352.2000,5351.0000,5350.6000,5356.2000,5376.4000,5376.6000,5380.2000,5412.0000,1,2,1,1,1,1,1,5,1,1
SF,IC2009,2020-01-23 09:32:30.800,5353.6000,3478,0,92094560.000,0,-,-,-,-,5352.4000,5352.2000,5351.0000,5350.6000,5348.0000,5356.2000,5376.4000,5376.6000,5380.2000,5412.0000,2,1,1,1,1,1,1,5,1,1
SF,IC2009,2020-01-23 09:32:31.300,5353.6000,3478,0,92094560.000,0,-,-,-,-,5352.8000,5352.4000,5352.2000,5351.0000,5348.0000,5356.2000,5376.4000,5376.6000,5380.2000,5412.0000,1,1,1,1,1,1,1,5,1,1
SF,IC2009,2020-01-23 09:32:31.800,5353.6000,3478,0,92094560.000,0,-,-,-,-,5352.8000,5352.2000,5351.0000,5348.0000,5337.8000,5356.2000,5376.4000,5376.6000,5380.2000,5412.0000,1,1,1,1,1,1,1,5,1,1
SF,IC2009,2020-01-23 09:32:32.300,5353.6000,3478,0,92094560.000,0,-,-,-,-,5353.0000,5351.0000,5348.0000,5337.8000,5331.2000,5356.2000,5376.4000,5376.6000,5380.2000,5412.0000,1,1,1,1,1,1,1,5,1,1
SF,IC2009,2020-01-23 09:32:32.800,5353.6000,3478,0,92094560.000,0,-,-,-,-,5353.0000,5351.0000,5348.0000,5337.8000,5331.2000,5356.2000,5376.4000,5376.6000,5380.2000,5412.0000,1,1,2,1,1,1,1,5,1,1
SF,IC2009,2020-01-23 09:32:33.300,5356.2000,3478,0,93165800.000,1,0,1,多换,S,5356.2000,5353.2000,5353.0000,5351.0000,5348.0000,5376.4000,5376.6000,5380.2000,5412.0000,5413.0000,5,1,1,1,2,1,5,1,1,2
SF,IC2009,2020-01-23 09:32:33.800,5356.2000,3478,0,93165800.000,0,-,-,-,-,5356.4000,5356.2000,5353.2000,5351.0000,5348.0000,5363.4000,5363.6000,5366.4000,5372.8000,5376.0000,1,5,1,1,2,1,3,1,2,1
SF,IC2009,2020-01-23 09:32:34.300,5356.2000,3478,0,93165800.000,0,-,-,-,-,5356.4000,5356.2000,5353.2000,5351.0000,5348.0000,5363.0000,5363.4000,5363.6000,5366.4000,5372.8000,1,5,1,1,2,1,1,3,1,2
SF,IC2009,2020-01-23 09:32:34.800,5356.2000,3478,0,93165800.000,0,-,-,-,-,5356.2000,5353.2000,5351.0000,5348.0000,5337.8000,5359.2000,5363.0000,5363.6000,5366.4000,5372.8000,5,1,1,2,1,1,1,3,1,2
SF,IC2009,2020-01-23 09:32:35.300,5356.2000,3477,-1,94237040.000,1,0,1,双平,S,5356.2000,5353.2000,5351.0000,5348.0000,5337.8000,5358.8000,5363.0000,5363.6000,5366.4000,5372.8000,5,1,1,2,1,1,1,3,1,2
SF,IC2009,2020-01-23 09:32:35.800,5356.2000,3477,0,99593240.000,5,2,3,多换,S,5353.2000,5351.0000,5348.0000,5337.8000,5331.2000,5363.6000,5366.4000,5376.4000,5376.6000,5380.2000,1,1,2,1,1,3,1,1,5,1
SF,IC2009,2020-01-23 09:32:36.300,5356.2000,3477,0,99593240.000,0,-,-,-,-,5353.2000,5351.0000,5348.0000,5337.8000,5331.2000,5363.4000,5363.6000,5366.4000,5376.4000,5376.6000,1,1,2,1,1,2,3,1,1,5
SF,IC2009,2020-01-23 09:32:36.800,5356.2000,3477,0,99593240.000,0,-,-,-,-,5353.6000,5353.2000,5351.0000,5348.0000,5337.8000,5359.0000,5359.2000,5363.4000,5363.6000,5365.0000,1,1,1,2,1,1,1,1,2,5
SF,IC2009,2020-01-23 09:32:37.300,5356.2000,3477,0,99593240.000,0,-,-,-,-,5353.8000,5353.6000,5353.2000,5351.0000,5348.0000,5359.0000,5359.2000,5362.0000,5363.6000,5365.0000,1,1,1,1,2,1,1,1,2,5
SF,IC2009,2020-01-23 09:32:37.800,5356.2000,3477,0,99593240.000,0,-,-,-,-,5353.8000,5353.2000,5351.0000,5348.0000,5337.8000,5359.0000,5359.2000,5362.0000,5363.6000,5365.0000,1,1,1,2,1,1,1,1,1,5
SF,IC2009,2020-01-23 09:32:38.300,5356.2000,3477,0,99593240.000,0,-,-,-,-,5353.8000,5353.2000,5351.0000,5348.0000,5337.8000,5359.0000,5359.2000,5362.0000,5363.6000,5365.0000,1,1,1,2,1,1,1,1,1,5
SF,IC2009,2020-01-23 09:32:38.800,5356.2000,3477,0,99593240.000,0,-,-,-,-,5353.2000,5351.0000,5348.0000,5337.8000,5331.2000,5358.8000,5359.0000,5359.2000,5362.0000,5365.0000,1,1,2,1,1,1,2,1,1,5
SF,IC2009,2020-01-23 09:32:39.300,5356.2000,3477,0,99593240.000,0,-,-,-,-,5353.2000,5351.0000,5348.0000,5337.8000,5331.2000,5358.8000,5359.0000,5359.2000,5362.0000,5365.0000,1,1,2,1,1,1,2,1,1,5
SF,IC2009,2020-01-23 09:32:39.800,5356.2000,3477,0,99593240.000,0,-,-,-,-,5353.2000,5351.0000,5348.0000,5337.8000,5331.2000,5358.8000,5359.0000,5359.2000,5362.0000,5370.8000,1,1,2,1,1,1,1,1,1,5
SF,IC2009,2020-01-23 09:32:40.300,5356.2000,3477,0,99593240.000,0,-,-,-,-,5353.4000,5353.2000,5351.0000,5348.0000,5337.8000,5359.0000,5359.2000,5362.0000,5370.8000,5376.4000,1,1,1,2,1,1,1,1,5,1
SF,IC2009,2020-01-23 09:32:40.800,5356.2000,3477,0,99593240.000,0,-,-,-,-,5353.4000,5353.2000,5351.0000,5348.0000,5337.8000,5359.2000,5362.0000,5370.8000,5376.4000,5380.2000,1,1,1,2,1,1,1,5,1,1
SF,IC2009,2020-01-23 09:32:41.300,5356.2000,3477,0,99593240.000,0,-,-,-,-,5353.4000,5353.2000,5351.0000,5348.0000,5337.8000,5359.2000,5362.0000,5370.8000,5376.4000,5380.2000,1,1,1,2,1,2,1,5,1,1
SF,IC2009,2020-01-23 09:32:41.800,5356.2000,3477,0,99593240.000,0,-,-,-,-,5353.8000,5353.4000,5353.2000,5351.0000,5348.0000,5358.8000,5359.2000,5362.0000,5370.8000,5376.4000,1,1,1,1,2,1,2,1,5,1
SF,IC2009,2020-01-23 09:32:42.300,5356.2000,3477,0,99593240.000,0,-,-,-,-,5353.8000,5353.4000,5353.2000,5351.0000,5348.0000,5358.8000,5359.2000,5362.0000,5370.8000,5376.4000,1,1,1,1,2,1,1,1,5,1
SF,IC2009,2020-01-23 09:32:42.800,5354.0000,3476,-1,100664040.000,1,0,1,双平,S,5353.8000,5353.4000,5353.2000,5351.0000,5348.0000,5358.8000,5359.2000,5362.0000,5370.8000,5376.4000,1,1,1,1,2,1,1,1,5,1
SF,IC2009,2020-01-23 09:32:43.300,5354.0000,3476,0,100664040.000,0,-,-,-,-,5353.8000,5353.4000,5353.2000,5351.0000,5348.0000,5358.8000,5370.8000,5376.4000,5380.2000,5412.0000,1,1,1,1,2,1,5,1,1,1
SF,IC2009,2020-01-23 09:32:43.800,5354.0000,3476,0,100664040.000,0,-,-,-,-,5354.0000,5353.8000,5353.4000,5353.2000,5351.0000,5358.8000,5370.8000,5376.4000,5380.2000,5412.0000,1,1,1,1,1,1,5,1,1,1
SF,IC2009,2020-01-23 09:32:44.300,5354.0000,3476,0,100664040.000,0,-,-,-,-,5354.4000,5354.0000,5353.8000,5353.4000,5353.2000,5358.8000,5370.8000,5376.4000,5380.2000,5412.0000,2,1,1,1,1,1,5,1,1,1
SF,IC2009,2020-01-23 09:32:44.800,5354.0000,3476,0,100664040.000,0,-,-,-,-,5354.4000,5354.0000,5353.8000,5353.4000,5353.2000,5358.8000,5370.8000,5376.4000,5380.2000,5412.0000,2,1,1,1,1,1,5,1,1,1
SF,IC2009,2020-01-23 09:32:45.300,5354.0000,3476,0,100664040.000,0,-,-,-,-,5354.4000,5354.0000,5353.8000,5353.2000,5351.0000,5358.8000,5370.8000,5376.4000,5380.2000,5412.0000,2,1,1,1,1,1,5,1,1,1
SF,IC2009,2020-01-23 09:32:45.800,5354.0000,3476,0,100664040.000,0,-,-,-,-,5354.6000,5354.4000,5353.8000,5353.2000,5351.0000,5358.8000,5370.8000,5376.4000,5380.2000,5412.0000,2,2,1,1,1,1,5,1,1,1
SF,IC2009,2020-01-23 09:32:46.300,5354.0000,3476,0,100664040.000,0,-,-,-,-,5355.0000,5354.6000,5354.4000,5353.8000,5353.2000,5358.8000,5370.8000,5376.4000,5380.2000,5412.0000,2,2,2,1,1,1,5,1,1,1
SF,IC2009,2020-01-23 09:32:46.800,5358.8000,3475,-1,101735800.000,1,0,1,双平,S,5355.0000,5354.6000,5354.4000,5353.8000,5353.2000,5370.8000,5376.4000,5380.2000,5412.0000,5413.0000,2,2,2,1,1,5,1,1,1,2
SF,IC2009,2020-01-23 09:32:47.300,5358.8000,3475,0,101735800.000,0,-,-,-,-,5355.4000,5355.0000,5354.6000,5354.4000,5353.8000,5363.4000,5363.6000,5368.0000,5369.6000,5370.8000,1,2,1,2,1,1,2,1,1,5
SF,IC2009,2020-01-23 09:32:47.800,5358.8000,3475,0,101735800.000,0,-,-,-,-,5355.8000,5355.4000,5355.0000,5354.6000,5354.4000,5363.4000,5363.6000,5368.0000,5369.6000,5370.8000,1,1,2,1,2,1,1,1,1,5
SF,IC2009,2020-01-23 09:32:48.300,5358.8000,3475,0,101735800.000,0,-,-,-,-,5355.0000,5354.6000,5354.4000,5353.8000,5351.0000,5359.0000,5359.2000,5368.0000,5370.8000,5380.2000,2,1,2,1,1,1,1,1,5,1
SF,IC2009,2020-01-23 09:32:48.800,5359.0000,3474,-1,102807600.000,1,0,1,双平,S,5355.0000,5354.6000,5354.4000,5353.8000,5351.0000,5370.8000,5380.2000,5412.0000,5413.0000,5422.4000,2,1,2,1,1,5,1,1,2,1
SF,IC2009,2020-01-23 09:32:49.300,5359.0000,3474,0,102807600.000,0,-,-,-,-,5359.0000,5355.0000,5354.6000,5354.4000,5353.8000,5367.6000,5368.0000,5368.2000,5370.6000,5370.8000,1,2,1,2,1,1,1,1,1,5
SF,IC2009,2020-01-23 09:32:49.800,5359.0000,3474,0,102807600.000,0,-,-,-,-,5355.0000,5354.4000,5353.8000,5350.4000,5348.0000,5363.4000,5368.0000,5368.2000,5370.6000,5370.8000,2,2,1,1,2,1,1,1,1,5
SF,IC2009,2020-01-23 09:32:50.300,5359.0000,3474,0,102807600.000,0,-,-,-,-,5355.0000,5354.4000,5353.8000,5350.4000,5348.0000,5368.0000,5368.2000,5370.6000,5370.8000,5380.2000,2,2,1,1,2,1,1,1,5,1
SF,IC2009,2020-01-23 09:32:50.800,5359.0000,3474,0,102807600.000,0,-,-,-,-,5355.4000,5355.0000,5354.4000,5353.8000,5350.4000,5367.6000,5368.0000,5368.2000,5370.6000,5370.8000,1,2,2,1,1,1,1,1,1,5
SF,IC2009,2020-01-23 09:32:51.300,5359.0000,3474,0,102807600.000,0,-,-,-,-,5355.8000,5355.6000,5355.4000,5355.0000,5354.4000,5364.6000,5367.6000,5368.0000,5368.2000,5370.8000,2,1,1,2,2,1,1,1,1,5
SF,IC2009,2020-01-23 09:32:51.800,5359.0000,3474,0,102807600.000,0,-,-,-,-,5359.0000,5356.2000,5355.8000,5355.6000,5355.4000,5364.6000,5366.8000,5367.6000,5368.0000,5368.2000,1,1,3,1,1,1,1,1,1,1
SF,IC2009,2020-01-23 09:32:52.300,5359.0000,3474,0,102807600.000,0,-,-,-,-,5356.2000,5355.8000,5355.4000,5355.0000,5354.4000,5364.2000,5364.4000,5364.6000,5367.6000,5368.0000,1,2,1,2,1,1,1,1,1,1
SF,IC2009,2020-01-23 09:32:52.800,5359.0000,3474,0,102807600.000,0,-,-,-,-,5356.4000,5356.2000,5355.8000,5355.4000,5355.0000,5364.2000,5364.4000,5364.6000,5367.6000,5368.0000,1,1,2,1,2,1,1,1,1,1
SF,IC2009,2020-01-23 09:32:53.300,5359.0000,3474,0,102807600.000,0,-,-,-,-,5359.0000,5356.8000,5356.6000,5356.4000,5356.2000,5364.2000,5367.6000,5368.0000,5368.2000,5376.6000,1,2,1,1,1,1,1,1,1,5
SF,IC2009,2020-01-23 09:32:53.800,5359.0000,3474,0,102807600.000,0,-,-,-,-,5359.4000,5359.0000,5357.2000,5356.8000,5356.6000,5364.2000,5367.6000,5368.0000,5368.2000,5376.6000,1,1,1,2,1,1,1,1,1,5
SF,IC2009,2020-01-23 09:32:54.800,5359.0000,3474,0,102807600.000,0,-,-,-,-,5359.4000,5359.0000,5356.8000,5356.6000,5356.2000,5364.2000,5367.6000,5368.0000,5368.2000,5376.6000,1,1,2,1,1,1,1,1,1,5
SF,IC2009,2020-01-23 09:32:55.300,5359.0000,3474,0,102807600.000,0,-,-,-,-,5359.4000,5359.0000,5356.8000,5356.6000,5356.2000,5367.6000,5368.0000,5368.2000,5376.6000,5380.2000,1,1,2,1,1,1,1,1,5,1
SF,IC2009,2020-01-23 09:32:57.300,5359.0000,3474,0,102807600.000,0,-,-,-,-,5359.4000,5359.0000,5356.8000,5356.6000,5356.2000,5367.4000,5367.6000,5368.0000,5368.2000,5376.6000,1,1,2,1,1,1,1,1,1,5
SF,IC2009,2020-01-23 09:32:57.800,5359.0000,3474,0,102807600.000,0,-,-,-,-,5359.6000,5359.0000,5356.8000,5356.2000,5355.8000,5363.6000,5367.4000,5367.6000,5368.2000,5376.6000,2,1,1,1,1,1,1,1,1,5
SF,IC2009,2020-01-23 09:32:58.300,5359.0000,3474,0,102807600.000,0,-,-,-,-,5359.6000,5359.0000,5356.8000,5356.2000,5355.8000,5367.4000,5367.6000,5368.2000,5376.6000,5380.2000,2,1,1,1,1,1,1,1,5,1
SF,IC2009,2020-01-23 09:32:58.800,5359.0000,3474,0,102807600.000,0,-,-,-,-,5359.6000,5359.0000,5356.8000,5356.2000,5355.8000,5367.4000,5367.6000,5368.2000,5376.6000,5380.2000,2,1,1,1,1,1,1,1,5,1
SF,IC2009,2020-01-23 09:32:59.300,5359.0000,3474,0,102807600.000,0,-,-,-,-,5359.0000,5356.8000,5356.2000,5355.8000,5355.0000,5367.2000,5367.4000,5367.6000,5368.2000,5376.6000,1,1,1,1,2,1,1,1,1,5
SF,IC2009,2020-01-23 09:32:59.800,5359.0000,3474,0,102807600.000,0,-,-,-,-,5360.0000,5359.4000,5359.0000,5356.8000,5355.8000,5363.6000,5367.2000,5367.4000,5367.6000,5368.2000,1,2,1,1,1,1,1,1,1,1
SF,IC2009,2020-01-23 09:33:00.300,5359.0000,3474,0,102807600.000,0,-,-,-,-,5360.2000,5360.0000,5359.4000,5359.0000,5356.8000,5366.8000,5367.6000,5368.2000,5376.6000,5380.2000,1,1,1,1,1,1,1,1,5,1
SF,IC2009,2020-01-23 09:33:01.300,5359.0000,3474,0,102807600.000,0,-,-,-,-,5360.6000,5360.2000,5359.4000,5359.0000,5356.8000,5366.8000,5367.6000,5368.2000,5376.6000,5380.2000,1,1,1,1,1,1,1,1,5,1
SF,IC2009,2020-01-23 09:33:01.800,5359.0000,3474,0,102807600.000,0,-,-,-,-,5360.6000,5360.2000,5359.4000,5359.0000,5356.8000,5366.8000,5367.6000,5368.2000,5376.6000,5380.2000,1,1,1,1,1,1,1,1,5,1
SF,IC2009,2020-01-23 09:33:04.300,5359.0000,3474,0,102807600.000,0,-,-,-,-,5360.2000,5359.4000,5359.0000,5356.8000,5355.8000,5366.8000,5367.6000,5368.2000,5376.6000,5380.2000,1,1,1,1,1,1,1,1,5,1
SF,IC2009,2020-01-23 09:33:04.800,5359.0000,3474,0,102807600.000,0,-,-,-,-,5360.2000,5359.4000,5359.0000,5356.8000,5355.8000,5366.8000,5367.6000,5376.6000,5380.2000,5412.0000,1,1,1,1,1,1,1,5,1,1
SF,IC2009,2020-01-23 09:33:05.300,5359.0000,3474,0,102807600.000,0,-,-,-,-,5360.2000,5359.8000,5359.4000,5359.0000,5356.8000,5366.8000,5367.6000,5376.6000,5380.2000,5412.0000,1,1,1,1,1,1,1,5,1,1
SF,IC2009,2020-01-23 09:33:05.800,5359.0000,3474,0,102807600.000,0,-,-,-,-,5360.2000,5359.8000,5359.4000,5359.0000,5356.8000,5363.6000,5366.8000,5367.6000,5376.6000,5380.2000,1,1,1,1,1,1,1,1,5,1
SF,IC2009,2020-01-23 09:33:06.300,5359.0000,3474,0,102807600.000,0,-,-,-,-,5360.2000,5359.8000,5359.4000,5359.0000,5356.8000,5366.8000,5367.6000,5376.6000,5380.2000,5412.0000,1,1,1,1,1,1,1,5,1,1
SF,IC2009,2020-01-23 09:33:06.800,5359.0000,3474,0,102807600.000,0,-,-,-,-,5359.8000,5359.4000,5359.0000,5356.8000,5355.8000,5363.6000,5366.6000,5366.8000,5367.6000,5376.6000,1,1,1,1,1,1,1,1,1,5
SF,IC2009,2020-01-23 09:33:07.300,5359.0000,3474,0,102807600.000,0,-,-,-,-,5359.8000,5359.0000,5356.8000,5355.8000,5355.0000,5363.6000,5366.6000,5366.8000,5367.6000,5376.6000,1,1,1,1,2,1,1,1,1,5
SF,IC2009,2020-01-23 09:33:07.800,5359.0000,3474,0,102807600.000,0,-,-,-,-,5359.8000,5359.0000,5356.8000,5355.8000,5355.0000,5363.6000,5366.2000,5366.6000,5367.6000,5376.6000,1,1,1,1,2,1,1,1,1,5
SF,IC2009,2020-01-23 09:33:08.300,5359.0000,3474,0,102807600.000,0,-,-,-,-,5359.8000,5359.0000,5356.8000,5355.8000,5355.0000,5366.2000,5366.6000,5367.6000,5376.6000,5380.2000,1,1,1,1,2,1,1,1,5,1
SF,IC2009,2020-01-23 09:33:08.800,5359.0000,3474,0,102807600.000,0,-,-,-,-,5360.0000,5359.8000,5359.0000,5356.8000,5355.8000,5363.0000,5366.2000,5366.6000,5367.6000,5376.6000,1,1,1,1,1,1,1,1,1,5
SF,IC2009,2020-01-23 09:33:09.300,5359.0000,3474,0,102807600.000,0,-,-,-,-,5360.0000,5359.8000,5359.0000,5356.8000,5355.8000,5363.0000,5366.2000,5366.6000,5367.6000,5376.6000,1,1,1,1,1,1,1,1,1,5
SF,IC2009,2020-01-23 09:33:09.800,5359.0000,3474,0,102807600.000,0,-,-,-,-,5360.2000,5360.0000,5359.8000,5359.0000,5356.8000,5363.0000,5366.2000,5366.6000,5367.6000,5376.6000,1,1,1,1,1,1,1,1,1,5
SF,IC2009,2020-01-23 09:33:10.300,5359.0000,3474,0,102807600.000,0,-,-,-,-,5360.6000,5360.2000,5360.0000,5359.8000,5359.0000,5363.0000,5366.2000,5366.6000,5367.6000,5376.6000,1,1,1,1,1,1,1,1,1,5
SF,IC2009,2020-01-23 09:33:10.800,5359.0000,3474,0,102807600.000,0,-,-,-,-,5360.2000,5360.0000,5359.8000,5359.0000,5355.8000,5363.0000,5366.2000,5366.6000,5367.6000,5376.6000,1,1,1,1,1,1,1,1,1,5
SF,IC2009,2020-01-23 09:33:11.300,5359.0000,3474,0,102807600.000,0,-,-,-,-,5360.6000,5360.2000,5359.8000,5359.0000,5355.8000,5363.0000,5366.2000,5366.6000,5367.6000,5376.6000,1,1,1,1,1,1,1,1,1,5
SF,IC2009,2020-01-23 09:33:11.800,5359.0000,3474,0,102807600.000,0,-,-,-,-,5361.0000,5359.8000,5359.0000,5355.8000,5355.0000,5363.0000,5366.2000,5366.6000,5367.6000,5376.6000,1,1,1,1,2,1,1,1,1,5
SF,IC2009,2020-01-23 09:33:12.300,5359.0000,3474,0,102807600.000,0,-,-,-,-,5361.2000,5359.8000,5359.0000,5355.8000,5355.0000,5363.0000,5366.6000,5367.6000,5376.6000,5380.2000,1,1,1,1,2,1,1,1,5,1
SF,IC2009,2020-01-23 09:33:12.800,5359.0000,3474,0,102807600.000,0,-,-,-,-,5361.2000,5361.0000,5359.8000,5359.0000,5355.8000,5363.0000,5366.6000,5367.6000,5376.6000,5380.2000,1,1,1,1,1,1,1,1,5,1
SF,IC2009,2020-01-23 09:33:13.300,5359.0000,3474,0,102807600.000,0,-,-,-,-,5361.2000,5359.8000,5359.0000,5355.8000,5355.0000,5363.0000,5366.6000,5367.6000,5376.6000,5380.2000,1,1,1,1,1,1,1,1,5,1
SF,IC2009,2020-01-23 09:33:13.800,5359.0000,3474,0,102807600.000,0,-,-,-,-,5361.4000,5361.2000,5359.8000,5359.0000,5355.8000,5366.6000,5367.6000,5376.6000,5399.8000,5412.0000,1,1,1,1,1,1,1,5,1,1
SF,IC2009,2020-01-23 09:33:14.300,5360.6000,3473,-1,103879720.000,1,0,1,双平,S,5361.2000,5359.8000,5359.0000,5355.8000,5355.0000,5364.0000,5366.6000,5367.6000,5376.6000,5399.8000,1,1,1,1,1,1,1,1,5,1
SF,IC2009,2020-01-23 09:33:14.800,5360.6000,3473,0,103879720.000,0,-,-,-,-,5361.6000,5361.2000,5359.8000,5359.0000,5355.8000,5364.0000,5366.6000,5367.6000,5369.0000,5376.6000,1,1,1,1,1,1,1,1,1,5
SF,IC2009,2020-01-23 09:33:15.300,5360.6000,3473,0,103879720.000,0,-,-,-,-,5362.0000,5361.2000,5359.8000,5359.0000,5355.8000,5364.0000,5366.6000,5367.6000,5369.0000,5376.6000,1,1,1,1,1,1,1,1,1,5
SF,IC2009,2020-01-23 09:33:15.800,5360.6000,3473,0,103879720.000,0,-,-,-,-,5361.2000,5359.8000,5359.0000,5355.0000,5350.4000,5364.0000,5366.6000,5367.6000,5369.0000,5376.6000,1,1,1,1,1,1,1,1,1,5
SF,IC2009,2020-01-23 09:33:16.300,5360.6000,3473,0,103879720.000,0,-,-,-,-,5361.6000,5361.2000,5359.8000,5359.0000,5355.0000,5364.0000,5366.6000,5367.6000,5369.0000,5376.6000,1,1,1,1,1,1,1,1,1,5
SF,IC2009,2020-01-23 09:33:16.800,5360.6000,3473,0,103879720.000,0,-,-,-,-,5359.8000,5359.0000,5355.0000,5350.4000,5348.0000,5363.8000,5364.0000,5366.6000,5367.6000,5369.0000,1,1,1,1,2,1,1,1,1,1
SF,IC2009,2020-01-23 09:33:17.300,5360.6000,3473,0,103879720.000,0,-,-,-,-,5359.8000,5359.0000,5355.0000,5350.4000,5348.0000,5363.8000,5364.0000,5366.6000,5367.6000,5369.0000,1,1,1,1,2,1,1,1,1,1
SF,IC2009,2020-01-23 09:33:17.800,5360.6000,3473,0,103879720.000,0,-,-,-,-,5359.8000,5359.0000,5355.0000,5350.4000,5348.0000,5363.8000,5364.0000,5366.6000,5367.6000,5369.0000,1,1,1,1,2,1,1,1,1,1
SF,IC2009,2020-01-23 09:33:18.300,5360.6000,3473,0,103879720.000,0,-,-,-,-,5360.0000,5359.8000,5359.0000,5355.0000,5350.4000,5364.0000,5366.6000,5367.6000,5369.0000,5376.6000,1,1,1,1,1,1,1,1,1,5
SF,IC2009,2020-01-23 09:33:19.800,5360.6000,3473,0,103879720.000,0,-,-,-,-,5360.4000,5360.0000,5359.8000,5359.0000,5355.0000,5366.6000,5367.6000,5369.0000,5376.6000,5399.8000,1,1,1,1,1,1,1,1,5,1
SF,IC2009,2020-01-23 09:33:20.300,5360.6000,3473,0,103879720.000,0,-,-,-,-,5360.4000,5360.0000,5359.8000,5359.0000,5355.0000,5363.4000,5366.6000,5367.6000,5369.0000,5376.6000,1,1,1,1,1,1,1,1,1,5
SF,IC2009,2020-01-23 09:33:20.800,5360.6000,3473,0,103879720.000,0,-,-,-,-,5360.4000,5359.8000,5359.0000,5355.0000,5350.4000,5363.4000,5366.6000,5367.6000,5369.0000,5376.6000,1,1,1,1,1,1,1,1,1,5
SF,IC2009,2020-01-23 09:33:21.300,5360.6000,3473,0,103879720.000,0,-,-,-,-,5359.8000,5359.0000,5355.0000,5350.4000,5348.0000,5363.2000,5363.4000,5366.6000,5367.6000,5369.0000,1,1,1,1,2,1,1,1,1,1
SF,IC2009,2020-01-23 09:33:21.800,5360.6000,3473,0,103879720.000,0,-,-,-,-,5360.0000,5359.8000,5359.0000,5355.0000,5350.4000,5363.2000,5363.4000,5366.6000,5367.6000,5369.0000,1,1,1,1,1,1,1,1,1,1
SF,IC2009,2020-01-23 09:33:22.300,5360.6000,3473,0,103879720.000,0,-,-,-,-,5360.2000,5359.8000,5359.0000,5355.0000,5350.4000,5363.4000,5366.6000,5367.6000,5369.0000,5376.6000,1,1,1,1,1,1,1,1,1,5
SF,IC2009,2020-01-23 09:33:23.800,5360.6000,3473,0,103879720.000,0,-,-,-,-,5360.2000,5359.8000,5359.0000,5355.0000,5350.4000,5363.4000,5366.6000,5367.6000,5369.0000,5376.6000,1,1,1,1,1,1,1,1,1,5
SF,IC2009,2020-01-23 09:33:24.300,5360.6000,3473,0,103879720.000,0,-,-,-,-,5360.6000,5360.2000,5359.8000,5359.0000,5355.0000,5363.4000,5366.6000,5367.6000,5369.0000,5376.6000,1,1,1,1,1,1,1,1,1,5
SF,IC2009,2020-01-23 09:33:25.300,5360.6000,3473,0,103879720.000,0,-,-,-,-,5360.6000,5359.8000,5359.0000,5355.0000,5350.4000,5363.0000,5366.6000,5367.6000,5369.0000,5376.6000,1,1,1,1,1,1,1,1,1,5
SF,IC2009,2020-01-23 09:33:25.800,5360.6000,3473,0,103879720.000,0,-,-,-,-,5361.0000,5360.6000,5359.8000,5359.0000,5355.0000,5361.8000,5362.8000,5366.6000,5367.6000,5369.0000,1,1,1,1,1,1,1,1,1,1
SF,IC2009,2020-01-23 09:33:26.300,5361.8000,3473,0,104952080.000,1,0,1,多换,S,5361.0000,5359.8000,5359.0000,5355.0000,5350.4000,5362.8000,5366.6000,5367.6000,5369.0000,5376.6000,1,1,1,1,1,1,1,1,1,5
SF,IC2009,2020-01-23 09:33:27.800,5361.8000,3473,0,104952080.000,0,-,-,-,-,5361.0000,5359.8000,5359.0000,5355.0000,5350.4000,5366.6000,5367.6000,5369.0000,5376.6000,5399.8000,1,1,1,1,1,1,1,1,5,1
SF,IC2009,2020-01-23 09:33:28.300,5361.8000,3473,0,104952080.000,0,-,-,-,-,5361.2000,5361.0000,5360.0000,5359.8000,5359.0000,5366.6000,5367.6000,5369.0000,5376.6000,5399.8000,1,2,1,1,1,1,1,1,5,1
SF,IC2009,2020-01-23 09:33:29.800,5361.8000,3473,0,104952080.000,0,-,-,-,-,5361.0000,5360.0000,5359.8000,5359.0000,5355.0000,5366.4000,5366.6000,5367.6000,5369.0000,5376.6000,2,1,1,1,1,1,1,1,1,5
SF,IC2009,2020-01-23 09:33:30.300,5361.8000,3473,0,104952080.000,0,-,-,-,-,5361.0000,5360.0000,5359.8000,5359.0000,5355.0000,5366.4000,5366.6000,5367.6000,5369.0000,5376.6000,2,1,1,1,1,1,1,1,1,5
SF,IC2009,2020-01-23 09:33:30.800,5361.8000,3473,0,104952080.000,0,-,-,-,-,5361.6000,5361.2000,5361.0000,5360.0000,5359.8000,5367.6000,5369.0000,5376.6000,5399.8000,5412.0000,1,1,2,1,1,1,1,5,1,1
SF,IC2009,2020-01-23 09:33:31.300,5361.8000,3473,0,104952080.000,0,-,-,-,-,5362.0000,5361.6000,5361.2000,5361.0000,5360.0000,5369.0000,5376.6000,5399.8000,5412.0000,5413.0000,1,1,1,2,1,1,5,1,1,2
SF,IC2009,2020-01-23 09:33:31.800,5361.8000,3473,0,104952080.000,0,-,-,-,-,5362.0000,5361.2000,5361.0000,5360.0000,5359.8000,5368.0000,5369.0000,5376.6000,5399.8000,5412.0000,2,1,2,1,1,1,1,5,1,1
SF,IC2009,2020-01-23 09:33:32.300,5361.8000,3473,0,104952080.000,0,-,-,-,-,5362.0000,5361.2000,5361.0000,5360.0000,5359.8000,5369.0000,5376.6000,5399.8000,5412.0000,5413.0000,2,1,2,1,1,1,5,1,1,2
SF,IC2009,2020-01-23 09:33:32.800,5361.8000,3473,0,104952080.000,0,-,-,-,-,5362.0000,5361.2000,5361.0000,5360.0000,5359.8000,5369.0000,5376.6000,5399.8000,5412.0000,5413.0000,2,1,2,1,1,1,5,1,1,2
SF,IC2009,2020-01-23 09:33:33.300,5361.8000,3473,0,104952080.000,0,-,-,-,-,5363.6000,5362.4000,5362.0000,5361.0000,5360.0000,5369.0000,5376.6000,5399.8000,5412.0000,5413.0000,1,1,2,2,1,1,5,1,1,2
SF,IC2009,2020-01-23 09:33:33.800,5361.8000,3473,0,104952080.000,0,-,-,-,-,5365.0000,5364.0000,5363.8000,5363.6000,5362.4000,5369.0000,5376.6000,5399.8000,5412.0000,5413.0000,1,1,1,1,1,1,5,1,1,2
SF,IC2009,2020-01-23 09:33:34.300,5365.0000,3472,-1,106025080.000,1,0,1,双平,S,5364.0000,5363.8000,5363.6000,5362.4000,5362.0000,5369.0000,5376.6000,5399.8000,5412.0000,5413.0000,1,1,1,1,1,1,5,1,1,2
SF,IC2009,2020-01-23 09:33:34.800,5365.0000,3472,0,106025080.000,0,-,-,-,-,5364.0000,5363.8000,5363.6000,5362.0000,5361.0000,5369.0000,5376.6000,5399.8000,5412.0000,5413.0000,1,1,1,1,2,1,5,1,1,2
SF,IC2009,2020-01-23 09:33:35.300,5365.0000,3472,0,106025080.000,0,-,-,-,-,5364.0000,5363.8000,5363.6000,5362.0000,5361.0000,5369.0000,5376.6000,5399.8000,5412.0000,5413.0000,1,1,1,1,2,1,5,1,1,2
SF,IC2009,2020-01-23 09:33:35.800,5365.0000,3472,0,106025080.000,0,-,-,-,-,5365.0000,5364.0000,5363.8000,5363.6000,5362.0000,5369.0000,5376.6000,5399.8000,5412.0000,5413.0000,1,1,1,1,1,1,5,1,1,2
SF,IC2009,2020-01-23 09:33:36.300,5365.0000,3472,0,106025080.000,0,-,-,-,-,5364.0000,5363.8000,5363.6000,5362.0000,5361.0000,5369.0000,5382.4000,5399.8000,5412.0000,5413.0000,1,1,1,1,2,1,5,1,1,2
SF,IC2009,2020-01-23 09:33:36.800,5365.0000,3472,0,106025080.000,0,-,-,-,-,5364.4000,5364.0000,5363.8000,5363.6000,5362.0000,5369.0000,5382.4000,5399.8000,5412.0000,5413.0000,1,1,1,1,1,1,5,1,1,2
SF,IC2009,2020-01-23 09:33:37.300,5365.0000,3472,0,106025080.000,0,-,-,-,-,5364.4000,5364.0000,5363.8000,5363.6000,5362.0000,5369.0000,5382.4000,5399.8000,5412.0000,5413.0000,1,1,1,1,1,1,5,1,1,2
SF,IC2009,2020-01-23 09:33:37.800,5365.0000,3472,0,106025080.000,0,-,-,-,-,5364.4000,5364.0000,5363.8000,5363.6000,5362.0000,5369.0000,5382.4000,5399.8000,5412.0000,5413.0000,1,1,1,1,1,1,5,1,1,2
SF,IC2009,2020-01-23 09:33:38.300,5365.0000,3472,0,106025080.000,0,-,-,-,-,5364.4000,5364.0000,5363.8000,5363.6000,5362.0000,5369.0000,5382.4000,5399.8000,5412.0000,5413.0000,1,1,1,1,1,1,5,1,1,2
SF,IC2009,2020-01-23 09:33:38.800,5365.0000,3472,0,106025080.000,0,-,-,-,-,5364.4000,5364.0000,5363.8000,5363.6000,5362.0000,5369.0000,5382.4000,5399.8000,5412.0000,5413.0000,1,1,1,1,1,1,5,1,1,2
SF,IC2009,2020-01-23 09:33:39.300,5365.0000,3472,0,106025080.000,0,-,-,-,-,5364.8000,5364.4000,5364.0000,5363.8000,5363.6000,5369.0000,5382.4000,5399.8000,5412.0000,5413.0000,1,1,1,1,1,1,5,1,1,2
SF,IC2009,2020-01-23 09:33:39.800,5365.0000,3472,0,106025080.000,0,-,-,-,-,5365.4000,5364.8000,5364.6000,5364.0000,5363.8000,5369.0000,5382.4000,5399.8000,5412.0000,5413.0000,1,1,1,1,1,1,5,1,1,2
SF,IC2009,2020-01-23 09:33:40.300,5365.4000,3471,-1,107098160.000,1,0,1,双平,S,5365.8000,5364.8000,5364.6000,5364.0000,5363.8000,5369.0000,5382.4000,5399.8000,5412.0000,5413.0000,1,1,1,1,1,1,5,1,1,2
SF,IC2009,2020-01-23 09:33:40.800,5365.4000,3471,0,107098160.000,0,-,-,-,-,5365.8000,5364.8000,5364.0000,5363.8000,5363.6000,5369.0000,5382.4000,5399.8000,5412.0000,5413.0000,1,1,1,1,1,1,5,1,1,2
SF,IC2009,2020-01-23 09:33:41.300,5365.4000,3471,0,107098160.000,0,-,-,-,-,5365.8000,5364.8000,5364.0000,5363.8000,5363.6000,5369.0000,5382.4000,5399.8000,5412.0000,5413.0000,2,1,1,1,1,1,5,1,1,2
SF,IC2009,2020-01-23 09:33:42.300,5365.4000,3471,0,107098160.000,0,-,-,-,-,5366.2000,5365.8000,5364.8000,5364.0000,5363.8000,5369.0000,5382.4000,5399.8000,5412.0000,5413.0000,2,2,1,1,1,1,5,1,1,2
SF,IC2009,2020-01-23 09:33:42.800,5369.0000,3470,-1,108171960.000,1,0,1,双平,S,5366.6000,5366.2000,5365.8000,5364.8000,5364.0000,5382.4000,5399.8000,5412.0000,5413.0000,5422.4000,2,3,1,1,1,5,1,1,2,1
SF,IC2009,2020-01-23 09:33:43.300,5369.0000,3470,0,108171960.000,0,-,-,-,-,5368.2000,5367.0000,5366.6000,5366.2000,5365.8000,5372.4000,5376.0000,5377.4000,5382.4000,5399.8000,1,1,1,2,1,1,1,1,6,1
SF,IC2009,2020-01-23 09:33:43.800,5369.0000,3470,0,108171960.000,0,-,-,-,-,5369.0000,5368.6000,5368.2000,5367.0000,5366.6000,5372.4000,5376.0000,5377.4000,5382.4000,5399.8000,1,1,1,1,1,1,1,1,6,1
SF,IC2009,2020-01-23 09:33:44.300,5369.0000,3470,0,108171960.000,0,-,-,-,-,5369.0000,5368.6000,5368.2000,5367.0000,5366.6000,5376.0000,5377.4000,5382.4000,5399.8000,5412.0000,1,1,1,1,1,1,1,6,1,1
SF,IC2009,2020-01-23 09:33:45.800,5369.0000,3470,0,108171960.000,0,-,-,-,-,5369.0000,5368.2000,5367.0000,5366.6000,5365.8000,5376.0000,5377.4000,5382.4000,5399.8000,5412.0000,1,1,1,1,1,1,1,6,1,1
SF,IC2009,2020-01-23 09:33:46.300,5369.0000,3470,0,108171960.000,0,-,-,-,-,5369.0000,5368.2000,5367.0000,5366.6000,5365.8000,5376.0000,5377.4000,5382.4000,5388.2000,5399.8000,1,1,1,1,1,1,1,1,5,1
SF,IC2009,2020-01-23 09:33:46.800,5369.0000,3470,0,108171960.000,0,-,-,-,-,5370.0000,5369.2000,5369.0000,5368.2000,5367.0000,5376.0000,5377.4000,5382.4000,5388.2000,5399.8000,1,1,1,1,1,1,1,1,5,1
SF,IC2009,2020-01-23 09:33:47.300,5369.0000,3470,0,108171960.000,0,-,-,-,-,5369.0000,5368.2000,5367.0000,5366.6000,5365.8000,5376.0000,5377.4000,5388.2000,5399.8000,5412.0000,1,1,1,1,1,1,1,5,1,1
SF,IC2009,2020-01-23 09:33:47.800,5369.0000,3470,0,108171960.000,0,-,-,-,-,5369.4000,5369.2000,5369.0000,5368.2000,5367.0000,5376.0000,5377.4000,5388.2000,5399.8000,5412.0000,1,1,1,1,1,1,1,5,1,1
SF,IC2009,2020-01-23 09:33:48.300,5376.0000,3469,-1,109247160.000,1,0,1,双平,S,5369.4000,5369.2000,5369.0000,5368.2000,5367.0000,5377.4000,5388.2000,5399.8000,5412.0000,5413.0000,1,6,1,1,1,1,5,1,1,2
SF,IC2009,2020-01-23 09:33:48.800,5376.0000,3469,0,109247160.000,0,-,-,-,-,5369.4000,5369.2000,5369.0000,5368.2000,5367.0000,5376.8000,5377.2000,5388.2000,5399.8000,5412.0000,1,5,1,1,1,1,1,5,1,1
SF,IC2009,2020-01-23 09:33:49.300,5376.0000,3469,0,109247160.000,0,-,-,-,-,5369.6000,5369.4000,5369.2000,5369.0000,5368.2000,5376.8000,5377.2000,5388.2000,5399.8000,5412.0000,1,1,5,1,1,1,1,5,1,1
SF,IC2009,2020-01-23 09:33:49.800,5376.0000,3469,0,109247160.000,0,-,-,-,-,5370.0000,5369.8000,5369.6000,5369.4000,5369.2000,5376.8000,5388.2000,5399.8000,5412.0000,5413.0000,1,4,1,1,5,1,5,1,1,2
SF,IC2009,2020-01-23 09:33:50.300,5376.0000,3469,0,109247160.000,0,-,-,-,-,5369.8000,5369.6000,5369.2000,5369.0000,5368.2000,5376.8000,5388.2000,5399.8000,5412.0000,5413.0000,3,1,5,1,1,1,5,1,1,2
SF,IC2009,2020-01-23 09:33:51.300,5376.0000,3469,0,109247160.000,0,-,-,-,-,5370.2000,5369.8000,5369.2000,5369.0000,5368.2000,5373.2000,5376.8000,5388.2000,5399.8000,5412.0000,1,3,5,1,1,1,1,5,1,1
SF,IC2009,2020-01-23 09:33:51.800,5376.0000,3469,0,109247160.000,0,-,-,-,-,5371.8000,5369.8000,5369.4000,5369.2000,5369.0000,5373.2000,5376.8000,5388.2000,5399.8000,5412.0000,1,3,1,5,1,1,1,5,1,1
SF,IC2009,2020-01-23 09:33:52.300,5376.0000,3469,0,109247160.000,0,-,-,-,-,5369.8000,5369.4000,5369.2000,5369.0000,5368.2000,5373.2000,5376.8000,5388.2000,5399.8000,5412.0000,3,1,5,1,1,1,1,5,1,1
SF,IC2009,2020-01-23 09:33:52.800,5376.0000,3469,0,109247160.000,0,-,-,-,-,5371.8000,5370.0000,5369.8000,5369.4000,5369.2000,5373.2000,5376.8000,5388.2000,5399.8000,5412.0000,1,2,1,1,5,1,1,5,1,1
SF,IC2009,2020-01-23 09:33:53.300,5376.0000,3469,0,109247160.000,0,-,-,-,-,5371.8000,5370.0000,5369.8000,5369.4000,5369.2000,5373.2000,5376.8000,5388.2000,5399.8000,5412.0000,1,1,1,1,5,1,1,5,1,1
SF,IC2009,2020-01-23 09:33:53.800,5373.2000,3470,1,110321800.000,1,1,0,双开,S,5371.8000,5370.0000,5369.8000,5369.4000,5369.2000,5376.8000,5388.2000,5399.8000,5412.0000,5413.0000,1,1,1,1,5,1,5,1,1,2
SF,IC2009,2020-01-23 09:33:54.300,5373.2000,3470,0,110321800.000,0,-,-,-,-,5371.8000,5370.0000,5369.4000,5369.2000,5369.0000,5376.6000,5376.8000,5388.2000,5399.8000,5412.0000,1,1,1,5,1,1,1,5,1,1
SF,IC2009,2020-01-23 09:33:54.800,5373.2000,3470,0,110321800.000,0,-,-,-,-,5372.8000,5371.8000,5370.0000,5369.4000,5369.2000,5376.6000,5376.8000,5388.2000,5399.8000,5412.0000,1,1,1,1,5,1,1,5,1,1
SF,IC2009,2020-01-23 09:33:55.300,5373.2000,3470,0,110321800.000,0,-,-,-,-,5373.0000,5372.8000,5371.8000,5370.0000,5369.4000,5376.8000,5388.2000,5399.8000,5412.0000,5413.0000,1,1,1,1,1,1,5,1,1,2
SF,IC2009,2020-01-23 09:33:56.300,5373.2000,3470,0,110321800.000,0,-,-,-,-,5376.6000,5373.0000,5372.8000,5371.8000,5370.0000,5376.8000,5388.2000,5399.8000,5412.0000,5413.0000,1,1,1,1,1,1,5,1,1,2
SF,IC2009,2020-01-23 09:33:56.800,5376.6000,3470,0,111397120.000,1,0,1,多换,S,5372.8000,5371.8000,5370.0000,5369.4000,5369.2000,5376.8000,5388.2000,5399.8000,5412.0000,5413.0000,1,1,1,1,5,1,5,1,1,2
SF,IC2009,2020-01-23 09:33:57.300,5376.6000,3470,0,111397120.000,0,-,-,-,-,5373.0000,5372.8000,5371.8000,5370.0000,5369.4000,5376.8000,5388.2000,5399.8000,5412.0000,5413.0000,1,1,1,1,1,1,5,1,1,2
SF,IC2009,2020-01-23 09:33:57.800,5376.6000,3470,0,111397120.000,0,-,-,-,-,5373.0000,5372.8000,5371.8000,5370.0000,5369.4000,5376.8000,5388.2000,5399.8000,5412.0000,5413.0000,1,1,1,1,1,1,5,1,1,2
SF,IC2009,2020-01-23 09:34:01.800,5376.6000,3470,0,111397120.000,0,-,-,-,-,5373.0000,5372.8000,5371.8000,5370.0000,5369.4000,5376.8000,5388.2000,5399.8000,5412.0000,5413.0000,1,1,1,1,1,1,5,1,1,2
SF,IC2009,2020-01-23 09:34:02.300,5376.6000,3470,0,111397120.000,0,-,-,-,-,5373.0000,5372.8000,5371.8000,5370.0000,5369.4000,5376.8000,5388.2000,5399.8000,5412.0000,5413.0000,1,1,1,1,1,1,5,1,1,2
SF,IC2009,2020-01-23 09:34:02.800,5376.6000,3470,0,111397120.000,0,-,-,-,-,5373.0000,5372.8000,5371.8000,5370.0000,5369.4000,5376.8000,5388.2000,5399.8000,5412.0000,5413.0000,1,1,1,1,1,1,5,1,1,2
SF,IC2009,2020-01-23 09:34:03.300,5376.6000,3470,0,111397120.000,0,-,-,-,-,5373.0000,5372.8000,5371.8000,5370.0000,5369.4000,5376.8000,5388.2000,5399.8000,5412.0000,5413.0000,1,1,1,1,1,1,5,1,1,2
SF,IC2009,2020-01-23 09:34:09.300,5376.6000,3470,0,111397120.000,0,-,-,-,-,5376.8000,5373.4000,5373.0000,5372.8000,5371.8000,5388.2000,5399.8000,5412.0000,5413.0000,5422.4000,1,1,1,1,1,5,1,1,2,1
SF,IC2009,2020-01-23 09:34:09.800,5386.8000,3469,-1,116781600.000,5,2,3,多平,S,5376.8000,5373.4000,5373.0000,5372.8000,5371.8000,5387.8000,5388.2000,5399.8000,5412.0000,5413.0000,1,1,1,1,1,1,5,1,1,2
SF,IC2009,2020-01-23 09:34:10.300,5386.8000,3469,0,116781600.000,0,-,-,-,-,5376.8000,5373.4000,5373.0000,5372.8000,5371.8000,5387.8000,5388.2000,5399.8000,5412.0000,5413.0000,1,1,1,1,1,1,5,1,1,2
SF,IC2009,2020-01-23 09:34:10.800,5386.8000,3469,0,116781600.000,0,-,-,-,-,5376.8000,5373.0000,5372.8000,5371.8000,5370.0000,5387.8000,5388.2000,5399.8000,5412.0000,5422.4000,1,1,1,1,1,1,5,1,1,1
SF,IC2009,2020-01-23 09:34:11.300,5386.8000,3469,0,116781600.000,0,-,-,-,-,5376.8000,5373.0000,5372.8000,5371.8000,5370.0000,5386.4000,5386.6000,5387.0000,5387.6000,5387.8000,1,1,1,1,1,1,1,1,1,1
SF,IC2009,2020-01-23 09:34:11.800,5386.8000,3469,0,116781600.000,0,-,-,-,-,5376.8000,5373.0000,5372.8000,5371.8000,5370.0000,5386.0000,5386.4000,5386.6000,5387.0000,5387.6000,1,1,1,1,1,1,1,1,1,1
SF,IC2009,2020-01-23 09:34:12.300,5386.8000,3469,0,116781600.000,0,-,-,-,-,5376.8000,5373.0000,5372.8000,5371.8000,5370.0000,5385.6000,5386.0000,5386.2000,5386.4000,5386.6000,1,1,1,1,1,1,1,1,1,1
SF,IC2009,2020-01-23 09:34:12.800,5386.8000,3469,0,116781600.000,0,-,-,-,-,5376.8000,5373.0000,5372.8000,5371.8000,5370.0000,5385.4000,5385.6000,5385.8000,5386.0000,5386.6000,1,1,1,1,1,1,1,2,1,1
SF,IC2009,2020-01-23 09:34:13.300,5386.8000,3469,0,116781600.000,0,-,-,-,-,5376.8000,5373.0000,5372.8000,5371.8000,5370.0000,5385.4000,5385.6000,5385.8000,5386.0000,5386.2000,1,1,1,1,1,2,1,2,1,1
SF,IC2009,2020-01-23 09:34:13.800,5386.8000,3469,0,116781600.000,0,-,-,-,-,5376.8000,5373.0000,5372.8000,5371.8000,5370.0000,5385.0000,5385.4000,5385.8000,5386.0000,5386.2000,1,1,1,1,1,1,2,2,1,1
SF,IC2009,2020-01-23 09:34:14.300,5386.8000,3469,0,116781600.000,0,-,-,-,-,5377.8000,5377.0000,5376.8000,5373.0000,5372.8000,5385.0000,5385.4000,5385.8000,5386.0000,5386.2000,1,1,1,1,1,1,2,2,1,1
SF,IC2009,2020-01-23 09:34:14.800,5377.8000,3468,-1,117857160.000,1,0,1,双平,S,5377.0000,5376.8000,5373.0000,5372.8000,5371.8000,5385.0000,5385.4000,5385.8000,5386.0000,5387.4000,1,1,2,1,1,1,1,2,1,1
SF,IC2009,2020-01-23 09:34:15.300,5377.8000,3468,0,117857160.000,0,-,-,-,-,5377.0000,5376.8000,5373.0000,5372.8000,5371.8000,5385.4000,5385.8000,5386.0000,5387.4000,5387.8000,1,1,2,1,1,1,2,1,1,1
SF,IC2009,2020-01-23 09:34:15.800,5377.8000,3468,0,117857160.000,0,-,-,-,-,5377.0000,5376.8000,5373.0000,5372.8000,5371.8000,5385.2000,5385.4000,5385.6000,5385.8000,5386.0000,1,1,2,1,1,2,1,1,2,1
SF,IC2009,2020-01-23 09:34:16.300,5377.8000,3468,0,117857160.000,0,-,-,-,-,5377.6000,5376.8000,5373.0000,5372.8000,5371.8000,5385.2000,5385.4000,5385.6000,5385.8000,5386.0000,1,1,2,1,1,2,1,1,2,1
SF,IC2009,2020-01-23 09:34:17.300,5377.8000,3468,0,117857160.000,0,-,-,-,-,5378.0000,5377.6000,5376.8000,5373.0000,5372.8000,5385.2000,5385.4000,5385.8000,5386.0000,5387.8000,1,1,1,2,1,2,1,2,1,1
SF,IC2009,2020-01-23 09:34:17.800,5377.8000,3468,0,117857160.000,0,-,-,-,-,5378.0000,5377.6000,5376.8000,5373.0000,5372.8000,5385.2000,5385.4000,5385.8000,5386.0000,5386.2000,1,1,1,2,1,2,1,2,1,1
SF,IC2009,2020-01-23 09:34:18.300,5377.8000,3468,0,117857160.000,0,-,-,-,-,5378.2000,5378.0000,5376.8000,5373.0000,5372.8000,5385.2000,5385.4000,5385.8000,5386.0000,5386.2000,1,1,1,2,1,2,1,2,1,1
SF,IC2009,2020-01-23 09:34:18.800,5377.8000,3468,0,117857160.000,0,-,-,-,-,5378.4000,5378.2000,5378.0000,5376.8000,5373.0000,5384.8000,5385.2000,5385.8000,5386.0000,5386.2000,1,1,1,1,2,1,2,2,1,1
SF,IC2009,2020-01-23 09:34:19.300,5377.8000,3468,0,117857160.000,0,-,-,-,-,5378.4000,5378.2000,5378.0000,5376.8000,5373.0000,5385.2000,5385.8000,5386.0000,5386.2000,5387.8000,1,1,1,1,2,2,2,1,1,1
SF,IC2009,2020-01-23 09:34:19.800,5377.8000,3468,0,117857160.000,0,-,-,-,-,5378.4000,5378.0000,5376.8000,5373.0000,5372.8000,5385.2000,5385.8000,5386.0000,5386.2000,5386.4000,1,1,1,2,1,1,2,1,1,1
SF,IC2009,2020-01-23 09:34:20.300,5377.8000,3468,0,117857160.000,0,-,-,-,-,5378.6000,5378.4000,5378.0000,5376.8000,5373.0000,5385.2000,5385.8000,5386.0000,5386.2000,5386.4000,1,1,1,1,2,1,2,1,1,1
SF,IC2009,2020-01-23 09:34:20.800,5377.8000,3468,0,117857160.000,0,-,-,-,-,5378.6000,5378.4000,5376.8000,5373.0000,5372.8000,5385.2000,5385.8000,5386.4000,5387.8000,5388.2000,1,1,1,2,1,1,2,1,1,5
SF,IC2009,2020-01-23 09:34:21.300,5377.8000,3468,0,117857160.000,0,-,-,-,-,5378.8000,5378.6000,5376.8000,5373.0000,5372.8000,5385.2000,5385.8000,5386.4000,5386.6000,5387.8000,1,1,1,2,1,1,2,1,1,1
SF,IC2009,2020-01-23 09:34:21.800,5377.8000,3468,0,117857160.000,0,-,-,-,-,5379.2000,5379.0000,5378.8000,5376.8000,5373.0000,5385.2000,5385.8000,5386.4000,5387.8000,5388.2000,1,1,1,1,2,1,2,1,1,5
SF,IC2009,2020-01-23 09:34:22.800,5377.8000,3468,0,117857160.000,0,-,-,-,-,5379.6000,5379.2000,5379.0000,5376.8000,5373.0000,5385.2000,5385.8000,5386.4000,5387.8000,5388.2000,1,1,1,1,2,1,2,1,1,5
SF,IC2009,2020-01-23 09:34:23.300,5377.8000,3468,0,117857160.000,0,-,-,-,-,5379.8000,5379.6000,5379.2000,5379.0000,5376.8000,5385.0000,5385.2000,5385.8000,5387.8000,5388.2000,1,1,1,1,1,1,1,2,1,5
SF,IC2009,2020-01-23 09:34:23.800,5377.8000,3468,0,117857160.000,0,-,-,-,-,5379.8000,5379.6000,5379.0000,5376.8000,5373.0000,5385.0000,5385.2000,5385.8000,5387.8000,5388.2000,1,1,1,1,2,1,1,2,1,5
SF,IC2009,2020-01-23 09:34:24.800,5377.8000,3468,0,117857160.000,0,-,-,-,-,5380.0000,5379.8000,5379.6000,5379.0000,5376.8000,5385.0000,5385.2000,5385.8000,5387.8000,5388.4000,1,1,1,1,1,1,1,2,1,1
SF,IC2009,2020-01-23 09:34:25.300,5377.8000,3468,0,117857160.000,0,-,-,-,-,5380.2000,5380.0000,5379.6000,5379.0000,5376.8000,5385.0000,5385.2000,5391.8000,5394.0000,5399.8000,1,1,1,1,1,1,1,1,5,1
SF,IC2009,2020-01-23 09:34:25.800,5377.8000,3468,0,117857160.000,0,-,-,-,-,5380.2000,5380.0000,5379.6000,5379.0000,5376.8000,5385.0000,5385.2000,5391.8000,5394.0000,5399.8000,1,1,1,1,1,1,1,1,5,1
SF,IC2009,2020-01-23 09:34:26.300,5377.8000,3468,0,117857160.000,0,-,-,-,-,5380.4000,5380.2000,5379.6000,5379.0000,5373.0000,5385.0000,5385.2000,5391.8000,5394.0000,5399.8000,1,1,1,1,2,1,1,1,5,1
SF,IC2009,2020-01-23 09:34:26.800,5377.8000,3468,0,117857160.000,0,-,-,-,-,5380.6000,5380.4000,5379.6000,5379.0000,5373.0000,5385.0000,5385.2000,5391.8000,5394.0000,5399.8000,1,1,1,1,2,1,1,1,5,1
SF,IC2009,2020-01-23 09:34:27.300,5377.8000,3468,0,117857160.000,0,-,-,-,-,5380.6000,5380.4000,5379.6000,5379.0000,5373.0000,5384.8000,5385.0000,5385.2000,5390.6000,5391.8000,1,1,1,1,1,1,1,1,1,1
SF,IC2009,2020-01-23 09:34:27.800,5377.8000,3468,0,117857160.000,0,-,-,-,-,5380.6000,5379.6000,5379.0000,5373.0000,5370.0000,5384.6000,5384.8000,5385.2000,5390.6000,5391.8000,1,1,1,1,1,1,1,1,1,1
SF,IC2009,2020-01-23 09:34:28.300,5377.8000,3468,0,117857160.000,0,-,-,-,-,5380.8000,5380.6000,5379.6000,5379.0000,5373.0000,5384.6000,5385.2000,5390.6000,5391.8000,5394.0000,1,1,1,1,1,1,1,1,1,5
SF,IC2009,2020-01-23 09:34:28.800,5377.8000,3468,0,117857160.000,0,-,-,-,-,5381.0000,5380.8000,5379.6000,5379.0000,5373.0000,5384.6000,5385.2000,5390.6000,5391.8000,5394.0000,1,1,1,1,1,1,1,1,1,5
SF,IC2009,2020-01-23 09:34:29.300,5377.8000,3468,0,117857160.000,0,-,-,-,-,5381.0000,5380.8000,5379.6000,5373.0000,5370.0000,5384.6000,5385.2000,5390.6000,5391.8000,5394.0000,1,1,1,1,1,1,1,1,1,5
SF,IC2009,2020-01-23 09:34:30.300,5384.6000,3467,-1,118934080.000,1,0,1,双平,S,5381.0000,5380.8000,5379.6000,5373.0000,5370.0000,5384.0000,5384.6000,5385.2000,5390.6000,5394.0000,1,1,1,1,1,1,1,1,1,5
SF,IC2009,2020-01-23 09:34:30.800,5384.6000,3467,0,118934080.000,0,-,-,-,-,5381.0000,5380.8000,5379.6000,5373.0000,5370.0000,5384.0000,5384.6000,5385.2000,5390.6000,5394.0000,1,1,1,1,1,1,1,1,1,5
SF,IC2009,2020-01-23 09:34:32.800,5384.6000,3467,0,118934080.000,0,-,-,-,-,5381.0000,5380.8000,5373.0000,5370.0000,5369.0000,5384.0000,5384.6000,5385.2000,5390.6000,5394.0000,1,1,1,1,1,1,1,1,1,5
SF,IC2009,2020-01-23 09:34:33.300,5384.6000,3467,0,118934080.000,0,-,-,-,-,5381.0000,5380.8000,5373.0000,5370.0000,5369.0000,5383.8000,5384.0000,5384.6000,5385.2000,5390.6000,1,1,1,1,1,1,1,1,1,1
SF,IC2009,2020-01-23 09:34:33.800,5384.6000,3467,0,120011000.000,1,0,1,多换,S,5373.0000,5370.0000,5369.0000,5362.0000,5360.0000,5384.0000,5384.6000,5385.2000,5390.6000,5394.0000,1,1,1,1,1,1,1,1,1,5
SF,IC2009,2020-01-23 09:34:34.300,5384.6000,3467,0,120011000.000,0,-,-,-,-,5379.2000,5378.4000,5377.4000,5376.0000,5373.4000,5384.0000,5384.6000,5385.2000,5390.6000,5394.0000,1,1,2,1,1,1,1,1,1,5
SF,IC2009,2020-01-23 09:34:34.800,5384.6000,3467,0,120011000.000,0,-,-,-,-,5379.4000,5379.2000,5377.4000,5376.0000,5373.4000,5384.0000,5384.6000,5385.2000,5390.6000,5394.0000,1,1,2,1,1,1,1,1,1,5
SF,IC2009,2020-01-23 09:34:37.300,5384.6000,3467,0,120011000.000,0,-,-,-,-,5379.4000,5379.2000,5377.4000,5376.0000,5373.4000,5384.0000,5384.6000,5385.2000,5386.8000,5390.6000,1,1,2,1,1,1,1,1,1,1
SF,IC2009,2020-01-23 09:34:37.800,5384.6000,3467,0,120011000.000,0,-,-,-,-,5379.4000,5379.2000,5377.4000,5376.0000,5373.4000,5381.6000,5384.0000,5384.6000,5385.2000,5386.8000,1,1,2,1,1,1,1,1,1,1
SF,IC2009,2020-01-23 09:34:38.300,5381.6000,3467,0,121087320.000,1,0,1,多换,S,5379.6000,5379.2000,5377.4000,5376.0000,5373.4000,5384.0000,5384.6000,5385.2000,5386.8000,5390.6000,1,1,2,1,1,1,1,1,1,1
SF,IC2009,2020-01-23 09:34:38.800,5381.6000,3467,0,121087320.000,0,-,-,-,-,5379.8000,5379.6000,5379.2000,5377.4000,5376.0000,5384.0000,5384.6000,5385.2000,5386.8000,5390.6000,1,1,1,2,1,1,1,1,1,1
SF,IC2009,2020-01-23 09:34:39.300,5381.6000,3467,0,121087320.000,0,-,-,-,-,5379.8000,5379.6000,5379.2000,5377.4000,5376.0000,5384.0000,5384.6000,5385.2000,5386.8000,5390.6000,1,1,1,2,1,1,1,1,1,1
SF,IC2009,2020-01-23 09:34:39.800,5384.0000,3466,-1,122164120.000,1,0,1,双平,S,5384.0000,5379.8000,5379.2000,5377.4000,5376.0000,5384.6000,5385.2000,5386.8000,5390.6000,5394.0000,1,1,1,2,1,1,1,1,1,5
SF,IC2009,2020-01-23 09:34:40.300,5384.0000,3465,-1,123240920.000,1,0,1,双平,S,5380.0000,5379.8000,5379.2000,5377.4000,5373.0000,5384.6000,5385.2000,5386.8000,5390.6000,5394.0000,1,1,1,2,1,1,1,1,1,5
SF,IC2009,2020-01-23 09:34:40.800,5384.0000,3465,0,123240920.000,0,-,-,-,-,5384.0000,5380.2000,5380.0000,5379.2000,5377.4000,5384.6000,5385.2000,5386.8000,5390.6000,5394.0000,2,1,1,1,2,1,1,1,1,5
SF,IC2009,2020-01-23 09:34:41.300,5384.0000,3465,0,125394520.000,2,1,1,多换,S,5380.2000,5380.0000,5379.2000,5377.4000,5373.0000,5384.6000,5385.2000,5386.8000,5390.6000,5394.0000,1,1,1,2,1,1,1,1,1,5
SF,IC2009,2020-01-23 09:34:41.800,5384.6000,3465,0,126471440.000,1,0,1,多换,S,5380.4000,5380.2000,5380.0000,5379.2000,5377.4000,5385.2000,5386.8000,5390.6000,5394.0000,5399.8000,1,1,1,1,2,1,1,1,5,1
SF,IC2009,2020-01-23 09:34:42.300,5384.6000,3465,0,126471440.000,0,-,-,-,-,5380.6000,5380.4000,5380.0000,5379.2000,5377.4000,5385.2000,5386.8000,5390.6000,5394.0000,5399.8000,1,1,1,1,2,1,1,1,5,1
SF,IC2009,2020-01-23 09:34:42.800,5384.6000,3465,0,126471440.000,0,-,-,-,-,5381.0000,5380.6000,5380.4000,5380.0000,5379.2000,5386.8000,5390.6000,5394.0000,5399.8000,5412.0000,1,1,1,1,1,1,1,5,1,1
SF,IC2009,2020-01-23 09:34:43.300,5384.6000,3465,0,126471440.000,0,-,-,-,-,5381.2000,5381.0000,5380.4000,5380.0000,5379.2000,5386.8000,5390.6000,5394.0000,5399.8000,5412.0000,1,1,1,1,1,2,1,5,1,1
SF,IC2009,2020-01-23 09:34:43.800,5384.6000,3465,0,126471440.000,0,-,-,-,-,5384.0000,5381.2000,5381.0000,5380.4000,5380.0000,5386.8000,5390.6000,5394.0000,5399.8000,5412.0000,1,1,1,1,1,1,1,5,1,1
SF,IC2009,2020-01-23 09:34:44.300,5384.6000,3465,0,126471440.000,0,-,-,-,-,5384.2000,5384.0000,5381.0000,5380.4000,5380.0000,5386.4000,5386.8000,5390.6000,5394.0000,5399.8000,1,1,1,1,1,1,1,1,5,1
SF,IC2009,2020-01-23 09:34:44.800,5384.6000,3465,0,126471440.000,0,-,-,-,-,5384.2000,5384.0000,5380.4000,5380.0000,5379.2000,5386.4000,5386.8000,5394.0000,5399.8000,5412.0000,1,1,1,1,1,1,1,5,1,1
SF,IC2009,2020-01-23 09:34:45.300,5384.6000,3465,0,126471440.000,0,-,-,-,-,5384.2000,5384.0000,5380.4000,5380.0000,5377.4000,5386.4000,5386.8000,5394.0000,5399.8000,5412.0000,1,1,1,1,2,1,1,5,1,1
SF,IC2009,2020-01-23 09:34:45.800,5384.6000,3465,0,126471440.000,0,-,-,-,-,5384.2000,5384.0000,5380.4000,5380.0000,5377.4000,5386.8000,5394.0000,5399.8000,5412.0000,5422.4000,1,1,1,1,2,1,5,1,1,1
SF,IC2009,2020-01-23 09:34:46.300,5384.4000,3463,-2,128625680.000,2,0,2,双平,S,5384.0000,5380.4000,5380.0000,5377.4000,5373.0000,5394.0000,5399.8000,5412.0000,5422.4000,5430.0000,1,1,1,2,1,5,1,1,1,1
SF,IC2009,2020-01-23 09:34:46.800,5384.4000,3463,0,128625680.000,0,-,-,-,-,5384.2000,5384.0000,5380.4000,5380.0000,5377.4000,5387.4000,5393.8000,5394.0000,5399.8000,5412.0000,1,1,1,1,2,1,1,5,1,1
SF,IC2009,2020-01-23 09:34:47.300,5387.4000,3463,0,129703160.000,1,0,1,多换,S,5384.0000,5380.4000,5380.0000,5377.4000,5373.0000,5387.4000,5393.8000,5394.0000,5399.8000,5412.0000,1,1,1,2,1,1,1,5,1,1
SF,IC2009,2020-01-23 09:34:47.800,5387.4000,3463,0,129703160.000,0,-,-,-,-,5384.2000,5384.0000,5380.4000,5380.0000,5377.4000,5392.2000,5393.8000,5394.0000,5399.8000,5412.0000,1,1,1,1,1,1,1,5,1,1
SF,IC2009,2020-01-23 09:34:48.300,5387.4000,3463,0,129703160.000,0,-,-,-,-,5384.4000,5384.2000,5384.0000,5380.0000,5377.4000,5392.0000,5392.2000,5394.0000,5399.8000,5412.0000,1,1,1,1,1,1,3,5,1,1
SF,IC2009,2020-01-23 09:34:48.800,5387.4000,3463,0,129703160.000,0,-,-,-,-,5384.6000,5384.4000,5384.0000,5380.0000,5373.0000,5387.8000,5392.0000,5392.2000,5394.0000,5399.8000,1,2,1,1,1,1,1,3,5,1
SF,IC2009,2020-01-23 09:34:49.300,5387.4000,3463,0,129703160.000,0,-,-,-,-,5384.6000,5384.4000,5384.0000,5380.0000,5373.0000,5387.8000,5392.0000,5392.2000,5394.0000,5399.8000,1,1,1,1,1,1,1,3,5,1
SF,IC2009,2020-01-23 09:34:50.300,5387.4000,3463,0,129703160.000,0,-,-,-,-,5384.6000,5384.4000,5384.0000,5380.0000,5373.0000,5387.8000,5392.0000,5392.2000,5394.0000,5399.8000,1,1,1,1,1,1,1,1,5,1
SF,IC2009,2020-01-23 09:34:51.300,5387.4000,3463,0,129703160.000,0,-,-,-,-,5384.6000,5384.4000,5384.0000,5380.0000,5369.0000,5387.8000,5392.0000,5392.2000,5394.0000,5399.8000,1,1,1,1,1,1,1,1,5,1
SF,IC2009,2020-01-23 09:34:51.800,5387.8000,3463,0,130780720.000,1,0,1,多换,S,5385.6000,5384.4000,5384.0000,5380.0000,5369.0000,5392.2000,5399.8000,5412.0000,5422.4000,5430.0000,1,1,1,1,1,1,6,1,1,1
SF,IC2009,2020-01-23 09:34:52.300,5387.8000,3463,0,130780720.000,0,-,-,-,-,5385.8000,5385.6000,5384.4000,5384.0000,5380.0000,5392.0000,5392.2000,5399.8000,5412.0000,5422.4000,1,1,1,1,1,1,1,6,1,1
SF,IC2009,2020-01-23 09:34:55.800,5387.8000,3463,0,130780720.000,0,-,-,-,-,5387.8000,5385.8000,5385.6000,5384.4000,5384.0000,5392.0000,5392.2000,5399.8000,5412.0000,5422.4000,1,1,1,1,1,1,1,6,1,1
SF,IC2009,2020-01-23 09:34:56.300,5387.8000,3463,0,130780720.000,0,-,-,-,-,5388.0000,5387.8000,5385.6000,5384.4000,5384.0000,5392.0000,5392.2000,5399.8000,5412.0000,5422.4000,1,1,1,1,1,1,1,6,1,1
SF,IC2009,2020-01-23 09:34:57.800,5392.0000,3463,0,131859120.000,1,0,1,多换,S,5388.0000,5387.8000,5385.6000,5384.4000,5380.0000,5392.2000,5399.8000,5412.0000,5422.4000,5430.0000,1,1,1,1,1,1,6,1,1,1
SF,IC2009,2020-01-23 09:34:58.300,5387.8000,3462,-1,134014280.000,2,0,2,多平,S,5385.6000,5384.4000,5380.0000,5369.0000,5362.0000,5392.0000,5392.2000,5399.8000,5412.0000,5422.4000,1,1,1,1,1,1,1,6,1,1
SF,IC2009,2020-01-23 09:34:58.800,5387.8000,3462,0,134014280.000,0,-,-,-,-,5385.8000,5385.6000,5380.0000,5369.0000,5362.0000,5391.6000,5392.0000,5399.8000,5412.0000,5422.4000,1,1,1,1,1,1,1,6,1,1
SF,IC2009,2020-01-23 09:34:59.300,5387.8000,3462,0,134014280.000,0,-,-,-,-,5385.8000,5380.0000,5369.0000,5362.0000,5360.0000,5391.4000,5391.6000,5399.8000,5412.0000,5422.4000,1,1,1,1,2,1,1,6,1,1
SF,IC2009,2020-01-23 09:34:59.800,5387.8000,3462,0,134014280.000,0,-,-,-,-,5380.0000,5369.0000,5362.0000,5360.0000,5359.8000,5391.2000,5391.4000,5391.6000,5399.8000,5412.0000,1,1,1,2,1,1,1,1,6,1
SF,IC2009,2020-01-23 09:35:00.300,5387.8000,3462,0,134014280.000,0,-,-,-,-,5382.4000,5382.2000,5382.0000,5381.2000,5380.2000,5391.0000,5391.2000,5391.6000,5399.8000,5412.0000,1,1,2,1,4,1,1,1,6,1
SF,IC2009,2020-01-23 09:35:00.800,5387.8000,3462,0,134014280.000,0,-,-,-,-,5382.6000,5382.4000,5382.0000,5381.2000,5380.2000,5391.0000,5391.2000,5391.6000,5399.8000,5412.0000,1,1,2,1,2,1,1,1,6,1
SF,IC2009,2020-01-23 09:35:01.300,5387.8000,3462,0,134014280.000,0,-,-,-,-,5383.0000,5382.6000,5382.4000,5382.0000,5381.2000,5391.0000,5391.6000,5399.8000,5412.0000,5422.4000,1,1,1,2,1,1,1,6,1,1
SF,IC2009,2020-01-23 09:35:01.800,5387.8000,3462,0,134014280.000,0,-,-,-,-,5383.4000,5383.2000,5383.0000,5382.4000,5382.0000,5391.0000,5391.6000,5399.8000,5412.0000,5422.4000,1,1,1,1,2,1,1,6,1,1
SF,IC2009,2020-01-23 09:35:02.300,5387.8000,3462,0,134014280.000,0,-,-,-,-,5383.6000,5383.0000,5382.4000,5382.0000,5381.2000,5390.8000,5391.0000,5391.6000,5399.8000,5412.0000,1,1,1,1,1,1,1,1,6,1
SF,IC2009,2020-01-23 09:35:02.800,5387.8000,3462,0,134014280.000,0,-,-,-,-,5383.6000,5382.4000,5382.0000,5380.2000,5380.0000,5390.4000,5390.6000,5390.8000,5399.8000,5412.0000,1,1,1,1,1,1,1,1,6,1
SF,IC2009,2020-01-23 09:35:03.300,5387.8000,3462,0,134014280.000,0,-,-,-,-,5382.4000,5380.2000,5380.0000,5369.0000,5362.0000,5390.2000,5390.4000,5390.8000,5399.8000,5412.0000,1,1,1,1,1,1,1,1,6,1
SF,IC2009,2020-01-23 09:35:03.800,5387.8000,3462,0,134014280.000,0,-,-,-,-,5382.6000,5380.2000,5380.0000,5369.0000,5362.0000,5389.8000,5390.2000,5390.4000,5390.8000,5399.8000,2,1,1,1,1,1,1,1,1,6
SF,IC2009,2020-01-23 09:35:04.300,5387.8000,3462,0,134014280.000,0,-,-,-,-,5382.6000,5380.0000,5369.0000,5362.0000,5360.0000,5389.6000,5389.8000,5390.4000,5390.8000,5399.8000,2,1,1,1,2,1,1,1,1,6
SF,IC2009,2020-01-23 09:35:04.800,5387.8000,3462,0,134014280.000,0,-,-,-,-,5382.6000,5382.4000,5380.0000,5369.0000,5362.0000,5389.2000,5389.4000,5389.6000,5389.8000,5390.8000,2,1,1,1,1,1,1,1,1,1
SF,IC2009,2020-01-23 09:35:05.300,5387.8000,3462,0,134014280.000,0,-,-,-,-,5382.8000,5382.6000,5382.4000,5380.0000,5369.0000,5389.0000,5389.2000,5389.4000,5389.8000,5399.8000,1,2,1,1,1,1,1,1,1,6
SF,IC2009,2020-01-23 09:35:05.800,5387.8000,3462,0,134014280.000,0,-,-,-,-,5383.2000,5383.0000,5382.8000,5382.6000,5382.4000,5389.0000,5389.2000,5389.4000,5389.8000,5399.8000,1,1,1,1,1,1,1,1,1,6
SF,IC2009,2020-01-23 09:35:06.300,5387.8000,3462,0,134014280.000,0,-,-,-,-,5383.4000,5383.2000,5382.8000,5382.6000,5382.4000,5389.0000,5389.2000,5389.8000,5399.8000,5412.0000,1,1,1,1,1,1,1,1,6,1
SF,IC2009,2020-01-23 09:35:06.800,5387.8000,3462,0,134014280.000,0,-,-,-,-,5383.4000,5382.8000,5382.6000,5382.4000,5380.0000,5389.0000,5389.2000,5389.8000,5399.8000,5412.0000,1,1,1,1,1,1,1,1,6,1
SF,IC2009,2020-01-23 09:35:07.300,5387.8000,3462,0,134014280.000,0,-,-,-,-,5383.4000,5382.6000,5380.0000,5369.0000,5362.0000,5389.0000,5389.2000,5389.8000,5399.8000,5412.0000,1,1,1,1,1,1,1,1,6,1
SF,IC2009,2020-01-23 09:35:07.800,5387.8000,3462,0,134014280.000,0,-,-,-,-,5382.6000,5380.0000,5369.0000,5362.0000,5360.0000,5388.8000,5389.0000,5389.2000,5389.8000,5399.8000,1,1,1,1,2,1,1,1,1,6
SF,IC2009,2020-01-23 09:35:08.300,5387.8000,3462,0,134014280.000,0,-,-,-,-,5382.8000,5380.0000,5369.0000,5362.0000,5360.0000,5388.6000,5388.8000,5389.8000,5399.8000,5412.0000,1,1,1,1,2,2,1,1,6,1
