市场代码,合约代码,时间,最新,持仓,增仓,成交额,成交量,开仓,平仓,成交类型,方向,买一价,买二价,买三价,买四价,买五价,卖一价,卖二价,卖三价,卖四价,卖五价,买一量,买二量,买三量,买四量,买五量,卖一量,卖二量,卖三量,卖四量,卖五量
SF,IC2012,2020-06-09 09:29:00.400,5168.4000,21148,0,6202080.000,6.000,-,-,-,-,5168.4000,5166.4000,5165.0000,5164.4000,5164.0000,5169.0000,5170.0000,5173.0000,5174.0000,5176.0000,1,5,1,5,2,3,1,1,1,1
SF,IC2012,2020-06-09 09:30:00.400,5169.0000,21146,-2,14472480.000,8,3,5,多平,S,5169.4000,5169.2000,5169.0000,5168.4000,5166.4000,5170.0000,5173.0000,5174.0000,5176.0000,5178.0000,1,11,8,1,5,1,1,1,1,2
SF,IC2012,2020-06-09 09:30:00.900,5169.2000,21146,0,17574160.000,3,1,2,多换,S,5169.2000,5169.0000,5168.4000,5166.4000,5165.0000,5170.0000,5173.0000,5174.0000,5176.0000,5178.0000,10,4,1,5,1,1,1,1,1,2
SF,IC2012,2020-06-09 09:30:01.400,5170.0000,21145,-1,20676160.000,3,1,2,多平,S,5170.0000,5169.8000,5169.6000,5169.2000,5169.0000,5173.0000,5174.0000,5176.0000,5178.0000,5179.4000,1,2,1,10,2,1,1,1,2,5
SF,IC2012,2020-06-09 09:30:01.900,5169.2000,21144,-1,23777840.000,3,1,2,多平,S,5169.2000,5169.0000,5168.4000,5166.4000,5165.0000,5169.4000,5169.8000,5172.4000,5172.8000,5173.0000,8,2,1,5,1,1,2,1,4,1
SF,IC2012,2020-06-09 09:30:02.400,5169.2000,21143,-1,28947200.000,5,2,3,多平,S,5169.2000,5169.0000,5168.4000,5166.4000,5165.0000,5169.8000,5172.4000,5172.8000,5173.0000,5174.0000,5,3,1,5,1,1,1,1,3,1
SF,IC2012,2020-06-09 09:30:02.900,5169.2000,21141,-2,31014880.000,2,0,2,双平,S,5169.2000,5169.0000,5168.4000,5166.4000,5165.0000,5169.4000,5169.8000,5172.4000,5172.8000,5173.0000,3,3,1,5,1,2,1,1,1,1
SF,IC2012,2020-06-09 09:30:03.400,5169.4000,21140,-1,33082600.000,2,0,2,多平,S,5169.2000,5169.0000,5168.4000,5166.4000,5165.0000,5169.4000,5169.8000,5172.4000,5172.8000,5173.0000,2,4,1,5,1,1,1,1,1,1
SF,IC2012,2020-06-09 09:30:03.900,5169.0000,21137,-3,37217880.000,4,0,4,多平,S,5169.0000,5168.4000,5166.4000,5165.0000,5164.4000,5169.4000,5169.8000,5172.4000,5172.8000,5173.0000,2,1,5,1,5,1,1,1,1,1
SF,IC2012,2020-06-09 09:30:04.400,5169.0000,21133,-4,43420760.000,6,1,5,多平,S,5168.4000,5166.4000,5165.0000,5164.4000,5164.0000,5169.8000,5172.4000,5172.8000,5173.0000,5174.0000,1,5,1,5,1,1,1,1,1,1
SF,IC2012,2020-06-09 09:30:04.900,5168.4000,21136,3,48589680.000,5,4,1,空开,S,5168.4000,5166.4000,5165.0000,5164.4000,5164.0000,5169.0000,5169.8000,5172.4000,5172.8000,5173.0000,1,5,1,5,1,1,1,1,1,1
SF,IC2012,2020-06-09 09:30:05.400,5168.4000,21136,0,48589680.000,0,-,-,-,-,5166.4000,5165.0000,5164.4000,5164.0000,5162.4000,5169.0000,5169.8000,5172.4000,5172.8000,5173.0000,5,1,5,1,6,3,1,1,1,1
SF,IC2012,2020-06-09 09:30:05.900,5168.8000,21135,-1,49623440.000,1,0,1,双平,S,5167.8000,5166.6000,5166.4000,5165.0000,5164.4000,5169.0000,5169.8000,5172.4000,5173.0000,5174.0000,1,3,5,1,5,3,1,1,1,1
SF,IC2012,2020-06-09 09:30:06.400,5168.8000,21135,0,49623440.000,0,-,-,-,-,5166.6000,5166.4000,5165.0000,5164.4000,5164.0000,5169.0000,5169.8000,5172.4000,5173.0000,5174.0000,2,5,1,5,1,3,1,1,1,1
SF,IC2012,2020-06-09 09:30:06.900,5168.8000,21135,0,49623440.000,0,-,-,-,-,5166.6000,5166.4000,5164.4000,5164.0000,5162.4000,5169.0000,5169.8000,5172.4000,5173.0000,5174.0000,2,5,5,1,6,3,1,1,1,1
SF,IC2012,2020-06-09 09:30:08.400,5168.8000,21135,0,49623440.000,0,-,-,-,-,5166.6000,5166.4000,5164.4000,5164.0000,5163.8000,5169.0000,5169.8000,5170.0000,5172.4000,5173.0000,2,5,5,1,1,3,1,1,1,1
SF,IC2012,2020-06-09 09:30:09.900,5169.0000,21136,1,50657240.000,1,1,0,双开,S,5166.6000,5166.4000,5164.4000,5164.0000,5163.8000,5169.0000,5169.8000,5170.0000,5172.4000,5173.0000,2,5,5,1,1,2,1,1,1,1
SF,IC2012,2020-06-09 09:30:12.400,5169.0000,21136,0,50657240.000,0,-,-,-,-,5166.6000,5166.4000,5164.4000,5164.0000,5163.8000,5168.8000,5169.0000,5169.8000,5170.0000,5172.4000,2,5,5,1,1,1,2,1,1,1
SF,IC2012,2020-06-09 09:30:12.900,5166.6000,21135,-1,52723880.000,2,0,2,多平,S,5166.4000,5164.4000,5164.0000,5163.8000,5162.4000,5168.8000,5169.0000,5169.8000,5170.0000,5172.4000,5,5,1,1,6,1,2,1,1,1
SF,IC2012,2020-06-09 09:30:13.400,5166.6000,21135,0,52723880.000,0,-,-,-,-,5166.4000,5164.4000,5164.0000,5163.8000,5162.4000,5166.6000,5168.8000,5169.0000,5169.8000,5170.0000,5,5,1,1,6,2,1,2,1,1
SF,IC2012,2020-06-09 09:30:13.900,5166.6000,21133,-2,54790520.000,2,0,2,双平,S,5166.6000,5166.4000,5164.4000,5164.0000,5163.8000,5168.8000,5169.0000,5169.8000,5170.0000,5172.4000,1,5,5,1,1,1,2,1,1,1
SF,IC2012,2020-06-09 09:30:14.400,5166.4000,21135,2,57890400.000,3,2,1,空开,S,5166.6000,5166.4000,5164.4000,5164.0000,5163.8000,5168.8000,5169.0000,5169.8000,5170.0000,5172.4000,3,3,5,1,1,1,2,1,1,1
SF,IC2012,2020-06-09 09:30:15.400,5166.4000,21135,0,57890400.000,0,-,-,-,-,5166.6000,5166.4000,5164.4000,5164.0000,5163.8000,5168.8000,5169.0000,5170.0000,5172.4000,5173.0000,3,3,5,1,1,1,2,1,1,1
SF,IC2012,2020-06-09 09:30:15.900,5166.4000,21135,0,57890400.000,0,-,-,-,-,5166.6000,5166.4000,5164.4000,5164.0000,5163.8000,5168.8000,5169.0000,5170.0000,5172.4000,5173.0000,3,3,5,1,1,1,2,1,1,1
SF,IC2012,2020-06-09 09:30:16.400,5166.4000,21135,0,57890400.000,0,-,-,-,-,5166.6000,5166.4000,5164.4000,5164.0000,5163.8000,5168.8000,5169.0000,5170.0000,5172.4000,5173.0000,3,3,5,1,1,1,2,1,1,1
SF,IC2012,2020-06-09 09:30:16.900,5166.4000,21135,0,57890400.000,0,-,-,-,-,5166.6000,5166.4000,5164.4000,5164.0000,5163.8000,5167.8000,5168.8000,5169.0000,5170.0000,5172.4000,3,3,5,1,1,2,1,2,1,1
SF,IC2012,2020-06-09 09:30:17.400,5167.6000,21134,-1,59957240.000,2,0,2,多平,S,5166.6000,5166.4000,5164.4000,5164.0000,5163.8000,5168.8000,5169.0000,5170.0000,5172.4000,5173.0000,2,3,5,1,1,1,2,1,1,1
SF,IC2012,2020-06-09 09:30:17.900,5166.4000,21133,-1,65123720.000,5,2,3,多平,S,5164.4000,5164.0000,5162.4000,5162.0000,5161.6000,5167.2000,5168.8000,5169.0000,5170.0000,5172.4000,5,1,6,5,1,3,1,2,1,1
SF,IC2012,2020-06-09 09:30:18.400,5167.0000,21132,-1,66157120.000,1,0,1,双平,S,5164.4000,5164.0000,5162.4000,5162.0000,5161.6000,5168.8000,5169.0000,5170.0000,5172.4000,5173.0000,5,1,6,5,1,1,2,1,1,1
SF,IC2012,2020-06-09 09:30:18.900,5167.0000,21132,0,66157120.000,0,-,-,-,-,5164.4000,5164.0000,5162.4000,5162.0000,5161.6000,5168.8000,5169.0000,5170.0000,5172.4000,5173.0000,5,1,6,5,1,1,2,1,1,1
SF,IC2012,2020-06-09 09:30:19.400,5167.0000,21132,0,66157120.000,0,-,-,-,-,5164.6000,5164.4000,5164.0000,5162.4000,5162.0000,5168.2000,5168.8000,5169.0000,5170.0000,5172.4000,3,5,1,6,5,2,1,2,1,1
SF,IC2012,2020-06-09 09:30:19.900,5167.0000,21132,0,66157120.000,0,-,-,-,-,5164.8000,5164.6000,5164.4000,5164.0000,5162.4000,5168.8000,5169.0000,5170.0000,5172.4000,5173.0000,1,3,5,1,6,1,2,1,1,1
SF,IC2012,2020-06-09 09:30:20.400,5167.0000,21132,0,66157120.000,0,-,-,-,-,5165.0000,5164.8000,5164.6000,5164.4000,5164.0000,5168.2000,5168.8000,5169.0000,5169.6000,5170.0000,1,1,3,5,1,2,1,2,2,1
SF,IC2012,2020-06-09 09:30:20.900,5167.0000,21132,0,66157120.000,0,-,-,-,-,5165.0000,5164.8000,5164.6000,5164.4000,5164.0000,5168.2000,5168.8000,5169.0000,5169.6000,5170.0000,2,1,2,5,1,2,1,2,2,1
SF,IC2012,2020-06-09 09:30:21.400,5168.2000,21131,-1,67190760.000,1,0,1,双平,S,5165.0000,5164.8000,5164.6000,5164.4000,5164.0000,5168.2000,5168.8000,5169.0000,5169.6000,5170.0000,2,1,2,5,1,1,1,2,2,1
SF,IC2012,2020-06-09 09:30:21.900,5168.2000,21131,0,67190760.000,0,-,-,-,-,5165.2000,5165.0000,5164.8000,5164.6000,5164.4000,5168.8000,5169.0000,5169.6000,5170.0000,5172.4000,1,2,1,2,5,1,2,2,1,1
SF,IC2012,2020-06-09 09:30:22.400,5168.2000,21131,0,67190760.000,0,-,-,-,-,5165.4000,5165.2000,5165.0000,5164.8000,5164.6000,5168.8000,5169.0000,5169.6000,5170.0000,5172.4000,1,1,1,1,2,1,2,2,1,1
SF,IC2012,2020-06-09 09:30:22.900,5168.2000,21131,0,67190760.000,0,-,-,-,-,5165.4000,5165.2000,5165.0000,5164.8000,5164.6000,5168.8000,5169.0000,5169.6000,5170.0000,5172.4000,1,1,1,1,2,1,2,2,1,1
SF,IC2012,2020-06-09 09:30:24.900,5165.4000,21131,0,68223840.000,1,0,1,多换,S,5165.2000,5165.0000,5164.8000,5164.6000,5164.4000,5168.6000,5168.8000,5169.0000,5169.6000,5170.0000,1,1,1,2,5,1,1,2,2,1
SF,IC2012,2020-06-09 09:30:25.900,5165.0000,21132,1,70289880.000,2,1,1,空开,S,5164.8000,5164.6000,5164.4000,5164.0000,5162.4000,5168.6000,5168.8000,5169.0000,5170.0000,5172.4000,1,2,5,1,6,1,1,2,1,1
SF,IC2012,2020-06-09 09:30:26.400,5165.0000,21132,0,70289880.000,0,-,-,-,-,5164.8000,5164.6000,5164.4000,5164.0000,5162.4000,5168.6000,5168.8000,5169.0000,5170.0000,5172.4000,1,2,5,1,6,1,1,2,1,1
SF,IC2012,2020-06-09 09:30:26.900,5168.6000,21131,-1,72356680.000,2,0,2,多平,S,5165.0000,5164.8000,5164.6000,5164.4000,5164.0000,5168.8000,5169.0000,5170.0000,5172.4000,5173.0000,1,1,2,5,1,1,1,1,1,1
SF,IC2012,2020-06-09 09:30:27.400,5168.6000,21131,0,72356680.000,0,-,-,-,-,5165.0000,5164.8000,5164.6000,5164.4000,5164.0000,5168.8000,5170.0000,5172.4000,5173.0000,5174.0000,1,1,2,5,1,1,1,1,1,1
SF,IC2012,2020-06-09 09:30:27.900,5168.6000,21131,0,72356680.000,0,-,-,-,-,5165.2000,5165.0000,5164.8000,5164.6000,5164.4000,5168.8000,5170.0000,5172.4000,5173.0000,5174.0000,1,1,1,2,5,1,1,1,1,1
SF,IC2012,2020-06-09 09:30:28.400,5168.6000,21131,0,72356680.000,0,-,-,-,-,5165.4000,5165.2000,5164.8000,5164.6000,5164.4000,5168.8000,5170.0000,5172.4000,5173.0000,5174.0000,1,2,1,2,5,1,1,1,1,1
SF,IC2012,2020-06-09 09:30:28.900,5168.6000,21131,0,72356680.000,0,-,-,-,-,5165.6000,5165.4000,5165.2000,5164.8000,5164.6000,5168.8000,5170.0000,5172.4000,5173.0000,5174.0000,1,1,2,1,2,1,1,1,1,1
SF,IC2012,2020-06-09 09:30:29.400,5168.6000,21131,0,72356680.000,0,-,-,-,-,5165.8000,5165.6000,5165.2000,5164.8000,5164.6000,5168.8000,5170.0000,5172.4000,5173.0000,5174.0000,1,1,2,1,2,1,1,1,1,1
SF,IC2012,2020-06-09 09:30:29.900,5168.6000,21131,0,72356680.000,0,-,-,-,-,5165.8000,5165.6000,5165.2000,5164.8000,5164.6000,5168.8000,5170.0000,5172.4000,5173.0000,5174.0000,2,1,1,3,2,1,1,1,1,1
SF,IC2012,2020-06-09 09:30:30.900,5168.6000,21131,0,72356680.000,0,-,-,-,-,5166.2000,5166.0000,5165.8000,5164.8000,5164.6000,5168.8000,5170.0000,5172.4000,5173.0000,5174.0000,1,1,2,3,2,1,1,1,1,1
SF,IC2012,2020-06-09 09:30:31.400,5168.6000,21131,0,72356680.000,0,-,-,-,-,5166.4000,5166.2000,5166.0000,5165.8000,5164.8000,5168.8000,5170.0000,5172.4000,5173.0000,5174.0000,1,1,2,1,3,1,1,1,1,1
SF,IC2012,2020-06-09 09:30:31.900,5168.8000,21130,-1,73390440.000,1,0,1,双平,S,5166.4000,5166.2000,5166.0000,5165.8000,5164.8000,5168.0000,5170.0000,5172.4000,5173.0000,5174.0000,1,1,1,1,3,1,1,1,1,1
SF,IC2012,2020-06-09 09:30:32.400,5168.0000,21129,-1,74424040.000,1,0,1,双平,S,5166.2000,5166.0000,5165.8000,5164.8000,5164.6000,5170.0000,5172.4000,5173.0000,5174.0000,5176.0000,1,1,1,3,2,1,1,1,1,1
SF,IC2012,2020-06-09 09:30:32.900,5168.0000,21129,0,74424040.000,0,-,-,-,-,5167.8000,5166.4000,5166.2000,5166.0000,5165.8000,5170.0000,5172.4000,5173.0000,5174.0000,5176.0000,1,1,1,1,1,1,1,1,1,1
SF,IC2012,2020-06-09 09:30:33.400,5168.0000,21129,0,74424040.000,0,-,-,-,-,5167.8000,5166.4000,5166.2000,5166.0000,5165.8000,5170.0000,5172.4000,5173.0000,5174.0000,5176.0000,1,1,1,1,1,1,1,1,1,1
SF,IC2012,2020-06-09 09:30:33.900,5168.0000,21129,0,74424040.000,0,-,-,-,-,5166.4000,5166.2000,5166.0000,5165.8000,5164.8000,5170.0000,5172.4000,5173.0000,5174.0000,5176.0000,1,1,1,1,3,1,1,1,1,1
SF,IC2012,2020-06-09 09:30:34.400,5168.0000,21129,0,74424040.000,0,-,-,-,-,5166.6000,5166.4000,5166.2000,5166.0000,5165.8000,5170.0000,5172.4000,5173.0000,5174.0000,5176.0000,1,1,1,1,1,1,1,1,1,1
SF,IC2012,2020-06-09 09:30:34.900,5168.0000,21129,0,74424040.000,0,-,-,-,-,5167.8000,5166.8000,5166.6000,5166.2000,5166.0000,5170.0000,5172.4000,5173.0000,5174.0000,5176.0000,1,1,1,1,1,1,1,1,1,1
SF,IC2012,2020-06-09 09:30:35.400,5168.0000,21129,0,74424040.000,0,-,-,-,-,5166.8000,5166.2000,5166.0000,5165.8000,5164.8000,5170.0000,5172.4000,5173.0000,5174.0000,5176.0000,1,1,1,1,3,1,1,1,1,1
SF,IC2012,2020-06-09 09:30:35.900,5168.0000,21129,0,74424040.000,0,-,-,-,-,5166.8000,5166.4000,5166.2000,5166.0000,5165.8000,5170.0000,5172.4000,5173.0000,5174.0000,5176.0000,1,2,1,1,1,1,1,1,1,1
SF,IC2012,2020-06-09 09:30:37.900,5168.0000,21129,0,74424040.000,0,-,-,-,-,5167.8000,5166.8000,5166.4000,5166.2000,5166.0000,5170.0000,5172.4000,5173.0000,5174.0000,5176.0000,1,1,2,1,1,1,1,1,1,1
SF,IC2012,2020-06-09 09:30:38.400,5168.0000,21129,0,74424040.000,0,-,-,-,-,5167.8000,5166.8000,5166.4000,5166.2000,5166.0000,5169.8000,5170.0000,5172.4000,5173.0000,5174.0000,1,1,2,1,1,8,1,1,1,1
SF,IC2012,2020-06-09 09:30:38.900,5168.0000,21129,0,74424040.000,0,-,-,-,-,5167.8000,5166.8000,5166.4000,5166.0000,5165.8000,5169.8000,5170.0000,5172.4000,5173.0000,5174.0000,1,1,2,1,1,8,1,1,1,1
SF,IC2012,2020-06-09 09:30:40.900,5168.0000,21129,0,74424040.000,0,-,-,-,-,5167.8000,5166.8000,5166.4000,5166.0000,5165.8000,5169.8000,5170.0000,5172.4000,5173.0000,5174.0000,1,1,2,1,1,8,1,1,1,1
SF,IC2012,2020-06-09 09:30:41.400,5168.0000,21129,0,74424040.000,0,-,-,-,-,5167.8000,5167.6000,5166.8000,5166.4000,5166.0000,5169.8000,5170.0000,5172.4000,5173.0000,5174.0000,1,1,1,2,1,8,1,1,1,1
SF,IC2012,2020-06-09 09:30:42.400,5168.0000,21129,0,74424040.000,0,-,-,-,-,5168.0000,5167.8000,5167.6000,5166.8000,5166.4000,5169.8000,5170.0000,5172.4000,5173.0000,5174.0000,1,1,1,1,2,8,1,1,1,1
SF,IC2012,2020-06-09 09:30:42.900,5168.0000,21129,0,74424040.000,0,-,-,-,-,5167.6000,5166.8000,5166.4000,5166.0000,5165.8000,5169.8000,5170.0000,5172.4000,5173.0000,5174.0000,1,1,2,1,1,8,1,1,1,1
SF,IC2012,2020-06-09 09:30:43.900,5168.0000,21129,0,74424040.000,0,-,-,-,-,5167.6000,5166.8000,5166.4000,5166.0000,5165.8000,5169.8000,5170.0000,5172.4000,5173.0000,5174.0000,1,1,2,1,1,8,1,1,1,1
SF,IC2012,2020-06-09 09:30:45.400,5168.0000,21129,0,74424040.000,0,-,-,-,-,5167.8000,5167.6000,5166.8000,5166.0000,5165.8000,5169.8000,5170.0000,5172.4000,5173.0000,5174.0000,2,1,1,1,1,8,1,1,1,1
SF,IC2012,2020-06-09 09:30:45.900,5167.8000,21129,0,76491160.000,2,1,1,多换,S,5167.6000,5166.8000,5166.0000,5165.8000,5164.8000,5169.8000,5170.0000,5172.4000,5173.0000,5174.0000,1,1,1,1,1,8,1,1,1,1
SF,IC2012,2020-06-09 09:30:46.400,5167.8000,21129,0,76491160.000,0,-,-,-,-,5167.6000,5166.8000,5166.0000,5165.8000,5164.8000,5169.8000,5170.0000,5172.4000,5173.0000,5174.0000,1,1,1,1,1,8,1,1,1,1
SF,IC2012,2020-06-09 09:30:46.900,5167.8000,21129,0,76491160.000,0,-,-,-,-,5167.6000,5166.8000,5166.0000,5165.8000,5164.8000,5169.8000,5170.0000,5172.4000,5173.0000,5174.0000,1,1,1,1,1,8,1,1,1,1
SF,IC2012,2020-06-09 09:30:47.400,5167.6000,21129,0,77524680.000,1,0,1,多换,S,5166.0000,5165.8000,5164.8000,5164.4000,5164.0000,5169.2000,5169.6000,5169.8000,5170.0000,5172.4000,1,1,1,5,1,2,1,8,1,1
SF,IC2012,2020-06-09 09:30:47.900,5167.6000,21129,0,77524680.000,0,-,-,-,-,5165.8000,5164.8000,5164.4000,5164.0000,5162.4000,5169.6000,5169.8000,5170.0000,5172.4000,5173.0000,1,1,5,1,5,1,8,1,1,1
SF,IC2012,2020-06-09 09:30:48.400,5167.6000,21129,0,77524680.000,0,-,-,-,-,5164.8000,5164.4000,5164.0000,5162.4000,5162.0000,5169.0000,5169.6000,5169.8000,5170.0000,5172.4000,1,5,1,5,5,2,1,8,1,1
SF,IC2012,2020-06-09 09:30:48.900,5167.6000,21129,0,77524680.000,0,-,-,-,-,5164.8000,5164.4000,5164.0000,5162.4000,5162.0000,5169.6000,5169.8000,5170.0000,5172.4000,5173.0000,1,5,1,5,5,1,8,1,1,1
SF,IC2012,2020-06-09 09:30:49.400,5167.6000,21129,0,77524680.000,0,-,-,-,-,5164.8000,5164.4000,5164.0000,5162.4000,5162.0000,5168.6000,5169.6000,5169.8000,5170.0000,5172.4000,1,5,1,5,5,2,1,8,1,1
SF,IC2012,2020-06-09 09:30:49.900,5167.6000,21129,0,77524680.000,0,-,-,-,-,5164.8000,5164.4000,5164.0000,5162.4000,5162.0000,5169.2000,5169.6000,5169.8000,5170.0000,5172.4000,1,5,1,5,5,1,1,8,1,1
SF,IC2012,2020-06-09 09:30:50.400,5167.6000,21129,0,77524680.000,0,-,-,-,-,5164.8000,5164.4000,5164.0000,5162.4000,5162.0000,5168.2000,5169.2000,5169.6000,5169.8000,5170.0000,1,5,1,5,5,2,1,1,8,1
SF,IC2012,2020-06-09 09:30:51.400,5167.6000,21129,0,77524680.000,0,-,-,-,-,5164.8000,5164.4000,5164.0000,5162.4000,5162.0000,5169.2000,5169.6000,5169.8000,5170.0000,5172.4000,1,5,1,5,5,1,1,8,1,1
SF,IC2012,2020-06-09 09:30:51.900,5167.6000,21129,0,77524680.000,0,-,-,-,-,5164.4000,5164.0000,5162.4000,5162.0000,5161.6000,5167.6000,5169.2000,5169.6000,5169.8000,5170.0000,5,1,5,5,1,2,1,1,8,1
SF,IC2012,2020-06-09 09:30:52.400,5167.6000,21129,0,77524680.000,0,-,-,-,-,5164.4000,5164.0000,5162.4000,5161.6000,5161.2000,5166.0000,5169.2000,5169.6000,5169.8000,5170.0000,5,1,5,1,1,1,1,1,8,1
SF,IC2012,2020-06-09 09:30:52.900,5167.6000,21129,0,77524680.000,0,-,-,-,-,5164.4000,5164.0000,5162.4000,5161.6000,5161.2000,5167.2000,5169.0000,5169.2000,5169.6000,5169.8000,5,1,5,1,1,2,1,1,1,8
SF,IC2012,2020-06-09 09:30:53.400,5167.6000,21129,0,77524680.000,0,-,-,-,-,5164.4000,5164.0000,5162.4000,5161.6000,5161.2000,5169.0000,5169.2000,5169.6000,5169.8000,5170.0000,5,1,5,1,1,1,1,1,8,1
SF,IC2012,2020-06-09 09:30:53.900,5167.6000,21129,0,77524680.000,0,-,-,-,-,5164.4000,5164.0000,5162.4000,5161.6000,5161.2000,5166.6000,5167.2000,5169.0000,5169.2000,5169.6000,5,1,5,1,1,1,2,1,1,1
SF,IC2012,2020-06-09 09:30:54.400,5167.6000,21129,0,77524680.000,0,-,-,-,-,5164.4000,5164.0000,5162.4000,5161.2000,5161.0000,5169.0000,5169.2000,5169.6000,5169.8000,5170.0000,5,1,5,1,1,1,1,1,8,1
SF,IC2012,2020-06-09 09:30:54.900,5167.6000,21129,0,77524680.000,0,-,-,-,-,5164.4000,5164.0000,5162.4000,5161.2000,5161.0000,5166.2000,5167.4000,5169.0000,5169.8000,5170.0000,5,1,5,1,1,2,1,1,8,1
SF,IC2012,2020-06-09 09:30:55.400,5167.6000,21129,0,77524680.000,0,-,-,-,-,5164.4000,5164.0000,5162.4000,5161.2000,5161.0000,5166.4000,5167.4000,5168.8000,5169.0000,5169.8000,5,1,5,1,1,2,1,4,2,8
SF,IC2012,2020-06-09 09:30:55.900,5167.6000,21129,0,77524680.000,0,-,-,-,-,5164.4000,5164.0000,5162.4000,5161.2000,5161.0000,5167.4000,5168.8000,5169.0000,5169.8000,5170.0000,5,1,5,1,1,1,4,2,8,1
SF,IC2012,2020-06-09 09:30:56.400,5167.6000,21129,0,77524680.000,0,-,-,-,-,5164.4000,5164.0000,5162.4000,5161.2000,5161.0000,5165.6000,5166.0000,5167.4000,5168.8000,5169.0000,5,1,5,1,1,1,4,1,4,2
SF,IC2012,2020-06-09 09:30:56.900,5167.6000,21129,0,77524680.000,0,-,-,-,-,5164.4000,5164.0000,5162.4000,5161.2000,5161.0000,5167.4000,5168.8000,5169.0000,5169.8000,5170.0000,5,1,5,1,1,1,4,2,8,1
SF,IC2012,2020-06-09 09:30:57.400,5167.6000,21129,0,77524680.000,0,-,-,-,-,5164.4000,5164.0000,5162.4000,5161.2000,5161.0000,5165.2000,5165.6000,5167.4000,5168.8000,5169.0000,5,1,5,1,1,1,2,1,4,2
SF,IC2012,2020-06-09 09:30:57.900,5167.6000,21129,0,77524680.000,0,-,-,-,-,5164.4000,5164.0000,5162.4000,5161.2000,5161.0000,5165.8000,5167.4000,5168.8000,5169.0000,5169.8000,5,1,5,1,1,2,1,4,3,8
SF,IC2012,2020-06-09 09:30:58.400,5167.6000,21129,0,77524680.000,0,-,-,-,-,5164.4000,5164.0000,5162.4000,5161.2000,5161.0000,5167.4000,5168.8000,5169.0000,5169.8000,5170.0000,5,1,5,1,1,1,4,3,8,1
SF,IC2012,2020-06-09 09:30:58.900,5167.6000,21129,0,77524680.000,0,-,-,-,-,5164.4000,5164.0000,5162.4000,5161.2000,5161.0000,5165.0000,5165.2000,5165.4000,5168.8000,5169.0000,5,1,5,1,1,1,2,2,4,3
SF,IC2012,2020-06-09 09:30:59.400,5165.6000,21127,-2,79590920.000,2,0,2,双平,S,5164.4000,5164.0000,5162.4000,5161.2000,5161.0000,5168.8000,5169.0000,5169.8000,5170.0000,5172.4000,5,1,5,1,1,4,3,8,1,1
SF,IC2012,2020-06-09 09:30:59.900,5165.6000,21127,0,79590920.000,0,-,-,-,-,5164.4000,5164.0000,5162.4000,5161.2000,5161.0000,5165.4000,5167.8000,5168.8000,5169.0000,5169.8000,5,1,5,1,1,1,1,4,3,8
SF,IC2012,2020-06-09 09:31:00.400,5165.6000,21127,0,79590920.000,0,-,-,-,-,5164.4000,5164.0000,5162.4000,5161.2000,5161.0000,5165.0000,5165.2000,5167.8000,5168.8000,5169.0000,5,1,5,1,1,1,1,1,5,3
SF,IC2012,2020-06-09 09:31:00.900,5164.0000,21131,4,89920040.000,10,7,3,空开,S,5162.4000,5161.2000,5161.0000,5160.2000,5160.0000,5165.4000,5168.8000,5169.0000,5170.0000,5172.4000,5,1,1,1,1,1,4,3,1,1
SF,IC2012,2020-06-09 09:31:01.400,5165.4000,21130,-1,90953120.000,1,0,1,双平,S,5164.2000,5162.6000,5162.4000,5161.2000,5161.0000,5168.8000,5169.0000,5170.0000,5172.4000,5173.0000,1,1,5,1,1,4,3,1,1,1
SF,IC2012,2020-06-09 09:31:01.900,5164.2000,21131,1,91985960.000,1,1,0,双开,S,5162.6000,5162.4000,5161.2000,5161.0000,5160.2000,5165.6000,5168.6000,5168.8000,5169.0000,5170.0000,1,5,1,1,1,2,2,4,3,1
SF,IC2012,2020-06-09 09:31:02.400,5164.2000,21131,0,91985960.000,0,-,-,-,-,5162.8000,5162.6000,5162.4000,5161.2000,5161.0000,5168.6000,5168.8000,5169.0000,5170.0000,5172.4000,1,1,5,1,1,1,4,3,1,1
SF,IC2012,2020-06-09 09:31:02.900,5164.2000,21131,0,91985960.000,0,-,-,-,-,5163.0000,5162.8000,5162.4000,5161.2000,5161.0000,5165.6000,5168.6000,5168.8000,5169.0000,5170.0000,1,1,5,1,1,1,1,4,3,1
SF,IC2012,2020-06-09 09:31:03.400,5164.2000,21131,0,91985960.000,0,-,-,-,-,5163.2000,5163.0000,5162.4000,5161.2000,5161.0000,5165.6000,5168.4000,5168.6000,5168.8000,5169.0000,1,1,5,1,1,1,1,1,4,3
SF,IC2012,2020-06-09 09:31:03.900,5165.6000,21130,-1,93019080.000,1,0,1,双平,S,5163.6000,5163.4000,5163.2000,5162.4000,5161.2000,5168.6000,5168.8000,5169.0000,5170.0000,5172.4000,1,1,1,5,1,1,1,3,1,1
SF,IC2012,2020-06-09 09:31:04.400,5165.6000,21130,0,93019080.000,0,-,-,-,-,5163.8000,5163.6000,5162.4000,5161.2000,5161.0000,5168.6000,5168.8000,5169.0000,5170.0000,5172.4000,2,1,5,1,1,1,1,3,1,1
SF,IC2012,2020-06-09 09:31:04.900,5165.6000,21130,0,93019080.000,0,-,-,-,-,5163.8000,5163.6000,5162.4000,5161.2000,5161.0000,5168.6000,5168.8000,5169.0000,5170.0000,5172.4000,2,1,5,1,1,1,1,3,1,1
SF,IC2012,2020-06-09 09:31:05.400,5165.6000,21130,0,93019080.000,0,-,-,-,-,5163.8000,5163.6000,5162.4000,5161.2000,5161.0000,5168.6000,5168.8000,5169.0000,5170.0000,5172.4000,2,1,5,1,1,1,1,3,1,1
SF,IC2012,2020-06-09 09:31:07.400,5168.6000,21129,-1,94052800.000,1,0,1,双平,S,5164.2000,5163.8000,5163.6000,5162.4000,5161.2000,5168.8000,5169.0000,5170.0000,5172.4000,5173.0000,1,2,1,5,1,1,3,1,1,1
SF,IC2012,2020-06-09 09:31:07.900,5168.6000,21129,0,94052800.000,0,-,-,-,-,5164.4000,5164.2000,5163.6000,5162.4000,5161.2000,5168.6000,5168.8000,5169.0000,5170.0000,5172.4000,2,1,1,5,1,1,1,3,1,1
SF,IC2012,2020-06-09 09:31:08.900,5168.6000,21129,0,94052800.000,0,-,-,-,-,5164.4000,5164.2000,5163.6000,5162.4000,5161.2000,5168.0000,5168.6000,5168.8000,5169.0000,5170.0000,2,1,1,5,1,4,1,1,3,1
SF,IC2012,2020-06-09 09:31:09.400,5168.6000,21129,0,94052800.000,0,-,-,-,-,5164.4000,5164.2000,5163.6000,5162.4000,5161.2000,5167.8000,5168.0000,5168.8000,5169.0000,5170.0000,2,1,1,5,1,1,4,1,3,1
SF,IC2012,2020-06-09 09:31:10.900,5168.6000,21129,0,94052800.000,0,-,-,-,-,5164.4000,5163.6000,5162.4000,5161.2000,5161.0000,5167.4000,5167.8000,5168.0000,5168.8000,5169.0000,2,1,5,1,1,1,1,4,1,3
SF,IC2012,2020-06-09 09:31:11.400,5168.6000,21129,0,94052800.000,0,-,-,-,-,5162.4000,5161.2000,5161.0000,5160.2000,5160.0000,5166.0000,5167.2000,5167.4000,5168.0000,5168.8000,5,1,1,1,1,2,1,1,4,1
SF,IC2012,2020-06-09 09:31:11.900,5168.6000,21129,0,94052800.000,0,-,-,-,-,5162.6000,5162.4000,5161.2000,5161.0000,5160.2000,5167.2000,5167.4000,5168.0000,5168.8000,5169.0000,2,5,1,1,1,1,1,4,1,3
SF,IC2012,2020-06-09 09:31:12.400,5168.6000,21129,0,94052800.000,0,-,-,-,-,5164.4000,5162.6000,5162.4000,5161.2000,5161.0000,5167.2000,5167.4000,5168.0000,5168.8000,5169.0000,1,2,5,1,1,1,1,4,1,3
SF,IC2012,2020-06-09 09:31:12.900,5168.6000,21129,0,94052800.000,0,-,-,-,-,5164.6000,5164.4000,5163.6000,5162.6000,5162.4000,5167.2000,5167.4000,5168.0000,5168.8000,5169.0000,2,1,1,1,5,1,1,4,1,3
SF,IC2012,2020-06-09 09:31:13.400,5168.6000,21129,0,94052800.000,0,-,-,-,-,5164.6000,5164.4000,5162.6000,5162.4000,5161.2000,5167.2000,5167.4000,5168.0000,5168.8000,5169.0000,2,1,1,5,1,1,1,4,1,3
SF,IC2012,2020-06-09 09:31:13.900,5168.6000,21129,0,94052800.000,0,-,-,-,-,5164.6000,5164.4000,5162.6000,5162.4000,5161.2000,5167.2000,5168.0000,5168.8000,5169.0000,5170.0000,2,1,1,5,1,1,4,1,3,1
SF,IC2012,2020-06-09 09:31:14.400,5167.2000,21128,-1,95086240.000,1,0,1,双平,S,5167.2000,5164.6000,5164.4000,5162.6000,5162.4000,5168.0000,5168.8000,5169.0000,5170.0000,5172.4000,1,2,1,1,5,4,1,3,1,1
SF,IC2012,2020-06-09 09:31:14.900,5167.2000,21127,-1,96119680.000,1,0,1,双平,S,5164.6000,5164.4000,5162.4000,5161.2000,5161.0000,5166.0000,5166.6000,5166.8000,5167.0000,5168.0000,1,1,5,1,1,2,2,1,6,4
SF,IC2012,2020-06-09 09:31:15.400,5167.2000,21127,0,96119680.000,0,-,-,-,-,5164.8000,5164.4000,5162.4000,5161.2000,5161.0000,5166.0000,5166.8000,5167.0000,5168.0000,5168.8000,1,1,5,1,1,2,1,6,5,1
SF,IC2012,2020-06-09 09:31:15.900,5167.2000,21127,0,96119680.000,0,-,-,-,-,5164.8000,5164.4000,5162.4000,5161.2000,5161.0000,5166.0000,5166.8000,5167.0000,5168.0000,5168.8000,1,1,5,1,1,2,1,1,5,1
SF,IC2012,2020-06-09 09:31:18.400,5167.2000,21127,0,96119680.000,0,-,-,-,-,5164.8000,5164.4000,5162.4000,5161.2000,5161.0000,5166.0000,5166.8000,5167.0000,5168.0000,5168.8000,1,1,5,1,1,2,1,1,5,1
SF,IC2012,2020-06-09 09:31:19.400,5167.2000,21127,0,96119680.000,0,-,-,-,-,5164.8000,5164.4000,5162.4000,5161.2000,5161.0000,5166.0000,5166.8000,5167.0000,5168.0000,5168.8000,1,1,5,1,1,2,1,1,5,1
SF,IC2012,2020-06-09 09:31:20.400,5164.8000,21126,-1,97152640.000,1,0,1,双平,S,5164.4000,5162.4000,5161.2000,5161.0000,5160.2000,5166.0000,5166.8000,5167.0000,5168.0000,5168.8000,1,5,1,1,1,2,1,1,5,1
SF,IC2012,2020-06-09 09:31:23.900,5164.8000,21126,0,97152640.000,0,-,-,-,-,5165.0000,5162.4000,5161.2000,5161.0000,5160.2000,5166.0000,5166.8000,5167.0000,5168.0000,5168.8000,1,5,1,1,1,2,1,1,5,1
SF,IC2012,2020-06-09 09:31:24.400,5165.0000,21126,0,98185640.000,1,0,1,多换,S,5162.4000,5161.2000,5161.0000,5160.2000,5160.0000,5165.6000,5166.0000,5166.8000,5167.0000,5168.0000,5,1,1,1,1,2,2,1,1,5
SF,IC2012,2020-06-09 09:31:24.900,5165.0000,21126,0,98185640.000,0,-,-,-,-,5162.6000,5162.4000,5161.2000,5161.0000,5160.2000,5166.0000,5166.8000,5167.0000,5168.0000,5168.8000,2,5,1,1,1,2,1,1,4,1
SF,IC2012,2020-06-09 09:31:25.400,5165.0000,21126,0,98185640.000,0,-,-,-,-,5162.6000,5162.4000,5161.2000,5161.0000,5160.2000,5165.8000,5166.0000,5166.8000,5167.0000,5168.0000,2,5,1,1,1,1,2,1,1,4
SF,IC2012,2020-06-09 09:31:25.900,5165.0000,21126,0,98185640.000,0,-,-,-,-,5162.6000,5162.4000,5161.2000,5161.0000,5160.2000,5166.0000,5166.8000,5167.0000,5168.0000,5168.8000,2,5,1,1,1,2,1,1,4,1
SF,IC2012,2020-06-09 09:31:26.400,5165.0000,21126,0,98185640.000,0,-,-,-,-,5162.6000,5162.4000,5161.2000,5161.0000,5160.2000,5166.0000,5166.8000,5167.0000,5168.0000,5168.8000,2,5,1,1,1,2,1,1,4,1
SF,IC2012,2020-06-09 09:31:26.900,5165.0000,21126,0,98185640.000,0,-,-,-,-,5163.6000,5162.8000,5162.6000,5162.4000,5161.2000,5165.8000,5166.0000,5166.8000,5167.0000,5168.0000,1,1,2,5,1,1,2,1,1,4
SF,IC2012,2020-06-09 09:31:27.400,5165.0000,21126,0,98185640.000,0,-,-,-,-,5163.8000,5162.8000,5162.6000,5162.4000,5161.2000,5165.8000,5166.0000,5166.8000,5167.0000,5168.0000,1,1,1,5,1,1,2,1,1,4
SF,IC2012,2020-06-09 09:31:27.900,5165.0000,21126,0,98185640.000,0,-,-,-,-,5163.8000,5162.8000,5162.6000,5162.4000,5161.2000,5165.8000,5166.0000,5166.8000,5167.0000,5168.0000,1,1,1,5,1,1,2,1,2,4
SF,IC2012,2020-06-09 09:31:28.400,5165.0000,21126,0,98185640.000,0,-,-,-,-,5163.8000,5163.6000,5162.8000,5162.6000,5162.4000,5165.8000,5166.0000,5166.8000,5167.0000,5168.0000,1,1,1,1,5,1,2,1,2,4
SF,IC2012,2020-06-09 09:31:28.900,5163.8000,21125,-1,99218400.000,1,0,1,双平,S,5163.6000,5162.8000,5162.6000,5162.4000,5161.2000,5165.8000,5166.0000,5166.8000,5167.0000,5168.0000,1,1,1,5,1,1,2,1,2,4
SF,IC2012,2020-06-09 09:31:29.400,5163.8000,21125,0,99218400.000,0,-,-,-,-,5163.8000,5162.8000,5162.6000,5162.4000,5161.2000,5165.8000,5166.0000,5166.8000,5167.0000,5168.0000,1,1,1,5,1,1,2,1,2,4
SF,IC2012,2020-06-09 09:31:29.900,5163.8000,21125,0,99218400.000,0,-,-,-,-,5163.8000,5162.8000,5162.6000,5162.4000,5161.2000,5165.8000,5166.0000,5166.8000,5167.0000,5168.0000,1,1,1,5,1,1,3,1,2,4
SF,IC2012,2020-06-09 09:31:30.400,5163.8000,21125,0,99218400.000,0,-,-,-,-,5163.8000,5162.8000,5162.6000,5162.4000,5161.2000,5165.8000,5166.0000,5166.8000,5167.0000,5168.0000,1,1,1,5,1,1,3,1,2,4
SF,IC2012,2020-06-09 09:31:30.900,5165.8000,21124,-1,100251560.000,1,0,1,双平,S,5163.8000,5163.6000,5162.8000,5162.6000,5162.4000,5166.0000,5166.8000,5167.0000,5168.0000,5168.4000,1,1,1,1,5,1,1,2,4,1
SF,IC2012,2020-06-09 09:31:31.400,5166.0000,21123,-1,101284760.000,1,0,1,双平,S,5163.8000,5163.6000,5162.8000,5162.6000,5162.4000,5166.8000,5167.0000,5168.0000,5168.4000,5169.0000,1,1,1,1,5,1,2,4,1,2
SF,IC2012,2020-06-09 09:31:31.900,5166.0000,21123,0,101284760.000,0,-,-,-,-,5164.0000,5163.8000,5163.6000,5162.8000,5162.6000,5166.8000,5167.0000,5168.0000,5168.4000,5169.0000,2,1,1,1,1,1,2,4,1,2
SF,IC2012,2020-06-09 09:31:32.400,5166.0000,21123,0,101284760.000,0,-,-,-,-,5164.8000,5164.4000,5164.2000,5164.0000,5163.6000,5165.6000,5166.8000,5167.0000,5168.0000,5168.4000,1,1,1,2,1,1,1,1,4,1
SF,IC2012,2020-06-09 09:31:32.900,5165.6000,21122,-1,102317880.000,1,0,1,双平,S,5165.6000,5164.8000,5164.4000,5164.0000,5163.6000,5167.0000,5168.0000,5168.4000,5169.0000,5169.2000,1,1,1,1,1,1,4,1,2,2
SF,IC2012,2020-06-09 09:31:33.400,5165.6000,21122,0,102317880.000,0,-,-,-,-,5164.8000,5164.4000,5164.0000,5163.6000,5162.6000,5167.0000,5168.0000,5168.4000,5169.0000,5169.2000,1,1,1,1,1,1,4,1,2,2
SF,IC2012,2020-06-09 09:31:33.900,5165.6000,21122,0,102317880.000,0,-,-,-,-,5165.0000,5164.8000,5164.0000,5163.6000,5162.6000,5167.0000,5168.0000,5168.4000,5169.0000,5169.2000,1,1,1,1,1,1,4,1,2,2
SF,IC2012,2020-06-09 09:31:36.400,5165.6000,21122,0,102317880.000,0,-,-,-,-,5165.0000,5164.8000,5163.6000,5162.6000,5162.4000,5167.0000,5168.0000,5168.4000,5169.0000,5169.2000,1,1,1,1,5,1,4,1,2,2
SF,IC2012,2020-06-09 09:31:36.900,5165.6000,21122,0,102317880.000,0,-,-,-,-,5165.0000,5164.8000,5163.6000,5162.6000,5162.4000,5167.0000,5168.0000,5168.4000,5169.0000,5169.2000,1,1,1,1,5,2,4,1,2,2
SF,IC2012,2020-06-09 09:31:37.900,5165.6000,21122,0,102317880.000,0,-,-,-,-,5165.0000,5164.8000,5163.6000,5162.6000,5162.4000,5165.4000,5167.0000,5168.0000,5168.4000,5169.0000,1,1,1,1,5,1,2,4,1,2
SF,IC2012,2020-06-09 09:31:38.400,5165.6000,21121,-1,103351000.000,1,0,1,双平,S,5165.4000,5164.8000,5163.6000,5162.6000,5162.4000,5167.0000,5168.0000,5168.4000,5169.0000,5169.2000,1,1,1,1,5,2,4,1,2,2
SF,IC2012,2020-06-09 09:31:38.900,5165.6000,21121,0,103351000.000,0,-,-,-,-,5164.8000,5163.6000,5162.6000,5162.4000,5161.2000,5167.0000,5168.0000,5168.4000,5169.0000,5169.2000,1,1,1,5,1,2,4,1,2,2
SF,IC2012,2020-06-09 09:31:39.400,5165.6000,21121,0,103351000.000,0,-,-,-,-,5165.0000,5164.8000,5163.6000,5162.6000,5162.4000,5167.0000,5168.0000,5168.4000,5169.0000,5169.2000,1,1,1,1,5,2,4,1,2,2
SF,IC2012,2020-06-09 09:31:39.900,5165.6000,21121,0,103351000.000,0,-,-,-,-,5165.0000,5164.8000,5163.6000,5162.6000,5162.4000,5167.0000,5168.0000,5169.0000,5169.2000,5173.0000,1,1,1,1,5,2,5,2,2,1
SF,IC2012,2020-06-09 09:31:40.900,5165.6000,21121,0,103351000.000,0,-,-,-,-,5165.0000,5164.8000,5163.6000,5162.6000,5162.4000,5167.0000,5168.0000,5169.0000,5169.2000,5173.0000,1,1,1,1,5,2,5,2,2,1
SF,IC2012,2020-06-09 09:31:41.400,5165.6000,21121,0,103351000.000,0,-,-,-,-,5165.0000,5164.8000,5163.6000,5162.6000,5162.4000,5166.8000,5167.0000,5168.0000,5169.0000,5169.2000,1,1,1,1,5,1,3,5,2,2
SF,IC2012,2020-06-09 09:31:43.400,5165.6000,21121,0,103351000.000,0,-,-,-,-,5165.0000,5164.8000,5163.6000,5162.6000,5162.4000,5166.8000,5167.0000,5168.0000,5169.0000,5169.2000,1,1,1,1,5,1,3,5,2,2
SF,IC2012,2020-06-09 09:31:44.400,5165.6000,21121,0,103351000.000,0,-,-,-,-,5165.0000,5164.8000,5163.6000,5162.6000,5162.4000,5166.0000,5166.8000,5167.0000,5168.0000,5169.0000,1,1,1,1,5,1,1,3,5,2
SF,IC2012,2020-06-09 09:31:46.400,5166.0000,21120,-1,104384200.000,1,0,1,双平,S,5166.0000,5165.0000,5164.8000,5163.6000,5162.6000,5166.8000,5167.0000,5168.0000,5169.0000,5169.2000,1,1,1,1,1,1,3,5,2,2
SF,IC2012,2020-06-09 09:31:46.900,5166.8000,21119,-1,105417560.000,1,0,1,双平,S,5166.0000,5165.0000,5164.8000,5163.6000,5162.4000,5167.0000,5168.0000,5169.0000,5169.2000,5173.0000,1,1,1,1,5,3,5,2,2,1
SF,IC2012,2020-06-09 09:31:47.400,5167.0000,21118,-1,107484360.000,2,0,2,多平,S,5166.0000,5164.8000,5163.6000,5162.4000,5161.2000,5167.0000,5168.0000,5169.0000,5169.2000,5173.0000,1,1,1,5,1,1,5,2,2,1
SF,IC2012,2020-06-09 09:31:47.900,5167.0000,21118,0,108517760.000,1,0,1,多换,S,5166.4000,5166.2000,5166.0000,5164.8000,5163.6000,5168.0000,5169.0000,5173.0000,5175.0000,5176.0000,1,1,1,1,1,5,2,1,1,1
SF,IC2012,2020-06-09 09:31:48.400,5168.0000,21118,0,110584960.000,2,1,1,多换,S,5166.6000,5166.2000,5166.0000,5164.8000,5163.6000,5168.0000,5169.0000,5173.0000,5175.0000,5176.0000,1,1,1,1,1,3,2,1,1,1
SF,IC2012,2020-06-09 09:31:51.900,5168.0000,21118,0,110584960.000,0,-,-,-,-,5166.6000,5166.2000,5166.0000,5164.8000,5163.6000,5168.0000,5169.0000,5171.8000,5173.0000,5175.0000,1,1,1,1,1,3,2,2,1,1
SF,IC2012,2020-06-09 09:31:55.400,5168.0000,21118,0,111618560.000,1,0,1,多换,S,5166.6000,5166.2000,5166.0000,5164.8000,5163.6000,5168.0000,5169.0000,5170.0000,5171.8000,5173.0000,1,1,1,1,1,2,2,1,2,1
SF,IC2012,2020-06-09 09:31:55.900,5168.0000,21117,-1,113685760.000,2,0,2,多平,S,5167.6000,5166.6000,5166.2000,5166.0000,5164.8000,5169.0000,5170.0000,5171.8000,5173.0000,5175.0000,1,1,1,1,1,2,1,2,1,1
SF,IC2012,2020-06-09 09:31:56.400,5168.0000,21117,0,113685760.000,0,-,-,-,-,5166.6000,5166.2000,5166.0000,5164.8000,5163.6000,5169.0000,5170.0000,5171.8000,5173.0000,5175.0000,1,1,1,1,1,2,1,2,1,1
SF,IC2012,2020-06-09 09:31:57.400,5166.6000,21117,0,114719080.000,1,0,1,多换,S,5166.2000,5166.0000,5164.8000,5163.6000,5162.4000,5169.0000,5170.0000,5171.8000,5173.0000,5175.0000,1,1,1,1,5,2,1,2,1,1
SF,IC2012,2020-06-09 09:31:57.900,5166.6000,21117,0,114719080.000,0,-,-,-,-,5166.4000,5166.2000,5166.0000,5164.8000,5163.6000,5168.8000,5169.0000,5170.0000,5171.8000,5173.0000,1,1,1,1,1,1,2,1,2,1
SF,IC2012,2020-06-09 09:31:59.900,5166.6000,21117,0,114719080.000,0,-,-,-,-,5166.8000,5166.4000,5166.2000,5166.0000,5164.8000,5168.8000,5169.0000,5170.0000,5171.8000,5173.0000,1,1,1,1,1,1,2,1,2,1
SF,IC2012,2020-06-09 09:32:00.400,5166.6000,21117,0,114719080.000,0,-,-,-,-,5166.2000,5166.0000,5164.8000,5163.6000,5162.4000,5168.4000,5168.8000,5169.0000,5170.0000,5171.8000,1,1,1,1,5,1,1,2,1,2
SF,IC2012,2020-06-09 09:32:00.900,5166.6000,21117,0,114719080.000,0,-,-,-,-,5166.0000,5164.8000,5163.6000,5162.4000,5161.2000,5168.2000,5168.4000,5169.0000,5170.0000,5171.8000,1,1,1,5,1,1,2,2,1,2
SF,IC2012,2020-06-09 09:32:01.400,5166.6000,21117,0,114719080.000,0,-,-,-,-,5164.8000,5163.6000,5162.4000,5161.2000,5161.0000,5168.2000,5168.4000,5169.0000,5170.0000,5171.8000,1,1,5,1,1,1,2,2,1,2
SF,IC2012,2020-06-09 09:32:01.900,5166.6000,21117,0,114719080.000,0,-,-,-,-,5166.6000,5166.2000,5165.0000,5164.8000,5163.6000,5168.2000,5168.4000,5169.0000,5170.0000,5171.8000,1,1,1,1,1,1,1,2,1,2
SF,IC2012,2020-06-09 09:32:02.400,5166.6000,21117,0,114719080.000,0,-,-,-,-,5165.0000,5164.8000,5163.6000,5162.4000,5161.2000,5166.6000,5168.2000,5168.4000,5169.0000,5170.0000,1,1,1,5,1,1,1,1,2,1
SF,IC2012,2020-06-09 09:32:02.900,5166.6000,21116,-1,115752400.000,1,0,1,双平,S,5165.2000,5165.0000,5164.8000,5163.6000,5162.4000,5168.4000,5169.0000,5170.0000,5171.8000,5173.0000,1,1,1,1,5,1,2,1,2,1
SF,IC2012,2020-06-09 09:32:03.400,5166.6000,21116,0,115752400.000,0,-,-,-,-,5165.4000,5165.2000,5164.8000,5163.6000,5162.4000,5168.2000,5168.4000,5169.0000,5170.0000,5171.8000,1,1,1,1,5,1,1,2,1,2
SF,IC2012,2020-06-09 09:32:03.900,5166.6000,21116,0,115752400.000,0,-,-,-,-,5165.6000,5165.4000,5165.2000,5164.8000,5163.6000,5168.2000,5168.4000,5169.0000,5170.0000,5171.8000,1,1,1,1,1,1,1,2,1,2
SF,IC2012,2020-06-09 09:32:04.400,5166.6000,21116,0,115752400.000,0,-,-,-,-,5165.8000,5165.2000,5164.8000,5163.6000,5162.4000,5168.0000,5168.2000,5168.4000,5169.0000,5170.0000,1,1,1,1,5,1,1,1,2,1
SF,IC2012,2020-06-09 09:32:04.900,5166.6000,21116,0,115752400.000,0,-,-,-,-,5165.2000,5164.8000,5163.6000,5162.4000,5161.2000,5167.8000,5168.0000,5168.4000,5169.0000,5170.0000,1,1,1,5,1,1,1,1,2,1
SF,IC2012,2020-06-09 09:32:05.400,5166.6000,21116,0,115752400.000,0,-,-,-,-,5165.2000,5164.8000,5163.6000,5162.4000,5161.2000,5165.8000,5167.8000,5168.0000,5168.4000,5169.0000,1,1,1,5,1,1,1,1,1,2
SF,IC2012,2020-06-09 09:32:05.900,5165.6000,21115,-1,116785520.000,1,0,1,双平,S,5165.2000,5164.8000,5163.6000,5162.4000,5161.2000,5165.8000,5167.8000,5168.0000,5168.4000,5169.0000,1,1,1,5,1,1,1,1,1,2
SF,IC2012,2020-06-09 09:32:06.400,5164.8000,21115,0,118851520.000,2,1,1,多换,S,5163.6000,5162.4000,5161.2000,5161.0000,5160.2000,5164.8000,5165.8000,5167.8000,5168.0000,5168.4000,1,5,1,2,1,1,1,1,1,1
SF,IC2012,2020-06-09 09:32:06.900,5164.8000,21115,0,118851520.000,0,-,-,-,-,5163.8000,5163.6000,5162.4000,5161.2000,5161.0000,5165.8000,5167.8000,5168.0000,5168.4000,5169.0000,1,1,5,1,2,1,1,1,1,2
SF,IC2012,2020-06-09 09:32:07.400,5164.8000,21115,0,118851520.000,0,-,-,-,-,5163.8000,5163.6000,5162.4000,5161.2000,5161.0000,5165.8000,5167.8000,5168.0000,5168.4000,5169.0000,1,2,5,1,2,1,1,1,1,2
SF,IC2012,2020-06-09 09:32:07.900,5164.8000,21115,0,118851520.000,0,-,-,-,-,5163.8000,5163.6000,5162.4000,5161.2000,5161.0000,5165.8000,5167.8000,5168.0000,5168.4000,5169.0000,1,2,5,1,2,1,1,1,1,2
SF,IC2012,2020-06-09 09:32:08.400,5164.8000,21115,0,118851520.000,0,-,-,-,-,5165.0000,5164.8000,5163.8000,5163.6000,5162.4000,5167.8000,5168.0000,5168.4000,5169.0000,5170.0000,2,3,1,2,5,1,1,1,2,1
SF,IC2012,2020-06-09 09:32:08.900,5164.8000,21115,0,118851520.000,0,-,-,-,-,5163.8000,5163.6000,5162.4000,5161.2000,5161.0000,5167.4000,5167.8000,5168.0000,5168.4000,5169.0000,1,2,5,1,2,1,1,1,1,2
SF,IC2012,2020-06-09 09:32:09.400,5164.8000,21115,0,118851520.000,0,-,-,-,-,5163.8000,5163.6000,5162.4000,5161.2000,5161.0000,5167.2000,5168.0000,5168.4000,5169.0000,5170.0000,1,1,5,1,2,1,1,1,2,1
SF,IC2012,2020-06-09 09:32:10.900,5164.8000,21115,0,118851520.000,0,-,-,-,-,5164.0000,5163.8000,5163.6000,5162.4000,5161.2000,5167.2000,5168.0000,5168.4000,5169.0000,5170.0000,1,1,1,5,1,1,1,1,2,1
SF,IC2012,2020-06-09 09:32:11.400,5164.8000,21115,0,118851520.000,0,-,-,-,-,5164.2000,5164.0000,5163.6000,5162.4000,5161.2000,5167.2000,5168.0000,5168.4000,5169.0000,5170.0000,1,1,1,5,1,1,1,1,2,1
SF,IC2012,2020-06-09 09:32:11.900,5164.8000,21115,0,118851520.000,0,-,-,-,-,5164.4000,5164.2000,5164.0000,5163.6000,5162.4000,5167.2000,5168.0000,5168.4000,5169.0000,5170.0000,1,1,1,1,5,1,1,1,2,1
SF,IC2012,2020-06-09 09:32:12.400,5164.8000,21115,0,118851520.000,0,-,-,-,-,5164.6000,5164.4000,5164.0000,5163.6000,5162.4000,5167.2000,5168.0000,5168.4000,5169.0000,5170.0000,1,1,1,1,5,1,1,1,2,1
SF,IC2012,2020-06-09 09:32:12.900,5164.8000,21115,0,118851520.000,0,-,-,-,-,5164.6000,5164.0000,5163.6000,5162.4000,5161.2000,5167.2000,5168.0000,5168.4000,5169.0000,5170.0000,1,1,1,5,1,1,1,1,2,1
SF,IC2012,2020-06-09 09:32:16.400,5164.8000,21115,0,118851520.000,0,-,-,-,-,5164.6000,5164.0000,5163.6000,5162.4000,5161.2000,5167.2000,5168.0000,5168.4000,5169.0000,5170.0000,1,1,1,5,1,1,1,1,2,1
SF,IC2012,2020-06-09 09:32:16.900,5164.8000,21115,0,118851520.000,0,-,-,-,-,5164.0000,5163.6000,5162.4000,5161.2000,5161.0000,5166.8000,5167.2000,5168.0000,5169.0000,5170.0000,1,1,5,1,2,1,2,1,2,1
SF,IC2012,2020-06-09 09:32:17.400,5164.8000,21115,0,118851520.000,0,-,-,-,-,5164.0000,5163.6000,5162.4000,5161.2000,5161.0000,5166.4000,5166.6000,5167.2000,5168.0000,5169.0000,1,1,5,1,2,1,1,1,1,2
SF,IC2012,2020-06-09 09:32:17.900,5164.8000,21115,0,118851520.000,0,-,-,-,-,5163.6000,5162.4000,5161.2000,5161.0000,5160.2000,5166.0000,5166.2000,5167.2000,5168.0000,5169.0000,1,5,1,2,1,1,1,1,1,2
SF,IC2012,2020-06-09 09:32:18.400,5164.8000,21115,0,118851520.000,0,-,-,-,-,5163.6000,5162.4000,5161.2000,5161.0000,5160.2000,5165.8000,5166.0000,5167.2000,5168.0000,5169.0000,1,5,1,2,1,1,1,1,1,2
SF,IC2012,2020-06-09 09:32:18.900,5164.8000,21115,0,118851520.000,0,-,-,-,-,5163.6000,5162.4000,5161.2000,5161.0000,5160.2000,5165.8000,5167.2000,5168.0000,5169.0000,5170.0000,1,5,1,2,1,1,1,1,2,1
SF,IC2012,2020-06-09 09:32:22.900,5164.8000,21115,0,118851520.000,0,-,-,-,-,5162.4000,5161.2000,5161.0000,5160.2000,5160.0000,5165.8000,5167.2000,5168.0000,5169.0000,5170.0000,5,1,2,1,1,1,1,1,2,1
SF,IC2012,2020-06-09 09:32:23.400,5164.8000,21115,0,118851520.000,0,-,-,-,-,5162.6000,5162.4000,5161.2000,5161.0000,5160.2000,5165.8000,5167.2000,5168.0000,5169.0000,5170.0000,1,5,1,2,1,1,1,1,2,1
SF,IC2012,2020-06-09 09:32:23.900,5162.4000,21116,1,120916520.000,2,1,1,空开,S,5162.4000,5161.2000,5161.0000,5160.2000,5160.0000,5165.4000,5165.6000,5165.8000,5167.2000,5168.0000,4,1,2,1,1,1,1,1,1,1
SF,IC2012,2020-06-09 09:32:24.400,5162.4000,21116,0,120916520.000,0,-,-,-,-,5162.4000,5161.4000,5161.2000,5161.0000,5160.2000,5165.2000,5165.4000,5165.6000,5167.2000,5168.0000,4,1,1,2,1,1,1,1,1,1
SF,IC2012,2020-06-09 09:32:26.400,5162.4000,21116,0,121949000.000,1,0,1,多换,S,5162.4000,5161.4000,5161.2000,5161.0000,5160.2000,5164.8000,5165.2000,5165.6000,5167.2000,5168.0000,3,1,1,2,1,1,1,1,1,1
SF,IC2012,2020-06-09 09:32:26.900,5162.4000,21116,0,121949000.000,0,-,-,-,-,5162.4000,5161.4000,5161.2000,5161.0000,5160.2000,5164.6000,5164.8000,5165.0000,5165.6000,5167.2000,3,1,1,2,1,1,1,2,1,1
SF,IC2012,2020-06-09 09:32:28.400,5162.4000,21116,0,121949000.000,0,-,-,-,-,5162.4000,5161.4000,5161.2000,5161.0000,5160.2000,5164.6000,5165.0000,5165.6000,5167.2000,5168.0000,3,1,1,2,1,1,2,1,1,1
SF,IC2012,2020-06-09 09:32:28.900,5162.4000,21116,0,121949000.000,0,-,-,-,-,5162.6000,5162.4000,5161.4000,5161.2000,5161.0000,5164.6000,5164.8000,5165.0000,5165.6000,5167.2000,1,3,1,1,2,1,1,2,1,1
SF,IC2012,2020-06-09 09:32:29.400,5162.4000,21116,0,121949000.000,0,-,-,-,-,5162.6000,5162.4000,5161.4000,5161.2000,5161.0000,5164.6000,5165.0000,5165.6000,5167.2000,5168.0000,1,3,1,1,2,1,2,1,1,1
SF,IC2012,2020-06-09 09:32:29.900,5162.4000,21116,0,121949000.000,0,-,-,-,-,5162.6000,5162.4000,5161.4000,5161.2000,5161.0000,5164.6000,5164.8000,5165.0000,5165.6000,5168.0000,1,3,1,1,2,2,1,2,1,1
SF,IC2012,2020-06-09 09:32:30.900,5162.4000,21116,0,121949000.000,0,-,-,-,-,5162.4000,5161.4000,5161.2000,5161.0000,5160.2000,5164.6000,5164.8000,5165.0000,5165.6000,5168.0000,3,1,1,2,1,2,1,2,1,1
SF,IC2012,2020-06-09 09:32:31.400,5162.4000,21116,0,121949000.000,0,-,-,-,-,5162.4000,5161.4000,5161.2000,5161.0000,5160.2000,5164.2000,5164.6000,5164.8000,5165.0000,5168.0000,3,1,1,2,1,1,2,1,2,1
SF,IC2012,2020-06-09 09:32:31.900,5162.4000,21116,0,121949000.000,0,-,-,-,-,5162.4000,5161.4000,5161.2000,5161.0000,5160.2000,5164.0000,5164.2000,5164.6000,5164.8000,5165.0000,3,1,1,2,1,1,1,1,1,2
SF,IC2012,2020-06-09 09:32:32.400,5162.4000,21116,0,125046440.000,3,1,2,多换,S,5161.4000,5161.2000,5161.0000,5160.2000,5160.0000,5163.2000,5164.6000,5164.8000,5165.0000,5168.0000,1,1,2,1,1,1,1,1,2,1
SF,IC2012,2020-06-09 09:32:32.900,5162.4000,21116,0,125046440.000,0,-,-,-,-,5161.4000,5161.2000,5161.0000,5160.2000,5160.0000,5163.0000,5164.6000,5164.8000,5165.0000,5168.0000,1,1,2,1,1,1,1,1,2,1
SF,IC2012,2020-06-09 09:32:33.400,5162.4000,21116,0,125046440.000,0,-,-,-,-,5161.4000,5161.2000,5161.0000,5160.2000,5160.0000,5163.0000,5163.2000,5164.6000,5164.8000,5165.0000,1,1,2,1,1,1,1,1,1,2
SF,IC2012,2020-06-09 09:32:33.900,5162.4000,21116,0,125046440.000,0,-,-,-,-,5161.4000,5161.2000,5161.0000,5160.2000,5160.0000,5163.0000,5164.6000,5164.8000,5165.0000,5168.0000,1,1,2,1,1,1,1,1,2,1
SF,IC2012,2020-06-09 09:32:34.400,5162.4000,21116,0,126078920.000,1,0,1,多换,S,5161.4000,5161.2000,5161.0000,5160.2000,5160.0000,5163.0000,5164.6000,5164.8000,5165.0000,5168.0000,1,1,2,1,1,1,1,1,2,1
SF,IC2012,2020-06-09 09:32:34.900,5162.4000,21116,0,126078920.000,0,-,-,-,-,5161.4000,5161.2000,5161.0000,5160.2000,5160.0000,5161.8000,5162.4000,5163.0000,5164.6000,5164.8000,1,1,2,1,1,1,1,1,1,1
SF,IC2012,2020-06-09 09:32:35.400,5161.2000,21116,0,128143440.000,2,1,1,多换,S,5161.0000,5160.2000,5160.0000,5158.2000,5158.0000,5161.8000,5162.4000,5164.6000,5164.8000,5165.0000,2,1,1,1,1,1,1,1,1,2
SF,IC2012,2020-06-09 09:32:35.900,5161.2000,21116,0,128143440.000,0,-,-,-,-,5161.0000,5160.2000,5160.0000,5158.2000,5158.0000,5162.4000,5164.6000,5164.8000,5165.0000,5168.0000,2,1,1,1,1,1,1,1,2,1
SF,IC2012,2020-06-09 09:32:36.400,5161.2000,21116,0,128143440.000,0,-,-,-,-,5161.0000,5160.2000,5160.0000,5158.2000,5158.0000,5162.4000,5162.6000,5164.6000,5164.8000,5165.0000,2,1,1,1,1,1,2,1,1,2
SF,IC2012,2020-06-09 09:32:36.900,5161.2000,21116,0,128143440.000,0,-,-,-,-,5161.0000,5160.2000,5160.0000,5158.2000,5158.0000,5162.6000,5164.6000,5164.8000,5165.0000,5168.0000,2,1,1,1,1,2,1,1,2,1
SF,IC2012,2020-06-09 09:32:39.900,5162.6000,21114,-2,130208480.000,2,0,2,双平,S,5161.0000,5160.2000,5160.0000,5158.2000,5158.0000,5164.6000,5164.8000,5165.0000,5168.0000,5169.0000,2,1,1,1,1,1,1,2,1,1
SF,IC2012,2020-06-09 09:32:40.400,5162.6000,21114,0,130208480.000,0,-,-,-,-,5161.2000,5161.0000,5160.2000,5160.0000,5158.2000,5164.2000,5164.4000,5164.6000,5164.8000,5165.0000,3,2,1,1,1,1,1,1,1,2
SF,IC2012,2020-06-09 09:32:40.900,5162.6000,21114,0,130208480.000,0,-,-,-,-,5161.2000,5161.0000,5160.2000,5160.0000,5158.2000,5164.0000,5164.2000,5164.6000,5164.8000,5165.0000,5,2,1,1,1,1,1,1,1,2
SF,IC2012,2020-06-09 09:32:41.400,5162.6000,21114,0,130208480.000,0,-,-,-,-,5161.2000,5161.0000,5160.2000,5160.0000,5158.2000,5164.0000,5164.2000,5164.6000,5164.8000,5165.0000,4,2,1,1,1,1,1,1,1,2
SF,IC2012,2020-06-09 09:32:41.900,5162.6000,21114,0,130208480.000,0,-,-,-,-,5161.2000,5161.0000,5160.2000,5160.0000,5158.2000,5164.0000,5164.6000,5164.8000,5165.0000,5168.0000,4,2,1,1,1,1,1,1,2,1
SF,IC2012,2020-06-09 09:32:42.400,5161.2000,21113,-1,131240720.000,1,0,1,双平,S,5161.2000,5161.0000,5160.2000,5160.0000,5158.2000,5163.6000,5164.0000,5164.6000,5164.8000,5165.0000,3,2,1,1,1,1,1,1,1,2
SF,IC2012,2020-06-09 09:32:42.900,5161.2000,21113,0,131240720.000,0,-,-,-,-,5161.2000,5161.0000,5160.2000,5160.0000,5158.2000,5163.2000,5163.4000,5163.6000,5164.8000,5165.0000,3,2,1,1,1,1,2,1,1,2
SF,IC2012,2020-06-09 09:32:43.400,5161.2000,21113,0,131240720.000,0,-,-,-,-,5161.2000,5161.0000,5160.2000,5160.0000,5158.2000,5163.0000,5163.2000,5163.4000,5163.6000,5164.8000,1,2,1,1,1,1,1,1,1,1
SF,IC2012,2020-06-09 09:32:43.900,5161.2000,21113,0,131240720.000,0,-,-,-,-,5161.2000,5161.0000,5160.2000,5160.0000,5158.2000,5163.0000,5163.4000,5163.6000,5164.8000,5165.0000,1,2,1,1,1,1,1,1,1,2
SF,IC2012,2020-06-09 09:32:45.900,5161.2000,21114,1,132272960.000,1,1,0,双开,S,5161.0000,5160.2000,5160.0000,5158.2000,5158.0000,5163.0000,5163.4000,5163.6000,5164.8000,5165.0000,2,1,1,1,1,1,1,1,1,2
SF,IC2012,2020-06-09 09:32:46.400,5161.2000,21114,0,132272960.000,0,-,-,-,-,5161.0000,5160.2000,5160.0000,5158.2000,5158.0000,5163.0000,5163.6000,5164.8000,5165.0000,5168.0000,2,1,1,1,1,1,1,1,2,1
SF,IC2012,2020-06-09 09:32:49.400,5161.2000,21114,0,132272960.000,0,-,-,-,-,5161.2000,5161.0000,5160.2000,5160.0000,5158.2000,5163.0000,5163.6000,5164.8000,5165.0000,5168.0000,1,2,1,1,1,1,1,1,2,1
SF,IC2012,2020-06-09 09:32:50.900,5161.2000,21114,0,132272960.000,0,-,-,-,-,5161.0000,5160.2000,5160.0000,5158.2000,5158.0000,5163.0000,5163.6000,5164.8000,5165.0000,5168.0000,2,1,1,1,1,1,1,1,2,1
SF,IC2012,2020-06-09 09:32:51.400,5161.2000,21114,0,132272960.000,0,-,-,-,-,5161.0000,5160.2000,5160.0000,5158.2000,5158.0000,5162.2000,5163.0000,5163.6000,5164.8000,5165.0000,2,1,1,1,1,1,1,1,1,2
SF,IC2012,2020-06-09 09:32:51.900,5161.2000,21114,0,132272960.000,0,-,-,-,-,5161.0000,5160.2000,5160.0000,5158.2000,5158.0000,5162.0000,5163.6000,5164.8000,5165.0000,5168.0000,2,1,1,1,1,1,1,1,2,1
SF,IC2012,2020-06-09 09:32:52.400,5161.2000,21114,0,132272960.000,0,-,-,-,-,5161.0000,5160.2000,5160.0000,5158.2000,5156.2000,5162.0000,5163.6000,5164.8000,5165.0000,5168.0000,2,1,1,1,6,1,1,1,2,1
SF,IC2012,2020-06-09 09:32:52.900,5161.2000,21114,0,132272960.000,0,-,-,-,-,5161.0000,5160.2000,5160.0000,5158.2000,5156.2000,5162.0000,5163.6000,5164.8000,5165.0000,5168.0000,1,1,1,1,6,1,1,1,2,1
SF,IC2012,2020-06-09 09:32:53.400,5161.2000,21114,0,132272960.000,0,-,-,-,-,5161.0000,5160.2000,5160.0000,5158.2000,5156.2000,5161.2000,5162.0000,5163.6000,5164.8000,5165.0000,1,1,1,1,6,1,1,1,1,2
SF,IC2012,2020-06-09 09:32:53.900,5161.0000,21114,0,133305160.000,1,0,1,多换,S,5160.2000,5160.0000,5158.2000,5156.2000,5155.0000,5161.0000,5161.2000,5161.6000,5163.6000,5164.8000,1,1,1,6,1,2,2,1,1,1
SF,IC2012,2020-06-09 09:32:54.400,5161.0000,21114,0,133305160.000,0,-,-,-,-,5160.2000,5160.0000,5158.2000,5156.2000,5155.0000,5161.0000,5161.2000,5161.6000,5162.0000,5163.6000,1,1,1,6,1,2,1,1,1,1
SF,IC2012,2020-06-09 09:32:54.900,5161.0000,21114,0,133305160.000,0,-,-,-,-,5160.2000,5160.0000,5158.2000,5156.2000,5155.0000,5161.0000,5161.2000,5161.6000,5162.0000,5163.0000,1,1,1,6,1,2,1,1,1,1
SF,IC2012,2020-06-09 09:32:55.400,5160.2000,21115,1,134337200.000,1,1,0,双开,S,5160.0000,5158.2000,5156.2000,5155.0000,5154.2000,5161.0000,5161.2000,5161.6000,5162.0000,5163.0000,1,1,6,1,1,2,1,1,1,1
SF,IC2012,2020-06-09 09:32:55.900,5160.2000,21115,0,134337200.000,0,-,-,-,-,5160.0000,5158.2000,5156.2000,5155.0000,5154.2000,5161.0000,5161.2000,5161.6000,5162.0000,5163.0000,1,1,6,1,1,3,1,1,1,1
SF,IC2012,2020-06-09 09:32:56.400,5160.2000,21115,0,134337200.000,0,-,-,-,-,5160.0000,5158.2000,5156.2000,5155.0000,5154.2000,5161.0000,5161.2000,5162.0000,5163.0000,5164.8000,1,1,6,1,1,3,1,1,1,1
SF,IC2012,2020-06-09 09:32:56.900,5161.0000,21113,-2,136401600.000,2,0,2,双平,S,5160.0000,5158.2000,5156.2000,5155.0000,5154.2000,5161.2000,5162.0000,5163.0000,5164.8000,5165.0000,1,1,6,1,1,1,1,1,1,3
SF,IC2012,2020-06-09 09:32:57.400,5161.2000,21114,1,137433840.000,1,1,0,双开,S,5160.2000,5160.0000,5158.2000,5156.2000,5155.0000,5162.0000,5163.0000,5164.8000,5165.0000,5168.0000,1,1,1,6,1,1,1,1,3,1
SF,IC2012,2020-06-09 09:32:57.900,5161.2000,21114,0,137433840.000,0,-,-,-,-,5160.2000,5160.0000,5158.2000,5156.2000,5155.0000,5161.8000,5162.0000,5163.0000,5164.0000,5164.8000,1,1,1,6,1,1,1,1,1,1
SF,IC2012,2020-06-09 09:32:58.400,5161.2000,21114,0,137433840.000,0,-,-,-,-,5160.0000,5158.2000,5156.2000,5155.0000,5154.2000,5161.8000,5162.0000,5163.0000,5164.0000,5164.8000,1,1,6,1,1,1,1,1,1,1
SF,IC2012,2020-06-09 09:32:59.400,5161.2000,21114,0,137433840.000,0,-,-,-,-,5160.2000,5160.0000,5158.2000,5156.2000,5155.0000,5161.8000,5162.0000,5163.0000,5164.0000,5164.8000,1,1,1,6,1,1,1,1,1,1
SF,IC2012,2020-06-09 09:33:00.400,5160.2000,21113,-1,138465880.000,1,0,1,双平,S,5160.0000,5158.2000,5156.2000,5155.0000,5154.2000,5161.8000,5162.0000,5163.0000,5164.0000,5164.8000,1,1,6,1,1,1,1,1,1,1
SF,IC2012,2020-06-09 09:33:03.900,5160.2000,21113,0,138465880.000,0,-,-,-,-,5160.4000,5160.2000,5160.0000,5158.2000,5156.2000,5161.8000,5162.0000,5163.0000,5164.0000,5164.8000,1,1,1,1,6,1,1,1,1,1
SF,IC2012,2020-06-09 09:33:04.400,5160.4000,21112,-1,139497960.000,1,0,1,双平,S,5160.2000,5160.0000,5158.2000,5156.2000,5155.0000,5161.8000,5162.0000,5163.0000,5164.0000,5164.8000,1,1,1,6,1,1,1,1,1,1
SF,IC2012,2020-06-09 09:33:04.900,5160.4000,21112,0,139497960.000,0,-,-,-,-,5160.0000,5158.2000,5156.2000,5155.0000,5154.2000,5161.8000,5162.0000,5163.0000,5164.0000,5164.8000,1,1,6,1,1,1,1,1,1,1
SF,IC2012,2020-06-09 09:33:07.400,5160.4000,21112,0,139497960.000,0,-,-,-,-,5160.0000,5158.2000,5158.0000,5156.2000,5155.0000,5161.8000,5162.0000,5163.0000,5164.0000,5164.8000,1,1,1,6,1,1,1,1,1,1
SF,IC2012,2020-06-09 09:33:10.400,5160.0000,21112,0,140529960.000,1,0,1,多换,S,5158.2000,5158.0000,5156.2000,5155.0000,5154.2000,5161.8000,5162.0000,5163.0000,5164.0000,5164.8000,1,1,6,1,1,1,1,1,1,1
SF,IC2012,2020-06-09 09:33:10.900,5160.0000,21112,0,140529960.000,0,-,-,-,-,5158.4000,5158.2000,5158.0000,5156.2000,5155.0000,5161.8000,5162.0000,5163.0000,5164.0000,5164.8000,2,1,1,6,1,1,1,1,1,1
SF,IC2012,2020-06-09 09:33:11.400,5160.0000,21112,0,140529960.000,0,-,-,-,-,5158.4000,5158.2000,5158.0000,5156.2000,5155.0000,5161.8000,5162.0000,5163.0000,5164.0000,5164.8000,1,1,1,6,1,2,1,1,1,1
SF,IC2012,2020-06-09 09:33:11.900,5160.0000,21112,0,140529960.000,0,-,-,-,-,5158.2000,5158.0000,5156.2000,5155.0000,5154.2000,5161.8000,5162.0000,5163.0000,5164.0000,5164.8000,1,1,6,1,1,2,1,1,1,1
SF,IC2012,2020-06-09 09:33:12.400,5160.0000,21112,0,140529960.000,0,-,-,-,-,5158.2000,5158.0000,5156.2000,5155.0000,5154.2000,5159.6000,5160.0000,5161.2000,5161.8000,5162.0000,1,1,1,1,1,1,1,1,2,1
SF,IC2012,2020-06-09 09:33:12.900,5160.0000,21112,0,140529960.000,0,-,-,-,-,5158.2000,5158.0000,5156.2000,5155.0000,5154.2000,5159.4000,5160.0000,5161.8000,5165.0000,5167.8000,1,1,1,1,1,1,1,1,3,5
SF,IC2012,2020-06-09 09:33:13.400,5158.0000,21114,2,142593200.000,2,2,0,双开,S,5156.2000,5155.0000,5154.2000,5152.2000,5151.0000,5160.0000,5161.8000,5165.0000,5167.8000,5168.0000,1,1,1,1,2,1,1,3,5,1
SF,IC2012,2020-06-09 09:33:13.900,5158.0000,21114,0,142593200.000,0,-,-,-,-,5156.2000,5155.0000,5154.2000,5152.2000,5151.0000,5157.8000,5158.0000,5158.2000,5159.8000,5160.0000,1,1,1,1,1,1,1,1,1,1
SF,IC2012,2020-06-09 09:33:14.400,5158.0000,21114,0,142593200.000,0,-,-,-,-,5156.2000,5155.0000,5154.2000,5152.2000,5151.0000,5158.0000,5158.2000,5159.4000,5159.8000,5160.0000,1,1,1,1,1,1,1,1,1,1
SF,IC2012,2020-06-09 09:33:14.900,5158.0000,21114,0,142593200.000,0,-,-,-,-,5156.2000,5155.0000,5154.2000,5152.2000,5151.0000,5158.0000,5158.2000,5159.4000,5159.8000,5160.0000,1,1,1,1,1,1,1,1,1,1
SF,IC2012,2020-06-09 09:33:15.400,5158.0000,21114,0,142593200.000,0,-,-,-,-,5156.4000,5156.2000,5155.0000,5154.2000,5152.2000,5158.0000,5158.2000,5159.4000,5159.8000,5160.0000,1,1,1,1,1,1,1,1,1,1
SF,IC2012,2020-06-09 09:33:15.900,5158.0000,21113,-1,143624800.000,1,0,1,双平,S,5156.4000,5156.2000,5155.0000,5154.2000,5152.2000,5158.2000,5159.4000,5159.8000,5160.0000,5165.0000,1,1,1,1,1,1,1,1,1,3
SF,IC2012,2020-06-09 09:33:16.400,5158.0000,21113,0,143624800.000,0,-,-,-,-,5156.4000,5156.2000,5155.0000,5154.2000,5152.2000,5159.8000,5160.0000,5165.0000,5167.8000,5168.0000,1,1,1,1,1,1,1,3,5,1
SF,IC2012,2020-06-09 09:33:16.900,5158.0000,21113,0,143624800.000,0,-,-,-,-,5156.6000,5156.2000,5155.0000,5154.2000,5152.2000,5157.8000,5159.4000,5159.8000,5160.0000,5165.0000,1,1,1,1,1,1,1,2,2,3
SF,IC2012,2020-06-09 09:33:17.400,5158.0000,21113,0,143624800.000,0,-,-,-,-,5156.2000,5155.0000,5154.2000,5152.2000,5151.0000,5159.4000,5159.8000,5160.0000,5165.0000,5167.8000,1,1,1,1,1,1,2,2,3,5
SF,IC2012,2020-06-09 09:33:17.900,5158.0000,21113,0,143624800.000,0,-,-,-,-,5156.2000,5155.0000,5154.2000,5152.2000,5151.0000,5159.2000,5159.8000,5160.0000,5165.0000,5167.8000,1,1,1,1,1,1,1,2,3,5
SF,IC2012,2020-06-09 09:33:18.900,5158.0000,21113,0,143624800.000,0,-,-,-,-,5157.0000,5156.6000,5156.2000,5155.0000,5154.2000,5159.2000,5159.8000,5160.0000,5165.0000,5167.8000,1,1,1,1,1,1,1,2,3,5
SF,IC2012,2020-06-09 09:33:19.400,5158.0000,21113,0,143624800.000,0,-,-,-,-,5157.0000,5156.6000,5156.4000,5156.2000,5155.0000,5158.2000,5159.2000,5159.8000,5160.0000,5165.0000,1,1,1,1,1,1,1,1,2,3
SF,IC2012,2020-06-09 09:33:19.900,5156.4000,21111,-2,146718800.000,3,0,3,多平,S,5156.2000,5155.0000,5154.2000,5152.2000,5151.0000,5159.2000,5159.8000,5160.0000,5165.0000,5167.8000,1,1,1,1,1,1,1,2,3,5
SF,IC2012,2020-06-09 09:33:20.400,5156.4000,21111,0,146718800.000,0,-,-,-,-,5156.2000,5155.0000,5154.2000,5152.2000,5151.0000,5159.2000,5159.8000,5160.0000,5165.0000,5167.8000,1,1,1,1,1,1,1,2,3,5
SF,IC2012,2020-06-09 09:33:20.900,5156.4000,21111,0,146718800.000,0,-,-,-,-,5156.2000,5155.0000,5154.2000,5152.2000,5151.0000,5156.8000,5157.8000,5158.6000,5159.2000,5159.8000,1,1,1,1,1,1,2,2,1,1
SF,IC2012,2020-06-09 09:33:21.400,5156.2000,21111,0,147750040.000,1,0,1,多换,S,5155.0000,5154.2000,5152.2000,5151.0000,5150.4000,5158.6000,5159.2000,5159.8000,5160.0000,5165.0000,1,1,1,1,5,1,1,1,2,3
SF,IC2012,2020-06-09 09:33:21.900,5156.2000,21111,0,147750040.000,0,-,-,-,-,5155.0000,5154.2000,5152.2000,5151.0000,5150.4000,5158.4000,5158.6000,5159.8000,5160.0000,5165.0000,1,1,1,1,5,1,1,1,2,3
SF,IC2012,2020-06-09 09:33:22.400,5156.2000,21111,0,147750040.000,0,-,-,-,-,5155.2000,5155.0000,5154.2000,5152.2000,5151.0000,5156.8000,5158.4000,5158.6000,5159.8000,5160.0000,1,1,1,1,1,1,1,1,1,2
SF,IC2012,2020-06-09 09:33:22.900,5156.2000,21111,0,147750040.000,0,-,-,-,-,5155.0000,5154.2000,5152.2000,5151.0000,5150.4000,5156.6000,5159.8000,5160.0000,5165.0000,5167.8000,1,1,1,1,5,1,1,2,3,5
SF,IC2012,2020-06-09 09:33:23.900,5156.2000,21111,0,147750040.000,0,-,-,-,-,5155.0000,5154.2000,5152.2000,5151.0000,5150.4000,5156.6000,5158.4000,5159.8000,5160.0000,5165.0000,1,1,1,1,5,1,2,1,2,3
SF,IC2012,2020-06-09 09:33:28.900,5156.2000,21111,0,147750040.000,0,-,-,-,-,5156.2000,5155.0000,5154.2000,5152.2000,5151.0000,5156.6000,5158.4000,5159.8000,5160.0000,5165.0000,1,1,1,1,1,1,2,1,2,3
SF,IC2012,2020-06-09 09:33:29.400,5156.6000,21110,-1,148781360.000,1,0,1,双平,S,5156.6000,5156.2000,5155.0000,5154.2000,5152.2000,5158.4000,5159.8000,5160.0000,5165.0000,5167.8000,1,1,1,1,1,2,1,2,3,5
SF,IC2012,2020-06-09 09:33:29.900,5156.6000,21110,0,148781360.000,0,-,-,-,-,5156.2000,5155.0000,5154.2000,5152.2000,5151.0000,5157.2000,5158.2000,5158.4000,5160.0000,5165.0000,1,1,1,1,1,1,1,3,2,3
SF,IC2012,2020-06-09 09:33:30.400,5156.6000,21110,0,148781360.000,0,-,-,-,-,5156.2000,5155.0000,5154.2000,5152.2000,5151.0000,5158.2000,5158.4000,5160.0000,5165.0000,5167.8000,1,1,1,1,1,1,1,2,3,5
SF,IC2012,2020-06-09 09:33:30.900,5155.0000,21110,0,150843600.000,2,1,1,多换,S,5154.2000,5152.2000,5151.0000,5150.4000,5148.8000,5155.0000,5158.2000,5158.4000,5160.0000,5165.0000,1,1,1,5,1,1,1,1,2,3
SF,IC2012,2020-06-09 09:33:31.400,5155.0000,21109,-1,151874600.000,1,0,1,双平,S,5155.4000,5154.6000,5154.4000,5154.2000,5152.2000,5158.4000,5160.0000,5160.6000,5165.0000,5167.8000,1,2,1,2,1,1,2,2,3,5
SF,IC2012,2020-06-09 09:33:31.900,5155.0000,21109,0,151874600.000,0,-,-,-,-,5155.6000,5154.4000,5154.2000,5152.2000,5151.0000,5158.2000,5158.4000,5160.0000,5160.6000,5165.0000,1,1,2,1,1,1,1,2,2,3
SF,IC2012,2020-06-09 09:33:32.400,5155.2000,21109,0,152905640.000,1,0,1,多换,S,5155.2000,5155.0000,5154.4000,5154.2000,5152.2000,5158.4000,5160.0000,5160.6000,5165.0000,5167.8000,2,1,1,2,1,1,2,2,3,5
SF,IC2012,2020-06-09 09:33:32.900,5155.2000,21109,0,152905640.000,0,-,-,-,-,5156.0000,5155.8000,5155.4000,5155.2000,5155.0000,5158.2000,5158.4000,5160.0000,5160.6000,5165.0000,1,1,1,2,1,2,1,2,2,3
SF,IC2012,2020-06-09 09:33:33.400,5155.2000,21109,0,152905640.000,0,-,-,-,-,5156.0000,5155.8000,5155.6000,5155.4000,5155.2000,5158.2000,5158.4000,5160.0000,5160.6000,5165.0000,1,2,1,2,3,1,1,2,2,3
SF,IC2012,2020-06-09 09:33:33.900,5155.2000,21109,0,152905640.000,0,-,-,-,-,5156.0000,5155.8000,5155.6000,5155.4000,5155.2000,5158.2000,5158.4000,5160.0000,5160.6000,5165.0000,1,1,1,2,3,1,1,2,2,3
SF,IC2012,2020-06-09 09:33:34.400,5155.2000,21109,0,152905640.000,0,-,-,-,-,5156.2000,5156.0000,5155.8000,5155.6000,5155.4000,5158.0000,5158.2000,5158.4000,5160.0000,5165.0000,1,1,1,1,3,1,1,1,2,3
SF,IC2012,2020-06-09 09:33:34.900,5156.2000,21108,-1,153936880.000,1,0,1,双平,S,5156.0000,5155.4000,5155.2000,5155.0000,5154.4000,5157.8000,5158.0000,5158.4000,5160.0000,5165.0000,1,2,2,2,1,1,1,1,2,3
SF,IC2012,2020-06-09 09:33:35.400,5156.2000,21108,0,153936880.000,0,-,-,-,-,5155.4000,5155.0000,5154.2000,5152.2000,5151.0000,5156.6000,5157.8000,5158.0000,5158.4000,5160.0000,1,2,1,1,1,1,1,1,1,2
SF,IC2012,2020-06-09 09:33:35.900,5156.2000,21108,0,153936880.000,0,-,-,-,-,5155.0000,5154.2000,5152.2000,5151.0000,5150.4000,5157.8000,5158.0000,5158.4000,5160.0000,5165.0000,2,1,1,1,5,1,1,1,2,3
SF,IC2012,2020-06-09 09:33:36.400,5156.2000,21108,0,153936880.000,0,-,-,-,-,5155.0000,5154.2000,5152.2000,5151.0000,5150.4000,5157.4000,5157.8000,5158.0000,5158.4000,5160.0000,2,1,1,1,5,1,1,1,1,2
SF,IC2012,2020-06-09 09:33:36.900,5156.2000,21108,0,153936880.000,0,-,-,-,-,5155.0000,5154.2000,5152.2000,5151.0000,5150.4000,5157.2000,5157.4000,5158.0000,5158.4000,5160.0000,2,1,1,1,5,1,1,1,1,2
SF,IC2012,2020-06-09 09:33:37.400,5156.2000,21108,0,153936880.000,0,-,-,-,-,5155.0000,5154.2000,5152.2000,5151.0000,5150.4000,5157.2000,5158.0000,5158.4000,5160.0000,5165.0000,2,1,1,1,5,1,1,1,2,3
SF,IC2012,2020-06-09 09:33:37.900,5155.0000,21108,0,155998880.000,2,1,1,多换,S,5154.2000,5152.2000,5151.0000,5150.4000,5148.8000,5155.6000,5157.2000,5158.0000,5158.4000,5160.0000,1,1,1,5,1,1,1,1,1,2
SF,IC2012,2020-06-09 09:33:38.400,5155.0000,21108,0,155998880.000,0,-,-,-,-,5154.2000,5152.2000,5151.0000,5150.4000,5148.8000,5157.0000,5157.2000,5158.4000,5160.0000,5165.0000,1,1,1,5,1,1,1,1,2,3
SF,IC2012,2020-06-09 09:33:38.900,5155.0000,21108,0,155998880.000,0,-,-,-,-,5154.2000,5152.2000,5151.0000,5150.4000,5148.8000,5156.8000,5157.0000,5158.4000,5160.0000,5165.0000,1,1,1,5,1,1,1,1,2,3
SF,IC2012,2020-06-09 09:33:40.900,5155.0000,21108,0,155998880.000,0,-,-,-,-,5154.2000,5152.2000,5151.0000,5150.4000,5148.8000,5156.4000,5156.8000,5158.4000,5160.0000,5165.0000,1,1,1,5,1,1,1,1,2,3
SF,IC2012,2020-06-09 09:33:41.400,5155.0000,21108,0,155998880.000,0,-,-,-,-,5154.2000,5152.2000,5151.0000,5150.4000,5148.8000,5155.4000,5156.2000,5156.4000,5158.4000,5160.0000,1,1,1,5,1,1,1,1,1,2
SF,IC2012,2020-06-09 09:33:41.900,5155.0000,21108,0,155998880.000,0,-,-,-,-,5154.2000,5152.2000,5151.0000,5150.4000,5148.8000,5156.2000,5156.4000,5158.4000,5160.0000,5165.0000,1,1,1,5,1,1,1,1,2,3
SF,IC2012,2020-06-09 09:33:42.400,5155.0000,21108,0,155998880.000,0,-,-,-,-,5154.2000,5152.2000,5151.0000,5150.4000,5148.8000,5156.2000,5158.4000,5160.0000,5165.0000,5167.8000,1,1,1,5,1,1,1,2,3,5
SF,IC2012,2020-06-09 09:33:42.900,5155.0000,21108,0,155998880.000,0,-,-,-,-,5154.2000,5152.2000,5151.0000,5150.4000,5148.8000,5156.2000,5160.0000,5165.0000,5167.8000,5168.0000,1,1,1,5,1,2,2,3,5,1
SF,IC2012,2020-06-09 09:33:43.400,5155.0000,21108,0,155998880.000,0,-,-,-,-,5154.4000,5154.2000,5152.2000,5151.0000,5150.4000,5156.2000,5160.0000,5165.0000,5167.8000,5168.0000,1,1,1,1,5,2,2,3,5,1
SF,IC2012,2020-06-09 09:33:43.900,5155.0000,21108,0,155998880.000,0,-,-,-,-,5154.2000,5152.2000,5151.0000,5150.4000,5148.8000,5156.2000,5160.0000,5165.0000,5167.8000,5168.0000,1,1,1,5,1,2,2,3,5,1
SF,IC2012,2020-06-09 09:33:45.400,5155.0000,21108,0,155998880.000,0,-,-,-,-,5154.2000,5152.2000,5151.0000,5150.4000,5148.8000,5156.2000,5160.0000,5165.0000,5167.8000,5168.0000,1,1,1,5,1,2,2,3,5,1
SF,IC2012,2020-06-09 09:33:46.400,5155.0000,21108,0,155998880.000,0,-,-,-,-,5155.0000,5154.2000,5152.2000,5151.0000,5150.4000,5156.2000,5160.0000,5165.0000,5167.8000,5168.0000,1,1,1,1,5,2,2,3,5,1
SF,IC2012,2020-06-09 09:33:46.900,5155.0000,21108,0,155998880.000,0,-,-,-,-,5155.0000,5154.2000,5152.2000,5151.0000,5150.4000,5155.6000,5156.2000,5160.0000,5165.0000,5167.8000,1,1,1,1,5,1,2,2,3,5
SF,IC2012,2020-06-09 09:33:47.400,5154.2000,21107,-1,158060720.000,2,0,2,多平,S,5152.2000,5151.0000,5150.4000,5148.8000,5147.0000,5155.0000,5155.6000,5156.2000,5160.0000,5165.0000,1,1,5,1,1,1,1,2,2,3
SF,IC2012,2020-06-09 09:33:47.900,5154.2000,21107,0,158060720.000,0,-,-,-,-,5152.8000,5152.6000,5152.4000,5152.2000,5151.0000,5155.0000,5156.2000,5156.8000,5160.0000,5165.0000,1,1,1,1,1,1,2,1,2,3
SF,IC2012,2020-06-09 09:33:48.400,5154.2000,21107,0,158060720.000,0,-,-,-,-,5153.0000,5152.8000,5152.6000,5152.2000,5151.0000,5155.0000,5156.2000,5156.8000,5160.0000,5165.0000,1,1,1,1,1,1,2,1,2,3
SF,IC2012,2020-06-09 09:33:48.900,5155.0000,21106,-1,159091720.000,1,0,1,双平,S,5153.2000,5153.0000,5152.8000,5152.2000,5151.0000,5155.2000,5156.2000,5156.8000,5160.0000,5165.0000,1,1,1,1,1,1,2,1,1,3
SF,IC2012,2020-06-09 09:33:49.400,5155.0000,21106,0,159091720.000,0,-,-,-,-,5153.0000,5152.8000,5152.2000,5151.0000,5150.4000,5156.2000,5156.8000,5160.0000,5165.0000,5167.8000,2,1,1,1,5,2,1,1,3,5
SF,IC2012,2020-06-09 09:33:49.900,5155.0000,21106,0,159091720.000,0,-,-,-,-,5153.0000,5152.8000,5152.2000,5151.0000,5150.4000,5155.2000,5155.8000,5156.2000,5156.8000,5160.0000,1,1,1,1,5,1,1,2,1,1
SF,IC2012,2020-06-09 09:33:50.400,5155.0000,21106,0,159091720.000,0,-,-,-,-,5153.0000,5152.8000,5152.2000,5151.0000,5150.4000,5155.0000,5156.2000,5156.8000,5160.0000,5165.0000,1,1,1,1,5,1,1,1,1,3
SF,IC2012,2020-06-09 09:33:50.900,5155.0000,21106,0,159091720.000,0,-,-,-,-,5153.0000,5152.2000,5151.0000,5150.4000,5148.8000,5155.0000,5155.2000,5156.2000,5156.8000,5160.0000,1,1,1,5,1,1,1,1,1,1
SF,IC2012,2020-06-09 09:33:51.400,5155.0000,21106,0,159091720.000,0,-,-,-,-,5153.2000,5152.2000,5151.0000,5150.4000,5148.8000,5155.0000,5155.2000,5156.2000,5156.8000,5160.0000,1,1,1,5,1,1,1,1,1,1
SF,IC2012,2020-06-09 09:33:52.400,5155.0000,21106,0,159091720.000,0,-,-,-,-,5153.2000,5152.8000,5152.2000,5151.0000,5150.4000,5155.0000,5155.2000,5156.2000,5156.8000,5160.0000,1,1,1,1,5,1,1,1,1,1
SF,IC2012,2020-06-09 09:33:53.400,5155.0000,21106,0,159091720.000,0,-,-,-,-,5153.2000,5152.8000,5152.2000,5151.0000,5150.4000,5155.0000,5156.2000,5156.8000,5160.0000,5165.0000,1,1,1,1,5,1,1,1,1,3
SF,IC2012,2020-06-09 09:33:53.900,5155.0000,21106,0,159091720.000,0,-,-,-,-,5153.4000,5153.2000,5152.8000,5152.2000,5151.0000,5156.2000,5156.8000,5160.0000,5165.0000,5167.8000,2,2,1,1,1,1,1,1,3,5
SF,IC2012,2020-06-09 09:33:54.400,5155.0000,21106,0,159091720.000,0,-,-,-,-,5153.6000,5153.4000,5153.2000,5152.8000,5152.2000,5156.0000,5156.2000,5156.8000,5160.0000,5165.0000,1,2,1,1,1,1,1,1,1,3
SF,IC2012,2020-06-09 09:33:54.900,5155.0000,21106,0,159091720.000,0,-,-,-,-,5153.8000,5153.6000,5153.4000,5153.2000,5152.8000,5156.0000,5156.2000,5156.8000,5160.0000,5165.0000,1,1,2,1,1,1,1,1,1,3
SF,IC2012,2020-06-09 09:33:55.400,5155.0000,21106,0,159091720.000,0,-,-,-,-,5153.8000,5153.6000,5153.4000,5153.2000,5152.8000,5156.0000,5156.2000,5156.8000,5160.0000,5165.0000,1,1,2,1,1,1,1,1,1,3
SF,IC2012,2020-06-09 09:33:55.900,5155.0000,21106,0,159091720.000,0,-,-,-,-,5154.0000,5153.8000,5153.6000,5153.4000,5153.2000,5156.0000,5156.8000,5160.0000,5165.0000,5167.8000,1,1,1,1,1,2,1,1,3,5
SF,IC2012,2020-06-09 09:33:56.900,5155.0000,21106,0,159091720.000,0,-,-,-,-,5154.0000,5153.8000,5153.6000,5153.4000,5153.2000,5156.0000,5156.8000,5160.0000,5165.0000,5167.8000,1,1,1,1,2,2,1,1,3,5
SF,IC2012,2020-06-09 09:33:57.400,5155.0000,21106,0,159091720.000,0,-,-,-,-,5154.0000,5153.8000,5153.6000,5153.4000,5153.2000,5156.0000,5156.8000,5160.0000,5165.0000,5167.8000,1,1,1,1,2,2,1,1,3,5
SF,IC2012,2020-06-09 09:33:57.900,5155.0000,21106,0,159091720.000,0,-,-,-,-,5154.0000,5153.8000,5153.6000,5153.4000,5153.2000,5156.0000,5156.8000,5160.0000,5165.0000,5167.8000,1,1,1,1,2,1,1,1,3,5
SF,IC2012,2020-06-09 09:33:58.400,5155.0000,21106,0,159091720.000,0,-,-,-,-,5154.2000,5154.0000,5153.8000,5153.6000,5153.2000,5155.8000,5156.0000,5156.8000,5160.0000,5165.0000,1,1,1,1,2,1,1,1,1,3
SF,IC2012,2020-06-09 09:33:59.900,5155.0000,21106,0,159091720.000,0,-,-,-,-,5154.2000,5154.0000,5153.6000,5153.2000,5152.8000,5155.8000,5156.0000,5156.8000,5160.0000,5165.0000,1,1,1,2,1,1,1,1,1,3
SF,IC2012,2020-06-09 09:34:00.400,5155.0000,21106,0,159091720.000,0,-,-,-,-,5153.2000,5152.8000,5152.2000,5151.0000,5150.4000,5155.6000,5155.8000,5156.0000,5156.8000,5160.0000,2,1,1,1,5,1,2,1,1,1
SF,IC2012,2020-06-09 09:34:00.900,5155.0000,21106,0,159091720.000,0,-,-,-,-,5153.4000,5153.2000,5152.8000,5152.2000,5151.0000,5155.4000,5155.6000,5155.8000,5156.0000,5156.8000,1,2,1,1,1,1,1,1,1,1
SF,IC2012,2020-06-09 09:34:01.400,5155.0000,21106,0,159091720.000,0,-,-,-,-,5153.2000,5152.8000,5152.2000,5151.0000,5150.4000,5155.2000,5155.4000,5155.6000,5155.8000,5156.0000,2,1,1,1,5,2,1,1,1,1
SF,IC2012,2020-06-09 09:34:01.900,5155.0000,21106,0,159091720.000,0,-,-,-,-,5153.2000,5152.8000,5152.2000,5151.0000,5150.4000,5155.0000,5155.2000,5155.8000,5156.0000,5156.8000,2,1,1,1,5,2,1,1,1,1
SF,IC2012,2020-06-09 09:34:02.400,5153.2000,21105,-1,161153000.000,2,0,2,多平,S,5152.8000,5152.2000,5151.0000,5148.8000,5147.0000,5153.8000,5155.0000,5155.2000,5155.8000,5156.0000,1,1,1,1,1,1,2,2,1,1
SF,IC2012,2020-06-09 09:34:02.900,5153.2000,21105,0,161153000.000,0,-,-,-,-,5152.8000,5152.2000,5151.0000,5148.8000,5147.0000,5153.6000,5155.0000,5155.2000,5155.8000,5156.0000,1,1,1,1,1,1,1,2,1,1
SF,IC2012,2020-06-09 09:34:03.400,5152.8000,21105,0,162183560.000,1,0,1,多换,S,5152.2000,5151.0000,5148.8000,5147.0000,5146.0000,5152.8000,5153.6000,5155.0000,5155.2000,5155.8000,1,1,1,1,1,1,1,1,2,1
SF,IC2012,2020-06-09 09:34:03.900,5152.8000,21105,0,162183560.000,0,-,-,-,-,5152.2000,5151.0000,5148.8000,5147.0000,5146.0000,5152.8000,5153.6000,5154.2000,5155.0000,5155.2000,1,2,1,1,1,1,1,1,1,2
SF,IC2012,2020-06-09 09:34:04.900,5152.8000,21104,-1,163214120.000,1,0,1,双平,S,5152.2000,5151.0000,5148.8000,5147.0000,5146.0000,5153.6000,5154.2000,5155.0000,5155.2000,5155.8000,1,2,1,1,1,1,1,1,3,1
SF,IC2012,2020-06-09 09:34:05.400,5152.8000,21104,0,163214120.000,0,-,-,-,-,5152.2000,5151.0000,5148.8000,5147.0000,5146.0000,5153.0000,5153.6000,5154.2000,5155.0000,5155.2000,1,2,1,1,1,16,1,1,1,3
SF,IC2012,2020-06-09 09:34:05.900,5152.8000,21103,-1,164244680.000,1,0,1,双平,S,5152.2000,5151.0000,5148.8000,5147.0000,5146.0000,5153.0000,5153.6000,5154.2000,5155.2000,5155.8000,1,2,1,1,1,15,1,1,3,1
SF,IC2012,2020-06-09 09:34:06.400,5152.2000,21103,0,165275120.000,1,0,1,多换,S,5151.0000,5148.8000,5147.0000,5146.0000,5145.0000,5153.0000,5153.6000,5154.2000,5155.2000,5155.8000,2,1,1,1,1,15,1,1,3,1
SF,IC2012,2020-06-09 09:34:06.900,5152.2000,21103,0,165275120.000,0,-,-,-,-,5151.0000,5148.8000,5147.0000,5146.0000,5145.0000,5152.8000,5153.0000,5154.2000,5155.2000,5155.8000,2,1,1,1,1,1,15,1,3,1
SF,IC2012,2020-06-09 09:34:07.400,5152.2000,21103,0,165275120.000,0,-,-,-,-,5151.0000,5148.8000,5147.0000,5146.0000,5145.0000,5152.8000,5153.0000,5154.2000,5155.2000,5155.8000,2,1,1,1,1,2,15,1,2,1
SF,IC2012,2020-06-09 09:34:08.900,5152.2000,21103,0,165275120.000,0,-,-,-,-,5151.0000,5148.8000,5147.0000,5146.0000,5145.4000,5152.8000,5153.0000,5154.2000,5155.2000,5155.8000,3,1,1,1,1,2,15,1,2,1
SF,IC2012,2020-06-09 09:34:09.400,5152.2000,21103,0,165275120.000,0,-,-,-,-,5151.0000,5148.8000,5147.0000,5146.0000,5145.4000,5152.8000,5153.0000,5154.2000,5155.2000,5155.8000,3,1,1,1,1,3,15,1,2,1
SF,IC2012,2020-06-09 09:34:10.900,5152.2000,21103,0,165275120.000,0,-,-,-,-,5151.0000,5148.8000,5147.0000,5146.0000,5145.4000,5152.8000,5153.0000,5154.2000,5155.2000,5155.8000,3,1,1,1,1,3,15,1,2,1
SF,IC2012,2020-06-09 09:34:12.400,5152.2000,21103,0,165275120.000,0,-,-,-,-,5151.2000,5151.0000,5148.8000,5147.0000,5146.0000,5152.8000,5153.0000,5154.2000,5155.2000,5155.8000,1,3,1,1,1,3,15,1,2,1
SF,IC2012,2020-06-09 09:34:12.900,5152.2000,21103,0,165275120.000,0,-,-,-,-,5151.2000,5151.0000,5148.8000,5147.0000,5146.0000,5152.8000,5153.0000,5154.2000,5155.2000,5155.8000,1,3,1,1,1,3,15,1,2,1
SF,IC2012,2020-06-09 09:34:14.900,5152.2000,21103,0,165275120.000,0,-,-,-,-,5151.2000,5151.0000,5148.8000,5147.0000,5146.0000,5152.8000,5153.0000,5154.2000,5155.2000,5155.8000,1,4,1,1,1,3,15,1,2,1
SF,IC2012,2020-06-09 09:34:15.400,5152.2000,21103,0,165275120.000,0,-,-,-,-,5151.2000,5151.0000,5149.4000,5148.8000,5147.0000,5152.8000,5153.0000,5154.2000,5155.2000,5155.8000,1,4,1,1,1,3,15,1,2,1
SF,IC2012,2020-06-09 09:34:17.900,5151.2000,21102,-1,166305360.000,1,0,1,双平,S,5151.0000,5149.4000,5148.8000,5147.0000,5146.0000,5152.8000,5153.0000,5154.2000,5155.2000,5155.8000,4,1,1,1,1,3,15,1,2,1
SF,IC2012,2020-06-09 09:34:18.400,5151.0000,21101,-1,168366120.000,2,0,2,多平,S,5151.2000,5151.0000,5149.4000,5148.8000,5147.0000,5152.8000,5153.0000,5154.2000,5155.2000,5155.8000,1,3,1,1,1,2,15,1,2,1
SF,IC2012,2020-06-09 09:34:18.900,5151.0000,21101,0,168366120.000,0,-,-,-,-,5151.2000,5151.0000,5149.4000,5148.8000,5147.0000,5152.8000,5153.0000,5154.2000,5155.2000,5155.8000,1,3,1,1,1,2,15,1,2,1
SF,IC2012,2020-06-09 09:34:19.400,5151.0000,21101,0,168366120.000,0,-,-,-,-,5151.2000,5151.0000,5149.4000,5148.8000,5147.0000,5152.8000,5153.0000,5154.2000,5155.2000,5155.8000,2,3,1,1,1,2,15,1,2,1
SF,IC2012,2020-06-09 09:34:20.400,5151.0000,21101,0,168366120.000,0,-,-,-,-,5151.4000,5151.2000,5151.0000,5149.4000,5148.8000,5152.8000,5153.0000,5154.2000,5155.2000,5155.8000,1,2,3,1,1,2,15,1,2,1
SF,IC2012,2020-06-09 09:34:21.900,5153.0000,21099,-2,174549640.000,6,2,4,多平,S,5152.8000,5151.4000,5151.2000,5151.0000,5149.4000,5153.0000,5154.2000,5155.2000,5155.8000,5160.0000,1,1,2,3,1,11,1,2,1,1
SF,IC2012,2020-06-09 09:34:22.400,5153.0000,21099,0,178672040.000,4,2,2,多换,S,5152.8000,5151.6000,5151.4000,5151.2000,5151.0000,5153.0000,5154.2000,5155.2000,5155.8000,5160.0000,1,1,1,2,3,8,1,2,1,1
SF,IC2012,2020-06-09 09:34:22.900,5153.0000,21102,3,182794440.000,4,3,1,空开,S,5152.8000,5151.6000,5151.4000,5151.2000,5151.0000,5153.0000,5154.2000,5155.2000,5155.8000,5160.0000,1,1,1,2,3,4,1,2,1,1
SF,IC2012,2020-06-09 09:34:23.400,5153.0000,21102,0,182794440.000,0,-,-,-,-,5151.6000,5151.4000,5151.2000,5151.0000,5149.4000,5153.0000,5154.2000,5155.2000,5155.8000,5160.0000,1,1,2,3,1,5,1,2,1,1
SF,IC2012,2020-06-09 09:34:23.900,5153.0000,21103,1,183825040.000,1,1,0,双开,S,5151.8000,5151.6000,5151.4000,5151.2000,5151.0000,5153.0000,5154.2000,5154.8000,5155.2000,5155.8000,1,1,1,2,3,4,1,1,2,1
SF,IC2012,2020-06-09 09:34:24.400,5153.0000,21103,0,183825040.000,0,-,-,-,-,5151.8000,5151.6000,5151.4000,5151.2000,5151.0000,5153.0000,5154.2000,5154.8000,5155.2000,5155.8000,1,1,1,2,3,4,1,1,2,1
SF,IC2012,2020-06-09 09:34:24.900,5153.0000,21103,0,183825040.000,0,-,-,-,-,5151.8000,5151.6000,5151.4000,5151.2000,5151.0000,5153.0000,5154.2000,5154.8000,5155.2000,5155.8000,1,1,1,2,3,4,1,1,2,1
SF,IC2012,2020-06-09 09:34:25.400,5152.0000,21102,-1,184855440.000,1,0,1,双平,S,5151.8000,5151.6000,5151.4000,5151.2000,5151.0000,5153.0000,5154.2000,5154.8000,5155.2000,5155.8000,1,1,1,2,3,4,1,1,2,1
SF,IC2012,2020-06-09 09:34:26.400,5152.0000,21102,0,184855440.000,0,-,-,-,-,5152.0000,5151.8000,5151.6000,5151.2000,5151.0000,5153.0000,5154.2000,5154.8000,5155.2000,5155.8000,1,2,1,2,3,4,1,1,1,1
SF,IC2012,2020-06-09 09:34:26.900,5152.0000,21102,0,184855440.000,0,-,-,-,-,5152.2000,5152.0000,5151.8000,5151.6000,5151.2000,5153.0000,5154.2000,5154.8000,5155.2000,5155.8000,1,1,1,1,2,4,1,1,1,1
SF,IC2012,2020-06-09 09:34:27.400,5152.0000,21102,0,184855440.000,0,-,-,-,-,5152.2000,5152.0000,5151.8000,5151.6000,5151.2000,5153.0000,5154.2000,5154.8000,5155.2000,5155.8000,1,1,1,1,2,4,1,1,1,1
SF,IC2012,2020-06-09 09:34:27.900,5152.0000,21102,0,184855440.000,0,-,-,-,-,5152.2000,5152.0000,5151.8000,5151.6000,5151.2000,5153.0000,5154.2000,5154.8000,5155.2000,5155.8000,1,1,1,1,2,4,1,1,1,1
SF,IC2012,2020-06-09 09:34:28.400,5152.0000,21102,0,184855440.000,0,-,-,-,-,5152.2000,5152.0000,5151.8000,5151.6000,5151.2000,5153.0000,5154.2000,5154.8000,5155.2000,5155.8000,1,1,1,1,2,4,1,1,1,1
SF,IC2012,2020-06-09 09:34:28.900,5152.0000,21102,0,184855440.000,0,-,-,-,-,5152.2000,5152.0000,5151.8000,5151.2000,5151.0000,5153.0000,5154.2000,5154.8000,5155.2000,5155.8000,1,1,1,2,3,4,1,1,1,1
SF,IC2012,2020-06-09 09:34:29.400,5153.0000,21102,0,185886040.000,1,0,1,多换,S,5152.2000,5152.0000,5151.8000,5151.6000,5151.2000,5153.0000,5154.2000,5154.8000,5155.2000,5155.8000,1,1,1,2,2,3,1,1,1,1
SF,IC2012,2020-06-09 09:34:29.900,5153.0000,21102,0,185886040.000,0,-,-,-,-,5152.2000,5152.0000,5151.8000,5151.6000,5151.2000,5153.0000,5154.2000,5154.8000,5155.2000,5155.8000,1,1,1,2,2,3,1,1,1,1
SF,IC2012,2020-06-09 09:34:30.400,5153.0000,21102,0,187947240.000,2,1,1,多换,S,5152.2000,5152.0000,5151.8000,5151.2000,5151.0000,5153.0000,5154.2000,5154.8000,5155.2000,5160.0000,1,1,1,2,3,2,1,1,1,1
SF,IC2012,2020-06-09 09:34:30.900,5153.0000,21102,0,190008440.000,2,1,1,多换,S,5152.2000,5151.8000,5151.2000,5151.0000,5150.6000,5154.2000,5154.8000,5155.2000,5160.0000,5165.0000,1,1,2,3,1,1,1,1,1,3
SF,IC2012,2020-06-09 09:34:31.400,5153.0000,21102,0,190008440.000,0,-,-,-,-,5152.2000,5151.8000,5151.2000,5151.0000,5150.6000,5154.2000,5154.8000,5155.2000,5155.6000,5160.0000,1,1,2,3,1,1,1,1,1,1
SF,IC2012,2020-06-09 09:34:31.900,5153.0000,21102,0,190008440.000,0,-,-,-,-,5153.2000,5153.0000,5152.2000,5151.8000,5151.2000,5154.2000,5154.8000,5155.2000,5155.6000,5160.0000,1,1,1,1,2,1,1,1,1,1
SF,IC2012,2020-06-09 09:34:32.400,5153.0000,21102,0,190008440.000,0,-,-,-,-,5153.2000,5153.0000,5152.6000,5152.2000,5151.8000,5154.2000,5154.8000,5155.2000,5155.6000,5160.0000,1,1,2,1,1,1,1,1,1,1
SF,IC2012,2020-06-09 09:34:32.900,5153.0000,21102,0,190008440.000,0,-,-,-,-,5153.2000,5153.0000,5152.2000,5151.8000,5151.2000,5154.2000,5154.8000,5155.2000,5155.6000,5160.0000,1,1,1,1,2,2,1,1,1,1
SF,IC2012,2020-06-09 09:34:34.400,5153.0000,21100,-2,192069640.000,2,0,2,双平,S,5152.2000,5151.8000,5151.2000,5151.0000,5150.6000,5154.2000,5154.8000,5155.2000,5155.6000,5160.0000,1,1,2,3,1,2,1,1,1,1
SF,IC2012,2020-06-09 09:34:34.900,5153.0000,21100,0,192069640.000,0,-,-,-,-,5152.2000,5151.8000,5151.2000,5151.0000,5150.6000,5154.2000,5154.8000,5155.6000,5160.0000,5165.0000,1,1,2,3,1,2,1,1,1,3
SF,IC2012,2020-06-09 09:34:35.400,5153.0000,21100,0,192069640.000,0,-,-,-,-,5153.2000,5152.4000,5152.2000,5151.8000,5151.2000,5154.2000,5154.8000,5155.6000,5160.0000,5165.0000,2,3,1,1,2,2,1,1,1,3
SF,IC2012,2020-06-09 09:34:35.900,5153.0000,21100,0,192069640.000,0,-,-,-,-,5152.8000,5152.6000,5152.4000,5152.2000,5151.8000,5153.0000,5154.2000,5154.8000,5155.6000,5160.0000,1,2,3,2,1,1,2,1,1,1
SF,IC2012,2020-06-09 09:34:36.400,5153.0000,21099,-1,193100240.000,1,0,1,双平,S,5153.4000,5153.2000,5153.0000,5152.8000,5152.6000,5154.2000,5154.8000,5160.0000,5165.0000,5167.8000,1,2,3,1,2,2,1,1,3,5
SF,IC2012,2020-06-09 09:34:36.900,5153.0000,21099,0,193100240.000,0,-,-,-,-,5153.2000,5152.8000,5152.4000,5152.2000,5151.8000,5154.2000,5154.8000,5156.2000,5160.0000,5165.0000,1,1,2,1,1,2,1,1,1,3
SF,IC2012,2020-06-09 09:34:37.400,5153.0000,21099,0,193100240.000,0,-,-,-,-,5153.0000,5152.8000,5152.4000,5152.2000,5151.8000,5154.2000,5154.8000,5156.2000,5160.0000,5165.0000,1,1,1,1,1,2,1,1,1,3
SF,IC2012,2020-06-09 09:34:37.900,5153.0000,21099,0,193100240.000,0,-,-,-,-,5153.0000,5152.4000,5151.8000,5151.2000,5151.0000,5154.2000,5154.8000,5156.2000,5160.0000,5165.0000,1,1,1,2,3,2,1,1,1,3
SF,IC2012,2020-06-09 09:34:39.900,5153.0000,21099,0,193100240.000,0,-,-,-,-,5153.2000,5153.0000,5152.4000,5151.8000,5151.2000,5154.2000,5154.8000,5156.2000,5160.0000,5165.0000,1,1,1,1,2,2,1,1,1,3
SF,IC2012,2020-06-09 09:34:40.400,5153.0000,21099,0,193100240.000,0,-,-,-,-,5153.4000,5153.2000,5153.0000,5152.4000,5151.8000,5154.2000,5154.8000,5156.2000,5160.0000,5165.0000,1,1,1,1,1,2,1,1,1,3
SF,IC2012,2020-06-09 09:34:40.900,5154.2000,21097,-2,195161920.000,2,0,2,双平,S,5154.4000,5153.2000,5153.0000,5152.4000,5151.8000,5154.8000,5156.2000,5160.0000,5165.0000,5167.8000,1,1,1,1,1,1,1,1,3,5
SF,IC2012,2020-06-09 09:34:41.400,5154.2000,21097,0,195161920.000,0,-,-,-,-,5154.4000,5153.6000,5153.2000,5153.0000,5152.4000,5154.8000,5156.2000,5160.0000,5165.0000,5167.8000,1,1,1,1,1,1,1,1,3,5
SF,IC2012,2020-06-09 09:34:41.900,5154.2000,21097,0,195161920.000,0,-,-,-,-,5154.4000,5153.6000,5153.4000,5153.2000,5153.0000,5154.8000,5156.2000,5160.0000,5165.0000,5167.8000,1,1,1,1,1,1,1,1,3,5
SF,IC2012,2020-06-09 09:34:42.400,5154.8000,21097,0,196192880.000,1,0,1,多换,S,5153.6000,5153.4000,5153.2000,5153.0000,5152.4000,5156.2000,5160.0000,5165.0000,5167.8000,5168.0000,1,1,1,1,2,1,1,3,5,1
SF,IC2012,2020-06-09 09:34:42.900,5154.8000,21097,0,196192880.000,0,-,-,-,-,5153.8000,5153.6000,5153.4000,5153.2000,5153.0000,5156.0000,5156.2000,5157.6000,5160.0000,5165.0000,1,1,1,1,1,1,1,1,1,3
SF,IC2012,2020-06-09 09:34:43.400,5154.8000,21097,0,196192880.000,0,-,-,-,-,5153.8000,5153.6000,5153.4000,5153.2000,5153.0000,5156.0000,5156.2000,5157.6000,5160.0000,5165.0000,1,1,1,1,1,1,1,1,1,3
SF,IC2012,2020-06-09 09:34:43.900,5154.8000,21097,0,196192880.000,0,-,-,-,-,5154.2000,5154.0000,5153.8000,5153.4000,5153.0000,5156.0000,5156.2000,5157.6000,5160.0000,5165.0000,1,1,1,1,1,1,1,1,1,3
SF,IC2012,2020-06-09 09:34:44.400,5154.8000,21097,0,196192880.000,0,-,-,-,-,5154.0000,5153.8000,5153.4000,5153.0000,5152.4000,5156.0000,5156.2000,5157.6000,5160.0000,5165.0000,2,1,1,1,2,1,1,1,1,3
SF,IC2012,2020-06-09 09:34:44.900,5154.8000,21097,0,196192880.000,0,-,-,-,-,5154.0000,5153.4000,5152.4000,5151.8000,5151.2000,5156.0000,5156.2000,5157.6000,5160.0000,5165.0000,3,1,2,1,1,1,1,1,1,3
SF,IC2012,2020-06-09 09:34:45.400,5154.8000,21097,0,196192880.000,0,-,-,-,-,5154.8000,5154.0000,5153.4000,5152.4000,5151.8000,5156.0000,5156.2000,5157.6000,5160.0000,5165.0000,1,3,1,2,1,1,1,1,1,3
SF,IC2012,2020-06-09 09:34:45.900,5154.8000,21097,0,197223840.000,1,0,1,多换,S,5154.0000,5153.4000,5152.4000,5151.8000,5151.2000,5156.0000,5156.2000,5157.6000,5160.0000,5165.0000,3,1,1,1,1,1,1,1,1,3
SF,IC2012,2020-06-09 09:34:48.400,5154.0000,21098,1,199285440.000,2,1,1,空开,S,5154.2000,5154.0000,5153.4000,5152.4000,5151.8000,5156.0000,5156.2000,5157.6000,5160.0000,5165.0000,1,1,1,1,1,1,1,1,1,3
SF,IC2012,2020-06-09 09:34:48.900,5154.0000,21098,0,199285440.000,0,-,-,-,-,5154.0000,5153.4000,5152.4000,5151.8000,5151.2000,5156.0000,5156.2000,5157.6000,5158.8000,5159.6000,1,1,1,1,1,1,1,1,1,1
SF,IC2012,2020-06-09 09:34:50.400,5156.0000,21097,-1,200316640.000,1,0,1,双平,S,5154.4000,5154.2000,5154.0000,5153.4000,5152.4000,5157.6000,5158.8000,5159.6000,5160.0000,5165.0000,1,1,1,1,1,1,1,1,1,3
SF,IC2012,2020-06-09 09:34:50.900,5156.0000,21097,0,200316640.000,0,-,-,-,-,5154.6000,5154.0000,5153.4000,5152.4000,5151.8000,5157.2000,5157.4000,5157.6000,5158.8000,5159.6000,1,1,1,1,1,1,1,1,1,2
SF,IC2012,2020-06-09 09:34:51.400,5156.0000,21097,0,200316640.000,0,-,-,-,-,5154.6000,5154.4000,5154.0000,5153.4000,5152.4000,5157.0000,5157.2000,5157.6000,5158.8000,5159.6000,1,1,1,1,1,1,1,2,1,1
SF,IC2012,2020-06-09 09:34:51.900,5156.0000,21097,0,200316640.000,0,-,-,-,-,5154.6000,5154.0000,5153.4000,5152.4000,5151.8000,5156.6000,5157.0000,5157.6000,5158.8000,5159.6000,1,1,1,1,1,1,1,2,1,1
SF,IC2012,2020-06-09 09:34:52.400,5156.0000,21097,0,200316640.000,0,-,-,-,-,5155.0000,5154.6000,5154.4000,5154.0000,5153.4000,5157.6000,5158.8000,5159.6000,5160.0000,5165.0000,1,2,1,1,1,1,1,1,1,3
SF,IC2012,2020-06-09 09:34:52.900,5156.0000,21097,0,200316640.000,0,-,-,-,-,5155.4000,5155.2000,5155.0000,5154.6000,5154.4000,5157.6000,5158.8000,5159.6000,5160.0000,5165.0000,1,1,1,1,1,1,1,1,1,3
SF,IC2012,2020-06-09 09:34:53.400,5156.0000,21097,0,200316640.000,0,-,-,-,-,5155.6000,5155.4000,5155.2000,5154.6000,5154.4000,5157.6000,5158.8000,5159.6000,5160.0000,5165.0000,1,1,1,1,1,1,1,1,1,3
SF,IC2012,2020-06-09 09:34:53.900,5156.0000,21097,0,200316640.000,0,-,-,-,-,5155.6000,5155.4000,5155.2000,5154.6000,5154.4000,5157.6000,5158.8000,5159.6000,5160.0000,5165.0000,1,1,2,1,1,1,1,1,1,3
SF,IC2012,2020-06-09 09:34:54.400,5156.0000,21097,0,200316640.000,0,-,-,-,-,5155.6000,5155.4000,5154.6000,5154.4000,5154.0000,5157.4000,5157.6000,5158.8000,5159.6000,5160.0000,1,1,1,1,1,1,1,1,1,1
SF,IC2012,2020-06-09 09:34:54.900,5156.0000,21097,0,200316640.000,0,-,-,-,-,5155.6000,5155.4000,5154.6000,5154.4000,5154.0000,5157.4000,5157.6000,5158.8000,5159.6000,5160.0000,1,1,1,1,1,1,1,1,1,1
SF,IC2012,2020-06-09 09:34:55.400,5156.0000,21097,0,200316640.000,0,-,-,-,-,5154.4000,5154.0000,5153.4000,5152.0000,5151.2000,5157.4000,5157.6000,5158.8000,5159.6000,5160.0000,1,1,1,1,1,1,1,1,1,1
SF,IC2012,2020-06-09 09:34:55.900,5156.0000,21097,0,200316640.000,0,-,-,-,-,5154.6000,5154.0000,5153.4000,5152.0000,5151.2000,5157.4000,5157.6000,5158.8000,5159.6000,5160.0000,1,1,1,1,1,1,1,1,1,1
SF,IC2012,2020-06-09 09:34:56.400,5156.0000,21097,0,200316640.000,0,-,-,-,-,5154.6000,5154.0000,5153.4000,5152.0000,5151.2000,5156.0000,5157.0000,5157.4000,5157.6000,5158.8000,1,1,1,1,1,1,1,1,1,1
SF,IC2012,2020-06-09 09:34:56.900,5156.0000,21097,0,200316640.000,0,-,-,-,-,5154.6000,5154.4000,5154.0000,5153.4000,5152.0000,5156.0000,5157.4000,5157.6000,5158.8000,5159.6000,1,1,1,1,1,1,1,1,1,1
SF,IC2012,2020-06-09 09:34:57.400,5156.0000,21097,0,200316640.000,0,-,-,-,-,5154.6000,5154.0000,5153.4000,5152.0000,5151.2000,5156.0000,5157.4000,5157.6000,5158.8000,5159.6000,1,1,1,1,1,1,1,1,1,1
SF,IC2012,2020-06-09 09:34:57.900,5156.0000,21097,0,200316640.000,0,-,-,-,-,5154.8000,5153.4000,5152.0000,5151.2000,5151.0000,5156.0000,5157.4000,5157.6000,5158.8000,5159.6000,1,1,1,1,1,1,1,1,1,1
SF,IC2012,2020-06-09 09:34:58.400,5156.0000,21097,0,200316640.000,0,-,-,-,-,5154.8000,5154.4000,5153.4000,5152.0000,5151.2000,5156.0000,5157.4000,5157.6000,5158.8000,5159.6000,1,1,1,1,1,1,1,1,1,1
SF,IC2012,2020-06-09 09:34:58.900,5156.0000,21097,0,200316640.000,0,-,-,-,-,5154.8000,5153.6000,5153.4000,5152.0000,5151.2000,5156.0000,5157.4000,5157.6000,5158.8000,5159.6000,1,2,1,1,1,1,1,1,1,1
SF,IC2012,2020-06-09 09:34:59.400,5156.0000,21096,-1,201347840.000,1,0,1,双平,S,5154.8000,5153.8000,5153.6000,5153.4000,5152.0000,5157.4000,5157.6000,5158.8000,5159.6000,5160.0000,1,1,2,1,1,1,1,1,1,1
SF,IC2012,2020-06-09 09:34:59.900,5156.0000,21096,0,201347840.000,0,-,-,-,-,5156.0000,5154.8000,5153.8000,5153.6000,5153.4000,5157.0000,5157.4000,5157.6000,5158.8000,5159.4000,1,1,1,2,1,1,2,1,1,1
SF,IC2012,2020-06-09 09:35:00.400,5156.0000,21096,0,201347840.000,0,-,-,-,-,5156.0000,5154.8000,5153.8000,5152.0000,5151.2000,5157.0000,5157.4000,5157.6000,5158.8000,5159.6000,1,1,1,1,1,1,1,1,1,1
SF,IC2012,2020-06-09 09:35:00.900,5156.0000,21095,-1,202379040.000,1,0,1,双平,S,5154.8000,5153.8000,5152.0000,5151.2000,5151.0000,5155.8000,5156.8000,5157.6000,5158.8000,5159.6000,1,1,1,1,1,1,1,1,1,1
SF,IC2012,2020-06-09 09:35:01.400,5156.0000,21095,0,202379040.000,0,-,-,-,-,5154.8000,5153.8000,5152.0000,5151.2000,5151.0000,5155.8000,5156.8000,5157.6000,5158.8000,5159.6000,1,1,6,1,1,1,1,1,1,1
SF,IC2012,2020-06-09 09:35:01.900,5156.0000,21095,0,202379040.000,0,-,-,-,-,5155.8000,5154.8000,5153.8000,5152.0000,5151.2000,5156.8000,5157.6000,5158.8000,5159.6000,5160.0000,1,1,1,6,1,1,1,1,1,1
SF,IC2012,2020-06-09 09:35:02.400,5155.8000,21094,-1,203410200.000,1,0,1,双平,S,5154.8000,5154.0000,5153.8000,5152.0000,5151.2000,5156.8000,5157.6000,5158.8000,5159.6000,5160.0000,1,1,1,6,1,1,1,1,1,1
SF,IC2012,2020-06-09 09:35:05.900,5155.8000,21094,0,203410200.000,0,-,-,-,-,5155.2000,5154.8000,5154.0000,5153.8000,5152.0000,5156.8000,5157.6000,5158.8000,5159.6000,5160.0000,1,1,1,1,6,1,1,1,1,1
SF,IC2012,2020-06-09 09:35:06.900,5156.8000,21093,-1,204441560.000,1,0,1,双平,S,5155.2000,5154.8000,5154.0000,5153.8000,5152.0000,5156.6000,5157.6000,5158.8000,5159.6000,5160.0000,2,1,1,1,6,1,1,1,1,1
SF,IC2012,2020-06-09 09:35:07.400,5156.6000,21093,0,205472880.000,1,0,1,多换,S,5155.2000,5154.8000,5154.0000,5153.8000,5152.0000,5157.6000,5158.8000,5159.6000,5160.0000,5165.0000,2,1,1,1,6,1,1,1,1,3
SF,IC2012,2020-06-09 09:35:07.900,5156.6000,21093,0,205472880.000,0,-,-,-,-,5155.6000,5155.4000,5155.2000,5154.8000,5154.0000,5157.6000,5158.8000,5159.6000,5160.0000,5165.0000,1,2,2,1,1,1,1,2,1,3
SF,IC2012,2020-06-09 09:35:08.400,5156.6000,21093,0,205472880.000,0,-,-,-,-,5156.8000,5155.8000,5155.4000,5155.2000,5154.8000,5157.6000,5158.8000,5159.6000,5160.0000,5165.0000,1,2,1,2,1,1,1,2,1,3
SF,IC2012,2020-06-09 09:35:08.900,5156.6000,21093,0,205472880.000,0,-,-,-,-,5156.8000,5156.2000,5155.8000,5155.2000,5155.0000,5158.8000,5159.6000,5160.0000,5165.0000,5167.8000,1,1,2,2,1,1,2,1,3,5
SF,IC2012,2020-06-09 09:35:09.400,5156.6000,21093,0,205472880.000,0,-,-,-,-,5156.8000,5156.2000,5155.8000,5155.2000,5155.0000,5158.6000,5158.8000,5159.6000,5160.0000,5165.0000,1,1,2,2,1,1,1,2,1,3
SF,IC2012,2020-06-09 09:35:09.900,5156.6000,21093,0,205472880.000,0,-,-,-,-,5156.8000,5155.8000,5155.2000,5155.0000,5154.8000,5158.6000,5158.8000,5159.6000,5160.0000,5165.0000,1,2,2,1,1,1,1,2,1,3
SF,IC2012,2020-06-09 09:35:10.400,5156.6000,21093,0,205472880.000,0,-,-,-,-,5156.8000,5155.8000,5155.2000,5155.0000,5154.8000,5158.6000,5158.8000,5159.6000,5160.0000,5165.0000,1,1,2,1,1,1,1,2,1,3
SF,IC2012,2020-06-09 09:35:10.900,5156.6000,21093,0,205472880.000,0,-,-,-,-,5156.8000,5155.8000,5155.2000,5155.0000,5154.8000,5158.6000,5158.8000,5159.6000,5160.0000,5165.0000,1,1,2,1,1,2,1,2,1,3
SF,IC2012,2020-06-09 09:35:11.400,5158.6000,21093,0,206504600.000,1,0,1,多换,S,5156.8000,5155.8000,5155.2000,5155.0000,5154.8000,5158.6000,5158.8000,5159.6000,5160.0000,5165.0000,1,1,2,1,1,1,1,2,1,3
SF,IC2012,2020-06-09 09:35:12.400,5158.6000,21093,0,206504600.000,0,-,-,-,-,5157.0000,5156.8000,5155.8000,5155.2000,5155.0000,5158.6000,5158.8000,5159.6000,5160.0000,5165.0000,1,1,1,2,1,1,1,2,1,3
SF,IC2012,2020-06-09 09:35:13.900,5158.6000,21093,0,207536320.000,1,0,1,多换,S,5157.0000,5156.8000,5155.8000,5155.2000,5155.0000,5158.8000,5159.6000,5160.0000,5165.0000,5167.8000,1,1,1,2,1,1,2,1,3,5
SF,IC2012,2020-06-09 09:35:14.400,5158.6000,21093,0,207536320.000,0,-,-,-,-,5157.2000,5157.0000,5156.8000,5155.2000,5155.0000,5158.8000,5159.6000,5160.0000,5165.0000,5167.8000,1,1,1,2,1,1,2,1,3,5
SF,IC2012,2020-06-09 09:35:14.900,5158.6000,21093,0,207536320.000,0,-,-,-,-,5157.2000,5157.0000,5156.8000,5155.2000,5155.0000,5158.8000,5159.6000,5160.0000,5165.0000,5167.8000,1,1,1,2,1,1,2,1,3,5
SF,IC2012,2020-06-09 09:35:19.400,5158.6000,21093,0,207536320.000,0,-,-,-,-,5157.2000,5157.0000,5156.8000,5155.2000,5155.0000,5158.8000,5159.6000,5160.0000,5162.0000,5165.0000,1,1,1,2,1,1,2,1,1,3
SF,IC2012,2020-06-09 09:35:20.900,5158.8000,21092,-1,208568080.000,1,0,1,双平,S,5157.2000,5157.0000,5156.8000,5155.2000,5155.0000,5159.6000,5160.0000,5162.0000,5165.0000,5167.8000,1,1,1,1,1,2,1,1,3,5
SF,IC2012,2020-06-09 09:35:21.400,5158.8000,21092,0,208568080.000,0,-,-,-,-,5157.2000,5157.0000,5156.8000,5155.2000,5155.0000,5159.6000,5160.0000,5161.2000,5162.0000,5165.0000,1,1,1,1,1,2,1,1,1,3
SF,IC2012,2020-06-09 09:35:22.900,5158.8000,21092,0,208568080.000,0,-,-,-,-,5157.6000,5157.2000,5157.0000,5156.8000,5155.2000,5159.6000,5160.0000,5161.2000,5162.0000,5165.0000,1,1,1,1,1,2,1,1,1,3
SF,IC2012,2020-06-09 09:35:23.400,5158.8000,21092,0,208568080.000,0,-,-,-,-,5157.8000,5157.6000,5156.8000,5155.2000,5155.0000,5159.6000,5160.0000,5161.2000,5162.0000,5165.0000,1,1,1,1,1,2,1,1,1,3
SF,IC2012,2020-06-09 09:35:23.900,5158.8000,21092,0,208568080.000,0,-,-,-,-,5157.8000,5157.4000,5156.8000,5155.2000,5155.0000,5159.6000,5160.0000,5161.2000,5162.0000,5165.0000,1,1,1,1,1,1,1,1,1,3
SF,IC2012,2020-06-09 09:35:24.400,5159.6000,21091,-1,209600000.000,1,0,1,双平,S,5157.4000,5156.8000,5155.2000,5155.0000,5153.8000,5160.0000,5161.2000,5162.0000,5165.0000,5168.0000,1,1,1,1,1,1,1,1,3,1
SF,IC2012,2020-06-09 09:35:24.900,5159.6000,21091,0,209600000.000,0,-,-,-,-,5158.8000,5158.6000,5157.8000,5157.6000,5157.4000,5160.0000,5161.2000,5162.0000,5165.0000,5168.0000,2,3,1,3,1,1,1,1,3,1
SF,IC2012,2020-06-09 09:35:25.400,5159.6000,21091,0,209600000.000,0,-,-,-,-,5157.6000,5157.4000,5156.8000,5156.2000,5155.2000,5160.0000,5161.2000,5162.0000,5165.0000,5168.0000,3,1,1,5,1,1,1,1,3,1
SF,IC2012,2020-06-09 09:35:25.900,5159.6000,21091,0,209600000.000,0,-,-,-,-,5158.0000,5157.6000,5157.4000,5156.8000,5156.2000,5160.0000,5161.2000,5162.0000,5165.0000,5168.0000,1,3,1,1,5,1,1,1,3,1
SF,IC2012,2020-06-09 09:35:26.400,5159.6000,21091,0,209600000.000,0,-,-,-,-,5158.2000,5157.6000,5157.4000,5156.8000,5156.2000,5160.0000,5161.2000,5162.0000,5165.0000,5168.0000,1,2,1,1,5,1,1,1,3,1
SF,IC2012,2020-06-09 09:35:26.900,5159.6000,21091,0,209600000.000,0,-,-,-,-,5158.2000,5157.6000,5157.4000,5156.8000,5156.2000,5160.0000,5161.2000,5162.0000,5165.0000,5168.0000,1,2,1,1,5,1,1,1,3,1
SF,IC2012,2020-06-09 09:35:27.400,5160.0000,21090,-1,210632000.000,1,0,1,双平,S,5158.4000,5158.2000,5157.6000,5157.4000,5156.8000,5161.2000,5162.0000,5165.0000,5168.0000,5169.0000,1,3,2,1,1,1,1,3,1,1
SF,IC2012,2020-06-09 09:35:27.900,5160.0000,21090,0,210632000.000,0,-,-,-,-,5158.8000,5158.6000,5158.4000,5158.2000,5157.6000,5161.2000,5162.0000,5165.0000,5168.0000,5169.0000,1,3,1,2,1,1,1,3,1,1
SF,IC2012,2020-06-09 09:35:28.400,5160.0000,21090,0,210632000.000,0,-,-,-,-,5160.0000,5159.2000,5159.0000,5158.6000,5158.4000,5161.2000,5162.0000,5165.0000,5168.0000,5169.0000,1,1,1,2,1,1,1,3,1,1
SF,IC2012,2020-06-09 09:35:28.900,5160.0000,21090,0,210632000.000,0,-,-,-,-,5160.0000,5159.0000,5158.6000,5157.6000,5157.4000,5161.2000,5162.0000,5165.0000,5168.0000,5169.0000,1,3,1,1,1,1,1,3,1,1
SF,IC2012,2020-06-09 09:35:29.400,5160.0000,21090,0,210632000.000,0,-,-,-,-,5160.0000,5159.0000,5158.6000,5157.6000,5157.4000,5161.2000,5162.0000,5165.0000,5168.0000,5169.0000,1,1,1,1,1,1,1,3,1,1
SF,IC2012,2020-06-09 09:35:31.400,5161.2000,21090,0,211664240.000,1,0,1,多换,S,5160.0000,5159.0000,5158.6000,5157.6000,5157.4000,5162.0000,5165.0000,5168.0000,5169.0000,5170.0000,1,1,1,1,1,1,3,1,1,1
SF,IC2012,2020-06-09 09:35:31.900,5161.2000,21090,0,211664240.000,0,-,-,-,-,5160.2000,5160.0000,5158.6000,5157.6000,5157.4000,5162.0000,5165.0000,5168.0000,5169.0000,5170.0000,1,1,1,1,1,1,3,1,1,1
SF,IC2012,2020-06-09 09:35:32.900,5161.2000,21090,0,211664240.000,0,-,-,-,-,5160.2000,5160.0000,5158.6000,5157.6000,5157.4000,5162.0000,5165.0000,5168.0000,5169.0000,5170.0000,1,2,1,1,1,1,3,1,1,1
SF,IC2012,2020-06-09 09:35:33.900,5161.2000,21090,0,211664240.000,0,-,-,-,-,5160.2000,5160.0000,5158.6000,5157.6000,5157.4000,5162.0000,5165.0000,5168.0000,5169.0000,5170.0000,1,1,1,1,1,1,3,1,1,1
SF,IC2012,2020-06-09 09:35:36.900,5161.2000,21090,0,211664240.000,0,-,-,-,-,5160.2000,5160.0000,5158.6000,5157.6000,5157.4000,5162.0000,5165.0000,5168.0000,5169.0000,5170.0000,1,2,1,1,1,1,3,1,1,1
SF,IC2012,2020-06-09 09:35:37.400,5161.2000,21090,0,211664240.000,0,-,-,-,-,5160.2000,5160.0000,5157.6000,5157.4000,5156.8000,5162.0000,5165.0000,5168.0000,5169.0000,5170.0000,1,1,1,1,1,1,3,1,1,1
SF,IC2012,2020-06-09 09:35:39.900,5161.2000,21090,0,211664240.000,0,-,-,-,-,5160.2000,5160.0000,5157.6000,5157.4000,5156.8000,5162.0000,5165.0000,5168.0000,5169.0000,5170.0000,1,1,1,1,1,1,3,1,1,1
SF,IC2012,2020-06-09 09:35:40.400,5161.2000,21090,0,211664240.000,0,-,-,-,-,5160.2000,5160.0000,5157.6000,5157.4000,5156.8000,5162.0000,5165.0000,5168.0000,5169.0000,5170.0000,1,1,1,1,1,1,3,1,1,1
SF,IC2012,2020-06-09 09:35:42.400,5161.2000,21090,0,211664240.000,0,-,-,-,-,5160.4000,5160.2000,5160.0000,5157.6000,5157.4000,5162.0000,5165.0000,5168.0000,5169.0000,5170.0000,1,1,1,1,1,1,3,1,1,1
SF,IC2012,2020-06-09 09:35:42.900,5161.2000,21090,0,211664240.000,0,-,-,-,-,5160.6000,5160.4000,5160.0000,5157.6000,5157.4000,5162.0000,5165.0000,5168.0000,5169.0000,5170.0000,1,1,2,1,1,1,3,1,1,1
SF,IC2012,2020-06-09 09:35:43.400,5161.2000,21090,0,211664240.000,0,-,-,-,-,5160.6000,5160.4000,5160.0000,5157.6000,5157.4000,5162.0000,5165.0000,5168.0000,5169.0000,5170.0000,1,1,1,1,1,1,3,1,1,1
SF,IC2012,2020-06-09 09:35:44.400,5161.2000,21090,0,211664240.000,0,-,-,-,-,5160.6000,5160.0000,5157.6000,5157.4000,5156.8000,5162.0000,5165.0000,5168.0000,5169.0000,5170.0000,1,1,1,1,1,1,3,1,1,1
SF,IC2012,2020-06-09 09:35:47.900,5161.2000,21090,0,211664240.000,0,-,-,-,-,5160.6000,5160.0000,5157.6000,5157.4000,5156.8000,5162.0000,5162.2000,5165.0000,5168.0000,5169.0000,1,1,1,1,1,1,1,3,1,1
SF,IC2012,2020-06-09 09:35:49.900,5161.2000,21090,0,211664240.000,0,-,-,-,-,5160.6000,5160.0000,5157.6000,5156.8000,5156.2000,5162.0000,5162.2000,5165.0000,5168.0000,5169.0000,1,1,1,1,5,1,1,3,1,1
SF,IC2012,2020-06-09 09:35:50.400,5161.2000,21090,0,211664240.000,0,-,-,-,-,5160.6000,5160.0000,5157.6000,5156.8000,5156.2000,5162.0000,5162.2000,5165.0000,5168.0000,5169.0000,1,1,1,1,5,2,1,3,1,1
SF,IC2012,2020-06-09 09:35:50.900,5161.2000,21090,0,211664240.000,0,-,-,-,-,5160.6000,5160.0000,5157.6000,5156.8000,5156.2000,5162.0000,5162.2000,5165.0000,5168.0000,5169.0000,1,1,1,1,5,4,1,3,1,1
SF,IC2012,2020-06-09 09:35:51.400,5161.2000,21090,0,211664240.000,0,-,-,-,-,5160.6000,5160.0000,5157.6000,5156.8000,5156.2000,5162.0000,5162.2000,5165.0000,5168.0000,5169.0000,1,1,1,1,5,5,1,3,1,1
SF,IC2012,2020-06-09 09:35:51.900,5162.0000,21090,0,212696640.000,1,0,1,多换,S,5160.6000,5160.0000,5157.6000,5156.8000,5156.2000,5162.0000,5162.2000,5165.0000,5168.0000,5169.0000,1,1,1,1,5,4,1,3,1,1
SF,IC2012,2020-06-09 09:35:53.400,5160.0000,21089,-1,214760760.000,2,0,2,多平,S,5157.6000,5156.8000,5156.2000,5155.0000,5153.8000,5162.0000,5162.2000,5165.0000,5168.0000,5169.0000,1,1,5,1,1,4,1,3,1,1
SF,IC2012,2020-06-09 09:35:53.900,5160.0000,21089,0,214760760.000,0,-,-,-,-,5157.8000,5157.6000,5156.8000,5156.2000,5155.0000,5160.0000,5161.8000,5162.0000,5162.2000,5165.0000,1,1,1,5,1,1,1,4,1,3
SF,IC2012,2020-06-09 09:35:54.400,5160.0000,21089,0,214760760.000,0,-,-,-,-,5159.0000,5158.8000,5157.8000,5157.6000,5156.8000,5160.0000,5161.8000,5162.0000,5162.2000,5165.0000,2,3,1,1,1,1,1,4,1,3
SF,IC2012,2020-06-09 09:35:54.900,5160.0000,21089,0,215792760.000,1,0,1,多换,S,5157.8000,5157.6000,5156.8000,5155.0000,5153.8000,5161.8000,5162.0000,5162.2000,5165.0000,5168.0000,1,1,1,1,1,1,4,1,3,1
SF,IC2012,2020-06-09 09:35:55.400,5160.0000,21089,0,215792760.000,0,-,-,-,-,5158.0000,5157.8000,5156.8000,5155.0000,5153.8000,5161.8000,5162.0000,5162.2000,5165.0000,5168.0000,1,1,1,1,1,1,4,1,3,1
SF,IC2012,2020-06-09 09:35:55.900,5160.0000,21089,0,215792760.000,0,-,-,-,-,5158.2000,5158.0000,5156.8000,5155.0000,5153.8000,5161.8000,5162.0000,5162.2000,5165.0000,5168.0000,1,1,1,1,1,1,4,1,3,1
SF,IC2012,2020-06-09 09:35:56.400,5160.0000,21089,0,215792760.000,0,-,-,-,-,5158.2000,5156.8000,5155.0000,5153.8000,5153.0000,5161.8000,5162.0000,5162.2000,5165.0000,5168.0000,1,1,1,1,1,1,4,1,3,1
SF,IC2012,2020-06-09 09:35:56.900,5160.0000,21089,0,215792760.000,0,-,-,-,-,5158.4000,5158.2000,5156.8000,5155.0000,5153.8000,5161.8000,5162.0000,5162.2000,5165.0000,5168.0000,1,1,1,1,1,1,4,1,3,1
SF,IC2012,2020-06-09 09:35:57.400,5160.0000,21089,0,215792760.000,0,-,-,-,-,5158.6000,5158.4000,5156.8000,5155.0000,5153.8000,5161.8000,5162.0000,5162.2000,5165.0000,5168.0000,1,1,1,1,1,1,4,1,3,1
SF,IC2012,2020-06-09 09:35:57.900,5160.0000,21089,0,215792760.000,0,-,-,-,-,5158.8000,5158.6000,5156.8000,5155.0000,5153.8000,5161.8000,5162.0000,5162.2000,5165.0000,5168.0000,1,1,1,1,1,1,2,1,3,1
SF,IC2012,2020-06-09 09:35:58.400,5160.0000,21089,0,215792760.000,0,-,-,-,-,5159.0000,5158.8000,5156.8000,5155.0000,5153.8000,5161.4000,5161.6000,5161.8000,5162.0000,5162.2000,1,1,1,1,1,1,1,1,2,1
SF,IC2012,2020-06-09 09:35:58.900,5160.0000,21089,0,215792760.000,0,-,-,-,-,5159.0000,5158.8000,5156.8000,5155.0000,5153.8000,5161.2000,5161.4000,5161.6000,5162.0000,5162.2000,1,1,1,1,1,1,1,1,2,1
SF,IC2012,2020-06-09 09:35:59.400,5160.0000,21089,0,215792760.000,0,-,-,-,-,5159.0000,5158.8000,5156.8000,5155.0000,5153.8000,5161.2000,5161.4000,5161.6000,5162.0000,5162.2000,1,1,1,1,1,1,1,1,2,1
SF,IC2012,2020-06-09 09:36:00.400,5160.0000,21089,0,215792760.000,0,-,-,-,-,5159.0000,5158.8000,5156.8000,5155.0000,5153.8000,5161.2000,5161.4000,5162.0000,5162.2000,5165.0000,1,1,1,1,1,1,1,2,1,3
SF,IC2012,2020-06-09 09:36:00.900,5160.0000,21089,0,215792760.000,0,-,-,-,-,5159.0000,5158.8000,5156.8000,5155.0000,5153.8000,5162.0000,5162.2000,5165.0000,5168.0000,5169.0000,1,1,1,1,1,2,1,3,1,1
SF,IC2012,2020-06-09 09:36:01.400,5160.0000,21089,0,215792760.000,0,-,-,-,-,5159.2000,5159.0000,5156.8000,5155.0000,5153.8000,5161.8000,5162.0000,5162.2000,5165.0000,5168.0000,1,1,1,1,1,1,2,1,3,1
SF,IC2012,2020-06-09 09:36:01.900,5160.0000,21088,-1,216824760.000,1,0,1,双平,S,5159.6000,5159.4000,5159.2000,5156.8000,5155.0000,5162.0000,5162.2000,5165.0000,5168.0000,5169.0000,2,2,1,1,1,2,1,3,1,1
SF,IC2012,2020-06-09 09:36:02.400,5160.0000,21088,0,216824760.000,0,-,-,-,-,5159.8000,5159.6000,5159.2000,5156.8000,5155.0000,5161.8000,5162.0000,5162.2000,5165.0000,5168.0000,1,2,1,1,1,1,2,1,3,1
SF,IC2012,2020-06-09 09:36:02.900,5160.0000,21088,0,216824760.000,0,-,-,-,-,5160.8000,5160.0000,5159.8000,5159.6000,5159.2000,5161.8000,5162.0000,5162.2000,5165.0000,5168.0000,2,1,1,1,1,2,1,1,3,1
SF,IC2012,2020-06-09 09:36:03.400,5160.0000,21088,0,216824760.000,0,-,-,-,-,5160.0000,5159.8000,5159.6000,5159.2000,5156.8000,5161.8000,5162.0000,5162.2000,5165.0000,5168.0000,1,1,1,1,1,2,1,1,3,1
SF,IC2012,2020-06-09 09:36:03.900,5160.0000,21088,0,216824760.000,0,-,-,-,-,5161.4000,5161.2000,5160.2000,5160.0000,5159.6000,5161.8000,5162.0000,5162.2000,5165.0000,5168.0000,2,3,1,1,1,2,1,1,3,1
SF,IC2012,2020-06-09 09:36:04.400,5161.8000,21086,-2,218889480.000,2,0,2,双平,S,5161.2000,5160.2000,5160.0000,5159.6000,5159.2000,5162.0000,5162.2000,5165.0000,5168.0000,5169.0000,1,1,1,1,1,1,1,3,1,1
SF,IC2012,2020-06-09 09:36:04.900,5162.2000,21084,-2,220954320.000,2,0,2,双平,S,5162.0000,5161.8000,5161.4000,5161.2000,5160.0000,5165.0000,5168.0000,5169.0000,5170.0000,5173.0000,2,2,1,1,1,3,1,1,1,1
SF,IC2012,2020-06-09 09:36:05.400,5162.2000,21084,0,220954320.000,0,-,-,-,-,5162.2000,5161.4000,5161.2000,5156.8000,5155.0000,5164.8000,5165.0000,5168.0000,5169.0000,5170.0000,2,1,1,1,1,3,3,1,1,1
SF,IC2012,2020-06-09 09:36:05.900,5162.2000,21084,0,220954320.000,0,-,-,-,-,5162.2000,5162.0000,5161.4000,5161.2000,5160.2000,5164.8000,5165.0000,5168.0000,5169.0000,5170.0000,2,2,1,1,1,1,3,1,1,1
SF,IC2012,2020-06-09 09:36:06.400,5162.2000,21084,0,220954320.000,0,-,-,-,-,5162.6000,5162.4000,5162.2000,5161.2000,5160.2000,5164.6000,5165.0000,5168.0000,5169.0000,5170.0000,1,1,2,1,1,1,3,1,1,1
