市场代码,合约代码,时间,最新,持仓,增仓,成交额,成交量,开仓,平仓,成交类型,方向,买一价,买二价,买三价,买四价,买五价,卖一价,卖二价,卖三价,卖四价,卖五价,买一量,买二量,买三量,买四量,买五量,卖一量,卖二量,卖三量,卖四量,卖五量
SF,IC2005,2020-04-02 09:29:00.400,4901.2000,4602,0,980240.000,1.000,-,-,-,-,4886.6000,4882.2000,4872.4000,4872.0000,4867.6000,4902.0000,4912.6000,4914.0000,4937.6000,4954.6000,1,1,1,5,1,1,1,5,1,1
SF,IC2005,2020-04-02 09:30:00.400,4902.0000,4603,1,1960640.000,1,1,0,双开,S,4902.2000,4901.8000,4893.0000,4887.4000,4887.0000,4912.6000,4937.6000,4954.6000,4968.8000,4997.0000,12,1,1,1,2,1,1,1,3,1
SF,IC2005,2020-04-02 09:30:00.900,4902.0000,4603,0,1960640.000,0,-,-,-,-,4903.8000,4902.8000,4902.6000,4902.4000,4902.2000,4905.6000,4906.0000,4906.2000,4909.6000,4909.8000,1,1,3,5,12,1,1,1,1,1
SF,IC2005,2020-04-02 09:30:01.400,4902.0000,4601,-2,7843040.000,6,2,4,多平,S,4904.0000,4903.8000,4902.8000,4902.6000,4902.4000,4912.2000,4912.4000,4912.6000,4918.4000,4937.6000,1,2,2,4,3,1,1,1,5,1
SF,IC2005,2020-04-02 09:30:01.900,4902.0000,4601,0,7843040.000,0,-,-,-,-,4904.2000,4904.0000,4903.8000,4902.8000,4902.6000,4912.0000,4912.2000,4912.6000,4918.4000,4937.6000,2,4,1,2,4,5,1,1,5,1
SF,IC2005,2020-04-02 09:30:02.400,4902.0000,4601,0,7843040.000,0,-,-,-,-,4907.2000,4906.8000,4906.2000,4905.0000,4904.8000,4912.0000,4912.6000,4918.4000,4937.6000,4954.6000,1,1,1,1,1,4,1,5,1,1
SF,IC2005,2020-04-02 09:30:02.900,4907.2000,4600,-1,8824480.000,1,0,1,双平,S,4907.4000,4907.2000,4906.8000,4906.2000,4906.0000,4912.0000,4912.6000,4918.4000,4937.6000,4954.6000,2,1,1,2,1,4,1,5,1,1
SF,IC2005,2020-04-02 09:30:03.400,4907.2000,4600,0,8824480.000,0,-,-,-,-,4907.4000,4907.2000,4906.8000,4906.2000,4906.0000,4909.6000,4912.0000,4912.6000,4918.4000,4937.6000,2,2,1,2,1,2,4,1,5,1
SF,IC2005,2020-04-02 09:30:03.900,4909.6000,4599,-1,9806400.000,1,0,1,双平,S,4907.4000,4907.2000,4906.8000,4906.2000,4905.0000,4909.4000,4912.0000,4912.6000,4918.4000,4937.6000,1,2,1,1,1,1,3,1,5,1
SF,IC2005,2020-04-02 09:30:04.400,4909.4000,4599,0,10788280.000,1,0,1,多换,S,4907.8000,4907.4000,4907.2000,4906.8000,4906.2000,4912.0000,4912.6000,4918.4000,4937.6000,4954.6000,1,1,2,1,1,3,1,5,1,1
SF,IC2005,2020-04-02 09:30:04.900,4909.4000,4599,0,10788280.000,0,-,-,-,-,4908.0000,4907.8000,4907.4000,4907.2000,4905.0000,4908.2000,4909.8000,4912.0000,4912.6000,4918.4000,2,1,1,1,1,1,1,3,1,5
SF,IC2005,2020-04-02 09:30:05.400,4909.4000,4599,0,10788280.000,0,-,-,-,-,4907.8000,4907.4000,4907.2000,4905.0000,4904.4000,4912.0000,4912.6000,4918.4000,4937.6000,4954.6000,1,1,1,1,3,3,1,5,1,1
SF,IC2005,2020-04-02 09:30:05.900,4909.4000,4599,0,10788280.000,0,-,-,-,-,4908.0000,4907.8000,4907.4000,4907.2000,4905.0000,4912.0000,4912.6000,4918.4000,4937.6000,4954.6000,1,1,1,1,1,3,1,5,1,1
SF,IC2005,2020-04-02 09:30:06.400,4908.0000,4598,-1,11769880.000,1,0,1,双平,S,4907.8000,4907.4000,4907.2000,4905.0000,4904.4000,4909.4000,4911.6000,4912.0000,4912.6000,4918.4000,1,1,1,1,3,1,1,3,1,5
SF,IC2005,2020-04-02 09:30:06.900,4908.0000,4598,0,11769880.000,0,-,-,-,-,4907.8000,4907.4000,4907.2000,4905.0000,4904.4000,4911.6000,4912.0000,4912.6000,4918.4000,4937.6000,1,1,1,1,3,1,3,1,5,1
SF,IC2005,2020-04-02 09:30:07.400,4908.0000,4598,0,11769880.000,0,-,-,-,-,4907.8000,4907.4000,4907.2000,4905.0000,4904.4000,4911.4000,4911.6000,4912.0000,4912.6000,4918.4000,1,1,1,1,3,1,1,3,1,5
SF,IC2005,2020-04-02 09:30:07.900,4908.0000,4598,0,11769880.000,0,-,-,-,-,4907.8000,4907.4000,4907.2000,4905.0000,4904.4000,4909.4000,4911.4000,4911.6000,4912.0000,4912.6000,1,1,1,1,3,2,1,1,3,1
SF,IC2005,2020-04-02 09:30:08.400,4908.0000,4598,0,11769880.000,0,-,-,-,-,4907.8000,4907.4000,4907.2000,4905.0000,4904.4000,4909.2000,4911.2000,4911.4000,4912.0000,4912.6000,1,1,1,1,3,1,1,1,3,1
SF,IC2005,2020-04-02 09:30:08.900,4908.0000,4598,0,11769880.000,0,-,-,-,-,4907.4000,4907.2000,4905.0000,4904.0000,4903.8000,4909.2000,4911.2000,4911.4000,4912.0000,4912.6000,1,1,1,3,1,1,1,1,3,1
SF,IC2005,2020-04-02 09:30:09.400,4908.4000,4597,-1,13733000.000,2,0,2,多平,S,4905.0000,4904.0000,4903.8000,4902.4000,4902.2000,4908.4000,4909.2000,4911.2000,4911.4000,4912.0000,1,3,1,2,12,1,1,1,1,3
SF,IC2005,2020-04-02 09:30:09.900,4908.4000,4597,0,13733000.000,0,-,-,-,-,4905.4000,4905.2000,4905.0000,4904.0000,4903.8000,4908.2000,4909.2000,4911.2000,4911.4000,4912.0000,1,2,1,3,1,2,1,1,1,3
SF,IC2005,2020-04-02 09:30:10.400,4908.4000,4597,0,13733000.000,0,-,-,-,-,4905.2000,4903.8000,4902.4000,4902.2000,4901.6000,4908.2000,4909.2000,4911.2000,4911.4000,4912.0000,1,1,2,12,1,2,1,1,1,3
SF,IC2005,2020-04-02 09:30:10.900,4908.2000,4596,-1,14714640.000,1,0,1,双平,S,4905.6000,4905.4000,4905.2000,4903.8000,4902.4000,4909.2000,4911.2000,4911.4000,4912.0000,4912.6000,1,1,1,1,2,1,1,1,3,1
SF,IC2005,2020-04-02 09:30:11.400,4908.2000,4596,0,14714640.000,0,-,-,-,-,4905.8000,4905.6000,4905.2000,4903.8000,4902.4000,4909.0000,4909.2000,4911.2000,4911.4000,4912.0000,1,1,1,1,2,2,1,1,1,3
SF,IC2005,2020-04-02 09:30:11.900,4909.0000,4595,-1,15696440.000,1,0,1,双平,S,4905.8000,4905.6000,4905.2000,4903.8000,4902.4000,4909.2000,4911.2000,4911.4000,4912.0000,4912.6000,1,1,1,1,2,1,1,1,3,1
SF,IC2005,2020-04-02 09:30:12.400,4909.0000,4595,0,15696440.000,0,-,-,-,-,4905.8000,4905.6000,4903.8000,4902.4000,4902.2000,4911.2000,4911.4000,4912.0000,4912.6000,4918.4000,1,1,1,2,12,1,1,3,1,5
SF,IC2005,2020-04-02 09:30:12.900,4909.0000,4595,0,15696440.000,0,-,-,-,-,4905.8000,4905.6000,4903.8000,4902.4000,4902.2000,4911.0000,4911.2000,4911.4000,4912.0000,4912.6000,1,1,1,2,12,1,1,1,3,1
SF,IC2005,2020-04-02 09:30:13.400,4909.0000,4595,0,15696440.000,0,-,-,-,-,4906.8000,4906.2000,4906.0000,4905.8000,4903.8000,4911.0000,4911.4000,4912.0000,4912.6000,4918.4000,1,1,1,1,1,1,1,3,1,5
SF,IC2005,2020-04-02 09:30:13.900,4909.0000,4595,0,15696440.000,0,-,-,-,-,4907.8000,4907.2000,4907.0000,4906.8000,4906.2000,4911.4000,4912.0000,4912.6000,4918.4000,4937.6000,1,1,3,1,2,1,3,1,5,1
SF,IC2005,2020-04-02 09:30:14.400,4909.0000,4595,0,15696440.000,0,-,-,-,-,4908.0000,4907.8000,4907.2000,4907.0000,4906.8000,4912.0000,4912.6000,4918.4000,4937.6000,4954.6000,1,1,1,1,1,3,1,5,1,1
SF,IC2005,2020-04-02 09:30:14.900,4909.0000,4595,0,15696440.000,0,-,-,-,-,4908.0000,4907.8000,4907.2000,4907.0000,4906.8000,4911.2000,4912.0000,4912.6000,4918.4000,4937.6000,1,1,1,1,1,1,3,1,5,1
SF,IC2005,2020-04-02 09:30:15.400,4909.0000,4595,0,15696440.000,0,-,-,-,-,4908.0000,4907.2000,4907.0000,4903.8000,4902.4000,4912.0000,4912.6000,4918.4000,4937.6000,4954.6000,1,1,1,1,2,3,1,5,1,1
SF,IC2005,2020-04-02 09:30:15.900,4909.0000,4595,0,15696440.000,0,-,-,-,-,4908.0000,4907.2000,4907.0000,4903.8000,4902.4000,4911.8000,4912.0000,4912.6000,4918.4000,4937.6000,1,1,1,1,2,1,3,1,5,1
SF,IC2005,2020-04-02 09:30:16.400,4909.0000,4595,0,15696440.000,0,-,-,-,-,4908.0000,4907.2000,4903.8000,4902.4000,4902.2000,4911.8000,4912.0000,4912.6000,4918.4000,4937.6000,1,1,1,2,12,1,3,1,5,1
SF,IC2005,2020-04-02 09:30:16.900,4909.0000,4595,0,15696440.000,0,-,-,-,-,4908.4000,4908.2000,4908.0000,4903.8000,4902.4000,4911.8000,4912.0000,4912.6000,4918.4000,4937.6000,1,1,1,1,2,1,3,1,5,1
SF,IC2005,2020-04-02 09:30:17.400,4909.0000,4595,0,15696440.000,0,-,-,-,-,4908.6000,4908.4000,4908.0000,4903.8000,4902.4000,4911.8000,4912.0000,4912.6000,4918.4000,4937.6000,1,1,1,1,2,1,3,1,5,1
SF,IC2005,2020-04-02 09:30:17.900,4909.0000,4595,0,15696440.000,0,-,-,-,-,4908.6000,4908.4000,4908.0000,4903.8000,4902.4000,4911.6000,4911.8000,4912.0000,4912.6000,4918.4000,1,1,1,1,2,1,1,3,1,5
SF,IC2005,2020-04-02 09:30:18.400,4909.0000,4595,0,15696440.000,0,-,-,-,-,4909.0000,4908.6000,4908.4000,4908.0000,4903.8000,4911.4000,4911.6000,4911.8000,4912.0000,4912.6000,1,1,1,1,1,1,1,1,3,1
SF,IC2005,2020-04-02 09:30:18.900,4909.0000,4595,0,15696440.000,0,-,-,-,-,4909.2000,4909.0000,4908.4000,4908.0000,4903.8000,4911.8000,4912.0000,4912.6000,4918.4000,4937.6000,1,1,1,1,1,1,3,1,5,1
SF,IC2005,2020-04-02 09:30:19.400,4909.0000,4595,0,15696440.000,0,-,-,-,-,4909.2000,4909.0000,4908.4000,4908.0000,4903.8000,4911.4000,4911.6000,4911.8000,4912.0000,4912.6000,1,1,1,1,1,1,1,1,3,1
SF,IC2005,2020-04-02 09:30:19.900,4909.0000,4595,0,15696440.000,0,-,-,-,-,4909.4000,4909.2000,4909.0000,4908.4000,4908.0000,4911.4000,4911.8000,4912.0000,4912.6000,4918.4000,1,1,1,1,1,1,1,3,1,5
SF,IC2005,2020-04-02 09:30:20.400,4912.0000,4592,-3,18643520.000,3,0,3,双平,S,4909.8000,4909.6000,4909.4000,4909.0000,4908.0000,4912.6000,4918.4000,4937.6000,4954.6000,4997.0000,1,1,1,1,1,1,5,1,1,1
SF,IC2005,2020-04-02 09:30:20.900,4912.6000,4591,-1,19626040.000,1,0,1,双平,S,4910.0000,4909.8000,4909.4000,4909.0000,4903.8000,4918.4000,4937.6000,4954.6000,4997.0000,5009.2000,1,1,1,1,1,5,1,1,1,1
SF,IC2005,2020-04-02 09:30:21.400,4912.6000,4591,0,19626040.000,0,-,-,-,-,4910.2000,4910.0000,4909.8000,4909.4000,4909.0000,4913.8000,4917.0000,4917.2000,4917.4000,4918.2000,1,1,1,1,1,1,3,1,1,2
SF,IC2005,2020-04-02 09:30:21.900,4912.6000,4591,0,19626040.000,0,-,-,-,-,4910.4000,4910.2000,4909.8000,4909.4000,4903.8000,4916.4000,4917.0000,4917.2000,4917.4000,4918.2000,1,1,1,1,1,1,3,1,1,1
SF,IC2005,2020-04-02 09:30:22.400,4912.6000,4591,0,19626040.000,0,-,-,-,-,4910.6000,4910.4000,4909.8000,4909.4000,4903.8000,4918.2000,4918.4000,4924.2000,4937.6000,4954.6000,1,1,1,1,1,1,1,5,1,1
SF,IC2005,2020-04-02 09:30:22.900,4912.6000,4591,0,19626040.000,0,-,-,-,-,4910.8000,4910.6000,4909.8000,4903.8000,4902.4000,4914.0000,4917.0000,4918.0000,4918.4000,4924.2000,1,1,1,1,2,1,1,2,1,5
SF,IC2005,2020-04-02 09:30:23.400,4912.6000,4591,0,19626040.000,0,-,-,-,-,4911.4000,4911.2000,4911.0000,4910.8000,4902.4000,4918.0000,4918.4000,4924.2000,4937.6000,4954.6000,1,1,2,3,2,1,1,5,1,1
SF,IC2005,2020-04-02 09:30:23.900,4912.6000,4591,0,19626040.000,0,-,-,-,-,4911.6000,4911.2000,4911.0000,4910.8000,4906.8000,4918.0000,4918.4000,4924.2000,4937.6000,4954.6000,2,1,1,1,5,1,1,5,1,1
SF,IC2005,2020-04-02 09:30:24.400,4912.6000,4591,0,19626040.000,0,-,-,-,-,4911.6000,4911.2000,4911.0000,4910.8000,4902.4000,4914.2000,4917.0000,4917.8000,4918.0000,4918.4000,2,1,1,1,2,1,1,1,1,1
SF,IC2005,2020-04-02 09:30:24.900,4912.6000,4591,0,19626040.000,0,-,-,-,-,4911.6000,4911.2000,4911.0000,4910.8000,4902.4000,4917.0000,4918.0000,4918.4000,4924.2000,4937.6000,2,1,1,1,2,1,1,1,5,1
SF,IC2005,2020-04-02 09:30:25.400,4912.6000,4591,0,19626040.000,0,-,-,-,-,4911.6000,4911.2000,4911.0000,4902.4000,4902.2000,4916.8000,4917.0000,4918.4000,4924.2000,4937.6000,1,1,1,2,13,1,1,1,5,1
SF,IC2005,2020-04-02 09:30:25.900,4912.6000,4591,0,19626040.000,0,-,-,-,-,4911.6000,4911.2000,4911.0000,4902.4000,4902.2000,4914.0000,4916.8000,4917.0000,4917.2000,4918.4000,1,1,1,2,13,1,1,2,1,1
SF,IC2005,2020-04-02 09:30:26.400,4912.6000,4591,0,19626040.000,0,-,-,-,-,4911.6000,4911.2000,4911.0000,4902.4000,4902.2000,4916.8000,4917.0000,4918.4000,4924.2000,4937.6000,1,1,1,2,13,1,1,1,5,1
SF,IC2005,2020-04-02 09:30:26.900,4911.8000,4590,-1,20608400.000,1,0,1,双平,S,4911.2000,4911.0000,4902.4000,4902.2000,4901.0000,4913.8000,4914.0000,4916.4000,4916.6000,4916.8000,1,1,2,13,5,1,2,2,1,1
SF,IC2005,2020-04-02 09:30:27.400,4911.2000,4589,-1,21590640.000,1,0,1,双平,S,4911.0000,4902.4000,4902.2000,4901.0000,4892.2000,4913.6000,4913.8000,4916.4000,4916.8000,4917.0000,1,2,13,5,1,1,1,2,2,2
SF,IC2005,2020-04-02 09:30:27.900,4911.0000,4588,-1,22572840.000,1,0,1,双平,S,4902.4000,4902.2000,4901.0000,4892.2000,4890.0000,4912.2000,4913.4000,4913.6000,4913.8000,4916.4000,2,13,5,1,1,1,1,1,1,2
SF,IC2005,2020-04-02 09:30:28.400,4911.0000,4588,0,22572840.000,0,-,-,-,-,4909.0000,4908.6000,4906.8000,4906.4000,4906.2000,4912.0000,4913.4000,4913.8000,4916.4000,4916.8000,1,1,2,2,3,1,1,1,1,2
SF,IC2005,2020-04-02 09:30:28.900,4911.0000,4588,0,22572840.000,0,-,-,-,-,4908.6000,4906.8000,4906.4000,4906.2000,4906.0000,4912.0000,4913.4000,4913.8000,4916.4000,4916.8000,1,2,2,3,1,1,1,1,1,2
SF,IC2005,2020-04-02 09:30:29.400,4911.0000,4588,0,22572840.000,0,-,-,-,-,4908.8000,4908.6000,4906.8000,4906.4000,4906.2000,4912.0000,4913.4000,4916.4000,4916.8000,4917.0000,1,1,2,2,3,1,1,1,2,1
SF,IC2005,2020-04-02 09:30:29.900,4912.0000,4587,-1,23555240.000,1,0,1,双平,S,4908.8000,4908.6000,4906.8000,4906.4000,4906.2000,4916.4000,4916.8000,4917.0000,4918.4000,4924.2000,2,1,2,2,3,1,2,1,1,5
SF,IC2005,2020-04-02 09:30:30.400,4912.0000,4587,0,23555240.000,0,-,-,-,-,4909.0000,4908.8000,4908.6000,4906.8000,4906.4000,4912.6000,4915.4000,4915.8000,4916.2000,4916.4000,2,1,1,1,1,1,1,1,2,1
SF,IC2005,2020-04-02 09:30:30.900,4912.0000,4587,0,23555240.000,0,-,-,-,-,4909.4000,4909.2000,4909.0000,4906.8000,4906.4000,4915.4000,4916.2000,4917.0000,4918.4000,4924.2000,1,1,5,1,1,1,1,1,1,5
SF,IC2005,2020-04-02 09:30:31.400,4912.0000,4587,0,23555240.000,0,-,-,-,-,4910.0000,4909.6000,4909.4000,4909.0000,4906.8000,4916.2000,4917.0000,4918.4000,4924.2000,4937.6000,1,3,1,4,1,1,1,1,5,1
SF,IC2005,2020-04-02 09:30:31.900,4912.0000,4587,0,23555240.000,0,-,-,-,-,4910.2000,4910.0000,4909.6000,4909.4000,4909.0000,4915.8000,4916.2000,4918.4000,4924.2000,4937.6000,2,1,2,1,4,1,1,1,5,1
SF,IC2005,2020-04-02 09:30:32.400,4912.0000,4587,0,23555240.000,0,-,-,-,-,4910.2000,4910.0000,4909.6000,4909.4000,4909.0000,4915.8000,4916.2000,4916.4000,4918.4000,4924.2000,2,1,2,1,3,1,1,1,1,5
SF,IC2005,2020-04-02 09:30:32.900,4912.0000,4587,0,23555240.000,0,-,-,-,-,4910.4000,4910.2000,4910.0000,4909.6000,4909.4000,4915.6000,4915.8000,4916.2000,4918.4000,4924.2000,1,2,1,2,1,1,1,1,1,5
SF,IC2005,2020-04-02 09:30:33.400,4912.0000,4587,0,23555240.000,0,-,-,-,-,4910.6000,4910.4000,4910.2000,4910.0000,4909.6000,4915.6000,4915.8000,4916.2000,4918.4000,4924.2000,2,2,1,1,1,1,1,1,1,5
SF,IC2005,2020-04-02 09:30:33.900,4912.0000,4587,0,23555240.000,0,-,-,-,-,4910.8000,4910.6000,4910.4000,4909.6000,4909.4000,4915.6000,4915.8000,4916.2000,4918.4000,4924.2000,1,2,3,1,1,1,1,1,1,5
SF,IC2005,2020-04-02 09:30:34.400,4912.0000,4587,0,23555240.000,0,-,-,-,-,4911.4000,4911.2000,4911.0000,4910.8000,4910.4000,4915.6000,4915.8000,4916.2000,4918.4000,4924.2000,1,1,1,2,3,1,1,1,1,5
SF,IC2005,2020-04-02 09:30:34.900,4912.0000,4587,0,23555240.000,0,-,-,-,-,4911.6000,4911.4000,4911.2000,4910.8000,4910.4000,4915.6000,4915.8000,4916.2000,4918.4000,4924.2000,2,1,1,1,3,1,1,1,1,5
SF,IC2005,2020-04-02 09:30:35.400,4912.0000,4587,0,23555240.000,0,-,-,-,-,4911.6000,4911.4000,4911.2000,4910.4000,4909.6000,4915.4000,4915.6000,4915.8000,4916.2000,4918.4000,2,1,1,3,1,1,1,1,1,1
SF,IC2005,2020-04-02 09:30:35.900,4912.0000,4587,0,23555240.000,0,-,-,-,-,4911.6000,4911.4000,4911.2000,4910.4000,4909.6000,4915.2000,4915.4000,4915.8000,4916.2000,4918.4000,2,1,1,3,1,1,1,1,1,1
SF,IC2005,2020-04-02 09:30:36.400,4912.0000,4587,0,23555240.000,0,-,-,-,-,4911.6000,4911.2000,4910.4000,4909.6000,4909.4000,4915.0000,4915.2000,4915.4000,4915.8000,4916.2000,2,1,2,1,1,1,1,1,1,1
SF,IC2005,2020-04-02 09:30:36.900,4912.0000,4587,0,23555240.000,0,-,-,-,-,4911.6000,4911.2000,4909.6000,4909.4000,4909.0000,4915.0000,4915.2000,4915.4000,4915.8000,4916.2000,1,1,1,1,3,1,1,1,1,1
SF,IC2005,2020-04-02 09:30:37.400,4912.0000,4587,0,23555240.000,0,-,-,-,-,4911.2000,4909.6000,4909.4000,4909.0000,4906.8000,4915.0000,4915.2000,4915.4000,4915.8000,4916.2000,1,1,1,3,1,1,1,1,1,1
SF,IC2005,2020-04-02 09:30:37.900,4912.0000,4587,0,23555240.000,0,-,-,-,-,4911.2000,4909.6000,4909.4000,4909.0000,4906.8000,4914.8000,4915.0000,4915.4000,4915.8000,4916.2000,1,1,1,3,1,1,1,1,1,1
SF,IC2005,2020-04-02 09:30:38.400,4912.0000,4587,0,23555240.000,0,-,-,-,-,4911.2000,4909.6000,4909.4000,4909.0000,4906.8000,4914.8000,4915.0000,4915.8000,4916.2000,4918.4000,1,1,1,3,1,1,1,1,1,1
SF,IC2005,2020-04-02 09:30:38.900,4914.8000,4586,-1,24538200.000,1,0,1,双平,S,4911.6000,4911.4000,4911.2000,4909.6000,4909.0000,4915.8000,4916.2000,4918.4000,4924.2000,4937.6000,1,2,1,1,3,1,1,1,5,1
SF,IC2005,2020-04-02 09:30:39.400,4914.8000,4586,0,24538200.000,0,-,-,-,-,4911.8000,4911.6000,4911.4000,4909.6000,4909.0000,4916.2000,4918.4000,4924.2000,4937.6000,4954.6000,2,1,1,1,3,1,1,5,1,1
SF,IC2005,2020-04-02 09:30:39.900,4914.8000,4586,0,24538200.000,0,-,-,-,-,4912.6000,4912.0000,4911.8000,4911.6000,4911.4000,4918.4000,4924.2000,4937.6000,4954.6000,4997.0000,1,1,6,1,1,1,5,1,1,1
SF,IC2005,2020-04-02 09:30:40.400,4914.8000,4586,0,24538200.000,0,-,-,-,-,4912.8000,4912.6000,4911.8000,4911.6000,4911.4000,4918.4000,4924.2000,4937.6000,4954.6000,4997.0000,3,1,4,1,1,1,5,1,1,1
SF,IC2005,2020-04-02 09:30:40.900,4914.8000,4586,0,24538200.000,0,-,-,-,-,4912.8000,4912.6000,4911.8000,4911.4000,4909.6000,4918.0000,4918.4000,4924.2000,4937.6000,4954.6000,3,1,4,1,1,1,1,5,1,1
SF,IC2005,2020-04-02 09:30:41.400,4914.8000,4586,0,24538200.000,0,-,-,-,-,4913.0000,4912.8000,4912.6000,4911.8000,4909.6000,4918.0000,4918.4000,4924.2000,4937.6000,4954.6000,5,3,1,4,1,1,1,5,1,1
SF,IC2005,2020-04-02 09:30:41.900,4914.8000,4586,0,24538200.000,0,-,-,-,-,4913.4000,4913.2000,4912.6000,4911.8000,4909.6000,4918.0000,4924.2000,4937.6000,4954.6000,4997.0000,1,3,1,3,1,1,5,1,1,1
SF,IC2005,2020-04-02 09:30:42.400,4914.8000,4586,0,24538200.000,0,-,-,-,-,4913.6000,4912.6000,4911.8000,4909.6000,4909.0000,4917.8000,4918.0000,4924.2000,4937.6000,4954.6000,3,1,3,1,3,1,1,5,1,1
SF,IC2005,2020-04-02 09:30:42.900,4914.8000,4586,0,24538200.000,0,-,-,-,-,4913.6000,4912.6000,4911.8000,4909.6000,4909.0000,4917.8000,4918.0000,4924.2000,4937.6000,4954.6000,2,1,3,1,3,1,1,5,1,1
SF,IC2005,2020-04-02 09:30:43.400,4913.6000,4584,-2,26503640.000,2,0,2,双平,S,4913.8000,4912.6000,4911.8000,4909.6000,4909.0000,4917.6000,4917.8000,4918.0000,4924.2000,4937.6000,1,1,3,1,3,1,1,1,5,1
SF,IC2005,2020-04-02 09:30:43.900,4913.6000,4584,0,26503640.000,0,-,-,-,-,4913.8000,4909.6000,4909.0000,4906.4000,4906.2000,4917.2000,4917.4000,4917.6000,4917.8000,4918.0000,1,1,3,1,2,2,1,2,1,1
SF,IC2005,2020-04-02 09:30:44.400,4915.0000,4583,-1,28469400.000,2,0,2,多平,S,4909.6000,4909.0000,4906.4000,4906.2000,4905.8000,4917.0000,4917.2000,4917.4000,4917.8000,4918.0000,1,3,1,2,1,4,2,1,1,1
SF,IC2005,2020-04-02 09:30:44.900,4915.0000,4583,0,28469400.000,0,-,-,-,-,4911.8000,4910.4000,4909.8000,4909.6000,4909.0000,4917.0000,4917.2000,4917.4000,4918.0000,4924.2000,1,2,4,2,3,3,2,1,1,5
SF,IC2005,2020-04-02 09:30:45.400,4915.0000,4583,0,28469400.000,0,-,-,-,-,4912.0000,4911.8000,4910.4000,4909.8000,4909.6000,4917.0000,4917.2000,4918.0000,4924.2000,4937.6000,1,1,2,3,2,3,2,1,5,1
SF,IC2005,2020-04-02 09:30:45.900,4915.0000,4583,0,28469400.000,0,-,-,-,-,4912.0000,4911.8000,4910.4000,4909.8000,4909.6000,4917.0000,4917.2000,4918.0000,4924.2000,4937.6000,1,1,2,3,2,2,1,1,5,1
SF,IC2005,2020-04-02 09:30:46.400,4915.0000,4583,0,28469400.000,0,-,-,-,-,4912.6000,4912.2000,4912.0000,4911.8000,4910.4000,4917.0000,4917.2000,4918.0000,4924.2000,4937.6000,1,1,1,1,2,2,1,1,5,1
SF,IC2005,2020-04-02 09:30:46.900,4915.0000,4583,0,28469400.000,0,-,-,-,-,4912.8000,4912.6000,4912.2000,4910.4000,4909.8000,4917.0000,4918.0000,4924.2000,4937.6000,4954.6000,1,1,3,2,3,1,1,5,1,1
SF,IC2005,2020-04-02 09:30:47.400,4915.0000,4583,0,28469400.000,0,-,-,-,-,4913.0000,4912.8000,4912.6000,4912.2000,4910.4000,4917.0000,4918.0000,4924.2000,4937.6000,4954.6000,1,1,1,3,2,1,1,5,1,1
SF,IC2005,2020-04-02 09:30:47.900,4915.0000,4583,0,28469400.000,0,-,-,-,-,4913.2000,4913.0000,4912.6000,4912.2000,4910.4000,4917.0000,4918.0000,4924.2000,4937.6000,4954.6000,2,1,1,3,2,1,1,5,1,1
SF,IC2005,2020-04-02 09:30:48.400,4917.0000,4583,0,29452800.000,1,0,1,多换,S,4913.4000,4913.2000,4913.0000,4912.6000,4912.2000,4924.2000,4937.6000,4954.6000,4997.0000,5009.2000,1,2,1,1,3,5,1,1,1,1
SF,IC2005,2020-04-02 09:30:48.900,4917.0000,4583,0,29452800.000,0,-,-,-,-,4913.6000,4913.4000,4913.2000,4912.6000,4912.2000,4919.2000,4919.8000,4920.0000,4921.0000,4922.4000,1,1,1,1,3,1,2,1,3,2
SF,IC2005,2020-04-02 09:30:49.400,4917.0000,4583,0,29452800.000,0,-,-,-,-,4914.0000,4913.6000,4913.4000,4913.2000,4912.6000,4918.8000,4919.0000,4919.2000,4919.8000,4920.0000,1,1,1,1,1,1,1,1,2,1
SF,IC2005,2020-04-02 09:30:49.900,4917.0000,4583,0,29452800.000,0,-,-,-,-,4914.2000,4914.0000,4913.8000,4913.4000,4913.2000,4919.2000,4919.8000,4920.0000,4921.0000,4922.4000,1,1,1,1,1,1,1,1,2,2
SF,IC2005,2020-04-02 09:30:50.400,4917.0000,4583,0,29452800.000,0,-,-,-,-,4914.4000,4914.2000,4914.0000,4913.8000,4913.2000,4919.2000,4921.0000,4922.4000,4923.6000,4924.2000,1,1,2,1,1,1,2,2,1,7
SF,IC2005,2020-04-02 09:30:50.900,4917.0000,4583,0,29452800.000,0,-,-,-,-,4914.6000,4914.4000,4914.0000,4913.8000,4913.2000,4919.2000,4921.0000,4922.4000,4923.6000,4924.2000,1,1,2,1,1,1,2,2,1,7
SF,IC2005,2020-04-02 09:30:51.400,4917.0000,4583,0,29452800.000,0,-,-,-,-,4914.8000,4914.6000,4914.0000,4913.8000,4912.6000,4919.0000,4919.2000,4921.0000,4922.4000,4923.6000,1,1,2,1,1,1,1,2,2,1
SF,IC2005,2020-04-02 09:30:51.900,4917.0000,4583,0,29452800.000,0,-,-,-,-,4914.8000,4914.6000,4914.0000,4912.6000,4912.2000,4918.6000,4919.0000,4919.2000,4921.0000,4922.4000,1,1,2,1,2,1,1,1,2,2
SF,IC2005,2020-04-02 09:30:52.400,4917.0000,4583,0,29452800.000,0,-,-,-,-,4915.0000,4914.8000,4914.0000,4912.6000,4912.2000,4918.4000,4919.0000,4919.2000,4921.0000,4922.4000,1,1,2,1,2,2,1,1,2,2
SF,IC2005,2020-04-02 09:30:52.900,4917.0000,4583,0,29452800.000,0,-,-,-,-,4914.8000,4914.0000,4912.6000,4912.2000,4910.4000,4918.4000,4919.0000,4919.2000,4921.0000,4922.4000,1,2,1,2,2,1,1,1,2,2
SF,IC2005,2020-04-02 09:30:53.400,4914.8000,4583,0,30435760.000,1,0,1,多换,S,4914.0000,4912.6000,4912.2000,4910.4000,4909.8000,4918.2000,4918.4000,4919.0000,4919.2000,4921.0000,2,1,2,2,3,1,2,1,1,2
SF,IC2005,2020-04-02 09:30:53.900,4914.8000,4583,0,30435760.000,0,-,-,-,-,4914.0000,4910.4000,4909.8000,4909.6000,4909.0000,4917.8000,4918.2000,4918.4000,4919.0000,4919.2000,1,2,3,1,3,1,2,1,1,1
SF,IC2005,2020-04-02 09:30:54.400,4917.6000,4583,0,31419280.000,1,0,1,多换,S,4914.0000,4910.4000,4909.8000,4909.6000,4909.0000,4917.6000,4917.8000,4918.4000,4919.0000,4919.2000,1,2,3,1,3,1,1,2,1,1
SF,IC2005,2020-04-02 09:30:54.900,4917.6000,4583,0,31419280.000,0,-,-,-,-,4914.0000,4910.4000,4909.8000,4909.6000,4909.0000,4917.6000,4917.8000,4918.4000,4919.0000,4919.2000,1,2,3,1,3,1,1,2,1,1
SF,IC2005,2020-04-02 09:30:55.900,4917.6000,4583,0,31419280.000,0,-,-,-,-,4914.2000,4914.0000,4910.4000,4909.8000,4909.6000,4917.6000,4917.8000,4918.4000,4919.0000,4919.2000,1,1,2,3,1,1,1,1,1,1
SF,IC2005,2020-04-02 09:30:56.400,4917.6000,4583,0,31419280.000,0,-,-,-,-,4914.2000,4914.0000,4910.4000,4909.8000,4909.6000,4917.6000,4917.8000,4918.4000,4919.0000,4919.2000,1,1,2,3,1,1,1,1,1,1
SF,IC2005,2020-04-02 09:30:56.900,4917.6000,4583,0,31419280.000,0,-,-,-,-,4914.0000,4910.4000,4909.8000,4909.6000,4909.0000,4917.0000,4917.2000,4917.6000,4917.8000,4918.4000,1,2,3,1,3,1,1,1,1,1
SF,IC2005,2020-04-02 09:30:57.400,4917.6000,4583,0,31419280.000,0,-,-,-,-,4914.0000,4910.4000,4909.8000,4909.6000,4909.0000,4916.8000,4917.8000,4918.4000,4919.0000,4921.0000,1,2,3,1,3,1,1,1,1,1
SF,IC2005,2020-04-02 09:30:57.900,4914.0000,4583,0,32402080.000,1,0,1,多换,S,4910.4000,4909.8000,4909.6000,4909.0000,4906.2000,4916.8000,4917.0000,4917.2000,4917.8000,4918.4000,2,3,1,3,2,1,1,1,1,1
SF,IC2005,2020-04-02 09:30:58.400,4914.0000,4583,0,32402080.000,0,-,-,-,-,4913.6000,4912.4000,4911.6000,4911.0000,4910.6000,4916.8000,4917.0000,4917.2000,4917.8000,4918.4000,1,1,1,1,2,1,1,1,1,1
SF,IC2005,2020-04-02 09:30:58.900,4914.0000,4583,0,32402080.000,0,-,-,-,-,4913.8000,4912.6000,4912.4000,4911.6000,4911.0000,4916.8000,4917.0000,4917.2000,4917.8000,4918.4000,1,1,1,1,1,1,1,1,1,1
SF,IC2005,2020-04-02 09:30:59.400,4914.0000,4583,0,32402080.000,0,-,-,-,-,4913.8000,4912.4000,4911.6000,4911.0000,4910.6000,4916.8000,4917.0000,4917.2000,4917.8000,4918.4000,1,1,1,1,1,1,1,1,1,1
SF,IC2005,2020-04-02 09:30:59.900,4914.0000,4583,0,32402080.000,0,-,-,-,-,4913.8000,4912.4000,4911.6000,4911.0000,4910.6000,4916.8000,4917.8000,4918.4000,4919.0000,4921.0000,1,1,1,1,1,1,1,1,1,1
SF,IC2005,2020-04-02 09:31:00.400,4914.0000,4583,0,32402080.000,0,-,-,-,-,4913.8000,4912.4000,4911.6000,4911.0000,4910.6000,4916.8000,4917.8000,4918.4000,4919.0000,4921.0000,1,1,1,1,1,1,1,1,1,1
SF,IC2005,2020-04-02 09:31:00.900,4914.0000,4583,0,32402080.000,0,-,-,-,-,4914.2000,4914.0000,4913.8000,4911.6000,4911.0000,4916.6000,4916.8000,4917.0000,4917.8000,4918.0000,1,1,1,1,1,1,1,1,1,2
SF,IC2005,2020-04-02 09:31:01.400,4914.0000,4583,0,32402080.000,0,-,-,-,-,4914.2000,4913.8000,4911.6000,4911.0000,4910.6000,4916.6000,4916.8000,4917.8000,4918.0000,4918.4000,1,1,1,1,1,1,1,1,2,1
SF,IC2005,2020-04-02 09:31:01.900,4914.0000,4583,0,32402080.000,0,-,-,-,-,4914.2000,4913.8000,4911.6000,4911.0000,4910.6000,4916.6000,4916.8000,4917.8000,4918.0000,4918.4000,1,1,1,1,1,1,1,1,2,1
SF,IC2005,2020-04-02 09:31:02.400,4914.0000,4583,0,32402080.000,0,-,-,-,-,4914.2000,4913.8000,4911.6000,4911.0000,4910.6000,4916.6000,4916.8000,4917.8000,4918.0000,4918.4000,1,1,1,1,1,1,1,1,2,1
SF,IC2005,2020-04-02 09:31:02.900,4913.8000,4581,-2,34367680.000,2,0,2,双平,S,4910.4000,4909.8000,4909.6000,4909.0000,4906.2000,4916.4000,4916.6000,4916.8000,4917.8000,4918.0000,1,3,1,3,2,1,1,1,1,2
SF,IC2005,2020-04-02 09:31:03.400,4913.8000,4581,0,34367680.000,0,-,-,-,-,4910.6000,4910.4000,4909.6000,4909.0000,4906.2000,4914.0000,4914.8000,4916.2000,4916.4000,4916.8000,2,1,1,3,2,1,1,1,2,1
SF,IC2005,2020-04-02 09:31:03.900,4913.8000,4581,0,34367680.000,0,-,-,-,-,4910.6000,4909.0000,4906.2000,4905.6000,4902.6000,4913.8000,4914.0000,4914.8000,4916.4000,4917.8000,1,3,1,1,3,2,1,1,2,1
SF,IC2005,2020-04-02 09:31:04.400,4913.8000,4580,-1,35350440.000,1,0,1,双平,S,4910.6000,4906.2000,4905.6000,4902.6000,4902.4000,4913.8000,4914.0000,4914.8000,4916.4000,4917.8000,1,1,1,3,2,2,1,1,2,1
SF,IC2005,2020-04-02 09:31:04.900,4913.8000,4580,0,35350440.000,0,-,-,-,-,4906.2000,4902.6000,4902.4000,4902.2000,4901.0000,4913.8000,4914.0000,4914.8000,4916.4000,4917.8000,1,3,2,1,5,2,1,1,2,1
SF,IC2005,2020-04-02 09:31:05.400,4913.8000,4580,0,35350440.000,0,-,-,-,-,4909.0000,4908.2000,4907.6000,4906.8000,4906.4000,4913.4000,4913.6000,4913.8000,4914.0000,4914.8000,1,1,1,2,5,1,1,2,1,1
SF,IC2005,2020-04-02 09:31:05.900,4913.8000,4580,0,35350440.000,0,-,-,-,-,4909.2000,4909.0000,4908.2000,4907.6000,4907.2000,4913.2000,4913.4000,4913.6000,4914.0000,4914.8000,1,1,1,1,1,2,1,1,1,1
SF,IC2005,2020-04-02 09:31:06.400,4913.8000,4580,0,35350440.000,0,-,-,-,-,4909.2000,4908.2000,4907.6000,4907.2000,4906.8000,4913.2000,4913.4000,4914.0000,4914.8000,4916.4000,1,1,1,1,2,3,1,1,1,1
SF,IC2005,2020-04-02 09:31:06.900,4913.8000,4580,0,35350440.000,0,-,-,-,-,4909.2000,4908.2000,4907.6000,4907.2000,4906.8000,4912.8000,4913.2000,4913.4000,4914.0000,4914.8000,1,1,1,1,2,1,3,1,1,1
SF,IC2005,2020-04-02 09:31:07.400,4913.8000,4580,0,35350440.000,0,-,-,-,-,4909.2000,4907.2000,4906.8000,4906.4000,4906.2000,4912.6000,4912.8000,4913.2000,4913.4000,4914.0000,1,1,2,4,2,2,1,1,1,1
SF,IC2005,2020-04-02 09:31:07.900,4913.8000,4580,0,35350440.000,0,-,-,-,-,4909.2000,4907.2000,4906.8000,4906.4000,4906.2000,4912.6000,4912.8000,4913.4000,4914.0000,4914.8000,1,1,2,4,1,4,1,1,1,1
SF,IC2005,2020-04-02 09:31:08.400,4913.8000,4580,0,35350440.000,0,-,-,-,-,4906.8000,4906.4000,4902.6000,4902.4000,4902.2000,4912.2000,4912.6000,4912.8000,4913.4000,4914.0000,1,1,3,2,1,1,4,1,1,1
SF,IC2005,2020-04-02 09:31:08.900,4913.8000,4580,0,35350440.000,0,-,-,-,-,4907.0000,4906.8000,4906.4000,4902.6000,4902.4000,4912.0000,4912.2000,4912.4000,4912.6000,4912.8000,1,1,1,3,2,3,2,1,1,1
SF,IC2005,2020-04-02 09:31:09.400,4913.8000,4580,0,35350440.000,0,-,-,-,-,4907.0000,4906.4000,4902.6000,4902.4000,4902.2000,4912.0000,4912.2000,4912.6000,4912.8000,4913.4000,1,1,3,2,1,3,2,1,1,1
SF,IC2005,2020-04-02 09:31:09.900,4913.8000,4580,0,35350440.000,0,-,-,-,-,4907.2000,4907.0000,4906.8000,4902.6000,4902.4000,4912.0000,4912.2000,4912.6000,4912.8000,4913.4000,2,1,1,3,2,3,2,1,1,1
SF,IC2005,2020-04-02 09:31:10.400,4913.8000,4580,0,35350440.000,0,-,-,-,-,4907.4000,4907.2000,4907.0000,4906.8000,4902.6000,4912.0000,4912.2000,4912.6000,4912.8000,4913.4000,1,2,1,1,3,3,2,1,1,1
SF,IC2005,2020-04-02 09:31:10.900,4913.8000,4580,0,35350440.000,0,-,-,-,-,4907.4000,4907.0000,4902.6000,4902.4000,4902.2000,4912.0000,4912.2000,4912.6000,4912.8000,4913.4000,1,1,3,2,1,3,2,1,1,1
SF,IC2005,2020-04-02 09:31:11.400,4913.8000,4580,0,35350440.000,0,-,-,-,-,4907.0000,4902.6000,4902.4000,4902.2000,4895.2000,4911.2000,4911.4000,4912.0000,4912.2000,4912.6000,1,3,2,1,5,1,1,3,2,1
SF,IC2005,2020-04-02 09:31:11.900,4913.8000,4580,0,35350440.000,0,-,-,-,-,4907.0000,4902.6000,4902.4000,4902.2000,4895.2000,4911.0000,4911.4000,4911.8000,4912.2000,4912.6000,1,3,2,1,5,4,1,1,2,6
SF,IC2005,2020-04-02 09:31:12.400,4913.8000,4580,0,35350440.000,0,-,-,-,-,4902.6000,4902.4000,4902.2000,4895.2000,4892.2000,4910.4000,4910.6000,4910.8000,4911.0000,4911.4000,3,2,1,5,1,1,1,1,3,2
SF,IC2005,2020-04-02 09:31:12.900,4913.8000,4580,0,35350440.000,0,-,-,-,-,4903.2000,4902.8000,4902.4000,4902.2000,4895.2000,4908.2000,4909.8000,4910.0000,4910.2000,4910.4000,1,2,2,1,5,1,1,1,4,1
SF,IC2005,2020-04-02 09:31:13.400,4913.8000,4580,0,35350440.000,0,-,-,-,-,4903.4000,4903.2000,4902.8000,4902.4000,4902.2000,4908.0000,4910.0000,4910.2000,4910.4000,4910.6000,2,1,2,2,1,2,1,2,2,1
SF,IC2005,2020-04-02 09:31:13.900,4913.8000,4580,0,35350440.000,0,-,-,-,-,4903.8000,4903.4000,4903.2000,4902.8000,4902.4000,4908.0000,4910.0000,4910.2000,4910.4000,4910.6000,2,3,1,2,2,2,1,2,2,1
SF,IC2005,2020-04-02 09:31:14.400,4913.8000,4580,0,35350440.000,0,-,-,-,-,4904.0000,4903.8000,4903.2000,4902.8000,4902.4000,4908.0000,4910.0000,4910.2000,4910.4000,4910.6000,2,1,1,2,2,2,1,1,2,1
SF,IC2005,2020-04-02 09:31:14.900,4913.8000,4580,0,35350440.000,0,-,-,-,-,4904.0000,4903.8000,4902.8000,4902.4000,4902.2000,4908.0000,4910.0000,4910.2000,4910.4000,4910.6000,2,1,2,2,1,2,1,1,2,1
SF,IC2005,2020-04-02 09:31:15.400,4904.0000,4579,-1,36331240.000,1,0,1,双平,S,4902.2000,4895.2000,4892.2000,4890.0000,4882.2000,4908.0000,4910.0000,4910.2000,4910.4000,4910.8000,1,5,1,1,1,2,1,1,2,1
SF,IC2005,2020-04-02 09:31:15.900,4904.0000,4579,0,36331240.000,0,-,-,-,-,4903.0000,4902.4000,4902.2000,4895.2000,4892.2000,4907.8000,4908.0000,4910.0000,4910.2000,4910.4000,1,1,1,5,1,1,2,1,1,2
SF,IC2005,2020-04-02 09:31:16.400,4904.0000,4579,0,36331240.000,0,-,-,-,-,4902.2000,4895.2000,4892.2000,4890.0000,4882.2000,4907.4000,4907.6000,4907.8000,4910.0000,4910.2000,1,5,1,1,1,1,3,1,1,1
SF,IC2005,2020-04-02 09:31:16.900,4904.0000,4579,0,36331240.000,0,-,-,-,-,4902.2000,4895.2000,4892.2000,4890.0000,4882.2000,4907.2000,4907.4000,4907.6000,4910.0000,4910.2000,1,5,1,1,1,2,1,2,1,1
SF,IC2005,2020-04-02 09:31:17.400,4904.0000,4579,0,36331240.000,0,-,-,-,-,4902.2000,4895.2000,4892.2000,4890.0000,4882.2000,4907.2000,4907.4000,4907.6000,4910.0000,4910.2000,1,5,1,1,1,3,1,1,1,1
SF,IC2005,2020-04-02 09:31:17.900,4904.0000,4579,0,36331240.000,0,-,-,-,-,4902.2000,4902.0000,4895.2000,4892.2000,4890.0000,4906.8000,4907.2000,4907.4000,4907.6000,4910.0000,1,1,5,1,1,1,3,1,1,1
SF,IC2005,2020-04-02 09:31:18.400,4904.0000,4579,0,36331240.000,0,-,-,-,-,4902.8000,4902.4000,4902.2000,4902.0000,4895.2000,4906.6000,4906.8000,4907.2000,4907.4000,4907.6000,1,1,1,1,5,2,1,1,1,1
SF,IC2005,2020-04-02 09:31:18.900,4904.0000,4579,0,36331240.000,0,-,-,-,-,4903.0000,4902.8000,4902.2000,4902.0000,4895.2000,4906.6000,4906.8000,4907.2000,4907.4000,4907.6000,1,1,1,1,5,2,1,1,1,1
SF,IC2005,2020-04-02 09:31:19.400,4904.0000,4579,0,36331240.000,0,-,-,-,-,4903.4000,4903.0000,4902.8000,4902.2000,4902.0000,4906.4000,4906.6000,4907.2000,4907.6000,4910.0000,1,1,1,1,1,1,2,1,1,1
SF,IC2005,2020-04-02 09:31:19.900,4904.0000,4579,0,36331240.000,0,-,-,-,-,4903.0000,4902.8000,4902.2000,4902.0000,4895.2000,4906.2000,4906.6000,4907.2000,4907.6000,4910.0000,1,1,1,1,5,1,1,1,1,1
SF,IC2005,2020-04-02 09:31:20.400,4904.0000,4579,0,36331240.000,0,-,-,-,-,4903.0000,4902.8000,4902.2000,4902.0000,4895.2000,4906.2000,4906.6000,4907.2000,4910.0000,4910.2000,1,1,1,1,5,2,1,1,1,1
SF,IC2005,2020-04-02 09:31:21.400,4906.2000,4579,0,37312480.000,1,0,1,多换,S,4903.0000,4902.8000,4902.2000,4902.0000,4895.2000,4906.2000,4906.6000,4907.2000,4910.0000,4910.2000,1,1,1,1,5,1,1,1,1,1
SF,IC2005,2020-04-02 09:31:21.900,4906.2000,4579,0,38293720.000,1,0,1,多换,S,4903.0000,4902.8000,4902.2000,4902.0000,4895.2000,4906.6000,4907.2000,4910.0000,4910.2000,4910.4000,1,1,1,1,5,1,1,1,1,2
SF,IC2005,2020-04-02 09:31:22.400,4906.2000,4579,0,38293720.000,0,-,-,-,-,4903.2000,4903.0000,4902.8000,4902.2000,4902.0000,4907.2000,4910.0000,4910.2000,4910.4000,4910.8000,1,1,2,1,1,1,1,1,2,1
SF,IC2005,2020-04-02 09:31:22.900,4906.2000,4579,0,38293720.000,0,-,-,-,-,4903.4000,4903.2000,4902.8000,4902.2000,4902.0000,4907.0000,4910.0000,4910.2000,4910.4000,4910.8000,3,1,2,1,1,1,1,1,2,1
SF,IC2005,2020-04-02 09:31:23.400,4906.2000,4579,0,38293720.000,0,-,-,-,-,4906.2000,4905.2000,4903.8000,4903.6000,4903.4000,4907.0000,4910.0000,4910.2000,4910.4000,4910.8000,1,1,2,1,4,1,1,1,2,1
SF,IC2005,2020-04-02 09:31:23.900,4907.0000,4577,-2,40256520.000,2,0,2,双平,S,4906.2000,4903.8000,4903.6000,4903.4000,4903.2000,4910.0000,4910.2000,4910.4000,4912.2000,4912.6000,1,2,1,4,1,1,1,2,1,6
SF,IC2005,2020-04-02 09:31:24.400,4907.0000,4577,0,40256520.000,0,-,-,-,-,4906.4000,4906.2000,4903.8000,4903.6000,4903.4000,4909.6000,4909.8000,4910.0000,4910.2000,4910.4000,2,1,2,1,3,1,2,1,1,2
SF,IC2005,2020-04-02 09:31:24.900,4907.0000,4577,0,40256520.000,0,-,-,-,-,4906.4000,4906.2000,4903.8000,4903.4000,4902.8000,4909.4000,4909.6000,4910.0000,4910.2000,4912.2000,1,1,2,3,1,1,1,1,1,1
SF,IC2005,2020-04-02 09:31:25.400,4907.0000,4577,0,40256520.000,0,-,-,-,-,4906.4000,4906.2000,4903.8000,4903.4000,4902.8000,4909.4000,4909.6000,4910.0000,4910.2000,4912.2000,1,1,2,3,1,1,1,1,1,1
SF,IC2005,2020-04-02 09:31:25.900,4907.0000,4577,0,40256520.000,0,-,-,-,-,4906.4000,4906.2000,4903.8000,4903.4000,4902.8000,4909.2000,4909.4000,4912.2000,4912.6000,4912.8000,1,1,2,3,1,1,1,1,6,1
SF,IC2005,2020-04-02 09:31:26.400,4907.0000,4577,0,40256520.000,0,-,-,-,-,4906.4000,4906.2000,4903.8000,4903.4000,4902.8000,4909.0000,4909.2000,4912.2000,4912.6000,4912.8000,1,1,2,3,1,1,1,1,6,1
SF,IC2005,2020-04-02 09:31:26.900,4907.0000,4577,0,40256520.000,0,-,-,-,-,4906.6000,4906.4000,4906.2000,4903.8000,4903.4000,4909.2000,4912.2000,4912.6000,4912.8000,4913.4000,1,1,1,2,2,1,1,6,1,1
SF,IC2005,2020-04-02 09:31:27.400,4907.0000,4577,0,40256520.000,0,-,-,-,-,4906.8000,4906.6000,4906.2000,4903.8000,4903.4000,4909.0000,4909.2000,4912.2000,4912.6000,4912.8000,1,1,1,2,2,1,1,1,6,1
SF,IC2005,2020-04-02 09:31:27.900,4907.0000,4577,0,40256520.000,0,-,-,-,-,4906.8000,4906.6000,4906.2000,4903.8000,4903.4000,4909.0000,4912.2000,4912.6000,4912.8000,4913.4000,1,1,1,2,2,1,1,6,1,1
SF,IC2005,2020-04-02 09:31:28.400,4909.0000,4576,-1,41238320.000,1,0,1,双平,S,4907.0000,4906.8000,4906.2000,4903.8000,4903.4000,4912.2000,4912.6000,4912.8000,4913.4000,4914.0000,1,1,1,2,2,1,6,1,1,1
SF,IC2005,2020-04-02 09:31:28.900,4909.0000,4576,0,41238320.000,0,-,-,-,-,4907.2000,4907.0000,4906.2000,4903.8000,4903.4000,4911.6000,4911.8000,4912.0000,4912.2000,4912.6000,2,1,1,2,2,1,2,3,1,6
SF,IC2005,2020-04-02 09:31:29.400,4909.0000,4576,0,41238320.000,0,-,-,-,-,4907.2000,4907.0000,4906.2000,4903.8000,4903.4000,4911.2000,4911.4000,4911.6000,4911.8000,4912.0000,2,1,1,2,2,2,2,1,2,1
SF,IC2005,2020-04-02 09:31:29.900,4909.0000,4576,0,41238320.000,0,-,-,-,-,4907.2000,4906.2000,4903.8000,4903.4000,4902.8000,4911.0000,4911.2000,4911.4000,4911.6000,4911.8000,2,1,2,2,1,3,2,1,1,2
SF,IC2005,2020-04-02 09:31:30.400,4909.0000,4576,0,41238320.000,0,-,-,-,-,4907.2000,4906.2000,4903.8000,4903.4000,4902.8000,4911.0000,4911.2000,4911.4000,4911.6000,4911.8000,2,1,2,2,1,3,2,1,1,2
SF,IC2005,2020-04-02 09:31:30.900,4907.4000,4577,1,42219800.000,1,1,0,双开,S,4907.2000,4906.2000,4903.8000,4903.4000,4902.8000,4910.8000,4911.0000,4911.2000,4911.6000,4911.8000,2,1,2,2,1,1,3,1,1,2
SF,IC2005,2020-04-02 09:31:31.400,4907.4000,4577,0,42219800.000,0,-,-,-,-,4907.2000,4906.2000,4903.8000,4903.4000,4902.2000,4910.6000,4910.8000,4911.0000,4911.2000,4911.8000,2,1,2,2,1,1,1,2,1,1
SF,IC2005,2020-04-02 09:31:31.900,4907.4000,4577,0,42219800.000,0,-,-,-,-,4907.4000,4907.2000,4906.2000,4903.8000,4903.4000,4910.6000,4911.0000,4911.8000,4912.2000,4912.6000,1,1,1,2,2,1,1,1,1,1
SF,IC2005,2020-04-02 09:31:32.400,4907.4000,4577,0,42219800.000,0,-,-,-,-,4907.6000,4907.4000,4906.2000,4903.8000,4903.4000,4910.6000,4911.0000,4911.8000,4912.2000,4912.6000,1,1,1,2,2,1,1,1,1,1
SF,IC2005,2020-04-02 09:31:32.900,4907.4000,4577,0,42219800.000,0,-,-,-,-,4907.6000,4907.4000,4906.2000,4903.8000,4903.4000,4910.4000,4910.6000,4911.8000,4912.2000,4912.6000,1,1,1,2,2,1,1,1,1,1
SF,IC2005,2020-04-02 09:31:33.400,4907.4000,4577,0,42219800.000,0,-,-,-,-,4907.6000,4907.4000,4906.2000,4903.8000,4903.4000,4910.2000,4910.4000,4911.8000,4912.2000,4912.6000,1,1,1,2,2,1,1,1,1,1
SF,IC2005,2020-04-02 09:31:33.900,4907.4000,4577,0,42219800.000,0,-,-,-,-,4907.6000,4907.4000,4906.2000,4903.8000,4903.4000,4910.2000,4911.8000,4912.2000,4912.6000,4912.8000,1,1,1,2,2,1,1,1,1,1
SF,IC2005,2020-04-02 09:31:34.900,4910.2000,4576,-1,43201840.000,1,0,1,双平,S,4907.6000,4907.4000,4906.2000,4903.8000,4903.4000,4911.8000,4912.2000,4912.6000,4912.8000,4913.4000,1,1,1,2,2,1,1,1,1,1
SF,IC2005,2020-04-02 09:31:35.400,4910.2000,4576,0,43201840.000,0,-,-,-,-,4907.8000,4907.6000,4907.4000,4906.2000,4903.8000,4911.6000,4911.8000,4912.2000,4912.6000,4912.8000,2,1,1,1,2,2,1,1,1,1
SF,IC2005,2020-04-02 09:31:35.900,4910.2000,4576,0,43201840.000,0,-,-,-,-,4908.0000,4907.8000,4907.4000,4906.2000,4903.8000,4911.2000,4911.6000,4911.8000,4912.2000,4912.6000,1,2,1,1,2,1,2,1,1,1
SF,IC2005,2020-04-02 09:31:36.400,4910.2000,4576,0,43201840.000,0,-,-,-,-,4908.0000,4907.8000,4907.4000,4906.2000,4903.8000,4910.8000,4911.0000,4911.2000,4911.6000,4911.8000,1,1,1,1,2,1,1,1,1,1
SF,IC2005,2020-04-02 09:31:36.900,4910.2000,4576,0,43201840.000,0,-,-,-,-,4908.0000,4907.4000,4906.2000,4903.8000,4903.4000,4910.6000,4910.8000,4911.2000,4911.6000,4911.8000,1,1,1,2,2,1,1,1,1,1
SF,IC2005,2020-04-02 09:31:37.400,4910.2000,4576,0,43201840.000,0,-,-,-,-,4908.0000,4907.4000,4906.2000,4903.8000,4903.4000,4910.6000,4910.8000,4911.2000,4911.6000,4911.8000,1,1,1,2,2,1,1,1,1,1
SF,IC2005,2020-04-02 09:31:37.900,4910.2000,4576,0,43201840.000,0,-,-,-,-,4908.2000,4908.0000,4907.4000,4906.2000,4903.8000,4910.6000,4910.8000,4911.2000,4911.6000,4911.8000,1,1,1,1,2,1,1,1,1,1
SF,IC2005,2020-04-02 09:31:38.400,4910.2000,4576,0,43201840.000,0,-,-,-,-,4908.4000,4908.2000,4907.4000,4906.2000,4903.8000,4911.6000,4911.8000,4912.2000,4912.6000,4912.8000,1,1,1,1,2,1,1,1,1,1
SF,IC2005,2020-04-02 09:31:38.900,4910.2000,4576,0,43201840.000,0,-,-,-,-,4908.4000,4908.2000,4907.4000,4906.2000,4903.8000,4911.4000,4911.6000,4911.8000,4912.2000,4912.6000,1,1,1,1,2,1,1,1,1,1
SF,IC2005,2020-04-02 09:31:40.400,4910.2000,4576,0,43201840.000,0,-,-,-,-,4908.4000,4908.2000,4907.4000,4906.2000,4903.8000,4911.4000,4911.6000,4911.8000,4912.2000,4912.6000,1,1,1,1,2,1,1,1,1,1
SF,IC2005,2020-04-02 09:31:40.900,4910.2000,4576,0,43201840.000,0,-,-,-,-,4908.6000,4908.4000,4907.4000,4906.2000,4903.8000,4911.4000,4911.6000,4911.8000,4912.2000,4912.6000,1,1,1,1,2,1,1,1,1,1
SF,IC2005,2020-04-02 09:31:41.400,4910.2000,4576,0,43201840.000,0,-,-,-,-,4908.8000,4908.6000,4907.4000,4906.2000,4903.8000,4911.4000,4911.8000,4912.2000,4912.6000,4912.8000,1,1,1,1,2,1,1,1,1,1
SF,IC2005,2020-04-02 09:31:41.900,4911.4000,4575,-1,44184120.000,1,0,1,双平,S,4909.0000,4908.8000,4907.4000,4906.2000,4903.8000,4911.8000,4912.2000,4912.6000,4912.8000,4913.4000,1,1,1,1,2,1,1,1,1,1
SF,IC2005,2020-04-02 09:31:42.400,4911.4000,4575,0,44184120.000,0,-,-,-,-,4909.6000,4909.2000,4909.0000,4907.4000,4906.2000,4911.6000,4912.8000,4913.4000,4917.8000,4918.0000,1,1,1,1,1,1,1,1,1,2
SF,IC2005,2020-04-02 09:31:42.900,4911.4000,4575,0,44184120.000,0,-,-,-,-,4909.8000,4909.6000,4909.0000,4907.4000,4906.2000,4911.6000,4912.8000,4913.4000,4917.8000,4918.0000,1,1,1,1,1,1,1,1,1,2
SF,IC2005,2020-04-02 09:31:43.400,4911.4000,4575,0,44184120.000,0,-,-,-,-,4909.8000,4909.6000,4909.0000,4907.4000,4906.2000,4912.8000,4913.4000,4917.8000,4918.0000,4918.4000,1,1,1,1,1,1,1,1,2,5
SF,IC2005,2020-04-02 09:31:43.900,4911.4000,4575,0,44184120.000,0,-,-,-,-,4909.8000,4909.6000,4909.0000,4907.4000,4906.2000,4912.6000,4913.4000,4917.8000,4918.0000,4918.4000,1,1,1,1,1,1,1,1,2,5
SF,IC2005,2020-04-02 09:31:44.400,4911.4000,4575,0,44184120.000,0,-,-,-,-,4910.0000,4909.6000,4907.4000,4906.2000,4903.8000,4912.6000,4913.4000,4917.8000,4918.0000,4918.4000,1,1,1,1,2,1,1,1,2,5
SF,IC2005,2020-04-02 09:31:44.900,4911.4000,4575,0,44184120.000,0,-,-,-,-,4910.2000,4910.0000,4907.4000,4906.2000,4903.8000,4912.4000,4912.6000,4913.4000,4917.8000,4918.0000,1,1,1,1,1,1,1,1,1,2
SF,IC2005,2020-04-02 09:31:45.400,4911.4000,4575,0,44184120.000,0,-,-,-,-,4910.0000,4907.4000,4906.2000,4903.8000,4903.4000,4912.0000,4912.2000,4912.4000,4913.4000,4917.8000,1,1,1,1,2,1,1,1,1,1
SF,IC2005,2020-04-02 09:31:45.900,4911.4000,4575,0,44184120.000,0,-,-,-,-,4910.0000,4907.4000,4906.2000,4903.8000,4903.4000,4911.8000,4912.0000,4913.4000,4917.8000,4918.0000,1,1,1,1,2,2,1,1,1,2
SF,IC2005,2020-04-02 09:31:46.400,4911.8000,4574,-1,45166480.000,1,0,1,双平,S,4910.0000,4907.4000,4906.2000,4903.8000,4903.4000,4911.8000,4912.0000,4913.4000,4917.8000,4918.0000,1,1,1,1,2,1,1,1,1,2
SF,IC2005,2020-04-02 09:31:46.900,4912.0000,4573,-1,47131240.000,2,0,2,多平,S,4912.2000,4911.4000,4910.2000,4910.0000,4907.4000,4913.4000,4917.8000,4918.0000,4918.4000,4924.2000,1,1,1,1,1,1,1,2,5,1
SF,IC2005,2020-04-02 09:31:47.400,4912.4000,4569,-4,52043920.000,5,0,5,多平,S,4911.4000,4910.2000,4910.0000,4907.4000,4906.2000,4917.8000,4918.0000,4918.4000,4924.2000,4937.6000,1,1,1,1,1,1,2,5,1,1
SF,IC2005,2020-04-02 09:31:47.900,4912.4000,4569,0,52043920.000,0,-,-,-,-,4911.6000,4911.4000,4910.0000,4907.4000,4906.2000,4914.2000,4914.4000,4915.6000,4916.4000,4917.0000,1,1,1,1,1,1,2,1,1,2
SF,IC2005,2020-04-02 09:31:48.400,4912.4000,4569,0,52043920.000,0,-,-,-,-,4911.6000,4911.4000,4910.0000,4907.4000,4906.2000,4913.8000,4914.0000,4914.2000,4914.4000,4915.6000,1,1,1,1,1,1,1,1,2,1
SF,IC2005,2020-04-02 09:31:48.900,4912.4000,4569,0,52043920.000,0,-,-,-,-,4911.6000,4911.4000,4910.0000,4907.4000,4906.2000,4913.6000,4913.8000,4914.2000,4914.4000,4915.6000,1,1,1,1,1,1,1,1,2,1
SF,IC2005,2020-04-02 09:31:49.400,4912.4000,4569,0,52043920.000,0,-,-,-,-,4911.4000,4910.0000,4907.4000,4906.2000,4903.8000,4913.6000,4913.8000,4914.2000,4914.4000,4915.6000,1,1,1,1,1,2,1,1,2,1
SF,IC2005,2020-04-02 09:31:49.900,4913.6000,4568,-1,53026640.000,1,0,1,双平,S,4911.6000,4911.4000,4910.0000,4907.4000,4906.2000,4913.6000,4913.8000,4914.2000,4914.4000,4915.6000,1,1,1,1,1,1,1,1,2,1
SF,IC2005,2020-04-02 09:31:50.400,4913.6000,4568,0,53026640.000,0,-,-,-,-,4911.6000,4911.4000,4910.0000,4907.4000,4906.2000,4913.6000,4913.8000,4914.2000,4914.4000,4915.6000,1,1,1,1,1,1,1,1,1,1
SF,IC2005,2020-04-02 09:31:50.900,4913.6000,4568,0,53026640.000,0,-,-,-,-,4911.6000,4911.4000,4910.0000,4907.4000,4906.2000,4913.8000,4914.2000,4914.4000,4915.6000,4916.4000,1,1,1,1,1,1,1,1,1,1
SF,IC2005,2020-04-02 09:31:51.400,4913.6000,4568,0,53026640.000,0,-,-,-,-,4911.6000,4911.4000,4910.0000,4907.4000,4906.2000,4915.6000,4916.4000,4917.0000,4917.4000,4917.8000,1,1,1,1,1,1,1,2,1,2
SF,IC2005,2020-04-02 09:31:51.900,4913.6000,4568,0,53026640.000,0,-,-,-,-,4911.8000,4911.6000,4911.4000,4910.0000,4907.4000,4915.4000,4915.6000,4916.4000,4917.0000,4917.4000,1,1,1,1,1,3,1,1,2,1
SF,IC2005,2020-04-02 09:31:52.400,4913.6000,4568,0,53026640.000,0,-,-,-,-,4912.0000,4911.8000,4911.4000,4910.0000,4907.4000,4915.0000,4915.4000,4916.4000,4917.0000,4917.4000,1,1,1,1,1,1,3,1,2,1
SF,IC2005,2020-04-02 09:31:52.900,4912.0000,4568,0,54009040.000,1,0,1,多换,S,4911.4000,4910.0000,4907.4000,4906.2000,4903.8000,4914.8000,4915.0000,4915.2000,4915.4000,4916.4000,1,1,1,1,1,3,1,2,1,1
SF,IC2005,2020-04-02 09:31:53.400,4912.0000,4568,0,54009040.000,0,-,-,-,-,4911.6000,4911.4000,4910.0000,4907.4000,4906.2000,4914.4000,4914.8000,4915.0000,4915.2000,4915.4000,1,1,1,1,1,2,2,1,1,1
SF,IC2005,2020-04-02 09:31:53.900,4912.0000,4568,0,54009040.000,0,-,-,-,-,4911.4000,4910.0000,4907.4000,4906.2000,4903.8000,4914.2000,4914.4000,4914.6000,4915.0000,4915.4000,1,1,1,1,1,2,2,1,1,1
SF,IC2005,2020-04-02 09:31:54.400,4911.4000,4567,-1,54991320.000,1,0,1,双平,S,4910.0000,4907.4000,4906.2000,4903.8000,4903.4000,4913.8000,4914.2000,4914.4000,4914.6000,4915.0000,1,1,1,1,2,2,2,2,1,1
SF,IC2005,2020-04-02 09:31:54.900,4911.4000,4567,0,54991320.000,0,-,-,-,-,4910.0000,4907.4000,4906.2000,4903.8000,4903.4000,4913.6000,4913.8000,4914.4000,4914.6000,4915.0000,1,1,1,1,2,4,2,2,1,1
SF,IC2005,2020-04-02 09:31:55.400,4913.2000,4566,-1,55973960.000,1,0,1,双平,S,4910.2000,4907.4000,4906.2000,4903.8000,4903.4000,4913.4000,4913.6000,4913.8000,4914.4000,4914.6000,1,1,1,1,2,1,3,2,2,1
SF,IC2005,2020-04-02 09:31:55.900,4913.2000,4566,0,55973960.000,0,-,-,-,-,4910.2000,4907.4000,4906.2000,4903.8000,4903.4000,4913.2000,4913.4000,4913.8000,4914.4000,4915.0000,1,1,1,1,2,2,1,2,2,1
SF,IC2005,2020-04-02 09:31:56.400,4913.2000,4566,0,55973960.000,0,-,-,-,-,4910.2000,4907.4000,4906.2000,4903.8000,4903.4000,4912.6000,4912.8000,4913.0000,4913.2000,4913.8000,1,1,1,1,2,1,2,1,2,2
SF,IC2005,2020-04-02 09:31:56.900,4913.2000,4566,0,55973960.000,0,-,-,-,-,4910.2000,4907.4000,4906.2000,4903.8000,4903.4000,4912.4000,4912.8000,4913.0000,4913.2000,4913.8000,1,1,1,1,2,1,1,1,1,2
SF,IC2005,2020-04-02 09:31:57.900,4913.2000,4566,0,55973960.000,0,-,-,-,-,4910.2000,4907.4000,4906.2000,4903.8000,4903.4000,4912.4000,4913.0000,4913.2000,4913.8000,4914.4000,1,1,1,1,2,1,1,1,1,1
SF,IC2005,2020-04-02 09:31:58.400,4913.2000,4566,0,55973960.000,0,-,-,-,-,4910.2000,4907.4000,4906.2000,4903.8000,4903.4000,4913.0000,4913.2000,4913.8000,4914.4000,4916.4000,1,1,1,1,2,1,1,1,1,1
SF,IC2005,2020-04-02 09:31:58.900,4913.2000,4566,0,55973960.000,0,-,-,-,-,4910.2000,4907.4000,4906.2000,4903.8000,4903.4000,4912.8000,4913.2000,4913.8000,4914.4000,4916.4000,1,1,1,1,2,1,1,1,1,1
SF,IC2005,2020-04-02 09:31:59.400,4913.2000,4566,0,55973960.000,0,-,-,-,-,4910.6000,4910.4000,4910.2000,4907.4000,4906.2000,4913.2000,4913.8000,4914.4000,4916.4000,4917.0000,1,1,1,1,1,1,1,1,1,1
SF,IC2005,2020-04-02 09:31:59.900,4913.2000,4566,0,55973960.000,0,-,-,-,-,4910.8000,4910.6000,4907.4000,4906.2000,4903.8000,4916.4000,4917.0000,4917.8000,4918.0000,4918.4000,1,1,1,1,1,1,1,2,2,5
SF,IC2005,2020-04-02 09:32:00.400,4913.2000,4566,0,55973960.000,0,-,-,-,-,4911.0000,4910.8000,4910.6000,4906.2000,4903.8000,4914.8000,4915.0000,4915.8000,4916.0000,4916.2000,1,1,1,1,1,1,1,1,2,3
SF,IC2005,2020-04-02 09:32:00.900,4913.2000,4566,0,55973960.000,0,-,-,-,-,4911.2000,4911.0000,4910.6000,4906.2000,4903.8000,4914.4000,4914.6000,4914.8000,4915.0000,4915.8000,1,2,1,1,1,1,2,1,1,1
SF,IC2005,2020-04-02 09:32:01.400,4913.2000,4566,0,55973960.000,0,-,-,-,-,4911.4000,4911.2000,4911.0000,4910.6000,4906.2000,4914.2000,4914.4000,4914.8000,4915.0000,4915.8000,1,1,1,1,1,1,1,1,1,1
SF,IC2005,2020-04-02 09:32:01.900,4911.2000,4565,-1,57938480.000,2,0,2,多平,S,4911.6000,4910.6000,4906.2000,4903.8000,4903.4000,4914.0000,4914.2000,4914.4000,4914.8000,4915.0000,1,1,1,1,2,1,1,1,1,1
SF,IC2005,2020-04-02 09:32:02.400,4911.4000,4564,-1,58920760.000,1,0,1,双平,S,4910.6000,4906.2000,4903.8000,4903.4000,4902.2000,4913.6000,4913.8000,4914.0000,4914.4000,4914.8000,1,1,1,2,1,2,3,2,1,1
SF,IC2005,2020-04-02 09:32:02.900,4911.4000,4564,0,58920760.000,0,-,-,-,-,4906.2000,4903.8000,4903.4000,4902.2000,4895.2000,4913.4000,4913.6000,4913.8000,4914.0000,4914.4000,1,1,2,1,5,2,2,2,1,1
SF,IC2005,2020-04-02 09:32:03.400,4911.4000,4564,0,58920760.000,0,-,-,-,-,4908.6000,4908.2000,4907.4000,4906.8000,4906.4000,4913.0000,4913.2000,4913.4000,4913.6000,4913.8000,1,1,1,2,6,1,1,2,2,1
SF,IC2005,2020-04-02 09:32:03.900,4911.4000,4564,0,58920760.000,0,-,-,-,-,4908.8000,4908.6000,4908.2000,4907.4000,4906.8000,4912.8000,4913.0000,4913.2000,4913.4000,4913.6000,1,1,1,1,3,1,1,1,1,2
SF,IC2005,2020-04-02 09:32:04.400,4911.4000,4564,0,58920760.000,0,-,-,-,-,4909.0000,4908.8000,4908.6000,4908.2000,4907.4000,4912.4000,4912.8000,4913.0000,4913.2000,4913.6000,1,2,1,1,1,1,2,1,1,2
SF,IC2005,2020-04-02 09:32:04.900,4911.4000,4564,0,58920760.000,0,-,-,-,-,4909.2000,4909.0000,4908.8000,4908.6000,4908.2000,4912.2000,4912.8000,4913.2000,4913.6000,4913.8000,1,1,1,1,1,1,1,1,2,1
SF,IC2005,2020-04-02 09:32:05.400,4911.4000,4564,0,58920760.000,0,-,-,-,-,4909.4000,4909.2000,4908.8000,4908.6000,4908.2000,4912.8000,4913.2000,4913.6000,4913.8000,4914.8000,1,1,1,1,1,1,1,2,1,1
SF,IC2005,2020-04-02 09:32:05.900,4911.4000,4564,0,58920760.000,0,-,-,-,-,4909.6000,4909.4000,4908.8000,4908.6000,4908.2000,4912.6000,4913.6000,4913.8000,4914.8000,4915.0000,1,1,1,1,1,1,2,1,1,1
SF,IC2005,2020-04-02 09:32:06.400,4912.6000,4563,-1,59903280.000,1,0,1,双平,S,4909.6000,4909.4000,4908.8000,4908.6000,4908.2000,4913.6000,4913.8000,4914.8000,4915.0000,4916.0000,1,1,1,1,1,2,1,1,1,1
SF,IC2005,2020-04-02 09:32:06.900,4912.6000,4563,0,59903280.000,0,-,-,-,-,4909.8000,4909.6000,4909.4000,4908.8000,4908.6000,4913.4000,4913.6000,4913.8000,4914.8000,4915.0000,1,1,1,1,1,1,2,1,1,1
SF,IC2005,2020-04-02 09:32:07.400,4912.6000,4563,0,59903280.000,0,-,-,-,-,4910.0000,4909.8000,4909.6000,4908.8000,4908.2000,4913.8000,4916.0000,4916.4000,4917.0000,4917.8000,2,2,1,1,1,1,1,2,1,1
SF,IC2005,2020-04-02 09:32:07.900,4912.6000,4563,0,59903280.000,0,-,-,-,-,4910.2000,4910.0000,4909.8000,4909.6000,4908.8000,4916.0000,4916.4000,4917.0000,4917.8000,4918.0000,3,2,1,1,1,1,2,1,1,2
SF,IC2005,2020-04-02 09:32:08.400,4912.6000,4563,0,59903280.000,0,-,-,-,-,4910.4000,4910.2000,4910.0000,4909.8000,4909.6000,4915.8000,4916.0000,4916.4000,4917.0000,4917.8000,1,4,1,1,1,2,2,2,1,1
SF,IC2005,2020-04-02 09:32:08.900,4912.6000,4563,0,59903280.000,0,-,-,-,-,4911.0000,4910.6000,4910.4000,4910.2000,4910.0000,4915.4000,4915.8000,4916.0000,4916.4000,4917.0000,1,1,1,2,1,1,2,1,2,1
SF,IC2005,2020-04-02 09:32:09.400,4912.6000,4563,0,59903280.000,0,-,-,-,-,4911.2000,4911.0000,4910.6000,4910.2000,4909.6000,4915.2000,4915.4000,4916.0000,4916.4000,4917.0000,2,1,1,2,1,2,1,1,2,1
SF,IC2005,2020-04-02 09:32:09.900,4915.2000,4563,0,60886320.000,1,0,1,多换,S,4911.2000,4911.0000,4910.6000,4910.2000,4909.6000,4915.2000,4915.4000,4916.0000,4916.4000,4917.0000,2,1,1,2,1,1,1,1,2,1
SF,IC2005,2020-04-02 09:32:10.400,4915.2000,4563,0,60886320.000,0,-,-,-,-,4911.6000,4911.4000,4911.2000,4910.6000,4910.2000,4915.0000,4915.2000,4915.4000,4916.0000,4917.0000,1,1,2,1,1,2,1,1,1,1
SF,IC2005,2020-04-02 09:32:10.900,4915.2000,4563,0,60886320.000,0,-,-,-,-,4911.8000,4911.6000,4911.4000,4910.6000,4910.2000,4915.0000,4915.4000,4916.0000,4917.0000,4917.8000,2,1,1,1,1,1,1,1,1,1
SF,IC2005,2020-04-02 09:32:11.400,4915.2000,4563,0,60886320.000,0,-,-,-,-,4912.0000,4911.8000,4911.4000,4910.6000,4910.2000,4916.0000,4917.0000,4917.8000,4918.0000,4918.4000,1,2,1,1,1,1,1,1,2,5
SF,IC2005,2020-04-02 09:32:11.900,4915.2000,4563,0,60886320.000,0,-,-,-,-,4912.2000,4912.0000,4911.8000,4910.6000,4910.2000,4915.8000,4916.0000,4917.8000,4918.0000,4924.2000,2,1,1,1,1,1,1,1,2,5
SF,IC2005,2020-04-02 09:32:12.400,4915.2000,4563,0,60886320.000,0,-,-,-,-,4912.4000,4912.2000,4912.0000,4910.6000,4910.2000,4915.8000,4916.0000,4917.8000,4918.0000,4924.2000,1,2,1,1,1,1,1,1,2,5
SF,IC2005,2020-04-02 09:32:12.900,4915.2000,4563,0,60886320.000,0,-,-,-,-,4912.6000,4912.4000,4912.2000,4912.0000,4909.6000,4916.0000,4917.8000,4918.0000,4924.2000,4937.6000,1,3,1,1,1,1,1,2,5,1
SF,IC2005,2020-04-02 09:32:13.400,4915.2000,4563,0,60886320.000,0,-,-,-,-,4912.8000,4912.6000,4912.4000,4912.2000,4912.0000,4915.8000,4917.8000,4918.0000,4924.2000,4937.6000,1,1,2,1,1,1,1,2,5,1
SF,IC2005,2020-04-02 09:32:13.900,4915.2000,4563,0,60886320.000,0,-,-,-,-,4913.4000,4913.0000,4912.8000,4912.4000,4912.2000,4917.8000,4918.0000,4924.2000,4937.6000,4951.0000,1,1,1,2,1,1,2,5,1,1
SF,IC2005,2020-04-02 09:32:14.400,4915.2000,4563,0,60886320.000,0,-,-,-,-,4913.6000,4912.8000,4912.4000,4912.0000,4908.8000,4917.6000,4917.8000,4918.0000,4924.2000,4937.6000,2,1,2,1,1,1,1,2,5,1
SF,IC2005,2020-04-02 09:32:14.900,4915.2000,4563,0,60886320.000,0,-,-,-,-,4913.6000,4912.8000,4912.4000,4912.0000,4908.8000,4917.2000,4917.6000,4917.8000,4918.0000,4924.2000,2,1,2,1,1,1,2,1,2,5
SF,IC2005,2020-04-02 09:32:15.400,4915.2000,4563,0,60886320.000,0,-,-,-,-,4913.8000,4913.6000,4912.4000,4908.8000,4907.4000,4917.0000,4917.2000,4917.6000,4917.8000,4918.0000,1,2,2,1,1,1,1,1,1,2
SF,IC2005,2020-04-02 09:32:15.900,4917.0000,4562,-1,61869720.000,1,0,1,双平,S,4914.0000,4912.4000,4908.8000,4907.4000,4906.8000,4917.2000,4917.6000,4917.8000,4918.0000,4924.2000,1,2,1,1,7,1,1,1,2,5
SF,IC2005,2020-04-02 09:32:16.400,4917.0000,4562,0,61869720.000,0,-,-,-,-,4914.0000,4912.4000,4908.8000,4907.4000,4906.8000,4917.0000,4917.2000,4917.6000,4917.8000,4918.0000,1,2,1,1,7,1,1,1,1,2
SF,IC2005,2020-04-02 09:32:16.900,4917.0000,4562,0,61869720.000,0,-,-,-,-,4914.0000,4912.4000,4908.8000,4907.4000,4906.8000,4915.0000,4917.0000,4917.2000,4917.8000,4918.0000,1,2,1,1,7,1,2,1,1,2
SF,IC2005,2020-04-02 09:32:17.900,4915.2000,4561,-1,62852760.000,1,0,1,双平,S,4914.2000,4914.0000,4912.4000,4908.8000,4907.4000,4917.0000,4917.2000,4917.8000,4918.0000,4924.2000,1,1,2,1,1,2,1,1,2,5
SF,IC2005,2020-04-02 09:32:18.400,4915.2000,4561,0,62852760.000,0,-,-,-,-,4914.4000,4914.2000,4912.4000,4908.8000,4907.4000,4917.2000,4917.8000,4918.0000,4924.2000,4937.6000,1,1,2,1,1,1,1,2,5,1
SF,IC2005,2020-04-02 09:32:18.900,4915.2000,4561,0,62852760.000,0,-,-,-,-,4914.6000,4914.4000,4912.4000,4908.8000,4907.4000,4917.2000,4917.8000,4918.0000,4924.2000,4937.6000,1,1,2,1,1,1,1,2,5,1
SF,IC2005,2020-04-02 09:32:19.400,4915.2000,4561,0,62852760.000,0,-,-,-,-,4914.8000,4914.6000,4912.4000,4908.8000,4907.4000,4917.8000,4918.0000,4924.2000,4937.6000,4944.0000,1,1,2,1,1,1,2,5,1,1
SF,IC2005,2020-04-02 09:32:19.900,4915.2000,4561,0,62852760.000,0,-,-,-,-,4915.0000,4914.8000,4912.4000,4908.8000,4907.4000,4917.8000,4918.0000,4924.2000,4937.6000,4944.0000,1,1,2,1,1,1,2,5,1,1
SF,IC2005,2020-04-02 09:32:20.400,4915.2000,4561,0,62852760.000,0,-,-,-,-,4915.2000,4915.0000,4912.4000,4908.8000,4907.4000,4917.8000,4918.0000,4924.2000,4937.6000,4944.0000,1,1,2,1,1,1,2,5,1,1
SF,IC2005,2020-04-02 09:32:20.900,4915.2000,4561,0,62852760.000,0,-,-,-,-,4915.2000,4915.0000,4912.4000,4908.8000,4907.4000,4917.6000,4917.8000,4918.0000,4924.2000,4937.6000,1,1,2,1,1,1,1,2,5,1
SF,IC2005,2020-04-02 09:32:21.400,4915.2000,4561,0,62852760.000,0,-,-,-,-,4915.4000,4915.2000,4912.4000,4908.8000,4907.4000,4917.8000,4918.0000,4924.2000,4937.6000,4944.0000,1,1,2,1,1,1,2,5,1,1
SF,IC2005,2020-04-02 09:32:21.900,4915.2000,4561,0,62852760.000,0,-,-,-,-,4915.6000,4915.4000,4912.4000,4908.8000,4907.4000,4918.0000,4924.2000,4937.6000,4944.0000,4951.0000,1,1,2,1,1,2,5,1,1,1
SF,IC2005,2020-04-02 09:32:22.400,4918.0000,4560,-1,63836360.000,1,0,1,双平,S,4915.4000,4912.4000,4908.8000,4907.4000,4906.8000,4918.0000,4924.2000,4937.6000,4944.0000,4951.0000,1,2,1,1,7,1,5,1,1,1
SF,IC2005,2020-04-02 09:32:22.900,4918.0000,4560,0,63836360.000,0,-,-,-,-,4915.6000,4915.4000,4912.4000,4908.8000,4907.4000,4918.0000,4924.2000,4937.6000,4944.0000,4951.0000,1,1,2,1,1,1,5,1,1,1
SF,IC2005,2020-04-02 09:32:23.400,4918.0000,4560,0,63836360.000,0,-,-,-,-,4915.6000,4915.4000,4912.4000,4908.8000,4907.4000,4918.0000,4924.2000,4937.6000,4944.0000,4951.0000,1,1,2,1,1,1,5,1,1,1
SF,IC2005,2020-04-02 09:32:23.900,4918.0000,4560,0,63836360.000,0,-,-,-,-,4915.8000,4915.6000,4912.4000,4908.8000,4907.4000,4918.0000,4924.2000,4937.6000,4944.0000,4951.0000,1,1,2,1,1,1,5,1,1,1
SF,IC2005,2020-04-02 09:32:24.400,4918.0000,4560,0,63836360.000,0,-,-,-,-,4916.0000,4915.8000,4912.4000,4908.8000,4907.4000,4918.0000,4924.2000,4937.6000,4944.0000,4951.0000,1,1,2,1,1,1,5,1,1,1
SF,IC2005,2020-04-02 09:32:25.400,4918.0000,4560,0,63836360.000,0,-,-,-,-,4916.0000,4912.4000,4908.8000,4907.4000,4906.8000,4918.0000,4924.2000,4937.6000,4944.0000,4951.0000,1,2,1,1,7,1,5,1,1,1
SF,IC2005,2020-04-02 09:32:25.900,4918.0000,4560,0,63836360.000,0,-,-,-,-,4916.0000,4912.4000,4908.8000,4907.4000,4906.8000,4917.8000,4918.0000,4924.2000,4937.6000,4944.0000,1,2,1,1,7,1,1,5,1,1
SF,IC2005,2020-04-02 09:32:26.400,4916.0000,4559,-1,64819560.000,1,0,1,双平,S,4912.4000,4907.4000,4906.8000,4906.4000,4906.2000,4917.4000,4917.6000,4917.8000,4918.0000,4924.2000,2,1,7,3,2,1,1,1,1,5
SF,IC2005,2020-04-02 09:32:26.900,4916.0000,4559,0,64819560.000,0,-,-,-,-,4912.6000,4907.4000,4906.8000,4906.4000,4906.2000,4917.0000,4917.2000,4917.4000,4917.6000,4918.0000,1,1,7,3,2,1,3,1,2,1
SF,IC2005,2020-04-02 09:32:27.400,4916.0000,4559,0,64819560.000,0,-,-,-,-,4912.8000,4912.6000,4907.4000,4906.8000,4906.4000,4916.8000,4917.0000,4917.2000,4917.4000,4917.6000,1,1,1,7,3,2,1,1,1,2
SF,IC2005,2020-04-02 09:32:27.900,4916.0000,4559,0,64819560.000,0,-,-,-,-,4913.0000,4912.8000,4907.4000,4906.8000,4906.4000,4916.8000,4917.0000,4917.2000,4917.4000,4917.6000,1,1,1,7,3,2,2,1,1,2
SF,IC2005,2020-04-02 09:32:28.400,4916.0000,4559,0,64819560.000,0,-,-,-,-,4913.2000,4913.0000,4912.6000,4907.4000,4906.8000,4916.8000,4917.0000,4917.2000,4917.4000,4917.6000,4,2,1,1,7,1,2,1,1,1
SF,IC2005,2020-04-02 09:32:28.900,4916.0000,4559,0,64819560.000,0,-,-,-,-,4913.4000,4913.2000,4913.0000,4912.6000,4907.4000,4917.2000,4917.6000,4918.0000,4924.2000,4937.6000,1,4,1,1,1,1,1,1,5,1
SF,IC2005,2020-04-02 09:32:29.400,4916.0000,4559,0,64819560.000,0,-,-,-,-,4913.6000,4913.4000,4913.2000,4913.0000,4912.6000,4917.6000,4918.0000,4924.2000,4937.6000,4944.0000,3,2,1,1,1,1,1,5,1,1
SF,IC2005,2020-04-02 09:32:29.900,4916.0000,4559,0,64819560.000,0,-,-,-,-,4914.0000,4913.8000,4913.6000,4913.2000,4913.0000,4918.0000,4924.2000,4937.6000,4944.0000,4951.0000,1,2,3,1,1,1,5,1,1,1
SF,IC2005,2020-04-02 09:32:30.400,4918.0000,4558,-1,65803160.000,1,0,1,双平,S,4914.2000,4914.0000,4913.6000,4913.2000,4913.0000,4924.2000,4937.6000,4944.0000,4951.0000,4997.0000,4,1,1,1,1,5,1,1,1,1
SF,IC2005,2020-04-02 09:32:30.900,4918.0000,4558,0,65803160.000,0,-,-,-,-,4914.2000,4913.6000,4913.0000,4912.6000,4906.8000,4919.2000,4920.2000,4920.4000,4920.8000,4921.0000,4,1,1,1,6,1,1,1,1,2
SF,IC2005,2020-04-02 09:32:31.400,4918.0000,4558,0,65803160.000,0,-,-,-,-,4915.2000,4914.6000,4914.4000,4914.2000,4913.6000,4919.0000,4919.2000,4920.2000,4920.4000,4920.8000,1,1,3,4,1,1,1,1,1,1
SF,IC2005,2020-04-02 09:32:31.900,4918.0000,4558,0,65803160.000,0,-,-,-,-,4915.4000,4915.2000,4914.6000,4914.4000,4914.2000,4919.0000,4919.2000,4920.8000,4921.0000,4921.6000,2,1,1,2,2,1,1,1,1,1
SF,IC2005,2020-04-02 09:32:32.400,4918.0000,4558,0,65803160.000,0,-,-,-,-,4915.4000,4915.2000,4914.4000,4914.2000,4913.6000,4919.2000,4920.8000,4921.0000,4921.6000,4922.0000,2,1,2,2,1,1,1,1,1,1
SF,IC2005,2020-04-02 09:32:32.900,4918.0000,4558,0,65803160.000,0,-,-,-,-,4915.6000,4915.4000,4915.2000,4914.4000,4914.2000,4919.0000,4920.8000,4921.0000,4921.6000,4922.0000,1,2,1,2,1,1,1,1,1,1
SF,IC2005,2020-04-02 09:32:33.400,4918.0000,4558,0,65803160.000,0,-,-,-,-,4915.8000,4915.4000,4915.2000,4914.4000,4914.2000,4919.0000,4920.8000,4921.0000,4921.6000,4922.0000,1,1,1,2,1,1,1,1,1,1
SF,IC2005,2020-04-02 09:32:34.400,4918.0000,4558,0,65803160.000,0,-,-,-,-,4915.8000,4915.4000,4914.4000,4914.2000,4913.6000,4919.0000,4920.8000,4921.0000,4921.6000,4922.0000,1,1,2,1,1,1,1,1,1,1
SF,IC2005,2020-04-02 09:32:34.900,4918.0000,4558,0,65803160.000,0,-,-,-,-,4916.0000,4915.8000,4915.4000,4914.4000,4913.6000,4919.0000,4919.2000,4921.0000,4921.6000,4922.0000,1,2,1,2,1,1,1,1,1,1
SF,IC2005,2020-04-02 09:32:35.400,4918.0000,4558,0,65803160.000,0,-,-,-,-,4916.2000,4916.0000,4915.8000,4915.4000,4914.4000,4919.0000,4921.0000,4921.6000,4922.0000,4922.4000,1,1,1,1,2,1,1,1,1,2
SF,IC2005,2020-04-02 09:32:35.900,4918.0000,4558,0,65803160.000,0,-,-,-,-,4916.4000,4916.2000,4915.8000,4915.4000,4914.4000,4921.0000,4921.6000,4922.0000,4922.4000,4923.2000,1,1,1,1,2,1,1,1,2,1
SF,IC2005,2020-04-02 09:32:36.400,4918.0000,4558,0,65803160.000,0,-,-,-,-,4916.6000,4916.4000,4915.8000,4915.4000,4914.4000,4920.8000,4921.0000,4921.6000,4922.0000,4922.4000,2,1,1,1,2,2,1,1,1,2
SF,IC2005,2020-04-02 09:32:36.900,4918.0000,4558,0,65803160.000,0,-,-,-,-,4916.6000,4916.4000,4915.8000,4914.4000,4912.6000,4920.4000,4920.8000,4921.0000,4922.0000,4922.4000,4,1,1,2,1,1,1,1,1,2
SF,IC2005,2020-04-02 09:32:37.400,4918.0000,4558,0,65803160.000,0,-,-,-,-,4916.6000,4916.4000,4914.4000,4912.6000,4906.8000,4920.2000,4920.4000,4920.8000,4921.0000,4922.4000,3,1,2,1,6,3,2,1,1,2
SF,IC2005,2020-04-02 09:32:37.900,4918.0000,4558,0,65803160.000,0,-,-,-,-,4916.6000,4916.4000,4914.4000,4912.6000,4906.8000,4920.2000,4920.4000,4920.8000,4921.0000,4922.4000,3,1,2,1,6,2,2,1,1,2
SF,IC2005,2020-04-02 09:32:38.400,4918.0000,4558,0,65803160.000,0,-,-,-,-,4916.6000,4916.4000,4914.4000,4912.6000,4906.8000,4920.0000,4920.2000,4920.4000,4920.8000,4921.0000,2,1,2,1,6,1,2,2,1,1
SF,IC2005,2020-04-02 09:32:38.900,4918.0000,4558,0,65803160.000,0,-,-,-,-,4916.8000,4916.6000,4914.4000,4912.6000,4906.8000,4919.8000,4920.0000,4920.2000,4920.4000,4921.0000,1,1,2,1,6,1,1,1,2,1
SF,IC2005,2020-04-02 09:32:39.400,4918.0000,4558,0,65803160.000,0,-,-,-,-,4917.0000,4916.8000,4914.4000,4912.6000,4906.8000,4919.8000,4920.4000,4922.4000,4923.2000,4923.6000,1,2,2,1,6,1,2,2,1,1
SF,IC2005,2020-04-02 09:32:39.900,4918.0000,4558,0,65803160.000,0,-,-,-,-,4917.2000,4917.0000,4916.8000,4914.4000,4912.6000,4919.8000,4920.4000,4922.4000,4923.2000,4923.6000,1,1,1,2,1,1,2,2,1,1
SF,IC2005,2020-04-02 09:32:40.400,4918.0000,4558,0,65803160.000,0,-,-,-,-,4917.4000,4916.8000,4914.4000,4912.6000,4906.8000,4919.8000,4920.4000,4922.4000,4923.2000,4923.6000,1,1,2,1,6,1,2,2,1,1
SF,IC2005,2020-04-02 09:32:40.900,4918.0000,4558,0,65803160.000,0,-,-,-,-,4917.6000,4917.4000,4916.8000,4914.4000,4912.6000,4919.8000,4920.4000,4922.4000,4923.2000,4923.6000,2,1,1,2,1,1,2,2,1,1
SF,IC2005,2020-04-02 09:32:41.400,4918.0000,4558,0,65803160.000,0,-,-,-,-,4917.8000,4917.6000,4916.8000,4914.4000,4912.6000,4920.4000,4922.4000,4923.2000,4923.6000,4923.8000,1,2,1,2,1,1,2,1,1,1
SF,IC2005,2020-04-02 09:32:41.900,4918.0000,4558,0,65803160.000,0,-,-,-,-,4918.0000,4917.8000,4917.6000,4916.8000,4914.4000,4920.4000,4922.4000,4923.2000,4923.6000,4923.8000,1,1,1,1,2,1,2,1,1,1
SF,IC2005,2020-04-02 09:32:42.400,4918.0000,4558,0,65803160.000,0,-,-,-,-,4918.2000,4918.0000,4917.6000,4916.8000,4914.4000,4920.4000,4922.4000,4923.2000,4923.6000,4923.8000,1,1,1,1,2,1,2,1,1,1
SF,IC2005,2020-04-02 09:32:42.900,4918.0000,4558,0,65803160.000,0,-,-,-,-,4918.2000,4918.0000,4917.6000,4914.4000,4912.6000,4920.2000,4922.4000,4923.2000,4923.6000,4923.8000,1,1,1,2,1,1,1,1,1,1
SF,IC2005,2020-04-02 09:32:43.400,4918.0000,4558,0,65803160.000,0,-,-,-,-,4918.2000,4914.4000,4912.6000,4906.8000,4906.4000,4920.2000,4922.4000,4923.2000,4923.6000,4923.8000,1,2,1,6,3,1,1,1,1,1
SF,IC2005,2020-04-02 09:32:43.900,4918.0000,4558,0,65803160.000,0,-,-,-,-,4918.2000,4914.4000,4912.6000,4906.8000,4906.4000,4920.0000,4920.2000,4922.4000,4923.2000,4923.6000,1,2,1,6,3,1,1,1,1,1
SF,IC2005,2020-04-02 09:32:44.900,4918.0000,4558,0,65803160.000,0,-,-,-,-,4918.4000,4918.2000,4914.4000,4912.6000,4906.8000,4920.0000,4920.2000,4922.4000,4923.2000,4923.6000,1,1,2,1,6,1,1,1,1,1
SF,IC2005,2020-04-02 09:32:45.400,4918.0000,4558,0,65803160.000,0,-,-,-,-,4918.6000,4914.4000,4912.6000,4906.8000,4906.4000,4920.0000,4922.4000,4923.2000,4923.6000,4923.8000,1,2,1,6,3,1,1,1,1,1
SF,IC2005,2020-04-02 09:32:46.400,4918.0000,4558,0,65803160.000,0,-,-,-,-,4918.6000,4914.4000,4912.6000,4906.8000,4906.4000,4922.4000,4923.2000,4923.6000,4923.8000,4924.0000,1,2,1,6,3,1,1,1,1,2
SF,IC2005,2020-04-02 09:32:46.900,4918.0000,4558,0,65803160.000,0,-,-,-,-,4918.8000,4918.6000,4914.4000,4912.6000,4906.8000,4922.2000,4922.4000,4923.2000,4923.6000,4923.8000,1,1,2,1,6,3,1,1,1,1
SF,IC2005,2020-04-02 09:32:47.400,4918.0000,4558,0,65803160.000,0,-,-,-,-,4919.0000,4914.4000,4912.6000,4906.8000,4906.4000,4921.8000,4922.2000,4922.4000,4923.2000,4923.6000,1,2,1,6,3,2,3,1,1,1
SF,IC2005,2020-04-02 09:32:47.900,4918.0000,4558,0,65803160.000,0,-,-,-,-,4919.2000,4919.0000,4914.4000,4912.6000,4906.8000,4921.6000,4922.2000,4922.4000,4923.6000,4923.8000,1,2,2,1,6,1,1,1,1,1
SF,IC2005,2020-04-02 09:32:48.400,4919.2000,4557,-1,66787000.000,1,0,1,双平,S,4919.0000,4914.4000,4912.6000,4906.8000,4906.4000,4921.2000,4921.4000,4921.6000,4922.4000,4923.6000,1,2,1,6,3,2,1,2,1,1
SF,IC2005,2020-04-02 09:32:48.900,4919.2000,4557,0,66787000.000,0,-,-,-,-,4919.4000,4919.2000,4919.0000,4914.4000,4912.6000,4921.0000,4922.4000,4924.0000,4924.2000,4930.0000,1,1,1,2,1,1,1,2,2,5
SF,IC2005,2020-04-02 09:32:49.400,4919.2000,4557,0,66787000.000,0,-,-,-,-,4919.6000,4919.4000,4914.4000,4912.6000,4906.8000,4922.4000,4924.0000,4924.2000,4930.0000,4944.0000,1,1,2,1,6,1,2,2,5,1
SF,IC2005,2020-04-02 09:32:49.900,4919.2000,4557,0,66787000.000,0,-,-,-,-,4919.6000,4914.4000,4912.6000,4906.8000,4906.4000,4920.8000,4922.2000,4922.4000,4924.0000,4924.2000,1,2,1,6,3,1,1,1,2,2
SF,IC2005,2020-04-02 09:32:50.400,4919.2000,4557,0,66787000.000,0,-,-,-,-,4914.4000,4912.6000,4906.8000,4906.4000,4906.2000,4920.8000,4922.2000,4924.0000,4924.2000,4930.0000,2,1,6,3,1,1,1,2,2,5
SF,IC2005,2020-04-02 09:32:50.900,4919.2000,4557,0,66787000.000,0,-,-,-,-,4918.2000,4917.8000,4917.4000,4917.2000,4916.6000,4920.6000,4924.0000,4924.2000,4930.0000,4944.0000,1,1,1,1,1,2,2,2,5,1
SF,IC2005,2020-04-02 09:32:51.400,4919.2000,4557,0,66787000.000,0,-,-,-,-,4918.4000,4917.8000,4917.4000,4917.2000,4916.6000,4924.0000,4924.2000,4930.0000,4944.0000,4951.0000,2,1,1,1,1,2,2,5,1,1
SF,IC2005,2020-04-02 09:32:51.900,4919.2000,4557,0,66787000.000,0,-,-,-,-,4918.6000,4918.4000,4917.8000,4917.4000,4917.2000,4923.4000,4923.6000,4923.8000,4924.0000,4924.2000,1,2,1,1,1,1,3,3,2,2
SF,IC2005,2020-04-02 09:32:52.400,4919.2000,4557,0,66787000.000,0,-,-,-,-,4918.8000,4918.6000,4917.4000,4917.2000,4916.4000,4923.0000,4923.2000,4923.4000,4923.6000,4923.8000,2,1,1,1,1,1,2,1,2,1
SF,IC2005,2020-04-02 09:32:52.900,4919.2000,4557,0,66787000.000,0,-,-,-,-,4918.8000,4918.6000,4917.4000,4917.2000,4916.4000,4922.8000,4923.0000,4923.2000,4923.4000,4923.8000,2,1,1,1,1,2,1,1,1,1
SF,IC2005,2020-04-02 09:32:53.400,4919.2000,4557,0,66787000.000,0,-,-,-,-,4918.8000,4918.6000,4917.4000,4917.2000,4916.4000,4922.6000,4922.8000,4923.0000,4923.4000,4923.8000,2,1,1,1,1,1,3,1,1,1
SF,IC2005,2020-04-02 09:32:53.900,4919.2000,4557,0,66787000.000,0,-,-,-,-,4918.8000,4918.6000,4917.4000,4917.2000,4916.4000,4922.2000,4922.4000,4922.6000,4922.8000,4923.0000,2,1,1,1,1,1,2,1,2,1
SF,IC2005,2020-04-02 09:32:54.400,4919.2000,4557,0,66787000.000,0,-,-,-,-,4918.8000,4918.6000,4917.4000,4917.2000,4916.4000,4922.0000,4922.2000,4922.4000,4922.6000,4922.8000,2,1,1,1,1,1,2,1,1,2
SF,IC2005,2020-04-02 09:32:54.900,4919.2000,4557,0,66787000.000,0,-,-,-,-,4918.8000,4917.4000,4917.2000,4916.4000,4915.8000,4922.0000,4922.2000,4922.4000,4922.6000,4922.8000,1,1,1,1,2,1,2,1,1,2
SF,IC2005,2020-04-02 09:32:55.400,4919.2000,4557,0,66787000.000,0,-,-,-,-,4917.4000,4915.8000,4915.2000,4914.6000,4914.4000,4921.6000,4921.8000,4922.0000,4922.2000,4922.4000,1,1,1,2,2,2,2,1,2,1
SF,IC2005,2020-04-02 09:32:55.900,4919.2000,4557,0,66787000.000,0,-,-,-,-,4917.6000,4917.4000,4915.8000,4915.2000,4914.6000,4918.8000,4921.4000,4921.6000,4922.2000,4922.4000,1,1,1,1,2,1,4,2,2,1
SF,IC2005,2020-04-02 09:32:56.400,4918.8000,4556,-1,67770760.000,1,0,1,双平,S,4915.8000,4915.2000,4914.6000,4914.4000,4912.6000,4921.4000,4921.6000,4922.2000,4922.4000,4922.8000,1,1,2,2,1,4,2,2,1,1
SF,IC2005,2020-04-02 09:32:56.900,4918.8000,4556,0,67770760.000,0,-,-,-,-,4916.6000,4916.2000,4916.0000,4915.8000,4915.2000,4921.0000,4921.4000,4921.6000,4922.2000,4922.4000,1,1,2,1,1,1,4,2,2,1
SF,IC2005,2020-04-02 09:32:57.400,4918.8000,4556,0,67770760.000,0,-,-,-,-,4916.8000,4916.6000,4916.2000,4916.0000,4915.8000,4920.8000,4921.0000,4921.4000,4921.6000,4922.2000,1,1,1,1,1,1,1,3,2,2
SF,IC2005,2020-04-02 09:32:57.900,4918.8000,4556,0,67770760.000,0,-,-,-,-,4917.2000,4916.8000,4916.6000,4916.2000,4916.0000,4920.8000,4921.0000,4921.4000,4921.6000,4922.2000,1,1,1,1,1,1,1,3,2,2
SF,IC2005,2020-04-02 09:32:58.400,4918.8000,4556,0,67770760.000,0,-,-,-,-,4917.4000,4916.2000,4916.0000,4915.8000,4914.6000,4920.6000,4920.8000,4921.0000,4921.4000,4921.6000,1,1,1,1,1,1,1,1,2,2
SF,IC2005,2020-04-02 09:32:58.900,4918.8000,4556,0,67770760.000,0,-,-,-,-,4917.4000,4917.2000,4916.2000,4916.0000,4915.8000,4920.4000,4921.0000,4921.4000,4921.6000,4922.2000,1,1,1,1,1,1,1,2,2,2
SF,IC2005,2020-04-02 09:32:59.400,4918.8000,4556,0,67770760.000,0,-,-,-,-,4917.4000,4916.2000,4916.0000,4915.8000,4914.6000,4920.4000,4921.0000,4921.4000,4921.6000,4922.2000,1,1,1,1,1,1,1,2,2,2
SF,IC2005,2020-04-02 09:33:00.400,4918.8000,4556,0,67770760.000,0,-,-,-,-,4917.6000,4917.4000,4916.2000,4916.0000,4915.8000,4920.4000,4921.0000,4921.4000,4921.6000,4922.2000,1,1,1,1,1,1,1,2,2,2
SF,IC2005,2020-04-02 09:33:00.900,4918.8000,4556,0,67770760.000,0,-,-,-,-,4916.2000,4916.0000,4915.8000,4914.6000,4914.4000,4920.4000,4921.0000,4921.4000,4921.6000,4922.2000,1,1,1,1,2,1,1,2,2,2
SF,IC2005,2020-04-02 09:33:01.400,4918.8000,4556,0,67770760.000,0,-,-,-,-,4917.2000,4916.4000,4916.2000,4915.8000,4914.6000,4920.2000,4920.4000,4921.0000,4921.4000,4921.6000,1,4,1,1,1,1,1,1,2,2
SF,IC2005,2020-04-02 09:33:01.900,4918.8000,4556,0,67770760.000,0,-,-,-,-,4917.4000,4916.4000,4916.2000,4915.8000,4914.6000,4920.0000,4920.2000,4921.4000,4921.6000,4922.2000,1,5,1,1,1,1,1,1,2,2
SF,IC2005,2020-04-02 09:33:02.400,4918.8000,4556,0,67770760.000,0,-,-,-,-,4917.4000,4917.2000,4916.4000,4916.2000,4915.8000,4920.2000,4921.4000,4921.6000,4922.2000,4922.4000,1,1,3,1,1,1,1,2,2,1
SF,IC2005,2020-04-02 09:33:02.900,4918.8000,4556,0,67770760.000,0,-,-,-,-,4917.4000,4916.4000,4916.2000,4914.6000,4914.4000,4919.8000,4920.0000,4920.2000,4921.4000,4921.6000,1,3,1,1,2,1,1,1,1,2
SF,IC2005,2020-04-02 09:33:03.400,4917.4000,4555,-1,68754240.000,1,0,1,双平,S,4916.4000,4916.2000,4914.4000,4912.6000,4906.8000,4919.6000,4919.8000,4920.2000,4921.4000,4921.6000,2,1,2,1,5,1,2,1,1,2
SF,IC2005,2020-04-02 09:33:03.900,4917.4000,4555,0,68754240.000,0,-,-,-,-,4916.6000,4916.2000,4914.4000,4912.6000,4906.8000,4919.6000,4919.8000,4920.2000,4921.4000,4921.6000,1,1,2,1,5,1,2,1,1,2
SF,IC2005,2020-04-02 09:33:04.400,4917.4000,4555,0,68754240.000,0,-,-,-,-,4916.6000,4914.4000,4912.6000,4906.8000,4906.4000,4919.4000,4919.6000,4919.8000,4920.2000,4921.4000,1,2,1,5,3,1,1,2,1,1
SF,IC2005,2020-04-02 09:33:04.900,4917.4000,4555,0,68754240.000,0,-,-,-,-,4916.6000,4914.4000,4912.6000,4906.8000,4906.4000,4919.2000,4919.8000,4920.2000,4921.4000,4921.6000,1,2,1,5,3,1,1,1,1,2
SF,IC2005,2020-04-02 09:33:05.400,4916.6000,4554,-1,69737560.000,1,0,1,双平,S,4914.4000,4912.6000,4906.8000,4906.4000,4906.2000,4919.2000,4919.8000,4920.2000,4921.4000,4921.6000,2,1,5,3,1,1,1,1,1,2
SF,IC2005,2020-04-02 09:33:05.900,4916.6000,4554,0,69737560.000,0,-,-,-,-,4915.6000,4914.8000,4914.6000,4914.4000,4912.6000,4919.0000,4919.2000,4919.8000,4920.2000,4921.4000,2,1,4,2,1,1,1,1,1,1
SF,IC2005,2020-04-02 09:33:06.400,4916.6000,4554,0,69737560.000,0,-,-,-,-,4915.8000,4914.4000,4912.6000,4906.8000,4906.4000,4918.8000,4919.8000,4920.2000,4921.4000,4921.6000,1,2,1,5,3,1,1,1,1,2
SF,IC2005,2020-04-02 09:33:06.900,4916.6000,4554,0,69737560.000,0,-,-,-,-,4914.4000,4912.6000,4906.8000,4906.4000,4906.2000,4918.4000,4918.6000,4918.8000,4919.8000,4920.2000,2,1,5,3,1,1,1,1,1,1
SF,IC2005,2020-04-02 09:33:07.400,4916.6000,4554,0,69737560.000,0,-,-,-,-,4914.8000,4914.6000,4914.4000,4912.6000,4906.8000,4918.2000,4919.8000,4920.2000,4921.4000,4921.6000,2,2,2,1,5,2,1,1,1,2
SF,IC2005,2020-04-02 09:33:07.900,4916.6000,4554,0,69737560.000,0,-,-,-,-,4915.0000,4914.8000,4912.6000,4906.8000,4906.4000,4918.2000,4919.8000,4920.2000,4921.4000,4921.6000,1,1,1,5,3,1,1,1,1,2
SF,IC2005,2020-04-02 09:33:08.400,4916.6000,4554,0,69737560.000,0,-,-,-,-,4915.0000,4912.6000,4909.6000,4906.8000,4906.4000,4918.2000,4919.8000,4920.2000,4921.4000,4921.6000,1,1,2,5,3,1,1,1,1,2
SF,IC2005,2020-04-02 09:33:08.900,4916.6000,4554,0,69737560.000,0,-,-,-,-,4915.0000,4912.6000,4909.6000,4906.8000,4906.4000,4918.2000,4919.8000,4920.2000,4921.4000,4921.6000,1,1,2,5,3,1,1,1,1,2
SF,IC2005,2020-04-02 09:33:09.400,4916.6000,4554,0,69737560.000,0,-,-,-,-,4915.0000,4912.6000,4909.6000,4906.8000,4906.4000,4918.0000,4918.2000,4919.8000,4920.2000,4921.4000,1,1,2,5,3,1,1,1,1,1
SF,IC2005,2020-04-02 09:33:09.900,4916.6000,4554,0,69737560.000,0,-,-,-,-,4915.0000,4912.6000,4909.6000,4906.8000,4906.4000,4917.8000,4919.8000,4920.2000,4921.4000,4921.6000,1,1,2,5,3,1,1,1,1,2
SF,IC2005,2020-04-02 09:33:10.400,4916.6000,4554,0,69737560.000,0,-,-,-,-,4915.2000,4915.0000,4912.6000,4909.6000,4906.8000,4917.8000,4919.8000,4920.2000,4921.4000,4921.6000,1,1,1,2,5,1,1,1,1,2
SF,IC2005,2020-04-02 09:33:10.900,4916.6000,4554,0,69737560.000,0,-,-,-,-,4915.4000,4912.6000,4909.6000,4906.8000,4906.4000,4917.8000,4919.8000,4920.2000,4921.4000,4921.6000,1,1,2,5,3,1,1,1,1,2
SF,IC2005,2020-04-02 09:33:11.400,4916.6000,4554,0,69737560.000,0,-,-,-,-,4915.4000,4912.6000,4909.6000,4906.8000,4906.4000,4917.8000,4919.8000,4920.2000,4921.4000,4921.6000,1,1,2,5,3,1,1,1,1,2
SF,IC2005,2020-04-02 09:33:15.900,4916.6000,4554,0,69737560.000,0,-,-,-,-,4915.8000,4915.6000,4915.4000,4912.6000,4909.6000,4917.8000,4919.8000,4920.2000,4921.4000,4921.6000,1,1,1,1,2,1,1,1,1,2
SF,IC2005,2020-04-02 09:33:16.400,4916.6000,4554,0,69737560.000,0,-,-,-,-,4916.0000,4912.6000,4909.6000,4906.8000,4906.4000,4919.8000,4920.2000,4921.4000,4921.6000,4922.2000,2,1,2,5,3,1,1,1,2,1
SF,IC2005,2020-04-02 09:33:16.900,4916.6000,4554,0,69737560.000,0,-,-,-,-,4916.2000,4912.6000,4909.6000,4906.8000,4906.4000,4919.2000,4919.6000,4919.8000,4920.2000,4921.6000,1,1,2,5,3,1,2,1,1,2
SF,IC2005,2020-04-02 09:33:17.400,4916.2000,4554,0,70720800.000,1,0,1,多换,S,4912.6000,4909.6000,4906.8000,4906.4000,4906.2000,4919.0000,4919.2000,4919.8000,4920.2000,4921.6000,1,2,5,3,1,2,1,1,1,2
SF,IC2005,2020-04-02 09:33:17.900,4916.2000,4554,0,70720800.000,0,-,-,-,-,4913.6000,4913.4000,4912.8000,4912.6000,4909.6000,4919.0000,4919.2000,4919.8000,4920.2000,4921.6000,1,1,2,1,2,3,1,1,1,2
SF,IC2005,2020-04-02 09:33:18.400,4916.2000,4554,0,70720800.000,0,-,-,-,-,4913.8000,4913.6000,4913.4000,4913.0000,4912.8000,4919.0000,4919.2000,4919.8000,4920.2000,4921.6000,3,1,1,1,5,3,1,1,1,2
SF,IC2005,2020-04-02 09:33:18.900,4916.2000,4554,0,70720800.000,0,-,-,-,-,4913.8000,4913.4000,4913.0000,4912.8000,4912.6000,4919.0000,4919.2000,4919.8000,4920.2000,4921.6000,6,1,1,5,1,3,1,1,1,2
SF,IC2005,2020-04-02 09:33:19.400,4916.2000,4554,0,70720800.000,0,-,-,-,-,4914.8000,4914.6000,4913.8000,4913.0000,4912.8000,4919.0000,4919.2000,4919.8000,4920.2000,4921.6000,1,1,6,1,5,3,1,1,1,2
SF,IC2005,2020-04-02 09:33:19.900,4916.2000,4554,0,70720800.000,0,-,-,-,-,4915.0000,4914.8000,4914.6000,4913.8000,4913.0000,4918.4000,4919.0000,4919.8000,4920.2000,4921.6000,3,1,1,3,1,1,3,1,1,2
SF,IC2005,2020-04-02 09:33:20.400,4916.2000,4554,0,70720800.000,0,-,-,-,-,4915.0000,4914.8000,4914.6000,4913.8000,4913.0000,4918.2000,4919.8000,4920.2000,4921.6000,4922.2000,3,1,1,3,1,2,1,1,2,1
SF,IC2005,2020-04-02 09:33:20.900,4916.2000,4554,0,70720800.000,0,-,-,-,-,4915.0000,4914.8000,4914.6000,4913.0000,4912.8000,4918.2000,4919.8000,4920.2000,4921.6000,4922.2000,3,1,1,1,5,2,1,1,2,1
SF,IC2005,2020-04-02 09:33:21.400,4916.2000,4554,0,70720800.000,0,-,-,-,-,4912.8000,4912.6000,4906.8000,4906.4000,4906.2000,4918.2000,4919.8000,4920.2000,4921.6000,4922.2000,2,1,5,3,1,2,1,1,2,1
SF,IC2005,2020-04-02 09:33:21.900,4916.2000,4554,0,70720800.000,0,-,-,-,-,4913.4000,4913.0000,4912.8000,4912.6000,4906.8000,4917.8000,4918.0000,4918.2000,4918.4000,4919.8000,1,2,2,1,5,1,1,2,1,1
SF,IC2005,2020-04-02 09:33:22.400,4916.2000,4554,0,70720800.000,0,-,-,-,-,4913.6000,4913.4000,4913.0000,4912.8000,4912.6000,4917.6000,4919.8000,4920.2000,4921.6000,4922.2000,2,1,1,2,1,2,1,1,2,1
SF,IC2005,2020-04-02 09:33:23.400,4916.2000,4554,0,70720800.000,0,-,-,-,-,4913.8000,4913.6000,4913.4000,4912.8000,4912.6000,4917.6000,4919.8000,4920.2000,4921.6000,4922.2000,1,2,1,2,1,2,1,1,2,1
SF,IC2005,2020-04-02 09:33:23.900,4916.2000,4554,0,70720800.000,0,-,-,-,-,4914.0000,4913.8000,4913.6000,4913.4000,4912.8000,4917.2000,4917.6000,4919.8000,4920.2000,4921.6000,1,1,1,1,2,1,2,1,1,2
SF,IC2005,2020-04-02 09:33:24.400,4916.2000,4554,0,70720800.000,0,-,-,-,-,4914.0000,4913.8000,4913.6000,4913.4000,4912.8000,4917.0000,4919.8000,4920.2000,4921.6000,4922.2000,1,1,1,1,2,2,1,1,2,1
SF,IC2005,2020-04-02 09:33:24.900,4916.2000,4554,0,70720800.000,0,-,-,-,-,4914.0000,4913.8000,4913.6000,4913.4000,4912.8000,4916.8000,4917.0000,4919.8000,4920.2000,4921.6000,1,1,1,1,2,1,2,1,1,2
SF,IC2005,2020-04-02 09:33:25.400,4916.2000,4554,0,70720800.000,0,-,-,-,-,4914.2000,4914.0000,4913.6000,4913.4000,4912.8000,4916.6000,4919.8000,4920.2000,4921.6000,4922.2000,1,1,1,1,2,2,1,1,2,1
SF,IC2005,2020-04-02 09:33:25.900,4916.2000,4554,0,70720800.000,0,-,-,-,-,4914.4000,4914.2000,4913.6000,4913.4000,4912.8000,4916.6000,4919.8000,4920.2000,4921.6000,4922.2000,1,1,1,1,2,2,1,1,2,1
SF,IC2005,2020-04-02 09:33:26.400,4916.2000,4554,0,70720800.000,0,-,-,-,-,4914.4000,4913.6000,4913.4000,4912.8000,4912.6000,4916.6000,4919.8000,4920.2000,4921.6000,4922.2000,1,1,1,2,1,1,1,1,2,1
SF,IC2005,2020-04-02 09:33:28.400,4916.6000,4553,-1,71704120.000,1,0,1,双平,S,4914.4000,4913.6000,4912.8000,4912.6000,4906.8000,4919.8000,4920.2000,4921.6000,4922.2000,4924.0000,2,1,2,1,5,1,1,2,1,2
SF,IC2005,2020-04-02 09:33:28.900,4916.6000,4553,0,71704120.000,0,-,-,-,-,4914.4000,4913.6000,4912.8000,4912.6000,4906.8000,4919.2000,4919.4000,4919.6000,4919.8000,4920.2000,2,1,2,1,5,1,1,4,3,1
SF,IC2005,2020-04-02 09:33:29.400,4916.6000,4553,0,71704120.000,0,-,-,-,-,4914.4000,4913.6000,4912.8000,4912.6000,4906.8000,4918.8000,4919.0000,4919.2000,4919.4000,4919.8000,2,1,2,1,5,1,4,1,1,3
SF,IC2005,2020-04-02 09:33:29.900,4916.6000,4553,0,71704120.000,0,-,-,-,-,4914.4000,4913.6000,4912.8000,4912.6000,4906.8000,4918.6000,4918.8000,4919.2000,4919.4000,4919.8000,2,1,2,1,5,4,1,1,1,3
SF,IC2005,2020-04-02 09:33:30.400,4916.6000,4553,0,71704120.000,0,-,-,-,-,4914.4000,4913.6000,4912.8000,4912.6000,4906.8000,4918.6000,4918.8000,4919.2000,4919.4000,4919.8000,1,1,2,1,5,4,1,1,1,3
SF,IC2005,2020-04-02 09:33:31.400,4916.6000,4553,0,71704120.000,0,-,-,-,-,4914.4000,4913.6000,4912.8000,4912.6000,4906.8000,4918.6000,4918.8000,4919.2000,4919.4000,4919.8000,3,1,2,1,5,4,1,1,1,2
SF,IC2005,2020-04-02 09:33:31.900,4916.6000,4553,0,71704120.000,0,-,-,-,-,4914.6000,4914.4000,4912.8000,4912.6000,4906.8000,4918.6000,4918.8000,4919.2000,4919.4000,4919.8000,1,3,2,1,5,4,1,1,1,2
SF,IC2005,2020-04-02 09:33:32.400,4916.6000,4553,0,71704120.000,0,-,-,-,-,4914.8000,4914.6000,4914.4000,4912.8000,4912.6000,4918.6000,4918.8000,4919.2000,4919.4000,4919.8000,1,1,1,2,1,3,1,1,1,1
SF,IC2005,2020-04-02 09:33:32.900,4916.6000,4553,0,71704120.000,0,-,-,-,-,4915.0000,4914.8000,4914.4000,4912.8000,4912.6000,4918.6000,4919.4000,4921.6000,4922.2000,4924.2000,1,3,1,2,1,2,1,2,1,1
SF,IC2005,2020-04-02 09:33:33.400,4916.6000,4553,0,71704120.000,0,-,-,-,-,4915.2000,4915.0000,4914.8000,4914.4000,4912.8000,4918.6000,4921.6000,4922.2000,4924.2000,4930.0000,2,1,1,1,2,1,2,1,1,5
SF,IC2005,2020-04-02 09:33:33.900,4916.6000,4553,0,71704120.000,0,-,-,-,-,4915.8000,4915.4000,4915.2000,4914.8000,4914.4000,4918.4000,4918.6000,4921.6000,4922.2000,4924.2000,1,1,2,1,1,1,1,2,1,1
SF,IC2005,2020-04-02 09:33:34.400,4916.6000,4553,0,71704120.000,0,-,-,-,-,4916.0000,4915.8000,4915.4000,4914.4000,4912.8000,4918.2000,4918.4000,4921.6000,4922.2000,4924.2000,2,1,1,1,2,2,1,2,1,1
SF,IC2005,2020-04-02 09:33:34.900,4916.6000,4553,0,71704120.000,0,-,-,-,-,4916.0000,4915.8000,4915.4000,4914.4000,4912.8000,4918.0000,4918.2000,4921.6000,4922.2000,4924.2000,2,1,1,1,2,1,1,2,1,1
SF,IC2005,2020-04-02 09:33:35.400,4916.6000,4553,0,71704120.000,0,-,-,-,-,4916.0000,4915.8000,4915.4000,4914.4000,4912.8000,4917.8000,4918.0000,4918.2000,4921.6000,4922.2000,2,1,1,1,2,1,1,1,2,1
SF,IC2005,2020-04-02 09:33:35.900,4916.6000,4553,0,71704120.000,0,-,-,-,-,4916.0000,4915.8000,4915.4000,4914.4000,4912.8000,4917.6000,4917.8000,4918.2000,4921.6000,4922.2000,1,1,1,1,2,1,1,1,2,1
SF,IC2005,2020-04-02 09:33:36.400,4916.0000,4552,-1,72687320.000,1,0,1,双平,S,4915.4000,4914.4000,4912.8000,4912.6000,4906.8000,4917.6000,4917.8000,4918.2000,4921.6000,4922.2000,1,1,2,1,5,1,1,1,2,1
SF,IC2005,2020-04-02 09:33:36.900,4916.0000,4552,0,72687320.000,0,-,-,-,-,4914.4000,4912.8000,4912.6000,4906.8000,4906.4000,4917.6000,4917.8000,4918.2000,4921.6000,4922.2000,1,2,1,5,3,1,1,1,2,1
SF,IC2005,2020-04-02 09:33:37.400,4916.0000,4552,0,72687320.000,0,-,-,-,-,4914.6000,4914.4000,4912.8000,4912.6000,4906.8000,4917.4000,4917.6000,4917.8000,4921.6000,4922.2000,2,1,2,1,5,2,1,1,2,1
SF,IC2005,2020-04-02 09:33:37.900,4916.0000,4552,0,72687320.000,0,-,-,-,-,4914.6000,4914.4000,4912.8000,4912.6000,4906.8000,4917.2000,4917.4000,4921.6000,4922.2000,4924.2000,3,1,2,1,5,1,1,2,1,1
SF,IC2005,2020-04-02 09:33:38.400,4916.0000,4552,0,72687320.000,0,-,-,-,-,4914.6000,4914.4000,4912.8000,4912.6000,4906.8000,4917.0000,4921.6000,4922.2000,4924.2000,4930.0000,3,1,2,1,5,1,2,1,1,5
SF,IC2005,2020-04-02 09:33:38.900,4916.0000,4552,0,72687320.000,0,-,-,-,-,4914.6000,4914.4000,4912.8000,4912.6000,4906.8000,4917.0000,4921.6000,4922.2000,4924.2000,4930.0000,3,1,2,1,5,1,2,1,1,5
SF,IC2005,2020-04-02 09:33:39.900,4917.0000,4552,0,73670720.000,1,0,1,多换,S,4914.8000,4914.6000,4914.4000,4912.8000,4912.6000,4921.6000,4922.2000,4924.2000,4930.0000,4944.0000,1,3,1,2,1,2,1,1,5,1
SF,IC2005,2020-04-02 09:33:40.400,4917.0000,4552,0,73670720.000,0,-,-,-,-,4915.0000,4914.8000,4914.6000,4914.4000,4912.8000,4920.8000,4921.0000,4921.2000,4921.4000,4921.6000,1,1,1,1,2,1,2,1,5,2
SF,IC2005,2020-04-02 09:33:40.900,4917.0000,4552,0,73670720.000,0,-,-,-,-,4915.4000,4915.2000,4915.0000,4914.6000,4914.4000,4920.4000,4920.6000,4920.8000,4921.0000,4921.2000,1,1,1,1,1,2,2,1,2,1
SF,IC2005,2020-04-02 09:33:41.400,4917.0000,4552,0,73670720.000,0,-,-,-,-,4915.6000,4915.4000,4914.6000,4914.4000,4912.8000,4920.2000,4920.4000,4920.8000,4921.0000,4921.2000,2,1,1,1,2,3,2,1,2,1
SF,IC2005,2020-04-02 09:33:41.900,4917.0000,4552,0,73670720.000,0,-,-,-,-,4915.6000,4915.4000,4914.4000,4912.8000,4912.6000,4920.2000,4920.4000,4921.0000,4921.2000,4921.4000,1,1,1,2,1,3,2,2,1,3
SF,IC2005,2020-04-02 09:33:42.400,4917.0000,4552,0,73670720.000,0,-,-,-,-,4915.6000,4915.4000,4914.4000,4912.8000,4912.6000,4919.8000,4920.0000,4920.2000,4920.4000,4921.0000,1,1,1,2,1,1,1,3,2,2
SF,IC2005,2020-04-02 09:33:42.900,4917.0000,4552,0,73670720.000,0,-,-,-,-,4915.6000,4915.4000,4914.4000,4912.8000,4912.6000,4918.6000,4919.6000,4919.8000,4920.0000,4920.2000,1,1,1,2,1,1,2,1,1,1
SF,IC2005,2020-04-02 09:33:43.400,4917.0000,4552,0,73670720.000,0,-,-,-,-,4915.6000,4915.4000,4914.4000,4912.8000,4912.6000,4918.4000,4918.6000,4919.8000,4920.0000,4920.2000,1,1,1,2,1,1,1,1,1,1
SF,IC2005,2020-04-02 09:33:43.900,4917.0000,4552,0,73670720.000,0,-,-,-,-,4915.6000,4915.4000,4914.4000,4912.8000,4912.6000,4918.4000,4918.6000,4919.8000,4920.2000,4920.4000,1,1,1,2,1,1,1,1,1,2
SF,IC2005,2020-04-02 09:33:44.400,4917.0000,4552,0,73670720.000,0,-,-,-,-,4915.8000,4915.6000,4915.4000,4914.4000,4912.8000,4918.4000,4918.6000,4919.8000,4920.2000,4920.4000,1,1,1,1,2,1,1,1,1,2
SF,IC2005,2020-04-02 09:33:44.900,4917.0000,4552,0,73670720.000,0,-,-,-,-,4916.0000,4915.8000,4915.4000,4914.4000,4912.8000,4918.6000,4919.8000,4920.2000,4920.4000,4921.0000,1,1,1,1,2,1,1,1,2,2
SF,IC2005,2020-04-02 09:33:45.400,4917.0000,4552,0,73670720.000,0,-,-,-,-,4916.2000,4916.0000,4915.8000,4914.4000,4912.8000,4918.6000,4920.2000,4920.4000,4921.0000,4921.4000,1,1,1,1,2,1,1,2,1,3
SF,IC2005,2020-04-02 09:33:45.900,4918.6000,4551,-1,74654440.000,1,0,1,双平,S,4916.6000,4916.4000,4916.2000,4915.8000,4912.6000,4920.2000,4921.0000,4921.4000,4921.6000,4922.2000,1,1,2,1,1,1,1,3,2,1
SF,IC2005,2020-04-02 09:33:46.400,4918.6000,4551,0,74654440.000,0,-,-,-,-,4916.8000,4916.2000,4915.8000,4912.6000,4906.8000,4920.0000,4920.2000,4921.0000,4921.4000,4921.6000,1,2,1,1,5,1,1,1,3,2
SF,IC2005,2020-04-02 09:33:46.900,4918.6000,4551,0,74654440.000,0,-,-,-,-,4916.8000,4916.2000,4915.8000,4912.6000,4906.8000,4919.8000,4920.0000,4921.0000,4921.4000,4921.6000,1,2,1,1,5,1,1,1,3,2
SF,IC2005,2020-04-02 09:33:47.400,4918.6000,4551,0,74654440.000,0,-,-,-,-,4916.8000,4916.2000,4915.8000,4912.6000,4906.8000,4919.6000,4919.8000,4921.0000,4921.4000,4921.6000,1,2,1,1,5,2,1,1,3,2
SF,IC2005,2020-04-02 09:33:47.900,4918.6000,4551,0,74654440.000,0,-,-,-,-,4916.8000,4916.2000,4915.8000,4912.6000,4906.8000,4919.4000,4919.6000,4921.0000,4921.4000,4921.6000,1,2,1,1,5,1,2,1,3,2
SF,IC2005,2020-04-02 09:33:48.400,4918.6000,4551,0,74654440.000,0,-,-,-,-,4916.8000,4916.2000,4915.8000,4912.6000,4906.8000,4919.2000,4921.0000,4921.4000,4921.6000,4922.2000,1,2,1,1,5,1,1,3,2,1
SF,IC2005,2020-04-02 09:33:48.900,4918.6000,4551,0,74654440.000,0,-,-,-,-,4916.8000,4916.2000,4915.8000,4912.6000,4906.8000,4921.4000,4921.6000,4922.2000,4924.2000,4930.0000,1,2,1,1,5,2,2,1,1,5
SF,IC2005,2020-04-02 09:33:49.400,4918.6000,4551,0,74654440.000,0,-,-,-,-,4916.8000,4916.2000,4915.8000,4912.6000,4906.8000,4921.2000,4921.4000,4921.6000,4922.2000,4924.2000,1,2,1,1,5,2,2,2,1,1
SF,IC2005,2020-04-02 09:33:49.900,4918.6000,4551,0,74654440.000,0,-,-,-,-,4916.8000,4916.2000,4915.8000,4912.6000,4906.8000,4921.2000,4921.4000,4921.6000,4922.2000,4924.2000,1,2,1,1,5,1,2,2,1,1
SF,IC2005,2020-04-02 09:33:50.900,4918.6000,4551,0,74654440.000,0,-,-,-,-,4916.8000,4916.2000,4915.8000,4912.6000,4906.8000,4921.0000,4921.2000,4921.4000,4921.6000,4922.2000,1,2,1,1,5,2,1,1,2,1
SF,IC2005,2020-04-02 09:33:51.400,4918.6000,4551,0,74654440.000,0,-,-,-,-,4916.8000,4916.2000,4915.8000,4912.6000,4906.8000,4920.8000,4921.0000,4921.4000,4921.6000,4922.2000,2,2,1,1,5,1,2,1,2,1
SF,IC2005,2020-04-02 09:33:51.900,4918.6000,4551,0,74654440.000,0,-,-,-,-,4916.8000,4916.2000,4912.6000,4906.8000,4906.4000,4920.8000,4921.0000,4921.6000,4922.2000,4924.2000,2,2,1,5,3,1,1,2,1,1
SF,IC2005,2020-04-02 09:33:52.400,4918.6000,4551,0,74654440.000,0,-,-,-,-,4916.8000,4916.2000,4912.6000,4906.8000,4906.4000,4920.6000,4920.8000,4921.6000,4922.2000,4924.2000,2,2,1,5,3,1,1,2,1,1
SF,IC2005,2020-04-02 09:33:52.900,4918.6000,4551,0,74654440.000,0,-,-,-,-,4917.0000,4916.8000,4916.2000,4912.6000,4906.8000,4920.4000,4920.6000,4921.6000,4922.2000,4924.2000,1,2,1,1,5,1,1,2,1,1
SF,IC2005,2020-04-02 09:33:53.400,4918.6000,4551,0,74654440.000,0,-,-,-,-,4917.2000,4917.0000,4916.8000,4916.2000,4912.6000,4920.2000,4920.4000,4921.6000,4922.2000,4924.2000,1,1,1,1,1,1,1,2,1,1
SF,IC2005,2020-04-02 09:33:53.900,4918.6000,4551,0,74654440.000,0,-,-,-,-,4916.2000,4912.6000,4906.8000,4906.4000,4906.2000,4920.0000,4920.2000,4921.6000,4922.2000,4924.2000,1,1,5,3,1,2,1,2,1,1
SF,IC2005,2020-04-02 09:33:54.400,4918.6000,4551,0,74654440.000,0,-,-,-,-,4916.4000,4912.6000,4906.8000,4906.4000,4906.2000,4919.2000,4919.8000,4920.0000,4921.6000,4922.2000,1,1,5,3,1,1,1,2,2,1
SF,IC2005,2020-04-02 09:33:54.900,4918.6000,4551,0,74654440.000,0,-,-,-,-,4916.4000,4912.6000,4906.8000,4906.4000,4906.2000,4919.0000,4919.2000,4919.4000,4919.8000,4921.6000,2,1,5,3,1,1,1,1,1,2
SF,IC2005,2020-04-02 09:33:55.400,4918.6000,4551,0,74654440.000,0,-,-,-,-,4916.4000,4912.6000,4906.8000,4906.4000,4906.2000,4919.0000,4919.8000,4921.6000,4922.2000,4924.2000,2,1,5,3,1,1,1,2,1,1
SF,IC2005,2020-04-02 09:33:57.900,4918.6000,4551,0,74654440.000,0,-,-,-,-,4916.6000,4916.4000,4912.6000,4906.8000,4906.4000,4919.0000,4919.2000,4921.6000,4922.2000,4924.2000,1,3,1,5,3,1,1,2,1,1
SF,IC2005,2020-04-02 09:33:58.400,4918.6000,4551,0,74654440.000,0,-,-,-,-,4917.8000,4916.8000,4916.6000,4916.4000,4912.6000,4921.6000,4922.2000,4924.2000,4930.0000,4944.0000,1,2,1,2,1,1,1,1,5,1
SF,IC2005,2020-04-02 09:33:58.900,4918.6000,4551,0,74654440.000,0,-,-,-,-,4918.0000,4916.8000,4916.6000,4916.4000,4912.6000,4921.0000,4921.4000,4921.6000,4922.2000,4924.2000,1,1,1,1,1,1,2,1,1,1
SF,IC2005,2020-04-02 09:33:59.400,4918.6000,4551,0,74654440.000,0,-,-,-,-,4918.0000,4916.8000,4916.6000,4916.4000,4912.6000,4920.8000,4921.0000,4921.4000,4921.6000,4922.2000,1,1,1,1,1,1,1,1,1,1
SF,IC2005,2020-04-02 09:33:59.900,4918.6000,4551,0,74654440.000,0,-,-,-,-,4918.2000,4918.0000,4916.8000,4916.6000,4916.4000,4920.6000,4920.8000,4921.0000,4921.4000,4921.6000,1,1,1,1,1,1,1,1,1,1
SF,IC2005,2020-04-02 09:34:00.400,4918.6000,4551,0,74654440.000,0,-,-,-,-,4918.4000,4918.2000,4916.8000,4916.6000,4916.4000,4920.4000,4921.4000,4921.6000,4922.2000,4924.2000,1,1,1,1,1,1,1,1,1,1
SF,IC2005,2020-04-02 09:34:00.900,4920.4000,4550,-1,75638520.000,1,0,1,双平,S,4920.6000,4920.4000,4918.4000,4918.2000,4916.8000,4921.4000,4922.2000,4924.2000,4930.0000,4944.0000,1,2,1,1,1,1,1,1,5,1
SF,IC2005,2020-04-02 09:34:01.400,4921.4000,4549,-1,76622800.000,1,0,1,双平,S,4921.8000,4920.8000,4920.6000,4918.4000,4916.8000,4922.2000,4924.2000,4930.0000,4944.0000,4951.0000,2,1,1,1,1,1,1,5,1,1
SF,IC2005,2020-04-02 09:34:01.900,4922.4000,4546,-3,80560520.000,4,0,4,多平,S,4922.2000,4921.8000,4920.8000,4920.6000,4918.4000,4924.2000,4930.0000,4944.0000,4951.0000,4997.0000,1,2,1,1,1,1,5,1,1,1
SF,IC2005,2020-04-02 09:34:02.400,4922.2000,4545,-1,81544960.000,1,0,1,双平,S,4921.8000,4920.8000,4920.6000,4918.4000,4916.8000,4922.2000,4923.8000,4924.0000,4924.2000,4930.0000,2,1,1,1,1,2,1,1,1,5
SF,IC2005,2020-04-02 09:34:02.900,4922.2000,4543,-2,83513840.000,2,0,2,双平,S,4920.8000,4920.6000,4918.4000,4916.8000,4916.6000,4923.8000,4924.0000,4930.0000,4944.0000,4951.0000,1,1,1,1,1,1,1,5,1,1
SF,IC2005,2020-04-02 09:34:03.400,4922.2000,4543,0,83513840.000,0,-,-,-,-,4921.0000,4920.8000,4920.6000,4916.8000,4916.6000,4923.6000,4923.8000,4930.0000,4944.0000,4951.0000,1,1,1,1,1,1,1,5,1,1
SF,IC2005,2020-04-02 09:34:04.400,4922.2000,4543,0,83513840.000,0,-,-,-,-,4921.2000,4921.0000,4920.8000,4920.6000,4916.8000,4923.6000,4923.8000,4929.0000,4930.0000,4944.0000,1,1,1,1,1,1,1,1,5,1
SF,IC2005,2020-04-02 09:34:04.900,4922.2000,4543,0,83513840.000,0,-,-,-,-,4921.4000,4921.2000,4920.8000,4920.6000,4916.8000,4923.8000,4929.0000,4930.0000,4944.0000,4951.0000,1,1,1,1,1,1,1,5,1,1
SF,IC2005,2020-04-02 09:34:05.400,4922.2000,4543,0,83513840.000,0,-,-,-,-,4921.4000,4921.2000,4920.8000,4920.6000,4916.8000,4929.0000,4930.0000,4944.0000,4951.0000,4997.0000,1,1,1,1,1,1,5,1,1,1
SF,IC2005,2020-04-02 09:34:05.900,4922.2000,4543,0,83513840.000,0,-,-,-,-,4921.4000,4921.2000,4920.8000,4920.6000,4916.8000,4926.2000,4926.4000,4926.6000,4927.4000,4928.0000,1,1,1,1,1,2,1,3,1,1
SF,IC2005,2020-04-02 09:34:06.400,4922.2000,4543,0,83513840.000,0,-,-,-,-,4921.4000,4921.2000,4920.8000,4920.6000,4916.8000,4925.8000,4926.0000,4926.2000,4926.4000,4926.6000,1,1,1,1,1,2,2,2,1,3
SF,IC2005,2020-04-02 09:34:06.900,4922.2000,4543,0,83513840.000,0,-,-,-,-,4921.6000,4921.4000,4921.2000,4920.6000,4916.8000,4925.6000,4926.6000,4927.4000,4928.4000,4928.8000,1,1,1,1,1,1,1,1,1,2
SF,IC2005,2020-04-02 09:34:07.400,4922.2000,4543,0,83513840.000,0,-,-,-,-,4922.0000,4921.8000,4921.6000,4921.2000,4920.6000,4926.6000,4927.4000,4928.4000,4928.8000,4929.0000,2,1,3,1,1,1,1,1,2,2
SF,IC2005,2020-04-02 09:34:07.900,4922.2000,4543,0,83513840.000,0,-,-,-,-,4922.2000,4922.0000,4921.6000,4921.2000,4920.6000,4926.4000,4927.4000,4928.4000,4928.8000,4929.0000,2,3,2,1,1,2,1,1,2,1
SF,IC2005,2020-04-02 09:34:08.900,4922.2000,4543,0,83513840.000,0,-,-,-,-,4922.2000,4922.0000,4921.6000,4921.2000,4920.6000,4926.0000,4926.4000,4927.4000,4928.4000,4928.8000,2,1,2,1,1,1,2,1,1,2
SF,IC2005,2020-04-02 09:34:09.400,4922.2000,4543,0,83513840.000,0,-,-,-,-,4922.2000,4922.0000,4921.6000,4921.2000,4920.6000,4925.8000,4927.4000,4928.4000,4928.8000,4929.0000,2,1,2,1,1,2,1,1,2,1
SF,IC2005,2020-04-02 09:34:10.400,4922.2000,4543,0,83513840.000,0,-,-,-,-,4922.2000,4922.0000,4921.6000,4921.2000,4920.6000,4925.8000,4927.4000,4928.4000,4928.8000,4929.0000,3,1,2,1,1,1,1,1,2,1
SF,IC2005,2020-04-02 09:34:10.900,4922.2000,4543,0,83513840.000,0,-,-,-,-,4922.2000,4921.6000,4921.2000,4920.6000,4916.8000,4927.4000,4928.4000,4928.8000,4929.0000,4930.0000,3,2,1,1,1,1,1,2,1,5
SF,IC2005,2020-04-02 09:34:11.400,4922.2000,4543,0,83513840.000,0,-,-,-,-,4922.6000,4922.2000,4921.6000,4921.2000,4920.6000,4927.2000,4927.4000,4928.4000,4928.8000,4929.0000,1,3,2,1,1,1,1,1,2,1
SF,IC2005,2020-04-02 09:34:11.900,4922.2000,4543,0,83513840.000,0,-,-,-,-,4922.8000,4922.6000,4922.2000,4921.6000,4921.2000,4927.2000,4928.4000,4928.8000,4930.0000,4932.2000,2,1,1,2,1,1,1,2,5,1
SF,IC2005,2020-04-02 09:34:12.400,4922.2000,4543,0,83513840.000,0,-,-,-,-,4922.8000,4922.2000,4921.6000,4921.2000,4920.6000,4927.2000,4928.4000,4928.8000,4932.2000,4935.8000,2,2,2,1,1,1,1,2,1,5
SF,IC2005,2020-04-02 09:34:12.900,4922.2000,4543,0,83513840.000,0,-,-,-,-,4925.0000,4924.0000,4923.2000,4923.0000,4922.8000,4928.4000,4932.2000,4935.8000,4944.0000,4951.0000,1,1,1,1,2,1,1,5,1,1
SF,IC2005,2020-04-02 09:34:13.400,4922.2000,4543,0,83513840.000,0,-,-,-,-,4925.2000,4924.2000,4924.0000,4923.6000,4923.4000,4928.2000,4928.4000,4932.2000,4935.8000,4944.0000,2,1,1,1,1,1,1,1,5,1
SF,IC2005,2020-04-02 09:34:13.900,4922.2000,4543,0,83513840.000,0,-,-,-,-,4925.2000,4924.2000,4924.0000,4923.6000,4923.4000,4928.0000,4928.2000,4928.4000,4932.2000,4935.8000,1,1,1,1,1,1,1,1,1,5
SF,IC2005,2020-04-02 09:34:14.400,4922.2000,4543,0,83513840.000,0,-,-,-,-,4925.4000,4925.2000,4924.2000,4924.0000,4923.6000,4927.8000,4928.4000,4932.2000,4935.8000,4944.0000,1,1,1,1,1,1,1,1,5,1
SF,IC2005,2020-04-02 09:34:14.900,4922.2000,4543,0,83513840.000,0,-,-,-,-,4925.6000,4924.2000,4924.0000,4923.6000,4923.4000,4932.2000,4935.8000,4944.0000,4951.0000,4997.0000,1,1,1,1,1,1,5,1,1,1
SF,IC2005,2020-04-02 09:34:15.400,4922.2000,4543,0,83513840.000,0,-,-,-,-,4925.6000,4924.2000,4924.0000,4923.6000,4923.4000,4930.8000,4931.2000,4931.4000,4932.0000,4932.2000,1,1,1,1,1,1,1,2,4,1
SF,IC2005,2020-04-02 09:34:15.900,4922.2000,4543,0,83513840.000,0,-,-,-,-,4925.6000,4924.2000,4924.0000,4923.6000,4923.4000,4928.4000,4930.4000,4930.6000,4930.8000,4931.2000,1,1,1,1,1,1,2,2,1,1
SF,IC2005,2020-04-02 09:34:16.400,4922.2000,4543,0,83513840.000,0,-,-,-,-,4926.0000,4925.8000,4925.6000,4924.2000,4923.6000,4930.4000,4930.6000,4930.8000,4931.2000,4931.4000,1,1,1,1,1,2,2,1,1,2
SF,IC2005,2020-04-02 09:34:16.900,4922.2000,4543,0,83513840.000,0,-,-,-,-,4926.2000,4926.0000,4924.2000,4923.6000,4923.4000,4930.2000,4930.4000,4930.8000,4931.2000,4931.4000,1,1,1,1,1,3,2,1,1,2
SF,IC2005,2020-04-02 09:34:17.400,4922.2000,4543,0,83513840.000,0,-,-,-,-,4924.2000,4923.6000,4923.4000,4923.2000,4923.0000,4929.8000,4930.0000,4930.2000,4930.4000,4930.8000,1,1,1,1,4,2,1,4,2,1
SF,IC2005,2020-04-02 09:34:17.900,4929.6000,4543,0,84499760.000,1,0,1,多换,S,4926.4000,4925.2000,4925.0000,4924.4000,4924.2000,4929.6000,4929.8000,4930.0000,4930.4000,4930.8000,1,1,1,2,1,2,2,1,2,1
SF,IC2005,2020-04-02 09:34:18.400,4926.4000,4543,0,86470320.000,2,1,1,多换,S,4925.2000,4925.0000,4924.4000,4924.2000,4923.6000,4929.4000,4929.6000,4929.8000,4930.0000,4930.4000,1,1,1,1,1,1,2,2,1,2
SF,IC2005,2020-04-02 09:34:18.900,4926.4000,4543,0,86470320.000,0,-,-,-,-,4925.4000,4925.0000,4924.4000,4924.2000,4923.6000,4928.4000,4929.2000,4929.4000,4929.6000,4929.8000,1,1,1,1,1,1,2,1,1,2
SF,IC2005,2020-04-02 09:34:19.400,4925.4000,4542,-1,87455400.000,1,0,1,双平,S,4924.4000,4923.0000,4922.8000,4922.2000,4921.6000,4928.2000,4929.0000,4929.2000,4929.8000,4930.0000,1,1,1,1,2,1,2,3,2,1
SF,IC2005,2020-04-02 09:34:19.900,4925.4000,4542,0,87455400.000,0,-,-,-,-,4924.6000,4923.0000,4922.8000,4922.2000,4921.6000,4928.0000,4928.2000,4928.8000,4929.0000,4929.2000,1,1,1,1,2,1,1,1,2,2
SF,IC2005,2020-04-02 09:34:20.400,4925.4000,4542,0,87455400.000,0,-,-,-,-,4924.6000,4923.0000,4922.8000,4922.2000,4921.6000,4927.8000,4928.0000,4928.8000,4929.0000,4929.2000,2,1,1,1,2,1,1,1,2,2
SF,IC2005,2020-04-02 09:34:20.900,4925.4000,4542,0,87455400.000,0,-,-,-,-,4924.6000,4923.0000,4922.8000,4922.2000,4921.6000,4927.8000,4928.0000,4928.8000,4929.0000,4929.2000,2,1,1,1,2,1,1,1,1,2
SF,IC2005,2020-04-02 09:34:21.900,4924.6000,4542,0,88440320.000,1,0,1,多换,S,4924.6000,4923.0000,4922.8000,4922.2000,4921.6000,4927.8000,4928.0000,4928.8000,4929.0000,4929.2000,1,1,1,1,2,1,1,1,1,2
SF,IC2005,2020-04-02 09:34:22.400,4924.6000,4542,0,88440320.000,0,-,-,-,-,4924.8000,4924.6000,4923.0000,4922.8000,4922.2000,4927.8000,4928.0000,4928.8000,4929.0000,4929.2000,1,1,1,1,1,1,1,1,1,2
SF,IC2005,2020-04-02 09:34:22.900,4924.6000,4542,0,88440320.000,0,-,-,-,-,4924.8000,4924.6000,4923.0000,4922.8000,4922.2000,4927.8000,4928.8000,4929.0000,4929.2000,4929.8000,2,1,1,1,1,1,1,1,2,2
SF,IC2005,2020-04-02 09:34:23.400,4924.6000,4542,0,88440320.000,0,-,-,-,-,4924.8000,4924.6000,4923.0000,4922.8000,4922.2000,4927.8000,4929.2000,4929.8000,4930.0000,4930.4000,2,1,1,1,1,1,2,2,1,2
SF,IC2005,2020-04-02 09:34:23.900,4924.6000,4542,0,88440320.000,0,-,-,-,-,4924.8000,4924.6000,4923.0000,4922.8000,4922.2000,4927.8000,4929.2000,4929.8000,4930.0000,4930.4000,2,1,1,1,1,1,2,2,1,2
SF,IC2005,2020-04-02 09:34:24.400,4924.6000,4542,0,88440320.000,0,-,-,-,-,4924.8000,4922.8000,4922.2000,4921.6000,4921.2000,4927.6000,4927.8000,4929.2000,4929.8000,4930.0000,1,1,1,2,1,1,1,2,2,1
SF,IC2005,2020-04-02 09:34:24.900,4924.8000,4541,-1,89425280.000,1,0,1,双平,S,4922.8000,4922.2000,4921.6000,4918.4000,4906.4000,4927.4000,4927.6000,4929.2000,4929.8000,4930.0000,1,1,2,5,3,2,1,2,2,1
SF,IC2005,2020-04-02 09:34:25.400,4924.8000,4541,0,89425280.000,0,-,-,-,-,4923.6000,4923.4000,4923.0000,4922.8000,4922.2000,4925.0000,4927.4000,4927.6000,4929.2000,4929.8000,1,1,2,1,1,1,2,1,2,2
SF,IC2005,2020-04-02 09:34:25.900,4924.8000,4541,0,89425280.000,0,-,-,-,-,4923.8000,4923.4000,4923.0000,4922.8000,4922.2000,4925.0000,4927.2000,4927.4000,4929.2000,4929.8000,1,1,1,1,1,1,1,2,2,2
SF,IC2005,2020-04-02 09:34:26.900,4925.0000,4540,-1,90410280.000,1,0,1,双平,S,4924.0000,4923.8000,4923.4000,4923.0000,4922.8000,4927.4000,4929.2000,4929.8000,4930.0000,4930.4000,1,1,1,1,1,2,2,2,1,2
SF,IC2005,2020-04-02 09:34:27.400,4925.0000,4540,0,90410280.000,0,-,-,-,-,4924.2000,4924.0000,4922.8000,4922.2000,4921.6000,4927.4000,4929.2000,4929.8000,4930.0000,4930.4000,2,3,1,1,2,1,2,2,1,2
SF,IC2005,2020-04-02 09:34:27.900,4925.0000,4540,0,90410280.000,0,-,-,-,-,4924.2000,4924.0000,4922.8000,4922.2000,4921.6000,4927.2000,4927.4000,4929.2000,4929.8000,4930.0000,1,1,1,1,2,1,1,2,2,1
SF,IC2005,2020-04-02 09:34:28.400,4925.0000,4540,0,90410280.000,0,-,-,-,-,4924.6000,4924.4000,4924.2000,4922.8000,4922.2000,4927.0000,4927.2000,4929.2000,4929.8000,4930.0000,1,2,2,1,1,1,1,2,2,1
SF,IC2005,2020-04-02 09:34:28.900,4925.0000,4540,0,90410280.000,0,-,-,-,-,4926.0000,4924.8000,4924.6000,4924.2000,4922.8000,4927.2000,4929.2000,4929.8000,4930.4000,4930.8000,1,2,1,1,1,1,1,1,2,1
SF,IC2005,2020-04-02 09:34:29.400,4925.0000,4540,0,90410280.000,0,-,-,-,-,4926.2000,4925.4000,4924.8000,4924.6000,4924.2000,4929.2000,4929.8000,4930.4000,4930.8000,4931.4000,1,1,2,1,1,1,1,2,1,1
SF,IC2005,2020-04-02 09:34:29.900,4925.0000,4540,0,90410280.000,0,-,-,-,-,4925.4000,4924.8000,4924.6000,4924.2000,4922.8000,4929.0000,4929.8000,4930.4000,4930.8000,4931.4000,1,2,1,1,1,2,1,2,1,1
SF,IC2005,2020-04-02 09:34:30.400,4925.0000,4540,0,90410280.000,0,-,-,-,-,4925.6000,4924.8000,4924.6000,4924.2000,4922.8000,4929.0000,4929.8000,4930.4000,4930.8000,4931.4000,1,2,1,1,1,2,1,2,1,1
SF,IC2005,2020-04-02 09:34:30.900,4925.0000,4540,0,90410280.000,0,-,-,-,-,4925.6000,4924.8000,4924.6000,4924.2000,4922.8000,4928.8000,4929.0000,4929.8000,4930.4000,4930.8000,1,1,1,1,1,1,2,1,2,1
SF,IC2005,2020-04-02 09:34:31.400,4925.0000,4540,0,90410280.000,0,-,-,-,-,4925.6000,4924.8000,4924.6000,4924.2000,4922.8000,4928.6000,4928.8000,4929.8000,4930.4000,4930.8000,1,1,1,1,1,2,1,1,2,1
SF,IC2005,2020-04-02 09:34:31.900,4925.0000,4540,0,90410280.000,0,-,-,-,-,4925.6000,4924.8000,4924.6000,4924.2000,4922.8000,4928.4000,4928.6000,4928.8000,4929.8000,4930.4000,1,1,1,1,1,2,2,1,1,2
SF,IC2005,2020-04-02 09:34:32.400,4925.0000,4540,0,90410280.000,0,-,-,-,-,4925.8000,4925.6000,4924.8000,4924.6000,4924.2000,4928.2000,4928.4000,4929.8000,4930.4000,4930.8000,1,1,1,1,1,1,1,1,2,1
SF,IC2005,2020-04-02 09:34:32.900,4925.0000,4540,0,90410280.000,0,-,-,-,-,4926.0000,4925.8000,4924.8000,4924.6000,4924.2000,4928.2000,4928.4000,4929.8000,4930.4000,4930.8000,1,1,1,1,1,1,1,1,2,1
