市场代码,合约代码,时间,最新,持仓,增仓,成交额,成交量,开仓,平仓,成交类型,方向,买一价,买二价,买三价,买四价,买五价,卖一价,卖二价,卖三价,卖四价,卖五价,买一量,买二量,买三量,买四量,买五量,卖一量,卖二量,卖三量,卖四量,卖五量
SF,IC2001,2019-11-19 09:29:00.200,4812.2000,727,0,0.000,0.000,-,-,-,-,4804.0000,4799.2000,4793.6000,4792.0000,4789.4000,4823.4000,4826.0000,4827.2000,4831.6000,4832.6000,1,1,2,1,1,1,1,1,1,1
SF,IC2001,2019-11-19 09:30:00.200,4812.2000,727,0,0.000,0,-,-,-,-,4804.0000,4793.6000,4792.0000,4765.2000,4748.2000,4811.0000,4820.0000,4820.4000,4821.0000,4826.0000,1,2,1,2,1,1,1,1,1,1
SF,IC2001,2019-11-19 09:30:00.700,4812.2000,727,0,0.000,0,-,-,-,-,4805.0000,4804.2000,4804.0000,4803.6000,4793.6000,4810.4000,4810.8000,4811.4000,4820.0000,4820.4000,1,2,1,1,2,3,2,1,1,1
SF,IC2001,2019-11-19 09:30:01.200,4812.2000,727,0,0.000,0,-,-,-,-,4805.0000,4803.6000,4793.6000,4792.0000,4765.2000,4809.0000,4810.4000,4810.8000,4811.0000,4811.4000,1,1,2,1,2,1,3,2,1,1
SF,IC2001,2019-11-19 09:30:01.700,4805.0000,727,0,961000.000,1,0,1,多换,S,4803.6000,4802.4000,4793.6000,4792.0000,4765.2000,4804.0000,4808.8000,4809.0000,4810.8000,4811.4000,1,5,2,1,2,1,1,1,2,1
SF,IC2001,2019-11-19 09:30:02.200,4804.0000,728,1,1921800.000,1,1,0,双开,S,4803.8000,4803.6000,4802.4000,4793.6000,4792.0000,4809.0000,4810.8000,4811.4000,4819.8000,4820.0000,2,1,5,2,1,1,2,1,5,1
SF,IC2001,2019-11-19 09:30:02.700,4804.0000,728,0,1921800.000,0,-,-,-,-,4803.8000,4803.6000,4802.4000,4793.6000,4792.0000,4808.8000,4809.0000,4810.8000,4811.4000,4819.8000,2,1,5,2,1,2,1,2,1,5
SF,IC2001,2019-11-19 09:30:03.200,4804.0000,728,0,1921800.000,0,-,-,-,-,4805.0000,4804.0000,4803.6000,4802.4000,4793.6000,4808.8000,4809.8000,4810.8000,4811.4000,4819.8000,1,2,1,5,2,2,1,2,1,5
SF,IC2001,2019-11-19 09:30:03.700,4804.0000,728,0,1921800.000,0,-,-,-,-,4803.6000,4796.6000,4793.6000,4792.0000,4783.0000,4808.6000,4808.8000,4809.8000,4810.8000,4811.4000,1,5,2,1,1,1,2,1,2,1
SF,IC2001,2019-11-19 09:30:04.200,4804.0000,728,0,1921800.000,0,-,-,-,-,4803.8000,4803.6000,4796.6000,4793.6000,4792.0000,4808.4000,4809.8000,4811.4000,4819.8000,4820.8000,2,1,5,2,1,1,1,1,5,1
SF,IC2001,2019-11-19 09:30:04.700,4804.0000,728,0,1921800.000,0,-,-,-,-,4804.0000,4803.8000,4803.6000,4796.6000,4793.6000,4808.4000,4809.8000,4811.4000,4819.8000,4820.8000,1,2,1,5,2,1,1,1,5,1
SF,IC2001,2019-11-19 09:30:05.200,4804.0000,728,0,1921800.000,0,-,-,-,-,4804.2000,4804.0000,4803.6000,4796.6000,4793.6000,4808.4000,4809.8000,4811.4000,4819.8000,4820.8000,2,1,1,5,2,1,1,1,5,1
SF,IC2001,2019-11-19 09:30:05.700,4804.0000,728,0,1921800.000,0,-,-,-,-,4804.4000,4804.2000,4803.6000,4796.6000,4793.6000,4808.4000,4809.8000,4811.4000,4819.8000,4820.8000,1,2,1,5,2,1,1,1,5,1
SF,IC2001,2019-11-19 09:30:06.200,4804.0000,728,0,1921800.000,0,-,-,-,-,4804.6000,4803.6000,4796.6000,4793.6000,4792.0000,4808.4000,4809.8000,4811.4000,4819.8000,4820.8000,2,1,5,2,1,1,1,1,5,1
SF,IC2001,2019-11-19 09:30:06.700,4804.0000,728,0,1921800.000,0,-,-,-,-,4804.8000,4804.6000,4803.6000,4796.6000,4793.6000,4808.4000,4809.8000,4811.4000,4819.8000,4820.8000,1,2,1,5,2,1,1,1,5,1
SF,IC2001,2019-11-19 09:30:07.200,4804.0000,728,0,1921800.000,0,-,-,-,-,4805.0000,4804.8000,4804.6000,4803.6000,4796.6000,4808.4000,4809.8000,4811.4000,4819.8000,4820.8000,1,1,1,1,5,1,1,1,5,1
SF,IC2001,2019-11-19 09:30:07.700,4804.0000,728,0,1921800.000,0,-,-,-,-,4806.4000,4805.0000,4804.6000,4803.6000,4796.6000,4811.4000,4819.8000,4820.8000,4822.2000,4823.4000,1,4,1,1,5,1,5,1,2,3
SF,IC2001,2019-11-19 09:30:08.200,4804.0000,728,0,1921800.000,0,-,-,-,-,4806.6000,4806.4000,4805.0000,4803.6000,4796.6000,4811.2000,4811.4000,4819.8000,4820.8000,4822.2000,2,1,3,1,5,1,1,5,1,2
SF,IC2001,2019-11-19 09:30:08.700,4804.0000,728,0,1921800.000,0,-,-,-,-,4806.8000,4806.6000,4806.4000,4805.0000,4803.6000,4811.2000,4811.4000,4819.8000,4820.8000,4822.2000,1,2,1,2,1,1,1,5,1,2
SF,IC2001,2019-11-19 09:30:09.200,4804.0000,728,0,1921800.000,0,-,-,-,-,4807.0000,4806.8000,4806.4000,4805.0000,4803.6000,4811.2000,4811.4000,4819.8000,4820.8000,4822.2000,2,1,1,2,1,1,1,5,1,2
SF,IC2001,2019-11-19 09:30:09.700,4804.0000,728,0,1921800.000,0,-,-,-,-,4807.0000,4806.8000,4806.4000,4805.0000,4804.6000,4811.2000,4811.4000,4819.8000,4820.8000,4822.2000,2,1,1,2,1,1,1,5,1,2
SF,IC2001,2019-11-19 09:30:10.200,4804.0000,728,0,1921800.000,0,-,-,-,-,4807.2000,4807.0000,4806.4000,4805.0000,4804.6000,4811.2000,4811.4000,4819.8000,4820.8000,4822.2000,1,2,1,2,1,1,1,5,1,2
SF,IC2001,2019-11-19 09:30:10.700,4804.0000,728,0,1921800.000,0,-,-,-,-,4807.8000,4807.4000,4807.2000,4806.4000,4805.0000,4813.0000,4819.8000,4820.8000,4822.2000,4823.4000,1,3,1,1,2,1,5,1,2,3
SF,IC2001,2019-11-19 09:30:11.200,4804.0000,728,0,1921800.000,0,-,-,-,-,4808.0000,4807.8000,4807.4000,4806.4000,4805.0000,4812.8000,4813.0000,4819.8000,4820.8000,4822.2000,1,2,1,1,2,2,1,5,1,2
SF,IC2001,2019-11-19 09:30:11.700,4804.0000,728,0,1921800.000,0,-,-,-,-,4808.0000,4807.8000,4806.4000,4805.0000,4804.6000,4812.8000,4813.0000,4819.8000,4820.8000,4822.2000,1,1,1,2,1,2,1,5,1,2
SF,IC2001,2019-11-19 09:30:12.200,4804.0000,728,0,1921800.000,0,-,-,-,-,4808.0000,4807.8000,4806.4000,4805.0000,4804.6000,4812.8000,4813.0000,4819.8000,4820.8000,4822.2000,2,1,1,2,1,2,1,5,1,2
SF,IC2001,2019-11-19 09:30:12.700,4804.0000,728,0,1921800.000,0,-,-,-,-,4808.0000,4807.8000,4806.4000,4805.0000,4803.6000,4812.8000,4813.0000,4819.8000,4820.8000,4822.2000,1,1,1,2,1,2,1,5,1,2
SF,IC2001,2019-11-19 09:30:13.200,4804.0000,728,0,1921800.000,0,-,-,-,-,4808.0000,4807.8000,4806.4000,4805.0000,4803.6000,4812.8000,4813.0000,4819.8000,4820.8000,4822.2000,2,1,1,2,1,2,1,5,1,2
SF,IC2001,2019-11-19 09:30:14.200,4804.0000,728,0,1921800.000,0,-,-,-,-,4808.0000,4807.8000,4806.4000,4805.0000,4803.6000,4812.8000,4813.0000,4819.8000,4820.8000,4822.2000,1,1,1,2,1,2,1,5,1,2
SF,IC2001,2019-11-19 09:30:15.200,4804.0000,728,0,1921800.000,0,-,-,-,-,4808.0000,4807.8000,4806.4000,4805.0000,4803.6000,4812.6000,4812.8000,4813.0000,4819.8000,4820.8000,1,1,1,2,1,1,2,1,5,1
SF,IC2001,2019-11-19 09:30:15.700,4804.0000,728,0,1921800.000,0,-,-,-,-,4808.0000,4807.8000,4806.4000,4805.0000,4803.6000,4812.4000,4813.0000,4819.8000,4820.8000,4822.2000,1,1,1,2,1,2,1,5,1,2
SF,IC2001,2019-11-19 09:30:16.700,4804.0000,728,0,1921800.000,0,-,-,-,-,4808.0000,4807.8000,4806.4000,4805.0000,4803.6000,4812.2000,4812.4000,4813.0000,4819.8000,4820.8000,1,1,1,2,1,1,2,1,5,1
SF,IC2001,2019-11-19 09:30:17.200,4804.0000,728,0,1921800.000,0,-,-,-,-,4807.8000,4806.4000,4805.0000,4803.6000,4796.6000,4812.0000,4812.2000,4813.0000,4819.8000,4820.8000,1,1,2,1,5,2,1,1,5,1
SF,IC2001,2019-11-19 09:30:18.200,4804.0000,728,0,1921800.000,0,-,-,-,-,4806.4000,4805.0000,4803.6000,4796.6000,4793.6000,4812.0000,4812.2000,4813.0000,4819.8000,4820.8000,1,2,1,5,2,2,1,1,5,1
SF,IC2001,2019-11-19 09:30:18.700,4804.0000,728,0,1921800.000,0,-,-,-,-,4806.6000,4806.4000,4805.0000,4803.6000,4796.6000,4811.6000,4811.8000,4812.0000,4812.2000,4813.0000,1,2,2,1,5,1,1,2,1,1
SF,IC2001,2019-11-19 09:30:19.200,4804.0000,728,0,1921800.000,0,-,-,-,-,4806.6000,4806.4000,4805.0000,4803.6000,4796.6000,4811.4000,4811.6000,4811.8000,4812.2000,4813.0000,1,2,2,1,5,2,1,1,1,1
SF,IC2001,2019-11-19 09:30:19.700,4804.0000,728,0,1921800.000,0,-,-,-,-,4806.6000,4806.4000,4805.0000,4803.6000,4796.6000,4811.4000,4811.6000,4811.8000,4813.0000,4819.8000,1,2,2,1,5,2,1,1,1,5
SF,IC2001,2019-11-19 09:30:20.200,4804.0000,728,0,1921800.000,0,-,-,-,-,4806.6000,4806.4000,4805.0000,4803.6000,4796.6000,4810.0000,4811.4000,4811.6000,4811.8000,4813.0000,1,2,2,1,5,1,2,1,1,1
SF,IC2001,2019-11-19 09:30:20.700,4804.0000,728,0,1921800.000,0,-,-,-,-,4806.6000,4806.4000,4805.0000,4803.6000,4796.6000,4810.0000,4811.6000,4811.8000,4813.0000,4819.8000,2,2,2,1,5,1,1,1,1,5
SF,IC2001,2019-11-19 09:30:21.200,4804.0000,728,0,1921800.000,0,-,-,-,-,4806.6000,4806.4000,4805.0000,4803.6000,4796.6000,4810.0000,4811.6000,4811.8000,4813.0000,4819.8000,2,2,2,1,5,1,1,1,1,5
SF,IC2001,2019-11-19 09:30:21.700,4804.0000,728,0,1921800.000,0,-,-,-,-,4806.8000,4806.6000,4806.4000,4805.0000,4803.6000,4810.0000,4811.6000,4813.0000,4819.8000,4822.2000,1,2,2,2,1,1,1,1,5,2
SF,IC2001,2019-11-19 09:30:22.200,4804.0000,728,0,1921800.000,0,-,-,-,-,4807.0000,4806.8000,4806.6000,4806.4000,4805.0000,4810.0000,4811.6000,4813.0000,4819.8000,4822.2000,2,1,1,2,2,1,1,1,5,2
SF,IC2001,2019-11-19 09:30:22.700,4804.0000,728,0,1921800.000,0,-,-,-,-,4807.8000,4807.2000,4807.0000,4806.8000,4806.4000,4810.0000,4811.6000,4813.0000,4819.8000,4822.2000,1,1,2,1,2,1,1,1,5,2
SF,IC2001,2019-11-19 09:30:23.200,4804.0000,728,0,1921800.000,0,-,-,-,-,4807.8000,4806.8000,4806.4000,4803.6000,4796.6000,4810.0000,4811.6000,4813.0000,4819.8000,4822.2000,1,1,2,1,5,1,1,1,5,2
SF,IC2001,2019-11-19 09:30:23.700,4804.0000,728,0,1921800.000,0,-,-,-,-,4808.0000,4807.8000,4806.8000,4806.4000,4803.6000,4810.0000,4811.6000,4813.0000,4819.8000,4822.2000,1,1,1,2,1,1,1,1,5,2
SF,IC2001,2019-11-19 09:30:24.700,4804.0000,728,0,1921800.000,0,-,-,-,-,4808.0000,4807.8000,4806.8000,4806.4000,4803.6000,4810.0000,4811.6000,4813.0000,4819.8000,4822.2000,1,1,1,2,1,2,1,1,5,2
SF,IC2001,2019-11-19 09:30:25.200,4804.0000,728,0,1921800.000,0,-,-,-,-,4807.8000,4806.8000,4806.4000,4803.6000,4796.6000,4809.8000,4810.0000,4811.6000,4813.0000,4819.8000,1,1,2,1,5,1,2,1,1,5
SF,IC2001,2019-11-19 09:30:25.700,4804.0000,728,0,1921800.000,0,-,-,-,-,4806.4000,4803.6000,4796.6000,4793.6000,4792.0000,4809.8000,4810.0000,4811.6000,4813.0000,4819.8000,2,1,5,2,2,2,1,1,1,5
SF,IC2001,2019-11-19 09:30:28.200,4804.0000,728,0,1921800.000,0,-,-,-,-,4806.4000,4803.6000,4796.6000,4793.6000,4792.0000,4809.8000,4810.0000,4811.6000,4813.0000,4819.8000,2,1,5,2,2,1,1,1,1,5
SF,IC2001,2019-11-19 09:30:28.700,4804.0000,728,0,1921800.000,0,-,-,-,-,4806.6000,4806.4000,4803.6000,4796.6000,4793.6000,4810.0000,4811.6000,4813.0000,4819.8000,4822.2000,2,2,1,5,2,1,1,1,5,2
SF,IC2001,2019-11-19 09:30:29.200,4804.0000,728,0,1921800.000,0,-,-,-,-,4806.6000,4806.4000,4803.6000,4796.6000,4793.6000,4810.0000,4811.6000,4813.0000,4819.8000,4822.2000,4,2,1,5,2,1,1,1,5,2
SF,IC2001,2019-11-19 09:30:30.200,4804.0000,728,0,1921800.000,0,-,-,-,-,4806.8000,4806.6000,4806.4000,4803.6000,4796.6000,4810.0000,4811.6000,4813.0000,4819.8000,4822.2000,1,4,2,1,5,1,1,1,5,2
SF,IC2001,2019-11-19 09:30:30.700,4804.0000,728,0,1921800.000,0,-,-,-,-,4807.6000,4807.0000,4806.8000,4806.6000,4806.4000,4810.0000,4811.6000,4813.0000,4819.8000,4822.2000,1,1,1,2,2,1,1,1,5,2
SF,IC2001,2019-11-19 09:30:31.200,4804.0000,728,0,1921800.000,0,-,-,-,-,4807.6000,4807.0000,4806.4000,4803.6000,4796.6000,4810.0000,4811.6000,4813.0000,4819.8000,4822.2000,1,2,2,1,5,1,1,1,5,2
SF,IC2001,2019-11-19 09:30:32.200,4804.0000,728,0,1921800.000,0,-,-,-,-,4807.6000,4807.0000,4806.4000,4803.6000,4796.6000,4810.0000,4811.6000,4813.0000,4819.8000,4822.2000,1,1,2,1,5,2,1,1,5,2
SF,IC2001,2019-11-19 09:30:32.700,4804.0000,728,0,1921800.000,0,-,-,-,-,4807.6000,4807.0000,4806.4000,4803.6000,4796.6000,4810.0000,4811.6000,4813.0000,4819.8000,4822.2000,1,1,2,1,5,1,1,1,5,2
SF,IC2001,2019-11-19 09:30:33.700,4804.0000,728,0,1921800.000,0,-,-,-,-,4807.8000,4807.6000,4807.0000,4806.4000,4803.6000,4810.0000,4811.6000,4813.0000,4819.8000,4822.2000,1,1,1,2,1,1,1,1,5,2
SF,IC2001,2019-11-19 09:30:34.200,4804.0000,728,0,1921800.000,0,-,-,-,-,4809.0000,4807.8000,4807.0000,4806.4000,4803.6000,4810.0000,4811.6000,4813.0000,4819.8000,4822.2000,1,1,1,2,1,1,1,1,5,2
SF,IC2001,2019-11-19 09:30:35.200,4804.0000,728,0,1921800.000,0,-,-,-,-,4809.0000,4807.8000,4807.0000,4806.4000,4803.6000,4810.0000,4813.0000,4819.8000,4822.2000,4910.0000,1,1,1,2,1,2,1,5,2,1
SF,IC2001,2019-11-19 09:30:37.200,4804.0000,728,0,1921800.000,0,-,-,-,-,4809.0000,4807.8000,4807.0000,4806.4000,4803.6000,4810.0000,4813.0000,4819.8000,4822.2000,4910.0000,1,1,1,2,1,1,1,5,2,1
SF,IC2001,2019-11-19 09:30:37.700,4807.0000,727,-1,2883200.000,1,0,1,双平,S,4809.0000,4807.8000,4807.0000,4806.4000,4803.6000,4810.0000,4813.0000,4819.8000,4822.2000,4910.0000,1,1,1,2,1,1,1,5,2,1
SF,IC2001,2019-11-19 09:30:38.200,4809.0000,727,0,3845000.000,1,0,1,多换,S,4807.8000,4807.0000,4806.4000,4803.6000,4796.6000,4810.0000,4813.0000,4819.8000,4822.2000,4910.0000,1,1,2,1,5,1,1,5,2,1
SF,IC2001,2019-11-19 09:30:40.200,4809.0000,727,0,3845000.000,0,-,-,-,-,4807.8000,4807.0000,4806.4000,4803.6000,4796.6000,4810.0000,4813.0000,4819.8000,4822.2000,4910.0000,1,1,2,1,5,2,1,5,2,1
SF,IC2001,2019-11-19 09:30:40.700,4809.0000,727,0,3845000.000,0,-,-,-,-,4807.8000,4807.0000,4806.4000,4803.6000,4796.6000,4809.0000,4810.0000,4813.0000,4819.8000,4822.2000,1,1,2,1,5,1,2,1,5,2
SF,IC2001,2019-11-19 09:30:41.200,4809.0000,727,0,3845000.000,0,-,-,-,-,4807.8000,4807.0000,4806.4000,4803.6000,4796.6000,4809.0000,4810.0000,4811.4000,4813.0000,4819.8000,1,1,2,1,5,1,2,1,1,5
SF,IC2001,2019-11-19 09:30:41.700,4809.0000,727,0,3845000.000,0,-,-,-,-,4807.8000,4807.0000,4806.4000,4803.6000,4796.6000,4809.0000,4810.0000,4811.4000,4813.0000,4819.8000,1,1,2,1,5,2,1,1,1,5
SF,IC2001,2019-11-19 09:30:42.200,4807.8000,727,0,4806560.000,1,0,1,多换,S,4806.4000,4803.6000,4796.6000,4793.8000,4793.6000,4809.0000,4810.0000,4811.4000,4813.0000,4819.8000,1,1,5,1,2,2,1,1,1,5
SF,IC2001,2019-11-19 09:30:42.700,4807.8000,727,0,4806560.000,0,-,-,-,-,4806.4000,4803.6000,4796.6000,4793.8000,4793.6000,4809.0000,4809.2000,4810.0000,4811.4000,4813.0000,1,1,5,1,2,2,1,1,1,1
SF,IC2001,2019-11-19 09:30:43.700,4807.8000,727,0,4806560.000,0,-,-,-,-,4806.4000,4803.6000,4796.6000,4793.8000,4793.6000,4809.0000,4809.2000,4810.0000,4811.4000,4813.0000,1,1,5,1,2,1,1,1,1,1
SF,IC2001,2019-11-19 09:30:44.200,4807.8000,727,0,4806560.000,0,-,-,-,-,4806.4000,4805.6000,4803.6000,4796.6000,4793.8000,4809.0000,4809.2000,4810.0000,4811.4000,4813.0000,2,1,1,5,1,1,1,1,1,1
SF,IC2001,2019-11-19 09:30:44.700,4807.8000,727,0,4806560.000,0,-,-,-,-,4806.4000,4805.6000,4803.6000,4796.6000,4793.8000,4809.0000,4809.2000,4810.0000,4811.4000,4813.0000,2,1,1,5,1,2,1,1,1,1
SF,IC2001,2019-11-19 09:30:45.200,4807.8000,727,0,4806560.000,0,-,-,-,-,4806.4000,4805.6000,4803.6000,4796.6000,4793.8000,4809.0000,4809.2000,4810.0000,4811.4000,4813.0000,2,1,1,5,1,1,1,1,1,1
SF,IC2001,2019-11-19 09:30:45.700,4807.8000,727,0,4806560.000,0,-,-,-,-,4806.6000,4806.4000,4805.6000,4803.6000,4796.6000,4809.0000,4809.2000,4810.0000,4811.4000,4813.0000,1,2,1,1,5,1,1,1,1,1
SF,IC2001,2019-11-19 09:30:47.700,4807.8000,727,0,4806560.000,0,-,-,-,-,4806.8000,4806.6000,4806.4000,4805.6000,4803.6000,4809.0000,4810.0000,4811.4000,4813.0000,4819.8000,2,1,2,1,1,1,1,1,1,5
SF,IC2001,2019-11-19 09:30:48.200,4809.0000,727,0,5768360.000,1,0,1,多换,S,4807.0000,4806.8000,4806.4000,4805.6000,4803.6000,4810.0000,4811.4000,4813.0000,4819.8000,4822.2000,1,2,1,1,1,1,1,1,5,2
SF,IC2001,2019-11-19 09:30:48.700,4809.0000,727,0,5768360.000,0,-,-,-,-,4807.0000,4806.8000,4806.4000,4805.6000,4803.6000,4810.0000,4811.4000,4813.0000,4819.8000,4822.2000,2,2,1,1,1,1,1,1,5,2
SF,IC2001,2019-11-19 09:30:49.700,4809.0000,727,0,5768360.000,0,-,-,-,-,4807.0000,4806.8000,4806.4000,4805.6000,4803.6000,4810.0000,4811.4000,4813.0000,4819.8000,4822.2000,2,2,1,1,1,2,1,1,5,2
SF,IC2001,2019-11-19 09:30:50.200,4809.0000,727,0,5768360.000,0,-,-,-,-,4807.0000,4806.8000,4806.4000,4805.6000,4803.6000,4810.0000,4811.4000,4813.0000,4819.8000,4822.2000,3,2,1,1,1,1,1,1,5,2
SF,IC2001,2019-11-19 09:30:51.200,4809.0000,727,0,5768360.000,0,-,-,-,-,4807.2000,4807.0000,4806.8000,4806.4000,4805.6000,4810.0000,4811.4000,4813.0000,4819.8000,4822.2000,1,3,2,1,1,1,1,1,5,2
SF,IC2001,2019-11-19 09:30:51.700,4809.0000,727,0,5768360.000,0,-,-,-,-,4807.4000,4807.2000,4807.0000,4806.8000,4806.4000,4810.0000,4811.4000,4813.0000,4819.8000,4822.2000,3,1,2,2,1,1,1,1,5,2
SF,IC2001,2019-11-19 09:30:52.700,4809.0000,727,0,5768360.000,0,-,-,-,-,4808.4000,4807.4000,4807.2000,4807.0000,4806.8000,4810.0000,4811.4000,4813.0000,4819.8000,4822.2000,1,3,1,2,2,1,1,1,5,2
SF,IC2001,2019-11-19 09:30:53.200,4809.0000,727,0,5768360.000,0,-,-,-,-,4808.6000,4808.4000,4807.4000,4807.2000,4807.0000,4810.0000,4811.4000,4813.0000,4819.8000,4822.2000,1,1,1,1,2,1,1,1,5,2
SF,IC2001,2019-11-19 09:30:53.700,4809.0000,727,0,5768360.000,0,-,-,-,-,4808.8000,4808.6000,4808.4000,4807.4000,4807.2000,4810.0000,4811.4000,4813.0000,4819.8000,4822.2000,1,2,1,1,1,1,1,1,5,2
SF,IC2001,2019-11-19 09:30:54.200,4810.0000,727,0,6730360.000,1,0,1,多换,S,4809.0000,4808.8000,4808.6000,4808.4000,4807.4000,4811.4000,4813.0000,4819.8000,4822.2000,4910.0000,1,1,1,1,1,1,1,5,2,1
SF,IC2001,2019-11-19 09:30:54.700,4810.0000,727,0,6730360.000,0,-,-,-,-,4809.0000,4808.8000,4808.6000,4808.4000,4807.4000,4811.4000,4813.0000,4819.8000,4822.2000,4910.0000,1,1,1,1,1,1,1,5,2,1
SF,IC2001,2019-11-19 09:30:55.700,4810.0000,727,0,6730360.000,0,-,-,-,-,4809.0000,4808.8000,4808.6000,4808.4000,4807.4000,4813.0000,4819.8000,4822.2000,4910.0000,5064.4000,1,1,1,1,1,1,5,2,1,2
SF,IC2001,2019-11-19 09:30:56.200,4810.0000,727,0,6730360.000,0,-,-,-,-,4809.0000,4808.8000,4808.6000,4808.4000,4807.4000,4812.8000,4813.0000,4819.8000,4822.2000,4910.0000,1,1,1,1,1,2,1,5,2,1
SF,IC2001,2019-11-19 09:30:58.700,4810.0000,727,0,6730360.000,0,-,-,-,-,4809.0000,4808.8000,4808.6000,4808.4000,4807.4000,4811.8000,4812.8000,4813.0000,4819.8000,4822.2000,1,1,1,1,1,1,2,1,5,2
SF,IC2001,2019-11-19 09:30:59.200,4810.0000,727,0,6730360.000,0,-,-,-,-,4808.4000,4807.4000,4807.0000,4806.4000,4805.6000,4811.6000,4811.8000,4813.0000,4819.8000,4822.2000,1,1,2,1,1,2,1,1,5,2
SF,IC2001,2019-11-19 09:30:59.700,4810.0000,727,0,6730360.000,0,-,-,-,-,4808.4000,4807.0000,4806.4000,4805.6000,4803.6000,4811.6000,4811.8000,4813.0000,4819.8000,4822.2000,1,2,1,1,1,2,1,1,5,2
SF,IC2001,2019-11-19 09:31:00.200,4810.0000,727,0,6730360.000,0,-,-,-,-,4808.4000,4807.0000,4806.4000,4805.6000,4803.6000,4811.4000,4811.8000,4813.0000,4819.8000,4822.2000,1,2,1,1,1,2,1,1,5,2
SF,IC2001,2019-11-19 09:31:00.700,4810.0000,727,0,6730360.000,0,-,-,-,-,4808.4000,4807.0000,4806.4000,4805.6000,4803.6000,4811.2000,4811.4000,4811.8000,4813.0000,4819.8000,1,2,1,1,1,1,1,1,1,5
SF,IC2001,2019-11-19 09:31:01.200,4810.0000,727,0,6730360.000,0,-,-,-,-,4808.4000,4807.0000,4806.4000,4805.6000,4803.6000,4811.0000,4811.2000,4811.8000,4813.0000,4819.8000,1,2,1,1,1,1,1,1,1,5
SF,IC2001,2019-11-19 09:31:01.700,4810.0000,727,0,6730360.000,0,-,-,-,-,4808.6000,4808.4000,4807.0000,4806.4000,4805.6000,4811.8000,4813.0000,4819.8000,4822.2000,4836.0000,3,1,2,1,1,1,1,5,2,1
SF,IC2001,2019-11-19 09:31:03.200,4810.0000,727,0,6730360.000,0,-,-,-,-,4808.6000,4808.4000,4807.0000,4806.4000,4805.6000,4813.0000,4819.8000,4822.2000,4836.0000,4910.0000,3,1,2,1,1,1,5,2,1,1
SF,IC2001,2019-11-19 09:31:03.700,4810.0000,727,0,6730360.000,0,-,-,-,-,4808.8000,4808.6000,4808.4000,4807.0000,4806.4000,4813.0000,4819.8000,4822.2000,4836.0000,4910.0000,1,3,1,2,1,1,5,2,1,1
SF,IC2001,2019-11-19 09:31:04.200,4810.0000,727,0,6730360.000,0,-,-,-,-,4809.0000,4808.8000,4808.6000,4808.4000,4807.0000,4813.0000,4819.8000,4822.2000,4836.0000,4910.0000,3,1,2,1,2,1,5,2,1,1
SF,IC2001,2019-11-19 09:31:05.700,4810.0000,727,0,6730360.000,0,-,-,-,-,4810.0000,4809.0000,4808.8000,4808.6000,4808.4000,4813.0000,4814.2000,4819.8000,4822.2000,4836.0000,1,3,1,2,1,1,1,5,2,1
SF,IC2001,2019-11-19 09:31:06.200,4810.0000,727,0,6730360.000,0,-,-,-,-,4810.2000,4810.0000,4809.0000,4808.8000,4808.4000,4813.0000,4814.2000,4819.8000,4822.2000,4836.0000,1,1,1,1,1,1,1,5,2,1
SF,IC2001,2019-11-19 09:31:06.700,4810.0000,727,0,6730360.000,0,-,-,-,-,4810.2000,4810.0000,4809.0000,4808.8000,4808.4000,4814.2000,4819.8000,4822.2000,4836.0000,4910.0000,2,1,1,1,1,1,5,2,1,1
SF,IC2001,2019-11-19 09:31:07.200,4810.0000,727,0,6730360.000,0,-,-,-,-,4810.2000,4810.0000,4809.0000,4808.8000,4808.4000,4814.2000,4819.8000,4822.2000,4836.0000,4910.0000,2,1,1,1,1,2,5,2,1,1
SF,IC2001,2019-11-19 09:31:07.700,4810.0000,727,0,6730360.000,0,-,-,-,-,4810.2000,4810.0000,4809.0000,4808.8000,4808.4000,4814.0000,4814.2000,4819.8000,4822.2000,4836.0000,2,1,1,1,1,1,1,5,2,1
SF,IC2001,2019-11-19 09:31:10.200,4810.0000,727,0,6730360.000,0,-,-,-,-,4810.2000,4810.0000,4809.0000,4808.8000,4808.4000,4814.0000,4814.2000,4819.8000,4822.2000,4836.0000,2,1,1,1,1,2,1,5,2,1
SF,IC2001,2019-11-19 09:31:12.200,4810.0000,727,0,6730360.000,0,-,-,-,-,4810.2000,4810.0000,4809.0000,4808.8000,4808.4000,4814.0000,4814.2000,4819.8000,4822.2000,4836.0000,2,1,1,1,1,1,1,5,2,1
SF,IC2001,2019-11-19 09:31:12.700,4810.0000,727,0,6730360.000,0,-,-,-,-,4810.2000,4810.0000,4809.0000,4808.8000,4808.4000,4814.0000,4814.2000,4819.8000,4822.2000,4836.0000,2,1,1,1,1,2,1,5,2,1
SF,IC2001,2019-11-19 09:31:13.200,4810.0000,727,0,6730360.000,0,-,-,-,-,4810.2000,4810.0000,4809.0000,4808.8000,4808.4000,4814.0000,4814.2000,4819.8000,4822.2000,4836.0000,2,1,1,1,1,1,1,5,2,1
SF,IC2001,2019-11-19 09:31:13.700,4810.0000,727,0,6730360.000,0,-,-,-,-,4810.6000,4810.2000,4810.0000,4809.0000,4808.4000,4814.0000,4814.2000,4819.8000,4822.2000,4836.0000,1,2,1,1,1,1,1,5,2,1
SF,IC2001,2019-11-19 09:31:14.200,4810.0000,727,0,6730360.000,0,-,-,-,-,4810.8000,4810.6000,4810.2000,4810.0000,4809.0000,4814.0000,4814.2000,4819.8000,4822.2000,4836.0000,1,2,1,1,1,1,1,5,2,1
SF,IC2001,2019-11-19 09:31:16.200,4810.0000,727,0,6730360.000,0,-,-,-,-,4810.8000,4810.6000,4810.2000,4810.0000,4809.0000,4814.0000,4814.2000,4819.8000,4822.2000,4836.0000,1,1,1,1,1,1,1,5,2,1
SF,IC2001,2019-11-19 09:31:18.200,4810.0000,727,0,6730360.000,0,-,-,-,-,4810.8000,4810.6000,4810.2000,4810.0000,4809.0000,4814.0000,4814.2000,4819.8000,4822.2000,4836.0000,1,1,1,1,1,1,1,5,2,1
SF,IC2001,2019-11-19 09:31:18.700,4810.0000,727,0,6730360.000,0,-,-,-,-,4811.4000,4811.2000,4810.8000,4810.6000,4810.2000,4814.0000,4814.2000,4819.8000,4822.2000,4836.0000,1,1,2,1,1,1,1,5,2,1
SF,IC2001,2019-11-19 09:31:19.200,4810.0000,727,0,6730360.000,0,-,-,-,-,4811.4000,4811.2000,4810.8000,4810.6000,4810.2000,4814.0000,4814.2000,4819.8000,4822.2000,4836.0000,1,1,1,1,1,1,1,5,2,1
SF,IC2001,2019-11-19 09:31:21.200,4810.0000,727,0,6730360.000,0,-,-,-,-,4811.4000,4810.8000,4810.6000,4810.2000,4810.0000,4814.0000,4814.2000,4819.8000,4822.2000,4836.0000,1,1,1,1,1,1,1,5,2,1
SF,IC2001,2019-11-19 09:31:22.200,4810.0000,727,0,6730360.000,0,-,-,-,-,4811.4000,4810.8000,4810.6000,4810.2000,4810.0000,4814.0000,4815.4000,4819.8000,4822.2000,4836.0000,1,1,1,1,1,2,1,5,2,1
SF,IC2001,2019-11-19 09:31:22.700,4810.0000,727,0,6730360.000,0,-,-,-,-,4811.6000,4811.4000,4810.8000,4810.6000,4810.2000,4815.4000,4819.8000,4822.2000,4836.0000,4910.0000,1,1,1,1,1,1,5,2,1,1
SF,IC2001,2019-11-19 09:31:23.200,4810.0000,727,0,6730360.000,0,-,-,-,-,4811.6000,4811.4000,4810.8000,4810.6000,4810.2000,4815.2000,4815.4000,4819.8000,4822.2000,4836.0000,1,1,1,1,1,2,2,5,2,1
SF,IC2001,2019-11-19 09:31:23.700,4810.0000,727,0,6730360.000,0,-,-,-,-,4811.6000,4811.4000,4810.8000,4810.6000,4810.2000,4815.0000,4815.2000,4815.4000,4819.8000,4822.2000,1,1,1,1,1,1,2,1,5,2
SF,IC2001,2019-11-19 09:31:24.200,4810.0000,727,0,6730360.000,0,-,-,-,-,4811.8000,4811.6000,4811.4000,4810.8000,4810.6000,4814.8000,4815.0000,4815.4000,4819.8000,4822.2000,1,1,1,1,1,1,1,1,5,2
SF,IC2001,2019-11-19 09:31:24.700,4810.0000,727,0,6730360.000,0,-,-,-,-,4811.8000,4811.4000,4810.8000,4810.6000,4810.2000,4814.8000,4815.0000,4815.4000,4819.8000,4822.2000,1,1,1,1,1,1,1,1,5,2
SF,IC2001,2019-11-19 09:31:25.200,4810.0000,727,0,6730360.000,0,-,-,-,-,4812.0000,4811.8000,4811.4000,4810.8000,4810.6000,4814.8000,4815.0000,4815.4000,4819.8000,4822.2000,1,1,1,1,1,1,1,1,5,2
SF,IC2001,2019-11-19 09:31:25.700,4810.0000,727,0,6730360.000,0,-,-,-,-,4812.0000,4811.8000,4811.4000,4810.8000,4810.6000,4814.8000,4815.4000,4819.8000,4836.0000,4910.0000,1,1,1,1,1,2,1,5,1,1
SF,IC2001,2019-11-19 09:31:26.200,4810.0000,727,0,6730360.000,0,-,-,-,-,4812.0000,4811.8000,4811.4000,4810.8000,4810.6000,4814.8000,4815.4000,4819.8000,4836.0000,4910.0000,1,1,1,1,1,1,1,5,1,1
SF,IC2001,2019-11-19 09:31:26.700,4810.0000,727,0,6730360.000,0,-,-,-,-,4812.2000,4812.0000,4811.4000,4810.8000,4810.6000,4814.8000,4815.4000,4819.8000,4836.0000,4910.0000,1,1,1,1,1,1,1,5,1,1
SF,IC2001,2019-11-19 09:31:27.200,4810.0000,727,0,6730360.000,0,-,-,-,-,4812.2000,4812.0000,4811.4000,4810.8000,4810.6000,4814.8000,4815.4000,4825.6000,4836.0000,4910.0000,1,1,1,1,1,2,1,5,1,1
SF,IC2001,2019-11-19 09:31:27.700,4810.0000,727,0,6730360.000,0,-,-,-,-,4812.0000,4811.4000,4810.8000,4810.6000,4810.2000,4814.8000,4815.4000,4825.6000,4836.0000,4910.0000,1,1,1,1,1,2,1,5,1,1
SF,IC2001,2019-11-19 09:31:28.200,4810.0000,727,0,6730360.000,0,-,-,-,-,4811.4000,4810.8000,4810.6000,4810.2000,4810.0000,4814.8000,4815.4000,4825.6000,4836.0000,4910.0000,1,1,1,1,1,2,1,5,1,1
SF,IC2001,2019-11-19 09:31:28.700,4814.8000,727,0,7693320.000,1,0,1,多换,S,4811.4000,4811.2000,4810.8000,4810.6000,4810.2000,4814.8000,4815.4000,4816.2000,4825.6000,4836.0000,1,1,1,1,1,1,1,1,5,1
SF,IC2001,2019-11-19 09:31:29.200,4814.8000,727,0,7693320.000,0,-,-,-,-,4811.6000,4811.4000,4810.8000,4810.6000,4810.2000,4814.8000,4815.4000,4825.6000,4836.0000,4910.0000,1,1,1,1,1,1,1,5,1,1
SF,IC2001,2019-11-19 09:31:30.200,4814.8000,727,0,7693320.000,0,-,-,-,-,4811.6000,4811.4000,4810.8000,4810.6000,4810.2000,4815.4000,4825.6000,4836.0000,4910.0000,5064.4000,1,1,1,1,1,1,5,1,1,2
SF,IC2001,2019-11-19 09:31:31.700,4814.8000,727,0,7693320.000,0,-,-,-,-,4811.8000,4811.6000,4811.4000,4810.8000,4810.6000,4815.4000,4825.6000,4836.0000,4910.0000,5064.4000,1,1,1,1,1,1,5,1,1,2
SF,IC2001,2019-11-19 09:31:32.200,4814.8000,727,0,7693320.000,0,-,-,-,-,4812.0000,4811.8000,4811.4000,4810.8000,4810.6000,4815.4000,4825.6000,4836.0000,4910.0000,5064.4000,1,1,1,1,1,2,5,1,1,2
SF,IC2001,2019-11-19 09:31:33.200,4814.8000,727,0,7693320.000,0,-,-,-,-,4812.0000,4811.4000,4810.8000,4810.6000,4810.2000,4815.4000,4825.6000,4836.0000,4910.0000,5064.4000,1,1,1,1,1,2,5,1,1,2
SF,IC2001,2019-11-19 09:31:33.700,4814.8000,727,0,7693320.000,0,-,-,-,-,4812.0000,4811.4000,4810.8000,4810.6000,4810.2000,4814.2000,4815.0000,4815.2000,4815.4000,4825.6000,1,1,1,1,1,1,1,1,2,5
SF,IC2001,2019-11-19 09:31:34.200,4814.8000,727,0,7693320.000,0,-,-,-,-,4810.8000,4810.6000,4810.2000,4810.0000,4809.0000,4814.2000,4815.0000,4815.4000,4825.6000,4836.0000,1,1,1,1,1,2,1,1,5,1
SF,IC2001,2019-11-19 09:31:34.700,4814.8000,727,0,7693320.000,0,-,-,-,-,4811.0000,4810.8000,4810.6000,4810.2000,4810.0000,4814.2000,4815.0000,4815.4000,4825.6000,4836.0000,1,1,1,1,1,2,1,1,5,1
SF,IC2001,2019-11-19 09:31:35.200,4814.8000,727,0,8656280.000,1,0,1,多换,S,4811.0000,4810.8000,4810.6000,4810.0000,4809.0000,4814.2000,4815.0000,4815.4000,4825.6000,4836.0000,2,1,1,1,1,1,1,1,5,1
SF,IC2001,2019-11-19 09:31:36.200,4814.8000,727,0,8656280.000,0,-,-,-,-,4811.0000,4810.8000,4810.6000,4810.0000,4809.0000,4815.0000,4815.4000,4825.6000,4836.0000,4910.0000,2,1,1,1,1,1,1,5,1,1
SF,IC2001,2019-11-19 09:31:38.700,4814.8000,727,0,8656280.000,0,-,-,-,-,4811.0000,4810.8000,4810.6000,4810.0000,4809.0000,4815.0000,4815.4000,4825.6000,4836.0000,4910.0000,2,1,1,1,1,2,1,5,1,1
SF,IC2001,2019-11-19 09:31:39.700,4814.8000,727,0,8656280.000,0,-,-,-,-,4811.0000,4810.8000,4810.6000,4810.0000,4809.0000,4815.0000,4815.4000,4825.6000,4836.0000,4910.0000,2,1,1,1,1,1,1,5,1,1
SF,IC2001,2019-11-19 09:31:40.200,4814.8000,727,0,8656280.000,0,-,-,-,-,4811.0000,4810.8000,4810.6000,4810.0000,4809.0000,4815.0000,4815.4000,4825.6000,4836.0000,4910.0000,2,1,1,1,1,2,1,5,1,1
SF,IC2001,2019-11-19 09:31:40.700,4814.8000,727,0,8656280.000,0,-,-,-,-,4811.0000,4810.8000,4810.6000,4810.0000,4809.0000,4814.8000,4815.0000,4815.4000,4825.6000,4836.0000,2,1,1,1,1,1,2,1,5,1
SF,IC2001,2019-11-19 09:31:42.200,4814.8000,727,0,8656280.000,0,-,-,-,-,4811.0000,4810.8000,4810.6000,4810.0000,4809.0000,4814.8000,4815.0000,4815.4000,4825.6000,4836.0000,2,1,1,1,1,2,1,1,5,1
SF,IC2001,2019-11-19 09:31:42.700,4814.8000,727,0,8656280.000,0,-,-,-,-,4811.0000,4810.8000,4810.6000,4810.0000,4809.0000,4814.8000,4815.0000,4815.4000,4825.6000,4836.0000,2,1,1,1,1,1,1,1,5,1
SF,IC2001,2019-11-19 09:31:43.700,4814.8000,727,0,8656280.000,0,-,-,-,-,4811.0000,4810.8000,4810.6000,4810.0000,4809.0000,4815.0000,4815.4000,4825.6000,4836.0000,4910.0000,2,1,1,1,1,1,1,5,1,1
SF,IC2001,2019-11-19 09:31:44.200,4814.8000,727,0,8656280.000,0,-,-,-,-,4811.0000,4810.8000,4810.0000,4809.0000,4808.4000,4815.0000,4815.4000,4825.6000,4836.0000,4910.0000,2,1,1,1,1,1,1,5,1,1
SF,IC2001,2019-11-19 09:31:44.700,4814.8000,727,0,8656280.000,0,-,-,-,-,4811.0000,4810.8000,4810.0000,4809.0000,4808.4000,4815.0000,4815.4000,4825.6000,4836.0000,4910.0000,3,1,1,1,1,2,1,5,1,1
SF,IC2001,2019-11-19 09:31:45.200,4814.8000,727,0,8656280.000,0,-,-,-,-,4811.0000,4810.8000,4810.0000,4809.0000,4808.4000,4815.0000,4815.4000,4825.6000,4836.0000,4910.0000,4,1,1,1,1,1,1,5,1,1
SF,IC2001,2019-11-19 09:31:46.700,4814.8000,727,0,8656280.000,0,-,-,-,-,4811.6000,4811.2000,4811.0000,4810.8000,4810.0000,4815.4000,4825.6000,4836.0000,4910.0000,5064.4000,1,1,4,1,1,1,5,1,1,2
SF,IC2001,2019-11-19 09:31:47.200,4814.8000,727,0,8656280.000,0,-,-,-,-,4812.2000,4811.6000,4811.2000,4811.0000,4810.8000,4816.8000,4825.6000,4836.0000,4910.0000,5064.4000,3,1,1,3,1,1,5,1,1,2
SF,IC2001,2019-11-19 09:31:47.700,4814.8000,727,0,8656280.000,0,-,-,-,-,4812.2000,4811.6000,4811.2000,4811.0000,4810.8000,4816.8000,4825.6000,4836.0000,4910.0000,5064.4000,3,1,1,3,1,2,5,1,1,2
SF,IC2001,2019-11-19 09:31:48.200,4814.8000,727,0,8656280.000,0,-,-,-,-,4812.2000,4811.6000,4811.2000,4811.0000,4810.8000,4816.4000,4816.8000,4825.6000,4836.0000,4910.0000,3,1,1,3,1,1,2,5,1,1
SF,IC2001,2019-11-19 09:31:48.700,4814.8000,727,0,8656280.000,0,-,-,-,-,4812.2000,4811.6000,4811.2000,4811.0000,4810.0000,4816.4000,4816.8000,4825.6000,4836.0000,4910.0000,4,1,1,3,1,1,2,5,1,1
SF,IC2001,2019-11-19 09:31:49.700,4814.8000,727,0,8656280.000,0,-,-,-,-,4812.2000,4811.6000,4811.2000,4811.0000,4810.0000,4816.4000,4816.8000,4825.6000,4836.0000,4910.0000,4,1,1,3,1,2,1,5,1,1
SF,IC2001,2019-11-19 09:31:50.200,4814.8000,727,0,8656280.000,0,-,-,-,-,4812.2000,4811.6000,4811.2000,4811.0000,4810.0000,4816.4000,4816.8000,4825.6000,4836.0000,4910.0000,4,1,1,3,1,1,1,5,1,1
SF,IC2001,2019-11-19 09:31:50.700,4814.8000,727,0,8656280.000,0,-,-,-,-,4812.2000,4811.6000,4811.2000,4811.0000,4810.0000,4816.4000,4816.8000,4825.6000,4836.0000,4910.0000,4,1,1,3,1,2,1,5,1,1
SF,IC2001,2019-11-19 09:31:53.200,4814.8000,727,0,8656280.000,0,-,-,-,-,4812.2000,4811.6000,4811.2000,4811.0000,4810.0000,4816.4000,4816.8000,4825.6000,4836.0000,4910.0000,4,1,1,3,1,1,1,5,1,1
SF,IC2001,2019-11-19 09:31:53.700,4814.8000,727,0,8656280.000,0,-,-,-,-,4812.2000,4811.6000,4811.2000,4811.0000,4810.0000,4816.4000,4816.8000,4825.6000,4836.0000,4910.0000,4,1,1,3,1,2,1,5,1,1
SF,IC2001,2019-11-19 09:31:54.200,4814.8000,727,0,8656280.000,0,-,-,-,-,4812.2000,4811.6000,4811.2000,4811.0000,4810.0000,4816.4000,4816.8000,4825.6000,4836.0000,4910.0000,4,1,1,3,1,1,1,5,1,1
SF,IC2001,2019-11-19 09:31:54.700,4814.8000,727,0,8656280.000,0,-,-,-,-,4812.2000,4811.6000,4811.2000,4811.0000,4810.0000,4816.2000,4816.4000,4816.8000,4825.6000,4836.0000,4,1,1,3,1,1,1,1,5,1
SF,IC2001,2019-11-19 09:31:55.200,4814.8000,727,0,8656280.000,0,-,-,-,-,4812.2000,4811.6000,4811.2000,4811.0000,4810.0000,4816.2000,4816.4000,4816.8000,4825.6000,4836.0000,4,1,1,3,1,1,1,1,5,1
SF,IC2001,2019-11-19 09:31:59.200,4814.8000,727,0,8656280.000,0,-,-,-,-,4812.2000,4811.6000,4811.2000,4811.0000,4810.0000,4816.0000,4816.2000,4816.4000,4816.8000,4825.6000,4,1,1,3,1,1,1,1,1,5
SF,IC2001,2019-11-19 09:32:00.200,4814.8000,727,0,8656280.000,0,-,-,-,-,4812.2000,4811.6000,4811.2000,4811.0000,4810.0000,4815.6000,4816.0000,4816.4000,4816.8000,4825.6000,4,1,1,3,1,1,1,1,1,5
SF,IC2001,2019-11-19 09:32:03.700,4814.8000,727,0,8656280.000,0,-,-,-,-,4812.2000,4811.6000,4811.2000,4811.0000,4810.0000,4815.6000,4816.0000,4816.4000,4816.8000,4825.6000,4,1,1,3,1,2,1,1,1,5
SF,IC2001,2019-11-19 09:32:05.200,4814.8000,727,0,8656280.000,0,-,-,-,-,4812.2000,4811.6000,4811.2000,4811.0000,4810.0000,4815.6000,4816.0000,4816.4000,4816.8000,4825.6000,4,1,1,2,1,2,1,1,1,5
SF,IC2001,2019-11-19 09:32:05.700,4814.8000,727,0,8656280.000,0,-,-,-,-,4812.2000,4811.6000,4811.2000,4811.0000,4810.0000,4815.6000,4816.0000,4816.4000,4816.8000,4825.6000,5,1,1,2,1,2,1,1,1,5
SF,IC2001,2019-11-19 09:32:08.700,4814.8000,727,0,8656280.000,0,-,-,-,-,4812.2000,4811.6000,4811.2000,4811.0000,4810.0000,4815.0000,4815.6000,4816.0000,4816.4000,4816.8000,5,1,1,2,1,1,2,1,1,1
SF,IC2001,2019-11-19 09:32:12.700,4814.8000,727,0,8656280.000,0,-,-,-,-,4812.2000,4811.6000,4811.2000,4811.0000,4810.0000,4815.0000,4815.4000,4815.6000,4816.0000,4816.4000,5,1,1,2,1,1,1,2,1,1
SF,IC2001,2019-11-19 09:32:14.700,4814.8000,727,0,8656280.000,0,-,-,-,-,4812.2000,4811.0000,4810.0000,4809.0000,4808.4000,4814.6000,4815.0000,4815.4000,4815.6000,4816.0000,5,1,1,1,1,1,2,1,1,1
SF,IC2001,2019-11-19 09:32:15.200,4814.8000,727,0,8656280.000,0,-,-,-,-,4812.4000,4812.2000,4810.0000,4809.0000,4808.4000,4814.6000,4815.0000,4815.4000,4815.6000,4816.0000,1,3,1,1,1,1,2,1,1,1
SF,IC2001,2019-11-19 09:32:15.700,4814.8000,727,0,8656280.000,0,-,-,-,-,4812.4000,4812.2000,4810.0000,4809.0000,4808.4000,4814.6000,4815.0000,4815.4000,4815.6000,4816.0000,2,3,1,1,1,1,2,1,1,1
SF,IC2001,2019-11-19 09:32:18.200,4814.8000,727,0,8656280.000,0,-,-,-,-,4812.4000,4812.2000,4810.0000,4809.0000,4808.4000,4814.6000,4815.0000,4815.4000,4815.6000,4816.0000,2,3,1,1,1,1,1,1,1,1
SF,IC2001,2019-11-19 09:32:18.700,4814.8000,727,0,8656280.000,0,-,-,-,-,4812.4000,4812.2000,4810.0000,4809.0000,4808.4000,4814.6000,4815.0000,4815.4000,4815.6000,4816.0000,2,2,1,1,1,2,1,1,1,1
SF,IC2001,2019-11-19 09:32:19.200,4814.8000,727,0,8656280.000,0,-,-,-,-,4812.4000,4812.2000,4810.0000,4809.0000,4808.4000,4814.6000,4815.0000,4815.4000,4815.6000,4816.0000,3,2,1,1,1,1,1,1,1,1
SF,IC2001,2019-11-19 09:32:20.700,4814.8000,727,0,8656280.000,0,-,-,-,-,4812.4000,4812.2000,4810.0000,4809.0000,4808.4000,4814.6000,4815.0000,4815.4000,4815.6000,4816.0000,3,2,1,1,1,2,1,1,1,1
SF,IC2001,2019-11-19 09:32:21.200,4814.6000,726,-1,9619200.000,1,0,1,双平,S,4812.6000,4812.4000,4812.2000,4810.0000,4809.0000,4815.0000,4815.4000,4815.6000,4816.0000,4816.4000,1,3,2,1,1,1,1,1,1,1
SF,IC2001,2019-11-19 09:32:21.700,4814.6000,726,0,9619200.000,0,-,-,-,-,4812.8000,4812.6000,4812.4000,4812.2000,4810.0000,4815.0000,4815.4000,4815.6000,4816.0000,4816.4000,2,1,2,2,1,1,1,1,1,1
SF,IC2001,2019-11-19 09:32:22.700,4814.6000,726,0,9619200.000,0,-,-,-,-,4813.0000,4812.8000,4812.4000,4812.2000,4810.0000,4815.0000,4815.4000,4815.6000,4816.0000,4816.4000,1,2,2,2,1,1,1,1,1,1
SF,IC2001,2019-11-19 09:32:23.200,4814.6000,726,0,9619200.000,0,-,-,-,-,4813.2000,4813.0000,4812.4000,4812.2000,4811.4000,4815.0000,4815.4000,4815.6000,4816.0000,4816.4000,1,1,2,2,1,1,1,1,1,1
SF,IC2001,2019-11-19 09:32:23.700,4814.6000,726,0,9619200.000,0,-,-,-,-,4813.2000,4813.0000,4812.4000,4812.2000,4811.4000,4815.0000,4815.4000,4815.6000,4816.0000,4816.4000,1,1,2,2,1,1,1,1,1,1
SF,IC2001,2019-11-19 09:32:24.200,4815.0000,726,0,10582200.000,1,0,1,多换,S,4813.2000,4812.4000,4812.2000,4811.4000,4810.0000,4816.0000,4816.4000,4816.8000,4825.6000,4836.0000,1,2,2,1,1,1,1,1,5,1
SF,IC2001,2019-11-19 09:32:24.700,4815.0000,726,0,10582200.000,0,-,-,-,-,4813.2000,4812.4000,4812.2000,4811.4000,4810.0000,4816.4000,4816.8000,4825.6000,4836.0000,4910.0000,1,2,2,1,1,1,1,5,1,1
SF,IC2001,2019-11-19 09:32:25.200,4815.0000,726,0,10582200.000,0,-,-,-,-,4813.2000,4812.4000,4812.2000,4811.4000,4810.0000,4816.2000,4816.4000,4816.8000,4825.6000,4836.0000,1,2,2,1,1,1,1,1,5,1
SF,IC2001,2019-11-19 09:32:25.700,4815.0000,726,0,10582200.000,0,-,-,-,-,4813.2000,4812.4000,4812.2000,4811.4000,4810.0000,4816.0000,4816.2000,4816.4000,4816.8000,4825.6000,1,2,2,1,1,1,2,1,1,5
SF,IC2001,2019-11-19 09:32:26.200,4815.0000,726,0,10582200.000,0,-,-,-,-,4813.2000,4812.4000,4812.2000,4811.4000,4810.0000,4816.0000,4816.4000,4816.8000,4825.6000,4836.0000,1,2,2,1,1,1,1,1,5,1
SF,IC2001,2019-11-19 09:32:26.700,4815.0000,726,0,10582200.000,0,-,-,-,-,4813.2000,4812.4000,4812.2000,4811.4000,4810.0000,4816.0000,4816.4000,4816.8000,4825.6000,4836.0000,2,2,2,1,1,1,1,1,5,1
SF,IC2001,2019-11-19 09:32:28.200,4815.0000,726,0,10582200.000,0,-,-,-,-,4813.2000,4812.4000,4812.2000,4811.4000,4810.0000,4816.0000,4816.4000,4816.8000,4825.6000,4836.0000,1,2,2,1,1,1,1,1,5,1
SF,IC2001,2019-11-19 09:32:30.700,4815.0000,726,0,10582200.000,0,-,-,-,-,4813.2000,4812.4000,4812.2000,4811.4000,4810.0000,4816.0000,4816.4000,4816.8000,4825.6000,4836.0000,2,2,2,1,1,1,1,1,5,1
SF,IC2001,2019-11-19 09:32:31.700,4815.0000,726,0,10582200.000,0,-,-,-,-,4813.2000,4812.4000,4812.2000,4811.4000,4810.0000,4816.0000,4816.4000,4816.8000,4825.6000,4836.0000,2,2,2,1,1,2,1,1,5,1
SF,IC2001,2019-11-19 09:32:32.200,4815.0000,726,0,10582200.000,0,-,-,-,-,4813.2000,4812.4000,4812.2000,4811.4000,4810.0000,4816.0000,4816.8000,4825.6000,4836.0000,4910.0000,1,2,2,1,1,2,1,5,1,1
SF,IC2001,2019-11-19 09:32:33.200,4815.0000,726,0,10582200.000,0,-,-,-,-,4813.2000,4812.4000,4812.2000,4811.4000,4810.0000,4816.0000,4816.8000,4825.6000,4836.0000,4910.0000,2,2,2,1,1,2,1,5,1,1
SF,IC2001,2019-11-19 09:32:35.200,4815.0000,726,0,10582200.000,0,-,-,-,-,4813.2000,4812.4000,4812.2000,4811.4000,4810.0000,4816.0000,4816.8000,4825.6000,4836.0000,4910.0000,2,2,1,1,1,2,1,5,1,1
SF,IC2001,2019-11-19 09:32:35.700,4815.0000,726,0,10582200.000,0,-,-,-,-,4813.2000,4812.4000,4812.2000,4811.4000,4810.0000,4816.0000,4816.8000,4825.6000,4836.0000,4910.0000,3,2,1,1,1,2,1,5,1,1
SF,IC2001,2019-11-19 09:32:36.200,4815.0000,726,0,10582200.000,0,-,-,-,-,4813.4000,4813.2000,4812.4000,4812.2000,4811.4000,4816.0000,4818.4000,4825.6000,4836.0000,4910.0000,2,4,2,1,1,2,1,5,1,1
SF,IC2001,2019-11-19 09:32:36.700,4815.0000,726,0,10582200.000,0,-,-,-,-,4813.6000,4813.4000,4813.2000,4812.4000,4812.2000,4816.0000,4818.4000,4825.6000,4836.0000,4910.0000,2,2,2,2,1,2,1,5,1,1
SF,IC2001,2019-11-19 09:32:38.200,4815.0000,726,0,10582200.000,0,-,-,-,-,4813.8000,4813.6000,4813.4000,4813.2000,4812.4000,4816.0000,4818.4000,4825.6000,4836.0000,4910.0000,1,2,2,2,2,2,1,5,1,1
SF,IC2001,2019-11-19 09:32:38.700,4815.0000,726,0,10582200.000,0,-,-,-,-,4814.0000,4813.8000,4813.4000,4813.2000,4812.4000,4816.0000,4818.4000,4825.6000,4836.0000,4910.0000,1,1,2,2,2,2,1,5,1,1
SF,IC2001,2019-11-19 09:32:40.200,4815.0000,726,0,10582200.000,0,-,-,-,-,4814.0000,4813.8000,4813.4000,4813.2000,4812.4000,4816.0000,4818.4000,4825.6000,4836.0000,4910.0000,1,1,2,2,2,2,1,5,1,1
SF,IC2001,2019-11-19 09:32:41.700,4815.0000,726,0,10582200.000,0,-,-,-,-,4814.0000,4813.4000,4813.2000,4812.4000,4812.2000,4816.0000,4818.4000,4825.6000,4836.0000,4910.0000,2,2,2,2,1,2,1,5,1,1
SF,IC2001,2019-11-19 09:32:42.200,4815.0000,726,0,10582200.000,0,-,-,-,-,4814.0000,4813.4000,4813.2000,4812.4000,4812.2000,4816.0000,4818.4000,4825.6000,4836.0000,4910.0000,1,2,2,2,1,2,1,5,1,1
SF,IC2001,2019-11-19 09:32:42.700,4815.0000,726,0,10582200.000,0,-,-,-,-,4813.4000,4813.2000,4812.4000,4812.2000,4811.4000,4815.8000,4816.0000,4818.4000,4825.6000,4836.0000,2,2,2,1,1,2,2,1,5,1
SF,IC2001,2019-11-19 09:32:43.200,4815.0000,726,0,10582200.000,0,-,-,-,-,4813.6000,4813.4000,4813.2000,4812.4000,4812.2000,4815.8000,4816.0000,4818.4000,4825.6000,4836.0000,1,2,2,2,1,2,2,1,5,1
SF,IC2001,2019-11-19 09:32:44.200,4815.0000,726,0,10582200.000,0,-,-,-,-,4813.6000,4813.4000,4813.2000,4812.4000,4812.2000,4815.8000,4816.0000,4818.4000,4825.6000,4836.0000,1,2,2,2,1,1,2,1,5,1
SF,IC2001,2019-11-19 09:32:44.700,4815.0000,726,0,10582200.000,0,-,-,-,-,4813.6000,4813.4000,4813.2000,4812.4000,4811.4000,4816.0000,4818.4000,4825.6000,4836.0000,4910.0000,1,2,2,2,1,2,1,5,1,1
SF,IC2001,2019-11-19 09:32:45.200,4815.0000,726,0,10582200.000,0,-,-,-,-,4813.6000,4813.4000,4813.2000,4812.4000,4811.4000,4816.0000,4818.4000,4825.6000,4836.0000,4910.0000,2,2,2,1,1,2,1,5,1,1
SF,IC2001,2019-11-19 09:32:45.700,4815.0000,726,0,10582200.000,0,-,-,-,-,4813.6000,4813.4000,4813.2000,4812.4000,4811.4000,4816.0000,4818.4000,4825.6000,4836.0000,4910.0000,3,2,2,1,1,2,1,5,1,1
SF,IC2001,2019-11-19 09:32:46.200,4815.0000,726,0,10582200.000,0,-,-,-,-,4813.6000,4813.4000,4813.2000,4812.4000,4811.4000,4815.8000,4816.0000,4818.4000,4825.6000,4836.0000,2,2,2,1,1,2,2,1,5,1
SF,IC2001,2019-11-19 09:32:47.700,4815.0000,726,0,10582200.000,0,-,-,-,-,4813.6000,4813.4000,4813.2000,4812.4000,4811.4000,4815.8000,4816.0000,4818.4000,4825.6000,4836.0000,2,2,2,1,1,2,1,1,5,1
SF,IC2001,2019-11-19 09:32:48.200,4815.0000,726,0,10582200.000,0,-,-,-,-,4813.6000,4813.2000,4812.4000,4811.4000,4810.0000,4815.8000,4816.0000,4818.4000,4825.6000,4836.0000,3,2,1,1,1,2,1,1,5,1
SF,IC2001,2019-11-19 09:32:48.700,4815.0000,726,0,10582200.000,0,-,-,-,-,4813.6000,4813.2000,4811.4000,4810.0000,4808.4000,4815.8000,4816.0000,4818.4000,4825.6000,4836.0000,3,2,1,1,1,2,1,1,5,1
SF,IC2001,2019-11-19 09:32:49.200,4815.0000,726,0,10582200.000,0,-,-,-,-,4813.6000,4813.2000,4811.4000,4810.0000,4808.4000,4815.8000,4816.0000,4818.4000,4825.6000,4836.0000,4,2,1,1,1,2,1,1,5,1
SF,IC2001,2019-11-19 09:32:49.700,4815.0000,726,0,10582200.000,0,-,-,-,-,4813.6000,4813.2000,4811.4000,4810.0000,4808.4000,4815.8000,4816.0000,4818.4000,4825.6000,4836.0000,4,2,1,1,1,1,1,1,5,1
SF,IC2001,2019-11-19 09:32:53.700,4815.0000,726,0,10582200.000,0,-,-,-,-,4813.6000,4813.2000,4811.4000,4810.0000,4808.4000,4815.8000,4816.0000,4818.4000,4825.6000,4836.0000,4,2,1,1,1,2,1,1,5,1
SF,IC2001,2019-11-19 09:32:54.200,4815.0000,726,0,10582200.000,0,-,-,-,-,4813.6000,4813.2000,4811.4000,4810.0000,4808.4000,4815.8000,4816.0000,4817.0000,4818.4000,4825.6000,4,2,1,1,1,2,1,1,1,5
SF,IC2001,2019-11-19 09:32:57.200,4815.0000,726,0,10582200.000,0,-,-,-,-,4813.6000,4813.2000,4811.4000,4810.0000,4808.4000,4815.8000,4816.0000,4817.0000,4818.4000,4825.6000,4,2,1,1,1,1,1,1,1,5
SF,IC2001,2019-11-19 09:32:57.700,4815.0000,726,0,10582200.000,0,-,-,-,-,4813.6000,4813.2000,4811.4000,4810.0000,4808.4000,4815.8000,4816.0000,4817.0000,4818.4000,4825.6000,4,2,1,1,1,2,1,1,1,5
SF,IC2001,2019-11-19 09:33:01.700,4815.0000,726,0,10582200.000,0,-,-,-,-,4813.6000,4813.2000,4811.4000,4810.0000,4808.4000,4815.8000,4816.0000,4817.0000,4818.4000,4825.6000,4,1,1,1,1,2,1,1,1,5
SF,IC2001,2019-11-19 09:33:02.200,4815.0000,726,0,10582200.000,0,-,-,-,-,4813.8000,4813.6000,4813.2000,4811.4000,4810.0000,4816.0000,4817.0000,4818.4000,4825.6000,4836.0000,1,4,1,1,1,1,1,1,5,1
SF,IC2001,2019-11-19 09:33:02.700,4815.0000,726,0,10582200.000,0,-,-,-,-,4813.8000,4813.6000,4813.2000,4811.4000,4810.0000,4816.0000,4817.0000,4818.4000,4825.6000,4836.0000,2,4,1,1,1,1,1,1,5,1
SF,IC2001,2019-11-19 09:33:03.200,4815.0000,726,0,10582200.000,0,-,-,-,-,4813.8000,4813.6000,4813.2000,4813.0000,4811.4000,4816.0000,4817.0000,4818.4000,4825.6000,4836.0000,2,4,1,1,1,1,1,1,5,1
SF,IC2001,2019-11-19 09:33:05.700,4815.0000,726,0,10582200.000,0,-,-,-,-,4813.8000,4813.6000,4813.0000,4811.4000,4810.0000,4816.0000,4817.0000,4818.4000,4825.6000,4836.0000,2,4,1,1,1,1,1,1,5,1
SF,IC2001,2019-11-19 09:33:06.200,4815.0000,726,0,10582200.000,0,-,-,-,-,4813.8000,4813.6000,4813.0000,4811.4000,4810.0000,4816.0000,4817.0000,4818.4000,4825.6000,4836.0000,3,4,1,1,1,1,1,1,5,1
SF,IC2001,2019-11-19 09:33:07.200,4815.0000,726,0,10582200.000,0,-,-,-,-,4813.8000,4813.6000,4813.0000,4811.4000,4810.0000,4816.0000,4817.0000,4818.4000,4825.6000,4836.0000,2,4,1,1,1,1,1,1,5,1
SF,IC2001,2019-11-19 09:33:08.200,4815.0000,726,0,10582200.000,0,-,-,-,-,4813.8000,4813.6000,4813.0000,4811.4000,4810.0000,4816.0000,4817.0000,4818.4000,4825.6000,4836.0000,2,4,1,1,1,2,1,1,5,1
SF,IC2001,2019-11-19 09:33:10.700,4815.0000,726,0,10582200.000,0,-,-,-,-,4813.8000,4813.6000,4813.0000,4811.4000,4810.0000,4816.0000,4817.0000,4818.4000,4825.6000,4836.0000,2,4,1,1,1,1,1,1,5,1
SF,IC2001,2019-11-19 09:33:13.200,4815.0000,726,0,10582200.000,0,-,-,-,-,4813.8000,4813.6000,4813.0000,4811.4000,4810.0000,4816.0000,4817.0000,4818.4000,4825.6000,4836.0000,2,4,1,1,1,2,1,1,5,1
SF,IC2001,2019-11-19 09:33:13.700,4815.0000,726,0,10582200.000,0,-,-,-,-,4813.8000,4813.6000,4813.0000,4811.4000,4810.0000,4815.8000,4816.0000,4817.0000,4818.4000,4825.6000,1,4,1,1,1,1,2,1,1,5
SF,IC2001,2019-11-19 09:33:14.200,4815.0000,726,0,10582200.000,0,-,-,-,-,4813.8000,4813.6000,4813.0000,4811.4000,4810.0000,4815.8000,4816.0000,4817.0000,4818.4000,4825.6000,2,4,1,1,1,2,1,1,1,5
SF,IC2001,2019-11-19 09:33:14.700,4813.8000,726,0,12507720.000,2,1,1,多换,S,4813.6000,4811.4000,4810.0000,4808.4000,4806.0000,4815.8000,4816.0000,4817.0000,4818.4000,4825.6000,4,1,1,1,1,2,1,1,1,5
SF,IC2001,2019-11-19 09:33:16.700,4813.8000,726,0,12507720.000,0,-,-,-,-,4813.6000,4811.4000,4810.0000,4808.4000,4806.0000,4815.8000,4816.0000,4817.0000,4818.4000,4825.6000,4,1,1,1,1,1,1,1,1,5
SF,IC2001,2019-11-19 09:33:17.700,4813.8000,726,0,12507720.000,0,-,-,-,-,4813.8000,4813.6000,4811.4000,4810.0000,4808.4000,4815.8000,4816.0000,4817.0000,4818.4000,4825.6000,1,4,1,1,1,1,1,1,1,5
SF,IC2001,2019-11-19 09:33:18.200,4813.8000,726,0,12507720.000,0,-,-,-,-,4814.0000,4813.8000,4813.6000,4811.4000,4810.0000,4816.0000,4817.0000,4818.4000,4825.6000,4836.0000,1,1,1,1,1,1,1,1,5,1
SF,IC2001,2019-11-19 09:33:18.700,4813.8000,726,0,12507720.000,0,-,-,-,-,4814.0000,4813.8000,4811.4000,4810.0000,4808.4000,4816.0000,4817.0000,4818.4000,4825.6000,4836.0000,4,1,1,1,1,1,1,1,5,1
SF,IC2001,2019-11-19 09:33:19.200,4813.8000,726,0,12507720.000,0,-,-,-,-,4814.0000,4811.4000,4810.0000,4808.4000,4806.0000,4816.0000,4817.0000,4818.4000,4825.6000,4836.0000,5,1,1,1,1,1,1,1,5,1
SF,IC2001,2019-11-19 09:33:21.200,4813.8000,726,0,12507720.000,0,-,-,-,-,4814.0000,4813.0000,4811.4000,4810.0000,4808.4000,4816.0000,4817.0000,4818.4000,4825.6000,4836.0000,5,1,1,1,1,1,1,1,5,1
SF,IC2001,2019-11-19 09:33:21.700,4813.8000,726,0,12507720.000,0,-,-,-,-,4814.2000,4814.0000,4813.0000,4811.4000,4810.0000,4816.0000,4817.0000,4818.4000,4825.6000,4836.0000,1,5,1,1,1,1,1,1,5,1
SF,IC2001,2019-11-19 09:33:22.200,4813.8000,726,0,12507720.000,0,-,-,-,-,4814.4000,4814.2000,4814.0000,4813.0000,4811.4000,4816.0000,4817.0000,4818.4000,4825.6000,4836.0000,1,1,4,1,1,1,1,1,5,1
SF,IC2001,2019-11-19 09:33:22.700,4813.8000,726,0,12507720.000,0,-,-,-,-,4814.4000,4814.0000,4813.0000,4811.4000,4810.0000,4816.0000,4817.0000,4818.4000,4825.6000,4836.0000,2,4,1,1,1,1,1,1,5,1
SF,IC2001,2019-11-19 09:33:23.200,4816.0000,726,0,13470920.000,1,0,1,多换,S,4814.4000,4814.0000,4813.0000,4811.4000,4810.0000,4817.0000,4818.4000,4825.6000,4836.0000,4910.0000,2,4,1,1,1,1,1,5,1,1
SF,IC2001,2019-11-19 09:33:23.700,4816.0000,726,0,13470920.000,0,-,-,-,-,4814.4000,4814.0000,4813.0000,4811.4000,4810.0000,4818.4000,4825.6000,4836.0000,4910.0000,5064.4000,2,4,1,1,1,1,5,1,1,2
SF,IC2001,2019-11-19 09:33:24.200,4816.0000,726,0,13470920.000,0,-,-,-,-,4814.6000,4814.4000,4814.0000,4813.0000,4811.4000,4818.4000,4825.6000,4836.0000,4910.0000,5064.4000,2,2,4,1,1,1,5,1,1,2
SF,IC2001,2019-11-19 09:33:24.700,4816.0000,726,0,13470920.000,0,-,-,-,-,4814.8000,4814.6000,4814.0000,4813.0000,4811.4000,4818.4000,4825.6000,4836.0000,4910.0000,5064.4000,3,2,4,1,1,1,5,1,1,2
SF,IC2001,2019-11-19 09:33:25.200,4816.0000,726,0,13470920.000,0,-,-,-,-,4814.8000,4814.6000,4814.0000,4813.0000,4811.4000,4820.0000,4825.6000,4836.0000,4910.0000,5064.4000,3,2,4,1,1,1,5,1,1,2
SF,IC2001,2019-11-19 09:33:25.700,4816.0000,726,0,13470920.000,0,-,-,-,-,4814.8000,4814.6000,4814.0000,4813.0000,4811.4000,4819.8000,4820.0000,4825.6000,4836.0000,4910.0000,4,2,4,1,1,3,1,5,1,1
SF,IC2001,2019-11-19 09:33:26.200,4816.0000,726,0,13470920.000,0,-,-,-,-,4815.0000,4814.8000,4814.6000,4814.0000,4813.0000,4819.8000,4820.0000,4825.6000,4836.0000,4910.0000,1,3,2,4,1,3,1,5,1,1
SF,IC2001,2019-11-19 09:33:26.700,4816.0000,726,0,13470920.000,0,-,-,-,-,4815.8000,4815.0000,4814.8000,4814.6000,4814.0000,4820.0000,4825.6000,4836.0000,4910.0000,5064.4000,3,1,1,2,4,1,5,1,1,2
SF,IC2001,2019-11-19 09:33:27.700,4816.0000,726,0,13470920.000,0,-,-,-,-,4815.8000,4814.8000,4814.6000,4814.0000,4813.0000,4820.0000,4825.6000,4836.0000,4910.0000,5064.4000,3,1,2,4,1,1,5,1,1,2
SF,IC2001,2019-11-19 09:33:28.200,4816.0000,726,0,13470920.000,0,-,-,-,-,4816.0000,4815.8000,4814.8000,4814.6000,4814.0000,4822.2000,4825.6000,4836.0000,4910.0000,5064.4000,1,3,1,2,4,1,5,1,1,2
SF,IC2001,2019-11-19 09:33:28.700,4816.0000,726,0,13470920.000,0,-,-,-,-,4816.2000,4816.0000,4814.8000,4814.6000,4814.0000,4821.8000,4822.2000,4825.6000,4836.0000,4910.0000,3,1,1,2,9,3,1,5,1,1
SF,IC2001,2019-11-19 09:33:29.200,4816.0000,726,0,13470920.000,0,-,-,-,-,4816.2000,4814.8000,4814.6000,4814.0000,4813.0000,4821.8000,4822.2000,4825.6000,4836.0000,4910.0000,3,1,2,9,1,3,1,5,1,1
SF,IC2001,2019-11-19 09:33:29.700,4816.0000,726,0,13470920.000,0,-,-,-,-,4816.2000,4814.8000,4814.6000,4814.0000,4813.0000,4821.8000,4822.2000,4831.4000,4836.0000,4910.0000,3,1,2,9,1,3,1,5,1,1
SF,IC2001,2019-11-19 09:33:30.200,4816.0000,726,0,13470920.000,0,-,-,-,-,4816.4000,4816.2000,4814.8000,4814.6000,4814.0000,4821.6000,4821.8000,4822.2000,4831.4000,4836.0000,1,3,1,2,9,1,3,1,5,1
SF,IC2001,2019-11-19 09:33:30.700,4816.0000,726,0,13470920.000,0,-,-,-,-,4816.6000,4816.4000,4816.2000,4814.8000,4814.6000,4821.4000,4821.6000,4822.2000,4831.4000,4836.0000,1,1,1,1,2,2,1,1,5,1
SF,IC2001,2019-11-19 09:33:31.200,4816.0000,726,0,13470920.000,0,-,-,-,-,4816.6000,4816.4000,4816.2000,4814.8000,4814.6000,4821.0000,4821.2000,4821.4000,4822.2000,4831.4000,1,1,1,1,2,1,3,2,1,5
SF,IC2001,2019-11-19 09:33:31.700,4816.0000,726,0,13470920.000,0,-,-,-,-,4816.6000,4816.2000,4814.8000,4814.6000,4814.0000,4820.6000,4821.0000,4821.2000,4822.2000,4831.4000,1,1,1,2,4,3,2,2,1,5
SF,IC2001,2019-11-19 09:33:32.200,4816.0000,726,0,13470920.000,0,-,-,-,-,4814.8000,4814.6000,4814.0000,4813.0000,4811.4000,4820.4000,4820.6000,4820.8000,4821.0000,4821.2000,1,2,4,1,1,1,3,1,1,2
SF,IC2001,2019-11-19 09:33:32.700,4816.0000,726,0,13470920.000,0,-,-,-,-,4815.0000,4814.8000,4814.6000,4814.0000,4813.0000,4820.2000,4820.8000,4821.0000,4821.2000,4822.2000,3,1,2,4,1,3,1,1,2,1
SF,IC2001,2019-11-19 09:33:33.200,4816.0000,726,0,13470920.000,0,-,-,-,-,4815.0000,4814.8000,4814.0000,4813.0000,4811.4000,4820.0000,4820.2000,4820.8000,4821.0000,4821.2000,3,1,4,1,1,1,3,1,1,2
SF,IC2001,2019-11-19 09:33:33.700,4816.0000,726,0,13470920.000,0,-,-,-,-,4815.0000,4814.8000,4814.0000,4813.0000,4811.4000,4819.8000,4820.2000,4820.8000,4821.0000,4821.2000,3,1,4,1,1,1,1,1,1,2
SF,IC2001,2019-11-19 09:33:34.200,4816.0000,726,0,13470920.000,0,-,-,-,-,4816.2000,4815.2000,4815.0000,4814.8000,4814.0000,4819.8000,4820.2000,4820.8000,4821.0000,4821.2000,1,2,3,1,4,1,2,1,1,2
SF,IC2001,2019-11-19 09:33:34.700,4816.0000,726,0,13470920.000,0,-,-,-,-,4816.4000,4816.2000,4815.2000,4815.0000,4814.8000,4819.8000,4820.2000,4820.8000,4821.0000,4821.2000,2,2,2,1,1,1,2,1,1,2
SF,IC2001,2019-11-19 09:33:35.200,4816.0000,726,0,13470920.000,0,-,-,-,-,4816.4000,4816.2000,4815.2000,4815.0000,4814.8000,4819.8000,4820.2000,4820.8000,4821.0000,4821.2000,2,1,2,1,1,1,2,1,1,2
SF,IC2001,2019-11-19 09:33:35.700,4816.0000,726,0,13470920.000,0,-,-,-,-,4816.4000,4816.2000,4815.2000,4815.0000,4814.8000,4819.8000,4820.2000,4820.8000,4821.0000,4821.2000,1,1,2,1,1,2,2,1,1,2
SF,IC2001,2019-11-19 09:33:36.200,4819.8000,726,0,15398840.000,2,1,1,多换,S,4819.8000,4816.4000,4815.2000,4815.0000,4814.8000,4820.2000,4820.8000,4821.0000,4821.2000,4822.2000,8,1,1,1,1,3,1,1,2,1
SF,IC2001,2019-11-19 09:33:36.700,4819.8000,732,6,23110520.000,8,7,1,空开,S,4814.8000,4814.0000,4813.0000,4811.4000,4808.2000,4819.8000,4820.2000,4820.8000,4821.0000,4821.2000,1,4,1,1,5,1,3,1,1,2
SF,IC2001,2019-11-19 09:33:37.200,4819.8000,732,0,23110520.000,0,-,-,-,-,4816.6000,4815.0000,4814.8000,4814.0000,4813.0000,4819.8000,4820.2000,4820.8000,4821.0000,4821.2000,3,2,2,4,1,1,2,1,1,2
SF,IC2001,2019-11-19 09:33:38.200,4819.8000,732,0,23110520.000,0,-,-,-,-,4816.6000,4815.0000,4814.8000,4814.0000,4813.0000,4819.6000,4819.8000,4820.2000,4820.8000,4821.0000,3,2,1,4,1,1,2,2,1,1
SF,IC2001,2019-11-19 09:33:38.700,4819.8000,732,0,23110520.000,0,-,-,-,-,4816.6000,4815.0000,4814.8000,4814.0000,4813.0000,4819.6000,4819.8000,4820.2000,4820.8000,4821.0000,3,2,1,4,1,1,1,2,1,1
SF,IC2001,2019-11-19 09:33:39.200,4819.8000,732,0,23110520.000,0,-,-,-,-,4816.6000,4815.0000,4814.8000,4814.0000,4813.0000,4819.6000,4819.8000,4820.2000,4820.8000,4821.0000,3,2,1,4,1,1,2,2,1,1
SF,IC2001,2019-11-19 09:33:40.200,4819.8000,732,0,23110520.000,0,-,-,-,-,4816.6000,4814.8000,4814.0000,4813.0000,4811.4000,4819.2000,4819.4000,4819.6000,4819.8000,4820.2000,3,1,4,1,1,2,1,1,3,2
SF,IC2001,2019-11-19 09:33:40.700,4819.8000,732,0,23110520.000,0,-,-,-,-,4815.0000,4814.0000,4813.0000,4811.4000,4808.2000,4819.0000,4819.2000,4819.4000,4819.6000,4819.8000,1,4,1,1,5,1,4,1,1,3
SF,IC2001,2019-11-19 09:33:41.200,4819.8000,732,0,23110520.000,0,-,-,-,-,4815.2000,4815.0000,4814.0000,4813.0000,4811.4000,4818.0000,4818.6000,4819.0000,4819.2000,4819.4000,3,1,4,1,1,1,2,1,4,1
SF,IC2001,2019-11-19 09:33:41.700,4819.8000,732,0,23110520.000,0,-,-,-,-,4815.2000,4815.0000,4814.0000,4813.0000,4811.4000,4817.6000,4817.8000,4818.6000,4819.0000,4819.2000,3,1,4,1,1,2,2,2,1,5
SF,IC2001,2019-11-19 09:33:42.200,4819.8000,732,0,23110520.000,0,-,-,-,-,4815.2000,4815.0000,4814.0000,4813.0000,4811.4000,4817.4000,4817.6000,4817.8000,4818.0000,4818.6000,3,1,4,1,1,1,2,2,1,2
SF,IC2001,2019-11-19 09:33:42.700,4819.8000,732,0,23110520.000,0,-,-,-,-,4815.2000,4815.0000,4814.0000,4811.4000,4808.2000,4817.0000,4817.2000,4817.4000,4817.6000,4817.8000,3,1,4,1,5,1,1,1,2,2
SF,IC2001,2019-11-19 09:33:43.200,4819.8000,732,0,23110520.000,0,-,-,-,-,4815.4000,4815.0000,4814.0000,4811.4000,4808.2000,4817.0000,4817.2000,4817.4000,4817.6000,4817.8000,2,1,4,1,5,1,1,1,2,2
SF,IC2001,2019-11-19 09:33:43.700,4815.4000,731,-1,25036680.000,2,0,2,多平,S,4815.0000,4814.0000,4813.6000,4811.4000,4808.2000,4816.8000,4817.0000,4817.2000,4817.4000,4817.6000,1,4,1,1,5,1,1,1,2,2
SF,IC2001,2019-11-19 09:33:44.200,4815.4000,731,0,25036680.000,0,-,-,-,-,4815.0000,4814.0000,4813.0000,4811.4000,4808.2000,4816.8000,4817.0000,4817.2000,4817.4000,4817.6000,1,4,1,1,5,1,1,1,2,2
SF,IC2001,2019-11-19 09:33:44.700,4815.0000,730,-1,25999680.000,1,0,1,双平,S,4814.0000,4813.0000,4811.4000,4808.2000,4806.0000,4816.4000,4816.8000,4817.0000,4817.2000,4817.4000,4,1,1,5,1,1,1,1,1,2
SF,IC2001,2019-11-19 09:33:45.200,4815.0000,730,0,25999680.000,0,-,-,-,-,4814.2000,4814.0000,4813.0000,4811.4000,4808.2000,4816.2000,4816.4000,4816.8000,4817.0000,4817.2000,1,4,1,1,5,2,1,1,1,1
SF,IC2001,2019-11-19 09:33:45.700,4815.0000,730,0,25999680.000,0,-,-,-,-,4814.2000,4814.0000,4813.0000,4811.4000,4808.2000,4815.8000,4816.2000,4816.4000,4816.8000,4817.0000,2,4,1,1,5,1,2,1,1,1
SF,IC2001,2019-11-19 09:33:46.200,4815.8000,729,-1,26962840.000,1,0,1,双平,S,4814.2000,4814.0000,4813.0000,4811.4000,4808.2000,4816.2000,4816.4000,4816.8000,4817.0000,4817.2000,2,4,1,1,5,1,1,1,1,1
SF,IC2001,2019-11-19 09:33:46.700,4815.8000,729,0,26962840.000,0,-,-,-,-,4814.0000,4813.0000,4811.4000,4808.2000,4806.0000,4815.4000,4816.0000,4816.2000,4816.4000,4816.8000,4,1,1,5,1,1,3,1,1,1
SF,IC2001,2019-11-19 09:33:47.200,4815.8000,729,0,26962840.000,0,-,-,-,-,4814.0000,4813.0000,4811.4000,4808.2000,4806.0000,4815.4000,4816.0000,4816.2000,4816.4000,4816.8000,4,1,1,5,1,1,2,1,1,1
SF,IC2001,2019-11-19 09:33:47.700,4815.8000,729,0,26962840.000,0,-,-,-,-,4814.0000,4813.0000,4811.4000,4808.2000,4806.0000,4815.4000,4816.0000,4816.2000,4816.4000,4816.8000,4,1,1,5,1,1,2,1,1,1
SF,IC2001,2019-11-19 09:33:48.200,4815.8000,729,0,26962840.000,0,-,-,-,-,4814.2000,4814.0000,4813.0000,4811.4000,4808.2000,4815.4000,4816.0000,4816.2000,4816.4000,4816.8000,1,4,1,1,5,1,2,1,1,1
SF,IC2001,2019-11-19 09:33:48.700,4815.8000,729,0,26962840.000,0,-,-,-,-,4814.2000,4814.0000,4813.0000,4811.4000,4808.2000,4815.4000,4816.0000,4816.2000,4816.4000,4816.8000,1,1,1,1,5,1,2,1,1,1
SF,IC2001,2019-11-19 09:33:49.200,4815.8000,729,0,26962840.000,0,-,-,-,-,4814.4000,4814.2000,4813.0000,4811.4000,4808.2000,4816.0000,4816.2000,4816.4000,4816.8000,4817.2000,1,5,1,1,5,1,1,1,1,1
SF,IC2001,2019-11-19 09:33:49.700,4815.8000,729,0,26962840.000,0,-,-,-,-,4814.4000,4814.2000,4813.0000,4811.4000,4808.2000,4817.6000,4817.8000,4818.6000,4818.8000,4819.0000,2,4,1,1,5,1,1,2,1,3
SF,IC2001,2019-11-19 09:33:50.200,4815.8000,729,0,26962840.000,0,-,-,-,-,4814.4000,4814.2000,4813.0000,4811.4000,4808.2000,4816.0000,4817.4000,4817.6000,4817.8000,4818.6000,2,4,1,1,5,1,1,1,1,2
SF,IC2001,2019-11-19 09:33:50.700,4815.8000,729,0,26962840.000,0,-,-,-,-,4814.2000,4813.0000,4811.4000,4808.2000,4806.0000,4816.0000,4817.6000,4817.8000,4818.6000,4819.0000,4,1,1,5,1,1,1,2,2,2
SF,IC2001,2019-11-19 09:33:51.200,4815.8000,729,0,26962840.000,0,-,-,-,-,4814.2000,4813.0000,4811.4000,4808.2000,4806.0000,4815.8000,4816.0000,4817.6000,4817.8000,4818.6000,4,1,1,5,1,1,1,1,2,2
SF,IC2001,2019-11-19 09:33:51.700,4815.8000,729,0,26962840.000,0,-,-,-,-,4814.4000,4814.2000,4813.0000,4811.4000,4808.2000,4815.8000,4816.0000,4817.6000,4817.8000,4818.6000,1,4,1,1,5,1,1,1,2,2
SF,IC2001,2019-11-19 09:33:52.200,4815.8000,729,0,26962840.000,0,-,-,-,-,4814.4000,4814.2000,4813.0000,4811.4000,4808.2000,4816.0000,4817.6000,4817.8000,4818.6000,4819.0000,1,4,1,1,5,1,1,2,2,2
SF,IC2001,2019-11-19 09:33:53.200,4815.8000,729,0,26962840.000,0,-,-,-,-,4814.4000,4814.2000,4813.0000,4811.4000,4808.2000,4816.0000,4817.6000,4817.8000,4818.6000,4819.0000,1,4,1,1,5,1,1,1,2,1
SF,IC2001,2019-11-19 09:33:53.700,4815.8000,729,0,26962840.000,0,-,-,-,-,4814.2000,4813.0000,4811.4000,4808.2000,4806.0000,4816.0000,4817.6000,4817.8000,4818.6000,4819.0000,4,1,1,5,1,1,1,1,2,2
SF,IC2001,2019-11-19 09:33:54.200,4815.8000,729,0,26962840.000,0,-,-,-,-,4814.2000,4813.0000,4811.4000,4808.2000,4806.0000,4815.8000,4816.0000,4817.6000,4817.8000,4818.6000,4,1,1,5,1,1,1,1,1,1
SF,IC2001,2019-11-19 09:33:56.200,4815.8000,729,0,26962840.000,0,-,-,-,-,4814.2000,4813.0000,4811.4000,4808.2000,4806.0000,4815.8000,4816.0000,4817.6000,4817.8000,4818.6000,4,1,1,5,1,1,1,1,1,1
SF,IC2001,2019-11-19 09:33:57.200,4815.8000,729,0,26962840.000,0,-,-,-,-,4814.4000,4814.2000,4813.0000,4811.4000,4808.2000,4815.8000,4816.0000,4816.8000,4817.6000,4817.8000,1,4,1,1,5,1,1,1,1,1
SF,IC2001,2019-11-19 09:33:58.700,4815.8000,729,0,26962840.000,0,-,-,-,-,4814.4000,4814.2000,4813.0000,4811.4000,4808.2000,4815.8000,4816.0000,4817.6000,4817.8000,4818.6000,1,4,1,1,5,1,1,1,1,1
SF,IC2001,2019-11-19 09:33:59.200,4815.8000,729,0,26962840.000,0,-,-,-,-,4814.4000,4814.2000,4813.0000,4811.4000,4808.2000,4816.0000,4817.6000,4817.8000,4818.6000,4819.0000,1,4,1,1,5,1,1,1,1,2
SF,IC2001,2019-11-19 09:33:59.700,4816.0000,730,1,27926040.000,1,1,0,双开,S,4814.4000,4814.2000,4813.0000,4811.4000,4808.2000,4817.6000,4817.8000,4818.6000,4819.0000,4819.2000,1,4,1,1,5,1,1,1,2,2
SF,IC2001,2019-11-19 09:34:00.200,4816.0000,730,0,27926040.000,0,-,-,-,-,4814.6000,4814.4000,4814.2000,4813.0000,4811.4000,4817.2000,4817.4000,4817.6000,4817.8000,4818.6000,1,1,4,1,1,1,2,1,1,1
SF,IC2001,2019-11-19 09:34:00.700,4816.0000,730,0,27926040.000,0,-,-,-,-,4814.6000,4814.4000,4814.2000,4813.0000,4811.4000,4817.0000,4817.2000,4817.6000,4817.8000,4818.6000,1,1,4,1,1,1,1,1,1,1
SF,IC2001,2019-11-19 09:34:01.700,4816.0000,730,0,27926040.000,0,-,-,-,-,4814.6000,4814.4000,4814.2000,4813.0000,4811.4000,4817.0000,4817.2000,4817.6000,4817.8000,4818.6000,1,2,4,1,1,1,1,1,1,1
SF,IC2001,2019-11-19 09:34:02.200,4816.0000,730,0,27926040.000,0,-,-,-,-,4814.6000,4814.4000,4814.2000,4813.0000,4811.4000,4817.0000,4817.6000,4817.8000,4818.6000,4819.0000,1,2,4,1,1,1,1,1,1,2
SF,IC2001,2019-11-19 09:34:02.700,4816.0000,730,0,27926040.000,0,-,-,-,-,4814.6000,4814.4000,4814.2000,4813.0000,4811.4000,4817.0000,4817.6000,4817.8000,4818.6000,4819.0000,2,1,4,1,1,1,1,1,1,1
SF,IC2001,2019-11-19 09:34:03.200,4816.0000,730,0,27926040.000,0,-,-,-,-,4814.6000,4814.4000,4814.2000,4813.0000,4811.4000,4816.8000,4817.0000,4817.6000,4817.8000,4818.6000,2,1,4,1,1,1,1,1,1,1
SF,IC2001,2019-11-19 09:34:03.700,4816.8000,730,0,28889400.000,1,0,1,多换,S,4814.6000,4814.4000,4814.2000,4813.0000,4811.4000,4818.6000,4819.0000,4819.2000,4819.6000,4819.8000,2,1,4,1,1,1,1,2,1,1
SF,IC2001,2019-11-19 09:34:04.200,4816.8000,730,0,28889400.000,0,-,-,-,-,4814.6000,4814.4000,4814.2000,4813.0000,4811.4000,4818.2000,4819.0000,4819.2000,4819.6000,4819.8000,2,1,4,1,1,3,1,2,1,1
SF,IC2001,2019-11-19 09:34:08.200,4816.8000,730,0,28889400.000,0,-,-,-,-,4814.6000,4814.4000,4814.2000,4813.0000,4811.4000,4818.0000,4818.2000,4819.0000,4819.2000,4819.6000,2,1,4,1,1,1,3,1,2,1
SF,IC2001,2019-11-19 09:34:08.700,4816.8000,730,0,28889400.000,0,-,-,-,-,4814.6000,4814.4000,4814.2000,4813.0000,4811.4000,4817.6000,4818.0000,4819.0000,4819.2000,4819.6000,2,1,4,1,1,1,1,1,2,1
SF,IC2001,2019-11-19 09:34:09.200,4816.8000,730,0,28889400.000,0,-,-,-,-,4814.6000,4814.4000,4814.2000,4813.0000,4811.4000,4817.6000,4818.0000,4819.0000,4819.2000,4819.6000,1,1,4,1,1,1,1,1,2,1
SF,IC2001,2019-11-19 09:34:10.200,4816.8000,730,0,28889400.000,0,-,-,-,-,4814.6000,4814.4000,4814.2000,4813.0000,4811.4000,4817.6000,4819.0000,4819.2000,4819.6000,4819.8000,1,1,4,1,1,1,1,2,1,1
SF,IC2001,2019-11-19 09:34:10.700,4816.8000,730,0,28889400.000,0,-,-,-,-,4814.6000,4814.4000,4814.2000,4813.0000,4811.4000,4817.6000,4819.0000,4819.2000,4819.8000,4820.2000,2,1,4,1,1,1,1,2,1,1
SF,IC2001,2019-11-19 09:34:11.200,4816.8000,730,0,28889400.000,0,-,-,-,-,4814.6000,4814.4000,4814.2000,4813.0000,4811.4000,4817.2000,4817.4000,4817.6000,4819.0000,4819.2000,1,1,4,1,1,1,1,2,1,2
SF,IC2001,2019-11-19 09:34:11.700,4816.8000,730,0,28889400.000,0,-,-,-,-,4814.6000,4814.4000,4814.2000,4813.0000,4811.4000,4817.0000,4817.6000,4819.0000,4819.2000,4819.8000,1,1,4,1,1,1,1,1,2,1
SF,IC2001,2019-11-19 09:34:12.200,4816.8000,730,0,28889400.000,0,-,-,-,-,4814.6000,4814.4000,4814.2000,4813.0000,4811.4000,4817.0000,4817.6000,4819.0000,4819.2000,4819.8000,2,1,4,1,1,1,1,1,2,1
SF,IC2001,2019-11-19 09:34:13.200,4816.8000,730,0,28889400.000,0,-,-,-,-,4814.6000,4814.4000,4814.2000,4813.0000,4811.4000,4817.0000,4817.6000,4819.0000,4819.2000,4819.8000,1,1,4,1,1,1,1,1,2,1
SF,IC2001,2019-11-19 09:34:14.200,4816.8000,730,0,28889400.000,0,-,-,-,-,4814.6000,4814.4000,4814.2000,4813.0000,4811.4000,4817.0000,4817.6000,4819.0000,4819.2000,4819.8000,2,1,4,1,1,1,1,1,2,1
SF,IC2001,2019-11-19 09:34:14.700,4816.8000,730,0,28889400.000,0,-,-,-,-,4814.6000,4814.4000,4814.2000,4813.0000,4811.4000,4817.0000,4817.6000,4819.0000,4819.2000,4819.8000,1,1,4,1,1,1,1,1,2,1
SF,IC2001,2019-11-19 09:34:15.200,4816.8000,730,0,28889400.000,0,-,-,-,-,4814.6000,4814.4000,4814.2000,4813.0000,4811.4000,4817.0000,4817.6000,4819.0000,4819.2000,4819.8000,2,1,4,1,1,1,1,1,2,1
SF,IC2001,2019-11-19 09:34:16.200,4816.8000,730,0,28889400.000,0,-,-,-,-,4814.6000,4814.4000,4814.2000,4813.0000,4811.4000,4817.0000,4817.6000,4819.0000,4819.2000,4819.8000,2,1,4,1,1,2,1,1,2,1
SF,IC2001,2019-11-19 09:34:16.700,4816.8000,730,0,28889400.000,0,-,-,-,-,4814.8000,4814.6000,4814.4000,4814.2000,4813.0000,4817.0000,4817.6000,4819.0000,4819.2000,4819.8000,1,2,1,4,1,2,1,1,2,1
SF,IC2001,2019-11-19 09:34:17.700,4816.8000,730,0,28889400.000,0,-,-,-,-,4814.6000,4814.4000,4814.2000,4813.0000,4811.4000,4817.0000,4817.6000,4819.0000,4819.2000,4819.8000,2,1,4,1,1,2,1,1,2,1
SF,IC2001,2019-11-19 09:34:18.200,4816.8000,730,0,28889400.000,0,-,-,-,-,4814.8000,4814.6000,4814.2000,4813.0000,4811.4000,4816.8000,4817.0000,4817.6000,4819.0000,4819.2000,1,2,4,1,1,1,2,1,1,2
SF,IC2001,2019-11-19 09:34:18.700,4816.8000,730,0,28889400.000,0,-,-,-,-,4814.6000,4814.2000,4813.0000,4811.4000,4810.8000,4816.4000,4816.6000,4816.8000,4817.0000,4817.6000,2,2,1,1,1,1,3,1,1,1
SF,IC2001,2019-11-19 09:34:19.200,4816.8000,730,0,28889400.000,0,-,-,-,-,4814.8000,4814.6000,4813.0000,4811.4000,4810.8000,4816.2000,4817.0000,4817.6000,4819.0000,4819.2000,1,6,1,1,1,1,1,1,1,2
SF,IC2001,2019-11-19 09:34:22.700,4816.8000,730,0,28889400.000,0,-,-,-,-,4814.6000,4813.0000,4811.4000,4810.8000,4808.2000,4816.2000,4817.0000,4817.6000,4819.0000,4819.2000,6,1,1,1,5,1,1,1,1,2
SF,IC2001,2019-11-19 09:34:24.200,4816.8000,730,0,28889400.000,0,-,-,-,-,4814.6000,4813.0000,4811.4000,4810.8000,4808.2000,4816.2000,4817.0000,4817.6000,4819.0000,4819.2000,6,1,1,1,5,1,1,1,1,2
SF,IC2001,2019-11-19 09:34:24.700,4816.8000,730,0,28889400.000,0,-,-,-,-,4814.8000,4814.6000,4813.0000,4811.4000,4810.8000,4816.2000,4817.0000,4817.6000,4818.6000,4819.0000,1,6,1,1,1,1,1,1,1,1
SF,IC2001,2019-11-19 09:34:27.700,4816.8000,730,0,28889400.000,0,-,-,-,-,4814.8000,4814.6000,4813.0000,4811.4000,4810.8000,4816.2000,4816.8000,4817.0000,4817.6000,4818.6000,1,6,1,1,1,1,1,1,1,1
SF,IC2001,2019-11-19 09:34:28.200,4816.8000,730,0,28889400.000,0,-,-,-,-,4815.0000,4814.8000,4814.6000,4813.0000,4811.4000,4816.2000,4816.8000,4817.0000,4817.6000,4818.6000,1,1,5,1,1,1,1,1,1,1
SF,IC2001,2019-11-19 09:34:28.700,4816.8000,730,0,28889400.000,0,-,-,-,-,4815.0000,4814.8000,4814.6000,4813.0000,4811.4000,4816.0000,4816.2000,4816.8000,4817.0000,4817.6000,1,1,5,1,1,1,1,1,1,1
SF,IC2001,2019-11-19 09:34:29.200,4816.8000,730,0,28889400.000,0,-,-,-,-,4815.0000,4814.8000,4814.6000,4813.0000,4811.4000,4816.0000,4816.8000,4817.0000,4817.6000,4818.6000,1,1,5,1,1,1,1,1,1,1
SF,IC2001,2019-11-19 09:34:30.200,4816.8000,730,0,28889400.000,0,-,-,-,-,4815.0000,4814.6000,4813.0000,4811.4000,4810.8000,4816.0000,4816.8000,4817.0000,4817.6000,4818.6000,2,5,1,1,1,1,1,1,1,1
SF,IC2001,2019-11-19 09:34:30.700,4816.8000,730,0,28889400.000,0,-,-,-,-,4815.0000,4814.6000,4813.0000,4811.4000,4810.8000,4815.8000,4816.0000,4816.8000,4817.0000,4817.6000,2,5,1,1,1,1,1,1,1,1
SF,IC2001,2019-11-19 09:34:34.200,4815.8000,731,1,29852560.000,1,1,0,双开,S,4815.0000,4814.6000,4813.0000,4811.4000,4810.8000,4816.0000,4816.8000,4817.0000,4817.6000,4818.6000,2,5,1,1,1,1,1,1,1,1
SF,IC2001,2019-11-19 09:34:34.700,4815.8000,731,0,29852560.000,0,-,-,-,-,4815.0000,4814.6000,4813.0000,4811.4000,4810.8000,4815.8000,4816.0000,4816.8000,4817.0000,4817.6000,2,5,1,1,1,1,1,1,1,1
SF,IC2001,2019-11-19 09:34:39.200,4815.0000,731,0,30815560.000,1,0,1,多换,S,4815.0000,4814.6000,4813.0000,4811.4000,4810.8000,4815.8000,4816.0000,4816.8000,4817.0000,4817.6000,1,5,1,1,1,1,1,1,1,1
SF,IC2001,2019-11-19 09:34:44.700,4815.0000,731,0,31778560.000,1,0,1,多换,S,4814.6000,4813.0000,4811.4000,4810.8000,4808.2000,4815.8000,4816.0000,4816.8000,4817.0000,4817.6000,5,1,1,1,5,1,1,1,1,1
SF,IC2001,2019-11-19 09:34:45.200,4814.6000,730,-1,33704400.000,2,0,2,多平,S,4814.6000,4811.4000,4810.8000,4808.2000,4793.8000,4815.8000,4816.0000,4816.8000,4817.0000,4817.6000,3,1,1,5,1,1,1,1,1,1
SF,IC2001,2019-11-19 09:34:46.200,4814.6000,730,0,33704400.000,0,-,-,-,-,4814.6000,4811.4000,4810.8000,4802.4000,4793.8000,4815.8000,4816.0000,4816.2000,4816.8000,4817.0000,3,1,1,5,1,1,1,1,1,1
SF,IC2001,2019-11-19 09:34:46.700,4814.6000,730,0,35630240.000,2,1,1,多换,S,4814.6000,4811.4000,4810.8000,4802.4000,4793.8000,4815.8000,4816.0000,4816.2000,4816.8000,4817.0000,1,1,1,5,1,1,1,1,1,1
SF,IC2001,2019-11-19 09:34:47.200,4814.6000,730,0,36593160.000,1,0,1,多换,S,4811.4000,4810.8000,4802.4000,4793.8000,4793.6000,4815.8000,4816.0000,4816.2000,4816.8000,4817.0000,1,1,5,1,2,1,1,1,1,1
SF,IC2001,2019-11-19 09:34:47.700,4814.6000,730,0,36593160.000,0,-,-,-,-,4811.8000,4811.4000,4810.8000,4802.4000,4793.8000,4815.6000,4815.8000,4816.0000,4816.2000,4816.8000,3,1,1,5,1,1,1,1,1,1
SF,IC2001,2019-11-19 09:34:48.200,4814.6000,730,0,36593160.000,0,-,-,-,-,4811.8000,4811.4000,4810.8000,4802.4000,4793.8000,4815.6000,4816.0000,4816.2000,4816.8000,4817.0000,3,1,1,5,1,1,1,1,1,1
SF,IC2001,2019-11-19 09:34:49.200,4814.6000,730,0,36593160.000,0,-,-,-,-,4811.8000,4811.4000,4810.8000,4802.4000,4793.8000,4816.0000,4816.2000,4816.8000,4817.0000,4817.6000,3,1,1,5,1,1,1,1,1,1
SF,IC2001,2019-11-19 09:34:49.700,4814.6000,730,0,36593160.000,0,-,-,-,-,4812.6000,4811.8000,4811.4000,4810.8000,4802.4000,4816.0000,4816.2000,4816.8000,4817.0000,4817.6000,1,3,1,1,5,1,1,1,1,1
SF,IC2001,2019-11-19 09:34:50.200,4814.6000,730,0,36593160.000,0,-,-,-,-,4812.6000,4811.4000,4810.8000,4802.4000,4793.8000,4816.0000,4816.2000,4816.8000,4817.0000,4817.6000,1,1,1,5,1,1,1,1,1,1
SF,IC2001,2019-11-19 09:34:50.700,4814.6000,730,0,36593160.000,0,-,-,-,-,4812.8000,4812.6000,4811.4000,4810.8000,4802.4000,4816.0000,4816.2000,4816.8000,4817.0000,4817.6000,2,1,1,1,5,1,1,1,1,1
SF,IC2001,2019-11-19 09:34:53.700,4814.6000,730,0,36593160.000,0,-,-,-,-,4812.8000,4812.6000,4811.4000,4810.8000,4802.4000,4815.8000,4816.0000,4816.2000,4816.8000,4817.0000,2,1,1,1,5,2,1,1,1,1
SF,IC2001,2019-11-19 09:34:54.200,4814.6000,730,0,36593160.000,0,-,-,-,-,4812.8000,4812.6000,4811.4000,4810.8000,4802.4000,4815.6000,4815.8000,4816.0000,4816.2000,4816.8000,2,1,1,1,5,2,2,2,1,1
SF,IC2001,2019-11-19 09:34:55.700,4814.6000,730,0,36593160.000,0,-,-,-,-,4813.8000,4812.8000,4812.6000,4811.4000,4810.8000,4815.6000,4815.8000,4816.0000,4816.2000,4816.8000,1,2,1,1,1,2,2,2,1,1
SF,IC2001,2019-11-19 09:34:56.200,4814.6000,730,0,36593160.000,0,-,-,-,-,4813.8000,4812.6000,4811.4000,4810.8000,4802.4000,4815.6000,4815.8000,4816.0000,4816.2000,4816.8000,1,1,1,1,5,2,1,2,1,1
SF,IC2001,2019-11-19 09:34:56.700,4814.6000,730,0,36593160.000,0,-,-,-,-,4813.8000,4812.6000,4811.4000,4810.8000,4802.4000,4815.6000,4815.8000,4816.0000,4816.2000,4816.8000,1,1,1,1,5,1,1,2,1,1
SF,IC2001,2019-11-19 09:34:58.700,4814.6000,730,0,36593160.000,0,-,-,-,-,4813.8000,4812.6000,4811.4000,4810.8000,4802.4000,4815.6000,4815.8000,4816.0000,4816.2000,4816.8000,1,1,1,1,5,1,1,1,1,1
SF,IC2001,2019-11-19 09:34:59.700,4814.6000,730,0,36593160.000,0,-,-,-,-,4813.8000,4812.6000,4811.4000,4810.8000,4802.4000,4815.6000,4815.8000,4816.0000,4816.2000,4816.8000,1,1,1,1,5,2,1,1,1,1
SF,IC2001,2019-11-19 09:35:01.200,4814.6000,730,0,36593160.000,0,-,-,-,-,4813.8000,4812.6000,4811.4000,4810.8000,4802.4000,4815.6000,4815.8000,4816.0000,4816.2000,4816.8000,1,1,1,1,5,1,1,1,1,1
SF,IC2001,2019-11-19 09:35:06.200,4814.6000,730,0,36593160.000,0,-,-,-,-,4813.8000,4812.6000,4811.4000,4810.8000,4802.4000,4815.6000,4815.8000,4816.0000,4816.2000,4816.8000,1,1,1,1,5,1,1,1,1,1
SF,IC2001,2019-11-19 09:35:06.700,4814.6000,730,0,36593160.000,0,-,-,-,-,4814.0000,4813.8000,4812.6000,4811.4000,4810.8000,4815.6000,4815.8000,4816.0000,4816.2000,4816.8000,2,1,1,1,1,1,1,1,1,1
SF,IC2001,2019-11-19 09:35:07.200,4815.6000,730,0,37556280.000,1,0,1,多换,S,4814.0000,4813.8000,4812.6000,4811.4000,4810.8000,4815.8000,4816.0000,4816.8000,4817.0000,4817.6000,2,2,1,1,1,1,1,1,1,1
SF,IC2001,2019-11-19 09:35:07.700,4815.8000,731,1,38519440.000,1,1,0,双开,S,4814.0000,4813.8000,4812.6000,4811.4000,4810.8000,4816.0000,4816.8000,4817.0000,4817.6000,4819.0000,2,2,1,1,1,1,1,1,1,1
SF,IC2001,2019-11-19 09:35:08.200,4816.0000,731,0,39482640.000,1,0,1,多换,S,4814.0000,4813.8000,4812.6000,4811.4000,4810.8000,4816.8000,4817.0000,4817.6000,4819.0000,4819.2000,2,2,1,1,1,1,1,1,1,1
SF,IC2001,2019-11-19 09:35:09.200,4816.0000,731,0,39482640.000,0,-,-,-,-,4815.0000,4814.2000,4814.0000,4813.8000,4812.6000,4816.8000,4817.0000,4817.6000,4819.0000,4819.2000,1,2,2,2,1,1,1,1,1,1
SF,IC2001,2019-11-19 09:35:09.700,4816.8000,731,0,40446000.000,1,0,1,多换,S,4815.2000,4815.0000,4814.2000,4813.8000,4812.6000,4817.0000,4819.0000,4819.2000,4820.2000,4820.8000,1,1,2,2,1,1,1,1,1,1
SF,IC2001,2019-11-19 09:35:10.200,4816.8000,731,0,40446000.000,0,-,-,-,-,4815.0000,4813.8000,4812.6000,4811.4000,4810.8000,4817.0000,4819.0000,4819.2000,4820.8000,4821.2000,1,2,1,1,1,1,1,1,1,1
SF,IC2001,2019-11-19 09:35:11.200,4816.8000,731,0,40446000.000,0,-,-,-,-,4813.8000,4812.6000,4811.4000,4810.8000,4802.4000,4817.0000,4817.8000,4819.0000,4819.2000,4820.8000,2,1,1,1,5,1,1,1,1,1
SF,IC2001,2019-11-19 09:35:11.700,4816.8000,731,0,40446000.000,0,-,-,-,-,4814.0000,4813.8000,4812.6000,4811.4000,4810.8000,4817.0000,4817.8000,4819.0000,4819.2000,4820.8000,1,2,1,1,1,1,1,1,1,1
SF,IC2001,2019-11-19 09:35:13.700,4816.8000,731,0,40446000.000,0,-,-,-,-,4815.0000,4814.2000,4814.0000,4813.8000,4812.6000,4817.0000,4817.8000,4819.0000,4819.2000,4820.8000,1,2,1,2,1,1,1,1,1,1
SF,IC2001,2019-11-19 09:35:14.200,4816.8000,731,0,40446000.000,0,-,-,-,-,4815.0000,4813.8000,4812.6000,4811.4000,4810.8000,4817.0000,4817.8000,4819.0000,4819.2000,4820.8000,1,2,1,1,1,1,1,1,1,1
SF,IC2001,2019-11-19 09:35:14.700,4816.8000,731,0,40446000.000,0,-,-,-,-,4815.0000,4813.8000,4812.6000,4811.4000,4810.8000,4817.0000,4817.8000,4819.0000,4819.2000,4820.8000,1,2,1,1,1,6,1,1,1,1
SF,IC2001,2019-11-19 09:35:20.200,4816.8000,731,0,40446000.000,0,-,-,-,-,4815.0000,4813.8000,4812.6000,4811.4000,4810.8000,4817.0000,4819.0000,4819.2000,4820.8000,4821.2000,1,2,1,1,1,6,1,1,1,1
SF,IC2001,2019-11-19 09:35:28.200,4817.0000,731,0,42372800.000,2,1,1,多换,S,4815.0000,4813.8000,4812.6000,4811.4000,4810.8000,4817.0000,4819.2000,4820.8000,4821.2000,4825.6000,1,2,1,1,1,4,1,1,1,5
SF,IC2001,2019-11-19 09:35:28.700,4817.0000,731,0,42372800.000,0,-,-,-,-,4815.2000,4815.0000,4813.8000,4812.6000,4811.4000,4817.0000,4819.2000,4820.8000,4821.2000,4825.6000,1,1,2,1,1,4,1,1,1,5
SF,IC2001,2019-11-19 09:35:30.200,4817.0000,731,0,42372800.000,0,-,-,-,-,4815.2000,4815.0000,4813.8000,4812.6000,4811.4000,4817.0000,4820.8000,4821.2000,4825.6000,4830.0000,1,1,2,1,1,4,1,1,5,1
SF,IC2001,2019-11-19 09:35:30.700,4817.0000,731,0,43336200.000,1,0,1,多换,S,4815.2000,4815.0000,4813.8000,4812.6000,4811.4000,4817.0000,4820.8000,4821.2000,4825.6000,4830.0000,1,1,2,1,1,3,1,1,5,1
SF,IC2001,2019-11-19 09:35:32.200,4817.0000,731,0,43336200.000,0,-,-,-,-,4815.2000,4815.0000,4813.8000,4812.6000,4811.4000,4817.0000,4819.2000,4820.8000,4821.2000,4825.6000,1,1,2,1,1,3,1,1,1,5
SF,IC2001,2019-11-19 09:35:32.700,4817.0000,730,-1,44299600.000,1,0,1,双平,S,4815.4000,4815.2000,4815.0000,4813.8000,4812.6000,4817.0000,4819.2000,4820.8000,4821.2000,4825.6000,2,1,1,2,1,2,1,1,1,5
SF,IC2001,2019-11-19 09:35:33.200,4817.0000,730,0,44299600.000,0,-,-,-,-,4813.8000,4812.6000,4811.4000,4810.8000,4802.4000,4817.0000,4819.2000,4820.8000,4821.2000,4825.6000,2,1,1,1,5,2,1,1,1,5
SF,IC2001,2019-11-19 09:35:33.700,4817.0000,730,0,44299600.000,0,-,-,-,-,4814.0000,4813.8000,4812.6000,4811.4000,4810.8000,4817.0000,4819.2000,4820.8000,4821.2000,4825.6000,3,2,1,1,1,2,1,1,1,5
SF,IC2001,2019-11-19 09:35:35.700,4817.0000,730,0,44299600.000,0,-,-,-,-,4814.4000,4814.0000,4813.8000,4812.6000,4811.4000,4817.0000,4819.2000,4820.8000,4821.2000,4825.6000,1,3,2,1,1,2,1,1,1,5
SF,IC2001,2019-11-19 09:35:36.200,4817.0000,730,0,44299600.000,0,-,-,-,-,4814.6000,4814.4000,4814.0000,4813.8000,4812.6000,4817.0000,4819.2000,4820.8000,4821.2000,4825.6000,1,2,2,2,1,2,1,1,1,5
SF,IC2001,2019-11-19 09:35:37.200,4817.0000,730,0,44299600.000,0,-,-,-,-,4814.6000,4814.4000,4814.0000,4813.8000,4812.6000,4817.0000,4819.2000,4820.8000,4821.2000,4825.6000,1,1,2,2,1,2,1,1,1,5
SF,IC2001,2019-11-19 09:35:37.700,4817.0000,730,0,44299600.000,0,-,-,-,-,4814.6000,4814.4000,4814.0000,4813.8000,4812.6000,4816.8000,4817.0000,4819.2000,4820.8000,4821.2000,1,1,2,2,1,1,2,1,1,1
SF,IC2001,2019-11-19 09:35:38.200,4817.0000,730,0,44299600.000,0,-,-,-,-,4814.0000,4813.8000,4812.6000,4811.4000,4810.8000,4816.8000,4817.0000,4819.2000,4820.8000,4821.2000,2,2,1,1,1,1,2,1,1,1
SF,IC2001,2019-11-19 09:35:40.200,4817.0000,730,0,44299600.000,0,-,-,-,-,4813.8000,4812.6000,4811.4000,4810.8000,4802.4000,4816.8000,4817.0000,4819.2000,4820.8000,4821.2000,2,1,1,1,5,1,2,1,1,1
SF,IC2001,2019-11-19 09:35:41.700,4817.0000,730,0,44299600.000,0,-,-,-,-,4814.0000,4813.8000,4812.6000,4811.4000,4810.8000,4816.8000,4817.0000,4819.2000,4820.8000,4821.2000,2,2,1,1,1,1,2,1,1,1
SF,IC2001,2019-11-19 09:35:42.200,4817.0000,730,0,44299600.000,0,-,-,-,-,4815.0000,4814.0000,4813.8000,4812.6000,4811.4000,4816.8000,4817.0000,4819.2000,4820.8000,4821.2000,1,2,2,1,1,1,2,1,1,1
SF,IC2001,2019-11-19 09:35:42.700,4817.0000,730,0,44299600.000,0,-,-,-,-,4815.0000,4813.8000,4812.6000,4811.4000,4810.8000,4816.8000,4817.0000,4819.2000,4820.8000,4821.2000,1,2,1,1,1,1,2,1,1,1
SF,IC2001,2019-11-19 09:35:43.700,4817.0000,730,0,44299600.000,0,-,-,-,-,4815.0000,4813.8000,4812.6000,4811.4000,4810.8000,4816.8000,4817.0000,4819.2000,4820.8000,4821.2000,1,2,1,1,1,1,2,1,1,1
SF,IC2001,2019-11-19 09:35:46.200,4817.0000,730,0,44299600.000,0,-,-,-,-,4815.2000,4815.0000,4813.8000,4812.6000,4811.4000,4816.8000,4817.0000,4819.2000,4820.8000,4821.2000,2,1,2,1,1,1,2,1,1,1
SF,IC2001,2019-11-19 09:35:46.700,4817.0000,730,0,44299600.000,0,-,-,-,-,4815.2000,4815.0000,4813.8000,4812.6000,4811.4000,4817.0000,4819.2000,4820.8000,4821.2000,4825.6000,2,1,2,1,1,2,1,1,1,5
SF,IC2001,2019-11-19 09:35:47.200,4817.0000,730,0,44299600.000,0,-,-,-,-,4815.0000,4813.8000,4812.6000,4811.4000,4810.8000,4817.0000,4819.2000,4820.8000,4821.2000,4825.6000,1,2,1,1,1,2,1,1,1,5
SF,IC2001,2019-11-19 09:35:47.700,4817.0000,730,0,44299600.000,0,-,-,-,-,4815.0000,4813.8000,4812.6000,4811.4000,4810.8000,4816.8000,4817.0000,4819.2000,4820.8000,4821.2000,1,2,1,1,1,1,2,1,1,1
SF,IC2001,2019-11-19 09:35:51.700,4817.0000,730,0,44299600.000,0,-,-,-,-,4815.2000,4815.0000,4813.8000,4812.6000,4811.4000,4816.8000,4817.0000,4819.2000,4820.8000,4821.2000,2,1,2,1,1,1,2,1,1,1
SF,IC2001,2019-11-19 09:35:52.200,4817.0000,730,0,44299600.000,0,-,-,-,-,4815.0000,4813.8000,4812.6000,4811.4000,4810.8000,4817.0000,4819.2000,4820.8000,4821.2000,4825.6000,1,2,1,1,1,2,1,1,1,5
SF,IC2001,2019-11-19 09:35:53.200,4817.0000,730,0,44299600.000,0,-,-,-,-,4815.2000,4815.0000,4813.8000,4812.6000,4811.4000,4817.0000,4819.2000,4820.8000,4821.2000,4825.6000,1,1,2,1,1,2,1,1,1,5
SF,IC2001,2019-11-19 09:35:57.200,4817.0000,730,0,44299600.000,0,-,-,-,-,4815.4000,4815.2000,4815.0000,4813.8000,4812.6000,4817.0000,4819.2000,4820.8000,4821.2000,4825.6000,1,1,1,2,1,2,1,1,1,5
SF,IC2001,2019-11-19 09:36:00.200,4817.0000,730,0,44299600.000,0,-,-,-,-,4815.4000,4815.0000,4813.8000,4812.6000,4811.4000,4817.0000,4819.2000,4820.8000,4821.2000,4825.6000,1,1,2,1,1,2,1,1,1,5
SF,IC2001,2019-11-19 09:36:00.700,4817.0000,730,0,44299600.000,0,-,-,-,-,4815.4000,4815.0000,4813.8000,4812.6000,4811.4000,4816.8000,4817.0000,4819.2000,4820.8000,4821.2000,1,1,2,1,1,1,2,1,1,1
SF,IC2001,2019-11-19 09:36:04.700,4817.0000,730,0,44299600.000,0,-,-,-,-,4815.6000,4815.4000,4815.0000,4813.8000,4812.6000,4816.8000,4817.0000,4819.2000,4820.8000,4821.2000,2,1,1,2,1,1,2,1,1,1
SF,IC2001,2019-11-19 09:36:05.200,4817.0000,730,0,44299600.000,0,-,-,-,-,4815.4000,4815.0000,4813.8000,4812.6000,4811.4000,4817.0000,4819.2000,4820.8000,4821.2000,4825.6000,1,1,2,1,1,2,1,1,1,5
SF,IC2001,2019-11-19 09:36:13.200,4817.0000,730,0,44299600.000,0,-,-,-,-,4815.0000,4813.8000,4812.6000,4811.4000,4810.8000,4817.0000,4819.2000,4820.8000,4821.2000,4825.6000,1,2,1,1,1,2,1,1,1,5
SF,IC2001,2019-11-19 09:36:13.700,4815.0000,731,1,45262600.000,1,1,0,双开,S,4813.8000,4812.6000,4811.4000,4810.8000,4807.4000,4816.8000,4817.0000,4817.8000,4819.2000,4820.8000,2,1,1,1,1,2,2,1,1,1
SF,IC2001,2019-11-19 09:36:14.200,4815.0000,731,0,45262600.000,0,-,-,-,-,4813.8000,4812.6000,4811.4000,4810.8000,4807.4000,4816.8000,4817.0000,4817.8000,4819.2000,4820.8000,1,1,1,1,1,2,2,1,1,1
SF,IC2001,2019-11-19 09:36:16.200,4815.0000,731,0,45262600.000,0,-,-,-,-,4814.0000,4813.8000,4812.6000,4811.4000,4810.8000,4816.8000,4817.0000,4819.2000,4820.8000,4821.2000,2,1,1,1,1,2,2,1,1,1
SF,IC2001,2019-11-19 09:36:16.700,4815.0000,731,0,45262600.000,0,-,-,-,-,4814.0000,4813.8000,4812.6000,4811.4000,4810.8000,4816.6000,4817.0000,4819.2000,4820.8000,4821.2000,2,1,1,1,1,1,2,1,1,1
SF,IC2001,2019-11-19 09:36:17.200,4815.0000,731,0,45262600.000,0,-,-,-,-,4813.8000,4812.6000,4811.4000,4810.8000,4807.4000,4816.6000,4817.0000,4817.8000,4819.2000,4820.8000,1,1,1,1,1,1,2,1,1,1
SF,IC2001,2019-11-19 09:36:28.700,4815.0000,731,0,45262600.000,0,-,-,-,-,4813.8000,4812.6000,4811.4000,4810.8000,4807.4000,4816.6000,4817.0000,4817.8000,4819.2000,4820.8000,1,1,1,1,1,1,2,1,2,1
SF,IC2001,2019-11-19 09:36:33.200,4815.0000,731,0,45262600.000,0,-,-,-,-,4813.8000,4812.6000,4811.4000,4810.8000,4807.4000,4816.6000,4817.0000,4817.8000,4819.2000,4820.8000,1,1,1,1,1,1,2,1,1,1
SF,IC2001,2019-11-19 09:36:33.700,4815.0000,731,0,45262600.000,0,-,-,-,-,4814.0000,4813.8000,4812.6000,4811.4000,4810.8000,4816.6000,4817.0000,4817.8000,4819.2000,4820.8000,1,1,1,1,1,1,2,1,1,1
SF,IC2001,2019-11-19 09:36:40.700,4815.0000,731,0,45262600.000,0,-,-,-,-,4814.0000,4813.8000,4812.6000,4811.4000,4810.8000,4816.6000,4817.0000,4817.8000,4819.2000,4820.8000,1,1,1,1,1,2,2,1,1,1
SF,IC2001,2019-11-19 09:36:44.700,4816.6000,732,1,47189240.000,2,1,1,空开,S,4814.0000,4813.8000,4812.6000,4811.4000,4810.8000,4817.0000,4817.8000,4819.2000,4820.8000,4821.2000,1,1,1,1,1,2,2,1,1,1
SF,IC2001,2019-11-19 09:36:45.200,4816.6000,732,0,47189240.000,0,-,-,-,-,4814.0000,4813.8000,4812.6000,4811.4000,4810.8000,4816.8000,4817.0000,4817.8000,4819.2000,4820.8000,1,1,1,1,1,1,2,1,1,1
SF,IC2001,2019-11-19 09:36:47.700,4816.6000,732,0,47189240.000,0,-,-,-,-,4814.0000,4813.8000,4812.6000,4811.4000,4810.8000,4816.6000,4816.8000,4817.0000,4817.8000,4819.2000,1,1,1,1,1,1,1,2,1,1
SF,IC2001,2019-11-19 09:36:48.200,4816.6000,732,0,47189240.000,0,-,-,-,-,4814.0000,4813.8000,4812.6000,4811.4000,4810.8000,4816.4000,4816.6000,4817.0000,4817.8000,4819.2000,1,1,1,1,1,1,1,2,1,1
SF,IC2001,2019-11-19 09:36:50.200,4816.6000,732,0,48152560.000,1,0,1,多换,S,4814.0000,4813.8000,4812.6000,4811.4000,4810.8000,4816.6000,4817.0000,4817.8000,4818.4000,4819.2000,1,1,1,1,1,1,2,1,1,1
SF,IC2001,2019-11-19 09:36:55.700,4816.6000,732,0,48152560.000,0,-,-,-,-,4814.0000,4813.8000,4812.6000,4811.4000,4810.8000,4816.6000,4817.0000,4817.8000,4818.4000,4819.2000,1,1,1,1,1,2,2,1,1,1
SF,IC2001,2019-11-19 09:36:56.200,4816.6000,732,0,48152560.000,0,-,-,-,-,4814.0000,4813.8000,4812.6000,4811.4000,4810.8000,4816.6000,4817.0000,4817.8000,4819.2000,4820.8000,1,1,1,1,1,2,2,1,1,1
SF,IC2001,2019-11-19 09:36:57.700,4816.6000,732,0,49115880.000,1,0,1,多换,S,4814.0000,4813.8000,4812.6000,4811.4000,4810.8000,4816.6000,4817.0000,4817.8000,4819.2000,4820.8000,1,1,1,1,1,1,2,1,1,1
SF,IC2001,2019-11-19 09:37:01.200,4816.6000,733,1,50079200.000,1,1,0,双开,S,4814.2000,4814.0000,4813.8000,4812.6000,4811.4000,4817.0000,4817.8000,4819.2000,4820.8000,4821.2000,2,1,1,1,1,2,1,1,1,1
SF,IC2001,2019-11-19 09:37:01.700,4816.6000,733,0,50079200.000,0,-,-,-,-,4814.6000,4813.8000,4812.6000,4811.4000,4810.8000,4817.0000,4817.8000,4819.2000,4820.8000,4821.2000,2,1,1,1,1,2,1,1,1,1
SF,IC2001,2019-11-19 09:37:04.200,4816.6000,733,0,50079200.000,0,-,-,-,-,4816.6000,4814.6000,4813.8000,4812.6000,4811.4000,4817.0000,4817.8000,4819.2000,4820.8000,4821.2000,1,2,1,1,1,2,1,1,1,1
SF,IC2001,2019-11-19 09:37:04.700,4816.6000,733,0,51042520.000,1,0,1,多换,S,4813.8000,4812.6000,4811.4000,4810.8000,4807.4000,4817.0000,4817.8000,4819.2000,4820.8000,4821.2000,1,1,1,1,1,2,1,1,1,1
SF,IC2001,2019-11-19 09:37:05.200,4816.6000,733,0,51042520.000,0,-,-,-,-,4814.0000,4813.8000,4812.6000,4811.4000,4810.8000,4817.0000,4817.8000,4819.2000,4820.8000,4821.2000,3,1,1,1,1,2,1,1,1,1
SF,IC2001,2019-11-19 09:37:05.700,4816.6000,733,0,51042520.000,0,-,-,-,-,4814.0000,4813.8000,4812.6000,4811.4000,4810.8000,4816.0000,4817.0000,4817.8000,4819.2000,4820.8000,3,1,1,1,1,2,2,1,1,1
SF,IC2001,2019-11-19 09:37:09.700,4816.6000,733,0,51042520.000,0,-,-,-,-,4814.0000,4813.8000,4812.6000,4811.4000,4810.8000,4816.0000,4816.4000,4817.0000,4817.8000,4819.2000,3,1,1,1,1,2,1,2,1,1
SF,IC2001,2019-11-19 09:37:10.700,4816.6000,733,0,51042520.000,0,-,-,-,-,4814.0000,4813.8000,4812.6000,4811.4000,4810.8000,4816.0000,4816.4000,4817.0000,4817.8000,4819.2000,3,1,1,1,1,2,1,2,1,1
SF,IC2001,2019-11-19 09:37:13.200,4816.6000,733,0,51042520.000,0,-,-,-,-,4814.0000,4813.8000,4812.6000,4811.4000,4810.8000,4816.0000,4816.4000,4817.0000,4817.8000,4818.4000,3,1,1,1,1,2,1,2,1,1
SF,IC2001,2019-11-19 09:37:13.700,4816.6000,733,0,51042520.000,0,-,-,-,-,4813.8000,4812.6000,4811.4000,4810.8000,4807.4000,4816.0000,4816.4000,4817.0000,4817.8000,4818.4000,1,1,1,1,1,2,1,2,1,1
SF,IC2001,2019-11-19 09:37:14.200,4816.6000,733,0,51042520.000,0,-,-,-,-,4814.0000,4813.8000,4812.6000,4811.4000,4810.8000,4816.0000,4816.4000,4817.0000,4817.8000,4818.4000,2,1,1,1,1,2,1,2,1,1
SF,IC2001,2019-11-19 09:37:16.700,4816.6000,733,0,51042520.000,0,-,-,-,-,4814.0000,4813.8000,4812.6000,4811.4000,4810.8000,4816.0000,4817.0000,4817.8000,4818.4000,4819.2000,2,1,1,1,1,2,2,1,1,1
SF,IC2001,2019-11-19 09:37:20.200,4816.6000,733,0,51042520.000,0,-,-,-,-,4814.0000,4813.8000,4812.6000,4811.4000,4810.8000,4816.0000,4816.2000,4817.0000,4817.8000,4818.4000,2,1,1,1,1,2,1,2,1,1
SF,IC2001,2019-11-19 09:37:20.700,4816.6000,733,0,51042520.000,0,-,-,-,-,4813.8000,4812.6000,4811.4000,4810.8000,4807.4000,4816.0000,4816.2000,4817.0000,4817.8000,4818.4000,1,1,1,1,1,2,1,2,1,1
SF,IC2001,2019-11-19 09:37:21.200,4816.6000,733,0,51042520.000,0,-,-,-,-,4813.8000,4811.4000,4810.8000,4807.4000,4804.8000,4816.0000,4816.2000,4817.0000,4817.8000,4818.4000,1,1,1,1,2,2,1,2,1,1
SF,IC2001,2019-11-19 09:37:22.200,4816.6000,733,0,51042520.000,0,-,-,-,-,4813.8000,4811.4000,4810.8000,4807.4000,4804.8000,4816.0000,4816.2000,4817.0000,4817.8000,4818.4000,1,1,1,1,2,3,1,2,1,1
SF,IC2001,2019-11-19 09:37:36.700,4816.6000,733,0,51042520.000,0,-,-,-,-,4813.8000,4811.4000,4810.8000,4807.4000,4804.8000,4816.0000,4816.2000,4817.0000,4817.8000,4818.4000,1,1,1,1,2,4,1,2,1,1
SF,IC2001,2019-11-19 09:37:37.200,4816.6000,733,0,51042520.000,0,-,-,-,-,4813.8000,4811.4000,4810.8000,4807.4000,4804.8000,4815.8000,4816.0000,4816.2000,4817.0000,4817.8000,1,1,1,1,2,1,4,1,2,1
SF,IC2001,2019-11-19 09:37:40.700,4813.8000,734,1,52005280.000,1,1,0,双开,S,4811.4000,4810.8000,4807.4000,4804.8000,4802.4000,4815.8000,4816.0000,4816.2000,4817.0000,4817.8000,1,1,1,2,5,1,4,1,2,1
SF,IC2001,2019-11-19 09:37:41.200,4813.8000,734,0,52005280.000,0,-,-,-,-,4812.8000,4811.4000,4810.8000,4807.4000,4804.8000,4815.8000,4816.0000,4816.2000,4817.0000,4817.8000,3,1,1,1,2,1,4,1,2,1
SF,IC2001,2019-11-19 09:37:41.700,4813.8000,734,0,52005280.000,0,-,-,-,-,4810.8000,4809.4000,4807.4000,4804.8000,4802.4000,4815.6000,4815.8000,4816.0000,4816.2000,4817.0000,1,1,1,2,5,1,1,4,1,2
SF,IC2001,2019-11-19 09:37:42.200,4813.8000,734,0,52005280.000,0,-,-,-,-,4811.8000,4810.8000,4809.4000,4807.4000,4804.8000,4814.8000,4815.0000,4815.4000,4815.6000,4815.8000,3,1,1,1,2,1,1,1,1,1
SF,IC2001,2019-11-19 09:37:42.700,4813.8000,734,0,52005280.000,0,-,-,-,-,4811.8000,4810.8000,4809.4000,4807.4000,4804.8000,4814.6000,4814.8000,4815.2000,4815.4000,4815.8000,3,1,1,1,2,1,1,1,1,1
SF,IC2001,2019-11-19 09:37:45.700,4813.8000,734,0,52005280.000,0,-,-,-,-,4811.8000,4810.8000,4809.4000,4807.4000,4804.8000,4813.4000,4814.2000,4814.4000,4814.6000,4814.8000,3,1,1,1,2,1,1,2,1,1
SF,IC2001,2019-11-19 09:37:46.200,4813.8000,734,0,52005280.000,0,-,-,-,-,4811.8000,4810.8000,4809.4000,4807.4000,4804.8000,4813.4000,4814.2000,4814.6000,4814.8000,4815.2000,3,1,1,1,2,1,1,1,1,1
SF,IC2001,2019-11-19 09:37:46.700,4813.8000,734,0,52005280.000,0,-,-,-,-,4810.8000,4809.4000,4807.4000,4804.8000,4802.4000,4813.4000,4814.2000,4814.6000,4814.8000,4815.2000,1,1,1,2,5,1,1,1,1,1
SF,IC2001,2019-11-19 09:37:47.200,4813.8000,734,0,52005280.000,0,-,-,-,-,4811.4000,4810.8000,4809.4000,4807.4000,4804.8000,4813.4000,4814.2000,4814.6000,4814.8000,4815.2000,3,1,1,1,2,1,1,1,1,1
SF,IC2001,2019-11-19 09:37:48.200,4813.8000,734,0,52005280.000,0,-,-,-,-,4811.4000,4810.8000,4809.4000,4807.4000,4804.8000,4813.4000,4814.2000,4814.6000,4814.8000,4815.2000,3,1,1,1,2,1,1,1,1,1
SF,IC2001,2019-11-19 09:37:51.700,4813.8000,734,0,52005280.000,0,-,-,-,-,4811.6000,4811.4000,4810.8000,4809.4000,4807.4000,4813.4000,4814.6000,4814.8000,4815.2000,4815.8000,1,3,1,1,1,1,1,1,1,1
SF,IC2001,2019-11-19 09:37:52.200,4813.8000,734,0,52005280.000,0,-,-,-,-,4811.6000,4810.8000,4809.4000,4807.4000,4804.8000,4813.4000,4814.6000,4814.8000,4815.2000,4815.8000,1,1,1,1,2,1,1,1,1,1
SF,IC2001,2019-11-19 09:37:52.700,4813.8000,734,0,52005280.000,0,-,-,-,-,4811.8000,4811.6000,4810.8000,4809.4000,4807.4000,4813.4000,4814.6000,4814.8000,4815.2000,4815.8000,3,1,1,1,1,1,1,1,1,1
SF,IC2001,2019-11-19 09:37:53.700,4813.8000,734,0,52005280.000,0,-,-,-,-,4811.8000,4811.6000,4810.8000,4809.4000,4807.4000,4814.8000,4815.2000,4815.8000,4816.0000,4816.2000,3,1,1,1,1,1,1,1,1,1
SF,IC2001,2019-11-19 09:37:55.200,4813.8000,734,0,52005280.000,0,-,-,-,-,4811.8000,4810.8000,4809.4000,4807.4000,4804.8000,4814.8000,4815.2000,4815.8000,4816.0000,4816.2000,3,1,1,1,2,1,1,1,1,1
SF,IC2001,2019-11-19 09:37:56.200,4813.8000,734,0,52005280.000,0,-,-,-,-,4812.2000,4811.8000,4810.8000,4809.4000,4807.4000,4814.8000,4815.8000,4816.0000,4816.2000,4817.0000,1,3,1,1,1,1,1,1,1,2
SF,IC2001,2019-11-19 09:37:56.700,4813.8000,734,0,52005280.000,0,-,-,-,-,4812.2000,4810.8000,4809.4000,4807.4000,4804.8000,4814.8000,4815.8000,4816.0000,4816.2000,4817.0000,1,1,1,1,2,1,1,1,1,2
SF,IC2001,2019-11-19 09:37:57.200,4813.8000,734,0,52005280.000,0,-,-,-,-,4812.4000,4812.2000,4810.8000,4809.4000,4807.4000,4814.8000,4815.8000,4816.0000,4816.2000,4817.0000,3,1,1,1,1,1,1,1,1,2
SF,IC2001,2019-11-19 09:37:59.200,4813.8000,734,0,52005280.000,0,-,-,-,-,4812.4000,4810.8000,4809.4000,4807.4000,4804.8000,4814.8000,4815.8000,4816.0000,4816.2000,4817.0000,3,1,1,1,2,1,1,1,1,2
SF,IC2001,2019-11-19 09:38:01.700,4813.8000,734,0,52005280.000,0,-,-,-,-,4812.6000,4812.4000,4810.8000,4809.4000,4807.4000,4814.8000,4815.8000,4816.0000,4816.2000,4817.0000,1,3,1,1,1,1,1,1,1,2
SF,IC2001,2019-11-19 09:38:02.200,4813.8000,734,0,52005280.000,0,-,-,-,-,4812.6000,4810.8000,4809.4000,4807.4000,4804.8000,4814.8000,4815.8000,4816.0000,4816.2000,4817.0000,1,1,1,1,2,1,1,1,1,2
SF,IC2001,2019-11-19 09:38:02.700,4813.8000,734,0,52005280.000,0,-,-,-,-,4813.0000,4812.6000,4810.8000,4809.4000,4807.4000,4814.8000,4815.8000,4816.0000,4816.2000,4817.0000,3,1,1,1,1,1,1,1,1,2
SF,IC2001,2019-11-19 09:38:03.200,4813.8000,734,0,52005280.000,0,-,-,-,-,4813.0000,4812.6000,4810.8000,4809.4000,4807.4000,4814.8000,4815.8000,4816.0000,4816.2000,4817.0000,3,1,2,1,1,1,1,1,1,2
SF,IC2001,2019-11-19 09:38:04.200,4813.8000,734,0,52005280.000,0,-,-,-,-,4813.0000,4810.8000,4809.4000,4807.4000,4804.8000,4814.8000,4815.8000,4816.0000,4816.2000,4817.0000,3,2,1,1,2,1,1,1,1,2
SF,IC2001,2019-11-19 09:38:04.700,4813.8000,734,0,52005280.000,0,-,-,-,-,4813.0000,4810.8000,4809.4000,4807.4000,4804.8000,4815.8000,4816.0000,4816.2000,4817.0000,4817.8000,3,2,1,1,2,1,1,1,2,1
SF,IC2001,2019-11-19 09:38:05.200,4813.8000,734,0,52005280.000,0,-,-,-,-,4813.0000,4810.8000,4809.4000,4807.4000,4804.8000,4814.8000,4816.0000,4816.2000,4817.0000,4817.8000,3,2,1,1,2,1,1,1,2,1
SF,IC2001,2019-11-19 09:38:05.700,4814.8000,735,1,52968240.000,1,1,0,双开,S,4813.0000,4810.8000,4809.4000,4807.4000,4804.8000,4816.0000,4816.2000,4817.0000,4817.8000,4818.4000,3,2,1,1,2,1,1,2,1,1
SF,IC2001,2019-11-19 09:38:06.700,4814.8000,735,0,52968240.000,0,-,-,-,-,4813.0000,4810.8000,4809.6000,4809.4000,4807.4000,4816.0000,4816.2000,4817.0000,4817.8000,4818.4000,3,2,1,1,1,1,1,2,1,1
SF,IC2001,2019-11-19 09:38:07.200,4814.8000,735,0,52968240.000,0,-,-,-,-,4813.4000,4813.0000,4810.8000,4809.6000,4809.4000,4816.0000,4816.2000,4817.0000,4817.8000,4818.4000,1,3,2,1,1,1,1,2,1,1
SF,IC2001,2019-11-19 09:38:07.700,4814.8000,735,0,52968240.000,0,-,-,-,-,4813.4000,4810.8000,4809.6000,4809.4000,4807.4000,4816.0000,4816.2000,4817.0000,4817.8000,4818.4000,1,2,1,1,1,1,1,2,1,1
SF,IC2001,2019-11-19 09:38:08.200,4814.8000,735,0,52968240.000,0,-,-,-,-,4813.6000,4813.4000,4810.8000,4809.6000,4809.4000,4816.0000,4816.2000,4817.0000,4817.8000,4818.4000,2,1,2,1,1,1,1,2,1,1
SF,IC2001,2019-11-19 09:38:08.700,4814.8000,735,0,52968240.000,0,-,-,-,-,4813.6000,4810.8000,4809.6000,4809.4000,4807.4000,4815.8000,4816.0000,4816.2000,4817.0000,4817.8000,2,2,1,1,1,1,1,1,2,1
SF,IC2001,2019-11-19 09:38:11.700,4814.8000,735,0,52968240.000,0,-,-,-,-,4813.6000,4810.8000,4809.6000,4809.4000,4807.4000,4816.0000,4816.2000,4817.0000,4817.8000,4818.4000,2,2,1,1,1,1,1,2,1,1
SF,IC2001,2019-11-19 09:38:12.700,4814.8000,735,0,52968240.000,0,-,-,-,-,4813.8000,4813.6000,4810.8000,4809.6000,4809.4000,4816.0000,4816.2000,4817.0000,4817.8000,4818.4000,1,2,2,1,1,1,1,2,1,1
SF,IC2001,2019-11-19 09:38:13.200,4814.8000,735,0,52968240.000,0,-,-,-,-,4814.0000,4813.8000,4810.8000,4809.6000,4809.4000,4816.0000,4816.2000,4817.0000,4817.8000,4818.4000,1,1,2,1,1,1,1,2,1,1
SF,IC2001,2019-11-19 09:38:18.700,4814.8000,735,0,52968240.000,0,-,-,-,-,4814.0000,4813.8000,4812.2000,4810.8000,4809.6000,4816.0000,4816.2000,4817.0000,4817.8000,4818.4000,1,1,1,2,1,1,1,2,1,1
SF,IC2001,2019-11-19 09:38:19.200,4816.2000,734,-1,54894680.000,2,0,2,多平,S,4814.0000,4813.8000,4812.2000,4810.8000,4809.6000,4817.0000,4817.8000,4818.4000,4821.2000,4825.6000,1,1,1,2,1,2,1,1,1,5
SF,IC2001,2019-11-19 09:38:19.700,4816.2000,734,0,54894680.000,0,-,-,-,-,4813.8000,4813.6000,4812.2000,4810.8000,4809.6000,4817.0000,4817.8000,4818.4000,4821.2000,4825.6000,1,1,1,2,1,2,1,1,1,5
SF,IC2001,2019-11-19 09:38:20.200,4816.2000,734,0,54894680.000,0,-,-,-,-,4814.0000,4813.8000,4813.6000,4812.2000,4810.8000,4817.0000,4817.8000,4818.4000,4821.2000,4825.6000,1,1,1,1,2,2,1,1,1,5
SF,IC2001,2019-11-19 09:38:21.700,4816.2000,734,0,54894680.000,0,-,-,-,-,4814.4000,4814.0000,4813.6000,4812.2000,4810.8000,4817.0000,4817.8000,4818.4000,4821.2000,4825.6000,1,1,1,1,2,2,1,1,1,5
SF,IC2001,2019-11-19 09:38:22.200,4816.2000,734,0,54894680.000,0,-,-,-,-,4814.4000,4813.6000,4812.2000,4810.8000,4809.6000,4817.0000,4817.8000,4818.4000,4821.2000,4825.6000,1,1,1,2,1,2,1,1,1,5
SF,IC2001,2019-11-19 09:38:22.700,4816.2000,734,0,54894680.000,0,-,-,-,-,4814.4000,4813.6000,4812.2000,4810.8000,4809.6000,4816.8000,4817.0000,4817.8000,4818.4000,4821.2000,1,1,1,2,1,1,2,1,1,1
SF,IC2001,2019-11-19 09:38:23.700,4816.2000,734,0,54894680.000,0,-,-,-,-,4813.6000,4812.2000,4810.8000,4809.6000,4809.4000,4816.8000,4817.0000,4817.8000,4818.4000,4821.2000,1,1,2,1,1,1,2,1,1,1
SF,IC2001,2019-11-19 09:38:24.200,4816.2000,734,0,54894680.000,0,-,-,-,-,4813.6000,4812.2000,4810.8000,4809.6000,4809.4000,4816.6000,4816.8000,4817.0000,4817.8000,4818.4000,1,1,2,1,1,2,1,2,1,1
SF,IC2001,2019-11-19 09:38:24.700,4816.2000,734,0,54894680.000,0,-,-,-,-,4813.6000,4812.2000,4810.8000,4809.6000,4809.4000,4816.6000,4817.0000,4817.8000,4818.4000,4821.2000,1,1,2,1,1,2,2,1,1,1
SF,IC2001,2019-11-19 09:38:25.200,4816.2000,734,0,54894680.000,0,-,-,-,-,4813.6000,4812.2000,4810.8000,4809.6000,4809.4000,4816.4000,4816.6000,4817.0000,4817.8000,4818.4000,1,1,2,1,1,1,2,2,1,1
SF,IC2001,2019-11-19 09:38:26.200,4816.2000,734,0,54894680.000,0,-,-,-,-,4813.6000,4812.2000,4810.8000,4810.6000,4809.6000,4816.4000,4816.6000,4817.0000,4817.8000,4818.4000,1,1,2,1,1,1,2,2,1,1
SF,IC2001,2019-11-19 09:38:28.700,4816.2000,734,0,54894680.000,0,-,-,-,-,4813.8000,4813.6000,4812.2000,4810.8000,4810.6000,4816.4000,4816.6000,4817.0000,4817.8000,4818.4000,1,1,1,2,1,1,2,2,1,1
SF,IC2001,2019-11-19 09:38:31.700,4816.2000,734,0,54894680.000,0,-,-,-,-,4813.8000,4813.6000,4812.2000,4810.8000,4810.6000,4816.4000,4817.0000,4817.8000,4818.4000,4821.2000,1,1,1,2,1,1,2,1,1,1
SF,IC2001,2019-11-19 09:38:32.200,4816.2000,734,0,54894680.000,0,-,-,-,-,4814.0000,4813.8000,4813.6000,4812.2000,4810.8000,4816.4000,4817.0000,4817.8000,4818.4000,4821.2000,1,1,1,1,2,1,2,1,1,1
SF,IC2001,2019-11-19 09:38:32.700,4816.2000,734,0,54894680.000,0,-,-,-,-,4814.0000,4813.8000,4813.6000,4812.2000,4810.8000,4817.0000,4817.8000,4818.4000,4821.2000,4825.6000,1,1,1,1,2,2,1,1,1,5
SF,IC2001,2019-11-19 09:38:34.200,4816.2000,734,0,54894680.000,0,-,-,-,-,4814.2000,4814.0000,4813.6000,4812.2000,4810.8000,4817.0000,4817.8000,4818.4000,4821.2000,4825.6000,1,1,1,1,2,2,1,1,1,5
SF,IC2001,2019-11-19 09:38:34.700,4816.2000,734,0,54894680.000,0,-,-,-,-,4814.2000,4813.6000,4812.2000,4810.8000,4810.6000,4817.0000,4817.8000,4818.4000,4821.2000,4825.6000,1,1,1,2,1,2,1,1,1,5
SF,IC2001,2019-11-19 09:38:35.200,4816.2000,734,0,54894680.000,0,-,-,-,-,4814.2000,4813.6000,4812.2000,4810.8000,4810.6000,4816.8000,4817.0000,4817.8000,4818.4000,4821.2000,1,1,1,2,1,1,2,1,1,1
SF,IC2001,2019-11-19 09:38:43.700,4816.2000,734,0,54894680.000,0,-,-,-,-,4813.6000,4812.2000,4810.8000,4810.6000,4809.6000,4816.8000,4817.0000,4817.8000,4818.4000,4821.2000,1,1,2,1,1,1,2,1,1,1
SF,IC2001,2019-11-19 09:38:44.200,4816.2000,734,0,54894680.000,0,-,-,-,-,4813.6000,4812.2000,4810.8000,4810.6000,4809.6000,4816.4000,4816.6000,4816.8000,4817.0000,4817.8000,1,1,2,1,1,1,1,1,2,1
SF,IC2001,2019-11-19 09:38:44.700,4816.2000,734,0,54894680.000,0,-,-,-,-,4813.6000,4812.2000,4810.8000,4810.6000,4809.6000,4817.0000,4817.8000,4818.4000,4821.2000,4825.6000,1,1,2,1,1,2,1,1,1,5
SF,IC2001,2019-11-19 09:38:45.200,4816.2000,734,0,54894680.000,0,-,-,-,-,4812.2000,4810.8000,4810.6000,4809.6000,4809.4000,4816.8000,4817.0000,4817.8000,4818.4000,4821.2000,1,2,1,1,1,2,2,1,1,1
SF,IC2001,2019-11-19 09:38:45.700,4816.2000,734,0,54894680.000,0,-,-,-,-,4812.4000,4812.2000,4810.8000,4810.6000,4809.6000,4816.0000,4816.4000,4816.6000,4816.8000,4817.0000,1,1,2,1,1,1,1,1,2,2
SF,IC2001,2019-11-19 09:38:46.200,4816.2000,734,0,54894680.000,0,-,-,-,-,4812.4000,4812.2000,4810.8000,4810.6000,4809.6000,4816.8000,4817.0000,4817.8000,4818.4000,4821.2000,1,1,2,1,1,2,2,1,1,1
SF,IC2001,2019-11-19 09:38:46.700,4816.2000,734,0,54894680.000,0,-,-,-,-,4812.4000,4812.2000,4810.8000,4810.6000,4809.6000,4816.6000,4816.8000,4817.0000,4817.8000,4818.4000,1,1,2,1,1,1,2,2,1,1
SF,IC2001,2019-11-19 09:38:47.200,4816.2000,734,0,54894680.000,0,-,-,-,-,4812.4000,4812.2000,4810.8000,4810.6000,4809.6000,4816.4000,4816.6000,4816.8000,4817.0000,4817.8000,1,1,2,1,1,1,1,2,2,1
SF,IC2001,2019-11-19 09:38:47.700,4816.2000,734,0,54894680.000,0,-,-,-,-,4812.4000,4812.2000,4810.8000,4810.6000,4809.6000,4816.2000,4816.4000,4816.8000,4817.0000,4817.8000,1,1,2,1,1,1,1,2,2,1
SF,IC2001,2019-11-19 09:38:48.200,4816.2000,734,0,54894680.000,0,-,-,-,-,4812.4000,4812.2000,4810.8000,4810.6000,4809.6000,4816.0000,4816.4000,4816.8000,4817.0000,4817.8000,1,1,2,1,1,1,1,2,2,1
SF,IC2001,2019-11-19 09:38:49.700,4816.2000,734,0,54894680.000,0,-,-,-,-,4812.8000,4812.4000,4812.2000,4810.8000,4810.6000,4816.0000,4816.4000,4816.8000,4817.0000,4817.8000,1,1,1,2,1,1,1,2,2,1
SF,IC2001,2019-11-19 09:38:50.200,4816.2000,734,0,54894680.000,0,-,-,-,-,4812.8000,4812.2000,4810.8000,4810.6000,4809.6000,4816.0000,4816.4000,4816.8000,4817.0000,4817.8000,1,1,2,1,1,1,1,2,2,1
SF,IC2001,2019-11-19 09:38:51.200,4816.2000,734,0,54894680.000,0,-,-,-,-,4812.8000,4812.2000,4810.8000,4810.6000,4809.6000,4816.0000,4816.8000,4817.0000,4817.8000,4818.4000,1,1,2,1,1,1,1,2,1,1
SF,IC2001,2019-11-19 09:38:51.700,4816.2000,734,0,54894680.000,0,-,-,-,-,4813.0000,4812.8000,4812.2000,4810.8000,4810.6000,4816.0000,4816.8000,4817.0000,4817.8000,4818.4000,1,1,1,2,1,1,1,2,1,1
SF,IC2001,2019-11-19 09:38:53.700,4813.0000,733,-1,55857280.000,1,0,1,双平,S,4812.2000,4810.8000,4810.6000,4809.6000,4809.4000,4816.0000,4816.8000,4817.0000,4817.8000,4818.4000,1,2,1,1,1,1,1,2,1,1
SF,IC2001,2019-11-19 09:38:54.200,4813.0000,733,0,55857280.000,0,-,-,-,-,4813.2000,4812.2000,4810.8000,4810.6000,4809.6000,4816.0000,4816.8000,4817.0000,4817.8000,4818.4000,1,1,2,1,1,1,1,2,1,1
SF,IC2001,2019-11-19 09:38:55.200,4813.0000,733,0,55857280.000,0,-,-,-,-,4814.0000,4813.2000,4812.2000,4810.8000,4810.6000,4816.0000,4816.8000,4817.0000,4817.8000,4818.4000,1,1,1,2,1,1,1,2,1,1
SF,IC2001,2019-11-19 09:38:55.700,4816.0000,732,-1,56820480.000,1,0,1,双平,S,4813.2000,4812.2000,4810.8000,4810.6000,4809.6000,4816.8000,4817.0000,4817.8000,4818.4000,4821.2000,1,1,2,1,1,1,2,1,1,1
SF,IC2001,2019-11-19 09:38:56.700,4816.0000,732,0,56820480.000,0,-,-,-,-,4813.2000,4812.2000,4810.8000,4810.6000,4809.6000,4816.6000,4816.8000,4817.0000,4817.8000,4818.4000,1,1,2,1,1,1,1,2,1,1
SF,IC2001,2019-11-19 09:38:57.200,4816.0000,732,0,56820480.000,0,-,-,-,-,4813.2000,4812.2000,4810.8000,4810.6000,4809.6000,4816.4000,4816.6000,4816.8000,4817.0000,4817.8000,1,1,2,1,1,1,1,1,2,1
SF,IC2001,2019-11-19 09:38:58.200,4816.0000,732,0,56820480.000,0,-,-,-,-,4813.4000,4813.2000,4812.2000,4810.8000,4810.6000,4816.4000,4816.6000,4816.8000,4817.0000,4817.8000,1,1,1,2,1,1,1,1,2,1
SF,IC2001,2019-11-19 09:38:58.700,4816.0000,732,0,56820480.000,0,-,-,-,-,4813.4000,4813.2000,4812.2000,4810.8000,4810.6000,4816.2000,4816.4000,4816.6000,4816.8000,4817.0000,1,1,1,2,1,1,1,1,1,2
SF,IC2001,2019-11-19 09:38:59.700,4816.0000,732,0,56820480.000,0,-,-,-,-,4813.4000,4812.2000,4810.8000,4810.6000,4809.6000,4816.2000,4816.4000,4816.6000,4816.8000,4817.0000,1,1,2,1,1,1,1,1,1,2
