市场代码,合约代码,时间,最新,持仓,增仓,成交额,成交量,开仓,平仓,成交类型,方向,买一价,买二价,买三价,买四价,买五价,卖一价,卖二价,卖三价,卖四价,卖五价,买一量,买二量,买三量,买四量,买五量,卖一量,卖二量,卖三量,卖四量,卖五量
SF,IC2001,2019-11-21 09:29:00.100,4858.8000,1647,0,5830560.000,6.000,-,-,-,-,4836.6000,4830.8000,4826.6000,4822.2000,4821.4000,4859.0000,4859.6000,4863.0000,4865.0000,4888.0000,1,1,1,2,1,1,1,1,1,2
SF,IC2001,2019-11-21 09:30:00.100,4830.8000,1647,0,7764040.000,2,1,1,多换,S,4832.2000,4822.2000,4793.0000,4787.0000,4527.0000,4848.4000,4850.0000,4850.6000,4856.4000,4857.2000,1,2,1,7,3,1,16,1,1,1
SF,IC2001,2019-11-21 09:30:00.600,4830.8000,1647,0,7764040.000,0,-,-,-,-,4838.8000,4838.2000,4837.0000,4836.2000,4833.6000,4844.2000,4844.6000,4847.6000,4848.0000,4848.2000,1,1,1,3,2,2,1,1,1,3
SF,IC2001,2019-11-21 09:30:01.100,4830.8000,1647,0,7764040.000,0,-,-,-,-,4839.4000,4839.2000,4839.0000,4838.8000,4838.2000,4843.8000,4844.2000,4844.6000,4848.0000,4848.4000,3,1,3,1,1,1,2,1,1,1
SF,IC2001,2019-11-21 09:30:01.600,4835.6000,1647,0,8731160.000,1,0,1,多换,S,4839.6000,4839.2000,4837.0000,4836.6000,4832.4000,4843.6000,4843.8000,4844.2000,4844.6000,4848.0000,1,1,1,1,3,1,1,2,1,1
SF,IC2001,2019-11-21 09:30:02.100,4832.4000,1645,-2,11631880.000,3,0,3,多平,S,4832.4000,4832.2000,4831.4000,4831.2000,4826.0000,4839.8000,4841.2000,4843.2000,4843.4000,4843.6000,2,1,5,2,1,1,1,1,1,1
SF,IC2001,2019-11-21 09:30:02.600,4832.4000,1645,0,11631880.000,0,-,-,-,-,4834.2000,4833.0000,4832.8000,4832.6000,4832.4000,4837.8000,4838.8000,4839.2000,4839.4000,4839.6000,1,4,2,3,1,1,2,1,1,2
SF,IC2001,2019-11-21 09:30:03.100,4832.4000,1645,0,11631880.000,0,-,-,-,-,4834.4000,4833.0000,4832.8000,4832.6000,4832.2000,4837.6000,4837.8000,4838.8000,4839.2000,4839.4000,4,1,1,3,1,1,1,2,1,1
SF,IC2001,2019-11-21 09:30:03.600,4832.4000,1645,0,11631880.000,0,-,-,-,-,4834.4000,4833.0000,4832.8000,4832.6000,4832.2000,4836.6000,4837.6000,4837.8000,4838.8000,4839.2000,4,1,1,3,1,1,1,1,2,1
SF,IC2001,2019-11-21 09:30:04.100,4832.4000,1645,0,11631880.000,0,-,-,-,-,4834.4000,4833.0000,4832.8000,4832.6000,4832.2000,4839.4000,4839.8000,4841.2000,4843.4000,4848.8000,4,1,1,3,1,1,1,1,1,5
SF,IC2001,2019-11-21 09:30:04.600,4832.4000,1645,0,11631880.000,0,-,-,-,-,4835.4000,4835.0000,4834.8000,4834.4000,4833.0000,4838.6000,4839.4000,4839.8000,4841.2000,4843.4000,1,1,1,4,1,1,1,1,1,1
SF,IC2001,2019-11-21 09:30:05.100,4832.4000,1645,0,11631880.000,0,-,-,-,-,4835.6000,4835.0000,4834.8000,4834.4000,4833.0000,4838.6000,4839.4000,4839.8000,4841.2000,4843.4000,3,2,3,3,1,1,1,1,1,1
SF,IC2001,2019-11-21 09:30:05.600,4832.4000,1645,0,11631880.000,0,-,-,-,-,4836.6000,4836.2000,4836.0000,4835.6000,4835.0000,4838.6000,4839.4000,4839.8000,4841.2000,4843.4000,1,1,1,3,1,1,1,1,1,1
SF,IC2001,2019-11-21 09:30:06.100,4832.4000,1645,0,11631880.000,0,-,-,-,-,4836.8000,4836.2000,4836.0000,4835.6000,4835.0000,4838.6000,4839.4000,4839.8000,4841.2000,4843.4000,3,1,1,1,1,1,1,1,1,1
SF,IC2001,2019-11-21 09:30:06.600,4832.4000,1645,0,11631880.000,0,-,-,-,-,4836.8000,4835.6000,4834.4000,4833.2000,4833.0000,4838.6000,4839.4000,4839.8000,4841.2000,4843.4000,1,1,3,2,1,1,1,1,1,1
SF,IC2001,2019-11-21 09:30:07.100,4832.4000,1645,0,11631880.000,0,-,-,-,-,4836.8000,4835.6000,4834.4000,4833.2000,4833.0000,4838.4000,4838.6000,4839.4000,4839.8000,4841.2000,1,1,3,2,1,1,1,1,1,1
SF,IC2001,2019-11-21 09:30:07.600,4832.4000,1645,0,11631880.000,0,-,-,-,-,4836.8000,4835.6000,4834.4000,4833.2000,4833.0000,4838.6000,4839.4000,4839.8000,4841.2000,4843.4000,1,1,3,2,1,1,1,1,1,1
SF,IC2001,2019-11-21 09:30:08.600,4832.4000,1645,0,11631880.000,0,-,-,-,-,4836.8000,4835.6000,4834.4000,4833.2000,4833.0000,4838.6000,4839.4000,4839.8000,4841.2000,4843.4000,1,1,3,2,1,1,1,1,1,1
SF,IC2001,2019-11-21 09:30:09.100,4836.6000,1644,-1,12599200.000,1,0,1,双平,S,4835.6000,4834.4000,4833.2000,4833.0000,4832.6000,4838.2000,4838.6000,4839.4000,4839.8000,4840.2000,1,4,2,1,4,1,1,1,1,1
SF,IC2001,2019-11-21 09:30:09.600,4838.2000,1644,0,13566840.000,1,0,1,多换,S,4835.8000,4835.6000,4834.4000,4833.2000,4833.0000,4838.6000,4839.8000,4841.2000,4843.4000,4848.8000,4,1,3,2,1,1,1,1,1,5
SF,IC2001,2019-11-21 09:30:11.100,4838.2000,1644,0,13566840.000,0,-,-,-,-,4835.8000,4835.6000,4834.6000,4834.4000,4833.2000,4838.6000,4839.8000,4841.2000,4843.4000,4848.8000,4,1,1,3,2,1,1,1,1,5
SF,IC2001,2019-11-21 09:30:11.600,4838.2000,1644,0,13566840.000,0,-,-,-,-,4836.6000,4836.2000,4836.0000,4835.8000,4835.6000,4838.6000,4839.8000,4841.2000,4843.4000,4848.8000,1,1,1,4,1,1,1,1,1,5
SF,IC2001,2019-11-21 09:30:12.100,4838.2000,1644,0,13566840.000,0,-,-,-,-,4836.2000,4836.0000,4835.8000,4835.6000,4835.0000,4838.6000,4839.8000,4841.2000,4843.4000,4848.8000,1,1,3,1,1,1,1,1,1,5
SF,IC2001,2019-11-21 09:30:12.600,4838.2000,1644,0,13566840.000,0,-,-,-,-,4836.2000,4836.0000,4835.8000,4835.6000,4835.0000,4838.6000,4839.8000,4841.2000,4843.4000,4848.8000,1,2,3,1,1,1,1,1,1,5
SF,IC2001,2019-11-21 09:30:13.100,4838.2000,1644,0,13566840.000,0,-,-,-,-,4836.0000,4835.8000,4835.6000,4835.0000,4834.6000,4838.0000,4838.4000,4838.6000,4839.8000,4841.2000,1,3,1,1,1,2,2,1,1,1
SF,IC2001,2019-11-21 09:30:13.600,4838.2000,1644,0,13566840.000,0,-,-,-,-,4836.0000,4835.6000,4834.6000,4834.4000,4833.2000,4838.0000,4838.4000,4838.6000,4839.8000,4841.2000,1,1,1,3,2,2,1,1,1,1
SF,IC2001,2019-11-21 09:30:14.100,4836.0000,1643,-1,14534040.000,1,0,1,双平,S,4834.4000,4833.2000,4833.0000,4832.6000,4831.2000,4837.6000,4837.8000,4838.0000,4838.4000,4838.6000,3,2,1,3,1,1,1,2,1,1
SF,IC2001,2019-11-21 09:30:14.600,4836.0000,1643,0,14534040.000,0,-,-,-,-,4834.6000,4834.4000,4833.2000,4833.0000,4832.6000,4837.6000,4838.0000,4838.4000,4838.6000,4839.8000,2,3,2,1,3,1,2,1,1,1
SF,IC2001,2019-11-21 09:30:15.100,4836.0000,1643,0,14534040.000,0,-,-,-,-,4834.6000,4834.4000,4833.0000,4832.6000,4831.2000,4837.6000,4838.0000,4838.4000,4838.6000,4839.8000,2,3,1,3,1,1,2,1,1,1
SF,IC2001,2019-11-21 09:30:16.100,4836.0000,1643,0,14534040.000,0,-,-,-,-,4834.6000,4834.4000,4833.0000,4832.6000,4831.2000,4837.6000,4838.0000,4838.4000,4838.6000,4839.8000,2,3,1,3,1,1,2,1,1,1
SF,IC2001,2019-11-21 09:30:17.100,4836.0000,1643,0,14534040.000,0,-,-,-,-,4834.6000,4833.0000,4832.6000,4831.2000,4830.8000,4837.6000,4838.0000,4838.4000,4838.6000,4839.8000,1,1,3,1,2,1,2,1,1,1
SF,IC2001,2019-11-21 09:30:17.600,4836.0000,1643,0,14534040.000,0,-,-,-,-,4834.8000,4834.6000,4833.0000,4832.6000,4831.2000,4837.6000,4838.0000,4838.4000,4838.6000,4839.8000,1,1,1,3,1,1,2,1,1,1
SF,IC2001,2019-11-21 09:30:18.100,4836.0000,1643,0,14534040.000,0,-,-,-,-,4832.6000,4831.4000,4831.2000,4830.8000,4830.4000,4834.6000,4837.0000,4837.6000,4838.0000,4838.4000,3,1,1,2,1,1,1,1,2,1
SF,IC2001,2019-11-21 09:30:18.600,4834.6000,1643,0,15500960.000,1,0,1,多换,S,4834.6000,4833.0000,4832.8000,4832.6000,4831.4000,4837.0000,4837.6000,4838.0000,4838.4000,4838.6000,2,1,5,3,1,1,1,2,1,1
SF,IC2001,2019-11-21 09:30:19.100,4834.6000,1643,0,15500960.000,0,-,-,-,-,4834.8000,4834.6000,4833.0000,4832.8000,4832.6000,4837.0000,4837.6000,4838.0000,4838.4000,4838.6000,1,1,1,3,3,1,1,2,1,1
SF,IC2001,2019-11-21 09:30:19.600,4834.6000,1643,0,15500960.000,0,-,-,-,-,4834.8000,4834.6000,4833.0000,4832.8000,4832.6000,4837.6000,4838.0000,4838.4000,4838.6000,4839.8000,1,1,1,3,3,1,2,1,1,1
SF,IC2001,2019-11-21 09:30:20.100,4834.6000,1643,0,15500960.000,0,-,-,-,-,4835.0000,4834.8000,4834.6000,4833.0000,4832.8000,4837.6000,4838.0000,4838.4000,4838.6000,4839.8000,2,1,1,2,3,1,2,1,1,1
SF,IC2001,2019-11-21 09:30:20.600,4834.6000,1643,0,15500960.000,0,-,-,-,-,4835.2000,4835.0000,4834.6000,4833.0000,4832.8000,4837.6000,4838.0000,4838.4000,4838.6000,4839.8000,1,1,1,2,3,1,2,1,1,1
SF,IC2001,2019-11-21 09:30:21.100,4834.6000,1643,0,15500960.000,0,-,-,-,-,4834.6000,4833.0000,4832.8000,4832.6000,4831.4000,4837.6000,4838.0000,4838.4000,4838.6000,4839.8000,1,2,3,3,1,1,2,1,1,1
SF,IC2001,2019-11-21 09:30:21.600,4834.6000,1643,0,15500960.000,0,-,-,-,-,4835.0000,4834.8000,4834.6000,4833.0000,4832.8000,4838.0000,4838.4000,4838.6000,4839.8000,4841.2000,1,2,1,2,3,2,1,1,1,1
SF,IC2001,2019-11-21 09:30:22.100,4834.6000,1643,0,15500960.000,0,-,-,-,-,4833.0000,4832.8000,4832.6000,4831.4000,4826.8000,4837.0000,4837.2000,4837.8000,4838.0000,4838.4000,2,2,3,1,2,1,1,1,2,1
SF,IC2001,2019-11-21 09:30:22.600,4834.6000,1643,0,15500960.000,0,-,-,-,-,4833.2000,4833.0000,4832.8000,4832.6000,4831.4000,4837.0000,4837.2000,4838.0000,4838.4000,4838.6000,7,2,2,3,1,1,1,2,1,1
SF,IC2001,2019-11-21 09:30:23.100,4834.6000,1643,0,15500960.000,0,-,-,-,-,4834.0000,4833.6000,4833.4000,4833.2000,4833.0000,4836.8000,4837.0000,4837.2000,4838.0000,4838.6000,1,1,2,3,2,1,1,1,2,1
SF,IC2001,2019-11-21 09:30:23.600,4834.6000,1643,0,15500960.000,0,-,-,-,-,4834.2000,4834.0000,4833.6000,4833.4000,4833.2000,4836.8000,4837.0000,4837.2000,4838.0000,4838.6000,2,1,2,1,3,1,1,1,2,1
SF,IC2001,2019-11-21 09:30:24.600,4834.6000,1643,0,15500960.000,0,-,-,-,-,4834.2000,4834.0000,4833.6000,4833.4000,4833.2000,4836.8000,4837.0000,4837.2000,4838.0000,4838.6000,1,1,2,1,3,1,1,1,2,1
SF,IC2001,2019-11-21 09:30:25.100,4834.6000,1643,0,15500960.000,0,-,-,-,-,4833.6000,4833.4000,4833.2000,4833.0000,4832.8000,4836.6000,4836.8000,4837.0000,4837.2000,4838.0000,1,1,2,1,2,1,1,1,1,2
SF,IC2001,2019-11-21 09:30:25.600,4834.6000,1643,0,15500960.000,0,-,-,-,-,4833.8000,4833.6000,4833.4000,4833.2000,4833.0000,4836.8000,4837.0000,4837.2000,4838.0000,4838.6000,2,1,1,2,1,1,1,1,2,1
SF,IC2001,2019-11-21 09:30:26.100,4834.6000,1643,0,15500960.000,0,-,-,-,-,4834.6000,4833.8000,4833.6000,4833.4000,4833.2000,4836.8000,4837.0000,4837.2000,4838.0000,4838.6000,1,2,1,1,2,1,1,1,2,1
SF,IC2001,2019-11-21 09:30:26.600,4834.6000,1643,0,15500960.000,0,-,-,-,-,4834.6000,4833.8000,4833.6000,4833.4000,4833.2000,4836.8000,4837.0000,4837.2000,4838.0000,4838.6000,1,1,1,1,2,1,1,1,2,1
SF,IC2001,2019-11-21 09:30:27.100,4834.6000,1643,0,15500960.000,0,-,-,-,-,4834.6000,4833.6000,4833.4000,4833.2000,4833.0000,4836.8000,4837.0000,4837.2000,4838.0000,4838.6000,1,1,1,2,1,1,1,1,2,1
SF,IC2001,2019-11-21 09:30:27.600,4834.6000,1643,0,15500960.000,0,-,-,-,-,4836.6000,4834.6000,4833.6000,4833.4000,4833.2000,4836.8000,4837.0000,4837.2000,4838.0000,4838.6000,1,1,1,1,2,1,1,1,2,1
SF,IC2001,2019-11-21 09:30:28.100,4834.6000,1643,0,17434800.000,2,1,1,多换,S,4832.6000,4831.4000,4830.6000,4826.8000,4826.0000,4836.6000,4836.8000,4837.0000,4837.2000,4838.6000,3,1,1,2,1,4,1,1,1,1
SF,IC2001,2019-11-21 09:30:28.600,4834.6000,1643,0,17434800.000,0,-,-,-,-,4832.8000,4832.6000,4831.4000,4830.6000,4826.8000,4836.4000,4836.6000,4836.8000,4837.0000,4838.6000,5,3,1,1,2,1,4,1,1,1
SF,IC2001,2019-11-21 09:30:29.100,4834.6000,1643,0,17434800.000,0,-,-,-,-,4832.8000,4831.4000,4830.6000,4826.8000,4826.0000,4834.6000,4835.4000,4836.2000,4836.4000,4836.6000,1,1,1,2,1,2,1,1,2,2
SF,IC2001,2019-11-21 09:30:29.600,4834.6000,1643,0,17434800.000,0,-,-,-,-,4833.0000,4832.8000,4831.4000,4830.6000,4826.8000,4834.6000,4835.4000,4836.4000,4836.6000,4836.8000,2,1,1,1,2,2,1,1,2,1
SF,IC2001,2019-11-21 09:30:30.100,4834.6000,1643,0,17434800.000,0,-,-,-,-,4833.2000,4833.0000,4832.8000,4831.4000,4830.6000,4834.6000,4835.4000,4836.4000,4836.6000,4836.8000,1,2,1,1,1,2,1,1,1,1
SF,IC2001,2019-11-21 09:30:30.600,4834.6000,1641,-2,19368640.000,2,0,2,双平,S,4833.0000,4832.8000,4831.4000,4830.6000,4826.8000,4835.4000,4836.4000,4836.6000,4836.8000,4837.0000,2,1,1,1,2,1,1,1,1,1
SF,IC2001,2019-11-21 09:30:31.100,4835.4000,1640,-1,20335720.000,1,0,1,双平,S,4833.2000,4831.4000,4830.6000,4826.8000,4826.0000,4836.4000,4836.6000,4836.8000,4837.0000,4838.6000,2,1,1,2,1,1,1,1,1,1
SF,IC2001,2019-11-21 09:30:31.600,4835.4000,1640,0,20335720.000,0,-,-,-,-,4833.2000,4831.4000,4830.6000,4826.8000,4826.0000,4836.2000,4836.4000,4836.8000,4837.0000,4838.6000,5,1,1,2,1,1,1,1,1,1
SF,IC2001,2019-11-21 09:30:32.100,4835.4000,1640,0,20335720.000,0,-,-,-,-,4833.6000,4833.2000,4831.4000,4830.6000,4826.8000,4836.2000,4836.4000,4836.8000,4837.0000,4838.6000,1,5,1,1,2,1,1,1,1,1
SF,IC2001,2019-11-21 09:30:32.600,4835.4000,1640,0,20335720.000,0,-,-,-,-,4833.8000,4833.6000,4833.4000,4833.2000,4831.4000,4836.8000,4837.0000,4838.6000,4839.8000,4843.4000,4,1,1,6,1,1,1,1,1,1
SF,IC2001,2019-11-21 09:30:33.100,4835.4000,1640,0,20335720.000,0,-,-,-,-,4834.6000,4834.4000,4834.2000,4834.0000,4833.8000,4838.6000,4839.8000,4843.4000,4848.8000,4850.0000,1,1,1,3,4,1,1,1,5,16
SF,IC2001,2019-11-21 09:30:33.600,4835.4000,1640,0,20335720.000,0,-,-,-,-,4834.8000,4834.6000,4834.4000,4834.2000,4834.0000,4838.4000,4838.6000,4839.8000,4843.4000,4848.8000,5,1,1,1,3,2,1,1,1,5
SF,IC2001,2019-11-21 09:30:34.100,4835.4000,1640,0,20335720.000,0,-,-,-,-,4835.6000,4835.2000,4835.0000,4834.8000,4834.4000,4838.4000,4838.6000,4839.8000,4843.4000,4848.8000,1,1,1,5,1,2,1,1,1,5
SF,IC2001,2019-11-21 09:30:34.600,4835.4000,1640,0,20335720.000,0,-,-,-,-,4835.8000,4835.6000,4835.2000,4835.0000,4834.8000,4838.4000,4838.6000,4839.8000,4843.4000,4848.8000,1,1,1,1,4,2,1,1,1,5
SF,IC2001,2019-11-21 09:30:35.100,4835.4000,1640,0,20335720.000,0,-,-,-,-,4835.8000,4835.6000,4835.2000,4835.0000,4834.8000,4838.4000,4838.6000,4839.8000,4843.4000,4848.8000,1,2,1,1,4,2,1,1,1,5
SF,IC2001,2019-11-21 09:30:35.600,4835.4000,1640,0,20335720.000,0,-,-,-,-,4836.0000,4835.8000,4835.6000,4835.2000,4835.0000,4839.8000,4843.4000,4848.8000,4850.0000,4856.6000,2,1,1,1,1,1,1,5,16,1
SF,IC2001,2019-11-21 09:30:36.100,4835.4000,1640,0,20335720.000,0,-,-,-,-,4836.2000,4836.0000,4835.8000,4835.6000,4835.2000,4839.4000,4839.6000,4839.8000,4843.4000,4848.8000,1,3,1,1,1,1,2,1,1,5
SF,IC2001,2019-11-21 09:30:36.600,4835.8000,1643,3,25171520.000,5,4,1,空开,S,4835.6000,4835.2000,4835.0000,4834.8000,4834.4000,4835.8000,4839.2000,4841.4000,4843.4000,4848.8000,1,1,1,3,1,3,2,1,1,5
SF,IC2001,2019-11-21 09:30:37.100,4835.8000,1643,0,28073000.000,3,1,2,多换,S,4836.8000,4835.8000,4835.6000,4834.8000,4834.4000,4839.2000,4839.4000,4841.4000,4843.4000,4848.8000,1,1,1,1,1,2,1,1,1,5
SF,IC2001,2019-11-21 09:30:37.600,4835.8000,1643,0,28073000.000,0,-,-,-,-,4835.8000,4835.6000,4834.8000,4834.4000,4833.8000,4839.0000,4839.2000,4839.4000,4841.4000,4843.4000,1,2,1,1,2,2,1,1,1,1
SF,IC2001,2019-11-21 09:30:38.100,4835.8000,1643,0,28073000.000,0,-,-,-,-,4836.0000,4835.8000,4835.6000,4834.8000,4834.4000,4838.6000,4839.0000,4839.2000,4839.4000,4841.4000,1,1,1,1,1,1,2,1,1,1
SF,IC2001,2019-11-21 09:30:38.600,4835.8000,1643,0,28073000.000,0,-,-,-,-,4836.0000,4835.8000,4835.6000,4834.8000,4834.4000,4838.4000,4838.6000,4839.2000,4839.4000,4841.4000,1,1,1,1,1,1,1,1,1,1
SF,IC2001,2019-11-21 09:30:39.100,4835.8000,1643,0,28073000.000,0,-,-,-,-,4836.0000,4835.8000,4835.6000,4834.8000,4834.4000,4838.2000,4838.4000,4838.6000,4839.4000,4841.4000,1,1,1,2,1,1,1,1,1,1
SF,IC2001,2019-11-21 09:30:39.600,4835.8000,1643,0,28073000.000,0,-,-,-,-,4836.2000,4836.0000,4835.8000,4835.6000,4834.8000,4838.0000,4838.2000,4838.6000,4839.4000,4841.4000,4,1,1,1,2,1,1,1,1,1
SF,IC2001,2019-11-21 09:30:40.100,4835.8000,1643,0,28073000.000,0,-,-,-,-,4836.2000,4836.0000,4835.8000,4835.6000,4834.8000,4838.0000,4838.2000,4838.6000,4839.4000,4841.4000,1,1,1,1,2,1,1,1,1,1
SF,IC2001,2019-11-21 09:30:41.100,4835.8000,1643,0,28073000.000,0,-,-,-,-,4836.2000,4836.0000,4835.8000,4835.6000,4834.8000,4837.8000,4838.0000,4838.2000,4839.4000,4841.4000,1,1,1,1,1,1,1,1,1,1
SF,IC2001,2019-11-21 09:30:41.600,4836.2000,1642,-1,29040240.000,1,0,1,双平,S,4834.4000,4833.8000,4833.2000,4831.4000,4830.6000,4837.6000,4837.8000,4838.2000,4839.4000,4841.4000,1,3,4,1,1,2,1,1,1,1
SF,IC2001,2019-11-21 09:30:42.100,4836.2000,1642,0,29040240.000,0,-,-,-,-,4834.6000,4834.4000,4833.8000,4833.2000,4831.4000,4837.2000,4837.4000,4837.8000,4839.4000,4841.4000,2,1,2,4,1,1,1,1,1,1
SF,IC2001,2019-11-21 09:30:42.600,4836.2000,1642,0,29040240.000,0,-,-,-,-,4834.6000,4834.4000,4833.8000,4833.2000,4831.4000,4837.2000,4837.8000,4839.4000,4841.4000,4843.4000,1,1,2,4,1,1,1,1,1,1
SF,IC2001,2019-11-21 09:30:43.100,4836.2000,1642,0,29040240.000,0,-,-,-,-,4834.8000,4834.4000,4833.8000,4833.2000,4831.4000,4837.2000,4837.8000,4839.4000,4841.4000,4843.4000,3,1,2,4,1,1,1,1,1,1
SF,IC2001,2019-11-21 09:30:43.600,4836.2000,1642,0,29040240.000,0,-,-,-,-,4834.4000,4833.8000,4833.2000,4833.0000,4831.4000,4837.2000,4837.8000,4839.4000,4841.4000,4843.4000,1,2,4,1,1,1,1,1,1,1
SF,IC2001,2019-11-21 09:30:44.100,4836.2000,1642,0,29040240.000,0,-,-,-,-,4835.0000,4834.6000,4834.4000,4833.8000,4833.2000,4837.2000,4837.8000,4839.4000,4841.4000,4843.4000,2,5,1,2,4,1,1,1,1,1
SF,IC2001,2019-11-21 09:30:44.600,4836.2000,1642,0,29040240.000,0,-,-,-,-,4835.4000,4835.0000,4834.6000,4834.4000,4833.8000,4837.2000,4837.8000,4839.4000,4841.4000,4843.4000,1,2,3,1,2,1,1,1,1,1
SF,IC2001,2019-11-21 09:30:45.100,4836.2000,1642,0,29040240.000,0,-,-,-,-,4835.6000,4835.0000,4834.6000,4834.4000,4833.8000,4837.2000,4837.8000,4839.4000,4841.4000,4843.4000,2,2,2,1,2,1,1,1,1,1
SF,IC2001,2019-11-21 09:30:45.600,4836.2000,1642,0,29040240.000,0,-,-,-,-,4835.6000,4835.0000,4834.6000,4834.4000,4833.8000,4837.8000,4839.4000,4841.4000,4843.4000,4848.8000,2,2,2,1,2,1,1,1,1,5
SF,IC2001,2019-11-21 09:30:46.100,4836.2000,1642,0,29040240.000,0,-,-,-,-,4836.0000,4835.8000,4835.6000,4835.0000,4834.6000,4837.8000,4839.4000,4841.4000,4843.4000,4848.8000,1,1,1,2,2,1,1,1,1,5
SF,IC2001,2019-11-21 09:30:46.600,4836.2000,1642,0,29040240.000,0,-,-,-,-,4834.4000,4833.8000,4833.2000,4833.0000,4831.4000,4837.6000,4837.8000,4839.4000,4841.4000,4843.4000,1,2,4,1,1,1,1,1,1,1
SF,IC2001,2019-11-21 09:30:47.100,4836.2000,1642,0,29040240.000,0,-,-,-,-,4835.6000,4834.6000,4834.4000,4833.8000,4833.2000,4837.6000,4837.8000,4839.4000,4841.4000,4843.4000,1,3,1,2,4,1,1,1,1,1
SF,IC2001,2019-11-21 09:30:47.600,4836.2000,1642,0,29040240.000,0,-,-,-,-,4834.4000,4833.8000,4833.2000,4833.0000,4831.4000,4837.2000,4837.6000,4837.8000,4839.4000,4841.4000,1,2,4,1,1,1,1,1,1,1
SF,IC2001,2019-11-21 09:30:48.100,4836.2000,1642,0,29040240.000,0,-,-,-,-,4834.6000,4834.4000,4833.8000,4833.2000,4833.0000,4837.2000,4837.8000,4839.4000,4841.4000,4843.4000,5,1,2,4,1,1,1,1,1,1
SF,IC2001,2019-11-21 09:30:48.600,4836.2000,1642,0,29040240.000,0,-,-,-,-,4835.6000,4835.2000,4835.0000,4834.6000,4834.4000,4837.8000,4839.4000,4841.4000,4843.4000,4848.8000,1,1,1,5,1,1,1,1,1,5
SF,IC2001,2019-11-21 09:30:49.100,4836.2000,1642,0,29040240.000,0,-,-,-,-,4836.0000,4835.8000,4835.2000,4835.0000,4834.6000,4837.8000,4839.4000,4841.4000,4843.4000,4848.8000,1,2,1,1,4,1,1,1,1,5
SF,IC2001,2019-11-21 09:30:49.600,4836.2000,1642,0,29040240.000,0,-,-,-,-,4836.2000,4835.8000,4835.2000,4835.0000,4834.6000,4837.8000,4839.4000,4841.4000,4843.4000,4848.8000,2,2,1,1,3,1,1,1,1,5
SF,IC2001,2019-11-21 09:30:50.600,4837.8000,1642,0,30007800.000,1,0,1,多换,S,4836.2000,4835.8000,4835.2000,4835.0000,4834.6000,4839.4000,4841.4000,4843.4000,4848.8000,4850.0000,2,2,1,1,3,1,1,1,5,16
SF,IC2001,2019-11-21 09:30:51.100,4837.8000,1642,0,30007800.000,0,-,-,-,-,4836.6000,4836.4000,4836.2000,4835.8000,4835.2000,4841.4000,4843.4000,4848.8000,4850.0000,4856.6000,2,1,1,2,1,1,1,5,16,1
SF,IC2001,2019-11-21 09:30:51.600,4837.8000,1642,0,30007800.000,0,-,-,-,-,4836.8000,4836.6000,4836.2000,4835.8000,4835.2000,4841.0000,4841.2000,4841.4000,4841.6000,4843.4000,1,1,1,2,1,1,4,1,1,1
SF,IC2001,2019-11-21 09:30:52.100,4837.8000,1642,0,30007800.000,0,-,-,-,-,4837.0000,4836.8000,4836.6000,4836.2000,4835.8000,4840.8000,4841.0000,4841.2000,4841.4000,4843.4000,1,3,1,1,2,2,1,2,1,1
SF,IC2001,2019-11-21 09:30:52.600,4840.4000,1643,1,30975880.000,1,1,0,双开,S,4837.8000,4837.4000,4837.2000,4837.0000,4836.8000,4840.8000,4841.2000,4841.4000,4843.4000,4848.8000,1,1,2,1,1,2,2,1,1,5
SF,IC2001,2019-11-21 09:30:53.100,4840.4000,1643,0,30975880.000,0,-,-,-,-,4837.8000,4837.4000,4837.0000,4836.2000,4835.8000,4840.6000,4840.8000,4841.2000,4841.4000,4843.4000,1,1,1,1,2,1,2,2,1,1
SF,IC2001,2019-11-21 09:30:53.600,4840.4000,1643,0,30975880.000,0,-,-,-,-,4837.8000,4837.4000,4837.0000,4836.2000,4835.8000,4840.4000,4841.2000,4841.4000,4843.4000,4848.8000,1,1,1,1,2,1,2,1,1,5
SF,IC2001,2019-11-21 09:30:54.600,4840.4000,1643,0,30975880.000,0,-,-,-,-,4838.0000,4837.8000,4837.4000,4837.0000,4836.2000,4840.4000,4841.4000,4843.4000,4848.8000,4850.0000,1,1,1,1,1,1,1,1,5,16
SF,IC2001,2019-11-21 09:30:55.100,4840.4000,1643,0,30975880.000,0,-,-,-,-,4838.0000,4837.8000,4837.4000,4837.0000,4836.2000,4840.4000,4841.4000,4843.4000,4848.8000,4850.0000,1,1,1,1,1,1,1,1,5,16
SF,IC2001,2019-11-21 09:30:55.600,4840.4000,1643,0,30975880.000,0,-,-,-,-,4838.0000,4837.8000,4837.4000,4837.0000,4836.2000,4840.4000,4841.4000,4841.6000,4843.4000,4848.8000,1,1,1,1,1,1,1,1,1,5
SF,IC2001,2019-11-21 09:30:56.100,4840.4000,1643,0,30975880.000,0,-,-,-,-,4838.2000,4838.0000,4837.8000,4837.4000,4837.0000,4841.4000,4841.6000,4843.4000,4848.8000,4850.0000,5,1,1,1,1,1,1,1,5,16
SF,IC2001,2019-11-21 09:30:56.600,4840.4000,1643,0,30975880.000,0,-,-,-,-,4838.6000,4838.4000,4838.2000,4838.0000,4837.8000,4841.2000,4841.4000,4843.4000,4848.8000,4850.0000,1,1,5,1,1,1,1,1,5,16
SF,IC2001,2019-11-21 09:30:57.100,4840.4000,1643,0,30975880.000,0,-,-,-,-,4838.6000,4838.4000,4838.2000,4838.0000,4837.8000,4841.2000,4841.4000,4843.4000,4848.8000,4850.0000,1,1,4,1,1,1,1,1,5,16
SF,IC2001,2019-11-21 09:30:57.600,4840.4000,1643,0,30975880.000,0,-,-,-,-,4838.8000,4838.6000,4838.4000,4838.2000,4838.0000,4841.4000,4843.4000,4848.8000,4850.0000,4856.6000,1,1,1,4,1,1,1,5,16,1
SF,IC2001,2019-11-21 09:30:58.100,4840.4000,1643,0,30975880.000,0,-,-,-,-,4838.6000,4838.4000,4838.2000,4838.0000,4837.8000,4841.2000,4841.4000,4843.4000,4848.8000,4850.0000,1,1,4,1,1,1,1,1,5,16
SF,IC2001,2019-11-21 09:30:59.100,4840.4000,1643,0,30975880.000,0,-,-,-,-,4838.8000,4838.6000,4838.4000,4838.2000,4838.0000,4841.2000,4841.4000,4843.4000,4848.8000,4850.0000,1,1,1,4,1,1,1,1,5,16
SF,IC2001,2019-11-21 09:30:59.600,4840.4000,1643,0,30975880.000,0,-,-,-,-,4839.2000,4839.0000,4838.8000,4838.6000,4838.2000,4842.8000,4843.4000,4848.8000,4850.0000,4856.6000,1,2,1,1,4,1,1,5,16,1
SF,IC2001,2019-11-21 09:31:00.100,4840.4000,1643,0,30975880.000,0,-,-,-,-,4839.4000,4839.2000,4839.0000,4838.8000,4838.6000,4842.6000,4842.8000,4848.8000,4850.0000,4856.6000,1,1,1,1,1,1,1,5,16,1
SF,IC2001,2019-11-21 09:31:00.600,4840.4000,1643,0,30975880.000,0,-,-,-,-,4839.8000,4839.4000,4839.2000,4839.0000,4838.8000,4842.6000,4842.8000,4848.8000,4850.0000,4856.6000,1,3,1,1,1,1,1,5,16,1
SF,IC2001,2019-11-21 09:31:01.100,4840.4000,1643,0,30975880.000,0,-,-,-,-,4839.4000,4839.2000,4839.0000,4838.8000,4838.2000,4842.4000,4842.6000,4842.8000,4848.8000,4850.0000,1,1,1,1,4,1,1,1,5,16
SF,IC2001,2019-11-21 09:31:01.600,4840.4000,1643,0,30975880.000,0,-,-,-,-,4839.4000,4839.2000,4839.0000,4838.8000,4838.2000,4842.2000,4842.8000,4848.8000,4850.0000,4856.6000,1,1,1,1,4,1,1,5,16,1
SF,IC2001,2019-11-21 09:31:02.100,4840.4000,1643,0,30975880.000,0,-,-,-,-,4839.4000,4839.2000,4839.0000,4838.2000,4837.8000,4842.2000,4842.8000,4848.8000,4850.0000,4856.6000,1,1,1,4,1,1,1,5,16,1
SF,IC2001,2019-11-21 09:31:02.600,4840.4000,1643,0,30975880.000,0,-,-,-,-,4839.4000,4839.2000,4839.0000,4838.2000,4837.8000,4842.2000,4842.8000,4848.8000,4850.0000,4856.6000,1,1,1,4,1,1,1,5,16,1
SF,IC2001,2019-11-21 09:31:03.100,4840.4000,1643,0,30975880.000,0,-,-,-,-,4839.4000,4838.2000,4837.8000,4837.0000,4836.2000,4842.0000,4842.2000,4842.8000,4848.8000,4850.0000,1,4,1,1,1,2,1,1,5,16
SF,IC2001,2019-11-21 09:31:03.600,4840.4000,1643,0,30975880.000,0,-,-,-,-,4839.4000,4838.2000,4837.8000,4837.0000,4836.2000,4841.8000,4842.0000,4842.8000,4848.8000,4850.0000,1,4,1,1,1,1,2,1,5,16
SF,IC2001,2019-11-21 09:31:04.100,4839.4000,1643,0,31943760.000,1,0,1,多换,S,4838.2000,4837.8000,4837.0000,4836.2000,4835.8000,4841.6000,4841.8000,4842.0000,4842.8000,4848.8000,1,1,1,1,2,3,1,2,1,5
SF,IC2001,2019-11-21 09:31:04.600,4839.4000,1643,0,31943760.000,0,-,-,-,-,4838.2000,4837.8000,4837.0000,4836.2000,4835.8000,4841.4000,4841.6000,4842.0000,4842.8000,4848.8000,1,1,1,1,2,1,3,2,1,5
SF,IC2001,2019-11-21 09:31:05.100,4839.4000,1643,0,31943760.000,0,-,-,-,-,4838.4000,4838.2000,4838.0000,4837.8000,4837.0000,4841.4000,4842.0000,4842.8000,4848.8000,4850.0000,2,1,1,1,1,1,2,1,5,16
SF,IC2001,2019-11-21 09:31:05.600,4839.4000,1643,0,31943760.000,0,-,-,-,-,4838.6000,4838.4000,4838.2000,4838.0000,4837.8000,4841.4000,4842.8000,4848.8000,4850.0000,4856.6000,1,3,1,1,1,1,1,5,16,1
SF,IC2001,2019-11-21 09:31:06.100,4839.4000,1643,0,31943760.000,0,-,-,-,-,4839.0000,4838.8000,4838.4000,4838.2000,4838.0000,4841.4000,4842.8000,4848.8000,4850.0000,4884.0000,2,3,2,1,1,1,1,5,16,1
SF,IC2001,2019-11-21 09:31:06.600,4839.4000,1643,0,31943760.000,0,-,-,-,-,4839.0000,4838.4000,4838.2000,4838.0000,4837.8000,4841.4000,4842.8000,4848.8000,4850.0000,4884.0000,2,2,1,1,1,1,1,5,16,1
SF,IC2001,2019-11-21 09:31:07.100,4839.4000,1643,0,31943760.000,0,-,-,-,-,4838.4000,4838.2000,4838.0000,4837.8000,4837.0000,4841.4000,4842.8000,4848.8000,4850.0000,4884.0000,1,1,1,1,1,1,1,5,16,1
SF,IC2001,2019-11-21 09:31:08.600,4839.4000,1643,0,31943760.000,0,-,-,-,-,4838.2000,4838.0000,4837.8000,4837.0000,4836.2000,4841.4000,4842.8000,4848.8000,4850.0000,4884.0000,1,1,1,1,1,1,1,5,16,1
SF,IC2001,2019-11-21 09:31:09.100,4839.4000,1643,0,31943760.000,0,-,-,-,-,4838.4000,4838.2000,4838.0000,4837.8000,4837.0000,4841.4000,4842.8000,4848.8000,4850.0000,4884.0000,2,1,1,1,1,1,1,5,16,1
SF,IC2001,2019-11-21 09:31:09.600,4839.4000,1643,0,31943760.000,0,-,-,-,-,4838.6000,4838.4000,4838.2000,4838.0000,4837.8000,4842.8000,4848.8000,4850.0000,4884.0000,4925.0000,1,5,1,1,1,1,5,16,1,10
SF,IC2001,2019-11-21 09:31:10.100,4839.4000,1643,0,31943760.000,0,-,-,-,-,4839.0000,4838.8000,4838.6000,4838.4000,4838.2000,4842.6000,4842.8000,4848.8000,4850.0000,4884.0000,1,2,2,4,1,1,1,5,16,1
SF,IC2001,2019-11-21 09:31:10.600,4839.4000,1643,0,31943760.000,0,-,-,-,-,4839.2000,4839.0000,4838.8000,4838.6000,4838.4000,4842.6000,4842.8000,4848.8000,4850.0000,4884.0000,1,2,1,1,4,1,1,5,16,1
SF,IC2001,2019-11-21 09:31:11.100,4839.4000,1643,0,31943760.000,0,-,-,-,-,4839.4000,4839.2000,4839.0000,4838.6000,4838.4000,4842.6000,4842.8000,4848.8000,4850.0000,4884.0000,1,1,2,1,3,1,1,5,16,1
SF,IC2001,2019-11-21 09:31:11.600,4839.4000,1643,0,31943760.000,0,-,-,-,-,4839.4000,4839.0000,4838.6000,4838.4000,4838.2000,4842.6000,4842.8000,4848.8000,4850.0000,4884.0000,1,1,1,3,1,1,1,5,16,1
SF,IC2001,2019-11-21 09:31:13.100,4839.4000,1643,0,31943760.000,0,-,-,-,-,4839.0000,4838.6000,4838.4000,4838.2000,4838.0000,4842.4000,4842.6000,4842.8000,4848.8000,4850.0000,1,1,3,1,1,1,1,1,5,16
SF,IC2001,2019-11-21 09:31:13.600,4839.4000,1643,0,31943760.000,0,-,-,-,-,4839.6000,4839.2000,4839.0000,4838.6000,4838.4000,4842.8000,4848.8000,4850.0000,4884.0000,4925.0000,1,1,1,1,3,1,5,16,1,10
SF,IC2001,2019-11-21 09:31:14.100,4839.4000,1643,0,31943760.000,0,-,-,-,-,4839.6000,4839.0000,4838.6000,4838.4000,4838.2000,4842.6000,4842.8000,4848.8000,4850.0000,4884.0000,1,1,1,3,1,1,1,5,16,1
SF,IC2001,2019-11-21 09:31:16.600,4839.4000,1643,0,31943760.000,0,-,-,-,-,4839.6000,4839.0000,4838.6000,4838.4000,4838.2000,4842.4000,4842.6000,4842.8000,4848.8000,4850.0000,1,1,1,3,1,1,1,1,5,16
SF,IC2001,2019-11-21 09:31:17.100,4842.4000,1642,-1,33880680.000,2,0,2,多平,S,4839.6000,4839.0000,4838.6000,4838.4000,4838.2000,4842.8000,4843.4000,4848.8000,4850.0000,4884.0000,1,1,1,4,1,1,1,5,16,1
SF,IC2001,2019-11-21 09:31:17.600,4842.4000,1642,0,33880680.000,0,-,-,-,-,4839.8000,4839.6000,4839.0000,4838.6000,4838.4000,4842.6000,4842.8000,4848.8000,4850.0000,4884.0000,1,1,1,1,3,2,1,5,16,1
SF,IC2001,2019-11-21 09:31:18.600,4842.4000,1642,0,33880680.000,0,-,-,-,-,4839.8000,4839.6000,4839.0000,4838.6000,4838.4000,4842.6000,4842.8000,4848.8000,4850.0000,4884.0000,1,1,1,2,3,2,1,5,16,1
SF,IC2001,2019-11-21 09:31:19.100,4842.4000,1642,0,33880680.000,0,-,-,-,-,4839.8000,4839.6000,4839.0000,4838.6000,4838.4000,4842.8000,4848.8000,4850.0000,4884.0000,4925.0000,2,1,1,2,3,1,5,16,1,10
SF,IC2001,2019-11-21 09:31:20.600,4842.4000,1642,0,33880680.000,0,-,-,-,-,4839.8000,4839.6000,4839.0000,4838.6000,4838.4000,4842.6000,4842.8000,4848.8000,4850.0000,4884.0000,2,1,1,2,3,2,1,5,16,1
SF,IC2001,2019-11-21 09:31:21.600,4842.4000,1642,0,33880680.000,0,-,-,-,-,4839.8000,4839.6000,4839.0000,4838.6000,4838.4000,4842.8000,4848.8000,4850.0000,4884.0000,4925.0000,2,1,1,2,3,1,5,16,1,10
SF,IC2001,2019-11-21 09:31:23.100,4842.4000,1642,0,33880680.000,0,-,-,-,-,4840.2000,4840.0000,4839.8000,4839.6000,4839.0000,4842.8000,4848.8000,4850.0000,4884.0000,4925.0000,1,2,3,1,1,1,5,16,1,10
SF,IC2001,2019-11-21 09:31:23.600,4842.4000,1642,0,33880680.000,0,-,-,-,-,4840.4000,4840.2000,4840.0000,4839.8000,4839.6000,4842.8000,4848.8000,4850.0000,4884.0000,4925.0000,2,1,2,2,1,1,5,16,1,10
SF,IC2001,2019-11-21 09:31:24.100,4842.4000,1642,0,33880680.000,0,-,-,-,-,4840.4000,4840.2000,4840.0000,4839.8000,4839.6000,4842.8000,4848.8000,4850.0000,4884.0000,4925.0000,3,1,2,2,1,1,5,16,1,10
SF,IC2001,2019-11-21 09:31:26.100,4842.4000,1642,0,33880680.000,0,-,-,-,-,4840.8000,4840.6000,4840.4000,4840.2000,4840.0000,4844.2000,4848.8000,4850.0000,4884.0000,4925.0000,1,1,3,1,2,1,5,16,1,10
SF,IC2001,2019-11-21 09:31:26.600,4842.4000,1642,0,33880680.000,0,-,-,-,-,4841.0000,4840.8000,4840.4000,4840.2000,4840.0000,4844.0000,4844.2000,4848.8000,4850.0000,4884.0000,2,1,1,1,2,2,1,5,16,1
SF,IC2001,2019-11-21 09:31:27.100,4842.4000,1642,0,33880680.000,0,-,-,-,-,4841.0000,4840.8000,4840.4000,4840.2000,4840.0000,4844.2000,4848.8000,4850.0000,4884.0000,4925.0000,2,1,1,1,2,1,5,16,1,10
SF,IC2001,2019-11-21 09:31:27.600,4842.4000,1642,0,33880680.000,0,-,-,-,-,4841.0000,4840.8000,4840.4000,4840.2000,4840.0000,4844.0000,4844.2000,4848.8000,4850.0000,4884.0000,2,1,1,1,2,2,1,5,16,1
SF,IC2001,2019-11-21 09:31:28.100,4842.4000,1642,0,33880680.000,0,-,-,-,-,4841.4000,4841.2000,4841.0000,4840.8000,4840.4000,4844.2000,4848.8000,4850.0000,4884.0000,4925.0000,1,1,3,1,1,1,5,16,1,10
SF,IC2001,2019-11-21 09:31:28.600,4842.4000,1642,0,33880680.000,0,-,-,-,-,4841.6000,4841.4000,4841.0000,4840.8000,4840.4000,4844.2000,4848.8000,4850.0000,4884.0000,4925.0000,2,1,1,1,1,1,5,16,1,10
SF,IC2001,2019-11-21 09:31:29.100,4842.4000,1642,0,33880680.000,0,-,-,-,-,4841.6000,4841.4000,4841.0000,4840.8000,4840.0000,4844.2000,4848.8000,4850.0000,4884.0000,4925.0000,2,1,1,1,2,1,5,16,1,10
SF,IC2001,2019-11-21 09:31:29.600,4844.2000,1641,-1,34849520.000,1,0,1,双平,S,4842.4000,4842.0000,4841.8000,4841.6000,4841.4000,4846.6000,4848.8000,4850.0000,4884.0000,4925.0000,1,1,1,2,1,1,5,16,1,10
SF,IC2001,2019-11-21 09:31:30.100,4844.2000,1641,0,34849520.000,0,-,-,-,-,4842.6000,4842.4000,4842.0000,4841.0000,4840.0000,4846.6000,4848.8000,4850.0000,4884.0000,4925.0000,3,1,1,1,2,1,5,16,1,10
SF,IC2001,2019-11-21 09:31:30.600,4844.2000,1641,0,34849520.000,0,-,-,-,-,4842.6000,4842.4000,4842.0000,4841.0000,4840.0000,4846.6000,4848.8000,4850.0000,4884.0000,4925.0000,5,1,1,1,2,1,5,16,1,10
SF,IC2001,2019-11-21 09:31:31.100,4844.2000,1641,0,34849520.000,0,-,-,-,-,4842.6000,4842.4000,4842.0000,4841.0000,4840.0000,4846.6000,4848.8000,4850.0000,4884.0000,4925.0000,3,1,1,1,2,1,5,16,1,10
SF,IC2001,2019-11-21 09:31:32.100,4844.2000,1641,0,34849520.000,0,-,-,-,-,4842.8000,4842.6000,4842.4000,4842.0000,4841.0000,4846.6000,4848.8000,4850.0000,4884.0000,4925.0000,3,3,1,3,1,1,5,16,1,10
SF,IC2001,2019-11-21 09:31:32.600,4844.2000,1641,0,34849520.000,0,-,-,-,-,4843.0000,4842.6000,4842.4000,4842.0000,4841.0000,4846.6000,4848.8000,4850.0000,4884.0000,4925.0000,3,1,1,3,1,1,5,16,1,10
SF,IC2001,2019-11-21 09:31:33.100,4844.2000,1641,0,34849520.000,0,-,-,-,-,4843.2000,4843.0000,4842.6000,4842.4000,4842.0000,4846.6000,4848.8000,4850.0000,4884.0000,4925.0000,1,3,1,1,2,1,5,16,1,10
SF,IC2001,2019-11-21 09:31:33.600,4844.2000,1641,0,34849520.000,0,-,-,-,-,4843.4000,4843.2000,4842.6000,4842.4000,4842.0000,4846.6000,4848.8000,4850.0000,4884.0000,4925.0000,2,2,1,1,2,1,5,16,1,10
SF,IC2001,2019-11-21 09:31:34.100,4844.2000,1641,0,34849520.000,0,-,-,-,-,4843.4000,4843.2000,4842.6000,4842.4000,4842.0000,4846.6000,4848.8000,4850.0000,4884.0000,4925.0000,2,1,1,1,2,1,5,16,1,10
SF,IC2001,2019-11-21 09:31:36.600,4844.2000,1641,0,34849520.000,0,-,-,-,-,4843.6000,4843.4000,4843.2000,4842.4000,4842.0000,4846.6000,4848.8000,4850.0000,4884.0000,4925.0000,2,2,1,1,2,1,5,16,1,10
SF,IC2001,2019-11-21 09:31:37.100,4844.2000,1641,0,34849520.000,0,-,-,-,-,4843.8000,4843.6000,4843.2000,4842.4000,4842.0000,4846.6000,4848.8000,4850.0000,4884.0000,4925.0000,2,1,1,1,2,1,5,16,1,10
SF,IC2001,2019-11-21 09:31:38.600,4844.2000,1641,0,34849520.000,0,-,-,-,-,4843.8000,4843.6000,4843.2000,4842.4000,4842.0000,4846.4000,4846.6000,4848.8000,4850.0000,4884.0000,2,1,1,1,2,1,1,5,16,1
SF,IC2001,2019-11-21 09:31:39.100,4844.2000,1641,0,34849520.000,0,-,-,-,-,4843.8000,4842.4000,4842.0000,4841.0000,4840.0000,4846.0000,4846.2000,4846.4000,4846.6000,4848.8000,2,1,2,1,2,1,2,1,1,5
SF,IC2001,2019-11-21 09:31:39.600,4844.2000,1641,0,34849520.000,0,-,-,-,-,4843.8000,4842.4000,4842.0000,4841.0000,4840.0000,4845.8000,4846.0000,4846.2000,4846.4000,4846.6000,2,1,2,1,2,1,1,2,1,1
SF,IC2001,2019-11-21 09:31:40.100,4844.2000,1641,0,34849520.000,0,-,-,-,-,4843.8000,4842.4000,4842.0000,4841.0000,4840.0000,4846.6000,4848.8000,4850.0000,4884.0000,4925.0000,2,1,2,1,2,1,5,16,1,10
SF,IC2001,2019-11-21 09:31:40.600,4844.2000,1641,0,34849520.000,0,-,-,-,-,4843.8000,4842.4000,4842.0000,4841.0000,4840.0000,4846.4000,4846.6000,4848.8000,4850.0000,4884.0000,2,1,2,1,2,3,1,5,16,1
SF,IC2001,2019-11-21 09:31:41.100,4844.2000,1641,0,34849520.000,0,-,-,-,-,4843.8000,4842.4000,4842.0000,4841.0000,4840.0000,4846.0000,4846.4000,4846.6000,4848.8000,4850.0000,2,1,2,1,2,2,3,1,5,16
SF,IC2001,2019-11-21 09:31:41.600,4844.2000,1641,0,34849520.000,0,-,-,-,-,4842.4000,4842.0000,4841.0000,4840.0000,4839.8000,4843.8000,4845.6000,4845.8000,4846.0000,4846.4000,1,2,1,2,2,1,1,3,1,3
SF,IC2001,2019-11-21 09:31:42.100,4843.8000,1641,0,35818280.000,1,0,1,多换,S,4842.6000,4842.4000,4842.0000,4841.0000,4840.0000,4845.6000,4845.8000,4846.0000,4846.4000,4846.6000,2,1,2,1,2,1,3,1,3,1
SF,IC2001,2019-11-21 09:31:42.600,4843.8000,1641,0,35818280.000,0,-,-,-,-,4842.0000,4841.0000,4840.0000,4839.8000,4839.6000,4845.4000,4845.6000,4845.8000,4846.0000,4846.4000,2,1,2,2,1,2,1,3,1,3
SF,IC2001,2019-11-21 09:31:43.100,4843.8000,1641,0,35818280.000,0,-,-,-,-,4842.2000,4842.0000,4841.0000,4840.0000,4839.8000,4845.4000,4845.6000,4845.8000,4846.0000,4846.4000,1,2,1,2,2,2,1,3,1,3
SF,IC2001,2019-11-21 09:31:43.600,4843.8000,1641,0,35818280.000,0,-,-,-,-,4842.2000,4842.0000,4841.0000,4840.0000,4839.8000,4845.4000,4845.6000,4845.8000,4846.0000,4846.4000,2,2,1,2,2,1,1,3,1,3
SF,IC2001,2019-11-21 09:31:44.600,4843.8000,1641,0,35818280.000,0,-,-,-,-,4842.2000,4842.0000,4841.0000,4840.0000,4839.8000,4845.4000,4845.8000,4846.0000,4846.4000,4846.6000,2,2,1,2,2,1,1,1,3,1
SF,IC2001,2019-11-21 09:31:45.100,4843.8000,1641,0,35818280.000,0,-,-,-,-,4842.2000,4842.0000,4841.0000,4840.0000,4839.8000,4846.4000,4846.6000,4848.8000,4850.0000,4884.0000,2,2,1,2,2,2,1,5,16,1
SF,IC2001,2019-11-21 09:31:45.600,4843.8000,1641,0,35818280.000,0,-,-,-,-,4842.2000,4842.0000,4841.0000,4840.0000,4839.8000,4846.2000,4846.4000,4846.6000,4848.8000,4850.0000,2,2,1,2,2,3,2,1,5,16
SF,IC2001,2019-11-21 09:31:46.100,4843.8000,1641,0,35818280.000,0,-,-,-,-,4842.2000,4842.0000,4841.0000,4840.0000,4839.8000,4846.0000,4846.2000,4846.4000,4846.6000,4848.8000,2,2,1,2,2,1,4,2,1,5
SF,IC2001,2019-11-21 09:31:46.600,4843.8000,1641,0,35818280.000,0,-,-,-,-,4842.4000,4842.2000,4842.0000,4841.0000,4840.0000,4845.8000,4846.0000,4846.2000,4846.4000,4846.6000,2,2,2,1,2,2,1,3,2,1
SF,IC2001,2019-11-21 09:31:47.100,4843.8000,1641,0,35818280.000,0,-,-,-,-,4842.6000,4842.4000,4842.2000,4842.0000,4841.0000,4845.8000,4846.0000,4846.2000,4846.4000,4846.6000,4,3,1,2,1,2,1,3,2,1
SF,IC2001,2019-11-21 09:31:47.600,4843.8000,1641,0,35818280.000,0,-,-,-,-,4842.6000,4842.4000,4842.2000,4842.0000,4841.0000,4846.0000,4846.2000,4846.4000,4846.6000,4848.8000,4,3,1,2,1,1,3,2,1,5
SF,IC2001,2019-11-21 09:31:48.100,4843.8000,1641,0,35818280.000,0,-,-,-,-,4842.8000,4842.6000,4842.4000,4842.2000,4842.0000,4846.0000,4846.2000,4846.4000,4846.6000,4848.8000,1,4,3,1,2,1,3,2,1,5
SF,IC2001,2019-11-21 09:31:48.600,4843.8000,1641,0,35818280.000,0,-,-,-,-,4843.2000,4843.0000,4842.8000,4842.6000,4842.4000,4846.2000,4846.4000,4846.6000,4848.8000,4850.0000,1,2,3,2,3,1,2,1,5,16
SF,IC2001,2019-11-21 09:31:49.100,4843.8000,1641,0,35818280.000,0,-,-,-,-,4843.4000,4843.2000,4842.8000,4842.6000,4842.4000,4846.2000,4846.4000,4846.6000,4848.8000,4850.0000,1,2,1,2,2,1,2,1,5,16
SF,IC2001,2019-11-21 09:31:49.600,4843.8000,1641,0,35818280.000,0,-,-,-,-,4843.4000,4843.2000,4842.8000,4842.6000,4842.4000,4846.2000,4846.6000,4848.8000,4850.0000,4884.0000,1,2,1,2,2,1,1,5,16,1
SF,IC2001,2019-11-21 09:31:51.100,4843.8000,1641,0,35818280.000,0,-,-,-,-,4843.6000,4843.4000,4843.2000,4842.8000,4842.6000,4846.2000,4846.6000,4848.8000,4850.0000,4884.0000,1,1,2,1,1,1,1,5,16,1
SF,IC2001,2019-11-21 09:31:51.600,4843.8000,1641,0,35818280.000,0,-,-,-,-,4843.2000,4842.8000,4842.6000,4842.4000,4842.0000,4846.2000,4846.6000,4848.8000,4850.0000,4884.0000,2,1,1,2,2,1,1,5,16,1
SF,IC2001,2019-11-21 09:31:52.100,4843.8000,1641,0,35818280.000,0,-,-,-,-,4843.4000,4843.2000,4842.8000,4842.6000,4842.4000,4846.2000,4846.6000,4848.8000,4850.0000,4884.0000,1,2,1,1,2,1,1,5,16,1
SF,IC2001,2019-11-21 09:31:52.600,4843.8000,1641,0,35818280.000,0,-,-,-,-,4843.6000,4843.4000,4843.2000,4842.8000,4842.6000,4846.2000,4846.6000,4848.8000,4850.0000,4884.0000,1,2,2,1,1,1,1,5,16,1
SF,IC2001,2019-11-21 09:31:53.100,4843.8000,1641,0,35818280.000,0,-,-,-,-,4843.2000,4842.8000,4842.6000,4842.4000,4842.0000,4846.2000,4846.6000,4848.8000,4850.0000,4884.0000,2,1,1,2,2,1,1,5,16,1
SF,IC2001,2019-11-21 09:31:53.600,4843.8000,1641,0,35818280.000,0,-,-,-,-,4843.4000,4843.2000,4842.8000,4842.6000,4842.4000,4846.2000,4846.6000,4848.8000,4850.0000,4884.0000,1,2,1,1,2,1,1,5,16,1
SF,IC2001,2019-11-21 09:31:54.100,4843.8000,1641,0,35818280.000,0,-,-,-,-,4843.4000,4843.2000,4842.8000,4842.6000,4842.4000,4846.0000,4846.2000,4846.6000,4848.8000,4850.0000,1,2,1,1,2,1,1,1,5,16
SF,IC2001,2019-11-21 09:31:55.600,4843.8000,1641,0,35818280.000,0,-,-,-,-,4843.6000,4843.4000,4843.2000,4842.8000,4842.6000,4846.0000,4846.2000,4846.6000,4848.8000,4850.0000,2,1,2,1,1,1,1,1,5,16
SF,IC2001,2019-11-21 09:31:56.100,4846.0000,1641,0,36787480.000,1,0,1,多换,S,4843.6000,4843.2000,4842.8000,4842.6000,4842.4000,4846.2000,4846.6000,4847.8000,4848.8000,4850.0000,1,2,1,1,2,1,1,1,5,16
SF,IC2001,2019-11-21 09:31:56.600,4846.0000,1641,0,36787480.000,0,-,-,-,-,4843.6000,4843.2000,4842.8000,4842.6000,4842.4000,4846.2000,4846.6000,4848.8000,4850.0000,4884.0000,1,2,1,1,2,1,1,5,16,1
SF,IC2001,2019-11-21 09:31:58.600,4846.0000,1641,0,36787480.000,0,-,-,-,-,4843.6000,4843.2000,4842.8000,4842.6000,4842.4000,4846.0000,4846.2000,4846.6000,4848.8000,4850.0000,1,1,1,1,2,2,1,1,5,16
SF,IC2001,2019-11-21 09:31:59.100,4846.0000,1641,0,36787480.000,0,-,-,-,-,4843.6000,4843.2000,4842.4000,4842.2000,4842.0000,4845.8000,4846.0000,4846.2000,4846.6000,4848.8000,1,1,2,1,2,2,2,1,1,5
SF,IC2001,2019-11-21 09:31:59.600,4846.0000,1641,0,36787480.000,0,-,-,-,-,4843.6000,4843.2000,4842.4000,4842.2000,4842.0000,4845.6000,4845.8000,4846.0000,4846.2000,4846.6000,1,1,2,1,2,2,2,2,1,1
SF,IC2001,2019-11-21 09:32:00.100,4846.0000,1641,0,36787480.000,0,-,-,-,-,4843.2000,4842.4000,4842.2000,4842.0000,4841.0000,4845.4000,4845.6000,4845.8000,4846.0000,4846.2000,1,2,1,2,1,1,2,1,2,1
SF,IC2001,2019-11-21 09:32:00.600,4846.0000,1641,0,36787480.000,0,-,-,-,-,4843.2000,4842.4000,4842.2000,4842.0000,4841.0000,4845.2000,4845.4000,4845.6000,4845.8000,4846.0000,1,2,1,2,1,2,1,2,1,2
SF,IC2001,2019-11-21 09:32:01.100,4843.2000,1640,-1,37756120.000,1,0,1,双平,S,4842.4000,4842.2000,4842.0000,4841.0000,4840.0000,4845.0000,4845.2000,4845.4000,4845.6000,4845.8000,1,1,2,1,2,1,2,1,2,1
SF,IC2001,2019-11-21 09:32:01.600,4842.4000,1639,-1,38724600.000,1,0,1,双平,S,4842.2000,4842.0000,4841.0000,4840.0000,4839.8000,4844.8000,4845.0000,4845.2000,4845.4000,4845.6000,1,2,1,2,1,2,1,3,1,2
SF,IC2001,2019-11-21 09:32:02.100,4842.4000,1639,0,38724600.000,0,-,-,-,-,4842.2000,4842.0000,4841.0000,4840.0000,4839.8000,4844.6000,4844.8000,4845.2000,4845.4000,4845.6000,1,2,1,2,1,2,2,3,1,2
SF,IC2001,2019-11-21 09:32:02.600,4842.4000,1639,0,38724600.000,0,-,-,-,-,4842.2000,4842.0000,4841.0000,4840.0000,4839.8000,4844.2000,4844.4000,4844.6000,4844.8000,4845.0000,1,2,1,2,1,1,3,1,2,1
SF,IC2001,2019-11-21 09:32:03.100,4842.4000,1639,0,38724600.000,0,-,-,-,-,4842.2000,4842.0000,4841.0000,4840.0000,4839.8000,4843.8000,4844.0000,4844.2000,4844.4000,4844.6000,1,2,1,2,1,1,2,1,2,1
SF,IC2001,2019-11-21 09:32:03.600,4842.0000,1638,-1,40661440.000,2,0,2,多平,S,4842.0000,4839.8000,4838.6000,4838.4000,4838.0000,4843.6000,4843.8000,4844.0000,4844.2000,4844.4000,1,1,1,3,1,3,1,2,1,2
SF,IC2001,2019-11-21 09:32:04.100,4842.0000,1637,-1,42598240.000,2,0,2,多平,S,4840.6000,4839.8000,4838.6000,4838.4000,4838.0000,4842.2000,4843.4000,4843.6000,4843.8000,4844.0000,1,1,1,3,1,1,1,2,1,2
SF,IC2001,2019-11-21 09:32:04.600,4842.0000,1636,-1,43566640.000,1,0,1,双平,S,4840.6000,4839.8000,4838.6000,4838.4000,4838.0000,4842.0000,4843.2000,4843.4000,4843.6000,4843.8000,1,1,1,3,1,1,1,1,2,1
SF,IC2001,2019-11-21 09:32:05.100,4842.0000,1636,0,44535040.000,1,0,1,多换,S,4840.6000,4839.8000,4838.6000,4838.4000,4838.0000,4843.8000,4844.0000,4844.4000,4844.6000,4844.8000,1,1,1,3,1,1,2,2,1,2
SF,IC2001,2019-11-21 09:32:05.600,4842.0000,1636,0,44535040.000,0,-,-,-,-,4840.6000,4839.8000,4838.6000,4838.4000,4838.0000,4843.6000,4843.8000,4844.0000,4844.4000,4844.6000,1,1,1,3,1,3,1,2,2,1
SF,IC2001,2019-11-21 09:32:06.100,4842.0000,1636,0,44535040.000,0,-,-,-,-,4840.6000,4839.8000,4838.6000,4838.4000,4838.0000,4843.6000,4843.8000,4844.0000,4844.4000,4844.6000,1,1,1,3,1,2,1,2,2,1
SF,IC2001,2019-11-21 09:32:06.600,4842.0000,1636,0,44535040.000,0,-,-,-,-,4840.6000,4839.8000,4838.6000,4838.4000,4838.0000,4843.4000,4843.6000,4843.8000,4844.0000,4844.4000,1,1,1,3,1,2,2,1,2,2
SF,IC2001,2019-11-21 09:32:07.100,4842.0000,1636,0,44535040.000,0,-,-,-,-,4839.8000,4838.6000,4838.4000,4838.0000,4837.8000,4843.2000,4843.4000,4843.8000,4844.0000,4844.4000,1,1,3,1,1,2,2,1,2,2
SF,IC2001,2019-11-21 09:32:07.600,4843.2000,1636,0,45503680.000,1,0,1,多换,S,4840.2000,4840.0000,4839.8000,4838.6000,4838.4000,4843.2000,4843.4000,4843.8000,4844.0000,4844.4000,1,2,1,1,3,1,2,1,2,3
SF,IC2001,2019-11-21 09:32:08.100,4843.2000,1636,0,45503680.000,0,-,-,-,-,4840.4000,4840.2000,4840.0000,4839.8000,4838.6000,4843.2000,4843.8000,4844.0000,4844.4000,4844.6000,2,1,3,1,1,2,1,2,2,1
SF,IC2001,2019-11-21 09:32:09.100,4843.2000,1636,0,45503680.000,0,-,-,-,-,4840.6000,4840.4000,4840.2000,4840.0000,4839.8000,4843.2000,4843.8000,4844.0000,4844.4000,4844.6000,1,2,1,3,1,2,1,2,2,1
SF,IC2001,2019-11-21 09:32:09.600,4843.2000,1636,0,45503680.000,0,-,-,-,-,4840.8000,4840.6000,4840.4000,4840.2000,4840.0000,4843.2000,4843.8000,4844.0000,4844.4000,4844.6000,2,1,1,1,3,1,1,2,2,1
SF,IC2001,2019-11-21 09:32:10.100,4843.2000,1636,0,45503680.000,0,-,-,-,-,4841.0000,4840.8000,4840.6000,4840.4000,4840.0000,4843.2000,4843.8000,4844.0000,4844.4000,4844.6000,2,2,1,1,3,1,1,1,2,1
SF,IC2001,2019-11-21 09:32:10.600,4843.2000,1636,0,45503680.000,0,-,-,-,-,4841.2000,4841.0000,4840.6000,4840.4000,4840.0000,4843.2000,4843.8000,4844.4000,4844.6000,4844.8000,1,3,1,1,3,1,1,2,1,2
SF,IC2001,2019-11-21 09:32:11.100,4843.2000,1636,0,45503680.000,0,-,-,-,-,4841.2000,4841.0000,4840.6000,4840.4000,4840.0000,4843.2000,4844.6000,4844.8000,4845.2000,4845.6000,1,3,1,1,3,1,1,2,3,2
SF,IC2001,2019-11-21 09:32:11.600,4843.2000,1636,0,45503680.000,0,-,-,-,-,4841.2000,4841.0000,4840.6000,4840.4000,4840.0000,4843.2000,4844.6000,4844.8000,4845.2000,4845.6000,1,2,1,1,2,1,1,2,3,2
SF,IC2001,2019-11-21 09:32:12.600,4843.2000,1636,0,45503680.000,0,-,-,-,-,4841.4000,4841.2000,4841.0000,4840.4000,4840.0000,4843.2000,4844.6000,4844.8000,4845.2000,4845.6000,1,1,2,1,2,1,1,2,3,2
SF,IC2001,2019-11-21 09:32:13.100,4843.2000,1636,0,45503680.000,0,-,-,-,-,4841.6000,4841.4000,4841.0000,4840.4000,4840.0000,4844.6000,4844.8000,4845.2000,4845.6000,4845.8000,1,1,2,1,2,1,2,3,2,1
SF,IC2001,2019-11-21 09:32:13.600,4843.2000,1636,0,45503680.000,0,-,-,-,-,4841.6000,4841.4000,4841.0000,4840.4000,4840.0000,4844.4000,4844.6000,4844.8000,4845.2000,4845.6000,1,1,2,1,2,1,1,2,3,2
SF,IC2001,2019-11-21 09:32:15.100,4843.2000,1636,0,45503680.000,0,-,-,-,-,4841.6000,4841.0000,4840.4000,4840.0000,4839.8000,4844.4000,4844.6000,4844.8000,4845.2000,4845.6000,1,2,1,2,1,1,1,2,3,2
SF,IC2001,2019-11-21 09:32:16.100,4843.2000,1636,0,45503680.000,0,-,-,-,-,4841.6000,4841.0000,4840.4000,4840.0000,4839.8000,4844.4000,4845.2000,4845.6000,4845.8000,4846.0000,1,2,1,2,1,2,3,2,1,2
SF,IC2001,2019-11-21 09:32:17.100,4843.2000,1636,0,45503680.000,0,-,-,-,-,4842.0000,4841.8000,4841.6000,4841.0000,4840.4000,4844.4000,4845.2000,4845.6000,4845.8000,4846.0000,1,1,1,2,1,2,1,2,1,2
SF,IC2001,2019-11-21 09:32:17.600,4843.2000,1636,0,45503680.000,0,-,-,-,-,4842.2000,4841.0000,4840.4000,4840.0000,4839.8000,4844.2000,4844.4000,4845.2000,4845.6000,4845.8000,1,2,1,2,1,1,2,1,2,1
SF,IC2001,2019-11-21 09:32:18.100,4843.2000,1636,0,45503680.000,0,-,-,-,-,4842.4000,4842.2000,4841.0000,4840.4000,4840.0000,4844.2000,4844.4000,4845.2000,4845.6000,4845.8000,1,3,2,1,2,1,1,1,2,1
SF,IC2001,2019-11-21 09:32:18.600,4843.2000,1636,0,45503680.000,0,-,-,-,-,4842.6000,4842.4000,4842.2000,4841.0000,4840.4000,4844.2000,4844.4000,4845.2000,4845.8000,4846.0000,1,1,2,2,1,1,1,1,1,2
SF,IC2001,2019-11-21 09:32:19.100,4844.4000,1635,-1,47441400.000,2,0,2,多平,S,4843.0000,4842.6000,4842.4000,4842.2000,4841.0000,4846.6000,4848.8000,4850.0000,4884.0000,4925.0000,1,1,1,2,1,1,5,16,1,10
SF,IC2001,2019-11-21 09:32:19.600,4844.4000,1635,0,47441400.000,0,-,-,-,-,4843.0000,4842.4000,4842.2000,4841.0000,4840.0000,4846.4000,4846.6000,4848.8000,4850.0000,4884.0000,1,1,2,1,2,3,1,5,16,1
SF,IC2001,2019-11-21 09:32:20.100,4844.4000,1635,0,47441400.000,0,-,-,-,-,4843.2000,4843.0000,4842.4000,4842.2000,4841.0000,4846.4000,4846.6000,4848.8000,4850.0000,4884.0000,1,1,1,2,1,3,1,5,16,1
SF,IC2001,2019-11-21 09:32:20.600,4844.4000,1635,0,47441400.000,0,-,-,-,-,4843.2000,4843.0000,4842.4000,4842.2000,4841.0000,4846.2000,4846.4000,4846.6000,4848.8000,4850.0000,1,1,1,2,1,1,3,1,5,16
SF,IC2001,2019-11-21 09:32:21.100,4844.4000,1635,0,47441400.000,0,-,-,-,-,4843.4000,4843.2000,4843.0000,4842.2000,4841.0000,4846.0000,4846.6000,4848.8000,4850.0000,4884.0000,2,1,1,2,1,1,1,5,16,1
SF,IC2001,2019-11-21 09:32:21.600,4844.4000,1635,0,47441400.000,0,-,-,-,-,4843.6000,4843.4000,4843.0000,4842.2000,4841.0000,4846.0000,4846.6000,4848.8000,4850.0000,4884.0000,1,1,1,1,1,1,1,5,16,1
SF,IC2001,2019-11-21 09:32:22.100,4844.4000,1635,0,47441400.000,0,-,-,-,-,4843.6000,4843.0000,4842.2000,4841.0000,4840.0000,4846.0000,4846.6000,4848.8000,4850.0000,4884.0000,1,1,1,1,2,1,1,5,16,1
SF,IC2001,2019-11-21 09:32:23.100,4843.6000,1634,-1,48410120.000,1,0,1,双平,S,4843.0000,4842.2000,4841.0000,4840.0000,4839.8000,4846.0000,4846.6000,4848.8000,4850.0000,4884.0000,1,1,1,2,1,1,1,5,16,1
SF,IC2001,2019-11-21 09:32:23.600,4843.6000,1634,0,48410120.000,0,-,-,-,-,4843.2000,4843.0000,4842.2000,4841.0000,4840.0000,4845.8000,4846.0000,4846.6000,4848.8000,4850.0000,1,1,1,1,2,1,1,1,5,16
SF,IC2001,2019-11-21 09:32:24.100,4843.6000,1634,0,48410120.000,0,-,-,-,-,4843.2000,4843.0000,4842.2000,4841.0000,4840.0000,4845.6000,4845.8000,4846.6000,4848.8000,4850.0000,1,1,1,1,2,1,1,1,5,16
SF,IC2001,2019-11-21 09:32:24.600,4843.6000,1634,0,48410120.000,0,-,-,-,-,4843.2000,4843.0000,4842.2000,4841.0000,4840.0000,4845.4000,4845.6000,4846.6000,4848.8000,4850.0000,1,1,1,1,2,1,1,1,5,16
SF,IC2001,2019-11-21 09:32:25.100,4843.6000,1634,0,48410120.000,0,-,-,-,-,4842.2000,4841.0000,4840.0000,4839.8000,4838.6000,4845.2000,4845.4000,4846.6000,4848.8000,4850.0000,1,1,2,1,1,1,1,1,5,16
SF,IC2001,2019-11-21 09:32:25.600,4843.6000,1634,0,48410120.000,0,-,-,-,-,4842.4000,4842.2000,4841.0000,4840.0000,4839.8000,4845.0000,4845.2000,4846.6000,4848.8000,4850.0000,3,1,1,2,1,1,1,1,5,16
SF,IC2001,2019-11-21 09:32:26.100,4843.6000,1634,0,48410120.000,0,-,-,-,-,4842.4000,4842.2000,4841.0000,4840.0000,4839.8000,4845.0000,4846.6000,4848.8000,4850.0000,4884.0000,2,1,1,2,1,1,1,5,16,1
SF,IC2001,2019-11-21 09:32:26.600,4843.6000,1634,0,48410120.000,0,-,-,-,-,4843.8000,4842.2000,4841.0000,4840.0000,4839.8000,4844.8000,4845.0000,4846.6000,4848.8000,4850.0000,1,1,1,2,1,1,1,1,5,16
SF,IC2001,2019-11-21 09:32:27.100,4843.8000,1634,0,49378880.000,1,0,1,多换,S,4842.2000,4841.0000,4840.0000,4839.8000,4838.6000,4844.6000,4844.8000,4845.2000,4846.6000,4848.8000,1,1,2,1,1,1,3,1,1,5
SF,IC2001,2019-11-21 09:32:27.600,4843.8000,1634,0,49378880.000,0,-,-,-,-,4841.0000,4840.0000,4839.8000,4838.6000,4838.4000,4844.6000,4844.8000,4845.2000,4846.6000,4848.8000,1,2,1,1,3,1,2,1,1,5
SF,IC2001,2019-11-21 09:32:28.100,4843.8000,1634,0,49378880.000,0,-,-,-,-,4841.4000,4841.2000,4841.0000,4840.0000,4839.8000,4844.6000,4844.8000,4845.2000,4846.6000,4848.8000,1,3,1,2,1,1,2,1,1,5
SF,IC2001,2019-11-21 09:32:28.600,4843.8000,1634,0,49378880.000,0,-,-,-,-,4841.6000,4841.4000,4841.2000,4841.0000,4840.0000,4844.6000,4844.8000,4845.2000,4846.6000,4848.8000,1,1,1,1,2,1,2,1,1,5
SF,IC2001,2019-11-21 09:32:31.600,4843.8000,1634,0,49378880.000,0,-,-,-,-,4841.6000,4841.4000,4841.0000,4840.0000,4839.8000,4844.4000,4844.6000,4844.8000,4845.2000,4846.6000,1,1,1,2,1,1,1,2,1,1
SF,IC2001,2019-11-21 09:32:32.100,4843.8000,1634,0,49378880.000,0,-,-,-,-,4841.6000,4841.4000,4841.0000,4840.0000,4839.8000,4844.2000,4844.4000,4844.8000,4845.2000,4846.6000,1,1,1,2,1,2,1,2,1,1
SF,IC2001,2019-11-21 09:32:32.600,4843.8000,1634,0,49378880.000,0,-,-,-,-,4841.6000,4841.0000,4840.0000,4839.8000,4838.6000,4844.0000,4844.2000,4844.4000,4844.8000,4845.2000,1,1,2,1,1,2,2,1,2,1
SF,IC2001,2019-11-21 09:32:33.100,4843.8000,1634,0,49378880.000,0,-,-,-,-,4841.0000,4840.0000,4839.8000,4838.6000,4838.4000,4843.8000,4844.0000,4844.4000,4844.8000,4845.2000,1,2,1,1,3,3,2,1,2,1
SF,IC2001,2019-11-21 09:32:33.600,4843.8000,1634,0,49378880.000,0,-,-,-,-,4841.0000,4840.0000,4839.8000,4838.6000,4838.4000,4843.6000,4843.8000,4844.0000,4844.4000,4844.8000,1,2,1,1,3,1,3,2,1,2
SF,IC2001,2019-11-21 09:32:34.100,4843.8000,1634,0,49378880.000,0,-,-,-,-,4841.0000,4840.0000,4839.8000,4838.6000,4838.4000,4843.4000,4843.6000,4843.8000,4844.0000,4844.4000,1,2,1,1,3,1,1,1,2,1
SF,IC2001,2019-11-21 09:32:35.100,4843.8000,1634,0,49378880.000,0,-,-,-,-,4839.8000,4838.6000,4838.4000,4838.0000,4837.8000,4843.4000,4843.6000,4843.8000,4844.0000,4844.4000,1,1,3,1,1,1,1,2,2,1
SF,IC2001,2019-11-21 09:32:35.600,4843.8000,1634,0,49378880.000,0,-,-,-,-,4840.0000,4839.8000,4838.6000,4838.4000,4838.0000,4843.2000,4843.4000,4843.6000,4843.8000,4844.0000,3,1,1,3,1,2,1,1,2,2
SF,IC2001,2019-11-21 09:32:36.100,4843.8000,1634,0,49378880.000,0,-,-,-,-,4840.0000,4839.8000,4838.6000,4838.4000,4838.0000,4843.0000,4843.2000,4843.6000,4843.8000,4844.0000,3,1,1,3,1,1,2,1,2,2
SF,IC2001,2019-11-21 09:32:36.600,4843.8000,1634,0,49378880.000,0,-,-,-,-,4840.0000,4839.8000,4838.6000,4838.4000,4838.0000,4843.0000,4843.2000,4843.6000,4843.8000,4844.0000,3,1,1,3,1,1,1,1,2,2
SF,IC2001,2019-11-21 09:32:37.100,4843.8000,1634,0,49378880.000,0,-,-,-,-,4840.0000,4839.8000,4838.6000,4838.4000,4838.0000,4843.0000,4843.6000,4843.8000,4844.0000,4844.4000,3,1,1,3,1,1,1,2,2,1
SF,IC2001,2019-11-21 09:32:38.600,4843.8000,1634,0,49378880.000,0,-,-,-,-,4840.0000,4839.8000,4838.6000,4838.4000,4838.0000,4843.0000,4843.6000,4843.8000,4844.0000,4844.4000,2,1,1,3,1,1,1,2,2,1
SF,IC2001,2019-11-21 09:32:39.600,4843.8000,1634,0,49378880.000,0,-,-,-,-,4840.0000,4839.8000,4838.6000,4838.4000,4838.0000,4842.8000,4843.0000,4843.6000,4843.8000,4844.0000,1,1,1,3,1,1,1,1,2,2
SF,IC2001,2019-11-21 09:32:40.100,4843.8000,1634,0,49378880.000,0,-,-,-,-,4840.0000,4839.8000,4838.6000,4838.4000,4838.0000,4842.6000,4843.6000,4843.8000,4844.0000,4844.4000,1,1,1,3,1,1,1,2,2,1
SF,IC2001,2019-11-21 09:32:40.600,4843.8000,1634,0,49378880.000,0,-,-,-,-,4840.0000,4839.8000,4838.6000,4838.4000,4838.0000,4842.6000,4843.6000,4843.8000,4844.0000,4844.4000,1,1,1,3,1,1,1,2,2,1
SF,IC2001,2019-11-21 09:32:41.600,4843.8000,1634,0,49378880.000,0,-,-,-,-,4840.0000,4839.8000,4838.6000,4838.4000,4838.0000,4842.4000,4842.6000,4843.6000,4843.8000,4844.0000,1,1,1,3,1,2,1,1,2,2
SF,IC2001,2019-11-21 09:32:42.100,4843.8000,1634,0,49378880.000,0,-,-,-,-,4840.0000,4839.8000,4838.6000,4838.4000,4838.0000,4842.2000,4842.4000,4843.6000,4843.8000,4844.0000,1,1,1,3,1,2,2,1,2,2
SF,IC2001,2019-11-21 09:32:43.100,4843.8000,1634,0,49378880.000,0,-,-,-,-,4840.0000,4838.6000,4838.4000,4838.0000,4837.8000,4842.2000,4842.4000,4843.6000,4843.8000,4844.0000,1,2,3,1,1,2,2,1,2,2
SF,IC2001,2019-11-21 09:32:43.600,4843.8000,1634,0,49378880.000,0,-,-,-,-,4838.6000,4838.4000,4838.0000,4837.8000,4836.2000,4842.2000,4842.4000,4843.6000,4843.8000,4844.0000,2,3,1,1,1,2,2,1,2,2
SF,IC2001,2019-11-21 09:32:44.100,4843.8000,1634,0,49378880.000,0,-,-,-,-,4838.8000,4838.6000,4838.0000,4837.8000,4836.2000,4842.0000,4842.2000,4842.4000,4843.6000,4843.8000,3,2,1,1,1,2,2,3,1,2
SF,IC2001,2019-11-21 09:32:44.600,4843.8000,1634,0,49378880.000,0,-,-,-,-,4838.8000,4838.6000,4838.0000,4837.8000,4836.2000,4841.8000,4842.0000,4842.4000,4843.6000,4843.8000,2,2,1,1,1,2,2,3,1,2
SF,IC2001,2019-11-21 09:32:45.100,4843.8000,1634,0,49378880.000,0,-,-,-,-,4838.8000,4838.6000,4838.0000,4837.8000,4836.2000,4841.8000,4842.0000,4842.4000,4843.6000,4843.8000,1,2,1,1,1,2,2,3,1,2
SF,IC2001,2019-11-21 09:32:45.600,4843.8000,1634,0,49378880.000,0,-,-,-,-,4838.8000,4838.6000,4838.0000,4837.8000,4836.2000,4841.6000,4841.8000,4842.0000,4842.4000,4843.6000,1,2,1,1,1,4,2,2,3,1
SF,IC2001,2019-11-21 09:32:46.100,4843.8000,1634,0,49378880.000,0,-,-,-,-,4838.8000,4838.6000,4838.0000,4837.8000,4836.2000,4841.6000,4841.8000,4842.0000,4842.4000,4843.6000,1,2,1,1,1,2,1,2,3,1
SF,IC2001,2019-11-21 09:32:46.600,4843.8000,1634,0,49378880.000,0,-,-,-,-,4838.8000,4838.6000,4838.0000,4837.8000,4836.2000,4841.4000,4841.6000,4841.8000,4842.0000,4842.4000,1,2,1,1,1,3,2,1,2,3
SF,IC2001,2019-11-21 09:32:47.100,4843.8000,1634,0,49378880.000,0,-,-,-,-,4838.8000,4838.6000,4838.0000,4837.8000,4836.2000,4841.4000,4841.6000,4841.8000,4842.0000,4842.4000,1,2,1,1,1,1,2,1,2,3
SF,IC2001,2019-11-21 09:32:48.100,4843.8000,1634,0,49378880.000,0,-,-,-,-,4838.8000,4838.6000,4838.0000,4837.8000,4836.2000,4841.2000,4841.4000,4841.6000,4841.8000,4842.0000,1,2,1,1,1,1,1,2,1,2
SF,IC2001,2019-11-21 09:32:48.600,4843.8000,1634,0,49378880.000,0,-,-,-,-,4838.8000,4838.6000,4838.0000,4837.8000,4836.2000,4841.0000,4841.6000,4841.8000,4842.0000,4842.4000,1,2,1,1,1,1,2,1,2,3
SF,IC2001,2019-11-21 09:32:50.100,4843.8000,1634,0,49378880.000,0,-,-,-,-,4838.8000,4838.6000,4838.0000,4837.8000,4837.4000,4840.8000,4841.0000,4841.6000,4841.8000,4842.0000,1,1,1,1,1,2,1,2,1,2
SF,IC2001,2019-11-21 09:32:50.600,4843.8000,1634,0,49378880.000,0,-,-,-,-,4838.8000,4838.6000,4838.0000,4837.8000,4837.4000,4841.6000,4841.8000,4842.0000,4842.4000,4843.6000,1,1,1,1,1,2,1,2,3,1
SF,IC2001,2019-11-21 09:32:51.100,4843.8000,1634,0,49378880.000,0,-,-,-,-,4838.6000,4838.0000,4837.8000,4837.4000,4836.2000,4841.4000,4841.6000,4841.8000,4842.0000,4842.4000,1,1,1,1,1,2,2,1,2,3
SF,IC2001,2019-11-21 09:32:51.600,4843.8000,1634,0,49378880.000,0,-,-,-,-,4838.6000,4838.0000,4837.8000,4837.4000,4836.2000,4841.4000,4841.6000,4842.0000,4842.4000,4843.6000,1,1,1,1,1,2,2,2,3,1
SF,IC2001,2019-11-21 09:32:52.100,4843.8000,1634,0,49378880.000,0,-,-,-,-,4838.6000,4838.0000,4837.8000,4837.4000,4836.2000,4841.4000,4841.6000,4842.0000,4842.4000,4843.6000,1,1,1,1,1,2,2,2,3,1
SF,IC2001,2019-11-21 09:32:52.600,4843.8000,1634,0,49378880.000,0,-,-,-,-,4838.6000,4838.0000,4837.8000,4837.4000,4836.2000,4841.0000,4841.4000,4841.6000,4842.0000,4842.4000,1,1,1,1,1,1,2,1,2,3
SF,IC2001,2019-11-21 09:32:53.100,4843.8000,1634,0,49378880.000,0,-,-,-,-,4838.6000,4838.0000,4837.8000,4837.4000,4836.2000,4841.4000,4841.6000,4842.0000,4842.4000,4843.6000,1,1,1,1,1,1,1,2,3,1
SF,IC2001,2019-11-21 09:32:53.600,4843.8000,1634,0,49378880.000,0,-,-,-,-,4838.6000,4838.0000,4837.8000,4837.4000,4836.2000,4841.2000,4841.4000,4841.6000,4842.0000,4842.4000,1,1,1,1,1,1,1,1,2,3
SF,IC2001,2019-11-21 09:32:55.600,4843.8000,1634,0,49378880.000,0,-,-,-,-,4838.6000,4838.0000,4837.8000,4837.4000,4836.2000,4841.2000,4841.4000,4841.6000,4842.0000,4842.4000,1,1,1,1,1,1,1,1,2,3
SF,IC2001,2019-11-21 09:32:57.600,4843.8000,1634,0,49378880.000,0,-,-,-,-,4838.6000,4838.0000,4837.8000,4837.4000,4836.2000,4841.2000,4841.6000,4842.0000,4842.4000,4843.6000,1,1,1,1,1,1,1,2,3,1
SF,IC2001,2019-11-21 09:32:58.100,4843.8000,1634,0,49378880.000,0,-,-,-,-,4838.8000,4838.6000,4838.0000,4837.8000,4837.4000,4841.6000,4842.0000,4842.4000,4843.6000,4843.8000,1,1,1,1,1,1,2,3,1,2
SF,IC2001,2019-11-21 09:32:58.600,4843.8000,1634,0,49378880.000,0,-,-,-,-,4838.8000,4838.6000,4838.0000,4837.8000,4837.4000,4841.6000,4842.0000,4842.4000,4843.6000,4843.8000,3,1,1,1,1,1,2,3,1,2
SF,IC2001,2019-11-21 09:32:59.100,4843.8000,1634,0,49378880.000,0,-,-,-,-,4839.0000,4838.8000,4838.6000,4838.0000,4837.8000,4841.6000,4842.0000,4842.4000,4843.6000,4843.8000,1,3,1,1,1,1,2,3,1,2
SF,IC2001,2019-11-21 09:32:59.600,4843.8000,1634,0,49378880.000,0,-,-,-,-,4838.8000,4838.6000,4838.0000,4837.8000,4837.4000,4841.4000,4841.6000,4842.0000,4842.4000,4843.6000,1,1,1,1,1,1,1,2,3,1
SF,IC2001,2019-11-21 09:33:00.100,4843.8000,1634,0,49378880.000,0,-,-,-,-,4838.8000,4838.6000,4838.0000,4837.8000,4837.4000,4841.4000,4841.6000,4842.0000,4842.4000,4843.6000,1,1,1,1,1,2,1,2,3,1
SF,IC2001,2019-11-21 09:33:00.600,4843.8000,1634,0,49378880.000,0,-,-,-,-,4838.8000,4838.6000,4838.0000,4837.8000,4837.4000,4841.2000,4841.4000,4841.6000,4842.0000,4842.4000,1,1,1,1,1,1,2,1,2,3
SF,IC2001,2019-11-21 09:33:01.100,4838.8000,1634,0,50346640.000,1,0,1,多换,S,4838.6000,4838.0000,4837.8000,4837.4000,4836.2000,4840.8000,4841.0000,4841.4000,4841.6000,4842.0000,1,1,1,1,1,1,5,1,1,2
SF,IC2001,2019-11-21 09:33:01.600,4838.8000,1634,0,50346640.000,0,-,-,-,-,4838.6000,4838.0000,4837.8000,4837.4000,4836.2000,4840.6000,4841.0000,4841.4000,4841.6000,4842.0000,1,1,1,1,1,3,4,1,1,2
SF,IC2001,2019-11-21 09:33:02.600,4838.8000,1634,0,50346640.000,0,-,-,-,-,4838.6000,4838.0000,4837.8000,4837.4000,4836.2000,4840.6000,4841.0000,4841.4000,4841.6000,4842.0000,1,1,1,1,1,3,4,1,1,2
SF,IC2001,2019-11-21 09:33:03.100,4838.8000,1634,0,50346640.000,0,-,-,-,-,4838.6000,4838.0000,4837.8000,4837.4000,4836.2000,4840.4000,4840.6000,4841.0000,4841.4000,4841.6000,1,1,1,1,1,1,3,4,1,1
SF,IC2001,2019-11-21 09:33:03.600,4838.8000,1634,0,50346640.000,0,-,-,-,-,4838.6000,4838.0000,4837.8000,4837.4000,4836.2000,4840.4000,4840.6000,4841.0000,4841.4000,4841.6000,1,1,1,1,1,1,2,4,1,1
SF,IC2001,2019-11-21 09:33:04.100,4838.6000,1634,0,51314360.000,1,0,1,多换,S,4838.0000,4837.8000,4836.2000,4835.8000,4835.4000,4840.2000,4840.4000,4840.6000,4841.0000,4841.4000,1,1,1,1,1,2,1,2,4,1
SF,IC2001,2019-11-21 09:33:04.600,4838.6000,1634,0,51314360.000,0,-,-,-,-,4838.0000,4837.8000,4836.2000,4835.8000,4835.4000,4840.2000,4840.4000,4840.6000,4841.0000,4841.4000,1,1,1,1,1,3,1,2,4,1
SF,IC2001,2019-11-21 09:33:06.100,4838.6000,1634,0,51314360.000,0,-,-,-,-,4838.0000,4837.8000,4836.2000,4835.8000,4835.4000,4840.2000,4840.4000,4840.6000,4841.0000,4841.4000,1,1,1,1,1,1,1,2,4,1
SF,IC2001,2019-11-21 09:33:06.600,4838.6000,1634,0,51314360.000,0,-,-,-,-,4838.0000,4837.8000,4836.2000,4835.8000,4835.4000,4839.8000,4840.0000,4840.2000,4840.4000,4840.6000,1,1,1,1,1,1,2,1,1,2
SF,IC2001,2019-11-21 09:33:07.100,4838.6000,1634,0,51314360.000,0,-,-,-,-,4838.0000,4837.8000,4836.2000,4835.8000,4835.4000,4839.8000,4840.0000,4840.4000,4840.6000,4841.0000,1,1,1,1,1,1,2,1,2,4
SF,IC2001,2019-11-21 09:33:08.100,4838.6000,1634,0,51314360.000,0,-,-,-,-,4838.0000,4837.8000,4836.2000,4835.8000,4835.4000,4839.8000,4840.4000,4840.6000,4841.0000,4841.4000,1,1,1,1,1,1,1,2,4,1
SF,IC2001,2019-11-21 09:33:08.600,4838.0000,1633,-1,52281960.000,1,0,1,双平,S,4837.8000,4836.2000,4835.8000,4835.4000,4835.2000,4839.6000,4839.8000,4840.4000,4840.6000,4841.0000,1,1,1,1,1,1,1,1,2,4
SF,IC2001,2019-11-21 09:33:09.100,4837.8000,1633,0,53249520.000,1,0,1,多换,S,4836.2000,4835.4000,4835.2000,4835.0000,4834.6000,4839.6000,4840.4000,4840.6000,4841.0000,4841.4000,1,1,1,1,3,4,1,2,4,1
SF,IC2001,2019-11-21 09:33:09.600,4837.8000,1633,0,53249520.000,0,-,-,-,-,4836.2000,4835.4000,4835.0000,4834.6000,4833.8000,4839.0000,4839.4000,4839.6000,4840.6000,4841.0000,1,1,1,3,2,1,3,4,1,4
SF,IC2001,2019-11-21 09:33:10.100,4837.8000,1633,0,53249520.000,0,-,-,-,-,4835.4000,4834.6000,4833.8000,4833.2000,4826.0000,4838.8000,4839.4000,4839.6000,4840.6000,4841.0000,1,1,2,3,1,3,3,3,1,4
SF,IC2001,2019-11-21 09:33:10.600,4837.8000,1633,0,53249520.000,0,-,-,-,-,4835.6000,4835.4000,4834.6000,4833.8000,4833.2000,4838.8000,4839.4000,4839.6000,4840.6000,4841.0000,4,1,1,2,3,3,3,3,1,4
SF,IC2001,2019-11-21 09:33:11.100,4837.8000,1633,0,53249520.000,0,-,-,-,-,4835.6000,4835.4000,4834.6000,4833.8000,4833.2000,4838.8000,4839.4000,4839.6000,4840.6000,4841.0000,2,1,1,2,3,3,3,3,1,4
SF,IC2001,2019-11-21 09:33:11.600,4837.8000,1633,0,53249520.000,0,-,-,-,-,4835.8000,4835.4000,4834.6000,4833.8000,4833.2000,4838.6000,4838.8000,4839.4000,4839.6000,4840.6000,1,1,1,2,3,1,2,3,3,1
SF,IC2001,2019-11-21 09:33:12.100,4837.8000,1633,0,53249520.000,0,-,-,-,-,4835.8000,4835.6000,4835.4000,4834.6000,4833.8000,4838.4000,4838.6000,4838.8000,4839.4000,4839.6000,1,1,1,1,2,1,1,1,3,3
SF,IC2001,2019-11-21 09:33:12.600,4837.8000,1633,0,53249520.000,0,-,-,-,-,4835.8000,4835.6000,4835.4000,4834.6000,4833.8000,4838.6000,4838.8000,4839.4000,4839.6000,4840.6000,1,1,1,1,2,1,1,3,3,1
SF,IC2001,2019-11-21 09:33:13.100,4837.8000,1633,0,53249520.000,0,-,-,-,-,4836.0000,4835.8000,4835.6000,4835.4000,4834.6000,4839.4000,4839.6000,4840.6000,4841.0000,4841.4000,2,1,1,1,1,2,3,1,4,1
SF,IC2001,2019-11-21 09:33:13.600,4837.8000,1633,0,53249520.000,0,-,-,-,-,4836.0000,4835.6000,4835.4000,4834.6000,4833.8000,4839.0000,4839.2000,4839.4000,4839.6000,4840.6000,1,1,1,1,2,1,3,2,3,1
SF,IC2001,2019-11-21 09:33:14.100,4837.8000,1633,0,53249520.000,0,-,-,-,-,4836.0000,4835.6000,4835.4000,4834.6000,4833.8000,4838.8000,4839.2000,4839.4000,4839.6000,4840.6000,1,1,1,1,2,3,2,2,3,1
SF,IC2001,2019-11-21 09:33:14.600,4837.8000,1633,0,53249520.000,0,-,-,-,-,4836.2000,4836.0000,4835.6000,4835.4000,4834.6000,4838.6000,4838.8000,4839.2000,4839.4000,4839.6000,1,1,1,1,1,1,3,2,2,3
SF,IC2001,2019-11-21 09:33:15.100,4837.8000,1633,0,53249520.000,0,-,-,-,-,4836.2000,4836.0000,4835.6000,4835.4000,4834.6000,4838.6000,4839.6000,4840.6000,4841.0000,4841.4000,1,1,1,1,1,1,1,1,4,1
SF,IC2001,2019-11-21 09:33:16.100,4836.0000,1631,-2,57118440.000,4,1,3,多平,S,4835.4000,4834.8000,4834.6000,4833.8000,4833.2000,4836.0000,4838.2000,4838.6000,4839.0000,4839.6000,1,1,1,2,3,12,1,1,1,1
SF,IC2001,2019-11-21 09:33:16.600,4836.0000,1619,-12,68724840.000,12,0,12,双平,S,4836.0000,4835.6000,4835.4000,4834.6000,4833.8000,4838.2000,4839.6000,4840.6000,4841.0000,4841.4000,2,3,1,1,2,1,1,1,4,1
SF,IC2001,2019-11-21 09:33:17.100,4836.0000,1619,0,68724840.000,0,-,-,-,-,4835.6000,4835.4000,4834.6000,4833.8000,4833.2000,4838.2000,4839.6000,4840.6000,4841.0000,4841.4000,2,1,1,2,3,1,1,1,4,1
SF,IC2001,2019-11-21 09:33:17.600,4836.0000,1619,0,68724840.000,0,-,-,-,-,4835.6000,4835.4000,4834.6000,4833.8000,4833.2000,4838.2000,4839.6000,4840.6000,4841.0000,4841.4000,1,1,1,2,3,1,1,1,4,1
SF,IC2001,2019-11-21 09:33:18.100,4836.0000,1619,0,68724840.000,0,-,-,-,-,4835.6000,4835.4000,4834.6000,4833.8000,4833.2000,4838.0000,4838.2000,4839.6000,4840.6000,4841.0000,1,1,1,2,3,2,2,1,1,4
SF,IC2001,2019-11-21 09:33:18.600,4838.0000,1619,0,70660040.000,2,1,1,多换,S,4835.6000,4835.4000,4834.6000,4833.8000,4833.2000,4838.2000,4839.6000,4839.8000,4840.6000,4841.0000,2,1,1,2,3,2,1,1,1,4
SF,IC2001,2019-11-21 09:33:19.100,4838.0000,1619,0,70660040.000,0,-,-,-,-,4835.6000,4835.4000,4834.6000,4833.8000,4833.2000,4838.2000,4839.6000,4840.6000,4841.0000,4841.4000,2,1,1,2,3,1,1,1,4,1
SF,IC2001,2019-11-21 09:33:20.100,4838.0000,1619,0,70660040.000,0,-,-,-,-,4836.0000,4835.6000,4835.4000,4834.6000,4833.8000,4838.2000,4839.6000,4840.6000,4841.0000,4841.4000,1,2,1,1,2,1,1,1,4,1
SF,IC2001,2019-11-21 09:33:20.600,4838.0000,1619,0,70660040.000,0,-,-,-,-,4836.0000,4835.6000,4835.4000,4834.6000,4834.2000,4838.2000,4839.6000,4840.6000,4841.0000,4841.4000,1,1,1,1,1,1,1,1,4,1
SF,IC2001,2019-11-21 09:33:21.100,4838.0000,1619,0,70660040.000,0,-,-,-,-,4836.2000,4836.0000,4835.6000,4835.4000,4834.6000,4839.6000,4840.6000,4841.0000,4841.4000,4841.6000,1,1,1,1,1,1,1,4,1,1
SF,IC2001,2019-11-21 09:33:21.600,4838.0000,1619,0,70660040.000,0,-,-,-,-,4836.4000,4836.2000,4836.0000,4835.6000,4835.4000,4839.2000,4839.4000,4839.6000,4840.6000,4841.0000,1,1,1,1,1,1,2,1,1,4
SF,IC2001,2019-11-21 09:33:22.100,4838.0000,1619,0,70660040.000,0,-,-,-,-,4836.4000,4836.0000,4835.6000,4835.4000,4834.6000,4839.0000,4839.2000,4839.4000,4839.6000,4840.6000,1,1,1,1,1,2,1,2,1,1
SF,IC2001,2019-11-21 09:33:22.600,4838.0000,1619,0,70660040.000,0,-,-,-,-,4836.4000,4835.6000,4835.4000,4834.6000,4834.2000,4838.6000,4839.0000,4839.2000,4839.4000,4839.6000,1,1,1,1,1,1,2,1,2,1
SF,IC2001,2019-11-21 09:33:23.100,4838.0000,1619,0,70660040.000,0,-,-,-,-,4836.4000,4835.6000,4835.4000,4834.6000,4834.2000,4838.4000,4838.6000,4839.0000,4839.2000,4839.4000,1,1,1,1,1,1,1,1,1,2
SF,IC2001,2019-11-21 09:33:23.600,4838.0000,1619,0,70660040.000,0,-,-,-,-,4836.4000,4835.6000,4835.4000,4834.6000,4834.2000,4838.0000,4838.4000,4838.6000,4839.0000,4839.4000,1,1,1,1,1,1,1,1,1,2
SF,IC2001,2019-11-21 09:33:24.100,4838.0000,1619,0,70660040.000,0,-,-,-,-,4836.4000,4835.6000,4835.4000,4834.6000,4834.2000,4838.0000,4838.6000,4839.0000,4839.4000,4839.6000,1,1,1,1,1,1,1,1,2,1
SF,IC2001,2019-11-21 09:33:24.600,4838.0000,1619,0,70660040.000,0,-,-,-,-,4836.4000,4835.4000,4834.6000,4833.8000,4833.2000,4838.0000,4838.6000,4839.0000,4839.4000,4839.6000,1,1,1,2,3,1,1,1,2,1
SF,IC2001,2019-11-21 09:33:26.100,4838.0000,1619,0,70660040.000,0,-,-,-,-,4836.4000,4836.0000,4835.4000,4834.6000,4833.8000,4838.0000,4838.6000,4839.0000,4839.4000,4839.6000,1,1,1,1,2,1,1,1,2,1
SF,IC2001,2019-11-21 09:33:27.100,4838.0000,1619,0,70660040.000,0,-,-,-,-,4836.6000,4836.4000,4836.0000,4835.4000,4834.6000,4838.6000,4839.6000,4840.6000,4841.0000,4841.4000,1,1,1,1,1,1,1,1,4,1
SF,IC2001,2019-11-21 09:33:27.600,4838.0000,1619,0,70660040.000,0,-,-,-,-,4836.4000,4836.0000,4835.4000,4834.6000,4833.8000,4838.6000,4839.6000,4840.6000,4841.0000,4841.4000,1,1,1,1,2,1,1,1,4,1
SF,IC2001,2019-11-21 09:33:28.100,4836.4000,1619,0,71627320.000,1,0,1,多换,S,4836.0000,4835.4000,4834.6000,4833.8000,4833.2000,4836.4000,4838.6000,4839.6000,4840.6000,4841.0000,1,1,1,2,3,9,1,1,1,4
SF,IC2001,2019-11-21 09:33:28.600,4836.2000,1619,0,79365520.000,8,4,4,多换,S,4836.2000,4836.0000,4835.4000,4834.6000,4833.8000,4836.4000,4838.0000,4838.6000,4839.6000,4840.6000,1,1,1,1,2,2,1,1,1,1
SF,IC2001,2019-11-21 09:33:29.100,4836.4000,1620,1,81300080.000,2,1,1,空开,S,4836.2000,4836.0000,4835.4000,4834.6000,4833.8000,4838.6000,4839.6000,4840.6000,4841.0000,4841.4000,1,1,1,1,2,1,1,1,4,1
SF,IC2001,2019-11-21 09:33:29.600,4836.4000,1620,0,81300080.000,0,-,-,-,-,4836.4000,4836.2000,4836.0000,4835.4000,4835.0000,4838.4000,4838.6000,4839.6000,4840.6000,4841.0000,1,1,1,1,1,2,1,1,1,4
SF,IC2001,2019-11-21 09:33:32.100,4836.4000,1620,0,81300080.000,0,-,-,-,-,4836.4000,4836.2000,4836.0000,4835.4000,4835.0000,4838.2000,4838.4000,4838.6000,4839.6000,4840.6000,1,1,1,1,1,1,2,1,1,1
SF,IC2001,2019-11-21 09:33:32.600,4836.4000,1620,0,81300080.000,0,-,-,-,-,4836.4000,4836.2000,4836.0000,4835.4000,4835.0000,4838.0000,4838.2000,4838.6000,4839.6000,4840.6000,1,1,1,1,1,3,1,1,1,1
SF,IC2001,2019-11-21 09:33:33.100,4836.4000,1620,0,81300080.000,0,-,-,-,-,4836.4000,4836.0000,4835.4000,4835.0000,4834.6000,4837.8000,4838.0000,4838.2000,4839.6000,4840.6000,1,1,1,1,1,1,3,1,1,1
SF,IC2001,2019-11-21 09:33:33.600,4836.4000,1619,-1,82267360.000,1,0,1,双平,S,4836.0000,4835.4000,4835.0000,4834.6000,4833.8000,4837.4000,4837.8000,4838.2000,4839.6000,4840.6000,1,1,1,1,2,3,1,1,1,1
SF,IC2001,2019-11-21 09:33:34.100,4836.4000,1619,0,82267360.000,0,-,-,-,-,4836.0000,4835.4000,4835.0000,4834.6000,4833.8000,4837.0000,4837.2000,4837.4000,4837.8000,4838.2000,1,1,1,1,2,1,1,3,1,1
SF,IC2001,2019-11-21 09:33:34.600,4836.0000,1619,0,83234560.000,1,0,1,多换,S,4835.4000,4835.0000,4833.8000,4833.2000,4826.0000,4836.8000,4837.0000,4837.8000,4838.2000,4839.6000,1,1,2,4,1,3,1,1,1,1
SF,IC2001,2019-11-21 09:33:35.100,4836.0000,1619,0,83234560.000,0,-,-,-,-,4835.4000,4835.0000,4833.8000,4833.2000,4826.0000,4836.0000,4836.8000,4837.0000,4837.8000,4838.2000,1,1,2,4,1,1,3,1,1,1
SF,IC2001,2019-11-21 09:33:35.600,4836.0000,1619,0,83234560.000,0,-,-,-,-,4835.4000,4835.0000,4833.8000,4833.2000,4826.0000,4835.8000,4836.0000,4837.0000,4837.8000,4838.2000,1,1,2,4,1,1,1,1,1,1
SF,IC2001,2019-11-21 09:33:36.100,4835.8000,1619,0,84201720.000,1,0,1,多换,S,4835.4000,4835.0000,4833.8000,4833.2000,4826.0000,4836.0000,4837.0000,4837.8000,4838.2000,4839.6000,1,1,2,4,1,1,1,1,1,1
SF,IC2001,2019-11-21 09:33:37.600,4836.0000,1620,1,85168920.000,1,1,0,双开,S,4835.4000,4835.0000,4833.8000,4833.2000,4826.0000,4837.0000,4837.8000,4838.2000,4839.6000,4840.6000,1,1,2,4,1,1,1,1,1,1
SF,IC2001,2019-11-21 09:33:38.100,4836.0000,1620,0,85168920.000,0,-,-,-,-,4835.4000,4835.0000,4833.8000,4833.2000,4826.0000,4836.8000,4837.0000,4837.8000,4838.2000,4839.6000,1,1,2,4,1,2,1,1,1,1
SF,IC2001,2019-11-21 09:33:40.100,4836.0000,1620,0,85168920.000,0,-,-,-,-,4835.4000,4835.0000,4833.8000,4833.2000,4826.0000,4836.6000,4836.8000,4837.0000,4838.2000,4839.6000,1,1,2,4,1,1,2,1,1,1
SF,IC2001,2019-11-21 09:33:40.600,4836.0000,1620,0,85168920.000,0,-,-,-,-,4835.4000,4835.0000,4833.8000,4833.2000,4826.0000,4837.0000,4838.2000,4839.6000,4840.6000,4841.0000,1,1,2,4,1,1,1,1,1,4
SF,IC2001,2019-11-21 09:33:41.100,4836.0000,1620,0,85168920.000,0,-,-,-,-,4835.6000,4835.4000,4835.0000,4833.8000,4833.2000,4838.2000,4839.6000,4840.6000,4841.0000,4841.4000,1,1,1,2,4,1,1,1,4,1
SF,IC2001,2019-11-21 09:33:41.600,4836.0000,1620,0,85168920.000,0,-,-,-,-,4835.6000,4835.4000,4835.0000,4833.8000,4833.2000,4838.0000,4838.2000,4839.6000,4840.6000,4841.0000,3,1,1,2,4,3,1,1,1,4
SF,IC2001,2019-11-21 09:33:42.100,4836.0000,1620,0,85168920.000,0,-,-,-,-,4835.6000,4835.4000,4835.0000,4834.8000,4833.8000,4838.0000,4839.6000,4840.6000,4841.0000,4841.4000,3,1,1,1,2,2,1,1,4,1
SF,IC2001,2019-11-21 09:33:42.600,4836.0000,1620,0,85168920.000,0,-,-,-,-,4835.8000,4835.6000,4835.4000,4835.0000,4834.8000,4838.0000,4839.6000,4840.6000,4841.0000,4841.4000,1,3,1,1,1,2,1,1,4,1
SF,IC2001,2019-11-21 09:33:44.100,4836.0000,1620,0,85168920.000,0,-,-,-,-,4835.6000,4835.4000,4835.0000,4834.8000,4834.6000,4837.8000,4838.0000,4839.6000,4840.6000,4841.0000,1,1,1,1,1,1,2,1,1,4
SF,IC2001,2019-11-21 09:33:44.600,4836.0000,1620,0,85168920.000,0,-,-,-,-,4835.4000,4835.0000,4834.6000,4833.8000,4833.2000,4837.4000,4837.8000,4839.6000,4840.6000,4841.0000,1,1,1,2,4,3,1,1,1,4
SF,IC2001,2019-11-21 09:33:45.600,4836.0000,1620,0,85168920.000,0,-,-,-,-,4835.4000,4835.0000,4834.6000,4833.8000,4833.2000,4837.4000,4837.8000,4839.6000,4840.6000,4841.0000,1,2,1,2,4,3,1,1,1,4
SF,IC2001,2019-11-21 09:33:46.100,4836.0000,1620,0,85168920.000,0,-,-,-,-,4835.4000,4835.0000,4834.6000,4833.8000,4833.2000,4837.0000,4837.4000,4837.8000,4838.0000,4839.6000,1,2,1,2,4,1,3,1,1,1
SF,IC2001,2019-11-21 09:33:46.600,4836.0000,1620,0,85168920.000,0,-,-,-,-,4835.4000,4835.0000,4834.6000,4833.8000,4833.2000,4836.8000,4837.8000,4839.6000,4840.6000,4841.0000,1,2,1,2,4,2,1,1,1,4
SF,IC2001,2019-11-21 09:33:47.100,4836.8000,1618,-2,87103640.000,2,0,2,双平,S,4835.6000,4835.4000,4835.0000,4834.6000,4834.2000,4837.8000,4838.2000,4839.6000,4840.6000,4841.0000,2,1,2,1,1,1,1,1,1,4
SF,IC2001,2019-11-21 09:33:47.600,4836.8000,1618,0,87103640.000,0,-,-,-,-,4835.6000,4835.4000,4835.0000,4834.6000,4833.8000,4837.6000,4837.8000,4839.6000,4840.6000,4841.0000,1,1,2,1,2,1,1,1,1,4
SF,IC2001,2019-11-21 09:33:48.600,4836.8000,1618,0,87103640.000,0,-,-,-,-,4835.4000,4835.0000,4834.6000,4833.8000,4833.2000,4837.6000,4837.8000,4839.6000,4840.6000,4841.0000,1,2,1,2,4,1,1,1,1,4
SF,IC2001,2019-11-21 09:33:49.100,4836.8000,1618,0,87103640.000,0,-,-,-,-,4835.8000,4835.6000,4835.4000,4835.0000,4834.6000,4837.6000,4839.6000,4840.6000,4841.0000,4841.4000,1,3,1,2,1,1,1,1,4,1
SF,IC2001,2019-11-21 09:33:49.600,4836.8000,1618,0,87103640.000,0,-,-,-,-,4835.4000,4835.0000,4834.6000,4833.8000,4833.2000,4837.6000,4839.6000,4840.6000,4841.0000,4841.4000,2,2,1,2,4,1,1,1,4,1
SF,IC2001,2019-11-21 09:33:50.600,4836.8000,1618,0,87103640.000,0,-,-,-,-,4835.6000,4835.4000,4835.0000,4834.6000,4833.8000,4837.6000,4839.6000,4840.6000,4841.0000,4841.4000,3,2,2,2,2,1,1,1,4,1
SF,IC2001,2019-11-21 09:33:51.100,4836.8000,1618,0,87103640.000,0,-,-,-,-,4836.0000,4835.6000,4835.4000,4835.0000,4834.6000,4837.6000,4839.6000,4840.6000,4841.0000,4841.4000,1,3,2,2,2,1,1,1,4,1
SF,IC2001,2019-11-21 09:33:51.600,4836.8000,1618,0,87103640.000,0,-,-,-,-,4835.4000,4835.0000,4834.6000,4833.8000,4833.2000,4837.6000,4839.6000,4840.6000,4841.0000,4841.4000,2,2,2,2,4,1,1,1,4,1
SF,IC2001,2019-11-21 09:33:52.100,4836.8000,1618,0,87103640.000,0,-,-,-,-,4835.6000,4835.4000,4835.0000,4834.6000,4833.8000,4837.6000,4839.6000,4840.6000,4841.0000,4841.4000,1,2,2,2,2,1,1,1,4,1
SF,IC2001,2019-11-21 09:33:52.600,4836.8000,1618,0,87103640.000,0,-,-,-,-,4835.6000,4835.4000,4835.0000,4834.6000,4833.8000,4837.4000,4837.6000,4839.6000,4840.6000,4841.0000,1,2,2,2,2,1,1,1,1,4
SF,IC2001,2019-11-21 09:33:53.100,4836.8000,1618,0,87103640.000,0,-,-,-,-,4835.6000,4835.4000,4835.0000,4834.6000,4833.8000,4839.6000,4840.6000,4841.0000,4841.4000,4841.6000,1,2,2,2,2,1,1,4,1,1
SF,IC2001,2019-11-21 09:33:53.600,4836.8000,1618,0,87103640.000,0,-,-,-,-,4835.8000,4835.6000,4835.4000,4835.0000,4834.6000,4839.2000,4839.4000,4839.6000,4840.6000,4841.0000,1,1,2,2,2,4,2,1,1,4
SF,IC2001,2019-11-21 09:33:54.600,4836.8000,1618,0,87103640.000,0,-,-,-,-,4835.8000,4835.4000,4835.0000,4834.6000,4833.8000,4839.0000,4839.2000,4839.4000,4839.6000,4840.6000,1,2,2,2,2,1,4,2,1,1
SF,IC2001,2019-11-21 09:33:55.100,4836.8000,1618,0,87103640.000,0,-,-,-,-,4835.8000,4835.4000,4835.0000,4834.6000,4833.8000,4838.6000,4838.8000,4839.0000,4839.2000,4839.4000,1,2,2,2,2,1,2,1,1,2
SF,IC2001,2019-11-21 09:33:55.600,4836.8000,1618,0,87103640.000,0,-,-,-,-,4836.0000,4835.8000,4835.4000,4835.0000,4834.6000,4838.4000,4838.6000,4839.2000,4839.4000,4839.6000,1,1,2,2,2,1,1,1,2,1
SF,IC2001,2019-11-21 09:33:56.100,4836.8000,1618,0,87103640.000,0,-,-,-,-,4836.2000,4835.4000,4835.0000,4834.6000,4833.8000,4838.0000,4838.4000,4838.6000,4839.4000,4839.6000,1,2,2,2,2,1,1,1,2,1
SF,IC2001,2019-11-21 09:33:56.600,4836.8000,1618,0,87103640.000,0,-,-,-,-,4836.2000,4835.4000,4835.0000,4834.6000,4833.8000,4837.8000,4838.0000,4838.6000,4839.4000,4839.6000,1,2,2,2,2,1,1,1,2,1
SF,IC2001,2019-11-21 09:33:57.100,4836.8000,1618,0,87103640.000,0,-,-,-,-,4836.2000,4835.4000,4835.0000,4834.6000,4833.8000,4837.4000,4837.8000,4838.0000,4839.4000,4839.6000,1,2,2,2,2,1,1,1,2,1
SF,IC2001,2019-11-21 09:33:57.600,4836.8000,1618,0,87103640.000,0,-,-,-,-,4836.2000,4835.4000,4835.0000,4834.6000,4833.8000,4837.4000,4838.0000,4839.4000,4839.6000,4840.6000,1,2,2,2,2,1,1,2,1,1
SF,IC2001,2019-11-21 09:33:58.100,4836.8000,1618,0,87103640.000,0,-,-,-,-,4836.2000,4835.4000,4835.0000,4834.6000,4833.8000,4837.4000,4838.0000,4839.4000,4839.6000,4840.6000,1,2,2,1,2,1,1,2,1,1
SF,IC2001,2019-11-21 09:33:58.600,4836.2000,1618,0,88070880.000,1,0,1,多换,S,4835.4000,4835.0000,4834.6000,4833.8000,4833.2000,4836.2000,4837.4000,4837.8000,4838.0000,4839.4000,2,2,1,2,4,1,1,1,1,2
SF,IC2001,2019-11-21 09:33:59.100,4836.2000,1618,0,89038120.000,1,0,1,多换,S,4835.4000,4835.0000,4834.6000,4833.8000,4833.2000,4836.0000,4837.4000,4837.8000,4838.0000,4839.4000,2,2,1,2,4,1,1,1,1,2
SF,IC2001,2019-11-21 09:33:59.600,4836.0000,1617,-1,90005320.000,1,0,1,双平,S,4835.4000,4835.0000,4834.6000,4833.8000,4833.2000,4837.4000,4837.8000,4838.0000,4839.4000,4839.6000,2,2,1,2,4,1,1,1,2,1
SF,IC2001,2019-11-21 09:34:00.100,4836.0000,1617,0,90005320.000,0,-,-,-,-,4835.6000,4835.4000,4835.0000,4834.6000,4833.8000,4837.4000,4837.8000,4838.0000,4839.4000,4839.6000,2,2,2,1,2,1,1,1,2,1
SF,IC2001,2019-11-21 09:34:00.600,4836.0000,1617,0,90005320.000,0,-,-,-,-,4835.8000,4835.6000,4835.4000,4835.0000,4834.6000,4837.4000,4837.8000,4838.0000,4839.4000,4839.6000,1,1,2,2,1,1,1,1,2,1
SF,IC2001,2019-11-21 09:34:01.100,4836.0000,1617,0,90005320.000,0,-,-,-,-,4836.0000,4835.8000,4835.4000,4835.0000,4834.6000,4837.4000,4837.8000,4838.0000,4839.4000,4839.6000,1,1,2,2,1,1,1,1,2,1
SF,IC2001,2019-11-21 09:34:01.600,4835.8000,1615,-2,91939680.000,2,0,2,双平,S,4835.4000,4835.0000,4834.6000,4833.8000,4833.2000,4837.4000,4837.8000,4838.0000,4839.4000,4839.6000,2,2,1,2,4,1,1,1,2,1
SF,IC2001,2019-11-21 09:34:02.100,4835.8000,1615,0,91939680.000,0,-,-,-,-,4835.4000,4835.0000,4834.6000,4833.8000,4833.2000,4837.2000,4837.4000,4837.8000,4838.0000,4839.4000,2,2,1,2,4,2,1,1,1,2
SF,IC2001,2019-11-21 09:34:02.600,4835.8000,1615,0,91939680.000,0,-,-,-,-,4835.4000,4835.0000,4834.6000,4833.8000,4833.2000,4836.8000,4837.2000,4837.4000,4837.8000,4839.4000,2,2,1,2,4,1,2,1,1,2
SF,IC2001,2019-11-21 09:34:03.100,4835.4000,1614,-1,93873840.000,2,0,2,多平,S,4835.0000,4834.6000,4833.8000,4833.2000,4832.0000,4836.6000,4836.8000,4837.4000,4837.8000,4839.4000,2,1,2,4,1,2,1,1,1,2
SF,IC2001,2019-11-21 09:34:03.600,4835.4000,1614,0,93873840.000,0,-,-,-,-,4835.0000,4834.6000,4833.8000,4833.2000,4832.0000,4836.4000,4836.6000,4836.8000,4837.8000,4839.4000,2,1,2,4,1,1,2,1,1,2
SF,IC2001,2019-11-21 09:34:04.100,4835.4000,1614,0,93873840.000,0,-,-,-,-,4835.0000,4834.6000,4833.8000,4833.2000,4832.0000,4836.2000,4836.4000,4836.8000,4837.8000,4839.4000,2,1,2,4,1,1,1,1,1,2
SF,IC2001,2019-11-21 09:34:05.600,4835.4000,1614,0,93873840.000,0,-,-,-,-,4835.0000,4834.6000,4833.8000,4833.2000,4832.0000,4836.2000,4836.8000,4837.8000,4839.4000,4839.6000,2,1,2,4,1,1,1,1,2,1
SF,IC2001,2019-11-21 09:34:06.100,4836.2000,1613,-1,94841080.000,1,0,1,双平,S,4835.2000,4835.0000,4834.6000,4833.8000,4833.2000,4837.8000,4839.4000,4839.6000,4840.6000,4841.0000,1,2,1,2,4,1,2,1,1,4
SF,IC2001,2019-11-21 09:34:06.600,4836.2000,1613,0,94841080.000,0,-,-,-,-,4835.4000,4835.2000,4835.0000,4834.6000,4833.8000,4837.4000,4837.8000,4839.4000,4839.6000,4840.6000,2,1,2,1,2,1,1,2,1,1
SF,IC2001,2019-11-21 09:34:07.100,4836.2000,1613,0,94841080.000,0,-,-,-,-,4835.4000,4835.2000,4835.0000,4834.6000,4833.8000,4837.8000,4839.4000,4839.6000,4840.6000,4841.0000,4,1,2,1,2,1,2,1,1,4
SF,IC2001,2019-11-21 09:34:07.600,4836.2000,1613,0,94841080.000,0,-,-,-,-,4835.8000,4835.4000,4835.2000,4835.0000,4834.6000,4839.6000,4840.6000,4841.0000,4841.4000,4841.6000,1,4,1,2,2,1,1,4,1,1
SF,IC2001,2019-11-21 09:34:08.100,4836.2000,1613,0,94841080.000,0,-,-,-,-,4836.0000,4835.8000,4835.4000,4835.2000,4835.0000,4839.2000,4839.4000,4839.6000,4840.6000,4841.0000,2,1,2,1,3,1,2,1,1,4
SF,IC2001,2019-11-21 09:34:08.600,4836.2000,1613,0,94841080.000,0,-,-,-,-,4836.0000,4835.4000,4835.2000,4835.0000,4834.6000,4839.0000,4839.2000,4839.6000,4840.6000,4841.0000,2,2,1,3,2,1,1,1,1,4
SF,IC2001,2019-11-21 09:34:09.100,4836.2000,1613,0,94841080.000,0,-,-,-,-,4836.0000,4835.4000,4835.2000,4835.0000,4834.6000,4838.6000,4839.0000,4839.2000,4839.6000,4840.6000,1,2,1,3,2,1,1,1,1,1
SF,IC2001,2019-11-21 09:34:09.600,4836.2000,1613,0,94841080.000,0,-,-,-,-,4836.0000,4835.4000,4835.2000,4835.0000,4834.6000,4838.6000,4839.2000,4839.6000,4840.6000,4841.0000,1,2,1,4,2,1,1,1,1,4
SF,IC2001,2019-11-21 09:34:10.100,4836.2000,1613,0,94841080.000,0,-,-,-,-,4836.2000,4836.0000,4835.4000,4835.2000,4835.0000,4838.6000,4839.2000,4839.6000,4840.6000,4841.0000,1,1,2,1,4,1,1,1,1,4
SF,IC2001,2019-11-21 09:34:10.600,4836.2000,1613,0,94841080.000,0,-,-,-,-,4836.4000,4836.2000,4835.4000,4835.2000,4835.0000,4838.6000,4839.2000,4839.6000,4840.0000,4840.6000,1,1,2,1,4,1,1,1,1,1
SF,IC2001,2019-11-21 09:34:11.100,4836.2000,1613,0,94841080.000,0,-,-,-,-,4836.4000,4835.4000,4835.0000,4834.6000,4833.8000,4838.4000,4838.6000,4839.2000,4839.6000,4840.0000,1,2,4,2,2,1,1,1,1,1
SF,IC2001,2019-11-21 09:34:11.600,4836.2000,1613,0,94841080.000,0,-,-,-,-,4836.4000,4835.4000,4835.0000,4834.6000,4833.8000,4838.0000,4838.4000,4838.6000,4839.6000,4840.0000,1,2,4,2,2,1,1,1,1,1
SF,IC2001,2019-11-21 09:34:12.100,4836.2000,1613,0,94841080.000,0,-,-,-,-,4836.4000,4835.4000,4835.0000,4834.6000,4833.8000,4838.0000,4838.6000,4839.6000,4840.0000,4840.6000,1,2,4,2,2,1,1,1,1,1
SF,IC2001,2019-11-21 09:34:12.600,4836.2000,1613,0,94841080.000,0,-,-,-,-,4836.4000,4835.4000,4835.0000,4834.6000,4833.8000,4838.6000,4839.6000,4840.0000,4840.6000,4841.0000,1,2,4,2,2,1,1,1,1,4
SF,IC2001,2019-11-21 09:34:13.100,4836.2000,1613,0,94841080.000,0,-,-,-,-,4836.6000,4836.4000,4835.4000,4835.0000,4834.6000,4838.6000,4839.6000,4840.0000,4840.6000,4841.0000,1,1,2,4,2,1,1,1,1,4
SF,IC2001,2019-11-21 09:34:13.600,4836.2000,1613,0,94841080.000,0,-,-,-,-,4836.8000,4836.6000,4835.4000,4835.0000,4834.6000,4839.6000,4840.0000,4840.6000,4841.0000,4841.4000,2,4,2,4,2,1,1,1,4,1
SF,IC2001,2019-11-21 09:34:14.100,4836.2000,1613,0,94841080.000,0,-,-,-,-,4837.0000,4836.8000,4836.6000,4836.4000,4835.4000,4840.0000,4841.0000,4841.4000,4841.6000,4842.0000,6,2,2,1,2,1,1,1,1,2
SF,IC2001,2019-11-21 09:34:14.600,4836.2000,1613,0,94841080.000,0,-,-,-,-,4837.6000,4837.4000,4837.2000,4837.0000,4836.8000,4840.0000,4841.0000,4841.6000,4842.0000,4842.4000,1,1,3,5,1,1,1,1,2,3
SF,IC2001,2019-11-21 09:34:15.100,4836.2000,1613,0,94841080.000,0,-,-,-,-,4838.2000,4838.0000,4837.8000,4837.4000,4837.2000,4840.0000,4842.4000,4843.6000,4844.0000,4844.4000,1,1,4,1,1,1,3,1,2,1
SF,IC2001,2019-11-21 09:34:15.600,4836.2000,1613,0,94841080.000,0,-,-,-,-,4838.4000,4838.0000,4837.8000,4837.4000,4837.2000,4840.0000,4842.4000,4843.6000,4844.0000,4844.4000,3,1,2,1,1,1,3,1,2,1
SF,IC2001,2019-11-21 09:34:16.100,4836.2000,1613,0,94841080.000,0,-,-,-,-,4838.4000,4837.8000,4837.4000,4837.2000,4837.0000,4840.0000,4842.4000,4843.6000,4844.0000,4844.4000,1,1,1,1,2,1,3,1,2,1
SF,IC2001,2019-11-21 09:34:16.600,4836.2000,1613,0,94841080.000,0,-,-,-,-,4838.6000,4838.4000,4837.8000,4837.4000,4837.2000,4840.0000,4842.4000,4843.6000,4844.0000,4844.4000,3,1,1,1,1,1,3,1,2,1
SF,IC2001,2019-11-21 09:34:17.100,4836.2000,1613,0,94841080.000,0,-,-,-,-,4839.0000,4838.8000,4838.6000,4837.8000,4837.4000,4840.0000,4842.4000,4843.6000,4844.0000,4844.4000,1,1,3,2,1,1,1,1,2,1
SF,IC2001,2019-11-21 09:34:17.600,4836.2000,1613,0,94841080.000,0,-,-,-,-,4839.2000,4837.8000,4837.4000,4837.2000,4837.0000,4840.0000,4842.4000,4843.6000,4844.0000,4844.4000,1,2,1,1,2,1,1,1,2,1
SF,IC2001,2019-11-21 09:34:18.600,4840.0000,1613,0,95809080.000,1,0,1,多换,S,4839.2000,4837.8000,4837.4000,4837.2000,4837.0000,4842.4000,4843.6000,4844.0000,4844.4000,4844.8000,1,2,1,1,2,1,1,2,1,2
SF,IC2001,2019-11-21 09:34:19.100,4840.0000,1613,0,95809080.000,0,-,-,-,-,4840.0000,4839.2000,4837.8000,4837.4000,4837.2000,4842.0000,4842.2000,4842.4000,4843.6000,4844.0000,1,1,2,1,1,1,2,1,1,2
SF,IC2001,2019-11-21 09:34:19.600,4840.0000,1613,0,95809080.000,0,-,-,-,-,4840.2000,4840.0000,4837.8000,4837.4000,4837.2000,4841.8000,4842.0000,4842.2000,4842.4000,4843.6000,1,1,2,1,1,2,1,2,1,1
SF,IC2001,2019-11-21 09:34:20.100,4840.0000,1613,0,95809080.000,0,-,-,-,-,4840.2000,4840.0000,4837.8000,4837.4000,4837.2000,4841.6000,4842.0000,4842.4000,4843.6000,4844.0000,1,1,2,1,1,2,1,1,1,2
SF,IC2001,2019-11-21 09:34:20.600,4840.0000,1613,0,95809080.000,0,-,-,-,-,4840.2000,4837.8000,4837.4000,4837.2000,4837.0000,4841.6000,4842.0000,4842.4000,4843.6000,4844.0000,1,2,1,1,2,2,1,1,1,2
SF,IC2001,2019-11-21 09:34:21.100,4840.2000,1613,0,96777120.000,1,0,1,多换,S,4837.8000,4837.4000,4837.2000,4837.0000,4836.6000,4841.6000,4842.0000,4842.4000,4843.6000,4844.0000,2,1,1,2,2,2,1,1,1,2
SF,IC2001,2019-11-21 09:34:21.600,4840.2000,1613,0,96777120.000,0,-,-,-,-,4838.4000,4838.0000,4837.8000,4837.4000,4837.2000,4841.6000,4842.0000,4842.4000,4843.6000,4844.0000,1,6,1,1,1,2,1,1,1,2
SF,IC2001,2019-11-21 09:34:22.100,4840.2000,1613,0,96777120.000,0,-,-,-,-,4837.0000,4836.6000,4836.4000,4835.4000,4835.0000,4841.4000,4841.6000,4842.0000,4842.4000,4843.6000,2,2,1,2,4,1,2,1,1,1
SF,IC2001,2019-11-21 09:34:22.600,4840.2000,1613,0,96777120.000,0,-,-,-,-,4837.4000,4837.2000,4837.0000,4836.6000,4836.4000,4841.0000,4841.2000,4841.4000,4841.6000,4842.4000,1,3,2,2,1,1,2,1,1,1
SF,IC2001,2019-11-21 09:34:23.100,4840.2000,1613,0,96777120.000,0,-,-,-,-,4837.6000,4837.4000,4837.2000,4837.0000,4836.6000,4840.8000,4841.0000,4841.6000,4842.4000,4843.6000,2,2,2,2,2,1,1,1,1,1
SF,IC2001,2019-11-21 09:34:23.600,4840.2000,1613,0,96777120.000,0,-,-,-,-,4838.4000,4837.6000,4837.4000,4837.2000,4837.0000,4840.4000,4840.8000,4841.0000,4842.4000,4843.6000,1,3,2,2,2,1,1,1,1,1
SF,IC2001,2019-11-21 09:34:24.100,4840.2000,1613,0,96777120.000,0,-,-,-,-,4838.4000,4837.8000,4837.6000,4837.4000,4837.2000,4840.2000,4841.0000,4842.4000,4843.6000,4844.0000,1,1,1,2,2,1,1,1,1,2
SF,IC2001,2019-11-21 09:34:24.600,4840.2000,1613,0,96777120.000,0,-,-,-,-,4838.6000,4838.4000,4837.8000,4837.6000,4837.4000,4840.2000,4841.0000,4842.4000,4843.6000,4844.0000,1,1,1,1,2,1,1,1,1,2
SF,IC2001,2019-11-21 09:34:25.100,4840.2000,1613,0,97745160.000,1,0,1,多换,S,4838.6000,4838.4000,4837.8000,4837.6000,4837.4000,4841.0000,4842.4000,4843.6000,4844.0000,4844.4000,1,1,1,1,2,1,1,1,2,1
SF,IC2001,2019-11-21 09:34:25.600,4840.2000,1613,0,97745160.000,0,-,-,-,-,4838.8000,4838.6000,4838.4000,4837.8000,4837.6000,4841.0000,4842.4000,4843.6000,4844.0000,4844.4000,2,1,1,1,1,1,1,1,2,1
SF,IC2001,2019-11-21 09:34:26.100,4840.2000,1613,0,97745160.000,0,-,-,-,-,4839.2000,4839.0000,4838.8000,4838.4000,4838.0000,4842.4000,4843.6000,4844.0000,4844.4000,4844.8000,1,1,2,1,1,1,1,2,1,2
SF,IC2001,2019-11-21 09:34:26.600,4840.2000,1613,0,97745160.000,0,-,-,-,-,4839.4000,4839.2000,4839.0000,4838.8000,4838.4000,4842.0000,4842.4000,4843.6000,4844.0000,4844.4000,2,1,1,1,1,1,1,1,2,1
SF,IC2001,2019-11-21 09:34:27.600,4840.2000,1613,0,97745160.000,0,-,-,-,-,4839.6000,4839.4000,4838.4000,4838.0000,4837.8000,4842.0000,4842.4000,4843.6000,4844.0000,4844.4000,1,2,1,1,1,1,1,1,2,1
SF,IC2001,2019-11-21 09:34:28.100,4840.2000,1613,0,97745160.000,0,-,-,-,-,4839.8000,4838.4000,4838.0000,4837.8000,4837.4000,4842.0000,4842.4000,4843.6000,4844.0000,4844.4000,1,1,1,1,1,1,1,1,2,1
SF,IC2001,2019-11-21 09:34:28.600,4840.2000,1613,0,97745160.000,0,-,-,-,-,4839.8000,4838.4000,4838.0000,4837.8000,4837.4000,4841.8000,4842.0000,4842.4000,4843.6000,4844.0000,1,1,1,1,1,1,1,1,1,2
SF,IC2001,2019-11-21 09:34:30.600,4840.2000,1613,0,97745160.000,0,-,-,-,-,4840.0000,4839.8000,4838.4000,4838.0000,4837.8000,4841.8000,4842.0000,4842.4000,4843.6000,4844.0000,3,1,1,1,1,1,1,1,1,2
SF,IC2001,2019-11-21 09:34:31.100,4840.2000,1613,0,97745160.000,0,-,-,-,-,4840.2000,4840.0000,4838.4000,4838.0000,4837.8000,4842.0000,4843.8000,4844.0000,4844.4000,4844.8000,2,2,1,1,1,1,1,2,1,2
SF,IC2001,2019-11-21 09:34:32.100,4840.2000,1613,0,97745160.000,0,-,-,-,-,4840.4000,4840.2000,4840.0000,4838.4000,4838.0000,4842.0000,4843.8000,4844.0000,4844.4000,4844.8000,1,2,1,1,1,1,1,2,1,2
SF,IC2001,2019-11-21 09:34:32.600,4840.2000,1613,0,97745160.000,0,-,-,-,-,4840.6000,4840.4000,4840.0000,4838.4000,4838.0000,4843.8000,4844.4000,4844.8000,4848.8000,4884.0000,2,1,1,1,1,1,1,2,5,1
SF,IC2001,2019-11-21 09:34:33.100,4840.2000,1613,0,97745160.000,0,-,-,-,-,4842.2000,4840.6000,4840.4000,4840.0000,4838.4000,4843.4000,4843.6000,4843.8000,4844.8000,4848.8000,1,2,1,1,1,1,1,1,2,5
SF,IC2001,2019-11-21 09:34:33.600,4840.2000,1613,0,97745160.000,0,-,-,-,-,4842.4000,4842.2000,4840.8000,4840.4000,4839.8000,4843.2000,4843.4000,4843.8000,4844.8000,4848.8000,1,1,1,1,1,1,1,1,2,5
SF,IC2001,2019-11-21 09:34:34.100,4842.2000,1612,-1,99682040.000,2,0,2,多平,S,4840.4000,4839.8000,4838.4000,4838.0000,4837.8000,4842.8000,4843.2000,4843.4000,4843.8000,4844.8000,1,1,1,1,1,1,1,1,1,2
SF,IC2001,2019-11-21 09:34:34.600,4842.2000,1612,0,99682040.000,0,-,-,-,-,4840.4000,4839.8000,4838.4000,4838.0000,4837.8000,4842.4000,4842.6000,4842.8000,4843.4000,4843.8000,1,1,1,1,1,1,1,1,1,1
SF,IC2001,2019-11-21 09:34:35.100,4842.2000,1612,0,99682040.000,0,-,-,-,-,4840.6000,4840.4000,4839.8000,4838.4000,4838.0000,4842.2000,4842.4000,4842.8000,4843.4000,4843.8000,1,1,1,1,1,1,1,1,1,1
SF,IC2001,2019-11-21 09:34:35.600,4842.2000,1612,0,99682040.000,0,-,-,-,-,4840.6000,4840.4000,4839.8000,4838.4000,4838.0000,4842.2000,4842.8000,4843.4000,4843.8000,4844.8000,1,1,1,1,1,1,1,1,1,2
SF,IC2001,2019-11-21 09:34:36.600,4842.2000,1612,0,99682040.000,0,-,-,-,-,4840.8000,4840.6000,4839.8000,4838.4000,4838.0000,4842.2000,4842.8000,4843.4000,4843.8000,4844.8000,1,1,1,1,1,1,1,1,1,2
SF,IC2001,2019-11-21 09:34:37.100,4840.8000,1612,0,100650200.000,1,0,1,多换,S,4838.4000,4838.0000,4837.8000,4837.4000,4837.2000,4840.6000,4840.8000,4841.8000,4842.2000,4842.4000,1,1,1,1,1,1,1,1,1,1
SF,IC2001,2019-11-21 09:34:37.600,4840.8000,1612,0,103554600.000,3,1,2,多换,S,4840.6000,4838.8000,4838.6000,4838.4000,4838.0000,4842.8000,4843.8000,4844.8000,4848.8000,4884.0000,2,4,2,1,1,1,1,2,5,1
SF,IC2001,2019-11-21 09:34:38.100,4840.8000,1612,0,103554600.000,0,-,-,-,-,4840.8000,4838.8000,4838.6000,4838.4000,4838.0000,4842.6000,4842.8000,4843.8000,4844.8000,4848.8000,1,1,2,1,1,1,1,1,2,5
SF,IC2001,2019-11-21 09:34:38.600,4840.8000,1612,0,103554600.000,0,-,-,-,-,4840.8000,4838.8000,4838.6000,4838.4000,4838.0000,4842.2000,4842.6000,4842.8000,4843.8000,4844.8000,1,1,1,1,1,1,1,1,1,2
SF,IC2001,2019-11-21 09:34:39.100,4840.8000,1612,0,103554600.000,0,-,-,-,-,4840.8000,4838.8000,4838.6000,4838.4000,4838.0000,4842.8000,4843.8000,4844.8000,4848.8000,4884.0000,2,1,1,1,1,1,1,2,5,1
SF,IC2001,2019-11-21 09:34:39.600,4840.8000,1612,0,103554600.000,0,-,-,-,-,4840.8000,4838.8000,4838.6000,4838.4000,4838.0000,4842.6000,4842.8000,4843.8000,4844.8000,4848.8000,2,1,1,1,1,1,1,1,2,5
SF,IC2001,2019-11-21 09:34:41.600,4840.8000,1612,0,103554600.000,0,-,-,-,-,4840.8000,4839.6000,4838.8000,4838.6000,4838.4000,4842.6000,4842.8000,4843.8000,4844.8000,4848.8000,2,1,1,1,1,1,1,1,2,5
SF,IC2001,2019-11-21 09:34:43.100,4840.8000,1612,0,103554600.000,0,-,-,-,-,4840.8000,4839.6000,4838.8000,4838.6000,4838.4000,4842.2000,4842.6000,4842.8000,4843.8000,4844.8000,2,1,1,1,1,1,1,1,1,2
SF,IC2001,2019-11-21 09:34:43.600,4840.8000,1612,0,103554600.000,0,-,-,-,-,4840.8000,4838.8000,4838.6000,4838.4000,4838.0000,4842.0000,4842.2000,4842.8000,4843.8000,4844.8000,2,1,1,1,1,1,1,1,1,2
SF,IC2001,2019-11-21 09:34:44.100,4840.8000,1611,-1,104522760.000,1,0,1,双平,S,4840.8000,4838.8000,4838.6000,4838.4000,4838.0000,4842.0000,4842.2000,4842.8000,4843.8000,4844.8000,1,1,1,1,1,1,1,1,1,2
SF,IC2001,2019-11-21 09:34:44.600,4840.8000,1610,-1,105490920.000,1,0,1,双平,S,4838.6000,4838.4000,4838.0000,4837.8000,4837.4000,4840.8000,4841.6000,4842.0000,4842.2000,4843.8000,1,1,1,1,1,1,1,1,1,1
SF,IC2001,2019-11-21 09:34:45.100,4840.8000,1611,1,106459080.000,1,1,0,双开,S,4838.8000,4838.6000,4838.4000,4838.0000,4837.8000,4841.6000,4842.2000,4843.8000,4844.8000,4848.8000,2,1,1,1,1,1,1,1,2,5
SF,IC2001,2019-11-21 09:34:45.600,4840.8000,1611,0,106459080.000,0,-,-,-,-,4840.8000,4838.8000,4838.6000,4838.4000,4838.0000,4841.6000,4842.2000,4843.8000,4844.8000,4848.8000,1,2,1,1,1,1,1,1,2,5
SF,IC2001,2019-11-21 09:34:46.100,4840.8000,1611,0,107427240.000,1,0,1,多换,S,4838.8000,4838.6000,4838.4000,4838.0000,4837.8000,4841.6000,4842.2000,4843.8000,4844.8000,4848.8000,1,1,1,1,1,1,1,1,2,5
SF,IC2001,2019-11-21 09:34:46.600,4840.8000,1611,0,107427240.000,0,-,-,-,-,4839.0000,4838.8000,4838.6000,4838.4000,4838.0000,4841.6000,4842.2000,4843.8000,4844.8000,4848.8000,1,1,1,1,1,1,1,1,2,5
SF,IC2001,2019-11-21 09:34:47.600,4840.8000,1611,0,107427240.000,0,-,-,-,-,4839.0000,4838.8000,4838.6000,4838.4000,4838.0000,4841.6000,4842.2000,4843.8000,4844.8000,4848.8000,1,1,1,1,1,1,2,1,2,5
SF,IC2001,2019-11-21 09:34:48.100,4840.8000,1611,0,107427240.000,0,-,-,-,-,4839.2000,4839.0000,4838.8000,4838.6000,4838.4000,4841.6000,4842.2000,4843.8000,4844.8000,4848.8000,2,1,1,1,1,1,2,1,2,5
SF,IC2001,2019-11-21 09:34:48.600,4840.8000,1611,0,107427240.000,0,-,-,-,-,4839.4000,4838.8000,4838.6000,4838.4000,4838.0000,4841.6000,4842.2000,4843.8000,4844.8000,4848.8000,1,1,1,1,1,1,2,1,2,5
SF,IC2001,2019-11-21 09:34:49.100,4840.8000,1611,0,107427240.000,0,-,-,-,-,4839.4000,4838.8000,4838.6000,4838.4000,4838.0000,4841.4000,4841.6000,4842.2000,4843.8000,4844.8000,1,1,1,1,1,1,1,2,1,2
SF,IC2001,2019-11-21 09:34:49.600,4840.8000,1611,0,107427240.000,0,-,-,-,-,4839.6000,4839.4000,4838.8000,4838.6000,4838.4000,4841.4000,4841.6000,4842.2000,4843.8000,4844.8000,2,1,1,1,1,1,1,2,1,2
SF,IC2001,2019-11-21 09:34:50.100,4840.8000,1611,0,107427240.000,0,-,-,-,-,4839.8000,4839.6000,4838.8000,4838.6000,4838.4000,4841.4000,4842.2000,4843.8000,4844.8000,4848.8000,1,2,1,1,1,1,1,1,2,5
SF,IC2001,2019-11-21 09:34:50.600,4840.8000,1611,0,107427240.000,0,-,-,-,-,4839.8000,4839.6000,4838.8000,4838.6000,4838.4000,4842.0000,4842.2000,4843.8000,4844.8000,4848.8000,1,2,1,1,1,1,1,1,2,5
SF,IC2001,2019-11-21 09:34:51.600,4840.8000,1611,0,107427240.000,0,-,-,-,-,4840.0000,4839.8000,4839.6000,4838.8000,4838.6000,4842.0000,4842.2000,4843.8000,4844.8000,4848.8000,1,1,2,1,1,1,1,1,2,5
SF,IC2001,2019-11-21 09:34:52.100,4840.8000,1611,0,107427240.000,0,-,-,-,-,4838.8000,4838.6000,4838.4000,4838.0000,4837.8000,4841.8000,4842.0000,4842.2000,4843.8000,4844.8000,1,1,1,1,1,1,1,1,1,2
SF,IC2001,2019-11-21 09:34:52.600,4840.8000,1611,0,107427240.000,0,-,-,-,-,4839.0000,4838.8000,4838.6000,4838.4000,4838.0000,4841.6000,4841.8000,4842.2000,4843.8000,4844.8000,4,1,1,1,1,1,1,1,1,2
SF,IC2001,2019-11-21 09:34:53.100,4840.8000,1611,0,107427240.000,0,-,-,-,-,4839.4000,4839.2000,4839.0000,4838.8000,4838.6000,4841.6000,4843.8000,4844.8000,4848.8000,4884.0000,1,1,5,1,1,1,1,2,5,1
SF,IC2001,2019-11-21 09:34:53.600,4840.8000,1611,0,107427240.000,0,-,-,-,-,4841.6000,4840.0000,4839.8000,4839.6000,4839.4000,4843.6000,4843.8000,4844.8000,4848.8000,4884.0000,1,1,1,6,1,1,1,2,5,1
SF,IC2001,2019-11-21 09:34:54.100,4840.8000,1611,0,107427240.000,0,-,-,-,-,4841.6000,4839.2000,4839.0000,4838.6000,4838.4000,4843.2000,4843.4000,4843.6000,4843.8000,4844.8000,1,1,2,1,1,1,2,1,1,2
SF,IC2001,2019-11-21 09:34:54.600,4841.6000,1611,0,108395560.000,1,0,1,多换,S,4839.2000,4839.0000,4838.6000,4838.4000,4838.0000,4841.6000,4843.0000,4843.2000,4843.4000,4843.8000,1,2,1,1,1,1,6,1,2,1
SF,IC2001,2019-11-21 09:34:55.100,4841.6000,1611,0,108395560.000,0,-,-,-,-,4840.0000,4839.4000,4839.2000,4839.0000,4838.6000,4841.4000,4841.6000,4843.2000,4843.8000,4844.8000,1,4,1,2,1,1,1,1,1,2
SF,IC2001,2019-11-21 09:34:55.600,4841.6000,1611,0,108395560.000,0,-,-,-,-,4840.0000,4839.4000,4839.2000,4839.0000,4838.6000,4841.4000,4843.2000,4843.8000,4844.8000,4848.8000,1,3,1,2,1,1,1,1,2,5
SF,IC2001,2019-11-21 09:34:56.100,4841.6000,1611,0,108395560.000,0,-,-,-,-,4840.0000,4839.4000,4839.2000,4839.0000,4838.6000,4843.0000,4843.2000,4843.8000,4844.8000,4848.8000,1,3,1,2,1,1,1,1,2,5
SF,IC2001,2019-11-21 09:34:56.600,4841.6000,1611,0,108395560.000,0,-,-,-,-,4840.0000,4839.4000,4839.2000,4839.0000,4838.6000,4842.6000,4842.8000,4843.0000,4843.2000,4843.8000,2,3,1,2,1,1,1,1,1,1
SF,IC2001,2019-11-21 09:34:57.100,4841.6000,1611,0,108395560.000,0,-,-,-,-,4840.2000,4840.0000,4839.4000,4839.2000,4839.0000,4842.4000,4842.6000,4843.2000,4843.8000,4844.8000,4,2,3,1,2,1,1,1,1,2
SF,IC2001,2019-11-21 09:34:58.100,4842.2000,1612,1,109364000.000,1,1,0,双开,S,4840.4000,4840.2000,4840.0000,4839.4000,4839.2000,4842.4000,4843.8000,4844.8000,4848.8000,4884.0000,1,1,2,3,1,1,1,2,5,1
SF,IC2001,2019-11-21 09:34:58.600,4842.2000,1612,0,109364000.000,0,-,-,-,-,4840.0000,4839.4000,4839.2000,4839.0000,4838.6000,4843.6000,4843.8000,4844.8000,4848.8000,4884.0000,2,3,1,2,1,1,1,2,5,1
SF,IC2001,2019-11-21 09:34:59.100,4842.2000,1612,0,109364000.000,0,-,-,-,-,4840.6000,4840.4000,4840.2000,4840.0000,4839.4000,4843.6000,4843.8000,4844.8000,4848.8000,4884.0000,2,1,7,2,3,1,1,2,5,1
SF,IC2001,2019-11-21 09:34:59.600,4840.8000,1612,0,110332160.000,1,0,1,多换,S,4840.6000,4840.4000,4840.2000,4840.0000,4839.8000,4843.6000,4843.8000,4844.0000,4844.8000,4848.8000,2,1,4,2,1,1,1,1,2,5
SF,IC2001,2019-11-21 09:35:00.100,4840.8000,1612,0,110332160.000,0,-,-,-,-,4840.6000,4840.4000,4840.2000,4840.0000,4839.4000,4843.4000,4843.6000,4843.8000,4844.8000,4848.8000,2,1,4,2,3,1,1,1,2,5
SF,IC2001,2019-11-21 09:35:00.600,4840.8000,1612,0,110332160.000,0,-,-,-,-,4840.8000,4840.6000,4840.4000,4840.2000,4840.0000,4843.2000,4843.4000,4843.8000,4844.8000,4848.8000,2,2,1,4,2,1,1,1,2,5
SF,IC2001,2019-11-21 09:35:01.100,4840.8000,1612,0,110332160.000,0,-,-,-,-,4840.4000,4840.2000,4840.0000,4839.4000,4839.2000,4843.0000,4843.2000,4843.8000,4844.8000,4848.8000,1,4,2,3,1,1,1,1,2,5
SF,IC2001,2019-11-21 09:35:01.600,4840.8000,1612,0,110332160.000,0,-,-,-,-,4840.6000,4840.4000,4840.2000,4840.0000,4839.4000,4842.8000,4843.0000,4843.8000,4844.8000,4848.8000,4,1,4,2,3,1,1,1,2,5
SF,IC2001,2019-11-21 09:35:02.100,4840.8000,1612,0,110332160.000,0,-,-,-,-,4840.6000,4840.4000,4840.2000,4840.0000,4839.4000,4842.8000,4843.8000,4844.8000,4848.8000,4884.0000,2,1,4,2,3,1,1,2,5,1
SF,IC2001,2019-11-21 09:35:02.600,4840.8000,1612,0,110332160.000,0,-,-,-,-,4840.0000,4839.4000,4839.2000,4839.0000,4838.6000,4842.6000,4842.8000,4843.8000,4844.8000,4848.8000,2,3,1,2,1,1,1,1,2,5
SF,IC2001,2019-11-21 09:35:03.100,4840.8000,1612,0,110332160.000,0,-,-,-,-,4840.2000,4840.0000,4839.4000,4839.2000,4839.0000,4842.4000,4842.6000,4843.8000,4844.8000,4848.8000,1,2,3,1,2,1,2,1,2,5
SF,IC2001,2019-11-21 09:35:03.600,4840.8000,1612,0,110332160.000,0,-,-,-,-,4840.0000,4839.2000,4839.0000,4838.6000,4838.4000,4842.2000,4842.4000,4842.6000,4842.8000,4843.8000,2,1,2,1,1,2,1,1,1,1
SF,IC2001,2019-11-21 09:35:04.100,4840.8000,1612,0,110332160.000,0,-,-,-,-,4840.0000,4839.2000,4839.0000,4838.6000,4838.4000,4842.0000,4842.2000,4842.6000,4842.8000,4843.8000,2,1,2,1,1,2,3,1,1,1
SF,IC2001,2019-11-21 09:35:04.600,4840.8000,1612,0,110332160.000,0,-,-,-,-,4840.0000,4839.2000,4839.0000,4838.6000,4838.4000,4842.0000,4842.2000,4842.6000,4842.8000,4843.8000,2,1,2,1,1,2,1,1,1,1
SF,IC2001,2019-11-21 09:35:05.100,4840.8000,1612,0,110332160.000,0,-,-,-,-,4840.0000,4839.2000,4839.0000,4838.6000,4838.4000,4842.0000,4842.8000,4843.8000,4844.8000,4848.8000,2,1,2,1,1,1,1,1,2,5
SF,IC2001,2019-11-21 09:35:05.600,4842.0000,1613,1,111300560.000,1,1,0,双开,S,4840.2000,4840.0000,4839.2000,4839.0000,4838.6000,4842.6000,4842.8000,4843.8000,4844.8000,4848.8000,3,2,1,2,1,1,1,1,2,5
SF,IC2001,2019-11-21 09:35:06.100,4842.0000,1613,0,111300560.000,0,-,-,-,-,4840.2000,4840.0000,4839.2000,4839.0000,4838.6000,4842.8000,4843.8000,4844.8000,4848.8000,4884.0000,4,2,1,2,1,1,1,2,5,1
SF,IC2001,2019-11-21 09:35:06.600,4842.0000,1613,0,111300560.000,0,-,-,-,-,4840.2000,4840.0000,4839.4000,4839.2000,4839.0000,4842.8000,4843.8000,4844.8000,4848.8000,4884.0000,4,2,1,1,2,1,1,2,5,1
SF,IC2001,2019-11-21 09:35:07.100,4842.0000,1613,0,111300560.000,0,-,-,-,-,4840.4000,4840.2000,4840.0000,4839.4000,4839.2000,4842.8000,4843.8000,4844.8000,4848.8000,4884.0000,2,4,2,1,1,1,1,2,5,1
SF,IC2001,2019-11-21 09:35:07.600,4842.0000,1613,0,111300560.000,0,-,-,-,-,4841.2000,4840.6000,4840.4000,4840.2000,4840.0000,4842.8000,4843.8000,4844.8000,4848.8000,4884.0000,1,4,2,2,2,1,1,2,5,1
SF,IC2001,2019-11-21 09:35:08.100,4842.0000,1613,0,111300560.000,0,-,-,-,-,4841.2000,4840.6000,4840.4000,4840.2000,4840.0000,4842.8000,4843.8000,4844.8000,4848.8000,4884.0000,1,3,2,2,2,1,1,2,5,1
SF,IC2001,2019-11-21 09:35:08.600,4842.0000,1613,0,111300560.000,0,-,-,-,-,4841.2000,4840.6000,4840.4000,4840.2000,4840.0000,4842.6000,4842.8000,4843.8000,4844.8000,4848.8000,1,3,2,2,2,1,1,1,2,5
SF,IC2001,2019-11-21 09:35:11.100,4842.0000,1613,0,111300560.000,0,-,-,-,-,4841.2000,4840.6000,4840.4000,4840.2000,4840.0000,4842.6000,4842.8000,4844.8000,4845.2000,4848.8000,1,3,2,2,2,1,1,2,1,5
