市场代码,合约代码,时间,最新,持仓,增仓,成交额,成交量,开仓,平仓,成交类型,方向,买一价,买二价,买三价,买四价,买五价,卖一价,卖二价,卖三价,卖四价,卖五价,买一量,买二量,买三量,买四量,买五量,卖一量,卖二量,卖三量,卖四量,卖五量
SF,IC2006,2019-11-04 09:29:00.000,4714.2000,5570,0,0.000,0.000,-,-,-,-,4715.0000,4714.0000,4713.6000,4711.8000,4710.0000,4720.0000,4722.0000,4730.0000,4736.8000,4739.6000,1,1,1,1,1,6,1,1,1,1
SF,IC2006,2019-11-04 09:30:00.500,4722.0000,5575,5,6608400.000,7,6,1,空开,S,4725.0000,4723.8000,4722.6000,4722.4000,4721.2000,4726.4000,4730.0000,4732.4000,4734.6000,4740.0000,1,1,2,1,1,5,1,5,1,1
SF,IC2006,2019-11-04 09:30:01.000,4726.4000,5574,-1,12279800.000,6,2,4,多平,S,4726.4000,4725.2000,4725.0000,4723.8000,4722.6000,4730.0000,4732.4000,4734.6000,4736.4000,4740.0000,2,3,1,1,2,1,5,1,1,1
SF,IC2006,2019-11-04 09:30:01.500,4730.0000,5573,-1,13225800.000,1,0,1,双平,S,4727.0000,4726.8000,4726.6000,4726.4000,4725.2000,4732.4000,4734.6000,4736.4000,4740.0000,4744.6000,1,2,1,2,3,5,1,1,1,1
SF,IC2006,2019-11-04 09:30:02.000,4730.0000,5573,0,13225800.000,0,-,-,-,-,4726.8000,4726.4000,4725.2000,4725.0000,4722.6000,4732.2000,4732.4000,4734.6000,4736.4000,4740.0000,3,1,2,1,1,1,5,1,1,1
SF,IC2006,2019-11-04 09:30:02.500,4730.0000,5573,0,13225800.000,0,-,-,-,-,4726.8000,4726.4000,4725.2000,4725.0000,4722.6000,4730.0000,4732.0000,4732.2000,4732.4000,4734.6000,3,1,2,1,1,2,1,2,5,1
SF,IC2006,2019-11-04 09:30:03.000,4730.0000,5573,0,13225800.000,0,-,-,-,-,4726.8000,4726.4000,4725.2000,4725.0000,4722.6000,4729.8000,4730.0000,4732.0000,4732.2000,4732.4000,2,1,2,1,1,1,2,1,1,5
SF,IC2006,2019-11-04 09:30:03.500,4729.6000,5572,-1,15117080.000,2,0,2,多平,S,4727.2000,4726.8000,4726.4000,4725.2000,4725.0000,4729.8000,4730.0000,4732.0000,4732.2000,4732.4000,1,1,1,2,1,1,2,1,1,5
SF,IC2006,2019-11-04 09:30:04.000,4727.2000,5572,0,16062520.000,1,0,1,多换,S,4726.8000,4726.4000,4725.0000,4722.6000,4722.0000,4729.6000,4729.8000,4730.0000,4732.2000,4732.4000,1,1,1,1,3,1,1,2,2,5
SF,IC2006,2019-11-04 09:30:04.500,4727.2000,5572,0,16062520.000,0,-,-,-,-,4726.4000,4725.0000,4722.6000,4722.0000,4721.0000,4729.4000,4729.6000,4730.0000,4732.2000,4732.4000,1,1,1,3,2,1,1,2,2,5
SF,IC2006,2019-11-04 09:30:05.000,4727.2000,5572,0,16062520.000,0,-,-,-,-,4726.4000,4725.0000,4722.6000,4722.0000,4721.0000,4729.2000,4729.4000,4730.0000,4732.2000,4732.4000,1,1,1,3,2,1,1,2,2,5
SF,IC2006,2019-11-04 09:30:05.500,4726.4000,5572,0,17007800.000,1,0,1,多换,S,4725.0000,4722.0000,4721.0000,4720.2000,4720.0000,4726.8000,4729.0000,4729.2000,4730.0000,4732.2000,1,3,1,1,1,1,1,1,2,2
SF,IC2006,2019-11-04 09:30:06.000,4726.6000,5570,-2,18898120.000,2,0,2,双平,S,4722.0000,4721.0000,4720.2000,4720.0000,4715.0000,4726.6000,4726.8000,4727.0000,4730.0000,4732.2000,3,1,1,1,1,1,1,1,1,2
SF,IC2006,2019-11-04 09:30:06.500,4726.6000,5570,0,18898120.000,0,-,-,-,-,4722.0000,4721.0000,4720.2000,4720.0000,4715.0000,4726.6000,4726.8000,4730.0000,4732.2000,4732.4000,3,1,1,1,1,1,1,1,2,5
SF,IC2006,2019-11-04 09:30:07.000,4726.6000,5570,0,18898120.000,0,-,-,-,-,4722.0000,4721.0000,4720.2000,4720.0000,4715.0000,4726.6000,4726.8000,4730.0000,4732.2000,4732.4000,3,1,1,1,1,1,1,1,2,5
SF,IC2006,2019-11-04 09:30:09.500,4726.6000,5570,0,18898120.000,0,-,-,-,-,4722.0000,4721.0000,4720.0000,4715.0000,4714.0000,4726.6000,4726.8000,4730.0000,4732.2000,4732.4000,3,1,1,1,1,1,1,1,1,5
SF,IC2006,2019-11-04 09:30:10.000,4726.6000,5570,0,18898120.000,0,-,-,-,-,4722.2000,4722.0000,4721.0000,4720.0000,4715.0000,4726.8000,4730.0000,4732.2000,4732.4000,4734.6000,1,3,1,1,1,1,1,1,5,1
SF,IC2006,2019-11-04 09:30:10.500,4726.6000,5570,0,18898120.000,0,-,-,-,-,4723.0000,4722.2000,4722.0000,4721.0000,4720.0000,4726.8000,4730.0000,4732.2000,4732.4000,4734.6000,1,1,3,1,1,1,1,1,5,1
SF,IC2006,2019-11-04 09:30:11.000,4726.6000,5570,0,18898120.000,0,-,-,-,-,4723.2000,4723.0000,4722.0000,4721.0000,4720.0000,4726.8000,4730.0000,4732.2000,4732.4000,4734.6000,1,3,3,1,1,1,1,1,5,1
SF,IC2006,2019-11-04 09:30:12.000,4726.6000,5570,0,18898120.000,0,-,-,-,-,4723.6000,4723.2000,4723.0000,4722.0000,4721.0000,4726.8000,4730.0000,4732.2000,4732.4000,4734.6000,1,1,3,3,1,1,1,1,5,1
SF,IC2006,2019-11-04 09:30:12.500,4726.6000,5570,0,18898120.000,0,-,-,-,-,4723.8000,4723.6000,4723.0000,4722.0000,4721.0000,4725.2000,4726.8000,4730.0000,4732.2000,4732.4000,1,1,3,3,1,1,1,1,1,5
SF,IC2006,2019-11-04 09:30:13.000,4725.2000,5569,-1,19843160.000,1,0,1,双平,S,4723.8000,4723.6000,4723.0000,4722.8000,4722.0000,4726.8000,4730.0000,4732.2000,4732.4000,4734.6000,1,1,3,1,3,1,1,1,5,1
SF,IC2006,2019-11-04 09:30:13.500,4725.2000,5569,0,19843160.000,0,-,-,-,-,4723.8000,4723.0000,4722.8000,4722.0000,4721.0000,4726.8000,4730.0000,4732.2000,4732.4000,4734.6000,1,3,1,3,1,1,1,1,5,1
SF,IC2006,2019-11-04 09:30:14.000,4725.2000,5569,0,19843160.000,0,-,-,-,-,4723.0000,4722.8000,4722.0000,4721.0000,4720.0000,4726.8000,4730.0000,4732.2000,4732.4000,4734.6000,3,1,3,1,1,1,1,1,5,1
SF,IC2006,2019-11-04 09:30:15.000,4725.2000,5569,0,19843160.000,0,-,-,-,-,4723.0000,4722.8000,4722.0000,4721.0000,4720.0000,4726.8000,4730.0000,4732.2000,4732.4000,4734.6000,3,1,3,1,1,1,1,1,5,1
SF,IC2006,2019-11-04 09:30:15.500,4725.2000,5569,0,19843160.000,0,-,-,-,-,4723.2000,4723.0000,4722.8000,4722.0000,4721.0000,4726.8000,4730.0000,4732.2000,4732.4000,4734.6000,1,3,1,3,1,1,1,1,5,1
SF,IC2006,2019-11-04 09:30:19.000,4725.2000,5569,0,19843160.000,0,-,-,-,-,4723.2000,4723.0000,4722.8000,4722.0000,4721.0000,4726.8000,4730.0000,4732.2000,4732.4000,4734.6000,1,2,1,3,1,1,1,1,5,1
SF,IC2006,2019-11-04 09:30:19.500,4726.8000,5568,-1,20788520.000,1,0,1,双平,S,4723.2000,4723.0000,4722.8000,4722.0000,4721.0000,4730.0000,4732.2000,4732.4000,4734.6000,4736.4000,1,2,1,3,1,1,1,5,1,1
SF,IC2006,2019-11-04 09:30:20.000,4726.8000,5568,0,20788520.000,0,-,-,-,-,4723.2000,4723.0000,4722.8000,4722.0000,4721.0000,4729.8000,4730.0000,4732.2000,4732.4000,4734.6000,1,2,1,3,1,1,1,1,5,1
SF,IC2006,2019-11-04 09:30:21.000,4726.8000,5568,0,20788520.000,0,-,-,-,-,4724.8000,4723.2000,4723.0000,4722.8000,4722.0000,4729.8000,4730.0000,4732.2000,4732.4000,4734.6000,1,1,2,1,3,1,1,1,5,1
SF,IC2006,2019-11-04 09:30:21.500,4726.8000,5568,0,20788520.000,0,-,-,-,-,4727.2000,4723.0000,4722.8000,4722.0000,4721.0000,4729.8000,4730.0000,4732.2000,4732.4000,4734.6000,1,2,1,3,1,1,1,1,5,1
SF,IC2006,2019-11-04 09:30:22.000,4727.0000,5568,0,21733920.000,1,0,1,多换,S,4723.0000,4722.8000,4722.0000,4721.0000,4720.0000,4727.2000,4729.8000,4730.0000,4732.2000,4732.4000,2,1,3,1,1,1,1,1,1,5
SF,IC2006,2019-11-04 09:30:22.500,4727.0000,5568,0,21733920.000,0,-,-,-,-,4723.2000,4723.0000,4722.8000,4722.0000,4721.0000,4730.0000,4732.2000,4732.4000,4734.6000,4736.4000,1,2,1,3,1,1,1,5,1,1
SF,IC2006,2019-11-04 09:30:23.000,4727.0000,5568,0,21733920.000,0,-,-,-,-,4723.6000,4723.2000,4723.0000,4722.8000,4722.0000,4729.8000,4730.0000,4732.2000,4732.4000,4734.6000,1,1,2,1,3,2,2,1,5,1
SF,IC2006,2019-11-04 09:30:23.500,4727.0000,5568,0,21733920.000,0,-,-,-,-,4723.8000,4723.6000,4723.0000,4722.8000,4722.0000,4729.8000,4730.0000,4732.2000,4732.4000,4734.6000,1,1,2,1,3,2,2,1,5,1
SF,IC2006,2019-11-04 09:30:24.000,4727.0000,5568,0,21733920.000,0,-,-,-,-,4723.8000,4723.6000,4723.0000,4722.8000,4722.0000,4729.2000,4729.8000,4730.0000,4732.2000,4732.4000,1,1,2,1,3,1,2,2,1,5
SF,IC2006,2019-11-04 09:30:24.500,4727.0000,5568,0,21733920.000,0,-,-,-,-,4723.8000,4723.6000,4723.0000,4722.8000,4722.0000,4729.0000,4729.2000,4730.0000,4732.2000,4732.4000,1,1,2,1,3,1,1,2,1,5
SF,IC2006,2019-11-04 09:30:25.000,4727.0000,5568,0,21733920.000,0,-,-,-,-,4723.8000,4723.6000,4723.0000,4722.8000,4722.0000,4729.0000,4730.0000,4732.2000,4732.4000,4734.6000,1,1,2,1,3,1,2,1,5,1
SF,IC2006,2019-11-04 09:30:26.000,4729.0000,5568,0,22679720.000,1,0,1,多换,S,4729.0000,4725.0000,4723.8000,4723.6000,4723.0000,4730.0000,4731.0000,4732.2000,4732.4000,4734.6000,1,1,1,1,2,2,1,1,5,1
SF,IC2006,2019-11-04 09:30:26.500,4729.0000,5568,0,23625520.000,1,0,1,多换,S,4725.0000,4723.6000,4722.8000,4722.0000,4721.0000,4730.0000,4732.2000,4732.4000,4734.6000,4736.4000,1,1,1,3,1,1,1,5,1,1
SF,IC2006,2019-11-04 09:30:27.000,4729.0000,5568,0,23625520.000,0,-,-,-,-,4725.2000,4725.0000,4723.6000,4722.8000,4722.0000,4729.8000,4730.0000,4732.2000,4732.4000,4734.6000,1,1,1,1,3,1,1,1,5,1
SF,IC2006,2019-11-04 09:30:27.500,4729.0000,5568,0,23625520.000,0,-,-,-,-,4725.4000,4725.2000,4725.0000,4723.6000,4722.8000,4729.8000,4730.0000,4732.2000,4732.4000,4734.6000,1,1,1,1,1,1,1,1,5,1
SF,IC2006,2019-11-04 09:30:28.000,4729.8000,5568,0,24571480.000,1,0,1,多换,S,4725.6000,4725.4000,4725.0000,4723.6000,4723.2000,4729.4000,4730.0000,4732.2000,4732.4000,4733.0000,1,1,1,1,1,1,1,1,5,1
SF,IC2006,2019-11-04 09:30:28.500,4729.8000,5568,0,24571480.000,0,-,-,-,-,4725.6000,4725.0000,4723.6000,4723.2000,4722.8000,4729.4000,4730.0000,4732.2000,4732.4000,4734.6000,1,1,1,1,1,1,1,1,5,1
SF,IC2006,2019-11-04 09:30:29.000,4729.8000,5568,0,24571480.000,0,-,-,-,-,4725.6000,4723.6000,4723.2000,4722.8000,4722.0000,4730.0000,4732.2000,4732.4000,4734.6000,4736.4000,1,1,1,1,3,1,1,5,1,1
SF,IC2006,2019-11-04 09:30:29.500,4729.8000,5568,0,24571480.000,0,-,-,-,-,4725.6000,4723.6000,4723.2000,4722.8000,4722.0000,4728.8000,4729.8000,4730.0000,4732.2000,4732.4000,1,1,1,1,3,5,2,2,1,5
SF,IC2006,2019-11-04 09:30:30.000,4729.8000,5568,0,24571480.000,0,-,-,-,-,4725.6000,4723.6000,4723.2000,4722.8000,4722.0000,4728.8000,4729.8000,4730.0000,4732.2000,4732.4000,1,1,1,1,3,5,1,2,1,5
SF,IC2006,2019-11-04 09:30:30.500,4729.8000,5568,0,24571480.000,0,-,-,-,-,4723.6000,4723.2000,4722.8000,4722.0000,4721.0000,4728.8000,4730.0000,4732.2000,4732.4000,4734.6000,1,1,1,3,1,5,2,1,5,1
SF,IC2006,2019-11-04 09:30:31.000,4729.8000,5568,0,24571480.000,0,-,-,-,-,4723.8000,4723.6000,4723.2000,4722.8000,4722.0000,4728.6000,4728.8000,4730.0000,4732.2000,4732.4000,1,3,1,1,3,1,5,2,1,5
SF,IC2006,2019-11-04 09:30:32.000,4728.6000,5568,0,25517200.000,1,0,1,多换,S,4723.8000,4723.6000,4723.2000,4722.8000,4722.0000,4728.8000,4730.0000,4732.4000,4734.6000,4736.4000,1,3,1,1,3,5,2,5,1,1
SF,IC2006,2019-11-04 09:30:32.500,4728.6000,5568,0,25517200.000,0,-,-,-,-,4723.8000,4723.6000,4723.2000,4722.8000,4722.0000,4728.8000,4730.0000,4732.4000,4734.6000,4736.4000,1,3,1,1,3,6,2,5,1,1
SF,IC2006,2019-11-04 09:30:33.000,4728.6000,5568,0,25517200.000,0,-,-,-,-,4724.0000,4723.8000,4723.6000,4723.2000,4722.8000,4728.8000,4730.0000,4732.4000,4734.6000,4736.4000,1,1,2,1,1,6,2,5,1,1
SF,IC2006,2019-11-04 09:30:33.500,4728.6000,5568,0,25517200.000,0,-,-,-,-,4724.4000,4724.2000,4724.0000,4723.6000,4723.2000,4728.8000,4730.0000,4732.4000,4734.6000,4736.4000,1,1,2,2,1,6,2,5,1,1
SF,IC2006,2019-11-04 09:30:34.000,4728.6000,5568,0,25517200.000,0,-,-,-,-,4724.6000,4724.4000,4724.0000,4723.6000,4723.2000,4728.8000,4730.0000,4732.4000,4734.6000,4736.4000,1,1,2,2,1,6,2,5,1,1
SF,IC2006,2019-11-04 09:30:34.500,4728.6000,5568,0,25517200.000,0,-,-,-,-,4724.6000,4724.4000,4724.0000,4723.6000,4723.2000,4728.4000,4728.8000,4730.0000,4732.4000,4734.6000,1,1,1,2,1,1,6,2,5,1
SF,IC2006,2019-11-04 09:30:35.500,4728.6000,5568,0,25517200.000,0,-,-,-,-,4724.6000,4724.4000,4724.0000,4723.6000,4723.2000,4728.2000,4728.4000,4728.8000,4730.0000,4732.4000,1,1,1,2,1,1,1,6,2,5
SF,IC2006,2019-11-04 09:30:36.500,4728.6000,5568,0,25517200.000,0,-,-,-,-,4724.6000,4724.4000,4724.0000,4723.6000,4723.2000,4727.0000,4728.0000,4728.2000,4728.8000,4730.0000,1,1,1,2,1,1,1,1,6,2
SF,IC2006,2019-11-04 09:30:37.000,4728.6000,5568,0,25517200.000,0,-,-,-,-,4724.6000,4724.4000,4724.0000,4723.6000,4723.2000,4728.0000,4728.2000,4728.8000,4730.0000,4732.4000,1,1,1,2,1,1,1,6,2,5
SF,IC2006,2019-11-04 09:30:38.000,4728.6000,5568,0,25517200.000,0,-,-,-,-,4724.6000,4724.4000,4724.0000,4723.6000,4723.2000,4728.0000,4728.2000,4728.8000,4730.0000,4732.4000,1,1,1,2,1,1,1,6,2,5
SF,IC2006,2019-11-04 09:30:39.000,4728.6000,5568,0,25517200.000,0,-,-,-,-,4724.6000,4724.4000,4724.0000,4723.6000,4723.2000,4728.8000,4730.0000,4732.4000,4734.6000,4736.4000,1,1,1,2,1,6,2,5,1,1
SF,IC2006,2019-11-04 09:30:40.000,4728.6000,5568,0,25517200.000,0,-,-,-,-,4724.6000,4724.4000,4724.0000,4723.6000,4723.2000,4727.0000,4728.8000,4730.0000,4732.4000,4734.6000,2,1,1,2,1,1,6,2,5,1
SF,IC2006,2019-11-04 09:30:40.500,4728.6000,5568,0,25517200.000,0,-,-,-,-,4724.6000,4724.4000,4724.0000,4723.6000,4723.2000,4728.8000,4730.0000,4732.4000,4734.6000,4736.4000,2,1,1,2,1,6,2,5,1,1
SF,IC2006,2019-11-04 09:30:41.000,4728.6000,5568,0,26462920.000,1,0,1,多换,S,4724.6000,4724.4000,4724.0000,4723.6000,4723.2000,4728.8000,4730.0000,4732.4000,4734.6000,4736.4000,2,1,1,2,1,6,2,5,1,1
SF,IC2006,2019-11-04 09:30:41.500,4728.6000,5568,0,26462920.000,0,-,-,-,-,4724.6000,4724.4000,4724.0000,4723.6000,4723.2000,4728.6000,4728.8000,4730.0000,4732.4000,4734.6000,2,1,1,2,1,1,6,2,5,1
SF,IC2006,2019-11-04 09:30:42.000,4728.6000,5568,0,26462920.000,0,-,-,-,-,4724.6000,4724.4000,4724.0000,4723.6000,4723.2000,4727.0000,4728.6000,4728.8000,4730.0000,4732.4000,1,1,1,2,1,1,1,6,2,5
SF,IC2006,2019-11-04 09:30:43.000,4728.6000,5568,0,26462920.000,0,-,-,-,-,4724.6000,4724.4000,4724.0000,4723.6000,4723.2000,4728.6000,4728.8000,4730.0000,4732.4000,4734.6000,1,1,1,2,1,1,6,2,5,1
SF,IC2006,2019-11-04 09:30:44.000,4728.6000,5568,0,26462920.000,0,-,-,-,-,4725.2000,4724.6000,4724.4000,4724.0000,4723.6000,4727.0000,4728.6000,4728.8000,4730.0000,4732.4000,1,1,1,1,2,1,1,6,2,5
SF,IC2006,2019-11-04 09:30:45.000,4725.2000,5568,0,27407960.000,1,0,1,多换,S,4724.6000,4724.4000,4724.0000,4723.6000,4723.2000,4726.2000,4727.0000,4728.6000,4728.8000,4730.0000,1,1,1,2,1,1,1,1,6,2
SF,IC2006,2019-11-04 09:30:45.500,4724.6000,5567,-1,28352880.000,1,0,1,双平,S,4724.4000,4724.0000,4723.6000,4723.2000,4722.0000,4726.2000,4727.0000,4728.6000,4728.8000,4730.0000,1,1,2,1,2,1,1,1,6,2
SF,IC2006,2019-11-04 09:30:46.000,4724.6000,5567,0,28352880.000,0,-,-,-,-,4724.4000,4724.0000,4723.2000,4722.0000,4721.0000,4726.2000,4727.0000,4728.6000,4728.8000,4730.0000,1,1,1,2,1,1,1,1,6,2
SF,IC2006,2019-11-04 09:30:46.500,4724.6000,5567,0,28352880.000,0,-,-,-,-,4724.4000,4724.0000,4723.2000,4722.0000,4721.0000,4726.2000,4727.0000,4728.6000,4728.8000,4730.0000,1,1,1,2,1,1,1,1,6,2
SF,IC2006,2019-11-04 09:30:47.000,4724.6000,5567,0,28352880.000,0,-,-,-,-,4724.8000,4724.4000,4724.0000,4723.2000,4722.0000,4726.2000,4727.0000,4728.6000,4728.8000,4730.0000,2,1,1,1,2,1,1,1,6,2
SF,IC2006,2019-11-04 09:30:47.500,4726.2000,5567,0,29298120.000,1,0,1,多换,S,4726.2000,4724.8000,4724.4000,4724.0000,4723.2000,4728.6000,4728.8000,4730.0000,4732.4000,4734.6000,1,2,1,1,1,1,6,2,5,1
SF,IC2006,2019-11-04 09:30:48.000,4726.2000,5567,0,29298120.000,0,-,-,-,-,4726.2000,4724.4000,4724.0000,4723.2000,4722.0000,4728.6000,4728.8000,4730.0000,4732.4000,4734.6000,1,1,1,1,2,1,6,2,5,1
SF,IC2006,2019-11-04 09:30:48.500,4726.2000,5567,0,29298120.000,0,-,-,-,-,4726.6000,4724.4000,4724.0000,4722.0000,4721.0000,4728.8000,4730.0000,4732.4000,4734.6000,4736.4000,1,1,1,2,1,6,2,5,1,1
SF,IC2006,2019-11-04 09:30:49.000,4726.2000,5567,0,29298120.000,0,-,-,-,-,4726.6000,4724.4000,4724.0000,4722.0000,4721.0000,4728.8000,4730.0000,4732.4000,4734.6000,4736.4000,2,1,1,2,1,6,2,5,1,1
SF,IC2006,2019-11-04 09:30:49.500,4726.2000,5567,0,29298120.000,0,-,-,-,-,4726.6000,4724.4000,4724.0000,4722.0000,4721.0000,4728.8000,4730.0000,4732.4000,4734.6000,4736.4000,1,1,1,2,1,6,2,5,1,1
SF,IC2006,2019-11-04 09:30:50.000,4726.2000,5567,0,29298120.000,0,-,-,-,-,4727.0000,4726.6000,4724.4000,4724.0000,4722.0000,4728.8000,4730.0000,4732.4000,4734.6000,4736.4000,1,1,1,1,2,6,1,5,1,1
SF,IC2006,2019-11-04 09:30:51.000,4726.2000,5567,0,29298120.000,0,-,-,-,-,4727.4000,4726.6000,4724.4000,4724.0000,4722.0000,4728.8000,4730.0000,4732.4000,4734.6000,4736.4000,1,1,1,1,2,6,1,5,1,1
SF,IC2006,2019-11-04 09:30:51.500,4727.4000,5567,0,30243600.000,1,0,1,多换,S,4726.6000,4724.4000,4724.0000,4722.0000,4721.0000,4728.8000,4730.0000,4732.4000,4734.6000,4736.4000,1,1,1,2,1,6,1,5,1,1
SF,IC2006,2019-11-04 09:30:52.000,4726.6000,5566,-1,31188920.000,1,0,1,双平,S,4724.4000,4724.0000,4722.0000,4721.0000,4715.0000,4728.8000,4730.0000,4732.4000,4734.6000,4736.4000,1,1,2,1,1,6,1,5,1,1
SF,IC2006,2019-11-04 09:30:52.500,4726.6000,5566,0,31188920.000,0,-,-,-,-,4726.6000,4724.4000,4724.0000,4722.0000,4721.0000,4728.8000,4730.0000,4732.4000,4734.6000,4736.4000,2,1,1,2,1,6,1,5,1,1
SF,IC2006,2019-11-04 09:30:53.000,4726.6000,5566,0,31188920.000,0,-,-,-,-,4726.6000,4724.4000,4724.0000,4722.0000,4721.0000,4728.8000,4730.0000,4732.4000,4734.6000,4736.4000,2,1,1,2,1,7,1,5,1,1
SF,IC2006,2019-11-04 09:30:57.500,4726.6000,5566,0,31188920.000,0,-,-,-,-,4726.6000,4724.4000,4724.0000,4722.0000,4721.0000,4728.8000,4730.0000,4732.4000,4733.0000,4734.6000,2,1,1,2,1,7,1,5,1,1
SF,IC2006,2019-11-04 09:30:59.000,4726.6000,5566,0,31188920.000,0,-,-,-,-,4726.6000,4724.4000,4724.0000,4722.0000,4721.0000,4728.8000,4730.0000,4732.4000,4733.0000,4734.6000,2,1,1,1,1,7,1,5,1,1
SF,IC2006,2019-11-04 09:31:00.500,4728.8000,5567,1,33080000.000,2,1,1,空开,S,4726.6000,4724.4000,4724.0000,4722.0000,4721.0000,4728.8000,4730.0000,4732.4000,4733.0000,4734.6000,1,1,1,1,1,6,1,5,1,1
SF,IC2006,2019-11-04 09:31:01.000,4728.8000,5567,0,33080000.000,0,-,-,-,-,4726.8000,4724.4000,4724.0000,4722.0000,4721.0000,4728.8000,4730.0000,4732.4000,4733.0000,4734.6000,1,1,1,1,1,6,1,5,1,1
SF,IC2006,2019-11-04 09:31:01.500,4728.8000,5567,0,33080000.000,0,-,-,-,-,4724.4000,4724.0000,4722.0000,4721.0000,4715.0000,4728.8000,4730.0000,4732.4000,4733.0000,4734.6000,1,1,1,1,1,6,1,5,1,1
SF,IC2006,2019-11-04 09:31:02.000,4728.8000,5567,0,33080000.000,0,-,-,-,-,4726.6000,4724.4000,4724.0000,4722.0000,4721.0000,4728.8000,4730.0000,4732.4000,4733.0000,4734.6000,1,1,1,1,1,6,1,5,1,1
SF,IC2006,2019-11-04 09:31:04.000,4726.6000,5566,-1,34025320.000,1,0,1,双平,S,4724.4000,4724.0000,4722.0000,4721.0000,4715.0000,4728.8000,4730.0000,4732.4000,4733.0000,4734.6000,1,1,1,1,1,6,1,5,1,1
SF,IC2006,2019-11-04 09:31:04.500,4726.6000,5566,0,34025320.000,0,-,-,-,-,4724.4000,4724.0000,4722.0000,4721.0000,4715.0000,4728.8000,4730.0000,4732.4000,4733.0000,4734.6000,1,1,1,1,1,7,1,5,1,1
SF,IC2006,2019-11-04 09:31:05.000,4726.6000,5566,0,34025320.000,0,-,-,-,-,4724.4000,4724.0000,4722.0000,4721.0000,4715.0000,4728.8000,4730.0000,4732.4000,4734.6000,4736.4000,1,1,1,1,1,7,1,5,1,1
SF,IC2006,2019-11-04 09:31:09.000,4728.8000,5567,1,34971080.000,1,1,0,双开,S,4724.4000,4724.0000,4722.0000,4721.0000,4715.0000,4728.8000,4730.0000,4732.4000,4734.6000,4736.4000,1,1,1,1,1,6,1,5,1,1
SF,IC2006,2019-11-04 09:31:09.500,4728.8000,5567,0,34971080.000,0,-,-,-,-,4724.4000,4724.0000,4722.0000,4721.0000,4715.0000,4728.0000,4728.8000,4730.0000,4732.4000,4734.6000,1,1,1,1,1,1,6,1,5,1
SF,IC2006,2019-11-04 09:31:10.000,4728.8000,5567,0,34971080.000,0,-,-,-,-,4724.4000,4724.0000,4722.0000,4721.0000,4715.0000,4728.0000,4728.8000,4730.0000,4732.4000,4734.6000,1,1,1,1,1,1,5,1,5,1
SF,IC2006,2019-11-04 09:31:10.500,4728.8000,5567,0,34971080.000,0,-,-,-,-,4724.4000,4724.0000,4722.0000,4721.0000,4715.0000,4728.0000,4728.8000,4730.0000,4732.4000,4734.6000,1,1,1,1,1,2,5,1,5,1
SF,IC2006,2019-11-04 09:31:11.500,4728.0000,5566,-1,35916680.000,1,0,1,双平,S,4724.4000,4724.0000,4722.0000,4721.0000,4715.0000,4728.0000,4728.8000,4730.0000,4732.4000,4734.6000,1,1,1,1,1,1,5,1,5,1
SF,IC2006,2019-11-04 09:31:12.500,4728.0000,5566,0,36862280.000,1,0,1,多换,S,4728.0000,4724.6000,4724.4000,4724.0000,4722.0000,4728.8000,4730.0000,4732.4000,4734.6000,4736.4000,1,2,1,1,1,5,1,5,1,1
SF,IC2006,2019-11-04 09:31:13.000,4728.0000,5566,0,36862280.000,0,-,-,-,-,4724.6000,4724.4000,4724.0000,4722.0000,4721.0000,4728.8000,4730.0000,4732.4000,4734.6000,4736.4000,2,1,1,1,1,5,1,5,1,1
SF,IC2006,2019-11-04 09:31:13.500,4728.0000,5566,0,36862280.000,0,-,-,-,-,4728.0000,4724.6000,4724.4000,4724.0000,4722.0000,4728.8000,4730.0000,4732.4000,4734.6000,4736.4000,1,2,1,1,1,5,1,5,1,1
SF,IC2006,2019-11-04 09:31:14.000,4728.0000,5567,1,37807880.000,1,1,0,双开,S,4724.6000,4724.4000,4724.0000,4722.0000,4721.0000,4728.8000,4730.0000,4732.4000,4734.6000,4736.4000,2,1,1,1,1,5,1,5,1,1
SF,IC2006,2019-11-04 09:31:14.500,4728.0000,5567,0,37807880.000,0,-,-,-,-,4724.6000,4724.4000,4724.0000,4722.0000,4721.0000,4727.8000,4728.8000,4730.0000,4732.4000,4734.6000,2,1,1,1,1,1,5,1,5,1
SF,IC2006,2019-11-04 09:31:15.000,4727.8000,5566,-1,38753440.000,1,0,1,双平,S,4724.6000,4724.4000,4724.0000,4722.0000,4721.0000,4728.8000,4730.0000,4732.4000,4734.6000,4736.4000,2,1,1,1,1,5,1,5,1,1
SF,IC2006,2019-11-04 09:31:17.000,4727.8000,5566,0,38753440.000,0,-,-,-,-,4724.6000,4724.4000,4724.0000,4722.0000,4721.2000,4727.8000,4728.8000,4730.0000,4732.4000,4734.6000,2,1,1,1,5,2,5,1,5,1
SF,IC2006,2019-11-04 09:31:17.500,4727.8000,5566,0,40644560.000,2,1,1,多换,S,4724.6000,4724.4000,4724.0000,4722.0000,4721.0000,4728.8000,4730.0000,4732.4000,4734.6000,4736.4000,2,1,1,1,1,5,1,5,1,1
SF,IC2006,2019-11-04 09:31:18.500,4727.8000,5566,0,40644560.000,0,-,-,-,-,4724.6000,4724.0000,4722.0000,4721.0000,4715.4000,4728.8000,4730.0000,4732.4000,4734.6000,4736.4000,2,1,1,1,5,5,1,5,1,1
SF,IC2006,2019-11-04 09:31:19.000,4728.8000,5567,1,43481840.000,3,2,1,空开,S,4725.0000,4724.6000,4722.0000,4721.0000,4715.4000,4728.8000,4730.0000,4732.4000,4734.6000,4736.4000,1,2,1,1,5,2,1,5,1,1
SF,IC2006,2019-11-04 09:31:20.000,4728.8000,5567,0,44427600.000,1,0,1,多换,S,4725.0000,4724.6000,4722.0000,4721.0000,4715.4000,4728.8000,4730.0000,4732.4000,4734.6000,4736.4000,1,2,1,1,5,1,1,5,1,1
SF,IC2006,2019-11-04 09:31:21.500,4728.8000,5567,0,44427600.000,0,-,-,-,-,4725.0000,4724.6000,4722.0000,4721.0000,4715.4000,4728.8000,4730.0000,4732.4000,4734.6000,4736.4000,1,2,1,1,5,1,1,5,1,1
SF,IC2006,2019-11-04 09:31:22.000,4728.8000,5567,0,44427600.000,0,-,-,-,-,4725.0000,4724.6000,4722.0000,4721.0000,4715.4000,4728.0000,4728.8000,4730.0000,4732.4000,4733.6000,2,2,1,1,5,1,1,1,5,1
SF,IC2006,2019-11-04 09:31:22.500,4728.0000,5567,0,45373200.000,1,0,1,多换,S,4725.0000,4724.6000,4722.0000,4721.0000,4715.4000,4728.8000,4730.0000,4732.4000,4733.6000,4734.6000,2,2,1,1,5,1,1,5,1,1
SF,IC2006,2019-11-04 09:31:23.000,4728.0000,5567,0,45373200.000,0,-,-,-,-,4725.0000,4724.6000,4722.0000,4721.0000,4715.4000,4728.8000,4730.0000,4732.4000,4733.6000,4734.6000,2,2,1,1,5,2,1,5,1,1
SF,IC2006,2019-11-04 09:31:24.500,4728.0000,5567,0,45373200.000,0,-,-,-,-,4725.2000,4725.0000,4724.6000,4722.0000,4721.0000,4728.8000,4730.0000,4732.4000,4733.6000,4734.6000,1,2,2,1,1,2,1,5,1,1
SF,IC2006,2019-11-04 09:31:25.000,4728.8000,5568,1,46318960.000,1,1,0,双开,S,4725.2000,4725.0000,4724.6000,4722.0000,4721.0000,4728.8000,4730.0000,4732.4000,4733.6000,4734.6000,1,2,2,1,1,1,1,5,1,1
SF,IC2006,2019-11-04 09:31:26.000,4728.8000,5568,0,46318960.000,0,-,-,-,-,4725.2000,4725.0000,4724.6000,4722.0000,4721.0000,4728.8000,4730.0000,4732.4000,4733.6000,4734.6000,1,1,2,1,1,1,1,5,1,1
SF,IC2006,2019-11-04 09:31:27.000,4728.8000,5568,0,46318960.000,0,-,-,-,-,4727.0000,4725.2000,4725.0000,4724.6000,4722.0000,4728.8000,4730.0000,4732.4000,4733.6000,4734.6000,1,1,1,2,1,1,1,5,1,1
SF,IC2006,2019-11-04 09:31:27.500,4728.8000,5568,0,46318960.000,0,-,-,-,-,4725.2000,4725.0000,4724.6000,4722.0000,4721.0000,4728.8000,4730.0000,4732.4000,4733.6000,4734.6000,1,1,2,1,1,1,1,5,1,1
SF,IC2006,2019-11-04 09:31:28.500,4728.8000,5569,1,47264720.000,1,1,0,双开,S,4725.2000,4725.0000,4724.6000,4722.0000,4721.0000,4730.0000,4732.4000,4733.6000,4734.6000,4736.4000,1,1,2,1,1,1,5,1,1,1
SF,IC2006,2019-11-04 09:31:29.500,4728.8000,5569,0,47264720.000,0,-,-,-,-,4727.0000,4725.6000,4725.2000,4725.0000,4724.6000,4730.0000,4732.4000,4733.6000,4734.6000,4736.4000,1,1,1,1,2,1,5,1,1,1
SF,IC2006,2019-11-04 09:31:30.000,4728.8000,5569,0,47264720.000,0,-,-,-,-,4728.8000,4725.6000,4725.4000,4725.2000,4725.0000,4730.0000,4732.4000,4733.6000,4734.6000,4736.4000,6,1,1,1,1,1,5,1,1,1
SF,IC2006,2019-11-04 09:31:30.500,4728.8000,5569,0,49156240.000,2,1,1,多换,S,4728.8000,4725.4000,4725.2000,4725.0000,4724.6000,4730.0000,4732.4000,4734.6000,4736.4000,4738.6000,4,1,1,1,2,1,5,1,1,5
SF,IC2006,2019-11-04 09:31:31.000,4730.0000,5569,0,50102240.000,1,0,1,多换,S,4728.8000,4725.4000,4725.2000,4725.0000,4724.6000,4732.4000,4734.6000,4736.4000,4738.6000,4740.0000,4,1,1,1,2,5,1,1,5,1
SF,IC2006,2019-11-04 09:31:31.500,4730.0000,5569,0,50102240.000,0,-,-,-,-,4728.8000,4725.4000,4725.2000,4725.0000,4724.6000,4730.0000,4732.4000,4734.6000,4735.4000,4736.4000,4,1,1,1,2,1,5,1,2,1
SF,IC2006,2019-11-04 09:31:32.500,4730.0000,5570,1,51048240.000,1,1,0,双开,S,4728.8000,4725.4000,4725.2000,4725.0000,4724.6000,4732.4000,4734.6000,4735.4000,4736.4000,4738.6000,4,1,1,1,2,5,1,2,1,5
SF,IC2006,2019-11-04 09:31:33.000,4730.0000,5570,0,51048240.000,0,-,-,-,-,4728.8000,4725.4000,4725.2000,4725.0000,4724.6000,4732.2000,4732.4000,4734.6000,4735.4000,4736.4000,5,1,1,1,2,1,5,1,2,1
SF,IC2006,2019-11-04 09:31:33.500,4730.0000,5570,0,51048240.000,0,-,-,-,-,4728.8000,4725.4000,4725.0000,4724.6000,4722.0000,4732.2000,4732.4000,4734.6000,4735.4000,4736.4000,5,1,1,2,1,1,5,1,2,1
SF,IC2006,2019-11-04 09:31:36.500,4732.2000,5570,0,51994680.000,1,0,1,多换,S,4728.8000,4725.4000,4725.0000,4724.6000,4722.0000,4732.4000,4734.6000,4735.4000,4736.4000,4738.6000,5,1,1,2,1,5,1,2,1,5
SF,IC2006,2019-11-04 09:31:37.000,4732.2000,5570,0,51994680.000,0,-,-,-,-,4728.8000,4725.4000,4725.0000,4724.6000,4722.0000,4732.2000,4732.4000,4734.6000,4735.4000,4736.4000,5,1,1,2,1,1,5,1,2,1
SF,IC2006,2019-11-04 09:31:37.500,4728.8000,5565,-5,56723520.000,5,0,5,双平,S,4728.8000,4725.4000,4725.0000,4724.6000,4722.0000,4732.2000,4732.4000,4734.6000,4735.4000,4736.4000,1,1,1,2,1,2,5,1,2,1
SF,IC2006,2019-11-04 09:31:38.000,4728.8000,5565,0,56723520.000,0,-,-,-,-,4728.8000,4725.4000,4725.0000,4724.6000,4722.0000,4732.0000,4732.2000,4732.4000,4734.6000,4735.4000,1,1,1,2,1,1,1,5,1,2
SF,IC2006,2019-11-04 09:31:38.500,4728.8000,5565,0,56723520.000,0,-,-,-,-,4728.8000,4725.4000,4725.0000,4724.6000,4722.0000,4732.0000,4732.4000,4734.6000,4735.4000,4736.4000,1,1,1,2,1,1,5,1,2,1
SF,IC2006,2019-11-04 09:31:39.000,4728.8000,5565,0,56723520.000,0,-,-,-,-,4728.8000,4725.4000,4725.0000,4724.6000,4722.0000,4731.8000,4732.4000,4734.6000,4735.4000,4736.4000,1,1,1,2,1,1,5,1,2,1
SF,IC2006,2019-11-04 09:31:40.000,4728.8000,5565,0,56723520.000,0,-,-,-,-,4728.8000,4725.4000,4725.0000,4724.6000,4722.0000,4731.8000,4732.4000,4734.6000,4735.4000,4736.4000,1,1,1,2,1,1,5,1,2,1
SF,IC2006,2019-11-04 09:31:40.500,4728.8000,5565,0,56723520.000,0,-,-,-,-,4729.0000,4728.8000,4725.4000,4725.0000,4724.6000,4731.8000,4732.4000,4734.6000,4735.4000,4736.4000,1,1,1,1,2,1,5,1,2,1
SF,IC2006,2019-11-04 09:31:47.000,4729.0000,5566,1,57669320.000,1,1,0,双开,S,4728.8000,4725.4000,4725.0000,4724.6000,4722.0000,4731.8000,4732.4000,4734.6000,4735.4000,4736.4000,1,1,1,2,1,1,5,1,2,1
SF,IC2006,2019-11-04 09:31:47.500,4729.0000,5566,0,57669320.000,0,-,-,-,-,4728.8000,4725.4000,4725.0000,4724.6000,4721.0000,4731.8000,4732.4000,4734.6000,4735.4000,4736.4000,1,1,1,2,1,1,5,1,2,1
SF,IC2006,2019-11-04 09:31:49.000,4729.0000,5566,0,57669320.000,0,-,-,-,-,4728.8000,4725.4000,4725.0000,4724.6000,4721.0000,4731.6000,4731.8000,4732.4000,4734.6000,4735.4000,1,1,1,2,1,1,1,5,1,2
SF,IC2006,2019-11-04 09:31:49.500,4729.0000,5566,0,57669320.000,0,-,-,-,-,4728.8000,4725.4000,4725.0000,4724.6000,4721.0000,4731.6000,4732.4000,4734.6000,4735.4000,4736.4000,1,1,1,2,1,2,5,1,2,1
SF,IC2006,2019-11-04 09:31:50.000,4728.8000,5565,-1,58615080.000,1,0,1,双平,S,4725.4000,4725.0000,4724.6000,4721.0000,4715.4000,4731.6000,4732.4000,4734.6000,4735.4000,4736.4000,1,1,2,1,5,1,5,1,2,1
SF,IC2006,2019-11-04 09:31:50.500,4728.8000,5565,0,58615080.000,0,-,-,-,-,4725.6000,4725.4000,4725.0000,4724.6000,4721.0000,4731.4000,4731.6000,4732.4000,4734.6000,4735.4000,1,1,1,2,1,1,1,5,1,2
SF,IC2006,2019-11-04 09:31:51.000,4731.4000,5565,0,59561360.000,1,0,1,多换,S,4725.6000,4725.4000,4725.0000,4724.6000,4721.0000,4731.6000,4732.4000,4734.6000,4735.4000,4736.4000,1,1,1,2,1,1,5,1,2,1
SF,IC2006,2019-11-04 09:31:54.500,4731.4000,5565,0,59561360.000,0,-,-,-,-,4726.0000,4725.6000,4725.4000,4724.6000,4721.0000,4731.6000,4732.4000,4734.6000,4735.4000,4736.4000,1,1,1,2,1,1,5,1,2,1
SF,IC2006,2019-11-04 09:31:55.000,4731.4000,5565,0,59561360.000,0,-,-,-,-,4726.0000,4725.4000,4724.6000,4721.0000,4715.4000,4731.6000,4732.4000,4734.6000,4735.4000,4736.4000,1,1,2,1,5,1,5,1,2,1
SF,IC2006,2019-11-04 09:31:55.500,4731.4000,5565,0,59561360.000,0,-,-,-,-,4726.2000,4726.0000,4725.4000,4724.6000,4721.0000,4732.4000,4734.6000,4735.4000,4736.4000,4738.6000,1,1,1,2,1,5,1,2,1,7
SF,IC2006,2019-11-04 09:31:56.500,4731.4000,5565,0,59561360.000,0,-,-,-,-,4726.6000,4726.2000,4726.0000,4725.4000,4724.6000,4732.4000,4734.6000,4735.4000,4736.4000,4738.6000,1,1,1,1,2,5,1,2,1,7
SF,IC2006,2019-11-04 09:31:57.000,4731.4000,5565,0,59561360.000,0,-,-,-,-,4726.6000,4726.0000,4725.4000,4724.6000,4721.0000,4732.2000,4732.4000,4734.6000,4735.4000,4736.4000,1,1,1,2,1,1,5,1,2,1
SF,IC2006,2019-11-04 09:31:57.500,4731.4000,5565,0,59561360.000,0,-,-,-,-,4726.8000,4726.6000,4726.0000,4725.4000,4724.6000,4732.0000,4732.4000,4734.6000,4735.4000,4736.4000,1,1,1,1,2,1,5,1,2,1
SF,IC2006,2019-11-04 09:31:58.000,4731.4000,5565,0,59561360.000,0,-,-,-,-,4726.8000,4726.0000,4725.4000,4724.6000,4721.0000,4732.0000,4732.4000,4734.6000,4735.4000,4736.4000,1,1,1,2,1,1,5,1,2,1
SF,IC2006,2019-11-04 09:31:59.500,4731.4000,5565,0,59561360.000,0,-,-,-,-,4726.8000,4726.0000,4725.4000,4724.6000,4721.0000,4731.8000,4732.0000,4732.4000,4734.6000,4735.4000,1,1,1,2,1,2,1,5,1,2
SF,IC2006,2019-11-04 09:32:00.500,4726.8000,5565,0,60506720.000,1,0,1,多换,S,4726.0000,4725.4000,4724.6000,4721.0000,4715.4000,4731.8000,4732.0000,4732.4000,4734.6000,4735.4000,1,1,2,1,5,2,1,5,1,2
SF,IC2006,2019-11-04 09:32:01.000,4726.8000,5565,0,60506720.000,0,-,-,-,-,4726.0000,4725.4000,4724.6000,4721.0000,4715.4000,4731.8000,4732.4000,4734.6000,4735.4000,4736.4000,1,1,2,1,5,2,5,1,2,1
SF,IC2006,2019-11-04 09:32:02.000,4726.8000,5565,0,60506720.000,0,-,-,-,-,4726.0000,4725.4000,4724.6000,4721.0000,4715.4000,4731.4000,4731.8000,4732.4000,4734.6000,4735.4000,1,1,2,1,5,1,2,5,1,2
SF,IC2006,2019-11-04 09:32:02.500,4726.8000,5565,0,60506720.000,0,-,-,-,-,4726.0000,4725.4000,4724.6000,4721.0000,4715.4000,4731.4000,4731.6000,4731.8000,4732.4000,4734.6000,1,1,2,1,5,1,1,2,5,1
SF,IC2006,2019-11-04 09:32:03.000,4726.8000,5565,0,60506720.000,0,-,-,-,-,4726.0000,4725.4000,4724.6000,4721.0000,4715.4000,4731.2000,4731.4000,4731.6000,4732.4000,4734.6000,1,1,2,1,5,2,1,1,5,1
SF,IC2006,2019-11-04 09:32:03.500,4726.8000,5565,0,60506720.000,0,-,-,-,-,4726.6000,4726.2000,4726.0000,4725.4000,4724.6000,4731.2000,4731.6000,4732.4000,4734.6000,4735.4000,1,1,1,1,2,2,1,5,1,2
SF,IC2006,2019-11-04 09:32:04.000,4726.8000,5565,0,60506720.000,0,-,-,-,-,4726.6000,4726.2000,4726.0000,4725.4000,4724.6000,4731.2000,4732.4000,4734.6000,4735.4000,4736.4000,1,1,1,1,2,1,5,1,2,1
SF,IC2006,2019-11-04 09:32:05.500,4726.8000,5565,0,60506720.000,0,-,-,-,-,4726.0000,4725.4000,4724.6000,4721.0000,4715.4000,4731.2000,4732.4000,4734.6000,4735.4000,4736.4000,1,1,2,1,5,1,5,1,2,1
SF,IC2006,2019-11-04 09:32:06.000,4726.8000,5565,0,60506720.000,0,-,-,-,-,4726.8000,4726.0000,4725.4000,4724.6000,4721.0000,4731.2000,4732.4000,4734.6000,4735.4000,4736.4000,1,1,1,2,1,1,5,1,2,1
SF,IC2006,2019-11-04 09:32:09.000,4726.8000,5565,0,60506720.000,0,-,-,-,-,4726.8000,4726.0000,4725.4000,4724.6000,4721.0000,4732.4000,4734.6000,4735.4000,4736.4000,4738.6000,1,1,1,2,1,5,1,2,1,7
SF,IC2006,2019-11-04 09:32:11.500,4726.8000,5565,0,60506720.000,0,-,-,-,-,4726.8000,4726.0000,4725.4000,4724.6000,4721.0000,4732.4000,4734.6000,4735.4000,4736.4000,4738.6000,1,1,1,2,1,5,1,2,1,7
SF,IC2006,2019-11-04 09:32:12.000,4726.8000,5565,0,60506720.000,0,-,-,-,-,4726.8000,4726.0000,4725.4000,4724.6000,4721.0000,4732.4000,4734.6000,4735.4000,4736.4000,4738.6000,1,1,1,2,1,5,1,2,1,7
SF,IC2006,2019-11-04 09:32:12.500,4726.8000,5565,0,60506720.000,0,-,-,-,-,4726.8000,4726.0000,4725.4000,4724.6000,4721.0000,4731.0000,4732.4000,4734.6000,4735.4000,4736.4000,1,1,1,2,1,1,5,1,2,1
SF,IC2006,2019-11-04 09:32:13.000,4726.8000,5565,0,60506720.000,0,-,-,-,-,4726.0000,4725.4000,4724.6000,4721.0000,4716.0000,4731.0000,4732.0000,4732.4000,4734.6000,4735.4000,1,1,2,1,2,2,1,5,1,2
SF,IC2006,2019-11-04 09:32:13.500,4726.8000,5565,0,60506720.000,0,-,-,-,-,4727.0000,4726.0000,4725.4000,4724.6000,4721.0000,4731.0000,4732.0000,4732.4000,4734.6000,4735.4000,1,1,1,2,1,2,1,5,1,2
SF,IC2006,2019-11-04 09:32:15.000,4726.8000,5565,0,60506720.000,0,-,-,-,-,4727.0000,4726.0000,4725.4000,4724.6000,4721.0000,4730.0000,4731.0000,4732.4000,4734.6000,4735.4000,1,1,1,2,1,1,2,5,1,2
SF,IC2006,2019-11-04 09:32:15.500,4726.8000,5565,0,60506720.000,0,-,-,-,-,4727.0000,4726.0000,4725.4000,4724.6000,4721.0000,4730.8000,4731.0000,4732.4000,4734.6000,4735.4000,1,1,1,2,1,2,2,5,1,2
SF,IC2006,2019-11-04 09:32:16.000,4726.8000,5565,0,60506720.000,0,-,-,-,-,4727.0000,4726.8000,4726.0000,4725.4000,4724.6000,4730.8000,4731.0000,4732.4000,4734.6000,4735.4000,1,1,1,1,2,1,2,5,1,2
SF,IC2006,2019-11-04 09:32:17.000,4726.8000,5565,0,60506720.000,0,-,-,-,-,4730.0000,4727.0000,4726.8000,4726.0000,4725.4000,4731.0000,4732.4000,4734.6000,4735.4000,4736.4000,1,1,1,1,1,2,5,1,2,1
SF,IC2006,2019-11-04 09:32:17.500,4730.0000,5566,1,61452720.000,1,1,0,双开,S,4727.0000,4726.8000,4726.0000,4725.4000,4721.0000,4731.0000,4732.4000,4734.6000,4735.4000,4736.4000,1,1,1,1,1,2,5,1,2,1
SF,IC2006,2019-11-04 09:32:20.000,4730.0000,5566,0,61452720.000,0,-,-,-,-,4727.4000,4727.0000,4726.8000,4726.0000,4725.4000,4731.0000,4732.4000,4734.6000,4735.4000,4736.4000,2,1,1,1,1,2,5,1,2,1
SF,IC2006,2019-11-04 09:32:20.500,4730.0000,5566,0,61452720.000,0,-,-,-,-,4727.6000,4727.4000,4727.0000,4726.8000,4726.0000,4731.0000,4732.4000,4734.6000,4735.4000,4736.4000,1,2,1,1,1,2,5,1,2,1
SF,IC2006,2019-11-04 09:32:21.000,4730.0000,5566,0,61452720.000,0,-,-,-,-,4727.4000,4727.0000,4726.0000,4725.4000,4721.0000,4731.0000,4732.4000,4734.6000,4735.4000,4736.4000,2,1,1,1,1,2,5,1,2,1
SF,IC2006,2019-11-04 09:32:22.000,4730.0000,5566,0,61452720.000,0,-,-,-,-,4727.4000,4727.0000,4726.0000,4725.4000,4721.0000,4730.6000,4731.0000,4732.4000,4734.6000,4735.4000,2,1,1,1,1,1,2,5,1,2
SF,IC2006,2019-11-04 09:32:25.000,4730.0000,5566,0,61452720.000,0,-,-,-,-,4727.6000,4727.4000,4727.0000,4726.0000,4725.4000,4730.6000,4731.0000,4732.4000,4734.6000,4735.4000,1,2,1,1,1,1,2,5,1,2
SF,IC2006,2019-11-04 09:32:26.000,4730.0000,5566,0,61452720.000,0,-,-,-,-,4727.4000,4727.0000,4726.0000,4725.4000,4721.0000,4730.6000,4731.0000,4732.4000,4734.6000,4735.4000,2,1,1,1,1,1,2,5,1,2
SF,IC2006,2019-11-04 09:32:28.500,4730.0000,5566,0,61452720.000,0,-,-,-,-,4727.4000,4727.0000,4725.4000,4721.0000,4716.0000,4730.6000,4731.0000,4732.4000,4734.6000,4735.4000,2,1,1,1,2,1,2,5,1,2
SF,IC2006,2019-11-04 09:32:29.000,4730.0000,5566,0,61452720.000,0,-,-,-,-,4727.8000,4727.6000,4727.4000,4727.0000,4725.4000,4730.6000,4731.0000,4732.4000,4734.6000,4735.4000,1,1,2,1,1,1,2,5,1,2
SF,IC2006,2019-11-04 09:32:29.500,4730.0000,5566,0,61452720.000,0,-,-,-,-,4727.8000,4727.4000,4727.0000,4725.4000,4721.0000,4730.6000,4731.0000,4732.4000,4734.6000,4735.4000,1,2,1,1,1,1,2,5,1,2
SF,IC2006,2019-11-04 09:32:30.000,4727.8000,5566,0,62398280.000,1,0,1,多换,S,4727.4000,4727.0000,4725.4000,4721.0000,4716.0000,4727.8000,4730.4000,4730.6000,4731.0000,4732.4000,2,1,1,1,2,1,1,1,2,5
SF,IC2006,2019-11-04 09:32:30.500,4727.8000,5567,1,64289400.000,2,1,1,空开,S,4727.8000,4727.4000,4727.0000,4725.4000,4721.0000,4730.6000,4731.0000,4732.4000,4734.6000,4735.4000,1,2,1,1,1,1,2,5,1,2
SF,IC2006,2019-11-04 09:32:31.000,4727.8000,5567,0,64289400.000,0,-,-,-,-,4727.8000,4727.4000,4727.0000,4725.4000,4721.0000,4730.4000,4730.6000,4731.0000,4732.4000,4734.6000,1,2,1,1,1,1,1,2,5,1
SF,IC2006,2019-11-04 09:32:31.500,4727.8000,5568,1,65234960.000,1,1,0,双开,S,4727.4000,4727.0000,4725.4000,4721.0000,4716.0000,4730.4000,4730.6000,4731.0000,4732.4000,4734.6000,2,1,1,1,2,1,1,2,5,1
SF,IC2006,2019-11-04 09:32:33.000,4727.4000,5568,0,66180440.000,1,0,1,多换,S,4727.4000,4727.0000,4725.4000,4721.0000,4716.0000,4730.4000,4730.6000,4731.0000,4732.4000,4734.6000,1,1,1,1,2,1,1,2,5,1
SF,IC2006,2019-11-04 09:32:33.500,4727.4000,5568,0,66180440.000,0,-,-,-,-,4727.0000,4725.4000,4721.0000,4716.0000,4715.4000,4727.4000,4730.0000,4730.4000,4730.6000,4731.0000,1,1,1,2,5,1,1,1,1,2
SF,IC2006,2019-11-04 09:32:34.000,4727.4000,5568,0,66180440.000,0,-,-,-,-,4727.0000,4725.4000,4721.0000,4716.0000,4715.4000,4727.4000,4730.0000,4730.2000,4730.6000,4731.0000,1,1,1,2,5,1,1,2,1,2
SF,IC2006,2019-11-04 09:32:34.500,4727.0000,5569,1,67125840.000,1,1,0,双开,S,4725.4000,4721.0000,4716.0000,4715.4000,4715.0000,4727.4000,4730.0000,4730.2000,4731.0000,4732.4000,1,1,2,5,1,1,1,2,2,5
SF,IC2006,2019-11-04 09:32:35.000,4727.0000,5569,0,67125840.000,0,-,-,-,-,4725.6000,4725.4000,4721.0000,4716.0000,4715.4000,4727.4000,4730.0000,4730.2000,4731.0000,4732.4000,1,1,1,2,5,1,1,2,2,5
SF,IC2006,2019-11-04 09:32:38.000,4727.0000,5569,0,67125840.000,0,-,-,-,-,4725.6000,4725.4000,4721.0000,4716.0000,4715.4000,4727.4000,4729.8000,4730.0000,4730.2000,4731.0000,1,1,1,2,5,1,1,1,2,2
SF,IC2006,2019-11-04 09:32:42.000,4725.6000,5568,-1,68070960.000,1,0,1,双平,S,4725.4000,4724.6000,4721.0000,4716.0000,4715.4000,4725.6000,4728.8000,4729.8000,4730.0000,4730.2000,1,1,1,2,5,4,1,1,1,2
SF,IC2006,2019-11-04 09:32:42.500,4725.6000,5567,-1,71851440.000,4,1,3,多平,S,4725.6000,4725.4000,4721.0000,4716.0000,4715.4000,4729.8000,4730.2000,4731.0000,4732.4000,4734.6000,1,1,1,2,5,1,2,2,5,1
SF,IC2006,2019-11-04 09:32:43.000,4725.6000,5567,0,72796560.000,1,0,1,多换,S,4725.6000,4725.4000,4724.2000,4721.0000,4716.0000,4729.6000,4729.8000,4730.2000,4731.0000,4732.4000,1,1,1,1,2,2,1,2,2,5
SF,IC2006,2019-11-04 09:32:43.500,4725.6000,5567,0,72796560.000,0,-,-,-,-,4726.0000,4725.4000,4721.0000,4716.0000,4715.4000,4729.6000,4729.8000,4730.2000,4731.0000,4732.4000,1,1,1,2,5,2,1,2,2,5
SF,IC2006,2019-11-04 09:32:44.500,4725.6000,5567,0,72796560.000,0,-,-,-,-,4725.4000,4721.0000,4716.0000,4715.4000,4715.0000,4729.6000,4729.8000,4730.2000,4731.0000,4732.4000,1,1,2,5,1,2,1,2,2,5
SF,IC2006,2019-11-04 09:32:45.000,4725.6000,5567,0,72796560.000,0,-,-,-,-,4726.4000,4725.4000,4721.0000,4716.0000,4715.4000,4728.8000,4729.6000,4730.2000,4731.0000,4732.4000,1,1,1,2,5,1,2,2,2,5
SF,IC2006,2019-11-04 09:32:45.500,4726.4000,5568,1,73741840.000,1,1,0,双开,S,4725.4000,4721.0000,4716.0000,4715.4000,4715.0000,4728.4000,4728.8000,4729.6000,4730.2000,4731.0000,1,1,2,5,1,3,1,1,2,2
SF,IC2006,2019-11-04 09:32:46.500,4725.4000,5568,0,74686920.000,1,0,1,多换,S,4721.0000,4716.0000,4715.4000,4715.0000,4710.8000,4728.4000,4728.8000,4729.6000,4730.2000,4731.0000,1,2,5,1,1,3,1,1,2,2
SF,IC2006,2019-11-04 09:32:47.000,4725.4000,5568,0,74686920.000,0,-,-,-,-,4722.4000,4722.2000,4721.4000,4721.2000,4721.0000,4728.4000,4728.8000,4729.6000,4730.2000,4731.0000,2,3,1,2,1,3,1,1,2,2
SF,IC2006,2019-11-04 09:32:47.500,4725.4000,5568,0,74686920.000,0,-,-,-,-,4722.6000,4722.4000,4721.4000,4721.2000,4721.0000,4728.0000,4728.4000,4728.8000,4729.6000,4730.2000,3,2,1,2,1,1,3,1,1,2
SF,IC2006,2019-11-04 09:32:48.000,4725.4000,5568,0,74686920.000,0,-,-,-,-,4723.4000,4722.6000,4722.4000,4721.4000,4721.2000,4727.8000,4728.0000,4728.8000,4729.6000,4730.2000,1,3,2,1,2,3,1,1,1,2
SF,IC2006,2019-11-04 09:32:48.500,4725.4000,5568,0,74686920.000,0,-,-,-,-,4723.4000,4722.6000,4722.4000,4721.4000,4721.2000,4727.8000,4728.0000,4728.8000,4729.6000,4730.2000,1,1,2,1,2,3,1,1,1,2
SF,IC2006,2019-11-04 09:32:49.000,4725.4000,5568,0,74686920.000,0,-,-,-,-,4723.6000,4722.6000,4722.4000,4721.4000,4721.2000,4727.8000,4728.0000,4728.8000,4729.6000,4730.2000,1,1,2,1,2,3,1,1,1,2
SF,IC2006,2019-11-04 09:32:51.000,4725.4000,5568,0,74686920.000,0,-,-,-,-,4723.8000,4723.6000,4722.6000,4722.4000,4721.4000,4727.8000,4728.8000,4729.6000,4730.2000,4731.0000,1,1,1,2,1,3,1,1,2,2
SF,IC2006,2019-11-04 09:32:51.500,4725.4000,5568,0,74686920.000,0,-,-,-,-,4724.0000,4723.8000,4722.6000,4722.4000,4721.4000,4727.8000,4728.8000,4729.6000,4730.2000,4731.0000,1,1,1,2,1,3,1,1,2,2
SF,IC2006,2019-11-04 09:32:52.000,4725.4000,5568,0,74686920.000,0,-,-,-,-,4724.0000,4723.8000,4722.6000,4722.4000,4721.4000,4728.8000,4729.6000,4730.2000,4731.0000,4732.4000,1,1,1,2,1,1,1,2,2,5
SF,IC2006,2019-11-04 09:32:52.500,4725.4000,5568,0,74686920.000,0,-,-,-,-,4724.4000,4724.0000,4722.6000,4722.4000,4721.4000,4728.6000,4728.8000,4729.6000,4730.2000,4731.0000,1,1,1,2,1,2,1,1,2,2
SF,IC2006,2019-11-04 09:32:53.000,4725.4000,5568,0,74686920.000,0,-,-,-,-,4724.4000,4722.6000,4722.4000,4721.4000,4721.2000,4728.6000,4728.8000,4729.6000,4730.2000,4731.0000,1,1,2,1,2,2,1,1,2,2
SF,IC2006,2019-11-04 09:32:55.000,4725.4000,5568,0,74686920.000,0,-,-,-,-,4724.4000,4722.6000,4722.4000,4721.4000,4721.2000,4727.0000,4728.6000,4728.8000,4729.6000,4730.2000,1,1,2,1,2,1,2,1,1,2
SF,IC2006,2019-11-04 09:32:55.500,4725.4000,5568,0,74686920.000,0,-,-,-,-,4725.0000,4724.6000,4724.4000,4722.6000,4722.4000,4727.0000,4728.8000,4729.6000,4730.2000,4731.0000,1,2,1,1,2,1,1,1,2,2
SF,IC2006,2019-11-04 09:32:56.000,4725.4000,5568,0,74686920.000,0,-,-,-,-,4725.0000,4724.6000,4724.4000,4722.6000,4722.4000,4727.0000,4728.8000,4729.6000,4730.2000,4731.0000,1,1,1,1,2,1,1,1,2,2
SF,IC2006,2019-11-04 09:32:56.500,4727.0000,5569,1,75632320.000,1,1,0,双开,S,4725.0000,4724.6000,4724.4000,4722.6000,4722.4000,4728.8000,4729.6000,4730.2000,4731.0000,4732.4000,1,1,1,1,2,1,1,2,2,5
SF,IC2006,2019-11-04 09:32:57.000,4727.0000,5569,0,75632320.000,0,-,-,-,-,4725.0000,4724.6000,4724.4000,4722.6000,4722.4000,4728.6000,4728.8000,4729.6000,4730.2000,4731.0000,1,1,1,1,2,2,1,1,2,2
SF,IC2006,2019-11-04 09:32:57.500,4727.0000,5569,0,75632320.000,0,-,-,-,-,4725.0000,4724.6000,4724.4000,4722.6000,4722.4000,4728.4000,4728.6000,4728.8000,4729.6000,4730.2000,1,1,1,1,2,1,2,1,1,2
SF,IC2006,2019-11-04 09:32:58.000,4727.0000,5569,0,75632320.000,0,-,-,-,-,4725.2000,4725.0000,4724.6000,4724.4000,4722.6000,4728.4000,4728.8000,4729.6000,4730.2000,4731.0000,2,1,1,1,1,1,1,1,2,2
SF,IC2006,2019-11-04 09:32:59.000,4727.0000,5569,0,75632320.000,0,-,-,-,-,4725.6000,4725.2000,4725.0000,4724.6000,4722.6000,4728.4000,4728.8000,4729.6000,4730.2000,4731.0000,1,2,1,1,1,1,1,1,2,2
SF,IC2006,2019-11-04 09:32:59.500,4727.0000,5569,0,75632320.000,0,-,-,-,-,4725.8000,4725.6000,4725.4000,4725.2000,4725.0000,4728.4000,4728.8000,4729.6000,4729.8000,4730.2000,2,1,1,1,1,1,1,1,1,2
SF,IC2006,2019-11-04 09:33:00.000,4725.8000,5569,0,76577480.000,1,0,1,多换,S,4725.8000,4725.6000,4725.4000,4725.2000,4725.0000,4728.4000,4728.8000,4729.6000,4729.8000,4730.2000,1,1,1,1,1,1,1,1,1,2
SF,IC2006,2019-11-04 09:33:00.500,4725.8000,5569,0,76577480.000,0,-,-,-,-,4726.0000,4725.8000,4725.6000,4725.4000,4725.2000,4728.4000,4728.8000,4729.6000,4729.8000,4730.2000,1,1,1,1,1,1,1,1,1,2
SF,IC2006,2019-11-04 09:33:01.000,4725.8000,5569,0,76577480.000,0,-,-,-,-,4726.2000,4725.6000,4725.2000,4725.0000,4724.6000,4728.4000,4728.8000,4729.6000,4729.8000,4730.2000,1,1,1,1,1,1,1,1,1,2
SF,IC2006,2019-11-04 09:33:01.500,4725.8000,5569,0,76577480.000,0,-,-,-,-,4726.2000,4725.2000,4724.6000,4722.4000,4721.4000,4728.4000,4728.8000,4729.6000,4729.8000,4730.2000,1,1,1,2,2,1,1,1,1,2
SF,IC2006,2019-11-04 09:33:02.000,4728.4000,5569,0,77523160.000,1,0,1,多换,S,4726.4000,4726.2000,4725.2000,4724.6000,4722.4000,4728.8000,4729.6000,4729.8000,4730.2000,4731.0000,1,1,1,1,2,1,1,1,2,2
SF,IC2006,2019-11-04 09:33:02.500,4728.4000,5569,0,77523160.000,0,-,-,-,-,4726.6000,4726.4000,4725.2000,4724.6000,4722.4000,4728.8000,4729.6000,4729.8000,4730.2000,4731.0000,2,2,1,1,2,1,1,1,2,2
SF,IC2006,2019-11-04 09:33:03.000,4728.8000,5570,1,78468920.000,1,1,0,双开,S,4726.8000,4726.6000,4726.4000,4725.2000,4724.6000,4729.6000,4729.8000,4730.2000,4731.0000,4732.4000,2,2,3,1,1,1,1,2,2,5
SF,IC2006,2019-11-04 09:33:03.500,4728.8000,5570,0,78468920.000,0,-,-,-,-,4727.0000,4726.8000,4726.6000,4726.4000,4725.2000,4729.6000,4729.8000,4730.2000,4731.0000,4732.4000,1,2,1,3,1,1,1,2,2,5
SF,IC2006,2019-11-04 09:33:04.000,4727.0000,5570,0,80359760.000,2,1,1,多换,S,4727.0000,4726.8000,4726.4000,4725.2000,4724.6000,4729.6000,4729.8000,4730.2000,4731.0000,4732.4000,2,1,2,1,1,1,1,2,2,5
SF,IC2006,2019-11-04 09:33:04.500,4727.0000,5570,0,80359760.000,0,-,-,-,-,4727.4000,4727.2000,4727.0000,4726.8000,4726.4000,4729.6000,4729.8000,4730.2000,4731.0000,4732.4000,1,2,3,1,1,1,1,2,2,5
SF,IC2006,2019-11-04 09:33:05.000,4727.4000,5570,0,81305240.000,1,0,1,多换,S,4727.6000,4727.4000,4727.2000,4727.0000,4726.8000,4729.6000,4729.8000,4730.2000,4731.0000,4732.4000,1,1,2,2,1,1,1,2,2,5
SF,IC2006,2019-11-04 09:33:05.500,4727.4000,5570,0,81305240.000,0,-,-,-,-,4728.4000,4728.2000,4728.0000,4727.8000,4727.6000,4729.6000,4729.8000,4730.2000,4731.0000,4732.4000,1,2,1,2,1,1,1,2,2,5
SF,IC2006,2019-11-04 09:33:06.000,4727.4000,5570,0,81305240.000,0,-,-,-,-,4728.4000,4728.2000,4728.0000,4727.8000,4726.4000,4729.6000,4729.8000,4730.0000,4730.2000,4731.0000,1,2,1,1,1,1,1,1,2,2
SF,IC2006,2019-11-04 09:33:06.500,4729.6000,5569,-1,82251160.000,1,0,1,双平,S,4728.4000,4728.2000,4727.8000,4726.4000,4721.4000,4729.8000,4730.0000,4730.2000,4731.0000,4732.4000,1,2,1,1,2,1,1,2,2,5
SF,IC2006,2019-11-04 09:33:07.000,4729.8000,5569,0,83197120.000,1,0,1,多换,S,4728.6000,4728.4000,4728.2000,4727.8000,4726.4000,4730.0000,4730.2000,4731.0000,4732.4000,4734.6000,1,1,2,1,1,1,2,2,5,1
SF,IC2006,2019-11-04 09:33:07.500,4730.0000,5569,0,84143120.000,1,0,1,多换,S,4728.6000,4728.4000,4728.2000,4727.8000,4726.4000,4730.2000,4731.0000,4732.4000,4734.6000,4735.4000,1,1,2,1,1,2,2,5,1,2
SF,IC2006,2019-11-04 09:33:09.500,4730.0000,5569,0,84143120.000,0,-,-,-,-,4728.6000,4728.4000,4728.2000,4727.8000,4726.4000,4730.2000,4731.0000,4732.4000,4734.6000,4735.4000,1,1,2,1,1,2,2,5,1,2
SF,IC2006,2019-11-04 09:33:10.000,4730.2000,5569,0,85089160.000,1,0,1,多换,S,4728.6000,4728.4000,4728.2000,4726.4000,4721.4000,4730.2000,4731.0000,4732.4000,4734.6000,4735.4000,1,1,2,1,2,1,2,5,1,2
SF,IC2006,2019-11-04 09:33:10.500,4730.2000,5569,0,85089160.000,0,-,-,-,-,4728.8000,4728.6000,4728.4000,4728.2000,4726.4000,4730.2000,4731.0000,4732.4000,4734.6000,4735.4000,1,1,1,2,1,1,2,5,1,2
SF,IC2006,2019-11-04 09:33:11.000,4729.0000,5568,-1,86034960.000,1,0,1,双平,S,4728.8000,4728.6000,4728.4000,4728.2000,4726.4000,4730.2000,4731.0000,4732.4000,4734.6000,4735.4000,1,1,1,2,1,1,2,5,1,2
SF,IC2006,2019-11-04 09:33:11.500,4730.2000,5568,0,86981000.000,1,0,1,多换,S,4730.2000,4729.0000,4728.8000,4728.6000,4728.4000,4731.0000,4732.4000,4734.6000,4735.4000,4736.4000,1,1,1,1,1,2,5,1,2,1
SF,IC2006,2019-11-04 09:33:12.000,4730.2000,5568,0,86981000.000,0,-,-,-,-,4730.2000,4729.0000,4728.8000,4728.6000,4728.4000,4731.0000,4732.4000,4734.6000,4735.4000,4736.4000,2,1,1,1,1,2,5,1,2,1
SF,IC2006,2019-11-04 09:33:12.500,4731.0000,5568,0,89819280.000,3,1,2,多换,S,4729.0000,4728.6000,4728.4000,4728.2000,4726.4000,4731.0000,4732.4000,4734.6000,4735.4000,4736.4000,1,1,1,2,1,1,5,1,2,1
SF,IC2006,2019-11-04 09:33:13.500,4731.0000,5568,0,89819280.000,0,-,-,-,-,4729.0000,4728.6000,4728.4000,4728.2000,4726.4000,4730.8000,4731.0000,4732.4000,4734.6000,4735.4000,1,1,1,2,1,1,1,5,1,2
SF,IC2006,2019-11-04 09:33:14.000,4731.0000,5568,0,89819280.000,0,-,-,-,-,4729.0000,4728.6000,4728.4000,4728.2000,4726.4000,4731.0000,4732.4000,4734.6000,4735.4000,4736.4000,1,1,1,2,1,1,5,1,2,1
SF,IC2006,2019-11-04 09:33:14.500,4731.0000,5568,0,89819280.000,0,-,-,-,-,4729.0000,4728.6000,4728.4000,4728.2000,4726.4000,4730.8000,4731.0000,4732.4000,4734.6000,4735.4000,1,1,1,2,1,2,1,5,1,2
SF,IC2006,2019-11-04 09:33:18.000,4731.0000,5568,0,89819280.000,0,-,-,-,-,4728.6000,4728.4000,4728.2000,4726.4000,4721.4000,4730.6000,4730.8000,4731.0000,4732.4000,4734.6000,1,1,2,1,2,1,2,1,5,1
SF,IC2006,2019-11-04 09:33:18.500,4731.0000,5568,0,89819280.000,0,-,-,-,-,4728.6000,4728.4000,4728.2000,4726.4000,4721.4000,4730.4000,4730.6000,4731.0000,4732.4000,4734.6000,1,1,2,1,2,2,1,1,5,1
SF,IC2006,2019-11-04 09:33:19.000,4731.0000,5568,0,89819280.000,0,-,-,-,-,4728.6000,4728.4000,4728.2000,4726.4000,4721.4000,4730.4000,4730.6000,4731.0000,4732.4000,4734.6000,2,1,2,1,2,2,1,1,5,1
SF,IC2006,2019-11-04 09:33:21.000,4731.0000,5568,0,89819280.000,0,-,-,-,-,4728.6000,4728.4000,4728.2000,4726.4000,4721.4000,4730.4000,4731.0000,4732.4000,4734.6000,4735.4000,2,1,2,1,2,2,1,5,1,2
SF,IC2006,2019-11-04 09:33:21.500,4731.0000,5568,0,89819280.000,0,-,-,-,-,4728.6000,4728.4000,4728.2000,4726.4000,4721.4000,4730.2000,4730.4000,4731.0000,4732.4000,4734.6000,1,1,2,1,2,1,2,1,5,1
SF,IC2006,2019-11-04 09:33:22.000,4730.2000,5568,0,90765320.000,1,0,1,多换,S,4728.6000,4728.4000,4728.2000,4726.4000,4721.4000,4730.0000,4730.2000,4731.0000,4732.4000,4734.6000,1,1,2,1,2,1,1,1,5,1
SF,IC2006,2019-11-04 09:33:23.000,4730.2000,5568,0,90765320.000,0,-,-,-,-,4728.6000,4728.4000,4728.2000,4726.4000,4721.4000,4729.8000,4730.0000,4730.2000,4731.0000,4732.4000,1,1,2,1,2,1,1,1,1,5
SF,IC2006,2019-11-04 09:33:23.500,4728.6000,5567,-1,91711040.000,1,0,1,双平,S,4728.4000,4728.2000,4726.4000,4721.4000,4721.0000,4729.6000,4729.8000,4730.2000,4731.0000,4732.4000,1,2,1,2,1,1,1,1,1,5
SF,IC2006,2019-11-04 09:33:24.000,4728.6000,5567,0,91711040.000,0,-,-,-,-,4728.4000,4728.2000,4726.4000,4721.4000,4721.0000,4729.6000,4730.2000,4731.0000,4732.4000,4734.6000,1,2,1,2,1,1,1,1,5,1
SF,IC2006,2019-11-04 09:33:25.000,4728.6000,5567,0,91711040.000,0,-,-,-,-,4728.4000,4728.2000,4726.4000,4721.4000,4721.0000,4729.0000,4729.6000,4730.2000,4731.0000,4732.4000,1,2,1,2,1,1,1,1,1,5
SF,IC2006,2019-11-04 09:33:25.500,4729.0000,5567,0,92656840.000,1,0,1,多换,S,4729.6000,4728.4000,4728.2000,4726.4000,4721.4000,4731.0000,4732.4000,4734.6000,4735.4000,4736.4000,1,1,2,1,2,1,5,1,2,1
SF,IC2006,2019-11-04 09:33:26.000,4729.0000,5567,0,92656840.000,0,-,-,-,-,4729.6000,4728.4000,4728.2000,4726.4000,4721.4000,4730.8000,4731.0000,4732.4000,4734.6000,4735.4000,1,1,2,1,2,1,1,5,1,2
SF,IC2006,2019-11-04 09:33:26.500,4729.0000,5567,0,92656840.000,0,-,-,-,-,4729.6000,4728.4000,4728.2000,4726.4000,4721.4000,4731.0000,4732.4000,4734.6000,4735.4000,4736.4000,2,1,2,1,2,1,5,1,2,1
SF,IC2006,2019-11-04 09:33:28.500,4731.0000,5567,0,93603040.000,1,0,1,多换,S,4729.6000,4728.4000,4728.2000,4726.4000,4721.4000,4732.4000,4734.6000,4735.4000,4736.4000,4738.6000,2,1,2,1,2,5,1,2,1,7
SF,IC2006,2019-11-04 09:33:29.000,4731.0000,5567,0,93603040.000,0,-,-,-,-,4729.6000,4728.4000,4728.2000,4726.4000,4721.4000,4732.2000,4732.4000,4734.6000,4735.4000,4736.4000,2,1,2,1,2,2,5,1,2,1
SF,IC2006,2019-11-04 09:33:29.500,4731.0000,5567,0,93603040.000,0,-,-,-,-,4729.8000,4729.6000,4728.4000,4728.2000,4726.4000,4732.2000,4732.4000,4734.6000,4735.4000,4736.4000,1,2,1,2,1,2,5,1,2,1
SF,IC2006,2019-11-04 09:33:30.000,4729.8000,5567,0,94549000.000,1,0,1,多换,S,4729.6000,4728.4000,4728.2000,4726.4000,4721.4000,4732.2000,4732.4000,4734.6000,4735.4000,4736.4000,2,1,2,1,2,2,5,1,2,1
SF,IC2006,2019-11-04 09:33:30.500,4729.8000,5567,0,96440920.000,2,1,1,多换,S,4729.6000,4728.4000,4728.2000,4726.4000,4725.0000,4732.2000,4732.4000,4734.6000,4735.4000,4736.4000,1,2,2,1,1,1,5,1,2,1
SF,IC2006,2019-11-04 09:33:31.000,4729.8000,5567,0,96440920.000,0,-,-,-,-,4729.8000,4729.6000,4728.4000,4728.2000,4726.4000,4732.0000,4732.2000,4732.4000,4734.6000,4735.4000,1,1,1,2,1,1,1,5,1,2
SF,IC2006,2019-11-04 09:33:31.500,4729.6000,5567,0,98332800.000,2,1,1,多换,S,4728.4000,4728.2000,4726.4000,4725.0000,4721.4000,4729.8000,4731.6000,4732.0000,4732.4000,4734.6000,1,2,1,1,2,1,3,1,5,1
SF,IC2006,2019-11-04 09:33:32.000,4729.6000,5567,0,98332800.000,0,-,-,-,-,4728.6000,4728.4000,4728.2000,4726.4000,4725.0000,4729.6000,4729.8000,4732.0000,4732.4000,4734.6000,1,1,2,1,1,1,1,1,5,1
SF,IC2006,2019-11-04 09:33:32.500,4729.6000,5567,0,98332800.000,0,-,-,-,-,4728.4000,4728.2000,4726.4000,4725.0000,4721.4000,4728.6000,4729.6000,4729.8000,4732.0000,4732.4000,1,2,1,1,2,1,1,1,1,5
SF,IC2006,2019-11-04 09:33:33.000,4728.6000,5567,0,100224200.000,2,1,1,多换,S,4728.2000,4726.4000,4725.0000,4721.4000,4721.0000,4729.8000,4732.0000,4732.4000,4734.6000,4735.4000,2,1,1,2,1,1,1,5,1,2
SF,IC2006,2019-11-04 09:33:33.500,4728.6000,5567,0,100224200.000,0,-,-,-,-,4728.2000,4726.4000,4725.0000,4721.4000,4721.0000,4729.6000,4729.8000,4732.0000,4732.4000,4734.6000,2,1,1,2,1,1,1,1,5,1
SF,IC2006,2019-11-04 09:33:34.000,4728.2000,5567,0,101169840.000,1,0,1,多换,S,4728.2000,4726.4000,4725.0000,4721.4000,4721.0000,4729.6000,4729.8000,4732.0000,4732.4000,4734.6000,1,1,1,2,1,1,1,1,5,1
SF,IC2006,2019-11-04 09:33:35.500,4729.6000,5567,0,102115760.000,1,0,1,多换,S,4728.2000,4727.0000,4726.4000,4725.0000,4721.4000,4729.8000,4731.2000,4732.0000,4732.4000,4734.6000,1,1,1,1,2,1,1,1,5,1
SF,IC2006,2019-11-04 09:33:36.000,4729.8000,5568,1,103061720.000,1,1,0,双开,S,4728.2000,4726.4000,4725.0000,4721.4000,4721.0000,4732.0000,4732.4000,4734.6000,4735.4000,4736.4000,1,1,1,2,1,1,5,1,2,1
SF,IC2006,2019-11-04 09:33:36.500,4729.8000,5568,0,103061720.000,0,-,-,-,-,4728.2000,4726.4000,4725.0000,4721.4000,4721.0000,4731.2000,4732.0000,4732.4000,4734.6000,4735.4000,1,1,1,2,1,3,1,5,1,2
SF,IC2006,2019-11-04 09:33:37.000,4729.8000,5568,0,103061720.000,0,-,-,-,-,4728.2000,4726.4000,4725.0000,4721.4000,4721.0000,4731.0000,4731.2000,4732.0000,4732.4000,4734.6000,1,1,1,2,1,1,3,1,5,1
SF,IC2006,2019-11-04 09:33:37.500,4728.2000,5567,-1,104007360.000,1,0,1,双平,S,4726.4000,4725.0000,4721.4000,4721.0000,4715.4000,4730.2000,4731.0000,4732.0000,4732.4000,4734.6000,1,1,2,1,5,3,1,1,5,1
SF,IC2006,2019-11-04 09:33:38.000,4728.2000,5567,0,104007360.000,0,-,-,-,-,4726.6000,4726.4000,4725.0000,4721.4000,4721.0000,4730.0000,4731.0000,4732.0000,4732.4000,4734.6000,1,1,1,2,1,2,1,1,5,1
SF,IC2006,2019-11-04 09:33:38.500,4728.2000,5567,0,104007360.000,0,-,-,-,-,4726.6000,4725.0000,4721.4000,4721.0000,4715.4000,4730.0000,4731.0000,4732.0000,4732.4000,4734.6000,1,1,2,1,5,2,1,1,5,1
SF,IC2006,2019-11-04 09:33:40.500,4728.2000,5567,0,104007360.000,0,-,-,-,-,4726.6000,4725.0000,4721.4000,4721.0000,4715.4000,4729.4000,4729.8000,4730.0000,4731.0000,4732.0000,1,1,2,1,5,1,1,2,1,1
SF,IC2006,2019-11-04 09:33:41.000,4728.2000,5567,0,104007360.000,0,-,-,-,-,4725.0000,4721.4000,4721.0000,4715.4000,4715.0000,4729.2000,4729.4000,4729.8000,4730.0000,4731.0000,1,2,1,5,1,2,1,1,1,1
SF,IC2006,2019-11-04 09:33:41.500,4728.2000,5567,0,104007360.000,0,-,-,-,-,4725.2000,4725.0000,4721.4000,4721.0000,4715.4000,4729.2000,4729.4000,4729.8000,4730.0000,4731.0000,1,1,2,1,5,2,1,1,1,1
SF,IC2006,2019-11-04 09:33:42.000,4728.2000,5567,0,104007360.000,0,-,-,-,-,4725.2000,4725.0000,4723.2000,4721.4000,4721.0000,4729.2000,4729.4000,4730.0000,4731.0000,4732.0000,1,1,1,2,1,2,1,1,1,1
SF,IC2006,2019-11-04 09:33:42.500,4728.2000,5567,0,104007360.000,0,-,-,-,-,4725.4000,4725.2000,4725.0000,4723.2000,4721.4000,4729.2000,4729.4000,4730.0000,4731.0000,4732.0000,1,1,1,1,2,2,1,1,1,1
SF,IC2006,2019-11-04 09:33:43.000,4728.2000,5567,0,104007360.000,0,-,-,-,-,4725.6000,4725.4000,4725.0000,4723.2000,4721.4000,4729.2000,4730.0000,4731.0000,4732.0000,4732.4000,2,1,1,1,2,2,1,1,1,5
SF,IC2006,2019-11-04 09:33:43.500,4728.2000,5567,0,104007360.000,0,-,-,-,-,4725.8000,4725.6000,4725.4000,4725.0000,4723.2000,4729.2000,4730.0000,4731.0000,4732.0000,4732.4000,1,2,1,1,1,2,1,1,1,5
SF,IC2006,2019-11-04 09:33:44.000,4728.2000,5567,0,104007360.000,0,-,-,-,-,4726.0000,4725.8000,4725.4000,4725.0000,4721.4000,4729.2000,4730.0000,4731.0000,4732.0000,4732.4000,3,1,1,1,2,2,1,1,1,5
SF,IC2006,2019-11-04 09:33:45.000,4728.2000,5567,0,104007360.000,0,-,-,-,-,4726.2000,4726.0000,4725.8000,4725.4000,4725.0000,4729.2000,4730.0000,4731.0000,4732.0000,4732.4000,1,3,1,1,1,2,1,1,1,5
SF,IC2006,2019-11-04 09:33:45.500,4728.2000,5567,0,104007360.000,0,-,-,-,-,4726.4000,4726.2000,4726.0000,4725.8000,4725.4000,4729.2000,4730.0000,4731.0000,4732.0000,4732.4000,3,1,1,1,1,1,1,1,1,5
SF,IC2006,2019-11-04 09:33:46.000,4728.2000,5567,0,104007360.000,0,-,-,-,-,4726.4000,4726.2000,4726.0000,4725.8000,4725.4000,4730.0000,4731.0000,4732.0000,4732.4000,4734.6000,3,1,1,1,1,1,1,1,5,1
SF,IC2006,2019-11-04 09:33:46.500,4728.2000,5567,0,104007360.000,0,-,-,-,-,4726.8000,4726.6000,4726.4000,4726.2000,4725.8000,4730.0000,4731.0000,4732.0000,4732.4000,4734.6000,1,1,3,1,1,1,1,1,5,1
SF,IC2006,2019-11-04 09:33:47.000,4728.2000,5567,0,104007360.000,0,-,-,-,-,4727.0000,4726.8000,4726.6000,4726.4000,4726.2000,4730.0000,4731.0000,4732.0000,4732.4000,4734.6000,2,1,1,1,1,1,1,1,5,1
SF,IC2006,2019-11-04 09:33:49.000,4728.2000,5567,0,104007360.000,0,-,-,-,-,4727.0000,4726.8000,4726.6000,4726.2000,4725.8000,4730.0000,4731.0000,4732.0000,4732.4000,4734.6000,2,1,1,1,1,2,1,1,5,1
SF,IC2006,2019-11-04 09:33:49.500,4727.0000,5567,0,105898160.000,2,1,1,多换,S,4726.8000,4726.6000,4726.2000,4725.8000,4725.6000,4729.8000,4730.0000,4731.0000,4732.0000,4732.4000,1,1,1,1,1,1,2,1,1,5
SF,IC2006,2019-11-04 09:33:50.000,4727.0000,5567,0,105898160.000,0,-,-,-,-,4726.8000,4726.6000,4726.2000,4725.8000,4725.0000,4729.6000,4729.8000,4730.0000,4731.0000,4732.0000,1,1,1,1,1,1,1,2,1,1
SF,IC2006,2019-11-04 09:33:50.500,4726.8000,5567,0,106843520.000,1,0,1,多换,S,4726.6000,4726.2000,4725.8000,4725.0000,4721.4000,4729.4000,4729.6000,4730.0000,4731.0000,4732.0000,1,1,1,1,2,1,1,2,1,1
SF,IC2006,2019-11-04 09:33:51.000,4726.8000,5567,0,106843520.000,0,-,-,-,-,4726.6000,4726.2000,4725.8000,4725.0000,4721.4000,4729.2000,4729.4000,4729.6000,4730.0000,4731.0000,1,1,1,1,2,1,1,1,2,1
SF,IC2006,2019-11-04 09:33:51.500,4726.8000,5567,0,106843520.000,0,-,-,-,-,4726.8000,4726.6000,4726.2000,4725.8000,4725.0000,4729.6000,4730.0000,4731.0000,4732.0000,4732.4000,1,1,1,1,1,1,2,1,1,5
SF,IC2006,2019-11-04 09:33:52.000,4726.8000,5567,0,106843520.000,0,-,-,-,-,4727.0000,4726.8000,4726.6000,4726.2000,4725.0000,4729.4000,4729.6000,4730.0000,4731.0000,4732.0000,1,2,1,1,1,1,1,2,1,1
SF,IC2006,2019-11-04 09:33:52.500,4726.8000,5567,0,106843520.000,0,-,-,-,-,4727.0000,4726.6000,4726.2000,4725.0000,4721.4000,4729.4000,4729.6000,4730.0000,4731.0000,4732.0000,1,1,1,1,2,1,1,2,1,1
SF,IC2006,2019-11-04 09:33:53.000,4726.8000,5567,0,106843520.000,0,-,-,-,-,4727.2000,4727.0000,4726.6000,4726.2000,4725.0000,4729.2000,4729.4000,4729.6000,4730.0000,4731.0000,1,1,1,1,1,1,1,1,2,1
SF,IC2006,2019-11-04 09:33:53.500,4726.8000,5567,0,106843520.000,0,-,-,-,-,4727.2000,4727.0000,4726.6000,4726.2000,4725.0000,4729.0000,4729.2000,4729.6000,4730.0000,4731.0000,1,1,1,1,1,1,1,1,2,1
SF,IC2006,2019-11-04 09:33:54.000,4728.8000,5567,0,107789280.000,1,0,1,多换,S,4727.2000,4727.0000,4726.6000,4726.2000,4725.0000,4729.0000,4729.2000,4729.6000,4730.0000,4731.0000,1,1,1,1,1,1,1,1,2,1
SF,IC2006,2019-11-04 09:33:54.500,4728.8000,5567,0,107789280.000,0,-,-,-,-,4727.2000,4727.0000,4726.6000,4726.2000,4725.0000,4729.0000,4730.0000,4731.0000,4732.4000,4734.6000,1,1,1,1,1,1,1,1,5,1
SF,IC2006,2019-11-04 09:33:55.500,4728.8000,5567,0,107789280.000,0,-,-,-,-,4727.0000,4726.6000,4726.2000,4725.0000,4721.4000,4729.0000,4730.0000,4731.0000,4732.4000,4734.6000,1,1,1,1,2,1,1,1,5,1
SF,IC2006,2019-11-04 09:33:56.000,4728.8000,5567,0,107789280.000,0,-,-,-,-,4727.0000,4726.6000,4726.2000,4725.0000,4721.4000,4729.0000,4730.0000,4730.2000,4731.0000,4732.4000,1,1,1,1,2,1,1,2,1,5
SF,IC2006,2019-11-04 09:33:56.500,4728.8000,5567,0,107789280.000,0,-,-,-,-,4727.4000,4727.0000,4726.6000,4726.2000,4725.0000,4729.0000,4730.0000,4730.2000,4731.0000,4732.4000,1,1,1,1,1,1,1,2,1,5
SF,IC2006,2019-11-04 09:33:57.500,4727.4000,5567,0,108734760.000,1,0,1,多换,S,4727.2000,4727.0000,4726.6000,4726.2000,4725.0000,4727.4000,4729.0000,4730.0000,4730.2000,4731.0000,1,1,1,1,1,2,1,1,2,1
SF,IC2006,2019-11-04 09:33:58.000,4727.4000,5567,0,110625720.000,2,1,1,多换,S,4727.4000,4727.2000,4727.0000,4726.6000,4726.2000,4730.0000,4730.2000,4731.0000,4732.4000,4734.6000,3,1,1,1,1,1,2,1,5,1
SF,IC2006,2019-11-04 09:33:58.500,4727.4000,5567,0,110625720.000,0,-,-,-,-,4727.6000,4727.0000,4726.6000,4726.2000,4725.0000,4729.8000,4730.0000,4730.2000,4731.0000,4732.4000,1,1,1,1,1,1,1,2,1,5
SF,IC2006,2019-11-04 09:33:59.000,4727.4000,5567,0,110625720.000,0,-,-,-,-,4727.6000,4727.0000,4726.6000,4726.2000,4725.0000,4729.8000,4730.0000,4730.2000,4731.0000,4732.4000,3,2,1,1,1,1,1,2,1,5
SF,IC2006,2019-11-04 09:33:59.500,4727.4000,5567,0,110625720.000,0,-,-,-,-,4727.6000,4727.0000,4726.6000,4726.2000,4725.0000,4729.6000,4729.8000,4730.0000,4730.2000,4731.0000,1,2,1,1,1,2,1,1,2,1
SF,IC2006,2019-11-04 09:34:00.000,4727.6000,5568,1,112516760.000,2,1,1,空开,S,4727.0000,4726.6000,4726.2000,4725.0000,4721.4000,4729.4000,4729.6000,4730.0000,4730.2000,4731.0000,1,1,1,1,2,2,2,1,2,1
SF,IC2006,2019-11-04 09:34:00.500,4727.6000,5568,0,112516760.000,0,-,-,-,-,4727.2000,4727.0000,4726.2000,4725.0000,4721.4000,4729.2000,4729.4000,4729.6000,4730.0000,4730.2000,1,1,1,1,2,1,2,2,1,2
SF,IC2006,2019-11-04 09:34:01.000,4727.6000,5568,0,112516760.000,0,-,-,-,-,4727.2000,4727.0000,4726.2000,4725.0000,4721.4000,4729.0000,4729.2000,4729.6000,4730.0000,4730.2000,1,1,1,1,2,2,1,2,1,2
SF,IC2006,2019-11-04 09:34:01.500,4727.6000,5568,0,112516760.000,0,-,-,-,-,4727.2000,4727.0000,4726.2000,4725.0000,4721.4000,4729.0000,4729.2000,4729.6000,4730.0000,4730.2000,1,1,1,1,2,2,1,1,1,2
SF,IC2006,2019-11-04 09:34:02.500,4727.6000,5568,0,112516760.000,0,-,-,-,-,4727.2000,4727.0000,4726.2000,4725.0000,4721.4000,4728.8000,4729.0000,4729.2000,4729.6000,4730.0000,1,1,1,1,2,1,2,1,1,1
SF,IC2006,2019-11-04 09:34:03.000,4727.2000,5568,0,113462200.000,1,0,1,多换,S,4727.0000,4725.0000,4721.4000,4721.0000,4715.4000,4727.2000,4728.6000,4728.8000,4729.2000,4729.6000,1,1,2,1,5,1,2,1,1,1
SF,IC2006,2019-11-04 09:34:03.500,4727.0000,5568,0,115353000.000,2,1,1,多换,S,4725.0000,4721.4000,4721.0000,4715.4000,4715.0000,4727.2000,4728.8000,4729.2000,4729.6000,4730.0000,1,2,1,5,1,1,1,1,1,1
SF,IC2006,2019-11-04 09:34:04.000,4727.0000,5568,0,115353000.000,0,-,-,-,-,4725.2000,4725.0000,4721.4000,4721.0000,4715.4000,4727.2000,4728.8000,4729.2000,4729.6000,4730.0000,2,1,2,1,5,1,1,1,1,1
SF,IC2006,2019-11-04 09:34:04.500,4727.2000,5569,1,116298440.000,1,1,0,双开,S,4725.2000,4725.0000,4721.4000,4721.0000,4715.4000,4728.8000,4729.2000,4729.6000,4730.0000,4730.2000,2,1,2,1,5,1,1,1,1,2
SF,IC2006,2019-11-04 09:34:05.000,4727.2000,5569,0,116298440.000,0,-,-,-,-,4725.0000,4721.4000,4721.0000,4715.4000,4715.0000,4728.6000,4728.8000,4729.2000,4729.6000,4730.0000,1,2,1,5,1,3,1,1,1,1
SF,IC2006,2019-11-04 09:34:05.500,4727.2000,5569,0,116298440.000,0,-,-,-,-,4725.0000,4721.4000,4721.0000,4715.4000,4715.0000,4728.4000,4728.6000,4728.8000,4729.2000,4729.6000,1,2,1,5,1,1,3,1,1,1
SF,IC2006,2019-11-04 09:34:06.000,4727.2000,5569,0,116298440.000,0,-,-,-,-,4725.0000,4721.4000,4721.0000,4715.4000,4715.0000,4727.6000,4728.2000,4728.4000,4728.8000,4729.2000,1,2,1,5,1,1,2,1,1,1
SF,IC2006,2019-11-04 09:34:06.500,4727.2000,5569,0,116298440.000,0,-,-,-,-,4725.0000,4721.4000,4721.0000,4715.4000,4715.0000,4727.4000,4727.6000,4728.4000,4728.8000,4729.2000,1,2,1,5,1,1,1,1,1,1
SF,IC2006,2019-11-04 09:34:08.000,4727.2000,5569,0,116298440.000,0,-,-,-,-,4725.0000,4721.4000,4721.0000,4715.4000,4715.0000,4727.4000,4728.4000,4728.8000,4729.2000,4729.6000,1,2,1,5,1,1,1,1,1,1
SF,IC2006,2019-11-04 09:34:09.500,4727.2000,5569,0,116298440.000,0,-,-,-,-,4725.0000,4721.4000,4721.0000,4715.4000,4715.0000,4727.2000,4727.4000,4728.4000,4728.8000,4729.2000,1,2,1,5,1,1,1,1,1,1
SF,IC2006,2019-11-04 09:34:11.000,4727.2000,5569,0,117243880.000,1,0,1,多换,S,4725.0000,4721.4000,4721.0000,4715.4000,4715.0000,4727.4000,4728.4000,4728.8000,4729.2000,4729.6000,1,2,1,5,1,1,1,1,1,1
SF,IC2006,2019-11-04 09:34:11.500,4727.2000,5569,0,117243880.000,0,-,-,-,-,4725.0000,4721.4000,4721.0000,4715.4000,4715.0000,4727.2000,4727.4000,4728.4000,4728.8000,4729.2000,1,2,1,5,1,1,1,1,1,1
SF,IC2006,2019-11-04 09:34:12.000,4727.2000,5569,0,117243880.000,0,-,-,-,-,4725.0000,4721.4000,4721.0000,4715.4000,4715.0000,4727.0000,4727.2000,4727.4000,4728.4000,4728.8000,1,2,1,5,1,1,1,1,1,1
SF,IC2006,2019-11-04 09:34:12.500,4727.2000,5569,0,117243880.000,0,-,-,-,-,4725.0000,4721.4000,4721.0000,4715.4000,4715.0000,4726.8000,4727.0000,4727.4000,4728.4000,4728.8000,1,2,1,5,1,1,1,1,1,1
SF,IC2006,2019-11-04 09:34:13.000,4727.2000,5569,0,117243880.000,0,-,-,-,-,4725.0000,4721.4000,4721.0000,4715.4000,4715.0000,4726.6000,4726.8000,4727.0000,4727.4000,4728.4000,1,2,1,5,1,1,1,1,1,1
SF,IC2006,2019-11-04 09:34:13.500,4727.2000,5569,0,117243880.000,0,-,-,-,-,4725.0000,4721.4000,4721.0000,4715.4000,4715.0000,4726.6000,4727.0000,4727.4000,4728.4000,4728.8000,1,2,1,5,1,1,1,1,1,1
SF,IC2006,2019-11-04 09:34:15.000,4727.2000,5569,0,117243880.000,0,-,-,-,-,4725.0000,4721.4000,4721.0000,4715.4000,4715.0000,4727.0000,4727.4000,4728.4000,4728.8000,4730.0000,1,2,1,5,1,1,1,1,1,1
SF,IC2006,2019-11-04 09:34:15.500,4727.2000,5569,0,117243880.000,0,-,-,-,-,4725.0000,4721.4000,4721.0000,4715.4000,4715.0000,4726.8000,4727.0000,4727.4000,4728.4000,4728.8000,1,2,1,5,1,1,1,1,1,1
SF,IC2006,2019-11-04 09:34:17.500,4726.8000,5569,0,118189240.000,1,0,1,多换,S,4725.0000,4721.4000,4721.0000,4715.4000,4715.0000,4727.4000,4728.4000,4728.8000,4729.2000,4730.0000,2,2,1,5,1,1,1,1,1,1
SF,IC2006,2019-11-04 09:34:18.000,4726.8000,5569,0,118189240.000,0,-,-,-,-,4725.0000,4721.4000,4721.0000,4715.4000,4715.0000,4727.4000,4728.4000,4728.8000,4730.0000,4730.2000,2,2,1,5,1,1,1,1,1,2
SF,IC2006,2019-11-04 09:34:20.000,4727.4000,5569,0,119134720.000,1,0,1,多换,S,4725.0000,4721.4000,4721.0000,4715.4000,4715.0000,4728.4000,4728.8000,4730.0000,4730.2000,4732.4000,2,2,1,5,1,1,1,1,2,5
SF,IC2006,2019-11-04 09:34:20.500,4727.4000,5569,0,119134720.000,0,-,-,-,-,4725.0000,4721.4000,4721.0000,4715.4000,4715.0000,4728.2000,4728.4000,4728.8000,4730.0000,4730.2000,2,2,1,5,1,1,1,1,1,2
SF,IC2006,2019-11-04 09:34:21.000,4727.4000,5569,0,119134720.000,0,-,-,-,-,4725.0000,4721.4000,4721.0000,4715.4000,4715.0000,4728.0000,4728.2000,4728.4000,4728.8000,4730.0000,2,2,1,5,1,1,1,1,1,1
SF,IC2006,2019-11-04 09:34:21.500,4727.4000,5569,0,119134720.000,0,-,-,-,-,4725.0000,4721.4000,4721.0000,4715.4000,4715.0000,4728.0000,4728.4000,4728.8000,4730.0000,4730.2000,2,2,1,5,1,1,1,1,1,2
SF,IC2006,2019-11-04 09:34:22.500,4725.0000,5570,1,121024720.000,2,1,1,空开,S,4723.6000,4721.4000,4721.0000,4715.4000,4715.0000,4725.0000,4727.8000,4728.0000,4728.4000,4728.8000,1,2,1,5,1,1,1,1,1,1
SF,IC2006,2019-11-04 09:34:23.000,4725.0000,5570,0,121969720.000,1,0,1,多换,S,4725.0000,4723.8000,4723.6000,4721.4000,4721.0000,4727.8000,4728.0000,4728.4000,4728.8000,4730.0000,1,1,1,2,1,1,1,1,1,1
SF,IC2006,2019-11-04 09:34:23.500,4725.0000,5570,0,121969720.000,0,-,-,-,-,4725.0000,4723.8000,4721.4000,4721.0000,4715.4000,4727.6000,4727.8000,4728.0000,4728.4000,4728.8000,1,1,2,1,5,2,1,1,1,1
SF,IC2006,2019-11-04 09:34:24.000,4725.0000,5570,0,121969720.000,0,-,-,-,-,4725.4000,4723.8000,4721.4000,4721.0000,4715.4000,4727.6000,4727.8000,4728.0000,4728.4000,4728.8000,1,1,2,1,5,2,1,1,1,1
SF,IC2006,2019-11-04 09:34:24.500,4725.0000,5570,0,121969720.000,0,-,-,-,-,4725.4000,4723.8000,4721.4000,4721.0000,4715.4000,4727.6000,4728.0000,4728.4000,4728.8000,4730.0000,1,1,2,1,5,2,1,1,1,1
SF,IC2006,2019-11-04 09:34:25.000,4725.0000,5570,0,121969720.000,0,-,-,-,-,4723.8000,4721.4000,4721.0000,4715.4000,4715.0000,4727.6000,4728.0000,4728.4000,4728.8000,4730.0000,1,2,1,5,1,2,1,1,1,1
SF,IC2006,2019-11-04 09:34:25.500,4725.6000,5571,1,122914840.000,1,1,0,双开,S,4724.0000,4723.8000,4721.4000,4721.0000,4715.4000,4727.6000,4728.0000,4728.4000,4728.8000,4730.0000,2,1,2,1,5,1,1,1,1,1
SF,IC2006,2019-11-04 09:34:26.000,4725.6000,5571,0,122914840.000,0,-,-,-,-,4724.4000,4724.2000,4724.0000,4723.8000,4721.4000,4727.6000,4728.0000,4728.4000,4728.8000,4730.0000,1,1,2,1,2,1,1,1,1,1
SF,IC2006,2019-11-04 09:34:26.500,4725.6000,5571,0,122914840.000,0,-,-,-,-,4724.6000,4724.4000,4724.2000,4723.8000,4721.4000,4727.6000,4728.0000,4728.4000,4728.8000,4730.0000,4,1,1,1,2,1,1,1,1,1
SF,IC2006,2019-11-04 09:34:27.500,4725.6000,5571,0,122914840.000,0,-,-,-,-,4724.6000,4724.2000,4723.8000,4721.4000,4721.0000,4727.6000,4728.0000,4728.4000,4728.8000,4730.0000,2,1,1,2,1,1,1,1,1,1
SF,IC2006,2019-11-04 09:34:28.000,4725.6000,5571,0,122914840.000,0,-,-,-,-,4724.6000,4724.2000,4723.8000,4721.4000,4721.0000,4727.4000,4727.6000,4728.0000,4728.4000,4728.8000,2,1,1,2,1,1,1,1,1,1
SF,IC2006,2019-11-04 09:34:28.500,4725.6000,5571,0,122914840.000,0,-,-,-,-,4724.6000,4724.2000,4723.8000,4721.4000,4721.0000,4727.2000,4727.4000,4728.0000,4728.4000,4728.8000,1,1,1,2,1,1,1,1,1,1
SF,IC2006,2019-11-04 09:34:29.000,4725.6000,5571,0,122914840.000,0,-,-,-,-,4724.2000,4723.8000,4721.4000,4721.0000,4715.4000,4727.0000,4727.2000,4727.4000,4728.0000,4728.4000,1,1,2,1,5,1,1,1,1,1
SF,IC2006,2019-11-04 09:34:29.500,4725.6000,5571,0,122914840.000,0,-,-,-,-,4723.8000,4721.4000,4721.0000,4715.4000,4715.0000,4726.8000,4727.0000,4727.4000,4728.0000,4728.4000,1,2,1,5,1,1,1,1,1,1
SF,IC2006,2019-11-04 09:34:30.000,4725.6000,5571,0,122914840.000,0,-,-,-,-,4721.4000,4721.0000,4715.4000,4715.0000,4710.8000,4723.6000,4726.6000,4726.8000,4727.0000,4727.4000,2,1,5,1,1,1,1,1,1,1
SF,IC2006,2019-11-04 09:34:30.500,4723.6000,5571,0,123859560.000,1,0,1,多换,S,4723.6000,4722.2000,4721.4000,4721.2000,4721.0000,4726.6000,4727.0000,4727.4000,4728.0000,4728.4000,6,3,2,1,1,1,1,1,1,1
SF,IC2006,2019-11-04 09:34:31.000,4723.6000,5571,0,123859560.000,0,-,-,-,-,4723.6000,4721.4000,4721.2000,4721.0000,4715.4000,4726.4000,4726.6000,4727.0000,4727.4000,4728.0000,6,2,1,1,5,1,1,1,1,1
SF,IC2006,2019-11-04 09:34:31.500,4723.6000,5571,0,123859560.000,0,-,-,-,-,4724.0000,4723.6000,4721.4000,4721.2000,4721.0000,4726.4000,4726.6000,4727.0000,4727.4000,4728.0000,1,5,2,1,1,1,1,1,1,1
SF,IC2006,2019-11-04 09:34:32.000,4723.6000,5571,0,123859560.000,0,-,-,-,-,4724.0000,4723.6000,4721.4000,4721.2000,4721.0000,4726.4000,4726.6000,4727.0000,4727.4000,4728.0000,1,1,2,1,1,1,1,1,1,1
SF,IC2006,2019-11-04 09:34:32.500,4723.6000,5571,0,123859560.000,0,-,-,-,-,4724.4000,4723.6000,4721.4000,4721.2000,4721.0000,4726.4000,4727.4000,4728.0000,4728.4000,4730.0000,1,1,2,1,1,1,1,1,1,1
SF,IC2006,2019-11-04 09:34:33.000,4723.6000,5571,0,123859560.000,0,-,-,-,-,4724.4000,4724.0000,4723.6000,4721.4000,4721.2000,4726.4000,4727.4000,4728.0000,4728.4000,4730.0000,1,1,1,2,1,1,1,1,1,1
SF,IC2006,2019-11-04 09:34:33.500,4723.6000,5571,0,123859560.000,0,-,-,-,-,4724.6000,4724.0000,4723.6000,4721.4000,4721.2000,4726.4000,4727.4000,4728.0000,4728.4000,4730.0000,1,1,1,2,1,1,1,1,1,1
SF,IC2006,2019-11-04 09:34:34.000,4723.6000,5571,0,123859560.000,0,-,-,-,-,4724.8000,4724.6000,4724.0000,4721.4000,4721.2000,4726.4000,4727.4000,4728.0000,4728.4000,4730.0000,1,1,1,2,1,1,1,1,1,1
SF,IC2006,2019-11-04 09:34:34.500,4723.6000,5571,0,123859560.000,0,-,-,-,-,4724.8000,4724.0000,4721.4000,4721.2000,4721.0000,4726.4000,4727.4000,4728.0000,4728.4000,4730.0000,1,1,2,1,1,1,1,1,1,1
SF,IC2006,2019-11-04 09:34:35.000,4723.6000,5571,0,123859560.000,0,-,-,-,-,4725.2000,4724.0000,4721.4000,4721.2000,4721.0000,4726.4000,4727.4000,4728.0000,4728.4000,4730.0000,1,1,2,1,1,1,1,1,1,1
SF,IC2006,2019-11-04 09:34:36.000,4723.6000,5571,0,123859560.000,0,-,-,-,-,4724.0000,4721.4000,4721.2000,4721.0000,4715.4000,4725.2000,4726.4000,4727.4000,4728.0000,4728.4000,1,2,1,1,5,1,1,1,1,1
SF,IC2006,2019-11-04 09:34:36.500,4725.2000,5571,0,124804600.000,1,0,1,多换,S,4725.6000,4724.0000,4721.4000,4721.2000,4721.0000,4727.4000,4728.0000,4728.4000,4730.0000,4730.2000,1,1,2,1,1,1,1,1,1,2
SF,IC2006,2019-11-04 09:34:37.000,4725.6000,5571,0,125749720.000,1,0,1,多换,S,4724.0000,4721.4000,4721.2000,4721.0000,4715.4000,4727.2000,4727.4000,4728.0000,4728.4000,4730.0000,1,2,1,1,5,2,1,1,1,1
SF,IC2006,2019-11-04 09:34:38.000,4725.6000,5571,0,125749720.000,0,-,-,-,-,4724.0000,4721.4000,4721.2000,4721.0000,4715.4000,4727.0000,4727.2000,4727.4000,4728.0000,4728.4000,1,2,1,1,5,1,2,1,1,1
SF,IC2006,2019-11-04 09:34:38.500,4725.6000,5571,0,125749720.000,0,-,-,-,-,4724.0000,4721.4000,4721.2000,4721.0000,4715.4000,4726.8000,4727.0000,4727.4000,4728.0000,4728.4000,1,2,1,1,5,2,1,1,1,1
SF,IC2006,2019-11-04 09:34:39.000,4725.6000,5571,0,125749720.000,0,-,-,-,-,4725.0000,4724.4000,4724.2000,4724.0000,4721.4000,4726.6000,4727.0000,4727.4000,4728.0000,4728.4000,1,1,1,1,2,1,1,1,1,1
SF,IC2006,2019-11-04 09:34:39.500,4725.6000,5571,0,125749720.000,0,-,-,-,-,4725.0000,4724.4000,4724.0000,4721.4000,4721.2000,4726.4000,4726.6000,4727.0000,4727.4000,4728.0000,1,1,1,2,1,1,1,1,1,1
SF,IC2006,2019-11-04 09:34:40.000,4725.6000,5571,0,125749720.000,0,-,-,-,-,4725.0000,4724.0000,4721.4000,4721.2000,4721.0000,4727.0000,4727.4000,4728.0000,4728.4000,4730.0000,1,1,2,1,1,1,1,1,1,1
SF,IC2006,2019-11-04 09:34:40.500,4725.6000,5571,0,125749720.000,0,-,-,-,-,4725.0000,4724.0000,4721.4000,4721.2000,4721.0000,4726.8000,4727.0000,4727.4000,4728.0000,4728.4000,1,1,2,1,1,1,1,1,1,1
SF,IC2006,2019-11-04 09:34:44.000,4725.6000,5571,0,125749720.000,0,-,-,-,-,4725.0000,4724.0000,4721.4000,4721.2000,4721.0000,4726.8000,4727.4000,4728.0000,4728.4000,4730.0000,1,1,2,1,1,1,1,1,1,1
SF,IC2006,2019-11-04 09:34:44.500,4725.6000,5571,0,125749720.000,0,-,-,-,-,4725.0000,4724.0000,4721.4000,4721.2000,4721.0000,4728.0000,4728.4000,4730.0000,4730.2000,4732.4000,1,1,2,1,1,1,1,1,2,5
SF,IC2006,2019-11-04 09:34:45.000,4725.6000,5571,0,125749720.000,0,-,-,-,-,4726.8000,4725.2000,4725.0000,4724.0000,4721.4000,4727.2000,4728.4000,4730.0000,4730.2000,4732.4000,1,2,1,1,2,1,1,1,2,5
SF,IC2006,2019-11-04 09:34:45.500,4727.2000,5571,0,126695160.000,1,0,1,多换,S,4726.8000,4725.2000,4725.0000,4724.0000,4721.4000,4730.0000,4730.2000,4732.4000,4734.6000,4735.4000,1,2,1,1,2,1,2,5,1,2
SF,IC2006,2019-11-04 09:34:46.000,4727.2000,5571,0,126695160.000,0,-,-,-,-,4727.2000,4725.2000,4725.0000,4724.0000,4721.4000,4729.8000,4730.0000,4730.2000,4732.4000,4734.6000,1,2,1,1,2,3,1,2,5,1
SF,IC2006,2019-11-04 09:34:46.500,4727.2000,5571,0,126695160.000,0,-,-,-,-,4727.2000,4725.2000,4725.0000,4724.0000,4721.4000,4729.8000,4730.0000,4730.2000,4732.4000,4734.6000,1,2,1,1,2,2,1,2,5,1
SF,IC2006,2019-11-04 09:34:47.000,4727.2000,5571,0,126695160.000,0,-,-,-,-,4725.2000,4725.0000,4724.0000,4721.4000,4721.2000,4729.8000,4730.0000,4730.2000,4732.4000,4734.6000,2,1,1,2,1,2,1,2,5,1
SF,IC2006,2019-11-04 09:34:47.500,4727.2000,5571,0,126695160.000,0,-,-,-,-,4727.6000,4725.4000,4725.2000,4725.0000,4724.0000,4729.8000,4730.0000,4730.2000,4732.4000,4734.6000,1,1,1,1,1,2,1,2,5,1
SF,IC2006,2019-11-04 09:34:48.000,4727.2000,5571,0,126695160.000,0,-,-,-,-,4727.6000,4725.2000,4725.0000,4724.0000,4721.4000,4729.8000,4730.0000,4730.2000,4732.4000,4734.6000,1,1,1,1,2,2,1,2,5,1
SF,IC2006,2019-11-04 09:34:48.500,4727.2000,5571,0,126695160.000,0,-,-,-,-,4728.0000,4725.2000,4725.0000,4724.0000,4721.4000,4729.6000,4730.0000,4730.2000,4732.4000,4734.6000,1,1,1,1,2,1,1,2,5,1
SF,IC2006,2019-11-04 09:34:49.500,4727.2000,5571,0,126695160.000,0,-,-,-,-,4725.2000,4725.0000,4724.0000,4721.4000,4721.2000,4729.6000,4730.0000,4730.2000,4732.4000,4734.6000,1,1,1,2,1,1,1,2,5,1
SF,IC2006,2019-11-04 09:34:50.000,4727.2000,5571,0,126695160.000,0,-,-,-,-,4728.4000,4725.4000,4725.2000,4725.0000,4721.4000,4729.6000,4730.0000,4730.2000,4732.4000,4734.6000,1,2,1,1,2,1,1,2,5,1
SF,IC2006,2019-11-04 09:34:50.500,4728.4000,5571,0,127640840.000,1,0,1,多换,S,4725.2000,4725.0000,4721.4000,4721.2000,4721.0000,4729.6000,4730.0000,4730.2000,4732.4000,4734.6000,1,1,2,1,1,1,1,2,5,1
SF,IC2006,2019-11-04 09:34:51.000,4728.4000,5571,0,127640840.000,0,-,-,-,-,4725.4000,4725.2000,4725.0000,4721.4000,4721.2000,4729.6000,4730.0000,4730.2000,4732.4000,4734.6000,1,1,1,2,1,1,1,2,5,1
SF,IC2006,2019-11-04 09:34:51.500,4728.4000,5571,0,127640840.000,0,-,-,-,-,4726.0000,4725.6000,4725.4000,4725.2000,4725.0000,4729.4000,4729.6000,4730.0000,4730.2000,4732.4000,1,1,1,1,1,1,1,1,2,5
SF,IC2006,2019-11-04 09:34:52.000,4728.4000,5571,0,127640840.000,0,-,-,-,-,4726.0000,4725.6000,4725.2000,4725.0000,4721.4000,4729.2000,4729.4000,4730.0000,4730.2000,4732.4000,1,1,1,1,2,2,1,1,2,5
SF,IC2006,2019-11-04 09:34:52.500,4728.4000,5571,0,127640840.000,0,-,-,-,-,4726.0000,4725.2000,4725.0000,4721.4000,4721.2000,4729.2000,4729.4000,4730.0000,4730.2000,4732.4000,1,1,1,2,1,2,1,1,2,5
SF,IC2006,2019-11-04 09:34:54.000,4728.4000,5571,0,127640840.000,0,-,-,-,-,4726.0000,4725.2000,4725.0000,4721.4000,4721.2000,4729.0000,4729.2000,4729.4000,4730.0000,4730.2000,1,1,1,2,1,1,2,1,1,2
SF,IC2006,2019-11-04 09:34:54.500,4728.4000,5571,0,127640840.000,0,-,-,-,-,4725.2000,4725.0000,4721.4000,4721.2000,4721.0000,4728.8000,4729.0000,4729.4000,4730.0000,4730.2000,1,1,2,1,1,3,1,1,1,2
SF,IC2006,2019-11-04 09:34:55.000,4728.4000,5571,0,127640840.000,0,-,-,-,-,4725.0000,4721.4000,4721.2000,4721.0000,4715.4000,4728.6000,4728.8000,4729.0000,4729.4000,4730.0000,1,2,1,1,5,1,3,2,1,1
SF,IC2006,2019-11-04 09:34:55.500,4728.4000,5571,0,127640840.000,0,-,-,-,-,4725.0000,4721.4000,4721.2000,4721.0000,4715.4000,4728.4000,4728.6000,4729.0000,4729.4000,4730.0000,1,2,1,1,5,2,1,2,1,1
SF,IC2006,2019-11-04 09:34:56.500,4728.4000,5571,0,127640840.000,0,-,-,-,-,4725.0000,4721.4000,4721.2000,4721.0000,4715.4000,4728.2000,4728.4000,4728.6000,4729.0000,4729.4000,1,2,1,1,5,1,2,1,1,1
SF,IC2006,2019-11-04 09:34:57.000,4728.4000,5571,0,127640840.000,0,-,-,-,-,4725.0000,4721.4000,4721.2000,4721.0000,4715.4000,4728.0000,4728.2000,4728.6000,4729.0000,4729.4000,1,2,1,1,5,2,2,1,1,1
SF,IC2006,2019-11-04 09:34:57.500,4728.4000,5571,0,127640840.000,0,-,-,-,-,4725.0000,4721.4000,4721.2000,4721.0000,4715.4000,4727.8000,4728.0000,4728.2000,4728.6000,4729.0000,1,2,1,1,5,2,2,2,1,1
SF,IC2006,2019-11-04 09:34:58.000,4728.4000,5571,0,127640840.000,0,-,-,-,-,4725.0000,4721.4000,4721.2000,4721.0000,4715.4000,4727.6000,4727.8000,4728.2000,4728.6000,4729.0000,1,2,1,1,5,2,2,2,1,1
SF,IC2006,2019-11-04 09:34:58.500,4728.4000,5571,0,127640840.000,0,-,-,-,-,4725.0000,4721.4000,4721.2000,4721.0000,4715.4000,4727.4000,4727.6000,4727.8000,4728.2000,4728.6000,1,2,1,1,5,1,2,2,2,1
SF,IC2006,2019-11-04 09:34:59.000,4725.0000,5570,-1,128585840.000,1,0,1,双平,S,4721.4000,4721.2000,4721.0000,4715.4000,4715.0000,4727.0000,4727.4000,4727.8000,4728.2000,4728.6000,2,1,1,5,1,3,1,2,2,1
SF,IC2006,2019-11-04 09:34:59.500,4725.0000,5570,0,128585840.000,0,-,-,-,-,4722.2000,4721.6000,4721.4000,4721.2000,4721.0000,4726.8000,4727.4000,4727.8000,4728.2000,4728.6000,3,1,2,1,1,2,1,2,2,1
SF,IC2006,2019-11-04 09:35:00.000,4725.0000,5570,0,128585840.000,0,-,-,-,-,4722.4000,4722.2000,4721.6000,4721.4000,4721.2000,4726.8000,4727.4000,4727.8000,4728.2000,4728.6000,1,3,1,2,1,2,1,2,1,1
SF,IC2006,2019-11-04 09:35:00.500,4722.4000,5570,0,130474840.000,2,1,1,多换,S,4721.6000,4721.4000,4721.2000,4721.0000,4715.4000,4722.4000,4726.8000,4727.4000,4727.8000,4728.2000,1,3,1,1,5,3,2,1,2,1
SF,IC2006,2019-11-04 09:35:01.000,4722.4000,5572,2,134252760.000,4,3,1,空开,S,4722.4000,4721.8000,4721.6000,4721.4000,4721.2000,4726.8000,4727.4000,4727.8000,4728.2000,4728.6000,5,1,1,1,1,1,1,2,1,1
SF,IC2006,2019-11-04 09:35:01.500,4722.4000,5572,0,134252760.000,0,-,-,-,-,4722.8000,4722.4000,4721.6000,4721.4000,4721.0000,4725.4000,4726.8000,4727.4000,4727.8000,4728.2000,1,1,1,1,1,3,1,1,2,1
SF,IC2006,2019-11-04 09:35:02.000,4722.4000,5572,0,134252760.000,0,-,-,-,-,4722.8000,4721.6000,4721.4000,4721.0000,4715.4000,4725.2000,4725.4000,4726.8000,4727.4000,4727.8000,1,1,1,1,5,1,3,1,1,2
SF,IC2006,2019-11-04 09:35:02.500,4722.4000,5572,0,134252760.000,0,-,-,-,-,4722.8000,4721.6000,4721.4000,4721.0000,4715.4000,4725.0000,4725.2000,4726.8000,4727.4000,4727.8000,1,1,1,1,5,2,1,1,1,2
SF,IC2006,2019-11-04 09:35:03.000,4722.4000,5572,0,134252760.000,0,-,-,-,-,4723.2000,4721.6000,4721.4000,4721.0000,4715.4000,4724.8000,4725.0000,4725.2000,4726.8000,4727.4000,1,1,1,1,5,1,2,1,1,1
SF,IC2006,2019-11-04 09:35:03.500,4722.4000,5572,0,134252760.000,0,-,-,-,-,4723.2000,4721.6000,4721.4000,4721.0000,4715.4000,4724.6000,4724.8000,4725.2000,4726.8000,4727.4000,1,1,1,1,5,1,1,1,1,1
SF,IC2006,2019-11-04 09:35:04.000,4722.4000,5572,0,134252760.000,0,-,-,-,-,4723.6000,4721.6000,4721.4000,4721.0000,4715.4000,4724.6000,4724.8000,4725.2000,4726.8000,4727.4000,1,1,1,1,5,1,1,1,1,1
SF,IC2006,2019-11-04 09:35:04.500,4723.6000,5572,0,135197480.000,1,0,1,多换,S,4721.6000,4721.4000,4721.0000,4715.4000,4715.0000,4723.6000,4724.4000,4724.6000,4724.8000,4725.2000,1,1,1,5,1,3,1,1,1,1
SF,IC2006,2019-11-04 09:35:05.000,4723.6000,5572,0,135197480.000,0,-,-,-,-,4721.4000,4721.0000,4715.4000,4715.0000,4710.8000,4723.6000,4724.4000,4724.8000,4725.2000,4726.8000,1,1,5,1,1,3,1,1,1,1
SF,IC2006,2019-11-04 09:35:06.000,4723.6000,5573,1,136142200.000,1,1,0,双开,S,4721.4000,4721.0000,4720.4000,4715.4000,4715.0000,4723.6000,4724.4000,4724.8000,4725.2000,4726.8000,1,1,1,5,1,2,1,1,1,1
SF,IC2006,2019-11-04 09:35:06.500,4723.6000,5573,0,136142200.000,0,-,-,-,-,4721.4000,4721.0000,4720.4000,4715.4000,4715.0000,4723.4000,4723.6000,4724.4000,4724.8000,4725.2000,1,1,1,5,1,1,2,1,1,1
SF,IC2006,2019-11-04 09:35:07.500,4723.6000,5573,0,136142200.000,0,-,-,-,-,4721.4000,4721.0000,4715.4000,4715.0000,4710.8000,4723.4000,4724.4000,4724.8000,4725.2000,4726.8000,1,1,5,1,1,1,1,1,1,1
SF,IC2006,2019-11-04 09:35:09.000,4723.6000,5573,0,136142200.000,0,-,-,-,-,4721.4000,4721.0000,4715.4000,4715.0000,4710.8000,4723.4000,4724.4000,4724.8000,4725.2000,4725.6000,1,1,5,1,1,1,1,1,1,1
SF,IC2006,2019-11-04 09:35:10.000,4721.4000,5574,1,137086480.000,1,1,0,双开,S,4721.0000,4715.4000,4715.0000,4710.8000,4710.0000,4721.4000,4723.4000,4724.4000,4724.8000,4725.2000,1,5,1,1,1,1,1,1,1,1
SF,IC2006,2019-11-04 09:35:10.500,4721.4000,5574,0,138030760.000,1,0,1,多换,S,4721.0000,4715.4000,4715.0000,4710.8000,4710.0000,4724.4000,4724.8000,4725.2000,4725.6000,4726.8000,1,5,1,1,1,1,1,1,1,1
SF,IC2006,2019-11-04 09:35:11.000,4721.4000,5574,0,138030760.000,0,-,-,-,-,4721.0000,4715.4000,4715.0000,4710.8000,4710.0000,4724.2000,4724.4000,4724.8000,4725.2000,4725.6000,1,5,1,1,1,2,1,1,1,1
SF,IC2006,2019-11-04 09:35:11.500,4721.4000,5574,0,138030760.000,0,-,-,-,-,4721.0000,4715.4000,4715.0000,4710.8000,4710.0000,4724.0000,4724.2000,4724.4000,4724.8000,4725.2000,1,5,1,1,1,1,2,1,1,1
SF,IC2006,2019-11-04 09:35:12.000,4721.4000,5574,0,138030760.000,0,-,-,-,-,4721.0000,4715.4000,4715.0000,4710.8000,4710.0000,4723.4000,4724.0000,4724.4000,4724.8000,4725.2000,1,5,1,1,1,3,1,1,1,1
SF,IC2006,2019-11-04 09:35:12.500,4721.0000,5574,0,138974960.000,1,0,1,多换,S,4715.4000,4715.0000,4710.8000,4710.0000,4708.2000,4723.2000,4723.4000,4724.0000,4724.4000,4724.8000,5,1,1,1,1,1,3,1,1,1
SF,IC2006,2019-11-04 09:35:13.000,4721.0000,5574,0,138974960.000,0,-,-,-,-,4717.8000,4716.0000,4715.6000,4715.4000,4715.0000,4723.0000,4723.2000,4724.0000,4724.4000,4724.8000,3,1,1,6,1,2,1,1,1,1
SF,IC2006,2019-11-04 09:35:13.500,4721.0000,5574,0,138974960.000,0,-,-,-,-,4718.0000,4717.8000,4717.0000,4716.0000,4715.6000,4722.8000,4723.0000,4723.2000,4724.0000,4724.4000,1,3,1,1,1,1,2,1,1,1
SF,IC2006,2019-11-04 09:35:14.000,4721.0000,5574,0,138974960.000,0,-,-,-,-,4718.2000,4718.0000,4717.0000,4716.0000,4715.6000,4722.6000,4722.8000,4723.2000,4724.0000,4724.4000,2,2,1,1,1,2,1,1,1,1
SF,IC2006,2019-11-04 09:35:14.500,4721.0000,5574,0,138974960.000,0,-,-,-,-,4718.4000,4718.2000,4718.0000,4717.0000,4716.0000,4722.4000,4722.6000,4722.8000,4723.2000,4724.0000,1,3,2,1,1,2,2,1,1,1
SF,IC2006,2019-11-04 09:35:15.000,4721.0000,5574,0,138974960.000,0,-,-,-,-,4718.6000,4718.4000,4718.2000,4718.0000,4717.0000,4722.2000,4722.4000,4722.8000,4723.2000,4724.0000,1,1,1,2,1,1,2,1,1,1
SF,IC2006,2019-11-04 09:35:15.500,4718.4000,5572,-2,140862360.000,2,0,2,双平,S,4718.2000,4718.0000,4717.4000,4717.0000,4716.0000,4722.0000,4722.2000,4722.4000,4722.8000,4723.2000,1,2,1,1,1,1,1,1,1,1
SF,IC2006,2019-11-04 09:35:16.000,4718.4000,5572,0,140862360.000,0,-,-,-,-,4719.2000,4718.4000,4718.0000,4717.0000,4716.0000,4721.8000,4722.0000,4722.4000,4722.8000,4723.2000,1,2,2,1,1,2,1,1,1,1
SF,IC2006,2019-11-04 09:35:16.500,4718.4000,5572,0,140862360.000,0,-,-,-,-,4719.2000,4718.4000,4718.0000,4717.0000,4716.0000,4721.8000,4722.0000,4722.4000,4722.8000,4723.2000,1,1,2,1,1,2,1,1,1,1
SF,IC2006,2019-11-04 09:35:17.000,4721.8000,5572,0,141806720.000,1,0,1,多换,S,4719.4000,4719.2000,4718.8000,4718.4000,4718.0000,4721.8000,4722.0000,4722.4000,4722.8000,4723.2000,1,1,1,1,2,1,1,1,1,1
SF,IC2006,2019-11-04 09:35:17.500,4721.8000,5572,0,141806720.000,0,-,-,-,-,4719.6000,4719.4000,4719.2000,4718.8000,4718.4000,4722.0000,4722.4000,4722.8000,4723.2000,4724.0000,1,1,1,1,1,1,1,1,1,1
SF,IC2006,2019-11-04 09:35:18.000,4721.8000,5572,0,141806720.000,0,-,-,-,-,4719.8000,4719.6000,4719.4000,4719.2000,4718.8000,4723.2000,4724.0000,4725.6000,4730.0000,4730.2000,1,1,1,1,1,1,1,1,1,2
SF,IC2006,2019-11-04 09:35:18.500,4721.8000,5572,0,141806720.000,0,-,-,-,-,4720.0000,4719.8000,4719.4000,4719.2000,4718.8000,4724.0000,4725.6000,4730.0000,4730.2000,4732.4000,2,1,1,1,1,1,1,1,2,5
SF,IC2006,2019-11-04 09:35:19.000,4721.8000,5572,0,141806720.000,0,-,-,-,-,4720.4000,4720.2000,4720.0000,4719.8000,4719.2000,4723.8000,4724.0000,4725.6000,4730.0000,4730.2000,1,2,2,2,1,1,1,1,1,2
SF,IC2006,2019-11-04 09:35:19.500,4721.8000,5572,0,141806720.000,0,-,-,-,-,4721.0000,4720.6000,4720.4000,4720.2000,4719.8000,4723.8000,4724.0000,4725.6000,4730.0000,4730.2000,1,1,1,2,3,1,1,1,1,2
SF,IC2006,2019-11-04 09:35:20.000,4721.8000,5572,0,141806720.000,0,-,-,-,-,4721.0000,4720.4000,4720.2000,4719.8000,4719.2000,4723.8000,4724.0000,4725.6000,4730.0000,4730.2000,1,1,2,2,1,1,1,1,1,2
SF,IC2006,2019-11-04 09:35:20.500,4721.8000,5572,0,141806720.000,0,-,-,-,-,4720.4000,4720.2000,4719.8000,4719.2000,4719.0000,4723.6000,4723.8000,4724.0000,4725.6000,4730.0000,1,2,2,1,1,1,1,1,1,1
SF,IC2006,2019-11-04 09:35:21.000,4721.8000,5572,0,141806720.000,0,-,-,-,-,4720.6000,4720.2000,4719.8000,4719.2000,4719.0000,4723.4000,4723.6000,4724.0000,4725.6000,4730.0000,1,2,2,1,1,1,1,1,1,1
SF,IC2006,2019-11-04 09:35:21.500,4721.8000,5572,0,141806720.000,0,-,-,-,-,4720.6000,4720.2000,4719.8000,4719.2000,4719.0000,4723.2000,4723.4000,4723.6000,4724.0000,4725.6000,1,2,1,1,1,1,1,1,1,1
SF,IC2006,2019-11-04 09:35:22.000,4721.8000,5572,0,141806720.000,0,-,-,-,-,4720.6000,4720.2000,4719.8000,4719.2000,4719.0000,4723.2000,4723.6000,4724.0000,4725.6000,4730.0000,1,2,1,1,1,1,1,1,1,1
SF,IC2006,2019-11-04 09:35:22.500,4721.8000,5572,0,141806720.000,0,-,-,-,-,4720.8000,4720.6000,4720.2000,4719.8000,4719.2000,4723.0000,4723.2000,4723.6000,4724.0000,4725.6000,1,1,2,1,1,1,1,1,1,1
SF,IC2006,2019-11-04 09:35:23.000,4721.8000,5572,0,141806720.000,0,-,-,-,-,4720.2000,4719.8000,4719.2000,4719.0000,4718.6000,4721.0000,4722.8000,4723.0000,4723.2000,4723.6000,2,1,1,1,2,1,1,1,1,1
SF,IC2006,2019-11-04 09:35:23.500,4721.0000,5572,0,142750920.000,1,0,1,多换,S,4721.0000,4720.4000,4720.2000,4719.8000,4719.2000,4723.2000,4723.6000,4724.0000,4725.6000,4730.0000,1,1,1,1,1,1,1,1,1,1
SF,IC2006,2019-11-04 09:35:24.000,4721.0000,5572,0,142750920.000,0,-,-,-,-,4721.0000,4720.2000,4719.8000,4719.2000,4718.6000,4723.0000,4723.2000,4723.6000,4724.0000,4725.6000,1,1,1,1,2,3,1,1,1,1
SF,IC2006,2019-11-04 09:35:24.500,4721.0000,5572,0,142750920.000,0,-,-,-,-,4721.4000,4720.2000,4719.8000,4719.2000,4718.6000,4723.0000,4723.6000,4724.0000,4725.6000,4730.0000,1,1,2,1,2,3,1,1,1,1
SF,IC2006,2019-11-04 09:35:25.000,4721.0000,5572,0,142750920.000,0,-,-,-,-,4721.4000,4720.2000,4719.8000,4719.2000,4718.6000,4722.8000,4723.0000,4723.6000,4724.0000,4725.6000,1,1,2,1,2,1,1,1,1,1
SF,IC2006,2019-11-04 09:35:25.500,4721.0000,5572,0,142750920.000,0,-,-,-,-,4720.2000,4719.8000,4719.2000,4718.6000,4718.4000,4722.8000,4723.0000,4724.0000,4725.6000,4730.0000,1,2,1,2,1,1,1,1,1,1
SF,IC2006,2019-11-04 09:35:26.000,4721.0000,5572,0,142750920.000,0,-,-,-,-,4721.8000,4720.4000,4720.2000,4719.8000,4719.2000,4723.0000,4725.6000,4730.0000,4730.2000,4732.4000,1,1,1,2,1,1,1,1,2,5
SF,IC2006,2019-11-04 09:35:26.500,4723.0000,5572,0,143695520.000,1,0,1,多换,S,4722.0000,4721.8000,4720.8000,4720.2000,4719.8000,4725.6000,4730.0000,4730.2000,4732.4000,4732.8000,2,1,1,1,2,1,1,2,5,5
SF,IC2006,2019-11-04 09:35:27.000,4723.0000,5572,0,143695520.000,0,-,-,-,-,4722.2000,4722.0000,4721.0000,4720.8000,4720.2000,4725.4000,4725.6000,4730.0000,4730.2000,4732.4000,1,2,1,1,1,2,1,1,2,5
SF,IC2006,2019-11-04 09:35:27.500,4723.0000,5572,0,143695520.000,0,-,-,-,-,4722.4000,4722.2000,4722.0000,4721.0000,4720.2000,4725.4000,4725.6000,4730.0000,4730.2000,4732.4000,2,1,1,1,1,1,1,1,2,5
SF,IC2006,2019-11-04 09:35:28.000,4723.0000,5572,0,143695520.000,0,-,-,-,-,4722.6000,4722.4000,4722.0000,4721.0000,4720.2000,4725.4000,4725.6000,4730.0000,4730.2000,4732.4000,1,2,1,1,1,1,1,1,2,5
SF,IC2006,2019-11-04 09:35:28.500,4723.0000,5572,0,143695520.000,0,-,-,-,-,4722.6000,4722.4000,4722.0000,4721.0000,4720.2000,4725.4000,4725.6000,4728.6000,4730.0000,4730.2000,2,1,1,1,1,1,1,1,1,2
SF,IC2006,2019-11-04 09:35:29.000,4723.0000,5572,0,143695520.000,0,-,-,-,-,4722.6000,4720.2000,4719.2000,4718.6000,4715.0000,4725.2000,4725.4000,4725.6000,4728.6000,4730.0000,2,1,1,1,1,1,1,1,1,1
SF,IC2006,2019-11-04 09:35:29.500,4723.0000,5572,0,143695520.000,0,-,-,-,-,4723.0000,4720.2000,4719.2000,4715.0000,4710.8000,4725.0000,4725.2000,4725.6000,4728.6000,4730.0000,1,1,1,1,1,2,1,1,1,1
SF,IC2006,2019-11-04 09:35:30.000,4723.0000,5572,0,143695520.000,0,-,-,-,-,4723.0000,4720.2000,4719.2000,4715.0000,4710.8000,4724.8000,4725.0000,4725.2000,4725.6000,4728.6000,1,1,1,1,1,1,2,1,1,1
SF,IC2006,2019-11-04 09:35:30.500,4723.0000,5572,0,143695520.000,0,-,-,-,-,4720.2000,4719.2000,4715.0000,4710.8000,4710.0000,4725.2000,4725.6000,4728.6000,4730.0000,4730.2000,1,1,1,1,1,1,1,1,1,2
SF,IC2006,2019-11-04 09:35:31.000,4723.0000,5573,1,144640120.000,1,1,0,双开,S,4721.4000,4721.2000,4721.0000,4720.2000,4719.2000,4725.6000,4728.6000,4730.0000,4730.2000,4732.4000,1,1,3,2,1,1,1,1,2,5
SF,IC2006,2019-11-04 09:35:31.500,4723.0000,5573,0,144640120.000,0,-,-,-,-,4721.6000,4721.4000,4721.2000,4720.2000,4719.2000,4725.4000,4725.6000,4728.6000,4730.0000,4730.2000,3,1,1,2,1,1,1,1,1,2
SF,IC2006,2019-11-04 09:35:32.500,4723.0000,5573,0,144640120.000,0,-,-,-,-,4721.6000,4721.4000,4721.2000,4720.2000,4719.2000,4725.4000,4725.6000,4728.6000,4730.0000,4730.2000,3,1,1,2,1,1,1,1,1,2
SF,IC2006,2019-11-04 09:35:33.000,4723.0000,5573,0,144640120.000,0,-,-,-,-,4721.8000,4721.6000,4721.4000,4721.2000,4720.2000,4725.4000,4725.6000,4728.6000,4730.0000,4730.2000,1,3,1,1,2,1,1,1,1,2
SF,IC2006,2019-11-04 09:35:33.500,4723.0000,5573,0,144640120.000,0,-,-,-,-,4722.0000,4721.8000,4721.6000,4721.4000,4721.2000,4725.4000,4725.6000,4728.6000,4730.0000,4730.2000,3,1,1,1,1,1,1,1,1,2
SF,IC2006,2019-11-04 09:35:34.000,4723.0000,5573,0,144640120.000,0,-,-,-,-,4722.4000,4722.2000,4722.0000,4721.8000,4721.6000,4725.6000,4728.6000,4730.0000,4730.2000,4732.4000,1,1,3,1,1,1,1,1,2,5
SF,IC2006,2019-11-04 09:35:34.500,4723.0000,5573,0,144640120.000,0,-,-,-,-,4722.6000,4722.4000,4722.2000,4722.0000,4721.8000,4725.6000,4728.6000,4730.0000,4730.2000,4732.4000,4,1,1,1,1,1,1,1,2,5
SF,IC2006,2019-11-04 09:35:35.000,4725.6000,5573,0,145585240.000,1,0,1,多换,S,4722.6000,4722.4000,4722.2000,4722.0000,4721.8000,4728.6000,4730.0000,4730.2000,4732.4000,4734.6000,4,1,1,1,1,1,1,2,5,1
SF,IC2006,2019-11-04 09:35:35.500,4725.6000,5573,0,145585240.000,0,-,-,-,-,4722.6000,4722.4000,4722.0000,4721.8000,4721.6000,4728.0000,4728.4000,4728.6000,4730.0000,4730.2000,4,1,1,1,1,3,1,1,1,2
SF,IC2006,2019-11-04 09:35:36.000,4725.6000,5573,0,145585240.000,0,-,-,-,-,4723.8000,4722.6000,4722.4000,4722.0000,4721.8000,4727.8000,4728.0000,4728.4000,4728.6000,4730.0000,1,4,1,1,1,1,3,1,1,1
SF,IC2006,2019-11-04 09:35:36.500,4725.6000,5573,0,145585240.000,0,-,-,-,-,4724.0000,4723.8000,4722.8000,4722.6000,4722.4000,4727.6000,4727.8000,4728.4000,4728.6000,4730.0000,2,1,1,1,1,2,1,1,1,1
SF,IC2006,2019-11-04 09:35:38.000,4725.6000,5573,0,145585240.000,0,-,-,-,-,4724.0000,4723.8000,4722.8000,4722.6000,4722.4000,4727.6000,4728.4000,4728.6000,4730.0000,4730.2000,2,1,1,1,1,2,1,1,1,2
SF,IC2006,2019-11-04 09:35:39.500,4725.6000,5573,0,145585240.000,0,-,-,-,-,4724.0000,4722.6000,4722.4000,4722.0000,4721.8000,4727.4000,4727.6000,4728.4000,4728.6000,4730.0000,2,1,1,1,1,1,2,1,1,1
SF,IC2006,2019-11-04 09:35:40.000,4725.6000,5573,0,145585240.000,0,-,-,-,-,4724.0000,4722.6000,4722.4000,4722.0000,4721.8000,4727.2000,4727.4000,4728.4000,4728.6000,4730.0000,2,1,1,1,1,2,1,1,1,1
SF,IC2006,2019-11-04 09:35:42.500,4725.6000,5573,0,145585240.000,0,-,-,-,-,4724.0000,4722.6000,4722.4000,4722.0000,4721.8000,4727.2000,4728.4000,4728.6000,4730.0000,4730.2000,2,1,1,1,1,2,1,1,1,2
SF,IC2006,2019-11-04 09:35:45.000,4727.2000,5573,0,146530680.000,1,0,1,多换,S,4724.0000,4722.6000,4722.4000,4722.0000,4721.8000,4727.2000,4728.4000,4728.6000,4730.0000,4730.2000,2,1,1,1,1,1,1,1,1,2
SF,IC2006,2019-11-04 09:35:45.500,4727.2000,5573,0,146530680.000,0,-,-,-,-,4724.0000,4722.6000,4722.4000,4722.0000,4721.8000,4728.4000,4728.6000,4730.0000,4730.2000,4732.4000,2,1,1,1,1,1,1,1,2,5
SF,IC2006,2019-11-04 09:35:46.000,4727.2000,5573,0,146530680.000,0,-,-,-,-,4724.0000,4722.6000,4722.4000,4722.0000,4721.8000,4728.6000,4730.0000,4730.2000,4732.4000,4734.6000,2,1,1,1,1,1,1,2,5,1
SF,IC2006,2019-11-04 09:35:46.500,4727.2000,5573,0,146530680.000,0,-,-,-,-,4724.8000,4724.2000,4724.0000,4722.6000,4722.4000,4728.6000,4730.0000,4730.2000,4732.4000,4734.6000,1,1,2,1,1,1,1,2,5,1
SF,IC2006,2019-11-04 09:35:47.000,4727.2000,5573,0,146530680.000,0,-,-,-,-,4725.0000,4724.8000,4724.2000,4724.0000,4722.6000,4728.4000,4728.6000,4730.0000,4730.2000,4732.4000,3,1,1,1,1,1,1,1,2,5
SF,IC2006,2019-11-04 09:35:48.000,4727.2000,5573,0,146530680.000,0,-,-,-,-,4725.0000,4724.8000,4724.0000,4722.6000,4722.4000,4728.4000,4728.6000,4730.0000,4730.2000,4732.4000,3,1,1,1,1,1,1,1,2,5
SF,IC2006,2019-11-04 09:35:48.500,4727.2000,5573,0,146530680.000,0,-,-,-,-,4725.0000,4724.8000,4724.0000,4722.6000,4722.4000,4728.4000,4728.6000,4730.0000,4730.2000,4732.4000,3,1,1,1,1,1,1,1,2,5
SF,IC2006,2019-11-04 09:35:51.000,4727.2000,5573,0,146530680.000,0,-,-,-,-,4725.0000,4724.0000,4722.6000,4722.4000,4721.4000,4728.2000,4728.4000,4728.6000,4730.0000,4730.2000,3,1,1,1,1,1,1,1,1,2
SF,IC2006,2019-11-04 09:35:51.500,4727.2000,5573,0,146530680.000,0,-,-,-,-,4725.0000,4724.0000,4722.6000,4722.4000,4721.4000,4725.2000,4728.0000,4728.6000,4730.0000,4730.2000,3,1,1,1,1,1,1,1,1,2
SF,IC2006,2019-11-04 09:35:52.000,4725.2000,5573,0,147475720.000,1,0,1,多换,S,4725.2000,4725.0000,4724.0000,4722.6000,4722.4000,4728.6000,4730.0000,4730.2000,4732.4000,4734.6000,1,3,1,1,1,1,1,2,5,1
SF,IC2006,2019-11-04 09:35:52.500,4725.2000,5574,1,148420760.000,1,1,0,双开,S,4725.0000,4724.0000,4722.6000,4722.4000,4721.4000,4725.2000,4728.4000,4728.6000,4730.0000,4730.2000,1,1,1,1,1,1,2,1,1,2
SF,IC2006,2019-11-04 09:35:53.000,4725.2000,5575,1,149365800.000,1,1,0,双开,S,4725.0000,4724.0000,4722.6000,4722.4000,4721.4000,4728.4000,4728.6000,4730.0000,4730.2000,4732.4000,1,1,1,1,1,2,1,1,2,5
SF,IC2006,2019-11-04 09:35:53.500,4725.2000,5575,0,149365800.000,0,-,-,-,-,4725.2000,4725.0000,4724.0000,4722.6000,4721.4000,4728.4000,4728.6000,4730.0000,4730.2000,4732.4000,1,1,1,1,1,2,1,1,2,5
SF,IC2006,2019-11-04 09:35:54.000,4725.2000,5575,0,149365800.000,0,-,-,-,-,4725.6000,4725.4000,4725.2000,4725.0000,4724.0000,4728.4000,4728.6000,4730.0000,4730.2000,4732.4000,1,1,1,1,1,2,1,1,2,5
SF,IC2006,2019-11-04 09:35:54.500,4725.2000,5575,0,149365800.000,0,-,-,-,-,4725.8000,4725.6000,4725.4000,4725.2000,4725.0000,4728.4000,4728.6000,4730.0000,4730.2000,4732.4000,1,1,1,1,1,2,1,1,2,5
SF,IC2006,2019-11-04 09:35:55.500,4725.2000,5575,0,149365800.000,0,-,-,-,-,4725.8000,4725.6000,4725.4000,4725.0000,4721.4000,4728.4000,4728.6000,4730.0000,4730.2000,4732.4000,1,1,1,1,1,2,1,1,2,5
SF,IC2006,2019-11-04 09:35:56.500,4725.2000,5575,0,149365800.000,0,-,-,-,-,4725.6000,4725.0000,4721.4000,4721.2000,4719.2000,4728.4000,4728.6000,4730.0000,4730.2000,4732.4000,1,1,1,1,1,2,1,1,2,5
SF,IC2006,2019-11-04 09:35:57.000,4725.2000,5575,0,149365800.000,0,-,-,-,-,4725.0000,4721.4000,4721.2000,4719.2000,4715.4000,4728.4000,4728.6000,4730.0000,4730.2000,4732.4000,1,1,1,1,5,2,1,1,2,5
SF,IC2006,2019-11-04 09:35:57.500,4725.2000,5575,0,149365800.000,0,-,-,-,-,4721.4000,4721.2000,4719.2000,4715.4000,4715.0000,4725.0000,4728.4000,4728.6000,4730.0000,4730.2000,1,1,1,5,1,1,2,1,1,2
SF,IC2006,2019-11-04 09:35:58.000,4725.0000,5575,0,150310800.000,1,0,1,多换,S,4725.0000,4722.8000,4721.6000,4721.4000,4721.2000,4728.6000,4730.0000,4730.2000,4732.4000,4734.6000,1,3,1,1,1,1,1,2,5,1
SF,IC2006,2019-11-04 09:35:58.500,4725.0000,5575,0,150310800.000,0,-,-,-,-,4725.2000,4725.0000,4721.6000,4721.4000,4721.2000,4728.4000,4728.6000,4730.0000,4730.2000,4732.4000,1,1,1,1,1,3,1,1,2,5
SF,IC2006,2019-11-04 09:35:59.000,4725.0000,5575,0,150310800.000,0,-,-,-,-,4725.4000,4725.2000,4721.6000,4721.4000,4721.2000,4728.4000,4728.6000,4730.0000,4730.2000,4732.4000,1,1,1,1,1,3,1,1,2,5
SF,IC2006,2019-11-04 09:35:59.500,4725.0000,5575,0,150310800.000,0,-,-,-,-,4725.6000,4725.4000,4725.2000,4722.4000,4721.6000,4728.2000,4728.4000,4728.6000,4730.0000,4730.2000,1,1,1,1,1,1,2,1,1,2
SF,IC2006,2019-11-04 09:36:00.000,4725.0000,5575,0,150310800.000,0,-,-,-,-,4725.6000,4725.2000,4722.4000,4722.2000,4721.6000,4728.0000,4728.2000,4728.6000,4730.0000,4730.2000,1,1,1,1,1,1,3,1,1,2
SF,IC2006,2019-11-04 09:36:00.500,4725.0000,5576,1,151255800.000,1,1,0,双开,S,4725.6000,4725.2000,4722.4000,4722.2000,4721.6000,4728.0000,4728.2000,4728.6000,4730.0000,4730.2000,1,1,1,1,1,1,3,1,1,2
SF,IC2006,2019-11-04 09:36:01.000,4725.0000,5576,0,151255800.000,0,-,-,-,-,4722.4000,4722.2000,4721.6000,4721.4000,4721.2000,4727.8000,4728.0000,4728.2000,4728.6000,4730.0000,1,1,1,1,1,1,1,3,1,1
SF,IC2006,2019-11-04 09:36:01.500,4725.0000,5576,0,151255800.000,0,-,-,-,-,4723.0000,4722.2000,4721.6000,4721.4000,4721.2000,4727.6000,4728.2000,4728.6000,4730.0000,4730.2000,3,1,1,1,1,2,2,1,1,2
SF,IC2006,2019-11-04 09:36:02.000,4725.0000,5576,0,151255800.000,0,-,-,-,-,4724.4000,4723.2000,4723.0000,4722.2000,4721.6000,4727.6000,4728.2000,4728.6000,4730.0000,4730.2000,1,1,3,1,1,2,2,1,1,2
SF,IC2006,2019-11-04 09:36:02.500,4725.0000,5576,0,151255800.000,0,-,-,-,-,4724.6000,4724.4000,4723.2000,4722.2000,4721.6000,4727.6000,4728.2000,4728.6000,4730.0000,4730.2000,2,1,1,1,1,2,2,1,1,2
SF,IC2006,2019-11-04 09:36:03.000,4725.0000,5576,0,151255800.000,0,-,-,-,-,4724.6000,4724.4000,4723.2000,4722.2000,4721.6000,4727.6000,4728.2000,4728.6000,4730.0000,4730.2000,3,1,1,1,1,2,2,1,1,2
SF,IC2006,2019-11-04 09:36:03.500,4725.0000,5576,0,151255800.000,0,-,-,-,-,4725.2000,4724.6000,4723.2000,4722.2000,4721.6000,4727.6000,4728.2000,4728.6000,4730.0000,4730.2000,1,3,1,1,1,2,2,1,1,2
SF,IC2006,2019-11-04 09:36:04.000,4725.0000,5576,0,151255800.000,0,-,-,-,-,4725.4000,4725.2000,4724.6000,4722.2000,4721.6000,4728.2000,4728.6000,4730.0000,4730.2000,4732.4000,2,2,2,1,1,2,1,1,2,5
SF,IC2006,2019-11-04 09:36:04.500,4725.4000,5576,0,153145960.000,2,1,1,多换,S,4725.2000,4724.6000,4724.2000,4722.2000,4721.6000,4728.2000,4728.6000,4730.0000,4730.2000,4732.4000,1,2,1,1,1,3,1,1,2,5
SF,IC2006,2019-11-04 09:36:05.000,4725.4000,5576,0,153145960.000,0,-,-,-,-,4726.0000,4725.4000,4725.2000,4722.2000,4721.6000,4728.0000,4728.2000,4728.6000,4730.0000,4730.2000,1,2,1,1,1,1,2,1,1,2
SF,IC2006,2019-11-04 09:36:05.500,4725.4000,5576,0,153145960.000,0,-,-,-,-,4728.0000,4726.2000,4726.0000,4725.2000,4722.2000,4728.2000,4728.6000,4730.0000,4730.2000,4732.4000,1,1,1,1,1,2,1,1,2,5
SF,IC2006,2019-11-04 09:36:06.000,4727.8000,5577,1,154091520.000,1,1,0,双开,S,4726.2000,4726.0000,4725.2000,4722.2000,4721.4000,4728.2000,4728.6000,4730.0000,4730.2000,4732.4000,1,1,1,1,1,2,1,1,2,5
SF,IC2006,2019-11-04 09:36:06.500,4727.8000,5577,0,154091520.000,0,-,-,-,-,4727.0000,4726.2000,4726.0000,4725.2000,4722.2000,4728.2000,4728.6000,4730.0000,4730.2000,4732.4000,1,1,1,1,1,2,1,1,2,5
SF,IC2006,2019-11-04 09:36:07.000,4727.8000,5577,0,154091520.000,0,-,-,-,-,4727.2000,4726.0000,4725.2000,4722.2000,4721.4000,4728.2000,4728.6000,4730.0000,4730.2000,4732.4000,1,1,1,1,1,2,1,1,2,5
SF,IC2006,2019-11-04 09:36:07.500,4727.8000,5577,0,154091520.000,0,-,-,-,-,4727.2000,4727.0000,4725.2000,4722.2000,4721.4000,4728.2000,4728.6000,4730.0000,4730.2000,4732.4000,1,1,1,1,1,2,1,1,2,5
SF,IC2006,2019-11-04 09:36:08.000,4727.8000,5577,0,154091520.000,0,-,-,-,-,4727.2000,4722.2000,4721.4000,4720.4000,4719.2000,4728.2000,4728.6000,4730.0000,4730.2000,4732.4000,1,1,1,1,1,2,1,1,2,5
SF,IC2006,2019-11-04 09:36:08.500,4727.8000,5577,0,154091520.000,0,-,-,-,-,4727.2000,4727.0000,4722.2000,4721.4000,4720.4000,4728.2000,4728.6000,4730.0000,4730.2000,4732.4000,1,1,1,1,1,2,1,1,2,5
