市场代码,合约代码,时间,最新,持仓,增仓,成交额,成交量,开仓,平仓,成交类型,方向,买一价,买二价,买三价,买四价,买五价,卖一价,卖二价,卖三价,卖四价,卖五价,买一量,买二量,买三量,买四量,买五量,卖一量,卖二量,卖三量,卖四量,卖五量
SF,IC2003,2019-12-24 09:29:00.100,5030.0000,55450,0,47282000.000,47.000,-,-,-,-,5030.0000,5026.2000,5023.0000,5020.0000,5017.2000,5037.0000,5038.0000,5040.0000,5041.6000,5042.0000,4,1,1,2,1,1,1,2,3,1
SF,IC2003,2019-12-24 09:30:00.100,5040.0000,55445,-5,55345000.000,8,1,7,多平,S,5040.0000,5039.6000,5039.4000,5038.8000,5038.2000,5041.6000,5042.0000,5043.0000,5043.6000,5044.6000,1,1,1,2,1,3,1,1,1,3
SF,IC2003,2019-12-24 09:30:00.600,5040.2000,55436,-9,65427080.000,10,0,10,多平,S,5040.0000,5039.6000,5037.4000,5037.0000,5036.0000,5042.0000,5043.0000,5043.6000,5044.6000,5045.8000,3,1,2,3,7,1,1,3,3,1
SF,IC2003,2019-12-24 09:30:01.100,5043.0000,55434,-2,67444080.000,2,0,2,双平,S,5043.2000,5041.6000,5040.2000,5040.0000,5039.6000,5043.6000,5044.6000,5045.8000,5047.0000,5047.4000,1,1,1,3,1,3,3,1,1,2
SF,IC2003,2019-12-24 09:30:01.600,5043.2000,55430,-4,71478840.000,4,0,4,双平,S,5040.2000,5040.0000,5039.6000,5037.4000,5037.0000,5043.6000,5044.6000,5045.8000,5047.0000,5047.4000,1,3,1,2,1,2,3,1,1,2
SF,IC2003,2019-12-24 09:30:02.100,5043.6000,55419,-11,86602080.000,15,2,13,多平,S,5041.4000,5039.6000,5037.6000,5037.4000,5037.0000,5044.6000,5045.8000,5047.0000,5047.4000,5048.0000,1,2,1,2,1,5,1,1,2,2
SF,IC2003,2019-12-24 09:30:02.600,5041.4000,55418,-1,88619080.000,2,0,2,多平,S,5039.6000,5037.4000,5037.0000,5036.0000,5035.0000,5042.0000,5043.2000,5043.6000,5044.4000,5044.6000,2,2,1,7,1,1,1,1,3,5
SF,IC2003,2019-12-24 09:30:03.100,5041.4000,55418,0,88619080.000,0,-,-,-,-,5039.8000,5039.6000,5037.4000,5037.0000,5036.0000,5040.0000,5040.2000,5042.0000,5043.2000,5043.6000,1,2,2,1,7,2,1,2,1,1
SF,IC2003,2019-12-24 09:30:03.600,5040.0000,55417,-1,90635080.000,2,0,2,多平,S,5037.4000,5037.0000,5036.0000,5035.0000,5034.8000,5039.8000,5040.2000,5042.0000,5043.2000,5043.4000,2,1,7,1,3,2,1,2,1,1
SF,IC2003,2019-12-24 09:30:04.100,5037.4000,55413,-4,95674000.000,5,0,5,多平,S,5037.4000,5037.0000,5035.0000,5034.8000,5033.2000,5039.6000,5040.2000,5042.0000,5043.2000,5043.4000,1,1,1,3,1,1,1,1,1,1
SF,IC2003,2019-12-24 09:30:04.600,5039.8000,55413,0,100712760.000,5,2,3,多换,S,5037.4000,5037.0000,5035.0000,5033.2000,5032.0000,5040.2000,5042.0000,5043.2000,5043.6000,5044.4000,2,1,1,1,1,1,2,1,1,1
SF,IC2003,2019-12-24 09:30:05.100,5040.2000,55411,-2,102728800.000,2,0,2,双平,S,5037.6000,5037.4000,5037.0000,5035.0000,5033.2000,5042.0000,5043.2000,5043.6000,5044.6000,5047.0000,3,2,1,1,1,2,1,1,5,1
SF,IC2003,2019-12-24 09:30:05.600,5037.8000,55406,-5,107769000.000,5,0,5,双平,S,5037.8000,5037.6000,5037.4000,5037.0000,5035.0000,5042.0000,5043.2000,5043.6000,5044.6000,5047.0000,2,3,1,1,1,1,1,1,5,1
SF,IC2003,2019-12-24 09:30:06.100,5037.8000,55404,-2,109784120.000,2,0,2,双平,S,5037.8000,5037.6000,5037.4000,5037.0000,5035.0000,5041.8000,5042.0000,5043.2000,5043.6000,5044.6000,1,1,1,1,1,5,1,1,1,5
SF,IC2003,2019-12-24 09:30:06.600,5038.0000,55402,-2,114824040.000,5,1,4,多平,S,5037.8000,5037.6000,5037.4000,5037.0000,5035.0000,5041.6000,5041.8000,5042.0000,5043.6000,5044.6000,2,1,1,1,1,1,4,1,1,5
SF,IC2003,2019-12-24 09:30:07.100,5041.8000,55400,-2,119864160.000,5,1,4,多平,S,5038.0000,5037.6000,5037.4000,5037.0000,5035.0000,5041.8000,5042.0000,5043.6000,5044.6000,5047.0000,1,1,1,1,1,2,1,1,5,1
SF,IC2003,2019-12-24 09:30:07.600,5038.2000,55398,-2,121879480.000,2,0,2,双平,S,5038.0000,5037.6000,5037.4000,5037.0000,5035.0000,5041.6000,5041.8000,5042.0000,5043.6000,5044.6000,2,1,1,1,1,2,2,1,1,5
SF,IC2003,2019-12-24 09:30:08.100,5038.2000,55398,0,121879480.000,0,-,-,-,-,5038.2000,5038.0000,5037.6000,5037.4000,5037.0000,5041.6000,5041.8000,5042.0000,5043.6000,5044.6000,2,2,1,1,1,2,2,1,1,5
SF,IC2003,2019-12-24 09:30:08.600,5041.6000,55394,-4,125911360.000,4,0,4,双平,S,5038.4000,5038.2000,5037.6000,5037.4000,5037.0000,5041.6000,5041.8000,5042.0000,5043.6000,5044.6000,1,2,1,1,1,1,2,1,1,5
SF,IC2003,2019-12-24 09:30:09.100,5041.6000,55393,-1,127928000.000,2,0,2,多平,S,5038.6000,5038.4000,5037.6000,5037.4000,5037.0000,5041.8000,5042.0000,5043.6000,5044.6000,5047.0000,1,3,1,1,1,2,1,1,5,1
SF,IC2003,2019-12-24 09:30:09.600,5041.8000,55395,2,133978000.000,6,4,2,空开,S,5039.0000,5038.8000,5038.6000,5037.6000,5037.4000,5042.0000,5043.6000,5044.6000,5047.0000,5047.4000,1,2,3,1,1,1,1,5,1,2
SF,IC2003,2019-12-24 09:30:10.100,5035.0000,55386,-9,145062160.000,11,1,10,多平,S,5036.8000,5033.2000,5032.0000,5031.8000,5031.4000,5041.8000,5042.0000,5043.6000,5044.6000,5047.0000,2,1,1,1,1,2,1,1,5,1
SF,IC2003,2019-12-24 09:30:10.600,5031.0000,55373,-13,163189320.000,18,2,16,多平,S,5037.2000,5036.2000,5031.0000,5030.6000,5030.4000,5038.4000,5040.0000,5041.0000,5041.6000,5041.8000,2,2,15,9,1,1,1,1,1,2
SF,IC2003,2019-12-24 09:30:11.100,5040.0000,55372,-1,166213000.000,3,1,2,多平,S,5038.6000,5037.4000,5037.2000,5036.2000,5031.0000,5041.0000,5041.4000,5041.8000,5042.0000,5043.6000,1,2,2,2,15,1,1,2,1,1
SF,IC2003,2019-12-24 09:30:11.600,5038.6000,55369,-3,169236200.000,3,0,3,双平,S,5037.8000,5037.4000,5037.2000,5036.2000,5032.4000,5038.6000,5040.8000,5041.0000,5041.4000,5041.8000,2,2,2,2,1,1,1,1,2,1
SF,IC2003,2019-12-24 09:30:12.100,5040.8000,55367,-2,173267920.000,4,1,3,多平,S,5038.8000,5038.4000,5037.8000,5037.4000,5037.2000,5041.0000,5041.4000,5041.8000,5042.0000,5043.6000,1,1,2,2,2,1,2,1,1,1
SF,IC2003,2019-12-24 09:30:12.600,5040.8000,55366,-1,176292400.000,3,1,2,多平,S,5038.4000,5037.8000,5037.4000,5037.2000,5036.2000,5038.8000,5040.8000,5041.0000,5041.4000,5041.8000,1,2,2,2,2,3,1,1,2,1
SF,IC2003,2019-12-24 09:30:13.100,5038.8000,55363,-3,179315680.000,3,0,3,双平,S,5038.8000,5038.4000,5037.8000,5037.4000,5037.2000,5040.8000,5041.0000,5041.4000,5042.0000,5043.6000,2,1,2,2,2,1,1,2,1,1
SF,IC2003,2019-12-24 09:30:13.600,5038.8000,55359,-4,185362160.000,6,1,5,多平,S,5037.8000,5037.4000,5037.2000,5036.2000,5033.2000,5040.6000,5040.8000,5041.0000,5041.4000,5042.0000,2,2,2,2,1,1,1,1,2,1
SF,IC2003,2019-12-24 09:30:14.100,5038.8000,55359,0,185362160.000,0,-,-,-,-,5038.2000,5038.0000,5037.8000,5037.4000,5037.2000,5040.4000,5040.6000,5041.0000,5041.4000,5042.0000,1,1,2,2,2,1,2,1,2,1
SF,IC2003,2019-12-24 09:30:14.600,5038.2000,55349,-10,197449280.000,12,1,11,多平,S,5035.6000,5032.8000,5032.6000,5032.4000,5032.2000,5038.2000,5040.2000,5040.4000,5040.6000,5041.0000,1,1,1,4,4,2,1,1,1,1
SF,IC2003,2019-12-24 09:30:15.100,5040.2000,55347,-2,200472600.000,3,0,3,多平,S,5039.0000,5038.8000,5038.0000,5037.2000,5036.0000,5040.4000,5040.6000,5041.0000,5041.4000,5042.0000,2,2,1,1,1,2,1,1,2,1
SF,IC2003,2019-12-24 09:30:15.600,5038.0000,55347,0,205511320.000,5,2,3,多换,S,5036.0000,5035.8000,5035.6000,5034.0000,5033.0000,5038.0000,5040.4000,5040.6000,5041.0000,5041.4000,1,2,1,1,1,1,2,1,1,2
SF,IC2003,2019-12-24 09:30:16.100,5036.2000,55343,-4,210548880.000,5,0,5,多平,S,5038.2000,5038.0000,5036.0000,5035.8000,5034.0000,5040.4000,5040.6000,5041.0000,5041.4000,5043.6000,4,1,1,1,1,2,1,1,2,1
SF,IC2003,2019-12-24 09:30:16.600,5038.0000,55338,-5,217603120.000,7,1,6,多平,S,5036.0000,5034.0000,5033.0000,5032.8000,5032.6000,5037.8000,5040.2000,5040.4000,5040.6000,5041.0000,1,1,1,1,2,8,1,2,1,1
SF,IC2003,2019-12-24 09:30:17.100,5037.8000,55337,-1,219618240.000,2,0,2,多平,S,5036.6000,5036.2000,5036.0000,5034.0000,5033.8000,5037.8000,5039.0000,5040.2000,5040.4000,5040.6000,1,1,1,1,1,8,1,1,2,1
SF,IC2003,2019-12-24 09:30:17.600,5037.8000,55331,-6,227677960.000,8,1,7,多平,S,5036.2000,5036.0000,5034.0000,5033.8000,5033.0000,5037.8000,5039.0000,5040.4000,5040.6000,5041.0000,2,1,1,1,1,4,2,2,1,1
SF,IC2003,2019-12-24 09:30:18.100,5036.2000,55327,-4,234729320.000,7,1,6,多平,S,5036.0000,5034.0000,5033.8000,5033.0000,5032.8000,5036.2000,5037.8000,5038.8000,5039.0000,5040.4000,2,2,1,1,1,1,2,1,2,2
SF,IC2003,2019-12-24 09:30:18.600,5032.4000,55311,-16,252858160.000,18,1,17,多平,S,5036.4000,5035.4000,5032.4000,5032.0000,5031.6000,5037.8000,5040.6000,5041.0000,5041.4000,5043.6000,1,2,1,4,4,1,1,1,2,1
SF,IC2003,2019-12-24 09:30:19.100,5037.8000,55310,-1,255880520.000,3,1,2,多平,S,5037.8000,5036.4000,5035.4000,5032.4000,5032.0000,5040.0000,5040.6000,5041.0000,5041.4000,5043.6000,3,1,2,1,4,2,1,1,2,1
SF,IC2003,2019-12-24 09:30:19.600,5036.4000,55308,-2,262932280.000,7,2,5,多平,S,5035.4000,5032.4000,5032.0000,5031.6000,5031.4000,5036.4000,5036.8000,5037.0000,5037.8000,5039.2000,2,3,4,3,1,1,2,1,3,2
SF,IC2003,2019-12-24 09:30:20.100,5035.4000,55299,-9,276026080.000,13,2,11,多平,S,5035.4000,5034.8000,5034.4000,5033.8000,5033.4000,5037.8000,5039.2000,5039.8000,5040.0000,5040.6000,1,1,1,1,1,3,2,2,3,1
SF,IC2003,2019-12-24 09:30:20.600,5037.8000,55294,-5,281063840.000,5,0,5,双平,S,5037.8000,5035.6000,5035.4000,5033.8000,5033.6000,5038.2000,5038.8000,5039.2000,5039.8000,5040.0000,1,1,1,1,1,1,2,2,2,3
SF,IC2003,2019-12-24 09:30:21.100,5037.8000,55293,-1,282071400.000,1,0,1,双平,S,5035.6000,5035.4000,5033.8000,5033.6000,5033.4000,5038.2000,5038.8000,5039.2000,5040.0000,5040.6000,1,1,1,1,1,1,2,2,3,1
SF,IC2003,2019-12-24 09:30:21.600,5037.8000,55293,0,282071400.000,0,-,-,-,-,5035.8000,5035.6000,5035.4000,5033.8000,5033.6000,5038.0000,5038.2000,5038.8000,5039.2000,5040.0000,1,1,1,1,1,2,2,2,2,4
SF,IC2003,2019-12-24 09:30:22.100,5035.8000,55290,-3,285092920.000,3,0,3,双平,S,5035.4000,5034.0000,5033.8000,5033.6000,5033.2000,5038.0000,5038.2000,5038.8000,5039.2000,5040.0000,1,1,1,1,7,2,2,2,2,4
SF,IC2003,2019-12-24 09:30:22.600,5037.2000,55284,-6,297174680.000,12,3,9,多平,S,5035.0000,5033.2000,5033.0000,5032.6000,5032.4000,5037.6000,5037.8000,5038.0000,5038.2000,5038.8000,1,3,6,2,2,1,2,2,1,2
SF,IC2003,2019-12-24 09:30:23.100,5035.0000,55282,-2,300195800.000,3,0,3,多平,S,5033.2000,5033.0000,5032.6000,5032.4000,5032.2000,5036.8000,5037.2000,5037.4000,5037.6000,5037.8000,3,6,2,2,2,1,1,2,3,1
SF,IC2003,2019-12-24 09:30:23.600,5037.0000,55281,-1,307247280.000,7,3,4,多平,S,5035.8000,5034.6000,5033.6000,5033.4000,5033.0000,5037.0000,5037.2000,5037.6000,5038.2000,5038.8000,1,2,3,2,5,1,2,2,1,2
SF,IC2003,2019-12-24 09:30:24.100,5035.8000,55278,-3,311275920.000,4,0,4,多平,S,5034.6000,5033.6000,5033.4000,5033.0000,5032.6000,5036.4000,5036.8000,5037.0000,5037.2000,5037.6000,2,3,2,3,2,1,1,1,2,2
SF,IC2003,2019-12-24 09:30:24.600,5034.6000,55276,-2,315303960.000,4,1,3,多平,S,5033.6000,5033.4000,5033.0000,5032.6000,5032.2000,5036.4000,5036.6000,5037.0000,5037.2000,5037.6000,3,1,3,2,1,1,1,1,1,1
SF,IC2003,2019-12-24 09:30:25.100,5034.6000,55276,0,316310880.000,1,0,1,多换,S,5033.8000,5033.6000,5033.4000,5033.0000,5032.6000,5036.2000,5036.4000,5036.6000,5037.2000,5038.2000,2,3,1,3,2,1,1,9,1,1
SF,IC2003,2019-12-24 09:30:25.600,5036.0000,55274,-2,320338400.000,4,1,3,多平,S,5033.6000,5033.0000,5032.6000,5032.2000,5031.8000,5036.2000,5036.4000,5036.6000,5037.2000,5038.2000,3,3,2,1,2,1,1,8,1,1
SF,IC2003,2019-12-24 09:30:26.100,5036.2000,55274,0,322352840.000,2,1,1,多换,S,5033.8000,5033.6000,5033.0000,5032.6000,5032.2000,5036.2000,5036.4000,5036.6000,5037.2000,5038.2000,4,3,3,2,1,1,1,8,1,1
SF,IC2003,2019-12-24 09:30:26.600,5036.0000,55272,-2,324366800.000,2,0,2,双平,S,5033.8000,5033.6000,5033.0000,5032.6000,5032.2000,5036.2000,5036.4000,5036.6000,5037.2000,5038.2000,3,3,3,2,1,1,1,8,1,1
SF,IC2003,2019-12-24 09:30:27.100,5034.0000,55267,-5,329402080.000,5,0,5,双平,S,5036.2000,5034.4000,5033.8000,5033.6000,5033.0000,5036.4000,5036.6000,5038.2000,5038.8000,5039.2000,1,1,2,5,3,1,8,1,2,2
SF,IC2003,2019-12-24 09:30:27.600,5036.6000,55263,-4,333431160.000,4,0,4,双平,S,5036.4000,5036.2000,5035.0000,5034.4000,5034.0000,5036.6000,5038.2000,5038.8000,5039.2000,5040.0000,1,1,1,1,1,7,1,2,2,4
SF,IC2003,2019-12-24 09:30:28.100,5036.6000,55262,-1,335445760.000,2,0,2,多平,S,5036.4000,5036.2000,5035.0000,5034.4000,5034.2000,5036.6000,5038.2000,5038.8000,5039.2000,5040.0000,2,1,1,2,1,6,1,2,3,3
SF,IC2003,2019-12-24 09:30:28.600,5036.6000,55259,-3,339475000.000,4,0,4,多平,S,5036.4000,5036.2000,5035.2000,5035.0000,5034.4000,5036.6000,5038.2000,5038.8000,5039.2000,5040.0000,1,1,2,1,2,3,1,2,3,3
SF,IC2003,2019-12-24 09:30:29.100,5036.4000,55250,-9,348540800.000,9,0,9,双平,S,5036.6000,5036.2000,5035.2000,5035.0000,5034.4000,5038.2000,5038.8000,5039.2000,5040.0000,5041.0000,2,1,2,1,2,1,2,3,3,1
SF,IC2003,2019-12-24 09:30:29.600,5036.4000,55250,0,348540800.000,0,-,-,-,-,5036.8000,5036.6000,5036.2000,5035.2000,5035.0000,5037.8000,5038.0000,5038.2000,5038.8000,5039.2000,2,3,3,2,1,2,1,1,2,3
SF,IC2003,2019-12-24 09:30:30.100,5037.8000,55246,-4,354585600.000,6,1,5,多平,S,5036.6000,5036.2000,5035.2000,5035.0000,5034.4000,5038.2000,5038.8000,5039.2000,5040.0000,5041.0000,3,3,2,1,2,1,2,3,3,1
SF,IC2003,2019-12-24 09:30:30.600,5036.6000,55247,1,356600280.000,2,1,1,空开,S,5036.6000,5036.2000,5035.2000,5035.0000,5034.4000,5037.0000,5038.0000,5038.2000,5038.8000,5039.2000,2,3,3,1,2,1,1,3,2,3
SF,IC2003,2019-12-24 09:30:31.100,5037.0000,55247,0,357607680.000,1,0,1,多换,S,5037.6000,5037.0000,5036.6000,5036.2000,5035.2000,5038.0000,5038.2000,5038.8000,5039.2000,5040.0000,1,2,1,3,3,1,3,2,3,3
SF,IC2003,2019-12-24 09:30:31.600,5037.6000,55247,0,358615200.000,1,0,1,多换,S,5037.0000,5036.6000,5036.4000,5036.2000,5035.2000,5037.6000,5038.2000,5038.8000,5039.2000,5040.0000,2,1,1,3,3,4,3,2,3,3
SF,IC2003,2019-12-24 09:30:32.100,5036.6000,55244,-3,361637320.000,3,0,3,双平,S,5036.4000,5036.2000,5035.2000,5035.0000,5034.4000,5037.6000,5038.2000,5038.8000,5039.2000,5040.0000,1,2,2,1,3,3,3,2,3,3
SF,IC2003,2019-12-24 09:30:32.600,5036.8000,55242,-2,366674600.000,5,1,4,多平,S,5036.6000,5036.4000,5036.2000,5035.2000,5035.0000,5037.4000,5037.6000,5038.2000,5038.8000,5039.2000,1,1,2,2,1,3,3,3,2,3
SF,IC2003,2019-12-24 09:30:33.100,5037.4000,55241,-1,368689560.000,2,0,2,多平,S,5037.0000,5036.8000,5036.6000,5036.4000,5036.2000,5037.4000,5037.6000,5038.2000,5038.8000,5039.2000,1,1,1,1,2,1,3,3,2,3
SF,IC2003,2019-12-24 09:30:33.600,5037.4000,55240,-1,369697040.000,1,0,1,双平,S,5037.4000,5037.0000,5036.8000,5036.6000,5036.4000,5037.6000,5038.2000,5038.8000,5039.2000,5040.0000,2,2,1,1,1,3,3,2,3,4
SF,IC2003,2019-12-24 09:30:34.100,5037.6000,55238,-2,371712080.000,2,0,2,双平,S,5037.4000,5037.0000,5036.8000,5036.6000,5036.4000,5037.6000,5038.2000,5038.8000,5039.2000,5040.0000,2,2,1,1,1,1,3,2,3,4
SF,IC2003,2019-12-24 09:30:34.600,5037.6000,55237,-1,372719600.000,1,0,1,双平,S,5037.6000,5037.4000,5037.0000,5036.8000,5036.4000,5038.2000,5038.8000,5039.2000,5040.0000,5040.2000,1,2,2,1,1,3,2,3,4,1
SF,IC2003,2019-12-24 09:30:35.100,5037.6000,55237,0,372719600.000,0,-,-,-,-,5038.0000,5037.8000,5037.6000,5037.4000,5037.2000,5038.2000,5038.8000,5039.2000,5040.0000,5040.2000,1,3,3,2,1,3,2,3,4,1
SF,IC2003,2019-12-24 09:30:35.600,5037.6000,55237,0,372719600.000,0,-,-,-,-,5038.0000,5037.8000,5037.6000,5037.4000,5037.2000,5038.2000,5038.8000,5039.2000,5040.0000,5040.2000,1,3,3,2,1,3,2,3,4,1
SF,IC2003,2019-12-24 09:30:36.100,5038.2000,55237,0,374734880.000,2,1,1,多换,S,5038.0000,5037.8000,5037.6000,5037.4000,5037.2000,5038.2000,5038.8000,5039.2000,5040.0000,5040.2000,1,3,3,2,1,1,2,3,4,1
SF,IC2003,2019-12-24 09:30:36.600,5038.2000,55237,0,375742520.000,1,0,1,多换,S,5038.2000,5038.0000,5037.8000,5037.6000,5037.4000,5038.8000,5039.2000,5040.0000,5040.2000,5041.0000,1,1,3,3,2,2,3,4,1,1
SF,IC2003,2019-12-24 09:30:37.100,5038.2000,55237,0,375742520.000,0,-,-,-,-,5038.6000,5038.2000,5038.0000,5037.8000,5037.6000,5038.8000,5039.2000,5040.0000,5041.0000,5041.4000,1,2,1,3,3,2,3,4,1,1
SF,IC2003,2019-12-24 09:30:37.600,5038.8000,55235,-2,377758040.000,2,0,2,双平,S,5038.8000,5038.6000,5038.2000,5038.0000,5037.8000,5039.2000,5040.0000,5041.0000,5041.4000,5042.0000,4,1,4,1,3,3,4,2,1,1
SF,IC2003,2019-12-24 09:30:38.100,5038.8000,55234,-1,378765800.000,1,0,1,双平,S,5038.8000,5038.6000,5038.2000,5038.0000,5037.8000,5039.2000,5040.0000,5041.0000,5041.4000,5042.0000,3,1,4,1,2,1,4,2,1,1
SF,IC2003,2019-12-24 09:30:38.600,5039.2000,55234,0,379773640.000,1,0,1,多换,S,5039.0000,5038.8000,5038.6000,5038.2000,5038.0000,5040.0000,5041.0000,5041.4000,5042.0000,5043.6000,1,2,1,4,1,4,2,1,1,1
SF,IC2003,2019-12-24 09:30:39.100,5039.2000,55234,0,379773640.000,0,-,-,-,-,5039.4000,5039.0000,5038.8000,5038.6000,5038.2000,5040.0000,5041.0000,5041.4000,5042.0000,5043.6000,1,1,2,1,4,4,2,1,1,1
SF,IC2003,2019-12-24 09:30:39.600,5039.2000,55234,0,379773640.000,0,-,-,-,-,5039.4000,5039.0000,5038.8000,5038.6000,5038.2000,5040.0000,5041.0000,5041.4000,5042.0000,5043.6000,1,1,2,1,4,4,1,1,1,1
SF,IC2003,2019-12-24 09:30:40.100,5040.0000,55232,-2,381789640.000,2,0,2,双平,S,5039.6000,5039.4000,5039.2000,5039.0000,5038.8000,5040.0000,5041.0000,5041.4000,5042.0000,5042.4000,1,1,2,1,2,2,1,1,1,1
SF,IC2003,2019-12-24 09:30:40.600,5040.0000,55230,-2,383805640.000,2,0,2,双平,S,5040.2000,5040.0000,5039.8000,5039.6000,5039.4000,5041.0000,5041.4000,5042.0000,5042.4000,5043.6000,1,3,1,1,1,1,1,1,1,1
SF,IC2003,2019-12-24 09:30:41.100,5040.2000,55229,-1,384813680.000,1,0,1,双平,S,5040.6000,5040.2000,5040.0000,5039.8000,5039.6000,5040.8000,5041.0000,5041.4000,5042.0000,5042.4000,1,1,2,1,1,1,1,1,1,1
SF,IC2003,2019-12-24 09:30:41.600,5040.6000,55229,0,386829920.000,2,1,1,多换,S,5040.6000,5040.2000,5040.0000,5039.8000,5039.6000,5040.8000,5041.0000,5041.4000,5042.0000,5042.4000,1,1,2,1,1,1,2,1,1,1
SF,IC2003,2019-12-24 09:30:42.100,5040.6000,55228,-1,387838040.000,1,0,1,双平,S,5040.2000,5040.0000,5039.8000,5039.6000,5039.4000,5040.6000,5040.8000,5041.0000,5041.4000,5042.0000,1,2,1,1,1,1,1,2,1,1
SF,IC2003,2019-12-24 09:30:42.600,5041.0000,55227,-1,392878560.000,5,2,3,多平,S,5040.6000,5040.0000,5039.8000,5039.6000,5039.4000,5041.0000,5041.4000,5041.6000,5042.0000,5042.4000,2,2,1,1,1,1,1,2,1,1
SF,IC2003,2019-12-24 09:30:43.100,5040.6000,55224,-3,395902920.000,3,0,3,双平,S,5040.0000,5039.8000,5039.6000,5039.4000,5039.2000,5040.4000,5040.6000,5041.0000,5041.4000,5041.6000,3,1,1,1,7,1,1,1,1,2
SF,IC2003,2019-12-24 09:30:43.600,5039.6000,55221,-3,403966840.000,8,2,6,多平,S,5039.4000,5039.2000,5038.8000,5038.6000,5038.2000,5040.2000,5040.4000,5040.6000,5041.0000,5041.4000,1,7,2,1,4,1,1,1,1,1
SF,IC2003,2019-12-24 09:30:44.100,5039.6000,55221,0,403966840.000,0,-,-,-,-,5039.4000,5039.2000,5038.8000,5038.6000,5038.2000,5040.2000,5040.4000,5040.6000,5041.0000,5041.4000,1,7,2,1,4,2,1,1,1,1
SF,IC2003,2019-12-24 09:30:44.600,5040.0000,55218,-3,406990720.000,3,0,3,双平,S,5039.2000,5038.8000,5038.6000,5038.2000,5038.0000,5040.0000,5040.2000,5040.4000,5040.6000,5041.0000,7,2,1,4,2,3,2,1,1,1
SF,IC2003,2019-12-24 09:30:45.100,5039.6000,55218,0,409006640.000,2,1,1,多换,S,5039.2000,5038.8000,5038.6000,5038.2000,5038.0000,5040.0000,5040.2000,5040.6000,5040.8000,5041.0000,7,2,1,4,2,4,2,1,1,1
SF,IC2003,2019-12-24 09:30:45.600,5040.0000,55218,0,413038480.000,4,2,2,多换,S,5039.2000,5038.8000,5038.6000,5038.2000,5038.0000,5040.0000,5040.2000,5040.6000,5040.8000,5041.0000,6,2,1,4,2,2,3,1,1,1
SF,IC2003,2019-12-24 09:30:46.100,5040.0000,55216,-2,415054480.000,2,0,2,双平,S,5039.6000,5039.4000,5039.2000,5038.8000,5038.6000,5040.0000,5040.2000,5040.6000,5040.8000,5041.0000,1,1,6,2,1,2,3,1,1,1
SF,IC2003,2019-12-24 09:30:46.600,5040.0000,55214,-2,418078400.000,3,0,3,多平,S,5040.0000,5039.4000,5039.2000,5038.8000,5038.6000,5040.2000,5040.6000,5040.8000,5041.0000,5041.4000,3,1,6,2,1,3,1,1,3,1
SF,IC2003,2019-12-24 09:30:47.100,5040.0000,55212,-2,426142040.000,8,3,5,多平,S,5039.2000,5038.8000,5038.6000,5038.2000,5038.0000,5040.2000,5040.6000,5040.8000,5041.0000,5041.4000,5,2,1,2,2,2,1,1,3,1
SF,IC2003,2019-12-24 09:30:47.600,5040.0000,55212,0,426142040.000,0,-,-,-,-,5039.4000,5039.2000,5038.8000,5038.6000,5038.2000,5040.0000,5040.2000,5040.4000,5040.6000,5040.8000,1,5,2,1,2,1,2,1,1,1
SF,IC2003,2019-12-24 09:30:48.100,5040.0000,55212,0,427150040.000,1,0,1,多换,S,5040.0000,5039.6000,5039.2000,5038.8000,5038.6000,5040.2000,5040.4000,5040.6000,5040.8000,5041.0000,1,1,5,2,1,2,1,1,1,3
SF,IC2003,2019-12-24 09:30:48.600,5040.0000,55206,-6,434206040.000,7,0,7,多平,S,5039.6000,5039.2000,5038.8000,5038.6000,5038.2000,5040.0000,5040.2000,5040.4000,5040.8000,5041.0000,1,5,2,1,2,2,2,1,1,3
SF,IC2003,2019-12-24 09:30:49.100,5039.2000,55204,-2,439245680.000,5,1,4,多平,S,5039.2000,5038.6000,5038.2000,5038.0000,5037.8000,5040.0000,5040.2000,5040.4000,5040.8000,5041.0000,4,1,2,2,2,18,2,1,1,3
SF,IC2003,2019-12-24 09:30:49.600,5040.0000,55201,-3,442269360.000,3,0,3,双平,S,5039.2000,5038.6000,5038.2000,5038.0000,5037.8000,5040.0000,5040.2000,5040.4000,5040.8000,5041.0000,2,1,2,2,2,17,2,1,1,3
SF,IC2003,2019-12-24 09:30:50.100,5039.8000,55198,-3,448317000.000,6,1,5,多平,S,5039.2000,5038.6000,5038.2000,5038.0000,5037.8000,5040.0000,5040.2000,5040.4000,5040.8000,5041.0000,1,1,2,2,2,17,2,1,1,3
SF,IC2003,2019-12-24 09:30:50.600,5040.0000,55193,-5,454364840.000,6,0,6,多平,S,5039.0000,5038.6000,5038.2000,5038.0000,5037.8000,5040.0000,5040.2000,5040.4000,5040.8000,5041.0000,5,1,2,2,2,13,2,1,1,3
SF,IC2003,2019-12-24 09:30:51.100,5040.0000,55193,0,454364840.000,0,-,-,-,-,5039.2000,5039.0000,5038.6000,5038.2000,5038.0000,5039.8000,5040.0000,5040.2000,5040.4000,5040.8000,6,5,1,2,2,2,13,2,1,1
SF,IC2003,2019-12-24 09:30:52.100,5039.2000,55192,-1,458396520.000,4,1,3,多平,S,5039.8000,5039.2000,5039.0000,5038.6000,5038.2000,5040.0000,5040.2000,5040.4000,5040.8000,5041.0000,4,4,5,1,2,13,2,1,1,3
SF,IC2003,2019-12-24 09:30:52.600,5039.4000,55183,-9,473516200.000,15,3,12,多平,S,5039.2000,5039.0000,5038.6000,5038.2000,5038.0000,5040.0000,5040.2000,5040.4000,5040.8000,5041.0000,4,6,1,2,1,6,2,1,1,3
SF,IC2003,2019-12-24 09:30:53.100,5039.4000,55183,0,473516200.000,0,-,-,-,-,5039.4000,5039.2000,5039.0000,5038.6000,5038.2000,5040.0000,5040.2000,5040.4000,5040.8000,5041.0000,2,4,6,1,2,6,2,1,1,3
SF,IC2003,2019-12-24 09:30:53.600,5040.0000,55181,-2,480571720.000,7,2,5,多平,S,5039.4000,5039.2000,5039.0000,5038.6000,5038.2000,5040.0000,5040.2000,5040.4000,5040.8000,5041.0000,1,4,6,1,2,7,2,1,1,3
SF,IC2003,2019-12-24 09:30:54.100,5039.2000,55180,-1,482587440.000,2,0,2,多平,S,5039.2000,5039.0000,5038.6000,5038.2000,5038.0000,5039.4000,5040.0000,5040.2000,5040.4000,5040.8000,3,6,1,2,1,3,7,2,1,1
SF,IC2003,2019-12-24 09:30:54.600,5039.2000,55180,0,485610960.000,3,1,2,多换,S,5039.0000,5038.6000,5038.2000,5038.0000,5037.8000,5039.2000,5039.4000,5040.0000,5040.2000,5040.4000,6,1,2,1,2,3,3,7,2,1
SF,IC2003,2019-12-24 09:30:55.100,5039.4000,55177,-3,492665880.000,7,2,5,多平,S,5039.0000,5038.6000,5038.2000,5038.0000,5037.8000,5040.0000,5040.2000,5040.4000,5040.8000,5041.0000,4,1,2,1,2,7,1,1,1,3
SF,IC2003,2019-12-24 09:30:55.600,5039.0000,55178,1,497705080.000,5,3,2,空开,S,5039.2000,5039.0000,5038.6000,5038.2000,5038.0000,5040.0000,5040.2000,5040.4000,5040.8000,5041.0000,1,2,1,2,1,7,1,1,1,3
SF,IC2003,2019-12-24 09:30:56.100,5039.8000,55178,0,501736760.000,4,2,2,多换,S,5039.2000,5039.0000,5038.6000,5038.2000,5038.0000,5039.8000,5040.0000,5040.2000,5040.4000,5040.8000,1,2,1,2,1,1,7,1,1,1
SF,IC2003,2019-12-24 09:30:56.600,5039.2000,55178,0,503752440.000,2,1,1,多换,S,5039.0000,5038.2000,5038.0000,5037.8000,5037.6000,5039.2000,5039.6000,5039.8000,5040.0000,5040.2000,2,2,1,2,2,2,1,1,7,1
SF,IC2003,2019-12-24 09:30:57.100,5039.8000,55173,-5,511815080.000,8,1,7,多平,S,5038.2000,5038.0000,5037.6000,5037.0000,5036.8000,5040.0000,5040.2000,5040.4000,5040.8000,5041.0000,2,1,2,1,1,7,3,1,1,3
SF,IC2003,2019-12-24 09:30:57.600,5039.8000,55173,0,511815080.000,0,-,-,-,-,5038.6000,5038.4000,5038.2000,5038.0000,5037.6000,5039.8000,5040.0000,5040.2000,5040.4000,5040.8000,1,3,2,1,2,2,7,3,1,1
SF,IC2003,2019-12-24 09:30:58.100,5038.4000,55172,-1,513830480.000,2,0,2,多平,S,5038.2000,5038.0000,5037.6000,5037.0000,5036.8000,5038.6000,5039.6000,5039.8000,5040.0000,5040.2000,2,1,2,1,1,3,2,2,7,3
SF,IC2003,2019-12-24 09:30:58.600,5038.4000,55172,0,513830480.000,0,-,-,-,-,5038.2000,5038.0000,5037.6000,5037.0000,5036.4000,5038.6000,5039.6000,5039.8000,5040.0000,5040.2000,2,1,2,1,1,3,1,2,7,3
SF,IC2003,2019-12-24 09:30:59.100,5038.6000,55169,-3,516853640.000,3,0,3,双平,S,5038.2000,5038.0000,5037.6000,5037.0000,5036.4000,5039.6000,5039.8000,5040.0000,5040.2000,5040.4000,2,1,2,1,1,1,2,7,3,1
SF,IC2003,2019-12-24 09:30:59.600,5039.4000,55169,0,520884680.000,4,2,2,多换,S,5039.2000,5038.0000,5037.6000,5037.0000,5036.4000,5039.6000,5040.0000,5040.2000,5040.4000,5040.8000,2,1,2,1,1,3,8,3,1,1
SF,IC2003,2019-12-24 09:31:00.100,5039.2000,55168,-1,523908200.000,3,1,2,多平,S,5038.0000,5037.6000,5037.0000,5036.4000,5036.0000,5038.2000,5039.6000,5040.0000,5040.2000,5040.4000,1,2,1,1,3,2,3,8,3,1
SF,IC2003,2019-12-24 09:31:00.600,5037.8000,55168,0,526930880.000,3,1,2,多换,S,5037.6000,5037.0000,5036.4000,5036.0000,5035.2000,5037.8000,5038.2000,5039.6000,5040.0000,5040.2000,1,1,1,3,1,1,2,3,8,3
SF,IC2003,2019-12-24 09:31:01.100,5037.6000,55168,0,527938400.000,1,0,1,多换,S,5037.0000,5036.4000,5036.0000,5035.2000,5035.0000,5037.8000,5038.2000,5039.6000,5040.0000,5040.2000,1,1,3,1,2,1,2,3,8,3
SF,IC2003,2019-12-24 09:31:01.600,5037.6000,55168,0,527938400.000,0,-,-,-,-,5037.0000,5036.4000,5036.0000,5035.2000,5035.0000,5037.8000,5038.2000,5039.6000,5040.0000,5040.2000,1,1,3,1,2,1,2,2,8,3
SF,IC2003,2019-12-24 09:31:02.100,5037.8000,55167,-1,528945960.000,1,0,1,双平,S,5037.8000,5037.2000,5037.0000,5036.4000,5036.0000,5038.0000,5038.2000,5039.6000,5040.0000,5040.2000,1,1,1,1,3,1,2,1,8,3
SF,IC2003,2019-12-24 09:31:02.600,5038.0000,55166,-1,529953560.000,1,0,1,双平,S,5037.2000,5037.0000,5036.4000,5036.0000,5035.0000,5038.2000,5039.6000,5040.0000,5040.2000,5040.4000,3,1,1,3,2,2,1,8,3,1
SF,IC2003,2019-12-24 09:31:03.100,5038.0000,55166,0,529953560.000,0,-,-,-,-,5037.2000,5037.0000,5036.4000,5036.0000,5035.0000,5038.2000,5039.6000,5040.0000,5040.2000,5040.4000,3,1,1,3,2,2,1,8,3,1
SF,IC2003,2019-12-24 09:31:03.600,5039.6000,55161,-5,535999680.000,6,0,6,多平,S,5039.6000,5039.2000,5038.2000,5037.8000,5037.2000,5040.0000,5040.2000,5040.4000,5040.8000,5041.0000,1,10,3,4,3,8,3,1,1,3
SF,IC2003,2019-12-24 09:31:04.100,5039.6000,55161,0,537007600.000,1,0,1,多换,S,5039.2000,5038.2000,5037.8000,5037.2000,5037.0000,5039.4000,5039.6000,5040.0000,5040.2000,5040.4000,10,3,4,3,1,1,2,8,3,1
SF,IC2003,2019-12-24 09:31:04.600,5039.2000,55158,-3,540031120.000,3,0,3,双平,S,5039.2000,5038.2000,5037.8000,5037.2000,5037.0000,5039.4000,5039.6000,5040.0000,5040.2000,5040.4000,7,3,5,3,2,1,1,8,3,1
SF,IC2003,2019-12-24 09:31:05.100,5039.2000,55154,-4,544062520.000,4,0,4,双平,S,5039.2000,5038.2000,5037.8000,5037.2000,5037.0000,5040.0000,5040.2000,5040.4000,5040.8000,5041.0000,6,3,5,3,2,8,3,1,1,3
SF,IC2003,2019-12-24 09:31:05.600,5039.2000,55154,0,544062520.000,0,-,-,-,-,5039.2000,5038.2000,5037.8000,5037.2000,5037.0000,5040.0000,5040.2000,5040.4000,5040.8000,5041.0000,6,3,5,3,2,8,3,1,1,3
SF,IC2003,2019-12-24 09:31:06.100,5039.2000,55150,-4,548093880.000,4,0,4,双平,S,5039.2000,5038.2000,5037.8000,5037.2000,5037.0000,5040.0000,5040.2000,5040.4000,5040.8000,5041.0000,2,3,5,3,2,8,3,1,1,3
SF,IC2003,2019-12-24 09:31:06.600,5040.0000,55147,-3,552125880.000,4,0,4,多平,S,5039.4000,5039.2000,5038.2000,5037.8000,5037.2000,5040.0000,5040.2000,5040.4000,5040.8000,5041.0000,2,2,3,5,3,4,3,1,1,3
SF,IC2003,2019-12-24 09:31:07.100,5039.4000,55146,-1,556157640.000,4,1,3,多平,S,5039.2000,5038.2000,5037.8000,5037.2000,5037.0000,5039.4000,5040.0000,5040.2000,5040.4000,5040.8000,2,3,5,3,2,1,3,3,1,1
SF,IC2003,2019-12-24 09:31:07.600,5039.4000,55145,-1,557165520.000,1,0,1,双平,S,5039.2000,5038.2000,5037.8000,5037.2000,5037.0000,5040.0000,5040.2000,5040.4000,5040.8000,5041.0000,2,3,5,2,2,3,3,1,1,3
SF,IC2003,2019-12-24 09:31:08.100,5039.2000,55141,-4,561196960.000,4,0,4,双平,S,5038.2000,5037.8000,5037.2000,5037.0000,5036.4000,5039.2000,5040.0000,5040.2000,5040.4000,5040.8000,3,5,2,2,1,1,3,3,1,1
SF,IC2003,2019-12-24 09:31:08.600,5039.2000,55141,0,562204800.000,1,0,1,多换,S,5039.2000,5038.4000,5038.2000,5037.8000,5037.2000,5040.0000,5040.2000,5040.4000,5040.8000,5041.0000,4,2,3,5,2,3,3,1,1,3
SF,IC2003,2019-12-24 09:31:09.100,5040.0000,55131,-10,583367160.000,21,5,16,多平,S,5039.4000,5037.0000,5036.4000,5036.0000,5035.0000,5040.0000,5040.2000,5040.4000,5040.8000,5041.0000,2,2,1,3,3,2,3,1,1,3
SF,IC2003,2019-12-24 09:31:09.600,5039.4000,55133,2,585382920.000,2,2,0,双开,S,5038.8000,5037.0000,5036.4000,5036.0000,5035.8000,5039.4000,5039.8000,5040.0000,5040.2000,5040.4000,1,2,1,3,2,6,1,2,3,1
SF,IC2003,2019-12-24 09:31:10.100,5039.4000,55132,-1,586390800.000,1,0,1,双平,S,5038.8000,5037.0000,5036.4000,5036.0000,5035.8000,5039.2000,5039.4000,5039.8000,5040.0000,5040.2000,1,2,1,3,2,4,3,1,2,3
SF,IC2003,2019-12-24 09:31:10.600,5038.8000,55132,0,587398560.000,1,0,1,多换,S,5037.0000,5036.4000,5036.0000,5035.8000,5035.0000,5038.4000,5039.2000,5039.4000,5039.8000,5040.0000,2,1,3,2,3,1,4,3,1,2
SF,IC2003,2019-12-24 09:31:11.100,5037.2000,55129,-3,591428800.000,4,0,4,多平,S,5037.2000,5037.0000,5036.4000,5036.0000,5035.8000,5038.8000,5039.2000,5039.4000,5039.8000,5040.0000,3,2,1,3,2,15,4,3,1,2
SF,IC2003,2019-12-24 09:31:11.600,5037.2000,55128,-1,592436240.000,1,0,1,双平,S,5038.2000,5037.2000,5037.0000,5036.4000,5036.0000,5038.8000,5039.2000,5039.4000,5039.8000,5040.0000,1,3,2,1,3,15,4,3,1,2
SF,IC2003,2019-12-24 09:31:12.100,5038.2000,55126,-2,598482080.000,6,2,4,多平,S,5037.2000,5037.0000,5036.4000,5036.0000,5035.8000,5038.2000,5038.8000,5039.2000,5039.4000,5039.8000,2,2,1,3,2,1,15,4,3,1
SF,IC2003,2019-12-24 09:31:12.600,5038.2000,55126,0,598482080.000,0,-,-,-,-,5037.4000,5037.2000,5037.0000,5036.4000,5036.0000,5038.2000,5038.8000,5039.2000,5039.4000,5039.8000,1,1,2,1,3,1,15,4,3,1
SF,IC2003,2019-12-24 09:31:13.100,5038.2000,55126,0,598482080.000,0,-,-,-,-,5037.6000,5037.0000,5036.4000,5036.0000,5035.8000,5038.2000,5038.8000,5039.2000,5039.4000,5039.8000,1,2,1,3,2,1,15,4,3,1
SF,IC2003,2019-12-24 09:31:13.600,5038.2000,55126,0,598482080.000,0,-,-,-,-,5037.0000,5036.4000,5036.0000,5035.8000,5035.0000,5037.2000,5038.2000,5038.8000,5039.2000,5039.4000,2,1,3,2,3,1,2,15,4,3
SF,IC2003,2019-12-24 09:31:14.100,5038.2000,55126,0,600497160.000,2,1,1,多换,S,5037.4000,5037.2000,5037.0000,5036.4000,5036.0000,5038.2000,5038.8000,5039.2000,5039.4000,5039.8000,1,2,2,1,3,1,15,4,3,1
SF,IC2003,2019-12-24 09:31:14.600,5038.2000,55126,0,600497160.000,0,-,-,-,-,5037.0000,5036.4000,5036.0000,5035.8000,5035.0000,5038.2000,5038.8000,5039.2000,5039.4000,5039.8000,2,1,3,2,2,1,15,4,3,1
SF,IC2003,2019-12-24 09:31:15.100,5038.2000,55126,0,600497160.000,0,-,-,-,-,5037.2000,5037.0000,5036.4000,5036.0000,5035.8000,5038.2000,5038.8000,5039.2000,5039.4000,5039.8000,2,2,1,3,2,1,15,4,3,1
SF,IC2003,2019-12-24 09:31:15.600,5038.2000,55126,0,601504800.000,1,0,1,多换,S,5037.6000,5037.4000,5037.2000,5037.0000,5036.4000,5038.2000,5038.8000,5039.2000,5039.4000,5039.8000,1,1,1,2,1,6,15,4,3,1
SF,IC2003,2019-12-24 09:31:16.100,5038.2000,55125,-1,604527720.000,3,1,2,多平,S,5037.6000,5037.0000,5036.4000,5036.0000,5035.8000,5038.2000,5038.8000,5039.4000,5039.8000,5040.0000,1,2,1,3,2,3,15,3,1,3
SF,IC2003,2019-12-24 09:31:16.600,5037.0000,55125,0,606542640.000,2,1,1,多换,S,5037.0000,5036.4000,5036.0000,5035.8000,5035.0000,5037.2000,5038.2000,5038.8000,5039.4000,5039.8000,1,1,3,2,2,6,3,15,3,1
SF,IC2003,2019-12-24 09:31:17.100,5037.2000,55120,-5,612587280.000,6,0,6,多平,S,5037.0000,5036.4000,5036.0000,5035.8000,5035.0000,5038.2000,5038.8000,5039.4000,5039.8000,5040.0000,1,1,3,2,2,3,15,3,1,3
SF,IC2003,2019-12-24 09:31:17.600,5037.2000,55120,0,612587280.000,0,-,-,-,-,5037.0000,5036.4000,5036.0000,5035.8000,5035.0000,5038.0000,5038.2000,5038.8000,5039.4000,5040.0000,1,1,3,2,2,2,3,15,3,8
SF,IC2003,2019-12-24 09:31:18.100,5037.2000,55120,0,612587280.000,0,-,-,-,-,5037.0000,5036.4000,5036.0000,5035.8000,5035.0000,5038.0000,5038.2000,5038.8000,5039.4000,5040.0000,1,1,3,2,2,2,3,15,3,8
SF,IC2003,2019-12-24 09:31:18.600,5037.0000,55120,0,613594680.000,1,0,1,多换,S,5036.4000,5036.0000,5035.0000,5034.4000,5034.0000,5038.0000,5038.2000,5038.8000,5039.4000,5040.0000,1,3,2,1,6,1,3,15,3,8
SF,IC2003,2019-12-24 09:31:19.100,5038.0000,55118,-2,615609880.000,2,0,2,双平,S,5038.0000,5036.6000,5036.4000,5036.0000,5035.0000,5038.2000,5038.8000,5039.4000,5040.0000,5040.2000,1,2,1,3,2,3,15,3,8,3
SF,IC2003,2019-12-24 09:31:19.600,5037.0000,55115,-3,618632280.000,3,0,3,双平,S,5036.4000,5036.0000,5035.0000,5034.4000,5034.0000,5037.0000,5037.8000,5038.0000,5038.2000,5038.8000,1,3,2,1,6,1,4,2,4,15
SF,IC2003,2019-12-24 09:31:20.100,5037.8000,55115,0,620647240.000,2,1,1,多换,S,5036.4000,5036.0000,5035.0000,5034.4000,5034.0000,5038.0000,5038.2000,5038.8000,5039.4000,5040.0000,1,3,2,1,6,2,4,4,3,8
SF,IC2003,2019-12-24 09:31:20.600,5036.4000,55115,0,621654520.000,1,0,1,多换,S,5036.0000,5035.0000,5034.4000,5034.0000,5033.8000,5036.4000,5037.8000,5038.0000,5038.2000,5039.4000,3,3,1,6,1,4,3,1,4,3
SF,IC2003,2019-12-24 09:31:21.100,5036.4000,55115,0,621654520.000,0,-,-,-,-,5036.0000,5035.0000,5034.4000,5034.0000,5033.8000,5036.4000,5037.4000,5037.8000,5038.0000,5038.2000,3,3,1,5,1,4,1,3,1,4
SF,IC2003,2019-12-24 09:31:21.600,5036.4000,55113,-2,626690600.000,5,1,4,多平,S,5035.0000,5034.4000,5034.0000,5033.8000,5033.2000,5036.0000,5036.4000,5037.4000,5037.8000,5038.0000,3,1,5,1,3,3,3,1,3,1
SF,IC2003,2019-12-24 09:31:22.100,5036.4000,55113,0,626690600.000,0,-,-,-,-,5035.0000,5034.4000,5034.0000,5033.8000,5033.2000,5035.6000,5036.0000,5036.4000,5037.8000,5038.0000,3,1,5,1,3,1,3,3,3,1
SF,IC2003,2019-12-24 09:31:22.600,5035.0000,55112,-1,635754440.000,9,4,5,多平,S,5035.0000,5034.4000,5034.0000,5033.2000,5033.0000,5036.0000,5036.4000,5037.8000,5038.0000,5038.2000,2,1,5,3,3,6,3,2,1,4
SF,IC2003,2019-12-24 09:31:23.100,5035.0000,55112,0,635754440.000,0,-,-,-,-,5035.2000,5035.0000,5034.4000,5034.0000,5033.2000,5036.0000,5036.4000,5037.8000,5038.0000,5038.2000,2,2,1,5,3,6,3,2,1,4
SF,IC2003,2019-12-24 09:31:23.600,5035.0000,55110,-2,638775480.000,3,0,3,多平,S,5034.4000,5034.0000,5033.2000,5033.0000,5032.6000,5035.0000,5035.8000,5036.0000,5036.4000,5038.0000,1,5,3,2,2,3,1,6,3,1
SF,IC2003,2019-12-24 09:31:24.100,5034.4000,55110,0,639782360.000,1,0,1,多换,S,5034.0000,5033.0000,5032.6000,5031.8000,5031.6000,5034.4000,5035.8000,5036.0000,5036.4000,5038.2000,5,2,2,3,2,4,1,6,3,4
SF,IC2003,2019-12-24 09:31:24.600,5034.4000,55111,1,645823280.000,6,3,3,空开,S,5035.0000,5034.0000,5033.0000,5032.6000,5031.8000,5035.8000,5036.0000,5036.4000,5038.2000,5039.4000,1,1,2,2,3,1,6,3,4,3
SF,IC2003,2019-12-24 09:31:25.100,5035.0000,55110,-1,646830280.000,1,0,1,双平,S,5034.0000,5033.0000,5032.6000,5031.8000,5031.6000,5035.6000,5036.0000,5036.4000,5038.2000,5039.4000,1,2,2,3,1,1,6,3,4,3
SF,IC2003,2019-12-24 09:31:25.600,5035.0000,55110,0,646830280.000,0,-,-,-,-,5034.0000,5033.0000,5031.6000,5031.2000,5031.0000,5035.4000,5035.6000,5036.0000,5036.4000,5038.2000,1,2,1,1,16,2,1,6,3,4
SF,IC2003,2019-12-24 09:31:26.100,5034.0000,55108,-2,649851000.000,3,0,3,多平,S,5033.0000,5031.6000,5031.2000,5031.0000,5030.8000,5034.0000,5035.4000,5035.6000,5036.0000,5036.4000,2,1,1,16,3,1,2,1,6,3
SF,IC2003,2019-12-24 09:31:26.600,5034.0000,55106,-2,651864600.000,2,0,2,双平,S,5034.0000,5033.2000,5033.0000,5031.6000,5031.2000,5035.6000,5036.0000,5036.4000,5038.2000,5039.4000,4,2,2,1,1,1,2,3,3,3
SF,IC2003,2019-12-24 09:31:27.100,5034.0000,55106,0,651864600.000,0,-,-,-,-,5034.2000,5034.0000,5033.0000,5031.6000,5031.2000,5035.4000,5036.0000,5036.4000,5038.2000,5039.4000,2,4,2,1,1,1,2,3,3,3
SF,IC2003,2019-12-24 09:31:27.600,5035.4000,55105,-1,652871680.000,1,0,1,双平,S,5035.8000,5034.4000,5034.2000,5034.0000,5033.0000,5036.0000,5036.4000,5038.2000,5039.4000,5040.0000,2,1,2,4,2,2,3,3,3,8
SF,IC2003,2019-12-24 09:31:28.100,5035.8000,55105,0,654886000.000,2,1,1,多换,S,5034.4000,5034.2000,5034.0000,5033.0000,5031.6000,5035.4000,5035.8000,5036.0000,5036.4000,5038.0000,1,1,4,2,1,2,2,3,3,1
SF,IC2003,2019-12-24 09:31:28.600,5035.8000,55105,0,654886000.000,0,-,-,-,-,5034.6000,5034.4000,5034.2000,5034.0000,5033.0000,5035.8000,5036.0000,5036.4000,5038.0000,5038.2000,3,1,1,4,2,1,3,3,1,3
SF,IC2003,2019-12-24 09:31:29.100,5034.6000,55103,-2,656899880.000,2,0,2,双平,S,5034.6000,5034.2000,5034.0000,5033.0000,5031.2000,5036.0000,5036.4000,5038.0000,5038.2000,5039.4000,1,2,4,2,1,2,3,1,3,3
SF,IC2003,2019-12-24 09:31:29.600,5034.2000,55103,0,658913640.000,2,1,1,多换,S,5034.2000,5034.0000,5033.0000,5031.2000,5031.0000,5034.4000,5035.8000,5036.0000,5036.4000,5038.0000,1,4,2,1,16,5,1,2,3,1
SF,IC2003,2019-12-24 09:31:30.100,5034.4000,55098,-5,663948040.000,5,0,5,双平,S,5034.2000,5034.0000,5033.0000,5031.2000,5031.0000,5035.8000,5036.0000,5036.4000,5038.0000,5038.2000,1,4,2,1,16,1,2,3,1,3
SF,IC2003,2019-12-24 09:31:30.600,5034.4000,55098,0,663948040.000,0,-,-,-,-,5034.2000,5034.0000,5033.6000,5033.0000,5031.2000,5035.6000,5035.8000,5036.0000,5036.4000,5038.0000,1,1,1,2,1,1,2,2,3,1
SF,IC2003,2019-12-24 09:31:31.100,5034.2000,55097,-1,665962000.000,2,0,2,多平,S,5034.0000,5033.6000,5033.0000,5031.2000,5031.0000,5034.2000,5035.8000,5036.0000,5036.4000,5038.0000,1,1,2,1,16,9,2,2,3,1
SF,IC2003,2019-12-24 09:31:31.600,5034.2000,55091,-6,675023560.000,9,1,8,多平,S,5034.4000,5034.0000,5033.6000,5033.0000,5031.2000,5034.6000,5035.8000,5036.0000,5036.4000,5038.0000,4,1,1,2,1,1,1,2,3,1
SF,IC2003,2019-12-24 09:31:32.100,5034.6000,55091,0,676030480.000,1,0,1,多换,S,5034.4000,5034.2000,5034.0000,5033.6000,5033.0000,5035.8000,5036.0000,5036.4000,5038.0000,5038.2000,2,2,1,1,2,1,2,3,1,3
SF,IC2003,2019-12-24 09:31:32.600,5034.6000,55091,0,676030480.000,0,-,-,-,-,5034.6000,5034.2000,5034.0000,5033.6000,5033.0000,5035.8000,5036.0000,5036.4000,5038.0000,5038.2000,2,2,1,1,2,2,2,3,1,3
SF,IC2003,2019-12-24 09:31:33.100,5035.8000,55091,0,677037640.000,1,0,1,多换,S,5034.6000,5034.2000,5034.0000,5033.6000,5033.0000,5036.0000,5036.4000,5038.0000,5038.2000,5040.0000,1,3,1,1,2,2,3,1,3,9
SF,IC2003,2019-12-24 09:31:33.600,5034.6000,55090,-1,679051720.000,2,0,2,多平,S,5034.2000,5034.0000,5033.6000,5033.0000,5031.2000,5036.0000,5036.4000,5038.0000,5038.2000,5040.0000,3,1,1,2,1,2,3,1,3,9
SF,IC2003,2019-12-24 09:31:34.100,5034.6000,55090,0,679051720.000,0,-,-,-,-,5034.4000,5034.2000,5034.0000,5033.6000,5033.0000,5036.0000,5036.4000,5038.0000,5038.2000,5040.0000,1,3,1,1,2,3,3,1,3,9
SF,IC2003,2019-12-24 09:31:34.600,5034.6000,55090,0,679051720.000,0,-,-,-,-,5034.4000,5034.2000,5034.0000,5033.6000,5033.0000,5035.8000,5036.0000,5036.4000,5038.0000,5038.2000,1,3,1,1,2,1,3,3,1,3
SF,IC2003,2019-12-24 09:31:35.100,5034.4000,55087,-3,682072720.000,3,0,3,双平,S,5034.2000,5034.0000,5033.6000,5033.0000,5031.2000,5036.0000,5036.4000,5038.0000,5038.2000,5040.0000,3,1,1,2,1,2,3,1,3,9
SF,IC2003,2019-12-24 09:31:35.600,5034.4000,55087,0,682072720.000,0,-,-,-,-,5034.4000,5034.2000,5034.0000,5033.6000,5033.0000,5036.0000,5036.4000,5038.0000,5038.2000,5040.0000,4,3,1,1,2,2,3,1,3,9
SF,IC2003,2019-12-24 09:31:36.100,5036.0000,55085,-2,684087080.000,2,0,2,双平,S,5034.4000,5034.2000,5034.0000,5033.6000,5033.0000,5036.4000,5038.0000,5038.2000,5040.0000,5040.2000,3,3,1,1,2,3,1,3,9,3
SF,IC2003,2019-12-24 09:31:36.600,5036.0000,55085,0,684087080.000,0,-,-,-,-,5034.6000,5034.4000,5034.2000,5034.0000,5033.6000,5036.2000,5036.4000,5038.0000,5038.2000,5040.0000,2,3,3,1,1,2,4,1,3,9
SF,IC2003,2019-12-24 09:31:37.100,5034.8000,55085,0,685094040.000,1,0,1,多换,S,5034.6000,5034.4000,5034.2000,5034.0000,5033.6000,5036.0000,5036.2000,5036.4000,5038.0000,5038.2000,2,1,3,1,1,1,2,4,1,3
SF,IC2003,2019-12-24 09:31:37.600,5034.8000,55085,0,685094040.000,0,-,-,-,-,5034.6000,5034.4000,5034.2000,5034.0000,5033.6000,5035.8000,5036.0000,5036.4000,5038.0000,5038.2000,2,2,3,1,1,1,2,4,1,3
SF,IC2003,2019-12-24 09:31:38.100,5034.8000,55085,0,685094040.000,0,-,-,-,-,5034.4000,5034.2000,5034.0000,5033.6000,5033.0000,5035.8000,5036.0000,5036.4000,5038.0000,5038.2000,2,3,1,1,2,1,2,4,1,3
SF,IC2003,2019-12-24 09:31:38.600,5034.8000,55085,0,685094040.000,0,-,-,-,-,5034.6000,5034.4000,5034.2000,5034.0000,5033.6000,5035.8000,5036.0000,5036.4000,5038.0000,5038.2000,3,2,3,1,1,1,2,4,1,3
SF,IC2003,2019-12-24 09:31:39.100,5034.8000,55085,0,685094040.000,0,-,-,-,-,5034.6000,5034.4000,5034.2000,5034.0000,5033.6000,5035.8000,5036.4000,5038.0000,5038.2000,5040.0000,1,2,3,1,1,2,4,1,3,9
SF,IC2003,2019-12-24 09:31:39.600,5035.6000,55082,-3,688115400.000,3,0,3,双平,S,5035.0000,5034.4000,5034.2000,5034.0000,5033.6000,5035.6000,5035.8000,5036.4000,5038.0000,5038.2000,1,2,3,1,1,1,2,4,1,3
SF,IC2003,2019-12-24 09:31:40.100,5035.0000,55081,-1,689122400.000,1,0,1,双平,S,5034.4000,5034.2000,5034.0000,5033.6000,5033.0000,5035.6000,5035.8000,5036.4000,5038.0000,5038.2000,3,3,1,1,2,1,2,4,1,3
SF,IC2003,2019-12-24 09:31:40.600,5035.0000,55081,0,689122400.000,0,-,-,-,-,5034.4000,5034.2000,5034.0000,5033.6000,5033.0000,5035.4000,5035.6000,5035.8000,5036.4000,5037.2000,3,3,1,1,2,1,1,1,4,1
SF,IC2003,2019-12-24 09:31:41.100,5035.0000,55081,0,689122400.000,0,-,-,-,-,5034.4000,5034.2000,5034.0000,5033.6000,5033.0000,5035.0000,5035.4000,5035.6000,5035.8000,5036.0000,3,3,1,1,1,20,1,1,1,2
SF,IC2003,2019-12-24 09:31:41.600,5035.0000,55081,0,689122400.000,0,-,-,-,-,5034.4000,5034.2000,5034.0000,5033.6000,5033.0000,5035.0000,5035.4000,5035.8000,5036.0000,5036.4000,3,3,1,1,1,20,1,1,2,4
SF,IC2003,2019-12-24 09:31:42.100,5035.0000,55081,0,689122400.000,0,-,-,-,-,5034.4000,5034.2000,5034.0000,5033.6000,5033.0000,5035.0000,5035.4000,5036.0000,5036.4000,5038.0000,3,3,1,1,1,20,1,2,4,1
SF,IC2003,2019-12-24 09:31:42.600,5035.0000,55080,-1,690129400.000,1,0,1,双平,S,5034.4000,5034.2000,5034.0000,5033.6000,5033.0000,5035.0000,5035.4000,5036.0000,5036.4000,5038.0000,3,3,1,1,1,19,1,2,4,1
SF,IC2003,2019-12-24 09:31:43.100,5034.4000,55078,-2,692143280.000,2,0,2,双平,S,5034.4000,5034.2000,5034.0000,5033.6000,5033.0000,5035.0000,5035.4000,5036.0000,5036.4000,5038.0000,2,3,1,1,1,18,1,2,4,1
SF,IC2003,2019-12-24 09:31:43.600,5034.4000,55073,-5,697178080.000,5,0,5,双平,S,5034.4000,5034.2000,5034.0000,5033.6000,5033.0000,5035.0000,5035.4000,5036.0000,5036.4000,5038.0000,1,3,1,1,1,15,1,2,3,1
SF,IC2003,2019-12-24 09:31:44.100,5035.0000,55066,-7,704227080.000,7,0,7,双平,S,5034.4000,5034.2000,5034.0000,5033.6000,5033.0000,5035.0000,5035.4000,5036.0000,5036.4000,5038.0000,1,3,1,1,1,8,1,2,3,1
SF,IC2003,2019-12-24 09:31:44.600,5035.0000,55064,-2,706241080.000,2,0,2,双平,S,5034.6000,5034.4000,5034.2000,5034.0000,5033.6000,5035.0000,5036.0000,5036.4000,5038.0000,5038.2000,1,1,3,1,1,6,2,3,1,3
SF,IC2003,2019-12-24 09:31:45.100,5035.0000,55062,-2,712282920.000,6,2,4,多平,S,5034.4000,5034.2000,5034.0000,5033.6000,5033.0000,5034.8000,5035.0000,5036.0000,5036.4000,5038.0000,1,3,1,1,1,1,3,2,3,1
SF,IC2003,2019-12-24 09:31:45.600,5034.4000,55062,0,714296760.000,2,1,1,多换,S,5034.2000,5034.0000,5033.6000,5033.0000,5031.2000,5034.4000,5035.0000,5036.0000,5036.4000,5038.0000,3,1,1,1,1,2,3,2,3,1
SF,IC2003,2019-12-24 09:31:46.100,5034.4000,55060,-2,719331160.000,5,1,4,多平,S,5034.4000,5034.2000,5034.0000,5033.6000,5033.0000,5035.0000,5036.0000,5036.4000,5038.0000,5038.2000,2,3,1,1,1,3,2,3,1,3
SF,IC2003,2019-12-24 09:31:46.600,5035.0000,55060,0,720338160.000,1,0,1,多换,S,5034.4000,5034.2000,5034.0000,5033.6000,5033.0000,5035.0000,5036.0000,5036.4000,5038.0000,5038.2000,2,3,1,1,1,2,2,3,1,3
SF,IC2003,2019-12-24 09:31:47.100,5035.0000,55059,-1,722352160.000,2,0,2,多平,S,5035.2000,5034.4000,5034.2000,5034.0000,5033.6000,5036.0000,5036.4000,5038.0000,5040.0000,5040.2000,2,2,3,1,1,2,3,1,9,1
SF,IC2003,2019-12-24 09:31:47.600,5035.0000,55059,0,722352160.000,0,-,-,-,-,5035.2000,5035.0000,5034.6000,5034.4000,5034.2000,5036.0000,5036.4000,5038.0000,5040.0000,5040.2000,2,1,2,2,3,2,3,1,8,1
SF,IC2003,2019-12-24 09:31:48.100,5035.0000,55059,0,722352160.000,0,-,-,-,-,5035.2000,5035.0000,5034.6000,5034.4000,5034.2000,5036.0000,5036.4000,5038.0000,5040.0000,5040.2000,2,3,2,2,3,2,3,1,8,1
SF,IC2003,2019-12-24 09:31:48.600,5035.0000,55059,0,722352160.000,0,-,-,-,-,5035.2000,5035.0000,5034.6000,5034.4000,5034.2000,5036.0000,5036.4000,5038.0000,5040.0000,5040.2000,2,3,2,3,3,2,3,1,8,1
SF,IC2003,2019-12-24 09:31:49.100,5035.0000,55059,0,722352160.000,0,-,-,-,-,5035.4000,5035.0000,5034.6000,5034.4000,5034.2000,5036.0000,5036.4000,5038.0000,5040.0000,5040.2000,2,3,2,3,3,2,3,1,8,1
SF,IC2003,2019-12-24 09:31:49.600,5036.0000,55057,-2,724366560.000,2,0,2,双平,S,5035.4000,5035.0000,5034.6000,5034.4000,5034.2000,5036.4000,5038.0000,5040.0000,5040.2000,5040.4000,2,3,2,3,3,3,1,8,1,1
SF,IC2003,2019-12-24 09:31:50.100,5036.0000,55056,-1,725373760.000,1,0,1,双平,S,5036.0000,5035.6000,5035.4000,5035.0000,5034.6000,5036.4000,5038.0000,5040.0000,5040.2000,5040.4000,1,1,2,3,2,3,1,8,1,1
SF,IC2003,2019-12-24 09:31:50.600,5036.0000,55056,0,725373760.000,0,-,-,-,-,5036.0000,5035.6000,5035.4000,5035.0000,5034.6000,5036.4000,5038.0000,5040.0000,5040.2000,5040.4000,1,1,2,2,2,3,1,8,1,1
SF,IC2003,2019-12-24 09:31:51.100,5036.0000,55056,0,725373760.000,0,-,-,-,-,5036.0000,5035.4000,5035.2000,5035.0000,5034.6000,5036.4000,5038.0000,5040.0000,5040.2000,5040.4000,1,2,1,2,2,3,1,8,1,1
SF,IC2003,2019-12-24 09:31:52.100,5036.0000,55052,-4,729402800.000,4,0,4,双平,S,5035.4000,5035.2000,5035.0000,5034.4000,5034.2000,5036.0000,5038.0000,5040.0000,5040.2000,5040.4000,2,1,2,3,3,2,1,8,1,1
SF,IC2003,2019-12-24 09:31:52.600,5038.0000,55051,-1,732424800.000,3,1,2,多平,S,5036.2000,5036.0000,5035.4000,5035.2000,5035.0000,5038.0000,5040.0000,5040.2000,5040.4000,5040.8000,3,6,2,1,2,1,8,1,1,1
SF,IC2003,2019-12-24 09:31:53.100,5038.0000,55051,0,732424800.000,0,-,-,-,-,5036.4000,5036.2000,5036.0000,5035.4000,5035.2000,5037.0000,5037.6000,5037.8000,5038.0000,5040.0000,1,3,2,2,1,1,1,5,2,8
SF,IC2003,2019-12-24 09:31:53.600,5038.0000,55051,0,732424800.000,0,-,-,-,-,5036.4000,5036.2000,5035.4000,5035.2000,5035.0000,5037.8000,5038.0000,5040.0000,5040.2000,5040.4000,1,3,2,1,2,3,2,8,1,1
SF,IC2003,2019-12-24 09:31:54.100,5036.4000,55051,0,733432080.000,1,0,1,多换,S,5036.4000,5036.2000,5035.4000,5035.2000,5035.0000,5037.4000,5037.6000,5037.8000,5038.0000,5040.0000,1,3,2,1,2,1,2,3,1,8
SF,IC2003,2019-12-24 09:31:54.600,5036.4000,55051,0,733432080.000,0,-,-,-,-,5036.2000,5035.4000,5035.2000,5035.0000,5034.4000,5037.2000,5037.4000,5037.6000,5037.8000,5038.0000,4,2,1,2,4,1,2,1,2,1
SF,IC2003,2019-12-24 09:31:55.100,5036.4000,55051,0,733432080.000,0,-,-,-,-,5036.4000,5036.2000,5035.4000,5035.2000,5035.0000,5037.2000,5037.4000,5037.6000,5037.8000,5038.0000,10,4,4,1,2,1,2,1,2,1
SF,IC2003,2019-12-24 09:31:55.600,5037.2000,55051,0,734439520.000,1,0,1,多换,S,5037.2000,5036.4000,5036.2000,5035.4000,5035.2000,5037.4000,5038.0000,5040.0000,5040.2000,5040.4000,1,10,4,4,1,1,1,8,1,1
SF,IC2003,2019-12-24 09:31:56.100,5037.2000,55051,0,738469280.000,4,2,2,多换,S,5036.4000,5036.2000,5036.0000,5035.4000,5035.2000,5037.2000,5038.0000,5040.0000,5040.2000,5040.4000,10,4,1,2,1,3,1,8,1,1
SF,IC2003,2019-12-24 09:31:56.600,5037.2000,55051,0,738469280.000,0,-,-,-,-,5036.4000,5036.2000,5036.0000,5035.4000,5035.2000,5037.2000,5038.0000,5040.0000,5040.2000,5040.4000,10,4,1,2,1,1,1,8,1,1
SF,IC2003,2019-12-24 09:31:57.100,5037.2000,55051,0,738469280.000,0,-,-,-,-,5037.4000,5036.4000,5036.2000,5036.0000,5035.4000,5038.0000,5040.0000,5040.2000,5040.4000,5040.8000,2,10,4,1,2,1,8,1,1,1
SF,IC2003,2019-12-24 09:31:57.600,5036.4000,55051,0,746527920.000,8,4,4,多换,S,5036.4000,5036.2000,5036.0000,5035.4000,5035.2000,5037.6000,5038.0000,5040.0000,5040.2000,5040.4000,4,4,1,2,1,1,2,8,1,1
SF,IC2003,2019-12-24 09:31:58.100,5036.4000,55051,0,746527920.000,0,-,-,-,-,5036.6000,5036.4000,5036.2000,5036.0000,5035.4000,5037.6000,5038.0000,5040.0000,5040.2000,5040.4000,2,4,4,1,2,1,1,8,1,1
SF,IC2003,2019-12-24 09:31:58.600,5036.4000,55051,0,746527920.000,0,-,-,-,-,5036.6000,5036.4000,5036.2000,5036.0000,5035.4000,5037.6000,5038.0000,5040.0000,5040.2000,5040.4000,1,4,4,1,2,1,1,8,1,1
SF,IC2003,2019-12-24 09:31:59.100,5036.4000,55051,0,746527920.000,0,-,-,-,-,5036.6000,5036.4000,5036.2000,5036.0000,5035.4000,5037.6000,5038.0000,5040.0000,5040.2000,5040.4000,1,4,4,1,2,1,1,8,1,1
SF,IC2003,2019-12-24 09:31:59.600,5037.6000,55049,-2,748542960.000,2,0,2,双平,S,5036.6000,5036.4000,5036.2000,5036.0000,5035.4000,5038.0000,5040.0000,5040.2000,5040.4000,5040.8000,1,4,4,1,2,1,8,1,1,1
SF,IC2003,2019-12-24 09:32:00.100,5037.6000,55049,0,748542960.000,0,-,-,-,-,5036.8000,5036.6000,5036.4000,5036.2000,5036.0000,5038.0000,5040.0000,5040.2000,5040.4000,5040.8000,1,1,5,4,1,1,8,1,1,1
SF,IC2003,2019-12-24 09:32:00.600,5037.6000,55049,0,748542960.000,0,-,-,-,-,5037.8000,5036.8000,5036.6000,5036.4000,5036.2000,5038.0000,5040.0000,5040.2000,5040.4000,5040.8000,1,1,1,5,4,1,8,1,1,1
SF,IC2003,2019-12-24 09:32:01.100,5038.0000,55049,0,750558120.000,2,1,1,多换,S,5038.0000,5037.0000,5036.8000,5036.6000,5036.4000,5040.0000,5040.2000,5040.4000,5040.8000,5041.0000,4,1,1,1,5,8,1,1,1,3
SF,IC2003,2019-12-24 09:32:01.600,5038.0000,55049,0,750558120.000,0,-,-,-,-,5038.2000,5038.0000,5037.0000,5036.6000,5036.4000,5039.8000,5040.0000,5040.2000,5040.4000,5040.8000,3,4,2,1,5,8,8,1,1,1
SF,IC2003,2019-12-24 09:32:02.100,5039.8000,55049,0,751566080.000,1,0,1,多换,S,5038.4000,5038.2000,5038.0000,5037.0000,5036.6000,5039.8000,5040.0000,5040.2000,5040.4000,5040.8000,2,1,4,1,1,6,8,1,1,1
SF,IC2003,2019-12-24 09:32:02.600,5039.8000,55049,0,751566080.000,0,-,-,-,-,5038.6000,5038.4000,5038.0000,5037.0000,5036.6000,5039.8000,5040.0000,5040.2000,5040.4000,5040.8000,2,2,4,1,1,2,10,1,1,1
SF,IC2003,2019-12-24 09:32:03.100,5040.0000,55050,1,752574080.000,1,1,0,双开,S,5038.6000,5038.4000,5038.0000,5036.6000,5036.4000,5040.0000,5040.2000,5040.4000,5040.8000,5041.0000,2,1,4,1,5,9,1,1,1,3
SF,IC2003,2019-12-24 09:32:03.600,5038.6000,55050,0,754589760.000,2,1,1,多换,S,5038.6000,5038.0000,5037.0000,5036.6000,5036.4000,5039.8000,5040.0000,5040.2000,5040.4000,5040.8000,1,4,1,1,5,2,9,1,1,1
SF,IC2003,2019-12-24 09:32:04.100,5038.6000,55050,0,754589760.000,0,-,-,-,-,5038.0000,5037.0000,5036.6000,5036.4000,5036.2000,5039.6000,5039.8000,5040.0000,5040.2000,5040.4000,4,1,1,5,1,1,2,9,1,1
SF,IC2003,2019-12-24 09:32:04.600,5039.4000,55050,0,756605480.000,2,1,1,多换,S,5038.0000,5037.0000,5036.6000,5036.4000,5036.2000,5039.4000,5039.6000,5039.8000,5040.0000,5040.2000,2,1,1,4,1,3,4,1,9,1
SF,IC2003,2019-12-24 09:32:05.100,5039.4000,55050,0,756605480.000,0,-,-,-,-,5038.0000,5037.0000,5036.6000,5036.4000,5036.2000,5039.2000,5039.4000,5039.6000,5039.8000,5040.0000,2,1,1,4,1,2,3,3,1,9
SF,IC2003,2019-12-24 09:32:05.600,5039.4000,55050,0,757613360.000,1,0,1,多换,S,5038.2000,5036.6000,5036.4000,5035.4000,5035.0000,5039.2000,5039.4000,5039.6000,5039.8000,5040.0000,3,1,4,2,1,2,2,3,1,9
SF,IC2003,2019-12-24 09:32:06.100,5038.2000,55051,1,758621000.000,1,1,0,双开,S,5038.2000,5036.6000,5036.4000,5035.4000,5035.0000,5039.6000,5039.8000,5040.0000,5040.2000,5040.4000,2,1,4,2,1,3,1,9,1,1
SF,IC2003,2019-12-24 09:32:06.600,5039.6000,55051,0,759628920.000,1,0,1,多换,S,5038.4000,5038.2000,5036.6000,5036.4000,5035.4000,5039.6000,5039.8000,5040.0000,5040.2000,5040.4000,4,2,1,4,2,2,1,9,1,1
SF,IC2003,2019-12-24 09:32:07.600,5039.6000,55049,-2,761644760.000,2,0,2,双平,S,5039.2000,5038.4000,5038.2000,5036.6000,5036.4000,5039.8000,5040.0000,5040.2000,5040.4000,5040.8000,1,4,2,1,4,2,11,1,1,6
SF,IC2003,2019-12-24 09:32:08.100,5039.8000,55049,0,764668520.000,3,1,2,多换,S,5038.4000,5038.2000,5036.6000,5036.4000,5035.4000,5040.0000,5040.2000,5040.8000,5041.0000,5041.4000,4,3,1,4,2,11,1,6,3,1
SF,IC2003,2019-12-24 09:32:08.600,5039.8000,55049,0,764668520.000,0,-,-,-,-,5038.6000,5038.4000,5038.2000,5036.6000,5036.4000,5040.0000,5040.2000,5040.8000,5041.0000,5041.4000,4,4,3,1,4,11,1,6,3,1
SF,IC2003,2019-12-24 09:32:09.100,5039.8000,55049,0,764668520.000,0,-,-,-,-,5038.8000,5038.6000,5038.4000,5038.2000,5036.4000,5040.0000,5040.2000,5040.8000,5041.0000,5041.4000,1,5,2,3,4,11,1,6,3,1
SF,IC2003,2019-12-24 09:32:09.600,5038.6000,55046,-3,767692000.000,3,0,3,双平,S,5039.6000,5038.6000,5038.4000,5038.2000,5036.4000,5040.0000,5040.2000,5040.8000,5041.0000,5041.4000,1,4,2,3,4,10,1,6,3,1
SF,IC2003,2019-12-24 09:32:10.100,5039.4000,55046,0,768699880.000,1,0,1,多换,S,5038.6000,5038.4000,5038.2000,5036.4000,5036.0000,5040.0000,5040.2000,5040.8000,5041.0000,5041.4000,2,2,2,4,1,9,1,6,3,1
SF,IC2003,2019-12-24 09:32:10.600,5039.4000,55046,0,768699880.000,0,-,-,-,-,5039.8000,5039.2000,5038.8000,5038.6000,5038.4000,5040.0000,5040.2000,5040.8000,5041.0000,5041.4000,1,1,1,1,2,9,1,6,3,1
SF,IC2003,2019-12-24 09:32:11.100,5039.8000,55046,0,769707840.000,1,0,1,多换,S,5039.2000,5038.8000,5038.6000,5038.4000,5038.2000,5039.6000,5039.8000,5040.0000,5040.2000,5040.8000,1,1,1,2,2,2,3,9,1,6
SF,IC2003,2019-12-24 09:32:11.600,5039.8000,55046,0,771723760.000,2,1,1,多换,S,5038.8000,5038.6000,5038.4000,5038.2000,5036.4000,5039.6000,5039.8000,5040.0000,5040.2000,5040.8000,1,1,2,2,4,1,3,9,1,6
SF,IC2003,2019-12-24 09:32:12.100,5039.8000,55045,-1,772731720.000,1,0,1,双平,S,5039.6000,5038.8000,5038.6000,5038.4000,5038.2000,5039.8000,5040.0000,5040.2000,5040.8000,5041.0000,1,1,1,4,2,2,9,1,6,3
SF,IC2003,2019-12-24 09:32:12.600,5039.6000,55044,-1,773739640.000,1,0,1,双平,S,5038.8000,5038.6000,5038.4000,5038.2000,5036.4000,5039.8000,5040.0000,5040.2000,5040.8000,5041.0000,1,1,4,2,4,2,9,1,6,3
SF,IC2003,2019-12-24 09:32:13.100,5039.6000,55044,0,773739640.000,0,-,-,-,-,5038.8000,5038.6000,5038.4000,5038.2000,5036.4000,5040.0000,5040.2000,5040.8000,5041.0000,5041.4000,1,1,4,2,4,9,1,6,3,1
SF,IC2003,2019-12-24 09:32:13.600,5039.6000,55044,0,773739640.000,0,-,-,-,-,5038.8000,5038.6000,5038.4000,5038.2000,5036.4000,5040.0000,5040.2000,5040.8000,5041.0000,5041.4000,1,1,4,2,4,9,1,6,3,1
SF,IC2003,2019-12-24 09:32:14.100,5039.6000,55044,0,773739640.000,0,-,-,-,-,5039.0000,5038.8000,5038.6000,5038.4000,5038.2000,5040.0000,5040.2000,5040.8000,5041.0000,5041.4000,3,3,1,2,2,9,1,6,3,1
SF,IC2003,2019-12-24 09:32:14.600,5039.6000,55044,0,773739640.000,0,-,-,-,-,5039.0000,5038.8000,5038.6000,5038.4000,5038.2000,5040.0000,5040.2000,5040.8000,5041.0000,5041.4000,3,3,1,2,2,9,1,6,1,1
SF,IC2003,2019-12-24 09:32:15.100,5040.2000,55039,-5,783819680.000,10,2,8,多平,S,5039.2000,5039.0000,5038.8000,5038.6000,5038.4000,5040.8000,5041.0000,5041.4000,5041.6000,5042.0000,1,3,3,1,2,6,1,1,2,4
SF,IC2003,2019-12-24 09:32:15.600,5040.2000,55039,0,783819680.000,0,-,-,-,-,5039.4000,5039.2000,5039.0000,5038.8000,5038.6000,5040.8000,5041.0000,5041.4000,5041.6000,5042.0000,3,1,2,3,1,6,1,1,2,4
SF,IC2003,2019-12-24 09:32:16.100,5040.2000,55039,0,783819680.000,0,-,-,-,-,5039.6000,5039.4000,5039.2000,5039.0000,5038.8000,5040.8000,5041.0000,5041.4000,5042.0000,5042.6000,2,3,1,2,5,6,1,1,4,1
SF,IC2003,2019-12-24 09:32:16.600,5040.2000,55039,0,783819680.000,0,-,-,-,-,5039.8000,5039.6000,5039.4000,5039.2000,5039.0000,5040.8000,5041.0000,5041.4000,5042.0000,5042.6000,2,1,2,1,2,6,1,1,4,1
SF,IC2003,2019-12-24 09:32:17.100,5040.8000,55037,-2,785836000.000,2,0,2,双平,S,5039.8000,5039.4000,5039.2000,5039.0000,5038.8000,5040.8000,5041.0000,5041.4000,5042.0000,5042.6000,2,2,1,2,5,4,1,1,4,1
SF,IC2003,2019-12-24 09:32:17.600,5040.8000,55036,-1,786844160.000,1,0,1,双平,S,5040.0000,5039.8000,5039.4000,5039.2000,5039.0000,5040.8000,5041.0000,5041.4000,5042.0000,5042.6000,1,2,2,1,2,3,1,1,4,1
SF,IC2003,2019-12-24 09:32:18.100,5040.2000,55034,-2,788860360.000,2,0,2,双平,S,5040.2000,5039.8000,5039.4000,5038.8000,5038.6000,5040.8000,5041.0000,5041.4000,5042.0000,5042.6000,3,1,2,5,2,2,1,1,4,1
SF,IC2003,2019-12-24 09:32:18.600,5040.2000,55034,0,788860360.000,0,-,-,-,-,5040.2000,5039.4000,5038.8000,5038.6000,5038.4000,5040.8000,5041.0000,5041.4000,5042.0000,5042.6000,3,2,5,2,2,2,1,1,4,1
SF,IC2003,2019-12-24 09:32:19.100,5040.8000,55034,0,790876680.000,2,1,1,多换,S,5040.2000,5039.4000,5038.8000,5038.6000,5038.4000,5041.0000,5041.4000,5042.0000,5042.6000,5044.0000,4,2,5,2,2,1,1,4,1,1
SF,IC2003,2019-12-24 09:32:19.600,5040.8000,55034,0,790876680.000,0,-,-,-,-,5040.4000,5040.2000,5039.4000,5038.8000,5038.6000,5041.0000,5041.4000,5042.0000,5042.6000,5044.0000,1,4,2,5,2,1,1,4,1,1
SF,IC2003,2019-12-24 09:32:20.100,5040.8000,55034,0,790876680.000,0,-,-,-,-,5040.6000,5040.2000,5039.4000,5038.8000,5038.6000,5041.0000,5041.4000,5042.0000,5042.6000,5044.0000,2,2,2,5,2,1,1,4,1,1
SF,IC2003,2019-12-24 09:32:20.600,5041.0000,55033,-1,791884880.000,1,0,1,双平,S,5040.6000,5040.2000,5039.4000,5038.8000,5038.6000,5041.4000,5042.0000,5042.6000,5044.0000,5044.4000,2,2,2,5,2,1,4,1,1,1
SF,IC2003,2019-12-24 09:32:21.100,5040.6000,55033,0,793901120.000,2,1,1,多换,S,5040.2000,5039.4000,5038.8000,5038.6000,5038.4000,5041.4000,5042.0000,5042.6000,5044.0000,5044.4000,3,2,3,2,2,1,4,1,1,1
SF,IC2003,2019-12-24 09:32:21.600,5040.6000,55033,0,793901120.000,0,-,-,-,-,5040.4000,5040.2000,5038.8000,5038.6000,5038.4000,5041.4000,5042.0000,5042.6000,5044.0000,5044.4000,1,4,2,2,2,1,4,1,1,1
SF,IC2003,2019-12-24 09:32:22.100,5040.6000,55033,0,793901120.000,0,-,-,-,-,5040.6000,5040.2000,5039.2000,5038.8000,5038.6000,5041.4000,5042.0000,5042.6000,5044.4000,5044.6000,1,3,4,2,2,1,4,1,1,3
SF,IC2003,2019-12-24 09:32:22.600,5040.6000,55033,0,793901120.000,0,-,-,-,-,5041.2000,5040.6000,5040.2000,5039.2000,5038.8000,5041.4000,5042.0000,5042.6000,5044.4000,5044.6000,1,2,3,4,2,1,4,1,1,3
SF,IC2003,2019-12-24 09:32:23.100,5041.4000,55032,-1,794909400.000,1,0,1,双平,S,5041.4000,5041.2000,5041.0000,5040.6000,5040.2000,5042.0000,5042.6000,5044.4000,5044.6000,5045.0000,3,1,2,2,2,4,1,1,3,1
SF,IC2003,2019-12-24 09:32:23.600,5041.4000,55032,0,794909400.000,0,-,-,-,-,5041.6000,5041.4000,5041.2000,5041.0000,5040.6000,5042.0000,5042.6000,5044.4000,5044.6000,5045.0000,1,1,1,3,2,4,1,1,3,1
SF,IC2003,2019-12-24 09:32:24.100,5042.0000,55031,-1,795917800.000,1,0,1,双平,S,5041.6000,5041.4000,5041.2000,5041.0000,5040.6000,5042.0000,5042.6000,5044.4000,5044.6000,5045.0000,1,4,1,3,2,3,1,1,3,1
SF,IC2003,2019-12-24 09:32:24.600,5044.4000,55026,-5,800960400.000,5,0,5,双平,S,5042.2000,5042.0000,5041.8000,5041.4000,5041.2000,5044.6000,5045.0000,5045.2000,5045.6000,5046.0000,2,1,1,4,1,3,1,10,2,1
SF,IC2003,2019-12-24 09:32:25.100,5044.4000,55026,0,800960400.000,0,-,-,-,-,5042.4000,5042.2000,5041.8000,5041.4000,5041.2000,5043.8000,5044.2000,5044.4000,5044.6000,5044.8000,2,4,1,4,1,2,1,1,3,1
SF,IC2003,2019-12-24 09:32:25.600,5044.4000,55026,0,800960400.000,0,-,-,-,-,5042.6000,5042.4000,5042.2000,5041.8000,5041.4000,5043.6000,5043.8000,5044.6000,5044.8000,5045.0000,1,2,4,1,4,2,2,3,1,1
SF,IC2003,2019-12-24 09:32:26.100,5044.4000,55026,0,800960400.000,0,-,-,-,-,5042.8000,5042.6000,5042.4000,5042.2000,5041.8000,5043.6000,5043.8000,5044.6000,5044.8000,5045.0000,1,2,1,4,1,2,2,3,1,1
SF,IC2003,2019-12-24 09:32:26.600,5044.0000,55026,0,802978000.000,2,1,1,多换,S,5042.8000,5042.6000,5042.4000,5042.2000,5042.0000,5043.8000,5044.6000,5044.8000,5045.0000,5045.2000,1,1,1,4,1,2,3,1,1,10
SF,IC2003,2019-12-24 09:32:27.100,5044.0000,55026,0,802978000.000,0,-,-,-,-,5043.0000,5042.8000,5042.6000,5042.2000,5042.0000,5043.8000,5044.6000,5044.8000,5045.0000,5045.2000,1,1,1,4,1,2,3,1,1,10
SF,IC2003,2019-12-24 09:32:27.600,5043.0000,55025,-1,803986600.000,1,0,1,双平,S,5043.0000,5042.8000,5042.2000,5042.0000,5041.4000,5043.8000,5044.6000,5044.8000,5045.0000,5045.2000,1,1,4,1,4,2,3,1,1,10
SF,IC2003,2019-12-24 09:32:28.100,5043.8000,55025,0,807012880.000,3,1,2,多换,S,5043.8000,5043.6000,5043.0000,5042.8000,5042.2000,5044.6000,5044.8000,5045.0000,5045.2000,5045.6000,1,2,1,1,4,3,1,1,10,2
SF,IC2003,2019-12-24 09:32:28.600,5044.2000,55024,-1,810039240.000,3,1,2,多平,S,5043.6000,5042.8000,5042.2000,5042.0000,5041.4000,5044.2000,5044.4000,5044.6000,5044.8000,5045.0000,2,1,2,1,4,1,1,3,1,1
SF,IC2003,2019-12-24 09:32:29.100,5044.2000,55024,0,810039240.000,0,-,-,-,-,5043.6000,5042.2000,5042.0000,5041.4000,5041.2000,5044.2000,5044.4000,5044.6000,5044.8000,5045.0000,3,2,1,4,1,1,1,3,1,1
SF,IC2003,2019-12-24 09:32:29.600,5044.2000,55024,0,810039240.000,0,-,-,-,-,5043.6000,5042.2000,5042.0000,5041.4000,5041.2000,5044.2000,5044.4000,5044.6000,5045.0000,5045.2000,3,2,1,2,1,1,1,3,1,10
SF,IC2003,2019-12-24 09:32:30.100,5044.4000,55023,-1,812056960.000,2,0,2,多平,S,5043.6000,5042.2000,5042.0000,5041.4000,5041.2000,5044.6000,5045.0000,5045.2000,5045.6000,5046.0000,3,2,1,2,1,3,1,10,2,1
SF,IC2003,2019-12-24 09:32:30.600,5044.4000,55023,0,812056960.000,0,-,-,-,-,5044.0000,5043.8000,5043.6000,5042.2000,5042.0000,5044.6000,5045.0000,5045.2000,5045.6000,5046.0000,1,9,3,2,1,3,1,10,2,1
SF,IC2003,2019-12-24 09:32:31.100,5044.6000,55020,-3,815083720.000,3,0,3,双平,S,5044.6000,5044.0000,5043.8000,5043.6000,5042.2000,5045.0000,5045.2000,5045.6000,5046.0000,5046.8000,1,1,8,3,2,1,10,2,1,1
SF,IC2003,2019-12-24 09:32:31.600,5044.6000,55020,0,815083720.000,0,-,-,-,-,5044.0000,5043.8000,5043.6000,5042.2000,5042.0000,5045.0000,5045.2000,5045.6000,5046.0000,5046.8000,1,8,3,2,1,1,10,2,1,1
SF,IC2003,2019-12-24 09:32:32.100,5044.6000,55020,0,815083720.000,0,-,-,-,-,5044.2000,5044.0000,5043.8000,5043.6000,5042.2000,5045.0000,5045.2000,5045.6000,5046.0000,5046.8000,2,2,6,3,2,1,10,2,1,1
SF,IC2003,2019-12-24 09:32:32.600,5045.2000,55018,-2,817101760.000,2,0,2,双平,S,5045.0000,5044.2000,5044.0000,5043.8000,5043.6000,5045.2000,5045.6000,5046.0000,5046.8000,5047.0000,2,2,2,6,3,9,2,1,1,1
SF,IC2003,2019-12-24 09:32:33.100,5044.8000,55014,-4,821137680.000,4,0,4,双平,S,5044.2000,5044.0000,5043.8000,5043.6000,5042.2000,5044.8000,5045.0000,5045.2000,5045.6000,5046.0000,1,2,6,3,2,2,4,9,2,1
SF,IC2003,2019-12-24 09:32:33.600,5044.2000,55013,-1,822146520.000,1,0,1,双平,S,5044.0000,5043.8000,5043.6000,5042.2000,5041.4000,5044.8000,5045.0000,5045.2000,5045.6000,5046.0000,1,6,3,2,2,2,4,9,2,1
SF,IC2003,2019-12-24 09:32:34.100,5044.8000,55013,0,824164360.000,2,1,1,多换,S,5044.0000,5043.8000,5043.6000,5042.2000,5041.4000,5044.8000,5045.0000,5045.2000,5045.6000,5046.0000,1,6,3,2,2,1,4,9,2,1
SF,IC2003,2019-12-24 09:32:34.600,5044.8000,55013,0,824164360.000,0,-,-,-,-,5044.8000,5044.0000,5043.8000,5043.6000,5042.2000,5045.0000,5045.2000,5045.6000,5046.0000,5046.8000,1,1,6,3,2,4,9,2,1,1
SF,IC2003,2019-12-24 09:32:35.100,5044.8000,55013,0,829209160.000,5,2,3,多换,S,5044.0000,5043.8000,5043.6000,5042.2000,5041.4000,5045.0000,5045.2000,5045.6000,5046.0000,5046.8000,1,6,3,2,2,5,9,2,1,1
SF,IC2003,2019-12-24 09:32:35.600,5045.0000,55013,0,830218160.000,1,0,1,多换,S,5044.8000,5044.2000,5044.0000,5043.8000,5043.6000,5045.0000,5045.2000,5045.6000,5046.0000,5046.8000,1,1,1,6,3,4,9,2,1,1
SF,IC2003,2019-12-24 09:32:36.100,5044.8000,55011,-2,833245040.000,3,0,3,多平,S,5044.0000,5043.8000,5043.6000,5042.2000,5041.4000,5044.8000,5045.0000,5045.2000,5045.6000,5046.0000,1,5,3,2,2,3,4,9,2,1
SF,IC2003,2019-12-24 09:32:36.600,5044.8000,55011,0,835262960.000,2,1,1,多换,S,5044.2000,5044.0000,5043.8000,5043.6000,5042.2000,5044.8000,5045.0000,5045.2000,5045.6000,5046.0000,1,1,5,3,2,3,4,9,2,1
SF,IC2003,2019-12-24 09:32:37.100,5044.2000,55010,-1,836271800.000,1,0,1,双平,S,5044.0000,5043.8000,5043.6000,5042.2000,5041.4000,5044.8000,5045.0000,5045.2000,5045.6000,5046.0000,1,5,3,2,2,3,4,9,2,1
SF,IC2003,2019-12-24 09:32:37.600,5044.8000,55012,2,838289720.000,2,2,0,双开,S,5044.0000,5043.8000,5043.6000,5042.2000,5041.4000,5044.8000,5045.0000,5045.2000,5045.6000,5046.0000,1,5,3,2,2,1,4,9,2,1
SF,IC2003,2019-12-24 09:32:38.100,5045.0000,55011,-1,840307680.000,2,0,2,多平,S,5044.0000,5043.8000,5043.6000,5042.2000,5041.4000,5045.0000,5045.2000,5045.6000,5046.0000,5046.8000,1,5,3,2,2,3,9,2,1,1
SF,IC2003,2019-12-24 09:32:38.600,5045.0000,55011,0,842325640.000,2,1,1,多换,S,5044.8000,5044.0000,5043.8000,5043.6000,5042.2000,5045.0000,5045.2000,5045.6000,5046.0000,5046.8000,4,1,5,3,2,2,9,2,1,1
SF,IC2003,2019-12-24 09:32:39.100,5044.8000,55010,-1,847370560.000,5,2,3,多平,S,5044.8000,5044.0000,5043.8000,5043.6000,5042.2000,5045.2000,5045.6000,5046.0000,5046.8000,5047.0000,2,1,5,3,2,9,2,1,1,1
SF,IC2003,2019-12-24 09:32:39.600,5044.8000,55010,0,847370560.000,0,-,-,-,-,5044.8000,5044.0000,5043.8000,5043.6000,5042.2000,5045.2000,5045.6000,5046.0000,5046.8000,5047.0000,3,1,5,3,2,9,2,1,1,1
SF,IC2003,2019-12-24 09:32:40.100,5044.8000,55010,0,849388480.000,2,1,1,多换,S,5045.0000,5044.8000,5044.0000,5043.8000,5043.6000,5045.2000,5045.6000,5046.0000,5046.8000,5047.0000,2,1,1,5,2,9,2,1,1,1
SF,IC2003,2019-12-24 09:32:40.600,5044.0000,55008,-2,853424240.000,4,1,3,多平,S,5043.8000,5043.6000,5042.2000,5041.4000,5041.0000,5044.0000,5045.2000,5045.6000,5046.0000,5046.8000,5,2,2,2,3,1,9,2,1,1
SF,IC2003,2019-12-24 09:32:41.100,5045.2000,55000,-8,862504360.000,9,0,9,多平,S,5044.0000,5043.8000,5043.6000,5042.2000,5041.4000,5045.2000,5045.6000,5046.0000,5046.8000,5047.0000,3,5,2,2,2,6,2,1,1,1
SF,IC2003,2019-12-24 09:32:41.600,5045.2000,55000,0,862504360.000,0,-,-,-,-,5044.2000,5044.0000,5043.8000,5043.6000,5042.2000,5045.2000,5045.6000,5046.0000,5046.8000,5047.0000,2,3,5,2,2,7,2,1,1,1
SF,IC2003,2019-12-24 09:32:42.100,5045.2000,55000,0,862504360.000,0,-,-,-,-,5044.4000,5044.2000,5044.0000,5043.8000,5043.6000,5045.2000,5045.6000,5046.0000,5046.8000,5047.0000,2,2,2,5,2,7,2,1,1,1
SF,IC2003,2019-12-24 09:32:42.600,5045.2000,54997,-3,865531480.000,3,0,3,双平,S,5044.4000,5044.2000,5044.0000,5043.8000,5043.6000,5045.2000,5045.6000,5046.0000,5046.8000,5047.0000,2,2,2,5,2,4,2,1,1,1
SF,IC2003,2019-12-24 09:32:43.100,5045.2000,54997,0,865531480.000,0,-,-,-,-,5044.4000,5044.2000,5044.0000,5043.8000,5043.6000,5045.2000,5045.6000,5046.0000,5046.8000,5047.0000,2,2,2,5,2,4,2,1,1,1
SF,IC2003,2019-12-24 09:32:43.600,5045.2000,54997,0,865531480.000,0,-,-,-,-,5044.6000,5044.4000,5044.2000,5044.0000,5043.8000,5045.2000,5045.6000,5046.0000,5046.8000,5047.0000,1,1,2,2,5,4,2,1,1,1
SF,IC2003,2019-12-24 09:32:44.100,5045.2000,54993,-4,869567640.000,4,0,4,双平,S,5045.2000,5044.6000,5044.2000,5044.0000,5043.8000,5045.6000,5046.0000,5046.8000,5047.0000,5048.6000,17,1,2,2,5,2,1,1,1,1
SF,IC2003,2019-12-24 09:32:44.600,5045.2000,54992,-1,870576680.000,1,0,1,双平,S,5045.2000,5044.6000,5044.2000,5044.0000,5043.8000,5045.4000,5045.6000,5046.0000,5046.8000,5047.0000,16,1,1,2,5,1,4,1,1,1
SF,IC2003,2019-12-24 09:32:45.100,5045.2000,54991,-1,871585720.000,1,0,1,双平,S,5045.4000,5045.2000,5044.6000,5044.2000,5044.0000,5045.6000,5046.0000,5046.8000,5047.0000,5048.6000,1,15,1,1,1,4,1,1,1,1
SF,IC2003,2019-12-24 09:32:45.600,5045.2000,54986,-5,877640000.000,6,0,6,多平,S,5045.2000,5045.0000,5044.6000,5044.2000,5044.0000,5045.6000,5046.0000,5046.8000,5047.0000,5048.6000,11,1,1,1,1,4,1,1,1,1
SF,IC2003,2019-12-24 09:32:46.100,5045.2000,54982,-4,881676160.000,4,0,4,双平,S,5045.4000,5045.2000,5045.0000,5044.6000,5044.2000,5045.6000,5046.0000,5046.8000,5047.0000,5048.6000,1,6,1,1,1,4,1,1,1,1
SF,IC2003,2019-12-24 09:32:46.600,5045.2000,54979,-3,884703320.000,3,0,3,双平,S,5045.2000,5045.0000,5044.6000,5044.2000,5044.0000,5045.6000,5046.0000,5046.8000,5047.0000,5048.6000,4,1,1,1,1,4,1,1,1,1
SF,IC2003,2019-12-24 09:32:47.600,5045.6000,54980,1,885712440.000,1,1,0,双开,S,5045.2000,5045.0000,5044.6000,5044.2000,5044.0000,5045.6000,5046.0000,5046.8000,5047.0000,5048.6000,4,1,1,1,1,3,1,1,1,1
SF,IC2003,2019-12-24 09:32:48.100,5045.6000,54978,-2,888739800.000,3,0,3,多平,S,5045.8000,5045.6000,5045.4000,5045.2000,5045.0000,5046.0000,5046.8000,5047.0000,5048.6000,5048.8000,5,4,1,4,1,1,1,1,1,1
SF,IC2003,2019-12-24 09:32:48.600,5046.8000,54977,-1,890758360.000,2,0,2,多平,S,5046.8000,5046.0000,5045.8000,5045.2000,5045.0000,5047.0000,5048.6000,5048.8000,5049.0000,5049.8000,1,1,3,4,1,1,1,1,6,4
SF,IC2003,2019-12-24 09:32:49.100,5048.4000,54977,0,895805600.000,5,2,3,多换,S,5047.0000,5045.2000,5045.0000,5044.0000,5043.8000,5048.4000,5048.6000,5048.8000,5049.0000,5049.8000,1,4,1,1,5,2,1,1,6,4
SF,IC2003,2019-12-24 09:32:49.600,5048.4000,54977,0,895805600.000,0,-,-,-,-,5047.0000,5045.6000,5045.2000,5045.0000,5044.0000,5048.2000,5048.4000,5048.6000,5048.8000,5049.0000,1,13,4,1,1,2,3,1,1,6
SF,IC2003,2019-12-24 09:32:50.100,5048.4000,54977,0,895805600.000,0,-,-,-,-,5047.0000,5045.6000,5045.2000,5045.0000,5044.0000,5048.2000,5048.4000,5048.6000,5048.8000,5049.0000,2,13,4,1,1,2,3,1,1,6
SF,IC2003,2019-12-24 09:32:50.600,5048.2000,54976,-1,897824680.000,2,0,2,多平,S,5047.2000,5047.0000,5045.8000,5045.6000,5045.2000,5048.2000,5048.4000,5048.6000,5048.8000,5049.0000,1,2,1,13,4,1,3,1,1,6
SF,IC2003,2019-12-24 09:32:51.100,5048.2000,54976,0,897824680.000,0,-,-,-,-,5047.4000,5047.0000,5045.8000,5045.6000,5045.2000,5048.2000,5048.4000,5048.6000,5048.8000,5049.0000,1,2,1,13,4,1,4,2,1,6
SF,IC2003,2019-12-24 09:32:51.600,5048.2000,54975,-1,898834320.000,1,0,1,双平,S,5047.4000,5047.0000,5045.8000,5045.6000,5045.2000,5048.4000,5048.6000,5048.8000,5049.0000,5049.8000,1,1,1,13,4,4,2,1,6,4
SF,IC2003,2019-12-24 09:32:52.100,5048.2000,54975,0,898834320.000,0,-,-,-,-,5048.2000,5047.4000,5047.0000,5045.8000,5045.6000,5048.4000,5048.6000,5048.8000,5049.0000,5049.8000,10,1,1,1,13,4,1,1,6,4
SF,IC2003,2019-12-24 09:32:52.600,5048.4000,54973,-2,900853640.000,2,0,2,双平,S,5048.2000,5047.4000,5047.0000,5045.8000,5045.6000,5048.4000,5048.6000,5048.8000,5049.0000,5049.8000,9,1,1,1,13,3,1,1,6,4
SF,IC2003,2019-12-24 09:32:53.100,5048.2000,54971,-2,902872920.000,2,0,2,双平,S,5048.2000,5047.4000,5045.8000,5045.6000,5045.2000,5048.4000,5048.6000,5048.8000,5049.0000,5049.8000,7,1,1,13,4,3,1,1,6,4
SF,IC2003,2019-12-24 09:32:53.600,5048.2000,54964,-7,909940400.000,7,0,7,双平,S,5047.4000,5045.8000,5045.6000,5045.2000,5045.0000,5048.2000,5048.4000,5048.6000,5048.8000,5049.0000,1,1,13,4,1,8,3,1,1,6
SF,IC2003,2019-12-24 09:32:54.100,5048.2000,54964,0,910950040.000,1,0,1,多换,S,5047.4000,5045.8000,5045.6000,5045.2000,5045.0000,5048.0000,5048.2000,5048.4000,5048.6000,5048.8000,1,1,13,4,1,1,7,3,2,1
SF,IC2003,2019-12-24 09:32:54.600,5048.2000,54964,0,911959680.000,1,0,1,多换,S,5047.4000,5045.8000,5045.6000,5045.2000,5045.0000,5048.2000,5048.4000,5048.6000,5048.8000,5049.0000,1,1,14,4,1,7,3,2,1,8
SF,IC2003,2019-12-24 09:32:55.100,5048.2000,54963,-1,913978960.000,2,0,2,多平,S,5048.0000,5047.6000,5045.8000,5045.6000,5045.2000,5048.2000,5048.4000,5048.6000,5048.8000,5049.0000,1,1,1,14,4,5,3,2,1,8
SF,IC2003,2019-12-24 09:32:55.600,5048.2000,54959,-4,919027160.000,5,0,5,多平,S,5048.0000,5045.8000,5045.6000,5045.2000,5045.0000,5048.4000,5048.6000,5049.0000,5049.8000,5050.0000,2,1,14,4,1,3,2,8,5,11
SF,IC2003,2019-12-24 09:32:56.100,5048.6000,54955,-4,923065920.000,4,0,4,双平,S,5048.4000,5048.2000,5048.0000,5045.8000,5045.6000,5048.6000,5049.0000,5049.8000,5050.0000,5050.2000,2,1,2,1,14,1,8,5,11,1
SF,IC2003,2019-12-24 09:32:56.600,5048.6000,54955,0,924075640.000,1,0,1,多换,S,5048.4000,5048.0000,5045.8000,5045.6000,5045.2000,5049.0000,5049.8000,5050.0000,5050.2000,5051.4000,5,2,1,14,4,8,5,11,1,1
SF,IC2003,2019-12-24 09:32:57.100,5048.6000,54955,0,924075640.000,0,-,-,-,-,5048.4000,5048.0000,5045.8000,5045.6000,5045.2000,5048.8000,5049.0000,5049.8000,5050.0000,5050.2000,5,2,1,14,4,1,9,5,11,1
SF,IC2003,2019-12-24 09:32:57.600,5048.8000,54955,0,925085400.000,1,0,1,多换,S,5048.4000,5048.0000,5045.6000,5045.2000,5045.0000,5049.0000,5049.8000,5050.0000,5050.2000,5051.4000,5,2,14,4,1,11,5,11,1,1
SF,IC2003,2019-12-24 09:32:58.100,5048.4000,54956,1,930133800.000,5,3,2,空开,S,5048.6000,5048.0000,5045.6000,5045.2000,5045.0000,5049.0000,5049.8000,5050.0000,5050.2000,5051.4000,2,2,14,4,1,11,5,11,1,1
SF,IC2003,2019-12-24 09:32:58.600,5048.6000,54956,0,932153240.000,2,1,1,多换,S,5048.0000,5046.4000,5045.6000,5045.2000,5045.0000,5048.4000,5048.6000,5049.0000,5049.8000,5050.0000,2,1,14,4,1,2,1,11,5,11
SF,IC2003,2019-12-24 09:32:59.100,5048.6000,54956,0,932153240.000,0,-,-,-,-,5048.2000,5048.0000,5046.4000,5045.6000,5045.2000,5048.6000,5049.0000,5049.8000,5050.0000,5050.2000,1,2,1,14,4,1,11,5,11,1
SF,IC2003,2019-12-24 09:32:59.600,5048.6000,54956,0,932153240.000,0,-,-,-,-,5048.4000,5048.0000,5046.4000,5045.6000,5045.2000,5048.6000,5049.0000,5049.8000,5050.0000,5050.2000,1,2,1,14,4,1,11,5,11,2
SF,IC2003,2019-12-24 09:33:00.100,5048.4000,54956,0,933162920.000,1,0,1,多换,S,5048.0000,5046.4000,5045.6000,5045.2000,5045.0000,5048.6000,5049.0000,5049.8000,5050.0000,5050.2000,2,1,14,4,1,1,11,5,11,2
SF,IC2003,2019-12-24 09:33:00.600,5048.4000,54956,0,933162920.000,0,-,-,-,-,5048.4000,5048.0000,5046.4000,5045.6000,5045.2000,5048.6000,5049.0000,5049.8000,5050.0000,5050.2000,1,4,1,14,4,1,11,5,11,2
SF,IC2003,2019-12-24 09:33:01.100,5048.4000,54953,-3,945278720.000,12,4,8,多平,S,5046.4000,5045.6000,5045.2000,5045.0000,5044.0000,5048.6000,5049.0000,5049.8000,5050.0000,5050.2000,1,14,4,1,1,1,11,5,11,2
SF,IC2003,2019-12-24 09:33:01.600,5048.4000,54953,0,945278720.000,0,-,-,-,-,5046.8000,5046.6000,5046.4000,5045.6000,5045.2000,5048.2000,5048.6000,5049.0000,5049.8000,5050.0000,1,1,1,14,4,1,3,11,5,11
SF,IC2003,2019-12-24 09:33:02.100,5048.0000,54951,-2,948307000.000,3,0,3,多平,S,5046.4000,5045.6000,5045.2000,5045.0000,5044.0000,5048.0000,5048.2000,5048.6000,5049.0000,5049.8000,1,14,4,1,1,2,3,1,11,5
SF,IC2003,2019-12-24 09:33:02.600,5048.0000,54951,0,948307000.000,0,-,-,-,-,5046.4000,5045.6000,5045.2000,5045.0000,5044.0000,5047.8000,5048.0000,5048.2000,5048.6000,5049.0000,1,14,4,1,1,1,2,2,1,11
SF,IC2003,2019-12-24 09:33:03.100,5048.0000,54951,0,948307000.000,0,-,-,-,-,5046.4000,5045.6000,5045.2000,5045.0000,5044.0000,5047.6000,5047.8000,5048.2000,5048.6000,5048.8000,1,14,4,1,1,1,1,2,1,1
SF,IC2003,2019-12-24 09:33:03.600,5046.4000,54951,0,949316280.000,1,0,1,多换,S,5045.6000,5045.2000,5045.0000,5044.0000,5043.8000,5047.6000,5048.2000,5048.6000,5048.8000,5049.0000,14,4,1,1,5,3,1,1,1,11
SF,IC2003,2019-12-24 09:33:04.100,5046.4000,54951,0,949316280.000,0,-,-,-,-,5045.8000,5045.6000,5045.2000,5045.0000,5043.8000,5047.4000,5047.6000,5048.6000,5048.8000,5049.0000,3,16,4,1,5,6,4,1,1,11
SF,IC2003,2019-12-24 09:33:04.600,5047.2000,54949,-2,951334880.000,2,0,2,双平,S,5045.8000,5045.6000,5045.2000,5045.0000,5043.8000,5047.2000,5047.4000,5047.6000,5048.6000,5048.8000,2,16,4,1,5,2,5,3,1,1
SF,IC2003,2019-12-24 09:33:05.100,5045.6000,54947,-2,953353120.000,2,0,2,双平,S,5045.6000,5045.2000,5045.0000,5043.8000,5043.6000,5047.2000,5047.4000,5047.6000,5048.6000,5048.8000,14,4,1,5,1,1,4,3,1,1
SF,IC2003,2019-12-24 09:33:05.600,5045.6000,54946,-1,954362240.000,1,0,1,双平,S,5045.6000,5045.2000,5045.0000,5043.8000,5043.6000,5045.8000,5046.4000,5046.8000,5047.0000,5047.2000,12,4,1,5,1,1,1,2,1,2
SF,IC2003,2019-12-24 09:33:06.100,5045.8000,54948,2,958398880.000,4,3,1,空开,S,5045.8000,5045.6000,5045.2000,5045.0000,5043.8000,5046.4000,5047.2000,5047.4000,5047.6000,5048.0000,1,12,4,1,5,1,2,3,1,1
SF,IC2003,2019-12-24 09:33:06.600,5047.0000,54948,0,960417560.000,2,1,1,多换,S,5046.4000,5045.8000,5045.6000,5045.2000,5045.0000,5047.2000,5047.4000,5047.6000,5048.0000,5048.4000,1,1,12,4,1,2,3,1,1,1
SF,IC2003,2019-12-24 09:33:07.100,5047.2000,54946,-2,962436280.000,2,0,2,双平,S,5045.6000,5045.2000,5045.0000,5043.8000,5043.6000,5047.2000,5047.4000,5047.6000,5048.0000,5048.4000,12,4,1,5,1,1,4,1,1,1
SF,IC2003,2019-12-24 09:33:07.600,5047.2000,54946,0,962436280.000,0,-,-,-,-,5046.6000,5045.8000,5045.6000,5045.2000,5045.0000,5047.0000,5047.2000,5047.4000,5047.6000,5048.0000,1,1,12,4,1,2,1,4,1,1
SF,IC2003,2019-12-24 09:33:08.100,5046.6000,54945,-1,963445600.000,1,0,1,双平,S,5046.6000,5045.8000,5045.6000,5045.2000,5045.0000,5047.2000,5047.4000,5047.6000,5048.0000,5048.4000,1,1,12,4,2,1,4,1,1,1
SF,IC2003,2019-12-24 09:33:08.600,5047.0000,54944,-1,965464320.000,2,0,2,多平,S,5045.6000,5045.2000,5045.0000,5043.8000,5043.6000,5047.2000,5047.4000,5047.6000,5048.0000,5048.4000,12,4,2,5,1,1,4,1,1,1
SF,IC2003,2019-12-24 09:33:09.100,5045.6000,54941,-3,968491800.000,3,0,3,双平,S,5045.6000,5045.2000,5045.0000,5043.8000,5043.6000,5047.0000,5047.2000,5047.4000,5047.6000,5048.0000,11,4,2,5,1,2,2,4,1,2
SF,IC2003,2019-12-24 09:33:09.600,5045.6000,54941,0,968491800.000,0,-,-,-,-,5045.8000,5045.6000,5045.2000,5045.0000,5043.8000,5047.2000,5047.4000,5047.6000,5048.0000,5048.4000,5,11,4,2,5,1,4,1,2,1
SF,IC2003,2019-12-24 09:33:10.100,5045.6000,54941,0,968491800.000,0,-,-,-,-,5045.8000,5045.6000,5045.2000,5045.0000,5043.8000,5046.8000,5047.0000,5047.4000,5047.6000,5048.0000,2,11,4,2,5,2,2,2,1,2
SF,IC2003,2019-12-24 09:33:10.600,5045.6000,54941,0,968491800.000,0,-,-,-,-,5045.6000,5045.2000,5045.0000,5043.8000,5043.6000,5046.6000,5046.8000,5047.4000,5047.6000,5048.0000,11,4,2,5,1,4,2,2,1,2
SF,IC2003,2019-12-24 09:33:11.100,5046.6000,54941,0,970510400.000,2,1,1,多换,S,5045.6000,5045.4000,5045.2000,5045.0000,5043.8000,5046.6000,5046.8000,5047.4000,5047.6000,5048.0000,11,1,4,2,5,1,2,2,1,2
SF,IC2003,2019-12-24 09:33:11.600,5046.6000,54941,0,970510400.000,0,-,-,-,-,5045.8000,5045.6000,5045.4000,5045.2000,5045.0000,5046.6000,5046.8000,5047.4000,5047.6000,5048.0000,1,11,1,4,2,1,2,2,1,2
SF,IC2003,2019-12-24 09:33:12.100,5046.6000,54941,0,970510400.000,0,-,-,-,-,5045.8000,5045.6000,5045.4000,5045.2000,5045.0000,5046.6000,5046.8000,5047.4000,5047.6000,5048.0000,3,11,1,4,2,1,3,2,1,2
SF,IC2003,2019-12-24 09:33:12.600,5046.6000,54941,0,971519720.000,1,0,1,多换,S,5045.8000,5045.6000,5045.4000,5045.2000,5045.0000,5046.8000,5047.4000,5047.6000,5048.0000,5048.4000,3,11,1,4,2,3,2,1,2,1
SF,IC2003,2019-12-24 09:33:13.100,5045.8000,54937,-4,978584480.000,7,1,6,多平,S,5046.6000,5045.6000,5045.4000,5045.2000,5045.0000,5047.6000,5048.0000,5048.2000,5048.4000,5048.6000,1,11,1,4,2,1,2,1,1,1
SF,IC2003,2019-12-24 09:33:13.600,5045.8000,54937,0,978584480.000,0,-,-,-,-,5046.6000,5046.0000,5045.6000,5045.4000,5045.2000,5047.4000,5047.6000,5048.0000,5048.2000,5048.4000,1,1,11,1,4,1,1,2,1,1
SF,IC2003,2019-12-24 09:33:14.100,5046.0000,54936,-1,980603000.000,2,0,2,多平,S,5045.6000,5045.4000,5045.2000,5045.0000,5043.8000,5046.6000,5047.4000,5047.6000,5048.0000,5048.2000,11,1,4,2,5,1,1,1,2,1
SF,IC2003,2019-12-24 09:33:14.600,5046.6000,54935,-1,981612320.000,1,0,1,双平,S,5045.8000,5045.6000,5045.4000,5045.2000,5045.0000,5047.6000,5048.0000,5048.2000,5048.4000,5048.6000,5,11,1,4,2,1,2,1,1,1
SF,IC2003,2019-12-24 09:33:15.100,5046.6000,54935,0,981612320.000,0,-,-,-,-,5046.0000,5045.8000,5045.6000,5045.4000,5045.2000,5047.2000,5047.6000,5048.0000,5048.2000,5048.4000,4,4,11,1,5,2,1,4,1,1
SF,IC2003,2019-12-24 09:33:15.600,5046.2000,54928,-7,988677000.000,7,0,7,双平,S,5046.2000,5046.0000,5045.8000,5045.6000,5045.4000,5047.4000,5047.6000,5048.0000,5048.2000,5048.4000,3,2,3,11,1,1,1,4,1,1
SF,IC2003,2019-12-24 09:33:16.100,5046.2000,54928,0,988677000.000,0,-,-,-,-,5046.2000,5046.0000,5045.8000,5045.6000,5045.4000,5047.2000,5047.4000,5047.6000,5048.0000,5048.2000,2,1,1,11,1,1,1,1,4,1
SF,IC2003,2019-12-24 09:33:16.600,5047.4000,54929,1,990695920.000,2,1,1,空开,S,5046.4000,5045.8000,5045.6000,5045.4000,5045.2000,5047.6000,5048.0000,5048.2000,5048.4000,5048.6000,1,1,11,1,5,1,4,1,1,1
SF,IC2003,2019-12-24 09:33:17.100,5047.4000,54929,0,990695920.000,0,-,-,-,-,5046.6000,5046.4000,5046.2000,5045.8000,5045.6000,5047.4000,5047.6000,5048.0000,5048.2000,5048.4000,1,1,1,1,11,1,2,4,1,1
SF,IC2003,2019-12-24 09:33:17.600,5047.4000,54929,0,990695920.000,0,-,-,-,-,5046.6000,5046.4000,5046.2000,5045.8000,5045.6000,5047.4000,5047.6000,5048.0000,5048.2000,5048.4000,1,1,1,1,11,1,2,4,1,1
SF,IC2003,2019-12-24 09:33:18.100,5046.6000,54929,0,991705240.000,1,0,1,多换,S,5046.6000,5046.2000,5045.8000,5045.6000,5045.4000,5047.4000,5047.6000,5048.0000,5048.2000,5048.4000,1,1,1,11,1,1,2,4,1,1
SF,IC2003,2019-12-24 09:33:18.600,5046.6000,54929,0,992714560.000,1,0,1,多换,S,5046.2000,5045.6000,5045.4000,5045.2000,5045.0000,5046.6000,5047.4000,5047.6000,5048.0000,5048.2000,1,11,1,5,2,1,1,2,4,1
SF,IC2003,2019-12-24 09:33:19.100,5046.6000,54929,0,992714560.000,0,-,-,-,-,5046.2000,5045.6000,5045.4000,5045.2000,5045.0000,5047.4000,5047.6000,5048.0000,5048.2000,5048.4000,1,11,1,5,2,1,2,4,1,1
SF,IC2003,2019-12-24 09:33:19.600,5046.6000,54929,0,992714560.000,0,-,-,-,-,5046.2000,5045.6000,5045.4000,5045.2000,5045.0000,5047.4000,5047.6000,5048.0000,5048.2000,5048.4000,2,11,1,5,2,1,2,4,1,1
SF,IC2003,2019-12-24 09:33:20.100,5047.4000,54928,-1,993724040.000,1,0,1,双平,S,5047.4000,5046.4000,5046.2000,5045.6000,5045.4000,5047.6000,5048.0000,5048.2000,5048.4000,5048.6000,2,1,2,11,1,1,4,1,1,1
SF,IC2003,2019-12-24 09:33:20.600,5047.4000,54926,-2,995743000.000,2,0,2,双平,S,5046.4000,5046.2000,5045.6000,5045.4000,5045.2000,5047.2000,5047.4000,5047.6000,5048.0000,5048.2000,1,2,11,1,5,3,7,1,4,1
SF,IC2003,2019-12-24 09:33:21.100,5047.4000,54926,0,995743000.000,0,-,-,-,-,5047.2000,5046.4000,5046.2000,5045.6000,5045.4000,5047.4000,5047.6000,5048.0000,5048.2000,5048.4000,1,1,2,11,1,6,1,4,1,2
SF,IC2003,2019-12-24 09:33:21.600,5047.2000,54925,-1,996752440.000,1,0,1,双平,S,5046.2000,5045.6000,5045.4000,5045.2000,5045.0000,5047.0000,5047.2000,5047.4000,5047.6000,5048.0000,1,11,1,5,2,2,4,3,1,4
SF,IC2003,2019-12-24 09:33:22.100,5047.2000,54925,0,996752440.000,0,-,-,-,-,5046.8000,5046.2000,5045.6000,5045.4000,5045.2000,5047.0000,5047.2000,5047.4000,5047.6000,5047.8000,2,1,11,1,5,1,3,3,1,1
SF,IC2003,2019-12-24 09:33:22.600,5047.4000,54927,2,1003818240.000,7,4,3,空开,S,5047.0000,5046.2000,5045.6000,5045.4000,5045.2000,5047.6000,5047.8000,5048.0000,5048.2000,5048.4000,1,1,11,1,5,1,1,4,1,2
SF,IC2003,2019-12-24 09:33:23.100,5047.4000,54927,0,1003818240.000,0,-,-,-,-,5047.0000,5046.2000,5045.6000,5045.4000,5045.2000,5047.6000,5047.8000,5048.0000,5048.2000,5048.4000,1,1,11,1,5,1,1,4,1,2
SF,IC2003,2019-12-24 09:33:23.600,5047.0000,54926,-1,1004827640.000,1,0,1,双平,S,5046.2000,5045.6000,5045.4000,5045.2000,5045.0000,5047.6000,5047.8000,5048.0000,5048.2000,5048.4000,1,11,1,5,1,1,1,4,1,2
SF,IC2003,2019-12-24 09:33:24.100,5047.0000,54926,0,1004827640.000,0,-,-,-,-,5046.4000,5046.2000,5045.6000,5045.4000,5045.2000,5047.6000,5047.8000,5048.0000,5048.2000,5048.4000,2,2,11,1,5,1,1,4,1,2
SF,IC2003,2019-12-24 09:33:24.600,5047.0000,54926,0,1004827640.000,0,-,-,-,-,5046.4000,5046.2000,5045.6000,5045.4000,5045.2000,5047.6000,5047.8000,5048.0000,5048.2000,5048.4000,2,2,11,1,2,1,1,4,1,2
SF,IC2003,2019-12-24 09:33:25.100,5047.6000,54927,1,1005837160.000,1,1,0,双开,S,5047.6000,5046.4000,5046.2000,5045.6000,5045.4000,5047.8000,5048.0000,5048.2000,5048.4000,5048.6000,1,2,2,11,1,1,4,1,2,1
SF,IC2003,2019-12-24 09:33:25.600,5047.6000,54927,0,1006846680.000,1,0,1,多换,S,5046.8000,5046.4000,5046.2000,5045.6000,5045.4000,5047.6000,5047.8000,5048.0000,5048.2000,5048.4000,2,1,2,11,1,1,1,4,1,2
SF,IC2003,2019-12-24 09:33:26.100,5047.6000,54927,0,1006846680.000,0,-,-,-,-,5047.0000,5046.8000,5046.2000,5045.6000,5045.4000,5047.8000,5048.0000,5048.2000,5048.4000,5048.6000,1,2,1,11,1,1,4,1,2,1
SF,IC2003,2019-12-24 09:33:26.600,5047.6000,54927,0,1006846680.000,0,-,-,-,-,5047.0000,5046.8000,5046.2000,5045.6000,5045.4000,5047.8000,5048.0000,5048.2000,5048.4000,5048.6000,1,2,1,11,1,1,4,1,2,1
SF,IC2003,2019-12-24 09:33:27.100,5047.6000,54927,0,1006846680.000,0,-,-,-,-,5047.6000,5047.0000,5046.8000,5046.2000,5045.6000,5047.8000,5048.0000,5048.2000,5048.4000,5048.6000,5,1,2,1,11,1,4,1,2,1
SF,IC2003,2019-12-24 09:33:27.600,5047.8000,54926,-1,1007856240.000,1,0,1,双平,S,5047.8000,5047.6000,5047.0000,5046.8000,5046.2000,5048.0000,5048.2000,5048.4000,5048.6000,5048.8000,1,5,1,2,1,4,1,2,1,1
SF,IC2003,2019-12-24 09:33:28.100,5047.8000,54924,-2,1009875400.000,2,0,2,双平,S,5047.6000,5047.0000,5046.8000,5046.2000,5045.6000,5048.0000,5048.2000,5048.4000,5048.6000,5048.8000,5,1,2,1,11,3,1,2,1,1
SF,IC2003,2019-12-24 09:33:28.600,5048.0000,54923,-1,1012904200.000,3,1,2,多平,S,5047.6000,5047.0000,5046.8000,5046.2000,5045.6000,5048.2000,5048.4000,5048.6000,5048.8000,5049.0000,5,1,2,1,11,1,2,1,1,6
SF,IC2003,2019-12-24 09:33:29.100,5048.4000,54923,0,1014923520.000,2,1,1,多换,S,5047.8000,5047.6000,5046.8000,5046.2000,5045.6000,5048.4000,5048.6000,5048.8000,5049.0000,5049.8000,1,5,2,1,11,1,1,1,6,5
SF,IC2003,2019-12-24 09:33:29.600,5048.4000,54923,0,1014923520.000,0,-,-,-,-,5047.8000,5047.6000,5046.8000,5046.2000,5045.6000,5048.4000,5048.6000,5048.8000,5049.0000,5049.8000,1,5,3,1,11,1,1,1,6,5
SF,IC2003,2019-12-24 09:33:30.100,5048.4000,54923,0,1014923520.000,0,-,-,-,-,5048.0000,5047.8000,5047.6000,5046.8000,5046.2000,5048.4000,5048.6000,5048.8000,5049.0000,5049.8000,1,1,5,3,1,1,1,1,6,5
SF,IC2003,2019-12-24 09:33:30.600,5048.4000,54923,0,1014923520.000,0,-,-,-,-,5048.0000,5047.8000,5047.6000,5046.8000,5046.2000,5048.2000,5048.4000,5048.6000,5048.8000,5049.0000,1,1,5,3,1,1,1,1,1,6
SF,IC2003,2019-12-24 09:33:31.100,5048.4000,54922,-1,1018962040.000,4,1,3,多平,S,5047.6000,5046.8000,5046.2000,5045.6000,5045.4000,5048.6000,5048.8000,5049.0000,5049.8000,5050.0000,5,3,1,11,1,1,1,6,5,11
SF,IC2003,2019-12-24 09:33:31.600,5047.6000,54923,1,1019971560.000,1,1,0,双开,S,5047.6000,5046.8000,5046.2000,5045.6000,5045.4000,5048.4000,5048.6000,5048.8000,5049.0000,5049.8000,4,3,1,12,1,1,2,1,6,5
SF,IC2003,2019-12-24 09:33:32.100,5048.2000,54922,-1,1023000240.000,3,1,2,多平,S,5047.6000,5046.8000,5046.2000,5045.6000,5045.4000,5048.2000,5048.4000,5048.6000,5049.0000,5049.8000,2,3,1,12,1,2,1,2,6,5
SF,IC2003,2019-12-24 09:33:32.600,5048.0000,54922,0,1024009840.000,1,0,1,多换,S,5047.6000,5046.8000,5046.2000,5045.6000,5045.4000,5048.0000,5048.2000,5048.4000,5048.6000,5049.0000,2,3,1,12,1,1,1,1,2,6
SF,IC2003,2019-12-24 09:33:33.100,5047.6000,54922,0,1026028880.000,2,1,1,多换,S,5046.8000,5046.2000,5045.6000,5045.4000,5045.2000,5047.0000,5047.6000,5048.0000,5048.2000,5048.4000,3,1,12,1,2,5,4,1,1,1
SF,IC2003,2019-12-24 09:33:33.600,5047.6000,54922,0,1026028880.000,0,-,-,-,-,5046.8000,5046.2000,5045.6000,5045.4000,5045.2000,5047.0000,5047.6000,5048.0000,5048.2000,5048.4000,3,1,12,1,2,5,4,1,1,1
SF,IC2003,2019-12-24 09:33:34.100,5046.8000,54923,1,1027038240.000,1,1,0,双开,S,5046.8000,5046.2000,5045.6000,5045.4000,5045.2000,5047.0000,5048.0000,5048.2000,5048.4000,5048.6000,3,1,12,1,2,5,1,1,1,1
SF,IC2003,2019-12-24 09:33:34.600,5046.8000,54923,0,1027038240.000,0,-,-,-,-,5046.8000,5046.2000,5045.6000,5045.4000,5045.2000,5047.0000,5048.0000,5048.2000,5048.4000,5048.6000,3,1,12,1,2,5,1,1,2,1
SF,IC2003,2019-12-24 09:33:35.100,5047.0000,54921,-2,1029057040.000,2,0,2,双平,S,5046.8000,5046.2000,5045.6000,5045.4000,5045.2000,5047.0000,5048.0000,5048.2000,5048.4000,5048.6000,3,1,12,1,2,3,1,1,2,1
SF,IC2003,2019-12-24 09:33:35.600,5047.0000,54918,-3,1032085240.000,3,0,3,双平,S,5047.0000,5046.8000,5046.2000,5045.6000,5045.4000,5048.0000,5048.2000,5048.4000,5048.6000,5049.0000,1,3,1,12,1,1,1,1,1,6
SF,IC2003,2019-12-24 09:33:36.100,5047.0000,54918,0,1033094640.000,1,0,1,多换,S,5046.8000,5046.2000,5045.6000,5045.4000,5045.2000,5048.0000,5048.2000,5048.4000,5048.6000,5049.0000,3,1,12,1,2,1,1,1,1,6
SF,IC2003,2019-12-24 09:33:36.600,5047.0000,54918,0,1033094640.000,0,-,-,-,-,5046.8000,5046.2000,5045.6000,5045.4000,5045.2000,5048.0000,5048.2000,5048.4000,5048.6000,5049.0000,3,1,12,1,2,1,1,2,1,6
SF,IC2003,2019-12-24 09:33:37.100,5047.0000,54917,-1,1034104040.000,1,0,1,双平,S,5046.8000,5046.2000,5045.6000,5045.4000,5045.2000,5048.0000,5048.2000,5048.4000,5048.6000,5049.0000,3,1,12,1,2,1,1,2,1,6
SF,IC2003,2019-12-24 09:33:37.600,5047.0000,54917,0,1034104040.000,0,-,-,-,-,5046.8000,5046.2000,5045.6000,5045.4000,5045.2000,5048.0000,5048.2000,5048.4000,5048.6000,5048.8000,3,1,12,1,2,1,1,2,1,2
SF,IC2003,2019-12-24 09:33:38.100,5047.0000,54917,0,1034104040.000,0,-,-,-,-,5047.0000,5046.8000,5046.2000,5045.6000,5045.4000,5048.0000,5048.2000,5048.4000,5048.6000,5048.8000,1,3,1,12,1,1,1,2,1,2
SF,IC2003,2019-12-24 09:33:38.600,5047.0000,54917,0,1034104040.000,0,-,-,-,-,5047.0000,5046.8000,5046.2000,5045.6000,5045.4000,5047.8000,5048.0000,5048.2000,5048.4000,5048.6000,2,3,1,12,1,1,1,1,2,1
SF,IC2003,2019-12-24 09:33:39.100,5047.0000,54917,0,1034104040.000,0,-,-,-,-,5047.0000,5046.8000,5046.2000,5045.6000,5045.4000,5047.8000,5048.0000,5048.2000,5048.4000,5048.6000,2,3,1,12,1,1,1,1,2,1
SF,IC2003,2019-12-24 09:33:39.600,5047.0000,54917,0,1034104040.000,0,-,-,-,-,5047.2000,5047.0000,5046.8000,5046.2000,5045.6000,5047.8000,5048.0000,5048.2000,5048.4000,5048.6000,1,2,2,1,12,1,1,1,2,1
SF,IC2003,2019-12-24 09:33:41.100,5047.0000,54917,0,1037132240.000,3,1,2,多换,S,5046.8000,5046.2000,5045.6000,5045.4000,5045.2000,5047.0000,5047.8000,5048.0000,5048.2000,5048.4000,2,1,12,1,2,2,1,1,2,2
SF,IC2003,2019-12-24 09:33:41.600,5047.0000,54917,0,1038141640.000,1,0,1,多换,S,5046.8000,5046.2000,5045.6000,5045.4000,5045.2000,5047.0000,5047.8000,5048.0000,5048.2000,5048.4000,2,1,12,1,2,1,1,1,2,2
SF,IC2003,2019-12-24 09:33:42.100,5047.0000,54917,0,1038141640.000,0,-,-,-,-,5046.8000,5046.2000,5045.6000,5045.4000,5045.2000,5047.0000,5047.8000,5048.0000,5048.2000,5048.4000,2,1,12,1,2,1,1,1,2,2
SF,IC2003,2019-12-24 09:33:42.600,5047.0000,54917,0,1039151040.000,1,0,1,多换,S,5046.8000,5046.2000,5045.6000,5045.4000,5045.2000,5047.6000,5047.8000,5048.2000,5048.4000,5048.6000,2,1,12,1,2,1,1,2,2,1
SF,IC2003,2019-12-24 09:33:44.100,5046.8000,54919,2,1041169760.000,2,2,0,双开,S,5046.2000,5045.6000,5045.4000,5045.2000,5045.0000,5046.8000,5047.2000,5047.4000,5047.6000,5047.8000,1,12,1,2,2,2,1,2,1,1
SF,IC2003,2019-12-24 09:33:44.600,5046.8000,54919,0,1041169760.000,0,-,-,-,-,5046.2000,5045.6000,5045.4000,5045.2000,5045.0000,5046.6000,5046.8000,5047.2000,5047.4000,5047.6000,1,12,1,2,2,1,2,1,2,1
SF,IC2003,2019-12-24 09:33:45.100,5046.2000,54918,-1,1042179000.000,1,0,1,双平,S,5045.6000,5045.4000,5045.2000,5045.0000,5043.8000,5046.6000,5046.8000,5047.2000,5047.4000,5047.6000,12,1,2,2,6,1,2,1,2,1
SF,IC2003,2019-12-24 09:33:45.600,5046.2000,54918,0,1042179000.000,0,-,-,-,-,5045.6000,5045.4000,5045.2000,5045.0000,5043.8000,5046.4000,5046.6000,5046.8000,5047.2000,5047.4000,12,1,2,2,6,1,1,2,1,2
SF,IC2003,2019-12-24 09:33:46.100,5046.2000,54918,0,1042179000.000,0,-,-,-,-,5045.6000,5045.4000,5045.2000,5045.0000,5043.8000,5046.4000,5046.6000,5046.8000,5047.2000,5047.4000,12,1,2,2,6,1,1,3,1,2
SF,IC2003,2019-12-24 09:33:47.100,5046.2000,54918,0,1042179000.000,0,-,-,-,-,5045.6000,5045.4000,5045.2000,5045.0000,5043.8000,5046.4000,5046.6000,5046.8000,5047.2000,5047.4000,12,1,2,2,6,1,1,3,1,2
SF,IC2003,2019-12-24 09:33:48.100,5046.6000,54917,-1,1044197600.000,2,0,2,多平,S,5045.6000,5045.4000,5045.2000,5045.0000,5043.8000,5046.8000,5047.4000,5047.6000,5048.2000,5048.4000,12,1,2,2,6,3,2,1,1,2
SF,IC2003,2019-12-24 09:33:48.600,5046.6000,54917,0,1044197600.000,0,-,-,-,-,5045.8000,5045.6000,5045.4000,5045.2000,5045.0000,5046.6000,5046.8000,5047.4000,5047.6000,5048.2000,1,12,1,2,2,2,1,2,1,1
SF,IC2003,2019-12-24 09:33:49.100,5045.8000,54916,-1,1045206760.000,1,0,1,双平,S,5045.6000,5045.4000,5045.2000,5045.0000,5043.8000,5046.6000,5046.8000,5047.4000,5047.6000,5048.2000,12,1,2,2,6,1,1,2,1,1
SF,IC2003,2019-12-24 09:33:49.600,5045.8000,54916,0,1045206760.000,0,-,-,-,-,5045.6000,5045.4000,5045.2000,5045.0000,5043.8000,5046.6000,5046.8000,5047.4000,5047.6000,5048.2000,12,1,2,2,6,2,1,2,1,1
SF,IC2003,2019-12-24 09:33:50.600,5046.6000,54916,0,1047225400.000,2,1,1,多换,S,5045.6000,5045.4000,5045.2000,5045.0000,5043.8000,5046.8000,5047.4000,5047.6000,5048.2000,5048.4000,12,1,2,2,6,1,1,1,1,2
SF,IC2003,2019-12-24 09:33:51.100,5046.6000,54916,0,1047225400.000,0,-,-,-,-,5045.8000,5045.6000,5045.4000,5045.2000,5045.0000,5046.8000,5047.4000,5047.6000,5048.2000,5048.4000,2,12,1,2,2,1,1,1,1,2
SF,IC2003,2019-12-24 09:33:51.600,5046.6000,54916,0,1047225400.000,0,-,-,-,-,5046.0000,5045.8000,5045.6000,5045.4000,5045.2000,5046.8000,5047.4000,5047.6000,5048.2000,5048.4000,1,6,12,1,2,1,1,1,1,2
SF,IC2003,2019-12-24 09:33:52.100,5046.0000,54915,-1,1048234600.000,1,0,1,双平,S,5045.8000,5045.6000,5045.4000,5045.2000,5045.0000,5046.6000,5046.8000,5047.4000,5047.6000,5048.2000,6,12,1,2,2,1,1,1,1,1
SF,IC2003,2019-12-24 09:33:52.600,5046.0000,54915,0,1048234600.000,0,-,-,-,-,5046.0000,5045.8000,5045.6000,5045.4000,5045.2000,5046.6000,5046.8000,5047.4000,5047.6000,5048.2000,1,6,12,1,2,1,1,1,1,1
SF,IC2003,2019-12-24 09:33:53.100,5045.8000,54913,-2,1050252960.000,2,0,2,双平,S,5045.8000,5045.6000,5045.4000,5045.2000,5045.0000,5046.0000,5046.2000,5046.6000,5046.8000,5047.6000,5,12,1,2,2,1,1,1,1,1
SF,IC2003,2019-12-24 09:33:53.600,5046.0000,54913,0,1051262160.000,1,0,1,多换,S,5045.8000,5045.6000,5045.4000,5045.2000,5045.0000,5046.6000,5046.8000,5047.6000,5048.2000,5048.4000,5,12,1,2,2,1,1,1,1,2
SF,IC2003,2019-12-24 09:33:54.100,5045.8000,54907,-6,1057317240.000,6,0,6,双平,S,5045.6000,5045.4000,5045.2000,5045.0000,5043.8000,5046.6000,5046.8000,5047.6000,5048.2000,5048.4000,12,1,2,2,6,1,1,1,1,2
SF,IC2003,2019-12-24 09:33:54.600,5046.6000,54907,0,1058326560.000,1,0,1,多换,S,5045.6000,5045.4000,5045.2000,5045.0000,5043.8000,5046.2000,5046.4000,5046.8000,5047.6000,5048.2000,15,1,2,2,6,1,2,1,1,1
SF,IC2003,2019-12-24 09:33:55.100,5045.8000,54902,-5,1065390760.000,7,1,6,多平,S,5045.6000,5045.4000,5045.2000,5045.0000,5043.8000,5045.8000,5046.8000,5047.6000,5048.2000,5048.4000,15,1,2,2,6,8,1,1,1,2
SF,IC2003,2019-12-24 09:33:55.600,5045.8000,54897,-5,1073464040.000,8,1,7,多平,S,5046.0000,5045.8000,5045.6000,5045.4000,5045.2000,5046.8000,5047.6000,5048.2000,5048.4000,5048.6000,2,1,15,1,2,1,1,1,2,1
SF,IC2003,2019-12-24 09:33:56.100,5045.8000,54897,0,1073464040.000,0,-,-,-,-,5046.0000,5045.8000,5045.6000,5045.4000,5045.2000,5046.8000,5047.6000,5048.2000,5048.4000,5048.6000,2,1,15,1,2,1,1,1,2,1
SF,IC2003,2019-12-24 09:33:56.600,5046.0000,54896,-1,1074473240.000,1,0,1,双平,S,5045.6000,5045.4000,5045.2000,5045.0000,5043.8000,5046.8000,5047.6000,5048.2000,5048.4000,5048.6000,15,1,2,2,6,1,1,1,2,1
SF,IC2003,2019-12-24 09:33:57.100,5046.0000,54896,0,1074473240.000,0,-,-,-,-,5045.8000,5045.6000,5045.4000,5045.2000,5045.0000,5046.0000,5046.8000,5047.6000,5048.2000,5048.4000,1,15,1,2,2,5,1,1,1,2
SF,IC2003,2019-12-24 09:33:57.600,5046.0000,54892,-4,1079519240.000,5,0,5,多平,S,5045.6000,5045.4000,5045.2000,5045.0000,5043.8000,5045.8000,5046.8000,5047.6000,5048.2000,5048.4000,15,1,2,2,6,1,1,1,1,2
SF,IC2003,2019-12-24 09:33:58.100,5046.8000,54890,-2,1081537760.000,2,0,2,双平,S,5045.6000,5045.4000,5045.2000,5045.0000,5043.8000,5047.6000,5048.2000,5048.4000,5048.6000,5048.8000,15,1,2,2,6,1,1,2,1,2
SF,IC2003,2019-12-24 09:33:58.600,5046.8000,54890,0,1081537760.000,0,-,-,-,-,5045.8000,5045.6000,5045.4000,5045.2000,5045.0000,5046.6000,5047.2000,5047.4000,5047.6000,5048.2000,1,15,1,2,2,1,1,5,2,1
SF,IC2003,2019-12-24 09:33:59.100,5045.8000,54889,-1,1082546920.000,1,0,1,双平,S,5045.6000,5045.4000,5045.2000,5045.0000,5043.8000,5046.6000,5047.2000,5047.4000,5047.6000,5048.2000,15,3,2,2,6,1,1,2,2,1
SF,IC2003,2019-12-24 09:33:59.600,5045.8000,54889,0,1082546920.000,0,-,-,-,-,5045.6000,5045.4000,5045.2000,5045.0000,5043.8000,5046.4000,5046.6000,5047.2000,5047.4000,5047.6000,15,3,2,2,6,1,1,1,2,2
SF,IC2003,2019-12-24 09:34:00.100,5045.6000,54885,-4,1092638120.000,10,3,7,多平,S,5045.6000,5045.4000,5045.2000,5045.0000,5043.8000,5046.4000,5046.6000,5047.4000,5047.6000,5048.2000,6,3,2,2,6,3,2,2,2,1
SF,IC2003,2019-12-24 09:34:00.600,5045.4000,54881,-4,1102729200.000,10,3,7,多平,S,5045.2000,5045.0000,5043.8000,5043.6000,5041.0000,5045.6000,5046.4000,5046.6000,5047.4000,5047.6000,2,2,6,1,3,1,3,2,2,2
SF,IC2003,2019-12-24 09:34:01.100,5045.0000,54880,-1,1105756280.000,3,1,2,多平,S,5045.0000,5043.8000,5043.6000,5041.0000,5040.6000,5045.2000,5045.6000,5046.4000,5046.6000,5047.6000,1,6,1,3,1,1,1,3,2,2
SF,IC2003,2019-12-24 09:34:01.600,5045.0000,54880,0,1108783280.000,3,1,2,多换,S,5043.8000,5043.6000,5041.0000,5040.6000,5040.4000,5045.0000,5045.2000,5045.6000,5046.4000,5046.6000,6,1,3,1,3,4,1,1,1,1
SF,IC2003,2019-12-24 09:34:02.100,5045.0000,54879,-1,1111810280.000,3,1,2,多平,S,5044.0000,5043.8000,5043.6000,5041.0000,5040.6000,5045.0000,5045.2000,5045.6000,5046.4000,5046.6000,1,6,1,3,1,1,1,1,1,1
SF,IC2003,2019-12-24 09:34:02.600,5045.0000,54879,0,1111810280.000,0,-,-,-,-,5043.8000,5043.6000,5041.0000,5040.6000,5040.4000,5045.0000,5045.2000,5045.6000,5046.4000,5046.6000,6,1,3,1,3,1,1,1,1,1
SF,IC2003,2019-12-24 09:34:03.100,5045.0000,54879,0,1111810280.000,0,-,-,-,-,5043.8000,5043.6000,5041.0000,5040.6000,5040.4000,5044.8000,5045.0000,5045.2000,5045.6000,5046.6000,6,1,3,1,3,1,1,1,1,1
SF,IC2003,2019-12-24 09:34:04.100,5044.0000,54877,-2,1113827880.000,2,0,2,双平,S,5043.8000,5043.6000,5041.0000,5040.6000,5040.4000,5044.8000,5045.0000,5045.2000,5045.6000,5046.6000,6,1,2,1,3,1,1,1,1,1
SF,IC2003,2019-12-24 09:34:04.600,5044.0000,54875,-2,1116854640.000,3,0,3,多平,S,5043.8000,5043.6000,5041.0000,5040.6000,5040.4000,5045.2000,5045.6000,5046.6000,5047.6000,5048.2000,6,1,2,1,3,1,1,1,1,1
SF,IC2003,2019-12-24 09:34:05.100,5044.0000,54875,0,1116854640.000,0,-,-,-,-,5043.8000,5043.6000,5041.0000,5040.6000,5040.4000,5045.0000,5045.2000,5045.6000,5046.6000,5047.6000,6,1,2,1,3,2,2,1,1,1
SF,IC2003,2019-12-24 09:34:05.600,5044.0000,54874,-1,1117863440.000,1,0,1,双平,S,5044.0000,5043.8000,5043.6000,5041.0000,5040.6000,5044.8000,5045.0000,5045.2000,5045.6000,5046.6000,2,6,1,2,1,2,2,2,1,1
SF,IC2003,2019-12-24 09:34:06.100,5044.0000,54873,-1,1120889840.000,3,1,2,多平,S,5043.8000,5043.6000,5041.0000,5040.6000,5040.4000,5044.6000,5044.8000,5045.2000,5045.6000,5046.6000,6,1,2,1,3,2,2,2,1,1
SF,IC2003,2019-12-24 09:34:06.600,5043.8000,54873,0,1121898600.000,1,0,1,多换,S,5043.8000,5043.6000,5041.0000,5040.6000,5040.4000,5044.6000,5044.8000,5045.2000,5045.6000,5046.6000,5,1,2,1,3,2,2,2,1,1
SF,IC2003,2019-12-24 09:34:07.100,5043.8000,54873,0,1125933640.000,4,2,2,多换,S,5043.8000,5043.6000,5041.0000,5040.6000,5040.4000,5044.0000,5044.6000,5044.8000,5045.2000,5045.6000,1,1,2,1,3,1,2,2,2,1
SF,IC2003,2019-12-24 09:34:07.600,5043.8000,54872,-1,1127951160.000,2,0,2,多平,S,5043.6000,5041.0000,5040.6000,5040.4000,5040.0000,5043.8000,5044.0000,5044.6000,5044.8000,5045.2000,1,2,1,3,5,1,1,1,1,2
SF,IC2003,2019-12-24 09:34:08.100,5043.8000,54871,-1,1129968640.000,2,0,2,多平,S,5041.0000,5040.6000,5040.4000,5040.0000,5038.8000,5044.0000,5044.6000,5044.8000,5045.0000,5045.2000,2,1,3,5,2,1,1,1,1,1
SF,IC2003,2019-12-24 09:34:08.600,5043.8000,54871,0,1129968640.000,0,-,-,-,-,5041.2000,5041.0000,5040.6000,5040.4000,5040.0000,5043.6000,5043.8000,5044.0000,5045.0000,5045.2000,9,2,1,3,5,1,1,1,1,1
SF,IC2003,2019-12-24 09:34:09.100,5043.8000,54870,-1,1130977400.000,1,0,1,双平,S,5041.2000,5041.0000,5040.6000,5040.4000,5040.0000,5043.6000,5043.8000,5044.0000,5045.0000,5045.2000,9,2,1,3,5,1,1,1,1,1
SF,IC2003,2019-12-24 09:34:09.600,5043.8000,54870,0,1130977400.000,0,-,-,-,-,5041.2000,5041.0000,5040.6000,5040.4000,5040.0000,5043.6000,5043.8000,5044.0000,5045.0000,5045.2000,8,2,1,3,5,1,1,1,1,1
SF,IC2003,2019-12-24 09:34:10.100,5041.2000,54869,-1,1131985640.000,1,0,1,双平,S,5041.4000,5041.2000,5041.0000,5040.6000,5040.4000,5043.6000,5043.8000,5044.0000,5045.0000,5045.2000,1,5,2,1,3,1,1,2,1,1
SF,IC2003,2019-12-24 09:34:10.600,5041.2000,54869,0,1131985640.000,0,-,-,-,-,5041.6000,5041.4000,5041.2000,5041.0000,5040.6000,5043.2000,5043.4000,5043.6000,5043.8000,5044.0000,2,1,3,2,1,2,1,1,1,2
SF,IC2003,2019-12-24 09:34:11.100,5041.2000,54869,0,1131985640.000,0,-,-,-,-,5041.8000,5041.6000,5041.4000,5041.2000,5041.0000,5043.6000,5043.8000,5044.0000,5045.0000,5045.2000,2,1,1,2,2,1,1,2,1,1
SF,IC2003,2019-12-24 09:34:11.600,5043.2000,54868,-1,1132994280.000,1,0,1,双平,S,5042.0000,5041.8000,5041.4000,5041.2000,5041.0000,5043.2000,5043.4000,5043.6000,5043.8000,5044.0000,2,2,1,1,2,1,1,1,1,2
SF,IC2003,2019-12-24 09:34:12.100,5043.2000,54867,-1,1134002920.000,1,0,1,双平,S,5043.2000,5042.2000,5042.0000,5041.4000,5041.2000,5043.6000,5044.0000,5045.0000,5045.2000,5046.6000,1,3,1,1,1,1,2,1,1,1
SF,IC2003,2019-12-24 09:34:13.100,5043.2000,54867,0,1136020280.000,2,1,1,多换,S,5042.2000,5042.0000,5041.4000,5041.2000,5041.0000,5044.0000,5045.0000,5045.2000,5046.6000,5047.6000,1,1,1,1,2,2,1,1,1,1
SF,IC2003,2019-12-24 09:34:13.600,5042.4000,54866,-1,1137028760.000,1,0,1,双平,S,5042.4000,5042.2000,5041.4000,5041.2000,5041.0000,5044.0000,5045.0000,5045.2000,5047.6000,5048.2000,1,2,1,1,2,3,1,1,1,1
SF,IC2003,2019-12-24 09:34:14.100,5044.0000,54865,-1,1138037560.000,1,0,1,双平,S,5042.6000,5042.4000,5042.2000,5041.4000,5041.2000,5043.8000,5044.0000,5045.0000,5045.2000,5047.6000,1,2,1,1,1,1,2,1,1,1
SF,IC2003,2019-12-24 09:34:14.600,5043.8000,54865,0,1139046320.000,1,0,1,多换,S,5043.8000,5042.8000,5042.6000,5042.4000,5042.2000,5044.0000,5045.0000,5045.2000,5047.6000,5048.2000,2,3,1,1,1,2,1,1,1,1
SF,IC2003,2019-12-24 09:34:15.100,5043.8000,54865,0,1139046320.000,0,-,-,-,-,5042.8000,5042.6000,5042.4000,5042.2000,5041.2000,5044.0000,5045.0000,5045.2000,5047.6000,5048.2000,2,1,1,1,1,2,1,1,1,1
SF,IC2003,2019-12-24 09:34:15.600,5043.0000,54865,0,1140054920.000,1,0,1,多换,S,5042.8000,5042.6000,5042.4000,5041.2000,5041.0000,5044.0000,5045.0000,5045.2000,5047.6000,5048.2000,2,1,1,1,2,2,1,1,1,1
SF,IC2003,2019-12-24 09:34:16.100,5043.0000,54865,0,1140054920.000,0,-,-,-,-,5042.8000,5042.6000,5042.4000,5041.2000,5041.0000,5044.0000,5045.0000,5045.2000,5047.6000,5048.2000,1,1,1,1,2,2,1,1,1,1
SF,IC2003,2019-12-24 09:34:16.600,5043.8000,54864,-1,1141063680.000,1,0,1,双平,S,5043.0000,5042.8000,5042.4000,5041.2000,5041.0000,5044.0000,5045.0000,5045.2000,5047.6000,5048.2000,2,1,1,1,2,2,1,1,1,1
