市场代码,合约代码,时间,最新,持仓,增仓,成交额,成交量,开仓,平仓,成交类型,方向,买一价,买二价,买三价,买四价,买五价,卖一价,卖二价,卖三价,卖四价,卖五价,买一量,买二量,买三量,买四量,买五量,卖一量,卖二量,卖三量,卖四量,卖五量
SF,IC2009,2020-06-02 09:29:00.000,5350.0000,49610,0,18190000.000,17.000,-,-,-,-,5344.0000,5342.8000,5342.0000,5340.0000,5339.0000,5350.0000,5351.0000,5352.0000,5353.0000,5356.0000,2,1,1,1,1,14,1,1,1,1
SF,IC2009,2020-06-02 09:30:00.500,5360.0000,49604,-6,52460160.000,32,13,19,多平,S,5358.8000,5356.8000,5356.2000,5355.6000,5355.0000,5362.0000,5362.6000,5364.0000,5365.2000,5366.8000,6,3,1,3,1,5,1,3,1,3
SF,IC2009,2020-06-02 09:30:01.000,5362.0000,49592,-12,68548560.000,15,1,14,多平,S,5362.0000,5361.8000,5361.2000,5361.0000,5360.4000,5366.8000,5368.0000,5368.6000,5370.0000,5371.0000,3,2,2,1,6,3,2,1,2,1
SF,IC2009,2020-06-02 09:30:01.500,5362.8000,49584,-8,80351440.000,11,1,10,多平,S,5362.8000,5362.4000,5362.2000,5362.0000,5361.8000,5366.8000,5368.0000,5368.6000,5370.0000,5371.0000,1,1,6,3,2,3,2,1,2,1
SF,IC2009,2020-06-02 09:30:02.000,5366.6000,49580,-4,84643960.000,4,0,4,双平,S,5362.8000,5362.4000,5362.2000,5362.0000,5361.8000,5366.8000,5368.0000,5368.6000,5370.0000,5371.0000,1,1,6,1,2,3,2,1,2,1
SF,IC2009,2020-06-02 09:30:02.500,5363.8000,49579,-1,86789520.000,2,0,2,多平,S,5365.2000,5363.8000,5363.6000,5363.4000,5363.0000,5366.8000,5368.0000,5368.6000,5370.0000,5371.0000,1,1,4,4,7,4,2,1,2,1
SF,IC2009,2020-06-02 09:30:03.000,5366.6000,49575,-4,99667200.000,12,4,8,多平,S,5364.0000,5363.4000,5363.0000,5362.8000,5362.4000,5366.6000,5366.8000,5368.0000,5368.6000,5370.0000,1,2,2,1,1,13,4,2,1,2
SF,IC2009,2020-06-02 09:30:03.500,5364.8000,49567,-8,110394680.000,10,1,9,多平,S,5362.4000,5362.2000,5361.8000,5359.2000,5359.0000,5365.6000,5366.4000,5366.6000,5366.8000,5368.0000,2,4,2,11,1,1,5,15,4,2
SF,IC2009,2020-06-02 09:30:04.000,5362.6000,49567,0,111467200.000,1,0,1,多换,S,5362.4000,5362.2000,5361.8000,5359.2000,5359.0000,5364.6000,5365.2000,5365.4000,5365.6000,5366.4000,2,4,2,5,1,1,2,15,1,4
SF,IC2009,2020-06-02 09:30:04.500,5364.4000,49567,0,115757480.000,4,2,2,多换,S,5362.2000,5359.0000,5356.2000,5355.0000,5354.6000,5364.0000,5364.4000,5364.6000,5365.2000,5365.4000,3,1,1,1,12,1,13,2,2,4
SF,IC2009,2020-06-02 09:30:05.000,5363.8000,49564,-3,120048200.000,4,0,4,多平,S,5362.2000,5359.0000,5356.2000,5354.6000,5353.4000,5363.8000,5364.0000,5364.6000,5365.2000,5365.4000,1,1,1,12,5,14,1,2,1,4
SF,IC2009,2020-06-02 09:30:05.500,5363.6000,49560,-4,124338600.000,4,0,4,双平,S,5359.0000,5354.6000,5353.4000,5352.2000,5352.0000,5361.4000,5363.6000,5363.8000,5364.0000,5364.6000,1,12,5,1,15,1,3,16,1,1
SF,IC2009,2020-06-02 09:30:06.000,5359.2000,49559,-1,125410440.000,1,0,1,双平,S,5359.2000,5359.0000,5354.6000,5353.4000,5352.2000,5361.2000,5361.4000,5362.0000,5363.6000,5363.8000,1,1,12,5,1,14,1,1,4,4
SF,IC2009,2020-06-02 09:30:06.500,5359.2000,49559,0,125410440.000,0,-,-,-,-,5359.2000,5353.4000,5352.2000,5352.0000,5351.0000,5361.2000,5361.4000,5362.0000,5362.2000,5363.6000,2,5,1,15,2,17,1,1,1,4
SF,IC2009,2020-06-02 09:30:07.000,5359.2000,49556,-3,128625960.000,3,0,3,双平,S,5353.4000,5352.2000,5352.0000,5350.0000,5345.2000,5359.0000,5359.2000,5360.6000,5361.2000,5361.4000,5,1,15,15,1,1,1,1,15,1
SF,IC2009,2020-06-02 09:30:07.500,5358.8000,49556,0,145774600.000,16,8,8,多换,S,5358.6000,5358.4000,5358.0000,5356.8000,5356.2000,5358.8000,5359.2000,5360.6000,5362.2000,5363.6000,3,2,1,2,1,1,1,1,3,4
SF,IC2009,2020-06-02 09:30:08.000,5359.2000,49553,-3,150061680.000,4,0,4,多平,S,5359.0000,5357.4000,5356.8000,5356.4000,5355.6000,5360.6000,5362.2000,5363.0000,5363.6000,5363.8000,1,1,1,2,1,1,4,1,4,1
SF,IC2009,2020-06-02 09:30:08.500,5361.0000,49550,-3,155421680.000,5,1,4,多平,S,5356.8000,5356.4000,5355.6000,5355.0000,5354.4000,5361.6000,5361.8000,5362.2000,5363.0000,5363.6000,2,2,1,1,3,1,1,4,1,4
SF,IC2009,2020-06-02 09:30:09.000,5357.0000,49540,-10,166137000.000,10,0,10,双平,S,5357.0000,5356.8000,5356.4000,5355.6000,5355.0000,5359.2000,5360.0000,5361.2000,5361.4000,5361.6000,5,2,2,1,1,2,1,1,1,1
SF,IC2009,2020-06-02 09:30:09.500,5357.2000,49536,-4,170423880.000,4,0,4,双平,S,5359.2000,5357.2000,5357.0000,5356.8000,5356.4000,5360.0000,5361.2000,5361.4000,5361.6000,5361.8000,2,1,2,2,2,1,1,3,2,1
SF,IC2009,2020-06-02 09:30:10.000,5359.2000,49534,-2,172567560.000,2,0,2,双平,S,5357.8000,5357.0000,5356.8000,5356.4000,5355.6000,5358.8000,5359.0000,5359.4000,5359.6000,5360.0000,1,1,2,2,1,1,4,1,1,1
SF,IC2009,2020-06-02 09:30:10.500,5360.6000,49535,1,190789360.000,17,9,8,空开,S,5361.0000,5360.0000,5356.8000,5356.4000,5355.6000,5361.2000,5361.4000,5361.6000,5361.8000,5362.2000,35,1,2,2,1,2,3,2,1,4
SF,IC2009,2020-06-02 09:30:11.000,5360.0000,49535,0,230460360.000,37,18,19,多换,S,5354.0000,5353.6000,5352.2000,5352.0000,5350.0000,5359.0000,5360.0000,5361.0000,5361.2000,5361.6000,1,1,1,15,13,1,1,11,1,2
SF,IC2009,2020-06-02 09:30:11.500,5357.8000,49528,-7,237956960.000,7,0,7,双平,S,5354.6000,5354.2000,5354.0000,5353.6000,5352.0000,5357.8000,5359.0000,5359.2000,5359.8000,5360.2000,1,4,1,2,15,1,1,1,1,1
SF,IC2009,2020-06-02 09:30:12.000,5354.8000,49526,-2,240099480.000,2,0,2,双平,S,5354.8000,5354.6000,5354.0000,5353.6000,5353.0000,5359.0000,5359.2000,5359.8000,5360.2000,5361.0000,3,1,1,2,1,1,1,2,1,13
SF,IC2009,2020-06-02 09:30:12.500,5359.0000,49522,-4,250813120.000,10,3,7,多平,S,5359.0000,5355.0000,5354.6000,5354.2000,5354.0000,5359.2000,5359.8000,5360.2000,5361.0000,5361.2000,2,1,1,1,1,1,2,1,7,3
SF,IC2009,2020-06-02 09:30:13.000,5354.8000,49520,-2,255098680.000,4,1,3,多平,S,5354.2000,5354.0000,5353.6000,5353.0000,5352.0000,5358.0000,5358.4000,5359.0000,5359.2000,5359.8000,1,1,2,1,15,1,2,6,2,2
SF,IC2009,2020-06-02 09:30:13.500,5358.0000,49519,-1,257241880.000,2,0,2,多平,S,5356.4000,5356.0000,5355.0000,5354.4000,5354.2000,5359.0000,5359.2000,5360.2000,5360.4000,5361.0000,1,2,3,9,2,10,1,1,1,3
SF,IC2009,2020-06-02 09:30:14.000,5359.0000,49517,-2,259385480.000,2,0,2,双平,S,5357.0000,5356.8000,5356.6000,5356.4000,5356.0000,5357.4000,5359.0000,5360.0000,5360.2000,5361.0000,1,1,2,2,2,1,9,1,1,3
SF,IC2009,2020-06-02 09:30:14.500,5357.4000,49511,-6,266885840.000,7,0,7,多平,S,5357.8000,5357.4000,5357.0000,5356.4000,5356.0000,5359.0000,5359.2000,5360.0000,5360.2000,5361.0000,1,1,1,2,1,4,1,1,1,3
SF,IC2009,2020-06-02 09:30:15.000,5359.0000,49509,-2,269029440.000,2,0,2,双平,S,5358.0000,5357.8000,5357.0000,5356.4000,5356.2000,5359.0000,5359.2000,5360.0000,5360.2000,5361.0000,1,2,1,1,1,2,1,1,1,3
SF,IC2009,2020-06-02 09:30:15.500,5359.0000,49507,-2,271173040.000,2,0,2,双平,S,5359.0000,5357.8000,5357.0000,5356.4000,5356.2000,5359.2000,5360.0000,5360.2000,5361.0000,5361.2000,1,2,1,1,1,2,1,1,3,2
SF,IC2009,2020-06-02 09:30:16.000,5357.8000,49506,-1,275460080.000,4,1,3,多平,S,5359.0000,5357.8000,5357.0000,5356.4000,5356.2000,5360.0000,5360.2000,5361.0000,5361.2000,5361.6000,7,1,1,1,1,1,1,3,2,1
SF,IC2009,2020-06-02 09:30:16.500,5357.8000,49506,0,275460080.000,0,-,-,-,-,5359.0000,5357.8000,5357.4000,5357.0000,5356.4000,5359.8000,5360.0000,5360.2000,5361.0000,5361.2000,7,1,1,1,1,1,1,1,2,1
SF,IC2009,2020-06-02 09:30:17.000,5359.0000,49505,-1,276531880.000,1,0,1,双平,S,5359.2000,5359.0000,5358.0000,5357.4000,5357.0000,5360.0000,5360.2000,5361.0000,5361.2000,5361.6000,2,7,1,1,1,1,1,2,1,1
SF,IC2009,2020-06-02 09:30:17.500,5359.2000,49504,-1,278675560.000,2,0,2,多平,S,5359.0000,5358.0000,5357.4000,5357.0000,5356.4000,5360.0000,5360.2000,5361.0000,5361.2000,5361.6000,7,1,1,1,1,2,1,2,1,1
SF,IC2009,2020-06-02 09:30:18.000,5359.2000,49500,-4,287251000.000,8,2,6,多平,S,5360.0000,5359.2000,5359.0000,5358.0000,5357.4000,5361.0000,5361.2000,5361.6000,5362.2000,5363.0000,1,1,7,1,1,2,1,1,3,1
SF,IC2009,2020-06-02 09:30:18.500,5359.4000,49498,-2,291538480.000,4,1,3,多平,S,5359.0000,5358.0000,5357.4000,5357.0000,5356.4000,5360.0000,5360.4000,5360.8000,5361.0000,5361.2000,6,1,1,1,1,1,2,3,1,1
SF,IC2009,2020-06-02 09:30:19.000,5359.2000,49495,-3,295826160.000,4,0,4,多平,S,5360.0000,5359.0000,5358.0000,5357.4000,5357.0000,5360.8000,5361.2000,5361.6000,5362.2000,5363.0000,1,7,1,1,1,1,2,1,3,1
SF,IC2009,2020-06-02 09:30:19.500,5359.2000,49490,-5,301185360.000,5,0,5,双平,S,5359.0000,5358.0000,5357.4000,5357.0000,5356.4000,5360.0000,5361.2000,5361.6000,5362.2000,5363.0000,7,1,1,1,1,1,2,1,3,1
SF,IC2009,2020-06-02 09:30:20.000,5360.0000,49489,-1,302257360.000,1,0,1,双平,S,5360.0000,5359.2000,5359.0000,5358.0000,5357.4000,5361.2000,5361.6000,5362.2000,5363.0000,5363.6000,1,1,7,1,1,2,1,2,1,1
SF,IC2009,2020-06-02 09:30:20.500,5359.2000,49487,-2,304401200.000,2,0,2,双平,S,5359.0000,5358.0000,5357.4000,5357.0000,5356.4000,5361.0000,5361.2000,5361.4000,5361.6000,5362.2000,7,1,1,1,1,1,2,1,1,1
SF,IC2009,2020-06-02 09:30:21.000,5361.0000,49487,0,308689520.000,4,2,2,多换,S,5361.0000,5359.2000,5359.0000,5358.0000,5357.4000,5361.2000,5361.4000,5361.6000,5362.2000,5363.0000,15,1,6,1,1,2,1,1,1,1
SF,IC2009,2020-06-02 09:30:21.500,5361.2000,49486,-1,325844760.000,16,7,9,多平,S,5361.0000,5359.0000,5358.0000,5357.4000,5357.0000,5361.2000,5361.4000,5361.6000,5362.2000,5363.0000,6,6,1,1,2,1,1,1,1,1
SF,IC2009,2020-06-02 09:30:22.000,5361.0000,49482,-4,336566960.000,10,3,7,多平,S,5361.2000,5359.0000,5358.0000,5357.0000,5356.4000,5361.6000,5362.2000,5362.8000,5363.0000,5363.6000,2,3,1,2,1,1,1,1,1,1
SF,IC2009,2020-06-02 09:30:22.500,5361.2000,49482,0,337639200.000,1,0,1,多换,S,5361.2000,5359.0000,5358.0000,5357.0000,5356.4000,5361.6000,5362.2000,5362.8000,5363.0000,5363.6000,1,3,1,2,1,1,1,1,1,1
SF,IC2009,2020-06-02 09:30:23.000,5361.2000,49481,-1,338711440.000,1,0,1,双平,S,5359.6000,5359.0000,5358.0000,5357.0000,5356.4000,5361.2000,5361.6000,5362.2000,5362.8000,5363.0000,1,3,1,2,1,1,1,1,1,1
SF,IC2009,2020-06-02 09:30:23.500,5359.8000,49479,-2,341927600.000,3,0,3,多平,S,5359.6000,5359.0000,5358.0000,5357.0000,5356.4000,5360.4000,5360.8000,5361.6000,5362.2000,5362.8000,1,3,1,2,1,1,2,1,1,1
SF,IC2009,2020-06-02 09:30:24.000,5361.6000,49477,-2,347288360.000,5,1,4,多平,S,5360.2000,5360.0000,5359.8000,5359.6000,5359.0000,5362.2000,5362.8000,5363.0000,5363.6000,5364.0000,1,9,1,1,3,1,1,1,1,1
SF,IC2009,2020-06-02 09:30:24.500,5361.6000,49477,0,347288360.000,0,-,-,-,-,5360.4000,5360.0000,5359.6000,5359.0000,5358.0000,5361.2000,5362.0000,5362.2000,5362.8000,5363.0000,1,2,1,3,1,1,2,1,1,1
SF,IC2009,2020-06-02 09:30:25.000,5360.4000,49474,-3,350504920.000,3,0,3,双平,S,5360.0000,5359.0000,5358.0000,5357.0000,5356.4000,5360.4000,5362.2000,5362.8000,5363.0000,5363.6000,2,3,1,2,1,1,1,1,1,1
SF,IC2009,2020-06-02 09:30:25.500,5360.4000,49473,-1,351577000.000,1,0,1,双平,S,5360.2000,5360.0000,5359.0000,5358.0000,5357.0000,5362.2000,5362.8000,5363.6000,5364.0000,5364.8000,2,1,3,1,2,1,1,1,1,1
SF,IC2009,2020-06-02 09:30:26.000,5362.0000,49472,-1,353721480.000,2,0,2,多平,S,5360.4000,5360.0000,5359.0000,5358.0000,5357.0000,5362.0000,5362.2000,5362.8000,5363.6000,5364.0000,1,2,3,1,2,1,1,1,1,1
SF,IC2009,2020-06-02 09:30:26.500,5360.4000,49470,-2,358010480.000,4,1,3,多平,S,5360.0000,5359.0000,5358.0000,5357.0000,5356.4000,5360.4000,5362.8000,5363.6000,5364.0000,5365.0000,2,3,1,2,1,1,1,1,1,2
SF,IC2009,2020-06-02 09:30:27.000,5360.4000,49468,-2,360154640.000,2,0,2,双平,S,5361.0000,5360.6000,5360.4000,5360.2000,5360.0000,5362.8000,5363.6000,5364.0000,5365.0000,5365.2000,1,1,6,9,2,1,1,1,2,1
SF,IC2009,2020-06-02 09:30:27.500,5361.0000,49465,-3,363371000.000,3,0,3,双平,S,5362.0000,5360.4000,5360.2000,5360.0000,5359.0000,5362.4000,5362.6000,5362.8000,5363.6000,5365.0000,1,3,2,2,1,1,1,1,1,2
SF,IC2009,2020-06-02 09:30:28.000,5362.0000,49464,-1,366588200.000,3,1,2,多平,S,5360.4000,5360.2000,5360.0000,5359.0000,5358.0000,5362.4000,5362.6000,5362.8000,5363.6000,5365.0000,2,2,2,1,1,1,1,1,1,2
SF,IC2009,2020-06-02 09:30:28.500,5362.4000,49462,-2,369805200.000,3,0,3,多平,S,5362.4000,5360.6000,5360.2000,5360.0000,5359.0000,5362.6000,5362.8000,5363.6000,5365.0000,5365.2000,7,1,2,2,1,1,1,1,2,1
SF,IC2009,2020-06-02 09:30:29.000,5362.4000,49461,-1,378385040.000,8,3,5,多平,S,5360.6000,5360.0000,5359.0000,5358.0000,5357.0000,5362.4000,5362.6000,5362.8000,5363.6000,5365.0000,1,1,1,1,2,3,1,1,1,2
SF,IC2009,2020-06-02 09:30:29.500,5360.6000,49460,-1,379457160.000,1,0,1,双平,S,5360.0000,5359.0000,5358.0000,5357.0000,5356.4000,5360.6000,5362.2000,5362.6000,5362.8000,5363.6000,1,1,1,2,1,1,2,1,1,1
SF,IC2009,2020-06-02 09:30:30.000,5360.6000,49459,-1,381601400.000,2,0,2,多平,S,5360.0000,5359.0000,5358.0000,5357.0000,5356.4000,5361.6000,5362.2000,5362.6000,5362.8000,5363.6000,1,1,1,2,1,1,1,1,1,1
SF,IC2009,2020-06-02 09:30:30.500,5361.4000,49459,0,382673680.000,1,0,1,多换,S,5360.0000,5359.0000,5358.0000,5357.0000,5356.4000,5361.6000,5361.8000,5362.6000,5362.8000,5363.6000,2,2,1,2,1,2,1,1,1,1
SF,IC2009,2020-06-02 09:30:31.000,5361.4000,49459,0,382673680.000,0,-,-,-,-,5360.0000,5359.0000,5358.0000,5357.0000,5356.4000,5361.4000,5361.6000,5361.8000,5362.8000,5363.6000,2,2,1,2,1,2,1,1,1,1
SF,IC2009,2020-06-02 09:30:31.500,5361.4000,49459,0,382673680.000,0,-,-,-,-,5360.2000,5360.0000,5359.0000,5358.0000,5357.0000,5361.4000,5361.6000,5362.8000,5363.6000,5365.0000,1,2,2,1,2,2,1,1,1,2
SF,IC2009,2020-06-02 09:30:32.000,5361.4000,49459,0,384818240.000,2,1,1,多换,S,5360.2000,5360.0000,5359.0000,5358.0000,5357.0000,5362.4000,5362.8000,5365.0000,5365.2000,5366.0000,2,2,2,1,2,1,1,2,1,1
SF,IC2009,2020-06-02 09:30:32.500,5361.4000,49459,0,384818240.000,0,-,-,-,-,5360.2000,5360.0000,5359.0000,5358.0000,5357.0000,5362.0000,5362.2000,5362.4000,5362.8000,5363.0000,2,2,2,1,2,1,1,1,1,1
SF,IC2009,2020-06-02 09:30:33.000,5361.4000,49459,0,384818240.000,0,-,-,-,-,5360.4000,5360.2000,5360.0000,5359.0000,5358.0000,5361.8000,5362.0000,5362.4000,5362.8000,5363.0000,1,1,2,2,1,1,1,1,1,1
SF,IC2009,2020-06-02 09:30:33.500,5361.4000,49459,0,384818240.000,0,-,-,-,-,5360.4000,5360.0000,5359.0000,5358.0000,5357.0000,5361.8000,5362.0000,5362.4000,5362.8000,5363.0000,1,2,2,1,2,3,1,1,1,1
SF,IC2009,2020-06-02 09:30:34.500,5360.4000,49459,0,385890320.000,1,0,1,多换,S,5360.0000,5359.0000,5358.0000,5357.0000,5356.4000,5360.4000,5361.6000,5361.8000,5362.0000,5362.4000,2,2,1,2,1,1,1,4,1,1
SF,IC2009,2020-06-02 09:30:35.000,5360.4000,49458,-1,386962400.000,1,0,1,双平,S,5360.4000,5360.0000,5359.0000,5358.0000,5357.0000,5361.6000,5361.8000,5362.0000,5362.4000,5362.8000,1,3,5,1,2,1,4,1,1,1
SF,IC2009,2020-06-02 09:30:35.500,5360.0000,49454,-4,391250480.000,4,0,4,双平,S,5359.0000,5358.0000,5357.0000,5356.4000,5355.6000,5360.4000,5361.4000,5361.6000,5361.8000,5362.0000,5,1,2,1,2,2,1,2,2,1
SF,IC2009,2020-06-02 09:30:36.000,5360.4000,49453,-1,392322560.000,1,0,1,双平,S,5359.2000,5359.0000,5358.0000,5357.0000,5356.4000,5360.2000,5360.4000,5361.4000,5361.8000,5362.0000,1,5,1,2,1,1,1,1,2,1
SF,IC2009,2020-06-02 09:30:36.500,5360.4000,49453,0,394466720.000,2,1,1,多换,S,5359.2000,5359.0000,5358.0000,5357.0000,5356.4000,5360.4000,5361.4000,5361.8000,5362.0000,5362.4000,1,5,1,2,1,4,1,2,1,1
SF,IC2009,2020-06-02 09:30:37.000,5360.4000,49453,0,394466720.000,0,-,-,-,-,5359.2000,5359.0000,5358.0000,5357.0000,5356.4000,5360.0000,5360.4000,5361.4000,5361.8000,5362.0000,1,5,1,2,1,3,4,1,2,1
SF,IC2009,2020-06-02 09:30:37.500,5360.4000,49453,0,394466720.000,0,-,-,-,-,5359.4000,5359.2000,5359.0000,5358.0000,5357.0000,5360.0000,5360.4000,5361.4000,5361.8000,5362.0000,1,1,5,1,2,4,4,1,2,1
SF,IC2009,2020-06-02 09:30:38.000,5360.0000,49451,-2,401970320.000,7,2,5,多平,S,5359.0000,5358.0000,5357.0000,5356.4000,5356.2000,5360.4000,5361.4000,5361.8000,5362.0000,5362.4000,5,1,2,1,1,4,1,2,1,1
SF,IC2009,2020-06-02 09:30:38.500,5360.0000,49451,0,401970320.000,0,-,-,-,-,5360.0000,5359.2000,5359.0000,5358.0000,5357.0000,5360.4000,5361.4000,5361.8000,5362.0000,5362.4000,1,3,5,1,2,4,1,2,1,1
SF,IC2009,2020-06-02 09:30:39.000,5360.0000,49451,0,403042320.000,1,0,1,多换,S,5359.2000,5359.0000,5358.0000,5357.0000,5356.4000,5359.4000,5360.4000,5361.4000,5361.8000,5362.0000,1,5,1,2,1,1,4,1,2,1
SF,IC2009,2020-06-02 09:30:39.500,5359.4000,49450,-1,404114200.000,1,0,1,双平,S,5359.2000,5359.0000,5358.0000,5357.0000,5356.4000,5360.0000,5360.4000,5361.4000,5361.8000,5362.0000,1,5,1,2,1,1,4,1,2,1
SF,IC2009,2020-06-02 09:30:40.000,5359.4000,49450,0,404114200.000,0,-,-,-,-,5359.2000,5359.0000,5358.0000,5357.0000,5356.4000,5360.0000,5360.4000,5361.4000,5361.8000,5362.0000,1,5,1,2,1,1,4,1,2,1
SF,IC2009,2020-06-02 09:30:40.500,5359.4000,49450,0,404114200.000,0,-,-,-,-,5359.0000,5358.0000,5357.0000,5356.4000,5356.2000,5360.0000,5360.4000,5361.4000,5361.8000,5362.0000,5,1,2,1,1,2,4,1,2,1
SF,IC2009,2020-06-02 09:30:41.000,5359.4000,49450,0,405186080.000,1,0,1,多换,S,5359.6000,5359.0000,5358.0000,5357.0000,5356.4000,5360.0000,5360.4000,5361.4000,5361.8000,5362.0000,1,5,1,2,1,1,4,1,2,1
SF,IC2009,2020-06-02 09:30:41.500,5360.0000,49450,0,406258080.000,1,0,1,多换,S,5360.0000,5359.6000,5359.0000,5358.0000,5357.0000,5360.4000,5361.4000,5361.8000,5362.0000,5362.4000,10,1,5,1,1,4,1,2,1,1
SF,IC2009,2020-06-02 09:30:42.000,5360.0000,49450,0,406258080.000,0,-,-,-,-,5360.0000,5359.6000,5359.0000,5358.0000,5357.0000,5360.4000,5361.4000,5361.8000,5362.0000,5362.4000,12,1,5,1,1,4,1,2,1,1
SF,IC2009,2020-06-02 09:30:42.500,5360.0000,49450,0,407330080.000,1,0,1,多换,S,5360.0000,5359.6000,5359.0000,5358.0000,5357.0000,5360.4000,5361.4000,5361.8000,5362.0000,5362.4000,12,1,5,1,1,4,1,2,1,1
SF,IC2009,2020-06-02 09:30:43.000,5360.0000,49450,0,407330080.000,0,-,-,-,-,5360.0000,5359.6000,5359.0000,5358.0000,5357.0000,5360.4000,5361.4000,5361.8000,5362.0000,5362.4000,12,1,5,1,1,4,1,2,1,1
SF,IC2009,2020-06-02 09:30:43.500,5360.0000,49450,0,409474080.000,2,1,1,多换,S,5360.0000,5359.6000,5359.0000,5358.0000,5357.0000,5360.2000,5360.4000,5361.4000,5361.8000,5362.0000,10,1,5,1,1,1,4,1,2,2
SF,IC2009,2020-06-02 09:30:44.000,5360.0000,49450,0,416978080.000,7,3,4,多换,S,5360.0000,5359.6000,5359.0000,5358.0000,5357.0000,5360.2000,5360.4000,5361.8000,5362.0000,5362.4000,4,1,5,1,1,1,4,2,2,1
SF,IC2009,2020-06-02 09:30:44.500,5360.0000,49450,0,420194080.000,3,1,2,多换,S,5360.0000,5359.6000,5359.0000,5358.0000,5357.0000,5360.2000,5360.4000,5361.8000,5362.0000,5362.4000,1,1,5,1,1,2,4,2,2,1
SF,IC2009,2020-06-02 09:30:45.000,5359.6000,49450,0,422338000.000,2,1,1,多换,S,5359.0000,5358.0000,5357.0000,5356.4000,5356.2000,5359.8000,5360.0000,5360.2000,5360.4000,5361.8000,5,1,1,1,1,1,3,1,4,2
SF,IC2009,2020-06-02 09:30:45.500,5360.0000,49447,-3,425553760.000,3,0,3,双平,S,5359.0000,5358.0000,5357.0000,5356.4000,5356.2000,5359.6000,5360.0000,5360.4000,5361.8000,5362.0000,4,2,1,1,1,1,2,4,2,1
SF,IC2009,2020-06-02 09:30:46.000,5360.0000,49447,0,425553760.000,0,-,-,-,-,5359.0000,5358.0000,5357.0000,5356.4000,5356.2000,5359.6000,5359.8000,5360.0000,5360.4000,5361.8000,4,2,1,1,1,1,2,2,4,2
SF,IC2009,2020-06-02 09:30:47.000,5359.0000,49447,0,426625560.000,1,0,1,多换,S,5359.0000,5358.0000,5357.0000,5356.4000,5356.2000,5359.8000,5360.0000,5360.4000,5361.8000,5362.0000,3,2,1,1,1,2,2,4,2,1
SF,IC2009,2020-06-02 09:30:47.500,5359.4000,49447,0,430912840.000,4,2,2,多换,S,5359.0000,5358.0000,5357.0000,5356.4000,5356.2000,5359.6000,5359.8000,5360.0000,5360.2000,5360.4000,1,2,1,1,1,1,2,2,1,4
SF,IC2009,2020-06-02 09:30:48.000,5359.6000,49446,-1,433056560.000,2,0,2,多平,S,5358.0000,5357.0000,5356.6000,5356.4000,5356.2000,5359.6000,5359.8000,5360.0000,5360.2000,5360.4000,2,1,1,1,1,1,2,2,1,4
SF,IC2009,2020-06-02 09:30:48.500,5359.6000,49446,0,433056560.000,0,-,-,-,-,5358.2000,5358.0000,5357.0000,5356.6000,5356.4000,5359.2000,5359.8000,5360.0000,5360.2000,5360.4000,1,3,1,1,1,1,2,2,1,4
SF,IC2009,2020-06-02 09:30:49.000,5358.0000,49444,-2,436271360.000,3,0,3,多平,S,5357.0000,5356.6000,5356.4000,5356.2000,5355.6000,5357.6000,5358.0000,5358.2000,5359.0000,5359.2000,1,1,1,1,2,2,1,6,1,1
SF,IC2009,2020-06-02 09:30:49.500,5357.0000,49439,-5,442700040.000,6,0,6,多平,S,5356.6000,5356.4000,5356.2000,5355.6000,5355.4000,5357.0000,5358.0000,5358.2000,5359.0000,5359.2000,1,1,1,2,1,4,1,1,1,1
SF,IC2009,2020-06-02 09:30:50.000,5357.0000,49439,0,442700040.000,0,-,-,-,-,5356.8000,5356.6000,5356.4000,5356.2000,5355.6000,5357.0000,5358.2000,5359.8000,5360.0000,5360.2000,1,1,1,1,2,5,1,2,2,1
SF,IC2009,2020-06-02 09:30:50.500,5356.8000,49435,-4,448056960.000,5,0,5,多平,S,5356.6000,5356.4000,5356.2000,5355.4000,5354.4000,5358.2000,5359.8000,5360.0000,5360.2000,5360.4000,1,1,1,1,3,1,2,2,1,4
SF,IC2009,2020-06-02 09:30:51.000,5356.6000,49434,-1,449128280.000,1,0,1,双平,S,5356.8000,5356.6000,5356.4000,5356.2000,5355.4000,5358.0000,5358.2000,5358.4000,5359.8000,5360.0000,1,1,1,1,1,2,2,1,2,2
SF,IC2009,2020-06-02 09:30:51.500,5358.0000,49432,-2,451271360.000,2,0,2,双平,S,5356.8000,5356.6000,5356.4000,5356.2000,5355.4000,5358.0000,5358.2000,5358.4000,5359.8000,5360.0000,1,1,1,1,1,1,2,1,2,2
SF,IC2009,2020-06-02 09:30:52.000,5356.6000,49432,0,453414040.000,2,1,1,多换,S,5356.4000,5356.2000,5355.4000,5354.4000,5354.2000,5356.6000,5357.8000,5358.2000,5358.4000,5359.8000,1,1,1,3,1,3,1,1,1,2
SF,IC2009,2020-06-02 09:30:52.500,5356.6000,49432,0,457699320.000,4,2,2,多换,S,5358.0000,5356.4000,5356.2000,5355.4000,5354.4000,5358.4000,5359.8000,5360.0000,5360.2000,5360.4000,1,1,1,1,3,1,2,2,1,4
SF,IC2009,2020-06-02 09:30:53.000,5358.0000,49432,0,458770920.000,1,0,1,多换,S,5356.4000,5356.2000,5355.4000,5354.4000,5354.2000,5357.4000,5358.0000,5358.2000,5358.4000,5359.8000,1,1,1,3,1,1,2,2,1,2
SF,IC2009,2020-06-02 09:30:53.500,5356.2000,49430,-2,460913440.000,2,0,2,双平,S,5355.4000,5354.4000,5354.2000,5353.6000,5350.0000,5357.6000,5358.0000,5358.4000,5359.8000,5360.0000,2,3,1,1,2,1,4,1,2,2
SF,IC2009,2020-06-02 09:30:54.000,5355.6000,49429,-1,461984560.000,1,0,1,双平,S,5355.4000,5354.4000,5354.2000,5353.6000,5350.0000,5356.4000,5357.6000,5358.0000,5358.4000,5359.8000,2,3,1,1,2,2,2,1,1,2
SF,IC2009,2020-06-02 09:30:54.500,5355.6000,49429,0,461984560.000,0,-,-,-,-,5355.6000,5355.4000,5354.4000,5354.2000,5353.6000,5356.2000,5356.4000,5357.6000,5358.0000,5358.4000,2,2,3,1,1,1,2,1,1,1
SF,IC2009,2020-06-02 09:30:55.000,5355.6000,49428,-1,463055680.000,1,0,1,双平,S,5355.4000,5354.4000,5354.2000,5353.6000,5350.0000,5356.2000,5356.8000,5357.6000,5358.0000,5358.4000,2,3,1,1,2,1,1,2,1,1
SF,IC2009,2020-06-02 09:30:55.500,5355.6000,49428,0,463055680.000,0,-,-,-,-,5355.4000,5354.4000,5354.2000,5353.6000,5350.0000,5355.6000,5356.2000,5356.8000,5357.6000,5358.4000,2,3,1,1,2,1,1,1,2,1
SF,IC2009,2020-06-02 09:30:56.000,5356.2000,49425,-3,467340200.000,4,0,4,多平,S,5354.4000,5354.2000,5353.6000,5350.0000,5347.6000,5356.8000,5357.6000,5358.0000,5358.4000,5359.8000,3,1,1,2,5,1,2,1,1,2
SF,IC2009,2020-06-02 09:30:56.500,5356.2000,49425,0,467340200.000,0,-,-,-,-,5354.6000,5354.4000,5354.2000,5353.6000,5350.0000,5356.6000,5356.8000,5357.6000,5358.0000,5358.4000,3,1,1,1,2,1,2,2,1,1
SF,IC2009,2020-06-02 09:30:57.000,5356.2000,49425,0,467340200.000,0,-,-,-,-,5354.6000,5354.4000,5354.2000,5353.6000,5350.0000,5356.4000,5356.6000,5356.8000,5357.6000,5358.0000,3,1,1,1,2,2,2,1,2,1
SF,IC2009,2020-06-02 09:30:57.500,5356.2000,49425,0,467340200.000,0,-,-,-,-,5355.6000,5354.6000,5354.4000,5354.2000,5353.6000,5356.4000,5356.6000,5356.8000,5357.6000,5358.0000,6,2,1,1,1,2,2,1,2,1
SF,IC2009,2020-06-02 09:30:58.000,5355.6000,49425,0,472695800.000,5,2,3,多换,S,5355.6000,5354.6000,5354.4000,5354.2000,5353.6000,5356.4000,5356.6000,5356.8000,5357.6000,5358.0000,1,2,1,1,1,2,1,1,2,1
SF,IC2009,2020-06-02 09:30:58.500,5355.6000,49425,0,473766920.000,1,0,1,多换,S,5354.6000,5354.4000,5353.6000,5350.0000,5347.6000,5355.6000,5356.2000,5356.4000,5356.8000,5357.6000,2,1,1,2,5,2,1,1,1,2
SF,IC2009,2020-06-02 09:30:59.000,5355.6000,49425,0,473766920.000,0,-,-,-,-,5354.6000,5354.4000,5353.6000,5350.0000,5347.6000,5355.4000,5355.6000,5356.2000,5356.8000,5357.6000,2,1,1,2,5,1,3,1,1,2
SF,IC2009,2020-06-02 09:30:59.500,5355.0000,49423,-2,475908840.000,2,0,2,双平,S,5354.8000,5354.4000,5353.6000,5350.0000,5347.6000,5355.4000,5355.6000,5356.2000,5356.8000,5357.6000,1,1,1,2,5,1,2,1,1,2
SF,IC2009,2020-06-02 09:31:00.000,5355.2000,49421,-2,481263640.000,5,1,4,多平,S,5355.0000,5350.0000,5344.0000,5342.8000,5341.8000,5355.6000,5356.2000,5356.8000,5357.6000,5358.0000,2,2,1,1,5,2,1,1,2,1
SF,IC2009,2020-06-02 09:31:00.500,5355.0000,49418,-3,484476680.000,3,0,3,双平,S,5350.0000,5344.0000,5342.8000,5341.8000,5341.6000,5355.0000,5355.2000,5355.4000,5355.6000,5356.2000,2,1,1,5,2,1,1,1,2,1
SF,IC2009,2020-06-02 09:31:01.000,5355.0000,49415,-3,488758720.000,4,0,4,多平,S,5351.6000,5351.0000,5350.8000,5350.4000,5350.2000,5355.0000,5355.2000,5355.4000,5356.2000,5356.8000,1,4,6,3,7,1,1,1,1,1
SF,IC2009,2020-06-02 09:31:01.500,5355.0000,49415,0,488758720.000,0,-,-,-,-,5352.0000,5351.8000,5351.6000,5351.2000,5350.8000,5355.4000,5356.2000,5356.8000,5357.6000,5358.0000,1,5,3,2,4,11,1,1,2,1
SF,IC2009,2020-06-02 09:31:02.000,5355.0000,49415,0,488758720.000,0,-,-,-,-,5355.0000,5352.4000,5352.2000,5351.8000,5351.6000,5355.4000,5356.2000,5356.8000,5357.6000,5358.0000,1,1,4,1,5,11,1,1,2,1
SF,IC2009,2020-06-02 09:31:02.500,5355.4000,49416,1,503753080.000,14,7,7,空开,S,5352.2000,5351.6000,5350.8000,5350.4000,5350.2000,5355.0000,5355.4000,5356.2000,5356.8000,5357.6000,2,4,4,4,2,5,8,1,1,2
SF,IC2009,2020-06-02 09:31:03.000,5355.0000,49416,0,504824080.000,1,0,1,多换,S,5352.4000,5352.2000,5351.6000,5350.8000,5350.4000,5355.0000,5355.4000,5356.2000,5356.8000,5357.6000,1,2,4,4,4,4,8,1,1,2
SF,IC2009,2020-06-02 09:31:03.500,5355.0000,49416,0,504824080.000,0,-,-,-,-,5352.6000,5352.4000,5352.0000,5351.6000,5350.8000,5355.0000,5355.4000,5356.2000,5356.8000,5357.6000,2,1,1,4,4,4,8,1,1,2
SF,IC2009,2020-06-02 09:31:04.000,5355.0000,49416,0,504824080.000,0,-,-,-,-,5352.8000,5352.6000,5352.0000,5351.6000,5350.8000,5355.0000,5355.4000,5356.2000,5356.8000,5357.6000,1,2,1,4,4,4,8,1,1,1
SF,IC2009,2020-06-02 09:31:04.500,5355.0000,49416,0,504824080.000,0,-,-,-,-,5353.0000,5352.8000,5352.6000,5352.0000,5351.6000,5355.0000,5355.4000,5356.2000,5356.8000,5357.6000,1,1,1,1,4,4,8,1,1,1
SF,IC2009,2020-06-02 09:31:05.000,5355.0000,49417,1,505895080.000,1,1,0,双开,S,5353.0000,5352.8000,5352.6000,5352.0000,5351.6000,5354.8000,5355.0000,5355.4000,5356.2000,5356.8000,1,1,1,1,2,2,4,8,1,1
SF,IC2009,2020-06-02 09:31:05.500,5353.0000,49416,-1,506965680.000,1,0,1,双平,S,5352.6000,5352.0000,5350.8000,5350.4000,5350.2000,5353.0000,5354.4000,5354.6000,5354.8000,5355.0000,1,1,3,3,2,4,1,1,4,4
SF,IC2009,2020-06-02 09:31:06.000,5353.0000,49415,-1,508036280.000,1,0,1,双平,S,5350.4000,5350.2000,5350.0000,5349.8000,5344.0000,5352.6000,5353.0000,5354.2000,5354.6000,5354.8000,2,1,2,11,1,1,4,1,2,3
SF,IC2009,2020-06-02 09:31:06.500,5352.6000,49413,-2,510177320.000,2,0,2,双平,S,5350.6000,5350.0000,5349.8000,5344.0000,5342.8000,5353.0000,5354.6000,5354.8000,5355.0000,5355.4000,1,2,10,1,1,4,2,3,4,8
SF,IC2009,2020-06-02 09:31:07.000,5352.8000,49412,-1,511247880.000,1,0,1,双平,S,5350.6000,5350.0000,5349.8000,5344.0000,5342.8000,5353.0000,5354.6000,5354.8000,5355.0000,5355.4000,1,2,10,1,1,4,2,2,4,8
SF,IC2009,2020-06-02 09:31:07.500,5352.8000,49411,-1,512318440.000,1,0,1,双平,S,5351.0000,5350.8000,5350.6000,5350.4000,5350.0000,5352.8000,5353.0000,5354.6000,5354.8000,5355.0000,1,3,1,2,2,1,4,2,2,4
SF,IC2009,2020-06-02 09:31:08.000,5352.8000,49411,0,512318440.000,0,-,-,-,-,5351.2000,5351.0000,5350.0000,5349.8000,5344.0000,5352.8000,5353.0000,5354.6000,5354.8000,5355.0000,4,1,2,10,1,1,4,2,2,4
SF,IC2009,2020-06-02 09:31:08.500,5353.0000,49411,0,513389040.000,1,0,1,多换,S,5351.4000,5351.2000,5351.0000,5350.0000,5349.8000,5353.0000,5354.6000,5354.8000,5355.0000,5355.4000,2,4,1,2,10,3,1,2,4,10
SF,IC2009,2020-06-02 09:31:09.000,5353.0000,49411,0,513389040.000,0,-,-,-,-,5351.6000,5351.4000,5351.0000,5350.0000,5349.8000,5352.0000,5352.8000,5353.0000,5354.6000,5354.8000,1,1,1,2,10,1,1,3,1,2
SF,IC2009,2020-06-02 09:31:09.500,5352.2000,49408,-3,516600680.000,3,0,3,双平,S,5352.0000,5351.6000,5351.4000,5351.0000,5350.0000,5354.6000,5354.8000,5355.4000,5356.8000,5359.2000,2,3,1,1,2,1,2,10,1,5
SF,IC2009,2020-06-02 09:31:10.000,5352.2000,49408,0,516600680.000,0,-,-,-,-,5352.2000,5351.4000,5351.0000,5350.0000,5349.8000,5354.8000,5355.4000,5356.8000,5359.2000,5360.0000,8,1,1,2,10,2,10,1,5,3
SF,IC2009,2020-06-02 09:31:10.500,5352.2000,49408,0,517671120.000,1,0,1,多换,S,5353.0000,5352.4000,5352.2000,5351.4000,5351.0000,5354.6000,5355.4000,5356.8000,5359.2000,5360.0000,1,2,8,1,2,1,10,1,5,3
SF,IC2009,2020-06-02 09:31:11.000,5352.2000,49408,0,517671120.000,0,-,-,-,-,5353.2000,5353.0000,5352.8000,5352.2000,5351.4000,5354.6000,5355.4000,5356.8000,5360.0000,5360.2000,5,4,1,3,1,1,10,1,3,1
SF,IC2009,2020-06-02 09:31:11.500,5353.4000,49407,-1,519812720.000,2,0,2,多平,S,5353.6000,5353.4000,5353.2000,5353.0000,5352.8000,5355.4000,5356.8000,5359.0000,5360.0000,5360.2000,1,2,5,1,1,10,1,2,3,1
SF,IC2009,2020-06-02 09:31:12.000,5353.4000,49405,-2,521954080.000,2,0,2,双平,S,5353.8000,5353.6000,5352.8000,5352.4000,5352.2000,5355.4000,5356.8000,5359.0000,5360.0000,5360.2000,3,5,1,1,3,10,1,2,3,1
SF,IC2009,2020-06-02 09:31:12.500,5354.0000,49405,0,524095960.000,2,1,1,多换,S,5354.0000,5353.8000,5353.6000,5352.8000,5352.4000,5355.4000,5356.8000,5359.0000,5360.0000,5360.2000,4,3,1,1,1,9,1,2,3,1
SF,IC2009,2020-06-02 09:31:13.000,5354.2000,49395,-10,535877360.000,11,0,11,多平,S,5354.2000,5354.0000,5353.6000,5352.8000,5352.4000,5354.8000,5356.8000,5359.0000,5360.0000,5360.2000,4,2,2,1,1,1,1,2,3,1
SF,IC2009,2020-06-02 09:31:13.500,5354.4000,49388,-7,543373600.000,7,0,7,双平,S,5354.8000,5354.4000,5354.2000,5354.0000,5353.6000,5356.8000,5359.0000,5360.0000,5360.2000,5360.4000,1,4,3,1,1,1,2,3,1,1
SF,IC2009,2020-06-02 09:31:14.000,5356.8000,49387,-1,544444960.000,1,0,1,双平,S,5355.6000,5355.2000,5355.0000,5354.8000,5354.4000,5359.0000,5360.0000,5360.2000,5360.4000,5362.0000,1,1,3,5,1,2,3,1,1,1
SF,IC2009,2020-06-02 09:31:14.500,5356.8000,49387,0,544444960.000,0,-,-,-,-,5356.8000,5355.8000,5355.6000,5355.2000,5354.8000,5358.8000,5359.0000,5360.0000,5360.2000,5360.4000,1,2,3,1,1,2,2,3,1,1
SF,IC2009,2020-06-02 09:31:15.000,5356.8000,49386,-1,545516320.000,1,0,1,双平,S,5357.0000,5356.8000,5355.8000,5355.6000,5355.2000,5359.0000,5360.0000,5360.2000,5360.4000,5362.0000,2,3,2,1,1,2,3,1,1,1
SF,IC2009,2020-06-02 09:31:15.500,5356.8000,49385,-1,546587680.000,1,0,1,双平,S,5357.2000,5357.0000,5355.8000,5355.6000,5355.2000,5358.8000,5359.0000,5360.0000,5360.2000,5360.4000,3,3,2,1,1,1,2,3,1,1
SF,IC2009,2020-06-02 09:31:16.000,5356.8000,49385,0,546587680.000,0,-,-,-,-,5357.2000,5357.0000,5355.8000,5355.6000,5355.2000,5358.8000,5359.0000,5360.0000,5360.2000,5360.4000,4,1,2,1,1,2,2,3,1,1
SF,IC2009,2020-06-02 09:31:16.500,5356.8000,49385,0,546587680.000,0,-,-,-,-,5357.4000,5357.2000,5357.0000,5355.8000,5355.6000,5358.6000,5358.8000,5359.0000,5360.0000,5360.2000,1,4,1,2,1,1,1,2,3,1
SF,IC2009,2020-06-02 09:31:17.000,5357.2000,49384,-1,547659120.000,1,0,1,双平,S,5357.4000,5357.2000,5357.0000,5355.8000,5355.2000,5358.0000,5358.4000,5359.0000,5360.0000,5360.2000,1,3,1,2,1,1,1,2,3,1
SF,IC2009,2020-06-02 09:31:17.500,5357.4000,49383,-1,548730600.000,1,0,1,双平,S,5357.2000,5357.0000,5355.8000,5355.2000,5354.8000,5358.0000,5358.4000,5359.0000,5360.0000,5360.2000,2,1,2,1,1,1,1,2,3,1
SF,IC2009,2020-06-02 09:31:18.000,5358.0000,49382,-1,554088360.000,5,2,3,多平,S,5357.2000,5357.0000,5355.8000,5355.2000,5354.8000,5359.0000,5360.0000,5360.2000,5360.4000,5362.0000,1,1,2,1,1,2,3,1,1,1
SF,IC2009,2020-06-02 09:31:18.500,5359.0000,49382,0,557303760.000,3,1,2,多换,S,5359.0000,5357.4000,5357.2000,5357.0000,5355.8000,5360.0000,5360.2000,5360.4000,5362.0000,5362.4000,1,1,3,1,2,3,1,1,1,1
SF,IC2009,2020-06-02 09:31:19.000,5357.4000,49380,-2,562662240.000,5,1,4,多平,S,5357.4000,5357.2000,5355.8000,5355.2000,5354.8000,5359.0000,5359.2000,5359.4000,5359.6000,5359.8000,1,1,1,1,1,4,3,1,2,2
SF,IC2009,2020-06-02 09:31:19.500,5357.4000,49379,-1,563733720.000,1,0,1,双平,S,5357.6000,5357.4000,5357.2000,5355.8000,5355.2000,5358.2000,5359.0000,5359.8000,5360.0000,5360.2000,2,1,1,1,1,1,3,2,3,1
SF,IC2009,2020-06-02 09:31:20.000,5359.0000,49374,-5,569092440.000,5,0,5,双平,S,5359.2000,5358.2000,5357.8000,5357.2000,5355.8000,5359.8000,5360.0000,5360.2000,5360.4000,5362.0000,8,4,1,1,1,2,3,1,1,1
SF,IC2009,2020-06-02 09:31:20.500,5359.2000,49368,-6,575523480.000,6,0,6,双平,S,5359.2000,5358.2000,5357.2000,5355.8000,5355.2000,5359.6000,5360.0000,5360.2000,5360.4000,5362.0000,8,5,1,1,1,1,3,1,1,1
SF,IC2009,2020-06-02 09:31:21.000,5360.0000,49361,-7,583026960.000,7,0,7,双平,S,5360.0000,5359.6000,5359.2000,5358.2000,5357.2000,5360.2000,5360.4000,5362.0000,5362.4000,5362.8000,17,1,6,5,1,1,1,1,1,1
SF,IC2009,2020-06-02 09:31:21.500,5360.0000,49354,-7,590531080.000,7,0,7,双平,S,5360.4000,5360.0000,5359.6000,5359.2000,5358.2000,5362.0000,5362.4000,5362.8000,5363.0000,5364.8000,1,12,1,6,5,1,1,1,1,1
SF,IC2009,2020-06-02 09:31:22.000,5360.0000,49347,-7,599107080.000,8,0,8,多平,S,5360.0000,5359.6000,5359.2000,5358.2000,5357.2000,5360.4000,5360.8000,5361.2000,5361.8000,5362.0000,5,1,6,5,1,6,1,5,8,2
SF,IC2009,2020-06-02 09:31:22.500,5360.4000,49346,-1,600179160.000,1,0,1,双平,S,5360.0000,5359.6000,5359.2000,5358.2000,5357.2000,5360.4000,5361.8000,5362.0000,5362.4000,5362.8000,5,1,6,5,1,3,3,3,1,1
SF,IC2009,2020-06-02 09:31:23.000,5360.4000,49344,-2,603395400.000,3,0,3,多平,S,5360.0000,5359.6000,5359.2000,5358.2000,5357.2000,5361.8000,5362.0000,5362.4000,5362.8000,5363.0000,5,1,6,5,1,3,2,1,1,1
SF,IC2009,2020-06-02 09:31:23.500,5360.4000,49344,0,603395400.000,0,-,-,-,-,5360.4000,5360.2000,5360.0000,5359.6000,5359.2000,5362.0000,5362.4000,5362.8000,5363.0000,5364.8000,1,4,5,1,6,1,1,1,1,1
SF,IC2009,2020-06-02 09:31:24.000,5360.4000,49344,0,603395400.000,0,-,-,-,-,5360.6000,5360.4000,5360.0000,5359.6000,5359.2000,5362.0000,5362.4000,5362.8000,5363.0000,5364.8000,2,3,5,1,6,1,1,1,1,1
SF,IC2009,2020-06-02 09:31:24.500,5360.6000,49342,-2,605539640.000,2,0,2,双平,S,5360.4000,5360.0000,5359.6000,5359.2000,5358.2000,5360.6000,5362.0000,5362.4000,5362.8000,5363.0000,2,5,1,6,5,1,2,1,1,1
SF,IC2009,2020-06-02 09:31:25.000,5362.0000,49340,-2,608756240.000,3,0,3,多平,S,5360.4000,5360.0000,5359.6000,5359.2000,5358.2000,5362.0000,5362.4000,5362.8000,5363.0000,5364.8000,1,5,1,6,2,1,1,1,1,1
SF,IC2009,2020-06-02 09:31:25.500,5362.0000,49340,0,608756240.000,0,-,-,-,-,5362.0000,5360.6000,5360.4000,5360.0000,5359.6000,5362.4000,5362.8000,5363.0000,5364.8000,5365.0000,10,1,1,5,1,1,1,1,1,1
SF,IC2009,2020-06-02 09:31:26.000,5362.0000,49342,2,619480240.000,10,6,4,空开,S,5360.6000,5360.0000,5359.6000,5359.2000,5358.2000,5362.0000,5362.2000,5362.4000,5362.8000,5363.0000,1,5,1,6,2,2,1,1,1,1
SF,IC2009,2020-06-02 09:31:26.500,5360.8000,49342,0,622697200.000,3,1,2,多换,S,5360.6000,5360.0000,5359.6000,5359.2000,5358.2000,5362.0000,5362.2000,5362.4000,5362.8000,5363.0000,1,5,1,6,2,3,1,1,1,1
SF,IC2009,2020-06-02 09:31:27.000,5360.8000,49342,0,622697200.000,0,-,-,-,-,5360.0000,5359.6000,5359.2000,5358.2000,5355.8000,5360.6000,5361.8000,5362.0000,5362.2000,5362.4000,5,1,6,2,1,1,4,1,1,1
SF,IC2009,2020-06-02 09:31:27.500,5360.0000,49337,-5,628057320.000,5,0,5,双平,S,5360.0000,5359.6000,5359.2000,5358.2000,5355.8000,5361.8000,5362.2000,5362.4000,5362.8000,5363.0000,1,1,6,2,1,4,1,1,1,1
SF,IC2009,2020-06-02 09:31:28.000,5360.0000,49337,0,628057320.000,0,-,-,-,-,5360.0000,5359.6000,5359.2000,5358.2000,5355.8000,5361.6000,5361.8000,5362.4000,5362.8000,5363.0000,1,1,6,2,1,1,3,1,1,1
SF,IC2009,2020-06-02 09:31:28.500,5360.0000,49337,0,628057320.000,0,-,-,-,-,5360.2000,5360.0000,5359.6000,5359.2000,5358.2000,5360.6000,5361.4000,5361.6000,5361.8000,5362.4000,1,1,1,6,2,2,1,1,1,1
SF,IC2009,2020-06-02 09:31:29.000,5360.4000,49334,-3,631273640.000,3,0,3,双平,S,5361.2000,5360.6000,5360.0000,5359.6000,5359.2000,5361.4000,5362.4000,5362.8000,5363.0000,5364.8000,6,2,1,1,6,1,1,1,1,1
SF,IC2009,2020-06-02 09:31:29.500,5361.2000,49328,-6,637707080.000,6,0,6,双平,S,5360.6000,5360.0000,5359.6000,5359.2000,5358.2000,5361.4000,5362.4000,5362.8000,5363.0000,5364.8000,2,1,1,6,2,1,1,1,1,1
SF,IC2009,2020-06-02 09:31:30.000,5361.4000,49327,-1,638779360.000,1,0,1,双平,S,5360.6000,5360.0000,5359.6000,5359.2000,5358.2000,5361.4000,5362.4000,5362.8000,5363.0000,5364.8000,2,1,1,6,2,2,1,1,1,1
SF,IC2009,2020-06-02 09:31:30.500,5361.4000,49327,0,638779360.000,0,-,-,-,-,5360.6000,5360.0000,5359.6000,5359.2000,5358.2000,5361.4000,5362.4000,5362.8000,5363.0000,5364.8000,2,1,1,6,2,2,1,1,1,1
SF,IC2009,2020-06-02 09:31:31.000,5361.4000,49327,0,638779360.000,0,-,-,-,-,5361.4000,5360.8000,5360.6000,5360.0000,5359.6000,5362.4000,5362.8000,5363.0000,5364.8000,5365.0000,1,2,2,1,1,1,1,1,1,1
SF,IC2009,2020-06-02 09:31:31.500,5361.4000,49328,1,639851640.000,1,1,0,双开,S,5361.4000,5360.8000,5360.6000,5360.0000,5359.6000,5362.2000,5362.4000,5362.8000,5363.0000,5364.8000,1,1,2,1,1,1,1,1,1,1
SF,IC2009,2020-06-02 09:31:32.000,5361.4000,49328,0,639851640.000,0,-,-,-,-,5360.6000,5360.0000,5359.6000,5359.2000,5358.2000,5361.4000,5361.8000,5362.0000,5362.4000,5362.8000,2,1,1,6,2,1,1,2,1,1
SF,IC2009,2020-06-02 09:31:32.500,5361.4000,49328,0,639851640.000,0,-,-,-,-,5360.8000,5360.6000,5360.0000,5359.6000,5359.2000,5361.4000,5361.8000,5362.4000,5362.8000,5363.0000,1,2,1,1,6,1,1,1,1,1
SF,IC2009,2020-06-02 09:31:33.000,5360.8000,49327,-1,643068120.000,3,1,2,多平,S,5360.6000,5360.0000,5359.6000,5359.2000,5358.2000,5361.2000,5361.6000,5361.8000,5362.4000,5362.8000,2,1,1,6,2,1,1,1,1,1
SF,IC2009,2020-06-02 09:31:33.500,5360.8000,49327,0,643068120.000,0,-,-,-,-,5360.6000,5360.0000,5359.6000,5359.2000,5358.2000,5361.2000,5361.6000,5361.8000,5362.4000,5362.8000,2,1,1,6,2,1,1,1,1,1
SF,IC2009,2020-06-02 09:31:34.000,5361.0000,49328,1,644140320.000,1,1,0,双开,S,5360.6000,5360.0000,5359.6000,5359.2000,5358.2000,5361.2000,5361.6000,5361.8000,5362.4000,5362.8000,2,1,1,6,2,1,1,1,1,1
SF,IC2009,2020-06-02 09:31:34.500,5360.6000,49328,0,645212440.000,1,0,1,多换,S,5360.6000,5360.0000,5359.6000,5359.2000,5358.2000,5361.2000,5361.6000,5361.8000,5362.4000,5362.8000,1,1,1,6,1,1,1,1,1,1
SF,IC2009,2020-06-02 09:31:35.000,5361.2000,49327,-1,646284680.000,1,0,1,双平,S,5360.6000,5360.0000,5359.6000,5359.2000,5358.2000,5361.6000,5361.8000,5362.4000,5362.8000,5363.0000,1,1,1,6,1,1,1,1,1,1
SF,IC2009,2020-06-02 09:31:35.500,5360.8000,49327,0,647356840.000,1,0,1,多换,S,5360.6000,5360.0000,5359.6000,5359.2000,5358.2000,5361.6000,5361.8000,5362.4000,5362.8000,5363.0000,2,1,1,6,1,1,1,1,1,1
SF,IC2009,2020-06-02 09:31:36.000,5361.6000,49327,0,650573800.000,3,1,2,多换,S,5361.0000,5360.8000,5360.6000,5360.0000,5359.6000,5361.8000,5362.4000,5362.8000,5363.0000,5364.8000,1,1,2,1,1,1,1,1,1,1
SF,IC2009,2020-06-02 09:31:36.500,5361.6000,49326,-1,651646120.000,1,0,1,双平,S,5361.2000,5361.0000,5360.6000,5360.0000,5359.6000,5361.8000,5362.4000,5362.8000,5363.0000,5364.8000,1,1,2,1,1,1,1,1,1,1
SF,IC2009,2020-06-02 09:31:37.000,5361.2000,49325,-1,652718360.000,1,0,1,双平,S,5361.0000,5360.6000,5360.0000,5359.6000,5359.2000,5361.8000,5362.4000,5362.8000,5363.0000,5364.8000,1,1,1,1,6,1,1,1,1,1
SF,IC2009,2020-06-02 09:31:37.500,5361.2000,49325,0,652718360.000,0,-,-,-,-,5361.0000,5360.6000,5360.0000,5359.6000,5359.2000,5361.6000,5361.8000,5362.4000,5362.8000,5363.0000,1,1,1,1,6,1,1,1,1,1
SF,IC2009,2020-06-02 09:31:38.500,5361.2000,49325,0,652718360.000,0,-,-,-,-,5361.0000,5360.6000,5360.0000,5359.6000,5359.2000,5361.2000,5361.6000,5361.8000,5362.4000,5362.8000,1,1,1,1,6,1,1,1,1,1
SF,IC2009,2020-06-02 09:31:39.000,5361.0000,49325,0,653790560.000,1,0,1,多换,S,5360.6000,5360.0000,5359.6000,5359.2000,5358.2000,5361.0000,5361.2000,5361.6000,5361.8000,5362.4000,1,1,1,6,1,1,1,1,1,1
SF,IC2009,2020-06-02 09:31:39.500,5361.0000,49325,0,653790560.000,0,-,-,-,-,5360.6000,5360.0000,5359.6000,5359.2000,5358.2000,5361.0000,5361.2000,5361.6000,5361.8000,5362.4000,1,1,1,6,1,1,1,1,1,1
SF,IC2009,2020-06-02 09:31:40.000,5361.0000,49324,-1,654862760.000,1,0,1,双平,S,5361.0000,5360.8000,5360.6000,5360.0000,5359.6000,5361.2000,5361.6000,5361.8000,5362.4000,5362.8000,1,2,1,1,1,1,1,1,1,1
SF,IC2009,2020-06-02 09:31:40.500,5361.2000,49324,0,655935000.000,1,0,1,多换,S,5361.6000,5361.0000,5360.6000,5360.0000,5359.6000,5361.8000,5362.4000,5362.8000,5363.0000,5364.8000,1,1,1,1,1,1,1,1,1,1
SF,IC2009,2020-06-02 09:31:41.000,5361.0000,49323,-1,658079520.000,2,0,2,多平,S,5360.6000,5360.0000,5359.6000,5359.2000,5358.2000,5361.8000,5362.4000,5362.8000,5363.0000,5364.8000,1,1,1,6,1,1,1,1,1,1
SF,IC2009,2020-06-02 09:31:41.500,5361.0000,49323,0,658079520.000,0,-,-,-,-,5360.8000,5360.6000,5360.0000,5359.6000,5359.2000,5361.8000,5362.4000,5362.8000,5363.0000,5364.8000,1,1,1,1,6,1,1,1,1,1
SF,IC2009,2020-06-02 09:31:42.000,5361.0000,49323,0,658079520.000,0,-,-,-,-,5361.6000,5360.6000,5360.0000,5359.6000,5359.2000,5361.8000,5362.4000,5362.8000,5363.0000,5364.8000,1,1,1,1,6,1,1,1,1,1
SF,IC2009,2020-06-02 09:31:42.500,5361.6000,49323,0,659151840.000,1,0,1,多换,S,5360.6000,5360.0000,5359.6000,5359.2000,5358.2000,5361.8000,5362.4000,5362.8000,5363.0000,5364.8000,1,1,1,6,1,1,1,1,1,1
SF,IC2009,2020-06-02 09:31:43.000,5361.8000,49323,0,660224200.000,1,0,1,多换,S,5361.8000,5360.8000,5360.6000,5360.0000,5359.6000,5362.8000,5363.0000,5364.8000,5365.0000,5365.2000,2,3,1,1,1,1,1,1,1,1
SF,IC2009,2020-06-02 09:31:43.500,5361.8000,49322,-1,661296560.000,1,0,1,双平,S,5361.8000,5360.8000,5360.6000,5360.0000,5359.6000,5362.6000,5362.8000,5363.0000,5364.8000,5365.0000,2,1,1,1,1,1,3,1,1,1
SF,IC2009,2020-06-02 09:31:44.000,5361.6000,49321,-1,664513600.000,3,1,2,多平,S,5361.6000,5360.6000,5360.0000,5359.6000,5359.2000,5362.4000,5362.6000,5362.8000,5363.0000,5363.4000,4,1,1,1,6,1,2,1,1,1
SF,IC2009,2020-06-02 09:31:44.500,5361.6000,49321,0,668802880.000,4,2,2,多换,S,5360.6000,5360.0000,5359.2000,5358.2000,5355.8000,5361.6000,5362.2000,5362.6000,5362.8000,5363.0000,1,1,6,1,1,2,1,1,1,1
SF,IC2009,2020-06-02 09:31:45.000,5360.6000,49321,0,669875000.000,1,0,1,多换,S,5360.0000,5359.2000,5358.2000,5355.8000,5352.8000,5360.6000,5361.4000,5361.6000,5362.8000,5363.0000,1,6,1,1,1,1,2,1,1,1
SF,IC2009,2020-06-02 09:31:45.500,5360.4000,49316,-5,675235320.000,5,0,5,双平,S,5360.2000,5359.2000,5358.2000,5355.8000,5352.8000,5360.6000,5361.4000,5361.6000,5362.8000,5363.0000,1,6,1,1,1,1,2,1,1,1
SF,IC2009,2020-06-02 09:31:46.000,5360.2000,49315,-1,676307360.000,1,0,1,双平,S,5359.2000,5358.2000,5355.8000,5352.8000,5351.4000,5360.6000,5361.4000,5361.6000,5362.8000,5363.0000,6,1,1,1,1,1,2,1,1,1
SF,IC2009,2020-06-02 09:31:46.500,5360.2000,49315,0,676307360.000,0,-,-,-,-,5359.2000,5358.2000,5355.8000,5352.8000,5351.4000,5360.4000,5360.6000,5361.4000,5361.6000,5362.8000,7,1,1,1,1,1,2,1,1,1
SF,IC2009,2020-06-02 09:31:47.000,5360.2000,49315,0,676307360.000,0,-,-,-,-,5358.2000,5355.8000,5352.8000,5351.4000,5351.0000,5360.4000,5360.6000,5361.6000,5362.8000,5363.0000,1,1,1,1,2,2,1,1,1,1
SF,IC2009,2020-06-02 09:31:47.500,5360.2000,49309,-6,682739600.000,6,0,6,双平,S,5358.4000,5356.4000,5355.8000,5352.8000,5351.4000,5360.2000,5360.4000,5360.6000,5361.2000,5361.6000,1,10,1,1,1,1,2,1,1,1
SF,IC2009,2020-06-02 09:31:48.000,5360.2000,49309,0,682739600.000,0,-,-,-,-,5358.6000,5358.4000,5358.0000,5356.4000,5355.8000,5360.2000,5360.6000,5361.2000,5361.6000,5362.0000,2,3,1,10,1,1,1,1,1,1
SF,IC2009,2020-06-02 09:31:48.500,5360.2000,49308,-1,683811640.000,1,0,1,双平,S,5358.8000,5358.6000,5356.4000,5355.8000,5352.8000,5360.2000,5360.6000,5361.2000,5361.6000,5362.0000,1,2,10,1,1,1,1,1,1,1
SF,IC2009,2020-06-02 09:31:49.000,5360.2000,49308,0,683811640.000,0,-,-,-,-,5358.8000,5356.4000,5355.8000,5352.8000,5351.4000,5360.2000,5360.6000,5361.2000,5361.6000,5362.0000,2,10,1,1,1,1,1,1,1,1
SF,IC2009,2020-06-02 09:31:49.500,5360.2000,49308,0,683811640.000,0,-,-,-,-,5358.8000,5356.4000,5355.8000,5352.8000,5351.4000,5360.0000,5360.6000,5361.2000,5361.6000,5362.0000,1,10,1,1,1,3,1,1,1,1
SF,IC2009,2020-06-02 09:31:50.000,5360.2000,49307,-1,684883680.000,1,0,1,双平,S,5358.8000,5356.4000,5355.8000,5352.8000,5351.4000,5359.8000,5360.0000,5360.6000,5361.2000,5361.6000,1,10,1,1,1,1,3,1,1,1
SF,IC2009,2020-06-02 09:31:50.500,5358.8000,49306,-1,685955440.000,1,0,1,双平,S,5356.4000,5355.8000,5352.8000,5351.4000,5351.0000,5358.8000,5359.6000,5359.8000,5360.6000,5361.2000,10,1,1,1,2,1,1,2,1,1
SF,IC2009,2020-06-02 09:31:51.000,5358.8000,49306,0,685955440.000,0,-,-,-,-,5357.8000,5356.8000,5356.6000,5356.4000,5355.8000,5358.8000,5359.8000,5360.6000,5361.2000,5361.6000,2,1,5,10,1,1,2,1,1,1
SF,IC2009,2020-06-02 09:31:51.500,5358.8000,49306,0,685955440.000,0,-,-,-,-,5356.8000,5356.6000,5356.4000,5355.8000,5352.8000,5358.8000,5359.8000,5360.6000,5361.2000,5361.6000,1,3,11,1,1,1,1,1,1,1
SF,IC2009,2020-06-02 09:31:52.000,5358.8000,49306,0,685955440.000,0,-,-,-,-,5357.0000,5356.8000,5356.6000,5356.4000,5355.8000,5358.8000,5359.8000,5360.6000,5361.2000,5361.6000,3,1,2,11,1,1,1,1,1,1
SF,IC2009,2020-06-02 09:31:52.500,5358.8000,49306,0,687027200.000,1,0,1,多换,S,5357.2000,5357.0000,5356.8000,5356.6000,5356.4000,5358.8000,5359.8000,5360.6000,5361.2000,5361.6000,1,2,1,2,11,2,1,1,1,1
SF,IC2009,2020-06-02 09:31:53.000,5358.8000,49306,0,687027200.000,0,-,-,-,-,5357.4000,5356.8000,5356.6000,5356.4000,5355.8000,5359.8000,5360.6000,5361.2000,5361.6000,5362.0000,2,1,2,11,1,1,1,1,1,1
SF,IC2009,2020-06-02 09:31:53.500,5358.8000,49306,0,687027200.000,0,-,-,-,-,5357.6000,5357.4000,5356.8000,5356.6000,5356.4000,5359.6000,5359.8000,5360.6000,5361.2000,5361.6000,2,1,1,2,11,1,2,1,1,1
SF,IC2009,2020-06-02 09:31:54.000,5358.8000,49306,0,687027200.000,0,-,-,-,-,5357.8000,5357.6000,5356.8000,5356.6000,5356.4000,5359.4000,5359.6000,5359.8000,5360.6000,5361.2000,1,2,1,2,11,2,2,1,1,1
SF,IC2009,2020-06-02 09:31:54.500,5358.8000,49306,0,687027200.000,0,-,-,-,-,5357.8000,5357.6000,5356.8000,5356.6000,5356.4000,5359.2000,5359.4000,5360.6000,5361.2000,5361.6000,1,2,1,2,11,2,1,1,1,1
SF,IC2009,2020-06-02 09:31:55.000,5358.8000,49306,0,687027200.000,0,-,-,-,-,5357.8000,5357.6000,5356.6000,5356.4000,5355.8000,5358.8000,5359.0000,5359.2000,5360.6000,5361.2000,1,2,2,11,1,1,2,1,1,1
SF,IC2009,2020-06-02 09:31:55.500,5358.8000,49306,0,687027200.000,0,-,-,-,-,5357.8000,5356.6000,5356.4000,5355.8000,5352.8000,5358.8000,5359.2000,5360.6000,5361.0000,5361.2000,1,2,11,1,1,2,1,1,1,1
SF,IC2009,2020-06-02 09:31:56.000,5358.8000,49306,0,687027200.000,0,-,-,-,-,5356.6000,5356.4000,5355.8000,5352.8000,5351.4000,5358.8000,5359.2000,5360.6000,5361.0000,5361.2000,2,11,1,1,1,2,1,1,1,1
SF,IC2009,2020-06-02 09:31:56.500,5358.8000,49306,0,687027200.000,0,-,-,-,-,5356.8000,5356.4000,5355.8000,5352.8000,5351.4000,5360.6000,5361.0000,5361.2000,5361.6000,5362.0000,1,11,1,1,1,1,1,1,1,1
SF,IC2009,2020-06-02 09:31:57.000,5358.8000,49306,0,687027200.000,0,-,-,-,-,5357.0000,5356.8000,5356.4000,5355.2000,5352.8000,5358.2000,5359.8000,5360.2000,5360.4000,5360.6000,1,1,11,1,1,1,4,1,3,3
SF,IC2009,2020-06-02 09:31:57.500,5358.8000,49306,0,687027200.000,0,-,-,-,-,5356.8000,5356.4000,5355.2000,5352.8000,5351.4000,5358.2000,5359.8000,5360.4000,5360.6000,5361.0000,1,10,1,1,1,1,3,5,2,1
SF,IC2009,2020-06-02 09:31:58.000,5358.8000,49306,0,687027200.000,0,-,-,-,-,5356.8000,5356.4000,5355.2000,5352.8000,5351.4000,5358.2000,5359.2000,5359.8000,5360.4000,5360.6000,1,10,1,1,1,1,1,3,5,1
SF,IC2009,2020-06-02 09:31:58.500,5358.8000,49306,0,687027200.000,0,-,-,-,-,5356.8000,5356.4000,5355.2000,5352.8000,5351.4000,5358.2000,5359.2000,5359.8000,5360.4000,5360.6000,2,10,1,1,1,1,1,3,5,1
SF,IC2009,2020-06-02 09:31:59.000,5358.8000,49306,0,687027200.000,0,-,-,-,-,5356.8000,5356.4000,5355.2000,5352.8000,5351.4000,5358.2000,5359.2000,5359.8000,5360.4000,5360.6000,2,10,1,1,1,2,1,3,5,1
SF,IC2009,2020-06-02 09:31:59.500,5358.8000,49306,0,687027200.000,0,-,-,-,-,5356.8000,5356.4000,5355.2000,5352.8000,5351.4000,5358.2000,5359.2000,5359.8000,5360.4000,5360.6000,2,10,1,1,1,3,1,3,5,1
SF,IC2009,2020-06-02 09:32:00.000,5358.8000,49306,0,687027200.000,0,-,-,-,-,5356.4000,5355.2000,5352.8000,5351.4000,5351.0000,5358.0000,5358.2000,5358.8000,5359.2000,5359.8000,10,1,1,1,2,1,3,1,1,3
SF,IC2009,2020-06-02 09:32:00.500,5358.8000,49306,0,687027200.000,0,-,-,-,-,5356.4000,5355.2000,5352.8000,5351.4000,5351.0000,5356.8000,5357.8000,5358.0000,5358.2000,5358.8000,10,1,1,1,2,1,3,3,1,1
SF,IC2009,2020-06-02 09:32:01.000,5356.4000,49306,0,697740000.000,10,5,5,多换,S,5355.2000,5352.8000,5351.4000,5351.0000,5350.2000,5356.8000,5358.0000,5358.2000,5358.8000,5359.2000,1,1,1,2,1,1,3,1,1,1
SF,IC2009,2020-06-02 09:32:01.500,5356.4000,49306,0,697740000.000,0,-,-,-,-,5355.2000,5352.8000,5351.4000,5351.0000,5350.2000,5356.0000,5356.6000,5356.8000,5358.2000,5358.8000,1,1,1,2,1,1,4,5,1,1
SF,IC2009,2020-06-02 09:32:02.000,5355.2000,49306,0,698811040.000,1,0,1,多换,S,5352.8000,5352.2000,5351.4000,5351.0000,5350.2000,5356.0000,5356.6000,5356.8000,5357.8000,5358.2000,1,1,1,2,1,1,1,5,1,1
SF,IC2009,2020-06-02 09:32:02.500,5355.2000,49306,0,698811040.000,0,-,-,-,-,5355.4000,5355.0000,5354.8000,5354.4000,5354.2000,5356.0000,5356.4000,5356.8000,5357.8000,5358.2000,2,3,2,6,1,1,11,3,1,1
SF,IC2009,2020-06-02 09:32:03.000,5355.2000,49306,0,698811040.000,0,-,-,-,-,5353.6000,5353.4000,5353.0000,5352.8000,5352.2000,5355.2000,5356.4000,5356.8000,5357.8000,5358.2000,1,1,5,3,1,3,11,3,1,1
SF,IC2009,2020-06-02 09:32:03.500,5355.2000,49306,0,698811040.000,0,-,-,-,-,5353.8000,5353.6000,5353.4000,5353.0000,5352.8000,5355.2000,5356.4000,5356.8000,5357.8000,5358.2000,5,3,1,4,2,3,11,3,1,1
SF,IC2009,2020-06-02 09:32:04.000,5354.8000,49306,0,699882000.000,1,0,1,多换,S,5354.0000,5353.8000,5353.6000,5353.4000,5353.0000,5355.2000,5356.4000,5356.8000,5357.8000,5358.2000,1,2,2,1,4,3,11,3,1,1
SF,IC2009,2020-06-02 09:32:04.500,5356.4000,49303,-3,705237680.000,5,1,4,多平,S,5355.2000,5354.6000,5354.4000,5354.2000,5354.0000,5356.4000,5356.8000,5357.8000,5358.2000,5358.8000,3,3,1,5,6,9,3,1,1,1
SF,IC2009,2020-06-02 09:32:05.000,5356.4000,49303,0,705237680.000,0,-,-,-,-,5355.4000,5355.2000,5354.8000,5354.4000,5354.2000,5356.4000,5356.8000,5357.8000,5358.2000,5358.8000,3,3,1,2,1,9,3,1,1,1
SF,IC2009,2020-06-02 09:32:05.500,5356.4000,49301,-2,714879040.000,9,3,6,多平,S,5355.6000,5355.4000,5355.0000,5354.8000,5354.4000,5356.4000,5356.8000,5358.2000,5358.8000,5359.2000,2,4,1,1,2,2,3,1,1,1
SF,IC2009,2020-06-02 09:32:06.000,5356.4000,49301,0,714879040.000,0,-,-,-,-,5355.6000,5355.4000,5354.0000,5353.6000,5353.4000,5356.4000,5356.8000,5358.2000,5358.8000,5359.2000,1,2,3,1,1,2,3,1,1,1
SF,IC2009,2020-06-02 09:32:06.500,5356.4000,49301,0,714879040.000,0,-,-,-,-,5355.8000,5355.6000,5355.4000,5354.0000,5353.6000,5356.4000,5356.8000,5358.2000,5358.8000,5359.2000,1,1,1,3,1,2,3,1,1,1
SF,IC2009,2020-06-02 09:32:07.000,5356.0000,49300,-1,715950240.000,1,0,1,双平,S,5355.8000,5354.0000,5353.6000,5353.4000,5353.0000,5356.4000,5356.8000,5358.2000,5358.8000,5359.2000,2,3,1,1,2,2,2,1,1,1
SF,IC2009,2020-06-02 09:32:07.500,5355.8000,49298,-2,718092560.000,2,0,2,双平,S,5354.0000,5353.6000,5353.4000,5353.0000,5352.8000,5356.4000,5356.8000,5358.2000,5358.8000,5359.2000,3,1,1,2,2,2,2,1,1,1
SF,IC2009,2020-06-02 09:32:08.000,5355.8000,49298,0,718092560.000,0,-,-,-,-,5355.4000,5354.2000,5354.0000,5353.6000,5353.4000,5355.8000,5356.4000,5356.8000,5358.2000,5358.8000,1,2,3,1,1,1,2,2,1,1
SF,IC2009,2020-06-02 09:32:08.500,5354.0000,49297,-1,720234440.000,2,0,2,多平,S,5353.6000,5353.4000,5353.0000,5352.8000,5352.2000,5355.4000,5356.0000,5356.4000,5356.8000,5358.2000,1,1,2,2,1,2,1,2,2,1
SF,IC2009,2020-06-02 09:32:09.000,5354.0000,49297,0,720234440.000,0,-,-,-,-,5356.0000,5354.4000,5353.8000,5353.6000,5353.4000,5356.4000,5356.8000,5358.2000,5358.8000,5359.2000,1,2,3,2,1,2,2,1,1,1
SF,IC2009,2020-06-02 09:32:09.500,5356.0000,49297,0,721305640.000,1,0,1,多换,S,5354.0000,5353.8000,5353.6000,5353.4000,5353.0000,5356.0000,5356.2000,5356.4000,5356.8000,5358.2000,1,1,2,1,2,2,1,3,2,1
SF,IC2009,2020-06-02 09:32:10.000,5356.0000,49297,0,721305640.000,0,-,-,-,-,5354.2000,5354.0000,5353.6000,5353.4000,5353.0000,5355.8000,5356.0000,5356.4000,5356.8000,5358.2000,3,1,1,1,2,2,1,2,2,1
SF,IC2009,2020-06-02 09:32:10.500,5356.0000,49297,0,721305640.000,0,-,-,-,-,5354.4000,5354.2000,5354.0000,5353.6000,5353.4000,5355.6000,5355.8000,5356.0000,5356.4000,5356.8000,3,3,1,1,1,1,1,1,2,2
SF,IC2009,2020-06-02 09:32:11.000,5354.4000,49298,1,722376520.000,1,1,0,双开,S,5354.4000,5354.2000,5353.6000,5353.4000,5353.0000,5355.4000,5356.0000,5356.4000,5356.8000,5358.2000,3,2,1,1,2,1,1,2,2,1
SF,IC2009,2020-06-02 09:32:11.500,5354.4000,49298,0,722376520.000,0,-,-,-,-,5354.6000,5354.2000,5353.6000,5353.4000,5353.0000,5355.2000,5356.0000,5356.4000,5356.8000,5358.2000,1,1,1,1,2,1,1,2,2,1
SF,IC2009,2020-06-02 09:32:12.000,5354.4000,49299,1,723447400.000,1,1,0,双开,S,5354.2000,5353.6000,5353.4000,5353.0000,5352.8000,5355.2000,5356.0000,5356.4000,5356.8000,5358.2000,1,1,1,2,2,1,1,2,2,1
SF,IC2009,2020-06-02 09:32:12.500,5354.4000,49299,0,723447400.000,0,-,-,-,-,5353.6000,5353.4000,5353.0000,5352.8000,5352.2000,5354.6000,5355.2000,5356.0000,5356.4000,5356.8000,1,1,2,2,1,3,2,1,2,2
SF,IC2009,2020-06-02 09:32:13.000,5354.4000,49299,0,723447400.000,0,-,-,-,-,5354.2000,5353.8000,5353.6000,5353.4000,5353.0000,5354.4000,5354.6000,5355.2000,5356.0000,5356.4000,1,3,1,1,1,1,3,1,1,2
SF,IC2009,2020-06-02 09:32:13.500,5354.4000,49296,-3,726659880.000,3,0,3,双平,S,5353.8000,5353.0000,5352.8000,5352.2000,5351.4000,5354.6000,5355.2000,5356.0000,5356.4000,5356.8000,1,1,2,1,1,3,1,1,2,2
SF,IC2009,2020-06-02 09:32:14.000,5354.4000,49296,0,726659880.000,0,-,-,-,-,5353.8000,5353.0000,5352.8000,5352.2000,5351.4000,5354.4000,5354.6000,5356.0000,5356.4000,5356.8000,2,1,2,1,1,1,3,1,2,2
SF,IC2009,2020-06-02 09:32:15.000,5353.8000,49294,-2,728801400.000,2,0,2,双平,S,5353.0000,5352.8000,5352.2000,5351.4000,5351.0000,5353.8000,5354.4000,5354.6000,5356.0000,5356.4000,1,2,1,1,2,1,1,3,1,2
SF,IC2009,2020-06-02 09:32:15.500,5353.8000,49293,-1,729872160.000,1,0,1,双平,S,5352.8000,5352.2000,5351.4000,5351.0000,5350.2000,5353.6000,5353.8000,5354.6000,5356.0000,5356.4000,1,1,1,2,1,1,2,3,1,2
SF,IC2009,2020-06-02 09:32:16.000,5353.8000,49293,0,729872160.000,0,-,-,-,-,5352.8000,5351.4000,5351.0000,5350.2000,5350.0000,5353.6000,5353.8000,5354.6000,5356.0000,5356.4000,1,1,2,1,2,2,1,3,1,2
SF,IC2009,2020-06-02 09:32:16.500,5353.8000,49293,0,732013680.000,2,1,1,多换,S,5354.4000,5352.8000,5351.4000,5351.0000,5350.2000,5354.6000,5356.0000,5356.4000,5356.8000,5358.2000,5,1,1,2,1,3,1,2,2,1
SF,IC2009,2020-06-02 09:32:17.000,5352.8000,49292,-1,738438520.000,6,2,4,多平,S,5351.4000,5351.0000,5350.2000,5350.0000,5348.4000,5352.8000,5354.0000,5354.4000,5354.6000,5356.0000,1,2,1,2,1,3,1,4,3,1
SF,IC2009,2020-06-02 09:32:17.500,5352.8000,49289,-3,741650200.000,3,0,3,双平,S,5352.8000,5352.4000,5351.6000,5351.4000,5351.0000,5354.6000,5356.0000,5356.4000,5356.8000,5358.2000,3,2,4,2,2,3,1,2,2,1
SF,IC2009,2020-06-02 09:32:18.000,5351.6000,49283,-6,748073200.000,6,0,6,双平,S,5351.4000,5351.0000,5350.2000,5350.0000,5348.4000,5353.0000,5354.2000,5354.4000,5356.0000,5356.4000,5,2,1,2,1,3,1,1,1,2
SF,IC2009,2020-06-02 09:32:18.500,5353.0000,49282,-1,751285000.000,3,1,2,多平,S,5353.0000,5352.4000,5352.2000,5351.6000,5351.4000,5356.0000,5356.4000,5356.8000,5358.2000,5358.8000,3,1,5,8,2,1,2,2,1,1
SF,IC2009,2020-06-02 09:32:19.000,5353.0000,49282,0,751285000.000,0,-,-,-,-,5353.2000,5353.0000,5351.6000,5351.4000,5351.0000,5355.0000,5355.4000,5356.0000,5356.4000,5356.6000,2,1,5,1,2,2,2,1,2,2
SF,IC2009,2020-06-02 09:32:19.500,5353.0000,49282,0,752355600.000,1,0,1,多换,S,5353.0000,5351.6000,5351.4000,5351.0000,5350.2000,5354.8000,5355.4000,5356.0000,5356.4000,5356.6000,1,5,1,2,1,2,2,1,2,2
SF,IC2009,2020-06-02 09:32:20.000,5353.0000,49282,0,753426200.000,1,0,1,多换,S,5353.0000,5352.8000,5351.6000,5351.4000,5351.2000,5354.0000,5354.8000,5356.0000,5356.4000,5356.6000,2,1,5,1,1,1,2,1,2,2
SF,IC2009,2020-06-02 09:32:20.500,5353.2000,49281,-1,755567440.000,2,0,2,多平,S,5353.0000,5352.8000,5351.6000,5351.4000,5351.2000,5354.0000,5354.4000,5354.8000,5356.0000,5356.4000,2,1,5,1,1,1,1,1,1,2
SF,IC2009,2020-06-02 09:32:21.000,5354.0000,49281,0,756638240.000,1,0,1,多换,S,5354.4000,5353.2000,5353.0000,5352.8000,5351.6000,5354.8000,5356.0000,5356.4000,5356.6000,5356.8000,2,2,1,1,3,1,1,2,2,2
SF,IC2009,2020-06-02 09:32:21.500,5353.0000,49281,0,757708840.000,1,0,1,多换,S,5352.8000,5351.6000,5351.4000,5351.0000,5350.2000,5354.6000,5356.0000,5356.4000,5356.6000,5356.8000,1,2,1,2,1,1,1,2,2,2
SF,IC2009,2020-06-02 09:32:22.000,5354.6000,49280,-1,759850680.000,2,0,2,多平,S,5354.0000,5353.6000,5353.4000,5353.2000,5353.0000,5356.0000,5356.4000,5356.6000,5356.8000,5358.2000,1,1,2,2,5,1,2,2,2,1
SF,IC2009,2020-06-02 09:32:22.500,5354.6000,49280,0,759850680.000,0,-,-,-,-,5353.0000,5352.8000,5351.6000,5351.4000,5351.0000,5355.8000,5356.0000,5356.4000,5356.6000,5356.8000,1,2,1,1,2,4,3,2,2,2
SF,IC2009,2020-06-02 09:32:23.000,5354.6000,49280,0,759850680.000,0,-,-,-,-,5353.2000,5353.0000,5352.8000,5351.6000,5351.4000,5354.0000,5355.4000,5355.6000,5355.8000,5356.0000,2,1,2,1,1,1,2,2,1,1
SF,IC2009,2020-06-02 09:32:23.500,5354.6000,49280,0,759850680.000,0,-,-,-,-,5353.2000,5353.0000,5352.8000,5351.6000,5351.4000,5354.0000,5354.8000,5355.8000,5356.0000,5356.4000,1,1,1,1,1,3,1,1,1,2
SF,IC2009,2020-06-02 09:32:24.000,5354.6000,49280,0,759850680.000,0,-,-,-,-,5353.2000,5353.0000,5352.8000,5351.6000,5351.4000,5354.0000,5354.8000,5355.8000,5356.0000,5356.4000,1,1,1,1,1,4,1,1,1,2
SF,IC2009,2020-06-02 09:32:24.500,5353.0000,49277,-3,763062720.000,3,0,3,双平,S,5352.8000,5351.6000,5351.4000,5351.0000,5350.2000,5353.0000,5353.8000,5354.0000,5354.8000,5356.0000,1,1,1,2,1,1,3,1,1,1
SF,IC2009,2020-06-02 09:32:25.000,5352.8000,49276,-1,764133280.000,1,0,1,双平,S,5351.6000,5351.4000,5351.0000,5350.2000,5350.0000,5352.8000,5353.8000,5354.0000,5354.8000,5356.0000,1,1,2,1,3,2,2,1,1,1
SF,IC2009,2020-06-02 09:32:25.500,5352.8000,49276,0,764133280.000,0,-,-,-,-,5351.6000,5351.4000,5351.0000,5350.2000,5350.0000,5352.6000,5352.8000,5354.0000,5354.8000,5356.0000,1,1,2,1,3,3,2,1,1,2
SF,IC2009,2020-06-02 09:32:26.000,5352.8000,49276,0,764133280.000,0,-,-,-,-,5351.4000,5351.0000,5350.2000,5350.0000,5348.4000,5352.4000,5352.6000,5352.8000,5354.0000,5354.8000,1,2,1,3,1,3,1,2,1,1
SF,IC2009,2020-06-02 09:32:26.500,5351.4000,49275,-1,766274120.000,2,0,2,多平,S,5351.0000,5350.2000,5350.0000,5348.4000,5348.0000,5351.4000,5352.4000,5352.6000,5352.8000,5354.0000,2,1,3,1,1,1,2,1,2,1
SF,IC2009,2020-06-02 09:32:27.000,5351.4000,49274,-1,767344400.000,1,0,1,双平,S,5351.0000,5350.2000,5350.0000,5348.4000,5348.0000,5352.4000,5352.6000,5352.8000,5354.0000,5354.8000,2,1,3,1,1,2,1,2,1,1
SF,IC2009,2020-06-02 09:32:27.500,5352.2000,49274,0,768414840.000,1,0,1,多换,S,5351.0000,5350.2000,5350.0000,5348.4000,5348.0000,5352.2000,5352.8000,5354.0000,5354.8000,5356.0000,2,1,3,1,1,3,2,1,1,2
SF,IC2009,2020-06-02 09:32:28.000,5352.2000,49274,0,769485280.000,1,0,1,多换,S,5351.0000,5350.2000,5350.0000,5348.4000,5348.0000,5352.0000,5352.8000,5353.0000,5354.0000,5354.8000,2,1,3,1,1,2,2,1,1,1
SF,IC2009,2020-06-02 09:32:28.500,5352.2000,49274,0,769485280.000,0,-,-,-,-,5351.0000,5350.2000,5350.0000,5348.4000,5348.0000,5352.0000,5352.8000,5353.0000,5354.0000,5354.8000,2,1,3,1,3,2,2,1,1,1
SF,IC2009,2020-06-02 09:32:29.000,5352.2000,49274,0,769485280.000,0,-,-,-,-,5351.0000,5350.2000,5350.0000,5348.4000,5348.0000,5351.8000,5352.0000,5352.8000,5353.0000,5354.0000,2,1,3,1,3,1,2,2,1,1
SF,IC2009,2020-06-02 09:32:29.500,5351.0000,49273,-1,771625680.000,2,0,2,多平,S,5350.2000,5350.0000,5348.4000,5348.0000,5346.6000,5351.0000,5351.8000,5352.0000,5353.0000,5354.0000,1,3,1,3,1,3,1,1,1,1
SF,IC2009,2020-06-02 09:32:30.000,5351.0000,49273,0,771625680.000,0,-,-,-,-,5350.2000,5350.0000,5348.4000,5348.0000,5346.6000,5351.0000,5351.6000,5351.8000,5353.0000,5354.0000,1,3,1,3,1,3,2,1,2,1
SF,IC2009,2020-06-02 09:32:30.500,5350.0000,49272,-1,775905720.000,4,1,3,多平,S,5348.4000,5348.0000,5346.6000,5344.0000,5342.8000,5350.2000,5350.8000,5351.0000,5351.6000,5353.0000,1,3,1,1,1,2,2,1,2,2
SF,IC2009,2020-06-02 09:32:31.000,5350.0000,49271,-1,776975720.000,1,0,1,双平,S,5348.6000,5348.4000,5348.2000,5348.0000,5346.6000,5350.0000,5351.0000,5351.6000,5353.0000,5354.0000,2,1,1,3,1,1,1,2,2,1
SF,IC2009,2020-06-02 09:32:31.500,5350.0000,49271,0,776975720.000,0,-,-,-,-,5348.6000,5348.4000,5348.0000,5346.6000,5344.0000,5349.8000,5350.0000,5351.0000,5351.6000,5353.0000,2,1,3,1,1,1,1,1,2,2
SF,IC2009,2020-06-02 09:32:32.000,5350.0000,49269,-2,779115720.000,2,0,2,双平,S,5348.6000,5348.4000,5348.0000,5346.6000,5344.0000,5351.0000,5351.6000,5353.0000,5354.0000,5354.8000,2,1,3,1,1,1,2,2,1,1
SF,IC2009,2020-06-02 09:32:32.500,5350.0000,49269,0,779115720.000,0,-,-,-,-,5349.0000,5348.8000,5348.6000,5348.4000,5348.0000,5351.0000,5351.6000,5353.0000,5354.0000,5354.8000,1,3,1,1,3,1,2,2,1,1
SF,IC2009,2020-06-02 09:32:33.000,5348.8000,49265,-4,785534560.000,6,1,5,多平,S,5348.8000,5348.4000,5348.0000,5346.6000,5344.0000,5350.8000,5351.0000,5351.6000,5353.0000,5354.0000,2,1,3,1,1,2,1,2,2,1
SF,IC2009,2020-06-02 09:32:33.500,5348.8000,49265,0,785534560.000,0,-,-,-,-,5349.0000,5348.8000,5348.4000,5348.0000,5346.6000,5350.6000,5350.8000,5351.0000,5351.6000,5353.0000,1,2,1,3,1,1,1,1,2,2
SF,IC2009,2020-06-02 09:32:34.000,5348.8000,49265,0,785534560.000,0,-,-,-,-,5349.2000,5349.0000,5348.8000,5348.4000,5348.0000,5351.0000,5353.0000,5354.0000,5354.8000,5356.0000,1,6,2,1,3,1,2,1,1,2
SF,IC2009,2020-06-02 09:32:34.500,5348.8000,49265,0,785534560.000,0,-,-,-,-,5349.8000,5349.4000,5349.2000,5349.0000,5348.8000,5351.0000,5353.0000,5354.0000,5354.8000,5356.0000,1,1,8,6,1,1,2,1,1,2
SF,IC2009,2020-06-02 09:32:35.000,5348.8000,49264,-1,786604320.000,1,0,1,双平,S,5349.2000,5349.0000,5348.4000,5348.0000,5346.6000,5350.6000,5350.8000,5351.0000,5353.0000,5354.0000,1,5,1,3,1,2,1,1,2,1
SF,IC2009,2020-06-02 09:32:35.500,5348.8000,49264,0,786604320.000,0,-,-,-,-,5349.4000,5349.2000,5349.0000,5348.4000,5348.0000,5351.0000,5353.0000,5354.0000,5354.8000,5356.0000,2,3,5,1,3,1,2,1,1,1
SF,IC2009,2020-06-02 09:32:36.000,5349.2000,49263,-1,787674160.000,1,0,1,双平,S,5349.4000,5349.2000,5349.0000,5348.4000,5348.0000,5350.8000,5351.0000,5353.0000,5354.0000,5354.8000,3,1,6,1,3,3,1,2,1,1
SF,IC2009,2020-06-02 09:32:36.500,5349.2000,49263,0,787674160.000,0,-,-,-,-,5349.4000,5349.0000,5348.4000,5348.0000,5346.6000,5350.6000,5350.8000,5351.0000,5353.0000,5354.0000,2,6,1,3,1,3,1,1,2,1
SF,IC2009,2020-06-02 09:32:37.000,5349.2000,49263,0,787674160.000,0,-,-,-,-,5349.4000,5349.0000,5348.6000,5348.4000,5348.0000,5350.6000,5351.0000,5353.0000,5354.0000,5354.8000,2,5,1,1,3,1,1,2,1,1
SF,IC2009,2020-06-02 09:32:37.500,5349.2000,49263,0,787674160.000,0,-,-,-,-,5349.4000,5349.0000,5348.6000,5348.4000,5348.0000,5350.6000,5351.0000,5353.0000,5354.0000,5354.8000,2,5,1,1,3,3,1,2,1,1
SF,IC2009,2020-06-02 09:32:38.000,5349.6000,49259,-4,791954440.000,4,0,4,双平,S,5349.6000,5349.4000,5349.0000,5348.6000,5348.4000,5351.0000,5353.0000,5354.0000,5354.8000,5356.0000,2,1,5,1,1,2,2,1,1,1
SF,IC2009,2020-06-02 09:32:38.500,5349.6000,49258,-1,793024360.000,1,0,1,双平,S,5349.8000,5349.4000,5349.0000,5348.6000,5348.4000,5350.0000,5351.0000,5353.0000,5354.8000,5356.4000,3,1,6,1,1,1,2,2,1,2
SF,IC2009,2020-06-02 09:32:39.000,5350.0000,49257,-1,794094360.000,1,0,1,双平,S,5350.6000,5350.4000,5350.0000,5349.8000,5349.4000,5351.0000,5353.0000,5354.8000,5356.4000,5356.6000,1,3,12,5,1,2,2,1,2,2
SF,IC2009,2020-06-02 09:32:39.500,5350.6000,49256,-1,797304880.000,3,1,2,多平,S,5350.2000,5350.0000,5349.8000,5349.4000,5349.0000,5350.6000,5353.0000,5354.8000,5356.4000,5356.6000,1,4,3,1,6,1,2,1,2,2
SF,IC2009,2020-06-02 09:32:40.000,5350.6000,49256,0,798375000.000,1,0,1,多换,S,5350.6000,5350.2000,5350.0000,5349.8000,5349.4000,5353.0000,5354.8000,5356.4000,5356.6000,5358.0000,3,2,1,1,1,2,1,2,2,2
SF,IC2009,2020-06-02 09:32:40.500,5350.6000,49256,0,799445120.000,1,0,1,多换,S,5350.8000,5350.6000,5350.4000,5350.2000,5350.0000,5352.8000,5353.0000,5354.8000,5356.4000,5356.6000,4,4,3,1,1,1,2,1,2,2
SF,IC2009,2020-06-02 09:32:41.000,5350.6000,49256,0,799445120.000,0,-,-,-,-,5351.0000,5350.8000,5350.6000,5350.4000,5350.2000,5352.6000,5352.8000,5353.0000,5354.8000,5356.4000,1,6,3,3,1,3,1,2,1,2
SF,IC2009,2020-06-02 09:32:41.500,5350.6000,49256,0,799445120.000,0,-,-,-,-,5351.0000,5350.8000,5350.6000,5350.4000,5350.2000,5352.4000,5352.6000,5353.0000,5354.8000,5356.4000,1,4,3,3,1,3,1,1,1,2
SF,IC2009,2020-06-02 09:32:42.000,5350.6000,49256,0,800515240.000,1,0,1,多换,S,5350.8000,5350.6000,5350.2000,5350.0000,5349.2000,5352.2000,5352.4000,5353.0000,5354.8000,5356.4000,3,3,1,1,1,2,1,1,1,2
SF,IC2009,2020-06-02 09:32:42.500,5350.6000,49255,-1,801585360.000,1,0,1,双平,S,5350.6000,5350.2000,5349.2000,5349.0000,5348.6000,5350.8000,5352.0000,5352.2000,5353.0000,5354.8000,1,1,2,6,1,1,1,2,1,1
SF,IC2009,2020-06-02 09:32:43.000,5350.8000,49254,-1,802655520.000,1,0,1,双平,S,5350.8000,5350.6000,5350.2000,5349.2000,5349.0000,5352.0000,5353.0000,5354.8000,5356.4000,5356.6000,5,3,1,2,6,1,1,1,2,2
SF,IC2009,2020-06-02 09:32:43.500,5350.8000,49253,-1,803725680.000,1,0,1,双平,S,5350.6000,5349.2000,5349.0000,5348.6000,5348.4000,5351.8000,5352.0000,5353.0000,5354.8000,5356.4000,2,2,7,1,6,1,1,1,1,2
SF,IC2009,2020-06-02 09:32:44.000,5350.8000,49253,0,803725680.000,0,-,-,-,-,5350.8000,5350.6000,5349.2000,5349.0000,5348.6000,5352.0000,5353.0000,5354.8000,5356.4000,5356.6000,2,1,2,9,1,1,1,1,2,2
SF,IC2009,2020-06-02 09:32:44.500,5350.8000,49253,0,804795840.000,1,0,1,多换,S,5350.8000,5350.6000,5349.2000,5349.0000,5348.6000,5352.0000,5353.0000,5354.8000,5356.4000,5356.6000,1,1,2,9,1,2,1,1,2,2
SF,IC2009,2020-06-02 09:32:45.000,5350.8000,49253,0,804795840.000,0,-,-,-,-,5351.0000,5350.8000,5350.6000,5349.2000,5349.0000,5352.0000,5353.0000,5354.8000,5356.4000,5356.6000,2,2,1,2,9,1,1,1,2,2
SF,IC2009,2020-06-02 09:32:45.500,5350.8000,49253,0,804795840.000,0,-,-,-,-,5351.0000,5350.8000,5350.6000,5349.2000,5349.0000,5352.0000,5353.0000,5354.8000,5356.4000,5356.6000,1,1,2,2,9,2,1,1,2,2
SF,IC2009,2020-06-02 09:32:46.000,5350.8000,49253,0,804795840.000,0,-,-,-,-,5351.0000,5350.6000,5349.2000,5349.0000,5348.4000,5352.0000,5353.0000,5354.8000,5356.4000,5356.6000,1,2,2,9,6,2,1,1,2,2
SF,IC2009,2020-06-02 09:32:46.500,5350.8000,49253,0,804795840.000,0,-,-,-,-,5351.0000,5350.6000,5349.2000,5349.0000,5348.4000,5351.8000,5352.0000,5353.0000,5354.8000,5356.4000,1,2,2,9,6,1,1,1,1,2
SF,IC2009,2020-06-02 09:32:47.000,5350.8000,49252,-1,805866000.000,1,0,1,双平,S,5351.0000,5350.6000,5349.2000,5349.0000,5348.4000,5351.8000,5352.0000,5353.0000,5354.8000,5356.4000,2,2,2,9,6,1,1,1,1,2
SF,IC2009,2020-06-02 09:32:47.500,5350.8000,49252,0,805866000.000,0,-,-,-,-,5351.0000,5350.6000,5349.2000,5349.0000,5348.4000,5351.6000,5351.8000,5353.0000,5354.8000,5356.4000,2,2,2,9,6,1,3,1,1,2
SF,IC2009,2020-06-02 09:32:48.000,5351.0000,49250,-2,808006400.000,2,0,2,双平,S,5350.6000,5349.2000,5349.0000,5348.4000,5348.0000,5351.8000,5353.0000,5354.8000,5356.4000,5356.6000,2,2,9,6,3,3,1,1,2,2
SF,IC2009,2020-06-02 09:32:48.500,5351.0000,49250,0,808006400.000,0,-,-,-,-,5350.6000,5350.4000,5349.2000,5349.0000,5348.4000,5351.8000,5353.0000,5354.8000,5356.4000,5356.6000,2,1,2,9,6,2,1,1,2,2
SF,IC2009,2020-06-02 09:32:49.000,5351.0000,49250,0,808006400.000,0,-,-,-,-,5350.6000,5349.2000,5349.0000,5348.4000,5348.0000,5351.6000,5351.8000,5353.0000,5354.8000,5356.4000,2,2,9,6,3,3,2,1,1,2
SF,IC2009,2020-06-02 09:32:49.500,5351.0000,49250,0,808006400.000,0,-,-,-,-,5350.8000,5350.6000,5349.2000,5349.0000,5348.4000,5351.6000,5351.8000,5353.0000,5354.8000,5356.4000,1,2,2,9,6,1,1,1,1,2
SF,IC2009,2020-06-02 09:32:50.000,5351.0000,49250,0,808006400.000,0,-,-,-,-,5350.8000,5350.6000,5349.2000,5349.0000,5348.4000,5351.8000,5353.0000,5354.8000,5356.4000,5356.6000,1,2,4,9,6,1,1,1,2,2
SF,IC2009,2020-06-02 09:32:50.500,5351.0000,49250,0,808006400.000,0,-,-,-,-,5350.8000,5350.6000,5349.2000,5349.0000,5348.4000,5351.8000,5353.0000,5354.8000,5356.4000,5356.6000,1,2,4,9,6,1,1,1,2,2
SF,IC2009,2020-06-02 09:32:51.000,5351.0000,49250,0,808006400.000,0,-,-,-,-,5350.8000,5350.6000,5349.2000,5349.0000,5348.4000,5351.8000,5353.0000,5354.8000,5356.4000,5356.6000,1,2,4,9,6,1,1,1,2,2
SF,IC2009,2020-06-02 09:32:51.500,5351.8000,49249,-1,809076760.000,1,0,1,双平,S,5351.8000,5351.0000,5350.8000,5350.6000,5349.2000,5353.0000,5354.8000,5356.4000,5356.6000,5358.0000,1,1,2,2,4,1,1,2,2,2
SF,IC2009,2020-06-02 09:32:52.000,5351.8000,49248,-1,810147120.000,1,0,1,双平,S,5350.6000,5349.2000,5349.0000,5348.4000,5348.0000,5351.8000,5352.8000,5353.0000,5354.8000,5356.4000,2,4,9,6,3,1,2,2,1,2
SF,IC2009,2020-06-02 09:32:52.500,5351.8000,49248,0,810147120.000,0,-,-,-,-,5350.6000,5350.4000,5349.2000,5349.0000,5348.4000,5351.8000,5352.8000,5353.0000,5354.8000,5356.4000,2,1,4,9,6,3,1,1,1,2
SF,IC2009,2020-06-02 09:32:53.000,5351.8000,49248,0,810147120.000,0,-,-,-,-,5350.8000,5350.6000,5350.4000,5349.2000,5349.0000,5351.6000,5351.8000,5352.8000,5353.0000,5354.8000,1,2,1,4,9,1,2,1,1,1
SF,IC2009,2020-06-02 09:32:53.500,5351.8000,49247,-1,811217480.000,1,0,1,双平,S,5350.8000,5350.6000,5350.4000,5349.2000,5349.0000,5352.8000,5353.0000,5354.8000,5356.4000,5356.6000,2,2,1,4,9,1,1,1,2,2
SF,IC2009,2020-06-02 09:32:54.000,5351.8000,49247,0,811217480.000,0,-,-,-,-,5351.0000,5350.8000,5350.6000,5350.4000,5349.2000,5352.6000,5352.8000,5353.0000,5354.8000,5356.4000,1,2,2,1,4,1,1,1,1,2
SF,IC2009,2020-06-02 09:32:54.500,5351.8000,49247,0,811217480.000,0,-,-,-,-,5351.0000,5350.8000,5350.6000,5350.4000,5349.2000,5352.4000,5353.0000,5354.8000,5356.4000,5356.6000,1,2,2,1,4,4,1,1,2,2
SF,IC2009,2020-06-02 09:32:55.000,5351.8000,49247,0,811217480.000,0,-,-,-,-,5351.0000,5350.8000,5350.6000,5350.4000,5349.2000,5352.4000,5353.0000,5354.8000,5356.4000,5356.6000,1,1,2,1,4,4,1,1,2,2
SF,IC2009,2020-06-02 09:32:55.500,5351.8000,49247,0,811217480.000,0,-,-,-,-,5350.8000,5350.6000,5350.4000,5349.2000,5349.0000,5352.4000,5353.0000,5354.8000,5356.4000,5356.6000,1,2,1,4,9,2,1,1,2,2
SF,IC2009,2020-06-02 09:32:56.000,5351.8000,49247,0,811217480.000,0,-,-,-,-,5351.0000,5350.8000,5350.6000,5350.4000,5349.2000,5352.2000,5352.4000,5353.0000,5354.8000,5356.4000,1,2,2,1,4,2,2,1,1,2
SF,IC2009,2020-06-02 09:32:56.500,5352.4000,49247,0,812287960.000,1,0,1,多换,S,5351.0000,5350.8000,5350.6000,5350.4000,5349.2000,5353.0000,5354.8000,5356.4000,5356.6000,5358.0000,1,3,2,1,4,1,1,2,2,2
SF,IC2009,2020-06-02 09:32:57.000,5352.4000,49247,0,812287960.000,0,-,-,-,-,5351.0000,5350.8000,5350.6000,5350.4000,5349.2000,5352.8000,5353.0000,5354.8000,5356.4000,5356.6000,1,1,2,1,4,4,1,1,2,2
SF,IC2009,2020-06-02 09:32:57.500,5352.4000,49247,0,812287960.000,0,-,-,-,-,5351.2000,5351.0000,5350.8000,5350.6000,5350.4000,5352.6000,5352.8000,5353.0000,5354.8000,5356.4000,5,1,1,2,1,3,4,1,1,2
SF,IC2009,2020-06-02 09:32:58.000,5352.4000,49247,0,812287960.000,0,-,-,-,-,5351.2000,5351.0000,5350.8000,5350.6000,5350.4000,5352.4000,5352.6000,5352.8000,5353.0000,5354.8000,5,1,1,2,1,3,2,2,1,1
SF,IC2009,2020-06-02 09:32:58.500,5352.4000,49247,0,812287960.000,0,-,-,-,-,5351.2000,5351.0000,5350.8000,5350.6000,5350.4000,5352.4000,5352.6000,5353.0000,5354.8000,5356.4000,5,1,1,2,1,3,2,1,1,2
SF,IC2009,2020-06-02 09:32:59.000,5351.2000,49247,0,814428440.000,2,1,1,多换,S,5351.2000,5350.6000,5349.2000,5349.0000,5348.4000,5352.4000,5352.6000,5353.0000,5354.8000,5356.4000,3,2,4,9,6,2,2,1,1,2
SF,IC2009,2020-06-02 09:32:59.500,5351.2000,49247,0,814428440.000,0,-,-,-,-,5351.2000,5350.6000,5349.2000,5349.0000,5348.4000,5352.4000,5353.0000,5354.8000,5356.4000,5356.6000,3,2,4,9,6,2,1,1,2,2
SF,IC2009,2020-06-02 09:33:00.000,5351.2000,49247,0,817639160.000,3,1,2,多换,S,5350.6000,5350.0000,5349.2000,5349.0000,5348.4000,5352.0000,5352.2000,5352.4000,5353.0000,5354.8000,2,5,4,9,6,1,2,2,1,1
SF,IC2009,2020-06-02 09:33:00.500,5351.2000,49247,0,817639160.000,0,-,-,-,-,5350.6000,5350.0000,5349.2000,5349.0000,5348.4000,5351.8000,5352.0000,5352.2000,5353.0000,5354.8000,2,5,4,9,6,2,1,2,1,1
SF,IC2009,2020-06-02 09:33:01.000,5351.2000,49247,0,817639160.000,0,-,-,-,-,5350.6000,5350.0000,5349.2000,5349.0000,5348.4000,5351.8000,5352.0000,5353.0000,5354.8000,5356.4000,2,6,4,9,6,2,1,1,1,2
SF,IC2009,2020-06-02 09:33:01.500,5351.6000,49246,-1,821920040.000,4,1,3,多平,S,5350.0000,5349.2000,5349.0000,5348.4000,5348.0000,5351.6000,5351.8000,5353.0000,5354.8000,5356.4000,6,4,9,6,3,3,2,1,1,2
SF,IC2009,2020-06-02 09:33:02.000,5351.6000,49246,0,821920040.000,0,-,-,-,-,5350.2000,5350.0000,5349.2000,5349.0000,5348.4000,5351.4000,5351.6000,5353.0000,5354.8000,5356.4000,1,6,4,9,6,4,2,1,1,2
SF,IC2009,2020-06-02 09:33:02.500,5351.6000,49246,0,821920040.000,0,-,-,-,-,5351.0000,5350.0000,5349.2000,5349.0000,5348.4000,5351.2000,5351.4000,5351.6000,5353.0000,5354.8000,1,6,4,8,6,3,1,2,1,1
SF,IC2009,2020-06-02 09:33:03.000,5350.0000,49243,-3,825130240.000,3,0,3,双平,S,5350.4000,5350.0000,5349.2000,5349.0000,5348.4000,5350.6000,5350.8000,5351.0000,5351.2000,5351.6000,1,4,4,8,6,3,1,7,3,2
SF,IC2009,2020-06-02 09:33:03.500,5350.4000,49243,0,828340400.000,3,1,2,多换,S,5350.0000,5349.2000,5349.0000,5348.4000,5348.0000,5350.8000,5351.0000,5351.2000,5351.6000,5353.0000,5,4,8,6,3,1,5,2,1,1
SF,IC2009,2020-06-02 09:33:04.000,5350.0000,49241,-2,831550400.000,3,0,3,多平,S,5350.0000,5349.2000,5349.0000,5348.4000,5348.0000,5350.6000,5350.8000,5351.0000,5351.2000,5351.6000,2,4,8,6,3,2,1,4,1,1
SF,IC2009,2020-06-02 09:33:04.500,5350.0000,49241,0,833690400.000,2,1,1,多换,S,5349.2000,5349.0000,5348.4000,5348.0000,5346.6000,5350.4000,5350.6000,5350.8000,5351.0000,5351.2000,4,8,6,3,1,3,2,1,3,1
SF,IC2009,2020-06-02 09:33:05.000,5350.0000,49241,0,833690400.000,0,-,-,-,-,5349.2000,5349.0000,5348.4000,5348.0000,5346.6000,5350.2000,5350.4000,5350.6000,5350.8000,5351.0000,4,8,6,3,1,2,1,1,1,3
SF,IC2009,2020-06-02 09:33:05.500,5350.0000,49241,0,833690400.000,0,-,-,-,-,5349.2000,5349.0000,5348.4000,5348.0000,5346.6000,5350.2000,5350.4000,5350.8000,5351.0000,5351.2000,4,8,6,3,1,2,1,1,3,1
SF,IC2009,2020-06-02 09:33:06.000,5350.0000,49240,-1,834760400.000,1,0,1,双平,S,5349.2000,5349.0000,5348.4000,5348.0000,5346.6000,5349.8000,5350.0000,5350.2000,5350.4000,5351.0000,4,8,6,3,1,1,1,1,1,3
SF,IC2009,2020-06-02 09:33:06.500,5349.2000,49240,0,835830240.000,1,0,1,多换,S,5349.2000,5349.0000,5348.4000,5348.0000,5346.6000,5349.8000,5350.0000,5350.2000,5350.4000,5351.0000,3,8,6,3,1,1,1,1,1,3
SF,IC2009,2020-06-02 09:33:07.500,5349.2000,49240,0,836900080.000,1,0,1,多换,S,5349.2000,5349.0000,5348.4000,5348.0000,5346.6000,5349.8000,5350.0000,5350.2000,5350.4000,5351.0000,2,8,6,3,1,1,1,1,1,3
SF,IC2009,2020-06-02 09:33:08.000,5349.0000,49240,0,844388800.000,7,3,4,多换,S,5349.0000,5348.4000,5348.0000,5346.6000,5346.0000,5349.2000,5349.6000,5349.8000,5350.0000,5350.4000,4,6,3,1,1,2,1,1,1,1
SF,IC2009,2020-06-02 09:33:08.500,5349.0000,49237,-3,848668000.000,4,0,4,多平,S,5348.4000,5348.0000,5346.6000,5346.0000,5345.8000,5349.2000,5350.4000,5351.0000,5351.2000,5351.6000,6,3,1,1,1,1,1,1,1,1
SF,IC2009,2020-06-02 09:33:09.000,5348.4000,49236,-1,850807360.000,2,0,2,多平,S,5348.4000,5348.0000,5346.6000,5346.0000,5345.8000,5349.0000,5349.2000,5350.4000,5351.0000,5351.2000,4,3,1,1,1,3,4,1,1,1
SF,IC2009,2020-06-02 09:33:09.500,5348.4000,49236,0,850807360.000,0,-,-,-,-,5348.4000,5348.0000,5346.6000,5346.0000,5345.8000,5349.0000,5349.2000,5350.4000,5351.0000,5351.2000,4,3,1,1,1,4,4,1,1,1
SF,IC2009,2020-06-02 09:33:10.000,5349.0000,49234,-2,852946960.000,2,0,2,双平,S,5348.6000,5348.4000,5348.0000,5346.6000,5346.0000,5349.0000,5349.2000,5350.4000,5351.0000,5351.2000,1,4,3,1,1,2,4,1,1,1
SF,IC2009,2020-06-02 09:33:10.500,5349.2000,49230,-4,859365920.000,6,1,5,多平,S,5348.6000,5348.4000,5348.0000,5346.6000,5346.0000,5350.4000,5351.0000,5351.2000,5352.0000,5353.0000,1,4,3,1,1,1,1,1,1,1
SF,IC2009,2020-06-02 09:33:11.000,5348.8000,49229,-1,860435680.000,1,0,1,双平,S,5348.8000,5348.6000,5348.4000,5348.0000,5346.6000,5350.4000,5351.0000,5351.2000,5352.0000,5353.0000,1,2,4,3,1,1,1,1,1,1
SF,IC2009,2020-06-02 09:33:11.500,5348.8000,49228,-1,861505440.000,1,0,1,双平,S,5348.6000,5348.4000,5348.0000,5346.6000,5346.0000,5350.2000,5350.4000,5351.0000,5351.2000,5352.0000,2,4,3,1,1,1,1,1,1,1
SF,IC2009,2020-06-02 09:33:12.000,5348.8000,49228,0,861505440.000,0,-,-,-,-,5348.4000,5348.0000,5346.6000,5346.0000,5345.8000,5348.6000,5349.6000,5350.0000,5350.2000,5350.4000,4,3,1,1,1,1,1,3,6,1
SF,IC2009,2020-06-02 09:33:12.500,5348.0000,49228,0,866853760.000,5,2,3,多换,S,5348.0000,5346.6000,5346.0000,5345.8000,5345.4000,5350.0000,5350.2000,5350.4000,5351.0000,5351.2000,2,1,1,1,5,3,4,1,1,1
SF,IC2009,2020-06-02 09:33:13.000,5348.0000,49227,-1,867923360.000,1,0,1,双平,S,5348.2000,5348.0000,5346.6000,5346.0000,5345.8000,5348.4000,5349.0000,5349.4000,5349.8000,5350.0000,1,2,1,1,1,3,1,1,5,1
SF,IC2009,2020-06-02 09:33:13.500,5348.2000,49225,-2,871132200.000,3,0,3,多平,S,5348.0000,5346.6000,5346.0000,5345.8000,5345.4000,5348.4000,5348.6000,5349.8000,5350.0000,5350.2000,1,1,1,1,5,3,1,3,1,1
SF,IC2009,2020-06-02 09:33:14.000,5348.0000,49225,0,872201800.000,1,0,1,多换,S,5346.6000,5346.0000,5345.8000,5345.4000,5345.0000,5347.6000,5348.2000,5348.4000,5348.6000,5349.8000,1,1,1,5,1,1,1,3,1,2
SF,IC2009,2020-06-02 09:33:14.500,5348.0000,49225,0,872201800.000,0,-,-,-,-,5346.8000,5346.6000,5346.0000,5345.8000,5345.4000,5347.6000,5348.2000,5348.4000,5348.6000,5350.2000,1,2,1,1,5,1,3,3,1,1
SF,IC2009,2020-06-02 09:33:15.000,5348.0000,49225,0,872201800.000,0,-,-,-,-,5346.8000,5346.6000,5346.0000,5345.8000,5345.4000,5347.4000,5347.6000,5348.2000,5348.4000,5348.6000,1,2,1,1,5,1,2,3,3,1
SF,IC2009,2020-06-02 09:33:15.500,5348.0000,49225,0,872201800.000,0,-,-,-,-,5346.8000,5346.6000,5346.0000,5345.8000,5345.4000,5347.4000,5347.6000,5348.2000,5348.4000,5348.6000,1,1,1,1,5,2,1,3,3,1
SF,IC2009,2020-06-02 09:33:16.000,5346.6000,49223,-2,874340480.000,2,0,2,双平,S,5346.0000,5345.8000,5345.4000,5345.0000,5344.0000,5346.4000,5347.2000,5347.4000,5347.6000,5348.2000,1,1,5,1,1,1,1,2,1,3
SF,IC2009,2020-06-02 09:33:16.500,5346.6000,49223,0,874340480.000,0,-,-,-,-,5346.0000,5345.8000,5345.4000,5345.0000,5344.0000,5346.4000,5347.2000,5347.4000,5347.6000,5348.2000,1,1,5,1,1,1,1,2,1,3
SF,IC2009,2020-06-02 09:33:17.000,5346.0000,49223,0,875409680.000,1,0,1,多换,S,5345.8000,5345.4000,5345.0000,5344.0000,5342.8000,5346.4000,5347.2000,5347.4000,5347.6000,5348.2000,1,5,1,1,1,1,1,2,1,3
SF,IC2009,2020-06-02 09:33:17.500,5345.8000,49223,0,876478840.000,1,0,1,多换,S,5345.4000,5345.0000,5344.0000,5342.8000,5342.4000,5346.4000,5347.2000,5347.4000,5347.6000,5348.2000,5,1,1,1,5,1,1,1,1,3
SF,IC2009,2020-06-02 09:33:18.000,5345.8000,49223,0,876478840.000,0,-,-,-,-,5345.4000,5345.0000,5344.0000,5342.8000,5342.4000,5346.0000,5346.2000,5346.4000,5347.4000,5347.6000,5,1,1,1,5,1,4,3,1,1
SF,IC2009,2020-06-02 09:33:18.500,5345.8000,49223,0,876478840.000,0,-,-,-,-,5345.4000,5345.0000,5344.0000,5342.8000,5342.4000,5345.8000,5346.0000,5346.2000,5346.4000,5347.4000,5,1,1,1,5,1,2,4,2,1
SF,IC2009,2020-06-02 09:33:19.000,5345.4000,49223,0,877547920.000,1,0,1,多换,S,5345.4000,5345.0000,5344.0000,5342.8000,5342.4000,5345.6000,5345.8000,5346.0000,5346.2000,5346.4000,4,1,1,1,5,1,1,2,4,1
SF,IC2009,2020-06-02 09:33:19.500,5345.4000,49223,0,879686080.000,2,1,1,多换,S,5345.4000,5345.0000,5344.0000,5342.8000,5342.4000,5345.6000,5346.0000,5346.2000,5346.4000,5347.4000,2,1,1,1,5,2,2,3,1,1
SF,IC2009,2020-06-02 09:33:20.000,5345.4000,49223,0,879686080.000,0,-,-,-,-,5345.4000,5345.0000,5344.0000,5342.8000,5342.4000,5345.6000,5346.0000,5346.2000,5347.4000,5348.2000,2,1,1,1,5,2,2,3,1,2
SF,IC2009,2020-06-02 09:33:20.500,5345.4000,49223,0,881824240.000,2,1,1,多换,S,5345.0000,5344.0000,5342.8000,5342.4000,5341.6000,5345.4000,5345.6000,5346.0000,5346.2000,5347.4000,1,1,1,5,2,1,1,1,3,1
SF,IC2009,2020-06-02 09:33:21.000,5345.4000,49223,0,881824240.000,0,-,-,-,-,5345.0000,5344.0000,5342.8000,5342.4000,5341.6000,5345.4000,5345.6000,5346.0000,5346.2000,5347.4000,1,1,1,5,2,1,1,1,3,1
SF,IC2009,2020-06-02 09:33:21.500,5345.0000,49222,-1,883962320.000,2,0,2,多平,S,5344.0000,5342.8000,5342.4000,5341.6000,5341.0000,5344.4000,5345.6000,5346.0000,5346.2000,5347.4000,1,1,5,2,1,1,1,1,3,1
SF,IC2009,2020-06-02 09:33:22.000,5344.4000,49221,-1,885031200.000,1,0,1,双平,S,5344.4000,5344.0000,5342.8000,5342.4000,5341.6000,5344.6000,5345.0000,5345.6000,5346.0000,5346.2000,1,1,1,5,2,1,1,1,1,3
SF,IC2009,2020-06-02 09:33:22.500,5344.6000,49220,-1,886100120.000,1,0,1,双平,S,5344.6000,5344.0000,5342.8000,5342.4000,5341.6000,5345.0000,5345.6000,5346.0000,5346.2000,5347.4000,2,1,1,5,2,1,1,1,3,1
SF,IC2009,2020-06-02 09:33:23.000,5345.0000,49217,-3,890376120.000,4,0,4,多平,S,5344.0000,5342.8000,5342.4000,5341.6000,5341.0000,5345.6000,5346.0000,5347.4000,5348.2000,5348.6000,1,1,5,2,1,1,1,1,2,1
SF,IC2009,2020-06-02 09:33:23.500,5345.6000,49216,-1,891445240.000,1,0,1,双平,S,5345.6000,5344.2000,5344.0000,5342.8000,5342.4000,5346.0000,5347.4000,5348.2000,5348.6000,5351.2000,1,1,2,1,5,1,1,2,1,1
SF,IC2009,2020-06-02 09:33:24.000,5346.0000,49215,-1,892514440.000,1,0,1,双平,S,5344.2000,5344.0000,5342.8000,5342.4000,5341.6000,5347.4000,5348.2000,5348.6000,5351.2000,5352.0000,1,2,1,5,2,1,2,1,1,1
SF,IC2009,2020-06-02 09:33:24.500,5346.0000,49215,0,892514440.000,0,-,-,-,-,5344.4000,5344.2000,5344.0000,5342.8000,5342.4000,5345.6000,5346.2000,5346.6000,5346.8000,5347.0000,1,1,1,1,5,1,1,1,3,3
SF,IC2009,2020-06-02 09:33:25.000,5346.0000,49215,0,892514440.000,0,-,-,-,-,5345.0000,5344.6000,5344.0000,5342.8000,5342.4000,5347.2000,5347.4000,5348.6000,5351.2000,5352.0000,1,1,1,1,5,1,1,1,1,1
SF,IC2009,2020-06-02 09:33:25.500,5346.0000,49215,0,892514440.000,0,-,-,-,-,5345.0000,5344.6000,5344.0000,5342.8000,5342.4000,5346.8000,5347.0000,5347.2000,5347.4000,5348.6000,1,1,1,1,5,2,3,3,1,1
SF,IC2009,2020-06-02 09:33:26.000,5345.0000,49215,0,893583440.000,1,0,1,多换,S,5344.4000,5344.0000,5342.8000,5342.4000,5341.6000,5346.0000,5346.4000,5346.6000,5346.8000,5347.0000,1,1,1,5,2,1,3,4,1,1
SF,IC2009,2020-06-02 09:33:26.500,5345.0000,49215,0,893583440.000,0,-,-,-,-,5344.4000,5344.2000,5344.0000,5342.8000,5342.4000,5345.8000,5346.0000,5346.6000,5346.8000,5347.0000,1,1,1,1,5,5,4,4,1,1
SF,IC2009,2020-06-02 09:33:27.000,5345.0000,49215,0,893583440.000,0,-,-,-,-,5344.6000,5344.4000,5344.2000,5344.0000,5342.8000,5345.8000,5346.0000,5346.6000,5347.4000,5348.6000,1,1,1,1,1,1,1,1,1,1
SF,IC2009,2020-06-02 09:33:27.500,5345.0000,49215,0,893583440.000,0,-,-,-,-,5344.6000,5344.4000,5344.2000,5344.0000,5342.8000,5345.8000,5346.0000,5346.6000,5347.4000,5348.6000,1,1,1,2,1,4,1,1,1,1
SF,IC2009,2020-06-02 09:33:28.000,5344.4000,49214,-1,895721240.000,2,0,2,多平,S,5344.2000,5344.0000,5342.8000,5342.4000,5341.6000,5345.6000,5345.8000,5346.0000,5347.4000,5348.6000,1,2,1,5,2,1,3,1,1,1
SF,IC2009,2020-06-02 09:33:28.500,5344.4000,49214,0,895721240.000,0,-,-,-,-,5344.4000,5344.2000,5344.0000,5342.8000,5342.4000,5344.6000,5345.4000,5345.6000,5345.8000,5346.0000,1,1,2,1,5,1,2,4,2,1
SF,IC2009,2020-06-02 09:33:29.000,5344.2000,49214,0,897858960.000,2,1,1,多换,S,5344.0000,5342.8000,5342.4000,5341.6000,5341.0000,5344.6000,5345.4000,5345.6000,5345.8000,5346.0000,2,1,5,2,1,1,1,4,1,1
SF,IC2009,2020-06-02 09:33:29.500,5344.0000,49212,-2,899996560.000,2,0,2,双平,S,5342.8000,5342.4000,5341.6000,5341.0000,5340.4000,5344.0000,5344.2000,5344.4000,5344.6000,5347.4000,1,5,2,1,5,1,1,3,4,1
SF,IC2009,2020-06-02 09:33:30.000,5344.0000,49212,0,899996560.000,0,-,-,-,-,5342.8000,5342.4000,5341.6000,5341.0000,5340.4000,5343.6000,5343.8000,5344.4000,5344.6000,5347.4000,1,5,2,1,5,1,1,3,3,1
SF,IC2009,2020-06-02 09:33:30.500,5344.0000,49212,0,899996560.000,0,-,-,-,-,5342.8000,5342.4000,5341.6000,5341.0000,5340.4000,5343.8000,5344.4000,5344.6000,5347.4000,5348.6000,1,5,2,1,5,1,5,3,1,1
SF,IC2009,2020-06-02 09:33:31.000,5344.0000,49212,0,899996560.000,0,-,-,-,-,5342.8000,5342.4000,5341.6000,5341.0000,5340.4000,5344.4000,5344.6000,5347.4000,5348.6000,5351.2000,1,5,2,1,5,4,2,1,1,1
SF,IC2009,2020-06-02 09:33:31.500,5344.0000,49212,0,899996560.000,0,-,-,-,-,5344.0000,5342.8000,5342.4000,5341.6000,5341.0000,5344.2000,5344.4000,5344.6000,5347.4000,5348.6000,1,1,5,2,1,4,4,2,1,1
SF,IC2009,2020-06-02 09:33:32.000,5342.8000,49211,-1,902133920.000,2,0,2,多平,S,5342.4000,5341.6000,5341.0000,5340.4000,5340.0000,5342.8000,5344.0000,5344.2000,5344.4000,5344.6000,5,2,1,5,3,1,2,1,4,2
SF,IC2009,2020-06-02 09:33:32.500,5342.8000,49210,-1,903202480.000,1,0,1,双平,S,5343.0000,5342.8000,5342.4000,5341.6000,5341.0000,5344.0000,5344.2000,5344.4000,5344.6000,5347.4000,1,3,5,2,1,2,1,4,2,1
SF,IC2009,2020-06-02 09:33:33.000,5342.8000,49210,0,906408160.000,3,1,2,多换,S,5342.6000,5342.4000,5341.6000,5341.0000,5340.4000,5344.0000,5344.2000,5344.4000,5344.6000,5347.4000,3,5,2,1,5,1,1,4,2,1
SF,IC2009,2020-06-02 09:33:33.500,5342.8000,49210,0,906408160.000,0,-,-,-,-,5342.6000,5342.4000,5341.6000,5341.0000,5340.4000,5343.8000,5344.0000,5344.4000,5344.6000,5347.4000,3,5,2,1,5,1,4,4,2,1
SF,IC2009,2020-06-02 09:33:34.000,5342.8000,49210,0,906408160.000,0,-,-,-,-,5342.6000,5342.4000,5341.6000,5341.0000,5340.4000,5343.8000,5344.0000,5344.4000,5344.6000,5347.4000,3,5,2,1,5,1,4,4,2,1
SF,IC2009,2020-06-02 09:33:34.500,5342.8000,49210,0,906408160.000,0,-,-,-,-,5342.8000,5342.6000,5342.4000,5341.6000,5341.0000,5343.8000,5344.0000,5344.4000,5344.6000,5347.4000,2,3,5,2,1,1,3,4,2,1
SF,IC2009,2020-06-02 09:33:35.000,5342.6000,49196,-14,921368720.000,14,0,14,双平,S,5342.4000,5341.6000,5341.0000,5340.4000,5340.0000,5342.6000,5344.0000,5344.4000,5344.6000,5347.4000,5,2,1,5,3,9,1,4,2,1
SF,IC2009,2020-06-02 09:33:35.500,5342.6000,49186,-10,932053920.000,10,0,10,双平,S,5343.0000,5342.6000,5342.4000,5341.6000,5341.0000,5344.0000,5344.4000,5344.6000,5347.4000,5348.6000,2,4,5,2,1,1,4,2,1,1
SF,IC2009,2020-06-02 09:33:36.000,5344.0000,49181,-5,938467040.000,6,0,6,多平,S,5343.2000,5343.0000,5342.6000,5342.4000,5341.6000,5344.6000,5347.4000,5348.6000,5351.2000,5352.0000,1,1,3,5,2,2,1,1,1,1
SF,IC2009,2020-06-02 09:33:36.500,5344.6000,49180,-1,940604880.000,2,0,2,多平,S,5344.0000,5343.4000,5343.2000,5342.6000,5342.4000,5347.4000,5348.6000,5351.2000,5352.0000,5353.0000,1,2,1,2,5,1,1,1,1,2
SF,IC2009,2020-06-02 09:33:37.000,5343.4000,49175,-5,945948840.000,5,0,5,双平,S,5342.6000,5342.4000,5341.6000,5341.2000,5341.0000,5343.0000,5346.4000,5346.8000,5347.2000,5347.4000,2,5,2,1,1,16,1,3,4,2
SF,IC2009,2020-06-02 09:33:37.500,5343.0000,49159,-16,963046440.000,16,0,16,双平,S,5343.6000,5343.2000,5342.8000,5342.6000,5342.4000,5347.2000,5347.4000,5347.6000,5348.6000,5351.2000,1,1,2,1,5,2,3,1,1,1
SF,IC2009,2020-06-02 09:33:38.000,5343.0000,49159,0,963046440.000,0,-,-,-,-,5343.8000,5343.6000,5343.0000,5342.8000,5342.6000,5345.8000,5346.2000,5346.6000,5347.0000,5347.2000,1,1,2,2,1,1,1,3,6,2
SF,IC2009,2020-06-02 09:33:38.500,5343.0000,49159,0,963046440.000,0,-,-,-,-,5343.8000,5343.6000,5343.0000,5342.8000,5342.6000,5345.6000,5347.0000,5347.2000,5347.4000,5347.6000,1,1,4,3,1,1,1,2,2,1
SF,IC2009,2020-06-02 09:33:39.000,5343.0000,49159,0,963046440.000,0,-,-,-,-,5343.8000,5343.6000,5343.0000,5342.8000,5342.6000,5345.6000,5347.2000,5347.4000,5347.6000,5348.6000,1,1,3,3,1,2,2,2,1,1
SF,IC2009,2020-06-02 09:33:39.500,5343.8000,49159,0,964115200.000,1,0,1,多换,S,5343.6000,5343.0000,5342.8000,5342.6000,5342.4000,5345.6000,5346.0000,5347.2000,5347.4000,5347.6000,1,3,4,1,5,2,1,2,2,1
SF,IC2009,2020-06-02 09:33:40.000,5345.6000,49159,0,965184320.000,1,0,1,多换,S,5343.6000,5343.0000,5342.8000,5342.6000,5342.4000,5345.6000,5346.0000,5347.2000,5347.4000,5347.6000,1,3,4,1,5,1,1,2,1,1
SF,IC2009,2020-06-02 09:33:40.500,5345.6000,49159,0,965184320.000,0,-,-,-,-,5343.6000,5343.0000,5342.8000,5342.6000,5342.4000,5343.8000,5345.4000,5345.6000,5346.0000,5347.2000,1,3,4,2,5,1,4,3,1,2
SF,IC2009,2020-06-02 09:33:41.000,5343.8000,49157,-2,968390520.000,3,0,3,多平,S,5344.4000,5343.0000,5342.8000,5342.6000,5342.4000,5345.4000,5345.6000,5346.0000,5347.2000,5347.4000,1,2,4,1,5,6,2,1,2,1
SF,IC2009,2020-06-02 09:33:41.500,5343.8000,49156,-1,969459280.000,1,0,1,双平,S,5343.0000,5342.8000,5342.6000,5342.4000,5342.2000,5345.2000,5345.4000,5345.6000,5346.0000,5347.2000,1,3,1,5,1,1,4,1,1,2
SF,IC2009,2020-06-02 09:33:42.000,5343.8000,49156,0,969459280.000,0,-,-,-,-,5343.2000,5343.0000,5342.8000,5342.6000,5342.4000,5345.4000,5346.0000,5347.2000,5347.4000,5347.6000,1,1,3,1,5,1,1,2,1,1
SF,IC2009,2020-06-02 09:33:42.500,5343.8000,49156,0,969459280.000,0,-,-,-,-,5343.4000,5343.2000,5343.0000,5342.8000,5342.6000,5346.0000,5347.2000,5347.4000,5347.6000,5348.6000,1,3,3,2,1,1,2,1,1,1
SF,IC2009,2020-06-02 09:33:43.000,5343.6000,49156,0,970528000.000,1,0,1,多换,S,5345.2000,5343.6000,5343.4000,5343.2000,5343.0000,5345.8000,5346.0000,5347.2000,5347.4000,5347.6000,2,2,1,2,3,1,1,2,1,1
SF,IC2009,2020-06-02 09:33:43.500,5345.0000,49153,-3,973735080.000,3,0,3,双平,S,5343.6000,5343.0000,5342.8000,5342.6000,5342.4000,5345.2000,5345.4000,5345.6000,5345.8000,5346.0000,2,2,2,1,5,6,2,2,2,1
SF,IC2009,2020-06-02 09:33:44.000,5345.0000,49153,0,973735080.000,0,-,-,-,-,5343.6000,5343.0000,5342.8000,5342.6000,5342.4000,5345.0000,5345.2000,5346.0000,5347.2000,5347.4000,2,1,2,1,5,6,4,1,2,1
SF,IC2009,2020-06-02 09:33:44.500,5343.4000,49151,-2,976941200.000,3,0,3,多平,S,5343.0000,5342.8000,5342.6000,5342.4000,5342.2000,5343.4000,5344.8000,5345.0000,5345.2000,5346.0000,1,2,1,5,1,17,3,2,4,2
SF,IC2009,2020-06-02 09:33:45.000,5343.2000,49149,-2,979078440.000,2,0,2,双平,S,5342.8000,5342.6000,5342.4000,5342.2000,5341.6000,5343.4000,5344.8000,5345.0000,5345.2000,5346.0000,1,1,5,1,2,17,3,2,2,2
SF,IC2009,2020-06-02 09:33:45.500,5343.2000,49149,0,979078440.000,0,-,-,-,-,5342.8000,5342.6000,5342.4000,5342.2000,5341.6000,5343.2000,5343.4000,5344.8000,5345.0000,5345.2000,1,1,5,1,2,1,17,2,1,2
SF,IC2009,2020-06-02 09:33:46.500,5343.2000,49148,-1,980147080.000,1,0,1,双平,S,5343.2000,5342.8000,5342.6000,5342.4000,5342.2000,5343.4000,5344.8000,5345.0000,5345.2000,5346.0000,3,1,1,5,1,17,2,1,2,2
SF,IC2009,2020-06-02 09:33:47.000,5343.2000,49148,0,980147080.000,0,-,-,-,-,5343.2000,5342.8000,5342.4000,5342.2000,5341.6000,5343.4000,5345.0000,5345.2000,5346.0000,5347.2000,3,1,5,1,2,17,1,2,2,2
SF,IC2009,2020-06-02 09:33:47.500,5343.4000,49144,-4,984421680.000,4,0,4,双平,S,5343.0000,5342.8000,5342.4000,5342.2000,5341.6000,5343.4000,5345.0000,5345.2000,5346.0000,5347.2000,2,1,5,1,2,16,1,2,2,2
SF,IC2009,2020-06-02 09:33:48.000,5343.2000,49144,0,987627520.000,3,1,2,多换,S,5342.8000,5342.4000,5342.2000,5341.6000,5341.2000,5343.4000,5345.0000,5345.2000,5346.0000,5347.2000,1,5,1,2,1,16,1,2,2,2
SF,IC2009,2020-06-02 09:33:48.500,5343.0000,49142,-2,989764680.000,2,0,2,双平,S,5342.4000,5342.2000,5341.6000,5341.2000,5341.0000,5343.0000,5343.2000,5343.4000,5345.0000,5345.2000,5,1,2,1,1,1,2,16,1,2
SF,IC2009,2020-06-02 09:33:49.000,5342.4000,49142,0,994038600.000,4,2,2,多换,S,5342.4000,5342.2000,5341.6000,5341.2000,5341.0000,5342.8000,5343.0000,5343.4000,5345.0000,5345.2000,1,1,2,1,1,20,3,16,1,2
SF,IC2009,2020-06-02 09:33:49.500,5342.2000,49140,-2,997243960.000,3,0,3,多平,S,5341.6000,5341.0000,5340.4000,5340.0000,5336.0000,5342.6000,5342.8000,5343.0000,5343.4000,5345.0000,2,1,5,5,5,1,20,1,16,1
SF,IC2009,2020-06-02 09:33:50.000,5342.4000,49138,-2,1000449080.000,3,0,3,多平,S,5341.0000,5340.4000,5340.0000,5337.2000,5336.0000,5342.4000,5342.6000,5342.8000,5343.4000,5345.0000,1,5,5,3,5,1,4,20,16,1
SF,IC2009,2020-06-02 09:33:50.500,5342.4000,49137,-1,1004723000.000,4,1,3,多平,S,5341.0000,5340.4000,5340.0000,5337.2000,5336.0000,5342.6000,5342.8000,5343.4000,5345.0000,5345.2000,1,5,5,3,5,2,20,16,1,2
SF,IC2009,2020-06-02 09:33:51.000,5342.4000,49137,0,1004723000.000,0,-,-,-,-,5341.2000,5341.0000,5340.4000,5340.0000,5337.2000,5342.2000,5342.4000,5342.6000,5342.8000,5343.4000,1,1,5,5,3,1,4,1,20,16
SF,IC2009,2020-06-02 09:33:51.500,5341.2000,49135,-2,1006859680.000,2,0,2,双平,S,5341.0000,5340.4000,5340.0000,5337.2000,5336.0000,5342.2000,5342.4000,5342.6000,5342.8000,5343.4000,1,5,5,3,5,3,1,1,20,16
SF,IC2009,2020-06-02 09:33:52.000,5340.4000,49135,0,1010064040.000,3,1,2,多换,S,5340.4000,5340.0000,5337.2000,5336.0000,5335.0000,5342.0000,5342.2000,5342.4000,5342.6000,5342.8000,3,5,3,5,1,2,1,1,1,20
SF,IC2009,2020-06-02 09:33:52.500,5340.4000,49135,0,1010064040.000,0,-,-,-,-,5340.6000,5340.4000,5340.0000,5337.2000,5336.0000,5340.8000,5342.0000,5342.2000,5342.4000,5342.6000,1,3,5,3,5,20,2,1,1,1
SF,IC2009,2020-06-02 09:33:53.000,5340.8000,49132,-3,1013268520.000,3,0,3,双平,S,5340.4000,5340.0000,5336.0000,5335.0000,5334.6000,5340.8000,5341.2000,5341.8000,5342.0000,5342.2000,3,5,5,1,3,17,2,3,2,1
SF,IC2009,2020-06-02 09:33:53.500,5340.4000,49132,0,1016472760.000,3,1,2,多换,S,5340.0000,5339.2000,5335.0000,5334.6000,5333.0000,5340.4000,5340.8000,5341.2000,5341.8000,5342.0000,5,1,1,3,1,1,17,2,1,2
SF,IC2009,2020-06-02 09:33:54.000,5340.8000,49127,-5,1029290600.000,12,3,9,多平,S,5340.6000,5340.4000,5340.2000,5340.0000,5339.2000,5340.8000,5341.2000,5341.8000,5342.0000,5342.2000,2,3,6,5,1,6,2,1,2,1
SF,IC2009,2020-06-02 09:33:54.500,5341.2000,49122,-5,1037836040.000,8,1,7,多平,S,5341.2000,5341.0000,5340.8000,5340.6000,5340.4000,5341.8000,5342.0000,5342.2000,5342.6000,5342.8000,2,4,4,3,1,1,2,1,1,20
SF,IC2009,2020-06-02 09:33:55.000,5341.2000,49122,0,1037836040.000,0,-,-,-,-,5341.0000,5340.8000,5340.6000,5340.4000,5340.0000,5341.8000,5342.0000,5342.2000,5342.6000,5342.8000,1,4,2,2,5,1,2,1,1,20
SF,IC2009,2020-06-02 09:33:55.500,5342.0000,49120,-2,1039972800.000,2,0,2,双平,S,5341.0000,5340.8000,5340.6000,5340.4000,5340.0000,5342.0000,5342.2000,5342.6000,5342.8000,5343.4000,1,4,2,2,5,1,1,1,20,16
SF,IC2009,2020-06-02 09:33:56.000,5341.6000,49120,0,1043177880.000,3,1,2,多换,S,5341.4000,5341.0000,5340.8000,5340.6000,5340.4000,5342.2000,5342.6000,5342.8000,5343.4000,5345.0000,1,1,3,1,2,1,1,20,16,1
SF,IC2009,2020-06-02 09:33:56.500,5342.2000,49119,-1,1044246320.000,1,0,1,双平,S,5342.4000,5341.4000,5340.8000,5340.4000,5340.0000,5342.6000,5342.8000,5343.4000,5345.0000,5345.2000,1,3,3,2,5,1,20,16,1,2
SF,IC2009,2020-06-02 09:33:57.000,5342.6000,49118,-1,1045314840.000,1,0,1,双平,S,5342.4000,5341.4000,5340.8000,5340.4000,5340.0000,5342.8000,5343.4000,5345.0000,5345.2000,5346.0000,1,5,3,2,5,20,16,1,2,1
SF,IC2009,2020-06-02 09:33:57.500,5342.8000,49115,-3,1049589080.000,4,0,4,多平,S,5342.6000,5341.4000,5340.8000,5340.4000,5340.0000,5342.8000,5343.4000,5345.0000,5345.2000,5346.0000,1,5,3,2,5,16,16,1,2,1
SF,IC2009,2020-06-02 09:33:58.000,5342.8000,49112,-3,1053863320.000,4,0,4,多平,S,5342.6000,5341.4000,5340.8000,5340.4000,5340.0000,5342.8000,5343.4000,5345.0000,5345.2000,5346.0000,1,5,3,2,5,12,16,1,2,1
SF,IC2009,2020-06-02 09:33:58.500,5342.8000,49102,-10,1064548920.000,10,0,10,双平,S,5342.6000,5341.4000,5340.8000,5340.4000,5340.0000,5342.8000,5343.4000,5345.0000,5345.2000,5346.0000,1,4,3,2,5,2,16,1,2,1
SF,IC2009,2020-06-02 09:33:59.000,5342.8000,49099,-3,1067754600.000,3,0,3,双平,S,5342.8000,5342.6000,5341.4000,5340.8000,5340.4000,5343.4000,5345.0000,5345.2000,5346.0000,5347.2000,7,2,4,3,1,16,1,2,1,2
SF,IC2009,2020-06-02 09:33:59.500,5343.4000,49096,-3,1070960640.000,3,0,3,双平,S,5343.0000,5342.8000,5342.6000,5342.4000,5341.8000,5343.4000,5345.0000,5345.2000,5346.0000,5347.2000,1,14,1,1,1,13,1,2,1,2
SF,IC2009,2020-06-02 09:34:00.000,5343.4000,49095,-1,1072029320.000,1,0,1,双平,S,5343.0000,5342.8000,5342.6000,5341.8000,5341.4000,5343.4000,5345.0000,5345.2000,5346.0000,5347.2000,1,4,1,1,3,12,1,2,1,2
SF,IC2009,2020-06-02 09:34:00.500,5343.0000,49094,-1,1073097920.000,1,0,1,双平,S,5342.8000,5342.6000,5341.8000,5341.4000,5340.8000,5343.4000,5345.0000,5345.2000,5346.0000,5347.2000,2,1,1,3,3,12,1,2,1,2
SF,IC2009,2020-06-02 09:34:01.000,5342.8000,49093,-1,1075235040.000,2,0,2,多平,S,5342.6000,5341.4000,5340.8000,5340.4000,5340.0000,5343.4000,5345.0000,5345.2000,5346.0000,5347.2000,1,3,3,1,5,12,1,2,1,2
SF,IC2009,2020-06-02 09:34:01.500,5342.8000,49093,0,1075235040.000,0,-,-,-,-,5342.6000,5341.4000,5340.8000,5340.4000,5340.2000,5343.2000,5343.4000,5345.0000,5345.2000,5346.0000,1,1,3,1,1,2,12,1,2,1
SF,IC2009,2020-06-02 09:34:02.000,5342.6000,49092,-1,1076303560.000,1,0,1,双平,S,5341.4000,5340.8000,5340.4000,5340.2000,5340.0000,5343.2000,5343.4000,5345.0000,5345.2000,5346.0000,1,3,1,1,5,1,12,1,2,1
SF,IC2009,2020-06-02 09:34:02.500,5342.8000,49092,0,1077372120.000,1,0,1,多换,S,5343.0000,5341.6000,5341.4000,5340.8000,5340.4000,5343.4000,5345.0000,5345.2000,5346.0000,5347.2000,4,1,1,3,1,12,1,2,1,2
SF,IC2009,2020-06-02 09:34:03.000,5343.0000,49092,0,1081646480.000,4,2,2,多换,S,5341.6000,5341.4000,5340.8000,5340.4000,5340.2000,5343.0000,5343.2000,5343.4000,5345.0000,5346.0000,1,1,3,1,1,2,1,12,1,1
SF,IC2009,2020-06-02 09:34:03.500,5343.0000,49092,0,1081646480.000,0,-,-,-,-,5341.6000,5341.4000,5340.8000,5340.4000,5340.0000,5343.0000,5343.2000,5343.4000,5345.0000,5346.0000,1,1,3,1,4,2,1,12,1,1
SF,IC2009,2020-06-02 09:34:04.000,5343.0000,49092,0,1081646480.000,0,-,-,-,-,5342.8000,5341.6000,5341.4000,5340.8000,5340.4000,5343.0000,5343.2000,5343.4000,5345.0000,5346.0000,1,1,1,3,1,3,1,12,1,1
SF,IC2009,2020-06-02 09:34:04.500,5342.8000,49092,0,1082715040.000,1,0,1,多换,S,5341.6000,5341.4000,5340.8000,5340.4000,5340.0000,5342.8000,5343.0000,5343.4000,5345.0000,5346.0000,1,1,2,1,4,1,2,12,1,1
SF,IC2009,2020-06-02 09:34:05.500,5342.8000,49092,0,1082715040.000,0,-,-,-,-,5342.6000,5341.6000,5341.4000,5340.8000,5340.6000,5342.8000,5343.0000,5343.4000,5345.0000,5346.0000,1,2,2,2,1,1,2,12,1,1
SF,IC2009,2020-06-02 09:34:06.000,5342.8000,49091,-1,1083783600.000,1,0,1,双平,S,5342.6000,5341.6000,5341.4000,5340.8000,5340.6000,5343.0000,5343.4000,5345.0000,5346.0000,5347.2000,1,1,1,2,1,2,12,1,1,2
SF,IC2009,2020-06-02 09:34:06.500,5342.6000,49090,-1,1084852120.000,1,0,1,双平,S,5341.6000,5341.4000,5340.8000,5340.6000,5340.4000,5343.0000,5343.4000,5345.0000,5346.0000,5347.2000,1,1,2,1,1,2,12,1,1,2
SF,IC2009,2020-06-02 09:34:07.000,5342.8000,49090,0,1085920680.000,1,0,1,多换,S,5341.6000,5341.4000,5340.8000,5340.6000,5340.4000,5342.8000,5343.0000,5343.4000,5345.0000,5346.0000,1,1,2,1,1,1,2,12,1,1
SF,IC2009,2020-06-02 09:34:07.500,5342.8000,49090,0,1085920680.000,0,-,-,-,-,5342.2000,5341.6000,5341.4000,5340.8000,5340.6000,5342.8000,5343.0000,5343.4000,5345.0000,5346.0000,1,4,2,2,1,1,2,12,1,1
SF,IC2009,2020-06-02 09:34:08.000,5343.0000,49089,-1,1088057880.000,2,0,2,多平,S,5342.4000,5342.2000,5341.6000,5341.4000,5340.8000,5343.4000,5345.0000,5346.0000,5347.2000,5347.4000,1,1,3,2,2,12,1,1,2,1
SF,IC2009,2020-06-02 09:34:08.500,5343.2000,49089,0,1090195000.000,2,1,1,多换,S,5341.6000,5341.4000,5340.8000,5340.6000,5340.4000,5343.4000,5345.0000,5346.0000,5347.2000,5347.4000,1,1,2,1,1,12,1,1,2,1
SF,IC2009,2020-06-02 09:34:09.000,5343.2000,49089,0,1090195000.000,0,-,-,-,-,5341.8000,5341.6000,5341.4000,5340.8000,5340.6000,5343.4000,5345.0000,5346.0000,5347.2000,5347.4000,1,1,1,2,1,12,1,1,2,1
SF,IC2009,2020-06-02 09:34:09.500,5343.2000,49089,0,1090195000.000,0,-,-,-,-,5342.0000,5341.8000,5341.6000,5341.4000,5340.8000,5343.4000,5345.0000,5346.0000,5347.2000,5347.4000,2,1,1,2,2,12,1,1,2,1
SF,IC2009,2020-06-02 09:34:10.000,5343.2000,49089,0,1090195000.000,0,-,-,-,-,5342.2000,5342.0000,5341.6000,5341.4000,5340.8000,5343.4000,5345.0000,5346.0000,5347.2000,5347.4000,1,2,1,2,2,12,1,1,2,1
SF,IC2009,2020-06-02 09:34:10.500,5343.4000,49088,-1,1092332360.000,2,0,2,多平,S,5342.2000,5341.6000,5341.4000,5340.8000,5340.6000,5343.4000,5345.0000,5346.0000,5347.2000,5347.4000,1,1,2,2,1,10,1,1,2,1
SF,IC2009,2020-06-02 09:34:11.000,5343.4000,49088,0,1092332360.000,0,-,-,-,-,5342.2000,5342.0000,5341.6000,5341.4000,5340.8000,5343.4000,5345.0000,5346.0000,5347.2000,5347.4000,1,1,1,2,2,10,1,1,2,1
SF,IC2009,2020-06-02 09:34:11.500,5343.4000,49088,0,1092332360.000,0,-,-,-,-,5342.4000,5342.2000,5342.0000,5341.6000,5341.4000,5343.4000,5345.0000,5346.0000,5347.2000,5347.4000,1,1,1,1,2,10,1,1,2,1
SF,IC2009,2020-06-02 09:34:12.000,5343.4000,49088,0,1092332360.000,0,-,-,-,-,5342.2000,5342.0000,5341.4000,5340.8000,5340.6000,5342.6000,5343.2000,5343.4000,5345.0000,5346.0000,1,1,1,2,1,1,2,10,1,1
SF,IC2009,2020-06-02 09:34:12.500,5343.4000,49088,0,1093401040.000,1,0,1,多换,S,5342.2000,5342.0000,5341.4000,5341.0000,5340.8000,5343.2000,5343.4000,5345.0000,5346.0000,5347.2000,1,1,1,1,2,2,10,1,1,2
SF,IC2009,2020-06-02 09:34:13.000,5343.4000,49088,0,1093401040.000,0,-,-,-,-,5342.2000,5342.0000,5341.4000,5341.0000,5340.8000,5343.2000,5343.4000,5345.0000,5346.0000,5347.2000,1,1,1,1,2,1,10,1,1,2
SF,IC2009,2020-06-02 09:34:13.500,5342.0000,49086,-2,1096606520.000,3,0,3,多平,S,5341.4000,5341.0000,5340.8000,5340.6000,5340.4000,5342.0000,5345.0000,5346.0000,5347.2000,5347.4000,1,1,2,1,1,7,1,1,2,1
SF,IC2009,2020-06-02 09:34:14.000,5342.0000,49079,-7,1104085320.000,7,0,7,双平,S,5342.8000,5342.2000,5342.0000,5341.8000,5341.6000,5345.0000,5346.0000,5347.2000,5347.4000,5347.6000,2,1,2,5,5,1,1,2,1,1
SF,IC2009,2020-06-02 09:34:14.500,5344.8000,49077,-2,1106223240.000,2,0,2,双平,S,5345.0000,5343.0000,5342.8000,5341.6000,5341.4000,5346.0000,5347.2000,5347.4000,5347.6000,5348.6000,2,3,2,4,3,1,2,1,1,1
