市场代码,合约代码,时间,最新,持仓,增仓,成交额,成交量,开仓,平仓,成交类型,方向,买一价,买二价,买三价,买四价,买五价,卖一价,卖二价,卖三价,卖四价,卖五价,买一量,买二量,买三量,买四量,买五量,卖一量,卖二量,卖三量,卖四量,卖五量
SF,IC2009,2020-06-08 09:29:00.100,5361.4000,47890,0,18228760.000,17.000,-,-,-,-,5361.2000,5360.0000,5357.8000,5356.0000,5351.8000,5362.0000,5362.6000,5366.0000,5367.0000,5372.6000,1,1,1,1,1,1,1,5,2,1
SF,IC2009,2020-06-08 09:30:00.100,5361.2000,47881,-9,32173920.000,13,2,11,多平,S,5360.0000,5357.8000,5356.0000,5351.8000,5348.0000,5364.6000,5365.6000,5366.0000,5367.0000,5368.2000,1,1,1,1,2,1,1,3,2,1
SF,IC2009,2020-06-08 09:30:00.600,5363.8000,47879,-2,51478640.000,18,8,10,多平,S,5362.2000,5360.0000,5357.8000,5351.8000,5348.0000,5364.2000,5364.4000,5364.6000,5365.6000,5366.0000,1,3,1,1,2,2,5,1,1,3
SF,IC2009,2020-06-08 09:30:01.100,5362.4000,47877,-2,55769240.000,4,1,3,多平,S,5362.2000,5360.4000,5360.2000,5360.0000,5358.0000,5362.6000,5365.6000,5366.0000,5367.0000,5368.2000,3,8,3,2,1,1,1,3,2,1
SF,IC2009,2020-06-08 09:30:01.600,5362.6000,47876,-1,57914280.000,2,0,2,多平,S,5364.2000,5364.0000,5363.2000,5362.8000,5362.6000,5365.6000,5366.0000,5367.0000,5368.2000,5368.6000,51,1,2,1,2,1,3,2,1,3
SF,IC2009,2020-06-08 09:30:02.100,5365.6000,47874,-2,66495040.000,8,3,5,多平,S,5364.2000,5364.0000,5362.8000,5362.6000,5362.2000,5366.0000,5367.0000,5368.2000,5368.6000,5372.6000,45,1,1,2,2,3,2,1,3,1
SF,IC2009,2020-06-08 09:30:02.600,5366.0000,47864,-10,80443280.000,13,1,12,多平,S,5365.6000,5364.2000,5364.0000,5362.8000,5362.6000,5366.0000,5367.0000,5368.2000,5368.6000,5372.6000,1,43,1,1,2,2,2,1,3,1
SF,IC2009,2020-06-08 09:30:03.100,5364.4000,47859,-5,85808560.000,5,0,5,双平,S,5364.8000,5364.4000,5364.2000,5364.0000,5362.8000,5365.6000,5367.0000,5368.2000,5368.6000,5372.6000,1,1,43,1,1,1,2,1,3,1
SF,IC2009,2020-06-08 09:30:03.600,5365.6000,47856,-3,90101040.000,4,0,4,多平,S,5366.2000,5365.6000,5365.2000,5364.8000,5364.2000,5368.2000,5368.6000,5369.6000,5370.0000,5372.6000,4,2,2,2,43,1,3,1,1,1
SF,IC2009,2020-06-08 09:30:04.100,5365.6000,47854,-2,92247280.000,2,0,2,双平,S,5366.2000,5365.6000,5364.8000,5364.2000,5364.0000,5368.0000,5368.2000,5368.6000,5369.6000,5370.0000,2,2,2,43,1,3,3,3,1,1
SF,IC2009,2020-06-08 09:30:04.600,5364.2000,47850,-4,102979280.000,10,3,7,多平,S,5364.2000,5364.0000,5362.8000,5362.6000,5362.2000,5364.8000,5368.6000,5369.6000,5370.0000,5372.6000,42,1,2,1,1,2,3,1,1,1
SF,IC2009,2020-06-08 09:30:05.100,5368.6000,47845,-5,110492120.000,7,1,6,多平,S,5365.6000,5365.4000,5365.2000,5365.0000,5364.8000,5368.6000,5369.6000,5370.0000,5372.6000,5373.6000,1,1,2,13,2,1,1,1,1,1
SF,IC2009,2020-06-08 09:30:05.600,5368.4000,47840,-5,116933200.000,6,0,6,多平,S,5365.0000,5364.8000,5364.4000,5364.2000,5364.0000,5368.4000,5368.6000,5370.0000,5372.6000,5373.6000,13,1,1,42,1,2,4,1,1,1
SF,IC2009,2020-06-08 09:30:06.100,5368.2000,47839,-1,119079880.000,2,0,2,多平,S,5368.0000,5366.2000,5365.0000,5364.8000,5364.4000,5368.4000,5368.6000,5370.0000,5372.6000,5373.6000,1,1,13,1,1,2,1,2,1,1
SF,IC2009,2020-06-08 09:30:06.600,5366.2000,47837,-2,121226720.000,2,0,2,双平,S,5365.2000,5365.0000,5364.2000,5364.0000,5362.8000,5365.6000,5367.8000,5368.2000,5368.4000,5368.6000,1,13,41,1,2,1,4,1,3,1
SF,IC2009,2020-06-08 09:30:07.100,5365.6000,47833,-4,127666600.000,6,1,5,多平,S,5365.4000,5365.2000,5365.0000,5364.2000,5364.0000,5368.2000,5368.4000,5368.6000,5370.0000,5371.2000,2,2,13,41,1,1,3,1,2,5
SF,IC2009,2020-06-08 09:30:07.600,5368.0000,47832,-1,128740200.000,1,0,1,双平,S,5365.6000,5365.4000,5365.2000,5365.0000,5364.2000,5366.2000,5368.0000,5368.2000,5368.4000,5368.6000,1,1,1,13,41,2,2,3,3,1
SF,IC2009,2020-06-08 09:30:08.100,5366.2000,47831,-1,131959920.000,3,1,2,多平,S,5365.4000,5365.2000,5365.0000,5364.2000,5364.0000,5367.4000,5368.0000,5368.2000,5368.4000,5368.6000,1,1,13,41,1,1,2,2,3,1
SF,IC2009,2020-06-08 09:30:08.600,5367.4000,47824,-7,139473040.000,7,0,7,双平,S,5366.2000,5365.6000,5365.4000,5365.2000,5365.0000,5368.0000,5368.2000,5368.4000,5368.6000,5368.8000,1,1,1,1,13,1,2,3,1,1
SF,IC2009,2020-06-08 09:30:09.100,5368.0000,47822,-2,142693480.000,3,0,3,多平,S,5366.4000,5366.2000,5365.6000,5365.4000,5365.2000,5368.2000,5368.4000,5368.6000,5368.8000,5370.0000,1,2,3,2,2,1,4,1,1,2
SF,IC2009,2020-06-08 09:30:09.600,5366.4000,47818,-4,146987320.000,4,0,4,双平,S,5366.2000,5365.6000,5365.4000,5365.2000,5365.0000,5368.4000,5368.6000,5368.8000,5369.6000,5370.0000,2,3,2,1,15,4,1,1,1,2
SF,IC2009,2020-06-08 09:30:10.100,5366.4000,47817,-1,149134240.000,2,0,2,多平,S,5368.2000,5366.2000,5365.6000,5365.4000,5365.2000,5368.4000,5368.6000,5368.8000,5369.6000,5370.0000,1,1,3,1,1,4,1,1,1,2
SF,IC2009,2020-06-08 09:30:10.600,5368.4000,47816,-1,154502520.000,5,2,3,多平,S,5366.4000,5366.2000,5365.6000,5365.4000,5365.2000,5368.4000,5368.6000,5368.8000,5369.6000,5370.0000,2,1,3,1,1,2,1,1,1,2
SF,IC2009,2020-06-08 09:30:11.100,5366.6000,47814,-2,157722840.000,3,0,3,多平,S,5368.2000,5366.8000,5366.6000,5366.2000,5365.6000,5368.4000,5368.6000,5368.8000,5369.6000,5370.0000,1,1,2,1,3,2,2,1,1,2
SF,IC2009,2020-06-08 09:30:11.600,5368.2000,47815,1,159870120.000,2,1,1,空开,S,5366.8000,5366.6000,5366.2000,5365.6000,5365.4000,5368.0000,5368.4000,5368.6000,5368.8000,5369.6000,1,2,1,3,1,2,2,2,1,1
SF,IC2009,2020-06-08 09:30:12.100,5368.2000,47811,-4,168458840.000,8,2,6,多平,S,5366.8000,5366.2000,5365.6000,5365.4000,5365.0000,5368.6000,5368.8000,5369.6000,5370.0000,5371.2000,2,1,3,1,15,2,1,1,2,5
SF,IC2009,2020-06-08 09:30:12.600,5368.6000,47810,-1,171679960.000,3,1,2,多平,S,5367.0000,5366.8000,5366.2000,5365.6000,5365.4000,5368.6000,5368.8000,5369.6000,5370.0000,5371.2000,2,2,1,3,1,1,1,1,2,5
SF,IC2009,2020-06-08 09:30:13.100,5368.6000,47810,0,172753680.000,1,0,1,多换,S,5368.6000,5367.2000,5367.0000,5366.8000,5366.6000,5368.8000,5369.6000,5370.0000,5371.2000,5372.6000,3,1,2,2,1,1,1,2,5,1
SF,IC2009,2020-06-08 09:30:13.600,5368.4000,47807,-3,178121960.000,5,1,4,多平,S,5367.4000,5367.0000,5366.8000,5366.6000,5366.2000,5368.8000,5369.6000,5370.0000,5371.2000,5372.6000,1,1,1,1,1,1,1,2,5,1
SF,IC2009,2020-06-08 09:30:14.100,5368.8000,47804,-3,181343240.000,3,0,3,双平,S,5368.8000,5367.6000,5367.4000,5366.8000,5366.6000,5369.6000,5370.0000,5371.2000,5372.6000,5373.6000,1,2,3,1,1,1,2,5,1,1
SF,IC2009,2020-06-08 09:30:14.600,5368.8000,47803,-1,182417000.000,1,0,1,双平,S,5367.6000,5367.4000,5366.8000,5366.6000,5366.2000,5369.4000,5369.6000,5370.0000,5371.2000,5372.6000,2,3,1,1,1,3,2,2,5,1
SF,IC2009,2020-06-08 09:30:15.100,5367.6000,47802,-1,183490520.000,1,0,1,双平,S,5368.4000,5367.4000,5366.8000,5366.6000,5366.2000,5368.6000,5369.4000,5369.6000,5370.0000,5371.2000,1,3,1,1,1,6,2,2,2,5
SF,IC2009,2020-06-08 09:30:15.600,5368.4000,47802,0,185637920.000,2,1,1,多换,S,5367.8000,5367.4000,5366.8000,5366.6000,5366.2000,5368.6000,5369.2000,5369.4000,5369.6000,5369.8000,1,3,1,1,1,5,1,1,2,1
SF,IC2009,2020-06-08 09:30:16.100,5367.8000,47799,-3,191006360.000,5,1,4,多平,S,5367.4000,5366.8000,5366.6000,5366.2000,5365.6000,5368.6000,5369.2000,5369.4000,5369.6000,5369.8000,1,1,1,1,3,1,1,1,2,3
SF,IC2009,2020-06-08 09:30:16.600,5367.8000,47799,0,191006360.000,0,-,-,-,-,5367.6000,5367.4000,5367.0000,5366.8000,5366.6000,5368.0000,5368.6000,5369.2000,5369.4000,5369.6000,1,1,2,1,1,1,3,1,1,2
SF,IC2009,2020-06-08 09:30:17.100,5368.6000,47793,-6,197448560.000,6,0,6,双平,S,5368.6000,5367.6000,5367.4000,5367.0000,5366.8000,5369.2000,5369.4000,5369.6000,5369.8000,5370.0000,2,1,1,2,1,1,1,2,3,2
SF,IC2009,2020-06-08 09:30:17.600,5368.6000,47791,-2,202817160.000,5,1,4,多平,S,5367.6000,5367.0000,5366.8000,5366.6000,5366.2000,5369.4000,5369.6000,5369.8000,5370.0000,5371.2000,1,2,1,1,1,1,2,3,2,5
SF,IC2009,2020-06-08 09:30:18.100,5368.6000,47791,0,202817160.000,0,-,-,-,-,5367.0000,5366.8000,5366.6000,5366.2000,5365.6000,5367.8000,5369.2000,5369.4000,5369.6000,5369.8000,2,1,1,1,3,1,3,1,2,3
SF,IC2009,2020-06-08 09:30:18.600,5367.8000,47790,-1,203890720.000,1,0,1,双平,S,5367.8000,5367.2000,5367.0000,5366.8000,5366.6000,5369.2000,5369.4000,5369.6000,5369.8000,5370.0000,2,1,2,1,1,2,2,2,3,2
SF,IC2009,2020-06-08 09:30:19.100,5369.0000,47787,-3,207111800.000,3,0,3,双平,S,5367.8000,5367.2000,5367.0000,5366.8000,5366.6000,5369.0000,5369.2000,5369.4000,5369.6000,5369.8000,1,1,2,1,1,1,2,2,2,3
SF,IC2009,2020-06-08 09:30:19.600,5369.0000,47786,-1,208185600.000,1,0,1,双平,S,5367.8000,5367.2000,5367.0000,5366.8000,5366.6000,5368.2000,5368.8000,5369.2000,5369.4000,5369.6000,1,1,2,1,1,1,2,1,1,3
SF,IC2009,2020-06-08 09:30:20.100,5367.8000,47785,-1,209259160.000,1,0,1,双平,S,5367.0000,5366.8000,5366.2000,5365.0000,5364.2000,5368.0000,5368.2000,5368.8000,5369.0000,5369.4000,2,1,1,15,41,1,1,2,1,1
SF,IC2009,2020-06-08 09:30:20.600,5367.0000,47783,-2,211405960.000,2,0,2,双平,S,5366.8000,5366.2000,5365.0000,5364.2000,5364.0000,5367.8000,5368.2000,5368.8000,5369.0000,5369.4000,1,1,15,41,1,1,1,2,1,1
SF,IC2009,2020-06-08 09:30:21.100,5367.0000,47783,0,211405960.000,0,-,-,-,-,5366.8000,5366.2000,5365.0000,5364.2000,5364.0000,5367.8000,5368.0000,5368.6000,5368.8000,5369.4000,1,1,15,41,1,1,2,1,2,1
SF,IC2009,2020-06-08 09:30:21.600,5367.6000,47780,-3,218920320.000,7,2,5,多平,S,5365.2000,5365.0000,5364.2000,5364.0000,5362.8000,5366.8000,5367.6000,5367.8000,5368.0000,5368.6000,1,15,41,1,1,1,1,1,2,2
SF,IC2009,2020-06-08 09:30:22.100,5367.6000,47780,0,218920320.000,0,-,-,-,-,5365.4000,5365.2000,5365.0000,5364.2000,5364.0000,5366.8000,5367.0000,5367.6000,5367.8000,5368.0000,2,1,15,41,1,5,1,1,3,1
SF,IC2009,2020-06-08 09:30:22.600,5367.6000,47780,0,218920320.000,0,-,-,-,-,5365.4000,5365.2000,5365.0000,5364.2000,5364.0000,5366.6000,5366.8000,5367.0000,5367.8000,5368.0000,1,1,15,41,1,2,5,1,2,1
SF,IC2009,2020-06-08 09:30:23.100,5366.2000,47778,-2,221066640.000,2,0,2,双平,S,5365.0000,5364.2000,5364.0000,5362.8000,5359.2000,5366.4000,5366.6000,5366.8000,5367.0000,5367.8000,15,41,1,1,1,1,3,6,1,2
SF,IC2009,2020-06-08 09:30:23.600,5366.8000,47778,0,227506680.000,6,3,3,多换,S,5365.2000,5365.0000,5364.2000,5364.0000,5362.8000,5366.8000,5367.0000,5367.8000,5368.0000,5368.6000,1,15,41,1,1,3,1,2,1,2
SF,IC2009,2020-06-08 09:30:24.100,5365.4000,47777,-1,228579760.000,1,0,1,双平,S,5365.2000,5365.0000,5364.2000,5364.0000,5362.8000,5366.0000,5366.6000,5366.8000,5367.8000,5368.0000,1,15,41,1,1,1,2,3,2,1
SF,IC2009,2020-06-08 09:30:24.600,5365.4000,47777,0,228579760.000,0,-,-,-,-,5365.2000,5365.0000,5364.2000,5364.0000,5362.8000,5366.0000,5366.6000,5366.8000,5367.8000,5368.0000,3,14,41,1,1,1,1,3,2,1
SF,IC2009,2020-06-08 09:30:25.100,5366.0000,47771,-6,235019560.000,6,0,6,双平,S,5366.4000,5365.4000,5365.2000,5365.0000,5364.2000,5367.8000,5368.0000,5368.6000,5368.8000,5369.2000,1,2,1,14,41,2,1,1,1,1
SF,IC2009,2020-06-08 09:30:25.600,5366.2000,47768,-3,241458800.000,6,1,5,多平,S,5366.2000,5365.0000,5364.2000,5364.0000,5362.8000,5367.6000,5367.8000,5368.0000,5368.6000,5369.2000,1,13,41,1,1,3,2,1,1,1
SF,IC2009,2020-06-08 09:30:26.100,5365.0000,47767,-1,243605040.000,2,0,2,多平,S,5365.0000,5364.2000,5364.0000,5362.8000,5359.2000,5366.0000,5366.4000,5367.4000,5367.6000,5367.8000,12,41,1,1,1,1,1,2,2,2
SF,IC2009,2020-06-08 09:30:26.600,5367.8000,47761,-6,251118280.000,7,0,7,多平,S,5367.6000,5365.0000,5364.2000,5364.0000,5362.8000,5367.8000,5368.0000,5368.6000,5369.2000,5369.4000,2,12,41,1,1,1,1,1,1,1
SF,IC2009,2020-06-08 09:30:27.100,5367.6000,47759,-2,253265320.000,2,0,2,双平,S,5365.2000,5365.0000,5364.2000,5364.0000,5362.8000,5367.0000,5367.2000,5367.4000,5367.6000,5367.8000,1,12,41,1,1,1,3,1,4,1
SF,IC2009,2020-06-08 09:30:27.600,5366.6000,47758,-1,254338640.000,1,0,1,双平,S,5366.6000,5365.4000,5365.2000,5365.0000,5364.2000,5366.8000,5367.0000,5367.2000,5367.6000,5367.8000,1,1,1,12,41,2,5,1,2,1
SF,IC2009,2020-06-08 09:30:28.100,5366.4000,47757,-1,258631800.000,4,1,3,多平,S,5365.4000,5365.0000,5364.2000,5364.0000,5362.8000,5366.6000,5367.0000,5367.2000,5367.6000,5367.8000,1,12,41,1,1,1,3,1,1,1
SF,IC2009,2020-06-08 09:30:28.600,5366.6000,47754,-3,261851480.000,3,0,3,双平,S,5365.0000,5364.2000,5364.0000,5362.8000,5359.2000,5366.6000,5367.0000,5367.2000,5367.6000,5367.8000,12,41,1,1,1,2,1,1,1,2
SF,IC2009,2020-06-08 09:30:29.100,5365.0000,47751,-3,267216600.000,5,1,4,多平,S,5365.0000,5364.8000,5364.2000,5364.0000,5362.8000,5366.4000,5366.6000,5367.0000,5367.8000,5368.0000,9,1,41,1,1,1,1,1,1,1
SF,IC2009,2020-06-08 09:30:29.600,5366.6000,47743,-8,276875360.000,9,0,9,多平,S,5366.6000,5365.0000,5364.8000,5364.2000,5364.0000,5367.0000,5367.8000,5368.0000,5368.6000,5369.2000,5,6,1,41,1,1,1,1,1,1
SF,IC2009,2020-06-08 09:30:30.100,5366.2000,47737,-6,286534200.000,9,1,8,多平,S,5365.0000,5364.8000,5364.2000,5364.0000,5362.8000,5366.2000,5366.4000,5366.6000,5367.0000,5367.8000,1,1,41,1,1,2,12,5,1,1
SF,IC2009,2020-06-08 09:30:30.600,5365.8000,47734,-3,294045600.000,7,2,5,多平,S,5364.2000,5364.0000,5362.8000,5362.2000,5353.4000,5366.0000,5366.4000,5366.6000,5366.8000,5367.8000,41,1,1,1,5,4,5,2,2,1
SF,IC2009,2020-06-08 09:30:31.100,5365.8000,47732,-2,296191920.000,2,0,2,双平,S,5364.4000,5364.2000,5364.0000,5362.8000,5362.2000,5365.0000,5366.0000,5366.4000,5366.6000,5366.8000,2,41,1,1,1,3,1,1,2,2
SF,IC2009,2020-06-08 09:30:31.600,5366.0000,47729,-3,300484120.000,4,0,4,多平,S,5366.0000,5364.4000,5364.2000,5364.0000,5362.8000,5366.4000,5366.6000,5366.8000,5367.8000,5368.0000,1,1,41,1,1,1,2,1,1,1
SF,IC2009,2020-06-08 09:30:32.100,5366.0000,47727,-2,302630520.000,2,0,2,双平,S,5364.4000,5364.2000,5364.0000,5362.8000,5362.2000,5365.2000,5365.8000,5366.4000,5366.6000,5366.8000,1,41,1,1,1,1,1,1,2,1
SF,IC2009,2020-06-08 09:30:32.600,5365.2000,47725,-2,304776600.000,2,0,2,双平,S,5364.4000,5364.2000,5364.0000,5362.8000,5362.2000,5365.8000,5366.0000,5366.2000,5366.4000,5366.6000,1,41,1,1,1,4,1,1,2,2
SF,IC2009,2020-06-08 09:30:33.100,5365.2000,47723,-2,307995720.000,3,0,3,多平,S,5365.2000,5364.4000,5364.2000,5364.0000,5362.8000,5365.8000,5366.0000,5366.2000,5366.4000,5366.6000,3,1,41,1,1,5,1,1,2,2
SF,IC2009,2020-06-08 09:30:33.600,5365.8000,47717,-6,318726720.000,10,2,8,多平,S,5364.4000,5364.2000,5364.0000,5362.8000,5362.2000,5365.8000,5366.0000,5366.2000,5366.4000,5366.6000,1,41,1,1,1,2,6,1,2,2
SF,IC2009,2020-06-08 09:30:34.100,5365.8000,47706,-11,331605200.000,12,0,12,多平,S,5364.6000,5364.4000,5364.2000,5364.0000,5362.8000,5366.6000,5367.8000,5368.0000,5368.6000,5369.2000,1,2,41,1,1,2,1,1,1,1
SF,IC2009,2020-06-08 09:30:34.600,5365.8000,47706,0,331605200.000,0,-,-,-,-,5365.8000,5364.8000,5364.4000,5364.2000,5364.0000,5366.6000,5367.8000,5368.0000,5368.6000,5369.2000,1,2,2,41,1,2,1,1,1,1
SF,IC2009,2020-06-08 09:30:35.100,5365.8000,47705,-1,332678360.000,1,0,1,双平,S,5364.8000,5364.4000,5364.2000,5364.0000,5362.8000,5366.6000,5367.8000,5368.0000,5368.6000,5369.2000,2,2,41,1,1,2,1,1,2,1
SF,IC2009,2020-06-08 09:30:35.600,5365.0000,47704,-1,333751360.000,1,0,1,双平,S,5364.8000,5364.4000,5364.2000,5364.0000,5362.8000,5366.6000,5367.8000,5368.0000,5368.6000,5369.2000,2,2,41,1,1,2,1,1,2,1
SF,IC2009,2020-06-08 09:30:36.100,5365.0000,47704,0,333751360.000,0,-,-,-,-,5364.8000,5364.2000,5364.0000,5362.8000,5362.2000,5366.4000,5366.6000,5367.8000,5368.0000,5368.6000,2,41,1,1,1,1,2,1,1,2
SF,IC2009,2020-06-08 09:30:36.600,5366.6000,47699,-5,341264120.000,7,1,6,多平,S,5366.6000,5364.2000,5364.0000,5362.8000,5362.2000,5367.8000,5368.0000,5368.6000,5369.2000,5369.6000,1,41,1,1,1,1,1,2,1,3
SF,IC2009,2020-06-08 09:30:37.100,5366.6000,47699,0,341264120.000,0,-,-,-,-,5366.6000,5365.0000,5364.2000,5364.0000,5362.8000,5367.6000,5367.8000,5368.0000,5368.6000,5369.2000,2,1,41,1,1,1,1,1,2,1
SF,IC2009,2020-06-08 09:30:37.600,5366.6000,47699,0,343410760.000,2,1,1,多换,S,5364.2000,5364.0000,5362.8000,5362.2000,5353.4000,5365.0000,5365.6000,5365.8000,5366.4000,5366.6000,41,1,1,1,5,1,2,3,12,2
SF,IC2009,2020-06-08 09:30:38.100,5366.2000,47696,-3,346630560.000,3,0,3,双平,S,5366.2000,5365.2000,5364.4000,5364.2000,5364.0000,5366.8000,5367.2000,5367.4000,5367.6000,5367.8000,3,1,1,41,1,1,1,1,4,1
SF,IC2009,2020-06-08 09:30:38.600,5366.2000,47693,-3,350923600.000,4,0,4,多平,S,5364.2000,5364.0000,5362.8000,5362.2000,5353.4000,5366.8000,5367.6000,5367.8000,5368.0000,5368.6000,41,1,1,1,5,1,2,1,1,2
SF,IC2009,2020-06-08 09:30:39.100,5366.6000,47693,0,351996920.000,1,0,1,多换,S,5364.4000,5364.2000,5364.0000,5362.8000,5362.2000,5366.8000,5367.6000,5367.8000,5368.0000,5368.6000,1,41,1,1,1,1,1,1,1,2
SF,IC2009,2020-06-08 09:30:39.600,5364.2000,47692,-1,362725360.000,10,4,6,多平,S,5364.2000,5364.0000,5362.8000,5362.2000,5355.8000,5366.6000,5366.8000,5367.6000,5367.8000,5368.0000,32,1,1,1,1,1,4,1,1,1
SF,IC2009,2020-06-08 09:30:40.100,5364.2000,47692,0,362725360.000,0,-,-,-,-,5364.4000,5364.2000,5364.0000,5362.8000,5362.2000,5366.6000,5366.8000,5367.6000,5367.8000,5368.0000,2,32,1,1,1,1,4,1,1,1
SF,IC2009,2020-06-08 09:30:40.600,5366.6000,47686,-6,369165320.000,6,0,6,双平,S,5366.6000,5364.4000,5364.2000,5364.0000,5363.0000,5366.8000,5367.6000,5367.8000,5368.0000,5368.6000,3,2,32,1,1,1,1,1,1,2
SF,IC2009,2020-06-08 09:30:41.100,5366.0000,47682,-4,375604760.000,6,1,5,多平,S,5364.4000,5364.2000,5364.0000,5363.0000,5362.8000,5366.2000,5366.4000,5366.6000,5367.6000,5367.8000,2,32,1,1,1,3,10,1,1,1
SF,IC2009,2020-06-08 09:30:41.600,5367.8000,47681,-1,378825080.000,3,1,2,多平,S,5366.2000,5364.6000,5364.4000,5364.2000,5364.0000,5368.0000,5368.6000,5369.2000,5369.6000,5369.8000,1,14,2,32,1,2,2,1,3,6
SF,IC2009,2020-06-08 09:30:42.100,5366.2000,47680,-1,379898320.000,1,0,1,双平,S,5364.4000,5364.2000,5364.0000,5363.0000,5362.8000,5365.4000,5366.0000,5366.2000,5366.8000,5367.2000,2,32,1,1,1,1,1,1,1,2
SF,IC2009,2020-06-08 09:30:42.600,5366.2000,47680,0,380971560.000,1,0,1,多换,S,5365.6000,5365.2000,5364.6000,5364.4000,5364.2000,5366.6000,5366.8000,5367.6000,5367.8000,5368.0000,1,1,1,1,32,7,2,4,2,2
SF,IC2009,2020-06-08 09:30:43.100,5366.2000,47680,0,380971560.000,0,-,-,-,-,5366.0000,5365.8000,5365.6000,5364.4000,5364.2000,5366.6000,5367.6000,5367.8000,5368.0000,5368.2000,4,2,1,1,33,7,2,2,2,1
SF,IC2009,2020-06-08 09:30:43.600,5366.6000,47674,-6,388484800.000,7,0,7,多平,S,5366.2000,5366.0000,5365.6000,5364.4000,5364.2000,5367.6000,5368.0000,5368.2000,5368.6000,5369.2000,1,4,1,1,33,2,3,1,2,1
SF,IC2009,2020-06-08 09:30:44.100,5364.4000,47673,-1,394923680.000,6,2,4,多平,S,5364.2000,5364.0000,5363.0000,5362.8000,5362.2000,5364.4000,5367.4000,5367.6000,5368.0000,5368.2000,33,1,1,1,1,5,1,2,3,1
SF,IC2009,2020-06-08 09:30:44.600,5364.4000,47668,-5,400288080.000,5,0,5,双平,S,5366.4000,5364.6000,5364.4000,5364.2000,5364.0000,5367.4000,5368.0000,5368.6000,5369.2000,5369.6000,1,7,4,33,1,1,2,1,1,3
SF,IC2009,2020-06-08 09:30:45.100,5364.4000,47668,0,400288080.000,0,-,-,-,-,5364.8000,5364.6000,5364.4000,5364.2000,5364.0000,5367.2000,5367.4000,5368.0000,5368.6000,5369.2000,1,6,1,33,1,2,1,2,1,1
SF,IC2009,2020-06-08 09:30:45.600,5364.4000,47668,0,400288080.000,0,-,-,-,-,5365.0000,5364.8000,5364.6000,5364.4000,5364.2000,5367.0000,5367.2000,5367.4000,5368.0000,5368.6000,2,1,6,1,33,2,1,1,2,1
SF,IC2009,2020-06-08 09:30:46.100,5364.4000,47668,0,400288080.000,0,-,-,-,-,5366.8000,5366.6000,5365.2000,5365.0000,5364.8000,5367.0000,5367.2000,5368.0000,5368.6000,5369.2000,1,1,1,1,1,3,1,2,1,1
SF,IC2009,2020-06-08 09:30:46.600,5366.8000,47668,0,401361440.000,1,0,1,多换,S,5365.0000,5364.8000,5364.6000,5364.4000,5364.2000,5367.0000,5368.0000,5368.6000,5369.2000,5369.6000,1,1,6,2,33,3,2,1,1,3
SF,IC2009,2020-06-08 09:30:47.100,5365.2000,47669,1,402434480.000,1,1,0,双开,S,5365.2000,5365.0000,5364.8000,5364.6000,5364.4000,5367.0000,5368.0000,5368.6000,5369.2000,5369.6000,1,2,1,6,2,2,2,1,1,3
SF,IC2009,2020-06-08 09:30:47.600,5367.0000,47669,0,403507880.000,1,0,1,多换,S,5367.0000,5366.4000,5365.4000,5365.2000,5365.0000,5368.0000,5368.6000,5369.2000,5369.6000,5369.8000,3,2,3,2,1,2,1,1,2,6
SF,IC2009,2020-06-08 09:30:48.100,5367.0000,47668,-1,405654680.000,2,0,2,多平,S,5367.2000,5367.0000,5366.4000,5365.4000,5365.0000,5368.0000,5368.6000,5369.2000,5369.6000,5369.8000,1,3,2,1,1,2,1,1,2,6
SF,IC2009,2020-06-08 09:30:48.600,5367.4000,47666,-2,408875360.000,3,0,3,多平,S,5367.2000,5367.0000,5366.4000,5365.4000,5365.0000,5368.0000,5368.6000,5369.2000,5369.6000,5369.8000,1,3,2,1,1,1,1,1,2,6
SF,IC2009,2020-06-08 09:30:49.100,5367.6000,47664,-2,411022480.000,2,0,2,双平,S,5368.0000,5367.2000,5367.0000,5366.4000,5365.4000,5368.6000,5369.2000,5369.6000,5369.8000,5370.0000,1,1,3,2,1,1,1,2,6,1
SF,IC2009,2020-06-08 09:30:49.600,5368.0000,47662,-2,413169800.000,2,0,2,双平,S,5368.0000,5367.0000,5366.4000,5365.4000,5365.0000,5369.2000,5369.6000,5369.8000,5370.0000,5371.2000,1,3,2,1,1,1,2,6,1,5
SF,IC2009,2020-06-08 09:30:50.100,5368.0000,47665,3,416390600.000,3,3,0,双开,S,5367.0000,5366.4000,5365.6000,5365.4000,5365.0000,5369.2000,5369.6000,5369.8000,5370.0000,5371.2000,2,2,2,1,1,2,2,6,1,5
SF,IC2009,2020-06-08 09:30:50.600,5368.0000,47665,0,416390600.000,0,-,-,-,-,5367.6000,5367.2000,5367.0000,5366.4000,5365.6000,5369.0000,5369.2000,5369.6000,5369.8000,5370.0000,1,2,2,2,2,1,2,2,6,1
SF,IC2009,2020-06-08 09:30:51.100,5368.0000,47665,0,416390600.000,0,-,-,-,-,5367.8000,5367.6000,5367.0000,5366.4000,5365.6000,5368.0000,5369.2000,5369.6000,5369.8000,5370.0000,2,1,2,2,2,1,2,2,6,1
SF,IC2009,2020-06-08 09:30:51.600,5367.6000,47665,0,418537680.000,2,1,1,多换,S,5367.0000,5366.4000,5365.6000,5365.0000,5364.6000,5368.0000,5369.2000,5369.6000,5369.8000,5370.0000,2,2,2,1,10,1,2,2,6,1
SF,IC2009,2020-06-08 09:30:52.100,5368.0000,47664,-1,419611280.000,1,0,1,双平,S,5367.2000,5367.0000,5366.4000,5365.6000,5365.0000,5369.2000,5369.6000,5369.8000,5370.0000,5371.2000,3,2,2,2,1,1,2,6,1,5
SF,IC2009,2020-06-08 09:30:52.600,5368.0000,47664,0,419611280.000,0,-,-,-,-,5367.2000,5367.0000,5366.4000,5365.6000,5365.0000,5369.0000,5369.2000,5369.6000,5369.8000,5370.0000,2,2,2,2,1,1,1,2,6,1
SF,IC2009,2020-06-08 09:30:53.100,5368.0000,47664,0,419611280.000,0,-,-,-,-,5367.4000,5367.2000,5367.0000,5366.4000,5365.6000,5369.2000,5369.6000,5369.8000,5370.0000,5371.2000,2,2,2,2,2,1,2,6,1,5
SF,IC2009,2020-06-08 09:30:53.600,5367.6000,47666,2,424978960.000,5,3,2,空开,S,5367.4000,5367.0000,5366.4000,5365.6000,5365.0000,5369.2000,5369.6000,5369.8000,5370.0000,5371.2000,2,2,1,2,1,1,2,6,1,5
SF,IC2009,2020-06-08 09:30:54.100,5367.6000,47666,0,424978960.000,0,-,-,-,-,5367.6000,5367.4000,5367.0000,5366.4000,5365.6000,5369.0000,5369.2000,5369.6000,5369.8000,5370.0000,2,1,2,1,2,1,1,2,6,1
SF,IC2009,2020-06-08 09:30:54.600,5367.6000,47665,-1,426052480.000,1,0,1,双平,S,5367.4000,5367.0000,5366.4000,5366.2000,5365.6000,5369.0000,5369.2000,5369.6000,5369.8000,5370.0000,1,2,1,1,2,1,1,2,6,1
SF,IC2009,2020-06-08 09:30:55.100,5367.6000,47665,0,426052480.000,0,-,-,-,-,5367.6000,5367.0000,5366.4000,5366.2000,5365.6000,5368.8000,5369.0000,5369.2000,5369.6000,5369.8000,1,2,1,1,2,1,3,1,2,6
SF,IC2009,2020-06-08 09:30:55.600,5367.6000,47664,-1,427126000.000,1,0,1,双平,S,5367.0000,5366.4000,5366.2000,5365.6000,5365.0000,5368.6000,5368.8000,5369.0000,5369.2000,5369.6000,2,1,1,2,2,2,1,1,1,2
SF,IC2009,2020-06-08 09:30:56.100,5367.6000,47664,0,427126000.000,0,-,-,-,-,5368.0000,5367.0000,5366.4000,5366.2000,5365.6000,5368.6000,5368.8000,5369.2000,5369.6000,5369.8000,1,2,1,1,2,2,1,1,2,6
SF,IC2009,2020-06-08 09:30:56.600,5367.0000,47664,0,429272920.000,2,1,1,多换,S,5367.2000,5367.0000,5366.4000,5366.2000,5365.6000,5368.4000,5368.6000,5369.2000,5369.6000,5369.8000,2,1,1,1,2,2,1,1,2,7
SF,IC2009,2020-06-08 09:30:57.100,5367.0000,47662,-2,431419720.000,2,0,2,双平,S,5367.0000,5366.4000,5366.2000,5365.6000,5365.0000,5367.2000,5368.2000,5368.4000,5369.2000,5369.6000,1,1,1,2,2,1,3,1,1,2
SF,IC2009,2020-06-08 09:30:57.600,5367.2000,47661,-1,433566560.000,2,0,2,多平,S,5366.4000,5366.2000,5365.6000,5365.0000,5364.6000,5368.2000,5369.2000,5369.6000,5369.8000,5370.0000,1,1,2,2,10,2,1,2,7,1
SF,IC2009,2020-06-08 09:30:58.100,5368.2000,47661,0,435713840.000,2,1,1,多换,S,5368.6000,5367.0000,5366.6000,5366.4000,5366.2000,5369.2000,5369.6000,5369.8000,5370.0000,5371.2000,18,1,1,1,1,1,2,7,1,5
SF,IC2009,2020-06-08 09:30:58.600,5368.2000,47662,1,436787480.000,1,1,0,双开,S,5368.6000,5367.0000,5366.6000,5366.4000,5366.2000,5369.0000,5369.2000,5369.6000,5369.8000,5370.0000,17,1,2,1,1,1,1,2,7,1
SF,IC2009,2020-06-08 09:30:59.100,5368.6000,47661,-1,443229800.000,6,2,4,多平,S,5368.6000,5367.0000,5366.6000,5366.4000,5366.2000,5369.2000,5369.6000,5369.8000,5370.0000,5371.2000,12,1,1,1,1,1,2,7,1,5
SF,IC2009,2020-06-08 09:30:59.600,5368.6000,47660,-1,448598520.000,5,2,3,多平,S,5368.6000,5367.0000,5366.6000,5366.4000,5365.6000,5369.6000,5369.8000,5370.0000,5371.2000,5372.2000,8,1,1,1,2,2,7,1,5,1
SF,IC2009,2020-06-08 09:31:00.100,5369.4000,47659,-1,449672400.000,1,0,1,双平,S,5368.8000,5368.6000,5367.0000,5366.6000,5365.6000,5369.6000,5369.8000,5370.0000,5371.2000,5372.2000,1,8,1,1,2,2,7,1,5,1
SF,IC2009,2020-06-08 09:31:00.600,5368.6000,47659,0,452893600.000,3,1,2,多换,S,5368.6000,5367.0000,5366.6000,5365.6000,5365.0000,5369.4000,5369.6000,5369.8000,5370.0000,5371.2000,6,1,1,2,2,3,2,7,1,5
SF,IC2009,2020-06-08 09:31:01.100,5369.8000,47649,-10,464706640.000,11,0,11,多平,S,5368.8000,5368.6000,5367.0000,5365.6000,5365.0000,5369.8000,5370.0000,5372.2000,5372.6000,5372.8000,3,6,1,2,2,2,3,1,2,1
SF,IC2009,2020-06-08 09:31:01.600,5369.0000,47644,-5,471150360.000,6,0,6,多平,S,5369.0000,5368.8000,5368.6000,5367.0000,5365.6000,5372.2000,5372.6000,5372.8000,5373.6000,5374.6000,1,2,6,1,2,1,2,1,1,2
SF,IC2009,2020-06-08 09:31:02.100,5369.0000,47644,0,471150360.000,0,-,-,-,-,5370.0000,5369.2000,5369.0000,5368.8000,5368.6000,5372.0000,5372.2000,5372.6000,5372.8000,5373.6000,1,1,3,1,6,1,1,2,1,1
SF,IC2009,2020-06-08 09:31:02.600,5369.0000,47643,-1,472224160.000,1,0,1,双平,S,5370.0000,5369.0000,5368.8000,5368.6000,5367.0000,5371.8000,5372.0000,5372.2000,5372.6000,5372.8000,1,3,1,6,1,1,1,1,2,1
SF,IC2009,2020-06-08 09:31:03.100,5370.0000,47642,-1,473298160.000,1,0,1,双平,S,5370.0000,5369.0000,5368.8000,5368.6000,5367.0000,5371.6000,5372.2000,5372.6000,5372.8000,5373.0000,1,1,1,6,1,2,1,2,1,1
SF,IC2009,2020-06-08 09:31:03.600,5370.0000,47639,-3,477594160.000,4,0,4,多平,S,5369.0000,5368.8000,5368.6000,5367.2000,5367.0000,5371.6000,5372.0000,5372.2000,5372.6000,5372.8000,1,1,6,2,1,1,2,1,2,1
SF,IC2009,2020-06-08 09:31:04.100,5371.6000,47639,0,478668480.000,1,0,1,多换,S,5369.4000,5369.2000,5368.8000,5368.6000,5367.2000,5372.0000,5372.2000,5372.6000,5372.8000,5373.6000,1,1,1,6,2,2,1,2,1,1
SF,IC2009,2020-06-08 09:31:04.600,5371.4000,47637,-2,484040440.000,5,1,4,多平,S,5371.4000,5370.2000,5369.8000,5369.6000,5369.4000,5372.6000,5372.8000,5373.6000,5374.6000,5375.0000,2,5,1,2,4,2,1,1,2,9
SF,IC2009,2020-06-08 09:31:05.100,5371.4000,47637,0,487263280.000,3,1,2,多换,S,5369.6000,5369.4000,5369.0000,5368.8000,5368.6000,5371.8000,5372.4000,5372.6000,5372.8000,5373.6000,2,3,3,1,6,1,2,2,1,1
SF,IC2009,2020-06-08 09:31:05.600,5371.6000,47636,-1,494783120.000,7,3,4,多平,S,5371.6000,5369.4000,5368.8000,5368.6000,5367.2000,5371.8000,5372.6000,5372.8000,5373.6000,5374.6000,4,2,1,6,2,1,2,1,1,2
SF,IC2009,2020-06-08 09:31:06.100,5371.6000,47636,0,499080400.000,4,2,2,多换,S,5369.4000,5368.8000,5368.6000,5367.2000,5367.0000,5371.0000,5371.2000,5371.4000,5371.6000,5372.6000,1,1,6,2,1,2,4,1,4,2
SF,IC2009,2020-06-08 09:31:06.600,5368.8000,47634,-2,501228040.000,2,0,2,双平,S,5368.6000,5367.2000,5367.0000,5365.6000,5365.0000,5370.8000,5371.2000,5371.6000,5372.6000,5372.8000,6,2,1,2,7,2,1,2,2,1
SF,IC2009,2020-06-08 09:31:07.100,5368.8000,47634,0,501228040.000,0,-,-,-,-,5369.0000,5368.8000,5368.6000,5367.2000,5367.0000,5370.8000,5371.6000,5372.6000,5372.8000,5373.6000,1,1,6,2,1,1,2,2,1,1
SF,IC2009,2020-06-08 09:31:07.600,5368.8000,47633,-1,502301800.000,1,0,1,双平,S,5369.0000,5368.6000,5367.2000,5367.0000,5365.6000,5370.6000,5370.8000,5371.6000,5372.6000,5372.8000,1,6,2,1,2,1,1,2,2,1
SF,IC2009,2020-06-08 09:31:08.100,5371.6000,47633,0,505524400.000,3,1,2,多换,S,5370.8000,5369.2000,5369.0000,5368.6000,5367.2000,5371.0000,5371.6000,5372.6000,5372.8000,5373.6000,5,2,3,6,2,1,1,2,1,1
SF,IC2009,2020-06-08 09:31:08.600,5370.8000,47632,-1,507672760.000,2,0,2,多平,S,5370.8000,5369.2000,5369.0000,5368.6000,5367.2000,5372.6000,5372.8000,5373.6000,5374.6000,5375.0000,4,1,3,6,2,2,1,1,2,9
SF,IC2009,2020-06-08 09:31:09.100,5370.8000,47631,-1,513043560.000,5,2,3,多平,S,5370.8000,5370.0000,5369.2000,5369.0000,5368.6000,5372.4000,5372.6000,5372.8000,5373.6000,5374.6000,1,1,1,1,6,2,2,1,1,2
SF,IC2009,2020-06-08 09:31:09.600,5370.8000,47631,0,513043560.000,0,-,-,-,-,5370.8000,5370.6000,5370.0000,5369.2000,5369.0000,5372.2000,5372.4000,5372.6000,5372.8000,5373.6000,1,4,1,1,1,1,3,2,1,1
SF,IC2009,2020-06-08 09:31:10.100,5370.8000,47629,-2,516266040.000,3,0,3,多平,S,5370.6000,5370.0000,5369.2000,5369.0000,5368.6000,5370.8000,5372.2000,5372.4000,5372.6000,5372.8000,4,1,1,1,6,2,1,2,2,1
SF,IC2009,2020-06-08 09:31:10.600,5372.2000,47625,-4,521637040.000,5,0,5,多平,S,5370.8000,5370.6000,5370.0000,5369.2000,5369.0000,5372.4000,5372.6000,5372.8000,5373.6000,5374.6000,1,2,1,1,1,1,2,1,1,2
SF,IC2009,2020-06-08 09:31:11.100,5372.2000,47625,0,521637040.000,0,-,-,-,-,5370.8000,5370.6000,5370.0000,5369.2000,5369.0000,5372.2000,5372.4000,5372.6000,5372.8000,5373.6000,1,2,1,1,1,1,1,2,1,1
SF,IC2009,2020-06-08 09:31:11.600,5372.2000,47625,0,521637040.000,0,-,-,-,-,5370.6000,5370.0000,5369.2000,5369.0000,5368.6000,5372.0000,5372.2000,5372.4000,5372.6000,5372.8000,2,1,1,1,6,2,1,1,2,1
SF,IC2009,2020-06-08 09:31:12.100,5372.2000,47625,0,521637040.000,0,-,-,-,-,5370.6000,5370.0000,5369.2000,5369.0000,5368.6000,5371.8000,5372.0000,5372.2000,5372.6000,5372.8000,2,1,1,1,6,2,2,1,2,1
SF,IC2009,2020-06-08 09:31:12.600,5370.6000,47623,-2,523785280.000,2,0,2,双平,S,5370.0000,5369.2000,5369.0000,5368.6000,5367.6000,5371.6000,5371.8000,5372.6000,5372.8000,5373.6000,1,1,1,6,5,1,3,2,1,1
SF,IC2009,2020-06-08 09:31:13.100,5370.6000,47623,0,523785280.000,0,-,-,-,-,5370.2000,5370.0000,5369.0000,5368.6000,5367.6000,5371.6000,5371.8000,5372.6000,5372.8000,5373.6000,3,1,1,6,5,1,1,2,1,1
SF,IC2009,2020-06-08 09:31:13.600,5371.6000,47622,-1,528082560.000,4,1,3,多平,S,5370.2000,5370.0000,5369.0000,5368.6000,5367.6000,5372.6000,5372.8000,5373.6000,5374.6000,5375.0000,2,1,1,6,5,2,1,1,2,9
SF,IC2009,2020-06-08 09:31:14.100,5371.6000,47622,0,528082560.000,0,-,-,-,-,5370.8000,5370.2000,5370.0000,5369.0000,5368.6000,5372.4000,5372.6000,5372.8000,5373.6000,5374.6000,1,2,1,1,6,1,2,1,1,2
SF,IC2009,2020-06-08 09:31:14.600,5371.6000,47622,0,528082560.000,0,-,-,-,-,5370.8000,5370.4000,5370.2000,5370.0000,5369.0000,5372.2000,5372.4000,5372.6000,5372.8000,5373.6000,2,1,2,1,1,1,2,2,1,1
SF,IC2009,2020-06-08 09:31:15.100,5370.8000,47621,-1,530230880.000,2,0,2,多平,S,5370.4000,5370.2000,5370.0000,5368.6000,5367.6000,5372.0000,5372.2000,5372.6000,5372.8000,5373.6000,10,1,1,6,5,3,2,2,2,1
SF,IC2009,2020-06-08 09:31:15.600,5370.4000,47621,0,540971680.000,10,5,5,多换,S,5370.2000,5370.0000,5368.6000,5367.6000,5367.2000,5371.4000,5371.8000,5372.0000,5372.2000,5372.4000,1,1,6,5,2,1,2,3,2,1
SF,IC2009,2020-06-08 09:31:16.100,5371.4000,47621,0,542045960.000,1,0,1,多换,S,5370.2000,5370.0000,5368.6000,5367.6000,5367.2000,5372.0000,5372.6000,5372.8000,5373.0000,5373.6000,1,1,6,5,2,1,2,2,1,1
SF,IC2009,2020-06-08 09:31:16.600,5371.4000,47621,0,542045960.000,0,-,-,-,-,5370.4000,5370.2000,5370.0000,5369.8000,5368.6000,5371.8000,5372.6000,5372.8000,5373.0000,5373.6000,2,1,1,1,6,1,2,2,1,1
SF,IC2009,2020-06-08 09:31:17.100,5371.4000,47621,0,542045960.000,0,-,-,-,-,5370.6000,5370.4000,5370.2000,5370.0000,5368.6000,5371.8000,5372.6000,5372.8000,5373.0000,5373.6000,2,1,2,1,6,1,2,2,1,1
SF,IC2009,2020-06-08 09:31:17.600,5371.4000,47621,0,542045960.000,0,-,-,-,-,5370.6000,5370.4000,5370.2000,5370.0000,5368.6000,5371.6000,5371.8000,5372.6000,5372.8000,5373.0000,2,1,2,1,6,1,1,2,2,1
SF,IC2009,2020-06-08 09:31:18.100,5371.4000,47621,0,542045960.000,0,-,-,-,-,5371.6000,5370.4000,5370.0000,5368.6000,5367.6000,5371.8000,5372.6000,5372.8000,5373.0000,5373.6000,1,1,1,6,5,1,2,2,1,1
SF,IC2009,2020-06-08 09:31:18.600,5371.6000,47620,-1,545268920.000,3,1,2,多平,S,5370.4000,5370.0000,5368.6000,5367.6000,5367.2000,5371.8000,5372.6000,5372.8000,5373.0000,5373.6000,1,1,6,5,2,1,2,2,1,1
SF,IC2009,2020-06-08 09:31:19.100,5371.6000,47620,0,545268920.000,0,-,-,-,-,5370.4000,5370.0000,5368.6000,5367.6000,5367.2000,5371.6000,5371.8000,5372.6000,5372.8000,5373.0000,1,1,6,5,2,1,1,2,2,1
SF,IC2009,2020-06-08 09:31:19.600,5371.6000,47620,0,545268920.000,0,-,-,-,-,5370.4000,5370.0000,5368.6000,5367.6000,5367.2000,5371.8000,5372.6000,5372.8000,5373.0000,5373.6000,1,1,6,5,2,1,2,2,1,1
SF,IC2009,2020-06-08 09:31:20.100,5371.6000,47620,0,545268920.000,0,-,-,-,-,5370.4000,5370.0000,5368.6000,5367.6000,5367.2000,5371.6000,5371.8000,5372.6000,5372.8000,5373.0000,4,1,6,5,2,1,1,2,2,1
SF,IC2009,2020-06-08 09:31:20.600,5371.6000,47620,0,545268920.000,0,-,-,-,-,5370.4000,5370.0000,5368.6000,5367.6000,5367.2000,5371.6000,5371.8000,5372.6000,5372.8000,5373.0000,1,1,6,5,2,1,1,2,2,1
SF,IC2009,2020-06-08 09:31:21.100,5371.6000,47620,0,545268920.000,0,-,-,-,-,5370.4000,5368.6000,5367.6000,5367.2000,5367.0000,5371.6000,5371.8000,5372.6000,5372.8000,5373.0000,1,6,5,2,1,1,1,2,2,1
SF,IC2009,2020-06-08 09:31:21.600,5370.4000,47621,1,547417200.000,2,1,1,空开,S,5368.6000,5367.6000,5367.2000,5367.0000,5365.0000,5371.6000,5371.8000,5372.4000,5372.6000,5372.8000,6,5,2,1,2,1,1,1,2,2
SF,IC2009,2020-06-08 09:31:22.100,5371.6000,47622,1,549565800.000,2,1,1,空开,S,5371.6000,5370.2000,5369.6000,5369.0000,5368.8000,5371.8000,5372.4000,5372.6000,5372.8000,5373.0000,1,1,4,1,1,1,1,2,2,1
SF,IC2009,2020-06-08 09:31:22.600,5371.6000,47622,0,550640120.000,1,0,1,多换,S,5370.2000,5369.6000,5369.0000,5368.8000,5368.6000,5371.2000,5371.4000,5371.6000,5372.4000,5372.6000,1,4,1,1,6,2,1,2,1,2
SF,IC2009,2020-06-08 09:31:23.100,5370.2000,47622,0,553862800.000,3,1,2,多换,S,5369.6000,5369.0000,5368.8000,5368.6000,5367.2000,5372.4000,5372.6000,5372.8000,5373.0000,5373.6000,4,1,1,6,2,1,2,2,1,1
SF,IC2009,2020-06-08 09:31:23.600,5371.0000,47621,-1,554937000.000,1,0,1,双平,S,5370.0000,5369.8000,5369.6000,5369.0000,5368.6000,5371.0000,5372.2000,5372.4000,5372.6000,5372.8000,1,1,4,1,6,1,1,1,2,2
SF,IC2009,2020-06-08 09:31:24.100,5370.2000,47620,-1,556011040.000,1,0,1,双平,S,5371.0000,5370.0000,5369.6000,5369.0000,5368.6000,5372.2000,5372.4000,5372.6000,5372.8000,5373.0000,1,1,4,1,6,1,1,2,2,1
SF,IC2009,2020-06-08 09:31:24.600,5370.2000,47620,0,556011040.000,0,-,-,-,-,5371.0000,5370.0000,5369.6000,5369.0000,5368.6000,5372.0000,5372.2000,5372.4000,5372.6000,5372.8000,1,1,4,1,6,1,1,1,2,2
SF,IC2009,2020-06-08 09:31:25.100,5370.2000,47620,0,556011040.000,0,-,-,-,-,5371.0000,5369.6000,5369.0000,5368.6000,5367.2000,5371.8000,5372.2000,5372.4000,5372.6000,5372.8000,1,4,1,6,2,1,2,1,2,2
SF,IC2009,2020-06-08 09:31:25.600,5371.0000,47620,0,557085240.000,1,0,1,多换,S,5371.0000,5369.6000,5369.0000,5368.6000,5367.2000,5371.6000,5372.2000,5372.4000,5372.6000,5372.8000,1,4,1,6,2,1,1,1,2,2
SF,IC2009,2020-06-08 09:31:26.100,5371.0000,47620,0,557085240.000,0,-,-,-,-,5371.0000,5369.6000,5369.0000,5368.6000,5367.2000,5371.6000,5372.2000,5372.4000,5372.6000,5372.8000,1,4,1,6,2,1,5,1,2,2
SF,IC2009,2020-06-08 09:31:26.600,5371.0000,47620,0,558159440.000,1,0,1,多换,S,5369.6000,5369.0000,5367.2000,5367.0000,5365.0000,5371.4000,5371.6000,5372.2000,5372.4000,5372.6000,4,1,2,1,2,1,2,5,1,2
SF,IC2009,2020-06-08 09:31:27.100,5371.0000,47620,0,558159440.000,0,-,-,-,-,5369.8000,5369.6000,5369.0000,5367.2000,5367.0000,5371.4000,5371.6000,5372.2000,5372.4000,5372.6000,4,4,1,2,1,1,2,5,1,2
SF,IC2009,2020-06-08 09:31:27.600,5371.4000,47620,0,560307960.000,2,1,1,多换,S,5369.8000,5369.6000,5369.0000,5367.2000,5367.0000,5371.4000,5371.6000,5372.2000,5372.4000,5372.6000,4,4,1,2,1,1,1,5,1,2
SF,IC2009,2020-06-08 09:31:28.100,5371.4000,47620,0,560307960.000,0,-,-,-,-,5369.8000,5369.6000,5367.2000,5367.0000,5365.0000,5371.0000,5371.2000,5371.4000,5371.6000,5372.2000,2,4,2,1,2,1,1,1,1,5
SF,IC2009,2020-06-08 09:31:28.600,5371.0000,47618,-2,562456360.000,2,0,2,双平,S,5370.0000,5369.8000,5369.6000,5367.2000,5367.0000,5371.0000,5371.6000,5372.2000,5372.4000,5372.6000,2,1,4,2,1,1,1,5,1,2
SF,IC2009,2020-06-08 09:31:29.100,5371.0000,47618,0,562456360.000,0,-,-,-,-,5369.8000,5369.6000,5367.2000,5367.0000,5365.0000,5370.8000,5371.0000,5371.6000,5372.2000,5372.4000,1,4,2,1,2,1,2,1,5,1
SF,IC2009,2020-06-08 09:31:29.600,5371.0000,47618,0,563530560.000,1,0,1,多换,S,5370.0000,5369.8000,5369.6000,5367.2000,5367.0000,5371.0000,5371.6000,5372.2000,5372.4000,5372.6000,1,1,4,2,1,3,1,5,1,2
SF,IC2009,2020-06-08 09:31:30.100,5371.0000,47618,0,563530560.000,0,-,-,-,-,5370.2000,5369.8000,5369.6000,5367.2000,5367.0000,5370.8000,5371.0000,5371.6000,5372.2000,5372.4000,1,1,4,2,1,1,2,1,5,1
SF,IC2009,2020-06-08 09:31:30.600,5371.0000,47618,0,563530560.000,0,-,-,-,-,5369.8000,5369.6000,5367.2000,5367.0000,5365.0000,5370.8000,5371.0000,5371.6000,5372.2000,5372.4000,1,4,2,1,2,1,2,1,5,1
SF,IC2009,2020-06-08 09:31:31.100,5371.0000,47618,0,563530560.000,0,-,-,-,-,5369.8000,5369.6000,5367.2000,5367.0000,5365.0000,5370.0000,5371.0000,5371.6000,5372.2000,5372.4000,1,4,2,1,2,1,1,1,5,1
SF,IC2009,2020-06-08 09:31:31.600,5369.8000,47617,-1,564604520.000,1,0,1,双平,S,5369.6000,5367.2000,5367.0000,5365.0000,5364.6000,5369.8000,5370.0000,5370.8000,5371.0000,5371.6000,4,2,1,2,8,1,1,1,1,1
SF,IC2009,2020-06-08 09:31:32.100,5370.0000,47617,0,571048160.000,6,3,3,多换,S,5367.2000,5367.0000,5365.0000,5364.6000,5364.2000,5370.2000,5370.8000,5371.0000,5371.6000,5372.2000,2,1,2,8,22,1,1,1,1,5
SF,IC2009,2020-06-08 09:31:32.600,5370.0000,47616,-1,572122160.000,1,0,1,双平,S,5367.4000,5367.2000,5367.0000,5365.0000,5364.6000,5370.2000,5371.0000,5371.6000,5372.2000,5372.4000,3,2,1,2,8,3,2,1,5,1
SF,IC2009,2020-06-08 09:31:33.100,5370.0000,47616,0,572122160.000,0,-,-,-,-,5368.6000,5368.2000,5368.0000,5367.6000,5367.4000,5370.0000,5370.2000,5371.0000,5371.6000,5372.2000,4,1,1,2,7,1,1,2,1,5
SF,IC2009,2020-06-08 09:31:33.600,5368.8000,47616,0,573195920.000,1,0,1,多换,S,5367.4000,5367.2000,5367.0000,5365.0000,5364.6000,5370.0000,5370.2000,5371.0000,5371.6000,5372.2000,3,2,1,2,8,3,1,2,1,5
SF,IC2009,2020-06-08 09:31:34.100,5369.8000,47617,1,574269880.000,1,1,0,双开,S,5367.4000,5367.2000,5367.0000,5365.0000,5364.6000,5370.0000,5370.2000,5371.0000,5371.6000,5372.2000,3,2,1,2,8,3,1,2,1,5
SF,IC2009,2020-06-08 09:31:34.600,5369.8000,47617,0,574269880.000,0,-,-,-,-,5367.4000,5367.2000,5367.0000,5365.0000,5364.6000,5370.0000,5370.2000,5371.0000,5371.6000,5372.2000,3,2,1,2,8,4,1,2,1,5
SF,IC2009,2020-06-08 09:31:35.100,5369.8000,47617,0,574269880.000,0,-,-,-,-,5367.4000,5367.2000,5367.0000,5365.0000,5364.6000,5369.8000,5370.0000,5370.2000,5371.0000,5371.6000,3,2,1,2,4,2,3,1,2,1
SF,IC2009,2020-06-08 09:31:35.600,5367.4000,47615,-2,578564280.000,4,1,3,多平,S,5367.6000,5367.2000,5367.0000,5365.0000,5364.6000,5369.8000,5370.0000,5370.2000,5371.0000,5371.6000,2,2,1,2,4,1,2,1,2,1
SF,IC2009,2020-06-08 09:31:36.100,5367.4000,47615,0,578564280.000,0,-,-,-,-,5367.8000,5367.6000,5367.2000,5367.0000,5365.0000,5369.6000,5369.8000,5370.0000,5370.2000,5371.0000,1,2,2,1,2,1,2,1,1,2
SF,IC2009,2020-06-08 09:31:36.600,5367.6000,47614,-1,581784840.000,3,1,2,多平,S,5367.2000,5367.0000,5365.0000,5364.6000,5364.2000,5369.0000,5369.4000,5369.6000,5370.2000,5371.0000,2,1,2,4,22,1,1,3,1,2
SF,IC2009,2020-06-08 09:31:37.100,5367.6000,47614,0,581784840.000,0,-,-,-,-,5367.2000,5367.0000,5365.0000,5364.6000,5364.2000,5368.8000,5369.0000,5369.4000,5369.6000,5370.2000,2,1,2,4,18,2,1,2,2,1
SF,IC2009,2020-06-08 09:31:37.600,5367.6000,47614,0,581784840.000,0,-,-,-,-,5367.2000,5367.0000,5365.0000,5364.6000,5364.2000,5368.8000,5369.0000,5369.4000,5369.6000,5370.0000,2,1,2,4,18,2,1,2,2,1
SF,IC2009,2020-06-08 09:31:38.100,5367.2000,47614,0,582858280.000,1,0,1,多换,S,5367.2000,5367.0000,5365.0000,5364.6000,5364.2000,5368.8000,5369.0000,5369.4000,5369.6000,5370.0000,1,1,2,4,18,2,2,2,2,1
SF,IC2009,2020-06-08 09:31:38.600,5367.2000,47614,0,582858280.000,0,-,-,-,-,5367.2000,5367.0000,5365.0000,5364.6000,5364.2000,5368.6000,5368.8000,5369.0000,5369.4000,5370.0000,1,1,2,4,18,1,2,2,2,1
SF,IC2009,2020-06-08 09:31:39.100,5367.2000,47614,0,582858280.000,0,-,-,-,-,5367.2000,5367.0000,5365.0000,5364.6000,5364.2000,5368.4000,5368.6000,5369.0000,5369.4000,5370.0000,4,1,2,4,18,2,2,1,2,1
SF,IC2009,2020-06-08 09:31:39.600,5368.4000,47616,2,586079080.000,3,2,1,空开,S,5367.0000,5365.0000,5364.6000,5364.2000,5364.0000,5368.6000,5369.0000,5369.4000,5369.6000,5370.0000,1,2,4,18,2,2,2,2,1,1
SF,IC2009,2020-06-08 09:31:40.100,5368.6000,47616,0,588226520.000,2,1,1,多换,S,5368.6000,5367.4000,5367.2000,5367.0000,5365.0000,5369.0000,5369.6000,5370.0000,5370.2000,5371.0000,2,1,2,3,2,2,1,1,1,2
SF,IC2009,2020-06-08 09:31:40.600,5368.6000,47616,0,591447720.000,3,1,2,多换,S,5367.4000,5367.2000,5367.0000,5365.0000,5364.6000,5368.6000,5369.0000,5369.6000,5370.0000,5370.2000,1,1,3,2,4,1,2,1,1,1
SF,IC2009,2020-06-08 09:31:41.100,5368.6000,47616,0,591447720.000,0,-,-,-,-,5367.6000,5367.2000,5367.0000,5365.0000,5364.6000,5369.0000,5369.6000,5370.0000,5370.2000,5371.0000,1,1,1,2,4,2,2,3,1,2
SF,IC2009,2020-06-08 09:31:41.600,5368.6000,47616,0,591447720.000,0,-,-,-,-,5367.0000,5365.0000,5364.6000,5364.2000,5364.0000,5368.8000,5369.0000,5369.6000,5370.0000,5370.2000,1,2,4,18,2,3,2,2,3,1
SF,IC2009,2020-06-08 09:31:42.100,5368.6000,47616,0,591447720.000,0,-,-,-,-,5367.6000,5367.2000,5367.0000,5365.0000,5364.6000,5368.8000,5369.0000,5369.6000,5370.0000,5370.2000,1,1,1,2,4,1,2,2,3,1
SF,IC2009,2020-06-08 09:31:42.600,5367.8000,47616,0,592521280.000,1,0,1,多换,S,5367.0000,5365.0000,5364.6000,5364.2000,5364.0000,5367.6000,5368.8000,5369.0000,5369.6000,5370.0000,1,2,4,18,2,2,1,2,2,3
SF,IC2009,2020-06-08 09:31:43.100,5367.4000,47616,0,594668160.000,2,1,1,多换,S,5365.0000,5364.6000,5364.2000,5364.0000,5362.8000,5367.4000,5367.6000,5368.0000,5368.6000,5368.8000,2,4,18,2,1,1,3,2,4,1
SF,IC2009,2020-06-08 09:31:43.600,5367.6000,47616,0,596815160.000,2,1,1,多换,S,5365.8000,5365.6000,5365.2000,5365.0000,5364.6000,5367.6000,5368.8000,5369.0000,5369.6000,5370.0000,5,1,3,2,4,1,1,2,2,3
SF,IC2009,2020-06-08 09:31:44.100,5367.6000,47616,0,596815160.000,0,-,-,-,-,5366.0000,5365.0000,5364.6000,5364.2000,5364.0000,5367.4000,5367.6000,5369.0000,5369.6000,5370.0000,1,2,4,18,2,1,4,2,2,3
SF,IC2009,2020-06-08 09:31:44.600,5367.4000,47615,-1,597888640.000,1,0,1,双平,S,5366.2000,5366.0000,5365.0000,5364.6000,5364.2000,5367.6000,5369.0000,5369.6000,5370.0000,5370.2000,1,2,2,4,18,2,2,2,3,1
SF,IC2009,2020-06-08 09:31:45.100,5367.4000,47615,0,597888640.000,0,-,-,-,-,5366.4000,5366.0000,5365.0000,5364.6000,5364.2000,5367.6000,5368.6000,5369.0000,5369.6000,5370.0000,2,1,2,4,18,2,1,2,2,3
SF,IC2009,2020-06-08 09:31:45.600,5367.4000,47615,0,597888640.000,0,-,-,-,-,5367.4000,5366.6000,5366.4000,5366.2000,5365.0000,5367.6000,5368.6000,5369.0000,5369.6000,5370.0000,1,1,1,1,2,2,1,2,2,3
SF,IC2009,2020-06-08 09:31:46.100,5367.4000,47615,0,598962120.000,1,0,1,多换,S,5366.6000,5366.4000,5365.0000,5364.6000,5364.2000,5367.0000,5367.4000,5367.6000,5368.6000,5369.0000,1,1,2,4,18,3,1,2,1,2
SF,IC2009,2020-06-08 09:31:46.600,5366.6000,47614,-1,600035440.000,1,0,1,双平,S,5365.0000,5364.6000,5364.2000,5364.0000,5362.8000,5367.6000,5368.6000,5369.0000,5369.6000,5370.0000,2,4,18,2,1,2,1,2,2,3
SF,IC2009,2020-06-08 09:31:47.100,5367.4000,47614,0,601108920.000,1,0,1,多换,S,5365.2000,5365.0000,5364.6000,5364.2000,5364.0000,5367.4000,5367.6000,5368.6000,5369.0000,5369.6000,3,2,4,18,2,2,2,1,2,2
SF,IC2009,2020-06-08 09:31:47.600,5365.0000,47611,-3,605401240.000,4,0,4,多平,S,5364.6000,5364.2000,5364.0000,5362.8000,5362.2000,5365.0000,5367.2000,5367.4000,5367.6000,5368.6000,4,17,2,1,1,15,2,2,2,1
SF,IC2009,2020-06-08 09:31:48.100,5365.0000,47603,-8,613985240.000,8,0,8,双平,S,5364.8000,5364.6000,5364.2000,5364.0000,5362.8000,5365.0000,5365.2000,5366.6000,5367.2000,5367.4000,2,4,17,2,1,7,1,11,2,2
SF,IC2009,2020-06-08 09:31:48.600,5365.0000,47597,-6,621496240.000,7,0,7,多平,S,5364.6000,5364.2000,5364.0000,5362.8000,5362.2000,5365.2000,5366.6000,5367.2000,5367.4000,5367.6000,4,17,2,1,1,1,11,2,2,2
SF,IC2009,2020-06-08 09:31:49.100,5364.8000,47595,-2,624715040.000,3,0,3,多平,S,5364.6000,5364.2000,5364.0000,5362.8000,5362.2000,5365.2000,5366.6000,5367.2000,5367.4000,5367.6000,2,17,2,1,1,2,11,1,2,3
SF,IC2009,2020-06-08 09:31:49.600,5364.6000,47593,-2,626860880.000,2,0,2,双平,S,5364.2000,5364.0000,5362.8000,5362.2000,5361.8000,5365.2000,5366.6000,5367.2000,5367.4000,5367.6000,17,2,1,1,1,2,11,1,2,3
SF,IC2009,2020-06-08 09:31:50.100,5364.6000,47593,0,629006640.000,2,1,1,多换,S,5364.2000,5364.0000,5362.8000,5362.2000,5361.8000,5365.0000,5365.2000,5366.6000,5367.4000,5367.6000,16,2,1,1,1,1,2,11,2,3
SF,IC2009,2020-06-08 09:31:50.600,5364.6000,47593,0,629006640.000,0,-,-,-,-,5364.2000,5364.0000,5362.8000,5362.2000,5361.8000,5365.0000,5365.2000,5366.6000,5367.4000,5367.6000,16,2,1,1,1,2,1,11,2,3
SF,IC2009,2020-06-08 09:31:51.100,5364.2000,47597,4,642953560.000,13,8,5,空开,S,5364.2000,5364.0000,5362.8000,5362.2000,5361.8000,5364.8000,5365.0000,5365.2000,5366.6000,5367.4000,3,2,1,1,1,1,2,1,11,2
SF,IC2009,2020-06-08 09:31:51.600,5364.2000,47598,1,648317720.000,5,3,2,空开,S,5364.0000,5362.8000,5362.2000,5361.8000,5360.0000,5364.2000,5364.6000,5364.8000,5365.2000,5366.6000,1,1,1,1,1,4,3,1,1,11
SF,IC2009,2020-06-08 09:31:52.100,5364.0000,47597,-1,649390520.000,1,0,1,双平,S,5362.8000,5362.2000,5361.8000,5360.0000,5355.8000,5363.6000,5363.8000,5364.0000,5364.2000,5364.6000,1,1,1,1,1,3,1,4,4,1
SF,IC2009,2020-06-08 09:31:52.600,5362.8000,47597,0,650463080.000,1,0,1,多换,S,5362.2000,5361.8000,5360.0000,5355.8000,5353.4000,5362.6000,5363.2000,5363.4000,5363.8000,5364.0000,1,1,1,1,5,2,1,3,2,2
SF,IC2009,2020-06-08 09:31:53.100,5362.2000,47596,-1,651535520.000,1,0,1,双平,S,5361.8000,5360.0000,5355.8000,5353.4000,5353.0000,5362.0000,5362.2000,5362.6000,5363.2000,5363.4000,1,1,1,5,1,3,1,1,1,2
SF,IC2009,2020-06-08 09:31:53.600,5361.8000,47595,-1,652607880.000,1,0,1,双平,S,5360.0000,5355.8000,5353.4000,5353.0000,5351.0000,5361.6000,5361.8000,5362.2000,5362.8000,5363.2000,1,1,5,1,1,4,1,1,2,1
SF,IC2009,2020-06-08 09:31:54.100,5360.0000,47596,1,653679880.000,1,1,0,双开,S,5355.8000,5353.4000,5353.0000,5351.0000,5348.0000,5359.8000,5361.4000,5361.8000,5362.2000,5362.8000,1,5,1,1,2,1,5,1,1,2
SF,IC2009,2020-06-08 09:31:54.600,5360.0000,47596,0,654751880.000,1,0,1,多换,S,5360.0000,5358.4000,5358.2000,5358.0000,5356.8000,5360.6000,5361.4000,5361.8000,5362.2000,5362.8000,1,3,5,1,1,1,4,1,1,2
SF,IC2009,2020-06-08 09:31:55.100,5360.0000,47596,0,655823880.000,1,0,1,多换,S,5356.8000,5356.6000,5356.2000,5356.0000,5355.8000,5360.6000,5361.4000,5361.8000,5362.2000,5362.8000,1,1,1,7,3,1,4,1,1,2
SF,IC2009,2020-06-08 09:31:55.600,5360.0000,47596,0,655823880.000,0,-,-,-,-,5358.0000,5357.0000,5356.8000,5356.6000,5356.2000,5360.4000,5360.6000,5361.4000,5361.8000,5362.2000,5,5,1,1,1,1,3,2,1,1
SF,IC2009,2020-06-08 09:31:56.100,5360.4000,47596,0,656895960.000,1,0,1,多换,S,5358.2000,5356.8000,5356.0000,5355.8000,5353.4000,5360.4000,5360.6000,5361.4000,5361.8000,5362.8000,1,1,2,2,5,2,1,2,2,2
SF,IC2009,2020-06-08 09:31:56.600,5360.4000,47596,0,656895960.000,0,-,-,-,-,5358.2000,5356.8000,5356.0000,5355.8000,5353.4000,5360.4000,5360.6000,5361.4000,5361.8000,5362.8000,2,1,2,2,5,2,1,2,2,2
SF,IC2009,2020-06-08 09:31:57.100,5358.4000,47596,0,657967640.000,1,0,1,多换,S,5358.2000,5356.8000,5356.0000,5355.8000,5353.4000,5360.6000,5361.4000,5361.8000,5362.8000,5363.2000,2,1,2,2,5,1,2,2,2,1
SF,IC2009,2020-06-08 09:31:57.600,5358.4000,47596,0,657967640.000,0,-,-,-,-,5358.6000,5358.4000,5358.2000,5357.4000,5356.8000,5360.6000,5361.4000,5361.8000,5362.8000,5363.2000,6,2,1,1,1,1,2,2,2,1
SF,IC2009,2020-06-08 09:31:58.100,5358.4000,47596,0,657967640.000,0,-,-,-,-,5358.8000,5357.4000,5356.8000,5356.0000,5355.8000,5360.4000,5360.6000,5361.4000,5361.8000,5362.8000,1,1,1,1,2,2,3,2,2,2
SF,IC2009,2020-06-08 09:31:58.600,5358.4000,47596,0,657967640.000,0,-,-,-,-,5359.0000,5358.8000,5357.4000,5356.8000,5356.0000,5360.4000,5360.6000,5361.4000,5361.8000,5362.8000,1,2,1,1,1,1,1,2,2,2
SF,IC2009,2020-06-08 09:31:59.100,5358.4000,47596,0,657967640.000,0,-,-,-,-,5359.2000,5358.8000,5357.4000,5356.8000,5356.0000,5360.4000,5360.6000,5361.4000,5361.8000,5362.8000,2,1,1,1,1,1,1,2,2,2
SF,IC2009,2020-06-08 09:31:59.600,5358.4000,47596,0,657967640.000,0,-,-,-,-,5359.4000,5359.2000,5359.0000,5357.4000,5356.8000,5360.6000,5361.4000,5361.8000,5362.8000,5363.2000,1,2,1,1,1,1,2,2,2,1
SF,IC2009,2020-06-08 09:32:00.100,5358.4000,47596,0,657967640.000,0,-,-,-,-,5359.6000,5359.4000,5357.4000,5356.8000,5356.0000,5360.6000,5361.4000,5361.8000,5362.8000,5363.2000,2,2,1,1,1,1,2,2,2,1
SF,IC2009,2020-06-08 09:32:00.600,5360.6000,47595,-1,659039760.000,1,0,1,双平,S,5359.6000,5359.4000,5357.4000,5356.8000,5356.0000,5361.4000,5361.8000,5362.8000,5363.2000,5363.8000,2,2,1,1,1,2,2,2,1,2
SF,IC2009,2020-06-08 09:32:01.100,5360.6000,47595,0,659039760.000,0,-,-,-,-,5360.6000,5360.0000,5359.8000,5359.6000,5357.4000,5361.4000,5361.8000,5362.8000,5363.8000,5364.2000,1,1,2,2,1,2,2,2,2,2
SF,IC2009,2020-06-08 09:32:01.600,5361.4000,47594,-1,660112040.000,1,0,1,双平,S,5360.6000,5359.8000,5359.6000,5357.4000,5356.8000,5361.4000,5361.8000,5362.8000,5363.8000,5364.2000,1,2,1,1,1,1,2,2,2,2
SF,IC2009,2020-06-08 09:32:02.100,5360.8000,47594,0,662256480.000,2,1,1,多换,S,5360.6000,5359.8000,5359.6000,5357.4000,5356.8000,5361.8000,5362.8000,5363.8000,5364.2000,5364.6000,1,2,1,1,1,2,2,2,2,1
SF,IC2009,2020-06-08 09:32:02.600,5360.8000,47594,0,662256480.000,0,-,-,-,-,5360.6000,5360.0000,5359.6000,5357.4000,5356.8000,5361.8000,5362.8000,5363.8000,5364.2000,5364.6000,2,1,1,1,1,2,2,2,2,1
SF,IC2009,2020-06-08 09:32:03.100,5361.8000,47593,-1,663328840.000,1,0,1,双平,S,5360.6000,5359.6000,5357.4000,5356.8000,5356.0000,5361.6000,5361.8000,5362.8000,5363.8000,5364.0000,2,1,1,1,1,1,1,2,2,1
SF,IC2009,2020-06-08 09:32:03.600,5360.8000,47592,-1,665473160.000,2,0,2,多平,S,5360.6000,5357.4000,5356.8000,5356.0000,5355.8000,5361.6000,5361.8000,5362.8000,5363.8000,5364.0000,2,1,1,1,2,1,1,2,2,1
SF,IC2009,2020-06-08 09:32:04.100,5360.6000,47590,-2,667617600.000,2,0,2,双平,S,5360.6000,5359.4000,5357.4000,5356.8000,5355.8000,5361.8000,5362.8000,5363.8000,5364.2000,5364.6000,1,1,1,1,2,1,2,2,2,1
SF,IC2009,2020-06-08 09:32:04.600,5360.6000,47590,0,667617600.000,0,-,-,-,-,5360.4000,5359.4000,5357.4000,5356.8000,5355.8000,5361.6000,5361.8000,5362.8000,5363.8000,5364.2000,1,1,1,1,2,1,1,2,2,2
SF,IC2009,2020-06-08 09:32:05.100,5360.6000,47590,0,667617600.000,0,-,-,-,-,5360.4000,5359.4000,5357.4000,5356.8000,5355.8000,5360.6000,5361.6000,5361.8000,5362.8000,5363.8000,1,1,1,1,2,5,1,1,2,2
SF,IC2009,2020-06-08 09:32:05.600,5360.6000,47586,-4,672978200.000,5,0,5,多平,S,5360.4000,5359.4000,5357.4000,5356.8000,5355.8000,5361.8000,5362.8000,5363.8000,5364.2000,5364.6000,1,1,1,1,2,2,2,2,2,1
SF,IC2009,2020-06-08 09:32:06.100,5356.8000,47585,-1,677265000.000,4,1,3,多平,S,5355.8000,5353.4000,5353.0000,5351.0000,5348.0000,5361.6000,5361.8000,5362.8000,5363.8000,5364.2000,2,5,1,1,2,4,2,2,2,2
SF,IC2009,2020-06-08 09:32:06.600,5356.8000,47585,0,678336360.000,1,0,1,多换,S,5357.4000,5356.0000,5355.8000,5353.4000,5353.0000,5361.0000,5361.4000,5361.6000,5361.8000,5362.8000,3,7,2,5,1,1,2,2,2,2
SF,IC2009,2020-06-08 09:32:07.100,5356.8000,47585,0,678336360.000,0,-,-,-,-,5357.6000,5356.0000,5355.8000,5353.4000,5353.0000,5360.0000,5360.4000,5360.8000,5361.0000,5361.4000,1,5,2,5,1,1,2,1,3,2
SF,IC2009,2020-06-08 09:32:07.600,5356.8000,47585,0,678336360.000,0,-,-,-,-,5357.6000,5356.0000,5355.8000,5353.4000,5353.0000,5359.6000,5359.8000,5360.0000,5360.4000,5361.0000,1,4,1,5,1,1,1,3,1,2
SF,IC2009,2020-06-08 09:32:08.100,5356.8000,47585,0,678336360.000,0,-,-,-,-,5356.0000,5355.8000,5353.0000,5351.0000,5348.0000,5356.8000,5359.4000,5359.6000,5359.8000,5360.0000,3,1,1,1,2,1,3,2,1,2
SF,IC2009,2020-06-08 09:32:08.600,5356.8000,47585,0,678336360.000,0,-,-,-,-,5355.8000,5355.2000,5353.0000,5351.0000,5350.0000,5356.8000,5359.4000,5359.6000,5359.8000,5360.0000,1,3,1,1,1,2,1,2,1,1
SF,IC2009,2020-06-08 09:32:09.100,5356.8000,47583,-2,680479080.000,2,0,2,双平,S,5355.8000,5355.2000,5353.0000,5351.0000,5350.0000,5357.4000,5359.4000,5359.6000,5359.8000,5360.0000,1,3,1,1,1,2,1,2,1,1
SF,IC2009,2020-06-08 09:32:09.600,5356.8000,47583,0,680479080.000,0,-,-,-,-,5355.8000,5355.2000,5353.0000,5351.0000,5350.0000,5356.6000,5356.8000,5357.2000,5357.4000,5359.8000,1,3,1,1,1,1,1,4,2,1
SF,IC2009,2020-06-08 09:32:10.100,5355.8000,47581,-2,682621440.000,2,0,2,双平,S,5355.2000,5353.0000,5352.6000,5351.0000,5350.0000,5356.0000,5356.6000,5357.0000,5357.2000,5357.4000,3,1,1,1,1,1,1,1,2,2
SF,IC2009,2020-06-08 09:32:10.600,5356.0000,47581,0,683692640.000,1,0,1,多换,S,5355.4000,5355.2000,5353.0000,5352.6000,5351.0000,5356.6000,5357.0000,5357.2000,5357.4000,5360.4000,2,3,1,1,1,1,1,2,2,1
SF,IC2009,2020-06-08 09:32:11.100,5355.2000,47573,-8,698688640.000,14,3,11,多平,S,5353.0000,5352.6000,5351.0000,5350.2000,5350.0000,5355.2000,5357.0000,5357.2000,5357.4000,5360.4000,1,1,1,1,1,5,1,2,2,1
SF,IC2009,2020-06-08 09:32:11.600,5355.2000,47568,-5,704043840.000,5,0,5,双平,S,5356.6000,5355.4000,5355.2000,5354.8000,5354.6000,5357.0000,5357.2000,5357.4000,5358.4000,5360.4000,1,1,3,1,2,1,1,2,1,1
SF,IC2009,2020-06-08 09:32:12.100,5355.6000,47565,-3,708329000.000,4,0,4,多平,S,5355.6000,5355.4000,5355.2000,5355.0000,5354.8000,5357.2000,5357.4000,5358.4000,5361.4000,5361.8000,4,1,1,3,2,1,2,1,1,2
SF,IC2009,2020-06-08 09:32:12.600,5357.4000,47562,-3,711543400.000,3,0,3,双平,S,5357.2000,5355.8000,5355.6000,5355.4000,5355.2000,5361.4000,5361.8000,5362.8000,5363.8000,5364.2000,1,4,4,1,1,1,2,1,1,1
SF,IC2009,2020-06-08 09:32:13.100,5357.4000,47562,0,711543400.000,0,-,-,-,-,5357.4000,5357.2000,5356.2000,5356.0000,5355.8000,5360.0000,5361.2000,5361.4000,5361.8000,5362.8000,1,1,3,1,6,1,1,1,2,1
SF,IC2009,2020-06-08 09:32:13.600,5357.2000,47560,-2,713686320.000,2,0,2,双平,S,5356.0000,5355.8000,5355.4000,5355.2000,5355.0000,5357.0000,5357.4000,5359.6000,5359.8000,5360.0000,1,6,1,1,3,1,1,1,1,1
SF,IC2009,2020-06-08 09:32:14.100,5357.2000,47559,-1,714757760.000,1,0,1,双平,S,5357.2000,5357.0000,5356.2000,5356.0000,5355.8000,5357.4000,5359.8000,5360.0000,5360.8000,5361.0000,1,1,2,1,6,1,1,1,1,1
SF,IC2009,2020-06-08 09:32:14.600,5357.2000,47558,-1,715829200.000,1,0,1,双平,S,5357.0000,5356.2000,5356.0000,5355.8000,5355.4000,5357.4000,5359.8000,5360.0000,5360.8000,5361.0000,1,2,1,4,1,1,1,1,1,1
SF,IC2009,2020-06-08 09:32:15.100,5357.2000,47558,0,715829200.000,0,-,-,-,-,5356.2000,5356.0000,5355.8000,5355.4000,5355.2000,5357.2000,5357.4000,5359.2000,5359.8000,5360.0000,1,1,4,1,1,1,1,1,1,1
SF,IC2009,2020-06-08 09:32:15.600,5357.4000,47557,-1,717972120.000,2,0,2,多平,S,5358.2000,5356.2000,5355.8000,5355.4000,5355.2000,5359.2000,5359.8000,5360.0000,5360.8000,5361.0000,1,1,4,1,1,1,1,1,1,1
SF,IC2009,2020-06-08 09:32:16.100,5358.2000,47557,0,719043760.000,1,0,1,多换,S,5356.2000,5355.8000,5355.4000,5355.2000,5354.8000,5358.0000,5358.2000,5359.0000,5360.0000,5360.8000,1,4,1,1,1,1,4,2,1,1
SF,IC2009,2020-06-08 09:32:16.600,5358.2000,47557,0,719043760.000,0,-,-,-,-,5357.4000,5357.2000,5356.2000,5355.8000,5355.4000,5358.0000,5358.2000,5359.0000,5359.2000,5360.0000,3,1,1,4,1,3,2,1,1,1
SF,IC2009,2020-06-08 09:32:17.100,5357.4000,47557,0,720115240.000,1,0,1,多换,S,5357.4000,5357.2000,5356.2000,5355.8000,5355.4000,5358.2000,5359.0000,5360.0000,5360.8000,5361.0000,2,1,1,4,1,1,1,1,1,1
SF,IC2009,2020-06-08 09:32:17.600,5358.2000,47556,-1,721186880.000,1,0,1,双平,S,5357.4000,5357.2000,5356.2000,5355.8000,5355.4000,5359.0000,5360.0000,5361.8000,5362.8000,5364.2000,2,1,1,4,1,1,1,1,1,1
SF,IC2009,2020-06-08 09:32:18.100,5358.2000,47556,0,721186880.000,0,-,-,-,-,5357.6000,5357.4000,5357.2000,5355.8000,5355.4000,5359.0000,5360.0000,5361.8000,5362.8000,5364.2000,2,2,1,4,1,1,1,1,1,1
SF,IC2009,2020-06-08 09:32:18.600,5357.6000,47554,-2,723330040.000,2,0,2,双平,S,5357.6000,5357.4000,5357.2000,5355.8000,5355.4000,5360.0000,5361.8000,5362.8000,5364.2000,5365.8000,2,2,1,4,1,1,1,1,1,1
SF,IC2009,2020-06-08 09:32:19.100,5357.6000,47554,0,723330040.000,0,-,-,-,-,5357.6000,5357.4000,5357.2000,5355.8000,5355.4000,5359.6000,5359.8000,5360.0000,5361.8000,5362.8000,1,2,1,4,1,2,1,1,1,1
SF,IC2009,2020-06-08 09:32:19.600,5359.6000,47554,0,724401960.000,1,0,1,多换,S,5357.8000,5357.6000,5357.4000,5357.2000,5355.8000,5359.6000,5359.8000,5360.0000,5361.8000,5362.8000,1,3,2,1,4,1,1,1,1,1
SF,IC2009,2020-06-08 09:32:20.100,5359.6000,47554,0,724401960.000,0,-,-,-,-,5358.0000,5357.8000,5357.4000,5357.2000,5355.8000,5360.0000,5361.0000,5361.8000,5362.8000,5364.2000,1,4,2,1,4,1,1,1,1,1
SF,IC2009,2020-06-08 09:32:20.600,5359.6000,47554,0,724401960.000,0,-,-,-,-,5358.0000,5357.8000,5357.4000,5357.2000,5355.8000,5359.8000,5360.0000,5361.0000,5361.8000,5362.8000,1,1,2,1,4,3,1,1,1,1
SF,IC2009,2020-06-08 09:32:21.100,5359.6000,47554,0,724401960.000,0,-,-,-,-,5358.0000,5357.8000,5357.4000,5357.2000,5355.8000,5359.4000,5359.8000,5360.0000,5360.2000,5361.0000,1,1,2,1,4,1,2,1,1,1
SF,IC2009,2020-06-08 09:32:21.600,5359.6000,47554,0,725473880.000,1,0,1,多换,S,5358.0000,5357.4000,5357.2000,5355.8000,5355.6000,5359.2000,5359.4000,5359.6000,5360.0000,5360.2000,1,2,1,4,1,1,1,1,1,1
SF,IC2009,2020-06-08 09:32:22.100,5359.6000,47554,0,726545800.000,1,0,1,多换,S,5357.4000,5357.2000,5355.8000,5355.6000,5355.4000,5359.4000,5359.6000,5360.0000,5360.2000,5361.0000,2,1,4,1,1,1,1,1,1,1
SF,IC2009,2020-06-08 09:32:22.600,5359.6000,47554,0,726545800.000,0,-,-,-,-,5357.6000,5357.4000,5357.2000,5355.8000,5355.6000,5359.2000,5359.4000,5360.0000,5360.2000,5361.0000,1,2,1,4,1,3,2,1,1,1
SF,IC2009,2020-06-08 09:32:23.100,5359.6000,47554,0,726545800.000,0,-,-,-,-,5357.6000,5357.4000,5357.2000,5355.8000,5355.6000,5359.0000,5359.2000,5359.4000,5360.0000,5360.2000,1,2,1,4,1,1,2,2,1,1
SF,IC2009,2020-06-08 09:32:23.600,5359.6000,47554,0,726545800.000,0,-,-,-,-,5357.6000,5357.4000,5357.2000,5355.8000,5355.6000,5359.0000,5359.4000,5360.0000,5360.2000,5361.0000,1,2,1,4,1,1,1,1,1,1
SF,IC2009,2020-06-08 09:32:24.100,5359.6000,47554,0,726545800.000,0,-,-,-,-,5357.6000,5357.4000,5357.2000,5355.8000,5355.4000,5359.0000,5359.4000,5360.0000,5360.2000,5361.0000,1,2,1,4,1,1,1,1,1,1
SF,IC2009,2020-06-08 09:32:24.600,5359.6000,47554,0,726545800.000,0,-,-,-,-,5357.6000,5357.4000,5357.2000,5355.8000,5355.4000,5358.8000,5360.0000,5360.2000,5361.0000,5361.8000,1,2,1,4,1,2,1,1,1,1
SF,IC2009,2020-06-08 09:32:25.100,5359.6000,47554,0,726545800.000,0,-,-,-,-,5357.6000,5357.4000,5357.2000,5355.8000,5355.4000,5358.8000,5360.0000,5360.2000,5361.0000,5361.8000,1,2,1,4,1,1,1,1,1,1
SF,IC2009,2020-06-08 09:32:25.600,5359.6000,47554,0,726545800.000,0,-,-,-,-,5357.6000,5357.4000,5357.2000,5355.8000,5355.4000,5358.6000,5358.8000,5360.0000,5360.2000,5361.0000,1,2,1,4,1,2,2,1,1,1
SF,IC2009,2020-06-08 09:32:26.100,5359.0000,47553,-1,728689400.000,2,0,2,多平,S,5357.6000,5357.4000,5357.2000,5355.8000,5355.4000,5360.0000,5360.2000,5361.0000,5361.8000,5362.8000,1,2,1,4,1,1,1,1,1,1
SF,IC2009,2020-06-08 09:32:26.600,5357.6000,47552,-1,729760920.000,1,0,1,双平,S,5357.4000,5357.2000,5355.8000,5355.4000,5355.2000,5357.6000,5358.4000,5359.6000,5359.8000,5360.0000,2,1,4,1,4,1,1,1,1,4
SF,IC2009,2020-06-08 09:32:27.100,5357.6000,47551,-1,731903960.000,2,0,2,多平,S,5357.4000,5357.2000,5355.8000,5355.4000,5355.2000,5357.6000,5359.8000,5360.0000,5360.2000,5361.0000,2,1,4,1,4,1,3,3,1,1
SF,IC2009,2020-06-08 09:32:27.600,5357.2000,47550,-1,735118360.000,3,1,2,多平,S,5355.8000,5355.4000,5355.2000,5354.8000,5354.2000,5357.6000,5359.0000,5359.8000,5360.0000,5360.2000,4,1,4,1,1,1,1,3,3,1
SF,IC2009,2020-06-08 09:32:28.100,5357.2000,47550,0,735118360.000,0,-,-,-,-,5356.0000,5355.4000,5355.2000,5354.8000,5354.2000,5356.8000,5357.6000,5359.0000,5359.8000,5360.0000,1,1,4,1,1,1,2,1,3,2
SF,IC2009,2020-06-08 09:32:28.600,5357.2000,47550,0,735118360.000,0,-,-,-,-,5356.0000,5355.4000,5355.2000,5354.8000,5354.2000,5356.8000,5357.2000,5357.6000,5359.0000,5359.8000,1,1,4,1,1,1,1,2,1,3
SF,IC2009,2020-06-08 09:32:29.100,5356.8000,47549,-1,736189720.000,1,0,1,双平,S,5356.0000,5355.4000,5355.2000,5354.8000,5354.2000,5357.6000,5359.0000,5359.8000,5360.2000,5361.0000,1,1,4,1,1,2,1,1,1,1
SF,IC2009,2020-06-08 09:32:29.600,5356.2000,47548,-1,737260960.000,1,0,1,双平,S,5356.0000,5355.4000,5355.2000,5354.8000,5354.2000,5357.6000,5359.8000,5360.2000,5361.0000,5362.8000,1,1,4,1,1,2,1,1,1,1
SF,IC2009,2020-06-08 09:32:30.100,5356.2000,47548,0,737260960.000,0,-,-,-,-,5356.0000,5355.4000,5355.2000,5354.8000,5354.2000,5357.6000,5359.8000,5360.2000,5361.0000,5362.8000,1,1,4,1,1,2,1,1,1,1
SF,IC2009,2020-06-08 09:32:30.600,5356.2000,47548,0,737260960.000,0,-,-,-,-,5356.0000,5355.4000,5355.2000,5354.8000,5354.2000,5357.4000,5357.6000,5359.8000,5360.2000,5361.0000,1,1,4,1,1,1,2,1,1,1
SF,IC2009,2020-06-08 09:32:31.100,5356.0000,47547,-1,738332160.000,1,0,1,双平,S,5355.4000,5355.2000,5354.8000,5354.2000,5353.4000,5357.6000,5359.8000,5360.2000,5361.0000,5362.8000,1,4,1,1,1,2,1,1,1,1
SF,IC2009,2020-06-08 09:32:31.600,5356.0000,47547,0,738332160.000,0,-,-,-,-,5356.4000,5356.0000,5355.6000,5355.4000,5355.2000,5357.4000,5357.6000,5360.2000,5361.0000,5362.8000,8,1,5,1,4,1,2,1,1,1
SF,IC2009,2020-06-08 09:32:32.100,5356.0000,47547,0,738332160.000,0,-,-,-,-,5356.0000,5355.6000,5355.4000,5355.2000,5354.8000,5357.4000,5357.6000,5360.2000,5361.0000,5363.0000,1,2,1,4,1,3,2,1,1,5
SF,IC2009,2020-06-08 09:32:32.600,5357.4000,47546,-1,740475120.000,2,0,2,多平,S,5356.2000,5356.0000,5355.6000,5355.4000,5355.2000,5357.6000,5360.2000,5361.0000,5363.0000,5365.8000,1,3,2,1,4,1,1,1,5,1
SF,IC2009,2020-06-08 09:32:33.100,5356.4000,47543,-3,743689360.000,3,0,3,双平,S,5356.2000,5356.0000,5355.6000,5355.4000,5355.2000,5356.4000,5360.2000,5361.0000,5363.0000,5365.8000,1,1,1,1,4,1,1,1,5,1
SF,IC2009,2020-06-08 09:32:33.600,5356.4000,47542,-1,744760640.000,1,0,1,双平,S,5356.8000,5356.6000,5356.4000,5356.2000,5355.4000,5360.2000,5361.0000,5363.0000,5365.8000,5366.0000,3,2,1,5,1,1,1,5,1,1
SF,IC2009,2020-06-08 09:32:34.100,5359.6000,47541,-1,745832560.000,1,0,1,双平,S,5357.0000,5356.6000,5356.4000,5356.2000,5355.4000,5360.0000,5360.2000,5361.0000,5363.0000,5365.8000,1,2,1,2,1,1,1,1,5,1
SF,IC2009,2020-06-08 09:32:34.600,5359.6000,47541,0,745832560.000,0,-,-,-,-,5357.0000,5356.6000,5356.4000,5356.2000,5355.4000,5360.0000,5360.2000,5361.0000,5363.0000,5365.8000,2,1,1,1,1,1,1,1,5,1
SF,IC2009,2020-06-08 09:32:35.100,5359.6000,47541,0,745832560.000,0,-,-,-,-,5357.0000,5356.6000,5356.4000,5356.2000,5355.4000,5359.4000,5360.0000,5360.2000,5363.0000,5365.8000,1,1,1,1,1,1,1,1,5,1
SF,IC2009,2020-06-08 09:32:35.600,5359.6000,47541,0,745832560.000,0,-,-,-,-,5357.2000,5357.0000,5356.4000,5355.4000,5355.2000,5359.0000,5359.2000,5360.2000,5363.0000,5365.8000,1,1,1,1,4,1,1,1,5,1
SF,IC2009,2020-06-08 09:32:36.100,5357.2000,47541,0,746904000.000,1,0,1,多换,S,5357.0000,5356.4000,5355.4000,5355.2000,5354.8000,5358.8000,5359.0000,5360.2000,5363.0000,5365.8000,2,1,1,4,1,1,1,1,5,1
SF,IC2009,2020-06-08 09:32:36.600,5357.2000,47541,0,746904000.000,0,-,-,-,-,5357.0000,5356.4000,5355.4000,5355.2000,5354.8000,5358.8000,5360.2000,5363.0000,5365.8000,5366.0000,2,1,1,4,1,1,1,5,1,1
SF,IC2009,2020-06-08 09:32:37.100,5357.2000,47541,0,746904000.000,0,-,-,-,-,5357.2000,5357.0000,5356.4000,5355.4000,5355.2000,5358.8000,5360.2000,5363.0000,5365.8000,5366.0000,2,1,1,1,4,1,1,5,1,1
SF,IC2009,2020-06-08 09:32:37.600,5357.2000,47542,1,747975440.000,1,1,0,双开,S,5357.2000,5357.0000,5356.4000,5355.4000,5355.2000,5358.6000,5358.8000,5360.2000,5363.0000,5365.8000,1,1,1,1,4,1,1,1,5,1
SF,IC2009,2020-06-08 09:32:38.100,5357.2000,47542,0,747975440.000,0,-,-,-,-,5357.2000,5357.0000,5356.4000,5355.4000,5355.2000,5358.4000,5358.6000,5360.2000,5363.0000,5365.8000,1,1,1,1,4,1,1,1,5,1
SF,IC2009,2020-06-08 09:32:38.600,5357.2000,47541,-1,749046880.000,1,0,1,双平,S,5357.0000,5356.4000,5355.4000,5355.2000,5354.8000,5358.4000,5360.2000,5363.0000,5365.8000,5366.0000,1,1,1,4,1,1,1,5,1,1
SF,IC2009,2020-06-08 09:32:39.100,5357.0000,47541,0,750118280.000,1,0,1,多换,S,5356.4000,5355.4000,5355.2000,5354.8000,5354.2000,5358.0000,5358.4000,5360.2000,5363.0000,5365.8000,1,1,4,1,1,1,2,1,5,1
SF,IC2009,2020-06-08 09:32:39.600,5357.8000,47541,0,751189840.000,1,0,1,多换,S,5356.4000,5355.4000,5355.2000,5354.8000,5354.2000,5358.0000,5360.2000,5363.0000,5365.8000,5366.0000,1,1,4,1,1,2,1,5,1,1
SF,IC2009,2020-06-08 09:32:40.100,5356.8000,47541,0,752261200.000,1,0,1,多换,S,5356.6000,5356.4000,5355.4000,5355.2000,5354.8000,5357.2000,5357.8000,5358.0000,5360.2000,5363.0000,2,1,1,4,1,1,1,2,1,5
SF,IC2009,2020-06-08 09:32:40.600,5357.2000,47541,0,753332640.000,1,0,1,多换,S,5356.6000,5356.4000,5355.4000,5355.2000,5354.8000,5357.2000,5357.8000,5358.0000,5360.2000,5363.0000,1,1,1,4,1,1,1,1,1,5
SF,IC2009,2020-06-08 09:32:41.100,5356.8000,47540,-1,755475440.000,2,0,2,多平,S,5356.6000,5356.4000,5355.4000,5355.2000,5354.8000,5357.2000,5357.8000,5358.0000,5360.2000,5363.0000,1,1,1,4,1,1,1,1,1,5
SF,IC2009,2020-06-08 09:32:41.600,5356.8000,47540,0,755475440.000,0,-,-,-,-,5356.4000,5355.4000,5355.2000,5354.8000,5354.2000,5357.0000,5357.2000,5358.0000,5360.2000,5363.0000,1,1,4,1,1,3,2,1,1,5
SF,IC2009,2020-06-08 09:32:42.100,5357.0000,47540,0,758689640.000,3,1,2,多换,S,5356.4000,5355.4000,5355.2000,5354.8000,5354.2000,5357.2000,5358.0000,5360.2000,5363.0000,5365.8000,1,1,4,1,1,2,1,1,5,1
SF,IC2009,2020-06-08 09:32:42.600,5357.0000,47540,0,758689640.000,0,-,-,-,-,5356.4000,5355.4000,5355.2000,5354.8000,5354.2000,5357.2000,5358.0000,5360.2000,5363.0000,5365.8000,1,1,4,1,1,2,1,1,5,1
SF,IC2009,2020-06-08 09:32:43.100,5357.2000,47540,0,760832520.000,2,1,1,多换,S,5356.4000,5355.4000,5355.2000,5354.8000,5354.2000,5358.0000,5359.0000,5360.2000,5363.0000,5365.8000,1,1,4,1,1,1,1,1,5,1
SF,IC2009,2020-06-08 09:32:43.600,5357.2000,47540,0,760832520.000,0,-,-,-,-,5356.4000,5355.4000,5355.2000,5354.8000,5354.2000,5357.8000,5358.0000,5359.0000,5360.2000,5363.0000,1,1,4,1,1,1,1,1,1,5
SF,IC2009,2020-06-08 09:32:44.100,5357.2000,47540,0,760832520.000,0,-,-,-,-,5356.6000,5356.4000,5355.4000,5355.2000,5354.8000,5357.8000,5358.0000,5359.0000,5360.2000,5363.0000,1,1,1,4,1,1,1,1,1,5
SF,IC2009,2020-06-08 09:32:45.600,5357.2000,47540,0,760832520.000,0,-,-,-,-,5356.6000,5356.4000,5355.4000,5355.2000,5354.8000,5357.4000,5357.8000,5358.0000,5359.0000,5360.2000,1,1,1,4,1,1,1,1,1,1
SF,IC2009,2020-06-08 09:32:46.100,5357.2000,47540,0,760832520.000,0,-,-,-,-,5356.4000,5355.4000,5355.2000,5354.8000,5354.2000,5357.4000,5357.8000,5358.0000,5359.0000,5360.2000,1,1,4,1,1,1,1,1,1,1
SF,IC2009,2020-06-08 09:32:46.600,5357.2000,47540,0,760832520.000,0,-,-,-,-,5355.4000,5355.2000,5354.8000,5354.2000,5353.4000,5357.2000,5357.4000,5358.0000,5359.0000,5360.2000,1,4,1,1,1,1,1,1,1,1
SF,IC2009,2020-06-08 09:32:47.100,5357.2000,47540,0,760832520.000,0,-,-,-,-,5356.4000,5355.6000,5355.4000,5355.2000,5354.8000,5357.2000,5357.4000,5358.0000,5359.0000,5360.2000,1,1,2,4,1,1,1,1,1,1
SF,IC2009,2020-06-08 09:32:47.600,5357.2000,47540,0,760832520.000,0,-,-,-,-,5355.6000,5355.4000,5355.2000,5354.8000,5354.2000,5357.2000,5357.4000,5358.0000,5359.0000,5360.2000,1,1,4,1,1,1,1,1,1,1
SF,IC2009,2020-06-08 09:32:48.100,5357.2000,47540,0,760832520.000,0,-,-,-,-,5355.8000,5355.6000,5355.4000,5355.2000,5354.8000,5357.2000,5357.4000,5358.0000,5359.0000,5360.2000,1,3,1,4,1,1,1,1,1,1
SF,IC2009,2020-06-08 09:32:48.600,5357.2000,47540,0,760832520.000,0,-,-,-,-,5355.6000,5355.4000,5355.2000,5354.8000,5354.2000,5357.2000,5357.4000,5358.0000,5359.0000,5360.2000,3,1,4,1,1,1,1,1,1,1
SF,IC2009,2020-06-08 09:32:49.100,5357.2000,47540,0,760832520.000,0,-,-,-,-,5355.8000,5355.6000,5355.4000,5355.2000,5354.8000,5357.2000,5357.4000,5358.0000,5359.0000,5360.2000,2,3,1,4,1,1,1,1,1,1
SF,IC2009,2020-06-08 09:32:49.600,5357.2000,47540,0,760832520.000,0,-,-,-,-,5355.8000,5355.6000,5355.4000,5355.2000,5354.8000,5357.2000,5357.4000,5358.0000,5359.0000,5360.2000,1,3,1,4,1,1,1,1,1,1
SF,IC2009,2020-06-08 09:32:50.100,5357.2000,47540,0,760832520.000,0,-,-,-,-,5356.4000,5356.0000,5355.4000,5355.2000,5354.8000,5357.2000,5357.4000,5358.0000,5359.0000,5360.2000,3,3,1,4,1,1,1,1,1,1
SF,IC2009,2020-06-08 09:32:50.600,5357.2000,47540,0,760832520.000,0,-,-,-,-,5356.0000,5355.4000,5355.2000,5354.8000,5354.2000,5357.2000,5357.4000,5358.0000,5359.0000,5360.2000,3,1,4,1,1,1,1,1,1,1
SF,IC2009,2020-06-08 09:32:51.100,5357.2000,47539,-1,761903960.000,1,0,1,双平,S,5357.2000,5356.0000,5355.4000,5355.2000,5354.8000,5357.4000,5358.0000,5359.0000,5360.2000,5363.0000,5,4,1,4,1,1,1,1,1,5
SF,IC2009,2020-06-08 09:32:51.600,5357.2000,47539,0,764046840.000,2,1,1,多换,S,5357.2000,5356.0000,5355.8000,5355.4000,5355.2000,5357.4000,5358.0000,5359.0000,5360.2000,5363.0000,3,1,1,1,4,1,1,1,1,5
SF,IC2009,2020-06-08 09:32:52.100,5357.2000,47539,0,767261160.000,3,1,2,多换,S,5356.0000,5355.8000,5355.4000,5355.2000,5354.8000,5357.4000,5358.0000,5359.0000,5360.2000,5363.0000,1,1,1,4,1,1,1,1,1,5
SF,IC2009,2020-06-08 09:32:52.600,5357.2000,47539,0,767261160.000,0,-,-,-,-,5356.2000,5356.0000,5355.8000,5355.4000,5355.2000,5357.4000,5358.0000,5359.0000,5360.2000,5363.0000,2,2,1,1,4,1,1,1,1,5
SF,IC2009,2020-06-08 09:32:53.100,5357.2000,47539,0,767261160.000,0,-,-,-,-,5356.0000,5355.8000,5355.4000,5355.2000,5354.8000,5357.4000,5358.0000,5359.0000,5360.2000,5363.0000,1,1,1,4,1,1,1,1,1,5
SF,IC2009,2020-06-08 09:32:53.600,5357.2000,47539,0,767261160.000,0,-,-,-,-,5357.2000,5356.4000,5356.0000,5355.8000,5355.4000,5357.4000,5358.0000,5359.0000,5360.2000,5363.0000,1,1,1,1,1,1,1,1,1,5
SF,IC2009,2020-06-08 09:32:54.100,5357.2000,47539,0,768332600.000,1,0,1,多换,S,5356.4000,5356.0000,5355.8000,5355.4000,5355.2000,5357.2000,5357.4000,5358.0000,5359.0000,5360.2000,1,1,1,1,4,4,1,1,1,1
SF,IC2009,2020-06-08 09:32:54.600,5356.0000,47538,-1,769403800.000,1,0,1,双平,S,5355.8000,5355.4000,5355.2000,5354.8000,5354.2000,5356.0000,5357.0000,5357.2000,5357.4000,5358.0000,1,1,4,1,1,1,1,2,1,1
SF,IC2009,2020-06-08 09:32:55.100,5356.0000,47537,-1,770475000.000,1,0,1,双平,S,5355.8000,5355.4000,5355.2000,5354.2000,5353.4000,5357.0000,5357.2000,5357.4000,5358.0000,5359.0000,1,1,4,1,1,1,2,1,1,1
SF,IC2009,2020-06-08 09:32:55.600,5355.8000,47538,1,771546160.000,1,1,0,双开,S,5355.4000,5355.2000,5354.2000,5353.4000,5353.0000,5355.8000,5356.8000,5357.0000,5357.4000,5358.0000,1,4,1,1,2,18,1,1,1,1
SF,IC2009,2020-06-08 09:32:56.100,5355.4000,47537,-1,772617240.000,1,0,1,双平,S,5355.2000,5354.2000,5353.4000,5353.0000,5352.6000,5355.8000,5356.8000,5357.0000,5357.4000,5358.0000,4,1,1,2,1,18,1,1,1,1
SF,IC2009,2020-06-08 09:32:56.600,5355.2000,47534,-3,776901400.000,4,0,4,多平,S,5354.2000,5353.4000,5353.0000,5352.6000,5352.2000,5355.2000,5355.8000,5356.8000,5357.4000,5358.0000,1,1,2,1,1,3,18,1,1,1
SF,IC2009,2020-06-08 09:32:57.100,5355.2000,47534,0,776901400.000,0,-,-,-,-,5353.0000,5352.6000,5352.2000,5351.4000,5351.0000,5354.2000,5355.0000,5355.2000,5355.8000,5357.4000,2,1,1,5,1,2,2,1,18,1
SF,IC2009,2020-06-08 09:32:57.600,5355.2000,47534,0,776901400.000,0,-,-,-,-,5354.2000,5354.0000,5353.6000,5353.4000,5353.2000,5355.0000,5355.2000,5355.8000,5357.4000,5359.0000,3,5,1,1,2,2,1,18,1,1
SF,IC2009,2020-06-08 09:32:58.100,5353.0000,47532,-2,783326080.000,6,2,4,多平,S,5352.6000,5352.2000,5351.4000,5351.0000,5350.4000,5354.0000,5355.0000,5355.2000,5357.4000,5359.0000,1,1,5,1,1,17,2,1,1,1
SF,IC2009,2020-06-08 09:32:58.600,5353.8000,47532,0,784396840.000,1,0,1,多换,S,5353.0000,5352.6000,5352.2000,5351.4000,5351.0000,5353.8000,5354.0000,5355.2000,5357.4000,5359.0000,5,1,1,5,1,2,17,6,1,1
SF,IC2009,2020-06-08 09:32:59.100,5353.0000,47532,0,785467440.000,1,0,1,多换,S,5353.0000,5352.6000,5352.2000,5351.4000,5351.0000,5353.8000,5354.0000,5354.2000,5355.0000,5355.2000,4,1,1,5,1,2,17,1,1,6
SF,IC2009,2020-06-08 09:32:59.600,5353.0000,47532,0,787608640.000,2,1,1,多换,S,5352.6000,5352.2000,5351.4000,5351.0000,5350.4000,5353.6000,5353.8000,5354.0000,5354.2000,5355.0000,1,1,5,1,1,1,2,17,1,1
SF,IC2009,2020-06-08 09:33:00.100,5353.0000,47532,0,787608640.000,0,-,-,-,-,5352.6000,5352.2000,5351.4000,5351.0000,5350.4000,5353.4000,5353.8000,5354.0000,5354.2000,5355.2000,1,1,5,1,1,1,1,17,1,6
SF,IC2009,2020-06-08 09:33:00.600,5353.2000,47531,-1,789749800.000,2,0,2,多平,S,5352.2000,5351.4000,5351.0000,5350.4000,5350.0000,5352.6000,5353.4000,5354.0000,5354.2000,5355.2000,1,5,1,1,1,1,1,17,1,6
SF,IC2009,2020-06-08 09:33:01.100,5353.4000,47530,-1,791891000.000,2,0,2,多平,S,5352.6000,5352.2000,5351.4000,5351.0000,5350.4000,5354.0000,5354.2000,5355.2000,5357.4000,5359.0000,2,1,5,1,1,17,1,6,1,1
SF,IC2009,2020-06-08 09:33:01.600,5353.4000,47530,0,791891000.000,0,-,-,-,-,5352.8000,5352.2000,5351.4000,5351.0000,5350.4000,5353.0000,5353.8000,5354.0000,5354.2000,5355.0000,1,1,5,1,1,1,1,17,1,1
SF,IC2009,2020-06-08 09:33:02.100,5352.2000,47528,-2,800455680.000,8,3,5,多平,S,5351.4000,5351.0000,5350.4000,5350.0000,5348.0000,5352.2000,5353.8000,5354.2000,5355.0000,5355.2000,5,1,1,1,2,7,1,1,1,6
SF,IC2009,2020-06-08 09:33:02.600,5352.4000,47530,2,814371600.000,13,7,6,空开,S,5352.8000,5352.4000,5352.2000,5351.8000,5351.6000,5353.8000,5354.2000,5355.0000,5355.2000,5357.4000,4,3,2,1,6,1,1,1,6,1
SF,IC2009,2020-06-08 09:33:03.100,5353.0000,47529,-1,816512960.000,2,0,2,多平,S,5352.4000,5352.2000,5351.8000,5351.6000,5351.4000,5354.2000,5355.0000,5355.2000,5357.4000,5359.0000,2,1,1,6,6,1,1,6,1,1
SF,IC2009,2020-06-08 09:33:03.600,5353.0000,47529,0,817583560.000,1,0,1,多换,S,5353.0000,5352.8000,5352.6000,5352.4000,5352.2000,5354.2000,5355.0000,5355.2000,5357.4000,5359.0000,7,1,5,2,1,1,1,6,1,1
SF,IC2009,2020-06-08 09:33:04.100,5354.2000,47528,-1,818654400.000,1,0,1,双平,S,5353.8000,5353.2000,5353.0000,5352.6000,5352.4000,5355.0000,5355.2000,5357.4000,5359.0000,5359.6000,1,2,7,5,2,1,6,1,1,1
SF,IC2009,2020-06-08 09:33:04.600,5354.8000,47528,0,820796120.000,2,1,1,多换,S,5353.8000,5353.2000,5353.0000,5352.6000,5352.4000,5354.8000,5355.0000,5355.2000,5357.4000,5359.0000,2,2,5,4,2,1,1,6,1,1
SF,IC2009,2020-06-08 09:33:05.100,5354.8000,47528,0,820796120.000,0,-,-,-,-,5354.8000,5353.8000,5353.2000,5353.0000,5352.6000,5355.0000,5355.2000,5357.4000,5359.0000,5359.6000,1,3,1,5,4,1,6,1,1,1
SF,IC2009,2020-06-08 09:33:05.600,5354.8000,47526,-2,822938080.000,2,0,2,双平,S,5353.8000,5353.2000,5353.0000,5352.6000,5352.4000,5355.2000,5357.4000,5359.0000,5359.6000,5360.2000,3,1,5,4,2,6,1,1,1,1
SF,IC2009,2020-06-08 09:33:06.100,5355.2000,47523,-3,828293280.000,5,1,4,多平,S,5354.2000,5354.0000,5353.0000,5352.6000,5352.4000,5355.2000,5357.4000,5359.0000,5359.6000,5360.2000,2,7,5,2,2,1,1,1,1,1
SF,IC2009,2020-06-08 09:33:06.600,5355.2000,47523,0,828293280.000,0,-,-,-,-,5354.4000,5354.0000,5353.0000,5352.6000,5352.4000,5355.2000,5357.4000,5359.0000,5359.6000,5360.2000,2,4,5,2,2,1,1,1,1,1
SF,IC2009,2020-06-08 09:33:07.100,5355.2000,47523,0,828293280.000,0,-,-,-,-,5354.4000,5353.0000,5352.6000,5352.4000,5352.2000,5355.2000,5357.4000,5359.0000,5359.6000,5360.2000,1,5,2,2,1,1,1,1,1,1
SF,IC2009,2020-06-08 09:33:07.600,5355.2000,47523,0,829364320.000,1,0,1,多换,S,5354.4000,5353.0000,5352.6000,5352.4000,5352.2000,5357.4000,5359.0000,5359.6000,5360.2000,5363.0000,1,5,2,2,1,1,1,1,1,5
SF,IC2009,2020-06-08 09:33:08.100,5354.4000,47522,-1,830435200.000,1,0,1,双平,S,5353.0000,5352.6000,5352.4000,5352.2000,5351.8000,5355.6000,5356.8000,5357.0000,5357.2000,5357.4000,5,2,2,1,1,1,1,1,1,1
SF,IC2009,2020-06-08 09:33:08.600,5354.2000,47522,0,834718560.000,4,2,2,多换,S,5353.6000,5353.4000,5353.2000,5353.0000,5352.4000,5355.4000,5357.4000,5359.0000,5359.6000,5360.2000,1,3,5,5,2,1,2,1,1,1
SF,IC2009,2020-06-08 09:33:09.100,5354.2000,47522,0,834718560.000,0,-,-,-,-,5353.8000,5353.0000,5352.4000,5352.2000,5351.8000,5355.2000,5355.4000,5355.6000,5357.4000,5359.0000,1,5,2,1,1,2,3,1,1,1
SF,IC2009,2020-06-08 09:33:09.600,5354.2000,47522,0,834718560.000,0,-,-,-,-,5354.8000,5354.4000,5354.2000,5354.0000,5353.8000,5357.4000,5359.0000,5359.6000,5360.2000,5363.0000,4,1,1,1,5,1,1,1,1,5
SF,IC2009,2020-06-08 09:33:10.100,5354.2000,47522,0,834718560.000,0,-,-,-,-,5353.8000,5353.0000,5352.4000,5352.2000,5351.8000,5355.0000,5355.2000,5357.0000,5357.2000,5357.4000,1,5,2,1,1,1,1,1,2,3
SF,IC2009,2020-06-08 09:33:10.600,5354.2000,47522,0,834718560.000,0,-,-,-,-,5353.8000,5353.0000,5352.4000,5352.2000,5351.8000,5357.2000,5357.4000,5359.0000,5359.6000,5360.2000,1,5,2,1,1,2,1,1,1,1
SF,IC2009,2020-06-08 09:33:11.100,5354.2000,47522,0,834718560.000,0,-,-,-,-,5354.4000,5354.2000,5354.0000,5353.8000,5353.0000,5357.2000,5357.4000,5359.0000,5359.6000,5360.2000,5,1,6,1,5,2,1,1,1,1
SF,IC2009,2020-06-08 09:33:11.600,5354.2000,47522,0,834718560.000,0,-,-,-,-,5354.6000,5354.0000,5353.0000,5352.4000,5352.2000,5356.8000,5357.2000,5357.4000,5359.0000,5359.6000,1,4,6,2,1,1,1,1,1,1
SF,IC2009,2020-06-08 09:33:12.100,5354.2000,47522,0,834718560.000,0,-,-,-,-,5354.8000,5354.6000,5354.0000,5353.0000,5352.4000,5356.6000,5357.4000,5359.0000,5359.6000,5360.2000,2,3,4,6,2,1,1,1,1,1
SF,IC2009,2020-06-08 09:33:12.600,5354.2000,47521,-1,835789400.000,1,0,1,双平,S,5354.8000,5354.6000,5354.0000,5353.8000,5353.6000,5356.4000,5356.6000,5356.8000,5357.4000,5359.0000,1,2,4,1,1,1,1,1,1,1
SF,IC2009,2020-06-08 09:33:13.100,5354.2000,47521,0,835789400.000,0,-,-,-,-,5354.8000,5354.6000,5354.2000,5354.0000,5353.8000,5356.2000,5356.8000,5357.4000,5359.0000,5359.6000,2,2,3,4,1,2,1,1,1,1
SF,IC2009,2020-06-08 09:33:13.600,5354.2000,47521,0,835789400.000,0,-,-,-,-,5354.6000,5354.2000,5354.0000,5353.8000,5353.6000,5355.4000,5356.2000,5357.4000,5359.0000,5359.6000,2,3,2,1,1,1,3,1,1,1
SF,IC2009,2020-06-08 09:33:14.100,5354.2000,47521,0,835789400.000,0,-,-,-,-,5354.2000,5354.0000,5353.6000,5353.0000,5352.4000,5356.2000,5357.4000,5359.0000,5359.6000,5360.2000,3,2,1,6,2,2,1,1,1,4
SF,IC2009,2020-06-08 09:33:14.600,5356.2000,47517,-4,840074280.000,4,0,4,双平,S,5356.4000,5354.4000,5354.2000,5354.0000,5353.6000,5357.4000,5359.0000,5359.6000,5360.2000,5363.0000,1,2,4,2,1,1,1,1,4,5
SF,IC2009,2020-06-08 09:33:15.100,5356.2000,47516,-1,841145520.000,1,0,1,双平,S,5354.4000,5354.2000,5354.0000,5353.6000,5353.0000,5356.0000,5356.4000,5357.0000,5357.2000,5357.4000,1,4,2,1,6,1,6,3,1,2
SF,IC2009,2020-06-08 09:33:15.600,5354.6000,47516,0,842216440.000,1,0,1,多换,S,5354.4000,5354.2000,5354.0000,5353.6000,5353.0000,5355.8000,5356.0000,5356.4000,5357.2000,5357.4000,1,4,2,1,6,1,1,5,1,2
SF,IC2009,2020-06-08 09:33:16.100,5354.6000,47516,0,842216440.000,0,-,-,-,-,5354.6000,5354.4000,5354.2000,5353.6000,5353.0000,5355.8000,5356.0000,5356.4000,5357.2000,5357.4000,3,1,4,1,6,1,1,6,1,2
SF,IC2009,2020-06-08 09:33:16.600,5354.6000,47515,-1,844358280.000,2,0,2,多平,S,5354.6000,5354.2000,5353.6000,5353.0000,5352.4000,5355.0000,5355.6000,5355.8000,5356.0000,5356.4000,1,4,1,6,2,1,1,3,1,6
SF,IC2009,2020-06-08 09:33:17.100,5354.8000,47515,0,847571080.000,3,1,2,多换,S,5354.2000,5353.6000,5353.0000,5352.4000,5351.8000,5354.8000,5355.0000,5355.8000,5356.0000,5356.4000,4,1,6,2,1,1,1,2,2,6
SF,IC2009,2020-06-08 09:33:17.600,5354.2000,47511,-4,851854440.000,4,0,4,双平,S,5353.6000,5353.0000,5352.4000,5351.8000,5351.6000,5354.2000,5354.4000,5354.6000,5355.0000,5355.8000,1,6,2,1,2,2,2,2,1,2
SF,IC2009,2020-06-08 09:33:18.100,5354.2000,47511,0,851854440.000,0,-,-,-,-,5353.6000,5353.0000,5352.4000,5351.8000,5351.6000,5354.4000,5354.6000,5354.8000,5355.0000,5355.8000,1,6,2,1,2,1,1,1,1,1
SF,IC2009,2020-06-08 09:33:18.600,5354.2000,47511,0,851854440.000,0,-,-,-,-,5353.6000,5353.0000,5352.4000,5351.6000,5351.4000,5354.2000,5354.4000,5354.6000,5354.8000,5355.0000,1,6,2,1,6,1,1,1,1,1
SF,IC2009,2020-06-08 09:33:19.100,5354.2000,47511,0,851854440.000,0,-,-,-,-,5353.6000,5353.0000,5352.4000,5351.6000,5351.4000,5354.4000,5354.6000,5355.0000,5356.0000,5356.4000,1,6,2,1,6,1,1,1,1,3
SF,IC2009,2020-06-08 09:33:19.600,5354.4000,47510,-1,852925320.000,1,0,1,双平,S,5353.8000,5353.6000,5353.0000,5352.4000,5351.6000,5354.6000,5355.0000,5356.0000,5356.4000,5357.2000,1,1,6,2,1,1,1,1,3,1
SF,IC2009,2020-06-08 09:33:20.100,5353.8000,47507,-3,856137760.000,3,0,3,双平,S,5353.6000,5353.0000,5352.4000,5351.6000,5351.4000,5355.0000,5356.0000,5356.4000,5357.2000,5357.4000,1,6,2,1,6,1,1,3,1,1
SF,IC2009,2020-06-08 09:33:20.600,5353.8000,47507,0,856137760.000,0,-,-,-,-,5353.6000,5353.0000,5352.4000,5351.6000,5351.4000,5353.8000,5354.8000,5355.0000,5356.0000,5356.4000,1,6,2,1,6,1,1,2,1,3
SF,IC2009,2020-06-08 09:33:21.100,5354.8000,47506,-1,858279480.000,2,0,2,多平,S,5353.8000,5353.6000,5353.0000,5352.4000,5351.6000,5355.0000,5356.0000,5356.4000,5357.2000,5357.4000,1,2,6,2,1,2,1,3,1,1
SF,IC2009,2020-06-08 09:33:21.600,5353.6000,47504,-2,860420920.000,2,0,2,双平,S,5353.0000,5352.4000,5351.6000,5351.4000,5351.2000,5353.6000,5354.8000,5355.0000,5356.0000,5356.4000,6,2,1,6,2,2,1,2,1,3
SF,IC2009,2020-06-08 09:33:22.100,5353.6000,47504,0,860420920.000,0,-,-,-,-,5353.0000,5352.4000,5351.6000,5351.4000,5351.2000,5353.4000,5353.6000,5354.8000,5355.0000,5356.0000,6,2,1,6,2,1,2,1,1,1
SF,IC2009,2020-06-08 09:33:23.100,5353.0000,47500,-4,864703320.000,4,0,4,双平,S,5353.0000,5352.4000,5351.6000,5351.4000,5351.2000,5353.4000,5353.6000,5354.8000,5355.0000,5356.0000,2,2,1,6,2,1,2,1,1,1
SF,IC2009,2020-06-08 09:33:23.600,5353.0000,47500,0,864703320.000,0,-,-,-,-,5353.0000,5352.4000,5351.6000,5351.4000,5351.2000,5353.4000,5353.6000,5354.4000,5355.0000,5356.0000,2,2,1,6,2,1,2,1,1,1
SF,IC2009,2020-06-08 09:33:24.100,5353.4000,47499,-1,865774000.000,1,0,1,双平,S,5353.2000,5353.0000,5352.4000,5351.6000,5351.4000,5353.6000,5354.4000,5355.0000,5356.0000,5356.4000,2,2,2,1,6,2,1,1,1,1
SF,IC2009,2020-06-08 09:33:24.600,5353.4000,47499,0,865774000.000,0,-,-,-,-,5353.0000,5352.4000,5351.6000,5351.4000,5351.2000,5353.6000,5354.0000,5354.4000,5355.0000,5356.0000,2,2,1,6,2,2,1,1,1,1
SF,IC2009,2020-06-08 09:33:25.100,5353.0000,47498,-1,866844600.000,1,0,1,双平,S,5353.0000,5352.4000,5351.6000,5351.4000,5351.2000,5353.4000,5353.6000,5354.0000,5354.4000,5355.0000,1,2,1,6,2,1,2,1,1,1
SF,IC2009,2020-06-08 09:33:25.600,5353.0000,47498,0,867915200.000,1,0,1,多换,S,5352.4000,5351.6000,5351.4000,5351.2000,5351.0000,5353.0000,5353.6000,5354.0000,5355.0000,5356.0000,2,1,6,2,1,1,2,1,1,1
SF,IC2009,2020-06-08 09:33:26.100,5353.0000,47498,0,867915200.000,0,-,-,-,-,5352.4000,5351.4000,5351.2000,5351.0000,5350.6000,5353.0000,5353.6000,5354.0000,5355.0000,5356.0000,2,5,2,1,1,1,2,1,1,1
SF,IC2009,2020-06-08 09:33:26.600,5353.0000,47498,0,867915200.000,0,-,-,-,-,5352.4000,5351.4000,5351.2000,5351.0000,5350.6000,5353.6000,5354.0000,5355.0000,5356.0000,5356.4000,2,5,2,1,1,2,1,1,1,1
SF,IC2009,2020-06-08 09:33:27.100,5352.6000,47497,-1,868985720.000,1,0,1,双平,S,5352.4000,5351.4000,5351.2000,5351.0000,5350.6000,5353.4000,5353.6000,5354.0000,5356.0000,5356.4000,2,5,2,1,1,1,2,1,1,1
SF,IC2009,2020-06-08 09:33:27.600,5352.4000,47498,1,870056200.000,1,1,0,双开,S,5352.4000,5351.4000,5351.2000,5351.0000,5350.6000,5353.6000,5354.0000,5356.0000,5356.4000,5357.2000,1,5,2,1,1,2,1,1,1,1
SF,IC2009,2020-06-08 09:33:28.100,5352.4000,47497,-1,871126680.000,1,0,1,双平,S,5351.4000,5351.2000,5351.0000,5350.6000,5350.4000,5353.4000,5353.6000,5354.0000,5356.0000,5356.4000,5,2,1,1,1,2,2,1,1,1
SF,IC2009,2020-06-08 09:33:28.600,5352.4000,47497,0,871126680.000,0,-,-,-,-,5351.6000,5351.4000,5351.2000,5351.0000,5350.6000,5352.4000,5353.4000,5353.6000,5354.0000,5356.0000,5,5,2,1,1,6,3,2,1,1
SF,IC2009,2020-06-08 09:33:29.100,5352.4000,47497,0,871126680.000,0,-,-,-,-,5351.6000,5351.4000,5351.2000,5351.0000,5350.6000,5352.4000,5353.2000,5353.4000,5353.6000,5354.0000,1,5,2,1,1,6,1,1,2,1
SF,IC2009,2020-06-08 09:33:29.600,5352.2000,47497,0,872197120.000,1,0,1,多换,S,5351.4000,5351.2000,5351.0000,5350.6000,5350.4000,5351.6000,5352.4000,5353.2000,5353.4000,5353.6000,5,2,1,1,1,1,6,2,1,2
SF,IC2009,2020-06-08 09:33:30.100,5352.4000,47499,2,879689320.000,7,4,3,空开,S,5351.2000,5351.0000,5350.6000,5350.4000,5350.0000,5352.4000,5353.2000,5353.4000,5353.6000,5354.0000,2,1,1,1,2,5,2,1,2,1
SF,IC2009,2020-06-08 09:33:30.600,5351.2000,47498,-1,882900040.000,3,1,2,多平,S,5351.0000,5350.4000,5350.0000,5348.0000,5345.8000,5351.4000,5352.2000,5352.4000,5353.2000,5353.6000,1,1,2,2,5,1,4,5,1,2
SF,IC2009,2020-06-08 09:33:31.100,5351.0000,47498,0,883970240.000,1,0,1,多换,S,5350.4000,5350.0000,5348.0000,5345.8000,5345.0000,5351.4000,5352.0000,5352.2000,5352.4000,5353.6000,1,2,2,5,2,1,1,3,5,2
SF,IC2009,2020-06-08 09:33:31.600,5351.0000,47498,0,883970240.000,0,-,-,-,-,5350.4000,5350.0000,5348.0000,5345.8000,5345.0000,5351.2000,5351.4000,5352.0000,5352.2000,5352.4000,1,2,2,5,2,2,1,1,2,5
SF,IC2009,2020-06-08 09:33:33.100,5351.0000,47498,0,883970240.000,0,-,-,-,-,5350.4000,5350.0000,5348.0000,5345.8000,5345.0000,5351.2000,5351.4000,5352.0000,5352.2000,5352.4000,2,2,2,5,2,2,1,1,2,5
SF,IC2009,2020-06-08 09:33:33.600,5350.4000,47499,1,886110520.000,2,1,1,空开,S,5350.0000,5348.0000,5345.8000,5345.0000,5343.0000,5350.4000,5351.2000,5351.4000,5352.0000,5352.4000,2,2,5,2,1,1,2,1,1,5
SF,IC2009,2020-06-08 09:33:34.100,5350.4000,47499,0,886110520.000,0,-,-,-,-,5350.0000,5348.0000,5345.8000,5345.0000,5343.0000,5350.4000,5351.2000,5351.4000,5352.0000,5352.4000,2,2,5,2,1,1,2,1,1,5
SF,IC2009,2020-06-08 09:33:34.600,5350.4000,47498,-1,887180600.000,1,0,1,双平,S,5350.2000,5350.0000,5348.0000,5345.8000,5345.0000,5351.0000,5351.2000,5351.4000,5352.0000,5352.4000,2,2,2,5,2,1,2,1,1,5
SF,IC2009,2020-06-08 09:33:35.100,5351.0000,47498,0,888250800.000,1,0,1,多换,S,5350.4000,5350.2000,5350.0000,5348.0000,5345.8000,5351.2000,5352.0000,5352.4000,5354.4000,5356.4000,1,3,6,2,5,2,1,4,2,1
SF,IC2009,2020-06-08 09:33:35.600,5351.0000,47498,0,888250800.000,0,-,-,-,-,5350.0000,5348.0000,5345.8000,5345.0000,5343.0000,5351.0000,5351.2000,5352.0000,5352.4000,5354.4000,6,2,5,2,1,1,2,1,4,2
SF,IC2009,2020-06-08 09:33:36.100,5351.0000,47498,0,888250800.000,0,-,-,-,-,5350.0000,5348.0000,5345.8000,5345.0000,5343.0000,5351.0000,5351.2000,5352.4000,5354.4000,5356.4000,6,2,5,2,1,1,2,4,2,1
SF,IC2009,2020-06-08 09:33:37.100,5351.0000,47497,-1,889321000.000,1,0,1,双平,S,5350.0000,5348.0000,5345.8000,5345.0000,5343.0000,5350.2000,5351.0000,5351.2000,5352.4000,5354.4000,6,2,5,2,1,1,1,2,4,2
SF,IC2009,2020-06-08 09:33:37.600,5351.0000,47495,-2,891461400.000,2,0,2,双平,S,5350.4000,5350.2000,5350.0000,5348.0000,5345.8000,5351.2000,5352.4000,5354.4000,5356.4000,5357.2000,4,3,7,2,5,2,4,2,1,1
SF,IC2009,2020-06-08 09:33:38.100,5351.2000,47494,-1,893601880.000,2,0,2,多平,S,5350.6000,5350.4000,5350.2000,5350.0000,5348.0000,5352.4000,5354.4000,5356.4000,5357.2000,5357.4000,1,1,3,7,2,4,2,1,1,1
SF,IC2009,2020-06-08 09:33:38.600,5351.2000,47494,0,893601880.000,0,-,-,-,-,5351.0000,5350.8000,5350.6000,5350.4000,5350.0000,5352.2000,5352.4000,5354.4000,5356.4000,5357.2000,1,1,4,3,7,1,4,2,1,1
SF,IC2009,2020-06-08 09:33:39.100,5351.2000,47494,0,893601880.000,0,-,-,-,-,5352.2000,5351.2000,5351.0000,5350.8000,5350.6000,5352.4000,5354.4000,5356.4000,5357.2000,5357.4000,1,4,3,4,3,4,2,1,1,1
SF,IC2009,2020-06-08 09:33:39.600,5352.4000,47492,-2,897883800.000,4,1,3,多平,S,5352.4000,5352.2000,5352.0000,5351.6000,5351.2000,5356.4000,5357.2000,5357.4000,5357.8000,5359.0000,1,1,2,2,7,1,1,1,1,1
SF,IC2009,2020-06-08 09:33:40.100,5352.4000,47492,0,897883800.000,0,-,-,-,-,5352.6000,5352.4000,5352.2000,5352.0000,5351.6000,5354.4000,5354.8000,5355.8000,5356.2000,5356.4000,3,1,1,2,2,1,2,1,1,1
SF,IC2009,2020-06-08 09:33:40.600,5352.4000,47492,0,897883800.000,0,-,-,-,-,5353.0000,5352.8000,5352.6000,5352.4000,5352.2000,5356.2000,5356.4000,5357.0000,5357.2000,5357.4000,1,6,1,1,1,1,1,2,1,1
SF,IC2009,2020-06-08 09:33:41.100,5350.4000,47484,-8,908586560.000,10,1,9,多平,S,5350.4000,5350.0000,5348.0000,5345.8000,5345.0000,5353.6000,5354.8000,5355.0000,5356.0000,5356.2000,2,7,2,5,2,1,1,2,5,1
SF,IC2009,2020-06-08 09:33:41.600,5352.0000,47483,-1,910727360.000,2,0,2,多平,S,5352.0000,5351.6000,5350.8000,5350.6000,5350.4000,5353.4000,5355.0000,5355.2000,5356.0000,5356.4000,1,2,5,6,3,1,1,2,3,1
SF,IC2009,2020-06-08 09:33:42.100,5352.0000,47483,0,910727360.000,0,-,-,-,-,5352.2000,5352.0000,5351.6000,5350.8000,5350.6000,5353.0000,5353.4000,5353.6000,5355.0000,5356.0000,3,1,2,4,4,1,1,1,1,3
SF,IC2009,2020-06-08 09:33:42.600,5352.0000,47483,0,910727360.000,0,-,-,-,-,5351.2000,5350.8000,5350.6000,5350.4000,5350.0000,5353.0000,5353.4000,5355.0000,5356.0000,5356.4000,1,3,4,4,8,1,2,1,3,1
SF,IC2009,2020-06-08 09:33:43.100,5352.0000,47483,0,910727360.000,0,-,-,-,-,5352.4000,5351.4000,5351.2000,5350.8000,5350.6000,5352.8000,5353.0000,5353.4000,5355.0000,5356.0000,2,2,2,1,3,1,1,1,1,3
SF,IC2009,2020-06-08 09:33:43.600,5352.0000,47483,0,910727360.000,0,-,-,-,-,5352.4000,5351.4000,5351.2000,5350.8000,5350.6000,5352.8000,5353.0000,5353.4000,5355.0000,5356.0000,2,2,2,1,3,1,1,1,1,3
SF,IC2009,2020-06-08 09:33:44.100,5352.4000,47483,0,912868320.000,2,1,1,多换,S,5351.4000,5351.2000,5350.8000,5350.6000,5350.4000,5352.8000,5353.0000,5355.0000,5356.0000,5356.4000,2,2,1,3,4,1,1,1,3,1
SF,IC2009,2020-06-08 09:33:44.600,5352.4000,47483,0,912868320.000,0,-,-,-,-,5351.4000,5351.2000,5350.8000,5350.6000,5350.4000,5352.8000,5353.0000,5355.0000,5356.0000,5356.4000,1,2,1,3,4,1,1,1,3,1
SF,IC2009,2020-06-08 09:33:45.100,5352.4000,47483,0,912868320.000,0,-,-,-,-,5351.4000,5351.2000,5350.8000,5350.6000,5350.4000,5352.8000,5353.0000,5355.0000,5356.0000,5356.4000,1,2,1,3,4,2,1,1,3,1
SF,IC2009,2020-06-08 09:33:45.600,5352.4000,47483,0,912868320.000,0,-,-,-,-,5351.2000,5350.6000,5350.4000,5350.0000,5348.0000,5352.6000,5352.8000,5353.0000,5355.0000,5356.0000,2,3,1,8,2,1,2,1,1,3
SF,IC2009,2020-06-08 09:33:46.100,5352.4000,47483,0,912868320.000,0,-,-,-,-,5351.2000,5350.6000,5350.4000,5350.0000,5348.0000,5352.4000,5352.6000,5353.0000,5355.0000,5356.0000,2,3,1,8,2,2,2,1,1,2
SF,IC2009,2020-06-08 09:33:46.600,5352.4000,47483,0,915009280.000,2,1,1,多换,S,5351.2000,5350.6000,5350.4000,5350.0000,5348.0000,5352.4000,5352.6000,5353.0000,5355.0000,5356.0000,2,3,1,8,2,2,1,1,1,2
SF,IC2009,2020-06-08 09:33:47.100,5352.4000,47483,0,915009280.000,0,-,-,-,-,5351.2000,5350.6000,5350.4000,5350.0000,5348.0000,5352.2000,5352.4000,5353.0000,5355.0000,5356.0000,2,3,1,8,2,1,2,1,1,2
SF,IC2009,2020-06-08 09:33:47.600,5351.2000,47481,-2,917149760.000,2,0,2,双平,S,5350.6000,5350.0000,5348.0000,5345.8000,5345.0000,5352.0000,5352.2000,5353.0000,5355.0000,5356.0000,3,7,2,5,2,2,1,1,1,2
SF,IC2009,2020-06-08 09:33:48.100,5351.2000,47481,0,917149760.000,0,-,-,-,-,5350.0000,5348.0000,5345.8000,5345.0000,5343.0000,5352.0000,5353.0000,5355.0000,5356.0000,5356.4000,7,2,5,2,1,2,1,1,2,1
SF,IC2009,2020-06-08 09:33:48.600,5351.2000,47481,0,917149760.000,0,-,-,-,-,5350.0000,5348.0000,5345.8000,5345.0000,5343.0000,5351.8000,5352.0000,5353.0000,5355.0000,5356.0000,7,2,5,2,1,1,2,1,1,2
SF,IC2009,2020-06-08 09:33:49.100,5351.6000,47481,0,918220080.000,1,0,1,多换,S,5350.0000,5348.0000,5345.8000,5345.0000,5343.0000,5351.6000,5351.8000,5353.0000,5355.0000,5356.0000,7,2,5,2,1,2,1,1,1,2
SF,IC2009,2020-06-08 09:33:49.600,5351.6000,47481,0,918220080.000,0,-,-,-,-,5351.0000,5350.2000,5350.0000,5348.0000,5345.8000,5351.4000,5351.6000,5353.0000,5355.0000,5356.0000,1,1,7,2,5,1,1,1,1,2
SF,IC2009,2020-06-08 09:33:50.100,5351.6000,47481,0,918220080.000,0,-,-,-,-,5351.0000,5350.2000,5350.0000,5348.0000,5345.8000,5351.6000,5353.0000,5355.0000,5356.0000,5356.4000,1,3,7,2,5,1,1,1,2,1
SF,IC2009,2020-06-08 09:33:50.600,5351.0000,47479,-2,923571080.000,5,1,4,多平,S,5350.2000,5350.0000,5348.0000,5345.8000,5345.0000,5351.4000,5351.6000,5353.0000,5355.0000,5356.0000,1,7,2,5,2,1,1,2,1,2
SF,IC2009,2020-06-08 09:33:51.100,5351.6000,47479,0,924641400.000,1,0,1,多换,S,5350.2000,5350.0000,5348.0000,5345.8000,5345.0000,5351.2000,5353.0000,5355.0000,5356.0000,5356.4000,1,7,2,5,2,1,2,1,2,1
SF,IC2009,2020-06-08 09:33:51.600,5351.6000,47479,0,924641400.000,0,-,-,-,-,5350.2000,5350.0000,5348.0000,5345.8000,5345.0000,5351.4000,5353.0000,5355.0000,5356.0000,5356.4000,1,7,2,5,2,1,2,1,2,1
SF,IC2009,2020-06-08 09:33:52.100,5350.0000,47480,1,927851440.000,3,2,1,空开,S,5350.0000,5348.0000,5345.8000,5345.0000,5343.0000,5350.8000,5351.2000,5351.4000,5353.0000,5356.0000,5,2,5,2,1,4,3,2,2,2
SF,IC2009,2020-06-08 09:33:52.600,5350.0000,47475,-5,935341440.000,7,1,6,多平,S,5348.0000,5345.8000,5345.0000,5343.0000,5341.8000,5349.0000,5350.0000,5350.4000,5350.6000,5350.8000,2,5,2,1,5,1,4,1,2,2
SF,IC2009,2020-06-08 09:33:53.100,5348.0000,47475,0,937480640.000,2,1,1,多换,S,5345.8000,5345.0000,5343.0000,5341.8000,5341.0000,5347.2000,5348.0000,5348.8000,5349.0000,5350.0000,5,2,1,5,31,1,1,1,1,3
SF,IC2009,2020-06-08 09:33:53.600,5345.8000,47473,-2,942826600.000,5,1,4,多平,S,5345.8000,5345.0000,5343.0000,5341.8000,5341.0000,5347.2000,5348.0000,5349.0000,5350.0000,5350.4000,4,2,1,5,31,1,1,2,1,1
SF,IC2009,2020-06-08 09:33:54.100,5346.2000,47471,-2,949242640.000,6,2,4,多平,S,5346.2000,5345.8000,5345.0000,5343.0000,5341.8000,5348.0000,5349.0000,5350.0000,5350.4000,5350.6000,1,4,2,1,5,1,1,1,2,3
SF,IC2009,2020-06-08 09:33:54.600,5347.2000,47467,-4,955658560.000,6,1,5,多平,S,5345.8000,5345.0000,5343.0000,5341.0000,5340.2000,5347.2000,5347.8000,5348.0000,5350.0000,5350.4000,4,2,1,31,1,4,4,3,1,2
SF,IC2009,2020-06-08 09:33:55.100,5347.2000,47466,-1,958866880.000,3,1,2,多平,S,5346.6000,5346.2000,5346.0000,5345.8000,5345.0000,5347.0000,5347.2000,5347.8000,5348.0000,5350.0000,1,1,1,4,2,1,1,1,1,1
SF,IC2009,2020-06-08 09:33:55.600,5347.2000,47463,-3,963144640.000,4,0,4,多平,S,5347.4000,5347.2000,5347.0000,5346.6000,5346.2000,5348.0000,5350.0000,5350.4000,5350.6000,5353.0000,1,4,1,1,1,1,1,2,1,2
SF,IC2009,2020-06-08 09:33:56.100,5348.0000,47461,-2,965283840.000,2,0,2,双平,S,5347.4000,5347.2000,5347.0000,5346.0000,5345.8000,5350.0000,5350.4000,5350.6000,5353.0000,5356.4000,1,4,6,2,4,1,1,1,2,1
SF,IC2009,2020-06-08 09:33:56.600,5347.4000,47461,0,967422840.000,2,1,1,多换,S,5347.4000,5347.2000,5347.0000,5346.0000,5345.8000,5349.8000,5350.0000,5350.4000,5350.6000,5353.0000,2,3,6,2,4,1,1,1,1,2
SF,IC2009,2020-06-08 09:33:57.100,5349.8000,47460,-1,968492800.000,1,0,1,双平,S,5349.8000,5347.8000,5347.6000,5347.4000,5347.2000,5350.4000,5350.6000,5353.0000,5356.4000,5357.4000,4,2,1,3,3,1,1,2,1,1
SF,IC2009,2020-06-08 09:33:57.600,5349.8000,47460,0,968492800.000,0,-,-,-,-,5349.8000,5347.8000,5347.6000,5347.4000,5347.2000,5350.2000,5350.4000,5353.0000,5356.4000,5357.4000,4,5,1,3,3,2,1,2,1,1
SF,IC2009,2020-06-08 09:33:58.100,5349.8000,47458,-2,970632720.000,2,0,2,双平,S,5349.8000,5347.6000,5347.4000,5347.2000,5347.0000,5353.0000,5356.4000,5357.4000,5357.8000,5359.0000,2,1,2,3,6,2,1,1,1,1
SF,IC2009,2020-06-08 09:33:58.600,5352.8000,47453,-5,975984400.000,5,0,5,双平,S,5349.8000,5347.6000,5347.2000,5347.0000,5346.0000,5352.8000,5353.0000,5356.4000,5357.4000,5357.8000,2,1,3,6,2,12,2,1,1,1
SF,IC2009,2020-06-08 09:33:59.100,5352.8000,47453,0,975984400.000,0,-,-,-,-,5350.0000,5349.8000,5347.2000,5347.0000,5346.0000,5352.0000,5352.8000,5353.0000,5356.4000,5357.4000,4,2,3,6,2,1,7,2,1,1
SF,IC2009,2020-06-08 09:33:59.600,5352.8000,47448,-5,981337200.000,5,0,5,双平,S,5350.2000,5350.0000,5349.8000,5348.0000,5347.2000,5352.2000,5352.8000,5353.0000,5356.4000,5357.4000,1,4,2,1,1,1,3,2,1,1
SF,IC2009,2020-06-08 09:34:00.100,5350.4000,47447,-1,982407280.000,1,0,1,双平,S,5350.4000,5350.2000,5350.0000,5349.8000,5348.0000,5352.0000,5352.2000,5352.8000,5353.0000,5356.4000,2,2,1,2,1,1,1,3,2,1
SF,IC2009,2020-06-08 09:34:00.600,5352.0000,47446,-1,983477680.000,1,0,1,双平,S,5350.6000,5350.4000,5350.2000,5349.8000,5348.0000,5352.8000,5353.0000,5356.4000,5357.4000,5357.8000,5,2,1,2,1,3,2,1,1,1
SF,IC2009,2020-06-08 09:34:01.100,5351.0000,47446,0,984547880.000,1,0,1,多换,S,5351.0000,5350.6000,5350.4000,5349.8000,5348.0000,5352.6000,5352.8000,5353.0000,5356.4000,5357.4000,1,1,1,2,1,1,2,2,1,1
SF,IC2009,2020-06-08 09:34:01.600,5350.4000,47445,-1,985617960.000,1,0,1,双平,S,5349.8000,5348.0000,5347.2000,5347.0000,5346.0000,5350.8000,5351.8000,5352.4000,5352.6000,5352.8000,2,1,1,6,2,7,3,11,7,1
SF,IC2009,2020-06-08 09:34:02.100,5350.8000,47445,0,986688120.000,1,0,1,多换,S,5349.8000,5348.0000,5347.2000,5347.0000,5346.0000,5350.6000,5352.4000,5352.6000,5352.8000,5353.0000,2,1,1,6,2,2,1,8,1,2
SF,IC2009,2020-06-08 09:34:02.600,5350.6000,47443,-2,988828400.000,2,0,2,双平,S,5350.0000,5349.8000,5348.0000,5347.2000,5347.0000,5352.4000,5352.6000,5352.8000,5353.0000,5354.4000,2,2,1,1,6,1,6,1,2,2
SF,IC2009,2020-06-08 09:34:03.100,5352.2000,47442,-1,989898840.000,1,0,1,双平,S,5352.4000,5350.4000,5350.2000,5350.0000,5349.8000,5352.6000,5353.0000,5354.4000,5356.4000,5357.4000,4,1,1,3,2,1,2,2,1,1
SF,IC2009,2020-06-08 09:34:03.600,5352.4000,47438,-4,994180760.000,4,0,4,双平,S,5350.2000,5350.0000,5349.8000,5348.0000,5347.2000,5352.2000,5352.4000,5353.0000,5354.4000,5356.4000,1,2,2,1,1,6,1,2,2,1
SF,IC2009,2020-06-08 09:34:04.100,5352.4000,47438,0,994180760.000,0,-,-,-,-,5350.4000,5350.2000,5350.0000,5349.8000,5348.0000,5353.0000,5354.4000,5356.4000,5357.4000,5357.8000,3,1,1,2,1,2,2,1,1,1
SF,IC2009,2020-06-08 09:34:04.600,5352.4000,47438,0,994180760.000,0,-,-,-,-,5350.6000,5350.4000,5350.2000,5350.0000,5349.8000,5353.0000,5354.4000,5356.4000,5357.4000,5357.8000,2,2,1,1,2,2,2,1,1,1
SF,IC2009,2020-06-08 09:34:05.100,5353.0000,47437,-1,996321960.000,2,0,2,多平,S,5351.0000,5350.8000,5350.6000,5350.0000,5349.8000,5354.4000,5356.4000,5357.4000,5357.8000,5359.0000,1,3,2,1,2,2,1,1,1,1
SF,IC2009,2020-06-08 09:34:05.600,5353.0000,47437,0,996321960.000,0,-,-,-,-,5351.6000,5351.2000,5351.0000,5350.8000,5350.4000,5354.2000,5356.0000,5356.4000,5357.4000,5357.8000,1,1,2,1,1,1,2,1,1,1
SF,IC2009,2020-06-08 09:34:06.100,5353.0000,47437,0,996321960.000,0,-,-,-,-,5351.8000,5351.0000,5350.8000,5350.0000,5349.8000,5353.8000,5354.2000,5354.4000,5356.0000,5356.4000,1,2,1,1,2,1,2,1,2,1
SF,IC2009,2020-06-08 09:34:06.600,5353.0000,47437,0,996321960.000,0,-,-,-,-,5352.0000,5351.8000,5351.6000,5351.0000,5350.0000,5354.2000,5356.0000,5356.4000,5357.4000,5357.8000,2,2,1,1,1,2,2,1,1,1
SF,IC2009,2020-06-08 09:34:07.100,5354.2000,47435,-2,999534240.000,3,0,3,多平,S,5354.2000,5352.2000,5350.0000,5349.8000,5349.2000,5356.0000,5356.4000,5357.4000,5357.8000,5359.0000,2,1,1,2,1,2,1,1,1,1
SF,IC2009,2020-06-08 09:34:07.600,5354.2000,47435,0,999534240.000,0,-,-,-,-,5354.4000,5354.2000,5352.4000,5352.2000,5350.0000,5355.6000,5355.8000,5356.0000,5356.4000,5357.4000,2,2,1,2,1,1,2,2,1,1
SF,IC2009,2020-06-08 09:34:08.100,5354.2000,47435,0,999534240.000,0,-,-,-,-,5354.4000,5354.2000,5352.2000,5350.0000,5349.8000,5355.4000,5355.6000,5355.8000,5356.4000,5357.4000,2,2,2,1,2,1,1,1,1,1
SF,IC2009,2020-06-08 09:34:08.600,5354.2000,47435,0,999534240.000,0,-,-,-,-,5354.6000,5354.4000,5354.2000,5352.2000,5350.0000,5355.8000,5356.4000,5357.4000,5357.8000,5359.0000,1,2,2,1,1,1,1,3,1,1
SF,IC2009,2020-06-08 09:34:09.100,5354.2000,47435,0,999534240.000,0,-,-,-,-,5355.4000,5354.8000,5354.6000,5354.4000,5354.2000,5355.6000,5356.4000,5357.4000,5357.8000,5359.0000,5,1,1,1,2,1,1,3,1,1
SF,IC2009,2020-06-08 09:34:09.600,5354.8000,47430,-5,1007031680.000,7,1,6,多平,S,5354.6000,5354.2000,5350.0000,5349.8000,5349.2000,5355.2000,5356.4000,5357.4000,5357.8000,5359.0000,1,2,1,2,1,3,1,3,1,1
SF,IC2009,2020-06-08 09:34:10.100,5355.2000,47429,-1,1010244800.000,3,1,2,多平,S,5354.2000,5350.0000,5349.8000,5349.2000,5348.0000,5356.4000,5357.4000,5357.8000,5359.0000,5359.6000,2,1,2,1,1,1,3,1,1,1
SF,IC2009,2020-06-08 09:34:10.600,5355.2000,47429,0,1010244800.000,0,-,-,-,-,5354.4000,5354.2000,5350.0000,5349.8000,5349.2000,5356.0000,5356.2000,5356.4000,5357.4000,5357.8000,1,2,1,2,1,1,7,3,3,1
SF,IC2009,2020-06-08 09:34:11.100,5355.2000,47429,0,1010244800.000,0,-,-,-,-,5354.6000,5354.4000,5354.2000,5350.0000,5349.8000,5355.8000,5356.4000,5357.4000,5357.8000,5359.0000,1,2,2,1,2,1,1,3,1,1
SF,IC2009,2020-06-08 09:34:11.600,5354.4000,47429,0,1012386600.000,2,1,1,多换,S,5354.2000,5350.0000,5349.8000,5349.2000,5348.0000,5355.6000,5355.8000,5356.4000,5357.4000,5357.8000,2,1,2,1,1,1,4,1,3,1
SF,IC2009,2020-06-08 09:34:12.100,5354.4000,47429,0,1013457480.000,1,0,1,多换,S,5354.2000,5350.0000,5349.8000,5349.2000,5348.0000,5355.4000,5355.6000,5355.8000,5356.4000,5357.4000,2,1,2,1,1,2,1,2,1,3
SF,IC2009,2020-06-08 09:34:12.600,5354.4000,47429,0,1013457480.000,0,-,-,-,-,5354.2000,5350.0000,5349.8000,5349.2000,5348.0000,5354.6000,5355.4000,5355.6000,5355.8000,5356.4000,2,1,2,1,1,1,1,1,2,1
SF,IC2009,2020-06-08 09:34:13.100,5354.6000,47428,-1,1014528400.000,1,0,1,双平,S,5354.2000,5349.8000,5349.2000,5348.0000,5347.6000,5355.4000,5355.8000,5356.4000,5357.4000,5357.8000,2,2,1,1,5,1,2,1,3,1
SF,IC2009,2020-06-08 09:34:13.600,5354.6000,47428,0,1014528400.000,0,-,-,-,-,5354.2000,5349.8000,5349.2000,5348.0000,5347.6000,5355.0000,5355.2000,5355.4000,5356.4000,5357.4000,2,2,1,1,5,1,1,1,1,3
