市场代码,合约代码,时间,最新,持仓,增仓,成交额,成交量,开仓,平仓,成交类型,方向,买一价,买二价,买三价,买四价,买五价,卖一价,卖二价,卖三价,卖四价,卖五价,买一量,买二量,买三量,买四量,买五量,卖一量,卖二量,卖三量,卖四量,卖五量
SF,IC2008,2020-08-21 09:29:00.000,6627.6000,28148,0,355239360.000,268.000,-,-,-,-,6625.0000,6621.6000,6621.0000,6620.6000,6620.4000,6627.8000,6628.0000,6629.0000,6634.0000,6634.8000,2,1,1,1,5,10,14,1,10,5
SF,IC2008,2020-08-21 09:30:00.500,6625.2000,28114,-34,410911760.000,42,4,38,多平,S,6625.2000,6625.0000,6623.4000,6621.6000,6621.2000,6628.0000,6629.0000,6629.8000,6630.0000,6634.0000,3,6,1,1,1,1,7,1,2,10
SF,IC2008,2020-08-21 09:30:01.000,6628.0000,28074,-40,467927440.000,43,1,42,多平,S,6628.0000,6625.6000,6625.4000,6625.2000,6625.0000,6634.0000,6634.8000,6635.8000,6636.8000,6637.8000,4,3,1,14,6,1,5,5,5,5
SF,IC2008,2020-08-21 09:30:01.500,6633.4000,28063,-11,482517240.000,11,0,11,双平,S,6634.6000,6629.0000,6628.8000,6628.6000,6628.4000,6634.8000,6635.8000,6636.8000,6637.8000,6638.8000,1,2,1,1,1,5,5,5,5,9
SF,IC2008,2020-08-21 09:30:02.000,6634.6000,28047,-16,503740840.000,16,0,16,双平,S,6634.6000,6628.2000,6628.0000,6627.8000,6627.6000,6634.8000,6635.8000,6636.8000,6637.8000,6638.8000,13,6,6,1,1,4,5,5,5,9
SF,IC2008,2020-08-21 09:30:02.500,6628.2000,28031,-16,524970320.000,16,0,16,双平,S,6628.2000,6628.0000,6627.8000,6627.6000,6625.8000,6634.6000,6634.8000,6635.8000,6636.8000,6637.8000,5,4,1,1,1,3,7,5,5,5
SF,IC2008,2020-08-21 09:30:03.000,6629.6000,28027,-4,530276880.000,4,0,4,双平,S,6629.2000,6628.8000,6628.6000,6628.4000,6628.2000,6634.4000,6634.6000,6634.8000,6635.8000,6636.8000,1,2,1,4,4,1,7,7,5,5
SF,IC2008,2020-08-21 09:30:03.500,6629.6000,28024,-3,534254640.000,3,0,3,双平,S,6629.8000,6629.6000,6629.4000,6629.2000,6628.6000,6634.0000,6634.4000,6634.6000,6634.8000,6635.8000,2,3,6,1,1,3,2,7,7,5
SF,IC2008,2020-08-21 09:30:04.000,6634.2000,28022,-2,538235080.000,3,0,3,多平,S,6630.2000,6630.0000,6629.8000,6629.6000,6629.4000,6633.6000,6634.0000,6634.4000,6634.6000,6634.8000,1,4,2,2,4,2,3,1,7,7
SF,IC2008,2020-08-21 09:30:04.500,6630.4000,28014,-8,551498440.000,10,1,9,多平,S,6630.4000,6630.2000,6630.0000,6629.6000,6629.4000,6633.6000,6634.0000,6634.6000,6634.8000,6635.6000,1,1,1,2,3,1,5,7,7,1
SF,IC2008,2020-08-21 09:30:05.000,6630.4000,28009,-5,558130040.000,5,0,5,双平,S,6631.2000,6630.2000,6629.8000,6629.6000,6629.4000,6633.6000,6634.0000,6634.6000,6634.8000,6635.6000,1,1,2,2,3,2,3,7,7,1
SF,IC2008,2020-08-21 09:30:05.500,6633.6000,28006,-3,562110160.000,3,0,3,双平,S,6632.0000,6631.2000,6630.4000,6630.2000,6629.8000,6633.6000,6634.0000,6634.6000,6634.8000,6635.6000,1,2,1,1,2,3,3,6,7,1
SF,IC2008,2020-08-21 09:30:06.000,6633.4000,28001,-5,568743080.000,5,0,5,双平,S,6632.0000,6631.4000,6631.2000,6630.4000,6630.2000,6633.6000,6634.0000,6634.6000,6634.8000,6635.6000,1,1,5,4,2,3,3,6,7,1
SF,IC2008,2020-08-21 09:30:06.500,6633.6000,27995,-6,576702560.000,6,0,6,双平,S,6632.0000,6631.4000,6631.2000,6630.4000,6630.2000,6634.0000,6634.6000,6634.8000,6635.6000,6635.8000,2,1,4,4,2,3,6,7,1,5
SF,IC2008,2020-08-21 09:30:07.000,6632.0000,27991,-4,583334560.000,5,0,5,多平,S,6632.0000,6631.8000,6631.2000,6630.4000,6630.2000,6634.0000,6634.6000,6634.8000,6635.6000,6635.8000,7,1,4,4,2,4,6,7,1,5
SF,IC2008,2020-08-21 09:30:07.500,6631.8000,27977,-14,601904080.000,14,0,14,双平,S,6631.2000,6630.4000,6630.2000,6629.8000,6629.6000,6632.0000,6632.8000,6634.0000,6634.6000,6634.8000,4,4,2,2,2,2,1,4,6,7
SF,IC2008,2020-08-21 09:30:08.000,6632.2000,27971,-6,611188720.000,7,0,7,多平,S,6632.0000,6631.2000,6630.2000,6629.8000,6629.6000,6633.4000,6634.0000,6634.4000,6634.6000,6634.8000,2,3,1,1,2,2,4,1,6,7
SF,IC2008,2020-08-21 09:30:08.500,6633.4000,27962,-9,624453760.000,10,0,10,多平,S,6633.4000,6632.6000,6631.2000,6630.2000,6629.8000,6633.6000,6634.0000,6634.4000,6634.6000,6634.8000,1,2,1,1,1,2,4,1,6,7
SF,IC2008,2020-08-21 09:30:09.000,6631.2000,27950,-12,643026920.000,14,1,13,多平,S,6630.2000,6629.8000,6629.6000,6629.4000,6628.4000,6633.4000,6634.4000,6634.6000,6634.8000,6635.6000,1,1,2,1,1,1,1,6,8,1
SF,IC2008,2020-08-21 09:30:09.500,6630.2000,27944,-6,650983800.000,6,0,6,双平,S,6631.6000,6630.2000,6629.8000,6629.6000,6629.4000,6632.0000,6633.0000,6633.4000,6634.0000,6634.2000,1,4,1,2,1,1,2,1,1,2
SF,IC2008,2020-08-21 09:30:10.000,6632.0000,27940,-4,656288320.000,4,0,4,双平,S,6632.2000,6630.2000,6629.8000,6629.6000,6629.4000,6633.0000,6633.4000,6633.6000,6634.0000,6634.4000,5,2,1,2,1,2,1,2,1,1
SF,IC2008,2020-08-21 09:30:10.500,6633.4000,27928,-12,672206400.000,12,0,12,双平,S,6633.4000,6632.2000,6631.6000,6631.0000,6630.4000,6633.6000,6634.0000,6634.4000,6634.6000,6634.8000,1,2,1,1,1,2,1,1,5,8
SF,IC2008,2020-08-21 09:30:11.000,6632.2000,27924,-4,678838840.000,5,0,5,多平,S,6631.6000,6631.0000,6630.4000,6629.8000,6629.6000,6632.8000,6633.2000,6633.4000,6633.6000,6634.0000,1,1,16,1,2,2,5,2,4,1
SF,IC2008,2020-08-21 09:30:11.500,6631.6000,27922,-2,682818040.000,3,0,3,多平,S,6631.6000,6631.0000,6630.4000,6629.8000,6629.6000,6632.2000,6632.6000,6632.8000,6633.2000,6633.4000,3,1,16,1,2,3,1,2,5,1
SF,IC2008,2020-08-21 09:30:12.000,6633.6000,27905,-17,705369680.000,17,0,17,双平,S,6631.6000,6631.0000,6630.4000,6629.8000,6629.6000,6633.6000,6633.8000,6634.0000,6634.4000,6634.6000,3,1,16,1,2,1,1,1,1,3
SF,IC2008,2020-08-21 09:30:12.500,6634.6000,27876,-29,743836560.000,29,0,29,双平,S,6630.4000,6629.8000,6629.6000,6629.4000,6628.2000,6634.8000,6635.0000,6635.2000,6635.6000,6635.8000,16,1,2,1,2,8,5,1,2,6
SF,IC2008,2020-08-21 09:30:13.000,6631.8000,27873,-3,747816600.000,3,0,3,双平,S,6631.0000,6630.8000,6630.6000,6630.4000,6629.8000,6633.6000,6634.4000,6634.8000,6635.0000,6635.2000,1,2,3,17,1,3,2,8,5,1
SF,IC2008,2020-08-21 09:30:13.500,6630.4000,27867,-6,755773800.000,6,0,6,双平,S,6631.4000,6630.4000,6629.8000,6629.6000,6628.2000,6633.4000,6633.6000,6634.4000,6634.8000,6635.0000,1,13,1,2,1,1,3,2,8,5
SF,IC2008,2020-08-21 09:30:14.000,6633.2000,27866,-1,757100440.000,1,0,1,双平,S,6631.4000,6631.0000,6630.4000,6629.8000,6629.6000,6633.4000,6633.6000,6634.8000,6635.0000,6635.2000,2,1,13,1,2,2,2,8,5,1
SF,IC2008,2020-08-21 09:30:14.500,6631.4000,27864,-2,759753000.000,2,0,2,双平,S,6631.4000,6630.4000,6629.8000,6629.6000,6628.2000,6633.4000,6633.6000,6634.8000,6635.0000,6635.2000,1,13,1,2,1,3,2,8,5,1
SF,IC2008,2020-08-21 09:30:15.000,6632.6000,27860,-4,765058320.000,4,0,4,双平,S,6630.4000,6629.8000,6629.6000,6628.2000,6628.0000,6633.4000,6633.6000,6634.8000,6635.0000,6635.2000,13,1,2,1,2,2,2,8,5,1
SF,IC2008,2020-08-21 09:30:15.500,6633.2000,27853,-7,775670560.000,8,0,8,多平,S,6630.6000,6630.4000,6629.8000,6629.6000,6628.2000,6633.2000,6633.4000,6633.6000,6634.8000,6635.0000,2,13,1,2,1,1,2,2,8,5
SF,IC2008,2020-08-21 09:30:16.000,6633.2000,27852,-1,776997200.000,1,0,1,双平,S,6630.8000,6630.6000,6630.4000,6629.8000,6629.6000,6632.4000,6633.2000,6633.4000,6633.6000,6634.8000,2,2,13,1,2,1,1,1,2,7
SF,IC2008,2020-08-21 09:30:16.500,6633.2000,27850,-2,779650320.000,2,0,2,双平,S,6632.0000,6631.0000,6630.4000,6629.8000,6629.6000,6633.6000,6634.8000,6635.0000,6635.2000,6635.6000,2,1,13,1,2,2,7,5,1,2
SF,IC2008,2020-08-21 09:30:17.000,6631.4000,27847,-3,783629400.000,3,0,3,双平,S,6630.4000,6629.8000,6629.6000,6628.2000,6628.0000,6632.0000,6633.4000,6633.6000,6634.8000,6635.0000,13,1,2,1,2,3,1,2,7,5
SF,IC2008,2020-08-21 09:30:17.500,6630.4000,27840,-7,792913080.000,7,0,7,双平,S,6630.4000,6629.8000,6629.6000,6628.2000,6628.0000,6632.0000,6633.0000,6633.4000,6633.6000,6634.8000,10,1,2,1,2,10,3,2,2,7
SF,IC2008,2020-08-21 09:30:18.000,6630.4000,27839,-1,794239160.000,1,0,1,双平,S,6630.4000,6629.8000,6629.6000,6628.2000,6628.0000,6631.2000,6632.0000,6633.0000,6633.2000,6633.4000,9,1,2,1,2,1,10,3,1,4
SF,IC2008,2020-08-21 09:30:18.500,6631.2000,27835,-4,799543920.000,4,0,4,双平,S,6630.4000,6629.8000,6629.6000,6628.2000,6628.0000,6632.0000,6633.0000,6633.2000,6633.4000,6633.6000,10,1,2,1,2,14,3,1,3,2
SF,IC2008,2020-08-21 09:30:19.000,6631.2000,27828,-7,808826640.000,7,0,7,双平,S,6631.2000,6630.4000,6629.8000,6629.6000,6628.2000,6631.8000,6632.0000,6633.0000,6633.2000,6633.4000,2,5,1,2,1,1,14,3,1,3
SF,IC2008,2020-08-21 09:30:19.500,6631.2000,27824,-4,814131600.000,4,0,4,双平,S,6630.4000,6629.8000,6629.6000,6628.2000,6628.0000,6631.2000,6631.6000,6631.8000,6632.0000,6633.0000,5,1,2,1,2,7,1,5,17,3
SF,IC2008,2020-08-21 09:30:20.000,6630.4000,27819,-5,820762000.000,5,0,5,双平,S,6629.8000,6629.6000,6628.2000,6628.0000,6627.8000,6631.0000,6631.2000,6631.6000,6631.8000,6632.0000,1,2,1,2,1,2,7,5,4,17
SF,IC2008,2020-08-21 09:30:20.500,6631.0000,27812,-7,832697680.000,9,1,8,多平,S,6629.8000,6629.6000,6629.0000,6628.2000,6628.0000,6630.4000,6630.8000,6631.0000,6631.2000,6631.8000,1,2,1,1,2,2,2,1,7,3
SF,IC2008,2020-08-21 09:30:21.000,6630.0000,27809,-3,836675920.000,3,0,3,双平,S,6630.0000,6629.8000,6629.6000,6629.0000,6628.2000,6630.2000,6630.8000,6631.8000,6632.0000,6633.0000,1,3,2,1,1,1,1,3,17,1
SF,IC2008,2020-08-21 09:30:21.500,6629.8000,27800,-9,849936160.000,10,0,10,多平,S,6629.6000,6629.0000,6628.2000,6628.0000,6627.8000,6629.8000,6630.0000,6631.8000,6632.0000,6633.0000,2,1,1,2,1,4,2,3,17,1
SF,IC2008,2020-08-21 09:30:22.000,6630.0000,27794,-6,857892000.000,6,0,6,双平,S,6630.4000,6630.0000,6629.8000,6629.6000,6629.0000,6631.8000,6632.0000,6633.0000,6633.4000,6633.6000,12,1,3,2,1,3,17,1,2,2
SF,IC2008,2020-08-21 09:30:22.500,6630.4000,27787,-7,867175320.000,7,0,7,双平,S,6630.4000,6630.2000,6630.0000,6629.8000,6629.6000,6631.0000,6631.8000,6632.0000,6633.0000,6633.4000,8,3,1,3,2,1,2,17,1,2
SF,IC2008,2020-08-21 09:30:23.000,6631.0000,27786,-1,868501520.000,1,0,1,双平,S,6630.6000,6630.4000,6630.2000,6630.0000,6629.8000,6631.8000,6632.0000,6633.0000,6633.4000,6633.6000,1,8,3,1,3,2,17,1,2,2
SF,IC2008,2020-08-21 09:30:23.500,6630.8000,27785,-1,869827680.000,1,0,1,双平,S,6630.8000,6630.6000,6630.4000,6630.2000,6630.0000,6631.6000,6631.8000,6632.0000,6633.0000,6633.4000,1,1,8,3,1,2,2,17,1,2
SF,IC2008,2020-08-21 09:30:24.000,6630.8000,27784,-1,871153840.000,1,0,1,双平,S,6631.0000,6630.4000,6630.2000,6630.0000,6629.8000,6631.4000,6631.6000,6631.8000,6632.0000,6633.0000,1,8,3,1,3,1,2,2,17,1
SF,IC2008,2020-08-21 09:30:24.500,6631.0000,27783,-1,872480040.000,1,0,1,双平,S,6630.4000,6630.2000,6630.0000,6629.8000,6629.6000,6631.2000,6631.4000,6631.8000,6632.0000,6633.0000,8,3,1,3,2,2,2,2,17,1
SF,IC2008,2020-08-21 09:30:25.000,6630.4000,27779,-4,877784360.000,4,0,4,双平,S,6630.8000,6630.4000,6630.2000,6630.0000,6629.8000,6631.0000,6631.2000,6631.4000,6631.8000,6632.0000,2,4,1,1,3,1,2,1,2,17
SF,IC2008,2020-08-21 09:30:25.500,6630.8000,27776,-3,881762840.000,3,0,3,双平,S,6630.4000,6630.2000,6630.0000,6629.8000,6629.6000,6631.0000,6631.8000,6632.0000,6633.0000,6633.4000,4,1,1,3,2,1,2,17,1,2
SF,IC2008,2020-08-21 09:30:26.000,6630.4000,27774,-2,884415120.000,2,0,2,双平,S,6630.4000,6630.2000,6630.0000,6629.8000,6629.6000,6630.8000,6631.8000,6632.0000,6633.0000,6633.4000,4,1,1,3,2,2,2,17,1,2
SF,IC2008,2020-08-21 09:30:26.500,6630.4000,27774,0,884415120.000,0,-,-,-,-,6630.4000,6630.2000,6630.0000,6629.8000,6629.6000,6630.8000,6631.0000,6631.4000,6631.8000,6632.0000,6,1,1,3,2,8,1,2,3,13
SF,IC2008,2020-08-21 09:30:27.000,6630.4000,27771,-3,888393440.000,3,0,3,双平,S,6630.4000,6630.2000,6630.0000,6629.8000,6629.6000,6630.8000,6631.0000,6631.4000,6631.8000,6632.0000,9,1,1,3,2,8,1,2,3,13
SF,IC2008,2020-08-21 09:30:27.500,6630.4000,27764,-7,897676000.000,7,0,7,双平,S,6630.4000,6630.2000,6630.0000,6629.8000,6629.6000,6630.8000,6631.0000,6631.4000,6631.8000,6632.0000,2,1,1,3,2,7,1,2,2,13
SF,IC2008,2020-08-21 09:30:28.000,6630.6000,27755,-9,914914400.000,13,2,11,多平,S,6629.0000,6628.2000,6628.0000,6627.8000,6627.6000,6630.8000,6631.0000,6631.4000,6631.8000,6632.0000,1,1,2,1,1,7,1,2,2,13
SF,IC2008,2020-08-21 09:30:28.500,6630.6000,27753,-2,917566640.000,2,0,2,双平,S,6630.4000,6629.0000,6628.2000,6628.0000,6627.8000,6630.8000,6631.0000,6631.4000,6631.8000,6632.0000,1,2,1,2,1,7,1,3,2,13
SF,IC2008,2020-08-21 09:30:29.000,6629.0000,27745,-8,928174640.000,8,0,8,双平,S,6629.0000,6628.2000,6628.0000,6627.8000,6627.6000,6630.8000,6631.0000,6631.4000,6631.8000,6632.0000,2,1,2,1,1,5,3,3,2,13
SF,IC2008,2020-08-21 09:30:29.500,6630.6000,27743,-2,930826880.000,2,0,2,双平,S,6630.4000,6629.6000,6629.2000,6629.0000,6628.2000,6630.6000,6630.8000,6631.0000,6631.4000,6631.8000,1,1,1,4,1,1,5,2,3,2
SF,IC2008,2020-08-21 09:30:30.000,6630.4000,27742,-1,932152960.000,1,0,1,双平,S,6630.4000,6629.6000,6629.2000,6629.0000,6628.2000,6630.6000,6630.8000,6631.0000,6631.4000,6631.8000,1,1,1,5,1,3,5,2,3,2
SF,IC2008,2020-08-21 09:30:30.500,6630.4000,27741,-1,933479040.000,1,0,1,双平,S,6630.4000,6629.6000,6629.0000,6628.2000,6628.0000,6630.6000,6630.8000,6631.0000,6631.4000,6631.8000,1,1,5,1,2,3,5,2,3,2
SF,IC2008,2020-08-21 09:30:31.000,6630.2000,27739,-2,936131160.000,2,0,2,双平,S,6629.6000,6629.0000,6628.2000,6628.0000,6627.8000,6630.6000,6630.8000,6631.0000,6631.4000,6631.8000,1,5,1,2,1,3,3,3,3,2
SF,IC2008,2020-08-21 09:30:31.500,6630.4000,27738,-1,938783320.000,2,0,2,多平,S,6629.6000,6629.0000,6628.2000,6628.0000,6627.8000,6630.4000,6630.6000,6630.8000,6631.0000,6631.4000,1,5,1,2,1,1,2,3,5,3
SF,IC2008,2020-08-21 09:30:32.000,6629.6000,27737,-1,941435160.000,2,0,2,多平,S,6629.0000,6628.2000,6628.0000,6627.8000,6627.6000,6629.6000,6630.4000,6630.6000,6630.8000,6631.0000,5,1,2,1,1,1,1,3,3,5
SF,IC2008,2020-08-21 09:30:32.500,6630.4000,27736,-1,945413240.000,3,1,2,多平,S,6629.0000,6628.2000,6628.0000,6627.8000,6627.6000,6629.2000,6630.6000,6630.8000,6631.0000,6631.4000,5,1,3,1,1,1,3,3,5,3
SF,IC2008,2020-08-21 09:30:33.000,6630.6000,27731,-5,952043560.000,5,0,5,双平,S,6630.6000,6629.2000,6629.0000,6628.2000,6628.0000,6630.8000,6631.0000,6631.4000,6631.8000,6632.0000,1,1,5,1,3,3,5,3,2,13
SF,IC2008,2020-08-21 09:30:33.500,6630.6000,27726,-5,958674160.000,5,0,5,双平,S,6630.6000,6629.2000,6628.2000,6628.0000,6627.8000,6630.8000,6631.0000,6631.4000,6631.8000,6632.0000,3,1,1,2,1,4,5,3,2,13
SF,IC2008,2020-08-21 09:30:34.000,6629.2000,27722,-4,965304200.000,5,0,5,多平,S,6629.2000,6628.2000,6628.0000,6627.8000,6627.6000,6630.8000,6631.0000,6631.4000,6631.8000,6632.0000,2,1,2,1,1,4,5,3,2,13
SF,IC2008,2020-08-21 09:30:34.500,6629.2000,27720,-2,967955880.000,2,0,2,双平,S,6628.2000,6628.0000,6627.8000,6627.6000,6625.4000,6629.6000,6630.4000,6630.6000,6630.8000,6631.0000,1,2,1,1,1,1,2,2,4,5
SF,IC2008,2020-08-21 09:30:35.000,6631.8000,27701,-19,995805000.000,21,1,20,多平,S,6629.4000,6628.4000,6628.2000,6628.0000,6627.8000,6631.8000,6632.0000,6633.0000,6633.4000,6633.6000,1,1,1,2,1,1,13,1,2,2
SF,IC2008,2020-08-21 09:30:35.500,6629.6000,27699,-2,999782840.000,3,0,3,多平,S,6629.4000,6628.2000,6628.0000,6627.8000,6627.6000,6630.4000,6630.6000,6631.2000,6631.4000,6631.6000,1,1,2,1,1,1,1,3,2,5
SF,IC2008,2020-08-21 09:30:36.000,6629.4000,27696,-3,1003760480.000,3,0,3,双平,S,6628.8000,6628.2000,6628.0000,6627.8000,6627.6000,6629.4000,6630.4000,6630.6000,6631.2000,6631.4000,3,1,2,1,1,4,1,1,3,2
SF,IC2008,2020-08-21 09:30:36.500,6629.4000,27692,-4,1009064000.000,4,0,4,双平,S,6628.8000,6628.2000,6628.0000,6627.8000,6627.6000,6629.2000,6629.4000,6629.8000,6630.6000,6631.2000,4,1,2,1,1,2,1,1,1,2
SF,IC2008,2020-08-21 09:30:37.000,6628.8000,27691,-1,1010389760.000,1,0,1,双平,S,6628.8000,6628.2000,6628.0000,6627.8000,6627.6000,6629.2000,6629.4000,6629.8000,6630.6000,6631.2000,3,1,2,1,1,5,1,1,1,2
SF,IC2008,2020-08-21 09:30:37.500,6628.8000,27687,-4,1015692880.000,4,0,4,双平,S,6628.4000,6628.2000,6628.0000,6627.8000,6627.6000,6628.8000,6629.2000,6629.4000,6630.6000,6631.2000,3,1,2,1,1,1,4,1,1,2
SF,IC2008,2020-08-21 09:30:38.000,6628.4000,27685,-2,1018344320.000,2,0,2,双平,S,6628.4000,6628.2000,6628.0000,6627.8000,6627.6000,6629.0000,6629.2000,6629.4000,6630.6000,6631.2000,2,1,2,1,1,1,3,1,2,2
SF,IC2008,2020-08-21 09:30:38.500,6628.4000,27685,0,1018344320.000,0,-,-,-,-,6628.4000,6628.2000,6628.0000,6627.8000,6627.6000,6628.8000,6629.0000,6629.2000,6629.4000,6630.6000,3,1,2,1,1,1,1,3,1,2
SF,IC2008,2020-08-21 09:30:39.000,6629.4000,27678,-7,1027624960.000,7,0,7,双平,S,6629.0000,6628.4000,6628.2000,6628.0000,6627.8000,6630.6000,6631.2000,6631.8000,6632.0000,6633.0000,5,2,1,2,1,2,3,2,13,1
SF,IC2008,2020-08-21 09:30:39.500,6629.0000,27677,-1,1028950760.000,1,0,1,双平,S,6629.4000,6629.0000,6628.4000,6628.2000,6628.0000,6630.4000,6630.6000,6631.2000,6631.8000,6632.0000,1,6,2,1,2,2,2,3,2,13
SF,IC2008,2020-08-21 09:30:40.000,6629.8000,27677,0,1030276720.000,1,0,1,多换,S,6629.4000,6629.0000,6628.4000,6628.2000,6628.0000,6630.4000,6630.6000,6631.2000,6631.8000,6632.0000,1,6,2,1,5,4,2,3,2,13
SF,IC2008,2020-08-21 09:30:40.500,6632.0000,27656,-21,1058127800.000,21,0,21,双平,S,6629.0000,6628.4000,6628.2000,6628.0000,6627.8000,6629.2000,6632.0000,6633.0000,6633.4000,6633.6000,6,2,1,5,1,2,5,1,2,2
SF,IC2008,2020-08-21 09:30:41.000,6629.4000,27652,-4,1063431320.000,4,0,4,双平,S,6629.2000,6629.0000,6628.4000,6628.2000,6628.0000,6629.4000,6630.6000,6632.0000,6633.0000,6633.4000,2,6,2,1,5,5,1,5,1,2
SF,IC2008,2020-08-21 09:30:41.500,6629.4000,27650,-2,1066083080.000,2,0,2,双平,S,6629.0000,6628.4000,6628.2000,6628.0000,6627.8000,6629.4000,6630.6000,6631.4000,6632.0000,6633.0000,6,2,1,5,1,6,1,2,5,1
SF,IC2008,2020-08-21 09:30:42.000,6629.4000,27643,-7,1075364160.000,7,0,7,双平,S,6630.4000,6629.0000,6628.4000,6628.2000,6628.0000,6630.6000,6631.4000,6631.8000,6632.0000,6633.0000,2,3,7,1,5,1,2,1,5,1
SF,IC2008,2020-08-21 09:30:42.500,6629.0000,27637,-6,1083319760.000,6,0,6,双平,S,6628.4000,6628.2000,6628.0000,6627.8000,6627.6000,6629.0000,6631.4000,6631.8000,6632.0000,6633.0000,7,1,5,1,4,2,2,1,5,1
SF,IC2008,2020-08-21 09:30:43.000,6629.0000,27634,-3,1088622960.000,4,0,4,多平,S,6629.4000,6628.8000,6628.6000,6628.4000,6628.2000,6630.0000,6631.4000,6631.8000,6632.0000,6633.0000,1,2,2,7,1,2,2,1,5,1
SF,IC2008,2020-08-21 09:30:43.500,6630.0000,27626,-8,1099230400.000,8,0,8,双平,S,6629.6000,6629.2000,6628.8000,6628.6000,6628.4000,6631.4000,6631.8000,6632.0000,6633.0000,6633.4000,1,2,2,1,7,2,1,5,1,2
SF,IC2008,2020-08-21 09:30:44.000,6630.4000,27620,-6,1107186320.000,6,0,6,双平,S,6630.0000,6628.6000,6628.4000,6628.2000,6628.0000,6630.4000,6631.0000,6631.2000,6631.4000,6631.8000,2,1,7,1,6,1,1,9,2,1
SF,IC2008,2020-08-21 09:30:44.500,6633.4000,27598,-22,1139016200.000,24,1,23,多平,S,6628.6000,6628.4000,6628.2000,6628.0000,6627.8000,6630.2000,6633.4000,6633.6000,6634.2000,6634.8000,1,7,1,6,1,2,1,2,8,3
SF,IC2008,2020-08-21 09:30:45.000,6630.2000,27595,-3,1144320440.000,4,0,4,多平,S,6629.6000,6628.6000,6628.4000,6628.2000,6628.0000,6630.2000,6633.4000,6633.6000,6634.2000,6634.8000,1,1,7,1,6,1,1,2,1,3
SF,IC2008,2020-08-21 09:30:45.500,6629.6000,27582,-13,1161556520.000,13,0,13,双平,S,6629.4000,6628.4000,6628.2000,6628.0000,6627.8000,6630.0000,6632.6000,6633.2000,6633.4000,6633.6000,1,3,1,6,1,1,1,2,1,2
SF,IC2008,2020-08-21 09:30:46.000,6630.0000,27580,-2,1164208520.000,2,0,2,双平,S,6629.4000,6628.4000,6628.2000,6628.0000,6627.8000,6632.6000,6633.2000,6633.4000,6633.6000,6634.2000,2,3,1,6,1,1,2,1,2,1
SF,IC2008,2020-08-21 09:30:46.500,6630.0000,27579,-1,1165534520.000,1,0,1,双平,S,6630.0000,6629.8000,6629.6000,6629.4000,6628.4000,6632.4000,6632.6000,6633.2000,6633.4000,6633.6000,1,2,1,2,3,1,1,2,1,2
SF,IC2008,2020-08-21 09:30:47.000,6630.8000,27578,-1,1166860680.000,1,0,1,双平,S,6630.0000,6629.8000,6629.6000,6629.4000,6628.4000,6632.6000,6633.4000,6633.6000,6634.2000,6634.8000,3,2,1,2,3,1,1,2,1,3
SF,IC2008,2020-08-21 09:30:47.500,6630.8000,27578,0,1166860680.000,0,-,-,-,-,6631.2000,6630.6000,6630.0000,6629.8000,6629.6000,6632.4000,6632.6000,6633.4000,6633.6000,6634.2000,2,1,3,2,1,1,1,1,2,1
SF,IC2008,2020-08-21 09:30:48.000,6630.8000,27577,-1,1168186840.000,1,0,1,双平,S,6630.6000,6630.0000,6629.8000,6629.6000,6629.4000,6632.2000,6632.4000,6632.6000,6633.4000,6633.6000,4,3,1,1,4,1,2,1,1,2
SF,IC2008,2020-08-21 09:30:48.500,6632.0000,27577,0,1169513240.000,1,0,1,多换,S,6630.6000,6630.0000,6629.8000,6629.6000,6629.4000,6631.6000,6632.2000,6632.4000,6632.6000,6633.4000,4,3,1,1,4,1,1,1,1,1
SF,IC2008,2020-08-21 09:30:49.000,6635.0000,27558,-19,1198700160.000,22,1,21,多平,S,6630.6000,6630.0000,6629.8000,6629.4000,6628.4000,6635.6000,6635.8000,6636.8000,6637.8000,6638.0000,2,2,1,4,3,1,5,5,5,9
SF,IC2008,2020-08-21 09:30:49.500,6631.2000,27556,-2,1201353400.000,2,0,2,双平,S,6631.2000,6630.8000,6630.6000,6630.0000,6629.8000,6632.8000,6633.6000,6634.4000,6634.8000,6635.2000,2,10,3,2,1,3,2,1,1,4
SF,IC2008,2020-08-21 09:30:50.000,6632.6000,27555,-1,1204006320.000,2,0,2,多平,S,6632.4000,6632.0000,6631.2000,6630.6000,6630.0000,6632.8000,6633.6000,6634.4000,6635.2000,6635.4000,1,1,1,3,2,4,1,1,4,7
SF,IC2008,2020-08-21 09:30:50.500,6632.8000,27545,-10,1217271600.000,10,0,10,双平,S,6632.8000,6631.2000,6630.6000,6630.0000,6629.8000,6633.6000,6635.2000,6635.4000,6635.6000,6635.8000,1,1,3,2,1,1,2,2,2,5
SF,IC2008,2020-08-21 09:30:51.000,6632.8000,27544,-1,1218598160.000,1,0,1,双平,S,6631.2000,6630.6000,6630.0000,6629.8000,6629.4000,6632.2000,6632.6000,6632.8000,6633.2000,6633.6000,2,4,2,1,3,1,1,1,1,2
SF,IC2008,2020-08-21 09:30:51.500,6631.2000,27538,-6,1226556200.000,6,0,6,双平,S,6630.6000,6630.0000,6629.8000,6629.4000,6628.4000,6631.2000,6632.0000,6632.2000,6632.8000,6633.0000,4,2,1,3,3,1,1,1,1,1
SF,IC2008,2020-08-21 09:30:52.000,6632.2000,27532,-6,1234513920.000,6,0,6,双平,S,6632.2000,6631.6000,6630.6000,6630.2000,6630.0000,6633.0000,6633.6000,6635.2000,6635.6000,6635.8000,10,1,6,1,2,1,1,1,2,5
SF,IC2008,2020-08-21 09:30:52.500,6632.2000,27527,-5,1241146120.000,5,0,5,双平,S,6632.2000,6631.2000,6630.6000,6630.2000,6630.0000,6632.8000,6633.0000,6633.6000,6635.6000,6635.8000,6,2,6,1,2,1,2,1,2,5
SF,IC2008,2020-08-21 09:30:53.000,6632.2000,27526,-1,1242472560.000,1,0,1,双平,S,6632.2000,6631.2000,6630.6000,6630.2000,6630.0000,6632.6000,6632.8000,6633.0000,6633.6000,6634.4000,6,2,6,1,2,1,1,2,1,1
SF,IC2008,2020-08-21 09:30:53.500,6632.2000,27523,-3,1246451880.000,3,0,3,双平,S,6632.2000,6631.4000,6631.2000,6630.6000,6630.4000,6632.6000,6632.8000,6633.0000,6633.6000,6634.4000,3,1,2,6,1,1,1,2,1,1
SF,IC2008,2020-08-21 09:30:54.000,6632.2000,27521,-2,1249104760.000,2,0,2,双平,S,6632.2000,6631.4000,6631.2000,6630.6000,6630.4000,6632.6000,6632.8000,6633.0000,6633.6000,6634.4000,1,1,2,6,1,1,1,1,2,1
SF,IC2008,2020-08-21 09:30:54.500,6632.2000,27518,-3,1253084240.000,3,0,3,双平,S,6632.6000,6632.2000,6631.4000,6631.2000,6630.6000,6632.8000,6633.0000,6633.6000,6634.4000,6635.6000,1,2,1,2,6,1,1,2,1,2
SF,IC2008,2020-08-21 09:30:55.000,6632.8000,27514,-4,1258390680.000,4,0,4,双平,S,6632.8000,6632.6000,6632.2000,6631.4000,6631.2000,6633.6000,6634.4000,6635.6000,6635.8000,6636.6000,1,6,2,1,2,1,1,2,5,1
SF,IC2008,2020-08-21 09:30:55.500,6633.6000,27513,-1,1259717400.000,1,0,1,双平,S,6632.8000,6632.6000,6632.2000,6631.4000,6631.2000,6633.2000,6634.0000,6634.4000,6635.6000,6635.8000,1,6,2,1,2,1,3,1,2,5
SF,IC2008,2020-08-21 09:30:56.000,6633.2000,27511,-2,1262370600.000,2,0,2,双平,S,6633.0000,6632.8000,6632.6000,6632.2000,6631.2000,6633.2000,6634.0000,6634.4000,6635.6000,6635.8000,1,1,6,2,2,1,3,1,2,5
SF,IC2008,2020-08-21 09:30:56.500,6633.0000,27509,-2,1265023800.000,2,0,2,双平,S,6633.0000,6632.8000,6632.6000,6632.2000,6631.2000,6633.2000,6634.0000,6634.4000,6635.6000,6635.8000,1,1,6,3,2,1,3,1,2,5
SF,IC2008,2020-08-21 09:30:57.000,6633.2000,27506,-3,1269003600.000,3,0,3,双平,S,6632.6000,6632.2000,6631.2000,6630.6000,6630.2000,6634.0000,6634.4000,6635.6000,6635.8000,6636.6000,6,3,1,6,1,3,1,2,5,1
SF,IC2008,2020-08-21 09:30:57.500,6633.2000,27506,0,1270330240.000,1,0,1,多换,S,6633.6000,6633.2000,6632.6000,6632.2000,6631.2000,6633.8000,6634.0000,6634.4000,6635.6000,6635.8000,1,1,7,4,1,3,3,1,2,5
SF,IC2008,2020-08-21 09:30:58.000,6632.6000,27504,-2,1276963400.000,5,1,4,多平,S,6632.6000,6632.2000,6631.2000,6630.6000,6630.2000,6633.8000,6634.0000,6634.4000,6635.6000,6635.8000,5,4,1,6,1,2,3,1,2,5
SF,IC2008,2020-08-21 09:30:58.500,6633.8000,27499,-5,1283597240.000,5,0,5,双平,S,6633.8000,6633.6000,6633.2000,6632.8000,6632.6000,6634.0000,6634.4000,6635.6000,6635.8000,6636.6000,1,1,5,1,5,2,1,2,5,1
SF,IC2008,2020-08-21 09:30:59.000,6634.4000,27495,-4,1288904480.000,4,0,4,双平,S,6633.8000,6633.6000,6633.2000,6633.0000,6632.8000,6635.0000,6635.6000,6635.8000,6636.8000,6637.8000,2,1,5,2,1,1,2,5,5,5
SF,IC2008,2020-08-21 09:30:59.500,6633.8000,27494,-1,1290231240.000,1,0,1,双平,S,6634.0000,6633.8000,6633.6000,6633.2000,6633.0000,6634.8000,6635.0000,6635.6000,6635.8000,6636.8000,10,3,1,5,2,1,2,2,5,5
SF,IC2008,2020-08-21 09:31:00.000,6634.8000,27491,-3,1298192000.000,6,1,5,多平,S,6634.8000,6634.0000,6633.8000,6633.6000,6633.2000,6635.0000,6635.6000,6635.8000,6636.8000,6637.8000,1,9,3,1,5,2,2,5,5,5
SF,IC2008,2020-08-21 09:31:00.500,6634.8000,27488,-3,1304826840.000,5,1,4,多平,S,6634.0000,6633.8000,6633.6000,6633.2000,6632.6000,6634.2000,6635.0000,6635.6000,6635.8000,6636.8000,12,5,1,6,5,1,1,2,5,5
SF,IC2008,2020-08-21 09:31:01.000,6635.8000,27479,-9,1316769840.000,9,0,9,双平,S,6635.0000,6634.8000,6634.2000,6634.0000,6633.8000,6635.8000,6636.8000,6637.8000,6638.0000,6638.8000,2,2,3,9,5,4,5,5,9,9
SF,IC2008,2020-08-21 09:31:01.500,6635.8000,27477,-2,1319424040.000,2,0,2,双平,S,6635.0000,6634.8000,6634.2000,6634.0000,6633.8000,6635.8000,6636.8000,6637.8000,6638.0000,6638.8000,3,1,6,8,5,3,5,5,9,9
SF,IC2008,2020-08-21 09:31:02.000,6635.8000,27473,-4,1324732680.000,4,0,4,双平,S,6635.8000,6635.2000,6635.0000,6634.8000,6634.2000,6636.8000,6637.8000,6638.0000,6638.8000,6639.0000,5,1,4,2,5,5,5,9,9,1
SF,IC2008,2020-08-21 09:31:02.500,6635.8000,27470,-3,1328714160.000,3,0,3,双平,S,6635.8000,6635.2000,6635.0000,6634.8000,6634.2000,6636.8000,6637.8000,6638.0000,6638.8000,6639.0000,3,5,3,2,1,5,5,9,9,1
SF,IC2008,2020-08-21 09:31:03.000,6636.8000,27465,-5,1335350960.000,5,0,5,双平,S,6636.8000,6636.0000,6635.8000,6635.2000,6635.0000,6637.8000,6638.0000,6638.8000,6639.0000,6639.8000,2,4,3,1,3,5,9,9,1,6
SF,IC2008,2020-08-21 09:31:03.500,6636.8000,27465,0,1336678320.000,1,0,1,多换,S,6636.8000,6636.6000,6636.2000,6636.0000,6635.8000,6637.8000,6638.0000,6638.8000,6639.0000,6639.8000,7,1,1,7,3,5,9,9,1,6
SF,IC2008,2020-08-21 09:31:04.000,6637.8000,27458,-7,1348625720.000,9,1,8,多平,S,6637.8000,6637.0000,6636.8000,6636.2000,6636.0000,6638.0000,6638.8000,6639.0000,6639.8000,6640.0000,2,1,5,1,6,9,9,1,6,3
SF,IC2008,2020-08-21 09:31:04.500,6638.0000,27451,-7,1357918840.000,7,0,7,双平,S,6637.8000,6637.6000,6637.0000,6636.8000,6636.2000,6638.0000,6638.8000,6639.0000,6639.8000,6640.0000,3,1,1,5,1,4,9,1,6,3
SF,IC2008,2020-08-21 09:31:05.000,6638.0000,27450,-1,1359246440.000,1,0,1,双平,S,6637.8000,6637.6000,6637.0000,6636.8000,6636.2000,6638.0000,6638.8000,6639.0000,6639.8000,6640.0000,5,1,1,5,1,5,9,1,6,3
SF,IC2008,2020-08-21 09:31:05.500,6638.0000,27444,-6,1367212040.000,6,0,6,双平,S,6638.0000,6637.8000,6637.6000,6636.8000,6636.2000,6638.8000,6639.0000,6639.8000,6640.0000,6640.8000,7,9,1,5,1,9,1,6,3,5
SF,IC2008,2020-08-21 09:31:06.000,6638.8000,27439,-5,1375177800.000,6,0,6,多平,S,6638.2000,6638.0000,6637.8000,6637.6000,6636.8000,6638.8000,6639.0000,6639.8000,6640.0000,6640.8000,4,6,8,1,6,8,1,6,3,5
SF,IC2008,2020-08-21 09:31:06.500,6638.8000,27430,-9,1387127520.000,9,0,9,双平,S,6638.4000,6638.2000,6638.0000,6637.8000,6637.6000,6639.0000,6639.8000,6640.0000,6640.8000,6642.0000,1,5,6,8,1,1,6,3,5,9
SF,IC2008,2020-08-21 09:31:07.000,6639.0000,27430,0,1388455320.000,1,0,1,多换,S,6639.0000,6638.8000,6638.4000,6638.2000,6638.0000,6639.8000,6640.0000,6640.8000,6642.0000,6642.8000,4,1,3,2,6,6,3,5,9,5
SF,IC2008,2020-08-21 09:31:07.500,6639.0000,27429,-1,1389783120.000,1,0,1,双平,S,6639.0000,6638.8000,6638.4000,6638.2000,6638.0000,6639.8000,6640.0000,6640.8000,6642.0000,6642.8000,15,1,2,2,6,7,3,5,9,5
SF,IC2008,2020-08-21 09:31:08.000,6639.0000,27428,-1,1391110920.000,1,0,1,双平,S,6639.0000,6638.4000,6638.2000,6638.0000,6637.8000,6639.8000,6640.0000,6640.8000,6642.0000,6642.8000,15,1,2,6,9,7,3,5,9,5
SF,IC2008,2020-08-21 09:31:08.500,6639.8000,27426,-2,1393766840.000,2,0,2,双平,S,6639.2000,6639.0000,6638.8000,6638.2000,6638.0000,6639.8000,6640.0000,6640.8000,6642.0000,6642.8000,2,16,2,2,5,6,2,5,9,5
SF,IC2008,2020-08-21 09:31:09.000,6639.8000,27424,-2,1401734360.000,6,2,4,多平,S,6639.2000,6639.0000,6638.8000,6638.2000,6638.0000,6639.8000,6640.0000,6640.8000,6642.0000,6642.8000,1,14,2,2,5,2,2,5,9,5
SF,IC2008,2020-08-21 09:31:09.500,6639.8000,27418,-6,1409702000.000,6,0,6,双平,S,6639.8000,6639.4000,6639.2000,6639.0000,6638.8000,6640.0000,6640.8000,6642.0000,6642.8000,6643.6000,1,1,2,14,2,3,5,9,5,1
SF,IC2008,2020-08-21 09:31:10.000,6640.0000,27415,-3,1413685920.000,3,0,3,双平,S,6639.8000,6639.4000,6639.2000,6639.0000,6638.8000,6640.0000,6640.8000,6642.0000,6642.8000,6643.6000,9,2,2,14,2,2,5,9,5,1
SF,IC2008,2020-08-21 09:31:10.500,6639.8000,27402,-13,1430949400.000,13,0,13,双平,S,6639.4000,6639.2000,6639.0000,6638.8000,6638.2000,6639.8000,6640.0000,6640.8000,6642.0000,6642.8000,1,2,14,2,2,2,1,5,9,5
SF,IC2008,2020-08-21 09:31:11.000,6640.0000,27398,-4,1436261320.000,4,0,4,双平,S,6640.2000,6640.0000,6639.6000,6639.4000,6639.2000,6640.8000,6642.0000,6642.8000,6643.6000,6644.4000,3,6,1,1,2,5,9,5,1,1
SF,IC2008,2020-08-21 09:31:11.500,6640.0000,27397,-1,1437589320.000,1,0,1,双平,S,6640.4000,6640.2000,6640.0000,6639.2000,6639.0000,6640.6000,6640.8000,6642.0000,6642.8000,6643.6000,3,2,8,2,14,1,5,9,5,1
SF,IC2008,2020-08-21 09:31:12.000,6640.6000,27396,-1,1442901840.000,4,1,3,多平,S,6640.6000,6640.4000,6640.2000,6640.0000,6639.8000,6640.8000,6642.0000,6642.8000,6643.6000,6644.4000,5,3,3,15,1,4,9,5,1,1
SF,IC2008,2020-08-21 09:31:12.500,6640.6000,27396,0,1449542440.000,5,2,3,多换,S,6640.4000,6640.2000,6640.0000,6639.8000,6639.2000,6640.8000,6642.0000,6642.8000,6643.6000,6644.4000,3,2,14,1,2,4,9,5,1,1
SF,IC2008,2020-08-21 09:31:13.000,6640.8000,27392,-4,1456183000.000,5,0,5,多平,S,6640.4000,6640.2000,6640.0000,6639.8000,6639.2000,6640.8000,6642.0000,6642.8000,6643.6000,6644.4000,3,2,14,1,2,2,9,5,1,1
SF,IC2008,2020-08-21 09:31:13.500,6640.4000,27391,-1,1457511080.000,1,0,1,双平,S,6640.4000,6640.2000,6640.0000,6639.8000,6639.2000,6640.8000,6642.0000,6642.8000,6643.6000,6644.4000,4,2,14,1,2,2,9,5,1,1
SF,IC2008,2020-08-21 09:31:14.000,6640.6000,27391,0,1460167320.000,2,1,1,多换,S,6640.4000,6640.2000,6640.0000,6639.8000,6639.2000,6640.6000,6640.8000,6642.0000,6642.8000,6643.6000,6,2,14,1,2,2,2,9,5,1
SF,IC2008,2020-08-21 09:31:14.500,6640.4000,27389,-2,1466807960.000,5,1,4,多平,S,6640.4000,6640.2000,6640.0000,6639.8000,6639.2000,6640.6000,6640.8000,6642.0000,6642.8000,6643.6000,5,2,14,1,2,1,1,9,5,1
SF,IC2008,2020-08-21 09:31:15.000,6640.4000,27384,-5,1473448480.000,5,0,5,双平,S,6640.4000,6640.2000,6640.0000,6639.8000,6639.2000,6642.0000,6642.8000,6643.6000,6644.4000,6644.8000,3,2,14,1,2,9,5,1,1,5
SF,IC2008,2020-08-21 09:31:15.500,6640.4000,27379,-5,1480088880.000,5,0,5,双平,S,6640.8000,6640.4000,6640.2000,6640.0000,6639.8000,6641.2000,6641.8000,6642.0000,6642.8000,6643.6000,1,1,1,13,1,1,3,9,5,1
SF,IC2008,2020-08-21 09:31:16.000,6641.0000,27377,-2,1484073440.000,3,0,3,多平,S,6640.6000,6640.4000,6640.0000,6639.8000,6639.2000,6640.8000,6641.0000,6641.2000,6641.4000,6641.8000,3,3,10,1,2,1,1,1,1,4
SF,IC2008,2020-08-21 09:31:16.500,6640.4000,27369,-8,1494698320.000,8,0,8,双平,S,6640.0000,6639.8000,6639.2000,6639.0000,6638.8000,6641.0000,6641.2000,6641.4000,6641.6000,6641.8000,10,1,2,12,2,1,1,1,1,2
SF,IC2008,2020-08-21 09:31:17.000,6640.4000,27368,-1,1496026400.000,1,0,1,双平,S,6640.0000,6639.8000,6639.2000,6639.0000,6638.8000,6640.2000,6641.0000,6641.2000,6641.4000,6641.6000,10,1,2,12,2,1,2,1,1,1
SF,IC2008,2020-08-21 09:31:17.500,6640.6000,27366,-2,1498682560.000,2,0,2,双平,S,6640.8000,6640.2000,6640.0000,6639.8000,6639.2000,6641.0000,6641.2000,6641.6000,6641.8000,6642.0000,1,1,12,1,2,2,1,1,2,10
SF,IC2008,2020-08-21 09:31:18.000,6640.8000,27363,-3,1503995320.000,4,0,4,多平,S,6640.6000,6640.2000,6640.0000,6639.8000,6639.2000,6641.2000,6641.6000,6641.8000,6642.0000,6642.8000,3,3,12,1,2,1,1,2,10,5
SF,IC2008,2020-08-21 09:31:18.500,6641.2000,27361,-2,1506651800.000,2,0,2,双平,S,6640.6000,6640.2000,6640.0000,6639.8000,6639.2000,6641.6000,6641.8000,6642.0000,6642.4000,6642.8000,3,3,12,1,2,1,1,10,1,5
SF,IC2008,2020-08-21 09:31:19.000,6641.0000,27360,-1,1507980000.000,1,0,1,双平,S,6641.0000,6640.6000,6640.2000,6640.0000,6639.8000,6641.6000,6641.8000,6642.0000,6642.4000,6642.8000,1,4,3,12,1,2,1,10,1,5
SF,IC2008,2020-08-21 09:31:19.500,6641.0000,27358,-2,1510636520.000,2,0,2,双平,S,6640.6000,6640.2000,6640.0000,6639.8000,6639.2000,6641.6000,6642.0000,6642.4000,6642.8000,6643.0000,4,3,12,1,2,1,10,1,6,1
SF,IC2008,2020-08-21 09:31:20.000,6640.8000,27357,-1,1511964680.000,1,0,1,双平,S,6640.6000,6640.2000,6640.0000,6639.8000,6639.2000,6641.6000,6642.0000,6642.4000,6642.8000,6643.0000,4,3,12,1,2,2,10,1,6,1
SF,IC2008,2020-08-21 09:31:20.500,6641.6000,27354,-3,1515949600.000,3,0,3,双平,S,6641.6000,6641.2000,6641.0000,6640.6000,6640.2000,6642.0000,6642.4000,6642.8000,6643.0000,6643.2000,17,1,3,4,3,10,1,6,1,1
SF,IC2008,2020-08-21 09:31:21.000,6642.0000,27347,-7,1525248280.000,7,0,7,双平,S,6641.8000,6641.6000,6641.2000,6641.0000,6640.8000,6642.0000,6642.4000,6642.8000,6643.0000,6643.2000,1,17,1,3,2,7,1,6,1,1
SF,IC2008,2020-08-21 09:31:21.500,6641.6000,27344,-3,1529233280.000,3,0,3,双平,S,6641.6000,6641.2000,6641.0000,6640.8000,6640.6000,6642.0000,6642.4000,6642.8000,6643.0000,6643.2000,16,1,3,2,4,7,1,6,1,1
SF,IC2008,2020-08-21 09:31:22.000,6642.0000,27342,-2,1531890080.000,2,0,2,双平,S,6641.6000,6641.0000,6640.8000,6640.6000,6640.2000,6642.0000,6642.4000,6642.8000,6643.0000,6643.2000,25,3,2,4,3,5,1,6,1,1
SF,IC2008,2020-08-21 09:31:22.500,6642.4000,27335,-7,1541189040.000,7,0,7,双平,S,6642.0000,6641.6000,6641.0000,6640.8000,6640.6000,6642.8000,6643.0000,6643.2000,6643.4000,6643.6000,1,28,3,2,4,6,1,1,1,1
SF,IC2008,2020-08-21 09:31:23.000,6642.2000,27332,-3,1545174480.000,3,0,3,双平,S,6642.4000,6642.2000,6642.0000,6641.6000,6641.0000,6642.8000,6643.0000,6643.2000,6643.4000,6643.6000,1,6,3,28,3,5,1,1,1,1
SF,IC2008,2020-08-21 09:31:23.500,6642.4000,27319,-13,1562445840.000,13,0,13,双平,S,6642.8000,6642.2000,6642.0000,6641.8000,6641.6000,6643.2000,6643.4000,6643.6000,6644.4000,6644.8000,1,6,3,1,28,1,1,1,1,5
SF,IC2008,2020-08-21 09:31:24.000,6642.8000,27317,-2,1565103040.000,2,0,2,双平,S,6643.0000,6642.6000,6642.2000,6642.0000,6641.8000,6643.4000,6643.6000,6644.4000,6644.8000,6646.2000,5,1,6,4,1,1,1,1,5,2
SF,IC2008,2020-08-21 09:31:24.500,6643.0000,27314,-3,1578389240.000,10,3,7,多平,S,6642.8000,6642.6000,6642.2000,6642.0000,6641.8000,6643.0000,6644.4000,6644.8000,6646.2000,6646.8000,1,1,5,4,1,1,1,5,2,5
SF,IC2008,2020-08-21 09:31:25.000,6643.0000,27310,-4,1587689160.000,7,1,6,多平,S,6643.2000,6642.2000,6642.0000,6641.6000,6641.0000,6644.4000,6644.8000,6646.2000,6646.8000,6647.0000,2,5,4,28,3,1,5,2,5,2
SF,IC2008,2020-08-21 09:31:25.500,6643.2000,27307,-3,1593003760.000,4,0,4,多平,S,6643.2000,6643.0000,6642.2000,6642.0000,6641.6000,6643.8000,6644.2000,6644.4000,6644.8000,6646.2000,4,2,5,4,28,1,1,2,5,2
SF,IC2008,2020-08-21 09:31:26.000,6644.4000,27302,-5,1599647960.000,5,0,5,双平,S,6644.4000,6644.0000,6643.2000,6643.0000,6642.4000,6644.8000,6646.2000,6646.8000,6647.0000,6648.0000,1,4,4,2,4,5,2,5,2,1
SF,IC2008,2020-08-21 09:31:26.500,6644.0000,27298,-4,1606292440.000,5,0,5,多平,S,6644.0000,6643.4000,6643.2000,6643.0000,6642.4000,6644.8000,6646.2000,6646.8000,6647.0000,6648.0000,3,1,4,3,4,3,2,5,2,1
SF,IC2008,2020-08-21 09:31:27.000,6644.8000,27296,-2,1614265600.000,6,2,4,多平,S,6644.0000,6643.4000,6643.2000,6643.0000,6642.4000,6644.8000,6646.2000,6646.8000,6647.0000,6648.0000,2,1,4,3,4,2,2,5,2,1
SF,IC2008,2020-08-21 09:31:27.500,6644.8000,27295,-1,1618252480.000,3,1,2,多平,S,6644.0000,6643.8000,6643.4000,6643.2000,6643.0000,6646.2000,6646.8000,6647.0000,6648.0000,6648.6000,3,3,1,4,3,2,5,2,1,2
SF,IC2008,2020-08-21 09:31:28.000,6646.2000,27293,-2,1620910960.000,2,0,2,双平,S,6646.2000,6644.8000,6644.6000,6644.0000,6643.8000,6646.8000,6647.0000,6648.0000,6648.6000,6648.8000,4,1,2,9,3,5,2,1,2,15
SF,IC2008,2020-08-21 09:31:28.500,6646.2000,27288,-5,1628886400.000,6,0,6,多平,S,6646.2000,6644.8000,6644.6000,6644.0000,6643.8000,6646.4000,6646.6000,6646.8000,6647.0000,6648.0000,3,1,2,9,3,1,1,5,2,1
SF,IC2008,2020-08-21 09:31:29.000,6646.2000,27283,-5,1636861840.000,6,0,6,多平,S,6644.8000,6644.6000,6644.0000,6643.8000,6643.2000,6646.2000,6646.4000,6646.6000,6646.8000,6647.0000,1,2,9,3,4,2,1,1,5,2
SF,IC2008,2020-08-21 09:31:29.500,6644.0000,27269,-14,1656794680.000,15,0,15,多平,S,6643.8000,6643.2000,6643.0000,6642.4000,6642.2000,6644.0000,6645.4000,6646.0000,6646.2000,6646.6000,3,4,3,4,5,7,2,2,2,1
SF,IC2008,2020-08-21 09:31:30.000,6645.8000,27259,-10,1672740480.000,12,1,11,多平,S,6643.2000,6643.0000,6642.4000,6642.2000,6642.0000,6646.0000,6646.2000,6646.6000,6646.8000,6647.0000,3,3,4,5,1,2,2,1,5,2
SF,IC2008,2020-08-21 09:31:30.500,6645.8000,27254,-5,1679386280.000,5,0,5,双平,S,6644.2000,6644.0000,6643.2000,6643.0000,6642.4000,6645.8000,6646.0000,6646.2000,6646.6000,6646.8000,8,2,2,1,4,3,2,3,1,5
SF,IC2008,2020-08-21 09:31:31.000,6645.8000,27254,0,1679386280.000,0,-,-,-,-,6644.2000,6644.0000,6643.2000,6643.0000,6642.4000,6645.8000,6646.0000,6646.2000,6646.4000,6646.6000,8,3,2,1,4,5,3,3,2,1
SF,IC2008,2020-08-21 09:31:31.500,6645.0000,27251,-3,1690017160.000,8,2,6,多平,S,6644.2000,6644.0000,6643.2000,6643.0000,6642.4000,6645.8000,6646.0000,6646.2000,6646.4000,6646.6000,1,3,2,1,4,6,2,3,2,1
SF,IC2008,2020-08-21 09:31:32.000,6646.0000,27239,-12,1705966760.000,12,0,12,双平,S,6644.0000,6643.2000,6643.0000,6642.4000,6642.2000,6646.2000,6646.4000,6646.6000,6646.8000,6647.0000,4,2,1,4,5,3,2,1,5,2
SF,IC2008,2020-08-21 09:31:32.500,6644.2000,27239,0,1708624400.000,2,1,1,多换,S,6644.0000,6643.2000,6643.0000,6642.4000,6642.2000,6644.2000,6646.2000,6646.4000,6646.6000,6646.8000,3,2,1,4,5,1,3,2,1,5
SF,IC2008,2020-08-21 09:31:33.000,6646.2000,27236,-3,1715269280.000,5,1,4,多平,S,6644.0000,6643.2000,6642.4000,6642.2000,6641.6000,6646.2000,6646.4000,6646.6000,6646.8000,6647.0000,1,2,4,5,28,2,2,1,5,2
SF,IC2008,2020-08-21 09:31:33.500,6646.2000,27236,0,1715269280.000,0,-,-,-,-,6644.6000,6644.0000,6643.2000,6642.4000,6642.2000,6645.8000,6646.0000,6646.2000,6646.4000,6646.6000,2,4,1,4,5,2,2,2,2,1
SF,IC2008,2020-08-21 09:31:34.000,6644.6000,27235,-1,1716598200.000,1,0,1,双平,S,6644.6000,6644.2000,6644.0000,6643.2000,6642.4000,6645.0000,6645.4000,6645.8000,6646.0000,6646.2000,1,2,4,1,4,2,1,2,2,3
SF,IC2008,2020-08-21 09:31:34.500,6645.0000,27234,-1,1717927200.000,1,0,1,双平,S,6644.6000,6644.2000,6644.0000,6643.2000,6642.4000,6645.0000,6645.2000,6645.8000,6646.0000,6646.2000,3,2,4,1,4,1,1,1,2,3
SF,IC2008,2020-08-21 09:31:35.000,6645.0000,27232,-2,1720585200.000,2,0,2,双平,S,6644.6000,6644.4000,6644.2000,6644.0000,6643.2000,6645.2000,6645.8000,6646.2000,6646.4000,6646.6000,3,1,2,4,1,1,1,3,2,1
SF,IC2008,2020-08-21 09:31:35.500,6645.0000,27228,-4,1727230280.000,5,0,5,多平,S,6645.0000,6644.6000,6644.4000,6644.2000,6644.0000,6645.8000,6646.2000,6646.4000,6646.6000,6646.8000,1,4,1,1,4,1,3,2,1,5
SF,IC2008,2020-08-21 09:31:36.000,6645.0000,27227,-1,1728559280.000,1,0,1,双平,S,6644.6000,6644.4000,6644.2000,6644.0000,6643.2000,6644.8000,6645.6000,6646.2000,6646.4000,6646.6000,3,1,1,4,1,1,1,3,2,1
SF,IC2008,2020-08-21 09:31:36.500,6644.8000,27221,-6,1736532840.000,6,0,6,双平,S,6644.2000,6644.0000,6643.2000,6642.4000,6642.2000,6646.0000,6646.2000,6646.4000,6646.6000,6646.8000,1,4,1,4,5,1,3,2,1,5
SF,IC2008,2020-08-21 09:31:37.000,6644.8000,27217,-4,1741848800.000,4,0,4,双平,S,6644.8000,6644.2000,6644.0000,6643.2000,6642.4000,6645.8000,6646.0000,6646.2000,6646.4000,6646.6000,2,1,4,1,4,1,1,2,2,1
SF,IC2008,2020-08-21 09:31:37.500,6642.4000,27208,-9,1755136520.000,10,0,10,多平,S,6642.4000,6641.6000,6641.0000,6640.6000,6640.0000,6645.8000,6646.0000,6646.2000,6646.4000,6646.6000,3,28,1,3,9,5,1,2,2,1
SF,IC2008,2020-08-21 09:31:38.000,6642.4000,27208,0,1755136520.000,0,-,-,-,-,6644.8000,6643.2000,6642.8000,6642.4000,6641.6000,6645.2000,6645.6000,6645.8000,6646.0000,6646.2000,1,1,1,3,13,1,3,5,1,2
SF,IC2008,2020-08-21 09:31:38.500,6644.8000,27205,-3,1759123320.000,3,0,3,双平,S,6643.2000,6642.8000,6642.6000,6642.4000,6641.6000,6645.0000,6645.2000,6645.6000,6645.8000,6646.0000,1,1,3,3,13,1,1,2,3,1
SF,IC2008,2020-08-21 09:31:39.000,6644.8000,27205,0,1759123320.000,0,-,-,-,-,6643.2000,6642.8000,6642.6000,6642.4000,6641.6000,6644.8000,6645.0000,6645.2000,6645.6000,6645.8000,1,1,3,3,13,6,2,1,2,3
SF,IC2008,2020-08-21 09:31:39.500,6644.8000,27205,0,1759123320.000,0,-,-,-,-,6643.2000,6642.6000,6642.4000,6641.6000,6641.0000,6644.6000,6644.8000,6645.0000,6645.2000,6645.6000,2,3,3,13,1,3,6,1,1,1
SF,IC2008,2020-08-21 09:31:40.000,6644.8000,27200,-5,1765768120.000,5,0,5,双平,S,6643.2000,6642.6000,6642.4000,6641.6000,6641.0000,6644.6000,6644.8000,6645.2000,6645.8000,6646.0000,5,3,3,13,1,3,7,1,3,2
SF,IC2008,2020-08-21 09:31:40.500,6644.8000,27200,0,1765768120.000,0,-,-,-,-,6643.2000,6642.6000,6642.4000,6641.6000,6641.0000,6644.4000,6644.6000,6644.8000,6646.0000,6646.4000,5,3,3,13,1,3,3,7,2,2
SF,IC2008,2020-08-21 09:31:41.000,6643.2000,27194,-6,1773739960.000,6,0,6,双平,S,6642.6000,6642.4000,6641.6000,6641.0000,6640.6000,6643.2000,6643.6000,6644.2000,6644.4000,6644.6000,3,3,13,1,3,2,1,3,4,3
SF,IC2008,2020-08-21 09:31:41.500,6643.2000,27187,-7,1783040040.000,7,0,7,双平,S,6643.4000,6642.4000,6641.6000,6641.0000,6640.6000,6644.2000,6644.4000,6644.6000,6644.8000,6646.0000,3,3,13,1,3,2,1,3,6,2
SF,IC2008,2020-08-21 09:31:42.000,6644.6000,27172,-15,1804301120.000,16,0,16,多平,S,6644.6000,6642.4000,6641.6000,6641.0000,6640.6000,6644.8000,6646.0000,6646.4000,6646.8000,6647.0000,16,3,13,1,3,4,2,2,8,2
SF,IC2008,2020-08-21 09:31:42.500,6644.8000,27166,-6,1812274880.000,6,0,6,双平,S,6644.8000,6644.6000,6642.4000,6641.6000,6641.0000,6646.0000,6646.4000,6646.8000,6647.0000,6648.0000,2,20,3,13,1,2,2,8,2,1
SF,IC2008,2020-08-21 09:31:43.000,6644.6000,27160,-6,1820248560.000,6,0,6,双平,S,6644.6000,6642.4000,6641.6000,6641.2000,6641.0000,6645.6000,6645.8000,6646.0000,6646.4000,6646.8000,18,3,13,1,1,1,1,2,2,8
SF,IC2008,2020-08-21 09:31:43.500,6644.6000,27158,-2,1824235360.000,3,0,3,多平,S,6644.6000,6642.4000,6641.6000,6641.2000,6641.0000,6645.4000,6645.6000,6645.8000,6646.0000,6646.4000,17,3,13,1,1,1,1,1,1,2
SF,IC2008,2020-08-21 09:31:44.000,6644.6000,27158,0,1825564280.000,1,0,1,多换,S,6644.6000,6642.4000,6642.2000,6641.6000,6641.2000,6645.4000,6645.6000,6645.8000,6646.0000,6646.4000,16,3,4,13,1,1,1,1,1,2
SF,IC2008,2020-08-21 09:31:44.500,6644.6000,27147,-11,1841512560.000,12,0,12,多平,S,6644.8000,6644.6000,6642.4000,6642.2000,6641.6000,6645.2000,6646.4000,6646.8000,6647.0000,6648.0000,2,11,3,4,13,1,1,8,2,1
SF,IC2008,2020-08-21 09:31:45.000,6645.2000,27146,-1,1842841600.000,1,0,1,双平,S,6646.0000,6645.4000,6645.2000,6644.8000,6644.6000,6646.4000,6646.8000,6647.0000,6648.0000,6648.8000,2,2,1,4,12,1,8,2,1,10
SF,IC2008,2020-08-21 09:31:45.500,6646.4000,27143,-3,1848158240.000,4,0,4,多平,S,6645.4000,6644.8000,6644.6000,6642.8000,6642.4000,6646.2000,6646.8000,6647.0000,6648.0000,6648.8000,16,4,12,1,3,2,8,2,1,10
SF,IC2008,2020-08-21 09:31:46.000,6645.6000,27140,-3,1852145880.000,3,0,3,双平,S,6645.6000,6645.4000,6644.8000,6644.6000,6644.0000,6646.0000,6646.8000,6647.0000,6648.0000,6648.8000,1,16,4,12,1,1,8,2,1,10
SF,IC2008,2020-08-21 09:31:46.500,6645.4000,27136,-4,1857462360.000,4,0,4,双平,S,6645.4000,6644.8000,6644.6000,6644.0000,6642.8000,6646.8000,6647.0000,6648.0000,6648.8000,6649.0000,14,3,12,1,1,8,2,1,10,2
SF,IC2008,2020-08-21 09:31:47.000,6646.0000,27135,-1,1858791560.000,1,0,1,双平,S,6646.2000,6645.4000,6644.8000,6644.6000,6644.0000,6646.6000,6646.8000,6647.0000,6648.0000,6648.8000,2,16,3,12,1,1,8,2,5,10
SF,IC2008,2020-08-21 09:31:47.500,6646.0000,27134,-1,1860120760.000,1,0,1,双平,S,6646.4000,6646.2000,6645.4000,6644.8000,6644.6000,6646.6000,6646.8000,6647.0000,6648.0000,6648.8000,5,1,16,3,12,3,8,2,5,10
SF,IC2008,2020-08-21 09:31:48.000,6646.6000,27132,-2,1862779400.000,2,0,2,双平,S,6646.6000,6646.4000,6646.2000,6645.6000,6645.4000,6646.8000,6647.0000,6648.0000,6648.8000,6649.0000,5,7,1,1,16,8,2,5,10,2
SF,IC2008,2020-08-21 09:31:48.500,6646.8000,27124,-8,1873414280.000,8,0,8,双平,S,6646.8000,6646.6000,6646.4000,6646.2000,6646.0000,6647.0000,6648.0000,6648.8000,6649.0000,6649.8000,1,4,7,1,20,2,5,10,2,3
SF,IC2008,2020-08-21 09:31:49.000,6647.0000,27122,-2,1876073080.000,2,0,2,双平,S,6647.4000,6647.2000,6647.0000,6646.8000,6646.6000,6648.0000,6648.8000,6649.0000,6649.8000,6650.0000,1,2,1,6,3,5,10,2,3,2
SF,IC2008,2020-08-21 09:31:49.500,6647.0000,27120,-2,1878731880.000,2,0,2,双平,S,6647.4000,6647.0000,6646.8000,6646.6000,6646.4000,6647.8000,6648.0000,6648.8000,6649.0000,6649.8000,2,4,7,5,7,1,5,10,2,3
SF,IC2008,2020-08-21 09:31:50.000,6647.0000,27117,-3,1885379120.000,5,1,4,多平,S,6647.0000,6646.8000,6646.6000,6646.4000,6646.2000,6647.2000,6647.8000,6648.0000,6648.8000,6649.0000,1,7,5,7,1,4,2,5,10,2
SF,IC2008,2020-08-21 09:31:50.500,6647.0000,27110,-7,1894685040.000,7,0,7,双平,S,6647.2000,6646.8000,6646.6000,6646.4000,6646.2000,6647.4000,6647.8000,6648.0000,6648.8000,6649.0000,1,7,5,7,1,1,1,5,10,2
SF,IC2008,2020-08-21 09:31:51.000,6647.2000,27105,-5,1901332560.000,5,0,5,双平,S,6647.4000,6647.2000,6646.8000,6646.6000,6646.4000,6648.0000,6648.8000,6649.0000,6649.8000,6650.0000,1,6,7,5,7,5,10,2,3,2
SF,IC2008,2020-08-21 09:31:51.500,6647.6000,27101,-4,1906650880.000,4,0,4,双平,S,6647.6000,6647.4000,6647.2000,6646.8000,6646.6000,6647.8000,6648.0000,6648.8000,6649.0000,6649.8000,1,6,5,7,4,1,2,10,2,3
SF,IC2008,2020-08-21 09:31:52.000,6647.6000,27097,-4,1911969160.000,4,0,4,双平,S,6647.8000,6647.4000,6647.2000,6646.8000,6646.6000,6648.8000,6649.0000,6649.8000,6650.0000,6650.4000,1,7,4,7,4,10,2,3,2,1
SF,IC2008,2020-08-21 09:31:52.500,6647.6000,27096,-1,1913298680.000,1,0,1,双平,S,6648.0000,6647.8000,6647.4000,6647.2000,6646.8000,6648.6000,6648.8000,6649.0000,6649.8000,6650.0000,12,5,7,4,7,1,12,2,3,2
SF,IC2008,2020-08-21 09:31:53.000,6648.6000,27094,-2,1915958120.000,2,0,2,双平,S,6648.6000,6648.2000,6648.0000,6647.8000,6647.4000,6648.8000,6649.0000,6649.8000,6650.0000,6650.4000,1,1,12,5,7,12,2,3,2,1
SF,IC2008,2020-08-21 09:31:53.500,6648.8000,27086,-8,1926595760.000,8,0,8,双平,S,6648.0000,6647.8000,6647.4000,6647.2000,6646.8000,6648.8000,6649.0000,6649.8000,6650.0000,6650.4000,11,5,6,4,7,10,2,3,2,1
SF,IC2008,2020-08-21 09:31:54.000,6648.8000,27079,-7,1935904080.000,7,0,7,双平,S,6648.0000,6647.8000,6647.6000,6647.4000,6647.2000,6648.8000,6649.0000,6649.8000,6650.0000,6650.4000,11,5,1,6,3,8,2,3,2,1
SF,IC2008,2020-08-21 09:31:54.500,6648.8000,27073,-6,1943882640.000,6,0,6,双平,S,6648.6000,6648.0000,6647.8000,6647.6000,6647.4000,6648.8000,6649.0000,6649.8000,6650.0000,6650.4000,2,12,4,1,6,3,2,3,2,1
SF,IC2008,2020-08-21 09:31:55.000,6649.0000,27067,-6,1951861280.000,6,0,6,双平,S,6648.8000,6648.6000,6648.0000,6647.8000,6647.6000,6649.8000,6650.0000,6650.4000,6650.8000,6651.0000,3,2,12,4,1,3,2,1,5,10
SF,IC2008,2020-08-21 09:31:55.500,6648.8000,27062,-5,1958510080.000,5,0,5,双平,S,6648.6000,6648.0000,6647.8000,6647.6000,6647.4000,6648.8000,6649.8000,6650.0000,6650.4000,6650.8000,2,13,4,1,6,2,3,2,1,5
SF,IC2008,2020-08-21 09:31:56.000,6648.8000,27060,-2,1961169600.000,2,0,2,双平,S,6648.8000,6648.6000,6648.0000,6647.8000,6647.6000,6649.8000,6650.0000,6650.4000,6650.8000,6651.0000,1,2,14,4,1,3,2,1,5,10
SF,IC2008,2020-08-21 09:31:56.500,6648.8000,27055,-5,1970477920.000,7,1,6,多平,S,6648.6000,6648.0000,6647.8000,6647.6000,6647.4000,6649.6000,6649.8000,6650.0000,6650.4000,6650.8000,2,14,4,1,6,1,3,2,1,5
SF,IC2008,2020-08-21 09:31:57.000,6648.6000,27052,-3,1974467280.000,3,0,3,双平,S,6648.0000,6647.8000,6647.6000,6647.4000,6647.2000,6649.0000,6649.4000,6649.8000,6650.0000,6650.4000,14,4,1,6,4,2,1,3,2,1
SF,IC2008,2020-08-21 09:31:57.500,6649.0000,27051,-1,1975797080.000,1,0,1,双平,S,6648.0000,6647.8000,6647.6000,6647.4000,6647.2000,6648.8000,6649.0000,6649.4000,6649.8000,6650.0000,15,4,1,6,4,1,1,1,3,2
SF,IC2008,2020-08-21 09:31:58.000,6649.0000,27048,-3,1979786480.000,3,0,3,双平,S,6648.8000,6648.2000,6648.0000,6647.8000,6647.6000,6649.0000,6649.2000,6649.4000,6649.8000,6650.0000,1,1,15,4,1,1,1,1,3,2
SF,IC2008,2020-08-21 09:31:58.500,6649.0000,27046,-2,1982446040.000,2,0,2,双平,S,6648.2000,6648.0000,6647.8000,6647.6000,6647.4000,6649.2000,6649.4000,6649.8000,6650.0000,6650.4000,1,15,4,1,6,1,1,3,2,1
SF,IC2008,2020-08-21 09:31:59.000,6649.0000,27044,-2,1985105640.000,2,0,2,双平,S,6649.0000,6648.2000,6648.0000,6647.8000,6647.6000,6649.2000,6649.4000,6649.8000,6650.0000,6650.4000,2,1,15,4,1,1,1,3,2,1
SF,IC2008,2020-08-21 09:31:59.500,6649.2000,27042,-2,1987765280.000,2,0,2,双平,S,6649.2000,6649.0000,6648.2000,6648.0000,6647.8000,6649.4000,6649.8000,6650.0000,6650.4000,6650.8000,4,3,1,15,4,1,3,10,1,5
SF,IC2008,2020-08-21 09:32:00.000,6649.2000,27041,-1,1989095120.000,1,0,1,双平,S,6649.2000,6649.0000,6648.0000,6647.8000,6647.6000,6649.4000,6649.8000,6650.0000,6650.4000,6650.8000,3,4,15,4,1,3,3,10,1,5
SF,IC2008,2020-08-21 09:32:00.500,6649.2000,27033,-8,1999733680.000,8,0,8,双平,S,6648.0000,6647.8000,6647.6000,6647.4000,6647.2000,6649.2000,6649.4000,6649.8000,6650.0000,6650.4000,15,2,1,6,4,34,3,3,10,1
SF,IC2008,2020-08-21 09:32:01.000,6649.0000,27019,-14,2022340920.000,17,1,16,多平,S,6648.2000,6648.0000,6647.8000,6647.6000,6647.4000,6649.0000,6649.2000,6649.4000,6649.8000,6650.0000,1,16,2,2,6,1,19,5,3,10
SF,IC2008,2020-08-21 09:32:01.500,6648.4000,27011,-8,2032979240.000,8,0,8,双平,S,6648.2000,6648.0000,6647.8000,6647.6000,6647.4000,6648.6000,6648.8000,6649.2000,6649.4000,6649.8000,2,16,2,2,5,4,3,13,5,3
SF,IC2008,2020-08-21 09:32:02.000,6648.0000,27005,-6,2040956920.000,6,0,6,双平,S,6648.0000,6647.8000,6647.6000,6647.4000,6647.2000,6648.6000,6648.8000,6649.2000,6649.4000,6649.8000,11,2,2,5,4,4,2,13,5,3
SF,IC2008,2020-08-21 09:32:02.500,6648.8000,26998,-7,2050265000.000,7,0,7,双平,S,6649.0000,6648.0000,6647.8000,6647.6000,6647.4000,6649.2000,6649.4000,6649.8000,6650.0000,6650.4000,6,12,2,2,5,13,5,3,10,1
SF,IC2008,2020-08-21 09:32:03.000,6649.0000,26991,-7,2059573640.000,7,0,7,双平,S,6648.6000,6648.0000,6647.8000,6647.6000,6647.4000,6649.2000,6649.4000,6649.8000,6650.0000,6650.4000,1,12,2,2,5,12,5,3,10,1
SF,IC2008,2020-08-21 09:32:03.500,6648.6000,26989,-2,2062233080.000,2,0,2,双平,S,6648.6000,6648.0000,6647.8000,6647.6000,6647.4000,6649.2000,6649.4000,6649.8000,6650.0000,6650.4000,2,11,2,2,5,12,5,3,10,1
SF,IC2008,2020-08-21 09:32:04.000,6648.6000,26986,-3,2066222240.000,3,0,3,双平,S,6648.0000,6647.8000,6647.6000,6647.4000,6647.2000,6649.2000,6649.4000,6649.8000,6650.0000,6650.4000,11,2,2,5,4,12,5,3,10,1
SF,IC2008,2020-08-21 09:32:04.500,6648.4000,26983,-3,2071541320.000,4,0,4,多平,S,6648.0000,6647.8000,6647.6000,6647.4000,6647.2000,6649.2000,6649.4000,6649.8000,6650.0000,6650.4000,12,2,2,5,4,10,5,3,10,1
SF,IC2008,2020-08-21 09:32:05.000,6649.2000,26982,-1,2072871160.000,1,0,1,双平,S,6648.4000,6648.2000,6648.0000,6647.8000,6647.6000,6648.6000,6649.0000,6649.2000,6649.4000,6649.8000,1,1,12,2,2,1,1,9,5,3
SF,IC2008,2020-08-21 09:32:05.500,6649.2000,26970,-12,2088829120.000,12,0,12,双平,S,6649.2000,6648.8000,6648.4000,6648.2000,6648.0000,6649.4000,6649.8000,6650.0000,6650.4000,6650.8000,8,2,1,1,12,5,3,10,1,5
SF,IC2008,2020-08-21 09:32:06.000,6649.2000,26967,-3,2094148600.000,4,0,4,多平,S,6649.2000,6648.8000,6648.4000,6648.2000,6648.0000,6649.4000,6649.8000,6650.0000,6650.4000,6650.8000,8,2,1,1,12,1,3,11,1,5
SF,IC2008,2020-08-21 09:32:06.500,6649.4000,26966,-1,2095478480.000,1,0,1,双平,S,6649.4000,6649.2000,6648.8000,6648.6000,6648.4000,6649.8000,6650.0000,6650.4000,6650.8000,6651.0000,1,8,2,1,1,3,11,1,5,10
SF,IC2008,2020-08-21 09:32:07.000,6649.8000,26964,-2,2099468280.000,3,0,3,多平,S,6649.2000,6648.8000,6648.6000,6648.4000,6648.2000,6649.8000,6650.0000,6650.4000,6650.8000,6651.0000,7,2,1,1,1,2,11,1,5,10
SF,IC2008,2020-08-21 09:32:07.500,6650.0000,26948,-16,2123407400.000,18,1,17,多平,S,6649.8000,6649.2000,6649.0000,6648.8000,6648.6000,6650.0000,6650.4000,6650.8000,6651.0000,6652.8000,1,3,5,2,1,1,1,5,10,5
SF,IC2008,2020-08-21 09:32:08.000,6650.0000,26944,-4,2131386840.000,6,1,5,多平,S,6650.0000,6649.8000,6649.0000,6648.8000,6648.6000,6650.4000,6650.8000,6651.0000,6652.8000,6654.6000,2,6,5,2,1,1,5,10,5,1
SF,IC2008,2020-08-21 09:32:08.500,6649.6000,26939,-5,2146016480.000,11,3,8,多平,S,6649.0000,6648.8000,6648.6000,6648.2000,6648.0000,6649.8000,6650.0000,6650.2000,6650.4000,6650.8000,5,2,1,1,12,1,1,1,1,5
SF,IC2008,2020-08-21 09:32:09.000,6649.8000,26938,-1,2147346440.000,1,0,1,双平,S,6649.4000,6649.0000,6648.8000,6648.6000,6648.2000,6649.8000,6650.0000,6650.4000,6650.8000,6651.0000,1,5,2,1,1,4,4,1,5,10
SF,IC2008,2020-08-21 09:32:09.500,6649.2000,26936,-2,2150006160.000,2,0,2,双平,S,6649.0000,6648.8000,6648.6000,6648.2000,6648.0000,6649.4000,6649.8000,6650.0000,6650.4000,6650.8000,5,2,1,1,12,2,4,4,1,5
SF,IC2008,2020-08-21 09:32:10.000,6649.0000,26932,-4,2155325360.000,4,0,4,双平,S,6649.0000,6648.8000,6648.6000,6648.2000,6648.0000,6649.2000,6649.4000,6649.6000,6649.8000,6650.0000,1,2,1,1,12,3,2,2,5,3
SF,IC2008,2020-08-21 09:32:10.500,6648.8000,26929,-3,2159314680.000,3,0,3,双平,S,6648.6000,6648.2000,6648.0000,6647.8000,6647.6000,6649.0000,6649.2000,6649.4000,6649.6000,6649.8000,1,1,12,2,1,3,2,2,2,4
SF,IC2008,2020-08-21 09:32:11.000,6648.8000,26926,-3,2163303800.000,3,0,3,双平,S,6648.0000,6647.8000,6647.6000,6647.4000,6647.2000,6649.0000,6649.2000,6649.4000,6649.6000,6649.8000,12,2,1,2,3,2,1,3,1,4
SF,IC2008,2020-08-21 09:32:11.500,6648.0000,26924,-2,2165963160.000,2,0,2,双平,S,6648.0000,6647.8000,6647.6000,6647.4000,6647.2000,6648.4000,6648.6000,6648.8000,6649.0000,6649.2000,12,2,1,2,3,1,2,1,3,1
SF,IC2008,2020-08-21 09:32:12.000,6648.4000,26921,-3,2169952080.000,3,0,3,双平,S,6648.0000,6647.8000,6647.4000,6647.2000,6646.8000,6648.6000,6648.8000,6649.0000,6649.2000,6649.4000,11,2,2,3,2,1,2,3,1,2
SF,IC2008,2020-08-21 09:32:12.500,6648.6000,26920,-1,2172611520.000,2,0,2,多平,S,6648.0000,6647.8000,6647.4000,6647.2000,6646.8000,6648.6000,6649.0000,6649.2000,6649.4000,6649.6000,18,2,2,3,2,1,4,1,1,1
SF,IC2008,2020-08-21 09:32:13.000,6648.6000,26917,-3,2176600680.000,3,0,3,双平,S,6648.2000,6648.0000,6647.8000,6647.4000,6647.2000,6649.0000,6649.2000,6649.4000,6649.6000,6649.8000,1,18,2,2,3,3,1,1,1,4
SF,IC2008,2020-08-21 09:32:13.500,6648.2000,26913,-4,2181919440.000,4,0,4,双平,S,6648.2000,6648.0000,6647.8000,6647.4000,6647.2000,6649.0000,6649.6000,6649.8000,6650.0000,6650.4000,1,18,2,2,3,2,1,4,5,1
SF,IC2008,2020-08-21 09:32:14.000,6648.0000,26909,-4,2187237880.000,4,0,4,双平,S,6648.0000,6647.8000,6647.4000,6647.2000,6646.8000,6648.8000,6649.0000,6649.4000,6649.6000,6649.8000,15,2,2,3,2,1,1,1,1,4
SF,IC2008,2020-08-21 09:32:14.500,6648.0000,26906,-3,2191226680.000,3,0,3,双平,S,6648.0000,6647.8000,6647.4000,6647.2000,6646.8000,6648.2000,6648.8000,6649.0000,6649.4000,6649.6000,12,2,2,3,2,1,2,1,1,1
SF,IC2008,2020-08-21 09:32:15.000,6648.0000,26901,-5,2197874680.000,5,0,5,双平,S,6648.0000,6647.8000,6647.4000,6647.2000,6646.8000,6648.2000,6648.8000,6649.0000,6649.4000,6649.6000,8,2,2,3,2,1,2,2,1,1
SF,IC2008,2020-08-21 09:32:15.500,6648.0000,26898,-3,2201863480.000,3,0,3,双平,S,6648.0000,6647.8000,6647.4000,6647.2000,6646.8000,6648.2000,6648.8000,6649.0000,6649.4000,6649.8000,6,2,2,3,2,1,2,4,1,4
SF,IC2008,2020-08-21 09:32:16.000,6648.0000,26896,-2,2204522680.000,2,0,2,双平,S,6648.0000,6647.8000,6647.4000,6647.2000,6646.8000,6648.2000,6648.6000,6648.8000,6649.0000,6649.8000,4,2,2,3,2,1,1,1,4,4
SF,IC2008,2020-08-21 09:32:16.500,6648.0000,26893,-3,2208511520.000,3,0,3,双平,S,6648.2000,6648.0000,6647.8000,6647.4000,6647.2000,6648.6000,6648.8000,6649.0000,6649.8000,6650.0000,6,2,2,2,3,1,1,4,4,5
SF,IC2008,2020-08-21 09:32:17.000,6648.6000,26893,0,2209841240.000,1,0,1,多换,S,6648.2000,6648.0000,6647.8000,6647.4000,6647.2000,6648.8000,6649.0000,6649.6000,6649.8000,6650.0000,8,2,2,2,3,1,4,29,4,5
SF,IC2008,2020-08-21 09:32:17.500,6648.6000,26893,0,2209841240.000,0,-,-,-,-,6648.6000,6648.2000,6648.0000,6647.8000,6647.4000,6648.8000,6649.0000,6649.6000,6649.8000,6650.0000,1,8,2,2,2,1,4,29,4,5
SF,IC2008,2020-08-21 09:32:18.000,6648.6000,26892,-1,2211170960.000,1,0,1,双平,S,6648.6000,6648.2000,6648.0000,6647.8000,6647.4000,6648.8000,6649.0000,6649.6000,6649.8000,6650.0000,2,8,2,2,2,1,4,29,4,5
SF,IC2008,2020-08-21 09:32:18.500,6648.2000,26889,-3,2215160040.000,3,0,3,双平,S,6648.2000,6648.0000,6647.8000,6647.4000,6647.2000,6648.6000,6648.8000,6649.0000,6649.6000,6649.8000,7,2,2,2,3,1,1,4,29,4
SF,IC2008,2020-08-21 09:32:19.000,6648.2000,26884,-5,2221808240.000,5,0,5,双平,S,6648.2000,6648.0000,6647.8000,6647.4000,6647.2000,6648.6000,6648.8000,6649.0000,6649.6000,6649.8000,4,2,2,2,3,4,1,4,29,3
SF,IC2008,2020-08-21 09:32:19.500,6648.2000,26881,-3,2225797160.000,3,0,3,双平,S,6648.2000,6648.0000,6647.8000,6647.4000,6647.2000,6648.4000,6648.6000,6648.8000,6649.0000,6649.6000,1,2,2,2,3,1,4,1,4,29
SF,IC2008,2020-08-21 09:32:20.000,6648.2000,26874,-7,2235104640.000,7,0,7,双平,S,6648.0000,6647.8000,6647.4000,6647.2000,6646.0000,6648.2000,6648.4000,6648.6000,6648.8000,6649.0000,2,2,2,3,20,2,1,2,1,4
SF,IC2008,2020-08-21 09:32:20.500,6648.0000,26868,-6,2243082040.000,6,0,6,双平,S,6647.4000,6647.2000,6646.0000,6645.8000,6645.4000,6648.0000,6648.2000,6648.4000,6648.6000,6648.8000,1,3,20,1,1,3,4,1,3,1
SF,IC2008,2020-08-21 09:32:21.000,6647.2000,26866,-2,2245740960.000,2,0,2,双平,S,6647.2000,6646.0000,6645.8000,6645.4000,6645.2000,6647.6000,6648.0000,6648.2000,6648.4000,6648.6000,1,20,1,1,1,1,6,2,1,3
SF,IC2008,2020-08-21 09:32:21.500,6646.2000,26862,-4,2251058080.000,4,0,4,双平,S,6646.0000,6645.8000,6645.4000,6645.2000,6645.0000,6646.2000,6647.2000,6647.6000,6647.8000,6648.0000,19,1,1,1,6,1,3,2,1,6
SF,IC2008,2020-08-21 09:32:22.000,6647.6000,26855,-7,2260363320.000,7,0,7,双平,S,6647.6000,6646.0000,6645.8000,6645.4000,6645.2000,6647.8000,6648.0000,6648.2000,6648.4000,6648.6000,1,16,1,1,1,1,3,2,1,3
SF,IC2008,2020-08-21 09:32:22.500,6647.4000,26848,-7,2269668440.000,7,0,7,双平,S,6646.0000,6645.8000,6645.4000,6645.2000,6645.0000,6647.4000,6647.6000,6648.0000,6648.2000,6648.4000,12,1,1,1,6,2,9,3,2,1
SF,IC2008,2020-08-21 09:32:23.000,6646.0000,26842,-6,2277643640.000,6,0,6,双平,S,6646.0000,6645.8000,6645.4000,6645.2000,6645.0000,6647.6000,6647.8000,6648.0000,6648.2000,6648.4000,6,1,1,1,6,5,1,3,2,1
SF,IC2008,2020-08-21 09:32:23.500,6647.6000,26839,-3,2281631720.000,3,0,3,双平,S,6646.0000,6645.8000,6645.4000,6645.2000,6645.0000,6647.6000,6647.8000,6648.0000,6648.2000,6648.4000,6,1,1,1,6,2,1,3,2,1
SF,IC2008,2020-08-21 09:32:24.000,6647.6000,26839,0,2281631720.000,0,-,-,-,-,6646.0000,6645.8000,6645.4000,6645.2000,6645.0000,6646.2000,6646.6000,6647.2000,6647.6000,6647.8000,8,1,1,1,6,1,1,1,2,1
SF,IC2008,2020-08-21 09:32:24.500,6646.0000,26836,-3,2285619400.000,3,0,3,双平,S,6646.0000,6645.8000,6645.4000,6645.2000,6645.0000,6647.2000,6647.6000,6647.8000,6648.0000,6648.2000,8,1,1,1,6,1,1,1,3,2
SF,IC2008,2020-08-21 09:32:25.000,6647.8000,26834,-2,2288278400.000,2,0,2,双平,S,6646.0000,6645.8000,6645.4000,6645.2000,6645.0000,6648.0000,6648.2000,6648.4000,6648.6000,6648.8000,8,1,1,1,6,3,2,1,3,1
SF,IC2008,2020-08-21 09:32:25.500,6646.2000,26831,-3,2292266680.000,3,0,3,双平,S,6646.0000,6645.8000,6645.4000,6645.2000,6645.0000,6648.0000,6648.2000,6648.4000,6648.6000,6648.8000,12,1,1,1,6,2,2,1,3,2
SF,IC2008,2020-08-21 09:32:26.000,6646.2000,26831,0,2292266680.000,0,-,-,-,-,6646.0000,6645.8000,6645.4000,6645.2000,6645.0000,6647.4000,6647.6000,6647.8000,6648.0000,6648.2000,15,1,1,1,6,1,1,5,2,1
SF,IC2008,2020-08-21 09:32:26.500,6646.0000,26828,-3,2296254280.000,3,0,3,双平,S,6646.4000,6646.2000,6646.0000,6645.8000,6645.4000,6646.6000,6647.6000,6647.8000,6648.0000,6648.2000,1,1,17,1,1,1,1,5,2,1
SF,IC2008,2020-08-21 09:32:27.000,6646.2000,26823,-5,2302900520.000,5,0,5,双平,S,6646.0000,6645.8000,6645.4000,6645.2000,6645.0000,6647.6000,6647.8000,6648.0000,6648.2000,6648.4000,18,1,1,1,6,1,3,2,1,1
SF,IC2008,2020-08-21 09:32:27.500,6646.2000,26822,-1,2304229760.000,1,0,1,双平,S,6646.4000,6646.0000,6645.8000,6645.4000,6645.2000,6647.4000,6647.6000,6647.8000,6648.0000,6648.2000,1,17,1,1,1,1,2,3,2,1
SF,IC2008,2020-08-21 09:32:28.000,6646.4000,26821,-1,2305559040.000,1,0,1,双平,S,6646.0000,6645.8000,6645.4000,6645.2000,6645.0000,6646.4000,6647.2000,6647.4000,6647.6000,6647.8000,17,2,1,1,6,9,2,3,2,3
SF,IC2008,2020-08-21 09:32:28.500,6646.4000,26816,-5,2312205440.000,5,0,5,双平,S,6646.0000,6645.8000,6645.4000,6645.2000,6645.0000,6646.2000,6646.4000,6647.0000,6647.2000,6647.4000,20,2,1,1,6,1,4,1,2,1
SF,IC2008,2020-08-21 09:32:29.000,6646.4000,26809,-7,2321510400.000,7,0,7,双平,S,6646.0000,6645.8000,6645.4000,6645.2000,6645.0000,6647.2000,6647.6000,6647.8000,6648.0000,6648.2000,20,2,1,1,6,2,1,5,2,1
SF,IC2008,2020-08-21 09:32:29.500,6646.4000,26809,0,2321510400.000,0,-,-,-,-,6646.2000,6646.0000,6645.8000,6645.4000,6645.2000,6646.6000,6647.0000,6647.2000,6647.6000,6647.8000,1,21,2,1,1,1,2,2,1,5
SF,IC2008,2020-08-21 09:32:30.000,6646.4000,26809,0,2321510400.000,0,-,-,-,-,6646.2000,6646.0000,6645.8000,6645.4000,6645.2000,6646.6000,6647.2000,6647.6000,6647.8000,6648.0000,6,16,2,1,1,1,2,1,5,2
SF,IC2008,2020-08-21 09:32:30.500,6646.2000,26808,-1,2322839640.000,1,0,1,双平,S,6646.2000,6646.0000,6645.8000,6645.4000,6645.2000,6646.6000,6647.2000,6647.6000,6647.8000,6648.0000,8,13,2,1,1,2,2,1,5,2
SF,IC2008,2020-08-21 09:32:31.000,6646.6000,26803,-5,2329486240.000,5,0,5,双平,S,6646.6000,6646.2000,6646.0000,6645.8000,6645.4000,6647.2000,6647.6000,6647.8000,6648.2000,6648.6000,4,9,13,2,1,1,1,5,1,2
SF,IC2008,2020-08-21 09:32:31.500,6647.2000,26802,-1,2330815680.000,1,0,1,双平,S,6646.6000,6646.2000,6646.0000,6645.8000,6645.4000,6647.6000,6647.8000,6648.2000,6648.6000,6648.8000,10,10,12,2,1,1,5,1,2,1
SF,IC2008,2020-08-21 09:32:32.000,6647.4000,26801,-1,2332145160.000,1,0,1,双平,S,6646.8000,6646.6000,6646.2000,6646.0000,6645.8000,6647.6000,6647.8000,6648.2000,6648.6000,6648.8000,2,10,10,12,2,1,5,1,2,1
SF,IC2008,2020-08-21 09:32:32.500,6647.6000,26800,-1,2333474680.000,1,0,1,双平,S,6646.8000,6646.6000,6646.2000,6646.0000,6645.8000,6647.8000,6648.2000,6648.6000,6648.8000,6649.0000,3,10,10,12,2,5,1,2,1,1
SF,IC2008,2020-08-21 09:32:33.000,6647.6000,26800,0,2333474680.000,0,-,-,-,-,6647.0000,6646.8000,6646.6000,6646.2000,6646.0000,6647.6000,6647.8000,6648.2000,6648.6000,6648.8000,1,2,10,10,12,1,5,1,2,1
SF,IC2008,2020-08-21 09:32:33.500,6647.8000,26796,-4,2338792680.000,4,0,4,双平,S,6647.0000,6646.8000,6646.6000,6646.2000,6646.0000,6647.8000,6648.2000,6648.6000,6648.8000,6649.0000,5,2,10,5,12,4,1,2,1,1
SF,IC2008,2020-08-21 09:32:34.000,6647.0000,26795,-1,2340122080.000,1,0,1,双平,S,6647.0000,6646.8000,6646.6000,6646.2000,6646.0000,6647.4000,6647.6000,6647.8000,6648.2000,6648.6000,4,2,10,5,12,1,1,4,1,2
SF,IC2008,2020-08-21 09:32:34.500,6647.4000,26794,-1,2341451560.000,1,0,1,双平,S,6647.0000,6646.8000,6646.6000,6646.2000,6646.0000,6647.6000,6647.8000,6648.2000,6648.6000,6648.8000,9,2,10,2,12,1,4,2,2,1
SF,IC2008,2020-08-21 09:32:35.000,6647.4000,26794,0,2341451560.000,0,-,-,-,-,6647.0000,6646.8000,6646.6000,6646.2000,6646.0000,6647.4000,6647.6000,6647.8000,6648.2000,6648.6000,9,2,10,2,12,1,1,4,2,2
SF,IC2008,2020-08-21 09:32:35.500,6647.0000,26792,-2,2344110360.000,2,0,2,双平,S,6647.0000,6646.8000,6646.6000,6646.2000,6646.0000,6647.4000,6647.6000,6647.8000,6648.2000,6648.6000,10,2,10,1,10,1,1,4,2,2
SF,IC2008,2020-08-21 09:32:36.000,6647.0000,26785,-7,2353416160.000,7,0,7,双平,S,6647.0000,6646.8000,6646.6000,6646.2000,6646.0000,6647.4000,6647.6000,6647.8000,6648.2000,6648.6000,3,2,10,1,10,1,1,4,2,2
SF,IC2008,2020-08-21 09:32:36.500,6647.0000,26781,-4,2358733760.000,4,0,4,双平,S,6646.8000,6646.6000,6646.2000,6646.0000,6645.8000,6647.4000,6647.6000,6647.8000,6648.2000,6648.6000,2,10,1,10,2,1,1,4,2,2
SF,IC2008,2020-08-21 09:32:37.000,6647.0000,26781,0,2358733760.000,0,-,-,-,-,6647.0000,6646.8000,6646.6000,6646.2000,6646.0000,6647.2000,6647.4000,6647.6000,6647.8000,6648.2000,2,2,10,1,10,1,1,1,4,2
SF,IC2008,2020-08-21 09:32:37.500,6647.0000,26777,-4,2364051360.000,4,0,4,双平,S,6646.8000,6646.6000,6646.2000,6646.0000,6645.8000,6647.0000,6647.2000,6647.4000,6647.6000,6647.8000,2,10,1,10,2,1,2,1,1,4
SF,IC2008,2020-08-21 09:32:38.000,6647.4000,26773,-4,2369369040.000,4,0,4,双平,S,6647.4000,6646.8000,6646.6000,6646.4000,6646.2000,6647.6000,6647.8000,6648.2000,6648.6000,6648.8000,1,1,10,2,1,1,4,2,2,1
SF,IC2008,2020-08-21 09:32:38.500,6647.4000,26772,-1,2370698520.000,1,0,1,双平,S,6646.8000,6646.6000,6646.4000,6646.2000,6646.0000,6647.2000,6647.6000,6647.8000,6648.2000,6648.6000,1,10,3,1,10,1,1,4,2,2
SF,IC2008,2020-08-21 09:32:39.000,6646.6000,26769,-3,2374686520.000,3,0,3,双平,S,6646.6000,6646.4000,6646.2000,6646.0000,6645.8000,6647.2000,6647.6000,6647.8000,6648.2000,6648.6000,8,3,1,10,1,1,1,4,2,2
SF,IC2008,2020-08-21 09:32:39.500,6646.6000,26769,0,2374686520.000,0,-,-,-,-,6646.6000,6646.4000,6646.2000,6646.0000,6645.8000,6646.8000,6647.0000,6647.2000,6647.6000,6647.8000,8,3,1,10,1,1,1,1,1,4
SF,IC2008,2020-08-21 09:32:40.000,6646.8000,26768,-1,2376015880.000,1,0,1,双平,S,6646.6000,6646.4000,6646.2000,6646.0000,6645.8000,6646.8000,6647.2000,6647.6000,6647.8000,6648.2000,8,3,1,10,1,1,1,1,4,2
SF,IC2008,2020-08-21 09:32:40.500,6646.8000,26763,-5,2382662520.000,5,0,5,双平,S,6646.6000,6646.4000,6646.2000,6646.0000,6645.8000,6647.2000,6647.6000,6647.8000,6648.2000,6648.6000,4,3,1,10,1,1,1,4,2,2
SF,IC2008,2020-08-21 09:32:41.000,6647.6000,26760,-3,2386650880.000,3,0,3,双平,S,6646.8000,6646.6000,6646.4000,6646.2000,6646.0000,6647.8000,6648.2000,6648.6000,6648.8000,6649.0000,3,4,3,1,10,4,2,2,1,1
SF,IC2008,2020-08-21 09:32:41.500,6647.6000,26760,0,2386650880.000,0,-,-,-,-,6647.2000,6647.0000,6646.8000,6646.6000,6646.4000,6647.8000,6648.2000,6648.6000,6648.8000,6649.0000,1,1,5,4,3,4,2,2,1,1
SF,IC2008,2020-08-21 09:32:42.000,6647.0000,26758,-2,2389309840.000,2,0,2,双平,S,6647.4000,6647.0000,6646.8000,6646.6000,6646.4000,6647.6000,6647.8000,6648.2000,6648.6000,6648.8000,1,2,5,4,3,1,3,2,2,1
SF,IC2008,2020-08-21 09:32:42.500,6647.4000,26757,-1,2390639320.000,1,0,1,双平,S,6647.0000,6646.8000,6646.6000,6646.4000,6646.2000,6647.6000,6647.8000,6648.2000,6648.6000,6648.8000,2,5,4,3,1,1,3,2,2,1
SF,IC2008,2020-08-21 09:32:43.000,6647.4000,26757,0,2390639320.000,0,-,-,-,-,6646.8000,6646.6000,6646.4000,6646.2000,6646.0000,6647.6000,6647.8000,6648.2000,6648.6000,6648.8000,5,4,3,1,10,1,3,2,2,1
SF,IC2008,2020-08-21 09:32:43.500,6646.8000,26756,-1,2391968680.000,1,0,1,双平,S,6646.8000,6646.6000,6646.4000,6646.2000,6646.0000,6647.4000,6647.6000,6647.8000,6648.2000,6648.6000,6,4,3,1,10,1,2,3,2,2
SF,IC2008,2020-08-21 09:32:44.000,6647.2000,26754,-2,2394627480.000,2,0,2,双平,S,6646.8000,6646.6000,6646.4000,6646.2000,6646.0000,6647.4000,6647.6000,6647.8000,6648.2000,6648.6000,5,4,3,1,10,1,1,3,3,2
SF,IC2008,2020-08-21 09:32:44.500,6646.8000,26751,-3,2398615560.000,3,0,3,双平,S,6646.8000,6646.6000,6646.4000,6646.2000,6646.0000,6647.2000,6647.4000,6647.6000,6647.8000,6648.2000,2,4,3,1,10,1,2,2,3,3
SF,IC2008,2020-08-21 09:32:45.000,6646.8000,26747,-4,2403933200.000,4,0,4,双平,S,6646.6000,6646.4000,6646.2000,6646.0000,6645.8000,6647.4000,6647.6000,6647.8000,6648.2000,6648.6000,4,3,1,10,1,1,2,3,3,2
SF,IC2008,2020-08-21 09:32:45.500,6647.2000,26744,-3,2407921600.000,3,0,3,双平,S,6647.2000,6646.8000,6646.6000,6646.4000,6646.2000,6647.6000,6647.8000,6648.2000,6648.6000,6649.0000,1,1,4,3,1,2,3,3,2,1
SF,IC2008,2020-08-21 09:32:46.000,6647.8000,26741,-3,2411910200.000,3,0,3,双平,S,6647.6000,6647.4000,6647.2000,6646.6000,6646.4000,6647.8000,6648.2000,6648.6000,6649.0000,6649.6000,3,3,1,4,3,2,3,2,1,29
SF,IC2008,2020-08-21 09:32:46.500,6648.2000,26732,-9,2423876280.000,9,0,9,双平,S,6647.8000,6647.6000,6647.4000,6646.6000,6646.4000,6648.2000,6648.6000,6649.0000,6649.6000,6649.8000,1,2,2,4,3,2,2,1,29,3
SF,IC2008,2020-08-21 09:32:47.000,6647.8000,26729,-3,2427865080.000,3,0,3,双平,S,6647.8000,6647.6000,6647.4000,6646.6000,6646.4000,6648.2000,6648.6000,6649.0000,6649.6000,6649.8000,1,2,2,4,3,1,2,1,29,3
SF,IC2008,2020-08-21 09:32:47.500,6648.6000,26728,-1,2431854160.000,3,1,2,多平,S,6648.2000,6648.0000,6647.8000,6647.6000,6647.4000,6649.0000,6649.6000,6649.8000,6650.0000,6650.4000,1,2,2,2,1,1,29,3,1,1
SF,IC2008,2020-08-21 09:32:48.000,6648.6000,26728,0,2431854160.000,0,-,-,-,-,6648.8000,6648.4000,6647.8000,6647.6000,6647.4000,6649.0000,6649.6000,6649.8000,6650.0000,6650.4000,3,1,2,3,1,1,29,3,1,1
SF,IC2008,2020-08-21 09:32:48.500,6649.0000,26727,-1,2433183960.000,1,0,1,双平,S,6649.0000,6648.8000,6647.8000,6647.6000,6647.4000,6649.6000,6649.8000,6650.0000,6650.4000,6650.8000,1,1,2,3,1,29,3,1,1,5
SF,IC2008,2020-08-21 09:32:49.000,6648.8000,26725,-2,2435843520.000,2,0,2,双平,S,6647.8000,6647.6000,6647.4000,6646.6000,6646.4000,6648.8000,6649.0000,6649.6000,6649.8000,6650.0000,2,3,1,4,2,2,1,29,3,1
SF,IC2008,2020-08-21 09:32:49.500,6648.8000,26722,-3,2439832800.000,3,0,3,双平,S,6648.0000,6647.8000,6647.6000,6647.4000,6646.6000,6648.6000,6649.0000,6649.6000,6649.8000,6650.0000,1,4,3,1,4,1,3,29,3,1
SF,IC2008,2020-08-21 09:32:50.000,6648.8000,26722,0,2439832800.000,0,-,-,-,-,6648.0000,6647.8000,6647.6000,6647.4000,6646.6000,6648.6000,6649.0000,6649.6000,6649.8000,6650.0000,1,4,3,1,4,1,3,29,3,1
SF,IC2008,2020-08-21 09:32:50.500,6649.0000,26720,-2,2442492320.000,2,0,2,双平,S,6648.6000,6648.0000,6647.8000,6647.6000,6647.4000,6649.0000,6649.6000,6649.8000,6650.0000,6650.4000,1,1,4,3,1,2,29,3,1,1
SF,IC2008,2020-08-21 09:32:51.000,6649.6000,26719,-1,2446481840.000,3,1,2,多平,S,6649.0000,6648.6000,6648.4000,6647.8000,6647.6000,6649.6000,6649.8000,6650.0000,6650.4000,6650.8000,1,1,1,4,1,28,3,1,1,5
SF,IC2008,2020-08-21 09:32:51.500,6649.0000,26717,-2,2449141440.000,2,0,2,双平,S,6648.6000,6648.4000,6647.8000,6647.6000,6647.4000,6649.0000,6649.6000,6649.8000,6650.0000,6650.4000,5,1,4,1,1,1,28,3,1,1
SF,IC2008,2020-08-21 09:32:52.000,6648.6000,26715,-2,2451800880.000,2,0,2,双平,S,6648.6000,6648.4000,6648.2000,6647.8000,6647.6000,6649.0000,6649.6000,6649.8000,6650.0000,6650.4000,3,1,1,4,1,1,28,3,1,1
SF,IC2008,2020-08-21 09:32:52.500,6648.6000,26712,-3,2455790040.000,3,0,3,双平,S,6648.6000,6648.4000,6648.2000,6647.8000,6647.6000,6649.0000,6649.6000,6649.8000,6650.0000,6650.4000,1,1,1,4,1,1,28,3,1,1
SF,IC2008,2020-08-21 09:32:53.000,6647.8000,26708,-4,2461108640.000,4,0,4,双平,S,6647.8000,6647.6000,6647.4000,6646.6000,6646.4000,6648.4000,6648.6000,6649.0000,6649.6000,6649.8000,3,1,1,4,2,1,2,1,28,3
SF,IC2008,2020-08-21 09:32:53.500,6647.8000,26700,-8,2471745000.000,8,0,8,双平,S,6646.6000,6646.4000,6646.2000,6646.0000,6645.8000,6647.8000,6648.4000,6648.6000,6649.0000,6649.6000,4,2,1,9,1,2,1,6,1,28
SF,IC2008,2020-08-21 09:32:54.000,6647.6000,26693,-7,2481051240.000,7,0,7,双平,S,6646.6000,6646.4000,6646.2000,6646.0000,6645.8000,6647.8000,6648.4000,6648.6000,6649.0000,6649.6000,2,2,1,9,1,3,1,5,1,28
SF,IC2008,2020-08-21 09:32:54.500,6646.6000,26692,-1,2482380560.000,1,0,1,双平,S,6646.6000,6646.4000,6646.2000,6646.0000,6645.8000,6647.6000,6647.8000,6648.4000,6648.6000,6649.0000,2,2,1,8,1,2,3,1,5,1
SF,IC2008,2020-08-21 09:32:55.000,6646.6000,26690,-2,2485039200.000,2,0,2,双平,S,6646.4000,6646.2000,6646.0000,6645.8000,6645.4000,6646.6000,6647.2000,6647.4000,6647.6000,6647.8000,2,1,8,1,2,1,1,2,2,2
SF,IC2008,2020-08-21 09:32:55.500,6646.4000,26684,-6,2493014880.000,6,0,6,双平,S,6646.0000,6645.8000,6645.4000,6645.2000,6645.0000,6646.2000,6646.4000,6646.6000,6647.4000,6647.6000,6,1,2,2,7,1,4,2,1,2
SF,IC2008,2020-08-21 09:32:56.000,6646.0000,26671,-13,2510294880.000,13,0,13,双平,S,6645.8000,6645.4000,6645.2000,6645.0000,6644.0000,6646.2000,6647.6000,6648.2000,6648.4000,6648.6000,1,2,2,7,1,1,2,1,1,2
SF,IC2008,2020-08-21 09:32:56.500,6646.2000,26662,-9,2522259080.000,9,0,9,双平,S,6645.8000,6645.4000,6645.2000,6645.0000,6644.0000,6646.4000,6649.0000,6649.6000,6649.8000,6650.0000,2,2,2,7,1,2,1,28,3,2
SF,IC2008,2020-08-21 09:32:57.000,6646.4000,26660,-2,2524917640.000,2,0,2,双平,S,6646.6000,6646.0000,6645.8000,6645.4000,6645.2000,6649.0000,6649.2000,6649.4000,6649.6000,6649.8000,1,1,2,2,2,1,1,1,28,3
SF,IC2008,2020-08-21 09:32:57.500,6646.4000,26660,0,2524917640.000,0,-,-,-,-,6648.0000,6647.6000,6646.4000,6646.0000,6645.8000,6649.2000,6649.4000,6649.6000,6649.8000,6650.0000,2,1,1,1,2,1,1,28,3,3
SF,IC2008,2020-08-21 09:32:58.000,6648.0000,26658,-2,2527576840.000,2,0,2,双平,S,6647.6000,6646.4000,6646.2000,6646.0000,6645.8000,6648.0000,6649.2000,6649.4000,6649.6000,6649.8000,1,1,3,1,2,9,1,1,28,3
SF,IC2008,2020-08-21 09:32:58.500,6648.0000,26652,-6,2535554440.000,6,0,6,双平,S,6647.6000,6646.4000,6646.2000,6646.0000,6645.8000,6648.0000,6649.2000,6649.4000,6649.6000,6649.8000,2,1,3,1,2,4,1,1,28,3
SF,IC2008,2020-08-21 09:32:59.000,6648.0000,26647,-5,2542202200.000,5,0,5,双平,S,6646.4000,6646.2000,6646.0000,6645.8000,6645.4000,6648.0000,6648.4000,6649.2000,6649.4000,6649.6000,1,3,1,2,2,3,1,1,1,28
SF,IC2008,2020-08-21 09:32:59.500,6648.0000,26647,0,2542202200.000,0,-,-,-,-,6646.4000,6646.2000,6646.0000,6645.8000,6645.4000,6647.6000,6647.8000,6648.0000,6648.4000,6649.2000,1,1,1,2,2,5,1,3,1,1
SF,IC2008,2020-08-21 09:33:00.000,6647.6000,26645,-2,2544861320.000,2,0,2,双平,S,6646.0000,6645.8000,6645.4000,6645.2000,6645.0000,6647.6000,6648.0000,6648.4000,6649.2000,6649.4000,1,2,2,2,7,3,3,1,1,1
SF,IC2008,2020-08-21 09:33:00.500,6646.0000,26636,-9,2556824480.000,9,0,9,双平,S,6645.8000,6645.4000,6645.2000,6645.0000,6644.0000,6646.0000,6647.4000,6647.6000,6648.0000,6648.4000,2,2,2,7,1,12,1,3,3,1
SF,IC2008,2020-08-21 09:33:01.000,6647.6000,26618,-18,2580750960.000,18,0,18,双平,S,6647.8000,6647.6000,6646.0000,6645.4000,6645.2000,6648.0000,6648.4000,6649.2000,6649.4000,6649.6000,2,1,1,2,2,3,1,1,1,28
SF,IC2008,2020-08-21 09:33:01.500,6647.6000,26613,-5,2587398640.000,5,0,5,双平,S,6646.4000,6646.2000,6646.0000,6645.4000,6645.2000,6647.8000,6648.0000,6648.2000,6648.4000,6649.0000,1,3,1,2,2,1,3,1,1,1
SF,IC2008,2020-08-21 09:33:02.000,6646.6000,26611,-2,2590057480.000,2,0,2,双平,S,6646.4000,6646.2000,6646.0000,6645.4000,6645.2000,6647.4000,6647.8000,6648.0000,6648.2000,6648.4000,1,3,2,2,2,1,2,3,1,1
SF,IC2008,2020-08-21 09:33:02.500,6648.2000,26605,-6,2598035000.000,6,0,6,双平,S,6647.4000,6646.4000,6646.2000,6646.0000,6645.4000,6648.4000,6649.0000,6649.2000,6649.4000,6649.6000,1,3,3,2,2,1,1,1,1,28
SF,IC2008,2020-08-21 09:33:03.000,6647.4000,26604,-1,2599364480.000,1,0,1,双平,S,6647.4000,6646.6000,6646.4000,6646.2000,6646.0000,6648.4000,6649.0000,6649.2000,6649.4000,6649.6000,1,4,3,3,2,1,1,1,1,28
SF,IC2008,2020-08-21 09:33:03.500,6647.4000,26602,-2,2602023440.000,2,0,2,双平,S,6647.4000,6646.6000,6646.4000,6646.2000,6646.0000,6648.0000,6648.2000,6648.4000,6649.0000,6649.2000,1,4,3,3,2,1,1,1,1,1
SF,IC2008,2020-08-21 09:33:04.000,6647.4000,26601,-1,2603352920.000,1,0,1,双平,S,6646.6000,6646.4000,6646.2000,6646.0000,6645.4000,6648.0000,6648.2000,6648.4000,6649.0000,6649.2000,4,2,3,2,2,1,3,1,1,1
SF,IC2008,2020-08-21 09:33:04.500,6647.8000,26600,-1,2604682480.000,1,0,1,双平,S,6646.6000,6646.4000,6646.2000,6646.0000,6645.4000,6647.4000,6647.8000,6648.0000,6648.2000,6648.4000,6,2,3,2,2,5,1,1,3,1
SF,IC2008,2020-08-21 09:33:05.000,6646.8000,26594,-6,2612659640.000,6,0,6,双平,S,6646.6000,6646.4000,6646.2000,6646.0000,6645.4000,6647.8000,6648.0000,6648.2000,6648.4000,6649.0000,6,2,3,2,2,1,1,3,1,1
SF,IC2008,2020-08-21 09:33:05.500,6647.6000,26592,-2,2616648000.000,3,0,3,多平,S,6646.8000,6646.6000,6646.4000,6646.2000,6646.0000,6647.8000,6648.0000,6648.2000,6648.4000,6649.0000,1,5,2,3,2,1,1,3,1,1
SF,IC2008,2020-08-21 09:33:06.000,6647.6000,26592,0,2616648000.000,0,-,-,-,-,6647.0000,6646.6000,6646.4000,6646.2000,6646.0000,6647.4000,6647.6000,6647.8000,6648.0000,6648.2000,2,5,2,2,1,2,1,1,1,3
SF,IC2008,2020-08-21 09:33:06.500,6647.4000,26590,-2,2619306880.000,2,0,2,双平,S,6647.0000,6646.8000,6646.6000,6646.4000,6645.4000,6647.4000,6647.6000,6647.8000,6648.0000,6648.2000,4,2,5,2,2,1,1,1,2,3
SF,IC2008,2020-08-21 09:33:07.000,6647.2000,26588,-2,2621965800.000,2,0,2,双平,S,6647.4000,6647.2000,6647.0000,6646.8000,6646.6000,6647.8000,6648.0000,6648.2000,6648.4000,6649.0000,1,1,4,2,5,1,2,2,1,1
SF,IC2008,2020-08-21 09:33:07.500,6647.4000,26586,-2,2624624720.000,2,0,2,双平,S,6647.4000,6647.2000,6647.0000,6646.8000,6646.6000,6648.0000,6648.2000,6648.4000,6649.0000,6649.2000,2,1,4,2,5,2,2,1,1,1
SF,IC2008,2020-08-21 09:33:08.000,6647.4000,26586,0,2624624720.000,0,-,-,-,-,6647.4000,6647.0000,6646.8000,6646.6000,6646.4000,6647.8000,6648.0000,6648.2000,6648.4000,6649.0000,2,4,5,5,2,1,2,2,1,1
SF,IC2008,2020-08-21 09:33:08.500,6649.0000,26576,-10,2637920680.000,10,0,10,双平,S,6647.0000,6646.8000,6646.6000,6646.4000,6645.4000,6649.2000,6649.4000,6649.6000,6649.8000,6650.0000,5,5,5,2,2,1,1,30,3,3
SF,IC2008,2020-08-21 09:33:09.000,6649.0000,26576,0,2637920680.000,0,-,-,-,-,6647.0000,6646.8000,6646.6000,6646.4000,6645.4000,6649.0000,6649.2000,6649.4000,6649.6000,6649.8000,5,5,5,2,2,3,1,1,30,3
SF,IC2008,2020-08-21 09:33:09.500,6649.0000,26575,-1,2639250480.000,1,0,1,双平,S,6647.0000,6646.8000,6646.6000,6646.4000,6645.4000,6647.4000,6649.0000,6649.2000,6649.4000,6649.6000,5,5,5,2,2,4,3,1,1,30
SF,IC2008,2020-08-21 09:33:10.000,6647.2000,26569,-6,2647227280.000,6,0,6,双平,S,6647.0000,6646.8000,6646.6000,6646.4000,6645.4000,6649.0000,6649.2000,6649.4000,6649.6000,6649.8000,5,5,5,2,2,3,1,1,30,3
SF,IC2008,2020-08-21 09:33:10.500,6647.2000,26568,-1,2648556720.000,1,0,1,双平,S,6647.0000,6646.8000,6646.6000,6646.4000,6645.4000,6649.0000,6649.2000,6649.4000,6649.6000,6649.8000,5,5,5,2,2,2,1,1,30,3
SF,IC2008,2020-08-21 09:33:11.000,6648.4000,26567,-1,2649886400.000,1,0,1,双平,S,6647.2000,6647.0000,6646.8000,6646.6000,6646.4000,6648.8000,6649.0000,6649.2000,6649.4000,6649.6000,1,4,5,5,2,2,2,1,1,30
SF,IC2008,2020-08-21 09:33:11.500,6648.4000,26567,0,2649886400.000,0,-,-,-,-,6647.4000,6647.2000,6647.0000,6646.8000,6646.6000,6648.4000,6648.8000,6649.0000,6649.2000,6649.4000,3,3,2,3,5,1,1,1,1,1
SF,IC2008,2020-08-21 09:33:12.000,6648.4000,26567,0,2649886400.000,0,-,-,-,-,6647.6000,6647.4000,6647.2000,6647.0000,6646.8000,6648.4000,6648.8000,6649.2000,6649.4000,6649.6000,2,3,2,2,3,1,1,1,1,30
SF,IC2008,2020-08-21 09:33:12.500,6647.4000,26566,-1,2656533880.000,5,2,3,多平,S,6647.2000,6647.0000,6646.8000,6646.6000,6646.4000,6648.4000,6648.8000,6649.2000,6649.4000,6649.6000,2,2,3,5,2,2,1,1,1,30
SF,IC2008,2020-08-21 09:33:13.000,6647.2000,26564,-2,2659192800.000,2,0,2,双平,S,6647.2000,6647.0000,6646.8000,6646.6000,6646.4000,6648.4000,6648.8000,6649.2000,6649.4000,6649.6000,1,2,3,5,2,2,1,1,1,30
SF,IC2008,2020-08-21 09:33:13.500,6647.2000,26563,-1,2660522240.000,1,0,1,双平,S,6647.0000,6646.8000,6646.6000,6646.4000,6645.4000,6647.2000,6648.2000,6648.4000,6648.8000,6649.2000,2,3,5,2,2,1,1,3,1,1
SF,IC2008,2020-08-21 09:33:14.500,6647.0000,26562,-1,2663181040.000,2,0,2,多平,S,6646.8000,6646.6000,6646.4000,6645.4000,6645.2000,6647.2000,6648.2000,6648.4000,6648.8000,6649.2000,3,5,2,2,2,1,1,3,1,1
SF,IC2008,2020-08-21 09:33:15.000,6646.6000,26557,-5,2669827800.000,5,0,5,双平,S,6646.6000,6646.4000,6645.4000,6645.2000,6645.0000,6646.8000,6647.2000,6648.2000,6648.4000,6648.8000,4,2,2,2,1,2,1,1,3,1
SF,IC2008,2020-08-21 09:33:15.500,6645.4000,26550,-7,2679132720.000,7,0,7,双平,S,6645.4000,6645.2000,6645.0000,6644.0000,6643.2000,6646.4000,6646.6000,6646.8000,6647.2000,6648.2000,1,2,1,1,2,1,3,3,1,1
SF,IC2008,2020-08-21 09:33:16.000,6645.4000,26550,0,2679132720.000,0,-,-,-,-,6645.6000,6645.4000,6645.2000,6645.0000,6644.0000,6646.2000,6646.4000,6646.6000,6646.8000,6647.2000,3,1,2,1,1,1,2,2,2,1
SF,IC2008,2020-08-21 09:33:16.500,6645.4000,26548,-2,2681790880.000,2,0,2,双平,S,6645.6000,6645.4000,6645.2000,6645.0000,6644.0000,6646.0000,6646.2000,6646.4000,6646.6000,6646.8000,1,3,2,1,1,1,1,1,2,1
SF,IC2008,2020-08-21 09:33:17.000,6645.6000,26546,-2,2684449200.000,2,0,2,双平,S,6645.6000,6645.4000,6645.2000,6645.0000,6644.0000,6646.4000,6646.6000,6646.8000,6647.2000,6648.4000,1,3,2,1,1,1,2,1,1,2
SF,IC2008,2020-08-21 09:33:17.500,6645.6000,26544,-2,2687107440.000,2,0,2,双平,S,6645.6000,6645.4000,6645.2000,6645.0000,6644.0000,6646.4000,6646.6000,6646.8000,6647.2000,6647.4000,1,3,2,1,1,1,2,1,1,1
SF,IC2008,2020-08-21 09:33:18.000,6645.6000,26543,-1,2688436560.000,1,0,1,双平,S,6645.4000,6645.2000,6645.0000,6644.0000,6643.2000,6646.0000,6646.2000,6646.4000,6646.6000,6646.8000,3,2,1,1,2,1,1,1,2,1
SF,IC2008,2020-08-21 09:33:18.500,6645.6000,26543,0,2688436560.000,0,-,-,-,-,6645.4000,6645.2000,6645.0000,6644.0000,6643.2000,6645.6000,6646.0000,6646.6000,6646.8000,6647.2000,5,2,1,1,2,2,1,1,1,1
SF,IC2008,2020-08-21 09:33:19.000,6645.4000,26537,-6,2696411040.000,6,0,6,双平,S,6645.2000,6645.0000,6644.0000,6643.2000,6642.4000,6645.4000,6645.6000,6646.0000,6646.6000,6646.8000,2,1,1,2,3,1,2,1,1,1
SF,IC2008,2020-08-21 09:33:19.500,6645.4000,26537,0,2696411040.000,0,-,-,-,-,6645.2000,6645.0000,6644.0000,6643.2000,6642.4000,6645.6000,6646.0000,6646.6000,6646.8000,6647.2000,4,1,1,2,3,2,1,1,1,1
SF,IC2008,2020-08-21 09:33:20.000,6645.4000,26537,0,2696411040.000,0,-,-,-,-,6645.2000,6645.0000,6644.0000,6643.2000,6642.4000,6645.6000,6646.0000,6646.6000,6646.8000,6647.2000,4,1,1,2,3,3,1,1,1,1
SF,IC2008,2020-08-21 09:33:20.500,6645.6000,26534,-3,2700398400.000,3,0,3,双平,S,6645.4000,6645.2000,6645.0000,6644.0000,6643.2000,6646.0000,6646.6000,6646.8000,6647.2000,6647.4000,1,4,1,1,2,1,1,1,1,1
SF,IC2008,2020-08-21 09:33:21.000,6645.6000,26534,0,2700398400.000,0,-,-,-,-,6645.6000,6645.4000,6645.2000,6645.0000,6644.0000,6646.6000,6646.8000,6647.2000,6647.4000,6648.4000,1,3,4,1,1,1,1,1,1,1
SF,IC2008,2020-08-21 09:33:21.500,6645.6000,26534,0,2700398400.000,0,-,-,-,-,6645.6000,6645.4000,6645.2000,6645.0000,6644.0000,6646.4000,6646.6000,6646.8000,6647.2000,6647.4000,2,3,4,1,1,2,1,1,1,1
SF,IC2008,2020-08-21 09:33:22.000,6647.2000,26528,-6,2709702680.000,7,0,7,多平,S,6645.6000,6645.4000,6645.2000,6645.0000,6644.0000,6647.4000,6648.4000,6648.8000,6649.2000,6649.4000,1,3,4,1,1,1,1,1,1,1
SF,IC2008,2020-08-21 09:33:22.500,6645.6000,26526,-2,2712360920.000,2,0,2,双平,S,6645.6000,6645.4000,6645.2000,6645.0000,6644.0000,6647.2000,6647.4000,6648.4000,6648.8000,6649.2000,4,3,4,1,1,2,1,1,1,1
SF,IC2008,2020-08-21 09:33:23.000,6645.6000,26525,-1,2713690040.000,1,0,1,双平,S,6645.6000,6645.4000,6645.2000,6645.0000,6644.0000,6647.2000,6647.4000,6648.4000,6648.8000,6649.2000,8,3,4,1,1,4,1,1,1,1
SF,IC2008,2020-08-21 09:33:23.500,6645.6000,26523,-2,2716348280.000,2,0,2,双平,S,6645.6000,6645.4000,6645.2000,6645.0000,6644.0000,6647.2000,6647.4000,6647.6000,6648.4000,6648.8000,9,2,4,1,1,5,1,1,1,1
SF,IC2008,2020-08-21 09:33:24.000,6645.6000,26523,0,2716348280.000,0,-,-,-,-,6645.6000,6645.4000,6645.2000,6645.0000,6644.0000,6647.2000,6647.4000,6647.6000,6648.4000,6648.8000,13,2,4,1,1,1,1,1,1,1
SF,IC2008,2020-08-21 09:33:24.500,6647.2000,26521,-2,2719007160.000,2,0,2,双平,S,6645.8000,6645.6000,6645.4000,6645.2000,6645.0000,6647.4000,6647.6000,6648.4000,6648.8000,6649.2000,1,14,2,4,1,1,1,1,1,1
SF,IC2008,2020-08-21 09:33:25.000,6647.4000,26518,-3,2722995520.000,3,0,3,双平,S,6646.0000,6645.8000,6645.6000,6645.4000,6645.2000,6648.4000,6648.8000,6649.2000,6649.4000,6649.6000,2,1,14,2,4,1,1,1,1,30
SF,IC2008,2020-08-21 09:33:25.500,6647.4000,26518,0,2722995520.000,0,-,-,-,-,6647.4000,6647.2000,6646.4000,6646.0000,6645.8000,6648.4000,6648.6000,6648.8000,6649.2000,6649.4000,3,2,1,2,1,1,3,1,1,1
SF,IC2008,2020-08-21 09:33:26.000,6647.4000,26515,-3,2726984160.000,3,0,3,双平,S,6647.4000,6647.2000,6646.4000,6646.0000,6645.8000,6648.6000,6648.8000,6649.2000,6649.4000,6649.6000,1,2,2,2,1,3,1,1,1,30
SF,IC2008,2020-08-21 09:33:26.500,6647.4000,26513,-2,2729643120.000,2,0,2,双平,S,6647.4000,6647.2000,6646.4000,6646.0000,6645.8000,6648.4000,6648.6000,6648.8000,6649.2000,6649.4000,4,2,2,2,1,1,3,1,1,1
SF,IC2008,2020-08-21 09:33:27.000,6648.6000,26510,-3,2733632240.000,3,0,3,双平,S,6648.4000,6647.4000,6647.2000,6646.4000,6646.0000,6648.6000,6648.8000,6649.2000,6649.4000,6649.6000,1,4,2,2,2,1,1,1,1,30
SF,IC2008,2020-08-21 09:33:27.500,6648.8000,26507,-3,2737621480.000,3,0,3,双平,S,6648.6000,6648.4000,6647.4000,6647.2000,6646.4000,6649.2000,6649.4000,6649.6000,6649.8000,6650.0000,2,4,4,2,2,1,1,30,3,3
SF,IC2008,2020-08-21 09:33:28.000,6648.6000,26504,-3,2741610880.000,3,0,3,双平,S,6648.8000,6648.4000,6647.4000,6647.2000,6646.0000,6649.4000,6649.6000,6649.8000,6650.0000,6650.4000,1,3,4,2,2,1,30,3,3,1
SF,IC2008,2020-08-21 09:33:28.500,6648.6000,26504,0,2741610880.000,0,-,-,-,-,6648.4000,6647.4000,6647.2000,6646.0000,6645.6000,6649.6000,6649.8000,6650.0000,6650.4000,6650.8000,3,4,2,2,8,30,3,3,1,5
SF,IC2008,2020-08-21 09:33:29.000,6649.4000,26499,-5,2748259680.000,5,0,5,双平,S,6649.4000,6647.4000,6647.2000,6646.2000,6646.0000,6649.6000,6649.8000,6650.0000,6650.4000,6650.8000,3,4,2,1,2,30,3,3,1,5
SF,IC2008,2020-08-21 09:33:29.500,6649.6000,26494,-5,2754909160.000,5,0,5,双平,S,6648.6000,6647.4000,6647.2000,6646.2000,6646.0000,6649.4000,6649.6000,6649.8000,6650.0000,6650.4000,1,4,2,1,2,1,28,3,3,1
SF,IC2008,2020-08-21 09:33:30.000,6649.6000,26494,0,2754909160.000,0,-,-,-,-,6647.4000,6647.2000,6646.2000,6645.6000,6645.2000,6649.4000,6649.6000,6649.8000,6650.0000,6650.4000,4,1,1,8,4,1,28,3,3,1
SF,IC2008,2020-08-21 09:33:30.500,6649.6000,26490,-4,2760228800.000,4,0,4,双平,S,6649.4000,6647.4000,6646.2000,6645.6000,6645.2000,6649.6000,6649.8000,6650.0000,6650.4000,6650.8000,1,4,1,8,4,25,3,3,1,5
SF,IC2008,2020-08-21 09:33:31.000,6649.4000,26484,-6,2768208080.000,6,0,6,双平,S,6648.0000,6646.2000,6645.6000,6645.2000,6645.0000,6649.2000,6649.4000,6649.6000,6649.8000,6650.0000,1,1,7,4,1,1,19,25,3,3
SF,IC2008,2020-08-21 09:33:31.500,6649.4000,26483,-1,2769537960.000,1,0,1,双平,S,6648.2000,6648.0000,6646.2000,6645.6000,6645.2000,6649.2000,6649.4000,6649.6000,6649.8000,6650.0000,2,1,1,7,4,1,16,25,4,3
SF,IC2008,2020-08-21 09:33:32.000,6649.2000,26480,-3,2773527520.000,3,0,3,双平,S,6648.2000,6648.0000,6647.4000,6646.2000,6645.6000,6649.4000,6649.6000,6649.8000,6650.0000,6650.4000,2,1,1,1,7,13,25,4,3,1
SF,IC2008,2020-08-21 09:33:32.500,6649.4000,26478,-2,2776187280.000,2,0,2,双平,S,6649.2000,6649.0000,6648.4000,6648.2000,6648.0000,6649.4000,6649.6000,6649.8000,6650.0000,6650.4000,1,1,1,2,1,11,25,4,3,1
SF,IC2008,2020-08-21 09:33:33.000,6649.4000,26477,-1,2786826320.000,8,3,5,多平,S,6648.2000,6648.0000,6647.4000,6646.2000,6645.6000,6649.4000,6649.6000,6649.8000,6650.0000,6650.4000,2,1,1,1,7,4,25,4,3,1
SF,IC2008,2020-08-21 09:33:33.500,6649.4000,26477,0,2790815960.000,3,1,2,多换,S,6648.6000,6648.2000,6647.4000,6646.2000,6645.6000,6649.4000,6649.6000,6649.8000,6650.0000,6650.4000,1,3,1,1,3,1,25,4,3,1
SF,IC2008,2020-08-21 09:33:34.000,6649.4000,26477,0,2792145840.000,1,0,1,多换,S,6648.6000,6648.2000,6647.4000,6647.2000,6646.2000,6649.6000,6649.8000,6650.0000,6650.4000,6650.8000,1,3,1,1,1,25,4,3,1,5
SF,IC2008,2020-08-21 09:33:34.500,6649.4000,26476,-1,2793475720.000,1,0,1,双平,S,6649.2000,6648.6000,6648.2000,6647.4000,6647.2000,6649.6000,6649.8000,6650.0000,6650.4000,6650.8000,1,1,3,1,1,25,3,3,1,5
SF,IC2008,2020-08-21 09:33:35.000,6649.6000,26474,-2,2796135560.000,2,0,2,双平,S,6649.2000,6648.6000,6648.2000,6647.4000,6647.2000,6649.6000,6649.8000,6650.0000,6650.4000,6650.8000,1,1,3,1,1,23,3,3,1,5
SF,IC2008,2020-08-21 09:33:35.500,6649.6000,26468,-6,2809434760.000,10,2,8,多平,S,6649.2000,6648.6000,6648.2000,6647.4000,6647.2000,6649.6000,6649.8000,6650.0000,6650.4000,6650.8000,2,1,1,1,1,13,3,3,1,5
SF,IC2008,2020-08-21 09:33:36.000,6649.6000,26459,-9,2821403920.000,9,0,9,双平,S,6649.4000,6649.2000,6648.6000,6648.2000,6647.4000,6649.6000,6649.8000,6650.0000,6650.4000,6650.8000,1,2,1,1,1,7,3,3,1,5
SF,IC2008,2020-08-21 09:33:36.500,6649.6000,26451,-8,2832043240.000,8,0,8,双平,S,6649.6000,6649.2000,6648.2000,6647.4000,6647.2000,6649.8000,6650.0000,6650.4000,6650.8000,6651.0000,1,2,1,1,1,3,3,1,5,11
SF,IC2008,2020-08-21 09:33:37.000,6649.8000,26449,-2,2836033080.000,3,0,3,多平,S,6649.6000,6649.2000,6648.2000,6647.4000,6647.2000,6649.8000,6650.0000,6650.4000,6650.8000,6651.0000,1,2,1,1,1,1,3,1,5,11
SF,IC2008,2020-08-21 09:33:37.500,6650.0000,26442,-7,2848002600.000,9,1,8,多平,S,6649.6000,6649.2000,6648.2000,6647.4000,6647.2000,6650.0000,6650.4000,6650.8000,6651.0000,6652.8000,1,1,1,1,2,1,1,5,11,6
SF,IC2008,2020-08-21 09:33:38.000,6649.6000,26441,-1,2849332520.000,1,0,1,双平,S,6649.2000,6648.2000,6647.4000,6647.2000,6646.2000,6650.0000,6650.4000,6650.8000,6651.0000,6652.8000,1,1,1,2,1,1,1,5,11,6
SF,IC2008,2020-08-21 09:33:38.500,6650.0000,26441,0,2850662520.000,1,0,1,多换,S,6650.0000,6649.2000,6648.2000,6647.4000,6647.2000,6650.4000,6650.8000,6651.0000,6652.8000,6654.6000,1,1,1,1,2,1,5,11,6,1
SF,IC2008,2020-08-21 09:33:39.000,6650.4000,26440,-1,2851992600.000,1,0,1,双平,S,6650.0000,6649.2000,6648.2000,6647.4000,6647.2000,6650.8000,6651.0000,6652.8000,6654.6000,6654.8000,1,1,1,1,2,5,11,6,1,5
SF,IC2008,2020-08-21 09:33:39.500,6650.0000,26439,-1,2853322600.000,1,0,1,双平,S,6650.4000,6650.2000,6650.0000,6649.2000,6648.2000,6650.8000,6651.0000,6652.8000,6654.6000,6654.8000,1,1,3,1,1,5,11,6,1,5
SF,IC2008,2020-08-21 09:33:40.000,6650.0000,26438,-1,2854652600.000,1,0,1,双平,S,6650.2000,6650.0000,6649.2000,6648.2000,6647.4000,6650.8000,6651.0000,6652.8000,6654.6000,6654.8000,1,3,1,1,1,5,11,6,1,5
SF,IC2008,2020-08-21 09:33:40.500,6650.0000,26438,0,2854652600.000,0,-,-,-,-,6650.2000,6650.0000,6649.2000,6648.2000,6647.4000,6650.8000,6651.0000,6652.8000,6654.6000,6654.8000,2,3,1,1,1,5,11,6,1,5
SF,IC2008,2020-08-21 09:33:41.000,6650.8000,26437,-1,2855982760.000,1,0,1,双平,S,6650.2000,6650.0000,6649.2000,6648.2000,6647.4000,6650.8000,6651.0000,6652.8000,6654.6000,6654.8000,2,3,1,1,1,4,11,6,1,5
SF,IC2008,2020-08-21 09:33:41.500,6650.2000,26436,-1,2857312800.000,1,0,1,双平,S,6650.2000,6650.0000,6649.2000,6648.2000,6647.4000,6650.8000,6651.0000,6652.8000,6654.6000,6654.8000,1,3,1,1,1,4,11,6,1,5
SF,IC2008,2020-08-21 09:33:42.000,6650.0000,26429,-7,2866623160.000,7,0,7,双平,S,6649.2000,6648.2000,6647.4000,6647.2000,6646.2000,6649.6000,6650.8000,6651.0000,6652.8000,6654.6000,1,1,1,2,1,1,2,11,6,1
SF,IC2008,2020-08-21 09:33:42.500,6650.0000,26428,-1,2867953160.000,1,0,1,双平,S,6649.2000,6648.2000,6647.4000,6647.2000,6646.2000,6650.2000,6650.8000,6651.0000,6652.8000,6654.6000,1,1,1,2,1,2,2,11,6,1
SF,IC2008,2020-08-21 09:33:43.000,6650.0000,26428,0,2867953160.000,0,-,-,-,-,6649.2000,6648.2000,6647.4000,6647.2000,6646.2000,6650.0000,6650.2000,6650.8000,6651.0000,6652.8000,1,1,1,2,1,3,2,2,11,6
SF,IC2008,2020-08-21 09:33:43.500,6650.0000,26428,0,2867953160.000,0,-,-,-,-,6649.2000,6648.2000,6647.4000,6647.2000,6646.2000,6650.0000,6650.2000,6650.8000,6651.0000,6652.8000,4,1,1,2,1,1,2,2,11,6
SF,IC2008,2020-08-21 09:33:44.000,6650.0000,26426,-2,2870613000.000,2,0,2,双平,S,6649.2000,6648.2000,6647.4000,6647.2000,6646.2000,6650.2000,6650.8000,6651.0000,6652.8000,6654.6000,3,1,1,2,1,2,2,11,6,1
SF,IC2008,2020-08-21 09:33:44.500,6650.2000,26424,-2,2873273080.000,2,0,2,双平,S,6649.4000,6649.2000,6648.2000,6647.4000,6647.2000,6650.2000,6650.8000,6651.0000,6652.8000,6654.6000,1,4,1,1,2,5,2,11,6,1
SF,IC2008,2020-08-21 09:33:45.000,6650.2000,26419,-5,2879923280.000,5,0,5,双平,S,6650.2000,6650.0000,6649.8000,6649.4000,6649.2000,6650.8000,6651.0000,6652.8000,6654.6000,6654.8000,3,3,1,1,4,4,11,6,1,5
SF,IC2008,2020-08-21 09:33:45.500,6650.2000,26418,-1,2881253320.000,1,0,1,双平,S,6650.2000,6650.0000,6649.4000,6649.2000,6648.2000,6650.8000,6651.0000,6652.8000,6654.6000,6654.8000,4,3,1,4,1,4,11,6,1,5
SF,IC2008,2020-08-21 09:33:46.000,6650.8000,26414,-4,2886573960.000,4,0,4,双平,S,6650.8000,6650.2000,6650.0000,6649.4000,6649.2000,6651.0000,6652.8000,6654.6000,6654.8000,6655.0000,2,5,2,1,4,11,6,1,5,1
SF,IC2008,2020-08-21 09:33:46.500,6650.8000,26406,-8,2898545600.000,9,0,9,多平,S,6650.2000,6650.0000,6649.4000,6649.2000,6648.2000,6650.8000,6651.0000,6652.8000,6654.6000,6654.8000,4,2,1,4,1,1,6,6,1,5
SF,IC2008,2020-08-21 09:33:47.000,6650.2000,26399,-7,2913177120.000,11,2,9,多平,S,6650.0000,6649.4000,6649.2000,6648.2000,6647.4000,6650.8000,6651.0000,6652.8000,6654.6000,6654.8000,8,1,4,1,1,1,1,6,1,5
SF,IC2008,2020-08-21 09:33:47.500,6650.8000,26398,-1,2914507280.000,1,0,1,双平,S,6650.2000,6650.0000,6649.2000,6648.2000,6647.4000,6651.0000,6652.8000,6654.6000,6654.8000,6655.0000,1,9,4,1,1,1,6,1,5,1
SF,IC2008,2020-08-21 09:33:48.000,6650.0000,26396,-2,2917167320.000,2,0,2,双平,S,6650.0000,6649.2000,6648.2000,6647.4000,6647.2000,6651.0000,6652.8000,6654.6000,6654.8000,6655.0000,8,4,1,1,2,1,6,1,5,1
SF,IC2008,2020-08-21 09:33:48.500,6650.2000,26396,0,2918497360.000,1,0,1,多换,S,6650.0000,6649.2000,6648.2000,6647.4000,6647.2000,6650.2000,6650.8000,6651.0000,6652.8000,6654.6000,8,4,1,1,2,20,1,1,6,1
SF,IC2008,2020-08-21 09:33:49.000,6650.0000,26394,-2,2929137360.000,8,3,5,多平,S,6649.2000,6648.2000,6647.4000,6647.2000,6646.0000,6650.0000,6650.2000,6651.0000,6652.8000,6654.6000,4,1,1,2,1,1,20,1,6,1
SF,IC2008,2020-08-21 09:33:49.500,6649.2000,26393,-1,2930467200.000,1,0,1,双平,S,6649.2000,6648.2000,6647.4000,6647.2000,6646.0000,6650.0000,6650.2000,6651.0000,6652.8000,6654.6000,5,1,1,2,1,1,21,1,6,1
SF,IC2008,2020-08-21 09:33:50.000,6650.0000,26392,-1,2931797200.000,1,0,1,双平,S,6650.0000,6649.6000,6649.4000,6649.2000,6648.2000,6650.2000,6651.0000,6652.8000,6654.6000,6654.8000,3,1,2,5,1,21,1,6,1,5
SF,IC2008,2020-08-21 09:33:50.500,6650.0000,26375,-17,2954407760.000,17,0,17,双平,S,6650.0000,6649.6000,6649.4000,6649.2000,6648.2000,6650.2000,6651.0000,6652.8000,6654.6000,6654.8000,4,1,2,5,1,7,1,6,1,5
SF,IC2008,2020-08-21 09:33:51.000,6650.2000,26369,-6,2963718040.000,7,0,7,多平,S,6650.2000,6650.0000,6649.6000,6649.2000,6648.2000,6651.0000,6652.8000,6653.8000,6654.6000,6654.8000,5,4,1,5,1,1,6,1,1,5
SF,IC2008,2020-08-21 09:33:51.500,6650.2000,26369,0,2963718040.000,0,-,-,-,-,6650.4000,6650.2000,6650.0000,6649.6000,6649.2000,6651.0000,6652.8000,6653.8000,6654.6000,6654.8000,1,6,5,1,5,1,6,1,1,5
SF,IC2008,2020-08-21 09:33:52.000,6651.0000,26367,-2,2966378280.000,2,0,2,双平,S,6651.0000,6650.2000,6650.0000,6649.6000,6649.2000,6652.8000,6653.8000,6654.6000,6654.8000,6655.4000,1,3,4,1,6,6,1,1,5,1
SF,IC2008,2020-08-21 09:33:52.500,6651.0000,26365,-2,2969038680.000,2,0,2,双平,S,6651.0000,6650.2000,6650.0000,6649.6000,6649.2000,6652.2000,6652.6000,6652.8000,6653.8000,6654.6000,3,3,4,1,6,1,2,6,1,1
SF,IC2008,2020-08-21 09:33:53.000,6651.2000,26360,-5,2975689880.000,5,0,5,双平,S,6651.2000,6650.2000,6650.0000,6649.6000,6649.2000,6652.0000,6652.2000,6652.6000,6652.8000,6653.8000,1,3,4,1,6,1,1,2,6,1
SF,IC2008,2020-08-21 09:33:53.500,6651.8000,26359,-1,2977020240.000,1,0,1,双平,S,6651.2000,6650.2000,6650.0000,6649.6000,6649.2000,6652.0000,6652.6000,6652.8000,6653.8000,6654.6000,3,3,4,1,6,1,2,6,1,1
SF,IC2008,2020-08-21 09:33:54.000,6650.2000,26354,-5,2983671040.000,5,0,5,双平,S,6651.4000,6650.2000,6650.0000,6649.6000,6649.2000,6652.2000,6652.8000,6653.8000,6654.6000,6654.8000,1,1,4,1,6,1,6,1,1,5
SF,IC2008,2020-08-21 09:33:54.500,6652.2000,26353,-1,2985001480.000,1,0,1,双平,S,6651.4000,6650.2000,6650.0000,6649.6000,6649.2000,6652.8000,6653.8000,6654.6000,6654.8000,6655.4000,3,1,4,1,6,6,1,1,5,1
SF,IC2008,2020-08-21 09:33:55.000,6651.4000,26351,-2,2987662040.000,2,0,2,双平,S,6651.8000,6651.4000,6651.2000,6650.2000,6650.0000,6652.8000,6653.8000,6654.6000,6654.8000,6655.4000,1,1,1,1,4,6,1,1,5,1
SF,IC2008,2020-08-21 09:33:55.500,6652.8000,26350,-1,2990322880.000,2,0,2,多平,S,6651.8000,6651.6000,6651.4000,6651.2000,6650.2000,6652.8000,6653.8000,6654.6000,6654.8000,6655.4000,1,1,2,1,1,5,1,1,5,1
SF,IC2008,2020-08-21 09:33:56.000,6653.8000,26344,-6,2998306440.000,6,0,6,双平,S,6654.2000,6651.8000,6651.6000,6651.4000,6651.2000,6654.6000,6654.8000,6655.4000,6656.8000,6658.6000,2,1,1,1,2,1,5,1,5,1
SF,IC2008,2020-08-21 09:33:56.500,6654.0000,26339,-5,3004960200.000,5,0,5,双平,S,6652.4000,6651.8000,6651.6000,6651.4000,6651.2000,6653.8000,6654.0000,6654.2000,6654.4000,6654.6000,1,1,1,1,2,1,1,4,2,1
SF,IC2008,2020-08-21 09:33:57.000,6654.0000,26339,0,3004960200.000,0,-,-,-,-,6652.4000,6651.8000,6651.4000,6651.2000,6650.2000,6653.2000,6653.8000,6654.0000,6654.2000,6654.6000,1,1,1,2,1,1,1,1,1,1
SF,IC2008,2020-08-21 09:33:57.500,6653.2000,26329,-10,3018266120.000,10,0,10,双平,S,6652.4000,6651.8000,6651.4000,6651.2000,6650.2000,6653.6000,6653.8000,6654.0000,6654.2000,6654.6000,1,1,1,2,1,2,1,1,1,1
SF,IC2008,2020-08-21 09:33:58.000,6653.6000,26323,-6,3027580400.000,7,0,7,多平,S,6653.6000,6651.8000,6651.4000,6651.2000,6650.2000,6653.8000,6654.0000,6654.2000,6654.6000,6654.8000,3,1,1,2,1,2,1,1,1,5
SF,IC2008,2020-08-21 09:33:58.500,6653.6000,26320,-3,3031572560.000,3,0,3,双平,S,6651.8000,6651.4000,6651.2000,6650.2000,6650.0000,6652.8000,6653.0000,6653.2000,6653.4000,6653.6000,1,1,2,1,2,1,1,2,5,6
SF,IC2008,2020-08-21 09:33:59.000,6651.8000,26318,-2,3034233280.000,2,0,2,双平,S,6651.4000,6651.2000,6650.2000,6650.0000,6649.6000,6651.8000,6652.6000,6653.2000,6653.4000,6653.6000,1,2,1,2,1,1,1,1,4,4
SF,IC2008,2020-08-21 09:33:59.500,6651.8000,26317,-1,3035563640.000,1,0,1,双平,S,6652.8000,6652.2000,6652.0000,6651.8000,6651.4000,6653.2000,6653.4000,6653.6000,6653.8000,6654.2000,8,1,1,3,1,1,3,4,1,1
SF,IC2008,2020-08-21 09:34:00.000,6653.4000,26311,-6,3043547520.000,6,0,6,双平,S,6652.8000,6652.6000,6651.8000,6651.4000,6651.2000,6653.6000,6653.8000,6654.6000,6654.8000,6655.4000,8,1,2,1,2,3,1,1,5,1
SF,IC2008,2020-08-21 09:34:00.500,6653.0000,26304,-7,3052862120.000,7,0,7,双平,S,6653.2000,6652.8000,6651.8000,6651.4000,6651.2000,6653.8000,6654.6000,6654.8000,6655.0000,6656.8000,4,9,2,1,2,1,1,5,1,5
SF,IC2008,2020-08-21 09:34:01.000,6654.0000,26302,-2,3055523680.000,2,0,2,双平,S,6653.8000,6653.2000,6652.8000,6651.8000,6651.4000,6654.6000,6654.8000,6655.0000,6656.8000,6658.6000,1,4,9,1,1,1,5,1,5,1
SF,IC2008,2020-08-21 09:34:01.500,6654.8000,26301,-1,3058185560.000,2,0,2,多平,S,6653.8000,6653.2000,6652.8000,6651.8000,6651.4000,6654.8000,6655.0000,6656.8000,6658.6000,6658.8000,1,4,9,1,1,4,1,5,1,6
SF,IC2008,2020-08-21 09:34:02.000,6654.8000,26298,-3,3062177920.000,3,0,3,双平,S,6653.2000,6652.8000,6651.8000,6651.4000,6651.2000,6654.8000,6655.0000,6656.8000,6658.6000,6658.8000,3,9,1,1,1,3,1,5,1,6
SF,IC2008,2020-08-21 09:34:02.500,6654.8000,26297,-1,3063508880.000,1,0,1,双平,S,6653.4000,6653.2000,6652.8000,6651.8000,6651.4000,6654.8000,6655.0000,6656.8000,6658.6000,6658.8000,1,3,9,1,1,2,1,5,1,6
SF,IC2008,2020-08-21 09:34:03.000,6654.8000,26295,-2,3066170800.000,2,0,2,双平,S,6653.4000,6653.2000,6652.8000,6651.8000,6651.4000,6655.0000,6656.8000,6658.6000,6658.8000,6659.0000,1,3,9,1,1,1,5,1,6,2
SF,IC2008,2020-08-21 09:34:03.500,6655.0000,26294,-1,3067501800.000,1,0,1,双平,S,6654.6000,6653.6000,6653.4000,6653.2000,6652.8000,6656.8000,6658.6000,6658.8000,6659.0000,6659.8000,1,1,3,3,9,5,1,6,2,1
SF,IC2008,2020-08-21 09:34:04.000,6655.0000,26294,0,3067501800.000,0,-,-,-,-,6654.8000,6654.6000,6654.0000,6653.4000,6653.2000,6656.6000,6656.8000,6658.6000,6658.8000,6659.0000,2,1,1,2,3,1,5,1,6,2
SF,IC2008,2020-08-21 09:34:04.500,6655.0000,26294,0,3067501800.000,0,-,-,-,-,6655.0000,6654.8000,6654.6000,6654.0000,6653.4000,6655.8000,6656.4000,6656.6000,6656.8000,6658.6000,1,3,1,1,2,1,2,2,5,1
SF,IC2008,2020-08-21 09:34:05.000,6655.0000,26293,-1,3068832800.000,1,0,1,双平,S,6655.8000,6655.0000,6654.8000,6654.6000,6654.0000,6656.6000,6656.8000,6658.6000,6658.8000,6659.0000,1,1,1,1,1,2,5,1,6,2
SF,IC2008,2020-08-21 09:34:05.500,6655.0000,26291,-2,3071494960.000,2,0,2,双平,S,6654.8000,6654.6000,6654.0000,6653.4000,6653.2000,6655.0000,6656.4000,6656.6000,6656.8000,6658.6000,1,1,1,2,3,4,1,2,5,1
SF,IC2008,2020-08-21 09:34:06.000,6655.0000,26287,-4,3082142960.000,8,2,6,多平,S,6655.0000,6654.8000,6654.6000,6654.0000,6653.4000,6656.6000,6656.8000,6658.6000,6658.8000,6659.0000,1,2,1,1,2,1,5,1,6,2
SF,IC2008,2020-08-21 09:34:06.500,6655.0000,26285,-2,3084804960.000,2,0,2,双平,S,6655.0000,6654.8000,6654.6000,6653.4000,6653.2000,6655.8000,6656.6000,6656.8000,6658.6000,6658.8000,7,2,1,2,3,1,1,5,1,6
SF,IC2008,2020-08-21 09:34:07.000,6655.0000,26282,-3,3088797960.000,3,0,3,双平,S,6655.0000,6654.8000,6654.6000,6653.4000,6653.2000,6655.8000,6656.8000,6658.6000,6658.8000,6659.0000,6,2,1,2,3,1,5,1,6,2
SF,IC2008,2020-08-21 09:34:07.500,6655.0000,26282,0,3088797960.000,0,-,-,-,-,6655.0000,6654.8000,6654.6000,6653.4000,6653.2000,6655.8000,6656.6000,6656.8000,6658.6000,6658.8000,7,2,1,2,3,2,1,5,1,6
SF,IC2008,2020-08-21 09:34:08.500,6655.0000,26282,0,3088797960.000,0,-,-,-,-,6655.0000,6654.8000,6654.6000,6653.4000,6653.2000,6655.8000,6656.6000,6656.8000,6658.6000,6658.8000,8,2,1,2,3,2,1,5,1,6
SF,IC2008,2020-08-21 09:34:09.000,6655.0000,26275,-7,3098114960.000,7,0,7,双平,S,6655.0000,6654.8000,6654.6000,6653.4000,6653.2000,6655.8000,6656.6000,6656.8000,6658.6000,6658.8000,4,2,1,2,3,2,1,5,1,6
