市场代码,合约代码,时间,最新,持仓,增仓,成交额,成交量,开仓,平仓,成交类型,方向,买一价,买二价,买三价,买四价,买五价,卖一价,卖二价,卖三价,卖四价,卖五价,买一量,买二量,买三量,买四量,买五量,卖一量,卖二量,卖三量,卖四量,卖五量
SF,IC2006,2019-12-09 09:29:00.100,4851.2000,22210,0,12613120.000,13.000,-,-,-,-,4851.2000,4851.0000,4850.0000,4849.0000,4840.2000,4859.0000,4859.4000,4860.0000,4863.0000,4864.4000,3,1,1,1,2,1,1,1,1,4
SF,IC2006,2019-12-09 09:30:00.100,4849.0000,22216,6,20373440.000,8,7,1,空开,S,4840.2000,4840.0000,4831.0000,4825.0000,4820.6000,4844.8000,4848.2000,4849.6000,4849.8000,4850.2000,2,6,2,1,1,1,1,1,1,2
SF,IC2006,2019-12-09 09:30:00.600,4844.8000,22216,0,21342400.000,1,0,1,多换,S,4840.4000,4840.2000,4840.0000,4831.0000,4825.0000,4844.8000,4848.2000,4849.6000,4850.2000,4851.0000,1,2,6,2,1,1,2,2,2,1
SF,IC2006,2019-12-09 09:30:01.100,4840.2000,22217,1,25215520.000,4,2,2,空开,S,4841.2000,4840.0000,4831.0000,4830.0000,4828.8000,4843.8000,4844.6000,4848.2000,4849.6000,4850.2000,1,6,2,1,5,1,1,2,2,3
SF,IC2006,2019-12-09 09:30:01.600,4840.2000,22217,0,25215520.000,0,-,-,-,-,4841.2000,4840.0000,4831.0000,4830.0000,4828.8000,4843.6000,4843.8000,4848.2000,4849.6000,4850.2000,1,6,2,1,5,1,1,2,2,2
SF,IC2006,2019-12-09 09:30:02.100,4840.2000,22217,0,25215520.000,0,-,-,-,-,4841.2000,4840.0000,4831.0000,4830.0000,4828.8000,4843.6000,4843.8000,4847.2000,4848.2000,4849.6000,1,6,2,1,5,1,1,1,2,2
SF,IC2006,2019-12-09 09:30:02.600,4843.8000,22219,2,28121760.000,3,2,1,空开,S,4843.6000,4841.2000,4840.0000,4831.0000,4830.0000,4847.2000,4848.2000,4848.4000,4849.6000,4850.2000,1,1,6,2,1,1,2,1,2,2
SF,IC2006,2019-12-09 09:30:03.100,4843.6000,22220,1,31996640.000,4,2,2,空开,S,4843.8000,4841.2000,4840.0000,4831.0000,4830.0000,4847.2000,4848.2000,4848.4000,4849.6000,4850.2000,3,1,6,2,1,1,2,1,2,2
SF,IC2006,2019-12-09 09:30:03.600,4846.2000,22222,2,36841400.000,5,3,2,空开,S,4841.2000,4840.0000,4831.0000,4830.0000,4828.8000,4847.2000,4848.2000,4848.4000,4849.6000,4850.2000,1,6,2,1,5,2,2,1,2,2
SF,IC2006,2019-12-09 09:30:04.100,4846.2000,22222,0,36841400.000,0,-,-,-,-,4841.4000,4841.2000,4840.0000,4831.0000,4830.0000,4844.8000,4847.0000,4847.2000,4848.4000,4850.2000,1,1,6,2,1,1,1,2,1,2
SF,IC2006,2019-12-09 09:30:04.600,4844.8000,22223,1,37810360.000,1,1,0,双开,S,4843.0000,4841.4000,4841.2000,4840.0000,4831.0000,4844.6000,4844.8000,4847.2000,4848.4000,4850.0000,1,1,1,6,2,1,1,2,1,1
SF,IC2006,2019-12-09 09:30:05.100,4843.0000,22224,1,38778960.000,1,1,0,双开,S,4841.4000,4841.2000,4840.0000,4831.0000,4828.8000,4844.0000,4844.6000,4844.8000,4847.2000,4848.4000,1,1,6,2,5,1,1,1,1,1
SF,IC2006,2019-12-09 09:30:05.600,4843.4000,22224,0,40716240.000,2,1,1,多换,S,4841.4000,4841.2000,4840.0000,4831.0000,4828.8000,4843.8000,4844.0000,4847.2000,4848.0000,4848.4000,1,1,6,2,5,1,1,1,1,1
SF,IC2006,2019-12-09 09:30:06.100,4844.0000,22224,0,42653800.000,2,1,1,多换,S,4844.0000,4841.4000,4841.2000,4840.0000,4831.0000,4847.2000,4848.0000,4848.4000,4850.0000,4850.2000,3,1,1,6,2,1,1,1,1,1
SF,IC2006,2019-12-09 09:30:06.600,4844.0000,22224,0,45560200.000,3,1,2,多换,S,4841.4000,4841.2000,4840.8000,4840.0000,4831.0000,4843.6000,4846.2000,4847.0000,4847.2000,4848.0000,1,1,1,6,2,1,1,1,1,1
SF,IC2006,2019-12-09 09:30:07.100,4841.4000,22224,0,46528480.000,1,0,1,多换,S,4841.2000,4840.8000,4840.0000,4831.0000,4828.8000,4843.6000,4847.0000,4847.2000,4848.0000,4848.4000,1,1,6,2,5,1,2,1,1,1
SF,IC2006,2019-12-09 09:30:07.600,4841.4000,22224,0,46528480.000,0,-,-,-,-,4841.4000,4841.2000,4840.8000,4840.0000,4831.0000,4842.6000,4843.4000,4843.6000,4846.4000,4848.0000,1,1,1,6,2,1,1,1,1,1
SF,IC2006,2019-12-09 09:30:08.100,4841.4000,22223,-1,49433800.000,3,1,2,多平,S,4843.6000,4841.2000,4840.8000,4840.0000,4831.0000,4846.4000,4847.8000,4848.0000,4850.0000,4850.2000,1,1,1,6,2,1,1,1,1,1
SF,IC2006,2019-12-09 09:30:08.600,4843.0000,22223,0,50402400.000,1,0,1,多换,S,4841.2000,4840.8000,4840.0000,4831.0000,4828.8000,4843.0000,4846.2000,4846.4000,4846.8000,4847.8000,1,1,6,2,5,2,1,1,1,1
SF,IC2006,2019-12-09 09:30:09.100,4842.0000,22221,-2,54276280.000,4,1,3,多平,S,4841.2000,4840.8000,4840.0000,4831.0000,4828.8000,4846.2000,4846.4000,4846.8000,4847.8000,4850.0000,1,1,6,2,5,1,1,1,1,1
SF,IC2006,2019-12-09 09:30:09.600,4842.0000,22221,0,54276280.000,0,-,-,-,-,4841.4000,4841.2000,4840.8000,4840.0000,4831.0000,4843.6000,4846.0000,4846.2000,4846.4000,4847.8000,1,1,1,6,2,1,1,1,1,1
SF,IC2006,2019-12-09 09:30:10.100,4842.0000,22221,0,54276280.000,0,-,-,-,-,4841.6000,4841.4000,4841.2000,4840.8000,4840.0000,4843.4000,4843.6000,4846.4000,4847.8000,4850.0000,1,1,1,1,6,1,1,1,1,1
SF,IC2006,2019-12-09 09:30:10.600,4842.0000,22221,0,54276280.000,0,-,-,-,-,4841.6000,4841.4000,4841.2000,4840.8000,4840.0000,4842.4000,4843.4000,4843.6000,4844.0000,4846.4000,1,1,1,1,6,1,1,1,1,1
SF,IC2006,2019-12-09 09:30:11.100,4842.0000,22221,0,54276280.000,0,-,-,-,-,4841.6000,4841.4000,4841.2000,4840.8000,4840.0000,4842.4000,4843.2000,4843.4000,4844.0000,4846.4000,1,1,1,1,6,1,1,1,1,1
SF,IC2006,2019-12-09 09:30:11.600,4843.4000,22220,-1,57181800.000,3,1,2,多平,S,4841.4000,4841.2000,4840.8000,4840.0000,4831.0000,4844.0000,4846.4000,4850.0000,4850.4000,4850.6000,1,1,1,6,2,1,1,1,1,1
SF,IC2006,2019-12-09 09:30:12.100,4843.4000,22220,0,57181800.000,0,-,-,-,-,4841.4000,4841.2000,4840.8000,4840.0000,4831.0000,4843.8000,4844.0000,4846.4000,4846.8000,4850.0000,1,1,1,6,2,2,1,1,1,1
SF,IC2006,2019-12-09 09:30:12.600,4843.4000,22220,0,57181800.000,0,-,-,-,-,4841.8000,4841.4000,4841.2000,4840.8000,4840.0000,4842.6000,4842.8000,4843.8000,4844.0000,4846.4000,1,1,1,1,6,1,1,2,1,1
SF,IC2006,2019-12-09 09:30:13.100,4843.4000,22220,0,57181800.000,0,-,-,-,-,4842.4000,4842.0000,4841.8000,4841.2000,4840.8000,4842.6000,4842.8000,4843.8000,4844.0000,4846.4000,1,1,1,1,1,1,1,1,1,1
SF,IC2006,2019-12-09 09:30:13.600,4842.4000,22220,0,58150280.000,1,0,1,多换,S,4842.0000,4841.8000,4841.2000,4840.8000,4840.0000,4842.6000,4842.8000,4843.4000,4843.8000,4844.0000,1,1,1,1,6,1,1,1,1,1
SF,IC2006,2019-12-09 09:30:14.100,4842.4000,22220,0,58150280.000,0,-,-,-,-,4842.0000,4841.8000,4841.2000,4840.8000,4840.0000,4842.2000,4842.6000,4842.8000,4843.4000,4843.8000,1,1,1,1,6,3,1,1,1,1
SF,IC2006,2019-12-09 09:30:14.600,4842.2000,22217,-3,61055600.000,3,0,3,双平,S,4842.2000,4842.0000,4841.8000,4841.2000,4840.8000,4842.6000,4842.8000,4843.4000,4844.0000,4845.0000,1,1,1,1,1,1,1,1,1,1
SF,IC2006,2019-12-09 09:30:15.100,4842.4000,22216,-1,63961040.000,3,1,2,多平,S,4842.6000,4842.0000,4841.8000,4841.2000,4840.8000,4842.8000,4843.4000,4844.0000,4845.0000,4846.4000,1,1,1,1,1,1,1,1,1,1
SF,IC2006,2019-12-09 09:30:15.600,4842.6000,22215,-1,67835360.000,4,1,3,多平,S,4842.0000,4841.8000,4841.2000,4840.8000,4840.0000,4844.0000,4845.0000,4846.4000,4850.4000,4850.6000,1,1,1,1,6,1,1,1,1,1
SF,IC2006,2019-12-09 09:30:16.100,4842.0000,22213,-2,69772200.000,2,0,2,双平,S,4841.8000,4841.2000,4840.8000,4840.0000,4831.0000,4842.0000,4843.8000,4844.0000,4845.0000,4846.4000,1,1,1,6,2,1,1,1,1,1
SF,IC2006,2019-12-09 09:30:16.600,4842.0000,22212,-1,71709000.000,2,0,2,多平,S,4842.0000,4841.8000,4841.2000,4840.8000,4840.0000,4844.0000,4845.0000,4846.4000,4850.4000,4850.6000,7,1,1,1,6,1,1,1,1,1
SF,IC2006,2019-12-09 09:30:17.100,4843.8000,22212,0,72677760.000,1,0,1,多换,S,4842.2000,4842.0000,4841.8000,4841.2000,4840.8000,4843.8000,4844.0000,4845.0000,4846.4000,4850.4000,2,7,1,1,1,1,1,1,1,1
SF,IC2006,2019-12-09 09:30:17.600,4843.8000,22212,0,72677760.000,0,-,-,-,-,4842.2000,4842.0000,4841.8000,4841.2000,4840.8000,4842.8000,4843.8000,4844.0000,4845.0000,4846.4000,2,8,1,1,1,1,1,1,1,1
SF,IC2006,2019-12-09 09:30:18.100,4843.8000,22210,-2,75583520.000,3,0,3,多平,S,4842.2000,4842.0000,4841.8000,4841.2000,4840.8000,4844.0000,4844.2000,4845.0000,4846.4000,4850.4000,1,1,1,1,1,1,1,1,1,1
SF,IC2006,2019-12-09 09:30:18.600,4844.0000,22212,2,78489840.000,3,2,1,空开,S,4844.0000,4842.8000,4842.4000,4842.2000,4842.0000,4844.2000,4845.0000,4846.4000,4850.4000,4850.6000,4,4,1,1,1,1,1,1,1,1
SF,IC2006,2019-12-09 09:30:19.100,4842.8000,22212,0,83333600.000,5,2,3,多换,S,4842.8000,4842.4000,4842.0000,4841.8000,4841.2000,4844.2000,4845.0000,4846.4000,4850.4000,4850.6000,3,1,1,1,1,1,1,1,1,1
SF,IC2006,2019-12-09 09:30:19.600,4844.2000,22211,-1,86239600.000,3,1,2,多平,S,4842.8000,4842.0000,4841.8000,4841.2000,4840.8000,4846.4000,4850.4000,4850.6000,4851.2000,4853.0000,2,1,1,1,1,1,1,1,1,1
SF,IC2006,2019-12-09 09:30:20.100,4842.8000,22210,-1,88176760.000,2,0,2,多平,S,4842.8000,4842.0000,4841.8000,4841.2000,4840.8000,4845.4000,4846.2000,4850.0000,4850.4000,4850.6000,1,1,1,1,1,1,2,1,1,1
SF,IC2006,2019-12-09 09:30:20.600,4842.8000,22210,0,88176760.000,0,-,-,-,-,4842.8000,4842.0000,4841.8000,4841.2000,4840.8000,4844.0000,4845.2000,4845.4000,4846.2000,4850.0000,1,1,1,1,1,1,1,1,1,1
SF,IC2006,2019-12-09 09:30:21.100,4842.8000,22210,0,88176760.000,0,-,-,-,-,4843.0000,4842.8000,4842.0000,4841.8000,4841.2000,4844.0000,4845.2000,4845.4000,4850.0000,4850.4000,1,2,1,1,1,1,1,1,1,1
SF,IC2006,2019-12-09 09:30:21.600,4843.2000,22209,-1,91083000.000,3,1,2,多平,S,4843.0000,4842.8000,4842.0000,4841.8000,4841.2000,4845.2000,4845.4000,4850.0000,4850.4000,4850.6000,1,2,1,1,1,1,1,1,1,2
SF,IC2006,2019-12-09 09:30:22.100,4851.2000,22208,-1,96902600.000,6,2,4,多平,S,4851.0000,4843.0000,4842.8000,4842.0000,4841.8000,4853.0000,4854.6000,4855.0000,4855.2000,4856.4000,1,1,2,1,1,1,1,5,1,1
SF,IC2006,2019-12-09 09:30:22.600,4851.0000,22205,-3,99812040.000,3,0,3,双平,S,4843.0000,4842.8000,4842.0000,4841.8000,4841.2000,4848.0000,4852.0000,4853.0000,4854.6000,4855.0000,1,1,1,1,1,1,1,1,1,5
SF,IC2006,2019-12-09 09:30:23.100,4851.0000,22205,0,99812040.000,0,-,-,-,-,4843.0000,4842.8000,4842.0000,4841.8000,4841.2000,4847.8000,4848.0000,4849.4000,4853.0000,4854.6000,1,1,1,1,1,1,1,1,1,1
SF,IC2006,2019-12-09 09:30:23.600,4851.0000,22205,0,99812040.000,0,-,-,-,-,4846.0000,4843.8000,4843.2000,4843.0000,4842.8000,4846.8000,4847.8000,4848.0000,4849.4000,4850.2000,1,1,1,1,1,1,1,1,2,1
SF,IC2006,2019-12-09 09:30:24.100,4846.0000,22205,0,100781240.000,1,0,1,多换,S,4843.8000,4843.2000,4843.0000,4842.8000,4842.0000,4846.8000,4847.8000,4848.0000,4848.6000,4849.4000,1,1,1,1,1,1,1,1,1,2
SF,IC2006,2019-12-09 09:30:24.600,4846.0000,22205,0,100781240.000,0,-,-,-,-,4844.0000,4843.8000,4843.2000,4842.8000,4842.0000,4846.6000,4846.8000,4848.0000,4849.4000,4850.0000,1,1,1,1,1,1,1,1,2,1
SF,IC2006,2019-12-09 09:30:25.100,4846.0000,22205,0,100781240.000,0,-,-,-,-,4844.2000,4844.0000,4843.8000,4843.2000,4842.8000,4846.8000,4848.0000,4849.4000,4850.0000,4850.2000,1,2,1,1,1,1,1,2,1,3
SF,IC2006,2019-12-09 09:30:25.600,4846.0000,22205,0,100781240.000,0,-,-,-,-,4844.6000,4844.4000,4844.2000,4844.0000,4843.2000,4846.8000,4848.0000,4849.4000,4850.0000,4850.2000,1,1,1,1,1,1,1,2,1,3
SF,IC2006,2019-12-09 09:30:26.100,4846.0000,22205,0,100781240.000,0,-,-,-,-,4844.8000,4844.6000,4844.2000,4844.0000,4842.8000,4846.8000,4848.0000,4849.4000,4850.0000,4850.2000,1,1,1,1,1,1,1,1,1,3
SF,IC2006,2019-12-09 09:30:26.600,4846.0000,22205,0,100781240.000,0,-,-,-,-,4845.0000,4844.8000,4844.0000,4842.8000,4842.0000,4846.8000,4848.0000,4849.4000,4850.0000,4850.2000,1,2,1,1,1,1,1,1,1,3
SF,IC2006,2019-12-09 09:30:27.100,4846.0000,22205,0,100781240.000,0,-,-,-,-,4845.2000,4845.0000,4844.8000,4844.0000,4842.8000,4846.4000,4846.8000,4848.0000,4849.4000,4850.0000,1,1,1,1,1,2,1,1,1,2
SF,IC2006,2019-12-09 09:30:27.600,4845.0000,22204,-1,102719520.000,2,0,2,多平,S,4844.0000,4842.8000,4842.0000,4841.8000,4841.4000,4844.2000,4846.4000,4846.8000,4848.0000,4849.4000,1,1,1,1,1,4,1,1,1,1
SF,IC2006,2019-12-09 09:30:28.100,4846.4000,22200,-4,107564160.000,5,0,5,多平,S,4844.2000,4844.0000,4842.8000,4842.0000,4841.8000,4848.0000,4849.4000,4850.0000,4850.2000,4850.6000,1,1,1,1,1,1,1,1,3,1
SF,IC2006,2019-12-09 09:30:28.600,4846.4000,22200,0,107564160.000,0,-,-,-,-,4844.4000,4844.2000,4842.8000,4842.0000,4841.8000,4847.0000,4848.0000,4849.4000,4850.0000,4850.2000,1,2,1,1,1,1,1,1,1,3
SF,IC2006,2019-12-09 09:30:29.100,4846.4000,22200,0,107564160.000,0,-,-,-,-,4844.8000,4844.4000,4844.2000,4842.8000,4842.0000,4847.0000,4848.0000,4849.4000,4850.0000,4850.2000,1,2,2,1,1,1,1,1,1,4
SF,IC2006,2019-12-09 09:30:29.600,4846.4000,22199,-1,108533440.000,1,0,1,双平,S,4845.0000,4844.6000,4844.4000,4844.2000,4842.8000,4846.0000,4847.0000,4848.0000,4849.4000,4850.0000,1,1,1,2,1,1,1,1,1,1
SF,IC2006,2019-12-09 09:30:30.100,4846.0000,22198,-1,109502640.000,1,0,1,双平,S,4846.0000,4845.2000,4845.0000,4844.6000,4844.4000,4848.0000,4849.4000,4850.2000,4850.8000,4851.2000,1,1,1,1,1,1,1,4,3,2
SF,IC2006,2019-12-09 09:30:30.600,4846.0000,22198,0,109502640.000,0,-,-,-,-,4846.2000,4846.0000,4845.2000,4845.0000,4844.2000,4847.0000,4848.0000,4849.4000,4849.8000,4850.2000,1,2,2,1,1,1,1,1,1,3
SF,IC2006,2019-12-09 09:30:31.100,4847.0000,22198,0,110472040.000,1,0,1,多换,S,4846.2000,4846.0000,4845.2000,4844.2000,4843.8000,4848.0000,4849.4000,4850.2000,4850.8000,4851.2000,2,1,1,1,1,1,1,2,3,2
SF,IC2006,2019-12-09 09:30:31.600,4847.0000,22198,0,110472040.000,0,-,-,-,-,4847.0000,4846.4000,4846.2000,4846.0000,4844.2000,4848.0000,4849.4000,4850.8000,4851.2000,4851.6000,2,1,1,1,1,1,1,3,1,2
SF,IC2006,2019-12-09 09:30:32.100,4847.0000,22197,-1,112411040.000,2,0,2,多平,S,4847.0000,4846.4000,4846.0000,4844.2000,4843.8000,4850.8000,4851.2000,4851.6000,4853.0000,4853.4000,1,1,1,1,1,3,1,2,1,3
SF,IC2006,2019-12-09 09:30:32.600,4847.0000,22197,0,112411040.000,0,-,-,-,-,4848.2000,4847.2000,4846.0000,4844.2000,4843.8000,4850.6000,4850.8000,4851.2000,4851.6000,4852.8000,1,1,1,1,1,1,1,1,1,1
SF,IC2006,2019-12-09 09:30:33.100,4848.2000,22195,-2,114350320.000,2,0,2,双平,S,4846.0000,4844.2000,4843.8000,4842.8000,4842.6000,4849.6000,4850.2000,4850.6000,4850.8000,4851.6000,1,1,1,1,1,1,1,1,1,1
SF,IC2006,2019-12-09 09:30:33.600,4848.2000,22195,0,114350320.000,0,-,-,-,-,4846.2000,4846.0000,4844.2000,4843.8000,4842.8000,4849.4000,4849.6000,4850.2000,4850.8000,4852.2000,1,1,1,1,1,1,1,1,1,1
SF,IC2006,2019-12-09 09:30:34.100,4848.2000,22195,0,114350320.000,0,-,-,-,-,4846.2000,4846.0000,4844.2000,4843.8000,4842.8000,4849.0000,4849.4000,4849.6000,4850.2000,4850.8000,1,1,1,1,1,1,1,1,1,1
SF,IC2006,2019-12-09 09:30:34.600,4849.0000,22195,0,115320120.000,1,0,1,多换,S,4849.4000,4846.4000,4846.2000,4846.0000,4844.2000,4849.6000,4850.2000,4850.8000,4852.2000,4852.6000,1,1,1,1,1,1,1,1,1,1
SF,IC2006,2019-12-09 09:30:35.100,4849.4000,22195,0,116290000.000,1,0,1,多换,S,4846.4000,4846.2000,4846.0000,4844.2000,4843.8000,4849.0000,4849.4000,4849.6000,4850.2000,4850.8000,1,1,1,1,1,2,2,1,1,1
SF,IC2006,2019-12-09 09:30:35.600,4846.0000,22190,-5,121137480.000,5,0,5,双平,S,4844.2000,4843.8000,4843.0000,4842.8000,4842.6000,4846.0000,4849.4000,4849.6000,4850.8000,4852.6000,1,1,1,1,1,2,2,1,1,1
SF,IC2006,2019-12-09 09:30:36.100,4846.0000,22188,-2,123075880.000,2,0,2,双平,S,4849.0000,4845.4000,4844.4000,4844.2000,4843.8000,4850.8000,4852.8000,4853.0000,4853.4000,4853.6000,2,2,1,1,1,1,1,1,2,2
SF,IC2006,2019-12-09 09:30:36.600,4847.6000,22188,0,125014920.000,2,1,1,多换,S,4845.4000,4844.4000,4844.2000,4843.0000,4842.8000,4849.8000,4850.8000,4852.8000,4853.0000,4853.4000,2,2,1,1,1,1,1,1,1,2
SF,IC2006,2019-12-09 09:30:37.100,4849.6000,22188,0,125984840.000,1,0,1,多换,S,4845.8000,4845.6000,4845.4000,4845.2000,4844.4000,4849.8000,4850.8000,4852.8000,4853.0000,4853.4000,1,1,2,1,1,1,1,1,1,2
SF,IC2006,2019-12-09 09:30:37.600,4849.6000,22188,0,125984840.000,0,-,-,-,-,4846.0000,4845.8000,4845.4000,4845.0000,4844.4000,4849.6000,4849.8000,4850.8000,4851.4000,4852.8000,2,2,2,1,1,1,1,1,1,1
SF,IC2006,2019-12-09 09:30:38.100,4849.6000,22188,0,125984840.000,0,-,-,-,-,4849.0000,4846.4000,4846.0000,4845.8000,4845.4000,4849.4000,4849.6000,4849.8000,4850.8000,4851.4000,1,1,2,2,2,1,2,1,1,1
SF,IC2006,2019-12-09 09:30:38.600,4849.0000,22189,1,127924440.000,2,1,1,空开,S,4846.2000,4846.0000,4845.4000,4845.0000,4844.6000,4849.0000,4849.2000,4849.4000,4849.6000,4849.8000,1,1,2,1,1,6,3,1,1,1
SF,IC2006,2019-12-09 09:30:39.100,4849.0000,22189,0,127924440.000,0,-,-,-,-,4846.4000,4845.6000,4845.0000,4844.6000,4844.4000,4848.0000,4848.2000,4848.8000,4849.0000,4849.2000,1,1,1,1,1,2,1,1,6,3
SF,IC2006,2019-12-09 09:30:39.600,4849.0000,22189,0,127924440.000,0,-,-,-,-,4846.4000,4845.0000,4844.6000,4844.4000,4844.2000,4847.0000,4848.0000,4848.2000,4849.0000,4849.2000,1,1,1,1,1,1,2,1,6,3
SF,IC2006,2019-12-09 09:30:40.100,4847.0000,22189,0,128893840.000,1,0,1,多换,S,4846.4000,4845.0000,4844.6000,4844.4000,4844.2000,4848.0000,4848.2000,4849.0000,4849.2000,4849.6000,1,1,1,1,1,2,1,6,3,1
SF,IC2006,2019-12-09 09:30:40.600,4848.0000,22190,1,129863440.000,1,1,0,双开,S,4846.4000,4845.0000,4844.6000,4844.4000,4844.2000,4848.0000,4848.2000,4849.0000,4849.2000,4849.6000,1,1,1,1,1,1,1,6,3,1
SF,IC2006,2019-12-09 09:30:41.100,4848.0000,22190,0,129863440.000,0,-,-,-,-,4846.4000,4845.0000,4844.6000,4844.4000,4844.2000,4847.0000,4848.0000,4848.2000,4849.0000,4849.2000,1,1,1,1,1,1,1,1,7,3
SF,IC2006,2019-12-09 09:30:41.600,4848.0000,22191,1,130833040.000,1,1,0,双开,S,4846.4000,4845.0000,4844.6000,4844.4000,4844.2000,4848.0000,4848.2000,4849.0000,4849.2000,4849.6000,1,1,1,1,1,1,1,7,1,1
SF,IC2006,2019-12-09 09:30:42.100,4848.0000,22190,-1,131802640.000,1,0,1,双平,S,4845.2000,4845.0000,4844.6000,4844.4000,4844.2000,4847.8000,4848.0000,4848.2000,4849.0000,4849.2000,1,1,1,1,1,1,2,1,7,1
SF,IC2006,2019-12-09 09:30:42.600,4848.0000,22190,0,131802640.000,0,-,-,-,-,4845.2000,4845.0000,4844.4000,4844.2000,4843.6000,4846.2000,4846.4000,4846.8000,4847.8000,4848.0000,1,1,1,1,1,2,1,1,1,2
SF,IC2006,2019-12-09 09:30:43.100,4848.0000,22190,0,131802640.000,0,-,-,-,-,4845.2000,4845.0000,4844.2000,4843.6000,4843.0000,4846.2000,4846.4000,4846.8000,4847.4000,4847.6000,1,1,1,1,1,2,1,1,1,1
SF,IC2006,2019-12-09 09:30:43.600,4848.0000,22190,0,131802640.000,0,-,-,-,-,4845.2000,4845.0000,4844.2000,4843.0000,4842.8000,4846.2000,4846.4000,4846.8000,4847.4000,4847.6000,1,1,1,1,1,2,1,1,1,1
SF,IC2006,2019-12-09 09:30:44.100,4848.0000,22190,0,131802640.000,0,-,-,-,-,4845.2000,4845.0000,4844.2000,4843.0000,4842.8000,4846.2000,4846.4000,4846.8000,4847.4000,4847.6000,1,1,1,1,2,2,1,1,1,1
SF,IC2006,2019-12-09 09:30:44.600,4848.0000,22190,0,131802640.000,0,-,-,-,-,4845.4000,4845.2000,4845.0000,4844.2000,4843.0000,4846.4000,4846.8000,4847.0000,4847.6000,4847.8000,1,1,1,1,1,1,1,1,1,1
SF,IC2006,2019-12-09 09:30:45.100,4846.4000,22189,-1,132771920.000,1,0,1,双平,S,4845.8000,4845.4000,4845.2000,4845.0000,4844.2000,4846.8000,4847.0000,4847.6000,4847.8000,4848.0000,1,1,1,1,1,1,1,1,1,1
SF,IC2006,2019-12-09 09:30:45.600,4845.2000,22188,-1,135679200.000,3,1,2,多平,S,4845.0000,4844.2000,4843.0000,4842.8000,4842.6000,4846.8000,4847.0000,4847.6000,4847.8000,4848.0000,1,1,1,2,1,1,1,1,1,1
SF,IC2006,2019-12-09 09:30:46.100,4845.2000,22188,0,135679200.000,0,-,-,-,-,4845.0000,4844.2000,4843.0000,4842.8000,4842.6000,4845.8000,4846.6000,4846.8000,4847.0000,4847.6000,1,1,1,2,1,1,2,1,1,1
SF,IC2006,2019-12-09 09:30:46.600,4845.2000,22188,0,135679200.000,0,-,-,-,-,4845.0000,4844.2000,4843.0000,4842.8000,4842.6000,4845.8000,4846.6000,4847.6000,4848.0000,4848.2000,1,1,1,2,1,1,2,1,1,1
SF,IC2006,2019-12-09 09:30:47.100,4845.0000,22188,0,136648200.000,1,0,1,多换,S,4844.2000,4843.0000,4842.8000,4842.6000,4842.0000,4845.8000,4846.6000,4847.6000,4848.0000,4848.2000,1,1,2,1,2,1,1,1,1,1
SF,IC2006,2019-12-09 09:30:47.600,4845.0000,22187,-1,137617200.000,1,0,1,双平,S,4843.0000,4842.8000,4842.6000,4842.0000,4841.8000,4844.8000,4845.6000,4845.8000,4847.6000,4848.0000,1,2,1,2,1,2,1,1,1,2
SF,IC2006,2019-12-09 09:30:48.100,4845.0000,22187,0,137617200.000,0,-,-,-,-,4843.2000,4843.0000,4842.8000,4842.6000,4842.0000,4843.8000,4844.8000,4845.6000,4845.8000,4847.6000,1,1,2,1,2,1,1,1,1,1
SF,IC2006,2019-12-09 09:30:48.600,4844.0000,22187,0,138586000.000,1,0,1,多换,S,4844.2000,4843.8000,4843.2000,4843.0000,4842.8000,4845.6000,4845.8000,4847.6000,4848.0000,4848.2000,2,1,1,1,2,1,1,1,2,1
SF,IC2006,2019-12-09 09:30:49.100,4844.0000,22187,0,138586000.000,0,-,-,-,-,4843.8000,4843.2000,4843.0000,4842.8000,4842.6000,4845.6000,4845.8000,4847.6000,4848.0000,4848.2000,1,1,1,2,1,1,1,1,2,1
SF,IC2006,2019-12-09 09:30:49.600,4844.0000,22187,0,138586000.000,0,-,-,-,-,4843.8000,4843.2000,4843.0000,4842.8000,4842.6000,4844.6000,4844.8000,4845.6000,4845.8000,4847.6000,1,1,1,2,1,1,1,1,1,1
SF,IC2006,2019-12-09 09:30:50.100,4844.0000,22187,0,138586000.000,0,-,-,-,-,4843.2000,4843.0000,4842.8000,4842.6000,4842.0000,4844.6000,4844.8000,4845.4000,4845.6000,4845.8000,1,1,2,1,1,1,1,1,1,1
SF,IC2006,2019-12-09 09:30:50.600,4844.0000,22187,0,138586000.000,0,-,-,-,-,4843.0000,4842.8000,4842.6000,4842.0000,4841.8000,4844.4000,4844.6000,4844.8000,4845.4000,4845.8000,1,2,1,1,1,1,1,1,1,1
SF,IC2006,2019-12-09 09:30:51.100,4844.0000,22187,0,138586000.000,0,-,-,-,-,4843.0000,4842.8000,4842.6000,4842.0000,4841.8000,4844.4000,4844.6000,4844.8000,4845.8000,4847.6000,1,1,1,1,1,1,1,1,1,1
SF,IC2006,2019-12-09 09:30:51.600,4844.4000,22187,0,139554880.000,1,0,1,多换,S,4843.0000,4842.8000,4842.6000,4842.0000,4841.8000,4844.6000,4844.8000,4845.8000,4847.6000,4848.0000,1,1,1,1,1,1,1,1,1,2
SF,IC2006,2019-12-09 09:30:52.100,4844.4000,22187,0,139554880.000,0,-,-,-,-,4843.2000,4843.0000,4842.8000,4842.6000,4842.0000,4844.6000,4844.8000,4845.8000,4847.6000,4848.0000,1,1,1,1,1,1,1,1,1,2
SF,IC2006,2019-12-09 09:30:52.600,4843.0000,22187,0,141492120.000,2,1,1,多换,S,4843.0000,4842.8000,4842.6000,4842.0000,4841.8000,4844.6000,4844.8000,4845.8000,4847.6000,4848.0000,1,1,1,1,1,1,1,1,1,2
SF,IC2006,2019-12-09 09:30:53.100,4843.0000,22187,0,141492120.000,0,-,-,-,-,4844.4000,4843.2000,4843.0000,4842.8000,4842.6000,4844.6000,4844.8000,4845.8000,4847.6000,4848.0000,1,1,1,1,1,1,1,1,1,2
SF,IC2006,2019-12-09 09:30:53.600,4844.6000,22186,-1,143429920.000,2,0,2,多平,S,4844.6000,4843.2000,4843.0000,4842.8000,4842.6000,4844.8000,4845.8000,4847.6000,4848.0000,4848.2000,1,2,1,1,1,1,1,1,2,1
SF,IC2006,2019-12-09 09:30:54.100,4843.2000,22185,-1,144398560.000,1,0,1,双平,S,4843.2000,4843.0000,4842.8000,4842.6000,4842.0000,4844.4000,4844.8000,4845.8000,4847.6000,4848.0000,1,1,1,1,1,1,1,1,1,2
SF,IC2006,2019-12-09 09:30:54.600,4843.4000,22185,0,145367240.000,1,0,1,多换,S,4843.0000,4842.8000,4842.6000,4842.0000,4841.8000,4844.8000,4845.8000,4847.6000,4848.0000,4848.2000,1,1,1,1,1,1,1,1,2,1
SF,IC2006,2019-12-09 09:30:55.100,4844.6000,22185,0,146336160.000,1,0,1,多换,S,4843.0000,4842.8000,4842.6000,4842.0000,4841.8000,4844.8000,4845.8000,4847.6000,4848.0000,4848.2000,1,1,1,1,1,1,1,1,2,1
SF,IC2006,2019-12-09 09:30:55.600,4844.6000,22185,0,146336160.000,0,-,-,-,-,4843.2000,4843.0000,4842.8000,4842.6000,4842.0000,4843.8000,4844.6000,4844.8000,4845.8000,4847.6000,3,1,1,1,1,1,2,1,1,1
SF,IC2006,2019-12-09 09:30:56.100,4843.2000,22184,-1,148273560.000,2,0,2,多平,S,4843.2000,4843.0000,4842.8000,4842.6000,4842.0000,4844.6000,4844.8000,4845.8000,4847.6000,4848.0000,2,1,1,1,1,2,1,1,1,2
SF,IC2006,2019-12-09 09:30:56.600,4843.2000,22184,0,148273560.000,0,-,-,-,-,4843.2000,4843.0000,4842.8000,4842.6000,4842.0000,4843.6000,4844.6000,4844.8000,4845.8000,4847.6000,2,1,1,1,1,1,2,1,1,1
SF,IC2006,2019-12-09 09:30:57.100,4843.6000,22184,0,149242280.000,1,0,1,多换,S,4843.6000,4843.2000,4843.0000,4842.8000,4842.6000,4844.6000,4844.8000,4845.8000,4847.6000,4848.0000,1,1,1,1,1,1,1,1,1,2
SF,IC2006,2019-12-09 09:30:57.600,4843.2000,22182,-2,152148480.000,3,0,3,多平,S,4843.0000,4842.8000,4842.6000,4842.0000,4841.8000,4843.2000,4843.6000,4844.8000,4845.8000,4847.6000,1,1,1,1,1,10,1,1,1,1
SF,IC2006,2019-12-09 09:30:58.100,4842.6000,22180,-2,155054160.000,3,0,3,多平,S,4842.0000,4841.8000,4841.6000,4841.2000,4841.0000,4843.0000,4843.2000,4843.6000,4844.8000,4848.0000,1,1,1,1,1,1,10,2,1,2
SF,IC2006,2019-12-09 09:30:58.600,4842.8000,22180,0,156022720.000,1,0,1,多换,S,4842.0000,4841.8000,4841.6000,4841.2000,4841.0000,4843.0000,4843.2000,4843.6000,4844.8000,4848.0000,1,1,1,1,1,1,15,2,1,2
SF,IC2006,2019-12-09 09:30:59.100,4842.0000,22180,0,156991120.000,1,0,1,多换,S,4841.8000,4841.6000,4841.2000,4841.0000,4840.4000,4843.0000,4843.2000,4843.6000,4844.8000,4848.0000,1,1,1,1,2,2,15,2,1,2
SF,IC2006,2019-12-09 09:30:59.600,4842.0000,22180,0,156991120.000,0,-,-,-,-,4842.0000,4841.8000,4841.6000,4841.2000,4841.0000,4843.0000,4843.2000,4843.6000,4844.8000,4848.0000,1,1,1,1,1,2,15,2,1,2
SF,IC2006,2019-12-09 09:31:00.100,4842.0000,22180,0,156991120.000,0,-,-,-,-,4842.0000,4841.8000,4841.6000,4841.2000,4841.0000,4843.0000,4843.2000,4843.6000,4844.8000,4848.0000,1,1,1,1,1,2,15,2,1,2
SF,IC2006,2019-12-09 09:31:00.600,4842.0000,22180,0,156991120.000,0,-,-,-,-,4841.8000,4841.6000,4841.2000,4841.0000,4840.4000,4843.0000,4843.2000,4843.6000,4844.8000,4848.0000,1,1,1,1,1,2,15,2,1,2
SF,IC2006,2019-12-09 09:31:01.100,4842.0000,22180,0,156991120.000,0,-,-,-,-,4842.0000,4841.8000,4841.6000,4841.2000,4841.0000,4843.0000,4843.2000,4843.6000,4844.8000,4848.0000,2,1,1,1,1,1,15,2,1,2
SF,IC2006,2019-12-09 09:31:01.600,4842.0000,22180,0,156991120.000,0,-,-,-,-,4842.0000,4841.8000,4841.6000,4841.2000,4841.0000,4843.0000,4843.2000,4843.6000,4844.8000,4848.0000,1,1,1,1,1,1,15,2,1,2
SF,IC2006,2019-12-09 09:31:03.100,4842.0000,22180,0,157959520.000,1,0,1,多换,S,4841.8000,4841.6000,4841.2000,4841.0000,4840.4000,4842.0000,4843.0000,4843.2000,4843.6000,4844.8000,1,1,1,1,2,1,1,15,2,1
SF,IC2006,2019-12-09 09:31:03.600,4842.0000,22179,-1,158927920.000,1,0,1,双平,S,4842.4000,4842.0000,4841.8000,4841.6000,4841.2000,4843.0000,4843.2000,4843.6000,4844.8000,4848.0000,2,2,1,1,1,1,15,1,1,2
SF,IC2006,2019-12-09 09:31:04.100,4842.6000,22179,0,160865040.000,2,1,1,多换,S,4842.4000,4842.0000,4841.8000,4841.6000,4841.2000,4843.2000,4843.6000,4844.8000,4848.0000,4848.2000,2,1,1,1,1,15,1,1,2,1
SF,IC2006,2019-12-09 09:31:04.600,4842.6000,22179,0,160865040.000,0,-,-,-,-,4842.4000,4842.0000,4841.8000,4841.6000,4841.2000,4843.0000,4843.2000,4843.6000,4844.8000,4848.0000,2,1,2,1,1,1,6,1,1,2
SF,IC2006,2019-12-09 09:31:05.100,4842.6000,22179,0,161833560.000,1,0,1,多换,S,4842.0000,4841.8000,4841.6000,4841.2000,4841.0000,4843.0000,4843.2000,4843.6000,4844.8000,4845.4000,1,2,1,1,1,1,6,1,1,1
SF,IC2006,2019-12-09 09:31:05.600,4842.6000,22179,0,161833560.000,0,-,-,-,-,4841.8000,4841.6000,4841.2000,4841.0000,4840.4000,4843.0000,4843.2000,4843.6000,4844.8000,4845.4000,2,1,1,1,1,1,6,1,1,1
SF,IC2006,2019-12-09 09:31:06.600,4842.6000,22179,0,161833560.000,0,-,-,-,-,4842.0000,4841.8000,4841.6000,4841.2000,4841.0000,4843.0000,4843.2000,4843.6000,4844.8000,4845.4000,1,2,1,1,1,1,6,1,1,1
SF,IC2006,2019-12-09 09:31:07.100,4842.0000,22180,1,162801960.000,1,1,0,双开,S,4841.8000,4841.6000,4841.2000,4841.0000,4840.4000,4843.0000,4843.2000,4843.6000,4844.8000,4845.4000,2,1,1,1,1,1,6,1,1,1
SF,IC2006,2019-12-09 09:31:07.600,4842.0000,22180,0,162801960.000,0,-,-,-,-,4841.8000,4841.6000,4841.2000,4841.0000,4840.4000,4842.4000,4843.2000,4843.6000,4844.8000,4845.4000,2,1,1,1,1,1,6,1,1,1
SF,IC2006,2019-12-09 09:31:08.100,4841.8000,22179,-1,164738800.000,2,0,2,多平,S,4841.8000,4841.6000,4841.2000,4841.0000,4840.4000,4843.2000,4843.6000,4844.8000,4845.4000,4848.0000,1,1,1,1,1,6,1,1,1,2
SF,IC2006,2019-12-09 09:31:08.600,4841.8000,22179,0,164738800.000,0,-,-,-,-,4841.8000,4841.6000,4841.2000,4841.0000,4840.4000,4843.0000,4843.2000,4843.6000,4844.8000,4845.4000,1,1,1,1,1,1,6,1,1,1
SF,IC2006,2019-12-09 09:31:09.100,4841.8000,22179,0,165707160.000,1,0,1,多换,S,4841.6000,4841.2000,4841.0000,4840.4000,4840.0000,4842.0000,4843.0000,4843.2000,4843.6000,4844.8000,1,1,1,1,10,1,1,6,1,1
SF,IC2006,2019-12-09 09:31:09.600,4842.0000,22179,0,166675560.000,1,0,1,多换,S,4842.0000,4841.8000,4841.6000,4841.2000,4841.0000,4843.0000,4843.2000,4843.6000,4844.8000,4845.4000,1,1,1,1,1,1,6,1,1,1
SF,IC2006,2019-12-09 09:31:10.100,4843.0000,22179,0,167644160.000,1,0,1,多换,S,4841.8000,4841.6000,4841.2000,4841.0000,4840.4000,4843.2000,4843.6000,4844.8000,4845.4000,4848.0000,1,1,1,1,1,6,1,1,1,2
SF,IC2006,2019-12-09 09:31:10.600,4843.0000,22179,0,167644160.000,0,-,-,-,-,4842.0000,4841.8000,4841.6000,4841.2000,4841.0000,4842.2000,4843.2000,4843.6000,4844.8000,4845.4000,1,1,1,1,1,1,6,1,1,1
SF,IC2006,2019-12-09 09:31:11.100,4842.2000,22179,0,168612600.000,1,0,1,多换,S,4842.2000,4842.0000,4841.8000,4841.6000,4841.2000,4843.2000,4843.6000,4844.8000,4845.4000,4848.0000,1,1,1,1,1,6,1,1,1,2
SF,IC2006,2019-12-09 09:31:11.600,4842.8000,22177,-2,171518360.000,3,0,3,多平,S,4842.6000,4842.2000,4842.0000,4841.8000,4841.6000,4843.2000,4843.6000,4844.8000,4845.4000,4848.0000,2,1,1,1,1,5,1,1,1,2
SF,IC2006,2019-12-09 09:31:12.100,4841.8000,22175,-2,174423560.000,3,0,3,多平,S,4841.6000,4841.2000,4841.0000,4840.4000,4840.0000,4842.6000,4843.2000,4843.6000,4844.8000,4845.4000,1,1,1,1,10,1,5,1,1,1
SF,IC2006,2019-12-09 09:31:12.600,4841.8000,22175,0,174423560.000,0,-,-,-,-,4841.8000,4841.6000,4841.2000,4841.0000,4840.4000,4842.0000,4842.4000,4842.6000,4843.2000,4843.6000,1,1,1,1,1,1,1,2,5,1
SF,IC2006,2019-12-09 09:31:13.100,4842.0000,22174,-1,175391960.000,1,0,1,双平,S,4841.8000,4841.6000,4841.2000,4841.0000,4840.4000,4842.6000,4843.2000,4843.6000,4844.8000,4845.4000,1,1,1,1,1,2,5,1,1,1
SF,IC2006,2019-12-09 09:31:13.600,4842.0000,22174,0,175391960.000,0,-,-,-,-,4841.8000,4841.6000,4841.2000,4841.0000,4840.4000,4842.6000,4843.2000,4843.6000,4844.8000,4845.4000,1,1,1,1,1,2,5,1,1,1
SF,IC2006,2019-12-09 09:31:14.600,4841.8000,22171,-3,178297040.000,3,0,3,双平,S,4841.6000,4841.2000,4841.0000,4840.4000,4840.0000,4841.8000,4842.0000,4842.6000,4843.2000,4843.6000,1,1,1,1,10,1,1,2,5,1
SF,IC2006,2019-12-09 09:31:15.100,4842.0000,22169,-2,180233800.000,2,0,2,双平,S,4841.8000,4841.6000,4841.2000,4841.0000,4840.4000,4842.6000,4843.2000,4843.6000,4844.8000,4845.4000,1,1,1,1,1,1,5,1,1,1
SF,IC2006,2019-12-09 09:31:15.600,4841.6000,22170,1,181202120.000,1,1,0,双开,S,4841.2000,4841.0000,4840.4000,4840.0000,4838.8000,4841.8000,4842.6000,4843.2000,4843.6000,4844.8000,1,1,1,10,1,1,1,5,1,1
SF,IC2006,2019-12-09 09:31:16.100,4841.6000,22170,0,181202120.000,0,-,-,-,-,4841.2000,4841.0000,4840.4000,4840.0000,4838.8000,4841.8000,4842.6000,4843.2000,4843.6000,4844.8000,1,1,1,10,1,2,1,5,1,1
SF,IC2006,2019-12-09 09:31:16.600,4841.6000,22170,0,181202120.000,0,-,-,-,-,4841.2000,4841.0000,4840.4000,4840.0000,4838.8000,4841.8000,4842.6000,4843.2000,4843.6000,4844.8000,1,1,1,10,1,5,1,5,1,1
SF,IC2006,2019-12-09 09:31:17.100,4841.0000,22170,0,183138560.000,2,1,1,多换,S,4840.4000,4840.0000,4838.8000,4836.8000,4833.2000,4841.2000,4841.8000,4842.6000,4843.2000,4843.6000,1,10,1,1,1,1,5,1,5,1
SF,IC2006,2019-12-09 09:31:17.600,4841.0000,22170,0,183138560.000,0,-,-,-,-,4840.4000,4840.0000,4838.8000,4836.8000,4833.2000,4841.2000,4841.8000,4842.6000,4843.2000,4844.8000,1,10,1,1,1,1,5,1,5,1
SF,IC2006,2019-12-09 09:31:18.100,4841.8000,22170,0,184106920.000,1,0,1,多换,S,4840.8000,4840.6000,4840.4000,4840.0000,4838.8000,4841.8000,4842.0000,4842.6000,4843.2000,4844.8000,1,1,1,10,1,4,2,1,5,1
SF,IC2006,2019-12-09 09:31:18.600,4841.8000,22170,0,184106920.000,0,-,-,-,-,4840.8000,4840.6000,4840.4000,4840.0000,4838.8000,4841.8000,4842.0000,4842.6000,4843.2000,4844.8000,1,1,1,10,1,4,2,1,5,1
SF,IC2006,2019-12-09 09:31:19.100,4841.2000,22170,0,185075160.000,1,0,1,多换,S,4840.6000,4840.4000,4840.0000,4838.8000,4836.8000,4841.8000,4842.0000,4842.6000,4843.2000,4844.8000,1,1,10,1,1,4,2,1,5,1
SF,IC2006,2019-12-09 09:31:19.600,4841.2000,22170,0,185075160.000,0,-,-,-,-,4841.2000,4840.6000,4840.4000,4840.0000,4838.8000,4841.8000,4842.0000,4842.6000,4843.2000,4844.8000,1,1,1,10,1,4,2,1,5,1
SF,IC2006,2019-12-09 09:31:20.100,4841.2000,22170,0,186043400.000,1,0,1,多换,S,4840.6000,4840.4000,4840.0000,4838.8000,4836.8000,4841.8000,4842.0000,4842.6000,4843.2000,4844.8000,1,1,10,1,1,4,2,1,5,1
SF,IC2006,2019-12-09 09:31:21.100,4841.8000,22169,-1,188948480.000,3,1,2,多平,S,4840.6000,4840.4000,4840.0000,4838.8000,4836.8000,4841.8000,4842.0000,4842.6000,4843.2000,4844.8000,1,1,10,1,1,1,2,1,5,1
SF,IC2006,2019-12-09 09:31:21.600,4841.8000,22169,0,188948480.000,0,-,-,-,-,4840.6000,4840.4000,4840.0000,4838.8000,4836.8000,4840.8000,4841.8000,4842.0000,4842.6000,4843.2000,1,1,10,1,1,1,1,2,1,5
SF,IC2006,2019-12-09 09:31:22.100,4840.8000,22170,1,189916640.000,1,1,0,双开,S,4841.4000,4840.8000,4840.6000,4840.4000,4840.0000,4841.8000,4842.0000,4842.6000,4843.2000,4844.8000,1,4,1,1,10,1,2,1,5,1
SF,IC2006,2019-12-09 09:31:22.600,4841.8000,22170,0,190885000.000,1,0,1,多换,S,4841.4000,4840.8000,4840.6000,4840.4000,4840.0000,4842.0000,4842.6000,4843.2000,4844.8000,4845.4000,1,2,2,1,10,2,1,5,1,1
SF,IC2006,2019-12-09 09:31:23.100,4841.6000,22171,1,191853320.000,1,1,0,双开,S,4840.8000,4840.6000,4840.4000,4840.0000,4838.8000,4842.0000,4842.6000,4843.2000,4844.8000,4845.4000,2,1,1,10,1,2,1,5,1,1
SF,IC2006,2019-12-09 09:31:23.600,4840.8000,22171,0,192821480.000,1,0,1,多换,S,4840.6000,4840.4000,4840.0000,4838.8000,4836.8000,4841.8000,4842.0000,4842.6000,4843.2000,4844.8000,1,1,10,1,1,1,2,1,5,1
SF,IC2006,2019-12-09 09:31:24.100,4840.8000,22171,0,192821480.000,0,-,-,-,-,4840.6000,4840.4000,4840.0000,4836.8000,4833.2000,4841.8000,4842.0000,4842.6000,4843.2000,4844.8000,1,1,10,1,1,1,2,1,5,1
SF,IC2006,2019-12-09 09:31:24.600,4840.8000,22171,0,192821480.000,0,-,-,-,-,4840.6000,4840.4000,4840.0000,4836.8000,4833.2000,4841.8000,4842.0000,4842.6000,4843.2000,4844.8000,1,1,10,1,1,1,2,1,5,1
SF,IC2006,2019-12-09 09:31:25.100,4840.8000,22171,0,193789640.000,1,0,1,多换,S,4840.6000,4840.4000,4840.0000,4836.8000,4833.2000,4841.8000,4842.0000,4842.6000,4843.2000,4844.8000,5,1,10,1,1,1,2,1,5,1
SF,IC2006,2019-12-09 09:31:27.100,4841.8000,22171,0,194758000.000,1,0,1,多换,S,4840.6000,4840.4000,4840.0000,4836.8000,4833.2000,4842.0000,4842.6000,4843.2000,4844.8000,4845.4000,5,1,10,1,1,2,1,5,1,1
SF,IC2006,2019-12-09 09:31:27.600,4841.8000,22171,0,194758000.000,0,-,-,-,-,4840.8000,4840.6000,4840.4000,4840.0000,4836.8000,4841.0000,4842.0000,4842.6000,4843.2000,4844.8000,2,5,1,10,1,1,2,1,5,1
SF,IC2006,2019-12-09 09:31:28.100,4840.8000,22166,-5,200567120.000,6,0,6,多平,S,4840.6000,4840.4000,4840.0000,4836.8000,4833.2000,4842.0000,4842.6000,4843.2000,4844.8000,4845.4000,5,1,10,1,1,2,1,5,1,1
SF,IC2006,2019-12-09 09:31:28.600,4840.6000,22165,-1,206375880.000,6,2,4,多平,S,4840.4000,4840.0000,4836.8000,4833.2000,4831.0000,4840.6000,4841.8000,4842.0000,4842.6000,4843.2000,1,10,1,1,1,13,1,2,1,5
SF,IC2006,2019-12-09 09:31:29.100,4840.4000,22165,0,208312080.000,2,1,1,多换,S,4840.0000,4836.8000,4833.2000,4831.0000,4828.8000,4840.6000,4841.8000,4842.0000,4842.6000,4843.2000,10,1,1,1,5,12,1,2,1,5
SF,IC2006,2019-12-09 09:31:29.600,4840.4000,22165,0,208312080.000,0,-,-,-,-,4840.2000,4840.0000,4836.8000,4836.4000,4833.2000,4840.6000,4841.8000,4842.0000,4842.6000,4843.2000,1,10,1,1,1,13,1,2,1,5
SF,IC2006,2019-12-09 09:31:30.100,4840.6000,22164,-1,209280200.000,1,0,1,双平,S,4840.2000,4840.0000,4836.8000,4836.4000,4833.2000,4840.6000,4841.8000,4842.0000,4842.6000,4843.2000,1,10,1,1,1,12,1,2,1,5
SF,IC2006,2019-12-09 09:31:30.600,4840.6000,22164,0,209280200.000,0,-,-,-,-,4840.2000,4840.0000,4836.8000,4836.4000,4833.2000,4840.6000,4841.8000,4842.0000,4842.6000,4843.2000,1,10,1,1,1,12,1,2,1,5
SF,IC2006,2019-12-09 09:31:31.100,4840.6000,22164,0,210248320.000,1,0,1,多换,S,4840.2000,4840.0000,4836.8000,4836.4000,4833.2000,4840.6000,4841.8000,4842.0000,4842.6000,4843.2000,1,10,1,1,1,12,1,2,1,5
SF,IC2006,2019-12-09 09:31:31.600,4840.6000,22164,0,210248320.000,0,-,-,-,-,4840.2000,4840.0000,4836.8000,4836.4000,4833.2000,4840.6000,4841.8000,4842.0000,4842.6000,4843.2000,1,10,1,1,1,12,1,2,1,5
SF,IC2006,2019-12-09 09:31:32.100,4840.6000,22162,-2,220896600.000,11,4,7,多平,S,4840.0000,4836.8000,4836.4000,4833.2000,4831.0000,4840.6000,4841.8000,4842.0000,4842.6000,4843.2000,2,1,1,1,1,11,1,2,1,5
SF,IC2006,2019-12-09 09:31:32.600,4840.0000,22162,0,222832600.000,2,1,1,多换,S,4836.8000,4836.4000,4833.2000,4831.0000,4828.8000,4840.0000,4840.6000,4841.8000,4842.0000,4842.6000,1,1,1,1,5,2,11,1,2,1
SF,IC2006,2019-12-09 09:31:33.100,4840.0000,22160,-2,225736600.000,3,0,3,多平,S,4837.4000,4837.0000,4836.8000,4836.4000,4833.2000,4840.0000,4840.6000,4841.8000,4842.0000,4843.2000,1,1,1,1,1,1,11,1,2,5
SF,IC2006,2019-12-09 09:31:33.600,4840.0000,22160,0,225736600.000,0,-,-,-,-,4837.6000,4837.4000,4836.8000,4833.2000,4833.0000,4840.0000,4840.6000,4841.8000,4842.0000,4843.2000,1,1,1,1,1,1,11,1,2,5
SF,IC2006,2019-12-09 09:31:34.100,4840.6000,22161,1,227672720.000,2,1,1,空开,S,4837.6000,4837.4000,4836.8000,4833.2000,4833.0000,4840.6000,4841.8000,4842.0000,4843.2000,4844.6000,2,1,1,1,1,10,1,2,5,1
SF,IC2006,2019-12-09 09:31:34.600,4840.6000,22161,0,227672720.000,0,-,-,-,-,4837.8000,4837.6000,4837.4000,4836.8000,4836.0000,4839.6000,4840.4000,4840.6000,4841.8000,4842.0000,1,2,1,1,1,2,1,10,1,2
SF,IC2006,2019-12-09 09:31:35.100,4839.6000,22160,-1,229608560.000,2,0,2,多平,S,4838.0000,4837.8000,4837.6000,4837.4000,4837.2000,4840.6000,4841.8000,4842.0000,4843.2000,4844.6000,1,1,1,1,1,10,1,2,5,1
SF,IC2006,2019-12-09 09:31:35.600,4839.6000,22160,0,229608560.000,0,-,-,-,-,4838.2000,4838.0000,4837.8000,4837.6000,4837.4000,4839.6000,4840.6000,4841.8000,4842.0000,4843.2000,1,1,1,1,1,1,10,1,2,5
SF,IC2006,2019-12-09 09:31:36.100,4839.6000,22160,0,229608560.000,0,-,-,-,-,4838.4000,4838.2000,4837.8000,4837.6000,4837.4000,4839.6000,4840.6000,4841.8000,4842.0000,4843.2000,1,1,1,1,1,1,10,1,2,5
SF,IC2006,2019-12-09 09:31:36.600,4839.6000,22160,0,229608560.000,0,-,-,-,-,4838.4000,4838.2000,4837.8000,4837.6000,4837.4000,4839.6000,4840.2000,4840.6000,4841.8000,4842.0000,1,1,1,1,1,1,1,10,1,2
SF,IC2006,2019-12-09 09:31:37.100,4839.6000,22159,-1,231544160.000,2,0,2,多平,S,4838.2000,4837.8000,4837.4000,4837.2000,4836.8000,4840.2000,4840.6000,4841.8000,4842.0000,4843.2000,1,1,1,1,1,1,10,1,2,5
SF,IC2006,2019-12-09 09:31:37.600,4839.6000,22159,0,231544160.000,0,-,-,-,-,4838.6000,4838.4000,4838.2000,4837.4000,4837.2000,4840.0000,4840.2000,4840.6000,4841.8000,4842.0000,1,1,1,1,1,1,1,10,1,2
SF,IC2006,2019-12-09 09:31:38.100,4838.6000,22158,-1,232511880.000,1,0,1,双平,S,4838.4000,4838.2000,4837.4000,4837.2000,4836.8000,4840.0000,4840.2000,4840.6000,4841.8000,4842.0000,1,1,1,1,1,1,1,10,1,2
SF,IC2006,2019-12-09 09:31:38.600,4838.6000,22158,0,232511880.000,0,-,-,-,-,4837.4000,4837.2000,4836.8000,4836.0000,4833.2000,4840.0000,4840.2000,4840.6000,4841.8000,4842.0000,1,1,1,1,1,1,1,10,1,2
SF,IC2006,2019-12-09 09:31:39.100,4838.6000,22158,0,232511880.000,0,-,-,-,-,4837.6000,4837.4000,4837.2000,4836.8000,4836.0000,4839.8000,4840.0000,4840.2000,4840.6000,4841.8000,1,1,1,1,1,1,1,1,10,1
SF,IC2006,2019-12-09 09:31:39.600,4838.6000,22158,0,232511880.000,0,-,-,-,-,4837.4000,4837.2000,4836.8000,4836.0000,4833.2000,4839.6000,4839.8000,4840.2000,4840.6000,4841.8000,1,1,1,1,1,1,1,1,10,1
SF,IC2006,2019-12-09 09:31:40.100,4838.6000,22158,0,232511880.000,0,-,-,-,-,4837.4000,4837.2000,4836.0000,4833.2000,4832.4000,4839.4000,4839.6000,4839.8000,4840.2000,4840.6000,1,1,1,1,1,1,2,1,1,10
SF,IC2006,2019-12-09 09:31:40.600,4838.6000,22158,0,232511880.000,0,-,-,-,-,4837.4000,4837.2000,4836.0000,4833.2000,4832.4000,4838.4000,4839.2000,4839.4000,4839.6000,4839.8000,1,1,1,1,1,1,1,1,1,1
SF,IC2006,2019-12-09 09:31:41.100,4838.6000,22158,0,232511880.000,0,-,-,-,-,4837.4000,4837.2000,4836.0000,4833.2000,4832.4000,4837.6000,4838.4000,4839.2000,4839.4000,4839.6000,1,1,1,1,1,1,1,1,1,1
SF,IC2006,2019-12-09 09:31:41.600,4838.4000,22158,0,234447080.000,2,1,1,多换,S,4838.8000,4838.4000,4837.4000,4837.2000,4833.2000,4839.2000,4839.4000,4839.6000,4840.2000,4840.6000,1,2,2,1,1,1,1,1,1,10
SF,IC2006,2019-12-09 09:31:42.100,4839.0000,22158,0,235414880.000,1,0,1,多换,S,4838.4000,4837.4000,4837.2000,4835.6000,4833.2000,4839.2000,4839.6000,4840.2000,4840.6000,4841.8000,2,2,1,1,1,1,1,1,10,1
SF,IC2006,2019-12-09 09:31:42.600,4839.0000,22158,0,235414880.000,0,-,-,-,-,4837.4000,4837.2000,4835.6000,4833.2000,4832.4000,4839.2000,4840.2000,4840.6000,4841.8000,4842.0000,1,1,1,1,1,1,1,10,1,2
SF,IC2006,2019-12-09 09:31:43.100,4839.0000,22158,0,235414880.000,0,-,-,-,-,4837.4000,4837.2000,4835.6000,4833.2000,4832.4000,4839.2000,4840.2000,4840.6000,4841.8000,4843.2000,1,1,1,1,1,1,1,10,1,5
SF,IC2006,2019-12-09 09:31:43.600,4839.0000,22158,0,235414880.000,0,-,-,-,-,4837.4000,4837.2000,4835.6000,4833.2000,4832.4000,4838.2000,4839.2000,4840.2000,4840.6000,4841.8000,1,1,1,1,1,1,1,1,10,1
SF,IC2006,2019-12-09 09:31:44.100,4837.4000,22157,-1,236382360.000,1,0,1,双平,S,4837.2000,4833.2000,4832.4000,4832.0000,4831.0000,4838.0000,4838.2000,4840.2000,4840.6000,4841.8000,1,1,1,1,1,1,1,1,10,1
SF,IC2006,2019-12-09 09:31:44.600,4837.4000,22157,0,237349840.000,1,0,1,多换,S,4837.2000,4834.4000,4833.2000,4832.4000,4832.0000,4838.0000,4838.2000,4840.2000,4840.6000,4841.8000,1,1,1,1,1,1,1,1,10,1
SF,IC2006,2019-12-09 09:31:45.100,4837.2000,22158,1,238317280.000,1,1,0,双开,S,4834.4000,4833.2000,4832.4000,4832.0000,4831.0000,4838.0000,4838.2000,4840.2000,4840.6000,4841.8000,1,1,1,1,1,1,1,1,10,1
SF,IC2006,2019-12-09 09:31:45.600,4837.2000,22158,0,238317280.000,0,-,-,-,-,4834.6000,4834.4000,4833.2000,4832.4000,4832.0000,4837.2000,4837.8000,4838.0000,4838.2000,4840.2000,1,1,1,1,1,1,1,1,1,1
SF,IC2006,2019-12-09 09:31:46.100,4837.2000,22158,0,238317280.000,0,-,-,-,-,4834.6000,4833.2000,4832.4000,4832.0000,4831.0000,4837.0000,4837.2000,4837.8000,4840.2000,4840.6000,1,1,1,1,1,1,1,1,1,10
SF,IC2006,2019-12-09 09:31:46.600,4837.2000,22159,1,239284720.000,1,1,0,双开,S,4833.2000,4832.0000,4831.8000,4831.0000,4828.8000,4837.0000,4837.2000,4837.8000,4840.2000,4840.6000,1,1,1,1,5,1,1,1,1,10
SF,IC2006,2019-12-09 09:31:47.100,4837.2000,22159,0,239284720.000,0,-,-,-,-,4834.8000,4833.4000,4833.2000,4832.0000,4831.8000,4837.0000,4837.2000,4840.2000,4840.6000,4841.8000,1,1,1,1,1,1,1,1,10,1
SF,IC2006,2019-12-09 09:31:47.600,4837.2000,22159,0,239284720.000,0,-,-,-,-,4834.8000,4833.4000,4833.2000,4832.0000,4831.8000,4837.0000,4837.2000,4840.2000,4840.6000,4841.8000,1,1,1,1,1,1,1,1,10,1
SF,IC2006,2019-12-09 09:31:48.100,4835.0000,22158,-1,240251720.000,1,0,1,双平,S,4834.8000,4833.2000,4832.0000,4831.8000,4831.0000,4837.0000,4840.2000,4840.6000,4841.8000,4843.2000,1,1,1,1,1,1,1,10,1,5
SF,IC2006,2019-12-09 09:31:48.600,4836.0000,22159,1,241218920.000,1,1,0,双开,S,4834.8000,4833.2000,4832.0000,4831.8000,4831.0000,4836.8000,4837.0000,4840.2000,4840.6000,4841.8000,1,1,1,1,1,1,1,1,10,1
SF,IC2006,2019-12-09 09:31:49.100,4836.8000,22157,-2,243153640.000,2,0,2,双平,S,4837.0000,4834.8000,4833.2000,4832.0000,4831.8000,4840.2000,4840.6000,4841.8000,4843.2000,4844.4000,1,1,1,1,1,1,10,1,5,1
SF,IC2006,2019-12-09 09:31:49.600,4836.8000,22157,0,243153640.000,0,-,-,-,-,4837.2000,4834.8000,4833.2000,4832.0000,4831.8000,4839.2000,4840.0000,4840.2000,4840.6000,4841.8000,1,1,1,1,1,1,2,1,10,1
SF,IC2006,2019-12-09 09:31:50.100,4837.2000,22156,-1,244121080.000,1,0,1,双平,S,4835.2000,4834.8000,4833.2000,4832.0000,4831.0000,4839.2000,4840.2000,4840.6000,4841.8000,4843.2000,1,1,1,1,1,1,1,10,1,5
SF,IC2006,2019-12-09 09:31:50.600,4837.2000,22156,0,244121080.000,0,-,-,-,-,4837.4000,4835.4000,4835.2000,4834.8000,4833.2000,4839.0000,4839.2000,4840.2000,4840.6000,4841.8000,1,2,1,1,1,1,1,1,10,1
SF,IC2006,2019-12-09 09:31:51.100,4837.2000,22155,-1,245088520.000,1,0,1,双平,S,4835.4000,4835.2000,4834.8000,4834.6000,4833.2000,4839.0000,4839.2000,4840.2000,4840.6000,4841.8000,2,1,1,1,1,1,1,1,10,1
SF,IC2006,2019-12-09 09:31:51.600,4837.2000,22155,0,245088520.000,0,-,-,-,-,4836.2000,4835.4000,4835.2000,4834.6000,4833.2000,4839.0000,4839.2000,4840.2000,4840.6000,4841.8000,1,2,1,1,1,1,1,1,10,1
SF,IC2006,2019-12-09 09:31:52.100,4837.2000,22155,0,245088520.000,0,-,-,-,-,4836.2000,4835.4000,4835.2000,4834.6000,4833.2000,4838.8000,4839.0000,4839.2000,4840.2000,4840.6000,1,1,1,1,1,2,1,1,1,10
SF,IC2006,2019-12-09 09:31:52.600,4838.8000,22153,-2,247024000.000,2,0,2,双平,S,4836.2000,4835.4000,4835.2000,4834.6000,4833.2000,4839.2000,4840.2000,4840.6000,4841.8000,4843.2000,1,1,1,1,1,1,1,10,1,5
SF,IC2006,2019-12-09 09:31:53.100,4836.4000,22152,-1,247991280.000,1,0,1,双平,S,4836.2000,4835.4000,4835.2000,4834.6000,4833.2000,4839.0000,4839.2000,4840.2000,4840.6000,4841.8000,1,1,1,1,1,1,1,1,10,1
SF,IC2006,2019-12-09 09:31:53.600,4836.4000,22152,0,247991280.000,0,-,-,-,-,4836.2000,4835.4000,4835.2000,4834.6000,4833.2000,4839.0000,4839.2000,4840.2000,4840.6000,4841.8000,1,1,1,1,1,2,1,1,10,1
SF,IC2006,2019-12-09 09:31:54.100,4839.0000,22150,-2,250894640.000,3,0,3,多平,S,4836.2000,4835.4000,4835.2000,4834.6000,4833.2000,4839.2000,4840.2000,4840.6000,4841.8000,4843.2000,1,1,1,1,1,1,1,1,1,5
SF,IC2006,2019-12-09 09:31:54.600,4839.0000,22150,0,250894640.000,0,-,-,-,-,4836.4000,4836.2000,4835.4000,4835.2000,4834.6000,4839.0000,4839.2000,4840.2000,4840.6000,4841.8000,1,1,1,1,1,1,1,1,1,1
SF,IC2006,2019-12-09 09:31:55.100,4839.0000,22150,0,250894640.000,0,-,-,-,-,4836.4000,4836.2000,4835.6000,4835.4000,4835.2000,4839.0000,4839.2000,4840.2000,4840.6000,4841.8000,1,1,1,1,1,1,1,1,1,1
SF,IC2006,2019-12-09 09:31:55.600,4836.4000,22149,-1,251861920.000,1,0,1,双平,S,4836.0000,4835.6000,4835.4000,4835.2000,4834.6000,4836.4000,4838.8000,4839.0000,4839.2000,4840.2000,1,1,1,1,1,1,1,1,1,1
SF,IC2006,2019-12-09 09:31:56.100,4836.4000,22147,-2,253796480.000,2,0,2,双平,S,4836.4000,4836.0000,4835.6000,4835.4000,4835.2000,4838.8000,4839.0000,4840.2000,4840.6000,4841.8000,1,1,1,1,1,1,1,1,1,1
SF,IC2006,2019-12-09 09:31:56.600,4836.4000,22147,0,253796480.000,0,-,-,-,-,4836.0000,4835.6000,4835.4000,4835.2000,4834.6000,4837.8000,4838.6000,4838.8000,4840.2000,4840.6000,1,1,1,1,1,1,2,1,1,1
SF,IC2006,2019-12-09 09:31:57.100,4836.4000,22147,0,253796480.000,0,-,-,-,-,4836.0000,4835.6000,4835.4000,4835.2000,4834.6000,4837.6000,4837.8000,4838.6000,4838.8000,4840.2000,1,1,1,1,1,1,1,2,1,1
SF,IC2006,2019-12-09 09:31:57.600,4836.4000,22147,0,253796480.000,0,-,-,-,-,4836.2000,4836.0000,4835.6000,4835.4000,4834.6000,4837.6000,4837.8000,4838.6000,4838.8000,4840.2000,1,1,1,1,1,2,1,2,1,1
SF,IC2006,2019-12-09 09:31:58.100,4836.4000,22147,0,253796480.000,0,-,-,-,-,4836.0000,4835.6000,4835.4000,4834.6000,4833.2000,4837.6000,4837.8000,4838.8000,4840.2000,4840.6000,2,1,1,1,1,2,1,1,1,1
SF,IC2006,2019-12-09 09:31:58.600,4836.4000,22147,0,253796480.000,0,-,-,-,-,4836.4000,4836.0000,4835.6000,4835.4000,4834.6000,4837.4000,4837.6000,4837.8000,4838.8000,4840.2000,1,2,1,1,1,1,2,1,1,1
SF,IC2006,2019-12-09 09:31:59.100,4836.4000,22146,-1,254763760.000,1,0,1,双平,S,4836.0000,4835.6000,4835.4000,4834.6000,4833.2000,4837.2000,4837.4000,4837.8000,4838.8000,4840.2000,2,1,1,1,1,1,1,1,1,1
SF,IC2006,2019-12-09 09:31:59.600,4836.4000,22146,0,254763760.000,0,-,-,-,-,4836.0000,4835.6000,4835.4000,4834.6000,4833.2000,4837.2000,4837.4000,4837.8000,4840.2000,4840.6000,2,1,1,1,1,1,1,1,1,1
SF,IC2006,2019-12-09 09:32:00.100,4836.4000,22146,0,254763760.000,0,-,-,-,-,4836.2000,4836.0000,4835.6000,4835.4000,4834.6000,4836.4000,4837.2000,4837.4000,4837.8000,4840.2000,1,2,1,1,1,1,1,1,1,1
SF,IC2006,2019-12-09 09:32:00.600,4837.4000,22144,-2,256698520.000,2,0,2,双平,S,4837.2000,4836.4000,4836.2000,4836.0000,4835.6000,4839.4000,4840.2000,4840.6000,4841.8000,4843.2000,1,1,2,2,1,2,1,1,1,5
SF,IC2006,2019-12-09 09:32:01.100,4837.4000,22144,0,256698520.000,0,-,-,-,-,4837.4000,4837.2000,4836.2000,4836.0000,4835.6000,4838.4000,4839.2000,4839.4000,4840.2000,4840.6000,3,1,1,2,1,1,1,2,1,1
SF,IC2006,2019-12-09 09:32:01.600,4837.4000,22143,-1,257666000.000,1,0,1,双平,S,4837.4000,4837.2000,4836.6000,4836.2000,4836.0000,4838.4000,4839.2000,4839.4000,4840.2000,4840.6000,2,1,1,1,2,1,2,2,1,1
SF,IC2006,2019-12-09 09:32:02.100,4838.4000,22143,0,258633680.000,1,0,1,多换,S,4837.4000,4837.2000,4836.6000,4836.2000,4836.0000,4839.2000,4839.4000,4840.2000,4840.6000,4841.8000,2,1,1,1,2,2,2,1,1,1
SF,IC2006,2019-12-09 09:32:02.600,4838.4000,22143,0,258633680.000,0,-,-,-,-,4837.6000,4837.4000,4837.2000,4836.2000,4836.0000,4839.2000,4839.4000,4840.2000,4840.6000,4841.8000,1,2,1,1,2,2,2,1,1,1
SF,IC2006,2019-12-09 09:32:03.100,4838.4000,22143,0,258633680.000,0,-,-,-,-,4837.6000,4837.4000,4837.2000,4836.2000,4836.0000,4838.2000,4839.2000,4839.4000,4840.2000,4840.6000,1,2,1,1,2,1,2,2,1,1
SF,IC2006,2019-12-09 09:32:03.600,4837.6000,22142,-1,259601200.000,1,0,1,双平,S,4837.4000,4837.2000,4836.2000,4836.0000,4835.6000,4838.2000,4839.2000,4839.4000,4840.2000,4840.6000,2,1,1,2,1,1,2,2,1,1
SF,IC2006,2019-12-09 09:32:04.100,4838.2000,22143,1,260568840.000,1,1,0,双开,S,4837.4000,4837.2000,4836.2000,4836.0000,4835.6000,4839.2000,4839.4000,4840.2000,4840.6000,4841.8000,2,1,1,2,1,1,2,1,1,1
SF,IC2006,2019-12-09 09:32:04.600,4838.2000,22143,0,260568840.000,0,-,-,-,-,4837.4000,4837.2000,4836.2000,4836.0000,4835.6000,4839.2000,4839.4000,4840.2000,4840.6000,4841.8000,2,1,1,2,1,1,2,1,1,1
SF,IC2006,2019-12-09 09:32:05.100,4838.2000,22143,0,260568840.000,0,-,-,-,-,4837.4000,4837.2000,4836.2000,4836.0000,4835.6000,4838.2000,4839.0000,4839.2000,4839.4000,4840.2000,2,1,1,2,1,1,1,1,2,1
SF,IC2006,2019-12-09 09:32:05.600,4838.2000,22144,1,261536480.000,1,1,0,双开,S,4837.4000,4837.2000,4836.2000,4836.0000,4835.6000,4839.0000,4839.2000,4839.4000,4840.2000,4840.6000,2,1,1,2,1,2,1,2,1,1
SF,IC2006,2019-12-09 09:32:06.100,4838.2000,22144,0,261536480.000,0,-,-,-,-,4837.4000,4837.2000,4836.2000,4836.0000,4835.6000,4838.8000,4839.0000,4839.4000,4840.2000,4840.6000,2,1,1,2,1,1,1,2,1,1
SF,IC2006,2019-12-09 09:32:06.600,4838.2000,22144,0,261536480.000,0,-,-,-,-,4837.6000,4837.4000,4837.2000,4836.2000,4836.0000,4838.8000,4839.0000,4839.4000,4840.2000,4841.8000,1,3,1,1,2,1,1,2,1,1
SF,IC2006,2019-12-09 09:32:07.100,4838.2000,22144,0,261536480.000,0,-,-,-,-,4837.6000,4837.4000,4837.2000,4836.2000,4836.0000,4839.0000,4839.4000,4840.2000,4841.8000,4843.2000,1,3,1,1,2,1,2,1,1,5
SF,IC2006,2019-12-09 09:32:07.600,4838.2000,22144,0,261536480.000,0,-,-,-,-,4838.0000,4837.6000,4837.4000,4837.2000,4836.2000,4839.4000,4840.2000,4841.8000,4843.2000,4844.4000,1,1,3,1,1,2,1,1,5,1
SF,IC2006,2019-12-09 09:32:08.100,4838.2000,22144,0,261536480.000,0,-,-,-,-,4838.0000,4837.6000,4837.4000,4837.2000,4836.2000,4839.2000,4839.4000,4840.2000,4841.8000,4843.2000,1,1,3,1,1,1,2,1,1,5
SF,IC2006,2019-12-09 09:32:08.600,4838.2000,22144,0,261536480.000,0,-,-,-,-,4839.0000,4838.0000,4837.6000,4837.4000,4837.2000,4839.2000,4839.4000,4840.2000,4841.8000,4843.2000,2,1,1,3,1,1,2,1,1,5
SF,IC2006,2019-12-09 09:32:09.100,4839.2000,22143,-1,262504320.000,1,0,1,双平,S,4839.0000,4838.0000,4837.6000,4837.4000,4837.2000,4839.4000,4840.2000,4841.8000,4843.2000,4844.4000,2,1,1,3,1,2,1,1,5,1
SF,IC2006,2019-12-09 09:32:09.600,4839.0000,22142,-1,264439920.000,2,0,2,多平,S,4838.0000,4837.6000,4837.4000,4837.2000,4836.2000,4838.8000,4839.4000,4840.2000,4841.8000,4843.2000,1,1,3,1,1,1,2,1,1,5
SF,IC2006,2019-12-09 09:32:10.100,4838.8000,22143,1,265407680.000,1,1,0,双开,S,4838.8000,4838.2000,4838.0000,4837.4000,4837.2000,4839.4000,4840.2000,4841.8000,4843.2000,4844.4000,1,1,1,3,1,2,1,1,5,1
SF,IC2006,2019-12-09 09:32:10.600,4838.8000,22144,1,266375440.000,1,1,0,双开,S,4838.2000,4837.4000,4837.2000,4836.2000,4836.0000,4839.4000,4840.2000,4841.8000,4843.2000,4844.4000,1,3,1,1,2,2,1,1,5,1
SF,IC2006,2019-12-09 09:32:11.600,4838.8000,22144,0,266375440.000,0,-,-,-,-,4838.2000,4837.4000,4837.2000,4836.2000,4836.0000,4839.4000,4840.2000,4841.8000,4843.2000,4844.4000,1,3,1,1,1,2,1,1,5,1
SF,IC2006,2019-12-09 09:32:12.100,4839.4000,22143,-1,267343320.000,1,0,1,双平,S,4838.4000,4838.2000,4837.4000,4837.2000,4836.2000,4839.4000,4840.2000,4841.8000,4843.2000,4844.4000,1,1,3,1,1,1,1,1,5,1
SF,IC2006,2019-12-09 09:32:12.600,4839.4000,22142,-1,268311200.000,1,0,1,双平,S,4839.4000,4838.6000,4838.4000,4837.4000,4837.2000,4840.2000,4841.8000,4843.2000,4844.4000,4844.6000,1,1,1,3,1,1,1,5,1,1
SF,IC2006,2019-12-09 09:32:13.100,4839.4000,22142,0,268311200.000,0,-,-,-,-,4838.6000,4838.4000,4837.4000,4837.2000,4836.2000,4839.4000,4840.2000,4841.8000,4843.2000,4844.4000,1,1,3,1,1,1,1,1,5,1
SF,IC2006,2019-12-09 09:32:13.600,4839.4000,22142,0,269279080.000,1,0,1,多换,S,4839.4000,4838.6000,4838.4000,4837.4000,4837.2000,4840.2000,4841.8000,4843.2000,4843.8000,4844.4000,2,1,1,3,1,1,1,5,1,1
SF,IC2006,2019-12-09 09:32:14.100,4839.4000,22142,0,269279080.000,0,-,-,-,-,4839.6000,4839.4000,4838.6000,4837.4000,4837.2000,4840.2000,4841.8000,4843.2000,4843.8000,4844.4000,1,2,1,3,1,1,1,5,1,1
SF,IC2006,2019-12-09 09:32:14.600,4839.4000,22142,0,269279080.000,0,-,-,-,-,4839.4000,4838.6000,4837.4000,4836.2000,4836.0000,4839.6000,4840.2000,4841.8000,4843.2000,4843.8000,3,1,3,1,1,1,1,1,5,1
SF,IC2006,2019-12-09 09:32:15.100,4839.6000,22142,0,270247000.000,1,0,1,多换,S,4839.6000,4839.4000,4838.6000,4837.4000,4836.2000,4840.2000,4841.8000,4843.2000,4843.8000,4844.4000,1,3,1,3,1,1,1,5,1,1
SF,IC2006,2019-12-09 09:32:15.600,4839.6000,22142,0,271214920.000,1,0,1,多换,S,4839.6000,4839.4000,4838.6000,4837.4000,4836.2000,4840.2000,4841.8000,4843.2000,4843.8000,4844.4000,1,3,1,3,1,1,1,5,1,1
SF,IC2006,2019-12-09 09:32:16.100,4840.2000,22143,1,272182960.000,1,1,0,双开,S,4839.4000,4838.6000,4837.4000,4836.2000,4836.0000,4841.8000,4843.2000,4843.8000,4844.4000,4844.6000,3,1,3,1,1,1,5,1,1,1
SF,IC2006,2019-12-09 09:32:16.600,4840.2000,22143,0,272182960.000,0,-,-,-,-,4840.2000,4839.6000,4839.4000,4837.4000,4836.6000,4840.8000,4841.6000,4841.8000,4843.2000,4843.8000,1,1,3,2,1,1,2,1,5,1
SF,IC2006,2019-12-09 09:32:17.100,4840.8000,22143,0,273151120.000,1,0,1,多换,S,4840.4000,4840.2000,4839.6000,4839.4000,4837.4000,4841.6000,4841.8000,4843.2000,4843.8000,4844.4000,1,1,2,3,1,1,1,5,1,1
SF,IC2006,2019-12-09 09:32:17.600,4840.8000,22143,0,273151120.000,0,-,-,-,-,4840.4000,4840.2000,4839.6000,4839.4000,4837.4000,4841.6000,4841.8000,4843.2000,4843.8000,4844.4000,1,1,2,2,1,1,1,5,1,1
SF,IC2006,2019-12-09 09:32:18.100,4840.8000,22143,0,273151120.000,0,-,-,-,-,4840.4000,4840.2000,4839.6000,4839.4000,4837.4000,4840.6000,4841.6000,4841.8000,4843.2000,4843.8000,1,1,2,2,1,1,1,1,5,1
SF,IC2006,2019-12-09 09:32:18.600,4840.4000,22142,-1,274119200.000,1,0,1,双平,S,4840.2000,4839.6000,4839.4000,4837.4000,4836.6000,4840.4000,4840.6000,4841.8000,4843.2000,4843.8000,1,3,2,1,1,8,1,1,5,1
SF,IC2006,2019-12-09 09:32:19.100,4840.4000,22142,0,275087280.000,1,0,1,多换,S,4840.2000,4839.6000,4839.4000,4837.4000,4836.6000,4840.4000,4840.6000,4841.8000,4843.2000,4843.8000,1,3,2,1,1,7,1,1,5,1
SF,IC2006,2019-12-09 09:32:19.600,4840.2000,22141,-1,281863000.000,7,3,4,多平,S,4838.4000,4837.4000,4836.6000,4836.0000,4835.6000,4840.4000,4840.6000,4841.8000,4843.2000,4843.8000,2,1,1,1,1,7,1,1,5,1
SF,IC2006,2019-12-09 09:32:20.100,4840.2000,22141,0,281863000.000,0,-,-,-,-,4838.6000,4838.4000,4837.4000,4836.6000,4836.0000,4840.4000,4840.6000,4841.8000,4843.2000,4843.8000,1,2,1,1,1,7,1,1,5,1
SF,IC2006,2019-12-09 09:32:20.600,4840.4000,22137,-4,285735320.000,4,0,4,双平,S,4838.6000,4838.4000,4837.4000,4836.6000,4836.0000,4840.4000,4840.6000,4841.8000,4843.2000,4843.8000,1,2,1,1,1,4,1,1,5,1
SF,IC2006,2019-12-09 09:32:21.100,4840.4000,22137,0,286703400.000,1,0,1,多换,S,4839.6000,4838.8000,4838.6000,4838.4000,4837.4000,4840.4000,4840.6000,4841.8000,4843.2000,4843.8000,1,1,1,2,1,3,1,1,5,1
SF,IC2006,2019-12-09 09:32:21.600,4840.6000,22134,-3,290575760.000,4,0,4,多平,S,4840.4000,4838.8000,4838.6000,4838.4000,4837.4000,4841.8000,4843.2000,4843.8000,4844.6000,4844.8000,1,1,1,2,1,1,5,1,1,1
SF,IC2006,2019-12-09 09:32:22.100,4840.6000,22134,0,290575760.000,0,-,-,-,-,4840.4000,4838.8000,4838.6000,4838.4000,4837.4000,4840.8000,4841.6000,4841.8000,4843.2000,4843.8000,1,1,1,2,1,1,1,1,5,1
SF,IC2006,2019-12-09 09:32:22.600,4840.6000,22134,0,290575760.000,0,-,-,-,-,4840.4000,4838.8000,4838.6000,4838.4000,4837.4000,4840.8000,4841.6000,4841.8000,4843.2000,4843.8000,1,1,1,2,1,1,1,1,5,1
SF,IC2006,2019-12-09 09:32:23.100,4840.4000,22134,0,291543840.000,1,0,1,多换,S,4838.8000,4838.6000,4838.4000,4837.4000,4836.6000,4840.4000,4840.8000,4841.6000,4841.8000,4843.2000,1,1,2,1,1,1,1,1,1,5
SF,IC2006,2019-12-09 09:32:23.600,4841.8000,22133,-1,294448680.000,3,1,2,多平,S,4841.8000,4839.0000,4838.8000,4838.4000,4837.4000,4843.2000,4843.8000,4844.6000,4844.8000,4845.4000,17,1,1,2,1,5,1,1,1,1
SF,IC2006,2019-12-09 09:32:24.100,4841.8000,22126,-7,302195560.000,8,0,8,多平,S,4841.8000,4839.0000,4838.8000,4838.4000,4837.4000,4843.0000,4843.2000,4843.8000,4844.6000,4844.8000,9,1,1,2,1,1,5,1,1,1
SF,IC2006,2019-12-09 09:32:24.600,4841.8000,22125,-1,304132280.000,2,0,2,多平,S,4841.8000,4839.0000,4838.8000,4838.4000,4837.4000,4842.0000,4843.0000,4843.2000,4843.8000,4844.6000,7,1,1,2,1,1,1,5,1,1
SF,IC2006,2019-12-09 09:32:25.100,4842.0000,22120,-5,311879200.000,8,1,7,多平,S,4839.0000,4838.8000,4838.4000,4837.4000,4836.6000,4843.0000,4843.2000,4843.8000,4844.6000,4844.8000,1,1,2,1,1,1,5,1,1,1
SF,IC2006,2019-12-09 09:32:25.600,4842.0000,22120,0,311879200.000,0,-,-,-,-,4839.2000,4839.0000,4838.8000,4838.4000,4836.6000,4843.0000,4843.2000,4843.8000,4844.6000,4844.8000,1,1,1,2,1,1,5,1,1,1
SF,IC2006,2019-12-09 09:32:26.100,4842.0000,22120,0,311879200.000,0,-,-,-,-,4839.8000,4839.6000,4839.4000,4839.2000,4838.8000,4842.0000,4843.0000,4843.2000,4843.8000,4844.6000,1,1,1,1,1,1,1,5,1,1
SF,IC2006,2019-12-09 09:32:26.600,4842.0000,22120,0,311879200.000,0,-,-,-,-,4840.0000,4839.8000,4839.6000,4838.8000,4838.4000,4841.8000,4842.0000,4843.2000,4843.8000,4844.6000,2,1,2,1,2,1,1,5,1,1
SF,IC2006,2019-12-09 09:32:27.100,4842.0000,22120,0,311879200.000,0,-,-,-,-,4840.0000,4839.8000,4839.6000,4838.8000,4838.4000,4841.8000,4842.0000,4843.2000,4843.8000,4844.6000,3,1,1,1,2,1,1,5,1,1
SF,IC2006,2019-12-09 09:32:27.600,4842.0000,22120,0,311879200.000,0,-,-,-,-,4840.4000,4840.0000,4839.8000,4838.8000,4838.4000,4841.8000,4842.0000,4843.2000,4843.8000,4844.6000,1,3,1,1,2,1,1,5,1,1
SF,IC2006,2019-12-09 09:32:28.100,4842.0000,22120,0,311879200.000,0,-,-,-,-,4840.4000,4840.0000,4839.8000,4838.8000,4838.4000,4841.8000,4842.0000,4843.2000,4843.8000,4844.6000,1,2,1,1,2,1,3,5,1,1
SF,IC2006,2019-12-09 09:32:28.600,4842.0000,22120,0,311879200.000,0,-,-,-,-,4840.4000,4840.0000,4839.8000,4838.4000,4836.6000,4841.8000,4842.0000,4843.2000,4843.8000,4844.6000,1,1,1,2,1,1,3,5,1,1
SF,IC2006,2019-12-09 09:32:29.100,4842.0000,22120,0,311879200.000,0,-,-,-,-,4841.0000,4840.4000,4840.0000,4839.8000,4838.4000,4841.8000,4842.0000,4843.2000,4843.8000,4844.6000,1,1,1,1,2,1,3,5,1,1
SF,IC2006,2019-12-09 09:32:29.600,4842.0000,22120,0,311879200.000,0,-,-,-,-,4841.0000,4840.6000,4840.0000,4839.8000,4838.4000,4841.8000,4842.0000,4843.2000,4843.8000,4844.6000,1,1,1,1,2,1,3,5,1,1
SF,IC2006,2019-12-09 09:32:30.100,4841.0000,22119,-1,312847400.000,1,0,1,双平,S,4840.6000,4839.8000,4838.4000,4836.6000,4835.6000,4841.8000,4842.0000,4843.2000,4843.8000,4844.6000,1,1,2,1,1,2,3,5,1,1
SF,IC2006,2019-12-09 09:32:30.600,4841.8000,22117,-2,314784120.000,2,0,2,双平,S,4841.8000,4838.4000,4836.6000,4835.6000,4834.6000,4842.0000,4843.2000,4843.8000,4844.6000,4844.8000,1,2,1,1,1,3,5,1,1,1
SF,IC2006,2019-12-09 09:32:31.100,4841.8000,22116,-1,315752480.000,1,0,1,双平,S,4838.4000,4836.6000,4835.6000,4834.6000,4833.2000,4841.0000,4841.2000,4841.8000,4842.0000,4843.2000,2,1,1,1,1,1,2,2,3,5
SF,IC2006,2019-12-09 09:32:31.600,4841.8000,22116,0,315752480.000,0,-,-,-,-,4838.6000,4838.4000,4836.6000,4835.6000,4834.6000,4841.0000,4841.2000,4841.8000,4842.0000,4843.2000,1,2,1,1,1,1,2,2,2,5
SF,IC2006,2019-12-09 09:32:32.100,4841.8000,22116,0,315752480.000,0,-,-,-,-,4838.8000,4838.6000,4838.4000,4836.6000,4835.6000,4840.0000,4841.0000,4841.2000,4841.8000,4842.0000,1,1,2,1,1,1,1,2,2,2
SF,IC2006,2019-12-09 09:32:32.600,4840.0000,22116,0,316720480.000,1,0,1,多换,S,4840.0000,4839.0000,4838.8000,4838.4000,4836.6000,4841.0000,4841.2000,4841.8000,4842.0000,4843.2000,1,2,1,2,1,1,2,2,2,5
SF,IC2006,2019-12-09 09:32:33.100,4841.0000,22116,0,317688680.000,1,0,1,多换,S,4840.2000,4840.0000,4839.0000,4838.4000,4836.6000,4841.2000,4841.8000,4842.0000,4843.2000,4843.8000,1,2,1,2,1,2,3,2,5,1
SF,IC2006,2019-12-09 09:32:33.600,4840.2000,22116,0,318656720.000,1,0,1,多换,S,4840.2000,4840.0000,4839.0000,4838.4000,4836.6000,4841.2000,4841.8000,4842.0000,4843.2000,4843.8000,1,2,1,2,1,2,3,2,5,1
SF,IC2006,2019-12-09 09:32:34.600,4841.2000,22116,0,319624960.000,1,0,1,多换,S,4840.2000,4840.0000,4839.0000,4838.4000,4836.6000,4841.2000,4841.8000,4842.0000,4843.2000,4843.8000,1,2,1,2,1,1,3,2,5,1
SF,IC2006,2019-12-09 09:32:35.100,4840.2000,22116,0,320593000.000,1,0,1,多换,S,4840.4000,4840.0000,4838.4000,4836.6000,4835.6000,4841.2000,4841.8000,4842.0000,4843.2000,4843.8000,1,1,2,1,1,1,3,2,5,1
SF,IC2006,2019-12-09 09:32:35.600,4840.4000,22117,1,321561080.000,1,1,0,双开,S,4840.2000,4840.0000,4838.4000,4836.6000,4835.6000,4841.2000,4841.8000,4842.0000,4843.2000,4843.8000,1,1,2,1,1,1,3,2,5,1
SF,IC2006,2019-12-09 09:32:36.100,4840.2000,22117,0,322529120.000,1,0,1,多换,S,4840.0000,4838.4000,4836.6000,4835.6000,4834.6000,4841.8000,4842.0000,4843.2000,4843.8000,4844.6000,1,2,1,1,1,2,2,5,1,1
SF,IC2006,2019-12-09 09:32:36.600,4840.2000,22117,0,322529120.000,0,-,-,-,-,4840.0000,4838.4000,4836.6000,4835.6000,4834.6000,4841.6000,4841.8000,4842.0000,4843.2000,4843.8000,1,2,1,1,1,1,2,2,5,1
SF,IC2006,2019-12-09 09:32:37.100,4840.2000,22117,0,322529120.000,0,-,-,-,-,4840.2000,4840.0000,4838.4000,4836.6000,4835.6000,4840.6000,4841.6000,4841.8000,4842.0000,4843.2000,1,1,2,1,1,1,1,2,2,5
SF,IC2006,2019-12-09 09:32:37.600,4840.6000,22117,0,323497240.000,1,0,1,多换,S,4840.8000,4840.6000,4840.2000,4840.0000,4838.4000,4841.8000,4842.0000,4843.2000,4843.8000,4844.6000,1,2,1,1,2,2,2,5,1,1
SF,IC2006,2019-12-09 09:32:38.100,4840.6000,22117,0,323497240.000,0,-,-,-,-,4840.6000,4840.2000,4840.0000,4838.4000,4836.6000,4840.8000,4841.8000,4842.0000,4843.2000,4843.8000,1,1,1,2,1,1,2,2,5,1
SF,IC2006,2019-12-09 09:32:38.600,4840.8000,22117,0,324465400.000,1,0,1,多换,S,4840.8000,4840.6000,4840.2000,4840.0000,4838.4000,4841.8000,4842.0000,4843.2000,4843.8000,4844.6000,4,1,1,1,2,2,2,5,1,1
SF,IC2006,2019-12-09 09:32:39.100,4840.8000,22117,0,324465400.000,0,-,-,-,-,4840.8000,4840.6000,4840.2000,4840.0000,4838.4000,4841.6000,4841.8000,4842.0000,4843.2000,4843.8000,1,1,1,1,2,1,2,2,5,1
SF,IC2006,2019-12-09 09:32:39.600,4840.8000,22117,0,325433560.000,1,0,1,多换,S,4840.6000,4840.0000,4838.4000,4836.6000,4835.6000,4841.6000,4841.8000,4842.0000,4843.2000,4843.8000,1,1,2,1,1,1,2,2,5,1
SF,IC2006,2019-12-09 09:32:40.100,4840.8000,22117,0,326401720.000,1,0,1,多换,S,4840.0000,4838.4000,4836.6000,4835.6000,4834.6000,4841.6000,4841.8000,4842.0000,4843.2000,4843.8000,1,2,1,1,1,1,2,2,5,1
SF,IC2006,2019-12-09 09:32:40.600,4840.8000,22117,0,326401720.000,0,-,-,-,-,4840.2000,4840.0000,4838.4000,4836.6000,4835.6000,4840.6000,4841.6000,4841.8000,4842.0000,4843.2000,1,1,2,1,1,1,1,2,2,5
SF,IC2006,2019-12-09 09:32:41.100,4840.6000,22117,0,327369840.000,1,0,1,多换,S,4840.2000,4840.0000,4838.4000,4836.6000,4835.6000,4841.6000,4841.8000,4842.0000,4843.2000,4843.8000,1,1,2,1,1,1,2,2,5,1
SF,IC2006,2019-12-09 09:32:42.100,4840.6000,22117,0,327369840.000,0,-,-,-,-,4840.6000,4840.2000,4840.0000,4838.4000,4836.6000,4841.6000,4841.8000,4842.0000,4843.2000,4843.8000,1,1,1,2,1,1,2,2,5,1
SF,IC2006,2019-12-09 09:32:42.600,4840.6000,22118,1,328337960.000,1,1,0,双开,S,4840.2000,4840.0000,4838.4000,4838.0000,4836.6000,4841.6000,4841.8000,4842.0000,4843.2000,4843.8000,1,1,2,1,1,1,2,2,5,1
SF,IC2006,2019-12-09 09:32:43.100,4840.6000,22118,0,328337960.000,0,-,-,-,-,4840.2000,4840.0000,4838.4000,4838.0000,4836.6000,4841.6000,4841.8000,4842.0000,4843.2000,4843.8000,1,2,2,1,1,1,2,2,5,1
SF,IC2006,2019-12-09 09:32:43.600,4840.6000,22119,1,329306080.000,1,1,0,双开,S,4840.2000,4840.0000,4838.4000,4838.0000,4836.6000,4841.6000,4841.8000,4842.0000,4843.2000,4843.8000,2,2,2,1,1,1,2,2,5,1
SF,IC2006,2019-12-09 09:32:44.100,4840.6000,22119,0,329306080.000,0,-,-,-,-,4840.2000,4840.0000,4838.4000,4838.0000,4836.6000,4841.6000,4841.8000,4842.0000,4842.8000,4843.2000,2,2,2,1,1,1,2,2,1,5
SF,IC2006,2019-12-09 09:32:44.600,4840.6000,22119,0,329306080.000,0,-,-,-,-,4840.2000,4840.0000,4839.6000,4838.4000,4838.0000,4840.6000,4841.6000,4841.8000,4842.0000,4842.8000,2,2,1,2,1,1,1,2,2,1
SF,IC2006,2019-12-09 09:32:45.100,4840.6000,22119,0,330274200.000,1,0,1,多换,S,4841.2000,4840.6000,4840.2000,4840.0000,4839.6000,4841.8000,4842.0000,4842.8000,4843.2000,4843.8000,2,1,2,2,1,2,2,1,5,1
SF,IC2006,2019-12-09 09:32:45.600,4841.2000,22118,-1,331242440.000,1,0,1,双平,S,4840.2000,4840.0000,4839.6000,4838.4000,4838.0000,4841.2000,4841.6000,4841.8000,4842.0000,4842.8000,2,2,1,2,1,1,1,2,2,1
SF,IC2006,2019-12-09 09:32:46.100,4841.8000,22117,-1,333179040.000,2,0,2,多平,S,4840.2000,4840.0000,4839.6000,4838.4000,4838.0000,4841.8000,4842.0000,4842.8000,4843.2000,4843.8000,2,2,1,2,1,1,2,1,5,1
SF,IC2006,2019-12-09 09:32:46.600,4841.8000,22117,0,333179040.000,0,-,-,-,-,4840.4000,4840.2000,4840.0000,4839.6000,4838.4000,4840.8000,4842.0000,4842.8000,4843.2000,4843.8000,1,2,2,1,2,1,2,1,5,1
SF,IC2006,2019-12-09 09:32:47.100,4840.8000,22118,1,334147200.000,1,1,0,双开,S,4841.4000,4841.2000,4840.8000,4840.4000,4840.2000,4842.0000,4842.8000,4843.2000,4843.8000,4844.6000,1,2,1,1,1,2,1,5,1,1
SF,IC2006,2019-12-09 09:32:47.600,4842.0000,22118,0,335115600.000,1,0,1,多换,S,4841.2000,4840.8000,4840.4000,4840.2000,4840.0000,4842.0000,4842.8000,4843.2000,4843.8000,4844.6000,2,2,1,1,2,1,1,5,1,1
SF,IC2006,2019-12-09 09:32:48.100,4842.0000,22118,0,337052400.000,2,1,1,多换,S,4841.2000,4840.8000,4840.4000,4840.2000,4840.0000,4842.8000,4843.2000,4843.8000,4844.6000,4845.4000,2,2,1,1,2,1,5,1,1,1
SF,IC2006,2019-12-09 09:32:48.600,4842.0000,22118,0,337052400.000,0,-,-,-,-,4842.0000,4841.2000,4840.8000,4840.4000,4840.2000,4842.6000,4842.8000,4843.2000,4843.8000,4844.6000,1,2,2,1,1,1,1,5,1,1
SF,IC2006,2019-12-09 09:32:49.100,4842.0000,22117,-1,338020800.000,1,0,1,双平,S,4841.2000,4840.8000,4840.4000,4840.2000,4840.0000,4842.0000,4842.6000,4842.8000,4843.2000,4843.8000,2,1,1,1,2,1,1,1,5,1
SF,IC2006,2019-12-09 09:32:49.600,4842.0000,22117,0,338989200.000,1,0,1,多换,S,4841.2000,4840.8000,4840.4000,4840.2000,4840.0000,4842.6000,4842.8000,4843.2000,4843.8000,4844.6000,2,1,1,1,2,1,1,5,1,1
SF,IC2006,2019-12-09 09:32:50.100,4842.6000,22116,-1,339957720.000,1,0,1,双平,S,4841.2000,4840.8000,4840.4000,4840.2000,4840.0000,4842.8000,4843.2000,4843.8000,4844.6000,4845.4000,2,1,1,1,2,1,5,1,1,1
SF,IC2006,2019-12-09 09:32:50.600,4842.6000,22116,0,339957720.000,0,-,-,-,-,4841.4000,4841.2000,4840.8000,4840.2000,4840.0000,4841.8000,4842.8000,4843.2000,4843.8000,4844.6000,2,2,1,1,2,1,1,5,1,1
SF,IC2006,2019-12-09 09:32:51.100,4842.8000,22116,0,341894640.000,2,1,1,多换,S,4842.8000,4842.0000,4841.8000,4841.4000,4841.2000,4843.2000,4843.8000,4844.6000,4845.4000,4847.2000,1,1,1,1,2,5,1,1,1,2
SF,IC2006,2019-12-09 09:32:51.600,4842.8000,22116,0,342863200.000,1,0,1,多换,S,4842.0000,4841.8000,4841.4000,4841.2000,4840.2000,4842.8000,4843.2000,4843.8000,4844.6000,4845.4000,1,1,1,2,1,3,5,1,1,1
SF,IC2006,2019-12-09 09:32:52.100,4842.8000,22115,-1,344800320.000,2,0,2,多平,S,4842.8000,4842.2000,4842.0000,4841.8000,4841.4000,4843.2000,4843.8000,4844.6000,4845.4000,4847.2000,1,1,1,1,1,5,1,1,1,2
SF,IC2006,2019-12-09 09:32:52.600,4842.8000,22114,-1,346737520.000,2,0,2,多平,S,4842.2000,4842.0000,4841.8000,4841.4000,4841.2000,4842.8000,4843.2000,4843.8000,4844.6000,4845.4000,1,1,1,1,2,1,4,1,1,1
SF,IC2006,2019-12-09 09:32:53.100,4842.8000,22114,0,347706080.000,1,0,1,多换,S,4842.8000,4842.2000,4842.0000,4841.8000,4841.4000,4843.2000,4843.8000,4844.6000,4845.4000,4847.2000,1,1,1,1,1,4,1,2,1,2
SF,IC2006,2019-12-09 09:32:53.600,4842.8000,22114,0,347706080.000,0,-,-,-,-,4842.8000,4842.2000,4842.0000,4841.8000,4841.2000,4843.2000,4843.8000,4844.6000,4845.4000,4847.2000,2,1,1,1,2,4,1,2,1,2
SF,IC2006,2019-12-09 09:32:54.100,4842.8000,22114,0,347706080.000,0,-,-,-,-,4842.8000,4842.2000,4842.0000,4841.8000,4841.2000,4843.2000,4843.8000,4844.6000,4845.4000,4847.2000,3,1,1,1,2,4,1,2,1,2
SF,IC2006,2019-12-09 09:32:54.600,4843.0000,22110,-4,352549240.000,5,0,5,多平,S,4843.0000,4842.8000,4842.0000,4841.8000,4840.2000,4843.8000,4844.6000,4845.4000,4847.2000,4848.0000,1,2,1,1,1,1,2,1,2,1
SF,IC2006,2019-12-09 09:32:55.100,4842.8000,22107,-3,355455000.000,3,0,3,双平,S,4842.8000,4841.8000,4840.2000,4840.0000,4839.6000,4843.8000,4844.6000,4845.4000,4847.2000,4848.0000,1,1,1,1,1,1,2,1,2,1
SF,IC2006,2019-12-09 09:32:55.600,4842.8000,22107,0,355455000.000,0,-,-,-,-,4843.0000,4842.8000,4841.8000,4840.2000,4840.0000,4843.8000,4844.6000,4845.4000,4847.2000,4848.0000,1,1,1,1,1,1,2,1,2,1
SF,IC2006,2019-12-09 09:32:56.100,4842.8000,22107,0,355455000.000,0,-,-,-,-,4843.0000,4842.8000,4841.8000,4840.2000,4840.0000,4843.8000,4844.6000,4845.4000,4847.2000,4848.0000,1,1,1,1,1,1,2,1,2,1
SF,IC2006,2019-12-09 09:32:56.600,4842.8000,22105,-2,358360920.000,3,0,3,多平,S,4841.8000,4840.2000,4840.0000,4839.6000,4838.4000,4844.6000,4845.4000,4847.2000,4848.0000,4848.2000,1,1,1,1,2,2,1,2,1,1
SF,IC2006,2019-12-09 09:32:57.100,4842.8000,22105,0,358360920.000,0,-,-,-,-,4843.8000,4842.8000,4842.0000,4841.8000,4840.2000,4844.4000,4844.6000,4845.4000,4847.2000,4848.0000,1,1,1,1,1,1,2,1,2,1
SF,IC2006,2019-12-09 09:32:57.600,4843.8000,22104,-1,359329680.000,1,0,1,双平,S,4842.8000,4842.0000,4841.8000,4840.2000,4840.0000,4843.8000,4844.4000,4844.6000,4845.4000,4847.2000,1,1,1,1,1,2,1,2,1,2
SF,IC2006,2019-12-09 09:32:58.100,4843.8000,22103,-1,360298440.000,1,0,1,双平,S,4842.8000,4842.0000,4841.8000,4840.2000,4840.0000,4844.4000,4844.6000,4845.4000,4847.2000,4848.0000,1,1,1,1,1,1,2,1,2,1
SF,IC2006,2019-12-09 09:32:58.600,4843.8000,22103,0,360298440.000,0,-,-,-,-,4842.8000,4841.8000,4840.2000,4840.0000,4839.6000,4844.4000,4844.6000,4845.4000,4847.0000,4847.2000,1,1,1,1,1,1,2,1,1,2
SF,IC2006,2019-12-09 09:33:00.100,4843.8000,22103,0,360298440.000,0,-,-,-,-,4842.8000,4841.8000,4840.2000,4840.0000,4839.6000,4844.4000,4844.6000,4845.4000,4847.2000,4848.0000,1,1,1,1,1,1,2,1,2,1
SF,IC2006,2019-12-09 09:33:00.600,4843.8000,22103,0,360298440.000,0,-,-,-,-,4843.0000,4842.8000,4841.8000,4840.2000,4840.0000,4844.4000,4844.6000,4845.4000,4847.2000,4848.0000,1,1,1,1,1,1,2,1,2,2
SF,IC2006,2019-12-09 09:33:01.100,4843.8000,22103,0,360298440.000,0,-,-,-,-,4843.0000,4842.8000,4841.8000,4840.2000,4840.0000,4844.6000,4845.4000,4847.2000,4848.0000,4848.2000,1,1,1,1,1,2,1,2,2,1
SF,IC2006,2019-12-09 09:33:01.600,4843.8000,22103,0,360298440.000,0,-,-,-,-,4843.0000,4842.8000,4841.8000,4840.2000,4840.0000,4844.4000,4844.6000,4845.4000,4847.2000,4848.0000,1,1,1,1,1,1,2,1,2,2
SF,IC2006,2019-12-09 09:33:02.100,4843.8000,22103,0,360298440.000,0,-,-,-,-,4843.0000,4841.8000,4840.8000,4840.2000,4840.0000,4844.6000,4845.4000,4847.2000,4848.0000,4848.2000,1,1,1,1,1,2,1,2,2,1
SF,IC2006,2019-12-09 09:33:03.100,4843.8000,22103,0,360298440.000,0,-,-,-,-,4843.0000,4841.8000,4840.8000,4840.2000,4840.0000,4844.6000,4845.4000,4847.2000,4848.0000,4848.2000,1,1,1,1,1,2,1,2,2,1
SF,IC2006,2019-12-09 09:33:03.600,4844.6000,22103,0,361267360.000,1,0,1,多换,S,4843.0000,4841.8000,4840.8000,4840.2000,4840.0000,4844.6000,4845.4000,4847.2000,4848.0000,4848.2000,1,1,1,1,1,1,1,2,2,1
SF,IC2006,2019-12-09 09:33:04.100,4844.6000,22103,0,361267360.000,0,-,-,-,-,4843.0000,4841.8000,4840.8000,4840.2000,4840.0000,4844.6000,4845.4000,4847.2000,4848.0000,4848.2000,1,1,1,1,1,1,1,2,2,1
SF,IC2006,2019-12-09 09:33:04.600,4844.6000,22102,-1,362236280.000,1,0,1,双平,S,4843.0000,4841.8000,4840.8000,4840.2000,4840.0000,4845.4000,4847.2000,4848.0000,4848.2000,4849.0000,1,1,1,1,1,1,2,1,1,5
SF,IC2006,2019-12-09 09:33:05.100,4844.6000,22102,0,362236280.000,0,-,-,-,-,4844.6000,4843.0000,4841.8000,4840.8000,4840.2000,4845.2000,4845.4000,4847.2000,4848.0000,4848.2000,2,1,1,1,1,1,1,2,1,1
SF,IC2006,2019-12-09 09:33:05.600,4844.6000,22101,-1,364174120.000,2,0,2,多平,S,4843.2000,4843.0000,4841.8000,4840.8000,4840.2000,4844.6000,4845.2000,4845.4000,4847.2000,4848.0000,1,1,1,1,1,2,1,1,2,1
SF,IC2006,2019-12-09 09:33:06.100,4844.6000,22101,0,364174120.000,0,-,-,-,-,4843.4000,4843.2000,4841.8000,4840.8000,4840.2000,4845.2000,4845.4000,4847.0000,4847.2000,4848.0000,1,1,1,1,1,1,1,1,2,1
SF,IC2006,2019-12-09 09:33:06.600,4844.6000,22101,0,364174120.000,0,-,-,-,-,4843.2000,4841.8000,4840.8000,4840.2000,4840.0000,4845.2000,4845.4000,4847.0000,4847.2000,4848.0000,1,1,1,1,1,1,1,1,2,1
SF,IC2006,2019-12-09 09:33:08.100,4844.6000,22101,0,364174120.000,0,-,-,-,-,4843.2000,4841.8000,4840.8000,4840.2000,4840.0000,4845.2000,4845.4000,4847.0000,4847.2000,4848.0000,1,1,1,1,1,1,1,1,2,1
SF,IC2006,2019-12-09 09:33:08.600,4844.6000,22101,0,364174120.000,0,-,-,-,-,4843.4000,4843.2000,4841.8000,4840.8000,4840.2000,4845.2000,4845.4000,4847.0000,4847.2000,4848.0000,1,1,1,1,1,1,1,1,2,1
SF,IC2006,2019-12-09 09:33:09.100,4843.4000,22100,-1,365142800.000,1,0,1,双平,S,4843.2000,4841.8000,4840.8000,4840.2000,4840.0000,4845.2000,4845.4000,4847.0000,4847.2000,4848.0000,1,1,1,1,1,1,1,1,2,1
SF,IC2006,2019-12-09 09:33:09.600,4843.4000,22100,0,365142800.000,0,-,-,-,-,4843.2000,4841.8000,4840.8000,4840.2000,4840.0000,4845.2000,4845.4000,4847.0000,4847.2000,4848.0000,2,1,1,1,1,1,1,1,2,1
SF,IC2006,2019-12-09 09:33:10.100,4843.4000,22100,0,365142800.000,0,-,-,-,-,4843.2000,4841.8000,4840.8000,4840.2000,4840.0000,4845.2000,4845.4000,4847.0000,4847.2000,4848.0000,2,1,1,1,1,1,1,1,2,1
SF,IC2006,2019-12-09 09:33:11.600,4845.2000,22100,0,366111840.000,1,0,1,多换,S,4843.2000,4841.8000,4840.8000,4840.2000,4840.0000,4845.4000,4847.0000,4847.2000,4848.0000,4848.2000,2,1,1,1,1,1,1,2,1,1
SF,IC2006,2019-12-09 09:33:12.100,4845.2000,22100,0,366111840.000,0,-,-,-,-,4843.4000,4843.2000,4841.8000,4840.8000,4840.2000,4845.2000,4845.4000,4847.0000,4847.2000,4848.0000,1,2,1,1,1,2,1,1,2,1
SF,IC2006,2019-12-09 09:33:12.600,4845.2000,22100,0,366111840.000,0,-,-,-,-,4843.2000,4841.8000,4840.8000,4840.2000,4840.0000,4845.2000,4845.4000,4847.0000,4847.2000,4848.0000,2,1,1,1,1,2,1,1,2,1
SF,IC2006,2019-12-09 09:33:13.100,4845.2000,22100,0,366111840.000,0,-,-,-,-,4843.2000,4841.8000,4840.8000,4840.2000,4840.0000,4845.0000,4845.2000,4845.4000,4847.0000,4847.2000,2,1,1,1,1,1,2,1,1,2
SF,IC2006,2019-12-09 09:33:13.600,4845.2000,22100,0,366111840.000,0,-,-,-,-,4843.2000,4841.8000,4840.8000,4840.2000,4840.0000,4845.0000,4845.2000,4845.4000,4847.0000,4847.2000,2,1,1,1,1,1,1,1,1,2
SF,IC2006,2019-12-09 09:33:14.100,4843.2000,22099,-1,368049120.000,2,0,2,多平,S,4841.8000,4840.8000,4840.2000,4840.0000,4839.6000,4843.2000,4844.8000,4845.0000,4845.2000,4845.4000,1,1,1,1,1,2,1,1,1,1
SF,IC2006,2019-12-09 09:33:16.600,4843.2000,22099,0,368049120.000,0,-,-,-,-,4841.8000,4840.8000,4840.2000,4840.0000,4839.6000,4843.2000,4844.8000,4845.2000,4845.4000,4847.0000,1,1,1,1,1,2,1,1,1,1
SF,IC2006,2019-12-09 09:33:17.100,4843.2000,22099,0,369017760.000,1,0,1,多换,S,4842.0000,4840.8000,4840.2000,4840.0000,4839.6000,4843.2000,4844.8000,4845.2000,4845.4000,4847.0000,1,1,1,1,1,1,1,1,1,1
SF,IC2006,2019-12-09 09:33:17.600,4843.2000,22099,0,369017760.000,0,-,-,-,-,4842.0000,4840.8000,4840.2000,4840.0000,4839.6000,4843.2000,4844.8000,4845.2000,4845.4000,4847.0000,1,1,1,1,1,2,1,1,1,1
SF,IC2006,2019-12-09 09:33:18.100,4843.2000,22099,0,369017760.000,0,-,-,-,-,4842.0000,4840.8000,4840.2000,4840.0000,4839.6000,4843.2000,4844.8000,4845.2000,4845.4000,4847.0000,1,1,1,1,1,3,1,1,1,1
SF,IC2006,2019-12-09 09:33:18.600,4843.2000,22100,1,369986400.000,1,1,0,双开,S,4840.8000,4840.2000,4840.0000,4839.6000,4838.4000,4843.2000,4845.2000,4845.4000,4847.0000,4847.2000,1,1,1,1,2,2,1,1,1,2
SF,IC2006,2019-12-09 09:33:19.100,4843.2000,22100,0,369986400.000,0,-,-,-,-,4841.0000,4840.8000,4840.2000,4840.0000,4839.6000,4843.0000,4843.2000,4845.4000,4847.0000,4847.2000,1,1,1,1,1,1,2,1,1,2
SF,IC2006,2019-12-09 09:33:19.600,4843.2000,22100,0,369986400.000,0,-,-,-,-,4841.0000,4840.8000,4840.2000,4840.0000,4839.6000,4843.0000,4843.2000,4845.4000,4847.0000,4847.2000,1,1,1,1,1,1,2,1,1,2
SF,IC2006,2019-12-09 09:33:20.100,4843.2000,22100,0,369986400.000,0,-,-,-,-,4841.2000,4841.0000,4840.8000,4840.2000,4840.0000,4843.0000,4843.2000,4845.4000,4847.0000,4847.2000,1,1,1,1,1,1,2,1,1,2
SF,IC2006,2019-12-09 09:33:20.600,4843.2000,22100,0,369986400.000,0,-,-,-,-,4842.2000,4841.4000,4841.2000,4840.8000,4840.2000,4843.0000,4843.2000,4845.4000,4847.0000,4847.2000,1,1,1,1,1,1,2,1,1,2
SF,IC2006,2019-12-09 09:33:21.100,4842.2000,22099,-1,370954840.000,1,0,1,双平,S,4841.4000,4841.2000,4840.8000,4840.2000,4840.0000,4843.2000,4845.4000,4847.0000,4847.2000,4848.0000,1,1,1,1,1,2,1,1,2,1
SF,IC2006,2019-12-09 09:33:21.600,4842.2000,22099,0,370954840.000,0,-,-,-,-,4841.4000,4840.8000,4840.2000,4840.0000,4839.6000,4842.2000,4843.0000,4843.2000,4845.4000,4847.0000,1,1,1,1,1,1,1,2,1,1
SF,IC2006,2019-12-09 09:33:22.100,4842.2000,22099,0,370954840.000,0,-,-,-,-,4841.6000,4841.4000,4840.8000,4840.2000,4840.0000,4843.0000,4843.2000,4845.4000,4847.0000,4847.2000,1,1,1,1,1,1,2,1,1,2
SF,IC2006,2019-12-09 09:33:25.100,4842.2000,22099,0,370954840.000,0,-,-,-,-,4841.8000,4841.6000,4841.4000,4840.8000,4840.2000,4843.0000,4843.2000,4845.4000,4847.0000,4847.2000,1,1,1,1,1,1,2,1,1,2
SF,IC2006,2019-12-09 09:33:25.600,4842.2000,22099,0,370954840.000,0,-,-,-,-,4841.8000,4841.4000,4840.8000,4840.2000,4840.0000,4843.0000,4843.2000,4845.4000,4847.0000,4847.2000,1,1,1,1,1,1,2,1,1,2
SF,IC2006,2019-12-09 09:33:26.100,4842.2000,22099,0,370954840.000,0,-,-,-,-,4841.8000,4841.4000,4840.8000,4840.0000,4839.6000,4843.0000,4843.2000,4843.6000,4845.4000,4847.0000,2,1,1,1,1,1,2,1,1,1
SF,IC2006,2019-12-09 09:33:26.600,4842.2000,22099,0,370954840.000,0,-,-,-,-,4841.8000,4841.4000,4840.8000,4840.0000,4839.6000,4843.2000,4843.6000,4845.4000,4847.0000,4847.2000,1,1,1,1,1,2,1,1,1,2
SF,IC2006,2019-12-09 09:33:27.100,4842.2000,22099,0,370954840.000,0,-,-,-,-,4842.0000,4841.8000,4840.8000,4840.0000,4839.6000,4843.2000,4843.6000,4845.4000,4847.0000,4847.2000,1,1,1,1,1,2,1,1,1,2
SF,IC2006,2019-12-09 09:33:28.100,4842.2000,22099,0,370954840.000,0,-,-,-,-,4842.0000,4841.8000,4840.8000,4840.0000,4839.6000,4843.2000,4843.6000,4845.4000,4847.0000,4847.2000,1,1,1,1,1,3,1,1,1,2
SF,IC2006,2019-12-09 09:33:30.100,4842.2000,22099,0,370954840.000,0,-,-,-,-,4842.0000,4841.8000,4840.8000,4840.0000,4839.6000,4843.2000,4843.6000,4845.4000,4847.0000,4847.2000,1,1,1,1,1,3,1,1,1,2
SF,IC2006,2019-12-09 09:33:30.600,4843.2000,22100,1,371923480.000,1,1,0,双开,S,4842.0000,4841.8000,4841.6000,4840.8000,4840.0000,4843.2000,4843.6000,4845.4000,4847.0000,4847.2000,1,1,1,1,1,2,1,1,1,2
SF,IC2006,2019-12-09 09:33:31.600,4842.0000,22099,-1,372891880.000,1,0,1,双平,S,4841.8000,4841.6000,4840.8000,4840.0000,4839.6000,4842.0000,4843.2000,4843.6000,4845.4000,4847.0000,1,1,1,1,1,1,2,1,1,1
SF,IC2006,2019-12-09 09:33:32.100,4842.0000,22098,-1,373860280.000,1,0,1,双平,S,4842.0000,4841.8000,4841.6000,4840.8000,4840.0000,4843.2000,4843.6000,4845.4000,4847.0000,4847.2000,5,2,1,1,1,2,1,1,1,2
SF,IC2006,2019-12-09 09:33:32.600,4842.0000,22098,0,373860280.000,0,-,-,-,-,4842.0000,4841.8000,4841.6000,4840.8000,4840.0000,4843.2000,4843.6000,4845.4000,4847.0000,4847.2000,1,2,1,1,1,2,1,1,1,2
SF,IC2006,2019-12-09 09:33:33.100,4842.0000,22098,0,373860280.000,0,-,-,-,-,4841.8000,4841.6000,4840.8000,4840.0000,4839.6000,4843.2000,4843.6000,4845.4000,4847.0000,4847.2000,2,1,1,1,1,2,1,1,1,2
SF,IC2006,2019-12-09 09:33:33.600,4842.0000,22098,0,373860280.000,0,-,-,-,-,4841.8000,4841.6000,4840.8000,4840.0000,4839.6000,4843.2000,4845.4000,4847.0000,4847.2000,4848.0000,2,1,1,1,1,2,1,1,2,1
SF,IC2006,2019-12-09 09:33:34.100,4842.0000,22098,0,373860280.000,0,-,-,-,-,4841.8000,4841.6000,4840.8000,4840.0000,4839.6000,4843.2000,4845.4000,4847.0000,4847.2000,4848.0000,3,1,1,1,1,2,1,1,2,1
SF,IC2006,2019-12-09 09:33:34.600,4842.0000,22098,0,373860280.000,0,-,-,-,-,4841.8000,4841.6000,4840.8000,4840.0000,4839.6000,4842.0000,4843.2000,4845.4000,4847.0000,4847.2000,3,1,1,1,1,1,2,1,1,2
SF,IC2006,2019-12-09 09:33:35.100,4842.0000,22097,-1,374828680.000,1,0,1,双平,S,4842.0000,4841.8000,4841.6000,4840.8000,4840.0000,4843.2000,4845.4000,4847.0000,4847.2000,4848.0000,3,3,1,1,1,2,1,1,2,1
SF,IC2006,2019-12-09 09:33:35.600,4842.0000,22097,0,374828680.000,0,-,-,-,-,4842.0000,4841.8000,4841.6000,4840.8000,4840.0000,4843.2000,4845.4000,4847.0000,4847.2000,4848.0000,2,3,1,1,1,2,1,1,2,1
SF,IC2006,2019-12-09 09:33:36.600,4842.0000,22096,-1,375797080.000,1,0,1,双平,S,4842.0000,4841.8000,4841.6000,4840.8000,4840.0000,4843.2000,4845.4000,4847.0000,4847.2000,4848.0000,1,3,1,1,1,2,1,1,2,1
SF,IC2006,2019-12-09 09:33:37.100,4842.0000,22096,0,375797080.000,0,-,-,-,-,4842.0000,4841.8000,4841.6000,4840.8000,4840.0000,4842.6000,4843.2000,4845.4000,4847.0000,4847.2000,1,3,1,1,1,1,2,1,1,2
SF,IC2006,2019-12-09 09:33:39.100,4842.0000,22096,0,375797080.000,0,-,-,-,-,4842.0000,4841.8000,4841.6000,4840.8000,4840.0000,4842.6000,4843.2000,4845.4000,4847.0000,4847.2000,1,3,1,1,1,1,2,1,1,2
SF,IC2006,2019-12-09 09:33:39.600,4842.0000,22096,0,376765480.000,1,0,1,多换,S,4841.8000,4841.6000,4840.8000,4840.0000,4839.6000,4842.6000,4843.2000,4845.4000,4847.0000,4847.2000,3,1,1,1,1,1,2,1,1,2
SF,IC2006,2019-12-09 09:33:40.100,4842.0000,22096,0,376765480.000,0,-,-,-,-,4841.8000,4841.6000,4840.8000,4840.0000,4839.6000,4842.0000,4842.6000,4843.2000,4845.4000,4847.0000,3,1,1,1,1,1,1,2,1,1
SF,IC2006,2019-12-09 09:33:40.600,4842.0000,22096,0,377733880.000,1,0,1,多换,S,4842.0000,4841.8000,4841.6000,4840.8000,4840.0000,4842.6000,4843.2000,4845.4000,4847.0000,4847.2000,4,3,1,1,1,1,2,1,1,2
SF,IC2006,2019-12-09 09:33:41.100,4842.0000,22093,-3,380639080.000,3,0,3,双平,S,4842.0000,4841.8000,4841.6000,4840.8000,4840.0000,4842.6000,4843.2000,4845.4000,4847.0000,4847.2000,3,3,1,1,1,1,2,1,1,2
SF,IC2006,2019-12-09 09:33:41.600,4842.0000,22093,0,380639080.000,0,-,-,-,-,4842.0000,4841.8000,4841.6000,4840.8000,4840.0000,4842.6000,4843.2000,4845.4000,4847.0000,4847.2000,2,3,1,1,1,1,2,1,1,2
SF,IC2006,2019-12-09 09:33:42.100,4842.0000,22091,-2,382576000.000,2,0,2,双平,S,4842.6000,4842.0000,4841.8000,4841.6000,4840.8000,4843.2000,4845.4000,4847.0000,4847.2000,4847.6000,1,1,3,1,1,2,1,1,2,1
SF,IC2006,2019-12-09 09:33:42.600,4842.0000,22091,0,382576000.000,0,-,-,-,-,4842.6000,4842.0000,4841.8000,4841.6000,4840.8000,4843.2000,4845.4000,4847.0000,4847.2000,4847.6000,1,1,3,1,1,2,1,1,2,1
SF,IC2006,2019-12-09 09:33:43.100,4842.6000,22090,-1,383544520.000,1,0,1,双平,S,4841.8000,4841.6000,4840.8000,4840.0000,4839.6000,4842.6000,4843.2000,4845.4000,4847.0000,4847.2000,3,1,1,1,1,1,2,1,1,2
SF,IC2006,2019-12-09 09:33:44.100,4842.6000,22090,0,383544520.000,0,-,-,-,-,4841.8000,4841.6000,4840.8000,4840.0000,4839.6000,4842.6000,4843.2000,4845.4000,4847.0000,4847.2000,3,1,1,1,1,1,2,1,1,2
SF,IC2006,2019-12-09 09:33:44.600,4842.6000,22092,2,386450080.000,3,2,1,空开,S,4841.8000,4841.6000,4840.8000,4840.0000,4839.6000,4842.6000,4843.2000,4845.4000,4847.0000,4847.2000,3,1,1,1,1,1,2,1,1,2
SF,IC2006,2019-12-09 09:33:45.100,4842.6000,22092,0,386450080.000,0,-,-,-,-,4841.8000,4841.6000,4840.8000,4840.0000,4839.6000,4842.2000,4842.6000,4843.2000,4845.4000,4847.0000,3,1,1,1,1,1,1,2,1,1
SF,IC2006,2019-12-09 09:33:46.100,4842.2000,22092,0,387418520.000,1,0,1,多换,S,4842.4000,4841.8000,4841.6000,4840.8000,4840.0000,4842.6000,4843.2000,4845.4000,4847.0000,4847.2000,1,3,1,1,1,1,2,1,1,2
SF,IC2006,2019-12-09 09:33:46.600,4842.4000,22091,-1,388387000.000,1,0,1,双平,S,4841.8000,4841.6000,4840.8000,4840.0000,4839.6000,4842.4000,4842.6000,4843.2000,4845.4000,4847.0000,3,1,1,1,1,1,1,2,1,1
SF,IC2006,2019-12-09 09:33:47.100,4841.8000,22091,0,389355360.000,1,0,1,多换,S,4841.8000,4841.6000,4840.8000,4840.0000,4839.6000,4842.4000,4842.6000,4843.2000,4845.4000,4847.0000,2,1,1,1,1,1,1,2,1,1
SF,IC2006,2019-12-09 09:33:47.600,4841.8000,22091,0,389355360.000,0,-,-,-,-,4841.8000,4841.6000,4840.8000,4840.0000,4839.6000,4842.6000,4843.2000,4845.4000,4847.0000,4847.2000,2,1,1,1,1,1,1,1,1,2
SF,IC2006,2019-12-09 09:33:49.600,4841.8000,22091,0,389355360.000,0,-,-,-,-,4841.8000,4841.6000,4840.8000,4840.0000,4839.6000,4842.6000,4843.2000,4845.4000,4847.0000,4847.2000,2,1,1,1,1,1,1,1,1,2
SF,IC2006,2019-12-09 09:33:50.100,4841.8000,22091,0,389355360.000,0,-,-,-,-,4841.8000,4841.6000,4840.8000,4840.0000,4839.6000,4842.6000,4843.2000,4845.4000,4847.0000,4847.2000,1,1,1,1,1,1,1,1,1,2
SF,IC2006,2019-12-09 09:33:50.600,4841.8000,22091,0,390323720.000,1,0,1,多换,S,4841.6000,4840.8000,4840.0000,4839.6000,4838.4000,4842.6000,4843.2000,4845.4000,4847.0000,4847.2000,1,1,1,1,2,1,1,1,1,2
SF,IC2006,2019-12-09 09:33:51.100,4841.8000,22091,0,390323720.000,0,-,-,-,-,4841.8000,4841.6000,4840.8000,4840.0000,4839.6000,4842.6000,4843.2000,4845.4000,4847.0000,4847.2000,2,1,1,1,1,1,1,1,1,2
SF,IC2006,2019-12-09 09:33:51.600,4841.8000,22091,0,390323720.000,0,-,-,-,-,4841.8000,4841.6000,4840.8000,4840.0000,4839.6000,4842.6000,4843.2000,4845.4000,4847.0000,4847.2000,3,1,1,1,1,1,1,1,1,2
SF,IC2006,2019-12-09 09:33:52.100,4842.6000,22090,-1,392260760.000,2,0,2,多平,S,4841.8000,4841.6000,4840.8000,4840.0000,4839.6000,4843.2000,4845.4000,4847.0000,4847.2000,4847.6000,3,1,1,1,1,1,1,1,2,1
SF,IC2006,2019-12-09 09:33:52.600,4841.8000,22089,-1,393229120.000,1,0,1,双平,S,4841.8000,4841.6000,4840.8000,4840.0000,4839.6000,4843.2000,4845.4000,4847.0000,4847.2000,4847.6000,2,1,1,1,1,1,1,1,2,1
SF,IC2006,2019-12-09 09:33:53.100,4843.2000,22089,0,394197760.000,1,0,1,多换,S,4842.2000,4841.6000,4840.8000,4840.0000,4839.6000,4845.4000,4847.0000,4847.2000,4847.6000,4848.0000,1,1,1,1,1,1,1,2,1,1
SF,IC2006,2019-12-09 09:33:53.600,4843.2000,22089,0,394197760.000,0,-,-,-,-,4842.4000,4842.2000,4841.6000,4840.8000,4840.0000,4845.2000,4845.4000,4847.0000,4847.2000,4847.6000,1,1,1,1,1,1,1,1,2,1
SF,IC2006,2019-12-09 09:33:54.100,4843.2000,22089,0,394197760.000,0,-,-,-,-,4842.4000,4842.2000,4841.6000,4840.8000,4840.0000,4843.2000,4845.2000,4845.4000,4847.0000,4847.2000,1,1,1,1,1,1,1,1,1,2
SF,IC2006,2019-12-09 09:33:54.600,4843.2000,22089,0,394197760.000,0,-,-,-,-,4842.6000,4841.6000,4840.8000,4840.0000,4839.6000,4843.2000,4845.0000,4845.2000,4845.4000,4847.0000,1,1,1,1,1,1,1,1,1,1
SF,IC2006,2019-12-09 09:33:55.100,4842.6000,22088,-1,395166280.000,1,0,1,双平,S,4842.6000,4841.6000,4840.8000,4840.0000,4839.6000,4843.2000,4845.0000,4845.2000,4845.4000,4847.0000,2,1,1,1,1,1,1,1,1,1
SF,IC2006,2019-12-09 09:33:55.600,4842.6000,22087,-1,396134800.000,1,0,1,双平,S,4842.6000,4841.6000,4840.8000,4840.0000,4839.6000,4843.2000,4845.0000,4845.2000,4845.4000,4847.0000,1,1,1,1,1,1,1,1,1,1
SF,IC2006,2019-12-09 09:33:56.100,4842.6000,22086,-1,397103320.000,1,0,1,双平,S,4841.6000,4840.8000,4840.0000,4839.6000,4838.4000,4843.2000,4845.0000,4845.2000,4845.4000,4847.0000,1,1,1,1,2,1,1,1,1,1
SF,IC2006,2019-12-09 09:33:56.600,4842.6000,22086,0,397103320.000,0,-,-,-,-,4841.6000,4840.8000,4840.0000,4839.6000,4838.4000,4843.2000,4844.2000,4845.2000,4845.4000,4847.0000,1,1,1,1,2,1,1,1,1,1
SF,IC2006,2019-12-09 09:33:57.100,4843.2000,22087,1,398071960.000,1,1,0,双开,S,4841.6000,4840.8000,4840.0000,4839.6000,4838.4000,4844.2000,4845.2000,4845.4000,4847.0000,4847.2000,1,1,1,1,2,1,1,1,1,2
SF,IC2006,2019-12-09 09:33:57.600,4843.2000,22087,0,398071960.000,0,-,-,-,-,4841.8000,4841.6000,4840.8000,4840.0000,4839.6000,4844.2000,4845.4000,4847.0000,4847.2000,4847.6000,1,1,1,1,1,1,1,1,2,1
SF,IC2006,2019-12-09 09:33:58.100,4843.2000,22087,0,398071960.000,0,-,-,-,-,4841.8000,4841.6000,4840.8000,4840.0000,4839.6000,4844.0000,4844.2000,4845.4000,4847.0000,4847.2000,2,1,1,1,1,1,1,1,1,2
SF,IC2006,2019-12-09 09:33:58.600,4843.2000,22087,0,398071960.000,0,-,-,-,-,4841.8000,4841.6000,4840.8000,4840.0000,4839.6000,4844.0000,4844.2000,4845.4000,4847.0000,4847.2000,1,1,1,1,1,3,1,1,1,2
SF,IC2006,2019-12-09 09:33:59.100,4843.2000,22087,0,398071960.000,0,-,-,-,-,4841.8000,4841.6000,4840.8000,4840.0000,4839.6000,4844.0000,4844.2000,4845.4000,4847.0000,4847.2000,1,1,1,1,1,3,1,1,1,2
SF,IC2006,2019-12-09 09:33:59.600,4843.2000,22087,0,398071960.000,0,-,-,-,-,4841.8000,4841.6000,4840.8000,4840.0000,4839.6000,4844.0000,4844.2000,4845.4000,4847.0000,4847.2000,1,1,1,1,1,3,1,1,1,2
SF,IC2006,2019-12-09 09:34:00.100,4843.2000,22087,0,398071960.000,0,-,-,-,-,4842.0000,4841.8000,4841.6000,4840.8000,4840.0000,4844.0000,4844.2000,4845.4000,4847.0000,4847.2000,2,1,1,1,1,2,1,1,1,2
SF,IC2006,2019-12-09 09:34:01.100,4842.0000,22087,0,399040360.000,1,0,1,多换,S,4842.0000,4841.8000,4841.6000,4840.8000,4840.0000,4844.0000,4844.2000,4845.4000,4847.0000,4847.2000,1,1,1,1,1,2,1,1,1,2
SF,IC2006,2019-12-09 09:34:01.600,4842.0000,22087,0,399040360.000,0,-,-,-,-,4842.0000,4841.8000,4841.6000,4840.8000,4840.0000,4844.0000,4844.2000,4845.4000,4847.0000,4847.2000,1,1,1,1,1,2,1,1,1,2
SF,IC2006,2019-12-09 09:34:02.100,4842.0000,22087,0,399040360.000,0,-,-,-,-,4842.0000,4841.8000,4841.6000,4840.8000,4840.0000,4844.0000,4844.2000,4845.4000,4847.0000,4847.2000,1,1,1,1,1,1,1,1,1,2
SF,IC2006,2019-12-09 09:34:03.100,4844.0000,22086,-1,400009160.000,1,0,1,双平,S,4842.0000,4841.8000,4841.6000,4840.8000,4840.0000,4844.2000,4845.4000,4847.0000,4847.2000,4847.6000,1,1,1,1,1,1,1,1,2,1
SF,IC2006,2019-12-09 09:34:03.600,4844.0000,22086,0,400009160.000,0,-,-,-,-,4842.0000,4841.8000,4841.6000,4840.8000,4840.0000,4844.2000,4844.6000,4845.4000,4847.0000,4847.2000,1,1,1,1,1,1,1,1,1,2
SF,IC2006,2019-12-09 09:34:04.100,4844.0000,22086,0,400009160.000,0,-,-,-,-,4842.0000,4841.8000,4841.6000,4840.0000,4839.6000,4844.2000,4844.6000,4845.4000,4847.0000,4847.2000,1,1,1,1,1,1,1,1,1,2
SF,IC2006,2019-12-09 09:34:05.600,4844.0000,22086,0,400009160.000,0,-,-,-,-,4842.0000,4841.8000,4841.6000,4841.0000,4840.0000,4844.2000,4844.6000,4845.4000,4847.0000,4847.2000,1,1,1,2,1,1,1,1,1,2
SF,IC2006,2019-12-09 09:34:06.100,4844.2000,22085,-1,400978000.000,1,0,1,双平,S,4842.0000,4841.8000,4841.6000,4841.0000,4840.0000,4844.6000,4845.4000,4847.0000,4847.2000,4847.6000,1,1,1,2,1,1,1,1,2,1
SF,IC2006,2019-12-09 09:34:07.100,4844.2000,22085,0,400978000.000,0,-,-,-,-,4842.2000,4842.0000,4841.8000,4841.6000,4841.0000,4844.6000,4845.4000,4847.0000,4847.2000,4847.6000,1,1,1,1,2,1,1,1,2,1
SF,IC2006,2019-12-09 09:34:07.600,4844.2000,22085,0,400978000.000,0,-,-,-,-,4842.2000,4842.0000,4841.6000,4841.0000,4840.0000,4844.6000,4845.4000,4847.0000,4847.2000,4847.6000,2,1,1,2,1,1,1,1,2,1
SF,IC2006,2019-12-09 09:34:08.100,4844.6000,22086,1,401946920.000,1,1,0,双开,S,4842.4000,4842.2000,4841.6000,4841.0000,4840.0000,4845.4000,4847.0000,4847.2000,4847.6000,4848.0000,1,2,1,2,1,1,1,2,1,1
SF,IC2006,2019-12-09 09:34:08.600,4844.6000,22086,0,401946920.000,0,-,-,-,-,4842.4000,4842.2000,4841.6000,4841.0000,4840.0000,4845.4000,4847.0000,4847.2000,4847.6000,4848.0000,1,2,1,2,1,1,1,2,1,1
SF,IC2006,2019-12-09 09:34:11.100,4844.6000,22086,0,401946920.000,0,-,-,-,-,4842.6000,4842.4000,4842.2000,4841.6000,4841.0000,4845.4000,4847.0000,4847.2000,4847.6000,4848.0000,1,1,2,1,2,1,1,2,1,1
SF,IC2006,2019-12-09 09:34:12.100,4844.6000,22086,0,401946920.000,0,-,-,-,-,4843.2000,4842.6000,4842.4000,4842.2000,4841.6000,4845.4000,4847.0000,4847.2000,4847.6000,4848.0000,1,1,1,2,1,1,1,2,1,1
SF,IC2006,2019-12-09 09:34:12.600,4843.2000,22087,1,402915560.000,1,1,0,双开,S,4842.6000,4842.4000,4842.2000,4841.6000,4841.0000,4844.2000,4845.2000,4845.4000,4847.0000,4847.2000,1,1,2,1,2,1,1,1,1,2
SF,IC2006,2019-12-09 09:34:13.100,4844.2000,22086,-1,403884400.000,1,0,1,双平,S,4843.2000,4842.6000,4842.4000,4842.2000,4841.6000,4845.2000,4845.4000,4847.0000,4847.2000,4847.6000,1,1,1,2,1,1,1,1,2,1
SF,IC2006,2019-12-09 09:34:13.600,4845.2000,22086,0,404853440.000,1,0,1,多换,S,4843.2000,4842.6000,4842.4000,4842.2000,4841.6000,4845.4000,4847.0000,4847.2000,4847.6000,4848.0000,1,1,1,2,1,1,1,2,1,1
SF,IC2006,2019-12-09 09:34:14.100,4845.2000,22086,0,404853440.000,0,-,-,-,-,4843.4000,4843.2000,4842.6000,4842.4000,4842.2000,4845.4000,4847.0000,4847.2000,4847.6000,4848.0000,1,1,2,1,2,1,1,2,1,1
SF,IC2006,2019-12-09 09:34:14.600,4845.2000,22086,0,404853440.000,0,-,-,-,-,4843.4000,4843.2000,4842.6000,4842.2000,4841.6000,4845.4000,4847.0000,4847.2000,4847.6000,4848.0000,1,1,2,1,1,1,1,2,1,1
SF,IC2006,2019-12-09 09:34:15.600,4845.2000,22086,0,404853440.000,0,-,-,-,-,4843.6000,4843.4000,4843.2000,4842.6000,4842.2000,4845.4000,4847.0000,4847.2000,4847.6000,4848.0000,1,1,1,2,1,1,1,2,1,1
SF,IC2006,2019-12-09 09:34:16.100,4845.2000,22086,0,404853440.000,0,-,-,-,-,4843.6000,4843.4000,4842.6000,4842.2000,4841.6000,4845.4000,4847.0000,4847.2000,4847.6000,4848.0000,1,1,2,1,1,1,1,2,1,1
SF,IC2006,2019-12-09 09:34:16.600,4845.4000,22085,-1,405822520.000,1,0,1,双平,S,4843.6000,4843.4000,4842.6000,4842.2000,4841.6000,4847.0000,4847.2000,4847.6000,4848.0000,4848.2000,1,1,1,1,1,1,2,1,1,1
SF,IC2006,2019-12-09 09:34:17.100,4845.4000,22085,0,405822520.000,0,-,-,-,-,4843.8000,4843.6000,4843.4000,4842.6000,4842.2000,4846.4000,4846.8000,4847.0000,4847.2000,4847.6000,1,1,1,1,1,1,1,1,2,1
SF,IC2006,2019-12-09 09:34:17.600,4845.4000,22085,0,405822520.000,0,-,-,-,-,4843.8000,4843.6000,4842.6000,4842.2000,4841.6000,4846.2000,4846.4000,4846.8000,4847.0000,4847.2000,1,1,1,1,1,1,1,1,1,2
SF,IC2006,2019-12-09 09:34:18.100,4845.4000,22085,0,405822520.000,0,-,-,-,-,4843.6000,4842.6000,4842.2000,4841.6000,4841.0000,4845.4000,4846.2000,4846.4000,4846.8000,4847.0000,1,1,1,1,2,1,2,1,1,1
SF,IC2006,2019-12-09 09:34:18.600,4843.6000,22084,-1,406791240.000,1,0,1,双平,S,4842.6000,4842.2000,4841.6000,4841.0000,4840.0000,4845.4000,4846.2000,4846.4000,4846.8000,4847.0000,1,1,1,2,2,1,2,1,1,1
SF,IC2006,2019-12-09 09:34:19.100,4843.6000,22084,0,406791240.000,0,-,-,-,-,4842.6000,4842.2000,4841.6000,4841.0000,4840.0000,4843.8000,4845.2000,4845.4000,4846.2000,4846.8000,1,1,1,2,2,1,1,1,2,1
SF,IC2006,2019-12-09 09:34:19.600,4843.6000,22084,0,406791240.000,0,-,-,-,-,4842.6000,4842.2000,4841.6000,4841.0000,4840.0000,4843.8000,4845.2000,4845.4000,4846.2000,4847.0000,1,1,1,2,2,1,2,1,1,1
SF,IC2006,2019-12-09 09:34:20.600,4843.6000,22084,0,406791240.000,0,-,-,-,-,4842.6000,4842.2000,4841.6000,4841.0000,4840.0000,4843.8000,4845.2000,4845.4000,4846.2000,4847.0000,1,1,1,2,2,1,1,1,1,1
SF,IC2006,2019-12-09 09:34:21.100,4843.8000,22084,0,407760000.000,1,0,1,多换,S,4843.8000,4842.6000,4842.2000,4841.6000,4841.0000,4845.2000,4845.4000,4846.2000,4847.0000,4847.2000,1,1,1,1,2,1,1,1,1,2
SF,IC2006,2019-12-09 09:34:21.600,4843.8000,22084,0,408728760.000,1,0,1,多换,S,4842.6000,4842.2000,4841.6000,4841.0000,4840.0000,4845.2000,4845.4000,4846.2000,4847.0000,4847.2000,1,1,1,2,2,1,1,1,1,2
SF,IC2006,2019-12-09 09:34:22.100,4843.8000,22084,0,408728760.000,0,-,-,-,-,4843.8000,4842.8000,4842.6000,4842.2000,4841.6000,4845.2000,4845.4000,4846.2000,4847.0000,4847.2000,5,1,1,1,1,1,1,1,1,2
SF,IC2006,2019-12-09 09:34:22.600,4843.8000,22084,0,408728760.000,0,-,-,-,-,4843.8000,4842.8000,4842.6000,4842.2000,4841.6000,4845.2000,4845.4000,4846.2000,4847.0000,4847.2000,5,1,1,1,1,1,1,1,1,2
SF,IC2006,2019-12-09 09:34:23.100,4843.8000,22084,0,408728760.000,0,-,-,-,-,4843.8000,4842.6000,4842.2000,4841.6000,4841.0000,4845.2000,4845.4000,4846.2000,4847.0000,4847.2000,5,1,1,1,2,1,1,1,1,2
SF,IC2006,2019-12-09 09:34:23.600,4843.8000,22084,0,409697520.000,1,0,1,多换,S,4843.8000,4842.6000,4842.2000,4841.6000,4841.0000,4845.2000,4845.4000,4846.2000,4847.0000,4847.2000,4,1,1,1,2,1,1,1,1,2
SF,IC2006,2019-12-09 09:34:24.100,4843.8000,22084,0,409697520.000,0,-,-,-,-,4843.8000,4842.6000,4842.2000,4842.0000,4841.6000,4845.2000,4845.4000,4846.2000,4847.0000,4847.2000,4,1,1,1,1,1,1,1,1,2
SF,IC2006,2019-12-09 09:34:24.600,4843.8000,22084,0,409697520.000,0,-,-,-,-,4843.8000,4842.6000,4842.2000,4842.0000,4841.6000,4845.4000,4846.2000,4847.0000,4847.2000,4847.6000,4,1,1,1,1,1,1,1,2,1
SF,IC2006,2019-12-09 09:34:25.100,4843.8000,22084,0,409697520.000,0,-,-,-,-,4844.0000,4843.8000,4842.6000,4842.2000,4842.0000,4845.4000,4846.2000,4847.0000,4847.2000,4847.6000,1,5,1,1,1,1,1,1,2,1
SF,IC2006,2019-12-09 09:34:25.600,4843.8000,22084,0,409697520.000,0,-,-,-,-,4844.0000,4843.8000,4842.6000,4842.2000,4842.0000,4845.4000,4846.2000,4847.0000,4847.2000,4847.6000,1,5,1,1,1,1,1,1,2,1
SF,IC2006,2019-12-09 09:34:26.100,4845.4000,22084,0,410666600.000,1,0,1,多换,S,4844.8000,4844.0000,4843.8000,4842.6000,4842.2000,4846.2000,4847.0000,4847.2000,4847.6000,4848.0000,1,1,5,1,1,1,1,2,1,1
SF,IC2006,2019-12-09 09:34:26.600,4844.8000,22083,-1,411635560.000,1,0,1,双平,S,4844.0000,4843.8000,4842.6000,4842.2000,4842.0000,4846.2000,4847.0000,4847.2000,4847.6000,4848.0000,1,5,1,1,1,1,1,2,1,1
SF,IC2006,2019-12-09 09:34:27.100,4844.8000,22083,0,411635560.000,0,-,-,-,-,4844.2000,4844.0000,4843.8000,4842.6000,4842.2000,4846.2000,4847.0000,4847.2000,4847.6000,4848.0000,1,1,5,1,1,1,1,2,1,1
SF,IC2006,2019-12-09 09:34:27.600,4844.8000,22083,0,411635560.000,0,-,-,-,-,4844.2000,4844.0000,4843.8000,4842.6000,4842.2000,4846.2000,4847.0000,4847.2000,4847.6000,4848.0000,1,1,5,1,1,1,1,2,1,1
SF,IC2006,2019-12-09 09:34:28.100,4844.8000,22083,0,411635560.000,0,-,-,-,-,4844.0000,4843.8000,4842.6000,4842.2000,4842.0000,4846.0000,4846.2000,4847.0000,4847.2000,4847.6000,1,5,1,1,1,1,1,1,2,1
SF,IC2006,2019-12-09 09:34:29.100,4844.2000,22082,-1,412604400.000,1,0,1,双平,S,4844.0000,4843.8000,4842.6000,4842.2000,4842.0000,4846.2000,4847.0000,4847.2000,4847.6000,4848.0000,1,5,1,1,1,1,1,2,1,1
SF,IC2006,2019-12-09 09:34:29.600,4844.2000,22082,0,412604400.000,0,-,-,-,-,4844.0000,4843.8000,4842.6000,4842.2000,4842.0000,4847.0000,4847.2000,4847.6000,4848.0000,4848.2000,1,5,1,1,1,1,2,1,1,1
SF,IC2006,2019-12-09 09:34:30.100,4844.2000,22082,0,412604400.000,0,-,-,-,-,4844.2000,4844.0000,4843.8000,4842.6000,4842.2000,4847.0000,4847.2000,4847.6000,4848.0000,4848.2000,1,1,5,1,1,1,2,1,1,1
SF,IC2006,2019-12-09 09:34:30.600,4844.2000,22082,0,412604400.000,0,-,-,-,-,4844.2000,4844.0000,4843.8000,4842.6000,4842.2000,4846.8000,4847.0000,4847.2000,4847.6000,4848.0000,1,1,5,1,1,1,1,2,1,1
SF,IC2006,2019-12-09 09:34:31.100,4846.8000,22081,-1,413573760.000,1,0,1,双平,S,4844.2000,4844.0000,4843.8000,4842.6000,4842.2000,4847.0000,4847.2000,4847.6000,4848.0000,4848.2000,1,1,5,1,1,1,2,1,1,1
SF,IC2006,2019-12-09 09:34:31.600,4846.8000,22081,0,413573760.000,0,-,-,-,-,4844.6000,4844.2000,4844.0000,4843.8000,4842.6000,4846.6000,4847.0000,4847.2000,4847.6000,4848.0000,1,1,1,5,1,1,1,2,1,1
SF,IC2006,2019-12-09 09:34:32.100,4844.6000,22080,-1,414542680.000,1,0,1,双平,S,4844.2000,4844.0000,4843.8000,4842.6000,4842.2000,4846.6000,4847.0000,4847.2000,4847.6000,4848.0000,1,1,5,1,1,1,1,2,1,1
SF,IC2006,2019-12-09 09:34:32.600,4844.6000,22080,0,414542680.000,0,-,-,-,-,4844.8000,4844.2000,4844.0000,4843.8000,4842.6000,4846.6000,4847.0000,4847.2000,4847.6000,4848.0000,1,1,1,5,1,1,1,2,1,1
SF,IC2006,2019-12-09 09:34:33.100,4844.6000,22080,0,414542680.000,0,-,-,-,-,4844.8000,4844.2000,4844.0000,4843.8000,4842.6000,4847.0000,4847.2000,4847.6000,4848.0000,4848.2000,1,1,1,5,1,1,2,1,1,1
SF,IC2006,2019-12-09 09:34:33.600,4844.6000,22080,0,414542680.000,0,-,-,-,-,4845.0000,4844.4000,4844.2000,4844.0000,4843.8000,4846.8000,4847.0000,4847.2000,4847.6000,4848.0000,1,1,1,1,5,1,1,2,1,1
SF,IC2006,2019-12-09 09:34:34.600,4844.6000,22080,0,414542680.000,0,-,-,-,-,4845.0000,4844.4000,4844.2000,4844.0000,4843.8000,4847.0000,4847.2000,4847.6000,4848.0000,4848.2000,1,1,1,1,5,1,2,1,1,1
SF,IC2006,2019-12-09 09:34:35.100,4844.6000,22080,0,414542680.000,0,-,-,-,-,4845.2000,4845.0000,4844.4000,4844.2000,4844.0000,4847.0000,4847.2000,4847.6000,4848.0000,4848.2000,3,1,1,1,1,1,2,1,1,1
SF,IC2006,2019-12-09 09:34:35.600,4844.8000,22079,-1,415511640.000,1,0,1,双平,S,4845.2000,4845.0000,4844.4000,4844.2000,4844.0000,4847.0000,4847.2000,4847.6000,4848.0000,4848.2000,2,1,1,1,1,1,2,1,1,1
SF,IC2006,2019-12-09 09:34:36.100,4844.8000,22079,0,415511640.000,0,-,-,-,-,4845.2000,4845.0000,4844.4000,4844.2000,4844.0000,4847.0000,4847.2000,4847.6000,4848.0000,4848.2000,2,1,1,1,1,1,2,1,1,1
SF,IC2006,2019-12-09 09:34:36.600,4847.0000,22079,0,416481040.000,1,0,1,多换,S,4847.0000,4845.2000,4845.0000,4844.4000,4844.2000,4847.2000,4847.6000,4848.0000,4848.2000,4849.0000,1,1,1,1,1,2,1,1,1,5
SF,IC2006,2019-12-09 09:34:37.100,4847.0000,22078,-1,417450440.000,1,0,1,双平,S,4845.4000,4845.2000,4845.0000,4844.2000,4844.0000,4846.8000,4847.0000,4847.2000,4847.6000,4848.0000,1,1,1,1,1,1,1,2,1,1
SF,IC2006,2019-12-09 09:34:37.600,4846.8000,22078,0,418419800.000,1,0,1,多换,S,4845.6000,4845.4000,4845.0000,4844.0000,4843.8000,4847.0000,4847.2000,4847.6000,4848.0000,4848.2000,2,1,1,1,5,1,2,1,1,1
SF,IC2006,2019-12-09 09:34:38.100,4846.8000,22078,0,418419800.000,0,-,-,-,-,4845.8000,4845.6000,4845.4000,4845.0000,4844.0000,4847.2000,4847.6000,4848.0000,4848.2000,4849.0000,1,2,1,1,1,2,1,1,1,5
SF,IC2006,2019-12-09 09:34:38.600,4846.8000,22078,0,419389160.000,1,0,1,多换,S,4846.0000,4845.8000,4845.6000,4845.4000,4845.0000,4847.0000,4847.2000,4847.6000,4848.0000,4848.2000,1,1,1,1,1,1,2,1,1,1
