市场代码,合约代码,时间,最新,持仓,增仓,成交额,成交量,开仓,平仓,成交类型,方向,买一价,买二价,买三价,买四价,买五价,卖一价,卖二价,卖三价,卖四价,卖五价,买一量,买二量,买三量,买四量,买五量,卖一量,卖二量,卖三量,卖四量,卖五量
SF,IC2009,2020-02-18 09:29:00.000,5411.0000,11202,0,36794800.000,34.000,-,-,-,-,5404.0000,5403.6000,5402.0000,5400.4000,5400.2000,5419.0000,5419.6000,5422.6000,5423.0000,5430.0000,1,1,1,1,1,5,3,1,5,4
SF,IC2009,2020-02-18 09:30:00.500,5411.0000,11202,0,36794800.000,0,-,-,-,-,5416.2000,5411.4000,5409.8000,5405.6000,5405.4000,5418.6000,5419.0000,5419.6000,5422.6000,5423.0000,1,1,1,1,2,1,5,3,1,5
SF,IC2009,2020-02-18 09:30:01.000,5416.2000,11200,-2,42211000.000,5,1,4,多平,S,5411.4000,5409.8000,5404.4000,5404.0000,5403.6000,5415.0000,5416.0000,5417.2000,5418.0000,5418.6000,1,1,2,1,1,1,1,1,1,2
SF,IC2009,2020-02-18 09:30:01.500,5416.2000,11200,0,42211000.000,0,-,-,-,-,5411.6000,5411.4000,5410.0000,5409.8000,5404.4000,5415.0000,5416.0000,5417.2000,5418.0000,5418.6000,1,1,1,1,2,1,1,1,1,2
SF,IC2009,2020-02-18 09:30:02.000,5411.8000,11197,-3,45459360.000,3,0,3,双平,S,5411.4000,5410.0000,5409.8000,5405.0000,5404.4000,5412.0000,5414.8000,5416.0000,5418.6000,5418.8000,1,1,1,1,2,1,1,1,2,3
SF,IC2009,2020-02-18 09:30:02.500,5412.0000,11197,0,46541760.000,1,0,1,多换,S,5410.0000,5405.0000,5404.4000,5404.0000,5403.6000,5412.0000,5414.8000,5416.0000,5418.6000,5418.8000,1,1,2,2,1,1,1,1,2,3
SF,IC2009,2020-02-18 09:30:03.000,5412.0000,11197,0,46541760.000,0,-,-,-,-,5410.4000,5410.2000,5410.0000,5405.0000,5404.4000,5412.0000,5416.0000,5416.2000,5418.6000,5418.8000,2,1,1,1,2,2,1,2,2,3
SF,IC2009,2020-02-18 09:30:03.500,5412.0000,11198,1,47624160.000,1,1,0,双开,S,5410.2000,5410.0000,5405.0000,5404.4000,5404.0000,5412.0000,5416.0000,5416.2000,5418.6000,5418.8000,1,1,1,2,2,1,1,2,2,3
SF,IC2009,2020-02-18 09:30:04.000,5412.0000,11198,0,49788600.000,2,1,1,多换,S,5410.6000,5410.0000,5405.0000,5404.4000,5404.0000,5416.0000,5416.2000,5418.6000,5418.8000,5419.0000,1,1,1,2,2,1,2,2,3,5
SF,IC2009,2020-02-18 09:30:04.500,5412.0000,11198,0,49788600.000,0,-,-,-,-,5410.6000,5410.0000,5405.0000,5404.4000,5404.0000,5416.0000,5416.2000,5418.6000,5418.8000,5419.0000,1,1,1,2,2,1,3,2,3,5
SF,IC2009,2020-02-18 09:30:05.000,5412.0000,11198,0,49788600.000,0,-,-,-,-,5411.0000,5410.0000,5405.0000,5404.4000,5404.0000,5416.0000,5416.2000,5418.6000,5418.8000,5419.0000,2,1,1,2,2,1,3,2,3,5
SF,IC2009,2020-02-18 09:30:05.500,5412.0000,11198,0,49788600.000,0,-,-,-,-,5410.0000,5405.0000,5404.4000,5404.0000,5403.6000,5416.0000,5416.2000,5418.6000,5418.8000,5419.0000,1,1,2,2,1,1,3,2,3,5
SF,IC2009,2020-02-18 09:30:06.000,5416.0000,11198,0,50871800.000,1,0,1,多换,S,5416.0000,5410.4000,5410.0000,5405.0000,5404.4000,5416.2000,5418.6000,5418.8000,5419.0000,5419.6000,1,2,1,1,2,3,2,3,5,3
SF,IC2009,2020-02-18 09:30:06.500,5416.0000,11198,0,51955000.000,1,0,1,多换,S,5416.0000,5410.4000,5410.0000,5405.0000,5404.4000,5416.2000,5418.6000,5418.8000,5419.0000,5419.6000,1,1,1,1,2,3,2,3,5,3
SF,IC2009,2020-02-18 09:30:07.000,5416.2000,11198,0,55204680.000,3,1,2,多换,S,5410.0000,5405.0000,5404.4000,5404.0000,5403.6000,5416.2000,5418.6000,5418.8000,5419.0000,5419.6000,1,1,2,2,1,2,2,3,5,3
SF,IC2009,2020-02-18 09:30:07.500,5416.2000,11197,-1,56287920.000,1,0,1,双平,S,5410.2000,5410.0000,5405.0000,5404.4000,5404.0000,5416.0000,5416.2000,5418.6000,5418.8000,5419.0000,2,1,1,2,2,1,1,2,3,5
SF,IC2009,2020-02-18 09:30:08.000,5416.2000,11197,0,56287920.000,0,-,-,-,-,5410.2000,5410.0000,5405.0000,5404.4000,5404.0000,5416.0000,5416.2000,5418.6000,5418.8000,5419.0000,2,1,1,2,2,2,1,2,3,5
SF,IC2009,2020-02-18 09:30:09.000,5416.2000,11197,0,56287920.000,0,-,-,-,-,5411.0000,5410.6000,5410.2000,5410.0000,5405.0000,5416.0000,5418.6000,5418.8000,5419.0000,5419.6000,1,1,2,1,1,2,2,3,5,3
SF,IC2009,2020-02-18 09:30:09.500,5416.2000,11197,0,56287920.000,0,-,-,-,-,5411.0000,5410.4000,5410.2000,5410.0000,5405.0000,5415.8000,5416.0000,5416.2000,5418.6000,5418.8000,1,1,3,1,1,1,1,1,2,3
SF,IC2009,2020-02-18 09:30:10.000,5416.2000,11197,0,56287920.000,0,-,-,-,-,5411.4000,5411.0000,5410.4000,5410.2000,5410.0000,5414.2000,5415.8000,5416.0000,5416.2000,5418.6000,1,1,1,1,1,1,1,2,1,2
SF,IC2009,2020-02-18 09:30:10.500,5416.2000,11197,0,56287920.000,0,-,-,-,-,5411.0000,5410.4000,5410.2000,5410.0000,5405.0000,5414.0000,5415.4000,5416.0000,5416.2000,5418.6000,1,1,1,1,1,1,1,2,1,2
SF,IC2009,2020-02-18 09:30:11.000,5414.2000,11196,-1,58453600.000,2,0,2,多平,S,5411.4000,5411.2000,5410.2000,5410.0000,5405.0000,5414.2000,5415.4000,5416.0000,5416.2000,5418.6000,1,1,1,1,1,2,1,2,1,2
SF,IC2009,2020-02-18 09:30:11.500,5411.4000,11195,-1,60618160.000,2,0,2,多平,S,5410.2000,5410.0000,5405.0000,5404.4000,5404.0000,5411.4000,5414.0000,5414.2000,5415.4000,5416.0000,1,1,1,2,3,1,1,2,1,4
SF,IC2009,2020-02-18 09:30:12.000,5411.4000,11195,0,60618160.000,0,-,-,-,-,5410.2000,5410.0000,5405.0000,5404.4000,5404.0000,5411.4000,5414.0000,5414.2000,5415.4000,5415.8000,1,1,1,2,3,1,2,2,1,1
SF,IC2009,2020-02-18 09:30:12.500,5411.4000,11195,0,60618160.000,0,-,-,-,-,5410.2000,5410.0000,5405.0000,5404.4000,5404.0000,5411.4000,5414.0000,5414.2000,5415.4000,5415.8000,1,1,1,2,3,1,3,2,1,1
SF,IC2009,2020-02-18 09:30:13.000,5411.4000,11195,0,61700440.000,1,0,1,多换,S,5410.6000,5410.2000,5410.0000,5407.0000,5405.0000,5411.4000,5414.0000,5414.2000,5415.4000,5415.8000,1,1,1,2,1,6,3,2,1,1
SF,IC2009,2020-02-18 09:30:13.500,5410.6000,11195,0,62782560.000,1,0,1,多换,S,5410.2000,5410.0000,5407.0000,5405.0000,5404.4000,5411.4000,5414.0000,5414.2000,5415.4000,5415.8000,1,1,2,1,2,6,3,2,1,1
SF,IC2009,2020-02-18 09:30:14.000,5410.2000,11194,-1,63864600.000,1,0,1,双平,S,5410.0000,5407.0000,5405.0000,5404.4000,5404.0000,5411.4000,5414.0000,5414.2000,5415.4000,5415.8000,1,2,1,2,3,7,3,2,1,1
SF,IC2009,2020-02-18 09:30:14.500,5410.2000,11194,0,63864600.000,0,-,-,-,-,5410.2000,5410.0000,5407.0000,5405.0000,5404.4000,5411.4000,5414.0000,5414.2000,5415.4000,5416.0000,1,6,2,1,2,7,3,2,1,4
SF,IC2009,2020-02-18 09:30:15.000,5410.2000,11194,0,63864600.000,0,-,-,-,-,5410.2000,5410.0000,5407.0000,5405.0000,5404.4000,5410.6000,5411.4000,5414.0000,5414.2000,5415.4000,1,6,2,1,2,1,7,3,2,1
SF,IC2009,2020-02-18 09:30:15.500,5410.2000,11193,-1,66028680.000,2,0,2,多平,S,5410.0000,5407.0000,5405.0000,5404.4000,5404.0000,5410.2000,5410.6000,5411.4000,5414.0000,5414.2000,6,2,1,2,3,2,1,7,3,2
SF,IC2009,2020-02-18 09:30:16.000,5410.0000,11193,0,71438680.000,5,2,3,多换,S,5410.0000,5407.0000,5405.0000,5404.4000,5404.0000,5410.2000,5410.6000,5411.4000,5414.0000,5414.2000,1,2,1,2,3,3,1,7,3,2
SF,IC2009,2020-02-18 09:30:16.500,5410.0000,11193,0,72520680.000,1,0,1,多换,S,5407.0000,5405.0000,5404.4000,5404.0000,5403.6000,5410.2000,5410.6000,5411.4000,5414.0000,5414.2000,2,1,2,3,1,3,1,7,3,2
SF,IC2009,2020-02-18 09:30:17.000,5407.2000,11192,-1,73602120.000,1,0,1,双平,S,5407.0000,5405.0000,5404.4000,5404.0000,5403.6000,5410.0000,5410.2000,5410.6000,5411.4000,5414.0000,2,1,2,3,1,1,3,1,7,2
SF,IC2009,2020-02-18 09:30:17.500,5410.2000,11189,-3,77930240.000,4,0,4,多平,S,5407.2000,5407.0000,5405.0000,5404.4000,5404.0000,5410.6000,5411.4000,5414.0000,5415.4000,5416.0000,1,2,1,2,3,1,7,2,1,2
SF,IC2009,2020-02-18 09:30:18.000,5410.6000,11188,-1,79012360.000,1,0,1,双平,S,5407.2000,5407.0000,5405.0000,5404.4000,5404.0000,5411.4000,5414.0000,5415.4000,5416.0000,5416.2000,2,2,1,2,3,7,2,1,2,1
SF,IC2009,2020-02-18 09:30:18.500,5407.4000,11187,-1,80093840.000,1,0,1,双平,S,5407.2000,5407.0000,5405.0000,5404.4000,5404.0000,5411.4000,5414.0000,5415.4000,5416.0000,5416.2000,2,2,1,2,3,7,2,1,2,1
SF,IC2009,2020-02-18 09:30:19.000,5407.4000,11186,-1,81175320.000,1,0,1,双平,S,5407.4000,5407.2000,5407.0000,5405.0000,5404.4000,5411.4000,5414.0000,5415.4000,5416.0000,5416.2000,1,1,2,1,2,7,2,1,2,1
SF,IC2009,2020-02-18 09:30:19.500,5407.4000,11186,0,81175320.000,0,-,-,-,-,5407.8000,5407.6000,5407.4000,5407.0000,5405.0000,5411.4000,5414.0000,5415.4000,5416.0000,5416.2000,1,1,1,2,1,7,2,1,2,1
SF,IC2009,2020-02-18 09:30:20.000,5407.4000,11185,-1,82256800.000,1,0,1,双平,S,5408.0000,5407.8000,5407.4000,5407.0000,5405.0000,5411.4000,5414.0000,5415.4000,5416.0000,5416.2000,1,1,1,2,1,8,1,1,2,1
SF,IC2009,2020-02-18 09:30:20.500,5407.8000,11184,-1,83338360.000,1,0,1,双平,S,5407.8000,5407.4000,5407.0000,5405.0000,5404.4000,5411.4000,5414.0000,5415.4000,5416.0000,5416.2000,2,1,2,1,2,8,1,1,2,1
SF,IC2009,2020-02-18 09:30:21.000,5407.8000,11184,0,83338360.000,0,-,-,-,-,5407.4000,5407.0000,5405.0000,5404.4000,5404.0000,5411.4000,5414.0000,5415.4000,5416.0000,5416.2000,1,2,1,2,3,8,1,1,2,1
SF,IC2009,2020-02-18 09:30:21.500,5407.8000,11184,0,83338360.000,0,-,-,-,-,5407.4000,5407.0000,5405.0000,5404.4000,5404.0000,5411.4000,5414.0000,5416.0000,5416.2000,5418.6000,1,2,1,2,3,8,1,2,1,1
SF,IC2009,2020-02-18 09:30:22.000,5407.8000,11184,0,83338360.000,0,-,-,-,-,5407.8000,5407.4000,5407.0000,5405.0000,5404.4000,5411.4000,5414.0000,5416.0000,5416.2000,5418.6000,1,1,2,1,2,8,1,2,1,1
SF,IC2009,2020-02-18 09:30:22.500,5407.8000,11183,-1,84419920.000,1,0,1,双平,S,5407.4000,5407.0000,5405.0000,5404.4000,5404.0000,5411.0000,5411.4000,5414.0000,5416.0000,5416.2000,1,2,1,2,3,1,8,1,2,1
SF,IC2009,2020-02-18 09:30:23.000,5407.8000,11183,0,84419920.000,0,-,-,-,-,5407.4000,5407.2000,5407.0000,5405.0000,5404.4000,5411.0000,5411.4000,5414.0000,5416.0000,5416.2000,1,2,2,1,2,1,8,1,2,1
SF,IC2009,2020-02-18 09:30:23.500,5407.8000,11183,0,84419920.000,0,-,-,-,-,5407.4000,5407.2000,5407.0000,5405.0000,5404.4000,5410.0000,5411.0000,5411.4000,5414.0000,5416.0000,2,2,2,1,2,1,2,9,1,2
SF,IC2009,2020-02-18 09:30:24.000,5410.0000,11182,-1,85501920.000,1,0,1,双平,S,5407.8000,5407.6000,5407.4000,5407.2000,5407.0000,5411.0000,5411.4000,5414.0000,5416.0000,5416.2000,1,2,1,2,2,2,9,1,2,1
SF,IC2009,2020-02-18 09:30:24.500,5410.0000,11182,0,85501920.000,0,-,-,-,-,5407.8000,5407.4000,5407.0000,5405.0000,5404.4000,5411.0000,5411.4000,5414.0000,5416.0000,5416.2000,1,1,2,1,2,1,9,1,2,1
SF,IC2009,2020-02-18 09:30:25.000,5410.0000,11182,0,85501920.000,0,-,-,-,-,5408.0000,5407.8000,5407.4000,5407.0000,5405.0000,5411.0000,5411.4000,5414.0000,5416.0000,5416.2000,1,1,1,2,1,1,9,1,2,1
SF,IC2009,2020-02-18 09:30:25.500,5410.0000,11182,0,85501920.000,0,-,-,-,-,5407.8000,5407.0000,5405.0000,5404.4000,5404.0000,5411.0000,5411.4000,5414.0000,5416.0000,5416.2000,1,2,1,2,3,1,9,1,2,1
SF,IC2009,2020-02-18 09:30:26.000,5410.0000,11182,0,85501920.000,0,-,-,-,-,5408.4000,5408.2000,5407.8000,5407.0000,5405.0000,5411.0000,5411.4000,5414.0000,5416.0000,5416.2000,1,1,1,2,1,1,9,1,2,1
SF,IC2009,2020-02-18 09:30:27.500,5410.0000,11182,0,85501920.000,0,-,-,-,-,5408.6000,5408.4000,5408.2000,5407.4000,5407.0000,5411.0000,5411.4000,5414.0000,5416.0000,5416.2000,1,1,1,2,2,1,9,1,2,1
SF,IC2009,2020-02-18 09:30:28.000,5408.4000,11180,-2,87665320.000,2,0,2,双平,S,5407.4000,5407.0000,5405.0000,5404.4000,5404.0000,5408.4000,5411.0000,5411.4000,5414.0000,5416.0000,1,2,1,2,3,3,1,9,1,2
SF,IC2009,2020-02-18 09:30:28.500,5408.4000,11177,-3,90910360.000,3,0,3,双平,S,5408.4000,5407.4000,5407.0000,5405.0000,5404.4000,5411.0000,5411.4000,5414.0000,5416.0000,5416.2000,13,1,2,1,2,1,9,1,2,1
SF,IC2009,2020-02-18 09:30:29.000,5408.4000,11177,0,90910360.000,0,-,-,-,-,5408.6000,5408.2000,5407.4000,5407.0000,5405.0000,5411.0000,5411.4000,5414.0000,5416.0000,5416.2000,1,1,1,2,1,1,9,1,2,1
SF,IC2009,2020-02-18 09:30:29.500,5408.4000,11177,0,90910360.000,0,-,-,-,-,5410.0000,5408.6000,5408.2000,5407.4000,5407.0000,5411.0000,5411.4000,5414.0000,5416.0000,5416.2000,1,1,1,1,2,1,9,1,2,1
SF,IC2009,2020-02-18 09:30:30.000,5410.0000,11177,0,91992360.000,1,0,1,多换,S,5409.0000,5408.6000,5408.2000,5407.4000,5407.0000,5411.0000,5411.4000,5414.0000,5416.0000,5416.2000,1,1,1,1,2,1,9,1,2,1
SF,IC2009,2020-02-18 09:30:30.500,5409.6000,11177,0,93074280.000,1,0,1,多换,S,5409.0000,5408.6000,5408.2000,5407.4000,5407.0000,5411.0000,5411.4000,5414.0000,5416.0000,5416.2000,1,1,1,1,2,1,9,1,2,1
SF,IC2009,2020-02-18 09:30:31.500,5409.6000,11177,0,93074280.000,0,-,-,-,-,5409.0000,5408.6000,5408.2000,5407.4000,5407.0000,5411.0000,5411.4000,5414.0000,5416.0000,5416.2000,1,1,1,1,2,2,9,1,2,1
SF,IC2009,2020-02-18 09:30:32.000,5409.6000,11177,0,93074280.000,0,-,-,-,-,5410.0000,5409.0000,5408.6000,5408.2000,5407.4000,5411.0000,5411.4000,5414.0000,5416.0000,5416.2000,1,1,1,1,1,2,9,1,2,1
SF,IC2009,2020-02-18 09:30:32.500,5409.6000,11177,0,93074280.000,0,-,-,-,-,5410.0000,5409.0000,5408.6000,5408.2000,5407.4000,5411.0000,5411.4000,5414.0000,5416.0000,5418.6000,1,1,1,1,1,2,9,1,2,1
SF,IC2009,2020-02-18 09:30:33.000,5411.0000,11177,0,94156480.000,1,0,1,多换,S,5410.0000,5409.0000,5408.6000,5408.2000,5407.4000,5411.0000,5411.4000,5414.0000,5416.0000,5418.6000,1,1,1,1,1,1,9,1,2,1
SF,IC2009,2020-02-18 09:30:33.500,5411.0000,11177,0,96320880.000,2,1,1,多换,S,5411.0000,5410.0000,5409.0000,5408.6000,5408.2000,5411.4000,5414.0000,5416.0000,5418.6000,5419.0000,1,2,1,1,1,9,1,2,1,5
SF,IC2009,2020-02-18 09:30:34.000,5411.4000,11176,-1,97403160.000,1,0,1,双平,S,5411.0000,5410.0000,5409.0000,5408.6000,5408.2000,5411.4000,5414.0000,5416.0000,5418.6000,5419.0000,2,2,1,1,1,8,1,2,1,5
SF,IC2009,2020-02-18 09:30:34.500,5411.4000,11175,-1,98485440.000,1,0,1,双平,S,5411.0000,5410.0000,5409.0000,5408.6000,5408.2000,5411.4000,5414.0000,5416.0000,5418.6000,5419.0000,3,2,1,1,1,7,1,2,1,5
SF,IC2009,2020-02-18 09:30:35.000,5411.4000,11175,0,98485440.000,0,-,-,-,-,5411.0000,5410.0000,5409.0000,5408.6000,5408.2000,5411.4000,5414.0000,5416.0000,5418.6000,5419.0000,3,2,1,1,1,7,1,2,1,5
SF,IC2009,2020-02-18 09:30:35.500,5411.2000,11175,0,99567680.000,1,0,1,多换,S,5411.0000,5410.0000,5409.0000,5408.6000,5408.2000,5411.4000,5414.0000,5416.0000,5418.6000,5419.0000,3,2,1,1,1,7,1,2,1,5
SF,IC2009,2020-02-18 09:30:36.000,5411.2000,11175,0,99567680.000,0,-,-,-,-,5411.0000,5410.0000,5409.0000,5408.6000,5408.2000,5411.4000,5414.0000,5416.0000,5418.6000,5419.0000,3,2,1,1,1,8,1,2,1,5
SF,IC2009,2020-02-18 09:30:36.500,5411.2000,11175,0,99567680.000,0,-,-,-,-,5411.0000,5410.0000,5409.0000,5408.6000,5408.2000,5411.4000,5414.0000,5416.0000,5418.6000,5419.0000,3,3,2,1,1,8,1,2,1,5
SF,IC2009,2020-02-18 09:30:37.000,5411.0000,11174,-1,102814280.000,3,1,2,多平,S,5410.0000,5409.0000,5408.6000,5408.2000,5407.4000,5411.4000,5414.0000,5416.0000,5418.6000,5419.0000,3,2,1,1,1,8,1,2,1,5
SF,IC2009,2020-02-18 09:30:37.500,5410.0000,11174,0,107142840.000,4,2,2,多换,S,5410.0000,5409.0000,5408.6000,5408.2000,5407.4000,5411.4000,5414.0000,5416.0000,5418.6000,5419.0000,1,2,1,1,1,6,1,1,1,5
SF,IC2009,2020-02-18 09:30:38.000,5410.0000,11174,0,107142840.000,0,-,-,-,-,5410.0000,5409.0000,5408.6000,5408.2000,5407.4000,5411.4000,5414.0000,5416.0000,5418.6000,5419.0000,1,2,1,1,1,6,1,1,1,5
SF,IC2009,2020-02-18 09:30:38.500,5410.0000,11174,0,107142840.000,0,-,-,-,-,5410.0000,5409.0000,5408.6000,5408.2000,5407.4000,5411.0000,5411.4000,5414.0000,5416.0000,5418.6000,1,2,1,1,1,1,6,1,1,1
SF,IC2009,2020-02-18 09:30:39.000,5410.0000,11174,0,107142840.000,0,-,-,-,-,5410.0000,5409.0000,5408.6000,5408.2000,5407.4000,5411.0000,5411.4000,5414.0000,5416.0000,5418.6000,1,2,1,1,1,1,7,1,1,1
SF,IC2009,2020-02-18 09:30:39.500,5411.4000,11173,-1,109307320.000,2,0,2,多平,S,5411.0000,5410.0000,5409.0000,5408.6000,5408.2000,5411.4000,5414.0000,5416.0000,5418.6000,5419.0000,12,1,2,1,1,6,1,1,1,5
SF,IC2009,2020-02-18 09:30:40.000,5411.4000,11170,-3,114718600.000,5,1,4,多平,S,5411.0000,5410.0000,5409.0000,5408.6000,5408.2000,5411.4000,5414.0000,5416.0000,5418.6000,5419.0000,12,1,2,1,1,4,1,1,1,5
SF,IC2009,2020-02-18 09:30:40.500,5411.4000,11170,0,114718600.000,0,-,-,-,-,5411.0000,5410.0000,5409.0000,5408.6000,5408.2000,5411.4000,5414.0000,5416.0000,5418.6000,5419.0000,16,1,2,1,1,4,1,1,1,5
SF,IC2009,2020-02-18 09:30:41.000,5411.4000,11170,0,116883080.000,2,1,1,多换,S,5411.0000,5410.0000,5409.0000,5408.6000,5408.2000,5411.4000,5414.0000,5416.0000,5418.6000,5419.0000,4,1,2,1,1,3,1,1,1,5
SF,IC2009,2020-02-18 09:30:41.500,5411.4000,11170,0,117965360.000,1,0,1,多换,S,5411.0000,5410.0000,5409.0000,5408.6000,5408.2000,5411.4000,5414.0000,5416.0000,5418.6000,5419.0000,4,1,2,1,1,2,1,1,1,5
SF,IC2009,2020-02-18 09:30:42.000,5411.4000,11170,0,117965360.000,0,-,-,-,-,5411.0000,5410.0000,5409.0000,5408.6000,5408.2000,5411.4000,5414.0000,5416.0000,5418.6000,5419.0000,4,1,1,1,1,2,1,1,1,5
SF,IC2009,2020-02-18 09:30:42.500,5411.4000,11173,3,121212120.000,3,3,0,双开,S,5411.4000,5411.0000,5410.0000,5409.0000,5408.6000,5414.0000,5416.0000,5418.6000,5419.0000,5419.6000,3,3,1,1,1,1,1,1,5,3
SF,IC2009,2020-02-18 09:30:43.000,5411.4000,11174,1,122294400.000,1,1,0,双开,S,5411.4000,5411.0000,5410.0000,5409.0000,5408.6000,5413.8000,5414.0000,5416.0000,5418.6000,5419.0000,2,3,1,1,1,1,1,1,1,5
SF,IC2009,2020-02-18 09:30:43.500,5411.4000,11174,0,122294400.000,0,-,-,-,-,5411.4000,5411.0000,5410.0000,5409.0000,5408.2000,5413.8000,5414.0000,5416.0000,5418.6000,5419.0000,3,4,2,1,1,1,1,1,1,5
SF,IC2009,2020-02-18 09:30:44.000,5413.8000,11173,-1,124459440.000,2,0,2,多平,S,5411.4000,5411.0000,5410.0000,5409.0000,5408.2000,5414.0000,5416.0000,5418.6000,5419.0000,5419.6000,2,4,2,1,1,1,1,1,5,3
SF,IC2009,2020-02-18 09:30:44.500,5414.0000,11174,1,125542240.000,1,1,0,双开,S,5414.0000,5411.6000,5411.4000,5411.0000,5410.0000,5416.0000,5418.6000,5419.0000,5419.6000,5422.6000,4,1,2,4,2,1,1,5,3,1
SF,IC2009,2020-02-18 09:30:45.000,5414.0000,11174,0,126625040.000,1,0,1,多换,S,5414.0000,5411.6000,5411.4000,5411.0000,5410.0000,5416.0000,5416.2000,5418.6000,5419.0000,5419.6000,3,1,2,4,2,1,1,1,5,3
SF,IC2009,2020-02-18 09:30:45.500,5414.0000,11174,0,126625040.000,0,-,-,-,-,5414.0000,5411.6000,5411.4000,5411.0000,5410.0000,5416.0000,5418.6000,5419.0000,5419.6000,5422.6000,3,1,2,4,2,1,1,5,3,1
SF,IC2009,2020-02-18 09:30:46.000,5416.0000,11175,1,127708240.000,1,1,0,双开,S,5414.0000,5411.6000,5411.4000,5411.0000,5410.0000,5416.2000,5418.6000,5419.0000,5419.6000,5422.6000,4,1,2,4,2,1,1,5,3,1
SF,IC2009,2020-02-18 09:30:46.500,5416.2000,11175,0,129874280.000,2,1,1,多换,S,5416.2000,5414.0000,5411.6000,5411.4000,5411.0000,5418.6000,5419.0000,5419.6000,5422.6000,5425.0000,4,3,1,2,4,1,5,3,1,1
SF,IC2009,2020-02-18 09:30:47.000,5416.2000,11175,0,134207240.000,4,2,2,多换,S,5416.0000,5414.0000,5411.6000,5411.4000,5411.0000,5417.2000,5418.0000,5418.2000,5418.6000,5418.8000,1,3,1,2,4,1,1,1,2,2
SF,IC2009,2020-02-18 09:30:47.500,5416.0000,11176,1,136373640.000,2,1,1,空开,S,5414.0000,5411.6000,5411.4000,5411.0000,5410.0000,5416.8000,5417.0000,5417.2000,5418.0000,5418.2000,3,1,2,4,2,1,1,1,1,1
SF,IC2009,2020-02-18 09:30:48.000,5416.0000,11176,0,136373640.000,0,-,-,-,-,5414.2000,5414.0000,5411.4000,5411.0000,5410.0000,5416.8000,5417.0000,5417.2000,5418.0000,5418.2000,1,3,2,4,2,1,1,1,1,1
SF,IC2009,2020-02-18 09:30:49.000,5417.2000,11174,-2,141789960.000,5,1,4,多平,S,5416.8000,5414.4000,5414.0000,5411.4000,5411.0000,5418.0000,5418.2000,5418.6000,5418.8000,5419.0000,2,1,3,2,4,1,1,2,2,5
SF,IC2009,2020-02-18 09:30:49.500,5416.8000,11174,0,143956680.000,2,1,1,多换,S,5414.4000,5414.0000,5411.4000,5411.0000,5410.0000,5416.6000,5417.6000,5418.0000,5418.2000,5418.6000,1,3,2,4,2,1,1,1,1,2
SF,IC2009,2020-02-18 09:30:50.000,5416.6000,11173,-1,145040000.000,1,0,1,双平,S,5414.4000,5414.0000,5411.4000,5411.0000,5410.0000,5417.6000,5418.0000,5418.2000,5418.6000,5418.8000,1,3,2,4,2,1,1,1,2,2
SF,IC2009,2020-02-18 09:30:50.500,5416.6000,11173,0,145040000.000,0,-,-,-,-,5414.6000,5414.4000,5414.0000,5411.4000,5411.0000,5416.8000,5418.0000,5418.2000,5418.6000,5418.8000,1,1,3,2,4,1,1,1,2,2
SF,IC2009,2020-02-18 09:30:51.000,5414.6000,11172,-1,146122920.000,1,0,1,双平,S,5414.4000,5414.0000,5411.4000,5411.0000,5410.0000,5416.8000,5417.8000,5418.0000,5418.2000,5418.6000,1,3,2,4,2,1,1,1,1,2
SF,IC2009,2020-02-18 09:30:51.500,5416.6000,11171,-1,147206240.000,1,0,1,双平,S,5414.4000,5414.0000,5411.4000,5411.0000,5410.0000,5416.8000,5417.8000,5418.0000,5418.2000,5418.6000,1,3,2,4,2,1,1,1,1,2
SF,IC2009,2020-02-18 09:30:52.000,5416.6000,11171,0,147206240.000,0,-,-,-,-,5414.4000,5414.0000,5411.4000,5411.0000,5410.0000,5416.8000,5417.8000,5418.0000,5418.2000,5418.6000,1,3,2,4,2,1,1,1,1,2
SF,IC2009,2020-02-18 09:30:52.500,5416.6000,11171,0,147206240.000,0,-,-,-,-,5414.4000,5414.0000,5411.4000,5411.0000,5410.0000,5416.8000,5417.8000,5418.0000,5418.2000,5418.6000,1,3,2,4,2,1,1,1,1,2
SF,IC2009,2020-02-18 09:30:53.000,5416.6000,11171,0,147206240.000,0,-,-,-,-,5414.4000,5414.0000,5411.4000,5411.0000,5410.0000,5416.8000,5417.8000,5418.0000,5418.2000,5418.6000,1,3,2,4,2,1,1,1,1,2
SF,IC2009,2020-02-18 09:30:53.500,5416.8000,11171,0,148289600.000,1,0,1,多换,S,5416.8000,5414.4000,5414.0000,5411.4000,5411.0000,5417.8000,5418.0000,5418.2000,5418.6000,5418.8000,4,1,3,2,4,1,1,1,2,2
SF,IC2009,2020-02-18 09:30:54.000,5416.8000,11171,0,152623040.000,4,2,2,多换,S,5416.8000,5414.4000,5414.0000,5411.4000,5411.0000,5417.4000,5417.8000,5418.0000,5418.2000,5418.6000,3,1,3,2,4,1,1,1,1,2
SF,IC2009,2020-02-18 09:30:54.500,5416.8000,11168,-3,155873120.000,3,0,3,双平,S,5414.4000,5414.0000,5411.4000,5411.0000,5410.0000,5416.6000,5417.4000,5417.8000,5418.0000,5418.2000,1,3,2,4,2,1,1,1,1,1
SF,IC2009,2020-02-18 09:30:55.000,5414.4000,11167,-1,162372800.000,6,2,4,多平,S,5414.0000,5411.4000,5411.0000,5410.0000,5409.2000,5416.6000,5417.4000,5418.0000,5418.2000,5418.6000,3,2,4,2,1,1,1,1,1,2
SF,IC2009,2020-02-18 09:30:55.500,5416.6000,11167,0,163456120.000,1,0,1,多换,S,5415.0000,5414.0000,5411.4000,5411.0000,5410.0000,5417.4000,5418.0000,5418.2000,5418.6000,5418.8000,1,3,2,4,2,1,1,1,2,2
SF,IC2009,2020-02-18 09:30:56.000,5416.6000,11167,0,163456120.000,0,-,-,-,-,5415.0000,5414.0000,5411.4000,5411.0000,5410.0000,5417.4000,5418.0000,5418.2000,5418.6000,5418.8000,1,3,2,4,2,1,1,1,2,2
SF,IC2009,2020-02-18 09:30:56.500,5415.0000,11167,0,164539120.000,1,0,1,多换,S,5414.0000,5411.4000,5411.0000,5410.0000,5409.2000,5417.4000,5418.0000,5418.2000,5418.6000,5418.8000,3,2,4,2,1,2,1,1,2,2
SF,IC2009,2020-02-18 09:30:57.000,5417.4000,11168,1,167789560.000,3,2,1,空开,S,5417.4000,5414.0000,5411.4000,5411.0000,5410.0000,5417.8000,5418.0000,5418.2000,5418.6000,5418.8000,2,3,2,4,3,1,1,1,2,2
SF,IC2009,2020-02-18 09:30:57.500,5417.4000,11169,1,169956520.000,2,1,1,空开,S,5414.0000,5411.4000,5411.0000,5410.0000,5409.2000,5417.4000,5417.8000,5418.0000,5418.2000,5418.6000,3,2,4,3,1,1,1,1,1,2
SF,IC2009,2020-02-18 09:30:58.000,5417.4000,11169,0,169956520.000,0,-,-,-,-,5417.4000,5416.0000,5414.0000,5411.4000,5411.0000,5417.8000,5418.0000,5418.2000,5418.6000,5418.8000,5,1,3,2,3,1,1,1,2,2
SF,IC2009,2020-02-18 09:30:58.500,5417.4000,11170,1,171040000.000,1,1,0,双开,S,5417.4000,5416.0000,5414.4000,5414.0000,5411.4000,5417.8000,5418.0000,5418.2000,5418.6000,5418.8000,4,1,1,3,2,1,1,1,2,2
SF,IC2009,2020-02-18 09:30:59.000,5417.4000,11170,0,171040000.000,0,-,-,-,-,5417.4000,5416.0000,5414.4000,5414.0000,5411.4000,5417.8000,5418.0000,5418.2000,5418.6000,5418.8000,4,1,1,3,2,1,1,1,2,2
SF,IC2009,2020-02-18 09:30:59.500,5417.4000,11171,1,175373920.000,4,2,2,空开,S,5416.0000,5414.6000,5414.4000,5414.0000,5411.4000,5417.8000,5418.0000,5418.2000,5418.6000,5418.8000,1,1,1,3,2,1,1,1,2,2
SF,IC2009,2020-02-18 09:31:00.000,5417.4000,11171,0,175373920.000,0,-,-,-,-,5416.0000,5414.6000,5414.4000,5414.0000,5411.4000,5417.8000,5418.0000,5418.2000,5418.6000,5418.8000,1,1,1,3,2,1,1,1,2,2
SF,IC2009,2020-02-18 09:31:00.500,5417.8000,11171,0,176457480.000,1,0,1,多换,S,5416.0000,5414.6000,5414.4000,5414.0000,5411.4000,5418.0000,5418.2000,5418.6000,5418.8000,5419.0000,1,1,1,3,2,1,1,2,2,5
SF,IC2009,2020-02-18 09:31:01.000,5417.8000,11171,0,176457480.000,0,-,-,-,-,5416.0000,5414.6000,5414.0000,5411.4000,5411.0000,5417.6000,5417.8000,5418.0000,5418.2000,5418.6000,1,1,3,2,3,1,1,2,1,2
SF,IC2009,2020-02-18 09:31:01.500,5417.8000,11171,0,176457480.000,0,-,-,-,-,5416.8000,5416.0000,5414.6000,5414.0000,5411.4000,5417.4000,5417.6000,5418.0000,5418.2000,5418.6000,1,1,1,3,2,1,2,2,1,2
SF,IC2009,2020-02-18 09:31:02.000,5417.2000,11172,1,180791080.000,4,2,2,空开,S,5416.0000,5414.6000,5414.0000,5411.4000,5411.0000,5417.6000,5418.0000,5418.2000,5418.6000,5418.8000,1,1,3,2,3,2,1,1,2,2
SF,IC2009,2020-02-18 09:31:02.500,5417.2000,11172,0,180791080.000,0,-,-,-,-,5416.0000,5414.6000,5414.0000,5411.4000,5411.0000,5417.0000,5417.6000,5418.0000,5418.2000,5418.6000,1,1,3,2,3,2,1,1,1,2
SF,IC2009,2020-02-18 09:31:03.000,5417.2000,11172,0,180791080.000,0,-,-,-,-,5416.0000,5414.6000,5414.0000,5411.4000,5411.0000,5417.0000,5417.6000,5418.0000,5418.2000,5418.6000,1,1,3,2,3,2,1,1,1,2
SF,IC2009,2020-02-18 09:31:03.500,5417.2000,11172,0,180791080.000,0,-,-,-,-,5416.0000,5414.6000,5414.0000,5411.4000,5411.0000,5417.0000,5417.6000,5418.0000,5418.2000,5418.6000,1,1,2,2,3,2,1,1,1,2
SF,IC2009,2020-02-18 09:31:04.000,5416.0000,11172,0,181874280.000,1,0,1,多换,S,5414.6000,5414.0000,5411.4000,5411.0000,5410.0000,5416.0000,5417.0000,5417.6000,5418.0000,5418.2000,1,2,2,3,3,1,2,1,1,1
SF,IC2009,2020-02-18 09:31:04.500,5414.6000,11172,0,182957200.000,1,0,1,多换,S,5414.0000,5411.4000,5411.0000,5410.0000,5409.2000,5416.0000,5417.0000,5417.6000,5418.0000,5418.2000,2,2,3,3,1,1,2,1,1,1
SF,IC2009,2020-02-18 09:31:05.000,5414.6000,11172,0,182957200.000,0,-,-,-,-,5414.0000,5411.4000,5411.0000,5410.0000,5409.2000,5415.8000,5416.0000,5417.0000,5417.6000,5418.0000,2,2,3,3,1,2,1,1,1,1
SF,IC2009,2020-02-18 09:31:05.500,5414.6000,11172,0,182957200.000,0,-,-,-,-,5414.0000,5411.4000,5411.0000,5410.0000,5409.2000,5415.8000,5416.0000,5417.0000,5417.4000,5417.6000,2,2,3,3,1,1,1,1,1,3
SF,IC2009,2020-02-18 09:31:07.000,5414.6000,11172,0,182957200.000,0,-,-,-,-,5414.0000,5411.4000,5411.0000,5410.0000,5409.2000,5415.8000,5416.0000,5417.0000,5417.4000,5417.6000,2,2,3,3,1,1,1,1,1,2
SF,IC2009,2020-02-18 09:31:07.500,5414.6000,11172,0,182957200.000,0,-,-,-,-,5414.0000,5411.4000,5411.0000,5410.0000,5409.2000,5415.6000,5416.0000,5417.0000,5417.4000,5417.6000,2,2,3,3,1,1,1,1,1,1
SF,IC2009,2020-02-18 09:31:08.000,5414.6000,11172,0,182957200.000,0,-,-,-,-,5414.0000,5411.4000,5411.0000,5410.0000,5409.2000,5415.6000,5416.0000,5417.0000,5417.4000,5418.0000,2,2,3,3,1,1,1,1,2,1
SF,IC2009,2020-02-18 09:31:08.500,5414.0000,11172,0,185122800.000,2,1,1,多换,S,5411.4000,5411.0000,5410.0000,5409.2000,5409.0000,5414.6000,5415.6000,5416.0000,5417.4000,5418.0000,2,3,3,1,1,3,1,1,2,1
SF,IC2009,2020-02-18 09:31:09.000,5414.0000,11172,0,185122800.000,0,-,-,-,-,5411.6000,5411.4000,5411.0000,5410.0000,5409.2000,5414.4000,5414.6000,5416.0000,5417.4000,5417.6000,1,2,3,3,1,1,3,1,2,2
SF,IC2009,2020-02-18 09:31:09.500,5414.4000,11172,0,186205680.000,1,0,1,多换,S,5411.8000,5411.6000,5411.4000,5411.0000,5410.0000,5414.6000,5416.0000,5417.4000,5418.0000,5418.2000,1,1,1,3,3,3,1,2,1,1
SF,IC2009,2020-02-18 09:31:10.000,5414.4000,11171,-1,187288560.000,1,0,1,双平,S,5412.0000,5411.8000,5411.4000,5411.0000,5410.0000,5414.6000,5416.0000,5417.4000,5418.0000,5418.2000,1,1,1,3,3,3,1,2,1,1
SF,IC2009,2020-02-18 09:31:10.500,5414.6000,11170,-1,190537320.000,3,1,2,多平,S,5412.2000,5411.4000,5411.0000,5410.0000,5409.2000,5416.0000,5417.4000,5418.0000,5418.2000,5418.6000,1,1,3,3,1,1,2,1,1,2
SF,IC2009,2020-02-18 09:31:11.000,5414.6000,11170,0,190537320.000,0,-,-,-,-,5412.4000,5412.2000,5411.4000,5411.0000,5410.0000,5416.0000,5417.4000,5418.0000,5418.2000,5418.6000,1,1,1,3,3,1,2,1,1,2
SF,IC2009,2020-02-18 09:31:11.500,5414.6000,11170,0,190537320.000,0,-,-,-,-,5412.6000,5412.4000,5411.4000,5411.0000,5410.0000,5416.0000,5416.6000,5417.4000,5418.0000,5418.2000,1,1,1,3,3,1,1,2,1,1
SF,IC2009,2020-02-18 09:31:12.000,5414.6000,11170,0,190537320.000,0,-,-,-,-,5413.0000,5412.8000,5412.6000,5411.4000,5411.0000,5416.0000,5416.6000,5417.4000,5418.0000,5418.2000,1,1,1,1,3,1,1,2,1,1
SF,IC2009,2020-02-18 09:31:12.500,5414.6000,11170,0,190537320.000,0,-,-,-,-,5413.2000,5413.0000,5412.8000,5411.4000,5411.0000,5416.0000,5416.6000,5417.4000,5418.2000,5418.6000,2,1,1,1,3,1,1,2,1,2
SF,IC2009,2020-02-18 09:31:13.000,5414.6000,11170,0,190537320.000,0,-,-,-,-,5413.2000,5413.0000,5411.4000,5411.0000,5410.0000,5416.0000,5416.6000,5417.4000,5418.2000,5418.6000,2,1,1,3,3,1,1,2,1,2
SF,IC2009,2020-02-18 09:31:13.500,5414.6000,11170,0,190537320.000,0,-,-,-,-,5413.4000,5413.2000,5411.4000,5411.0000,5410.0000,5416.0000,5416.6000,5417.4000,5418.2000,5418.6000,1,2,1,3,3,1,1,2,1,2
SF,IC2009,2020-02-18 09:31:14.000,5414.6000,11170,0,190537320.000,0,-,-,-,-,5413.6000,5413.4000,5411.4000,5411.0000,5410.0000,5416.0000,5416.6000,5417.4000,5418.6000,5418.8000,2,1,1,3,3,1,1,2,2,2
SF,IC2009,2020-02-18 09:31:14.500,5416.0000,11169,-1,191620520.000,1,0,1,双平,S,5413.6000,5413.4000,5411.4000,5411.0000,5410.0000,5414.0000,5416.6000,5417.4000,5418.6000,5418.8000,2,1,1,3,3,1,1,2,2,2
SF,IC2009,2020-02-18 09:31:15.000,5414.0000,11168,-1,192703320.000,1,0,1,双平,S,5416.0000,5414.2000,5413.4000,5411.4000,5411.0000,5416.6000,5417.4000,5418.6000,5418.8000,5419.0000,1,1,1,1,3,1,2,2,2,5
SF,IC2009,2020-02-18 09:31:15.500,5416.6000,11168,0,193786640.000,1,0,1,多换,S,5416.0000,5414.2000,5411.4000,5411.0000,5410.0000,5417.4000,5418.6000,5419.0000,5419.6000,5422.6000,1,2,1,3,3,2,1,5,3,1
SF,IC2009,2020-02-18 09:31:16.000,5417.4000,11166,-2,195953600.000,2,0,2,双平,S,5416.0000,5414.2000,5411.4000,5411.0000,5410.0000,5418.6000,5419.0000,5419.6000,5422.6000,5425.0000,1,2,1,3,3,1,5,3,1,1
SF,IC2009,2020-02-18 09:31:16.500,5417.4000,11166,0,195953600.000,0,-,-,-,-,5416.2000,5416.0000,5414.2000,5413.2000,5411.4000,5418.4000,5418.6000,5419.0000,5419.6000,5422.6000,1,1,1,2,1,1,1,5,3,1
SF,IC2009,2020-02-18 09:31:17.000,5417.4000,11166,0,195953600.000,0,-,-,-,-,5417.4000,5416.2000,5416.0000,5414.2000,5413.2000,5418.4000,5418.6000,5419.0000,5419.6000,5422.6000,1,1,1,1,2,1,1,5,3,1
SF,IC2009,2020-02-18 09:31:17.500,5418.6000,11166,0,198121040.000,2,1,1,多换,S,5418.4000,5417.4000,5416.2000,5416.0000,5413.2000,5419.0000,5419.6000,5422.6000,5425.0000,5427.6000,1,1,1,1,2,5,3,1,1,1
SF,IC2009,2020-02-18 09:31:18.500,5418.6000,11166,0,198121040.000,0,-,-,-,-,5418.4000,5417.4000,5416.2000,5416.0000,5413.8000,5419.0000,5419.6000,5422.6000,5425.0000,5427.6000,1,1,1,1,1,5,3,1,1,1
SF,IC2009,2020-02-18 09:31:19.000,5419.0000,11166,0,200288640.000,2,1,1,多换,S,5418.4000,5417.4000,5416.2000,5416.0000,5413.8000,5419.0000,5419.6000,5422.6000,5425.0000,5427.6000,1,1,1,1,1,3,3,1,1,1
SF,IC2009,2020-02-18 09:31:19.500,5419.0000,11163,-3,203540040.000,3,0,3,双平,S,5418.4000,5417.4000,5416.2000,5416.0000,5413.8000,5422.6000,5425.0000,5427.6000,5430.0000,5436.6000,1,1,1,1,1,1,1,1,5,5
SF,IC2009,2020-02-18 09:31:20.000,5419.0000,11163,0,203540040.000,0,-,-,-,-,5418.6000,5418.4000,5417.4000,5416.0000,5413.8000,5422.4000,5422.6000,5425.0000,5427.6000,5430.0000,1,1,1,1,1,1,1,1,1,5
SF,IC2009,2020-02-18 09:31:21.500,5419.0000,11163,0,203540040.000,0,-,-,-,-,5418.6000,5418.4000,5417.4000,5416.0000,5413.2000,5422.4000,5422.6000,5425.0000,5427.6000,5430.0000,1,1,1,1,2,1,1,1,1,5
SF,IC2009,2020-02-18 09:31:22.000,5422.4000,11163,0,204624520.000,1,0,1,多换,S,5418.8000,5418.6000,5418.4000,5417.4000,5416.0000,5422.6000,5425.0000,5427.6000,5430.0000,5436.6000,2,1,1,1,1,1,1,1,5,5
SF,IC2009,2020-02-18 09:31:22.500,5422.4000,11163,0,204624520.000,0,-,-,-,-,5419.0000,5418.8000,5418.4000,5417.4000,5416.0000,5422.6000,5425.0000,5427.6000,5430.0000,5436.6000,1,2,1,1,1,1,1,1,5,5
SF,IC2009,2020-02-18 09:31:23.000,5422.4000,11163,0,204624520.000,0,-,-,-,-,5419.0000,5418.8000,5418.4000,5417.4000,5416.0000,5422.6000,5425.0000,5427.6000,5430.0000,5436.6000,1,1,1,1,1,1,1,1,5,5
SF,IC2009,2020-02-18 09:31:23.500,5422.6000,11162,-1,205709040.000,1,0,1,双平,S,5419.0000,5418.4000,5417.4000,5416.0000,5413.2000,5425.0000,5427.6000,5430.0000,5436.6000,5440.0000,1,1,1,1,2,1,1,5,5,6
SF,IC2009,2020-02-18 09:31:24.000,5422.6000,11162,0,205709040.000,0,-,-,-,-,5419.2000,5419.0000,5418.4000,5417.4000,5416.0000,5424.8000,5425.0000,5427.6000,5430.0000,5436.6000,8,1,1,1,1,1,1,1,5,5
SF,IC2009,2020-02-18 09:31:24.500,5422.6000,11162,0,205709040.000,0,-,-,-,-,5419.4000,5419.2000,5418.4000,5417.4000,5416.0000,5425.0000,5427.6000,5430.0000,5436.6000,5440.0000,1,1,1,1,1,1,1,5,5,6
SF,IC2009,2020-02-18 09:31:25.000,5422.6000,11162,0,205709040.000,0,-,-,-,-,5419.4000,5418.4000,5417.4000,5416.0000,5413.2000,5424.8000,5425.0000,5430.0000,5436.6000,5440.0000,1,1,1,1,2,1,1,5,5,6
SF,IC2009,2020-02-18 09:31:25.500,5424.8000,11162,0,206794000.000,1,0,1,多换,S,5419.6000,5419.4000,5418.4000,5417.4000,5416.0000,5425.0000,5430.0000,5436.6000,5437.8000,5440.0000,1,1,1,1,1,1,5,5,1,6
SF,IC2009,2020-02-18 09:31:26.000,5424.8000,11162,0,206794000.000,0,-,-,-,-,5420.2000,5419.8000,5419.6000,5418.4000,5417.4000,5425.0000,5430.0000,5436.6000,5437.8000,5440.0000,1,1,1,1,1,1,5,5,1,6
SF,IC2009,2020-02-18 09:31:26.500,5425.0000,11162,0,207879000.000,1,0,1,多换,S,5421.2000,5420.6000,5420.4000,5419.8000,5418.4000,5430.0000,5436.6000,5437.8000,5440.0000,5446.0000,1,1,1,1,1,5,5,1,6,5
SF,IC2009,2020-02-18 09:31:27.000,5425.0000,11162,0,207879000.000,0,-,-,-,-,5425.0000,5421.6000,5421.4000,5421.2000,5420.6000,5428.0000,5429.6000,5430.0000,5436.6000,5437.8000,2,1,1,1,1,4,1,5,5,1
SF,IC2009,2020-02-18 09:31:27.500,5425.0000,11161,-1,211134000.000,3,1,2,多平,S,5421.8000,5421.2000,5420.6000,5418.4000,5417.4000,5426.4000,5427.8000,5428.0000,5429.6000,5430.0000,1,1,1,1,1,1,1,4,1,5
SF,IC2009,2020-02-18 09:31:28.000,5425.0000,11161,0,211134000.000,0,-,-,-,-,5422.0000,5421.8000,5420.6000,5418.4000,5417.4000,5425.2000,5426.2000,5426.4000,5428.0000,5429.6000,2,1,1,1,1,1,1,1,4,1
SF,IC2009,2020-02-18 09:31:28.500,5425.0000,11161,0,211134000.000,0,-,-,-,-,5422.0000,5418.4000,5417.4000,5416.0000,5411.4000,5425.0000,5426.4000,5428.0000,5429.6000,5430.0000,2,1,1,1,6,1,1,4,1,5
SF,IC2009,2020-02-18 09:31:29.000,5425.0000,11161,0,211134000.000,0,-,-,-,-,5422.0000,5418.4000,5417.4000,5416.0000,5411.4000,5425.0000,5425.2000,5426.4000,5428.0000,5429.6000,1,1,1,1,6,1,2,1,4,1
SF,IC2009,2020-02-18 09:31:29.500,5425.0000,11161,0,211134000.000,0,-,-,-,-,5418.4000,5417.4000,5416.0000,5411.4000,5411.0000,5425.0000,5425.2000,5428.0000,5429.6000,5430.0000,1,1,1,1,3,1,2,4,1,5
SF,IC2009,2020-02-18 09:31:30.000,5425.0000,11161,0,211134000.000,0,-,-,-,-,5418.6000,5418.4000,5417.4000,5416.0000,5411.4000,5425.0000,5425.2000,5428.0000,5429.6000,5430.0000,1,1,1,1,1,1,2,4,1,5
SF,IC2009,2020-02-18 09:31:30.500,5425.0000,11161,0,213304000.000,2,1,1,多换,S,5421.6000,5418.8000,5418.6000,5418.4000,5417.4000,5425.2000,5428.0000,5429.6000,5430.0000,5436.6000,1,1,1,1,1,2,4,1,5,5
SF,IC2009,2020-02-18 09:31:31.000,5425.0000,11161,0,213304000.000,0,-,-,-,-,5421.8000,5418.4000,5417.4000,5416.0000,5411.4000,5425.2000,5428.0000,5429.6000,5430.0000,5436.6000,1,1,1,1,1,2,3,1,5,5
SF,IC2009,2020-02-18 09:31:31.500,5425.0000,11161,0,213304000.000,0,-,-,-,-,5422.0000,5421.8000,5421.6000,5418.4000,5417.8000,5425.2000,5428.0000,5429.6000,5430.0000,5436.6000,1,1,1,1,2,2,3,1,5,5
SF,IC2009,2020-02-18 09:31:32.000,5425.0000,11161,0,213304000.000,0,-,-,-,-,5422.2000,5422.0000,5421.8000,5421.6000,5418.4000,5425.2000,5428.0000,5429.6000,5430.0000,5436.6000,1,1,1,1,1,2,3,1,5,5
SF,IC2009,2020-02-18 09:31:32.500,5425.0000,11161,0,213304000.000,0,-,-,-,-,5422.2000,5421.8000,5421.6000,5418.4000,5417.8000,5425.2000,5428.0000,5429.6000,5430.0000,5436.6000,1,1,1,1,2,2,3,1,5,5
SF,IC2009,2020-02-18 09:31:33.000,5425.0000,11161,0,213304000.000,0,-,-,-,-,5422.4000,5422.2000,5421.8000,5421.6000,5418.4000,5425.2000,5428.0000,5429.6000,5430.0000,5436.6000,1,1,1,1,1,2,3,1,5,5
SF,IC2009,2020-02-18 09:31:33.500,5422.6000,11162,1,216558600.000,3,2,1,空开,S,5422.6000,5422.4000,5421.6000,5418.4000,5417.8000,5428.0000,5429.6000,5430.0000,5436.6000,5437.8000,1,1,1,1,2,3,1,5,5,1
SF,IC2009,2020-02-18 09:31:34.000,5422.6000,11162,0,216558600.000,0,-,-,-,-,5422.6000,5422.4000,5418.4000,5417.8000,5417.4000,5426.8000,5427.8000,5428.0000,5429.6000,5430.0000,1,1,1,2,1,1,1,3,1,5
SF,IC2009,2020-02-18 09:31:34.500,5422.6000,11162,0,216558600.000,0,-,-,-,-,5422.8000,5422.4000,5418.4000,5417.8000,5417.4000,5426.6000,5427.8000,5428.0000,5429.6000,5430.0000,1,1,1,2,1,1,1,3,1,5
SF,IC2009,2020-02-18 09:31:35.000,5422.8000,11161,-1,217643160.000,1,0,1,双平,S,5418.4000,5417.8000,5417.4000,5416.0000,5411.4000,5422.8000,5426.2000,5426.6000,5427.8000,5428.0000,1,2,1,1,1,2,1,1,1,3
SF,IC2009,2020-02-18 09:31:35.500,5422.8000,11160,-1,218727720.000,1,0,1,双平,S,5421.6000,5418.6000,5418.4000,5417.8000,5417.4000,5422.8000,5426.2000,5427.8000,5428.0000,5429.6000,1,1,2,2,1,2,1,1,3,1
SF,IC2009,2020-02-18 09:31:36.000,5422.8000,11159,-1,219812280.000,1,0,1,双平,S,5418.6000,5418.4000,5417.8000,5417.4000,5416.0000,5422.8000,5427.8000,5428.0000,5429.6000,5430.0000,1,2,2,1,1,1,1,3,1,5
SF,IC2009,2020-02-18 09:31:36.500,5422.8000,11159,0,219812280.000,0,-,-,-,-,5421.6000,5421.0000,5418.6000,5418.4000,5417.8000,5422.8000,5427.8000,5428.0000,5429.6000,5430.0000,1,1,1,2,2,1,1,3,1,5
SF,IC2009,2020-02-18 09:31:37.000,5422.8000,11159,0,219812280.000,0,-,-,-,-,5421.0000,5418.6000,5418.4000,5417.8000,5417.4000,5422.8000,5428.0000,5429.6000,5430.0000,5436.6000,1,1,2,2,1,1,3,1,5,5
SF,IC2009,2020-02-18 09:31:37.500,5422.8000,11159,0,219812280.000,0,-,-,-,-,5421.6000,5421.0000,5418.6000,5418.4000,5417.8000,5422.6000,5422.8000,5428.0000,5429.6000,5430.0000,1,1,1,2,2,1,1,3,1,5
SF,IC2009,2020-02-18 09:31:38.000,5422.8000,11159,0,221981400.000,2,1,1,多换,S,5422.8000,5421.8000,5421.6000,5421.0000,5420.0000,5428.0000,5429.6000,5430.0000,5436.6000,5437.8000,1,1,1,1,1,3,1,5,5,1
SF,IC2009,2020-02-18 09:31:38.500,5426.6000,11159,0,223066720.000,1,0,1,多换,S,5423.0000,5422.8000,5421.8000,5421.6000,5421.0000,5427.0000,5428.0000,5429.6000,5430.0000,5436.6000,1,1,1,1,1,1,3,1,5,5
SF,IC2009,2020-02-18 09:31:39.000,5426.6000,11159,0,223066720.000,0,-,-,-,-,5423.0000,5422.8000,5421.8000,5421.6000,5421.0000,5428.0000,5429.6000,5430.0000,5436.6000,5437.8000,1,1,1,1,1,3,1,5,5,1
SF,IC2009,2020-02-18 09:31:39.500,5426.6000,11159,0,223066720.000,0,-,-,-,-,5423.0000,5422.8000,5421.6000,5421.0000,5420.0000,5427.6000,5428.0000,5429.6000,5430.0000,5436.6000,1,1,1,1,1,1,3,1,5,5
SF,IC2009,2020-02-18 09:31:40.000,5426.6000,11159,0,223066720.000,0,-,-,-,-,5423.0000,5422.8000,5421.6000,5421.0000,5420.0000,5426.4000,5427.6000,5428.0000,5429.6000,5430.0000,1,1,1,1,1,1,1,3,1,5
SF,IC2009,2020-02-18 09:31:40.500,5426.6000,11159,0,223066720.000,0,-,-,-,-,5423.0000,5422.8000,5421.6000,5420.0000,5418.4000,5426.4000,5427.6000,5428.0000,5429.6000,5430.0000,1,1,1,1,1,1,1,3,1,5
SF,IC2009,2020-02-18 09:31:41.000,5426.6000,11159,0,223066720.000,0,-,-,-,-,5423.0000,5422.8000,5421.6000,5420.0000,5418.4000,5426.4000,5427.6000,5428.0000,5429.6000,5430.0000,1,1,1,1,1,1,1,3,1,5
SF,IC2009,2020-02-18 09:31:41.500,5426.6000,11159,0,223066720.000,0,-,-,-,-,5423.0000,5422.8000,5420.0000,5418.4000,5417.8000,5425.2000,5426.4000,5427.6000,5428.0000,5429.6000,1,1,1,1,2,1,1,1,3,1
SF,IC2009,2020-02-18 09:31:42.000,5423.0000,11158,-1,224151320.000,1,0,1,双平,S,5422.8000,5420.0000,5418.4000,5417.8000,5417.4000,5425.2000,5426.4000,5427.6000,5428.0000,5429.6000,1,1,1,2,1,1,1,1,3,1
SF,IC2009,2020-02-18 09:31:42.500,5425.2000,11158,0,226320920.000,2,1,1,多换,S,5425.2000,5420.0000,5418.4000,5417.8000,5417.4000,5426.4000,5427.6000,5428.0000,5429.6000,5430.0000,1,1,1,2,1,1,1,3,1,5
SF,IC2009,2020-02-18 09:31:43.000,5425.2000,11158,0,227405960.000,1,0,1,多换,S,5420.0000,5418.4000,5417.8000,5417.4000,5416.0000,5424.8000,5426.4000,5427.6000,5428.0000,5429.6000,1,1,2,1,1,1,1,1,3,1
SF,IC2009,2020-02-18 09:31:43.500,5425.2000,11158,0,227405960.000,0,-,-,-,-,5420.2000,5420.0000,5418.4000,5417.8000,5417.4000,5424.6000,5424.8000,5426.4000,5427.6000,5428.0000,1,1,1,2,1,1,1,1,1,3
SF,IC2009,2020-02-18 09:31:44.000,5425.2000,11158,0,227405960.000,0,-,-,-,-,5421.0000,5420.4000,5420.2000,5420.0000,5418.4000,5423.4000,5424.6000,5424.8000,5426.4000,5427.6000,1,1,1,1,1,2,1,1,1,1
SF,IC2009,2020-02-18 09:31:44.500,5425.2000,11158,0,227405960.000,0,-,-,-,-,5421.2000,5421.0000,5420.4000,5420.2000,5420.0000,5424.6000,5424.8000,5426.4000,5427.6000,5428.0000,1,1,2,1,1,1,1,1,1,1
SF,IC2009,2020-02-18 09:31:45.000,5424.6000,11158,0,228490880.000,1,0,1,多换,S,5421.4000,5421.2000,5421.0000,5420.4000,5420.2000,5424.8000,5426.4000,5427.6000,5428.0000,5429.6000,1,1,1,2,1,1,1,1,1,1
SF,IC2009,2020-02-18 09:31:45.500,5424.6000,11158,0,228490880.000,0,-,-,-,-,5421.8000,5421.6000,5421.4000,5421.2000,5420.2000,5424.8000,5426.4000,5427.6000,5428.0000,5429.6000,1,1,1,1,1,1,2,1,1,1
SF,IC2009,2020-02-18 09:31:46.000,5424.6000,11158,0,228490880.000,0,-,-,-,-,5424.0000,5422.0000,5421.8000,5421.2000,5420.2000,5424.8000,5426.4000,5427.6000,5428.0000,5429.6000,1,2,1,1,1,1,2,1,1,1
SF,IC2009,2020-02-18 09:31:46.500,5424.6000,11158,0,228490880.000,0,-,-,-,-,5424.0000,5422.0000,5421.8000,5421.2000,5420.2000,5424.8000,5426.4000,5427.6000,5428.0000,5429.6000,1,2,1,1,1,1,1,1,1,1
SF,IC2009,2020-02-18 09:31:47.000,5426.0000,11157,-1,230661040.000,2,0,2,多平,S,5424.0000,5422.0000,5421.8000,5421.2000,5420.2000,5426.0000,5426.4000,5428.0000,5429.6000,5430.0000,1,2,3,1,1,1,1,1,1,5
SF,IC2009,2020-02-18 09:31:47.500,5426.0000,11157,0,230661040.000,0,-,-,-,-,5424.0000,5422.0000,5421.8000,5421.2000,5420.2000,5426.0000,5426.4000,5428.0000,5429.6000,5430.0000,1,2,3,1,1,1,1,1,1,5
SF,IC2009,2020-02-18 09:31:48.000,5426.0000,11157,0,230661040.000,0,-,-,-,-,5424.0000,5422.0000,5421.8000,5421.2000,5420.2000,5426.0000,5426.4000,5428.0000,5429.6000,5430.0000,1,2,3,1,1,1,1,1,1,5
SF,IC2009,2020-02-18 09:31:48.500,5426.0000,11157,0,230661040.000,0,-,-,-,-,5424.0000,5422.0000,5421.8000,5421.2000,5420.2000,5426.0000,5426.4000,5428.0000,5429.6000,5430.0000,1,1,1,1,1,1,1,1,1,5
SF,IC2009,2020-02-18 09:31:49.500,5426.0000,11156,-1,231746240.000,1,0,1,双平,S,5424.0000,5422.0000,5421.8000,5421.2000,5420.2000,5428.0000,5429.6000,5430.0000,5436.6000,5437.8000,1,1,1,1,1,1,1,5,5,1
SF,IC2009,2020-02-18 09:31:50.000,5426.0000,11156,0,231746240.000,0,-,-,-,-,5426.0000,5424.2000,5424.0000,5421.8000,5421.2000,5427.8000,5428.0000,5429.6000,5430.0000,5436.6000,1,1,1,1,1,1,3,1,5,5
SF,IC2009,2020-02-18 09:31:50.500,5426.0000,11156,0,231746240.000,0,-,-,-,-,5426.0000,5424.2000,5424.0000,5421.8000,5421.2000,5428.0000,5429.6000,5430.0000,5436.6000,5437.8000,1,1,1,1,1,3,1,5,5,1
SF,IC2009,2020-02-18 09:31:51.000,5426.0000,11156,0,231746240.000,0,-,-,-,-,5426.0000,5424.2000,5424.0000,5421.8000,5421.2000,5428.0000,5429.6000,5430.0000,5436.6000,5437.8000,1,1,1,1,1,3,1,5,5,1
SF,IC2009,2020-02-18 09:31:51.500,5426.0000,11156,0,231746240.000,0,-,-,-,-,5426.0000,5424.2000,5424.0000,5421.8000,5421.2000,5428.0000,5429.6000,5430.0000,5436.6000,5437.8000,1,1,1,1,1,3,1,5,5,1
SF,IC2009,2020-02-18 09:31:52.000,5428.0000,11156,0,232831840.000,1,0,1,多换,S,5426.0000,5424.2000,5424.0000,5421.8000,5421.2000,5428.0000,5429.6000,5430.0000,5436.6000,5437.8000,1,1,1,1,1,2,1,5,5,1
SF,IC2009,2020-02-18 09:31:52.500,5428.0000,11156,0,232831840.000,0,-,-,-,-,5426.0000,5424.2000,5424.0000,5421.8000,5421.2000,5427.8000,5428.0000,5429.6000,5430.0000,5436.6000,1,1,1,1,1,1,2,1,5,5
SF,IC2009,2020-02-18 09:31:53.000,5426.0000,11155,-1,233917040.000,1,0,1,双平,S,5424.2000,5424.0000,5421.8000,5421.2000,5420.2000,5428.0000,5429.6000,5430.0000,5436.6000,5437.8000,1,1,1,1,1,2,1,5,5,1
SF,IC2009,2020-02-18 09:31:53.500,5426.0000,11155,0,233917040.000,0,-,-,-,-,5424.2000,5424.0000,5421.8000,5421.2000,5420.2000,5428.0000,5429.6000,5430.0000,5436.6000,5437.8000,1,1,1,1,1,2,1,5,5,1
SF,IC2009,2020-02-18 09:31:54.000,5426.0000,11155,0,233917040.000,0,-,-,-,-,5424.2000,5424.0000,5421.8000,5421.2000,5420.2000,5428.0000,5429.6000,5430.0000,5436.6000,5437.8000,1,1,1,1,1,2,1,4,5,1
SF,IC2009,2020-02-18 09:31:54.500,5426.0000,11155,0,233917040.000,0,-,-,-,-,5424.2000,5424.0000,5421.2000,5420.2000,5420.0000,5428.0000,5429.6000,5430.0000,5436.6000,5437.8000,1,1,1,1,3,2,1,4,5,1
SF,IC2009,2020-02-18 09:31:55.000,5426.0000,11155,0,233917040.000,0,-,-,-,-,5427.8000,5424.2000,5424.0000,5421.2000,5420.2000,5428.0000,5429.6000,5430.0000,5436.6000,5437.8000,1,1,1,1,1,2,1,5,5,1
SF,IC2009,2020-02-18 09:31:55.500,5427.8000,11155,0,235002600.000,1,0,1,多换,S,5424.2000,5424.0000,5421.2000,5420.2000,5420.0000,5426.4000,5428.0000,5429.6000,5430.0000,5436.6000,1,1,1,1,3,1,2,1,5,5
SF,IC2009,2020-02-18 09:31:56.000,5426.4000,11154,-1,236087880.000,1,0,1,双平,S,5424.2000,5424.0000,5421.2000,5420.2000,5420.0000,5428.0000,5429.6000,5430.0000,5436.6000,5437.8000,1,1,1,1,3,2,1,5,5,1
SF,IC2009,2020-02-18 09:31:56.500,5428.0000,11154,0,237173480.000,1,0,1,多换,S,5424.6000,5424.2000,5424.0000,5421.2000,5420.2000,5427.6000,5428.0000,5429.6000,5430.0000,5436.6000,1,1,1,1,1,1,1,1,5,5
SF,IC2009,2020-02-18 09:31:57.000,5428.0000,11154,0,237173480.000,0,-,-,-,-,5424.8000,5424.6000,5424.0000,5421.2000,5420.2000,5428.0000,5429.6000,5430.0000,5436.6000,5437.8000,1,1,1,1,1,1,1,5,5,1
SF,IC2009,2020-02-18 09:31:58.000,5428.0000,11154,0,237173480.000,0,-,-,-,-,5425.2000,5424.8000,5424.6000,5424.0000,5421.2000,5427.8000,5428.0000,5429.6000,5430.0000,5436.6000,1,1,1,1,1,1,1,1,5,5
SF,IC2009,2020-02-18 09:31:58.500,5428.0000,11154,0,237173480.000,0,-,-,-,-,5425.4000,5425.2000,5424.6000,5424.0000,5421.2000,5427.8000,5428.0000,5429.6000,5430.0000,5436.6000,1,1,1,1,1,1,1,1,5,5
SF,IC2009,2020-02-18 09:31:59.000,5428.0000,11154,0,237173480.000,0,-,-,-,-,5425.4000,5425.2000,5424.6000,5424.0000,5422.6000,5427.8000,5428.0000,5429.6000,5430.0000,5436.6000,1,1,1,1,1,1,1,1,5,5
SF,IC2009,2020-02-18 09:32:00.000,5428.0000,11154,0,237173480.000,0,-,-,-,-,5425.4000,5424.6000,5424.0000,5423.6000,5422.6000,5427.8000,5428.0000,5429.6000,5430.0000,5436.6000,1,1,1,2,1,1,1,1,5,5
SF,IC2009,2020-02-18 09:32:00.500,5428.0000,11154,0,237173480.000,0,-,-,-,-,5425.4000,5424.6000,5424.0000,5423.6000,5422.6000,5427.8000,5428.0000,5429.6000,5430.0000,5436.6000,1,1,2,2,1,1,1,1,5,5
SF,IC2009,2020-02-18 09:32:01.000,5428.0000,11154,0,237173480.000,0,-,-,-,-,5425.4000,5424.6000,5424.0000,5423.6000,5422.6000,5427.8000,5428.0000,5429.6000,5430.0000,5431.0000,1,1,2,2,1,1,1,1,5,2
SF,IC2009,2020-02-18 09:32:03.500,5428.0000,11154,0,237173480.000,0,-,-,-,-,5425.4000,5424.6000,5424.0000,5423.6000,5422.6000,5427.8000,5428.0000,5429.6000,5430.0000,5431.0000,1,1,2,2,1,1,1,1,5,2
SF,IC2009,2020-02-18 09:32:04.000,5428.0000,11154,0,237173480.000,0,-,-,-,-,5425.6000,5425.4000,5424.6000,5424.0000,5423.6000,5427.8000,5428.0000,5429.6000,5430.0000,5431.0000,1,1,1,2,2,1,1,1,5,2
SF,IC2009,2020-02-18 09:32:04.500,5427.8000,11155,1,238259040.000,1,1,0,双开,S,5425.6000,5425.4000,5424.6000,5424.0000,5423.6000,5428.0000,5429.6000,5430.0000,5431.0000,5436.6000,1,1,1,2,2,1,1,5,2,5
SF,IC2009,2020-02-18 09:32:05.000,5427.8000,11155,0,238259040.000,0,-,-,-,-,5425.6000,5425.4000,5425.0000,5424.0000,5423.6000,5428.0000,5429.6000,5430.0000,5431.0000,5436.6000,1,1,1,2,2,1,1,5,2,5
SF,IC2009,2020-02-18 09:32:05.500,5427.8000,11155,0,238259040.000,0,-,-,-,-,5427.8000,5425.6000,5425.4000,5425.0000,5424.0000,5428.0000,5429.6000,5430.0000,5431.0000,5436.6000,3,1,1,1,2,1,1,5,2,5
SF,IC2009,2020-02-18 09:32:06.000,5427.8000,11155,0,241515720.000,3,1,2,多换,S,5425.6000,5425.4000,5425.0000,5424.0000,5423.6000,5428.0000,5429.6000,5430.0000,5431.0000,5436.6000,1,1,1,2,2,1,1,5,2,5
SF,IC2009,2020-02-18 09:32:07.000,5427.8000,11155,0,241515720.000,0,-,-,-,-,5425.6000,5425.4000,5425.0000,5424.0000,5423.6000,5428.0000,5429.6000,5430.0000,5431.0000,5436.6000,1,1,1,2,2,1,1,5,2,5
SF,IC2009,2020-02-18 09:32:08.000,5425.4000,11153,-2,243685920.000,2,0,2,双平,S,5425.0000,5424.0000,5423.6000,5422.6000,5420.2000,5427.6000,5427.8000,5428.0000,5429.6000,5430.0000,2,2,2,1,1,1,1,1,1,5
SF,IC2009,2020-02-18 09:32:08.500,5425.4000,11153,0,243685920.000,0,-,-,-,-,5425.0000,5424.0000,5423.6000,5422.6000,5420.2000,5427.4000,5427.6000,5427.8000,5428.0000,5429.6000,2,2,2,1,1,1,3,1,1,1
SF,IC2009,2020-02-18 09:32:09.000,5425.0000,11153,0,245855920.000,2,1,1,多换,S,5424.0000,5423.6000,5422.6000,5420.2000,5420.0000,5427.2000,5427.4000,5427.8000,5429.6000,5430.0000,2,2,1,1,3,1,1,1,1,5
SF,IC2009,2020-02-18 09:32:09.500,5424.0000,11154,1,246940720.000,1,1,0,双开,S,5424.0000,5423.6000,5422.6000,5420.0000,5419.0000,5425.4000,5426.4000,5426.6000,5427.0000,5427.8000,1,2,1,3,1,1,2,1,1,1
SF,IC2009,2020-02-18 09:32:11.000,5424.0000,11154,0,248025520.000,1,0,1,多换,S,5423.6000,5422.6000,5420.0000,5419.0000,5418.4000,5425.4000,5426.4000,5426.6000,5427.0000,5427.8000,2,1,3,1,1,1,2,1,1,1
SF,IC2009,2020-02-18 09:32:11.500,5425.4000,11154,0,249110600.000,1,0,1,多换,S,5425.4000,5423.6000,5422.6000,5420.0000,5419.0000,5426.4000,5426.6000,5427.0000,5427.8000,5429.4000,4,2,1,3,1,2,1,1,1,1
SF,IC2009,2020-02-18 09:32:12.000,5425.4000,11154,0,253450920.000,4,2,2,多换,S,5423.6000,5422.6000,5420.0000,5419.0000,5418.4000,5425.0000,5426.4000,5426.6000,5429.4000,5429.6000,2,1,3,1,1,1,1,1,1,1
SF,IC2009,2020-02-18 09:32:14.000,5423.6000,11154,0,254535640.000,1,0,1,多换,S,5423.6000,5422.6000,5420.0000,5419.0000,5418.4000,5424.8000,5425.0000,5426.6000,5429.4000,5429.6000,1,1,3,1,1,1,1,1,1,1
SF,IC2009,2020-02-18 09:32:14.500,5423.6000,11154,0,255620360.000,1,0,1,多换,S,5422.6000,5420.0000,5419.0000,5418.4000,5418.0000,5424.8000,5425.0000,5426.6000,5429.4000,5429.6000,1,3,1,1,2,1,1,1,1,1
SF,IC2009,2020-02-18 09:32:15.000,5423.6000,11154,0,255620360.000,0,-,-,-,-,5422.6000,5420.0000,5419.0000,5418.4000,5418.0000,5425.0000,5426.6000,5429.4000,5429.6000,5430.0000,1,3,1,1,2,1,1,1,1,5
SF,IC2009,2020-02-18 09:32:15.500,5423.6000,11154,0,255620360.000,0,-,-,-,-,5422.6000,5420.0000,5419.0000,5418.4000,5418.0000,5425.0000,5429.4000,5429.6000,5430.0000,5431.0000,1,3,1,1,2,1,1,1,5,2
SF,IC2009,2020-02-18 09:32:16.000,5423.6000,11154,0,255620360.000,0,-,-,-,-,5424.0000,5422.6000,5420.0000,5419.0000,5418.4000,5424.6000,5425.0000,5429.4000,5429.6000,5430.0000,1,1,3,1,1,1,1,1,1,5
SF,IC2009,2020-02-18 09:32:16.500,5424.0000,11154,0,256705160.000,1,0,1,多换,S,5422.6000,5420.0000,5419.0000,5418.4000,5418.0000,5424.8000,5425.0000,5429.4000,5429.6000,5430.0000,1,3,1,1,2,1,1,1,1,5
SF,IC2009,2020-02-18 09:32:17.000,5424.0000,11154,0,256705160.000,0,-,-,-,-,5422.6000,5420.0000,5419.0000,5418.4000,5418.0000,5424.8000,5425.0000,5429.4000,5429.6000,5430.0000,1,3,1,1,2,1,1,1,1,5
SF,IC2009,2020-02-18 09:32:18.500,5424.0000,11154,0,256705160.000,0,-,-,-,-,5422.6000,5420.0000,5419.0000,5418.4000,5418.0000,5424.6000,5424.8000,5425.0000,5429.4000,5429.6000,1,3,1,1,2,1,1,1,1,1
SF,IC2009,2020-02-18 09:32:19.000,5424.0000,11154,0,256705160.000,0,-,-,-,-,5422.6000,5420.0000,5419.0000,5418.4000,5418.0000,5424.6000,5424.8000,5425.0000,5429.4000,5429.6000,2,3,1,1,2,1,1,1,1,1
SF,IC2009,2020-02-18 09:32:19.500,5424.0000,11154,0,256705160.000,0,-,-,-,-,5422.6000,5420.0000,5419.0000,5418.4000,5418.0000,5424.6000,5425.0000,5429.4000,5429.6000,5430.0000,2,3,1,1,2,2,1,1,1,5
SF,IC2009,2020-02-18 09:32:20.000,5424.0000,11154,0,256705160.000,0,-,-,-,-,5422.6000,5420.0000,5419.0000,5418.4000,5418.0000,5424.6000,5425.0000,5429.4000,5429.6000,5430.0000,2,3,1,1,2,2,2,1,1,5
SF,IC2009,2020-02-18 09:32:20.500,5424.0000,11154,0,256705160.000,0,-,-,-,-,5422.6000,5420.0000,5419.0000,5418.4000,5418.0000,5424.6000,5425.0000,5429.4000,5429.6000,5430.0000,1,3,1,1,2,1,2,1,1,5
SF,IC2009,2020-02-18 09:32:21.500,5422.6000,11153,-1,257789680.000,1,0,1,双平,S,5420.0000,5419.0000,5418.4000,5418.0000,5416.0000,5424.4000,5424.6000,5425.0000,5429.4000,5429.6000,3,1,1,2,1,1,1,2,1,1
SF,IC2009,2020-02-18 09:32:22.000,5422.6000,11153,0,257789680.000,0,-,-,-,-,5420.2000,5420.0000,5419.0000,5418.4000,5418.0000,5424.4000,5424.6000,5425.0000,5429.4000,5429.6000,1,3,1,1,2,1,1,2,1,1
SF,IC2009,2020-02-18 09:32:23.000,5422.6000,11153,0,257789680.000,0,-,-,-,-,5420.2000,5420.0000,5419.0000,5418.4000,5418.0000,5424.4000,5424.6000,5425.0000,5429.4000,5429.6000,1,3,1,1,2,1,1,2,1,1
SF,IC2009,2020-02-18 09:32:23.500,5422.6000,11153,0,257789680.000,0,-,-,-,-,5420.2000,5420.0000,5419.0000,5418.4000,5418.0000,5424.2000,5424.4000,5424.6000,5425.0000,5429.4000,1,3,1,1,2,1,1,1,2,1
SF,IC2009,2020-02-18 09:32:24.500,5422.6000,11153,0,257789680.000,0,-,-,-,-,5420.2000,5420.0000,5419.0000,5418.4000,5418.0000,5424.2000,5424.6000,5425.0000,5429.4000,5429.6000,1,3,1,1,2,1,1,2,1,1
SF,IC2009,2020-02-18 09:32:25.000,5422.6000,11153,0,257789680.000,0,-,-,-,-,5420.2000,5420.0000,5419.0000,5418.4000,5418.0000,5422.6000,5424.0000,5424.6000,5425.0000,5429.4000,1,3,1,1,2,1,1,1,2,1
SF,IC2009,2020-02-18 09:32:25.500,5422.6000,11153,0,257789680.000,0,-,-,-,-,5420.6000,5420.2000,5420.0000,5419.0000,5418.4000,5422.6000,5424.0000,5424.6000,5425.0000,5429.4000,1,1,3,1,1,1,1,1,2,1
SF,IC2009,2020-02-18 09:32:26.500,5422.6000,11153,0,257789680.000,0,-,-,-,-,5420.6000,5420.2000,5420.0000,5419.0000,5418.4000,5422.6000,5424.0000,5424.6000,5425.0000,5429.4000,1,1,3,1,1,1,1,1,2,1
SF,IC2009,2020-02-18 09:32:27.000,5422.6000,11153,0,257789680.000,0,-,-,-,-,5420.2000,5420.0000,5419.0000,5418.4000,5418.0000,5422.6000,5424.0000,5424.6000,5425.0000,5429.4000,1,3,1,1,2,1,1,1,2,1
SF,IC2009,2020-02-18 09:32:28.000,5422.6000,11153,0,257789680.000,0,-,-,-,-,5420.2000,5420.0000,5419.0000,5418.4000,5418.0000,5422.6000,5424.0000,5424.6000,5425.0000,5429.4000,1,3,1,1,2,1,1,1,2,1
SF,IC2009,2020-02-18 09:32:28.500,5422.6000,11153,0,257789680.000,0,-,-,-,-,5420.2000,5420.0000,5419.0000,5418.4000,5418.0000,5422.6000,5424.6000,5425.0000,5429.4000,5429.6000,1,3,1,1,2,1,1,2,1,1
SF,IC2009,2020-02-18 09:32:30.000,5420.2000,11153,0,258873720.000,1,0,1,多换,S,5420.0000,5419.0000,5418.4000,5418.0000,5416.0000,5420.2000,5422.6000,5424.6000,5425.0000,5429.4000,3,1,1,2,1,2,1,1,2,1
SF,IC2009,2020-02-18 09:32:30.500,5420.2000,11151,-2,261041800.000,2,0,2,双平,S,5420.6000,5420.4000,5420.2000,5420.0000,5419.0000,5422.6000,5424.6000,5425.0000,5429.4000,5429.6000,1,1,1,3,1,1,1,2,1,1
SF,IC2009,2020-02-18 09:32:31.000,5420.2000,11151,0,261041800.000,0,-,-,-,-,5420.8000,5420.6000,5420.4000,5420.2000,5420.0000,5422.6000,5424.6000,5425.0000,5429.4000,5429.6000,1,1,1,1,3,1,1,2,1,1
SF,IC2009,2020-02-18 09:32:31.500,5420.2000,11151,0,261041800.000,0,-,-,-,-,5420.8000,5420.6000,5420.4000,5420.2000,5420.0000,5422.6000,5424.6000,5425.0000,5429.4000,5429.6000,1,1,1,1,3,1,1,2,1,1
SF,IC2009,2020-02-18 09:32:32.000,5420.2000,11151,0,261041800.000,0,-,-,-,-,5420.8000,5420.6000,5420.4000,5420.0000,5419.0000,5422.6000,5424.6000,5425.0000,5429.4000,5429.6000,1,1,1,3,1,1,1,2,1,1
SF,IC2009,2020-02-18 09:32:32.500,5420.2000,11151,0,261041800.000,0,-,-,-,-,5421.4000,5420.8000,5420.6000,5420.4000,5420.0000,5422.6000,5424.6000,5425.0000,5429.4000,5429.6000,1,1,1,1,3,1,1,2,1,1
SF,IC2009,2020-02-18 09:32:33.000,5422.6000,11150,-1,262126320.000,1,0,1,双平,S,5421.6000,5421.4000,5420.8000,5420.6000,5420.4000,5424.6000,5425.0000,5429.4000,5429.6000,5430.0000,1,1,1,1,1,1,2,1,1,4
SF,IC2009,2020-02-18 09:32:33.500,5421.8000,11150,0,263210680.000,1,0,1,多换,S,5421.6000,5421.4000,5420.6000,5420.4000,5420.0000,5424.6000,5425.0000,5429.4000,5429.6000,5430.0000,1,1,2,1,3,1,2,1,1,4
SF,IC2009,2020-02-18 09:32:34.000,5421.8000,11150,0,263210680.000,0,-,-,-,-,5421.8000,5421.6000,5421.4000,5420.6000,5420.4000,5424.6000,5425.0000,5429.4000,5429.6000,5430.0000,1,1,1,1,1,1,2,1,1,4
SF,IC2009,2020-02-18 09:32:34.500,5421.8000,11150,0,263210680.000,0,-,-,-,-,5421.8000,5421.6000,5420.6000,5420.4000,5420.0000,5424.6000,5425.0000,5429.4000,5429.6000,5430.0000,1,1,1,1,3,1,2,1,1,4
SF,IC2009,2020-02-18 09:32:35.000,5421.8000,11150,0,263210680.000,0,-,-,-,-,5422.8000,5422.2000,5421.8000,5421.6000,5420.6000,5424.6000,5425.0000,5429.4000,5429.6000,5430.0000,1,1,1,1,1,1,2,1,1,4
SF,IC2009,2020-02-18 09:32:35.500,5421.8000,11150,0,263210680.000,0,-,-,-,-,5422.8000,5422.6000,5422.2000,5421.8000,5421.6000,5424.6000,5425.0000,5429.4000,5429.6000,5430.0000,1,1,1,1,1,1,2,1,1,4
SF,IC2009,2020-02-18 09:32:36.000,5424.6000,11150,0,264295600.000,1,0,1,多换,S,5422.8000,5422.6000,5422.2000,5421.8000,5421.6000,5425.0000,5429.4000,5429.6000,5430.0000,5431.0000,1,1,1,1,1,2,1,1,4,2
SF,IC2009,2020-02-18 09:32:36.500,5424.6000,11150,0,264295600.000,0,-,-,-,-,5423.0000,5422.8000,5422.6000,5422.2000,5421.6000,5425.0000,5429.4000,5429.6000,5430.0000,5431.0000,1,1,1,1,1,2,1,1,4,2
SF,IC2009,2020-02-18 09:32:37.000,5425.0000,11148,-2,266465600.000,2,0,2,双平,S,5423.0000,5422.8000,5422.6000,5422.2000,5421.6000,5429.4000,5429.6000,5430.0000,5431.0000,5437.8000,1,1,1,1,1,1,1,4,2,1
SF,IC2009,2020-02-18 09:32:37.500,5425.0000,11148,0,266465600.000,0,-,-,-,-,5422.8000,5422.6000,5422.2000,5421.6000,5420.6000,5428.2000,5429.2000,5429.4000,5429.6000,5430.0000,1,1,1,1,1,1,1,1,1,4
SF,IC2009,2020-02-18 09:32:38.000,5425.0000,11148,0,266465600.000,0,-,-,-,-,5423.0000,5422.8000,5422.6000,5422.2000,5421.6000,5428.0000,5428.2000,5429.4000,5429.6000,5430.0000,1,1,1,1,1,1,1,1,1,4
SF,IC2009,2020-02-18 09:32:38.500,5425.0000,11148,0,266465600.000,0,-,-,-,-,5422.8000,5422.6000,5422.2000,5420.6000,5420.4000,5428.0000,5428.2000,5429.4000,5429.6000,5430.0000,1,1,1,1,1,1,1,1,1,4
SF,IC2009,2020-02-18 09:32:39.000,5425.0000,11148,0,266465600.000,0,-,-,-,-,5422.8000,5422.6000,5422.2000,5420.6000,5420.0000,5428.0000,5428.2000,5429.4000,5429.6000,5430.0000,1,1,1,1,3,1,1,1,1,4
SF,IC2009,2020-02-18 09:32:39.500,5428.0000,11148,0,268636760.000,2,1,1,多换,S,5423.0000,5422.8000,5422.6000,5422.2000,5420.6000,5428.2000,5429.4000,5429.6000,5430.0000,5431.0000,1,1,1,1,1,1,1,1,4,2
SF,IC2009,2020-02-18 09:32:40.000,5428.0000,11148,0,268636760.000,0,-,-,-,-,5423.2000,5423.0000,5422.8000,5422.6000,5422.2000,5428.0000,5429.4000,5429.6000,5430.0000,5431.0000,1,1,1,1,1,1,1,1,4,2
SF,IC2009,2020-02-18 09:32:40.500,5428.0000,11148,0,268636760.000,0,-,-,-,-,5423.4000,5423.2000,5422.6000,5420.6000,5420.0000,5427.8000,5428.0000,5429.4000,5429.6000,5430.0000,2,1,1,1,3,1,1,1,1,4
SF,IC2009,2020-02-18 09:32:41.000,5428.0000,11148,0,268636760.000,0,-,-,-,-,5424.0000,5423.6000,5423.4000,5422.6000,5420.6000,5427.6000,5427.8000,5429.4000,5429.6000,5430.0000,1,1,2,1,1,1,1,1,1,4
SF,IC2009,2020-02-18 09:32:41.500,5428.0000,11148,0,268636760.000,0,-,-,-,-,5424.2000,5423.4000,5422.6000,5420.6000,5420.0000,5427.4000,5427.6000,5427.8000,5429.4000,5429.6000,1,1,1,1,3,1,1,1,1,1
SF,IC2009,2020-02-18 09:32:42.000,5428.0000,11148,0,268636760.000,0,-,-,-,-,5424.2000,5423.4000,5422.6000,5420.6000,5420.0000,5427.2000,5427.4000,5429.4000,5429.6000,5430.0000,1,1,1,1,3,1,1,1,1,4
SF,IC2009,2020-02-18 09:32:42.500,5428.0000,11148,0,268636760.000,0,-,-,-,-,5424.2000,5423.4000,5422.6000,5420.6000,5420.0000,5427.0000,5427.2000,5427.4000,5429.4000,5429.6000,1,1,1,1,3,1,1,1,1,1
SF,IC2009,2020-02-18 09:32:43.000,5428.0000,11148,0,268636760.000,0,-,-,-,-,5424.2000,5422.6000,5420.6000,5420.0000,5419.0000,5426.8000,5427.0000,5427.4000,5429.4000,5429.6000,1,1,1,4,1,1,1,1,1,1
SF,IC2009,2020-02-18 09:32:43.500,5428.0000,11148,0,268636760.000,0,-,-,-,-,5424.2000,5422.6000,5420.6000,5420.0000,5419.0000,5426.8000,5427.0000,5427.4000,5427.6000,5429.4000,1,1,1,4,1,1,1,1,1,1
SF,IC2009,2020-02-18 09:32:44.000,5428.0000,11149,1,269722360.000,1,1,0,双开,S,5424.2000,5422.6000,5420.6000,5420.0000,5419.0000,5427.0000,5427.4000,5427.6000,5429.4000,5429.6000,1,1,1,4,1,1,1,1,1,1
SF,IC2009,2020-02-18 09:32:44.500,5428.0000,11149,0,269722360.000,0,-,-,-,-,5424.4000,5424.2000,5422.6000,5420.6000,5420.0000,5427.0000,5427.4000,5427.6000,5429.4000,5429.6000,1,1,1,1,4,1,1,1,1,1
SF,IC2009,2020-02-18 09:32:45.000,5428.0000,11149,0,269722360.000,0,-,-,-,-,5424.6000,5424.4000,5422.6000,5420.6000,5420.0000,5427.0000,5427.6000,5429.4000,5429.6000,5430.0000,1,1,1,1,4,1,1,1,1,4
SF,IC2009,2020-02-18 09:32:46.500,5428.0000,11149,0,269722360.000,0,-,-,-,-,5424.6000,5424.4000,5422.6000,5422.0000,5420.6000,5427.0000,5427.6000,5429.4000,5429.6000,5430.0000,1,1,1,1,1,1,1,1,1,4
SF,IC2009,2020-02-18 09:32:47.000,5428.0000,11149,0,269722360.000,0,-,-,-,-,5425.0000,5424.8000,5424.6000,5422.6000,5422.0000,5427.0000,5427.6000,5429.4000,5429.6000,5430.0000,1,1,1,1,1,1,2,1,1,4
SF,IC2009,2020-02-18 09:32:47.500,5428.0000,11149,0,269722360.000,0,-,-,-,-,5425.0000,5424.8000,5424.6000,5422.6000,5422.0000,5427.0000,5427.6000,5429.4000,5429.6000,5430.0000,1,1,1,1,1,1,1,1,1,4
SF,IC2009,2020-02-18 09:32:48.000,5428.0000,11149,0,269722360.000,0,-,-,-,-,5425.0000,5424.8000,5424.6000,5424.2000,5422.6000,5427.0000,5427.6000,5429.4000,5429.6000,5430.0000,1,1,1,2,1,1,1,1,1,4
SF,IC2009,2020-02-18 09:32:48.500,5428.0000,11149,0,269722360.000,0,-,-,-,-,5425.0000,5424.8000,5424.6000,5424.2000,5422.6000,5427.0000,5427.6000,5429.4000,5429.6000,5430.0000,1,1,1,2,1,1,1,1,1,4
SF,IC2009,2020-02-18 09:32:49.000,5428.0000,11149,0,269722360.000,0,-,-,-,-,5425.2000,5425.0000,5424.6000,5424.2000,5422.6000,5427.0000,5427.6000,5429.4000,5429.6000,5430.0000,1,1,1,2,1,1,1,1,1,5
SF,IC2009,2020-02-18 09:32:49.500,5428.0000,11149,0,269722360.000,0,-,-,-,-,5425.2000,5425.0000,5424.6000,5424.2000,5422.6000,5427.0000,5427.6000,5429.4000,5429.6000,5430.0000,1,1,1,2,1,1,1,1,1,5
SF,IC2009,2020-02-18 09:32:50.000,5428.0000,11149,0,269722360.000,0,-,-,-,-,5425.2000,5425.0000,5424.6000,5424.2000,5422.6000,5427.0000,5427.6000,5429.4000,5429.6000,5430.0000,1,1,1,2,1,1,1,1,1,5
SF,IC2009,2020-02-18 09:32:52.500,5428.0000,11149,0,269722360.000,0,-,-,-,-,5425.4000,5425.2000,5425.0000,5424.6000,5424.2000,5427.0000,5427.6000,5429.4000,5429.6000,5430.0000,1,1,1,1,2,1,1,1,1,5
SF,IC2009,2020-02-18 09:32:53.000,5428.0000,11149,0,269722360.000,0,-,-,-,-,5425.4000,5425.2000,5424.6000,5424.2000,5422.6000,5427.0000,5427.6000,5429.4000,5429.6000,5430.0000,1,1,1,2,1,1,1,1,1,5
SF,IC2009,2020-02-18 09:32:53.500,5428.0000,11149,0,269722360.000,0,-,-,-,-,5426.0000,5425.4000,5425.2000,5424.6000,5424.2000,5427.0000,5427.6000,5429.4000,5429.6000,5430.0000,1,2,1,1,2,1,1,1,1,5
SF,IC2009,2020-02-18 09:32:54.000,5427.0000,11148,-1,270807760.000,1,0,1,双平,S,5426.2000,5426.0000,5425.4000,5425.2000,5424.6000,5427.6000,5429.4000,5429.6000,5430.0000,5431.0000,1,1,2,1,1,1,1,1,5,2
SF,IC2009,2020-02-18 09:32:54.500,5427.6000,11147,-1,271893280.000,1,0,1,双平,S,5426.4000,5426.2000,5426.0000,5425.4000,5424.6000,5429.4000,5430.0000,5431.0000,5437.8000,5440.0000,1,1,1,1,1,1,5,2,1,6
SF,IC2009,2020-02-18 09:32:55.000,5427.6000,11147,0,271893280.000,0,-,-,-,-,5426.6000,5426.4000,5426.0000,5425.4000,5424.2000,5429.2000,5429.4000,5430.0000,5431.0000,5437.8000,2,1,1,1,2,1,1,5,2,1
SF,IC2009,2020-02-18 09:32:55.500,5427.6000,11147,0,271893280.000,0,-,-,-,-,5426.8000,5426.6000,5425.4000,5424.2000,5422.0000,5429.4000,5430.0000,5431.0000,5437.8000,5440.0000,1,2,1,2,1,1,5,2,1,6
SF,IC2009,2020-02-18 09:32:56.000,5427.6000,11147,0,271893280.000,0,-,-,-,-,5427.0000,5426.8000,5425.4000,5424.2000,5422.0000,5429.4000,5430.0000,5431.0000,5437.8000,5440.0000,3,1,1,2,1,1,5,2,1,6
SF,IC2009,2020-02-18 09:32:56.500,5427.6000,11147,0,271893280.000,0,-,-,-,-,5427.2000,5427.0000,5425.4000,5424.2000,5422.0000,5429.4000,5430.0000,5431.0000,5437.8000,5440.0000,1,3,1,2,1,1,5,2,1,6
SF,IC2009,2020-02-18 09:32:57.000,5429.4000,11146,-1,274065040.000,2,0,2,多平,S,5427.4000,5427.2000,5427.0000,5426.0000,5425.4000,5430.0000,5431.0000,5437.8000,5440.0000,5445.4000,1,1,2,1,1,5,2,1,6,1
SF,IC2009,2020-02-18 09:32:57.500,5429.4000,11146,0,274065040.000,0,-,-,-,-,5427.6000,5427.4000,5427.2000,5427.0000,5426.0000,5430.0000,5431.0000,5437.8000,5440.0000,5445.4000,1,1,1,1,1,5,2,1,6,1
SF,IC2009,2020-02-18 09:32:58.000,5429.4000,11146,0,274065040.000,0,-,-,-,-,5427.8000,5427.6000,5426.0000,5425.4000,5424.2000,5429.8000,5430.0000,5431.0000,5437.8000,5440.0000,1,1,1,1,2,1,5,2,1,6
SF,IC2009,2020-02-18 09:33:00.000,5429.4000,11146,0,274065040.000,0,-,-,-,-,5427.8000,5427.6000,5426.0000,5425.4000,5424.2000,5429.8000,5430.0000,5431.0000,5437.8000,5440.0000,1,1,1,1,2,2,5,2,1,6
SF,IC2009,2020-02-18 09:33:00.500,5429.8000,11146,0,275151000.000,1,0,1,多换,S,5427.8000,5427.6000,5426.0000,5425.4000,5424.2000,5430.0000,5431.0000,5437.8000,5440.0000,5445.4000,1,1,1,1,2,5,2,1,6,1
SF,IC2009,2020-02-18 09:33:01.000,5430.0000,11146,0,276237000.000,1,0,1,多换,S,5427.8000,5427.6000,5426.0000,5425.4000,5424.2000,5430.0000,5431.0000,5437.8000,5440.0000,5445.4000,1,1,1,1,2,4,2,1,6,1
SF,IC2009,2020-02-18 09:33:01.500,5430.0000,11146,0,276237000.000,0,-,-,-,-,5429.8000,5428.0000,5427.8000,5427.6000,5426.0000,5430.0000,5431.0000,5437.8000,5440.0000,5445.4000,1,2,1,1,1,4,2,1,6,1
SF,IC2009,2020-02-18 09:33:02.000,5430.0000,11142,-4,280581000.000,4,0,4,双平,S,5429.8000,5428.0000,5427.6000,5426.0000,5425.4000,5431.0000,5437.8000,5440.0000,5445.4000,5446.0000,1,2,1,1,1,2,1,6,1,5
SF,IC2009,2020-02-18 09:33:02.500,5430.0000,11142,0,280581000.000,0,-,-,-,-,5429.8000,5428.0000,5427.6000,5426.0000,5425.4000,5431.0000,5437.8000,5440.0000,5445.4000,5446.0000,1,2,1,1,1,2,1,6,1,5
SF,IC2009,2020-02-18 09:33:03.000,5430.0000,11142,0,280581000.000,0,-,-,-,-,5429.8000,5428.0000,5427.6000,5426.0000,5425.4000,5431.0000,5437.8000,5440.0000,5445.4000,5446.0000,3,2,1,1,1,2,1,6,1,5
SF,IC2009,2020-02-18 09:33:03.500,5431.0000,11140,-2,282753400.000,2,0,2,双平,S,5431.0000,5429.8000,5428.0000,5427.6000,5426.0000,5437.8000,5440.0000,5445.4000,5446.0000,5450.0000,2,4,2,1,1,1,6,1,5,4
SF,IC2009,2020-02-18 09:33:04.000,5431.0000,11140,0,282753400.000,0,-,-,-,-,5431.2000,5431.0000,5429.8000,5428.0000,5426.0000,5431.6000,5437.6000,5437.8000,5440.0000,5445.4000,1,2,4,1,1,1,2,1,6,1
SF,IC2009,2020-02-18 09:33:04.500,5431.6000,11140,0,283839720.000,1,0,1,多换,S,5431.0000,5429.8000,5428.0000,5426.0000,5425.4000,5437.6000,5437.8000,5440.0000,5445.4000,5446.0000,2,4,1,1,1,1,1,6,1,5
SF,IC2009,2020-02-18 09:33:05.000,5431.6000,11140,0,283839720.000,0,-,-,-,-,5431.2000,5431.0000,5429.8000,5428.0000,5426.0000,5432.8000,5437.6000,5437.8000,5440.0000,5445.4000,2,2,4,1,1,1,1,1,6,1
SF,IC2009,2020-02-18 09:33:05.500,5431.6000,11140,0,283839720.000,0,-,-,-,-,5431.2000,5431.0000,5429.8000,5426.0000,5425.4000,5437.6000,5440.0000,5445.4000,5446.0000,5448.8000,1,2,4,1,1,1,6,1,5,1
SF,IC2009,2020-02-18 09:33:06.000,5431.6000,11140,0,283839720.000,0,-,-,-,-,5431.4000,5431.0000,5429.8000,5426.0000,5425.4000,5433.4000,5437.4000,5437.6000,5440.0000,5445.4000,1,2,4,1,1,1,1,1,6,1
SF,IC2009,2020-02-18 09:33:06.500,5431.6000,11140,0,283839720.000,0,-,-,-,-,5431.0000,5429.8000,5426.0000,5425.4000,5424.2000,5433.2000,5437.6000,5440.0000,5445.4000,5446.0000,2,4,1,1,2,1,1,6,1,5
SF,IC2009,2020-02-18 09:33:07.000,5431.6000,11140,0,283839720.000,0,-,-,-,-,5431.0000,5429.8000,5426.0000,5425.4000,5424.2000,5433.0000,5433.2000,5440.0000,5445.4000,5446.0000,2,4,1,1,2,1,1,6,1,5
SF,IC2009,2020-02-18 09:33:07.500,5431.0000,11138,-2,289271240.000,5,1,4,多平,S,5431.0000,5429.8000,5426.0000,5425.4000,5424.2000,5432.8000,5440.0000,5445.4000,5446.0000,5448.8000,1,4,1,1,2,1,6,1,5,1
SF,IC2009,2020-02-18 09:33:08.000,5431.0000,11138,0,289271240.000,0,-,-,-,-,5431.0000,5429.8000,5426.0000,5425.4000,5424.2000,5432.8000,5440.0000,5445.4000,5446.0000,5448.8000,1,4,1,1,2,1,6,1,5,1
SF,IC2009,2020-02-18 09:33:08.500,5431.0000,11138,0,289271240.000,0,-,-,-,-,5431.6000,5431.0000,5429.8000,5426.0000,5425.4000,5432.8000,5440.0000,5445.4000,5446.0000,5448.8000,2,1,4,1,1,1,6,1,5,1
SF,IC2009,2020-02-18 09:33:09.000,5431.0000,11138,0,289271240.000,0,-,-,-,-,5431.6000,5431.0000,5429.8000,5426.0000,5425.4000,5432.8000,5440.0000,5445.4000,5446.0000,5448.8000,2,1,4,1,1,1,6,1,5,1
SF,IC2009,2020-02-18 09:33:10.500,5432.2000,11138,0,290357680.000,1,0,1,多换,S,5431.6000,5431.0000,5429.8000,5426.0000,5425.4000,5432.8000,5440.0000,5445.4000,5446.0000,5448.8000,2,1,4,1,1,1,6,1,5,1
SF,IC2009,2020-02-18 09:33:12.000,5432.2000,11138,0,290357680.000,0,-,-,-,-,5431.6000,5431.0000,5429.8000,5426.0000,5425.4000,5432.0000,5432.8000,5440.0000,5445.4000,5446.0000,2,1,4,1,1,1,2,6,1,5
SF,IC2009,2020-02-18 09:33:12.500,5432.0000,11136,-2,292530480.000,2,0,2,双平,S,5432.0000,5431.6000,5431.0000,5429.8000,5426.0000,5432.8000,5440.0000,5445.4000,5446.0000,5448.8000,1,2,1,4,1,1,6,1,5,1
SF,IC2009,2020-02-18 09:33:13.000,5431.6000,11134,-2,295789600.000,3,0,3,多平,S,5431.6000,5431.0000,5429.8000,5426.0000,5425.4000,5432.8000,5440.0000,5445.4000,5446.0000,5448.8000,1,1,4,1,1,1,6,1,5,1
SF,IC2009,2020-02-18 09:33:13.500,5431.6000,11133,-1,297962280.000,2,0,2,多平,S,5431.0000,5429.8000,5426.0000,5425.4000,5424.2000,5440.0000,5445.4000,5446.0000,5448.8000,5450.0000,1,3,1,1,2,6,1,5,1,4
SF,IC2009,2020-02-18 09:33:14.000,5431.6000,11133,0,297962280.000,0,-,-,-,-,5431.2000,5431.0000,5429.8000,5426.0000,5425.4000,5433.6000,5438.4000,5439.6000,5439.8000,5440.0000,1,1,3,1,1,1,2,1,3,6
SF,IC2009,2020-02-18 09:33:14.500,5431.6000,11133,0,297962280.000,0,-,-,-,-,5431.2000,5431.0000,5429.8000,5426.0000,5425.4000,5433.4000,5439.6000,5439.8000,5440.0000,5445.4000,1,1,3,1,1,2,1,1,6,1
SF,IC2009,2020-02-18 09:33:15.000,5431.6000,11133,0,297962280.000,0,-,-,-,-,5431.2000,5431.0000,5429.8000,5426.0000,5425.4000,5431.6000,5433.4000,5433.6000,5439.6000,5439.8000,1,1,3,1,1,1,2,1,1,1
SF,IC2009,2020-02-18 09:33:15.500,5431.6000,11133,0,299048600.000,1,0,1,多换,S,5431.0000,5429.8000,5426.0000,5425.4000,5424.2000,5431.4000,5437.0000,5437.4000,5439.6000,5439.8000,1,3,1,1,2,1,1,1,1,1
SF,IC2009,2020-02-18 09:33:16.000,5431.2000,11132,-1,300134840.000,1,0,1,双平,S,5431.0000,5430.0000,5429.8000,5426.0000,5425.4000,5431.4000,5437.0000,5437.4000,5439.6000,5439.8000,1,1,3,1,1,1,1,1,1,1
SF,IC2009,2020-02-18 09:33:17.000,5431.2000,11132,0,300134840.000,0,-,-,-,-,5431.0000,5430.0000,5429.8000,5426.0000,5425.4000,5431.4000,5433.0000,5437.0000,5437.4000,5439.6000,1,1,3,1,1,1,1,1,1,1
SF,IC2009,2020-02-18 09:33:17.500,5431.2000,11132,0,300134840.000,0,-,-,-,-,5431.0000,5430.0000,5429.8000,5426.0000,5425.4000,5431.4000,5433.0000,5437.0000,5437.4000,5439.6000,1,1,3,1,1,1,1,1,1,1
SF,IC2009,2020-02-18 09:33:18.000,5431.0000,11133,1,301221040.000,1,1,0,双开,S,5430.0000,5429.8000,5426.0000,5425.4000,5424.2000,5431.4000,5433.0000,5437.0000,5437.4000,5439.6000,1,3,1,1,2,1,1,1,1,1
SF,IC2009,2020-02-18 09:33:18.500,5430.0000,11134,1,302307040.000,1,1,0,双开,S,5429.8000,5426.0000,5425.4000,5424.2000,5422.0000,5431.4000,5433.0000,5437.0000,5437.4000,5439.6000,3,1,1,2,1,1,1,1,1,1
SF,IC2009,2020-02-18 09:33:19.000,5429.8000,11135,1,305564920.000,3,2,1,空开,S,5426.0000,5425.4000,5424.2000,5422.0000,5420.6000,5431.2000,5431.4000,5433.0000,5437.0000,5439.4000,1,1,2,1,1,1,1,1,1,1
SF,IC2009,2020-02-18 09:33:19.500,5429.8000,11135,0,305564920.000,0,-,-,-,-,5426.2000,5426.0000,5425.4000,5422.0000,5420.6000,5431.0000,5431.2000,5433.0000,5437.0000,5439.4000,2,1,1,1,1,1,1,1,1,1
SF,IC2009,2020-02-18 09:33:20.000,5429.8000,11135,0,305564920.000,0,-,-,-,-,5426.2000,5426.0000,5425.4000,5422.0000,5420.6000,5430.8000,5431.0000,5433.0000,5437.0000,5439.4000,2,1,1,1,1,1,1,1,1,1
SF,IC2009,2020-02-18 09:33:20.500,5429.8000,11135,0,305564920.000,0,-,-,-,-,5426.4000,5426.2000,5426.0000,5425.4000,5422.0000,5430.6000,5433.0000,5436.4000,5437.0000,5439.4000,1,2,1,1,1,1,1,1,1,1
SF,IC2009,2020-02-18 09:33:21.000,5429.8000,11135,0,305564920.000,0,-,-,-,-,5426.6000,5426.4000,5426.0000,5425.4000,5422.0000,5430.6000,5433.0000,5436.4000,5437.0000,5439.4000,2,1,1,1,1,1,1,1,1,1
SF,IC2009,2020-02-18 09:33:21.500,5429.8000,11135,0,305564920.000,0,-,-,-,-,5427.2000,5426.6000,5426.0000,5425.4000,5422.0000,5430.6000,5433.0000,5436.4000,5437.0000,5439.4000,1,2,1,1,1,1,1,1,1,1
SF,IC2009,2020-02-18 09:33:22.000,5429.8000,11135,0,305564920.000,0,-,-,-,-,5427.6000,5427.4000,5427.2000,5426.0000,5425.4000,5430.6000,5433.0000,5436.4000,5437.0000,5439.4000,1,2,1,1,1,1,1,1,1,1
SF,IC2009,2020-02-18 09:33:22.500,5429.8000,11135,0,305564920.000,0,-,-,-,-,5427.8000,5427.6000,5427.2000,5426.0000,5425.4000,5430.6000,5433.0000,5436.4000,5437.0000,5439.4000,2,1,1,1,1,1,1,1,1,1
SF,IC2009,2020-02-18 09:33:23.000,5429.8000,11135,0,305564920.000,0,-,-,-,-,5428.0000,5427.8000,5427.6000,5426.0000,5425.4000,5430.6000,5433.0000,5436.4000,5437.0000,5439.4000,1,2,1,1,1,1,1,1,1,1
SF,IC2009,2020-02-18 09:33:23.500,5429.8000,11135,0,305564920.000,0,-,-,-,-,5428.2000,5428.0000,5427.6000,5426.0000,5425.4000,5430.6000,5433.0000,5436.4000,5437.0000,5439.4000,2,1,1,1,1,1,1,1,1,1
SF,IC2009,2020-02-18 09:33:24.000,5428.0000,11133,-2,308821800.000,3,0,3,多平,S,5427.6000,5426.0000,5425.4000,5422.0000,5420.6000,5427.8000,5430.6000,5433.0000,5436.4000,5437.0000,1,1,1,1,1,2,1,1,1,1
SF,IC2009,2020-02-18 09:33:24.500,5427.8000,11130,-3,312078480.000,3,0,3,双平,S,5427.6000,5426.0000,5425.4000,5422.0000,5420.6000,5433.0000,5436.4000,5437.0000,5439.4000,5439.6000,1,1,1,1,1,1,1,1,1,1
SF,IC2009,2020-02-18 09:33:25.000,5427.8000,11130,0,312078480.000,0,-,-,-,-,5427.8000,5427.6000,5426.0000,5425.4000,5422.0000,5432.8000,5433.0000,5436.4000,5437.0000,5439.4000,2,1,1,1,1,2,3,1,1,1
SF,IC2009,2020-02-18 09:33:25.500,5427.8000,11130,0,312078480.000,0,-,-,-,-,5428.0000,5427.8000,5426.0000,5425.4000,5422.0000,5432.2000,5432.6000,5432.8000,5433.0000,5436.4000,1,2,1,1,1,1,1,2,1,1
SF,IC2009,2020-02-18 09:33:26.000,5427.8000,11130,0,312078480.000,0,-,-,-,-,5428.8000,5428.2000,5428.0000,5426.0000,5425.4000,5432.0000,5433.0000,5436.4000,5437.0000,5439.4000,1,2,1,1,1,2,1,1,1,1
SF,IC2009,2020-02-18 09:33:26.500,5427.8000,11129,-1,313164040.000,1,0,1,双平,S,5428.8000,5428.4000,5428.2000,5428.0000,5426.0000,5431.8000,5432.0000,5433.0000,5436.4000,5437.0000,1,1,1,1,1,1,3,1,1,1
SF,IC2009,2020-02-18 09:33:27.000,5427.8000,11129,0,313164040.000,0,-,-,-,-,5428.8000,5428.4000,5428.2000,5428.0000,5426.0000,5431.6000,5431.8000,5433.0000,5436.4000,5437.0000,1,1,1,1,1,2,1,1,1,1
SF,IC2009,2020-02-18 09:33:27.500,5427.8000,11129,0,313164040.000,0,-,-,-,-,5428.8000,5428.0000,5426.0000,5425.4000,5422.0000,5431.4000,5431.6000,5433.0000,5436.4000,5437.0000,1,1,1,1,1,1,2,1,1,1
SF,IC2009,2020-02-18 09:33:28.000,5427.8000,11129,0,313164040.000,0,-,-,-,-,5428.8000,5428.0000,5426.0000,5425.4000,5422.0000,5431.2000,5431.4000,5433.0000,5436.4000,5437.0000,1,1,1,1,1,2,1,1,1,1
SF,IC2009,2020-02-18 09:33:28.500,5427.8000,11129,0,313164040.000,0,-,-,-,-,5429.0000,5428.8000,5428.0000,5426.0000,5425.4000,5431.0000,5431.2000,5433.0000,5436.4000,5437.0000,1,1,1,1,1,1,1,1,1,1
SF,IC2009,2020-02-18 09:33:29.000,5431.0000,11129,0,314250240.000,1,0,1,多换,S,5428.8000,5426.0000,5425.4000,5422.0000,5420.6000,5433.0000,5436.4000,5437.0000,5439.4000,5439.6000,1,1,1,1,1,1,1,1,1,1
SF,IC2009,2020-02-18 09:33:29.500,5431.0000,11129,0,314250240.000,0,-,-,-,-,5429.0000,5428.8000,5426.0000,5425.4000,5422.0000,5432.2000,5432.8000,5433.0000,5436.4000,5437.0000,2,1,1,1,1,1,1,1,1,1
SF,IC2009,2020-02-18 09:33:30.000,5431.0000,11129,0,314250240.000,0,-,-,-,-,5429.0000,5427.8000,5426.0000,5425.4000,5422.0000,5432.8000,5433.0000,5436.4000,5437.0000,5439.4000,2,1,1,1,1,1,1,1,1,1
SF,IC2009,2020-02-18 09:33:30.500,5431.0000,11129,0,314250240.000,0,-,-,-,-,5430.0000,5429.0000,5427.8000,5426.0000,5425.4000,5432.8000,5433.0000,5436.4000,5437.0000,5439.4000,1,2,1,1,1,1,1,1,2,1
SF,IC2009,2020-02-18 09:33:31.000,5431.0000,11129,0,314250240.000,0,-,-,-,-,5430.2000,5430.0000,5429.0000,5427.8000,5426.0000,5432.8000,5433.0000,5436.4000,5437.0000,5439.4000,1,1,1,1,1,1,1,1,2,1
SF,IC2009,2020-02-18 09:33:31.500,5431.0000,11129,0,314250240.000,0,-,-,-,-,5430.2000,5430.0000,5429.0000,5427.8000,5426.0000,5432.6000,5432.8000,5433.0000,5436.4000,5437.0000,1,1,1,1,1,1,1,2,1,2
SF,IC2009,2020-02-18 09:33:32.000,5431.0000,11129,0,314250240.000,0,-,-,-,-,5430.2000,5430.0000,5429.0000,5427.8000,5426.0000,5432.8000,5433.0000,5436.4000,5437.0000,5439.4000,1,1,1,1,1,1,2,1,2,1
SF,IC2009,2020-02-18 09:33:32.500,5431.0000,11129,0,314250240.000,0,-,-,-,-,5430.2000,5430.0000,5429.0000,5427.8000,5426.0000,5432.8000,5433.0000,5436.4000,5437.0000,5439.4000,1,1,1,1,1,1,2,1,2,1
SF,IC2009,2020-02-18 09:33:33.000,5431.0000,11129,0,314250240.000,0,-,-,-,-,5430.2000,5430.0000,5429.0000,5427.8000,5426.0000,5432.8000,5433.0000,5436.4000,5437.0000,5437.4000,1,1,1,1,1,1,2,1,2,1
SF,IC2009,2020-02-18 09:33:33.500,5431.0000,11129,0,314250240.000,0,-,-,-,-,5430.2000,5430.0000,5427.8000,5426.0000,5425.4000,5432.8000,5433.0000,5436.4000,5437.0000,5437.4000,1,1,1,1,1,1,2,1,2,1
SF,IC2009,2020-02-18 09:33:34.000,5430.2000,11129,0,315336280.000,1,0,1,多换,S,5427.8000,5426.0000,5425.4000,5422.0000,5420.6000,5433.0000,5436.4000,5437.0000,5437.4000,5439.4000,1,1,1,1,1,2,1,2,1,1
SF,IC2009,2020-02-18 09:33:34.500,5430.2000,11129,0,315336280.000,0,-,-,-,-,5428.4000,5428.0000,5426.0000,5425.4000,5422.0000,5432.8000,5433.0000,5436.4000,5437.0000,5437.4000,1,1,1,1,1,3,2,1,2,1
SF,IC2009,2020-02-18 09:33:35.000,5430.2000,11129,0,315336280.000,0,-,-,-,-,5428.6000,5426.0000,5425.4000,5422.0000,5420.6000,5432.4000,5432.6000,5432.8000,5433.0000,5436.4000,1,1,1,1,1,1,1,3,2,1
SF,IC2009,2020-02-18 09:33:35.500,5432.2000,11129,0,316422720.000,1,0,1,多换,S,5426.0000,5425.4000,5422.0000,5420.6000,5420.0000,5432.2000,5432.4000,5433.0000,5436.4000,5437.0000,1,1,1,1,4,3,2,2,1,2
SF,IC2009,2020-02-18 09:33:36.000,5432.2000,11129,0,316422720.000,0,-,-,-,-,5427.6000,5427.0000,5426.2000,5426.0000,5425.4000,5428.4000,5432.2000,5432.4000,5433.0000,5436.4000,1,1,1,1,1,18,3,1,2,1
SF,IC2009,2020-02-18 09:33:36.500,5432.2000,11129,0,316422720.000,0,-,-,-,-,5427.6000,5426.2000,5426.0000,5425.4000,5422.0000,5428.2000,5428.4000,5432.2000,5432.4000,5433.0000,1,1,1,1,1,1,18,2,1,2
SF,IC2009,2020-02-18 09:33:37.000,5427.8000,11126,-3,319679440.000,3,0,3,双平,S,5426.2000,5426.0000,5425.4000,5422.0000,5420.6000,5428.2000,5428.4000,5432.2000,5432.4000,5433.0000,1,1,1,1,1,1,18,2,1,1
SF,IC2009,2020-02-18 09:33:37.500,5428.2000,11126,0,320765080.000,1,0,1,多换,S,5426.6000,5426.2000,5426.0000,5425.4000,5425.0000,5428.4000,5432.2000,5432.4000,5433.0000,5436.4000,1,1,1,1,1,18,2,1,1,1
SF,IC2009,2020-02-18 09:33:38.000,5428.2000,11126,0,321850720.000,1,0,1,多换,S,5426.6000,5426.2000,5426.0000,5425.4000,5425.0000,5428.4000,5432.0000,5432.2000,5433.0000,5436.4000,1,1,1,1,1,18,2,2,1,1
SF,IC2009,2020-02-18 09:33:38.500,5428.2000,11126,0,321850720.000,0,-,-,-,-,5426.8000,5426.6000,5426.2000,5426.0000,5425.4000,5428.4000,5432.0000,5432.2000,5433.0000,5436.4000,1,1,1,1,1,18,2,2,1,1
SF,IC2009,2020-02-18 09:33:39.000,5428.2000,11126,0,321850720.000,0,-,-,-,-,5428.4000,5426.8000,5426.6000,5426.2000,5426.0000,5432.0000,5432.2000,5433.0000,5436.4000,5437.0000,1,1,1,1,1,2,1,1,1,2
SF,IC2009,2020-02-18 09:33:39.500,5428.2000,11126,0,321850720.000,0,-,-,-,-,5428.6000,5428.4000,5426.6000,5426.0000,5425.4000,5431.8000,5432.0000,5433.0000,5436.4000,5437.0000,1,1,1,1,1,1,2,1,1,2
SF,IC2009,2020-02-18 09:33:40.000,5428.2000,11126,0,321850720.000,0,-,-,-,-,5428.6000,5428.4000,5426.6000,5426.0000,5425.4000,5431.8000,5433.0000,5436.4000,5437.0000,5437.4000,1,1,1,1,1,1,1,1,2,1
SF,IC2009,2020-02-18 09:33:40.500,5428.2000,11125,-1,322936360.000,1,0,1,双平,S,5428.4000,5426.6000,5426.0000,5425.4000,5425.0000,5431.8000,5433.0000,5436.4000,5437.0000,5437.4000,1,1,1,1,1,1,1,1,2,1
SF,IC2009,2020-02-18 09:33:41.000,5428.2000,11125,0,322936360.000,0,-,-,-,-,5428.8000,5428.4000,5428.2000,5426.6000,5426.0000,5431.8000,5433.0000,5436.4000,5437.0000,5437.4000,1,1,1,1,1,1,1,1,2,1
SF,IC2009,2020-02-18 09:33:41.500,5428.2000,11125,0,322936360.000,0,-,-,-,-,5428.8000,5428.4000,5428.2000,5426.6000,5426.0000,5431.6000,5431.8000,5433.0000,5436.4000,5437.0000,1,1,1,1,1,1,1,1,1,2
SF,IC2009,2020-02-18 09:33:42.000,5428.2000,11125,0,322936360.000,0,-,-,-,-,5428.4000,5428.2000,5426.6000,5426.0000,5425.4000,5431.6000,5431.8000,5433.0000,5436.4000,5437.0000,1,1,1,1,1,1,1,1,1,2
SF,IC2009,2020-02-18 09:33:42.500,5428.2000,11125,0,322936360.000,0,-,-,-,-,5428.4000,5428.2000,5426.6000,5426.0000,5425.4000,5431.4000,5431.6000,5433.0000,5436.4000,5437.0000,1,1,1,1,1,1,1,1,1,2
SF,IC2009,2020-02-18 09:33:43.000,5428.2000,11125,0,322936360.000,0,-,-,-,-,5428.4000,5428.2000,5426.6000,5426.0000,5425.4000,5431.0000,5431.2000,5431.4000,5433.0000,5436.4000,1,1,1,1,1,1,1,1,1,1
SF,IC2009,2020-02-18 09:33:43.500,5428.2000,11125,0,322936360.000,0,-,-,-,-,5428.4000,5428.2000,5426.6000,5426.0000,5425.4000,5430.8000,5431.0000,5431.2000,5433.0000,5436.4000,1,1,1,1,1,2,1,1,1,1
SF,IC2009,2020-02-18 09:33:44.000,5428.2000,11125,0,322936360.000,0,-,-,-,-,5428.4000,5428.2000,5426.0000,5425.4000,5425.0000,5430.8000,5431.0000,5431.2000,5432.4000,5433.0000,1,1,1,1,1,2,1,1,1,1
SF,IC2009,2020-02-18 09:33:44.500,5428.2000,11125,0,322936360.000,0,-,-,-,-,5428.6000,5428.4000,5428.2000,5426.0000,5425.4000,5430.8000,5431.0000,5432.4000,5433.0000,5436.4000,1,1,1,1,1,2,1,1,1,1
SF,IC2009,2020-02-18 09:33:45.000,5430.8000,11125,0,324022520.000,1,0,1,多换,S,5428.4000,5428.2000,5426.0000,5425.4000,5425.0000,5430.8000,5431.0000,5432.4000,5433.0000,5436.4000,1,1,1,1,1,1,1,1,1,1
SF,IC2009,2020-02-18 09:33:45.500,5430.8000,11125,0,324022520.000,0,-,-,-,-,5428.6000,5428.4000,5428.2000,5426.0000,5425.4000,5430.8000,5431.0000,5432.4000,5433.0000,5436.4000,1,1,1,1,1,1,1,1,1,1
SF,IC2009,2020-02-18 09:33:46.000,5428.6000,11125,0,325108240.000,1,0,1,多换,S,5428.4000,5428.2000,5426.0000,5425.4000,5425.0000,5428.6000,5430.8000,5431.0000,5432.4000,5433.0000,1,1,1,1,1,17,1,1,1,1
SF,IC2009,2020-02-18 09:33:46.500,5428.4000,11109,-16,344651160.000,18,1,17,多平,S,5428.2000,5426.0000,5425.4000,5425.0000,5424.2000,5431.0000,5433.0000,5436.4000,5437.0000,5437.4000,1,1,1,1,1,1,1,1,2,1
SF,IC2009,2020-02-18 09:33:47.000,5428.4000,11109,0,344651160.000,0,-,-,-,-,5428.4000,5428.2000,5426.0000,5425.4000,5425.0000,5430.8000,5431.0000,5433.0000,5436.4000,5437.0000,1,1,1,1,1,1,1,1,1,2
SF,IC2009,2020-02-18 09:33:48.000,5430.6000,11108,-1,345737280.000,1,0,1,双平,S,5428.4000,5428.2000,5426.0000,5425.4000,5425.0000,5430.8000,5431.0000,5433.0000,5436.4000,5437.0000,1,1,1,1,1,1,1,1,1,2
SF,IC2009,2020-02-18 09:33:48.500,5430.8000,11109,1,346823440.000,1,1,0,双开,S,5428.4000,5428.2000,5428.0000,5426.0000,5425.4000,5431.0000,5433.0000,5436.4000,5437.0000,5437.4000,1,1,1,1,1,1,1,1,2,1
SF,IC2009,2020-02-18 09:33:49.000,5430.8000,11109,0,346823440.000,0,-,-,-,-,5428.6000,5428.4000,5428.2000,5426.0000,5425.4000,5431.0000,5433.0000,5436.4000,5437.0000,5437.4000,1,1,1,1,1,1,1,1,2,1
SF,IC2009,2020-02-18 09:33:49.500,5430.8000,11109,0,347909600.000,1,0,1,多换,S,5428.8000,5428.6000,5428.2000,5426.0000,5425.4000,5431.0000,5433.0000,5436.4000,5437.0000,5437.4000,1,2,1,1,1,1,1,1,2,1
SF,IC2009,2020-02-18 09:33:50.000,5430.8000,11109,0,347909600.000,0,-,-,-,-,5428.8000,5428.6000,5428.2000,5426.0000,5425.4000,5431.0000,5433.0000,5436.4000,5437.0000,5437.4000,1,2,1,1,1,1,1,1,2,1
SF,IC2009,2020-02-18 09:33:50.500,5430.8000,11108,-1,350081920.000,2,0,2,多平,S,5428.8000,5428.2000,5426.0000,5425.4000,5425.0000,5430.6000,5430.8000,5431.0000,5433.0000,5436.4000,1,1,1,1,1,1,1,1,1,1
SF,IC2009,2020-02-18 09:33:51.000,5428.8000,11107,-1,351167680.000,1,0,1,双平,S,5428.2000,5426.0000,5425.4000,5425.0000,5424.2000,5430.6000,5430.8000,5431.0000,5433.0000,5436.4000,1,1,1,1,1,1,1,1,1,1
SF,IC2009,2020-02-18 09:33:51.500,5428.8000,11107,0,351167680.000,0,-,-,-,-,5428.2000,5426.0000,5425.4000,5425.0000,5424.2000,5430.2000,5430.4000,5430.6000,5431.0000,5433.0000,1,1,1,1,1,1,1,1,1,1
SF,IC2009,2020-02-18 09:33:52.000,5428.2000,11107,0,352253320.000,1,0,1,多换,S,5426.0000,5425.4000,5425.0000,5424.2000,5422.0000,5430.0000,5430.2000,5430.6000,5431.0000,5432.2000,1,1,1,1,1,1,1,1,1,1
SF,IC2009,2020-02-18 09:33:52.500,5428.2000,11107,0,352253320.000,0,-,-,-,-,5426.2000,5426.0000,5425.4000,5425.0000,5424.2000,5429.6000,5429.8000,5430.0000,5430.2000,5430.6000,1,1,1,1,1,1,2,1,1,1
SF,IC2009,2020-02-18 09:33:53.000,5428.2000,11107,0,352253320.000,0,-,-,-,-,5426.2000,5426.0000,5425.4000,5425.0000,5424.2000,5429.4000,5429.6000,5430.2000,5430.6000,5431.0000,1,1,1,1,1,3,1,1,1,1
SF,IC2009,2020-02-18 09:33:53.500,5428.2000,11107,0,352253320.000,0,-,-,-,-,5426.2000,5426.0000,5425.4000,5425.0000,5424.2000,5429.4000,5430.6000,5431.0000,5432.2000,5433.0000,1,1,1,1,1,4,1,1,1,1
SF,IC2009,2020-02-18 09:33:54.000,5428.2000,11107,0,352253320.000,0,-,-,-,-,5426.2000,5426.0000,5425.4000,5425.0000,5424.2000,5428.2000,5428.8000,5429.4000,5430.6000,5431.0000,1,1,1,1,1,1,1,4,1,1
SF,IC2009,2020-02-18 09:33:54.500,5428.2000,11107,0,353338960.000,1,0,1,多换,S,5426.0000,5425.4000,5425.0000,5424.2000,5422.0000,5428.0000,5429.4000,5430.6000,5431.0000,5432.2000,1,1,1,1,1,1,1,1,1,1
SF,IC2009,2020-02-18 09:33:55.000,5428.2000,11107,0,353338960.000,0,-,-,-,-,5426.2000,5426.0000,5425.4000,5425.0000,5424.2000,5428.0000,5429.4000,5430.6000,5431.0000,5432.2000,1,1,1,1,1,1,1,1,1,1
SF,IC2009,2020-02-18 09:33:55.500,5428.0000,11107,0,354424560.000,1,0,1,多换,S,5428.2000,5426.4000,5426.0000,5425.4000,5425.0000,5429.4000,5430.6000,5431.0000,5432.2000,5433.0000,1,1,1,1,1,1,1,1,1,1
SF,IC2009,2020-02-18 09:33:56.000,5428.0000,11107,0,354424560.000,0,-,-,-,-,5428.4000,5428.2000,5426.0000,5425.4000,5425.0000,5430.6000,5432.2000,5433.0000,5436.4000,5437.0000,1,1,1,1,1,1,1,1,1,2
SF,IC2009,2020-02-18 09:33:56.500,5428.0000,11107,0,354424560.000,0,-,-,-,-,5428.4000,5428.2000,5426.0000,5425.4000,5425.0000,5430.2000,5430.4000,5430.6000,5433.0000,5436.4000,1,1,1,1,1,1,1,1,1,1
SF,IC2009,2020-02-18 09:33:57.000,5430.0000,11107,0,355510560.000,1,0,1,多换,S,5428.4000,5428.2000,5426.0000,5425.4000,5425.0000,5430.0000,5430.2000,5430.4000,5433.0000,5436.4000,1,1,1,1,1,1,1,1,1,1
SF,IC2009,2020-02-18 09:33:57.500,5430.0000,11107,0,355510560.000,0,-,-,-,-,5428.4000,5428.2000,5426.0000,5425.4000,5425.0000,5430.2000,5430.4000,5433.0000,5436.4000,5437.0000,1,1,1,1,1,1,1,1,1,2
SF,IC2009,2020-02-18 09:33:58.000,5428.4000,11106,-1,356596240.000,1,0,1,双平,S,5428.2000,5426.0000,5425.4000,5425.0000,5424.2000,5428.6000,5430.0000,5430.2000,5433.0000,5436.4000,1,1,1,1,1,1,1,1,1,1
SF,IC2009,2020-02-18 09:33:58.500,5428.6000,11105,-1,358767600.000,2,0,2,多平,S,5426.0000,5425.4000,5425.0000,5424.2000,5423.8000,5430.0000,5430.2000,5433.0000,5436.4000,5437.0000,1,1,1,1,1,1,1,1,1,2
SF,IC2009,2020-02-18 09:33:59.000,5428.6000,11105,0,358767600.000,0,-,-,-,-,5426.2000,5426.0000,5425.4000,5425.0000,5424.2000,5428.4000,5433.0000,5436.4000,5437.0000,5437.4000,1,1,1,1,1,1,1,1,2,1
SF,IC2009,2020-02-18 09:33:59.500,5428.4000,11105,0,359853280.000,1,0,1,多换,S,5426.0000,5425.4000,5425.0000,5424.2000,5423.8000,5433.0000,5436.4000,5437.0000,5437.4000,5439.4000,1,1,1,1,1,1,1,2,1,1
SF,IC2009,2020-02-18 09:34:00.000,5428.4000,11105,0,359853280.000,0,-,-,-,-,5426.4000,5426.2000,5426.0000,5425.4000,5425.0000,5431.6000,5432.8000,5433.0000,5436.4000,5437.0000,1,1,1,1,1,1,1,2,1,2
SF,IC2009,2020-02-18 09:34:00.500,5428.4000,11105,0,359853280.000,0,-,-,-,-,5426.6000,5426.4000,5426.0000,5425.4000,5425.0000,5430.2000,5431.0000,5431.2000,5431.4000,5431.6000,1,1,1,1,1,1,1,1,1,1
SF,IC2009,2020-02-18 09:34:01.000,5428.4000,11105,0,359853280.000,0,-,-,-,-,5426.6000,5426.0000,5425.4000,5425.0000,5424.2000,5430.2000,5431.0000,5431.2000,5431.4000,5431.6000,1,1,1,1,1,1,1,1,1,2
SF,IC2009,2020-02-18 09:34:01.500,5428.4000,11105,0,359853280.000,0,-,-,-,-,5427.0000,5426.6000,5426.0000,5425.4000,5425.0000,5430.2000,5431.0000,5431.2000,5431.4000,5431.6000,2,1,1,1,1,1,1,1,1,1
SF,IC2009,2020-02-18 09:34:02.000,5428.4000,11105,0,359853280.000,0,-,-,-,-,5427.2000,5427.0000,5426.0000,5425.4000,5425.0000,5430.2000,5431.0000,5431.2000,5431.6000,5433.0000,1,2,1,1,1,1,1,1,1,3
SF,IC2009,2020-02-18 09:34:02.500,5428.4000,11105,0,359853280.000,0,-,-,-,-,5427.2000,5427.0000,5426.0000,5425.4000,5425.0000,5429.8000,5430.2000,5431.0000,5431.6000,5433.0000,1,2,1,1,1,1,1,1,1,3
SF,IC2009,2020-02-18 09:34:03.000,5428.4000,11105,0,359853280.000,0,-,-,-,-,5427.2000,5427.0000,5426.0000,5425.4000,5425.0000,5429.8000,5431.0000,5431.6000,5433.0000,5436.4000,1,2,1,1,1,1,1,1,3,1
SF,IC2009,2020-02-18 09:34:03.500,5429.8000,11104,-1,360939240.000,1,0,1,双平,S,5428.2000,5427.0000,5426.0000,5425.4000,5425.0000,5431.6000,5433.0000,5436.4000,5437.0000,5437.4000,1,3,1,1,1,1,3,1,1,1
SF,IC2009,2020-02-18 09:34:04.000,5429.8000,11104,0,360939240.000,0,-,-,-,-,5428.4000,5428.2000,5427.4000,5427.0000,5426.0000,5429.0000,5431.6000,5433.0000,5433.4000,5436.4000,1,1,1,2,1,1,1,3,2,1
SF,IC2009,2020-02-18 09:34:04.500,5429.0000,11103,-1,362025040.000,1,0,1,双平,S,5428.2000,5427.4000,5427.0000,5426.0000,5425.4000,5433.0000,5433.4000,5436.4000,5437.0000,5437.4000,1,1,1,1,1,3,2,1,1,1
SF,IC2009,2020-02-18 09:34:05.000,5429.0000,11103,0,362025040.000,0,-,-,-,-,5429.8000,5428.4000,5428.2000,5427.0000,5426.0000,5432.8000,5433.0000,5433.4000,5436.4000,5437.0000,2,1,1,1,1,1,3,2,1,1
SF,IC2009,2020-02-18 09:34:05.500,5429.0000,11103,0,362025040.000,0,-,-,-,-,5429.8000,5428.2000,5427.0000,5426.0000,5425.4000,5432.4000,5432.8000,5433.0000,5433.4000,5436.4000,2,1,1,1,1,1,1,2,2,1
SF,IC2009,2020-02-18 09:34:06.000,5429.0000,11103,0,362025040.000,0,-,-,-,-,5429.8000,5428.2000,5427.0000,5426.0000,5425.4000,5432.2000,5433.0000,5433.4000,5436.4000,5437.0000,2,1,1,1,1,1,2,2,1,1
SF,IC2009,2020-02-18 09:34:07.000,5429.0000,11103,0,362025040.000,0,-,-,-,-,5429.8000,5428.2000,5427.0000,5426.0000,5425.4000,5432.0000,5432.2000,5433.0000,5433.4000,5436.4000,2,1,1,1,1,1,2,2,2,1
SF,IC2009,2020-02-18 09:34:07.500,5429.8000,11104,1,363111000.000,1,1,0,双开,S,5429.8000,5428.2000,5427.0000,5426.0000,5425.4000,5432.0000,5433.0000,5433.4000,5436.4000,5437.0000,1,1,1,1,1,2,1,2,1,1
SF,IC2009,2020-02-18 09:34:08.000,5429.8000,11104,0,363111000.000,0,-,-,-,-,5429.8000,5428.2000,5426.0000,5425.4000,5425.0000,5431.8000,5432.0000,5433.0000,5433.4000,5434.4000,1,1,1,1,1,1,2,1,2,1
SF,IC2009,2020-02-18 09:34:10.000,5429.8000,11104,0,364196960.000,1,0,1,多换,S,5428.2000,5426.0000,5425.4000,5425.0000,5422.0000,5431.4000,5431.8000,5432.0000,5433.0000,5433.4000,1,1,1,1,1,1,1,1,1,2
SF,IC2009,2020-02-18 09:34:10.500,5429.8000,11104,0,364196960.000,0,-,-,-,-,5428.4000,5428.2000,5426.0000,5425.4000,5425.0000,5431.4000,5431.6000,5431.8000,5433.0000,5433.4000,1,1,1,1,1,1,1,1,1,2
SF,IC2009,2020-02-18 09:34:11.000,5431.6000,11104,0,366369560.000,2,1,1,多换,S,5430.0000,5428.4000,5428.2000,5426.0000,5425.4000,5431.8000,5433.0000,5433.4000,5434.4000,5436.4000,1,1,1,1,1,1,1,2,1,1
SF,IC2009,2020-02-18 09:34:11.500,5431.6000,11104,0,366369560.000,0,-,-,-,-,5430.0000,5428.4000,5428.2000,5426.0000,5425.4000,5433.0000,5433.4000,5434.4000,5436.4000,5437.0000,1,1,1,1,1,1,2,1,1,1
SF,IC2009,2020-02-18 09:34:12.000,5431.4000,11104,0,367455840.000,1,0,1,多换,S,5430.0000,5428.4000,5428.2000,5426.0000,5425.4000,5432.0000,5432.6000,5432.8000,5433.0000,5433.4000,1,1,1,1,1,1,1,1,1,2
SF,IC2009,2020-02-18 09:34:12.500,5431.4000,11104,0,367455840.000,0,-,-,-,-,5430.0000,5428.4000,5428.2000,5426.0000,5425.4000,5432.6000,5432.8000,5433.0000,5433.4000,5434.4000,1,1,1,1,1,1,1,1,2,1
SF,IC2009,2020-02-18 09:34:13.000,5431.4000,11104,0,367455840.000,0,-,-,-,-,5430.0000,5428.4000,5428.2000,5426.0000,5425.4000,5432.6000,5432.8000,5433.0000,5433.4000,5434.4000,2,1,1,1,1,2,1,1,2,1
SF,IC2009,2020-02-18 09:34:13.500,5431.4000,11104,0,367455840.000,0,-,-,-,-,5430.0000,5428.4000,5428.2000,5426.0000,5425.4000,5432.4000,5432.6000,5433.0000,5433.4000,5434.4000,2,1,1,1,1,1,1,1,2,1
SF,IC2009,2020-02-18 09:34:14.000,5432.4000,11104,0,368542320.000,1,0,1,多换,S,5430.0000,5428.4000,5428.2000,5426.0000,5425.4000,5432.6000,5433.0000,5433.4000,5434.4000,5436.4000,2,1,1,1,1,1,1,2,1,1
SF,IC2009,2020-02-18 09:34:14.500,5432.4000,11104,0,368542320.000,0,-,-,-,-,5430.2000,5430.0000,5428.2000,5426.0000,5425.4000,5432.6000,5433.0000,5433.4000,5434.4000,5436.4000,1,2,1,1,1,1,1,2,1,1
SF,IC2009,2020-02-18 09:34:15.500,5432.4000,11104,0,368542320.000,0,-,-,-,-,5430.2000,5430.0000,5428.2000,5426.0000,5425.4000,5432.2000,5432.6000,5433.0000,5433.4000,5434.4000,1,2,1,1,1,1,1,1,2,1
SF,IC2009,2020-02-18 09:34:16.000,5432.4000,11104,0,368542320.000,0,-,-,-,-,5430.0000,5428.2000,5426.0000,5425.4000,5425.0000,5432.2000,5433.0000,5433.4000,5434.4000,5436.4000,2,1,1,1,1,1,1,2,1,1
SF,IC2009,2020-02-18 09:34:17.500,5432.4000,11104,0,368542320.000,0,-,-,-,-,5430.0000,5428.2000,5426.0000,5425.4000,5425.0000,5432.2000,5432.8000,5433.0000,5433.4000,5434.4000,2,1,1,1,1,1,1,1,2,1
SF,IC2009,2020-02-18 09:34:18.000,5432.4000,11104,0,368542320.000,0,-,-,-,-,5430.0000,5428.2000,5426.0000,5425.4000,5425.0000,5432.0000,5432.2000,5432.8000,5433.0000,5433.4000,2,1,1,1,1,1,1,1,1,2
SF,IC2009,2020-02-18 09:34:18.500,5432.4000,11104,0,368542320.000,0,-,-,-,-,5430.0000,5428.2000,5426.0000,5425.4000,5425.0000,5432.0000,5432.2000,5432.8000,5433.0000,5433.4000,2,1,1,1,1,2,1,1,2,2
SF,IC2009,2020-02-18 09:34:19.000,5430.0000,11104,0,369628320.000,1,0,1,多换,S,5430.2000,5430.0000,5428.2000,5426.0000,5425.4000,5432.0000,5432.2000,5432.8000,5433.0000,5433.4000,1,2,1,1,1,2,1,1,2,2
SF,IC2009,2020-02-18 09:34:19.500,5430.0000,11104,0,371800320.000,2,1,1,多换,S,5430.0000,5428.2000,5426.0000,5425.4000,5425.0000,5432.0000,5432.2000,5432.8000,5433.0000,5433.4000,1,1,1,1,1,2,1,1,2,2
SF,IC2009,2020-02-18 09:34:20.000,5432.0000,11105,1,373973040.000,2,1,1,空开,S,5430.0000,5428.2000,5426.0000,5425.4000,5425.0000,5432.8000,5433.0000,5433.4000,5434.4000,5436.4000,1,1,1,1,1,1,2,2,1,1
SF,IC2009,2020-02-18 09:34:20.500,5432.0000,11105,0,373973040.000,0,-,-,-,-,5430.2000,5430.0000,5428.2000,5426.0000,5425.4000,5432.4000,5432.6000,5433.0000,5433.4000,5434.4000,1,1,1,1,1,1,1,2,2,1
SF,IC2009,2020-02-18 09:34:22.500,5432.0000,11105,0,373973040.000,0,-,-,-,-,5430.2000,5430.0000,5428.2000,5426.0000,5425.4000,5432.6000,5433.0000,5433.4000,5434.4000,5436.4000,1,1,1,1,1,1,2,2,1,1
SF,IC2009,2020-02-18 09:34:23.000,5432.0000,11105,0,373973040.000,0,-,-,-,-,5430.2000,5430.0000,5428.2000,5426.0000,5425.4000,5433.0000,5433.4000,5434.4000,5436.4000,5437.0000,1,1,1,1,1,2,2,1,1,1
SF,IC2009,2020-02-18 09:34:23.500,5432.0000,11105,0,373973040.000,0,-,-,-,-,5430.2000,5430.0000,5428.2000,5426.0000,5425.4000,5433.0000,5433.4000,5434.4000,5436.4000,5437.0000,1,1,1,1,1,3,2,1,1,1
SF,IC2009,2020-02-18 09:34:24.000,5433.0000,11105,0,376146240.000,2,1,1,多换,S,5430.2000,5430.0000,5428.2000,5426.0000,5425.4000,5433.4000,5434.4000,5436.4000,5437.0000,5439.6000,1,1,1,1,1,2,1,1,1,1
SF,IC2009,2020-02-18 09:34:24.500,5433.0000,11105,0,376146240.000,0,-,-,-,-,5430.2000,5430.0000,5428.2000,5426.0000,5425.4000,5433.4000,5434.4000,5436.4000,5437.0000,5439.6000,1,1,1,1,1,3,1,1,1,1
SF,IC2009,2020-02-18 09:34:25.000,5433.0000,11105,0,376146240.000,0,-,-,-,-,5430.6000,5430.2000,5430.0000,5428.2000,5426.0000,5433.4000,5434.4000,5436.4000,5437.0000,5439.6000,1,1,1,1,1,3,1,1,1,1
SF,IC2009,2020-02-18 09:34:25.500,5433.0000,11105,0,376146240.000,0,-,-,-,-,5430.8000,5430.6000,5430.0000,5428.2000,5426.0000,5433.4000,5434.4000,5436.4000,5437.0000,5439.6000,1,1,1,1,1,3,1,1,1,1
SF,IC2009,2020-02-18 09:34:26.000,5433.0000,11105,0,376146240.000,0,-,-,-,-,5430.8000,5430.6000,5430.0000,5428.2000,5426.0000,5433.0000,5433.4000,5434.4000,5436.4000,5437.0000,1,1,1,1,1,1,3,1,1,1
SF,IC2009,2020-02-18 09:34:26.500,5433.0000,11106,1,377232840.000,1,1,0,双开,S,5430.8000,5430.6000,5430.0000,5428.2000,5426.0000,5433.4000,5434.4000,5436.4000,5437.0000,5439.6000,1,1,1,1,1,3,1,1,1,1
SF,IC2009,2020-02-18 09:34:27.000,5433.0000,11106,0,377232840.000,0,-,-,-,-,5430.8000,5430.0000,5428.2000,5426.0000,5425.4000,5433.2000,5433.4000,5434.4000,5436.4000,5437.0000,1,1,1,1,1,1,3,1,1,1
SF,IC2009,2020-02-18 09:34:27.500,5433.0000,11106,0,377232840.000,0,-,-,-,-,5433.0000,5430.8000,5430.0000,5428.2000,5426.0000,5433.2000,5433.4000,5434.4000,5436.4000,5437.0000,1,1,1,1,1,1,3,1,1,1
SF,IC2009,2020-02-18 09:34:28.000,5433.0000,11105,-1,378319440.000,1,0,1,双平,S,5430.8000,5430.0000,5428.2000,5426.0000,5425.4000,5433.4000,5436.4000,5437.0000,5439.6000,5440.0000,1,1,1,1,1,2,1,1,1,6
SF,IC2009,2020-02-18 09:34:28.500,5433.0000,11105,0,378319440.000,0,-,-,-,-,5430.8000,5430.0000,5428.2000,5426.0000,5425.4000,5433.2000,5433.4000,5436.4000,5437.0000,5439.6000,1,1,1,1,1,1,2,1,1,1
SF,IC2009,2020-02-18 09:34:30.000,5433.0000,11105,0,378319440.000,0,-,-,-,-,5430.8000,5430.0000,5428.2000,5426.0000,5425.4000,5433.2000,5433.4000,5436.4000,5437.0000,5439.6000,1,1,1,1,1,1,2,1,1,1
SF,IC2009,2020-02-18 09:34:32.000,5433.0000,11105,0,378319440.000,0,-,-,-,-,5430.8000,5430.0000,5428.2000,5426.0000,5425.4000,5433.2000,5433.4000,5436.4000,5437.0000,5439.6000,1,1,1,1,1,2,2,1,1,1
SF,IC2009,2020-02-18 09:34:33.500,5433.0000,11105,0,379406040.000,1,0,1,多换,S,5430.8000,5430.0000,5428.2000,5426.0000,5425.4000,5433.2000,5433.4000,5436.4000,5437.0000,5439.6000,1,1,1,1,1,2,2,1,1,1
SF,IC2009,2020-02-18 09:34:34.000,5433.0000,11105,0,380492640.000,1,0,1,多换,S,5430.8000,5430.0000,5428.2000,5426.0000,5425.4000,5433.2000,5433.4000,5436.4000,5437.0000,5439.6000,1,1,1,1,1,2,2,1,1,1
SF,IC2009,2020-02-18 09:34:34.500,5433.0000,11105,0,380492640.000,0,-,-,-,-,5430.8000,5430.0000,5428.2000,5426.0000,5425.4000,5433.2000,5433.4000,5436.4000,5437.0000,5439.6000,1,1,1,1,1,2,2,1,1,1
SF,IC2009,2020-02-18 09:34:35.000,5433.0000,11105,0,380492640.000,0,-,-,-,-,5430.6000,5430.0000,5428.2000,5426.0000,5425.4000,5433.2000,5433.4000,5436.4000,5437.0000,5439.6000,2,1,1,1,1,2,2,1,1,1
SF,IC2009,2020-02-18 09:34:35.500,5433.0000,11105,0,380492640.000,0,-,-,-,-,5430.6000,5430.0000,5428.2000,5426.0000,5425.4000,5433.0000,5433.2000,5433.4000,5436.4000,5437.0000,2,1,1,1,1,2,2,2,1,1
SF,IC2009,2020-02-18 09:34:36.000,5433.0000,11105,0,380492640.000,0,-,-,-,-,5430.8000,5430.6000,5430.0000,5428.2000,5426.0000,5433.0000,5433.2000,5433.4000,5436.4000,5437.0000,1,2,1,1,1,1,2,2,1,1
SF,IC2009,2020-02-18 09:34:36.500,5433.0000,11105,0,380492640.000,0,-,-,-,-,5430.8000,5430.6000,5430.0000,5428.2000,5426.0000,5432.4000,5432.8000,5433.0000,5433.2000,5433.4000,1,2,1,1,1,1,2,1,2,2
SF,IC2009,2020-02-18 09:34:37.000,5430.8000,11105,0,381578800.000,1,0,1,多换,S,5430.6000,5430.0000,5428.2000,5426.0000,5425.4000,5432.4000,5432.8000,5433.0000,5433.2000,5433.4000,2,1,1,1,1,1,1,1,2,2
SF,IC2009,2020-02-18 09:34:37.500,5433.0000,11105,0,383751880.000,2,1,1,多换,S,5430.8000,5430.6000,5430.0000,5428.2000,5426.0000,5433.2000,5433.4000,5436.4000,5437.0000,5439.6000,1,2,1,1,1,2,2,1,1,1
SF,IC2009,2020-02-18 09:34:39.500,5433.0000,11105,0,383751880.000,0,-,-,-,-,5430.8000,5430.6000,5430.0000,5428.2000,5426.0000,5432.8000,5433.2000,5433.4000,5436.4000,5437.0000,1,2,1,1,1,1,3,2,1,1
SF,IC2009,2020-02-18 09:34:40.000,5433.0000,11105,0,383751880.000,0,-,-,-,-,5430.8000,5430.6000,5430.0000,5428.2000,5426.0000,5432.8000,5433.0000,5433.2000,5433.4000,5436.4000,2,2,1,1,1,1,1,4,2,1
SF,IC2009,2020-02-18 09:34:40.500,5433.0000,11105,0,383751880.000,0,-,-,-,-,5430.8000,5430.6000,5430.0000,5428.2000,5426.0000,5432.8000,5433.0000,5433.2000,5433.4000,5436.4000,1,2,1,1,1,2,1,4,2,1
SF,IC2009,2020-02-18 09:34:41.000,5430.8000,11105,0,384838040.000,1,0,1,多换,S,5430.8000,5430.6000,5430.0000,5428.2000,5426.0000,5432.6000,5432.8000,5433.0000,5433.2000,5433.4000,1,2,1,1,1,1,2,1,4,2
SF,IC2009,2020-02-18 09:34:41.500,5430.6000,11103,-2,388096440.000,3,0,3,多平,S,5430.0000,5428.2000,5426.0000,5425.4000,5425.0000,5432.6000,5432.8000,5433.0000,5433.2000,5433.4000,1,1,1,1,1,1,2,1,4,2
SF,IC2009,2020-02-18 09:34:42.000,5430.0000,11102,-1,389182440.000,1,0,1,双平,S,5430.0000,5428.2000,5426.0000,5425.4000,5425.0000,5431.0000,5432.4000,5432.6000,5432.8000,5433.2000,1,1,1,1,1,1,2,1,1,2
SF,IC2009,2020-02-18 09:34:42.500,5430.0000,11102,0,390268440.000,1,0,1,多换,S,5428.2000,5426.0000,5425.4000,5425.0000,5422.0000,5430.0000,5431.0000,5432.2000,5432.4000,5432.6000,1,1,1,1,1,1,1,1,3,1
SF,IC2009,2020-02-18 09:34:43.000,5428.4000,11102,0,391354120.000,1,0,1,多换,S,5428.2000,5426.0000,5425.4000,5425.0000,5422.0000,5431.0000,5432.0000,5432.4000,5432.6000,5432.8000,1,1,1,1,1,1,1,3,1,1
SF,IC2009,2020-02-18 09:34:43.500,5428.4000,11102,0,391354120.000,0,-,-,-,-,5428.2000,5426.0000,5425.4000,5425.0000,5422.0000,5430.8000,5431.0000,5432.4000,5432.8000,5433.2000,2,1,1,1,1,2,1,2,1,2
SF,IC2009,2020-02-18 09:34:44.500,5428.4000,11102,0,391354120.000,0,-,-,-,-,5428.2000,5426.0000,5425.4000,5425.0000,5422.0000,5430.8000,5432.4000,5432.8000,5433.2000,5433.4000,2,1,1,1,1,3,2,1,2,2
SF,IC2009,2020-02-18 09:34:45.000,5428.4000,11102,0,391354120.000,0,-,-,-,-,5428.2000,5426.0000,5425.4000,5425.0000,5422.0000,5430.8000,5432.4000,5432.8000,5433.2000,5433.4000,2,1,1,1,1,3,1,1,2,2
SF,IC2009,2020-02-18 09:34:45.500,5428.4000,11102,0,391354120.000,0,-,-,-,-,5428.2000,5426.0000,5425.4000,5425.0000,5422.0000,5430.8000,5432.4000,5432.8000,5433.2000,5433.4000,2,1,1,1,1,3,1,1,2,2
SF,IC2009,2020-02-18 09:34:46.000,5428.4000,11102,0,391354120.000,0,-,-,-,-,5428.4000,5428.2000,5426.0000,5425.4000,5425.0000,5430.8000,5432.4000,5432.8000,5433.2000,5433.4000,1,2,1,1,1,2,1,1,2,2
SF,IC2009,2020-02-18 09:34:47.000,5428.4000,11102,0,391354120.000,0,-,-,-,-,5428.4000,5428.2000,5426.0000,5425.4000,5425.0000,5430.8000,5432.4000,5433.2000,5433.4000,5436.4000,1,2,1,1,1,2,1,2,2,1
