市场代码,合约代码,时间,最新,持仓,增仓,成交额,成交量,开仓,平仓,成交类型,方向,买一价,买二价,买三价,买四价,买五价,卖一价,卖二价,卖三价,卖四价,卖五价,买一量,买二量,买三量,买四量,买五量,卖一量,卖二量,卖三量,卖四量,卖五量
SF,IC2009,2020-05-13 09:29:00.300,5210.0000,40964,0,19798000.000,19.000,-,-,-,-,5205.0000,5202.0000,5201.8000,5201.2000,5201.0000,5210.0000,5214.0000,5217.0000,5217.2000,5218.8000,2,2,1,2,14,1,1,1,15,2
SF,IC2009,2020-05-13 09:30:00.300,5205.0000,40965,1,23962200.000,4,2,2,空开,S,5203.0000,5202.0000,5201.8000,5201.2000,5201.0000,5205.0000,5208.0000,5209.8000,5210.0000,5214.0000,1,2,1,2,17,1,1,1,1,1
SF,IC2009,2020-05-13 09:30:00.800,5203.2000,40963,-2,28127040.000,4,1,3,多平,S,5205.0000,5203.2000,5203.0000,5202.0000,5201.8000,5209.2000,5209.8000,5210.0000,5214.0000,5217.0000,2,2,1,2,1,1,1,1,1,1
SF,IC2009,2020-05-13 09:30:01.300,5203.2000,40963,0,28127040.000,0,-,-,-,-,5205.2000,5205.0000,5203.2000,5203.0000,5202.0000,5209.0000,5209.2000,5209.8000,5210.0000,5214.0000,1,3,2,1,2,2,1,1,1,1
SF,IC2009,2020-05-13 09:30:01.800,5203.2000,40963,0,28127040.000,0,-,-,-,-,5205.4000,5205.2000,5205.0000,5203.2000,5203.0000,5209.0000,5209.2000,5209.8000,5210.0000,5214.0000,2,5,3,1,1,2,1,1,1,1
SF,IC2009,2020-05-13 09:30:02.300,5205.4000,40961,-2,30209200.000,2,0,2,双平,S,5205.2000,5205.0000,5203.2000,5203.0000,5202.0000,5208.8000,5209.0000,5209.2000,5210.0000,5214.0000,1,3,1,1,2,1,2,1,1,1
SF,IC2009,2020-05-13 09:30:02.800,5205.2000,40954,-7,37498080.000,7,0,7,双平,S,5205.2000,5205.0000,5203.8000,5203.2000,5203.0000,5208.6000,5208.8000,5209.2000,5210.0000,5214.0000,2,3,1,2,1,2,1,1,1,1
SF,IC2009,2020-05-13 09:30:03.300,5205.2000,40952,-2,41662240.000,4,1,3,多平,S,5205.4000,5205.2000,5205.0000,5203.8000,5203.2000,5208.6000,5209.2000,5210.0000,5214.0000,5214.8000,4,4,4,1,1,1,1,1,1,1
SF,IC2009,2020-05-13 09:30:03.800,5207.2000,40950,-2,44787000.000,3,0,3,多平,S,5205.6000,5205.4000,5205.2000,5205.0000,5203.8000,5208.0000,5209.2000,5210.0000,5214.0000,5214.8000,1,1,4,4,1,1,1,1,1,1
SF,IC2009,2020-05-13 09:30:04.300,5208.0000,40949,-1,46870200.000,2,0,2,多平,S,5207.0000,5205.8000,5205.6000,5205.2000,5205.0000,5209.2000,5210.0000,5214.0000,5214.8000,5219.0000,2,2,1,4,4,1,1,1,1,1
SF,IC2009,2020-05-13 09:30:04.800,5208.0000,40949,0,46870200.000,0,-,-,-,-,5207.2000,5207.0000,5205.6000,5205.2000,5205.0000,5209.2000,5210.0000,5214.0000,5214.8000,5219.0000,2,1,1,4,4,1,1,1,1,1
SF,IC2009,2020-05-13 09:30:05.300,5208.0000,40948,-1,47911800.000,1,0,1,双平,S,5208.6000,5207.2000,5207.0000,5205.6000,5205.2000,5209.2000,5210.0000,5214.0000,5214.8000,5219.0000,4,2,1,1,4,1,1,1,1,1
SF,IC2009,2020-05-13 09:30:05.800,5208.0000,40948,0,47911800.000,0,-,-,-,-,5208.6000,5208.0000,5207.2000,5207.0000,5205.6000,5209.2000,5210.0000,5214.0000,5214.8000,5219.0000,4,8,2,1,1,1,1,1,1,1
SF,IC2009,2020-05-13 09:30:06.300,5209.2000,40948,0,48953640.000,1,0,1,多换,S,5208.6000,5208.0000,5207.2000,5207.0000,5205.6000,5210.0000,5214.0000,5214.8000,5219.0000,5219.6000,4,8,2,1,1,1,1,1,1,7
SF,IC2009,2020-05-13 09:30:06.800,5209.2000,40948,0,48953640.000,0,-,-,-,-,5208.8000,5208.6000,5208.0000,5207.2000,5207.0000,5209.4000,5210.0000,5214.0000,5214.8000,5219.0000,1,5,8,1,1,1,1,1,1,1
SF,IC2009,2020-05-13 09:30:07.300,5209.4000,40948,0,49995520.000,1,0,1,多换,S,5208.6000,5208.0000,5207.2000,5207.0000,5205.6000,5210.0000,5214.0000,5214.8000,5219.0000,5219.6000,5,8,1,1,1,1,1,1,1,7
SF,IC2009,2020-05-13 09:30:07.800,5209.4000,40948,0,49995520.000,0,-,-,-,-,5209.2000,5208.6000,5208.0000,5207.2000,5207.0000,5210.0000,5214.0000,5214.8000,5219.0000,5219.6000,2,5,8,1,1,1,1,1,1,7
SF,IC2009,2020-05-13 09:30:08.300,5210.0000,40948,0,51037520.000,1,0,1,多换,S,5209.2000,5208.6000,5208.0000,5207.2000,5207.0000,5214.0000,5214.8000,5219.0000,5219.6000,5219.8000,2,5,8,1,1,1,1,1,7,2
SF,IC2009,2020-05-13 09:30:08.800,5210.0000,40948,0,51037520.000,0,-,-,-,-,5209.4000,5209.2000,5208.6000,5208.0000,5207.2000,5212.2000,5212.8000,5213.0000,5213.6000,5213.8000,2,2,4,8,1,1,1,1,1,2
SF,IC2009,2020-05-13 09:30:09.300,5210.0000,40948,0,51037520.000,0,-,-,-,-,5209.4000,5209.2000,5208.6000,5207.2000,5207.0000,5210.4000,5212.0000,5212.2000,5212.8000,5213.6000,2,2,4,1,1,1,11,1,1,2
SF,IC2009,2020-05-13 09:30:09.800,5209.4000,40948,0,52079400.000,1,0,1,多换,S,5209.2000,5208.6000,5207.2000,5207.0000,5206.0000,5210.4000,5212.0000,5212.2000,5212.8000,5213.6000,2,4,1,1,1,1,1,1,1,2
SF,IC2009,2020-05-13 09:30:10.300,5209.4000,40948,0,52079400.000,0,-,-,-,-,5209.2000,5208.6000,5207.2000,5207.0000,5206.0000,5209.6000,5209.8000,5210.4000,5212.0000,5212.2000,2,4,1,1,1,1,1,1,1,1
SF,IC2009,2020-05-13 09:30:10.800,5209.2000,40944,-4,56246840.000,4,0,4,双平,S,5208.6000,5207.2000,5207.0000,5206.0000,5205.2000,5208.8000,5209.0000,5209.2000,5209.6000,5209.8000,4,1,1,1,1,1,1,2,1,1
SF,IC2009,2020-05-13 09:30:11.300,5209.6000,40935,-9,65622720.000,9,0,9,双平,S,5209.6000,5207.4000,5207.2000,5207.0000,5206.0000,5209.8000,5210.4000,5212.0000,5213.6000,5213.8000,5,1,1,1,1,1,1,1,1,1
SF,IC2009,2020-05-13 09:30:11.800,5209.6000,40932,-3,68748480.000,3,0,3,双平,S,5209.6000,5207.4000,5207.2000,5207.0000,5205.2000,5210.4000,5212.0000,5213.6000,5213.8000,5214.0000,2,1,1,1,1,1,1,1,1,1
SF,IC2009,2020-05-13 09:30:12.300,5209.8000,40930,-2,71874280.000,3,0,3,多平,S,5207.4000,5207.2000,5207.0000,5205.2000,5205.0000,5210.4000,5212.0000,5213.6000,5213.8000,5214.0000,1,1,1,1,3,1,1,1,1,1
SF,IC2009,2020-05-13 09:30:12.800,5209.8000,40930,0,71874280.000,0,-,-,-,-,5207.4000,5207.0000,5205.2000,5205.0000,5204.0000,5210.2000,5210.4000,5213.6000,5213.8000,5214.0000,1,1,1,3,2,1,1,1,1,1
SF,IC2009,2020-05-13 09:30:13.300,5210.2000,40929,-1,72916320.000,1,0,1,双平,S,5207.4000,5205.2000,5205.0000,5204.0000,5203.8000,5209.6000,5210.4000,5213.6000,5213.8000,5214.0000,1,1,3,2,1,1,1,1,1,1
SF,IC2009,2020-05-13 09:30:13.800,5210.2000,40929,0,72916320.000,0,-,-,-,-,5207.4000,5205.2000,5205.0000,5204.0000,5203.8000,5209.6000,5210.4000,5213.6000,5213.8000,5214.0000,1,1,3,2,1,1,1,1,1,1
SF,IC2009,2020-05-13 09:30:14.800,5210.2000,40929,0,72916320.000,0,-,-,-,-,5207.4000,5205.2000,5205.0000,5203.8000,5203.2000,5209.6000,5210.4000,5213.6000,5213.8000,5214.0000,1,1,3,1,1,1,1,1,1,1
SF,IC2009,2020-05-13 09:30:15.300,5207.4000,40928,-1,73957800.000,1,0,1,双平,S,5205.2000,5205.0000,5203.8000,5203.2000,5203.0000,5209.6000,5210.4000,5213.6000,5213.8000,5214.0000,1,3,1,1,1,1,1,1,1,1
SF,IC2009,2020-05-13 09:30:15.800,5209.6000,40927,-1,74999720.000,1,0,1,双平,S,5209.6000,5205.4000,5205.2000,5205.0000,5203.8000,5210.4000,5213.6000,5213.8000,5214.0000,5214.8000,4,2,1,3,1,1,1,1,1,1
SF,IC2009,2020-05-13 09:30:16.300,5209.6000,40923,-4,79167400.000,4,0,4,双平,S,5205.4000,5205.2000,5205.0000,5203.8000,5203.2000,5210.4000,5210.6000,5213.6000,5213.8000,5214.0000,2,1,3,1,1,1,1,1,1,1
SF,IC2009,2020-05-13 09:30:16.800,5209.6000,40923,0,79167400.000,0,-,-,-,-,5207.4000,5206.0000,5205.4000,5205.2000,5205.0000,5210.4000,5210.6000,5213.6000,5213.8000,5214.0000,3,1,3,3,3,1,1,1,1,1
SF,IC2009,2020-05-13 09:30:17.300,5207.4000,40912,-11,90624600.000,11,0,11,双平,S,5206.0000,5205.4000,5205.2000,5205.0000,5203.8000,5207.0000,5208.2000,5210.2000,5213.6000,5213.8000,1,2,2,3,1,1,1,1,1,1
SF,IC2009,2020-05-13 09:30:17.800,5210.2000,40909,-3,93749760.000,3,0,3,双平,S,5207.2000,5207.0000,5206.4000,5206.2000,5206.0000,5213.6000,5213.8000,5214.0000,5214.8000,5219.0000,11,2,1,1,2,1,1,1,1,1
SF,IC2009,2020-05-13 09:30:18.300,5210.2000,40909,0,93749760.000,0,-,-,-,-,5207.6000,5207.4000,5207.2000,5206.4000,5206.0000,5210.4000,5213.4000,5213.6000,5214.0000,5214.8000,3,1,11,1,2,1,2,3,1,1
SF,IC2009,2020-05-13 09:30:18.800,5207.8000,40908,-1,94791320.000,1,0,1,双平,S,5208.6000,5208.2000,5207.2000,5206.4000,5206.0000,5210.4000,5211.8000,5213.2000,5213.4000,5213.6000,1,1,11,1,2,1,1,1,1,2
SF,IC2009,2020-05-13 09:30:19.300,5207.8000,40908,0,94791320.000,0,-,-,-,-,5208.6000,5208.2000,5207.2000,5207.0000,5206.4000,5210.2000,5210.4000,5211.0000,5211.8000,5213.2000,1,1,11,5,1,1,1,1,1,1
SF,IC2009,2020-05-13 09:30:19.800,5208.6000,40907,-1,95833040.000,1,0,1,双平,S,5207.2000,5207.0000,5206.4000,5206.0000,5205.4000,5210.0000,5210.4000,5211.0000,5211.8000,5213.2000,11,5,1,2,1,1,1,1,1,1
SF,IC2009,2020-05-13 09:30:20.300,5209.8000,40906,-1,96875000.000,1,0,1,双平,S,5207.2000,5207.0000,5206.8000,5206.0000,5205.4000,5210.4000,5211.0000,5211.8000,5213.2000,5213.4000,11,5,1,1,1,1,1,1,1,1
SF,IC2009,2020-05-13 09:30:20.800,5209.8000,40906,0,97916960.000,1,0,1,多换,S,5210.0000,5207.2000,5207.0000,5206.0000,5205.4000,5210.2000,5210.4000,5211.0000,5211.8000,5213.2000,1,11,5,1,1,1,1,1,1,1
SF,IC2009,2020-05-13 09:30:21.300,5208.0000,40904,-2,101042000.000,3,0,3,多平,S,5207.2000,5207.0000,5206.0000,5205.0000,5203.8000,5209.8000,5210.0000,5210.2000,5210.4000,5211.0000,10,5,1,3,1,1,8,1,1,1
SF,IC2009,2020-05-13 09:30:21.800,5209.6000,40903,-1,102083920.000,1,0,1,双平,S,5207.2000,5207.0000,5206.0000,5205.0000,5203.8000,5209.6000,5209.8000,5210.0000,5210.4000,5211.0000,10,5,1,3,1,2,2,5,1,1
SF,IC2009,2020-05-13 09:30:22.300,5209.6000,40903,0,102083920.000,0,-,-,-,-,5207.2000,5207.0000,5206.0000,5205.0000,5203.8000,5207.8000,5209.6000,5209.8000,5210.0000,5211.0000,10,5,1,3,1,1,2,2,5,1
SF,IC2009,2020-05-13 09:30:22.800,5207.0000,40892,-11,113539720.000,11,0,11,双平,S,5207.0000,5206.0000,5205.0000,5203.8000,5203.6000,5207.6000,5207.8000,5209.6000,5209.8000,5210.0000,4,1,3,1,1,1,1,2,1,1
SF,IC2009,2020-05-13 09:30:23.300,5207.0000,40888,-4,117705320.000,4,0,4,双平,S,5206.0000,5205.0000,5203.8000,5203.6000,5203.2000,5207.2000,5207.6000,5207.8000,5209.6000,5209.8000,1,2,1,1,1,2,1,1,2,1
SF,IC2009,2020-05-13 09:30:23.800,5207.0000,40888,0,117705320.000,0,-,-,-,-,5206.0000,5205.0000,5203.8000,5203.6000,5203.2000,5207.2000,5207.6000,5207.8000,5209.6000,5209.8000,1,2,1,1,1,2,1,1,2,1
SF,IC2009,2020-05-13 09:30:24.300,5206.0000,40887,-1,118746520.000,1,0,1,双平,S,5205.0000,5203.8000,5203.6000,5203.2000,5203.0000,5207.2000,5207.6000,5207.8000,5209.6000,5209.8000,2,1,1,1,1,2,1,1,2,1
SF,IC2009,2020-05-13 09:30:24.800,5206.0000,40887,0,118746520.000,0,-,-,-,-,5205.0000,5203.8000,5203.6000,5203.2000,5203.0000,5207.2000,5207.8000,5208.6000,5209.6000,5209.8000,2,1,1,1,1,2,1,5,2,1
SF,IC2009,2020-05-13 09:30:25.300,5207.0000,40886,-1,119787920.000,1,0,1,双平,S,5205.0000,5203.8000,5203.6000,5203.2000,5203.0000,5207.0000,5207.2000,5208.6000,5209.6000,5209.8000,2,1,1,1,1,1,2,5,2,1
SF,IC2009,2020-05-13 09:30:25.800,5207.0000,40886,0,119787920.000,0,-,-,-,-,5205.0000,5203.8000,5203.6000,5203.2000,5203.0000,5206.8000,5207.0000,5207.2000,5208.6000,5209.6000,3,1,1,1,1,1,1,2,5,2
SF,IC2009,2020-05-13 09:30:26.300,5207.0000,40886,0,119787920.000,0,-,-,-,-,5205.0000,5203.8000,5203.6000,5203.2000,5203.0000,5207.0000,5207.2000,5208.6000,5209.6000,5211.0000,4,1,1,1,1,1,2,5,2,1
SF,IC2009,2020-05-13 09:30:26.800,5205.0000,40882,-4,123951920.000,4,0,4,双平,S,5203.8000,5203.6000,5203.2000,5203.0000,5202.0000,5205.0000,5206.8000,5207.0000,5207.2000,5208.6000,1,1,1,1,1,16,3,1,2,5
SF,IC2009,2020-05-13 09:30:27.300,5205.0000,40879,-3,127074920.000,3,0,3,双平,S,5203.8000,5203.2000,5203.0000,5202.0000,5201.0000,5205.0000,5206.8000,5207.0000,5207.2000,5208.6000,1,1,1,1,14,17,2,1,2,5
SF,IC2009,2020-05-13 09:30:27.800,5203.8000,40879,0,128115680.000,1,0,1,多换,S,5203.2000,5203.0000,5202.0000,5201.0000,5200.8000,5205.0000,5206.8000,5207.2000,5208.6000,5211.0000,1,1,1,14,1,17,2,2,5,1
SF,IC2009,2020-05-13 09:30:28.300,5203.8000,40879,0,128115680.000,0,-,-,-,-,5203.2000,5203.0000,5202.0000,5201.0000,5200.8000,5204.8000,5205.0000,5205.2000,5206.8000,5207.2000,1,1,1,14,1,1,17,1,2,2
SF,IC2009,2020-05-13 09:30:28.800,5204.6000,40877,-2,130197240.000,2,0,2,双平,S,5203.4000,5203.0000,5202.0000,5201.0000,5200.8000,5205.0000,5205.2000,5206.8000,5207.2000,5208.6000,1,1,1,14,1,17,1,2,2,5
SF,IC2009,2020-05-13 09:30:29.300,5204.6000,40877,0,130197240.000,0,-,-,-,-,5203.6000,5203.0000,5202.0000,5201.0000,5200.8000,5205.0000,5205.2000,5206.8000,5207.2000,5208.6000,1,1,1,14,1,17,1,2,2,5
SF,IC2009,2020-05-13 09:30:29.800,5204.6000,40877,0,130197240.000,0,-,-,-,-,5203.0000,5202.0000,5201.0000,5200.8000,5200.6000,5203.2000,5205.0000,5205.2000,5206.8000,5207.2000,1,1,14,1,1,2,17,1,2,2
SF,IC2009,2020-05-13 09:30:30.300,5205.0000,40875,-2,133319520.000,3,0,3,多平,S,5203.2000,5203.0000,5202.0000,5201.0000,5200.8000,5205.0000,5205.2000,5206.8000,5207.2000,5208.6000,2,1,1,14,1,16,1,2,2,5
SF,IC2009,2020-05-13 09:30:30.800,5205.0000,40875,0,134360520.000,1,0,1,多换,S,5203.2000,5203.0000,5202.0000,5201.0000,5200.8000,5205.0000,5205.2000,5206.8000,5207.2000,5208.6000,2,1,1,14,1,15,1,2,2,5
SF,IC2009,2020-05-13 09:30:31.300,5205.0000,40875,0,134360520.000,0,-,-,-,-,5203.2000,5203.0000,5202.0000,5201.0000,5200.8000,5205.0000,5205.2000,5206.8000,5207.2000,5208.6000,2,1,1,14,1,15,1,2,2,5
SF,IC2009,2020-05-13 09:30:31.800,5205.0000,40875,0,134360520.000,0,-,-,-,-,5204.0000,5203.2000,5203.0000,5202.0000,5201.0000,5204.8000,5205.0000,5205.2000,5206.8000,5207.2000,1,2,1,1,14,3,15,1,2,2
SF,IC2009,2020-05-13 09:30:32.300,5204.0000,40874,-1,136442120.000,2,0,2,多平,S,5203.2000,5203.0000,5202.0000,5201.0000,5200.8000,5204.6000,5204.8000,5205.0000,5205.2000,5206.8000,1,1,1,14,1,1,3,15,1,2
SF,IC2009,2020-05-13 09:30:32.800,5204.0000,40874,0,136442120.000,0,-,-,-,-,5203.2000,5203.0000,5202.0000,5201.0000,5200.8000,5203.8000,5204.8000,5205.0000,5205.2000,5206.8000,1,1,1,14,1,1,3,15,1,2
SF,IC2009,2020-05-13 09:30:33.300,5203.2000,40874,0,137482760.000,1,0,1,多换,S,5203.0000,5202.0000,5201.0000,5200.8000,5200.6000,5203.2000,5203.8000,5204.2000,5204.8000,5205.0000,1,1,14,1,1,1,1,1,3,15
SF,IC2009,2020-05-13 09:30:33.800,5204.2000,40871,-3,140605000.000,3,0,3,双平,S,5203.2000,5203.0000,5202.0000,5201.0000,5200.8000,5204.8000,5205.0000,5205.2000,5206.8000,5207.2000,1,1,1,14,1,3,15,1,2,1
SF,IC2009,2020-05-13 09:30:34.300,5204.2000,40871,0,140605000.000,0,-,-,-,-,5203.4000,5203.2000,5203.0000,5202.0000,5201.0000,5204.8000,5205.0000,5206.8000,5207.2000,5208.6000,1,1,1,1,14,3,15,2,1,5
SF,IC2009,2020-05-13 09:30:34.800,5204.2000,40871,0,140605000.000,0,-,-,-,-,5204.0000,5203.6000,5203.2000,5203.0000,5202.0000,5204.6000,5204.8000,5205.0000,5206.8000,5207.2000,1,1,1,1,1,1,3,15,2,1
SF,IC2009,2020-05-13 09:30:35.300,5204.0000,40870,-1,141645800.000,1,0,1,双平,S,5203.6000,5203.2000,5203.0000,5202.0000,5201.0000,5204.0000,5204.8000,5205.0000,5206.8000,5207.2000,1,1,1,1,14,5,3,15,2,1
SF,IC2009,2020-05-13 09:30:35.800,5203.6000,40869,-1,142686520.000,1,0,1,双平,S,5203.2000,5203.0000,5202.0000,5201.0000,5200.8000,5204.0000,5204.8000,5205.0000,5206.8000,5207.2000,1,1,1,14,1,5,2,15,2,1
SF,IC2009,2020-05-13 09:30:36.300,5203.2000,40868,-1,143727160.000,1,0,1,双平,S,5203.0000,5202.0000,5201.0000,5200.8000,5200.6000,5204.0000,5204.8000,5205.0000,5206.8000,5207.2000,1,1,14,1,1,5,2,15,2,1
SF,IC2009,2020-05-13 09:30:36.800,5203.2000,40868,0,143727160.000,0,-,-,-,-,5203.0000,5202.0000,5201.0000,5200.8000,5200.6000,5204.0000,5204.8000,5205.0000,5206.8000,5207.2000,1,1,14,1,1,5,2,1,2,1
SF,IC2009,2020-05-13 09:30:37.300,5203.2000,40868,0,143727160.000,0,-,-,-,-,5203.0000,5202.0000,5201.0000,5200.8000,5200.6000,5204.0000,5204.8000,5205.0000,5206.8000,5207.2000,1,1,14,1,1,5,2,1,2,1
SF,IC2009,2020-05-13 09:30:37.800,5203.2000,40868,0,143727160.000,0,-,-,-,-,5203.0000,5202.0000,5201.0000,5200.8000,5200.6000,5203.8000,5204.0000,5204.8000,5205.0000,5206.8000,1,1,14,1,1,1,5,2,1,2
SF,IC2009,2020-05-13 09:30:38.300,5203.2000,40868,0,143727160.000,0,-,-,-,-,5203.2000,5203.0000,5202.0000,5201.0000,5200.8000,5203.6000,5204.0000,5204.8000,5206.8000,5207.2000,1,1,1,14,1,1,5,2,2,1
SF,IC2009,2020-05-13 09:30:38.800,5203.0000,40866,-2,145808400.000,2,0,2,双平,S,5202.0000,5201.0000,5200.8000,5200.6000,5200.0000,5203.0000,5203.6000,5204.0000,5204.8000,5206.8000,1,14,1,1,27,1,2,5,2,2
SF,IC2009,2020-05-13 09:30:39.300,5203.0000,40864,-2,147889600.000,2,0,2,双平,S,5202.0000,5201.0000,5200.8000,5200.6000,5200.0000,5203.0000,5203.6000,5204.0000,5204.8000,5206.8000,1,14,1,1,27,1,2,5,2,2
SF,IC2009,2020-05-13 09:30:39.800,5203.0000,40864,0,147889600.000,0,-,-,-,-,5202.0000,5201.0000,5200.8000,5200.6000,5200.0000,5202.6000,5203.0000,5203.6000,5204.0000,5204.8000,1,14,1,1,27,1,1,2,5,2
SF,IC2009,2020-05-13 09:30:40.300,5203.0000,40864,0,147889600.000,0,-,-,-,-,5202.0000,5201.0000,5200.8000,5200.6000,5200.0000,5202.6000,5203.0000,5203.6000,5204.0000,5204.8000,1,14,1,1,27,1,1,2,5,2
SF,IC2009,2020-05-13 09:30:41.300,5202.0000,40862,-2,149970400.000,2,0,2,双平,S,5201.2000,5201.0000,5200.6000,5200.0000,5197.2000,5202.0000,5202.6000,5203.0000,5203.6000,5204.0000,1,14,1,27,1,3,1,1,2,5
SF,IC2009,2020-05-13 09:30:41.800,5202.0000,40860,-2,154132000.000,4,1,3,多平,S,5201.2000,5201.0000,5200.6000,5200.0000,5197.2000,5202.6000,5203.0000,5203.6000,5204.0000,5204.8000,1,14,1,27,1,1,1,2,5,2
SF,IC2009,2020-05-13 09:30:42.300,5202.0000,40860,0,154132000.000,0,-,-,-,-,5201.4000,5201.2000,5201.0000,5200.6000,5200.0000,5202.6000,5203.0000,5203.6000,5204.0000,5204.8000,1,1,14,1,27,1,1,2,5,2
SF,IC2009,2020-05-13 09:30:42.800,5202.0000,40860,0,154132000.000,0,-,-,-,-,5201.6000,5201.2000,5201.0000,5200.6000,5200.0000,5203.0000,5203.6000,5204.0000,5204.8000,5206.8000,1,1,14,1,27,1,2,5,2,2
SF,IC2009,2020-05-13 09:30:43.300,5201.8000,40859,-1,155172360.000,1,0,1,双平,S,5201.2000,5201.0000,5200.6000,5200.0000,5197.2000,5203.0000,5203.6000,5204.0000,5204.8000,5206.8000,1,14,1,27,1,1,2,5,2,2
SF,IC2009,2020-05-13 09:30:43.800,5201.8000,40859,0,155172360.000,0,-,-,-,-,5201.4000,5201.2000,5201.0000,5200.6000,5200.0000,5202.6000,5203.0000,5203.6000,5204.0000,5204.8000,2,1,14,1,27,1,1,2,5,2
SF,IC2009,2020-05-13 09:30:44.300,5202.0000,40858,-1,156212760.000,1,0,1,双平,S,5201.4000,5201.2000,5201.0000,5200.6000,5200.0000,5202.0000,5202.6000,5203.0000,5204.0000,5204.8000,1,1,14,1,27,1,1,1,5,2
SF,IC2009,2020-05-13 09:30:44.800,5201.2000,40855,-3,159333680.000,3,0,3,双平,S,5201.0000,5200.6000,5200.0000,5197.2000,5196.4000,5202.6000,5203.0000,5204.0000,5204.8000,5206.8000,14,1,27,1,5,1,1,5,2,2
SF,IC2009,2020-05-13 09:30:45.300,5202.6000,40854,-1,160374200.000,1,0,1,双平,S,5201.2000,5201.0000,5200.6000,5200.0000,5198.2000,5203.0000,5204.0000,5204.8000,5206.8000,5207.2000,1,14,1,27,1,1,5,2,2,1
SF,IC2009,2020-05-13 09:30:45.800,5203.0000,40853,-1,161414800.000,1,0,1,双平,S,5201.4000,5201.0000,5200.6000,5200.0000,5198.2000,5204.0000,5204.8000,5206.8000,5207.2000,5211.0000,1,14,1,22,1,5,2,2,1,1
SF,IC2009,2020-05-13 09:30:46.300,5201.6000,40846,-7,168697040.000,7,0,7,双平,S,5201.0000,5200.6000,5200.0000,5198.2000,5197.2000,5201.4000,5201.6000,5203.8000,5204.0000,5204.8000,14,1,22,1,1,7,1,1,5,2
SF,IC2009,2020-05-13 09:30:46.800,5201.6000,40839,-7,177019320.000,8,0,8,多平,S,5202.0000,5201.6000,5201.4000,5201.2000,5201.0000,5203.8000,5204.0000,5204.8000,5206.8000,5207.2000,1,3,1,1,14,1,5,2,2,1
SF,IC2009,2020-05-13 09:30:47.300,5201.4000,40840,1,180140240.000,3,2,1,空开,S,5201.0000,5200.6000,5200.0000,5198.2000,5197.2000,5201.4000,5204.0000,5206.8000,5207.2000,5211.0000,14,1,22,1,1,13,5,2,1,1
SF,IC2009,2020-05-13 09:30:47.800,5201.4000,40847,7,193663880.000,13,10,3,空开,S,5201.0000,5200.6000,5200.0000,5198.2000,5197.2000,5204.0000,5206.8000,5207.2000,5211.0000,5213.2000,14,1,22,1,1,5,2,1,1,1
SF,IC2009,2020-05-13 09:30:48.300,5201.4000,40847,0,193663880.000,0,-,-,-,-,5202.0000,5201.2000,5201.0000,5200.6000,5200.0000,5203.8000,5204.0000,5206.8000,5207.2000,5211.0000,1,2,14,1,22,1,5,2,1,1
SF,IC2009,2020-05-13 09:30:48.800,5201.4000,40847,0,193663880.000,0,-,-,-,-,5202.0000,5201.6000,5201.4000,5201.2000,5201.0000,5204.0000,5206.8000,5207.2000,5211.0000,5213.2000,1,1,1,3,14,5,2,1,1,1
SF,IC2009,2020-05-13 09:30:49.300,5201.4000,40846,-1,194704160.000,1,0,1,双平,S,5201.6000,5201.4000,5201.2000,5201.0000,5200.6000,5203.8000,5204.0000,5206.8000,5207.2000,5211.0000,1,2,3,14,1,1,5,2,1,1
SF,IC2009,2020-05-13 09:30:49.800,5201.4000,40846,0,194704160.000,0,-,-,-,-,5201.6000,5201.4000,5201.2000,5201.0000,5200.6000,5204.0000,5206.8000,5207.2000,5211.0000,5213.2000,1,2,3,14,1,5,2,1,1,1
SF,IC2009,2020-05-13 09:30:50.800,5201.4000,40846,0,194704160.000,0,-,-,-,-,5202.0000,5201.6000,5201.4000,5201.2000,5201.0000,5204.0000,5206.8000,5207.2000,5211.0000,5213.2000,1,1,2,1,14,5,2,1,1,1
SF,IC2009,2020-05-13 09:30:51.300,5203.8000,40847,1,196785320.000,2,1,1,空开,S,5201.6000,5201.4000,5201.2000,5201.0000,5200.8000,5203.8000,5204.0000,5206.8000,5207.2000,5211.0000,1,2,1,14,1,1,5,2,1,1
SF,IC2009,2020-05-13 09:30:51.800,5203.8000,40847,0,196785320.000,0,-,-,-,-,5201.6000,5201.4000,5201.2000,5201.0000,5200.8000,5204.0000,5206.8000,5207.2000,5211.0000,5213.2000,1,2,1,14,1,5,2,1,1,1
SF,IC2009,2020-05-13 09:30:52.300,5203.8000,40847,0,196785320.000,0,-,-,-,-,5201.4000,5201.2000,5201.0000,5200.8000,5200.6000,5204.0000,5206.8000,5207.2000,5211.0000,5213.2000,2,1,14,1,1,5,2,1,1,1
SF,IC2009,2020-05-13 09:30:52.800,5203.8000,40847,0,196785320.000,0,-,-,-,-,5201.6000,5201.4000,5201.2000,5201.0000,5200.8000,5203.6000,5203.8000,5204.0000,5206.8000,5207.2000,1,2,1,14,1,1,2,5,2,1
SF,IC2009,2020-05-13 09:30:53.300,5203.8000,40847,0,196785320.000,0,-,-,-,-,5201.8000,5201.6000,5201.4000,5201.2000,5201.0000,5203.6000,5203.8000,5204.0000,5206.8000,5207.2000,1,1,2,1,14,1,5,5,2,1
SF,IC2009,2020-05-13 09:30:53.800,5202.0000,40847,0,197825720.000,1,0,1,多换,S,5201.6000,5201.4000,5201.2000,5201.0000,5200.8000,5203.4000,5203.8000,5204.0000,5206.8000,5207.2000,1,2,1,14,1,1,4,5,2,1
SF,IC2009,2020-05-13 09:30:54.300,5202.0000,40847,0,197825720.000,0,-,-,-,-,5201.6000,5201.4000,5201.2000,5201.0000,5200.8000,5203.8000,5204.0000,5206.8000,5207.2000,5211.0000,1,2,1,15,1,4,5,2,1,1
SF,IC2009,2020-05-13 09:30:54.800,5202.0000,40847,0,197825720.000,0,-,-,-,-,5201.6000,5201.4000,5201.2000,5201.0000,5200.8000,5203.8000,5204.0000,5206.8000,5207.2000,5211.0000,2,2,1,15,1,4,5,2,1,1
SF,IC2009,2020-05-13 09:30:55.300,5202.0000,40847,0,197825720.000,0,-,-,-,-,5203.4000,5201.6000,5201.4000,5201.2000,5201.0000,5203.8000,5204.0000,5206.8000,5207.2000,5211.0000,1,2,2,1,15,4,5,2,1,1
SF,IC2009,2020-05-13 09:30:55.800,5203.4000,40846,-1,198866400.000,1,0,1,双平,S,5201.6000,5201.4000,5201.2000,5201.0000,5200.8000,5203.4000,5203.6000,5203.8000,5204.0000,5206.8000,2,2,1,15,1,2,1,4,5,2
SF,IC2009,2020-05-13 09:30:56.300,5203.4000,40846,0,198866400.000,0,-,-,-,-,5201.6000,5201.4000,5201.2000,5201.0000,5200.8000,5203.2000,5203.4000,5203.8000,5204.0000,5206.0000,2,2,1,15,1,1,2,4,5,1
SF,IC2009,2020-05-13 09:30:56.800,5201.6000,40846,0,199906720.000,1,0,1,多换,S,5201.6000,5201.4000,5201.2000,5201.0000,5200.8000,5203.4000,5203.8000,5204.0000,5206.0000,5206.8000,1,2,1,15,1,2,4,5,1,2
SF,IC2009,2020-05-13 09:30:57.300,5201.6000,40846,0,199906720.000,0,-,-,-,-,5201.6000,5201.4000,5201.2000,5201.0000,5200.8000,5203.2000,5203.4000,5203.8000,5204.0000,5206.0000,1,2,1,15,1,1,2,4,5,1
SF,IC2009,2020-05-13 09:30:57.800,5201.6000,40846,0,199906720.000,0,-,-,-,-,5203.2000,5201.6000,5201.4000,5201.2000,5201.0000,5203.4000,5203.8000,5204.0000,5206.0000,5206.8000,1,1,2,1,15,1,4,5,1,2
SF,IC2009,2020-05-13 09:30:58.300,5203.2000,40846,0,200947360.000,1,0,1,多换,S,5201.6000,5201.4000,5201.2000,5201.0000,5200.8000,5203.8000,5204.0000,5206.0000,5206.8000,5207.2000,1,2,1,15,1,4,5,1,2,1
SF,IC2009,2020-05-13 09:30:58.800,5203.2000,40846,0,200947360.000,0,-,-,-,-,5201.6000,5201.4000,5201.2000,5201.0000,5200.8000,5203.6000,5203.8000,5206.0000,5206.8000,5207.2000,1,2,1,15,1,5,4,1,2,1
SF,IC2009,2020-05-13 09:30:59.300,5203.2000,40846,0,200947360.000,0,-,-,-,-,5203.2000,5202.6000,5202.4000,5202.2000,5201.6000,5203.6000,5203.8000,5206.0000,5206.8000,5207.2000,3,4,1,1,2,5,4,1,2,1
SF,IC2009,2020-05-13 09:30:59.800,5203.2000,40845,-1,203028720.000,2,0,2,多平,S,5201.6000,5201.4000,5201.2000,5201.0000,5200.8000,5203.6000,5203.8000,5206.0000,5206.8000,5207.2000,1,2,1,15,1,4,4,1,2,1
SF,IC2009,2020-05-13 09:31:00.300,5203.2000,40845,0,204069360.000,1,0,1,多换,S,5201.4000,5201.2000,5201.0000,5200.8000,5200.6000,5203.4000,5203.6000,5203.8000,5206.0000,5206.8000,2,1,15,1,1,1,4,4,1,2
SF,IC2009,2020-05-13 09:31:00.800,5203.2000,40845,0,205110000.000,1,0,1,多换,S,5201.4000,5201.2000,5201.0000,5200.8000,5200.6000,5203.2000,5203.6000,5203.8000,5206.0000,5206.8000,2,1,15,1,1,2,4,4,1,2
SF,IC2009,2020-05-13 09:31:01.300,5203.2000,40845,0,205110000.000,0,-,-,-,-,5201.6000,5201.4000,5201.2000,5201.0000,5200.8000,5203.2000,5203.6000,5203.8000,5206.0000,5206.8000,1,2,1,15,1,2,4,4,1,2
SF,IC2009,2020-05-13 09:31:01.800,5203.2000,40845,0,205110000.000,0,-,-,-,-,5201.4000,5201.2000,5201.0000,5200.8000,5200.6000,5203.2000,5203.6000,5203.8000,5206.0000,5206.8000,2,1,15,1,1,2,4,4,1,2
SF,IC2009,2020-05-13 09:31:02.300,5203.2000,40845,0,205110000.000,0,-,-,-,-,5201.4000,5201.2000,5201.0000,5200.8000,5200.6000,5203.2000,5203.6000,5203.8000,5206.0000,5206.8000,2,1,15,1,1,2,4,4,1,2
SF,IC2009,2020-05-13 09:31:02.800,5203.2000,40845,0,205110000.000,0,-,-,-,-,5201.4000,5201.2000,5201.0000,5200.8000,5200.6000,5203.2000,5203.6000,5203.8000,5206.0000,5206.8000,2,1,15,1,1,2,4,4,1,2
SF,IC2009,2020-05-13 09:31:03.300,5203.2000,40846,1,207191280.000,2,1,1,空开,S,5201.6000,5201.4000,5201.2000,5201.0000,5200.8000,5203.2000,5203.6000,5203.8000,5205.0000,5206.0000,1,2,1,15,1,2,4,4,1,1
SF,IC2009,2020-05-13 09:31:03.800,5203.2000,40846,0,207191280.000,0,-,-,-,-,5201.8000,5201.4000,5201.2000,5201.0000,5200.8000,5203.2000,5203.6000,5203.8000,5205.0000,5206.0000,1,2,1,15,1,1,4,4,1,1
SF,IC2009,2020-05-13 09:31:04.300,5203.2000,40846,0,207191280.000,0,-,-,-,-,5202.0000,5201.4000,5201.2000,5201.0000,5200.8000,5203.2000,5203.6000,5203.8000,5205.0000,5206.0000,1,2,1,15,1,1,4,4,1,1
SF,IC2009,2020-05-13 09:31:04.800,5203.2000,40846,0,207191280.000,0,-,-,-,-,5202.2000,5201.4000,5201.2000,5201.0000,5200.8000,5203.2000,5203.6000,5203.8000,5205.0000,5206.0000,1,2,1,15,1,1,4,4,1,1
SF,IC2009,2020-05-13 09:31:05.300,5203.2000,40845,-1,208231920.000,1,0,1,双平,S,5202.4000,5201.4000,5201.2000,5201.0000,5200.8000,5203.6000,5203.8000,5205.0000,5206.0000,5206.8000,1,2,1,15,1,4,4,1,1,2
SF,IC2009,2020-05-13 09:31:05.800,5203.6000,40845,0,212394800.000,4,2,2,多换,S,5202.6000,5201.4000,5201.2000,5201.0000,5200.8000,5203.8000,5205.0000,5206.0000,5206.8000,5211.0000,2,2,1,15,1,4,1,1,2,1
SF,IC2009,2020-05-13 09:31:06.300,5203.8000,40844,-1,216557840.000,4,1,3,多平,S,5203.8000,5202.6000,5201.4000,5201.2000,5201.0000,5205.0000,5206.0000,5206.8000,5211.0000,5213.2000,1,2,2,1,15,1,1,2,1,1
SF,IC2009,2020-05-13 09:31:06.800,5203.8000,40844,0,216557840.000,0,-,-,-,-,5204.0000,5203.8000,5202.6000,5201.4000,5201.2000,5205.0000,5206.0000,5206.8000,5211.0000,5213.2000,1,1,2,2,1,1,1,2,1,1
SF,IC2009,2020-05-13 09:31:07.300,5205.0000,40843,-1,217598840.000,1,0,1,双平,S,5204.2000,5203.8000,5202.6000,5201.4000,5201.2000,5206.0000,5206.8000,5211.0000,5213.2000,5214.0000,1,1,2,2,1,1,2,1,1,1
SF,IC2009,2020-05-13 09:31:07.800,5205.0000,40843,0,217598840.000,0,-,-,-,-,5204.4000,5203.8000,5202.6000,5201.4000,5201.2000,5205.8000,5206.0000,5206.8000,5211.0000,5213.2000,1,1,2,2,1,1,1,2,1,1
SF,IC2009,2020-05-13 09:31:08.300,5205.0000,40843,0,217598840.000,0,-,-,-,-,5204.6000,5203.8000,5202.6000,5201.4000,5201.2000,5206.0000,5206.8000,5211.0000,5213.2000,5214.0000,1,1,1,2,1,1,2,1,1,1
SF,IC2009,2020-05-13 09:31:08.800,5205.0000,40843,0,217598840.000,0,-,-,-,-,5204.6000,5203.8000,5202.6000,5201.4000,5201.2000,5206.0000,5206.8000,5210.8000,5211.0000,5213.2000,1,1,1,2,1,1,2,1,1,1
SF,IC2009,2020-05-13 09:31:09.300,5206.0000,40842,-1,218640040.000,1,0,1,双平,S,5204.6000,5203.8000,5202.6000,5201.4000,5201.2000,5206.8000,5210.8000,5211.0000,5213.2000,5214.0000,1,2,1,2,1,2,1,1,1,1
SF,IC2009,2020-05-13 09:31:09.800,5206.0000,40842,0,218640040.000,0,-,-,-,-,5204.6000,5203.8000,5202.6000,5201.4000,5201.2000,5210.8000,5211.0000,5213.2000,5214.0000,5214.8000,1,2,1,2,1,1,1,1,1,1
SF,IC2009,2020-05-13 09:31:10.300,5206.0000,40842,0,218640040.000,0,-,-,-,-,5205.0000,5204.6000,5203.8000,5202.6000,5201.4000,5208.8000,5209.6000,5210.4000,5210.6000,5210.8000,1,1,2,1,2,1,1,1,5,1
SF,IC2009,2020-05-13 09:31:10.800,5206.0000,40842,0,218640040.000,0,-,-,-,-,5205.2000,5205.0000,5203.8000,5201.4000,5201.2000,5208.6000,5208.8000,5209.4000,5209.6000,5210.6000,1,1,2,2,1,4,1,1,1,1
SF,IC2009,2020-05-13 09:31:11.300,5205.0000,40842,0,219681040.000,1,0,1,多换,S,5203.8000,5201.4000,5201.2000,5201.0000,5200.8000,5206.4000,5208.6000,5208.8000,5209.4000,5210.6000,2,2,1,15,1,1,4,1,1,1
SF,IC2009,2020-05-13 09:31:11.800,5205.0000,40842,0,219681040.000,0,-,-,-,-,5204.0000,5203.8000,5201.4000,5201.2000,5201.0000,5206.2000,5206.4000,5208.6000,5208.8000,5209.4000,1,2,2,1,15,2,1,2,1,1
SF,IC2009,2020-05-13 09:31:12.800,5205.0000,40842,0,219681040.000,0,-,-,-,-,5204.0000,5203.8000,5201.4000,5201.2000,5201.0000,5206.2000,5206.4000,5208.6000,5208.8000,5209.4000,1,2,2,1,15,2,1,2,1,1
SF,IC2009,2020-05-13 09:31:13.300,5206.2000,40841,-1,220722280.000,1,0,1,双平,S,5205.8000,5204.0000,5203.8000,5201.4000,5201.2000,5206.2000,5208.6000,5208.8000,5209.4000,5210.6000,5,1,2,2,1,1,2,1,1,1
SF,IC2009,2020-05-13 09:31:13.800,5206.2000,40840,-1,221763520.000,1,0,1,双平,S,5206.0000,5205.8000,5204.0000,5203.8000,5203.0000,5208.6000,5208.8000,5209.4000,5210.6000,5210.8000,1,5,1,3,1,2,1,1,1,1
SF,IC2009,2020-05-13 09:31:14.300,5206.2000,40840,0,221763520.000,0,-,-,-,-,5206.2000,5205.8000,5203.8000,5203.0000,5201.4000,5208.0000,5208.4000,5208.6000,5208.8000,5209.4000,2,5,2,1,2,1,1,2,1,1
SF,IC2009,2020-05-13 09:31:14.800,5206.2000,40840,0,221763520.000,0,-,-,-,-,5206.4000,5206.2000,5205.8000,5204.0000,5203.8000,5208.4000,5208.6000,5208.8000,5209.4000,5210.6000,1,1,5,1,1,1,2,1,1,1
SF,IC2009,2020-05-13 09:31:15.300,5206.2000,40840,0,221763520.000,0,-,-,-,-,5206.6000,5206.2000,5205.8000,5205.6000,5204.0000,5208.4000,5208.6000,5208.8000,5209.4000,5210.6000,2,1,5,1,1,1,2,1,1,1
SF,IC2009,2020-05-13 09:31:15.800,5206.2000,40840,0,221763520.000,0,-,-,-,-,5206.8000,5206.6000,5206.2000,5205.8000,5205.6000,5208.4000,5208.6000,5208.8000,5209.4000,5210.6000,1,2,1,5,1,1,2,1,1,1
SF,IC2009,2020-05-13 09:31:16.300,5206.8000,40839,-1,222804880.000,1,0,1,双平,S,5206.2000,5205.8000,5205.6000,5204.0000,5203.8000,5206.8000,5208.4000,5208.6000,5208.8000,5209.4000,1,5,1,1,1,1,1,1,1,1
SF,IC2009,2020-05-13 09:31:16.800,5206.8000,40834,-5,229053040.000,6,0,6,多平,S,5206.2000,5205.8000,5205.6000,5204.0000,5203.8000,5206.8000,5208.4000,5208.6000,5208.8000,5209.4000,1,5,1,1,1,1,1,2,1,1
SF,IC2009,2020-05-13 09:31:17.300,5206.8000,40834,0,229053040.000,0,-,-,-,-,5206.2000,5205.8000,5205.6000,5204.0000,5203.8000,5206.8000,5208.4000,5208.6000,5208.8000,5209.4000,1,5,1,2,1,1,1,2,1,1
SF,IC2009,2020-05-13 09:31:18.300,5206.8000,40834,0,229053040.000,0,-,-,-,-,5206.2000,5205.8000,5205.6000,5204.0000,5203.8000,5206.8000,5208.4000,5208.6000,5208.8000,5209.4000,1,5,1,2,1,1,1,2,1,1
SF,IC2009,2020-05-13 09:31:18.800,5206.8000,40834,0,229053040.000,0,-,-,-,-,5206.4000,5206.2000,5205.8000,5205.6000,5204.0000,5208.4000,5208.6000,5208.8000,5209.4000,5210.6000,1,1,5,1,2,1,2,1,1,1
SF,IC2009,2020-05-13 09:31:19.300,5206.6000,40832,-2,232177720.000,3,0,3,多平,S,5206.8000,5206.2000,5205.8000,5205.6000,5204.0000,5208.2000,5208.6000,5208.8000,5209.4000,5210.6000,2,1,5,1,2,1,2,1,2,1
SF,IC2009,2020-05-13 09:31:19.800,5206.6000,40832,0,232177720.000,0,-,-,-,-,5206.8000,5206.2000,5206.0000,5205.8000,5205.6000,5208.0000,5208.6000,5208.8000,5209.4000,5210.6000,2,1,1,5,1,2,2,1,2,1
SF,IC2009,2020-05-13 09:31:20.300,5206.6000,40832,0,232177720.000,0,-,-,-,-,5206.8000,5206.2000,5206.0000,5205.8000,5205.6000,5207.8000,5208.0000,5208.6000,5208.8000,5209.4000,2,1,1,5,1,2,2,2,1,2
SF,IC2009,2020-05-13 09:31:20.800,5207.8000,40831,-1,233219280.000,1,0,1,双平,S,5206.8000,5206.2000,5206.0000,5205.8000,5205.6000,5207.8000,5208.0000,5208.6000,5208.8000,5209.4000,7,1,1,5,1,1,1,2,1,1
SF,IC2009,2020-05-13 09:31:21.300,5207.8000,40830,-1,234260840.000,1,0,1,双平,S,5206.8000,5206.2000,5206.0000,5205.8000,5205.6000,5208.0000,5208.6000,5208.8000,5209.4000,5210.8000,7,1,1,5,1,1,2,1,1,1
SF,IC2009,2020-05-13 09:31:21.800,5207.8000,40830,0,234260840.000,0,-,-,-,-,5206.8000,5206.2000,5206.0000,5205.8000,5205.6000,5208.0000,5208.6000,5208.8000,5209.4000,5210.8000,8,1,1,5,1,1,2,1,1,1
SF,IC2009,2020-05-13 09:31:22.300,5206.8000,40830,0,236343760.000,2,1,1,多换,S,5206.8000,5206.2000,5206.0000,5205.8000,5205.6000,5208.0000,5208.6000,5208.8000,5209.4000,5210.8000,7,1,1,5,1,1,2,1,1,1
SF,IC2009,2020-05-13 09:31:22.800,5206.8000,40830,0,236343760.000,0,-,-,-,-,5206.8000,5206.2000,5206.0000,5205.8000,5205.6000,5207.8000,5208.0000,5208.6000,5208.8000,5209.4000,7,1,1,5,1,2,1,2,1,1
SF,IC2009,2020-05-13 09:31:23.300,5206.8000,40829,-1,242591920.000,6,2,4,多平,S,5206.8000,5206.2000,5206.0000,5205.8000,5205.6000,5207.8000,5208.0000,5208.6000,5208.8000,5209.4000,1,1,1,5,1,2,1,2,1,1
SF,IC2009,2020-05-13 09:31:23.800,5207.6000,40829,0,243633440.000,1,0,1,多换,S,5206.8000,5206.2000,5206.0000,5205.8000,5205.6000,5207.8000,5208.0000,5208.6000,5208.8000,5209.4000,1,1,1,5,1,2,1,2,1,1
SF,IC2009,2020-05-13 09:31:24.300,5207.6000,40829,0,243633440.000,0,-,-,-,-,5206.8000,5206.2000,5206.0000,5205.8000,5205.6000,5207.8000,5208.0000,5208.6000,5208.8000,5209.4000,1,1,1,5,1,1,1,2,1,1
SF,IC2009,2020-05-13 09:31:24.800,5208.0000,40827,-2,245716600.000,2,0,2,双平,S,5208.0000,5206.8000,5206.2000,5206.0000,5205.8000,5208.6000,5208.8000,5209.4000,5210.8000,5211.0000,4,1,1,1,5,2,1,1,1,1
SF,IC2009,2020-05-13 09:31:25.300,5208.0000,40823,-4,249883000.000,4,0,4,双平,S,5206.8000,5206.2000,5206.0000,5205.8000,5205.6000,5207.8000,5208.2000,5208.6000,5208.8000,5209.4000,1,1,1,5,1,1,1,1,1,1
SF,IC2009,2020-05-13 09:31:25.800,5207.8000,40822,-1,250924560.000,1,0,1,双平,S,5206.8000,5206.2000,5206.0000,5205.8000,5205.6000,5208.6000,5208.8000,5209.4000,5210.8000,5211.0000,1,1,1,5,1,1,1,1,1,1
SF,IC2009,2020-05-13 09:31:26.300,5207.8000,40822,0,250924560.000,0,-,-,-,-,5207.0000,5206.8000,5206.2000,5206.0000,5205.8000,5208.8000,5209.4000,5210.6000,5210.8000,5211.0000,3,1,1,1,5,1,1,1,1,1
SF,IC2009,2020-05-13 09:31:26.800,5207.0000,40820,-2,254048760.000,3,0,3,多平,S,5206.8000,5206.2000,5206.0000,5205.8000,5205.6000,5208.6000,5208.8000,5209.4000,5210.6000,5210.8000,1,1,1,5,1,1,1,1,1,1
SF,IC2009,2020-05-13 09:31:27.300,5208.4000,40821,1,255090440.000,1,1,0,双开,S,5206.8000,5206.2000,5206.0000,5205.8000,5205.6000,5208.4000,5208.8000,5209.4000,5210.6000,5210.8000,1,1,1,5,1,1,1,1,1,1
SF,IC2009,2020-05-13 09:31:27.800,5208.8000,40821,0,257173880.000,2,1,1,多换,S,5208.8000,5207.0000,5206.2000,5206.0000,5205.8000,5209.4000,5210.6000,5210.8000,5211.0000,5214.0000,2,1,1,1,5,1,1,1,1,1
SF,IC2009,2020-05-13 09:31:28.300,5208.8000,40819,-2,259257400.000,2,0,2,双平,S,5206.2000,5206.0000,5205.8000,5205.6000,5204.0000,5208.6000,5208.8000,5209.2000,5209.4000,5210.6000,1,1,5,1,2,1,3,4,1,1
SF,IC2009,2020-05-13 09:31:28.800,5207.0000,40817,-2,261340200.000,2,0,2,双平,S,5207.0000,5206.4000,5206.2000,5206.0000,5205.8000,5208.0000,5208.2000,5208.4000,5208.8000,5209.2000,1,1,1,1,5,1,2,2,3,2
SF,IC2009,2020-05-13 09:31:29.300,5208.2000,40814,-3,264465080.000,3,0,3,双平,S,5207.2000,5206.2000,5206.0000,5205.8000,5205.6000,5208.4000,5208.8000,5209.2000,5209.4000,5210.8000,2,1,1,5,1,2,3,2,1,1
SF,IC2009,2020-05-13 09:31:29.800,5208.2000,40814,0,264465080.000,0,-,-,-,-,5207.2000,5206.2000,5206.0000,5205.8000,5205.6000,5208.4000,5208.8000,5209.2000,5209.4000,5210.8000,2,1,1,5,1,1,3,2,1,1
SF,IC2009,2020-05-13 09:31:30.300,5208.8000,40814,0,265506840.000,1,0,1,多换,S,5207.8000,5207.2000,5206.2000,5206.0000,5205.8000,5208.8000,5209.2000,5209.4000,5210.8000,5211.0000,1,2,1,1,5,2,2,1,1,1
SF,IC2009,2020-05-13 09:31:30.800,5208.8000,40814,0,265506840.000,0,-,-,-,-,5208.6000,5208.0000,5207.8000,5207.2000,5206.2000,5208.8000,5209.2000,5209.4000,5210.8000,5211.0000,5,1,1,1,1,1,2,1,2,1
SF,IC2009,2020-05-13 09:31:31.300,5208.6000,40812,-2,267590280.000,2,0,2,双平,S,5208.6000,5207.8000,5207.2000,5206.2000,5206.0000,5209.2000,5209.4000,5210.8000,5211.0000,5214.0000,3,1,1,1,1,2,1,2,1,1
SF,IC2009,2020-05-13 09:31:31.800,5209.2000,40811,-1,268632120.000,1,0,1,双平,S,5208.6000,5207.8000,5207.2000,5206.2000,5206.0000,5209.2000,5209.4000,5210.8000,5211.0000,5214.0000,3,1,1,1,1,1,1,2,1,1
SF,IC2009,2020-05-13 09:31:32.300,5209.2000,40810,-1,269673960.000,1,0,1,双平,S,5208.6000,5207.8000,5207.2000,5206.2000,5206.0000,5209.4000,5210.8000,5211.0000,5214.0000,5214.8000,3,1,1,1,1,1,2,1,1,1
SF,IC2009,2020-05-13 09:31:32.800,5209.4000,40809,-1,270715840.000,1,0,1,双平,S,5208.8000,5208.6000,5207.8000,5207.2000,5206.2000,5210.8000,5211.0000,5211.6000,5214.0000,5214.8000,1,3,2,1,1,2,1,1,1,1
SF,IC2009,2020-05-13 09:31:33.300,5209.4000,40809,0,270715840.000,0,-,-,-,-,5209.0000,5208.6000,5207.8000,5207.2000,5206.2000,5209.6000,5209.8000,5210.6000,5210.8000,5211.0000,1,3,2,1,1,1,1,2,2,1
SF,IC2009,2020-05-13 09:31:33.800,5209.6000,40808,-1,271757760.000,1,0,1,双平,S,5207.8000,5207.2000,5206.2000,5206.0000,5205.6000,5210.6000,5210.8000,5211.0000,5211.6000,5214.0000,2,1,1,1,1,2,2,1,1,1
SF,IC2009,2020-05-13 09:31:34.300,5209.6000,40808,0,271757760.000,0,-,-,-,-,5208.0000,5207.8000,5206.2000,5206.0000,5205.6000,5209.6000,5210.6000,5210.8000,5211.0000,5211.6000,2,2,1,1,1,1,2,2,1,1
SF,IC2009,2020-05-13 09:31:34.800,5209.6000,40807,-1,272799680.000,1,0,1,双平,S,5208.2000,5208.0000,5207.8000,5206.0000,5205.6000,5210.6000,5210.8000,5211.0000,5211.6000,5214.0000,1,1,2,1,1,2,2,1,1,1
SF,IC2009,2020-05-13 09:31:35.300,5209.6000,40807,0,272799680.000,0,-,-,-,-,5208.4000,5207.8000,5206.0000,5205.6000,5204.0000,5210.6000,5210.8000,5211.0000,5211.6000,5214.0000,1,1,1,1,2,2,2,1,1,1
SF,IC2009,2020-05-13 09:31:35.800,5210.6000,40807,0,273841800.000,1,0,1,多换,S,5209.6000,5208.4000,5207.8000,5206.0000,5205.6000,5210.6000,5210.8000,5211.0000,5211.6000,5214.0000,1,1,1,1,1,1,2,1,1,1
SF,IC2009,2020-05-13 09:31:36.300,5210.6000,40806,-1,274883920.000,1,0,1,双平,S,5209.6000,5208.4000,5207.8000,5206.0000,5205.6000,5210.6000,5210.8000,5211.0000,5211.6000,5214.0000,2,1,1,1,1,1,2,1,1,1
SF,IC2009,2020-05-13 09:31:36.800,5210.6000,40805,-1,275926040.000,1,0,1,双平,S,5210.6000,5209.6000,5208.4000,5207.8000,5206.0000,5210.8000,5211.0000,5211.6000,5214.0000,5214.8000,1,2,1,1,1,2,1,1,1,1
SF,IC2009,2020-05-13 09:31:37.300,5210.6000,40804,-1,276968160.000,1,0,1,双平,S,5209.6000,5208.4000,5207.8000,5206.0000,5205.6000,5210.2000,5210.4000,5210.6000,5210.8000,5211.0000,2,1,1,1,1,3,1,6,2,1
SF,IC2009,2020-05-13 09:31:37.800,5209.6000,40799,-5,284261600.000,7,1,6,多平,S,5208.0000,5207.8000,5206.0000,5205.6000,5204.0000,5210.6000,5210.8000,5211.0000,5211.6000,5214.0000,1,1,1,1,2,5,2,1,1,1
SF,IC2009,2020-05-13 09:31:38.300,5208.0000,40796,-3,287386480.000,3,0,3,双平,S,5207.8000,5206.0000,5205.6000,5204.0000,5203.8000,5210.4000,5210.6000,5210.8000,5211.0000,5211.6000,1,1,1,2,1,2,2,2,1,1
SF,IC2009,2020-05-13 09:31:38.800,5207.8000,40794,-2,289469640.000,2,0,2,双平,S,5206.0000,5205.6000,5204.0000,5203.8000,5203.0000,5210.4000,5210.8000,5211.0000,5211.6000,5214.0000,1,1,2,1,1,2,2,1,1,1
SF,IC2009,2020-05-13 09:31:39.300,5207.8000,40794,0,289469640.000,0,-,-,-,-,5207.6000,5206.2000,5206.0000,5205.6000,5204.0000,5210.4000,5210.8000,5211.0000,5211.6000,5214.0000,1,3,2,1,2,2,2,1,1,1
SF,IC2009,2020-05-13 09:31:39.800,5207.8000,40794,0,289469640.000,0,-,-,-,-,5209.0000,5207.6000,5206.2000,5206.0000,5205.6000,5210.4000,5210.8000,5211.0000,5211.6000,5214.0000,1,1,2,2,1,1,2,1,1,1
SF,IC2009,2020-05-13 09:31:40.300,5207.8000,40794,0,289469640.000,0,-,-,-,-,5209.2000,5209.0000,5207.6000,5206.2000,5206.0000,5210.8000,5211.0000,5211.6000,5214.0000,5214.8000,1,1,1,1,2,2,1,1,1,1
SF,IC2009,2020-05-13 09:31:40.800,5207.8000,40794,0,289469640.000,0,-,-,-,-,5209.4000,5209.0000,5207.6000,5206.2000,5206.0000,5210.8000,5211.0000,5211.6000,5214.0000,5214.8000,1,1,1,1,2,2,1,1,1,1
SF,IC2009,2020-05-13 09:31:41.300,5207.8000,40794,0,289469640.000,0,-,-,-,-,5209.6000,5209.0000,5207.6000,5206.2000,5206.0000,5210.8000,5211.0000,5211.6000,5214.0000,5214.8000,1,1,1,1,2,2,1,1,1,1
SF,IC2009,2020-05-13 09:31:41.800,5207.8000,40794,0,289469640.000,0,-,-,-,-,5209.8000,5209.0000,5207.6000,5206.2000,5206.0000,5210.8000,5211.0000,5211.6000,5214.0000,5214.8000,1,1,1,1,2,2,1,1,1,1
SF,IC2009,2020-05-13 09:31:42.300,5209.8000,40794,0,291553760.000,2,1,1,多换,S,5209.0000,5207.6000,5206.2000,5206.0000,5205.6000,5209.2000,5210.0000,5210.8000,5211.0000,5211.6000,1,1,1,2,1,1,2,1,1,1
SF,IC2009,2020-05-13 09:31:42.800,5210.0000,40791,-3,294679600.000,3,0,3,双平,S,5210.0000,5209.4000,5209.2000,5209.0000,5207.6000,5210.8000,5211.0000,5214.0000,5214.8000,5219.0000,3,1,1,1,1,1,1,1,1,2
SF,IC2009,2020-05-13 09:31:43.300,5210.0000,40788,-3,297805600.000,3,0,3,双平,S,5209.4000,5209.2000,5209.0000,5208.2000,5207.6000,5210.8000,5211.0000,5214.0000,5214.8000,5219.0000,1,1,1,1,1,1,1,1,1,2
SF,IC2009,2020-05-13 09:31:43.800,5210.0000,40788,0,297805600.000,0,-,-,-,-,5209.4000,5209.2000,5209.0000,5208.2000,5207.6000,5210.6000,5210.8000,5211.0000,5214.0000,5214.8000,1,1,1,1,1,1,1,1,1,1
SF,IC2009,2020-05-13 09:31:44.300,5210.0000,40788,0,297805600.000,0,-,-,-,-,5209.4000,5209.2000,5209.0000,5208.2000,5207.6000,5210.8000,5211.0000,5214.0000,5214.8000,5219.0000,1,1,1,1,1,1,1,1,1,2
SF,IC2009,2020-05-13 09:31:45.300,5210.0000,40788,0,297805600.000,0,-,-,-,-,5209.4000,5209.2000,5209.0000,5208.2000,5207.6000,5210.8000,5211.0000,5214.0000,5214.8000,5219.0000,1,1,2,1,1,1,1,1,1,2
SF,IC2009,2020-05-13 09:31:45.800,5210.0000,40788,0,297805600.000,0,-,-,-,-,5209.4000,5209.2000,5209.0000,5208.2000,5207.0000,5210.4000,5210.6000,5210.8000,5211.0000,5214.0000,1,1,2,1,1,1,1,1,1,1
SF,IC2009,2020-05-13 09:31:46.300,5210.0000,40788,0,297805600.000,0,-,-,-,-,5209.8000,5209.2000,5209.0000,5208.2000,5207.0000,5210.4000,5210.8000,5211.0000,5214.0000,5214.8000,5,1,2,1,1,1,1,1,1,1
SF,IC2009,2020-05-13 09:31:46.800,5210.4000,40788,0,301973560.000,4,2,2,多换,S,5209.8000,5209.2000,5209.0000,5208.2000,5208.0000,5210.8000,5211.0000,5214.0000,5214.8000,5219.0000,2,1,2,1,1,1,1,1,1,2
SF,IC2009,2020-05-13 09:31:47.300,5209.8000,40788,0,304057480.000,2,1,1,多换,S,5209.2000,5209.0000,5208.2000,5208.0000,5207.0000,5210.8000,5211.0000,5214.0000,5214.8000,5219.0000,1,2,1,1,1,1,1,1,1,2
SF,IC2009,2020-05-13 09:31:47.800,5209.8000,40788,0,304057480.000,0,-,-,-,-,5209.2000,5209.0000,5208.2000,5208.0000,5207.2000,5210.4000,5210.8000,5211.0000,5214.0000,5214.8000,1,2,1,1,1,1,1,1,1,1
SF,IC2009,2020-05-13 09:31:48.300,5209.8000,40786,-2,306141400.000,2,0,2,双平,S,5209.2000,5209.0000,5208.2000,5208.0000,5207.2000,5209.4000,5210.4000,5210.8000,5211.0000,5214.0000,1,2,1,1,1,1,1,1,1,1
SF,IC2009,2020-05-13 09:31:48.800,5209.4000,40785,-1,307183280.000,1,0,1,双平,S,5209.2000,5209.0000,5208.2000,5208.0000,5207.2000,5210.4000,5210.8000,5211.0000,5214.0000,5214.8000,1,2,1,1,1,1,1,1,1,1
SF,IC2009,2020-05-13 09:31:49.300,5209.4000,40785,0,307183280.000,0,-,-,-,-,5209.2000,5209.0000,5208.2000,5208.0000,5207.2000,5210.4000,5210.8000,5211.0000,5214.0000,5214.8000,1,3,1,1,1,1,1,1,1,1
SF,IC2009,2020-05-13 09:31:49.800,5209.4000,40785,0,307183280.000,0,-,-,-,-,5209.2000,5209.0000,5208.2000,5208.0000,5207.2000,5210.4000,5210.8000,5211.0000,5214.0000,5219.0000,1,3,1,1,1,1,1,1,1,2
SF,IC2009,2020-05-13 09:31:50.300,5209.4000,40785,0,307183280.000,0,-,-,-,-,5209.2000,5209.0000,5208.2000,5208.0000,5207.2000,5210.4000,5210.8000,5211.0000,5211.8000,5214.0000,1,3,1,1,1,1,1,1,1,1
SF,IC2009,2020-05-13 09:31:51.300,5209.4000,40785,0,307183280.000,0,-,-,-,-,5209.2000,5209.0000,5208.2000,5208.0000,5207.2000,5210.4000,5210.8000,5211.0000,5211.8000,5212.8000,1,3,1,1,1,1,1,1,1,1
SF,IC2009,2020-05-13 09:31:51.800,5209.4000,40785,0,307183280.000,0,-,-,-,-,5209.2000,5209.0000,5208.2000,5208.0000,5207.2000,5210.4000,5210.8000,5211.0000,5211.8000,5212.8000,1,3,1,1,1,1,1,1,1,1
SF,IC2009,2020-05-13 09:31:52.300,5209.4000,40785,0,307183280.000,0,-,-,-,-,5209.2000,5209.0000,5208.2000,5208.0000,5207.2000,5210.4000,5210.8000,5211.0000,5211.8000,5212.8000,1,3,1,1,1,1,1,1,1,1
SF,IC2009,2020-05-13 09:31:53.300,5209.4000,40785,0,307183280.000,0,-,-,-,-,5209.2000,5209.0000,5208.2000,5208.0000,5207.2000,5210.2000,5210.4000,5210.8000,5211.0000,5211.8000,1,3,1,1,1,1,1,1,1,1
SF,IC2009,2020-05-13 09:31:53.800,5209.4000,40785,0,307183280.000,0,-,-,-,-,5209.2000,5209.0000,5208.2000,5208.0000,5207.2000,5210.4000,5210.8000,5211.0000,5211.8000,5212.8000,1,3,1,1,1,1,1,1,1,1
SF,IC2009,2020-05-13 09:31:54.300,5209.4000,40785,0,307183280.000,0,-,-,-,-,5209.2000,5209.0000,5208.2000,5208.0000,5207.2000,5210.4000,5210.8000,5211.0000,5211.8000,5212.8000,1,3,1,1,1,1,1,1,1,1
SF,IC2009,2020-05-13 09:31:54.800,5209.4000,40785,0,307183280.000,0,-,-,-,-,5209.0000,5208.2000,5208.0000,5207.2000,5207.0000,5210.4000,5210.8000,5211.0000,5211.8000,5212.8000,3,1,1,1,1,1,1,1,1,1
SF,IC2009,2020-05-13 09:31:55.300,5209.4000,40785,0,307183280.000,0,-,-,-,-,5209.0000,5208.2000,5208.0000,5207.2000,5207.0000,5210.4000,5210.8000,5211.0000,5211.8000,5212.8000,3,1,1,1,1,1,1,1,1,1
SF,IC2009,2020-05-13 09:31:55.800,5209.4000,40785,0,307183280.000,0,-,-,-,-,5209.0000,5208.2000,5208.0000,5207.2000,5207.0000,5210.0000,5210.4000,5210.8000,5211.0000,5211.8000,3,1,1,1,1,3,1,1,1,1
SF,IC2009,2020-05-13 09:31:56.300,5210.0000,40784,-1,308225280.000,1,0,1,双平,S,5209.0000,5208.2000,5208.0000,5207.2000,5207.0000,5210.0000,5210.4000,5210.8000,5211.0000,5211.8000,3,1,1,1,1,2,1,1,1,1
SF,IC2009,2020-05-13 09:31:57.300,5210.0000,40782,-2,310309280.000,2,0,2,双平,S,5210.0000,5209.0000,5208.2000,5208.0000,5207.2000,5210.4000,5210.8000,5211.0000,5211.8000,5212.8000,1,3,1,1,1,1,1,1,1,1
SF,IC2009,2020-05-13 09:31:57.800,5210.0000,40780,-2,312393280.000,2,0,2,双平,S,5210.0000,5209.0000,5208.2000,5208.0000,5207.0000,5210.4000,5210.8000,5211.0000,5211.8000,5212.8000,1,3,1,1,1,1,1,1,1,1
SF,IC2009,2020-05-13 09:31:58.300,5210.0000,40779,-1,313435280.000,1,0,1,双平,S,5209.0000,5208.2000,5208.0000,5207.0000,5206.2000,5210.0000,5210.4000,5210.8000,5211.0000,5211.8000,3,1,1,1,1,1,1,1,1,1
SF,IC2009,2020-05-13 09:31:58.800,5209.0000,40778,-1,315518880.000,2,0,2,多平,S,5209.0000,5208.2000,5208.0000,5207.6000,5207.0000,5210.0000,5210.4000,5210.8000,5211.0000,5211.8000,1,1,1,1,1,1,1,1,1,1
SF,IC2009,2020-05-13 09:31:59.300,5209.0000,40778,0,316560680.000,1,0,1,多换,S,5208.2000,5208.0000,5207.6000,5207.0000,5206.2000,5209.0000,5210.4000,5210.8000,5211.0000,5211.8000,1,1,1,1,1,1,1,1,1,1
SF,IC2009,2020-05-13 09:31:59.800,5209.0000,40775,-3,319686080.000,3,0,3,双平,S,5208.4000,5208.2000,5208.0000,5207.6000,5207.0000,5210.4000,5210.8000,5211.0000,5212.8000,5214.0000,1,1,1,1,1,1,1,1,1,1
SF,IC2009,2020-05-13 09:32:00.300,5209.0000,40775,0,319686080.000,0,-,-,-,-,5209.0000,5208.4000,5208.2000,5208.0000,5207.6000,5210.2000,5210.4000,5210.8000,5211.0000,5212.8000,1,1,1,1,1,1,1,1,1,1
SF,IC2009,2020-05-13 09:32:00.800,5209.0000,40775,0,319686080.000,0,-,-,-,-,5209.0000,5208.2000,5208.0000,5207.6000,5207.0000,5210.4000,5210.8000,5211.0000,5212.0000,5212.8000,1,1,1,1,1,1,1,1,1,1
SF,IC2009,2020-05-13 09:32:01.300,5209.0000,40775,0,320727880.000,1,0,1,多换,S,5209.2000,5209.0000,5208.2000,5208.0000,5207.6000,5210.4000,5210.8000,5211.0000,5212.0000,5212.8000,1,1,1,1,1,1,1,1,1,1
SF,IC2009,2020-05-13 09:32:01.800,5210.4000,40773,-2,322812040.000,2,0,2,双平,S,5209.4000,5209.2000,5209.0000,5208.2000,5208.0000,5211.0000,5212.0000,5212.8000,5214.0000,5219.0000,1,1,1,1,1,1,1,1,1,2
SF,IC2009,2020-05-13 09:32:02.300,5211.0000,40772,-1,323854240.000,1,0,1,双平,S,5209.6000,5209.0000,5208.2000,5208.0000,5207.6000,5212.0000,5212.8000,5214.0000,5219.0000,5219.6000,2,1,1,1,1,1,1,1,2,7
SF,IC2009,2020-05-13 09:32:02.800,5211.0000,40772,0,323854240.000,0,-,-,-,-,5210.0000,5209.8000,5209.6000,5209.0000,5208.2000,5212.0000,5212.8000,5214.0000,5219.0000,5219.6000,1,1,1,1,1,1,1,2,2,7
SF,IC2009,2020-05-13 09:32:03.300,5212.0000,40771,-1,324896640.000,1,0,1,双平,S,5210.2000,5209.0000,5208.2000,5208.0000,5207.0000,5212.2000,5212.8000,5214.0000,5219.0000,5219.6000,1,1,1,1,1,1,1,2,2,7
SF,IC2009,2020-05-13 09:32:03.800,5212.0000,40771,0,324896640.000,0,-,-,-,-,5210.8000,5210.4000,5209.0000,5208.2000,5208.0000,5212.8000,5214.0000,5219.0000,5219.6000,5219.8000,1,2,1,1,1,1,2,2,7,2
SF,IC2009,2020-05-13 09:32:04.300,5212.0000,40771,0,324896640.000,0,-,-,-,-,5210.8000,5210.4000,5210.2000,5209.0000,5208.0000,5212.6000,5212.8000,5214.0000,5219.0000,5219.6000,1,1,2,1,1,1,1,2,2,7
SF,IC2009,2020-05-13 09:32:04.800,5212.0000,40771,0,324896640.000,0,-,-,-,-,5210.8000,5210.4000,5210.2000,5209.0000,5208.0000,5212.6000,5212.8000,5214.0000,5219.0000,5219.6000,1,1,2,1,1,1,1,2,2,7
SF,IC2009,2020-05-13 09:32:05.300,5212.0000,40771,0,324896640.000,0,-,-,-,-,5210.8000,5210.2000,5209.0000,5208.0000,5207.0000,5212.8000,5214.0000,5219.0000,5219.6000,5219.8000,1,2,1,1,1,1,2,2,7,2
SF,IC2009,2020-05-13 09:32:05.800,5212.0000,40771,0,324896640.000,0,-,-,-,-,5211.0000,5210.8000,5210.2000,5209.0000,5208.0000,5212.8000,5214.0000,5219.0000,5219.6000,5219.8000,2,1,2,1,1,1,2,2,7,2
SF,IC2009,2020-05-13 09:32:06.300,5212.0000,40771,0,324896640.000,0,-,-,-,-,5211.0000,5210.2000,5209.0000,5208.0000,5207.0000,5212.8000,5214.0000,5219.0000,5219.6000,5219.8000,2,2,1,1,1,1,2,2,7,2
SF,IC2009,2020-05-13 09:32:06.800,5212.0000,40771,0,324896640.000,0,-,-,-,-,5212.6000,5211.4000,5211.0000,5210.2000,5209.0000,5212.8000,5214.0000,5219.0000,5219.6000,5219.8000,5,1,2,2,1,1,2,2,7,2
SF,IC2009,2020-05-13 09:32:07.300,5212.6000,40771,0,330109240.000,5,2,3,多换,S,5211.4000,5211.0000,5210.2000,5208.0000,5207.0000,5212.2000,5212.6000,5212.8000,5214.0000,5219.0000,1,1,2,1,1,2,1,1,2,2
SF,IC2009,2020-05-13 09:32:07.800,5211.0000,40769,-2,332193720.000,2,0,2,双平,S,5210.2000,5208.0000,5207.0000,5206.2000,5205.6000,5211.0000,5211.4000,5212.8000,5214.0000,5219.0000,2,1,1,1,1,1,5,1,2,2
SF,IC2009,2020-05-13 09:32:08.300,5210.2000,40769,0,334277800.000,2,1,1,多换,S,5208.0000,5207.0000,5206.2000,5205.6000,5205.0000,5211.0000,5211.4000,5212.8000,5214.0000,5219.0000,1,1,1,1,1,1,5,1,1,2
SF,IC2009,2020-05-13 09:32:08.800,5208.0000,40767,-2,336361320.000,2,0,2,双平,S,5207.0000,5206.2000,5205.6000,5205.0000,5204.0000,5210.8000,5211.0000,5211.4000,5212.4000,5212.8000,1,1,1,1,2,1,1,3,1,1
SF,IC2009,2020-05-13 09:32:09.300,5207.6000,40766,-1,338444440.000,2,0,2,多平,S,5207.2000,5207.0000,5206.2000,5205.6000,5205.0000,5210.8000,5211.0000,5211.4000,5212.4000,5212.8000,1,1,1,1,1,1,1,1,1,1
SF,IC2009,2020-05-13 09:32:09.800,5211.0000,40766,0,341570920.000,3,1,2,多换,S,5207.4000,5207.0000,5206.2000,5205.6000,5205.0000,5211.4000,5212.4000,5212.8000,5214.0000,5219.0000,1,1,1,1,1,1,1,1,1,2
SF,IC2009,2020-05-13 09:32:10.300,5211.0000,40766,0,341570920.000,0,-,-,-,-,5207.8000,5207.6000,5207.0000,5206.2000,5205.6000,5211.4000,5212.4000,5212.8000,5214.0000,5219.0000,1,1,1,1,1,1,1,1,1,2
SF,IC2009,2020-05-13 09:32:10.800,5211.0000,40766,0,341570920.000,0,-,-,-,-,5208.0000,5207.8000,5207.0000,5206.2000,5205.6000,5211.4000,5212.4000,5212.8000,5214.0000,5219.0000,1,1,1,1,1,1,1,1,1,2
SF,IC2009,2020-05-13 09:32:11.300,5211.0000,40766,0,341570920.000,0,-,-,-,-,5208.8000,5208.2000,5207.0000,5206.2000,5205.6000,5211.2000,5211.4000,5212.0000,5212.4000,5212.8000,1,1,1,1,1,1,1,1,1,1
SF,IC2009,2020-05-13 09:32:11.800,5211.0000,40766,0,341570920.000,0,-,-,-,-,5209.0000,5208.8000,5207.0000,5206.2000,5205.6000,5211.2000,5211.4000,5212.0000,5212.4000,5212.8000,1,1,1,1,1,1,1,1,1,1
SF,IC2009,2020-05-13 09:32:12.300,5211.0000,40766,0,341570920.000,0,-,-,-,-,5209.0000,5208.8000,5208.0000,5207.0000,5206.2000,5210.8000,5211.2000,5211.4000,5212.0000,5212.4000,1,1,1,1,1,1,1,1,1,1
SF,IC2009,2020-05-13 09:32:12.800,5211.0000,40766,0,341570920.000,0,-,-,-,-,5210.0000,5208.8000,5208.0000,5207.0000,5206.2000,5210.8000,5211.2000,5211.4000,5212.0000,5212.4000,1,1,1,1,1,1,1,1,1,1
SF,IC2009,2020-05-13 09:32:13.300,5211.4000,40760,-6,347823720.000,6,0,6,双平,S,5211.4000,5208.8000,5208.0000,5207.0000,5206.2000,5212.0000,5212.4000,5212.8000,5214.0000,5219.0000,5,1,1,1,1,1,1,1,1,2
SF,IC2009,2020-05-13 09:32:13.800,5211.4000,40755,-5,353035120.000,5,0,5,双平,S,5208.8000,5208.0000,5207.0000,5206.2000,5205.6000,5211.2000,5211.8000,5212.0000,5212.2000,5212.4000,1,1,1,1,1,2,1,1,4,1
SF,IC2009,2020-05-13 09:32:14.300,5211.4000,40755,0,353035120.000,0,-,-,-,-,5209.0000,5208.8000,5208.0000,5207.0000,5206.2000,5210.6000,5210.8000,5211.0000,5211.2000,5211.4000,1,1,1,1,1,1,1,1,1,2
SF,IC2009,2020-05-13 09:32:14.800,5209.2000,40754,-1,354076960.000,1,0,1,双平,S,5208.8000,5208.0000,5207.0000,5206.2000,5205.6000,5209.0000,5210.4000,5210.6000,5211.0000,5211.2000,1,1,1,1,1,1,1,1,1,1
SF,IC2009,2020-05-13 09:32:15.300,5210.6000,40752,-2,356160920.000,2,0,2,双平,S,5209.0000,5208.8000,5208.0000,5207.0000,5206.2000,5211.0000,5212.0000,5212.2000,5212.8000,5214.0000,2,1,1,1,1,1,1,4,1,1
SF,IC2009,2020-05-13 09:32:15.800,5209.0000,40750,-2,358244520.000,2,0,2,双平,S,5208.8000,5208.0000,5207.4000,5207.0000,5206.2000,5209.0000,5212.0000,5212.2000,5212.8000,5214.0000,1,1,1,1,1,1,1,4,1,1
SF,IC2009,2020-05-13 09:32:16.300,5209.0000,40749,-1,359286320.000,1,0,1,双平,S,5209.6000,5209.4000,5209.2000,5209.0000,5208.8000,5212.0000,5212.2000,5212.8000,5214.0000,5219.0000,2,3,2,2,1,1,1,1,1,2
SF,IC2009,2020-05-13 09:32:16.800,5209.6000,40748,-1,360328240.000,1,0,1,双平,S,5209.6000,5209.2000,5209.0000,5208.8000,5208.0000,5211.6000,5212.0000,5212.2000,5212.8000,5214.0000,1,2,1,1,1,1,1,1,1,1
SF,IC2009,2020-05-13 09:32:17.300,5209.6000,40748,0,360328240.000,0,-,-,-,-,5209.6000,5209.2000,5209.0000,5208.8000,5208.0000,5211.4000,5212.0000,5212.2000,5212.8000,5214.0000,1,2,1,1,1,1,1,1,1,1
SF,IC2009,2020-05-13 09:32:17.800,5211.4000,40748,0,361370520.000,1,0,1,多换,S,5210.8000,5209.6000,5209.2000,5209.0000,5208.8000,5212.0000,5212.2000,5212.8000,5214.0000,5219.0000,1,1,2,1,1,1,1,1,1,2
SF,IC2009,2020-05-13 09:32:18.300,5210.8000,40747,-1,362412680.000,1,0,1,双平,S,5209.6000,5209.2000,5208.8000,5208.0000,5207.0000,5210.8000,5212.0000,5212.2000,5212.8000,5214.0000,1,2,1,1,1,2,1,4,1,1
SF,IC2009,2020-05-13 09:32:18.800,5209.6000,40746,-1,363454600.000,1,0,1,双平,S,5209.2000,5208.8000,5208.0000,5207.6000,5207.0000,5209.6000,5212.0000,5212.2000,5212.8000,5214.0000,2,1,1,1,1,3,1,4,1,1
SF,IC2009,2020-05-13 09:32:19.300,5209.6000,40743,-3,366580360.000,3,0,3,双平,S,5211.4000,5209.6000,5209.2000,5208.8000,5208.0000,5212.0000,5212.2000,5212.8000,5214.0000,5219.0000,1,1,2,1,1,1,4,1,1,2
SF,IC2009,2020-05-13 09:32:19.800,5211.4000,40743,0,367622640.000,1,0,1,多换,S,5209.2000,5208.8000,5208.0000,5207.0000,5206.2000,5211.4000,5212.0000,5212.2000,5212.8000,5214.0000,2,1,1,1,1,1,1,2,1,1
SF,IC2009,2020-05-13 09:32:20.300,5211.4000,40743,0,367622640.000,0,-,-,-,-,5209.6000,5209.2000,5208.8000,5208.0000,5207.6000,5211.4000,5212.0000,5212.2000,5212.8000,5214.0000,1,2,1,1,1,1,1,2,1,1
SF,IC2009,2020-05-13 09:32:20.800,5210.6000,40743,0,368664760.000,1,0,1,多换,S,5210.6000,5209.6000,5209.2000,5208.8000,5208.0000,5211.4000,5212.0000,5212.2000,5212.8000,5214.0000,1,1,2,1,1,1,1,2,1,1
SF,IC2009,2020-05-13 09:32:21.300,5210.6000,40743,0,369706880.000,1,0,1,多换,S,5209.2000,5208.8000,5208.0000,5207.0000,5206.2000,5210.8000,5211.4000,5212.0000,5212.2000,5212.8000,2,1,1,1,1,1,1,1,2,1
SF,IC2009,2020-05-13 09:32:21.800,5211.4000,40741,-2,371791320.000,2,0,2,双平,S,5211.4000,5209.4000,5209.2000,5209.0000,5208.8000,5212.0000,5212.2000,5212.8000,5214.0000,5219.0000,8,1,2,1,1,1,2,1,1,2
SF,IC2009,2020-05-13 09:32:22.300,5211.4000,40738,-3,380129560.000,8,2,6,多平,S,5209.2000,5209.0000,5208.8000,5208.0000,5207.0000,5212.0000,5212.2000,5212.8000,5214.0000,5219.0000,2,1,1,1,1,2,2,1,1,2
SF,IC2009,2020-05-13 09:32:22.800,5211.4000,40738,0,380129560.000,0,-,-,-,-,5209.2000,5209.0000,5208.8000,5208.0000,5207.0000,5211.4000,5211.8000,5212.0000,5212.2000,5212.8000,2,1,1,2,1,2,1,2,2,1
SF,IC2009,2020-05-13 09:32:23.300,5211.4000,40738,0,382214120.000,2,1,1,多换,S,5209.6000,5209.2000,5209.0000,5208.8000,5208.0000,5211.8000,5212.0000,5212.2000,5212.8000,5214.0000,1,2,1,1,2,1,1,2,1,1
SF,IC2009,2020-05-13 09:32:23.800,5211.4000,40738,0,382214120.000,0,-,-,-,-,5209.6000,5209.2000,5209.0000,5208.8000,5208.0000,5211.8000,5212.0000,5212.2000,5212.8000,5214.0000,2,2,1,1,2,1,1,2,1,1
SF,IC2009,2020-05-13 09:32:24.300,5211.4000,40738,0,382214120.000,0,-,-,-,-,5209.6000,5209.2000,5209.0000,5208.8000,5208.0000,5211.8000,5212.0000,5212.2000,5212.8000,5214.0000,1,2,1,1,2,1,1,2,1,1
SF,IC2009,2020-05-13 09:32:25.800,5211.4000,40738,0,382214120.000,0,-,-,-,-,5209.6000,5209.2000,5209.0000,5208.8000,5208.0000,5211.8000,5212.0000,5212.2000,5212.8000,5214.0000,1,2,4,1,2,1,1,2,1,1
SF,IC2009,2020-05-13 09:32:27.800,5209.6000,40738,0,383256040.000,1,0,1,多换,S,5209.2000,5209.0000,5208.8000,5208.0000,5207.0000,5211.8000,5212.0000,5212.2000,5212.8000,5214.0000,2,4,1,2,1,1,1,2,1,1
SF,IC2009,2020-05-13 09:32:28.300,5209.6000,40738,0,383256040.000,0,-,-,-,-,5209.6000,5209.2000,5209.0000,5208.8000,5208.0000,5211.8000,5212.0000,5212.2000,5212.8000,5214.0000,1,2,3,1,2,1,1,2,1,1
SF,IC2009,2020-05-13 09:32:28.800,5209.6000,40738,0,383256040.000,0,-,-,-,-,5209.6000,5209.2000,5209.0000,5208.8000,5208.0000,5211.4000,5211.8000,5212.0000,5212.2000,5212.8000,1,2,3,1,2,1,1,1,2,1
SF,IC2009,2020-05-13 09:32:29.300,5209.6000,40737,-1,384297960.000,1,0,1,双平,S,5209.6000,5209.2000,5209.0000,5208.8000,5208.0000,5211.2000,5211.4000,5211.6000,5211.8000,5212.0000,1,2,3,1,2,1,1,1,1,1
SF,IC2009,2020-05-13 09:32:29.800,5209.6000,40737,0,384297960.000,0,-,-,-,-,5209.6000,5209.2000,5209.0000,5208.8000,5208.0000,5211.0000,5211.4000,5211.6000,5211.8000,5212.0000,1,2,3,1,2,1,1,1,1,1
SF,IC2009,2020-05-13 09:32:30.300,5209.6000,40737,0,384297960.000,0,-,-,-,-,5209.6000,5209.2000,5209.0000,5208.8000,5208.0000,5210.2000,5210.8000,5211.4000,5211.6000,5211.8000,1,2,3,1,2,1,2,1,1,1
SF,IC2009,2020-05-13 09:32:30.800,5211.8000,40734,-3,389509120.000,5,1,4,多平,S,5211.8000,5210.2000,5209.6000,5209.2000,5209.0000,5212.0000,5212.2000,5212.8000,5214.0000,5219.0000,5,1,1,2,3,1,2,1,1,2
SF,IC2009,2020-05-13 09:32:31.300,5211.8000,40729,-5,394720920.000,5,0,5,双平,S,5210.2000,5209.6000,5209.0000,5208.8000,5208.0000,5211.6000,5211.8000,5212.0000,5212.2000,5212.8000,1,1,3,1,1,8,9,1,4,1
SF,IC2009,2020-05-13 09:32:31.800,5210.2000,40728,-1,395762960.000,1,0,1,双平,S,5210.0000,5209.6000,5209.0000,5208.8000,5208.0000,5211.4000,5211.6000,5211.8000,5212.0000,5212.2000,1,1,3,1,1,2,1,8,1,3
SF,IC2009,2020-05-13 09:32:32.300,5209.6000,40726,-2,398888960.000,3,0,3,多平,S,5209.0000,5208.8000,5208.2000,5208.0000,5207.0000,5210.0000,5211.2000,5211.4000,5211.6000,5211.8000,3,1,1,1,1,3,1,2,1,2
SF,IC2009,2020-05-13 09:32:32.800,5209.2000,40725,-1,399930800.000,1,0,1,双平,S,5209.0000,5208.8000,5208.2000,5208.0000,5207.0000,5209.4000,5210.0000,5211.2000,5211.4000,5211.6000,3,1,1,1,1,1,3,1,1,1
SF,IC2009,2020-05-13 09:32:33.300,5209.2000,40723,-2,402014520.000,2,0,2,双平,S,5209.2000,5209.0000,5208.8000,5208.2000,5208.0000,5210.0000,5210.2000,5211.2000,5211.4000,5211.6000,2,3,1,1,1,3,1,1,1,1
SF,IC2009,2020-05-13 09:32:33.800,5209.0000,40722,-1,403056320.000,1,0,1,双平,S,5209.0000,5208.8000,5208.2000,5208.0000,5207.0000,5209.2000,5209.8000,5210.2000,5211.2000,5211.4000,2,1,1,1,1,3,1,1,1,1
SF,IC2009,2020-05-13 09:32:34.300,5208.8000,40719,-3,406181680.000,3,0,3,双平,S,5208.2000,5208.0000,5207.0000,5205.0000,5201.2000,5209.2000,5211.2000,5211.4000,5211.6000,5211.8000,1,1,1,2,1,3,1,1,1,1
SF,IC2009,2020-05-13 09:32:34.800,5208.2000,40719,0,407223320.000,1,0,1,多换,S,5208.0000,5207.0000,5205.0000,5201.2000,5201.0000,5208.2000,5209.0000,5211.2000,5211.4000,5211.6000,1,1,2,1,16,3,1,1,1,1
SF,IC2009,2020-05-13 09:32:35.300,5207.4000,40718,-1,410347800.000,3,1,2,多平,S,5205.0000,5201.2000,5201.0000,5200.8000,5200.0000,5208.2000,5211.2000,5211.4000,5211.6000,5211.8000,2,1,16,1,3,3,1,1,1,1
SF,IC2009,2020-05-13 09:32:35.800,5208.2000,40717,-1,411389440.000,1,0,1,双平,S,5205.2000,5205.0000,5201.2000,5201.0000,5200.8000,5208.2000,5208.6000,5211.2000,5211.4000,5211.6000,1,2,1,16,1,2,1,1,1,1
SF,IC2009,2020-05-13 09:32:36.300,5205.4000,40715,-2,413471960.000,2,0,2,双平,S,5205.4000,5205.2000,5205.0000,5201.2000,5201.0000,5208.6000,5209.6000,5211.2000,5211.4000,5211.6000,1,1,2,1,16,1,2,1,1,1
SF,IC2009,2020-05-13 09:32:36.800,5205.4000,40715,0,413471960.000,0,-,-,-,-,5205.6000,5205.4000,5205.0000,5201.2000,5201.0000,5208.4000,5209.6000,5211.4000,5211.6000,5211.8000,4,1,2,1,16,1,2,1,1,1
SF,IC2009,2020-05-13 09:32:37.300,5205.4000,40715,0,413471960.000,0,-,-,-,-,5206.0000,5205.8000,5205.6000,5205.0000,5201.2000,5208.4000,5209.6000,5211.4000,5211.6000,5211.8000,1,4,2,2,1,1,2,1,1,1
SF,IC2009,2020-05-13 09:32:37.800,5205.4000,40715,0,413471960.000,0,-,-,-,-,5206.2000,5205.8000,5205.6000,5205.0000,5201.2000,5208.0000,5208.4000,5209.6000,5210.2000,5211.4000,1,2,1,2,1,1,1,2,1,1
SF,IC2009,2020-05-13 09:32:38.300,5206.0000,40714,-1,414513160.000,1,0,1,双平,S,5205.8000,5205.0000,5201.2000,5201.0000,5200.8000,5206.0000,5207.8000,5208.0000,5209.6000,5210.2000,2,2,1,16,1,11,1,2,2,1
SF,IC2009,2020-05-13 09:32:38.800,5205.8000,40703,-11,425966280.000,11,0,11,双平,S,5205.0000,5201.2000,5201.0000,5200.8000,5200.0000,5206.0000,5207.8000,5209.6000,5210.2000,5211.4000,2,1,16,1,3,2,1,2,1,1
SF,IC2009,2020-05-13 09:32:39.300,5206.0000,40702,-1,427007480.000,1,0,1,双平,S,5205.2000,5205.0000,5201.2000,5201.0000,5200.8000,5206.0000,5207.8000,5209.6000,5210.2000,5211.4000,2,3,1,16,1,1,1,2,1,1
SF,IC2009,2020-05-13 09:32:39.800,5206.0000,40701,-1,428048680.000,1,0,1,双平,S,5205.2000,5205.0000,5202.0000,5201.2000,5201.0000,5207.8000,5209.6000,5210.2000,5211.4000,5211.6000,2,3,1,1,16,1,2,1,1,1
SF,IC2009,2020-05-13 09:32:40.300,5206.0000,40701,0,428048680.000,0,-,-,-,-,5205.2000,5205.0000,5202.0000,5201.2000,5201.0000,5207.8000,5208.0000,5209.6000,5210.2000,5211.4000,1,3,1,1,16,1,1,2,1,1
SF,IC2009,2020-05-13 09:32:41.300,5205.2000,40701,0,429089720.000,1,0,1,多换,S,5205.0000,5202.0000,5201.2000,5201.0000,5200.8000,5207.8000,5208.0000,5209.6000,5210.2000,5211.4000,3,1,1,16,1,1,1,2,1,1
SF,IC2009,2020-05-13 09:32:41.800,5205.2000,40701,0,429089720.000,0,-,-,-,-,5205.2000,5205.0000,5202.0000,5201.2000,5201.0000,5207.4000,5207.6000,5207.8000,5208.0000,5209.6000,2,3,1,1,16,1,1,1,1,2
SF,IC2009,2020-05-13 09:32:42.300,5205.2000,40701,0,429089720.000,0,-,-,-,-,5205.0000,5202.0000,5201.2000,5201.0000,5200.8000,5207.2000,5207.4000,5208.0000,5209.6000,5210.2000,3,1,1,16,1,2,1,1,2,1
SF,IC2009,2020-05-13 09:32:42.800,5207.2000,40700,-1,433254160.000,4,1,3,多平,S,5202.0000,5201.2000,5201.0000,5200.8000,5200.0000,5207.2000,5207.4000,5208.0000,5209.6000,5210.2000,1,1,17,1,3,1,1,1,2,1
SF,IC2009,2020-05-13 09:32:43.300,5207.2000,40700,0,433254160.000,0,-,-,-,-,5205.8000,5202.8000,5202.4000,5202.2000,5202.0000,5207.0000,5207.2000,5208.0000,5209.6000,5210.2000,5,1,1,2,1,2,1,1,2,1
SF,IC2009,2020-05-13 09:32:43.800,5205.8000,40701,1,438459960.000,5,3,2,空开,S,5202.8000,5202.2000,5202.0000,5201.2000,5201.0000,5205.6000,5205.8000,5206.4000,5206.8000,5207.0000,1,2,1,1,17,1,2,2,3,1
SF,IC2009,2020-05-13 09:32:44.300,5205.8000,40701,0,438459960.000,0,-,-,-,-,5203.2000,5203.0000,5202.2000,5201.2000,5201.0000,5205.4000,5205.6000,5205.8000,5206.4000,5206.8000,1,1,1,1,17,1,1,1,1,1
SF,IC2009,2020-05-13 09:32:44.800,5205.8000,40701,0,438459960.000,0,-,-,-,-,5205.4000,5203.4000,5203.2000,5202.2000,5201.2000,5205.6000,5205.8000,5206.8000,5207.0000,5208.0000,1,1,1,1,1,1,1,1,1,1
SF,IC2009,2020-05-13 09:32:45.300,5205.4000,40700,-1,439501040.000,1,0,1,双平,S,5203.4000,5202.2000,5201.2000,5201.0000,5200.8000,5205.4000,5205.6000,5206.8000,5207.0000,5208.0000,1,1,1,17,1,2,1,1,1,1
SF,IC2009,2020-05-13 09:32:45.800,5205.4000,40700,0,439501040.000,0,-,-,-,-,5203.6000,5203.4000,5202.2000,5201.2000,5201.0000,5205.4000,5205.6000,5207.0000,5208.0000,5210.2000,1,1,1,1,17,2,1,1,1,1
SF,IC2009,2020-05-13 09:32:46.300,5205.4000,40700,0,439501040.000,0,-,-,-,-,5203.8000,5203.6000,5202.2000,5201.2000,5201.0000,5205.4000,5205.6000,5207.0000,5208.0000,5210.2000,1,1,1,1,17,2,1,1,1,1
SF,IC2009,2020-05-13 09:32:46.800,5205.4000,40700,0,439501040.000,0,-,-,-,-,5203.8000,5202.2000,5201.2000,5201.0000,5200.8000,5205.2000,5205.4000,5205.6000,5207.0000,5208.0000,1,1,1,17,1,1,2,1,1,1
SF,IC2009,2020-05-13 09:32:47.300,5205.4000,40700,0,439501040.000,0,-,-,-,-,5203.2000,5202.2000,5201.2000,5201.0000,5200.8000,5205.0000,5205.4000,5205.6000,5207.0000,5208.0000,1,1,1,17,1,1,2,1,1,1
SF,IC2009,2020-05-13 09:32:47.800,5205.4000,40700,0,439501040.000,0,-,-,-,-,5203.2000,5202.2000,5201.2000,5201.0000,5200.8000,5204.8000,5205.4000,5205.6000,5207.0000,5208.0000,1,1,1,17,1,2,2,1,1,1
SF,IC2009,2020-05-13 09:32:48.300,5203.2000,40699,-1,440541680.000,1,0,1,双平,S,5202.2000,5201.2000,5201.0000,5200.8000,5200.0000,5203.2000,5204.8000,5205.4000,5205.6000,5207.0000,1,1,17,1,3,11,2,2,1,1
SF,IC2009,2020-05-13 09:32:48.800,5203.2000,40697,-2,442622960.000,2,0,2,双平,S,5201.2000,5201.0000,5200.8000,5200.0000,5197.2000,5203.2000,5204.8000,5205.4000,5207.0000,5208.0000,1,17,1,3,1,9,1,2,1,1
SF,IC2009,2020-05-13 09:32:49.300,5203.2000,40697,0,442622960.000,0,-,-,-,-,5201.8000,5201.4000,5201.2000,5201.0000,5200.8000,5203.2000,5204.8000,5205.4000,5205.8000,5207.0000,1,2,1,17,1,9,1,2,1,1
SF,IC2009,2020-05-13 09:32:49.800,5203.2000,40697,0,442622960.000,0,-,-,-,-,5201.8000,5201.4000,5201.2000,5201.0000,5200.8000,5203.0000,5203.2000,5204.8000,5205.4000,5205.8000,1,2,1,17,1,1,9,1,2,1
SF,IC2009,2020-05-13 09:32:50.300,5203.2000,40697,0,442622960.000,0,-,-,-,-,5201.8000,5201.4000,5201.2000,5201.0000,5200.8000,5203.2000,5204.8000,5205.4000,5205.8000,5207.0000,1,1,1,17,1,9,1,1,1,1
SF,IC2009,2020-05-13 09:32:50.800,5203.2000,40697,0,442622960.000,0,-,-,-,-,5201.8000,5201.4000,5201.2000,5201.0000,5200.8000,5203.2000,5204.8000,5205.4000,5205.8000,5207.0000,1,1,1,17,1,9,1,1,1,1
SF,IC2009,2020-05-13 09:32:51.800,5203.2000,40697,0,442622960.000,0,-,-,-,-,5202.0000,5201.8000,5201.4000,5201.2000,5201.0000,5203.0000,5203.2000,5204.8000,5205.4000,5205.8000,1,1,1,1,17,1,9,1,1,1
SF,IC2009,2020-05-13 09:32:52.300,5203.2000,40697,0,442622960.000,0,-,-,-,-,5202.0000,5201.8000,5201.4000,5201.2000,5201.0000,5203.2000,5204.8000,5205.0000,5205.4000,5205.8000,1,1,1,1,17,9,1,1,1,1
SF,IC2009,2020-05-13 09:32:52.800,5203.2000,40697,0,442622960.000,0,-,-,-,-,5202.0000,5201.8000,5201.4000,5201.2000,5201.0000,5203.0000,5203.2000,5204.8000,5205.4000,5205.8000,1,1,1,1,17,1,9,1,1,1
SF,IC2009,2020-05-13 09:32:53.300,5203.2000,40696,-1,443663600.000,1,0,1,双平,S,5203.0000,5202.0000,5201.4000,5201.2000,5201.0000,5203.2000,5204.8000,5205.4000,5205.8000,5207.0000,1,1,1,1,17,8,1,1,1,1
SF,IC2009,2020-05-13 09:32:53.800,5203.2000,40693,-3,447826120.000,4,0,4,多平,S,5203.0000,5202.0000,5201.4000,5201.2000,5201.0000,5203.2000,5204.8000,5205.4000,5205.8000,5207.0000,1,1,1,1,17,5,1,1,1,1
SF,IC2009,2020-05-13 09:32:54.300,5203.2000,40688,-5,453029320.000,5,0,5,双平,S,5203.2000,5203.0000,5202.0000,5201.4000,5201.2000,5204.8000,5205.4000,5205.8000,5207.0000,5208.0000,1,1,1,1,1,1,1,1,1,1
SF,IC2009,2020-05-13 09:32:54.800,5203.2000,40688,0,453029320.000,0,-,-,-,-,5203.2000,5203.0000,5202.4000,5202.2000,5202.0000,5204.6000,5204.8000,5205.8000,5207.0000,5208.0000,1,1,1,1,1,2,1,1,1,1
SF,IC2009,2020-05-13 09:32:55.300,5203.2000,40688,0,453029320.000,0,-,-,-,-,5203.2000,5203.0000,5202.4000,5202.2000,5202.0000,5204.6000,5204.8000,5205.8000,5207.0000,5208.0000,1,1,1,1,1,2,1,1,1,1
SF,IC2009,2020-05-13 09:32:55.800,5203.2000,40688,0,453029320.000,0,-,-,-,-,5203.2000,5203.0000,5202.4000,5202.2000,5202.0000,5204.4000,5204.6000,5205.8000,5207.0000,5208.0000,1,1,1,1,1,1,2,1,1,1
SF,IC2009,2020-05-13 09:32:56.300,5203.2000,40688,0,453029320.000,0,-,-,-,-,5203.2000,5203.0000,5202.4000,5202.2000,5202.0000,5204.2000,5204.4000,5205.8000,5207.0000,5208.0000,1,1,1,1,1,2,1,1,1,1
SF,IC2009,2020-05-13 09:32:57.800,5203.2000,40688,0,453029320.000,0,-,-,-,-,5203.2000,5203.0000,5202.4000,5202.2000,5202.0000,5204.2000,5204.4000,5205.8000,5207.0000,5208.0000,1,1,1,1,1,2,1,1,1,1
SF,IC2009,2020-05-13 09:32:58.300,5203.2000,40688,0,453029320.000,0,-,-,-,-,5203.2000,5203.0000,5202.4000,5202.2000,5202.0000,5204.2000,5205.8000,5207.0000,5208.0000,5210.2000,1,1,1,1,1,1,1,1,1,1
SF,IC2009,2020-05-13 09:32:58.800,5203.2000,40688,0,453029320.000,0,-,-,-,-,5203.2000,5203.0000,5202.4000,5202.2000,5202.0000,5204.2000,5205.8000,5207.0000,5208.0000,5210.2000,1,1,1,1,1,1,1,1,1,1
SF,IC2009,2020-05-13 09:32:59.300,5204.2000,40686,-2,455110920.000,2,0,2,双平,S,5203.2000,5203.0000,5202.4000,5202.2000,5202.0000,5205.8000,5207.0000,5210.2000,5211.8000,5212.0000,1,1,1,1,1,1,1,1,1,2
SF,IC2009,2020-05-13 09:32:59.800,5204.2000,40686,0,455110920.000,0,-,-,-,-,5203.4000,5203.2000,5203.0000,5202.4000,5202.2000,5205.6000,5205.8000,5207.0000,5210.2000,5211.8000,2,1,1,1,1,1,1,1,1,1
SF,IC2009,2020-05-13 09:33:01.300,5204.2000,40686,0,455110920.000,0,-,-,-,-,5203.4000,5203.2000,5203.0000,5202.4000,5202.2000,5205.4000,5205.6000,5205.8000,5207.0000,5210.2000,2,1,1,1,1,1,1,1,1,1
SF,IC2009,2020-05-13 09:33:01.800,5204.2000,40686,0,455110920.000,0,-,-,-,-,5203.2000,5203.0000,5202.4000,5202.2000,5202.0000,5205.2000,5205.4000,5205.8000,5207.0000,5210.2000,1,1,1,1,1,2,1,1,1,1
SF,IC2009,2020-05-13 09:33:02.300,5203.4000,40683,-3,458233280.000,3,0,3,双平,S,5203.2000,5203.0000,5202.4000,5202.2000,5202.0000,5205.2000,5205.8000,5207.0000,5210.2000,5211.8000,1,1,1,1,1,2,1,1,1,1
SF,IC2009,2020-05-13 09:33:02.800,5203.4000,40683,0,458233280.000,0,-,-,-,-,5203.4000,5203.2000,5203.0000,5202.4000,5202.2000,5205.2000,5205.8000,5207.0000,5210.2000,5211.8000,1,1,1,1,1,2,1,1,1,1
SF,IC2009,2020-05-13 09:33:03.300,5205.2000,40682,-1,459274320.000,1,0,1,双平,S,5203.4000,5203.2000,5203.0000,5202.4000,5202.2000,5205.2000,5205.8000,5207.0000,5210.2000,5211.8000,2,1,1,1,1,1,1,1,1,1
SF,IC2009,2020-05-13 09:33:03.800,5203.4000,40680,-2,461355720.000,2,0,2,双平,S,5203.4000,5203.2000,5203.0000,5202.4000,5202.2000,5205.0000,5205.2000,5205.8000,5207.0000,5210.2000,1,1,1,1,1,1,1,1,1,1
SF,IC2009,2020-05-13 09:33:04.300,5203.4000,40680,0,461355720.000,0,-,-,-,-,5203.2000,5203.0000,5202.4000,5202.2000,5202.0000,5204.8000,5205.2000,5205.8000,5207.0000,5210.2000,1,1,1,1,1,1,1,1,1,1
SF,IC2009,2020-05-13 09:33:04.800,5203.4000,40680,0,461355720.000,0,-,-,-,-,5203.2000,5203.0000,5202.4000,5202.2000,5202.0000,5204.6000,5205.2000,5205.8000,5207.0000,5210.2000,1,1,1,1,1,1,1,1,1,1
SF,IC2009,2020-05-13 09:33:05.300,5203.4000,40680,0,461355720.000,0,-,-,-,-,5203.2000,5203.0000,5202.4000,5202.2000,5202.0000,5204.4000,5205.2000,5205.8000,5207.0000,5210.2000,1,1,1,1,1,1,1,1,1,1
SF,IC2009,2020-05-13 09:33:05.800,5203.4000,40680,0,461355720.000,0,-,-,-,-,5203.2000,5203.0000,5202.4000,5202.2000,5202.0000,5204.2000,5205.2000,5205.8000,5207.0000,5210.2000,1,1,1,1,1,1,1,1,1,1
SF,IC2009,2020-05-13 09:33:06.300,5203.0000,40678,-2,463436960.000,2,0,2,双平,S,5202.4000,5202.2000,5202.0000,5201.4000,5201.2000,5203.0000,5204.0000,5205.2000,5205.8000,5207.0000,1,1,1,1,1,1,1,1,1,1
SF,IC2009,2020-05-13 09:33:06.800,5203.0000,40678,0,463436960.000,0,-,-,-,-,5202.2000,5202.0000,5201.4000,5201.2000,5201.0000,5202.8000,5203.0000,5204.6000,5205.2000,5205.8000,1,1,1,1,17,2,1,1,1,1
SF,IC2009,2020-05-13 09:33:07.300,5202.2000,40678,0,464477400.000,1,0,1,多换,S,5202.0000,5201.4000,5201.2000,5201.0000,5200.8000,5202.8000,5203.0000,5204.4000,5204.6000,5205.2000,1,1,1,17,1,2,1,1,1,1
SF,IC2009,2020-05-13 09:33:07.800,5202.2000,40678,0,464477400.000,0,-,-,-,-,5202.0000,5201.4000,5201.2000,5201.0000,5200.8000,5202.6000,5202.8000,5203.0000,5203.8000,5204.4000,1,1,1,17,1,1,2,1,1,1
SF,IC2009,2020-05-13 09:33:08.300,5202.0000,40677,-1,465517800.000,1,0,1,双平,S,5201.4000,5201.2000,5201.0000,5200.8000,5200.4000,5202.0000,5202.4000,5202.8000,5203.0000,5203.8000,1,1,17,1,1,2,1,2,1,1
SF,IC2009,2020-05-13 09:33:08.800,5201.0000,40676,-1,474879640.000,9,4,5,多平,S,5201.0000,5200.8000,5200.4000,5200.0000,5196.4000,5201.4000,5201.8000,5202.8000,5203.0000,5203.8000,9,1,1,3,5,1,1,2,1,1
SF,IC2009,2020-05-13 09:33:09.300,5201.2000,40676,0,481120880.000,6,3,3,多换,S,5201.0000,5200.8000,5200.4000,5200.0000,5196.4000,5202.8000,5203.0000,5204.4000,5205.2000,5205.8000,4,1,1,3,5,2,1,1,1,1
SF,IC2009,2020-05-13 09:33:09.800,5201.0000,40676,0,482161080.000,1,0,1,多换,S,5201.0000,5200.8000,5200.4000,5200.0000,5196.4000,5202.0000,5202.6000,5202.8000,5203.0000,5204.4000,3,1,1,4,5,2,2,2,1,1
SF,IC2009,2020-05-13 09:33:10.300,5201.0000,40674,-2,486321880.000,4,1,3,多平,S,5200.8000,5200.4000,5200.0000,5196.4000,5195.0000,5201.8000,5202.0000,5202.8000,5203.0000,5204.4000,1,1,4,5,1,2,2,2,1,1
SF,IC2009,2020-05-13 09:33:10.800,5201.0000,40674,0,486321880.000,0,-,-,-,-,5200.8000,5200.4000,5200.0000,5198.8000,5196.4000,5201.8000,5202.0000,5202.8000,5203.0000,5204.4000,1,1,4,1,5,2,3,2,1,1
SF,IC2009,2020-05-13 09:33:11.300,5201.0000,40674,0,486321880.000,0,-,-,-,-,5200.8000,5200.4000,5200.0000,5198.8000,5196.4000,5201.8000,5202.0000,5202.8000,5203.0000,5204.4000,1,1,4,1,5,2,3,2,1,1
SF,IC2009,2020-05-13 09:33:11.800,5201.0000,40674,0,486321880.000,0,-,-,-,-,5200.8000,5200.4000,5200.0000,5198.8000,5196.4000,5201.8000,5202.0000,5202.8000,5203.0000,5205.8000,1,1,4,1,5,2,3,2,1,1
SF,IC2009,2020-05-13 09:33:12.300,5201.0000,40674,0,486321880.000,0,-,-,-,-,5200.8000,5200.4000,5200.0000,5198.8000,5196.4000,5201.8000,5202.0000,5202.8000,5203.0000,5205.0000,1,1,4,1,5,2,3,2,1,1
SF,IC2009,2020-05-13 09:33:12.800,5200.8000,40674,0,487362040.000,1,0,1,多换,S,5200.4000,5200.0000,5198.8000,5196.4000,5195.0000,5201.8000,5202.0000,5202.8000,5203.0000,5205.0000,1,4,1,5,1,2,2,2,1,1
SF,IC2009,2020-05-13 09:33:13.300,5201.8000,40673,-1,489442760.000,2,0,2,多平,S,5200.8000,5200.4000,5200.0000,5198.8000,5196.4000,5202.0000,5202.8000,5203.0000,5205.0000,5205.8000,1,1,4,1,5,2,2,1,1,1
SF,IC2009,2020-05-13 09:33:13.800,5201.8000,40673,0,489442760.000,0,-,-,-,-,5200.4000,5200.0000,5198.8000,5196.4000,5195.0000,5202.0000,5202.8000,5203.0000,5205.0000,5205.8000,1,4,1,5,1,3,2,1,1,1
SF,IC2009,2020-05-13 09:33:14.300,5201.8000,40673,0,489442760.000,0,-,-,-,-,5200.4000,5200.0000,5198.8000,5196.4000,5195.0000,5201.8000,5202.0000,5202.8000,5203.0000,5205.0000,1,4,1,5,1,2,4,2,1,1
SF,IC2009,2020-05-13 09:33:14.800,5201.8000,40673,0,489442760.000,0,-,-,-,-,5200.4000,5200.0000,5198.8000,5196.4000,5195.0000,5201.8000,5202.0000,5202.8000,5203.0000,5205.0000,1,4,1,5,1,2,4,2,1,1
SF,IC2009,2020-05-13 09:33:15.300,5201.8000,40673,0,489442760.000,0,-,-,-,-,5200.4000,5200.0000,5198.8000,5196.4000,5195.0000,5201.8000,5202.0000,5202.8000,5203.0000,5205.0000,1,4,1,5,1,2,4,2,1,1
SF,IC2009,2020-05-13 09:33:15.800,5201.8000,40673,0,489442760.000,0,-,-,-,-,5200.4000,5200.0000,5198.8000,5196.4000,5195.0000,5201.6000,5201.8000,5202.0000,5202.8000,5203.0000,1,4,1,5,1,1,2,4,2,1
SF,IC2009,2020-05-13 09:33:16.300,5201.8000,40673,0,489442760.000,0,-,-,-,-,5200.6000,5200.4000,5200.0000,5198.8000,5196.4000,5201.6000,5201.8000,5202.0000,5202.8000,5203.0000,1,1,4,1,5,1,2,4,2,1
SF,IC2009,2020-05-13 09:33:17.300,5200.6000,40672,-1,490482880.000,1,0,1,双平,S,5200.4000,5200.0000,5198.8000,5196.4000,5195.0000,5201.6000,5201.8000,5202.0000,5202.8000,5203.0000,1,4,1,5,1,1,2,4,2,1
SF,IC2009,2020-05-13 09:33:17.800,5200.6000,40672,0,490482880.000,0,-,-,-,-,5200.4000,5200.0000,5198.8000,5196.4000,5195.0000,5201.4000,5201.6000,5201.8000,5202.0000,5202.8000,1,4,1,5,1,2,1,1,4,2
SF,IC2009,2020-05-13 09:33:18.300,5200.6000,40672,0,490482880.000,0,-,-,-,-,5200.4000,5200.0000,5198.8000,5196.4000,5195.0000,5201.4000,5201.6000,5201.8000,5202.0000,5202.8000,1,4,1,5,1,2,1,1,4,2
SF,IC2009,2020-05-13 09:33:18.800,5200.6000,40672,0,490482880.000,0,-,-,-,-,5200.4000,5200.0000,5198.8000,5196.4000,5195.0000,5200.6000,5201.4000,5201.6000,5201.8000,5202.0000,1,4,1,5,1,1,1,1,1,4
SF,IC2009,2020-05-13 09:33:19.300,5200.6000,40672,0,491523000.000,1,0,1,多换,S,5200.8000,5200.6000,5200.4000,5200.0000,5198.8000,5201.4000,5201.6000,5201.8000,5202.0000,5202.8000,2,2,1,4,1,1,1,1,4,2
SF,IC2009,2020-05-13 09:33:19.800,5200.6000,40672,0,491523000.000,0,-,-,-,-,5200.8000,5200.6000,5200.4000,5200.0000,5198.8000,5201.6000,5201.8000,5202.0000,5202.8000,5205.0000,2,1,1,4,1,1,1,4,2,1
SF,IC2009,2020-05-13 09:33:20.800,5200.6000,40672,0,491523000.000,0,-,-,-,-,5200.8000,5200.6000,5200.4000,5200.0000,5198.8000,5201.6000,5201.8000,5202.0000,5202.2000,5202.8000,2,1,1,4,1,1,1,4,2,2
SF,IC2009,2020-05-13 09:33:21.300,5200.6000,40671,-1,492563120.000,1,0,1,双平,S,5200.8000,5200.6000,5200.4000,5200.0000,5198.8000,5201.6000,5201.8000,5202.0000,5202.2000,5202.8000,1,1,1,4,1,1,1,4,2,2
SF,IC2009,2020-05-13 09:33:21.800,5200.8000,40671,0,493603280.000,1,0,1,多换,S,5200.0000,5198.8000,5196.4000,5195.0000,5194.8000,5201.4000,5201.6000,5201.8000,5202.0000,5202.2000,4,1,5,1,1,3,1,1,3,2
SF,IC2009,2020-05-13 09:33:22.300,5200.8000,40671,0,493603280.000,0,-,-,-,-,5200.0000,5198.8000,5196.4000,5195.0000,5194.8000,5200.8000,5201.2000,5201.4000,5201.6000,5201.8000,4,1,5,1,1,1,1,3,1,2
SF,IC2009,2020-05-13 09:33:22.800,5200.8000,40671,0,493603280.000,0,-,-,-,-,5200.0000,5198.8000,5196.4000,5195.2000,5195.0000,5200.6000,5200.8000,5201.2000,5201.4000,5201.6000,3,1,5,1,1,1,1,1,2,1
SF,IC2009,2020-05-13 09:33:23.300,5200.8000,40671,0,493603280.000,0,-,-,-,-,5200.0000,5198.8000,5196.4000,5195.2000,5195.0000,5200.6000,5200.8000,5201.2000,5201.4000,5201.6000,3,1,5,1,1,1,1,1,2,1
SF,IC2009,2020-05-13 09:33:23.800,5200.8000,40672,1,494643440.000,1,1,0,双开,S,5200.0000,5198.8000,5196.4000,5195.2000,5195.0000,5200.8000,5201.2000,5201.4000,5201.6000,5201.8000,3,1,5,1,1,1,1,2,1,2
SF,IC2009,2020-05-13 09:33:24.300,5200.8000,40671,-1,495683600.000,1,0,1,双平,S,5200.6000,5200.0000,5198.8000,5196.4000,5195.2000,5200.8000,5201.2000,5201.4000,5201.6000,5201.8000,1,3,1,5,1,1,1,2,1,2
SF,IC2009,2020-05-13 09:33:24.800,5200.6000,40670,-1,496723720.000,1,0,1,双平,S,5200.0000,5198.8000,5196.4000,5195.2000,5195.0000,5200.6000,5200.8000,5201.2000,5201.4000,5201.6000,3,1,5,1,1,1,2,1,1,1
SF,IC2009,2020-05-13 09:33:25.300,5200.0000,40670,0,497763720.000,1,0,1,多换,S,5200.0000,5198.8000,5198.0000,5196.4000,5195.2000,5200.6000,5200.8000,5201.2000,5201.4000,5201.6000,2,1,1,5,1,1,2,1,2,1
SF,IC2009,2020-05-13 09:33:25.800,5200.0000,40668,-2,499843720.000,2,0,2,双平,S,5200.0000,5198.8000,5198.0000,5196.4000,5195.2000,5200.6000,5200.8000,5201.2000,5201.4000,5201.6000,2,1,1,5,1,1,2,1,2,1
SF,IC2009,2020-05-13 09:33:26.300,5200.0000,40667,-1,500883720.000,1,0,1,双平,S,5200.0000,5198.8000,5198.0000,5196.4000,5195.2000,5200.6000,5200.8000,5201.2000,5201.4000,5201.6000,1,1,1,5,1,1,2,1,2,1
SF,IC2009,2020-05-13 09:33:26.800,5200.6000,40666,-1,502963840.000,2,0,2,多平,S,5198.8000,5198.0000,5196.4000,5195.2000,5195.0000,5200.8000,5201.2000,5201.4000,5201.6000,5201.8000,1,1,5,1,1,2,1,2,1,2
SF,IC2009,2020-05-13 09:33:27.300,5200.6000,40666,0,502963840.000,0,-,-,-,-,5198.8000,5198.0000,5197.2000,5196.4000,5195.2000,5200.6000,5200.8000,5201.4000,5201.6000,5201.8000,1,1,1,5,1,2,2,1,1,2
SF,IC2009,2020-05-13 09:33:27.800,5200.6000,40666,0,504003960.000,1,0,1,多换,S,5198.8000,5198.0000,5197.2000,5196.4000,5195.2000,5200.6000,5200.8000,5201.4000,5201.6000,5201.8000,1,1,1,5,1,1,2,1,1,2
SF,IC2009,2020-05-13 09:33:28.300,5200.6000,40666,0,504003960.000,0,-,-,-,-,5198.8000,5198.0000,5197.2000,5196.4000,5195.2000,5199.8000,5200.4000,5200.6000,5200.8000,5201.4000,1,1,1,5,1,5,2,1,2,1
SF,IC2009,2020-05-13 09:33:28.800,5198.8000,40665,-1,506083680.000,2,0,2,多平,S,5198.0000,5197.2000,5196.4000,5196.0000,5195.2000,5199.8000,5200.4000,5200.6000,5200.8000,5201.4000,1,1,5,1,1,4,2,1,2,1
SF,IC2009,2020-05-13 09:33:29.300,5198.0000,40660,-5,512322160.000,6,0,6,多平,S,5197.2000,5196.4000,5196.0000,5195.2000,5195.0000,5199.8000,5200.4000,5200.6000,5200.8000,5201.4000,1,5,1,1,1,3,2,1,2,1
SF,IC2009,2020-05-13 09:33:29.800,5198.0000,40660,0,512322160.000,0,-,-,-,-,5197.4000,5197.2000,5196.4000,5196.0000,5195.2000,5199.8000,5200.4000,5200.6000,5200.8000,5201.4000,1,1,5,1,1,3,2,1,2,1
SF,IC2009,2020-05-13 09:33:30.300,5198.0000,40660,0,513361760.000,1,0,1,多换,S,5197.8000,5197.4000,5197.2000,5196.4000,5196.0000,5199.8000,5200.4000,5200.6000,5200.8000,5201.4000,1,1,1,5,1,3,2,1,2,1
SF,IC2009,2020-05-13 09:33:30.800,5198.0000,40660,0,514401360.000,1,0,1,多换,S,5198.0000,5197.2000,5196.4000,5196.0000,5195.2000,5199.8000,5200.4000,5200.6000,5200.8000,5201.4000,1,1,5,1,1,3,2,1,2,1
SF,IC2009,2020-05-13 09:33:31.300,5198.0000,40660,0,514401360.000,0,-,-,-,-,5198.0000,5197.2000,5196.4000,5196.0000,5195.2000,5199.6000,5199.8000,5200.4000,5200.8000,5201.4000,1,1,5,1,1,1,3,2,2,1
SF,IC2009,2020-05-13 09:33:31.800,5198.0000,40660,0,514401360.000,0,-,-,-,-,5198.2000,5198.0000,5197.2000,5196.4000,5196.0000,5199.8000,5200.4000,5200.8000,5201.4000,5201.6000,2,1,1,5,1,3,2,2,1,1
SF,IC2009,2020-05-13 09:33:32.300,5198.0000,40659,-1,515440960.000,1,0,1,双平,S,5198.2000,5198.0000,5197.2000,5196.4000,5196.0000,5199.8000,5200.4000,5200.8000,5201.4000,5201.6000,1,1,1,5,1,3,2,2,1,1
SF,IC2009,2020-05-13 09:33:32.800,5200.4000,40657,-2,520641000.000,5,1,4,多平,S,5200.0000,5199.8000,5198.4000,5198.2000,5198.0000,5200.8000,5201.4000,5201.6000,5201.8000,5202.0000,1,1,1,1,1,1,1,1,2,2
SF,IC2009,2020-05-13 09:33:33.300,5201.6000,40656,-1,523761760.000,3,1,2,多平,S,5200.8000,5200.0000,5198.4000,5198.2000,5198.0000,5201.8000,5202.0000,5202.2000,5204.6000,5205.0000,2,1,1,2,1,2,1,2,1,1
SF,IC2009,2020-05-13 09:33:33.800,5202.2000,40653,-3,527923320.000,4,0,4,多平,S,5202.0000,5200.8000,5200.0000,5198.4000,5198.2000,5202.2000,5204.6000,5205.0000,5205.8000,5208.4000,1,1,1,1,2,1,1,1,1,5
SF,IC2009,2020-05-13 09:33:34.300,5202.2000,40652,-1,528963760.000,1,0,1,双平,S,5202.4000,5202.2000,5202.0000,5200.8000,5200.0000,5204.6000,5205.8000,5208.4000,5209.8000,5210.2000,1,1,1,1,1,1,1,5,1,1
SF,IC2009,2020-05-13 09:33:34.800,5202.2000,40652,0,528963760.000,0,-,-,-,-,5202.4000,5202.2000,5202.0000,5200.8000,5198.4000,5204.2000,5204.4000,5204.6000,5205.8000,5208.4000,1,1,1,1,1,1,2,1,1,5
SF,IC2009,2020-05-13 09:33:35.300,5202.2000,40652,0,528963760.000,0,-,-,-,-,5202.2000,5202.0000,5200.8000,5198.4000,5198.2000,5204.0000,5204.2000,5204.4000,5204.6000,5205.8000,1,1,1,1,2,1,1,1,1,1
SF,IC2009,2020-05-13 09:33:35.800,5202.2000,40652,0,528963760.000,0,-,-,-,-,5200.8000,5198.4000,5198.2000,5198.0000,5196.4000,5202.2000,5203.4000,5203.6000,5203.8000,5204.0000,1,1,2,1,5,1,1,1,2,1
SF,IC2009,2020-05-13 09:33:36.300,5202.2000,40652,0,528963760.000,0,-,-,-,-,5201.0000,5200.8000,5198.4000,5198.2000,5198.0000,5202.2000,5203.6000,5203.8000,5204.0000,5204.6000,1,1,1,2,1,1,1,2,1,1
SF,IC2009,2020-05-13 09:33:36.800,5200.8000,40652,0,531044120.000,2,1,1,多换,S,5198.4000,5198.2000,5198.0000,5196.4000,5195.2000,5201.8000,5202.0000,5202.2000,5203.6000,5203.8000,1,2,1,5,1,1,2,1,1,3
SF,IC2009,2020-05-13 09:33:37.300,5200.8000,40652,0,531044120.000,0,-,-,-,-,5198.6000,5198.4000,5198.2000,5198.0000,5196.4000,5201.6000,5202.0000,5202.2000,5203.6000,5203.8000,3,1,1,3,5,1,1,1,1,3
SF,IC2009,2020-05-13 09:33:37.800,5200.8000,40652,0,531044120.000,0,-,-,-,-,5198.6000,5198.0000,5196.4000,5195.2000,5195.0000,5201.6000,5202.0000,5202.2000,5203.6000,5203.8000,3,3,5,1,1,1,1,1,1,3
SF,IC2009,2020-05-13 09:33:38.300,5200.8000,40652,0,531044120.000,0,-,-,-,-,5199.2000,5198.6000,5198.0000,5196.4000,5195.2000,5201.6000,5202.0000,5202.2000,5203.6000,5203.8000,1,1,3,5,1,1,1,1,1,3
SF,IC2009,2020-05-13 09:33:38.800,5200.8000,40652,0,531044120.000,0,-,-,-,-,5199.4000,5198.0000,5197.4000,5196.4000,5195.2000,5201.2000,5201.6000,5202.0000,5202.2000,5203.6000,1,3,2,5,1,2,1,1,1,1
SF,IC2009,2020-05-13 09:33:39.300,5200.8000,40652,0,531044120.000,0,-,-,-,-,5200.0000,5199.4000,5198.0000,5197.4000,5196.4000,5201.2000,5201.6000,5202.0000,5202.2000,5203.6000,1,1,3,2,5,2,1,1,1,1
SF,IC2009,2020-05-13 09:33:39.800,5201.2000,40650,-2,533124600.000,2,0,2,双平,S,5200.2000,5200.0000,5198.0000,5197.4000,5196.4000,5202.2000,5203.6000,5203.8000,5204.6000,5205.8000,3,1,3,2,5,1,1,1,1,1
SF,IC2009,2020-05-13 09:33:40.300,5200.4000,40649,-1,534164680.000,1,0,1,双平,S,5200.4000,5200.2000,5200.0000,5198.0000,5197.4000,5202.2000,5203.6000,5203.8000,5204.2000,5204.6000,2,1,1,3,2,1,1,1,1,1
SF,IC2009,2020-05-13 09:33:40.800,5200.4000,40649,0,534164680.000,0,-,-,-,-,5201.2000,5200.6000,5200.4000,5200.0000,5198.0000,5202.2000,5203.6000,5203.8000,5204.2000,5204.6000,1,1,2,1,3,1,1,1,1,1
SF,IC2009,2020-05-13 09:33:41.300,5200.4000,40649,0,534164680.000,0,-,-,-,-,5201.2000,5200.6000,5200.0000,5198.0000,5197.4000,5202.2000,5203.6000,5203.8000,5204.2000,5204.6000,1,1,1,3,2,1,1,1,1,1
SF,IC2009,2020-05-13 09:33:41.800,5202.2000,40648,-1,535205120.000,1,0,1,双平,S,5202.2000,5201.2000,5200.6000,5200.0000,5198.0000,5203.6000,5203.8000,5204.2000,5204.6000,5205.8000,1,1,1,1,3,1,1,1,1,1
SF,IC2009,2020-05-13 09:33:42.300,5202.2000,40647,-1,536245560.000,1,0,1,双平,S,5201.2000,5200.6000,5200.0000,5198.0000,5197.4000,5202.2000,5203.4000,5203.6000,5203.8000,5204.2000,1,1,1,3,2,1,1,1,2,1
SF,IC2009,2020-05-13 09:33:42.800,5202.2000,40647,0,536245560.000,0,-,-,-,-,5201.2000,5200.6000,5200.0000,5199.0000,5198.0000,5202.2000,5203.4000,5203.6000,5203.8000,5204.2000,1,1,1,1,3,1,1,1,2,1
SF,IC2009,2020-05-13 09:33:43.300,5202.2000,40647,0,536245560.000,0,-,-,-,-,5201.2000,5200.6000,5200.0000,5199.0000,5198.0000,5202.2000,5203.4000,5203.6000,5203.8000,5204.2000,1,1,1,1,3,1,1,1,2,1
SF,IC2009,2020-05-13 09:33:43.800,5201.2000,40647,0,537285800.000,1,0,1,多换,S,5200.6000,5200.0000,5199.0000,5198.0000,5197.6000,5201.2000,5203.4000,5203.6000,5203.8000,5204.2000,1,1,1,3,1,1,1,1,2,1
SF,IC2009,2020-05-13 09:33:44.300,5201.2000,40647,0,537285800.000,0,-,-,-,-,5200.0000,5199.0000,5198.0000,5197.6000,5197.4000,5201.2000,5203.4000,5203.6000,5203.8000,5205.8000,1,1,3,1,2,1,1,1,2,1
SF,IC2009,2020-05-13 09:33:44.800,5201.2000,40648,1,538326040.000,1,1,0,双开,S,5200.2000,5200.0000,5199.0000,5198.0000,5197.6000,5203.4000,5203.6000,5203.8000,5205.8000,5208.4000,3,1,1,3,1,1,1,2,1,5
SF,IC2009,2020-05-13 09:33:45.300,5201.2000,40648,0,538326040.000,0,-,-,-,-,5200.2000,5200.0000,5199.0000,5198.0000,5197.6000,5202.0000,5202.8000,5203.2000,5203.4000,5203.8000,1,1,1,3,1,1,1,1,1,2
SF,IC2009,2020-05-13 09:33:45.800,5202.8000,40647,-1,540407000.000,2,0,2,多平,S,5202.0000,5200.6000,5200.2000,5200.0000,5199.0000,5203.2000,5203.4000,5203.8000,5205.8000,5208.4000,1,1,1,1,1,1,1,2,1,5
SF,IC2009,2020-05-13 09:33:46.300,5202.8000,40647,0,540407000.000,0,-,-,-,-,5202.0000,5200.2000,5200.0000,5199.0000,5198.0000,5203.4000,5203.8000,5205.8000,5208.4000,5209.8000,1,2,1,1,3,1,2,1,5,1
SF,IC2009,2020-05-13 09:33:46.800,5202.8000,40647,0,540407000.000,0,-,-,-,-,5202.4000,5202.0000,5200.2000,5200.0000,5199.0000,5203.4000,5205.8000,5208.4000,5209.8000,5210.2000,1,1,2,1,1,1,1,5,1,1
SF,IC2009,2020-05-13 09:33:47.300,5203.4000,40646,-1,541447680.000,1,0,1,双平,S,5203.4000,5202.4000,5202.0000,5200.2000,5200.0000,5205.8000,5208.4000,5209.8000,5210.2000,5212.0000,1,1,1,2,1,1,5,1,1,1
SF,IC2009,2020-05-13 09:33:47.800,5203.4000,40645,-1,542488360.000,1,0,1,双平,S,5202.0000,5200.2000,5200.0000,5199.0000,5198.0000,5203.2000,5203.4000,5203.8000,5205.2000,5205.6000,1,2,1,1,3,2,1,2,3,1
SF,IC2009,2020-05-13 09:33:48.300,5203.8000,40643,-2,545610480.000,3,0,3,多平,S,5202.2000,5202.0000,5200.2000,5200.0000,5199.0000,5205.2000,5205.6000,5205.8000,5209.8000,5210.2000,3,1,1,1,1,3,1,2,1,1
SF,IC2009,2020-05-13 09:33:48.800,5203.8000,40643,0,545610480.000,0,-,-,-,-,5202.4000,5202.2000,5202.0000,5200.2000,5200.0000,5204.8000,5205.0000,5205.2000,5205.8000,5209.8000,1,3,1,1,1,1,1,3,2,1
SF,IC2009,2020-05-13 09:33:49.300,5202.8000,40643,0,546651040.000,1,0,1,多换,S,5202.8000,5202.6000,5202.4000,5202.0000,5200.2000,5204.6000,5204.8000,5205.8000,5209.8000,5210.2000,1,1,1,1,1,1,1,1,1,1
SF,IC2009,2020-05-13 09:33:49.800,5202.8000,40642,-1,547691600.000,1,0,1,双平,S,5203.0000,5202.8000,5202.4000,5202.0000,5200.2000,5204.8000,5205.8000,5209.8000,5210.2000,5212.0000,2,1,1,1,1,1,1,1,1,1
SF,IC2009,2020-05-13 09:33:50.800,5202.8000,40642,0,547691600.000,0,-,-,-,-,5203.0000,5202.8000,5202.4000,5202.0000,5200.2000,5204.8000,5205.8000,5209.8000,5210.2000,5212.0000,2,1,1,1,1,1,1,1,1,1
SF,IC2009,2020-05-13 09:33:51.300,5202.8000,40642,0,547691600.000,0,-,-,-,-,5203.0000,5202.8000,5202.4000,5202.0000,5200.2000,5205.8000,5209.8000,5210.2000,5212.0000,5212.8000,1,1,1,1,1,1,1,1,1,1
SF,IC2009,2020-05-13 09:33:51.800,5202.8000,40642,0,547691600.000,0,-,-,-,-,5203.2000,5203.0000,5202.0000,5200.2000,5200.0000,5204.8000,5205.2000,5205.4000,5205.6000,5205.8000,1,1,1,1,1,1,3,1,1,1
SF,IC2009,2020-05-13 09:33:52.300,5202.8000,40642,0,547691600.000,0,-,-,-,-,5203.0000,5202.0000,5200.2000,5200.0000,5199.0000,5204.6000,5204.8000,5205.2000,5205.8000,5209.8000,1,1,1,1,1,1,1,3,1,1
SF,IC2009,2020-05-13 09:33:52.800,5202.8000,40642,0,547691600.000,0,-,-,-,-,5202.0000,5200.2000,5200.0000,5199.0000,5198.0000,5204.6000,5204.8000,5205.2000,5205.8000,5209.8000,1,1,1,1,3,1,1,3,1,1
SF,IC2009,2020-05-13 09:33:53.300,5202.8000,40642,0,547691600.000,0,-,-,-,-,5202.2000,5202.0000,5200.2000,5200.0000,5199.0000,5204.6000,5204.8000,5205.2000,5205.8000,5209.8000,2,1,1,1,1,1,1,3,1,1
SF,IC2009,2020-05-13 09:33:53.800,5202.8000,40642,0,547691600.000,0,-,-,-,-,5202.2000,5202.0000,5200.2000,5200.0000,5199.0000,5204.6000,5204.8000,5205.2000,5205.8000,5209.8000,2,1,1,1,1,1,1,3,1,1
SF,IC2009,2020-05-13 09:33:54.300,5204.6000,40642,0,548732520.000,1,0,1,多换,S,5202.6000,5202.2000,5202.0000,5200.2000,5200.0000,5204.8000,5205.2000,5205.8000,5209.8000,5210.2000,1,2,1,1,1,1,3,1,1,1
SF,IC2009,2020-05-13 09:33:54.800,5204.6000,40642,0,548732520.000,0,-,-,-,-,5202.8000,5202.6000,5202.2000,5202.0000,5200.2000,5204.8000,5205.8000,5209.8000,5210.2000,5212.0000,1,1,1,1,1,1,1,1,1,1
SF,IC2009,2020-05-13 09:33:55.300,5204.8000,40641,-1,549773480.000,1,0,1,双平,S,5203.0000,5202.8000,5202.2000,5202.0000,5200.2000,5205.8000,5209.8000,5210.2000,5212.0000,5212.8000,2,1,1,1,1,1,1,1,1,1
SF,IC2009,2020-05-13 09:33:55.800,5204.8000,40641,0,549773480.000,0,-,-,-,-,5203.4000,5203.2000,5203.0000,5202.0000,5200.2000,5205.6000,5205.8000,5209.8000,5210.2000,5212.0000,1,2,1,1,1,1,1,1,1,1
SF,IC2009,2020-05-13 09:33:56.300,5205.8000,40640,-1,551855760.000,2,0,2,多平,S,5203.8000,5203.6000,5203.4000,5203.2000,5202.0000,5209.8000,5210.2000,5212.0000,5212.8000,5213.6000,1,1,1,2,1,1,1,1,1,1
SF,IC2009,2020-05-13 09:33:56.800,5205.8000,40640,0,551855760.000,0,-,-,-,-,5204.0000,5203.2000,5202.0000,5200.2000,5200.0000,5206.4000,5207.2000,5207.8000,5208.0000,5208.4000,4,1,1,1,2,1,2,2,2,1
SF,IC2009,2020-05-13 09:33:57.300,5205.8000,40640,0,551855760.000,0,-,-,-,-,5205.2000,5204.6000,5204.4000,5204.0000,5203.8000,5206.4000,5207.2000,5207.8000,5208.0000,5209.6000,1,1,1,3,1,1,2,2,2,1
SF,IC2009,2020-05-13 09:33:57.800,5205.8000,40640,0,551855760.000,0,-,-,-,-,5205.4000,5205.2000,5204.6000,5204.0000,5203.8000,5206.4000,5207.2000,5207.8000,5208.0000,5209.6000,1,1,1,3,1,1,2,2,2,1
SF,IC2009,2020-05-13 09:33:58.300,5206.4000,40639,-1,552897040.000,1,0,1,双平,S,5205.4000,5205.2000,5204.6000,5204.0000,5203.8000,5207.8000,5208.0000,5209.6000,5209.8000,5210.0000,1,1,1,3,1,2,2,1,3,1
SF,IC2009,2020-05-13 09:33:58.800,5206.4000,40639,0,552897040.000,0,-,-,-,-,5205.8000,5205.6000,5205.2000,5204.6000,5204.0000,5207.6000,5208.0000,5209.8000,5210.0000,5210.2000,1,1,1,1,2,1,1,3,1,1
SF,IC2009,2020-05-13 09:33:59.300,5206.4000,40639,0,552897040.000,0,-,-,-,-,5206.0000,5205.8000,5205.6000,5205.2000,5204.6000,5208.0000,5209.8000,5210.0000,5210.2000,5212.0000,1,1,1,1,1,1,3,1,1,1
SF,IC2009,2020-05-13 09:33:59.800,5206.4000,40639,0,552897040.000,0,-,-,-,-,5206.2000,5206.0000,5205.6000,5205.2000,5204.6000,5209.8000,5210.0000,5210.2000,5212.0000,5212.8000,1,1,1,1,1,3,1,1,1,1
SF,IC2009,2020-05-13 09:34:00.300,5206.4000,40639,0,552897040.000,0,-,-,-,-,5206.4000,5205.6000,5205.2000,5204.6000,5204.0000,5209.6000,5209.8000,5210.0000,5210.2000,5212.0000,3,1,1,1,1,1,3,1,1,1
SF,IC2009,2020-05-13 09:34:00.800,5206.4000,40639,0,552897040.000,0,-,-,-,-,5206.4000,5205.2000,5204.6000,5203.8000,5203.2000,5209.6000,5209.8000,5210.0000,5210.2000,5212.0000,4,1,1,1,1,1,1,1,1,1
SF,IC2009,2020-05-13 09:34:01.300,5206.4000,40639,0,552897040.000,0,-,-,-,-,5207.2000,5206.4000,5205.2000,5204.6000,5203.8000,5209.6000,5209.8000,5210.0000,5210.2000,5212.0000,1,5,1,1,1,1,1,1,1,1
SF,IC2009,2020-05-13 09:34:01.800,5206.4000,40639,0,552897040.000,0,-,-,-,-,5207.6000,5207.4000,5207.2000,5206.4000,5204.6000,5209.6000,5209.8000,5210.0000,5210.2000,5212.0000,1,1,1,4,1,1,1,1,1,1
SF,IC2009,2020-05-13 09:34:02.300,5206.4000,40639,0,552897040.000,0,-,-,-,-,5207.8000,5206.4000,5204.6000,5203.8000,5201.8000,5209.8000,5210.0000,5210.2000,5212.0000,5212.8000,3,3,1,1,1,1,1,1,1,1
SF,IC2009,2020-05-13 09:34:02.800,5206.4000,40639,0,552897040.000,0,-,-,-,-,5208.2000,5208.0000,5207.8000,5206.4000,5204.6000,5209.8000,5210.0000,5210.2000,5212.0000,5212.8000,1,1,3,2,1,1,1,1,1,1
SF,IC2009,2020-05-13 09:34:03.300,5209.8000,40639,0,553939000.000,1,0,1,多换,S,5209.8000,5208.4000,5208.2000,5208.0000,5207.8000,5210.0000,5210.2000,5212.0000,5212.8000,5213.6000,1,2,1,1,2,1,1,1,1,1
SF,IC2009,2020-05-13 09:34:03.800,5210.2000,40638,-1,557065080.000,3,1,2,多平,S,5208.4000,5208.2000,5208.0000,5207.8000,5206.4000,5212.0000,5212.8000,5213.6000,5214.0000,5219.0000,1,1,1,2,2,1,1,1,1,1
SF,IC2009,2020-05-13 09:34:04.300,5210.2000,40638,0,557065080.000,0,-,-,-,-,5208.8000,5208.6000,5208.4000,5208.2000,5208.0000,5209.6000,5210.0000,5211.8000,5212.0000,5212.8000,1,3,1,1,1,1,1,1,1,1
SF,IC2009,2020-05-13 09:34:04.800,5209.6000,40637,-1,558107000.000,1,0,1,双平,S,5209.6000,5208.6000,5208.4000,5208.0000,5207.8000,5210.0000,5211.8000,5212.0000,5212.8000,5213.6000,2,2,1,1,1,2,2,1,1,1
SF,IC2009,2020-05-13 09:34:05.300,5210.0000,40635,-2,560191000.000,2,0,2,双平,S,5208.6000,5208.4000,5208.0000,5207.8000,5206.4000,5211.8000,5212.0000,5212.8000,5213.6000,5214.0000,2,1,1,1,1,1,1,1,1,1
SF,IC2009,2020-05-13 09:34:05.800,5210.0000,40635,0,560191000.000,0,-,-,-,-,5209.4000,5208.8000,5208.6000,5208.0000,5206.4000,5211.8000,5212.0000,5212.8000,5213.6000,5214.0000,1,3,2,1,1,1,1,1,1,1
SF,IC2009,2020-05-13 09:34:06.300,5210.0000,40635,0,560191000.000,0,-,-,-,-,5209.6000,5209.4000,5208.8000,5208.6000,5208.0000,5211.2000,5211.4000,5211.8000,5212.0000,5212.8000,1,1,2,2,1,1,1,1,1,1
SF,IC2009,2020-05-13 09:34:06.800,5210.0000,40635,0,560191000.000,0,-,-,-,-,5209.8000,5209.6000,5209.4000,5208.8000,5208.6000,5211.8000,5212.0000,5212.8000,5213.6000,5214.0000,1,2,1,3,2,1,1,1,1,1
SF,IC2009,2020-05-13 09:34:07.300,5210.0000,40635,0,560191000.000,0,-,-,-,-,5209.6000,5208.8000,5208.6000,5208.0000,5204.6000,5211.6000,5211.8000,5212.0000,5212.8000,5213.6000,1,3,2,1,1,1,1,1,1,1
SF,IC2009,2020-05-13 09:34:07.800,5211.8000,40633,-2,562275640.000,2,0,2,双平,S,5211.8000,5210.0000,5209.6000,5208.8000,5208.6000,5212.0000,5212.8000,5213.6000,5214.0000,5219.0000,2,1,1,3,2,1,1,1,1,1
SF,IC2009,2020-05-13 09:34:08.300,5211.8000,40631,-2,564360360.000,2,0,2,双平,S,5210.0000,5209.6000,5208.8000,5208.6000,5208.0000,5211.8000,5212.0000,5212.8000,5213.6000,5214.0000,2,1,3,2,1,5,1,1,1,1
SF,IC2009,2020-05-13 09:34:08.800,5210.0000,40628,-3,568528480.000,4,0,4,多平,S,5208.8000,5208.6000,5208.0000,5204.6000,5202.6000,5211.8000,5212.0000,5212.8000,5213.6000,5214.0000,3,2,1,1,5,3,1,1,1,1
SF,IC2009,2020-05-13 09:34:09.300,5212.0000,40625,-3,572697840.000,4,0,4,多平,S,5209.0000,5208.8000,5208.6000,5208.0000,5204.6000,5212.8000,5213.6000,5214.0000,5219.0000,5219.6000,1,3,2,1,1,1,1,1,1,7
SF,IC2009,2020-05-13 09:34:09.800,5212.0000,40625,0,572697840.000,0,-,-,-,-,5209.2000,5209.0000,5208.8000,5208.0000,5204.6000,5212.4000,5212.6000,5212.8000,5213.0000,5213.6000,3,1,2,1,1,1,1,1,2,1
SF,IC2009,2020-05-13 09:34:10.300,5212.0000,40625,0,572697840.000,0,-,-,-,-,5209.4000,5209.2000,5208.8000,5208.0000,5204.6000,5212.2000,5212.4000,5212.8000,5213.0000,5213.6000,1,1,2,1,1,2,1,1,2,1
SF,IC2009,2020-05-13 09:34:10.800,5209.4000,40624,-1,573739720.000,1,0,1,双平,S,5208.8000,5208.0000,5204.6000,5201.8000,5201.0000,5211.8000,5212.2000,5212.8000,5213.0000,5213.6000,1,1,1,1,1,1,2,1,2,1
SF,IC2009,2020-05-13 09:34:11.300,5209.4000,40624,0,573739720.000,0,-,-,-,-,5209.0000,5208.8000,5204.6000,5201.8000,5201.0000,5210.8000,5211.6000,5211.8000,5212.2000,5212.8000,2,1,1,1,1,1,2,3,1,1
SF,IC2009,2020-05-13 09:34:11.800,5209.4000,40624,0,573739720.000,0,-,-,-,-,5209.0000,5208.8000,5204.6000,5201.8000,5201.0000,5210.6000,5211.6000,5212.2000,5212.8000,5213.0000,2,1,1,1,1,1,1,1,1,2
SF,IC2009,2020-05-13 09:34:12.300,5209.4000,40624,0,573739720.000,0,-,-,-,-,5209.0000,5208.8000,5204.6000,5201.8000,5201.0000,5210.6000,5211.6000,5211.8000,5212.2000,5212.8000,2,1,1,1,1,1,1,1,1,1
SF,IC2009,2020-05-13 09:34:12.800,5209.4000,40624,0,573739720.000,0,-,-,-,-,5209.2000,5209.0000,5208.8000,5204.6000,5201.8000,5210.6000,5211.6000,5211.8000,5212.2000,5212.8000,1,2,1,1,1,1,1,1,1,1
SF,IC2009,2020-05-13 09:34:13.300,5210.6000,40623,-1,574781840.000,1,0,1,双平,S,5209.2000,5209.0000,5208.8000,5204.6000,5201.8000,5211.6000,5211.8000,5212.2000,5212.8000,5213.0000,1,2,1,1,1,1,1,1,1,2
SF,IC2009,2020-05-13 09:34:13.800,5210.6000,40623,0,574781840.000,0,-,-,-,-,5209.4000,5209.2000,5209.0000,5208.8000,5204.6000,5211.4000,5211.6000,5212.2000,5212.8000,5213.0000,1,1,1,1,1,1,1,1,1,2
SF,IC2009,2020-05-13 09:34:14.300,5209.6000,40622,-1,575823760.000,1,0,1,双平,S,5209.4000,5209.0000,5208.8000,5204.6000,5201.8000,5211.4000,5211.6000,5212.2000,5212.8000,5213.0000,1,1,1,1,1,1,1,1,1,2
SF,IC2009,2020-05-13 09:34:14.800,5209.6000,40622,0,575823760.000,0,-,-,-,-,5209.4000,5209.0000,5208.8000,5204.6000,5201.8000,5211.2000,5211.4000,5212.2000,5212.8000,5213.0000,1,1,1,1,1,1,1,1,1,2
SF,IC2009,2020-05-13 09:34:15.300,5209.6000,40622,0,575823760.000,0,-,-,-,-,5209.6000,5209.4000,5209.0000,5208.8000,5204.6000,5211.2000,5212.8000,5213.0000,5213.6000,5214.0000,1,1,1,1,1,1,1,2,1,1
SF,IC2009,2020-05-13 09:34:15.800,5209.6000,40622,0,575823760.000,0,-,-,-,-,5209.8000,5209.6000,5208.8000,5204.6000,5201.8000,5210.2000,5211.2000,5212.8000,5213.0000,5213.6000,1,1,1,1,1,2,1,1,2,1
SF,IC2009,2020-05-13 09:34:16.300,5210.2000,40620,-2,577907840.000,2,0,2,双平,S,5210.2000,5209.8000,5208.8000,5204.6000,5201.8000,5210.4000,5211.0000,5211.2000,5212.8000,5213.0000,1,1,1,1,1,1,1,1,1,3
SF,IC2009,2020-05-13 09:34:16.800,5210.2000,40619,-1,578949880.000,1,0,1,双平,S,5209.8000,5208.8000,5204.6000,5201.8000,5201.0000,5210.4000,5211.0000,5211.2000,5212.8000,5213.0000,1,1,1,1,1,1,1,1,1,3
SF,IC2009,2020-05-13 09:34:17.300,5209.8000,40618,-1,579991840.000,1,0,1,双平,S,5208.8000,5204.6000,5201.8000,5201.0000,5200.4000,5210.4000,5211.0000,5211.2000,5212.8000,5213.0000,1,1,1,1,1,1,1,1,1,3
SF,IC2009,2020-05-13 09:34:17.800,5209.8000,40618,0,579991840.000,0,-,-,-,-,5209.0000,5208.8000,5204.6000,5201.8000,5201.0000,5210.4000,5211.0000,5211.2000,5212.8000,5213.0000,2,2,1,1,1,1,1,1,1,3
SF,IC2009,2020-05-13 09:34:18.300,5209.8000,40618,0,579991840.000,0,-,-,-,-,5209.6000,5209.0000,5208.8000,5204.6000,5201.8000,5210.4000,5211.0000,5211.2000,5212.8000,5213.0000,1,2,2,1,1,1,1,1,1,1
SF,IC2009,2020-05-13 09:34:18.800,5210.4000,40618,0,581033920.000,1,0,1,多换,S,5210.4000,5209.8000,5209.6000,5209.0000,5208.8000,5211.0000,5211.2000,5212.8000,5213.0000,5213.6000,2,1,1,1,2,1,1,1,1,1
SF,IC2009,2020-05-13 09:34:19.300,5211.2000,40616,-2,583118360.000,2,0,2,双平,S,5211.2000,5209.8000,5209.6000,5209.0000,5208.8000,5212.8000,5213.0000,5213.6000,5214.0000,5215.0000,1,1,1,1,2,1,1,1,1,1
SF,IC2009,2020-05-13 09:34:19.800,5211.2000,40615,-1,584160600.000,1,0,1,双平,S,5209.8000,5209.6000,5209.0000,5208.8000,5204.6000,5210.2000,5211.0000,5212.6000,5212.8000,5213.0000,1,1,1,2,1,2,3,2,1,1
SF,IC2009,2020-05-13 09:34:20.300,5210.6000,40612,-3,588329160.000,4,0,4,多平,S,5210.4000,5210.2000,5210.0000,5209.8000,5209.6000,5211.0000,5212.8000,5213.0000,5213.6000,5214.0000,2,7,1,1,1,2,1,1,1,1
SF,IC2009,2020-05-13 09:34:20.800,5211.0000,40612,0,590413560.000,2,1,1,多换,S,5211.0000,5210.4000,5210.0000,5209.8000,5209.6000,5212.8000,5213.0000,5213.6000,5214.0000,5215.0000,2,2,1,1,1,1,1,1,1,1
SF,IC2009,2020-05-13 09:34:21.300,5211.0000,40612,0,590413560.000,0,-,-,-,-,5211.0000,5210.4000,5210.0000,5209.8000,5209.6000,5212.4000,5212.8000,5213.0000,5213.6000,5214.0000,1,2,1,1,1,1,1,1,1,1
SF,IC2009,2020-05-13 09:34:21.800,5211.0000,40611,-1,591455760.000,1,0,1,双平,S,5210.4000,5210.0000,5209.8000,5209.6000,5208.8000,5212.4000,5212.8000,5213.0000,5213.6000,5214.0000,2,1,1,1,2,1,1,1,1,1
SF,IC2009,2020-05-13 09:34:22.300,5211.0000,40611,0,591455760.000,0,-,-,-,-,5211.4000,5210.6000,5210.4000,5210.0000,5209.8000,5212.2000,5212.8000,5213.0000,5213.6000,5214.0000,1,1,2,1,1,3,1,1,1,1
SF,IC2009,2020-05-13 09:34:22.800,5211.2000,40610,-1,592498000.000,1,0,1,双平,S,5211.6000,5210.6000,5210.4000,5210.0000,5209.8000,5212.2000,5212.8000,5213.0000,5213.6000,5214.0000,1,1,2,1,1,3,1,1,1,1
