市场代码,合约代码,时间,最新,持仓,增仓,成交额,成交量,开仓,平仓,成交类型,方向,买一价,买二价,买三价,买四价,买五价,卖一价,卖二价,卖三价,卖四价,卖五价,买一量,买二量,买三量,买四量,买五量,卖一量,卖二量,卖三量,卖四量,卖五量
SF,IC2012,2020-06-12 09:29:00.200,5100.0000,24534,0,14280000.000,14.000,-,-,-,-,5098.0000,5096.0000,5094.2000,5090.0000,5081.6000,5100.0000,5101.0000,5105.0000,5109.0000,5119.0000,1,1,1,1,1,5,1,1,5,1
SF,IC2012,2020-06-12 09:30:00.200,5098.0000,24533,-1,18358400.000,4,1,3,多平,S,5094.2000,5090.0000,5088.0000,5081.6000,5081.4000,5097.8000,5098.0000,5099.8000,5100.0000,5101.0000,1,1,1,1,2,1,12,1,3,1
SF,IC2012,2020-06-12 09:30:00.700,5097.4000,24532,-1,23452360.000,5,2,3,多平,S,5090.2000,5088.0000,5081.6000,5081.4000,5080.0000,5097.4000,5097.6000,5097.8000,5098.0000,5098.8000,1,1,1,2,6,2,3,1,13,1
SF,IC2012,2020-06-12 09:30:01.200,5090.2000,24531,-1,25488480.000,2,0,2,多平,S,5088.0000,5081.6000,5081.4000,5080.0000,5077.0000,5089.8000,5090.4000,5092.4000,5093.4000,5093.6000,1,1,2,6,2,5,1,1,1,6
SF,IC2012,2020-06-12 09:30:01.700,5088.2000,24526,-5,32612000.000,7,1,6,多平,S,5081.6000,5081.4000,5080.0000,5077.0000,5075.0000,5089.6000,5089.8000,5090.2000,5090.4000,5093.2000,1,2,6,2,5,2,2,3,1,2
SF,IC2012,2020-06-12 09:30:02.200,5095.2000,24532,6,51958640.000,19,12,7,空开,S,5081.8000,5081.6000,5081.4000,5080.0000,5077.0000,5094.2000,5095.2000,5097.2000,5097.4000,5097.8000,2,1,2,6,2,1,2,2,2,3
SF,IC2012,2020-06-12 09:30:02.700,5095.2000,24532,0,51958640.000,0,-,-,-,-,5081.8000,5081.6000,5081.4000,5080.0000,5077.0000,5087.8000,5088.0000,5089.4000,5093.2000,5094.0000,2,1,2,6,2,5,1,2,2,1
SF,IC2012,2020-06-12 09:30:03.200,5087.8000,24531,-1,56028120.000,4,1,3,多平,S,5081.8000,5081.6000,5081.4000,5080.0000,5077.0000,5087.8000,5088.0000,5089.4000,5093.2000,5094.2000,2,1,2,6,2,4,1,2,2,1
SF,IC2012,2020-06-12 09:30:03.700,5087.8000,24531,0,56028120.000,0,-,-,-,-,5081.8000,5081.6000,5081.4000,5080.0000,5077.0000,5087.4000,5087.6000,5087.8000,5088.0000,5092.6000,2,1,2,6,2,4,1,4,2,1
SF,IC2012,2020-06-12 09:30:04.200,5081.8000,24529,-2,58060880.000,2,0,2,双平,S,5081.8000,5081.6000,5081.4000,5080.0000,5077.0000,5084.8000,5087.2000,5087.4000,5087.8000,5088.0000,1,1,2,6,2,1,1,4,4,2
SF,IC2012,2020-06-12 09:30:04.700,5087.4000,24530,1,72294880.000,14,7,7,空开,S,5087.8000,5082.0000,5081.4000,5080.0000,5077.0000,5088.0000,5088.2000,5092.6000,5093.2000,5093.8000,10,1,2,6,2,2,2,1,2,1
SF,IC2012,2020-06-12 09:30:05.200,5082.0000,24529,-1,84503280.000,12,5,7,多平,S,5081.4000,5080.0000,5077.0000,5074.4000,5072.0000,5081.8000,5082.6000,5084.4000,5086.0000,5087.2000,2,6,2,1,1,2,1,1,2,4
SF,IC2012,2020-06-12 09:30:05.700,5081.6000,24525,-4,88568840.000,4,0,4,双平,S,5081.8000,5081.4000,5080.0000,5077.0000,5074.4000,5087.2000,5087.8000,5088.0000,5088.2000,5092.6000,1,2,6,2,1,2,5,2,2,1
SF,IC2012,2020-06-12 09:30:06.200,5081.6000,24525,0,88568840.000,0,-,-,-,-,5082.0000,5081.8000,5081.4000,5080.0000,5077.0000,5087.0000,5087.8000,5088.0000,5088.2000,5092.6000,1,1,2,6,2,1,3,2,2,1
SF,IC2012,2020-06-12 09:30:06.700,5086.8000,24524,-1,89586200.000,1,0,1,双平,S,5082.0000,5081.8000,5081.6000,5081.4000,5080.0000,5086.8000,5087.0000,5087.8000,5088.0000,5088.2000,1,1,1,2,6,1,1,3,2,2
SF,IC2012,2020-06-12 09:30:07.200,5081.8000,24524,0,90602560.000,1,0,1,多换,S,5081.6000,5081.4000,5080.0000,5077.0000,5074.4000,5086.6000,5086.8000,5087.8000,5088.0000,5088.2000,1,2,6,2,1,1,1,3,3,2
SF,IC2012,2020-06-12 09:30:07.700,5081.8000,24524,0,92635280.000,2,1,1,多换,S,5083.8000,5081.6000,5081.4000,5080.0000,5077.0000,5086.6000,5087.8000,5088.0000,5088.2000,5093.2000,1,1,2,6,2,1,3,2,2,2
SF,IC2012,2020-06-12 09:30:08.200,5083.6000,24523,-1,93652000.000,1,0,1,双平,S,5081.6000,5081.4000,5080.0000,5077.0000,5074.4000,5083.8000,5085.8000,5086.6000,5087.8000,5088.0000,1,2,6,2,1,1,1,1,3,2
SF,IC2012,2020-06-12 09:30:08.700,5081.4000,24524,1,95684600.000,2,1,1,空开,S,5081.4000,5080.0000,5077.0000,5074.4000,5072.0000,5081.6000,5082.0000,5083.6000,5083.8000,5085.8000,1,6,2,1,1,1,1,6,1,1
SF,IC2012,2020-06-12 09:30:09.200,5083.6000,24524,0,99750760.000,4,2,2,多换,S,5082.0000,5081.4000,5080.0000,5077.0000,5074.4000,5083.6000,5083.8000,5085.8000,5086.6000,5087.8000,1,1,6,2,1,1,1,1,1,3
SF,IC2012,2020-06-12 09:30:09.700,5083.8000,24522,-2,103816920.000,4,1,3,多平,S,5080.0000,5077.0000,5074.4000,5072.0000,5071.2000,5085.8000,5086.6000,5087.8000,5088.0000,5088.2000,6,2,1,1,1,1,1,3,2,2
SF,IC2012,2020-06-12 09:30:10.200,5085.6000,24521,-1,104834040.000,1,0,1,双平,S,5080.4000,5080.2000,5080.0000,5077.0000,5074.4000,5085.8000,5087.8000,5088.0000,5088.2000,5093.2000,2,2,6,2,1,2,3,2,2,2
SF,IC2012,2020-06-12 09:30:10.700,5080.4000,24518,-3,108898680.000,4,0,4,多平,S,5080.4000,5080.0000,5077.0000,5074.4000,5072.0000,5085.6000,5085.8000,5087.8000,5088.0000,5088.2000,1,6,2,1,1,1,2,1,2,2
SF,IC2012,2020-06-12 09:30:11.200,5080.4000,24519,1,109914760.000,1,1,0,双开,S,5080.6000,5080.4000,5080.0000,5077.0000,5074.4000,5082.0000,5085.2000,5085.6000,5085.8000,5087.8000,1,1,6,2,1,1,1,2,1,1
SF,IC2012,2020-06-12 09:30:11.700,5085.6000,24517,-2,117032120.000,7,2,5,多平,S,5086.6000,5083.8000,5080.6000,5080.4000,5080.0000,5087.8000,5088.0000,5088.2000,5093.2000,5093.8000,1,2,1,2,6,1,2,2,2,1
SF,IC2012,2020-06-12 09:30:12.200,5086.6000,24517,0,118049440.000,1,0,1,多换,S,5083.8000,5080.6000,5080.4000,5080.0000,5077.0000,5086.6000,5087.8000,5088.0000,5088.2000,5093.2000,2,1,2,6,2,1,1,1,2,2
SF,IC2012,2020-06-12 09:30:12.700,5086.6000,24517,0,118049440.000,0,-,-,-,-,5084.0000,5083.8000,5080.6000,5080.4000,5080.0000,5086.4000,5087.8000,5088.0000,5093.2000,5093.8000,1,2,1,2,6,2,1,1,2,1
SF,IC2012,2020-06-12 09:30:13.200,5083.8000,24515,-2,120083000.000,2,0,2,双平,S,5083.8000,5080.6000,5080.0000,5077.0000,5074.4000,5084.0000,5086.4000,5087.8000,5088.0000,5093.2000,1,1,6,2,1,3,2,1,1,2
SF,IC2012,2020-06-12 09:30:13.700,5083.8000,24511,-4,124150160.000,4,0,4,双平,S,5080.6000,5080.0000,5077.0000,5074.4000,5072.0000,5083.8000,5086.4000,5086.6000,5087.8000,5088.0000,3,6,2,1,1,2,2,1,1,1
SF,IC2012,2020-06-12 09:30:14.200,5083.8000,24511,0,125166920.000,1,0,1,多换,S,5080.6000,5080.0000,5077.0000,5074.4000,5072.0000,5083.6000,5083.8000,5086.4000,5086.6000,5087.8000,3,6,2,1,1,1,2,1,1,1
SF,IC2012,2020-06-12 09:30:14.700,5083.8000,24511,0,125166920.000,0,-,-,-,-,5080.6000,5080.0000,5077.0000,5074.4000,5072.0000,5083.4000,5083.6000,5083.8000,5086.6000,5087.8000,3,6,2,1,1,1,1,2,1,1
SF,IC2012,2020-06-12 09:30:15.200,5083.8000,24511,0,125166920.000,0,-,-,-,-,5081.0000,5080.6000,5080.0000,5077.0000,5074.8000,5083.2000,5083.4000,5083.8000,5086.6000,5087.8000,1,3,6,2,1,2,1,2,1,1
SF,IC2012,2020-06-12 09:30:15.700,5080.6000,24510,-1,127199240.000,2,0,2,多平,S,5080.0000,5077.0000,5074.8000,5074.4000,5072.0000,5081.0000,5082.0000,5083.0000,5083.2000,5083.8000,7,2,1,1,1,1,2,1,2,2
SF,IC2012,2020-06-12 09:30:16.200,5081.0000,24509,-1,128215440.000,1,0,1,双平,S,5080.2000,5080.0000,5077.0000,5074.8000,5074.4000,5082.0000,5083.0000,5083.2000,5083.8000,5086.6000,1,7,2,1,1,2,1,2,1,1
SF,IC2012,2020-06-12 09:30:16.700,5081.0000,24509,0,128215440.000,0,-,-,-,-,5080.2000,5080.0000,5077.0000,5074.8000,5074.4000,5082.0000,5083.2000,5083.8000,5086.6000,5088.0000,1,7,2,1,1,2,1,1,1,1
SF,IC2012,2020-06-12 09:30:17.200,5082.0000,24509,0,130248200.000,2,1,1,多换,S,5081.0000,5080.2000,5080.0000,5077.0000,5074.8000,5082.0000,5083.2000,5083.4000,5083.8000,5086.6000,2,1,7,2,1,1,1,1,1,1
SF,IC2012,2020-06-12 09:30:17.700,5081.8000,24507,-2,133296960.000,3,0,3,多平,S,5080.0000,5077.0000,5074.8000,5074.4000,5072.0000,5080.2000,5080.6000,5081.0000,5081.8000,5082.0000,7,2,1,1,1,1,2,2,1,1
SF,IC2012,2020-06-12 09:30:18.200,5080.6000,24507,0,145489240.000,12,6,6,多换,S,5077.0000,5074.8000,5074.4000,5072.0000,5071.2000,5080.0000,5081.0000,5082.0000,5083.2000,5083.8000,2,1,1,1,1,2,2,1,1,1
SF,IC2012,2020-06-12 09:30:18.700,5080.0000,24504,-3,149553320.000,4,0,4,多平,S,5079.8000,5077.2000,5077.0000,5074.8000,5074.4000,5080.0000,5081.0000,5082.0000,5083.2000,5083.8000,1,2,2,1,1,2,2,1,1,1
SF,IC2012,2020-06-12 09:30:19.200,5080.0000,24503,-1,154633280.000,5,2,3,多平,S,5080.0000,5077.2000,5077.0000,5074.8000,5074.4000,5081.0000,5082.0000,5083.2000,5083.8000,5086.6000,1,2,2,1,1,1,1,1,2,1
SF,IC2012,2020-06-12 09:30:19.700,5080.0000,24502,-1,155649280.000,1,0,1,双平,S,5080.0000,5077.2000,5077.0000,5074.8000,5074.4000,5080.8000,5081.0000,5082.0000,5083.8000,5086.6000,1,2,2,1,1,1,1,1,1,1
SF,IC2012,2020-06-12 09:30:20.200,5080.8000,24501,-1,156665440.000,1,0,1,双平,S,5080.2000,5080.0000,5077.2000,5077.0000,5074.8000,5081.0000,5082.0000,5083.8000,5088.0000,5092.4000,1,1,2,2,1,1,1,1,1,5
SF,IC2012,2020-06-12 09:30:20.700,5080.2000,24497,-4,161745600.000,5,0,5,多平,S,5077.2000,5077.0000,5074.8000,5074.4000,5072.0000,5081.0000,5082.0000,5083.8000,5088.0000,5092.4000,2,2,1,1,1,1,1,1,1,5
SF,IC2012,2020-06-12 09:30:21.200,5080.2000,24497,0,161745600.000,0,-,-,-,-,5077.2000,5077.0000,5074.8000,5074.4000,5072.0000,5080.8000,5081.0000,5082.0000,5083.8000,5088.0000,2,2,1,1,1,1,1,1,1,1
SF,IC2012,2020-06-12 09:30:21.700,5080.8000,24498,1,163777840.000,2,1,1,空开,S,5080.0000,5077.2000,5077.0000,5074.8000,5074.4000,5081.0000,5082.0000,5083.8000,5088.0000,5092.4000,5,2,2,1,1,1,1,1,1,5
SF,IC2012,2020-06-12 09:30:22.200,5080.2000,24494,-4,167842480.000,4,0,4,双平,S,5080.0000,5077.2000,5077.0000,5074.8000,5074.4000,5082.0000,5083.8000,5088.0000,5092.4000,5093.2000,5,2,2,1,1,1,1,1,5,2
SF,IC2012,2020-06-12 09:30:22.700,5082.0000,24492,-2,170890960.000,3,0,3,多平,S,5080.2000,5080.0000,5077.2000,5077.0000,5074.8000,5083.8000,5088.0000,5092.4000,5093.2000,5093.8000,1,5,1,2,1,1,1,5,2,1
SF,IC2012,2020-06-12 09:30:23.200,5082.0000,24492,0,170890960.000,0,-,-,-,-,5080.4000,5080.2000,5080.0000,5077.0000,5074.8000,5083.8000,5086.6000,5092.4000,5093.2000,5093.8000,1,1,5,2,1,1,2,5,2,1
SF,IC2012,2020-06-12 09:30:23.700,5080.6000,24490,-2,173939960.000,3,0,3,多平,S,5080.6000,5080.4000,5080.0000,5077.0000,5074.8000,5086.6000,5092.4000,5093.2000,5093.8000,5094.2000,1,1,5,2,1,2,5,2,1,1
SF,IC2012,2020-06-12 09:30:24.200,5080.6000,24489,-1,174956080.000,1,0,1,双平,S,5080.6000,5080.0000,5077.0000,5074.8000,5074.4000,5086.6000,5092.4000,5093.2000,5093.8000,5094.2000,2,5,2,1,1,2,5,2,1,1
SF,IC2012,2020-06-12 09:30:24.700,5080.6000,24489,0,174956080.000,0,-,-,-,-,5080.8000,5080.6000,5080.0000,5077.0000,5074.8000,5086.6000,5092.4000,5093.2000,5093.8000,5094.2000,1,2,5,2,1,2,5,2,1,1
SF,IC2012,2020-06-12 09:30:25.200,5080.6000,24489,0,174956080.000,0,-,-,-,-,5082.0000,5081.0000,5080.8000,5080.6000,5080.0000,5086.6000,5092.4000,5093.2000,5093.8000,5094.2000,5,1,2,1,5,2,5,2,1,1
SF,IC2012,2020-06-12 09:30:25.700,5086.6000,24489,0,175973400.000,1,0,1,多换,S,5082.2000,5082.0000,5081.4000,5080.8000,5080.6000,5086.6000,5092.4000,5093.2000,5093.8000,5094.2000,2,5,1,1,4,1,5,2,1,1
SF,IC2012,2020-06-12 09:30:26.200,5082.0000,24487,-2,179022680.000,3,0,3,多平,S,5082.0000,5081.4000,5081.2000,5080.8000,5080.6000,5082.2000,5086.4000,5086.6000,5092.4000,5093.2000,4,1,1,1,4,2,1,1,5,2
SF,IC2012,2020-06-12 09:30:26.700,5082.0000,24484,-3,185121200.000,6,1,5,多平,S,5082.0000,5081.4000,5081.2000,5080.8000,5080.6000,5086.4000,5086.6000,5092.4000,5093.2000,5093.8000,1,1,1,1,4,1,1,5,2,1
SF,IC2012,2020-06-12 09:30:27.200,5082.2000,24481,-3,188172120.000,3,0,3,双平,S,5082.0000,5081.4000,5081.2000,5080.8000,5080.6000,5086.4000,5086.6000,5092.4000,5093.2000,5093.8000,1,1,1,1,3,1,1,5,2,1
SF,IC2012,2020-06-12 09:30:27.700,5082.2000,24481,0,188172120.000,0,-,-,-,-,5082.4000,5082.2000,5082.0000,5081.2000,5080.8000,5086.2000,5086.4000,5086.6000,5092.4000,5093.2000,1,1,1,1,1,1,1,1,5,2
SF,IC2012,2020-06-12 09:30:28.200,5082.2000,24481,0,188172120.000,0,-,-,-,-,5082.6000,5082.4000,5082.0000,5081.2000,5080.8000,5086.0000,5086.2000,5086.6000,5091.0000,5092.4000,1,1,1,1,1,1,1,1,1,5
SF,IC2012,2020-06-12 09:30:28.700,5082.6000,24479,-2,190205120.000,2,0,2,双平,S,5082.6000,5082.4000,5082.0000,5081.2000,5080.8000,5085.8000,5086.0000,5086.2000,5086.6000,5091.0000,1,1,1,1,1,1,1,1,1,1
SF,IC2012,2020-06-12 09:30:29.200,5082.6000,24479,0,192238160.000,2,1,1,多换,S,5082.0000,5081.2000,5080.8000,5080.6000,5080.0000,5085.6000,5085.8000,5086.2000,5086.6000,5091.0000,1,1,1,3,9,1,1,1,1,1
SF,IC2012,2020-06-12 09:30:29.700,5082.6000,24479,0,192238160.000,0,-,-,-,-,5082.2000,5082.0000,5081.2000,5080.8000,5080.6000,5082.6000,5085.6000,5086.6000,5091.0000,5092.4000,1,1,1,1,3,1,1,1,1,5
SF,IC2012,2020-06-12 09:30:30.200,5082.4000,24473,-6,198337800.000,6,0,6,双平,S,5082.0000,5081.2000,5080.8000,5080.6000,5080.0000,5086.6000,5091.0000,5092.4000,5093.2000,5093.8000,1,1,1,3,9,1,1,5,2,1
SF,IC2012,2020-06-12 09:30:30.700,5082.4000,24473,0,198337800.000,0,-,-,-,-,5082.2000,5082.0000,5080.8000,5080.6000,5080.0000,5086.6000,5091.0000,5092.4000,5093.2000,5093.8000,2,1,1,3,9,1,1,5,2,1
SF,IC2012,2020-06-12 09:30:31.200,5082.2000,24473,0,200370680.000,2,1,1,多换,S,5082.0000,5080.8000,5080.6000,5080.0000,5078.0000,5086.4000,5086.6000,5091.0000,5092.4000,5093.2000,1,1,3,9,1,2,1,1,5,2
SF,IC2012,2020-06-12 09:30:31.700,5082.2000,24473,0,200370680.000,0,-,-,-,-,5082.2000,5082.0000,5080.8000,5080.6000,5080.0000,5086.4000,5086.6000,5091.0000,5092.4000,5093.2000,1,2,1,3,9,2,1,1,5,2
SF,IC2012,2020-06-12 09:30:32.200,5082.2000,24473,0,200370680.000,0,-,-,-,-,5082.2000,5082.0000,5080.8000,5080.6000,5080.0000,5086.0000,5086.4000,5086.6000,5091.0000,5092.4000,1,2,1,3,9,1,2,1,1,5
SF,IC2012,2020-06-12 09:30:32.700,5082.2000,24473,0,200370680.000,0,-,-,-,-,5082.2000,5082.0000,5080.8000,5080.6000,5080.0000,5085.8000,5086.0000,5086.6000,5091.0000,5092.4000,1,2,1,3,9,2,1,1,1,5
SF,IC2012,2020-06-12 09:30:33.200,5082.2000,24473,0,200370680.000,0,-,-,-,-,5082.2000,5082.0000,5081.8000,5080.8000,5080.6000,5085.8000,5086.0000,5086.6000,5091.0000,5092.4000,1,2,1,1,3,1,1,1,1,5
SF,IC2012,2020-06-12 09:30:33.700,5085.8000,24473,0,201387840.000,1,0,1,多换,S,5082.4000,5082.2000,5082.0000,5081.8000,5080.8000,5083.0000,5086.0000,5086.6000,5091.0000,5092.4000,1,2,2,1,1,1,1,1,1,5
SF,IC2012,2020-06-12 09:30:34.200,5083.0000,24472,-1,203421040.000,2,0,2,多平,S,5086.0000,5082.8000,5082.2000,5082.0000,5081.8000,5086.6000,5091.0000,5093.2000,5093.8000,5094.2000,1,2,1,2,1,1,1,2,1,1
SF,IC2012,2020-06-12 09:30:34.700,5086.6000,24470,-2,205455680.000,2,0,2,双平,S,5086.0000,5082.8000,5082.2000,5082.0000,5081.8000,5088.0000,5091.0000,5093.2000,5093.8000,5094.2000,1,2,1,2,1,1,1,2,1,1
SF,IC2012,2020-06-12 09:30:35.200,5086.6000,24468,-2,207490600.000,2,0,2,双平,S,5086.2000,5086.0000,5085.8000,5082.8000,5082.2000,5091.0000,5093.2000,5093.8000,5094.2000,5095.0000,1,1,1,2,1,1,2,1,1,1
SF,IC2012,2020-06-12 09:30:35.700,5086.6000,24468,0,207490600.000,0,-,-,-,-,5088.0000,5086.4000,5086.2000,5086.0000,5085.8000,5090.8000,5091.0000,5093.2000,5093.8000,5094.2000,1,1,1,1,1,1,1,2,1,1
SF,IC2012,2020-06-12 09:30:36.200,5088.0000,24466,-2,209525800.000,2,0,2,双平,S,5086.0000,5085.8000,5082.8000,5082.0000,5081.8000,5090.6000,5091.0000,5093.2000,5093.8000,5094.2000,1,1,2,2,1,1,1,2,1,1
SF,IC2012,2020-06-12 09:30:36.700,5088.0000,24466,0,209525800.000,0,-,-,-,-,5086.2000,5086.0000,5085.8000,5082.8000,5082.4000,5090.6000,5090.8000,5091.0000,5093.2000,5093.8000,1,1,1,2,1,1,1,1,2,1
SF,IC2012,2020-06-12 09:30:37.200,5088.0000,24466,0,209525800.000,0,-,-,-,-,5087.4000,5086.2000,5086.0000,5085.8000,5082.4000,5090.4000,5090.6000,5090.8000,5091.0000,5093.2000,2,1,1,1,1,1,1,1,1,2
SF,IC2012,2020-06-12 09:30:37.700,5088.0000,24466,0,209525800.000,0,-,-,-,-,5087.4000,5086.2000,5086.0000,5085.8000,5082.4000,5090.2000,5090.4000,5090.8000,5091.0000,5093.2000,2,1,1,1,1,1,1,1,1,2
SF,IC2012,2020-06-12 09:30:38.200,5091.0000,24465,-1,211562040.000,2,0,2,多平,S,5091.0000,5090.6000,5088.0000,5087.6000,5086.0000,5093.2000,5093.8000,5094.2000,5095.0000,5095.2000,2,1,2,2,1,2,1,1,1,2
SF,IC2012,2020-06-12 09:30:38.700,5090.6000,24463,-2,215634760.000,4,1,3,多平,S,5088.0000,5087.6000,5086.0000,5085.8000,5082.4000,5091.0000,5093.2000,5093.8000,5094.2000,5095.0000,2,1,1,1,2,1,2,1,1,1
SF,IC2012,2020-06-12 09:30:39.200,5093.8000,24461,-2,219709000.000,4,1,3,多平,S,5090.2000,5088.2000,5088.0000,5086.0000,5085.8000,5094.2000,5095.0000,5096.6000,5098.0000,5098.2000,1,2,2,1,1,1,1,1,5,5
SF,IC2012,2020-06-12 09:30:39.700,5090.4000,24460,-1,220727080.000,1,0,1,双平,S,5090.4000,5090.2000,5089.6000,5086.0000,5085.8000,5094.0000,5094.2000,5095.0000,5096.6000,5098.0000,2,1,2,1,1,1,1,1,1,5
SF,IC2012,2020-06-12 09:30:40.200,5093.8000,24460,0,221745840.000,1,0,1,多换,S,5091.0000,5090.4000,5090.2000,5089.6000,5086.0000,5093.8000,5094.0000,5094.2000,5095.0000,5096.6000,3,2,1,2,1,1,1,1,1,1
SF,IC2012,2020-06-12 09:30:40.700,5091.0000,24458,-2,223782280.000,2,0,2,双平,S,5091.0000,5090.4000,5090.2000,5089.6000,5086.0000,5093.6000,5093.8000,5094.2000,5095.0000,5096.6000,2,1,1,2,1,1,1,1,1,1
SF,IC2012,2020-06-12 09:30:41.200,5091.0000,24456,-2,225818680.000,2,0,2,双平,S,5091.0000,5090.6000,5090.4000,5090.2000,5086.0000,5093.4000,5093.6000,5094.2000,5095.0000,5096.6000,2,1,1,1,1,1,1,1,1,1
SF,IC2012,2020-06-12 09:30:41.700,5091.0000,24454,-2,227855080.000,2,0,2,双平,S,5090.6000,5090.4000,5090.2000,5086.0000,5085.8000,5093.4000,5093.6000,5094.2000,5095.0000,5096.6000,1,1,1,1,1,1,1,1,1,1
SF,IC2012,2020-06-12 09:30:42.200,5090.6000,24453,-1,228873200.000,1,0,1,双平,S,5092.2000,5090.4000,5086.0000,5085.8000,5082.4000,5093.2000,5093.4000,5094.2000,5095.0000,5096.6000,2,1,1,1,2,1,1,1,1,1
SF,IC2012,2020-06-12 09:30:42.700,5091.4000,24451,-2,230909760.000,2,0,2,双平,S,5090.4000,5086.0000,5085.8000,5082.4000,5082.0000,5092.2000,5094.2000,5095.0000,5096.6000,5098.0000,1,1,1,2,1,2,1,1,1,5
SF,IC2012,2020-06-12 09:30:43.200,5092.2000,24449,-2,232946640.000,2,0,2,双平,S,5092.4000,5092.2000,5090.6000,5090.4000,5086.0000,5094.2000,5095.0000,5096.6000,5098.0000,5099.4000,1,1,1,1,1,1,1,1,5,1
SF,IC2012,2020-06-12 09:30:43.700,5092.2000,24447,-2,234983520.000,2,0,2,双平,S,5093.2000,5090.6000,5090.4000,5086.0000,5085.8000,5094.0000,5094.2000,5095.0000,5096.6000,5098.0000,20,1,1,1,1,1,1,1,1,5
SF,IC2012,2020-06-12 09:30:44.200,5094.2000,24447,0,245170280.000,10,5,5,多换,S,5093.2000,5090.6000,5090.4000,5086.0000,5085.8000,5095.0000,5096.6000,5098.0000,5099.4000,5100.0000,12,1,1,1,1,1,1,5,1,1
SF,IC2012,2020-06-12 09:30:44.700,5093.2000,24449,2,247207560.000,2,2,0,双开,S,5093.2000,5092.2000,5090.6000,5090.4000,5086.0000,5094.8000,5095.0000,5096.6000,5098.0000,5099.4000,10,1,1,1,2,1,1,1,5,1
SF,IC2012,2020-06-12 09:30:45.200,5093.2000,24449,0,247207560.000,0,-,-,-,-,5093.4000,5093.2000,5092.2000,5090.6000,5090.4000,5094.8000,5095.0000,5096.6000,5098.0000,5099.4000,5,10,1,1,1,1,1,1,5,1
SF,IC2012,2020-06-12 09:30:45.700,5093.2000,24456,7,255357200.000,8,7,1,空开,S,5093.2000,5092.2000,5090.6000,5090.4000,5086.0000,5095.0000,5096.6000,5098.0000,5099.4000,5100.0000,8,1,1,1,2,1,1,5,1,1
SF,IC2012,2020-06-12 09:30:46.200,5094.8000,24456,0,266564240.000,11,5,6,多换,S,5094.8000,5093.2000,5092.2000,5090.6000,5090.4000,5095.0000,5096.6000,5098.0000,5099.4000,5100.0000,13,5,1,1,1,1,1,5,1,1
SF,IC2012,2020-06-12 09:30:46.700,5094.8000,24456,0,276753880.000,10,5,5,多换,S,5094.8000,5093.2000,5092.2000,5090.6000,5090.4000,5096.6000,5098.0000,5099.4000,5100.0000,5101.0000,4,6,1,1,1,1,5,1,1,1
SF,IC2012,2020-06-12 09:30:47.200,5096.4000,24452,-4,281849320.000,5,0,5,多平,S,5094.8000,5093.2000,5092.2000,5090.6000,5090.4000,5096.6000,5098.0000,5099.4000,5100.0000,5101.0000,3,6,1,1,1,1,5,1,1,1
SF,IC2012,2020-06-12 09:30:47.700,5094.8000,24452,0,283887240.000,2,1,1,多换,S,5094.8000,5093.2000,5092.2000,5090.6000,5090.4000,5096.6000,5098.0000,5099.4000,5100.0000,5101.0000,1,6,1,1,1,1,5,1,1,1
SF,IC2012,2020-06-12 09:30:48.200,5094.8000,24452,0,283887240.000,0,-,-,-,-,5094.8000,5093.2000,5092.2000,5090.6000,5090.4000,5096.6000,5098.0000,5099.4000,5100.0000,5101.0000,2,6,1,1,1,1,5,1,1,1
SF,IC2012,2020-06-12 09:30:48.700,5096.6000,24451,-1,284906560.000,1,0,1,双平,S,5097.0000,5095.0000,5094.8000,5093.2000,5092.2000,5098.0000,5099.4000,5100.0000,5101.0000,5104.0000,1,1,2,6,1,5,1,1,1,5
SF,IC2012,2020-06-12 09:30:49.200,5097.0000,24446,-5,290004280.000,5,0,5,双平,S,5095.0000,5094.8000,5093.2000,5092.2000,5090.4000,5098.0000,5099.4000,5100.0000,5101.0000,5104.0000,1,2,6,1,1,3,1,1,1,5
SF,IC2012,2020-06-12 09:30:49.700,5095.0000,24442,-4,294082080.000,4,0,4,双平,S,5094.8000,5093.2000,5092.2000,5090.4000,5086.0000,5097.8000,5099.4000,5100.0000,5101.0000,5104.0000,2,6,1,1,2,1,1,1,1,5
SF,IC2012,2020-06-12 09:30:50.200,5097.8000,24441,-1,295101640.000,1,0,1,双平,S,5096.6000,5095.0000,5094.8000,5093.2000,5092.2000,5099.4000,5100.0000,5101.0000,5104.0000,5105.0000,2,2,2,6,1,1,1,1,5,1
SF,IC2012,2020-06-12 09:30:50.700,5096.6000,24441,0,296120960.000,1,0,1,多换,S,5098.0000,5096.8000,5096.6000,5094.8000,5093.2000,5099.4000,5100.0000,5101.0000,5104.0000,5105.0000,15,1,1,2,6,1,1,1,5,1
SF,IC2012,2020-06-12 09:30:51.200,5098.0000,24441,0,304277760.000,8,4,4,多换,S,5098.0000,5096.8000,5096.6000,5094.8000,5093.2000,5099.4000,5100.0000,5101.0000,5104.0000,5105.0000,7,1,1,2,6,1,1,1,5,1
SF,IC2012,2020-06-12 09:30:51.700,5098.0000,24441,0,311414960.000,7,3,4,多换,S,5096.8000,5096.6000,5094.8000,5093.2000,5092.2000,5098.0000,5099.2000,5099.4000,5100.0000,5101.0000,1,1,2,6,1,5,3,1,1,1
SF,IC2012,2020-06-12 09:30:52.200,5097.0000,24435,-6,319571800.000,8,1,7,多平,S,5097.0000,5096.6000,5094.8000,5093.2000,5092.2000,5099.2000,5099.4000,5100.0000,5101.0000,5104.0000,1,1,2,6,1,2,1,1,1,5
SF,IC2012,2020-06-12 09:30:52.700,5097.0000,24435,0,319571800.000,0,-,-,-,-,5098.0000,5097.0000,5096.6000,5094.8000,5093.2000,5099.2000,5099.4000,5100.0000,5101.0000,5104.0000,1,1,4,2,6,2,1,1,1,5
SF,IC2012,2020-06-12 09:30:53.200,5099.4000,24435,0,321611520.000,2,1,1,多换,S,5099.4000,5097.0000,5096.6000,5094.8000,5093.2000,5100.0000,5101.0000,5104.0000,5105.0000,5107.6000,1,1,4,2,6,1,1,5,1,1
SF,IC2012,2020-06-12 09:30:53.700,5099.4000,24435,0,322631400.000,1,0,1,多换,S,5097.0000,5096.6000,5094.8000,5093.2000,5092.2000,5100.0000,5101.0000,5104.0000,5105.0000,5107.6000,1,4,2,6,1,1,1,5,1,1
SF,IC2012,2020-06-12 09:30:54.200,5099.4000,24435,0,322631400.000,0,-,-,-,-,5097.2000,5097.0000,5096.8000,5096.6000,5094.8000,5100.0000,5101.0000,5104.0000,5105.0000,5107.6000,1,1,1,4,2,1,1,5,1,1
SF,IC2012,2020-06-12 09:30:54.700,5100.0000,24435,0,323651400.000,1,0,1,多换,S,5097.4000,5097.2000,5096.8000,5096.6000,5094.8000,5101.0000,5104.0000,5105.0000,5107.6000,5115.0000,1,1,1,4,2,1,5,1,1,1
SF,IC2012,2020-06-12 09:30:55.200,5100.0000,24435,0,323651400.000,0,-,-,-,-,5100.0000,5097.6000,5097.4000,5096.8000,5096.6000,5101.0000,5104.0000,5105.0000,5107.6000,5115.0000,1,1,1,1,4,1,5,1,1,1
SF,IC2012,2020-06-12 09:30:55.700,5100.0000,24435,0,324671400.000,1,0,1,多换,S,5097.6000,5097.4000,5096.8000,5096.6000,5094.8000,5101.0000,5104.0000,5105.0000,5107.6000,5115.0000,1,1,1,1,2,1,5,1,1,1
SF,IC2012,2020-06-12 09:30:56.200,5101.0000,24434,-1,325691600.000,1,0,1,双平,S,5097.8000,5097.6000,5096.8000,5096.6000,5094.8000,5105.0000,5107.6000,5109.8000,5115.0000,5119.0000,1,2,1,1,2,1,1,5,1,1
SF,IC2012,2020-06-12 09:30:56.700,5101.0000,24434,0,325691600.000,0,-,-,-,-,5099.2000,5098.0000,5097.8000,5096.8000,5096.6000,5105.0000,5107.6000,5109.8000,5115.0000,5119.0000,2,2,1,1,1,1,1,5,1,1
SF,IC2012,2020-06-12 09:30:57.200,5101.0000,24434,0,325691600.000,0,-,-,-,-,5100.2000,5099.6000,5099.4000,5099.2000,5098.6000,5105.0000,5107.6000,5109.8000,5115.0000,5119.0000,1,1,2,2,1,1,1,5,1,1
SF,IC2012,2020-06-12 09:30:57.700,5101.0000,24434,0,325691600.000,0,-,-,-,-,5100.4000,5100.2000,5100.0000,5099.6000,5099.2000,5105.0000,5107.6000,5109.8000,5115.0000,5119.0000,2,1,1,1,2,1,1,5,1,1
SF,IC2012,2020-06-12 09:30:58.200,5101.0000,24434,0,325691600.000,0,-,-,-,-,5101.0000,5100.4000,5100.2000,5100.0000,5099.6000,5105.0000,5107.6000,5109.8000,5115.0000,5119.0000,2,2,1,1,1,1,1,5,1,1
SF,IC2012,2020-06-12 09:30:58.700,5101.0000,24434,0,329772400.000,4,2,2,多换,S,5100.2000,5100.0000,5099.6000,5099.2000,5098.6000,5104.8000,5105.0000,5107.6000,5109.8000,5115.0000,1,1,1,2,1,1,1,1,5,1
SF,IC2012,2020-06-12 09:30:59.200,5101.0000,24434,0,329772400.000,0,-,-,-,-,5101.4000,5100.4000,5100.0000,5099.6000,5098.6000,5104.8000,5105.0000,5107.6000,5109.8000,5115.0000,3,1,1,1,1,1,2,1,5,1
SF,IC2012,2020-06-12 09:30:59.700,5104.8000,24434,0,330793360.000,1,0,1,多换,S,5101.6000,5101.4000,5100.0000,5099.6000,5098.6000,5105.0000,5107.6000,5109.8000,5115.0000,5119.0000,2,3,1,1,1,2,1,5,1,1
SF,IC2012,2020-06-12 09:31:00.200,5104.8000,24434,0,330793360.000,0,-,-,-,-,5101.6000,5101.4000,5100.0000,5099.6000,5098.6000,5105.0000,5107.6000,5109.8000,5115.0000,5119.0000,2,3,1,1,1,2,1,5,1,1
SF,IC2012,2020-06-12 09:31:00.700,5101.8000,24432,-2,333854760.000,3,0,3,多平,S,5101.6000,5101.4000,5100.0000,5099.6000,5098.0000,5105.0000,5107.6000,5109.8000,5115.0000,5119.0000,2,1,1,1,1,2,1,5,1,1
SF,IC2012,2020-06-12 09:31:01.200,5101.8000,24431,-1,336916360.000,3,1,2,多平,S,5100.0000,5099.6000,5098.0000,5097.6000,5096.6000,5104.8000,5105.0000,5107.6000,5109.8000,5115.0000,1,1,1,1,1,7,2,1,5,1
SF,IC2012,2020-06-12 09:31:01.700,5104.8000,24431,0,337937320.000,1,0,1,多换,S,5100.2000,5100.0000,5099.6000,5098.0000,5097.6000,5103.4000,5104.8000,5105.0000,5107.6000,5109.8000,1,1,1,1,1,1,6,2,1,5
SF,IC2012,2020-06-12 09:31:02.200,5104.8000,24431,0,337937320.000,0,-,-,-,-,5100.2000,5100.0000,5099.6000,5098.0000,5097.6000,5103.2000,5103.4000,5104.8000,5105.0000,5107.6000,1,1,1,1,1,1,1,5,2,1
SF,IC2012,2020-06-12 09:31:02.700,5104.8000,24431,0,337937320.000,0,-,-,-,-,5101.0000,5100.2000,5100.0000,5098.0000,5097.6000,5103.2000,5103.4000,5104.8000,5105.0000,5107.6000,1,1,1,1,1,1,1,5,2,1
SF,IC2012,2020-06-12 09:31:03.200,5101.0000,24430,-1,338957520.000,1,0,1,双平,S,5100.2000,5100.0000,5098.0000,5096.6000,5094.8000,5101.0000,5103.2000,5103.4000,5104.8000,5105.0000,1,2,1,1,1,1,1,1,5,2
SF,IC2012,2020-06-12 09:31:03.700,5103.2000,24430,0,339978160.000,1,0,1,多换,S,5100.2000,5100.0000,5098.0000,5096.6000,5094.8000,5103.4000,5104.8000,5105.0000,5107.6000,5109.8000,1,2,1,1,1,1,5,2,1,5
SF,IC2012,2020-06-12 09:31:04.200,5103.2000,24430,0,339978160.000,0,-,-,-,-,5100.4000,5100.0000,5098.0000,5096.6000,5094.8000,5104.8000,5105.0000,5107.6000,5109.8000,5115.0000,1,2,1,1,1,5,2,1,5,1
SF,IC2012,2020-06-12 09:31:04.700,5103.2000,24430,0,339978160.000,0,-,-,-,-,5103.4000,5101.0000,5100.6000,5100.4000,5100.0000,5104.8000,5105.0000,5107.6000,5109.8000,5115.0000,1,1,1,1,2,5,2,1,5,1
SF,IC2012,2020-06-12 09:31:05.200,5100.6000,24431,1,343039160.000,3,2,1,空开,S,5100.4000,5100.0000,5098.0000,5096.6000,5094.8000,5103.4000,5104.8000,5105.0000,5107.6000,5109.8000,1,2,1,1,1,1,5,2,1,5
SF,IC2012,2020-06-12 09:31:05.700,5100.6000,24431,0,343039160.000,0,-,-,-,-,5100.6000,5100.4000,5100.0000,5098.0000,5094.8000,5103.4000,5104.4000,5104.8000,5105.0000,5107.6000,1,1,2,1,1,1,1,5,2,1
SF,IC2012,2020-06-12 09:31:06.200,5100.6000,24431,0,343039160.000,0,-,-,-,-,5100.8000,5100.6000,5100.0000,5098.6000,5098.0000,5104.4000,5104.8000,5105.0000,5107.6000,5109.8000,1,1,3,1,1,1,5,2,1,5
SF,IC2012,2020-06-12 09:31:06.700,5100.6000,24431,0,343039160.000,0,-,-,-,-,5101.0000,5100.8000,5100.0000,5098.6000,5098.0000,5104.4000,5104.8000,5105.0000,5107.6000,5109.8000,1,1,3,1,1,1,5,2,1,5
SF,IC2012,2020-06-12 09:31:07.200,5100.6000,24431,0,343039160.000,0,-,-,-,-,5101.2000,5101.0000,5100.0000,5098.6000,5098.0000,5104.4000,5104.8000,5105.0000,5107.6000,5109.8000,1,1,3,1,1,1,5,2,1,5
SF,IC2012,2020-06-12 09:31:07.700,5100.6000,24430,-1,344059280.000,1,0,1,双平,S,5101.2000,5100.0000,5098.6000,5098.0000,5094.8000,5103.4000,5104.4000,5104.8000,5105.0000,5107.6000,1,3,1,1,1,2,1,5,2,1
SF,IC2012,2020-06-12 09:31:08.200,5101.2000,24430,0,345079520.000,1,0,1,多换,S,5100.6000,5100.0000,5098.6000,5098.0000,5094.8000,5103.4000,5104.8000,5105.0000,5107.6000,5109.8000,3,3,1,1,1,2,5,2,1,5
SF,IC2012,2020-06-12 09:31:08.700,5101.2000,24430,0,345079520.000,0,-,-,-,-,5100.8000,5100.6000,5100.0000,5098.6000,5098.0000,5104.8000,5105.0000,5107.6000,5109.8000,5115.0000,1,3,3,1,1,5,2,1,5,1
SF,IC2012,2020-06-12 09:31:09.200,5101.2000,24430,0,345079520.000,0,-,-,-,-,5100.8000,5100.6000,5100.0000,5098.0000,5097.0000,5104.2000,5104.8000,5105.0000,5107.6000,5109.8000,1,3,3,1,1,1,5,2,1,5
SF,IC2012,2020-06-12 09:31:09.700,5101.2000,24430,0,345079520.000,0,-,-,-,-,5100.6000,5100.0000,5098.0000,5097.0000,5094.8000,5103.8000,5104.0000,5104.2000,5104.8000,5105.0000,3,3,1,1,1,1,1,1,5,2
SF,IC2012,2020-06-12 09:31:10.200,5100.8000,24430,0,348140560.000,3,1,2,多换,S,5100.6000,5100.0000,5098.0000,5097.0000,5094.8000,5100.8000,5103.6000,5103.8000,5104.0000,5104.2000,3,3,1,1,1,1,1,1,1,1
SF,IC2012,2020-06-12 09:31:10.700,5103.8000,24429,-1,351202200.000,3,1,2,多平,S,5101.2000,5100.6000,5100.0000,5099.2000,5098.0000,5104.0000,5104.2000,5104.8000,5105.0000,5107.6000,1,3,3,1,1,1,1,5,2,1
SF,IC2012,2020-06-12 09:31:11.200,5104.0000,24430,1,352223000.000,1,1,0,双开,S,5101.4000,5100.6000,5100.0000,5099.2000,5098.0000,5104.2000,5104.8000,5105.0000,5107.6000,5109.8000,1,3,3,1,1,1,5,2,1,5
SF,IC2012,2020-06-12 09:31:11.700,5104.2000,24430,0,353243840.000,1,0,1,多换,S,5101.4000,5100.6000,5100.0000,5099.2000,5098.0000,5104.8000,5105.0000,5107.6000,5109.8000,5115.0000,1,3,3,1,1,5,2,1,5,1
SF,IC2012,2020-06-12 09:31:12.200,5104.2000,24430,0,353243840.000,0,-,-,-,-,5101.8000,5101.4000,5100.6000,5100.0000,5098.0000,5104.8000,5105.0000,5107.6000,5109.8000,5115.0000,1,1,3,3,1,5,2,1,5,1
SF,IC2012,2020-06-12 09:31:12.700,5104.2000,24430,0,353243840.000,0,-,-,-,-,5102.0000,5100.6000,5100.0000,5099.8000,5098.0000,5104.8000,5105.0000,5107.6000,5109.8000,5115.0000,1,4,3,1,1,5,2,1,5,1
SF,IC2012,2020-06-12 09:31:13.200,5102.0000,24431,1,354264240.000,1,1,0,双开,S,5100.6000,5100.0000,5099.8000,5098.0000,5094.8000,5101.8000,5104.6000,5104.8000,5105.0000,5107.6000,4,3,1,1,1,1,1,5,3,1
SF,IC2012,2020-06-12 09:31:13.700,5102.0000,24431,0,355284640.000,1,0,1,多换,S,5100.6000,5100.0000,5099.8000,5098.0000,5094.8000,5104.6000,5104.8000,5105.0000,5107.6000,5109.8000,4,3,1,1,1,1,5,3,1,5
SF,IC2012,2020-06-12 09:31:14.200,5104.4000,24431,0,356305520.000,1,0,1,多换,S,5100.6000,5100.0000,5099.8000,5098.0000,5094.8000,5101.0000,5104.6000,5105.0000,5107.6000,5109.8000,4,3,1,1,1,5,1,3,1,5
SF,IC2012,2020-06-12 09:31:14.700,5101.0000,24431,0,361406520.000,5,2,3,多换,S,5101.0000,5100.6000,5100.0000,5099.8000,5098.0000,5104.6000,5105.0000,5107.6000,5109.8000,5115.0000,1,4,3,1,1,1,3,1,5,1
SF,IC2012,2020-06-12 09:31:15.200,5101.0000,24430,-1,362426720.000,1,0,1,双平,S,5100.6000,5100.0000,5099.8000,5098.0000,5094.8000,5104.6000,5105.0000,5107.6000,5109.8000,5115.0000,4,3,1,1,1,1,3,1,5,1
SF,IC2012,2020-06-12 09:31:15.700,5104.6000,24430,0,363447640.000,1,0,1,多换,S,5102.2000,5101.8000,5100.8000,5100.6000,5100.0000,5105.0000,5107.6000,5109.8000,5115.0000,5119.0000,1,1,1,4,2,3,1,5,1,1
SF,IC2012,2020-06-12 09:31:16.200,5104.6000,24430,0,363447640.000,0,-,-,-,-,5104.6000,5102.4000,5101.8000,5100.6000,5100.0000,5105.0000,5107.6000,5109.8000,5115.0000,5119.0000,1,1,1,4,3,3,1,5,1,1
SF,IC2012,2020-06-12 09:31:16.700,5105.0000,24422,-8,374678320.000,11,1,10,多平,S,5102.4000,5101.8000,5100.6000,5100.0000,5098.0000,5103.6000,5104.6000,5107.6000,5109.8000,5115.0000,1,1,4,3,1,2,1,1,5,1
SF,IC2012,2020-06-12 09:31:17.200,5102.6000,24421,-1,375698840.000,1,0,1,双平,S,5101.8000,5100.6000,5100.0000,5098.0000,5094.8000,5104.6000,5107.6000,5109.8000,5115.0000,5119.0000,1,4,3,1,1,1,1,5,1,1
SF,IC2012,2020-06-12 09:31:17.700,5102.6000,24421,0,375698840.000,0,-,-,-,-,5102.0000,5101.8000,5100.6000,5100.0000,5098.0000,5107.6000,5109.8000,5115.0000,5119.0000,5121.0000,1,2,4,2,1,1,5,1,1,1
SF,IC2012,2020-06-12 09:31:18.200,5102.6000,24421,0,375698840.000,0,-,-,-,-,5102.0000,5101.8000,5100.6000,5100.0000,5098.0000,5107.6000,5108.0000,5109.2000,5109.8000,5115.0000,1,2,4,3,1,1,1,2,5,1
SF,IC2012,2020-06-12 09:31:18.700,5102.6000,24421,0,375698840.000,0,-,-,-,-,5102.4000,5102.0000,5101.8000,5100.6000,5100.0000,5107.6000,5108.0000,5109.2000,5109.8000,5115.0000,1,1,2,4,3,1,1,2,5,1
SF,IC2012,2020-06-12 09:31:19.200,5102.6000,24421,0,375698840.000,0,-,-,-,-,5102.6000,5102.4000,5101.8000,5100.6000,5100.0000,5107.6000,5108.0000,5109.2000,5109.8000,5115.0000,1,1,2,4,3,1,1,2,5,1
SF,IC2012,2020-06-12 09:31:19.700,5102.4000,24422,1,377739840.000,2,1,1,空开,S,5101.8000,5100.6000,5100.0000,5098.0000,5094.8000,5102.0000,5107.6000,5108.0000,5109.2000,5109.8000,2,4,3,1,1,5,1,1,2,5
SF,IC2012,2020-06-12 09:31:20.200,5102.0000,24422,0,382841840.000,5,2,3,多换,S,5102.4000,5102.0000,5101.8000,5100.6000,5100.0000,5107.6000,5108.0000,5109.2000,5109.8000,5115.0000,1,2,1,4,3,1,1,2,5,1
SF,IC2012,2020-06-12 09:31:20.700,5102.0000,24422,0,382841840.000,0,-,-,-,-,5102.6000,5102.4000,5101.8000,5100.6000,5100.0000,5107.6000,5108.0000,5109.2000,5109.8000,5115.0000,1,2,1,4,3,1,1,3,5,1
SF,IC2012,2020-06-12 09:31:21.700,5102.0000,24422,0,382841840.000,0,-,-,-,-,5102.6000,5102.4000,5102.2000,5102.0000,5101.8000,5107.6000,5108.0000,5109.2000,5109.8000,5115.0000,1,2,1,1,1,1,1,3,5,1
SF,IC2012,2020-06-12 09:31:22.200,5102.6000,24422,0,383862360.000,1,0,1,多换,S,5102.4000,5102.2000,5102.0000,5101.8000,5100.6000,5107.4000,5107.6000,5108.0000,5108.6000,5109.2000,2,1,1,1,4,2,1,1,1,2
SF,IC2012,2020-06-12 09:31:22.700,5102.6000,24422,0,383862360.000,0,-,-,-,-,5102.2000,5102.0000,5101.8000,5100.6000,5100.0000,5107.4000,5107.6000,5108.0000,5108.6000,5109.2000,1,1,1,4,3,2,1,1,1,2
SF,IC2012,2020-06-12 09:31:23.200,5102.6000,24422,0,383862360.000,0,-,-,-,-,5102.2000,5102.0000,5101.8000,5100.6000,5100.0000,5107.4000,5107.6000,5108.0000,5108.6000,5109.2000,1,1,1,4,3,2,1,1,1,2
SF,IC2012,2020-06-12 09:31:23.700,5102.6000,24422,0,383862360.000,0,-,-,-,-,5102.8000,5102.6000,5102.2000,5102.0000,5100.6000,5107.4000,5107.6000,5108.0000,5108.6000,5109.2000,1,1,1,1,4,2,1,1,1,2
SF,IC2012,2020-06-12 09:31:24.200,5102.6000,24422,0,383862360.000,0,-,-,-,-,5102.8000,5102.6000,5102.2000,5102.0000,5100.6000,5107.4000,5107.6000,5108.0000,5108.6000,5109.2000,1,1,1,1,4,2,1,1,1,2
SF,IC2012,2020-06-12 09:31:25.200,5102.6000,24422,0,383862360.000,0,-,-,-,-,5102.8000,5102.6000,5102.2000,5102.0000,5100.6000,5107.4000,5107.6000,5108.0000,5108.6000,5109.2000,1,1,1,1,4,2,1,1,1,2
SF,IC2012,2020-06-12 09:31:25.700,5102.6000,24422,0,383862360.000,0,-,-,-,-,5102.8000,5102.6000,5102.2000,5102.0000,5100.6000,5107.4000,5107.6000,5108.0000,5108.6000,5109.2000,1,1,1,1,4,1,1,1,1,2
SF,IC2012,2020-06-12 09:31:26.200,5102.6000,24422,0,383862360.000,0,-,-,-,-,5103.0000,5102.8000,5102.6000,5102.2000,5102.0000,5107.4000,5107.6000,5108.0000,5108.6000,5109.2000,1,1,1,1,1,1,1,1,1,2
SF,IC2012,2020-06-12 09:31:26.700,5102.6000,24422,0,383862360.000,0,-,-,-,-,5103.0000,5102.8000,5102.6000,5102.2000,5102.0000,5107.4000,5107.6000,5108.0000,5108.6000,5109.2000,1,1,1,1,1,1,1,1,1,2
SF,IC2012,2020-06-12 09:31:27.200,5102.6000,24422,0,383862360.000,0,-,-,-,-,5103.0000,5102.8000,5102.6000,5102.2000,5102.0000,5107.4000,5107.6000,5108.0000,5109.2000,5109.8000,1,1,1,1,1,1,1,1,2,5
SF,IC2012,2020-06-12 09:31:27.700,5102.6000,24422,0,383862360.000,0,-,-,-,-,5103.0000,5102.8000,5102.6000,5102.2000,5102.0000,5107.4000,5107.6000,5108.0000,5109.2000,5109.8000,1,1,1,1,1,1,1,1,2,5
SF,IC2012,2020-06-12 09:31:28.200,5102.6000,24422,0,383862360.000,0,-,-,-,-,5103.0000,5102.8000,5102.6000,5102.2000,5102.0000,5107.4000,5107.6000,5108.0000,5109.2000,5109.8000,1,1,1,1,1,1,1,1,2,5
SF,IC2012,2020-06-12 09:31:28.700,5102.6000,24422,0,383862360.000,0,-,-,-,-,5103.0000,5102.8000,5102.6000,5102.2000,5102.0000,5107.4000,5108.0000,5109.2000,5109.8000,5115.0000,1,1,1,1,1,1,1,2,5,1
SF,IC2012,2020-06-12 09:31:29.200,5102.6000,24422,0,383862360.000,0,-,-,-,-,5103.8000,5103.0000,5102.8000,5102.6000,5102.2000,5106.6000,5107.4000,5108.0000,5109.2000,5115.0000,1,1,1,1,1,1,1,1,2,1
SF,IC2012,2020-06-12 09:31:29.700,5106.4000,24423,1,384883640.000,1,1,0,双开,S,5104.0000,5103.8000,5103.0000,5102.8000,5102.6000,5106.6000,5108.0000,5109.2000,5115.0000,5115.6000,2,1,1,1,1,1,1,2,1,5
SF,IC2012,2020-06-12 09:31:30.200,5106.4000,24423,0,384883640.000,0,-,-,-,-,5104.0000,5103.8000,5103.0000,5102.8000,5102.6000,5105.6000,5106.6000,5108.0000,5115.0000,5115.6000,3,1,1,1,1,1,1,1,1,5
SF,IC2012,2020-06-12 09:31:30.700,5106.8000,24421,-2,389989120.000,5,1,4,多平,S,5103.8000,5103.0000,5102.8000,5102.6000,5102.2000,5108.0000,5113.0000,5115.0000,5115.6000,5119.0000,1,1,1,1,1,1,2,1,5,1
SF,IC2012,2020-06-12 09:31:31.200,5106.8000,24421,0,389989120.000,0,-,-,-,-,5104.0000,5103.0000,5102.8000,5102.6000,5102.2000,5108.0000,5113.0000,5115.0000,5115.6000,5119.0000,1,1,1,1,1,1,2,1,5,1
SF,IC2012,2020-06-12 09:31:31.700,5106.8000,24421,0,389989120.000,0,-,-,-,-,5104.0000,5103.0000,5102.6000,5102.0000,5100.6000,5108.0000,5113.0000,5115.0000,5115.6000,5119.0000,1,1,1,1,4,1,2,1,5,1
SF,IC2012,2020-06-12 09:31:32.200,5106.8000,24421,0,389989120.000,0,-,-,-,-,5105.0000,5104.0000,5103.0000,5102.6000,5102.0000,5108.0000,5113.0000,5115.0000,5115.6000,5119.0000,1,2,1,1,1,1,2,1,5,1
SF,IC2012,2020-06-12 09:31:32.700,5106.8000,24421,0,389989120.000,0,-,-,-,-,5105.2000,5105.0000,5104.0000,5103.8000,5103.0000,5108.0000,5113.0000,5115.0000,5115.6000,5119.0000,1,1,1,1,1,1,2,1,5,1
SF,IC2012,2020-06-12 09:31:33.200,5106.8000,24421,0,389989120.000,0,-,-,-,-,5105.2000,5105.0000,5104.0000,5103.8000,5103.0000,5108.0000,5109.8000,5113.0000,5115.0000,5115.6000,1,2,1,1,1,1,1,2,1,5
SF,IC2012,2020-06-12 09:31:33.700,5106.8000,24421,0,389989120.000,0,-,-,-,-,5105.2000,5105.0000,5104.0000,5103.8000,5103.0000,5107.8000,5108.0000,5109.8000,5113.0000,5115.0000,1,2,1,1,1,1,1,1,2,1
SF,IC2012,2020-06-12 09:31:34.200,5106.8000,24421,0,389989120.000,0,-,-,-,-,5105.0000,5104.0000,5103.8000,5103.0000,5102.6000,5107.6000,5107.8000,5108.0000,5109.8000,5113.0000,2,1,1,1,1,1,1,1,1,2
SF,IC2012,2020-06-12 09:31:34.700,5107.6000,24422,1,391010640.000,1,1,0,双开,S,5106.6000,5105.2000,5105.0000,5104.0000,5103.8000,5107.0000,5107.8000,5108.0000,5109.8000,5113.0000,1,1,2,1,1,1,1,1,1,2
SF,IC2012,2020-06-12 09:31:35.200,5107.4000,24422,0,392032120.000,1,0,1,多换,S,5105.4000,5105.0000,5104.0000,5103.8000,5103.0000,5107.0000,5107.8000,5108.0000,5109.8000,5113.0000,1,2,1,1,1,1,1,1,1,2
SF,IC2012,2020-06-12 09:31:35.700,5107.0000,24423,1,393053520.000,1,1,0,双开,S,5106.8000,5105.0000,5104.0000,5103.8000,5103.0000,5107.8000,5108.0000,5109.8000,5113.0000,5115.0000,1,2,1,1,1,1,1,1,2,1
SF,IC2012,2020-06-12 09:31:36.700,5107.0000,24423,0,393053520.000,0,-,-,-,-,5107.0000,5106.8000,5105.0000,5104.0000,5103.8000,5107.8000,5108.0000,5109.8000,5113.0000,5115.0000,1,1,2,1,1,1,1,1,2,1
SF,IC2012,2020-06-12 09:31:37.200,5107.8000,24423,0,394075080.000,1,0,1,多换,S,5107.0000,5106.8000,5105.0000,5103.8000,5103.0000,5108.0000,5109.8000,5113.0000,5115.0000,5115.6000,1,1,2,1,1,1,1,2,1,5
SF,IC2012,2020-06-12 09:31:37.700,5108.0000,24423,0,395096680.000,1,0,1,多换,S,5108.0000,5107.0000,5105.0000,5103.0000,5102.6000,5109.8000,5113.0000,5115.0000,5115.6000,5119.0000,1,1,2,1,1,1,2,1,5,1
SF,IC2012,2020-06-12 09:31:38.200,5108.0000,24423,0,395096680.000,0,-,-,-,-,5108.0000,5107.0000,5105.0000,5103.0000,5102.6000,5109.8000,5113.0000,5115.0000,5115.6000,5119.0000,1,1,2,1,1,1,2,1,5,1
SF,IC2012,2020-06-12 09:31:38.700,5108.0000,24423,0,395096680.000,0,-,-,-,-,5108.0000,5107.0000,5105.0000,5103.0000,5102.6000,5109.8000,5115.0000,5115.6000,5119.0000,5120.0000,1,1,2,1,1,1,1,5,1,1
SF,IC2012,2020-06-12 09:31:39.200,5108.0000,24423,0,395096680.000,0,-,-,-,-,5108.0000,5107.0000,5105.0000,5103.0000,5102.6000,5109.8000,5115.0000,5115.6000,5116.6000,5119.0000,1,1,2,1,1,1,1,5,3,1
SF,IC2012,2020-06-12 09:31:39.700,5108.0000,24423,0,395096680.000,0,-,-,-,-,5108.0000,5107.0000,5105.0000,5103.0000,5102.6000,5109.8000,5115.0000,5115.6000,5116.6000,5120.0000,2,1,1,1,1,1,1,5,3,1
SF,IC2012,2020-06-12 09:31:41.200,5109.8000,24422,-1,396118640.000,1,0,1,双平,S,5110.8000,5109.0000,5108.0000,5107.0000,5105.0000,5115.0000,5115.6000,5116.6000,5120.0000,5121.0000,1,1,1,1,1,1,5,3,1,1
SF,IC2012,2020-06-12 09:31:41.700,5110.0000,24422,0,398162640.000,2,1,1,多换,S,5109.8000,5108.0000,5107.0000,5105.0000,5103.0000,5113.8000,5114.8000,5115.0000,5115.6000,5116.6000,2,1,1,1,1,1,1,1,5,3
SF,IC2012,2020-06-12 09:31:42.200,5109.8000,24422,0,400206560.000,2,1,1,多换,S,5108.0000,5107.0000,5105.0000,5103.0000,5102.6000,5109.8000,5113.6000,5113.8000,5115.0000,5115.6000,1,1,1,1,1,1,1,1,1,5
SF,IC2012,2020-06-12 09:31:42.700,5109.8000,24421,-1,401228520.000,1,0,1,双平,S,5109.8000,5109.0000,5108.0000,5107.0000,5105.0000,5113.6000,5115.0000,5115.6000,5116.6000,5120.0000,1,1,1,1,1,1,1,5,3,1
SF,IC2012,2020-06-12 09:31:43.200,5109.8000,24420,-1,402250480.000,1,0,1,双平,S,5108.0000,5105.0000,5103.0000,5102.6000,5100.6000,5113.6000,5115.0000,5115.6000,5116.6000,5120.0000,1,1,1,1,4,1,1,5,3,1
SF,IC2012,2020-06-12 09:31:43.700,5109.8000,24420,0,402250480.000,0,-,-,-,-,5108.0000,5105.0000,5103.0000,5102.6000,5100.6000,5113.6000,5115.0000,5115.6000,5116.6000,5120.0000,1,1,1,1,1,1,1,5,3,1
SF,IC2012,2020-06-12 09:31:44.200,5113.6000,24421,1,403273200.000,1,1,0,双开,S,5113.6000,5108.2000,5108.0000,5105.0000,5103.0000,5115.0000,5116.6000,5120.0000,5121.0000,5123.6000,1,1,1,1,1,1,3,1,1,1
SF,IC2012,2020-06-12 09:31:44.700,5113.6000,24421,0,404295920.000,1,0,1,多换,S,5109.0000,5108.2000,5108.0000,5105.0000,5103.0000,5113.2000,5114.0000,5115.0000,5116.6000,5120.0000,1,1,1,1,1,1,1,1,3,1
SF,IC2012,2020-06-12 09:31:45.200,5113.6000,24421,0,404295920.000,0,-,-,-,-,5109.2000,5108.0000,5103.0000,5102.6000,5100.6000,5113.6000,5115.0000,5116.6000,5120.0000,5121.0000,1,1,1,1,1,1,1,3,1,1
SF,IC2012,2020-06-12 09:31:45.700,5113.6000,24421,0,404295920.000,0,-,-,-,-,5109.2000,5108.4000,5108.0000,5103.0000,5102.6000,5113.6000,5115.0000,5116.6000,5120.0000,5121.0000,1,1,1,1,1,1,1,3,1,1
SF,IC2012,2020-06-12 09:31:46.200,5113.6000,24421,0,404295920.000,0,-,-,-,-,5109.2000,5109.0000,5108.4000,5108.0000,5103.0000,5109.6000,5115.0000,5116.6000,5120.0000,5121.0000,1,1,1,1,1,1,1,3,1,1
SF,IC2012,2020-06-12 09:31:46.700,5109.6000,24420,-1,405317840.000,1,0,1,双平,S,5113.6000,5110.0000,5109.6000,5109.0000,5108.4000,5115.0000,5116.6000,5119.0000,5120.0000,5121.0000,1,1,1,1,1,1,3,3,1,1
SF,IC2012,2020-06-12 09:31:47.200,5113.6000,24419,-1,406340560.000,1,0,1,双平,S,5109.0000,5108.4000,5103.0000,5102.6000,5100.6000,5115.0000,5116.6000,5119.0000,5120.0000,5121.0000,1,1,1,1,1,1,3,3,1,1
SF,IC2012,2020-06-12 09:31:47.700,5115.0000,24418,-1,407363560.000,1,0,1,双平,S,5109.4000,5109.2000,5109.0000,5108.4000,5107.0000,5116.6000,5119.0000,5120.0000,5121.0000,5123.6000,1,1,1,1,1,3,3,1,1,1
SF,IC2012,2020-06-12 09:31:48.200,5112.0000,24417,-1,408385960.000,1,0,1,双平,S,5111.6000,5109.6000,5109.4000,5108.4000,5107.0000,5116.6000,5119.0000,5120.0000,5121.0000,5123.6000,2,1,1,1,1,4,3,1,1,1
SF,IC2012,2020-06-12 09:31:48.700,5112.0000,24417,0,408385960.000,0,-,-,-,-,5115.0000,5111.8000,5111.6000,5109.8000,5109.4000,5116.6000,5119.0000,5120.0000,5121.0000,5123.6000,2,1,2,1,1,3,3,1,1,1
SF,IC2012,2020-06-12 09:31:49.200,5112.0000,24417,0,408385960.000,0,-,-,-,-,5115.0000,5111.8000,5111.6000,5109.8000,5109.4000,5116.6000,5119.0000,5120.0000,5121.0000,5123.6000,2,1,2,2,1,3,3,1,1,1
SF,IC2012,2020-06-12 09:31:49.700,5116.6000,24416,-1,409409280.000,1,0,1,双平,S,5115.0000,5111.8000,5111.6000,5109.8000,5109.4000,5116.6000,5119.0000,5120.0000,5121.0000,5123.6000,2,1,2,2,1,2,3,1,1,1
SF,IC2012,2020-06-12 09:31:50.200,5116.6000,24416,0,409409280.000,0,-,-,-,-,5115.0000,5111.8000,5111.6000,5109.8000,5109.4000,5116.6000,5119.0000,5120.0000,5121.0000,5123.6000,2,1,2,2,1,2,3,1,1,1
SF,IC2012,2020-06-12 09:31:50.700,5116.6000,24416,0,410432600.000,1,0,1,多换,S,5115.0000,5111.8000,5111.6000,5109.8000,5109.4000,5116.6000,5119.0000,5120.0000,5121.0000,5123.6000,2,1,2,1,1,3,3,1,1,1
SF,IC2012,2020-06-12 09:31:51.200,5116.4000,24416,0,412478880.000,2,1,1,多换,S,5115.0000,5111.8000,5111.6000,5109.8000,5109.4000,5116.6000,5119.0000,5120.0000,5121.0000,5123.6000,1,1,2,1,1,3,3,1,1,1
SF,IC2012,2020-06-12 09:31:51.700,5115.0000,24415,-1,413501880.000,1,0,1,双平,S,5111.8000,5111.6000,5109.8000,5109.4000,5108.8000,5115.0000,5116.6000,5119.0000,5120.0000,5121.0000,1,2,1,1,1,1,3,3,1,1
SF,IC2012,2020-06-12 09:31:52.200,5116.6000,24414,-1,415548200.000,2,0,2,多平,S,5115.0000,5111.8000,5111.6000,5109.8000,5108.8000,5116.6000,5119.0000,5120.0000,5121.0000,5123.6000,1,1,2,1,1,2,3,1,1,1
SF,IC2012,2020-06-12 09:31:52.700,5116.6000,24412,-2,417594840.000,2,0,2,双平,S,5117.0000,5116.8000,5116.6000,5115.0000,5113.0000,5119.0000,5120.0000,5121.0000,5123.6000,5124.0000,1,2,2,1,1,3,1,1,1,1
SF,IC2012,2020-06-12 09:31:53.200,5116.6000,24412,0,417594840.000,0,-,-,-,-,5117.4000,5117.0000,5116.6000,5114.0000,5113.0000,5119.0000,5120.0000,5121.0000,5123.6000,5124.0000,1,1,2,1,1,3,1,1,1,1
SF,IC2012,2020-06-12 09:31:53.700,5117.0000,24412,0,419641640.000,2,1,1,多换,S,5116.6000,5114.0000,5113.0000,5111.8000,5109.8000,5117.4000,5119.0000,5120.0000,5121.0000,5123.6000,1,1,1,1,1,1,3,1,1,1
SF,IC2012,2020-06-12 09:31:54.200,5119.0000,24412,0,423736520.000,4,2,2,多换,S,5116.6000,5114.0000,5113.0000,5111.8000,5109.8000,5120.0000,5121.0000,5123.6000,5124.0000,5130.0000,1,1,1,1,1,1,1,1,1,3
SF,IC2012,2020-06-12 09:31:54.700,5119.0000,24412,0,423736520.000,0,-,-,-,-,5119.0000,5116.8000,5116.6000,5114.0000,5113.0000,5120.0000,5121.0000,5123.6000,5124.0000,5130.0000,1,1,1,1,1,1,1,1,1,3
SF,IC2012,2020-06-12 09:31:55.200,5119.0000,24411,-1,424760320.000,1,0,1,双平,S,5116.8000,5116.6000,5113.0000,5109.8000,5108.8000,5117.4000,5120.0000,5121.0000,5123.6000,5124.0000,1,1,1,1,1,1,1,1,4,1
SF,IC2012,2020-06-12 09:31:55.700,5120.0000,24409,-2,426807800.000,2,0,2,双平,S,5119.0000,5117.4000,5116.8000,5116.6000,5113.0000,5121.0000,5123.6000,5124.0000,5130.0000,5138.0000,2,1,2,1,1,1,4,1,3,1
SF,IC2012,2020-06-12 09:31:56.200,5120.0000,24409,0,426807800.000,0,-,-,-,-,5119.0000,5117.4000,5113.0000,5109.8000,5108.8000,5121.0000,5123.6000,5124.0000,5130.0000,5138.0000,2,2,1,1,1,1,4,1,3,1
SF,IC2012,2020-06-12 09:31:56.700,5120.0000,24409,0,426807800.000,0,-,-,-,-,5119.0000,5117.4000,5114.6000,5113.0000,5109.8000,5121.0000,5123.6000,5124.0000,5130.0000,5138.0000,3,3,1,1,1,1,4,1,3,1
SF,IC2012,2020-06-12 09:31:57.200,5120.0000,24409,0,426807800.000,0,-,-,-,-,5119.6000,5119.0000,5117.4000,5114.6000,5113.0000,5121.0000,5123.6000,5124.0000,5130.0000,5138.0000,2,3,1,1,1,1,4,1,3,1
SF,IC2012,2020-06-12 09:31:57.700,5120.0000,24409,0,426807800.000,0,-,-,-,-,5120.0000,5119.6000,5119.0000,5117.4000,5114.6000,5121.0000,5123.6000,5124.0000,5130.0000,5138.0000,1,2,3,1,1,1,4,1,3,1
SF,IC2012,2020-06-12 09:31:58.200,5120.0000,24409,0,426807800.000,0,-,-,-,-,5120.0000,5119.0000,5117.4000,5114.6000,5113.0000,5121.0000,5121.8000,5123.6000,5124.0000,5130.0000,1,3,1,1,1,2,1,4,1,3
SF,IC2012,2020-06-12 09:31:58.700,5121.0000,24407,-2,428856200.000,2,0,2,双平,S,5120.0000,5119.0000,5117.4000,5114.6000,5113.0000,5121.8000,5123.6000,5124.0000,5130.0000,5138.0000,1,3,1,1,1,1,4,1,3,1
SF,IC2012,2020-06-12 09:31:59.200,5120.4000,24406,-1,429880280.000,1,0,1,双平,S,5120.0000,5119.0000,5117.4000,5114.6000,5113.0000,5121.8000,5123.6000,5124.0000,5125.8000,5130.0000,1,3,1,1,1,1,4,1,1,3
SF,IC2012,2020-06-12 09:31:59.700,5120.4000,24406,0,429880280.000,0,-,-,-,-,5121.0000,5119.0000,5117.4000,5114.6000,5113.0000,5121.8000,5123.6000,5124.0000,5125.8000,5130.0000,1,3,1,1,1,1,4,1,1,3
SF,IC2012,2020-06-12 09:32:00.200,5120.8000,24406,0,430904440.000,1,0,1,多换,S,5119.0000,5117.4000,5114.6000,5113.0000,5109.8000,5120.0000,5121.8000,5123.6000,5124.0000,5126.8000,3,1,1,1,1,1,1,4,1,2
SF,IC2012,2020-06-12 09:32:00.700,5120.0000,24405,-1,432952440.000,2,0,2,多平,S,5119.0000,5117.4000,5114.6000,5113.0000,5109.8000,5121.0000,5121.8000,5123.6000,5124.0000,5126.8000,3,1,1,1,1,1,1,4,1,2
SF,IC2012,2020-06-12 09:32:01.200,5120.0000,24405,0,432952440.000,0,-,-,-,-,5120.8000,5119.0000,5117.4000,5114.6000,5113.0000,5121.0000,5121.8000,5123.6000,5124.0000,5126.8000,1,3,1,1,1,1,1,4,1,2
SF,IC2012,2020-06-12 09:32:01.700,5121.0000,24404,-1,433976640.000,1,0,1,双平,S,5120.8000,5119.4000,5119.0000,5117.4000,5114.6000,5121.8000,5123.6000,5124.0000,5126.8000,5130.0000,1,1,3,1,1,1,4,1,2,2
SF,IC2012,2020-06-12 09:32:02.200,5121.0000,24404,0,436025040.000,2,1,1,多换,S,5120.8000,5120.0000,5119.4000,5119.0000,5117.4000,5121.8000,5123.6000,5124.0000,5126.8000,5130.0000,1,1,1,3,1,1,4,1,2,2
SF,IC2012,2020-06-12 09:32:02.700,5121.0000,24404,0,436025040.000,0,-,-,-,-,5120.8000,5120.0000,5119.0000,5117.4000,5114.6000,5121.8000,5123.6000,5124.0000,5126.8000,5130.0000,1,1,3,1,1,1,4,1,2,2
SF,IC2012,2020-06-12 09:32:03.200,5121.0000,24404,0,436025040.000,0,-,-,-,-,5120.8000,5120.0000,5119.0000,5117.4000,5114.6000,5121.0000,5121.8000,5123.6000,5124.0000,5126.8000,1,1,3,1,1,1,2,4,1,2
SF,IC2012,2020-06-12 09:32:03.700,5121.8000,24402,-2,438073600.000,2,0,2,双平,S,5120.0000,5119.0000,5117.4000,5114.6000,5113.0000,5121.8000,5123.0000,5123.6000,5124.0000,5126.8000,1,3,1,1,1,1,1,4,1,2
SF,IC2012,2020-06-12 09:32:04.200,5121.8000,24402,0,438073600.000,0,-,-,-,-,5120.0000,5119.0000,5117.4000,5114.6000,5113.0000,5121.8000,5123.0000,5123.6000,5124.0000,5126.8000,1,3,1,1,1,1,1,4,1,2
SF,IC2012,2020-06-12 09:32:04.700,5120.0000,24402,0,439097600.000,1,0,1,多换,S,5119.0000,5114.6000,5109.8000,5108.8000,5107.0000,5121.8000,5123.0000,5123.6000,5124.0000,5126.8000,1,1,1,1,1,1,1,4,1,2
SF,IC2012,2020-06-12 09:32:05.200,5120.2000,24400,-2,442169960.000,3,0,3,多平,S,5119.2000,5119.0000,5114.6000,5109.8000,5108.8000,5121.8000,5123.0000,5123.6000,5124.0000,5126.8000,1,1,1,1,1,1,1,4,1,2
SF,IC2012,2020-06-12 09:32:05.700,5121.6000,24399,-1,444218160.000,2,0,2,多平,S,5119.2000,5119.0000,5114.6000,5109.8000,5108.8000,5121.8000,5123.0000,5123.6000,5124.0000,5126.8000,1,1,1,1,1,1,1,4,1,2
SF,IC2012,2020-06-12 09:32:06.200,5121.6000,24399,0,444218160.000,0,-,-,-,-,5119.2000,5119.0000,5114.6000,5109.8000,5108.8000,5120.8000,5121.6000,5121.8000,5123.0000,5123.6000,1,1,1,1,1,1,2,2,1,4
SF,IC2012,2020-06-12 09:32:06.700,5119.0000,24397,-2,446266120.000,2,0,2,双平,S,5114.6000,5109.8000,5108.8000,5107.0000,5103.0000,5120.8000,5121.6000,5121.8000,5123.0000,5123.6000,1,1,1,1,1,1,2,2,1,4
SF,IC2012,2020-06-12 09:32:07.200,5119.0000,24397,0,446266120.000,0,-,-,-,-,5119.4000,5116.8000,5114.8000,5114.6000,5109.8000,5120.8000,5121.6000,5121.8000,5123.0000,5123.6000,1,2,1,1,1,1,2,2,1,4
SF,IC2012,2020-06-12 09:32:07.700,5119.0000,24397,0,446266120.000,0,-,-,-,-,5116.8000,5114.8000,5114.6000,5109.8000,5108.8000,5120.8000,5121.6000,5121.8000,5123.0000,5123.6000,3,1,1,1,1,1,2,2,1,4
SF,IC2012,2020-06-12 09:32:08.200,5119.0000,24397,0,446266120.000,0,-,-,-,-,5117.0000,5116.8000,5114.6000,5109.8000,5108.8000,5119.4000,5120.8000,5121.6000,5121.8000,5123.0000,1,3,1,1,1,1,1,2,2,1
SF,IC2012,2020-06-12 09:32:08.700,5119.4000,24397,0,447290000.000,1,0,1,多换,S,5117.0000,5116.8000,5114.8000,5114.6000,5109.8000,5120.8000,5121.6000,5121.8000,5123.0000,5123.6000,1,3,1,1,1,1,2,2,1,4
SF,IC2012,2020-06-12 09:32:09.200,5119.4000,24397,0,447290000.000,0,-,-,-,-,5117.0000,5116.8000,5114.8000,5114.6000,5109.8000,5120.8000,5121.6000,5121.8000,5123.0000,5123.6000,1,1,1,1,1,2,2,2,1,4
SF,IC2012,2020-06-12 09:32:09.700,5119.4000,24397,0,447290000.000,0,-,-,-,-,5119.4000,5117.0000,5116.8000,5114.8000,5114.6000,5120.8000,5121.6000,5121.8000,5123.0000,5123.6000,1,1,2,1,1,2,2,2,1,4
SF,IC2012,2020-06-12 09:32:10.200,5120.6000,24396,-1,449338000.000,2,0,2,多平,S,5117.0000,5116.8000,5114.8000,5114.6000,5109.8000,5120.8000,5121.6000,5121.8000,5123.0000,5123.6000,1,2,1,1,1,2,1,2,1,4
SF,IC2012,2020-06-12 09:32:10.700,5120.6000,24396,0,449338000.000,0,-,-,-,-,5117.0000,5114.8000,5114.6000,5109.8000,5108.8000,5120.6000,5120.8000,5121.6000,5121.8000,5123.0000,1,1,1,1,1,1,2,1,2,1
SF,IC2012,2020-06-12 09:32:11.200,5120.4000,24395,-1,451385480.000,2,0,2,多平,S,5114.8000,5114.6000,5109.8000,5108.8000,5107.0000,5120.4000,5120.6000,5120.8000,5121.6000,5121.8000,1,1,1,1,1,1,1,2,1,2
SF,IC2012,2020-06-12 09:32:11.700,5120.4000,24395,0,451385480.000,0,-,-,-,-,5114.6000,5109.8000,5108.8000,5107.0000,5104.0000,5120.4000,5120.8000,5121.6000,5121.8000,5123.0000,1,1,1,1,5,1,3,1,2,1
SF,IC2012,2020-06-12 09:32:12.200,5120.4000,24395,0,451385480.000,0,-,-,-,-,5114.6000,5109.8000,5108.8000,5107.0000,5104.0000,5118.8000,5120.4000,5120.8000,5121.6000,5121.8000,1,1,1,1,5,1,1,3,1,2
SF,IC2012,2020-06-12 09:32:12.700,5120.4000,24394,-1,452409560.000,1,0,1,双平,S,5116.8000,5114.6000,5109.8000,5108.8000,5107.0000,5118.6000,5118.8000,5120.8000,5121.6000,5121.8000,1,1,1,1,1,1,1,3,1,2
SF,IC2012,2020-06-12 09:32:13.200,5116.8000,24394,0,453432920.000,1,0,1,多换,S,5115.8000,5114.6000,5109.8000,5108.8000,5107.0000,5116.6000,5120.0000,5120.8000,5121.6000,5121.8000,1,1,1,1,1,1,1,3,1,2
SF,IC2012,2020-06-12 09:32:13.700,5116.0000,24394,0,457525720.000,4,2,2,多换,S,5114.6000,5114.0000,5109.8000,5108.8000,5107.0000,5116.6000,5118.2000,5120.0000,5120.8000,5121.0000,1,1,1,1,1,1,1,1,3,1
SF,IC2012,2020-06-12 09:32:14.200,5118.2000,24390,-4,461619080.000,4,0,4,双平,S,5116.8000,5116.6000,5114.6000,5109.8000,5108.8000,5117.0000,5119.0000,5120.0000,5120.4000,5120.8000,1,2,1,1,1,1,1,1,1,3
SF,IC2012,2020-06-12 09:32:14.700,5116.8000,24390,0,462642440.000,1,0,1,多换,S,5116.6000,5115.6000,5114.6000,5109.8000,5108.8000,5116.8000,5117.0000,5119.0000,5120.0000,5120.4000,1,1,1,1,1,2,1,1,1,1
SF,IC2012,2020-06-12 09:32:15.200,5116.6000,24389,-1,463665760.000,1,0,1,双平,S,5114.6000,5109.8000,5108.8000,5107.0000,5104.0000,5115.8000,5116.4000,5116.6000,5116.8000,5117.0000,1,1,1,1,5,1,1,1,1,1
SF,IC2012,2020-06-12 09:32:15.700,5114.6000,24388,-1,464688680.000,1,0,1,双平,S,5109.8000,5108.8000,5107.0000,5104.0000,5103.0000,5115.6000,5115.8000,5116.4000,5116.8000,5117.0000,1,1,1,5,1,1,1,1,1,1
SF,IC2012,2020-06-12 09:32:16.200,5115.4000,24388,0,465711760.000,1,0,1,多换,S,5113.2000,5110.0000,5109.8000,5108.8000,5107.0000,5115.6000,5115.8000,5116.4000,5116.8000,5117.0000,1,2,1,1,1,1,1,1,1,1
SF,IC2012,2020-06-12 09:32:16.700,5113.2000,24387,-1,466734400.000,1,0,1,双平,S,5110.0000,5109.8000,5108.8000,5107.0000,5103.0000,5115.6000,5115.8000,5116.4000,5116.8000,5117.0000,2,1,1,1,1,1,1,1,1,1
SF,IC2012,2020-06-12 09:32:17.200,5113.2000,24387,0,466734400.000,0,-,-,-,-,5110.8000,5110.0000,5109.8000,5108.8000,5107.0000,5114.8000,5115.6000,5115.8000,5116.4000,5116.8000,1,2,1,1,1,1,1,1,1,2
SF,IC2012,2020-06-12 09:32:17.700,5114.8000,24386,-1,467757360.000,1,0,1,双平,S,5111.0000,5110.0000,5109.8000,5108.8000,5107.0000,5115.6000,5115.8000,5116.4000,5116.8000,5117.0000,2,1,1,1,1,1,1,1,2,1
SF,IC2012,2020-06-12 09:32:18.200,5114.8000,24386,0,467757360.000,0,-,-,-,-,5111.0000,5110.0000,5109.8000,5108.8000,5107.0000,5115.6000,5115.8000,5116.4000,5116.8000,5117.0000,2,1,1,1,1,1,1,1,2,1
SF,IC2012,2020-06-12 09:32:18.700,5114.8000,24386,0,467757360.000,0,-,-,-,-,5111.4000,5111.0000,5110.0000,5109.8000,5108.8000,5115.6000,5115.8000,5116.4000,5116.8000,5117.0000,1,2,1,1,1,1,1,1,2,1
SF,IC2012,2020-06-12 09:32:19.200,5114.8000,24386,0,467757360.000,0,-,-,-,-,5111.6000,5111.4000,5110.0000,5109.8000,5108.8000,5115.6000,5115.8000,5116.4000,5116.8000,5117.0000,2,1,1,1,1,1,1,1,2,1
SF,IC2012,2020-06-12 09:32:19.700,5114.8000,24386,0,467757360.000,0,-,-,-,-,5111.6000,5110.0000,5109.8000,5108.8000,5107.0000,5115.6000,5115.8000,5116.4000,5116.8000,5117.0000,2,1,1,1,1,1,1,1,2,1
SF,IC2012,2020-06-12 09:32:20.200,5114.8000,24386,0,467757360.000,0,-,-,-,-,5112.8000,5111.6000,5111.4000,5110.0000,5109.8000,5115.6000,5115.8000,5116.4000,5116.8000,5117.0000,1,2,1,1,1,1,1,1,2,1
SF,IC2012,2020-06-12 09:32:20.700,5114.8000,24386,0,467757360.000,0,-,-,-,-,5113.0000,5111.6000,5111.4000,5110.0000,5109.8000,5115.6000,5115.8000,5116.4000,5116.8000,5117.0000,1,1,1,1,1,1,1,1,2,1
SF,IC2012,2020-06-12 09:32:21.200,5113.0000,24386,0,468779960.000,1,0,1,多换,S,5111.6000,5111.4000,5110.0000,5109.8000,5108.8000,5115.4000,5115.6000,5115.8000,5116.4000,5116.8000,1,1,1,1,1,1,1,1,1,2
SF,IC2012,2020-06-12 09:32:21.700,5113.0000,24386,0,468779960.000,0,-,-,-,-,5111.6000,5111.4000,5110.0000,5109.8000,5108.8000,5115.0000,5115.4000,5115.6000,5115.8000,5116.4000,1,1,1,1,1,1,1,1,1,1
SF,IC2012,2020-06-12 09:32:22.200,5114.8000,24384,-2,470825880.000,2,0,2,双平,S,5111.6000,5111.4000,5110.0000,5109.8000,5108.8000,5114.8000,5115.0000,5115.6000,5115.8000,5116.4000,1,1,1,1,1,1,1,1,1,1
SF,IC2012,2020-06-12 09:32:22.700,5114.8000,24384,0,470825880.000,0,-,-,-,-,5111.4000,5111.0000,5110.0000,5109.8000,5108.8000,5114.8000,5115.0000,5115.6000,5115.8000,5116.4000,1,1,1,1,1,1,1,1,1,1
SF,IC2012,2020-06-12 09:32:23.200,5114.8000,24384,0,470825880.000,0,-,-,-,-,5111.0000,5110.0000,5109.8000,5109.2000,5108.8000,5114.8000,5115.0000,5115.6000,5115.8000,5116.4000,1,1,1,1,1,1,1,1,1,1
SF,IC2012,2020-06-12 09:32:23.700,5114.8000,24384,0,470825880.000,0,-,-,-,-,5111.2000,5111.0000,5110.0000,5109.8000,5109.2000,5114.8000,5115.0000,5115.6000,5116.4000,5116.8000,1,1,1,1,1,1,1,1,1,2
SF,IC2012,2020-06-12 09:32:24.200,5111.6000,24384,0,471848200.000,1,0,1,多换,S,5111.2000,5111.0000,5110.0000,5109.8000,5109.2000,5114.8000,5115.0000,5115.6000,5116.4000,5116.8000,1,1,1,1,1,1,1,1,1,2
SF,IC2012,2020-06-12 09:32:24.700,5111.6000,24384,0,471848200.000,0,-,-,-,-,5111.0000,5110.0000,5109.8000,5109.2000,5108.8000,5114.8000,5115.6000,5116.4000,5116.8000,5117.0000,1,1,1,1,1,1,1,1,2,1
SF,IC2012,2020-06-12 09:32:25.200,5111.6000,24384,0,471848200.000,0,-,-,-,-,5111.0000,5110.0000,5109.8000,5108.8000,5107.4000,5113.6000,5113.8000,5114.2000,5114.8000,5115.6000,1,1,1,1,1,1,1,1,1,1
SF,IC2012,2020-06-12 09:32:25.700,5111.0000,24383,-1,473892600.000,2,0,2,多平,S,5112.6000,5110.0000,5109.8000,5108.8000,5107.4000,5113.4000,5113.6000,5113.8000,5114.2000,5115.6000,2,1,1,1,1,1,1,1,1,1
SF,IC2012,2020-06-12 09:32:26.200,5112.6000,24381,-2,475937560.000,2,0,2,双平,S,5110.0000,5109.8000,5108.8000,5107.4000,5107.0000,5111.2000,5112.6000,5113.8000,5114.2000,5115.6000,1,1,1,1,1,1,2,1,1,1
SF,IC2012,2020-06-12 09:32:26.700,5110.2000,24380,-1,476959600.000,1,0,1,双平,S,5110.0000,5109.8000,5108.8000,5107.4000,5107.0000,5111.2000,5111.6000,5112.0000,5112.2000,5113.8000,1,1,1,1,1,1,1,1,1,1
SF,IC2012,2020-06-12 09:32:27.200,5110.0000,24380,0,477981600.000,1,0,1,多换,S,5109.8000,5108.8000,5107.4000,5107.0000,5103.0000,5111.2000,5112.0000,5112.2000,5113.4000,5113.8000,1,1,1,1,1,1,1,1,1,1
SF,IC2012,2020-06-12 09:32:27.700,5110.0000,24380,0,477981600.000,0,-,-,-,-,5109.8000,5108.8000,5107.0000,5103.0000,5102.6000,5111.2000,5112.2000,5113.4000,5113.8000,5114.2000,1,2,1,1,1,1,1,1,1,1
SF,IC2012,2020-06-12 09:32:28.200,5110.0000,24380,0,477981600.000,0,-,-,-,-,5109.8000,5108.8000,5107.4000,5107.0000,5103.0000,5111.2000,5112.2000,5113.4000,5113.8000,5114.2000,1,1,1,1,1,1,1,1,1,1
SF,IC2012,2020-06-12 09:32:28.700,5109.8000,24380,0,479003560.000,1,0,1,多换,S,5110.0000,5108.8000,5107.4000,5107.0000,5103.0000,5111.0000,5111.2000,5112.2000,5113.4000,5113.8000,1,1,1,1,1,1,2,1,1,1
SF,IC2012,2020-06-12 09:32:29.200,5108.8000,24380,0,480025320.000,1,0,1,多换,S,5108.8000,5107.0000,5103.0000,5102.6000,5100.6000,5109.8000,5110.0000,5111.0000,5111.2000,5113.4000,1,1,1,1,1,2,1,1,2,1
SF,IC2012,2020-06-12 09:32:29.700,5109.8000,24380,0,481047280.000,1,0,1,多换,S,5108.8000,5107.0000,5103.0000,5102.6000,5100.6000,5110.0000,5110.8000,5111.0000,5111.2000,5113.4000,1,1,1,1,1,1,1,1,3,1
SF,IC2012,2020-06-12 09:32:30.200,5109.8000,24380,0,481047280.000,0,-,-,-,-,5109.8000,5109.0000,5108.8000,5107.0000,5103.0000,5110.0000,5111.0000,5111.2000,5113.4000,5115.8000,2,1,1,1,1,1,1,3,1,1
SF,IC2012,2020-06-12 09:32:30.700,5111.2000,24378,-2,484113720.000,3,0,3,多平,S,5110.2000,5110.0000,5109.8000,5109.0000,5108.8000,5111.2000,5113.4000,5115.8000,5116.8000,5117.0000,2,1,3,1,1,1,1,1,1,1
SF,IC2012,2020-06-12 09:32:31.200,5109.8000,24378,0,488201960.000,4,2,2,多换,S,5109.0000,5108.8000,5107.0000,5103.0000,5102.6000,5110.0000,5113.4000,5115.8000,5116.8000,5117.0000,1,1,1,1,1,2,1,1,1,1
SF,IC2012,2020-06-12 09:32:31.700,5110.0000,24378,0,490245960.000,2,1,1,多换,S,5111.4000,5110.0000,5107.0000,5103.0000,5102.6000,5113.4000,5115.8000,5116.8000,5117.0000,5119.0000,1,4,1,1,1,1,1,1,1,1
SF,IC2012,2020-06-12 09:32:32.200,5111.4000,24378,0,491268240.000,1,0,1,多换,S,5110.0000,5107.0000,5103.0000,5102.6000,5100.6000,5111.4000,5112.4000,5113.4000,5115.8000,5116.8000,1,1,1,1,1,1,1,1,1,1
SF,IC2012,2020-06-12 09:32:32.700,5111.4000,24378,0,492290520.000,1,0,1,多换,S,5107.0000,5103.0000,5102.6000,5100.6000,5100.0000,5112.4000,5113.4000,5115.8000,5116.8000,5117.0000,1,1,1,1,7,1,1,1,1,1
SF,IC2012,2020-06-12 09:32:33.200,5112.4000,24377,-1,493313000.000,1,0,1,双平,S,5111.4000,5107.2000,5107.0000,5103.0000,5102.6000,5113.4000,5115.8000,5116.8000,5117.0000,5119.0000,1,1,1,1,1,1,1,1,1,1
SF,IC2012,2020-06-12 09:32:33.700,5111.4000,24376,-1,494335280.000,1,0,1,双平,S,5107.2000,5107.0000,5103.0000,5102.6000,5100.0000,5113.4000,5115.8000,5116.8000,5117.0000,5119.0000,1,2,1,1,7,1,1,1,1,1
SF,IC2012,2020-06-12 09:32:34.200,5111.4000,24376,0,494335280.000,0,-,-,-,-,5107.2000,5107.0000,5103.0000,5102.6000,5100.0000,5111.4000,5113.4000,5115.8000,5116.8000,5117.0000,1,2,1,1,7,2,1,1,1,1
SF,IC2012,2020-06-12 09:32:34.700,5111.4000,24376,0,494335280.000,0,-,-,-,-,5107.2000,5107.0000,5103.0000,5102.6000,5100.0000,5111.4000,5113.4000,5115.8000,5116.8000,5117.0000,1,2,1,1,7,2,1,1,1,1
SF,IC2012,2020-06-12 09:32:35.200,5111.4000,24376,0,495357560.000,1,0,1,多换,S,5107.2000,5107.0000,5103.0000,5102.6000,5100.0000,5113.4000,5115.8000,5116.8000,5117.0000,5119.0000,1,2,1,1,7,1,1,1,1,1
SF,IC2012,2020-06-12 09:32:35.700,5111.4000,24376,0,496379840.000,1,0,1,多换,S,5107.4000,5107.0000,5103.0000,5102.6000,5100.0000,5113.2000,5113.4000,5115.8000,5116.8000,5117.0000,2,1,1,1,7,1,1,1,1,1
SF,IC2012,2020-06-12 09:32:36.700,5111.4000,24376,0,496379840.000,0,-,-,-,-,5107.4000,5107.0000,5103.0000,5102.6000,5100.0000,5113.2000,5113.4000,5115.8000,5116.8000,5117.0000,2,1,1,1,7,1,1,1,1,1
SF,IC2012,2020-06-12 09:32:37.200,5111.4000,24376,0,496379840.000,0,-,-,-,-,5107.4000,5107.0000,5103.0000,5102.6000,5100.0000,5113.2000,5113.4000,5115.8000,5116.8000,5117.0000,2,1,1,1,7,1,1,1,1,1
SF,IC2012,2020-06-12 09:32:38.200,5112.0000,24377,1,497402240.000,1,1,0,双开,S,5107.4000,5107.0000,5103.0000,5102.6000,5102.0000,5113.2000,5113.4000,5115.8000,5116.8000,5117.0000,1,1,1,1,1,1,1,1,1,1
SF,IC2012,2020-06-12 09:32:38.700,5112.0000,24377,0,497402240.000,0,-,-,-,-,5107.4000,5107.2000,5107.0000,5103.0000,5102.6000,5113.2000,5113.4000,5115.8000,5116.8000,5117.0000,1,1,1,1,1,2,1,1,1,1
SF,IC2012,2020-06-12 09:32:39.200,5112.0000,24377,0,497402240.000,0,-,-,-,-,5107.4000,5107.2000,5107.0000,5103.0000,5102.6000,5113.2000,5113.4000,5115.8000,5116.8000,5117.0000,1,1,1,1,1,3,1,1,1,1
SF,IC2012,2020-06-12 09:32:39.700,5112.0000,24377,0,497402240.000,0,-,-,-,-,5107.4000,5107.2000,5107.0000,5103.0000,5102.6000,5110.4000,5112.8000,5113.2000,5113.4000,5115.8000,1,1,1,1,1,1,1,3,1,1
SF,IC2012,2020-06-12 09:32:40.200,5112.0000,24377,0,497402240.000,0,-,-,-,-,5107.4000,5107.2000,5107.0000,5103.0000,5102.6000,5110.2000,5112.8000,5113.2000,5113.4000,5115.8000,1,1,1,1,1,1,1,2,1,1
SF,IC2012,2020-06-12 09:32:40.700,5112.0000,24377,0,497402240.000,0,-,-,-,-,5107.4000,5107.2000,5107.0000,5103.0000,5102.6000,5110.2000,5112.8000,5113.2000,5113.4000,5115.8000,1,1,1,1,1,1,1,2,1,1
SF,IC2012,2020-06-12 09:32:41.200,5112.0000,24377,0,497402240.000,0,-,-,-,-,5109.2000,5107.4000,5107.0000,5103.0000,5102.6000,5110.2000,5112.8000,5113.2000,5113.4000,5115.8000,1,1,1,1,1,1,1,2,1,1
SF,IC2012,2020-06-12 09:32:41.700,5109.6000,24377,0,500467840.000,3,1,2,多换,S,5107.4000,5107.0000,5103.0000,5102.6000,5102.0000,5112.8000,5113.2000,5113.4000,5115.8000,5116.4000,1,1,1,1,1,1,2,1,1,1
SF,IC2012,2020-06-12 09:32:42.200,5109.2000,24376,-1,501489680.000,1,0,1,双平,S,5107.4000,5107.2000,5107.0000,5103.0000,5102.6000,5112.6000,5112.8000,5113.2000,5113.4000,5115.8000,1,1,1,1,1,1,1,1,1,1
SF,IC2012,2020-06-12 09:32:42.700,5109.2000,24376,0,501489680.000,0,-,-,-,-,5107.4000,5107.0000,5103.0000,5102.6000,5102.0000,5111.6000,5112.2000,5112.6000,5112.8000,5113.2000,1,1,1,1,1,1,1,1,1,1
SF,IC2012,2020-06-12 09:32:43.200,5109.2000,24376,0,501489680.000,0,-,-,-,-,5107.4000,5107.0000,5103.0000,5102.6000,5102.0000,5111.4000,5112.8000,5113.2000,5113.4000,5115.8000,1,1,1,1,1,1,1,1,1,1
SF,IC2012,2020-06-12 09:32:43.700,5112.8000,24376,0,503534520.000,2,1,1,多换,S,5107.6000,5107.4000,5107.2000,5107.0000,5103.0000,5113.2000,5113.4000,5115.8000,5116.4000,5116.8000,1,1,1,1,1,1,1,1,1,1
SF,IC2012,2020-06-12 09:32:44.200,5113.2000,24375,-1,504557160.000,1,0,1,双平,S,5107.6000,5107.4000,5107.2000,5107.0000,5103.0000,5113.4000,5115.8000,5116.4000,5116.8000,5119.0000,1,1,1,1,1,1,1,1,1,1
SF,IC2012,2020-06-12 09:32:45.200,5113.2000,24375,0,504557160.000,0,-,-,-,-,5108.0000,5107.6000,5107.4000,5107.2000,5107.0000,5112.6000,5113.4000,5115.8000,5116.4000,5116.8000,1,1,1,1,1,1,1,1,1,1
SF,IC2012,2020-06-12 09:32:45.700,5113.2000,24375,0,504557160.000,0,-,-,-,-,5108.2000,5108.0000,5107.8000,5107.2000,5107.0000,5112.6000,5113.4000,5115.8000,5116.4000,5116.8000,1,1,1,1,1,1,1,1,1,1
SF,IC2012,2020-06-12 09:32:46.200,5108.0000,24374,-1,506600400.000,2,0,2,多平,S,5107.8000,5107.2000,5107.0000,5103.0000,5102.6000,5108.0000,5112.6000,5113.4000,5115.8000,5116.4000,1,1,1,1,1,2,1,1,1,1
SF,IC2012,2020-06-12 09:32:46.700,5108.0000,24372,-2,508643600.000,2,0,2,双平,S,5108.4000,5108.2000,5108.0000,5107.8000,5107.2000,5112.6000,5113.4000,5115.8000,5116.4000,5116.8000,2,1,1,1,1,1,1,1,1,1
SF,IC2012,2020-06-12 09:32:47.200,5108.0000,24372,0,508643600.000,0,-,-,-,-,5108.6000,5108.4000,5107.8000,5107.0000,5103.0000,5111.6000,5112.6000,5113.4000,5115.8000,5116.4000,1,1,1,1,1,2,1,1,1,1
SF,IC2012,2020-06-12 09:32:47.700,5108.0000,24372,0,508643600.000,0,-,-,-,-,5108.4000,5107.8000,5107.0000,5103.0000,5102.6000,5111.4000,5111.6000,5111.8000,5112.6000,5113.4000,1,1,1,1,1,1,1,1,1,1
SF,IC2012,2020-06-12 09:32:48.200,5107.8000,24373,1,510686720.000,2,1,1,空开,S,5107.0000,5103.0000,5102.6000,5102.0000,5100.0000,5107.8000,5110.8000,5111.4000,5111.6000,5111.8000,1,1,1,1,8,1,1,1,1,1
SF,IC2012,2020-06-12 09:32:48.700,5107.8000,24373,0,511708280.000,1,0,1,多换,S,5108.2000,5107.8000,5107.0000,5103.0000,5102.6000,5110.8000,5111.4000,5111.6000,5111.8000,5112.6000,1,1,1,1,1,1,1,1,1,1
SF,IC2012,2020-06-12 09:32:49.200,5107.8000,24373,0,511708280.000,0,-,-,-,-,5107.8000,5107.0000,5103.0000,5102.6000,5102.0000,5110.6000,5110.8000,5111.6000,5111.8000,5112.6000,1,1,1,1,1,1,1,1,1,1
SF,IC2012,2020-06-12 09:32:50.200,5107.8000,24373,0,511708280.000,0,-,-,-,-,5107.8000,5107.0000,5103.0000,5102.6000,5102.0000,5110.6000,5110.8000,5111.6000,5111.8000,5112.6000,1,1,1,1,1,1,1,1,1,1
SF,IC2012,2020-06-12 09:32:50.700,5107.8000,24373,0,512729840.000,1,0,1,多换,S,5107.4000,5107.0000,5103.0000,5102.6000,5102.0000,5110.4000,5110.6000,5111.6000,5112.6000,5113.2000,1,1,1,1,1,1,1,1,1,1
SF,IC2012,2020-06-12 09:32:51.200,5107.8000,24373,0,512729840.000,0,-,-,-,-,5107.4000,5107.0000,5103.0000,5102.6000,5102.0000,5110.2000,5110.4000,5111.6000,5112.6000,5113.2000,1,1,1,1,1,1,1,1,1,1
SF,IC2012,2020-06-12 09:32:51.700,5107.8000,24373,0,512729840.000,0,-,-,-,-,5107.4000,5107.0000,5103.0000,5102.6000,5102.0000,5110.2000,5110.4000,5111.6000,5112.6000,5113.2000,1,1,1,1,1,1,1,1,1,1
SF,IC2012,2020-06-12 09:32:52.200,5107.4000,24373,0,513751320.000,1,0,1,多换,S,5108.0000,5107.0000,5103.0000,5102.6000,5102.0000,5110.2000,5110.4000,5111.6000,5112.6000,5113.2000,1,1,1,1,1,1,1,1,1,1
SF,IC2012,2020-06-12 09:32:52.700,5110.0000,24371,-2,515795320.000,2,0,2,双平,S,5108.0000,5107.0000,5103.0000,5102.6000,5102.0000,5110.2000,5111.6000,5112.6000,5113.2000,5113.4000,1,1,1,1,1,1,1,1,1,1
SF,IC2012,2020-06-12 09:32:53.200,5110.0000,24371,0,515795320.000,0,-,-,-,-,5108.0000,5107.4000,5107.0000,5103.0000,5102.0000,5109.6000,5110.2000,5111.6000,5112.6000,5113.2000,1,1,1,1,1,1,1,1,1,1
SF,IC2012,2020-06-12 09:32:53.700,5110.0000,24371,0,516817320.000,1,0,1,多换,S,5108.0000,5107.4000,5107.0000,5103.0000,5102.0000,5110.2000,5111.6000,5112.6000,5113.2000,5113.4000,1,1,1,1,1,1,1,1,1,1
SF,IC2012,2020-06-12 09:32:54.200,5110.0000,24371,0,516817320.000,0,-,-,-,-,5108.0000,5107.4000,5107.0000,5103.0000,5102.0000,5110.2000,5111.6000,5112.6000,5113.2000,5113.4000,1,1,1,1,1,1,1,1,1,1
SF,IC2012,2020-06-12 09:32:55.200,5108.0000,24371,0,517838920.000,1,0,1,多换,S,5107.4000,5107.0000,5103.0000,5102.0000,5101.0000,5108.0000,5110.2000,5111.6000,5112.6000,5113.4000,1,1,1,1,1,1,1,1,1,1
SF,IC2012,2020-06-12 09:32:55.700,5108.0000,24370,-1,519882120.000,2,0,2,多平,S,5107.4000,5107.0000,5103.0000,5102.0000,5101.0000,5107.8000,5110.2000,5111.6000,5112.6000,5113.4000,1,1,1,1,1,20,1,1,1,1
SF,IC2012,2020-06-12 09:32:56.200,5108.0000,24369,-1,520903720.000,1,0,1,双平,S,5107.4000,5107.0000,5103.0000,5102.0000,5101.0000,5107.8000,5110.2000,5111.6000,5112.6000,5113.4000,1,1,1,1,1,19,1,1,1,1
SF,IC2012,2020-06-12 09:32:56.700,5107.8000,24369,0,524989800.000,4,2,2,多换,S,5107.2000,5107.0000,5103.0000,5102.0000,5101.0000,5107.8000,5110.2000,5111.6000,5112.6000,5113.0000,1,1,1,1,1,18,1,1,1,1
SF,IC2012,2020-06-12 09:32:57.200,5107.8000,24368,-1,526011360.000,1,0,1,双平,S,5107.0000,5103.0000,5102.0000,5101.0000,5100.0000,5107.8000,5110.2000,5111.6000,5112.6000,5113.0000,1,1,1,1,9,17,1,1,1,1
SF,IC2012,2020-06-12 09:32:58.200,5107.0000,24368,0,527032760.000,1,0,1,多换,S,5103.0000,5102.0000,5101.0000,5100.0000,5098.0000,5107.8000,5110.2000,5111.6000,5112.6000,5113.0000,1,1,1,9,1,17,1,1,1,1
SF,IC2012,2020-06-12 09:32:58.700,5107.8000,24366,-2,529075880.000,2,0,2,双平,S,5105.2000,5103.0000,5102.0000,5101.0000,5100.0000,5107.6000,5107.8000,5111.6000,5112.6000,5113.0000,1,1,1,1,9,1,15,1,1,1
SF,IC2012,2020-06-12 09:32:59.200,5105.4000,24363,-3,534183200.000,5,1,4,多平,S,5107.2000,5105.2000,5103.2000,5103.0000,5102.0000,5107.8000,5111.6000,5112.6000,5113.0000,5115.8000,1,1,1,1,1,12,1,1,1,1
SF,IC2012,2020-06-12 09:32:59.700,5107.8000,24361,-2,540312560.000,6,2,4,多平,S,5107.2000,5105.2000,5103.2000,5103.0000,5102.0000,5107.8000,5111.6000,5112.6000,5113.0000,5115.8000,1,1,1,1,1,6,1,1,1,1
SF,IC2012,2020-06-12 09:33:00.200,5107.8000,24355,-6,546441920.000,6,0,6,双平,S,5107.8000,5107.2000,5105.2000,5103.2000,5103.0000,5111.6000,5112.6000,5113.0000,5115.8000,5116.8000,1,2,1,1,1,1,1,1,1,1
SF,IC2012,2020-06-12 09:33:00.700,5107.8000,24355,0,547463480.000,1,0,1,多换,S,5108.0000,5107.8000,5107.2000,5105.2000,5105.0000,5111.6000,5112.6000,5113.0000,5115.8000,5116.8000,1,1,2,1,1,1,1,1,1,1
SF,IC2012,2020-06-12 09:33:01.200,5107.8000,24355,0,547463480.000,0,-,-,-,-,5108.0000,5107.8000,5107.2000,5105.8000,5105.2000,5111.6000,5113.0000,5115.8000,5116.8000,5119.0000,1,1,2,1,1,1,1,1,1,1
SF,IC2012,2020-06-12 09:33:01.700,5107.8000,24356,1,548485040.000,1,1,0,双开,S,5107.8000,5107.2000,5105.8000,5105.2000,5105.0000,5111.6000,5113.0000,5115.8000,5116.8000,5119.0000,1,2,1,1,1,1,1,1,1,1
SF,IC2012,2020-06-12 09:33:02.200,5107.8000,24356,0,549506600.000,1,0,1,多换,S,5109.8000,5108.0000,5107.8000,5107.2000,5106.0000,5111.6000,5113.0000,5115.8000,5116.8000,5119.0000,1,1,1,2,1,1,1,1,1,1
SF,IC2012,2020-06-12 09:33:02.700,5109.8000,24355,-1,550528560.000,1,0,1,双平,S,5108.0000,5107.8000,5107.2000,5106.0000,5105.8000,5111.6000,5113.0000,5116.8000,5119.0000,5120.0000,1,1,2,1,1,2,1,1,1,2
SF,IC2012,2020-06-12 09:33:03.200,5109.8000,24355,0,550528560.000,0,-,-,-,-,5108.0000,5107.8000,5107.2000,5106.0000,5105.8000,5109.8000,5111.6000,5113.0000,5116.8000,5119.0000,1,1,2,1,1,2,4,1,1,1
SF,IC2012,2020-06-12 09:33:03.700,5109.8000,24355,0,550528560.000,0,-,-,-,-,5107.8000,5107.2000,5106.0000,5105.8000,5105.2000,5109.8000,5111.6000,5113.0000,5116.8000,5119.0000,1,2,1,1,1,2,2,1,1,1
SF,IC2012,2020-06-12 09:33:04.200,5109.8000,24355,0,550528560.000,0,-,-,-,-,5107.2000,5106.0000,5105.8000,5105.2000,5103.0000,5109.8000,5111.6000,5113.0000,5116.8000,5119.0000,2,1,1,1,1,1,2,1,1,1
SF,IC2012,2020-06-12 09:33:04.700,5109.8000,24355,0,550528560.000,0,-,-,-,-,5107.2000,5106.0000,5105.8000,5105.2000,5103.0000,5109.6000,5109.8000,5111.6000,5113.0000,5116.8000,2,1,1,1,1,1,1,2,1,1
SF,IC2012,2020-06-12 09:33:05.200,5109.8000,24355,0,551550520.000,1,0,1,多换,S,5107.2000,5105.8000,5105.2000,5103.0000,5102.0000,5109.8000,5111.6000,5113.0000,5116.8000,5119.0000,2,1,1,1,1,1,2,1,1,1
SF,IC2012,2020-06-12 09:33:05.700,5109.8000,24355,0,551550520.000,0,-,-,-,-,5107.4000,5107.2000,5103.0000,5102.0000,5101.0000,5111.6000,5113.0000,5116.8000,5119.0000,5120.0000,2,3,1,1,1,2,1,1,1,2
SF,IC2012,2020-06-12 09:33:06.200,5109.8000,24355,0,551550520.000,0,-,-,-,-,5107.4000,5107.2000,5103.0000,5102.0000,5101.0000,5111.6000,5113.0000,5116.8000,5119.0000,5120.0000,3,3,1,1,1,2,1,1,1,2
SF,IC2012,2020-06-12 09:33:06.700,5109.8000,24355,0,551550520.000,0,-,-,-,-,5107.8000,5107.4000,5107.2000,5104.8000,5103.0000,5111.6000,5113.0000,5116.8000,5119.0000,5120.0000,1,3,3,1,1,2,1,1,1,2
SF,IC2012,2020-06-12 09:33:07.200,5108.2000,24353,-2,553593800.000,2,0,2,双平,S,5108.0000,5107.8000,5107.4000,5107.2000,5104.8000,5111.6000,5113.0000,5116.8000,5119.0000,5120.0000,1,1,2,3,1,2,1,1,1,2
SF,IC2012,2020-06-12 09:33:08.200,5108.2000,24353,0,553593800.000,0,-,-,-,-,5109.2000,5108.2000,5108.0000,5107.4000,5107.2000,5111.6000,5113.0000,5116.8000,5119.0000,5120.0000,1,1,1,2,3,2,1,1,1,2
SF,IC2012,2020-06-12 09:33:08.700,5108.2000,24353,0,553593800.000,0,-,-,-,-,5109.2000,5108.2000,5108.0000,5107.2000,5104.8000,5111.6000,5113.0000,5116.8000,5119.0000,5120.0000,1,2,1,3,1,2,1,1,1,2
SF,IC2012,2020-06-12 09:33:09.200,5111.6000,24353,0,555638400.000,2,1,1,多换,S,5108.2000,5108.0000,5107.2000,5104.8000,5103.0000,5111.6000,5113.0000,5116.8000,5119.0000,5120.0000,2,1,3,1,1,1,1,1,1,2
SF,IC2012,2020-06-12 09:33:09.700,5111.6000,24353,0,555638400.000,0,-,-,-,-,5108.4000,5108.2000,5107.2000,5104.8000,5103.0000,5111.6000,5113.0000,5116.8000,5119.0000,5120.0000,1,2,3,1,1,1,1,1,1,2
SF,IC2012,2020-06-12 09:33:10.200,5111.6000,24353,0,555638400.000,0,-,-,-,-,5108.4000,5108.2000,5107.2000,5104.8000,5103.0000,5111.6000,5113.0000,5116.8000,5119.0000,5120.0000,1,1,3,1,1,1,1,1,1,2
SF,IC2012,2020-06-12 09:33:11.200,5111.6000,24352,-1,556660720.000,1,0,1,双平,S,5108.8000,5108.4000,5108.2000,5107.2000,5104.8000,5113.0000,5116.8000,5119.0000,5120.0000,5120.2000,1,1,1,3,1,1,1,1,2,1
SF,IC2012,2020-06-12 09:33:11.700,5111.6000,24352,0,556660720.000,0,-,-,-,-,5111.6000,5109.0000,5108.8000,5108.2000,5107.2000,5113.0000,5116.8000,5119.0000,5120.0000,5120.2000,5,3,1,1,3,1,1,1,2,1
SF,IC2012,2020-06-12 09:33:12.200,5111.6000,24352,0,556660720.000,0,-,-,-,-,5111.6000,5109.0000,5108.2000,5107.2000,5103.0000,5113.0000,5116.8000,5119.0000,5120.0000,5120.2000,5,3,1,3,1,1,1,1,2,1
SF,IC2012,2020-06-12 09:33:12.700,5111.6000,24354,2,559727680.000,3,2,1,空开,S,5111.6000,5109.0000,5108.2000,5107.2000,5103.0000,5113.0000,5116.8000,5119.0000,5120.0000,5120.2000,2,3,1,3,1,1,1,1,2,1
SF,IC2012,2020-06-12 09:33:13.200,5111.6000,24354,0,559727680.000,0,-,-,-,-,5111.6000,5109.0000,5108.2000,5107.2000,5103.0000,5113.0000,5116.8000,5119.0000,5120.0000,5120.2000,2,1,1,3,1,1,1,1,2,1
SF,IC2012,2020-06-12 09:33:15.200,5111.6000,24354,0,560750000.000,1,0,1,多换,S,5111.6000,5109.0000,5108.2000,5107.2000,5103.0000,5113.0000,5116.8000,5119.0000,5120.0000,5120.2000,1,1,1,3,1,2,1,1,2,1
SF,IC2012,2020-06-12 09:33:15.700,5111.6000,24354,0,560750000.000,0,-,-,-,-,5111.6000,5109.0000,5108.2000,5107.2000,5103.0000,5113.0000,5116.8000,5119.0000,5120.0000,5120.2000,1,1,1,3,1,2,1,1,2,1
SF,IC2012,2020-06-12 09:33:16.200,5111.6000,24353,-1,562794640.000,2,0,2,多平,S,5109.0000,5108.2000,5107.2000,5103.0000,5102.0000,5111.2000,5113.0000,5116.8000,5119.0000,5120.0000,1,1,3,1,1,1,2,1,1,2
SF,IC2012,2020-06-12 09:33:16.700,5111.6000,24353,0,564839280.000,2,1,1,多换,S,5111.6000,5109.0000,5108.2000,5107.2000,5103.0000,5113.0000,5116.8000,5119.0000,5120.0000,5120.2000,3,1,1,3,1,2,1,1,2,1
SF,IC2012,2020-06-12 09:33:17.200,5111.6000,24352,-1,568928560.000,4,1,3,多平,S,5109.4000,5109.0000,5108.2000,5107.2000,5103.0000,5111.4000,5111.6000,5113.0000,5116.8000,5119.0000,1,1,1,3,1,2,1,4,1,1
SF,IC2012,2020-06-12 09:33:18.200,5111.6000,24353,1,573017320.000,4,2,2,空开,S,5111.6000,5109.0000,5108.2000,5107.2000,5103.0000,5113.0000,5114.0000,5116.8000,5119.0000,5120.0000,2,1,1,3,1,4,1,1,1,2
SF,IC2012,2020-06-12 09:33:18.700,5111.6000,24353,0,575061960.000,2,1,1,多换,S,5111.4000,5109.0000,5108.2000,5107.2000,5103.0000,5111.6000,5113.0000,5114.0000,5116.8000,5119.0000,1,1,1,3,1,1,4,1,1,1
SF,IC2012,2020-06-12 09:33:19.200,5111.6000,24352,-1,577106560.000,2,0,2,多平,S,5111.6000,5109.0000,5108.2000,5107.2000,5103.0000,5113.0000,5116.8000,5119.0000,5120.0000,5120.2000,4,1,1,3,1,4,1,1,2,1
SF,IC2012,2020-06-12 09:33:20.200,5111.6000,24353,1,578128880.000,1,1,0,双开,S,5111.6000,5109.0000,5108.2000,5107.2000,5103.0000,5112.8000,5113.0000,5116.8000,5119.0000,5120.0000,3,1,1,3,1,1,4,1,1,2
SF,IC2012,2020-06-12 09:33:20.700,5111.6000,24353,0,578128880.000,0,-,-,-,-,5111.6000,5109.0000,5108.2000,5107.2000,5103.0000,5112.0000,5112.8000,5113.0000,5116.8000,5119.0000,3,1,1,3,1,1,1,4,1,1
SF,IC2012,2020-06-12 09:33:21.200,5112.0000,24352,-1,580173600.000,2,0,2,多平,S,5112.4000,5112.2000,5111.6000,5109.0000,5108.2000,5112.8000,5113.0000,5116.8000,5119.0000,5120.0000,2,1,2,1,1,1,4,1,1,2
SF,IC2012,2020-06-12 09:33:21.700,5112.4000,24351,-1,581196080.000,1,0,1,双平,S,5112.4000,5112.2000,5111.6000,5111.2000,5109.0000,5112.8000,5113.0000,5116.8000,5119.0000,5120.0000,1,1,2,1,1,1,4,1,1,2
SF,IC2012,2020-06-12 09:33:22.200,5112.6000,24347,-4,585286040.000,4,0,4,双平,S,5111.6000,5111.2000,5110.6000,5109.0000,5108.2000,5112.8000,5113.0000,5116.8000,5119.0000,5120.0000,2,1,1,1,1,1,4,1,1,2
SF,IC2012,2020-06-12 09:33:22.700,5112.6000,24347,0,585286040.000,0,-,-,-,-,5111.6000,5111.2000,5110.6000,5109.6000,5109.0000,5112.8000,5113.0000,5116.8000,5119.0000,5120.0000,2,1,1,1,1,1,4,1,1,2
SF,IC2012,2020-06-12 09:33:23.700,5111.6000,24347,0,587330680.000,2,1,1,多换,S,5111.2000,5110.6000,5110.0000,5109.6000,5109.0000,5112.8000,5113.0000,5116.8000,5119.0000,5120.0000,1,1,1,1,1,1,4,1,1,2
SF,IC2012,2020-06-12 09:33:24.200,5111.6000,24347,0,587330680.000,0,-,-,-,-,5111.6000,5111.2000,5110.6000,5110.0000,5109.6000,5112.8000,5113.0000,5116.8000,5119.0000,5120.0000,5,1,1,1,1,1,4,1,1,2
SF,IC2012,2020-06-12 09:33:24.700,5111.6000,24347,0,587330680.000,0,-,-,-,-,5111.6000,5111.2000,5110.6000,5110.0000,5109.6000,5112.8000,5113.0000,5116.8000,5119.0000,5120.0000,5,1,1,2,1,1,4,1,1,2
SF,IC2012,2020-06-12 09:33:25.200,5111.6000,24347,0,587330680.000,0,-,-,-,-,5111.6000,5111.2000,5110.6000,5110.0000,5109.6000,5112.8000,5113.0000,5116.8000,5119.0000,5120.0000,5,1,1,2,1,1,4,1,1,2
SF,IC2012,2020-06-12 09:33:25.700,5111.6000,24347,0,587330680.000,0,-,-,-,-,5111.6000,5111.2000,5110.6000,5110.0000,5109.6000,5112.6000,5112.8000,5113.0000,5116.8000,5119.0000,5,1,1,2,1,1,1,4,1,1
SF,IC2012,2020-06-12 09:33:26.200,5111.6000,24347,0,587330680.000,0,-,-,-,-,5111.6000,5111.2000,5110.6000,5110.0000,5109.6000,5112.6000,5112.8000,5113.0000,5116.8000,5119.0000,5,1,1,2,1,1,1,4,1,1
SF,IC2012,2020-06-12 09:33:26.700,5111.6000,24347,0,592442280.000,5,2,3,多换,S,5111.2000,5110.6000,5110.0000,5109.6000,5109.0000,5111.6000,5112.6000,5112.8000,5113.0000,5116.8000,1,1,2,1,1,4,1,1,6,1
SF,IC2012,2020-06-12 09:33:27.200,5111.6000,24346,-1,593464600.000,1,0,1,双平,S,5111.2000,5110.6000,5110.0000,5109.6000,5109.0000,5111.6000,5112.6000,5112.8000,5113.0000,5116.8000,1,1,3,1,1,3,1,1,6,1
SF,IC2012,2020-06-12 09:33:27.700,5111.6000,24346,0,593464600.000,0,-,-,-,-,5111.2000,5110.6000,5110.0000,5109.6000,5109.0000,5111.6000,5112.6000,5112.8000,5113.0000,5114.0000,1,1,2,1,1,2,1,1,4,1
SF,IC2012,2020-06-12 09:33:28.200,5111.4000,24339,-7,600620720.000,7,0,7,双平,S,5110.6000,5110.0000,5109.6000,5109.0000,5108.2000,5112.8000,5113.0000,5114.0000,5116.8000,5119.0000,1,2,1,1,1,1,4,1,1,1
SF,IC2012,2020-06-12 09:33:28.700,5111.4000,24339,0,600620720.000,0,-,-,-,-,5111.6000,5111.4000,5110.8000,5110.6000,5110.0000,5112.8000,5113.0000,5114.0000,5116.2000,5116.8000,5,1,1,1,2,1,4,1,1,1
SF,IC2012,2020-06-12 09:33:29.200,5111.6000,24340,1,601643040.000,1,1,0,双开,S,5111.6000,5110.8000,5110.6000,5110.0000,5109.6000,5112.8000,5113.0000,5114.0000,5116.2000,5116.8000,4,1,1,3,1,1,4,1,1,1
SF,IC2012,2020-06-12 09:33:29.700,5111.6000,24340,0,601643040.000,0,-,-,-,-,5111.6000,5110.8000,5110.6000,5110.0000,5109.6000,5112.8000,5113.0000,5114.0000,5116.2000,5116.8000,4,1,1,3,1,1,4,1,1,1
SF,IC2012,2020-06-12 09:33:31.200,5113.0000,24337,-3,604710800.000,3,0,3,双平,S,5112.8000,5111.8000,5111.6000,5110.6000,5110.0000,5113.0000,5114.0000,5116.2000,5116.8000,5119.0000,1,1,4,1,3,2,1,1,1,1
SF,IC2012,2020-06-12 09:33:31.700,5113.0000,24335,-2,606756000.000,2,0,2,双平,S,5112.8000,5111.8000,5111.6000,5111.2000,5110.6000,5114.0000,5116.2000,5116.8000,5119.0000,5120.0000,2,1,4,1,1,1,1,1,1,2
SF,IC2012,2020-06-12 09:33:32.200,5113.0000,24335,0,606756000.000,0,-,-,-,-,5112.8000,5111.8000,5111.6000,5111.2000,5110.6000,5114.0000,5116.2000,5116.8000,5119.0000,5120.0000,2,1,4,1,1,1,1,1,1,2
SF,IC2012,2020-06-12 09:33:32.700,5113.0000,24335,0,606756000.000,0,-,-,-,-,5112.8000,5112.4000,5111.8000,5111.6000,5110.6000,5114.0000,5116.2000,5116.8000,5119.0000,5120.0000,2,1,1,4,1,1,1,1,1,2
SF,IC2012,2020-06-12 09:33:33.200,5113.0000,24335,0,606756000.000,0,-,-,-,-,5112.8000,5111.8000,5111.6000,5111.2000,5110.6000,5114.0000,5116.2000,5116.8000,5119.0000,5120.0000,2,1,4,1,1,1,1,1,1,2
SF,IC2012,2020-06-12 09:33:34.200,5112.8000,24335,0,608801120.000,2,1,1,多换,S,5111.8000,5111.6000,5111.2000,5110.6000,5110.0000,5114.0000,5116.2000,5116.8000,5119.0000,5120.0000,1,4,1,1,3,1,1,1,1,2
SF,IC2012,2020-06-12 09:33:34.700,5112.8000,24335,0,611868800.000,3,1,2,多换,S,5111.8000,5111.6000,5110.6000,5110.0000,5109.0000,5114.0000,5116.2000,5116.8000,5119.0000,5120.0000,1,4,1,4,1,1,1,1,1,2
SF,IC2012,2020-06-12 09:33:35.200,5112.8000,24335,0,611868800.000,0,-,-,-,-,5111.8000,5111.6000,5110.6000,5110.0000,5109.0000,5114.0000,5116.2000,5116.8000,5119.0000,5120.0000,1,4,1,3,1,1,1,1,1,2
SF,IC2012,2020-06-12 09:33:35.700,5112.8000,24335,0,611868800.000,0,-,-,-,-,5111.8000,5111.6000,5110.6000,5110.0000,5109.0000,5114.0000,5116.2000,5116.8000,5119.0000,5120.0000,1,4,1,3,1,1,1,1,1,2
SF,IC2012,2020-06-12 09:33:36.200,5112.8000,24335,0,611868800.000,0,-,-,-,-,5111.8000,5111.6000,5110.6000,5110.0000,5109.0000,5113.8000,5114.0000,5116.2000,5116.8000,5119.0000,1,4,1,3,1,1,1,1,1,1
SF,IC2012,2020-06-12 09:33:36.700,5112.8000,24335,0,611868800.000,0,-,-,-,-,5111.8000,5111.6000,5110.6000,5110.0000,5109.0000,5114.0000,5116.2000,5116.8000,5119.0000,5120.0000,1,5,1,3,1,1,1,1,1,2
SF,IC2012,2020-06-12 09:33:37.200,5112.8000,24335,0,611868800.000,0,-,-,-,-,5111.8000,5111.6000,5110.6000,5110.0000,5109.4000,5114.0000,5116.2000,5116.8000,5119.0000,5120.0000,1,4,1,3,1,1,1,1,1,2
SF,IC2012,2020-06-12 09:33:37.700,5112.8000,24335,0,611868800.000,0,-,-,-,-,5111.8000,5111.6000,5110.6000,5110.0000,5109.4000,5113.8000,5114.0000,5116.2000,5116.8000,5119.0000,1,4,1,3,1,1,1,1,1,1
SF,IC2012,2020-06-12 09:33:38.200,5114.0000,24335,0,612891600.000,1,0,1,多换,S,5111.8000,5111.6000,5110.6000,5110.0000,5109.4000,5116.2000,5116.8000,5119.0000,5120.0000,5120.2000,1,4,1,3,1,1,1,1,2,1
SF,IC2012,2020-06-12 09:33:38.700,5112.0000,24335,0,613914000.000,1,0,1,多换,S,5111.6000,5110.6000,5110.0000,5109.4000,5108.6000,5111.8000,5112.8000,5113.8000,5116.0000,5116.2000,4,1,3,1,1,2,1,1,1,1
SF,IC2012,2020-06-12 09:33:39.200,5111.8000,24332,-3,616981080.000,3,0,3,双平,S,5111.8000,5111.6000,5110.6000,5110.0000,5109.4000,5116.0000,5116.2000,5116.8000,5119.0000,5120.0000,1,5,1,3,1,1,1,1,1,2
SF,IC2012,2020-06-12 09:33:39.700,5111.8000,24331,-1,618003440.000,1,0,1,双平,S,5111.6000,5110.6000,5110.0000,5109.4000,5108.6000,5116.0000,5116.2000,5116.8000,5119.0000,5120.0000,5,1,2,1,1,1,1,1,1,2
SF,IC2012,2020-06-12 09:33:40.200,5111.6000,24332,1,621070480.000,3,2,1,空开,S,5111.6000,5111.4000,5110.6000,5110.0000,5108.6000,5115.0000,5116.0000,5116.2000,5116.8000,5119.0000,3,1,1,2,1,2,2,1,1,1
SF,IC2012,2020-06-12 09:33:40.700,5111.6000,24332,0,621070480.000,0,-,-,-,-,5111.6000,5111.4000,5110.6000,5110.0000,5108.6000,5114.8000,5115.0000,5116.0000,5116.2000,5116.8000,3,1,1,2,1,1,2,1,1,1
SF,IC2012,2020-06-12 09:33:41.200,5114.8000,24333,1,622093440.000,1,1,0,双开,S,5111.8000,5111.6000,5111.4000,5110.6000,5110.0000,5115.0000,5116.0000,5116.2000,5116.8000,5119.0000,1,3,1,1,2,2,1,1,1,1
SF,IC2012,2020-06-12 09:33:41.700,5114.8000,24333,0,622093440.000,0,-,-,-,-,5111.8000,5111.6000,5111.4000,5110.6000,5110.0000,5114.6000,5115.0000,5116.2000,5116.8000,5119.0000,2,3,1,1,2,1,2,1,1,1
SF,IC2012,2020-06-12 09:33:42.200,5114.8000,24333,0,622093440.000,0,-,-,-,-,5111.8000,5111.6000,5111.4000,5110.6000,5110.0000,5115.0000,5116.2000,5116.8000,5119.0000,5120.0000,2,3,1,1,2,2,1,1,1,2
SF,IC2012,2020-06-12 09:33:42.700,5114.8000,24333,0,622093440.000,0,-,-,-,-,5111.8000,5111.6000,5110.6000,5110.0000,5108.6000,5115.0000,5116.2000,5116.8000,5119.0000,5120.0000,2,3,1,2,1,2,1,1,1,2
SF,IC2012,2020-06-12 09:33:43.200,5114.8000,24333,0,622093440.000,0,-,-,-,-,5111.8000,5111.6000,5110.6000,5110.0000,5108.6000,5114.8000,5115.0000,5116.2000,5116.8000,5119.0000,2,3,1,2,1,1,2,1,1,1
SF,IC2012,2020-06-12 09:33:43.700,5114.8000,24333,0,622093440.000,0,-,-,-,-,5113.8000,5111.8000,5111.6000,5110.6000,5110.0000,5114.8000,5115.0000,5116.2000,5116.8000,5119.0000,2,2,3,1,2,1,2,1,1,1
SF,IC2012,2020-06-12 09:33:44.200,5113.8000,24329,-4,626184480.000,4,0,4,双平,S,5111.8000,5111.6000,5110.0000,5108.6000,5107.2000,5113.8000,5114.6000,5114.8000,5115.0000,5116.2000,2,3,2,1,2,2,1,1,2,1
SF,IC2012,2020-06-12 09:33:44.700,5113.8000,24329,0,626184480.000,0,-,-,-,-,5111.8000,5111.6000,5110.0000,5108.6000,5107.2000,5113.8000,5114.8000,5115.0000,5116.2000,5116.8000,1,3,2,1,2,2,1,2,1,1
SF,IC2012,2020-06-12 09:33:45.200,5113.8000,24328,-1,627207240.000,1,0,1,双平,S,5111.8000,5111.6000,5110.0000,5108.6000,5107.2000,5113.8000,5114.8000,5115.0000,5116.2000,5116.8000,1,3,2,1,2,2,1,2,1,1
SF,IC2012,2020-06-12 09:33:45.700,5113.8000,24328,0,627207240.000,0,-,-,-,-,5111.8000,5111.6000,5110.0000,5108.6000,5107.2000,5113.8000,5115.0000,5116.2000,5116.8000,5119.0000,1,3,2,1,2,1,2,1,1,1
SF,IC2012,2020-06-12 09:33:46.700,5113.8000,24328,0,627207240.000,0,-,-,-,-,5111.8000,5111.6000,5110.0000,5108.6000,5107.2000,5113.4000,5113.8000,5115.0000,5116.2000,5116.8000,1,3,2,1,2,1,1,2,1,1
SF,IC2012,2020-06-12 09:33:47.200,5113.8000,24328,0,627207240.000,0,-,-,-,-,5112.0000,5111.8000,5111.6000,5110.0000,5108.6000,5113.4000,5113.8000,5114.8000,5115.0000,5116.2000,1,1,3,2,1,1,1,1,2,1
SF,IC2012,2020-06-12 09:33:48.700,5113.8000,24328,0,627207240.000,0,-,-,-,-,5112.0000,5111.8000,5111.6000,5110.0000,5108.6000,5113.0000,5113.4000,5113.8000,5114.8000,5115.0000,1,1,3,2,1,1,1,1,1,2
SF,IC2012,2020-06-12 09:33:49.200,5113.4000,24327,-1,628229920.000,1,0,1,双平,S,5112.0000,5111.6000,5110.0000,5108.6000,5107.2000,5113.8000,5114.8000,5115.0000,5116.2000,5116.8000,1,3,2,1,2,1,1,2,1,1
SF,IC2012,2020-06-12 09:33:49.700,5113.4000,24327,0,628229920.000,0,-,-,-,-,5112.0000,5111.6000,5110.0000,5108.6000,5107.2000,5113.8000,5114.8000,5115.0000,5116.2000,5116.8000,1,3,2,1,2,1,1,2,1,1
SF,IC2012,2020-06-12 09:33:50.200,5113.4000,24327,0,628229920.000,0,-,-,-,-,5113.0000,5112.0000,5111.6000,5110.0000,5108.6000,5113.8000,5114.8000,5115.0000,5116.2000,5116.8000,1,1,3,2,1,1,1,2,1,1
SF,IC2012,2020-06-12 09:33:50.700,5113.8000,24327,0,629252680.000,1,0,1,多换,S,5113.8000,5113.0000,5112.0000,5111.6000,5110.0000,5114.8000,5115.0000,5116.2000,5116.8000,5119.0000,2,1,1,3,2,1,2,1,1,1
SF,IC2012,2020-06-12 09:33:51.200,5113.8000,24325,-2,631298200.000,2,0,2,双平,S,5113.0000,5112.0000,5111.6000,5110.0000,5108.6000,5113.8000,5114.8000,5115.0000,5116.2000,5116.8000,1,2,3,2,1,1,1,2,1,1
SF,IC2012,2020-06-12 09:33:51.700,5113.8000,24324,-1,633343720.000,2,0,2,多平,S,5113.0000,5112.0000,5111.6000,5110.0000,5108.6000,5113.8000,5114.8000,5115.0000,5116.2000,5116.8000,1,2,3,2,1,1,1,2,1,1
SF,IC2012,2020-06-12 09:33:52.200,5113.8000,24324,0,633343720.000,0,-,-,-,-,5113.0000,5112.0000,5111.6000,5110.0000,5108.6000,5114.8000,5115.0000,5116.2000,5116.8000,5119.0000,1,2,3,2,1,1,2,1,1,1
SF,IC2012,2020-06-12 09:33:52.700,5113.8000,24324,0,633343720.000,0,-,-,-,-,5113.0000,5112.0000,5111.6000,5110.0000,5108.6000,5114.8000,5115.0000,5116.2000,5116.8000,5119.0000,1,2,3,2,1,1,2,1,1,1
SF,IC2012,2020-06-12 09:33:53.200,5113.8000,24324,0,633343720.000,0,-,-,-,-,5113.0000,5112.0000,5111.6000,5110.0000,5108.6000,5114.8000,5115.0000,5116.2000,5116.8000,5119.0000,1,2,3,2,1,1,2,1,1,1
SF,IC2012,2020-06-12 09:33:53.700,5113.0000,24323,-1,634366320.000,1,0,1,双平,S,5112.0000,5111.6000,5110.0000,5108.6000,5107.2000,5114.8000,5115.0000,5116.2000,5116.8000,5119.0000,2,3,2,1,2,1,2,1,1,1
SF,IC2012,2020-06-12 09:33:54.200,5113.0000,24323,0,634366320.000,0,-,-,-,-,5113.8000,5112.2000,5112.0000,5111.6000,5110.0000,5114.8000,5115.0000,5116.2000,5116.8000,5119.0000,1,1,2,3,2,1,2,1,1,1
SF,IC2012,2020-06-12 09:33:54.700,5113.8000,24323,0,635389080.000,1,0,1,多换,S,5112.2000,5112.0000,5111.6000,5110.0000,5108.6000,5114.8000,5115.0000,5116.2000,5116.8000,5119.0000,1,2,3,2,1,2,2,1,1,1
SF,IC2012,2020-06-12 09:33:56.700,5112.2000,24324,1,636411520.000,1,1,0,双开,S,5112.0000,5111.6000,5110.0000,5108.6000,5107.2000,5114.8000,5115.0000,5116.2000,5116.8000,5119.0000,2,3,2,1,2,2,2,1,1,1
SF,IC2012,2020-06-12 09:33:57.200,5112.2000,24324,0,636411520.000,0,-,-,-,-,5112.6000,5112.2000,5112.0000,5111.6000,5110.0000,5114.6000,5114.8000,5115.0000,5116.2000,5116.8000,1,1,2,3,2,1,2,2,1,1
SF,IC2012,2020-06-12 09:33:57.700,5112.2000,24324,0,636411520.000,0,-,-,-,-,5112.2000,5112.0000,5111.6000,5110.0000,5108.6000,5114.6000,5114.8000,5115.0000,5116.2000,5116.8000,1,2,3,2,1,1,2,2,1,1
SF,IC2012,2020-06-12 09:33:58.200,5112.2000,24324,0,636411520.000,0,-,-,-,-,5112.2000,5112.0000,5111.6000,5110.0000,5108.6000,5114.8000,5115.0000,5116.2000,5116.8000,5119.0000,1,2,3,2,1,2,2,1,1,1
SF,IC2012,2020-06-12 09:33:59.200,5112.2000,24324,0,636411520.000,0,-,-,-,-,5112.4000,5112.2000,5112.0000,5111.6000,5110.0000,5114.8000,5115.0000,5116.2000,5116.8000,5119.0000,1,1,2,3,2,2,2,1,1,1
SF,IC2012,2020-06-12 09:33:59.700,5112.2000,24323,-1,638456400.000,2,0,2,多平,S,5112.0000,5111.6000,5110.0000,5108.6000,5107.2000,5114.8000,5115.0000,5116.2000,5116.8000,5119.0000,2,3,2,1,2,2,2,1,1,1
SF,IC2012,2020-06-12 09:34:00.200,5112.2000,24323,0,638456400.000,0,-,-,-,-,5112.0000,5111.6000,5110.0000,5108.6000,5107.2000,5114.6000,5114.8000,5115.0000,5116.2000,5116.8000,2,3,2,1,2,2,2,2,1,1
SF,IC2012,2020-06-12 09:34:00.700,5112.2000,24323,0,638456400.000,0,-,-,-,-,5113.6000,5112.0000,5111.6000,5110.0000,5108.6000,5114.6000,5114.8000,5115.0000,5116.2000,5116.8000,1,2,3,2,1,2,2,2,1,1
SF,IC2012,2020-06-12 09:34:01.200,5113.6000,24322,-1,640501840.000,2,0,2,多平,S,5112.0000,5111.6000,5110.0000,5108.6000,5107.2000,5114.2000,5114.8000,5115.0000,5116.2000,5116.8000,2,3,2,1,2,1,2,2,1,1
SF,IC2012,2020-06-12 09:34:01.700,5112.0000,24323,1,641524240.000,1,1,0,双开,S,5112.0000,5111.6000,5110.0000,5108.6000,5107.2000,5114.2000,5114.8000,5115.0000,5116.2000,5116.8000,1,3,4,1,2,1,2,2,1,1
SF,IC2012,2020-06-12 09:34:02.200,5114.2000,24322,-1,643569480.000,2,0,2,多平,S,5114.2000,5111.6000,5110.0000,5108.6000,5107.2000,5114.8000,5115.0000,5116.2000,5116.8000,5119.0000,1,3,4,1,2,2,2,1,1,1
SF,IC2012,2020-06-12 09:34:02.700,5114.2000,24321,-1,644592320.000,1,0,1,双平,S,5111.6000,5110.0000,5108.6000,5107.2000,5105.2000,5114.2000,5114.8000,5115.0000,5116.2000,5116.8000,3,3,1,2,1,2,2,2,1,1
SF,IC2012,2020-06-12 09:34:03.200,5114.2000,24321,0,645615160.000,1,0,1,多换,S,5112.2000,5111.8000,5111.6000,5110.0000,5108.6000,5114.2000,5114.8000,5115.0000,5116.2000,5116.8000,1,1,3,3,1,3,2,2,1,1
SF,IC2012,2020-06-12 09:34:03.700,5114.2000,24321,0,646638000.000,1,0,1,多换,S,5112.2000,5111.8000,5111.6000,5110.0000,5108.6000,5114.2000,5114.8000,5115.0000,5116.2000,5116.8000,1,1,3,3,1,2,2,2,1,1
SF,IC2012,2020-06-12 09:34:04.200,5114.2000,24321,0,646638000.000,0,-,-,-,-,5112.2000,5111.8000,5111.6000,5110.0000,5108.6000,5114.2000,5114.8000,5115.0000,5116.2000,5116.8000,1,1,3,3,1,1,2,2,1,1
SF,IC2012,2020-06-12 09:34:04.700,5114.2000,24321,0,646638000.000,0,-,-,-,-,5113.2000,5112.2000,5111.8000,5111.6000,5110.0000,5114.2000,5114.8000,5115.0000,5116.2000,5116.8000,1,1,1,3,3,1,2,2,1,1
SF,IC2012,2020-06-12 09:34:05.700,5113.2000,24321,0,647660640.000,1,0,1,多换,S,5112.2000,5111.8000,5111.6000,5110.0000,5108.6000,5114.2000,5114.8000,5115.0000,5115.6000,5116.2000,1,1,3,3,1,1,2,2,1,1
SF,IC2012,2020-06-12 09:34:06.200,5113.2000,24321,0,647660640.000,0,-,-,-,-,5112.2000,5111.8000,5111.6000,5110.0000,5108.6000,5114.8000,5115.0000,5115.6000,5116.2000,5116.8000,1,1,3,3,1,2,2,1,1,1
SF,IC2012,2020-06-12 09:34:06.700,5113.2000,24321,0,647660640.000,0,-,-,-,-,5112.4000,5112.2000,5112.0000,5111.6000,5110.0000,5114.8000,5115.0000,5115.6000,5116.2000,5116.8000,1,1,1,3,3,2,2,1,1,1
SF,IC2012,2020-06-12 09:34:07.200,5113.2000,24321,0,647660640.000,0,-,-,-,-,5112.6000,5112.4000,5111.6000,5110.0000,5108.6000,5114.8000,5115.0000,5115.6000,5116.2000,5116.8000,1,1,3,3,1,2,2,1,1,1
SF,IC2012,2020-06-12 09:34:07.700,5113.2000,24321,0,647660640.000,0,-,-,-,-,5112.6000,5112.4000,5111.6000,5110.0000,5108.6000,5114.8000,5115.0000,5115.6000,5116.2000,5116.8000,1,1,3,3,1,2,3,1,1,1
SF,IC2012,2020-06-12 09:34:08.200,5113.2000,24321,0,647660640.000,0,-,-,-,-,5112.6000,5112.4000,5112.2000,5111.6000,5110.0000,5114.4000,5114.8000,5115.0000,5115.6000,5116.2000,1,1,2,3,3,1,2,3,1,1
SF,IC2012,2020-06-12 09:34:08.700,5114.4000,24320,-1,648683520.000,1,0,1,双平,S,5113.8000,5112.6000,5112.2000,5111.6000,5110.0000,5114.8000,5115.0000,5115.6000,5116.2000,5116.8000,1,1,2,3,3,2,3,1,1,1
SF,IC2012,2020-06-12 09:34:09.200,5114.4000,24320,0,648683520.000,0,-,-,-,-,5113.8000,5112.6000,5112.2000,5111.6000,5110.0000,5114.8000,5115.0000,5115.6000,5116.2000,5116.8000,1,1,2,3,3,2,3,1,1,1
SF,IC2012,2020-06-12 09:34:09.700,5114.8000,24321,1,650729440.000,2,1,1,空开,S,5112.6000,5112.2000,5111.6000,5110.0000,5108.6000,5115.0000,5115.6000,5116.2000,5116.8000,5120.0000,1,2,3,3,1,3,1,1,1,2
SF,IC2012,2020-06-12 09:34:10.200,5114.8000,24321,0,650729440.000,0,-,-,-,-,5112.6000,5112.2000,5111.6000,5110.0000,5108.6000,5115.0000,5115.6000,5116.2000,5116.8000,5120.0000,2,2,3,3,1,3,1,1,1,2
SF,IC2012,2020-06-12 09:34:10.700,5114.8000,24321,0,650729440.000,0,-,-,-,-,5112.6000,5112.2000,5111.6000,5110.0000,5108.6000,5115.0000,5115.6000,5116.2000,5116.8000,5120.0000,2,2,3,3,1,3,1,1,1,2
SF,IC2012,2020-06-12 09:34:11.200,5114.8000,24321,0,650729440.000,0,-,-,-,-,5112.8000,5112.6000,5112.2000,5111.6000,5110.0000,5115.0000,5115.6000,5116.2000,5116.8000,5120.0000,1,2,2,3,3,3,1,1,1,2
SF,IC2012,2020-06-12 09:34:11.700,5115.0000,24318,-3,653797520.000,3,0,3,双平,S,5112.6000,5112.2000,5111.6000,5110.0000,5108.6000,5115.0000,5115.6000,5116.2000,5116.8000,5120.0000,1,2,3,3,1,2,1,1,1,2
SF,IC2012,2020-06-12 09:34:12.200,5115.0000,24318,0,653797520.000,0,-,-,-,-,5112.2000,5111.6000,5110.0000,5108.6000,5107.2000,5115.0000,5115.6000,5116.2000,5116.8000,5120.0000,2,3,3,1,2,3,1,1,1,2
SF,IC2012,2020-06-12 09:34:12.700,5115.0000,24318,0,653797520.000,0,-,-,-,-,5112.4000,5112.2000,5111.6000,5110.0000,5108.6000,5115.0000,5115.6000,5116.2000,5116.8000,5120.0000,1,2,3,3,1,3,1,1,1,2
SF,IC2012,2020-06-12 09:34:13.200,5115.0000,24318,0,653797520.000,0,-,-,-,-,5112.6000,5112.4000,5112.2000,5112.0000,5111.6000,5115.0000,5115.6000,5116.2000,5116.8000,5120.0000,2,2,2,1,3,3,1,1,1,2
SF,IC2012,2020-06-12 09:34:13.700,5115.0000,24317,-1,654820520.000,1,0,1,双平,S,5112.6000,5112.4000,5112.2000,5112.0000,5111.6000,5115.0000,5115.6000,5116.2000,5116.8000,5120.0000,2,2,2,1,3,2,1,1,1,2
SF,IC2012,2020-06-12 09:34:14.200,5115.0000,24317,0,654820520.000,0,-,-,-,-,5113.0000,5112.8000,5112.6000,5112.2000,5111.6000,5115.0000,5115.6000,5116.2000,5116.8000,5120.0000,1,1,2,2,3,2,1,1,1,2
SF,IC2012,2020-06-12 09:34:14.700,5115.0000,24316,-1,656866520.000,2,0,2,多平,S,5113.0000,5112.6000,5112.2000,5111.6000,5110.0000,5115.6000,5116.2000,5116.8000,5120.0000,5120.2000,1,2,2,3,3,1,1,1,2,1
SF,IC2012,2020-06-12 09:34:15.200,5115.0000,24316,0,656866520.000,0,-,-,-,-,5113.2000,5113.0000,5112.6000,5112.2000,5111.6000,5115.6000,5116.2000,5116.8000,5120.0000,5120.2000,1,1,2,2,3,1,1,1,2,1
SF,IC2012,2020-06-12 09:34:15.700,5115.6000,24315,-1,657889640.000,1,0,1,双平,S,5113.2000,5113.0000,5112.6000,5112.2000,5111.6000,5116.2000,5116.8000,5120.0000,5120.2000,5120.8000,1,1,2,2,3,1,1,2,1,2
SF,IC2012,2020-06-12 09:34:16.200,5115.6000,24315,0,657889640.000,0,-,-,-,-,5113.2000,5113.0000,5112.6000,5112.2000,5111.6000,5116.2000,5116.8000,5120.0000,5120.2000,5120.8000,2,1,2,2,3,1,1,2,1,2
SF,IC2012,2020-06-12 09:34:16.700,5114.6000,24314,-1,660958920.000,3,1,2,多平,S,5113.2000,5112.6000,5112.2000,5111.6000,5110.0000,5116.8000,5120.0000,5120.2000,5120.8000,5121.0000,2,1,2,3,3,1,2,1,2,1
SF,IC2012,2020-06-12 09:34:17.200,5114.6000,24314,0,660958920.000,0,-,-,-,-,5113.2000,5112.6000,5112.2000,5111.6000,5110.0000,5115.6000,5116.4000,5116.6000,5116.8000,5120.0000,1,1,2,3,3,1,1,1,1,2
SF,IC2012,2020-06-12 09:34:17.700,5113.2000,24313,-1,661981560.000,1,0,1,双平,S,5112.6000,5112.2000,5111.6000,5110.0000,5108.6000,5115.6000,5116.4000,5116.6000,5116.8000,5120.0000,1,2,3,3,1,1,1,1,1,2
SF,IC2012,2020-06-12 09:34:18.200,5115.4000,24313,0,663004640.000,1,0,1,多换,S,5112.6000,5112.2000,5111.6000,5110.0000,5108.6000,5115.0000,5115.4000,5115.6000,5116.4000,5116.8000,1,2,3,3,1,1,1,1,1,1
SF,IC2012,2020-06-12 09:34:18.700,5112.6000,24313,0,664027160.000,1,0,1,多换,S,5112.2000,5111.6000,5110.0000,5108.6000,5107.2000,5115.0000,5115.4000,5115.6000,5116.8000,5120.0000,2,3,3,1,2,1,1,1,1,2
SF,IC2012,2020-06-12 09:34:19.200,5112.6000,24313,0,664027160.000,0,-,-,-,-,5114.2000,5112.2000,5112.0000,5111.6000,5110.0000,5114.8000,5115.6000,5116.8000,5120.0000,5120.2000,5,2,1,3,3,2,1,1,2,1
SF,IC2012,2020-06-12 09:34:19.700,5112.6000,24313,0,664027160.000,0,-,-,-,-,5114.2000,5112.2000,5112.0000,5111.6000,5110.0000,5114.8000,5115.6000,5116.8000,5120.0000,5120.2000,5,2,1,3,3,1,1,1,2,1
SF,IC2012,2020-06-12 09:34:20.200,5114.8000,24313,0,666072960.000,2,1,1,多换,S,5114.2000,5112.2000,5112.0000,5111.6000,5110.0000,5115.6000,5116.8000,5120.0000,5120.2000,5120.8000,4,2,1,3,3,1,1,2,1,2
SF,IC2012,2020-06-12 09:34:20.700,5114.8000,24313,0,666072960.000,0,-,-,-,-,5114.2000,5112.2000,5112.0000,5111.6000,5110.0000,5115.6000,5116.8000,5120.0000,5120.2000,5120.8000,4,2,1,3,3,1,1,2,1,2
SF,IC2012,2020-06-12 09:34:23.200,5114.0000,24313,0,671187120.000,5,2,3,多换,S,5112.2000,5112.0000,5111.6000,5110.0000,5108.6000,5115.6000,5116.8000,5120.0000,5120.2000,5120.8000,2,1,3,3,1,1,1,2,1,2
SF,IC2012,2020-06-12 09:34:23.700,5114.0000,24313,0,671187120.000,0,-,-,-,-,5112.2000,5111.6000,5110.0000,5108.6000,5107.2000,5114.2000,5114.8000,5115.4000,5115.6000,5116.8000,2,3,3,1,2,3,1,1,1,1
SF,IC2012,2020-06-12 09:34:24.700,5114.0000,24313,0,671187120.000,0,-,-,-,-,5112.2000,5111.6000,5110.0000,5108.6000,5107.2000,5114.8000,5115.4000,5115.6000,5116.8000,5120.0000,2,3,3,1,2,1,1,1,1,2
SF,IC2012,2020-06-12 09:34:25.200,5114.0000,24313,0,671187120.000,0,-,-,-,-,5113.2000,5112.2000,5111.6000,5110.0000,5108.6000,5114.6000,5114.8000,5115.6000,5116.8000,5120.0000,1,2,3,3,1,1,1,1,1,2
SF,IC2012,2020-06-12 09:34:25.700,5114.0000,24313,0,671187120.000,0,-,-,-,-,5114.6000,5113.2000,5112.2000,5111.6000,5110.0000,5114.8000,5115.6000,5116.8000,5120.0000,5120.2000,1,1,2,3,3,1,1,1,2,1
SF,IC2012,2020-06-12 09:34:26.200,5114.6000,24312,-1,672210040.000,1,0,1,双平,S,5113.2000,5112.2000,5111.6000,5110.0000,5108.6000,5114.2000,5114.6000,5114.8000,5115.6000,5116.0000,1,2,3,3,1,1,1,1,1,1
SF,IC2012,2020-06-12 09:34:26.700,5114.6000,24312,0,672210040.000,0,-,-,-,-,5113.2000,5112.2000,5111.6000,5110.0000,5108.6000,5114.8000,5115.6000,5116.0000,5116.8000,5120.0000,1,2,3,3,1,1,1,1,1,2
SF,IC2012,2020-06-12 09:34:27.200,5114.6000,24312,0,672210040.000,0,-,-,-,-,5114.4000,5112.2000,5111.6000,5110.0000,5108.6000,5114.8000,5115.6000,5116.0000,5116.8000,5120.0000,1,2,3,3,1,1,1,1,1,2
SF,IC2012,2020-06-12 09:34:27.700,5114.4000,24312,0,673232920.000,1,0,1,多换,S,5112.2000,5111.6000,5110.0000,5108.6000,5107.2000,5114.4000,5114.8000,5115.6000,5116.0000,5116.8000,2,3,3,1,2,1,1,1,1,1
SF,IC2012,2020-06-12 09:34:28.200,5114.8000,24310,-2,675278760.000,2,0,2,双平,S,5112.2000,5111.6000,5110.0000,5108.6000,5107.2000,5115.6000,5116.0000,5116.8000,5120.0000,5120.2000,2,3,3,1,2,1,1,1,2,1
SF,IC2012,2020-06-12 09:34:28.700,5114.8000,24310,0,675278760.000,0,-,-,-,-,5112.4000,5112.2000,5112.0000,5111.6000,5110.0000,5115.6000,5116.0000,5116.8000,5120.0000,5120.2000,1,2,1,3,3,1,1,1,2,1
