市场代码,合约代码,时间,最新,持仓,增仓,成交额,成交量,开仓,平仓,成交类型,方向,买一价,买二价,买三价,买四价,买五价,卖一价,卖二价,卖三价,卖四价,卖五价,买一量,买二量,买三量,买四量,买五量,卖一量,卖二量,卖三量,卖四量,卖五量
SF,IC2011,2020-09-29 09:29:00.400,6097.0000,7915,0,1219400.000,1.000,-,-,-,-,6096.8000,6088.4000,6083.6000,6081.2000,6075.2000,6100.0000,6116.2000,6119.0000,6120.0000,6124.0000,1,1,10,4,4,2,1,1,1,2
SF,IC2011,2020-09-29 09:30:00.400,6100.0000,7914,-1,3659400.000,2,0,2,多平,S,6103.4000,6103.0000,6102.8000,6102.6000,6102.4000,6116.2000,6119.0000,6119.8000,6120.0000,6120.6000,1,3,1,2,1,1,1,1,1,1
SF,IC2011,2020-09-29 09:30:00.900,6100.0000,7914,0,3659400.000,0,-,-,-,-,6103.8000,6103.6000,6103.4000,6103.0000,6102.8000,6109.2000,6112.0000,6112.4000,6112.8000,6113.6000,1,1,1,3,2,1,1,2,2,1
SF,IC2011,2020-09-29 09:30:01.400,6109.2000,7913,-1,4881240.000,1,0,1,双平,S,6108.2000,6108.0000,6107.4000,6107.2000,6105.6000,6116.2000,6119.0000,6119.8000,6120.0000,6120.6000,2,1,2,5,1,1,1,1,1,1
SF,IC2011,2020-09-29 09:30:01.900,6109.2000,7913,0,4881240.000,0,-,-,-,-,6109.4000,6109.2000,6108.8000,6108.4000,6108.2000,6115.2000,6116.0000,6116.2000,6119.0000,6119.8000,1,2,2,3,2,1,2,1,1,1
SF,IC2011,2020-09-29 09:30:02.400,6109.2000,7908,-5,10990440.000,5,0,5,双平,S,6109.2000,6108.8000,6108.4000,6108.2000,6105.6000,6113.8000,6115.0000,6116.2000,6119.0000,6119.8000,3,2,1,1,1,3,1,1,1,1
SF,IC2011,2020-09-29 09:30:02.900,6109.2000,7907,-1,12212280.000,1,0,1,双平,S,6109.2000,6108.8000,6108.4000,6108.2000,6105.6000,6113.6000,6113.8000,6119.0000,6119.8000,6120.0000,4,2,1,1,1,1,3,1,1,1
SF,IC2011,2020-09-29 09:30:03.400,6109.2000,7907,0,12212280.000,0,-,-,-,-,6110.4000,6109.6000,6109.4000,6109.2000,6108.4000,6113.6000,6113.8000,6119.0000,6119.8000,6120.0000,4,1,3,3,1,1,2,1,1,1
SF,IC2011,2020-09-29 09:30:03.900,6109.2000,7907,0,12212280.000,0,-,-,-,-,6109.2000,6103.4000,6101.8000,6101.4000,6100.4000,6113.6000,6113.8000,6119.0000,6119.8000,6120.0000,1,1,1,1,2,1,2,1,1,1
SF,IC2011,2020-09-29 09:30:04.400,6109.2000,7907,0,13434120.000,1,0,1,多换,S,6109.2000,6101.8000,6101.6000,6101.4000,6100.4000,6113.6000,6113.8000,6119.0000,6119.8000,6120.0000,3,1,5,1,2,1,2,1,1,1
SF,IC2011,2020-09-29 09:30:04.900,6109.2000,7906,-1,14655960.000,1,0,1,双平,S,6111.6000,6111.0000,6110.4000,6109.4000,6101.8000,6113.6000,6119.0000,6119.8000,6120.0000,6120.6000,1,3,2,2,1,1,1,1,1,1
SF,IC2011,2020-09-29 09:30:05.400,6109.2000,7906,0,14655960.000,0,-,-,-,-,6112.8000,6112.4000,6112.0000,6111.8000,6111.6000,6119.0000,6119.8000,6120.0000,6120.6000,6121.8000,2,1,1,2,1,1,1,1,1,1
SF,IC2011,2020-09-29 09:30:05.900,6109.2000,7906,0,14655960.000,0,-,-,-,-,6113.6000,6110.4000,6101.6000,6101.4000,6100.0000,6115.2000,6116.0000,6118.2000,6118.4000,6118.8000,16,1,5,1,1,2,2,1,1,3
SF,IC2011,2020-09-29 09:30:06.400,6113.6000,7904,-2,17101720.000,2,0,2,双平,S,6113.6000,6110.4000,6101.6000,6101.4000,6100.0000,6116.0000,6119.0000,6120.0000,6120.6000,6121.8000,15,1,5,1,1,1,1,1,1,1
SF,IC2011,2020-09-29 09:30:06.900,6116.0000,7903,-1,18324920.000,1,0,1,双平,S,6116.0000,6113.6000,6110.4000,6101.6000,6101.4000,6119.0000,6120.0000,6120.6000,6123.6000,6125.0000,1,15,1,5,1,1,1,1,2,1
SF,IC2011,2020-09-29 09:30:07.400,6116.0000,7902,-1,19548120.000,1,0,1,双平,S,6113.6000,6101.6000,6101.4000,6100.0000,6097.0000,6118.0000,6118.2000,6120.0000,6120.6000,6123.6000,15,5,1,1,1,1,1,1,1,2
SF,IC2011,2020-09-29 09:30:07.900,6114.6000,7902,0,20771040.000,1,0,1,多换,S,6113.6000,6101.6000,6101.4000,6100.0000,6097.0000,6117.8000,6118.0000,6118.2000,6120.0000,6120.6000,15,5,1,1,1,1,1,1,1,1
SF,IC2011,2020-09-29 09:30:08.400,6114.6000,7902,0,20771040.000,0,-,-,-,-,6113.6000,6101.6000,6098.6000,6097.0000,6094.0000,6115.6000,6117.8000,6118.0000,6118.2000,6120.0000,15,5,1,1,1,1,1,1,1,1
SF,IC2011,2020-09-29 09:30:08.900,6114.6000,7902,0,20771040.000,0,-,-,-,-,6113.6000,6101.6000,6098.6000,6097.0000,6094.0000,6115.2000,6115.6000,6120.0000,6120.6000,6125.0000,15,5,1,1,1,1,1,1,1,1
SF,IC2011,2020-09-29 09:30:09.400,6114.6000,7902,0,20771040.000,0,-,-,-,-,6115.2000,6114.6000,6114.0000,6113.8000,6113.6000,6115.6000,6120.0000,6120.6000,6125.0000,6129.8000,2,1,1,5,17,1,1,1,1,1
SF,IC2011,2020-09-29 09:30:09.900,6113.6000,7897,-5,26886040.000,5,0,5,双平,S,6113.6000,6101.6000,6098.6000,6097.0000,6094.0000,6120.0000,6120.6000,6125.0000,6129.8000,6130.6000,14,5,1,1,1,1,1,1,1,5
SF,IC2011,2020-09-29 09:30:10.400,6113.6000,7897,0,26886040.000,0,-,-,-,-,6115.6000,6113.8000,6113.6000,6101.6000,6098.6000,6116.4000,6116.6000,6118.2000,6119.8000,6120.0000,1,1,14,5,1,1,1,1,3,6
SF,IC2011,2020-09-29 09:30:10.900,6115.6000,7896,-1,28109160.000,1,0,1,双平,S,6113.6000,6101.6000,6098.6000,6097.0000,6094.0000,6113.8000,6114.6000,6115.2000,6116.0000,6116.2000,14,5,1,1,1,1,1,1,1,1
SF,IC2011,2020-09-29 09:30:11.400,6113.6000,7889,-7,36668200.000,7,0,7,双平,S,6113.6000,6101.6000,6098.6000,6097.0000,6094.0000,6116.0000,6119.8000,6120.0000,6120.6000,6125.0000,7,5,1,1,1,1,2,1,1,1
SF,IC2011,2020-09-29 09:30:11.900,6113.6000,7886,-3,40336360.000,3,0,3,双平,S,6113.6000,6101.6000,6098.6000,6097.0000,6094.0000,6113.8000,6114.6000,6115.2000,6115.8000,6116.0000,4,5,1,1,1,1,1,1,1,1
SF,IC2011,2020-09-29 09:30:12.400,6113.6000,7882,-4,45227240.000,4,0,4,双平,S,6101.6000,6098.6000,6094.0000,6092.2000,6090.0000,6113.6000,6113.8000,6114.6000,6115.2000,6116.0000,5,1,1,3,1,1,1,1,1,1
SF,IC2011,2020-09-29 09:30:12.900,6113.6000,7882,0,45227240.000,0,-,-,-,-,6109.6000,6109.4000,6109.2000,6108.8000,6103.2000,6113.4000,6113.6000,6113.8000,6114.6000,6115.2000,1,2,2,3,1,1,2,1,1,1
SF,IC2011,2020-09-29 09:30:13.400,6113.6000,7882,0,45227240.000,0,-,-,-,-,6101.8000,6101.6000,6098.6000,6094.0000,6092.2000,6112.4000,6112.8000,6113.4000,6113.6000,6115.2000,1,5,1,1,3,1,1,1,2,1
SF,IC2011,2020-09-29 09:30:13.900,6115.2000,7877,-5,52563880.000,6,0,6,多平,S,6116.4000,6108.8000,6108.4000,6108.2000,6108.0000,6119.8000,6120.0000,6120.6000,6125.0000,6129.8000,4,2,1,2,1,1,1,1,1,1
SF,IC2011,2020-09-29 09:30:14.400,6116.4000,7873,-4,57456600.000,4,0,4,双平,S,6107.4000,6107.2000,6105.6000,6101.8000,6101.6000,6111.6000,6114.2000,6114.6000,6115.2000,6115.6000,1,1,2,1,5,1,1,2,8,1
SF,IC2011,2020-09-29 09:30:14.900,6107.4000,7870,-3,62344480.000,4,0,4,多平,S,6107.2000,6105.6000,6101.8000,6101.6000,6098.6000,6111.4000,6111.6000,6114.6000,6115.2000,6116.0000,1,2,1,5,1,1,1,1,6,1
SF,IC2011,2020-09-29 09:30:15.400,6107.4000,7870,0,62344480.000,0,-,-,-,-,6105.6000,6101.8000,6101.6000,6098.6000,6094.0000,6111.0000,6111.4000,6111.6000,6114.6000,6115.2000,1,1,5,1,1,1,1,1,1,2
SF,IC2011,2020-09-29 09:30:15.900,6107.4000,7870,0,62344480.000,0,-,-,-,-,6106.2000,6105.8000,6105.6000,6101.8000,6101.6000,6110.8000,6111.0000,6111.6000,6113.4000,6114.6000,1,4,5,1,5,1,1,1,1,1
SF,IC2011,2020-09-29 09:30:16.400,6111.0000,7871,1,64788840.000,2,1,1,空开,S,6106.8000,6106.6000,6106.4000,6105.8000,6105.6000,6111.6000,6113.4000,6114.4000,6114.6000,6115.2000,3,1,2,4,4,1,1,1,1,3
SF,IC2011,2020-09-29 09:30:16.900,6111.0000,7871,0,64788840.000,0,-,-,-,-,6107.0000,6105.8000,6105.6000,6101.8000,6101.6000,6107.2000,6111.4000,6111.6000,6113.4000,6114.4000,1,3,4,1,5,2,1,1,1,1
SF,IC2011,2020-09-29 09:30:17.400,6107.2000,7869,-2,67232240.000,2,0,2,双平,S,6105.6000,6101.8000,6101.6000,6098.6000,6094.0000,6111.6000,6113.4000,6114.4000,6115.0000,6115.2000,4,1,5,1,1,1,1,1,2,2
SF,IC2011,2020-09-29 09:30:17.900,6111.4000,7864,-5,73343240.000,5,0,5,双平,S,6105.8000,6105.6000,6101.8000,6101.6000,6098.6000,6113.4000,6114.4000,6115.0000,6115.2000,6115.4000,3,6,1,5,1,1,1,2,2,1
SF,IC2011,2020-09-29 09:30:18.400,6111.4000,7864,0,73343240.000,0,-,-,-,-,6106.0000,6105.8000,6105.6000,6101.8000,6101.6000,6113.0000,6113.4000,6114.4000,6115.2000,6115.4000,1,2,6,1,5,2,1,1,2,1
SF,IC2011,2020-09-29 09:30:18.900,6111.4000,7864,0,73343240.000,0,-,-,-,-,6107.4000,6107.2000,6106.8000,6106.2000,6105.8000,6113.0000,6114.4000,6114.8000,6115.2000,6115.4000,1,5,3,3,1,2,1,1,2,1
SF,IC2011,2020-09-29 09:30:19.400,6111.4000,7864,0,73343240.000,0,-,-,-,-,6107.6000,6107.4000,6107.2000,6106.8000,6106.2000,6114.4000,6114.8000,6115.2000,6115.4000,6115.6000,2,3,4,3,2,1,1,1,1,2
SF,IC2011,2020-09-29 09:30:19.900,6111.4000,7864,0,73343240.000,0,-,-,-,-,6107.6000,6107.4000,6107.2000,6106.8000,6106.2000,6113.6000,6114.4000,6114.8000,6115.4000,6115.6000,1,1,4,3,2,1,1,1,1,2
SF,IC2011,2020-09-29 09:30:20.400,6111.4000,7864,0,73343240.000,0,-,-,-,-,6107.6000,6107.4000,6107.2000,6106.8000,6106.2000,6113.6000,6114.8000,6115.4000,6115.6000,6116.4000,1,1,4,3,1,1,1,1,2,2
SF,IC2011,2020-09-29 09:30:20.900,6111.4000,7864,0,73343240.000,0,-,-,-,-,6107.6000,6107.4000,6107.2000,6106.8000,6106.2000,6113.6000,6114.8000,6115.4000,6115.6000,6116.4000,1,1,4,3,1,2,1,1,2,2
SF,IC2011,2020-09-29 09:30:21.400,6111.4000,7864,0,73343240.000,0,-,-,-,-,6108.2000,6108.0000,6107.8000,6107.6000,6107.4000,6113.6000,6114.8000,6115.4000,6115.6000,6116.4000,2,2,3,1,1,1,1,1,2,2
SF,IC2011,2020-09-29 09:30:21.900,6111.4000,7864,0,73343240.000,0,-,-,-,-,6108.4000,6108.2000,6108.0000,6107.8000,6107.4000,6113.6000,6114.8000,6115.4000,6115.6000,6116.6000,3,3,1,3,1,1,1,1,2,1
SF,IC2011,2020-09-29 09:30:22.400,6111.4000,7864,0,73343240.000,0,-,-,-,-,6108.4000,6108.2000,6108.0000,6107.8000,6107.4000,6113.6000,6114.8000,6115.4000,6115.6000,6116.6000,2,2,1,3,1,1,1,1,2,1
SF,IC2011,2020-09-29 09:30:22.900,6111.4000,7864,0,73343240.000,0,-,-,-,-,6109.2000,6108.8000,6108.6000,6108.4000,6108.2000,6113.6000,6114.8000,6115.4000,6115.6000,6116.6000,1,2,2,1,2,1,1,1,2,1
SF,IC2011,2020-09-29 09:30:23.400,6111.4000,7864,0,73343240.000,0,-,-,-,-,6109.4000,6109.2000,6108.8000,6108.6000,6108.2000,6113.6000,6114.8000,6115.4000,6115.6000,6116.6000,2,2,2,2,2,1,1,1,2,1
SF,IC2011,2020-09-29 09:30:23.900,6111.4000,7864,0,73343240.000,0,-,-,-,-,6109.4000,6109.2000,6108.8000,6108.6000,6108.2000,6113.6000,6114.8000,6115.4000,6116.6000,6117.0000,3,2,2,2,2,1,1,1,1,2
SF,IC2011,2020-09-29 09:30:24.400,6111.4000,7864,0,73343240.000,0,-,-,-,-,6109.4000,6109.2000,6108.8000,6108.6000,6108.2000,6113.6000,6114.8000,6115.4000,6116.6000,6117.0000,2,2,2,2,2,1,1,1,1,2
SF,IC2011,2020-09-29 09:30:24.900,6113.6000,7863,-1,74565960.000,1,0,1,双平,S,6110.4000,6109.6000,6109.4000,6109.2000,6108.6000,6114.8000,6115.4000,6117.0000,6118.0000,6119.8000,5,4,3,1,1,1,1,2,1,1
SF,IC2011,2020-09-29 09:30:25.400,6113.6000,7863,0,74565960.000,0,-,-,-,-,6110.6000,6109.4000,6109.2000,6108.6000,6108.0000,6114.8000,6117.0000,6118.0000,6119.8000,6120.6000,1,1,1,1,1,1,2,1,1,1
SF,IC2011,2020-09-29 09:30:25.900,6113.6000,7863,0,74565960.000,0,-,-,-,-,6110.6000,6109.4000,6109.2000,6108.0000,6102.8000,6114.8000,6118.0000,6119.8000,6120.6000,6124.8000,1,1,2,1,1,1,1,1,1,5
SF,IC2011,2020-09-29 09:30:26.400,6113.6000,7863,0,74565960.000,0,-,-,-,-,6110.6000,6109.4000,6109.2000,6108.0000,6102.8000,6114.8000,6118.0000,6119.8000,6120.0000,6120.6000,1,1,2,1,1,1,1,1,2,1
SF,IC2011,2020-09-29 09:30:26.900,6113.6000,7863,0,74565960.000,0,-,-,-,-,6110.6000,6109.4000,6109.2000,6108.0000,6101.8000,6114.8000,6118.0000,6119.8000,6120.0000,6120.6000,1,1,2,1,1,1,1,1,2,1
SF,IC2011,2020-09-29 09:30:27.400,6113.6000,7863,0,74565960.000,0,-,-,-,-,6111.0000,6110.8000,6110.6000,6109.4000,6109.2000,6114.8000,6118.0000,6119.8000,6120.0000,6120.6000,1,1,1,1,1,1,1,1,2,1
SF,IC2011,2020-09-29 09:30:27.900,6114.8000,7863,0,75788920.000,1,0,1,多换,S,6111.6000,6111.2000,6111.0000,6110.8000,6109.2000,6118.0000,6119.8000,6120.0000,6120.6000,6124.8000,2,3,4,1,1,1,1,2,1,5
SF,IC2011,2020-09-29 09:30:28.400,6114.8000,7863,0,75788920.000,0,-,-,-,-,6111.8000,6111.6000,6111.2000,6111.0000,6109.2000,6118.0000,6119.8000,6120.6000,6121.8000,6124.8000,1,3,2,4,1,1,1,1,2,5
SF,IC2011,2020-09-29 09:30:28.900,6114.8000,7863,0,75788920.000,0,-,-,-,-,6112.8000,6112.4000,6112.0000,6111.8000,6111.6000,6118.0000,6119.8000,6120.6000,6121.8000,6124.8000,2,3,5,1,2,1,1,1,2,5
SF,IC2011,2020-09-29 09:30:29.400,6114.8000,7863,0,75788920.000,0,-,-,-,-,6113.0000,6112.0000,6111.6000,6111.2000,6111.0000,6118.0000,6119.8000,6120.6000,6123.8000,6124.8000,1,2,2,1,1,1,1,1,2,5
SF,IC2011,2020-09-29 09:30:29.900,6114.8000,7863,0,75788920.000,0,-,-,-,-,6113.0000,6112.0000,6111.6000,6111.2000,6109.2000,6118.0000,6119.8000,6120.6000,6123.8000,6124.8000,1,2,2,1,1,1,1,1,2,5
SF,IC2011,2020-09-29 09:30:30.400,6114.8000,7863,0,75788920.000,0,-,-,-,-,6113.0000,6112.0000,6111.6000,6111.2000,6109.2000,6118.0000,6119.8000,6120.6000,6123.8000,6124.8000,1,2,2,1,1,1,1,1,2,5
SF,IC2011,2020-09-29 09:30:30.900,6113.0000,7863,0,77011520.000,1,0,1,多换,S,6111.6000,6111.2000,6109.2000,6108.0000,6101.8000,6115.0000,6118.0000,6119.8000,6120.6000,6123.8000,2,1,1,1,1,1,1,1,1,2
SF,IC2011,2020-09-29 09:30:31.400,6113.0000,7863,0,77011520.000,0,-,-,-,-,6112.0000,6111.8000,6111.6000,6111.2000,6109.2000,6115.0000,6118.0000,6119.8000,6120.6000,6123.8000,2,2,4,1,1,1,1,1,1,2
SF,IC2011,2020-09-29 09:30:31.900,6113.0000,7863,0,77011520.000,0,-,-,-,-,6112.0000,6111.8000,6111.6000,6111.2000,6109.2000,6115.0000,6118.0000,6119.8000,6120.6000,6123.8000,2,2,4,1,1,1,1,1,1,2
SF,IC2011,2020-09-29 09:30:32.400,6115.0000,7862,-1,78234520.000,1,0,1,双平,S,6112.2000,6112.0000,6111.8000,6111.6000,6111.2000,6118.0000,6119.8000,6120.6000,6123.8000,6124.8000,1,3,2,3,1,1,1,1,2,5
SF,IC2011,2020-09-29 09:30:32.900,6115.0000,7862,0,78234520.000,0,-,-,-,-,6112.4000,6112.2000,6112.0000,6111.8000,6111.6000,6118.0000,6118.8000,6119.8000,6120.6000,6124.8000,1,1,3,1,3,1,3,1,3,5
SF,IC2011,2020-09-29 09:30:33.400,6115.0000,7862,0,78234520.000,0,-,-,-,-,6112.8000,6112.6000,6112.4000,6112.2000,6112.0000,6118.0000,6118.8000,6119.8000,6120.6000,6124.8000,2,1,4,1,2,1,3,1,3,5
SF,IC2011,2020-09-29 09:30:33.900,6115.0000,7862,0,78234520.000,0,-,-,-,-,6113.0000,6112.8000,6112.6000,6112.4000,6112.2000,6118.0000,6118.8000,6119.8000,6120.6000,6124.8000,1,2,1,3,1,1,3,1,3,5
SF,IC2011,2020-09-29 09:30:34.400,6115.0000,7862,0,78234520.000,0,-,-,-,-,6113.0000,6112.8000,6112.6000,6112.4000,6112.2000,6118.0000,6118.8000,6119.8000,6120.6000,6122.6000,1,2,1,3,1,1,3,1,1,2
SF,IC2011,2020-09-29 09:30:34.900,6115.0000,7862,0,78234520.000,0,-,-,-,-,6113.2000,6113.0000,6112.8000,6112.6000,6112.4000,6118.0000,6118.8000,6119.8000,6120.6000,6122.6000,1,1,2,1,3,1,3,1,1,2
SF,IC2011,2020-09-29 09:30:35.400,6115.0000,7862,0,78234520.000,0,-,-,-,-,6113.6000,6113.4000,6113.2000,6112.8000,6112.6000,6118.0000,6118.8000,6119.8000,6120.6000,6122.6000,2,2,2,2,1,1,3,1,1,2
SF,IC2011,2020-09-29 09:30:35.900,6115.0000,7862,0,78234520.000,0,-,-,-,-,6114.0000,6113.8000,6113.6000,6113.4000,6113.2000,6118.0000,6118.8000,6119.8000,6120.6000,6122.6000,1,7,2,1,1,1,3,1,1,2
SF,IC2011,2020-09-29 09:30:36.400,6115.0000,7862,0,78234520.000,0,-,-,-,-,6114.2000,6114.0000,6113.8000,6113.6000,6113.4000,6118.0000,6118.8000,6119.8000,6120.6000,6122.6000,3,2,5,2,1,1,3,1,1,2
SF,IC2011,2020-09-29 09:30:36.900,6115.0000,7862,0,78234520.000,0,-,-,-,-,6114.6000,6114.2000,6114.0000,6113.8000,6113.6000,6118.0000,6118.8000,6119.8000,6120.6000,6122.6000,1,4,1,5,2,1,3,1,1,2
SF,IC2011,2020-09-29 09:30:37.400,6114.6000,7861,-1,80680400.000,2,0,2,多平,S,6114.8000,6114.2000,6114.0000,6113.8000,6113.6000,6117.8000,6118.0000,6118.8000,6119.8000,6120.6000,1,1,1,5,2,1,1,3,1,1
SF,IC2011,2020-09-29 09:30:37.900,6114.8000,7860,-1,81903360.000,1,0,1,双平,S,6109.2000,6108.0000,6101.8000,6101.6000,6098.6000,6113.6000,6116.4000,6117.8000,6118.0000,6118.8000,1,1,1,5,1,1,1,1,1,3
SF,IC2011,2020-09-29 09:30:38.400,6113.6000,7859,-1,84348800.000,2,0,2,多平,S,6114.0000,6113.6000,6113.2000,6113.0000,6112.8000,6118.0000,6118.8000,6119.8000,6120.6000,6124.4000,1,2,1,1,2,1,3,1,1,2
SF,IC2011,2020-09-29 09:30:38.900,6113.6000,7859,0,84348800.000,0,-,-,-,-,6114.2000,6114.0000,6113.6000,6113.2000,6113.0000,6118.0000,6118.8000,6119.8000,6120.6000,6124.4000,1,1,2,1,1,1,3,1,1,2
SF,IC2011,2020-09-29 09:30:39.400,6113.6000,7859,0,84348800.000,0,-,-,-,-,6114.2000,6114.0000,6113.0000,6112.8000,6112.4000,6118.0000,6118.8000,6119.8000,6120.6000,6124.4000,1,1,1,2,2,1,3,1,1,2
SF,IC2011,2020-09-29 09:30:39.900,6113.6000,7859,0,84348800.000,0,-,-,-,-,6114.2000,6114.0000,6113.0000,6112.8000,6112.4000,6118.0000,6118.8000,6119.8000,6120.6000,6124.4000,1,1,1,2,2,1,3,1,1,2
SF,IC2011,2020-09-29 09:30:40.900,6113.6000,7859,0,84348800.000,0,-,-,-,-,6114.2000,6114.0000,6113.0000,6112.8000,6110.4000,6118.0000,6118.8000,6119.8000,6120.6000,6124.4000,1,1,1,1,1,1,3,1,1,2
SF,IC2011,2020-09-29 09:30:41.400,6113.6000,7859,0,84348800.000,0,-,-,-,-,6114.2000,6114.0000,6113.0000,6112.8000,6110.4000,6116.4000,6118.0000,6118.8000,6119.8000,6120.6000,1,1,1,1,1,1,1,3,1,1
SF,IC2011,2020-09-29 09:30:41.900,6113.6000,7859,0,84348800.000,0,-,-,-,-,6114.0000,6113.0000,6112.8000,6110.4000,6109.2000,6118.0000,6118.8000,6119.8000,6120.6000,6124.4000,1,1,1,1,1,1,3,1,1,2
SF,IC2011,2020-09-29 09:30:42.400,6113.6000,7859,0,84348800.000,0,-,-,-,-,6114.2000,6114.0000,6113.0000,6112.8000,6110.4000,6118.0000,6118.6000,6118.8000,6119.8000,6120.6000,2,3,1,1,1,1,1,3,1,1
SF,IC2011,2020-09-29 09:30:43.400,6113.6000,7859,0,84348800.000,0,-,-,-,-,6114.2000,6114.0000,6113.0000,6112.8000,6110.4000,6118.0000,6118.6000,6118.8000,6119.8000,6120.6000,3,2,1,1,1,1,1,3,1,1
SF,IC2011,2020-09-29 09:30:43.900,6113.6000,7859,0,84348800.000,0,-,-,-,-,6114.2000,6114.0000,6113.4000,6113.0000,6112.8000,6118.0000,6118.6000,6118.8000,6119.8000,6120.6000,1,1,1,1,1,1,1,3,1,1
SF,IC2011,2020-09-29 09:30:44.400,6113.6000,7859,0,84348800.000,0,-,-,-,-,6115.2000,6114.4000,6114.2000,6114.0000,6113.4000,6118.0000,6118.6000,6118.8000,6119.8000,6120.6000,1,3,1,1,1,1,1,3,1,1
SF,IC2011,2020-09-29 09:30:45.400,6113.6000,7859,0,84348800.000,0,-,-,-,-,6114.2000,6114.0000,6113.4000,6113.0000,6112.8000,6118.0000,6118.6000,6118.8000,6119.8000,6120.6000,1,1,1,1,1,1,1,3,1,1
SF,IC2011,2020-09-29 09:30:45.900,6113.6000,7859,0,84348800.000,0,-,-,-,-,6116.0000,6114.2000,6114.0000,6113.4000,6113.0000,6118.0000,6118.6000,6118.8000,6119.8000,6120.6000,1,1,1,1,1,1,1,3,1,1
SF,IC2011,2020-09-29 09:30:48.900,6116.0000,7860,1,85572000.000,1,1,0,双开,S,6114.2000,6114.0000,6113.4000,6113.0000,6112.8000,6118.0000,6118.6000,6118.8000,6119.8000,6120.6000,1,1,1,1,1,1,1,3,1,1
SF,IC2011,2020-09-29 09:30:49.400,6116.0000,7860,0,85572000.000,0,-,-,-,-,6114.2000,6114.0000,6113.4000,6113.0000,6112.8000,6118.0000,6118.6000,6118.8000,6119.8000,6120.6000,1,1,1,1,1,1,1,3,1,1
SF,IC2011,2020-09-29 09:30:50.400,6116.0000,7860,0,85572000.000,0,-,-,-,-,6114.2000,6114.0000,6113.4000,6113.0000,6112.8000,6118.0000,6118.6000,6118.8000,6119.8000,6120.6000,1,1,1,1,1,1,1,3,1,1
SF,IC2011,2020-09-29 09:30:50.900,6116.0000,7860,0,85572000.000,0,-,-,-,-,6114.2000,6114.0000,6113.4000,6113.0000,6112.2000,6116.4000,6118.0000,6118.6000,6118.8000,6119.8000,1,1,1,1,1,1,1,1,3,1
SF,IC2011,2020-09-29 09:30:51.400,6116.0000,7860,0,85572000.000,0,-,-,-,-,6114.4000,6114.0000,6113.8000,6113.4000,6113.0000,6116.4000,6118.0000,6118.6000,6118.8000,6119.8000,1,1,1,1,1,1,1,1,3,1
SF,IC2011,2020-09-29 09:30:51.900,6116.0000,7860,0,85572000.000,0,-,-,-,-,6114.4000,6114.0000,6113.8000,6113.4000,6113.0000,6116.0000,6116.4000,6118.0000,6118.6000,6118.8000,1,1,1,1,1,1,1,1,1,3
SF,IC2011,2020-09-29 09:30:52.900,6114.4000,7859,-1,86794880.000,1,0,1,双平,S,6114.0000,6113.8000,6113.4000,6113.0000,6109.2000,6114.6000,6116.0000,6118.0000,6118.6000,6118.8000,1,1,1,1,1,1,1,1,1,3
SF,IC2011,2020-09-29 09:30:53.400,6114.4000,7859,0,86794880.000,0,-,-,-,-,6114.0000,6113.8000,6113.4000,6113.0000,6109.2000,6114.4000,6114.6000,6116.0000,6118.0000,6118.6000,1,1,1,1,1,1,1,1,1,1
SF,IC2011,2020-09-29 09:30:53.900,6114.0000,7859,0,88017680.000,1,0,1,多换,S,6113.8000,6113.4000,6113.0000,6109.2000,6108.0000,6114.4000,6114.6000,6116.0000,6118.0000,6118.6000,1,1,1,1,1,1,1,1,1,1
SF,IC2011,2020-09-29 09:30:54.400,6114.4000,7858,-1,90463320.000,2,0,2,多平,S,6113.4000,6113.0000,6109.2000,6108.0000,6101.8000,6114.6000,6116.0000,6118.0000,6118.6000,6118.8000,1,1,1,1,1,1,1,1,1,3
SF,IC2011,2020-09-29 09:30:54.900,6114.6000,7858,0,91686240.000,1,0,1,多换,S,6113.4000,6113.0000,6109.2000,6108.0000,6101.8000,6116.0000,6118.0000,6118.6000,6118.8000,6119.8000,1,1,1,1,1,1,1,1,3,1
SF,IC2011,2020-09-29 09:30:55.400,6114.6000,7858,0,91686240.000,0,-,-,-,-,6113.4000,6113.0000,6109.2000,6108.0000,6101.8000,6118.0000,6118.6000,6118.8000,6119.8000,6120.6000,1,1,1,1,1,1,1,3,1,1
SF,IC2011,2020-09-29 09:30:55.900,6114.6000,7858,0,91686240.000,0,-,-,-,-,6113.4000,6113.0000,6109.2000,6108.0000,6101.8000,6117.8000,6118.0000,6118.6000,6118.8000,6119.8000,1,1,1,1,1,1,1,1,3,1
SF,IC2011,2020-09-29 09:30:56.400,6114.6000,7858,0,91686240.000,0,-,-,-,-,6113.4000,6113.0000,6109.2000,6108.0000,6101.8000,6117.6000,6117.8000,6118.0000,6118.6000,6118.8000,1,1,1,1,1,1,1,1,1,3
SF,IC2011,2020-09-29 09:30:56.900,6114.6000,7858,0,91686240.000,0,-,-,-,-,6114.2000,6113.4000,6113.0000,6109.2000,6108.0000,6117.4000,6117.6000,6118.0000,6118.6000,6118.8000,1,1,1,1,1,1,1,1,1,3
SF,IC2011,2020-09-29 09:30:57.900,6113.4000,7858,0,94131760.000,2,1,1,多换,S,6113.0000,6109.2000,6108.0000,6101.8000,6101.6000,6117.4000,6118.0000,6118.6000,6118.8000,6119.8000,1,1,1,1,5,1,1,1,3,1
SF,IC2011,2020-09-29 09:30:58.900,6113.4000,7858,0,94131760.000,0,-,-,-,-,6113.0000,6109.2000,6108.0000,6101.8000,6101.6000,6117.4000,6118.0000,6118.6000,6118.8000,6120.6000,1,1,1,1,5,1,1,1,3,1
SF,IC2011,2020-09-29 09:30:59.900,6113.4000,7858,0,94131760.000,0,-,-,-,-,6113.0000,6109.2000,6108.0000,6101.8000,6101.6000,6116.8000,6117.4000,6118.0000,6118.6000,6118.8000,1,1,1,1,5,1,1,1,1,3
SF,IC2011,2020-09-29 09:31:00.400,6113.4000,7858,0,94131760.000,0,-,-,-,-,6113.0000,6109.2000,6108.0000,6101.8000,6101.6000,6116.6000,6116.8000,6118.0000,6118.6000,6118.8000,1,1,1,1,5,1,1,1,1,3
SF,IC2011,2020-09-29 09:31:00.900,6113.4000,7858,0,94131760.000,0,-,-,-,-,6113.0000,6109.2000,6108.0000,6101.8000,6101.6000,6116.6000,6116.8000,6118.0000,6118.6000,6118.8000,1,1,1,1,5,3,1,1,1,3
SF,IC2011,2020-09-29 09:31:01.400,6113.4000,7858,0,94131760.000,0,-,-,-,-,6113.0000,6109.2000,6108.0000,6101.8000,6101.6000,6116.6000,6118.0000,6118.6000,6118.8000,6120.6000,1,1,1,1,5,1,1,1,3,1
SF,IC2011,2020-09-29 09:31:01.900,6113.4000,7858,0,94131760.000,0,-,-,-,-,6113.2000,6113.0000,6109.2000,6101.8000,6101.6000,6116.4000,6118.0000,6118.6000,6118.8000,6120.6000,2,1,1,1,5,1,1,1,3,1
SF,IC2011,2020-09-29 09:31:02.400,6113.4000,7858,0,94131760.000,0,-,-,-,-,6113.4000,6113.2000,6113.0000,6109.2000,6101.8000,6116.4000,6116.6000,6118.0000,6118.6000,6118.8000,1,2,1,1,1,1,1,1,1,3
SF,IC2011,2020-09-29 09:31:02.900,6113.4000,7858,0,94131760.000,0,-,-,-,-,6113.6000,6113.4000,6113.2000,6113.0000,6109.2000,6116.4000,6116.6000,6118.0000,6118.6000,6118.8000,1,1,1,1,1,1,1,1,1,3
SF,IC2011,2020-09-29 09:31:03.400,6113.4000,7858,0,94131760.000,0,-,-,-,-,6113.6000,6113.2000,6113.0000,6109.2000,6101.8000,6116.4000,6116.6000,6118.0000,6118.6000,6118.8000,1,1,1,1,1,1,1,1,1,3
SF,IC2011,2020-09-29 09:31:03.900,6113.4000,7858,0,94131760.000,0,-,-,-,-,6115.0000,6113.6000,6113.2000,6113.0000,6109.2000,6116.4000,6116.6000,6118.0000,6118.6000,6118.8000,1,1,1,1,1,1,1,1,1,3
SF,IC2011,2020-09-29 09:31:04.400,6116.6000,7857,-1,95355080.000,1,0,1,双平,S,6113.6000,6113.2000,6113.0000,6109.2000,6101.8000,6118.0000,6118.6000,6118.8000,6120.6000,6125.0000,1,1,1,1,1,1,1,3,1,1
SF,IC2011,2020-09-29 09:31:04.900,6116.6000,7857,0,95355080.000,0,-,-,-,-,6113.8000,6113.6000,6113.0000,6109.2000,6101.8000,6117.8000,6118.0000,6118.6000,6118.8000,6120.6000,1,1,1,1,1,1,1,1,3,1
SF,IC2011,2020-09-29 09:31:05.400,6116.6000,7857,0,95355080.000,0,-,-,-,-,6114.0000,6113.8000,6113.0000,6109.2000,6101.8000,6117.8000,6118.0000,6118.6000,6118.8000,6120.6000,1,1,1,1,1,1,1,1,3,1
SF,IC2011,2020-09-29 09:31:05.900,6116.6000,7857,0,95355080.000,0,-,-,-,-,6114.0000,6113.0000,6109.2000,6101.8000,6101.6000,6117.6000,6117.8000,6118.0000,6118.6000,6118.8000,1,1,1,1,5,1,1,1,1,3
SF,IC2011,2020-09-29 09:31:06.400,6116.6000,7857,0,95355080.000,0,-,-,-,-,6114.0000,6113.0000,6109.2000,6101.8000,6101.6000,6117.4000,6117.6000,6118.0000,6118.6000,6118.8000,1,1,1,1,5,1,1,1,1,3
SF,IC2011,2020-09-29 09:31:06.900,6117.2000,7856,-1,96578520.000,1,0,1,双平,S,6114.2000,6114.0000,6113.0000,6109.2000,6101.8000,6118.0000,6118.6000,6118.8000,6120.6000,6125.0000,5,2,1,1,1,1,1,3,1,1
SF,IC2011,2020-09-29 09:31:07.400,6118.0000,7854,-2,99025720.000,2,0,2,双平,S,6115.2000,6114.8000,6114.6000,6114.4000,6114.2000,6118.6000,6118.8000,6120.6000,6125.0000,6129.8000,1,1,2,1,4,1,3,1,1,1
SF,IC2011,2020-09-29 09:31:07.900,6118.6000,7854,0,100249440.000,1,0,1,多换,S,6115.6000,6115.4000,6115.2000,6114.6000,6114.2000,6118.8000,6120.6000,6125.0000,6129.8000,6130.6000,1,3,6,2,3,3,1,1,1,5
SF,IC2011,2020-09-29 09:31:08.400,6118.8000,7854,0,103920720.000,3,1,2,多换,S,6116.0000,6115.8000,6115.4000,6115.2000,6114.6000,6120.6000,6125.0000,6129.8000,6130.6000,6139.6000,1,6,1,6,2,1,1,1,5,2
SF,IC2011,2020-09-29 09:31:08.900,6118.8000,7854,0,103920720.000,0,-,-,-,-,6116.4000,6116.2000,6116.0000,6115.8000,6115.4000,6120.6000,6125.0000,6129.8000,6130.6000,6139.6000,3,3,2,3,1,1,1,1,5,2
SF,IC2011,2020-09-29 09:31:09.400,6118.8000,7854,0,103920720.000,0,-,-,-,-,6118.6000,6116.6000,6116.0000,6115.8000,6115.4000,6120.4000,6120.6000,6125.0000,6129.8000,6130.6000,1,4,1,3,1,1,1,1,1,5
SF,IC2011,2020-09-29 09:31:09.900,6118.8000,7854,0,103920720.000,0,-,-,-,-,6118.8000,6116.6000,6116.0000,6115.8000,6115.2000,6120.4000,6120.6000,6125.0000,6129.8000,6130.6000,1,3,1,2,5,1,1,1,1,5
SF,IC2011,2020-09-29 09:31:10.400,6118.8000,7854,0,103920720.000,0,-,-,-,-,6118.8000,6116.6000,6116.0000,6115.8000,6115.2000,6120.6000,6125.0000,6129.8000,6130.6000,6139.6000,1,3,1,2,1,1,1,1,5,2
SF,IC2011,2020-09-29 09:31:10.900,6118.8000,7854,0,103920720.000,0,-,-,-,-,6118.8000,6116.6000,6116.0000,6115.8000,6115.2000,6120.6000,6125.0000,6129.8000,6130.6000,6139.6000,1,3,1,2,1,1,1,1,5,2
SF,IC2011,2020-09-29 09:31:11.400,6118.8000,7854,0,103920720.000,0,-,-,-,-,6118.8000,6116.6000,6116.0000,6115.8000,6115.2000,6120.6000,6125.0000,6129.8000,6130.6000,6139.6000,1,3,1,2,1,1,1,1,5,2
SF,IC2011,2020-09-29 09:31:11.900,6120.6000,7853,-1,105144840.000,1,0,1,双平,S,6119.0000,6118.8000,6116.6000,6116.0000,6115.8000,6125.0000,6129.8000,6130.6000,6139.6000,6169.8000,1,1,3,1,2,1,1,5,2,1
SF,IC2011,2020-09-29 09:31:12.400,6120.6000,7853,0,105144840.000,0,-,-,-,-,6119.2000,6119.0000,6116.6000,6116.0000,6115.8000,6124.8000,6125.0000,6129.8000,6130.6000,6139.6000,2,1,2,1,2,5,3,1,5,2
SF,IC2011,2020-09-29 09:31:12.900,6120.6000,7853,0,105144840.000,0,-,-,-,-,6119.4000,6119.2000,6119.0000,6116.6000,6116.0000,6124.8000,6125.0000,6129.8000,6130.6000,6139.6000,2,2,1,2,1,6,3,1,5,2
SF,IC2011,2020-09-29 09:31:13.400,6120.6000,7853,0,105144840.000,0,-,-,-,-,6119.6000,6119.4000,6119.0000,6116.6000,6116.0000,6124.8000,6125.0000,6129.8000,6130.6000,6139.6000,2,2,1,2,1,7,3,1,5,2
SF,IC2011,2020-09-29 09:31:13.900,6120.6000,7853,0,105144840.000,0,-,-,-,-,6119.6000,6119.4000,6119.0000,6116.6000,6116.0000,6124.8000,6125.0000,6129.8000,6130.6000,6139.6000,2,2,1,2,1,6,3,1,5,2
SF,IC2011,2020-09-29 09:31:14.400,6120.6000,7853,0,105144840.000,0,-,-,-,-,6119.6000,6119.4000,6119.0000,6116.6000,6116.0000,6124.8000,6125.0000,6129.8000,6130.6000,6139.6000,2,2,1,2,1,7,3,1,5,2
SF,IC2011,2020-09-29 09:31:14.900,6120.6000,7853,0,105144840.000,0,-,-,-,-,6119.6000,6119.4000,6119.0000,6116.6000,6115.8000,6124.8000,6125.0000,6129.8000,6130.6000,6139.6000,2,2,1,2,2,6,3,1,5,2
SF,IC2011,2020-09-29 09:31:16.900,6120.6000,7853,0,105144840.000,0,-,-,-,-,6119.6000,6119.4000,6119.0000,6116.6000,6115.8000,6124.8000,6125.0000,6129.8000,6130.6000,6139.6000,2,2,1,2,2,5,3,1,5,2
SF,IC2011,2020-09-29 09:31:17.400,6124.8000,7852,-1,106369800.000,1,0,1,双平,S,6119.8000,6119.6000,6119.4000,6119.0000,6116.6000,6124.8000,6125.0000,6129.8000,6130.6000,6139.6000,2,2,2,1,2,4,3,1,5,2
SF,IC2011,2020-09-29 09:31:17.900,6124.8000,7852,0,106369800.000,0,-,-,-,-,6120.0000,6119.8000,6119.4000,6119.0000,6116.6000,6124.6000,6124.8000,6125.0000,6129.8000,6130.6000,2,2,2,1,2,1,5,3,1,5
SF,IC2011,2020-09-29 09:31:18.400,6124.8000,7852,0,106369800.000,0,-,-,-,-,6120.2000,6120.0000,6119.8000,6119.4000,6119.0000,6124.6000,6124.8000,6125.0000,6129.8000,6130.6000,1,2,2,2,1,1,5,3,1,5
SF,IC2011,2020-09-29 09:31:18.900,6124.8000,7852,0,106369800.000,0,-,-,-,-,6122.4000,6120.4000,6120.2000,6119.8000,6119.4000,6124.6000,6124.8000,6125.0000,6129.8000,6130.6000,1,2,1,2,2,1,5,3,1,5
SF,IC2011,2020-09-29 09:31:19.400,6122.4000,7852,0,107594280.000,1,0,1,多换,S,6120.4000,6120.2000,6119.8000,6119.4000,6116.6000,6123.0000,6124.2000,6124.6000,6124.8000,6125.0000,1,1,2,2,2,1,1,1,5,3
SF,IC2011,2020-09-29 09:31:19.900,6122.4000,7852,0,107594280.000,0,-,-,-,-,6120.6000,6120.2000,6119.8000,6119.4000,6115.2000,6122.8000,6124.2000,6124.8000,6125.0000,6128.0000,1,1,2,2,1,1,1,5,1,1
SF,IC2011,2020-09-29 09:31:20.400,6122.8000,7850,-2,110042960.000,2,0,2,双平,S,6120.2000,6119.8000,6115.2000,6113.0000,6109.2000,6124.2000,6124.8000,6125.0000,6128.0000,6129.8000,1,2,1,1,1,1,5,1,1,1
SF,IC2011,2020-09-29 09:31:20.900,6122.8000,7850,0,110042960.000,0,-,-,-,-,6120.4000,6115.2000,6113.0000,6109.2000,6107.4000,6122.0000,6123.2000,6123.6000,6124.0000,6124.2000,2,1,1,1,5,1,2,5,1,1
SF,IC2011,2020-09-29 09:31:21.400,6120.4000,7849,-1,111267040.000,1,0,1,双平,S,6115.2000,6113.0000,6109.2000,6107.4000,6101.8000,6122.4000,6124.0000,6124.2000,6124.8000,6125.0000,1,1,1,5,1,1,1,1,2,1
SF,IC2011,2020-09-29 09:31:21.900,6122.2000,7848,-1,112491480.000,1,0,1,双平,S,6116.4000,6116.2000,6116.0000,6115.4000,6115.2000,6122.4000,6124.2000,6124.8000,6125.0000,6128.0000,2,1,2,5,5,1,1,2,1,1
SF,IC2011,2020-09-29 09:31:22.400,6122.2000,7848,0,112491480.000,0,-,-,-,-,6116.6000,6116.4000,6116.2000,6116.0000,6115.4000,6122.2000,6122.4000,6124.2000,6124.8000,6125.0000,2,2,1,2,3,1,1,1,2,1
SF,IC2011,2020-09-29 09:31:22.900,6122.2000,7847,-1,113715920.000,1,0,1,双平,S,6116.6000,6116.4000,6116.2000,6116.0000,6115.4000,6122.4000,6124.8000,6125.0000,6128.0000,6129.8000,2,2,1,2,3,1,2,1,1,1
SF,IC2011,2020-09-29 09:31:23.400,6122.2000,7847,0,113715920.000,0,-,-,-,-,6116.8000,6116.6000,6116.4000,6116.2000,6116.0000,6122.2000,6122.4000,6124.8000,6125.0000,6128.0000,1,2,2,1,2,1,1,2,1,1
SF,IC2011,2020-09-29 09:31:23.900,6122.2000,7846,-1,114940360.000,1,0,1,双平,S,6117.0000,6116.8000,6116.4000,6116.2000,6116.0000,6122.4000,6124.8000,6125.0000,6128.0000,6129.8000,2,1,2,1,2,1,2,1,1,1
SF,IC2011,2020-09-29 09:31:24.400,6122.2000,7846,0,114940360.000,0,-,-,-,-,6117.2000,6117.0000,6116.8000,6116.0000,6115.4000,6122.2000,6122.4000,6125.0000,6128.0000,6129.8000,1,2,1,2,3,1,1,1,1,1
SF,IC2011,2020-09-29 09:31:24.900,6122.2000,7845,-1,116164800.000,1,0,1,双平,S,6117.4000,6117.2000,6116.8000,6116.0000,6115.4000,6121.8000,6122.2000,6122.4000,6125.0000,6128.0000,2,1,1,2,3,1,3,1,1,1
SF,IC2011,2020-09-29 09:31:25.400,6122.2000,7845,0,116164800.000,0,-,-,-,-,6118.0000,6117.4000,6117.2000,6116.8000,6116.0000,6121.6000,6121.8000,6122.4000,6125.0000,6128.0000,1,2,1,1,2,1,1,1,1,1
SF,IC2011,2020-09-29 09:31:25.900,6121.8000,7844,-1,117389160.000,1,0,1,双平,S,6118.2000,6115.4000,6115.2000,6113.0000,6109.2000,6121.8000,6122.4000,6123.2000,6125.0000,6128.0000,2,1,5,1,1,1,1,1,1,1
SF,IC2011,2020-09-29 09:31:26.400,6121.8000,7844,0,117389160.000,0,-,-,-,-,6118.2000,6115.4000,6115.2000,6113.0000,6109.2000,6121.6000,6121.8000,6122.4000,6123.2000,6125.0000,2,1,1,1,1,1,3,1,1,1
SF,IC2011,2020-09-29 09:31:26.900,6121.8000,7844,0,117389160.000,0,-,-,-,-,6118.2000,6115.4000,6115.2000,6113.0000,6109.2000,6121.8000,6122.4000,6123.2000,6125.0000,6128.0000,2,1,1,1,1,1,1,1,1,1
SF,IC2011,2020-09-29 09:31:27.400,6121.8000,7843,-1,118613520.000,1,0,1,双平,S,6118.2000,6115.4000,6113.0000,6109.2000,6107.4000,6120.8000,6121.2000,6121.6000,6121.8000,6122.4000,2,1,1,1,5,2,1,2,3,1
SF,IC2011,2020-09-29 09:31:27.900,6121.8000,7843,0,118613520.000,0,-,-,-,-,6118.2000,6115.4000,6113.0000,6109.2000,6107.4000,6120.8000,6121.2000,6121.6000,6121.8000,6122.4000,1,1,1,1,5,2,1,2,2,1
SF,IC2011,2020-09-29 09:31:28.400,6121.8000,7843,0,118613520.000,0,-,-,-,-,6119.6000,6118.2000,6115.4000,6113.0000,6109.2000,6120.2000,6121.8000,6122.4000,6123.2000,6125.0000,1,1,1,1,1,1,1,1,1,1
SF,IC2011,2020-09-29 09:31:28.900,6121.8000,7843,0,118613520.000,0,-,-,-,-,6119.8000,6115.4000,6113.0000,6109.2000,6107.4000,6122.4000,6123.2000,6125.0000,6128.0000,6129.8000,1,1,1,1,5,1,1,1,1,1
SF,IC2011,2020-09-29 09:31:29.400,6119.8000,7841,-2,121061440.000,2,0,2,双平,S,6115.4000,6113.0000,6109.2000,6107.4000,6101.8000,6121.2000,6121.6000,6121.8000,6122.2000,6123.2000,1,1,1,5,1,1,2,2,3,1
SF,IC2011,2020-09-29 09:31:29.900,6119.8000,7841,0,121061440.000,0,-,-,-,-,6117.0000,6115.6000,6115.4000,6113.0000,6109.2000,6121.0000,6121.2000,6121.6000,6121.8000,6122.2000,1,2,1,1,1,1,1,2,2,3
SF,IC2011,2020-09-29 09:31:30.400,6119.8000,7841,0,121061440.000,0,-,-,-,-,6117.2000,6113.0000,6109.2000,6107.4000,6101.8000,6121.0000,6121.2000,6121.6000,6121.8000,6122.2000,2,1,1,5,1,1,1,2,2,3
SF,IC2011,2020-09-29 09:31:30.900,6119.8000,7841,0,121061440.000,0,-,-,-,-,6117.2000,6113.2000,6113.0000,6109.2000,6107.4000,6120.6000,6121.0000,6121.2000,6121.6000,6121.8000,2,1,1,1,5,1,1,1,2,2
SF,IC2011,2020-09-29 09:31:31.400,6119.8000,7841,0,121061440.000,0,-,-,-,-,6117.2000,6113.2000,6113.0000,6109.2000,6107.4000,6121.2000,6121.6000,6121.8000,6122.2000,6125.0000,2,1,1,1,5,1,2,2,3,1
SF,IC2011,2020-09-29 09:31:31.900,6119.8000,7841,0,121061440.000,0,-,-,-,-,6117.2000,6113.2000,6113.0000,6109.2000,6107.4000,6121.0000,6121.2000,6121.6000,6121.8000,6122.2000,2,1,1,1,5,1,1,2,2,3
SF,IC2011,2020-09-29 09:31:32.400,6119.8000,7841,0,121061440.000,0,-,-,-,-,6117.6000,6117.4000,6117.2000,6113.2000,6113.0000,6120.0000,6122.2000,6125.0000,6128.0000,6130.6000,1,1,2,1,1,2,3,1,1,5
SF,IC2011,2020-09-29 09:31:32.900,6120.0000,7839,-2,123509440.000,2,0,2,双平,S,6117.8000,6117.6000,6117.4000,6117.2000,6113.2000,6119.8000,6122.2000,6125.0000,6128.0000,6130.6000,1,1,1,1,1,1,2,1,1,5
SF,IC2011,2020-09-29 09:31:33.400,6118.0000,7837,-2,125957040.000,2,0,2,双平,S,6118.0000,6117.6000,6117.4000,6113.2000,6113.0000,6122.2000,6125.0000,6128.0000,6130.6000,6134.6000,1,1,1,1,1,2,2,1,5,1
SF,IC2011,2020-09-29 09:31:33.900,6118.0000,7837,0,125957040.000,0,-,-,-,-,6118.2000,6118.0000,6117.6000,6117.4000,6113.2000,6125.0000,6128.0000,6130.6000,6134.6000,6139.6000,2,1,1,1,1,2,1,5,1,2
SF,IC2011,2020-09-29 09:31:34.400,6118.0000,7837,0,125957040.000,0,-,-,-,-,6118.2000,6118.0000,6117.6000,6113.2000,6113.0000,6122.6000,6123.2000,6123.6000,6124.2000,6124.8000,2,1,1,1,1,1,2,5,1,4
SF,IC2011,2020-09-29 09:31:34.900,6118.0000,7837,0,125957040.000,0,-,-,-,-,6118.2000,6117.6000,6113.2000,6113.0000,6109.2000,6122.4000,6122.6000,6123.2000,6123.6000,6124.2000,2,1,1,1,1,1,2,2,5,1
SF,IC2011,2020-09-29 09:31:35.400,6118.0000,7837,0,125957040.000,0,-,-,-,-,6118.4000,6118.2000,6117.6000,6113.2000,6113.0000,6122.4000,6122.6000,6123.2000,6123.6000,6124.2000,1,2,1,1,1,1,3,2,5,1
SF,IC2011,2020-09-29 09:31:35.900,6118.0000,7837,0,125957040.000,0,-,-,-,-,6118.6000,6118.4000,6117.6000,6113.2000,6113.0000,6121.8000,6122.2000,6122.4000,6122.6000,6123.2000,2,1,1,1,1,2,3,2,3,2
SF,IC2011,2020-09-29 09:31:36.400,6118.0000,7837,0,125957040.000,0,-,-,-,-,6118.6000,6118.4000,6117.6000,6113.2000,6113.0000,6122.2000,6122.6000,6123.2000,6124.2000,6124.4000,2,1,1,1,1,1,2,2,1,1
SF,IC2011,2020-09-29 09:31:36.900,6118.0000,7837,0,125957040.000,0,-,-,-,-,6118.6000,6118.4000,6117.6000,6113.2000,6113.0000,6122.2000,6124.2000,6124.4000,6124.8000,6125.0000,2,1,1,1,1,1,1,1,1,3
SF,IC2011,2020-09-29 09:31:37.400,6118.0000,7837,0,125957040.000,0,-,-,-,-,6118.6000,6118.4000,6117.6000,6113.2000,6113.0000,6121.6000,6121.8000,6122.0000,6122.2000,6124.2000,2,1,1,1,1,2,2,1,3,1
SF,IC2011,2020-09-29 09:31:37.900,6118.0000,7837,0,125957040.000,0,-,-,-,-,6120.2000,6118.6000,6118.4000,6117.6000,6113.2000,6121.4000,6122.2000,6124.2000,6124.4000,6124.8000,1,2,1,1,1,1,3,1,1,1
SF,IC2011,2020-09-29 09:31:38.400,6118.0000,7837,0,125957040.000,0,-,-,-,-,6120.4000,6118.6000,6113.2000,6113.0000,6110.2000,6121.4000,6122.2000,6124.2000,6124.4000,6124.8000,1,1,1,1,2,1,1,1,1,1
SF,IC2011,2020-09-29 09:31:38.900,6118.0000,7837,0,125957040.000,0,-,-,-,-,6120.4000,6119.6000,6118.6000,6113.2000,6113.0000,6121.4000,6122.2000,6124.2000,6124.4000,6124.8000,1,1,1,1,1,1,1,1,1,1
SF,IC2011,2020-09-29 09:31:39.900,6118.0000,7837,0,125957040.000,0,-,-,-,-,6120.4000,6119.6000,6118.6000,6113.2000,6113.0000,6121.4000,6122.2000,6124.2000,6124.4000,6124.8000,1,1,1,1,1,1,1,2,1,1
SF,IC2011,2020-09-29 09:31:40.400,6120.4000,7836,-1,127181120.000,1,0,1,双平,S,6119.6000,6118.6000,6113.2000,6113.0000,6110.2000,6121.4000,6122.2000,6124.2000,6124.4000,6124.8000,1,1,1,1,2,1,1,2,1,1
SF,IC2011,2020-09-29 09:31:40.900,6120.4000,7836,0,127181120.000,0,-,-,-,-,6119.8000,6119.6000,6118.6000,6113.2000,6113.0000,6121.4000,6122.2000,6124.2000,6124.4000,6124.8000,1,1,1,1,1,1,1,2,1,1
SF,IC2011,2020-09-29 09:31:41.400,6120.4000,7836,0,127181120.000,0,-,-,-,-,6119.8000,6118.6000,6113.2000,6113.0000,6110.2000,6121.4000,6122.2000,6124.2000,6124.4000,6124.8000,1,1,1,1,2,1,1,2,1,1
SF,IC2011,2020-09-29 09:31:41.900,6120.4000,7836,0,127181120.000,0,-,-,-,-,6119.8000,6119.0000,6118.6000,6113.2000,6113.0000,6121.4000,6122.2000,6124.2000,6124.4000,6124.8000,1,1,1,1,1,1,1,2,1,1
SF,IC2011,2020-09-29 09:31:43.900,6119.8000,7835,-1,128405080.000,1,0,1,双平,S,6119.0000,6118.6000,6113.2000,6113.0000,6110.2000,6121.4000,6122.2000,6124.2000,6124.4000,6124.8000,1,1,1,1,2,1,1,1,1,1
SF,IC2011,2020-09-29 09:31:44.400,6119.8000,7835,0,128405080.000,0,-,-,-,-,6119.2000,6118.6000,6113.2000,6113.0000,6110.2000,6119.8000,6121.2000,6121.4000,6122.2000,6124.2000,1,1,1,1,2,1,1,1,1,1
SF,IC2011,2020-09-29 09:31:44.900,6119.8000,7833,-2,130853000.000,2,0,2,双平,S,6119.2000,6118.8000,6113.2000,6113.0000,6110.2000,6121.2000,6121.4000,6122.2000,6124.2000,6124.4000,1,1,1,1,2,1,1,1,1,1
SF,IC2011,2020-09-29 09:31:45.400,6119.8000,7833,0,130853000.000,0,-,-,-,-,6119.2000,6118.8000,6113.2000,6113.0000,6110.2000,6121.2000,6121.4000,6122.2000,6124.2000,6124.4000,1,1,1,1,2,1,2,1,1,1
SF,IC2011,2020-09-29 09:31:46.900,6119.8000,7833,0,130853000.000,0,-,-,-,-,6119.2000,6118.8000,6113.2000,6113.0000,6110.2000,6121.0000,6121.2000,6121.4000,6122.2000,6124.2000,1,1,1,1,2,1,1,2,1,1
SF,IC2011,2020-09-29 09:31:47.400,6119.8000,7833,0,130853000.000,0,-,-,-,-,6120.2000,6118.0000,6113.2000,6113.0000,6110.2000,6120.8000,6121.0000,6121.4000,6122.2000,6124.2000,1,1,1,1,2,1,1,2,1,1
SF,IC2011,2020-09-29 09:31:47.900,6120.2000,7833,0,132077040.000,1,0,1,多换,S,6118.0000,6113.2000,6113.0000,6110.2000,6109.2000,6120.2000,6120.8000,6121.0000,6121.4000,6122.2000,1,1,1,2,1,1,1,1,2,1
SF,IC2011,2020-09-29 09:31:48.400,6120.2000,7833,0,132077040.000,0,-,-,-,-,6118.2000,6118.0000,6113.2000,6113.0000,6110.2000,6120.2000,6120.8000,6121.0000,6121.4000,6122.2000,1,1,1,1,2,1,1,1,2,2
SF,IC2011,2020-09-29 09:31:49.900,6120.2000,7833,0,132077040.000,0,-,-,-,-,6118.4000,6118.2000,6118.0000,6113.2000,6113.0000,6120.2000,6120.8000,6121.0000,6121.4000,6122.2000,1,1,1,1,1,1,1,1,2,2
SF,IC2011,2020-09-29 09:31:50.400,6120.2000,7833,0,132077040.000,0,-,-,-,-,6118.6000,6118.4000,6113.2000,6113.0000,6110.2000,6120.2000,6120.8000,6121.0000,6121.4000,6122.2000,1,2,1,1,2,1,1,1,2,2
SF,IC2011,2020-09-29 09:31:51.900,6120.2000,7833,0,132077040.000,0,-,-,-,-,6118.6000,6118.4000,6113.2000,6113.0000,6110.2000,6120.2000,6120.8000,6121.0000,6121.4000,6122.2000,1,1,1,1,2,1,1,1,2,2
SF,IC2011,2020-09-29 09:31:52.400,6120.2000,7833,0,132077040.000,0,-,-,-,-,6118.6000,6118.4000,6113.2000,6113.0000,6110.2000,6120.2000,6120.8000,6121.0000,6121.4000,6122.2000,2,1,1,1,2,1,1,1,2,2
SF,IC2011,2020-09-29 09:31:52.900,6120.2000,7833,0,132077040.000,0,-,-,-,-,6118.6000,6118.4000,6113.2000,6113.0000,6110.2000,6120.8000,6121.0000,6121.4000,6122.2000,6124.2000,2,1,1,1,2,1,1,2,2,1
SF,IC2011,2020-09-29 09:31:53.400,6120.2000,7833,0,132077040.000,0,-,-,-,-,6118.6000,6113.2000,6113.0000,6110.2000,6109.2000,6120.8000,6121.0000,6121.4000,6122.2000,6124.2000,2,1,1,2,1,1,1,2,2,1
SF,IC2011,2020-09-29 09:31:53.900,6120.2000,7833,0,132077040.000,0,-,-,-,-,6118.6000,6116.0000,6113.2000,6113.0000,6110.2000,6120.8000,6121.0000,6121.4000,6122.2000,6124.2000,2,1,1,1,2,1,1,2,2,1
SF,IC2011,2020-09-29 09:31:54.400,6120.2000,7833,0,132077040.000,0,-,-,-,-,6118.6000,6116.0000,6113.2000,6113.0000,6110.2000,6120.8000,6121.0000,6121.4000,6122.2000,6124.0000,1,1,1,1,2,1,1,2,2,1
SF,IC2011,2020-09-29 09:31:55.900,6120.2000,7833,0,132077040.000,0,-,-,-,-,6118.6000,6116.0000,6113.2000,6113.0000,6110.2000,6120.8000,6121.0000,6121.4000,6122.2000,6124.0000,1,1,1,1,2,1,1,2,2,1
SF,IC2011,2020-09-29 09:31:56.900,6120.2000,7833,0,132077040.000,0,-,-,-,-,6119.8000,6118.6000,6116.0000,6113.2000,6113.0000,6120.8000,6121.0000,6121.4000,6122.2000,6124.0000,1,1,1,1,1,1,1,2,2,1
SF,IC2011,2020-09-29 09:31:57.400,6120.2000,7833,0,132077040.000,0,-,-,-,-,6118.6000,6116.0000,6113.2000,6113.0000,6110.2000,6121.0000,6121.4000,6122.2000,6124.2000,6124.4000,1,1,1,1,2,1,2,2,1,1
SF,IC2011,2020-09-29 09:31:57.900,6120.2000,7833,0,132077040.000,0,-,-,-,-,6118.8000,6118.6000,6116.0000,6113.2000,6113.0000,6120.8000,6121.0000,6121.4000,6122.2000,6124.2000,1,1,1,1,1,1,1,2,2,1
SF,IC2011,2020-09-29 09:32:00.900,6120.2000,7833,0,132077040.000,0,-,-,-,-,6118.8000,6118.6000,6116.0000,6113.2000,6113.0000,6120.8000,6121.4000,6122.2000,6124.2000,6124.4000,1,1,1,1,1,1,2,2,1,1
SF,IC2011,2020-09-29 09:32:01.400,6120.2000,7833,0,132077040.000,0,-,-,-,-,6118.8000,6118.6000,6116.0000,6113.2000,6113.0000,6121.4000,6122.2000,6124.2000,6124.4000,6124.8000,1,1,1,1,1,2,2,1,1,1
SF,IC2011,2020-09-29 09:32:01.900,6120.2000,7833,0,132077040.000,0,-,-,-,-,6118.8000,6118.6000,6116.0000,6113.2000,6113.0000,6121.4000,6122.2000,6124.2000,6124.4000,6124.8000,1,1,1,1,1,2,2,1,1,1
SF,IC2011,2020-09-29 09:32:02.400,6120.2000,7833,0,132077040.000,0,-,-,-,-,6118.8000,6118.6000,6116.0000,6113.2000,6113.0000,6121.4000,6122.2000,6124.2000,6124.4000,6124.8000,1,1,1,1,1,2,2,1,1,1
SF,IC2011,2020-09-29 09:32:02.900,6120.2000,7833,0,132077040.000,0,-,-,-,-,6118.8000,6118.6000,6116.0000,6113.2000,6113.0000,6121.2000,6121.4000,6122.2000,6124.2000,6124.4000,1,1,1,1,1,1,2,2,1,1
SF,IC2011,2020-09-29 09:32:04.900,6120.2000,7833,0,132077040.000,0,-,-,-,-,6119.0000,6118.8000,6118.6000,6116.0000,6113.2000,6121.2000,6121.4000,6122.2000,6124.2000,6124.4000,1,1,1,1,1,1,2,2,1,1
SF,IC2011,2020-09-29 09:32:05.400,6120.2000,7833,0,132077040.000,0,-,-,-,-,6119.2000,6119.0000,6118.6000,6116.0000,6113.2000,6121.4000,6122.2000,6124.2000,6124.4000,6124.8000,1,1,1,1,1,2,1,1,1,1
SF,IC2011,2020-09-29 09:32:05.900,6120.2000,7833,0,132077040.000,0,-,-,-,-,6119.2000,6119.0000,6118.6000,6116.0000,6113.2000,6121.4000,6122.2000,6123.0000,6124.2000,6124.4000,1,1,1,1,1,1,1,1,1,1
SF,IC2011,2020-09-29 09:32:06.400,6120.2000,7833,0,132077040.000,0,-,-,-,-,6120.4000,6119.2000,6119.0000,6118.6000,6116.0000,6121.4000,6122.2000,6123.0000,6124.2000,6124.4000,1,1,1,1,1,1,1,1,1,1
SF,IC2011,2020-09-29 09:32:06.900,6119.2000,7832,-1,134524960.000,2,0,2,多平,S,6119.0000,6118.6000,6116.0000,6113.2000,6113.0000,6120.4000,6121.4000,6122.2000,6123.0000,6124.2000,1,1,1,1,1,1,1,1,1,1
SF,IC2011,2020-09-29 09:32:07.400,6119.2000,7832,0,134524960.000,0,-,-,-,-,6119.2000,6119.0000,6118.6000,6116.0000,6113.2000,6120.4000,6121.4000,6122.2000,6123.0000,6124.2000,1,1,1,1,1,1,1,1,1,1
SF,IC2011,2020-09-29 09:32:09.900,6119.2000,7832,0,134524960.000,0,-,-,-,-,6119.2000,6119.0000,6118.6000,6116.0000,6113.2000,6120.2000,6120.4000,6121.4000,6122.2000,6123.0000,1,1,1,1,1,1,1,1,1,1
SF,IC2011,2020-09-29 09:32:10.400,6119.2000,7832,0,134524960.000,0,-,-,-,-,6119.2000,6119.0000,6118.6000,6116.0000,6113.2000,6120.2000,6120.4000,6121.4000,6122.2000,6123.0000,1,1,1,1,1,1,1,1,1,1
SF,IC2011,2020-09-29 09:32:10.900,6119.4000,7830,-2,136972880.000,2,0,2,双平,S,6119.2000,6119.0000,6118.6000,6116.0000,6113.2000,6120.4000,6121.4000,6122.2000,6123.0000,6124.2000,1,1,1,1,1,1,1,1,1,1
SF,IC2011,2020-09-29 09:32:11.400,6119.4000,7830,0,136972880.000,0,-,-,-,-,6119.2000,6119.0000,6116.0000,6113.2000,6113.0000,6120.4000,6121.4000,6122.2000,6123.0000,6124.2000,1,1,1,1,1,1,1,1,1,1
SF,IC2011,2020-09-29 09:32:11.900,6119.2000,7829,-1,138196720.000,1,0,1,双平,S,6119.0000,6116.0000,6113.2000,6113.0000,6110.2000,6120.4000,6121.4000,6122.2000,6123.0000,6124.2000,1,1,1,1,2,1,1,1,1,1
SF,IC2011,2020-09-29 09:32:12.400,6119.0000,7828,-1,139420520.000,1,0,1,双平,S,6116.0000,6113.2000,6113.0000,6110.2000,6109.2000,6120.2000,6120.4000,6121.4000,6122.2000,6123.0000,1,1,1,2,1,1,1,1,1,1
SF,IC2011,2020-09-29 09:32:12.900,6119.0000,7828,0,139420520.000,0,-,-,-,-,6117.0000,6116.2000,6116.0000,6113.2000,6113.0000,6120.0000,6120.2000,6120.4000,6121.4000,6122.2000,1,2,1,1,1,1,1,1,1,1
SF,IC2011,2020-09-29 09:32:13.400,6119.0000,7828,0,139420520.000,0,-,-,-,-,6117.2000,6117.0000,6116.2000,6116.0000,6113.2000,6119.8000,6120.0000,6120.4000,6121.4000,6122.2000,1,1,1,1,1,1,1,1,1,1
SF,IC2011,2020-09-29 09:32:13.900,6119.0000,7828,0,139420520.000,0,-,-,-,-,6116.2000,6116.0000,6113.2000,6113.0000,6110.2000,6119.2000,6119.8000,6120.0000,6120.4000,6121.4000,1,1,1,1,2,1,1,1,1,1
SF,IC2011,2020-09-29 09:32:14.400,6119.0000,7828,0,139420520.000,0,-,-,-,-,6116.4000,6116.2000,6116.0000,6113.2000,6113.0000,6119.0000,6119.2000,6120.4000,6121.4000,6123.0000,2,1,1,1,1,1,1,1,1,1
SF,IC2011,2020-09-29 09:32:14.900,6119.0000,7828,0,139420520.000,0,-,-,-,-,6116.4000,6116.2000,6116.0000,6113.2000,6113.0000,6119.2000,6120.4000,6121.4000,6123.0000,6124.4000,2,1,1,1,1,1,1,1,1,1
SF,IC2011,2020-09-29 09:32:15.400,6119.0000,7828,0,139420520.000,0,-,-,-,-,6116.4000,6116.2000,6116.0000,6113.2000,6113.0000,6119.2000,6120.4000,6121.4000,6123.0000,6124.4000,2,2,1,1,1,1,1,1,1,1
SF,IC2011,2020-09-29 09:32:15.900,6119.0000,7828,0,139420520.000,0,-,-,-,-,6117.8000,6116.8000,6116.4000,6116.2000,6116.0000,6119.2000,6120.4000,6121.4000,6123.0000,6124.4000,1,1,2,2,1,1,1,1,1,1
SF,IC2011,2020-09-29 09:32:16.400,6119.2000,7827,-1,140644360.000,1,0,1,双平,S,6118.0000,6116.8000,6116.4000,6116.2000,6116.0000,6120.4000,6121.4000,6123.0000,6124.4000,6124.8000,2,1,1,2,1,1,1,1,1,1
SF,IC2011,2020-09-29 09:32:16.900,6119.2000,7827,0,140644360.000,0,-,-,-,-,6118.0000,6116.8000,6116.4000,6116.2000,6116.0000,6121.4000,6123.0000,6123.4000,6124.4000,6124.8000,2,1,1,1,1,1,1,1,1,1
SF,IC2011,2020-09-29 09:32:17.400,6119.2000,7827,0,140644360.000,0,-,-,-,-,6118.2000,6118.0000,6116.8000,6116.4000,6116.0000,6121.2000,6121.4000,6123.0000,6123.4000,6124.4000,1,2,1,1,1,1,1,1,1,1
SF,IC2011,2020-09-29 09:32:17.900,6119.2000,7827,0,140644360.000,0,-,-,-,-,6118.4000,6118.2000,6118.0000,6116.8000,6116.4000,6121.2000,6121.4000,6123.0000,6123.4000,6124.4000,2,1,1,1,1,1,1,1,1,1
SF,IC2011,2020-09-29 09:32:18.400,6119.2000,7827,0,140644360.000,0,-,-,-,-,6118.4000,6118.2000,6118.0000,6116.4000,6116.0000,6121.2000,6121.4000,6123.0000,6124.4000,6124.8000,2,1,1,1,1,1,1,1,1,1
SF,IC2011,2020-09-29 09:32:18.900,6119.2000,7827,0,140644360.000,0,-,-,-,-,6118.6000,6118.4000,6118.2000,6118.0000,6116.4000,6121.2000,6121.4000,6123.0000,6124.8000,6125.0000,1,2,1,1,1,1,1,1,1,3
SF,IC2011,2020-09-29 09:32:19.400,6119.2000,7827,0,140644360.000,0,-,-,-,-,6118.8000,6118.6000,6118.4000,6118.2000,6118.0000,6121.2000,6121.4000,6123.0000,6124.8000,6125.0000,1,1,1,1,1,1,1,1,1,3
SF,IC2011,2020-09-29 09:32:23.900,6119.2000,7827,0,140644360.000,0,-,-,-,-,6118.8000,6118.6000,6118.4000,6118.2000,6118.0000,6121.2000,6121.4000,6123.0000,6124.8000,6125.0000,1,2,1,1,1,1,1,1,1,3
SF,IC2011,2020-09-29 09:32:24.400,6119.2000,7827,0,140644360.000,0,-,-,-,-,6118.8000,6118.6000,6118.4000,6118.2000,6118.0000,6121.2000,6121.4000,6123.0000,6124.8000,6125.0000,1,2,1,1,1,1,1,1,1,3
SF,IC2011,2020-09-29 09:32:24.900,6119.2000,7827,0,140644360.000,0,-,-,-,-,6118.8000,6118.6000,6118.4000,6118.2000,6118.0000,6121.2000,6121.4000,6123.0000,6124.8000,6125.0000,1,2,1,1,1,1,1,1,1,3
SF,IC2011,2020-09-29 09:32:25.400,6119.2000,7827,0,140644360.000,0,-,-,-,-,6120.0000,6118.8000,6118.6000,6118.4000,6118.2000,6121.2000,6121.4000,6123.0000,6124.8000,6125.0000,1,1,2,1,1,1,1,1,1,3
SF,IC2011,2020-09-29 09:32:25.900,6120.0000,7827,0,141868360.000,1,0,1,多换,S,6118.6000,6118.2000,6116.0000,6113.2000,6110.2000,6121.2000,6121.4000,6123.0000,6124.8000,6125.0000,1,1,1,1,2,1,1,1,1,3
SF,IC2011,2020-09-29 09:32:26.400,6120.0000,7827,0,141868360.000,0,-,-,-,-,6118.6000,6118.2000,6116.0000,6113.2000,6110.2000,6121.2000,6121.4000,6123.0000,6124.8000,6125.0000,1,1,1,1,2,1,1,1,1,3
SF,IC2011,2020-09-29 09:32:27.400,6120.0000,7827,0,141868360.000,0,-,-,-,-,6118.2000,6116.0000,6113.2000,6110.2000,6109.2000,6121.2000,6121.4000,6123.0000,6124.8000,6125.0000,1,1,1,2,1,1,1,1,1,3
SF,IC2011,2020-09-29 09:32:27.900,6120.0000,7827,0,141868360.000,0,-,-,-,-,6118.4000,6118.2000,6116.0000,6113.2000,6110.2000,6121.0000,6121.2000,6121.4000,6123.0000,6124.8000,1,1,1,1,2,1,1,1,1,1
SF,IC2011,2020-09-29 09:32:28.400,6118.2000,7826,-1,144315720.000,2,0,2,多平,S,6116.0000,6113.2000,6110.2000,6109.2000,6107.4000,6120.6000,6120.8000,6121.0000,6121.4000,6123.0000,1,1,2,1,5,2,1,1,1,1
SF,IC2011,2020-09-29 09:32:28.900,6118.2000,7826,0,144315720.000,0,-,-,-,-,6116.6000,6116.2000,6116.0000,6113.2000,6110.2000,6120.4000,6120.6000,6121.0000,6121.4000,6123.0000,1,1,1,1,2,3,1,1,1,1
SF,IC2011,2020-09-29 09:32:29.400,6118.2000,7826,0,144315720.000,0,-,-,-,-,6116.8000,6116.6000,6116.0000,6113.2000,6110.2000,6120.4000,6120.6000,6121.0000,6121.4000,6123.0000,1,1,1,1,2,3,1,1,1,1
SF,IC2011,2020-09-29 09:32:30.400,6118.2000,7826,0,144315720.000,0,-,-,-,-,6116.8000,6116.6000,6116.0000,6113.2000,6110.2000,6120.4000,6121.4000,6123.0000,6124.8000,6125.0000,1,1,1,1,2,3,1,1,1,3
SF,IC2011,2020-09-29 09:32:30.900,6118.2000,7826,0,144315720.000,0,-,-,-,-,6116.8000,6116.6000,6116.0000,6113.2000,6110.2000,6120.4000,6121.4000,6123.0000,6124.8000,6125.0000,1,1,1,1,2,2,1,1,1,3
SF,IC2011,2020-09-29 09:32:32.400,6118.2000,7826,0,144315720.000,0,-,-,-,-,6116.8000,6116.6000,6116.0000,6113.2000,6110.2000,6120.2000,6120.4000,6121.4000,6123.0000,6124.8000,1,1,1,1,2,1,4,1,1,1
SF,IC2011,2020-09-29 09:32:32.900,6118.2000,7826,0,144315720.000,0,-,-,-,-,6116.0000,6113.2000,6110.2000,6109.2000,6107.4000,6120.0000,6120.2000,6120.4000,6121.4000,6123.0000,1,1,2,1,5,7,1,2,1,1
SF,IC2011,2020-09-29 09:32:33.400,6118.2000,7826,0,144315720.000,0,-,-,-,-,6116.2000,6116.0000,6113.2000,6110.2000,6109.2000,6120.0000,6120.4000,6121.4000,6123.0000,6124.8000,1,1,1,2,1,4,2,1,1,1
SF,IC2011,2020-09-29 09:32:34.400,6118.2000,7826,0,144315720.000,0,-,-,-,-,6116.2000,6116.0000,6113.2000,6110.2000,6109.2000,6119.8000,6120.0000,6120.4000,6121.4000,6123.0000,1,1,1,2,1,1,4,2,1,1
SF,IC2011,2020-09-29 09:32:34.900,6118.2000,7826,0,144315720.000,0,-,-,-,-,6118.0000,6116.2000,6116.0000,6113.2000,6110.2000,6119.6000,6119.8000,6121.4000,6123.0000,6124.8000,1,1,1,1,2,2,1,1,1,1
SF,IC2011,2020-09-29 09:32:35.400,6118.2000,7826,0,144315720.000,0,-,-,-,-,6116.2000,6116.0000,6113.2000,6110.2000,6109.2000,6119.4000,6119.6000,6119.8000,6121.4000,6123.0000,1,1,1,2,1,1,1,1,1,1
SF,IC2011,2020-09-29 09:32:35.900,6118.2000,7826,0,144315720.000,0,-,-,-,-,6116.2000,6116.0000,6113.2000,6110.2000,6109.2000,6119.2000,6119.4000,6119.8000,6121.4000,6123.0000,1,1,1,2,1,2,1,1,1,1
SF,IC2011,2020-09-29 09:32:37.400,6118.2000,7826,0,144315720.000,0,-,-,-,-,6116.2000,6116.0000,6113.2000,6110.2000,6109.2000,6119.2000,6119.4000,6119.8000,6121.0000,6121.4000,1,1,1,2,1,2,1,1,1,1
SF,IC2011,2020-09-29 09:32:37.900,6118.2000,7826,0,144315720.000,0,-,-,-,-,6116.0000,6113.2000,6110.2000,6109.2000,6107.4000,6119.0000,6119.2000,6119.4000,6119.8000,6121.0000,1,1,2,1,5,1,1,1,1,1
SF,IC2011,2020-09-29 09:32:38.400,6116.0000,7826,0,145538920.000,1,0,1,多换,S,6113.2000,6110.2000,6109.2000,6107.4000,6101.8000,6118.8000,6119.0000,6119.4000,6119.8000,6121.0000,1,2,1,5,1,1,1,1,1,1
SF,IC2011,2020-09-29 09:32:38.900,6116.0000,7826,0,145538920.000,0,-,-,-,-,6115.2000,6113.4000,6113.2000,6110.2000,6109.2000,6116.2000,6118.6000,6118.8000,6119.0000,6119.4000,1,1,1,2,1,2,1,1,1,1
SF,IC2011,2020-09-29 09:32:40.400,6115.2000,7825,-1,146761960.000,1,0,1,双平,S,6113.4000,6113.2000,6110.2000,6109.2000,6107.4000,6116.2000,6118.6000,6118.8000,6119.0000,6119.4000,1,1,2,1,5,2,1,1,1,1
SF,IC2011,2020-09-29 09:32:40.900,6115.2000,7825,0,146761960.000,0,-,-,-,-,6113.4000,6113.2000,6110.2000,6109.2000,6107.4000,6116.0000,6116.2000,6118.6000,6119.0000,6119.8000,1,1,2,1,5,1,2,1,1,1
SF,IC2011,2020-09-29 09:32:41.400,6115.2000,7825,0,146761960.000,0,-,-,-,-,6113.4000,6113.2000,6110.2000,6109.2000,6107.4000,6116.0000,6116.2000,6118.6000,6119.8000,6121.0000,1,1,2,1,5,1,2,1,1,1
SF,IC2011,2020-09-29 09:32:41.900,6116.2000,7823,-2,149208440.000,2,0,2,双平,S,6114.6000,6113.4000,6113.2000,6110.2000,6109.2000,6118.6000,6119.8000,6121.0000,6121.4000,6123.0000,1,1,1,2,1,1,1,1,1,1
SF,IC2011,2020-09-29 09:32:42.400,6116.2000,7823,0,149208440.000,0,-,-,-,-,6114.8000,6113.2000,6110.2000,6109.2000,6107.4000,6117.6000,6118.0000,6118.2000,6118.4000,6118.6000,1,1,2,1,5,1,2,5,3,1
SF,IC2011,2020-09-29 09:32:42.900,6116.2000,7823,0,149208440.000,0,-,-,-,-,6113.2000,6110.2000,6109.2000,6107.4000,6101.8000,6117.4000,6117.6000,6118.6000,6119.8000,6121.0000,1,2,1,5,1,1,1,1,1,1
SF,IC2011,2020-09-29 09:32:43.400,6116.2000,7823,0,149208440.000,0,-,-,-,-,6113.4000,6113.2000,6110.2000,6109.2000,6107.4000,6117.4000,6117.6000,6119.8000,6121.0000,6121.4000,3,1,2,1,5,1,1,1,1,1
SF,IC2011,2020-09-29 09:32:44.400,6116.2000,7823,0,149208440.000,0,-,-,-,-,6115.4000,6113.4000,6113.2000,6110.2000,6109.2000,6116.0000,6117.2000,6117.4000,6117.6000,6119.8000,1,2,1,2,1,1,1,1,1,1
SF,IC2011,2020-09-29 09:32:44.900,6116.2000,7823,0,149208440.000,0,-,-,-,-,6113.4000,6113.2000,6110.2000,6109.2000,6101.8000,6115.4000,6116.0000,6117.2000,6117.4000,6119.8000,1,1,2,1,1,1,1,1,1,1
SF,IC2011,2020-09-29 09:32:46.400,6116.2000,7823,0,149208440.000,0,-,-,-,-,6113.4000,6113.2000,6110.2000,6109.2000,6101.8000,6115.4000,6116.0000,6117.2000,6117.4000,6119.8000,1,1,2,1,1,1,1,1,1,1
SF,IC2011,2020-09-29 09:32:46.900,6116.2000,7823,0,149208440.000,0,-,-,-,-,6113.2000,6110.2000,6109.2000,6101.8000,6101.6000,6115.2000,6115.4000,6116.0000,6117.2000,6119.8000,1,2,1,1,5,2,1,1,1,1
SF,IC2011,2020-09-29 09:32:47.400,6116.2000,7823,0,149208440.000,0,-,-,-,-,6113.2000,6110.2000,6109.2000,6101.8000,6101.6000,6115.2000,6115.4000,6116.0000,6117.2000,6118.0000,1,2,1,1,5,2,1,1,1,1
SF,IC2011,2020-09-29 09:32:50.400,6116.2000,7823,0,149208440.000,0,-,-,-,-,6113.2000,6110.2000,6109.2000,6101.8000,6101.6000,6115.0000,6115.2000,6115.4000,6116.0000,6117.2000,1,2,1,1,5,1,2,1,1,1
SF,IC2011,2020-09-29 09:32:50.900,6116.2000,7823,0,149208440.000,0,-,-,-,-,6113.2000,6110.2000,6109.2000,6101.8000,6101.6000,6114.8000,6115.0000,6115.2000,6115.4000,6116.0000,1,2,1,1,5,1,1,1,1,1
SF,IC2011,2020-09-29 09:32:51.900,6116.2000,7823,0,149208440.000,0,-,-,-,-,6113.2000,6110.2000,6109.2000,6101.8000,6101.6000,6114.8000,6115.0000,6115.2000,6115.4000,6116.0000,1,2,1,1,5,1,1,1,1,1
SF,IC2011,2020-09-29 09:32:52.400,6113.2000,7823,0,150431080.000,1,0,1,多换,S,6110.2000,6109.2000,6101.8000,6101.6000,6100.6000,6114.6000,6114.8000,6115.0000,6115.2000,6115.4000,2,1,1,5,3,1,1,1,1,1
SF,IC2011,2020-09-29 09:32:52.900,6113.2000,7823,0,150431080.000,0,-,-,-,-,6110.4000,6110.2000,6109.2000,6101.8000,6101.6000,6114.4000,6114.6000,6115.0000,6115.2000,6115.4000,1,2,1,1,5,2,1,1,1,1
SF,IC2011,2020-09-29 09:32:53.900,6113.2000,7823,0,150431080.000,0,-,-,-,-,6112.4000,6110.4000,6110.2000,6109.2000,6101.8000,6114.4000,6114.6000,6115.0000,6115.2000,6115.4000,1,1,2,1,1,2,1,1,1,1
SF,IC2011,2020-09-29 09:32:54.400,6113.2000,7823,0,150431080.000,0,-,-,-,-,6110.4000,6110.2000,6109.2000,6101.8000,6101.6000,6114.4000,6114.6000,6115.0000,6115.2000,6115.4000,1,2,1,1,5,1,1,1,1,1
SF,IC2011,2020-09-29 09:32:54.900,6113.2000,7823,0,150431080.000,0,-,-,-,-,6110.4000,6110.2000,6109.2000,6101.8000,6101.6000,6114.2000,6114.4000,6114.6000,6115.0000,6115.2000,1,2,1,1,5,1,1,1,1,1
SF,IC2011,2020-09-29 09:32:55.400,6113.2000,7823,0,150431080.000,0,-,-,-,-,6110.4000,6110.2000,6109.2000,6101.8000,6101.6000,6113.8000,6114.0000,6114.2000,6114.6000,6115.4000,1,2,1,1,5,1,1,1,1,1
SF,IC2011,2020-09-29 09:32:55.900,6113.2000,7823,0,150431080.000,0,-,-,-,-,6110.4000,6110.2000,6109.2000,6101.8000,6101.6000,6113.6000,6113.8000,6114.6000,6115.4000,6116.0000,1,2,1,1,5,2,1,1,1,1
SF,IC2011,2020-09-29 09:32:56.400,6113.2000,7823,0,150431080.000,0,-,-,-,-,6110.4000,6110.2000,6109.2000,6101.8000,6101.6000,6113.6000,6115.4000,6116.0000,6118.0000,6119.8000,1,2,1,1,5,2,1,1,1,1
SF,IC2011,2020-09-29 09:32:56.900,6113.6000,7822,-1,151653800.000,1,0,1,双平,S,6110.6000,6110.4000,6110.2000,6109.2000,6101.8000,6115.4000,6116.0000,6118.0000,6119.8000,6121.0000,2,1,2,1,1,1,1,1,1,1
SF,IC2011,2020-09-29 09:32:57.400,6113.6000,7822,0,151653800.000,0,-,-,-,-,6110.8000,6110.6000,6110.2000,6109.2000,6101.8000,6114.8000,6115.0000,6115.2000,6115.4000,6116.0000,1,2,2,1,1,1,1,1,1,1
SF,IC2011,2020-09-29 09:32:57.900,6114.8000,7820,-2,154099720.000,2,0,2,双平,S,6112.8000,6111.8000,6111.2000,6111.0000,6110.8000,6115.4000,6116.0000,6118.0000,6119.8000,6121.0000,1,1,1,1,1,1,1,1,1,1
SF,IC2011,2020-09-29 09:32:58.400,6114.8000,7820,0,154099720.000,0,-,-,-,-,6113.0000,6111.8000,6111.0000,6110.6000,6110.2000,6115.4000,6116.0000,6118.0000,6119.8000,6121.0000,1,1,1,1,2,1,1,1,1,1
SF,IC2011,2020-09-29 09:32:58.900,6114.8000,7820,0,154099720.000,0,-,-,-,-,6113.0000,6111.8000,6111.0000,6110.2000,6109.2000,6115.2000,6115.4000,6116.0000,6118.0000,6119.8000,1,1,1,2,1,1,1,1,1,1
SF,IC2011,2020-09-29 09:32:59.400,6114.8000,7820,0,154099720.000,0,-,-,-,-,6113.0000,6111.8000,6111.0000,6110.2000,6109.2000,6115.0000,6115.2000,6115.4000,6116.0000,6118.0000,1,1,1,2,1,1,1,1,1,1
SF,IC2011,2020-09-29 09:32:59.900,6114.8000,7820,0,154099720.000,0,-,-,-,-,6113.0000,6111.8000,6111.0000,6110.2000,6109.2000,6114.8000,6115.0000,6115.4000,6116.0000,6118.0000,1,1,1,2,1,1,1,1,1,1
SF,IC2011,2020-09-29 09:33:00.400,6114.8000,7820,0,154099720.000,0,-,-,-,-,6113.0000,6111.8000,6111.0000,6110.2000,6109.2000,6114.6000,6115.0000,6115.4000,6116.0000,6118.0000,1,1,1,2,1,1,1,1,1,1
SF,IC2011,2020-09-29 09:33:02.900,6114.6000,7819,-1,155322640.000,1,0,1,双平,S,6113.0000,6111.8000,6111.0000,6110.2000,6109.2000,6115.0000,6115.4000,6116.0000,6118.0000,6119.8000,1,1,1,2,1,1,1,1,1,1
SF,IC2011,2020-09-29 09:33:03.400,6114.6000,7819,0,155322640.000,0,-,-,-,-,6114.0000,6113.0000,6111.8000,6111.0000,6110.2000,6116.0000,6118.0000,6119.8000,6121.0000,6121.4000,1,1,1,1,2,1,1,1,1,1
SF,IC2011,2020-09-29 09:33:03.900,6114.6000,7819,0,155322640.000,0,-,-,-,-,6114.2000,6111.8000,6111.0000,6110.2000,6109.2000,6116.0000,6118.0000,6119.8000,6121.0000,6121.4000,1,1,1,2,1,1,1,1,1,1
SF,IC2011,2020-09-29 09:33:04.400,6114.6000,7819,0,155322640.000,0,-,-,-,-,6114.2000,6111.8000,6111.0000,6110.2000,6109.2000,6116.0000,6118.0000,6119.8000,6121.0000,6121.4000,1,1,1,2,1,1,1,1,1,1
SF,IC2011,2020-09-29 09:33:04.900,6114.6000,7819,0,155322640.000,0,-,-,-,-,6114.2000,6111.8000,6111.0000,6110.2000,6109.2000,6116.0000,6118.0000,6121.0000,6121.4000,6123.0000,1,1,1,2,1,1,1,1,1,1
SF,IC2011,2020-09-29 09:33:06.900,6114.6000,7819,0,155322640.000,0,-,-,-,-,6114.2000,6111.8000,6111.0000,6110.2000,6109.2000,6116.0000,6118.0000,6121.0000,6121.4000,6123.0000,1,1,1,2,1,1,1,1,1,1
SF,IC2011,2020-09-29 09:33:07.400,6114.6000,7819,0,155322640.000,0,-,-,-,-,6114.4000,6114.2000,6111.8000,6111.0000,6110.2000,6116.0000,6118.0000,6121.0000,6121.4000,6123.0000,1,1,1,1,2,1,1,1,1,1
SF,IC2011,2020-09-29 09:33:07.900,6114.6000,7819,0,155322640.000,0,-,-,-,-,6114.6000,6114.4000,6111.8000,6111.0000,6110.2000,6116.0000,6118.0000,6121.0000,6121.4000,6123.0000,1,1,1,1,2,1,1,1,1,1
SF,IC2011,2020-09-29 09:33:08.400,6116.0000,7818,-1,156545840.000,1,0,1,双平,S,6114.6000,6114.4000,6111.8000,6111.0000,6110.2000,6118.0000,6121.0000,6121.4000,6123.0000,6125.0000,1,1,1,1,2,1,1,1,1,3
SF,IC2011,2020-09-29 09:33:08.900,6116.0000,7818,0,156545840.000,0,-,-,-,-,6114.8000,6114.6000,6111.8000,6110.2000,6109.2000,6117.8000,6118.0000,6121.0000,6121.4000,6123.0000,1,1,1,2,1,1,1,1,1,1
SF,IC2011,2020-09-29 09:33:09.400,6116.0000,7818,0,156545840.000,0,-,-,-,-,6115.0000,6114.8000,6111.8000,6110.2000,6109.2000,6117.6000,6117.8000,6118.0000,6121.0000,6121.4000,1,1,1,2,1,1,1,1,1,1
SF,IC2011,2020-09-29 09:33:09.900,6116.0000,7818,0,156545840.000,0,-,-,-,-,6115.0000,6114.8000,6111.8000,6110.2000,6109.2000,6117.4000,6117.6000,6118.0000,6121.0000,6121.4000,1,1,1,2,1,1,1,1,1,1
SF,IC2011,2020-09-29 09:33:10.400,6116.0000,7818,0,156545840.000,0,-,-,-,-,6115.0000,6111.8000,6110.2000,6109.2000,6101.8000,6117.4000,6117.6000,6118.0000,6121.0000,6121.4000,1,1,2,1,1,1,1,1,1,1
SF,IC2011,2020-09-29 09:33:10.900,6116.0000,7818,0,156545840.000,0,-,-,-,-,6115.0000,6111.8000,6110.2000,6109.2000,6101.8000,6118.0000,6121.0000,6121.4000,6123.0000,6125.0000,1,1,2,1,1,1,1,1,1,3
SF,IC2011,2020-09-29 09:33:11.400,6116.0000,7818,0,156545840.000,0,-,-,-,-,6115.2000,6115.0000,6111.8000,6110.2000,6109.2000,6117.8000,6118.0000,6121.0000,6121.4000,6123.0000,1,1,1,2,1,1,1,1,1,1
SF,IC2011,2020-09-29 09:33:11.900,6116.0000,7818,0,156545840.000,0,-,-,-,-,6115.4000,6115.2000,6111.8000,6110.2000,6109.2000,6118.0000,6121.0000,6121.4000,6123.0000,6125.0000,1,1,1,2,1,1,1,1,1,3
SF,IC2011,2020-09-29 09:33:12.400,6116.0000,7818,0,156545840.000,0,-,-,-,-,6115.6000,6115.4000,6115.2000,6111.8000,6110.2000,6117.8000,6118.0000,6121.0000,6121.4000,6123.0000,1,1,1,1,2,1,1,1,1,1
SF,IC2011,2020-09-29 09:33:12.900,6116.0000,7818,0,156545840.000,0,-,-,-,-,6116.8000,6115.8000,6115.6000,6115.2000,6110.2000,6118.0000,6121.0000,6121.4000,6123.0000,6125.0000,1,1,1,1,2,1,1,1,1,3
SF,IC2011,2020-09-29 09:33:13.400,6116.8000,7818,0,157769200.000,1,0,1,多换,S,6115.6000,6110.2000,6109.2000,6101.8000,6101.6000,6116.8000,6117.8000,6118.0000,6121.0000,6121.4000,1,2,1,1,5,1,1,1,1,1
SF,IC2011,2020-09-29 09:33:13.900,6116.8000,7818,0,157769200.000,0,-,-,-,-,6115.6000,6110.2000,6109.2000,6101.8000,6101.6000,6116.6000,6116.8000,6118.0000,6118.8000,6121.0000,1,2,1,1,5,1,1,1,1,1
SF,IC2011,2020-09-29 09:33:14.400,6116.8000,7817,-1,158992560.000,1,0,1,双平,S,6115.6000,6110.2000,6109.2000,6101.8000,6101.6000,6118.0000,6118.8000,6121.0000,6121.4000,6123.0000,1,2,1,1,5,1,1,1,1,1
SF,IC2011,2020-09-29 09:33:14.900,6116.8000,7817,0,158992560.000,0,-,-,-,-,6115.8000,6115.6000,6110.2000,6109.2000,6101.8000,6117.8000,6118.0000,6118.8000,6121.0000,6121.4000,1,1,2,1,1,1,1,1,1,1
SF,IC2011,2020-09-29 09:33:15.900,6118.0000,7815,-2,161439720.000,2,0,2,双平,S,6115.8000,6115.6000,6110.2000,6109.2000,6101.8000,6118.8000,6121.0000,6121.4000,6123.0000,6125.0000,1,1,2,1,1,1,1,1,1,3
SF,IC2011,2020-09-29 09:33:16.400,6118.0000,7815,0,161439720.000,0,-,-,-,-,6116.0000,6115.8000,6115.6000,6110.2000,6109.2000,6117.6000,6118.8000,6120.8000,6121.0000,6121.4000,1,1,1,2,1,1,1,1,1,1
SF,IC2011,2020-09-29 09:33:16.900,6117.6000,7814,-1,162663240.000,1,0,1,双平,S,6116.2000,6116.0000,6115.6000,6110.2000,6109.2000,6118.8000,6121.0000,6121.4000,6123.0000,6125.0000,1,1,1,2,1,1,1,1,1,3
SF,IC2011,2020-09-29 09:33:17.400,6117.6000,7814,0,162663240.000,0,-,-,-,-,6116.2000,6116.0000,6115.6000,6110.2000,6109.2000,6118.6000,6118.8000,6120.8000,6121.0000,6123.0000,1,1,1,2,1,1,1,1,1,1
SF,IC2011,2020-09-29 09:33:17.900,6117.6000,7814,0,162663240.000,0,-,-,-,-,6116.2000,6116.0000,6115.6000,6110.2000,6109.2000,6118.8000,6120.8000,6121.0000,6123.0000,6125.0000,1,1,1,2,1,1,1,1,1,3
SF,IC2011,2020-09-29 09:33:18.400,6117.6000,7814,0,162663240.000,0,-,-,-,-,6116.4000,6116.2000,6116.0000,6115.6000,6110.2000,6118.8000,6120.8000,6121.0000,6123.0000,6125.0000,1,1,1,1,2,1,1,1,1,3
SF,IC2011,2020-09-29 09:33:18.900,6117.6000,7814,0,162663240.000,0,-,-,-,-,6116.6000,6116.4000,6116.0000,6115.6000,6110.2000,6118.8000,6120.8000,6121.0000,6123.0000,6125.0000,1,1,1,1,2,1,1,1,1,3
SF,IC2011,2020-09-29 09:33:19.400,6117.6000,7814,0,162663240.000,0,-,-,-,-,6116.8000,6116.6000,6116.4000,6116.0000,6115.6000,6118.8000,6120.8000,6121.0000,6123.0000,6125.0000,1,1,1,1,1,1,1,1,1,3
SF,IC2011,2020-09-29 09:33:19.900,6117.6000,7814,0,162663240.000,0,-,-,-,-,6117.0000,6116.8000,6116.4000,6116.0000,6115.6000,6118.8000,6120.8000,6121.0000,6123.0000,6125.0000,1,1,1,1,1,1,1,1,1,3
SF,IC2011,2020-09-29 09:33:20.400,6117.6000,7814,0,162663240.000,0,-,-,-,-,6117.2000,6117.0000,6116.8000,6116.4000,6116.0000,6120.8000,6121.0000,6123.0000,6125.0000,6126.6000,1,1,1,1,1,1,1,1,3,1
SF,IC2011,2020-09-29 09:33:20.900,6117.6000,7814,0,162663240.000,0,-,-,-,-,6117.4000,6117.2000,6116.8000,6116.4000,6116.0000,6120.4000,6120.6000,6120.8000,6121.0000,6122.8000,2,1,1,1,1,1,1,1,1,1
SF,IC2011,2020-09-29 09:33:21.400,6117.6000,7814,0,162663240.000,0,-,-,-,-,6117.4000,6117.2000,6116.8000,6116.4000,6116.0000,6120.2000,6120.4000,6120.8000,6121.0000,6123.0000,2,1,1,1,1,1,1,1,1,1
SF,IC2011,2020-09-29 09:33:21.900,6117.6000,7814,0,162663240.000,0,-,-,-,-,6117.4000,6117.2000,6116.8000,6116.4000,6115.6000,6120.2000,6120.4000,6120.8000,6121.0000,6123.0000,2,1,1,1,1,1,1,1,1,1
SF,IC2011,2020-09-29 09:33:22.400,6117.6000,7814,0,162663240.000,0,-,-,-,-,6118.8000,6117.4000,6117.2000,6116.8000,6116.4000,6120.2000,6120.4000,6120.8000,6121.0000,6123.0000,1,2,1,1,1,1,1,1,1,1
SF,IC2011,2020-09-29 09:33:22.900,6117.4000,7813,-1,165110480.000,2,0,2,多平,S,6117.2000,6110.2000,6109.2000,6101.8000,6101.6000,6120.2000,6120.4000,6120.8000,6121.0000,6123.0000,1,2,1,1,5,1,1,1,1,1
SF,IC2011,2020-09-29 09:33:23.400,6117.4000,7813,0,165110480.000,0,-,-,-,-,6110.2000,6109.2000,6101.8000,6101.6000,6100.6000,6120.0000,6120.2000,6120.4000,6120.8000,6121.0000,2,1,1,5,3,5,1,1,1,1
SF,IC2011,2020-09-29 09:33:23.900,6119.8000,7813,0,166334440.000,1,0,1,多换,S,6115.8000,6114.0000,6113.6000,6112.8000,6112.4000,6120.0000,6120.8000,6121.0000,6123.0000,6125.0000,1,1,1,4,2,5,1,1,1,3
SF,IC2011,2020-09-29 09:33:24.400,6119.8000,7813,0,166334440.000,0,-,-,-,-,6116.0000,6114.0000,6112.8000,6112.4000,6112.2000,6119.2000,6119.8000,6120.8000,6121.0000,6123.0000,2,1,3,2,1,1,1,1,1,1
SF,IC2011,2020-09-29 09:33:24.900,6119.8000,7813,0,166334440.000,0,-,-,-,-,6116.0000,6114.0000,6112.8000,6112.4000,6112.2000,6119.6000,6119.8000,6120.8000,6121.0000,6123.0000,2,1,3,2,1,1,1,1,1,1
SF,IC2011,2020-09-29 09:33:25.400,6119.8000,7813,0,166334440.000,0,-,-,-,-,6116.0000,6114.0000,6112.8000,6112.2000,6110.4000,6119.2000,6119.4000,6120.8000,6121.0000,6123.0000,2,1,2,1,1,1,1,1,1,1
SF,IC2011,2020-09-29 09:33:25.900,6119.8000,7813,0,166334440.000,0,-,-,-,-,6116.0000,6114.0000,6112.8000,6112.2000,6110.4000,6119.0000,6119.2000,6120.8000,6121.0000,6123.0000,2,1,2,1,1,1,1,1,1,1
SF,IC2011,2020-09-29 09:33:26.400,6119.8000,7813,0,166334440.000,0,-,-,-,-,6116.0000,6114.0000,6112.2000,6110.4000,6110.2000,6119.0000,6119.2000,6120.8000,6121.0000,6123.0000,2,1,1,1,2,1,1,1,1,1
SF,IC2011,2020-09-29 09:33:26.900,6119.8000,7813,0,166334440.000,0,-,-,-,-,6116.0000,6114.0000,6112.2000,6110.4000,6110.2000,6118.8000,6119.0000,6119.2000,6120.8000,6121.0000,2,1,1,1,2,1,1,1,1,1
SF,IC2011,2020-09-29 09:33:27.400,6119.8000,7813,0,166334440.000,0,-,-,-,-,6116.0000,6114.0000,6112.2000,6110.4000,6110.2000,6118.6000,6119.2000,6120.8000,6121.0000,6123.0000,2,1,1,1,2,2,1,1,1,1
SF,IC2011,2020-09-29 09:33:27.900,6119.8000,7813,0,166334440.000,0,-,-,-,-,6116.0000,6114.0000,6112.2000,6110.4000,6110.2000,6118.4000,6118.6000,6119.2000,6120.8000,6121.0000,1,1,1,1,2,1,2,1,1,1
SF,IC2011,2020-09-29 09:33:28.400,6119.8000,7813,0,166334440.000,0,-,-,-,-,6116.0000,6114.0000,6112.2000,6110.4000,6110.2000,6118.6000,6119.2000,6121.0000,6123.0000,6125.0000,1,1,1,1,2,1,1,1,1,3
SF,IC2011,2020-09-29 09:33:28.900,6119.8000,7813,0,166334440.000,0,-,-,-,-,6116.0000,6114.0000,6112.2000,6110.4000,6110.2000,6119.2000,6121.0000,6123.0000,6125.0000,6126.6000,1,1,1,1,2,1,1,1,3,1
SF,IC2011,2020-09-29 09:33:29.400,6119.8000,7813,0,166334440.000,0,-,-,-,-,6116.2000,6116.0000,6114.0000,6112.2000,6110.4000,6118.8000,6119.0000,6119.2000,6121.0000,6123.0000,1,1,1,1,1,2,1,1,1,1
SF,IC2011,2020-09-29 09:33:29.900,6116.2000,7811,-2,168780920.000,2,0,2,双平,S,6114.0000,6112.2000,6110.4000,6110.2000,6109.2000,6116.0000,6118.4000,6118.6000,6118.8000,6119.2000,1,1,1,2,1,1,1,1,2,1
SF,IC2011,2020-09-29 09:33:30.400,6116.2000,7811,0,168780920.000,0,-,-,-,-,6114.2000,6114.0000,6112.2000,6110.4000,6110.2000,6116.0000,6118.4000,6118.6000,6118.8000,6121.0000,1,1,1,1,2,1,1,1,1,1
SF,IC2011,2020-09-29 09:33:30.900,6116.0000,7810,-1,170004120.000,1,0,1,双平,S,6114.4000,6114.2000,6114.0000,6112.2000,6110.4000,6118.4000,6118.6000,6121.0000,6123.0000,6125.0000,1,1,1,1,1,1,1,1,1,3
SF,IC2011,2020-09-29 09:33:31.400,6116.0000,7810,0,170004120.000,0,-,-,-,-,6114.6000,6114.4000,6114.0000,6112.2000,6110.4000,6118.2000,6118.4000,6121.0000,6123.0000,6125.0000,1,1,1,1,1,3,1,1,1,3
SF,IC2011,2020-09-29 09:33:31.900,6116.0000,7810,0,170004120.000,0,-,-,-,-,6116.4000,6114.6000,6114.4000,6114.0000,6112.2000,6118.2000,6118.4000,6121.0000,6123.0000,6125.0000,1,1,1,1,1,3,1,1,1,3
SF,IC2011,2020-09-29 09:33:32.400,6116.4000,7809,-1,172450680.000,2,0,2,多平,S,6112.2000,6110.4000,6110.2000,6109.2000,6101.6000,6118.2000,6118.4000,6121.0000,6123.0000,6125.0000,1,1,2,1,5,1,1,1,1,3
SF,IC2011,2020-09-29 09:33:32.900,6116.4000,7809,0,172450680.000,0,-,-,-,-,6115.6000,6114.2000,6112.8000,6112.4000,6112.2000,6118.0000,6121.0000,6123.0000,6125.0000,6126.6000,1,1,4,5,1,1,1,1,3,1
SF,IC2011,2020-09-29 09:33:33.400,6116.4000,7809,0,172450680.000,0,-,-,-,-,6115.8000,6114.2000,6112.8000,6112.4000,6112.2000,6121.0000,6123.0000,6125.0000,6126.6000,6128.0000,1,1,3,3,1,1,1,3,1,1
SF,IC2011,2020-09-29 09:33:33.900,6116.4000,7809,0,172450680.000,0,-,-,-,-,6115.8000,6114.2000,6112.8000,6112.4000,6112.2000,6119.6000,6120.0000,6120.4000,6120.8000,6121.0000,1,1,3,3,1,1,6,3,5,1
SF,IC2011,2020-09-29 09:33:34.400,6116.4000,7809,0,172450680.000,0,-,-,-,-,6115.8000,6114.2000,6112.8000,6112.4000,6112.2000,6119.4000,6119.6000,6120.0000,6120.4000,6120.8000,1,1,3,2,1,2,1,6,2,2
SF,IC2011,2020-09-29 09:33:34.900,6116.4000,7809,0,172450680.000,0,-,-,-,-,6115.8000,6114.2000,6112.8000,6112.4000,6112.2000,6118.0000,6119.4000,6119.6000,6120.0000,6120.4000,1,1,3,2,1,1,4,1,6,2
SF,IC2011,2020-09-29 09:33:35.400,6116.4000,7809,0,172450680.000,0,-,-,-,-,6115.8000,6114.2000,6112.8000,6112.2000,6110.4000,6118.0000,6118.8000,6119.4000,6120.0000,6120.4000,1,1,3,1,1,1,2,2,5,2
SF,IC2011,2020-09-29 09:33:35.900,6116.4000,7809,0,172450680.000,0,-,-,-,-,6115.8000,6114.2000,6112.8000,6112.2000,6110.4000,6118.0000,6119.4000,6120.0000,6120.4000,6121.0000,1,1,3,1,1,1,2,5,2,1
SF,IC2011,2020-09-29 09:33:36.400,6116.4000,7809,0,172450680.000,0,-,-,-,-,6115.8000,6114.2000,6112.8000,6112.2000,6110.4000,6118.0000,6119.4000,6120.0000,6120.4000,6121.0000,1,1,3,1,1,1,2,5,2,1
SF,IC2011,2020-09-29 09:33:36.900,6116.4000,7809,0,172450680.000,0,-,-,-,-,6115.8000,6114.2000,6112.8000,6112.2000,6110.4000,6118.0000,6119.0000,6119.4000,6121.0000,6121.2000,1,1,2,1,1,1,1,2,1,1
SF,IC2011,2020-09-29 09:33:37.900,6116.4000,7809,0,172450680.000,0,-,-,-,-,6115.8000,6114.2000,6112.8000,6112.2000,6110.4000,6118.0000,6119.0000,6119.4000,6121.0000,6121.2000,1,1,2,1,1,1,1,2,1,1
SF,IC2011,2020-09-29 09:33:38.900,6118.0000,7808,-1,173674280.000,1,0,1,双平,S,6118.0000,6115.8000,6114.2000,6112.2000,6110.4000,6119.0000,6119.4000,6121.0000,6121.2000,6123.0000,1,1,1,1,1,1,2,1,1,1
SF,IC2011,2020-09-29 09:33:39.400,6118.0000,7807,-1,174897880.000,1,0,1,双平,S,6115.8000,6114.2000,6112.2000,6110.4000,6110.2000,6118.0000,6118.8000,6119.0000,6121.0000,6121.2000,1,1,1,1,2,1,1,1,1,1
SF,IC2011,2020-09-29 09:33:39.900,6118.0000,7807,0,174897880.000,0,-,-,-,-,6115.8000,6114.2000,6112.2000,6110.4000,6110.2000,6118.0000,6119.0000,6119.8000,6121.0000,6121.2000,1,1,1,1,2,1,1,1,1,1
SF,IC2011,2020-09-29 09:33:40.400,6118.0000,7807,0,174897880.000,0,-,-,-,-,6116.8000,6115.8000,6114.2000,6112.2000,6110.4000,6118.0000,6119.0000,6119.8000,6121.0000,6121.2000,1,1,1,1,1,1,1,1,1,1
SF,IC2011,2020-09-29 09:33:40.900,6118.0000,7807,0,174897880.000,0,-,-,-,-,6117.0000,6115.8000,6114.2000,6112.2000,6110.4000,6118.0000,6119.0000,6119.8000,6121.0000,6121.2000,1,1,1,1,1,1,1,1,1,1
SF,IC2011,2020-09-29 09:33:41.400,6118.0000,7807,0,174897880.000,0,-,-,-,-,6117.6000,6117.0000,6115.8000,6114.2000,6112.2000,6119.0000,6119.8000,6121.0000,6121.2000,6123.0000,1,1,1,1,1,1,1,1,1,1
SF,IC2011,2020-09-29 09:33:41.900,6118.0000,7807,0,174897880.000,0,-,-,-,-,6115.8000,6112.2000,6110.2000,6110.0000,6109.2000,6119.0000,6119.8000,6121.0000,6121.2000,6123.0000,1,1,2,2,1,1,1,1,1,1
SF,IC2011,2020-09-29 09:33:42.400,6118.0000,7807,0,174897880.000,0,-,-,-,-,6116.6000,6115.8000,6112.2000,6110.2000,6110.0000,6118.8000,6119.0000,6119.8000,6121.0000,6121.2000,1,1,1,2,2,2,1,1,1,1
SF,IC2011,2020-09-29 09:33:42.900,6118.0000,7807,0,174897880.000,0,-,-,-,-,6112.2000,6110.2000,6110.0000,6109.2000,6101.6000,6118.8000,6119.0000,6119.8000,6121.0000,6121.2000,1,2,2,1,5,1,1,1,1,1
SF,IC2011,2020-09-29 09:33:43.400,6118.0000,7807,0,174897880.000,0,-,-,-,-,6116.6000,6115.0000,6114.0000,6113.8000,6113.6000,6118.6000,6118.8000,6119.0000,6119.8000,6121.0000,1,1,1,4,2,1,1,1,1,1
SF,IC2011,2020-09-29 09:33:43.900,6118.0000,7807,0,174897880.000,0,-,-,-,-,6115.0000,6114.0000,6113.8000,6113.6000,6113.4000,6118.4000,6119.0000,6119.8000,6121.0000,6121.2000,1,1,4,2,1,1,1,1,1,1
SF,IC2011,2020-09-29 09:33:44.400,6118.0000,7807,0,174897880.000,0,-,-,-,-,6115.2000,6115.0000,6114.0000,6113.8000,6113.6000,6118.2000,6119.0000,6119.8000,6121.0000,6121.2000,3,1,1,4,2,1,1,1,1,1
SF,IC2011,2020-09-29 09:33:44.900,6118.0000,7807,0,174897880.000,0,-,-,-,-,6115.2000,6115.0000,6114.0000,6113.8000,6113.6000,6118.0000,6118.2000,6119.0000,6119.8000,6121.0000,2,1,1,4,2,1,1,1,1,1
SF,IC2011,2020-09-29 09:33:45.400,6118.0000,7807,0,174897880.000,0,-,-,-,-,6116.6000,6115.2000,6115.0000,6114.0000,6113.8000,6118.2000,6119.0000,6119.8000,6121.0000,6121.2000,1,2,1,1,4,1,1,1,1,1
SF,IC2011,2020-09-29 09:33:45.900,6118.0000,7807,0,174897880.000,0,-,-,-,-,6116.8000,6115.2000,6115.0000,6114.0000,6113.8000,6119.0000,6119.8000,6121.0000,6121.2000,6121.4000,1,1,1,1,4,1,2,1,1,1
SF,IC2011,2020-09-29 09:33:46.400,6118.0000,7807,0,174897880.000,0,-,-,-,-,6116.8000,6115.2000,6115.0000,6113.8000,6113.6000,6119.0000,6119.8000,6121.0000,6121.2000,6121.4000,1,1,1,2,1,1,2,1,1,1
SF,IC2011,2020-09-29 09:33:46.900,6118.0000,7807,0,174897880.000,0,-,-,-,-,6116.8000,6115.2000,6115.0000,6113.8000,6113.4000,6119.0000,6119.8000,6121.0000,6121.2000,6121.4000,1,1,1,2,1,1,2,1,1,1
SF,IC2011,2020-09-29 09:33:47.400,6118.0000,7807,0,174897880.000,0,-,-,-,-,6116.8000,6115.2000,6115.0000,6113.8000,6113.4000,6119.0000,6119.8000,6121.0000,6121.2000,6121.4000,1,1,1,2,1,1,2,1,1,1
SF,IC2011,2020-09-29 09:33:47.900,6118.0000,7807,0,174897880.000,0,-,-,-,-,6117.8000,6116.8000,6115.2000,6115.0000,6113.8000,6119.0000,6119.8000,6121.0000,6121.4000,6123.0000,1,1,1,1,2,1,2,1,1,1
SF,IC2011,2020-09-29 09:33:48.400,6118.0000,7807,0,174897880.000,0,-,-,-,-,6116.8000,6113.8000,6113.4000,6112.2000,6110.2000,6118.8000,6119.0000,6119.8000,6121.0000,6121.4000,1,2,1,1,2,1,1,2,1,1
SF,IC2011,2020-09-29 09:33:48.900,6118.0000,7807,0,174897880.000,0,-,-,-,-,6116.8000,6113.8000,6113.4000,6112.2000,6110.2000,6119.0000,6119.8000,6121.0000,6121.4000,6123.0000,1,2,1,1,2,1,2,1,1,1
SF,IC2011,2020-09-29 09:33:49.400,6118.0000,7807,0,174897880.000,0,-,-,-,-,6117.8000,6117.4000,6116.8000,6113.8000,6113.4000,6119.0000,6119.8000,6121.0000,6121.4000,6123.0000,1,1,1,1,1,1,2,1,1,1
SF,IC2011,2020-09-29 09:33:49.900,6118.0000,7807,0,174897880.000,0,-,-,-,-,6117.4000,6116.8000,6113.8000,6113.4000,6110.2000,6119.0000,6119.8000,6121.0000,6121.4000,6123.0000,1,1,1,1,2,1,2,1,1,1
SF,IC2011,2020-09-29 09:33:50.400,6118.0000,7807,0,174897880.000,0,-,-,-,-,6117.6000,6117.4000,6113.4000,6110.2000,6110.0000,6119.0000,6119.8000,6121.0000,6121.4000,6123.0000,1,1,1,2,2,1,2,1,1,1
SF,IC2011,2020-09-29 09:33:50.900,6118.0000,7807,0,174897880.000,0,-,-,-,-,6118.4000,6117.6000,6117.4000,6113.4000,6110.2000,6119.0000,6119.8000,6121.0000,6121.4000,6123.0000,1,1,1,1,2,1,2,1,1,1
SF,IC2011,2020-09-29 09:33:51.400,6119.0000,7807,0,176121680.000,1,0,1,多换,S,6119.2000,6118.6000,6117.6000,6117.4000,6113.4000,6119.8000,6121.0000,6121.4000,6123.0000,6125.0000,2,1,1,1,1,2,1,1,1,3
SF,IC2011,2020-09-29 09:33:51.900,6119.0000,7807,0,176121680.000,0,-,-,-,-,6117.6000,6113.4000,6110.2000,6110.0000,6109.2000,6119.8000,6121.0000,6121.2000,6121.4000,6123.0000,1,1,2,2,1,2,1,1,1,1
SF,IC2011,2020-09-29 09:33:52.400,6119.0000,7807,0,176121680.000,0,-,-,-,-,6117.6000,6113.4000,6110.2000,6110.0000,6109.2000,6119.6000,6119.8000,6121.0000,6121.2000,6121.4000,1,1,2,2,1,1,2,1,1,1
SF,IC2011,2020-09-29 09:33:54.400,6119.0000,7807,0,176121680.000,0,-,-,-,-,6118.0000,6117.6000,6113.4000,6110.2000,6110.0000,6119.6000,6119.8000,6121.0000,6121.2000,6121.4000,1,1,1,2,2,1,2,1,1,1
SF,IC2011,2020-09-29 09:33:54.900,6119.0000,7807,0,176121680.000,0,-,-,-,-,6118.8000,6118.2000,6118.0000,6113.4000,6110.2000,6119.8000,6121.0000,6121.2000,6121.4000,6123.0000,1,1,1,1,2,2,1,1,1,1
SF,IC2011,2020-09-29 09:33:55.400,6119.8000,7806,-1,178569600.000,2,0,2,多平,S,6119.0000,6118.0000,6113.4000,6110.2000,6110.0000,6121.0000,6121.2000,6121.4000,6123.0000,6125.0000,1,1,1,2,2,1,1,1,1,3
SF,IC2011,2020-09-29 09:33:55.900,6119.8000,7806,0,178569600.000,0,-,-,-,-,6119.0000,6118.0000,6113.4000,6110.2000,6110.0000,6121.0000,6121.2000,6121.4000,6123.0000,6125.0000,1,1,1,2,2,1,1,1,1,3
SF,IC2011,2020-09-29 09:33:56.400,6119.8000,7806,0,178569600.000,0,-,-,-,-,6119.0000,6118.0000,6113.4000,6110.2000,6110.0000,6121.0000,6121.2000,6121.4000,6123.0000,6125.0000,1,1,1,2,2,1,1,1,1,3
SF,IC2011,2020-09-29 09:33:57.900,6119.8000,7806,0,178569600.000,0,-,-,-,-,6119.0000,6118.0000,6113.4000,6110.2000,6110.0000,6120.8000,6121.0000,6121.2000,6121.4000,6123.0000,1,1,1,2,2,1,1,1,1,1
SF,IC2011,2020-09-29 09:33:58.400,6119.8000,7806,0,178569600.000,0,-,-,-,-,6118.0000,6113.4000,6110.2000,6110.0000,6109.2000,6119.0000,6120.6000,6120.8000,6121.0000,6121.2000,1,1,2,2,1,1,1,1,1,1
SF,IC2011,2020-09-29 09:33:58.900,6118.4000,7805,-1,179793280.000,1,0,1,双平,S,6113.4000,6110.2000,6110.0000,6109.2000,6101.6000,6119.0000,6120.6000,6120.8000,6121.0000,6121.2000,1,2,2,1,5,1,1,1,1,1
SF,IC2011,2020-09-29 09:33:59.400,6118.8000,7805,0,181017040.000,1,0,1,多换,S,6116.4000,6116.0000,6115.2000,6115.0000,6114.8000,6119.0000,6120.6000,6120.8000,6121.0000,6121.2000,1,1,6,1,1,1,1,1,1,1
SF,IC2011,2020-09-29 09:33:59.900,6118.8000,7805,0,181017040.000,0,-,-,-,-,6119.4000,6116.8000,6116.6000,6116.4000,6116.0000,6120.8000,6121.0000,6121.2000,6121.4000,6123.0000,1,2,3,4,1,1,1,1,1,1
SF,IC2011,2020-09-29 09:34:00.400,6118.8000,7805,0,181017040.000,0,-,-,-,-,6120.2000,6119.4000,6116.8000,6116.6000,6116.4000,6120.6000,6120.8000,6121.0000,6121.2000,6121.4000,1,1,2,3,3,1,1,1,1,1
SF,IC2011,2020-09-29 09:34:00.900,6120.2000,7805,0,182241080.000,1,0,1,多换,S,6120.4000,6119.4000,6116.8000,6116.6000,6116.4000,6120.8000,6121.0000,6121.2000,6121.4000,6123.0000,1,1,2,3,2,1,1,1,1,1
SF,IC2011,2020-09-29 09:34:01.400,6120.4000,7804,-1,183465160.000,1,0,1,双平,S,6119.4000,6116.8000,6116.6000,6116.4000,6116.0000,6120.2000,6120.6000,6120.8000,6121.0000,6121.2000,1,2,3,2,1,1,1,1,1,1
SF,IC2011,2020-09-29 09:34:01.900,6119.4000,7804,0,184689040.000,1,0,1,多换,S,6116.6000,6116.0000,6115.2000,6115.0000,6114.8000,6119.4000,6120.2000,6120.6000,6120.8000,6121.0000,1,1,1,1,1,1,1,1,1,1
SF,IC2011,2020-09-29 09:34:02.400,6119.4000,7804,0,184689040.000,0,-,-,-,-,6117.4000,6117.2000,6116.8000,6116.6000,6116.0000,6120.2000,6120.8000,6121.0000,6121.2000,6121.4000,1,1,1,2,1,1,1,1,1,1
SF,IC2011,2020-09-29 09:34:02.900,6119.4000,7804,0,184689040.000,0,-,-,-,-,6117.6000,6117.4000,6116.6000,6116.0000,6115.2000,6120.2000,6120.8000,6121.0000,6121.2000,6121.4000,2,1,1,1,1,1,1,1,1,1
SF,IC2011,2020-09-29 09:34:03.400,6119.4000,7804,0,184689040.000,0,-,-,-,-,6117.6000,6117.4000,6116.6000,6116.0000,6115.2000,6120.2000,6120.8000,6121.0000,6121.2000,6121.4000,2,1,1,1,1,1,1,1,1,1
SF,IC2011,2020-09-29 09:34:03.900,6119.4000,7804,0,184689040.000,0,-,-,-,-,6117.6000,6117.4000,6116.6000,6116.0000,6115.2000,6120.0000,6120.2000,6120.8000,6121.0000,6121.2000,2,1,1,1,1,1,1,1,1,1
SF,IC2011,2020-09-29 09:34:05.400,6119.4000,7804,0,184689040.000,0,-,-,-,-,6117.6000,6117.4000,6116.0000,6115.2000,6115.0000,6120.0000,6120.2000,6120.8000,6121.0000,6121.2000,2,1,1,1,1,1,1,1,1,1
SF,IC2011,2020-09-29 09:34:05.900,6119.4000,7804,0,184689040.000,0,-,-,-,-,6117.6000,6117.4000,6116.0000,6115.2000,6115.0000,6119.4000,6120.0000,6120.2000,6120.8000,6121.0000,1,1,1,1,1,1,1,1,1,1
SF,IC2011,2020-09-29 09:34:06.400,6119.4000,7804,0,184689040.000,0,-,-,-,-,6117.6000,6117.4000,6116.0000,6115.2000,6115.0000,6119.4000,6120.0000,6120.2000,6120.8000,6121.0000,1,1,1,1,1,1,1,1,1,1
SF,IC2011,2020-09-29 09:34:07.900,6119.4000,7803,-1,185912920.000,1,0,1,双平,S,6117.6000,6117.4000,6116.0000,6115.2000,6115.0000,6120.0000,6120.2000,6120.8000,6121.0000,6121.2000,1,1,1,1,1,1,1,1,1,1
SF,IC2011,2020-09-29 09:34:08.900,6119.4000,7803,0,185912920.000,0,-,-,-,-,6117.6000,6116.0000,6115.2000,6115.0000,6114.8000,6120.0000,6120.2000,6120.8000,6121.0000,6121.2000,1,1,1,1,1,1,1,1,1,1
SF,IC2011,2020-09-29 09:34:09.900,6119.4000,7803,0,185912920.000,0,-,-,-,-,6118.8000,6117.6000,6116.0000,6115.2000,6115.0000,6120.0000,6120.2000,6120.8000,6121.0000,6121.2000,1,1,1,1,1,1,1,1,1,1
SF,IC2011,2020-09-29 09:34:10.400,6118.8000,7803,0,187136680.000,1,0,1,多换,S,6116.0000,6115.2000,6115.0000,6114.8000,6110.2000,6118.8000,6120.0000,6120.2000,6120.8000,6121.0000,1,1,1,1,2,1,1,1,1,1
SF,IC2011,2020-09-29 09:34:10.900,6118.8000,7803,0,187136680.000,0,-,-,-,-,6116.8000,6116.2000,6115.2000,6114.8000,6110.2000,6118.6000,6118.8000,6120.2000,6120.8000,6121.0000,1,1,1,1,2,1,1,1,1,1
SF,IC2011,2020-09-29 09:34:11.400,6118.8000,7803,0,187136680.000,0,-,-,-,-,6115.2000,6114.8000,6110.2000,6110.0000,6109.2000,6118.6000,6118.8000,6120.2000,6120.8000,6121.0000,1,1,2,2,1,1,1,1,1,1
SF,IC2011,2020-09-29 09:34:11.900,6118.8000,7803,0,187136680.000,0,-,-,-,-,6115.4000,6115.2000,6114.8000,6110.2000,6110.0000,6118.4000,6118.6000,6118.8000,6120.2000,6120.8000,2,3,1,2,2,1,1,1,1,1
SF,IC2011,2020-09-29 09:34:12.400,6118.8000,7803,0,187136680.000,0,-,-,-,-,6115.4000,6110.2000,6110.0000,6109.2000,6101.6000,6118.2000,6118.4000,6118.8000,6120.2000,6120.8000,1,2,2,1,5,1,1,1,1,1
SF,IC2011,2020-09-29 09:34:12.900,6118.8000,7803,0,187136680.000,0,-,-,-,-,6115.4000,6110.2000,6110.0000,6109.2000,6101.6000,6118.2000,6118.4000,6118.8000,6120.2000,6120.8000,1,2,2,1,5,1,1,1,1,1
SF,IC2011,2020-09-29 09:34:16.400,6118.8000,7803,0,187136680.000,0,-,-,-,-,6115.4000,6110.2000,6110.0000,6109.2000,6101.6000,6118.0000,6118.2000,6118.4000,6118.8000,6120.2000,1,2,2,1,5,1,1,1,1,1
SF,IC2011,2020-09-29 09:34:16.900,6118.8000,7803,0,187136680.000,0,-,-,-,-,6115.4000,6110.2000,6110.0000,6109.2000,6101.6000,6117.8000,6118.0000,6118.4000,6118.8000,6120.2000,1,2,2,1,5,1,1,1,1,1
SF,IC2011,2020-09-29 09:34:17.400,6118.8000,7803,0,187136680.000,0,-,-,-,-,6115.4000,6110.2000,6110.0000,6109.2000,6101.6000,6117.8000,6118.0000,6118.4000,6118.8000,6120.8000,1,2,2,1,5,1,1,1,1,1
SF,IC2011,2020-09-29 09:34:18.400,6118.8000,7803,0,187136680.000,0,-,-,-,-,6115.4000,6110.2000,6110.0000,6109.2000,6101.6000,6117.8000,6118.4000,6118.8000,6120.8000,6121.0000,1,2,2,1,5,1,1,1,1,1
SF,IC2011,2020-09-29 09:34:18.900,6118.8000,7803,0,187136680.000,0,-,-,-,-,6115.6000,6115.4000,6110.2000,6110.0000,6109.2000,6118.8000,6120.8000,6121.0000,6121.4000,6123.0000,2,1,2,2,1,1,1,1,1,1
SF,IC2011,2020-09-29 09:34:19.400,6118.8000,7803,0,187136680.000,0,-,-,-,-,6117.2000,6115.8000,6115.6000,6110.2000,6110.0000,6118.6000,6118.8000,6120.8000,6121.0000,6121.4000,1,2,2,2,2,1,1,1,1,1
SF,IC2011,2020-09-29 09:34:19.900,6118.8000,7803,0,187136680.000,0,-,-,-,-,6115.8000,6115.6000,6110.2000,6110.0000,6109.2000,6118.6000,6118.8000,6120.8000,6121.0000,6121.4000,2,1,2,2,1,1,1,1,1,1
SF,IC2011,2020-09-29 09:34:21.900,6118.8000,7803,0,187136680.000,0,-,-,-,-,6115.8000,6110.2000,6110.0000,6109.2000,6101.6000,6118.6000,6118.8000,6120.8000,6121.0000,6121.4000,2,2,2,1,5,1,1,1,1,1
SF,IC2011,2020-09-29 09:34:22.400,6118.8000,7803,0,187136680.000,0,-,-,-,-,6114.8000,6110.2000,6110.0000,6109.2000,6101.6000,6118.6000,6118.8000,6120.8000,6121.0000,6121.4000,1,2,2,1,5,1,1,1,1,1
SF,IC2011,2020-09-29 09:34:22.900,6118.8000,7803,0,187136680.000,0,-,-,-,-,6115.0000,6114.8000,6110.2000,6110.0000,6109.2000,6118.4000,6118.6000,6118.8000,6120.8000,6121.0000,1,1,2,2,1,1,1,1,1,1
SF,IC2011,2020-09-29 09:34:23.400,6118.8000,7803,0,187136680.000,0,-,-,-,-,6115.0000,6114.8000,6110.2000,6110.0000,6109.2000,6118.2000,6118.4000,6118.8000,6120.8000,6121.0000,1,1,2,2,1,1,1,1,1,1
SF,IC2011,2020-09-29 09:34:23.900,6118.8000,7803,0,187136680.000,0,-,-,-,-,6115.0000,6114.8000,6110.2000,6110.0000,6109.2000,6118.0000,6118.2000,6118.8000,6120.8000,6121.0000,1,1,2,2,1,1,1,1,1,1
SF,IC2011,2020-09-29 09:34:24.400,6118.8000,7803,0,187136680.000,0,-,-,-,-,6115.0000,6114.8000,6110.2000,6110.0000,6109.2000,6117.8000,6118.0000,6118.8000,6120.8000,6121.0000,1,1,2,2,1,1,1,1,1,1
SF,IC2011,2020-09-29 09:34:24.900,6118.8000,7803,0,187136680.000,0,-,-,-,-,6115.0000,6110.0000,6109.2000,6101.6000,6100.6000,6117.8000,6118.0000,6118.8000,6120.8000,6121.0000,1,2,1,5,3,1,1,1,1,1
SF,IC2011,2020-09-29 09:34:25.400,6118.8000,7803,0,187136680.000,0,-,-,-,-,6115.0000,6114.2000,6114.0000,6110.0000,6109.2000,6117.8000,6118.0000,6118.8000,6120.8000,6121.0000,1,1,1,2,1,1,1,1,1,1
SF,IC2011,2020-09-29 09:34:26.900,6118.8000,7803,0,187136680.000,0,-,-,-,-,6115.0000,6114.2000,6114.0000,6113.2000,6110.0000,6117.6000,6117.8000,6118.0000,6118.8000,6120.8000,1,1,1,2,2,1,1,1,1,1
SF,IC2011,2020-09-29 09:34:27.400,6118.8000,7803,0,187136680.000,0,-,-,-,-,6115.0000,6114.2000,6114.0000,6113.2000,6110.0000,6117.4000,6117.6000,6118.0000,6118.8000,6121.0000,1,1,1,2,2,1,1,1,2,1
SF,IC2011,2020-09-29 09:34:27.900,6118.8000,7803,0,187136680.000,0,-,-,-,-,6115.0000,6114.0000,6113.2000,6110.0000,6109.2000,6117.4000,6117.6000,6118.0000,6118.8000,6121.0000,1,1,2,2,1,1,2,1,2,1
SF,IC2011,2020-09-29 09:34:28.400,6118.8000,7803,0,187136680.000,0,-,-,-,-,6114.0000,6113.2000,6110.0000,6109.2000,6101.6000,6117.4000,6117.6000,6118.0000,6118.8000,6121.0000,2,2,2,1,5,1,2,1,2,1
SF,IC2011,2020-09-29 09:34:28.900,6118.8000,7803,0,187136680.000,0,-,-,-,-,6115.8000,6114.2000,6114.0000,6113.2000,6110.0000,6117.2000,6117.4000,6117.6000,6118.8000,6121.0000,1,1,2,2,2,1,1,2,2,1
SF,IC2011,2020-09-29 09:34:29.400,6115.8000,7803,0,188359840.000,1,0,1,多换,S,6114.0000,6113.2000,6110.0000,6109.2000,6101.6000,6117.0000,6117.6000,6118.8000,6121.0000,6121.4000,2,2,2,1,5,1,2,2,1,1
SF,IC2011,2020-09-29 09:34:29.900,6115.8000,7803,0,188359840.000,0,-,-,-,-,6114.2000,6114.0000,6113.2000,6110.0000,6109.2000,6117.0000,6117.6000,6118.8000,6121.0000,6121.4000,1,2,2,2,1,1,2,2,1,1
SF,IC2011,2020-09-29 09:34:30.400,6115.8000,7803,0,188359840.000,0,-,-,-,-,6114.2000,6114.0000,6113.2000,6110.0000,6109.2000,6117.0000,6117.6000,6118.8000,6121.0000,6121.4000,1,2,2,2,1,1,3,2,1,1
SF,IC2011,2020-09-29 09:34:30.900,6115.8000,7803,0,188359840.000,0,-,-,-,-,6114.2000,6114.0000,6113.2000,6110.0000,6109.2000,6117.0000,6117.6000,6118.8000,6121.0000,6121.4000,1,1,2,2,1,1,3,2,1,1
SF,IC2011,2020-09-29 09:34:31.400,6115.8000,7803,0,188359840.000,0,-,-,-,-,6114.2000,6114.0000,6113.2000,6113.0000,6110.0000,6117.0000,6117.6000,6118.8000,6121.0000,6121.4000,1,1,2,1,2,1,3,2,1,1
SF,IC2011,2020-09-29 09:34:33.900,6115.8000,7803,0,188359840.000,0,-,-,-,-,6114.2000,6114.0000,6113.2000,6110.2000,6110.0000,6117.0000,6117.6000,6118.8000,6121.0000,6121.4000,1,1,2,1,2,1,3,2,1,1
SF,IC2011,2020-09-29 09:34:34.400,6115.8000,7803,0,188359840.000,0,-,-,-,-,6114.0000,6113.2000,6111.8000,6110.2000,6110.0000,6117.0000,6117.6000,6118.8000,6121.0000,6121.4000,1,2,1,1,2,1,3,2,1,1
SF,IC2011,2020-09-29 09:34:34.900,6115.8000,7803,0,188359840.000,0,-,-,-,-,6114.0000,6113.2000,6111.8000,6110.2000,6110.0000,6117.0000,6117.6000,6118.8000,6121.0000,6121.4000,1,2,1,1,2,1,3,2,1,1
SF,IC2011,2020-09-29 09:34:35.400,6115.8000,7803,0,188359840.000,0,-,-,-,-,6114.2000,6114.0000,6113.2000,6111.8000,6110.2000,6117.0000,6117.6000,6118.8000,6121.0000,6123.0000,1,1,2,1,1,1,3,2,1,1
SF,IC2011,2020-09-29 09:34:35.900,6115.8000,7803,0,188359840.000,0,-,-,-,-,6114.2000,6114.0000,6113.2000,6111.8000,6110.2000,6117.0000,6117.6000,6118.8000,6121.0000,6123.0000,1,1,2,1,1,1,3,3,1,1
SF,IC2011,2020-09-29 09:34:36.400,6115.8000,7803,0,188359840.000,0,-,-,-,-,6114.4000,6114.2000,6114.0000,6113.2000,6111.8000,6117.0000,6117.6000,6118.8000,6121.0000,6123.0000,1,1,1,2,1,1,3,3,1,1
SF,IC2011,2020-09-29 09:34:36.900,6115.8000,7803,0,188359840.000,0,-,-,-,-,6114.6000,6114.4000,6114.0000,6113.2000,6110.2000,6117.6000,6118.8000,6121.0000,6123.0000,6125.0000,1,1,1,2,1,3,3,1,1,2
SF,IC2011,2020-09-29 09:34:37.400,6115.8000,7803,0,188359840.000,0,-,-,-,-,6114.8000,6114.6000,6114.4000,6114.0000,6113.2000,6117.4000,6117.6000,6118.8000,6121.0000,6123.0000,2,1,1,1,2,1,3,3,1,1
SF,IC2011,2020-09-29 09:34:37.900,6115.8000,7803,0,188359840.000,0,-,-,-,-,6115.0000,6114.8000,6114.0000,6113.2000,6110.2000,6117.4000,6117.6000,6118.8000,6121.0000,6123.0000,2,2,1,2,1,1,3,3,1,1
SF,IC2011,2020-09-29 09:34:38.400,6115.8000,7803,0,188359840.000,0,-,-,-,-,6116.2000,6115.0000,6114.0000,6113.2000,6110.2000,6117.2000,6117.4000,6117.6000,6118.8000,6121.0000,1,2,1,2,1,1,1,3,3,1
SF,IC2011,2020-09-29 09:34:38.900,6115.0000,7803,0,190806080.000,2,1,1,多换,S,6114.0000,6113.2000,6110.2000,6110.0000,6109.2000,6116.8000,6117.0000,6117.2000,6117.6000,6118.8000,1,2,1,2,1,1,1,1,3,3
SF,IC2011,2020-09-29 09:34:39.400,6115.0000,7803,0,190806080.000,0,-,-,-,-,6114.2000,6114.0000,6113.2000,6110.2000,6110.0000,6116.6000,6117.2000,6117.6000,6118.8000,6121.0000,1,1,2,1,2,1,1,2,3,1
SF,IC2011,2020-09-29 09:34:40.900,6115.0000,7803,0,190806080.000,0,-,-,-,-,6114.4000,6114.2000,6114.0000,6113.2000,6110.2000,6116.6000,6117.2000,6117.6000,6118.8000,6121.0000,1,1,1,2,1,1,1,2,3,1
SF,IC2011,2020-09-29 09:34:41.400,6115.0000,7803,0,190806080.000,0,-,-,-,-,6114.4000,6114.0000,6113.2000,6110.2000,6110.0000,6116.6000,6117.2000,6117.6000,6118.8000,6121.0000,1,1,2,1,2,1,1,2,3,1
SF,IC2011,2020-09-29 09:34:41.900,6115.0000,7803,0,190806080.000,0,-,-,-,-,6114.4000,6114.0000,6113.2000,6110.2000,6110.0000,6116.4000,6116.6000,6117.2000,6117.6000,6118.8000,1,1,2,1,2,1,1,1,2,3
SF,IC2011,2020-09-29 09:34:42.400,6115.0000,7803,0,190806080.000,0,-,-,-,-,6114.4000,6114.0000,6113.2000,6110.2000,6110.0000,6116.2000,6116.4000,6117.2000,6117.6000,6118.8000,1,1,2,1,2,1,1,1,2,2
SF,IC2011,2020-09-29 09:34:42.900,6115.0000,7803,0,190806080.000,0,-,-,-,-,6114.4000,6114.0000,6113.2000,6110.2000,6110.0000,6116.2000,6117.2000,6117.6000,6118.8000,6121.0000,1,1,2,1,2,1,1,2,2,1
SF,IC2011,2020-09-29 09:34:43.400,6115.0000,7803,0,190806080.000,0,-,-,-,-,6114.4000,6114.0000,6113.2000,6110.2000,6110.0000,6116.0000,6116.2000,6117.2000,6117.6000,6118.8000,1,1,2,1,2,1,1,1,2,2
SF,IC2011,2020-09-29 09:34:43.900,6115.0000,7803,0,190806080.000,0,-,-,-,-,6114.0000,6113.2000,6110.2000,6110.0000,6109.2000,6116.0000,6116.2000,6117.2000,6117.6000,6118.8000,1,2,1,2,1,1,1,1,2,2
SF,IC2011,2020-09-29 09:34:44.400,6116.0000,7803,0,192029280.000,1,0,1,多换,S,6114.2000,6114.0000,6113.6000,6113.2000,6110.2000,6115.8000,6117.2000,6117.6000,6118.8000,6121.0000,2,1,1,2,1,1,1,2,1,1
SF,IC2011,2020-09-29 09:34:44.900,6115.8000,7803,0,193252440.000,1,0,1,多换,S,6114.2000,6114.0000,6113.6000,6113.2000,6110.2000,6116.2000,6117.2000,6117.6000,6118.8000,6121.0000,2,1,1,2,1,1,1,2,1,1
SF,IC2011,2020-09-29 09:34:45.400,6116.2000,7803,0,194475680.000,1,0,1,多换,S,6114.2000,6114.0000,6113.6000,6113.2000,6110.2000,6116.2000,6117.2000,6117.6000,6118.8000,6121.0000,2,1,1,2,1,1,1,2,1,1
SF,IC2011,2020-09-29 09:34:45.900,6116.2000,7803,0,195698920.000,1,0,1,多换,S,6114.2000,6114.0000,6113.6000,6113.2000,6110.2000,6117.2000,6117.6000,6118.8000,6121.0000,6123.0000,2,1,1,2,1,1,2,1,1,1
SF,IC2011,2020-09-29 09:34:46.400,6116.2000,7803,0,195698920.000,0,-,-,-,-,6114.2000,6114.0000,6113.6000,6113.2000,6110.2000,6117.0000,6117.2000,6117.6000,6118.8000,6121.0000,1,1,1,2,1,2,1,2,1,1
SF,IC2011,2020-09-29 09:34:46.900,6116.2000,7803,0,195698920.000,0,-,-,-,-,6114.2000,6114.0000,6113.2000,6110.2000,6110.0000,6117.0000,6117.2000,6117.6000,6118.8000,6121.0000,1,1,2,1,2,1,1,2,1,1
SF,IC2011,2020-09-29 09:34:47.400,6116.2000,7803,0,195698920.000,0,-,-,-,-,6114.4000,6114.2000,6114.0000,6113.2000,6110.2000,6116.8000,6117.2000,6117.6000,6118.8000,6121.0000,3,1,1,2,1,1,1,2,1,1
SF,IC2011,2020-09-29 09:34:47.900,6116.2000,7803,0,195698920.000,0,-,-,-,-,6115.6000,6114.6000,6114.4000,6114.0000,6113.2000,6116.8000,6117.2000,6117.6000,6118.8000,6121.0000,1,1,3,1,2,1,1,2,1,1
SF,IC2011,2020-09-29 09:34:48.400,6116.8000,7803,0,196922280.000,1,0,1,多换,S,6116.8000,6114.6000,6114.4000,6114.0000,6113.2000,6117.0000,6117.2000,6117.6000,6118.8000,6121.0000,1,1,3,1,2,1,1,2,1,1
SF,IC2011,2020-09-29 09:34:48.900,6117.0000,7803,0,198145680.000,1,0,1,多换,S,6115.0000,6114.6000,6114.4000,6114.0000,6113.2000,6116.8000,6117.6000,6118.8000,6121.0000,6123.0000,1,1,2,1,2,1,2,1,1,1
SF,IC2011,2020-09-29 09:34:49.400,6117.0000,7803,0,198145680.000,0,-,-,-,-,6115.2000,6115.0000,6114.4000,6114.0000,6113.2000,6116.8000,6117.2000,6117.6000,6118.6000,6118.8000,2,1,2,1,3,1,1,2,1,1
SF,IC2011,2020-09-29 09:34:49.900,6117.0000,7803,0,198145680.000,0,-,-,-,-,6115.2000,6115.0000,6114.4000,6114.0000,6113.2000,6116.8000,6117.6000,6118.6000,6118.8000,6121.0000,2,1,1,1,3,1,2,1,1,1
SF,IC2011,2020-09-29 09:34:50.400,6117.0000,7803,0,198145680.000,0,-,-,-,-,6115.4000,6115.2000,6115.0000,6114.4000,6114.0000,6116.8000,6117.2000,6117.6000,6118.6000,6118.8000,1,1,1,1,1,1,1,2,1,1
SF,IC2011,2020-09-29 09:34:50.900,6117.0000,7803,0,198145680.000,0,-,-,-,-,6115.4000,6115.0000,6114.0000,6113.2000,6110.2000,6116.6000,6116.8000,6117.6000,6118.6000,6118.8000,1,1,1,3,1,1,1,2,1,1
SF,IC2011,2020-09-29 09:34:51.400,6115.4000,7803,0,199368760.000,1,0,1,多换,S,6114.0000,6113.2000,6110.2000,6110.0000,6109.2000,6116.4000,6116.6000,6116.8000,6117.6000,6118.6000,1,3,1,2,1,1,1,1,2,1
SF,IC2011,2020-09-29 09:34:51.900,6115.4000,7803,0,199368760.000,0,-,-,-,-,6114.2000,6114.0000,6113.2000,6110.2000,6110.0000,6116.2000,6116.4000,6116.8000,6117.6000,6118.6000,1,1,3,1,2,1,1,1,2,1
SF,IC2011,2020-09-29 09:34:52.400,6115.4000,7803,0,199368760.000,0,-,-,-,-,6114.0000,6113.2000,6110.2000,6110.0000,6109.2000,6116.2000,6116.8000,6117.6000,6118.8000,6121.0000,1,3,1,2,1,1,1,2,1,1
SF,IC2011,2020-09-29 09:34:52.900,6114.0000,7803,0,200591560.000,1,0,1,多换,S,6113.2000,6110.2000,6110.0000,6109.2000,6107.0000,6114.0000,6115.8000,6116.0000,6116.2000,6116.8000,2,1,2,1,1,1,1,2,1,1
SF,IC2011,2020-09-29 09:34:53.400,6113.2000,7803,0,203036840.000,2,1,1,多换,S,6110.2000,6110.0000,6109.2000,6107.0000,6101.6000,6113.2000,6113.8000,6115.8000,6116.0000,6117.6000,1,2,1,1,5,1,1,1,1,2
SF,IC2011,2020-09-29 09:34:53.900,6113.2000,7803,0,203036840.000,0,-,-,-,-,6110.4000,6110.2000,6110.0000,6109.2000,6107.0000,6113.0000,6115.8000,6116.0000,6117.6000,6118.8000,2,1,2,1,1,1,1,1,2,1
SF,IC2011,2020-09-29 09:34:54.400,6113.2000,7803,0,204259480.000,1,0,1,多换,S,6111.0000,6110.8000,6110.6000,6110.4000,6110.2000,6113.6000,6115.8000,6117.6000,6118.8000,6121.0000,1,1,1,6,1,1,1,2,1,1
SF,IC2011,2020-09-29 09:34:54.900,6113.6000,7803,0,205482200.000,1,0,1,多换,S,6111.2000,6111.0000,6110.8000,6110.6000,6110.4000,6114.6000,6115.8000,6117.6000,6118.8000,6121.0000,1,3,1,1,4,1,1,2,1,1
SF,IC2011,2020-09-29 09:34:55.400,6113.6000,7803,0,205482200.000,0,-,-,-,-,6111.4000,6111.2000,6110.8000,6110.2000,6110.0000,6114.4000,6114.6000,6115.8000,6117.6000,6118.8000,1,1,1,1,2,2,1,1,2,1
SF,IC2011,2020-09-29 09:34:55.900,6113.6000,7803,0,205482200.000,0,-,-,-,-,6111.6000,6111.4000,6110.2000,6110.0000,6109.2000,6114.4000,6115.8000,6117.6000,6118.8000,6121.0000,1,1,1,2,1,2,1,2,1,1
SF,IC2011,2020-09-29 09:34:56.400,6113.6000,7803,0,205482200.000,0,-,-,-,-,6111.6000,6111.4000,6110.2000,6110.0000,6109.2000,6114.4000,6115.8000,6117.6000,6118.8000,6121.0000,1,1,1,2,1,2,1,2,1,1
SF,IC2011,2020-09-29 09:34:56.900,6113.6000,7803,0,205482200.000,0,-,-,-,-,6111.6000,6111.4000,6110.2000,6110.0000,6109.2000,6114.4000,6115.8000,6117.6000,6118.8000,6121.0000,1,1,1,2,1,1,1,2,1,1
SF,IC2011,2020-09-29 09:34:57.400,6113.0000,7804,1,206704800.000,1,1,0,双开,S,6111.6000,6111.4000,6110.2000,6110.0000,6109.2000,6114.2000,6114.4000,6114.6000,6115.8000,6117.6000,1,1,1,2,1,1,1,1,1,2
SF,IC2011,2020-09-29 09:34:57.900,6113.0000,7804,0,206704800.000,0,-,-,-,-,6111.8000,6111.6000,6111.4000,6110.2000,6110.0000,6114.4000,6117.6000,6118.8000,6121.0000,6123.0000,1,1,1,1,2,1,1,1,1,1
SF,IC2011,2020-09-29 09:34:58.400,6113.0000,7804,0,206704800.000,0,-,-,-,-,6112.0000,6111.8000,6111.4000,6110.2000,6110.0000,6114.2000,6117.6000,6118.8000,6121.0000,6123.0000,1,1,1,1,2,1,1,1,1,1
SF,IC2011,2020-09-29 09:34:58.900,6113.0000,7804,0,206704800.000,0,-,-,-,-,6112.0000,6111.8000,6111.4000,6110.2000,6110.0000,6117.6000,6118.8000,6121.0000,6123.0000,6125.0000,1,1,1,1,2,1,1,1,1,2
SF,IC2011,2020-09-29 09:34:59.400,6113.0000,7804,0,206704800.000,0,-,-,-,-,6112.0000,6111.4000,6110.2000,6110.0000,6109.2000,6116.0000,6116.2000,6116.4000,6116.6000,6116.8000,1,1,1,2,1,1,1,1,1,2
SF,IC2011,2020-09-29 09:34:59.900,6113.0000,7804,0,206704800.000,0,-,-,-,-,6112.0000,6111.4000,6110.2000,6110.0000,6109.2000,6115.6000,6115.8000,6116.0000,6116.4000,6116.6000,1,1,1,2,1,1,2,3,1,1
SF,IC2011,2020-09-29 09:35:00.400,6113.0000,7804,0,206704800.000,0,-,-,-,-,6112.0000,6110.2000,6110.0000,6109.2000,6107.0000,6114.2000,6115.4000,6115.6000,6116.0000,6116.4000,1,1,2,1,1,1,2,1,1,1
SF,IC2011,2020-09-29 09:35:00.900,6113.0000,7804,0,206704800.000,0,-,-,-,-,6112.0000,6110.2000,6110.0000,6109.2000,6107.0000,6114.0000,6114.2000,6115.4000,6116.4000,6116.6000,1,1,2,1,1,2,1,1,1,1
SF,IC2011,2020-09-29 09:35:01.400,6113.0000,7804,0,206704800.000,0,-,-,-,-,6112.2000,6112.0000,6110.2000,6110.0000,6109.2000,6114.0000,6114.2000,6115.4000,6116.4000,6116.6000,1,1,1,2,1,1,1,1,1,1
SF,IC2011,2020-09-29 09:35:01.900,6113.0000,7804,0,206704800.000,0,-,-,-,-,6112.4000,6112.2000,6110.2000,6110.0000,6109.2000,6113.8000,6114.2000,6115.4000,6116.6000,6116.8000,1,1,1,2,1,1,1,1,1,1
SF,IC2011,2020-09-29 09:35:02.400,6113.8000,7804,0,207927560.000,1,0,1,多换,S,6112.6000,6112.4000,6112.2000,6110.2000,6110.0000,6113.8000,6114.2000,6117.6000,6118.0000,6118.8000,1,1,1,1,2,1,1,1,1,1
SF,IC2011,2020-09-29 09:35:02.900,6114.2000,7804,0,210373160.000,2,1,1,多换,S,6112.8000,6112.6000,6112.2000,6110.2000,6110.0000,6117.6000,6118.0000,6118.8000,6121.0000,6123.0000,1,1,1,1,2,1,1,1,1,1
SF,IC2011,2020-09-29 09:35:03.400,6112.6000,7801,-3,214040840.000,3,0,3,双平,S,6110.2000,6110.0000,6109.2000,6107.0000,6101.6000,6112.4000,6116.4000,6116.6000,6116.8000,6117.2000,1,2,1,1,5,1,2,2,2,1
SF,IC2011,2020-09-29 09:35:03.900,6112.4000,7800,-1,215263320.000,1,0,1,双平,S,6112.8000,6112.4000,6111.4000,6111.0000,6110.4000,6116.6000,6117.4000,6117.6000,6118.0000,6118.8000,2,2,1,4,6,1,2,1,1,1
SF,IC2011,2020-09-29 09:35:04.400,6112.4000,7800,0,215263320.000,0,-,-,-,-,6113.0000,6112.8000,6112.4000,6111.0000,6110.4000,6116.4000,6116.6000,6117.6000,6118.0000,6118.8000,1,2,2,4,4,2,1,1,1,1
SF,IC2011,2020-09-29 09:35:04.900,6112.4000,7800,0,215263320.000,0,-,-,-,-,6113.0000,6112.8000,6112.4000,6111.0000,6110.4000,6116.4000,6116.6000,6117.6000,6118.0000,6118.8000,1,2,1,4,3,2,1,1,1,1
SF,IC2011,2020-09-29 09:35:05.900,6112.4000,7800,0,215263320.000,0,-,-,-,-,6113.2000,6113.0000,6112.8000,6112.4000,6111.0000,6116.4000,6116.6000,6117.6000,6118.0000,6118.8000,1,1,2,1,3,2,1,1,1,1
SF,IC2011,2020-09-29 09:35:06.400,6112.4000,7800,0,215263320.000,0,-,-,-,-,6113.4000,6113.2000,6112.8000,6112.4000,6111.0000,6116.4000,6117.6000,6118.8000,6119.8000,6121.0000,1,1,2,1,3,2,1,1,2,1
SF,IC2011,2020-09-29 09:35:06.900,6112.4000,7800,0,215263320.000,0,-,-,-,-,6115.0000,6113.4000,6113.2000,6112.8000,6112.4000,6116.4000,6117.6000,6118.8000,6119.8000,6121.0000,1,1,1,2,1,2,1,1,2,1
SF,IC2011,2020-09-29 09:35:07.400,6115.0000,7800,0,216486320.000,1,0,1,多换,S,6113.4000,6112.8000,6112.4000,6111.0000,6110.4000,6116.4000,6117.6000,6118.8000,6119.8000,6121.0000,1,2,1,3,1,1,1,1,2,1
SF,IC2011,2020-09-29 09:35:08.900,6115.0000,7800,0,216486320.000,0,-,-,-,-,6113.4000,6112.8000,6112.4000,6111.0000,6110.4000,6116.4000,6117.6000,6118.8000,6119.8000,6121.0000,1,2,1,3,1,1,1,1,2,1
