市场代码,合约代码,时间,最新,持仓,增仓,成交额,成交量,开仓,平仓,成交类型,方向,买一价,买二价,买三价,买四价,买五价,卖一价,卖二价,卖三价,卖四价,卖五价,买一量,买二量,买三量,买四量,买五量,卖一量,卖二量,卖三量,卖四量,卖五量
SF,IC2012,2020-05-13 09:29:00.300,5089.8000,11787,0,17305320.000,17.000,-,-,-,-,5082.0000,5081.8000,5080.0000,5079.6000,5075.6000,5090.0000,5097.0000,5099.2000,5101.6000,5104.6000,1,1,4,1,1,1,1,15,15,1
SF,IC2012,2020-05-13 09:30:00.300,5089.8000,11788,1,18323280.000,1,1,0,双开,S,5082.2000,5082.0000,5081.8000,5080.0000,5079.6000,5088.0000,5090.0000,5097.0000,5099.2000,5101.6000,1,1,1,4,1,10,1,1,15,15
SF,IC2012,2020-05-13 09:30:00.800,5089.8000,11788,0,18323280.000,0,-,-,-,-,5082.8000,5082.4000,5082.2000,5082.0000,5081.8000,5087.8000,5088.0000,5090.0000,5097.0000,5099.2000,1,2,2,1,1,1,10,1,1,15
SF,IC2012,2020-05-13 09:30:01.300,5087.8000,11787,-1,19340840.000,1,0,1,双平,S,5083.0000,5082.8000,5082.6000,5082.4000,5082.2000,5088.0000,5089.0000,5090.0000,5097.0000,5099.2000,1,1,8,1,1,10,1,1,1,15
SF,IC2012,2020-05-13 09:30:01.800,5088.0000,11792,5,27481640.000,8,6,2,空开,S,5083.2000,5083.0000,5082.4000,5082.2000,5082.0000,5088.0000,5089.0000,5090.0000,5097.0000,5099.2000,7,2,1,1,1,2,1,1,1,15
SF,IC2012,2020-05-13 09:30:02.300,5088.0000,11792,0,29516840.000,2,1,1,多换,S,5088.0000,5084.4000,5083.8000,5083.4000,5082.4000,5089.0000,5090.0000,5097.0000,5099.2000,5101.6000,5,1,1,2,1,1,1,1,15,15
SF,IC2012,2020-05-13 09:30:02.800,5088.0000,11792,0,37657920.000,8,4,4,多换,S,5083.6000,5083.4000,5082.4000,5082.2000,5082.0000,5088.0000,5090.0000,5097.0000,5099.2000,5101.6000,7,2,1,2,1,6,2,1,15,15
SF,IC2012,2020-05-13 09:30:03.300,5088.0000,11795,3,43763520.000,6,4,2,空开,S,5084.2000,5083.8000,5083.6000,5083.4000,5082.4000,5090.0000,5097.0000,5099.2000,5101.6000,5103.8000,1,3,6,1,1,2,1,15,15,1
SF,IC2012,2020-05-13 09:30:03.800,5088.0000,11795,0,43763520.000,0,-,-,-,-,5088.0000,5084.6000,5084.4000,5084.2000,5083.4000,5090.0000,5097.0000,5099.2000,5101.6000,5103.8000,7,6,2,1,1,2,1,15,15,1
SF,IC2012,2020-05-13 09:30:04.300,5090.0000,11795,0,44781520.000,1,0,1,多换,S,5088.6000,5088.2000,5088.0000,5084.6000,5084.4000,5090.0000,5097.0000,5099.2000,5101.6000,5103.8000,1,1,2,6,1,1,1,15,15,1
SF,IC2012,2020-05-13 09:30:04.800,5090.0000,11794,-1,45799520.000,1,0,1,双平,S,5088.2000,5084.6000,5084.4000,5084.2000,5083.4000,5097.0000,5099.2000,5101.6000,5103.8000,5104.6000,1,6,1,1,1,1,15,15,1,1
SF,IC2012,2020-05-13 09:30:05.300,5090.0000,11794,0,45799520.000,0,-,-,-,-,5088.8000,5088.4000,5084.6000,5084.2000,5083.4000,5097.0000,5099.2000,5101.6000,5103.8000,5104.6000,1,1,6,1,1,1,15,15,1,1
SF,IC2012,2020-05-13 09:30:05.800,5090.0000,11794,0,45799520.000,0,-,-,-,-,5089.6000,5089.0000,5084.6000,5084.2000,5083.4000,5097.0000,5099.2000,5101.6000,5103.8000,5104.6000,1,2,6,1,1,1,15,15,1,1
SF,IC2012,2020-05-13 09:30:06.300,5090.0000,11794,0,45799520.000,0,-,-,-,-,5090.2000,5089.8000,5089.6000,5089.0000,5084.6000,5097.0000,5099.2000,5101.6000,5103.8000,5104.6000,1,1,1,1,6,1,15,15,1,1
SF,IC2012,2020-05-13 09:30:06.800,5090.0000,11794,0,46817520.000,1,0,1,多换,S,5090.4000,5089.6000,5084.6000,5084.2000,5083.4000,5097.0000,5099.2000,5101.6000,5103.8000,5104.6000,1,1,6,1,1,1,15,15,1,1
SF,IC2012,2020-05-13 09:30:07.300,5090.0000,11794,0,46817520.000,0,-,-,-,-,5091.0000,5090.4000,5089.6000,5084.6000,5084.2000,5097.0000,5099.2000,5101.6000,5103.8000,5104.6000,1,2,1,6,1,1,15,15,1,1
SF,IC2012,2020-05-13 09:30:07.800,5090.0000,11794,0,46817520.000,0,-,-,-,-,5091.2000,5090.8000,5090.4000,5084.6000,5084.2000,5097.0000,5099.2000,5101.6000,5103.8000,5104.6000,1,1,1,6,1,1,15,15,1,1
SF,IC2012,2020-05-13 09:30:08.300,5090.0000,11794,0,46817520.000,0,-,-,-,-,5091.8000,5091.2000,5090.4000,5088.2000,5084.6000,5096.8000,5097.0000,5099.2000,5101.6000,5103.8000,1,1,1,1,6,1,1,15,15,1
SF,IC2012,2020-05-13 09:30:08.800,5090.0000,11794,0,46817520.000,0,-,-,-,-,5091.2000,5088.2000,5084.6000,5084.2000,5083.4000,5096.8000,5097.0000,5099.2000,5101.6000,5103.8000,1,1,6,1,1,1,1,15,15,1
SF,IC2012,2020-05-13 09:30:09.300,5096.6000,11795,1,47836840.000,1,1,0,双开,S,5091.8000,5091.2000,5088.2000,5084.6000,5084.2000,5096.6000,5096.8000,5097.0000,5099.2000,5101.6000,1,1,1,6,1,7,1,1,15,15
SF,IC2012,2020-05-13 09:30:09.800,5096.6000,11795,0,47836840.000,0,-,-,-,-,5091.8000,5091.2000,5090.8000,5088.2000,5084.6000,5096.4000,5096.6000,5097.0000,5099.2000,5101.6000,1,1,1,1,6,1,1,1,15,15
SF,IC2012,2020-05-13 09:30:10.300,5091.8000,11795,0,48855200.000,1,0,1,多换,S,5091.2000,5090.8000,5088.2000,5084.6000,5084.2000,5091.6000,5096.2000,5096.4000,5097.0000,5099.2000,1,1,1,6,1,5,2,1,1,15
SF,IC2012,2020-05-13 09:30:10.800,5091.6000,11800,5,61074800.000,12,8,4,空开,S,5091.6000,5083.4000,5082.4000,5082.2000,5082.0000,5096.2000,5096.4000,5097.0000,5099.2000,5101.6000,4,1,1,2,1,2,1,1,15,15
SF,IC2012,2020-05-13 09:30:11.300,5091.6000,11800,0,61074800.000,0,-,-,-,-,5083.4000,5082.4000,5082.2000,5082.0000,5080.0000,5096.0000,5096.2000,5097.0000,5099.2000,5101.6000,1,1,2,1,4,1,2,1,15,15
SF,IC2012,2020-05-13 09:30:11.800,5091.6000,11800,0,61074800.000,0,-,-,-,-,5083.8000,5083.4000,5082.4000,5082.2000,5082.0000,5095.8000,5096.0000,5096.2000,5097.0000,5099.2000,6,1,1,2,1,1,1,1,1,15
SF,IC2012,2020-05-13 09:30:12.300,5091.6000,11800,0,61074800.000,0,-,-,-,-,5090.8000,5088.0000,5083.8000,5083.4000,5082.4000,5094.6000,5095.6000,5095.8000,5096.2000,5097.0000,1,1,6,1,1,2,1,2,1,1
SF,IC2012,2020-05-13 09:30:12.800,5090.8000,11799,-1,62092960.000,1,0,1,双平,S,5088.0000,5087.8000,5087.4000,5086.6000,5085.0000,5094.2000,5094.4000,5094.6000,5095.8000,5096.2000,1,1,1,2,1,1,2,2,1,1
SF,IC2012,2020-05-13 09:30:13.300,5090.8000,11799,0,62092960.000,0,-,-,-,-,5088.2000,5088.0000,5087.8000,5086.6000,5085.0000,5093.6000,5094.0000,5094.6000,5095.8000,5096.2000,1,1,1,2,1,1,2,2,1,1
SF,IC2012,2020-05-13 09:30:13.800,5090.8000,11799,0,62092960.000,0,-,-,-,-,5088.2000,5088.0000,5087.8000,5085.0000,5082.4000,5093.4000,5093.6000,5095.8000,5096.2000,5097.0000,1,1,1,1,1,5,1,1,1,1
SF,IC2012,2020-05-13 09:30:14.300,5090.8000,11799,0,62092960.000,0,-,-,-,-,5088.2000,5087.8000,5085.0000,5082.4000,5082.2000,5093.4000,5093.6000,5095.8000,5096.2000,5097.0000,1,1,1,1,2,5,1,1,1,1
SF,IC2012,2020-05-13 09:30:14.800,5090.8000,11799,0,62092960.000,0,-,-,-,-,5088.2000,5085.0000,5082.4000,5082.2000,5082.0000,5092.8000,5093.4000,5093.6000,5095.8000,5096.2000,1,1,1,2,1,2,3,1,1,1
SF,IC2012,2020-05-13 09:30:15.300,5090.8000,11799,0,62092960.000,0,-,-,-,-,5088.2000,5085.0000,5082.4000,5082.2000,5082.0000,5092.6000,5092.8000,5093.4000,5093.6000,5095.8000,1,1,1,2,1,2,2,1,1,1
SF,IC2012,2020-05-13 09:30:16.300,5090.8000,11799,0,62092960.000,0,-,-,-,-,5088.4000,5088.2000,5085.0000,5082.4000,5082.2000,5092.6000,5093.4000,5093.6000,5095.8000,5096.2000,1,1,1,1,2,2,1,1,1,1
SF,IC2012,2020-05-13 09:30:16.800,5090.8000,11799,0,62092960.000,0,-,-,-,-,5088.6000,5088.4000,5086.6000,5085.0000,5082.4000,5092.6000,5093.4000,5093.6000,5095.8000,5097.0000,1,1,1,1,1,1,1,1,1,1
SF,IC2012,2020-05-13 09:30:17.300,5090.8000,11799,0,62092960.000,0,-,-,-,-,5088.6000,5088.4000,5086.6000,5085.0000,5082.4000,5092.6000,5093.4000,5093.6000,5095.8000,5097.0000,1,1,1,1,1,1,1,1,1,1
SF,IC2012,2020-05-13 09:30:17.800,5090.8000,11799,0,62092960.000,0,-,-,-,-,5088.8000,5088.6000,5088.4000,5086.6000,5085.0000,5092.6000,5093.4000,5093.6000,5097.0000,5099.2000,1,1,1,1,1,1,1,2,1,15
SF,IC2012,2020-05-13 09:30:18.300,5090.8000,11799,0,62092960.000,0,-,-,-,-,5089.0000,5088.8000,5088.4000,5086.6000,5085.0000,5092.4000,5092.6000,5093.4000,5093.6000,5097.0000,1,1,1,1,1,1,1,1,2,1
SF,IC2012,2020-05-13 09:30:18.800,5090.8000,11799,0,62092960.000,0,-,-,-,-,5089.0000,5088.4000,5086.6000,5085.0000,5082.4000,5092.2000,5092.4000,5093.4000,5093.6000,5097.0000,1,1,1,1,1,1,2,1,2,1
SF,IC2012,2020-05-13 09:30:19.300,5090.8000,11799,0,62092960.000,0,-,-,-,-,5089.0000,5088.4000,5086.6000,5085.0000,5082.4000,5092.0000,5092.2000,5092.4000,5093.4000,5093.6000,1,1,1,1,1,1,1,1,1,2
SF,IC2012,2020-05-13 09:30:19.800,5090.8000,11799,0,62092960.000,0,-,-,-,-,5088.8000,5088.4000,5086.6000,5085.0000,5082.4000,5091.8000,5092.0000,5092.4000,5093.4000,5093.6000,1,1,1,1,1,4,1,1,1,2
SF,IC2012,2020-05-13 09:30:20.300,5090.8000,11799,0,62092960.000,0,-,-,-,-,5088.8000,5088.4000,5086.6000,5085.0000,5082.4000,5091.6000,5091.8000,5092.4000,5093.4000,5093.6000,1,1,1,1,1,1,4,1,1,2
SF,IC2012,2020-05-13 09:30:20.800,5090.8000,11799,0,62092960.000,0,-,-,-,-,5088.8000,5088.4000,5086.6000,5085.0000,5082.4000,5091.4000,5091.6000,5091.8000,5092.4000,5093.4000,1,1,1,1,1,1,1,1,1,1
SF,IC2012,2020-05-13 09:30:21.300,5091.4000,11796,-3,67183720.000,5,1,4,多平,S,5089.0000,5086.6000,5085.0000,5082.4000,5082.2000,5091.8000,5092.4000,5093.4000,5093.6000,5097.0000,1,1,1,1,2,1,1,1,2,1
SF,IC2012,2020-05-13 09:30:22.800,5091.4000,11796,0,67183720.000,0,-,-,-,-,5089.0000,5086.6000,5085.0000,5082.4000,5082.2000,5090.8000,5091.6000,5091.8000,5092.4000,5093.4000,1,1,1,1,2,1,1,1,1,1
SF,IC2012,2020-05-13 09:30:23.300,5089.0000,11795,-1,68201520.000,1,0,1,双平,S,5086.6000,5085.0000,5082.4000,5082.2000,5082.0000,5090.8000,5091.6000,5091.8000,5092.4000,5093.4000,1,1,1,2,1,1,1,1,1,1
SF,IC2012,2020-05-13 09:30:23.800,5089.0000,11795,0,68201520.000,0,-,-,-,-,5086.6000,5085.0000,5082.4000,5082.2000,5082.0000,5090.6000,5090.8000,5091.6000,5091.8000,5092.4000,1,1,1,2,1,2,1,1,1,1
SF,IC2012,2020-05-13 09:30:24.300,5089.0000,11795,0,68201520.000,0,-,-,-,-,5086.6000,5085.0000,5083.8000,5082.4000,5082.2000,5090.2000,5090.6000,5090.8000,5091.6000,5091.8000,1,1,1,1,2,2,2,1,1,1
SF,IC2012,2020-05-13 09:30:24.800,5089.0000,11795,0,68201520.000,0,-,-,-,-,5088.4000,5085.0000,5083.8000,5083.2000,5082.4000,5090.0000,5090.2000,5090.6000,5090.8000,5091.6000,1,1,1,1,1,1,2,1,1,1
SF,IC2012,2020-05-13 09:30:25.300,5089.0000,11795,0,68201520.000,0,-,-,-,-,5088.4000,5085.0000,5083.8000,5083.2000,5082.4000,5090.2000,5090.8000,5091.6000,5091.8000,5092.4000,1,1,1,1,1,2,1,1,1,1
SF,IC2012,2020-05-13 09:30:25.800,5088.4000,11795,0,69219200.000,1,0,1,多换,S,5085.0000,5083.8000,5083.2000,5082.4000,5082.2000,5090.8000,5091.8000,5092.4000,5093.2000,5093.4000,1,1,1,1,2,1,1,1,1,1
SF,IC2012,2020-05-13 09:30:26.300,5088.4000,11795,0,69219200.000,0,-,-,-,-,5085.0000,5083.8000,5083.2000,5082.2000,5082.0000,5089.6000,5090.8000,5091.8000,5092.4000,5093.2000,1,1,1,2,1,2,1,1,1,1
SF,IC2012,2020-05-13 09:30:26.800,5088.4000,11795,0,69219200.000,0,-,-,-,-,5085.2000,5085.0000,5083.8000,5083.2000,5082.2000,5089.6000,5090.8000,5091.8000,5092.4000,5093.2000,1,1,1,1,2,2,1,1,1,1
SF,IC2012,2020-05-13 09:30:27.300,5088.4000,11795,0,69219200.000,0,-,-,-,-,5085.4000,5085.2000,5085.0000,5083.8000,5083.2000,5089.4000,5089.6000,5090.8000,5091.8000,5092.4000,1,1,1,1,1,1,2,1,1,1
SF,IC2012,2020-05-13 09:30:28.300,5088.4000,11795,0,69219200.000,0,-,-,-,-,5085.4000,5085.2000,5085.0000,5083.2000,5082.2000,5088.8000,5089.4000,5090.8000,5091.8000,5092.4000,1,1,1,1,2,2,1,1,1,1
SF,IC2012,2020-05-13 09:30:28.800,5088.4000,11795,0,69219200.000,0,-,-,-,-,5085.2000,5085.0000,5083.2000,5082.2000,5082.0000,5088.6000,5088.8000,5090.8000,5091.8000,5092.4000,1,1,1,2,1,1,2,1,1,1
SF,IC2012,2020-05-13 09:30:29.300,5088.4000,11795,0,69219200.000,0,-,-,-,-,5085.2000,5085.0000,5083.2000,5082.2000,5082.0000,5088.6000,5090.8000,5091.8000,5092.4000,5093.2000,1,1,1,2,1,1,1,1,1,1
SF,IC2012,2020-05-13 09:30:29.800,5088.4000,11795,0,69219200.000,0,-,-,-,-,5085.2000,5085.0000,5083.2000,5082.2000,5082.0000,5088.6000,5090.8000,5091.8000,5093.2000,5093.4000,1,1,1,2,1,1,1,1,1,1
SF,IC2012,2020-05-13 09:30:30.300,5088.4000,11795,0,69219200.000,0,-,-,-,-,5085.2000,5085.0000,5083.2000,5082.2000,5082.0000,5088.6000,5090.8000,5091.8000,5093.2000,5093.4000,1,1,1,3,1,1,1,1,1,1
SF,IC2012,2020-05-13 09:30:30.800,5088.4000,11795,0,69219200.000,0,-,-,-,-,5085.2000,5083.2000,5082.2000,5082.0000,5080.0000,5088.6000,5090.8000,5091.8000,5093.2000,5093.4000,1,1,2,1,4,1,1,1,1,1
SF,IC2012,2020-05-13 09:30:31.300,5088.4000,11795,0,69219200.000,0,-,-,-,-,5085.2000,5083.2000,5082.2000,5082.0000,5080.0000,5088.4000,5088.6000,5090.8000,5091.8000,5093.2000,2,1,2,1,4,1,1,1,1,1
SF,IC2012,2020-05-13 09:30:31.800,5088.4000,11795,0,69219200.000,0,-,-,-,-,5085.2000,5083.2000,5082.2000,5082.0000,5080.0000,5088.0000,5088.2000,5088.4000,5090.8000,5091.8000,2,1,2,1,4,2,1,1,1,1
SF,IC2012,2020-05-13 09:30:32.300,5088.4000,11795,0,69219200.000,0,-,-,-,-,5085.2000,5083.2000,5082.2000,5082.0000,5080.0000,5087.8000,5088.0000,5088.4000,5090.8000,5091.8000,2,1,2,1,4,1,1,1,1,1
SF,IC2012,2020-05-13 09:30:33.300,5088.4000,11795,0,69219200.000,0,-,-,-,-,5085.2000,5083.2000,5082.2000,5082.0000,5080.0000,5087.8000,5088.0000,5088.4000,5090.2000,5090.8000,2,1,2,1,4,1,1,1,2,1
SF,IC2012,2020-05-13 09:30:34.300,5088.4000,11795,0,69219200.000,0,-,-,-,-,5085.2000,5083.2000,5082.2000,5082.0000,5080.0000,5087.8000,5088.0000,5088.4000,5090.2000,5090.8000,2,1,2,1,4,1,1,1,2,1
SF,IC2012,2020-05-13 09:30:34.800,5088.4000,11795,0,69219200.000,0,-,-,-,-,5085.2000,5083.2000,5082.2000,5082.0000,5080.0000,5087.8000,5088.0000,5088.4000,5090.8000,5091.8000,2,1,2,1,4,1,1,3,1,1
SF,IC2012,2020-05-13 09:30:35.300,5088.4000,11795,0,69219200.000,0,-,-,-,-,5085.2000,5083.2000,5082.2000,5082.0000,5080.0000,5087.8000,5088.0000,5088.4000,5088.8000,5090.8000,2,1,2,1,4,1,1,1,2,1
SF,IC2012,2020-05-13 09:30:36.300,5088.4000,11795,0,69219200.000,0,-,-,-,-,5085.2000,5083.2000,5082.2000,5082.0000,5080.0000,5087.8000,5088.0000,5088.4000,5088.8000,5090.8000,2,1,1,1,4,1,1,1,2,1
SF,IC2012,2020-05-13 09:30:36.800,5088.4000,11795,0,69219200.000,0,-,-,-,-,5085.2000,5083.2000,5082.2000,5082.0000,5080.0000,5087.8000,5088.0000,5088.4000,5088.8000,5090.8000,2,1,1,1,4,1,1,1,2,1
SF,IC2012,2020-05-13 09:30:37.300,5088.4000,11795,0,69219200.000,0,-,-,-,-,5085.2000,5083.2000,5082.2000,5082.0000,5080.0000,5087.4000,5087.8000,5088.0000,5088.4000,5090.8000,2,1,1,1,4,2,1,1,1,1
SF,IC2012,2020-05-13 09:30:38.300,5088.4000,11795,0,69219200.000,0,-,-,-,-,5085.2000,5083.2000,5082.2000,5082.0000,5080.0000,5087.8000,5088.0000,5088.4000,5091.8000,5093.4000,2,1,1,1,4,1,2,1,1,1
SF,IC2012,2020-05-13 09:30:39.800,5088.4000,11795,0,69219200.000,0,-,-,-,-,5085.2000,5083.2000,5082.2000,5082.0000,5080.0000,5087.8000,5088.0000,5088.4000,5091.8000,5093.4000,2,1,1,1,4,1,2,1,1,1
SF,IC2012,2020-05-13 09:30:40.300,5085.2000,11794,-1,71253280.000,2,0,2,多平,S,5083.2000,5082.2000,5082.0000,5080.0000,5079.6000,5084.8000,5087.8000,5088.0000,5088.4000,5091.8000,1,1,1,4,1,2,1,2,1,1
SF,IC2012,2020-05-13 09:30:40.800,5087.8000,11791,-3,74304760.000,3,0,3,双平,S,5087.8000,5083.2000,5082.2000,5082.0000,5080.0000,5088.0000,5088.4000,5091.8000,5093.4000,5093.6000,2,1,1,1,4,2,1,1,1,1
SF,IC2012,2020-05-13 09:30:41.300,5087.8000,11789,-2,76339880.000,2,0,2,双平,S,5083.2000,5082.2000,5082.0000,5080.0000,5079.6000,5087.4000,5087.6000,5087.8000,5088.0000,5088.4000,1,1,1,4,1,4,3,1,2,1
SF,IC2012,2020-05-13 09:30:41.800,5087.8000,11789,0,76339880.000,0,-,-,-,-,5083.4000,5083.2000,5082.2000,5082.0000,5080.0000,5087.2000,5087.4000,5087.6000,5087.8000,5088.0000,1,1,1,1,4,1,4,3,4,2
SF,IC2012,2020-05-13 09:30:42.300,5087.8000,11789,0,76339880.000,0,-,-,-,-,5083.4000,5083.2000,5082.2000,5082.0000,5080.0000,5087.0000,5087.4000,5087.6000,5087.8000,5088.0000,1,1,1,1,4,1,4,3,1,2
SF,IC2012,2020-05-13 09:30:42.800,5087.8000,11789,0,76339880.000,0,-,-,-,-,5083.4000,5083.2000,5082.2000,5082.0000,5080.0000,5087.0000,5087.4000,5087.8000,5088.0000,5091.8000,1,1,1,1,4,2,4,1,2,1
SF,IC2012,2020-05-13 09:30:43.300,5087.8000,11789,0,76339880.000,0,-,-,-,-,5083.4000,5083.2000,5082.2000,5082.0000,5080.0000,5087.0000,5087.4000,5087.8000,5088.0000,5093.4000,1,1,1,1,4,2,4,1,2,1
SF,IC2012,2020-05-13 09:30:44.300,5087.8000,11789,0,76339880.000,0,-,-,-,-,5083.4000,5083.2000,5082.2000,5082.0000,5080.0000,5085.0000,5087.0000,5087.4000,5087.8000,5088.0000,1,1,1,1,4,1,2,4,1,2
SF,IC2012,2020-05-13 09:30:44.800,5087.8000,11789,0,76339880.000,0,-,-,-,-,5083.2000,5082.2000,5082.0000,5080.0000,5079.6000,5085.0000,5087.0000,5088.0000,5093.6000,5097.0000,1,1,1,4,1,1,2,2,1,1
SF,IC2012,2020-05-13 09:30:45.300,5085.2000,11789,0,77356920.000,1,0,1,多换,S,5085.2000,5083.6000,5083.2000,5082.2000,5082.0000,5087.0000,5088.0000,5093.6000,5097.0000,5097.4000,1,1,1,1,1,1,2,1,1,1
SF,IC2012,2020-05-13 09:30:45.800,5085.2000,11789,0,77356920.000,0,-,-,-,-,5085.2000,5083.6000,5083.2000,5082.2000,5082.0000,5087.0000,5088.0000,5093.6000,5097.0000,5097.4000,1,1,1,1,1,1,2,1,1,1
SF,IC2012,2020-05-13 09:30:46.300,5085.2000,11789,0,77356920.000,0,-,-,-,-,5085.2000,5083.2000,5082.2000,5082.0000,5080.0000,5086.8000,5087.0000,5088.0000,5093.6000,5097.0000,1,1,1,1,4,1,1,2,1,1
SF,IC2012,2020-05-13 09:30:46.800,5087.0000,11788,-1,79391680.000,2,0,2,多平,S,5085.2000,5083.2000,5082.2000,5082.0000,5080.0000,5088.0000,5093.6000,5097.0000,5097.4000,5099.2000,1,1,1,1,4,2,1,1,1,15
SF,IC2012,2020-05-13 09:30:47.300,5087.0000,11788,0,79391680.000,0,-,-,-,-,5085.4000,5085.2000,5083.2000,5082.2000,5082.0000,5088.0000,5093.6000,5097.0000,5097.4000,5099.2000,1,1,1,1,1,1,1,1,1,15
SF,IC2012,2020-05-13 09:30:47.800,5087.0000,11788,0,79391680.000,0,-,-,-,-,5085.4000,5085.2000,5083.2000,5082.2000,5082.0000,5087.8000,5088.0000,5093.6000,5097.0000,5097.4000,1,1,1,1,1,1,2,1,1,1
SF,IC2012,2020-05-13 09:30:48.300,5087.0000,11788,0,79391680.000,0,-,-,-,-,5085.4000,5085.2000,5083.2000,5082.2000,5082.0000,5087.8000,5088.0000,5093.6000,5097.0000,5097.4000,1,1,1,1,1,1,2,1,1,1
SF,IC2012,2020-05-13 09:30:50.300,5085.4000,11787,-1,80408760.000,1,0,1,双平,S,5085.2000,5083.2000,5082.2000,5082.0000,5080.0000,5087.8000,5088.0000,5093.6000,5097.0000,5097.4000,1,1,1,1,4,1,2,1,1,1
SF,IC2012,2020-05-13 09:30:53.300,5085.4000,11787,0,80408760.000,0,-,-,-,-,5085.2000,5083.2000,5082.2000,5082.0000,5080.0000,5087.4000,5087.8000,5088.0000,5093.6000,5097.0000,1,1,1,1,4,2,1,2,1,1
SF,IC2012,2020-05-13 09:30:53.800,5085.4000,11787,0,80408760.000,0,-,-,-,-,5085.2000,5083.2000,5082.2000,5082.0000,5080.0000,5088.0000,5093.6000,5097.0000,5097.4000,5099.2000,2,1,1,1,4,2,1,1,1,15
SF,IC2012,2020-05-13 09:30:54.300,5085.4000,11787,0,80408760.000,0,-,-,-,-,5085.4000,5085.2000,5083.2000,5082.2000,5082.0000,5087.8000,5088.0000,5093.6000,5097.0000,5097.4000,1,2,1,1,1,1,2,1,1,1
SF,IC2012,2020-05-13 09:30:54.800,5085.4000,11787,0,80408760.000,0,-,-,-,-,5085.4000,5085.2000,5083.2000,5082.2000,5082.0000,5087.8000,5088.0000,5093.6000,5097.0000,5097.4000,1,2,1,1,1,1,2,1,1,1
SF,IC2012,2020-05-13 09:30:55.300,5085.4000,11787,0,80408760.000,0,-,-,-,-,5085.2000,5083.2000,5082.2000,5082.0000,5080.0000,5087.8000,5088.0000,5093.6000,5097.0000,5097.4000,2,1,1,1,4,1,2,1,1,1
SF,IC2012,2020-05-13 09:30:59.300,5085.2000,11787,0,81425800.000,1,0,1,多换,S,5085.2000,5083.2000,5082.2000,5082.0000,5080.0000,5087.8000,5088.0000,5093.6000,5097.0000,5097.4000,1,1,1,1,4,1,2,1,1,1
SF,IC2012,2020-05-13 09:30:59.800,5085.2000,11787,0,81425800.000,0,-,-,-,-,5085.2000,5083.2000,5082.2000,5082.0000,5080.0000,5088.0000,5093.6000,5097.0000,5097.4000,5099.2000,1,1,1,1,4,2,1,1,1,15
SF,IC2012,2020-05-13 09:31:00.300,5085.2000,11787,0,81425800.000,0,-,-,-,-,5085.2000,5083.2000,5082.2000,5082.0000,5080.0000,5087.8000,5088.0000,5093.6000,5097.0000,5097.4000,1,1,1,1,4,1,2,1,1,1
SF,IC2012,2020-05-13 09:31:00.800,5085.2000,11787,0,81425800.000,0,-,-,-,-,5086.0000,5085.2000,5083.2000,5082.2000,5082.0000,5087.6000,5087.8000,5088.0000,5093.6000,5097.0000,1,1,1,1,1,2,1,2,1,1
SF,IC2012,2020-05-13 09:31:01.300,5086.0000,11786,-1,83460160.000,2,0,2,多平,S,5085.2000,5083.2000,5082.2000,5082.0000,5080.0000,5087.6000,5088.0000,5093.6000,5097.0000,5097.4000,1,1,1,1,4,2,2,1,1,1
SF,IC2012,2020-05-13 09:31:01.800,5085.2000,11785,-1,84477200.000,1,0,1,双平,S,5083.2000,5082.2000,5082.0000,5080.0000,5079.6000,5087.2000,5087.6000,5088.0000,5093.6000,5097.0000,1,1,1,4,1,1,2,2,1,1
SF,IC2012,2020-05-13 09:31:02.300,5085.2000,11785,0,84477200.000,0,-,-,-,-,5083.4000,5083.2000,5082.2000,5082.0000,5080.0000,5087.0000,5087.2000,5088.0000,5093.6000,5097.0000,2,1,1,1,4,1,1,2,1,1
SF,IC2012,2020-05-13 09:31:02.800,5085.2000,11785,0,84477200.000,0,-,-,-,-,5083.4000,5083.2000,5082.2000,5082.0000,5080.0000,5086.8000,5087.0000,5087.2000,5088.0000,5093.6000,2,1,1,1,4,1,2,1,1,1
SF,IC2012,2020-05-13 09:31:03.300,5085.2000,11785,0,84477200.000,0,-,-,-,-,5083.4000,5083.2000,5082.2000,5082.0000,5080.0000,5086.6000,5086.8000,5087.0000,5088.0000,5093.6000,1,1,1,1,4,2,1,1,1,1
SF,IC2012,2020-05-13 09:31:03.800,5085.2000,11785,0,84477200.000,0,-,-,-,-,5083.6000,5083.4000,5083.2000,5082.2000,5082.0000,5086.4000,5086.6000,5087.0000,5088.0000,5093.6000,1,1,1,1,1,1,2,1,1,1
SF,IC2012,2020-05-13 09:31:04.300,5085.2000,11785,0,84477200.000,0,-,-,-,-,5083.8000,5083.6000,5083.2000,5082.2000,5082.0000,5086.2000,5086.4000,5086.6000,5087.0000,5088.0000,1,1,1,1,1,1,1,1,1,1
SF,IC2012,2020-05-13 09:31:05.300,5086.2000,11784,-1,85494440.000,1,0,1,双平,S,5084.0000,5083.8000,5083.6000,5083.2000,5082.2000,5086.4000,5086.6000,5087.0000,5088.0000,5093.6000,1,1,1,1,1,1,1,1,1,1
SF,IC2012,2020-05-13 09:31:05.800,5086.6000,11783,-1,86511760.000,1,0,1,双平,S,5084.2000,5084.0000,5083.6000,5083.2000,5082.2000,5087.0000,5088.0000,5093.6000,5097.0000,5097.4000,1,1,1,1,1,1,1,1,1,1
SF,IC2012,2020-05-13 09:31:06.300,5087.0000,11783,0,87529160.000,1,0,1,多换,S,5084.4000,5084.0000,5083.8000,5083.6000,5083.2000,5086.0000,5088.0000,5093.6000,5097.0000,5097.4000,1,1,1,1,1,1,1,1,1,1
SF,IC2012,2020-05-13 09:31:06.800,5086.0000,11782,-1,88546360.000,1,0,1,双平,S,5086.0000,5084.4000,5084.0000,5083.8000,5083.6000,5088.0000,5093.6000,5097.0000,5097.4000,5099.2000,2,1,1,1,1,1,1,1,1,15
SF,IC2012,2020-05-13 09:31:07.300,5086.0000,11782,0,88546360.000,0,-,-,-,-,5086.2000,5086.0000,5084.4000,5084.0000,5083.8000,5088.0000,5093.6000,5097.0000,5097.4000,5099.2000,1,1,1,1,1,1,1,1,1,15
SF,IC2012,2020-05-13 09:31:07.800,5088.0000,11781,-1,89563960.000,1,0,1,双平,S,5086.2000,5084.4000,5084.0000,5083.8000,5083.6000,5093.6000,5097.0000,5097.4000,5099.2000,5101.6000,2,1,1,1,1,1,1,1,15,15
SF,IC2012,2020-05-13 09:31:08.300,5088.0000,11781,0,89563960.000,0,-,-,-,-,5086.4000,5086.2000,5084.4000,5084.0000,5083.8000,5093.4000,5093.6000,5097.0000,5097.4000,5099.2000,2,2,1,1,1,1,1,1,1,15
SF,IC2012,2020-05-13 09:31:08.800,5086.6000,11781,0,90581280.000,1,0,1,多换,S,5086.4000,5086.2000,5084.4000,5083.8000,5083.2000,5093.4000,5093.6000,5097.0000,5097.4000,5099.2000,2,1,1,1,1,1,1,1,1,15
SF,IC2012,2020-05-13 09:31:09.300,5086.6000,11780,-1,91598600.000,1,0,1,双平,S,5086.6000,5086.4000,5086.2000,5083.8000,5083.2000,5093.2000,5093.4000,5093.6000,5097.0000,5097.4000,1,2,1,1,1,1,1,1,1,1
SF,IC2012,2020-05-13 09:31:09.800,5086.6000,11780,0,91598600.000,0,-,-,-,-,5086.8000,5086.6000,5086.4000,5086.2000,5083.8000,5093.0000,5093.2000,5093.6000,5097.0000,5097.4000,1,1,1,1,1,1,1,1,1,1
SF,IC2012,2020-05-13 09:31:10.300,5086.6000,11780,0,91598600.000,0,-,-,-,-,5087.0000,5086.8000,5086.4000,5086.2000,5083.8000,5093.0000,5093.2000,5097.0000,5097.4000,5099.2000,2,2,1,1,1,1,1,1,1,15
SF,IC2012,2020-05-13 09:31:10.800,5086.6000,11780,0,91598600.000,0,-,-,-,-,5087.2000,5087.0000,5086.8000,5086.2000,5083.8000,5091.6000,5093.0000,5093.2000,5097.0000,5097.4000,2,2,1,1,1,1,1,1,1,1
SF,IC2012,2020-05-13 09:31:11.300,5086.6000,11780,0,91598600.000,0,-,-,-,-,5087.4000,5087.2000,5087.0000,5086.8000,5086.2000,5091.6000,5093.2000,5097.0000,5097.4000,5099.2000,1,2,1,1,1,1,1,1,1,15
SF,IC2012,2020-05-13 09:31:11.800,5086.6000,11780,0,91598600.000,0,-,-,-,-,5087.6000,5087.4000,5087.0000,5086.8000,5086.2000,5091.4000,5091.6000,5093.2000,5097.0000,5097.4000,2,1,1,1,1,1,1,1,1,1
SF,IC2012,2020-05-13 09:31:12.300,5086.6000,11780,0,91598600.000,0,-,-,-,-,5087.6000,5087.4000,5087.0000,5086.2000,5083.8000,5091.4000,5091.6000,5093.2000,5097.0000,5097.4000,1,1,1,1,1,1,1,1,1,1
SF,IC2012,2020-05-13 09:31:13.800,5086.6000,11780,0,91598600.000,0,-,-,-,-,5087.6000,5087.4000,5087.0000,5086.2000,5083.8000,5090.2000,5091.4000,5091.6000,5093.2000,5097.0000,1,1,1,1,1,1,1,1,1,1
SF,IC2012,2020-05-13 09:31:14.300,5086.6000,11780,0,91598600.000,0,-,-,-,-,5087.8000,5087.6000,5087.4000,5087.0000,5086.2000,5090.2000,5091.4000,5091.6000,5093.2000,5097.0000,2,1,1,1,1,1,1,1,1,1
SF,IC2012,2020-05-13 09:31:14.800,5090.2000,11779,-1,92616640.000,1,0,1,双平,S,5087.8000,5087.6000,5087.4000,5087.0000,5086.2000,5091.4000,5093.2000,5097.0000,5097.4000,5099.2000,2,1,1,1,1,1,1,1,1,15
SF,IC2012,2020-05-13 09:31:15.300,5090.2000,11779,0,92616640.000,0,-,-,-,-,5088.0000,5087.8000,5087.4000,5087.0000,5086.2000,5091.4000,5093.2000,5097.0000,5097.4000,5099.2000,1,2,1,1,1,1,1,1,1,15
SF,IC2012,2020-05-13 09:31:15.800,5090.2000,11779,0,92616640.000,0,-,-,-,-,5088.2000,5088.0000,5087.8000,5087.4000,5087.0000,5091.4000,5093.2000,5097.0000,5097.4000,5099.2000,1,1,1,1,1,1,1,1,1,15
SF,IC2012,2020-05-13 09:31:16.300,5090.2000,11779,0,92616640.000,0,-,-,-,-,5088.4000,5087.4000,5087.0000,5086.2000,5083.8000,5091.4000,5093.2000,5097.0000,5097.4000,5099.2000,1,1,1,1,1,1,1,1,1,15
SF,IC2012,2020-05-13 09:31:16.800,5090.2000,11779,0,92616640.000,0,-,-,-,-,5088.4000,5087.0000,5086.2000,5083.8000,5083.2000,5091.4000,5093.2000,5097.0000,5097.4000,5099.2000,1,1,1,1,1,1,1,1,1,15
SF,IC2012,2020-05-13 09:31:18.800,5090.2000,11779,0,92616640.000,0,-,-,-,-,5088.4000,5087.0000,5086.2000,5083.8000,5083.2000,5091.4000,5093.2000,5097.0000,5097.4000,5099.2000,1,1,1,1,1,1,1,1,1,15
SF,IC2012,2020-05-13 09:31:19.300,5090.2000,11779,0,92616640.000,0,-,-,-,-,5088.6000,5088.4000,5087.0000,5086.2000,5083.8000,5091.4000,5093.2000,5097.0000,5097.4000,5099.2000,1,1,1,1,1,1,1,1,1,15
SF,IC2012,2020-05-13 09:31:19.800,5090.2000,11779,0,92616640.000,0,-,-,-,-,5088.8000,5088.6000,5087.0000,5086.2000,5083.8000,5091.4000,5093.2000,5097.0000,5097.4000,5099.2000,1,1,1,1,1,1,1,1,1,15
SF,IC2012,2020-05-13 09:31:20.300,5090.2000,11779,0,92616640.000,0,-,-,-,-,5088.8000,5087.0000,5086.2000,5083.8000,5083.2000,5091.4000,5093.2000,5097.0000,5097.4000,5099.2000,1,1,1,1,1,1,1,1,1,15
SF,IC2012,2020-05-13 09:31:20.800,5090.2000,11779,0,92616640.000,0,-,-,-,-,5089.0000,5088.8000,5087.0000,5086.2000,5083.8000,5091.4000,5093.2000,5097.0000,5097.4000,5099.2000,1,1,1,1,1,1,1,1,1,15
SF,IC2012,2020-05-13 09:31:21.300,5090.2000,11779,0,92616640.000,0,-,-,-,-,5089.2000,5089.0000,5088.8000,5087.0000,5086.2000,5091.4000,5093.2000,5097.0000,5097.4000,5099.2000,1,1,1,1,1,1,1,1,1,15
SF,IC2012,2020-05-13 09:31:21.800,5090.2000,11779,0,92616640.000,0,-,-,-,-,5089.0000,5088.8000,5087.0000,5086.2000,5083.8000,5091.4000,5093.2000,5097.0000,5097.4000,5099.2000,1,1,1,1,1,1,1,1,1,15
SF,IC2012,2020-05-13 09:31:25.800,5090.2000,11779,0,92616640.000,0,-,-,-,-,5089.0000,5088.8000,5087.0000,5086.2000,5083.8000,5091.4000,5093.2000,5097.0000,5097.4000,5099.2000,1,1,1,1,1,1,1,1,1,15
SF,IC2012,2020-05-13 09:31:28.300,5091.4000,11778,-1,93634920.000,1,0,1,双平,S,5091.4000,5089.0000,5088.8000,5087.0000,5086.2000,5093.2000,5097.0000,5097.4000,5099.2000,5101.6000,1,1,1,1,1,1,1,1,15,15
SF,IC2012,2020-05-13 09:31:28.800,5091.4000,11777,-1,94653200.000,1,0,1,双平,S,5088.8000,5087.0000,5086.2000,5083.8000,5083.2000,5091.2000,5097.0000,5097.4000,5099.2000,5101.6000,1,1,1,1,1,4,1,1,15,15
SF,IC2012,2020-05-13 09:31:29.300,5091.4000,11777,0,94653200.000,0,-,-,-,-,5089.0000,5088.8000,5087.0000,5086.2000,5083.8000,5090.0000,5091.2000,5097.0000,5097.4000,5099.2000,2,1,1,1,1,2,4,1,1,15
SF,IC2012,2020-05-13 09:31:29.800,5090.0000,11777,0,96689200.000,2,1,1,多换,S,5089.0000,5087.0000,5086.2000,5083.8000,5083.2000,5097.0000,5097.4000,5099.2000,5101.6000,5105.2000,2,1,1,1,1,1,1,15,15,15
SF,IC2012,2020-05-13 09:31:30.300,5090.0000,11777,0,96689200.000,0,-,-,-,-,5089.2000,5087.0000,5086.2000,5083.8000,5083.2000,5093.0000,5096.8000,5097.0000,5097.4000,5099.2000,2,1,1,1,1,1,1,1,1,15
SF,IC2012,2020-05-13 09:31:30.800,5090.0000,11777,0,96689200.000,0,-,-,-,-,5089.4000,5089.2000,5087.0000,5086.2000,5083.8000,5093.0000,5097.0000,5097.4000,5099.2000,5101.6000,1,1,1,1,1,1,1,1,15,15
SF,IC2012,2020-05-13 09:31:31.300,5090.0000,11777,0,96689200.000,0,-,-,-,-,5089.6000,5089.4000,5087.0000,5086.2000,5083.8000,5092.8000,5093.0000,5097.0000,5097.4000,5099.2000,1,1,1,1,1,1,1,1,1,15
SF,IC2012,2020-05-13 09:31:31.800,5090.0000,11777,0,96689200.000,0,-,-,-,-,5089.8000,5089.6000,5087.0000,5086.2000,5083.8000,5092.8000,5093.0000,5097.0000,5097.4000,5099.2000,1,2,1,1,1,1,1,1,1,15
SF,IC2012,2020-05-13 09:31:32.300,5090.0000,11777,0,96689200.000,0,-,-,-,-,5090.0000,5089.8000,5089.6000,5087.0000,5086.2000,5092.8000,5093.0000,5097.0000,5097.4000,5099.2000,1,1,1,1,1,1,1,1,1,15
SF,IC2012,2020-05-13 09:31:32.800,5090.0000,11777,0,96689200.000,0,-,-,-,-,5090.2000,5090.0000,5089.6000,5086.2000,5083.8000,5092.8000,5093.0000,5097.0000,5097.4000,5099.2000,1,1,1,1,1,1,1,1,1,15
SF,IC2012,2020-05-13 09:31:33.300,5090.0000,11777,0,96689200.000,0,-,-,-,-,5090.4000,5090.2000,5089.6000,5086.2000,5083.8000,5092.8000,5093.0000,5097.0000,5097.4000,5099.2000,1,1,1,1,1,1,1,1,1,15
SF,IC2012,2020-05-13 09:31:33.800,5090.0000,11777,0,96689200.000,0,-,-,-,-,5090.4000,5089.6000,5086.2000,5083.8000,5083.2000,5092.8000,5093.0000,5097.0000,5097.4000,5099.2000,1,1,1,1,1,1,1,1,1,15
SF,IC2012,2020-05-13 09:31:35.300,5090.0000,11777,0,96689200.000,0,-,-,-,-,5090.4000,5089.6000,5088.0000,5086.2000,5083.8000,5092.8000,5093.0000,5097.0000,5097.4000,5099.2000,1,1,1,1,1,1,1,1,1,15
SF,IC2012,2020-05-13 09:31:35.800,5090.2000,11776,-1,97707240.000,1,0,1,双平,S,5090.6000,5090.4000,5089.6000,5088.0000,5086.2000,5092.8000,5097.0000,5097.4000,5099.2000,5101.6000,1,1,1,1,1,1,1,1,15,15
SF,IC2012,2020-05-13 09:31:36.300,5090.2000,11776,0,97707240.000,0,-,-,-,-,5090.6000,5090.4000,5089.6000,5088.0000,5086.2000,5091.6000,5092.8000,5097.0000,5097.4000,5099.2000,1,1,1,1,1,1,1,1,1,15
SF,IC2012,2020-05-13 09:31:36.800,5091.6000,11776,0,98725560.000,1,0,1,多换,S,5091.6000,5090.6000,5089.6000,5088.0000,5086.2000,5092.8000,5097.0000,5097.4000,5099.2000,5101.6000,2,1,1,1,1,2,1,1,15,15
SF,IC2012,2020-05-13 09:31:37.300,5092.8000,11775,-1,103817400.000,5,2,3,多平,S,5090.6000,5088.0000,5086.2000,5086.0000,5083.8000,5097.0000,5097.4000,5099.2000,5101.6000,5105.2000,1,1,1,1,1,1,1,15,15,15
SF,IC2012,2020-05-13 09:31:37.800,5092.8000,11775,0,103817400.000,0,-,-,-,-,5090.8000,5088.0000,5086.2000,5086.0000,5083.8000,5096.8000,5097.0000,5097.4000,5099.2000,5101.6000,1,1,1,1,1,1,1,1,15,15
SF,IC2012,2020-05-13 09:31:38.300,5092.8000,11775,0,103817400.000,0,-,-,-,-,5090.8000,5088.0000,5086.2000,5086.0000,5083.8000,5096.8000,5097.0000,5097.4000,5099.2000,5101.6000,1,1,1,1,1,2,1,1,15,15
SF,IC2012,2020-05-13 09:31:38.800,5092.8000,11775,0,103817400.000,0,-,-,-,-,5091.0000,5090.8000,5088.0000,5086.2000,5086.0000,5096.6000,5096.8000,5097.0000,5097.4000,5099.2000,2,1,1,1,1,1,2,1,1,15
SF,IC2012,2020-05-13 09:31:39.300,5092.8000,11775,0,103817400.000,0,-,-,-,-,5091.8000,5091.2000,5091.0000,5088.0000,5086.2000,5095.2000,5096.4000,5096.6000,5096.8000,5097.0000,1,1,2,1,1,1,1,1,1,1
SF,IC2012,2020-05-13 09:31:39.800,5092.8000,11775,0,103817400.000,0,-,-,-,-,5092.0000,5091.8000,5091.0000,5088.0000,5086.2000,5095.2000,5096.6000,5097.0000,5097.4000,5099.2000,3,1,1,1,1,1,1,1,1,15
SF,IC2012,2020-05-13 09:31:40.300,5092.8000,11775,0,103817400.000,0,-,-,-,-,5092.0000,5091.8000,5091.0000,5088.0000,5086.2000,5095.0000,5095.2000,5096.6000,5097.0000,5097.4000,3,1,1,1,1,1,1,1,1,1
SF,IC2012,2020-05-13 09:31:40.800,5092.8000,11775,0,103817400.000,0,-,-,-,-,5092.0000,5091.8000,5091.0000,5088.0000,5086.2000,5095.0000,5095.2000,5096.6000,5097.0000,5097.4000,2,1,1,1,1,1,1,1,1,1
SF,IC2012,2020-05-13 09:31:41.300,5092.8000,11775,0,103817400.000,0,-,-,-,-,5092.0000,5091.8000,5091.0000,5088.0000,5086.2000,5094.8000,5095.0000,5095.2000,5096.6000,5097.0000,1,1,1,1,1,1,1,1,1,1
SF,IC2012,2020-05-13 09:31:41.800,5092.8000,11775,0,103817400.000,0,-,-,-,-,5092.0000,5091.8000,5088.0000,5086.2000,5086.0000,5094.6000,5094.8000,5095.2000,5096.6000,5097.0000,1,1,1,1,1,1,1,1,1,1
SF,IC2012,2020-05-13 09:31:42.800,5092.8000,11775,0,103817400.000,0,-,-,-,-,5092.0000,5091.8000,5088.0000,5086.2000,5086.0000,5094.6000,5095.2000,5096.6000,5097.0000,5097.4000,1,1,1,1,1,1,1,1,1,1
SF,IC2012,2020-05-13 09:31:43.800,5092.8000,11775,0,103817400.000,0,-,-,-,-,5092.0000,5091.8000,5088.0000,5086.2000,5086.0000,5094.6000,5095.2000,5096.6000,5097.0000,5099.2000,1,1,1,1,1,1,1,1,1,15
SF,IC2012,2020-05-13 09:31:44.300,5092.8000,11775,0,103817400.000,0,-,-,-,-,5092.0000,5091.8000,5088.0000,5086.2000,5086.0000,5094.4000,5094.6000,5095.0000,5095.2000,5096.6000,1,1,1,1,1,1,1,1,1,1
SF,IC2012,2020-05-13 09:31:44.800,5092.8000,11775,0,103817400.000,0,-,-,-,-,5092.0000,5091.8000,5088.0000,5086.2000,5086.0000,5094.2000,5094.4000,5095.0000,5095.2000,5096.6000,1,1,1,1,1,1,1,1,1,1
SF,IC2012,2020-05-13 09:31:45.800,5092.8000,11775,0,103817400.000,0,-,-,-,-,5092.0000,5091.8000,5088.0000,5086.2000,5086.0000,5094.0000,5094.2000,5094.4000,5095.0000,5096.6000,1,1,1,1,1,1,1,1,1,1
SF,IC2012,2020-05-13 09:31:46.300,5091.8000,11773,-2,105854160.000,2,0,2,双平,S,5088.0000,5086.2000,5086.0000,5083.8000,5083.2000,5092.0000,5093.8000,5094.0000,5094.4000,5095.0000,1,1,1,1,1,1,1,1,1,1
SF,IC2012,2020-05-13 09:31:46.800,5092.0000,11773,0,106872560.000,1,0,1,多换,S,5092.0000,5088.2000,5088.0000,5086.2000,5086.0000,5093.8000,5094.0000,5094.4000,5095.0000,5096.6000,1,1,1,1,1,1,1,1,1,1
SF,IC2012,2020-05-13 09:31:47.300,5092.0000,11772,-1,107890960.000,1,0,1,双平,S,5088.2000,5088.0000,5086.2000,5086.0000,5083.8000,5092.0000,5093.6000,5094.0000,5095.0000,5097.0000,1,1,1,1,1,1,1,1,1,1
SF,IC2012,2020-05-13 09:31:47.800,5092.0000,11772,0,107890960.000,0,-,-,-,-,5088.2000,5088.0000,5086.2000,5086.0000,5083.8000,5092.0000,5093.6000,5095.0000,5097.0000,5099.2000,1,1,1,1,1,1,1,1,1,15
SF,IC2012,2020-05-13 09:31:48.300,5092.0000,11772,0,108909360.000,1,0,1,多换,S,5088.4000,5088.2000,5088.0000,5086.2000,5086.0000,5092.0000,5095.0000,5097.0000,5099.2000,5101.6000,1,1,1,1,1,1,1,1,15,15
SF,IC2012,2020-05-13 09:31:48.800,5092.0000,11772,0,109927760.000,1,0,1,多换,S,5088.6000,5088.4000,5088.0000,5086.2000,5086.0000,5095.0000,5097.0000,5099.2000,5101.6000,5105.2000,1,1,1,1,1,1,1,15,15,15
SF,IC2012,2020-05-13 09:31:49.300,5092.0000,11772,0,109927760.000,0,-,-,-,-,5088.8000,5088.6000,5088.4000,5088.0000,5086.2000,5094.6000,5094.8000,5095.0000,5097.0000,5099.2000,2,1,1,1,1,1,1,1,1,15
SF,IC2012,2020-05-13 09:31:49.800,5092.0000,11772,0,109927760.000,0,-,-,-,-,5089.0000,5088.8000,5088.0000,5086.2000,5086.0000,5094.6000,5095.0000,5097.0000,5099.2000,5101.6000,1,3,1,1,1,1,1,1,15,15
SF,IC2012,2020-05-13 09:31:50.300,5092.0000,11772,0,109927760.000,0,-,-,-,-,5089.4000,5089.2000,5089.0000,5088.8000,5088.0000,5092.6000,5094.4000,5094.6000,5095.0000,5097.0000,1,1,1,1,1,1,1,1,1,1
SF,IC2012,2020-05-13 09:31:50.800,5092.0000,11772,0,109927760.000,0,-,-,-,-,5089.6000,5089.4000,5088.8000,5088.0000,5086.2000,5092.6000,5094.6000,5095.0000,5097.0000,5099.2000,2,1,1,1,1,1,1,1,1,15
SF,IC2012,2020-05-13 09:31:51.300,5092.0000,11772,0,109927760.000,0,-,-,-,-,5089.6000,5088.8000,5088.0000,5086.2000,5086.0000,5092.4000,5092.6000,5094.6000,5095.0000,5097.0000,2,1,1,1,1,1,1,1,1,1
SF,IC2012,2020-05-13 09:31:51.800,5092.0000,11772,0,109927760.000,0,-,-,-,-,5089.6000,5088.8000,5088.0000,5086.2000,5086.0000,5092.6000,5094.6000,5095.0000,5097.0000,5099.2000,1,1,1,1,1,1,1,1,1,15
SF,IC2012,2020-05-13 09:31:52.300,5092.0000,11772,0,109927760.000,0,-,-,-,-,5089.6000,5088.8000,5088.0000,5086.2000,5086.0000,5092.4000,5092.6000,5094.6000,5095.0000,5097.0000,1,1,1,1,1,1,1,1,1,1
SF,IC2012,2020-05-13 09:31:52.800,5092.0000,11772,0,109927760.000,0,-,-,-,-,5089.6000,5088.8000,5088.0000,5086.2000,5086.0000,5092.4000,5092.6000,5094.6000,5095.0000,5097.0000,1,1,1,1,1,2,1,1,1,1
SF,IC2012,2020-05-13 09:31:53.800,5092.0000,11772,0,109927760.000,0,-,-,-,-,5089.8000,5089.6000,5088.8000,5088.0000,5086.2000,5092.4000,5092.6000,5094.6000,5095.0000,5097.0000,1,1,1,1,1,2,1,1,1,1
SF,IC2012,2020-05-13 09:31:54.300,5092.0000,11772,0,109927760.000,0,-,-,-,-,5090.0000,5089.8000,5088.8000,5088.0000,5086.2000,5092.4000,5092.6000,5094.6000,5095.0000,5097.0000,1,1,1,1,1,1,1,1,1,1
SF,IC2012,2020-05-13 09:31:54.800,5092.0000,11772,0,109927760.000,0,-,-,-,-,5089.8000,5088.8000,5088.0000,5086.2000,5086.0000,5092.4000,5092.6000,5094.6000,5095.0000,5097.0000,1,1,1,1,1,1,1,1,1,1
SF,IC2012,2020-05-13 09:31:55.300,5092.0000,11772,0,109927760.000,0,-,-,-,-,5090.2000,5090.0000,5088.8000,5088.0000,5086.2000,5092.4000,5092.6000,5094.6000,5095.0000,5097.0000,1,1,1,1,1,1,1,1,1,1
SF,IC2012,2020-05-13 09:31:55.800,5092.0000,11772,0,109927760.000,0,-,-,-,-,5090.4000,5090.2000,5088.8000,5088.0000,5086.2000,5092.4000,5092.6000,5094.6000,5095.0000,5097.0000,1,1,1,1,1,1,1,1,1,1
SF,IC2012,2020-05-13 09:31:56.300,5092.0000,11772,0,109927760.000,0,-,-,-,-,5090.2000,5088.8000,5088.0000,5086.2000,5086.0000,5092.4000,5092.6000,5094.6000,5095.0000,5097.0000,1,1,1,1,1,1,1,1,1,1
SF,IC2012,2020-05-13 09:31:57.800,5092.4000,11771,-1,110946240.000,1,0,1,双平,S,5092.4000,5090.2000,5088.8000,5088.0000,5086.2000,5092.6000,5094.6000,5095.0000,5097.0000,5099.2000,1,1,1,1,1,1,1,1,1,15
SF,IC2012,2020-05-13 09:31:58.300,5092.4000,11770,-1,111964720.000,1,0,1,双平,S,5090.2000,5088.8000,5088.0000,5086.2000,5086.0000,5092.4000,5092.6000,5094.6000,5095.0000,5097.0000,1,1,1,1,1,2,1,1,1,1
SF,IC2012,2020-05-13 09:31:58.800,5090.4000,11770,0,112982800.000,1,0,1,多换,S,5090.2000,5088.8000,5088.0000,5086.2000,5086.0000,5092.4000,5092.6000,5094.6000,5095.0000,5097.0000,1,1,1,1,1,2,1,1,1,1
SF,IC2012,2020-05-13 09:31:59.300,5090.4000,11770,0,112982800.000,0,-,-,-,-,5090.2000,5088.8000,5088.0000,5086.2000,5086.0000,5092.2000,5092.4000,5092.6000,5094.6000,5095.0000,1,1,1,1,1,2,2,1,1,1
SF,IC2012,2020-05-13 09:32:00.300,5090.2000,11769,-1,114000840.000,1,0,1,双平,S,5088.8000,5088.0000,5086.2000,5086.0000,5083.8000,5092.2000,5092.4000,5092.6000,5094.6000,5095.0000,1,1,1,1,1,2,2,1,1,1
SF,IC2012,2020-05-13 09:32:00.800,5090.2000,11769,0,114000840.000,0,-,-,-,-,5089.0000,5088.8000,5088.0000,5086.2000,5086.0000,5092.2000,5092.4000,5092.6000,5094.6000,5095.0000,1,1,1,1,1,1,2,1,1,1
SF,IC2012,2020-05-13 09:32:01.300,5090.2000,11769,0,114000840.000,0,-,-,-,-,5089.4000,5089.2000,5089.0000,5088.8000,5086.2000,5092.2000,5092.4000,5092.6000,5094.6000,5095.0000,1,1,1,1,1,1,2,1,1,1
SF,IC2012,2020-05-13 09:32:01.800,5092.2000,11768,-1,115019280.000,1,0,1,双平,S,5089.8000,5089.6000,5089.2000,5088.8000,5086.2000,5092.6000,5094.6000,5095.0000,5097.0000,5099.2000,1,1,1,1,1,1,1,1,1,15
SF,IC2012,2020-05-13 09:32:02.300,5092.2000,11768,0,115019280.000,0,-,-,-,-,5090.2000,5090.0000,5089.6000,5089.2000,5088.8000,5092.6000,5094.6000,5095.0000,5097.0000,5099.2000,1,1,1,1,1,2,1,1,1,15
SF,IC2012,2020-05-13 09:32:02.800,5092.6000,11767,-1,117056320.000,2,0,2,多平,S,5090.6000,5090.4000,5089.6000,5089.2000,5088.8000,5094.6000,5095.0000,5097.0000,5099.2000,5101.6000,1,1,1,1,1,1,1,1,15,15
SF,IC2012,2020-05-13 09:32:03.300,5092.6000,11767,0,117056320.000,0,-,-,-,-,5090.8000,5090.6000,5090.4000,5089.6000,5089.2000,5094.6000,5095.0000,5097.0000,5099.2000,5101.6000,1,1,1,1,1,1,1,1,15,15
SF,IC2012,2020-05-13 09:32:03.800,5092.6000,11767,0,117056320.000,0,-,-,-,-,5090.8000,5090.4000,5089.6000,5089.2000,5088.8000,5094.4000,5094.6000,5095.0000,5097.0000,5099.2000,1,1,1,1,1,1,1,1,1,15
SF,IC2012,2020-05-13 09:32:05.300,5092.6000,11767,0,117056320.000,0,-,-,-,-,5090.8000,5090.4000,5089.6000,5089.2000,5088.8000,5094.4000,5094.6000,5095.0000,5097.0000,5099.2000,1,1,1,1,1,1,1,1,1,15
SF,IC2012,2020-05-13 09:32:06.300,5092.6000,11767,0,117056320.000,0,-,-,-,-,5090.8000,5090.4000,5089.6000,5089.2000,5088.8000,5094.4000,5094.6000,5095.0000,5097.0000,5099.2000,1,1,1,1,1,1,1,1,1,15
SF,IC2012,2020-05-13 09:32:06.800,5092.6000,11767,0,117056320.000,0,-,-,-,-,5091.0000,5090.8000,5090.4000,5089.6000,5089.2000,5094.4000,5094.6000,5095.0000,5097.0000,5099.2000,1,1,1,1,1,1,1,1,1,15
SF,IC2012,2020-05-13 09:32:07.300,5094.4000,11766,-1,118075200.000,1,0,1,双平,S,5094.4000,5091.4000,5091.2000,5091.0000,5090.4000,5094.6000,5095.0000,5097.0000,5099.2000,5101.6000,3,1,1,1,1,1,1,1,15,15
SF,IC2012,2020-05-13 09:32:07.800,5094.4000,11763,-3,121131840.000,3,0,3,双平,S,5091.2000,5090.4000,5086.2000,5086.0000,5083.8000,5094.6000,5095.0000,5097.0000,5099.2000,5101.6000,1,1,1,1,1,1,1,1,15,15
SF,IC2012,2020-05-13 09:32:08.300,5094.4000,11763,0,121131840.000,0,-,-,-,-,5091.2000,5086.2000,5086.0000,5083.8000,5083.2000,5094.4000,5094.6000,5095.0000,5097.0000,5099.2000,1,1,1,1,1,2,1,1,1,15
SF,IC2012,2020-05-13 09:32:08.800,5094.4000,11763,0,121131840.000,0,-,-,-,-,5091.4000,5086.2000,5086.0000,5083.8000,5083.2000,5094.0000,5094.4000,5094.6000,5095.0000,5097.0000,1,1,1,1,1,1,2,1,1,1
SF,IC2012,2020-05-13 09:32:09.300,5094.4000,11763,0,121131840.000,0,-,-,-,-,5091.4000,5086.2000,5086.0000,5083.8000,5083.2000,5093.8000,5094.0000,5094.2000,5094.6000,5095.0000,1,1,1,1,1,2,1,1,1,1
SF,IC2012,2020-05-13 09:32:09.800,5094.4000,11763,0,121131840.000,0,-,-,-,-,5086.2000,5086.0000,5083.8000,5083.2000,5082.2000,5093.4000,5093.6000,5093.8000,5094.2000,5094.6000,1,1,1,1,1,1,1,2,1,1
SF,IC2012,2020-05-13 09:32:10.300,5094.4000,11763,0,121131840.000,0,-,-,-,-,5086.4000,5086.2000,5086.0000,5083.8000,5083.2000,5093.2000,5093.6000,5094.2000,5094.6000,5095.0000,1,1,1,1,1,2,1,1,1,1
SF,IC2012,2020-05-13 09:32:10.800,5094.4000,11763,0,121131840.000,0,-,-,-,-,5086.4000,5086.2000,5086.0000,5083.8000,5083.2000,5093.0000,5093.2000,5094.2000,5094.6000,5095.0000,2,1,1,1,1,1,2,1,1,1
SF,IC2012,2020-05-13 09:32:11.300,5094.4000,11763,0,121131840.000,0,-,-,-,-,5088.2000,5086.4000,5086.2000,5086.0000,5083.8000,5092.8000,5093.0000,5094.2000,5094.6000,5095.0000,1,2,1,1,1,2,1,1,1,1
SF,IC2012,2020-05-13 09:32:11.800,5094.4000,11763,0,121131840.000,0,-,-,-,-,5088.4000,5087.6000,5086.4000,5086.2000,5086.0000,5092.8000,5094.2000,5094.6000,5095.0000,5097.0000,2,1,1,1,1,2,1,1,1,1
SF,IC2012,2020-05-13 09:32:12.300,5094.4000,11763,0,121131840.000,0,-,-,-,-,5088.6000,5088.4000,5087.6000,5086.4000,5086.2000,5092.6000,5092.8000,5094.2000,5094.6000,5095.0000,1,2,1,1,1,1,2,1,1,1
SF,IC2012,2020-05-13 09:32:12.800,5094.4000,11763,0,121131840.000,0,-,-,-,-,5088.8000,5088.6000,5088.4000,5087.6000,5086.4000,5090.6000,5092.4000,5092.6000,5092.8000,5094.2000,1,2,1,1,1,1,1,1,1,1
SF,IC2012,2020-05-13 09:32:13.300,5090.6000,11763,0,122149960.000,1,0,1,多换,S,5090.6000,5089.2000,5088.8000,5088.4000,5087.6000,5092.4000,5092.6000,5092.8000,5094.0000,5094.2000,2,1,1,1,1,1,1,1,1,1
SF,IC2012,2020-05-13 09:32:13.800,5092.2000,11762,-1,123168400.000,1,0,1,双平,S,5092.4000,5090.8000,5090.6000,5089.2000,5088.8000,5094.0000,5094.2000,5094.6000,5095.0000,5097.0000,1,1,3,1,1,1,1,1,1,1
SF,IC2012,2020-05-13 09:32:14.300,5090.8000,11760,-2,125205000.000,2,0,2,双平,S,5090.6000,5089.2000,5087.6000,5086.2000,5086.0000,5093.8000,5094.0000,5094.2000,5094.6000,5095.0000,1,1,1,1,1,1,1,1,1,1
SF,IC2012,2020-05-13 09:32:14.800,5090.8000,11760,0,125205000.000,0,-,-,-,-,5089.2000,5086.2000,5086.0000,5083.8000,5083.2000,5093.4000,5093.6000,5094.2000,5094.6000,5095.0000,1,1,1,1,1,1,2,1,1,1
SF,IC2012,2020-05-13 09:32:15.300,5090.8000,11760,0,125205000.000,0,-,-,-,-,5089.4000,5086.2000,5086.0000,5083.8000,5083.2000,5093.2000,5093.4000,5093.6000,5094.2000,5094.6000,1,1,1,1,1,2,1,1,1,1
SF,IC2012,2020-05-13 09:32:15.800,5090.8000,11760,0,125205000.000,0,-,-,-,-,5089.4000,5086.2000,5086.0000,5083.8000,5083.2000,5093.0000,5093.2000,5093.4000,5093.6000,5094.2000,1,1,1,1,1,1,1,1,1,1
SF,IC2012,2020-05-13 09:32:16.300,5090.8000,11760,0,125205000.000,0,-,-,-,-,5089.6000,5089.4000,5086.2000,5086.0000,5083.8000,5092.8000,5094.2000,5094.6000,5095.0000,5097.0000,1,1,1,1,1,1,1,1,1,1
SF,IC2012,2020-05-13 09:32:16.800,5090.8000,11760,0,125205000.000,0,-,-,-,-,5090.0000,5089.8000,5089.6000,5086.2000,5086.0000,5092.8000,5094.2000,5094.6000,5095.0000,5097.0000,1,1,1,1,1,1,1,1,1,1
SF,IC2012,2020-05-13 09:32:17.300,5090.8000,11760,0,125205000.000,0,-,-,-,-,5090.2000,5090.0000,5089.6000,5086.2000,5086.0000,5092.8000,5094.2000,5094.6000,5095.0000,5097.0000,1,1,1,1,1,1,1,1,1,1
SF,IC2012,2020-05-13 09:32:17.800,5090.8000,11760,0,125205000.000,0,-,-,-,-,5090.2000,5086.2000,5086.0000,5083.8000,5083.2000,5092.8000,5094.2000,5094.6000,5095.0000,5097.0000,1,1,1,1,1,1,1,1,1,1
SF,IC2012,2020-05-13 09:32:18.300,5092.8000,11758,-2,127242080.000,2,0,2,双平,S,5092.8000,5090.4000,5090.2000,5086.2000,5086.0000,5094.2000,5094.6000,5095.0000,5097.0000,5099.2000,2,1,1,1,1,1,1,1,1,15
SF,IC2012,2020-05-13 09:32:18.800,5092.8000,11756,-2,129279200.000,2,0,2,双平,S,5090.4000,5086.2000,5086.0000,5083.8000,5083.2000,5094.2000,5094.6000,5095.0000,5097.0000,5099.2000,1,1,1,1,1,1,1,1,1,15
SF,IC2012,2020-05-13 09:32:19.300,5092.8000,11756,0,129279200.000,0,-,-,-,-,5090.6000,5090.4000,5086.2000,5086.0000,5083.8000,5094.2000,5094.6000,5095.0000,5097.0000,5099.2000,1,1,1,1,1,1,1,1,1,15
SF,IC2012,2020-05-13 09:32:19.800,5092.8000,11756,0,129279200.000,0,-,-,-,-,5090.8000,5090.6000,5086.2000,5086.0000,5083.8000,5094.2000,5094.6000,5095.0000,5097.0000,5099.2000,1,1,1,1,1,1,1,1,1,15
SF,IC2012,2020-05-13 09:32:20.300,5092.8000,11756,0,129279200.000,0,-,-,-,-,5091.0000,5090.8000,5086.2000,5086.0000,5083.8000,5094.2000,5094.6000,5095.0000,5097.0000,5099.2000,1,1,1,1,1,1,1,1,1,15
SF,IC2012,2020-05-13 09:32:20.800,5092.8000,11756,0,129279200.000,0,-,-,-,-,5091.2000,5091.0000,5086.2000,5086.0000,5083.8000,5093.8000,5094.2000,5094.6000,5095.0000,5097.0000,1,1,1,1,1,2,1,1,1,1
SF,IC2012,2020-05-13 09:32:21.300,5092.8000,11756,0,129279200.000,0,-,-,-,-,5091.4000,5091.2000,5086.2000,5086.0000,5083.8000,5093.8000,5094.2000,5094.6000,5095.0000,5095.6000,1,1,1,1,1,2,1,1,1,1
SF,IC2012,2020-05-13 09:32:21.800,5092.8000,11756,0,129279200.000,0,-,-,-,-,5091.4000,5091.2000,5086.2000,5086.0000,5083.8000,5093.4000,5093.8000,5094.2000,5094.6000,5095.0000,1,1,1,1,1,1,1,1,1,1
SF,IC2012,2020-05-13 09:32:22.300,5093.4000,11755,-1,130297880.000,1,0,1,双平,S,5093.4000,5091.4000,5091.2000,5086.2000,5086.0000,5093.8000,5094.6000,5095.0000,5095.6000,5097.0000,1,1,1,1,1,1,1,1,1,1
SF,IC2012,2020-05-13 09:32:22.800,5093.4000,11754,-1,131316560.000,1,0,1,双平,S,5091.4000,5091.2000,5086.2000,5086.0000,5083.8000,5093.8000,5094.6000,5095.0000,5095.6000,5097.0000,1,1,1,1,1,1,1,1,1,1
SF,IC2012,2020-05-13 09:32:23.300,5093.4000,11754,0,131316560.000,0,-,-,-,-,5091.4000,5091.2000,5086.2000,5086.0000,5083.8000,5093.8000,5094.6000,5095.0000,5095.6000,5097.0000,1,1,1,1,1,2,1,1,1,1
SF,IC2012,2020-05-13 09:32:23.800,5093.4000,11754,0,131316560.000,0,-,-,-,-,5091.8000,5091.4000,5091.2000,5086.2000,5086.0000,5093.8000,5094.6000,5095.0000,5095.6000,5097.0000,1,1,1,1,1,2,1,1,1,1
SF,IC2012,2020-05-13 09:32:24.300,5093.4000,11754,0,131316560.000,0,-,-,-,-,5092.0000,5091.2000,5086.2000,5086.0000,5083.8000,5093.6000,5093.8000,5094.6000,5095.0000,5095.6000,1,1,1,1,1,1,2,1,1,1
SF,IC2012,2020-05-13 09:32:25.300,5093.4000,11754,0,131316560.000,0,-,-,-,-,5092.0000,5091.2000,5086.2000,5086.0000,5083.8000,5093.2000,5093.6000,5093.8000,5094.6000,5095.0000,1,1,1,1,1,1,1,2,1,1
SF,IC2012,2020-05-13 09:32:25.800,5093.4000,11754,0,131316560.000,0,-,-,-,-,5092.0000,5086.2000,5086.0000,5083.8000,5083.2000,5093.2000,5093.6000,5093.8000,5094.6000,5095.0000,1,1,1,1,1,1,1,2,1,1
SF,IC2012,2020-05-13 09:32:27.300,5093.4000,11754,0,131316560.000,0,-,-,-,-,5092.0000,5086.2000,5086.0000,5083.8000,5083.2000,5093.2000,5093.8000,5094.6000,5095.0000,5095.6000,1,1,1,1,1,1,2,1,1,1
SF,IC2012,2020-05-13 09:32:28.300,5093.4000,11754,0,131316560.000,0,-,-,-,-,5092.0000,5086.2000,5086.0000,5083.8000,5083.2000,5093.2000,5093.8000,5094.6000,5095.0000,5095.6000,1,1,1,1,1,1,2,1,1,1
SF,IC2012,2020-05-13 09:32:28.800,5092.0000,11753,-1,132334960.000,1,0,1,双平,S,5086.2000,5086.0000,5083.8000,5083.2000,5082.2000,5093.2000,5093.8000,5094.6000,5095.0000,5095.6000,1,1,1,1,1,1,2,1,1,1
SF,IC2012,2020-05-13 09:32:29.300,5092.0000,11753,0,132334960.000,0,-,-,-,-,5086.4000,5086.2000,5086.0000,5083.8000,5083.2000,5093.0000,5093.2000,5093.8000,5094.6000,5095.0000,3,1,1,1,1,1,1,2,1,2
SF,IC2012,2020-05-13 09:32:30.300,5092.0000,11753,0,132334960.000,0,-,-,-,-,5087.8000,5086.4000,5086.2000,5086.0000,5083.8000,5093.0000,5093.2000,5093.8000,5094.6000,5095.0000,1,2,1,1,1,1,1,2,1,2
SF,IC2012,2020-05-13 09:32:30.800,5092.0000,11753,0,132334960.000,0,-,-,-,-,5088.2000,5088.0000,5087.8000,5086.2000,5086.0000,5092.8000,5093.0000,5093.2000,5093.8000,5094.6000,1,2,1,1,1,1,1,1,2,1
SF,IC2012,2020-05-13 09:32:31.300,5093.0000,11752,-1,134372120.000,2,0,2,多平,S,5092.8000,5088.4000,5088.2000,5088.0000,5086.2000,5093.2000,5093.8000,5094.6000,5095.0000,5095.6000,2,2,1,1,1,1,2,1,2,1
SF,IC2012,2020-05-13 09:32:31.800,5092.8000,11752,0,136409240.000,2,1,1,多换,S,5089.0000,5088.4000,5088.2000,5088.0000,5086.2000,5093.2000,5093.8000,5094.6000,5095.0000,5095.6000,1,2,1,1,1,1,2,1,2,1
SF,IC2012,2020-05-13 09:32:32.300,5092.8000,11752,0,136409240.000,0,-,-,-,-,5089.2000,5089.0000,5088.2000,5088.0000,5086.2000,5093.2000,5093.8000,5094.6000,5095.0000,5095.6000,3,2,1,1,1,1,2,1,2,1
SF,IC2012,2020-05-13 09:32:32.800,5092.8000,11752,0,136409240.000,0,-,-,-,-,5089.2000,5089.0000,5088.2000,5088.0000,5086.2000,5093.2000,5093.8000,5094.6000,5095.0000,5095.6000,4,1,1,1,1,1,2,1,2,1
SF,IC2012,2020-05-13 09:32:33.300,5092.8000,11752,0,136409240.000,0,-,-,-,-,5089.2000,5089.0000,5088.0000,5086.2000,5086.0000,5093.2000,5093.8000,5094.6000,5095.0000,5095.6000,4,1,1,1,1,1,2,1,2,1
SF,IC2012,2020-05-13 09:32:33.800,5092.8000,11752,0,136409240.000,0,-,-,-,-,5089.2000,5088.0000,5086.2000,5086.0000,5083.8000,5093.2000,5093.8000,5094.6000,5095.0000,5095.6000,4,1,1,1,1,1,2,1,2,1
SF,IC2012,2020-05-13 09:32:34.300,5092.8000,11752,0,136409240.000,0,-,-,-,-,5089.2000,5088.0000,5086.2000,5086.0000,5083.8000,5093.2000,5093.8000,5094.6000,5095.0000,5095.6000,3,1,1,1,1,1,2,1,2,1
SF,IC2012,2020-05-13 09:32:35.800,5092.8000,11752,0,136409240.000,0,-,-,-,-,5089.2000,5086.2000,5086.0000,5083.8000,5083.2000,5093.2000,5093.8000,5094.6000,5095.0000,5095.6000,3,1,1,1,1,1,2,1,2,1
SF,IC2012,2020-05-13 09:32:39.800,5092.8000,11752,0,136409240.000,0,-,-,-,-,5089.2000,5086.2000,5086.0000,5083.8000,5083.2000,5093.0000,5093.2000,5093.8000,5094.6000,5095.0000,3,1,1,1,1,1,1,2,1,2
SF,IC2012,2020-05-13 09:32:40.300,5092.8000,11752,0,136409240.000,0,-,-,-,-,5089.2000,5086.2000,5086.0000,5083.8000,5083.2000,5093.0000,5093.2000,5093.8000,5094.6000,5095.0000,3,1,1,1,1,2,1,2,1,2
SF,IC2012,2020-05-13 09:32:41.800,5089.2000,11750,-2,138444920.000,2,0,2,双平,S,5089.2000,5086.2000,5086.0000,5083.8000,5083.2000,5092.8000,5093.0000,5093.2000,5093.8000,5094.6000,1,1,1,1,1,1,2,1,3,1
SF,IC2012,2020-05-13 09:32:42.300,5089.2000,11750,0,138444920.000,0,-,-,-,-,5089.2000,5086.2000,5086.0000,5083.8000,5083.2000,5092.8000,5093.0000,5093.2000,5093.8000,5094.6000,1,1,1,1,1,2,2,1,3,1
SF,IC2012,2020-05-13 09:32:43.300,5089.2000,11750,0,139462760.000,1,0,1,多换,S,5086.2000,5086.0000,5083.8000,5083.2000,5082.2000,5092.6000,5092.8000,5093.0000,5093.2000,5093.8000,1,1,1,1,1,1,2,1,1,3
SF,IC2012,2020-05-13 09:32:43.800,5089.2000,11750,0,139462760.000,0,-,-,-,-,5086.4000,5086.2000,5086.0000,5083.8000,5083.2000,5089.0000,5092.4000,5092.6000,5092.8000,5093.0000,1,1,1,1,1,2,2,1,1,1
SF,IC2012,2020-05-13 09:32:44.300,5089.2000,11750,0,139462760.000,0,-,-,-,-,5086.8000,5086.4000,5086.2000,5086.0000,5083.8000,5088.8000,5089.0000,5092.4000,5092.6000,5092.8000,1,1,1,1,1,1,2,1,1,1
SF,IC2012,2020-05-13 09:32:44.800,5089.2000,11750,0,139462760.000,0,-,-,-,-,5087.0000,5086.2000,5086.0000,5083.8000,5083.2000,5092.4000,5092.6000,5092.8000,5093.0000,5093.2000,2,1,1,1,1,1,1,1,1,1
SF,IC2012,2020-05-13 09:32:45.300,5089.2000,11750,0,139462760.000,0,-,-,-,-,5087.2000,5086.8000,5086.2000,5086.0000,5083.2000,5092.2000,5092.8000,5093.0000,5093.2000,5093.8000,2,1,1,1,1,1,1,1,1,3
SF,IC2012,2020-05-13 09:32:46.300,5089.2000,11750,0,139462760.000,0,-,-,-,-,5087.2000,5086.8000,5086.2000,5086.0000,5083.2000,5092.0000,5092.2000,5093.0000,5093.2000,5093.8000,2,1,1,1,1,1,1,1,1,3
SF,IC2012,2020-05-13 09:32:46.800,5089.2000,11750,0,139462760.000,0,-,-,-,-,5087.2000,5086.8000,5086.2000,5086.0000,5083.2000,5091.8000,5092.0000,5093.0000,5093.2000,5093.8000,2,1,1,1,1,1,1,1,1,3
SF,IC2012,2020-05-13 09:32:47.300,5089.2000,11750,0,139462760.000,0,-,-,-,-,5087.2000,5086.8000,5086.2000,5086.0000,5083.2000,5091.6000,5091.8000,5092.0000,5093.0000,5093.2000,2,1,1,1,1,1,1,1,1,1
SF,IC2012,2020-05-13 09:32:47.800,5089.2000,11750,0,139462760.000,0,-,-,-,-,5087.2000,5086.8000,5086.2000,5086.0000,5083.2000,5091.4000,5091.6000,5092.0000,5093.0000,5093.2000,2,1,1,1,1,1,1,1,1,1
SF,IC2012,2020-05-13 09:32:48.300,5089.2000,11750,0,139462760.000,0,-,-,-,-,5087.2000,5086.8000,5086.2000,5086.0000,5083.2000,5091.2000,5091.4000,5092.0000,5093.0000,5093.2000,2,1,1,1,1,1,1,1,1,1
SF,IC2012,2020-05-13 09:32:50.800,5089.2000,11750,0,139462760.000,0,-,-,-,-,5087.2000,5086.8000,5086.2000,5086.0000,5083.2000,5091.0000,5091.2000,5091.4000,5092.0000,5093.0000,2,1,1,1,1,1,1,1,1,1
SF,IC2012,2020-05-13 09:32:51.300,5089.2000,11750,0,139462760.000,0,-,-,-,-,5087.2000,5086.8000,5086.2000,5086.0000,5083.2000,5090.8000,5091.0000,5091.4000,5092.0000,5093.0000,1,1,1,1,1,1,1,1,1,1
SF,IC2012,2020-05-13 09:32:51.800,5089.2000,11750,0,139462760.000,0,-,-,-,-,5086.8000,5086.2000,5086.0000,5083.2000,5082.2000,5090.8000,5091.0000,5091.4000,5092.0000,5093.0000,1,1,1,1,1,1,1,1,1,1
SF,IC2012,2020-05-13 09:32:52.300,5089.2000,11750,0,139462760.000,0,-,-,-,-,5087.0000,5086.8000,5086.2000,5086.0000,5083.2000,5090.8000,5091.0000,5091.4000,5092.0000,5093.0000,1,1,1,1,1,1,1,1,1,1
SF,IC2012,2020-05-13 09:32:52.800,5089.2000,11750,0,139462760.000,0,-,-,-,-,5087.0000,5086.8000,5086.2000,5086.0000,5083.2000,5090.8000,5091.0000,5091.4000,5092.0000,5093.2000,1,1,1,1,1,2,1,1,1,1
SF,IC2012,2020-05-13 09:32:53.300,5087.0000,11750,0,140480160.000,1,0,1,多换,S,5086.8000,5086.2000,5086.0000,5083.2000,5082.2000,5090.8000,5091.0000,5091.4000,5092.0000,5093.2000,1,1,1,1,1,2,1,1,1,1
SF,IC2012,2020-05-13 09:32:53.800,5087.0000,11750,0,140480160.000,0,-,-,-,-,5086.8000,5086.2000,5086.0000,5083.2000,5082.2000,5088.8000,5090.8000,5091.0000,5091.4000,5092.0000,1,1,1,1,1,1,2,1,1,1
SF,IC2012,2020-05-13 09:32:54.300,5087.0000,11750,0,140480160.000,0,-,-,-,-,5087.0000,5086.8000,5086.2000,5086.0000,5083.2000,5088.8000,5090.8000,5091.0000,5091.4000,5092.0000,2,1,1,1,1,1,2,1,1,1
SF,IC2012,2020-05-13 09:32:56.300,5087.0000,11750,0,140480160.000,0,-,-,-,-,5087.0000,5086.8000,5086.2000,5086.0000,5083.2000,5088.8000,5090.8000,5091.0000,5091.4000,5092.0000,2,1,1,1,1,1,2,1,1,1
SF,IC2012,2020-05-13 09:32:59.300,5087.0000,11750,0,140480160.000,0,-,-,-,-,5087.0000,5086.8000,5086.2000,5086.0000,5083.2000,5090.8000,5091.0000,5091.4000,5092.0000,5093.2000,2,1,1,1,1,2,1,1,1,1
SF,IC2012,2020-05-13 09:32:59.800,5088.8000,11750,0,141497920.000,1,0,1,多换,S,5087.0000,5086.8000,5086.2000,5086.0000,5083.2000,5090.8000,5091.0000,5091.4000,5092.0000,5093.2000,2,1,1,1,1,1,1,1,1,1
SF,IC2012,2020-05-13 09:33:00.800,5088.8000,11750,0,141497920.000,0,-,-,-,-,5086.8000,5086.2000,5086.0000,5083.2000,5082.2000,5090.8000,5091.4000,5092.0000,5093.2000,5093.8000,1,1,1,1,1,1,1,1,1,3
SF,IC2012,2020-05-13 09:33:01.800,5088.8000,11750,0,141497920.000,0,-,-,-,-,5087.6000,5086.8000,5086.2000,5086.0000,5083.2000,5090.8000,5091.4000,5092.0000,5093.2000,5093.8000,1,1,1,1,1,1,1,1,1,3
SF,IC2012,2020-05-13 09:33:02.300,5088.8000,11750,0,141497920.000,0,-,-,-,-,5087.6000,5086.8000,5086.2000,5086.0000,5083.2000,5090.8000,5092.0000,5093.2000,5093.8000,5094.0000,1,1,1,1,1,1,1,1,3,1
SF,IC2012,2020-05-13 09:33:03.300,5090.8000,11749,-1,142516080.000,1,0,1,双平,S,5087.6000,5086.8000,5086.2000,5086.0000,5083.2000,5092.0000,5093.2000,5093.8000,5094.0000,5094.6000,1,1,1,1,1,1,1,3,1,1
SF,IC2012,2020-05-13 09:33:03.800,5090.8000,11749,0,142516080.000,0,-,-,-,-,5087.8000,5087.6000,5086.8000,5086.2000,5086.0000,5092.0000,5093.2000,5093.8000,5094.0000,5094.6000,1,1,1,1,1,1,1,3,1,1
SF,IC2012,2020-05-13 09:33:06.300,5090.8000,11749,0,142516080.000,0,-,-,-,-,5087.8000,5087.6000,5087.0000,5086.8000,5086.2000,5091.0000,5092.0000,5093.2000,5093.8000,5094.0000,1,1,1,1,1,1,1,1,3,1
SF,IC2012,2020-05-13 09:33:06.800,5090.8000,11749,0,142516080.000,0,-,-,-,-,5087.6000,5087.0000,5086.8000,5086.2000,5086.0000,5091.0000,5092.0000,5093.2000,5093.8000,5094.0000,1,1,1,1,1,1,1,1,3,1
SF,IC2012,2020-05-13 09:33:07.300,5087.6000,11749,0,143533600.000,1,0,1,多换,S,5087.0000,5086.8000,5086.2000,5086.0000,5083.2000,5087.6000,5090.6000,5091.0000,5093.2000,5093.8000,1,1,1,1,1,1,1,1,1,3
SF,IC2012,2020-05-13 09:33:07.800,5087.6000,11749,0,144551120.000,1,0,1,多换,S,5087.0000,5086.8000,5086.2000,5086.0000,5083.2000,5087.8000,5090.6000,5091.0000,5093.2000,5093.8000,1,1,1,1,1,1,1,1,1,3
SF,IC2012,2020-05-13 09:33:08.300,5087.6000,11749,0,144551120.000,0,-,-,-,-,5087.0000,5086.8000,5086.2000,5086.0000,5083.2000,5090.6000,5091.0000,5093.2000,5093.8000,5094.0000,1,1,1,1,1,1,1,1,3,1
SF,IC2012,2020-05-13 09:33:08.800,5086.8000,11748,-1,146585880.000,2,0,2,多平,S,5086.2000,5086.0000,5083.2000,5082.2000,5082.0000,5087.0000,5090.2000,5090.4000,5090.6000,5091.0000,1,1,1,1,1,1,6,2,1,1
SF,IC2012,2020-05-13 09:33:09.300,5086.8000,11748,0,146585880.000,0,-,-,-,-,5086.2000,5086.0000,5083.2000,5082.2000,5082.0000,5087.0000,5090.2000,5090.4000,5090.6000,5091.0000,1,1,1,1,1,4,6,1,1,1
SF,IC2012,2020-05-13 09:33:09.800,5086.0000,11746,-2,148620320.000,2,0,2,双平,S,5083.2000,5082.2000,5082.0000,5080.0000,5079.6000,5090.2000,5090.4000,5091.0000,5093.2000,5093.8000,1,1,1,3,1,6,1,1,1,3
SF,IC2012,2020-05-13 09:33:10.300,5086.0000,11746,0,148620320.000,0,-,-,-,-,5083.2000,5082.2000,5082.0000,5080.0000,5079.6000,5090.0000,5090.2000,5091.0000,5093.2000,5093.8000,1,1,1,3,1,2,6,1,1,3
SF,IC2012,2020-05-13 09:33:10.800,5086.0000,11746,0,148620320.000,0,-,-,-,-,5083.2000,5082.2000,5082.0000,5080.0000,5079.6000,5089.6000,5089.8000,5090.0000,5091.0000,5093.2000,1,1,1,3,1,6,1,2,1,1
SF,IC2012,2020-05-13 09:33:11.300,5086.0000,11746,0,148620320.000,0,-,-,-,-,5087.8000,5083.2000,5082.2000,5082.0000,5080.0000,5089.4000,5089.6000,5090.0000,5091.0000,5093.2000,3,1,1,1,3,2,6,1,1,1
SF,IC2012,2020-05-13 09:33:11.800,5087.6000,11745,-1,151672800.000,3,1,2,多平,S,5083.4000,5083.2000,5082.2000,5082.0000,5080.0000,5087.8000,5089.0000,5090.0000,5091.0000,5093.2000,1,1,1,1,3,4,6,1,1,1
SF,IC2012,2020-05-13 09:33:12.300,5087.6000,11745,0,151672800.000,0,-,-,-,-,5083.6000,5083.4000,5083.2000,5082.2000,5082.0000,5087.6000,5087.8000,5089.0000,5091.0000,5093.2000,2,1,1,1,1,4,4,6,1,1
SF,IC2012,2020-05-13 09:33:12.800,5087.6000,11745,0,151672800.000,0,-,-,-,-,5083.6000,5083.4000,5083.2000,5082.2000,5082.0000,5087.6000,5089.0000,5091.0000,5093.2000,5093.8000,2,1,1,1,1,2,6,1,1,3
SF,IC2012,2020-05-13 09:33:13.300,5087.6000,11745,0,151672800.000,0,-,-,-,-,5083.4000,5083.2000,5082.2000,5082.0000,5080.0000,5087.6000,5089.0000,5091.0000,5093.2000,5093.8000,1,1,1,1,3,2,6,1,1,3
SF,IC2012,2020-05-13 09:33:13.800,5087.6000,11745,0,151672800.000,0,-,-,-,-,5083.4000,5083.2000,5082.2000,5082.0000,5080.0000,5087.4000,5087.6000,5089.0000,5091.0000,5093.2000,1,1,1,1,3,1,2,6,1,1
SF,IC2012,2020-05-13 09:33:14.300,5087.6000,11745,0,151672800.000,0,-,-,-,-,5083.4000,5083.2000,5082.2000,5082.0000,5080.0000,5087.2000,5087.4000,5087.6000,5089.0000,5091.0000,1,1,1,1,3,1,1,1,6,1
SF,IC2012,2020-05-13 09:33:14.800,5087.6000,11745,0,151672800.000,0,-,-,-,-,5083.4000,5083.2000,5082.2000,5082.0000,5080.0000,5087.2000,5087.4000,5087.6000,5089.0000,5091.0000,1,1,1,1,3,1,2,1,6,1
SF,IC2012,2020-05-13 09:33:15.800,5087.6000,11745,0,151672800.000,0,-,-,-,-,5083.4000,5083.2000,5082.2000,5082.0000,5080.0000,5087.2000,5087.4000,5087.6000,5089.0000,5091.0000,1,1,1,1,3,1,1,1,6,1
SF,IC2012,2020-05-13 09:33:16.300,5087.6000,11745,0,151672800.000,0,-,-,-,-,5083.4000,5083.2000,5082.2000,5082.0000,5080.0000,5087.0000,5087.2000,5087.4000,5087.6000,5089.0000,1,1,1,1,3,1,1,1,1,6
SF,IC2012,2020-05-13 09:33:16.800,5087.6000,11745,0,151672800.000,0,-,-,-,-,5083.4000,5083.2000,5082.2000,5082.0000,5080.0000,5086.8000,5087.0000,5087.4000,5087.6000,5089.0000,1,1,1,1,3,1,1,1,1,6
SF,IC2012,2020-05-13 09:33:17.800,5087.6000,11745,0,151672800.000,0,-,-,-,-,5083.4000,5083.2000,5082.2000,5082.0000,5080.0000,5086.8000,5087.0000,5087.4000,5089.0000,5091.0000,1,1,1,1,3,1,1,1,6,1
SF,IC2012,2020-05-13 09:33:18.300,5083.4000,11744,-1,152689480.000,1,0,1,双平,S,5083.2000,5082.2000,5082.0000,5080.0000,5079.6000,5086.8000,5087.0000,5087.4000,5089.0000,5091.0000,1,1,1,3,1,1,1,1,6,1
SF,IC2012,2020-05-13 09:33:18.800,5083.4000,11744,0,152689480.000,0,-,-,-,-,5084.8000,5083.4000,5083.2000,5082.2000,5082.0000,5087.0000,5087.4000,5089.0000,5091.0000,5093.8000,3,1,1,1,1,1,1,6,1,3
SF,IC2012,2020-05-13 09:33:19.300,5083.4000,11744,0,152689480.000,0,-,-,-,-,5084.8000,5083.4000,5083.2000,5082.2000,5082.0000,5086.6000,5087.0000,5089.0000,5091.0000,5093.8000,3,1,1,1,1,1,1,6,1,3
SF,IC2012,2020-05-13 09:33:25.300,5084.8000,11743,-1,153706440.000,1,0,1,双平,S,5084.8000,5083.4000,5083.2000,5082.2000,5082.0000,5086.6000,5087.0000,5089.0000,5091.0000,5093.8000,2,1,1,1,1,1,1,6,1,3
SF,IC2012,2020-05-13 09:33:28.300,5084.8000,11743,0,153706440.000,0,-,-,-,-,5084.8000,5083.4000,5083.2000,5082.2000,5082.0000,5086.4000,5086.6000,5087.0000,5089.0000,5091.0000,2,1,1,1,1,1,1,1,6,1
SF,IC2012,2020-05-13 09:33:28.800,5084.8000,11741,-2,155740360.000,2,0,2,双平,S,5083.4000,5083.2000,5082.2000,5082.0000,5080.0000,5086.4000,5086.6000,5087.0000,5089.0000,5091.0000,1,1,1,1,3,1,1,1,6,1
SF,IC2012,2020-05-13 09:33:29.300,5084.8000,11741,0,155740360.000,0,-,-,-,-,5083.4000,5083.2000,5082.2000,5082.0000,5080.0000,5084.8000,5086.2000,5086.4000,5086.6000,5087.0000,1,1,1,1,3,1,1,1,1,1
SF,IC2012,2020-05-13 09:33:29.800,5084.8000,11741,0,156757320.000,1,0,1,多换,S,5083.4000,5083.2000,5082.2000,5082.0000,5080.0000,5084.8000,5086.2000,5086.4000,5086.6000,5089.0000,1,1,1,1,3,1,1,1,1,6
SF,IC2012,2020-05-13 09:33:30.800,5084.8000,11741,0,156757320.000,0,-,-,-,-,5083.4000,5083.2000,5082.2000,5082.0000,5080.0000,5084.8000,5086.2000,5086.4000,5086.6000,5089.0000,1,1,1,1,3,1,1,1,1,6
SF,IC2012,2020-05-13 09:33:31.800,5084.8000,11740,-1,157774280.000,1,0,1,双平,S,5083.4000,5083.2000,5082.2000,5082.0000,5080.0000,5086.2000,5086.4000,5086.6000,5089.0000,5093.8000,1,1,1,1,3,1,1,1,6,3
SF,IC2012,2020-05-13 09:33:32.300,5084.8000,11740,0,157774280.000,0,-,-,-,-,5083.8000,5083.4000,5083.2000,5082.2000,5082.0000,5086.2000,5086.4000,5089.0000,5093.8000,5094.0000,1,1,1,1,1,2,1,6,3,1
SF,IC2012,2020-05-13 09:33:32.800,5086.2000,11740,0,158791520.000,1,0,1,多换,S,5083.8000,5083.4000,5083.2000,5082.2000,5082.0000,5086.4000,5089.0000,5093.8000,5094.0000,5094.6000,1,1,1,1,1,1,6,3,1,1
SF,IC2012,2020-05-13 09:33:33.300,5086.2000,11740,0,158791520.000,0,-,-,-,-,5084.2000,5084.0000,5083.4000,5083.2000,5082.2000,5086.4000,5093.8000,5094.0000,5094.6000,5095.0000,2,1,1,1,1,1,3,1,1,2
SF,IC2012,2020-05-13 09:33:33.800,5086.4000,11741,1,159808800.000,1,1,0,双开,S,5084.2000,5084.0000,5083.4000,5083.2000,5082.2000,5093.8000,5094.0000,5094.6000,5095.0000,5097.0000,2,1,1,1,1,3,1,1,2,1
SF,IC2012,2020-05-13 09:33:34.300,5086.4000,11741,0,159808800.000,0,-,-,-,-,5084.4000,5084.0000,5083.4000,5083.2000,5082.2000,5092.0000,5093.4000,5093.6000,5093.8000,5094.0000,2,1,1,1,1,1,6,1,3,1
SF,IC2012,2020-05-13 09:33:34.800,5086.4000,11741,0,159808800.000,0,-,-,-,-,5084.8000,5084.6000,5084.4000,5083.4000,5083.2000,5091.6000,5092.0000,5093.6000,5093.8000,5094.0000,2,1,2,1,1,6,1,1,3,1
SF,IC2012,2020-05-13 09:33:35.300,5086.4000,11741,0,159808800.000,0,-,-,-,-,5084.8000,5084.4000,5083.4000,5083.2000,5082.2000,5091.2000,5091.6000,5093.6000,5093.8000,5094.0000,2,1,1,1,1,1,6,1,3,1
SF,IC2012,2020-05-13 09:33:35.800,5086.4000,11741,0,159808800.000,0,-,-,-,-,5085.2000,5084.8000,5084.4000,5083.4000,5083.2000,5090.8000,5091.0000,5091.2000,5093.6000,5093.8000,1,2,1,1,1,6,1,1,1,3
SF,IC2012,2020-05-13 09:33:36.300,5086.4000,11741,0,159808800.000,0,-,-,-,-,5085.2000,5084.8000,5084.4000,5083.4000,5083.2000,5090.6000,5090.8000,5091.0000,5091.2000,5093.6000,1,2,1,1,1,1,6,1,1,1
SF,IC2012,2020-05-13 09:33:36.800,5086.4000,11741,0,159808800.000,0,-,-,-,-,5085.2000,5084.8000,5084.4000,5083.4000,5083.2000,5090.2000,5090.4000,5090.6000,5091.2000,5093.6000,1,2,1,1,1,6,1,1,1,1
SF,IC2012,2020-05-13 09:33:37.300,5086.4000,11741,0,159808800.000,0,-,-,-,-,5085.2000,5084.8000,5084.4000,5083.4000,5083.2000,5089.8000,5090.0000,5090.2000,5093.8000,5094.0000,1,2,1,1,1,1,3,6,3,1
SF,IC2012,2020-05-13 09:33:37.800,5086.4000,11741,0,159808800.000,0,-,-,-,-,5085.2000,5084.8000,5084.4000,5083.4000,5083.2000,5089.4000,5089.6000,5089.8000,5090.0000,5093.8000,1,2,1,1,1,6,2,1,1,3
SF,IC2012,2020-05-13 09:33:38.300,5086.4000,11741,0,159808800.000,0,-,-,-,-,5085.4000,5084.8000,5084.4000,5083.4000,5083.2000,5089.2000,5089.4000,5089.8000,5090.0000,5093.8000,1,2,1,1,1,3,6,1,1,3
SF,IC2012,2020-05-13 09:33:38.800,5086.4000,11741,0,159808800.000,0,-,-,-,-,5084.8000,5084.4000,5083.4000,5083.2000,5082.2000,5088.2000,5088.8000,5089.2000,5089.8000,5090.0000,2,1,1,1,1,1,6,2,1,1
SF,IC2012,2020-05-13 09:33:39.300,5086.4000,11741,0,159808800.000,0,-,-,-,-,5085.6000,5085.0000,5084.8000,5083.4000,5083.2000,5088.0000,5088.8000,5093.8000,5094.0000,5094.6000,2,1,2,1,1,2,6,3,1,1
SF,IC2012,2020-05-13 09:33:39.800,5086.4000,11741,0,159808800.000,0,-,-,-,-,5086.0000,5085.8000,5085.6000,5084.8000,5083.4000,5088.0000,5093.8000,5094.0000,5094.6000,5095.0000,2,1,2,2,1,1,3,1,1,2
SF,IC2012,2020-05-13 09:33:40.300,5086.4000,11741,0,159808800.000,0,-,-,-,-,5086.2000,5085.6000,5084.8000,5083.4000,5083.2000,5093.8000,5094.0000,5094.6000,5095.0000,5097.0000,3,2,2,1,1,3,1,1,2,1
SF,IC2012,2020-05-13 09:33:40.800,5086.4000,11741,0,159808800.000,0,-,-,-,-,5088.0000,5086.4000,5086.2000,5085.6000,5084.8000,5090.0000,5092.0000,5093.4000,5093.6000,5093.8000,1,1,2,2,2,1,1,6,2,3
SF,IC2012,2020-05-13 09:33:41.300,5088.0000,11740,-1,160826400.000,1,0,1,双平,S,5086.2000,5084.8000,5083.4000,5083.2000,5082.2000,5088.0000,5089.6000,5089.8000,5090.0000,5091.0000,2,2,1,1,1,1,6,1,1,1
SF,IC2012,2020-05-13 09:33:41.800,5088.0000,11739,-1,161844000.000,1,0,1,双平,S,5086.2000,5084.8000,5083.4000,5083.2000,5082.2000,5089.6000,5089.8000,5090.0000,5091.0000,5092.0000,2,2,1,1,1,6,1,1,1,1
SF,IC2012,2020-05-13 09:33:42.300,5088.0000,11739,0,161844000.000,0,-,-,-,-,5086.4000,5086.2000,5084.8000,5083.4000,5083.2000,5089.4000,5089.6000,5090.0000,5091.0000,5093.8000,1,1,2,1,1,1,6,1,1,3
SF,IC2012,2020-05-13 09:33:42.800,5088.0000,11739,0,161844000.000,0,-,-,-,-,5086.6000,5086.4000,5084.8000,5083.4000,5083.2000,5089.4000,5089.6000,5090.0000,5091.0000,5093.8000,1,1,2,1,1,1,6,1,1,3
SF,IC2012,2020-05-13 09:33:43.300,5088.0000,11739,0,161844000.000,0,-,-,-,-,5086.4000,5084.8000,5083.4000,5083.2000,5082.2000,5089.0000,5089.4000,5090.0000,5091.0000,5093.8000,1,2,1,1,1,6,1,1,1,3
SF,IC2012,2020-05-13 09:33:43.800,5088.0000,11739,0,161844000.000,0,-,-,-,-,5086.4000,5084.8000,5083.4000,5083.2000,5082.2000,5088.8000,5089.0000,5090.0000,5091.0000,5093.8000,1,2,1,1,1,2,6,1,1,3
SF,IC2012,2020-05-13 09:33:44.800,5088.0000,11739,0,161844000.000,0,-,-,-,-,5084.8000,5083.4000,5083.2000,5082.2000,5082.0000,5086.4000,5088.8000,5089.0000,5090.0000,5091.0000,2,1,1,1,1,1,2,6,1,1
SF,IC2012,2020-05-13 09:33:45.300,5086.8000,11739,0,162861360.000,1,0,1,多换,S,5085.0000,5084.8000,5083.4000,5083.2000,5082.2000,5088.8000,5090.0000,5091.0000,5093.8000,5094.0000,1,2,1,1,1,1,1,1,3,1
SF,IC2012,2020-05-13 09:33:45.800,5086.8000,11739,0,162861360.000,0,-,-,-,-,5085.2000,5085.0000,5084.8000,5083.4000,5083.2000,5088.6000,5088.8000,5090.0000,5091.0000,5093.8000,2,1,2,1,1,1,1,1,1,3
SF,IC2012,2020-05-13 09:33:46.300,5086.8000,11739,0,162861360.000,0,-,-,-,-,5085.2000,5085.0000,5084.8000,5083.4000,5083.2000,5091.0000,5093.8000,5094.0000,5094.6000,5095.0000,2,1,2,1,1,1,3,1,1,2
SF,IC2012,2020-05-13 09:33:46.800,5086.8000,11739,0,162861360.000,0,-,-,-,-,5085.4000,5085.2000,5085.0000,5084.8000,5083.4000,5088.0000,5090.8000,5091.0000,5093.8000,5094.0000,1,2,1,2,1,1,7,1,3,1
SF,IC2012,2020-05-13 09:33:47.300,5088.0000,11739,0,163878960.000,1,0,1,多换,S,5085.6000,5085.4000,5085.0000,5084.8000,5083.4000,5090.8000,5091.0000,5093.8000,5094.0000,5094.6000,1,1,1,2,1,1,1,3,1,1
SF,IC2012,2020-05-13 09:33:47.800,5088.0000,11739,0,163878960.000,0,-,-,-,-,5085.8000,5085.6000,5085.4000,5084.8000,5083.4000,5090.6000,5090.8000,5091.0000,5093.8000,5094.0000,2,1,1,2,1,1,1,1,3,1
SF,IC2012,2020-05-13 09:33:48.300,5088.0000,11739,0,163878960.000,0,-,-,-,-,5086.0000,5085.8000,5085.4000,5084.8000,5083.4000,5090.4000,5091.0000,5093.8000,5094.0000,5094.6000,1,3,1,2,1,1,1,3,1,1
SF,IC2012,2020-05-13 09:33:48.800,5088.0000,11739,0,163878960.000,0,-,-,-,-,5086.0000,5085.8000,5085.4000,5084.8000,5083.4000,5090.4000,5091.0000,5093.8000,5094.0000,5094.6000,1,3,1,2,1,1,1,3,1,1
SF,IC2012,2020-05-13 09:33:49.300,5088.0000,11739,0,163878960.000,0,-,-,-,-,5086.4000,5086.2000,5086.0000,5085.8000,5085.4000,5090.2000,5090.4000,5091.0000,5093.8000,5094.0000,1,2,1,1,1,1,1,1,3,1
SF,IC2012,2020-05-13 09:33:49.800,5086.6000,11738,-1,164896280.000,1,0,1,双平,S,5086.4000,5086.2000,5085.8000,5085.4000,5084.8000,5091.0000,5093.8000,5094.0000,5094.6000,5095.0000,1,2,1,1,2,1,3,1,1,2
SF,IC2012,2020-05-13 09:33:50.300,5086.6000,11738,0,164896280.000,0,-,-,-,-,5086.6000,5086.4000,5086.2000,5085.8000,5085.4000,5090.8000,5091.0000,5093.8000,5094.0000,5094.6000,2,1,1,1,1,1,1,3,1,1
SF,IC2012,2020-05-13 09:33:51.300,5086.6000,11738,0,164896280.000,0,-,-,-,-,5086.6000,5086.2000,5085.8000,5085.4000,5084.8000,5090.8000,5091.0000,5093.8000,5094.0000,5094.6000,2,1,1,1,2,1,1,3,1,1
SF,IC2012,2020-05-13 09:33:51.800,5086.6000,11738,0,164896280.000,0,-,-,-,-,5086.6000,5086.2000,5085.8000,5085.4000,5084.8000,5090.6000,5090.8000,5091.0000,5093.8000,5094.0000,2,1,1,1,2,1,1,1,3,1
SF,IC2012,2020-05-13 09:33:52.300,5086.6000,11738,0,164896280.000,0,-,-,-,-,5086.6000,5086.2000,5085.8000,5085.4000,5084.8000,5090.4000,5090.6000,5091.0000,5093.8000,5094.0000,2,1,1,1,2,1,1,1,3,1
SF,IC2012,2020-05-13 09:33:52.800,5086.6000,11738,0,164896280.000,0,-,-,-,-,5086.6000,5086.2000,5085.8000,5085.4000,5084.8000,5090.4000,5090.6000,5091.0000,5093.8000,5094.0000,1,1,1,1,2,1,1,1,3,1
SF,IC2012,2020-05-13 09:33:53.300,5086.6000,11738,0,164896280.000,0,-,-,-,-,5086.6000,5086.2000,5085.8000,5085.4000,5084.8000,5090.2000,5090.4000,5090.6000,5091.0000,5093.8000,1,1,1,1,2,1,1,1,1,3
SF,IC2012,2020-05-13 09:33:53.800,5086.6000,11738,0,164896280.000,0,-,-,-,-,5086.6000,5086.2000,5085.8000,5085.4000,5084.8000,5090.0000,5090.2000,5090.6000,5091.0000,5093.8000,1,1,1,1,2,2,1,1,1,3
SF,IC2012,2020-05-13 09:33:54.300,5086.6000,11738,0,164896280.000,0,-,-,-,-,5086.6000,5086.2000,5085.8000,5085.4000,5084.8000,5090.0000,5090.2000,5090.6000,5091.0000,5093.8000,1,1,1,1,2,3,1,1,1,3
SF,IC2012,2020-05-13 09:33:54.800,5086.6000,11738,0,164896280.000,0,-,-,-,-,5086.6000,5086.2000,5085.8000,5085.4000,5084.8000,5090.0000,5090.2000,5090.6000,5091.0000,5093.8000,1,1,1,1,2,4,1,1,1,3
SF,IC2012,2020-05-13 09:33:55.300,5086.6000,11738,0,164896280.000,0,-,-,-,-,5086.6000,5086.2000,5085.8000,5085.4000,5084.8000,5090.0000,5090.2000,5090.6000,5091.0000,5093.8000,1,1,1,1,2,4,1,1,1,3
SF,IC2012,2020-05-13 09:33:55.800,5086.6000,11738,0,164896280.000,0,-,-,-,-,5086.6000,5086.2000,5085.8000,5085.4000,5084.8000,5090.0000,5090.2000,5090.6000,5091.0000,5093.8000,1,1,1,1,2,2,1,1,1,3
SF,IC2012,2020-05-13 09:33:56.300,5090.0000,11736,-2,166932280.000,2,0,2,双平,S,5086.6000,5086.2000,5085.8000,5085.4000,5084.8000,5089.8000,5090.6000,5091.0000,5093.8000,5094.0000,1,1,1,1,2,1,1,1,3,1
SF,IC2012,2020-05-13 09:33:56.800,5090.0000,11736,0,166932280.000,0,-,-,-,-,5087.0000,5086.6000,5086.2000,5085.8000,5085.4000,5090.6000,5091.0000,5093.8000,5094.0000,5094.6000,1,1,1,1,1,1,1,3,1,1
SF,IC2012,2020-05-13 09:33:57.300,5090.0000,11736,0,166932280.000,0,-,-,-,-,5087.2000,5086.2000,5085.8000,5085.4000,5084.8000,5090.4000,5091.0000,5093.8000,5094.0000,5094.6000,1,1,1,1,2,1,1,3,1,1
SF,IC2012,2020-05-13 09:33:57.800,5090.0000,11736,0,166932280.000,0,-,-,-,-,5087.6000,5087.2000,5086.2000,5085.8000,5085.4000,5090.4000,5091.0000,5093.8000,5094.0000,5094.6000,1,1,1,1,1,1,1,3,1,1
SF,IC2012,2020-05-13 09:33:58.300,5090.0000,11736,0,166932280.000,0,-,-,-,-,5088.0000,5087.8000,5086.2000,5085.8000,5085.4000,5091.0000,5093.8000,5094.0000,5094.6000,5095.0000,1,1,1,1,1,1,3,1,1,2
SF,IC2012,2020-05-13 09:33:58.800,5090.0000,11736,0,166932280.000,0,-,-,-,-,5088.2000,5088.0000,5086.2000,5085.8000,5085.4000,5091.0000,5093.8000,5094.0000,5094.6000,5095.0000,1,1,1,1,1,1,3,1,1,2
SF,IC2012,2020-05-13 09:33:59.300,5090.0000,11736,0,166932280.000,0,-,-,-,-,5088.6000,5088.2000,5086.2000,5085.8000,5085.4000,5091.0000,5093.8000,5094.0000,5094.6000,5095.0000,1,1,1,1,1,1,3,1,1,2
SF,IC2012,2020-05-13 09:33:59.800,5090.0000,11736,0,166932280.000,0,-,-,-,-,5089.0000,5088.8000,5086.2000,5085.8000,5085.4000,5091.0000,5093.8000,5094.0000,5094.6000,5095.0000,1,1,1,1,1,1,3,1,1,2
SF,IC2012,2020-05-13 09:34:00.300,5091.0000,11735,-1,167950480.000,1,0,1,双平,S,5089.2000,5086.2000,5085.8000,5085.4000,5084.8000,5093.8000,5094.0000,5094.6000,5095.0000,5097.0000,3,1,1,1,2,3,1,1,2,1
SF,IC2012,2020-05-13 09:34:00.800,5091.0000,11735,0,167950480.000,0,-,-,-,-,5089.4000,5089.2000,5086.2000,5085.8000,5085.4000,5093.6000,5093.8000,5094.6000,5095.0000,5097.0000,1,3,1,1,1,1,3,1,2,1
SF,IC2012,2020-05-13 09:34:01.300,5091.0000,11735,0,167950480.000,0,-,-,-,-,5089.6000,5089.4000,5089.2000,5086.2000,5085.8000,5093.6000,5093.8000,5094.6000,5095.0000,5097.0000,1,1,2,1,1,1,3,1,2,1
SF,IC2012,2020-05-13 09:34:01.800,5091.0000,11735,0,167950480.000,0,-,-,-,-,5089.8000,5089.6000,5089.4000,5086.2000,5085.8000,5093.6000,5093.8000,5094.6000,5095.0000,5097.0000,1,1,1,1,1,1,3,1,2,1
SF,IC2012,2020-05-13 09:34:02.300,5091.0000,11735,0,167950480.000,0,-,-,-,-,5090.0000,5089.8000,5089.4000,5086.2000,5085.8000,5093.6000,5093.8000,5094.6000,5095.0000,5097.0000,1,1,1,1,1,1,3,1,2,1
SF,IC2012,2020-05-13 09:34:02.800,5091.0000,11735,0,167950480.000,0,-,-,-,-,5090.0000,5089.8000,5089.4000,5086.2000,5085.8000,5093.8000,5094.6000,5095.0000,5097.0000,5097.4000,1,1,1,1,1,3,1,2,1,1
SF,IC2012,2020-05-13 09:34:03.300,5093.8000,11735,0,168969240.000,1,0,1,多换,S,5090.0000,5089.8000,5089.4000,5086.2000,5085.8000,5093.8000,5094.6000,5095.0000,5097.0000,5097.4000,1,1,1,1,1,2,1,2,1,1
SF,IC2012,2020-05-13 09:34:03.800,5093.8000,11735,0,168969240.000,0,-,-,-,-,5090.0000,5089.8000,5089.4000,5086.2000,5085.8000,5093.8000,5094.6000,5095.0000,5097.0000,5097.4000,1,1,1,1,1,2,1,2,1,1
SF,IC2012,2020-05-13 09:34:07.300,5093.8000,11735,0,168969240.000,0,-,-,-,-,5090.4000,5090.0000,5089.8000,5089.4000,5086.2000,5093.8000,5094.6000,5095.0000,5097.0000,5097.4000,1,1,1,1,1,2,1,2,1,1
SF,IC2012,2020-05-13 09:34:07.800,5093.8000,11735,0,168969240.000,0,-,-,-,-,5090.6000,5090.4000,5090.2000,5089.8000,5089.4000,5093.8000,5094.6000,5095.0000,5097.0000,5097.4000,1,1,1,1,1,2,1,2,1,1
SF,IC2012,2020-05-13 09:34:08.300,5093.8000,11734,-1,171006760.000,2,0,2,多平,S,5093.8000,5091.0000,5090.6000,5090.4000,5090.2000,5094.6000,5095.0000,5097.0000,5097.4000,5099.2000,4,1,1,1,1,1,2,1,1,15
SF,IC2012,2020-05-13 09:34:08.800,5093.8000,11732,-2,173044280.000,2,0,2,双平,S,5090.6000,5090.4000,5090.2000,5089.4000,5086.2000,5094.6000,5095.0000,5097.0000,5097.4000,5099.2000,1,1,1,1,1,1,2,1,1,15
SF,IC2012,2020-05-13 09:34:09.300,5093.8000,11732,0,173044280.000,0,-,-,-,-,5090.6000,5090.4000,5090.2000,5089.4000,5086.2000,5094.4000,5094.6000,5095.0000,5097.0000,5097.4000,1,1,1,1,1,1,1,2,1,1
SF,IC2012,2020-05-13 09:34:10.300,5093.8000,11732,0,173044280.000,0,-,-,-,-,5090.6000,5090.4000,5090.2000,5089.4000,5086.2000,5094.4000,5094.6000,5095.0000,5097.0000,5097.4000,1,1,1,1,1,1,1,2,1,1
SF,IC2012,2020-05-13 09:34:10.800,5093.8000,11732,0,173044280.000,0,-,-,-,-,5090.4000,5090.2000,5089.4000,5086.2000,5085.8000,5094.2000,5094.4000,5094.6000,5095.0000,5097.0000,1,1,1,1,1,1,1,1,2,1
SF,IC2012,2020-05-13 09:34:11.300,5093.8000,11732,0,173044280.000,0,-,-,-,-,5090.6000,5090.2000,5086.2000,5085.8000,5085.4000,5094.0000,5094.2000,5094.6000,5095.0000,5097.0000,1,1,1,1,1,1,1,1,2,1
SF,IC2012,2020-05-13 09:34:11.800,5093.8000,11732,0,173044280.000,0,-,-,-,-,5090.6000,5090.2000,5086.2000,5085.8000,5085.4000,5093.8000,5094.0000,5094.6000,5095.0000,5097.0000,1,1,1,1,1,1,1,1,2,1
SF,IC2012,2020-05-13 09:34:12.300,5093.8000,11732,0,173044280.000,0,-,-,-,-,5090.6000,5090.2000,5086.2000,5085.8000,5085.4000,5093.6000,5093.8000,5094.6000,5095.0000,5097.0000,1,1,1,1,1,1,1,1,2,1
SF,IC2012,2020-05-13 09:34:12.800,5093.8000,11732,0,173044280.000,0,-,-,-,-,5091.0000,5090.6000,5090.2000,5086.2000,5085.8000,5093.4000,5093.6000,5094.6000,5095.0000,5097.0000,1,1,1,1,1,1,1,1,2,1
SF,IC2012,2020-05-13 09:34:13.300,5093.8000,11732,0,173044280.000,0,-,-,-,-,5091.4000,5091.2000,5090.2000,5086.2000,5085.8000,5093.6000,5095.0000,5097.0000,5097.4000,5099.2000,1,1,1,1,1,1,2,1,1,15
SF,IC2012,2020-05-13 09:34:13.800,5093.8000,11732,0,173044280.000,0,-,-,-,-,5091.6000,5091.4000,5090.2000,5086.2000,5085.8000,5093.6000,5095.0000,5097.0000,5097.4000,5099.2000,1,1,1,1,1,1,2,1,1,15
SF,IC2012,2020-05-13 09:34:14.300,5093.6000,11731,-1,174063000.000,1,0,1,双平,S,5091.6000,5091.4000,5090.2000,5086.2000,5085.8000,5095.0000,5097.0000,5097.4000,5099.2000,5101.6000,1,1,1,1,1,2,1,1,15,15
SF,IC2012,2020-05-13 09:34:14.800,5093.6000,11731,0,174063000.000,0,-,-,-,-,5093.8000,5091.6000,5090.2000,5086.2000,5085.8000,5094.8000,5095.0000,5097.0000,5097.4000,5099.2000,2,1,1,1,1,1,2,1,1,15
SF,IC2012,2020-05-13 09:34:16.800,5093.6000,11731,0,174063000.000,0,-,-,-,-,5091.6000,5090.2000,5086.2000,5085.8000,5085.4000,5094.8000,5095.0000,5097.0000,5097.4000,5099.2000,1,1,1,1,1,1,2,1,1,15
SF,IC2012,2020-05-13 09:34:17.300,5093.6000,11731,0,174063000.000,0,-,-,-,-,5091.6000,5090.2000,5086.2000,5085.8000,5085.4000,5093.8000,5094.6000,5094.8000,5095.0000,5097.0000,1,1,1,1,1,1,1,1,2,1
SF,IC2012,2020-05-13 09:34:17.800,5093.6000,11731,0,174063000.000,0,-,-,-,-,5091.6000,5090.2000,5086.2000,5085.8000,5085.4000,5093.8000,5094.6000,5094.8000,5095.0000,5095.8000,1,1,1,1,1,1,1,1,2,1
SF,IC2012,2020-05-13 09:34:18.300,5093.6000,11731,0,174063000.000,0,-,-,-,-,5091.6000,5090.2000,5086.2000,5085.8000,5085.4000,5094.8000,5095.0000,5095.8000,5097.0000,5099.2000,1,1,1,1,1,1,2,1,1,15
SF,IC2012,2020-05-13 09:34:18.800,5093.6000,11731,0,174063000.000,0,-,-,-,-,5093.8000,5092.0000,5091.6000,5090.2000,5086.2000,5095.0000,5095.8000,5097.0000,5099.2000,5101.6000,1,1,1,1,1,2,1,1,15,15
SF,IC2012,2020-05-13 09:34:19.300,5093.6000,11731,0,174063000.000,0,-,-,-,-,5093.8000,5091.6000,5090.2000,5086.2000,5085.8000,5095.0000,5095.8000,5097.0000,5099.2000,5101.6000,1,1,1,1,1,2,1,1,15,15
SF,IC2012,2020-05-13 09:34:19.800,5093.6000,11731,0,174063000.000,0,-,-,-,-,5094.0000,5093.8000,5091.8000,5091.6000,5090.2000,5095.0000,5095.8000,5097.0000,5099.2000,5101.6000,1,1,1,1,1,2,1,1,15,15
SF,IC2012,2020-05-13 09:34:20.300,5093.6000,11731,0,174063000.000,0,-,-,-,-,5094.2000,5094.0000,5093.8000,5091.8000,5090.2000,5095.0000,5095.8000,5097.0000,5099.2000,5101.6000,1,1,1,1,1,2,1,1,15,15
SF,IC2012,2020-05-13 09:34:20.800,5093.6000,11731,0,174063000.000,0,-,-,-,-,5094.2000,5093.8000,5090.2000,5090.0000,5086.2000,5095.0000,5095.8000,5097.0000,5099.2000,5101.6000,1,1,1,1,1,2,1,1,15,15
SF,IC2012,2020-05-13 09:34:21.300,5093.6000,11731,0,174063000.000,0,-,-,-,-,5094.2000,5093.8000,5092.6000,5090.2000,5090.0000,5095.0000,5095.8000,5097.0000,5099.2000,5101.6000,1,1,1,1,1,2,1,1,15,15
SF,IC2012,2020-05-13 09:34:22.300,5095.0000,11730,-1,175082000.000,1,0,1,双平,S,5094.2000,5093.8000,5092.6000,5090.2000,5090.0000,5094.6000,5095.0000,5095.8000,5097.0000,5099.2000,1,1,1,1,1,1,1,1,1,15
SF,IC2012,2020-05-13 09:34:22.800,5094.4000,11729,-1,178138800.000,3,1,2,多平,S,5094.2000,5093.8000,5092.6000,5090.2000,5090.0000,5094.6000,5095.8000,5097.0000,5099.2000,5101.6000,1,1,1,1,1,1,1,1,15,15
SF,IC2012,2020-05-13 09:34:23.300,5094.6000,11728,-1,179157720.000,1,0,1,双平,S,5094.2000,5093.8000,5092.6000,5090.2000,5090.0000,5095.8000,5097.0000,5099.2000,5101.6000,5105.2000,1,1,1,1,1,1,2,15,15,15
SF,IC2012,2020-05-13 09:34:23.800,5094.6000,11728,0,179157720.000,0,-,-,-,-,5093.8000,5092.6000,5090.2000,5090.0000,5086.2000,5094.2000,5095.6000,5095.8000,5097.0000,5099.2000,1,1,1,1,1,1,1,1,2,15
SF,IC2012,2020-05-13 09:34:24.300,5094.2000,11727,-1,180176560.000,1,0,1,双平,S,5092.6000,5090.2000,5090.0000,5086.2000,5085.8000,5095.6000,5095.8000,5097.0000,5099.2000,5101.6000,1,1,1,1,1,1,1,1,15,15
SF,IC2012,2020-05-13 09:34:24.800,5094.2000,11727,0,180176560.000,0,-,-,-,-,5092.8000,5092.6000,5090.2000,5090.0000,5086.2000,5093.8000,5095.4000,5095.6000,5095.8000,5097.0000,1,1,1,1,1,1,1,1,1,1
SF,IC2012,2020-05-13 09:34:25.300,5094.2000,11727,0,180176560.000,0,-,-,-,-,5092.8000,5092.6000,5090.2000,5090.0000,5086.2000,5095.4000,5095.6000,5095.8000,5099.2000,5101.6000,2,1,1,1,1,1,1,1,15,15
SF,IC2012,2020-05-13 09:34:25.800,5094.2000,11727,0,180176560.000,0,-,-,-,-,5092.8000,5092.6000,5090.8000,5090.2000,5090.0000,5095.2000,5095.4000,5095.8000,5099.2000,5101.6000,2,1,1,1,1,1,1,1,15,15
SF,IC2012,2020-05-13 09:34:26.300,5094.2000,11727,0,180176560.000,0,-,-,-,-,5093.2000,5092.8000,5092.6000,5090.8000,5090.2000,5095.2000,5095.4000,5095.8000,5099.2000,5101.6000,1,2,1,1,1,1,1,1,15,15
SF,IC2012,2020-05-13 09:34:26.800,5094.2000,11727,0,180176560.000,0,-,-,-,-,5093.2000,5092.8000,5092.6000,5090.2000,5090.0000,5095.2000,5095.4000,5095.8000,5099.2000,5101.6000,1,2,1,1,1,1,1,1,15,15
SF,IC2012,2020-05-13 09:34:27.300,5094.2000,11727,0,180176560.000,0,-,-,-,-,5092.8000,5092.6000,5090.2000,5090.0000,5086.2000,5095.0000,5095.2000,5095.4000,5095.8000,5099.2000,1,1,1,1,1,1,1,1,1,15
SF,IC2012,2020-05-13 09:34:27.800,5094.2000,11727,0,180176560.000,0,-,-,-,-,5092.8000,5092.6000,5090.2000,5090.0000,5086.2000,5094.8000,5095.0000,5095.4000,5095.8000,5099.2000,1,1,1,1,1,1,1,1,1,15
SF,IC2012,2020-05-13 09:34:28.300,5094.2000,11727,0,180176560.000,0,-,-,-,-,5093.0000,5092.8000,5092.6000,5090.2000,5090.0000,5095.4000,5095.8000,5099.2000,5101.6000,5105.2000,3,1,1,1,1,1,1,15,15,15
SF,IC2012,2020-05-13 09:34:28.800,5094.2000,11727,0,180176560.000,0,-,-,-,-,5093.2000,5093.0000,5092.8000,5092.6000,5090.2000,5095.4000,5095.8000,5099.2000,5101.6000,5105.2000,1,3,1,1,1,1,1,15,15,15
SF,IC2012,2020-05-13 09:34:29.300,5094.2000,11727,0,180176560.000,0,-,-,-,-,5093.4000,5093.2000,5093.0000,5092.8000,5092.6000,5095.4000,5095.8000,5099.2000,5101.6000,5105.2000,1,1,1,1,1,1,1,15,15,15
SF,IC2012,2020-05-13 09:34:29.800,5094.2000,11727,0,180176560.000,0,-,-,-,-,5093.6000,5093.4000,5093.2000,5093.0000,5092.8000,5095.8000,5099.2000,5101.6000,5105.2000,5106.8000,1,1,1,1,1,1,15,15,15,1
SF,IC2012,2020-05-13 09:34:30.300,5094.2000,11727,0,180176560.000,0,-,-,-,-,5093.8000,5093.6000,5093.2000,5093.0000,5092.8000,5095.8000,5099.2000,5101.6000,5105.2000,5106.8000,1,1,1,1,1,1,15,15,15,1
SF,IC2012,2020-05-13 09:34:30.800,5094.2000,11727,0,180176560.000,0,-,-,-,-,5094.0000,5093.8000,5093.2000,5093.0000,5092.8000,5095.8000,5099.2000,5101.6000,5105.2000,5106.8000,1,1,1,1,1,1,15,15,15,1
SF,IC2012,2020-05-13 09:34:32.300,5094.2000,11727,0,180176560.000,0,-,-,-,-,5094.0000,5093.8000,5093.2000,5093.0000,5092.8000,5099.2000,5101.6000,5105.2000,5106.8000,5107.0000,1,1,1,1,1,15,15,15,1,11
SF,IC2012,2020-05-13 09:34:32.800,5094.2000,11727,0,180176560.000,0,-,-,-,-,5095.8000,5094.2000,5094.0000,5093.2000,5093.0000,5099.0000,5099.2000,5101.6000,5105.2000,5106.8000,1,2,1,1,1,2,16,15,15,1
SF,IC2012,2020-05-13 09:34:33.300,5094.2000,11727,0,180176560.000,0,-,-,-,-,5096.0000,5095.8000,5094.2000,5093.2000,5093.0000,5099.0000,5099.2000,5101.6000,5105.2000,5106.8000,1,1,1,1,1,1,16,15,15,1
SF,IC2012,2020-05-13 09:34:34.300,5094.2000,11727,0,180176560.000,0,-,-,-,-,5096.0000,5095.8000,5094.2000,5093.2000,5093.0000,5099.0000,5099.2000,5101.6000,5105.2000,5106.8000,1,1,1,1,1,1,16,15,15,1
SF,IC2012,2020-05-13 09:34:35.300,5094.2000,11727,0,180176560.000,0,-,-,-,-,5096.0000,5095.8000,5094.2000,5093.2000,5092.8000,5099.0000,5099.2000,5101.6000,5105.2000,5106.8000,1,1,1,1,1,1,16,15,15,1
SF,IC2012,2020-05-13 09:34:35.800,5094.2000,11727,0,180176560.000,0,-,-,-,-,5096.0000,5095.8000,5094.2000,5093.2000,5092.8000,5099.0000,5099.2000,5101.6000,5105.2000,5106.8000,1,1,1,1,1,1,16,15,15,1
SF,IC2012,2020-05-13 09:34:36.300,5094.2000,11727,0,180176560.000,0,-,-,-,-,5096.0000,5095.8000,5094.2000,5093.2000,5090.2000,5099.0000,5099.2000,5101.6000,5105.2000,5106.8000,1,1,1,1,1,1,16,15,15,1
SF,IC2012,2020-05-13 09:34:36.800,5094.2000,11727,0,180176560.000,0,-,-,-,-,5096.0000,5095.8000,5094.2000,5090.2000,5090.0000,5099.0000,5099.2000,5101.6000,5105.2000,5106.8000,1,1,1,1,1,1,16,15,15,1
SF,IC2012,2020-05-13 09:34:37.800,5096.0000,11726,-1,181195760.000,1,0,1,双平,S,5096.0000,5095.8000,5094.2000,5090.2000,5090.0000,5099.0000,5099.2000,5101.6000,5105.2000,5106.8000,1,1,1,1,1,1,16,15,15,1
SF,IC2012,2020-05-13 09:34:38.300,5096.0000,11726,0,181195760.000,0,-,-,-,-,5096.0000,5095.8000,5094.2000,5090.2000,5090.0000,5098.8000,5099.0000,5099.2000,5101.6000,5105.2000,1,1,1,1,1,1,1,16,15,15
SF,IC2012,2020-05-13 09:34:38.800,5096.0000,11726,0,181195760.000,0,-,-,-,-,5096.4000,5096.2000,5096.0000,5095.8000,5094.2000,5098.6000,5099.2000,5101.6000,5105.2000,5106.8000,1,2,1,1,1,1,16,15,15,1
SF,IC2012,2020-05-13 09:34:39.300,5096.0000,11726,0,181195760.000,0,-,-,-,-,5096.6000,5096.4000,5096.2000,5095.8000,5094.2000,5098.6000,5099.2000,5101.6000,5105.2000,5106.8000,1,1,2,1,1,1,16,15,15,1
SF,IC2012,2020-05-13 09:34:39.800,5096.0000,11726,0,181195760.000,0,-,-,-,-,5096.8000,5096.6000,5096.2000,5095.8000,5094.2000,5099.2000,5101.6000,5105.2000,5106.8000,5107.0000,1,1,2,1,1,16,15,15,1,11
SF,IC2012,2020-05-13 09:34:40.300,5096.0000,11726,0,181195760.000,0,-,-,-,-,5097.0000,5096.8000,5096.2000,5095.8000,5094.2000,5099.0000,5099.2000,5101.6000,5105.2000,5106.8000,1,4,2,1,1,1,16,15,15,1
SF,IC2012,2020-05-13 09:34:40.800,5096.0000,11726,0,181195760.000,0,-,-,-,-,5098.6000,5097.2000,5096.8000,5096.2000,5095.8000,5099.0000,5099.2000,5101.6000,5105.2000,5106.8000,1,1,3,2,1,1,16,15,15,1
SF,IC2012,2020-05-13 09:34:41.300,5096.0000,11726,0,181195760.000,0,-,-,-,-,5098.6000,5096.8000,5096.2000,5094.6000,5094.2000,5099.0000,5099.2000,5101.6000,5105.2000,5106.8000,1,3,2,1,1,1,16,15,15,1
SF,IC2012,2020-05-13 09:34:41.800,5098.6000,11725,-1,182215480.000,1,0,1,双平,S,5096.8000,5096.2000,5094.6000,5094.2000,5090.2000,5099.0000,5099.2000,5101.6000,5105.2000,5106.8000,3,2,1,1,1,1,16,15,15,1
SF,IC2012,2020-05-13 09:34:42.300,5098.6000,11725,0,182215480.000,0,-,-,-,-,5097.0000,5096.8000,5096.2000,5094.6000,5094.2000,5099.0000,5099.2000,5101.6000,5105.2000,5106.8000,1,3,2,1,1,1,16,15,15,1
SF,IC2012,2020-05-13 09:34:42.800,5099.0000,11724,-1,183235280.000,1,0,1,双平,S,5099.0000,5097.0000,5096.8000,5096.2000,5094.6000,5099.2000,5101.6000,5105.2000,5106.8000,5107.0000,4,1,3,2,1,16,15,15,1,11
SF,IC2012,2020-05-13 09:34:43.300,5099.0000,11720,-4,187314480.000,4,0,4,双平,S,5097.4000,5097.2000,5096.8000,5096.2000,5094.6000,5099.2000,5101.6000,5105.2000,5106.8000,5107.0000,1,2,1,1,1,16,15,15,1,11
SF,IC2012,2020-05-13 09:34:43.800,5099.0000,11720,0,187314480.000,0,-,-,-,-,5097.6000,5097.2000,5096.8000,5094.6000,5094.2000,5099.0000,5099.2000,5101.6000,5105.2000,5106.8000,1,2,1,1,1,1,16,15,15,1
SF,IC2012,2020-05-13 09:34:44.300,5097.6000,11719,-1,188334000.000,1,0,1,双平,S,5096.8000,5094.6000,5094.2000,5093.0000,5090.0000,5099.0000,5099.2000,5101.6000,5105.2000,5106.8000,1,1,1,1,1,1,16,15,15,1
SF,IC2012,2020-05-13 09:34:45.300,5096.8000,11718,-1,189353360.000,1,0,1,双平,S,5094.6000,5094.2000,5093.0000,5090.0000,5084.8000,5099.0000,5099.2000,5101.6000,5105.2000,5106.8000,1,1,1,1,2,1,16,15,15,1
SF,IC2012,2020-05-13 09:34:45.800,5096.8000,11718,0,189353360.000,0,-,-,-,-,5094.8000,5094.6000,5094.2000,5093.0000,5090.0000,5098.8000,5099.0000,5099.2000,5101.6000,5105.2000,2,1,1,1,1,2,2,15,15,15
SF,IC2012,2020-05-13 09:34:46.300,5096.8000,11718,0,189353360.000,0,-,-,-,-,5096.0000,5094.8000,5094.6000,5094.2000,5093.0000,5098.6000,5098.8000,5099.0000,5099.2000,5101.6000,1,2,1,1,1,1,2,1,15,15
SF,IC2012,2020-05-13 09:34:46.800,5096.8000,11718,0,189353360.000,0,-,-,-,-,5096.0000,5094.8000,5094.2000,5093.0000,5090.0000,5098.6000,5099.0000,5099.2000,5101.6000,5105.2000,1,2,1,1,1,1,1,15,15,15
SF,IC2012,2020-05-13 09:34:47.300,5096.8000,11718,0,189353360.000,0,-,-,-,-,5096.0000,5094.8000,5094.2000,5093.0000,5090.0000,5098.6000,5099.0000,5099.2000,5101.6000,5105.2000,1,1,1,1,1,1,1,15,15,15
SF,IC2012,2020-05-13 09:34:47.800,5096.8000,11718,0,189353360.000,0,-,-,-,-,5096.0000,5094.8000,5094.2000,5093.0000,5090.0000,5098.4000,5098.6000,5099.0000,5099.2000,5101.6000,1,1,1,1,1,1,1,1,15,15
SF,IC2012,2020-05-13 09:34:48.300,5096.8000,11718,0,189353360.000,0,-,-,-,-,5094.2000,5093.0000,5090.0000,5084.8000,5083.4000,5098.0000,5098.2000,5098.4000,5099.0000,5099.2000,1,1,1,2,1,1,1,1,1,15
SF,IC2012,2020-05-13 09:34:48.800,5096.8000,11718,0,189353360.000,0,-,-,-,-,5094.4000,5093.0000,5090.0000,5084.8000,5083.4000,5097.8000,5098.0000,5099.0000,5099.2000,5101.6000,1,1,1,2,1,2,1,1,15,15
SF,IC2012,2020-05-13 09:34:49.800,5096.8000,11718,0,189353360.000,0,-,-,-,-,5094.4000,5093.0000,5084.8000,5083.4000,5083.2000,5097.8000,5098.0000,5099.0000,5099.2000,5101.6000,1,1,2,1,1,2,1,1,15,15
SF,IC2012,2020-05-13 09:34:50.300,5096.8000,11718,0,189353360.000,0,-,-,-,-,5095.0000,5094.6000,5094.4000,5093.0000,5084.8000,5097.8000,5098.0000,5099.0000,5099.2000,5101.6000,1,1,1,1,2,2,1,1,15,15
SF,IC2012,2020-05-13 09:34:50.800,5096.8000,11718,0,189353360.000,0,-,-,-,-,5095.4000,5095.2000,5095.0000,5094.6000,5093.0000,5097.8000,5099.0000,5099.2000,5101.6000,5105.2000,1,1,1,1,1,1,1,15,15,15
SF,IC2012,2020-05-13 09:34:51.300,5096.8000,11718,0,189353360.000,0,-,-,-,-,5095.8000,5095.6000,5095.0000,5094.6000,5093.0000,5097.8000,5099.0000,5099.2000,5101.6000,5105.2000,1,1,1,1,1,1,1,15,15,15
SF,IC2012,2020-05-13 09:34:51.800,5096.8000,11718,0,189353360.000,0,-,-,-,-,5096.0000,5094.6000,5093.0000,5084.8000,5083.4000,5099.0000,5099.2000,5101.6000,5105.2000,5106.8000,2,1,1,2,1,1,15,15,15,1
SF,IC2012,2020-05-13 09:34:52.300,5096.8000,11718,0,189353360.000,0,-,-,-,-,5096.2000,5096.0000,5093.6000,5093.0000,5084.8000,5098.8000,5099.0000,5099.2000,5101.6000,5105.2000,1,2,1,1,2,2,1,15,15,15
SF,IC2012,2020-05-13 09:34:52.800,5096.8000,11718,0,189353360.000,0,-,-,-,-,5096.4000,5096.2000,5096.0000,5093.6000,5093.0000,5098.8000,5099.0000,5099.2000,5101.6000,5105.2000,1,1,1,1,1,2,1,15,15,15
SF,IC2012,2020-05-13 09:34:53.300,5096.8000,11718,0,189353360.000,0,-,-,-,-,5093.6000,5093.0000,5084.8000,5083.4000,5083.2000,5098.8000,5099.0000,5099.2000,5101.6000,5105.2000,1,1,2,1,1,2,1,15,15,15
SF,IC2012,2020-05-13 09:34:53.800,5096.8000,11718,0,189353360.000,0,-,-,-,-,5096.6000,5093.8000,5093.6000,5093.0000,5084.8000,5098.4000,5098.6000,5098.8000,5099.0000,5099.2000,1,1,1,1,2,1,1,2,1,15
SF,IC2012,2020-05-13 09:34:54.300,5096.6000,11717,-1,190372680.000,1,0,1,双平,S,5093.8000,5093.6000,5093.0000,5084.8000,5083.4000,5098.2000,5098.8000,5099.0000,5099.2000,5101.6000,1,1,1,2,1,1,1,1,15,15
SF,IC2012,2020-05-13 09:34:54.800,5096.6000,11717,0,190372680.000,0,-,-,-,-,5093.8000,5093.6000,5093.0000,5084.8000,5083.4000,5098.0000,5098.2000,5099.0000,5099.2000,5101.6000,1,1,1,2,1,2,1,1,15,15
SF,IC2012,2020-05-13 09:34:55.300,5096.6000,11717,0,190372680.000,0,-,-,-,-,5094.0000,5093.8000,5093.6000,5093.0000,5084.8000,5097.8000,5098.0000,5099.0000,5099.2000,5101.6000,1,1,1,1,2,1,2,1,15,15
SF,IC2012,2020-05-13 09:34:55.800,5096.6000,11717,0,190372680.000,0,-,-,-,-,5094.2000,5094.0000,5093.6000,5093.0000,5084.8000,5097.6000,5097.8000,5098.0000,5099.0000,5099.2000,1,1,1,1,2,1,1,1,1,15
SF,IC2012,2020-05-13 09:34:56.300,5096.6000,11717,0,190372680.000,0,-,-,-,-,5094.4000,5094.2000,5094.0000,5093.6000,5093.0000,5097.6000,5099.0000,5099.2000,5101.6000,5105.2000,1,1,1,1,1,1,1,15,15,15
SF,IC2012,2020-05-13 09:34:56.800,5096.6000,11717,0,190372680.000,0,-,-,-,-,5094.8000,5094.6000,5094.4000,5094.0000,5093.0000,5097.6000,5099.0000,5099.2000,5101.6000,5105.2000,1,1,1,1,1,1,1,15,15,15
SF,IC2012,2020-05-13 09:34:57.300,5096.6000,11717,0,190372680.000,0,-,-,-,-,5095.2000,5095.0000,5094.4000,5094.0000,5093.0000,5097.6000,5099.0000,5099.2000,5101.6000,5105.2000,1,1,1,3,1,1,1,15,15,15
SF,IC2012,2020-05-13 09:34:57.800,5096.6000,11717,0,190372680.000,0,-,-,-,-,5095.4000,5095.2000,5094.4000,5094.0000,5093.0000,5097.6000,5099.0000,5099.2000,5101.6000,5105.2000,1,1,1,2,1,1,1,15,15,15
SF,IC2012,2020-05-13 09:34:58.300,5096.6000,11717,0,190372680.000,0,-,-,-,-,5095.4000,5094.0000,5093.0000,5084.8000,5083.4000,5097.6000,5099.0000,5099.2000,5101.6000,5105.2000,1,2,1,2,1,1,1,15,15,15
SF,IC2012,2020-05-13 09:34:58.800,5096.6000,11717,0,190372680.000,0,-,-,-,-,5095.4000,5094.0000,5093.0000,5084.8000,5083.4000,5097.4000,5097.6000,5099.2000,5101.6000,5105.2000,1,2,1,2,1,1,2,15,15,15
SF,IC2012,2020-05-13 09:34:59.300,5096.6000,11717,0,190372680.000,0,-,-,-,-,5095.4000,5094.0000,5093.2000,5093.0000,5084.8000,5097.4000,5097.6000,5099.2000,5101.6000,5105.2000,1,2,1,1,2,1,2,15,15,15
SF,IC2012,2020-05-13 09:34:59.800,5096.6000,11717,0,190372680.000,0,-,-,-,-,5095.4000,5094.0000,5093.2000,5093.0000,5084.8000,5097.2000,5097.6000,5099.2000,5101.6000,5105.2000,1,2,1,1,2,1,2,15,15,15
SF,IC2012,2020-05-13 09:35:00.300,5096.6000,11717,0,190372680.000,0,-,-,-,-,5095.6000,5094.0000,5093.2000,5093.0000,5084.8000,5097.0000,5097.2000,5097.6000,5099.2000,5101.6000,1,2,1,1,2,1,1,2,15,15
SF,IC2012,2020-05-13 09:35:00.800,5096.6000,11717,0,190372680.000,0,-,-,-,-,5095.6000,5094.0000,5093.2000,5093.0000,5084.8000,5097.0000,5097.2000,5097.6000,5099.2000,5101.6000,1,2,1,1,2,1,1,1,15,15
SF,IC2012,2020-05-13 09:35:02.300,5096.6000,11717,0,190372680.000,0,-,-,-,-,5095.6000,5094.0000,5093.2000,5093.0000,5084.8000,5097.0000,5097.2000,5097.6000,5099.2000,5101.6000,1,2,1,1,2,2,1,1,15,15
SF,IC2012,2020-05-13 09:35:03.300,5097.0000,11716,-1,191392080.000,1,0,1,双平,S,5095.6000,5094.0000,5093.2000,5093.0000,5084.8000,5097.0000,5097.2000,5097.6000,5099.2000,5101.6000,1,2,1,1,2,1,1,1,15,15
SF,IC2012,2020-05-13 09:35:03.800,5097.0000,11716,0,191392080.000,0,-,-,-,-,5095.8000,5095.6000,5094.0000,5093.2000,5093.0000,5096.2000,5097.0000,5097.2000,5097.6000,5099.2000,1,1,2,1,1,1,1,1,1,15
SF,IC2012,2020-05-13 09:35:04.300,5096.2000,11716,0,192411320.000,1,0,1,多换,S,5094.0000,5093.2000,5093.0000,5084.8000,5083.4000,5097.0000,5097.2000,5097.6000,5099.2000,5101.6000,2,1,1,2,1,1,1,1,15,15
SF,IC2012,2020-05-13 09:35:04.800,5096.2000,11716,0,192411320.000,0,-,-,-,-,5094.2000,5094.0000,5093.2000,5093.0000,5084.8000,5096.8000,5097.0000,5097.2000,5097.6000,5099.2000,1,2,1,1,2,1,1,1,1,15
SF,IC2012,2020-05-13 09:35:07.300,5096.2000,11716,0,192411320.000,0,-,-,-,-,5094.2000,5094.0000,5093.2000,5093.0000,5084.8000,5096.8000,5097.0000,5097.6000,5099.2000,5101.6000,1,2,1,1,2,1,1,1,15,15
SF,IC2012,2020-05-13 09:35:07.800,5096.2000,11716,0,192411320.000,0,-,-,-,-,5094.2000,5094.0000,5093.2000,5093.0000,5084.8000,5097.0000,5097.6000,5099.2000,5101.6000,5105.2000,1,2,1,1,2,1,1,15,15,15
SF,IC2012,2020-05-13 09:35:08.800,5096.2000,11716,0,192411320.000,0,-,-,-,-,5094.2000,5094.0000,5093.2000,5093.0000,5084.8000,5096.6000,5097.0000,5097.6000,5099.2000,5101.6000,1,2,1,1,2,1,1,1,15,15
SF,IC2012,2020-05-13 09:35:09.300,5096.2000,11716,0,192411320.000,0,-,-,-,-,5094.2000,5094.0000,5093.2000,5093.0000,5084.8000,5096.2000,5097.0000,5097.6000,5099.0000,5099.2000,1,2,1,1,2,1,1,1,1,15
SF,IC2012,2020-05-13 09:35:09.800,5096.2000,11716,0,192411320.000,0,-,-,-,-,5094.2000,5094.0000,5093.0000,5084.8000,5083.4000,5097.0000,5097.6000,5099.0000,5099.2000,5101.6000,1,2,1,2,1,1,1,1,15,15
SF,IC2012,2020-05-13 09:35:10.300,5096.2000,11716,0,192411320.000,0,-,-,-,-,5094.4000,5094.2000,5094.0000,5093.0000,5084.8000,5096.8000,5097.0000,5097.6000,5099.0000,5099.2000,1,1,2,1,2,1,1,1,1,15
SF,IC2012,2020-05-13 09:35:10.800,5096.2000,11716,0,192411320.000,0,-,-,-,-,5094.6000,5094.0000,5093.0000,5084.8000,5083.4000,5097.0000,5097.6000,5099.0000,5099.2000,5101.6000,1,2,1,2,1,1,1,1,15,15
SF,IC2012,2020-05-13 09:35:11.300,5096.2000,11716,0,192411320.000,0,-,-,-,-,5094.8000,5094.6000,5094.0000,5093.0000,5084.8000,5097.0000,5097.6000,5099.0000,5099.2000,5101.6000,1,1,2,1,2,1,1,1,15,15
SF,IC2012,2020-05-13 09:35:11.800,5097.0000,11716,0,193430720.000,1,0,1,多换,S,5095.0000,5094.0000,5093.0000,5084.8000,5083.4000,5097.0000,5099.0000,5099.2000,5101.6000,5105.2000,2,2,1,2,1,1,1,15,15,15
SF,IC2012,2020-05-13 09:35:12.300,5097.0000,11716,0,193430720.000,0,-,-,-,-,5095.2000,5095.0000,5094.0000,5093.0000,5084.8000,5097.0000,5099.0000,5099.2000,5101.6000,5105.2000,1,2,2,1,2,1,1,15,15,15
SF,IC2012,2020-05-13 09:35:12.800,5097.0000,11715,-1,194450120.000,1,0,1,双平,S,5095.4000,5095.2000,5095.0000,5094.0000,5093.0000,5099.0000,5099.2000,5101.6000,5105.2000,5106.8000,1,1,1,2,1,1,15,15,15,1
SF,IC2012,2020-05-13 09:35:13.300,5097.0000,11715,0,194450120.000,0,-,-,-,-,5095.4000,5094.0000,5093.0000,5084.8000,5083.4000,5098.8000,5099.0000,5099.2000,5101.6000,5105.2000,1,2,1,2,1,1,1,15,15,15
SF,IC2012,2020-05-13 09:35:14.800,5098.8000,11715,0,195469880.000,1,0,1,多换,S,5095.4000,5094.0000,5093.0000,5084.8000,5083.4000,5099.0000,5099.2000,5101.6000,5105.2000,5106.8000,1,2,1,2,1,1,15,15,15,1
SF,IC2012,2020-05-13 09:35:15.300,5098.8000,11715,0,195469880.000,0,-,-,-,-,5095.4000,5094.0000,5093.0000,5084.8000,5083.4000,5098.8000,5099.0000,5099.2000,5101.6000,5105.2000,1,2,1,2,1,2,1,15,15,15
SF,IC2012,2020-05-13 09:35:15.800,5098.8000,11715,0,195469880.000,0,-,-,-,-,5095.4000,5094.0000,5093.0000,5084.8000,5083.4000,5098.8000,5099.0000,5099.2000,5101.6000,5105.2000,1,2,1,2,1,1,1,15,15,15
SF,IC2012,2020-05-13 09:35:16.300,5098.8000,11715,0,195469880.000,0,-,-,-,-,5095.4000,5094.0000,5093.0000,5084.8000,5083.4000,5098.4000,5098.8000,5099.0000,5099.2000,5101.6000,1,2,1,2,1,1,1,1,15,15
SF,IC2012,2020-05-13 09:35:16.800,5098.8000,11715,0,195469880.000,0,-,-,-,-,5095.4000,5094.0000,5093.0000,5084.8000,5083.4000,5098.4000,5099.0000,5099.2000,5101.6000,5105.2000,1,2,1,2,1,1,1,15,15,15
SF,IC2012,2020-05-13 09:35:17.300,5098.8000,11715,0,195469880.000,0,-,-,-,-,5095.4000,5094.0000,5093.0000,5084.8000,5083.4000,5099.0000,5099.2000,5101.6000,5105.2000,5106.8000,1,2,1,2,1,1,15,15,15,1
SF,IC2012,2020-05-13 09:35:17.800,5098.8000,11715,0,195469880.000,0,-,-,-,-,5095.4000,5094.0000,5093.0000,5084.8000,5083.4000,5098.8000,5099.0000,5099.2000,5101.6000,5105.2000,1,2,1,2,1,2,1,15,15,15
SF,IC2012,2020-05-13 09:35:18.300,5098.8000,11715,0,195469880.000,0,-,-,-,-,5095.4000,5094.0000,5093.0000,5084.8000,5083.4000,5098.8000,5099.0000,5099.2000,5101.6000,5105.2000,1,2,1,2,1,1,1,15,15,15
SF,IC2012,2020-05-13 09:35:18.800,5098.8000,11715,0,195469880.000,0,-,-,-,-,5095.4000,5094.0000,5093.0000,5084.8000,5083.4000,5099.0000,5099.2000,5101.6000,5105.2000,5106.8000,1,2,1,2,1,1,15,15,15,1
SF,IC2012,2020-05-13 09:35:19.300,5098.8000,11715,0,195469880.000,0,-,-,-,-,5095.6000,5095.4000,5094.0000,5093.0000,5084.8000,5099.0000,5099.2000,5101.6000,5105.2000,5106.8000,1,1,2,1,2,1,15,15,15,1
SF,IC2012,2020-05-13 09:35:19.800,5098.8000,11715,0,195469880.000,0,-,-,-,-,5095.8000,5095.6000,5094.0000,5093.0000,5084.8000,5099.0000,5099.2000,5101.6000,5105.2000,5106.8000,1,1,2,1,2,1,15,15,15,1
SF,IC2012,2020-05-13 09:35:20.300,5098.8000,11715,0,195469880.000,0,-,-,-,-,5096.2000,5095.8000,5094.0000,5093.0000,5084.8000,5099.0000,5099.2000,5101.6000,5105.2000,5106.8000,1,1,2,1,2,1,15,15,15,1
SF,IC2012,2020-05-13 09:35:20.800,5098.8000,11715,0,195469880.000,0,-,-,-,-,5096.4000,5096.2000,5094.0000,5093.0000,5084.8000,5099.0000,5099.2000,5101.6000,5105.2000,5106.8000,1,1,2,1,2,1,15,15,15,1
SF,IC2012,2020-05-13 09:35:21.300,5098.8000,11715,0,195469880.000,0,-,-,-,-,5096.4000,5095.4000,5094.0000,5093.0000,5084.8000,5099.0000,5099.2000,5101.6000,5105.2000,5106.8000,1,1,2,1,2,1,15,15,15,1
SF,IC2012,2020-05-13 09:35:24.800,5099.0000,11714,-1,196489680.000,1,0,1,双平,S,5096.4000,5095.4000,5094.0000,5093.0000,5084.8000,5099.2000,5101.6000,5105.2000,5106.8000,5107.0000,1,1,2,1,2,15,15,15,1,11
SF,IC2012,2020-05-13 09:35:25.300,5099.2000,11708,-6,202608720.000,6,0,6,双平,S,5096.8000,5096.6000,5095.4000,5094.0000,5093.0000,5099.2000,5101.6000,5105.2000,5106.8000,5107.0000,1,2,1,2,1,9,15,15,1,11
