市场代码,合约代码,时间,最新,持仓,增仓,成交额,成交量,开仓,平仓,成交类型,方向,买一价,买二价,买三价,买四价,买五价,卖一价,卖二价,卖三价,卖四价,卖五价,买一量,买二量,买三量,买四量,买五量,卖一量,卖二量,卖三量,卖四量,卖五量
SF,IC2012,2020-06-18 09:29:00.400,5260.0000,28006,0,7364000.000,7.000,-,-,-,-,5256.8000,5252.6000,5252.0000,5245.8000,5242.8000,5260.0000,5260.6000,5260.8000,5261.0000,5262.0000,1,1,1,1,1,1,1,3,2,1
SF,IC2012,2020-06-18 09:30:00.400,5256.8000,28007,1,8415360.000,1,1,0,双开,S,5252.6000,5252.0000,5249.8000,5242.8000,5242.2000,5260.0000,5260.6000,5260.8000,5261.0000,5262.0000,1,1,2,1,1,1,1,3,2,1
SF,IC2012,2020-06-18 09:30:00.900,5256.8000,28007,0,8415360.000,0,-,-,-,-,5252.8000,5252.6000,5252.0000,5249.8000,5242.8000,5260.0000,5260.8000,5261.0000,5262.0000,5263.8000,1,1,1,2,1,1,3,2,1,1
SF,IC2012,2020-06-18 09:30:01.400,5256.8000,28007,0,8415360.000,0,-,-,-,-,5252.8000,5252.6000,5252.0000,5249.8000,5249.0000,5259.8000,5260.0000,5260.8000,5261.0000,5262.0000,1,1,1,2,5,1,1,3,2,1
SF,IC2012,2020-06-18 09:30:01.900,5252.6000,28006,-1,11567040.000,3,1,2,多平,S,5252.0000,5249.8000,5249.0000,5242.8000,5242.0000,5259.6000,5259.8000,5260.0000,5260.8000,5261.0000,1,2,5,1,1,1,3,1,3,2
SF,IC2012,2020-06-18 09:30:02.400,5252.6000,28006,0,11567040.000,0,-,-,-,-,5252.0000,5249.8000,5249.0000,5242.8000,5242.0000,5259.4000,5259.6000,5259.8000,5260.0000,5260.8000,3,2,5,1,1,1,2,1,1,3
SF,IC2012,2020-06-18 09:30:02.900,5252.0000,28005,-1,13669280.000,2,0,2,多平,S,5252.0000,5249.8000,5243.2000,5242.8000,5242.0000,5256.8000,5259.2000,5259.4000,5259.6000,5260.0000,1,2,5,1,1,1,1,4,1,1
SF,IC2012,2020-06-18 09:30:03.400,5252.0000,28005,0,14719680.000,1,0,1,多换,S,5249.8000,5243.2000,5242.8000,5242.0000,5240.0000,5252.0000,5256.6000,5256.8000,5258.0000,5259.2000,2,5,1,1,4,1,3,1,1,1
SF,IC2012,2020-06-18 09:30:03.900,5249.8000,28005,0,16820040.000,2,1,1,多换,S,5249.8000,5243.2000,5242.8000,5242.0000,5240.0000,5252.0000,5256.6000,5256.8000,5258.0000,5259.4000,1,5,1,1,4,2,4,1,1,3
SF,IC2012,2020-06-18 09:30:04.400,5249.8000,28005,0,16820040.000,0,-,-,-,-,5250.0000,5249.8000,5243.2000,5242.8000,5242.0000,5252.0000,5256.6000,5256.8000,5258.0000,5259.4000,1,1,5,1,1,3,3,1,1,3
SF,IC2012,2020-06-18 09:30:04.900,5252.0000,28006,1,17870440.000,1,1,0,双开,S,5250.0000,5249.8000,5243.2000,5242.8000,5240.0000,5252.0000,5256.6000,5256.8000,5258.0000,5259.4000,1,1,5,1,4,2,3,1,1,3
SF,IC2012,2020-06-18 09:30:05.400,5252.0000,28006,0,18920840.000,1,0,1,多换,S,5250.0000,5249.8000,5243.2000,5242.8000,5240.0000,5252.0000,5256.6000,5256.8000,5258.0000,5259.4000,1,1,5,1,4,1,3,1,1,1
SF,IC2012,2020-06-18 09:30:05.900,5252.0000,28005,-1,19971240.000,1,0,1,双平,S,5250.2000,5250.0000,5249.8000,5243.2000,5242.8000,5256.6000,5256.8000,5258.0000,5259.4000,5259.6000,1,2,1,5,1,3,1,1,1,1
SF,IC2012,2020-06-18 09:30:06.400,5250.4000,28004,-1,21021320.000,1,0,1,双平,S,5250.2000,5250.0000,5249.8000,5243.2000,5242.8000,5254.6000,5256.4000,5256.6000,5256.8000,5258.0000,1,2,1,5,1,1,1,2,1,1
SF,IC2012,2020-06-18 09:30:06.900,5254.4000,28004,0,22072200.000,1,0,1,多换,S,5250.4000,5250.0000,5249.8000,5243.2000,5242.8000,5254.6000,5256.6000,5256.8000,5258.0000,5259.4000,1,2,1,5,1,1,2,1,1,1
SF,IC2012,2020-06-18 09:30:07.400,5254.4000,28004,0,22072200.000,0,-,-,-,-,5251.2000,5250.4000,5250.0000,5249.8000,5243.2000,5254.6000,5256.6000,5256.8000,5258.0000,5259.4000,1,2,2,1,5,1,2,1,1,1
SF,IC2012,2020-06-18 09:30:07.900,5254.4000,28004,0,22072200.000,0,-,-,-,-,5251.4000,5250.4000,5250.2000,5250.0000,5249.8000,5254.6000,5256.6000,5256.8000,5258.0000,5259.4000,1,1,1,2,1,1,2,1,1,1
SF,IC2012,2020-06-18 09:30:08.400,5254.4000,28004,0,22072200.000,0,-,-,-,-,5251.4000,5250.2000,5250.0000,5249.8000,5243.2000,5254.6000,5256.6000,5256.8000,5258.0000,5258.2000,2,1,2,1,5,1,2,1,1,2
SF,IC2012,2020-06-18 09:30:08.900,5254.4000,28004,0,22072200.000,0,-,-,-,-,5255.6000,5251.4000,5250.2000,5250.0000,5243.2000,5256.6000,5256.8000,5258.2000,5259.4000,5259.6000,1,2,2,2,5,2,1,2,1,1
SF,IC2012,2020-06-18 09:30:09.400,5256.6000,28003,-1,24174640.000,2,0,2,多平,S,5251.4000,5251.2000,5250.2000,5250.0000,5243.2000,5256.6000,5256.8000,5258.2000,5259.4000,5259.6000,1,1,2,3,5,2,1,2,1,1
SF,IC2012,2020-06-18 09:30:09.900,5256.6000,28003,0,24174640.000,0,-,-,-,-,5251.4000,5251.2000,5250.2000,5250.0000,5243.2000,5254.8000,5256.6000,5256.8000,5259.4000,5259.6000,1,2,2,3,5,1,2,1,1,1
SF,IC2012,2020-06-18 09:30:10.400,5256.6000,28003,0,24174640.000,0,-,-,-,-,5252.4000,5251.4000,5251.2000,5250.2000,5250.0000,5254.8000,5256.4000,5256.6000,5256.8000,5259.4000,1,1,2,2,2,1,1,2,1,1
SF,IC2012,2020-06-18 09:30:10.900,5254.8000,28002,-1,25225600.000,1,0,1,双平,S,5255.8000,5254.8000,5253.6000,5252.4000,5251.2000,5256.6000,5256.8000,5259.4000,5259.6000,5260.0000,1,2,1,1,2,2,1,1,1,1
SF,IC2012,2020-06-18 09:30:11.400,5252.4000,28001,-1,28378000.000,3,1,2,多平,S,5251.2000,5250.2000,5250.0000,5243.2000,5242.8000,5251.4000,5254.8000,5256.6000,5256.8000,5259.4000,1,2,2,5,1,1,1,2,1,1
SF,IC2012,2020-06-18 09:30:11.900,5251.4000,28001,0,29428280.000,1,0,1,多换,S,5251.4000,5251.2000,5250.2000,5250.0000,5243.2000,5256.6000,5256.8000,5259.4000,5259.6000,5260.0000,2,2,2,2,5,2,1,1,1,1
SF,IC2012,2020-06-18 09:30:12.400,5251.4000,28001,0,29428280.000,0,-,-,-,-,5251.4000,5251.2000,5250.2000,5250.0000,5243.2000,5256.4000,5256.6000,5256.8000,5259.4000,5259.6000,1,2,1,2,5,1,2,1,1,1
SF,IC2012,2020-06-18 09:30:12.900,5256.6000,28000,-1,31530880.000,2,0,2,多平,S,5252.4000,5252.0000,5251.8000,5251.6000,5251.4000,5256.6000,5256.8000,5259.4000,5259.6000,5260.0000,1,1,1,3,1,1,1,1,1,1
SF,IC2012,2020-06-18 09:30:13.400,5256.6000,28000,0,32582200.000,1,0,1,多换,S,5252.6000,5252.4000,5252.0000,5251.8000,5251.6000,5256.0000,5256.2000,5256.8000,5259.4000,5259.6000,1,1,1,2,2,1,1,1,1,1
SF,IC2012,2020-06-18 09:30:13.900,5256.6000,28000,0,32582200.000,0,-,-,-,-,5252.6000,5252.4000,5252.0000,5251.8000,5251.6000,5255.8000,5256.0000,5256.2000,5256.4000,5256.8000,2,1,1,2,1,1,1,1,1,1
SF,IC2012,2020-06-18 09:30:14.400,5256.6000,28000,0,32582200.000,0,-,-,-,-,5252.8000,5252.6000,5252.4000,5252.0000,5251.8000,5255.8000,5256.0000,5256.2000,5256.4000,5256.8000,1,1,1,1,2,2,1,1,1,1
SF,IC2012,2020-06-18 09:30:14.900,5256.6000,28001,1,33633520.000,1,1,0,双开,S,5253.6000,5253.0000,5252.8000,5252.0000,5251.8000,5255.8000,5256.0000,5256.4000,5256.8000,5259.4000,1,2,1,1,2,1,1,1,1,1
SF,IC2012,2020-06-18 09:30:15.400,5256.6000,28001,0,33633520.000,0,-,-,-,-,5253.8000,5253.0000,5252.0000,5251.8000,5251.6000,5255.6000,5255.8000,5256.4000,5256.8000,5259.4000,1,1,1,2,2,1,1,1,1,1
SF,IC2012,2020-06-18 09:30:15.900,5256.6000,28001,0,33633520.000,0,-,-,-,-,5253.8000,5253.0000,5252.0000,5251.8000,5251.6000,5255.6000,5255.8000,5256.4000,5256.8000,5259.4000,1,1,1,2,2,1,2,1,1,1
SF,IC2012,2020-06-18 09:30:16.400,5256.6000,28001,0,33633520.000,0,-,-,-,-,5253.8000,5253.0000,5252.0000,5251.8000,5251.6000,5255.6000,5255.8000,5256.4000,5256.8000,5259.4000,1,1,1,2,2,1,2,1,1,1
SF,IC2012,2020-06-18 09:30:16.900,5256.6000,28001,0,34684840.000,1,0,1,多换,S,5254.0000,5253.8000,5253.0000,5252.0000,5251.8000,5255.8000,5256.4000,5256.8000,5259.4000,5259.6000,1,1,1,1,2,2,1,1,1,1
SF,IC2012,2020-06-18 09:30:17.400,5256.6000,28001,0,34684840.000,0,-,-,-,-,5254.2000,5254.0000,5253.0000,5252.0000,5251.8000,5255.8000,5256.4000,5256.8000,5259.4000,5259.6000,1,1,1,1,2,2,1,1,1,1
SF,IC2012,2020-06-18 09:30:17.900,5256.6000,28001,0,34684840.000,0,-,-,-,-,5254.2000,5253.0000,5252.0000,5251.8000,5251.6000,5255.0000,5255.8000,5256.4000,5256.8000,5259.4000,2,1,1,1,2,1,2,1,1,1
SF,IC2012,2020-06-18 09:30:18.400,5255.8000,28000,-1,36787000.000,2,0,2,多平,S,5254.4000,5254.2000,5252.0000,5251.8000,5251.6000,5255.8000,5256.4000,5256.8000,5259.4000,5259.6000,1,2,1,1,1,1,1,1,1,1
SF,IC2012,2020-06-18 09:30:18.900,5255.8000,28001,1,37838160.000,1,1,0,双开,S,5254.2000,5252.0000,5251.8000,5251.6000,5251.4000,5256.4000,5256.8000,5259.4000,5259.6000,5260.8000,2,1,1,1,2,1,1,1,1,3
SF,IC2012,2020-06-18 09:30:19.400,5255.8000,28001,0,37838160.000,0,-,-,-,-,5254.2000,5252.0000,5251.8000,5251.6000,5251.4000,5255.6000,5256.4000,5256.8000,5259.4000,5259.6000,1,1,1,1,2,1,1,1,1,1
SF,IC2012,2020-06-18 09:30:20.400,5255.8000,28001,0,37838160.000,0,-,-,-,-,5254.2000,5252.0000,5251.8000,5251.6000,5251.4000,5255.6000,5256.4000,5256.8000,5259.4000,5259.6000,1,1,1,1,2,1,1,1,1,1
SF,IC2012,2020-06-18 09:30:20.900,5256.4000,28001,0,38889440.000,1,0,1,多换,S,5254.2000,5251.8000,5251.4000,5251.2000,5251.0000,5256.8000,5259.4000,5259.6000,5260.8000,5261.0000,1,1,2,2,20,1,1,1,3,2
SF,IC2012,2020-06-18 09:30:21.400,5256.4000,28001,0,38889440.000,0,-,-,-,-,5254.4000,5254.2000,5251.8000,5251.4000,5251.2000,5255.4000,5256.8000,5259.4000,5259.6000,5260.8000,4,1,1,2,2,1,1,1,1,3
SF,IC2012,2020-06-18 09:30:21.900,5254.4000,28001,0,39940320.000,1,0,1,多换,S,5254.4000,5254.2000,5251.8000,5251.4000,5251.2000,5255.4000,5256.8000,5259.4000,5259.6000,5260.8000,2,1,1,2,2,1,1,1,1,3
SF,IC2012,2020-06-18 09:30:22.400,5254.4000,28001,0,39940320.000,0,-,-,-,-,5254.4000,5251.8000,5251.4000,5251.2000,5251.0000,5256.8000,5259.4000,5259.6000,5260.8000,5261.0000,2,1,2,2,20,1,1,1,3,2
SF,IC2012,2020-06-18 09:30:22.900,5254.4000,28001,0,39940320.000,0,-,-,-,-,5256.4000,5254.6000,5254.4000,5251.4000,5251.2000,5256.8000,5259.4000,5259.6000,5260.8000,5261.0000,1,1,2,2,2,1,1,1,3,2
SF,IC2012,2020-06-18 09:30:23.400,5254.4000,27998,-3,44143840.000,4,0,4,多平,S,5251.4000,5251.2000,5251.0000,5250.2000,5250.0000,5254.4000,5256.0000,5256.6000,5256.8000,5259.4000,2,2,20,2,2,9,1,1,1,1
SF,IC2012,2020-06-18 09:30:23.900,5254.4000,27996,-2,47296480.000,3,0,3,多平,S,5251.6000,5251.4000,5251.2000,5251.0000,5250.2000,5254.4000,5256.6000,5256.8000,5259.4000,5259.6000,1,2,2,20,2,6,1,1,1,1
SF,IC2012,2020-06-18 09:30:24.400,5254.4000,27995,-1,48347360.000,1,0,1,双平,S,5251.6000,5251.4000,5251.2000,5251.0000,5250.2000,5254.4000,5256.8000,5259.4000,5259.6000,5260.8000,1,2,1,20,2,5,1,1,1,3
SF,IC2012,2020-06-18 09:30:24.900,5254.4000,27995,0,49398240.000,1,0,1,多换,S,5251.6000,5251.4000,5251.2000,5251.0000,5250.2000,5254.4000,5256.8000,5259.4000,5259.6000,5260.8000,1,2,1,20,2,4,1,1,1,3
SF,IC2012,2020-06-18 09:30:25.400,5251.8000,27995,0,50448600.000,1,0,1,多换,S,5251.6000,5251.4000,5251.2000,5251.0000,5250.2000,5254.4000,5256.8000,5259.4000,5259.6000,5260.8000,1,2,1,20,2,4,1,1,1,3
SF,IC2012,2020-06-18 09:30:25.900,5251.8000,27995,0,50448600.000,0,-,-,-,-,5251.6000,5251.4000,5251.2000,5251.0000,5250.2000,5254.4000,5256.8000,5259.4000,5259.6000,5260.8000,1,2,1,20,2,4,1,1,1,3
SF,IC2012,2020-06-18 09:30:26.400,5251.8000,27995,0,50448600.000,0,-,-,-,-,5251.6000,5251.4000,5251.2000,5251.0000,5250.2000,5254.4000,5255.0000,5256.8000,5259.4000,5259.6000,1,2,1,20,2,4,2,1,1,1
SF,IC2012,2020-06-18 09:30:26.900,5254.2000,27995,0,51499440.000,1,0,1,多换,S,5252.0000,5251.6000,5251.4000,5251.2000,5251.0000,5254.4000,5255.0000,5256.8000,5259.4000,5259.6000,1,1,2,1,20,4,2,1,1,1
SF,IC2012,2020-06-18 09:30:27.400,5254.2000,27995,0,51499440.000,0,-,-,-,-,5251.6000,5251.4000,5251.2000,5251.0000,5250.2000,5254.2000,5254.4000,5255.0000,5256.8000,5259.4000,1,2,1,20,2,1,4,2,1,1
SF,IC2012,2020-06-18 09:30:27.900,5254.2000,27995,0,51499440.000,0,-,-,-,-,5251.8000,5251.6000,5251.4000,5251.2000,5251.0000,5254.2000,5254.4000,5255.0000,5256.8000,5259.4000,1,1,2,1,20,1,4,2,1,1
SF,IC2012,2020-06-18 09:30:28.400,5254.2000,27995,0,51499440.000,0,-,-,-,-,5251.6000,5251.4000,5251.2000,5251.0000,5250.2000,5254.4000,5255.0000,5256.8000,5259.4000,5259.6000,1,2,1,20,2,4,2,1,1,1
SF,IC2012,2020-06-18 09:30:28.900,5254.2000,27995,0,52550280.000,1,0,1,多换,S,5251.6000,5251.4000,5251.2000,5251.0000,5250.2000,5254.4000,5255.0000,5256.8000,5259.4000,5259.6000,1,2,1,20,2,4,2,1,1,1
SF,IC2012,2020-06-18 09:30:29.400,5254.2000,27995,0,52550280.000,0,-,-,-,-,5251.8000,5251.6000,5251.4000,5251.2000,5251.0000,5254.4000,5255.0000,5256.8000,5259.4000,5259.6000,1,1,2,1,20,4,2,1,1,1
SF,IC2012,2020-06-18 09:30:29.900,5254.2000,27995,0,52550280.000,0,-,-,-,-,5252.0000,5251.8000,5251.4000,5251.2000,5251.0000,5254.4000,5255.0000,5256.8000,5259.4000,5259.6000,1,2,2,1,20,4,2,1,1,1
SF,IC2012,2020-06-18 09:30:30.400,5254.2000,27995,0,52550280.000,0,-,-,-,-,5252.0000,5251.8000,5251.4000,5251.2000,5251.0000,5254.4000,5255.0000,5256.8000,5259.4000,5259.6000,1,1,2,1,20,4,2,1,1,1
SF,IC2012,2020-06-18 09:30:30.900,5254.4000,27995,0,53601160.000,1,0,1,多换,S,5252.2000,5252.0000,5251.8000,5251.4000,5251.2000,5254.4000,5255.0000,5256.8000,5259.4000,5259.6000,1,1,1,2,1,3,2,1,1,1
SF,IC2012,2020-06-18 09:30:31.400,5253.0000,27996,1,60957400.000,7,4,3,空开,S,5253.0000,5252.2000,5252.0000,5251.8000,5251.4000,5256.8000,5259.4000,5259.6000,5260.8000,5261.0000,1,1,1,1,2,1,1,1,3,2
SF,IC2012,2020-06-18 09:30:31.900,5253.0000,27996,0,60957400.000,0,-,-,-,-,5253.2000,5253.0000,5252.4000,5251.4000,5251.2000,5256.8000,5259.4000,5259.6000,5260.8000,5261.0000,1,1,1,2,1,1,1,1,3,2
SF,IC2012,2020-06-18 09:30:32.400,5253.0000,27996,0,60957400.000,0,-,-,-,-,5253.2000,5253.0000,5252.4000,5251.4000,5251.2000,5256.8000,5259.4000,5259.6000,5260.8000,5261.0000,2,1,1,2,1,1,1,1,3,2
SF,IC2012,2020-06-18 09:30:32.900,5256.8000,27996,0,62008760.000,1,0,1,多换,S,5253.2000,5253.0000,5252.4000,5251.4000,5251.2000,5259.4000,5259.6000,5260.8000,5261.0000,5262.0000,3,1,1,2,1,1,1,3,2,2
SF,IC2012,2020-06-18 09:30:33.400,5256.8000,27996,0,62008760.000,0,-,-,-,-,5253.4000,5253.2000,5253.0000,5251.4000,5251.2000,5257.2000,5259.4000,5259.6000,5260.8000,5261.0000,3,2,1,2,1,2,1,1,3,2
SF,IC2012,2020-06-18 09:30:33.900,5256.8000,27996,0,62008760.000,0,-,-,-,-,5253.6000,5253.4000,5253.2000,5253.0000,5251.4000,5257.2000,5259.4000,5259.6000,5260.8000,5261.0000,1,2,1,1,2,2,1,1,3,2
SF,IC2012,2020-06-18 09:30:34.400,5256.8000,27996,0,62008760.000,0,-,-,-,-,5253.6000,5253.4000,5253.2000,5253.0000,5251.4000,5257.2000,5258.0000,5259.4000,5259.6000,5260.8000,1,2,1,1,2,2,1,1,1,3
SF,IC2012,2020-06-18 09:30:34.900,5257.2000,27996,0,63060200.000,1,0,1,多换,S,5253.8000,5253.6000,5253.4000,5253.2000,5253.0000,5257.2000,5258.0000,5259.4000,5259.6000,5260.8000,1,1,2,1,1,1,1,1,1,3
SF,IC2012,2020-06-18 09:30:35.400,5257.2000,27996,0,63060200.000,0,-,-,-,-,5254.0000,5253.6000,5253.4000,5253.2000,5253.0000,5257.2000,5258.0000,5259.4000,5259.6000,5260.8000,1,1,2,1,1,1,1,1,1,3
SF,IC2012,2020-06-18 09:30:35.900,5257.2000,27996,0,63060200.000,0,-,-,-,-,5254.4000,5254.0000,5253.4000,5253.2000,5253.0000,5255.0000,5257.2000,5258.0000,5259.4000,5259.6000,1,1,1,1,1,1,1,1,1,1
SF,IC2012,2020-06-18 09:30:36.400,5255.0000,27996,0,64111200.000,1,0,1,多换,S,5254.2000,5254.0000,5253.4000,5253.2000,5253.0000,5257.2000,5258.0000,5259.4000,5259.6000,5260.8000,1,1,1,1,1,1,1,1,1,3
SF,IC2012,2020-06-18 09:30:36.900,5255.0000,27996,0,64111200.000,0,-,-,-,-,5256.0000,5254.4000,5254.2000,5254.0000,5253.4000,5257.2000,5258.0000,5259.4000,5259.6000,5260.8000,1,1,1,1,1,1,1,1,1,3
SF,IC2012,2020-06-18 09:30:37.400,5256.0000,27996,0,65162400.000,1,0,1,多换,S,5254.4000,5253.4000,5253.0000,5251.4000,5251.2000,5258.0000,5259.4000,5259.6000,5260.8000,5261.0000,1,1,1,2,1,1,1,1,3,2
SF,IC2012,2020-06-18 09:30:37.900,5256.0000,27996,0,65162400.000,0,-,-,-,-,5254.4000,5253.4000,5253.0000,5251.4000,5251.2000,5257.2000,5259.4000,5259.6000,5260.8000,5261.0000,1,1,1,2,1,1,1,1,3,2
SF,IC2012,2020-06-18 09:30:38.900,5257.2000,27996,0,66213840.000,1,0,1,多换,S,5254.4000,5253.4000,5253.0000,5251.4000,5251.2000,5257.4000,5259.4000,5259.6000,5260.8000,5261.0000,1,1,1,2,1,1,1,1,3,2
SF,IC2012,2020-06-18 09:30:39.400,5257.2000,27996,0,66213840.000,0,-,-,-,-,5254.4000,5253.4000,5253.0000,5251.4000,5251.2000,5257.4000,5259.0000,5259.4000,5259.6000,5260.8000,1,1,1,2,1,1,1,1,1,3
SF,IC2012,2020-06-18 09:30:39.900,5257.2000,27996,0,66213840.000,0,-,-,-,-,5254.4000,5253.4000,5253.0000,5251.4000,5251.2000,5257.2000,5257.4000,5259.0000,5259.4000,5259.6000,1,1,1,2,1,1,1,1,1,1
SF,IC2012,2020-06-18 09:30:40.900,5257.2000,27996,0,67265280.000,1,0,1,多换,S,5254.6000,5254.4000,5253.4000,5253.0000,5251.4000,5257.4000,5259.0000,5259.4000,5259.6000,5260.8000,1,1,1,1,2,1,1,1,1,3
SF,IC2012,2020-06-18 09:30:41.400,5254.8000,27996,0,68316240.000,1,0,1,多换,S,5254.8000,5254.6000,5253.4000,5253.0000,5251.4000,5257.4000,5259.0000,5259.4000,5259.6000,5260.8000,1,1,1,1,1,1,1,1,1,3
SF,IC2012,2020-06-18 09:30:41.900,5254.8000,27996,0,68316240.000,0,-,-,-,-,5255.0000,5254.8000,5254.6000,5253.4000,5253.0000,5257.2000,5257.4000,5259.0000,5259.4000,5259.6000,1,1,2,1,1,1,1,1,1,1
SF,IC2012,2020-06-18 09:30:42.400,5254.8000,27996,0,68316240.000,0,-,-,-,-,5255.0000,5254.8000,5254.6000,5253.4000,5253.0000,5257.4000,5259.0000,5259.4000,5259.6000,5260.8000,1,1,1,1,1,1,1,1,1,3
SF,IC2012,2020-06-18 09:30:42.900,5257.4000,27997,1,69367720.000,1,1,0,双开,S,5255.0000,5254.8000,5254.6000,5253.4000,5253.0000,5259.0000,5259.4000,5259.6000,5260.2000,5260.8000,1,1,1,1,1,1,1,1,1,3
SF,IC2012,2020-06-18 09:30:43.400,5257.4000,27997,0,69367720.000,0,-,-,-,-,5255.2000,5255.0000,5254.6000,5253.4000,5253.0000,5257.0000,5259.0000,5259.4000,5259.6000,5260.8000,1,1,1,1,1,1,1,1,1,3
SF,IC2012,2020-06-18 09:30:43.900,5257.4000,27997,0,69367720.000,0,-,-,-,-,5255.4000,5253.4000,5253.0000,5251.4000,5251.2000,5257.0000,5258.4000,5259.0000,5259.4000,5259.6000,1,1,1,1,1,1,1,1,2,1
SF,IC2012,2020-06-18 09:30:44.400,5257.4000,27997,0,69367720.000,0,-,-,-,-,5255.4000,5253.4000,5253.0000,5251.4000,5251.2000,5257.0000,5258.4000,5259.0000,5259.4000,5259.6000,2,1,1,1,1,1,1,1,2,1
SF,IC2012,2020-06-18 09:30:44.900,5257.4000,27998,1,70419200.000,1,1,0,双开,S,5255.4000,5253.4000,5253.0000,5252.0000,5251.4000,5258.4000,5259.0000,5259.4000,5259.6000,5260.8000,1,1,1,1,1,1,1,2,1,3
SF,IC2012,2020-06-18 09:30:45.400,5257.4000,27998,0,70419200.000,0,-,-,-,-,5255.6000,5253.4000,5253.0000,5252.0000,5251.4000,5258.4000,5259.0000,5259.4000,5259.6000,5260.8000,1,1,1,1,1,1,1,2,1,3
SF,IC2012,2020-06-18 09:30:45.900,5257.4000,27998,0,70419200.000,0,-,-,-,-,5255.8000,5255.6000,5253.4000,5253.0000,5252.0000,5258.4000,5259.0000,5259.4000,5259.6000,5260.8000,1,2,1,1,1,1,1,2,1,3
SF,IC2012,2020-06-18 09:30:46.400,5257.4000,27998,0,70419200.000,0,-,-,-,-,5256.0000,5255.8000,5253.4000,5253.0000,5252.0000,5259.0000,5259.4000,5259.6000,5261.0000,5262.0000,1,1,1,1,1,1,2,1,2,2
SF,IC2012,2020-06-18 09:30:46.900,5258.8000,27998,0,71470960.000,1,0,1,多换,S,5256.2000,5256.0000,5253.4000,5253.0000,5252.0000,5259.0000,5259.4000,5259.6000,5261.0000,5262.0000,1,1,1,1,1,1,1,1,2,2
SF,IC2012,2020-06-18 09:30:47.400,5258.8000,27998,0,71470960.000,0,-,-,-,-,5256.4000,5256.2000,5256.0000,5253.4000,5253.0000,5257.0000,5259.0000,5259.4000,5259.6000,5261.0000,1,1,1,1,1,1,1,1,1,2
SF,IC2012,2020-06-18 09:30:47.900,5257.0000,27997,-1,72522360.000,1,0,1,双平,S,5256.4000,5256.2000,5256.0000,5253.4000,5253.0000,5258.0000,5259.0000,5259.4000,5259.6000,5260.0000,1,1,1,1,1,1,1,1,1,1
SF,IC2012,2020-06-18 09:30:48.400,5257.0000,27997,0,72522360.000,0,-,-,-,-,5256.4000,5256.0000,5253.4000,5253.0000,5252.0000,5258.0000,5259.0000,5259.6000,5260.0000,5261.0000,1,1,1,1,1,1,1,1,1,2
SF,IC2012,2020-06-18 09:30:48.900,5258.0000,27997,0,73573960.000,1,0,1,多换,S,5256.0000,5253.4000,5253.0000,5252.0000,5251.4000,5259.0000,5259.6000,5260.0000,5261.0000,5262.0000,1,1,1,1,1,1,1,1,2,2
SF,IC2012,2020-06-18 09:30:49.400,5258.0000,27997,0,73573960.000,0,-,-,-,-,5256.6000,5256.4000,5256.2000,5256.0000,5253.4000,5259.0000,5259.6000,5260.0000,5261.0000,5262.0000,1,1,1,1,1,1,1,1,2,2
SF,IC2012,2020-06-18 09:30:49.900,5258.0000,27997,0,73573960.000,0,-,-,-,-,5256.8000,5256.4000,5256.2000,5253.4000,5253.0000,5259.0000,5259.6000,5260.0000,5261.0000,5262.0000,1,1,1,1,1,1,1,1,2,2
SF,IC2012,2020-06-18 09:30:50.400,5258.0000,27997,0,73573960.000,0,-,-,-,-,5256.8000,5256.4000,5256.2000,5253.4000,5253.0000,5259.0000,5259.6000,5260.0000,5261.0000,5262.0000,2,1,1,1,1,1,1,1,2,2
SF,IC2012,2020-06-18 09:30:50.900,5259.0000,27997,0,74625760.000,1,0,1,多换,S,5256.8000,5256.4000,5256.2000,5253.4000,5253.0000,5259.6000,5260.0000,5261.0000,5262.0000,5262.2000,2,1,1,1,1,1,1,2,2,1
SF,IC2012,2020-06-18 09:30:51.400,5257.0000,27998,1,75677160.000,1,1,0,双开,S,5256.8000,5256.4000,5253.4000,5253.0000,5252.0000,5259.6000,5260.0000,5261.0000,5262.0000,5262.2000,1,1,1,1,1,1,1,2,2,1
SF,IC2012,2020-06-18 09:30:51.900,5257.0000,27998,0,75677160.000,0,-,-,-,-,5257.0000,5256.8000,5256.4000,5253.4000,5253.0000,5257.8000,5259.6000,5260.0000,5261.0000,5262.0000,1,1,1,1,1,5,1,1,2,2
SF,IC2012,2020-06-18 09:30:52.400,5257.0000,27998,0,75677160.000,0,-,-,-,-,5256.8000,5256.4000,5253.4000,5253.0000,5252.0000,5257.8000,5259.6000,5260.0000,5261.0000,5262.0000,1,1,1,1,1,5,1,1,2,2
SF,IC2012,2020-06-18 09:30:52.900,5257.8000,27999,1,76728720.000,1,1,0,双开,S,5257.0000,5256.8000,5256.4000,5253.4000,5253.0000,5257.8000,5259.6000,5260.0000,5261.0000,5262.0000,1,1,1,1,1,4,1,1,2,2
SF,IC2012,2020-06-18 09:30:53.900,5257.8000,27999,0,76728720.000,0,-,-,-,-,5257.2000,5257.0000,5256.8000,5256.4000,5253.4000,5257.8000,5259.6000,5260.0000,5261.0000,5262.0000,1,1,1,1,1,4,1,1,2,2
SF,IC2012,2020-06-18 09:30:54.400,5257.8000,27999,0,77780280.000,1,0,1,多换,S,5257.4000,5257.2000,5257.0000,5256.8000,5256.4000,5257.8000,5259.6000,5260.0000,5261.0000,5262.0000,1,1,1,1,1,3,1,1,2,2
SF,IC2012,2020-06-18 09:30:54.900,5257.8000,28000,1,79883320.000,2,1,1,空开,S,5257.2000,5257.0000,5256.8000,5256.4000,5253.4000,5257.8000,5259.6000,5260.0000,5261.0000,5262.0000,1,1,1,1,1,2,1,1,2,2
SF,IC2012,2020-06-18 09:30:55.400,5257.8000,28000,0,79883320.000,0,-,-,-,-,5257.0000,5256.8000,5256.4000,5253.4000,5252.0000,5257.8000,5259.6000,5260.0000,5261.0000,5262.0000,1,1,1,1,1,2,1,1,2,2
SF,IC2012,2020-06-18 09:30:55.900,5257.8000,28000,0,79883320.000,0,-,-,-,-,5257.4000,5257.0000,5256.8000,5256.4000,5253.4000,5257.8000,5259.6000,5260.0000,5261.0000,5262.0000,1,1,1,1,1,2,1,1,2,2
SF,IC2012,2020-06-18 09:30:56.400,5257.8000,28000,0,79883320.000,0,-,-,-,-,5257.4000,5257.2000,5257.0000,5256.8000,5256.4000,5257.8000,5259.6000,5260.0000,5261.0000,5262.0000,1,1,1,1,1,2,1,1,2,2
SF,IC2012,2020-06-18 09:30:56.900,5257.8000,27998,-2,84089560.000,4,1,3,多平,S,5258.8000,5257.4000,5257.2000,5257.0000,5256.8000,5259.6000,5260.0000,5261.0000,5262.0000,5262.2000,1,1,1,1,1,1,1,2,2,1
SF,IC2012,2020-06-18 09:30:57.400,5258.8000,27998,0,85141320.000,1,0,1,多换,S,5257.4000,5256.8000,5253.4000,5252.0000,5251.0000,5259.6000,5260.0000,5261.0000,5262.0000,5262.2000,1,1,1,1,20,1,1,2,2,1
SF,IC2012,2020-06-18 09:30:57.900,5258.8000,27998,0,85141320.000,0,-,-,-,-,5257.6000,5257.4000,5253.4000,5252.0000,5251.0000,5259.6000,5260.0000,5261.0000,5262.0000,5262.2000,1,1,1,1,20,1,1,2,2,1
SF,IC2012,2020-06-18 09:30:58.400,5259.4000,27997,-1,86193200.000,1,0,1,双平,S,5257.4000,5257.2000,5253.4000,5252.0000,5251.0000,5259.6000,5260.0000,5261.0000,5262.0000,5262.2000,2,2,1,1,20,1,1,2,2,1
SF,IC2012,2020-06-18 09:30:58.900,5259.6000,27997,0,87245120.000,1,0,1,多换,S,5257.4000,5253.4000,5252.0000,5251.0000,5250.6000,5259.6000,5260.0000,5261.0000,5262.0000,5262.2000,1,1,1,20,1,1,1,2,2,1
SF,IC2012,2020-06-18 09:30:59.400,5259.6000,27998,1,88297040.000,1,1,0,双开,S,5257.6000,5257.4000,5252.0000,5251.0000,5250.6000,5260.0000,5261.0000,5262.0000,5262.2000,5265.0000,2,1,1,20,1,1,2,2,1,1
SF,IC2012,2020-06-18 09:30:59.900,5259.6000,27998,0,88297040.000,0,-,-,-,-,5257.6000,5257.4000,5252.0000,5251.0000,5250.6000,5260.0000,5261.0000,5262.0000,5262.2000,5265.0000,2,1,1,20,1,1,2,2,1,1
SF,IC2012,2020-06-18 09:31:00.400,5259.8000,27997,-1,89349000.000,1,0,1,双平,S,5257.8000,5257.6000,5257.4000,5252.0000,5251.0000,5260.0000,5261.0000,5262.0000,5262.2000,5265.0000,1,1,1,1,20,1,2,2,1,1
SF,IC2012,2020-06-18 09:31:00.900,5257.8000,27997,0,91452520.000,2,1,1,多换,S,5257.6000,5257.4000,5252.0000,5251.0000,5250.6000,5260.0000,5261.0000,5262.0000,5262.2000,5265.0000,1,1,1,20,1,1,2,2,1,1
SF,IC2012,2020-06-18 09:31:01.400,5257.4000,27997,0,94607080.000,3,1,2,多换,S,5252.0000,5251.0000,5250.6000,5250.0000,5249.8000,5259.8000,5260.0000,5261.0000,5262.0000,5262.2000,1,20,1,1,1,1,1,2,2,1
SF,IC2012,2020-06-18 09:31:01.900,5257.4000,27997,0,94607080.000,0,-,-,-,-,5256.0000,5254.6000,5253.6000,5252.2000,5252.0000,5259.6000,5259.8000,5260.0000,5261.0000,5262.0000,1,1,1,2,2,1,1,1,2,2
SF,IC2012,2020-06-18 09:31:02.400,5259.6000,27995,-2,96710880.000,2,0,2,双平,S,5256.2000,5256.0000,5254.6000,5253.6000,5252.2000,5260.0000,5261.0000,5262.0000,5262.2000,5265.0000,2,1,1,1,1,1,2,2,1,1
SF,IC2012,2020-06-18 09:31:02.900,5259.6000,27995,0,96710880.000,0,-,-,-,-,5257.6000,5256.4000,5256.2000,5256.0000,5254.6000,5259.8000,5260.0000,5261.0000,5262.0000,5262.2000,1,1,2,1,1,1,1,2,2,1
SF,IC2012,2020-06-18 09:31:03.400,5259.6000,27995,0,96710880.000,0,-,-,-,-,5257.8000,5257.6000,5256.4000,5254.8000,5254.6000,5259.8000,5260.0000,5261.0000,5262.0000,5262.2000,2,1,1,1,1,1,1,2,2,1
SF,IC2012,2020-06-18 09:31:03.900,5259.8000,27995,0,97762840.000,1,0,1,多换,S,5257.8000,5257.6000,5256.4000,5254.8000,5254.6000,5259.6000,5260.0000,5261.0000,5262.0000,5262.2000,2,2,1,1,1,1,1,2,2,1
SF,IC2012,2020-06-18 09:31:04.400,5259.8000,27995,0,97762840.000,0,-,-,-,-,5257.8000,5257.6000,5254.8000,5254.6000,5253.6000,5259.4000,5260.0000,5261.0000,5262.0000,5262.2000,1,2,1,1,1,1,1,2,2,1
SF,IC2012,2020-06-18 09:31:04.900,5260.0000,27996,1,98814840.000,1,1,0,双开,S,5258.0000,5257.8000,5257.6000,5254.8000,5254.6000,5259.8000,5261.0000,5262.0000,5262.2000,5265.0000,1,1,2,1,1,1,2,2,1,1
SF,IC2012,2020-06-18 09:31:05.400,5260.0000,27996,0,99866840.000,1,0,1,多换,S,5258.2000,5258.0000,5257.6000,5255.2000,5254.8000,5261.0000,5262.0000,5262.2000,5265.0000,5265.8000,1,1,2,1,1,2,2,1,1,4
SF,IC2012,2020-06-18 09:31:05.900,5260.0000,27996,0,99866840.000,0,-,-,-,-,5258.4000,5258.2000,5257.6000,5255.2000,5254.8000,5260.6000,5260.8000,5261.0000,5262.0000,5262.2000,2,1,1,1,1,1,2,2,2,1
SF,IC2012,2020-06-18 09:31:06.400,5260.0000,27996,0,99866840.000,0,-,-,-,-,5258.6000,5258.4000,5257.6000,5255.2000,5254.8000,5260.4000,5260.6000,5260.8000,5261.0000,5262.0000,1,2,1,1,1,1,1,1,2,2
SF,IC2012,2020-06-18 09:31:06.900,5260.0000,27996,0,99866840.000,0,-,-,-,-,5258.6000,5258.4000,5257.6000,5255.2000,5254.8000,5260.0000,5260.4000,5260.6000,5260.8000,5261.0000,1,2,1,1,1,1,1,1,1,2
SF,IC2012,2020-06-18 09:31:07.400,5260.0000,27996,0,99866840.000,0,-,-,-,-,5258.6000,5257.6000,5255.2000,5254.8000,5253.6000,5260.0000,5260.4000,5260.6000,5260.8000,5261.0000,1,1,1,1,1,1,1,1,1,2
SF,IC2012,2020-06-18 09:31:07.900,5260.0000,27996,0,100918840.000,1,0,1,多换,S,5258.8000,5258.6000,5257.6000,5255.2000,5254.8000,5260.4000,5260.6000,5260.8000,5261.0000,5261.8000,1,1,1,1,1,1,1,1,2,1
SF,IC2012,2020-06-18 09:31:08.400,5260.0000,27996,0,100918840.000,0,-,-,-,-,5259.0000,5258.8000,5257.6000,5255.2000,5254.8000,5260.4000,5260.6000,5260.8000,5261.0000,5261.8000,1,1,1,1,1,1,1,1,2,1
SF,IC2012,2020-06-18 09:31:08.900,5260.0000,27996,0,100918840.000,0,-,-,-,-,5259.0000,5257.6000,5255.2000,5254.8000,5253.6000,5260.0000,5260.4000,5261.0000,5262.0000,5262.2000,1,1,1,1,1,3,1,2,2,1
SF,IC2012,2020-06-18 09:31:09.400,5259.2000,27996,0,101970680.000,1,0,1,多换,S,5259.0000,5257.6000,5255.2000,5254.8000,5253.6000,5260.0000,5260.4000,5260.6000,5261.0000,5262.0000,2,1,1,1,1,3,1,1,2,2
SF,IC2012,2020-06-18 09:31:09.900,5260.0000,27997,1,103022680.000,1,1,0,双开,S,5259.0000,5257.6000,5255.2000,5254.8000,5253.6000,5260.0000,5260.4000,5261.0000,5262.0000,5262.2000,2,1,1,1,1,2,1,2,2,2
SF,IC2012,2020-06-18 09:31:10.900,5260.0000,27997,0,104074680.000,1,0,1,多换,S,5259.0000,5257.6000,5255.2000,5254.8000,5253.6000,5260.0000,5260.4000,5261.0000,5262.0000,5262.2000,2,1,1,1,1,1,1,1,2,2
SF,IC2012,2020-06-18 09:31:11.400,5259.0000,27997,0,106178480.000,2,1,1,多换,S,5260.0000,5259.0000,5255.2000,5254.8000,5253.6000,5261.0000,5262.0000,5262.2000,5265.0000,5265.8000,1,1,1,1,1,1,2,2,1,4
SF,IC2012,2020-06-18 09:31:11.900,5261.0000,27997,0,107230680.000,1,0,1,多换,S,5260.0000,5255.2000,5254.8000,5253.6000,5252.0000,5262.0000,5262.2000,5265.0000,5265.8000,5268.0000,1,1,1,1,1,2,2,1,4,1
SF,IC2012,2020-06-18 09:31:12.400,5261.0000,27997,0,107230680.000,0,-,-,-,-,5260.2000,5260.0000,5255.2000,5254.8000,5253.6000,5260.4000,5261.8000,5262.0000,5262.2000,5265.0000,2,1,1,1,1,1,1,2,2,1
SF,IC2012,2020-06-18 09:31:12.900,5260.4000,27996,-1,108282760.000,1,0,1,双平,S,5260.2000,5260.0000,5255.2000,5254.8000,5251.0000,5261.8000,5262.0000,5262.2000,5265.0000,5265.8000,1,1,1,1,20,1,2,1,1,4
SF,IC2012,2020-06-18 09:31:13.400,5260.4000,27996,0,108282760.000,0,-,-,-,-,5260.2000,5260.0000,5255.2000,5254.8000,5251.0000,5261.8000,5262.0000,5262.2000,5264.0000,5265.0000,1,1,1,1,20,1,2,1,1,1
SF,IC2012,2020-06-18 09:31:13.900,5261.8000,27996,0,109335120.000,1,0,1,多换,S,5260.2000,5260.0000,5255.2000,5254.8000,5251.0000,5262.0000,5262.2000,5264.0000,5265.0000,5265.8000,1,1,1,1,20,2,1,1,1,4
SF,IC2012,2020-06-18 09:31:14.400,5261.8000,27996,0,109335120.000,0,-,-,-,-,5260.4000,5260.2000,5260.0000,5255.2000,5254.8000,5262.0000,5262.2000,5264.0000,5265.0000,5265.8000,1,1,1,1,1,2,1,1,1,4
SF,IC2012,2020-06-18 09:31:14.900,5261.8000,27996,0,109335120.000,0,-,-,-,-,5260.6000,5260.4000,5260.2000,5260.0000,5255.2000,5262.0000,5262.2000,5264.0000,5265.0000,5265.8000,1,1,1,1,1,2,1,1,1,4
SF,IC2012,2020-06-18 09:31:15.400,5261.8000,27996,0,109335120.000,0,-,-,-,-,5260.6000,5260.4000,5260.2000,5260.0000,5255.2000,5261.8000,5262.0000,5262.2000,5264.0000,5265.0000,1,1,1,1,1,1,2,1,1,1
SF,IC2012,2020-06-18 09:31:15.900,5261.8000,27996,0,110387480.000,1,0,1,多换,S,5260.6000,5260.2000,5260.0000,5255.2000,5254.8000,5262.0000,5262.2000,5264.0000,5265.0000,5265.8000,1,1,1,1,1,2,1,1,1,4
SF,IC2012,2020-06-18 09:31:16.400,5262.0000,27996,0,111439880.000,1,0,1,多换,S,5260.8000,5260.6000,5260.2000,5260.0000,5255.2000,5262.0000,5262.2000,5264.0000,5265.0000,5265.8000,1,1,1,1,1,1,1,1,1,4
SF,IC2012,2020-06-18 09:31:16.900,5261.0000,27995,-1,112492080.000,1,0,1,双平,S,5261.0000,5260.8000,5260.0000,5255.2000,5254.8000,5262.0000,5262.2000,5264.0000,5265.0000,5265.8000,1,1,1,1,1,1,1,1,1,4
SF,IC2012,2020-06-18 09:31:17.400,5262.0000,27994,-1,113544480.000,1,0,1,双平,S,5261.8000,5261.0000,5260.6000,5260.0000,5255.2000,5262.2000,5264.0000,5265.0000,5265.8000,5268.0000,1,1,1,1,1,1,1,1,4,1
SF,IC2012,2020-06-18 09:31:17.900,5262.2000,27993,-1,114596920.000,1,0,1,双平,S,5263.0000,5261.8000,5261.0000,5260.6000,5260.0000,5264.0000,5265.0000,5265.8000,5268.0000,5269.0000,1,1,1,1,1,1,1,4,1,1
SF,IC2012,2020-06-18 09:31:18.400,5262.2000,27993,0,115649360.000,1,0,1,多换,S,5262.8000,5262.2000,5261.8000,5261.0000,5260.6000,5263.8000,5264.0000,5265.0000,5265.8000,5268.0000,1,1,1,1,1,1,1,1,4,1
SF,IC2012,2020-06-18 09:31:18.900,5262.2000,27993,0,115649360.000,0,-,-,-,-,5263.0000,5262.8000,5262.2000,5261.8000,5261.2000,5265.0000,5265.8000,5268.0000,5269.0000,5270.0000,1,1,1,1,1,1,4,1,1,1
SF,IC2012,2020-06-18 09:31:19.400,5262.2000,27993,0,115649360.000,0,-,-,-,-,5263.2000,5263.0000,5262.8000,5262.2000,5261.8000,5264.8000,5265.0000,5265.8000,5266.0000,5268.0000,1,1,1,1,1,1,1,4,1,1
SF,IC2012,2020-06-18 09:31:19.900,5264.6000,27992,-1,117754920.000,2,0,2,多平,S,5263.0000,5262.8000,5262.2000,5261.8000,5261.2000,5264.8000,5265.0000,5266.0000,5268.0000,5269.0000,1,1,1,1,1,1,1,1,1,1
SF,IC2012,2020-06-18 09:31:20.400,5264.8000,27991,-1,118807880.000,1,0,1,双平,S,5263.2000,5263.0000,5262.8000,5262.2000,5261.8000,5265.0000,5266.0000,5268.0000,5268.8000,5269.0000,2,1,1,1,1,1,1,1,4,1
SF,IC2012,2020-06-18 09:31:20.900,5264.8000,27991,0,118807880.000,0,-,-,-,-,5263.4000,5263.2000,5262.8000,5262.2000,5261.8000,5264.6000,5264.8000,5265.0000,5268.0000,5268.8000,1,2,1,1,1,1,1,1,1,4
SF,IC2012,2020-06-18 09:31:21.400,5263.2000,27990,-1,120913200.000,2,0,2,多平,S,5263.2000,5262.8000,5262.2000,5261.8000,5261.2000,5264.6000,5264.8000,5265.0000,5268.0000,5268.8000,1,1,1,1,1,1,1,1,1,4
SF,IC2012,2020-06-18 09:31:21.900,5264.4000,27990,0,121966080.000,1,0,1,多换,S,5263.4000,5263.2000,5262.8000,5262.2000,5261.8000,5264.8000,5265.0000,5268.0000,5268.8000,5269.0000,1,1,1,1,1,1,1,1,4,1
SF,IC2012,2020-06-18 09:31:22.400,5264.4000,27990,0,121966080.000,0,-,-,-,-,5264.6000,5263.4000,5263.2000,5262.8000,5262.2000,5265.0000,5268.0000,5268.8000,5269.0000,5270.0000,1,1,1,1,1,1,1,4,1,1
SF,IC2012,2020-06-18 09:31:22.900,5264.6000,27990,0,123019000.000,1,0,1,多换,S,5263.4000,5263.2000,5262.8000,5261.8000,5260.6000,5265.0000,5268.0000,5268.8000,5269.0000,5270.0000,1,1,1,1,1,1,1,4,1,1
SF,IC2012,2020-06-18 09:31:23.400,5264.6000,27990,0,123019000.000,0,-,-,-,-,5263.4000,5263.2000,5262.8000,5261.8000,5260.6000,5265.0000,5268.0000,5268.8000,5269.0000,5270.0000,1,1,1,1,1,1,1,4,1,1
SF,IC2012,2020-06-18 09:31:23.900,5264.8000,27990,0,124071960.000,1,0,1,多换,S,5263.4000,5263.2000,5262.8000,5261.8000,5260.6000,5265.0000,5268.0000,5268.8000,5269.0000,5270.0000,1,1,1,1,1,1,1,4,1,1
SF,IC2012,2020-06-18 09:31:24.400,5264.8000,27990,0,124071960.000,0,-,-,-,-,5263.4000,5263.2000,5262.8000,5261.8000,5260.6000,5264.8000,5265.0000,5268.0000,5268.8000,5269.0000,1,1,1,1,1,2,1,1,4,1
SF,IC2012,2020-06-18 09:31:24.900,5264.8000,27990,0,125124920.000,1,0,1,多换,S,5263.4000,5263.2000,5262.8000,5261.8000,5260.6000,5264.8000,5265.0000,5268.0000,5268.8000,5269.0000,2,1,1,1,1,1,1,1,4,1
SF,IC2012,2020-06-18 09:31:25.900,5264.8000,27990,0,126177880.000,1,0,1,多换,S,5263.4000,5263.2000,5262.8000,5261.8000,5260.6000,5264.8000,5265.0000,5268.0000,5268.8000,5269.0000,3,1,1,1,1,1,1,1,4,1
SF,IC2012,2020-06-18 09:31:26.400,5264.8000,27990,0,126177880.000,0,-,-,-,-,5263.4000,5263.2000,5262.8000,5261.8000,5260.6000,5264.8000,5265.0000,5268.0000,5268.8000,5269.0000,3,1,1,1,1,1,1,1,4,1
SF,IC2012,2020-06-18 09:31:26.900,5264.8000,27990,0,126177880.000,0,-,-,-,-,5263.4000,5263.2000,5261.8000,5260.6000,5255.2000,5264.6000,5264.8000,5265.0000,5268.0000,5268.8000,3,1,1,1,1,1,1,1,1,4
SF,IC2012,2020-06-18 09:31:27.400,5264.6000,27990,0,127230800.000,1,0,1,多换,S,5263.4000,5263.2000,5261.8000,5260.6000,5255.2000,5264.8000,5265.0000,5268.0000,5268.8000,5269.0000,3,1,1,1,1,1,1,1,4,1
SF,IC2012,2020-06-18 09:31:27.900,5264.8000,27991,1,128283760.000,1,1,0,双开,S,5263.4000,5263.2000,5260.6000,5255.2000,5251.0000,5265.0000,5268.0000,5268.8000,5269.0000,5270.0000,3,1,1,1,20,1,1,4,1,1
SF,IC2012,2020-06-18 09:31:29.900,5265.0000,27990,-1,129336760.000,1,0,1,双平,S,5266.0000,5263.6000,5263.4000,5263.2000,5260.6000,5268.0000,5268.8000,5269.0000,5270.0000,5272.2000,1,1,3,1,1,1,4,1,1,5
SF,IC2012,2020-06-18 09:31:30.400,5266.0000,27990,0,130389960.000,1,0,1,多换,S,5263.6000,5263.4000,5263.2000,5260.6000,5255.2000,5265.6000,5266.0000,5266.4000,5267.8000,5268.0000,1,2,1,1,1,1,1,1,1,1
SF,IC2012,2020-06-18 09:31:30.900,5266.0000,27990,0,130389960.000,0,-,-,-,-,5263.8000,5263.6000,5263.4000,5263.2000,5260.6000,5266.4000,5267.8000,5268.0000,5268.8000,5269.0000,1,1,1,1,1,1,1,1,4,1
SF,IC2012,2020-06-18 09:31:31.400,5266.4000,27991,1,131443240.000,1,1,0,双开,S,5264.0000,5263.8000,5263.6000,5263.4000,5263.2000,5265.0000,5267.8000,5268.0000,5268.8000,5269.0000,1,2,1,1,1,2,1,1,4,1
SF,IC2012,2020-06-18 09:31:31.900,5265.0000,27990,-1,134602240.000,3,1,2,多平,S,5266.0000,5265.0000,5263.8000,5263.6000,5263.4000,5267.8000,5268.0000,5268.8000,5269.0000,5270.0000,1,1,1,1,1,1,1,4,1,1
SF,IC2012,2020-06-18 09:31:32.400,5266.0000,27990,0,135655440.000,1,0,1,多换,S,5265.0000,5263.8000,5263.4000,5263.2000,5260.6000,5266.2000,5267.8000,5268.0000,5268.8000,5269.0000,1,1,1,1,1,1,1,1,4,1
SF,IC2012,2020-06-18 09:31:32.900,5266.0000,27990,0,135655440.000,0,-,-,-,-,5266.2000,5265.2000,5265.0000,5263.4000,5263.2000,5267.8000,5268.0000,5268.8000,5269.0000,5270.0000,1,1,1,1,1,1,1,4,1,1
SF,IC2012,2020-06-18 09:31:33.400,5266.0000,27990,0,136708640.000,1,0,1,多换,S,5265.2000,5265.0000,5263.4000,5263.2000,5260.6000,5267.8000,5268.0000,5268.8000,5269.0000,5270.0000,1,1,1,1,1,1,1,4,1,1
SF,IC2012,2020-06-18 09:31:33.900,5266.0000,27990,0,136708640.000,0,-,-,-,-,5265.4000,5265.2000,5265.0000,5263.4000,5263.2000,5266.2000,5267.4000,5267.8000,5268.0000,5269.0000,1,1,1,1,1,1,1,1,1,1
SF,IC2012,2020-06-18 09:31:34.400,5265.4000,27989,-1,137761720.000,1,0,1,双平,S,5265.2000,5265.0000,5263.4000,5263.2000,5260.6000,5265.6000,5267.4000,5267.6000,5267.8000,5268.0000,1,1,1,1,1,1,1,1,1,1
SF,IC2012,2020-06-18 09:31:34.900,5265.2000,27987,-2,140920920.000,3,0,3,多平,S,5265.0000,5263.4000,5263.2000,5260.6000,5255.2000,5267.4000,5267.6000,5267.8000,5268.0000,5269.0000,1,1,1,1,1,1,2,1,1,1
SF,IC2012,2020-06-18 09:31:35.400,5265.0000,27987,0,141973920.000,1,0,1,多换,S,5263.4000,5263.2000,5260.6000,5255.2000,5251.0000,5265.8000,5267.2000,5267.4000,5267.6000,5268.0000,1,1,1,1,20,1,1,1,2,1
SF,IC2012,2020-06-18 09:31:35.900,5265.6000,27987,0,143027040.000,1,0,1,多换,S,5263.6000,5263.4000,5263.2000,5260.6000,5255.2000,5266.6000,5267.0000,5267.2000,5267.4000,5267.6000,1,1,1,1,1,1,7,1,1,2
SF,IC2012,2020-06-18 09:31:36.400,5265.6000,27987,0,143027040.000,0,-,-,-,-,5263.6000,5263.4000,5263.2000,5260.6000,5255.2000,5266.2000,5266.4000,5267.6000,5268.0000,5269.0000,1,1,1,1,1,1,2,2,1,1
SF,IC2012,2020-06-18 09:31:36.900,5265.6000,27987,0,143027040.000,0,-,-,-,-,5263.6000,5263.4000,5263.2000,5260.6000,5255.2000,5265.0000,5266.0000,5266.2000,5267.6000,5268.0000,2,1,1,1,1,1,3,1,2,1
SF,IC2012,2020-06-18 09:31:37.400,5265.6000,27987,0,143027040.000,0,-,-,-,-,5263.6000,5263.4000,5263.2000,5260.6000,5255.2000,5265.0000,5265.8000,5266.0000,5266.2000,5266.4000,2,1,1,1,1,1,1,4,1,1
SF,IC2012,2020-06-18 09:31:37.900,5264.8000,27987,0,145132720.000,2,1,1,多换,S,5263.6000,5263.4000,5263.2000,5260.6000,5255.2000,5265.0000,5265.8000,5266.0000,5266.2000,5266.4000,1,1,1,1,1,2,1,3,1,1
SF,IC2012,2020-06-18 09:31:38.400,5264.8000,27987,0,145132720.000,0,-,-,-,-,5263.8000,5263.6000,5263.4000,5263.2000,5260.6000,5264.8000,5265.0000,5265.8000,5266.0000,5266.2000,1,1,1,1,1,1,1,1,1,1
SF,IC2012,2020-06-18 09:31:38.900,5264.8000,27987,0,146185680.000,1,0,1,多换,S,5263.8000,5263.6000,5263.4000,5263.2000,5260.6000,5264.8000,5265.0000,5265.8000,5266.0000,5266.2000,1,1,1,1,1,1,1,1,1,1
SF,IC2012,2020-06-18 09:31:39.400,5264.8000,27987,0,146185680.000,0,-,-,-,-,5263.8000,5263.6000,5263.4000,5263.2000,5260.6000,5264.8000,5265.0000,5265.8000,5266.0000,5266.2000,1,1,1,1,1,1,1,1,1,1
SF,IC2012,2020-06-18 09:31:39.900,5263.6000,27985,-2,149343960.000,3,0,3,多平,S,5263.4000,5263.2000,5260.6000,5255.2000,5251.0000,5264.6000,5264.8000,5265.0000,5265.8000,5266.0000,1,1,1,1,20,1,2,1,1,1
SF,IC2012,2020-06-18 09:31:40.400,5263.2000,27984,-1,151449280.000,2,0,2,多平,S,5260.6000,5255.2000,5251.0000,5250.6000,5250.0000,5263.2000,5263.6000,5264.6000,5264.8000,5265.0000,1,1,20,1,4,1,2,1,2,1
SF,IC2012,2020-06-18 09:31:40.900,5263.2000,27984,0,152501920.000,1,0,1,多换,S,5260.8000,5260.6000,5255.2000,5251.0000,5250.6000,5263.0000,5263.2000,5263.6000,5264.8000,5265.0000,1,1,1,20,1,1,1,1,1,1
SF,IC2012,2020-06-18 09:31:41.400,5261.0000,27984,0,153554120.000,1,0,1,多换,S,5260.8000,5260.6000,5255.2000,5251.0000,5250.6000,5263.0000,5263.2000,5263.6000,5264.8000,5265.0000,1,1,1,20,1,2,1,1,1,1
SF,IC2012,2020-06-18 09:31:41.900,5263.0000,27984,0,154606720.000,1,0,1,多换,S,5260.8000,5260.6000,5255.2000,5251.0000,5250.6000,5263.0000,5263.6000,5264.8000,5265.0000,5265.2000,1,1,1,20,1,1,1,1,1,1
SF,IC2012,2020-06-18 09:31:42.400,5263.0000,27984,0,154606720.000,0,-,-,-,-,5263.0000,5260.8000,5260.6000,5255.2000,5251.0000,5263.6000,5264.8000,5265.0000,5265.2000,5265.8000,1,2,1,1,20,1,1,1,1,1
SF,IC2012,2020-06-18 09:31:42.900,5263.0000,27984,0,154606720.000,0,-,-,-,-,5263.2000,5263.0000,5261.0000,5260.6000,5255.2000,5264.8000,5265.0000,5265.2000,5265.8000,5266.2000,1,1,1,1,1,1,1,1,1,1
SF,IC2012,2020-06-18 09:31:43.400,5263.0000,27984,0,154606720.000,0,-,-,-,-,5263.2000,5263.0000,5261.0000,5260.6000,5255.2000,5264.0000,5264.8000,5265.2000,5265.8000,5266.2000,1,1,1,1,1,1,1,1,1,1
SF,IC2012,2020-06-18 09:31:43.900,5264.0000,27985,1,155659520.000,1,1,0,双开,S,5263.4000,5263.2000,5263.0000,5260.6000,5255.2000,5264.8000,5265.2000,5265.8000,5266.2000,5267.6000,1,1,1,1,1,1,1,1,1,1
SF,IC2012,2020-06-18 09:31:44.400,5264.0000,27985,0,155659520.000,0,-,-,-,-,5263.6000,5263.0000,5260.6000,5255.2000,5251.0000,5264.6000,5264.8000,5265.2000,5265.8000,5266.2000,1,1,1,1,20,1,1,1,1,1
SF,IC2012,2020-06-18 09:31:44.900,5264.0000,27985,0,155659520.000,0,-,-,-,-,5263.6000,5260.6000,5255.2000,5251.0000,5250.6000,5264.6000,5265.2000,5265.8000,5266.2000,5267.6000,2,1,1,20,1,2,1,1,1,1
SF,IC2012,2020-06-18 09:31:45.400,5264.4000,27984,-1,157765120.000,2,0,2,多平,S,5263.6000,5260.6000,5255.2000,5251.0000,5250.6000,5264.6000,5265.2000,5265.8000,5266.2000,5267.6000,1,1,1,20,1,1,1,1,1,1
SF,IC2012,2020-06-18 09:31:45.900,5264.4000,27984,0,159870880.000,2,1,1,多换,S,5263.4000,5260.6000,5255.2000,5251.0000,5250.6000,5264.6000,5265.2000,5265.8000,5266.2000,5267.6000,1,1,1,20,1,1,1,1,1,1
SF,IC2012,2020-06-18 09:31:46.400,5264.4000,27984,0,159870880.000,0,-,-,-,-,5263.6000,5263.4000,5260.6000,5255.2000,5251.0000,5264.6000,5265.2000,5265.8000,5266.2000,5267.6000,1,1,1,1,20,1,1,1,1,1
SF,IC2012,2020-06-18 09:31:46.900,5263.4000,27983,-1,161976280.000,2,0,2,多平,S,5260.6000,5255.2000,5251.0000,5250.6000,5250.0000,5264.6000,5265.2000,5265.8000,5266.2000,5267.6000,1,1,20,1,4,1,1,1,1,1
SF,IC2012,2020-06-18 09:31:47.400,5263.4000,27983,0,161976280.000,0,-,-,-,-,5260.8000,5260.6000,5255.2000,5251.0000,5250.6000,5263.4000,5264.4000,5264.6000,5265.2000,5265.8000,1,1,1,20,1,1,3,1,1,1
SF,IC2012,2020-06-18 09:31:47.900,5264.4000,27984,1,164081840.000,2,1,1,空开,S,5261.0000,5260.8000,5260.6000,5255.2000,5251.0000,5264.4000,5264.6000,5265.2000,5265.8000,5266.2000,1,3,3,1,20,1,1,1,1,1
SF,IC2012,2020-06-18 09:31:48.400,5264.4000,27984,0,164081840.000,0,-,-,-,-,5261.2000,5261.0000,5260.6000,5255.2000,5251.0000,5264.2000,5264.4000,5264.6000,5265.2000,5265.8000,1,1,2,1,20,1,1,1,1,1
SF,IC2012,2020-06-18 09:31:48.900,5261.4000,27984,0,165134120.000,1,0,1,多换,S,5261.2000,5260.6000,5255.2000,5251.0000,5250.6000,5264.0000,5264.2000,5264.4000,5264.6000,5265.2000,1,1,1,20,1,1,1,1,1,1
SF,IC2012,2020-06-18 09:31:49.400,5261.4000,27984,0,165134120.000,0,-,-,-,-,5261.4000,5261.2000,5260.6000,5255.2000,5251.0000,5263.8000,5264.0000,5264.4000,5264.6000,5265.2000,1,1,1,1,20,1,2,1,1,1
SF,IC2012,2020-06-18 09:31:49.900,5261.4000,27984,0,165134120.000,0,-,-,-,-,5261.6000,5261.4000,5260.6000,5255.2000,5251.0000,5263.8000,5264.0000,5265.2000,5265.8000,5266.2000,1,1,1,1,20,2,2,1,1,1
SF,IC2012,2020-06-18 09:31:50.400,5261.4000,27983,-1,166186400.000,1,0,1,双平,S,5261.6000,5261.4000,5260.6000,5255.2000,5251.0000,5263.8000,5264.0000,5265.2000,5265.8000,5266.2000,1,1,1,1,20,2,2,1,1,1
SF,IC2012,2020-06-18 09:31:50.900,5263.8000,27983,0,167239160.000,1,0,1,多换,S,5261.8000,5261.4000,5260.6000,5255.2000,5251.0000,5263.8000,5264.0000,5265.2000,5265.8000,5266.2000,2,1,1,1,20,1,2,1,1,1
SF,IC2012,2020-06-18 09:31:51.400,5261.8000,27983,0,168291520.000,1,0,1,多换,S,5261.4000,5260.6000,5255.2000,5251.0000,5250.6000,5263.6000,5263.8000,5264.0000,5265.2000,5265.8000,1,1,1,20,1,1,1,2,1,1
SF,IC2012,2020-06-18 09:31:51.900,5261.8000,27983,0,168291520.000,0,-,-,-,-,5261.6000,5261.4000,5260.6000,5255.2000,5251.0000,5263.6000,5263.8000,5264.0000,5265.2000,5265.8000,1,1,1,1,20,1,1,1,1,1
SF,IC2012,2020-06-18 09:31:52.400,5261.8000,27983,0,168291520.000,0,-,-,-,-,5261.6000,5261.4000,5260.6000,5255.2000,5251.0000,5263.4000,5263.6000,5263.8000,5264.0000,5265.2000,1,1,1,1,20,1,1,2,1,1
SF,IC2012,2020-06-18 09:31:52.900,5261.8000,27983,0,168291520.000,0,-,-,-,-,5261.6000,5260.6000,5255.2000,5251.0000,5250.6000,5263.4000,5263.6000,5263.8000,5264.0000,5265.2000,1,1,1,20,1,1,1,2,1,1
SF,IC2012,2020-06-18 09:31:53.400,5261.6000,27983,0,169343840.000,1,0,1,多换,S,5261.6000,5260.6000,5255.2000,5251.0000,5250.6000,5263.6000,5263.8000,5264.0000,5265.2000,5266.2000,1,1,1,20,1,2,1,1,1,1
SF,IC2012,2020-06-18 09:31:53.900,5261.6000,27983,0,169343840.000,0,-,-,-,-,5261.8000,5261.6000,5260.6000,5255.2000,5251.0000,5263.6000,5263.8000,5264.0000,5265.2000,5266.2000,1,1,1,1,20,2,1,1,1,1
SF,IC2012,2020-06-18 09:31:54.400,5261.6000,27983,0,169343840.000,0,-,-,-,-,5261.8000,5261.6000,5260.6000,5255.2000,5251.0000,5263.4000,5263.6000,5263.8000,5264.0000,5265.2000,1,1,1,1,20,2,2,1,1,1
SF,IC2012,2020-06-18 09:31:54.900,5261.6000,27983,0,169343840.000,0,-,-,-,-,5261.8000,5261.6000,5260.6000,5255.2000,5251.0000,5263.2000,5263.4000,5263.6000,5264.0000,5265.2000,1,1,1,1,20,2,2,1,1,1
SF,IC2012,2020-06-18 09:31:55.400,5261.8000,27982,-1,170396200.000,1,0,1,双平,S,5261.6000,5260.6000,5255.2000,5251.0000,5250.6000,5263.2000,5263.4000,5263.6000,5264.0000,5265.2000,1,1,1,20,1,2,2,1,1,1
SF,IC2012,2020-06-18 09:31:55.900,5261.8000,27982,0,170396200.000,0,-,-,-,-,5261.6000,5260.6000,5255.2000,5251.0000,5250.6000,5263.2000,5263.4000,5263.6000,5264.0000,5264.2000,1,1,1,20,1,2,2,1,1,1
SF,IC2012,2020-06-18 09:31:56.400,5261.8000,27982,0,170396200.000,0,-,-,-,-,5261.6000,5260.6000,5251.0000,5250.6000,5250.0000,5263.0000,5263.2000,5263.4000,5263.6000,5264.0000,1,1,20,1,4,1,1,2,1,1
SF,IC2012,2020-06-18 09:31:56.900,5261.8000,27982,0,170396200.000,0,-,-,-,-,5261.6000,5260.6000,5251.0000,5250.6000,5250.0000,5262.8000,5263.0000,5263.4000,5263.6000,5264.0000,1,1,20,1,4,1,1,2,1,1
SF,IC2012,2020-06-18 09:31:57.400,5261.8000,27982,0,170396200.000,0,-,-,-,-,5261.6000,5260.6000,5251.0000,5250.6000,5250.0000,5262.8000,5263.4000,5263.6000,5264.0000,5264.2000,1,1,20,1,4,1,2,1,1,1
SF,IC2012,2020-06-18 09:31:59.900,5261.8000,27982,0,170396200.000,0,-,-,-,-,5261.6000,5260.6000,5251.0000,5250.6000,5250.0000,5262.8000,5263.4000,5263.6000,5264.0000,5264.2000,1,1,20,1,4,1,1,1,1,1
SF,IC2012,2020-06-18 09:32:00.400,5261.8000,27982,0,170396200.000,0,-,-,-,-,5261.8000,5261.6000,5260.6000,5251.0000,5250.6000,5262.8000,5263.4000,5263.6000,5264.0000,5264.2000,1,1,1,20,1,1,1,1,1,1
SF,IC2012,2020-06-18 09:32:00.900,5261.8000,27982,0,170396200.000,0,-,-,-,-,5261.8000,5261.6000,5260.6000,5251.0000,5250.6000,5262.8000,5263.4000,5263.6000,5264.0000,5264.2000,1,1,1,20,1,3,1,1,1,1
SF,IC2012,2020-06-18 09:32:01.400,5260.6000,27983,1,172500640.000,2,1,1,空开,S,5251.0000,5250.6000,5250.0000,5243.2000,5242.8000,5260.8000,5262.8000,5263.4000,5263.6000,5264.0000,20,1,4,5,1,1,3,1,1,1
SF,IC2012,2020-06-18 09:32:01.900,5261.8000,27981,-2,175657720.000,3,0,3,多平,S,5257.2000,5256.0000,5254.8000,5253.6000,5253.2000,5262.8000,5263.4000,5263.6000,5264.0000,5264.2000,2,2,1,1,1,2,1,1,1,1
SF,IC2012,2020-06-18 09:32:02.400,5261.8000,27981,0,175657720.000,0,-,-,-,-,5260.6000,5257.8000,5257.4000,5257.2000,5256.0000,5262.6000,5262.8000,5263.4000,5263.6000,5264.0000,1,1,2,2,2,1,2,1,1,1
SF,IC2012,2020-06-18 09:32:02.900,5260.8000,27980,-1,176709880.000,1,0,1,双平,S,5257.8000,5257.4000,5257.2000,5256.0000,5253.6000,5262.6000,5262.8000,5263.4000,5263.6000,5264.0000,1,1,2,2,1,1,2,1,1,1
SF,IC2012,2020-06-18 09:32:03.400,5260.8000,27980,0,176709880.000,0,-,-,-,-,5258.0000,5257.2000,5256.0000,5254.4000,5253.6000,5262.4000,5262.6000,5262.8000,5263.4000,5263.6000,2,2,2,1,1,1,1,2,1,1
SF,IC2012,2020-06-18 09:32:03.900,5260.8000,27980,0,176709880.000,0,-,-,-,-,5258.0000,5256.0000,5254.4000,5253.6000,5251.4000,5262.2000,5262.4000,5262.8000,5263.4000,5263.6000,3,2,2,1,6,1,1,2,1,1
SF,IC2012,2020-06-18 09:32:04.400,5260.8000,27980,0,176709880.000,0,-,-,-,-,5258.0000,5256.0000,5254.4000,5253.6000,5251.4000,5262.0000,5262.2000,5262.8000,5263.4000,5263.6000,3,2,2,1,6,2,1,2,1,1
SF,IC2012,2020-06-18 09:32:04.900,5260.8000,27980,0,176709880.000,0,-,-,-,-,5258.2000,5258.0000,5256.0000,5254.4000,5253.6000,5261.8000,5262.0000,5262.8000,5263.4000,5263.6000,1,2,2,2,1,2,2,2,1,1
SF,IC2012,2020-06-18 09:32:05.400,5260.8000,27980,0,176709880.000,0,-,-,-,-,5258.4000,5258.2000,5256.0000,5254.4000,5253.6000,5261.8000,5262.0000,5262.8000,5263.4000,5263.6000,3,2,2,2,1,2,1,2,1,1
SF,IC2012,2020-06-18 09:32:05.900,5260.8000,27980,0,176709880.000,0,-,-,-,-,5258.4000,5258.2000,5256.0000,5254.4000,5253.6000,5261.8000,5262.0000,5262.8000,5263.4000,5263.6000,3,1,2,2,1,2,1,1,1,1
SF,IC2012,2020-06-18 09:32:06.400,5260.8000,27980,0,176709880.000,0,-,-,-,-,5258.4000,5256.0000,5254.4000,5253.6000,5251.4000,5261.8000,5262.0000,5262.8000,5263.4000,5263.6000,3,2,2,1,6,3,1,1,1,1
SF,IC2012,2020-06-18 09:32:06.900,5260.8000,27980,0,176709880.000,0,-,-,-,-,5260.8000,5260.6000,5258.6000,5258.4000,5256.0000,5261.8000,5262.0000,5262.8000,5263.4000,5263.6000,1,1,2,3,1,3,1,1,1,1
SF,IC2012,2020-06-18 09:32:07.400,5260.8000,27980,0,176709880.000,0,-,-,-,-,5258.6000,5258.4000,5256.0000,5254.4000,5253.6000,5261.8000,5262.8000,5263.4000,5263.6000,5264.0000,2,3,1,2,1,3,1,1,1,1
SF,IC2012,2020-06-18 09:32:07.900,5260.8000,27980,0,176709880.000,0,-,-,-,-,5258.8000,5258.6000,5258.4000,5256.0000,5254.4000,5260.8000,5261.8000,5262.8000,5263.4000,5263.6000,2,1,1,1,2,2,3,1,1,1
SF,IC2012,2020-06-18 09:32:08.400,5260.8000,27980,0,176709880.000,0,-,-,-,-,5258.8000,5256.0000,5254.4000,5253.6000,5251.2000,5260.6000,5260.8000,5261.8000,5262.8000,5263.4000,1,1,2,1,2,1,2,2,1,1
SF,IC2012,2020-06-18 09:32:08.900,5260.8000,27978,-2,178814200.000,2,0,2,双平,S,5258.8000,5256.0000,5254.4000,5253.6000,5251.2000,5260.8000,5261.8000,5262.8000,5263.4000,5263.6000,1,1,2,1,2,1,2,1,1,1
SF,IC2012,2020-06-18 09:32:09.400,5260.8000,27978,0,178814200.000,0,-,-,-,-,5258.8000,5256.0000,5254.4000,5253.6000,5251.2000,5260.6000,5260.8000,5261.8000,5262.8000,5263.4000,1,1,1,1,2,1,1,2,1,1
SF,IC2012,2020-06-18 09:32:09.900,5260.8000,27978,0,178814200.000,0,-,-,-,-,5259.0000,5258.8000,5256.0000,5254.4000,5253.6000,5260.8000,5261.8000,5262.8000,5263.4000,5263.6000,1,1,1,1,1,1,2,1,1,1
SF,IC2012,2020-06-18 09:32:10.400,5260.8000,27978,0,178814200.000,0,-,-,-,-,5259.2000,5259.0000,5256.0000,5254.4000,5253.6000,5260.6000,5260.8000,5261.8000,5262.8000,5263.4000,1,1,1,1,1,1,1,2,1,1
SF,IC2012,2020-06-18 09:32:10.900,5260.8000,27976,-2,180918520.000,2,0,2,双平,S,5259.2000,5256.0000,5254.4000,5253.6000,5251.2000,5261.8000,5262.8000,5263.4000,5263.6000,5263.8000,1,1,1,1,2,2,1,1,1,2
SF,IC2012,2020-06-18 09:32:11.400,5259.4000,27977,1,181970400.000,1,1,0,双开,S,5259.2000,5256.0000,5254.4000,5253.6000,5251.2000,5261.6000,5261.8000,5262.8000,5263.4000,5263.6000,1,1,1,1,2,2,2,1,1,1
SF,IC2012,2020-06-18 09:32:11.900,5259.4000,27977,0,181970400.000,0,-,-,-,-,5259.2000,5256.0000,5254.4000,5253.6000,5251.2000,5261.2000,5261.6000,5261.8000,5262.8000,5263.4000,1,1,1,1,2,1,2,2,1,1
SF,IC2012,2020-06-18 09:32:12.400,5259.4000,27977,0,181970400.000,0,-,-,-,-,5259.2000,5254.4000,5253.6000,5251.2000,5251.0000,5261.0000,5261.2000,5261.4000,5261.6000,5261.8000,1,1,1,2,20,1,1,1,1,2
SF,IC2012,2020-06-18 09:32:12.900,5259.4000,27977,0,181970400.000,0,-,-,-,-,5259.2000,5254.4000,5253.6000,5252.4000,5251.2000,5261.0000,5261.2000,5261.6000,5261.8000,5262.8000,2,1,1,3,2,2,1,1,2,1
SF,IC2012,2020-06-18 09:32:13.400,5259.2000,27976,-1,183022240.000,1,0,1,双平,S,5259.2000,5254.4000,5253.6000,5252.4000,5251.2000,5261.0000,5261.6000,5261.8000,5262.8000,5263.4000,1,1,1,3,2,2,1,2,1,1
SF,IC2012,2020-06-18 09:32:13.900,5259.2000,27975,-1,185125920.000,2,0,2,多平,S,5259.4000,5254.4000,5253.6000,5252.4000,5251.2000,5261.0000,5261.6000,5261.8000,5263.4000,5263.6000,1,1,1,3,2,2,1,2,1,1
SF,IC2012,2020-06-18 09:32:14.400,5259.2000,27975,0,185125920.000,0,-,-,-,-,5259.6000,5259.4000,5254.4000,5253.6000,5252.4000,5261.0000,5261.6000,5261.8000,5263.4000,5263.6000,1,2,1,1,3,2,1,2,1,1
SF,IC2012,2020-06-18 09:32:14.900,5259.2000,27975,0,185125920.000,0,-,-,-,-,5259.6000,5259.4000,5254.4000,5253.6000,5252.4000,5261.0000,5261.8000,5263.4000,5263.6000,5263.8000,1,1,1,1,3,2,2,1,1,2
SF,IC2012,2020-06-18 09:32:15.900,5259.4000,27974,-1,187229720.000,2,0,2,多平,S,5254.4000,5253.6000,5252.4000,5251.2000,5251.0000,5259.6000,5260.8000,5261.0000,5261.8000,5263.4000,1,1,3,2,20,1,1,2,2,1
SF,IC2012,2020-06-18 09:32:16.400,5259.4000,27974,0,187229720.000,0,-,-,-,-,5256.0000,5254.8000,5254.6000,5254.4000,5253.6000,5259.4000,5259.6000,5260.8000,5261.0000,5261.6000,1,1,2,1,1,2,1,1,1,1
SF,IC2012,2020-06-18 09:32:16.900,5259.4000,27974,0,188281600.000,1,0,1,多换,S,5256.2000,5256.0000,5254.8000,5254.6000,5254.4000,5259.4000,5259.6000,5260.8000,5261.0000,5261.6000,1,1,1,1,1,2,1,1,1,1
SF,IC2012,2020-06-18 09:32:17.400,5259.4000,27974,0,188281600.000,0,-,-,-,-,5256.6000,5256.2000,5256.0000,5254.8000,5254.6000,5259.2000,5259.4000,5259.6000,5261.0000,5261.6000,1,1,1,1,1,2,2,1,1,1
SF,IC2012,2020-06-18 09:32:17.900,5259.4000,27974,0,188281600.000,0,-,-,-,-,5256.8000,5256.6000,5256.0000,5254.8000,5254.6000,5259.0000,5259.2000,5259.4000,5259.6000,5261.0000,1,1,1,1,1,1,2,1,1,1
SF,IC2012,2020-06-18 09:32:18.400,5259.4000,27974,0,188281600.000,0,-,-,-,-,5256.8000,5256.6000,5256.0000,5254.8000,5253.6000,5258.8000,5259.0000,5259.2000,5259.4000,5259.6000,2,1,1,1,1,1,1,1,1,1
SF,IC2012,2020-06-18 09:32:18.900,5259.4000,27974,0,189333480.000,1,0,1,多换,S,5256.8000,5256.6000,5256.0000,5254.8000,5252.4000,5258.8000,5259.0000,5259.4000,5259.6000,5261.0000,2,1,1,1,3,1,1,1,1,1
SF,IC2012,2020-06-18 09:32:19.400,5259.4000,27974,0,189333480.000,0,-,-,-,-,5257.0000,5256.8000,5256.6000,5254.8000,5252.4000,5258.8000,5259.0000,5259.4000,5259.6000,5261.0000,1,1,1,1,3,1,1,1,1,1
SF,IC2012,2020-06-18 09:32:19.900,5259.4000,27975,1,190385360.000,1,1,0,双开,S,5257.2000,5257.0000,5256.6000,5254.8000,5252.4000,5259.6000,5261.0000,5261.8000,5263.4000,5263.6000,1,1,1,1,3,1,1,1,1,1
SF,IC2012,2020-06-18 09:32:20.400,5259.4000,27975,0,190385360.000,0,-,-,-,-,5257.2000,5257.0000,5254.8000,5252.4000,5251.2000,5258.6000,5259.4000,5259.6000,5260.0000,5261.0000,1,1,1,3,2,1,1,1,1,1
SF,IC2012,2020-06-18 09:32:21.400,5257.2000,27975,0,191436800.000,1,0,1,多换,S,5254.8000,5252.4000,5251.2000,5251.0000,5250.0000,5258.6000,5259.4000,5259.6000,5260.0000,5261.0000,1,3,2,20,4,1,1,1,1,1
SF,IC2012,2020-06-18 09:32:21.900,5257.2000,27975,0,191436800.000,0,-,-,-,-,5255.0000,5254.8000,5252.4000,5251.2000,5251.0000,5258.4000,5259.6000,5259.8000,5260.0000,5261.0000,1,1,3,2,20,3,1,1,1,1
SF,IC2012,2020-06-18 09:32:22.400,5257.2000,27975,0,191436800.000,0,-,-,-,-,5256.0000,5255.0000,5254.8000,5252.4000,5251.2000,5258.4000,5259.6000,5259.8000,5260.0000,5261.0000,1,1,1,3,2,4,1,1,1,1
SF,IC2012,2020-06-18 09:32:22.900,5258.4000,27974,-1,193540160.000,2,0,2,多平,S,5259.4000,5256.2000,5256.0000,5255.2000,5254.8000,5259.6000,5259.8000,5260.0000,5261.0000,5261.8000,1,1,1,1,1,1,1,1,1,1
SF,IC2012,2020-06-18 09:32:23.400,5259.4000,27974,0,194592040.000,1,0,1,多换,S,5256.2000,5255.2000,5254.8000,5252.4000,5251.2000,5259.0000,5259.6000,5259.8000,5260.0000,5261.0000,1,1,1,3,2,1,1,1,1,1
SF,IC2012,2020-06-18 09:32:23.900,5259.4000,27973,-1,195643920.000,1,0,1,双平,S,5256.2000,5254.8000,5252.4000,5251.2000,5251.0000,5258.8000,5259.0000,5259.6000,5259.8000,5260.0000,1,1,3,2,20,1,1,1,1,1
SF,IC2012,2020-06-18 09:32:24.400,5259.4000,27973,0,195643920.000,0,-,-,-,-,5256.2000,5254.8000,5252.4000,5251.2000,5251.0000,5258.6000,5258.8000,5259.0000,5259.6000,5259.8000,1,1,3,2,20,1,1,2,1,1
SF,IC2012,2020-06-18 09:32:24.900,5259.4000,27973,0,195643920.000,0,-,-,-,-,5258.0000,5256.2000,5256.0000,5254.8000,5252.4000,5258.6000,5258.8000,5259.0000,5259.2000,5259.6000,1,1,1,1,3,1,1,2,1,1
SF,IC2012,2020-06-18 09:32:25.400,5258.0000,27973,0,196695520.000,1,0,1,多换,S,5256.2000,5254.8000,5252.4000,5251.2000,5251.0000,5258.4000,5258.6000,5259.0000,5259.2000,5259.6000,1,1,3,2,20,1,1,1,1,1
SF,IC2012,2020-06-18 09:32:25.900,5258.0000,27973,0,196695520.000,0,-,-,-,-,5256.2000,5254.8000,5252.4000,5251.2000,5251.0000,5258.2000,5258.4000,5259.0000,5259.2000,5259.6000,1,1,3,2,20,1,1,1,1,1
SF,IC2012,2020-06-18 09:32:26.400,5258.0000,27973,0,196695520.000,0,-,-,-,-,5256.2000,5254.8000,5252.4000,5251.2000,5251.0000,5258.2000,5258.8000,5259.0000,5259.6000,5259.8000,1,1,3,2,20,1,1,1,1,1
SF,IC2012,2020-06-18 09:32:26.900,5258.2000,27972,-1,198798800.000,2,0,2,多平,S,5256.2000,5254.8000,5252.4000,5251.2000,5251.0000,5258.8000,5259.6000,5259.8000,5260.0000,5261.8000,1,1,3,2,20,1,1,1,1,1
SF,IC2012,2020-06-18 09:32:27.400,5258.2000,27972,0,198798800.000,0,-,-,-,-,5256.2000,5254.8000,5252.4000,5251.2000,5251.0000,5258.0000,5258.6000,5259.6000,5259.8000,5260.0000,1,1,3,2,20,1,2,1,1,1
SF,IC2012,2020-06-18 09:32:27.900,5258.6000,27973,1,199850520.000,1,1,0,双开,S,5256.6000,5256.2000,5254.8000,5252.4000,5251.2000,5258.0000,5259.6000,5259.8000,5260.0000,5261.8000,1,1,1,3,2,1,1,1,1,1
SF,IC2012,2020-06-18 09:32:28.400,5258.6000,27973,0,199850520.000,0,-,-,-,-,5256.8000,5256.6000,5254.8000,5252.4000,5251.2000,5258.0000,5259.6000,5260.0000,5261.8000,5263.4000,1,1,1,3,2,1,1,1,1,1
SF,IC2012,2020-06-18 09:32:28.900,5258.6000,27973,0,199850520.000,0,-,-,-,-,5256.8000,5256.6000,5254.8000,5252.4000,5251.2000,5259.6000,5260.0000,5261.8000,5263.4000,5263.6000,1,1,1,3,2,1,1,1,1,1
SF,IC2012,2020-06-18 09:32:29.400,5258.6000,27973,0,199850520.000,0,-,-,-,-,5257.0000,5256.8000,5254.8000,5252.4000,5251.2000,5259.4000,5259.6000,5260.0000,5261.4000,5261.8000,2,2,1,3,2,1,1,2,1,1
SF,IC2012,2020-06-18 09:32:29.900,5256.8000,27974,1,204056120.000,4,2,2,空开,S,5254.8000,5252.4000,5251.2000,5251.0000,5250.0000,5256.6000,5256.8000,5259.0000,5259.2000,5259.4000,1,3,2,20,4,1,3,1,1,1
SF,IC2012,2020-06-18 09:32:30.400,5256.8000,27974,0,204056120.000,0,-,-,-,-,5255.0000,5254.8000,5252.4000,5251.2000,5251.0000,5256.6000,5256.8000,5259.0000,5259.2000,5259.4000,1,1,3,2,20,1,3,1,2,1
SF,IC2012,2020-06-18 09:32:30.900,5259.0000,27971,-3,209313360.000,5,1,4,多平,S,5255.0000,5254.8000,5252.4000,5251.2000,5251.0000,5259.4000,5260.0000,5261.8000,5263.4000,5263.6000,1,1,3,2,20,1,2,1,1,1
SF,IC2012,2020-06-18 09:32:31.400,5256.6000,27971,0,211416000.000,2,1,1,多换,S,5256.0000,5255.2000,5255.0000,5254.8000,5252.4000,5259.4000,5260.0000,5261.8000,5263.4000,5263.6000,1,2,1,1,3,1,2,1,1,1
SF,IC2012,2020-06-18 09:32:31.900,5256.6000,27971,0,211416000.000,0,-,-,-,-,5256.2000,5255.2000,5254.8000,5252.4000,5251.2000,5259.2000,5259.4000,5260.0000,5261.8000,5263.4000,2,2,1,3,2,2,1,2,1,1
SF,IC2012,2020-06-18 09:32:32.400,5256.6000,27971,0,211416000.000,0,-,-,-,-,5256.2000,5255.2000,5254.8000,5252.4000,5251.2000,5259.0000,5259.2000,5260.0000,5261.8000,5263.4000,2,2,1,3,2,2,3,2,1,1
SF,IC2012,2020-06-18 09:32:32.900,5256.6000,27971,0,211416000.000,0,-,-,-,-,5256.2000,5256.0000,5255.2000,5254.8000,5252.4000,5259.0000,5259.2000,5260.0000,5261.8000,5263.4000,2,1,2,1,3,3,3,2,1,1
SF,IC2012,2020-06-18 09:32:33.900,5256.4000,27971,0,212467280.000,1,0,1,多换,S,5256.2000,5255.2000,5254.8000,5252.4000,5251.2000,5259.0000,5259.2000,5260.0000,5261.8000,5263.4000,2,1,1,3,2,2,3,2,1,1
SF,IC2012,2020-06-18 09:32:34.400,5256.4000,27971,0,212467280.000,0,-,-,-,-,5256.2000,5255.2000,5254.8000,5252.4000,5251.2000,5258.8000,5259.0000,5259.2000,5260.0000,5261.8000,2,1,1,3,2,1,1,3,2,1
SF,IC2012,2020-06-18 09:32:34.900,5256.4000,27971,0,212467280.000,0,-,-,-,-,5256.2000,5255.2000,5254.8000,5252.4000,5251.2000,5258.6000,5258.8000,5259.2000,5260.0000,5261.8000,3,1,1,3,2,2,2,2,2,1
SF,IC2012,2020-06-18 09:32:35.400,5258.6000,27969,-2,214570720.000,2,0,2,双平,S,5256.2000,5255.2000,5254.8000,5252.4000,5251.2000,5258.8000,5259.2000,5260.0000,5261.8000,5262.8000,3,1,1,3,2,2,2,2,1,1
SF,IC2012,2020-06-18 09:32:35.900,5258.6000,27969,0,214570720.000,0,-,-,-,-,5256.2000,5255.2000,5254.8000,5252.4000,5251.2000,5258.4000,5258.6000,5258.8000,5259.2000,5260.0000,3,1,1,3,2,1,1,2,2,2
SF,IC2012,2020-06-18 09:32:36.400,5258.6000,27969,0,214570720.000,0,-,-,-,-,5256.2000,5254.8000,5252.4000,5251.2000,5251.0000,5258.2000,5258.8000,5259.2000,5260.0000,5261.8000,3,1,3,2,20,1,2,1,2,1
SF,IC2012,2020-06-18 09:32:36.900,5258.6000,27969,0,214570720.000,0,-,-,-,-,5256.2000,5254.8000,5252.4000,5251.2000,5251.0000,5258.8000,5259.2000,5260.0000,5261.8000,5262.8000,2,1,3,2,20,2,1,2,1,1
SF,IC2012,2020-06-18 09:32:37.400,5258.4000,27968,-1,215622400.000,1,0,1,双平,S,5258.4000,5256.4000,5256.2000,5254.8000,5252.4000,5258.6000,5258.8000,5259.2000,5260.0000,5261.8000,1,1,2,1,3,1,1,1,2,1
SF,IC2012,2020-06-18 09:32:37.900,5258.4000,27967,-1,216674080.000,1,0,1,双平,S,5256.4000,5256.2000,5254.8000,5252.4000,5251.2000,5258.6000,5258.8000,5259.2000,5260.0000,5261.8000,1,1,1,3,2,2,1,1,2,1
SF,IC2012,2020-06-18 09:32:38.400,5258.4000,27967,0,216674080.000,0,-,-,-,-,5256.6000,5256.4000,5252.4000,5251.2000,5251.0000,5258.6000,5258.8000,5259.2000,5260.0000,5261.8000,1,1,3,2,20,2,1,1,2,1
SF,IC2012,2020-06-18 09:32:38.900,5258.4000,27967,0,216674080.000,0,-,-,-,-,5256.6000,5256.4000,5252.4000,5251.2000,5251.0000,5258.2000,5258.4000,5258.6000,5259.2000,5260.0000,1,1,3,2,20,1,1,3,1,2
SF,IC2012,2020-06-18 09:32:39.400,5256.6000,27966,-1,217725400.000,1,0,1,双平,S,5252.4000,5251.2000,5251.0000,5250.0000,5248.0000,5256.2000,5258.4000,5258.6000,5259.2000,5260.0000,3,2,20,4,1,3,1,1,1,2
SF,IC2012,2020-06-18 09:32:39.900,5256.6000,27963,-3,220879360.000,3,0,3,双平,S,5257.2000,5256.2000,5254.8000,5252.6000,5252.4000,5258.4000,5258.6000,5259.2000,5260.0000,5261.8000,1,1,1,2,3,1,1,1,2,1
SF,IC2012,2020-06-18 09:32:40.400,5257.0000,27963,0,221930760.000,1,0,1,多换,S,5254.8000,5252.6000,5252.4000,5251.2000,5251.0000,5258.2000,5258.4000,5258.6000,5259.2000,5260.0000,1,4,3,2,20,1,1,1,1,2
SF,IC2012,2020-06-18 09:32:40.900,5257.0000,27963,0,221930760.000,0,-,-,-,-,5255.0000,5254.8000,5254.0000,5252.6000,5252.4000,5258.2000,5258.4000,5258.6000,5259.2000,5260.0000,3,1,1,1,3,1,1,1,1,2
SF,IC2012,2020-06-18 09:32:41.400,5257.0000,27963,0,221930760.000,0,-,-,-,-,5255.4000,5255.0000,5254.8000,5254.0000,5252.4000,5258.2000,5258.6000,5259.2000,5260.0000,5261.8000,1,3,1,1,3,1,1,1,2,1
SF,IC2012,2020-06-18 09:32:41.900,5257.0000,27963,0,221930760.000,0,-,-,-,-,5255.6000,5255.4000,5255.0000,5254.8000,5254.0000,5258.0000,5258.2000,5258.6000,5259.2000,5260.0000,1,1,1,1,1,2,2,1,1,2
SF,IC2012,2020-06-18 09:32:42.400,5255.6000,27963,0,222981880.000,1,0,1,多换,S,5255.6000,5254.8000,5254.0000,5252.4000,5251.2000,5257.8000,5258.0000,5258.2000,5258.6000,5259.2000,1,1,1,3,2,1,1,1,1,1
SF,IC2012,2020-06-18 09:32:42.900,5255.6000,27963,0,222981880.000,0,-,-,-,-,5255.8000,5255.6000,5254.8000,5254.0000,5252.4000,5257.8000,5258.0000,5258.2000,5258.6000,5259.2000,1,1,1,1,3,1,1,1,1,1
SF,IC2012,2020-06-18 09:32:43.900,5255.6000,27963,0,222981880.000,0,-,-,-,-,5255.8000,5255.6000,5254.8000,5254.0000,5252.4000,5257.8000,5258.0000,5258.2000,5258.6000,5259.2000,1,1,1,1,3,1,1,1,1,1
SF,IC2012,2020-06-18 09:32:44.400,5255.6000,27963,0,222981880.000,0,-,-,-,-,5256.0000,5255.8000,5254.8000,5254.0000,5252.4000,5257.8000,5258.0000,5258.2000,5258.6000,5259.2000,1,1,1,1,3,1,1,1,1,1
SF,IC2012,2020-06-18 09:32:44.900,5255.6000,27963,0,222981880.000,0,-,-,-,-,5256.2000,5254.0000,5253.0000,5252.4000,5251.2000,5257.6000,5257.8000,5258.2000,5258.6000,5259.2000,1,1,1,3,2,1,1,1,1,1
SF,IC2012,2020-06-18 09:32:45.400,5255.6000,27963,0,222981880.000,0,-,-,-,-,5254.0000,5253.0000,5252.4000,5251.2000,5251.0000,5257.4000,5258.2000,5258.6000,5259.2000,5260.0000,1,1,3,2,20,1,1,1,1,1
SF,IC2012,2020-06-18 09:32:45.900,5255.6000,27963,0,222981880.000,0,-,-,-,-,5254.2000,5254.0000,5253.0000,5252.4000,5251.2000,5257.2000,5257.4000,5258.2000,5258.6000,5259.2000,2,1,1,3,2,1,1,1,1,1
SF,IC2012,2020-06-18 09:32:46.400,5255.6000,27963,0,222981880.000,0,-,-,-,-,5254.8000,5254.2000,5254.0000,5253.0000,5252.4000,5257.0000,5257.2000,5258.2000,5258.6000,5259.2000,1,3,1,1,3,1,1,1,1,1
SF,IC2012,2020-06-18 09:32:46.900,5255.6000,27963,0,222981880.000,0,-,-,-,-,5255.0000,5254.2000,5254.0000,5253.0000,5252.4000,5257.0000,5257.2000,5258.2000,5258.6000,5259.2000,2,1,1,1,3,1,1,1,1,1
SF,IC2012,2020-06-18 09:32:47.400,5255.6000,27963,0,222981880.000,0,-,-,-,-,5255.0000,5254.0000,5253.0000,5252.4000,5251.2000,5257.0000,5257.2000,5258.2000,5258.6000,5259.2000,3,1,1,3,2,1,1,1,1,1
SF,IC2012,2020-06-18 09:32:47.900,5257.2000,27963,0,224033320.000,1,0,1,多换,S,5258.0000,5255.0000,5254.0000,5253.0000,5252.4000,5258.2000,5258.6000,5259.2000,5260.0000,5261.8000,1,3,1,1,3,1,1,1,1,1
SF,IC2012,2020-06-18 09:32:48.400,5257.2000,27962,-1,225084760.000,1,0,1,双平,S,5255.0000,5254.0000,5253.0000,5252.4000,5251.2000,5256.0000,5257.6000,5258.2000,5258.6000,5259.2000,2,1,1,3,2,1,1,1,1,1
SF,IC2012,2020-06-18 09:32:48.900,5256.0000,27962,0,226135960.000,1,0,1,多换,S,5257.0000,5256.0000,5255.0000,5254.8000,5254.0000,5258.2000,5258.6000,5259.2000,5260.0000,5261.8000,1,2,1,1,1,1,1,1,1,1
SF,IC2012,2020-06-18 09:32:49.400,5258.2000,27961,-1,229290560.000,3,1,2,多平,S,5256.0000,5255.0000,5254.0000,5253.0000,5252.4000,5258.6000,5259.2000,5260.0000,5261.8000,5262.8000,2,1,1,1,3,1,1,1,1,1
SF,IC2012,2020-06-18 09:32:49.900,5258.2000,27961,0,229290560.000,0,-,-,-,-,5256.2000,5256.0000,5255.0000,5254.0000,5253.0000,5258.0000,5258.4000,5258.6000,5259.2000,5260.0000,2,2,1,1,1,1,1,1,1,1
SF,IC2012,2020-06-18 09:32:50.400,5258.2000,27961,0,229290560.000,0,-,-,-,-,5256.2000,5256.0000,5255.0000,5254.0000,5253.0000,5257.8000,5258.0000,5258.4000,5258.6000,5259.2000,1,2,1,1,1,1,1,1,1,1
SF,IC2012,2020-06-18 09:32:50.900,5258.2000,27961,0,229290560.000,0,-,-,-,-,5256.2000,5256.0000,5255.0000,5254.0000,5253.0000,5257.8000,5258.0000,5258.4000,5258.6000,5259.2000,1,1,1,1,1,1,1,1,1,1
SF,IC2012,2020-06-18 09:32:51.400,5258.2000,27961,0,229290560.000,0,-,-,-,-,5256.2000,5256.0000,5255.0000,5254.0000,5253.0000,5257.8000,5258.0000,5258.4000,5258.6000,5259.2000,2,1,1,1,1,1,1,1,1,1
SF,IC2012,2020-06-18 09:32:51.900,5258.2000,27961,0,229290560.000,0,-,-,-,-,5256.2000,5256.0000,5255.0000,5253.0000,5252.4000,5257.8000,5258.0000,5258.4000,5260.0000,5261.8000,2,1,1,1,3,2,1,1,1,1
SF,IC2012,2020-06-18 09:32:52.400,5257.8000,27960,-1,232444920.000,3,1,2,多平,S,5256.2000,5256.0000,5255.0000,5253.0000,5252.4000,5258.0000,5258.4000,5260.0000,5261.8000,5262.8000,1,1,1,1,3,1,1,1,1,1
SF,IC2012,2020-06-18 09:32:52.900,5257.8000,27960,0,232444920.000,0,-,-,-,-,5256.4000,5256.2000,5256.0000,5255.0000,5253.0000,5257.6000,5257.8000,5258.0000,5258.4000,5260.0000,1,1,1,1,1,1,1,1,1,1
SF,IC2012,2020-06-18 09:32:53.400,5257.8000,27960,0,232444920.000,0,-,-,-,-,5256.4000,5256.2000,5256.0000,5255.0000,5253.0000,5257.6000,5257.8000,5258.0000,5260.0000,5261.8000,1,1,1,1,1,1,1,1,1,1
SF,IC2012,2020-06-18 09:32:53.900,5257.8000,27960,0,232444920.000,0,-,-,-,-,5256.4000,5256.2000,5255.0000,5253.0000,5252.4000,5257.8000,5258.0000,5260.0000,5261.8000,5262.8000,1,2,1,1,3,1,1,1,1,1
SF,IC2012,2020-06-18 09:32:54.400,5256.4000,27959,-1,233496200.000,1,0,1,双平,S,5256.2000,5255.0000,5253.0000,5252.4000,5251.2000,5257.4000,5257.8000,5258.0000,5260.0000,5261.8000,2,1,1,3,2,1,1,1,1,1
SF,IC2012,2020-06-18 09:32:54.900,5256.4000,27959,0,233496200.000,0,-,-,-,-,5256.4000,5256.2000,5255.0000,5253.0000,5252.4000,5257.8000,5258.0000,5260.0000,5261.8000,5262.8000,1,2,1,1,3,1,1,1,1,1
SF,IC2012,2020-06-18 09:32:55.900,5257.8000,27958,-1,234547760.000,1,0,1,双平,S,5257.8000,5256.4000,5256.2000,5255.0000,5253.0000,5258.0000,5260.0000,5261.8000,5262.8000,5263.6000,1,1,2,1,1,1,1,1,1,1
SF,IC2012,2020-06-18 09:32:56.400,5257.8000,27957,-1,235599320.000,1,0,1,双平,S,5256.4000,5256.2000,5255.0000,5253.0000,5252.4000,5258.0000,5260.0000,5261.8000,5262.8000,5263.6000,1,1,1,1,3,1,1,1,1,1
SF,IC2012,2020-06-18 09:32:56.900,5257.8000,27957,0,235599320.000,0,-,-,-,-,5256.4000,5256.2000,5255.0000,5253.0000,5252.4000,5258.0000,5260.0000,5261.8000,5262.8000,5263.6000,1,1,1,1,3,1,1,1,1,1
SF,IC2012,2020-06-18 09:32:57.400,5258.0000,27956,-1,236650920.000,1,0,1,双平,S,5258.0000,5256.4000,5256.2000,5255.0000,5253.0000,5260.0000,5261.8000,5262.8000,5263.6000,5264.0000,1,1,1,1,1,1,1,1,1,1
SF,IC2012,2020-06-18 09:32:57.900,5258.0000,27956,0,236650920.000,0,-,-,-,-,5258.0000,5256.4000,5256.2000,5255.0000,5253.0000,5259.8000,5260.0000,5261.8000,5262.8000,5263.6000,1,1,1,1,1,1,1,1,1,1
SF,IC2012,2020-06-18 09:32:58.400,5258.0000,27956,0,237702520.000,1,0,1,多换,S,5258.0000,5256.2000,5255.0000,5253.0000,5252.4000,5259.4000,5259.8000,5260.0000,5261.8000,5262.8000,1,1,1,1,3,1,1,1,1,1
SF,IC2012,2020-06-18 09:32:58.900,5258.0000,27956,0,237702520.000,0,-,-,-,-,5258.0000,5256.2000,5255.0000,5253.0000,5252.4000,5259.2000,5259.4000,5259.6000,5260.0000,5261.8000,1,1,1,1,3,1,1,1,1,1
SF,IC2012,2020-06-18 09:32:59.400,5258.0000,27956,0,237702520.000,0,-,-,-,-,5258.0000,5256.4000,5255.0000,5253.0000,5252.4000,5259.2000,5259.4000,5260.0000,5261.8000,5262.8000,1,1,1,1,3,2,1,1,1,1
SF,IC2012,2020-06-18 09:33:00.400,5258.0000,27956,0,237702520.000,0,-,-,-,-,5258.0000,5256.4000,5255.0000,5253.0000,5252.4000,5259.0000,5259.2000,5260.0000,5261.8000,5262.8000,1,1,1,1,3,1,2,1,1,1
SF,IC2012,2020-06-18 09:33:00.900,5258.0000,27955,-1,238754120.000,1,0,1,双平,S,5256.4000,5255.0000,5253.0000,5252.4000,5251.2000,5258.0000,5258.6000,5258.8000,5260.0000,5261.8000,1,1,1,3,2,1,1,1,1,1
SF,IC2012,2020-06-18 09:33:01.400,5258.0000,27955,0,238754120.000,0,-,-,-,-,5256.6000,5256.4000,5253.0000,5252.4000,5251.2000,5258.0000,5258.6000,5258.8000,5260.0000,5261.8000,2,1,1,3,2,1,1,1,2,1
SF,IC2012,2020-06-18 09:33:02.400,5256.6000,27955,0,241908080.000,3,1,2,多换,S,5256.4000,5253.0000,5252.4000,5251.2000,5251.0000,5257.8000,5258.0000,5258.6000,5258.8000,5260.0000,1,1,3,2,20,1,1,1,1,2
SF,IC2012,2020-06-18 09:33:02.900,5256.6000,27955,0,241908080.000,0,-,-,-,-,5256.4000,5253.0000,5252.4000,5251.2000,5251.0000,5257.6000,5257.8000,5258.0000,5260.0000,5261.8000,1,1,3,2,20,2,1,1,2,1
SF,IC2012,2020-06-18 09:33:03.400,5256.6000,27955,0,241908080.000,0,-,-,-,-,5256.4000,5253.0000,5252.4000,5251.2000,5251.0000,5257.6000,5257.8000,5258.0000,5260.0000,5261.8000,1,1,3,2,20,2,1,1,1,1
SF,IC2012,2020-06-18 09:33:03.900,5257.4000,27954,-1,245062120.000,3,1,2,多平,S,5253.0000,5252.4000,5251.2000,5251.0000,5250.0000,5257.6000,5258.0000,5259.4000,5260.0000,5261.8000,1,3,2,20,4,2,1,1,1,1
SF,IC2012,2020-06-18 09:33:04.400,5257.4000,27954,0,245062120.000,0,-,-,-,-,5253.2000,5253.0000,5252.4000,5251.2000,5251.0000,5257.2000,5257.4000,5257.6000,5258.0000,5259.4000,3,1,3,2,20,1,1,1,1,1
SF,IC2012,2020-06-18 09:33:04.900,5257.4000,27954,0,245062120.000,0,-,-,-,-,5253.2000,5253.0000,5252.4000,5251.2000,5251.0000,5257.0000,5257.2000,5257.4000,5258.0000,5259.4000,3,1,3,2,20,1,1,1,1,1
SF,IC2012,2020-06-18 09:33:05.400,5257.4000,27954,0,245062120.000,0,-,-,-,-,5253.2000,5253.0000,5252.4000,5251.2000,5251.0000,5256.6000,5256.8000,5257.0000,5258.0000,5260.0000,3,1,3,2,20,1,1,1,1,1
SF,IC2012,2020-06-18 09:33:05.900,5257.4000,27954,0,245062120.000,0,-,-,-,-,5253.2000,5253.0000,5252.4000,5251.2000,5251.0000,5256.4000,5256.6000,5256.8000,5258.0000,5260.0000,3,1,3,2,20,1,1,1,1,1
SF,IC2012,2020-06-18 09:33:06.400,5257.4000,27954,0,245062120.000,0,-,-,-,-,5253.2000,5253.0000,5252.4000,5251.2000,5251.0000,5256.2000,5256.4000,5256.8000,5258.0000,5260.0000,3,1,3,2,20,1,1,1,1,1
SF,IC2012,2020-06-18 09:33:06.900,5257.4000,27954,0,245062120.000,0,-,-,-,-,5253.2000,5253.0000,5252.4000,5251.2000,5251.0000,5256.0000,5256.2000,5256.8000,5258.0000,5258.2000,3,1,3,2,20,1,1,1,1,1
SF,IC2012,2020-06-18 09:33:07.900,5257.4000,27954,0,245062120.000,0,-,-,-,-,5253.2000,5253.0000,5252.4000,5251.2000,5251.0000,5256.0000,5256.2000,5256.8000,5258.0000,5258.2000,4,1,3,2,20,1,1,1,1,1
SF,IC2012,2020-06-18 09:33:08.400,5257.4000,27954,0,245062120.000,0,-,-,-,-,5253.2000,5253.0000,5252.4000,5251.2000,5251.0000,5256.0000,5256.2000,5256.8000,5258.0000,5258.2000,4,1,3,2,20,1,1,1,1,1
SF,IC2012,2020-06-18 09:33:08.900,5257.4000,27954,0,245062120.000,0,-,-,-,-,5253.2000,5253.0000,5252.4000,5251.2000,5251.0000,5256.0000,5256.2000,5256.8000,5258.0000,5258.2000,4,1,3,2,20,1,1,1,1,1
SF,IC2012,2020-06-18 09:33:09.400,5257.4000,27954,0,245062120.000,0,-,-,-,-,5253.2000,5253.0000,5252.4000,5251.2000,5251.0000,5256.0000,5256.2000,5256.8000,5258.0000,5258.2000,4,1,3,2,20,1,1,1,1,1
SF,IC2012,2020-06-18 09:33:09.900,5253.2000,27954,0,247163400.000,2,1,1,多换,S,5254.0000,5253.2000,5253.0000,5252.4000,5251.2000,5256.0000,5256.2000,5256.8000,5258.0000,5258.2000,1,2,1,3,2,2,1,1,1,1
SF,IC2012,2020-06-18 09:33:10.400,5253.2000,27954,0,247163400.000,0,-,-,-,-,5254.0000,5253.4000,5253.2000,5253.0000,5252.4000,5255.8000,5256.0000,5258.0000,5258.2000,5260.0000,1,1,1,1,3,1,2,1,1,1
SF,IC2012,2020-06-18 09:33:10.900,5253.2000,27954,0,247163400.000,0,-,-,-,-,5254.2000,5254.0000,5253.2000,5253.0000,5252.4000,5255.6000,5255.8000,5256.0000,5258.0000,5258.2000,1,1,1,1,3,1,1,1,1,1
SF,IC2012,2020-06-18 09:33:11.400,5253.2000,27954,0,247163400.000,0,-,-,-,-,5254.2000,5254.0000,5253.2000,5253.0000,5252.4000,5255.6000,5255.8000,5256.0000,5258.2000,5260.0000,1,1,2,1,3,1,1,1,1,1
SF,IC2012,2020-06-18 09:33:11.900,5253.2000,27954,0,247163400.000,0,-,-,-,-,5254.2000,5254.0000,5253.2000,5253.0000,5252.8000,5255.6000,5256.0000,5258.2000,5260.0000,5260.6000,1,1,2,1,1,1,1,1,1,5
SF,IC2012,2020-06-18 09:33:12.400,5253.2000,27955,1,248214040.000,1,1,0,双开,S,5254.4000,5254.0000,5253.2000,5253.0000,5252.8000,5255.6000,5256.0000,5258.2000,5260.0000,5262.8000,1,1,2,1,1,1,1,1,1,1
SF,IC2012,2020-06-18 09:33:12.900,5253.2000,27955,0,248214040.000,0,-,-,-,-,5254.4000,5254.0000,5253.2000,5253.0000,5252.8000,5255.6000,5256.0000,5258.0000,5258.2000,5260.0000,1,1,2,1,1,1,1,10,1,1
SF,IC2012,2020-06-18 09:33:13.400,5253.2000,27955,0,248214040.000,0,-,-,-,-,5254.4000,5254.0000,5253.2000,5253.0000,5252.8000,5255.6000,5256.0000,5258.0000,5258.2000,5260.0000,2,1,2,1,1,1,1,10,1,1
SF,IC2012,2020-06-18 09:33:13.900,5254.4000,27954,-1,249264920.000,1,0,1,双平,S,5254.0000,5253.2000,5253.0000,5252.8000,5252.4000,5254.4000,5255.6000,5256.0000,5258.0000,5258.2000,1,2,1,1,3,4,1,1,10,1
SF,IC2012,2020-06-18 09:33:14.400,5254.4000,27950,-4,253468440.000,4,0,4,双平,S,5254.4000,5254.0000,5253.6000,5253.2000,5253.0000,5255.6000,5256.0000,5258.0000,5258.2000,5260.0000,1,1,1,1,1,1,1,10,1,1
SF,IC2012,2020-06-18 09:33:14.900,5254.4000,27950,0,254519320.000,1,0,1,多换,S,5255.4000,5254.0000,5253.6000,5253.0000,5252.8000,5255.6000,5258.0000,5258.2000,5260.0000,5262.8000,1,1,2,1,1,1,10,1,1,1
SF,IC2012,2020-06-18 09:33:15.400,5255.4000,27950,0,255570400.000,1,0,1,多换,S,5254.0000,5253.6000,5253.0000,5252.4000,5251.2000,5254.4000,5258.0000,5258.2000,5260.0000,5262.8000,1,1,1,3,2,3,10,1,1,1
SF,IC2012,2020-06-18 09:33:15.900,5254.4000,27950,0,258723040.000,3,1,2,多换,S,5254.4000,5254.0000,5253.6000,5253.0000,5252.4000,5258.0000,5258.2000,5260.0000,5262.8000,5263.6000,2,1,1,1,3,10,1,1,1,1
SF,IC2012,2020-06-18 09:33:16.400,5254.4000,27950,0,258723040.000,0,-,-,-,-,5254.6000,5254.4000,5254.0000,5253.6000,5253.0000,5257.8000,5258.0000,5258.2000,5260.0000,5262.8000,3,1,1,1,1,1,10,1,1,1
SF,IC2012,2020-06-18 09:33:16.900,5254.4000,27950,0,258723040.000,0,-,-,-,-,5254.6000,5254.4000,5254.0000,5253.6000,5253.0000,5257.8000,5258.0000,5258.2000,5260.0000,5262.8000,3,1,1,1,1,2,10,1,1,1
SF,IC2012,2020-06-18 09:33:17.400,5254.4000,27950,0,258723040.000,0,-,-,-,-,5254.6000,5254.4000,5254.0000,5253.6000,5253.0000,5257.8000,5258.0000,5258.2000,5260.0000,5262.8000,3,1,1,1,1,2,10,1,1,1
SF,IC2012,2020-06-18 09:33:17.900,5254.4000,27950,0,258723040.000,0,-,-,-,-,5254.6000,5254.4000,5254.0000,5253.6000,5253.0000,5257.8000,5258.0000,5258.2000,5260.0000,5262.8000,2,1,1,1,1,2,10,1,1,1
SF,IC2012,2020-06-18 09:33:18.900,5254.4000,27950,0,258723040.000,0,-,-,-,-,5254.6000,5254.4000,5254.0000,5253.6000,5253.2000,5257.8000,5258.0000,5258.2000,5260.0000,5262.8000,3,1,1,1,1,2,10,1,1,1
SF,IC2012,2020-06-18 09:33:20.900,5254.4000,27950,0,258723040.000,0,-,-,-,-,5254.8000,5254.6000,5254.4000,5254.0000,5253.6000,5257.6000,5257.8000,5258.0000,5258.2000,5260.0000,1,3,1,1,1,1,2,10,1,1
SF,IC2012,2020-06-18 09:33:21.400,5254.4000,27950,0,258723040.000,0,-,-,-,-,5255.0000,5254.8000,5254.6000,5254.4000,5254.0000,5257.4000,5257.6000,5257.8000,5258.0000,5258.2000,2,1,1,1,1,1,1,1,10,1
SF,IC2012,2020-06-18 09:33:22.400,5254.4000,27951,1,259773920.000,1,1,0,双开,S,5255.0000,5254.6000,5254.4000,5254.0000,5253.6000,5257.4000,5257.6000,5257.8000,5258.0000,5258.2000,2,1,1,1,1,1,1,1,10,1
SF,IC2012,2020-06-18 09:33:22.900,5254.4000,27951,0,259773920.000,0,-,-,-,-,5255.0000,5254.6000,5254.4000,5254.0000,5253.6000,5257.4000,5257.8000,5258.0000,5258.2000,5260.0000,2,1,1,1,1,1,1,10,1,1
SF,IC2012,2020-06-18 09:33:23.900,5254.4000,27951,0,259773920.000,0,-,-,-,-,5255.2000,5255.0000,5254.6000,5254.4000,5254.0000,5257.4000,5257.8000,5258.0000,5258.2000,5260.0000,2,2,1,1,1,1,1,10,1,1
SF,IC2012,2020-06-18 09:33:24.400,5254.4000,27951,0,259773920.000,0,-,-,-,-,5255.4000,5255.2000,5255.0000,5254.4000,5254.0000,5257.4000,5257.8000,5258.0000,5258.2000,5260.0000,1,4,1,1,1,1,1,10,1,1
SF,IC2012,2020-06-18 09:33:24.900,5257.4000,27950,-1,260825400.000,1,0,1,双平,S,5255.4000,5255.2000,5255.0000,5254.4000,5254.0000,5257.8000,5258.0000,5258.2000,5260.0000,5262.8000,1,5,1,1,1,1,10,1,1,1
SF,IC2012,2020-06-18 09:33:25.400,5257.4000,27950,0,260825400.000,0,-,-,-,-,5255.4000,5255.2000,5255.0000,5254.4000,5254.0000,5257.6000,5257.8000,5258.0000,5258.2000,5260.0000,1,4,1,1,1,1,1,10,1,1
SF,IC2012,2020-06-18 09:33:25.900,5257.6000,27949,-1,261876920.000,1,0,1,双平,S,5255.6000,5255.4000,5255.2000,5255.0000,5254.4000,5257.8000,5258.0000,5258.2000,5260.0000,5262.8000,2,1,3,1,1,1,10,1,1,1
SF,IC2012,2020-06-18 09:33:26.400,5257.6000,27949,0,261876920.000,0,-,-,-,-,5255.8000,5255.6000,5255.2000,5255.0000,5254.4000,5257.8000,5258.0000,5258.2000,5260.0000,5262.8000,1,2,3,1,1,1,10,1,1,1
SF,IC2012,2020-06-18 09:33:26.900,5257.6000,27949,0,261876920.000,0,-,-,-,-,5255.8000,5255.2000,5255.0000,5254.4000,5254.0000,5257.6000,5257.8000,5258.0000,5258.2000,5260.0000,1,1,1,1,1,1,1,10,1,1
SF,IC2012,2020-06-18 09:33:27.400,5257.6000,27948,-1,262928440.000,1,0,1,双平,S,5256.0000,5255.8000,5255.2000,5255.0000,5254.4000,5257.8000,5258.0000,5258.2000,5260.0000,5262.8000,1,1,1,1,1,1,10,1,1,1
SF,IC2012,2020-06-18 09:33:27.900,5257.8000,27949,1,263980000.000,1,1,0,双开,S,5256.2000,5256.0000,5255.0000,5254.4000,5254.0000,5258.0000,5258.2000,5260.0000,5262.8000,5263.6000,1,1,1,1,1,10,1,1,1,1
SF,IC2012,2020-06-18 09:33:28.400,5257.8000,27949,0,263980000.000,0,-,-,-,-,5256.2000,5255.0000,5254.4000,5254.0000,5253.0000,5258.0000,5258.2000,5260.0000,5262.8000,5263.6000,1,1,1,1,1,10,1,1,1,1
SF,IC2012,2020-06-18 09:33:28.900,5258.0000,27945,-4,269238000.000,5,0,5,多平,S,5256.4000,5256.2000,5255.0000,5254.4000,5254.0000,5258.0000,5258.2000,5260.0000,5262.8000,5263.6000,1,1,1,1,1,5,1,1,1,1
SF,IC2012,2020-06-18 09:33:29.400,5258.0000,27945,0,269238000.000,0,-,-,-,-,5256.6000,5256.4000,5256.0000,5255.0000,5254.4000,5258.0000,5258.2000,5260.0000,5262.8000,5263.6000,1,1,1,1,1,5,1,1,1,1
SF,IC2012,2020-06-18 09:33:29.900,5258.0000,27945,0,269238000.000,0,-,-,-,-,5256.6000,5256.0000,5255.0000,5254.4000,5254.0000,5258.0000,5258.2000,5260.0000,5262.8000,5263.6000,1,1,1,1,1,5,1,1,1,1
SF,IC2012,2020-06-18 09:33:30.400,5258.0000,27945,0,269238000.000,0,-,-,-,-,5256.8000,5256.6000,5256.0000,5255.0000,5254.4000,5258.0000,5258.2000,5260.0000,5262.8000,5263.6000,1,2,1,1,1,5,1,1,1,1
SF,IC2012,2020-06-18 09:33:30.900,5258.0000,27945,0,269238000.000,0,-,-,-,-,5257.0000,5256.8000,5256.6000,5256.0000,5255.0000,5258.0000,5258.2000,5260.0000,5262.8000,5263.6000,1,1,1,1,1,5,1,1,1,1
SF,IC2012,2020-06-18 09:33:31.400,5258.0000,27944,-1,270289600.000,1,0,1,双平,S,5257.0000,5256.6000,5256.0000,5255.0000,5254.4000,5258.0000,5258.2000,5260.0000,5262.8000,5263.6000,1,1,1,1,1,4,1,1,1,1
SF,IC2012,2020-06-18 09:33:31.900,5258.0000,27944,0,271341200.000,1,0,1,多换,S,5257.0000,5256.6000,5256.0000,5255.0000,5254.4000,5258.0000,5258.2000,5260.0000,5262.8000,5263.6000,1,1,1,1,1,3,1,1,1,1
SF,IC2012,2020-06-18 09:33:32.400,5256.6000,27943,-1,274495520.000,3,1,2,多平,S,5256.0000,5255.0000,5254.4000,5254.0000,5253.0000,5258.0000,5258.2000,5260.0000,5262.8000,5263.6000,1,1,1,1,1,2,1,1,1,1
SF,IC2012,2020-06-18 09:33:32.900,5258.0000,27943,0,275547120.000,1,0,1,多换,S,5256.2000,5256.0000,5255.0000,5254.4000,5254.0000,5258.0000,5258.2000,5260.0000,5262.8000,5263.6000,1,2,1,1,1,1,1,1,1,1
SF,IC2012,2020-06-18 09:33:33.400,5258.0000,27943,0,275547120.000,0,-,-,-,-,5256.2000,5256.0000,5255.0000,5254.4000,5254.0000,5257.8000,5258.0000,5258.2000,5260.0000,5262.8000,1,2,1,1,1,1,1,1,1,1
SF,IC2012,2020-06-18 09:33:33.900,5258.0000,27943,0,276598720.000,1,0,1,多换,S,5256.4000,5256.2000,5256.0000,5255.0000,5254.4000,5258.0000,5258.2000,5260.0000,5262.8000,5263.6000,1,1,1,1,1,1,1,1,1,1
SF,IC2012,2020-06-18 09:33:34.400,5258.0000,27943,0,276598720.000,0,-,-,-,-,5256.6000,5256.4000,5256.0000,5255.0000,5254.4000,5258.0000,5258.2000,5260.0000,5262.8000,5263.6000,1,1,1,1,1,1,1,1,1,1
SF,IC2012,2020-06-18 09:33:34.900,5258.0000,27943,0,276598720.000,0,-,-,-,-,5256.6000,5256.0000,5255.0000,5254.4000,5254.0000,5258.0000,5258.2000,5260.0000,5262.8000,5263.6000,1,1,1,1,1,1,1,1,1,1
SF,IC2012,2020-06-18 09:33:35.900,5258.0000,27943,0,276598720.000,0,-,-,-,-,5256.6000,5256.0000,5255.0000,5254.4000,5254.0000,5258.0000,5258.2000,5260.0000,5262.8000,5263.6000,2,1,1,1,1,1,1,1,1,1
SF,IC2012,2020-06-18 09:33:37.900,5256.6000,27941,-2,281855560.000,5,1,4,多平,S,5256.0000,5255.0000,5254.4000,5254.0000,5253.0000,5258.0000,5258.2000,5260.0000,5262.8000,5263.6000,1,1,1,1,1,1,1,1,1,1
SF,IC2012,2020-06-18 09:33:38.400,5256.6000,27941,0,281855560.000,0,-,-,-,-,5256.2000,5256.0000,5255.0000,5254.0000,5253.0000,5257.8000,5258.0000,5258.2000,5260.0000,5262.8000,1,1,1,1,1,1,1,1,1,1
SF,IC2012,2020-06-18 09:33:38.900,5256.6000,27941,0,281855560.000,0,-,-,-,-,5256.6000,5256.2000,5256.0000,5255.0000,5254.0000,5257.8000,5258.0000,5258.2000,5260.0000,5262.8000,1,1,2,1,1,1,1,1,1,1
SF,IC2012,2020-06-18 09:33:39.400,5256.6000,27941,0,281855560.000,0,-,-,-,-,5256.6000,5256.2000,5256.0000,5255.0000,5254.0000,5257.8000,5258.0000,5258.2000,5260.0000,5262.8000,1,1,1,1,1,1,1,1,1,1
SF,IC2012,2020-06-18 09:33:39.900,5256.6000,27941,0,281855560.000,0,-,-,-,-,5256.2000,5256.0000,5255.0000,5254.0000,5253.0000,5257.8000,5258.0000,5258.2000,5260.0000,5262.8000,1,1,1,1,1,1,1,1,1,1
SF,IC2012,2020-06-18 09:33:40.900,5256.6000,27941,0,281855560.000,0,-,-,-,-,5256.6000,5256.2000,5256.0000,5255.0000,5254.0000,5257.8000,5258.0000,5258.2000,5260.0000,5262.8000,1,1,1,1,1,1,1,1,1,1
SF,IC2012,2020-06-18 09:33:41.400,5256.6000,27941,0,281855560.000,0,-,-,-,-,5256.6000,5256.2000,5256.0000,5255.0000,5254.0000,5257.8000,5258.0000,5258.2000,5260.0000,5262.8000,1,2,1,1,1,1,1,1,1,1
SF,IC2012,2020-06-18 09:33:41.900,5256.6000,27941,0,281855560.000,0,-,-,-,-,5256.8000,5256.2000,5256.0000,5255.0000,5254.0000,5257.6000,5258.0000,5258.2000,5260.0000,5262.8000,1,1,1,1,1,1,1,1,1,1
SF,IC2012,2020-06-18 09:33:42.400,5256.6000,27941,0,282906880.000,1,0,1,多换,S,5256.8000,5256.6000,5256.0000,5255.0000,5254.0000,5258.0000,5258.2000,5260.0000,5262.8000,5263.6000,1,1,1,1,1,1,1,1,1,1
SF,IC2012,2020-06-18 09:33:42.900,5258.0000,27941,0,283958480.000,1,0,1,多换,S,5256.8000,5256.6000,5256.0000,5255.0000,5254.0000,5258.2000,5260.0000,5262.8000,5263.6000,5264.0000,1,1,1,1,1,1,1,1,1,1
SF,IC2012,2020-06-18 09:33:43.400,5258.0000,27941,0,283958480.000,0,-,-,-,-,5256.8000,5256.0000,5255.0000,5254.0000,5253.0000,5258.2000,5260.0000,5262.8000,5263.6000,5264.0000,1,1,1,1,1,1,1,1,1,1
SF,IC2012,2020-06-18 09:33:43.900,5258.2000,27941,0,285010120.000,1,0,1,多换,S,5258.0000,5256.8000,5256.0000,5255.0000,5254.0000,5260.0000,5262.8000,5263.6000,5264.0000,5265.2000,1,1,1,1,1,1,1,1,1,4
SF,IC2012,2020-06-18 09:33:44.400,5258.2000,27941,0,285010120.000,0,-,-,-,-,5258.2000,5258.0000,5256.8000,5256.0000,5255.0000,5259.8000,5260.0000,5262.8000,5263.6000,5264.0000,1,1,3,1,1,1,1,1,1,1
SF,IC2012,2020-06-18 09:33:44.900,5258.2000,27941,0,285010120.000,0,-,-,-,-,5258.2000,5256.8000,5256.0000,5255.0000,5254.0000,5259.8000,5260.0000,5262.8000,5263.6000,5264.0000,1,3,1,1,1,2,1,1,1,1
SF,IC2012,2020-06-18 09:33:45.400,5258.2000,27941,0,285010120.000,0,-,-,-,-,5258.2000,5256.8000,5256.0000,5255.0000,5254.0000,5259.8000,5260.0000,5262.8000,5263.6000,5264.0000,1,3,1,1,1,1,1,1,1,1
SF,IC2012,2020-06-18 09:33:46.900,5258.2000,27941,0,287113400.000,2,1,1,多换,S,5256.8000,5256.0000,5255.0000,5254.0000,5253.0000,5258.2000,5259.8000,5260.0000,5262.8000,5263.6000,3,1,1,1,1,2,1,1,1,1
SF,IC2012,2020-06-18 09:33:47.400,5258.2000,27941,0,287113400.000,0,-,-,-,-,5257.0000,5256.8000,5256.0000,5255.0000,5254.0000,5258.2000,5259.8000,5260.0000,5262.8000,5263.6000,1,3,1,1,1,2,1,1,1,1
SF,IC2012,2020-06-18 09:33:47.900,5258.2000,27942,1,288165040.000,1,1,0,双开,S,5257.0000,5256.8000,5256.0000,5255.0000,5254.0000,5258.2000,5259.8000,5260.0000,5262.8000,5263.6000,1,3,1,1,1,1,1,1,1,1
SF,IC2012,2020-06-18 09:33:48.400,5258.2000,27942,0,288165040.000,0,-,-,-,-,5257.0000,5256.8000,5256.0000,5255.0000,5254.0000,5258.2000,5259.8000,5260.0000,5262.8000,5263.6000,1,3,1,1,1,1,1,1,1,1
SF,IC2012,2020-06-18 09:33:48.900,5258.2000,27943,1,289216680.000,1,1,0,双开,S,5257.2000,5257.0000,5256.8000,5256.0000,5255.0000,5259.8000,5260.0000,5262.8000,5263.6000,5264.0000,1,1,3,1,1,1,1,1,1,1
SF,IC2012,2020-06-18 09:33:49.400,5258.2000,27943,0,289216680.000,0,-,-,-,-,5257.4000,5256.8000,5256.0000,5254.0000,5253.0000,5259.8000,5260.0000,5262.8000,5263.6000,5264.0000,2,3,1,1,1,1,1,1,1,1
SF,IC2012,2020-06-18 09:33:49.900,5258.2000,27943,0,289216680.000,0,-,-,-,-,5257.4000,5256.8000,5256.0000,5254.0000,5253.0000,5259.8000,5260.0000,5262.8000,5263.6000,5264.0000,2,3,1,1,1,1,1,1,1,1
SF,IC2012,2020-06-18 09:33:50.400,5257.4000,27942,-1,291319640.000,2,0,2,多平,S,5256.8000,5256.0000,5254.0000,5253.0000,5252.4000,5259.8000,5260.0000,5262.8000,5263.6000,5264.0000,3,1,1,1,3,1,1,1,1,1
SF,IC2012,2020-06-18 09:33:50.900,5257.4000,27942,0,291319640.000,0,-,-,-,-,5257.0000,5256.8000,5256.0000,5254.0000,5253.0000,5258.0000,5259.8000,5260.0000,5262.8000,5263.6000,2,3,1,1,1,1,1,1,1,1
SF,IC2012,2020-06-18 09:33:51.400,5257.4000,27942,0,291319640.000,0,-,-,-,-,5257.4000,5257.0000,5256.8000,5256.0000,5254.0000,5258.0000,5259.8000,5260.0000,5262.8000,5263.6000,1,1,3,1,1,1,1,1,1,1
SF,IC2012,2020-06-18 09:33:51.900,5258.0000,27942,0,292371240.000,1,0,1,多换,S,5257.4000,5257.0000,5256.8000,5256.0000,5254.0000,5259.8000,5260.0000,5262.8000,5263.6000,5264.0000,1,1,3,1,1,1,1,1,1,1
SF,IC2012,2020-06-18 09:33:52.400,5257.6000,27942,0,293422760.000,1,0,1,多换,S,5257.4000,5256.8000,5256.0000,5254.0000,5253.0000,5259.8000,5260.0000,5262.8000,5263.6000,5264.0000,1,3,1,1,1,1,1,1,1,1
SF,IC2012,2020-06-18 09:33:52.900,5257.6000,27942,0,293422760.000,0,-,-,-,-,5257.8000,5257.6000,5257.4000,5256.8000,5256.0000,5259.8000,5260.0000,5262.8000,5263.6000,5264.0000,3,1,1,3,1,1,1,1,1,1
SF,IC2012,2020-06-18 09:33:53.400,5257.6000,27942,0,293422760.000,0,-,-,-,-,5257.8000,5257.4000,5256.8000,5256.0000,5254.0000,5259.6000,5259.8000,5260.0000,5262.8000,5263.6000,3,1,3,1,1,1,1,1,1,1
SF,IC2012,2020-06-18 09:33:53.900,5257.6000,27942,0,293422760.000,0,-,-,-,-,5257.8000,5257.4000,5256.8000,5256.0000,5254.0000,5259.4000,5259.6000,5260.0000,5262.8000,5263.6000,3,1,3,1,1,1,1,1,1,1
SF,IC2012,2020-06-18 09:33:54.400,5257.6000,27942,0,293422760.000,0,-,-,-,-,5257.8000,5257.4000,5256.8000,5256.0000,5254.0000,5259.4000,5260.0000,5262.8000,5263.6000,5264.0000,3,1,3,1,1,1,1,1,1,1
SF,IC2012,2020-06-18 09:33:54.900,5257.6000,27942,0,293422760.000,0,-,-,-,-,5258.0000,5257.8000,5257.4000,5256.8000,5256.0000,5259.4000,5260.0000,5262.8000,5263.6000,5264.0000,1,3,1,3,1,2,1,1,1,1
SF,IC2012,2020-06-18 09:33:55.400,5257.6000,27942,0,293422760.000,0,-,-,-,-,5258.0000,5257.8000,5256.8000,5256.0000,5254.0000,5259.4000,5260.0000,5262.8000,5263.6000,5264.0000,1,3,3,1,1,2,1,1,1,1
SF,IC2012,2020-06-18 09:33:56.400,5257.6000,27942,0,293422760.000,0,-,-,-,-,5258.2000,5258.0000,5257.8000,5256.0000,5254.0000,5259.4000,5260.0000,5262.8000,5263.6000,5264.0000,1,1,3,1,1,2,1,1,1,1
SF,IC2012,2020-06-18 09:33:56.900,5257.6000,27942,0,293422760.000,0,-,-,-,-,5258.0000,5257.8000,5256.0000,5254.0000,5253.0000,5259.4000,5260.0000,5262.8000,5263.6000,5264.0000,1,3,1,1,1,2,1,1,1,1
SF,IC2012,2020-06-18 09:33:57.900,5257.6000,27942,0,293422760.000,0,-,-,-,-,5258.0000,5257.8000,5256.0000,5254.0000,5253.0000,5259.2000,5259.4000,5260.0000,5262.8000,5263.6000,2,3,1,1,1,1,2,1,1,1
SF,IC2012,2020-06-18 09:33:58.400,5257.6000,27942,0,293422760.000,0,-,-,-,-,5258.0000,5257.8000,5256.0000,5254.0000,5253.0000,5259.0000,5259.4000,5260.0000,5262.8000,5263.6000,2,3,1,1,1,1,1,1,1,1
SF,IC2012,2020-06-18 09:33:58.900,5257.6000,27942,0,293422760.000,0,-,-,-,-,5258.0000,5257.8000,5256.0000,5254.0000,5253.0000,5259.0000,5259.4000,5260.0000,5262.8000,5263.6000,2,3,1,1,1,2,1,1,1,1
SF,IC2012,2020-06-18 09:33:59.400,5257.6000,27942,0,293422760.000,0,-,-,-,-,5258.2000,5258.0000,5257.8000,5256.0000,5254.0000,5259.0000,5259.4000,5260.0000,5262.8000,5263.6000,1,2,3,1,1,2,1,1,1,1
SF,IC2012,2020-06-18 09:33:59.900,5257.6000,27942,0,293422760.000,0,-,-,-,-,5258.2000,5258.0000,5257.8000,5256.0000,5254.0000,5259.0000,5259.4000,5260.0000,5262.8000,5263.6000,1,2,3,1,1,1,1,1,1,1
SF,IC2012,2020-06-18 09:34:00.400,5257.6000,27942,0,293422760.000,0,-,-,-,-,5258.2000,5258.0000,5257.8000,5256.0000,5254.0000,5259.0000,5259.4000,5260.0000,5262.8000,5263.6000,1,2,3,1,1,1,1,1,1,1
SF,IC2012,2020-06-18 09:34:00.900,5257.6000,27942,0,295525800.000,2,1,1,多换,S,5258.4000,5258.0000,5257.8000,5256.0000,5254.0000,5259.0000,5259.4000,5260.0000,5262.8000,5263.6000,3,1,3,1,1,1,1,1,1,1
SF,IC2012,2020-06-18 09:34:01.400,5258.4000,27942,0,298680840.000,3,1,2,多换,S,5258.0000,5257.8000,5256.0000,5254.0000,5253.0000,5259.4000,5260.0000,5262.8000,5263.6000,5264.0000,1,3,1,1,1,1,1,1,1,1
SF,IC2012,2020-06-18 09:34:01.900,5257.8000,27943,1,300784000.000,2,1,1,空开,S,5257.8000,5256.0000,5254.0000,5253.0000,5252.4000,5259.2000,5259.4000,5260.0000,5262.8000,5263.6000,2,1,1,1,3,1,1,1,1,1
SF,IC2012,2020-06-18 09:34:02.400,5257.8000,27944,1,301835560.000,1,1,0,双开,S,5257.8000,5256.0000,5254.0000,5253.0000,5252.4000,5259.2000,5259.4000,5260.0000,5262.8000,5263.6000,1,1,1,1,3,1,1,1,1,1
SF,IC2012,2020-06-18 09:34:02.900,5257.8000,27944,0,301835560.000,0,-,-,-,-,5257.8000,5256.0000,5254.0000,5253.0000,5252.4000,5259.0000,5259.2000,5259.4000,5260.0000,5262.8000,1,1,1,1,3,1,1,1,1,1
SF,IC2012,2020-06-18 09:34:03.400,5257.8000,27944,0,302887120.000,1,0,1,多换,S,5257.8000,5256.0000,5254.0000,5253.0000,5252.4000,5258.8000,5259.0000,5259.4000,5260.0000,5262.8000,1,1,1,1,3,1,1,1,1,1
SF,IC2012,2020-06-18 09:34:03.900,5257.8000,27943,-1,303938680.000,1,0,1,双平,S,5256.0000,5254.0000,5253.0000,5252.4000,5251.2000,5259.4000,5260.0000,5262.8000,5263.6000,5264.0000,1,1,1,3,2,1,1,1,1,1
SF,IC2012,2020-06-18 09:34:04.400,5257.8000,27943,0,303938680.000,0,-,-,-,-,5256.2000,5256.0000,5254.0000,5253.0000,5252.4000,5259.2000,5259.4000,5260.0000,5262.8000,5263.6000,1,1,1,1,3,2,1,1,1,1
SF,IC2012,2020-06-18 09:34:05.400,5257.8000,27943,0,303938680.000,0,-,-,-,-,5256.2000,5256.0000,5254.0000,5253.0000,5252.4000,5259.0000,5259.2000,5259.4000,5260.0000,5262.8000,1,1,1,1,3,1,2,1,1,1
SF,IC2012,2020-06-18 09:34:05.900,5257.8000,27943,0,303938680.000,0,-,-,-,-,5256.2000,5256.0000,5254.0000,5253.0000,5252.4000,5258.8000,5259.0000,5259.4000,5260.0000,5262.8000,2,1,1,1,3,4,1,1,1,1
SF,IC2012,2020-06-18 09:34:07.900,5257.8000,27943,0,303938680.000,0,-,-,-,-,5256.2000,5256.0000,5255.0000,5254.0000,5253.0000,5258.8000,5259.4000,5260.0000,5262.8000,5263.6000,2,1,1,1,1,4,1,1,1,1
SF,IC2012,2020-06-18 09:34:08.400,5257.8000,27943,0,303938680.000,0,-,-,-,-,5256.2000,5256.0000,5255.0000,5254.0000,5253.0000,5258.6000,5258.8000,5260.0000,5262.8000,5263.6000,2,1,1,1,1,1,5,1,1,1
SF,IC2012,2020-06-18 09:34:08.900,5257.8000,27943,0,303938680.000,0,-,-,-,-,5256.2000,5256.0000,5255.0000,5254.0000,5253.0000,5258.4000,5258.6000,5258.8000,5260.0000,5262.8000,2,1,1,1,1,1,1,4,1,1
SF,IC2012,2020-06-18 09:34:09.400,5257.8000,27943,0,303938680.000,0,-,-,-,-,5256.4000,5256.2000,5256.0000,5255.0000,5254.0000,5258.4000,5258.8000,5260.0000,5262.8000,5263.6000,1,2,1,1,1,1,4,1,1,1
SF,IC2012,2020-06-18 09:34:09.900,5258.4000,27943,0,304990360.000,1,0,1,多换,S,5256.4000,5256.2000,5256.0000,5255.0000,5254.0000,5258.8000,5260.0000,5262.6000,5262.8000,5263.6000,1,2,1,1,1,1,1,2,1,1
SF,IC2012,2020-06-18 09:34:10.400,5258.4000,27943,0,304990360.000,0,-,-,-,-,5256.4000,5256.2000,5256.0000,5255.0000,5254.0000,5258.6000,5258.8000,5260.0000,5262.8000,5263.6000,1,2,1,1,1,1,1,1,1,1
SF,IC2012,2020-06-18 09:34:10.900,5258.4000,27943,0,304990360.000,0,-,-,-,-,5256.4000,5256.2000,5256.0000,5255.0000,5254.0000,5258.6000,5258.8000,5260.0000,5262.8000,5263.6000,1,2,1,1,1,2,1,1,1,1
SF,IC2012,2020-06-18 09:34:11.900,5258.4000,27943,0,304990360.000,0,-,-,-,-,5256.4000,5256.2000,5256.0000,5255.0000,5254.0000,5258.6000,5258.8000,5260.0000,5262.8000,5263.6000,1,2,1,1,1,1,1,1,1,1
SF,IC2012,2020-06-18 09:34:12.400,5256.4000,27943,0,306041640.000,1,0,1,多换,S,5256.2000,5256.0000,5255.0000,5254.0000,5253.0000,5258.6000,5258.8000,5260.0000,5262.8000,5263.6000,2,1,1,1,1,1,1,1,1,1
SF,IC2012,2020-06-18 09:34:12.900,5256.4000,27943,0,306041640.000,0,-,-,-,-,5256.4000,5256.2000,5256.0000,5255.0000,5254.0000,5258.4000,5258.6000,5258.8000,5260.0000,5262.8000,1,2,1,1,1,1,1,1,1,1
SF,IC2012,2020-06-18 09:34:13.400,5256.4000,27943,0,306041640.000,0,-,-,-,-,5256.4000,5256.2000,5256.0000,5255.0000,5254.0000,5258.2000,5258.4000,5258.8000,5260.0000,5262.8000,1,2,1,1,1,1,1,1,1,1
SF,IC2012,2020-06-18 09:34:13.900,5256.4000,27943,0,306041640.000,0,-,-,-,-,5256.2000,5256.0000,5255.0000,5254.0000,5253.0000,5258.2000,5258.8000,5260.0000,5262.8000,5263.6000,2,1,1,1,1,1,1,1,1,1
SF,IC2012,2020-06-18 09:34:14.400,5256.4000,27943,0,306041640.000,0,-,-,-,-,5256.6000,5256.4000,5256.2000,5256.0000,5255.0000,5258.2000,5258.8000,5260.0000,5262.8000,5263.6000,1,1,2,1,1,1,1,1,1,1
SF,IC2012,2020-06-18 09:34:14.900,5256.4000,27943,0,306041640.000,0,-,-,-,-,5256.2000,5256.0000,5255.0000,5254.0000,5253.0000,5258.2000,5258.8000,5260.0000,5262.8000,5263.6000,2,1,1,1,1,1,1,1,1,1
SF,IC2012,2020-06-18 09:34:15.400,5256.4000,27943,0,306041640.000,0,-,-,-,-,5256.2000,5256.0000,5255.0000,5254.0000,5253.0000,5256.6000,5258.2000,5258.8000,5260.0000,5262.8000,2,1,1,1,1,1,1,1,1,1
SF,IC2012,2020-06-18 09:34:15.900,5256.4000,27943,0,306041640.000,0,-,-,-,-,5256.2000,5256.0000,5255.8000,5255.0000,5254.0000,5256.6000,5258.2000,5258.6000,5258.8000,5260.0000,3,1,1,1,1,1,1,1,1,1
SF,IC2012,2020-06-18 09:34:16.400,5256.6000,27942,-1,307092960.000,1,0,1,双平,S,5256.2000,5256.0000,5255.8000,5255.0000,5254.0000,5258.2000,5258.6000,5258.8000,5260.0000,5260.2000,3,1,1,1,1,1,1,1,1,1
SF,IC2012,2020-06-18 09:34:16.900,5256.6000,27942,0,307092960.000,0,-,-,-,-,5256.6000,5256.4000,5256.2000,5256.0000,5255.8000,5258.2000,5258.6000,5258.8000,5260.0000,5260.2000,4,1,3,1,1,1,1,1,1,1
SF,IC2012,2020-06-18 09:34:17.400,5256.6000,27942,0,307092960.000,0,-,-,-,-,5256.6000,5256.2000,5256.0000,5255.8000,5255.0000,5258.0000,5258.2000,5258.6000,5258.8000,5260.0000,4,3,1,1,1,1,1,1,1,1
SF,IC2012,2020-06-18 09:34:17.900,5256.6000,27942,0,307092960.000,0,-,-,-,-,5256.6000,5256.2000,5256.0000,5255.8000,5255.0000,5257.8000,5258.6000,5258.8000,5260.0000,5260.2000,4,3,1,1,1,1,1,1,1,1
SF,IC2012,2020-06-18 09:34:18.400,5256.6000,27942,0,307092960.000,0,-,-,-,-,5256.6000,5256.2000,5256.0000,5255.8000,5255.0000,5257.8000,5258.6000,5258.8000,5260.0000,5262.8000,4,3,1,1,1,1,1,1,1,1
SF,IC2012,2020-06-18 09:34:20.400,5256.6000,27942,0,307092960.000,0,-,-,-,-,5256.6000,5256.2000,5256.0000,5255.8000,5255.0000,5257.6000,5257.8000,5258.6000,5258.8000,5260.0000,4,3,1,1,1,1,1,1,1,1
SF,IC2012,2020-06-18 09:34:20.900,5256.6000,27942,0,307092960.000,0,-,-,-,-,5256.6000,5256.2000,5256.0000,5255.8000,5255.0000,5257.4000,5257.6000,5258.6000,5260.0000,5262.8000,4,3,1,1,1,1,2,1,1,1
SF,IC2012,2020-06-18 09:34:21.400,5256.6000,27942,0,307092960.000,0,-,-,-,-,5256.6000,5256.2000,5256.0000,5255.8000,5255.0000,5257.4000,5257.6000,5258.6000,5260.0000,5262.8000,4,3,1,1,1,1,1,1,1,1
SF,IC2012,2020-06-18 09:34:21.900,5257.4000,27941,-1,308144440.000,1,0,1,双平,S,5256.8000,5256.6000,5256.2000,5256.0000,5255.8000,5257.6000,5258.6000,5260.0000,5262.8000,5263.6000,1,4,3,1,1,1,1,1,1,1
SF,IC2012,2020-06-18 09:34:22.400,5256.8000,27942,1,309195800.000,1,1,0,双开,S,5256.6000,5256.2000,5256.0000,5255.8000,5255.0000,5257.6000,5258.6000,5259.6000,5260.0000,5262.8000,4,2,1,1,1,1,1,1,1,1
SF,IC2012,2020-06-18 09:34:22.900,5256.8000,27942,0,309195800.000,0,-,-,-,-,5256.8000,5256.6000,5256.2000,5256.0000,5255.8000,5257.6000,5258.6000,5259.6000,5260.0000,5262.8000,1,4,2,1,1,1,1,1,1,1
SF,IC2012,2020-06-18 09:34:23.400,5256.8000,27942,0,309195800.000,0,-,-,-,-,5256.8000,5256.6000,5256.2000,5256.0000,5255.8000,5257.6000,5258.6000,5259.6000,5260.0000,5262.8000,1,4,2,1,2,1,1,1,1,1
SF,IC2012,2020-06-18 09:34:23.900,5257.6000,27943,1,310247320.000,1,1,0,双开,S,5256.8000,5256.6000,5256.2000,5256.0000,5255.8000,5258.6000,5259.6000,5260.0000,5262.8000,5263.6000,1,4,2,1,2,1,1,1,1,1
SF,IC2012,2020-06-18 09:34:24.400,5257.6000,27943,0,310247320.000,0,-,-,-,-,5257.0000,5256.8000,5256.6000,5256.2000,5256.0000,5258.4000,5258.6000,5259.6000,5260.0000,5260.4000,1,1,4,2,1,1,1,1,1,1
SF,IC2012,2020-06-18 09:34:24.900,5257.6000,27943,0,310247320.000,0,-,-,-,-,5257.0000,5256.8000,5256.6000,5256.2000,5256.0000,5258.4000,5258.6000,5259.6000,5260.0000,5260.4000,2,1,4,2,1,2,1,1,1,1
SF,IC2012,2020-06-18 09:34:25.900,5257.0000,27942,-1,311298720.000,1,0,1,双平,S,5257.0000,5256.8000,5256.6000,5256.2000,5256.0000,5258.4000,5258.6000,5259.6000,5260.0000,5260.4000,1,1,4,2,1,2,1,1,1,1
SF,IC2012,2020-06-18 09:34:26.400,5257.0000,27942,0,311298720.000,0,-,-,-,-,5256.8000,5256.6000,5256.2000,5256.0000,5255.8000,5258.4000,5258.6000,5259.6000,5260.0000,5260.4000,1,4,2,1,2,2,1,1,1,1
SF,IC2012,2020-06-18 09:34:26.900,5258.4000,27942,0,312350400.000,1,0,1,多换,S,5256.8000,5256.6000,5256.2000,5256.0000,5255.8000,5258.4000,5258.6000,5259.6000,5260.0000,5260.4000,1,4,2,1,2,1,1,1,1,1
SF,IC2012,2020-06-18 09:34:27.400,5258.4000,27942,0,312350400.000,0,-,-,-,-,5257.0000,5256.8000,5256.6000,5256.2000,5256.0000,5258.2000,5258.4000,5258.6000,5259.6000,5260.0000,2,1,4,2,1,1,1,1,1,1
SF,IC2012,2020-06-18 09:34:28.400,5258.4000,27942,0,312350400.000,0,-,-,-,-,5257.0000,5256.8000,5256.6000,5256.2000,5256.0000,5258.2000,5258.4000,5258.6000,5259.6000,5260.0000,1,1,4,2,1,1,1,1,1,1
SF,IC2012,2020-06-18 09:34:28.900,5258.4000,27942,0,312350400.000,0,-,-,-,-,5256.8000,5256.6000,5256.2000,5256.0000,5255.8000,5258.2000,5258.4000,5258.6000,5259.6000,5260.0000,1,4,2,1,2,1,1,1,1,1
SF,IC2012,2020-06-18 09:34:29.400,5258.4000,27942,0,313402080.000,1,0,1,多换,S,5256.8000,5256.6000,5256.2000,5256.0000,5255.8000,5258.4000,5258.6000,5259.6000,5260.0000,5260.4000,1,4,1,1,2,1,1,1,1,1
SF,IC2012,2020-06-18 09:34:29.900,5258.4000,27942,0,313402080.000,0,-,-,-,-,5257.0000,5256.8000,5256.6000,5256.2000,5256.0000,5258.4000,5258.6000,5259.6000,5260.0000,5260.4000,2,1,4,1,1,1,1,1,1,1
SF,IC2012,2020-06-18 09:34:30.900,5258.4000,27942,0,314453760.000,1,0,1,多换,S,5257.0000,5256.8000,5256.6000,5256.2000,5256.0000,5259.6000,5260.0000,5260.4000,5262.8000,5263.6000,2,1,4,1,1,1,1,1,1,1
SF,IC2012,2020-06-18 09:34:31.400,5258.4000,27942,0,314453760.000,0,-,-,-,-,5257.2000,5257.0000,5256.8000,5256.6000,5256.2000,5259.4000,5259.6000,5260.0000,5260.4000,5262.8000,2,1,1,4,1,1,1,1,1,1
SF,IC2012,2020-06-18 09:34:31.900,5258.4000,27942,0,314453760.000,0,-,-,-,-,5257.4000,5257.2000,5256.8000,5256.6000,5256.2000,5259.4000,5259.6000,5260.0000,5260.4000,5262.8000,1,6,1,4,1,1,1,1,1,1
SF,IC2012,2020-06-18 09:34:32.400,5257.4000,27942,0,315505240.000,1,0,1,多换,S,5257.2000,5256.6000,5256.2000,5256.0000,5255.8000,5259.4000,5259.6000,5260.0000,5260.4000,5262.8000,6,4,1,1,1,1,1,1,1,1
SF,IC2012,2020-06-18 09:34:32.900,5257.4000,27942,0,315505240.000,0,-,-,-,-,5257.6000,5257.4000,5257.2000,5256.6000,5256.2000,5259.4000,5259.6000,5259.8000,5260.0000,5260.4000,1,2,6,4,1,2,1,1,1,1
SF,IC2012,2020-06-18 09:34:33.400,5257.4000,27942,0,315505240.000,0,-,-,-,-,5257.4000,5257.2000,5256.6000,5256.2000,5256.0000,5259.4000,5259.6000,5260.0000,5260.4000,5262.8000,2,6,4,1,1,2,1,1,1,1
SF,IC2012,2020-06-18 09:34:33.900,5257.4000,27942,0,315505240.000,0,-,-,-,-,5257.4000,5257.2000,5256.6000,5256.2000,5256.0000,5259.4000,5259.6000,5260.0000,5260.4000,5262.8000,2,5,4,1,1,2,1,1,1,1
SF,IC2012,2020-06-18 09:34:34.900,5257.4000,27942,0,315505240.000,0,-,-,-,-,5257.4000,5257.2000,5256.6000,5256.0000,5255.8000,5259.4000,5259.6000,5260.0000,5260.4000,5262.8000,2,5,4,1,1,2,1,1,1,1
SF,IC2012,2020-06-18 09:34:35.400,5257.4000,27942,0,315505240.000,0,-,-,-,-,5257.6000,5257.4000,5257.2000,5256.6000,5256.0000,5259.4000,5259.6000,5260.0000,5260.4000,5262.8000,1,2,5,4,1,2,1,1,1,1
SF,IC2012,2020-06-18 09:34:35.900,5259.4000,27942,0,316557120.000,1,0,1,多换,S,5257.8000,5257.4000,5257.2000,5256.6000,5256.0000,5259.4000,5259.6000,5260.0000,5260.4000,5262.8000,1,1,5,4,1,1,1,1,1,1
