市场代码,合约代码,时间,最新,持仓,增仓,成交额,成交量,开仓,平仓,成交类型,方向,买一价,买二价,买三价,买四价,买五价,卖一价,卖二价,卖三价,卖四价,卖五价,买一量,买二量,买三量,买四量,买五量,卖一量,卖二量,卖三量,卖四量,卖五量
SF,IC2103,2020-10-20 09:29:00.200,6050.0000,44385,0,61710000.000,51.000,-,-,-,-,6040.0000,6030.0000,6017.8000,6014.4000,6012.2000,6050.0000,6053.8000,6062.0000,6066.0000,6068.0000,1,3,1,2,1,4,5,3,2,1
SF,IC2103,2020-10-20 09:30:00.200,6040.0000,44386,1,62918000.000,1,1,0,双开,S,6030.0000,6020.0000,6017.8000,6014.4000,6012.2000,6031.2000,6031.8000,6034.0000,6034.6000,6035.2000,3,1,1,2,1,1,1,1,1,2
SF,IC2103,2020-10-20 09:30:00.700,6037.0000,44384,-2,71366480.000,7,2,5,多平,S,6031.2000,6030.0000,6020.0000,6014.4000,6012.2000,6037.0000,6037.4000,6037.6000,6038.0000,6038.6000,3,3,1,2,1,6,3,2,3,2
SF,IC2103,2020-10-20 09:30:01.200,6031.4000,44380,-4,77398080.000,5,0,5,多平,S,6031.2000,6030.0000,6020.0000,6014.4000,6012.2000,6032.6000,6033.6000,6035.4000,6036.0000,6036.6000,3,3,1,2,1,1,2,3,1,2
SF,IC2103,2020-10-20 09:30:01.700,6036.6000,44377,-3,82226160.000,4,0,4,多平,S,6037.0000,6032.6000,6031.2000,6030.0000,6020.0000,6039.8000,6040.0000,6047.8000,6048.0000,6048.8000,1,2,3,3,1,2,5,2,1,2
SF,IC2103,2020-10-20 09:30:02.200,6037.0000,44369,-8,91885320.000,8,0,8,双平,S,6031.2000,6030.0000,6020.0000,6014.4000,6010.4000,6036.6000,6037.0000,6038.0000,6038.4000,6039.0000,3,3,1,2,1,4,4,1,1,3
SF,IC2103,2020-10-20 09:30:02.700,6036.6000,44363,-6,99129240.000,6,0,6,双平,S,6032.4000,6032.0000,6031.2000,6030.0000,6020.0000,6039.0000,6039.8000,6040.0000,6040.6000,6047.8000,1,1,4,3,1,1,2,7,1,2
SF,IC2103,2020-10-20 09:30:03.200,6038.6000,44362,-1,100336960.000,1,0,1,双平,S,6035.2000,6034.6000,6033.6000,6032.6000,6032.4000,6039.0000,6039.8000,6040.0000,6040.6000,6047.8000,1,1,1,1,1,1,2,7,1,2
SF,IC2103,2020-10-20 09:30:03.700,6039.0000,44361,-1,101544760.000,1,0,1,双平,S,6039.2000,6035.4000,6035.2000,6034.6000,6033.6000,6040.0000,6040.6000,6043.2000,6047.8000,6048.0000,3,2,2,1,1,7,1,1,2,1
SF,IC2103,2020-10-20 09:30:04.200,6039.2000,44355,-6,108791800.000,6,0,6,双平,S,6035.4000,6035.2000,6034.6000,6033.2000,6033.0000,6040.0000,6040.6000,6043.2000,6047.8000,6048.0000,2,1,1,2,1,6,1,1,2,1
SF,IC2103,2020-10-20 09:30:04.700,6039.8000,44352,-3,112414320.000,3,0,3,双平,S,6035.6000,6035.4000,6034.6000,6033.2000,6033.0000,6040.0000,6040.6000,6047.8000,6048.0000,6048.8000,1,2,1,2,1,6,1,2,1,2
SF,IC2103,2020-10-20 09:30:05.200,6040.0000,44351,-1,113622320.000,1,0,1,双平,S,6036.8000,6035.8000,6035.6000,6035.4000,6033.2000,6040.0000,6040.6000,6047.8000,6048.0000,6048.8000,1,2,1,1,2,5,1,2,1,2
SF,IC2103,2020-10-20 09:30:05.700,6040.0000,44350,-1,114830320.000,1,0,1,双平,S,6038.8000,6037.2000,6037.0000,6036.8000,6033.2000,6040.0000,6040.6000,6047.8000,6048.0000,6048.8000,1,1,2,2,2,4,1,2,1,2
SF,IC2103,2020-10-20 09:30:06.200,6040.0000,44349,-1,119662320.000,4,1,3,多平,S,6038.8000,6037.2000,6037.0000,6036.8000,6036.6000,6039.8000,6040.6000,6045.2000,6047.8000,6048.0000,1,1,2,1,1,1,1,1,2,1
SF,IC2103,2020-10-20 09:30:06.700,6039.8000,44348,-1,120870280.000,1,0,1,双平,S,6039.0000,6038.8000,6037.0000,6036.6000,6030.0000,6039.8000,6040.6000,6045.2000,6047.8000,6048.8000,2,1,2,1,3,1,1,1,2,2
SF,IC2103,2020-10-20 09:30:07.200,6039.0000,44345,-3,125701960.000,4,0,4,多平,S,6038.8000,6037.0000,6036.6000,6030.0000,6020.0000,6047.8000,6048.8000,6049.6000,6049.8000,6050.0000,1,2,1,3,1,2,2,5,2,5
SF,IC2103,2020-10-20 09:30:07.700,6044.8000,44344,-1,126910920.000,1,0,1,双平,S,6040.0000,6039.0000,6038.8000,6030.0000,6020.0000,6045.2000,6045.6000,6046.2000,6047.2000,6047.4000,1,2,1,3,1,2,3,2,3,7
SF,IC2103,2020-10-20 09:30:08.200,6040.0000,44340,-4,132951400.000,5,0,5,多平,S,6030.0000,6020.0000,6014.6000,6010.4000,6010.0000,6038.0000,6043.2000,6043.4000,6044.4000,6044.8000,3,1,5,1,1,3,1,1,3,1
SF,IC2103,2020-10-20 09:30:08.700,6038.0000,44338,-2,136574200.000,3,0,3,多平,S,6037.4000,6035.8000,6035.4000,6035.2000,6034.6000,6038.0000,6043.2000,6043.4000,6044.4000,6045.0000,1,1,1,1,4,2,1,1,1,1
SF,IC2103,2020-10-20 09:30:09.200,6038.0000,44340,2,138989400.000,2,2,0,双开,S,6035.4000,6035.2000,6034.6000,6034.0000,6033.6000,6043.6000,6047.4000,6049.6000,6049.8000,6050.0000,1,1,2,1,4,1,6,1,2,6
SF,IC2103,2020-10-20 09:30:09.700,6043.2000,44339,-1,140198040.000,1,0,1,双平,S,6038.4000,6036.0000,6035.8000,6035.4000,6035.2000,6042.0000,6043.4000,6043.6000,6047.4000,6049.6000,1,2,1,4,1,1,2,4,6,1
SF,IC2103,2020-10-20 09:30:10.200,6042.0000,44335,-4,145030160.000,4,0,4,双平,S,6038.6000,6036.0000,6035.4000,6035.2000,6034.6000,6043.4000,6043.6000,6047.2000,6047.4000,6049.6000,1,2,3,1,2,1,4,1,6,1
SF,IC2103,2020-10-20 09:30:10.700,6040.0000,44332,-3,148653600.000,3,0,3,双平,S,6035.4000,6035.2000,6034.6000,6034.0000,6032.6000,6042.4000,6042.6000,6043.0000,6043.2000,6043.4000,1,1,2,1,1,2,2,1,4,3
SF,IC2103,2020-10-20 09:30:11.200,6040.0000,44332,0,148653600.000,0,-,-,-,-,6035.6000,6034.0000,6032.6000,6030.6000,6030.4000,6040.8000,6041.2000,6041.4000,6041.6000,6042.0000,1,1,1,1,5,1,1,1,1,1
SF,IC2103,2020-10-20 09:30:11.700,6040.0000,44332,0,148653600.000,0,-,-,-,-,6032.6000,6030.6000,6030.4000,6030.2000,6030.0000,6035.6000,6040.6000,6040.8000,6041.2000,6041.4000,1,1,5,1,3,3,3,4,1,1
SF,IC2103,2020-10-20 09:30:12.200,6037.2000,44331,-1,149861040.000,1,0,1,双平,S,6033.2000,6032.8000,6032.2000,6030.6000,6030.2000,6035.4000,6035.6000,6038.4000,6040.0000,6040.6000,2,1,2,1,1,1,3,1,1,2
SF,IC2103,2020-10-20 09:30:12.700,6037.2000,44331,0,149861040.000,0,-,-,-,-,6033.8000,6033.4000,6032.8000,6030.6000,6030.2000,6035.2000,6035.4000,6035.6000,6038.4000,6040.0000,2,2,1,1,1,1,1,3,1,1
SF,IC2103,2020-10-20 09:30:13.200,6037.2000,44331,0,149861040.000,0,-,-,-,-,6033.8000,6033.4000,6032.8000,6030.6000,6030.2000,6035.0000,6035.2000,6035.6000,6038.4000,6039.6000,2,2,1,1,1,1,1,3,1,1
SF,IC2103,2020-10-20 09:30:13.700,6033.8000,44329,-2,152274560.000,2,0,2,双平,S,6032.8000,6030.6000,6030.2000,6030.0000,6020.0000,6035.0000,6035.6000,6038.4000,6039.6000,6040.0000,1,1,1,3,1,2,3,1,1,1
SF,IC2103,2020-10-20 09:30:14.200,6032.8000,44328,-1,153481120.000,1,0,1,双平,S,6030.2000,6030.0000,6020.0000,6014.6000,6010.4000,6034.8000,6035.0000,6035.6000,6038.4000,6039.6000,1,3,1,5,1,1,2,3,1,1
SF,IC2103,2020-10-20 09:30:14.700,6032.8000,44328,0,153481120.000,0,-,-,-,-,6031.2000,6030.8000,6030.6000,6030.4000,6030.2000,6034.6000,6034.8000,6035.0000,6035.6000,6038.4000,1,2,1,1,2,1,2,1,3,1
SF,IC2103,2020-10-20 09:30:15.200,6032.8000,44328,0,153481120.000,0,-,-,-,-,6031.6000,6031.4000,6030.6000,6030.0000,6020.0000,6034.0000,6034.4000,6034.6000,6035.6000,6038.4000,1,3,1,3,1,1,1,2,3,1
SF,IC2103,2020-10-20 09:30:15.700,6031.6000,44327,-1,154687440.000,1,0,1,双平,S,6031.4000,6030.0000,6020.0000,6014.6000,6010.4000,6033.8000,6034.0000,6034.6000,6035.6000,6038.4000,2,3,1,5,1,1,2,1,3,1
SF,IC2103,2020-10-20 09:30:16.200,6031.6000,44327,0,154687440.000,0,-,-,-,-,6031.4000,6030.0000,6020.0000,6014.6000,6010.4000,6033.4000,6033.8000,6034.0000,6034.6000,6035.6000,2,3,1,5,1,1,2,1,1,3
SF,IC2103,2020-10-20 09:30:16.700,6031.4000,44325,-2,157100000.000,2,0,2,双平,S,6030.0000,6020.0000,6014.6000,6010.4000,6010.0000,6033.0000,6033.2000,6033.4000,6034.6000,6035.6000,3,1,5,1,1,1,1,2,1,3
SF,IC2103,2020-10-20 09:30:17.200,6031.4000,44325,0,157100000.000,0,-,-,-,-,6030.0000,6020.0000,6010.4000,6010.0000,6008.8000,6032.6000,6032.8000,6033.0000,6033.4000,6035.6000,3,1,1,1,6,1,2,2,1,3
SF,IC2103,2020-10-20 09:30:17.700,6032.6000,44324,-1,158306520.000,1,0,1,双平,S,6030.0000,6020.0000,6010.4000,6010.0000,6008.8000,6032.4000,6032.6000,6033.0000,6033.4000,6035.6000,3,1,1,1,6,2,1,1,1,3
SF,IC2103,2020-10-20 09:30:18.200,6032.6000,44324,0,158306520.000,0,-,-,-,-,6030.0000,6020.0000,6010.4000,6010.0000,6008.8000,6032.0000,6032.2000,6032.4000,6033.4000,6035.6000,3,1,1,1,6,1,1,2,1,3
SF,IC2103,2020-10-20 09:30:18.700,6030.0000,44324,0,159512520.000,1,0,1,多换,S,6030.0000,6020.0000,6010.4000,6010.0000,6008.8000,6031.8000,6032.0000,6032.4000,6035.6000,6038.4000,2,1,1,1,6,2,2,1,3,1
SF,IC2103,2020-10-20 09:30:19.200,6030.0000,44323,-1,160718520.000,1,0,1,双平,S,6030.0000,6020.0000,6010.4000,6010.0000,6008.8000,6031.6000,6031.8000,6032.0000,6032.4000,6035.6000,1,1,1,1,6,1,2,1,1,3
SF,IC2103,2020-10-20 09:30:19.700,6031.6000,44321,-2,163130840.000,2,0,2,双平,S,6020.0000,6010.4000,6010.0000,6008.8000,6006.6000,6030.0000,6031.8000,6032.4000,6035.6000,6038.4000,1,1,1,6,1,1,2,1,3,1
SF,IC2103,2020-10-20 09:30:20.200,6030.0000,44320,-1,164336840.000,1,0,1,双平,S,6028.0000,6027.6000,6027.2000,6027.0000,6026.6000,6029.8000,6030.0000,6031.8000,6035.6000,6038.4000,3,1,2,3,2,1,2,1,3,1
SF,IC2103,2020-10-20 09:30:20.700,6030.0000,44317,-3,167954840.000,3,0,3,双平,S,6028.6000,6028.4000,6028.2000,6028.0000,6027.2000,6033.4000,6035.6000,6038.4000,6040.0000,6041.4000,2,1,3,2,1,1,3,1,2,1
SF,IC2103,2020-10-20 09:30:21.200,6030.0000,44317,0,167954840.000,0,-,-,-,-,6029.2000,6028.8000,6028.0000,6027.2000,6027.0000,6035.6000,6038.4000,6040.0000,6041.4000,6042.0000,2,4,2,1,1,3,1,2,1,3
SF,IC2103,2020-10-20 09:30:21.700,6030.0000,44317,0,167954840.000,0,-,-,-,-,6029.8000,6029.4000,6028.0000,6027.2000,6027.0000,6035.0000,6035.4000,6035.6000,6038.4000,6040.0000,2,2,2,1,1,1,1,3,1,2
SF,IC2103,2020-10-20 09:30:22.200,6030.0000,44317,0,167954840.000,0,-,-,-,-,6030.0000,6029.4000,6028.0000,6027.2000,6027.0000,6035.0000,6035.4000,6035.6000,6038.4000,6040.0000,3,3,2,1,1,1,1,3,1,2
SF,IC2103,2020-10-20 09:30:22.700,6030.0000,44317,0,167954840.000,0,-,-,-,-,6030.2000,6030.0000,6028.0000,6027.2000,6027.0000,6033.6000,6035.0000,6035.6000,6039.2000,6040.0000,3,1,2,1,1,1,1,3,1,2
SF,IC2103,2020-10-20 09:30:23.200,6030.0000,44317,0,167954840.000,0,-,-,-,-,6030.4000,6030.2000,6028.0000,6027.2000,6027.0000,6033.4000,6033.6000,6035.6000,6039.2000,6040.0000,1,1,2,1,1,1,1,3,1,2
SF,IC2103,2020-10-20 09:30:23.700,6030.0000,44317,0,167954840.000,0,-,-,-,-,6030.4000,6028.0000,6027.2000,6027.0000,6026.4000,6033.4000,6033.6000,6035.6000,6039.2000,6040.0000,1,2,1,1,2,1,1,3,1,2
SF,IC2103,2020-10-20 09:30:24.200,6030.0000,44317,0,167954840.000,0,-,-,-,-,6030.4000,6028.0000,6027.2000,6027.0000,6026.4000,6033.4000,6033.6000,6035.6000,6039.2000,6040.0000,2,2,1,1,2,1,1,3,1,2
SF,IC2103,2020-10-20 09:30:24.700,6030.0000,44316,-1,169160840.000,1,0,1,双平,S,6028.0000,6027.2000,6027.0000,6026.4000,6026.0000,6033.0000,6033.2000,6033.4000,6033.6000,6035.6000,2,1,1,2,1,1,1,1,1,3
SF,IC2103,2020-10-20 09:30:25.200,6030.0000,44316,0,169160840.000,0,-,-,-,-,6028.6000,6028.2000,6028.0000,6027.2000,6027.0000,6032.8000,6033.0000,6033.4000,6033.6000,6035.6000,2,3,2,1,1,2,1,1,1,3
SF,IC2103,2020-10-20 09:30:25.700,6030.0000,44316,0,169160840.000,0,-,-,-,-,6029.2000,6028.8000,6028.2000,6028.0000,6027.2000,6032.6000,6032.8000,6033.0000,6033.4000,6035.6000,2,1,1,2,1,1,2,1,1,3
SF,IC2103,2020-10-20 09:30:26.200,6030.0000,44316,0,169160840.000,0,-,-,-,-,6029.4000,6027.0000,6026.4000,6026.0000,6025.6000,6032.4000,6032.8000,6033.0000,6033.4000,6035.6000,2,1,2,1,1,1,1,1,1,3
SF,IC2103,2020-10-20 09:30:26.700,6030.0000,44316,0,169160840.000,0,-,-,-,-,6027.0000,6026.4000,6026.0000,6025.6000,6020.6000,6032.4000,6032.8000,6033.0000,6033.4000,6035.6000,1,2,1,1,1,1,1,1,1,3
SF,IC2103,2020-10-20 09:30:27.200,6030.0000,44316,0,169160840.000,0,-,-,-,-,6027.6000,6027.4000,6027.2000,6027.0000,6026.4000,6032.0000,6032.2000,6032.4000,6033.4000,6035.6000,2,1,2,2,2,1,1,1,1,3
SF,IC2103,2020-10-20 09:30:27.700,6030.0000,44316,0,169160840.000,0,-,-,-,-,6028.2000,6027.8000,6027.4000,6027.0000,6026.4000,6031.8000,6032.0000,6032.2000,6033.4000,6035.6000,2,1,1,1,2,1,1,1,1,3
SF,IC2103,2020-10-20 09:30:28.200,6030.0000,44316,0,169160840.000,0,-,-,-,-,6028.8000,6027.8000,6027.4000,6027.0000,6026.4000,6031.8000,6032.0000,6032.2000,6033.4000,6035.6000,2,1,1,1,2,1,1,1,1,3
SF,IC2103,2020-10-20 09:30:28.700,6030.0000,44316,0,169160840.000,0,-,-,-,-,6029.2000,6029.0000,6027.8000,6027.0000,6026.4000,6031.8000,6032.0000,6032.2000,6033.4000,6035.6000,1,2,1,1,2,1,1,1,1,3
SF,IC2103,2020-10-20 09:30:29.200,6030.0000,44316,0,169160840.000,0,-,-,-,-,6027.0000,6026.4000,6026.0000,6025.6000,6025.4000,6031.8000,6033.4000,6035.6000,6040.0000,6047.4000,1,2,1,1,1,1,1,3,1,1
SF,IC2103,2020-10-20 09:30:29.700,6030.0000,44316,0,169160840.000,0,-,-,-,-,6027.6000,6025.4000,6020.6000,6020.4000,6020.0000,6028.2000,6030.0000,6031.6000,6031.8000,6033.4000,2,1,1,7,1,1,1,1,1,1
SF,IC2103,2020-10-20 09:30:30.200,6028.6000,44316,0,170366560.000,1,0,1,多换,S,6028.6000,6025.4000,6020.6000,6020.4000,6020.0000,6030.0000,6031.6000,6031.8000,6033.4000,6034.2000,1,1,1,7,1,1,1,1,1,1
SF,IC2103,2020-10-20 09:30:30.700,6028.6000,44315,-1,171572280.000,1,0,1,双平,S,6025.4000,6020.6000,6020.4000,6020.0000,6010.4000,6030.0000,6031.8000,6033.4000,6034.2000,6035.6000,1,1,7,1,1,1,1,1,1,3
SF,IC2103,2020-10-20 09:30:31.200,6028.6000,44315,0,171572280.000,0,-,-,-,-,6026.0000,6025.4000,6020.6000,6020.4000,6020.0000,6029.8000,6030.0000,6033.4000,6034.2000,6035.6000,2,1,1,7,1,2,1,1,1,3
SF,IC2103,2020-10-20 09:30:31.700,6028.6000,44315,0,171572280.000,0,-,-,-,-,6026.2000,6020.6000,6020.4000,6020.0000,6010.4000,6029.6000,6029.8000,6030.0000,6033.4000,6034.2000,2,1,7,1,1,1,2,1,1,1
SF,IC2103,2020-10-20 09:30:32.200,6028.6000,44315,0,171572280.000,0,-,-,-,-,6020.6000,6020.4000,6020.0000,6010.4000,6010.0000,6029.4000,6029.8000,6030.0000,6033.4000,6034.2000,1,7,1,1,1,1,1,2,1,1
SF,IC2103,2020-10-20 09:30:32.700,6028.6000,44315,0,171572280.000,0,-,-,-,-,6025.4000,6023.6000,6022.8000,6022.4000,6021.6000,6029.0000,6029.2000,6029.4000,6030.0000,6033.4000,1,2,6,1,1,2,1,1,2,1
SF,IC2103,2020-10-20 09:30:33.200,6028.6000,44315,0,171572280.000,0,-,-,-,-,6023.6000,6022.8000,6022.4000,6021.6000,6021.4000,6028.6000,6028.8000,6029.0000,6029.2000,6030.0000,2,6,1,1,1,1,1,2,1,2
SF,IC2103,2020-10-20 09:30:33.700,6028.6000,44315,0,171572280.000,0,-,-,-,-,6024.2000,6022.8000,6022.4000,6021.6000,6021.4000,6028.2000,6028.4000,6028.6000,6029.0000,6030.0000,2,5,1,1,1,1,2,4,1,2
SF,IC2103,2020-10-20 09:30:34.200,6028.6000,44315,0,171572280.000,0,-,-,-,-,6024.8000,6022.8000,6022.4000,6021.6000,6021.4000,6028.0000,6028.2000,6028.4000,6028.6000,6030.0000,2,5,1,1,1,2,1,1,4,2
SF,IC2103,2020-10-20 09:30:34.700,6028.2000,44312,-3,175189120.000,3,0,3,双平,S,6025.0000,6022.8000,6022.4000,6021.6000,6021.4000,6028.4000,6028.6000,6030.0000,6034.2000,6035.6000,4,5,1,1,1,1,2,2,1,3
SF,IC2103,2020-10-20 09:30:35.200,6028.6000,44310,-2,178806240.000,3,0,3,多平,S,6025.6000,6025.2000,6025.0000,6022.8000,6021.4000,6030.0000,6034.2000,6035.6000,6040.0000,6047.4000,3,1,1,5,1,2,1,3,1,1
SF,IC2103,2020-10-20 09:30:35.700,6028.6000,44310,0,178806240.000,0,-,-,-,-,6026.2000,6025.8000,6022.8000,6021.4000,6021.0000,6030.0000,6034.2000,6035.6000,6040.0000,6047.4000,3,4,5,1,7,2,1,3,1,1
SF,IC2103,2020-10-20 09:30:36.200,6028.6000,44310,0,178806240.000,0,-,-,-,-,6026.6000,6026.4000,6026.2000,6025.8000,6022.8000,6030.0000,6034.2000,6035.6000,6040.0000,6047.4000,1,2,3,1,5,2,1,3,1,1
SF,IC2103,2020-10-20 09:30:36.700,6028.6000,44310,0,178806240.000,0,-,-,-,-,6027.2000,6027.0000,6026.8000,6026.6000,6022.8000,6030.0000,6034.2000,6035.6000,6040.0000,6047.4000,2,1,2,1,5,2,1,3,1,1
SF,IC2103,2020-10-20 09:30:37.200,6028.6000,44310,0,178806240.000,0,-,-,-,-,6027.4000,6027.0000,6026.6000,6022.8000,6021.4000,6030.0000,6034.2000,6035.6000,6040.0000,6047.4000,2,1,1,5,1,2,1,3,1,1
SF,IC2103,2020-10-20 09:30:37.700,6028.6000,44310,0,178806240.000,0,-,-,-,-,6027.4000,6026.6000,6022.8000,6021.4000,6021.0000,6030.0000,6034.2000,6035.6000,6040.0000,6047.4000,2,1,5,1,7,2,1,3,1,1
SF,IC2103,2020-10-20 09:30:38.200,6028.6000,44310,0,178806240.000,0,-,-,-,-,6027.6000,6027.4000,6026.6000,6022.8000,6021.4000,6030.0000,6034.2000,6035.6000,6040.0000,6047.4000,1,2,1,5,1,2,1,3,1,1
SF,IC2103,2020-10-20 09:30:38.700,6028.6000,44310,0,178806240.000,0,-,-,-,-,6027.8000,6027.6000,6027.4000,6026.6000,6022.8000,6030.0000,6034.2000,6035.6000,6040.0000,6047.4000,1,1,1,1,5,2,1,3,1,1
SF,IC2103,2020-10-20 09:30:39.200,6028.6000,44310,0,178806240.000,0,-,-,-,-,6027.8000,6027.4000,6026.6000,6022.8000,6021.4000,6030.0000,6034.2000,6035.6000,6040.0000,6047.4000,1,1,1,5,1,2,1,3,1,1
SF,IC2103,2020-10-20 09:30:39.700,6028.6000,44310,0,178806240.000,0,-,-,-,-,6027.8000,6027.4000,6026.6000,6022.8000,6021.4000,6030.0000,6034.2000,6035.6000,6040.0000,6047.4000,2,1,1,5,1,2,1,3,1,1
SF,IC2103,2020-10-20 09:30:40.200,6028.6000,44310,0,178806240.000,0,-,-,-,-,6027.8000,6027.4000,6026.6000,6022.8000,6021.4000,6030.0000,6034.2000,6035.6000,6040.0000,6047.4000,2,1,1,5,1,1,1,3,1,1
SF,IC2103,2020-10-20 09:30:40.700,6028.6000,44310,0,178806240.000,0,-,-,-,-,6027.8000,6027.4000,6026.6000,6022.8000,6021.4000,6030.0000,6030.4000,6034.2000,6035.6000,6040.0000,1,1,1,5,1,1,1,1,3,1
SF,IC2103,2020-10-20 09:30:41.700,6028.6000,44310,0,178806240.000,0,-,-,-,-,6027.8000,6027.4000,6026.6000,6022.8000,6021.4000,6030.0000,6030.4000,6034.2000,6035.6000,6040.0000,1,1,1,5,1,1,1,1,3,1
SF,IC2103,2020-10-20 09:30:42.700,6027.8000,44309,-1,180011800.000,1,0,1,双平,S,6027.8000,6027.4000,6026.6000,6022.8000,6021.4000,6030.0000,6030.4000,6034.2000,6035.6000,6040.0000,1,1,1,5,1,1,1,1,3,1
SF,IC2103,2020-10-20 09:30:43.200,6027.8000,44309,0,180011800.000,0,-,-,-,-,6027.4000,6026.6000,6022.8000,6021.4000,6021.0000,6029.8000,6030.0000,6030.4000,6034.2000,6035.6000,1,1,5,1,7,1,1,1,1,3
SF,IC2103,2020-10-20 09:30:43.700,6027.8000,44309,0,180011800.000,0,-,-,-,-,6027.4000,6026.6000,6022.8000,6021.4000,6021.0000,6029.6000,6029.8000,6030.0000,6030.4000,6034.2000,1,1,5,1,7,1,1,1,1,1
SF,IC2103,2020-10-20 09:30:44.200,6027.8000,44309,0,180011800.000,0,-,-,-,-,6027.4000,6026.6000,6022.8000,6021.4000,6021.0000,6029.6000,6029.8000,6030.0000,6030.4000,6034.2000,2,1,5,1,7,1,1,2,1,1
SF,IC2103,2020-10-20 09:30:44.700,6027.8000,44309,0,180011800.000,0,-,-,-,-,6027.4000,6026.6000,6022.8000,6021.4000,6021.0000,6029.0000,6029.6000,6030.0000,6030.4000,6034.2000,1,1,5,1,7,1,1,2,1,1
SF,IC2103,2020-10-20 09:30:45.200,6027.8000,44309,0,180011800.000,0,-,-,-,-,6026.6000,6022.8000,6021.4000,6021.0000,6020.6000,6027.4000,6029.0000,6029.6000,6030.0000,6030.4000,1,5,1,7,1,2,1,1,2,1
SF,IC2103,2020-10-20 09:30:45.700,6026.6000,44308,-1,181217120.000,1,0,1,双平,S,6022.8000,6021.4000,6021.0000,6020.6000,6020.0000,6026.4000,6027.4000,6028.6000,6029.0000,6030.0000,5,1,7,1,1,2,2,1,1,2
SF,IC2103,2020-10-20 09:30:46.200,6027.4000,44308,0,182422600.000,1,0,1,多换,S,6024.4000,6023.4000,6023.0000,6022.8000,6021.4000,6027.4000,6028.6000,6029.0000,6030.0000,6030.4000,1,3,2,2,1,1,1,1,2,1
SF,IC2103,2020-10-20 09:30:46.700,6027.4000,44308,0,182422600.000,0,-,-,-,-,6025.0000,6024.6000,6024.4000,6023.0000,6022.8000,6027.2000,6027.4000,6028.6000,6029.0000,6030.0000,3,1,1,1,2,1,1,1,1,2
SF,IC2103,2020-10-20 09:30:47.200,6025.0000,44306,-2,186037600.000,3,0,3,多平,S,6024.6000,6023.0000,6022.8000,6021.4000,6021.0000,6027.0000,6027.2000,6027.4000,6030.0000,6030.4000,1,1,1,1,1,2,1,1,2,1
SF,IC2103,2020-10-20 09:30:47.700,6025.0000,44306,0,186037600.000,0,-,-,-,-,6024.6000,6023.0000,6022.8000,6021.4000,6021.0000,6027.0000,6027.4000,6030.0000,6030.4000,6034.2000,1,1,1,1,1,2,1,2,1,1
SF,IC2103,2020-10-20 09:30:48.200,6024.6000,44305,-1,187242520.000,1,0,1,双平,S,6021.0000,6020.6000,6020.0000,6010.4000,6010.0000,6026.4000,6026.8000,6027.0000,6027.4000,6030.0000,1,1,1,1,1,1,2,3,1,1
SF,IC2103,2020-10-20 09:30:48.700,6024.6000,44305,0,187242520.000,0,-,-,-,-,6021.4000,6021.2000,6021.0000,6020.6000,6020.0000,6026.0000,6026.2000,6026.4000,6027.0000,6027.4000,1,3,1,1,1,2,2,2,3,1
SF,IC2103,2020-10-20 09:30:49.200,6024.6000,44305,0,187242520.000,0,-,-,-,-,6021.4000,6020.6000,6020.0000,6010.4000,6010.0000,6025.8000,6026.2000,6026.4000,6027.0000,6027.4000,1,1,1,1,1,1,1,2,3,1
SF,IC2103,2020-10-20 09:30:49.700,6024.6000,44305,0,187242520.000,0,-,-,-,-,6020.6000,6020.0000,6010.4000,6010.0000,6008.8000,6025.4000,6025.6000,6025.8000,6026.4000,6027.0000,1,1,1,1,6,2,1,1,2,3
SF,IC2103,2020-10-20 09:30:50.200,6024.6000,44305,0,187242520.000,0,-,-,-,-,6020.0000,6010.4000,6010.0000,6008.8000,6006.6000,6025.0000,6025.2000,6025.4000,6026.4000,6027.0000,1,1,1,6,1,1,2,3,1,2
SF,IC2103,2020-10-20 09:30:50.700,6024.6000,44305,0,187242520.000,0,-,-,-,-,6020.0000,6010.4000,6010.0000,6008.8000,6006.6000,6024.0000,6024.6000,6024.8000,6025.0000,6027.0000,2,1,1,6,1,2,5,4,1,2
SF,IC2103,2020-10-20 09:30:51.200,6024.6000,44305,0,187242520.000,0,-,-,-,-,6020.0000,6014.6000,6010.4000,6010.0000,6008.8000,6023.6000,6023.8000,6024.0000,6024.4000,6024.6000,1,1,1,1,1,1,2,2,2,4
SF,IC2103,2020-10-20 09:30:51.700,6024.6000,44305,0,187242520.000,0,-,-,-,-,6020.0000,6014.6000,6010.4000,6010.0000,6008.8000,6023.0000,6023.4000,6023.6000,6023.8000,6024.0000,2,1,1,1,1,1,4,2,1,2
SF,IC2103,2020-10-20 09:30:52.200,6024.6000,44305,0,187242520.000,0,-,-,-,-,6020.0000,6014.6000,6010.4000,6010.0000,6008.8000,6022.8000,6023.0000,6023.4000,6023.6000,6023.8000,2,1,1,1,1,1,1,3,1,1
SF,IC2103,2020-10-20 09:30:52.700,6024.6000,44305,0,187242520.000,0,-,-,-,-,6020.0000,6014.6000,6010.4000,6010.0000,6008.8000,6022.2000,6022.8000,6023.0000,6023.4000,6023.6000,1,1,1,1,1,1,2,2,1,1
SF,IC2103,2020-10-20 09:30:53.200,6021.0000,44305,0,188446720.000,1,0,1,多换,S,6020.0000,6014.6000,6010.4000,6010.0000,6008.8000,6022.2000,6022.8000,6023.0000,6023.4000,6024.0000,1,1,1,1,1,1,2,2,1,1
SF,IC2103,2020-10-20 09:30:53.700,6022.0000,44305,0,190855120.000,2,1,1,多换,S,6014.6000,6010.4000,6010.0000,6008.8000,6006.6000,6022.2000,6022.8000,6023.0000,6023.4000,6024.0000,1,1,1,1,1,2,2,2,1,1
SF,IC2103,2020-10-20 09:30:54.200,6022.0000,44305,0,190855120.000,0,-,-,-,-,6017.8000,6017.4000,6017.2000,6015.6000,6015.0000,6022.0000,6022.2000,6023.0000,6024.0000,6030.0000,1,1,1,4,1,3,2,1,1,1
SF,IC2103,2020-10-20 09:30:54.700,6022.0000,44305,0,190855120.000,0,-,-,-,-,6020.0000,6018.0000,6017.2000,6015.6000,6015.0000,6022.0000,6023.0000,6024.0000,6030.0000,6030.4000,1,2,1,2,1,3,1,1,1,1
SF,IC2103,2020-10-20 09:30:55.200,6022.0000,44305,0,190855120.000,0,-,-,-,-,6020.0000,6018.2000,6018.0000,6017.2000,6015.6000,6022.0000,6024.0000,6030.0000,6030.4000,6033.0000,1,1,2,1,2,2,1,1,1,1
SF,IC2103,2020-10-20 09:30:55.700,6022.0000,44303,-2,193263920.000,2,0,2,双平,S,6022.0000,6020.0000,6018.2000,6018.0000,6017.2000,6024.0000,6030.0000,6030.4000,6033.0000,6035.6000,1,2,1,2,1,1,1,1,1,3
SF,IC2103,2020-10-20 09:30:56.200,6022.0000,44303,0,193263920.000,0,-,-,-,-,6022.0000,6020.2000,6020.0000,6018.2000,6018.0000,6030.0000,6030.4000,6033.0000,6035.6000,6041.0000,2,1,1,1,2,1,1,1,3,1
SF,IC2103,2020-10-20 09:30:56.700,6022.0000,44303,0,193263920.000,0,-,-,-,-,6022.2000,6022.0000,6020.2000,6020.0000,6018.2000,6025.4000,6026.0000,6026.4000,6027.0000,6027.2000,2,1,1,1,1,1,1,3,3,4
SF,IC2103,2020-10-20 09:30:57.200,6022.0000,44303,0,193263920.000,0,-,-,-,-,6022.4000,6022.2000,6022.0000,6020.2000,6020.0000,6026.4000,6027.0000,6027.2000,6028.0000,6028.4000,1,1,1,1,1,3,1,4,2,2
SF,IC2103,2020-10-20 09:30:57.700,6022.0000,44303,0,193263920.000,0,-,-,-,-,6022.6000,6022.4000,6022.0000,6020.2000,6020.0000,6026.0000,6026.2000,6026.4000,6027.0000,6027.2000,2,1,1,1,1,1,1,3,1,4
SF,IC2103,2020-10-20 09:30:58.200,6022.0000,44303,0,193263920.000,0,-,-,-,-,6022.8000,6022.6000,6022.0000,6020.2000,6020.0000,6025.6000,6025.8000,6026.0000,6026.2000,6026.4000,1,2,1,1,1,3,1,1,1,3
SF,IC2103,2020-10-20 09:30:58.700,6022.0000,44303,0,193263920.000,0,-,-,-,-,6023.0000,6022.8000,6022.0000,6020.2000,6020.0000,6025.6000,6025.8000,6026.2000,6026.4000,6027.0000,1,1,1,1,1,3,1,1,3,1
SF,IC2103,2020-10-20 09:30:59.200,6022.0000,44303,0,193263920.000,0,-,-,-,-,6023.0000,6022.0000,6020.2000,6020.0000,6018.2000,6026.2000,6026.4000,6027.0000,6028.0000,6029.6000,2,1,1,1,1,1,2,1,1,6
SF,IC2103,2020-10-20 09:30:59.700,6022.0000,44303,0,193263920.000,0,-,-,-,-,6023.0000,6022.0000,6020.2000,6020.0000,6018.2000,6028.0000,6029.6000,6030.4000,6033.0000,6035.6000,2,1,1,1,1,1,1,1,1,3
SF,IC2103,2020-10-20 09:31:00.200,6026.4000,44302,-1,194469200.000,1,0,1,双平,S,6023.2000,6023.0000,6022.0000,6020.2000,6020.0000,6026.4000,6027.0000,6027.2000,6027.8000,6028.0000,1,1,1,1,1,2,2,2,1,2
SF,IC2103,2020-10-20 09:31:00.700,6026.4000,44302,0,194469200.000,0,-,-,-,-,6023.4000,6023.2000,6022.0000,6020.2000,6020.0000,6027.2000,6027.8000,6028.0000,6029.6000,6030.4000,1,1,1,1,1,2,1,2,1,1
SF,IC2103,2020-10-20 09:31:01.200,6026.4000,44302,0,194469200.000,0,-,-,-,-,6023.6000,6023.4000,6022.0000,6020.2000,6020.0000,6027.0000,6027.8000,6028.0000,6030.4000,6033.0000,2,2,1,1,1,1,1,1,1,1
SF,IC2103,2020-10-20 09:31:01.700,6026.4000,44302,0,194469200.000,0,-,-,-,-,6023.8000,6023.6000,6022.0000,6020.2000,6020.0000,6026.4000,6027.0000,6027.8000,6028.0000,6030.0000,1,2,1,1,1,1,1,1,1,1
SF,IC2103,2020-10-20 09:31:02.200,6026.4000,44302,0,194469200.000,0,-,-,-,-,6023.8000,6023.6000,6022.0000,6020.2000,6020.0000,6026.2000,6027.8000,6028.0000,6030.0000,6030.4000,2,1,1,1,1,1,1,1,1,1
SF,IC2103,2020-10-20 09:31:02.700,6026.4000,44302,0,194469200.000,0,-,-,-,-,6022.0000,6020.2000,6020.0000,6015.0000,6014.8000,6026.2000,6027.8000,6028.0000,6030.0000,6030.4000,1,1,1,1,2,1,1,1,1,1
SF,IC2103,2020-10-20 09:31:03.200,6026.4000,44302,0,194469200.000,0,-,-,-,-,6022.8000,6022.2000,6022.0000,6020.0000,6015.0000,6026.0000,6026.2000,6027.8000,6028.0000,6030.0000,1,1,2,1,1,2,1,1,1,1
SF,IC2103,2020-10-20 09:31:03.700,6026.2000,44300,-2,196879680.000,2,0,2,双平,S,6023.0000,6022.8000,6022.0000,6020.0000,6015.0000,6027.8000,6028.0000,6030.0000,6030.4000,6033.0000,3,2,1,1,1,1,1,1,1,1
SF,IC2103,2020-10-20 09:31:04.200,6027.2000,44300,0,198085120.000,1,0,1,多换,S,6023.0000,6022.8000,6022.0000,6020.0000,6015.0000,6027.6000,6027.8000,6028.0000,6030.0000,6030.4000,3,1,1,1,1,1,1,1,1,1
SF,IC2103,2020-10-20 09:31:04.700,6027.6000,44299,-1,199290640.000,1,0,1,双平,S,6023.2000,6023.0000,6022.8000,6022.0000,6020.0000,6027.8000,6028.0000,6030.0000,6030.4000,6033.0000,1,3,1,1,1,1,1,1,1,1
SF,IC2103,2020-10-20 09:31:05.200,6027.6000,44299,0,199290640.000,0,-,-,-,-,6024.0000,6023.4000,6023.2000,6022.8000,6022.0000,6027.6000,6027.8000,6028.0000,6030.0000,6030.4000,1,3,1,1,1,1,1,1,1,1
SF,IC2103,2020-10-20 09:31:05.700,6027.8000,44298,-1,200496200.000,1,0,1,双平,S,6024.2000,6024.0000,6022.8000,6022.0000,6020.0000,6027.0000,6030.0000,6030.4000,6033.0000,6041.0000,3,1,1,1,1,1,1,1,1,1
SF,IC2103,2020-10-20 09:31:06.200,6027.0000,44297,-1,201701600.000,1,0,1,双平,S,6024.2000,6022.8000,6022.0000,6021.0000,6020.0000,6030.0000,6030.4000,6033.0000,6041.0000,6046.6000,3,1,1,1,1,1,1,1,1,2
SF,IC2103,2020-10-20 09:31:06.700,6027.0000,44297,0,201701600.000,0,-,-,-,-,6025.6000,6024.2000,6022.8000,6022.0000,6021.0000,6028.0000,6028.2000,6028.4000,6028.8000,6029.6000,1,3,1,1,1,1,1,2,3,1
SF,IC2103,2020-10-20 09:31:07.200,6027.0000,44297,0,201701600.000,0,-,-,-,-,6025.8000,6025.6000,6024.2000,6022.8000,6021.0000,6027.8000,6028.0000,6028.2000,6028.4000,6028.8000,1,2,2,1,1,1,1,1,2,1
SF,IC2103,2020-10-20 09:31:07.700,6027.0000,44297,0,201701600.000,0,-,-,-,-,6025.8000,6025.6000,6024.2000,6022.8000,6021.0000,6027.8000,6028.0000,6028.2000,6028.4000,6028.8000,1,1,2,1,1,1,1,1,2,1
SF,IC2103,2020-10-20 09:31:08.200,6027.0000,44297,0,201701600.000,0,-,-,-,-,6026.0000,6025.8000,6025.6000,6024.2000,6022.8000,6028.0000,6028.2000,6028.4000,6028.8000,6029.2000,1,2,1,1,1,1,1,2,1,1
SF,IC2103,2020-10-20 09:31:08.700,6027.0000,44297,0,201701600.000,0,-,-,-,-,6026.2000,6026.0000,6025.8000,6024.2000,6022.8000,6028.0000,6028.2000,6028.4000,6028.8000,6029.2000,1,2,1,1,1,1,1,2,1,1
SF,IC2103,2020-10-20 09:31:09.200,6027.0000,44297,0,201701600.000,0,-,-,-,-,6026.4000,6026.2000,6026.0000,6024.2000,6022.8000,6027.2000,6027.8000,6028.0000,6028.2000,6028.4000,1,1,1,1,1,1,1,1,1,2
SF,IC2103,2020-10-20 09:31:09.700,6026.0000,44295,-2,204112040.000,2,0,2,双平,S,6024.2000,6022.8000,6021.0000,6020.0000,6015.0000,6027.8000,6028.0000,6028.2000,6028.4000,6028.8000,1,1,1,1,1,1,1,1,2,1
SF,IC2103,2020-10-20 09:31:10.200,6026.0000,44295,0,204112040.000,0,-,-,-,-,6024.4000,6024.2000,6022.8000,6021.0000,6020.0000,6027.8000,6028.0000,6028.2000,6028.4000,6028.8000,2,2,1,1,1,1,1,1,2,1
SF,IC2103,2020-10-20 09:31:10.700,6026.0000,44295,0,204112040.000,0,-,-,-,-,6024.6000,6024.4000,6022.8000,6021.2000,6021.0000,6027.6000,6027.8000,6028.0000,6028.2000,6028.4000,1,2,1,1,1,1,1,1,1,2
SF,IC2103,2020-10-20 09:31:11.200,6026.0000,44295,0,204112040.000,0,-,-,-,-,6024.8000,6024.6000,6022.8000,6021.2000,6021.0000,6026.4000,6027.4000,6027.6000,6028.0000,6028.2000,1,1,1,1,1,1,1,1,1,1
SF,IC2103,2020-10-20 09:31:11.700,6025.0000,44294,-1,206522320.000,2,0,2,多平,S,6024.8000,6022.8000,6021.2000,6021.0000,6020.0000,6027.4000,6027.6000,6028.0000,6028.2000,6028.4000,1,1,1,1,1,1,1,1,1,2
SF,IC2103,2020-10-20 09:31:12.200,6025.0000,44294,0,206522320.000,0,-,-,-,-,6025.0000,6024.8000,6022.8000,6021.2000,6021.0000,6027.4000,6027.6000,6028.0000,6028.2000,6028.4000,3,1,1,1,1,1,1,1,1,2
SF,IC2103,2020-10-20 09:31:12.700,6025.0000,44294,0,206522320.000,0,-,-,-,-,6025.2000,6025.0000,6021.2000,6021.0000,6020.0000,6027.4000,6028.4000,6029.8000,6030.0000,6030.4000,1,3,1,1,1,1,1,1,2,1
SF,IC2103,2020-10-20 09:31:13.200,6025.0000,44294,0,206522320.000,0,-,-,-,-,6025.4000,6025.0000,6021.2000,6021.0000,6020.0000,6027.4000,6028.0000,6028.4000,6029.8000,6030.0000,2,1,1,1,1,1,1,1,1,2
SF,IC2103,2020-10-20 09:31:13.700,6027.4000,44293,-1,207727800.000,1,0,1,双平,S,6025.6000,6025.4000,6025.0000,6021.2000,6021.0000,6028.0000,6029.8000,6030.0000,6030.4000,6033.0000,1,2,1,1,1,1,1,2,1,1
SF,IC2103,2020-10-20 09:31:14.200,6027.4000,44293,0,207727800.000,0,-,-,-,-,6025.8000,6025.6000,6025.4000,6025.0000,6021.2000,6028.0000,6029.8000,6030.0000,6030.4000,6033.0000,3,1,1,1,1,1,1,2,1,1
SF,IC2103,2020-10-20 09:31:14.700,6027.4000,44293,0,207727800.000,0,-,-,-,-,6026.0000,6025.8000,6025.4000,6025.0000,6021.2000,6028.0000,6029.8000,6030.0000,6030.4000,6033.0000,2,2,1,1,1,1,1,2,1,1
SF,IC2103,2020-10-20 09:31:15.200,6027.4000,44293,0,207727800.000,0,-,-,-,-,6026.2000,6026.0000,6025.8000,6025.0000,6024.6000,6028.0000,6029.8000,6030.0000,6030.4000,6033.0000,1,1,2,1,1,1,1,2,1,1
SF,IC2103,2020-10-20 09:31:15.700,6027.4000,44293,0,207727800.000,0,-,-,-,-,6026.4000,6026.2000,6025.8000,6025.0000,6024.6000,6028.0000,6029.8000,6030.0000,6030.4000,6033.0000,1,1,1,1,1,1,1,2,1,1
SF,IC2103,2020-10-20 09:31:16.200,6028.0000,44292,-1,208933400.000,1,0,1,双平,S,6026.4000,6025.0000,6024.6000,6021.2000,6021.0000,6029.8000,6030.0000,6030.4000,6033.0000,6041.0000,2,1,1,1,1,1,3,1,1,1
SF,IC2103,2020-10-20 09:31:16.700,6028.0000,44292,0,208933400.000,0,-,-,-,-,6026.6000,6026.4000,6024.6000,6021.2000,6021.0000,6029.8000,6030.0000,6030.4000,6033.0000,6041.0000,3,2,1,1,1,1,2,1,1,1
SF,IC2103,2020-10-20 09:31:17.200,6028.0000,44292,0,208933400.000,0,-,-,-,-,6026.8000,6026.6000,6024.6000,6021.2000,6021.0000,6029.6000,6030.0000,6030.4000,6033.0000,6041.0000,2,2,1,1,1,1,2,1,1,1
SF,IC2103,2020-10-20 09:31:17.700,6028.0000,44292,0,208933400.000,0,-,-,-,-,6027.0000,6026.8000,6024.8000,6024.6000,6021.2000,6027.8000,6028.2000,6028.4000,6028.8000,6029.6000,1,1,1,1,1,1,1,2,1,1
SF,IC2103,2020-10-20 09:31:18.200,6028.0000,44292,0,208933400.000,0,-,-,-,-,6027.0000,6024.8000,6024.6000,6021.2000,6021.0000,6029.6000,6030.0000,6030.4000,6033.0000,6041.0000,1,1,1,1,1,1,2,1,1,1
SF,IC2103,2020-10-20 09:31:18.700,6028.0000,44292,0,208933400.000,0,-,-,-,-,6027.2000,6027.0000,6024.8000,6024.6000,6021.2000,6029.6000,6030.0000,6030.4000,6033.0000,6041.0000,3,1,1,1,1,1,2,1,1,1
SF,IC2103,2020-10-20 09:31:19.200,6028.0000,44292,0,208933400.000,0,-,-,-,-,6027.4000,6027.2000,6024.8000,6024.6000,6021.2000,6029.8000,6030.0000,6030.4000,6033.0000,6041.0000,1,3,1,1,1,1,2,1,1,1
SF,IC2103,2020-10-20 09:31:19.700,6028.0000,44292,0,208933400.000,0,-,-,-,-,6027.6000,6027.4000,6027.2000,6024.8000,6024.6000,6029.8000,6030.0000,6030.4000,6033.0000,6041.0000,1,1,1,1,1,1,2,1,1,1
SF,IC2103,2020-10-20 09:31:20.200,6029.8000,44291,-1,210139360.000,1,0,1,双平,S,6028.2000,6027.8000,6027.6000,6027.2000,6024.8000,6030.0000,6030.4000,6033.0000,6041.0000,6046.6000,1,1,2,1,1,2,1,1,1,2
SF,IC2103,2020-10-20 09:31:20.700,6029.8000,44291,0,210139360.000,0,-,-,-,-,6028.8000,6028.4000,6028.2000,6027.2000,6024.8000,6030.0000,6030.4000,6033.0000,6041.0000,6046.6000,1,1,1,1,1,2,1,1,1,2
SF,IC2103,2020-10-20 09:31:21.200,6029.8000,44291,0,210139360.000,0,-,-,-,-,6029.0000,6028.8000,6028.4000,6027.2000,6024.8000,6030.0000,6030.4000,6033.0000,6041.0000,6046.6000,1,1,1,1,1,2,1,1,1,2
SF,IC2103,2020-10-20 09:31:21.700,6030.0000,44289,-2,212551360.000,2,0,2,双平,S,6029.0000,6028.4000,6027.2000,6024.8000,6024.6000,6030.4000,6033.0000,6041.0000,6046.6000,6049.8000,2,1,1,1,1,1,1,1,2,2
SF,IC2103,2020-10-20 09:31:22.200,6030.0000,44289,0,212551360.000,0,-,-,-,-,6028.4000,6027.2000,6024.8000,6024.6000,6021.2000,6029.6000,6030.4000,6033.0000,6041.0000,6046.6000,1,1,1,1,1,1,1,1,1,2
SF,IC2103,2020-10-20 09:31:22.700,6030.0000,44289,0,212551360.000,0,-,-,-,-,6028.4000,6027.2000,6024.8000,6024.6000,6021.2000,6030.4000,6033.0000,6041.0000,6046.6000,6049.8000,1,1,1,1,1,1,1,1,2,2
SF,IC2103,2020-10-20 09:31:23.200,6030.0000,44289,0,212551360.000,0,-,-,-,-,6028.6000,6028.4000,6027.2000,6024.8000,6024.6000,6030.2000,6030.4000,6033.0000,6041.0000,6046.6000,1,1,1,1,1,2,1,1,1,2
SF,IC2103,2020-10-20 09:31:23.700,6030.0000,44289,0,212551360.000,0,-,-,-,-,6028.8000,6028.6000,6027.2000,6026.0000,6024.8000,6029.8000,6030.4000,6033.0000,6041.0000,6046.6000,2,2,1,2,1,1,1,1,1,2
SF,IC2103,2020-10-20 09:31:24.200,6029.8000,44288,-1,213757320.000,1,0,1,双平,S,6029.2000,6029.0000,6027.2000,6026.0000,6024.8000,6030.0000,6030.4000,6033.0000,6041.0000,6046.6000,1,1,1,2,1,1,1,1,1,2
SF,IC2103,2020-10-20 09:31:24.700,6030.0000,44288,0,214963320.000,1,0,1,多换,S,6029.2000,6027.2000,6026.0000,6024.8000,6024.6000,6030.4000,6033.0000,6041.0000,6046.6000,6049.8000,2,1,2,1,1,1,1,1,2,2
SF,IC2103,2020-10-20 09:31:25.200,6030.4000,44287,-1,216169400.000,1,0,1,双平,S,6029.6000,6029.2000,6027.2000,6026.0000,6024.8000,6033.0000,6041.0000,6046.6000,6049.8000,6050.0000,1,1,1,2,1,1,1,2,2,8
SF,IC2103,2020-10-20 09:31:25.700,6030.4000,44287,0,216169400.000,0,-,-,-,-,6030.0000,6029.8000,6029.6000,6026.0000,6024.8000,6030.6000,6031.2000,6031.6000,6031.8000,6032.4000,1,3,1,2,1,1,2,1,1,2
SF,IC2103,2020-10-20 09:31:26.200,6030.4000,44287,0,216169400.000,0,-,-,-,-,6029.6000,6026.0000,6024.8000,6024.6000,6021.2000,6030.6000,6031.2000,6031.8000,6032.4000,6032.6000,1,2,1,1,1,2,1,1,2,1
SF,IC2103,2020-10-20 09:31:26.700,6029.6000,44286,-1,217375320.000,1,0,1,双平,S,6026.0000,6024.8000,6024.6000,6021.2000,6021.0000,6030.6000,6031.2000,6031.8000,6032.4000,6032.6000,2,1,1,1,1,1,1,1,2,1
SF,IC2103,2020-10-20 09:31:27.200,6029.6000,44286,0,217375320.000,0,-,-,-,-,6027.2000,6027.0000,6026.6000,6026.4000,6026.2000,6030.0000,6030.6000,6031.2000,6031.8000,6032.4000,1,1,1,3,4,1,1,1,1,2
SF,IC2103,2020-10-20 09:31:27.700,6029.6000,44286,0,217375320.000,0,-,-,-,-,6027.8000,6027.4000,6027.2000,6026.4000,6026.2000,6030.0000,6030.6000,6031.2000,6031.8000,6032.4000,1,2,2,2,1,1,1,1,1,2
SF,IC2103,2020-10-20 09:31:28.200,6029.6000,44286,0,217375320.000,0,-,-,-,-,6028.4000,6028.0000,6027.8000,6027.4000,6027.2000,6030.0000,6030.6000,6031.8000,6032.4000,6032.6000,1,2,1,3,1,1,1,1,2,1
SF,IC2103,2020-10-20 09:31:28.700,6030.0000,44285,-1,218581320.000,1,0,1,双平,S,6029.0000,6028.4000,6028.0000,6027.4000,6027.2000,6029.6000,6030.6000,6032.4000,6033.0000,6041.0000,1,1,1,3,1,1,1,2,1,1
SF,IC2103,2020-10-20 09:31:29.200,6029.6000,44284,-1,219787240.000,1,0,1,双平,S,6029.6000,6028.4000,6028.0000,6027.4000,6027.2000,6030.6000,6033.0000,6041.0000,6046.6000,6049.8000,1,1,1,1,1,1,1,1,2,2
SF,IC2103,2020-10-20 09:31:29.700,6030.6000,44284,0,220993360.000,1,0,1,多换,S,6030.2000,6028.0000,6027.4000,6027.2000,6026.4000,6033.0000,6041.0000,6046.6000,6049.8000,6050.0000,1,1,1,1,1,1,1,2,2,8
SF,IC2103,2020-10-20 09:31:30.200,6030.6000,44284,0,220993360.000,0,-,-,-,-,6030.6000,6030.4000,6027.2000,6026.4000,6026.2000,6031.6000,6032.8000,6033.0000,6041.0000,6046.6000,1,2,1,1,1,1,1,2,1,2
SF,IC2103,2020-10-20 09:31:30.700,6030.4000,44282,-2,223405560.000,2,0,2,双平,S,6027.2000,6026.4000,6026.2000,6026.0000,6024.8000,6033.0000,6041.0000,6046.6000,6049.8000,6050.0000,1,1,1,3,1,2,1,2,2,8
SF,IC2103,2020-10-20 09:31:31.200,6032.4000,44281,-1,224612040.000,1,0,1,双平,S,6028.2000,6028.0000,6027.8000,6027.6000,6027.4000,6032.4000,6032.8000,6033.0000,6041.0000,6046.6000,1,1,1,1,2,3,1,1,1,2
SF,IC2103,2020-10-20 09:31:31.700,6028.6000,44281,0,225817760.000,1,0,1,多换,S,6028.4000,6028.0000,6027.8000,6027.4000,6027.2000,6031.2000,6032.2000,6032.4000,6033.0000,6041.0000,1,1,1,2,1,1,2,1,1,1
SF,IC2103,2020-10-20 09:31:32.200,6028.6000,44281,0,225817760.000,0,-,-,-,-,6028.4000,6028.0000,6027.8000,6027.4000,6027.2000,6031.0000,6031.2000,6033.0000,6041.0000,6046.6000,1,1,1,2,1,1,1,1,1,2
SF,IC2103,2020-10-20 09:31:32.700,6031.2000,44279,-2,228230200.000,2,0,2,双平,S,6028.6000,6028.4000,6028.0000,6027.8000,6027.4000,6029.8000,6031.0000,6033.0000,6041.0000,6046.6000,1,1,1,1,2,1,1,1,1,2
SF,IC2103,2020-10-20 09:31:33.200,6029.8000,44278,-1,229436160.000,1,0,1,双平,S,6028.0000,6027.8000,6027.4000,6027.2000,6026.4000,6032.2000,6033.0000,6041.0000,6046.6000,6049.8000,1,1,2,1,1,1,1,1,2,2
SF,IC2103,2020-10-20 09:31:33.700,6029.8000,44278,0,229436160.000,0,-,-,-,-,6028.2000,6028.0000,6027.8000,6027.4000,6027.2000,6031.2000,6031.8000,6032.2000,6033.0000,6041.0000,1,1,1,1,1,2,1,1,1,1
SF,IC2103,2020-10-20 09:31:34.200,6029.8000,44278,0,229436160.000,0,-,-,-,-,6028.2000,6028.0000,6027.8000,6027.4000,6027.2000,6031.0000,6031.2000,6031.8000,6033.0000,6041.0000,1,1,1,1,1,2,2,1,1,1
SF,IC2103,2020-10-20 09:31:34.700,6029.8000,44278,0,229436160.000,0,-,-,-,-,6028.2000,6027.8000,6027.2000,6026.4000,6026.0000,6030.8000,6031.0000,6031.2000,6031.8000,6033.0000,1,1,1,1,3,1,2,1,1,1
SF,IC2103,2020-10-20 09:31:35.200,6029.8000,44278,0,229436160.000,0,-,-,-,-,6028.2000,6027.2000,6026.4000,6026.0000,6024.8000,6030.8000,6031.0000,6031.2000,6031.8000,6033.0000,1,1,1,3,1,2,1,1,1,1
SF,IC2103,2020-10-20 09:31:35.700,6029.8000,44278,0,229436160.000,0,-,-,-,-,6028.2000,6027.2000,6026.4000,6026.0000,6024.8000,6030.6000,6030.8000,6031.2000,6031.8000,6033.0000,1,1,1,3,1,1,2,1,1,1
SF,IC2103,2020-10-20 09:31:36.200,6029.8000,44278,0,229436160.000,0,-,-,-,-,6028.2000,6027.2000,6026.4000,6026.0000,6024.8000,6030.0000,6030.6000,6030.8000,6031.2000,6031.8000,1,1,1,3,1,1,2,1,1,1
SF,IC2103,2020-10-20 09:31:36.700,6029.8000,44278,0,229436160.000,0,-,-,-,-,6027.2000,6026.4000,6026.0000,6024.8000,6024.6000,6030.0000,6030.4000,6030.6000,6031.2000,6031.8000,1,1,3,1,1,2,1,1,1,1
SF,IC2103,2020-10-20 09:31:37.200,6029.8000,44278,0,229436160.000,0,-,-,-,-,6027.4000,6027.2000,6026.4000,6026.0000,6024.8000,6030.0000,6030.4000,6030.6000,6031.0000,6031.2000,1,1,1,3,1,2,1,1,1,1
SF,IC2103,2020-10-20 09:31:37.700,6029.8000,44278,0,229436160.000,0,-,-,-,-,6027.4000,6026.0000,6024.8000,6024.6000,6022.4000,6030.0000,6030.4000,6030.6000,6031.2000,6031.8000,1,3,1,1,3,2,1,1,1,1
SF,IC2103,2020-10-20 09:31:38.200,6029.8000,44278,0,229436160.000,0,-,-,-,-,6027.4000,6026.0000,6024.8000,6024.6000,6022.4000,6029.8000,6030.0000,6031.2000,6031.8000,6033.0000,1,3,1,1,3,3,2,1,1,1
SF,IC2103,2020-10-20 09:31:38.700,6029.8000,44278,0,229436160.000,0,-,-,-,-,6027.4000,6026.0000,6024.8000,6024.6000,6022.4000,6029.6000,6029.8000,6030.0000,6031.2000,6031.8000,1,3,1,1,3,1,3,1,1,1
SF,IC2103,2020-10-20 09:31:39.200,6029.8000,44278,0,229436160.000,0,-,-,-,-,6027.4000,6026.0000,6024.8000,6024.6000,6022.4000,6029.0000,6029.6000,6029.8000,6031.2000,6031.8000,1,3,1,1,3,1,1,2,1,1
SF,IC2103,2020-10-20 09:31:39.700,6029.8000,44278,0,229436160.000,0,-,-,-,-,6026.0000,6024.8000,6024.6000,6022.4000,6021.2000,6029.0000,6029.4000,6029.8000,6031.2000,6033.0000,3,1,1,3,1,2,1,2,1,1
SF,IC2103,2020-10-20 09:31:40.200,6029.8000,44278,0,229436160.000,0,-,-,-,-,6026.2000,6026.0000,6024.8000,6024.6000,6022.4000,6029.0000,6029.4000,6029.8000,6031.2000,6033.0000,1,3,1,1,3,2,1,2,1,1
SF,IC2103,2020-10-20 09:31:41.200,6029.8000,44278,0,229436160.000,0,-,-,-,-,6026.2000,6026.0000,6024.8000,6024.6000,6022.4000,6028.8000,6029.0000,6029.4000,6029.8000,6031.2000,1,3,1,1,3,1,2,1,1,1
SF,IC2103,2020-10-20 09:31:41.700,6026.2000,44278,0,230641400.000,1,0,1,多换,S,6026.0000,6024.8000,6024.6000,6022.4000,6021.2000,6028.6000,6028.8000,6029.0000,6029.8000,6031.2000,3,1,1,3,1,1,2,1,1,1
SF,IC2103,2020-10-20 09:31:42.200,6026.2000,44278,0,230641400.000,0,-,-,-,-,6026.0000,6024.8000,6024.6000,6022.4000,6021.2000,6028.0000,6028.6000,6028.8000,6029.8000,6031.2000,2,1,1,3,1,1,2,1,1,1
SF,IC2103,2020-10-20 09:31:42.700,6026.2000,44277,-1,231846640.000,1,0,1,双平,S,6026.0000,6024.8000,6024.6000,6022.4000,6021.2000,6028.0000,6028.6000,6028.8000,6029.8000,6031.2000,2,1,1,3,1,2,1,1,1,1
SF,IC2103,2020-10-20 09:31:43.200,6026.2000,44277,0,231846640.000,0,-,-,-,-,6026.0000,6024.8000,6024.6000,6022.4000,6021.2000,6028.0000,6028.6000,6028.8000,6029.8000,6031.2000,2,1,1,3,1,2,2,1,1,1
SF,IC2103,2020-10-20 09:31:43.700,6026.2000,44277,0,231846640.000,0,-,-,-,-,6026.0000,6024.8000,6024.6000,6022.4000,6021.2000,6028.0000,6028.6000,6028.8000,6029.8000,6031.2000,2,1,1,3,1,2,2,1,1,1
SF,IC2103,2020-10-20 09:31:44.200,6026.2000,44277,0,231846640.000,0,-,-,-,-,6026.0000,6024.8000,6024.6000,6022.4000,6021.2000,6028.0000,6028.6000,6029.8000,6031.2000,6033.0000,2,1,1,3,1,2,2,1,1,1
SF,IC2103,2020-10-20 09:31:44.700,6026.2000,44277,0,231846640.000,0,-,-,-,-,6026.0000,6024.8000,6024.6000,6024.0000,6022.4000,6028.0000,6028.6000,6029.8000,6031.2000,6033.0000,2,1,1,1,3,2,2,1,1,1
SF,IC2103,2020-10-20 09:31:45.200,6026.2000,44277,0,231846640.000,0,-,-,-,-,6026.0000,6024.6000,6024.0000,6022.4000,6021.2000,6028.0000,6028.6000,6029.0000,6029.8000,6033.0000,2,1,1,3,1,2,2,1,1,1
SF,IC2103,2020-10-20 09:31:45.700,6026.0000,44277,0,233051840.000,1,0,1,多换,S,6026.0000,6024.6000,6024.0000,6022.4000,6021.2000,6028.0000,6028.6000,6029.0000,6029.8000,6033.0000,1,1,1,3,1,1,1,1,1,1
SF,IC2103,2020-10-20 09:31:46.200,6026.0000,44277,0,233051840.000,0,-,-,-,-,6026.0000,6024.6000,6024.0000,6022.4000,6021.2000,6028.0000,6028.6000,6029.0000,6029.8000,6033.0000,2,1,1,3,1,1,1,1,1,1
SF,IC2103,2020-10-20 09:31:46.700,6026.0000,44277,0,233051840.000,0,-,-,-,-,6026.0000,6024.6000,6024.0000,6022.4000,6021.2000,6028.0000,6028.6000,6029.0000,6029.8000,6033.0000,2,1,1,3,1,1,1,1,1,1
SF,IC2103,2020-10-20 09:31:47.200,6026.0000,44277,0,233051840.000,0,-,-,-,-,6026.0000,6024.6000,6024.0000,6022.4000,6021.2000,6028.0000,6029.0000,6029.8000,6033.0000,6041.0000,2,1,1,3,1,1,1,1,1,1
SF,IC2103,2020-10-20 09:31:47.700,6028.0000,44276,-1,234257440.000,1,0,1,双平,S,6026.0000,6024.6000,6024.0000,6022.4000,6021.2000,6029.0000,6029.8000,6033.0000,6041.0000,6046.6000,2,1,1,3,1,1,1,1,1,2
SF,IC2103,2020-10-20 09:31:48.200,6028.0000,44276,0,234257440.000,0,-,-,-,-,6026.2000,6026.0000,6024.6000,6024.0000,6022.4000,6029.0000,6029.8000,6033.0000,6041.0000,6046.6000,1,2,1,1,3,1,1,1,1,2
SF,IC2103,2020-10-20 09:31:48.700,6028.0000,44276,0,234257440.000,0,-,-,-,-,6026.2000,6026.0000,6024.6000,6024.0000,6022.4000,6029.0000,6033.0000,6041.0000,6046.6000,6049.8000,2,1,1,1,3,1,1,1,2,2
SF,IC2103,2020-10-20 09:31:49.700,6028.0000,44276,0,234257440.000,0,-,-,-,-,6026.2000,6026.0000,6024.6000,6024.0000,6022.4000,6029.0000,6033.0000,6041.0000,6046.6000,6049.8000,2,1,1,1,3,1,1,1,2,2
SF,IC2103,2020-10-20 09:31:50.200,6028.0000,44276,0,234257440.000,0,-,-,-,-,6026.2000,6026.0000,6024.6000,6022.4000,6021.2000,6029.0000,6033.0000,6041.0000,6046.6000,6049.8000,2,1,1,3,1,1,1,1,2,2
SF,IC2103,2020-10-20 09:31:50.700,6028.0000,44276,0,234257440.000,0,-,-,-,-,6028.8000,6026.4000,6026.2000,6026.0000,6024.6000,6029.0000,6033.0000,6041.0000,6046.6000,6049.8000,1,1,2,1,1,1,1,1,2,2
SF,IC2103,2020-10-20 09:31:51.200,6028.2000,44276,0,235463080.000,1,0,1,多换,S,6026.2000,6026.0000,6024.6000,6022.4000,6021.2000,6028.8000,6029.0000,6029.2000,6033.0000,6041.0000,2,1,1,3,1,1,1,1,1,1
SF,IC2103,2020-10-20 09:31:51.700,6028.2000,44276,0,235463080.000,0,-,-,-,-,6026.4000,6026.2000,6026.0000,6024.6000,6022.4000,6028.8000,6029.0000,6029.2000,6033.0000,6041.0000,1,1,1,1,3,1,1,1,1,1
SF,IC2103,2020-10-20 09:31:52.200,6028.2000,44276,0,235463080.000,0,-,-,-,-,6026.4000,6026.2000,6026.0000,6024.6000,6022.4000,6028.8000,6029.0000,6029.2000,6033.0000,6041.0000,1,1,1,1,3,1,1,1,1,1
SF,IC2103,2020-10-20 09:31:52.700,6028.2000,44276,0,235463080.000,0,-,-,-,-,6026.6000,6026.4000,6026.2000,6026.0000,6024.6000,6028.8000,6029.0000,6029.2000,6033.0000,6041.0000,1,1,1,1,1,1,1,1,1,1
SF,IC2103,2020-10-20 09:31:53.200,6028.2000,44276,0,235463080.000,0,-,-,-,-,6026.2000,6026.0000,6024.6000,6022.4000,6021.2000,6028.8000,6029.0000,6029.2000,6033.0000,6041.0000,1,1,1,3,1,1,1,1,1,1
SF,IC2103,2020-10-20 09:31:53.700,6028.2000,44276,0,235463080.000,0,-,-,-,-,6026.4000,6026.2000,6026.0000,6024.6000,6022.4000,6028.8000,6029.0000,6029.2000,6033.0000,6041.0000,2,1,1,1,3,2,1,1,1,1
SF,IC2103,2020-10-20 09:31:54.200,6028.2000,44276,0,235463080.000,0,-,-,-,-,6026.4000,6026.2000,6026.0000,6024.6000,6022.4000,6028.8000,6029.0000,6029.2000,6033.0000,6041.0000,1,1,1,1,3,2,1,1,1,1
SF,IC2103,2020-10-20 09:31:54.700,6028.2000,44276,0,235463080.000,0,-,-,-,-,6026.6000,6026.4000,6026.2000,6026.0000,6024.6000,6028.4000,6028.8000,6029.0000,6029.2000,6033.0000,1,1,1,1,1,1,2,1,1,1
SF,IC2103,2020-10-20 09:31:55.200,6028.2000,44276,0,235463080.000,0,-,-,-,-,6026.6000,6026.4000,6026.2000,6026.0000,6024.6000,6028.4000,6028.8000,6029.0000,6029.2000,6033.0000,1,1,1,1,1,2,1,1,1,1
SF,IC2103,2020-10-20 09:31:56.200,6028.2000,44276,0,235463080.000,0,-,-,-,-,6026.4000,6026.2000,6026.0000,6024.6000,6022.4000,6028.4000,6028.8000,6029.0000,6029.2000,6033.0000,1,1,1,1,3,2,1,1,1,1
SF,IC2103,2020-10-20 09:31:56.700,6028.2000,44276,0,235463080.000,0,-,-,-,-,6026.6000,6026.4000,6026.0000,6024.6000,6022.4000,6028.4000,6028.8000,6029.0000,6029.2000,6033.0000,1,1,1,1,3,2,1,1,1,1
SF,IC2103,2020-10-20 09:31:57.200,6028.2000,44276,0,235463080.000,0,-,-,-,-,6026.4000,6026.0000,6024.6000,6022.4000,6021.2000,6028.4000,6028.8000,6029.0000,6029.2000,6033.0000,1,1,1,3,1,2,1,1,1,1
SF,IC2103,2020-10-20 09:31:57.700,6028.2000,44276,0,235463080.000,0,-,-,-,-,6026.6000,6026.4000,6026.0000,6024.6000,6022.4000,6028.4000,6028.8000,6029.0000,6029.2000,6033.0000,1,1,1,1,3,1,1,1,1,1
SF,IC2103,2020-10-20 09:31:58.700,6028.2000,44276,0,235463080.000,0,-,-,-,-,6026.6000,6026.4000,6026.0000,6024.6000,6022.4000,6028.2000,6028.4000,6028.8000,6029.0000,6029.2000,1,1,1,1,3,1,1,1,1,1
SF,IC2103,2020-10-20 09:31:59.200,6028.2000,44276,0,235463080.000,0,-,-,-,-,6026.6000,6026.4000,6026.0000,6024.6000,6022.4000,6028.2000,6028.8000,6029.0000,6029.2000,6033.0000,1,1,1,1,3,1,1,1,1,1
SF,IC2103,2020-10-20 09:31:59.700,6028.2000,44276,0,235463080.000,0,-,-,-,-,6026.6000,6026.4000,6026.0000,6024.6000,6022.4000,6028.2000,6028.8000,6029.0000,6029.2000,6033.0000,1,1,1,1,3,2,1,1,1,1
SF,IC2103,2020-10-20 09:32:00.200,6028.0000,44273,-3,239079280.000,3,0,3,双平,S,6026.0000,6024.6000,6022.4000,6021.2000,6021.0000,6028.2000,6028.8000,6029.0000,6029.2000,6033.0000,1,1,3,1,1,2,1,1,1,1
SF,IC2103,2020-10-20 09:32:00.700,6028.0000,44273,0,239079280.000,0,-,-,-,-,6026.0000,6024.6000,6022.4000,6021.2000,6021.0000,6028.0000,6028.2000,6028.8000,6029.0000,6029.2000,1,1,3,1,1,2,2,1,1,1
SF,IC2103,2020-10-20 09:32:01.200,6026.0000,44273,0,240284480.000,1,0,1,多换,S,6024.6000,6022.4000,6021.2000,6021.0000,6020.0000,6026.0000,6027.8000,6028.0000,6028.8000,6029.0000,1,3,1,1,2,1,2,2,1,1
SF,IC2103,2020-10-20 09:32:01.700,6024.6000,44272,-1,242694600.000,2,0,2,多平,S,6022.4000,6021.2000,6021.0000,6020.0000,6010.0000,6026.0000,6027.8000,6028.0000,6029.0000,6029.2000,3,1,1,2,1,1,1,2,1,1
SF,IC2103,2020-10-20 09:32:02.200,6024.6000,44272,0,242694600.000,0,-,-,-,-,6022.8000,6022.6000,6022.4000,6021.2000,6021.0000,6025.8000,6026.0000,6028.0000,6029.0000,6029.2000,1,2,4,1,1,2,1,1,1,1
SF,IC2103,2020-10-20 09:32:02.700,6024.6000,44272,0,242694600.000,0,-,-,-,-,6023.0000,6022.4000,6021.2000,6021.0000,6020.0000,6025.6000,6025.8000,6028.0000,6029.0000,6029.2000,1,4,1,1,2,1,2,1,1,1
SF,IC2103,2020-10-20 09:32:03.200,6024.6000,44272,0,242694600.000,0,-,-,-,-,6023.0000,6022.4000,6021.2000,6021.0000,6020.0000,6025.4000,6025.6000,6028.0000,6029.0000,6029.2000,1,4,1,1,2,1,1,1,1,1
SF,IC2103,2020-10-20 09:32:03.700,6024.6000,44272,0,242694600.000,0,-,-,-,-,6023.0000,6022.4000,6021.2000,6021.0000,6020.0000,6025.4000,6028.0000,6029.0000,6029.2000,6029.8000,1,4,1,1,2,2,1,1,1,1
SF,IC2103,2020-10-20 09:32:04.200,6024.6000,44272,0,242694600.000,0,-,-,-,-,6023.0000,6022.4000,6021.2000,6021.0000,6020.0000,6025.0000,6025.4000,6028.0000,6029.0000,6029.2000,1,4,1,1,2,1,2,1,1,1
SF,IC2103,2020-10-20 09:32:04.700,6024.6000,44272,0,242694600.000,0,-,-,-,-,6023.0000,6022.4000,6021.2000,6021.0000,6020.0000,6025.0000,6025.4000,6028.0000,6029.0000,6029.2000,1,4,1,1,2,1,1,1,1,1
SF,IC2103,2020-10-20 09:32:05.200,6023.0000,44271,-1,243899200.000,1,0,1,双平,S,6022.4000,6021.2000,6021.0000,6020.0000,6010.0000,6025.0000,6028.0000,6029.0000,6029.2000,6029.8000,4,1,1,2,1,1,1,1,1,1
SF,IC2103,2020-10-20 09:32:05.700,6023.0000,44271,0,243899200.000,0,-,-,-,-,6022.6000,6022.4000,6021.2000,6021.0000,6020.0000,6025.0000,6028.0000,6029.0000,6029.2000,6029.8000,2,4,1,1,2,1,1,1,1,1
SF,IC2103,2020-10-20 09:32:06.200,6023.0000,44271,0,243899200.000,0,-,-,-,-,6022.6000,6022.4000,6021.2000,6021.0000,6020.0000,6024.6000,6025.0000,6028.0000,6029.0000,6029.2000,2,4,1,1,2,1,1,1,1,1
SF,IC2103,2020-10-20 09:32:06.700,6023.0000,44271,0,243899200.000,0,-,-,-,-,6022.6000,6022.4000,6021.2000,6021.0000,6020.0000,6024.4000,6024.6000,6028.0000,6029.0000,6029.2000,1,3,1,1,2,1,2,1,1,1
SF,IC2103,2020-10-20 09:32:07.200,6023.0000,44271,0,243899200.000,0,-,-,-,-,6022.8000,6022.6000,6022.4000,6021.2000,6021.0000,6024.4000,6024.6000,6028.0000,6029.0000,6029.2000,1,1,3,1,1,2,1,1,1,1
SF,IC2103,2020-10-20 09:32:07.700,6023.0000,44271,0,243899200.000,0,-,-,-,-,6022.6000,6022.4000,6021.2000,6021.0000,6020.0000,6024.4000,6028.0000,6029.0000,6029.2000,6029.8000,1,3,1,1,2,2,1,1,1,1
SF,IC2103,2020-10-20 09:32:08.200,6023.0000,44271,0,243899200.000,0,-,-,-,-,6022.6000,6022.4000,6021.2000,6021.0000,6020.0000,6024.2000,6024.4000,6028.0000,6029.0000,6029.2000,1,3,1,1,2,1,1,1,1,1
SF,IC2103,2020-10-20 09:32:08.700,6023.0000,44271,0,243899200.000,0,-,-,-,-,6022.6000,6022.4000,6021.2000,6021.0000,6020.0000,6024.2000,6028.0000,6029.0000,6029.2000,6029.8000,1,3,1,1,2,2,1,1,1,1
SF,IC2103,2020-10-20 09:32:09.200,6022.4000,44269,-2,246308160.000,2,0,2,双平,S,6023.0000,6022.4000,6021.2000,6021.0000,6020.0000,6024.2000,6028.0000,6029.0000,6029.2000,6029.8000,1,1,1,1,2,2,1,1,1,1
SF,IC2103,2020-10-20 09:32:09.700,6022.6000,44267,-2,249921680.000,3,0,3,多平,S,6021.2000,6021.0000,6020.0000,6010.0000,6008.8000,6023.0000,6023.6000,6024.0000,6024.2000,6029.0000,1,1,2,1,1,3,1,1,2,1
SF,IC2103,2020-10-20 09:32:10.200,6021.0000,44265,-2,252330120.000,2,0,2,双平,S,6020.0000,6010.0000,6008.8000,6006.6000,6002.0000,6022.8000,6023.0000,6029.0000,6029.2000,6029.8000,2,1,1,1,1,2,3,1,1,1
SF,IC2103,2020-10-20 09:32:10.700,6022.6000,44264,-1,255942640.000,3,1,2,多平,S,6020.2000,6010.0000,6008.8000,6006.6000,6002.0000,6022.6000,6022.8000,6023.0000,6029.0000,6029.2000,1,1,1,1,1,1,3,2,1,1
SF,IC2103,2020-10-20 09:32:11.200,6020.2000,44263,-1,257146680.000,1,0,1,双平,S,6010.0000,6008.8000,6006.6000,6002.0000,6001.6000,6022.4000,6022.6000,6022.8000,6023.0000,6029.0000,1,1,1,1,2,1,2,1,2,1
SF,IC2103,2020-10-20 09:32:11.700,6020.2000,44263,0,257146680.000,0,-,-,-,-,6019.4000,6019.2000,6016.8000,6016.0000,6015.6000,6022.0000,6022.2000,6022.4000,6023.0000,6029.0000,2,4,1,1,3,1,1,2,2,1
SF,IC2103,2020-10-20 09:32:12.200,6020.2000,44263,0,257146680.000,0,-,-,-,-,6019.2000,6016.0000,6015.6000,6014.8000,6014.4000,6021.8000,6022.0000,6022.2000,6023.0000,6029.0000,4,1,2,1,3,2,1,1,2,1
SF,IC2103,2020-10-20 09:32:12.700,6020.2000,44263,0,257146680.000,0,-,-,-,-,6019.2000,6016.0000,6015.6000,6014.8000,6014.6000,6021.6000,6021.8000,6022.2000,6023.0000,6029.0000,4,1,1,1,1,1,2,1,2,1
SF,IC2103,2020-10-20 09:32:13.200,6020.2000,44263,0,257146680.000,0,-,-,-,-,6016.0000,6014.8000,6014.6000,6014.4000,6014.0000,6021.4000,6021.6000,6021.8000,6023.0000,6029.0000,1,1,1,3,1,1,1,1,2,1
SF,IC2103,2020-10-20 09:32:13.700,6020.2000,44263,0,257146680.000,0,-,-,-,-,6019.2000,6018.4000,6016.6000,6016.2000,6016.0000,6021.0000,6021.2000,6021.4000,6023.0000,6029.0000,4,1,1,2,1,1,1,2,2,1
SF,IC2103,2020-10-20 09:32:14.200,6020.2000,44263,0,257146680.000,0,-,-,-,-,6019.2000,6018.4000,6016.6000,6016.2000,6016.0000,6020.8000,6021.0000,6023.0000,6025.0000,6029.0000,4,1,1,2,1,1,2,2,1,1
SF,IC2103,2020-10-20 09:32:14.700,6020.8000,44262,-1,258350840.000,1,0,1,双平,S,6019.4000,6019.2000,6016.6000,6016.2000,6016.0000,6020.8000,6021.0000,6023.0000,6025.0000,6029.0000,1,3,1,1,1,1,1,2,1,1
SF,IC2103,2020-10-20 09:32:15.200,6021.0000,44261,-1,259555040.000,1,0,1,双平,S,6021.2000,6019.2000,6016.6000,6016.2000,6016.0000,6023.0000,6025.0000,6029.0000,6029.2000,6029.8000,2,3,1,1,1,2,1,1,1,1
SF,IC2103,2020-10-20 09:32:15.700,6021.2000,44259,-2,261963520.000,2,0,2,双平,S,6019.2000,6016.6000,6016.2000,6016.0000,6014.8000,6022.8000,6023.0000,6025.0000,6029.0000,6029.2000,3,1,1,1,1,1,2,1,1,1
SF,IC2103,2020-10-20 09:32:16.200,6021.2000,44259,0,261963520.000,0,-,-,-,-,6021.6000,6019.4000,6019.2000,6016.6000,6016.2000,6022.6000,6023.0000,6025.0000,6029.0000,6029.2000,2,3,5,1,1,2,2,1,1,1
SF,IC2103,2020-10-20 09:32:16.700,6021.6000,44257,-2,264372160.000,2,0,2,双平,S,6019.8000,6019.4000,6019.2000,6016.6000,6016.2000,6022.6000,6023.0000,6025.0000,6029.0000,6029.2000,1,2,4,1,1,1,2,1,1,1
SF,IC2103,2020-10-20 09:32:17.200,6021.6000,44257,0,264372160.000,0,-,-,-,-,6020.0000,6019.8000,6019.2000,6016.6000,6016.2000,6022.4000,6022.6000,6023.0000,6025.0000,6029.0000,2,1,4,1,1,1,2,2,1,1
SF,IC2103,2020-10-20 09:32:17.700,6021.6000,44257,0,264372160.000,0,-,-,-,-,6020.0000,6019.2000,6016.6000,6016.2000,6014.8000,6021.6000,6022.0000,6022.2000,6022.4000,6023.0000,2,4,1,1,1,2,1,1,1,2
SF,IC2103,2020-10-20 09:32:18.200,6021.6000,44253,-4,269189440.000,4,0,4,双平,S,6020.0000,6019.2000,6016.6000,6016.2000,6014.8000,6021.6000,6022.0000,6022.4000,6023.0000,6025.0000,1,4,1,1,1,2,1,1,2,1
SF,IC2103,2020-10-20 09:32:18.700,6021.6000,44253,0,269189440.000,0,-,-,-,-,6020.0000,6019.2000,6017.6000,6016.6000,6016.2000,6021.6000,6022.0000,6022.4000,6023.0000,6025.0000,1,4,1,1,1,2,1,1,2,1
SF,IC2103,2020-10-20 09:32:19.200,6021.6000,44253,0,269189440.000,0,-,-,-,-,6020.0000,6019.2000,6017.6000,6016.6000,6016.2000,6021.4000,6021.6000,6022.0000,6023.0000,6025.0000,1,4,1,1,1,1,2,1,2,1
SF,IC2103,2020-10-20 09:32:19.700,6021.6000,44253,0,269189440.000,0,-,-,-,-,6020.0000,6019.2000,6017.6000,6016.6000,6016.2000,6021.4000,6021.6000,6022.0000,6023.0000,6025.0000,1,3,1,1,1,1,2,1,2,1
SF,IC2103,2020-10-20 09:32:20.200,6021.6000,44253,0,269189440.000,0,-,-,-,-,6020.0000,6019.2000,6017.6000,6016.6000,6016.2000,6021.6000,6022.0000,6023.0000,6025.0000,6029.0000,1,3,1,1,1,2,1,2,1,1
SF,IC2103,2020-10-20 09:32:20.700,6021.6000,44253,0,269189440.000,0,-,-,-,-,6020.0000,6019.2000,6017.6000,6016.6000,6016.2000,6021.4000,6021.6000,6022.0000,6023.0000,6025.0000,1,3,1,1,1,1,2,1,2,1
SF,IC2103,2020-10-20 09:32:21.200,6021.6000,44253,0,269189440.000,0,-,-,-,-,6020.0000,6019.2000,6017.6000,6016.6000,6016.2000,6021.6000,6022.0000,6023.0000,6025.0000,6029.0000,1,3,1,1,1,2,1,2,1,1
SF,IC2103,2020-10-20 09:32:21.700,6021.6000,44253,0,269189440.000,0,-,-,-,-,6020.0000,6019.2000,6017.6000,6016.6000,6016.2000,6021.6000,6021.8000,6022.0000,6023.0000,6025.0000,1,3,1,1,1,2,1,1,2,1
SF,IC2103,2020-10-20 09:32:22.200,6021.6000,44252,-1,270393760.000,1,0,1,双平,S,6020.0000,6019.2000,6017.6000,6016.6000,6016.2000,6021.6000,6021.8000,6022.0000,6023.0000,6025.0000,1,3,1,1,1,1,1,1,2,1
SF,IC2103,2020-10-20 09:32:22.700,6021.6000,44251,-1,271598080.000,1,0,1,双平,S,6020.0000,6019.2000,6017.6000,6016.6000,6016.2000,6021.8000,6022.0000,6023.0000,6025.0000,6029.0000,1,3,1,1,1,1,1,2,1,1
SF,IC2103,2020-10-20 09:32:23.200,6021.6000,44251,0,271598080.000,0,-,-,-,-,6020.2000,6020.0000,6019.2000,6017.6000,6016.6000,6021.8000,6023.0000,6025.0000,6029.0000,6029.2000,1,1,3,1,1,1,2,1,1,1
SF,IC2103,2020-10-20 09:32:23.700,6021.6000,44251,0,271598080.000,0,-,-,-,-,6020.8000,6020.2000,6019.2000,6017.6000,6016.6000,6021.8000,6023.0000,6025.0000,6029.0000,6029.2000,1,2,2,1,1,1,2,1,1,1
SF,IC2103,2020-10-20 09:32:24.200,6021.6000,44251,0,271598080.000,0,-,-,-,-,6020.2000,6019.2000,6017.6000,6016.6000,6016.2000,6021.8000,6023.0000,6025.0000,6029.0000,6029.2000,2,2,1,1,1,1,2,1,1,1
SF,IC2103,2020-10-20 09:32:25.700,6021.6000,44251,0,271598080.000,0,-,-,-,-,6020.2000,6019.2000,6016.6000,6016.2000,6014.4000,6021.8000,6023.0000,6025.0000,6026.0000,6029.0000,1,2,1,1,3,1,2,1,1,1
SF,IC2103,2020-10-20 09:32:26.200,6021.6000,44251,0,271598080.000,0,-,-,-,-,6020.4000,6020.2000,6019.2000,6016.6000,6016.2000,6021.8000,6023.0000,6025.0000,6026.0000,6029.0000,1,1,2,1,1,1,2,1,1,1
SF,IC2103,2020-10-20 09:32:26.700,6020.2000,44249,-2,274006200.000,2,0,2,双平,S,6019.2000,6016.6000,6016.2000,6014.4000,6014.0000,6021.8000,6023.0000,6025.0000,6026.0000,6029.0000,2,1,1,3,1,1,2,1,1,1
SF,IC2103,2020-10-20 09:32:27.200,6020.2000,44249,0,274006200.000,0,-,-,-,-,6019.4000,6019.2000,6016.6000,6016.2000,6014.4000,6021.6000,6021.8000,6023.0000,6025.0000,6026.0000,3,4,1,1,3,1,2,2,1,1
SF,IC2103,2020-10-20 09:32:27.700,6020.2000,44249,0,274006200.000,0,-,-,-,-,6019.4000,6019.2000,6016.6000,6016.2000,6014.4000,6021.6000,6021.8000,6023.0000,6025.0000,6026.0000,1,4,1,1,3,1,1,2,1,1
SF,IC2103,2020-10-20 09:32:28.200,6020.2000,44249,0,274006200.000,0,-,-,-,-,6019.6000,6019.4000,6019.2000,6016.6000,6016.2000,6021.2000,6021.6000,6021.8000,6023.0000,6025.0000,1,2,4,1,1,1,1,1,2,1
SF,IC2103,2020-10-20 09:32:28.700,6020.2000,44249,0,274006200.000,0,-,-,-,-,6019.6000,6019.2000,6016.6000,6016.2000,6014.4000,6021.2000,6021.6000,6021.8000,6023.0000,6025.0000,1,4,1,1,3,1,1,1,2,1
SF,IC2103,2020-10-20 09:32:29.200,6020.2000,44249,0,274006200.000,0,-,-,-,-,6019.6000,6019.2000,6016.6000,6016.2000,6014.4000,6021.0000,6021.8000,6023.0000,6025.0000,6026.0000,1,4,1,1,3,1,1,2,1,1
SF,IC2103,2020-10-20 09:32:29.700,6020.2000,44249,0,274006200.000,0,-,-,-,-,6020.2000,6019.6000,6019.2000,6016.6000,6016.2000,6021.0000,6021.8000,6023.0000,6025.0000,6026.0000,1,1,4,1,1,1,1,2,1,1
SF,IC2103,2020-10-20 09:32:30.200,6020.2000,44249,0,274006200.000,0,-,-,-,-,6020.4000,6020.0000,6019.6000,6019.2000,6016.6000,6021.8000,6023.0000,6025.0000,6026.0000,6029.0000,1,1,2,4,1,1,2,1,1,1
SF,IC2103,2020-10-20 09:32:30.700,6021.8000,44248,-1,275210560.000,1,0,1,双平,S,6020.0000,6019.6000,6019.2000,6016.6000,6016.2000,6023.0000,6025.0000,6026.0000,6029.0000,6029.2000,1,2,4,1,1,2,1,1,1,1
SF,IC2103,2020-10-20 09:32:31.200,6020.2000,44247,-1,276414600.000,1,0,1,双平,S,6020.6000,6020.2000,6020.0000,6019.6000,6019.2000,6022.8000,6023.0000,6024.8000,6025.0000,6026.0000,1,1,1,1,4,4,2,1,1,1
SF,IC2103,2020-10-20 09:32:31.700,6020.2000,44247,0,276414600.000,0,-,-,-,-,6020.6000,6020.0000,6019.6000,6019.2000,6016.6000,6022.6000,6022.8000,6023.0000,6024.8000,6025.0000,1,1,1,4,1,2,2,2,1,1
SF,IC2103,2020-10-20 09:32:32.200,6020.2000,44247,0,276414600.000,0,-,-,-,-,6020.8000,6020.6000,6020.0000,6019.6000,6019.2000,6022.4000,6022.6000,6022.8000,6023.0000,6024.8000,1,1,1,1,4,2,1,1,2,1
SF,IC2103,2020-10-20 09:32:32.700,6020.2000,44247,0,276414600.000,0,-,-,-,-,6020.8000,6020.6000,6020.0000,6019.6000,6019.2000,6022.2000,6022.4000,6023.0000,6025.0000,6026.0000,1,1,1,1,4,1,2,2,1,1
SF,IC2103,2020-10-20 09:32:33.200,6020.2000,44247,0,276414600.000,0,-,-,-,-,6020.8000,6020.6000,6020.0000,6019.6000,6019.2000,6022.0000,6022.2000,6022.4000,6023.0000,6025.0000,1,1,1,1,4,1,1,1,2,1
SF,IC2103,2020-10-20 09:32:33.700,6020.2000,44247,0,276414600.000,0,-,-,-,-,6020.8000,6020.6000,6020.0000,6019.6000,6019.2000,6022.0000,6022.4000,6023.0000,6025.0000,6026.0000,1,1,1,1,4,2,1,2,1,1
SF,IC2103,2020-10-20 09:32:34.200,6020.6000,44246,-1,277618720.000,1,0,1,双平,S,6020.6000,6020.0000,6019.6000,6019.2000,6016.6000,6020.8000,6022.0000,6022.4000,6023.0000,6025.0000,1,1,1,4,1,1,2,1,1,1
SF,IC2103,2020-10-20 09:32:34.700,6020.2000,44243,-3,281231000.000,3,0,3,双平,S,6020.0000,6019.6000,6019.2000,6016.6000,6016.2000,6022.0000,6023.0000,6025.0000,6026.0000,6029.0000,1,1,4,1,1,2,1,1,1,1
SF,IC2103,2020-10-20 09:32:35.200,6020.2000,44243,0,281231000.000,0,-,-,-,-,6020.0000,6019.2000,6016.6000,6016.2000,6014.4000,6022.0000,6023.0000,6025.0000,6026.0000,6029.0000,1,4,1,1,3,2,1,1,1,1
SF,IC2103,2020-10-20 09:32:35.700,6020.2000,44243,0,281231000.000,0,-,-,-,-,6020.2000,6020.0000,6019.2000,6016.6000,6016.2000,6020.8000,6022.0000,6023.0000,6025.0000,6026.0000,1,1,4,1,1,3,2,1,1,1
SF,IC2103,2020-10-20 09:32:36.200,6020.2000,44243,0,281231000.000,0,-,-,-,-,6020.2000,6020.0000,6019.2000,6016.6000,6016.2000,6020.8000,6021.6000,6022.0000,6023.0000,6025.0000,1,1,4,1,1,3,1,2,1,1
SF,IC2103,2020-10-20 09:32:36.700,6020.0000,44242,-1,283639040.000,2,0,2,多平,S,6019.2000,6016.6000,6016.2000,6014.4000,6014.2000,6020.8000,6021.6000,6022.0000,6023.0000,6025.0000,3,1,1,3,3,3,1,1,1,1
SF,IC2103,2020-10-20 09:32:37.200,6020.0000,44242,0,283639040.000,0,-,-,-,-,6019.2000,6016.6000,6016.2000,6014.4000,6014.2000,6020.6000,6020.8000,6021.6000,6023.0000,6025.0000,4,1,1,3,3,1,3,1,1,1
SF,IC2103,2020-10-20 09:32:37.700,6020.0000,44242,0,283639040.000,0,-,-,-,-,6019.2000,6016.6000,6016.2000,6014.4000,6014.2000,6020.6000,6020.8000,6025.0000,6026.0000,6029.2000,3,1,1,3,3,2,3,1,1,1
SF,IC2103,2020-10-20 09:32:38.200,6019.2000,44240,-2,286046720.000,2,0,2,双平,S,6019.2000,6016.6000,6016.2000,6014.4000,6014.2000,6020.6000,6020.8000,6025.0000,6026.0000,6029.2000,1,1,1,3,3,2,3,1,1,1
SF,IC2103,2020-10-20 09:32:38.700,6019.2000,44239,-1,287250560.000,1,0,1,双平,S,6016.6000,6016.2000,6014.4000,6014.2000,6014.0000,6020.6000,6020.8000,6022.0000,6024.0000,6025.0000,1,1,3,3,1,2,3,1,1,1
SF,IC2103,2020-10-20 09:32:39.200,6019.2000,44239,0,287250560.000,0,-,-,-,-,6018.8000,6017.8000,6017.4000,6017.2000,6017.0000,6020.4000,6020.6000,6020.8000,6022.0000,6024.0000,1,1,1,1,1,1,2,3,1,1
SF,IC2103,2020-10-20 09:32:39.700,6019.2000,44239,0,287250560.000,0,-,-,-,-,6017.8000,6017.4000,6017.2000,6016.8000,6016.6000,6020.2000,6020.4000,6020.8000,6024.0000,6025.0000,1,1,1,1,1,1,1,3,1,1
SF,IC2103,2020-10-20 09:32:40.200,6019.2000,44239,0,287250560.000,0,-,-,-,-,6018.0000,6017.4000,6017.2000,6016.6000,6016.2000,6020.2000,6020.8000,6024.0000,6025.0000,6026.0000,1,1,1,1,1,2,3,1,1,1
SF,IC2103,2020-10-20 09:32:40.700,6019.2000,44239,0,287250560.000,0,-,-,-,-,6018.0000,6017.4000,6017.2000,6016.6000,6016.2000,6020.0000,6020.2000,6020.8000,6024.0000,6025.0000,2,1,1,1,1,1,2,3,1,1
SF,IC2103,2020-10-20 09:32:41.200,6019.2000,44239,0,287250560.000,0,-,-,-,-,6018.0000,6017.4000,6017.2000,6016.6000,6016.2000,6019.8000,6020.0000,6020.4000,6020.8000,6024.0000,1,1,1,1,1,1,2,1,3,1
SF,IC2103,2020-10-20 09:32:41.700,6019.2000,44239,0,287250560.000,0,-,-,-,-,6017.4000,6017.2000,6016.6000,6016.2000,6014.4000,6019.8000,6020.0000,6020.4000,6020.8000,6024.0000,1,1,1,1,3,1,2,1,3,1
SF,IC2103,2020-10-20 09:32:42.200,6019.2000,44239,0,287250560.000,0,-,-,-,-,6017.6000,6017.4000,6017.2000,6016.6000,6016.2000,6019.8000,6020.0000,6020.4000,6020.8000,6024.0000,1,1,1,1,1,2,1,1,3,1
SF,IC2103,2020-10-20 09:32:42.700,6019.2000,44239,0,287250560.000,0,-,-,-,-,6017.4000,6017.2000,6016.6000,6016.2000,6014.4000,6019.8000,6020.0000,6020.4000,6020.8000,6024.0000,1,1,1,1,1,2,1,1,3,1
SF,IC2103,2020-10-20 09:32:44.200,6019.2000,44239,0,287250560.000,0,-,-,-,-,6017.4000,6017.2000,6016.6000,6014.4000,6014.2000,6019.8000,6020.0000,6020.4000,6020.8000,6024.0000,1,1,1,1,3,2,1,1,3,1
SF,IC2103,2020-10-20 09:32:44.700,6019.2000,44239,0,287250560.000,0,-,-,-,-,6017.4000,6017.2000,6016.6000,6014.4000,6014.2000,6019.8000,6020.0000,6020.4000,6020.8000,6024.0000,1,1,1,1,3,2,1,1,3,1
SF,IC2103,2020-10-20 09:32:45.200,6019.2000,44239,0,287250560.000,0,-,-,-,-,6017.4000,6014.2000,6014.0000,6012.0000,6011.0000,6019.8000,6020.0000,6020.4000,6020.8000,6024.0000,1,3,1,1,1,2,1,1,3,1
SF,IC2103,2020-10-20 09:32:45.700,6019.2000,44239,0,287250560.000,0,-,-,-,-,6017.4000,6014.2000,6014.0000,6012.0000,6011.0000,6019.4000,6019.8000,6020.0000,6020.4000,6020.8000,1,3,1,1,1,1,2,1,1,3
SF,IC2103,2020-10-20 09:32:46.200,6019.2000,44239,0,287250560.000,0,-,-,-,-,6017.4000,6014.2000,6014.0000,6012.0000,6011.0000,6019.2000,6019.4000,6020.0000,6020.4000,6020.8000,1,3,1,1,1,1,1,1,1,3
SF,IC2103,2020-10-20 09:32:46.700,6019.2000,44239,0,287250560.000,0,-,-,-,-,6017.4000,6014.2000,6014.0000,6012.0000,6011.0000,6019.2000,6019.4000,6020.0000,6020.4000,6020.8000,1,3,1,1,1,1,1,2,1,3
SF,IC2103,2020-10-20 09:32:47.200,6019.2000,44239,0,287250560.000,0,-,-,-,-,6017.4000,6014.2000,6014.0000,6012.0000,6011.0000,6019.2000,6019.4000,6020.0000,6020.4000,6020.8000,1,3,1,1,1,2,1,2,1,3
SF,IC2103,2020-10-20 09:32:47.700,6019.2000,44239,0,287250560.000,0,-,-,-,-,6017.4000,6014.2000,6014.0000,6012.0000,6011.0000,6019.2000,6019.4000,6020.0000,6020.4000,6020.8000,1,3,1,1,1,2,1,1,1,3
SF,IC2103,2020-10-20 09:32:49.200,6019.2000,44239,0,287250560.000,0,-,-,-,-,6017.4000,6014.2000,6012.0000,6011.0000,6010.0000,6019.2000,6019.4000,6019.8000,6020.0000,6020.4000,1,3,1,1,1,2,1,5,1,1
SF,IC2103,2020-10-20 09:32:49.700,6019.2000,44239,0,287250560.000,0,-,-,-,-,6017.4000,6014.2000,6012.0000,6011.0000,6010.0000,6019.0000,6019.2000,6019.4000,6019.8000,6020.0000,1,3,1,1,1,1,1,1,5,1
SF,IC2103,2020-10-20 09:32:50.200,6019.2000,44239,0,287250560.000,0,-,-,-,-,6014.2000,6012.0000,6011.0000,6010.0000,6008.8000,6018.8000,6019.0000,6019.8000,6020.0000,6020.4000,3,1,1,1,1,2,2,5,1,1
SF,IC2103,2020-10-20 09:32:50.700,6019.2000,44239,0,287250560.000,0,-,-,-,-,6016.4000,6015.6000,6014.4000,6014.2000,6012.0000,6018.4000,6018.6000,6018.8000,6019.8000,6020.0000,2,2,1,3,1,1,2,1,5,1
SF,IC2103,2020-10-20 09:32:51.200,6019.2000,44239,0,287250560.000,0,-,-,-,-,6017.4000,6016.6000,6014.2000,6012.0000,6011.0000,6018.4000,6018.6000,6018.8000,6019.8000,6020.0000,1,2,3,1,1,1,1,1,5,1
SF,IC2103,2020-10-20 09:32:51.700,6018.8000,44237,-2,289658000.000,2,0,2,双平,S,6017.6000,6017.4000,6016.6000,6014.2000,6012.0000,6019.8000,6020.0000,6020.4000,6024.0000,6026.0000,2,2,1,3,1,5,1,1,1,1
SF,IC2103,2020-10-20 09:32:52.200,6019.8000,44233,-4,294473840.000,4,0,4,双平,S,6019.2000,6017.8000,6017.6000,6014.2000,6012.0000,6019.8000,6020.0000,6020.4000,6024.0000,6026.0000,1,2,1,3,1,1,1,1,1,1
SF,IC2103,2020-10-20 09:32:52.700,6020.0000,44231,-2,296881800.000,2,0,2,双平,S,6019.8000,6019.2000,6017.8000,6014.2000,6012.0000,6020.4000,6024.0000,6026.0000,6029.2000,6029.8000,1,1,1,3,1,1,1,1,1,1
SF,IC2103,2020-10-20 09:32:53.200,6020.4000,44230,-1,298085880.000,1,0,1,双平,S,6020.2000,6019.8000,6019.2000,6014.2000,6012.0000,6024.0000,6026.0000,6029.2000,6029.8000,6033.0000,1,2,1,3,1,1,1,1,1,1
SF,IC2103,2020-10-20 09:32:53.700,6020.4000,44230,0,298085880.000,0,-,-,-,-,6020.4000,6020.2000,6019.2000,6014.2000,6012.0000,6023.4000,6023.8000,6024.0000,6026.0000,6029.2000,3,2,1,3,1,1,2,1,1,1
SF,IC2103,2020-10-20 09:32:54.200,6020.4000,44230,0,298085880.000,0,-,-,-,-,6020.6000,6020.4000,6019.2000,6014.2000,6012.0000,6022.8000,6023.2000,6024.0000,6026.0000,6029.2000,1,2,1,3,1,1,2,1,1,1
SF,IC2103,2020-10-20 09:32:54.700,6020.4000,44230,0,298085880.000,0,-,-,-,-,6021.2000,6020.6000,6019.2000,6014.2000,6012.0000,6022.6000,6023.2000,6024.0000,6026.0000,6029.2000,1,1,1,3,1,2,1,1,1,1
SF,IC2103,2020-10-20 09:32:55.200,6020.4000,44230,0,298085880.000,0,-,-,-,-,6021.2000,6019.2000,6014.2000,6012.0000,6011.0000,6022.4000,6022.6000,6024.0000,6026.0000,6029.2000,2,1,3,1,1,1,1,1,1,1
SF,IC2103,2020-10-20 09:32:55.700,6020.4000,44230,0,298085880.000,0,-,-,-,-,6021.2000,6014.2000,6012.0000,6011.0000,6010.0000,6022.2000,6024.0000,6026.0000,6029.2000,6029.8000,2,3,1,1,1,1,1,1,1,1
SF,IC2103,2020-10-20 09:32:56.700,6022.2000,44229,-1,299290320.000,1,0,1,双平,S,6021.4000,6021.2000,6017.0000,6014.2000,6012.0000,6024.0000,6026.0000,6029.2000,6029.8000,6033.0000,2,2,1,3,1,1,1,1,1,1
SF,IC2103,2020-10-20 09:32:57.200,6022.2000,44229,0,299290320.000,0,-,-,-,-,6021.6000,6017.0000,6014.2000,6012.0000,6011.0000,6023.8000,6024.0000,6026.0000,6029.2000,6029.8000,2,1,3,1,1,2,1,1,1,1
SF,IC2103,2020-10-20 09:32:57.700,6022.2000,44229,0,299290320.000,0,-,-,-,-,6022.2000,6021.8000,6017.0000,6014.2000,6012.0000,6023.2000,6023.8000,6024.0000,6026.0000,6029.2000,1,3,1,3,1,1,2,1,1,1
SF,IC2103,2020-10-20 09:32:58.200,6021.8000,44226,-3,302903480.000,3,0,3,双平,S,6017.0000,6014.2000,6012.0000,6011.0000,6010.0000,6021.4000,6023.2000,6023.8000,6024.0000,6026.0000,1,3,1,1,1,2,1,1,1,1
SF,IC2103,2020-10-20 09:32:58.700,6021.4000,44223,-3,306516320.000,3,0,3,双平,S,6021.0000,6020.8000,6019.6000,6017.6000,6017.4000,6023.2000,6023.8000,6024.0000,6026.0000,6029.2000,2,1,1,1,3,1,1,1,1,1
SF,IC2103,2020-10-20 09:32:59.200,6021.4000,44223,0,306516320.000,0,-,-,-,-,6021.2000,6021.0000,6020.8000,6017.6000,6017.4000,6023.0000,6024.0000,6026.0000,6029.2000,6029.8000,1,1,1,1,2,2,1,1,1,1
SF,IC2103,2020-10-20 09:32:59.700,6023.0000,44222,-1,307720920.000,1,0,1,双平,S,6021.4000,6021.2000,6021.0000,6017.6000,6017.4000,6024.0000,6026.0000,6029.2000,6029.8000,6033.0000,2,1,1,1,2,1,1,1,1,1
SF,IC2103,2020-10-20 09:33:00.200,6023.0000,44222,0,308925520.000,1,0,1,多换,S,6021.6000,6021.4000,6021.0000,6017.6000,6017.4000,6024.0000,6026.0000,6029.2000,6029.8000,6033.0000,2,2,1,1,2,1,1,1,1,1
SF,IC2103,2020-10-20 09:33:00.700,6023.0000,44222,0,308925520.000,0,-,-,-,-,6021.8000,6021.6000,6021.0000,6017.6000,6017.4000,6024.0000,6026.0000,6029.2000,6029.8000,6033.0000,2,2,1,1,1,1,1,1,1,1
SF,IC2103,2020-10-20 09:33:01.200,6023.0000,44222,0,308925520.000,0,-,-,-,-,6022.0000,6021.8000,6021.6000,6021.0000,6017.6000,6024.0000,6026.0000,6029.2000,6029.8000,6033.0000,1,2,1,1,1,1,1,1,1,1
SF,IC2103,2020-10-20 09:33:01.700,6023.0000,44222,0,308925520.000,0,-,-,-,-,6022.0000,6021.8000,6021.0000,6017.6000,6017.2000,6024.0000,6026.0000,6029.2000,6029.8000,6033.0000,1,1,1,1,3,1,1,1,1,1
SF,IC2103,2020-10-20 09:33:02.200,6023.0000,44222,0,308925520.000,0,-,-,-,-,6021.0000,6017.6000,6017.2000,6017.0000,6014.2000,6023.8000,6024.0000,6026.0000,6029.2000,6029.8000,1,1,3,1,3,1,2,1,1,1
SF,IC2103,2020-10-20 09:33:02.700,6022.4000,44222,0,310130000.000,1,0,1,多换,S,6021.2000,6021.0000,6017.6000,6017.2000,6017.0000,6023.6000,6023.8000,6024.0000,6026.0000,6029.2000,3,1,1,3,1,1,1,1,1,1
SF,IC2103,2020-10-20 09:33:03.200,6022.4000,44222,0,310130000.000,0,-,-,-,-,6021.4000,6021.2000,6021.0000,6017.6000,6017.2000,6023.6000,6023.8000,6024.0000,6026.0000,6029.2000,1,3,1,1,2,1,1,1,1,1
SF,IC2103,2020-10-20 09:33:03.700,6022.4000,44222,0,310130000.000,0,-,-,-,-,6021.2000,6021.0000,6017.6000,6017.2000,6017.0000,6022.2000,6023.4000,6023.6000,6024.0000,6026.0000,3,1,1,2,1,5,1,1,1,1
SF,IC2103,2020-10-20 09:33:04.200,6022.2000,44217,-5,316152200.000,5,0,5,双平,S,6021.2000,6021.0000,6017.6000,6017.2000,6017.0000,6023.6000,6024.0000,6026.0000,6029.2000,6029.8000,3,1,1,2,1,1,1,1,1,1
SF,IC2103,2020-10-20 09:33:04.700,6022.2000,44217,0,316152200.000,0,-,-,-,-,6021.4000,6021.2000,6021.0000,6017.6000,6017.2000,6023.6000,6024.0000,6026.0000,6029.2000,6029.8000,1,3,1,1,2,1,1,1,1,1
SF,IC2103,2020-10-20 09:33:05.200,6022.2000,44217,0,316152200.000,0,-,-,-,-,6021.2000,6021.0000,6017.6000,6017.2000,6017.0000,6021.4000,6023.4000,6023.6000,6024.0000,6026.0000,3,1,1,2,1,1,1,1,1,1
SF,IC2103,2020-10-20 09:33:05.700,6021.4000,44215,-2,318560760.000,2,0,2,双平,S,6022.0000,6021.8000,6021.4000,6021.2000,6017.2000,6023.6000,6024.0000,6026.0000,6029.2000,6029.8000,2,1,2,1,2,1,1,1,1,1
SF,IC2103,2020-10-20 09:33:06.200,6021.4000,44215,0,318560760.000,0,-,-,-,-,6021.8000,6021.4000,6021.2000,6017.2000,6017.0000,6024.0000,6026.0000,6029.2000,6029.8000,6033.0000,1,2,1,2,1,1,1,1,1,1
SF,IC2103,2020-10-20 09:33:06.700,6021.4000,44215,0,318560760.000,0,-,-,-,-,6022.2000,6022.0000,6021.8000,6021.4000,6021.2000,6024.0000,6026.0000,6029.2000,6029.8000,6033.0000,1,3,2,2,1,1,1,1,1,1
SF,IC2103,2020-10-20 09:33:07.200,6021.4000,44215,0,318560760.000,0,-,-,-,-,6022.4000,6022.2000,6021.8000,6021.4000,6021.2000,6024.0000,6026.0000,6029.2000,6029.8000,6033.0000,1,1,1,2,1,1,1,1,1,1
SF,IC2103,2020-10-20 09:33:07.700,6024.0000,44214,-1,319765560.000,1,0,1,双平,S,6022.6000,6022.4000,6021.8000,6021.4000,6017.2000,6026.0000,6029.2000,6029.8000,6033.0000,6041.0000,3,1,1,2,2,1,1,1,1,1
SF,IC2103,2020-10-20 09:33:08.200,6024.0000,44215,1,320970360.000,1,1,0,双开,S,6023.0000,6022.8000,6021.4000,6017.0000,6014.2000,6026.0000,6029.2000,6029.8000,6033.0000,6041.0000,1,3,2,1,3,1,1,1,1,1
SF,IC2103,2020-10-20 09:33:08.700,6024.0000,44215,0,320970360.000,0,-,-,-,-,6023.8000,6023.2000,6023.0000,6021.4000,6017.0000,6026.0000,6029.2000,6029.8000,6033.0000,6041.0000,1,4,2,2,1,1,1,1,1,1
SF,IC2103,2020-10-20 09:33:09.200,6024.0000,44215,0,320970360.000,0,-,-,-,-,6024.0000,6023.8000,6023.2000,6023.0000,6021.4000,6026.0000,6029.2000,6029.8000,6033.0000,6041.0000,1,1,1,1,2,1,1,1,1,1
SF,IC2103,2020-10-20 09:33:09.700,6024.0000,44215,0,320970360.000,0,-,-,-,-,6024.0000,6023.2000,6023.0000,6021.4000,6017.0000,6026.0000,6029.2000,6029.8000,6033.0000,6041.0000,2,1,1,2,1,1,1,1,1,1
SF,IC2103,2020-10-20 09:33:10.200,6024.0000,44215,0,320970360.000,0,-,-,-,-,6024.2000,6024.0000,6023.2000,6023.0000,6021.4000,6026.0000,6029.2000,6029.8000,6033.0000,6041.0000,3,2,1,1,2,1,1,1,1,1
SF,IC2103,2020-10-20 09:33:10.700,6024.0000,44215,0,320970360.000,0,-,-,-,-,6024.4000,6024.2000,6023.2000,6023.0000,6021.4000,6026.0000,6029.2000,6029.8000,6033.0000,6041.0000,2,2,1,1,2,1,1,1,1,1
SF,IC2103,2020-10-20 09:33:11.200,6024.0000,44215,0,320970360.000,0,-,-,-,-,6024.6000,6024.4000,6024.2000,6023.2000,6023.0000,6026.0000,6029.2000,6029.8000,6033.0000,6041.0000,1,2,2,1,1,1,1,1,1,1
SF,IC2103,2020-10-20 09:33:11.700,6024.0000,44215,0,320970360.000,0,-,-,-,-,6024.4000,6024.2000,6023.2000,6023.0000,6021.4000,6026.0000,6029.2000,6029.8000,6033.0000,6041.0000,2,2,1,1,2,1,1,1,1,1
SF,IC2103,2020-10-20 09:33:12.200,6026.0000,44214,-1,322175560.000,1,0,1,双平,S,6024.6000,6024.4000,6023.2000,6023.0000,6021.4000,6029.2000,6029.8000,6033.0000,6041.0000,6046.6000,1,2,1,1,2,1,1,1,1,2
SF,IC2103,2020-10-20 09:33:12.700,6026.0000,44214,0,322175560.000,0,-,-,-,-,6024.8000,6023.0000,6021.4000,6017.0000,6014.2000,6026.8000,6028.4000,6028.6000,6028.8000,6029.0000,2,1,2,1,3,2,3,1,2,1
SF,IC2103,2020-10-20 09:33:13.200,6024.8000,44213,-1,323380520.000,1,0,1,双平,S,6025.0000,6023.0000,6021.4000,6017.0000,6014.2000,6026.6000,6028.4000,6028.6000,6028.8000,6029.8000,1,1,2,1,3,1,1,1,2,1
SF,IC2103,2020-10-20 09:33:13.700,6024.8000,44213,0,323380520.000,0,-,-,-,-,6025.0000,6023.0000,6021.4000,6017.0000,6014.2000,6026.6000,6028.6000,6029.8000,6033.0000,6041.0000,1,1,2,1,3,1,1,1,1,1
SF,IC2103,2020-10-20 09:33:14.200,6024.8000,44213,0,323380520.000,0,-,-,-,-,6023.0000,6021.4000,6017.0000,6014.2000,6012.0000,6026.6000,6029.8000,6033.0000,6041.0000,6046.6000,1,2,1,3,1,1,1,1,1,2
SF,IC2103,2020-10-20 09:33:14.700,6024.8000,44213,0,323380520.000,0,-,-,-,-,6024.6000,6024.0000,6023.6000,6023.2000,6023.0000,6026.4000,6026.6000,6029.8000,6033.0000,6041.0000,1,1,1,3,2,1,1,1,1,1
SF,IC2103,2020-10-20 09:33:15.200,6024.8000,44213,0,323380520.000,0,-,-,-,-,6024.8000,6024.6000,6024.0000,6023.0000,6021.4000,6029.8000,6033.0000,6041.0000,6046.6000,6049.8000,1,2,1,1,2,1,1,1,2,2
SF,IC2103,2020-10-20 09:33:15.700,6024.8000,44213,0,323380520.000,0,-,-,-,-,6024.8000,6024.6000,6023.0000,6021.4000,6017.0000,6027.2000,6028.4000,6028.8000,6029.4000,6029.6000,1,1,1,2,1,2,3,3,1,2
SF,IC2103,2020-10-20 09:33:16.200,6027.0000,44212,-1,324585920.000,1,0,1,双平,S,6026.6000,6023.0000,6021.4000,6017.0000,6014.2000,6027.0000,6028.4000,6028.8000,6029.4000,6029.6000,1,1,2,1,3,2,1,2,1,1
SF,IC2103,2020-10-20 09:33:16.700,6026.8000,44212,0,326996600.000,2,1,1,多换,S,6021.4000,6017.0000,6014.2000,6012.0000,6011.0000,6027.0000,6028.4000,6028.8000,6029.4000,6029.6000,2,1,3,1,1,1,1,2,1,1
SF,IC2103,2020-10-20 09:33:17.200,6026.8000,44212,0,326996600.000,0,-,-,-,-,6022.4000,6021.6000,6021.4000,6017.0000,6014.2000,6026.8000,6027.0000,6028.4000,6028.8000,6029.4000,1,2,2,1,3,3,1,1,2,1
SF,IC2103,2020-10-20 09:33:17.700,6026.8000,44212,0,326996600.000,0,-,-,-,-,6021.6000,6021.4000,6017.0000,6014.2000,6012.0000,6026.6000,6026.8000,6028.4000,6028.8000,6029.4000,1,2,1,3,1,2,2,1,2,1
SF,IC2103,2020-10-20 09:33:18.200,6026.8000,44212,0,326996600.000,0,-,-,-,-,6021.6000,6021.4000,6017.0000,6014.2000,6012.0000,6026.2000,6026.4000,6026.6000,6028.4000,6028.8000,1,2,1,3,1,3,3,2,1,1
SF,IC2103,2020-10-20 09:33:18.700,6026.8000,44212,0,326996600.000,0,-,-,-,-,6021.6000,6021.4000,6017.0000,6014.2000,6012.0000,6025.8000,6026.0000,6026.2000,6026.4000,6026.6000,1,2,1,3,1,1,3,3,1,1
SF,IC2103,2020-10-20 09:33:19.200,6026.8000,44212,0,326996600.000,0,-,-,-,-,6021.8000,6021.6000,6021.4000,6014.2000,6012.0000,6025.4000,6025.6000,6025.8000,6026.0000,6026.2000,1,1,2,3,1,1,3,2,1,2
SF,IC2103,2020-10-20 09:33:19.700,6026.8000,44212,0,326996600.000,0,-,-,-,-,6021.4000,6014.2000,6012.0000,6011.0000,6010.0000,6025.0000,6025.2000,6025.4000,6025.6000,6025.8000,2,3,1,1,1,1,2,3,1,1
SF,IC2103,2020-10-20 09:33:20.200,6026.8000,44212,0,326996600.000,0,-,-,-,-,6021.6000,6021.4000,6014.2000,6012.0000,6011.0000,6024.6000,6024.8000,6025.0000,6025.2000,6025.4000,1,2,3,1,1,1,2,1,1,1
SF,IC2103,2020-10-20 09:33:20.700,6026.8000,44212,0,326996600.000,0,-,-,-,-,6021.6000,6021.4000,6014.2000,6012.0000,6011.0000,6024.4000,6024.6000,6024.8000,6025.0000,6025.4000,1,2,3,1,1,2,2,1,1,1
SF,IC2103,2020-10-20 09:33:21.200,6026.8000,44212,0,326996600.000,0,-,-,-,-,6021.6000,6021.4000,6014.2000,6012.0000,6011.0000,6024.2000,6024.4000,6024.6000,6024.8000,6025.0000,1,2,3,1,1,1,2,1,1,1
SF,IC2103,2020-10-20 09:33:21.700,6026.8000,44212,0,326996600.000,0,-,-,-,-,6022.4000,6022.2000,6021.6000,6021.4000,6014.2000,6024.0000,6024.4000,6024.6000,6025.0000,6025.4000,1,1,1,2,3,1,1,1,1,1
SF,IC2103,2020-10-20 09:33:22.200,6022.2000,44211,-1,329405520.000,2,0,2,多平,S,6021.6000,6021.4000,6014.2000,6012.0000,6011.0000,6024.0000,6024.4000,6025.0000,6025.4000,6026.0000,1,2,3,1,1,1,1,1,1,1
SF,IC2103,2020-10-20 09:33:22.700,6021.4000,44211,0,330609800.000,1,0,1,多换,S,6014.2000,6012.0000,6011.0000,6010.0000,6008.8000,6023.8000,6024.0000,6025.0000,6025.4000,6026.0000,3,1,1,1,1,1,1,1,1,1
SF,IC2103,2020-10-20 09:33:23.200,6021.4000,44211,0,330609800.000,0,-,-,-,-,6021.0000,6020.0000,6019.2000,6017.4000,6017.2000,6023.6000,6023.8000,6025.0000,6025.4000,6026.0000,1,1,1,1,2,1,4,1,1,1
SF,IC2103,2020-10-20 09:33:23.700,6021.6000,44209,-2,334223000.000,3,0,3,多平,S,6020.0000,6017.4000,6017.2000,6017.0000,6016.8000,6023.4000,6023.6000,6023.8000,6025.0000,6025.4000,1,1,2,1,2,1,2,1,1,1
SF,IC2103,2020-10-20 09:33:24.200,6021.6000,44209,0,334223000.000,0,-,-,-,-,6020.2000,6020.0000,6017.4000,6017.2000,6017.0000,6023.2000,6023.4000,6023.8000,6025.0000,6025.4000,1,1,1,2,1,1,2,1,1,1
SF,IC2103,2020-10-20 09:33:24.700,6023.0000,44209,0,335427600.000,1,0,1,多换,S,6020.2000,6020.0000,6017.4000,6017.2000,6017.0000,6023.2000,6025.0000,6025.4000,6026.0000,6029.8000,1,1,1,2,1,2,1,1,1,1
SF,IC2103,2020-10-20 09:33:25.200,6023.0000,44209,0,335427600.000,0,-,-,-,-,6020.2000,6020.0000,6017.4000,6017.2000,6017.0000,6023.2000,6025.0000,6025.4000,6026.0000,6029.8000,1,1,1,2,1,2,1,1,1,1
SF,IC2103,2020-10-20 09:33:25.700,6023.0000,44209,0,335427600.000,0,-,-,-,-,6020.2000,6017.4000,6017.2000,6017.0000,6016.8000,6023.0000,6023.2000,6025.0000,6025.4000,6026.0000,1,1,2,1,2,1,2,1,1,1
SF,IC2103,2020-10-20 09:33:26.200,6023.0000,44209,0,335427600.000,0,-,-,-,-,6020.4000,6020.2000,6017.4000,6017.2000,6017.0000,6022.8000,6023.0000,6025.0000,6025.4000,6026.0000,1,1,1,2,1,1,2,1,1,1
SF,IC2103,2020-10-20 09:33:26.700,6023.0000,44209,0,335427600.000,0,-,-,-,-,6020.6000,6017.4000,6017.2000,6017.0000,6016.8000,6022.8000,6025.0000,6025.4000,6026.0000,6029.8000,1,1,2,1,2,1,1,1,1,1
SF,IC2103,2020-10-20 09:33:27.200,6023.0000,44209,0,336632200.000,1,0,1,多换,S,6020.8000,6020.6000,6017.4000,6017.2000,6017.0000,6025.0000,6025.4000,6026.0000,6029.8000,6030.0000,1,2,1,2,1,1,1,1,1,1
SF,IC2103,2020-10-20 09:33:27.700,6023.0000,44209,0,336632200.000,0,-,-,-,-,6021.0000,6017.4000,6017.2000,6017.0000,6016.8000,6024.8000,6025.0000,6025.4000,6026.0000,6029.8000,1,1,2,1,2,3,1,1,1,1
SF,IC2103,2020-10-20 09:33:28.200,6023.0000,44209,0,336632200.000,0,-,-,-,-,6021.2000,6021.0000,6017.4000,6017.2000,6017.0000,6024.6000,6024.8000,6025.0000,6025.4000,6026.0000,1,2,1,2,1,1,2,1,1,1
SF,IC2103,2020-10-20 09:33:28.700,6021.4000,44208,-1,337836480.000,1,0,1,双平,S,6017.4000,6017.2000,6017.0000,6016.8000,6014.6000,6024.4000,6024.6000,6025.0000,6025.4000,6026.0000,1,2,1,2,2,3,1,1,1,1
SF,IC2103,2020-10-20 09:33:29.200,6021.4000,44208,0,337836480.000,0,-,-,-,-,6017.8000,6017.6000,6017.4000,6017.2000,6017.0000,6024.4000,6024.6000,6025.0000,6025.4000,6026.0000,1,3,3,2,1,2,1,1,1,1
SF,IC2103,2020-10-20 09:33:29.700,6021.4000,44208,0,337836480.000,0,-,-,-,-,6020.0000,6018.2000,6018.0000,6017.8000,6017.6000,6024.4000,6025.0000,6025.4000,6026.0000,6029.8000,1,1,1,2,1,2,1,1,1,1
SF,IC2103,2020-10-20 09:33:30.200,6024.4000,44207,-1,339041360.000,1,0,1,双平,S,6020.6000,6020.4000,6020.2000,6020.0000,6018.2000,6026.0000,6029.8000,6030.0000,6033.0000,6041.0000,1,1,5,2,1,1,1,1,1,1
SF,IC2103,2020-10-20 09:33:30.700,6024.4000,44207,0,339041360.000,0,-,-,-,-,6021.0000,6020.8000,6020.6000,6020.4000,6020.0000,6025.8000,6026.0000,6029.8000,6030.0000,6033.0000,1,2,2,1,1,2,1,1,1,1
SF,IC2103,2020-10-20 09:33:31.200,6024.4000,44207,0,339041360.000,0,-,-,-,-,6021.4000,6021.2000,6021.0000,6020.6000,6020.4000,6025.8000,6026.0000,6029.8000,6030.0000,6033.0000,1,2,1,1,1,1,1,1,1,1
SF,IC2103,2020-10-20 09:33:31.700,6024.4000,44207,0,339041360.000,0,-,-,-,-,6021.6000,6021.4000,6020.6000,6020.4000,6020.0000,6025.6000,6025.8000,6026.0000,6029.8000,6030.0000,2,2,1,1,1,1,1,1,1,1
SF,IC2103,2020-10-20 09:33:32.200,6024.4000,44207,0,339041360.000,0,-,-,-,-,6021.8000,6021.6000,6021.4000,6020.6000,6020.4000,6025.4000,6026.0000,6029.8000,6030.0000,6033.0000,1,2,1,1,1,1,1,1,1,1
SF,IC2103,2020-10-20 09:33:32.700,6024.4000,44207,0,339041360.000,0,-,-,-,-,6022.0000,6021.8000,6021.4000,6020.6000,6020.4000,6026.0000,6029.8000,6030.0000,6033.0000,6041.0000,2,1,1,1,1,1,1,1,1,1
SF,IC2103,2020-10-20 09:33:33.200,6024.4000,44207,0,339041360.000,0,-,-,-,-,6022.0000,6021.4000,6020.6000,6020.4000,6018.0000,6025.8000,6026.0000,6029.8000,6030.0000,6033.0000,2,1,1,1,1,1,1,1,1,1
SF,IC2103,2020-10-20 09:33:33.700,6024.4000,44207,0,339041360.000,0,-,-,-,-,6022.0000,6021.4000,6020.6000,6020.4000,6018.0000,6025.8000,6026.0000,6029.8000,6030.0000,6033.0000,2,1,1,1,1,2,1,1,1,1
SF,IC2103,2020-10-20 09:33:34.200,6024.4000,44207,0,339041360.000,0,-,-,-,-,6022.0000,6021.4000,6020.6000,6020.4000,6018.0000,6025.8000,6026.0000,6029.8000,6030.0000,6033.0000,2,1,1,1,1,1,1,1,1,1
SF,IC2103,2020-10-20 09:33:34.700,6024.4000,44207,0,339041360.000,0,-,-,-,-,6022.0000,6020.6000,6020.4000,6018.0000,6017.4000,6025.6000,6025.8000,6026.0000,6029.8000,6030.0000,2,1,1,1,1,1,4,1,1,1
SF,IC2103,2020-10-20 09:33:35.200,6024.4000,44207,0,339041360.000,0,-,-,-,-,6022.0000,6020.6000,6020.4000,6018.0000,6017.4000,6025.4000,6026.0000,6029.8000,6030.0000,6033.0000,2,1,1,1,1,1,1,1,1,1
SF,IC2103,2020-10-20 09:33:35.700,6024.4000,44207,0,339041360.000,0,-,-,-,-,6022.2000,6022.0000,6020.6000,6020.4000,6018.0000,6025.2000,6026.0000,6029.8000,6030.0000,6033.0000,1,2,1,1,1,1,1,1,1,1
SF,IC2103,2020-10-20 09:33:36.200,6022.4000,44203,-4,343859280.000,4,0,4,双平,S,6020.6000,6020.4000,6018.0000,6017.4000,6017.2000,6025.0000,6026.0000,6029.8000,6030.0000,6033.0000,1,1,1,1,1,2,1,1,1,1
SF,IC2103,2020-10-20 09:33:36.700,6022.4000,44203,0,343859280.000,0,-,-,-,-,6020.8000,6020.4000,6018.0000,6017.4000,6017.2000,6024.8000,6025.0000,6026.0000,6029.8000,6030.0000,1,1,1,1,1,1,2,1,1,1
SF,IC2103,2020-10-20 09:33:37.200,6022.4000,44203,0,343859280.000,0,-,-,-,-,6021.0000,6018.0000,6016.8000,6014.6000,6014.2000,6024.4000,6024.6000,6024.8000,6026.0000,6029.8000,1,1,1,1,3,1,4,1,1,1
SF,IC2103,2020-10-20 09:33:37.700,6021.0000,44202,-1,345063480.000,1,0,1,双平,S,6016.8000,6014.6000,6014.2000,6014.0000,6012.0000,6023.8000,6024.2000,6024.4000,6024.6000,6024.8000,1,1,3,1,1,1,3,3,3,1
SF,IC2103,2020-10-20 09:33:38.200,6021.0000,44202,0,345063480.000,0,-,-,-,-,6020.0000,6017.4000,6017.0000,6014.2000,6014.0000,6023.6000,6023.8000,6024.2000,6024.6000,6024.8000,1,1,1,3,1,2,2,1,3,1
SF,IC2103,2020-10-20 09:33:38.700,6020.0000,44201,-1,346267480.000,1,0,1,双平,S,6017.0000,6014.2000,6014.0000,6012.0000,6011.0000,6021.6000,6023.0000,6023.2000,6023.4000,6023.6000,1,3,1,1,2,2,3,1,3,4
SF,IC2103,2020-10-20 09:33:39.200,6020.0000,44201,0,346267480.000,0,-,-,-,-,6017.4000,6017.0000,6014.2000,6014.0000,6012.0000,6021.4000,6023.0000,6023.4000,6023.6000,6023.8000,1,1,3,1,1,3,2,2,2,1
SF,IC2103,2020-10-20 09:33:39.700,6020.0000,44201,0,346267480.000,0,-,-,-,-,6017.6000,6017.4000,6014.2000,6014.0000,6012.0000,6021.4000,6023.0000,6023.4000,6023.8000,6024.2000,1,1,3,1,1,2,2,2,1,1
SF,IC2103,2020-10-20 09:33:40.200,6020.0000,44201,0,346267480.000,0,-,-,-,-,6017.6000,6017.4000,6014.2000,6014.0000,6012.0000,6021.4000,6023.0000,6023.4000,6023.8000,6024.2000,2,1,3,1,1,1,1,2,1,1
SF,IC2103,2020-10-20 09:33:40.700,6020.0000,44201,0,346267480.000,0,-,-,-,-,6017.6000,6017.4000,6014.2000,6014.0000,6012.0000,6021.2000,6021.4000,6023.0000,6023.4000,6023.8000,1,1,3,1,1,1,1,1,2,1
SF,IC2103,2020-10-20 09:33:41.200,6020.0000,44201,0,346267480.000,0,-,-,-,-,6017.6000,6017.4000,6014.2000,6014.0000,6012.0000,6021.0000,6021.2000,6023.0000,6023.4000,6023.8000,1,1,3,1,1,1,2,1,1,1
SF,IC2103,2020-10-20 09:33:41.700,6020.0000,44201,0,346267480.000,0,-,-,-,-,6017.6000,6017.4000,6014.2000,6014.0000,6012.0000,6020.8000,6021.0000,6023.0000,6023.4000,6023.8000,1,1,3,1,1,1,2,1,1,1
SF,IC2103,2020-10-20 09:33:42.200,6020.0000,44201,0,346267480.000,0,-,-,-,-,6017.6000,6017.4000,6014.2000,6014.0000,6012.0000,6020.6000,6020.8000,6023.0000,6023.4000,6023.8000,1,1,3,1,1,1,2,1,1,1
SF,IC2103,2020-10-20 09:33:42.700,6020.0000,44201,0,346267480.000,0,-,-,-,-,6017.6000,6017.4000,6014.2000,6014.0000,6012.0000,6020.4000,6020.6000,6023.0000,6023.4000,6023.8000,1,1,3,1,1,1,2,2,1,1
SF,IC2103,2020-10-20 09:33:43.200,6020.0000,44201,0,346267480.000,0,-,-,-,-,6017.6000,6017.4000,6014.2000,6014.0000,6012.0000,6020.2000,6020.4000,6023.0000,6023.4000,6023.8000,1,1,3,1,1,1,2,2,1,1
SF,IC2103,2020-10-20 09:33:43.700,6020.0000,44201,0,346267480.000,0,-,-,-,-,6017.6000,6014.2000,6014.0000,6012.0000,6011.0000,6020.2000,6020.4000,6023.0000,6023.4000,6023.8000,1,3,1,1,2,2,1,2,1,1
SF,IC2103,2020-10-20 09:33:44.200,6020.0000,44201,0,346267480.000,0,-,-,-,-,6017.6000,6014.2000,6014.0000,6012.0000,6011.0000,6020.0000,6020.2000,6023.0000,6023.4000,6023.8000,1,3,1,1,2,1,2,2,1,1
SF,IC2103,2020-10-20 09:33:44.700,6020.0000,44201,0,346267480.000,0,-,-,-,-,6017.8000,6017.6000,6014.2000,6014.0000,6012.0000,6020.0000,6020.2000,6023.0000,6023.4000,6023.8000,1,1,3,1,1,2,1,2,1,1
SF,IC2103,2020-10-20 09:33:45.200,6020.0000,44201,0,346267480.000,0,-,-,-,-,6018.0000,6017.8000,6014.2000,6014.0000,6012.0000,6020.0000,6020.2000,6023.0000,6023.4000,6023.8000,1,1,3,1,1,2,1,2,1,1
SF,IC2103,2020-10-20 09:33:45.700,6017.8000,44200,-1,347471040.000,1,0,1,双平,S,6014.2000,6014.0000,6012.0000,6011.0000,6010.0000,6020.0000,6020.2000,6023.0000,6023.4000,6023.8000,3,1,1,2,1,2,1,2,1,1
SF,IC2103,2020-10-20 09:33:46.200,6017.8000,44200,0,347471040.000,0,-,-,-,-,6014.8000,6014.6000,6014.4000,6014.2000,6014.0000,6019.8000,6020.0000,6023.0000,6023.4000,6023.8000,1,1,5,3,1,1,2,2,1,1
SF,IC2103,2020-10-20 09:33:46.700,6017.8000,44200,0,347471040.000,0,-,-,-,-,6015.0000,6014.8000,6014.6000,6014.4000,6014.2000,6019.6000,6019.8000,6023.0000,6023.4000,6023.8000,4,1,1,3,3,1,2,2,1,1
SF,IC2103,2020-10-20 09:33:47.200,6017.8000,44200,0,347471040.000,0,-,-,-,-,6015.0000,6014.6000,6014.4000,6014.2000,6014.0000,6019.4000,6019.6000,6023.0000,6023.4000,6023.8000,2,1,1,3,1,1,2,2,1,1
SF,IC2103,2020-10-20 09:33:47.700,6017.8000,44200,0,347471040.000,0,-,-,-,-,6017.0000,6015.2000,6015.0000,6014.6000,6014.2000,6019.2000,6019.4000,6020.0000,6023.0000,6023.4000,1,2,2,1,3,1,2,1,2,1
SF,IC2103,2020-10-20 09:33:48.200,6017.0000,44199,-1,348674440.000,1,0,1,双平,S,6014.2000,6014.0000,6012.0000,6011.0000,6010.0000,6019.2000,6019.4000,6020.0000,6023.0000,6023.4000,3,1,1,2,1,3,1,1,2,1
SF,IC2103,2020-10-20 09:33:48.700,6017.0000,44199,0,348674440.000,0,-,-,-,-,6014.4000,6014.2000,6014.0000,6012.0000,6011.0000,6019.0000,6019.2000,6020.0000,6023.0000,6023.4000,1,3,1,1,2,2,1,1,2,1
SF,IC2103,2020-10-20 09:33:49.200,6017.0000,44199,0,348674440.000,0,-,-,-,-,6014.4000,6014.2000,6014.0000,6012.0000,6011.0000,6018.6000,6018.8000,6019.0000,6020.0000,6023.0000,1,3,1,1,2,1,1,3,1,2
SF,IC2103,2020-10-20 09:33:49.700,6017.0000,44199,0,348674440.000,0,-,-,-,-,6014.6000,6014.4000,6014.2000,6014.0000,6012.0000,6018.4000,6018.6000,6019.0000,6020.0000,6023.0000,2,1,3,1,1,2,1,1,1,2
SF,IC2103,2020-10-20 09:33:50.200,6018.4000,44197,-2,351081800.000,2,0,2,双平,S,6015.0000,6014.8000,6014.2000,6014.0000,6012.0000,6018.0000,6018.6000,6019.0000,6020.0000,6023.0000,1,3,3,1,1,1,1,1,1,1
SF,IC2103,2020-10-20 09:33:50.700,6018.0000,44196,-1,352285400.000,1,0,1,双平,S,6015.2000,6015.0000,6014.2000,6014.0000,6012.0000,6019.0000,6020.0000,6023.0000,6023.8000,6024.2000,5,1,3,1,1,1,1,1,1,1
SF,IC2103,2020-10-20 09:33:51.200,6018.0000,44196,0,352285400.000,0,-,-,-,-,6015.2000,6015.0000,6014.2000,6014.0000,6012.0000,6018.8000,6019.0000,6020.0000,6023.0000,6023.8000,2,1,3,1,1,1,1,1,1,1
SF,IC2103,2020-10-20 09:33:51.700,6018.0000,44196,0,352285400.000,0,-,-,-,-,6015.4000,6015.2000,6015.0000,6014.2000,6014.0000,6018.6000,6018.8000,6020.0000,6023.0000,6023.8000,1,2,1,3,1,2,2,1,1,1
SF,IC2103,2020-10-20 09:33:52.200,6018.0000,44196,0,352285400.000,0,-,-,-,-,6015.6000,6015.0000,6014.2000,6014.0000,6012.0000,6018.4000,6018.6000,6018.8000,6020.0000,6023.0000,2,1,3,1,1,1,2,1,1,1
SF,IC2103,2020-10-20 09:33:52.700,6018.0000,44196,0,352285400.000,0,-,-,-,-,6015.8000,6015.6000,6014.2000,6014.0000,6012.0000,6018.4000,6018.6000,6020.0000,6023.0000,6023.8000,1,2,3,1,1,1,2,1,1,1
SF,IC2103,2020-10-20 09:33:53.200,6016.0000,44195,-1,353488600.000,1,0,1,双平,S,6014.2000,6014.0000,6012.0000,6011.0000,6010.0000,6018.2000,6018.4000,6018.6000,6020.0000,6023.0000,3,1,1,2,1,1,1,2,1,1
SF,IC2103,2020-10-20 09:33:53.700,6016.0000,44195,0,353488600.000,0,-,-,-,-,6014.4000,6014.2000,6014.0000,6012.0000,6011.0000,6018.0000,6018.2000,6018.6000,6020.0000,6023.0000,2,3,1,1,2,2,2,1,1,1
SF,IC2103,2020-10-20 09:33:54.200,6016.0000,44195,0,353488600.000,0,-,-,-,-,6014.4000,6014.2000,6014.0000,6012.0000,6011.0000,6017.8000,6018.0000,6018.6000,6020.0000,6023.0000,1,3,1,1,2,1,2,1,1,1
SF,IC2103,2020-10-20 09:33:54.700,6018.0000,44193,-2,355895760.000,2,0,2,双平,S,6014.6000,6014.4000,6014.2000,6014.0000,6012.0000,6018.6000,6020.0000,6023.0000,6023.8000,6024.2000,4,2,3,1,1,1,1,1,1,1
SF,IC2103,2020-10-20 09:33:55.200,6018.0000,44193,0,355895760.000,0,-,-,-,-,6015.0000,6014.8000,6014.6000,6014.2000,6014.0000,6018.6000,6020.0000,6023.0000,6023.8000,6024.2000,1,3,1,3,1,1,1,1,1,1
SF,IC2103,2020-10-20 09:33:55.700,6018.0000,44193,0,355895760.000,0,-,-,-,-,6015.2000,6015.0000,6014.8000,6014.2000,6014.0000,6018.4000,6018.6000,6020.0000,6023.0000,6023.8000,3,2,1,3,1,1,1,1,1,1
SF,IC2103,2020-10-20 09:33:56.200,6018.4000,44192,-1,357099440.000,1,0,1,双平,S,6015.4000,6015.2000,6015.0000,6014.2000,6014.0000,6018.6000,6020.0000,6023.0000,6023.8000,6024.2000,1,2,1,3,2,1,1,1,1,1
SF,IC2103,2020-10-20 09:33:56.700,6018.6000,44192,0,358303160.000,1,0,1,多换,S,6015.8000,6015.6000,6015.4000,6015.0000,6014.2000,6020.0000,6023.0000,6023.8000,6024.2000,6026.0000,2,2,1,1,3,1,1,1,1,1
SF,IC2103,2020-10-20 09:33:57.200,6018.6000,44192,0,358303160.000,0,-,-,-,-,6016.2000,6016.0000,6015.8000,6015.0000,6014.2000,6020.0000,6023.0000,6023.8000,6024.2000,6026.0000,1,3,2,1,3,1,1,1,1,1
SF,IC2103,2020-10-20 09:33:57.700,6018.6000,44192,0,358303160.000,0,-,-,-,-,6016.6000,6016.4000,6016.2000,6015.8000,6014.2000,6020.0000,6023.8000,6024.2000,6026.0000,6028.0000,1,2,2,1,3,1,1,1,1,2
SF,IC2103,2020-10-20 09:33:58.200,6018.6000,44192,0,358303160.000,0,-,-,-,-,6017.2000,6016.8000,6016.6000,6016.2000,6015.8000,6020.0000,6023.8000,6024.2000,6026.0000,6028.0000,1,5,2,1,1,1,1,1,1,2
SF,IC2103,2020-10-20 09:33:58.700,6018.6000,44192,0,358303160.000,0,-,-,-,-,6018.6000,6017.4000,6017.2000,6016.6000,6016.2000,6019.8000,6020.0000,6023.8000,6024.2000,6026.0000,1,3,2,1,1,1,1,1,1,1
SF,IC2103,2020-10-20 09:33:59.200,6018.6000,44192,0,358303160.000,0,-,-,-,-,6018.6000,6017.4000,6017.2000,6016.6000,6016.2000,6019.8000,6020.0000,6023.8000,6024.2000,6026.0000,2,2,1,1,1,1,1,1,1,1
SF,IC2103,2020-10-20 09:33:59.700,6018.6000,44192,0,358303160.000,0,-,-,-,-,6018.8000,6018.6000,6017.4000,6017.2000,6016.6000,6019.8000,6020.0000,6023.8000,6024.2000,6026.0000,2,2,2,1,1,1,1,1,1,1
SF,IC2103,2020-10-20 09:34:00.200,6018.6000,44191,-1,359506880.000,1,0,1,双平,S,6018.8000,6018.6000,6017.4000,6017.2000,6016.6000,6020.0000,6023.8000,6024.2000,6026.0000,6028.0000,1,2,2,1,1,1,1,1,1,2
SF,IC2103,2020-10-20 09:34:00.700,6020.0000,44191,0,360710880.000,1,0,1,多换,S,6018.8000,6018.6000,6017.4000,6017.2000,6016.6000,6023.6000,6023.8000,6024.2000,6026.0000,6028.0000,2,1,2,1,1,1,1,1,1,2
SF,IC2103,2020-10-20 09:34:01.200,6020.0000,44191,0,360710880.000,0,-,-,-,-,6019.0000,6018.8000,6018.6000,6017.2000,6016.6000,6023.0000,6023.4000,6023.6000,6023.8000,6024.2000,2,2,1,1,1,1,1,3,1,1
SF,IC2103,2020-10-20 09:34:01.700,6020.0000,44191,0,360710880.000,0,-,-,-,-,6019.2000,6019.0000,6018.8000,6018.6000,6017.2000,6022.8000,6023.0000,6023.6000,6023.8000,6024.2000,1,2,1,1,1,1,1,3,1,1
SF,IC2103,2020-10-20 09:34:02.200,6020.0000,44191,0,360710880.000,0,-,-,-,-,6019.4000,6019.2000,6018.8000,6018.6000,6017.2000,6022.6000,6022.8000,6023.0000,6023.6000,6023.8000,2,1,1,1,1,1,1,1,1,1
SF,IC2103,2020-10-20 09:34:02.700,6020.0000,44191,0,360710880.000,0,-,-,-,-,6019.6000,6019.4000,6018.8000,6018.6000,6017.2000,6022.4000,6022.6000,6023.0000,6023.8000,6024.2000,1,2,1,1,1,1,1,1,1,1
SF,IC2103,2020-10-20 09:34:03.200,6020.0000,44191,0,360710880.000,0,-,-,-,-,6019.8000,6019.6000,6019.4000,6018.8000,6018.6000,6022.4000,6022.6000,6023.0000,6023.8000,6024.2000,1,1,1,1,1,1,1,1,1,1
SF,IC2103,2020-10-20 09:34:03.700,6020.0000,44191,0,360710880.000,0,-,-,-,-,6020.0000,6019.8000,6018.8000,6018.6000,6017.2000,6022.4000,6022.6000,6023.0000,6023.8000,6024.2000,1,2,1,1,1,1,1,1,1,1
SF,IC2103,2020-10-20 09:34:04.200,6020.0000,44191,0,360710880.000,0,-,-,-,-,6020.0000,6019.8000,6018.6000,6017.2000,6016.6000,6022.4000,6022.6000,6023.0000,6023.8000,6024.2000,2,1,1,1,1,1,1,1,1,1
SF,IC2103,2020-10-20 09:34:04.700,6020.0000,44191,0,360710880.000,0,-,-,-,-,6020.2000,6020.0000,6019.8000,6018.6000,6017.2000,6022.4000,6022.6000,6023.8000,6024.2000,6024.6000,1,2,1,1,1,1,1,1,1,2
SF,IC2103,2020-10-20 09:34:05.200,6020.0000,44191,0,360710880.000,0,-,-,-,-,6020.4000,6020.2000,6019.8000,6018.6000,6017.2000,6022.4000,6022.6000,6023.8000,6024.2000,6024.6000,1,1,1,1,1,1,1,1,1,2
SF,IC2103,2020-10-20 09:34:05.700,6020.0000,44191,0,360710880.000,0,-,-,-,-,6019.8000,6018.6000,6017.2000,6016.6000,6016.2000,6022.4000,6023.8000,6024.2000,6024.6000,6026.0000,1,1,1,1,1,1,1,1,2,1
SF,IC2103,2020-10-20 09:34:06.200,6020.0000,44191,0,360710880.000,0,-,-,-,-,6019.8000,6018.6000,6017.2000,6016.6000,6016.2000,6021.2000,6022.4000,6023.8000,6024.2000,6024.6000,1,1,1,1,1,2,2,1,1,2
SF,IC2103,2020-10-20 09:34:06.700,6020.0000,44191,0,360710880.000,0,-,-,-,-,6018.6000,6017.2000,6016.6000,6014.2000,6014.0000,6021.0000,6023.8000,6024.2000,6024.6000,6025.0000,1,1,1,3,2,2,1,1,2,1
SF,IC2103,2020-10-20 09:34:07.200,6020.0000,44191,0,360710880.000,0,-,-,-,-,6018.8000,6018.6000,6017.2000,6016.6000,6014.2000,6021.0000,6023.8000,6024.2000,6024.6000,6025.0000,1,1,1,1,3,2,1,1,2,1
SF,IC2103,2020-10-20 09:34:07.700,6021.0000,44190,-1,361915080.000,1,0,1,双平,S,6018.8000,6018.6000,6017.2000,6016.6000,6014.2000,6023.8000,6024.2000,6024.6000,6025.0000,6026.0000,1,1,1,1,3,1,1,2,1,1
SF,IC2103,2020-10-20 09:34:08.200,6021.0000,44190,0,361915080.000,0,-,-,-,-,6019.0000,6018.8000,6018.6000,6017.2000,6016.6000,6022.8000,6023.0000,6023.4000,6023.6000,6023.8000,1,1,1,1,1,1,2,1,3,1
SF,IC2103,2020-10-20 09:34:08.700,6021.0000,44190,0,361915080.000,0,-,-,-,-,6019.2000,6019.0000,6018.6000,6017.2000,6016.6000,6022.6000,6023.4000,6023.6000,6023.8000,6024.2000,1,1,1,1,1,1,1,2,1,1
SF,IC2103,2020-10-20 09:34:09.200,6021.0000,44190,0,361915080.000,0,-,-,-,-,6019.4000,6019.2000,6018.6000,6017.2000,6016.6000,6022.2000,6022.6000,6023.4000,6023.6000,6023.8000,1,1,1,1,1,1,1,1,2,1
SF,IC2103,2020-10-20 09:34:09.700,6021.0000,44190,0,361915080.000,0,-,-,-,-,6020.0000,6019.4000,6018.6000,6016.6000,6014.2000,6022.0000,6023.4000,6023.6000,6023.8000,6024.2000,1,1,1,1,3,2,1,2,1,1
SF,IC2103,2020-10-20 09:34:10.200,6020.0000,44189,-1,363119080.000,1,0,1,双平,S,6019.4000,6018.6000,6016.4000,6014.2000,6014.0000,6021.0000,6021.4000,6022.0000,6023.4000,6023.6000,1,1,1,3,2,2,1,1,1,2
SF,IC2103,2020-10-20 09:34:10.700,6020.0000,44189,0,363119080.000,0,-,-,-,-,6019.6000,6018.6000,6016.4000,6014.2000,6014.0000,6021.4000,6022.0000,6023.4000,6023.6000,6023.8000,1,1,1,3,2,1,1,1,2,1
SF,IC2103,2020-10-20 09:34:11.200,6021.4000,44188,-1,364323360.000,1,0,1,双平,S,6019.6000,6018.6000,6016.4000,6014.2000,6014.0000,6023.4000,6023.6000,6023.8000,6024.2000,6024.6000,2,1,1,3,2,1,2,1,1,2
SF,IC2103,2020-10-20 09:34:11.700,6021.4000,44188,0,364323360.000,0,-,-,-,-,6019.8000,6019.6000,6018.6000,6016.4000,6014.2000,6023.2000,6023.4000,6023.8000,6024.2000,6024.6000,1,2,1,1,3,1,1,1,1,2
SF,IC2103,2020-10-20 09:34:12.200,6023.2000,44187,-1,365528000.000,1,0,1,双平,S,6020.0000,6019.8000,6018.6000,6016.4000,6014.2000,6023.8000,6024.6000,6025.0000,6026.0000,6029.8000,2,2,1,1,3,1,2,1,1,1
SF,IC2103,2020-10-20 09:34:12.700,6023.2000,44187,0,365528000.000,0,-,-,-,-,6020.2000,6020.0000,6016.4000,6014.2000,6014.0000,6024.6000,6025.0000,6026.0000,6029.8000,6033.0000,2,2,1,3,2,2,1,1,1,2
SF,IC2103,2020-10-20 09:34:13.200,6023.2000,44187,0,365528000.000,0,-,-,-,-,6020.4000,6020.2000,6016.4000,6014.2000,6014.0000,6022.0000,6024.4000,6024.6000,6025.0000,6026.0000,1,2,1,3,2,1,1,2,1,1
SF,IC2103,2020-10-20 09:34:13.700,6022.0000,44187,0,366732400.000,1,0,1,多换,S,6022.0000,6021.6000,6020.6000,6020.4000,6016.4000,6024.6000,6026.0000,6029.8000,6033.0000,6035.0000,1,1,1,2,1,2,1,1,2,6
SF,IC2103,2020-10-20 09:34:14.200,6022.0000,44187,0,366732400.000,0,-,-,-,-,6022.2000,6022.0000,6021.6000,6016.4000,6014.2000,6024.4000,6024.6000,6026.0000,6029.8000,6033.0000,2,1,1,1,3,1,2,1,1,2
SF,IC2103,2020-10-20 09:34:14.700,6022.0000,44187,0,367936800.000,1,0,1,多换,S,6022.2000,6021.6000,6016.4000,6014.2000,6014.0000,6024.4000,6024.6000,6026.0000,6029.8000,6033.0000,2,1,1,3,2,1,2,1,1,2
SF,IC2103,2020-10-20 09:34:15.200,6022.0000,44187,0,367936800.000,0,-,-,-,-,6022.4000,6022.2000,6021.6000,6016.4000,6014.2000,6024.4000,6024.6000,6026.0000,6029.8000,6033.0000,1,2,1,1,3,1,2,1,1,2
SF,IC2103,2020-10-20 09:34:15.700,6022.0000,44187,0,367936800.000,0,-,-,-,-,6022.6000,6022.4000,6022.2000,6021.6000,6016.4000,6024.6000,6026.0000,6029.8000,6033.0000,6035.0000,1,1,1,1,1,2,1,1,2,6
SF,IC2103,2020-10-20 09:34:16.200,6022.0000,44187,0,367936800.000,0,-,-,-,-,6022.6000,6022.2000,6021.6000,6016.4000,6014.2000,6024.6000,6026.0000,6029.8000,6033.0000,6035.0000,2,1,1,1,3,2,1,1,2,6
SF,IC2103,2020-10-20 09:34:16.700,6024.6000,44185,-2,370346640.000,2,0,2,双平,S,6022.6000,6022.2000,6016.4000,6014.2000,6014.0000,6026.0000,6029.8000,6033.0000,6035.0000,6035.8000,2,1,1,3,2,1,1,2,6,3
SF,IC2103,2020-10-20 09:34:17.200,6024.6000,44185,0,370346640.000,0,-,-,-,-,6023.2000,6022.8000,6022.6000,6016.4000,6014.2000,6026.0000,6029.8000,6033.0000,6035.0000,6035.8000,1,1,2,1,3,1,1,2,6,3
SF,IC2103,2020-10-20 09:34:17.700,6024.6000,44185,0,370346640.000,0,-,-,-,-,6023.4000,6023.2000,6016.4000,6014.2000,6014.0000,6026.0000,6029.8000,6033.0000,6035.0000,6035.8000,2,2,1,3,2,1,1,2,6,3
SF,IC2103,2020-10-20 09:34:18.200,6026.0000,44184,-1,371551840.000,1,0,1,双平,S,6023.6000,6023.4000,6016.4000,6014.2000,6014.0000,6029.8000,6033.0000,6035.0000,6035.8000,6041.0000,1,2,1,3,2,1,2,6,3,1
