市场代码,合约代码,时间,最新,持仓,增仓,成交额,成交量,开仓,平仓,成交类型,方向,买一价,买二价,买三价,买四价,买五价,卖一价,卖二价,卖三价,卖四价,卖五价,买一量,买二量,买三量,买四量,买五量,卖一量,卖二量,卖三量,卖四量,卖五量
SF,IC2103,2020-10-09 09:29:00.000,5930.0000,40673,0,47440000.000,40.000,-,-,-,-,5930.0000,5929.0000,5927.8000,5927.6000,5920.0000,5936.4000,5936.6000,5940.0000,5940.8000,5944.0000,3,2,1,1,3,2,3,2,1,1
SF,IC2103,2020-10-09 09:30:00.500,5950.0000,40659,-14,75978000.000,24,5,19,多平,S,5950.0000,5948.6000,5948.0000,5947.2000,5946.0000,5954.4000,5955.0000,5959.0000,5960.0000,5962.0000,1,1,1,1,1,1,1,1,3,1
SF,IC2103,2020-10-09 09:30:01.000,5954.4000,40652,-7,86691400.000,9,1,8,多平,S,5954.4000,5950.2000,5948.0000,5947.2000,5946.0000,5955.0000,5959.0000,5960.0000,5960.6000,5962.0000,4,1,1,1,1,1,1,3,1,1
SF,IC2103,2020-10-09 09:30:01.500,5954.4000,40648,-4,92646040.000,5,0,5,多平,S,5954.4000,5950.2000,5948.0000,5947.2000,5946.0000,5959.0000,5960.0000,5960.6000,5962.0000,5965.4000,1,1,1,1,1,1,3,1,1,1
SF,IC2103,2020-10-09 09:30:02.000,5950.2000,40636,-12,106939200.000,12,0,12,双平,S,5955.0000,5948.0000,5946.0000,5944.8000,5944.6000,5958.8000,5959.0000,5960.0000,5960.6000,5962.0000,1,1,1,1,1,1,1,4,1,1
SF,IC2103,2020-10-09 09:30:02.500,5955.0000,40635,-1,109321200.000,2,0,2,多平,S,5955.0000,5951.2000,5944.6000,5943.0000,5942.2000,5958.2000,5958.6000,5958.8000,5959.0000,5960.0000,1,1,1,1,1,1,1,1,1,4
SF,IC2103,2020-10-09 09:30:03.000,5955.0000,40632,-3,114085200.000,4,0,4,多平,S,5951.2000,5944.6000,5943.0000,5942.2000,5940.8000,5957.2000,5958.0000,5958.2000,5959.0000,5960.0000,1,1,1,1,1,1,1,1,1,4
SF,IC2103,2020-10-09 09:30:03.500,5954.8000,40631,-1,116467120.000,2,0,2,多平,S,5954.8000,5954.4000,5951.8000,5951.2000,5950.8000,5957.0000,5957.2000,5959.0000,5960.0000,5960.6000,2,1,1,1,1,1,1,1,4,1
SF,IC2103,2020-10-09 09:30:04.000,5954.4000,40631,0,123613640.000,6,3,3,多换,S,5953.2000,5951.8000,5944.6000,5943.0000,5942.2000,5955.0000,5957.0000,5957.2000,5959.0000,5960.0000,1,1,1,1,1,2,1,1,1,4
SF,IC2103,2020-10-09 09:30:04.500,5953.2000,40629,-2,128376200.000,4,1,3,多平,S,5952.2000,5944.6000,5943.0000,5942.2000,5940.8000,5954.8000,5955.0000,5957.2000,5959.0000,5960.0000,1,1,1,1,1,2,3,1,1,4
SF,IC2103,2020-10-09 09:30:05.000,5952.2000,40626,-3,134329280.000,5,1,4,多平,S,5944.6000,5943.0000,5942.2000,5940.8000,5940.2000,5951.0000,5954.6000,5955.0000,5957.2000,5959.0000,1,1,1,1,1,1,2,3,1,1
SF,IC2103,2020-10-09 09:30:05.500,5951.0000,40625,-1,145041400.000,9,4,5,多平,S,5948.2000,5944.8000,5944.6000,5943.0000,5942.2000,5954.8000,5955.0000,5957.2000,5959.0000,5960.0000,1,3,1,1,1,1,5,1,1,4
SF,IC2103,2020-10-09 09:30:06.000,5948.4000,40624,-1,146231080.000,1,0,1,双平,S,5948.4000,5948.2000,5944.6000,5943.0000,5940.8000,5951.0000,5954.8000,5955.0000,5959.0000,5960.0000,1,2,1,1,1,1,1,5,1,4
SF,IC2103,2020-10-09 09:30:06.500,5955.0000,40620,-4,152183160.000,5,0,5,多平,S,5951.6000,5951.0000,5949.0000,5948.6000,5948.4000,5955.0000,5955.2000,5959.0000,5960.0000,5960.6000,1,1,1,2,3,4,2,1,4,1
SF,IC2103,2020-10-09 09:30:07.000,5951.8000,40614,-6,170050520.000,15,4,11,多平,S,5951.6000,5951.0000,5944.6000,5943.0000,5942.6000,5952.0000,5954.8000,5960.6000,5962.0000,5965.4000,2,1,1,1,1,2,1,1,1,1
SF,IC2103,2020-10-09 09:30:07.500,5952.0000,40612,-2,172431320.000,2,0,2,双平,S,5954.4000,5953.2000,5953.0000,5952.0000,5951.8000,5954.8000,5960.6000,5962.0000,5965.4000,5966.0000,1,2,2,1,1,2,1,1,1,2
SF,IC2103,2020-10-09 09:30:08.000,5952.0000,40597,-15,191484440.000,16,0,16,多平,S,5952.0000,5951.8000,5951.0000,5944.6000,5943.0000,5960.6000,5962.0000,5965.4000,5966.0000,5966.2000,1,2,1,1,1,1,1,1,2,2
SF,IC2103,2020-10-09 09:30:08.500,5952.0000,40596,-1,192674840.000,1,0,1,双平,S,5952.0000,5951.8000,5951.0000,5944.6000,5943.0000,5954.4000,5960.0000,5960.2000,5960.4000,5960.6000,1,2,1,1,1,1,3,1,1,3
SF,IC2103,2020-10-09 09:30:09.000,5951.0000,40590,-6,202200040.000,8,1,7,多平,S,5944.6000,5943.0000,5942.6000,5940.8000,5940.2000,5951.6000,5960.0000,5960.2000,5960.4000,5960.6000,1,1,1,1,1,1,2,1,1,1
SF,IC2103,2020-10-09 09:30:09.500,5952.0000,40587,-3,205771040.000,3,0,3,双平,S,5954.8000,5952.0000,5944.8000,5944.6000,5943.0000,5960.0000,5960.2000,5960.6000,5962.0000,5965.4000,1,1,2,3,1,2,1,1,1,1
SF,IC2103,2020-10-09 09:30:10.000,5954.8000,40586,-1,208152960.000,2,0,2,多平,S,5954.8000,5952.0000,5944.6000,5943.0000,5940.8000,5959.4000,5959.8000,5960.0000,5960.6000,5962.0000,1,1,1,1,1,1,2,1,1,1
SF,IC2103,2020-10-09 09:30:10.500,5954.4000,40585,-1,210534800.000,2,0,2,多平,S,5952.0000,5944.6000,5943.0000,5940.8000,5940.2000,5954.8000,5955.0000,5958.8000,5959.0000,5959.2000,1,1,1,1,1,1,1,3,1,1
SF,IC2103,2020-10-09 09:30:11.000,5955.0000,40582,-3,215298080.000,4,0,4,多平,S,5952.2000,5940.2000,5940.0000,5939.4000,5939.2000,5958.8000,5959.8000,5960.6000,5962.0000,5965.4000,1,1,2,1,4,3,1,1,1,1
SF,IC2103,2020-10-09 09:30:11.500,5952.2000,40581,-1,218869400.000,3,1,2,多平,S,5940.2000,5940.0000,5939.4000,5939.2000,5938.0000,5952.2000,5954.8000,5958.2000,5958.6000,5958.8000,1,2,1,4,1,1,3,1,3,2
SF,IC2103,2020-10-09 09:30:12.000,5952.2000,40579,-2,221250280.000,2,0,2,双平,S,5947.8000,5941.4000,5940.6000,5940.4000,5940.2000,5952.0000,5954.8000,5957.6000,5958.2000,5958.8000,1,2,1,3,1,2,4,1,1,2
SF,IC2103,2020-10-09 09:30:12.500,5948.0000,40577,-2,223630320.000,2,0,2,双平,S,5948.0000,5940.2000,5940.0000,5939.4000,5939.2000,5951.8000,5952.0000,5954.8000,5957.6000,5958.2000,1,1,2,1,4,1,1,4,1,1
SF,IC2103,2020-10-09 09:30:13.000,5951.8000,40576,-1,224820680.000,1,0,1,双平,S,5949.0000,5948.2000,5948.0000,5940.2000,5940.0000,5952.0000,5954.8000,5957.6000,5958.2000,5958.8000,6,1,1,1,2,1,4,1,1,2
SF,IC2103,2020-10-09 09:30:13.500,5952.0000,40575,-1,226011080.000,1,0,1,双平,S,5949.2000,5949.0000,5948.0000,5942.2000,5940.2000,5954.8000,5955.0000,5957.6000,5958.2000,5958.8000,1,6,1,1,1,4,3,1,1,2
SF,IC2103,2020-10-09 09:30:14.000,5954.8000,40575,0,228392440.000,2,1,1,多换,S,5951.8000,5949.8000,5949.4000,5949.2000,5949.0000,5954.8000,5955.0000,5957.6000,5958.2000,5958.8000,1,1,1,3,6,3,3,1,1,2
SF,IC2103,2020-10-09 09:30:14.500,5954.6000,40574,-1,231964120.000,3,1,2,多平,S,5949.8000,5949.2000,5942.2000,5940.2000,5940.0000,5954.6000,5954.8000,5955.0000,5957.6000,5958.2000,1,2,1,1,2,2,3,3,1,1
SF,IC2103,2020-10-09 09:30:15.000,5949.8000,40572,-2,236724960.000,4,1,3,多平,S,5952.0000,5949.2000,5944.8000,5942.2000,5940.2000,5954.4000,5954.8000,5955.0000,5957.6000,5958.8000,3,2,1,1,1,2,4,3,1,2
SF,IC2103,2020-10-09 09:30:15.500,5952.0000,40569,-3,240296160.000,3,0,3,双平,S,5949.2000,5944.8000,5942.2000,5940.2000,5940.0000,5954.2000,5954.4000,5954.8000,5955.0000,5957.6000,2,1,1,1,2,2,2,4,3,1
SF,IC2103,2020-10-09 09:30:16.000,5953.6000,40568,-1,243866560.000,3,1,2,多平,S,5949.8000,5944.8000,5942.2000,5940.2000,5940.0000,5953.6000,5953.8000,5954.0000,5954.2000,5954.8000,1,1,1,1,2,1,1,3,2,6
SF,IC2103,2020-10-09 09:30:16.500,5949.8000,40567,-1,245056520.000,1,0,1,双平,S,5944.8000,5942.2000,5940.2000,5940.0000,5937.0000,5950.0000,5952.0000,5953.0000,5953.4000,5953.6000,1,1,1,2,1,1,3,2,1,4
SF,IC2103,2020-10-09 09:30:17.000,5949.8000,40567,0,246246480.000,1,0,1,多换,S,5945.0000,5944.8000,5942.2000,5940.2000,5937.0000,5950.0000,5952.0000,5953.0000,5953.6000,5954.0000,1,1,1,1,1,2,3,2,1,2
SF,IC2103,2020-10-09 09:30:17.500,5950.0000,40566,-1,248626480.000,2,0,2,多平,S,5947.2000,5945.0000,5944.8000,5942.2000,5940.2000,5952.0000,5952.8000,5953.0000,5953.6000,5954.8000,6,1,1,1,1,3,1,1,1,6
SF,IC2103,2020-10-09 09:30:18.000,5951.8000,40566,0,249816840.000,1,0,1,多换,S,5947.4000,5944.8000,5942.2000,5940.2000,5937.0000,5951.6000,5951.8000,5952.0000,5952.8000,5953.0000,1,1,1,1,1,1,1,3,1,1
SF,IC2103,2020-10-09 09:30:18.500,5947.4000,40565,-1,251006320.000,1,0,1,双平,S,5948.6000,5944.8000,5942.2000,5941.0000,5940.2000,5950.2000,5951.0000,5951.4000,5951.6000,5952.0000,6,1,1,1,1,1,2,1,3,3
SF,IC2103,2020-10-09 09:30:19.000,5948.6000,40565,0,258144640.000,6,3,3,多换,S,5944.8000,5942.2000,5941.0000,5940.2000,5937.0000,5950.2000,5950.6000,5951.0000,5951.4000,5951.6000,1,1,1,1,1,3,1,2,1,1
SF,IC2103,2020-10-09 09:30:19.500,5945.0000,40565,0,259333640.000,1,0,1,多换,S,5944.8000,5942.2000,5941.0000,5940.2000,5937.0000,5945.0000,5950.0000,5950.2000,5950.6000,5951.0000,1,1,1,1,1,4,1,1,11,2
SF,IC2103,2020-10-09 09:30:20.000,5936.4000,40554,-11,281918880.000,19,4,15,多平,S,5930.0000,5929.0000,5927.8000,5920.0000,5919.6000,5947.4000,5950.0000,5950.2000,5950.6000,5951.0000,8,2,1,8,1,2,1,1,10,1
SF,IC2103,2020-10-09 09:30:20.500,5947.2000,40553,-1,283108320.000,1,0,1,双平,S,5941.6000,5939.0000,5930.4000,5930.2000,5930.0000,5947.4000,5950.2000,5950.6000,5951.0000,5951.6000,1,1,3,6,10,2,1,10,1,1
SF,IC2103,2020-10-09 09:30:21.000,5947.2000,40553,0,283108320.000,0,-,-,-,-,5941.8000,5941.6000,5930.4000,5930.2000,5930.0000,5944.8000,5945.0000,5947.4000,5950.2000,5950.6000,2,1,3,3,8,2,1,2,1,10
SF,IC2103,2020-10-09 09:30:21.500,5944.0000,40549,-4,287864040.000,4,0,4,双平,S,5944.0000,5942.0000,5941.8000,5930.4000,5930.2000,5944.8000,5947.4000,5950.2000,5950.6000,5951.6000,1,1,2,3,3,1,2,1,10,1
SF,IC2103,2020-10-09 09:30:22.000,5947.4000,40537,-12,302132080.000,12,0,12,双平,S,5947.2000,5944.6000,5944.0000,5941.8000,5930.4000,5947.4000,5950.2000,5950.6000,5952.0000,5952.8000,1,1,1,1,3,1,1,10,4,1
SF,IC2103,2020-10-09 09:30:22.500,5947.4000,40535,-2,304511000.000,2,0,2,双平,S,5947.4000,5944.6000,5941.8000,5930.0000,5929.0000,5950.2000,5950.6000,5952.0000,5952.8000,5954.0000,2,1,1,8,2,1,10,4,1,1
SF,IC2103,2020-10-09 09:30:23.000,5947.8000,40531,-4,310460960.000,5,0,5,多平,S,5947.8000,5947.6000,5947.4000,5944.6000,5937.4000,5949.0000,5950.6000,5952.0000,5952.8000,5954.0000,1,2,2,1,1,2,8,5,1,1
SF,IC2103,2020-10-09 09:30:23.500,5950.6000,40528,-3,321170840.000,9,3,6,多平,S,5949.6000,5949.4000,5947.8000,5947.4000,5944.8000,5950.6000,5952.0000,5952.8000,5954.0000,5954.2000,2,4,1,2,1,2,5,1,1,1
SF,IC2103,2020-10-09 09:30:24.000,5950.6000,40525,-3,324741200.000,3,0,3,双平,S,5950.6000,5949.6000,5949.4000,5947.8000,5947.4000,5950.8000,5952.0000,5952.8000,5954.0000,5954.2000,1,2,4,1,2,3,5,1,1,1
SF,IC2103,2020-10-09 09:30:24.500,5950.2000,40522,-3,330691760.000,5,1,4,多平,S,5949.6000,5949.4000,5944.8000,5944.6000,5942.8000,5950.4000,5950.8000,5952.0000,5952.8000,5954.0000,2,4,1,1,1,2,2,5,1,1
SF,IC2103,2020-10-09 09:30:25.000,5950.2000,40519,-3,334261880.000,3,0,3,双平,S,5944.8000,5944.6000,5942.8000,5937.4000,5930.0000,5949.2000,5950.8000,5952.0000,5952.8000,5954.0000,1,1,1,1,8,2,2,5,1,1
SF,IC2103,2020-10-09 09:30:25.500,5950.2000,40519,0,334261880.000,0,-,-,-,-,5946.4000,5945.0000,5944.8000,5944.6000,5942.8000,5950.8000,5952.0000,5952.8000,5954.0000,5954.2000,2,3,2,1,1,2,5,1,1,1
SF,IC2103,2020-10-09 09:30:26.000,5950.2000,40519,0,334261880.000,0,-,-,-,-,5949.4000,5947.8000,5946.6000,5945.0000,5944.8000,5950.4000,5950.6000,5950.8000,5952.0000,5952.8000,4,15,2,1,1,1,1,2,5,1
SF,IC2103,2020-10-09 09:30:26.500,5950.4000,40513,-6,341401560.000,6,0,6,双平,S,5946.6000,5944.8000,5944.6000,5942.8000,5937.4000,5949.6000,5950.6000,5950.8000,5952.0000,5952.8000,1,1,1,1,1,10,1,2,5,1
SF,IC2103,2020-10-09 09:30:27.000,5949.6000,40511,-2,343781400.000,2,0,2,双平,S,5948.0000,5946.6000,5944.8000,5944.6000,5942.8000,5949.6000,5950.8000,5952.0000,5952.8000,5954.0000,6,2,1,1,1,8,2,5,1,1
SF,IC2103,2020-10-09 09:30:27.500,5948.2000,40509,-2,347350880.000,3,0,3,多平,S,5946.6000,5944.8000,5944.6000,5937.4000,5930.0000,5946.8000,5949.6000,5950.8000,5952.0000,5952.8000,1,1,1,1,8,1,7,2,5,1
SF,IC2103,2020-10-09 09:30:28.000,5946.8000,40508,-1,348540240.000,1,0,1,双平,S,5947.2000,5946.8000,5944.8000,5944.6000,5937.4000,5949.6000,5950.8000,5952.0000,5952.8000,5954.0000,1,1,1,1,1,7,2,5,1,1
SF,IC2103,2020-10-09 09:30:28.500,5949.6000,40501,-7,362816160.000,12,2,10,多平,S,5944.8000,5944.6000,5937.4000,5930.0000,5929.0000,5949.6000,5950.8000,5952.0000,5952.8000,5954.0000,1,1,1,8,2,1,2,5,1,1
SF,IC2103,2020-10-09 09:30:29.000,5949.6000,40501,0,362816160.000,0,-,-,-,-,5948.2000,5945.0000,5944.8000,5944.6000,5937.4000,5949.6000,5950.8000,5952.0000,5952.8000,5954.0000,1,1,1,1,1,1,3,5,1,1
SF,IC2103,2020-10-09 09:30:29.500,5948.2000,40499,-2,365195440.000,2,0,2,双平,S,5945.0000,5944.8000,5944.6000,5937.4000,5930.0000,5947.8000,5949.6000,5950.8000,5952.0000,5952.8000,1,1,1,1,8,1,1,3,5,1
SF,IC2103,2020-10-09 09:30:30.000,5949.6000,40499,0,366385360.000,1,0,1,多换,S,5949.0000,5948.6000,5946.4000,5945.0000,5944.8000,5950.6000,5950.8000,5952.0000,5952.8000,5954.0000,1,6,1,1,1,5,3,5,1,1
SF,IC2103,2020-10-09 09:30:30.500,5948.6000,40498,-1,372334040.000,5,2,3,多平,S,5948.6000,5947.0000,5945.2000,5945.0000,5944.8000,5950.4000,5950.6000,5950.8000,5952.0000,5952.8000,2,1,2,1,1,2,5,3,5,1
SF,IC2103,2020-10-09 09:30:31.000,5947.0000,40498,0,381851480.000,8,4,4,多换,S,5945.2000,5945.0000,5944.8000,5944.6000,5940.6000,5949.2000,5950.2000,5950.6000,5950.8000,5952.0000,2,1,1,1,1,1,2,5,3,5
SF,IC2103,2020-10-09 09:30:31.500,5948.4000,40498,0,383041160.000,1,0,1,多换,S,5945.4000,5945.2000,5945.0000,5944.8000,5944.6000,5948.4000,5949.2000,5950.6000,5950.8000,5952.0000,1,2,4,1,1,1,3,5,3,5
SF,IC2103,2020-10-09 09:30:32.000,5945.2000,40497,-1,387797400.000,4,1,3,多平,S,5945.0000,5944.8000,5940.6000,5930.0000,5929.0000,5948.2000,5948.4000,5949.2000,5950.6000,5950.8000,4,1,1,4,2,1,3,1,5,3
SF,IC2103,2020-10-09 09:30:32.500,5945.0000,40497,0,393742960.000,5,2,3,多换,S,5945.0000,5944.8000,5942.4000,5930.0000,5929.0000,5947.8000,5948.2000,5948.4000,5949.2000,5950.6000,1,1,1,4,2,2,3,1,1,5
SF,IC2103,2020-10-09 09:30:33.000,5947.6000,40496,-1,394932480.000,1,0,1,双平,S,5945.0000,5944.8000,5942.4000,5930.0000,5929.0000,5947.6000,5947.8000,5948.4000,5949.2000,5950.6000,1,1,1,4,2,5,2,1,1,5
SF,IC2103,2020-10-09 09:30:33.500,5947.6000,40496,0,399690040.000,4,2,2,多换,S,5945.2000,5944.8000,5942.4000,5930.0000,5929.0000,5947.8000,5948.4000,5949.2000,5950.6000,5950.8000,4,1,1,4,2,1,1,1,5,3
SF,IC2103,2020-10-09 09:30:34.000,5947.8000,40495,-1,400879600.000,1,0,1,双平,S,5948.4000,5948.2000,5945.4000,5945.2000,5945.0000,5949.2000,5950.6000,5950.8000,5952.0000,5954.6000,1,1,1,4,1,1,6,3,5,2
SF,IC2103,2020-10-09 09:30:34.500,5949.2000,40493,-2,405638800.000,4,1,3,多平,S,5948.2000,5947.0000,5945.4000,5945.2000,5945.0000,5950.6000,5950.8000,5952.0000,5954.6000,5954.8000,1,1,1,5,1,6,3,5,2,6
SF,IC2103,2020-10-09 09:30:35.000,5948.2000,40489,-4,412778240.000,6,1,5,多平,S,5948.2000,5947.0000,5945.4000,5945.2000,5945.0000,5950.6000,5950.8000,5952.0000,5954.6000,5954.8000,1,1,1,5,1,3,3,5,2,6
SF,IC2103,2020-10-09 09:30:35.500,5948.0000,40489,0,416346880.000,3,1,2,多换,S,5945.2000,5945.0000,5944.8000,5942.4000,5935.8000,5948.2000,5950.0000,5950.4000,5950.6000,5950.8000,2,1,1,1,1,1,1,2,3,3
SF,IC2103,2020-10-09 09:30:36.000,5948.0000,40489,0,416346880.000,0,-,-,-,-,5945.2000,5945.0000,5944.8000,5942.4000,5935.8000,5948.2000,5948.6000,5950.0000,5950.6000,5950.8000,2,1,1,1,1,3,1,1,3,3
SF,IC2103,2020-10-09 09:30:36.500,5945.2000,40488,-1,418724960.000,2,0,2,多平,S,5945.0000,5944.8000,5942.4000,5935.8000,5935.4000,5948.0000,5948.2000,5948.6000,5950.6000,5950.8000,1,1,1,1,1,4,1,1,3,3
SF,IC2103,2020-10-09 09:30:37.000,5944.8000,40488,0,421102920.000,2,1,1,多换,S,5942.4000,5935.8000,5935.4000,5935.0000,5930.0000,5947.8000,5948.0000,5948.2000,5948.6000,5950.6000,1,1,1,1,4,2,2,1,1,3
SF,IC2103,2020-10-09 09:30:37.500,5944.8000,40488,0,421102920.000,0,-,-,-,-,5945.8000,5945.0000,5943.0000,5942.4000,5941.0000,5947.2000,5947.4000,5947.6000,5947.8000,5948.2000,17,1,4,1,2,1,1,1,3,1
SF,IC2103,2020-10-09 09:30:38.000,5945.8000,40488,0,424670400.000,3,1,2,多换,S,5945.0000,5942.4000,5941.0000,5935.8000,5935.4000,5947.2000,5947.4000,5947.8000,5948.2000,5948.6000,1,1,2,1,1,3,1,1,1,1
SF,IC2103,2020-10-09 09:30:38.500,5945.8000,40488,0,424670400.000,0,-,-,-,-,5945.0000,5942.4000,5941.0000,5935.8000,5935.4000,5947.0000,5947.2000,5947.4000,5947.8000,5948.2000,1,1,2,1,1,3,1,1,2,1
SF,IC2103,2020-10-09 09:30:39.000,5945.8000,40488,0,424670400.000,0,-,-,-,-,5945.8000,5945.0000,5942.4000,5941.0000,5935.8000,5946.4000,5946.8000,5947.0000,5947.2000,5947.4000,2,1,1,2,1,1,2,1,1,1
SF,IC2103,2020-10-09 09:30:39.500,5946.4000,40487,-1,427048840.000,2,0,2,多平,S,5945.0000,5942.4000,5941.0000,5935.8000,5935.4000,5946.8000,5947.2000,5947.4000,5947.8000,5948.2000,1,1,2,1,1,2,1,1,4,1
SF,IC2103,2020-10-09 09:30:40.000,5945.0000,40487,0,428237840.000,1,0,1,多换,S,5942.4000,5941.0000,5935.8000,5935.4000,5935.0000,5946.6000,5946.8000,5947.2000,5947.4000,5947.8000,1,2,1,1,1,1,2,1,1,4
SF,IC2103,2020-10-09 09:30:40.500,5945.0000,40487,0,428237840.000,0,-,-,-,-,5945.6000,5945.0000,5944.8000,5942.4000,5941.0000,5946.4000,5946.6000,5947.2000,5947.4000,5947.8000,1,1,5,1,2,1,3,1,1,4
SF,IC2103,2020-10-09 09:30:41.000,5945.0000,40487,0,428237840.000,0,-,-,-,-,5945.6000,5945.0000,5942.4000,5941.0000,5935.8000,5946.4000,5946.6000,5947.2000,5947.4000,5947.8000,1,1,1,2,1,2,1,1,1,4
SF,IC2103,2020-10-09 09:30:41.500,5945.6000,40485,-2,432994760.000,4,1,3,多平,S,5945.0000,5942.4000,5941.0000,5935.8000,5935.4000,5945.2000,5946.6000,5947.2000,5947.4000,5947.8000,1,1,2,1,1,5,1,1,1,4
SF,IC2103,2020-10-09 09:30:42.000,5942.4000,40479,-6,441317440.000,7,0,7,多平,S,5941.0000,5935.8000,5935.4000,5935.0000,5934.6000,5947.2000,5947.4000,5947.8000,5948.2000,5948.6000,2,1,1,1,1,1,1,4,1,1
SF,IC2103,2020-10-09 09:30:42.500,5942.4000,40479,0,441317440.000,0,-,-,-,-,5946.6000,5943.8000,5941.6000,5941.2000,5941.0000,5947.0000,5947.2000,5947.4000,5947.8000,5948.2000,2,3,1,1,2,2,2,1,4,1
SF,IC2103,2020-10-09 09:30:43.000,5946.4000,40479,0,443696000.000,2,1,1,多换,S,5943.8000,5941.2000,5941.0000,5935.8000,5935.4000,5945.0000,5947.0000,5947.2000,5947.4000,5947.8000,3,1,2,1,1,1,1,1,1,4
SF,IC2103,2020-10-09 09:30:43.500,5943.8000,40477,-2,447262760.000,3,0,3,多平,S,5945.0000,5943.8000,5941.0000,5935.8000,5935.4000,5945.2000,5947.0000,5947.2000,5947.4000,5947.8000,1,2,2,1,1,2,1,1,1,4
SF,IC2103,2020-10-09 09:30:44.000,5941.0000,40474,-3,455583760.000,7,2,5,多平,S,5935.8000,5935.4000,5935.0000,5934.6000,5934.2000,5941.0000,5947.0000,5947.2000,5947.4000,5947.8000,1,1,1,1,1,1,1,1,1,4
SF,IC2103,2020-10-09 09:30:44.500,5945.4000,40473,-1,457961040.000,2,0,2,多平,S,5946.2000,5941.0000,5940.0000,5939.6000,5939.2000,5947.2000,5947.4000,5947.8000,5948.2000,5948.6000,1,1,1,1,1,1,3,4,1,1
SF,IC2103,2020-10-09 09:30:45.000,5947.2000,40472,-1,461529160.000,3,1,2,多平,S,5941.0000,5939.6000,5939.2000,5936.4000,5936.2000,5947.4000,5947.8000,5948.2000,5948.6000,5949.0000,1,1,1,1,1,3,4,1,1,1
SF,IC2103,2020-10-09 09:30:45.500,5947.2000,40472,0,461529160.000,0,-,-,-,-,5945.0000,5941.6000,5941.2000,5941.0000,5939.6000,5945.4000,5947.4000,5947.8000,5948.2000,5948.6000,1,2,1,3,1,2,3,4,1,1
SF,IC2103,2020-10-09 09:30:46.000,5945.0000,40472,0,462718160.000,1,0,1,多换,S,5941.6000,5941.2000,5941.0000,5940.2000,5939.2000,5947.4000,5947.8000,5948.2000,5948.6000,5949.0000,1,1,3,1,1,3,4,1,1,1
SF,IC2103,2020-10-09 09:30:46.500,5945.0000,40472,0,462718160.000,0,-,-,-,-,5941.8000,5941.6000,5941.4000,5941.0000,5940.2000,5945.0000,5946.2000,5947.4000,5947.8000,5948.2000,4,1,1,1,1,2,2,4,4,1
SF,IC2103,2020-10-09 09:30:47.000,5945.0000,40472,0,462718160.000,0,-,-,-,-,5941.8000,5941.0000,5940.2000,5940.0000,5936.2000,5945.0000,5946.2000,5947.4000,5947.8000,5948.2000,3,1,1,1,1,2,2,4,4,1
SF,IC2103,2020-10-09 09:30:47.500,5945.0000,40472,0,462718160.000,0,-,-,-,-,5942.8000,5941.8000,5941.0000,5940.2000,5940.0000,5945.0000,5946.2000,5947.4000,5947.8000,5948.2000,1,1,1,1,1,3,2,4,4,1
SF,IC2103,2020-10-09 09:30:48.000,5945.0000,40472,0,462718160.000,0,-,-,-,-,5942.8000,5941.8000,5941.0000,5940.0000,5936.2000,5944.4000,5945.0000,5946.2000,5947.4000,5947.8000,3,1,1,1,1,2,3,2,4,4
SF,IC2103,2020-10-09 09:30:48.500,5942.8000,40469,-3,467473120.000,4,0,4,多平,S,5941.8000,5941.0000,5940.0000,5937.8000,5936.2000,5945.0000,5946.2000,5947.4000,5947.8000,5948.2000,1,1,1,1,1,3,2,4,4,1
SF,IC2103,2020-10-09 09:30:49.000,5942.8000,40469,0,467473120.000,0,-,-,-,-,5943.0000,5941.8000,5941.0000,5940.0000,5937.8000,5944.8000,5945.0000,5946.2000,5947.4000,5947.8000,1,1,1,1,1,2,3,2,4,4
SF,IC2103,2020-10-09 09:30:49.500,5942.8000,40469,0,467473120.000,0,-,-,-,-,5941.0000,5940.0000,5937.8000,5936.2000,5935.8000,5944.8000,5945.0000,5946.2000,5947.4000,5947.8000,1,1,1,1,2,2,3,2,4,4
SF,IC2103,2020-10-09 09:30:50.000,5942.8000,40469,0,467473120.000,0,-,-,-,-,5943.4000,5941.4000,5941.0000,5940.0000,5936.2000,5944.6000,5945.0000,5946.2000,5947.4000,5947.8000,2,1,1,1,1,1,3,2,4,4
SF,IC2103,2020-10-09 09:30:50.500,5942.8000,40469,0,467473120.000,0,-,-,-,-,5941.6000,5941.0000,5940.0000,5936.2000,5935.8000,5945.0000,5946.2000,5947.4000,5947.8000,5948.2000,1,1,1,1,2,3,2,4,4,1
SF,IC2103,2020-10-09 09:30:51.000,5942.8000,40469,0,467473120.000,0,-,-,-,-,5941.6000,5941.0000,5940.0000,5936.2000,5935.8000,5944.8000,5945.0000,5946.2000,5947.4000,5947.8000,1,1,1,1,2,3,3,2,4,4
SF,IC2103,2020-10-09 09:30:51.500,5942.8000,40469,0,467473120.000,0,-,-,-,-,5941.0000,5940.0000,5936.2000,5935.8000,5935.4000,5944.2000,5944.8000,5945.0000,5946.2000,5946.6000,1,1,1,2,1,1,1,3,2,1
SF,IC2103,2020-10-09 09:30:52.000,5942.8000,40469,0,467473120.000,0,-,-,-,-,5941.0000,5940.0000,5936.2000,5935.8000,5935.4000,5944.0000,5944.2000,5945.0000,5946.2000,5946.6000,1,1,1,2,1,1,3,3,2,1
SF,IC2103,2020-10-09 09:30:52.500,5941.2000,40468,-1,473416600.000,5,2,3,多平,S,5940.0000,5936.8000,5935.8000,5935.4000,5935.0000,5943.8000,5945.0000,5946.2000,5946.6000,5947.4000,1,1,2,1,1,1,3,2,1,4
SF,IC2103,2020-10-09 09:30:53.000,5941.2000,40468,0,474604840.000,1,0,1,多换,S,5940.0000,5936.8000,5935.8000,5935.4000,5935.0000,5943.8000,5945.0000,5946.2000,5946.6000,5947.4000,1,1,2,1,1,1,3,2,1,4
SF,IC2103,2020-10-09 09:30:53.500,5941.2000,40468,0,474604840.000,0,-,-,-,-,5940.0000,5936.8000,5935.8000,5935.4000,5935.0000,5942.6000,5943.8000,5945.0000,5946.2000,5946.6000,1,1,2,1,1,1,1,5,2,1
SF,IC2103,2020-10-09 09:30:54.000,5941.2000,40468,0,474604840.000,0,-,-,-,-,5940.0000,5935.8000,5935.4000,5935.0000,5934.6000,5942.4000,5942.6000,5942.8000,5945.0000,5946.2000,1,1,1,1,1,1,1,1,5,2
SF,IC2103,2020-10-09 09:30:54.500,5942.4000,40468,0,476981320.000,2,1,1,多换,S,5942.0000,5935.8000,5935.4000,5935.0000,5934.6000,5942.6000,5942.8000,5945.0000,5946.2000,5946.6000,1,1,1,1,1,1,1,5,2,1
SF,IC2103,2020-10-09 09:30:55.000,5942.8000,40466,-2,480546800.000,3,0,3,多平,S,5935.8000,5935.4000,5935.0000,5934.6000,5934.2000,5945.0000,5946.2000,5946.6000,5947.4000,5947.8000,1,1,1,1,1,5,2,1,4,2
SF,IC2103,2020-10-09 09:30:55.500,5942.8000,40466,0,480546800.000,0,-,-,-,-,5936.4000,5936.0000,5935.8000,5935.4000,5935.0000,5944.8000,5945.0000,5946.2000,5946.6000,5947.4000,3,3,1,1,1,1,5,2,1,4
SF,IC2103,2020-10-09 09:30:56.000,5942.8000,40466,0,480546800.000,0,-,-,-,-,5937.0000,5936.6000,5936.4000,5936.0000,5935.8000,5942.0000,5944.8000,5945.0000,5946.2000,5946.6000,1,1,2,2,1,1,1,5,2,1
SF,IC2103,2020-10-09 09:30:56.500,5937.2000,40465,-1,481734240.000,1,0,1,双平,S,5935.8000,5935.4000,5935.0000,5934.6000,5934.2000,5941.8000,5942.0000,5944.2000,5944.4000,5944.8000,1,1,1,1,1,2,1,1,1,1
SF,IC2103,2020-10-09 09:30:57.000,5937.2000,40465,0,481734240.000,0,-,-,-,-,5938.4000,5937.8000,5935.8000,5935.4000,5935.0000,5941.6000,5941.8000,5942.0000,5944.2000,5944.4000,1,1,1,1,1,1,2,2,1,1
SF,IC2103,2020-10-09 09:30:57.500,5941.4000,40464,-1,482922520.000,1,0,1,双平,S,5938.6000,5937.8000,5935.8000,5935.4000,5935.0000,5941.6000,5941.8000,5942.0000,5944.2000,5944.4000,1,1,1,1,1,1,1,2,1,1
SF,IC2103,2020-10-09 09:30:58.000,5941.6000,40465,1,484110840.000,1,1,0,双开,S,5939.0000,5938.6000,5935.8000,5935.4000,5935.0000,5941.8000,5942.0000,5944.2000,5944.8000,5945.0000,1,1,1,1,1,1,2,1,1,5
SF,IC2103,2020-10-09 09:30:58.500,5941.6000,40465,0,484110840.000,0,-,-,-,-,5939.2000,5935.8000,5935.4000,5935.0000,5934.6000,5941.8000,5942.0000,5944.8000,5945.0000,5946.2000,1,1,1,1,1,1,2,1,5,2
SF,IC2103,2020-10-09 09:30:59.000,5939.2000,40464,-1,485298680.000,1,0,1,双平,S,5935.8000,5935.4000,5935.0000,5934.6000,5934.2000,5941.6000,5941.8000,5942.0000,5942.8000,5944.8000,1,1,1,1,1,1,1,2,2,1
SF,IC2103,2020-10-09 09:30:59.500,5939.2000,40464,0,485298680.000,0,-,-,-,-,5936.4000,5936.0000,5935.8000,5935.4000,5935.0000,5940.0000,5941.6000,5941.8000,5942.0000,5942.8000,1,1,1,1,1,1,1,1,2,2
SF,IC2103,2020-10-09 09:31:00.000,5940.0000,40462,-2,487674640.000,2,0,2,双平,S,5936.6000,5936.4000,5936.0000,5935.8000,5935.4000,5941.8000,5942.0000,5942.8000,5944.8000,5945.0000,1,3,1,1,1,1,2,2,1,5
SF,IC2103,2020-10-09 09:31:00.500,5940.0000,40462,0,487674640.000,0,-,-,-,-,5936.6000,5936.4000,5936.0000,5935.8000,5935.4000,5940.0000,5941.8000,5942.0000,5942.8000,5945.0000,1,1,1,1,1,2,1,2,2,5
SF,IC2103,2020-10-09 09:31:01.000,5941.8000,40460,-2,491239000.000,3,0,3,多平,S,5941.8000,5937.4000,5936.8000,5936.6000,5936.4000,5942.0000,5942.8000,5945.0000,5946.2000,5946.6000,1,1,3,3,1,2,2,6,2,1
SF,IC2103,2020-10-09 09:31:01.500,5941.8000,40460,0,492427360.000,1,0,1,多换,S,5937.4000,5936.8000,5936.6000,5935.8000,5935.4000,5941.8000,5942.0000,5942.8000,5945.0000,5946.2000,1,3,3,1,1,2,2,2,6,2
SF,IC2103,2020-10-09 09:31:02.000,5941.8000,40460,0,492427360.000,0,-,-,-,-,5938.6000,5937.8000,5937.6000,5937.4000,5936.8000,5941.8000,5942.0000,5942.8000,5945.0000,5946.2000,1,1,3,2,2,2,2,2,6,2
SF,IC2103,2020-10-09 09:31:02.500,5942.0000,40458,-2,494804160.000,2,0,2,双平,S,5939.2000,5939.0000,5938.8000,5938.6000,5937.6000,5942.8000,5945.0000,5946.2000,5946.6000,5947.4000,1,1,4,3,1,2,6,2,1,4
SF,IC2103,2020-10-09 09:31:03.000,5942.8000,40457,-1,495992720.000,1,0,1,双平,S,5940.4000,5940.0000,5939.8000,5939.4000,5939.2000,5942.8000,5945.0000,5946.2000,5946.6000,5947.4000,1,1,1,4,2,1,6,2,1,4
SF,IC2103,2020-10-09 09:31:03.500,5940.6000,40454,-3,500746520.000,4,0,4,多平,S,5940.6000,5940.4000,5940.0000,5939.8000,5939.4000,5945.0000,5946.2000,5946.6000,5947.4000,5947.8000,1,3,1,1,3,6,2,1,4,1
SF,IC2103,2020-10-09 09:31:04.000,5945.0000,40449,-5,506691520.000,5,0,5,双平,S,5941.2000,5940.8000,5940.6000,5940.4000,5940.0000,5943.0000,5945.0000,5946.2000,5946.6000,5947.4000,3,1,3,1,1,1,1,2,1,4
SF,IC2103,2020-10-09 09:31:04.500,5943.0000,40447,-2,510257720.000,3,0,3,多平,S,5942.0000,5941.8000,5941.4000,5941.2000,5940.8000,5946.2000,5946.6000,5947.4000,5947.8000,5948.2000,1,1,2,2,3,2,1,4,1,1
SF,IC2103,2020-10-09 09:31:05.000,5943.0000,40447,0,510257720.000,0,-,-,-,-,5943.6000,5942.6000,5942.4000,5942.2000,5942.0000,5946.0000,5946.2000,5946.6000,5947.4000,5947.8000,1,1,1,3,3,1,2,1,4,1
SF,IC2103,2020-10-09 09:31:05.500,5943.8000,40445,-2,512635680.000,2,0,2,双平,S,5943.8000,5943.6000,5943.0000,5942.6000,5942.4000,5946.2000,5946.6000,5947.4000,5948.2000,5948.6000,1,3,2,1,1,2,1,4,1,1
SF,IC2103,2020-10-09 09:31:06.000,5943.8000,40444,-1,513824440.000,1,0,1,双平,S,5944.0000,5943.8000,5943.6000,5943.0000,5942.6000,5946.2000,5946.6000,5947.4000,5948.2000,5948.6000,1,3,1,2,1,2,1,4,1,1
SF,IC2103,2020-10-09 09:31:06.500,5943.8000,40444,0,513824440.000,0,-,-,-,-,5945.2000,5944.0000,5943.8000,5943.0000,5942.6000,5946.0000,5946.2000,5946.6000,5947.4000,5948.2000,1,3,1,2,1,1,2,1,4,1
SF,IC2103,2020-10-09 09:31:07.000,5945.2000,40442,-2,518580600.000,4,1,3,多平,S,5944.0000,5943.8000,5943.0000,5942.2000,5940.8000,5945.2000,5946.0000,5946.2000,5946.6000,5947.4000,1,1,2,1,2,2,1,2,1,4
SF,IC2103,2020-10-09 09:31:07.500,5943.8000,40440,-2,520958160.000,2,0,2,双平,S,5943.0000,5942.2000,5940.8000,5938.4000,5935.8000,5943.8000,5944.0000,5945.0000,5945.2000,5946.2000,2,1,2,1,1,1,2,1,2,2
SF,IC2103,2020-10-09 09:31:08.000,5944.0000,40440,0,524524160.000,3,1,2,多换,S,5940.8000,5940.0000,5938.4000,5935.8000,5935.6000,5944.0000,5945.0000,5945.2000,5946.2000,5946.6000,2,2,1,1,1,1,1,2,3,1
SF,IC2103,2020-10-09 09:31:08.500,5944.0000,40439,-1,525712960.000,1,0,1,双平,S,5941.4000,5941.0000,5940.8000,5940.0000,5938.4000,5945.2000,5946.2000,5946.6000,5947.4000,5948.2000,1,4,2,2,1,2,3,1,4,1
SF,IC2103,2020-10-09 09:31:09.000,5944.0000,40439,0,525712960.000,0,-,-,-,-,5942.0000,5941.8000,5941.6000,5941.0000,5940.8000,5945.2000,5946.2000,5946.6000,5947.4000,5948.2000,2,1,2,1,2,2,3,1,4,1
SF,IC2103,2020-10-09 09:31:09.500,5944.0000,40439,0,525712960.000,0,-,-,-,-,5942.6000,5942.2000,5942.0000,5941.0000,5940.8000,5945.2000,5946.2000,5946.6000,5947.4000,5948.2000,1,3,1,1,2,2,3,1,4,1
SF,IC2103,2020-10-09 09:31:10.000,5944.0000,40439,0,525712960.000,0,-,-,-,-,5943.0000,5942.8000,5942.2000,5942.0000,5941.0000,5943.8000,5945.2000,5946.2000,5946.6000,5947.0000,1,2,1,1,1,1,2,3,1,1
SF,IC2103,2020-10-09 09:31:10.500,5943.4000,40438,-1,528090400.000,2,0,2,多平,S,5942.2000,5942.0000,5941.0000,5940.8000,5940.0000,5946.2000,5946.6000,5947.0000,5947.4000,5948.0000,1,1,1,2,2,3,1,1,4,5
SF,IC2103,2020-10-09 09:31:11.000,5946.2000,40436,-2,530468880.000,2,0,2,双平,S,5943.8000,5942.8000,5942.4000,5942.2000,5941.0000,5945.0000,5946.0000,5946.2000,5946.6000,5947.0000,2,1,3,1,1,1,1,1,1,1
SF,IC2103,2020-10-09 09:31:11.500,5946.2000,40435,-1,532847160.000,2,0,2,多平,S,5944.0000,5943.8000,5943.2000,5942.8000,5942.4000,5946.6000,5947.0000,5947.4000,5948.0000,5948.2000,1,2,1,2,1,1,1,4,5,1
SF,IC2103,2020-10-09 09:31:12.000,5944.0000,40433,-2,535224800.000,2,0,2,双平,S,5943.8000,5943.2000,5942.8000,5942.2000,5940.8000,5946.6000,5947.0000,5947.4000,5948.0000,5948.2000,2,1,2,1,2,1,1,4,5,1
SF,IC2103,2020-10-09 09:31:12.500,5944.0000,40433,0,535224800.000,0,-,-,-,-,5944.0000,5943.8000,5943.2000,5942.8000,5942.2000,5946.4000,5946.6000,5947.0000,5947.4000,5948.0000,3,2,1,1,1,1,1,1,4,5
SF,IC2103,2020-10-09 09:31:13.000,5944.2000,40428,-5,541170120.000,5,0,5,双平,S,5944.2000,5944.0000,5943.8000,5942.8000,5940.8000,5947.4000,5948.0000,5948.2000,5948.6000,5949.0000,2,3,2,1,2,4,5,1,1,2
SF,IC2103,2020-10-09 09:31:13.500,5944.2000,40428,0,541170120.000,0,-,-,-,-,5944.6000,5944.4000,5944.2000,5944.0000,5943.8000,5945.6000,5947.4000,5948.0000,5948.2000,5948.6000,1,2,1,1,2,1,4,5,1,1
SF,IC2103,2020-10-09 09:31:14.000,5944.8000,40424,-4,545926200.000,4,0,4,双平,S,5944.8000,5944.6000,5944.2000,5943.8000,5940.8000,5947.4000,5948.0000,5948.2000,5948.6000,5949.0000,2,1,2,2,2,4,5,1,1,2
SF,IC2103,2020-10-09 09:31:14.500,5944.8000,40424,0,545926200.000,0,-,-,-,-,5945.8000,5945.0000,5944.8000,5944.6000,5944.2000,5947.2000,5947.4000,5948.0000,5948.2000,5948.6000,1,2,4,1,1,1,4,5,1,1
SF,IC2103,2020-10-09 09:31:15.000,5945.8000,40423,-1,547115360.000,1,0,1,双平,S,5945.0000,5944.8000,5944.6000,5943.8000,5940.6000,5947.2000,5947.4000,5948.0000,5948.2000,5948.6000,1,5,1,2,3,1,4,5,1,2
SF,IC2103,2020-10-09 09:31:15.500,5945.0000,40422,-1,548304360.000,1,0,1,双平,S,5944.8000,5944.6000,5943.8000,5940.6000,5940.0000,5946.6000,5947.2000,5947.4000,5948.0000,5948.2000,5,1,2,3,2,1,1,4,5,1
SF,IC2103,2020-10-09 09:31:16.000,5945.0000,40422,0,548304360.000,0,-,-,-,-,5945.0000,5944.8000,5944.6000,5943.8000,5940.6000,5946.4000,5946.6000,5947.4000,5948.0000,5948.2000,1,3,1,2,3,1,1,4,5,1
SF,IC2103,2020-10-09 09:31:16.500,5945.0000,40421,-1,549493360.000,1,0,1,双平,S,5944.8000,5944.6000,5940.6000,5940.0000,5938.4000,5945.8000,5946.0000,5946.4000,5946.6000,5947.4000,3,1,3,2,1,3,1,1,1,4
SF,IC2103,2020-10-09 09:31:17.000,5945.8000,40420,-1,550682520.000,1,0,1,双平,S,5945.2000,5944.8000,5940.6000,5940.0000,5938.4000,5945.8000,5946.0000,5946.6000,5947.4000,5948.0000,2,3,3,2,1,2,1,1,4,5
SF,IC2103,2020-10-09 09:31:17.500,5946.6000,40416,-4,555439360.000,4,0,4,双平,S,5945.4000,5945.2000,5944.8000,5940.6000,5940.0000,5947.4000,5948.0000,5948.2000,5948.6000,5949.0000,1,2,3,3,2,4,5,1,2,2
SF,IC2103,2020-10-09 09:31:18.000,5945.6000,40415,-1,556628480.000,1,0,1,双平,S,5945.0000,5944.8000,5940.6000,5940.0000,5938.4000,5947.4000,5948.0000,5948.2000,5948.6000,5949.0000,1,2,3,2,1,4,5,1,2,2
SF,IC2103,2020-10-09 09:31:18.500,5945.6000,40415,0,556628480.000,0,-,-,-,-,5945.6000,5945.2000,5944.8000,5940.6000,5940.0000,5947.2000,5947.4000,5948.0000,5948.2000,5948.6000,3,1,2,3,2,1,4,5,1,2
SF,IC2103,2020-10-09 09:31:19.000,5945.6000,40415,0,556628480.000,0,-,-,-,-,5945.6000,5945.2000,5944.8000,5940.6000,5940.0000,5946.2000,5947.2000,5947.4000,5948.0000,5948.2000,3,1,2,3,2,10,1,4,5,1
SF,IC2103,2020-10-09 09:31:19.500,5946.2000,40415,0,568520480.000,10,5,5,多换,S,5945.8000,5945.6000,5945.2000,5944.8000,5940.6000,5946.2000,5947.4000,5948.0000,5948.2000,5948.6000,1,1,1,2,3,5,4,5,1,3
SF,IC2103,2020-10-09 09:31:20.000,5945.6000,40407,-8,578034120.000,8,0,8,双平,S,5945.2000,5944.8000,5940.6000,5940.0000,5938.4000,5945.6000,5947.4000,5948.0000,5948.2000,5948.6000,1,2,3,2,1,1,4,5,1,3
SF,IC2103,2020-10-09 09:31:20.500,5945.6000,40406,-1,579223240.000,1,0,1,双平,S,5945.6000,5945.4000,5945.2000,5944.8000,5940.6000,5947.4000,5948.0000,5948.2000,5948.6000,5949.0000,2,1,2,2,3,4,5,1,3,2
SF,IC2103,2020-10-09 09:31:21.000,5947.4000,40406,0,583981160.000,4,2,2,多换,S,5947.4000,5946.6000,5945.6000,5945.4000,5945.2000,5948.0000,5948.2000,5948.6000,5949.0000,5949.8000,1,1,1,1,2,5,1,3,2,10
SF,IC2103,2020-10-09 09:31:21.500,5947.4000,40406,0,583981160.000,0,-,-,-,-,5947.4000,5946.6000,5945.6000,5945.4000,5945.2000,5948.0000,5948.2000,5948.6000,5949.0000,5949.8000,1,1,1,1,3,5,1,3,2,10
SF,IC2103,2020-10-09 09:31:22.000,5947.4000,40406,0,583981160.000,0,-,-,-,-,5947.4000,5946.6000,5945.6000,5945.4000,5945.2000,5948.0000,5948.2000,5948.6000,5949.0000,5949.8000,1,1,1,1,3,5,1,3,2,10
SF,IC2103,2020-10-09 09:31:22.500,5948.0000,40406,0,585170760.000,1,0,1,多换,S,5947.6000,5947.4000,5945.6000,5945.4000,5945.2000,5948.0000,5948.2000,5948.6000,5949.0000,5949.8000,1,1,1,1,3,4,1,3,2,10
SF,IC2103,2020-10-09 09:31:23.000,5948.6000,40398,-8,594687960.000,8,0,8,双平,S,5948.0000,5947.4000,5945.6000,5945.4000,5945.2000,5949.0000,5949.8000,5950.0000,5950.6000,5950.8000,1,2,1,1,3,2,10,3,1,3
SF,IC2103,2020-10-09 09:31:23.500,5949.0000,40396,-2,599446480.000,4,1,3,多平,S,5947.4000,5945.6000,5945.2000,5945.0000,5944.8000,5949.0000,5949.8000,5950.0000,5950.6000,5950.8000,1,1,3,1,2,1,10,3,1,1
SF,IC2103,2020-10-09 09:31:24.000,5949.0000,40396,0,599446480.000,0,-,-,-,-,5947.6000,5945.6000,5945.2000,5945.0000,5944.8000,5948.8000,5949.0000,5949.8000,5950.0000,5950.6000,1,1,2,1,2,1,1,10,4,1
SF,IC2103,2020-10-09 09:31:24.500,5948.8000,40396,0,600636240.000,1,0,1,多换,S,5947.6000,5945.6000,5945.2000,5945.0000,5944.8000,5949.0000,5949.8000,5950.0000,5950.6000,5950.8000,1,1,2,1,2,1,10,4,1,1
SF,IC2103,2020-10-09 09:31:25.000,5949.0000,40396,0,601826040.000,1,0,1,多换,S,5947.8000,5947.6000,5945.6000,5945.2000,5945.0000,5949.8000,5950.0000,5950.6000,5950.8000,5951.2000,1,1,1,2,1,10,4,1,1,10
SF,IC2103,2020-10-09 09:31:25.500,5948.0000,40395,-1,604205240.000,2,0,2,多平,S,5947.4000,5945.6000,5945.2000,5945.0000,5944.8000,5948.0000,5949.6000,5949.8000,5950.0000,5950.6000,2,1,2,1,2,1,1,10,4,1
SF,IC2103,2020-10-09 09:31:26.000,5948.0000,40394,-1,605394840.000,1,0,1,双平,S,5947.4000,5945.6000,5945.2000,5945.0000,5944.8000,5949.6000,5949.8000,5950.0000,5950.6000,5950.8000,2,1,2,1,2,1,10,4,1,1
SF,IC2103,2020-10-09 09:31:26.500,5949.4000,40394,0,607774600.000,2,1,1,多换,S,5948.0000,5947.6000,5947.4000,5945.6000,5945.2000,5949.6000,5949.8000,5950.0000,5950.6000,5950.8000,2,1,2,1,2,1,10,4,1,1
SF,IC2103,2020-10-09 09:31:27.000,5949.6000,40393,-1,608964520.000,1,0,1,双平,S,5949.6000,5948.2000,5948.0000,5947.4000,5947.0000,5949.8000,5950.0000,5950.6000,5950.8000,5951.2000,1,1,2,2,1,10,4,1,1,10
SF,IC2103,2020-10-09 09:31:27.500,5949.8000,40390,-3,614914320.000,5,1,4,多平,S,5949.6000,5948.2000,5948.0000,5947.4000,5947.0000,5949.8000,5950.0000,5950.6000,5950.8000,5951.2000,1,1,2,2,1,5,4,1,1,10
SF,IC2103,2020-10-09 09:31:28.000,5950.0000,40385,-5,622054120.000,6,0,6,多平,S,5949.6000,5948.6000,5948.2000,5948.0000,5947.4000,5950.0000,5950.6000,5950.8000,5951.2000,5952.0000,1,1,1,2,2,3,1,1,10,5
SF,IC2103,2020-10-09 09:31:28.500,5950.0000,40385,0,625624120.000,3,1,2,多换,S,5949.6000,5948.6000,5948.2000,5948.0000,5947.4000,5950.6000,5950.8000,5951.2000,5952.0000,5954.6000,1,1,1,2,2,1,1,10,5,1
SF,IC2103,2020-10-09 09:31:29.000,5949.6000,40385,0,626814040.000,1,0,1,多换,S,5948.6000,5948.2000,5948.0000,5947.4000,5947.0000,5950.6000,5950.8000,5951.2000,5952.0000,5954.6000,1,1,2,2,1,1,1,10,5,1
SF,IC2103,2020-10-09 09:31:29.500,5949.6000,40385,0,626814040.000,0,-,-,-,-,5949.6000,5948.8000,5948.0000,5947.4000,5947.0000,5950.6000,5950.8000,5951.2000,5952.0000,5954.6000,1,1,2,2,1,1,1,10,5,1
SF,IC2103,2020-10-09 09:31:30.000,5949.6000,40379,-6,642278320.000,13,3,10,多平,S,5949.4000,5940.6000,5938.4000,5937.0000,5936.2000,5949.6000,5950.8000,5951.2000,5952.0000,5954.6000,1,3,1,1,1,2,1,10,5,1
SF,IC2103,2020-10-09 09:31:30.500,5949.6000,40374,-5,648227880.000,5,0,5,双平,S,5950.0000,5940.6000,5938.4000,5937.0000,5936.2000,5950.8000,5951.2000,5952.0000,5954.6000,5954.8000,1,3,1,1,1,1,10,5,1,4
SF,IC2103,2020-10-09 09:31:31.000,5950.0000,40373,-1,649417880.000,1,0,1,双平,S,5940.6000,5938.4000,5937.0000,5936.2000,5935.8000,5950.6000,5950.8000,5951.2000,5952.0000,5954.6000,3,1,1,1,1,2,1,10,5,1
SF,IC2103,2020-10-09 09:31:31.500,5950.4000,40371,-2,652988120.000,3,0,3,多平,S,5948.6000,5947.4000,5946.4000,5946.2000,5944.2000,5950.8000,5951.2000,5952.0000,5954.6000,5954.8000,1,2,1,1,1,1,10,5,1,4
SF,IC2103,2020-10-09 09:31:32.000,5950.4000,40371,0,652988120.000,0,-,-,-,-,5948.8000,5948.6000,5946.6000,5941.0000,5940.8000,5950.6000,5950.8000,5951.2000,5952.0000,5954.6000,1,1,5,1,3,2,1,10,5,1
SF,IC2103,2020-10-09 09:31:32.500,5946.6000,40369,-2,657746680.000,4,1,3,多平,S,5946.6000,5940.8000,5940.6000,5938.4000,5937.0000,5950.6000,5950.8000,5951.2000,5952.0000,5954.6000,4,1,3,1,1,2,1,10,5,1
SF,IC2103,2020-10-09 09:31:33.000,5946.6000,40369,0,657746680.000,0,-,-,-,-,5950.6000,5948.4000,5947.4000,5947.0000,5946.8000,5950.8000,5951.2000,5952.0000,5954.6000,5954.8000,2,2,1,1,2,1,10,5,1,4
SF,IC2103,2020-10-09 09:31:33.500,5950.6000,40368,-1,661317040.000,3,1,2,多平,S,5947.0000,5946.8000,5946.6000,5940.6000,5938.4000,5950.8000,5951.2000,5952.0000,5954.6000,5954.8000,1,4,4,3,1,2,10,4,1,4
SF,IC2103,2020-10-09 09:31:34.000,5947.2000,40365,-3,667265040.000,5,1,4,多平,S,5947.2000,5947.0000,5946.8000,5946.6000,5940.6000,5950.6000,5950.8000,5951.2000,5952.0000,5954.6000,1,1,2,4,3,1,1,10,4,1
SF,IC2103,2020-10-09 09:31:34.500,5950.4000,40364,-1,668455120.000,1,0,1,双平,S,5947.8000,5947.2000,5947.0000,5946.8000,5946.6000,5950.6000,5950.8000,5951.2000,5952.0000,5954.6000,1,1,1,2,4,1,1,10,4,1
SF,IC2103,2020-10-09 09:31:35.000,5950.4000,40364,0,668455120.000,0,-,-,-,-,5948.0000,5947.8000,5947.0000,5946.8000,5946.6000,5950.4000,5950.6000,5950.8000,5951.2000,5952.0000,2,2,1,2,4,1,1,1,10,4
SF,IC2103,2020-10-09 09:31:35.500,5950.4000,40364,0,670835280.000,2,1,1,多换,S,5948.6000,5948.0000,5947.8000,5946.8000,5946.6000,5950.6000,5950.8000,5951.2000,5952.0000,5954.6000,1,2,2,2,4,1,1,10,4,1
SF,IC2103,2020-10-09 09:31:36.000,5950.4000,40364,0,670835280.000,0,-,-,-,-,5948.8000,5948.6000,5948.0000,5947.8000,5946.8000,5950.8000,5951.2000,5952.0000,5954.6000,5954.8000,2,1,1,1,2,1,10,4,1,4
SF,IC2103,2020-10-09 09:31:36.500,5948.8000,40363,-1,674404680.000,3,1,2,多平,S,5948.6000,5948.0000,5946.8000,5946.6000,5943.6000,5950.8000,5951.2000,5952.0000,5954.6000,5954.8000,1,1,2,4,6,1,10,4,1,4
SF,IC2103,2020-10-09 09:31:37.000,5948.8000,40363,0,674404680.000,0,-,-,-,-,5948.8000,5948.6000,5948.0000,5946.8000,5946.6000,5950.6000,5950.8000,5951.2000,5952.0000,5954.6000,1,1,1,2,4,1,1,10,4,1
SF,IC2103,2020-10-09 09:31:37.500,5950.8000,40362,-1,676784960.000,2,0,2,多平,S,5948.8000,5948.6000,5948.0000,5946.8000,5946.6000,5951.2000,5952.0000,5954.6000,5954.8000,5955.0000,1,1,1,2,4,10,4,1,4,1
SF,IC2103,2020-10-09 09:31:38.000,5948.8000,40361,-1,677974720.000,1,0,1,双平,S,5948.6000,5948.0000,5946.8000,5946.6000,5943.6000,5948.8000,5950.0000,5951.0000,5951.2000,5952.0000,1,1,2,4,6,4,1,2,10,4
SF,IC2103,2020-10-09 09:31:38.500,5950.0000,40357,-4,685113520.000,6,1,5,多平,S,5948.6000,5948.0000,5946.8000,5946.6000,5943.6000,5951.0000,5951.2000,5952.0000,5954.6000,5954.8000,1,1,2,4,6,2,10,4,1,4
SF,IC2103,2020-10-09 09:31:39.000,5950.0000,40357,0,685113520.000,0,-,-,-,-,5948.6000,5948.0000,5946.8000,5946.6000,5943.6000,5951.0000,5951.2000,5952.0000,5954.6000,5954.8000,1,1,2,4,6,2,10,4,1,4
SF,IC2103,2020-10-09 09:31:39.500,5948.6000,40356,-1,686303240.000,1,0,1,双平,S,5948.0000,5946.8000,5946.6000,5943.6000,5940.6000,5951.0000,5951.2000,5952.0000,5954.6000,5954.8000,1,2,4,6,8,2,10,4,1,4
SF,IC2103,2020-10-09 09:31:40.000,5948.0000,40356,0,687492840.000,1,0,1,多换,S,5948.2000,5946.8000,5946.6000,5943.6000,5940.6000,5950.0000,5950.8000,5951.0000,5951.2000,5952.0000,1,2,4,6,8,1,2,2,10,4
SF,IC2103,2020-10-09 09:31:40.500,5948.0000,40355,-1,688682440.000,1,0,1,双平,S,5946.8000,5946.6000,5943.6000,5940.6000,5939.2000,5948.6000,5949.8000,5950.0000,5950.8000,5951.2000,2,4,6,8,1,1,2,1,2,10
SF,IC2103,2020-10-09 09:31:41.000,5946.8000,40355,0,689871800.000,1,0,1,多换,S,5946.8000,5946.6000,5943.6000,5940.6000,5939.2000,5948.4000,5948.6000,5949.8000,5950.0000,5950.8000,1,4,6,8,1,1,1,1,1,2
SF,IC2103,2020-10-09 09:31:41.500,5946.8000,40355,0,689871800.000,0,-,-,-,-,5946.8000,5946.6000,5943.6000,5940.6000,5939.2000,5948.4000,5948.6000,5949.8000,5950.0000,5950.8000,1,4,6,8,1,1,1,1,1,2
SF,IC2103,2020-10-09 09:31:42.000,5950.8000,40355,0,698201640.000,7,3,4,多换,S,5951.0000,5947.4000,5946.6000,5943.6000,5940.6000,5951.2000,5952.0000,5954.6000,5954.8000,5955.0000,3,4,4,5,8,10,4,1,4,1
SF,IC2103,2020-10-09 09:31:42.500,5951.0000,40355,0,701772240.000,3,1,2,多换,S,5948.4000,5947.4000,5946.8000,5946.6000,5943.6000,5951.0000,5951.2000,5952.0000,5954.6000,5954.8000,1,4,1,4,5,1,11,4,1,4
SF,IC2103,2020-10-09 09:31:43.000,5951.0000,40355,0,701772240.000,0,-,-,-,-,5948.6000,5948.4000,5946.8000,5946.6000,5943.6000,5950.8000,5951.0000,5951.2000,5952.0000,5954.6000,1,1,1,4,5,2,1,11,4,1
SF,IC2103,2020-10-09 09:31:43.500,5951.0000,40355,0,701772240.000,0,-,-,-,-,5948.4000,5946.8000,5946.6000,5943.6000,5941.6000,5950.8000,5951.0000,5951.2000,5952.0000,5954.6000,1,1,4,5,1,2,1,11,4,1
SF,IC2103,2020-10-09 09:31:44.000,5950.8000,40356,1,702962400.000,1,1,0,双开,S,5948.8000,5946.6000,5943.6000,5941.6000,5940.6000,5950.8000,5951.0000,5951.2000,5952.0000,5954.6000,1,4,5,1,8,2,1,11,4,1
SF,IC2103,2020-10-09 09:31:44.500,5950.8000,40356,0,702962400.000,0,-,-,-,-,5948.8000,5946.6000,5943.6000,5941.6000,5940.6000,5950.8000,5951.2000,5952.0000,5954.6000,5954.8000,1,4,5,1,8,1,11,4,1,4
SF,IC2103,2020-10-09 09:31:45.000,5948.8000,40356,0,705342320.000,2,1,1,多换,S,5950.8000,5946.6000,5943.6000,5941.6000,5940.6000,5951.2000,5952.0000,5954.6000,5954.8000,5955.0000,5,4,5,1,8,11,4,1,4,1
SF,IC2103,2020-10-09 09:31:45.500,5950.8000,40356,0,711293120.000,5,2,3,多换,S,5946.6000,5943.6000,5941.6000,5940.6000,5939.2000,5950.8000,5951.0000,5951.2000,5952.0000,5954.6000,4,5,1,8,1,1,1,11,4,1
SF,IC2103,2020-10-09 09:31:46.000,5950.8000,40356,0,711293120.000,0,-,-,-,-,5946.8000,5946.6000,5943.6000,5941.6000,5940.6000,5950.6000,5951.2000,5952.0000,5954.6000,5954.8000,1,4,5,1,8,2,11,4,1,4
SF,IC2103,2020-10-09 09:31:47.000,5950.8000,40356,0,711293120.000,0,-,-,-,-,5946.8000,5946.6000,5943.6000,5941.6000,5940.6000,5950.6000,5951.2000,5952.0000,5954.6000,5954.8000,1,4,5,1,8,2,11,4,1,4
SF,IC2103,2020-10-09 09:31:47.500,5950.8000,40356,0,711293120.000,0,-,-,-,-,5946.8000,5946.6000,5943.6000,5941.6000,5940.6000,5950.6000,5951.0000,5951.2000,5952.0000,5954.6000,1,4,5,1,8,2,3,11,4,1
SF,IC2103,2020-10-09 09:31:48.000,5950.8000,40356,0,711293120.000,0,-,-,-,-,5946.8000,5946.6000,5943.6000,5941.6000,5940.6000,5950.6000,5951.0000,5951.2000,5952.0000,5954.6000,1,4,5,1,8,2,3,10,4,1
SF,IC2103,2020-10-09 09:31:48.500,5950.8000,40355,-1,712483280.000,1,0,1,双平,S,5947.4000,5947.0000,5946.8000,5946.6000,5943.6000,5950.6000,5951.0000,5951.2000,5952.0000,5954.6000,2,1,1,4,5,1,3,10,4,1
SF,IC2103,2020-10-09 09:31:49.000,5950.8000,40355,0,712483280.000,0,-,-,-,-,5947.6000,5947.4000,5946.6000,5943.6000,5941.6000,5950.6000,5951.0000,5951.2000,5952.0000,5954.6000,2,1,4,5,1,1,3,10,4,1
SF,IC2103,2020-10-09 09:31:49.500,5950.8000,40353,-2,714863600.000,2,0,2,双平,S,5947.8000,5947.6000,5947.4000,5946.6000,5946.0000,5950.6000,5950.8000,5951.0000,5951.2000,5952.0000,1,2,1,4,1,2,1,3,10,4
SF,IC2103,2020-10-09 09:31:50.000,5950.6000,40352,-1,716053720.000,1,0,1,双平,S,5949.8000,5948.0000,5947.8000,5947.4000,5946.6000,5950.6000,5950.8000,5951.0000,5951.2000,5952.0000,2,2,1,1,4,1,1,3,10,4
SF,IC2103,2020-10-09 09:31:51.000,5949.8000,40352,0,718433640.000,2,1,1,多换,S,5948.0000,5947.8000,5947.4000,5946.6000,5946.0000,5950.6000,5950.8000,5951.0000,5951.2000,5952.0000,2,1,1,4,1,1,2,3,10,4
SF,IC2103,2020-10-09 09:31:51.500,5949.8000,40352,0,718433640.000,0,-,-,-,-,5948.0000,5947.8000,5947.4000,5946.6000,5946.0000,5950.6000,5950.8000,5951.0000,5951.2000,5952.0000,2,1,1,4,1,1,2,3,10,4
SF,IC2103,2020-10-09 09:31:52.000,5949.8000,40352,0,718433640.000,0,-,-,-,-,5948.0000,5947.8000,5947.4000,5946.6000,5946.0000,5950.6000,5950.8000,5951.0000,5951.2000,5952.0000,2,1,1,4,1,1,3,3,10,4
SF,IC2103,2020-10-09 09:31:52.500,5949.8000,40352,0,718433640.000,0,-,-,-,-,5949.2000,5948.8000,5948.0000,5947.4000,5946.6000,5950.6000,5950.8000,5951.0000,5951.2000,5952.0000,1,1,2,1,4,1,4,3,10,4
SF,IC2103,2020-10-09 09:31:53.000,5949.8000,40352,0,718433640.000,0,-,-,-,-,5949.4000,5948.8000,5948.0000,5947.4000,5946.6000,5950.6000,5950.8000,5951.0000,5951.2000,5952.0000,3,1,1,1,4,1,4,3,10,4
SF,IC2103,2020-10-09 09:31:53.500,5950.6000,40352,0,719623760.000,1,0,1,多换,S,5949.4000,5948.8000,5948.0000,5947.4000,5946.6000,5950.4000,5950.8000,5951.0000,5951.2000,5952.0000,3,1,1,1,4,1,4,3,10,4
SF,IC2103,2020-10-09 09:31:54.000,5950.8000,40351,-1,723194160.000,3,1,2,多平,S,5949.4000,5948.8000,5948.0000,5947.4000,5946.6000,5950.8000,5951.0000,5951.2000,5952.0000,5954.6000,3,1,1,1,4,2,3,10,4,1
SF,IC2103,2020-10-09 09:31:54.500,5949.4000,40347,-4,730333800.000,6,1,5,多平,S,5948.8000,5948.0000,5947.4000,5946.6000,5946.0000,5950.8000,5951.0000,5951.2000,5952.0000,5954.6000,1,1,1,4,1,1,3,10,4,1
SF,IC2103,2020-10-09 09:31:55.000,5950.8000,40347,0,731523960.000,1,0,1,多换,S,5950.6000,5949.0000,5948.0000,5947.4000,5946.6000,5951.0000,5951.2000,5952.0000,5954.6000,5954.8000,1,2,1,1,4,3,10,4,1,4
SF,IC2103,2020-10-09 09:31:55.500,5950.6000,40347,0,732714080.000,1,0,1,多换,S,5949.0000,5948.0000,5947.4000,5946.6000,5946.0000,5951.0000,5951.2000,5952.0000,5954.6000,5954.8000,2,1,1,4,1,3,10,4,1,4
SF,IC2103,2020-10-09 09:31:56.000,5950.8000,40346,-1,735094040.000,2,0,2,多平,S,5948.0000,5947.4000,5946.6000,5946.0000,5943.6000,5950.8000,5951.0000,5951.2000,5952.0000,5954.6000,1,1,4,1,5,1,3,10,4,1
SF,IC2103,2020-10-09 09:31:56.500,5949.4000,40346,0,736283920.000,1,0,1,多换,S,5949.4000,5948.2000,5948.0000,5947.4000,5946.6000,5950.6000,5950.8000,5951.0000,5951.2000,5952.0000,3,1,1,1,4,1,1,3,10,4
SF,IC2103,2020-10-09 09:31:57.000,5949.4000,40346,0,739853560.000,3,1,2,多换,S,5948.0000,5947.4000,5946.6000,5946.0000,5943.6000,5950.4000,5950.6000,5951.0000,5951.2000,5952.0000,1,1,4,1,5,1,1,3,10,4
SF,IC2103,2020-10-09 09:31:57.500,5949.4000,40346,0,739853560.000,0,-,-,-,-,5948.2000,5948.0000,5947.4000,5946.6000,5946.0000,5950.2000,5950.4000,5951.0000,5951.2000,5952.0000,1,1,1,4,1,1,1,3,10,4
SF,IC2103,2020-10-09 09:31:58.000,5950.4000,40345,-1,741043640.000,1,0,1,双平,S,5950.8000,5948.2000,5948.0000,5947.4000,5946.6000,5951.0000,5951.2000,5952.0000,5953.4000,5954.6000,1,1,1,1,4,3,10,4,1,1
SF,IC2103,2020-10-09 09:31:58.500,5950.8000,40344,-1,742233800.000,1,0,1,双平,S,5949.2000,5948.2000,5948.0000,5947.4000,5946.6000,5949.4000,5950.8000,5951.0000,5951.2000,5952.0000,1,1,2,1,4,1,2,7,10,4
SF,IC2103,2020-10-09 09:31:59.000,5949.4000,40343,-1,743423680.000,1,0,1,双平,S,5949.2000,5948.0000,5947.4000,5946.6000,5946.0000,5950.8000,5951.0000,5951.2000,5952.0000,5953.4000,1,1,1,4,1,1,7,10,4,1
SF,IC2103,2020-10-09 09:31:59.500,5949.4000,40343,0,743423680.000,0,-,-,-,-,5949.4000,5949.2000,5948.0000,5947.4000,5946.6000,5950.6000,5951.0000,5951.2000,5952.0000,5953.4000,1,1,1,1,4,1,7,10,4,1
SF,IC2103,2020-10-09 09:32:00.000,5949.4000,40342,-1,744613560.000,1,0,1,双平,S,5949.2000,5948.0000,5947.4000,5946.6000,5946.0000,5950.6000,5951.0000,5951.2000,5952.0000,5953.4000,1,1,1,4,1,2,7,10,4,1
SF,IC2103,2020-10-09 09:32:00.500,5949.4000,40342,0,744613560.000,0,-,-,-,-,5949.4000,5949.2000,5948.0000,5947.4000,5946.6000,5950.6000,5951.0000,5951.2000,5952.0000,5953.4000,1,1,1,1,4,3,7,10,4,1
SF,IC2103,2020-10-09 09:32:01.000,5950.6000,40339,-3,748183920.000,3,0,3,双平,S,5949.6000,5949.4000,5949.2000,5948.0000,5947.4000,5951.0000,5951.2000,5952.0000,5953.4000,5954.6000,1,1,1,1,1,7,10,4,1,1
SF,IC2103,2020-10-09 09:32:01.500,5951.0000,40337,-2,750564320.000,2,0,2,双平,S,5950.0000,5949.8000,5949.6000,5949.2000,5948.0000,5951.0000,5951.2000,5952.0000,5953.4000,5954.6000,1,2,1,1,1,5,10,4,1,1
SF,IC2103,2020-10-09 09:32:02.000,5951.0000,40332,-5,757705520.000,6,0,6,多平,S,5950.2000,5950.0000,5949.8000,5949.2000,5948.0000,5951.2000,5952.0000,5953.4000,5954.6000,5954.8000,1,1,1,1,1,10,4,1,1,4
SF,IC2103,2020-10-09 09:32:02.500,5951.2000,40331,-1,758895760.000,1,0,1,双平,S,5950.2000,5950.0000,5949.8000,5949.2000,5948.0000,5951.2000,5952.0000,5954.6000,5954.8000,5955.0000,1,1,1,1,1,9,4,1,4,1
SF,IC2103,2020-10-09 09:32:03.000,5950.2000,40325,-6,767227240.000,7,0,7,多平,S,5950.0000,5949.8000,5949.2000,5948.0000,5947.4000,5950.2000,5950.6000,5951.2000,5952.0000,5954.6000,1,1,1,1,1,1,1,3,4,1
SF,IC2103,2020-10-09 09:32:03.500,5951.2000,40323,-2,770797640.000,3,0,3,多平,S,5950.6000,5950.0000,5949.8000,5949.2000,5948.0000,5951.2000,5952.0000,5954.6000,5954.8000,5955.0000,1,2,1,1,1,2,4,1,4,1
SF,IC2103,2020-10-09 09:32:04.000,5951.2000,40321,-2,773178120.000,2,0,2,双平,S,5950.8000,5950.6000,5950.2000,5950.0000,5949.2000,5952.0000,5954.6000,5954.8000,5955.0000,5956.0000,2,1,1,2,1,4,1,4,1,1
SF,IC2103,2020-10-09 09:32:04.500,5952.0000,40319,-2,776749320.000,3,0,3,多平,S,5951.0000,5950.8000,5950.6000,5950.0000,5949.2000,5952.0000,5954.6000,5954.8000,5955.0000,5956.0000,2,2,1,1,1,1,1,4,1,1
SF,IC2103,2020-10-09 09:32:05.000,5952.0000,40318,-1,777939720.000,1,0,1,双平,S,5951.2000,5950.8000,5950.6000,5950.0000,5949.2000,5954.6000,5954.8000,5955.0000,5956.0000,5958.0000,1,1,1,1,1,1,4,1,1,1
SF,IC2103,2020-10-09 09:32:05.500,5954.4000,40316,-2,780321480.000,2,0,2,双平,S,5952.0000,5951.4000,5951.2000,5950.8000,5950.6000,5954.4000,5954.6000,5954.8000,5955.0000,5956.0000,2,1,1,1,1,1,1,4,1,1
SF,IC2103,2020-10-09 09:32:06.000,5954.4000,40316,0,780321480.000,0,-,-,-,-,5952.2000,5952.0000,5951.4000,5950.8000,5950.6000,5954.2000,5954.4000,5954.6000,5954.8000,5955.0000,1,2,1,1,1,1,2,1,4,1
SF,IC2103,2020-10-09 09:32:06.500,5954.2000,40314,-2,782703160.000,2,0,2,双平,S,5952.0000,5951.4000,5950.8000,5950.6000,5949.2000,5954.4000,5954.6000,5954.8000,5955.0000,5956.0000,2,1,1,1,1,1,1,4,1,1
SF,IC2103,2020-10-09 09:32:07.000,5952.8000,40313,-1,783893720.000,1,0,1,双平,S,5952.8000,5952.2000,5952.0000,5951.4000,5950.8000,5954.2000,5954.4000,5954.6000,5954.8000,5955.0000,1,1,1,1,1,1,1,1,4,1
SF,IC2103,2020-10-09 09:32:07.500,5953.8000,40313,0,786275280.000,2,1,1,多换,S,5953.8000,5952.8000,5952.2000,5952.0000,5951.4000,5954.2000,5954.6000,5954.8000,5955.0000,5956.0000,2,1,2,1,1,1,1,4,1,1
SF,IC2103,2020-10-09 09:32:08.000,5953.8000,40313,0,788656800.000,2,1,1,多换,S,5952.2000,5952.0000,5951.4000,5950.6000,5949.2000,5954.6000,5954.8000,5955.0000,5956.0000,5958.0000,2,1,1,1,1,1,4,1,1,1
SF,IC2103,2020-10-09 09:32:08.500,5954.6000,40312,-1,789847720.000,1,0,1,双平,S,5952.2000,5952.0000,5951.4000,5951.2000,5950.6000,5954.8000,5955.0000,5956.0000,5958.0000,5958.8000,2,1,1,1,1,4,1,1,1,1
SF,IC2103,2020-10-09 09:32:09.000,5954.6000,40312,0,789847720.000,0,-,-,-,-,5952.4000,5952.2000,5952.0000,5951.2000,5950.6000,5954.8000,5955.0000,5956.0000,5958.0000,5958.8000,1,2,1,1,1,4,1,1,1,1
SF,IC2103,2020-10-09 09:32:09.500,5952.4000,40310,-2,793419240.000,3,0,3,多平,S,5952.0000,5951.2000,5950.6000,5949.2000,5947.4000,5952.4000,5954.8000,5955.0000,5956.0000,5958.0000,1,1,1,1,1,1,4,1,1,1
SF,IC2103,2020-10-09 09:32:10.000,5952.4000,40308,-2,795800200.000,2,0,2,双平,S,5952.4000,5952.0000,5951.8000,5951.2000,5950.6000,5954.8000,5955.0000,5956.0000,5958.0000,5958.8000,1,1,1,1,1,4,1,1,1,1
SF,IC2103,2020-10-09 09:32:10.500,5952.0000,40307,-1,799372040.000,3,1,2,多平,S,5951.8000,5951.2000,5950.6000,5949.2000,5947.4000,5952.0000,5954.8000,5955.0000,5956.0000,5958.0000,1,1,1,1,1,1,4,1,1,1
SF,IC2103,2020-10-09 09:32:11.000,5952.0000,40306,-1,800562440.000,1,0,1,双平,S,5952.0000,5951.8000,5951.2000,5950.6000,5949.2000,5954.8000,5955.0000,5956.0000,5958.0000,5958.8000,1,1,1,1,1,4,1,1,1,1
SF,IC2103,2020-10-09 09:32:11.500,5952.0000,40301,-5,807706600.000,6,0,6,多平,S,5952.2000,5951.8000,5951.2000,5950.6000,5949.2000,5954.6000,5954.8000,5955.0000,5956.0000,5958.0000,1,1,1,1,1,1,1,4,1,1
SF,IC2103,2020-10-09 09:32:12.000,5954.6000,40301,0,808897520.000,1,0,1,多换,S,5952.6000,5952.4000,5951.8000,5951.2000,5950.6000,5954.8000,5955.0000,5956.0000,5958.0000,5958.8000,1,1,1,1,1,1,4,1,1,1
SF,IC2103,2020-10-09 09:32:12.500,5953.0000,40299,-2,814851280.000,5,1,4,多平,S,5952.8000,5952.6000,5951.8000,5951.2000,5950.6000,5954.8000,5955.0000,5956.0000,5958.0000,5958.8000,1,1,1,1,1,1,5,1,1,1
SF,IC2103,2020-10-09 09:32:13.000,5953.2000,40299,0,817232880.000,2,1,1,多换,S,5954.4000,5953.2000,5953.0000,5952.8000,5952.6000,5955.0000,5956.0000,5958.0000,5958.8000,5959.0000,1,1,1,2,1,5,1,1,1,1
SF,IC2103,2020-10-09 09:32:13.500,5955.0000,40297,-2,820805880.000,3,0,3,多平,S,5952.8000,5951.2000,5950.6000,5949.2000,5947.4000,5955.0000,5956.0000,5958.0000,5958.8000,5959.0000,2,1,1,1,1,2,1,1,1,1
SF,IC2103,2020-10-09 09:32:14.000,5955.0000,40296,-1,821996880.000,1,0,1,双平,S,5953.6000,5953.2000,5953.0000,5952.8000,5951.2000,5954.4000,5955.0000,5956.0000,5958.0000,5958.8000,1,2,2,2,1,3,1,1,1,1
SF,IC2103,2020-10-09 09:32:14.500,5955.0000,40292,-4,826760520.000,4,0,4,双平,S,5954.0000,5953.2000,5953.0000,5952.8000,5951.2000,5956.0000,5958.0000,5958.8000,5959.0000,5959.6000,1,2,2,1,1,1,1,1,1,3
SF,IC2103,2020-10-09 09:32:15.000,5955.0000,40290,-2,830333880.000,3,0,3,多平,S,5954.2000,5953.8000,5953.2000,5953.0000,5951.2000,5958.0000,5958.8000,5959.0000,5959.6000,5959.8000,2,1,2,2,1,1,1,1,3,1
SF,IC2103,2020-10-09 09:32:15.500,5954.2000,40287,-3,833906440.000,3,0,3,双平,S,5955.0000,5953.8000,5953.2000,5953.0000,5951.2000,5957.8000,5958.0000,5958.8000,5959.0000,5959.6000,3,1,2,2,1,2,1,1,1,3
SF,IC2103,2020-10-09 09:32:16.000,5955.0000,40282,-5,839862560.000,5,0,5,双平,S,5955.0000,5953.8000,5953.2000,5953.0000,5951.2000,5957.8000,5958.0000,5958.8000,5959.0000,5959.6000,1,1,2,2,1,2,1,1,1,3
SF,IC2103,2020-10-09 09:32:16.500,5955.0000,40281,-1,841053560.000,1,0,1,双平,S,5953.8000,5953.2000,5951.2000,5949.2000,5947.4000,5955.0000,5957.8000,5958.0000,5958.8000,5959.0000,1,2,1,1,1,2,2,1,1,1
SF,IC2103,2020-10-09 09:32:17.000,5953.8000,40281,0,842244320.000,1,0,1,多换,S,5953.2000,5951.2000,5949.2000,5947.4000,5946.6000,5953.8000,5954.8000,5955.0000,5957.8000,5958.0000,2,1,1,1,4,2,1,2,1,1
SF,IC2103,2020-10-09 09:32:17.500,5953.8000,40278,-3,847007120.000,4,0,4,多平,S,5951.2000,5947.4000,5946.6000,5946.0000,5943.6000,5954.8000,5955.0000,5957.8000,5958.0000,5958.8000,1,1,4,1,5,1,2,1,1,1
SF,IC2103,2020-10-09 09:32:18.000,5954.8000,40276,-2,849389000.000,2,0,2,双平,S,5951.8000,5951.4000,5951.2000,5950.0000,5947.4000,5955.0000,5958.0000,5958.8000,5959.0000,5959.6000,1,2,1,1,1,2,1,1,1,3
SF,IC2103,2020-10-09 09:32:18.500,5954.8000,40276,0,849389000.000,0,-,-,-,-,5952.2000,5952.0000,5951.8000,5951.2000,5950.0000,5954.8000,5955.0000,5958.0000,5958.8000,5959.0000,2,2,1,1,1,1,2,1,1,1
SF,IC2103,2020-10-09 09:32:19.000,5954.8000,40276,0,849389000.000,0,-,-,-,-,5952.6000,5952.4000,5952.2000,5952.0000,5951.8000,5954.8000,5955.0000,5958.0000,5958.8000,5959.0000,1,1,2,1,1,1,2,1,1,1
SF,IC2103,2020-10-09 09:32:19.500,5954.8000,40276,0,849389000.000,0,-,-,-,-,5952.8000,5952.6000,5952.2000,5952.0000,5951.8000,5954.8000,5955.0000,5958.0000,5958.8000,5959.0000,2,1,2,1,1,1,2,1,1,1
SF,IC2103,2020-10-09 09:32:20.000,5954.8000,40276,0,849389000.000,0,-,-,-,-,5953.4000,5952.8000,5952.6000,5952.2000,5952.0000,5955.0000,5958.0000,5958.8000,5959.0000,5959.6000,1,1,1,2,1,2,1,1,1,3
SF,IC2103,2020-10-09 09:32:20.500,5955.0000,40276,0,851771000.000,2,1,1,多换,S,5955.4000,5953.4000,5952.8000,5952.6000,5952.2000,5958.0000,5958.8000,5959.0000,5959.6000,5959.8000,1,1,1,1,1,1,1,1,3,1
SF,IC2103,2020-10-09 09:32:21.000,5955.0000,40276,0,851771000.000,0,-,-,-,-,5955.6000,5955.4000,5953.4000,5952.8000,5952.6000,5957.8000,5958.0000,5958.8000,5959.0000,5959.6000,2,1,1,1,1,1,1,1,1,3
SF,IC2103,2020-10-09 09:32:21.500,5955.6000,40274,-2,855344360.000,3,0,3,多平,S,5956.2000,5955.6000,5955.4000,5953.4000,5952.6000,5957.8000,5958.0000,5958.8000,5959.0000,5959.6000,1,1,1,1,1,1,1,1,1,3
SF,IC2103,2020-10-09 09:32:22.000,5957.8000,40274,0,856535920.000,1,0,1,多换,S,5956.2000,5955.6000,5955.4000,5953.4000,5952.6000,5958.0000,5958.8000,5959.0000,5959.6000,5959.8000,1,2,1,1,1,1,1,1,3,1
SF,IC2103,2020-10-09 09:32:22.500,5956.4000,40273,-1,858918480.000,2,0,2,多平,S,5955.6000,5955.4000,5953.4000,5952.6000,5952.2000,5956.0000,5956.2000,5957.8000,5958.0000,5958.8000,2,1,1,1,1,1,2,1,1,1
SF,IC2103,2020-10-09 09:32:23.000,5956.4000,40270,-3,862492320.000,3,0,3,双平,S,5955.4000,5953.4000,5952.6000,5952.2000,5951.2000,5957.8000,5958.0000,5958.8000,5959.0000,5959.6000,2,1,1,1,1,1,1,1,1,3
SF,IC2103,2020-10-09 09:32:23.500,5955.6000,40268,-2,866065680.000,3,0,3,多平,S,5955.4000,5953.4000,5952.6000,5952.2000,5951.2000,5956.6000,5957.8000,5958.0000,5958.8000,5959.0000,1,1,1,1,1,1,1,1,1,1
SF,IC2103,2020-10-09 09:32:24.000,5956.6000,40268,0,867257000.000,1,0,1,多换,S,5955.6000,5955.4000,5953.4000,5952.6000,5952.2000,5957.8000,5958.0000,5958.8000,5959.0000,5959.6000,5,2,1,1,1,1,1,1,1,3
SF,IC2103,2020-10-09 09:32:24.500,5957.8000,40268,0,868448560.000,1,0,1,多换,S,5956.6000,5955.6000,5955.4000,5953.4000,5952.6000,5958.0000,5958.8000,5959.0000,5959.6000,5959.8000,1,5,2,1,1,1,1,1,3,1
SF,IC2103,2020-10-09 09:32:25.000,5958.0000,40265,-3,873213720.000,4,0,4,多平,S,5955.6000,5955.4000,5953.4000,5952.6000,5952.2000,5958.8000,5959.0000,5959.6000,5959.8000,5960.6000,3,1,1,1,1,1,1,3,1,1
SF,IC2103,2020-10-09 09:32:25.500,5958.6000,40264,-1,874405440.000,1,0,1,双平,S,5956.0000,5955.8000,5955.6000,5955.4000,5953.4000,5958.6000,5958.8000,5959.0000,5959.6000,5959.8000,1,2,3,1,1,2,1,1,3,1
SF,IC2103,2020-10-09 09:32:26.000,5956.0000,40264,0,876787880.000,2,1,1,多换,S,5955.8000,5955.6000,5955.4000,5953.4000,5952.6000,5958.4000,5958.6000,5958.8000,5959.0000,5959.6000,1,3,1,1,1,1,2,1,1,3
SF,IC2103,2020-10-09 09:32:26.500,5956.0000,40264,0,876787880.000,0,-,-,-,-,5955.8000,5955.6000,5955.4000,5953.4000,5952.6000,5956.0000,5958.2000,5958.4000,5958.8000,5959.0000,1,3,1,1,1,3,2,1,1,1
SF,IC2103,2020-10-09 09:32:27.000,5956.0000,40261,-3,880361480.000,3,0,3,双平,S,5955.8000,5955.6000,5955.4000,5953.4000,5952.6000,5956.0000,5958.2000,5958.4000,5958.8000,5959.0000,2,3,1,1,1,1,2,1,1,1
SF,IC2103,2020-10-09 09:32:27.500,5956.0000,40261,0,881552680.000,1,0,1,多换,S,5955.8000,5955.6000,5955.4000,5953.4000,5952.6000,5958.2000,5958.4000,5958.8000,5959.0000,5959.6000,1,3,1,1,1,1,1,1,1,3
SF,IC2103,2020-10-09 09:32:28.000,5958.0000,40261,0,882744280.000,1,0,1,多换,S,5956.0000,5955.8000,5955.6000,5955.4000,5953.4000,5958.4000,5958.8000,5959.0000,5959.6000,5959.8000,1,1,3,1,1,1,1,1,3,1
SF,IC2103,2020-10-09 09:32:28.500,5958.4000,40260,-1,883935960.000,1,0,1,双平,S,5956.6000,5956.4000,5956.2000,5955.8000,5955.6000,5958.8000,5959.0000,5959.6000,5959.8000,5960.6000,1,6,1,1,3,1,1,3,1,1
SF,IC2103,2020-10-09 09:32:29.000,5958.8000,40260,0,885127720.000,1,0,1,多换,S,5958.4000,5957.2000,5957.0000,5956.8000,5956.6000,5959.0000,5959.6000,5959.8000,5960.6000,5962.0000,1,2,1,1,1,1,3,1,1,2
SF,IC2103,2020-10-09 09:32:29.500,5957.0000,40259,-1,889894160.000,4,1,3,多平,S,5958.8000,5956.8000,5956.6000,5955.8000,5955.6000,5959.6000,5959.8000,5960.6000,5962.0000,5964.4000,1,1,1,1,3,3,1,1,2,1
SF,IC2103,2020-10-09 09:32:30.000,5959.6000,40256,-3,893469920.000,3,0,3,双平,S,5958.8000,5956.8000,5956.6000,5955.8000,5955.6000,5959.8000,5960.6000,5962.0000,5964.4000,5965.4000,1,1,1,1,3,1,1,2,1,1
SF,IC2103,2020-10-09 09:32:30.500,5959.8000,40255,-1,894661880.000,1,0,1,双平,S,5959.4000,5959.0000,5958.8000,5958.4000,5957.2000,5960.6000,5962.0000,5962.2000,5964.4000,5965.4000,2,1,1,1,1,1,2,3,1,1
SF,IC2103,2020-10-09 09:32:31.000,5960.6000,40254,-1,895854000.000,1,0,1,双平,S,5959.0000,5958.8000,5958.4000,5957.2000,5956.6000,5962.0000,5962.2000,5964.4000,5965.4000,5966.0000,1,1,1,1,1,2,3,1,1,4
SF,IC2103,2020-10-09 09:32:31.500,5961.8000,40252,-2,898238720.000,2,0,2,双平,S,5959.2000,5958.8000,5957.2000,5956.6000,5955.6000,5961.8000,5962.0000,5962.2000,5964.4000,5965.4000,2,1,1,1,3,2,2,3,1,1
SF,IC2103,2020-10-09 09:32:32.000,5961.8000,40252,0,898238720.000,0,-,-,-,-,5959.8000,5959.6000,5959.4000,5959.2000,5958.8000,5961.6000,5961.8000,5962.0000,5962.2000,5964.4000,4,1,1,2,1,1,1,2,3,1
SF,IC2103,2020-10-09 09:32:32.500,5958.8000,40247,-5,906582640.000,7,1,6,多平,S,5955.6000,5953.2000,5952.6000,5951.2000,5950.0000,5956.8000,5959.2000,5962.0000,5962.2000,5964.4000,3,1,1,1,1,3,3,2,3,1
SF,IC2103,2020-10-09 09:32:33.000,5959.2000,40243,-4,913732600.000,6,1,5,多平,S,5956.8000,5956.0000,5955.8000,5955.6000,5953.2000,5957.0000,5958.8000,5962.0000,5962.2000,5964.4000,2,3,1,3,1,1,1,2,3,1
SF,IC2103,2020-10-09 09:32:33.500,5957.0000,40241,-2,920881400.000,6,2,4,多平,S,5956.8000,5956.0000,5955.6000,5953.2000,5951.2000,5962.0000,5962.2000,5964.4000,5965.4000,5966.0000,1,7,3,1,1,2,3,1,1,4
SF,IC2103,2020-10-09 09:32:34.000,5960.8000,40239,-2,924458360.000,3,0,3,多平,S,5960.8000,5957.0000,5956.8000,5956.0000,5955.6000,5962.2000,5964.4000,5965.4000,5966.0000,5966.2000,5,2,1,7,3,3,1,1,4,2
SF,IC2103,2020-10-09 09:32:34.500,5962.2000,40237,-2,926843240.000,2,0,2,双平,S,5961.4000,5961.0000,5957.0000,5956.8000,5956.0000,5962.2000,5964.4000,5965.4000,5966.0000,5966.2000,1,1,4,1,3,1,1,1,4,2
SF,IC2103,2020-10-09 09:32:35.000,5962.2000,40235,-2,931612680.000,4,1,3,多平,S,5957.0000,5956.8000,5956.0000,5955.6000,5953.2000,5960.8000,5964.4000,5965.4000,5966.0000,5966.2000,4,1,3,3,1,2,1,1,4,2
SF,IC2103,2020-10-09 09:32:35.500,5960.8000,40233,-2,933997040.000,2,0,2,双平,S,5960.8000,5959.2000,5958.8000,5957.8000,5957.6000,5961.4000,5964.4000,5965.4000,5966.0000,5966.2000,1,3,2,1,2,1,1,1,4,2
SF,IC2103,2020-10-09 09:32:36.000,5961.4000,40229,-4,941150240.000,6,1,5,多平,S,5957.0000,5956.8000,5956.0000,5955.6000,5953.2000,5960.8000,5961.4000,5964.4000,5965.4000,5966.0000,3,1,3,3,1,2,1,1,1,4
SF,IC2103,2020-10-09 09:32:36.500,5960.8000,40228,-1,944726720.000,3,1,2,多平,S,5960.8000,5957.8000,5957.2000,5957.0000,5956.8000,5961.4000,5964.4000,5965.4000,5966.0000,5966.2000,1,1,1,3,1,1,1,1,4,2
SF,IC2103,2020-10-09 09:32:37.000,5960.8000,40228,0,944726720.000,0,-,-,-,-,5960.8000,5957.2000,5957.0000,5956.8000,5956.0000,5961.4000,5964.4000,5965.4000,5966.0000,5966.2000,1,1,3,1,3,1,1,1,4,2
SF,IC2103,2020-10-09 09:32:37.500,5964.4000,40229,1,949496440.000,4,2,2,空开,S,5962.0000,5961.8000,5960.8000,5957.2000,5957.0000,5965.4000,5966.0000,5966.2000,5966.8000,5967.6000,3,1,1,1,3,1,4,2,5,1
SF,IC2103,2020-10-09 09:32:38.000,5962.0000,40228,-1,953073680.000,3,1,2,多平,S,5962.0000,5961.8000,5957.0000,5956.0000,5955.6000,5965.0000,5965.2000,5965.4000,5966.0000,5966.2000,1,1,3,3,3,1,2,1,4,2
SF,IC2103,2020-10-09 09:32:38.500,5962.0000,40227,-1,956650840.000,3,1,2,多平,S,5957.0000,5956.0000,5955.6000,5954.2000,5953.2000,5962.0000,5964.4000,5964.6000,5964.8000,5965.0000,3,3,3,1,1,2,1,1,3,1
SF,IC2103,2020-10-09 09:32:39.000,5962.0000,40227,0,959035640.000,2,1,1,多换,S,5957.4000,5957.2000,5957.0000,5956.0000,5955.6000,5962.0000,5964.4000,5965.0000,5965.4000,5966.0000,1,1,3,3,3,2,1,1,1,4
SF,IC2103,2020-10-09 09:32:39.500,5961.8000,40224,-3,963802640.000,4,0,4,多平,S,5957.6000,5957.0000,5956.0000,5955.6000,5954.2000,5961.8000,5962.0000,5964.4000,5965.0000,5965.4000,1,2,3,3,1,1,2,1,1,1
SF,IC2103,2020-10-09 09:32:40.000,5960.0000,40224,0,967378640.000,3,1,2,多换,S,5960.0000,5959.4000,5957.6000,5957.0000,5956.0000,5961.6000,5961.8000,5962.0000,5964.4000,5965.0000,3,2,1,2,3,1,1,2,1,2
SF,IC2103,2020-10-09 09:32:40.500,5960.0000,40224,0,970954640.000,3,1,2,多换,S,5960.2000,5960.0000,5957.0000,5956.0000,5955.6000,5962.0000,5964.4000,5965.0000,5965.4000,5966.0000,1,1,2,3,3,2,1,2,1,4
SF,IC2103,2020-10-09 09:32:41.000,5960.2000,40223,-1,975722800.000,4,1,3,多平,S,5960.4000,5960.2000,5960.0000,5957.0000,5956.0000,5962.0000,5964.4000,5965.0000,5965.4000,5966.0000,2,2,1,2,3,2,1,2,1,4
SF,IC2103,2020-10-09 09:32:41.500,5960.2000,40222,-1,976914840.000,1,0,1,双平,S,5957.0000,5956.0000,5955.6000,5953.2000,5951.6000,5960.4000,5961.8000,5962.0000,5964.4000,5965.0000,2,3,3,1,1,3,1,2,1,2
SF,IC2103,2020-10-09 09:32:42.000,5960.4000,40222,0,980491040.000,3,1,2,多换,S,5960.2000,5957.6000,5957.2000,5957.0000,5956.0000,5960.4000,5961.8000,5962.0000,5964.4000,5965.0000,1,1,2,2,3,1,1,2,1,2
SF,IC2103,2020-10-09 09:32:42.500,5960.4000,40221,-1,984067200.000,3,1,2,多平,S,5957.2000,5957.0000,5956.0000,5955.6000,5951.6000,5960.6000,5961.8000,5962.0000,5964.4000,5965.0000,2,2,3,3,1,1,1,2,1,2
SF,IC2103,2020-10-09 09:32:43.000,5960.4000,40221,0,984067200.000,0,-,-,-,-,5959.4000,5957.2000,5957.0000,5956.0000,5955.6000,5960.4000,5962.0000,5962.4000,5964.4000,5965.0000,2,2,2,3,3,1,2,10,1,2
SF,IC2103,2020-10-09 09:32:43.500,5959.4000,40220,-1,987642840.000,3,1,2,多平,S,5957.2000,5957.0000,5956.0000,5955.6000,5951.6000,5959.4000,5960.4000,5962.0000,5962.4000,5964.4000,2,2,3,3,1,1,1,2,10,1
SF,IC2103,2020-10-09 09:32:44.000,5957.2000,40218,-2,990025720.000,2,0,2,双平,S,5959.4000,5957.0000,5956.0000,5955.6000,5951.6000,5960.4000,5962.0000,5962.4000,5964.4000,5965.0000,1,2,3,3,1,1,3,10,1,2
SF,IC2103,2020-10-09 09:32:44.500,5959.4000,40218,0,991217600.000,1,0,1,多换,S,5957.0000,5956.0000,5955.6000,5951.6000,5951.2000,5959.4000,5960.2000,5962.0000,5962.4000,5964.4000,2,3,3,1,1,1,1,3,10,1
SF,IC2103,2020-10-09 09:32:45.000,5959.4000,40218,0,991217600.000,0,-,-,-,-,5957.2000,5957.0000,5955.6000,5951.6000,5951.2000,5959.2000,5960.2000,5962.0000,5962.4000,5964.4000,1,2,3,1,1,1,1,3,10,1
SF,IC2103,2020-10-09 09:32:45.500,5959.4000,40218,0,992409480.000,1,0,1,多换,S,5959.4000,5959.2000,5959.0000,5957.0000,5955.6000,5960.0000,5960.2000,5962.0000,5962.4000,5964.4000,5,1,1,2,3,1,1,3,10,1
SF,IC2103,2020-10-09 09:32:46.000,5959.2000,40218,0,999560720.000,6,3,3,多换,S,5959.0000,5957.0000,5955.6000,5951.6000,5951.2000,5959.4000,5959.8000,5960.0000,5960.2000,5962.0000,1,2,3,1,1,1,1,2,1,3
SF,IC2103,2020-10-09 09:32:46.500,5959.2000,40217,-1,1001944360.000,2,0,2,多平,S,5957.0000,5955.6000,5951.6000,5951.2000,5950.0000,5959.4000,5959.8000,5960.0000,5960.2000,5962.0000,2,3,1,1,1,1,1,1,1,3
SF,IC2103,2020-10-09 09:32:47.000,5959.2000,40217,0,1003136200.000,1,0,1,多换,S,5958.6000,5957.2000,5957.0000,5955.6000,5951.6000,5959.4000,5960.0000,5960.2000,5962.0000,5962.4000,1,1,2,3,1,1,1,1,3,10
SF,IC2103,2020-10-09 09:32:47.500,5958.6000,40217,0,1004327920.000,1,0,1,多换,S,5958.0000,5957.2000,5957.0000,5955.6000,5955.0000,5959.4000,5960.0000,5960.2000,5962.0000,5962.4000,1,1,2,3,1,1,1,1,3,10
SF,IC2103,2020-10-09 09:32:48.000,5959.2000,40216,-1,1005519760.000,1,0,1,双平,S,5958.2000,5958.0000,5957.0000,5955.6000,5955.0000,5959.4000,5960.0000,5960.2000,5962.0000,5962.4000,1,1,2,3,1,1,1,1,3,10
SF,IC2103,2020-10-09 09:32:48.500,5960.0000,40215,-1,1007903640.000,2,0,2,多平,S,5959.2000,5958.2000,5958.0000,5957.0000,5955.6000,5960.2000,5962.0000,5962.4000,5963.8000,5964.4000,1,1,1,2,3,1,3,10,1,1
SF,IC2103,2020-10-09 09:32:49.000,5960.2000,40212,-3,1011479760.000,3,0,3,双平,S,5959.4000,5958.2000,5958.0000,5957.0000,5955.6000,5959.8000,5962.0000,5962.4000,5963.8000,5964.4000,1,1,1,2,3,1,3,10,1,1
SF,IC2103,2020-10-09 09:32:49.500,5960.8000,40210,-2,1013863960.000,2,0,2,双平,S,5958.2000,5958.0000,5957.0000,5955.6000,5955.0000,5962.0000,5962.4000,5963.8000,5964.4000,5965.0000,1,1,2,3,1,3,10,1,1,2
SF,IC2103,2020-10-09 09:32:50.000,5959.4000,40205,-5,1019825400.000,5,0,5,双平,S,5958.6000,5958.4000,5958.0000,5957.0000,5955.6000,5959.2000,5959.4000,5962.4000,5964.4000,5965.0000,1,5,1,2,3,4,1,10,1,2
SF,IC2103,2020-10-09 09:32:50.500,5962.4000,40200,-5,1032939520.000,11,3,8,多平,S,5959.6000,5959.0000,5958.4000,5958.0000,5957.0000,5960.0000,5962.4000,5965.0000,5965.4000,5966.0000,1,1,4,1,2,1,4,2,1,4
SF,IC2103,2020-10-09 09:32:51.000,5960.2000,40199,-1,1034131560.000,1,0,1,双平,S,5962.0000,5960.0000,5959.8000,5959.6000,5959.0000,5962.4000,5965.0000,5965.4000,5966.0000,5966.2000,1,1,2,1,1,4,2,1,4,2
SF,IC2103,2020-10-09 09:32:51.500,5962.0000,40195,-4,1038901160.000,4,0,4,双平,S,5960.0000,5959.0000,5958.6000,5958.4000,5958.0000,5962.4000,5965.0000,5965.4000,5966.0000,5966.2000,1,1,1,1,1,5,1,1,4,2
SF,IC2103,2020-10-09 09:32:52.000,5960.0000,40194,-1,1040093160.000,1,0,1,双平,S,5959.8000,5958.6000,5958.4000,5958.2000,5958.0000,5962.2000,5962.4000,5965.0000,5965.4000,5966.0000,1,1,1,4,1,1,5,1,1,4
SF,IC2103,2020-10-09 09:32:52.500,5959.8000,40193,-1,1041285120.000,1,0,1,双平,S,5960.8000,5958.6000,5958.4000,5958.2000,5958.0000,5961.4000,5961.8000,5962.0000,5962.2000,5962.4000,2,1,1,4,1,1,1,1,1,5
SF,IC2103,2020-10-09 09:32:53.000,5960.0000,40193,0,1044861440.000,3,1,2,多换,S,5958.6000,5958.4000,5958.2000,5958.0000,5957.0000,5960.0000,5961.4000,5961.8000,5962.2000,5962.4000,1,1,4,1,2,3,1,2,1,5
SF,IC2103,2020-10-09 09:32:53.500,5960.0000,40190,-3,1052013440.000,6,1,5,多平,S,5958.6000,5958.4000,5958.2000,5958.0000,5957.0000,5961.4000,5961.8000,5962.4000,5962.6000,5964.2000,1,1,4,1,2,1,1,5,1,1
SF,IC2103,2020-10-09 09:32:54.000,5961.2000,40190,0,1053205680.000,1,0,1,多换,S,5958.8000,5958.6000,5958.4000,5958.2000,5958.0000,5961.4000,5961.8000,5962.4000,5962.6000,5964.2000,2,2,1,4,1,1,1,5,1,1
SF,IC2103,2020-10-09 09:32:54.500,5961.2000,40190,0,1053205680.000,0,-,-,-,-,5959.4000,5958.8000,5958.6000,5958.4000,5958.2000,5961.4000,5961.8000,5962.4000,5962.6000,5964.2000,1,2,1,1,4,2,1,5,1,1
SF,IC2103,2020-10-09 09:32:55.000,5961.4000,40190,0,1055590240.000,2,1,1,多换,S,5959.6000,5959.4000,5958.8000,5958.6000,5958.4000,5961.8000,5962.4000,5962.6000,5964.2000,5965.0000,2,1,1,1,1,1,5,1,1,1
SF,IC2103,2020-10-09 09:32:55.500,5958.6000,40188,-2,1059165640.000,3,0,3,多平,S,5958.4000,5958.2000,5958.0000,5957.0000,5955.6000,5958.6000,5961.6000,5961.8000,5962.4000,5962.6000,1,4,1,2,3,1,1,1,5,1
SF,IC2103,2020-10-09 09:32:56.000,5958.6000,40187,-1,1060357360.000,1,0,1,双平,S,5958.2000,5958.0000,5957.0000,5955.6000,5955.0000,5961.6000,5961.8000,5962.4000,5962.6000,5964.2000,4,1,2,3,1,1,1,5,1,1
SF,IC2103,2020-10-09 09:32:56.500,5958.6000,40187,0,1060357360.000,0,-,-,-,-,5958.4000,5958.2000,5957.0000,5955.6000,5955.0000,5961.4000,5961.6000,5961.8000,5962.4000,5962.6000,2,4,2,3,1,1,1,1,5,1
SF,IC2103,2020-10-09 09:32:57.000,5958.6000,40187,0,1060357360.000,0,-,-,-,-,5959.2000,5958.4000,5958.2000,5957.0000,5955.6000,5959.6000,5961.0000,5961.4000,5961.6000,5961.8000,1,1,4,2,3,3,1,1,1,1
SF,IC2103,2020-10-09 09:32:57.500,5959.6000,40184,-3,1063933120.000,3,0,3,双平,S,5959.4000,5959.2000,5958.2000,5957.0000,5955.6000,5961.0000,5961.4000,5961.6000,5961.8000,5962.4000,1,1,4,2,3,1,1,1,1,5
SF,IC2103,2020-10-09 09:32:58.000,5961.0000,40184,0,1065125320.000,1,0,1,多换,S,5959.6000,5959.4000,5959.2000,5958.2000,5957.0000,5961.6000,5961.8000,5962.4000,5962.6000,5964.2000,1,1,1,4,2,1,1,5,1,1
SF,IC2103,2020-10-09 09:32:58.500,5961.0000,40184,0,1065125320.000,0,-,-,-,-,5959.8000,5959.2000,5958.2000,5957.0000,5955.6000,5961.6000,5961.8000,5962.4000,5962.6000,5964.2000,1,1,5,2,3,1,1,5,1,1
SF,IC2103,2020-10-09 09:32:59.000,5961.0000,40184,0,1065125320.000,0,-,-,-,-,5960.2000,5959.8000,5958.2000,5957.0000,5955.6000,5961.8000,5962.4000,5962.6000,5964.2000,5965.0000,1,1,5,2,3,1,5,1,1,1
SF,IC2103,2020-10-09 09:32:59.500,5960.0000,40181,-3,1068701440.000,3,0,3,双平,S,5958.2000,5957.0000,5955.6000,5955.0000,5952.0000,5961.8000,5962.4000,5962.6000,5964.2000,5965.0000,5,2,3,1,1,1,5,1,1,1
SF,IC2103,2020-10-09 09:33:00.000,5960.0000,40181,0,1068701440.000,0,-,-,-,-,5959.2000,5959.0000,5958.4000,5958.2000,5957.0000,5961.6000,5961.8000,5962.4000,5962.6000,5964.2000,3,3,3,5,2,1,1,5,1,1
SF,IC2103,2020-10-09 09:33:00.500,5961.8000,40180,-1,1069893800.000,1,0,1,双平,S,5960.0000,5959.4000,5959.0000,5958.4000,5958.2000,5960.2000,5962.4000,5962.6000,5964.2000,5965.0000,1,2,3,1,5,1,5,1,1,1
SF,IC2103,2020-10-09 09:33:01.000,5960.2000,40179,-1,1071085840.000,1,0,1,双平,S,5960.2000,5960.0000,5959.8000,5959.0000,5958.2000,5962.4000,5962.6000,5964.2000,5965.0000,5965.4000,4,1,1,3,5,5,1,1,1,1
SF,IC2103,2020-10-09 09:33:01.500,5962.4000,40177,-2,1073470800.000,2,0,2,双平,S,5960.8000,5960.6000,5960.4000,5960.2000,5959.0000,5962.4000,5962.6000,5964.2000,5965.0000,5965.4000,2,1,2,5,3,3,1,1,1,1
SF,IC2103,2020-10-09 09:33:02.000,5962.6000,40174,-3,1078240760.000,4,0,4,多平,S,5961.6000,5961.0000,5960.6000,5960.2000,5959.0000,5964.2000,5965.0000,5965.4000,5966.0000,5966.2000,1,1,1,2,3,1,1,1,4,2
SF,IC2103,2020-10-09 09:33:02.500,5962.6000,40174,0,1078240760.000,0,-,-,-,-,5962.8000,5961.8000,5961.6000,5960.6000,5960.2000,5964.0000,5964.2000,5965.0000,5965.4000,5966.0000,1,2,2,1,1,1,1,1,1,4
SF,IC2103,2020-10-09 09:33:03.000,5964.0000,40173,-1,1079433560.000,1,0,1,双平,S,5964.0000,5963.0000,5962.8000,5961.8000,5961.6000,5964.2000,5965.0000,5965.4000,5966.0000,5966.2000,1,1,1,2,2,1,1,1,4,2
SF,IC2103,2020-10-09 09:33:03.500,5962.8000,40171,-2,1085397320.000,5,1,4,多平,S,5961.8000,5961.6000,5960.6000,5960.2000,5959.0000,5965.4000,5966.0000,5966.2000,5966.8000,5967.6000,2,2,1,1,3,1,4,2,5,1
SF,IC2103,2020-10-09 09:33:04.000,5962.8000,40171,0,1085397320.000,0,-,-,-,-,5963.2000,5962.4000,5962.2000,5961.8000,5961.6000,5965.4000,5966.0000,5966.2000,5966.8000,5967.6000,2,2,1,2,1,1,4,2,5,1
SF,IC2103,2020-10-09 09:33:04.500,5965.2000,40170,-1,1086590360.000,1,0,1,双平,S,5964.4000,5964.0000,5963.4000,5961.8000,5961.6000,5965.4000,5966.0000,5966.2000,5966.8000,5967.6000,1,1,1,2,1,1,4,2,5,1
SF,IC2103,2020-10-09 09:33:05.000,5964.4000,40168,-2,1088976120.000,2,0,2,双平,S,5961.8000,5960.6000,5960.4000,5959.0000,5958.2000,5965.4000,5966.0000,5966.2000,5966.8000,5967.6000,2,1,1,3,5,1,4,2,5,1
SF,IC2103,2020-10-09 09:33:05.500,5965.2000,40168,0,1090169160.000,1,0,1,多换,S,5961.8000,5960.6000,5960.4000,5959.0000,5958.2000,5965.2000,5965.4000,5966.0000,5966.2000,5966.8000,2,1,1,3,5,1,1,4,2,5
SF,IC2103,2020-10-09 09:33:06.000,5965.2000,40168,0,1091362200.000,1,0,1,多换,S,5963.2000,5962.0000,5961.8000,5960.4000,5959.0000,5965.0000,5965.2000,5965.4000,5966.0000,5966.2000,1,2,1,1,3,2,1,1,4,2
SF,IC2103,2020-10-09 09:33:06.500,5964.4000,40167,-1,1093747720.000,2,0,2,多平,S,5962.0000,5961.8000,5961.4000,5960.4000,5959.0000,5963.6000,5964.8000,5965.0000,5965.4000,5966.0000,1,1,1,1,3,1,1,1,1,4
SF,IC2103,2020-10-09 09:33:07.000,5963.4000,40165,-2,1097325200.000,3,0,3,多平,S,5961.4000,5960.6000,5959.0000,5958.2000,5958.0000,5963.6000,5964.6000,5965.0000,5965.4000,5966.0000,1,1,3,4,1,1,1,1,1,4
SF,IC2103,2020-10-09 09:33:07.500,5963.0000,40162,-3,1103286840.000,5,1,4,多平,S,5962.4000,5959.0000,5958.2000,5958.0000,5957.0000,5963.4000,5965.4000,5966.0000,5966.2000,5966.8000,1,3,4,1,2,2,1,4,2,5
SF,IC2103,2020-10-09 09:33:08.000,5962.4000,40161,-1,1104479320.000,1,0,1,双平,S,5958.2000,5958.0000,5957.0000,5955.0000,5952.0000,5961.8000,5962.4000,5963.4000,5965.4000,5966.0000,4,1,2,1,1,4,2,2,1,4
SF,IC2103,2020-10-09 09:33:08.500,5962.4000,40161,0,1104479320.000,0,-,-,-,-,5959.2000,5958.4000,5958.2000,5958.0000,5957.0000,5961.6000,5961.8000,5962.4000,5963.4000,5965.4000,2,4,4,1,2,1,4,1,1,1
SF,IC2103,2020-10-09 09:33:09.000,5961.6000,40160,-1,1105671640.000,1,0,1,双平,S,5959.4000,5958.4000,5958.2000,5958.0000,5957.0000,5961.8000,5962.4000,5963.4000,5965.4000,5966.0000,1,3,4,1,2,4,1,1,1,4
SF,IC2103,2020-10-09 09:33:09.500,5961.6000,40160,0,1105671640.000,0,-,-,-,-,5961.0000,5959.4000,5958.4000,5958.2000,5958.0000,5961.8000,5962.4000,5963.4000,5965.4000,5966.0000,1,1,3,4,1,5,2,1,1,4
SF,IC2103,2020-10-09 09:33:10.000,5961.8000,40157,-3,1114017920.000,7,2,5,多平,S,5961.8000,5961.2000,5961.0000,5958.4000,5958.2000,5962.4000,5963.4000,5965.4000,5966.0000,5966.2000,3,2,1,3,4,1,1,1,4,2
SF,IC2103,2020-10-09 09:33:10.500,5961.8000,40153,-4,1118787480.000,4,0,4,双平,S,5961.2000,5961.0000,5958.4000,5958.2000,5958.0000,5963.4000,5964.4000,5965.4000,5966.0000,5966.2000,1,1,3,4,1,1,2,1,4,2
SF,IC2103,2020-10-09 09:33:11.000,5961.8000,40153,0,1118787480.000,0,-,-,-,-,5961.2000,5961.0000,5959.4000,5958.4000,5958.2000,5963.4000,5964.4000,5965.4000,5966.0000,5966.2000,1,1,1,3,4,1,2,1,4,2
SF,IC2103,2020-10-09 09:33:11.500,5961.8000,40153,0,1118787480.000,0,-,-,-,-,5961.0000,5959.4000,5958.4000,5958.2000,5958.0000,5963.4000,5964.4000,5965.4000,5966.0000,5966.2000,1,1,3,4,1,1,2,1,4,2
SF,IC2103,2020-10-09 09:33:12.000,5961.8000,40153,0,1118787480.000,0,-,-,-,-,5961.2000,5961.0000,5959.4000,5958.4000,5958.2000,5963.4000,5964.4000,5965.4000,5966.0000,5966.2000,1,1,1,3,4,1,2,1,4,2
SF,IC2103,2020-10-09 09:33:12.500,5961.0000,40152,-1,1121171920.000,2,0,2,多平,S,5959.4000,5958.4000,5958.2000,5958.0000,5957.0000,5963.4000,5964.4000,5965.4000,5966.0000,5966.2000,1,3,4,1,2,1,2,1,4,2
SF,IC2103,2020-10-09 09:33:13.000,5961.0000,40152,0,1121171920.000,0,-,-,-,-,5960.0000,5959.6000,5959.4000,5958.4000,5958.2000,5963.4000,5964.4000,5965.4000,5966.0000,5966.2000,2,2,1,3,4,1,2,1,4,2
SF,IC2103,2020-10-09 09:33:13.500,5961.0000,40152,0,1121171920.000,0,-,-,-,-,5960.2000,5959.4000,5958.4000,5958.2000,5958.0000,5964.4000,5965.4000,5966.0000,5966.2000,5966.8000,2,1,3,4,1,2,1,4,2,5
SF,IC2103,2020-10-09 09:33:14.000,5961.0000,40152,0,1121171920.000,0,-,-,-,-,5960.8000,5960.6000,5960.2000,5959.4000,5958.4000,5964.2000,5964.4000,5965.4000,5966.0000,5966.2000,1,1,2,1,3,1,2,1,4,2
SF,IC2103,2020-10-09 09:33:14.500,5961.0000,40148,-4,1125940720.000,4,0,4,双平,S,5961.0000,5960.8000,5960.6000,5959.4000,5958.4000,5964.4000,5965.0000,5965.4000,5966.0000,5966.2000,2,1,1,1,3,2,1,1,4,2
SF,IC2103,2020-10-09 09:33:15.000,5961.0000,40148,0,1125940720.000,0,-,-,-,-,5961.0000,5960.8000,5960.6000,5959.4000,5958.4000,5964.2000,5964.4000,5965.0000,5965.4000,5966.0000,2,1,1,1,3,1,2,1,1,4
SF,IC2103,2020-10-09 09:33:15.500,5961.0000,40148,0,1125940720.000,0,-,-,-,-,5961.0000,5960.8000,5959.4000,5958.4000,5958.2000,5964.2000,5964.4000,5965.0000,5965.4000,5966.0000,1,1,1,3,4,1,2,1,1,4
SF,IC2103,2020-10-09 09:33:16.000,5963.8000,40147,-1,1128325680.000,2,0,2,多平,S,5960.8000,5959.4000,5958.4000,5958.2000,5958.0000,5964.0000,5964.2000,5964.4000,5965.0000,5965.4000,1,1,3,4,1,3,2,2,1,1
SF,IC2103,2020-10-09 09:33:16.500,5963.8000,40147,0,1128325680.000,0,-,-,-,-,5961.8000,5961.0000,5959.4000,5958.4000,5958.0000,5963.8000,5964.0000,5964.4000,5965.0000,5965.4000,1,1,1,3,1,3,4,2,1,1
SF,IC2103,2020-10-09 09:33:17.000,5961.0000,40146,-1,1130710240.000,2,0,2,多平,S,5959.4000,5958.4000,5958.0000,5957.0000,5956.0000,5963.4000,5963.8000,5964.0000,5964.4000,5965.0000,1,3,1,2,1,1,3,3,2,1
SF,IC2103,2020-10-09 09:33:17.500,5961.0000,40146,0,1130710240.000,0,-,-,-,-,5959.6000,5959.4000,5958.0000,5957.0000,5956.0000,5963.2000,5963.4000,5963.8000,5964.0000,5964.4000,1,1,1,2,1,2,1,1,2,2
SF,IC2103,2020-10-09 09:33:18.000,5961.0000,40146,0,1130710240.000,0,-,-,-,-,5959.6000,5959.4000,5958.0000,5957.0000,5956.0000,5961.8000,5963.0000,5963.2000,5963.8000,5964.0000,1,1,1,2,1,2,2,2,1,1
SF,IC2103,2020-10-09 09:33:18.500,5959.6000,40144,-2,1133094520.000,2,0,2,双平,S,5959.4000,5958.0000,5957.0000,5956.0000,5955.0000,5961.8000,5963.0000,5963.2000,5963.8000,5964.0000,1,1,2,1,2,1,2,2,1,1
SF,IC2103,2020-10-09 09:33:19.000,5959.6000,40144,0,1133094520.000,0,-,-,-,-,5960.0000,5959.4000,5958.0000,5957.0000,5956.0000,5961.6000,5961.8000,5963.0000,5963.2000,5963.8000,1,1,1,2,1,1,1,2,1,1
SF,IC2103,2020-10-09 09:33:19.500,5960.0000,40143,-1,1134286520.000,1,0,1,双平,S,5959.4000,5958.0000,5957.0000,5956.0000,5955.0000,5961.6000,5961.8000,5963.0000,5963.2000,5963.8000,1,1,2,1,2,1,1,2,1,1
SF,IC2103,2020-10-09 09:33:20.000,5959.4000,40143,0,1135478400.000,1,0,1,多换,S,5958.0000,5957.0000,5956.0000,5955.0000,5951.2000,5961.4000,5961.6000,5961.8000,5963.0000,5963.2000,1,2,1,2,1,1,1,1,2,1
SF,IC2103,2020-10-09 09:33:20.500,5959.4000,40143,0,1135478400.000,0,-,-,-,-,5958.0000,5957.0000,5956.0000,5955.0000,5951.2000,5961.2000,5961.4000,5961.8000,5963.0000,5963.6000,1,2,1,2,1,2,1,1,2,1
SF,IC2103,2020-10-09 09:33:21.000,5959.4000,40143,0,1135478400.000,0,-,-,-,-,5958.0000,5957.0000,5956.0000,5955.0000,5951.2000,5961.0000,5961.2000,5961.4000,5961.8000,5963.0000,1,2,1,2,1,2,2,1,1,1
SF,IC2103,2020-10-09 09:33:21.500,5960.8000,40143,0,1136670560.000,1,0,1,多换,S,5958.2000,5958.0000,5957.0000,5956.0000,5955.0000,5960.8000,5961.0000,5961.4000,5961.8000,5963.0000,1,1,2,1,2,1,2,1,1,1
SF,IC2103,2020-10-09 09:33:22.000,5958.4000,40141,-2,1139054400.000,2,0,2,双平,S,5958.8000,5958.2000,5958.0000,5957.0000,5956.0000,5961.0000,5961.8000,5963.0000,5963.6000,5963.8000,1,1,1,2,1,1,1,1,1,1
SF,IC2103,2020-10-09 09:33:22.500,5958.4000,40141,0,1139054400.000,0,-,-,-,-,5961.0000,5959.4000,5959.0000,5958.8000,5958.2000,5961.8000,5963.6000,5963.8000,5964.0000,5964.2000,1,1,1,1,1,1,1,1,1,1
SF,IC2103,2020-10-09 09:33:23.000,5958.4000,40140,-1,1140246080.000,1,0,1,双平,S,5961.0000,5959.0000,5958.8000,5958.2000,5958.0000,5961.6000,5961.8000,5963.6000,5964.0000,5964.2000,1,1,1,1,1,1,1,1,1,1
SF,IC2103,2020-10-09 09:33:23.500,5960.0000,40139,-1,1143822280.000,3,1,2,多平,S,5958.2000,5958.0000,5957.0000,5956.0000,5955.0000,5961.8000,5963.6000,5964.0000,5964.2000,5964.4000,1,1,2,1,1,1,1,1,1,2
SF,IC2103,2020-10-09 09:33:24.000,5960.0000,40139,0,1143822280.000,0,-,-,-,-,5958.4000,5958.2000,5958.0000,5957.0000,5956.0000,5961.6000,5961.8000,5963.6000,5964.0000,5964.2000,1,1,1,2,1,1,1,1,1,1
SF,IC2103,2020-10-09 09:33:24.500,5961.6000,40139,0,1145014600.000,1,0,1,多换,S,5959.6000,5958.6000,5958.0000,5957.0000,5956.0000,5961.8000,5963.6000,5964.0000,5964.2000,5964.4000,1,1,1,2,1,1,1,1,1,2
SF,IC2103,2020-10-09 09:33:25.000,5961.6000,40139,0,1145014600.000,0,-,-,-,-,5958.6000,5958.0000,5957.0000,5956.0000,5955.0000,5961.0000,5961.6000,5961.8000,5963.6000,5964.0000,1,1,2,1,1,2,1,1,1,1
SF,IC2103,2020-10-09 09:33:25.500,5961.6000,40139,0,1145014600.000,0,-,-,-,-,5958.8000,5958.6000,5958.4000,5958.0000,5957.0000,5961.0000,5961.6000,5961.8000,5964.0000,5964.2000,1,2,1,1,2,2,1,1,1,1
SF,IC2103,2020-10-09 09:33:26.000,5961.0000,40138,-1,1146206800.000,1,0,1,双平,S,5958.8000,5958.6000,5958.4000,5958.0000,5957.0000,5961.0000,5961.8000,5964.0000,5964.2000,5964.4000,1,2,1,1,2,2,1,1,1,2
SF,IC2103,2020-10-09 09:33:26.500,5961.0000,40137,-1,1147399000.000,1,0,1,双平,S,5958.8000,5958.6000,5958.4000,5958.0000,5957.0000,5961.0000,5961.8000,5964.0000,5964.2000,5964.4000,1,2,1,1,2,1,1,1,1,2
SF,IC2103,2020-10-09 09:33:27.000,5961.0000,40136,-1,1148591200.000,1,0,1,双平,S,5961.0000,5960.0000,5959.8000,5959.4000,5958.8000,5961.8000,5964.0000,5964.2000,5964.4000,5965.0000,1,1,1,1,1,1,1,1,2,1
SF,IC2103,2020-10-09 09:33:27.500,5961.8000,40135,-1,1149783560.000,1,0,1,双平,S,5961.2000,5960.0000,5958.6000,5958.4000,5958.0000,5964.0000,5964.2000,5964.4000,5965.0000,5965.4000,1,1,1,1,1,1,1,2,1,1
SF,IC2103,2020-10-09 09:33:28.000,5961.8000,40135,0,1149783560.000,0,-,-,-,-,5961.4000,5961.2000,5961.0000,5960.0000,5958.8000,5963.8000,5964.0000,5964.2000,5964.4000,5965.0000,1,1,2,1,1,1,1,1,2,1
SF,IC2103,2020-10-09 09:33:28.500,5961.6000,40134,-1,1150975880.000,1,0,1,双平,S,5961.4000,5961.0000,5960.0000,5958.8000,5958.4000,5963.6000,5963.8000,5964.0000,5964.2000,5964.4000,11,2,1,1,1,1,1,1,1,2
SF,IC2103,2020-10-09 09:33:29.000,5963.8000,40135,1,1153361360.000,2,1,1,空开,S,5961.4000,5961.0000,5958.8000,5958.4000,5958.0000,5962.2000,5963.2000,5964.0000,5964.2000,5964.4000,11,2,1,1,1,10,1,1,1,2
SF,IC2103,2020-10-09 09:33:29.500,5962.2000,40127,-8,1166478200.000,11,1,10,多平,S,5962.2000,5961.4000,5961.0000,5958.8000,5958.4000,5963.2000,5964.2000,5964.4000,5965.0000,5965.4000,1,11,2,1,1,1,1,2,1,1
SF,IC2103,2020-10-09 09:33:30.000,5962.2000,40127,0,1166478200.000,0,-,-,-,-,5962.2000,5961.4000,5961.0000,5958.8000,5958.4000,5963.2000,5964.2000,5964.4000,5965.0000,5965.4000,1,10,2,1,1,1,1,2,1,1
SF,IC2103,2020-10-09 09:33:30.500,5962.2000,40127,0,1166478200.000,0,-,-,-,-,5962.2000,5961.4000,5961.0000,5958.8000,5958.4000,5963.2000,5964.2000,5964.4000,5965.0000,5965.4000,1,10,2,1,1,1,1,2,1,1
SF,IC2103,2020-10-09 09:33:31.000,5962.2000,40127,0,1166478200.000,0,-,-,-,-,5962.2000,5961.4000,5961.0000,5958.8000,5958.4000,5963.2000,5963.8000,5964.2000,5964.4000,5965.0000,1,10,2,1,1,1,1,1,2,1
SF,IC2103,2020-10-09 09:33:32.500,5962.2000,40127,0,1170056040.000,3,1,2,多换,S,5961.4000,5961.0000,5958.8000,5958.4000,5958.0000,5964.2000,5964.4000,5965.0000,5965.4000,5966.0000,10,2,1,1,1,1,2,1,1,5
SF,IC2103,2020-10-09 09:33:33.000,5962.2000,40127,0,1171248480.000,1,0,1,多换,S,5962.8000,5962.6000,5961.6000,5961.4000,5961.0000,5964.0000,5964.2000,5964.4000,5965.0000,5965.4000,1,1,5,10,2,1,1,2,1,1
SF,IC2103,2020-10-09 09:33:33.500,5962.6000,40126,-1,1173633560.000,2,0,2,多平,S,5961.6000,5961.4000,5961.0000,5958.8000,5958.4000,5964.0000,5964.2000,5964.4000,5965.0000,5965.4000,5,10,2,1,1,1,1,2,1,1
SF,IC2103,2020-10-09 09:33:34.000,5961.6000,40125,-1,1174825880.000,1,0,1,双平,S,5961.6000,5961.4000,5961.0000,5958.8000,5958.4000,5963.8000,5964.0000,5964.2000,5964.4000,5965.0000,2,10,2,1,1,1,1,1,2,1
SF,IC2103,2020-10-09 09:33:34.500,5961.4000,40125,0,1178402760.000,3,1,2,多换,S,5961.4000,5961.0000,5958.8000,5958.4000,5958.0000,5963.8000,5964.0000,5964.2000,5964.4000,5965.0000,14,2,1,1,1,1,1,1,2,1
SF,IC2103,2020-10-09 09:33:35.000,5961.4000,40127,2,1186748720.000,7,4,3,空开,S,5961.4000,5961.0000,5958.8000,5958.4000,5958.0000,5963.8000,5964.0000,5964.2000,5964.4000,5965.0000,7,2,1,1,1,1,1,1,2,1
SF,IC2103,2020-10-09 09:33:35.500,5961.4000,40129,2,1191517840.000,4,3,1,空开,S,5961.4000,5961.0000,5958.8000,5958.4000,5958.0000,5963.6000,5963.8000,5964.0000,5964.2000,5964.4000,3,2,1,1,1,1,1,1,1,2
SF,IC2103,2020-10-09 09:33:36.000,5961.4000,40129,0,1193902400.000,2,1,1,多换,S,5961.6000,5961.4000,5961.0000,5958.8000,5958.4000,5963.6000,5963.8000,5964.2000,5964.4000,5965.0000,2,1,2,1,1,1,1,1,2,1
SF,IC2103,2020-10-09 09:33:36.500,5961.6000,40129,0,1195094720.000,1,0,1,多换,S,5961.6000,5961.4000,5961.0000,5958.8000,5958.4000,5963.4000,5964.2000,5964.4000,5965.0000,5965.4000,1,1,2,1,1,2,1,2,1,1
SF,IC2103,2020-10-09 09:33:37.000,5963.4000,40127,-2,1197480080.000,2,0,2,双平,S,5961.6000,5961.4000,5961.0000,5958.8000,5958.4000,5964.2000,5964.4000,5965.0000,5965.4000,5966.0000,1,1,2,1,1,1,2,1,1,15
SF,IC2103,2020-10-09 09:33:37.500,5963.4000,40127,0,1197480080.000,0,-,-,-,-,5961.8000,5961.6000,5961.4000,5961.0000,5958.8000,5964.2000,5964.4000,5965.0000,5965.4000,5966.0000,2,1,1,2,1,1,2,1,1,15
SF,IC2103,2020-10-09 09:33:38.000,5963.4000,40127,0,1197480080.000,0,-,-,-,-,5961.8000,5961.6000,5961.4000,5961.0000,5958.8000,5964.0000,5964.2000,5964.4000,5965.0000,5965.4000,2,1,1,2,1,1,1,2,1,1
SF,IC2103,2020-10-09 09:33:38.500,5961.8000,40126,-1,1198672440.000,1,0,1,双平,S,5961.8000,5961.6000,5961.4000,5961.0000,5958.8000,5964.0000,5964.2000,5964.4000,5965.0000,5965.4000,1,1,1,2,1,2,1,2,1,1
SF,IC2103,2020-10-09 09:33:39.000,5961.8000,40126,0,1198672440.000,0,-,-,-,-,5961.6000,5961.4000,5961.0000,5958.8000,5958.4000,5963.8000,5964.0000,5964.2000,5964.4000,5965.0000,1,1,2,1,1,1,2,1,2,1
SF,IC2103,2020-10-09 09:33:39.500,5961.6000,40127,1,1199864760.000,1,1,0,双开,S,5962.0000,5961.4000,5961.0000,5958.8000,5958.4000,5963.6000,5963.8000,5964.0000,5964.2000,5964.4000,2,1,2,1,1,1,1,1,1,2
SF,IC2103,2020-10-09 09:33:40.000,5962.0000,40125,-2,1203441880.000,3,0,3,多平,S,5961.4000,5961.0000,5958.8000,5958.4000,5958.0000,5963.6000,5963.8000,5964.0000,5964.2000,5964.4000,1,2,1,1,1,1,1,2,1,2
SF,IC2103,2020-10-09 09:33:40.500,5961.4000,40125,0,1204634160.000,1,0,1,多换,S,5961.0000,5958.8000,5958.4000,5958.0000,5956.0000,5963.6000,5963.8000,5964.0000,5964.2000,5964.4000,2,1,1,1,1,1,1,2,1,2
SF,IC2103,2020-10-09 09:33:41.000,5961.0000,40126,1,1207018560.000,2,1,1,空开,S,5958.8000,5958.4000,5958.0000,5956.0000,5953.0000,5963.4000,5963.6000,5963.8000,5964.0000,5964.2000,1,1,1,1,1,2,1,1,2,1
SF,IC2103,2020-10-09 09:33:41.500,5961.0000,40126,0,1207018560.000,0,-,-,-,-,5959.0000,5958.8000,5958.4000,5958.0000,5956.0000,5963.0000,5963.2000,5963.4000,5964.0000,5964.2000,4,1,1,1,1,1,1,3,2,1
SF,IC2103,2020-10-09 09:33:42.000,5961.0000,40126,0,1207018560.000,0,-,-,-,-,5959.2000,5959.0000,5958.8000,5958.4000,5958.0000,5962.6000,5962.8000,5963.0000,5963.2000,5963.4000,2,1,1,1,1,1,2,1,1,2
SF,IC2103,2020-10-09 09:33:42.500,5961.0000,40126,0,1207018560.000,0,-,-,-,-,5959.4000,5959.2000,5958.8000,5958.4000,5958.0000,5962.4000,5962.6000,5962.8000,5963.0000,5963.4000,1,2,1,1,1,2,1,1,1,1
SF,IC2103,2020-10-09 09:33:43.000,5959.4000,40125,-1,1208210440.000,1,0,1,双平,S,5959.2000,5958.8000,5958.4000,5958.0000,5956.0000,5962.4000,5962.6000,5962.8000,5963.4000,5964.0000,2,1,1,1,1,2,1,1,1,2
SF,IC2103,2020-10-09 09:33:43.500,5959.4000,40125,0,1208210440.000,0,-,-,-,-,5959.4000,5958.8000,5958.4000,5958.0000,5956.0000,5962.4000,5962.6000,5963.4000,5964.0000,5964.2000,1,1,1,1,1,2,1,1,2,1
SF,IC2103,2020-10-09 09:33:44.000,5959.4000,40125,0,1208210440.000,0,-,-,-,-,5958.8000,5958.4000,5958.0000,5956.0000,5953.0000,5962.4000,5962.6000,5963.4000,5964.0000,5964.2000,1,1,1,1,1,2,1,1,2,1
SF,IC2103,2020-10-09 09:33:44.500,5959.4000,40125,0,1208210440.000,0,-,-,-,-,5960.8000,5959.0000,5958.8000,5958.4000,5958.0000,5962.2000,5962.4000,5962.6000,5963.4000,5964.0000,3,1,1,1,1,1,2,1,1,2
SF,IC2103,2020-10-09 09:33:45.000,5960.8000,40123,-2,1211786920.000,3,0,3,多平,S,5958.8000,5958.4000,5958.0000,5956.0000,5953.0000,5960.8000,5962.0000,5962.2000,5962.6000,5963.4000,1,1,1,1,1,4,1,2,1,1
SF,IC2103,2020-10-09 09:33:45.500,5960.8000,40124,1,1215363400.000,3,2,1,空开,S,5958.8000,5958.4000,5958.0000,5956.0000,5955.0000,5960.6000,5960.8000,5962.2000,5962.6000,5963.4000,1,1,1,1,1,1,5,1,1,1
SF,IC2103,2020-10-09 09:33:46.000,5960.6000,40124,0,1216555520.000,1,0,1,多换,S,5958.8000,5958.4000,5958.0000,5956.0000,5955.0000,5960.6000,5960.8000,5962.6000,5963.0000,5963.4000,1,1,1,1,1,2,4,1,1,1
SF,IC2103,2020-10-09 09:33:46.500,5958.8000,40124,0,1220130720.000,3,1,2,多换,S,5958.0000,5956.0000,5955.0000,5953.0000,5951.2000,5960.6000,5960.8000,5962.6000,5963.0000,5963.4000,1,1,1,1,1,1,4,1,1,1
SF,IC2103,2020-10-09 09:33:47.000,5958.0000,40124,0,1221322320.000,1,0,1,多换,S,5956.0000,5955.0000,5953.0000,5951.2000,5950.0000,5960.0000,5960.2000,5960.4000,5960.6000,5960.8000,1,1,1,1,1,1,1,2,1,4
SF,IC2103,2020-10-09 09:33:47.500,5958.0000,40124,0,1221322320.000,0,-,-,-,-,5956.2000,5956.0000,5955.0000,5953.0000,5951.2000,5959.8000,5960.0000,5960.2000,5960.8000,5963.0000,1,1,1,1,1,3,2,1,4,1
SF,IC2103,2020-10-09 09:33:48.000,5958.0000,40124,0,1221322320.000,0,-,-,-,-,5956.2000,5956.0000,5955.0000,5953.0000,5951.2000,5959.8000,5960.0000,5960.8000,5963.0000,5963.4000,1,1,1,1,1,4,1,4,1,1
SF,IC2103,2020-10-09 09:33:48.500,5958.0000,40124,0,1221322320.000,0,-,-,-,-,5956.2000,5956.0000,5955.0000,5953.0000,5951.2000,5959.2000,5959.8000,5960.8000,5963.0000,5963.4000,1,1,1,1,1,1,4,4,1,1
SF,IC2103,2020-10-09 09:33:49.000,5958.0000,40124,0,1221322320.000,0,-,-,-,-,5956.2000,5956.0000,5955.0000,5953.0000,5951.2000,5959.0000,5959.2000,5959.8000,5960.8000,5963.0000,1,1,1,1,1,2,2,1,4,1
SF,IC2103,2020-10-09 09:33:49.500,5958.0000,40124,0,1221322320.000,0,-,-,-,-,5956.2000,5956.0000,5955.0000,5953.0000,5951.2000,5959.0000,5959.2000,5959.8000,5960.8000,5963.0000,1,1,1,1,1,3,1,1,4,1
SF,IC2103,2020-10-09 09:33:50.000,5958.0000,40124,0,1221322320.000,0,-,-,-,-,5956.0000,5955.0000,5953.0000,5951.2000,5950.0000,5959.0000,5959.2000,5959.8000,5960.8000,5963.0000,1,1,1,1,1,3,1,1,4,1
SF,IC2103,2020-10-09 09:33:50.500,5958.8000,40123,-1,1222514080.000,1,0,1,双平,S,5956.2000,5956.0000,5955.0000,5953.0000,5951.2000,5959.0000,5959.2000,5959.8000,5960.8000,5963.0000,1,1,1,1,1,3,1,1,4,1
SF,IC2103,2020-10-09 09:33:51.000,5958.8000,40123,0,1222514080.000,0,-,-,-,-,5956.2000,5955.0000,5953.0000,5951.2000,5950.0000,5959.0000,5959.2000,5959.8000,5960.8000,5963.0000,1,1,1,1,1,3,1,1,4,1
SF,IC2103,2020-10-09 09:33:51.500,5958.8000,40123,0,1222514080.000,0,-,-,-,-,5956.2000,5955.0000,5953.0000,5951.2000,5950.0000,5958.4000,5958.8000,5959.0000,5959.8000,5960.8000,1,1,1,1,1,1,2,3,1,4
SF,IC2103,2020-10-09 09:33:52.000,5958.8000,40123,0,1222514080.000,0,-,-,-,-,5956.2000,5955.0000,5953.0000,5951.2000,5950.0000,5957.8000,5958.2000,5958.4000,5958.8000,5959.0000,1,1,1,1,1,1,1,1,2,1
SF,IC2103,2020-10-09 09:33:52.500,5958.8000,40123,0,1222514080.000,0,-,-,-,-,5956.2000,5955.0000,5953.0000,5951.2000,5950.0000,5957.6000,5957.8000,5958.2000,5958.8000,5959.0000,1,1,1,1,1,1,1,1,2,1
SF,IC2103,2020-10-09 09:33:53.000,5958.8000,40123,0,1222514080.000,0,-,-,-,-,5956.2000,5956.0000,5955.0000,5953.0000,5951.2000,5957.6000,5958.2000,5958.8000,5959.0000,5959.8000,1,1,1,1,1,2,1,2,1,1
SF,IC2103,2020-10-09 09:33:54.000,5957.6000,40123,0,1224897120.000,2,1,1,多换,S,5957.6000,5956.2000,5956.0000,5955.0000,5953.0000,5958.2000,5958.8000,5959.0000,5959.8000,5960.8000,8,1,1,1,1,1,2,1,1,4
SF,IC2103,2020-10-09 09:33:54.500,5956.2000,40122,-1,1235620520.000,9,4,5,多平,S,5956.0000,5955.0000,5953.0000,5951.2000,5950.0000,5956.2000,5958.2000,5958.8000,5959.8000,5960.0000,1,1,1,1,1,2,2,2,2,1
SF,IC2103,2020-10-09 09:33:55.000,5956.2000,40120,-2,1240385440.000,4,1,3,多平,S,5956.0000,5955.0000,5951.2000,5950.0000,5949.2000,5956.2000,5957.6000,5958.2000,5958.8000,5959.8000,1,1,1,1,1,1,1,2,2,2
SF,IC2103,2020-10-09 09:33:55.500,5956.0000,40119,-1,1241576640.000,1,0,1,双平,S,5955.0000,5951.2000,5950.0000,5949.2000,5946.6000,5956.2000,5957.6000,5957.8000,5958.2000,5958.8000,1,1,1,1,4,1,1,1,1,2
SF,IC2103,2020-10-09 09:33:56.000,5955.0000,40119,0,1242767640.000,1,0,1,多换,S,5951.2000,5950.0000,5949.2000,5946.6000,5946.0000,5956.2000,5957.6000,5957.8000,5958.2000,5958.8000,1,1,1,4,1,1,1,1,1,2
SF,IC2103,2020-10-09 09:33:56.500,5955.0000,40119,0,1242767640.000,0,-,-,-,-,5951.4000,5951.2000,5950.0000,5949.2000,5946.6000,5955.8000,5956.0000,5956.2000,5957.6000,5958.2000,1,1,1,1,4,1,2,2,1,1
SF,IC2103,2020-10-09 09:33:57.000,5955.0000,40119,0,1242767640.000,0,-,-,-,-,5951.6000,5951.2000,5950.0000,5949.2000,5946.6000,5954.8000,5955.4000,5955.6000,5955.8000,5956.2000,1,1,1,1,4,1,2,2,3,1
SF,IC2103,2020-10-09 09:33:57.500,5955.0000,40119,0,1242767640.000,0,-,-,-,-,5951.2000,5950.0000,5949.2000,5946.6000,5946.0000,5954.2000,5954.4000,5954.6000,5954.8000,5955.4000,1,1,1,4,1,1,1,2,2,2
SF,IC2103,2020-10-09 09:33:58.000,5955.0000,40119,0,1243958640.000,1,0,1,多换,S,5951.2000,5950.0000,5949.2000,5946.6000,5946.0000,5954.0000,5954.2000,5954.4000,5954.8000,5955.4000,1,1,1,4,1,1,2,1,1,1
SF,IC2103,2020-10-09 09:33:58.500,5951.2000,40119,0,1245148880.000,1,0,1,多换,S,5950.0000,5949.2000,5946.6000,5946.0000,5943.6000,5951.2000,5953.8000,5954.0000,5954.2000,5954.4000,1,1,4,1,5,2,1,2,1,1
SF,IC2103,2020-10-09 09:33:59.000,5951.2000,40115,-4,1249909840.000,4,0,4,双平,S,5951.2000,5950.2000,5950.0000,5949.2000,5946.6000,5953.8000,5954.0000,5954.2000,5955.4000,5956.2000,1,1,1,1,4,1,1,1,1,1
SF,IC2103,2020-10-09 09:33:59.500,5951.2000,40114,-1,1251100080.000,1,0,1,双平,S,5951.2000,5950.0000,5946.6000,5946.0000,5943.6000,5953.4000,5953.6000,5954.2000,5955.4000,5956.2000,2,1,4,1,5,1,3,1,1,1
SF,IC2103,2020-10-09 09:34:00.000,5951.2000,40114,0,1251100080.000,0,-,-,-,-,5951.2000,5950.0000,5946.6000,5946.0000,5943.6000,5953.2000,5953.4000,5953.6000,5954.2000,5955.4000,1,1,4,1,5,1,1,2,1,1
SF,IC2103,2020-10-09 09:34:00.500,5951.2000,40114,0,1251100080.000,0,-,-,-,-,5951.2000,5950.0000,5946.6000,5946.0000,5943.6000,5953.2000,5953.4000,5953.6000,5954.2000,5955.4000,2,1,4,1,5,3,1,2,1,1
SF,IC2103,2020-10-09 09:34:01.000,5951.2000,40114,0,1251100080.000,0,-,-,-,-,5951.2000,5950.0000,5946.6000,5946.0000,5943.6000,5953.2000,5953.4000,5953.6000,5954.2000,5955.4000,2,1,4,1,5,3,1,2,1,1
SF,IC2103,2020-10-09 09:34:01.500,5953.2000,40110,-4,1260624640.000,8,2,6,多平,S,5950.0000,5946.6000,5946.0000,5943.6000,5940.6000,5953.6000,5954.2000,5955.4000,5956.2000,5957.6000,1,4,1,5,8,2,1,1,1,2
SF,IC2103,2020-10-09 09:34:02.000,5953.4000,40109,-1,1261815320.000,1,0,1,双平,S,5950.2000,5950.0000,5946.6000,5946.0000,5943.6000,5953.4000,5953.6000,5954.2000,5955.4000,5956.2000,1,1,4,1,5,1,1,1,1,1
SF,IC2103,2020-10-09 09:34:02.500,5953.4000,40109,0,1261815320.000,0,-,-,-,-,5950.2000,5950.0000,5946.6000,5946.0000,5943.6000,5953.2000,5953.4000,5954.2000,5955.4000,5956.2000,1,1,4,1,5,1,2,1,1,1
SF,IC2103,2020-10-09 09:34:03.000,5953.4000,40109,0,1261815320.000,0,-,-,-,-,5950.2000,5950.0000,5946.6000,5946.0000,5943.6000,5953.2000,5953.4000,5954.2000,5955.4000,5956.2000,1,1,4,1,5,2,1,1,1,1
SF,IC2103,2020-10-09 09:34:03.500,5950.4000,40106,-3,1265386760.000,3,0,3,双平,S,5950.2000,5950.0000,5946.6000,5946.0000,5943.6000,5953.0000,5955.4000,5956.2000,5957.6000,5958.2000,1,1,4,1,5,2,1,1,2,1
SF,IC2103,2020-10-09 09:34:04.000,5950.4000,40104,-2,1271338200.000,5,1,4,多平,S,5953.4000,5950.4000,5950.0000,5946.6000,5946.0000,5954.8000,5956.2000,5957.6000,5958.2000,5958.8000,1,2,1,4,1,1,1,2,1,4
SF,IC2103,2020-10-09 09:34:04.500,5954.8000,40103,-1,1272529160.000,1,0,1,双平,S,5953.6000,5953.4000,5950.4000,5950.0000,5946.6000,5956.2000,5957.6000,5958.2000,5958.8000,5959.8000,1,1,3,1,4,1,2,1,4,1
SF,IC2103,2020-10-09 09:34:05.000,5956.2000,40103,0,1273720400.000,1,0,1,多换,S,5953.8000,5953.6000,5953.4000,5950.4000,5950.0000,5957.6000,5958.2000,5958.8000,5959.8000,5960.0000,2,1,1,2,1,2,1,4,1,3
SF,IC2103,2020-10-09 09:34:05.500,5954.0000,40100,-3,1277292800.000,3,0,3,双平,S,5954.0000,5953.8000,5953.4000,5950.0000,5946.6000,5957.4000,5957.6000,5958.2000,5958.8000,5959.8000,1,1,1,1,4,4,2,1,4,1
SF,IC2103,2020-10-09 09:34:06.000,5954.0000,40100,0,1278483600.000,1,0,1,多换,S,5954.2000,5954.0000,5953.4000,5950.0000,5946.6000,5957.2000,5957.4000,5957.6000,5958.2000,5958.8000,1,1,1,1,4,1,3,2,1,4
SF,IC2103,2020-10-09 09:34:06.500,5954.0000,40100,0,1278483600.000,0,-,-,-,-,5954.4000,5953.4000,5950.2000,5950.0000,5946.6000,5957.2000,5957.4000,5957.6000,5958.2000,5958.8000,1,1,1,1,4,1,2,2,1,4
SF,IC2103,2020-10-09 09:34:07.000,5954.4000,40100,0,1280865280.000,2,1,1,多换,S,5954.6000,5954.4000,5953.4000,5950.2000,5950.0000,5957.0000,5957.2000,5957.4000,5957.6000,5958.2000,1,1,1,1,1,1,1,2,2,1
SF,IC2103,2020-10-09 09:34:07.500,5954.6000,40098,-2,1283247120.000,2,0,2,双平,S,5954.4000,5953.4000,5950.2000,5950.0000,5946.6000,5957.0000,5957.2000,5957.4000,5957.6000,5958.8000,1,1,1,1,4,2,1,2,2,4
SF,IC2103,2020-10-09 09:34:08.000,5954.4000,40097,-1,1284438000.000,1,0,1,双平,S,5953.4000,5950.2000,5950.0000,5946.6000,5946.0000,5956.8000,5957.0000,5957.4000,5957.6000,5958.8000,1,1,1,4,1,2,2,2,2,4
SF,IC2103,2020-10-09 09:34:08.500,5954.4000,40097,0,1284438000.000,0,-,-,-,-,5953.4000,5950.0000,5946.6000,5946.0000,5943.6000,5956.6000,5956.8000,5957.0000,5957.4000,5957.6000,1,1,4,1,5,1,2,2,2,2
SF,IC2103,2020-10-09 09:34:09.000,5954.4000,40097,0,1284438000.000,0,-,-,-,-,5953.4000,5950.0000,5946.6000,5946.0000,5943.6000,5956.4000,5956.6000,5957.0000,5957.4000,5957.6000,1,1,4,1,5,3,2,2,2,2
SF,IC2103,2020-10-09 09:34:09.500,5954.4000,40097,0,1284438000.000,0,-,-,-,-,5953.6000,5953.4000,5950.0000,5946.6000,5946.0000,5954.4000,5955.8000,5956.2000,5956.4000,5956.6000,2,1,1,4,1,3,1,1,3,1
SF,IC2103,2020-10-09 09:34:10.000,5954.4000,40094,-3,1288010640.000,3,0,3,双平,S,5954.4000,5953.6000,5953.4000,5951.4000,5950.0000,5956.2000,5956.4000,5956.6000,5957.0000,5957.6000,1,2,1,1,1,1,3,1,2,2
SF,IC2103,2020-10-09 09:34:10.500,5954.4000,40092,-2,1290392400.000,2,0,2,双平,S,5954.6000,5953.6000,5953.4000,5951.4000,5950.0000,5956.4000,5956.6000,5957.0000,5957.6000,5958.8000,1,2,1,1,1,2,1,2,2,4
SF,IC2103,2020-10-09 09:34:11.000,5956.4000,40092,0,1291583680.000,1,0,1,多换,S,5954.6000,5953.6000,5953.4000,5951.4000,5950.0000,5956.4000,5956.6000,5957.0000,5957.6000,5958.8000,1,2,1,1,1,1,1,1,2,4
SF,IC2103,2020-10-09 09:34:11.500,5956.4000,40092,0,1291583680.000,0,-,-,-,-,5954.6000,5953.6000,5953.4000,5951.4000,5950.0000,5955.0000,5955.2000,5956.6000,5957.0000,5957.6000,1,2,1,1,1,1,10,1,1,2
SF,IC2103,2020-10-09 09:34:12.000,5955.2000,40082,-10,1304685080.000,11,0,11,多平,S,5955.2000,5955.0000,5954.8000,5953.4000,5952.0000,5956.6000,5957.0000,5957.6000,5958.8000,5959.2000,1,2,2,1,1,1,1,2,4,1
SF,IC2103,2020-10-09 09:34:12.500,5955.2000,40082,0,1304685080.000,0,-,-,-,-,5955.4000,5955.0000,5954.8000,5953.4000,5952.0000,5956.6000,5957.0000,5957.6000,5958.8000,5959.2000,1,1,2,1,1,1,1,2,4,1
SF,IC2103,2020-10-09 09:34:13.000,5954.8000,40080,-2,1309449080.000,4,1,3,多平,S,5953.4000,5952.0000,5951.4000,5950.0000,5946.6000,5954.6000,5956.4000,5956.6000,5957.0000,5957.6000,1,1,1,1,4,1,1,1,1,2
