市场代码,合约代码,时间,最新,持仓,增仓,成交额,成交量,开仓,平仓,成交类型,方向,买一价,买二价,买三价,买四价,买五价,卖一价,卖二价,卖三价,卖四价,卖五价,买一量,买二量,买三量,买四量,买五量,卖一量,卖二量,卖三量,卖四量,卖五量
SF,IC2103,2020-10-28 09:29:00.100,5950.0000,41634,0,1190000.000,1.000,-,-,-,-,5946.2000,5945.0000,5934.6000,5933.6000,5928.8000,5955.0000,5959.6000,5959.8000,5962.6000,5966.8000,1,1,1,1,2,1,1,4,1,1
SF,IC2103,2020-10-28 09:30:00.100,5945.0000,41635,1,3568240.000,2,1,1,空开,S,5934.6000,5933.6000,5924.6000,5921.2000,5921.0000,5941.8000,5942.4000,5945.8000,5946.2000,5948.0000,1,1,1,2,3,1,1,1,2,2
SF,IC2103,2020-10-28 09:30:00.600,5935.8000,41634,-1,7130720.000,3,1,2,多平,S,5935.8000,5935.2000,5934.8000,5934.6000,5928.8000,5941.6000,5942.4000,5945.0000,5949.0000,5950.0000,1,2,2,3,1,3,1,1,1,1
SF,IC2103,2020-10-28 09:30:01.100,5935.8000,41633,-1,8317880.000,1,0,1,双平,S,5936.2000,5935.2000,5934.8000,5934.6000,5928.8000,5941.4000,5941.6000,5949.0000,5954.6000,5955.0000,1,1,3,1,1,1,3,1,1,1
SF,IC2103,2020-10-28 09:30:01.600,5935.8000,41633,0,8317880.000,0,-,-,-,-,5936.4000,5936.2000,5934.8000,5928.8000,5921.2000,5940.8000,5941.2000,5941.4000,5941.6000,5949.0000,1,1,3,1,2,2,2,1,3,1
SF,IC2103,2020-10-28 09:30:02.100,5936.2000,41632,-1,9505120.000,1,0,1,双平,S,5936.4000,5936.2000,5928.8000,5921.2000,5921.0000,5940.6000,5941.2000,5941.6000,5949.0000,5954.6000,1,1,1,2,3,1,1,3,1,1
SF,IC2103,2020-10-28 09:30:02.600,5936.2000,41632,0,9505120.000,0,-,-,-,-,5936.4000,5936.2000,5928.8000,5921.0000,5920.0000,5940.6000,5941.2000,5941.6000,5949.0000,5954.6000,1,1,1,3,10,1,1,3,1,1
SF,IC2103,2020-10-28 09:30:03.100,5936.2000,41632,0,9505120.000,0,-,-,-,-,5938.4000,5936.4000,5936.2000,5928.8000,5921.0000,5940.6000,5941.6000,5949.0000,5954.6000,5955.0000,2,3,1,1,3,1,3,1,1,1
SF,IC2103,2020-10-28 09:30:03.600,5938.4000,41631,-1,10692800.000,1,0,1,双平,S,5938.4000,5938.0000,5936.4000,5928.8000,5921.0000,5940.6000,5949.0000,5954.6000,5955.0000,5959.8000,1,1,1,1,3,1,1,1,1,4
SF,IC2103,2020-10-28 09:30:04.100,5938.6000,41630,-1,14256360.000,3,1,2,多平,S,5938.4000,5938.0000,5936.4000,5928.8000,5921.0000,5949.0000,5954.6000,5955.0000,5959.8000,5970.0000,1,1,1,1,3,1,1,1,4,6
SF,IC2103,2020-10-28 09:30:04.600,5940.0000,41630,0,15444360.000,1,0,1,多换,S,5938.6000,5938.4000,5936.4000,5928.8000,5921.0000,5942.4000,5943.4000,5943.6000,5943.8000,5944.4000,1,1,1,1,3,1,2,1,1,6
SF,IC2103,2020-10-28 09:30:05.100,5938.4000,41629,-1,17819760.000,2,0,2,多平,S,5936.4000,5928.8000,5921.0000,5920.0000,5919.0000,5942.2000,5943.6000,5944.4000,5944.8000,5945.4000,1,1,3,10,5,2,1,3,2,1
SF,IC2103,2020-10-28 09:30:05.600,5938.4000,41629,0,17819760.000,0,-,-,-,-,5937.6000,5937.0000,5936.6000,5936.4000,5928.8000,5941.2000,5941.6000,5941.8000,5942.2000,5944.4000,1,2,1,3,1,1,1,3,2,2
SF,IC2103,2020-10-28 09:30:06.100,5938.4000,41629,0,17819760.000,0,-,-,-,-,5937.6000,5936.4000,5928.8000,5921.0000,5920.0000,5941.0000,5941.8000,5942.2000,5944.4000,5944.8000,1,2,1,3,10,2,3,1,2,1
SF,IC2103,2020-10-28 09:30:06.600,5938.8000,41627,-2,20195040.000,2,0,2,双平,S,5936.4000,5921.0000,5920.0000,5919.0000,5918.0000,5938.8000,5940.0000,5941.0000,5941.8000,5942.2000,1,3,10,5,5,1,1,2,1,1
SF,IC2103,2020-10-28 09:30:07.100,5938.8000,41627,0,20195040.000,0,-,-,-,-,5921.0000,5920.0000,5919.0000,5918.0000,5917.0000,5936.4000,5938.8000,5941.0000,5941.8000,5942.2000,3,10,5,5,5,14,2,2,1,1
SF,IC2103,2020-10-28 09:30:07.600,5936.4000,41626,-1,22570080.000,2,0,2,多平,S,5935.6000,5934.6000,5934.4000,5933.4000,5933.2000,5936.4000,5941.0000,5941.8000,5942.2000,5945.0000,1,1,3,2,1,13,1,1,1,1
SF,IC2103,2020-10-28 09:30:08.100,5933.2000,41625,-1,24943840.000,2,0,2,多平,S,5932.8000,5932.6000,5931.0000,5930.4000,5925.2000,5936.4000,5941.0000,5941.8000,5942.2000,5945.0000,4,3,1,1,1,13,1,1,1,1
SF,IC2103,2020-10-28 09:30:08.600,5936.4000,41624,-1,26131120.000,1,0,1,双平,S,5933.4000,5933.0000,5932.8000,5932.6000,5930.4000,5936.4000,5941.0000,5941.8000,5942.2000,5945.0000,1,4,7,3,1,13,1,1,1,1
SF,IC2103,2020-10-28 09:30:09.100,5932.8000,41612,-12,40370240.000,12,0,12,双平,S,5932.6000,5926.0000,5925.8000,5925.2000,5925.0000,5936.0000,5936.2000,5936.4000,5941.0000,5941.8000,3,1,1,1,1,2,1,16,1,1
SF,IC2103,2020-10-28 09:30:09.600,5932.6000,41612,0,43929800.000,3,1,2,多换,S,5932.6000,5926.2000,5926.0000,5925.8000,5925.2000,5935.8000,5936.0000,5936.4000,5941.0000,5941.8000,1,1,1,1,1,1,2,16,1,1
SF,IC2103,2020-10-28 09:30:10.100,5932.6000,41611,-1,45116320.000,1,0,1,双平,S,5932.6000,5927.2000,5926.2000,5926.0000,5925.8000,5935.8000,5936.0000,5936.4000,5941.0000,5941.8000,1,1,1,1,1,1,2,4,1,1
SF,IC2103,2020-10-28 09:30:10.600,5932.6000,41610,-1,47489360.000,2,0,2,多平,S,5927.2000,5926.2000,5926.0000,5925.8000,5925.2000,5932.6000,5935.6000,5936.4000,5941.0000,5941.8000,1,1,1,1,1,10,1,2,1,1
SF,IC2103,2020-10-28 09:30:11.100,5932.6000,41600,-10,60541040.000,11,0,11,多平,S,5932.4000,5932.2000,5932.0000,5931.8000,5931.4000,5936.4000,5941.0000,5941.8000,5942.2000,5945.0000,1,1,2,1,3,2,1,1,1,1
SF,IC2103,2020-10-28 09:30:11.600,5932.6000,41600,0,60541040.000,0,-,-,-,-,5932.8000,5932.6000,5932.0000,5931.4000,5931.2000,5936.4000,5941.0000,5941.8000,5942.2000,5945.0000,6,2,2,2,1,1,1,1,1,1
SF,IC2103,2020-10-28 09:30:12.100,5932.6000,41600,0,61727560.000,1,0,1,多换,S,5933.0000,5932.8000,5932.6000,5931.4000,5931.2000,5936.2000,5936.4000,5941.8000,5945.0000,5954.6000,2,6,1,2,1,1,1,1,1,1
SF,IC2103,2020-10-28 09:30:12.600,5933.4000,41599,-1,65288760.000,3,1,2,多平,S,5933.4000,5933.2000,5933.0000,5932.6000,5931.4000,5941.8000,5945.0000,5954.6000,5955.0000,5959.8000,6,1,2,2,2,1,1,1,1,4
SF,IC2103,2020-10-28 09:30:13.100,5933.4000,41599,0,65288760.000,0,-,-,-,-,5934.0000,5933.8000,5933.6000,5933.4000,5932.6000,5938.2000,5938.8000,5939.2000,5940.0000,5940.2000,1,1,1,6,2,4,1,1,3,2
SF,IC2103,2020-10-28 09:30:13.600,5933.4000,41599,0,65288760.000,0,-,-,-,-,5934.2000,5933.8000,5933.6000,5933.4000,5933.0000,5938.2000,5938.8000,5939.2000,5940.0000,5940.2000,1,1,1,1,1,4,1,1,3,2
SF,IC2103,2020-10-28 09:30:14.100,5933.4000,41599,0,65288760.000,0,-,-,-,-,5934.2000,5933.6000,5933.4000,5933.0000,5932.8000,5938.2000,5938.8000,5939.2000,5940.0000,5941.2000,1,1,1,2,1,3,1,1,3,1
SF,IC2103,2020-10-28 09:30:14.600,5933.4000,41599,0,65288760.000,0,-,-,-,-,5935.2000,5934.4000,5934.2000,5933.6000,5933.4000,5938.2000,5938.8000,5939.2000,5940.0000,5941.2000,1,1,1,1,1,3,1,1,3,1
SF,IC2103,2020-10-28 09:30:15.100,5934.2000,41599,0,66475600.000,1,0,1,多换,S,5934.4000,5934.0000,5933.4000,5933.0000,5932.8000,5938.0000,5938.2000,5938.8000,5939.2000,5940.0000,1,1,1,2,1,1,2,1,1,3
SF,IC2103,2020-10-28 09:30:15.600,5934.2000,41599,0,66475600.000,0,-,-,-,-,5935.2000,5934.4000,5934.0000,5933.4000,5933.0000,5938.0000,5938.2000,5938.8000,5939.2000,5940.0000,1,1,1,1,1,1,2,1,1,2
SF,IC2103,2020-10-28 09:30:16.100,5934.2000,41599,0,66475600.000,0,-,-,-,-,5935.2000,5934.4000,5934.0000,5933.4000,5933.0000,5938.0000,5939.2000,5940.0000,5941.4000,5941.8000,1,1,1,1,1,1,1,2,1,1
SF,IC2103,2020-10-28 09:30:16.600,5934.2000,41599,0,66475600.000,0,-,-,-,-,5936.6000,5936.4000,5936.0000,5935.4000,5934.4000,5938.0000,5939.2000,5940.0000,5941.4000,5941.8000,2,1,2,2,1,1,1,2,1,1
SF,IC2103,2020-10-28 09:30:17.100,5934.2000,41599,0,66475600.000,0,-,-,-,-,5936.6000,5936.4000,5936.0000,5935.4000,5935.0000,5939.2000,5940.0000,5941.4000,5941.8000,5945.0000,2,1,2,3,1,1,2,1,1,1
SF,IC2103,2020-10-28 09:30:17.600,5934.2000,41599,0,66475600.000,0,-,-,-,-,5936.4000,5935.0000,5933.8000,5933.0000,5932.8000,5939.0000,5941.8000,5945.0000,5954.6000,5955.0000,1,1,1,1,1,1,1,1,1,1
SF,IC2103,2020-10-28 09:30:18.100,5934.2000,41599,0,66475600.000,0,-,-,-,-,5937.6000,5935.0000,5933.8000,5933.0000,5932.8000,5939.0000,5941.8000,5945.0000,5954.6000,5955.0000,1,1,2,1,1,1,1,1,1,1
SF,IC2103,2020-10-28 09:30:18.600,5934.2000,41599,0,66475600.000,0,-,-,-,-,5935.0000,5933.8000,5933.0000,5932.8000,5928.8000,5941.8000,5945.0000,5954.6000,5955.0000,5959.8000,1,2,1,1,1,1,1,1,1,4
SF,IC2103,2020-10-28 09:30:19.100,5934.2000,41599,0,66475600.000,0,-,-,-,-,5937.0000,5936.4000,5935.6000,5935.4000,5935.0000,5940.0000,5940.8000,5941.6000,5941.8000,5945.0000,2,4,1,6,1,5,1,4,1,1
SF,IC2103,2020-10-28 09:30:19.600,5934.2000,41599,0,66475600.000,0,-,-,-,-,5937.6000,5935.6000,5935.4000,5935.0000,5934.2000,5939.8000,5940.0000,5940.8000,5941.6000,5941.8000,1,1,6,2,1,1,5,1,3,1
SF,IC2103,2020-10-28 09:30:20.100,5937.6000,41598,-1,67663120.000,1,0,1,双平,S,5935.4000,5935.0000,5934.2000,5933.0000,5932.8000,5937.4000,5939.8000,5940.0000,5940.8000,5941.6000,6,2,2,1,1,1,1,4,1,2
SF,IC2103,2020-10-28 09:30:20.600,5937.4000,41597,-1,68850600.000,1,0,1,双平,S,5935.8000,5935.6000,5935.4000,5935.0000,5934.4000,5939.8000,5940.0000,5940.8000,5941.6000,5941.8000,2,1,6,2,1,1,4,1,2,1
SF,IC2103,2020-10-28 09:30:21.100,5937.4000,41597,0,68850600.000,0,-,-,-,-,5936.6000,5936.0000,5935.8000,5935.6000,5935.4000,5939.8000,5940.0000,5940.8000,5941.6000,5941.8000,2,5,2,1,1,1,2,1,2,1
SF,IC2103,2020-10-28 09:30:21.600,5939.8000,41596,-1,70038560.000,1,0,1,双平,S,5939.2000,5937.6000,5937.2000,5936.8000,5936.0000,5940.8000,5941.6000,5941.8000,5945.0000,5954.6000,2,2,3,1,5,1,1,1,1,1
SF,IC2103,2020-10-28 09:30:22.100,5941.6000,41595,-1,72415040.000,2,0,2,多平,S,5939.2000,5937.8000,5937.6000,5937.2000,5936.8000,5954.6000,5955.0000,5959.8000,5970.0000,5978.0000,2,2,2,4,1,1,1,4,6,1
SF,IC2103,2020-10-28 09:30:22.600,5941.6000,41595,0,72415040.000,0,-,-,-,-,5939.4000,5939.2000,5937.8000,5937.6000,5937.2000,5943.6000,5943.8000,5944.0000,5944.8000,5945.4000,6,3,2,2,4,1,1,2,2,5
SF,IC2103,2020-10-28 09:30:23.100,5941.6000,41595,0,72415040.000,0,-,-,-,-,5940.2000,5939.4000,5939.2000,5935.0000,5934.2000,5943.6000,5944.8000,5947.2000,5948.2000,5954.4000,2,6,1,2,1,3,2,3,2,3
SF,IC2103,2020-10-28 09:30:23.600,5941.6000,41595,0,72415040.000,0,-,-,-,-,5940.4000,5940.2000,5939.4000,5939.2000,5935.0000,5943.6000,5944.8000,5947.2000,5948.2000,5954.4000,1,2,5,1,2,2,2,3,2,3
SF,IC2103,2020-10-28 09:30:24.100,5940.6000,41587,-8,83108360.000,9,0,9,多平,S,5939.4000,5939.2000,5935.0000,5934.2000,5933.2000,5943.4000,5943.6000,5944.8000,5947.2000,5948.2000,2,1,2,1,1,1,2,2,3,2
SF,IC2103,2020-10-28 09:30:24.600,5940.6000,41587,0,83108360.000,0,-,-,-,-,5942.2000,5941.6000,5941.0000,5940.8000,5940.0000,5943.4000,5944.8000,5948.2000,5954.4000,5954.6000,2,2,3,1,2,1,1,2,3,1
SF,IC2103,2020-10-28 09:30:25.100,5943.4000,41586,-1,84297040.000,1,0,1,双平,S,5940.8000,5940.0000,5939.8000,5939.4000,5935.6000,5944.8000,5948.2000,5954.4000,5954.6000,5955.0000,1,2,2,2,1,1,2,3,1,1
SF,IC2103,2020-10-28 09:30:25.600,5943.4000,41586,0,84297040.000,0,-,-,-,-,5941.8000,5941.6000,5941.0000,5940.8000,5940.0000,5948.2000,5954.4000,5954.6000,5955.0000,5959.8000,1,1,4,1,1,2,3,1,1,4
SF,IC2103,2020-10-28 09:30:26.100,5943.4000,41586,0,84297040.000,0,-,-,-,-,5942.4000,5942.0000,5941.8000,5941.6000,5941.0000,5947.2000,5948.0000,5948.2000,5954.4000,5954.6000,1,1,1,1,3,7,5,2,3,1
SF,IC2103,2020-10-28 09:30:26.600,5943.4000,41586,0,84297040.000,0,-,-,-,-,5943.4000,5942.6000,5942.4000,5942.0000,5941.8000,5945.4000,5947.2000,5948.0000,5948.2000,5954.4000,4,1,1,2,1,1,6,5,2,3
SF,IC2103,2020-10-28 09:30:27.100,5943.4000,41586,0,84297040.000,0,-,-,-,-,5943.4000,5942.6000,5942.4000,5942.0000,5941.8000,5945.4000,5947.2000,5948.0000,5948.2000,5954.4000,4,1,1,2,1,1,5,1,2,3
SF,IC2103,2020-10-28 09:30:27.600,5943.4000,41586,0,84297040.000,0,-,-,-,-,5943.8000,5943.4000,5942.6000,5942.4000,5941.8000,5947.2000,5948.0000,5948.2000,5954.4000,5954.6000,2,4,1,1,1,5,1,2,3,1
SF,IC2103,2020-10-28 09:30:28.100,5943.4000,41585,-1,85485720.000,1,0,1,双平,S,5943.8000,5943.4000,5942.4000,5941.8000,5941.6000,5947.0000,5947.2000,5948.0000,5948.2000,5954.4000,2,4,1,1,1,1,6,1,2,3
SF,IC2103,2020-10-28 09:30:28.600,5947.2000,41583,-2,87864560.000,2,0,2,双平,S,5944.0000,5943.8000,5943.4000,5941.6000,5941.0000,5948.2000,5954.4000,5954.6000,5954.8000,5955.0000,2,2,4,1,3,2,3,1,1,1
SF,IC2103,2020-10-28 09:30:29.100,5947.2000,41583,0,87864560.000,0,-,-,-,-,5944.0000,5943.8000,5943.4000,5941.6000,5941.0000,5947.2000,5948.2000,5954.4000,5954.6000,5954.8000,2,2,4,1,3,1,2,3,1,1
SF,IC2103,2020-10-28 09:30:29.600,5947.2000,41583,0,87864560.000,0,-,-,-,-,5944.2000,5944.0000,5943.4000,5941.6000,5941.0000,5947.2000,5948.2000,5954.4000,5954.6000,5954.8000,2,1,4,1,3,5,2,3,1,1
SF,IC2103,2020-10-28 09:30:30.100,5944.2000,41582,-1,89053400.000,1,0,1,双平,S,5944.6000,5944.4000,5944.2000,5943.4000,5941.6000,5947.2000,5948.2000,5954.4000,5954.6000,5954.8000,2,1,1,4,1,4,2,3,1,1
SF,IC2103,2020-10-28 09:30:30.600,5944.2000,41582,0,89053400.000,0,-,-,-,-,5944.8000,5944.6000,5943.4000,5941.6000,5941.0000,5947.2000,5948.2000,5954.4000,5954.6000,5954.8000,1,2,4,1,3,4,2,3,1,1
SF,IC2103,2020-10-28 09:30:31.100,5944.8000,41581,-1,90242360.000,1,0,1,双平,S,5944.6000,5943.4000,5941.6000,5941.0000,5935.6000,5947.2000,5948.2000,5954.4000,5954.6000,5954.8000,2,4,1,3,2,4,2,3,1,1
SF,IC2103,2020-10-28 09:30:31.600,5944.6000,41579,-2,92620200.000,2,0,2,双平,S,5943.4000,5941.6000,5935.6000,5935.0000,5934.2000,5947.0000,5947.2000,5948.2000,5954.4000,5954.6000,4,1,2,1,1,2,4,2,3,1
SF,IC2103,2020-10-28 09:30:32.100,5944.6000,41579,0,92620200.000,0,-,-,-,-,5943.4000,5941.6000,5935.6000,5935.0000,5934.2000,5946.6000,5947.0000,5947.2000,5948.2000,5954.4000,4,1,2,1,1,1,2,4,2,3
SF,IC2103,2020-10-28 09:30:32.600,5944.6000,41579,0,92620200.000,0,-,-,-,-,5945.4000,5943.4000,5935.6000,5935.0000,5934.2000,5946.2000,5946.4000,5946.6000,5947.0000,5947.2000,1,4,2,1,1,4,1,1,1,4
SF,IC2103,2020-10-28 09:30:33.100,5945.4000,41578,-1,93809280.000,1,0,1,双平,S,5943.6000,5943.4000,5935.6000,5935.0000,5934.2000,5945.0000,5945.4000,5946.6000,5947.0000,5947.2000,1,4,2,1,1,1,1,1,1,3
SF,IC2103,2020-10-28 09:30:33.600,5945.4000,41578,0,93809280.000,0,-,-,-,-,5943.4000,5935.6000,5935.0000,5934.2000,5933.0000,5945.0000,5945.4000,5946.6000,5947.2000,5948.2000,4,1,1,1,1,1,1,1,2,2
SF,IC2103,2020-10-28 09:30:34.100,5943.4000,41578,0,98564000.000,4,2,2,多换,S,5935.6000,5935.0000,5934.2000,5933.0000,5932.8000,5944.8000,5945.0000,5945.4000,5946.6000,5947.2000,1,1,1,1,1,1,1,1,1,1
SF,IC2103,2020-10-28 09:30:34.600,5943.4000,41578,0,98564000.000,0,-,-,-,-,5943.6000,5941.0000,5940.8000,5940.4000,5940.0000,5944.6000,5944.8000,5945.0000,5945.4000,5946.6000,1,2,1,3,2,2,2,1,1,1
SF,IC2103,2020-10-28 09:30:35.100,5943.6000,41576,-2,100941440.000,2,0,2,双平,S,5940.2000,5940.0000,5939.4000,5938.8000,5936.0000,5943.6000,5944.4000,5944.8000,5945.0000,5946.6000,3,2,1,1,3,1,2,2,1,1
SF,IC2103,2020-10-28 09:30:35.600,5943.6000,41576,0,100941440.000,0,-,-,-,-,5940.2000,5940.0000,5939.4000,5938.8000,5936.2000,5943.4000,5943.6000,5944.4000,5944.8000,5945.0000,3,1,1,1,3,2,1,1,2,1
SF,IC2103,2020-10-28 09:30:36.100,5943.6000,41576,0,100941440.000,0,-,-,-,-,5941.4000,5940.6000,5940.2000,5939.4000,5938.8000,5943.4000,5943.6000,5944.4000,5944.8000,5945.0000,2,2,3,1,1,1,1,1,2,1
SF,IC2103,2020-10-28 09:30:36.600,5943.6000,41576,0,100941440.000,0,-,-,-,-,5943.4000,5941.4000,5940.6000,5940.2000,5939.4000,5944.4000,5944.8000,5945.0000,5946.6000,5948.2000,1,2,2,3,1,1,2,1,1,2
SF,IC2103,2020-10-28 09:30:37.100,5943.6000,41576,0,100941440.000,0,-,-,-,-,5943.4000,5941.4000,5940.6000,5940.2000,5939.4000,5944.2000,5944.8000,5945.0000,5946.6000,5948.2000,1,2,2,3,1,1,2,1,1,2
SF,IC2103,2020-10-28 09:30:37.600,5943.6000,41576,0,100941440.000,0,-,-,-,-,5941.4000,5940.6000,5940.2000,5940.0000,5939.4000,5944.2000,5944.8000,5945.0000,5946.6000,5948.2000,2,2,3,1,1,1,2,1,1,2
SF,IC2103,2020-10-28 09:30:38.100,5943.6000,41576,0,100941440.000,0,-,-,-,-,5941.4000,5940.6000,5940.2000,5940.0000,5939.4000,5943.6000,5944.0000,5944.2000,5944.8000,5945.0000,2,2,3,1,1,1,1,1,2,1
SF,IC2103,2020-10-28 09:30:38.600,5943.6000,41576,0,100941440.000,0,-,-,-,-,5941.4000,5940.6000,5940.2000,5940.0000,5939.4000,5944.0000,5944.2000,5944.8000,5945.0000,5946.6000,2,2,3,1,1,1,1,2,1,1
SF,IC2103,2020-10-28 09:30:39.100,5943.6000,41576,0,100941440.000,0,-,-,-,-,5941.4000,5940.6000,5940.2000,5940.0000,5939.4000,5944.0000,5944.8000,5945.0000,5946.6000,5948.2000,2,2,3,1,1,1,2,1,1,2
SF,IC2103,2020-10-28 09:30:40.100,5943.6000,41576,0,100941440.000,0,-,-,-,-,5941.4000,5940.6000,5940.2000,5940.0000,5939.4000,5943.6000,5944.0000,5944.8000,5945.0000,5946.6000,2,2,3,1,1,1,1,2,1,1
SF,IC2103,2020-10-28 09:30:40.600,5943.6000,41576,0,100941440.000,0,-,-,-,-,5941.4000,5940.6000,5940.2000,5940.0000,5939.4000,5943.4000,5943.6000,5944.0000,5944.8000,5945.0000,2,2,3,1,1,1,1,1,2,1
SF,IC2103,2020-10-28 09:30:41.100,5943.6000,41576,0,100941440.000,0,-,-,-,-,5941.8000,5941.4000,5940.6000,5940.2000,5940.0000,5943.4000,5943.6000,5944.0000,5944.8000,5945.0000,1,2,2,3,1,1,1,1,2,1
SF,IC2103,2020-10-28 09:30:41.600,5943.6000,41576,0,100941440.000,0,-,-,-,-,5941.8000,5941.4000,5940.6000,5940.2000,5940.0000,5943.6000,5944.0000,5944.8000,5945.0000,5946.6000,1,2,2,3,1,1,1,2,1,1
SF,IC2103,2020-10-28 09:30:42.100,5943.6000,41576,0,100941440.000,0,-,-,-,-,5941.8000,5941.4000,5940.6000,5940.2000,5940.0000,5943.4000,5943.6000,5944.0000,5944.8000,5945.0000,1,2,2,3,1,1,1,1,2,1
SF,IC2103,2020-10-28 09:30:42.600,5943.6000,41576,0,100941440.000,0,-,-,-,-,5940.0000,5936.2000,5936.0000,5935.6000,5935.0000,5943.4000,5943.6000,5944.0000,5944.8000,5945.0000,1,3,3,1,2,1,1,1,2,1
SF,IC2103,2020-10-28 09:30:43.100,5943.6000,41576,0,100941440.000,0,-,-,-,-,5941.8000,5941.4000,5941.2000,5940.2000,5940.0000,5942.4000,5943.2000,5943.6000,5945.0000,5946.6000,1,2,1,3,3,2,2,1,1,1
SF,IC2103,2020-10-28 09:30:43.600,5942.4000,41574,-2,104506760.000,3,0,3,多平,S,5942.4000,5940.0000,5936.2000,5936.0000,5935.6000,5943.6000,5945.0000,5946.6000,5948.2000,5954.4000,2,1,3,3,1,1,1,1,2,3
SF,IC2103,2020-10-28 09:30:44.100,5942.4000,41574,0,104506760.000,0,-,-,-,-,5942.4000,5940.0000,5936.2000,5936.0000,5935.6000,5943.4000,5943.6000,5945.0000,5946.6000,5948.2000,2,1,3,3,1,1,1,1,1,2
SF,IC2103,2020-10-28 09:30:44.600,5943.4000,41574,0,105695440.000,1,0,1,多换,S,5942.4000,5940.0000,5936.2000,5936.0000,5935.6000,5945.0000,5946.6000,5948.2000,5954.4000,5954.6000,2,1,3,3,1,1,1,2,3,1
SF,IC2103,2020-10-28 09:30:45.100,5943.4000,41574,0,105695440.000,0,-,-,-,-,5942.4000,5940.0000,5936.2000,5936.0000,5935.6000,5944.8000,5945.0000,5946.6000,5948.2000,5954.4000,2,1,3,3,1,2,1,1,2,3
SF,IC2103,2020-10-28 09:30:46.600,5943.4000,41574,0,105695440.000,0,-,-,-,-,5942.4000,5940.0000,5936.2000,5936.0000,5935.6000,5944.8000,5945.0000,5946.6000,5948.2000,5954.4000,2,1,3,3,1,2,1,1,2,3
SF,IC2103,2020-10-28 09:30:47.100,5943.4000,41574,0,105695440.000,0,-,-,-,-,5942.6000,5942.4000,5940.0000,5936.2000,5936.0000,5944.8000,5945.0000,5946.6000,5948.2000,5954.4000,1,2,1,3,3,2,1,1,2,3
SF,IC2103,2020-10-28 09:30:48.100,5943.4000,41574,0,105695440.000,0,-,-,-,-,5942.6000,5942.4000,5940.0000,5936.2000,5936.0000,5944.8000,5945.0000,5946.6000,5948.2000,5954.4000,1,2,1,3,3,1,1,1,2,3
SF,IC2103,2020-10-28 09:30:48.600,5945.0000,41572,-2,108073400.000,2,0,2,双平,S,5944.8000,5942.6000,5942.4000,5940.0000,5936.2000,5946.6000,5948.2000,5954.4000,5954.6000,5954.8000,1,1,2,1,3,1,2,3,1,1
SF,IC2103,2020-10-28 09:30:49.100,5945.0000,41572,0,108073400.000,0,-,-,-,-,5944.8000,5942.6000,5942.4000,5940.0000,5936.2000,5946.4000,5946.6000,5948.2000,5954.4000,5954.6000,1,1,1,1,3,1,1,2,3,1
SF,IC2103,2020-10-28 09:30:49.600,5945.0000,41572,0,108073400.000,0,-,-,-,-,5944.8000,5942.6000,5942.4000,5940.0000,5936.2000,5948.2000,5954.4000,5954.6000,5954.8000,5955.0000,1,1,1,1,3,2,3,1,1,1
SF,IC2103,2020-10-28 09:30:50.100,5945.0000,41572,0,108073400.000,0,-,-,-,-,5945.0000,5944.8000,5942.6000,5942.4000,5940.2000,5947.2000,5947.4000,5948.0000,5948.2000,5954.4000,1,2,1,1,1,1,2,3,2,3
SF,IC2103,2020-10-28 09:30:50.600,5945.0000,41572,0,108073400.000,0,-,-,-,-,5946.0000,5945.0000,5944.8000,5942.6000,5942.4000,5948.0000,5948.2000,5954.4000,5954.6000,5954.8000,1,1,1,1,1,1,2,3,1,1
SF,IC2103,2020-10-28 09:30:51.100,5945.0000,41572,0,108073400.000,0,-,-,-,-,5946.0000,5945.0000,5944.8000,5942.4000,5940.2000,5948.0000,5948.2000,5954.4000,5954.6000,5954.8000,1,1,1,1,1,1,2,3,1,1
SF,IC2103,2020-10-28 09:30:51.600,5947.2000,41571,-1,109262840.000,1,0,1,双平,S,5945.0000,5944.8000,5942.4000,5940.2000,5940.0000,5948.0000,5948.2000,5954.4000,5954.6000,5954.8000,1,1,1,1,1,1,2,3,1,1
SF,IC2103,2020-10-28 09:30:52.600,5947.2000,41571,0,109262840.000,0,-,-,-,-,5945.0000,5944.8000,5942.4000,5940.2000,5940.0000,5948.2000,5954.4000,5954.6000,5954.8000,5955.0000,1,1,1,1,1,2,3,1,1,1
SF,IC2103,2020-10-28 09:30:53.100,5947.2000,41571,0,109262840.000,0,-,-,-,-,5945.4000,5945.2000,5945.0000,5944.8000,5942.4000,5948.2000,5954.4000,5954.6000,5954.8000,5955.0000,1,1,1,1,1,2,3,1,1,1
SF,IC2103,2020-10-28 09:30:53.600,5947.2000,41571,0,109262840.000,0,-,-,-,-,5945.6000,5945.2000,5944.8000,5942.4000,5940.2000,5948.0000,5948.2000,5954.4000,5954.6000,5954.8000,1,1,1,1,1,1,2,3,1,1
SF,IC2103,2020-10-28 09:30:54.100,5945.2000,41569,-2,111641000.000,2,0,2,双平,S,5942.4000,5940.2000,5940.0000,5936.0000,5935.6000,5948.2000,5954.4000,5954.6000,5954.8000,5955.0000,1,1,1,3,1,2,3,1,1,1
SF,IC2103,2020-10-28 09:30:54.600,5945.2000,41569,0,111641000.000,0,-,-,-,-,5944.8000,5944.4000,5944.0000,5943.6000,5942.4000,5948.0000,5948.2000,5954.4000,5954.6000,5954.8000,1,1,1,3,4,1,2,3,1,1
SF,IC2103,2020-10-28 09:30:55.100,5945.2000,41569,0,111641000.000,0,-,-,-,-,5944.8000,5942.8000,5942.4000,5940.2000,5940.0000,5947.8000,5948.0000,5948.2000,5954.4000,5954.6000,1,2,3,1,1,1,3,2,3,1
SF,IC2103,2020-10-28 09:30:55.600,5945.2000,41569,0,111641000.000,0,-,-,-,-,5942.4000,5940.2000,5940.0000,5936.0000,5935.6000,5947.6000,5947.8000,5948.2000,5954.4000,5954.6000,2,1,1,3,1,1,1,2,3,1
SF,IC2103,2020-10-28 09:30:56.100,5945.2000,41569,0,111641000.000,0,-,-,-,-,5945.0000,5944.0000,5943.6000,5942.4000,5940.2000,5947.6000,5947.8000,5948.2000,5954.4000,5954.6000,1,1,3,4,1,1,1,2,3,1
SF,IC2103,2020-10-28 09:30:56.600,5945.2000,41569,0,111641000.000,0,-,-,-,-,5945.0000,5943.6000,5942.4000,5940.2000,5940.0000,5947.6000,5947.8000,5948.2000,5954.4000,5954.6000,1,1,3,1,1,1,1,2,3,1
SF,IC2103,2020-10-28 09:30:57.600,5945.2000,41569,0,111641000.000,0,-,-,-,-,5945.0000,5942.4000,5940.2000,5940.0000,5936.0000,5947.6000,5947.8000,5948.2000,5954.4000,5954.6000,1,3,1,1,3,1,1,2,3,1
SF,IC2103,2020-10-28 09:30:58.100,5945.2000,41569,0,111641000.000,0,-,-,-,-,5945.0000,5942.4000,5940.2000,5940.0000,5936.0000,5947.6000,5948.2000,5954.4000,5954.6000,5954.8000,1,3,1,1,3,1,2,3,1,1
SF,IC2103,2020-10-28 09:30:58.600,5945.2000,41569,0,111641000.000,0,-,-,-,-,5945.0000,5942.4000,5940.2000,5940.0000,5936.0000,5947.4000,5947.6000,5948.2000,5954.4000,5954.6000,1,3,1,1,3,1,1,2,3,1
SF,IC2103,2020-10-28 09:30:59.100,5945.2000,41569,0,111641000.000,0,-,-,-,-,5945.0000,5942.4000,5940.2000,5940.0000,5936.0000,5945.2000,5947.4000,5947.6000,5948.2000,5954.4000,1,3,1,1,3,1,1,1,2,3
SF,IC2103,2020-10-28 09:30:59.600,5945.2000,41568,-1,112830040.000,1,0,1,双平,S,5945.4000,5945.2000,5945.0000,5942.4000,5940.2000,5947.4000,5947.6000,5948.2000,5954.4000,5954.6000,2,2,1,2,1,1,1,2,3,1
SF,IC2103,2020-10-28 09:31:00.100,5945.2000,41568,0,112830040.000,0,-,-,-,-,5945.4000,5945.2000,5945.0000,5942.4000,5940.2000,5947.4000,5947.6000,5948.2000,5954.4000,5954.6000,2,2,1,1,1,1,1,2,3,1
SF,IC2103,2020-10-28 09:31:00.600,5945.4000,41568,0,114019120.000,1,0,1,多换,S,5945.4000,5945.2000,5945.0000,5942.4000,5940.2000,5947.6000,5948.2000,5954.4000,5954.6000,5954.8000,1,2,1,1,1,1,2,3,1,1
SF,IC2103,2020-10-28 09:31:01.100,5945.4000,41568,0,114019120.000,0,-,-,-,-,5945.6000,5945.4000,5945.2000,5945.0000,5942.4000,5947.4000,5947.6000,5948.2000,5954.4000,5954.6000,1,1,2,1,1,1,1,2,3,1
SF,IC2103,2020-10-28 09:31:01.600,5947.4000,41568,0,115208600.000,1,0,1,多换,S,5947.4000,5945.8000,5945.6000,5945.4000,5945.2000,5948.2000,5954.4000,5954.6000,5954.8000,5955.0000,2,1,1,1,2,2,3,1,1,1
SF,IC2103,2020-10-28 09:31:02.100,5948.2000,41567,-1,117587880.000,2,0,2,多平,S,5947.6000,5947.4000,5945.8000,5945.4000,5945.2000,5954.4000,5954.6000,5954.8000,5955.0000,5959.8000,2,2,1,1,2,3,1,1,1,1
SF,IC2103,2020-10-28 09:31:02.600,5948.2000,41567,0,117587880.000,0,-,-,-,-,5947.6000,5947.4000,5945.8000,5945.4000,5945.2000,5951.0000,5951.8000,5952.0000,5952.6000,5954.0000,2,2,1,1,2,1,2,1,1,4
SF,IC2103,2020-10-28 09:31:03.100,5951.0000,41565,-2,119968240.000,2,0,2,双平,S,5948.4000,5947.8000,5947.6000,5947.4000,5945.4000,5950.8000,5952.6000,5954.0000,5954.2000,5954.4000,1,3,2,2,1,1,1,4,4,3
SF,IC2103,2020-10-28 09:31:03.600,5951.0000,41564,-1,121158440.000,1,0,1,双平,S,5950.8000,5949.4000,5948.8000,5948.6000,5948.4000,5952.6000,5954.2000,5954.4000,5954.6000,5954.8000,2,2,3,1,1,1,4,3,1,1
SF,IC2103,2020-10-28 09:31:04.100,5950.8000,41563,-1,122348600.000,1,0,1,双平,S,5948.8000,5948.6000,5948.4000,5947.8000,5945.2000,5952.4000,5954.2000,5954.4000,5954.6000,5954.8000,1,1,1,3,2,1,3,3,1,1
SF,IC2103,2020-10-28 09:31:04.600,5950.8000,41563,0,122348600.000,0,-,-,-,-,5951.0000,5949.0000,5948.8000,5948.4000,5945.2000,5952.4000,5954.2000,5954.4000,5954.6000,5954.8000,3,2,1,1,1,1,3,3,1,1
SF,IC2103,2020-10-28 09:31:05.100,5951.0000,41560,-3,125919200.000,3,0,3,双平,S,5949.0000,5948.8000,5945.2000,5942.0000,5935.6000,5954.2000,5954.4000,5954.6000,5954.8000,5955.0000,1,1,1,1,1,3,3,1,1,1
SF,IC2103,2020-10-28 09:31:05.600,5951.0000,41560,0,125919200.000,0,-,-,-,-,5949.6000,5949.2000,5945.2000,5942.0000,5935.6000,5950.8000,5951.4000,5952.2000,5953.6000,5953.8000,1,1,1,1,1,1,2,2,3,6
SF,IC2103,2020-10-28 09:31:06.100,5949.6000,41559,-1,127109120.000,1,0,1,双平,S,5949.2000,5945.2000,5942.0000,5935.6000,5935.0000,5953.6000,5953.8000,5954.0000,5954.2000,5954.4000,1,1,1,1,1,3,6,2,3,3
SF,IC2103,2020-10-28 09:31:06.600,5949.2000,41559,0,128298960.000,1,0,1,多换,S,5945.2000,5942.0000,5935.6000,5935.0000,5934.2000,5952.4000,5952.6000,5953.4000,5953.8000,5954.2000,1,1,1,1,1,2,1,4,2,3
SF,IC2103,2020-10-28 09:31:07.100,5949.2000,41559,0,128298960.000,0,-,-,-,-,5948.8000,5947.2000,5946.6000,5946.0000,5945.8000,5952.2000,5953.4000,5953.8000,5954.2000,5954.4000,1,6,1,1,1,1,2,2,3,3
SF,IC2103,2020-10-28 09:31:07.600,5949.2000,41559,0,128298960.000,0,-,-,-,-,5949.0000,5948.8000,5947.2000,5946.6000,5945.8000,5950.8000,5952.2000,5953.4000,5953.8000,5954.2000,3,1,5,1,1,1,1,2,2,3
SF,IC2103,2020-10-28 09:31:08.100,5950.8000,41559,0,129489120.000,1,0,1,多换,S,5949.6000,5949.0000,5948.8000,5947.2000,5945.8000,5953.8000,5954.2000,5954.4000,5954.6000,5954.8000,1,4,1,3,1,2,3,3,1,1
SF,IC2103,2020-10-28 09:31:08.600,5950.8000,41559,0,129489120.000,0,-,-,-,-,5949.8000,5949.6000,5949.0000,5948.8000,5947.2000,5953.6000,5953.8000,5954.2000,5954.4000,5954.6000,2,1,3,1,3,4,2,3,3,1
SF,IC2103,2020-10-28 09:31:09.100,5950.8000,41559,0,129489120.000,0,-,-,-,-,5949.8000,5949.6000,5949.0000,5948.8000,5947.2000,5953.6000,5953.8000,5954.2000,5954.4000,5954.6000,3,1,3,1,2,2,2,3,3,1
SF,IC2103,2020-10-28 09:31:09.600,5950.8000,41559,0,129489120.000,0,-,-,-,-,5949.8000,5949.6000,5949.0000,5948.8000,5947.2000,5953.6000,5953.8000,5954.2000,5954.4000,5954.6000,3,1,3,1,2,4,2,3,3,1
SF,IC2103,2020-10-28 09:31:10.100,5950.8000,41559,0,129489120.000,0,-,-,-,-,5950.0000,5949.8000,5949.6000,5948.8000,5947.2000,5953.6000,5953.8000,5954.2000,5954.4000,5954.6000,1,2,1,1,2,2,2,3,3,1
SF,IC2103,2020-10-28 09:31:10.600,5950.8000,41559,0,129489120.000,0,-,-,-,-,5950.2000,5950.0000,5948.8000,5947.2000,5945.8000,5953.2000,5953.6000,5953.8000,5954.2000,5954.4000,2,1,1,2,1,2,2,1,3,3
SF,IC2103,2020-10-28 09:31:11.100,5950.8000,41559,0,129489120.000,0,-,-,-,-,5950.2000,5950.0000,5947.2000,5945.8000,5945.6000,5953.0000,5953.6000,5953.8000,5954.2000,5954.4000,2,1,2,1,3,3,1,1,3,3
SF,IC2103,2020-10-28 09:31:11.600,5950.8000,41559,0,129489120.000,0,-,-,-,-,5950.2000,5950.0000,5947.2000,5945.8000,5945.6000,5953.0000,5953.6000,5953.8000,5954.2000,5954.4000,2,2,2,1,3,5,1,1,3,3
SF,IC2103,2020-10-28 09:31:12.100,5950.2000,41557,-2,131869200.000,2,0,2,双平,S,5950.4000,5950.0000,5947.2000,5945.8000,5945.6000,5952.8000,5953.0000,5953.6000,5953.8000,5954.2000,1,1,2,1,3,1,5,1,1,3
SF,IC2103,2020-10-28 09:31:12.600,5950.2000,41556,-1,133059240.000,1,0,1,双平,S,5950.0000,5947.2000,5945.8000,5945.6000,5945.2000,5952.6000,5952.8000,5953.0000,5953.6000,5953.8000,1,2,1,3,1,1,1,2,1,1
SF,IC2103,2020-10-28 09:31:13.100,5950.2000,41556,0,133059240.000,0,-,-,-,-,5950.0000,5947.2000,5945.6000,5945.2000,5942.0000,5952.2000,5952.4000,5952.6000,5953.0000,5953.6000,1,2,3,1,1,2,1,1,2,1
SF,IC2103,2020-10-28 09:31:13.600,5950.0000,41556,0,134249240.000,1,0,1,多换,S,5947.2000,5945.6000,5945.2000,5942.0000,5935.0000,5952.0000,5952.4000,5953.0000,5953.6000,5953.8000,2,3,1,1,1,2,1,2,1,1
SF,IC2103,2020-10-28 09:31:14.100,5950.0000,41556,0,134249240.000,0,-,-,-,-,5950.8000,5950.4000,5949.2000,5949.0000,5948.8000,5951.0000,5951.8000,5952.0000,5953.0000,5953.6000,2,2,1,2,2,2,1,2,2,1
SF,IC2103,2020-10-28 09:31:14.600,5951.0000,41553,-3,139009480.000,4,0,4,多平,S,5950.0000,5947.4000,5945.6000,5945.2000,5942.0000,5952.0000,5953.0000,5953.8000,5954.6000,5954.8000,1,1,2,1,1,2,1,1,1,1
SF,IC2103,2020-10-28 09:31:15.100,5951.0000,41553,0,139009480.000,0,-,-,-,-,5950.0000,5949.8000,5947.4000,5945.6000,5945.2000,5951.8000,5952.0000,5953.0000,5953.8000,5954.6000,1,1,1,2,1,1,1,1,1,1
SF,IC2103,2020-10-28 09:31:15.600,5949.8000,41551,-2,143769840.000,4,1,3,多平,S,5945.6000,5945.2000,5942.0000,5935.0000,5934.2000,5947.2000,5953.0000,5953.8000,5954.6000,5954.8000,2,1,1,1,1,22,1,1,1,1
SF,IC2103,2020-10-28 09:31:16.100,5947.2000,41532,-19,169937520.000,22,1,21,多平,S,5950.2000,5948.4000,5948.2000,5947.8000,5947.2000,5953.0000,5953.8000,5954.6000,5954.8000,5959.8000,2,1,3,2,15,1,1,1,1,1
SF,IC2103,2020-10-28 09:31:16.600,5950.2000,41531,-1,171127560.000,1,0,1,双平,S,5948.8000,5947.4000,5947.2000,5946.6000,5946.0000,5952.8000,5953.0000,5953.8000,5954.6000,5954.8000,1,1,7,1,1,6,1,1,1,1
SF,IC2103,2020-10-28 09:31:17.100,5950.2000,41531,0,171127560.000,0,-,-,-,-,5949.0000,5948.8000,5947.4000,5947.2000,5946.6000,5952.6000,5952.8000,5953.0000,5953.8000,5954.6000,1,1,1,7,1,1,6,1,1,1
SF,IC2103,2020-10-28 09:31:17.600,5950.2000,41531,0,171127560.000,0,-,-,-,-,5950.4000,5950.0000,5949.2000,5949.0000,5948.8000,5952.4000,5952.6000,5952.8000,5953.0000,5953.8000,1,1,2,1,1,3,1,1,1,1
SF,IC2103,2020-10-28 09:31:18.100,5950.0000,41530,-1,172317560.000,1,0,1,双平,S,5949.0000,5948.0000,5947.4000,5947.2000,5947.0000,5952.2000,5952.8000,5953.0000,5953.8000,5954.6000,1,1,1,7,2,1,1,1,1,1
SF,IC2103,2020-10-28 09:31:18.600,5950.0000,41530,0,172317560.000,0,-,-,-,-,5950.4000,5949.2000,5949.0000,5948.0000,5947.4000,5952.0000,5952.2000,5952.8000,5953.0000,5953.8000,1,2,1,1,1,1,1,1,1,1
SF,IC2103,2020-10-28 09:31:19.100,5950.0000,41530,0,172317560.000,0,-,-,-,-,5950.4000,5949.2000,5949.0000,5948.0000,5947.4000,5951.8000,5952.8000,5953.0000,5953.8000,5954.6000,1,2,1,1,1,1,1,1,1,1
SF,IC2103,2020-10-28 09:31:19.600,5950.0000,41530,0,172317560.000,0,-,-,-,-,5949.0000,5948.0000,5947.4000,5947.2000,5947.0000,5951.8000,5953.0000,5953.8000,5954.6000,5954.8000,1,1,1,7,2,1,1,1,1,1
SF,IC2103,2020-10-28 09:31:20.100,5951.6000,41530,0,173507880.000,1,0,1,多换,S,5950.6000,5949.2000,5949.0000,5948.0000,5947.2000,5953.0000,5953.8000,5954.6000,5954.8000,5959.8000,1,1,2,1,6,1,1,1,1,1
SF,IC2103,2020-10-28 09:31:20.600,5951.6000,41530,0,173507880.000,0,-,-,-,-,5950.6000,5949.2000,5949.0000,5948.8000,5948.0000,5952.8000,5953.0000,5953.8000,5954.6000,5954.8000,1,1,2,1,1,1,1,1,1,1
SF,IC2103,2020-10-28 09:31:21.100,5951.6000,41530,0,173507880.000,0,-,-,-,-,5950.6000,5949.2000,5949.0000,5948.8000,5948.2000,5952.8000,5953.0000,5953.8000,5954.6000,5954.8000,1,1,2,1,1,1,1,1,1,1
SF,IC2103,2020-10-28 09:31:21.600,5951.6000,41530,0,173507880.000,0,-,-,-,-,5950.6000,5949.2000,5949.0000,5948.8000,5948.2000,5952.8000,5953.0000,5953.8000,5954.6000,5954.8000,1,1,2,1,1,1,1,1,1,1
SF,IC2103,2020-10-28 09:31:22.100,5950.6000,41530,0,174698000.000,1,0,1,多换,S,5949.2000,5949.0000,5948.8000,5948.2000,5948.0000,5952.8000,5953.0000,5953.8000,5954.6000,5954.8000,1,2,1,1,1,1,1,1,1,1
SF,IC2103,2020-10-28 09:31:22.600,5950.6000,41530,0,174698000.000,0,-,-,-,-,5949.6000,5949.4000,5949.2000,5948.8000,5948.2000,5952.8000,5953.0000,5953.8000,5954.6000,5954.8000,2,1,1,1,1,1,1,1,1,1
SF,IC2103,2020-10-28 09:31:23.100,5950.6000,41530,0,174698000.000,0,-,-,-,-,5950.4000,5949.8000,5948.8000,5948.0000,5947.4000,5952.6000,5952.8000,5953.0000,5953.8000,5954.6000,1,1,1,1,1,1,1,1,1,1
SF,IC2103,2020-10-28 09:31:23.600,5950.6000,41530,0,174698000.000,0,-,-,-,-,5949.8000,5948.8000,5948.0000,5947.4000,5947.2000,5952.4000,5952.6000,5953.0000,5953.8000,5954.6000,1,1,1,1,2,1,1,1,1,1
SF,IC2103,2020-10-28 09:31:24.100,5950.6000,41530,0,174698000.000,0,-,-,-,-,5950.4000,5950.0000,5949.8000,5948.8000,5948.0000,5952.4000,5953.0000,5953.8000,5954.6000,5954.8000,1,1,1,1,1,1,1,1,1,1
SF,IC2103,2020-10-28 09:31:24.600,5950.6000,41530,0,174698000.000,0,-,-,-,-,5950.6000,5950.4000,5950.0000,5948.8000,5948.0000,5952.4000,5953.0000,5953.8000,5954.6000,5954.8000,1,1,1,1,1,1,1,1,1,1
SF,IC2103,2020-10-28 09:31:25.100,5950.4000,41530,0,175888080.000,1,0,1,多换,S,5950.0000,5948.8000,5948.0000,5947.4000,5947.2000,5950.6000,5952.2000,5952.4000,5953.0000,5954.6000,1,1,1,1,2,2,1,1,1,1
SF,IC2103,2020-10-28 09:31:25.600,5950.6000,41527,-3,179458440.000,3,0,3,双平,S,5948.8000,5948.0000,5947.8000,5947.4000,5947.2000,5952.2000,5952.4000,5953.0000,5954.6000,5954.8000,1,1,1,1,2,1,1,1,1,1
SF,IC2103,2020-10-28 09:31:26.100,5950.6000,41527,0,179458440.000,0,-,-,-,-,5950.0000,5949.2000,5949.0000,5948.8000,5947.2000,5950.8000,5952.0000,5952.2000,5953.0000,5954.6000,1,1,2,1,2,1,2,1,1,1
SF,IC2103,2020-10-28 09:31:26.600,5950.0000,41526,-1,180648440.000,1,0,1,双平,S,5949.2000,5948.8000,5947.2000,5947.0000,5946.2000,5950.2000,5950.8000,5952.0000,5952.2000,5953.0000,1,1,2,2,1,1,1,1,1,1
SF,IC2103,2020-10-28 09:31:27.100,5950.2000,41524,-2,184218680.000,3,0,3,多平,S,5951.0000,5950.8000,5950.4000,5950.2000,5949.8000,5952.0000,5952.2000,5953.0000,5954.6000,5954.8000,2,1,1,3,2,1,1,1,1,1
SF,IC2103,2020-10-28 09:31:27.600,5950.2000,41521,-3,188978840.000,4,0,4,多平,S,5948.8000,5947.0000,5946.0000,5945.6000,5942.0000,5950.8000,5951.6000,5951.8000,5952.0000,5952.2000,1,2,1,2,1,1,1,1,1,1
SF,IC2103,2020-10-28 09:31:28.100,5948.8000,41520,-1,190168600.000,1,0,1,双平,S,5947.0000,5946.0000,5945.6000,5942.0000,5935.0000,5950.0000,5950.6000,5952.0000,5952.2000,5953.0000,2,1,2,1,1,1,1,1,1,1
SF,IC2103,2020-10-28 09:31:28.600,5949.8000,41519,-1,191358560.000,1,0,1,双平,S,5949.4000,5949.0000,5948.8000,5948.6000,5948.2000,5949.8000,5950.0000,5952.0000,5952.2000,5953.0000,1,1,2,1,2,1,1,1,1,1
SF,IC2103,2020-10-28 09:31:29.100,5949.4000,41518,-1,192548440.000,1,0,1,双平,S,5947.2000,5945.6000,5942.0000,5935.0000,5934.2000,5949.4000,5949.6000,5950.0000,5952.0000,5952.2000,1,2,1,1,1,1,1,1,1,1
SF,IC2103,2020-10-28 09:31:29.600,5949.4000,41518,0,192548440.000,0,-,-,-,-,5942.0000,5935.0000,5934.2000,5933.0000,5932.6000,5947.2000,5949.2000,5949.6000,5950.0000,5952.0000,1,1,1,1,3,1,1,1,1,1
SF,IC2103,2020-10-28 09:31:30.100,5947.2000,41517,-1,194927320.000,2,0,2,多平,S,5944.8000,5944.4000,5944.0000,5943.6000,5942.4000,5947.2000,5950.0000,5952.0000,5952.2000,5953.0000,1,2,1,3,5,1,1,1,1,1
SF,IC2103,2020-10-28 09:31:30.600,5947.2000,41516,-1,196116760.000,1,0,1,双平,S,5945.0000,5944.8000,5944.4000,5944.0000,5943.6000,5950.0000,5952.0000,5952.2000,5953.0000,5954.6000,3,1,3,1,3,1,1,1,1,1
SF,IC2103,2020-10-28 09:31:31.100,5947.2000,41516,0,196116760.000,0,-,-,-,-,5945.6000,5945.2000,5945.0000,5944.8000,5944.4000,5949.8000,5950.0000,5952.0000,5952.2000,5954.6000,2,1,3,1,3,4,1,1,1,1
SF,IC2103,2020-10-28 09:31:31.600,5947.2000,41516,0,196116760.000,0,-,-,-,-,5945.8000,5944.8000,5944.4000,5944.0000,5943.6000,5947.8000,5949.0000,5949.6000,5949.8000,5950.0000,2,1,1,1,3,1,1,1,4,1
SF,IC2103,2020-10-28 09:31:32.100,5947.2000,41516,0,196116760.000,0,-,-,-,-,5945.8000,5944.0000,5943.6000,5943.4000,5942.4000,5947.6000,5949.0000,5949.8000,5950.0000,5952.0000,1,1,3,1,5,1,1,3,1,1
SF,IC2103,2020-10-28 09:31:32.600,5947.2000,41516,0,196116760.000,0,-,-,-,-,5945.8000,5944.0000,5943.6000,5942.4000,5942.2000,5947.6000,5949.0000,5949.8000,5950.0000,5952.0000,1,1,3,4,2,1,1,3,1,1
SF,IC2103,2020-10-28 09:31:33.100,5947.2000,41516,0,196116760.000,0,-,-,-,-,5945.8000,5944.0000,5943.6000,5942.4000,5942.2000,5947.4000,5947.6000,5949.0000,5949.8000,5950.0000,1,1,3,4,2,1,1,1,3,1
SF,IC2103,2020-10-28 09:31:33.600,5947.2000,41516,0,196116760.000,0,-,-,-,-,5945.8000,5944.0000,5943.6000,5942.4000,5942.2000,5947.2000,5947.4000,5949.0000,5949.8000,5950.0000,1,1,3,3,2,1,1,2,3,1
SF,IC2103,2020-10-28 09:31:34.100,5947.2000,41516,0,196116760.000,0,-,-,-,-,5942.4000,5942.2000,5942.0000,5941.4000,5935.0000,5946.4000,5947.0000,5947.2000,5949.0000,5949.8000,1,2,1,1,1,1,1,1,2,3
SF,IC2103,2020-10-28 09:31:34.600,5947.2000,41516,0,196116760.000,0,-,-,-,-,5942.6000,5942.4000,5942.2000,5942.0000,5941.4000,5947.0000,5949.0000,5949.8000,5950.0000,5952.0000,4,3,2,1,1,1,2,3,1,1
SF,IC2103,2020-10-28 09:31:35.100,5947.2000,41516,0,196116760.000,0,-,-,-,-,5944.4000,5942.6000,5942.4000,5942.2000,5942.0000,5946.8000,5947.0000,5949.0000,5949.8000,5950.0000,3,2,4,2,1,1,1,2,3,1
SF,IC2103,2020-10-28 09:31:35.600,5947.2000,41516,0,196116760.000,0,-,-,-,-,5944.6000,5944.4000,5942.6000,5942.4000,5942.2000,5946.8000,5947.0000,5949.0000,5949.8000,5950.0000,1,3,1,4,2,1,1,2,3,1
SF,IC2103,2020-10-28 09:31:36.100,5947.2000,41516,0,196116760.000,0,-,-,-,-,5944.6000,5942.6000,5942.4000,5942.2000,5942.0000,5946.6000,5946.8000,5947.0000,5949.0000,5949.8000,1,1,4,2,1,1,1,1,2,2
SF,IC2103,2020-10-28 09:31:36.600,5947.2000,41516,0,196116760.000,0,-,-,-,-,5944.6000,5942.6000,5942.4000,5942.2000,5942.0000,5946.4000,5946.6000,5949.0000,5949.8000,5950.0000,1,1,3,2,1,1,1,2,2,1
SF,IC2103,2020-10-28 09:31:37.100,5947.2000,41516,0,196116760.000,0,-,-,-,-,5944.6000,5942.6000,5942.4000,5942.2000,5942.0000,5946.6000,5949.0000,5949.8000,5950.0000,5952.0000,1,1,3,2,1,1,2,2,1,1
SF,IC2103,2020-10-28 09:31:37.600,5947.2000,41516,0,196116760.000,0,-,-,-,-,5944.8000,5944.6000,5942.6000,5942.4000,5942.2000,5949.0000,5949.8000,5950.0000,5952.0000,5954.6000,1,1,1,3,2,2,2,1,1,1
SF,IC2103,2020-10-28 09:31:38.100,5947.2000,41516,0,196116760.000,0,-,-,-,-,5945.0000,5942.4000,5942.2000,5942.0000,5935.0000,5946.4000,5948.6000,5948.8000,5949.0000,5949.8000,2,3,2,1,1,1,4,5,2,2
SF,IC2103,2020-10-28 09:31:38.600,5945.0000,41515,-1,197305760.000,1,0,1,双平,S,5944.8000,5942.4000,5942.2000,5942.0000,5935.0000,5948.8000,5949.0000,5949.8000,5950.0000,5952.0000,1,3,2,1,1,4,2,2,1,1
SF,IC2103,2020-10-28 09:31:39.100,5945.0000,41515,0,197305760.000,0,-,-,-,-,5945.0000,5944.8000,5942.4000,5942.2000,5942.0000,5948.6000,5948.8000,5949.0000,5949.8000,5950.0000,2,1,3,2,1,5,6,2,2,1
SF,IC2103,2020-10-28 09:31:39.600,5945.0000,41515,0,198494760.000,1,0,1,多换,S,5944.8000,5942.4000,5942.2000,5942.0000,5935.0000,5945.2000,5946.4000,5948.2000,5948.4000,5948.6000,1,2,3,1,1,1,1,2,5,4
SF,IC2103,2020-10-28 09:31:40.100,5944.8000,41515,0,199683720.000,1,0,1,多换,S,5942.4000,5942.2000,5942.0000,5935.0000,5934.2000,5945.2000,5948.2000,5948.4000,5948.6000,5948.8000,1,3,1,1,1,1,2,3,4,5
SF,IC2103,2020-10-28 09:31:40.600,5942.6000,41515,0,200872240.000,1,0,1,多换,S,5944.6000,5942.4000,5942.2000,5942.0000,5935.0000,5945.0000,5948.2000,5948.4000,5948.6000,5948.8000,1,1,3,1,1,4,1,2,4,4
SF,IC2103,2020-10-28 09:31:41.100,5944.2000,41514,-1,202061080.000,1,0,1,双平,S,5942.6000,5942.4000,5942.2000,5942.0000,5935.0000,5944.2000,5944.4000,5944.6000,5944.8000,5945.0000,2,1,2,1,1,1,1,1,1,2
SF,IC2103,2020-10-28 09:31:41.600,5944.2000,41514,0,202061080.000,0,-,-,-,-,5942.6000,5942.4000,5942.2000,5942.0000,5935.0000,5943.2000,5944.0000,5944.4000,5944.6000,5945.0000,2,1,2,1,1,1,2,1,1,2
SF,IC2103,2020-10-28 09:31:42.100,5944.4000,41512,-2,204438760.000,2,0,2,双平,S,5942.8000,5942.6000,5942.4000,5942.2000,5939.2000,5945.0000,5948.2000,5948.4000,5948.6000,5948.8000,1,2,1,2,1,2,1,1,4,3
SF,IC2103,2020-10-28 09:31:42.600,5944.4000,41512,0,204438760.000,0,-,-,-,-,5942.8000,5942.6000,5942.4000,5942.2000,5939.2000,5944.8000,5945.0000,5948.2000,5948.4000,5948.6000,1,2,1,2,1,1,2,1,1,4
SF,IC2103,2020-10-28 09:31:43.100,5944.4000,41512,0,204438760.000,0,-,-,-,-,5943.0000,5942.8000,5942.6000,5942.4000,5942.2000,5943.8000,5944.8000,5945.0000,5948.2000,5948.4000,1,1,2,1,2,1,1,2,1,1
SF,IC2103,2020-10-28 09:31:43.600,5944.0000,41512,0,205627560.000,1,0,1,多换,S,5943.8000,5942.8000,5942.6000,5942.4000,5942.2000,5944.8000,5945.0000,5948.2000,5948.4000,5948.6000,1,1,2,1,2,1,2,1,1,4
SF,IC2103,2020-10-28 09:31:44.600,5944.0000,41512,0,205627560.000,0,-,-,-,-,5943.8000,5942.8000,5942.6000,5942.4000,5942.2000,5944.6000,5944.8000,5945.0000,5948.2000,5948.4000,1,1,2,1,2,1,1,2,1,1
SF,IC2103,2020-10-28 09:31:45.100,5944.0000,41512,0,205627560.000,0,-,-,-,-,5943.8000,5942.8000,5942.6000,5942.4000,5942.2000,5944.8000,5945.0000,5948.2000,5948.4000,5948.6000,1,1,2,1,2,1,2,1,1,4
SF,IC2103,2020-10-28 09:31:45.600,5944.0000,41512,0,205627560.000,0,-,-,-,-,5944.0000,5943.8000,5942.6000,5942.4000,5942.2000,5944.8000,5945.0000,5948.2000,5948.4000,5948.6000,3,1,2,1,2,1,2,1,1,4
SF,IC2103,2020-10-28 09:31:46.100,5944.0000,41512,0,205627560.000,0,-,-,-,-,5944.0000,5943.8000,5942.6000,5942.4000,5942.2000,5944.8000,5945.0000,5948.2000,5948.6000,5949.0000,3,1,2,1,2,1,2,1,4,2
SF,IC2103,2020-10-28 09:31:46.600,5944.0000,41512,0,205627560.000,0,-,-,-,-,5944.0000,5943.8000,5942.6000,5942.2000,5939.2000,5944.8000,5945.0000,5948.2000,5948.6000,5949.0000,3,1,2,2,1,1,2,1,4,2
SF,IC2103,2020-10-28 09:31:47.100,5944.0000,41512,0,205627560.000,0,-,-,-,-,5944.0000,5943.8000,5942.6000,5942.2000,5939.2000,5944.4000,5944.8000,5945.0000,5948.2000,5948.6000,4,1,2,2,1,1,1,2,1,4
SF,IC2103,2020-10-28 09:31:47.600,5943.8000,41507,-5,211571520.000,5,0,5,双平,S,5942.6000,5942.2000,5939.2000,5935.0000,5934.2000,5944.2000,5945.0000,5948.2000,5948.6000,5949.0000,2,2,1,1,1,1,2,1,4,1
SF,IC2103,2020-10-28 09:31:48.100,5943.8000,41507,0,211571520.000,0,-,-,-,-,5942.6000,5942.2000,5939.2000,5935.0000,5934.2000,5944.0000,5944.2000,5945.0000,5948.2000,5948.6000,2,2,1,1,1,2,1,2,1,4
SF,IC2103,2020-10-28 09:31:48.600,5942.6000,41507,0,212760040.000,1,0,1,多换,S,5942.6000,5942.2000,5939.2000,5935.0000,5934.2000,5944.0000,5944.2000,5945.0000,5948.2000,5948.6000,1,2,1,1,1,2,1,2,1,4
SF,IC2103,2020-10-28 09:31:49.100,5943.0000,41504,-3,217514200.000,4,0,4,多平,S,5942.6000,5935.0000,5934.2000,5933.0000,5932.6000,5943.8000,5944.2000,5945.0000,5948.2000,5948.6000,3,1,1,1,3,3,1,3,1,4
SF,IC2103,2020-10-28 09:31:49.600,5942.6000,41501,-3,221079760.000,3,0,3,双平,S,5935.0000,5934.2000,5933.0000,5932.6000,5925.8000,5942.4000,5942.6000,5943.4000,5943.6000,5943.8000,1,1,1,3,1,1,2,1,1,3
SF,IC2103,2020-10-28 09:31:50.100,5942.2000,41499,-2,223456640.000,2,0,2,双平,S,5942.2000,5941.8000,5941.4000,5937.8000,5937.6000,5942.4000,5942.6000,5943.4000,5943.8000,5944.2000,1,1,1,1,3,1,2,1,2,1
SF,IC2103,2020-10-28 09:31:50.600,5941.8000,41498,-1,225833440.000,2,0,2,多平,S,5937.6000,5936.4000,5936.0000,5935.4000,5935.2000,5942.2000,5942.4000,5942.6000,5943.4000,5943.8000,2,3,1,3,2,3,1,1,1,2
SF,IC2103,2020-10-28 09:31:51.100,5941.8000,41498,0,225833440.000,0,-,-,-,-,5937.8000,5936.4000,5936.0000,5935.4000,5935.0000,5941.8000,5942.0000,5942.2000,5942.4000,5942.6000,2,3,1,2,1,1,1,3,1,1
SF,IC2103,2020-10-28 09:31:51.600,5941.8000,41498,0,225833440.000,0,-,-,-,-,5937.8000,5936.4000,5936.0000,5935.4000,5935.0000,5941.6000,5941.8000,5942.2000,5942.4000,5942.6000,2,3,2,2,1,1,1,3,1,1
SF,IC2103,2020-10-28 09:31:52.100,5941.8000,41498,0,225833440.000,0,-,-,-,-,5938.6000,5938.0000,5937.8000,5936.0000,5935.4000,5941.6000,5941.8000,5942.2000,5942.4000,5942.6000,1,2,2,2,2,1,1,2,1,1
SF,IC2103,2020-10-28 09:31:52.600,5941.8000,41498,0,225833440.000,0,-,-,-,-,5938.8000,5938.0000,5936.0000,5935.4000,5935.0000,5941.4000,5941.6000,5941.8000,5942.2000,5942.4000,2,2,2,2,1,1,1,1,2,1
SF,IC2103,2020-10-28 09:31:53.100,5941.8000,41498,0,225833440.000,0,-,-,-,-,5938.8000,5938.0000,5936.0000,5935.0000,5934.2000,5941.0000,5941.2000,5941.8000,5942.2000,5942.4000,1,2,1,1,1,4,6,1,2,1
SF,IC2103,2020-10-28 09:31:53.600,5941.8000,41498,0,225833440.000,0,-,-,-,-,5939.0000,5938.8000,5938.0000,5936.0000,5935.6000,5940.8000,5941.2000,5941.8000,5942.2000,5942.4000,1,1,2,1,1,1,1,1,2,1
SF,IC2103,2020-10-28 09:31:54.100,5941.8000,41498,0,225833440.000,0,-,-,-,-,5939.0000,5938.0000,5936.0000,5935.6000,5935.0000,5940.8000,5941.2000,5941.8000,5942.2000,5942.4000,1,2,1,1,1,1,1,1,2,1
SF,IC2103,2020-10-28 09:31:54.600,5941.8000,41498,0,225833440.000,0,-,-,-,-,5938.0000,5936.0000,5935.6000,5935.0000,5934.2000,5940.6000,5940.8000,5941.2000,5941.8000,5942.2000,2,1,1,1,1,2,1,1,1,2
SF,IC2103,2020-10-28 09:31:55.100,5941.8000,41498,0,225833440.000,0,-,-,-,-,5938.2000,5938.0000,5936.0000,5935.6000,5935.0000,5940.4000,5940.6000,5941.2000,5941.8000,5942.2000,2,2,1,1,1,1,2,1,1,2
SF,IC2103,2020-10-28 09:31:55.600,5941.8000,41498,0,225833440.000,0,-,-,-,-,5938.2000,5938.0000,5936.0000,5935.6000,5935.0000,5940.2000,5940.4000,5940.6000,5941.2000,5941.8000,1,2,1,1,1,2,1,1,1,1
SF,IC2103,2020-10-28 09:31:56.100,5941.8000,41498,0,225833440.000,0,-,-,-,-,5938.4000,5938.0000,5936.0000,5935.6000,5935.0000,5940.0000,5940.2000,5940.6000,5941.2000,5941.8000,2,2,1,1,1,1,1,1,1,1
SF,IC2103,2020-10-28 09:31:56.600,5941.8000,41497,-1,227021800.000,1,0,1,双平,S,5938.4000,5936.0000,5935.6000,5935.0000,5934.2000,5940.2000,5940.6000,5941.2000,5941.8000,5942.2000,1,1,1,1,1,1,1,1,1,2
SF,IC2103,2020-10-28 09:31:57.100,5941.8000,41497,0,227021800.000,0,-,-,-,-,5938.4000,5936.0000,5935.0000,5934.2000,5933.0000,5939.8000,5940.6000,5941.8000,5942.2000,5942.4000,1,1,1,1,3,4,1,1,2,1
SF,IC2103,2020-10-28 09:31:57.600,5941.8000,41497,0,227021800.000,0,-,-,-,-,5938.4000,5936.0000,5935.0000,5934.2000,5933.0000,5939.6000,5940.6000,5941.8000,5942.2000,5942.4000,1,1,1,1,3,1,1,1,2,1
SF,IC2103,2020-10-28 09:31:58.100,5939.8000,41496,-1,228209760.000,1,0,1,双平,S,5939.8000,5938.4000,5935.0000,5934.2000,5933.0000,5940.6000,5941.8000,5942.2000,5942.4000,5942.6000,2,1,1,1,3,1,1,2,1,1
SF,IC2103,2020-10-28 09:31:58.600,5940.6000,41495,-1,229397880.000,1,0,1,双平,S,5939.8000,5938.4000,5937.8000,5935.0000,5934.2000,5941.8000,5942.2000,5942.4000,5942.6000,5943.8000,2,1,1,1,1,1,2,1,1,2
SF,IC2103,2020-10-28 09:31:59.100,5940.6000,41495,0,229397880.000,0,-,-,-,-,5941.0000,5940.6000,5940.0000,5939.8000,5937.8000,5941.8000,5942.2000,5942.4000,5942.6000,5943.8000,1,1,2,2,1,1,2,1,1,2
SF,IC2103,2020-10-28 09:31:59.600,5941.8000,41494,-1,230586240.000,1,0,1,双平,S,5941.2000,5941.0000,5940.6000,5939.8000,5935.0000,5942.2000,5942.4000,5942.6000,5943.8000,5944.2000,1,1,1,2,1,1,1,1,2,1
SF,IC2103,2020-10-28 09:32:00.100,5942.4000,41494,0,231774720.000,1,0,1,多换,S,5941.2000,5941.0000,5940.6000,5939.8000,5935.0000,5942.6000,5943.8000,5944.2000,5945.0000,5945.8000,1,1,1,2,1,1,2,1,1,1
SF,IC2103,2020-10-28 09:32:01.100,5941.2000,41493,-1,232962960.000,1,0,1,双平,S,5941.0000,5940.6000,5939.8000,5935.0000,5934.2000,5942.4000,5942.6000,5943.8000,5944.2000,5945.0000,1,1,2,1,1,1,1,2,1,1
SF,IC2103,2020-10-28 09:32:01.600,5941.2000,41493,0,232962960.000,0,-,-,-,-,5941.0000,5940.6000,5939.8000,5935.0000,5934.2000,5942.2000,5942.6000,5943.8000,5944.2000,5945.0000,1,1,2,1,1,1,1,2,1,1
SF,IC2103,2020-10-28 09:32:02.100,5941.2000,41493,0,232962960.000,0,-,-,-,-,5941.2000,5941.0000,5940.6000,5939.8000,5938.6000,5942.6000,5943.8000,5944.2000,5945.0000,5945.8000,1,1,1,2,1,1,2,1,1,1
SF,IC2103,2020-10-28 09:32:02.600,5941.2000,41493,0,232962960.000,0,-,-,-,-,5941.2000,5941.0000,5940.6000,5939.8000,5938.6000,5943.8000,5944.2000,5945.0000,5945.8000,5948.2000,1,1,1,2,1,2,1,1,1,1
SF,IC2103,2020-10-28 09:32:03.100,5941.2000,41493,0,232962960.000,0,-,-,-,-,5941.4000,5941.2000,5941.0000,5940.6000,5939.8000,5944.2000,5945.0000,5945.8000,5948.2000,5949.0000,1,1,1,1,2,1,1,1,1,1
SF,IC2103,2020-10-28 09:32:03.600,5944.0000,41492,-1,234151760.000,1,0,1,双平,S,5941.6000,5941.4000,5941.0000,5940.6000,5939.8000,5944.2000,5945.0000,5945.8000,5948.2000,5949.0000,2,1,1,1,2,1,1,1,1,1
SF,IC2103,2020-10-28 09:32:04.100,5944.0000,41492,0,234151760.000,0,-,-,-,-,5941.8000,5941.6000,5941.0000,5940.6000,5939.8000,5944.0000,5944.2000,5945.0000,5945.8000,5948.2000,1,4,1,1,2,1,1,1,1,1
SF,IC2103,2020-10-28 09:32:04.600,5944.2000,41490,-2,236529400.000,2,0,2,双平,S,5942.0000,5941.8000,5941.6000,5941.0000,5940.6000,5945.0000,5945.8000,5948.2000,5949.0000,5950.0000,1,1,4,1,1,1,1,1,1,1
SF,IC2103,2020-10-28 09:32:05.100,5944.2000,41490,0,236529400.000,0,-,-,-,-,5942.2000,5942.0000,5941.6000,5941.0000,5940.6000,5944.8000,5945.0000,5945.8000,5948.2000,5949.0000,1,1,4,1,1,1,1,1,1,1
SF,IC2103,2020-10-28 09:32:05.600,5944.2000,41490,0,236529400.000,0,-,-,-,-,5942.4000,5942.2000,5942.0000,5941.6000,5941.0000,5944.8000,5945.0000,5945.8000,5948.2000,5949.0000,1,1,1,2,1,1,1,1,1,1
SF,IC2103,2020-10-28 09:32:06.100,5944.2000,41490,0,236529400.000,0,-,-,-,-,5942.4000,5942.2000,5942.0000,5941.6000,5941.0000,5945.0000,5945.8000,5948.2000,5949.0000,5950.0000,1,1,1,2,1,1,1,1,1,1
SF,IC2103,2020-10-28 09:32:06.600,5944.2000,41490,0,236529400.000,0,-,-,-,-,5942.6000,5942.4000,5942.0000,5941.6000,5941.0000,5945.0000,5945.8000,5948.2000,5949.0000,5950.0000,1,1,1,2,1,1,1,1,1,1
SF,IC2103,2020-10-28 09:32:07.100,5944.2000,41490,0,236529400.000,0,-,-,-,-,5942.8000,5942.6000,5941.6000,5941.0000,5940.6000,5945.0000,5945.8000,5948.2000,5949.0000,5950.0000,1,5,2,1,1,1,1,1,1,1
SF,IC2103,2020-10-28 09:32:08.600,5944.2000,41490,0,236529400.000,0,-,-,-,-,5942.8000,5942.6000,5941.6000,5941.0000,5940.6000,5945.0000,5945.8000,5948.2000,5949.0000,5950.0000,1,5,2,1,1,1,1,1,1,1
SF,IC2103,2020-10-28 09:32:09.100,5944.2000,41490,0,236529400.000,0,-,-,-,-,5942.8000,5942.6000,5941.0000,5940.6000,5938.8000,5945.0000,5945.8000,5948.2000,5949.0000,5950.0000,1,5,1,1,1,1,1,1,1,1
SF,IC2103,2020-10-28 09:32:09.600,5944.2000,41490,0,236529400.000,0,-,-,-,-,5943.0000,5942.8000,5942.6000,5941.0000,5940.6000,5944.8000,5945.0000,5945.8000,5948.2000,5949.0000,1,1,4,1,1,1,1,1,1,1
SF,IC2103,2020-10-28 09:32:10.100,5944.2000,41490,0,236529400.000,0,-,-,-,-,5943.2000,5943.0000,5942.8000,5942.6000,5941.0000,5945.0000,5945.8000,5948.2000,5949.0000,5950.0000,2,1,3,4,1,1,1,1,1,1
SF,IC2103,2020-10-28 09:32:11.100,5944.2000,41490,0,236529400.000,0,-,-,-,-,5943.2000,5942.8000,5942.6000,5941.0000,5938.8000,5944.8000,5945.0000,5945.8000,5948.2000,5949.0000,1,3,4,1,1,1,1,1,1,1
SF,IC2103,2020-10-28 09:32:11.600,5943.2000,41489,-1,237718040.000,1,0,1,双平,S,5942.8000,5942.6000,5941.0000,5938.8000,5938.6000,5943.2000,5944.6000,5945.0000,5945.8000,5948.2000,3,4,1,1,1,1,1,1,1,1
SF,IC2103,2020-10-28 09:32:12.100,5943.2000,41488,-1,238906680.000,1,0,1,双平,S,5943.2000,5943.0000,5942.8000,5941.0000,5938.8000,5945.0000,5945.8000,5948.2000,5949.0000,5950.0000,1,1,3,1,1,1,1,1,1,1
SF,IC2103,2020-10-28 09:32:12.600,5943.2000,41488,0,238906680.000,0,-,-,-,-,5943.4000,5943.2000,5942.8000,5938.8000,5938.6000,5945.0000,5945.8000,5948.2000,5949.0000,5950.0000,1,4,3,1,1,1,1,1,1,1
SF,IC2103,2020-10-28 09:32:13.100,5943.2000,41488,0,238906680.000,0,-,-,-,-,5943.6000,5943.4000,5943.2000,5942.8000,5938.8000,5945.0000,5945.8000,5948.2000,5949.0000,5950.0000,1,1,4,3,1,1,1,1,1,1
SF,IC2103,2020-10-28 09:32:13.600,5943.2000,41488,0,238906680.000,0,-,-,-,-,5943.6000,5943.4000,5943.2000,5942.8000,5938.8000,5945.0000,5945.8000,5948.2000,5949.0000,5950.0000,1,1,4,3,1,1,1,1,1,1
SF,IC2103,2020-10-28 09:32:14.100,5943.2000,41488,0,238906680.000,0,-,-,-,-,5943.6000,5943.2000,5942.8000,5938.8000,5938.6000,5944.8000,5945.0000,5945.8000,5948.2000,5949.0000,1,4,3,1,1,1,1,1,1,1
SF,IC2103,2020-10-28 09:32:14.600,5943.2000,41488,0,238906680.000,0,-,-,-,-,5943.6000,5943.2000,5938.8000,5938.6000,5935.0000,5944.6000,5944.8000,5945.0000,5945.8000,5948.2000,1,4,1,1,1,1,1,1,1,1
SF,IC2103,2020-10-28 09:32:15.100,5943.6000,41488,0,240095400.000,1,0,1,多换,S,5943.6000,5943.2000,5938.8000,5938.6000,5935.0000,5944.4000,5945.0000,5945.8000,5948.2000,5949.0000,3,4,1,1,1,1,1,1,1,1
SF,IC2103,2020-10-28 09:32:15.600,5943.6000,41485,-3,243661560.000,3,0,3,双平,S,5943.2000,5938.8000,5938.6000,5935.0000,5934.2000,5944.2000,5944.4000,5945.0000,5945.8000,5948.2000,4,1,1,1,1,1,1,1,1,1
SF,IC2103,2020-10-28 09:32:16.100,5943.2000,41482,-3,247227480.000,3,0,3,双平,S,5943.2000,5938.8000,5938.6000,5935.0000,5934.2000,5943.8000,5944.0000,5945.0000,5945.8000,5948.2000,1,1,1,1,1,4,1,1,1,1
SF,IC2103,2020-10-28 09:32:16.600,5943.2000,41481,-1,248416120.000,1,0,1,双平,S,5938.8000,5938.6000,5935.0000,5934.2000,5933.0000,5945.0000,5945.8000,5948.2000,5949.0000,5950.0000,1,1,1,1,3,1,1,1,1,1
SF,IC2103,2020-10-28 09:32:17.100,5943.2000,41481,0,248416120.000,0,-,-,-,-,5939.4000,5939.2000,5939.0000,5938.8000,5938.6000,5944.6000,5944.8000,5945.0000,5945.8000,5948.2000,1,1,2,1,1,4,2,1,1,1
SF,IC2103,2020-10-28 09:32:17.600,5943.2000,41481,0,248416120.000,0,-,-,-,-,5939.6000,5939.4000,5939.2000,5938.8000,5938.6000,5944.4000,5944.6000,5944.8000,5945.0000,5945.8000,2,2,1,1,1,3,4,1,1,1
SF,IC2103,2020-10-28 09:32:18.100,5943.2000,41481,0,248416120.000,0,-,-,-,-,5939.6000,5939.4000,5938.8000,5938.6000,5935.0000,5944.0000,5944.4000,5944.8000,5945.0000,5945.8000,2,1,1,1,1,5,4,1,1,1
SF,IC2103,2020-10-28 09:32:18.600,5943.2000,41481,0,248416120.000,0,-,-,-,-,5939.6000,5939.4000,5938.8000,5938.6000,5935.0000,5943.6000,5943.8000,5944.0000,5944.4000,5944.8000,2,1,1,1,1,5,3,5,3,1
SF,IC2103,2020-10-28 09:32:19.100,5939.4000,41478,-3,251979840.000,3,0,3,双平,S,5938.8000,5938.6000,5935.0000,5934.2000,5933.0000,5941.8000,5942.2000,5942.4000,5943.0000,5943.2000,1,1,1,1,3,1,1,4,1,8
SF,IC2103,2020-10-28 09:32:19.600,5938.8000,41477,-1,253167600.000,1,0,1,双平,S,5938.6000,5934.2000,5933.0000,5932.6000,5930.0000,5941.2000,5941.4000,5941.6000,5941.8000,5942.2000,2,1,3,3,1,1,4,7,3,1
SF,IC2103,2020-10-28 09:32:20.100,5938.6000,41475,-2,255543040.000,2,0,2,双平,S,5934.2000,5933.0000,5932.6000,5930.0000,5927.6000,5940.8000,5941.0000,5941.2000,5941.6000,5941.8000,1,2,3,1,5,5,3,1,4,3
SF,IC2103,2020-10-28 09:32:20.600,5938.6000,41475,0,255543040.000,0,-,-,-,-,5935.0000,5934.8000,5934.4000,5934.2000,5933.0000,5940.6000,5940.8000,5941.0000,5941.2000,5941.6000,1,1,1,1,2,6,5,1,1,4
SF,IC2103,2020-10-28 09:32:21.100,5938.6000,41475,0,255543040.000,0,-,-,-,-,5935.4000,5935.2000,5935.0000,5934.8000,5934.2000,5940.2000,5940.6000,5940.8000,5941.0000,5941.2000,1,1,1,1,1,4,5,1,1,1
SF,IC2103,2020-10-28 09:32:21.600,5938.6000,41475,0,255543040.000,0,-,-,-,-,5935.6000,5935.4000,5935.0000,5934.8000,5934.2000,5940.0000,5940.2000,5940.6000,5941.0000,5941.2000,3,1,1,1,1,2,4,3,1,1
SF,IC2103,2020-10-28 09:32:22.100,5938.6000,41475,0,255543040.000,0,-,-,-,-,5935.6000,5935.4000,5935.0000,5934.8000,5934.2000,5940.0000,5941.0000,5941.6000,5941.8000,5942.2000,3,1,1,1,1,2,1,3,1,1
SF,IC2103,2020-10-28 09:32:22.600,5938.6000,41475,0,255543040.000,0,-,-,-,-,5936.8000,5936.0000,5935.6000,5935.4000,5934.2000,5940.0000,5943.4000,5943.8000,5944.4000,5944.8000,1,3,2,1,1,1,2,1,1,1
SF,IC2103,2020-10-28 09:32:23.100,5940.0000,41474,-1,256731040.000,1,0,1,双平,S,5940.8000,5938.0000,5937.4000,5937.2000,5937.0000,5943.4000,5943.8000,5944.4000,5944.8000,5945.0000,1,1,1,1,3,1,1,1,1,1
SF,IC2103,2020-10-28 09:32:23.600,5940.8000,41473,-1,259107360.000,2,0,2,多平,S,5941.0000,5937.2000,5937.0000,5936.0000,5935.6000,5943.0000,5943.2000,5943.4000,5943.8000,5944.4000,1,1,2,2,1,4,4,1,1,1
SF,IC2103,2020-10-28 09:32:24.100,5940.8000,41473,0,259107360.000,0,-,-,-,-,5940.0000,5937.0000,5936.0000,5935.6000,5934.2000,5942.8000,5943.0000,5943.2000,5943.4000,5943.8000,1,2,1,1,1,5,4,3,1,1
SF,IC2103,2020-10-28 09:32:24.600,5940.8000,41473,0,259107360.000,0,-,-,-,-,5940.2000,5940.0000,5937.0000,5936.0000,5935.6000,5942.8000,5943.0000,5943.2000,5943.4000,5943.8000,2,1,1,1,1,4,4,3,1,1
SF,IC2103,2020-10-28 09:32:25.100,5940.8000,41473,0,259107360.000,0,-,-,-,-,5940.2000,5940.0000,5937.0000,5936.0000,5935.6000,5942.4000,5942.8000,5943.2000,5943.4000,5943.8000,1,1,1,1,1,4,4,3,1,1
SF,IC2103,2020-10-28 09:32:25.600,5940.2000,41472,-1,260295400.000,1,0,1,双平,S,5940.0000,5937.0000,5936.0000,5935.6000,5934.2000,5941.0000,5942.2000,5942.4000,5942.8000,5943.2000,1,1,1,1,1,1,5,7,3,3
SF,IC2103,2020-10-28 09:32:26.100,5940.0000,41471,-1,261483400.000,1,0,1,双平,S,5937.0000,5934.2000,5932.6000,5932.0000,5930.0000,5940.6000,5940.8000,5941.0000,5942.2000,5942.4000,1,1,3,1,1,4,4,1,4,3
SF,IC2103,2020-10-28 09:32:26.600,5940.0000,41471,0,261483400.000,0,-,-,-,-,5937.2000,5934.2000,5932.6000,5932.0000,5930.0000,5940.4000,5940.6000,5940.8000,5941.0000,5942.2000,1,1,3,1,1,2,4,3,1,4
SF,IC2103,2020-10-28 09:32:27.100,5940.0000,41471,0,261483400.000,0,-,-,-,-,5937.2000,5934.2000,5932.6000,5932.0000,5930.0000,5940.2000,5940.4000,5940.8000,5941.0000,5942.2000,1,1,3,1,1,4,2,3,1,4
SF,IC2103,2020-10-28 09:32:27.600,5940.0000,41471,0,261483400.000,0,-,-,-,-,5937.2000,5934.2000,5932.6000,5932.0000,5930.0000,5938.4000,5940.0000,5940.2000,5940.8000,5941.0000,1,1,3,1,1,1,2,4,3,1
SF,IC2103,2020-10-28 09:32:28.100,5940.0000,41471,0,261483400.000,0,-,-,-,-,5937.4000,5937.2000,5934.2000,5932.6000,5932.0000,5938.4000,5940.0000,5940.2000,5941.0000,5942.2000,1,1,1,3,1,1,2,4,1,1
SF,IC2103,2020-10-28 09:32:28.600,5940.0000,41471,0,261483400.000,0,-,-,-,-,5937.6000,5934.2000,5932.6000,5932.0000,5930.0000,5938.4000,5940.0000,5941.0000,5942.2000,5942.4000,2,1,3,1,1,1,2,1,1,2
SF,IC2103,2020-10-28 09:32:29.100,5940.0000,41471,0,261483400.000,0,-,-,-,-,5937.6000,5934.2000,5932.6000,5932.0000,5930.0000,5938.4000,5940.0000,5941.0000,5942.2000,5942.4000,2,1,3,1,1,1,2,1,1,1
SF,IC2103,2020-10-28 09:32:29.600,5938.6000,41471,0,262671120.000,1,0,1,多换,S,5937.6000,5934.2000,5932.6000,5932.0000,5930.0000,5940.0000,5941.0000,5942.2000,5942.4000,5942.8000,2,1,3,1,1,2,1,1,1,1
SF,IC2103,2020-10-28 09:32:30.100,5938.6000,41471,0,262671120.000,0,-,-,-,-,5937.6000,5934.2000,5932.6000,5932.0000,5930.0000,5940.0000,5941.0000,5942.2000,5942.4000,5942.8000,1,1,3,1,1,2,1,1,1,1
SF,IC2103,2020-10-28 09:32:30.600,5938.6000,41471,0,262671120.000,0,-,-,-,-,5937.6000,5934.2000,5932.6000,5932.0000,5930.0000,5940.0000,5941.0000,5942.8000,5945.0000,5945.8000,1,1,3,1,1,1,1,1,1,1
SF,IC2103,2020-10-28 09:32:31.100,5938.6000,41471,0,262671120.000,0,-,-,-,-,5937.6000,5934.2000,5932.6000,5932.0000,5930.0000,5939.8000,5940.0000,5941.0000,5942.8000,5945.0000,1,1,3,1,1,1,1,1,1,1
SF,IC2103,2020-10-28 09:32:34.100,5938.6000,41471,0,262671120.000,0,-,-,-,-,5937.6000,5934.2000,5932.6000,5932.0000,5930.0000,5938.6000,5939.8000,5940.0000,5941.0000,5942.8000,1,1,3,1,1,1,1,1,1,1
SF,IC2103,2020-10-28 09:32:34.600,5938.6000,41471,0,263858840.000,1,0,1,多换,S,5937.6000,5935.8000,5934.2000,5932.6000,5932.0000,5938.6000,5939.8000,5940.0000,5941.0000,5942.8000,1,1,1,3,1,1,1,1,1,1
SF,IC2103,2020-10-28 09:32:35.100,5938.6000,41471,0,263858840.000,0,-,-,-,-,5935.8000,5934.2000,5932.6000,5932.0000,5930.0000,5938.6000,5939.8000,5940.0000,5941.0000,5942.8000,1,1,3,1,1,1,1,1,1,1
SF,IC2103,2020-10-28 09:32:35.600,5938.6000,41471,0,263858840.000,0,-,-,-,-,5936.0000,5935.8000,5934.2000,5932.6000,5932.0000,5938.4000,5938.6000,5939.8000,5941.0000,5942.8000,1,1,1,3,1,1,1,1,1,1
SF,IC2103,2020-10-28 09:32:36.100,5938.6000,41471,0,263858840.000,0,-,-,-,-,5936.0000,5935.8000,5934.2000,5932.6000,5932.0000,5938.2000,5938.4000,5938.6000,5941.0000,5942.8000,1,1,1,3,1,1,1,1,1,1
SF,IC2103,2020-10-28 09:32:37.600,5938.6000,41471,0,263858840.000,0,-,-,-,-,5936.0000,5935.8000,5934.2000,5933.6000,5932.6000,5938.2000,5938.4000,5938.6000,5941.0000,5942.8000,1,1,1,3,3,1,1,1,1,1
SF,IC2103,2020-10-28 09:32:38.100,5938.6000,41471,0,263858840.000,0,-,-,-,-,5936.0000,5935.8000,5934.2000,5933.6000,5932.6000,5938.4000,5938.6000,5941.0000,5942.8000,5945.0000,1,1,1,3,3,1,1,1,1,1
SF,IC2103,2020-10-28 09:32:38.600,5938.6000,41471,0,263858840.000,0,-,-,-,-,5936.0000,5935.8000,5934.2000,5933.6000,5932.6000,5938.4000,5938.6000,5941.0000,5942.6000,5942.8000,1,1,1,3,3,1,1,1,1,1
SF,IC2103,2020-10-28 09:32:39.100,5938.6000,41471,0,263858840.000,0,-,-,-,-,5936.0000,5935.8000,5934.2000,5933.6000,5932.6000,5938.4000,5938.6000,5941.0000,5942.6000,5942.8000,1,1,1,3,3,1,1,1,1,1
SF,IC2103,2020-10-28 09:32:39.600,5938.6000,41471,0,263858840.000,0,-,-,-,-,5936.0000,5935.8000,5934.2000,5933.6000,5933.2000,5938.4000,5938.6000,5941.0000,5942.6000,5942.8000,1,1,1,3,2,1,1,1,1,1
SF,IC2103,2020-10-28 09:32:40.100,5938.6000,41471,0,263858840.000,0,-,-,-,-,5936.0000,5935.8000,5934.2000,5933.6000,5933.2000,5938.4000,5938.6000,5941.0000,5942.6000,5942.8000,1,1,1,3,2,1,1,1,1,1
SF,IC2103,2020-10-28 09:32:40.600,5938.6000,41469,-2,266234240.000,2,0,2,双平,S,5936.2000,5936.0000,5935.8000,5934.2000,5933.6000,5938.2000,5941.0000,5942.6000,5942.8000,5945.0000,2,1,1,1,3,1,1,1,1,1
SF,IC2103,2020-10-28 09:32:41.100,5936.4000,41468,-1,267421520.000,1,0,1,双平,S,5936.2000,5935.8000,5934.2000,5933.6000,5933.2000,5941.0000,5942.6000,5942.8000,5945.0000,5945.8000,2,1,1,3,2,1,1,1,1,1
SF,IC2103,2020-10-28 09:32:41.600,5936.4000,41468,0,267421520.000,0,-,-,-,-,5936.4000,5936.2000,5935.8000,5934.2000,5933.6000,5939.8000,5940.0000,5940.6000,5940.8000,5941.0000,2,2,1,1,3,2,5,4,3,1
SF,IC2103,2020-10-28 09:32:42.100,5936.2000,41465,-3,270983320.000,3,0,3,双平,S,5935.8000,5934.2000,5933.6000,5933.2000,5932.6000,5939.6000,5939.8000,5940.0000,5940.8000,5941.0000,1,1,3,2,3,9,2,5,2,1
SF,IC2103,2020-10-28 09:32:42.600,5936.2000,41465,0,270983320.000,0,-,-,-,-,5935.8000,5934.2000,5933.6000,5933.2000,5933.0000,5939.6000,5940.0000,5940.8000,5941.0000,5942.6000,1,1,3,2,1,9,5,2,1,1
SF,IC2103,2020-10-28 09:32:43.100,5936.2000,41465,0,270983320.000,0,-,-,-,-,5936.0000,5935.8000,5934.2000,5933.6000,5933.2000,5939.4000,5939.6000,5940.0000,5940.8000,5941.0000,1,1,1,3,2,2,9,5,2,1
SF,IC2103,2020-10-28 09:32:43.600,5936.2000,41465,0,270983320.000,0,-,-,-,-,5936.0000,5935.8000,5934.2000,5933.6000,5933.2000,5939.0000,5939.2000,5939.4000,5939.6000,5940.0000,1,1,1,3,2,4,4,2,3,5
SF,IC2103,2020-10-28 09:32:44.100,5936.2000,41465,0,270983320.000,0,-,-,-,-,5936.0000,5935.8000,5934.2000,5933.6000,5933.2000,5938.8000,5939.0000,5939.2000,5939.6000,5940.0000,1,1,1,3,2,3,4,2,3,5
SF,IC2103,2020-10-28 09:32:44.600,5936.2000,41465,0,270983320.000,0,-,-,-,-,5935.8000,5934.2000,5933.6000,5933.2000,5933.0000,5938.4000,5938.8000,5939.2000,5939.6000,5940.0000,1,1,3,2,1,4,3,2,3,5
SF,IC2103,2020-10-28 09:32:45.100,5936.2000,41465,0,270983320.000,0,-,-,-,-,5935.8000,5934.2000,5933.6000,5933.0000,5932.6000,5938.2000,5938.4000,5938.8000,5939.2000,5939.6000,1,1,3,1,3,8,4,1,2,3
SF,IC2103,2020-10-28 09:32:45.600,5935.8000,41465,0,272170480.000,1,0,1,多换,S,5934.2000,5933.6000,5933.0000,5932.6000,5932.0000,5937.8000,5938.2000,5938.8000,5939.2000,5939.6000,1,3,1,3,1,4,6,1,2,3
SF,IC2103,2020-10-28 09:32:46.100,5935.8000,41465,0,272170480.000,0,-,-,-,-,5934.4000,5934.2000,5933.6000,5933.0000,5932.6000,5935.8000,5937.4000,5937.6000,5937.8000,5938.2000,1,1,3,1,3,2,2,8,5,5
SF,IC2103,2020-10-28 09:32:46.600,5935.8000,41465,0,272170480.000,0,-,-,-,-,5934.2000,5933.6000,5933.0000,5932.6000,5932.0000,5935.6000,5935.8000,5937.6000,5937.8000,5938.2000,1,3,1,3,1,1,3,7,5,5
SF,IC2103,2020-10-28 09:32:47.100,5934.2000,41464,-1,273357320.000,1,0,1,双平,S,5933.6000,5933.0000,5932.6000,5930.0000,5925.8000,5933.8000,5935.4000,5935.6000,5935.8000,5937.6000,3,1,3,1,1,1,7,1,3,5
SF,IC2103,2020-10-28 09:32:47.600,5933.8000,41463,-1,279291000.000,5,2,3,多平,S,5933.0000,5932.6000,5930.0000,5925.8000,5921.8000,5935.6000,5935.8000,5937.6000,5937.8000,5938.2000,1,3,1,1,5,1,2,5,1,3
SF,IC2103,2020-10-28 09:32:48.100,5933.2000,41462,-1,280477640.000,1,0,1,双平,S,5933.0000,5932.6000,5930.0000,5925.8000,5921.8000,5935.4000,5935.6000,5935.8000,5937.6000,5937.8000,1,3,1,1,5,1,1,2,1,1
SF,IC2103,2020-10-28 09:32:48.600,5933.2000,41462,0,280477640.000,0,-,-,-,-,5933.0000,5932.6000,5930.0000,5925.8000,5921.8000,5935.0000,5935.2000,5935.4000,5935.8000,5937.6000,1,3,1,1,5,4,4,1,2,1
SF,IC2103,2020-10-28 09:32:49.100,5933.2000,41462,0,280477640.000,0,-,-,-,-,5933.0000,5932.6000,5930.0000,5925.8000,5921.8000,5934.8000,5935.0000,5935.2000,5935.4000,5935.8000,1,3,1,1,5,1,4,3,1,2
SF,IC2103,2020-10-28 09:32:49.600,5933.0000,41462,0,281664240.000,1,0,1,多换,S,5932.6000,5930.0000,5925.8000,5921.8000,5921.0000,5934.6000,5934.8000,5935.2000,5935.4000,5935.8000,3,1,1,5,3,5,1,3,1,2
SF,IC2103,2020-10-28 09:32:50.100,5932.6000,41462,0,282850760.000,1,0,1,多换,S,5932.6000,5930.0000,5925.8000,5921.8000,5921.0000,5934.4000,5934.6000,5935.2000,5935.4000,5935.8000,2,1,1,5,3,1,4,3,1,2
SF,IC2103,2020-10-28 09:32:50.600,5932.6000,41462,0,285223800.000,2,1,1,多换,S,5932.6000,5930.0000,5925.8000,5921.8000,5921.0000,5934.4000,5934.6000,5935.2000,5935.4000,5935.8000,1,1,1,5,3,1,4,3,1,2
SF,IC2103,2020-10-28 09:32:51.100,5932.6000,41462,0,286410320.000,1,0,1,多换,S,5930.0000,5925.8000,5921.8000,5921.0000,5920.0000,5934.0000,5934.2000,5935.2000,5935.4000,5935.8000,1,1,5,3,10,4,1,3,1,2
SF,IC2103,2020-10-28 09:32:51.600,5932.6000,41462,0,286410320.000,0,-,-,-,-,5930.4000,5930.2000,5930.0000,5925.8000,5921.8000,5933.8000,5934.0000,5934.2000,5935.2000,5935.8000,1,2,1,1,5,2,4,1,3,2
SF,IC2103,2020-10-28 09:32:52.100,5932.6000,41462,0,286410320.000,0,-,-,-,-,5930.6000,5930.0000,5925.8000,5921.8000,5921.0000,5933.4000,5933.6000,5933.8000,5934.2000,5935.2000,1,1,1,5,3,4,1,2,1,3
SF,IC2103,2020-10-28 09:32:52.600,5932.6000,41462,0,286410320.000,0,-,-,-,-,5930.6000,5930.0000,5925.8000,5921.8000,5921.0000,5933.2000,5933.4000,5933.6000,5934.2000,5935.2000,1,1,1,5,3,3,4,1,1,3
SF,IC2103,2020-10-28 09:32:53.100,5932.6000,41462,0,286410320.000,0,-,-,-,-,5930.6000,5930.0000,5925.8000,5921.8000,5921.0000,5932.8000,5933.2000,5933.6000,5934.2000,5935.2000,1,1,1,5,3,4,3,1,1,3
SF,IC2103,2020-10-28 09:32:53.600,5932.6000,41461,-1,287596840.000,1,0,1,双平,S,5930.6000,5930.0000,5925.8000,5921.8000,5921.0000,5933.2000,5934.2000,5935.2000,5935.8000,5941.0000,1,1,1,5,3,1,1,3,2,1
SF,IC2103,2020-10-28 09:32:54.100,5932.6000,41461,0,287596840.000,0,-,-,-,-,5930.8000,5930.6000,5930.0000,5925.8000,5921.8000,5933.0000,5933.2000,5934.2000,5935.2000,5935.8000,1,1,1,1,5,5,1,1,3,2
SF,IC2103,2020-10-28 09:32:54.600,5932.6000,41461,0,287596840.000,0,-,-,-,-,5931.0000,5930.8000,5930.0000,5925.8000,5921.8000,5933.2000,5934.2000,5935.2000,5935.8000,5941.0000,2,1,1,1,5,1,1,3,2,1
SF,IC2103,2020-10-28 09:32:55.100,5932.6000,41461,0,287596840.000,0,-,-,-,-,5931.0000,5930.8000,5930.0000,5925.8000,5921.8000,5933.2000,5935.2000,5935.8000,5941.0000,5942.6000,1,1,1,1,5,1,3,2,1,1
SF,IC2103,2020-10-28 09:32:55.600,5933.2000,41461,0,288783480.000,1,0,1,多换,S,5931.0000,5930.8000,5930.0000,5925.8000,5925.0000,5935.2000,5935.8000,5941.0000,5942.6000,5942.8000,1,1,1,1,1,3,2,1,1,1
SF,IC2103,2020-10-28 09:32:56.100,5933.2000,41461,0,288783480.000,0,-,-,-,-,5931.2000,5931.0000,5930.8000,5930.0000,5925.8000,5935.0000,5935.8000,5941.0000,5942.6000,5942.8000,1,1,1,1,1,1,2,1,1,1
SF,IC2103,2020-10-28 09:32:56.600,5933.2000,41461,0,288783480.000,0,-,-,-,-,5931.4000,5931.2000,5930.8000,5930.0000,5925.8000,5935.0000,5935.8000,5941.0000,5942.6000,5942.8000,1,1,1,1,1,1,2,1,1,1
SF,IC2103,2020-10-28 09:32:57.100,5933.2000,41461,0,288783480.000,0,-,-,-,-,5931.8000,5931.6000,5931.4000,5930.8000,5930.0000,5934.6000,5935.0000,5935.8000,5941.0000,5942.6000,1,1,1,1,1,4,1,2,1,1
SF,IC2103,2020-10-28 09:32:57.600,5933.2000,41461,0,288783480.000,0,-,-,-,-,5932.0000,5930.8000,5930.0000,5925.8000,5925.0000,5934.4000,5935.8000,5941.0000,5942.6000,5942.8000,2,1,1,1,1,1,2,1,1,1
SF,IC2103,2020-10-28 09:33:00.100,5933.2000,41461,0,288783480.000,0,-,-,-,-,5932.0000,5930.8000,5930.0000,5925.8000,5925.0000,5934.2000,5934.4000,5935.8000,5941.0000,5942.6000,2,1,1,1,1,7,1,2,1,1
SF,IC2103,2020-10-28 09:33:00.600,5933.2000,41461,0,288783480.000,0,-,-,-,-,5932.0000,5930.8000,5930.0000,5925.8000,5925.0000,5934.0000,5934.2000,5935.8000,5941.0000,5942.6000,2,1,1,1,1,1,7,2,1,1
SF,IC2103,2020-10-28 09:33:01.100,5933.2000,41461,0,288783480.000,0,-,-,-,-,5930.8000,5930.0000,5925.8000,5925.0000,5923.6000,5932.0000,5933.6000,5933.8000,5934.0000,5934.2000,1,1,1,1,3,1,4,1,2,3
SF,IC2103,2020-10-28 09:33:01.600,5933.2000,41461,0,288783480.000,0,-,-,-,-,5930.8000,5930.0000,5925.8000,5925.0000,5923.6000,5933.6000,5933.8000,5934.0000,5934.2000,5935.8000,1,1,1,1,3,4,1,2,3,2
SF,IC2103,2020-10-28 09:33:02.100,5933.2000,41461,0,288783480.000,0,-,-,-,-,5930.8000,5930.0000,5925.8000,5925.0000,5923.6000,5933.2000,5933.4000,5933.6000,5933.8000,5934.0000,1,1,1,1,3,3,5,4,1,1
SF,IC2103,2020-10-28 09:33:02.600,5930.8000,41460,-1,292341800.000,3,1,2,多平,S,5925.8000,5925.0000,5923.6000,5921.8000,5921.0000,5932.8000,5933.0000,5933.2000,5933.4000,5933.8000,1,1,3,5,3,11,5,4,3,1
SF,IC2103,2020-10-28 09:33:03.100,5930.8000,41460,0,292341800.000,0,-,-,-,-,5926.0000,5925.8000,5925.0000,5923.6000,5921.8000,5932.6000,5932.8000,5933.0000,5933.2000,5933.4000,1,1,1,3,5,5,11,4,2,2
SF,IC2103,2020-10-28 09:33:03.600,5930.8000,41460,0,292341800.000,0,-,-,-,-,5926.8000,5926.4000,5926.0000,5925.8000,5925.0000,5931.6000,5932.2000,5932.6000,5932.8000,5933.0000,1,1,2,1,1,1,5,5,6,4
SF,IC2103,2020-10-28 09:33:04.100,5930.8000,41460,0,292341800.000,0,-,-,-,-,5927.0000,5926.8000,5926.4000,5926.0000,5925.8000,5931.2000,5931.4000,5931.6000,5932.2000,5932.6000,1,1,1,1,1,5,4,1,1,3
SF,IC2103,2020-10-28 09:33:04.600,5930.8000,41460,0,292341800.000,0,-,-,-,-,5927.0000,5926.8000,5926.4000,5926.0000,5925.8000,5928.6000,5929.2000,5929.6000,5930.4000,5931.0000,1,1,1,1,1,2,2,1,4,7
SF,IC2103,2020-10-28 09:33:05.100,5929.2000,41458,-2,294713480.000,2,0,2,双平,S,5927.0000,5925.8000,5925.0000,5923.6000,5921.0000,5928.4000,5929.2000,5929.6000,5930.4000,5931.0000,2,1,1,3,3,1,2,1,4,5
SF,IC2103,2020-10-28 09:33:05.600,5929.6000,41455,-3,299456760.000,4,0,4,多平,S,5927.2000,5927.0000,5925.8000,5925.0000,5923.6000,5931.0000,5931.2000,5931.4000,5932.2000,5932.6000,1,2,1,1,3,3,4,1,1,1
SF,IC2103,2020-10-28 09:33:06.100,5929.6000,41455,0,299456760.000,0,-,-,-,-,5928.0000,5927.4000,5927.2000,5927.0000,5925.8000,5930.8000,5931.0000,5932.2000,5932.6000,5933.0000,1,3,1,1,1,4,1,1,1,4
SF,IC2103,2020-10-28 09:33:06.600,5929.6000,41455,0,299456760.000,0,-,-,-,-,5928.2000,5928.0000,5927.4000,5927.2000,5927.0000,5930.6000,5930.8000,5932.2000,5932.6000,5933.0000,2,1,1,1,1,1,4,1,1,4
SF,IC2103,2020-10-28 09:33:07.100,5929.6000,41455,0,299456760.000,0,-,-,-,-,5928.6000,5928.2000,5928.0000,5927.4000,5927.2000,5930.6000,5932.2000,5932.6000,5933.0000,5933.4000,2,2,1,1,1,1,1,1,4,1
SF,IC2103,2020-10-28 09:33:07.600,5929.6000,41455,0,299456760.000,0,-,-,-,-,5929.2000,5928.8000,5928.6000,5928.2000,5928.0000,5932.2000,5932.6000,5933.0000,5933.4000,5933.8000,1,1,2,1,1,1,1,4,1,1
SF,IC2103,2020-10-28 09:33:08.100,5929.6000,41455,0,299456760.000,0,-,-,-,-,5929.4000,5928.6000,5928.0000,5927.2000,5927.0000,5931.8000,5932.0000,5932.6000,5933.0000,5933.4000,1,2,1,1,1,4,3,1,4,1
SF,IC2103,2020-10-28 09:33:08.600,5929.6000,41455,0,299456760.000,0,-,-,-,-,5929.6000,5929.4000,5928.6000,5927.2000,5927.0000,5931.6000,5931.8000,5932.0000,5932.6000,5933.0000,1,1,2,1,1,1,4,1,1,4
SF,IC2103,2020-10-28 09:33:09.100,5929.6000,41455,0,299456760.000,0,-,-,-,-,5929.8000,5929.6000,5928.6000,5927.2000,5927.0000,5932.0000,5932.6000,5933.0000,5933.4000,5935.8000,1,1,2,1,1,1,1,4,1,2
SF,IC2103,2020-10-28 09:33:09.600,5929.6000,41455,0,299456760.000,0,-,-,-,-,5931.0000,5930.2000,5929.8000,5929.6000,5927.2000,5933.0000,5933.4000,5935.8000,5941.0000,5942.6000,1,2,1,1,1,4,1,2,1,1
SF,IC2103,2020-10-28 09:33:10.100,5929.6000,41455,0,299456760.000,0,-,-,-,-,5931.2000,5931.0000,5930.2000,5927.2000,5927.0000,5933.0000,5933.4000,5935.8000,5941.0000,5942.6000,2,1,2,1,1,1,1,2,1,1
SF,IC2103,2020-10-28 09:33:10.600,5929.6000,41455,0,299456760.000,0,-,-,-,-,5931.2000,5931.0000,5930.2000,5927.2000,5927.0000,5933.0000,5935.8000,5941.0000,5942.6000,5942.8000,2,1,2,1,1,1,2,1,1,1
SF,IC2103,2020-10-28 09:33:11.100,5929.6000,41455,0,299456760.000,0,-,-,-,-,5931.2000,5931.0000,5927.2000,5927.0000,5925.8000,5933.0000,5935.8000,5941.0000,5942.6000,5942.8000,2,1,1,1,1,1,2,1,1,1
SF,IC2103,2020-10-28 09:33:11.600,5929.6000,41455,0,299456760.000,0,-,-,-,-,5931.2000,5931.0000,5927.2000,5927.0000,5926.0000,5933.0000,5935.8000,5941.0000,5942.6000,5942.8000,2,1,1,1,1,1,2,1,1,1
SF,IC2103,2020-10-28 09:33:12.100,5929.6000,41455,0,299456760.000,0,-,-,-,-,5931.2000,5931.0000,5927.2000,5927.0000,5926.0000,5933.0000,5935.8000,5941.0000,5942.6000,5942.8000,2,1,1,1,1,1,2,1,1,1
SF,IC2103,2020-10-28 09:33:12.600,5933.0000,41455,0,300643360.000,1,0,1,多换,S,5932.8000,5931.2000,5927.2000,5927.0000,5926.0000,5935.8000,5941.0000,5942.6000,5942.8000,5945.0000,2,1,1,1,1,2,1,1,1,6
SF,IC2103,2020-10-28 09:33:13.100,5933.0000,41455,0,300643360.000,0,-,-,-,-,5933.0000,5931.0000,5927.2000,5927.0000,5926.0000,5935.4000,5935.6000,5935.8000,5941.0000,5942.6000,2,1,1,1,1,4,3,2,1,1
SF,IC2103,2020-10-28 09:33:13.600,5933.0000,41455,0,300643360.000,0,-,-,-,-,5933.0000,5931.0000,5927.2000,5927.0000,5926.0000,5935.2000,5935.4000,5935.6000,5935.8000,5941.0000,2,1,1,1,1,4,4,2,2,1
SF,IC2103,2020-10-28 09:33:14.100,5933.0000,41455,0,300643360.000,0,-,-,-,-,5933.0000,5931.0000,5927.2000,5927.0000,5926.0000,5934.8000,5935.2000,5935.6000,5935.8000,5941.0000,1,1,1,1,1,4,5,2,2,1
SF,IC2103,2020-10-28 09:33:14.600,5933.0000,41455,0,300643360.000,0,-,-,-,-,5933.2000,5931.0000,5927.2000,5927.0000,5926.0000,5934.6000,5934.8000,5935.2000,5935.6000,5935.8000,1,1,1,1,1,4,4,3,2,2
SF,IC2103,2020-10-28 09:33:15.100,5934.6000,41454,-1,301830280.000,1,0,1,双平,S,5933.2000,5931.0000,5927.2000,5927.0000,5926.0000,5935.2000,5935.6000,5935.8000,5941.0000,5942.6000,1,1,1,1,1,3,1,2,1,1
SF,IC2103,2020-10-28 09:33:15.600,5934.6000,41454,0,301830280.000,0,-,-,-,-,5933.2000,5931.0000,5927.2000,5927.0000,5926.0000,5935.8000,5941.0000,5942.6000,5942.8000,5945.0000,1,1,1,1,1,2,1,1,1,1
SF,IC2103,2020-10-28 09:33:16.100,5934.6000,41454,0,301830280.000,0,-,-,-,-,5934.4000,5933.4000,5933.2000,5931.2000,5931.0000,5935.6000,5935.8000,5941.0000,5942.6000,5942.8000,1,1,1,2,1,5,2,1,1,1
SF,IC2103,2020-10-28 09:33:16.600,5934.6000,41454,0,301830280.000,0,-,-,-,-,5933.4000,5933.2000,5931.2000,5931.0000,5927.2000,5935.6000,5935.8000,5941.0000,5942.6000,5942.8000,1,1,2,1,1,5,2,1,1,1
SF,IC2103,2020-10-28 09:33:17.100,5934.6000,41454,0,301830280.000,0,-,-,-,-,5933.6000,5933.4000,5931.2000,5931.0000,5927.2000,5935.6000,5935.8000,5941.0000,5942.6000,5942.8000,1,1,2,1,1,4,2,1,1,1
SF,IC2103,2020-10-28 09:33:18.600,5934.6000,41454,0,301830280.000,0,-,-,-,-,5934.4000,5933.6000,5933.4000,5931.2000,5931.0000,5935.6000,5935.8000,5941.0000,5942.6000,5942.8000,1,1,1,2,1,4,2,1,1,1
SF,IC2103,2020-10-28 09:33:19.100,5934.6000,41454,0,301830280.000,0,-,-,-,-,5933.6000,5933.4000,5931.0000,5927.2000,5927.0000,5935.6000,5935.8000,5941.0000,5942.6000,5942.8000,1,1,1,1,1,4,2,1,1,1
SF,IC2103,2020-10-28 09:33:19.600,5935.6000,41451,-3,305391600.000,3,0,3,双平,S,5933.6000,5933.4000,5931.0000,5927.2000,5927.0000,5935.6000,5935.8000,5941.0000,5942.6000,5942.8000,1,1,1,1,1,2,2,1,1,1
SF,IC2103,2020-10-28 09:33:20.100,5935.6000,41451,0,305391600.000,0,-,-,-,-,5933.6000,5933.4000,5931.0000,5927.2000,5927.0000,5935.4000,5935.6000,5935.8000,5941.0000,5942.6000,1,1,1,1,1,1,3,2,1,1
SF,IC2103,2020-10-28 09:33:20.600,5935.6000,41450,-1,306578720.000,1,0,1,双平,S,5933.6000,5931.0000,5927.2000,5927.0000,5926.0000,5935.0000,5935.8000,5941.0000,5942.6000,5942.8000,1,1,1,1,1,2,2,1,1,1
SF,IC2103,2020-10-28 09:33:22.100,5935.0000,41450,0,308952720.000,2,1,1,多换,S,5933.6000,5931.0000,5927.2000,5927.0000,5926.0000,5935.8000,5941.0000,5942.6000,5942.8000,5945.0000,1,1,1,1,1,2,1,1,1,1
SF,IC2103,2020-10-28 09:33:22.600,5935.0000,41450,0,308952720.000,0,-,-,-,-,5933.6000,5931.0000,5927.2000,5927.0000,5926.0000,5935.6000,5935.8000,5941.0000,5942.6000,5942.8000,1,1,1,1,1,1,2,1,1,1
SF,IC2103,2020-10-28 09:33:25.100,5933.6000,41449,-1,310139440.000,1,0,1,双平,S,5931.0000,5927.2000,5927.0000,5926.0000,5925.8000,5935.2000,5935.6000,5935.8000,5941.0000,5942.6000,1,1,1,1,1,1,2,2,1,1
SF,IC2103,2020-10-28 09:33:25.600,5933.6000,41449,0,310139440.000,0,-,-,-,-,5932.8000,5931.2000,5931.0000,5930.0000,5927.2000,5935.0000,5935.6000,5935.8000,5941.0000,5942.6000,2,1,1,1,1,2,1,2,1,1
SF,IC2103,2020-10-28 09:33:26.100,5933.6000,41449,0,310139440.000,0,-,-,-,-,5933.0000,5931.2000,5931.0000,5930.0000,5927.2000,5935.0000,5935.6000,5935.8000,5941.0000,5942.6000,1,1,1,1,1,2,1,2,1,1
SF,IC2103,2020-10-28 09:33:26.600,5933.6000,41449,0,310139440.000,0,-,-,-,-,5933.0000,5931.2000,5931.0000,5930.0000,5927.2000,5935.6000,5935.8000,5941.0000,5942.6000,5942.8000,1,1,1,1,1,1,2,1,1,1
SF,IC2103,2020-10-28 09:33:27.100,5933.6000,41449,0,310139440.000,0,-,-,-,-,5933.0000,5931.2000,5931.0000,5930.0000,5927.2000,5935.4000,5935.6000,5935.8000,5941.0000,5942.6000,1,1,1,1,1,5,1,2,1,1
SF,IC2103,2020-10-28 09:33:28.100,5933.6000,41449,0,310139440.000,0,-,-,-,-,5933.0000,5931.2000,5931.0000,5930.0000,5927.2000,5935.4000,5935.6000,5935.8000,5941.0000,5942.6000,1,1,1,1,1,5,1,2,1,1
SF,IC2103,2020-10-28 09:33:28.600,5935.4000,41448,-1,311326520.000,1,0,1,双平,S,5933.0000,5931.2000,5931.0000,5930.0000,5927.2000,5935.4000,5935.6000,5935.8000,5941.0000,5942.6000,1,1,1,1,1,3,1,2,1,1
SF,IC2103,2020-10-28 09:33:29.100,5935.4000,41448,0,311326520.000,0,-,-,-,-,5933.0000,5931.2000,5931.0000,5930.0000,5927.2000,5935.2000,5935.4000,5935.6000,5935.8000,5941.0000,1,1,1,1,1,1,3,1,2,1
SF,IC2103,2020-10-28 09:33:29.600,5935.4000,41448,0,311326520.000,0,-,-,-,-,5933.0000,5932.8000,5931.2000,5931.0000,5930.0000,5935.6000,5935.8000,5941.0000,5942.6000,5942.8000,1,1,1,1,1,1,2,1,1,1
SF,IC2103,2020-10-28 09:33:30.100,5935.4000,41448,0,311326520.000,0,-,-,-,-,5933.2000,5933.0000,5932.8000,5931.2000,5931.0000,5935.6000,5935.8000,5941.0000,5942.6000,5942.8000,1,1,1,1,1,1,2,1,1,1
SF,IC2103,2020-10-28 09:33:30.600,5935.4000,41448,0,311326520.000,0,-,-,-,-,5933.4000,5933.2000,5932.8000,5931.2000,5931.0000,5935.4000,5935.6000,5935.8000,5941.0000,5942.6000,1,1,1,1,1,3,1,2,1,1
SF,IC2103,2020-10-28 09:33:31.100,5935.4000,41448,0,311326520.000,0,-,-,-,-,5933.4000,5933.2000,5932.8000,5931.2000,5931.0000,5935.6000,5935.8000,5941.0000,5942.6000,5942.8000,1,1,1,1,1,1,2,1,1,1
SF,IC2103,2020-10-28 09:33:31.600,5935.8000,41447,-1,314887960.000,3,1,2,多平,S,5935.6000,5933.4000,5933.2000,5932.8000,5931.2000,5941.0000,5942.6000,5942.8000,5945.0000,5949.0000,1,1,1,1,1,1,1,1,1,1
SF,IC2103,2020-10-28 09:33:32.100,5935.8000,41447,0,314887960.000,0,-,-,-,-,5935.8000,5935.6000,5932.8000,5931.2000,5931.0000,5937.6000,5937.8000,5938.0000,5938.2000,5938.8000,2,1,1,1,1,3,1,1,2,2
SF,IC2103,2020-10-28 09:33:32.600,5935.8000,41447,0,314887960.000,0,-,-,-,-,5935.8000,5935.6000,5932.8000,5931.2000,5931.0000,5937.4000,5938.2000,5938.8000,5940.4000,5940.6000,1,1,1,1,1,3,1,2,2,7
SF,IC2103,2020-10-28 09:33:33.100,5935.8000,41447,0,314887960.000,0,-,-,-,-,5935.8000,5935.6000,5932.8000,5931.2000,5931.0000,5937.4000,5938.2000,5938.8000,5940.4000,5940.6000,1,1,1,1,1,3,1,2,2,7
SF,IC2103,2020-10-28 09:33:33.600,5935.8000,41447,0,314887960.000,0,-,-,-,-,5935.8000,5935.6000,5932.8000,5931.2000,5931.0000,5937.4000,5938.2000,5938.8000,5940.4000,5940.6000,1,1,1,1,1,3,1,2,2,7
SF,IC2103,2020-10-28 09:33:34.100,5935.8000,41447,0,314887960.000,0,-,-,-,-,5935.8000,5935.6000,5932.8000,5931.2000,5931.0000,5937.4000,5938.2000,5938.8000,5940.6000,5940.8000,1,1,1,1,1,2,1,2,7,1
SF,IC2103,2020-10-28 09:33:34.600,5935.8000,41447,0,314887960.000,0,-,-,-,-,5935.8000,5935.6000,5932.8000,5931.2000,5931.0000,5937.4000,5938.8000,5940.6000,5940.8000,5941.0000,1,1,1,1,1,2,2,7,1,1
SF,IC2103,2020-10-28 09:33:35.100,5937.4000,41445,-2,317262920.000,2,0,2,双平,S,5935.8000,5935.6000,5932.8000,5931.2000,5931.0000,5938.8000,5940.6000,5940.8000,5941.0000,5942.6000,1,1,1,1,1,2,7,1,1,1
SF,IC2103,2020-10-28 09:33:35.600,5937.4000,41445,0,317262920.000,0,-,-,-,-,5936.0000,5935.8000,5935.6000,5932.8000,5931.2000,5938.6000,5940.6000,5940.8000,5941.0000,5942.6000,1,1,1,1,1,2,7,1,1,1
SF,IC2103,2020-10-28 09:33:36.100,5937.4000,41445,0,317262920.000,0,-,-,-,-,5936.2000,5936.0000,5935.6000,5932.8000,5931.2000,5938.6000,5940.6000,5940.8000,5942.6000,5942.8000,1,1,1,1,1,2,7,1,1,1
SF,IC2103,2020-10-28 09:33:36.600,5937.4000,41445,0,317262920.000,0,-,-,-,-,5936.2000,5936.0000,5935.6000,5932.8000,5931.2000,5938.6000,5940.6000,5940.8000,5942.6000,5942.8000,1,1,1,1,1,1,6,1,1,1
SF,IC2103,2020-10-28 09:33:37.100,5937.4000,41445,0,317262920.000,0,-,-,-,-,5936.2000,5936.0000,5935.6000,5932.8000,5931.2000,5940.6000,5940.8000,5942.6000,5942.8000,5945.0000,1,1,1,1,1,6,1,1,1,1
SF,IC2103,2020-10-28 09:33:37.600,5937.4000,41445,0,317262920.000,0,-,-,-,-,5936.4000,5936.2000,5935.6000,5932.8000,5931.2000,5940.0000,5940.2000,5940.4000,5940.6000,5940.8000,2,1,1,1,1,4,1,2,6,1
SF,IC2103,2020-10-28 09:33:38.100,5937.4000,41445,0,317262920.000,0,-,-,-,-,5936.6000,5936.4000,5935.6000,5932.8000,5931.2000,5939.8000,5940.0000,5940.2000,5940.4000,5940.6000,1,2,1,1,1,2,4,1,1,6
SF,IC2103,2020-10-28 09:33:38.600,5937.4000,41445,0,317262920.000,0,-,-,-,-,5936.8000,5936.6000,5935.6000,5932.8000,5931.2000,5939.6000,5939.8000,5940.0000,5940.2000,5940.4000,1,4,1,1,1,6,2,4,1,1
SF,IC2103,2020-10-28 09:33:39.100,5937.4000,41445,0,317262920.000,0,-,-,-,-,5937.0000,5936.8000,5936.6000,5935.6000,5932.8000,5939.4000,5939.6000,5939.8000,5940.0000,5940.2000,1,1,3,1,1,2,6,1,4,1
SF,IC2103,2020-10-28 09:33:39.600,5937.4000,41445,0,317262920.000,0,-,-,-,-,5937.0000,5936.8000,5936.6000,5935.6000,5932.8000,5939.4000,5939.8000,5940.0000,5940.2000,5940.4000,1,1,3,1,1,2,1,4,1,1
SF,IC2103,2020-10-28 09:33:40.100,5937.4000,41445,0,317262920.000,0,-,-,-,-,5937.0000,5936.8000,5936.6000,5935.6000,5932.8000,5939.2000,5939.4000,5939.8000,5940.0000,5940.2000,1,1,3,1,1,1,2,1,4,1
SF,IC2103,2020-10-28 09:33:40.600,5937.4000,41445,0,317262920.000,0,-,-,-,-,5937.0000,5936.8000,5936.6000,5935.6000,5932.8000,5938.8000,5939.0000,5939.2000,5939.4000,5939.8000,1,1,3,1,1,1,2,1,1,1
SF,IC2103,2020-10-28 09:33:41.100,5937.0000,41444,-1,318450320.000,1,0,1,双平,S,5936.8000,5936.6000,5935.6000,5932.8000,5931.2000,5938.6000,5939.0000,5939.2000,5939.4000,5939.8000,1,3,1,1,1,1,1,1,1,1
SF,IC2103,2020-10-28 09:33:41.600,5937.0000,41444,0,318450320.000,0,-,-,-,-,5937.0000,5936.8000,5936.6000,5935.6000,5932.8000,5939.0000,5939.4000,5939.8000,5940.0000,5940.4000,1,1,3,1,1,1,1,1,3,1
SF,IC2103,2020-10-28 09:33:42.600,5937.0000,41444,0,318450320.000,0,-,-,-,-,5937.0000,5936.8000,5936.6000,5935.6000,5934.8000,5938.8000,5939.0000,5939.4000,5939.8000,5940.0000,1,1,3,1,2,1,1,1,1,3
SF,IC2103,2020-10-28 09:33:43.100,5937.0000,41443,-1,319637720.000,1,0,1,双平,S,5936.8000,5936.6000,5935.6000,5934.8000,5932.8000,5938.6000,5938.8000,5939.0000,5939.4000,5939.8000,1,3,1,2,1,1,2,1,1,1
SF,IC2103,2020-10-28 09:33:43.600,5937.0000,41441,-2,322012480.000,2,0,2,双平,S,5936.6000,5935.6000,5932.8000,5931.2000,5931.0000,5938.4000,5938.6000,5938.8000,5939.0000,5939.4000,3,1,1,1,1,1,1,1,1,1
SF,IC2103,2020-10-28 09:33:44.100,5937.0000,41441,0,322012480.000,0,-,-,-,-,5936.6000,5935.6000,5932.8000,5931.2000,5931.0000,5938.2000,5938.4000,5938.8000,5939.0000,5939.4000,3,1,1,1,1,1,1,1,1,1
SF,IC2103,2020-10-28 09:33:45.100,5937.0000,41441,0,322012480.000,0,-,-,-,-,5936.8000,5936.6000,5935.6000,5932.8000,5931.0000,5938.2000,5938.4000,5938.8000,5939.0000,5939.4000,1,3,1,1,1,1,1,1,1,1
SF,IC2103,2020-10-28 09:33:45.600,5938.2000,41440,-1,323200120.000,1,0,1,双平,S,5936.8000,5936.6000,5935.6000,5932.8000,5931.0000,5938.8000,5939.0000,5939.4000,5939.8000,5940.0000,1,3,1,1,1,1,1,1,1,3
SF,IC2103,2020-10-28 09:33:46.100,5938.2000,41440,0,323200120.000,0,-,-,-,-,5937.8000,5937.0000,5936.8000,5936.6000,5935.6000,5938.6000,5938.8000,5939.0000,5939.4000,5939.8000,1,1,1,4,1,2,1,1,1,1
SF,IC2103,2020-10-28 09:33:46.600,5938.2000,41440,0,323200120.000,0,-,-,-,-,5937.8000,5937.0000,5936.8000,5936.6000,5935.6000,5938.6000,5938.8000,5939.0000,5939.4000,5939.8000,1,1,1,4,1,1,1,1,1,1
SF,IC2103,2020-10-28 09:33:47.100,5938.2000,41440,0,323200120.000,0,-,-,-,-,5937.8000,5937.0000,5936.8000,5936.6000,5935.6000,5939.0000,5939.4000,5939.8000,5940.0000,5940.4000,1,1,1,4,1,1,1,1,3,1
SF,IC2103,2020-10-28 09:33:47.600,5938.2000,41440,0,323200120.000,0,-,-,-,-,5938.0000,5937.8000,5937.0000,5936.6000,5935.6000,5939.4000,5939.8000,5940.0000,5940.4000,5940.8000,1,3,1,4,1,1,1,2,1,1
SF,IC2103,2020-10-28 09:33:48.100,5938.2000,41440,0,323200120.000,0,-,-,-,-,5938.2000,5938.0000,5937.8000,5936.6000,5930.0000,5939.8000,5940.4000,5940.8000,5942.6000,5942.8000,1,1,3,4,1,1,1,1,1,1
SF,IC2103,2020-10-28 09:33:49.100,5939.8000,41440,0,324388080.000,1,0,1,多换,S,5938.2000,5938.0000,5937.8000,5936.6000,5930.0000,5942.6000,5942.8000,5949.0000,5950.0000,5950.8000,1,1,3,4,1,1,1,1,1,5
SF,IC2103,2020-10-28 09:33:49.600,5939.8000,41440,0,324388080.000,0,-,-,-,-,5938.4000,5938.2000,5938.0000,5937.8000,5936.6000,5941.6000,5941.8000,5942.2000,5942.4000,5942.6000,1,1,1,3,4,2,2,7,3,1
SF,IC2103,2020-10-28 09:33:50.100,5939.8000,41440,0,324388080.000,0,-,-,-,-,5938.6000,5938.4000,5938.0000,5937.8000,5936.6000,5941.4000,5941.6000,5941.8000,5942.2000,5942.4000,1,1,1,3,4,1,1,2,1,2
SF,IC2103,2020-10-28 09:33:50.600,5939.8000,41440,0,324388080.000,0,-,-,-,-,5938.8000,5938.6000,5938.0000,5937.8000,5936.6000,5942.2000,5942.4000,5942.6000,5942.8000,5949.0000,1,1,1,3,4,1,2,1,1,1
SF,IC2103,2020-10-28 09:33:51.100,5939.8000,41440,0,324388080.000,0,-,-,-,-,5940.0000,5939.2000,5939.0000,5938.8000,5937.8000,5942.0000,5942.6000,5942.8000,5949.0000,5950.0000,1,1,1,2,3,1,1,1,1,1
SF,IC2103,2020-10-28 09:33:51.600,5939.8000,41440,0,324388080.000,0,-,-,-,-,5940.2000,5940.0000,5939.2000,5938.8000,5937.8000,5942.0000,5942.6000,5942.8000,5949.0000,5950.0000,1,1,1,2,2,1,1,1,1,1
SF,IC2103,2020-10-28 09:33:52.100,5942.0000,41439,-1,325576480.000,1,0,1,双平,S,5941.2000,5940.2000,5940.0000,5939.2000,5938.8000,5942.6000,5942.8000,5949.0000,5950.0000,5954.8000,1,1,1,1,2,1,1,1,1,1
SF,IC2103,2020-10-28 09:33:52.600,5941.2000,41438,-1,326764720.000,1,0,1,双平,S,5940.2000,5940.0000,5939.2000,5938.8000,5936.6000,5942.4000,5942.6000,5942.8000,5949.0000,5950.0000,1,1,1,2,3,1,1,1,1,1
SF,IC2103,2020-10-28 09:33:53.100,5941.2000,41438,0,326764720.000,0,-,-,-,-,5940.2000,5940.0000,5938.8000,5936.6000,5930.0000,5942.2000,5942.4000,5942.6000,5942.8000,5949.0000,2,1,2,3,1,1,2,1,1,1
SF,IC2103,2020-10-28 09:33:53.600,5941.2000,41438,0,326764720.000,0,-,-,-,-,5940.4000,5940.2000,5940.0000,5938.8000,5936.6000,5942.0000,5942.6000,5942.8000,5949.0000,5950.0000,1,2,1,2,3,1,1,1,1,1
SF,IC2103,2020-10-28 09:33:54.100,5941.2000,41438,0,326764720.000,0,-,-,-,-,5942.0000,5940.4000,5940.2000,5940.0000,5938.8000,5942.6000,5942.8000,5949.0000,5950.0000,5954.8000,2,1,2,1,2,1,1,1,1,1
SF,IC2103,2020-10-28 09:33:54.600,5942.8000,41436,-2,329141800.000,2,0,2,双平,S,5942.6000,5942.2000,5940.2000,5940.0000,5938.8000,5949.0000,5950.0000,5954.8000,5956.6000,5959.8000,1,1,2,1,2,1,1,1,5,1
SF,IC2103,2020-10-28 09:33:55.100,5942.8000,41436,0,329141800.000,0,-,-,-,-,5942.8000,5942.6000,5940.2000,5940.0000,5938.8000,5943.6000,5944.2000,5944.4000,5944.6000,5944.8000,2,1,2,1,1,1,1,3,1,2
SF,IC2103,2020-10-28 09:33:55.600,5943.6000,41434,-2,331519240.000,2,0,2,双平,S,5942.8000,5942.6000,5940.2000,5940.0000,5938.8000,5948.6000,5948.8000,5949.0000,5950.0000,5954.8000,1,1,2,1,1,7,1,1,1,1
SF,IC2103,2020-10-28 09:33:56.100,5946.0000,41431,-3,335086720.000,3,0,3,双平,S,5943.0000,5942.8000,5942.6000,5940.2000,5940.0000,5946.0000,5946.6000,5947.2000,5947.4000,5948.2000,1,2,1,2,1,1,1,5,2,3
SF,IC2103,2020-10-28 09:33:56.600,5942.8000,41429,-2,338652520.000,3,0,3,多平,S,5940.2000,5940.0000,5938.8000,5938.2000,5930.0000,5944.4000,5944.8000,5945.4000,5945.6000,5945.8000,2,1,1,2,1,1,2,1,7,2
SF,IC2103,2020-10-28 09:33:57.100,5942.8000,41429,0,338652520.000,0,-,-,-,-,5940.8000,5940.4000,5940.2000,5938.8000,5930.0000,5944.2000,5944.4000,5944.8000,5945.4000,5945.6000,1,2,2,1,1,1,2,2,1,7
SF,IC2103,2020-10-28 09:33:57.600,5942.8000,41429,0,338652520.000,0,-,-,-,-,5941.0000,5940.2000,5938.8000,5930.0000,5927.6000,5943.6000,5944.0000,5944.2000,5944.4000,5944.8000,2,3,1,1,5,1,1,1,2,2
SF,IC2103,2020-10-28 09:33:58.100,5942.8000,41429,0,338652520.000,0,-,-,-,-,5941.0000,5940.2000,5930.0000,5927.6000,5927.2000,5943.4000,5943.6000,5944.0000,5944.4000,5944.8000,1,1,1,5,1,1,1,1,2,2
SF,IC2103,2020-10-28 09:33:58.600,5941.0000,41426,-3,343405160.000,4,0,4,多平,S,5930.0000,5927.6000,5927.2000,5926.0000,5925.8000,5942.2000,5942.4000,5943.0000,5943.2000,5943.4000,1,5,1,1,1,1,1,1,6,1
SF,IC2103,2020-10-28 09:33:59.100,5941.0000,41426,0,343405160.000,0,-,-,-,-,5939.4000,5938.2000,5937.6000,5937.4000,5937.2000,5942.0000,5942.2000,5942.4000,5943.0000,5943.2000,1,2,2,1,2,2,1,1,1,6
SF,IC2103,2020-10-28 09:33:59.600,5941.8000,41425,-1,345781400.000,2,0,2,多平,S,5938.2000,5937.6000,5936.4000,5935.2000,5934.6000,5942.0000,5942.2000,5942.4000,5943.0000,5943.2000,2,1,1,1,1,2,1,1,1,6
SF,IC2103,2020-10-28 09:34:00.100,5941.8000,41425,0,345781400.000,0,-,-,-,-,5938.4000,5937.6000,5934.6000,5933.4000,5933.2000,5941.6000,5941.8000,5942.0000,5942.2000,5942.4000,1,1,1,1,1,1,3,2,1,1
SF,IC2103,2020-10-28 09:34:00.600,5941.8000,41425,0,345781400.000,0,-,-,-,-,5938.6000,5938.4000,5937.6000,5933.4000,5933.2000,5941.2000,5941.4000,5941.6000,5941.8000,5942.2000,1,1,1,1,1,6,2,2,3,1
SF,IC2103,2020-10-28 09:34:01.100,5941.8000,41425,0,345781400.000,0,-,-,-,-,5938.8000,5938.6000,5933.4000,5933.2000,5930.4000,5941.0000,5941.2000,5941.6000,5941.8000,5942.2000,1,1,1,1,7,2,6,2,2,1
SF,IC2103,2020-10-28 09:34:01.600,5938.8000,41424,-1,346969160.000,1,0,1,双平,S,5938.6000,5933.4000,5933.2000,5930.4000,5930.2000,5940.6000,5941.0000,5941.6000,5941.8000,5942.2000,2,1,1,7,3,6,2,2,2,1
SF,IC2103,2020-10-28 09:34:02.100,5938.6000,41423,-1,348156880.000,1,0,1,双平,S,5938.6000,5933.4000,5933.2000,5930.4000,5930.2000,5940.4000,5941.0000,5941.6000,5941.8000,5942.2000,1,1,1,7,3,1,1,2,2,1
SF,IC2103,2020-10-28 09:34:03.100,5938.6000,41423,0,348156880.000,0,-,-,-,-,5938.6000,5935.6000,5933.4000,5933.2000,5930.4000,5940.4000,5941.0000,5941.6000,5941.8000,5942.2000,1,2,1,1,7,1,1,2,2,1
SF,IC2103,2020-10-28 09:34:03.600,5938.6000,41423,0,348156880.000,0,-,-,-,-,5938.6000,5935.6000,5933.2000,5930.4000,5930.2000,5940.2000,5940.4000,5941.0000,5941.6000,5941.8000,1,2,1,7,3,6,1,1,2,2
SF,IC2103,2020-10-28 09:34:04.100,5938.6000,41423,0,349344600.000,1,0,1,多换,S,5935.6000,5930.4000,5930.2000,5930.0000,5927.6000,5940.0000,5940.2000,5941.0000,5941.6000,5941.8000,2,7,3,1,5,1,6,1,2,2
SF,IC2103,2020-10-28 09:34:04.600,5938.6000,41423,0,349344600.000,0,-,-,-,-,5935.8000,5935.6000,5930.4000,5930.2000,5930.0000,5939.6000,5939.8000,5940.0000,5941.6000,5941.8000,1,2,7,3,1,6,1,5,1,1
SF,IC2103,2020-10-28 09:34:05.100,5935.6000,41420,-3,354093120.000,4,0,4,多平,S,5930.2000,5930.0000,5927.2000,5926.0000,5925.8000,5938.8000,5939.2000,5939.4000,5939.6000,5940.0000,3,1,1,1,1,2,2,5,6,4
SF,IC2103,2020-10-28 09:34:05.600,5935.6000,41420,0,354093120.000,0,-,-,-,-,5932.8000,5931.6000,5930.6000,5930.4000,5930.0000,5937.4000,5937.6000,5937.8000,5938.2000,5938.4000,3,1,2,3,1,1,2,1,1,7
SF,IC2103,2020-10-28 09:34:06.100,5935.6000,41420,0,354093120.000,0,-,-,-,-,5933.0000,5932.8000,5930.6000,5930.4000,5930.0000,5935.6000,5936.0000,5936.4000,5937.0000,5937.2000,1,2,2,1,1,1,1,1,7,3
SF,IC2103,2020-10-28 09:34:06.600,5935.6000,41421,1,356467360.000,2,1,1,空开,S,5933.0000,5932.8000,5930.6000,5930.4000,5930.0000,5936.4000,5937.0000,5937.2000,5937.4000,5937.6000,1,2,2,1,1,1,7,1,1,2
SF,IC2103,2020-10-28 09:34:07.100,5935.6000,41421,0,356467360.000,0,-,-,-,-,5933.0000,5930.6000,5930.0000,5927.2000,5926.0000,5935.6000,5936.0000,5936.2000,5936.4000,5937.0000,1,1,1,1,1,2,8,3,1,1
SF,IC2103,2020-10-28 09:34:07.600,5935.6000,41421,0,356467360.000,0,-,-,-,-,5933.0000,5930.6000,5930.0000,5927.2000,5926.0000,5935.4000,5935.6000,5936.0000,5936.4000,5937.0000,1,1,1,1,1,2,1,1,1,1
SF,IC2103,2020-10-28 09:34:08.100,5935.4000,41418,-3,361215720.000,4,0,4,多平,S,5933.0000,5930.6000,5930.0000,5927.2000,5926.0000,5935.4000,5940.4000,5945.0000,5949.0000,5950.0000,1,1,1,1,1,2,1,5,1,1
SF,IC2103,2020-10-28 09:34:08.600,5935.4000,41416,-2,363589880.000,2,0,2,双平,S,5933.0000,5930.0000,5927.2000,5926.0000,5925.8000,5940.4000,5945.0000,5949.0000,5950.0000,5954.8000,1,1,1,1,1,1,5,1,1,1
SF,IC2103,2020-10-28 09:34:09.100,5935.4000,41416,0,363589880.000,0,-,-,-,-,5933.4000,5933.2000,5933.0000,5930.0000,5927.2000,5937.4000,5937.6000,5937.8000,5938.2000,5938.8000,1,1,1,1,1,1,2,1,1,1
SF,IC2103,2020-10-28 09:34:09.600,5935.4000,41416,0,363589880.000,0,-,-,-,-,5934.6000,5934.4000,5933.6000,5930.0000,5927.2000,5937.2000,5939.4000,5940.0000,5940.2000,5940.4000,1,1,2,1,1,1,3,7,1,1
SF,IC2103,2020-10-28 09:34:10.100,5935.4000,41416,0,363589880.000,0,-,-,-,-,5934.8000,5934.6000,5934.4000,5930.0000,5927.2000,5937.2000,5939.4000,5940.0000,5940.2000,5940.4000,2,1,1,1,1,1,3,7,1,1
SF,IC2103,2020-10-28 09:34:10.600,5934.6000,41416,0,365963760.000,2,1,1,多换,S,5930.0000,5927.2000,5926.0000,5925.8000,5923.6000,5937.2000,5939.4000,5940.0000,5940.2000,5940.4000,1,1,1,1,3,1,3,7,1,1
SF,IC2103,2020-10-28 09:34:11.100,5934.6000,41416,0,365963760.000,0,-,-,-,-,5932.8000,5932.6000,5932.2000,5931.8000,5930.4000,5937.2000,5940.0000,5940.2000,5940.4000,5945.0000,2,1,2,1,2,1,7,1,1,5
SF,IC2103,2020-10-28 09:34:11.600,5934.6000,41416,0,365963760.000,0,-,-,-,-,5933.0000,5932.8000,5930.4000,5930.2000,5930.0000,5937.0000,5937.2000,5940.0000,5940.2000,5940.4000,2,2,2,1,1,1,1,7,1,1
SF,IC2103,2020-10-28 09:34:12.100,5934.6000,41416,0,365963760.000,0,-,-,-,-,5934.4000,5933.0000,5932.8000,5930.4000,5930.2000,5936.8000,5937.0000,5940.0000,5940.2000,5940.4000,1,2,1,1,1,1,1,7,1,1
SF,IC2103,2020-10-28 09:34:12.600,5934.6000,41416,0,365963760.000,0,-,-,-,-,5934.6000,5934.4000,5930.4000,5930.2000,5930.0000,5940.2000,5940.4000,5945.0000,5946.0000,5946.2000,2,1,1,1,1,1,1,5,1,1
SF,IC2103,2020-10-28 09:34:13.100,5934.6000,41416,0,365963760.000,0,-,-,-,-,5934.6000,5934.4000,5930.4000,5930.2000,5930.0000,5938.2000,5938.8000,5939.8000,5940.0000,5940.2000,2,1,1,1,1,3,1,6,7,2
SF,IC2103,2020-10-28 09:34:13.600,5934.6000,41416,0,365963760.000,0,-,-,-,-,5930.4000,5930.2000,5930.0000,5927.2000,5926.0000,5937.6000,5937.8000,5938.0000,5938.2000,5938.8000,1,1,1,1,1,2,1,2,2,1
SF,IC2103,2020-10-28 09:34:14.100,5934.6000,41416,0,365963760.000,0,-,-,-,-,5934.4000,5932.8000,5931.6000,5931.0000,5930.8000,5937.4000,5938.8000,5939.8000,5940.2000,5940.4000,1,1,1,2,6,2,1,6,1,1
SF,IC2103,2020-10-28 09:34:14.600,5934.6000,41416,0,365963760.000,0,-,-,-,-,5934.6000,5934.4000,5931.8000,5931.6000,5931.4000,5937.4000,5938.8000,5939.8000,5940.2000,5940.4000,2,1,1,1,2,2,1,6,1,1
SF,IC2103,2020-10-28 09:34:15.100,5934.6000,41416,0,365963760.000,0,-,-,-,-,5934.8000,5934.6000,5934.4000,5931.8000,5931.6000,5937.4000,5938.8000,5939.8000,5940.2000,5940.4000,1,2,1,1,1,1,1,6,1,1
SF,IC2103,2020-10-28 09:34:15.600,5934.6000,41416,0,365963760.000,0,-,-,-,-,5935.0000,5934.8000,5934.4000,5931.8000,5931.6000,5937.4000,5938.8000,5939.8000,5940.2000,5940.4000,1,1,1,1,1,1,1,6,1,1
SF,IC2103,2020-10-28 09:34:16.100,5934.6000,41416,0,365963760.000,0,-,-,-,-,5934.8000,5934.4000,5931.8000,5931.6000,5931.4000,5937.4000,5938.8000,5939.8000,5940.2000,5940.4000,1,1,1,1,2,1,1,6,1,1
SF,IC2103,2020-10-28 09:34:16.600,5934.6000,41416,0,365963760.000,0,-,-,-,-,5931.8000,5931.4000,5931.0000,5930.6000,5930.4000,5937.2000,5937.4000,5938.8000,5939.8000,5940.2000,1,2,1,1,2,2,1,1,6,1
SF,IC2103,2020-10-28 09:34:17.100,5934.6000,41416,0,365963760.000,0,-,-,-,-,5932.8000,5932.0000,5931.8000,5931.4000,5931.0000,5937.0000,5937.2000,5938.8000,5939.8000,5940.2000,2,1,1,2,1,1,2,1,6,1
SF,IC2103,2020-10-28 09:34:17.600,5934.6000,41416,0,365963760.000,0,-,-,-,-,5933.0000,5932.8000,5930.6000,5930.0000,5927.2000,5936.8000,5937.0000,5937.2000,5938.8000,5939.8000,1,2,1,1,1,2,1,1,1,6
SF,IC2103,2020-10-28 09:34:18.100,5934.6000,41416,0,365963760.000,0,-,-,-,-,5933.0000,5932.8000,5931.4000,5930.6000,5930.0000,5936.4000,5936.6000,5936.8000,5937.2000,5938.8000,1,2,1,1,1,1,1,2,1,1
SF,IC2103,2020-10-28 09:34:18.600,5934.6000,41416,0,365963760.000,0,-,-,-,-,5933.0000,5932.8000,5931.4000,5930.6000,5930.0000,5936.0000,5936.2000,5936.4000,5936.8000,5937.2000,1,2,1,1,1,1,2,2,1,1
SF,IC2103,2020-10-28 09:34:19.100,5934.6000,41416,0,365963760.000,0,-,-,-,-,5932.8000,5931.4000,5930.6000,5930.0000,5927.2000,5935.6000,5935.8000,5936.0000,5936.4000,5936.8000,2,1,1,1,1,1,2,1,2,1
SF,IC2103,2020-10-28 09:34:19.600,5934.6000,41416,0,365963760.000,0,-,-,-,-,5930.0000,5927.2000,5926.0000,5925.8000,5923.6000,5935.2000,5935.4000,5935.6000,5936.0000,5936.4000,1,1,1,1,3,7,2,1,1,2
SF,IC2103,2020-10-28 09:34:20.100,5934.6000,41416,0,365963760.000,0,-,-,-,-,5930.2000,5930.0000,5927.2000,5926.0000,5925.8000,5935.0000,5935.2000,5935.6000,5936.0000,5936.4000,1,1,1,1,1,2,7,1,1,2
SF,IC2103,2020-10-28 09:34:20.600,5934.6000,41416,0,365963760.000,0,-,-,-,-,5931.2000,5931.0000,5930.2000,5930.0000,5927.2000,5935.0000,5935.2000,5935.6000,5936.0000,5936.4000,1,1,1,2,1,2,7,1,1,2
SF,IC2103,2020-10-28 09:34:21.100,5934.6000,41416,0,365963760.000,0,-,-,-,-,5931.4000,5930.8000,5930.0000,5927.2000,5926.0000,5933.4000,5934.6000,5935.0000,5935.2000,5936.0000,1,1,2,1,1,1,3,2,7,1
SF,IC2103,2020-10-28 09:34:21.600,5934.6000,41416,0,365963760.000,0,-,-,-,-,5931.4000,5930.0000,5927.2000,5926.0000,5925.8000,5933.2000,5935.0000,5936.0000,5936.8000,5940.2000,1,2,1,1,1,1,1,1,1,1
SF,IC2103,2020-10-28 09:34:22.100,5934.6000,41416,0,365963760.000,0,-,-,-,-,5930.0000,5927.2000,5926.0000,5925.8000,5923.6000,5933.2000,5935.0000,5936.0000,5936.8000,5940.2000,2,1,1,1,3,1,1,1,1,1
SF,IC2103,2020-10-28 09:34:22.600,5934.6000,41416,0,365963760.000,0,-,-,-,-,5930.2000,5930.0000,5929.2000,5927.2000,5926.0000,5933.2000,5936.0000,5940.2000,5940.4000,5946.0000,2,2,1,1,1,1,1,1,1,1
SF,IC2103,2020-10-28 09:34:23.100,5934.6000,41416,0,365963760.000,0,-,-,-,-,5930.2000,5930.0000,5929.2000,5927.2000,5926.0000,5933.2000,5936.0000,5939.2000,5940.2000,5940.4000,2,2,1,1,1,1,1,5,1,1
SF,IC2103,2020-10-28 09:34:23.600,5934.6000,41416,0,365963760.000,0,-,-,-,-,5930.2000,5930.0000,5929.2000,5927.2000,5926.0000,5933.2000,5936.0000,5939.2000,5940.2000,5940.4000,2,2,1,1,1,1,1,5,1,1
SF,IC2103,2020-10-28 09:34:24.100,5934.6000,41416,0,365963760.000,0,-,-,-,-,5930.2000,5930.0000,5929.2000,5927.2000,5926.0000,5932.8000,5933.0000,5933.2000,5939.2000,5940.2000,2,2,1,1,1,4,1,3,5,1
SF,IC2103,2020-10-28 09:34:24.600,5934.6000,41416,0,365963760.000,0,-,-,-,-,5930.2000,5930.0000,5929.2000,5927.2000,5926.0000,5932.6000,5940.2000,5940.4000,5945.0000,5946.0000,2,2,1,1,1,2,1,1,5,1
SF,IC2103,2020-10-28 09:34:25.100,5933.0000,41415,-1,368336960.000,2,0,2,多平,S,5930.2000,5930.0000,5929.2000,5927.2000,5926.0000,5940.2000,5940.4000,5945.0000,5946.0000,5946.2000,2,2,1,1,1,1,1,5,1,1
SF,IC2103,2020-10-28 09:34:25.600,5933.0000,41415,0,368336960.000,0,-,-,-,-,5930.2000,5930.0000,5929.2000,5927.2000,5926.0000,5933.8000,5934.2000,5934.6000,5935.0000,5935.2000,2,2,1,1,1,1,1,3,1,5
SF,IC2103,2020-10-28 09:34:26.100,5933.0000,41415,0,368336960.000,0,-,-,-,-,5931.2000,5931.0000,5930.6000,5930.2000,5930.0000,5933.6000,5935.2000,5935.6000,5936.0000,5939.8000,1,1,1,2,2,1,3,1,1,7
SF,IC2103,2020-10-28 09:34:26.600,5933.6000,41414,-1,369523680.000,1,0,1,双平,S,5931.4000,5931.2000,5931.0000,5930.2000,5930.0000,5935.6000,5936.0000,5939.8000,5940.2000,5940.4000,1,1,1,1,2,1,1,7,1,1
SF,IC2103,2020-10-28 09:34:27.100,5933.6000,41414,0,369523680.000,0,-,-,-,-,5931.6000,5931.4000,5931.2000,5931.0000,5930.0000,5934.6000,5934.8000,5935.2000,5935.4000,5935.6000,1,1,1,1,2,3,2,9,2,1
SF,IC2103,2020-10-28 09:34:27.600,5933.6000,41414,0,369523680.000,0,-,-,-,-,5931.8000,5931.6000,5931.2000,5931.0000,5930.2000,5934.4000,5934.8000,5935.2000,5935.6000,5936.0000,1,1,1,1,5,1,2,8,1,1
SF,IC2103,2020-10-28 09:34:28.100,5933.6000,41414,0,369523680.000,0,-,-,-,-,5932.0000,5931.8000,5931.2000,5931.0000,5930.2000,5935.6000,5936.0000,5940.2000,5940.4000,5945.0000,1,1,1,1,5,1,1,1,1,5
SF,IC2103,2020-10-28 09:34:28.600,5933.6000,41414,0,369523680.000,0,-,-,-,-,5932.8000,5932.2000,5932.0000,5931.0000,5930.2000,5935.0000,5935.4000,5936.0000,5940.2000,5940.4000,1,2,1,1,5,1,1,1,1,1
SF,IC2103,2020-10-28 09:34:29.100,5933.6000,41414,0,369523680.000,0,-,-,-,-,5933.0000,5932.8000,5932.2000,5932.0000,5931.0000,5935.4000,5936.0000,5940.2000,5940.4000,5945.0000,1,1,1,1,1,1,1,1,1,5
