市场代码,合约代码,时间,最新,持仓,增仓,成交额,成交量,开仓,平仓,成交类型,方向,买一价,买二价,买三价,买四价,买五价,卖一价,卖二价,卖三价,卖四价,卖五价,买一量,买二量,买三量,买四量,买五量,卖一量,卖二量,卖三量,卖四量,卖五量
SF,IC2103,2020-10-29 09:29:00.100,5932.2000,41969,0,35593200.000,30.000,-,-,-,-,5932.2000,5922.0000,5921.2000,5921.0000,5920.0000,5933.0000,5939.8000,5940.0000,5943.0000,5948.8000,2,1,1,5,13,6,2,6,1,1
SF,IC2103,2020-10-29 09:30:00.100,5929.2000,41970,1,45082120.000,8,4,4,空开,S,5922.2000,5922.0000,5921.2000,5921.0000,5920.0000,5930.4000,5931.0000,5932.0000,5932.2000,5933.0000,1,1,1,5,13,4,2,3,50,5
SF,IC2103,2020-10-29 09:30:00.600,5930.0000,41961,-9,74717880.000,25,8,17,多平,S,5924.6000,5923.8000,5923.2000,5922.6000,5922.4000,5930.0000,5930.2000,5930.4000,5930.8000,5932.2000,1,1,3,1,2,4,5,1,1,48
SF,IC2103,2020-10-29 09:30:01.100,5922.0000,41959,-2,80641480.000,5,1,4,多平,S,5921.2000,5921.0000,5920.0000,5919.0000,5918.0000,5924.6000,5925.6000,5925.8000,5926.4000,5926.6000,1,6,13,5,6,6,2,1,1,1
SF,IC2103,2020-10-29 09:30:01.600,5920.0000,41970,11,106691320.000,22,16,6,空开,S,5919.0000,5918.0000,5917.0000,5916.2000,5916.0000,5924.2000,5924.4000,5924.6000,5925.6000,5926.2000,5,6,5,1,5,5,3,3,1,2
SF,IC2103,2020-10-29 09:30:02.100,5919.0000,41970,0,110243040.000,3,1,2,多换,S,5919.0000,5918.0000,5917.0000,5916.2000,5916.0000,5919.2000,5920.6000,5922.0000,5923.8000,5924.0000,3,6,5,1,5,1,1,1,4,5
SF,IC2103,2020-10-29 09:30:02.600,5922.2000,41967,-3,118530960.000,7,2,5,多平,S,5918.0000,5917.0000,5916.2000,5916.0000,5915.2000,5923.8000,5924.0000,5924.2000,5924.6000,5929.6000,6,5,1,5,6,4,2,4,3,1
SF,IC2103,2020-10-29 09:30:03.100,5918.2000,41966,-1,119714600.000,1,0,1,双平,S,5918.0000,5917.0000,5916.2000,5916.0000,5915.2000,5918.6000,5920.0000,5920.2000,5920.6000,5920.8000,6,5,1,5,6,1,1,1,1,2
SF,IC2103,2020-10-29 09:30:03.600,5918.2000,41965,-1,126816360.000,6,2,4,多平,S,5918.0000,5917.0000,5916.2000,5916.0000,5915.2000,5918.2000,5918.6000,5920.0000,5920.2000,5920.8000,2,5,1,5,6,3,1,1,1,1
SF,IC2103,2020-10-29 09:30:04.100,5918.2000,41963,-2,131550840.000,4,1,3,多平,S,5917.0000,5916.2000,5916.0000,5915.2000,5915.0000,5918.2000,5918.6000,5920.0000,5920.2000,5922.8000,5,1,5,6,5,1,1,1,1,1
SF,IC2103,2020-10-29 09:30:04.600,5918.0000,41957,-6,142202360.000,9,1,8,多平,S,5917.0000,5916.2000,5916.0000,5915.2000,5915.0000,5918.0000,5918.2000,5920.0000,5922.8000,5923.6000,3,1,5,6,5,10,2,1,1,1
SF,IC2103,2020-10-29 09:30:05.100,5917.8000,41948,-9,154037760.000,10,0,10,多平,S,5917.0000,5916.2000,5916.0000,5915.2000,5915.0000,5917.6000,5918.0000,5918.2000,5922.8000,5923.6000,2,1,5,6,5,1,11,1,1,1
SF,IC2103,2020-10-29 09:30:05.600,5917.6000,41946,-2,159955120.000,5,1,4,多平,S,5917.0000,5916.2000,5916.0000,5915.2000,5915.0000,5917.6000,5918.0000,5918.2000,5922.8000,5923.6000,2,1,5,6,5,1,11,1,1,1
SF,IC2103,2020-10-29 09:30:06.100,5916.6000,41937,-9,174156000.000,12,1,11,多平,S,5916.0000,5915.2000,5915.0000,5914.0000,5913.0000,5917.0000,5917.2000,5917.6000,5918.0000,5922.8000,5,6,5,5,5,2,4,1,11,1
SF,IC2103,2020-10-29 09:30:06.600,5916.6000,41938,1,178888920.000,4,2,2,空开,S,5916.0000,5915.2000,5915.0000,5914.0000,5913.0000,5916.6000,5917.0000,5917.4000,5917.6000,5918.0000,2,6,5,5,5,4,12,3,1,11
SF,IC2103,2020-10-29 09:30:07.100,5915.2000,41939,1,187170520.000,7,4,3,空开,S,5915.2000,5915.0000,5914.0000,5913.0000,5912.4000,5915.8000,5916.0000,5916.2000,5916.4000,5916.6000,1,5,5,5,1,3,2,1,2,5
SF,IC2103,2020-10-29 09:30:07.600,5915.0000,41941,2,189536560.000,2,2,0,双开,S,5915.0000,5914.0000,5913.0000,5912.4000,5912.0000,5915.2000,5915.4000,5916.0000,5916.6000,5917.0000,4,5,5,1,6,1,3,1,1,12
SF,IC2103,2020-10-29 09:30:08.100,5914.6000,41941,0,197817280.000,7,3,4,多换,S,5914.0000,5913.0000,5912.4000,5912.0000,5911.0000,5915.0000,5916.6000,5917.0000,5918.0000,5921.8000,4,5,1,6,5,1,2,12,11,5
SF,IC2103,2020-10-29 09:30:08.600,5916.6000,41941,0,204915200.000,6,3,3,多换,S,5915.0000,5914.0000,5913.0000,5912.4000,5912.0000,5915.2000,5916.6000,5917.0000,5918.0000,5921.8000,1,2,5,1,6,9,1,12,11,5
SF,IC2103,2020-10-29 09:30:09.100,5914.8000,41939,-2,210829760.000,5,1,4,多平,S,5913.0000,5912.4000,5912.0000,5911.0000,5910.8000,5914.8000,5915.0000,5915.2000,5916.6000,5917.0000,5,1,6,5,1,3,3,9,1,12
SF,IC2103,2020-10-29 09:30:09.600,5914.0000,41930,-9,223842000.000,11,1,10,多平,S,5913.2000,5913.0000,5912.4000,5912.0000,5911.0000,5915.2000,5916.6000,5917.0000,5918.0000,5921.0000,1,5,1,6,5,9,1,12,11,1
SF,IC2103,2020-10-29 09:30:10.100,5913.4000,41925,-5,232121640.000,7,1,6,多平,S,5913.0000,5912.4000,5912.0000,5911.0000,5910.8000,5915.2000,5916.6000,5917.0000,5918.0000,5921.0000,5,1,6,5,1,7,1,12,11,1
SF,IC2103,2020-10-29 09:30:10.600,5913.2000,41921,-4,238035200.000,5,0,5,多平,S,5913.0000,5912.4000,5912.0000,5911.0000,5910.8000,5913.2000,5914.0000,5915.0000,5915.2000,5916.6000,5,1,6,5,1,6,2,2,7,1
SF,IC2103,2020-10-29 09:30:11.100,5913.8000,41919,-2,249862200.000,10,4,6,多平,S,5913.6000,5913.4000,5913.2000,5913.0000,5912.4000,5915.2000,5916.6000,5917.0000,5918.0000,5921.0000,4,3,3,7,1,7,1,11,11,1
SF,IC2103,2020-10-29 09:30:11.600,5915.2000,41915,-4,255777360.000,5,0,5,多平,S,5913.6000,5913.2000,5913.0000,5912.4000,5912.0000,5915.2000,5916.6000,5917.0000,5918.0000,5921.0000,4,2,6,1,6,3,1,11,11,1
SF,IC2103,2020-10-29 09:30:12.100,5915.0000,41913,-2,260508800.000,4,1,3,多平,S,5913.6000,5913.0000,5912.4000,5912.0000,5911.0000,5915.2000,5916.6000,5917.0000,5918.0000,5921.0000,2,6,1,6,5,3,1,11,11,1
SF,IC2103,2020-10-29 09:30:12.600,5915.0000,41912,-1,264057240.000,3,1,2,多平,S,5913.0000,5912.4000,5912.0000,5911.0000,5910.8000,5915.2000,5917.0000,5918.0000,5921.0000,5921.8000,7,1,6,5,1,3,11,11,1,5
SF,IC2103,2020-10-29 09:30:13.100,5913.0000,41924,12,281794920.000,15,13,2,空开,S,5911.0000,5910.8000,5910.0000,5909.0000,5908.0000,5913.0000,5914.2000,5915.0000,5915.2000,5917.0000,5,1,8,5,12,1,1,1,3,11
SF,IC2103,2020-10-29 09:30:13.600,5913.0000,41921,-3,286525320.000,4,0,4,多平,S,5912.6000,5911.2000,5911.0000,5910.8000,5910.0000,5913.0000,5915.0000,5915.2000,5917.0000,5918.0000,1,2,5,1,8,1,1,3,11,11
SF,IC2103,2020-10-29 09:30:14.100,5913.0000,41919,-2,290073120.000,3,0,3,多平,S,5912.6000,5911.2000,5911.0000,5910.8000,5910.0000,5915.0000,5915.2000,5917.0000,5918.0000,5921.8000,1,2,5,1,8,1,3,11,11,5
SF,IC2103,2020-10-29 09:30:14.600,5913.0000,41919,0,290073120.000,0,-,-,-,-,5912.8000,5912.6000,5911.2000,5911.0000,5910.8000,5915.0000,5915.2000,5917.0000,5918.0000,5921.8000,1,2,1,5,1,1,3,11,11,5
SF,IC2103,2020-10-29 09:30:15.100,5913.0000,41919,0,292438320.000,2,1,1,多换,S,5914.8000,5913.0000,5912.8000,5912.6000,5911.2000,5915.2000,5917.0000,5918.0000,5921.8000,5929.8000,4,1,2,1,1,3,11,11,5,1
SF,IC2103,2020-10-29 09:30:15.600,5915.2000,41918,-1,297170160.000,4,1,3,多平,S,5914.8000,5913.0000,5912.8000,5912.6000,5911.2000,5915.2000,5917.0000,5918.0000,5921.8000,5929.8000,1,2,2,1,1,2,11,11,5,1
SF,IC2103,2020-10-29 09:30:16.100,5915.2000,41915,-3,300719280.000,3,0,3,双平,S,5915.2000,5914.8000,5913.0000,5912.6000,5911.2000,5917.0000,5918.0000,5921.8000,5929.8000,5932.2000,1,1,2,1,1,11,11,5,1,39
SF,IC2103,2020-10-29 09:30:16.600,5917.0000,41904,-11,313736680.000,11,0,11,双平,S,5915.4000,5915.2000,5914.8000,5913.0000,5912.6000,5918.0000,5921.8000,5929.8000,5932.2000,5933.0000,1,2,3,2,1,10,5,1,39,5
SF,IC2103,2020-10-29 09:30:17.100,5915.6000,41901,-3,317286040.000,3,0,3,双平,S,5915.6000,5915.4000,5914.8000,5913.0000,5912.6000,5917.0000,5918.0000,5921.8000,5929.8000,5932.2000,1,3,3,2,1,1,10,5,1,39
SF,IC2103,2020-10-29 09:30:17.600,5915.2000,41898,-3,325567800.000,7,2,5,多平,S,5914.8000,5913.0000,5912.6000,5911.2000,5911.0000,5915.2000,5918.0000,5921.8000,5929.8000,5932.2000,1,2,1,2,5,1,10,5,1,39
SF,IC2103,2020-10-29 09:30:18.100,5913.8000,41897,-1,331482480.000,5,2,3,多平,S,5913.0000,5912.6000,5912.0000,5911.2000,5911.0000,5913.6000,5918.0000,5921.8000,5929.8000,5932.2000,2,1,1,2,5,1,10,5,1,39
SF,IC2103,2020-10-29 09:30:18.600,5913.6000,41897,0,332665200.000,1,0,1,多换,S,5913.8000,5913.6000,5913.0000,5912.6000,5912.0000,5918.0000,5921.8000,5929.8000,5932.2000,5933.0000,3,4,8,1,1,10,5,1,39,5
SF,IC2103,2020-10-29 09:30:19.100,5917.8000,41896,-1,333848760.000,1,0,1,双平,S,5914.0000,5913.8000,5913.6000,5913.0000,5912.6000,5918.0000,5921.8000,5929.8000,5932.2000,5933.0000,2,3,2,7,1,10,5,1,39,5
SF,IC2103,2020-10-29 09:30:19.600,5913.8000,41895,-1,337397120.000,3,1,2,多平,S,5913.8000,5913.6000,5913.0000,5912.6000,5912.0000,5917.8000,5918.0000,5921.8000,5929.8000,5932.2000,2,1,7,1,1,3,10,5,1,29
SF,IC2103,2020-10-29 09:30:20.100,5913.8000,41894,-1,339762640.000,2,0,2,多平,S,5916.0000,5914.0000,5913.6000,5913.0000,5912.6000,5917.8000,5918.0000,5921.8000,5929.8000,5932.2000,1,2,1,7,1,2,10,5,1,29
SF,IC2103,2020-10-29 09:30:20.600,5916.0000,41894,0,340945840.000,1,0,1,多换,S,5914.0000,5913.6000,5913.0000,5912.6000,5912.0000,5916.0000,5917.8000,5918.0000,5921.8000,5929.8000,3,1,7,1,1,1,1,10,5,1
SF,IC2103,2020-10-29 09:30:21.100,5917.8000,41894,0,342129400.000,1,0,1,多换,S,5914.0000,5913.6000,5913.0000,5912.6000,5912.0000,5918.0000,5921.8000,5929.8000,5932.2000,5933.0000,4,1,5,1,1,9,5,1,29,5
SF,IC2103,2020-10-29 09:30:21.600,5917.8000,41894,0,342129400.000,0,-,-,-,-,5914.0000,5913.8000,5913.6000,5913.0000,5912.6000,5917.2000,5917.8000,5918.0000,5921.8000,5929.8000,4,1,1,5,1,2,3,9,5,1
SF,IC2103,2020-10-29 09:30:22.100,5914.4000,41893,-1,343312280.000,1,0,1,双平,S,5914.0000,5913.8000,5913.6000,5913.0000,5912.6000,5917.0000,5918.0000,5921.8000,5929.8000,5932.2000,4,1,1,5,1,1,9,5,1,29
SF,IC2103,2020-10-29 09:30:22.600,5917.0000,41893,0,344495680.000,1,0,1,多换,S,5917.6000,5917.0000,5914.2000,5914.0000,5913.8000,5918.0000,5921.8000,5929.8000,5932.2000,5933.0000,1,2,1,4,1,9,5,1,29,5
SF,IC2103,2020-10-29 09:30:23.100,5917.0000,41890,-3,348046000.000,3,0,3,双平,S,5914.2000,5914.0000,5913.8000,5913.6000,5913.0000,5916.0000,5917.0000,5917.2000,5917.6000,5918.0000,1,4,1,1,5,1,1,4,2,9
SF,IC2103,2020-10-29 09:30:23.600,5916.0000,41889,-1,350412400.000,2,0,2,多平,S,5914.4000,5914.0000,5913.8000,5913.6000,5913.0000,5916.0000,5918.0000,5921.8000,5929.8000,5932.2000,1,3,1,1,5,1,9,5,1,19
SF,IC2103,2020-10-29 09:30:24.100,5914.4000,41887,-2,353961680.000,3,0,3,多平,S,5914.0000,5913.8000,5913.6000,5913.0000,5912.6000,5914.4000,5918.0000,5921.8000,5929.8000,5932.2000,3,1,1,4,1,1,9,5,1,19
SF,IC2103,2020-10-29 09:30:24.600,5914.4000,41887,0,356327440.000,2,1,1,多换,S,5914.4000,5914.0000,5913.8000,5913.6000,5913.0000,5918.0000,5921.8000,5929.8000,5932.2000,5933.0000,1,3,1,1,4,9,5,1,19,5
SF,IC2103,2020-10-29 09:30:25.100,5914.4000,41887,0,356327440.000,0,-,-,-,-,5915.2000,5914.8000,5914.6000,5914.4000,5914.0000,5917.8000,5918.0000,5921.8000,5929.8000,5932.2000,1,3,3,2,3,1,9,5,1,19
SF,IC2103,2020-10-29 09:30:25.600,5918.0000,41887,0,357511040.000,1,0,1,多换,S,5916.0000,5915.4000,5915.2000,5914.8000,5914.6000,5918.0000,5921.8000,5929.8000,5932.2000,5935.8000,1,2,2,3,2,9,5,1,19,4
SF,IC2103,2020-10-29 09:30:26.100,5918.0000,41887,0,357511040.000,0,-,-,-,-,5916.2000,5916.0000,5915.4000,5915.2000,5914.8000,5918.0000,5921.8000,5929.8000,5932.2000,5935.8000,1,4,1,1,3,9,5,1,19,4
SF,IC2103,2020-10-29 09:30:26.600,5918.0000,41886,-1,358694640.000,1,0,1,双平,S,5917.8000,5916.2000,5916.0000,5915.4000,5915.2000,5918.0000,5927.6000,5929.8000,5932.2000,5935.8000,2,1,1,1,1,8,5,1,19,4
SF,IC2103,2020-10-29 09:30:27.100,5918.0000,41882,-4,368163360.000,8,2,6,多平,S,5916.0000,5915.4000,5915.2000,5914.8000,5914.6000,5918.0000,5927.6000,5929.8000,5932.2000,5935.8000,1,1,1,3,2,2,5,1,19,4
SF,IC2103,2020-10-29 09:30:27.600,5918.0000,41880,-2,370530560.000,2,0,2,双平,S,5916.6000,5916.4000,5916.2000,5916.0000,5915.4000,5927.6000,5929.8000,5932.2000,5935.8000,5940.0000,1,1,1,3,1,5,1,19,4,5
SF,IC2103,2020-10-29 09:30:28.100,5921.2000,41879,-1,371714800.000,1,0,1,双平,S,5916.8000,5916.6000,5916.4000,5916.2000,5916.0000,5921.2000,5922.2000,5923.8000,5924.8000,5927.2000,3,3,1,1,3,3,1,1,2,3
SF,IC2103,2020-10-29 09:30:28.600,5921.2000,41879,0,371714800.000,0,-,-,-,-,5916.8000,5916.6000,5916.4000,5916.2000,5916.0000,5917.8000,5921.0000,5923.8000,5924.8000,5927.2000,3,3,1,1,3,10,1,1,2,3
SF,IC2103,2020-10-29 09:30:29.100,5921.0000,41878,-1,384734600.000,11,5,6,多平,S,5917.8000,5916.8000,5916.6000,5916.4000,5916.2000,5924.8000,5927.2000,5927.4000,5927.6000,5929.8000,1,2,3,1,1,2,1,1,5,1
SF,IC2103,2020-10-29 09:30:29.600,5922.0000,41877,-1,385919000.000,1,0,1,双平,S,5918.0000,5917.8000,5916.8000,5916.6000,5916.4000,5919.2000,5922.0000,5924.4000,5924.6000,5924.8000,1,1,1,3,1,1,1,2,2,2
SF,IC2103,2020-10-29 09:30:30.100,5919.2000,41876,-1,387102840.000,1,0,1,双平,S,5919.2000,5916.8000,5916.6000,5916.4000,5916.2000,5922.0000,5924.4000,5924.6000,5924.8000,5927.4000,1,1,3,1,1,1,1,2,1,1
SF,IC2103,2020-10-29 09:30:30.600,5919.4000,41875,-1,393023680.000,5,2,3,多平,S,5917.0000,5916.4000,5916.2000,5916.0000,5915.8000,5918.0000,5921.8000,5924.4000,5927.4000,5927.6000,1,1,1,1,1,7,1,1,1,5
SF,IC2103,2020-10-29 09:30:31.100,5918.0000,41869,-6,401308920.000,7,0,7,多平,S,5917.6000,5917.0000,5916.4000,5916.2000,5915.8000,5917.8000,5921.8000,5924.4000,5927.4000,5927.6000,1,1,1,1,2,5,1,1,1,5
SF,IC2103,2020-10-29 09:30:31.600,5917.8000,41869,0,404859600.000,3,1,2,多换,S,5917.6000,5917.0000,5916.4000,5915.8000,5914.0000,5917.8000,5921.8000,5924.4000,5927.4000,5927.6000,2,1,1,2,1,2,1,1,1,5
SF,IC2103,2020-10-29 09:30:32.100,5917.8000,41870,1,408410280.000,3,2,1,空开,S,5918.4000,5917.6000,5917.0000,5916.4000,5916.0000,5921.8000,5924.4000,5927.4000,5927.6000,5929.8000,2,2,1,1,1,1,1,1,5,1
SF,IC2103,2020-10-29 09:30:32.600,5917.8000,41868,-2,420247320.000,10,4,6,多平,S,5917.8000,5917.6000,5917.0000,5916.4000,5916.0000,5921.6000,5921.8000,5924.4000,5927.4000,5927.6000,8,1,1,1,1,2,2,1,1,5
SF,IC2103,2020-10-29 09:30:33.100,5917.8000,41868,0,420247320.000,0,-,-,-,-,5917.8000,5917.6000,5917.0000,5916.4000,5916.0000,5921.4000,5921.6000,5924.4000,5927.4000,5927.6000,8,1,1,1,1,2,2,1,1,5
SF,IC2103,2020-10-29 09:30:33.600,5917.8000,41865,-3,423798000.000,3,0,3,双平,S,5917.8000,5917.6000,5917.0000,5916.4000,5916.0000,5920.8000,5921.2000,5921.4000,5921.6000,5924.4000,8,1,1,1,1,2,4,1,1,1
SF,IC2103,2020-10-29 09:30:34.100,5917.8000,41860,-5,433266480.000,8,1,7,多平,S,5917.6000,5917.0000,5916.4000,5916.0000,5915.8000,5918.4000,5920.6000,5920.8000,5921.2000,5921.6000,1,1,1,1,2,10,3,2,2,1
SF,IC2103,2020-10-29 09:30:34.600,5917.6000,41860,0,434450000.000,1,0,1,多换,S,5917.0000,5916.0000,5915.8000,5914.4000,5914.0000,5918.2000,5918.4000,5920.6000,5920.8000,5921.2000,1,1,2,1,1,1,10,2,2,2
SF,IC2103,2020-10-29 09:30:35.100,5918.0000,41857,-3,438000600.000,3,0,3,双平,S,5916.0000,5915.8000,5914.4000,5914.0000,5913.8000,5917.8000,5918.2000,5918.4000,5920.6000,5920.8000,1,2,1,1,1,1,1,10,1,2
SF,IC2103,2020-10-29 09:30:35.600,5918.0000,41857,0,438000600.000,0,-,-,-,-,5916.0000,5915.8000,5914.4000,5914.0000,5913.8000,5917.6000,5917.8000,5918.4000,5920.6000,5924.4000,2,2,1,1,1,1,2,10,1,1
SF,IC2103,2020-10-29 09:30:36.100,5918.0000,41857,0,438000600.000,0,-,-,-,-,5916.0000,5915.8000,5915.6000,5914.4000,5914.0000,5917.6000,5917.8000,5918.4000,5920.6000,5924.4000,3,2,2,1,1,2,1,10,1,1
SF,IC2103,2020-10-29 09:30:36.600,5918.0000,41857,0,438000600.000,0,-,-,-,-,5916.0000,5915.8000,5915.6000,5914.4000,5914.0000,5917.6000,5917.8000,5918.4000,5920.6000,5924.4000,1,2,2,1,1,2,1,10,1,1
SF,IC2103,2020-10-29 09:30:37.100,5917.6000,41856,-1,440367640.000,2,0,2,多平,S,5916.0000,5915.8000,5915.6000,5914.4000,5914.0000,5917.6000,5917.8000,5918.4000,5920.6000,5924.4000,1,2,2,1,1,1,1,10,1,1
SF,IC2103,2020-10-29 09:30:37.600,5917.6000,41855,-1,441551160.000,1,0,1,双平,S,5916.4000,5916.0000,5915.8000,5915.6000,5914.4000,5917.6000,5917.8000,5918.4000,5920.6000,5924.4000,1,3,2,2,1,1,1,10,1,1
SF,IC2103,2020-10-29 09:30:38.100,5917.8000,41854,-1,443918240.000,2,0,2,多平,S,5916.6000,5916.0000,5915.8000,5915.6000,5914.4000,5918.4000,5920.4000,5920.6000,5924.4000,5927.4000,1,1,2,2,1,10,1,1,1,1
SF,IC2103,2020-10-29 09:30:38.600,5918.4000,41851,-3,447469280.000,3,0,3,双平,S,5917.6000,5916.6000,5916.0000,5915.8000,5915.6000,5918.4000,5920.4000,5920.6000,5924.4000,5927.4000,1,2,1,3,2,7,1,1,1,1
SF,IC2103,2020-10-29 09:30:39.100,5918.4000,41844,-7,455755040.000,7,0,7,双平,S,5918.8000,5917.8000,5917.6000,5916.6000,5916.0000,5924.4000,5927.4000,5927.6000,5929.8000,5932.2000,2,1,1,1,1,1,1,5,1,1
SF,IC2103,2020-10-29 09:30:39.600,5918.4000,41844,0,455755040.000,0,-,-,-,-,5919.0000,5918.8000,5917.6000,5916.0000,5915.8000,5921.6000,5922.0000,5922.4000,5923.4000,5924.0000,4,2,1,1,3,1,1,2,1,1
SF,IC2103,2020-10-29 09:30:40.100,5921.6000,41843,-1,456939360.000,1,0,1,双平,S,5919.2000,5919.0000,5918.8000,5917.6000,5916.0000,5922.0000,5922.4000,5924.0000,5924.2000,5924.4000,1,3,2,1,1,1,1,1,2,1
SF,IC2103,2020-10-29 09:30:40.600,5919.2000,41844,1,459307040.000,2,1,1,空开,S,5919.4000,5919.0000,5918.8000,5917.6000,5916.0000,5921.8000,5922.4000,5924.0000,5924.2000,5927.4000,1,1,2,1,1,1,1,1,2,1
SF,IC2103,2020-10-29 09:30:41.100,5921.8000,41844,0,460491400.000,1,0,1,多换,S,5919.4000,5919.0000,5918.8000,5917.6000,5916.4000,5922.4000,5924.0000,5924.2000,5927.4000,5929.8000,1,1,2,1,1,1,1,1,1,1
SF,IC2103,2020-10-29 09:30:41.600,5921.8000,41844,0,460491400.000,0,-,-,-,-,5920.0000,5919.8000,5919.6000,5919.4000,5919.0000,5922.4000,5924.0000,5924.2000,5929.8000,5932.2000,1,1,1,1,1,1,1,1,1,1
SF,IC2103,2020-10-29 09:30:42.100,5922.4000,41843,-1,461675880.000,1,0,1,双平,S,5922.4000,5920.2000,5920.0000,5919.8000,5919.6000,5924.0000,5929.8000,5932.2000,5933.4000,5935.8000,2,2,2,1,1,1,1,1,5,4
SF,IC2103,2020-10-29 09:30:42.600,5923.8000,41842,-1,462860640.000,1,0,1,双平,S,5922.4000,5920.2000,5920.0000,5919.8000,5919.6000,5929.8000,5932.2000,5933.4000,5935.8000,5940.0000,3,2,2,1,1,1,1,5,4,5
SF,IC2103,2020-10-29 09:30:43.100,5923.8000,41842,0,462860640.000,0,-,-,-,-,5922.6000,5922.4000,5920.2000,5920.0000,5919.8000,5925.4000,5925.8000,5926.2000,5929.4000,5929.6000,3,3,1,2,1,1,1,1,1,3
SF,IC2103,2020-10-29 09:30:43.600,5922.6000,41842,0,464045160.000,1,0,1,多换,S,5922.6000,5922.4000,5920.2000,5920.0000,5919.0000,5925.2000,5929.4000,5929.8000,5932.2000,5933.4000,2,4,1,1,1,2,1,1,1,5
SF,IC2103,2020-10-29 09:30:45.100,5922.6000,41842,0,464045160.000,0,-,-,-,-,5923.0000,5922.8000,5922.6000,5922.4000,5922.0000,5925.2000,5929.4000,5929.8000,5932.2000,5933.4000,1,1,2,4,1,2,1,1,1,5
SF,IC2103,2020-10-29 09:30:45.600,5922.6000,41842,0,464045160.000,0,-,-,-,-,5923.2000,5923.0000,5922.8000,5922.6000,5922.4000,5925.2000,5929.4000,5929.8000,5932.2000,5933.4000,1,1,1,1,4,1,1,1,1,5
SF,IC2103,2020-10-29 09:30:46.100,5922.6000,41842,0,464045160.000,0,-,-,-,-,5923.2000,5923.0000,5922.8000,5922.6000,5922.4000,5924.0000,5929.4000,5929.8000,5932.2000,5933.4000,1,1,1,1,4,1,1,1,1,5
SF,IC2103,2020-10-29 09:30:46.600,5924.0000,41842,0,465229960.000,1,0,1,多换,S,5923.2000,5922.8000,5922.6000,5922.4000,5922.0000,5924.0000,5929.4000,5929.8000,5932.2000,5933.4000,1,1,1,4,1,1,1,1,1,5
SF,IC2103,2020-10-29 09:30:47.600,5924.0000,41841,-1,467599400.000,2,0,2,多平,S,5922.8000,5922.6000,5922.4000,5922.0000,5920.0000,5929.4000,5929.8000,5932.2000,5933.4000,5935.8000,1,1,4,1,1,1,1,1,5,4
SF,IC2103,2020-10-29 09:30:48.100,5924.0000,41841,0,467599400.000,0,-,-,-,-,5923.0000,5922.8000,5922.6000,5922.4000,5922.0000,5925.0000,5925.4000,5926.2000,5927.4000,5929.0000,1,1,1,4,1,1,1,2,1,2
SF,IC2103,2020-10-29 09:30:48.600,5922.8000,41840,-1,469968560.000,2,0,2,多平,S,5922.6000,5922.4000,5922.0000,5920.0000,5919.0000,5922.8000,5924.8000,5925.0000,5926.2000,5927.4000,1,4,1,1,1,1,3,1,1,1
SF,IC2103,2020-10-29 09:30:49.100,5922.2000,41838,-2,478259840.000,7,2,5,多平,S,5920.0000,5919.0000,5917.8000,5917.6000,5917.0000,5922.2000,5922.6000,5922.8000,5924.8000,5927.4000,1,1,1,1,5,1,1,1,1,1
SF,IC2103,2020-10-29 09:30:49.600,5922.2000,41836,-2,481813160.000,3,0,3,多平,S,5920.2000,5920.0000,5919.0000,5917.8000,5917.6000,5922.8000,5927.4000,5929.0000,5929.2000,5929.4000,1,2,1,1,1,1,1,2,1,1
SF,IC2103,2020-10-29 09:30:50.100,5922.6000,41837,1,482997680.000,1,1,0,双开,S,5920.4000,5920.2000,5920.0000,5919.0000,5917.8000,5927.4000,5929.0000,5929.4000,5929.8000,5932.2000,1,2,2,1,1,1,2,1,1,1
SF,IC2103,2020-10-29 09:30:50.600,5922.6000,41837,0,482997680.000,0,-,-,-,-,5920.8000,5920.6000,5920.4000,5920.0000,5919.0000,5927.2000,5927.4000,5929.0000,5929.4000,5929.8000,2,1,2,2,2,1,1,2,1,1
SF,IC2103,2020-10-29 09:30:51.100,5922.6000,41837,0,482997680.000,0,-,-,-,-,5921.6000,5921.0000,5920.8000,5920.0000,5919.0000,5925.6000,5926.8000,5927.0000,5927.2000,5929.0000,1,3,2,1,2,1,1,1,1,2
SF,IC2103,2020-10-29 09:30:51.600,5922.6000,41837,0,482997680.000,0,-,-,-,-,5923.4000,5921.8000,5921.6000,5920.8000,5920.2000,5925.4000,5925.6000,5926.8000,5927.0000,5929.0000,1,2,2,2,1,1,1,1,1,2
SF,IC2103,2020-10-29 09:30:52.100,5925.6000,41838,1,485367880.000,2,1,1,空开,S,5923.4000,5921.8000,5921.6000,5920.8000,5920.2000,5926.8000,5927.0000,5929.0000,5929.4000,5929.8000,2,2,1,2,1,1,1,2,1,1
SF,IC2103,2020-10-29 09:30:52.600,5923.4000,41835,-3,492477280.000,6,1,5,多平,S,5921.6000,5920.8000,5920.2000,5920.0000,5919.0000,5923.4000,5926.6000,5927.0000,5929.0000,5929.4000,1,2,1,1,2,5,1,1,2,1
SF,IC2103,2020-10-29 09:30:53.100,5923.4000,41835,0,498400680.000,5,2,3,多换,S,5923.6000,5923.4000,5922.6000,5921.6000,5920.8000,5926.6000,5927.0000,5929.0000,5929.4000,5929.8000,4,3,1,1,2,1,1,2,1,1
SF,IC2103,2020-10-29 09:30:53.600,5926.6000,41834,-1,500771280.000,2,0,2,多平,S,5926.8000,5923.8000,5923.6000,5923.4000,5921.6000,5927.0000,5929.0000,5929.4000,5929.8000,5932.2000,1,2,2,3,1,1,2,1,1,1
SF,IC2103,2020-10-29 09:30:54.100,5923.8000,41832,-2,505511520.000,4,1,3,多平,S,5923.4000,5922.8000,5921.6000,5920.8000,5920.2000,5927.0000,5929.0000,5929.4000,5929.8000,5932.2000,1,1,1,2,1,1,2,1,1,1
SF,IC2103,2020-10-29 09:30:54.600,5923.8000,41832,0,505511520.000,0,-,-,-,-,5923.6000,5923.4000,5922.8000,5920.2000,5920.0000,5926.8000,5927.0000,5928.4000,5929.0000,5929.8000,1,1,1,1,1,2,1,1,1,1
SF,IC2103,2020-10-29 09:30:55.100,5926.8000,41832,0,506696880.000,1,0,1,多换,S,5923.8000,5923.6000,5923.4000,5920.2000,5920.0000,5926.8000,5927.0000,5928.4000,5929.0000,5929.8000,1,1,1,1,1,1,1,1,1,1
SF,IC2103,2020-10-29 09:30:55.600,5926.8000,41832,0,506696880.000,0,-,-,-,-,5924.0000,5923.8000,5923.4000,5920.2000,5920.0000,5926.8000,5927.0000,5928.4000,5929.0000,5929.8000,2,1,1,1,1,1,1,1,1,1
SF,IC2103,2020-10-29 09:30:56.100,5926.8000,41832,0,506696880.000,0,-,-,-,-,5924.2000,5924.0000,5923.4000,5920.2000,5920.0000,5926.8000,5927.0000,5928.4000,5929.0000,5932.2000,1,2,1,1,1,1,1,1,1,1
SF,IC2103,2020-10-29 09:30:56.600,5924.4000,41831,-1,507881760.000,1,0,1,双平,S,5924.2000,5923.4000,5920.2000,5920.0000,5919.0000,5926.8000,5927.0000,5928.4000,5929.0000,5932.2000,1,1,1,1,2,1,1,1,1,1
SF,IC2103,2020-10-29 09:30:57.100,5926.8000,41830,-1,509067120.000,1,0,1,双平,S,5924.8000,5924.6000,5924.4000,5924.2000,5923.4000,5927.0000,5928.4000,5929.0000,5932.2000,5935.8000,1,1,1,1,1,1,1,1,1,4
SF,IC2103,2020-10-29 09:30:57.600,5927.0000,41828,-2,511437920.000,2,0,2,双平,S,5925.0000,5924.8000,5924.6000,5924.2000,5923.4000,5928.4000,5929.0000,5932.2000,5935.8000,5939.2000,1,1,1,1,1,1,1,1,4,5
SF,IC2103,2020-10-29 09:30:58.100,5927.0000,41828,0,511437920.000,0,-,-,-,-,5925.6000,5925.2000,5925.0000,5924.8000,5923.4000,5929.0000,5932.2000,5935.8000,5939.2000,5940.0000,1,1,1,1,1,1,1,4,5,5
SF,IC2103,2020-10-29 09:30:58.600,5926.4000,41827,-1,512623200.000,1,0,1,双平,S,5925.8000,5925.6000,5923.4000,5920.2000,5920.0000,5932.2000,5935.8000,5939.2000,5940.0000,5940.2000,2,4,1,1,1,1,4,5,5,1
SF,IC2103,2020-10-29 09:30:59.100,5926.4000,41827,0,512623200.000,0,-,-,-,-,5925.8000,5925.6000,5923.4000,5920.2000,5920.0000,5931.2000,5932.0000,5932.2000,5935.8000,5939.2000,3,1,1,1,1,1,1,2,4,5
SF,IC2103,2020-10-29 09:30:59.600,5925.8000,41827,0,513808360.000,1,0,1,多换,S,5927.0000,5925.8000,5923.4000,5920.2000,5920.0000,5931.0000,5931.2000,5932.2000,5939.2000,5940.0000,1,2,1,1,1,2,1,1,5,5
SF,IC2103,2020-10-29 09:31:00.100,5925.8000,41827,0,513808360.000,0,-,-,-,-,5929.0000,5927.2000,5927.0000,5925.8000,5925.0000,5930.6000,5931.0000,5932.2000,5939.2000,5940.0000,1,1,1,1,1,1,2,1,5,5
SF,IC2103,2020-10-29 09:31:00.600,5929.0000,41827,0,516180280.000,2,1,1,多换,S,5927.2000,5927.0000,5925.8000,5925.0000,5923.4000,5931.0000,5932.2000,5939.2000,5940.0000,5940.2000,1,1,1,1,1,1,1,5,5,1
SF,IC2103,2020-10-29 09:31:01.100,5927.4000,41825,-2,518551240.000,2,0,2,双平,S,5929.2000,5927.0000,5925.8000,5925.0000,5923.4000,5930.8000,5931.0000,5932.2000,5939.2000,5940.0000,1,1,1,1,1,1,2,1,5,5
SF,IC2103,2020-10-29 09:31:01.600,5927.0000,41824,-1,520922120.000,2,0,2,多平,S,5925.0000,5923.4000,5920.2000,5920.0000,5919.0000,5929.6000,5930.0000,5930.8000,5932.2000,5939.2000,1,1,1,1,2,1,1,1,1,5
SF,IC2103,2020-10-29 09:31:02.100,5927.0000,41824,0,520922120.000,0,-,-,-,-,5925.0000,5923.4000,5920.2000,5920.0000,5919.0000,5929.4000,5929.6000,5932.2000,5939.2000,5940.0000,1,1,1,1,2,2,1,1,5,5
SF,IC2103,2020-10-29 09:31:02.600,5927.0000,41824,0,520922120.000,0,-,-,-,-,5925.2000,5925.0000,5923.4000,5920.2000,5920.0000,5929.4000,5932.2000,5939.2000,5940.0000,5940.2000,1,1,1,1,1,2,1,5,5,1
SF,IC2103,2020-10-29 09:31:03.100,5927.0000,41824,0,520922120.000,0,-,-,-,-,5925.2000,5925.0000,5923.4000,5920.2000,5920.0000,5929.4000,5932.0000,5932.2000,5939.2000,5940.0000,1,1,1,1,1,2,10,1,5,5
SF,IC2103,2020-10-29 09:31:03.600,5927.0000,41824,0,520922120.000,0,-,-,-,-,5925.2000,5925.0000,5923.4000,5920.2000,5920.0000,5929.4000,5932.0000,5932.2000,5939.2000,5940.0000,4,1,1,1,1,2,10,1,5,6
SF,IC2103,2020-10-29 09:31:04.100,5927.0000,41824,0,520922120.000,0,-,-,-,-,5925.8000,5925.2000,5925.0000,5923.4000,5920.2000,5929.2000,5929.4000,5932.0000,5932.2000,5939.2000,1,3,1,1,1,1,2,10,1,5
SF,IC2103,2020-10-29 09:31:04.600,5929.0000,41823,-1,522107920.000,1,0,1,双平,S,5927.2000,5926.0000,5925.8000,5925.2000,5925.0000,5929.0000,5932.0000,5932.2000,5939.2000,5940.0000,1,1,1,2,1,1,10,1,5,6
SF,IC2103,2020-10-29 09:31:05.100,5929.0000,41823,0,524479520.000,2,1,1,多换,S,5927.4000,5927.2000,5925.8000,5925.2000,5925.0000,5932.0000,5932.2000,5939.2000,5940.0000,5940.2000,1,1,1,2,1,10,1,5,6,1
SF,IC2103,2020-10-29 09:31:05.600,5929.0000,41823,0,524479520.000,0,-,-,-,-,5927.6000,5927.4000,5927.2000,5925.8000,5925.2000,5931.8000,5932.0000,5932.2000,5939.2000,5940.0000,1,2,1,1,2,1,10,1,5,6
SF,IC2103,2020-10-29 09:31:06.100,5929.0000,41823,0,524479520.000,0,-,-,-,-,5927.8000,5927.6000,5927.2000,5925.2000,5925.0000,5932.0000,5932.2000,5939.2000,5940.0000,5940.2000,3,2,1,2,1,10,1,5,6,1
SF,IC2103,2020-10-29 09:31:06.600,5929.0000,41823,0,524479520.000,0,-,-,-,-,5928.0000,5927.8000,5927.2000,5925.2000,5925.0000,5931.8000,5932.0000,5932.2000,5939.2000,5940.0000,4,3,1,2,1,1,10,1,5,6
SF,IC2103,2020-10-29 09:31:07.100,5929.0000,41823,0,524479520.000,0,-,-,-,-,5928.2000,5928.0000,5927.8000,5927.2000,5925.2000,5932.0000,5932.2000,5939.2000,5940.0000,5940.2000,2,3,1,1,2,10,1,5,6,1
SF,IC2103,2020-10-29 09:31:07.600,5929.0000,41823,0,524479520.000,0,-,-,-,-,5931.8000,5929.2000,5928.4000,5928.2000,5928.0000,5932.0000,5932.2000,5939.2000,5940.0000,5940.2000,1,2,1,2,2,10,1,5,6,1
SF,IC2103,2020-10-29 09:31:08.100,5932.0000,41820,-3,529225080.000,4,0,4,多平,S,5929.2000,5928.8000,5928.4000,5928.2000,5928.0000,5932.0000,5932.2000,5938.8000,5939.2000,5940.0000,2,1,1,1,2,7,1,1,5,6
SF,IC2103,2020-10-29 09:31:08.600,5930.8000,41819,-1,537528880.000,7,3,4,多平,S,5931.0000,5930.4000,5929.4000,5929.0000,5928.8000,5932.0000,5932.2000,5938.8000,5939.2000,5940.0000,1,5,1,1,1,5,1,1,5,6
SF,IC2103,2020-10-29 09:31:09.100,5932.2000,41813,-6,544647320.000,6,0,6,双平,S,5932.0000,5931.0000,5930.4000,5929.4000,5929.0000,5938.8000,5939.2000,5940.0000,5940.2000,5941.8000,1,1,5,1,1,1,5,6,1,3
SF,IC2103,2020-10-29 09:31:09.600,5932.2000,41813,0,545833760.000,1,0,1,多换,S,5932.2000,5932.0000,5931.8000,5931.0000,5930.4000,5935.0000,5935.2000,5935.6000,5936.4000,5937.4000,1,1,1,1,5,1,1,1,1,3
SF,IC2103,2020-10-29 09:31:10.100,5932.2000,41813,0,545833760.000,0,-,-,-,-,5932.2000,5932.0000,5931.8000,5930.4000,5929.0000,5934.8000,5935.6000,5936.4000,5937.4000,5938.4000,1,1,1,3,1,2,1,1,2,1
SF,IC2103,2020-10-29 09:31:10.600,5932.2000,41813,0,547020200.000,1,0,1,多换,S,5932.2000,5931.8000,5930.4000,5929.0000,5927.2000,5934.8000,5935.6000,5936.4000,5937.4000,5938.4000,1,1,3,2,1,2,1,1,2,1
SF,IC2103,2020-10-29 09:31:11.100,5932.2000,41813,0,547020200.000,0,-,-,-,-,5932.2000,5931.8000,5930.4000,5929.0000,5927.2000,5934.8000,5935.6000,5936.4000,5938.4000,5938.6000,1,1,3,2,1,2,1,1,1,1
SF,IC2103,2020-10-29 09:31:11.600,5932.2000,41813,0,547020200.000,0,-,-,-,-,5932.2000,5931.8000,5929.0000,5927.2000,5925.2000,5934.6000,5934.8000,5935.6000,5936.4000,5938.4000,1,1,2,1,2,1,2,1,1,1
SF,IC2103,2020-10-29 09:31:12.100,5932.2000,41813,0,547020200.000,0,-,-,-,-,5932.2000,5931.8000,5929.0000,5927.2000,5925.2000,5934.4000,5934.8000,5935.6000,5936.4000,5938.4000,1,1,2,1,2,1,1,1,1,1
SF,IC2103,2020-10-29 09:31:12.600,5932.2000,41813,0,547020200.000,0,-,-,-,-,5932.2000,5931.8000,5929.0000,5927.2000,5925.2000,5934.8000,5935.6000,5936.4000,5938.4000,5938.6000,1,2,2,1,2,1,1,1,1,1
SF,IC2103,2020-10-29 09:31:13.100,5932.2000,41813,0,547020200.000,0,-,-,-,-,5932.4000,5932.2000,5931.8000,5929.0000,5927.2000,5934.8000,5935.6000,5936.4000,5938.8000,5940.0000,1,1,2,2,1,1,1,1,1,6
SF,IC2103,2020-10-29 09:31:13.600,5934.8000,41813,0,548207160.000,1,0,1,多换,S,5932.4000,5931.8000,5929.0000,5927.2000,5925.2000,5936.4000,5938.8000,5940.0000,5940.2000,5941.8000,1,2,2,1,2,1,1,6,1,3
SF,IC2103,2020-10-29 09:31:14.100,5932.6000,41812,-1,550580200.000,2,0,2,多平,S,5934.8000,5932.4000,5931.8000,5929.0000,5927.2000,5936.2000,5936.4000,5938.8000,5940.0000,5940.2000,1,1,2,2,1,2,1,1,6,1
SF,IC2103,2020-10-29 09:31:14.600,5934.0000,41812,0,551767000.000,1,0,1,多换,S,5932.4000,5931.8000,5929.0000,5927.2000,5925.2000,5934.8000,5935.4000,5935.6000,5936.0000,5936.4000,1,2,2,1,2,1,1,2,1,1
SF,IC2103,2020-10-29 09:31:15.100,5934.0000,41812,0,551767000.000,0,-,-,-,-,5932.6000,5931.8000,5929.0000,5927.2000,5925.2000,5934.6000,5934.8000,5936.4000,5938.8000,5940.0000,1,2,2,1,2,1,1,1,1,6
SF,IC2103,2020-10-29 09:31:15.600,5936.4000,41813,1,554141200.000,2,1,1,空开,S,5932.6000,5931.8000,5929.0000,5927.2000,5925.2000,5938.8000,5940.0000,5940.2000,5941.8000,5945.0000,1,2,2,1,2,1,6,1,3,5
SF,IC2103,2020-10-29 09:31:16.100,5936.4000,41813,0,554141200.000,0,-,-,-,-,5934.6000,5932.8000,5932.6000,5931.8000,5929.0000,5937.8000,5938.6000,5938.8000,5940.0000,5940.2000,1,4,1,2,2,1,3,2,6,1
SF,IC2103,2020-10-29 09:31:16.600,5936.4000,41813,0,554141200.000,0,-,-,-,-,5934.8000,5934.6000,5932.8000,5931.8000,5929.0000,5937.6000,5938.8000,5940.0000,5940.2000,5941.8000,1,1,4,2,2,2,1,6,1,3
SF,IC2103,2020-10-29 09:31:17.100,5936.4000,41813,0,554141200.000,0,-,-,-,-,5934.8000,5934.6000,5932.8000,5931.8000,5929.0000,5937.6000,5938.8000,5940.0000,5940.2000,5941.8000,1,1,4,2,2,2,1,6,1,3
SF,IC2103,2020-10-29 09:31:17.600,5937.4000,41813,0,555328680.000,1,0,1,多换,S,5934.6000,5932.8000,5931.8000,5929.0000,5927.2000,5937.6000,5938.8000,5940.0000,5940.2000,5941.8000,1,4,2,2,1,2,1,6,1,3
SF,IC2103,2020-10-29 09:31:18.100,5937.4000,41813,0,555328680.000,0,-,-,-,-,5935.0000,5934.8000,5934.6000,5932.8000,5931.8000,5937.6000,5938.8000,5940.0000,5940.2000,5941.8000,1,1,2,3,2,2,1,6,1,3
SF,IC2103,2020-10-29 09:31:18.600,5937.6000,41814,1,556516200.000,1,1,0,双开,S,5935.2000,5935.0000,5934.8000,5934.6000,5932.8000,5937.6000,5938.8000,5940.0000,5940.2000,5941.8000,1,1,1,1,3,1,1,6,1,3
SF,IC2103,2020-10-29 09:31:19.100,5935.0000,41812,-2,561264240.000,4,1,3,多平,S,5934.6000,5932.8000,5931.8000,5929.0000,5927.2000,5937.6000,5938.8000,5940.0000,5940.2000,5941.8000,1,3,2,2,1,1,1,6,1,3
SF,IC2103,2020-10-29 09:31:19.600,5935.0000,41812,0,561264240.000,0,-,-,-,-,5935.2000,5935.0000,5934.8000,5934.6000,5931.8000,5937.4000,5937.6000,5938.8000,5940.0000,5940.2000,2,1,1,2,2,1,1,1,6,1
SF,IC2103,2020-10-29 09:31:20.100,5935.0000,41812,0,561264240.000,0,-,-,-,-,5936.0000,5935.4000,5935.2000,5935.0000,5934.6000,5937.4000,5937.6000,5938.8000,5940.0000,5940.2000,1,1,2,1,2,1,1,1,6,1
SF,IC2103,2020-10-29 09:31:20.600,5937.6000,41811,-1,563639240.000,2,0,2,多平,S,5936.0000,5935.4000,5935.0000,5934.6000,5931.8000,5938.8000,5940.0000,5940.2000,5941.8000,5945.0000,1,1,1,2,2,1,6,1,3,5
SF,IC2103,2020-10-29 09:31:21.100,5937.6000,41811,0,563639240.000,0,-,-,-,-,5936.2000,5936.0000,5935.0000,5934.6000,5931.8000,5938.6000,5938.8000,5940.0000,5940.2000,5941.8000,1,1,1,2,2,2,1,6,1,3
SF,IC2103,2020-10-29 09:31:21.600,5937.6000,41811,0,563639240.000,0,-,-,-,-,5936.4000,5936.2000,5936.0000,5935.0000,5934.6000,5938.6000,5938.8000,5940.0000,5940.2000,5941.8000,1,1,1,1,1,1,1,6,1,3
SF,IC2103,2020-10-29 09:31:22.100,5936.6000,41810,-1,564826560.000,1,0,1,双平,S,5936.0000,5935.0000,5934.6000,5931.8000,5929.6000,5938.8000,5940.0000,5940.2000,5941.8000,5945.8000,1,1,1,2,1,1,6,1,3,4
SF,IC2103,2020-10-29 09:31:22.600,5938.8000,41809,-1,566014320.000,1,0,1,双平,S,5936.4000,5936.2000,5936.0000,5935.0000,5934.6000,5938.6000,5940.0000,5940.2000,5941.8000,5945.8000,1,5,2,1,1,1,6,1,3,4
SF,IC2103,2020-10-29 09:31:23.100,5938.8000,41808,-1,567202080.000,1,0,1,双平,S,5936.8000,5936.6000,5936.4000,5936.2000,5936.0000,5940.0000,5940.2000,5941.8000,5945.8000,5949.0000,1,1,2,1,2,6,1,3,4,1
SF,IC2103,2020-10-29 09:31:23.600,5938.8000,41808,0,567202080.000,0,-,-,-,-,5937.0000,5936.8000,5936.4000,5936.0000,5935.0000,5939.8000,5940.0000,5940.2000,5941.8000,5945.8000,2,1,2,2,1,1,6,1,3,4
SF,IC2103,2020-10-29 09:31:24.100,5937.6000,41807,-1,568389600.000,1,0,1,双平,S,5938.6000,5937.0000,5936.8000,5936.4000,5936.0000,5939.8000,5940.0000,5940.2000,5945.8000,5949.0000,1,2,2,2,2,1,6,1,4,1
SF,IC2103,2020-10-29 09:31:24.600,5937.0000,41808,1,570764720.000,2,1,1,空开,S,5937.0000,5936.8000,5936.4000,5936.0000,5935.0000,5939.8000,5940.0000,5940.2000,5945.8000,5949.0000,1,1,2,2,1,2,6,1,4,1
SF,IC2103,2020-10-29 09:31:25.100,5937.0000,41808,0,570764720.000,0,-,-,-,-,5938.8000,5938.6000,5938.2000,5937.8000,5937.6000,5939.6000,5939.8000,5940.0000,5940.2000,5945.8000,1,2,1,2,1,1,1,6,1,4
SF,IC2103,2020-10-29 09:31:25.600,5937.0000,41808,0,570764720.000,0,-,-,-,-,5938.6000,5937.0000,5936.8000,5936.4000,5936.0000,5939.4000,5939.6000,5940.0000,5940.2000,5945.8000,2,1,1,1,1,1,1,6,1,4
SF,IC2103,2020-10-29 09:31:26.100,5938.4000,41805,-3,575515160.000,4,0,4,多平,S,5936.8000,5936.4000,5936.0000,5935.0000,5934.6000,5938.4000,5940.0000,5940.2000,5945.8000,5949.0000,1,1,1,1,1,1,6,1,4,1
SF,IC2103,2020-10-29 09:31:26.600,5938.4000,41805,0,575515160.000,0,-,-,-,-,5939.6000,5939.4000,5938.2000,5938.0000,5937.6000,5940.0000,5940.2000,5945.8000,5949.0000,5950.0000,2,10,1,1,1,6,1,4,1,5
SF,IC2103,2020-10-29 09:31:27.100,5939.4000,41807,2,582642520.000,6,4,2,空开,S,5939.4000,5938.6000,5938.2000,5938.0000,5937.6000,5940.0000,5940.2000,5945.8000,5949.0000,5950.0000,6,1,1,1,1,6,1,4,1,5
SF,IC2103,2020-10-29 09:31:27.600,5940.0000,41809,2,593333760.000,9,5,4,空开,S,5938.6000,5938.4000,5938.0000,5937.0000,5936.8000,5940.0000,5940.2000,5945.8000,5949.0000,5950.0000,1,2,1,1,1,4,1,4,1,5
SF,IC2103,2020-10-29 09:31:28.100,5938.6000,41809,0,594521480.000,1,0,1,多换,S,5938.8000,5938.4000,5938.0000,5937.0000,5936.8000,5939.4000,5940.0000,5940.2000,5945.8000,5949.0000,1,2,1,1,1,2,4,1,4,1
SF,IC2103,2020-10-29 09:31:28.600,5940.0000,41801,-8,618276880.000,20,6,14,多平,S,5936.8000,5936.6000,5936.4000,5936.0000,5935.0000,5940.0000,5940.2000,5945.8000,5949.0000,5950.0000,1,1,1,1,1,2,1,4,1,5
SF,IC2103,2020-10-29 09:31:29.100,5940.0000,41801,0,618276880.000,0,-,-,-,-,5936.8000,5936.6000,5936.4000,5936.0000,5935.0000,5939.8000,5940.0000,5940.2000,5945.8000,5949.0000,1,1,1,1,1,4,4,1,4,1
SF,IC2103,2020-10-29 09:31:29.600,5936.8000,41800,-1,619464240.000,1,0,1,双平,S,5936.8000,5936.6000,5936.0000,5935.0000,5934.6000,5937.8000,5938.2000,5939.6000,5939.8000,5940.0000,1,1,1,1,1,1,1,1,2,3
SF,IC2103,2020-10-29 09:31:30.100,5936.8000,41799,-1,620651600.000,1,0,1,双平,S,5936.6000,5936.0000,5935.0000,5934.6000,5931.8000,5936.8000,5937.6000,5937.8000,5938.2000,5938.8000,1,1,1,1,1,1,3,2,1,1
SF,IC2103,2020-10-29 09:31:30.600,5936.6000,41798,-1,621838920.000,1,0,1,双平,S,5936.0000,5935.0000,5934.6000,5931.8000,5929.6000,5936.4000,5936.6000,5938.2000,5938.8000,5939.8000,1,1,1,1,1,1,1,1,1,1
SF,IC2103,2020-10-29 09:31:31.100,5936.6000,41796,-2,626587960.000,4,1,3,多平,S,5937.8000,5935.0000,5934.6000,5931.8000,5929.6000,5938.8000,5939.8000,5940.0000,5940.2000,5945.8000,9,1,1,1,1,1,1,2,1,4
SF,IC2103,2020-10-29 09:31:31.600,5937.8000,41796,0,637276000.000,9,4,5,多换,S,5935.0000,5934.6000,5931.8000,5929.6000,5929.0000,5937.6000,5937.8000,5938.6000,5938.8000,5940.0000,1,1,1,1,1,1,11,1,1,2
SF,IC2103,2020-10-29 09:31:32.100,5937.8000,41796,0,637276000.000,0,-,-,-,-,5935.2000,5935.0000,5934.6000,5931.8000,5929.6000,5937.4000,5937.6000,5937.8000,5938.8000,5940.0000,1,2,1,1,1,2,1,10,1,2
SF,IC2103,2020-10-29 09:31:32.600,5937.8000,41796,0,638463560.000,1,0,1,多换,S,5936.4000,5935.2000,5935.0000,5934.6000,5931.8000,5937.4000,5937.6000,5937.8000,5938.8000,5940.0000,1,1,1,1,1,1,1,10,1,2
SF,IC2103,2020-10-29 09:31:33.100,5937.8000,41796,0,638463560.000,0,-,-,-,-,5936.6000,5936.4000,5935.0000,5934.6000,5931.8000,5937.8000,5938.8000,5940.0000,5940.2000,5945.8000,1,1,1,1,1,10,1,2,1,4
SF,IC2103,2020-10-29 09:31:33.600,5937.8000,41796,0,638463560.000,0,-,-,-,-,5937.4000,5936.8000,5936.6000,5936.4000,5935.0000,5937.8000,5938.8000,5940.0000,5940.2000,5945.8000,11,1,2,1,1,10,1,2,1,4
SF,IC2103,2020-10-29 09:31:34.100,5937.8000,41795,-1,650339160.000,10,4,6,多平,S,5937.8000,5937.4000,5936.8000,5936.6000,5936.4000,5938.4000,5938.8000,5940.0000,5940.2000,5945.8000,1,11,1,2,1,1,1,2,1,4
SF,IC2103,2020-10-29 09:31:34.600,5938.4000,41793,-2,652714520.000,2,0,2,双平,S,5937.8000,5937.4000,5936.8000,5936.6000,5936.4000,5938.8000,5940.0000,5940.2000,5945.8000,5949.0000,1,11,1,2,1,1,2,1,4,1
SF,IC2103,2020-10-29 09:31:35.100,5938.8000,41792,-1,653902280.000,1,0,1,双平,S,5937.8000,5937.4000,5936.8000,5936.6000,5936.4000,5940.0000,5940.2000,5945.8000,5949.0000,5950.0000,1,11,1,2,1,2,1,4,1,5
SF,IC2103,2020-10-29 09:31:35.600,5938.8000,41792,0,653902280.000,0,-,-,-,-,5938.0000,5937.8000,5937.6000,5937.4000,5936.8000,5939.8000,5940.0000,5940.2000,5945.8000,5949.0000,1,1,1,11,1,2,5,1,4,1
SF,IC2103,2020-10-29 09:31:36.100,5938.8000,41792,0,653902280.000,0,-,-,-,-,5938.0000,5937.8000,5937.6000,5937.4000,5936.8000,5939.8000,5940.0000,5940.2000,5945.8000,5949.0000,2,1,1,11,1,1,3,1,4,1
SF,IC2103,2020-10-29 09:31:36.600,5940.2000,41789,-3,658654320.000,4,0,4,多平,S,5940.0000,5938.0000,5937.8000,5937.6000,5937.4000,5945.8000,5949.0000,5950.0000,5950.8000,5955.0000,10,2,1,1,11,4,1,5,5,3
SF,IC2103,2020-10-29 09:31:37.100,5940.2000,41789,0,658654320.000,0,-,-,-,-,5940.2000,5940.0000,5938.4000,5937.8000,5937.6000,5942.4000,5943.0000,5943.6000,5944.0000,5944.4000,2,10,1,1,1,1,1,1,2,1
SF,IC2103,2020-10-29 09:31:37.600,5943.0000,41787,-2,661031400.000,2,0,2,双平,S,5940.2000,5940.0000,5938.4000,5937.6000,5937.4000,5943.6000,5944.4000,5945.4000,5945.6000,5945.8000,2,10,1,1,11,1,1,2,2,4
SF,IC2103,2020-10-29 09:31:38.100,5943.0000,41787,0,661031400.000,0,-,-,-,-,5940.2000,5940.0000,5938.4000,5937.6000,5937.4000,5943.4000,5943.6000,5944.4000,5945.4000,5945.8000,2,10,1,1,11,3,1,1,1,4
SF,IC2103,2020-10-29 09:31:38.600,5940.4000,41786,-1,666974240.000,5,2,3,多平,S,5940.2000,5940.0000,5937.6000,5937.4000,5937.0000,5943.2000,5945.4000,5945.8000,5949.0000,5950.0000,2,10,1,11,1,1,1,4,1,5
SF,IC2103,2020-10-29 09:31:39.100,5940.4000,41786,0,668162320.000,1,0,1,多换,S,5940.2000,5940.0000,5937.6000,5937.4000,5937.0000,5943.0000,5943.2000,5945.4000,5945.8000,5949.0000,1,10,1,11,1,1,1,1,4,1
SF,IC2103,2020-10-29 09:31:39.600,5943.0000,41785,-1,669350920.000,1,0,1,双平,S,5940.2000,5940.0000,5937.6000,5937.4000,5937.0000,5942.8000,5945.4000,5945.8000,5949.0000,5950.0000,2,10,1,11,1,1,1,4,1,5
SF,IC2103,2020-10-29 09:31:40.100,5943.0000,41785,0,669350920.000,0,-,-,-,-,5940.4000,5940.2000,5940.0000,5937.6000,5937.4000,5942.6000,5942.8000,5945.4000,5945.8000,5949.0000,1,1,10,1,11,1,1,1,4,1
SF,IC2103,2020-10-29 09:31:40.600,5940.4000,41783,-2,671727120.000,2,0,2,双平,S,5940.0000,5937.6000,5937.4000,5937.0000,5936.8000,5940.4000,5942.6000,5942.8000,5945.4000,5945.8000,10,1,11,1,1,3,1,1,1,4
SF,IC2103,2020-10-29 09:31:41.100,5940.0000,41785,2,678855120.000,6,4,2,空开,S,5940.0000,5937.6000,5937.4000,5937.0000,5936.8000,5940.4000,5942.6000,5942.8000,5945.8000,5949.0000,4,1,11,1,1,3,1,1,4,1
SF,IC2103,2020-10-29 09:31:41.600,5940.0000,41783,-2,685983200.000,6,2,4,多平,S,5937.6000,5937.4000,5937.0000,5936.8000,5936.4000,5939.6000,5940.4000,5942.6000,5942.8000,5945.8000,1,11,1,1,1,2,3,1,1,4
SF,IC2103,2020-10-29 09:31:42.100,5940.0000,41783,0,685983200.000,0,-,-,-,-,5937.8000,5937.6000,5937.4000,5937.0000,5936.8000,5939.4000,5939.6000,5940.4000,5942.6000,5942.8000,1,1,11,1,1,1,2,3,1,1
SF,IC2103,2020-10-29 09:31:42.600,5937.4000,41780,-3,701420560.000,13,5,8,多平,S,5937.0000,5936.8000,5936.4000,5935.0000,5934.6000,5937.8000,5939.4000,5940.4000,5942.6000,5942.8000,1,1,1,1,1,1,1,3,2,1
SF,IC2103,2020-10-29 09:31:43.100,5937.6000,41779,-1,714483040.000,11,5,6,多平,S,5936.8000,5936.4000,5935.0000,5934.6000,5931.8000,5937.6000,5937.8000,5940.4000,5942.6000,5942.8000,1,1,1,1,1,1,1,3,1,1
SF,IC2103,2020-10-29 09:31:43.600,5937.8000,41778,-1,716858120.000,2,0,2,多平,S,5936.8000,5936.4000,5935.0000,5931.8000,5929.6000,5940.4000,5942.8000,5945.8000,5949.0000,5950.0000,1,1,1,1,1,3,1,4,1,5
SF,IC2103,2020-10-29 09:31:44.100,5937.0000,41777,-1,718045520.000,1,0,1,双平,S,5938.2000,5936.8000,5936.4000,5935.0000,5931.8000,5940.2000,5940.4000,5942.8000,5945.8000,5949.0000,1,2,1,1,1,2,3,1,4,1
SF,IC2103,2020-10-29 09:31:44.600,5937.0000,41777,0,718045520.000,0,-,-,-,-,5938.4000,5938.2000,5936.8000,5936.4000,5935.0000,5940.2000,5940.4000,5942.8000,5945.8000,5949.0000,1,2,1,1,1,1,3,1,4,1
SF,IC2103,2020-10-29 09:31:45.100,5940.2000,41776,-1,719233560.000,1,0,1,双平,S,5940.0000,5938.4000,5936.8000,5936.4000,5935.0000,5940.4000,5942.8000,5945.8000,5949.0000,5950.0000,1,2,1,1,1,3,1,4,1,5
SF,IC2103,2020-10-29 09:31:45.600,5940.0000,41777,1,720421560.000,1,1,0,双开,S,5938.4000,5936.8000,5936.4000,5935.0000,5931.8000,5940.4000,5942.8000,5945.8000,5949.0000,5950.0000,2,1,1,1,1,3,1,4,1,5
SF,IC2103,2020-10-29 09:31:46.100,5940.4000,41776,-1,721609640.000,1,0,1,双平,S,5940.2000,5938.4000,5936.8000,5936.4000,5935.0000,5940.4000,5942.8000,5945.8000,5949.0000,5950.0000,2,2,1,1,1,2,1,4,1,5
SF,IC2103,2020-10-29 09:31:46.600,5940.2000,41774,-2,725173800.000,3,0,3,多平,S,5938.4000,5936.8000,5936.4000,5931.8000,5929.6000,5940.2000,5940.4000,5940.6000,5942.8000,5945.8000,2,1,1,1,1,1,1,1,1,4
SF,IC2103,2020-10-29 09:31:47.100,5940.2000,41774,0,725173800.000,0,-,-,-,-,5938.4000,5936.8000,5936.4000,5931.8000,5929.6000,5940.2000,5940.4000,5940.6000,5942.8000,5945.8000,2,1,1,1,1,1,1,1,1,4
SF,IC2103,2020-10-29 09:31:47.600,5940.2000,41774,0,725173800.000,0,-,-,-,-,5938.6000,5938.4000,5936.8000,5936.4000,5931.8000,5940.2000,5940.4000,5940.6000,5942.8000,5945.8000,1,2,1,1,1,1,1,1,1,4
SF,IC2103,2020-10-29 09:31:48.100,5940.6000,41771,-3,728738040.000,3,0,3,双平,S,5938.8000,5938.6000,5938.4000,5936.8000,5936.4000,5942.8000,5945.8000,5949.0000,5950.0000,5955.0000,2,1,1,1,1,1,4,1,5,3
SF,IC2103,2020-10-29 09:31:48.600,5940.6000,41771,0,728738040.000,0,-,-,-,-,5940.2000,5939.0000,5938.8000,5938.6000,5938.4000,5942.0000,5942.6000,5942.8000,5945.8000,5949.0000,1,1,2,3,1,1,2,1,4,1
SF,IC2103,2020-10-29 09:31:49.100,5942.0000,41771,0,729926440.000,1,0,1,多换,S,5942.0000,5940.4000,5940.2000,5938.6000,5938.4000,5942.6000,5942.8000,5945.8000,5949.0000,5950.0000,1,2,2,3,1,1,1,4,1,5
SF,IC2103,2020-10-29 09:31:49.600,5942.2000,41767,-4,734680320.000,4,0,4,双平,S,5942.0000,5940.4000,5940.2000,5938.6000,5938.4000,5945.8000,5949.0000,5950.0000,5955.0000,5956.6000,1,2,1,3,1,4,1,5,3,5
SF,IC2103,2020-10-29 09:31:50.100,5942.2000,41767,0,734680320.000,0,-,-,-,-,5942.0000,5940.4000,5940.2000,5938.6000,5938.4000,5943.6000,5944.4000,5945.4000,5945.6000,5945.8000,1,3,1,3,1,1,2,2,3,4
SF,IC2103,2020-10-29 09:31:50.600,5942.2000,41766,-1,735868760.000,1,0,1,双平,S,5940.4000,5940.2000,5938.6000,5938.4000,5936.8000,5943.0000,5943.4000,5944.4000,5945.4000,5945.6000,2,1,3,1,1,1,1,1,2,1
SF,IC2103,2020-10-29 09:31:51.100,5942.2000,41766,0,735868760.000,0,-,-,-,-,5940.6000,5940.4000,5940.2000,5938.6000,5938.4000,5942.8000,5943.0000,5945.4000,5945.8000,5949.0000,2,2,1,3,1,1,1,1,4,1
SF,IC2103,2020-10-29 09:31:51.600,5942.2000,41766,0,735868760.000,0,-,-,-,-,5940.8000,5940.4000,5940.2000,5938.6000,5938.4000,5942.8000,5943.0000,5945.4000,5945.8000,5949.0000,1,1,1,3,1,1,1,1,4,1
SF,IC2103,2020-10-29 09:31:52.100,5943.0000,41766,0,737057360.000,1,0,1,多换,S,5940.8000,5940.4000,5940.2000,5938.6000,5938.4000,5942.8000,5945.4000,5945.8000,5949.0000,5950.0000,2,1,1,3,1,2,1,4,1,5
SF,IC2103,2020-10-29 09:31:52.600,5942.8000,41765,-1,740622680.000,3,1,2,多平,S,5942.8000,5941.0000,5940.8000,5940.4000,5940.2000,5945.4000,5945.8000,5949.0000,5950.0000,5955.0000,8,1,2,1,1,1,4,1,5,3
SF,IC2103,2020-10-29 09:31:53.100,5942.8000,41765,0,746565480.000,5,2,3,多换,S,5942.8000,5941.0000,5940.8000,5940.4000,5940.2000,5943.8000,5944.4000,5945.0000,5945.2000,5945.4000,4,1,1,1,1,1,3,1,2,2
SF,IC2103,2020-10-29 09:31:53.600,5942.8000,41768,3,754885400.000,7,5,2,空开,S,5942.8000,5940.8000,5940.4000,5940.2000,5936.4000,5944.4000,5945.2000,5945.4000,5945.8000,5949.0000,2,1,1,1,1,1,2,1,4,1
SF,IC2103,2020-10-29 09:31:54.100,5942.8000,41767,-1,757262520.000,2,0,2,多平,S,5942.8000,5940.8000,5940.4000,5940.2000,5936.4000,5944.2000,5945.2000,5945.4000,5945.8000,5949.0000,1,1,1,1,1,2,1,1,4,1
SF,IC2103,2020-10-29 09:31:54.600,5942.8000,41767,0,757262520.000,0,-,-,-,-,5942.8000,5940.8000,5940.4000,5940.2000,5936.4000,5944.0000,5944.2000,5945.2000,5945.4000,5945.8000,1,1,1,1,1,1,2,1,1,4
SF,IC2103,2020-10-29 09:31:55.100,5942.8000,41767,0,757262520.000,0,-,-,-,-,5942.8000,5940.8000,5940.2000,5936.4000,5929.6000,5944.2000,5945.2000,5945.4000,5945.8000,5949.0000,1,1,1,1,1,2,1,1,4,1
SF,IC2103,2020-10-29 09:31:55.600,5942.8000,41766,-1,758451080.000,1,0,1,双平,S,5943.8000,5940.8000,5940.2000,5936.4000,5929.6000,5944.0000,5944.2000,5945.2000,5945.4000,5945.8000,1,1,1,1,1,3,2,1,1,4
SF,IC2103,2020-10-29 09:31:56.100,5943.8000,41766,0,759639840.000,1,0,1,多换,S,5940.8000,5940.2000,5936.4000,5929.6000,5929.0000,5943.4000,5943.8000,5944.0000,5944.2000,5945.4000,1,1,1,1,1,1,1,3,1,1
SF,IC2103,2020-10-29 09:31:56.600,5943.8000,41766,0,759639840.000,0,-,-,-,-,5940.8000,5940.2000,5936.4000,5929.6000,5929.0000,5943.2000,5943.4000,5944.0000,5944.2000,5945.4000,1,1,1,1,1,2,2,2,1,1
SF,IC2103,2020-10-29 09:31:57.100,5943.8000,41766,0,759639840.000,0,-,-,-,-,5940.8000,5940.2000,5936.4000,5929.6000,5929.0000,5943.0000,5943.2000,5943.4000,5944.0000,5944.2000,1,1,1,1,1,1,2,1,2,1
SF,IC2103,2020-10-29 09:31:57.600,5943.8000,41766,0,759639840.000,0,-,-,-,-,5940.8000,5940.2000,5936.4000,5929.6000,5929.0000,5942.8000,5943.0000,5943.2000,5943.4000,5944.0000,1,1,1,1,1,1,1,1,1,2
SF,IC2103,2020-10-29 09:31:58.100,5943.8000,41766,0,759639840.000,0,-,-,-,-,5940.8000,5940.2000,5936.4000,5929.6000,5929.0000,5943.0000,5943.2000,5943.4000,5944.0000,5944.2000,1,1,1,1,1,1,1,1,2,1
SF,IC2103,2020-10-29 09:31:58.600,5943.8000,41766,0,759639840.000,0,-,-,-,-,5940.8000,5940.2000,5936.4000,5929.6000,5929.0000,5942.8000,5943.0000,5943.2000,5943.4000,5944.0000,1,1,1,1,1,1,2,1,1,2
SF,IC2103,2020-10-29 09:31:59.100,5943.8000,41766,0,759639840.000,0,-,-,-,-,5940.8000,5940.2000,5936.4000,5929.6000,5929.0000,5942.8000,5943.0000,5943.2000,5943.4000,5944.0000,1,1,1,1,1,2,1,1,1,2
SF,IC2103,2020-10-29 09:31:59.600,5943.8000,41766,0,759639840.000,0,-,-,-,-,5940.8000,5940.2000,5936.4000,5929.6000,5929.0000,5942.6000,5942.8000,5943.0000,5943.2000,5943.4000,1,1,1,1,1,2,2,1,1,1
SF,IC2103,2020-10-29 09:32:00.100,5943.8000,41766,0,759639840.000,0,-,-,-,-,5940.2000,5936.4000,5929.6000,5929.0000,5928.6000,5942.6000,5942.8000,5943.2000,5943.4000,5944.0000,1,1,1,1,1,2,2,1,1,2
SF,IC2103,2020-10-29 09:32:00.600,5940.2000,41765,-1,760827880.000,1,0,1,双平,S,5936.4000,5929.6000,5929.0000,5928.6000,5928.0000,5942.4000,5942.6000,5942.8000,5943.2000,5943.4000,1,1,1,1,1,1,2,2,1,1
SF,IC2103,2020-10-29 09:32:01.100,5940.2000,41765,0,760827880.000,0,-,-,-,-,5936.6000,5936.4000,5929.6000,5929.0000,5928.6000,5942.0000,5942.2000,5942.4000,5942.8000,5943.4000,1,1,1,1,1,1,2,1,2,1
SF,IC2103,2020-10-29 09:32:01.600,5940.2000,41765,0,760827880.000,0,-,-,-,-,5936.6000,5936.4000,5929.6000,5929.0000,5928.6000,5941.8000,5942.0000,5942.8000,5943.4000,5944.0000,1,1,1,1,1,3,2,2,1,2
SF,IC2103,2020-10-29 09:32:02.100,5941.6000,41764,-1,762016200.000,1,0,1,双平,S,5936.6000,5936.4000,5929.6000,5929.0000,5928.6000,5941.6000,5941.8000,5942.0000,5942.8000,5943.4000,1,1,1,1,1,1,2,1,2,1
SF,IC2103,2020-10-29 09:32:02.600,5941.6000,41764,0,762016200.000,0,-,-,-,-,5936.8000,5936.6000,5936.4000,5929.6000,5929.0000,5941.4000,5942.0000,5942.8000,5943.4000,5944.0000,1,1,1,1,1,3,1,2,1,2
SF,IC2103,2020-10-29 09:32:03.100,5941.6000,41764,0,762016200.000,0,-,-,-,-,5937.6000,5937.0000,5936.8000,5936.4000,5929.6000,5941.4000,5942.0000,5942.8000,5943.4000,5944.0000,2,1,2,1,1,3,1,2,1,2
SF,IC2103,2020-10-29 09:32:03.600,5941.6000,41764,0,762016200.000,0,-,-,-,-,5937.8000,5937.6000,5936.8000,5936.4000,5929.6000,5941.4000,5942.0000,5942.8000,5943.4000,5944.0000,1,2,2,1,1,2,1,2,1,2
SF,IC2103,2020-10-29 09:32:04.100,5941.6000,41764,0,762016200.000,0,-,-,-,-,5937.8000,5937.6000,5936.8000,5936.4000,5929.6000,5941.4000,5942.0000,5942.8000,5943.4000,5944.0000,1,2,2,1,1,1,1,2,1,2
SF,IC2103,2020-10-29 09:32:04.600,5941.6000,41764,0,762016200.000,0,-,-,-,-,5938.2000,5938.0000,5937.8000,5937.6000,5936.8000,5941.2000,5941.4000,5942.0000,5942.8000,5943.4000,2,1,4,2,2,1,1,1,2,1
SF,IC2103,2020-10-29 09:32:05.100,5941.2000,41763,-1,764392680.000,2,0,2,多平,S,5939.6000,5938.4000,5938.0000,5937.8000,5937.6000,5941.2000,5942.0000,5942.8000,5943.4000,5944.0000,1,2,2,2,2,1,1,2,1,2
SF,IC2103,2020-10-29 09:32:05.600,5941.2000,41763,0,764392680.000,0,-,-,-,-,5939.8000,5939.6000,5938.4000,5938.0000,5937.8000,5941.2000,5942.8000,5943.4000,5944.0000,5944.2000,1,1,1,1,2,1,2,1,2,1
SF,IC2103,2020-10-29 09:32:06.100,5941.2000,41763,0,764392680.000,0,-,-,-,-,5939.8000,5939.6000,5938.4000,5938.0000,5937.8000,5941.0000,5941.2000,5942.8000,5943.4000,5944.0000,1,1,1,1,2,4,1,2,1,2
SF,IC2103,2020-10-29 09:32:06.600,5939.6000,41762,-1,765580600.000,1,0,1,双平,S,5937.8000,5937.0000,5936.8000,5936.4000,5929.6000,5940.8000,5942.8000,5943.4000,5944.0000,5944.2000,2,1,1,1,1,3,2,1,2,1
SF,IC2103,2020-10-29 09:32:07.100,5939.6000,41762,0,765580600.000,0,-,-,-,-,5938.0000,5937.8000,5937.0000,5936.8000,5936.4000,5939.8000,5940.6000,5940.8000,5942.8000,5943.4000,1,2,1,1,1,1,2,4,2,1
SF,IC2103,2020-10-29 09:32:07.600,5940.8000,41763,1,771521160.000,5,3,2,空开,S,5941.0000,5938.0000,5937.8000,5937.0000,5936.8000,5942.8000,5943.4000,5944.0000,5944.2000,5945.8000,5,1,2,1,1,2,1,2,1,4
SF,IC2103,2020-10-29 09:32:08.100,5941.0000,41763,0,777462160.000,5,2,3,多换,S,5938.0000,5937.8000,5937.0000,5936.8000,5936.4000,5942.4000,5942.6000,5942.8000,5943.4000,5944.0000,1,2,1,1,1,3,2,2,1,2
SF,IC2103,2020-10-29 09:32:08.600,5941.0000,41763,0,777462160.000,0,-,-,-,-,5938.2000,5938.0000,5937.8000,5937.0000,5936.8000,5942.2000,5942.4000,5942.8000,5943.4000,5944.0000,1,1,2,1,1,2,2,2,1,2
SF,IC2103,2020-10-29 09:32:09.100,5941.0000,41763,0,777462160.000,0,-,-,-,-,5938.4000,5938.2000,5937.8000,5937.0000,5936.4000,5942.2000,5942.4000,5942.8000,5943.4000,5944.0000,1,1,2,1,1,1,1,2,1,2
SF,IC2103,2020-10-29 09:32:09.600,5941.0000,41763,0,777462160.000,0,-,-,-,-,5938.6000,5938.4000,5938.2000,5937.8000,5937.0000,5942.0000,5942.2000,5942.4000,5942.8000,5943.4000,1,1,1,2,1,1,2,1,2,1
SF,IC2103,2020-10-29 09:32:10.100,5941.0000,41763,0,777462160.000,0,-,-,-,-,5938.8000,5938.6000,5938.2000,5937.8000,5937.0000,5941.8000,5942.0000,5942.4000,5942.8000,5943.4000,1,1,1,2,1,1,2,1,2,1
SF,IC2103,2020-10-29 09:32:10.600,5941.0000,41763,0,777462160.000,0,-,-,-,-,5939.0000,5938.8000,5938.2000,5937.8000,5937.0000,5942.0000,5942.4000,5942.8000,5943.4000,5944.0000,1,1,1,2,2,1,1,2,1,2
SF,IC2103,2020-10-29 09:32:11.100,5939.2000,41759,-4,782214080.000,4,0,4,双平,S,5939.2000,5939.0000,5938.2000,5937.8000,5937.0000,5942.4000,5942.8000,5943.4000,5944.0000,5944.2000,2,2,1,2,2,1,2,1,2,1
SF,IC2103,2020-10-29 09:32:11.600,5939.2000,41759,0,782214080.000,0,-,-,-,-,5939.4000,5939.2000,5939.0000,5938.2000,5937.8000,5942.4000,5942.8000,5943.4000,5944.0000,5944.2000,1,2,1,1,2,1,2,1,2,1
SF,IC2103,2020-10-29 09:32:12.100,5939.2000,41760,1,783401920.000,1,1,0,双开,S,5941.8000,5939.6000,5939.4000,5939.2000,5939.0000,5942.2000,5942.4000,5942.8000,5943.4000,5944.0000,1,1,1,1,1,1,1,2,1,2
SF,IC2103,2020-10-29 09:32:12.600,5941.8000,41761,1,784590280.000,1,1,0,双开,S,5939.6000,5939.4000,5939.2000,5939.0000,5938.2000,5941.4000,5941.8000,5942.0000,5942.2000,5942.8000,2,1,1,1,1,1,2,1,4,2
SF,IC2103,2020-10-29 09:32:13.100,5941.8000,41761,0,784590280.000,0,-,-,-,-,5939.6000,5939.2000,5939.0000,5938.2000,5937.8000,5941.4000,5941.8000,5942.8000,5944.0000,5944.2000,1,1,1,1,2,2,2,2,2,1
SF,IC2103,2020-10-29 09:32:13.600,5939.6000,41760,-1,785778200.000,1,0,1,双平,S,5939.2000,5939.0000,5938.2000,5937.8000,5937.0000,5941.4000,5941.8000,5942.8000,5944.0000,5944.2000,1,1,1,2,2,2,2,2,2,1
SF,IC2103,2020-10-29 09:32:14.100,5939.6000,41760,0,785778200.000,0,-,-,-,-,5939.2000,5939.0000,5938.2000,5937.8000,5937.0000,5941.2000,5941.4000,5941.8000,5942.8000,5944.0000,1,1,1,2,2,1,2,2,2,2
SF,IC2103,2020-10-29 09:32:14.600,5939.6000,41760,0,785778200.000,0,-,-,-,-,5939.4000,5939.2000,5939.0000,5938.2000,5937.8000,5940.8000,5941.2000,5941.4000,5941.8000,5942.8000,1,1,1,1,2,1,2,1,2,2
SF,IC2103,2020-10-29 09:32:15.100,5939.6000,41760,0,785778200.000,0,-,-,-,-,5939.2000,5939.0000,5938.2000,5937.8000,5937.0000,5940.6000,5940.8000,5941.4000,5941.8000,5942.8000,1,1,1,2,2,3,2,1,2,2
SF,IC2103,2020-10-29 09:32:15.600,5939.6000,41760,0,785778200.000,0,-,-,-,-,5939.2000,5939.0000,5937.8000,5937.0000,5936.4000,5940.4000,5940.6000,5940.8000,5941.4000,5941.8000,2,1,2,2,1,1,2,1,1,2
SF,IC2103,2020-10-29 09:32:16.100,5939.6000,41760,0,785778200.000,0,-,-,-,-,5939.4000,5939.2000,5939.0000,5937.0000,5936.4000,5940.0000,5940.8000,5941.4000,5941.8000,5942.8000,1,3,1,2,1,1,1,1,2,2
SF,IC2103,2020-10-29 09:32:16.600,5940.0000,41759,-1,790529800.000,4,1,3,多平,S,5939.2000,5939.0000,5937.0000,5936.4000,5935.0000,5940.0000,5941.8000,5942.8000,5944.0000,5944.2000,2,1,2,1,1,1,2,2,2,1
SF,IC2103,2020-10-29 09:32:17.100,5939.2000,41758,-1,791717640.000,1,0,1,双平,S,5939.2000,5939.0000,5937.0000,5936.4000,5935.0000,5940.0000,5941.8000,5942.8000,5944.0000,5944.2000,1,1,2,1,1,1,2,2,2,1
SF,IC2103,2020-10-29 09:32:17.600,5939.0000,41756,-2,794093280.000,2,0,2,双平,S,5937.0000,5936.4000,5935.0000,5934.2000,5932.0000,5938.8000,5939.2000,5939.8000,5940.0000,5941.8000,2,1,1,2,1,1,1,1,1,1
SF,IC2103,2020-10-29 09:32:18.100,5939.0000,41756,0,794093280.000,0,-,-,-,-,5937.0000,5936.4000,5935.0000,5934.2000,5932.0000,5938.6000,5938.8000,5939.2000,5939.4000,5942.8000,2,1,1,2,1,1,2,1,4,2
SF,IC2103,2020-10-29 09:32:18.600,5939.0000,41756,0,794093280.000,0,-,-,-,-,5937.0000,5936.4000,5935.0000,5934.2000,5932.0000,5938.4000,5938.6000,5938.8000,5939.2000,5941.0000,2,1,1,2,1,1,2,1,1,1
SF,IC2103,2020-10-29 09:32:19.100,5939.0000,41756,0,794093280.000,0,-,-,-,-,5937.0000,5936.4000,5935.0000,5934.2000,5932.0000,5938.2000,5938.4000,5938.8000,5939.2000,5941.0000,2,1,1,2,1,1,1,1,1,1
SF,IC2103,2020-10-29 09:32:19.600,5937.0000,41756,0,795280680.000,1,0,1,多换,S,5937.0000,5936.4000,5935.0000,5934.2000,5932.0000,5938.0000,5938.2000,5938.8000,5939.2000,5941.0000,1,1,1,2,1,1,6,1,1,1
SF,IC2103,2020-10-29 09:32:20.100,5937.0000,41755,-1,796468080.000,1,0,1,双平,S,5936.4000,5935.0000,5934.2000,5932.0000,5930.0000,5937.0000,5938.0000,5938.2000,5939.2000,5941.0000,1,1,2,1,1,2,1,1,1,1
SF,IC2103,2020-10-29 09:32:20.600,5937.0000,41755,0,796468080.000,0,-,-,-,-,5936.4000,5935.0000,5934.2000,5932.0000,5930.0000,5937.0000,5937.4000,5938.0000,5938.2000,5939.2000,1,1,2,1,1,2,4,1,1,1
SF,IC2103,2020-10-29 09:32:21.100,5936.4000,41753,-2,800030160.000,3,0,3,多平,S,5935.0000,5934.2000,5932.0000,5930.0000,5929.6000,5938.0000,5938.2000,5939.2000,5941.0000,5942.8000,1,2,1,1,1,1,1,1,1,2
SF,IC2103,2020-10-29 09:32:21.600,5936.4000,41753,0,800030160.000,0,-,-,-,-,5935.2000,5935.0000,5934.2000,5932.0000,5930.0000,5939.2000,5941.0000,5942.8000,5944.0000,5945.0000,2,1,2,1,1,1,1,2,2,1
SF,IC2103,2020-10-29 09:32:22.100,5936.4000,41751,-2,802404720.000,2,0,2,双平,S,5935.2000,5935.0000,5934.2000,5932.0000,5930.0000,5939.0000,5939.2000,5941.0000,5942.8000,5944.0000,2,1,2,1,1,1,1,1,2,2
SF,IC2103,2020-10-29 09:32:22.600,5936.4000,41751,0,802404720.000,0,-,-,-,-,5935.2000,5935.0000,5934.2000,5932.0000,5930.0000,5941.0000,5942.8000,5944.0000,5945.0000,5945.8000,2,1,2,1,1,1,2,2,1,4
SF,IC2103,2020-10-29 09:32:23.100,5936.4000,41751,0,802404720.000,0,-,-,-,-,5935.4000,5935.2000,5935.0000,5934.2000,5932.0000,5940.8000,5941.0000,5942.8000,5944.0000,5945.0000,1,3,1,2,1,1,1,2,2,1
SF,IC2103,2020-10-29 09:32:23.600,5936.4000,41751,0,802404720.000,0,-,-,-,-,5935.6000,5935.4000,5935.2000,5935.0000,5934.2000,5940.8000,5941.0000,5942.8000,5944.0000,5945.0000,2,1,1,1,2,1,1,2,2,1
SF,IC2103,2020-10-29 09:32:24.100,5936.4000,41751,0,802404720.000,0,-,-,-,-,5938.0000,5935.6000,5935.4000,5935.2000,5935.0000,5940.8000,5941.0000,5942.8000,5944.0000,5945.0000,1,2,1,1,1,1,1,2,2,1
SF,IC2103,2020-10-29 09:32:24.600,5936.4000,41751,0,802404720.000,0,-,-,-,-,5938.2000,5938.0000,5935.6000,5935.4000,5935.2000,5939.2000,5940.6000,5940.8000,5941.0000,5942.8000,1,1,1,1,1,4,3,1,1,2
SF,IC2103,2020-10-29 09:32:25.100,5936.4000,41751,0,802404720.000,0,-,-,-,-,5938.0000,5935.6000,5935.4000,5935.2000,5935.0000,5940.8000,5942.8000,5944.0000,5945.0000,5945.8000,1,1,1,1,1,1,2,2,1,4
SF,IC2103,2020-10-29 09:32:25.600,5936.4000,41751,0,802404720.000,0,-,-,-,-,5938.2000,5938.0000,5935.4000,5935.2000,5935.0000,5939.0000,5940.8000,5942.8000,5944.0000,5945.0000,2,1,1,1,1,1,1,2,2,1
SF,IC2103,2020-10-29 09:32:26.100,5939.0000,41751,0,803592520.000,1,0,1,多换,S,5939.0000,5938.2000,5938.0000,5935.6000,5935.4000,5940.8000,5942.8000,5944.0000,5945.0000,5945.8000,1,1,1,1,1,1,2,2,1,4
SF,IC2103,2020-10-29 09:32:26.600,5940.8000,41750,-1,804780680.000,1,0,1,双平,S,5939.0000,5938.2000,5938.0000,5935.6000,5935.4000,5942.8000,5944.0000,5945.0000,5945.8000,5948.2000,1,1,1,1,1,2,2,1,4,1
SF,IC2103,2020-10-29 09:32:27.100,5940.8000,41750,0,804780680.000,0,-,-,-,-,5939.2000,5939.0000,5938.0000,5935.6000,5935.4000,5942.4000,5942.6000,5942.8000,5944.0000,5945.0000,2,1,1,1,1,1,1,2,2,1
SF,IC2103,2020-10-29 09:32:27.600,5940.8000,41750,0,804780680.000,0,-,-,-,-,5939.2000,5939.0000,5938.0000,5935.6000,5935.4000,5942.4000,5942.8000,5944.0000,5945.0000,5945.8000,2,1,1,1,1,1,2,2,1,4
SF,IC2103,2020-10-29 09:32:28.100,5939.2000,41749,-1,807157000.000,2,0,2,多平,S,5939.2000,5939.0000,5938.0000,5935.6000,5935.4000,5942.8000,5944.0000,5945.0000,5945.8000,5948.2000,1,1,1,1,1,2,2,1,4,1
SF,IC2103,2020-10-29 09:32:28.600,5942.8000,41747,-2,809534120.000,2,0,2,双平,S,5940.0000,5939.6000,5939.4000,5939.2000,5939.0000,5944.0000,5945.0000,5945.8000,5948.2000,5949.0000,2,1,1,2,1,2,1,4,1,1
SF,IC2103,2020-10-29 09:32:29.100,5942.8000,41747,0,809534120.000,0,-,-,-,-,5940.8000,5940.2000,5940.0000,5939.6000,5939.0000,5944.0000,5945.0000,5945.8000,5948.2000,5949.0000,1,2,4,1,1,2,1,4,1,1
SF,IC2103,2020-10-29 09:32:29.600,5942.8000,41747,0,809534120.000,0,-,-,-,-,5941.0000,5940.0000,5939.0000,5938.0000,5935.6000,5944.0000,5945.0000,5945.8000,5948.2000,5949.0000,2,3,1,1,1,2,1,4,1,1
SF,IC2103,2020-10-29 09:32:30.100,5942.8000,41747,0,809534120.000,0,-,-,-,-,5941.0000,5940.0000,5939.0000,5938.0000,5935.4000,5943.2000,5943.8000,5944.0000,5945.0000,5945.8000,2,3,1,1,1,4,2,2,1,4
SF,IC2103,2020-10-29 09:32:30.600,5943.2000,41746,-1,810722760.000,1,0,1,双平,S,5941.0000,5940.0000,5939.0000,5938.0000,5935.4000,5943.8000,5944.0000,5945.0000,5945.8000,5948.2000,2,3,1,1,1,1,2,1,4,1
SF,IC2103,2020-10-29 09:32:31.100,5943.2000,41746,0,810722760.000,0,-,-,-,-,5941.0000,5940.0000,5938.0000,5935.4000,5935.0000,5943.4000,5943.8000,5944.0000,5945.0000,5945.8000,2,3,1,1,1,4,1,2,1,4
SF,IC2103,2020-10-29 09:32:31.600,5943.2000,41746,0,810722760.000,0,-,-,-,-,5941.0000,5940.0000,5938.0000,5935.4000,5935.0000,5943.2000,5944.0000,5945.0000,5945.8000,5948.2000,2,3,1,1,1,1,2,1,4,1
SF,IC2103,2020-10-29 09:32:32.100,5943.2000,41746,0,810722760.000,0,-,-,-,-,5941.0000,5940.0000,5938.0000,5935.4000,5935.0000,5942.8000,5943.2000,5944.0000,5945.0000,5945.8000,2,3,1,1,1,4,2,2,1,4
SF,IC2103,2020-10-29 09:32:32.600,5943.2000,41746,0,810722760.000,0,-,-,-,-,5938.0000,5936.2000,5935.4000,5935.0000,5934.2000,5942.6000,5944.0000,5945.0000,5945.8000,5948.2000,1,1,1,1,2,2,2,1,4,1
SF,IC2103,2020-10-29 09:32:33.100,5943.2000,41746,0,810722760.000,0,-,-,-,-,5939.2000,5938.8000,5938.2000,5938.0000,5936.2000,5941.8000,5942.4000,5942.6000,5944.0000,5945.0000,1,1,3,1,1,4,1,1,2,1
SF,IC2103,2020-10-29 09:32:33.600,5941.8000,41746,0,811911120.000,1,0,1,多换,S,5940.0000,5939.4000,5939.2000,5938.8000,5938.2000,5944.0000,5945.0000,5945.8000,5948.2000,5949.0000,1,2,1,1,2,2,1,4,1,1
SF,IC2103,2020-10-29 09:32:34.100,5940.2000,41747,1,813099160.000,1,1,0,双开,S,5940.2000,5940.0000,5939.2000,5938.8000,5938.2000,5942.0000,5943.8000,5944.0000,5945.0000,5945.8000,1,3,1,1,1,1,2,2,1,4
SF,IC2103,2020-10-29 09:32:34.600,5942.0000,41746,-1,814287560.000,1,0,1,双平,S,5941.0000,5940.8000,5940.0000,5938.8000,5938.0000,5943.8000,5944.0000,5945.0000,5945.8000,5948.2000,1,1,3,1,1,1,2,1,4,1
SF,IC2103,2020-10-29 09:32:35.100,5941.2000,41745,-1,816664560.000,2,0,2,多平,S,5941.2000,5940.8000,5940.0000,5938.8000,5938.0000,5942.0000,5944.0000,5945.0000,5945.8000,5948.2000,2,1,3,1,1,2,2,2,4,1
SF,IC2103,2020-10-29 09:32:35.600,5942.0000,41743,-2,819041360.000,2,0,2,双平,S,5942.4000,5942.0000,5941.8000,5941.6000,5940.0000,5944.0000,5945.0000,5945.8000,5948.2000,5949.0000,4,2,1,1,1,2,3,4,1,1
SF,IC2103,2020-10-29 09:32:36.100,5944.0000,41741,-2,821418960.000,2,0,2,双平,S,5942.6000,5942.4000,5942.0000,5941.8000,5941.6000,5945.0000,5945.8000,5948.2000,5949.0000,5950.0000,5,5,2,1,1,3,4,1,1,5
SF,IC2103,2020-10-29 09:32:36.600,5944.0000,41741,0,821418960.000,0,-,-,-,-,5942.6000,5942.4000,5942.0000,5941.8000,5941.6000,5945.0000,5945.8000,5948.2000,5949.0000,5950.0000,1,5,2,1,1,3,4,1,1,5
SF,IC2103,2020-10-29 09:32:37.100,5944.0000,41741,0,821418960.000,0,-,-,-,-,5942.6000,5942.4000,5942.0000,5941.8000,5941.6000,5944.8000,5945.0000,5945.8000,5948.2000,5949.0000,1,5,3,1,2,1,2,4,1,1
SF,IC2103,2020-10-29 09:32:37.600,5945.0000,41739,-2,823796960.000,2,0,2,双平,S,5942.6000,5942.4000,5942.0000,5941.8000,5941.6000,5945.8000,5948.2000,5949.0000,5950.0000,5950.8000,1,5,3,1,2,4,1,1,5,5
SF,IC2103,2020-10-29 09:32:38.100,5945.0000,41739,0,823796960.000,0,-,-,-,-,5943.6000,5942.8000,5942.6000,5942.4000,5942.0000,5945.8000,5948.2000,5949.0000,5950.0000,5950.8000,1,1,1,5,3,4,1,1,5,5
SF,IC2103,2020-10-29 09:32:38.600,5945.0000,41739,0,823796960.000,0,-,-,-,-,5944.0000,5943.8000,5943.6000,5942.8000,5942.4000,5945.8000,5948.2000,5949.0000,5950.0000,5950.8000,1,1,2,1,4,4,1,1,5,5
SF,IC2103,2020-10-29 09:32:39.100,5945.0000,41739,0,823796960.000,0,-,-,-,-,5944.2000,5944.0000,5943.6000,5942.8000,5942.4000,5945.8000,5948.2000,5949.0000,5950.0000,5950.8000,1,1,1,1,4,4,1,1,5,5
SF,IC2103,2020-10-29 09:32:39.600,5944.2000,41739,0,824985800.000,1,0,1,多换,S,5944.0000,5943.6000,5942.8000,5942.4000,5942.0000,5945.8000,5948.2000,5949.0000,5950.0000,5950.8000,1,1,1,4,3,4,1,1,5,5
SF,IC2103,2020-10-29 09:32:40.100,5944.2000,41739,0,824985800.000,0,-,-,-,-,5944.0000,5943.6000,5942.8000,5942.4000,5942.0000,5945.6000,5945.8000,5948.2000,5949.0000,5950.0000,2,1,1,4,3,1,4,1,1,5
SF,IC2103,2020-10-29 09:32:40.600,5944.2000,41739,0,824985800.000,0,-,-,-,-,5944.0000,5943.6000,5942.8000,5942.4000,5942.0000,5945.6000,5945.8000,5948.2000,5949.0000,5950.0000,1,1,1,4,3,2,4,1,1,5
SF,IC2103,2020-10-29 09:32:41.100,5944.0000,41738,-1,826174600.000,1,0,1,双平,S,5942.8000,5942.4000,5942.0000,5941.6000,5939.0000,5945.0000,5945.6000,5945.8000,5948.2000,5949.0000,1,4,2,2,2,1,1,4,1,1
SF,IC2103,2020-10-29 09:32:41.600,5944.0000,41738,0,826174600.000,0,-,-,-,-,5943.8000,5943.6000,5943.0000,5942.8000,5942.4000,5944.0000,5945.0000,5945.6000,5945.8000,5948.2000,1,1,1,1,4,1,1,1,4,1
SF,IC2103,2020-10-29 09:32:42.100,5944.0000,41738,0,827363400.000,1,0,1,多换,S,5944.0000,5943.8000,5943.6000,5942.4000,5942.0000,5945.0000,5945.8000,5948.2000,5949.0000,5950.0000,1,2,1,4,2,1,4,1,1,5
SF,IC2103,2020-10-29 09:32:42.600,5945.0000,41738,0,828552400.000,1,0,1,多换,S,5944.2000,5944.0000,5943.6000,5942.4000,5942.0000,5945.8000,5948.2000,5949.0000,5950.0000,5950.8000,1,1,1,2,2,4,1,1,5,5
SF,IC2103,2020-10-29 09:32:43.100,5945.0000,41738,0,828552400.000,0,-,-,-,-,5944.2000,5944.0000,5943.6000,5942.4000,5942.0000,5945.8000,5948.2000,5949.0000,5950.0000,5950.8000,2,1,1,2,2,4,1,1,5,5
SF,IC2103,2020-10-29 09:32:43.600,5944.4000,41734,-4,834497920.000,5,0,5,多平,S,5944.2000,5944.0000,5943.6000,5942.4000,5942.0000,5948.2000,5949.0000,5950.0000,5950.8000,5955.0000,2,1,1,2,2,1,1,5,5,3
SF,IC2103,2020-10-29 09:32:44.100,5944.4000,41734,0,834497920.000,0,-,-,-,-,5947.8000,5947.6000,5946.2000,5945.6000,5945.4000,5948.0000,5948.2000,5949.0000,5950.0000,5950.8000,1,1,1,1,2,1,1,1,5,5
SF,IC2103,2020-10-29 09:32:44.600,5947.8000,41731,-3,841635280.000,6,1,5,多平,S,5946.0000,5945.2000,5944.8000,5944.6000,5944.4000,5948.2000,5949.0000,5950.0000,5955.0000,5956.6000,1,1,2,1,3,1,1,5,3,5
SF,IC2103,2020-10-29 09:32:45.100,5947.8000,41731,0,841635280.000,0,-,-,-,-,5946.0000,5945.8000,5945.2000,5944.8000,5944.6000,5948.0000,5948.2000,5949.0000,5950.0000,5955.0000,1,1,1,2,1,1,1,1,5,3
SF,IC2103,2020-10-29 09:32:45.600,5948.0000,41731,0,842824880.000,1,0,1,多换,S,5946.0000,5945.8000,5945.2000,5944.8000,5944.6000,5948.2000,5949.0000,5950.0000,5955.0000,5956.6000,1,1,1,1,1,1,1,5,3,5
SF,IC2103,2020-10-29 09:32:46.100,5948.0000,41731,0,842824880.000,0,-,-,-,-,5946.2000,5945.8000,5945.2000,5944.8000,5944.6000,5947.8000,5948.2000,5949.0000,5950.0000,5955.0000,1,1,1,1,1,1,1,1,5,3
SF,IC2103,2020-10-29 09:32:46.600,5948.0000,41731,0,842824880.000,0,-,-,-,-,5946.2000,5945.8000,5945.2000,5944.8000,5944.4000,5947.8000,5948.2000,5949.0000,5950.0000,5955.0000,1,1,1,1,2,1,1,1,5,3
SF,IC2103,2020-10-29 09:32:47.100,5948.0000,41731,0,842824880.000,0,-,-,-,-,5946.4000,5946.2000,5945.8000,5945.2000,5944.8000,5947.8000,5948.2000,5949.0000,5950.0000,5955.0000,1,1,1,1,1,1,1,1,5,3
SF,IC2103,2020-10-29 09:32:47.600,5948.2000,41732,1,845204080.000,2,1,1,空开,S,5947.8000,5946.6000,5945.8000,5945.2000,5944.8000,5949.0000,5950.0000,5955.0000,5956.6000,5957.2000,2,1,1,1,1,1,5,3,5,1
SF,IC2103,2020-10-29 09:32:48.100,5949.0000,41732,0,847583680.000,2,1,1,多换,S,5948.0000,5947.8000,5945.8000,5945.2000,5944.4000,5950.0000,5955.0000,5956.6000,5957.2000,5958.0000,2,2,1,1,1,5,3,5,1,2
SF,IC2103,2020-10-29 09:32:48.600,5950.0000,41731,-1,848773680.000,1,0,1,双平,S,5948.0000,5947.8000,5945.8000,5945.2000,5944.4000,5950.0000,5955.0000,5956.6000,5957.2000,5958.0000,1,2,1,1,1,4,3,5,1,2
SF,IC2103,2020-10-29 09:32:49.100,5950.0000,41731,0,848773680.000,0,-,-,-,-,5948.8000,5948.2000,5948.0000,5947.8000,5945.8000,5950.0000,5955.0000,5956.6000,5957.2000,5958.0000,1,1,1,2,1,4,3,5,1,2
SF,IC2103,2020-10-29 09:32:49.600,5948.8000,41729,-2,851153240.000,2,0,2,双平,S,5948.0000,5947.8000,5945.8000,5945.2000,5944.4000,5949.8000,5950.0000,5955.0000,5956.6000,5957.2000,2,2,1,1,1,1,4,3,5,1
SF,IC2103,2020-10-29 09:32:50.100,5949.6000,41728,-1,859480680.000,7,3,4,多平,S,5945.8000,5945.2000,5944.4000,5942.0000,5939.0000,5949.8000,5950.0000,5955.0000,5956.6000,5957.2000,1,1,1,1,2,1,4,3,5,1
SF,IC2103,2020-10-29 09:32:50.600,5946.0000,41728,0,860669880.000,1,0,1,多换,S,5946.0000,5945.8000,5945.2000,5942.0000,5939.0000,5949.6000,5949.8000,5950.0000,5955.0000,5956.6000,2,1,1,1,2,1,1,4,3,5
SF,IC2103,2020-10-29 09:32:51.100,5946.0000,41728,0,860669880.000,0,-,-,-,-,5946.0000,5945.8000,5945.2000,5942.0000,5939.0000,5949.0000,5949.4000,5949.6000,5950.0000,5955.0000,2,1,1,1,2,4,1,1,4,3
SF,IC2103,2020-10-29 09:32:51.600,5946.0000,41727,-1,861859080.000,1,0,1,双平,S,5946.0000,5945.8000,5945.2000,5942.0000,5939.0000,5948.8000,5949.6000,5950.0000,5955.0000,5956.6000,1,1,1,1,2,2,2,4,3,5
SF,IC2103,2020-10-29 09:32:52.100,5946.0000,41727,0,861859080.000,0,-,-,-,-,5946.0000,5945.8000,5945.2000,5942.0000,5939.0000,5948.6000,5948.8000,5949.6000,5950.0000,5955.0000,1,1,1,1,2,4,2,3,5,3
SF,IC2103,2020-10-29 09:32:52.600,5946.0000,41727,0,861859080.000,0,-,-,-,-,5946.2000,5946.0000,5945.8000,5945.2000,5942.0000,5948.8000,5949.6000,5950.0000,5955.0000,5956.6000,1,1,1,1,1,1,3,5,3,5
SF,IC2103,2020-10-29 09:32:53.100,5946.0000,41727,0,861859080.000,0,-,-,-,-,5946.8000,5946.4000,5946.2000,5945.8000,5945.2000,5949.6000,5950.0000,5955.0000,5956.6000,5957.2000,2,1,1,1,1,3,5,3,5,1
SF,IC2103,2020-10-29 09:32:53.600,5946.0000,41727,0,861859080.000,0,-,-,-,-,5947.0000,5946.8000,5945.8000,5945.2000,5942.0000,5949.4000,5949.6000,5950.0000,5955.0000,5956.6000,2,2,1,1,1,1,3,5,3,5
SF,IC2103,2020-10-29 09:32:54.100,5947.0000,41726,-1,864237880.000,2,0,2,多平,S,5946.8000,5945.8000,5945.2000,5942.0000,5939.0000,5949.4000,5949.6000,5950.0000,5955.0000,5956.6000,2,1,1,1,2,5,3,5,3,5
SF,IC2103,2020-10-29 09:32:54.600,5947.0000,41726,0,864237880.000,0,-,-,-,-,5946.8000,5945.8000,5945.2000,5942.0000,5939.0000,5949.2000,5949.4000,5949.6000,5950.0000,5955.0000,2,1,1,1,2,1,5,3,5,3
SF,IC2103,2020-10-29 09:32:55.100,5947.0000,41726,0,864237880.000,0,-,-,-,-,5946.8000,5945.2000,5942.0000,5939.0000,5938.4000,5949.0000,5949.2000,5949.6000,5950.0000,5955.0000,2,1,1,2,2,1,1,3,5,3
SF,IC2103,2020-10-29 09:32:55.600,5947.0000,41726,0,864237880.000,0,-,-,-,-,5946.8000,5945.2000,5942.0000,5939.0000,5938.4000,5949.0000,5949.2000,5949.6000,5950.0000,5955.0000,2,1,1,2,2,1,1,3,5,3
SF,IC2103,2020-10-29 09:32:56.100,5947.0000,41726,0,864237880.000,0,-,-,-,-,5947.0000,5946.8000,5945.2000,5942.0000,5939.0000,5949.0000,5949.2000,5949.6000,5950.0000,5955.0000,1,2,1,1,2,1,1,3,5,3
SF,IC2103,2020-10-29 09:32:57.100,5949.0000,41725,-1,865427680.000,1,0,1,双平,S,5947.0000,5946.8000,5945.2000,5942.0000,5939.0000,5949.2000,5949.6000,5950.0000,5955.0000,5956.6000,1,2,1,1,2,1,3,5,3,5
SF,IC2103,2020-10-29 09:32:57.600,5949.2000,41725,0,866617520.000,1,0,1,多换,S,5947.2000,5947.0000,5946.8000,5945.2000,5942.0000,5949.6000,5950.0000,5955.0000,5956.6000,5957.2000,3,1,2,1,1,3,5,3,5,1
SF,IC2103,2020-10-29 09:32:58.100,5950.0000,41720,-5,872567280.000,5,0,5,双平,S,5947.4000,5947.2000,5946.8000,5945.2000,5942.0000,5950.0000,5955.0000,5956.6000,5957.2000,5958.0000,1,5,2,1,1,3,3,5,1,2
SF,IC2103,2020-10-29 09:32:58.600,5950.0000,41719,-1,873757280.000,1,0,1,双平,S,5947.6000,5947.4000,5947.2000,5946.8000,5945.2000,5950.0000,5955.0000,5956.6000,5957.2000,5958.0000,1,1,5,2,1,2,3,5,1,2
SF,IC2103,2020-10-29 09:32:59.100,5950.0000,41718,-1,876137280.000,2,0,2,多平,S,5947.8000,5947.6000,5947.2000,5946.8000,5945.2000,5955.0000,5956.6000,5957.2000,5958.0000,5963.6000,1,1,5,2,1,3,5,1,2,1
SF,IC2103,2020-10-29 09:32:59.600,5950.0000,41718,0,876137280.000,0,-,-,-,-,5948.4000,5948.0000,5947.8000,5947.2000,5946.8000,5952.6000,5953.4000,5953.6000,5954.6000,5954.8000,1,1,1,5,2,1,2,1,1,1
SF,IC2103,2020-10-29 09:33:00.100,5950.0000,41718,0,876137280.000,0,-,-,-,-,5948.6000,5947.2000,5946.8000,5945.2000,5942.0000,5952.2000,5952.4000,5952.6000,5953.6000,5954.6000,2,5,2,1,1,1,1,1,1,1
SF,IC2103,2020-10-29 09:33:00.600,5950.0000,41718,0,876137280.000,0,-,-,-,-,5949.0000,5948.6000,5947.2000,5946.8000,5945.2000,5950.0000,5952.0000,5952.2000,5953.6000,5954.6000,1,2,4,2,1,1,1,1,1,1
SF,IC2103,2020-10-29 09:33:01.100,5950.0000,41718,0,877327280.000,1,0,1,多换,S,5948.6000,5947.2000,5946.8000,5945.2000,5942.0000,5952.0000,5952.2000,5953.6000,5954.6000,5955.0000,1,4,2,1,1,1,1,1,1,3
SF,IC2103,2020-10-29 09:33:01.600,5948.6000,41717,-1,879706760.000,2,0,2,多平,S,5947.2000,5946.8000,5945.2000,5942.0000,5939.0000,5951.8000,5952.0000,5952.2000,5954.6000,5954.8000,3,2,1,1,2,1,2,1,1,1
SF,IC2103,2020-10-29 09:33:02.100,5948.6000,41717,0,879706760.000,0,-,-,-,-,5947.4000,5946.8000,5945.2000,5942.0000,5939.0000,5950.0000,5950.8000,5951.2000,5951.6000,5951.8000,1,2,1,1,2,2,1,1,1,1
SF,IC2103,2020-10-29 09:33:02.600,5949.8000,41718,1,882086680.000,2,1,1,空开,S,5945.2000,5942.0000,5939.0000,5938.4000,5937.8000,5949.8000,5950.0000,5950.8000,5952.2000,5954.6000,1,1,2,2,2,2,2,1,1,1
SF,IC2103,2020-10-29 09:33:03.100,5949.8000,41716,-2,884466600.000,2,0,2,双平,S,5945.4000,5945.2000,5942.0000,5939.0000,5938.4000,5949.6000,5949.8000,5950.0000,5950.8000,5952.2000,1,1,1,2,2,1,2,2,1,1
SF,IC2103,2020-10-29 09:33:03.600,5949.8000,41716,0,884466600.000,0,-,-,-,-,5945.4000,5945.2000,5942.0000,5939.0000,5938.4000,5949.4000,5949.6000,5950.0000,5950.8000,5952.2000,2,1,1,2,2,7,1,2,1,1
SF,IC2103,2020-10-29 09:33:04.100,5949.8000,41716,0,884466600.000,0,-,-,-,-,5945.4000,5945.2000,5942.0000,5939.0000,5938.4000,5949.0000,5949.4000,5950.0000,5952.2000,5954.6000,1,1,1,2,2,1,3,2,1,1
SF,IC2103,2020-10-29 09:33:04.600,5945.2000,41716,0,885655640.000,1,0,1,多换,S,5942.0000,5939.0000,5938.4000,5937.8000,5937.2000,5945.2000,5948.6000,5948.8000,5949.0000,5949.2000,1,2,2,2,2,2,2,3,1,1
SF,IC2103,2020-10-29 09:33:05.100,5945.2000,41717,1,889222760.000,3,2,1,空开,S,5943.6000,5942.6000,5942.4000,5942.2000,5942.0000,5945.4000,5948.8000,5949.0000,5949.2000,5949.4000,2,2,3,3,1,2,2,1,1,1
SF,IC2103,2020-10-29 09:33:05.600,5945.4000,41716,-1,891600920.000,2,0,2,多平,S,5943.6000,5942.6000,5942.4000,5942.2000,5942.0000,5948.8000,5949.0000,5949.2000,5949.4000,5950.0000,2,2,2,2,1,2,1,1,1,2
SF,IC2103,2020-10-29 09:33:06.100,5945.4000,41716,0,891600920.000,0,-,-,-,-,5944.8000,5944.4000,5943.8000,5943.6000,5942.4000,5948.6000,5948.8000,5949.0000,5949.2000,5949.4000,1,1,2,2,1,1,1,1,1,1
SF,IC2103,2020-10-29 09:33:06.600,5945.4000,41716,0,891600920.000,0,-,-,-,-,5945.4000,5945.0000,5944.8000,5944.4000,5943.8000,5948.4000,5949.2000,5949.4000,5950.0000,5952.2000,2,2,2,1,1,1,1,1,2,1
SF,IC2103,2020-10-29 09:33:07.100,5945.4000,41716,0,891600920.000,0,-,-,-,-,5945.6000,5945.4000,5944.8000,5944.4000,5943.8000,5949.2000,5950.0000,5952.2000,5954.6000,5954.8000,2,2,2,1,1,1,2,1,1,1
SF,IC2103,2020-10-29 09:33:07.600,5945.4000,41716,0,891600920.000,0,-,-,-,-,5947.2000,5945.6000,5945.4000,5944.8000,5944.4000,5949.2000,5950.0000,5952.2000,5954.6000,5954.8000,1,2,2,1,1,1,2,1,1,1
SF,IC2103,2020-10-29 09:33:08.100,5945.4000,41716,0,891600920.000,0,-,-,-,-,5947.4000,5947.2000,5945.6000,5945.4000,5943.8000,5949.2000,5950.0000,5952.2000,5954.6000,5954.8000,1,4,1,1,1,1,2,1,1,1
SF,IC2103,2020-10-29 09:33:08.600,5947.2000,41713,-3,896358680.000,4,0,4,多平,S,5945.6000,5945.4000,5943.8000,5943.4000,5942.0000,5949.0000,5949.2000,5950.0000,5952.2000,5954.6000,1,1,1,1,1,2,1,2,1,1
SF,IC2103,2020-10-29 09:33:09.100,5948.8000,41713,0,897548440.000,1,0,1,多换,S,5945.6000,5945.4000,5943.8000,5943.4000,5942.0000,5947.4000,5949.0000,5949.2000,5950.0000,5952.2000,1,1,1,1,1,1,5,1,2,1
SF,IC2103,2020-10-29 09:33:09.600,5947.4000,41712,-1,899927400.000,2,0,2,多平,S,5943.8000,5943.4000,5942.0000,5939.2000,5939.0000,5945.6000,5947.2000,5947.4000,5949.0000,5949.2000,1,1,1,1,2,1,1,1,4,1
SF,IC2103,2020-10-29 09:33:10.100,5945.8000,41709,-3,903494880.000,3,0,3,双平,S,5944.8000,5944.4000,5944.0000,5943.8000,5943.4000,5947.2000,5947.4000,5949.0000,5949.2000,5950.0000,1,1,1,1,1,1,1,4,1,2
SF,IC2103,2020-10-29 09:33:10.600,5945.8000,41709,0,903494880.000,0,-,-,-,-,5945.0000,5944.8000,5944.4000,5943.8000,5943.4000,5947.2000,5947.4000,5949.0000,5949.2000,5950.0000,1,1,1,1,1,1,1,4,1,2
SF,IC2103,2020-10-29 09:33:11.100,5945.8000,41709,0,903494880.000,0,-,-,-,-,5945.4000,5945.0000,5944.8000,5944.4000,5943.8000,5947.4000,5949.0000,5950.0000,5952.2000,5954.6000,1,1,1,1,1,1,4,2,1,1
SF,IC2103,2020-10-29 09:33:11.600,5947.4000,41709,0,905873760.000,2,1,1,多换,S,5947.4000,5945.6000,5945.4000,5944.8000,5944.4000,5949.0000,5950.0000,5952.2000,5954.6000,5954.8000,3,1,3,1,1,4,2,1,1,1
SF,IC2103,2020-10-29 09:33:12.100,5947.4000,41709,0,908252720.000,2,1,1,多换,S,5947.4000,5945.6000,5945.4000,5944.8000,5944.4000,5948.8000,5949.0000,5950.0000,5952.2000,5954.6000,1,1,1,1,1,1,4,2,1,1
SF,IC2103,2020-10-29 09:33:13.100,5947.4000,41709,0,909442200.000,1,0,1,多换,S,5945.6000,5945.4000,5944.8000,5944.4000,5943.8000,5948.8000,5949.0000,5950.0000,5952.2000,5954.6000,1,1,1,1,1,1,4,2,1,1
SF,IC2103,2020-10-29 09:33:13.600,5947.4000,41709,0,909442200.000,0,-,-,-,-,5945.8000,5945.6000,5945.4000,5944.8000,5944.4000,5948.8000,5949.0000,5950.0000,5952.2000,5954.6000,1,1,1,1,1,1,4,2,1,1
SF,IC2103,2020-10-29 09:33:14.100,5947.4000,41709,0,909442200.000,0,-,-,-,-,5946.0000,5945.8000,5945.4000,5944.8000,5944.4000,5948.8000,5949.0000,5950.0000,5952.2000,5954.6000,1,1,1,1,1,1,4,2,1,1
SF,IC2103,2020-10-29 09:33:14.600,5947.4000,41709,0,909442200.000,0,-,-,-,-,5946.2000,5946.0000,5945.4000,5944.8000,5944.4000,5948.8000,5949.0000,5950.0000,5952.2000,5954.6000,1,1,1,1,1,1,4,2,1,1
SF,IC2103,2020-10-29 09:33:15.100,5947.4000,41709,0,909442200.000,0,-,-,-,-,5946.2000,5946.0000,5945.0000,5944.8000,5944.4000,5948.8000,5949.0000,5950.0000,5952.2000,5954.6000,1,1,1,1,1,1,4,2,1,1
SF,IC2103,2020-10-29 09:33:15.600,5946.0000,41708,-1,911820640.000,2,0,2,多平,S,5945.0000,5944.4000,5942.0000,5939.2000,5939.0000,5948.6000,5949.0000,5950.0000,5952.2000,5954.6000,1,1,1,1,2,1,4,2,1,1
SF,IC2103,2020-10-29 09:33:16.100,5945.0000,41708,0,913009640.000,1,0,1,多换,S,5942.0000,5939.2000,5939.0000,5938.4000,5937.8000,5948.2000,5948.4000,5948.6000,5949.0000,5950.0000,1,1,2,2,2,6,1,1,4,2
SF,IC2103,2020-10-29 09:33:16.600,5945.0000,41708,0,913009640.000,0,-,-,-,-,5942.4000,5942.2000,5942.0000,5939.2000,5939.0000,5948.0000,5948.2000,5949.0000,5950.0000,5952.2000,1,2,1,1,2,2,1,4,2,1
SF,IC2103,2020-10-29 09:33:17.100,5945.0000,41708,0,913009640.000,0,-,-,-,-,5946.8000,5944.4000,5943.6000,5943.2000,5942.6000,5947.2000,5948.0000,5949.0000,5950.0000,5952.2000,2,1,1,2,1,1,2,4,2,1
SF,IC2103,2020-10-29 09:33:17.600,5946.8000,41708,0,915388360.000,2,1,1,多换,S,5944.4000,5943.6000,5942.6000,5942.0000,5939.2000,5947.2000,5948.0000,5949.0000,5950.0000,5952.2000,1,1,1,1,1,1,1,4,2,1
SF,IC2103,2020-10-29 09:33:18.100,5946.8000,41708,0,915388360.000,0,-,-,-,-,5944.6000,5943.6000,5942.0000,5939.2000,5939.0000,5947.0000,5949.0000,5950.0000,5952.2000,5954.6000,2,1,1,1,2,1,4,2,1,1
SF,IC2103,2020-10-29 09:33:19.100,5946.8000,41708,0,915388360.000,0,-,-,-,-,5944.6000,5943.6000,5942.0000,5939.2000,5939.0000,5947.0000,5949.0000,5950.0000,5952.2000,5954.6000,3,1,1,1,2,1,4,2,1,1
SF,IC2103,2020-10-29 09:33:20.100,5944.6000,41706,-2,918955120.000,3,0,3,多平,S,5942.0000,5939.2000,5939.0000,5938.4000,5937.8000,5944.6000,5947.0000,5949.0000,5950.0000,5952.2000,1,1,2,2,2,1,1,4,2,1
SF,IC2103,2020-10-29 09:33:20.600,5944.6000,41706,0,918955120.000,0,-,-,-,-,5942.4000,5942.2000,5942.0000,5939.2000,5939.0000,5944.4000,5944.6000,5947.0000,5949.0000,5950.0000,3,2,1,1,2,1,1,1,4,2
SF,IC2103,2020-10-29 09:33:21.100,5942.4000,41704,-2,921332080.000,2,0,2,双平,S,5942.2000,5942.0000,5939.2000,5939.0000,5938.4000,5944.2000,5944.6000,5949.0000,5950.0000,5952.2000,1,1,1,2,2,1,1,4,2,1
SF,IC2103,2020-10-29 09:33:21.600,5942.4000,41704,0,921332080.000,0,-,-,-,-,5942.0000,5939.2000,5939.0000,5938.4000,5937.8000,5944.2000,5944.6000,5949.0000,5950.0000,5950.8000,1,1,2,2,2,1,1,4,2,5
SF,IC2103,2020-10-29 09:33:22.100,5944.2000,41703,-1,922520920.000,1,0,1,双平,S,5942.2000,5942.0000,5939.2000,5939.0000,5938.4000,5944.6000,5949.0000,5950.0000,5950.8000,5952.2000,1,1,1,2,2,1,4,2,5,1
SF,IC2103,2020-10-29 09:33:22.600,5944.6000,41702,-1,923709840.000,1,0,1,双平,S,5942.4000,5942.2000,5942.0000,5939.2000,5939.0000,5949.0000,5950.0000,5950.8000,5952.2000,5954.6000,1,1,1,1,2,4,2,5,1,1
SF,IC2103,2020-10-29 09:33:23.100,5944.6000,41702,0,923709840.000,0,-,-,-,-,5942.4000,5942.2000,5942.0000,5939.2000,5939.0000,5948.8000,5949.0000,5950.0000,5952.2000,5954.6000,2,1,1,1,2,2,6,2,1,1
SF,IC2103,2020-10-29 09:33:23.600,5944.6000,41702,0,923709840.000,0,-,-,-,-,5943.6000,5942.6000,5942.4000,5942.2000,5942.0000,5948.8000,5949.0000,5950.0000,5952.2000,5954.6000,1,1,2,1,1,2,6,2,1,1
SF,IC2103,2020-10-29 09:33:24.100,5944.6000,41702,0,923709840.000,0,-,-,-,-,5942.4000,5942.2000,5942.0000,5939.2000,5939.0000,5947.2000,5947.8000,5948.8000,5949.0000,5950.0000,1,1,1,1,2,8,1,2,4,2
SF,IC2103,2020-10-29 09:33:24.600,5944.6000,41702,0,923709840.000,0,-,-,-,-,5942.6000,5942.4000,5942.2000,5942.0000,5939.2000,5947.0000,5947.2000,5949.0000,5950.0000,5952.2000,1,1,1,1,1,2,4,4,2,1
SF,IC2103,2020-10-29 09:33:25.100,5944.6000,41702,0,923709840.000,0,-,-,-,-,5942.6000,5942.4000,5942.0000,5939.2000,5939.0000,5947.0000,5947.2000,5949.0000,5950.0000,5952.2000,1,1,1,1,2,2,4,4,2,1
SF,IC2103,2020-10-29 09:33:25.600,5947.0000,41703,1,926088600.000,2,1,1,空开,S,5942.8000,5942.6000,5942.4000,5942.0000,5939.2000,5947.0000,5947.2000,5949.0000,5950.0000,5952.2000,1,1,1,1,1,1,4,4,2,1
SF,IC2103,2020-10-29 09:33:26.100,5947.0000,41703,0,926088600.000,0,-,-,-,-,5943.0000,5942.8000,5942.4000,5942.0000,5939.2000,5947.0000,5949.0000,5950.0000,5952.2000,5954.6000,1,1,1,1,1,1,4,2,1,1
SF,IC2103,2020-10-29 09:33:26.600,5947.0000,41703,0,926088600.000,0,-,-,-,-,5943.2000,5943.0000,5942.4000,5942.0000,5939.2000,5946.8000,5947.0000,5949.0000,5950.0000,5952.2000,1,1,1,1,1,1,1,3,2,3
SF,IC2103,2020-10-29 09:33:27.100,5947.0000,41703,0,926088600.000,0,-,-,-,-,5943.4000,5943.2000,5942.4000,5942.0000,5939.2000,5946.6000,5946.8000,5949.0000,5949.8000,5950.0000,1,1,1,1,1,1,1,3,1,2
SF,IC2103,2020-10-29 09:33:27.600,5947.0000,41703,0,926088600.000,0,-,-,-,-,5943.6000,5943.4000,5942.8000,5942.4000,5942.0000,5946.6000,5946.8000,5947.0000,5949.0000,5949.8000,1,1,1,1,1,1,1,1,3,2
SF,IC2103,2020-10-29 09:33:28.100,5945.2000,41703,0,927277640.000,1,0,1,多换,S,5943.8000,5943.6000,5942.8000,5942.4000,5942.0000,5946.6000,5946.8000,5947.0000,5949.0000,5949.8000,1,1,1,1,1,1,1,1,3,2
SF,IC2103,2020-10-29 09:33:28.600,5945.2000,41703,0,927277640.000,0,-,-,-,-,5944.0000,5943.8000,5942.8000,5942.4000,5942.0000,5946.6000,5946.8000,5947.0000,5949.0000,5949.8000,1,1,1,1,1,1,1,1,3,2
SF,IC2103,2020-10-29 09:33:29.100,5945.2000,41703,0,927277640.000,0,-,-,-,-,5944.0000,5942.8000,5942.0000,5939.2000,5939.0000,5946.6000,5946.8000,5947.0000,5949.0000,5949.8000,1,1,1,1,2,1,1,1,3,2
SF,IC2103,2020-10-29 09:33:29.600,5944.0000,41703,0,928466440.000,1,0,1,多换,S,5944.0000,5942.8000,5942.0000,5939.2000,5939.0000,5946.4000,5946.6000,5946.8000,5947.0000,5949.0000,1,1,1,1,2,1,1,1,1,3
SF,IC2103,2020-10-29 09:33:30.100,5944.0000,41701,-2,930844040.000,2,0,2,双平,S,5942.8000,5942.0000,5939.2000,5939.0000,5938.4000,5946.4000,5947.0000,5949.0000,5949.8000,5950.0000,1,1,1,2,2,1,1,3,2,2
SF,IC2103,2020-10-29 09:33:30.600,5944.0000,41701,0,930844040.000,0,-,-,-,-,5942.8000,5942.0000,5939.2000,5939.0000,5938.4000,5943.6000,5946.2000,5946.4000,5947.0000,5949.0000,1,1,1,2,2,1,1,1,1,3
SF,IC2103,2020-10-29 09:33:31.100,5942.8000,41700,-1,932032600.000,1,0,1,双平,S,5942.0000,5939.2000,5939.0000,5938.4000,5937.8000,5946.2000,5946.4000,5947.0000,5949.0000,5949.8000,1,1,2,2,2,1,1,1,3,2
SF,IC2103,2020-10-29 09:33:31.600,5942.8000,41700,0,932032600.000,0,-,-,-,-,5942.2000,5942.0000,5939.2000,5939.0000,5938.4000,5946.0000,5946.2000,5946.4000,5947.0000,5949.0000,1,1,1,2,2,5,1,1,1,3
SF,IC2103,2020-10-29 09:33:32.100,5942.8000,41700,0,932032600.000,0,-,-,-,-,5942.2000,5942.0000,5939.2000,5939.0000,5938.4000,5945.8000,5946.0000,5946.4000,5947.0000,5949.0000,2,1,1,2,2,1,1,1,1,3
SF,IC2103,2020-10-29 09:33:32.600,5942.8000,41700,0,932032600.000,0,-,-,-,-,5942.2000,5942.0000,5939.2000,5939.0000,5938.4000,5945.6000,5946.4000,5947.0000,5949.0000,5949.8000,2,1,1,2,2,1,1,1,3,2
SF,IC2103,2020-10-29 09:33:33.100,5942.8000,41700,0,932032600.000,0,-,-,-,-,5943.6000,5942.6000,5942.2000,5942.0000,5939.2000,5945.6000,5946.4000,5947.0000,5949.0000,5949.8000,1,1,2,1,1,1,1,1,3,2
SF,IC2103,2020-10-29 09:33:33.600,5942.8000,41700,0,932032600.000,0,-,-,-,-,5943.8000,5942.2000,5942.0000,5939.2000,5939.0000,5946.4000,5947.0000,5949.0000,5949.8000,5950.0000,1,1,1,1,2,1,1,3,2,2
SF,IC2103,2020-10-29 09:33:34.100,5944.6000,41698,-2,934410440.000,2,0,2,双平,S,5945.6000,5942.2000,5942.0000,5939.2000,5939.0000,5946.2000,5946.4000,5946.6000,5947.0000,5949.0000,2,1,1,1,2,2,1,1,1,3
SF,IC2103,2020-10-29 09:33:34.600,5942.2000,41697,-1,937977120.000,3,1,2,多平,S,5942.0000,5939.2000,5939.0000,5938.4000,5937.8000,5945.6000,5945.8000,5946.4000,5946.6000,5947.0000,1,1,2,2,2,3,1,1,1,1
SF,IC2103,2020-10-29 09:33:35.100,5942.2000,41697,0,937977120.000,0,-,-,-,-,5942.2000,5942.0000,5939.2000,5939.0000,5938.4000,5945.4000,5945.6000,5945.8000,5946.4000,5946.6000,3,1,1,2,2,2,3,1,1,1
SF,IC2103,2020-10-29 09:33:35.600,5942.2000,41697,0,937977120.000,0,-,-,-,-,5944.4000,5943.6000,5942.6000,5942.2000,5942.0000,5945.4000,5945.6000,5945.8000,5946.4000,5946.6000,1,1,1,2,1,2,3,1,1,1
SF,IC2103,2020-10-29 09:33:36.100,5942.2000,41697,0,937977120.000,0,-,-,-,-,5944.4000,5943.6000,5942.2000,5942.0000,5939.2000,5945.4000,5945.6000,5945.8000,5946.4000,5946.6000,1,1,2,1,1,1,3,1,1,1
SF,IC2103,2020-10-29 09:33:36.600,5942.2000,41697,0,937977120.000,0,-,-,-,-,5943.6000,5942.4000,5942.2000,5942.0000,5939.0000,5945.4000,5945.6000,5945.8000,5946.4000,5946.6000,1,1,2,1,2,4,3,1,1,1
SF,IC2103,2020-10-29 09:33:37.100,5945.4000,41695,-2,940355280.000,2,0,2,双平,S,5944.4000,5943.8000,5943.6000,5942.4000,5942.2000,5945.4000,5945.6000,5946.4000,5946.6000,5947.0000,1,1,1,1,3,2,3,1,1,1
SF,IC2103,2020-10-29 09:33:37.600,5945.4000,41693,-2,942733440.000,2,0,2,双平,S,5944.4000,5943.6000,5942.4000,5942.2000,5942.0000,5945.2000,5945.6000,5946.4000,5946.6000,5947.0000,1,1,1,3,1,1,3,1,1,1
SF,IC2103,2020-10-29 09:33:38.100,5945.2000,41692,-1,943922480.000,1,0,1,双平,S,5944.4000,5943.6000,5942.4000,5942.2000,5942.0000,5945.6000,5946.4000,5946.6000,5947.0000,5949.0000,1,1,1,3,1,3,1,1,1,3
SF,IC2103,2020-10-29 09:33:38.600,5944.6000,41688,-4,948678760.000,4,0,4,双平,S,5944.4000,5943.6000,5942.4000,5942.2000,5942.0000,5946.4000,5946.6000,5947.0000,5949.0000,5949.8000,1,1,1,3,1,1,1,1,3,2
SF,IC2103,2020-10-29 09:33:39.100,5944.4000,41687,-1,949867640.000,1,0,1,双平,S,5943.6000,5942.4000,5942.2000,5942.0000,5939.0000,5946.2000,5946.4000,5946.6000,5947.0000,5949.0000,1,1,3,1,2,1,1,2,1,3
SF,IC2103,2020-10-29 09:33:39.600,5944.4000,41687,0,949867640.000,0,-,-,-,-,5943.8000,5943.6000,5942.4000,5942.2000,5942.0000,5946.0000,5946.2000,5946.4000,5946.6000,5947.0000,1,1,1,3,1,1,1,1,2,1
SF,IC2103,2020-10-29 09:33:40.100,5943.6000,41686,-1,952245120.000,2,0,2,多平,S,5942.4000,5942.2000,5942.0000,5939.0000,5938.4000,5945.8000,5946.0000,5946.4000,5946.6000,5947.0000,1,3,1,2,2,1,1,1,2,1
SF,IC2103,2020-10-29 09:33:40.600,5943.6000,41686,0,952245120.000,0,-,-,-,-,5942.6000,5942.4000,5942.2000,5942.0000,5939.0000,5943.6000,5945.6000,5945.8000,5946.4000,5946.6000,1,1,2,1,2,3,1,1,1,2
SF,IC2103,2020-10-29 09:33:41.100,5943.6000,41685,-1,954622560.000,2,0,2,多平,S,5942.4000,5942.2000,5942.0000,5939.0000,5938.4000,5943.6000,5945.6000,5945.8000,5946.4000,5946.6000,1,2,1,2,2,1,1,1,1,2
SF,IC2103,2020-10-29 09:33:41.600,5943.6000,41684,-1,955811280.000,1,0,1,双平,S,5942.2000,5942.0000,5939.0000,5938.4000,5937.8000,5945.6000,5945.8000,5946.4000,5946.6000,5947.0000,2,1,2,2,2,1,1,1,2,1
SF,IC2103,2020-10-29 09:33:42.100,5944.4000,41684,0,957000160.000,1,0,1,多换,S,5942.8000,5942.4000,5942.2000,5942.0000,5939.0000,5945.4000,5945.6000,5946.4000,5946.6000,5947.0000,1,1,2,1,2,1,1,1,2,1
SF,IC2103,2020-10-29 09:33:42.600,5945.4000,41685,1,959378280.000,2,1,1,空开,S,5942.8000,5942.4000,5942.2000,5942.0000,5939.0000,5946.4000,5946.6000,5947.0000,5949.0000,5949.8000,1,1,2,1,2,1,2,1,3,2
SF,IC2103,2020-10-29 09:33:43.100,5945.4000,41685,0,959378280.000,0,-,-,-,-,5943.0000,5942.8000,5942.2000,5942.0000,5939.0000,5946.2000,5946.4000,5946.6000,5947.0000,5949.0000,1,1,2,1,2,2,1,2,1,3
SF,IC2103,2020-10-29 09:33:43.600,5945.4000,41685,0,959378280.000,0,-,-,-,-,5943.0000,5942.8000,5942.2000,5942.0000,5939.0000,5945.8000,5946.2000,5946.4000,5946.6000,5947.0000,1,1,2,1,2,1,2,1,2,1
SF,IC2103,2020-10-29 09:33:44.100,5945.4000,41685,0,959378280.000,0,-,-,-,-,5943.0000,5942.8000,5942.2000,5942.0000,5940.6000,5945.6000,5945.8000,5946.4000,5946.6000,5947.0000,1,1,2,1,1,2,1,1,2,1
SF,IC2103,2020-10-29 09:33:44.600,5943.2000,41685,0,960566920.000,1,0,1,多换,S,5942.2000,5942.0000,5940.6000,5939.0000,5938.4000,5945.6000,5945.8000,5946.4000,5946.6000,5947.0000,2,1,1,2,2,2,1,1,2,1
SF,IC2103,2020-10-29 09:33:45.100,5943.2000,41685,0,960566920.000,0,-,-,-,-,5942.4000,5942.2000,5942.0000,5940.6000,5939.0000,5945.6000,5945.8000,5946.4000,5946.6000,5947.0000,1,2,1,1,2,2,1,1,2,1
SF,IC2103,2020-10-29 09:33:45.600,5943.2000,41685,0,960566920.000,0,-,-,-,-,5942.4000,5942.2000,5942.0000,5940.6000,5939.0000,5945.6000,5945.8000,5946.4000,5946.6000,5947.0000,1,2,1,1,2,2,2,1,2,1
SF,IC2103,2020-10-29 09:33:46.600,5942.4000,41685,0,961755400.000,1,0,1,多换,S,5942.2000,5942.0000,5940.6000,5939.0000,5938.4000,5945.6000,5945.8000,5946.4000,5946.6000,5947.0000,2,1,1,2,2,2,2,1,2,1
SF,IC2103,2020-10-29 09:33:47.100,5942.4000,41685,0,961755400.000,0,-,-,-,-,5942.4000,5942.2000,5942.0000,5940.6000,5939.0000,5945.6000,5945.8000,5947.0000,5949.0000,5949.8000,3,2,1,1,2,2,2,1,3,2
SF,IC2103,2020-10-29 09:33:47.600,5942.4000,41685,0,961755400.000,0,-,-,-,-,5942.4000,5942.2000,5942.0000,5940.6000,5939.0000,5945.6000,5945.8000,5947.0000,5949.0000,5949.8000,2,2,1,1,2,5,2,1,3,2
SF,IC2103,2020-10-29 09:33:48.600,5942.4000,41685,0,962943880.000,1,0,1,多换,S,5942.4000,5942.2000,5942.0000,5940.6000,5939.0000,5945.6000,5945.8000,5947.0000,5949.0000,5949.8000,1,2,1,1,2,5,2,1,3,2
SF,IC2103,2020-10-29 09:33:49.100,5942.4000,41685,0,962943880.000,0,-,-,-,-,5942.6000,5942.4000,5942.2000,5942.0000,5940.6000,5945.6000,5945.8000,5947.0000,5949.0000,5949.8000,1,1,2,1,1,5,2,1,3,2
SF,IC2103,2020-10-29 09:33:50.600,5942.4000,41685,0,962943880.000,0,-,-,-,-,5942.6000,5942.4000,5942.2000,5942.0000,5940.6000,5945.6000,5945.8000,5947.0000,5949.0000,5949.8000,1,2,2,1,1,5,2,1,3,2
SF,IC2103,2020-10-29 09:33:51.100,5942.4000,41685,0,962943880.000,0,-,-,-,-,5942.8000,5942.4000,5942.2000,5942.0000,5940.6000,5945.6000,5945.8000,5947.0000,5949.0000,5949.8000,1,2,2,1,1,4,1,1,3,2
SF,IC2103,2020-10-29 09:33:51.600,5942.4000,41685,0,962943880.000,0,-,-,-,-,5942.8000,5942.4000,5942.2000,5942.0000,5940.6000,5945.6000,5945.8000,5947.0000,5949.0000,5949.8000,1,2,2,1,1,5,1,1,3,2
SF,IC2103,2020-10-29 09:33:52.100,5945.6000,41684,-1,965321520.000,2,0,2,多平,S,5942.8000,5942.4000,5942.2000,5942.0000,5940.6000,5945.6000,5945.8000,5947.0000,5949.0000,5949.8000,1,2,2,1,1,4,1,1,3,2
SF,IC2103,2020-10-29 09:33:52.600,5944.4000,41683,-1,966510400.000,1,0,1,双平,S,5943.0000,5942.8000,5942.4000,5942.2000,5942.0000,5945.4000,5945.6000,5945.8000,5947.0000,5949.0000,1,1,1,2,1,1,1,1,1,3
SF,IC2103,2020-10-29 09:33:53.100,5944.4000,41683,0,966510400.000,0,-,-,-,-,5944.4000,5943.0000,5942.8000,5942.4000,5942.2000,5945.4000,5945.6000,5945.8000,5947.0000,5949.0000,1,2,1,1,2,4,1,1,1,3
SF,IC2103,2020-10-29 09:33:53.600,5944.4000,41683,0,966510400.000,0,-,-,-,-,5944.4000,5943.0000,5942.8000,5942.4000,5942.2000,5945.4000,5945.6000,5945.8000,5947.0000,5949.0000,1,2,1,1,2,4,1,1,1,3
SF,IC2103,2020-10-29 09:33:54.100,5944.4000,41682,-1,967699280.000,1,0,1,双平,S,5944.4000,5943.0000,5942.8000,5942.4000,5942.2000,5945.4000,5945.6000,5945.8000,5947.0000,5949.0000,1,2,1,1,2,4,1,1,1,3
SF,IC2103,2020-10-29 09:33:54.600,5944.4000,41682,0,968888160.000,1,0,1,多换,S,5943.0000,5942.8000,5942.4000,5942.2000,5942.0000,5945.4000,5945.6000,5945.8000,5947.0000,5949.0000,1,1,1,2,1,4,1,1,1,3
SF,IC2103,2020-10-29 09:33:55.100,5944.4000,41682,0,968888160.000,0,-,-,-,-,5943.0000,5942.8000,5942.4000,5942.2000,5942.0000,5944.4000,5945.4000,5945.6000,5945.8000,5947.0000,1,1,1,2,1,1,4,1,1,1
SF,IC2103,2020-10-29 09:33:55.600,5943.0000,41681,-1,970076760.000,1,0,1,双平,S,5942.4000,5942.2000,5942.0000,5940.6000,5939.0000,5944.2000,5944.4000,5945.4000,5945.6000,5945.8000,1,2,1,1,2,1,1,3,1,1
SF,IC2103,2020-10-29 09:33:56.100,5943.0000,41681,0,970076760.000,0,-,-,-,-,5942.2000,5942.0000,5939.0000,5938.4000,5937.8000,5944.2000,5944.4000,5945.4000,5945.6000,5945.8000,2,1,2,2,2,1,1,3,1,1
SF,IC2103,2020-10-29 09:33:56.600,5943.0000,41681,0,970076760.000,0,-,-,-,-,5942.2000,5942.0000,5939.0000,5938.4000,5937.8000,5944.2000,5944.4000,5945.4000,5945.8000,5947.0000,2,1,2,2,2,1,1,3,1,1
SF,IC2103,2020-10-29 09:33:57.100,5943.0000,41681,0,970076760.000,0,-,-,-,-,5942.2000,5942.0000,5939.0000,5938.4000,5937.8000,5944.2000,5944.4000,5945.4000,5945.8000,5947.0000,2,1,2,2,2,2,1,3,1,1
SF,IC2103,2020-10-29 09:33:57.600,5942.2000,41681,0,971265200.000,1,0,1,多换,S,5942.2000,5942.0000,5939.0000,5938.4000,5937.8000,5944.2000,5944.4000,5945.4000,5945.8000,5947.0000,1,2,2,2,2,2,1,3,1,1
SF,IC2103,2020-10-29 09:33:58.100,5942.2000,41681,0,971265200.000,0,-,-,-,-,5942.2000,5942.0000,5939.0000,5938.4000,5937.8000,5944.2000,5944.4000,5945.8000,5947.0000,5949.0000,1,2,2,2,2,2,1,1,1,3
SF,IC2103,2020-10-29 09:33:58.600,5942.2000,41681,0,972453640.000,1,0,1,多换,S,5942.0000,5939.0000,5938.4000,5937.8000,5937.2000,5944.2000,5944.4000,5945.8000,5947.0000,5949.0000,2,4,2,2,2,5,1,1,1,3
SF,IC2103,2020-10-29 09:33:59.100,5942.2000,41681,0,972453640.000,0,-,-,-,-,5942.2000,5942.0000,5939.0000,5938.4000,5937.8000,5944.2000,5944.4000,5945.8000,5947.0000,5949.0000,1,2,4,2,2,5,1,1,1,3
SF,IC2103,2020-10-29 09:33:59.600,5942.2000,41681,0,973642080.000,1,0,1,多换,S,5942.2000,5942.0000,5939.0000,5938.4000,5937.8000,5944.2000,5944.4000,5945.8000,5947.0000,5949.0000,1,2,4,2,2,5,1,1,1,3
SF,IC2103,2020-10-29 09:34:00.100,5942.2000,41681,0,973642080.000,0,-,-,-,-,5942.2000,5942.0000,5939.0000,5938.4000,5937.8000,5944.2000,5944.4000,5945.8000,5947.0000,5949.0000,1,2,4,2,2,5,1,1,1,3
SF,IC2103,2020-10-29 09:34:01.100,5942.2000,41681,0,973642080.000,0,-,-,-,-,5942.2000,5942.0000,5939.0000,5938.4000,5937.8000,5944.2000,5944.4000,5945.8000,5947.0000,5949.0000,1,2,4,4,2,5,1,1,1,3
SF,IC2103,2020-10-29 09:34:01.600,5942.2000,41680,-1,976018960.000,2,0,2,多平,S,5942.0000,5939.0000,5938.4000,5937.8000,5937.2000,5944.2000,5944.4000,5945.8000,5947.0000,5949.0000,2,4,4,2,2,7,1,1,1,3
SF,IC2103,2020-10-29 09:34:02.100,5942.0000,41680,0,978395760.000,2,1,1,多换,S,5939.0000,5938.4000,5937.8000,5937.2000,5936.6000,5944.2000,5944.4000,5945.8000,5947.0000,5949.0000,4,4,2,2,2,6,1,1,1,3
SF,IC2103,2020-10-29 09:34:02.600,5942.0000,41680,0,978395760.000,0,-,-,-,-,5940.2000,5939.2000,5939.0000,5938.4000,5937.8000,5944.0000,5944.2000,5944.4000,5945.8000,5947.0000,1,3,4,4,2,1,7,1,1,1
SF,IC2103,2020-10-29 09:34:03.100,5942.0000,41680,0,978395760.000,0,-,-,-,-,5940.2000,5939.2000,5939.0000,5938.4000,5937.8000,5942.2000,5943.8000,5944.0000,5944.2000,5944.4000,1,1,4,4,2,1,1,1,6,1
SF,IC2103,2020-10-29 09:34:03.600,5942.0000,41680,0,978395760.000,0,-,-,-,-,5940.2000,5939.2000,5939.0000,5938.4000,5937.8000,5942.0000,5942.2000,5944.0000,5944.2000,5944.4000,1,1,4,4,2,1,1,1,3,1
SF,IC2103,2020-10-29 09:34:04.100,5941.0000,41680,0,979583960.000,1,0,1,多换,S,5940.2000,5939.2000,5939.0000,5938.4000,5937.8000,5942.0000,5942.2000,5944.0000,5944.2000,5944.4000,1,1,4,4,4,4,1,1,3,1
SF,IC2103,2020-10-29 09:34:04.600,5941.0000,41680,0,979583960.000,0,-,-,-,-,5940.2000,5939.2000,5939.0000,5938.4000,5937.8000,5942.0000,5942.2000,5944.0000,5944.2000,5944.4000,1,1,4,4,4,4,1,1,5,1
SF,IC2103,2020-10-29 09:34:05.100,5941.0000,41680,0,979583960.000,0,-,-,-,-,5940.2000,5939.0000,5938.4000,5937.8000,5937.2000,5942.0000,5942.2000,5944.0000,5944.2000,5944.4000,1,4,4,4,2,4,1,1,5,1
SF,IC2103,2020-10-29 09:34:06.600,5941.0000,41680,0,979583960.000,0,-,-,-,-,5941.2000,5940.2000,5939.0000,5938.4000,5937.8000,5942.0000,5942.2000,5944.0000,5944.2000,5944.4000,1,1,4,4,4,4,1,1,5,1
SF,IC2103,2020-10-29 09:34:07.100,5941.2000,41679,-1,980772200.000,1,0,1,双平,S,5940.2000,5939.0000,5938.4000,5937.8000,5937.2000,5942.0000,5942.2000,5944.0000,5944.2000,5944.4000,1,4,4,4,2,4,1,1,5,1
SF,IC2103,2020-10-29 09:34:08.100,5941.2000,41679,0,980772200.000,0,-,-,-,-,5940.2000,5939.0000,5938.4000,5937.8000,5937.2000,5942.0000,5942.2000,5944.0000,5944.2000,5944.4000,1,4,4,4,2,4,1,1,4,1
SF,IC2103,2020-10-29 09:34:08.600,5941.2000,41679,0,980772200.000,0,-,-,-,-,5940.2000,5939.0000,5938.4000,5937.8000,5937.2000,5942.0000,5942.2000,5944.0000,5944.2000,5944.4000,1,4,4,4,2,5,1,1,4,1
SF,IC2103,2020-10-29 09:34:09.100,5940.4000,41679,0,981960280.000,1,0,1,多换,S,5939.0000,5938.4000,5937.8000,5937.2000,5936.6000,5942.0000,5942.2000,5944.0000,5944.2000,5944.4000,4,4,4,2,2,2,1,1,4,1
SF,IC2103,2020-10-29 09:34:09.600,5942.0000,41678,-1,984337080.000,2,0,2,多平,S,5939.2000,5939.0000,5938.4000,5937.8000,5937.2000,5942.0000,5942.2000,5944.2000,5944.4000,5945.8000,3,5,4,4,2,3,1,4,1,1
SF,IC2103,2020-10-29 09:34:10.100,5942.0000,41676,-2,986713880.000,2,0,2,双平,S,5939.2000,5939.0000,5938.4000,5937.8000,5937.4000,5941.8000,5942.0000,5942.2000,5944.2000,5944.4000,3,5,4,4,2,1,1,1,4,1
SF,IC2103,2020-10-29 09:34:10.600,5942.0000,41676,0,986713880.000,0,-,-,-,-,5939.2000,5939.0000,5938.4000,5937.8000,5937.4000,5941.8000,5942.0000,5942.2000,5944.2000,5944.4000,3,5,4,4,2,1,1,1,4,1
SF,IC2103,2020-10-29 09:34:12.100,5939.2000,41676,0,987901720.000,1,0,1,多换,S,5939.2000,5939.0000,5938.4000,5937.8000,5937.4000,5941.8000,5942.0000,5942.2000,5944.2000,5944.4000,2,5,4,4,2,1,1,1,4,1
SF,IC2103,2020-10-29 09:34:12.600,5939.2000,41676,0,987901720.000,0,-,-,-,-,5939.6000,5939.4000,5939.2000,5939.0000,5938.4000,5941.8000,5942.0000,5942.2000,5944.2000,5944.4000,1,2,2,5,4,1,1,1,4,1
SF,IC2103,2020-10-29 09:34:13.100,5939.2000,41676,0,987901720.000,0,-,-,-,-,5939.6000,5939.4000,5939.2000,5939.0000,5938.4000,5941.8000,5942.0000,5942.2000,5944.2000,5944.4000,1,1,2,5,4,1,1,1,4,1
SF,IC2103,2020-10-29 09:34:13.600,5939.2000,41676,0,987901720.000,0,-,-,-,-,5939.6000,5939.4000,5939.2000,5939.0000,5938.4000,5941.8000,5942.0000,5942.2000,5944.2000,5944.4000,1,1,1,5,4,1,1,1,4,1
SF,IC2103,2020-10-29 09:34:14.100,5939.6000,41676,0,989089640.000,1,0,1,多换,S,5939.6000,5939.4000,5939.2000,5939.0000,5938.4000,5941.8000,5942.0000,5942.2000,5944.2000,5944.4000,1,1,1,5,4,1,1,1,4,1
SF,IC2103,2020-10-29 09:34:14.600,5939.6000,41676,0,989089640.000,0,-,-,-,-,5939.6000,5939.4000,5939.2000,5939.0000,5938.4000,5940.2000,5941.8000,5942.2000,5944.2000,5944.4000,1,1,1,5,4,1,1,1,4,1
SF,IC2103,2020-10-29 09:34:15.100,5940.2000,41676,0,990277680.000,1,0,1,多换,S,5939.4000,5939.0000,5938.4000,5937.8000,5937.4000,5940.2000,5941.8000,5942.2000,5944.2000,5944.4000,1,5,4,4,2,1,1,1,4,1
SF,IC2103,2020-10-29 09:34:15.600,5940.2000,41676,0,990277680.000,0,-,-,-,-,5939.4000,5939.0000,5938.4000,5937.8000,5937.4000,5940.2000,5941.8000,5942.2000,5944.2000,5944.4000,2,4,4,4,2,1,1,1,4,1
SF,IC2103,2020-10-29 09:34:16.100,5940.2000,41677,1,991465720.000,1,1,0,双开,S,5939.4000,5939.2000,5939.0000,5938.4000,5937.8000,5941.8000,5942.2000,5944.2000,5944.4000,5945.8000,2,1,4,4,4,1,1,4,1,1
SF,IC2103,2020-10-29 09:34:17.100,5939.4000,41675,-2,993841480.000,2,0,2,双平,S,5939.2000,5939.0000,5938.4000,5937.8000,5937.4000,5941.8000,5942.2000,5944.2000,5944.4000,5945.8000,1,4,4,4,2,1,1,4,1,1
SF,IC2103,2020-10-29 09:34:17.600,5940.2000,41674,-1,995029520.000,1,0,1,双平,S,5939.6000,5939.4000,5939.2000,5939.0000,5938.4000,5941.8000,5942.2000,5944.2000,5944.4000,5945.8000,1,2,1,4,4,1,1,4,1,1
SF,IC2103,2020-10-29 09:34:18.100,5942.2000,41674,0,997406320.000,2,1,1,多换,S,5940.6000,5940.4000,5939.8000,5939.6000,5939.4000,5944.2000,5945.8000,5949.0000,5949.8000,5950.0000,1,1,1,1,1,4,1,3,1,2
SF,IC2103,2020-10-29 09:34:18.600,5942.2000,41674,0,997406320.000,0,-,-,-,-,5940.8000,5940.4000,5939.6000,5939.2000,5939.0000,5944.0000,5944.2000,5945.8000,5949.0000,5949.8000,2,1,1,1,4,1,4,1,3,1
SF,IC2103,2020-10-29 09:34:19.600,5942.2000,41674,0,997406320.000,0,-,-,-,-,5940.8000,5940.4000,5939.2000,5939.0000,5938.4000,5941.2000,5944.0000,5944.2000,5945.8000,5949.0000,2,1,1,4,4,1,1,4,1,3
SF,IC2103,2020-10-29 09:34:20.100,5940.8000,41674,0,1000970880.000,3,1,2,多换,S,5940.4000,5939.2000,5939.0000,5938.4000,5937.8000,5944.0000,5944.2000,5945.8000,5949.0000,5949.8000,1,1,4,4,4,1,4,1,5,1
