市场代码,合约代码,时间,最新,持仓,增仓,成交额,成交量,开仓,平仓,成交类型,方向,买一价,买二价,买三价,买四价,买五价,卖一价,卖二价,卖三价,卖四价,卖五价,买一量,买二量,买三量,买四量,买五量,卖一量,卖二量,卖三量,卖四量,卖五量
SF,IC2103,2020-07-30 09:29:00.400,6120.2000,7259,0,4896160.000,4.000,-,-,-,-,6120.0000,6112.4000,6111.6000,6110.0000,6108.0000,6134.0000,6146.0000,6148.0000,6155.0000,6159.8000,2,1,1,1,1,5,1,1,1,1
SF,IC2103,2020-07-30 09:30:00.400,6133.2000,7261,2,7349040.000,2,2,0,双开,S,6120.0000,6119.8000,6112.4000,6111.6000,6110.0000,6148.0000,6150.0000,6155.0000,6157.8000,6159.8000,2,1,1,1,1,1,10,1,1,1
SF,IC2103,2020-07-30 09:30:00.900,6146.8000,7260,-1,9805040.000,2,0,2,多平,S,6124.8000,6122.2000,6120.2000,6120.0000,6119.8000,6144.6000,6146.8000,6148.0000,6150.0000,6155.0000,1,1,1,2,1,1,2,1,10,1
SF,IC2103,2020-07-30 09:30:01.400,6146.8000,7260,0,9805040.000,0,-,-,-,-,6125.2000,6125.0000,6122.2000,6120.0000,6119.8000,6132.0000,6133.0000,6133.6000,6134.4000,6142.0000,1,1,1,2,1,7,4,1,1,1
SF,IC2103,2020-07-30 09:30:01.900,6133.0000,7264,4,22069440.000,10,7,3,空开,S,6126.0000,6125.4000,6125.2000,6122.2000,6120.0000,6133.0000,6134.4000,6142.0000,6144.2000,6148.0000,2,2,1,1,2,2,1,1,1,1
SF,IC2103,2020-07-30 09:30:02.400,6134.4000,7263,-1,25749520.000,3,1,2,多平,S,6126.4000,6126.2000,6122.2000,6120.0000,6119.8000,6142.0000,6144.2000,6148.0000,6150.0000,6155.0000,3,2,1,2,1,1,1,1,10,1
SF,IC2103,2020-07-30 09:30:02.900,6126.6000,7263,0,30651080.000,4,2,2,多换,S,6126.6000,6126.4000,6122.2000,6120.0000,6119.8000,6142.0000,6144.2000,6148.0000,6150.0000,6155.0000,2,3,1,2,1,1,1,1,10,1
SF,IC2103,2020-07-30 09:30:03.400,6126.6000,7263,0,30651080.000,0,-,-,-,-,6127.0000,6126.6000,6126.4000,6122.2000,6120.2000,6134.4000,6142.0000,6144.2000,6148.0000,6150.0000,1,4,2,1,1,1,1,1,1,10
SF,IC2103,2020-07-30 09:30:03.900,6126.6000,7263,0,30651080.000,0,-,-,-,-,6130.4000,6127.4000,6127.2000,6127.0000,6122.2000,6134.4000,6142.0000,6144.2000,6148.0000,6150.0000,2,1,2,1,1,1,1,1,1,10
SF,IC2103,2020-07-30 09:30:04.400,6130.4000,7259,-4,35556320.000,4,0,4,双平,S,6127.2000,6122.2000,6120.2000,6120.0000,6119.8000,6142.0000,6144.2000,6148.0000,6150.0000,6155.0000,1,1,1,2,1,1,1,1,10,1
SF,IC2103,2020-07-30 09:30:04.900,6130.4000,7259,0,35556320.000,0,-,-,-,-,6127.4000,6127.2000,6122.2000,6120.2000,6120.0000,6141.6000,6142.0000,6144.2000,6148.0000,6150.0000,1,1,1,1,2,1,1,1,1,10
SF,IC2103,2020-07-30 09:30:05.400,6130.4000,7259,0,35556320.000,0,-,-,-,-,6130.4000,6127.8000,6127.6000,6127.4000,6122.2000,6141.6000,6142.0000,6144.2000,6148.0000,6150.0000,1,1,1,1,1,1,1,1,1,10
SF,IC2103,2020-07-30 09:30:05.900,6130.4000,7259,0,35556320.000,0,-,-,-,-,6130.6000,6130.4000,6127.8000,6122.2000,6120.2000,6141.6000,6142.0000,6144.2000,6148.0000,6150.0000,2,1,1,1,1,1,1,1,1,10
SF,IC2103,2020-07-30 09:30:06.400,6130.4000,7259,0,35556320.000,0,-,-,-,-,6131.2000,6130.8000,6130.6000,6127.8000,6122.2000,6141.4000,6141.6000,6142.0000,6148.0000,6150.0000,1,1,2,1,1,2,1,1,1,10
SF,IC2103,2020-07-30 09:30:06.900,6130.4000,7259,0,35556320.000,0,-,-,-,-,6131.4000,6131.2000,6130.8000,6122.2000,6120.2000,6141.0000,6141.4000,6142.0000,6148.0000,6150.0000,2,1,1,1,1,1,1,1,1,10
SF,IC2103,2020-07-30 09:30:07.400,6131.4000,7258,-1,36782600.000,1,0,1,双平,S,6131.4000,6130.8000,6122.2000,6120.2000,6120.0000,6139.2000,6140.6000,6140.8000,6141.0000,6142.0000,1,1,1,1,2,1,1,1,1,1
SF,IC2103,2020-07-30 09:30:07.900,6130.8000,7257,-1,38008760.000,1,0,1,双平,S,6122.2000,6120.2000,6120.0000,6119.8000,6112.4000,6138.8000,6139.0000,6140.6000,6142.0000,6148.0000,1,1,2,1,1,1,1,1,1,1
SF,IC2103,2020-07-30 09:30:08.400,6130.8000,7257,0,38008760.000,0,-,-,-,-,6125.2000,6124.8000,6122.2000,6120.2000,6120.0000,6134.4000,6134.6000,6138.6000,6138.8000,6148.0000,1,3,1,1,2,1,1,3,1,1
SF,IC2103,2020-07-30 09:30:08.900,6125.4000,7257,0,39233840.000,1,0,1,多换,S,6124.8000,6122.2000,6120.2000,6120.0000,6119.8000,6125.0000,6134.0000,6134.2000,6134.4000,6134.6000,1,1,1,2,1,2,1,1,1,1
SF,IC2103,2020-07-30 09:30:09.400,6124.8000,7256,-1,42908800.000,3,1,2,多平,S,6125.2000,6124.8000,6122.2000,6120.2000,6120.0000,6131.8000,6134.0000,6134.2000,6134.6000,6137.6000,1,2,1,1,2,1,1,1,1,1
SF,IC2103,2020-07-30 09:30:09.900,6124.8000,7256,0,42908800.000,0,-,-,-,-,6125.2000,6124.8000,6122.2000,6120.2000,6120.0000,6131.6000,6131.8000,6134.0000,6134.6000,6137.6000,1,2,1,1,2,2,1,1,1,1
SF,IC2103,2020-07-30 09:30:10.400,6131.6000,7254,-2,45361440.000,2,0,2,双平,S,6125.2000,6124.8000,6122.2000,6120.2000,6120.0000,6131.4000,6131.8000,6134.0000,6134.6000,6137.6000,1,2,1,1,2,1,1,1,1,1
SF,IC2103,2020-07-30 09:30:10.900,6131.6000,7254,0,45361440.000,0,-,-,-,-,6125.2000,6124.8000,6122.2000,6120.2000,6120.0000,6131.2000,6134.0000,6134.6000,6138.6000,6148.0000,1,2,1,1,2,1,1,1,1,1
SF,IC2103,2020-07-30 09:30:11.400,6131.6000,7254,0,45361440.000,0,-,-,-,-,6128.0000,6125.4000,6125.2000,6124.8000,6122.2000,6131.2000,6134.0000,6134.6000,6138.6000,6148.0000,1,1,1,1,1,1,1,1,1,1
SF,IC2103,2020-07-30 09:30:11.900,6128.0000,7253,-1,46587040.000,1,0,1,双平,S,6125.4000,6125.2000,6124.8000,6122.2000,6120.2000,6134.0000,6134.6000,6138.6000,6148.0000,6150.0000,1,1,1,1,1,1,1,1,1,10
SF,IC2103,2020-07-30 09:30:12.400,6128.0000,7253,0,46587040.000,0,-,-,-,-,6125.2000,6124.8000,6122.2000,6120.2000,6120.0000,6131.2000,6133.8000,6134.6000,6138.6000,6148.0000,1,1,1,1,2,1,2,1,1,1
SF,IC2103,2020-07-30 09:30:12.900,6128.0000,7253,0,46587040.000,0,-,-,-,-,6125.2000,6124.8000,6122.2000,6120.2000,6120.0000,6131.0000,6131.2000,6133.8000,6134.6000,6138.6000,1,1,1,1,2,2,1,1,1,1
SF,IC2103,2020-07-30 09:30:13.400,6128.0000,7253,0,46587040.000,0,-,-,-,-,6125.2000,6124.8000,6122.2000,6120.2000,6120.0000,6131.0000,6131.2000,6134.6000,6138.6000,6148.0000,1,1,1,1,2,1,1,1,1,1
SF,IC2103,2020-07-30 09:30:13.900,6128.0000,7253,0,46587040.000,0,-,-,-,-,6125.2000,6124.8000,6122.2000,6120.2000,6120.0000,6131.0000,6131.2000,6134.6000,6138.6000,6148.0000,1,1,1,1,2,1,1,1,1,1
SF,IC2103,2020-07-30 09:30:14.400,6128.0000,7253,0,46587040.000,0,-,-,-,-,6125.2000,6124.8000,6122.2000,6120.2000,6120.0000,6131.0000,6131.2000,6134.6000,6138.6000,6148.0000,1,1,1,1,2,1,1,1,1,1
SF,IC2103,2020-07-30 09:30:14.900,6124.8000,7252,-1,49037040.000,2,0,2,多平,S,6122.2000,6120.2000,6120.0000,6108.0000,6107.8000,6130.6000,6131.0000,6131.2000,6134.6000,6138.6000,1,1,2,1,1,1,1,1,1,1
SF,IC2103,2020-07-30 09:30:15.400,6124.8000,7252,0,49037040.000,0,-,-,-,-,6126.0000,6122.2000,6120.2000,6120.0000,6108.0000,6130.4000,6130.6000,6131.2000,6134.6000,6138.6000,1,2,1,2,1,3,1,1,1,1
SF,IC2103,2020-07-30 09:30:15.900,6126.0000,7251,-1,51487440.000,2,0,2,多平,S,6122.2000,6120.2000,6120.0000,6108.0000,6107.8000,6127.4000,6130.0000,6130.4000,6131.2000,6134.6000,1,1,2,1,1,1,1,1,1,1
SF,IC2103,2020-07-30 09:30:16.400,6126.0000,7251,0,51487440.000,0,-,-,-,-,6122.2000,6120.2000,6120.0000,6108.0000,6107.8000,6127.4000,6130.0000,6131.2000,6134.6000,6138.6000,1,1,2,1,1,1,1,1,1,1
SF,IC2103,2020-07-30 09:30:16.900,6126.0000,7251,0,51487440.000,0,-,-,-,-,6122.2000,6120.2000,6120.0000,6108.0000,6107.8000,6127.4000,6130.0000,6134.6000,6138.6000,6148.0000,1,1,2,1,1,1,1,1,1,1
SF,IC2103,2020-07-30 09:30:17.400,6126.0000,7251,0,51487440.000,0,-,-,-,-,6122.2000,6120.2000,6120.0000,6107.8000,6095.2000,6127.4000,6130.0000,6134.6000,6138.6000,6148.0000,1,1,2,1,1,1,1,1,1,1
SF,IC2103,2020-07-30 09:30:20.400,6127.2000,7251,0,52712880.000,1,0,1,多换,S,6122.2000,6120.2000,6120.0000,6107.8000,6095.2000,6127.4000,6130.0000,6134.6000,6138.6000,6148.0000,1,1,1,1,1,1,1,1,1,1
SF,IC2103,2020-07-30 09:30:20.900,6122.2000,7250,-1,53937320.000,1,0,1,双平,S,6120.2000,6120.0000,6107.8000,6095.2000,6091.0000,6124.8000,6127.2000,6127.4000,6130.0000,6138.6000,1,1,1,1,9,2,2,1,1,1
SF,IC2103,2020-07-30 09:30:21.400,6122.2000,7250,0,53937320.000,0,-,-,-,-,6120.2000,6120.0000,6107.8000,6095.2000,6091.0000,6123.0000,6124.8000,6127.2000,6130.0000,6138.6000,1,1,1,1,9,1,2,2,1,1
SF,IC2103,2020-07-30 09:30:21.900,6122.2000,7250,0,53937320.000,0,-,-,-,-,6120.4000,6120.2000,6120.0000,6107.8000,6095.2000,6123.0000,6127.2000,6130.0000,6138.6000,6148.0000,2,1,1,1,1,1,1,1,1,1
SF,IC2103,2020-07-30 09:30:22.400,6123.0000,7249,-1,55161920.000,1,0,1,双平,S,6120.4000,6120.2000,6120.0000,6107.8000,6095.2000,6127.2000,6130.0000,6138.6000,6148.0000,6150.0000,2,1,1,1,1,1,1,1,1,10
SF,IC2103,2020-07-30 09:30:22.900,6123.0000,7249,0,55161920.000,0,-,-,-,-,6120.4000,6120.2000,6120.0000,6107.8000,6095.2000,6124.8000,6126.8000,6127.0000,6127.2000,6138.6000,1,1,1,1,1,2,1,2,1,1
SF,IC2103,2020-07-30 09:30:23.400,6123.0000,7249,0,55161920.000,0,-,-,-,-,6120.4000,6120.2000,6120.0000,6107.8000,6095.2000,6124.6000,6124.8000,6126.8000,6127.0000,6127.2000,1,1,1,1,1,6,1,1,2,1
SF,IC2103,2020-07-30 09:30:23.900,6123.0000,7249,0,55161920.000,0,-,-,-,-,6120.4000,6120.2000,6120.0000,6107.8000,6095.2000,6124.4000,6127.0000,6127.2000,6138.6000,6148.0000,1,1,1,1,1,1,2,1,1,1
SF,IC2103,2020-07-30 09:30:24.400,6123.0000,7249,0,55161920.000,0,-,-,-,-,6120.4000,6120.2000,6120.0000,6107.8000,6095.2000,6123.0000,6127.0000,6127.2000,6138.6000,6148.0000,1,1,1,1,1,1,1,1,1,1
SF,IC2103,2020-07-30 09:30:24.900,6123.0000,7249,0,55161920.000,0,-,-,-,-,6120.4000,6120.2000,6120.0000,6107.8000,6095.2000,6123.0000,6127.2000,6138.6000,6148.0000,6150.0000,1,1,1,1,1,1,1,1,1,10
SF,IC2103,2020-07-30 09:30:25.400,6123.0000,7249,0,55161920.000,0,-,-,-,-,6120.2000,6120.0000,6107.8000,6095.2000,6091.0000,6123.0000,6127.2000,6138.6000,6148.0000,6150.0000,1,1,1,1,9,1,1,1,1,10
SF,IC2103,2020-07-30 09:30:25.900,6123.0000,7248,-1,56386520.000,1,0,1,双平,S,6123.8000,6120.2000,6120.0000,6107.8000,6095.2000,6127.2000,6138.6000,6148.0000,6150.0000,6155.0000,1,1,1,1,1,1,1,1,10,1
SF,IC2103,2020-07-30 09:30:26.400,6123.8000,7248,0,57611280.000,1,0,1,多换,S,6120.2000,6120.0000,6107.8000,6095.2000,6091.0000,6124.8000,6127.2000,6138.6000,6148.0000,6150.0000,1,1,1,1,9,1,1,1,1,10
SF,IC2103,2020-07-30 09:30:26.900,6127.2000,7248,0,58836720.000,1,0,1,多换,S,6120.4000,6120.2000,6120.0000,6107.8000,6095.2000,6138.6000,6148.0000,6150.0000,6155.0000,6157.8000,1,1,1,1,1,1,1,10,1,1
SF,IC2103,2020-07-30 09:30:27.400,6127.2000,7248,0,58836720.000,0,-,-,-,-,6120.6000,6120.4000,6120.2000,6120.0000,6107.8000,6128.0000,6131.4000,6137.2000,6138.2000,6138.4000,2,1,1,1,1,1,2,1,1,1
SF,IC2103,2020-07-30 09:30:27.900,6127.2000,7248,0,58836720.000,0,-,-,-,-,6120.6000,6120.2000,6120.0000,6107.8000,6095.2000,6127.8000,6128.0000,6131.4000,6137.2000,6138.2000,2,1,1,1,1,2,1,2,1,1
SF,IC2103,2020-07-30 09:30:28.400,6127.2000,7248,0,58836720.000,0,-,-,-,-,6120.6000,6120.2000,6120.0000,6107.8000,6095.2000,6127.4000,6127.8000,6128.0000,6131.4000,6137.2000,1,1,1,1,1,1,2,1,1,1
SF,IC2103,2020-07-30 09:30:28.900,6127.2000,7248,0,58836720.000,0,-,-,-,-,6120.6000,6120.2000,6120.0000,6107.8000,6095.2000,6124.8000,6127.2000,6127.4000,6127.8000,6137.2000,1,1,1,1,1,2,1,1,1,1
SF,IC2103,2020-07-30 09:30:29.400,6127.2000,7248,0,58836720.000,0,-,-,-,-,6120.2000,6120.0000,6107.8000,6095.2000,6091.0000,6124.8000,6127.2000,6127.4000,6137.2000,6138.6000,1,1,1,1,9,2,1,1,1,1
SF,IC2103,2020-07-30 09:30:29.900,6127.2000,7248,0,58836720.000,0,-,-,-,-,6120.2000,6120.0000,6107.8000,6095.2000,6091.0000,6124.8000,6127.4000,6137.2000,6138.6000,6148.0000,1,1,1,1,9,2,1,1,1,1
SF,IC2103,2020-07-30 09:30:30.400,6120.0000,7248,0,61284760.000,2,1,1,多换,S,6107.8000,6095.2000,6091.0000,6090.0000,6089.0000,6124.8000,6127.4000,6137.2000,6138.6000,6148.0000,1,1,9,1,1,2,1,1,1,1
SF,IC2103,2020-07-30 09:30:30.900,6120.0000,7248,0,61284760.000,0,-,-,-,-,6116.8000,6112.4000,6111.6000,6108.8000,6107.8000,6124.4000,6124.6000,6124.8000,6138.6000,6148.0000,1,1,1,1,1,1,3,2,1,1
SF,IC2103,2020-07-30 09:30:31.400,6124.2000,7247,-1,62509600.000,1,0,1,双平,S,6117.0000,6112.4000,6111.6000,6108.8000,6107.8000,6124.4000,6124.6000,6124.8000,6138.6000,6148.0000,1,1,1,1,1,1,2,2,1,1
SF,IC2103,2020-07-30 09:30:31.900,6124.2000,7247,0,62509600.000,0,-,-,-,-,6119.8000,6117.0000,6111.6000,6108.8000,6107.8000,6124.2000,6124.4000,6124.6000,6124.8000,6138.6000,1,1,1,1,1,1,1,2,2,1
SF,IC2103,2020-07-30 09:30:32.400,6124.2000,7247,0,64959280.000,2,1,1,多换,S,6117.0000,6111.6000,6108.8000,6107.8000,6095.2000,6124.2000,6124.6000,6124.8000,6138.6000,6148.0000,1,1,1,1,1,1,1,2,1,1
SF,IC2103,2020-07-30 09:30:32.900,6124.2000,7247,0,64959280.000,0,-,-,-,-,6119.8000,6117.0000,6111.6000,6108.8000,6107.8000,6124.2000,6124.8000,6138.6000,6148.0000,6150.0000,1,1,1,1,1,1,2,1,1,10
SF,IC2103,2020-07-30 09:30:33.400,6124.2000,7247,0,64959280.000,0,-,-,-,-,6117.0000,6111.6000,6108.8000,6107.8000,6095.2000,6124.2000,6124.8000,6138.6000,6148.0000,6150.0000,1,1,1,1,1,1,2,1,1,11
SF,IC2103,2020-07-30 09:30:33.900,6124.2000,7247,0,64959280.000,0,-,-,-,-,6117.2000,6117.0000,6111.6000,6108.8000,6107.8000,6124.8000,6138.6000,6148.0000,6150.0000,6155.0000,1,1,1,1,1,2,1,1,11,1
SF,IC2103,2020-07-30 09:30:34.400,6124.2000,7247,0,64959280.000,0,-,-,-,-,6117.6000,6117.4000,6117.2000,6111.6000,6108.8000,6124.8000,6138.6000,6148.0000,6150.0000,6155.0000,1,2,1,1,1,2,1,1,11,1
SF,IC2103,2020-07-30 09:30:34.900,6124.2000,7247,0,64959280.000,0,-,-,-,-,6118.6000,6117.8000,6117.6000,6117.4000,6117.2000,6124.8000,6138.6000,6148.0000,6150.0000,6155.0000,2,1,1,1,1,2,1,1,11,1
SF,IC2103,2020-07-30 09:30:35.400,6124.2000,7247,0,64959280.000,0,-,-,-,-,6118.8000,6118.6000,6117.4000,6117.2000,6111.6000,6124.6000,6124.8000,6138.6000,6148.0000,6150.0000,2,2,1,1,1,1,2,1,1,11
SF,IC2103,2020-07-30 09:30:35.900,6124.2000,7247,0,64959280.000,0,-,-,-,-,6119.8000,6118.8000,6111.6000,6108.8000,6107.8000,6124.4000,6124.8000,6138.6000,6148.0000,6150.0000,1,1,1,1,1,1,2,1,1,11
SF,IC2103,2020-07-30 09:30:36.400,6124.4000,7247,0,66184160.000,1,0,1,多换,S,6119.4000,6118.8000,6111.6000,6108.8000,6107.8000,6124.8000,6138.6000,6148.0000,6150.0000,6155.0000,2,1,1,1,1,2,1,1,11,1
SF,IC2103,2020-07-30 09:30:36.900,6124.4000,7247,0,66184160.000,0,-,-,-,-,6120.0000,6119.4000,6118.8000,6111.6000,6108.8000,6124.8000,6138.6000,6148.0000,6150.0000,6155.0000,1,2,1,1,1,2,1,1,11,1
SF,IC2103,2020-07-30 09:30:37.400,6124.4000,7247,0,66184160.000,0,-,-,-,-,6119.4000,6118.8000,6111.6000,6107.8000,6095.2000,6124.8000,6138.6000,6148.0000,6150.0000,6155.0000,2,1,1,1,1,2,1,1,11,1
SF,IC2103,2020-07-30 09:30:37.900,6124.4000,7247,0,66184160.000,0,-,-,-,-,6118.8000,6111.6000,6107.8000,6095.2000,6091.0000,6124.8000,6138.6000,6148.0000,6150.0000,6155.0000,1,1,1,1,9,2,1,1,11,1
SF,IC2103,2020-07-30 09:30:38.400,6124.8000,7247,0,67409120.000,1,0,1,多换,S,6119.8000,6119.0000,6118.8000,6111.6000,6107.8000,6124.8000,6138.6000,6148.0000,6150.0000,6155.0000,1,1,1,1,1,1,1,1,11,1
SF,IC2103,2020-07-30 09:30:38.900,6124.8000,7247,0,68634080.000,1,0,1,多换,S,6124.8000,6119.0000,6118.8000,6111.6000,6107.8000,6138.6000,6148.0000,6150.0000,6155.0000,6157.8000,1,1,1,1,1,1,1,11,1,1
SF,IC2103,2020-07-30 09:30:39.400,6124.8000,7247,0,71084000.000,2,1,1,多换,S,6119.0000,6111.6000,6107.8000,6095.2000,6091.0000,6124.8000,6131.4000,6134.4000,6135.6000,6135.8000,1,1,1,1,9,3,1,1,1,1
SF,IC2103,2020-07-30 09:30:39.900,6124.8000,7247,0,71084000.000,0,-,-,-,-,6111.6000,6107.8000,6095.2000,6091.0000,6090.0000,6124.6000,6124.8000,6131.4000,6134.4000,6135.6000,1,1,1,9,1,3,2,1,1,1
SF,IC2103,2020-07-30 09:30:40.400,6124.8000,7247,0,71084000.000,0,-,-,-,-,6117.2000,6115.2000,6112.4000,6112.0000,6111.6000,6124.6000,6130.0000,6131.4000,6134.4000,6138.4000,1,2,1,1,2,3,1,1,1,1
SF,IC2103,2020-07-30 09:30:40.900,6124.8000,7247,0,71084000.000,0,-,-,-,-,6117.4000,6117.2000,6115.2000,6112.4000,6112.0000,6124.6000,6130.0000,6134.4000,6138.4000,6138.6000,1,1,2,1,1,2,1,1,1,1
SF,IC2103,2020-07-30 09:30:41.400,6124.8000,7247,0,71084000.000,0,-,-,-,-,6117.8000,6117.4000,6117.2000,6115.2000,6114.6000,6124.6000,6130.0000,6134.4000,6138.4000,6138.6000,3,1,1,2,1,2,1,1,1,1
SF,IC2103,2020-07-30 09:30:41.900,6124.8000,7247,0,71084000.000,0,-,-,-,-,6119.8000,6118.0000,6117.8000,6117.4000,6117.2000,6124.6000,6130.0000,6134.4000,6138.4000,6138.6000,1,1,4,1,1,2,1,1,1,1
SF,IC2103,2020-07-30 09:30:42.400,6124.8000,7247,0,71084000.000,0,-,-,-,-,6118.0000,6117.8000,6117.4000,6117.2000,6115.2000,6130.0000,6130.4000,6138.4000,6138.6000,6148.0000,1,4,1,1,1,1,1,1,1,1
SF,IC2103,2020-07-30 09:30:42.900,6124.8000,7247,0,71084000.000,0,-,-,-,-,6119.8000,6118.4000,6118.2000,6118.0000,6117.8000,6126.6000,6129.6000,6129.8000,6130.0000,6130.4000,1,2,2,1,3,1,1,2,1,1
SF,IC2103,2020-07-30 09:30:43.400,6126.4000,7246,-1,72309280.000,1,0,1,双平,S,6121.6000,6120.0000,6119.8000,6118.4000,6118.2000,6129.6000,6130.0000,6130.4000,6148.0000,6150.0000,1,4,1,1,1,1,1,1,1,11
SF,IC2103,2020-07-30 09:30:43.900,6126.4000,7246,0,72309280.000,0,-,-,-,-,6121.8000,6120.0000,6119.8000,6118.4000,6118.2000,6128.0000,6129.4000,6130.0000,6130.4000,6148.0000,1,3,1,1,1,1,1,1,1,1
SF,IC2103,2020-07-30 09:30:44.400,6126.4000,7246,0,72309280.000,0,-,-,-,-,6121.8000,6120.0000,6119.8000,6118.4000,6118.2000,6130.0000,6148.0000,6150.0000,6155.0000,6157.8000,1,1,1,1,1,1,1,11,1,1
SF,IC2103,2020-07-30 09:30:44.900,6126.4000,7246,0,72309280.000,0,-,-,-,-,6121.8000,6119.8000,6118.4000,6118.2000,6118.0000,6129.4000,6129.8000,6130.0000,6148.0000,6150.0000,1,1,1,1,1,1,1,1,1,11
SF,IC2103,2020-07-30 09:30:45.400,6126.4000,7246,0,72309280.000,0,-,-,-,-,6122.4000,6122.2000,6121.8000,6119.8000,6118.4000,6129.2000,6130.0000,6148.0000,6150.0000,6155.0000,1,1,1,1,1,1,1,1,11,1
SF,IC2103,2020-07-30 09:30:45.900,6126.4000,7246,0,72309280.000,0,-,-,-,-,6122.6000,6122.2000,6119.8000,6118.4000,6118.2000,6129.2000,6130.0000,6145.0000,6148.0000,6150.0000,2,1,1,1,1,1,1,1,1,11
SF,IC2103,2020-07-30 09:30:46.900,6129.2000,7245,-1,73535120.000,1,0,1,双平,S,6123.2000,6123.0000,6122.6000,6119.8000,6118.2000,6130.0000,6145.0000,6148.0000,6150.0000,6155.0000,1,1,2,1,1,1,1,1,11,1
SF,IC2103,2020-07-30 09:30:47.400,6129.2000,7245,0,73535120.000,0,-,-,-,-,6123.6000,6123.4000,6123.2000,6122.6000,6119.8000,6130.0000,6145.0000,6148.0000,6150.0000,6155.0000,1,2,1,1,1,1,1,1,11,1
SF,IC2103,2020-07-30 09:30:47.900,6129.2000,7245,0,73535120.000,0,-,-,-,-,6123.8000,6123.6000,6123.4000,6123.2000,6122.6000,6130.0000,6145.0000,6148.0000,6150.0000,6155.0000,1,1,1,1,1,1,1,1,11,1
SF,IC2103,2020-07-30 09:30:48.400,6129.2000,7245,0,73535120.000,0,-,-,-,-,6124.2000,6124.0000,6123.8000,6123.6000,6123.4000,6129.2000,6130.0000,6145.0000,6148.0000,6150.0000,1,1,1,1,1,1,1,1,1,11
SF,IC2103,2020-07-30 09:30:48.900,6129.2000,7245,0,73535120.000,0,-,-,-,-,6124.2000,6124.0000,6123.8000,6123.6000,6123.4000,6129.2000,6130.0000,6145.0000,6148.0000,6150.0000,1,1,1,1,1,1,1,1,1,11
SF,IC2103,2020-07-30 09:30:49.900,6129.2000,7245,0,73535120.000,0,-,-,-,-,6124.4000,6124.2000,6124.0000,6123.8000,6123.4000,6129.2000,6130.0000,6145.0000,6148.0000,6150.0000,1,1,1,1,1,2,1,1,1,11
SF,IC2103,2020-07-30 09:30:51.400,6130.0000,7243,-2,77212800.000,3,0,3,多平,S,6124.8000,6124.4000,6124.0000,6123.8000,6123.4000,6145.0000,6148.0000,6150.0000,6155.0000,6157.8000,2,1,1,1,1,1,1,11,1,1
SF,IC2103,2020-07-30 09:30:51.900,6130.0000,7243,0,77212800.000,0,-,-,-,-,6125.2000,6125.0000,6124.8000,6124.6000,6124.0000,6132.0000,6138.0000,6140.8000,6141.6000,6144.6000,1,1,2,1,1,1,1,1,1,1
SF,IC2103,2020-07-30 09:30:52.400,6130.0000,7243,0,77212800.000,0,-,-,-,-,6125.4000,6125.2000,6124.8000,6124.0000,6123.4000,6138.0000,6141.6000,6144.6000,6145.0000,6148.0000,2,1,2,1,1,1,1,1,1,1
SF,IC2103,2020-07-30 09:30:52.900,6130.0000,7243,0,77212800.000,0,-,-,-,-,6125.8000,6125.6000,6125.4000,6124.8000,6124.0000,6133.2000,6137.6000,6138.0000,6145.0000,6148.0000,1,1,2,2,1,1,1,1,1,1
SF,IC2103,2020-07-30 09:30:53.400,6130.0000,7243,0,77212800.000,0,-,-,-,-,6126.0000,6125.8000,6125.6000,6125.4000,6124.8000,6133.2000,6137.6000,6138.0000,6145.0000,6148.0000,1,1,1,1,2,1,1,1,1,1
SF,IC2103,2020-07-30 09:30:53.900,6130.0000,7243,0,77212800.000,0,-,-,-,-,6126.4000,6126.2000,6126.0000,6125.4000,6124.8000,6133.2000,6137.6000,6138.0000,6145.0000,6148.0000,1,1,1,1,2,1,1,1,1,1
SF,IC2103,2020-07-30 09:30:54.400,6130.0000,7243,0,77212800.000,0,-,-,-,-,6127.2000,6126.6000,6126.4000,6126.2000,6125.4000,6133.2000,6137.6000,6138.0000,6145.0000,6148.0000,1,1,1,1,1,1,1,1,1,1
SF,IC2103,2020-07-30 09:30:54.900,6130.0000,7243,0,77212800.000,0,-,-,-,-,6127.6000,6127.4000,6127.2000,6126.2000,6125.4000,6133.2000,6137.6000,6138.0000,6145.0000,6148.0000,1,1,1,1,1,1,1,1,1,1
SF,IC2103,2020-07-30 09:30:55.400,6130.0000,7243,0,77212800.000,0,-,-,-,-,6127.8000,6127.6000,6127.2000,6126.2000,6125.4000,6137.6000,6138.0000,6145.0000,6148.0000,6150.0000,1,1,1,1,1,1,1,1,1,11
SF,IC2103,2020-07-30 09:30:55.900,6130.0000,7243,0,77212800.000,0,-,-,-,-,6133.2000,6128.2000,6127.8000,6127.2000,6126.2000,6133.6000,6137.6000,6138.0000,6145.0000,6148.0000,1,1,1,1,1,1,1,1,1,1
SF,IC2103,2020-07-30 09:30:56.400,6133.2000,7242,-1,79666080.000,2,0,2,多平,S,6128.2000,6127.8000,6127.2000,6126.2000,6125.4000,6133.2000,6137.6000,6138.0000,6145.0000,6148.0000,1,1,1,1,1,1,1,1,1,1
SF,IC2103,2020-07-30 09:30:56.900,6133.2000,7242,0,80892720.000,1,0,1,多换,S,6128.4000,6128.2000,6127.8000,6127.2000,6126.2000,6137.6000,6138.0000,6145.0000,6148.0000,6150.0000,1,1,1,1,1,1,1,1,1,11
SF,IC2103,2020-07-30 09:30:57.400,6133.2000,7242,0,80892720.000,0,-,-,-,-,6128.8000,6128.6000,6128.4000,6127.2000,6126.2000,6136.6000,6138.0000,6145.0000,6148.0000,6150.0000,1,1,1,1,1,1,1,1,1,11
SF,IC2103,2020-07-30 09:30:57.900,6133.2000,7242,0,80892720.000,0,-,-,-,-,6129.4000,6129.0000,6128.8000,6128.4000,6127.2000,6136.6000,6138.0000,6145.0000,6148.0000,6150.0000,2,1,1,1,1,1,1,1,1,11
SF,IC2103,2020-07-30 09:30:58.400,6133.2000,7242,0,80892720.000,0,-,-,-,-,6129.8000,6129.6000,6129.4000,6128.4000,6127.2000,6136.6000,6138.0000,6145.0000,6148.0000,6150.0000,1,1,2,1,1,1,1,1,1,11
SF,IC2103,2020-07-30 09:30:58.900,6133.2000,7242,0,80892720.000,0,-,-,-,-,6130.0000,6129.8000,6128.4000,6127.2000,6126.2000,6136.6000,6138.0000,6145.0000,6148.0000,6150.0000,1,1,1,1,1,1,1,1,1,11
SF,IC2103,2020-07-30 09:30:59.400,6133.2000,7242,0,80892720.000,0,-,-,-,-,6130.0000,6128.4000,6127.2000,6125.4000,6124.8000,6136.6000,6138.0000,6145.0000,6148.0000,6150.0000,1,1,1,1,1,1,1,1,1,11
SF,IC2103,2020-07-30 09:30:59.900,6133.2000,7242,0,80892720.000,0,-,-,-,-,6130.2000,6130.0000,6128.4000,6127.2000,6125.4000,6136.4000,6136.6000,6138.0000,6145.0000,6148.0000,1,1,1,1,1,1,1,1,1,1
SF,IC2103,2020-07-30 09:31:00.400,6130.2000,7241,-1,84570920.000,3,1,2,多平,S,6128.4000,6127.2000,6125.4000,6124.8000,6124.0000,6136.2000,6136.4000,6138.0000,6145.0000,6148.0000,1,1,1,1,1,1,1,1,1,1
SF,IC2103,2020-07-30 09:31:00.900,6135.6000,7240,-1,87023800.000,2,0,2,多平,S,6128.6000,6128.4000,6127.2000,6125.4000,6124.8000,6130.2000,6135.8000,6136.0000,6136.2000,6138.0000,1,1,1,1,1,1,1,2,1,1
SF,IC2103,2020-07-30 09:31:01.400,6130.2000,7240,0,88249840.000,1,0,1,多换,S,6130.2000,6128.4000,6127.2000,6125.4000,6124.8000,6135.8000,6136.0000,6136.2000,6138.0000,6145.0000,1,1,1,1,1,1,1,1,1,1
SF,IC2103,2020-07-30 09:31:01.900,6130.2000,7240,0,88249840.000,0,-,-,-,-,6130.4000,6130.2000,6128.8000,6128.4000,6127.2000,6135.6000,6138.0000,6145.0000,6148.0000,6150.0000,1,1,1,1,1,2,1,1,1,11
SF,IC2103,2020-07-30 09:31:02.400,6130.2000,7240,0,88249840.000,0,-,-,-,-,6130.4000,6130.2000,6128.8000,6128.4000,6127.2000,6135.6000,6145.0000,6148.0000,6150.0000,6155.0000,1,1,1,1,1,2,1,1,11,1
SF,IC2103,2020-07-30 09:31:02.900,6130.2000,7240,0,88249840.000,0,-,-,-,-,6130.8000,6130.4000,6130.2000,6128.4000,6127.2000,6135.6000,6145.0000,6148.0000,6150.0000,6155.0000,1,1,1,1,1,2,1,1,11,1
SF,IC2103,2020-07-30 09:31:03.400,6130.2000,7240,0,88249840.000,0,-,-,-,-,6131.0000,6130.8000,6128.4000,6127.2000,6125.4000,6135.6000,6145.0000,6148.0000,6150.0000,6155.0000,1,1,1,1,3,1,1,1,11,1
SF,IC2103,2020-07-30 09:31:04.900,6130.2000,7240,0,88249840.000,0,-,-,-,-,6131.0000,6128.4000,6127.2000,6125.4000,6124.8000,6135.6000,6145.0000,6148.0000,6150.0000,6155.0000,1,1,1,3,1,1,1,1,11,1
SF,IC2103,2020-07-30 09:31:05.400,6130.2000,7240,0,88249840.000,0,-,-,-,-,6128.4000,6127.2000,6125.4000,6125.0000,6124.8000,6135.6000,6145.0000,6148.0000,6150.0000,6155.0000,1,1,3,1,1,1,1,1,11,1
SF,IC2103,2020-07-30 09:31:05.900,6130.2000,7240,0,88249840.000,0,-,-,-,-,6128.6000,6128.4000,6127.2000,6125.4000,6125.0000,6131.0000,6135.4000,6135.6000,6145.0000,6148.0000,1,1,1,3,1,1,2,1,1,1
SF,IC2103,2020-07-30 09:31:06.400,6135.4000,7240,0,90703120.000,2,1,1,多换,S,6128.4000,6127.2000,6125.4000,6125.0000,6124.8000,6131.0000,6135.4000,6135.6000,6145.0000,6148.0000,1,1,3,1,1,2,1,1,1,1
SF,IC2103,2020-07-30 09:31:06.900,6131.0000,7240,0,93155520.000,2,1,1,多换,S,6128.6000,6128.4000,6127.2000,6125.4000,6125.0000,6135.4000,6135.6000,6145.0000,6148.0000,6150.0000,1,1,1,3,1,1,1,1,1,11
SF,IC2103,2020-07-30 09:31:07.400,6131.0000,7240,0,93155520.000,0,-,-,-,-,6128.6000,6128.4000,6127.2000,6125.4000,6125.0000,6135.2000,6145.0000,6148.0000,6150.0000,6155.0000,1,1,1,3,1,2,1,1,11,1
SF,IC2103,2020-07-30 09:31:08.400,6135.2000,7238,-2,95609600.000,2,0,2,双平,S,6129.8000,6128.8000,6128.6000,6128.4000,6127.2000,6131.0000,6145.0000,6148.0000,6150.0000,6155.0000,1,1,1,1,1,1,1,1,11,1
SF,IC2103,2020-07-30 09:31:08.900,6131.0000,7238,0,96835800.000,1,0,1,多换,S,6131.0000,6129.8000,6128.4000,6127.2000,6125.4000,6145.0000,6148.0000,6150.0000,6155.0000,6157.8000,1,1,1,1,3,1,1,11,1,1
SF,IC2103,2020-07-30 09:31:09.400,6131.0000,7238,0,96835800.000,0,-,-,-,-,6131.2000,6131.0000,6129.8000,6128.4000,6127.2000,6144.6000,6144.8000,6145.0000,6148.0000,6150.0000,2,1,1,1,1,3,1,1,1,11
SF,IC2103,2020-07-30 09:31:09.900,6131.0000,7238,0,96835800.000,0,-,-,-,-,6131.4000,6131.2000,6131.0000,6128.4000,6127.2000,6140.6000,6144.4000,6144.6000,6145.0000,6148.0000,1,4,1,1,1,1,1,3,1,1
SF,IC2103,2020-07-30 09:31:10.400,6131.6000,7235,-3,102971800.000,5,1,4,多平,S,6131.8000,6131.4000,6131.2000,6131.0000,6128.4000,6144.6000,6145.0000,6148.0000,6150.0000,6155.0000,3,1,1,1,1,2,1,1,11,1
SF,IC2103,2020-07-30 09:31:10.900,6131.6000,7235,0,102971800.000,0,-,-,-,-,6132.0000,6131.8000,6131.4000,6131.2000,6131.0000,6141.2000,6144.4000,6144.6000,6145.0000,6148.0000,3,3,1,1,1,1,1,2,1,1
SF,IC2103,2020-07-30 09:31:11.400,6131.6000,7235,0,102971800.000,0,-,-,-,-,6132.6000,6132.0000,6131.4000,6131.2000,6131.0000,6141.0000,6141.2000,6144.6000,6145.0000,6148.0000,1,3,1,1,1,1,1,2,1,1
SF,IC2103,2020-07-30 09:31:11.900,6131.6000,7235,0,102971800.000,0,-,-,-,-,6134.6000,6132.8000,6132.6000,6132.0000,6131.4000,6141.0000,6144.6000,6145.0000,6148.0000,6150.0000,1,2,1,1,1,1,2,1,1,1
SF,IC2103,2020-07-30 09:31:12.400,6131.6000,7235,0,102971800.000,0,-,-,-,-,6134.8000,6134.6000,6133.0000,6132.0000,6131.4000,6141.0000,6144.6000,6145.0000,6148.0000,6150.0000,2,1,3,1,1,1,2,1,1,1
SF,IC2103,2020-07-30 09:31:13.400,6131.6000,7235,0,102971800.000,0,-,-,-,-,6134.8000,6134.6000,6133.0000,6132.8000,6132.0000,6141.0000,6144.6000,6145.0000,6148.0000,6150.0000,2,1,3,1,1,1,2,1,1,1
SF,IC2103,2020-07-30 09:31:13.900,6131.6000,7235,0,102971800.000,0,-,-,-,-,6134.8000,6134.6000,6133.0000,6132.8000,6132.0000,6141.0000,6144.6000,6145.0000,6148.0000,6150.0000,2,1,3,1,1,1,2,1,1,1
SF,IC2103,2020-07-30 09:31:14.400,6131.6000,7235,0,102971800.000,0,-,-,-,-,6135.2000,6134.8000,6134.6000,6132.8000,6132.0000,6141.0000,6144.6000,6145.0000,6148.0000,6150.0000,1,2,1,1,1,1,2,1,1,1
SF,IC2103,2020-07-30 09:31:14.900,6131.6000,7235,0,102971800.000,0,-,-,-,-,6135.4000,6135.2000,6134.6000,6132.0000,6131.4000,6141.0000,6144.6000,6145.0000,6148.0000,6150.0000,2,1,1,1,1,1,2,1,1,1
SF,IC2103,2020-07-30 09:31:15.400,6131.6000,7235,0,102971800.000,0,-,-,-,-,6135.4000,6135.2000,6134.6000,6132.0000,6131.4000,6144.6000,6145.0000,6148.0000,6150.0000,6155.0000,2,1,1,1,1,2,1,1,1,1
SF,IC2103,2020-07-30 09:31:15.900,6131.6000,7235,0,102971800.000,0,-,-,-,-,6135.8000,6135.6000,6135.4000,6134.6000,6131.4000,6143.4000,6144.4000,6144.6000,6145.0000,6148.0000,3,1,2,1,1,1,1,1,1,1
SF,IC2103,2020-07-30 09:31:16.400,6131.6000,7235,0,102971800.000,0,-,-,-,-,6136.0000,6135.8000,6135.6000,6134.6000,6131.4000,6143.2000,6143.4000,6145.0000,6148.0000,6150.0000,2,3,1,1,1,1,1,1,1,1
SF,IC2103,2020-07-30 09:31:16.900,6143.2000,7234,-1,104200440.000,1,0,1,双平,S,6136.0000,6135.8000,6135.6000,6134.6000,6131.4000,6145.0000,6148.0000,6150.0000,6155.0000,6157.8000,2,3,1,1,1,1,1,1,1,1
SF,IC2103,2020-07-30 09:31:17.400,6143.2000,7234,0,104200440.000,0,-,-,-,-,6136.2000,6136.0000,6135.8000,6134.6000,6131.4000,6144.0000,6144.8000,6145.0000,6148.0000,6150.0000,1,2,3,1,1,1,1,1,1,1
SF,IC2103,2020-07-30 09:31:17.900,6143.2000,7234,0,104200440.000,0,-,-,-,-,6136.6000,6136.4000,6136.2000,6134.6000,6131.4000,6143.8000,6145.0000,6148.0000,6150.0000,6155.0000,1,2,1,1,1,1,1,1,1,1
SF,IC2103,2020-07-30 09:31:18.400,6143.2000,7234,0,104200440.000,0,-,-,-,-,6137.2000,6136.8000,6136.6000,6136.2000,6134.6000,6143.8000,6145.0000,6148.0000,6150.0000,6155.0000,1,2,1,1,1,1,1,1,1,1
SF,IC2103,2020-07-30 09:31:18.900,6143.2000,7234,0,104200440.000,0,-,-,-,-,6137.4000,6137.2000,6136.6000,6136.2000,6134.6000,6143.2000,6143.8000,6145.0000,6148.0000,6150.0000,2,1,1,1,1,1,1,1,1,1
SF,IC2103,2020-07-30 09:31:19.400,6143.2000,7234,0,104200440.000,0,-,-,-,-,6138.4000,6137.4000,6136.6000,6134.6000,6131.4000,6143.2000,6145.0000,6148.0000,6150.0000,6155.0000,2,2,1,1,1,1,1,1,1,1
SF,IC2103,2020-07-30 09:31:19.900,6138.4000,7231,-3,109113120.000,4,0,4,多平,S,6138.4000,6137.4000,6136.6000,6134.6000,6131.4000,6145.0000,6148.0000,6150.0000,6155.0000,6157.8000,1,1,1,1,1,1,1,1,1,1
SF,IC2103,2020-07-30 09:31:20.400,6138.4000,7231,0,109113120.000,0,-,-,-,-,6138.6000,6138.4000,6134.6000,6131.4000,6128.4000,6144.8000,6145.0000,6148.0000,6150.0000,6155.0000,2,1,1,1,1,1,1,1,1,1
SF,IC2103,2020-07-30 09:31:21.400,6138.4000,7231,0,109113120.000,0,-,-,-,-,6139.4000,6138.6000,6134.6000,6128.4000,6125.4000,6144.8000,6145.0000,6148.0000,6150.0000,6155.0000,1,2,1,1,3,1,1,1,1,1
SF,IC2103,2020-07-30 09:31:21.900,6138.4000,7231,0,109113120.000,0,-,-,-,-,6139.6000,6139.4000,6138.6000,6134.6000,6128.4000,6144.8000,6145.0000,6148.0000,6150.0000,6155.0000,1,1,1,1,1,1,1,1,1,1
SF,IC2103,2020-07-30 09:31:22.400,6138.4000,7231,0,109113120.000,0,-,-,-,-,6140.4000,6139.6000,6138.6000,6134.6000,6128.4000,6144.8000,6145.0000,6148.0000,6150.0000,6155.0000,1,1,1,1,1,1,1,1,1,1
SF,IC2103,2020-07-30 09:31:22.900,6138.4000,7231,0,109113120.000,0,-,-,-,-,6140.6000,6140.4000,6138.6000,6134.6000,6128.4000,6144.8000,6145.0000,6148.0000,6150.0000,6155.0000,1,1,1,1,1,1,1,1,1,1
SF,IC2103,2020-07-30 09:31:23.400,6138.4000,7231,0,109113120.000,0,-,-,-,-,6142.0000,6141.0000,6140.6000,6140.4000,6138.6000,6145.0000,6148.0000,6150.0000,6155.0000,6157.8000,1,1,1,1,1,1,1,1,1,1
SF,IC2103,2020-07-30 09:31:23.900,6145.0000,7230,-1,110342120.000,1,0,1,双平,S,6142.2000,6141.2000,6141.0000,6138.6000,6128.4000,6148.0000,6150.0000,6155.0000,6157.8000,6159.8000,1,1,1,1,1,1,1,1,1,1
SF,IC2103,2020-07-30 09:31:24.400,6145.0000,7230,0,110342120.000,0,-,-,-,-,6142.4000,6142.2000,6141.2000,6128.4000,6125.4000,6147.8000,6148.0000,6150.0000,6155.0000,6157.8000,1,1,1,1,3,1,1,1,1,1
SF,IC2103,2020-07-30 09:31:24.900,6145.0000,7230,0,110342120.000,0,-,-,-,-,6142.8000,6142.6000,6142.4000,6128.4000,6125.4000,6147.8000,6148.0000,6150.0000,6155.0000,6157.8000,1,1,1,1,3,1,1,1,1,1
SF,IC2103,2020-07-30 09:31:25.400,6145.0000,7230,0,110342120.000,0,-,-,-,-,6143.0000,6142.8000,6142.4000,6128.4000,6125.4000,6147.8000,6148.0000,6150.0000,6155.0000,6157.8000,1,1,1,1,3,1,1,1,1,1
SF,IC2103,2020-07-30 09:31:25.900,6145.0000,7230,0,110342120.000,0,-,-,-,-,6143.0000,6142.8000,6142.4000,6128.4000,6125.4000,6148.0000,6150.0000,6155.0000,6157.8000,6159.8000,1,1,1,1,3,1,1,1,1,1
SF,IC2103,2020-07-30 09:31:26.400,6143.0000,7228,-2,112799440.000,2,0,2,双平,S,6142.4000,6130.2000,6128.4000,6125.4000,6125.0000,6145.0000,6147.8000,6148.0000,6150.0000,6155.0000,1,4,1,3,1,1,1,1,1,1
SF,IC2103,2020-07-30 09:31:26.900,6145.0000,7227,-1,114028440.000,1,0,1,双平,S,6142.6000,6130.2000,6128.4000,6125.4000,6125.0000,6147.8000,6148.0000,6150.0000,6155.0000,6157.8000,1,4,1,3,1,1,1,1,1,1
SF,IC2103,2020-07-30 09:31:27.400,6145.0000,7227,0,114028440.000,0,-,-,-,-,6142.6000,6130.2000,6128.4000,6125.4000,6125.0000,6147.8000,6148.0000,6150.0000,6155.0000,6157.8000,1,4,1,2,1,1,1,1,1,1
SF,IC2103,2020-07-30 09:31:27.900,6145.0000,7227,0,114028440.000,0,-,-,-,-,6130.2000,6128.4000,6125.4000,6125.0000,6124.0000,6147.8000,6148.0000,6150.0000,6155.0000,6157.8000,4,1,2,1,1,1,1,1,1,1
SF,IC2103,2020-07-30 09:31:28.400,6145.0000,7227,0,114028440.000,0,-,-,-,-,6142.0000,6140.8000,6138.0000,6130.4000,6130.2000,6147.6000,6147.8000,6148.0000,6150.0000,6155.0000,1,1,2,3,4,1,1,1,1,1
SF,IC2103,2020-07-30 09:31:28.900,6147.4000,7223,-4,118943160.000,4,0,4,双平,S,6138.0000,6130.4000,6130.2000,6128.4000,6125.4000,6147.4000,6148.0000,6150.0000,6155.0000,6157.8000,2,2,4,1,2,2,1,1,1,1
SF,IC2103,2020-07-30 09:31:29.400,6147.4000,7223,0,118943160.000,0,-,-,-,-,6141.8000,6139.6000,6138.2000,6138.0000,6130.4000,6147.2000,6147.4000,6148.0000,6150.0000,6155.0000,1,1,1,2,1,1,2,1,1,1
SF,IC2103,2020-07-30 09:31:29.900,6141.8000,7222,-1,120171520.000,1,0,1,双平,S,6138.0000,6130.2000,6128.4000,6125.4000,6125.0000,6147.0000,6147.4000,6148.0000,6150.0000,6155.0000,1,4,1,2,1,1,1,1,1,1
SF,IC2103,2020-07-30 09:31:30.400,6146.8000,7221,-1,121400880.000,1,0,1,双平,S,6141.2000,6139.0000,6138.2000,6138.0000,6130.2000,6146.8000,6147.0000,6148.0000,6150.0000,6155.0000,1,1,1,1,4,4,1,1,1,1
SF,IC2103,2020-07-30 09:31:30.900,6146.8000,7221,0,121400880.000,0,-,-,-,-,6141.4000,6138.0000,6130.2000,6125.4000,6125.0000,6146.6000,6146.8000,6147.0000,6148.0000,6150.0000,1,1,4,2,1,1,3,1,1,1
SF,IC2103,2020-07-30 09:31:31.400,6146.8000,7221,0,121400880.000,0,-,-,-,-,6141.8000,6141.4000,6138.0000,6130.2000,6125.4000,6146.4000,6146.6000,6146.8000,6148.0000,6150.0000,1,1,1,4,2,1,1,1,1,1
SF,IC2103,2020-07-30 09:31:31.900,6146.8000,7221,0,121400880.000,0,-,-,-,-,6141.8000,6141.4000,6138.0000,6130.2000,6125.4000,6146.4000,6146.6000,6148.0000,6150.0000,6155.0000,1,1,1,4,2,1,1,1,1,1
SF,IC2103,2020-07-30 09:31:32.400,6146.8000,7221,0,121400880.000,0,-,-,-,-,6142.4000,6142.0000,6141.8000,6138.0000,6130.2000,6146.4000,6146.6000,6148.0000,6150.0000,6155.0000,1,1,1,1,4,1,1,1,1,1
SF,IC2103,2020-07-30 09:31:32.900,6146.8000,7221,0,121400880.000,0,-,-,-,-,6142.4000,6142.0000,6138.0000,6130.2000,6125.4000,6146.4000,6148.0000,6150.0000,6155.0000,6157.8000,1,1,1,4,2,1,1,1,1,1
SF,IC2103,2020-07-30 09:31:33.400,6146.8000,7221,0,121400880.000,0,-,-,-,-,6142.6000,6142.4000,6138.0000,6130.2000,6125.4000,6146.4000,6148.0000,6150.0000,6155.0000,6157.8000,1,1,1,4,2,1,1,1,1,1
SF,IC2103,2020-07-30 09:31:33.900,6146.8000,7221,0,121400880.000,0,-,-,-,-,6138.0000,6130.2000,6125.4000,6125.0000,6118.0000,6146.4000,6148.0000,6150.0000,6155.0000,6157.8000,1,4,2,1,1,1,1,1,1,1
SF,IC2103,2020-07-30 09:31:34.400,6146.8000,7221,0,121400880.000,0,-,-,-,-,6141.8000,6140.8000,6138.6000,6138.2000,6138.0000,6146.2000,6146.4000,6148.0000,6150.0000,6155.0000,1,1,1,2,2,2,1,1,1,1
SF,IC2103,2020-07-30 09:31:34.900,6146.8000,7221,0,121400880.000,0,-,-,-,-,6142.0000,6141.8000,6138.2000,6138.0000,6130.2000,6146.0000,6148.0000,6150.0000,6155.0000,6157.8000,1,1,1,2,4,1,1,1,1,1
SF,IC2103,2020-07-30 09:31:35.400,6146.8000,7221,0,121400880.000,0,-,-,-,-,6142.0000,6138.2000,6138.0000,6130.2000,6125.4000,6146.0000,6148.0000,6150.0000,6155.0000,6157.8000,1,1,2,4,2,1,1,1,1,1
SF,IC2103,2020-07-30 09:31:35.900,6146.8000,7221,0,121400880.000,0,-,-,-,-,6142.6000,6142.0000,6138.0000,6130.2000,6125.4000,6145.8000,6146.0000,6148.0000,6150.0000,6155.0000,1,1,2,4,2,1,1,1,1,1
SF,IC2103,2020-07-30 09:31:36.400,6142.6000,7220,-1,122629400.000,1,0,1,双平,S,6138.0000,6130.2000,6125.4000,6125.0000,6118.0000,6145.6000,6145.8000,6148.0000,6150.0000,6155.0000,1,4,2,1,1,1,1,1,1,1
SF,IC2103,2020-07-30 09:31:36.900,6142.6000,7220,0,122629400.000,0,-,-,-,-,6138.2000,6138.0000,6130.0000,6125.4000,6125.0000,6145.4000,6145.6000,6145.8000,6148.0000,6150.0000,1,1,1,2,1,3,1,1,1,1
SF,IC2103,2020-07-30 09:31:37.400,6142.6000,7220,0,122629400.000,0,-,-,-,-,6139.8000,6138.2000,6138.0000,6130.0000,6125.4000,6145.2000,6145.4000,6145.8000,6148.0000,6150.0000,1,1,1,1,2,1,2,1,1,1
SF,IC2103,2020-07-30 09:31:37.900,6142.6000,7220,0,122629400.000,0,-,-,-,-,6140.0000,6138.0000,6130.0000,6125.4000,6125.0000,6145.0000,6145.2000,6145.4000,6145.8000,6148.0000,1,1,1,2,1,1,1,2,1,1
SF,IC2103,2020-07-30 09:31:38.400,6142.6000,7220,0,122629400.000,0,-,-,-,-,6138.0000,6130.0000,6125.4000,6125.0000,6118.0000,6144.8000,6145.0000,6145.4000,6145.8000,6148.0000,1,1,2,1,1,1,1,2,1,1
SF,IC2103,2020-07-30 09:31:38.900,6142.6000,7220,0,122629400.000,0,-,-,-,-,6138.2000,6138.0000,6130.0000,6125.4000,6125.0000,6144.6000,6144.8000,6145.0000,6145.4000,6145.8000,1,2,1,2,1,1,1,1,1,1
SF,IC2103,2020-07-30 09:31:39.400,6142.6000,7220,0,122629400.000,0,-,-,-,-,6138.6000,6138.2000,6130.0000,6125.4000,6125.0000,6144.4000,6144.6000,6145.0000,6145.4000,6148.0000,1,1,1,2,1,1,1,1,1,1
SF,IC2103,2020-07-30 09:31:39.900,6142.6000,7220,0,122629400.000,0,-,-,-,-,6138.8000,6130.0000,6125.4000,6125.0000,6118.0000,6144.2000,6144.4000,6145.0000,6145.4000,6148.0000,1,1,2,1,1,1,1,1,1,1
SF,IC2103,2020-07-30 09:31:40.400,6142.6000,7220,0,122629400.000,0,-,-,-,-,6138.8000,6130.0000,6125.4000,6125.0000,6118.0000,6144.0000,6144.2000,6145.0000,6148.0000,6150.0000,1,1,2,1,1,1,1,1,1,1
SF,IC2103,2020-07-30 09:31:40.900,6142.6000,7220,0,122629400.000,0,-,-,-,-,6138.8000,6130.0000,6125.4000,6125.0000,6118.0000,6144.0000,6144.2000,6148.0000,6150.0000,6155.0000,1,1,2,1,1,1,1,1,1,1
SF,IC2103,2020-07-30 09:31:41.400,6144.2000,7219,-1,123858240.000,1,0,1,双平,S,6139.0000,6138.8000,6130.0000,6125.4000,6125.0000,6148.0000,6150.0000,6155.0000,6157.8000,6159.8000,1,1,1,2,1,1,1,1,1,1
SF,IC2103,2020-07-30 09:31:41.900,6144.2000,7219,0,123858240.000,0,-,-,-,-,6139.8000,6139.4000,6139.2000,6139.0000,6130.0000,6147.8000,6148.0000,6150.0000,6155.0000,6157.8000,1,2,3,1,1,1,1,1,1,1
SF,IC2103,2020-07-30 09:31:42.400,6144.2000,7219,0,123858240.000,0,-,-,-,-,6140.8000,6140.0000,6139.8000,6139.4000,6139.2000,6147.8000,6148.0000,6150.0000,6155.0000,6157.8000,1,2,1,1,1,1,1,1,1,1
SF,IC2103,2020-07-30 09:31:42.900,6144.2000,7219,0,123858240.000,0,-,-,-,-,6141.8000,6141.0000,6140.8000,6139.8000,6139.2000,6147.6000,6147.8000,6148.0000,6150.0000,6155.0000,1,2,1,1,1,1,1,1,1,1
SF,IC2103,2020-07-30 09:31:43.400,6144.2000,7219,0,123858240.000,0,-,-,-,-,6142.0000,6141.8000,6141.2000,6140.8000,6139.2000,6147.4000,6147.6000,6148.0000,6150.0000,6155.0000,2,1,1,1,1,1,1,1,1,1
SF,IC2103,2020-07-30 09:31:43.900,6144.2000,7219,0,123858240.000,0,-,-,-,-,6142.0000,6141.2000,6139.2000,6130.0000,6125.4000,6147.4000,6147.6000,6148.0000,6150.0000,6155.0000,2,1,1,1,2,1,1,1,1,1
SF,IC2103,2020-07-30 09:31:44.400,6144.2000,7219,0,123858240.000,0,-,-,-,-,6142.0000,6139.2000,6130.0000,6125.4000,6125.0000,6147.0000,6147.2000,6147.4000,6147.6000,6148.0000,1,1,1,2,1,1,1,1,1,1
SF,IC2103,2020-07-30 09:31:44.900,6144.2000,7219,0,123858240.000,0,-,-,-,-,6139.2000,6125.4000,6125.0000,6118.0000,6117.2000,6146.8000,6147.0000,6147.2000,6147.6000,6148.0000,1,2,1,1,1,1,1,1,1,1
SF,IC2103,2020-07-30 09:31:45.400,6144.2000,7219,0,123858240.000,0,-,-,-,-,6140.0000,6139.4000,6125.4000,6125.0000,6118.0000,6146.4000,6146.6000,6146.8000,6147.2000,6147.6000,2,1,2,1,1,1,3,1,1,1
SF,IC2103,2020-07-30 09:31:45.900,6144.2000,7219,0,123858240.000,0,-,-,-,-,6140.2000,6140.0000,6125.4000,6125.0000,6118.0000,6146.2000,6146.4000,6146.6000,6147.2000,6147.6000,1,1,2,1,1,2,1,1,1,1
SF,IC2103,2020-07-30 09:31:46.400,6146.0000,7218,-1,125087440.000,1,0,1,双平,S,6140.2000,6140.0000,6125.4000,6125.0000,6118.0000,6146.0000,6146.2000,6146.6000,6147.2000,6147.6000,1,1,2,1,1,1,2,1,1,1
SF,IC2103,2020-07-30 09:31:46.900,6146.0000,7218,0,125087440.000,0,-,-,-,-,6140.8000,6140.2000,6140.0000,6125.4000,6125.0000,6145.8000,6146.0000,6146.6000,6147.2000,6147.6000,1,1,1,2,1,2,1,1,1,1
SF,IC2103,2020-07-30 09:31:47.400,6146.0000,7218,0,125087440.000,0,-,-,-,-,6141.0000,6140.8000,6140.0000,6125.4000,6125.0000,6145.8000,6146.0000,6146.6000,6147.2000,6148.0000,1,2,1,2,1,1,1,1,1,1
SF,IC2103,2020-07-30 09:31:47.900,6146.0000,7218,0,125087440.000,0,-,-,-,-,6141.0000,6140.8000,6140.0000,6125.4000,6125.0000,6145.8000,6146.0000,6146.6000,6148.0000,6150.0000,1,2,1,2,1,1,1,1,1,1
SF,IC2103,2020-07-30 09:31:48.400,6146.0000,7218,0,125087440.000,0,-,-,-,-,6141.0000,6140.8000,6140.0000,6125.4000,6125.0000,6145.8000,6146.0000,6148.0000,6150.0000,6155.0000,1,2,1,2,1,1,1,1,1,1
SF,IC2103,2020-07-30 09:31:48.900,6145.8000,7217,-1,126316600.000,1,0,1,双平,S,6145.8000,6141.0000,6140.8000,6140.0000,6125.4000,6148.0000,6150.0000,6155.0000,6157.8000,6159.8000,4,1,2,1,2,1,1,1,1,1
SF,IC2103,2020-07-30 09:31:49.400,6145.8000,7217,0,131233240.000,4,2,2,多换,S,6145.8000,6140.8000,6140.0000,6125.4000,6125.0000,6146.6000,6147.8000,6148.0000,6150.0000,6155.0000,1,2,1,2,1,1,1,1,1,1
SF,IC2103,2020-07-30 09:31:49.900,6145.8000,7217,0,132462400.000,1,0,1,多换,S,6140.8000,6140.0000,6125.4000,6125.0000,6118.0000,6145.8000,6146.6000,6147.8000,6148.0000,6150.0000,2,1,2,1,1,1,1,1,1,1
SF,IC2103,2020-07-30 09:31:50.400,6145.8000,7217,0,132462400.000,0,-,-,-,-,6141.0000,6140.8000,6140.0000,6125.4000,6125.0000,6145.6000,6145.8000,6147.8000,6148.0000,6150.0000,1,2,1,2,1,1,1,1,1,1
SF,IC2103,2020-07-30 09:31:50.900,6145.8000,7217,0,132462400.000,0,-,-,-,-,6141.0000,6140.8000,6140.0000,6125.4000,6125.0000,6145.6000,6147.8000,6148.0000,6150.0000,6155.0000,1,2,1,2,1,1,1,1,1,1
SF,IC2103,2020-07-30 09:31:51.400,6145.8000,7217,0,132462400.000,0,-,-,-,-,6141.0000,6140.8000,6140.0000,6125.4000,6125.0000,6147.8000,6148.0000,6150.0000,6155.0000,6157.8000,1,2,1,2,1,1,1,1,1,1
SF,IC2103,2020-07-30 09:31:51.900,6145.8000,7217,0,132462400.000,0,-,-,-,-,6141.0000,6140.8000,6140.0000,6125.4000,6125.0000,6146.0000,6147.6000,6147.8000,6148.0000,6150.0000,1,2,1,2,1,1,3,1,1,1
SF,IC2103,2020-07-30 09:31:52.400,6145.8000,7217,0,132462400.000,0,-,-,-,-,6141.0000,6140.8000,6140.0000,6125.4000,6125.0000,6145.8000,6147.6000,6147.8000,6148.0000,6150.0000,1,2,1,2,1,1,2,1,1,1
SF,IC2103,2020-07-30 09:31:52.900,6145.8000,7217,0,132462400.000,0,-,-,-,-,6141.4000,6141.0000,6140.8000,6140.0000,6125.4000,6145.6000,6145.8000,6147.6000,6147.8000,6148.0000,1,1,2,1,2,1,1,2,1,1
SF,IC2103,2020-07-30 09:31:53.400,6145.8000,7217,0,132462400.000,0,-,-,-,-,6141.6000,6140.8000,6140.0000,6125.4000,6125.0000,6145.4000,6145.6000,6147.6000,6147.8000,6148.0000,1,2,1,2,1,1,1,1,1,1
SF,IC2103,2020-07-30 09:31:53.900,6145.8000,7217,0,132462400.000,0,-,-,-,-,6141.6000,6140.8000,6140.0000,6125.4000,6125.0000,6145.2000,6145.4000,6145.6000,6147.6000,6147.8000,1,2,1,2,1,1,1,1,1,1
SF,IC2103,2020-07-30 09:31:54.400,6145.8000,7217,0,132462400.000,0,-,-,-,-,6141.6000,6140.8000,6140.0000,6125.4000,6125.0000,6145.0000,6145.2000,6145.6000,6147.6000,6147.8000,1,2,1,2,1,1,1,1,1,1
SF,IC2103,2020-07-30 09:31:57.400,6145.8000,7217,0,132462400.000,0,-,-,-,-,6141.6000,6140.8000,6140.0000,6125.4000,6125.0000,6145.0000,6145.2000,6145.6000,6147.6000,6147.8000,1,2,1,2,1,1,1,1,1,1
SF,IC2103,2020-07-30 09:31:57.900,6145.8000,7217,0,132462400.000,0,-,-,-,-,6141.6000,6140.8000,6140.0000,6125.4000,6125.0000,6144.8000,6145.0000,6145.2000,6145.6000,6147.6000,1,2,1,2,1,1,1,1,1,1
SF,IC2103,2020-07-30 09:31:58.400,6145.8000,7217,0,132462400.000,0,-,-,-,-,6141.6000,6140.8000,6140.0000,6125.4000,6125.0000,6144.6000,6144.8000,6145.2000,6145.6000,6147.6000,1,2,1,2,1,1,1,1,1,1
SF,IC2103,2020-07-30 09:31:58.900,6145.8000,7217,0,132462400.000,0,-,-,-,-,6140.8000,6140.0000,6125.4000,6125.0000,6120.0000,6144.6000,6144.8000,6145.2000,6145.6000,6147.6000,2,1,2,1,1,1,1,1,1,1
SF,IC2103,2020-07-30 09:31:59.400,6145.8000,7217,0,132462400.000,0,-,-,-,-,6140.8000,6140.0000,6125.4000,6125.0000,6120.0000,6144.6000,6144.8000,6145.2000,6145.6000,6147.6000,2,1,2,1,1,1,1,1,1,1
SF,IC2103,2020-07-30 09:31:59.900,6144.4000,7216,-1,136147600.000,3,1,2,多平,S,6140.0000,6125.4000,6125.0000,6120.0000,6118.0000,6144.4000,6144.6000,6144.8000,6145.2000,6145.6000,1,2,1,1,1,1,1,1,1,1
SF,IC2103,2020-07-30 09:32:00.400,6144.4000,7216,0,136147600.000,0,-,-,-,-,6140.0000,6125.4000,6125.0000,6120.0000,6118.0000,6143.6000,6144.2000,6144.4000,6144.8000,6145.2000,1,2,1,1,1,1,2,1,1,1
SF,IC2103,2020-07-30 09:32:00.900,6140.0000,7216,0,137375600.000,1,0,1,多换,S,6125.4000,6125.0000,6120.0000,6118.0000,6117.2000,6143.4000,6143.6000,6144.8000,6145.2000,6145.6000,2,1,1,1,1,2,2,1,1,1
SF,IC2103,2020-07-30 09:32:01.400,6140.0000,7216,0,137375600.000,0,-,-,-,-,6137.2000,6135.2000,6134.4000,6131.4000,6127.2000,6143.2000,6143.4000,6143.6000,6144.8000,6145.2000,1,1,1,1,1,2,2,2,1,1
SF,IC2103,2020-07-30 09:32:01.900,6140.0000,7216,0,137375600.000,0,-,-,-,-,6137.4000,6134.4000,6131.4000,6127.2000,6125.8000,6142.8000,6143.0000,6143.2000,6143.6000,6144.8000,1,1,1,1,1,1,1,1,2,1
SF,IC2103,2020-07-30 09:32:02.400,6137.4000,7215,-1,138603080.000,1,0,1,双平,S,6134.4000,6131.4000,6127.2000,6125.8000,6125.4000,6142.6000,6142.8000,6143.2000,6143.6000,6144.8000,1,1,1,1,2,1,1,1,2,1
SF,IC2103,2020-07-30 09:32:02.900,6137.4000,7215,0,138603080.000,0,-,-,-,-,6134.8000,6134.6000,6131.4000,6130.0000,6127.2000,6142.2000,6142.4000,6142.6000,6143.6000,6144.8000,1,1,1,1,1,1,2,1,2,1
SF,IC2103,2020-07-30 09:32:03.400,6137.4000,7215,0,138603080.000,0,-,-,-,-,6140.2000,6135.0000,6134.8000,6131.4000,6130.0000,6142.0000,6142.2000,6142.4000,6143.6000,6144.8000,3,1,1,1,1,2,1,1,2,1
SF,IC2103,2020-07-30 09:32:03.900,6140.2000,7218,3,142287200.000,3,3,0,双开,S,6131.4000,6130.0000,6127.2000,6125.8000,6125.4000,6141.6000,6143.6000,6144.8000,6145.2000,6145.6000,1,1,1,1,2,1,2,1,1,1
SF,IC2103,2020-07-30 09:32:04.400,6140.2000,7218,0,142287200.000,0,-,-,-,-,6134.0000,6132.8000,6131.6000,6131.4000,6130.0000,6141.4000,6141.6000,6143.6000,6144.8000,6145.2000,1,1,1,1,1,3,1,2,1,1
SF,IC2103,2020-07-30 09:32:04.900,6140.2000,7218,0,142287200.000,0,-,-,-,-,6134.2000,6131.4000,6130.0000,6127.2000,6125.8000,6141.0000,6141.4000,6143.6000,6144.8000,6145.2000,1,1,1,1,1,2,3,2,1,1
SF,IC2103,2020-07-30 09:32:05.400,6140.2000,7218,0,142287200.000,0,-,-,-,-,6134.2000,6131.4000,6130.0000,6127.2000,6125.8000,6140.8000,6141.0000,6143.6000,6144.8000,6145.2000,1,1,1,1,1,2,2,2,1,1
SF,IC2103,2020-07-30 09:32:05.900,6140.2000,7218,0,142287200.000,0,-,-,-,-,6134.2000,6131.4000,6130.0000,6127.2000,6125.8000,6140.4000,6140.8000,6143.6000,6144.8000,6145.2000,1,1,1,1,1,1,2,2,1,1
SF,IC2103,2020-07-30 09:32:06.400,6140.2000,7218,0,142287200.000,0,-,-,-,-,6134.2000,6131.4000,6130.0000,6127.2000,6125.8000,6140.2000,6140.4000,6143.6000,6144.8000,6145.2000,1,1,1,1,1,2,1,2,1,1
SF,IC2103,2020-07-30 09:32:06.900,6140.2000,7218,0,142287200.000,0,-,-,-,-,6134.2000,6131.4000,6130.0000,6127.2000,6125.8000,6139.8000,6140.2000,6143.6000,6144.8000,6145.2000,1,1,1,1,1,1,2,2,1,1
SF,IC2103,2020-07-30 09:32:07.400,6140.2000,7218,0,142287200.000,0,-,-,-,-,6134.2000,6131.4000,6130.0000,6127.2000,6125.8000,6139.6000,6139.8000,6143.6000,6144.8000,6145.2000,1,1,1,1,1,2,1,2,1,1
SF,IC2103,2020-07-30 09:32:07.900,6140.2000,7218,0,142287200.000,0,-,-,-,-,6130.0000,6127.2000,6125.8000,6125.4000,6125.0000,6139.2000,6139.6000,6143.6000,6144.8000,6145.2000,1,1,1,2,1,1,2,2,1,1
SF,IC2103,2020-07-30 09:32:08.400,6140.2000,7218,0,142287200.000,0,-,-,-,-,6132.2000,6131.0000,6130.2000,6130.0000,6127.2000,6139.0000,6139.2000,6143.6000,6144.8000,6145.2000,1,1,1,1,1,3,1,2,1,1
SF,IC2103,2020-07-30 09:32:08.900,6140.2000,7218,0,142287200.000,0,-,-,-,-,6132.4000,6130.0000,6127.2000,6125.8000,6125.4000,6138.6000,6139.0000,6143.6000,6144.8000,6145.2000,1,1,1,1,2,1,2,2,1,1
SF,IC2103,2020-07-30 09:32:09.400,6140.2000,7218,0,142287200.000,0,-,-,-,-,6132.4000,6130.0000,6127.2000,6125.8000,6125.4000,6138.4000,6138.6000,6143.6000,6144.8000,6145.2000,1,1,1,1,2,2,1,2,1,1
SF,IC2103,2020-07-30 09:32:09.900,6140.2000,7218,0,142287200.000,0,-,-,-,-,6132.4000,6130.0000,6127.2000,6125.8000,6125.4000,6138.0000,6138.4000,6143.6000,6144.8000,6145.2000,1,1,1,1,2,1,2,2,1,1
SF,IC2103,2020-07-30 09:32:10.400,6140.2000,7218,0,142287200.000,0,-,-,-,-,6130.0000,6125.8000,6125.4000,6125.0000,6120.0000,6137.8000,6138.0000,6143.6000,6144.8000,6145.2000,1,1,2,1,1,2,1,2,1,1
SF,IC2103,2020-07-30 09:32:10.900,6140.2000,7218,0,142287200.000,0,-,-,-,-,6130.2000,6130.0000,6125.8000,6125.4000,6125.0000,6137.4000,6137.6000,6137.8000,6143.6000,6144.8000,1,1,1,2,1,1,1,2,2,1
SF,IC2103,2020-07-30 09:32:11.400,6140.2000,7218,0,142287200.000,0,-,-,-,-,6130.2000,6130.0000,6125.8000,6125.4000,6125.0000,6137.2000,6137.4000,6137.6000,6143.6000,6144.8000,1,1,1,2,1,2,1,1,2,1
SF,IC2103,2020-07-30 09:32:11.900,6140.2000,7218,0,142287200.000,0,-,-,-,-,6130.2000,6125.8000,6125.4000,6125.0000,6120.0000,6136.8000,6137.2000,6137.6000,6143.6000,6144.8000,1,1,2,1,1,1,2,1,2,1
SF,IC2103,2020-07-30 09:32:12.400,6140.2000,7218,0,142287200.000,0,-,-,-,-,6130.2000,6125.8000,6125.4000,6125.0000,6120.0000,6136.6000,6136.8000,6137.6000,6143.6000,6144.8000,1,1,2,1,1,2,1,1,2,1
SF,IC2103,2020-07-30 09:32:12.900,6140.2000,7218,0,142287200.000,0,-,-,-,-,6130.2000,6125.8000,6125.4000,6125.0000,6120.0000,6136.2000,6136.6000,6137.6000,6143.6000,6144.8000,1,1,2,1,1,1,2,1,2,1
SF,IC2103,2020-07-30 09:32:13.400,6140.2000,7218,0,142287200.000,0,-,-,-,-,6130.2000,6125.8000,6125.4000,6125.0000,6120.0000,6136.0000,6136.2000,6137.6000,6143.6000,6144.8000,1,1,2,1,1,2,1,1,2,1
SF,IC2103,2020-07-30 09:32:13.900,6140.2000,7218,0,142287200.000,0,-,-,-,-,6130.2000,6125.8000,6125.4000,6125.0000,6120.0000,6135.6000,6136.0000,6137.6000,6143.6000,6144.8000,1,1,2,1,1,1,3,1,1,1
SF,IC2103,2020-07-30 09:32:14.400,6130.2000,7217,-1,143513240.000,1,0,1,双平,S,6128.0000,6125.8000,6125.4000,6125.0000,6120.0000,6135.4000,6135.6000,6136.0000,6137.6000,6143.6000,1,1,2,1,1,1,1,2,1,1
SF,IC2103,2020-07-30 09:32:14.900,6130.2000,7217,0,143513240.000,0,-,-,-,-,6128.2000,6128.0000,6125.8000,6125.4000,6125.0000,6135.0000,6135.2000,6135.4000,6136.0000,6137.6000,1,1,1,2,1,1,1,1,1,1
SF,IC2103,2020-07-30 09:32:15.400,6130.2000,7217,0,143513240.000,0,-,-,-,-,6128.2000,6128.0000,6125.8000,6125.4000,6125.0000,6134.8000,6135.0000,6136.0000,6137.6000,6143.6000,1,1,1,2,1,2,1,1,1,1
SF,IC2103,2020-07-30 09:32:15.900,6130.2000,7217,0,143513240.000,0,-,-,-,-,6128.2000,6128.0000,6125.8000,6125.4000,6125.0000,6134.4000,6134.8000,6136.0000,6137.6000,6143.6000,1,1,1,2,1,1,2,1,1,1
SF,IC2103,2020-07-30 09:32:16.400,6130.2000,7217,0,143513240.000,0,-,-,-,-,6128.2000,6128.0000,6125.8000,6125.4000,6125.0000,6134.2000,6134.4000,6136.0000,6137.6000,6143.6000,1,1,1,2,1,2,1,1,1,1
SF,IC2103,2020-07-30 09:32:16.900,6130.2000,7217,0,143513240.000,0,-,-,-,-,6128.2000,6128.0000,6125.8000,6125.4000,6125.0000,6133.8000,6134.2000,6136.0000,6137.6000,6143.6000,1,1,1,2,1,1,2,1,1,1
SF,IC2103,2020-07-30 09:32:17.400,6130.2000,7217,0,143513240.000,0,-,-,-,-,6128.2000,6128.0000,6125.8000,6125.4000,6125.0000,6133.6000,6133.8000,6136.0000,6137.6000,6143.6000,1,1,1,2,1,2,1,1,1,1
SF,IC2103,2020-07-30 09:32:17.900,6130.2000,7217,0,143513240.000,0,-,-,-,-,6128.2000,6128.0000,6125.8000,6125.4000,6125.0000,6133.2000,6133.6000,6136.0000,6137.6000,6143.6000,1,1,1,2,1,1,2,1,1,1
SF,IC2103,2020-07-30 09:32:18.400,6130.2000,7217,0,143513240.000,0,-,-,-,-,6128.2000,6128.0000,6125.8000,6125.4000,6125.0000,6133.0000,6133.6000,6136.0000,6137.6000,6143.6000,2,1,1,2,1,1,1,1,1,1
SF,IC2103,2020-07-30 09:32:18.900,6133.0000,7216,-1,144739840.000,1,0,1,双平,S,6128.2000,6128.0000,6125.8000,6125.4000,6125.0000,6136.0000,6137.6000,6143.6000,6144.8000,6148.0000,1,1,1,2,1,1,1,1,1,1
SF,IC2103,2020-07-30 09:32:19.400,6133.0000,7216,0,144739840.000,0,-,-,-,-,6128.4000,6128.2000,6128.0000,6125.8000,6125.4000,6135.6000,6135.8000,6136.0000,6137.6000,6143.6000,3,1,1,1,2,1,2,1,1,1
SF,IC2103,2020-07-30 09:32:19.900,6135.4000,7215,-1,145966920.000,1,0,1,双平,S,6128.6000,6128.4000,6128.0000,6125.8000,6125.4000,6135.6000,6135.8000,6136.0000,6137.6000,6143.6000,1,2,1,1,2,1,1,1,1,1
SF,IC2103,2020-07-30 09:32:20.400,6135.4000,7215,0,145966920.000,0,-,-,-,-,6128.8000,6128.6000,6128.0000,6125.8000,6125.4000,6133.0000,6135.4000,6135.6000,6135.8000,6136.0000,1,1,1,1,2,1,2,1,1,1
SF,IC2103,2020-07-30 09:32:20.900,6135.4000,7215,0,145966920.000,0,-,-,-,-,6129.0000,6128.0000,6125.8000,6125.4000,6125.0000,6133.0000,6135.4000,6135.6000,6135.8000,6136.0000,1,1,1,2,1,1,1,1,1,1
SF,IC2103,2020-07-30 09:32:21.400,6135.4000,7215,0,145966920.000,0,-,-,-,-,6129.0000,6128.0000,6125.8000,6125.4000,6125.0000,6132.8000,6133.0000,6135.4000,6135.6000,6135.8000,1,1,1,2,1,1,1,1,1,1
SF,IC2103,2020-07-30 09:32:23.400,6133.0000,7213,-2,148420120.000,2,0,2,双平,S,6129.0000,6128.0000,6125.8000,6125.4000,6125.0000,6135.4000,6135.6000,6135.8000,6136.0000,6137.6000,1,1,1,2,1,1,1,1,1,1
SF,IC2103,2020-07-30 09:32:23.900,6133.0000,7213,0,148420120.000,0,-,-,-,-,6129.2000,6129.0000,6128.0000,6125.8000,6125.0000,6135.2000,6135.4000,6136.0000,6137.6000,6143.6000,2,1,1,1,1,2,1,1,1,1
SF,IC2103,2020-07-30 09:32:24.400,6133.0000,7213,0,148420120.000,0,-,-,-,-,6129.4000,6129.2000,6128.0000,6125.8000,6125.0000,6135.2000,6136.0000,6137.6000,6143.6000,6144.8000,2,2,1,1,1,2,1,1,1,1
SF,IC2103,2020-07-30 09:32:24.900,6133.0000,7213,0,148420120.000,0,-,-,-,-,6129.6000,6129.4000,6128.0000,6125.8000,6125.0000,6135.2000,6136.0000,6137.6000,6143.6000,6148.0000,2,1,1,1,1,1,1,1,1,1
SF,IC2103,2020-07-30 09:32:25.400,6133.0000,7213,0,148420120.000,0,-,-,-,-,6129.8000,6129.6000,6128.0000,6125.8000,6125.0000,6134.8000,6135.2000,6136.0000,6137.6000,6143.6000,1,2,1,1,1,1,1,1,1,1
SF,IC2103,2020-07-30 09:32:25.900,6133.0000,7213,0,148420120.000,0,-,-,-,-,6129.8000,6129.6000,6128.0000,6125.8000,6125.0000,6134.6000,6134.8000,6136.0000,6137.6000,6143.6000,1,2,1,1,1,1,1,1,1,1
SF,IC2103,2020-07-30 09:32:26.400,6133.0000,7213,0,148420120.000,0,-,-,-,-,6129.8000,6129.6000,6128.0000,6125.8000,6125.0000,6134.6000,6134.8000,6136.0000,6137.6000,6143.6000,1,1,1,1,1,1,1,1,1,1
SF,IC2103,2020-07-30 09:32:26.900,6133.0000,7213,0,148420120.000,0,-,-,-,-,6129.8000,6129.6000,6128.0000,6125.8000,6125.0000,6134.6000,6134.8000,6137.6000,6143.6000,6148.0000,1,1,1,1,1,1,1,1,1,1
SF,IC2103,2020-07-30 09:32:27.400,6133.0000,7213,0,148420120.000,0,-,-,-,-,6129.8000,6129.6000,6128.0000,6125.8000,6125.0000,6134.6000,6137.6000,6143.6000,6148.0000,6150.0000,1,1,1,1,1,1,1,1,1,1
SF,IC2103,2020-07-30 09:32:27.900,6133.0000,7213,0,148420120.000,0,-,-,-,-,6129.8000,6129.6000,6128.0000,6125.8000,6125.0000,6134.6000,6137.6000,6143.6000,6148.0000,6150.0000,1,1,1,1,1,1,1,1,1,1
SF,IC2103,2020-07-30 09:32:29.400,6134.6000,7212,-1,149647040.000,1,0,1,双平,S,6129.8000,6129.6000,6128.0000,6125.8000,6125.0000,6137.6000,6143.6000,6148.0000,6150.0000,6157.8000,1,1,1,1,1,1,1,1,1,1
SF,IC2103,2020-07-30 09:32:29.900,6134.6000,7212,0,149647040.000,0,-,-,-,-,6130.8000,6130.0000,6129.8000,6129.6000,6128.0000,6137.2000,6137.6000,6143.6000,6148.0000,6150.0000,1,2,1,1,1,1,1,1,1,1
SF,IC2103,2020-07-30 09:32:30.400,6134.6000,7212,0,149647040.000,0,-,-,-,-,6131.4000,6131.2000,6131.0000,6130.8000,6129.6000,6137.2000,6143.6000,6148.0000,6150.0000,6157.8000,1,1,2,1,1,1,1,1,1,1
SF,IC2103,2020-07-30 09:32:30.900,6134.6000,7212,0,149647040.000,0,-,-,-,-,6131.6000,6131.4000,6131.2000,6129.6000,6128.0000,6143.6000,6148.0000,6150.0000,6157.8000,6159.8000,3,1,1,1,1,1,1,1,1,1
SF,IC2103,2020-07-30 09:32:31.400,6134.6000,7212,0,149647040.000,0,-,-,-,-,6132.2000,6131.8000,6131.6000,6131.4000,6131.2000,6141.0000,6142.0000,6143.2000,6143.4000,6143.6000,1,1,3,1,1,1,1,1,1,1
SF,IC2103,2020-07-30 09:32:31.900,6134.6000,7212,0,149647040.000,0,-,-,-,-,6132.4000,6131.8000,6131.6000,6131.4000,6131.2000,6140.6000,6140.8000,6141.0000,6142.0000,6143.6000,2,1,1,1,1,1,1,1,1,1
SF,IC2103,2020-07-30 09:32:32.400,6134.6000,7212,0,149647040.000,0,-,-,-,-,6132.4000,6131.8000,6131.4000,6131.2000,6128.0000,6140.4000,6140.6000,6142.0000,6143.6000,6148.0000,2,1,1,1,1,2,1,1,1,1
SF,IC2103,2020-07-30 09:32:32.900,6134.6000,7212,0,149647040.000,0,-,-,-,-,6132.4000,6131.8000,6131.4000,6131.2000,6128.0000,6140.0000,6140.2000,6140.4000,6142.0000,6143.6000,2,1,1,1,1,1,2,2,1,1
SF,IC2103,2020-07-30 09:32:33.400,6134.6000,7212,0,149647040.000,0,-,-,-,-,6132.4000,6131.8000,6131.4000,6131.2000,6128.0000,6139.8000,6140.0000,6140.4000,6142.0000,6143.6000,2,1,1,1,1,3,1,1,1,1
SF,IC2103,2020-07-30 09:32:33.900,6134.6000,7212,0,149647040.000,0,-,-,-,-,6132.4000,6131.8000,6131.2000,6128.0000,6125.8000,6139.4000,6139.6000,6139.8000,6142.0000,6143.6000,2,1,1,1,1,1,1,3,1,1
SF,IC2103,2020-07-30 09:32:34.400,6134.6000,7212,0,149647040.000,0,-,-,-,-,6132.4000,6131.8000,6128.0000,6125.8000,6125.0000,6139.2000,6139.4000,6139.6000,6139.8000,6142.0000,1,1,1,1,1,2,1,1,2,1
SF,IC2103,2020-07-30 09:32:34.900,6134.6000,7212,0,149647040.000,0,-,-,-,-,6132.6000,6132.4000,6131.8000,6128.0000,6125.8000,6138.8000,6139.2000,6139.8000,6142.0000,6143.6000,1,1,1,1,1,1,2,1,1,1
SF,IC2103,2020-07-30 09:32:35.400,6134.6000,7212,0,149647040.000,0,-,-,-,-,6132.8000,6132.6000,6128.0000,6125.8000,6125.0000,6138.6000,6138.8000,6142.0000,6143.6000,6148.0000,1,1,1,1,1,2,1,1,1,1
SF,IC2103,2020-07-30 09:32:35.900,6134.6000,7212,0,149647040.000,0,-,-,-,-,6132.8000,6132.6000,6128.0000,6125.8000,6125.0000,6138.6000,6142.0000,6143.6000,6148.0000,6150.0000,1,1,1,1,1,1,1,1,1,1
SF,IC2103,2020-07-30 09:32:36.400,6134.6000,7212,0,149647040.000,0,-,-,-,-,6133.0000,6132.8000,6132.6000,6128.0000,6125.8000,6138.6000,6142.0000,6143.6000,6148.0000,6150.0000,1,1,1,1,1,1,1,1,1,1
SF,IC2103,2020-07-30 09:32:36.900,6134.6000,7212,0,149647040.000,0,-,-,-,-,6133.2000,6133.0000,6132.6000,6128.0000,6125.8000,6143.6000,6148.0000,6150.0000,6157.8000,6159.8000,2,1,1,1,1,1,1,1,1,1
SF,IC2103,2020-07-30 09:32:37.400,6134.6000,7212,0,149647040.000,0,-,-,-,-,6133.4000,6133.2000,6133.0000,6132.6000,6128.0000,6141.6000,6142.0000,6143.2000,6143.4000,6143.6000,2,2,1,1,1,1,1,1,1,1
SF,IC2103,2020-07-30 09:32:37.900,6134.6000,7212,0,149647040.000,0,-,-,-,-,6133.6000,6133.4000,6133.0000,6132.6000,6128.0000,6141.2000,6141.4000,6143.6000,6148.0000,6150.0000,2,2,1,1,1,1,1,1,1,1
SF,IC2103,2020-07-30 09:32:38.400,6134.6000,7212,0,149647040.000,0,-,-,-,-,6133.6000,6133.4000,6133.0000,6132.6000,6128.0000,6141.0000,6141.2000,6143.6000,6148.0000,6150.0000,2,2,1,1,1,1,1,1,1,1
SF,IC2103,2020-07-30 09:32:38.900,6134.6000,7212,0,149647040.000,0,-,-,-,-,6133.6000,6133.4000,6133.0000,6132.6000,6128.0000,6140.8000,6141.0000,6143.6000,6148.0000,6150.0000,2,2,1,1,1,1,2,1,1,1
SF,IC2103,2020-07-30 09:32:39.400,6134.6000,7212,0,149647040.000,0,-,-,-,-,6134.2000,6133.8000,6133.6000,6133.4000,6133.0000,6140.6000,6140.8000,6141.0000,6143.6000,6148.0000,1,1,2,2,1,1,1,1,1,1
SF,IC2103,2020-07-30 09:32:39.900,6134.6000,7212,0,149647040.000,0,-,-,-,-,6134.4000,6133.8000,6133.4000,6128.0000,6125.8000,6140.2000,6140.6000,6141.0000,6143.6000,6148.0000,2,1,1,1,1,1,1,1,1,1
SF,IC2103,2020-07-30 09:32:40.400,6134.6000,7212,0,149647040.000,0,-,-,-,-,6134.4000,6133.8000,6128.0000,6125.8000,6125.0000,6140.0000,6140.2000,6141.0000,6143.6000,6148.0000,1,1,1,1,1,1,1,1,1,1
SF,IC2103,2020-07-30 09:32:40.900,6134.6000,7212,0,149647040.000,0,-,-,-,-,6134.4000,6128.0000,6125.8000,6125.0000,6120.0000,6139.4000,6139.6000,6140.0000,6141.0000,6143.6000,1,1,1,1,1,1,1,1,1,1
SF,IC2103,2020-07-30 09:32:41.400,6134.6000,7212,0,149647040.000,0,-,-,-,-,6128.0000,6125.8000,6125.0000,6120.0000,6118.0000,6139.0000,6139.2000,6139.4000,6141.0000,6143.6000,1,1,1,1,1,1,1,1,1,1
SF,IC2103,2020-07-30 09:32:41.900,6134.6000,7212,0,149647040.000,0,-,-,-,-,6130.6000,6129.2000,6128.4000,6128.2000,6128.0000,6138.8000,6139.0000,6141.0000,6143.6000,6148.0000,1,1,1,1,2,3,1,1,1,1
SF,IC2103,2020-07-30 09:32:42.400,6134.6000,7212,0,149647040.000,0,-,-,-,-,6133.0000,6130.8000,6128.4000,6128.0000,6125.0000,6138.0000,6138.6000,6138.8000,6141.0000,6143.6000,1,1,1,2,1,1,1,3,1,1
SF,IC2103,2020-07-30 09:32:42.900,6134.6000,7212,0,149647040.000,0,-,-,-,-,6130.8000,6128.4000,6128.0000,6125.0000,6120.0000,6137.6000,6137.8000,6138.0000,6138.8000,6141.0000,1,1,2,1,1,1,1,1,1,1
SF,IC2103,2020-07-30 09:32:43.400,6134.6000,7212,0,149647040.000,0,-,-,-,-,6131.0000,6130.8000,6128.4000,6128.0000,6125.0000,6137.4000,6137.6000,6141.0000,6143.6000,6148.0000,1,1,1,2,1,2,1,1,1,1
SF,IC2103,2020-07-30 09:32:43.900,6134.6000,7212,0,149647040.000,0,-,-,-,-,6131.2000,6131.0000,6128.4000,6128.0000,6125.0000,6137.4000,6141.0000,6143.6000,6148.0000,6150.0000,1,1,1,2,1,2,1,1,1,1
SF,IC2103,2020-07-30 09:32:44.400,6134.6000,7212,0,149647040.000,0,-,-,-,-,6131.4000,6131.2000,6131.0000,6128.4000,6128.0000,6137.4000,6141.0000,6143.6000,6148.0000,6150.0000,1,1,1,1,2,2,1,1,1,1
SF,IC2103,2020-07-30 09:32:44.900,6134.6000,7212,0,149647040.000,0,-,-,-,-,6131.6000,6131.4000,6131.0000,6128.4000,6128.0000,6137.4000,6141.0000,6143.6000,6148.0000,6150.0000,1,1,1,1,2,2,1,1,1,1
SF,IC2103,2020-07-30 09:32:45.400,6134.6000,7212,0,149647040.000,0,-,-,-,-,6131.8000,6131.6000,6131.4000,6131.0000,6128.4000,6137.2000,6137.4000,6141.0000,6143.6000,6148.0000,1,1,1,1,1,1,2,1,1,1
SF,IC2103,2020-07-30 09:32:45.900,6137.0000,7211,-1,150874440.000,1,0,1,双平,S,6132.0000,6131.8000,6131.4000,6131.0000,6128.4000,6137.4000,6141.0000,6143.6000,6148.0000,6150.0000,1,1,1,1,1,1,1,1,1,1
SF,IC2103,2020-07-30 09:32:46.400,6137.0000,7211,0,150874440.000,0,-,-,-,-,6132.2000,6132.0000,6131.8000,6131.4000,6131.0000,6137.4000,6141.0000,6143.6000,6148.0000,6150.0000,1,1,1,1,1,1,1,1,1,1
SF,IC2103,2020-07-30 09:32:46.900,6137.0000,7211,0,150874440.000,0,-,-,-,-,6132.4000,6132.2000,6131.8000,6131.4000,6131.0000,6137.2000,6137.4000,6141.0000,6143.6000,6148.0000,1,1,1,1,1,1,1,1,1,1
SF,IC2103,2020-07-30 09:32:47.400,6137.0000,7211,0,150874440.000,0,-,-,-,-,6132.4000,6132.2000,6131.8000,6131.4000,6131.0000,6136.8000,6137.0000,6137.2000,6141.0000,6143.6000,1,1,1,1,1,1,1,1,1,1
SF,IC2103,2020-07-30 09:32:47.900,6132.4000,7210,-1,152100920.000,1,0,1,双平,S,6132.2000,6131.8000,6131.4000,6131.0000,6128.4000,6136.6000,6136.8000,6141.0000,6143.6000,6148.0000,1,1,1,1,1,2,1,1,1,1
SF,IC2103,2020-07-30 09:32:48.400,6132.4000,7210,0,152100920.000,0,-,-,-,-,6132.4000,6132.2000,6131.8000,6131.4000,6131.0000,6136.4000,6136.6000,6141.0000,6143.6000,6148.0000,1,1,1,1,1,1,2,1,1,1
SF,IC2103,2020-07-30 09:32:48.900,6132.4000,7210,0,152100920.000,0,-,-,-,-,6132.4000,6132.2000,6131.8000,6131.4000,6131.0000,6134.0000,6136.2000,6136.4000,6136.6000,6141.0000,1,1,1,1,1,1,1,1,1,1
SF,IC2103,2020-07-30 09:32:49.400,6132.4000,7210,0,152100920.000,0,-,-,-,-,6132.4000,6132.2000,6131.8000,6131.4000,6131.0000,6134.0000,6136.4000,6136.6000,6141.0000,6143.6000,1,1,1,1,1,1,1,1,1,1
SF,IC2103,2020-07-30 09:32:49.900,6132.4000,7210,0,152100920.000,0,-,-,-,-,6132.4000,6132.2000,6131.8000,6131.4000,6131.0000,6134.0000,6136.4000,6136.6000,6141.0000,6143.6000,1,1,1,1,1,1,1,1,1,1
SF,IC2103,2020-07-30 09:32:50.400,6132.4000,7210,0,152100920.000,0,-,-,-,-,6132.4000,6132.2000,6131.8000,6131.4000,6131.0000,6134.0000,6136.4000,6136.6000,6141.0000,6148.0000,1,1,1,1,1,1,1,1,1,1
SF,IC2103,2020-07-30 09:32:50.900,6132.4000,7210,0,152100920.000,0,-,-,-,-,6132.4000,6132.2000,6131.8000,6131.4000,6131.0000,6134.0000,6136.4000,6136.6000,6141.0000,6148.0000,1,1,1,1,1,1,1,1,1,1
SF,IC2103,2020-07-30 09:32:51.900,6132.4000,7209,-1,153327400.000,1,0,1,双平,S,6132.2000,6131.8000,6131.4000,6131.0000,6128.4000,6134.0000,6136.6000,6141.0000,6148.0000,6150.0000,1,1,1,1,1,1,1,1,1,1
SF,IC2103,2020-07-30 09:32:52.400,6131.8000,7207,-2,155780200.000,2,0,2,双平,S,6131.4000,6128.4000,6128.0000,6125.0000,6120.0000,6134.0000,6136.6000,6148.0000,6150.0000,6157.8000,1,1,1,1,1,2,1,1,1,1
SF,IC2103,2020-07-30 09:32:52.900,6131.6000,7206,-1,157006520.000,1,0,1,双平,S,6128.4000,6128.0000,6125.0000,6120.0000,6118.0000,6134.0000,6136.6000,6148.0000,6150.0000,6157.8000,1,1,1,1,1,2,1,1,1,1
SF,IC2103,2020-07-30 09:32:53.400,6131.6000,7206,0,157006520.000,0,-,-,-,-,6128.6000,6128.0000,6125.0000,6120.0000,6118.0000,6133.8000,6134.0000,6136.6000,6148.0000,6150.0000,1,1,1,1,1,2,2,1,1,1
SF,IC2103,2020-07-30 09:32:53.900,6131.6000,7206,0,157006520.000,0,-,-,-,-,6128.6000,6128.0000,6125.0000,6120.0000,6118.0000,6133.6000,6133.8000,6134.0000,6136.6000,6148.0000,1,1,1,1,1,1,2,2,1,1
SF,IC2103,2020-07-30 09:32:54.400,6131.6000,7206,0,157006520.000,0,-,-,-,-,6129.2000,6128.0000,6125.0000,6120.0000,6118.0000,6133.4000,6133.6000,6133.8000,6134.0000,6136.6000,1,1,1,1,1,1,1,1,2,1
SF,IC2103,2020-07-30 09:32:54.900,6128.0000,7205,-1,159457960.000,2,0,2,多平,S,6125.0000,6120.0000,6118.0000,6117.2000,6107.8000,6133.0000,6133.6000,6134.0000,6148.0000,6150.0000,1,1,1,1,1,1,1,2,1,1
SF,IC2103,2020-07-30 09:32:55.400,6132.8000,7205,0,160684520.000,1,0,1,多换,S,6125.8000,6125.2000,6125.0000,6120.0000,6118.0000,6132.8000,6133.0000,6133.6000,6134.0000,6148.0000,1,1,1,1,1,3,1,1,2,1
SF,IC2103,2020-07-30 09:32:55.900,6132.8000,7205,0,160684520.000,0,-,-,-,-,6126.0000,6125.0000,6120.0000,6118.0000,6117.2000,6132.4000,6132.8000,6133.6000,6134.0000,6148.0000,1,1,1,1,1,1,2,1,2,1
SF,IC2103,2020-07-30 09:32:56.400,6132.8000,7205,0,160684520.000,0,-,-,-,-,6126.0000,6125.0000,6120.0000,6118.0000,6117.2000,6132.2000,6132.4000,6133.6000,6134.0000,6148.0000,1,1,1,1,1,2,1,1,2,1
SF,IC2103,2020-07-30 09:32:56.900,6132.8000,7205,0,160684520.000,0,-,-,-,-,6126.0000,6125.0000,6120.0000,6118.0000,6117.2000,6131.8000,6132.2000,6134.0000,6148.0000,6150.0000,1,1,1,1,1,2,2,2,1,1
SF,IC2103,2020-07-30 09:32:57.400,6132.8000,7205,0,160684520.000,0,-,-,-,-,6126.0000,6125.0000,6120.0000,6118.0000,6117.2000,6131.6000,6131.8000,6134.0000,6148.0000,6150.0000,1,1,1,1,1,2,1,2,1,1
SF,IC2103,2020-07-30 09:32:57.900,6132.8000,7205,0,160684520.000,0,-,-,-,-,6126.0000,6125.0000,6120.0000,6118.0000,6117.2000,6131.6000,6131.8000,6134.0000,6148.0000,6150.0000,1,1,1,1,1,2,1,2,1,1
SF,IC2103,2020-07-30 09:32:58.400,6132.8000,7205,0,160684520.000,0,-,-,-,-,6129.6000,6126.0000,6125.0000,6120.0000,6118.0000,6131.6000,6134.0000,6148.0000,6150.0000,6157.8000,2,1,1,1,1,2,2,1,1,1
SF,IC2103,2020-07-30 09:32:58.900,6132.8000,7205,0,160684520.000,0,-,-,-,-,6129.6000,6126.0000,6125.0000,6120.0000,6118.0000,6134.0000,6148.0000,6150.0000,6157.8000,6159.8000,2,1,1,1,1,2,1,1,1,1
SF,IC2103,2020-07-30 09:32:59.400,6132.8000,7205,0,160684520.000,0,-,-,-,-,6129.8000,6129.6000,6125.0000,6120.0000,6118.0000,6133.0000,6133.8000,6134.0000,6148.0000,6150.0000,1,2,1,1,1,1,2,2,1,1
SF,IC2103,2020-07-30 09:32:59.900,6132.8000,7205,0,160684520.000,0,-,-,-,-,6129.8000,6129.6000,6125.0000,6120.0000,6118.0000,6133.8000,6134.0000,6148.0000,6150.0000,6157.8000,1,2,1,1,1,1,2,1,1,1
SF,IC2103,2020-07-30 09:33:00.400,6132.8000,7205,0,160684520.000,0,-,-,-,-,6129.8000,6129.6000,6125.0000,6120.0000,6118.0000,6133.0000,6134.0000,6148.0000,6150.0000,6157.8000,1,2,1,1,1,2,2,1,1,1
SF,IC2103,2020-07-30 09:33:00.900,6132.8000,7205,0,160684520.000,0,-,-,-,-,6129.8000,6129.6000,6125.0000,6120.0000,6118.0000,6133.0000,6134.0000,6148.0000,6150.0000,6157.8000,1,2,1,1,1,2,2,1,1,1
SF,IC2103,2020-07-30 09:33:01.400,6130.0000,7204,-1,161910520.000,1,0,1,双平,S,6129.8000,6129.6000,6125.0000,6120.0000,6118.0000,6132.8000,6133.0000,6134.0000,6148.0000,6150.0000,1,2,1,1,1,1,2,2,1,1
SF,IC2103,2020-07-30 09:33:01.900,6129.6000,7203,-1,165588320.000,3,1,2,多平,S,6125.0000,6120.0000,6118.0000,6117.2000,6107.8000,6132.6000,6132.8000,6133.0000,6134.0000,6148.0000,1,1,1,1,1,1,1,2,2,1
SF,IC2103,2020-07-30 09:33:02.400,6129.6000,7203,0,165588320.000,0,-,-,-,-,6128.4000,6127.6000,6125.4000,6125.2000,6125.0000,6132.4000,6132.6000,6132.8000,6133.0000,6134.0000,1,1,1,1,1,3,1,1,2,2
SF,IC2103,2020-07-30 09:33:02.900,6128.4000,7202,-1,166814000.000,1,0,1,双平,S,6125.4000,6125.0000,6120.0000,6118.0000,6117.2000,6132.2000,6132.4000,6132.8000,6133.0000,6134.0000,1,1,1,1,1,1,1,1,2,2
SF,IC2103,2020-07-30 09:33:03.400,6128.4000,7202,0,166814000.000,0,-,-,-,-,6125.8000,6125.0000,6120.0000,6118.0000,6117.2000,6132.0000,6132.2000,6132.4000,6132.8000,6133.0000,1,1,1,1,1,2,1,1,1,2
SF,IC2103,2020-07-30 09:33:03.900,6128.4000,7202,0,166814000.000,0,-,-,-,-,6126.8000,6125.0000,6120.0000,6118.0000,6117.2000,6131.8000,6132.0000,6132.4000,6132.8000,6133.0000,1,1,1,1,1,1,2,1,1,2
SF,IC2103,2020-07-30 09:33:04.400,6126.8000,7201,-1,168039360.000,1,0,1,双平,S,6125.0000,6120.0000,6118.0000,6117.2000,6107.8000,6131.6000,6132.0000,6132.4000,6132.8000,6133.0000,1,1,1,1,1,1,2,1,1,2
SF,IC2103,2020-07-30 09:33:04.900,6126.8000,7201,0,168039360.000,0,-,-,-,-,6125.0000,6120.0000,6118.0000,6117.2000,6107.8000,6131.4000,6131.6000,6132.0000,6132.4000,6132.8000,1,1,1,1,1,2,2,1,1,1
SF,IC2103,2020-07-30 09:33:05.400,6126.8000,7201,0,168039360.000,0,-,-,-,-,6125.0000,6120.0000,6118.0000,6117.2000,6107.8000,6131.4000,6131.6000,6132.0000,6132.4000,6132.8000,1,1,1,1,1,2,2,1,1,1
SF,IC2103,2020-07-30 09:33:05.900,6126.8000,7201,0,168039360.000,0,-,-,-,-,6125.0000,6120.0000,6118.0000,6117.2000,6107.8000,6131.2000,6131.4000,6131.6000,6132.0000,6132.4000,1,1,1,1,1,1,3,1,1,1
SF,IC2103,2020-07-30 09:33:06.400,6126.8000,7201,0,168039360.000,0,-,-,-,-,6125.2000,6125.0000,6120.0000,6118.0000,6117.2000,6131.0000,6131.2000,6131.4000,6131.6000,6132.0000,1,1,1,1,1,2,1,1,1,1
SF,IC2103,2020-07-30 09:33:06.900,6126.8000,7201,0,168039360.000,0,-,-,-,-,6125.2000,6125.0000,6120.0000,6118.0000,6117.2000,6131.0000,6131.2000,6131.4000,6131.6000,6132.0000,1,1,1,1,1,2,1,1,1,1
SF,IC2103,2020-07-30 09:33:07.400,6126.8000,7201,0,168039360.000,0,-,-,-,-,6125.2000,6125.0000,6120.0000,6118.0000,6117.2000,6131.0000,6131.2000,6131.6000,6132.0000,6132.4000,1,1,1,1,1,2,1,1,1,1
SF,IC2103,2020-07-30 09:33:07.900,6126.8000,7201,0,168039360.000,0,-,-,-,-,6125.2000,6125.0000,6120.0000,6118.0000,6117.2000,6130.0000,6131.0000,6131.6000,6132.0000,6132.4000,1,1,1,1,1,1,2,1,1,1
SF,IC2103,2020-07-30 09:33:08.400,6126.8000,7201,0,168039360.000,0,-,-,-,-,6125.2000,6125.0000,6120.0000,6118.0000,6117.2000,6130.0000,6131.0000,6131.6000,6132.0000,6132.4000,1,1,1,1,1,1,2,1,1,1
SF,IC2103,2020-07-30 09:33:08.900,6126.8000,7201,0,168039360.000,0,-,-,-,-,6125.4000,6125.2000,6125.0000,6120.0000,6118.0000,6129.8000,6130.0000,6131.0000,6131.6000,6133.0000,2,1,1,1,1,1,1,1,1,2
SF,IC2103,2020-07-30 09:33:09.400,6126.8000,7201,0,168039360.000,0,-,-,-,-,6125.6000,6125.4000,6125.0000,6120.0000,6118.0000,6129.8000,6130.0000,6131.0000,6131.6000,6133.0000,1,2,1,1,1,1,1,1,1,2
SF,IC2103,2020-07-30 09:33:09.900,6126.8000,7201,0,168039360.000,0,-,-,-,-,6125.6000,6125.4000,6125.0000,6120.0000,6118.0000,6129.6000,6129.8000,6130.0000,6131.0000,6131.6000,1,1,1,1,1,1,1,1,1,1
SF,IC2103,2020-07-30 09:33:10.400,6126.8000,7201,0,168039360.000,0,-,-,-,-,6125.6000,6125.0000,6120.0000,6118.0000,6117.2000,6129.4000,6129.6000,6130.0000,6131.0000,6131.6000,1,1,1,1,1,1,1,1,1,1
SF,IC2103,2020-07-30 09:33:10.900,6129.2000,7200,-1,169265200.000,1,0,1,双平,S,6125.0000,6120.0000,6118.0000,6117.2000,6107.8000,6129.4000,6129.6000,6130.0000,6131.0000,6131.6000,1,1,1,1,1,1,1,1,1,1
SF,IC2103,2020-07-30 09:33:11.400,6125.0000,7199,-1,170490200.000,1,0,1,双平,S,6120.0000,6118.0000,6117.2000,6107.8000,6100.0000,6129.4000,6129.6000,6130.0000,6131.0000,6131.6000,1,1,1,1,1,1,1,1,1,1
SF,IC2103,2020-07-30 09:33:11.900,6125.0000,7199,0,170490200.000,0,-,-,-,-,6123.8000,6121.6000,6120.4000,6120.2000,6120.0000,6129.2000,6129.4000,6129.6000,6130.0000,6131.6000,1,1,1,1,1,2,1,1,1,1
SF,IC2103,2020-07-30 09:33:12.400,6123.8000,7198,-1,171714960.000,1,0,1,双平,S,6127.0000,6120.4000,6120.2000,6120.0000,6118.0000,6128.8000,6129.0000,6129.2000,6129.6000,6130.0000,1,1,1,1,1,1,1,1,1,1
SF,IC2103,2020-07-30 09:33:12.900,6125.0000,7198,0,172939960.000,1,0,1,多换,S,6120.4000,6120.0000,6118.0000,6117.2000,6107.8000,6125.0000,6128.8000,6129.6000,6130.0000,6131.6000,1,1,1,1,1,5,1,1,1,1
SF,IC2103,2020-07-30 09:33:13.400,6125.0000,7198,0,174164960.000,1,0,1,多换,S,6122.2000,6121.0000,6120.6000,6120.0000,6118.0000,6125.0000,6128.8000,6129.6000,6130.0000,6131.6000,1,1,1,1,1,5,1,1,1,1
SF,IC2103,2020-07-30 09:33:13.900,6122.2000,7197,-1,175389400.000,1,0,1,双平,S,6120.0000,6118.0000,6117.2000,6107.8000,6100.0000,6124.8000,6125.0000,6128.8000,6129.6000,6130.0000,1,1,1,1,1,1,5,1,1,1
SF,IC2103,2020-07-30 09:33:14.400,6122.2000,7197,0,175389400.000,0,-,-,-,-,6120.6000,6120.2000,6120.0000,6118.0000,6117.2000,6124.8000,6125.0000,6128.8000,6129.6000,6130.0000,1,1,1,1,1,1,5,1,1,1
SF,IC2103,2020-07-30 09:33:14.900,6122.2000,7197,0,175389400.000,0,-,-,-,-,6120.6000,6120.0000,6118.0000,6117.2000,6107.8000,6124.8000,6125.0000,6128.8000,6129.6000,6130.0000,1,1,1,1,1,1,5,1,1,1
SF,IC2103,2020-07-30 09:33:15.900,6122.2000,7197,0,175389400.000,0,-,-,-,-,6122.0000,6120.0000,6118.0000,6117.2000,6107.8000,6124.8000,6125.0000,6128.8000,6129.6000,6130.0000,1,1,1,1,1,1,5,1,1,1
SF,IC2103,2020-07-30 09:33:16.400,6122.0000,7197,0,176613800.000,1,0,1,多换,S,6120.0000,6118.0000,6117.2000,6107.8000,6100.0000,6125.0000,6128.8000,6129.6000,6130.0000,6131.6000,1,1,1,1,1,5,1,1,1,1
SF,IC2103,2020-07-30 09:33:16.900,6122.0000,7197,0,176613800.000,0,-,-,-,-,6120.0000,6118.0000,6117.2000,6107.8000,6100.0000,6124.8000,6125.0000,6128.8000,6129.6000,6130.0000,1,1,1,1,1,1,5,1,1,1
SF,IC2103,2020-07-30 09:33:17.400,6122.0000,7197,0,176613800.000,0,-,-,-,-,6120.0000,6118.0000,6117.2000,6107.8000,6100.0000,6124.8000,6125.0000,6128.8000,6129.6000,6130.0000,1,1,1,1,1,2,5,1,1,1
SF,IC2103,2020-07-30 09:33:17.900,6122.0000,7197,0,176613800.000,0,-,-,-,-,6120.0000,6118.0000,6117.2000,6107.8000,6100.0000,6124.8000,6125.0000,6128.8000,6129.6000,6130.0000,1,1,1,1,1,2,5,1,1,1
SF,IC2103,2020-07-30 09:33:18.400,6122.0000,7197,0,176613800.000,0,-,-,-,-,6120.0000,6118.0000,6117.2000,6107.8000,6100.0000,6124.8000,6125.0000,6128.8000,6129.6000,6130.0000,1,1,1,1,1,2,5,1,1,1
SF,IC2103,2020-07-30 09:33:18.900,6122.0000,7197,0,176613800.000,0,-,-,-,-,6120.0000,6118.0000,6117.2000,6107.8000,6100.0000,6124.8000,6125.0000,6128.8000,6129.6000,6130.0000,1,1,1,1,1,2,5,1,1,1
SF,IC2103,2020-07-30 09:33:19.400,6120.0000,7197,0,177837800.000,1,0,1,多换,S,6118.0000,6117.2000,6107.8000,6100.0000,6095.2000,6124.8000,6125.0000,6128.8000,6129.6000,6130.0000,1,1,1,1,1,2,5,1,1,1
SF,IC2103,2020-07-30 09:33:19.900,6120.0000,7197,0,177837800.000,0,-,-,-,-,6118.2000,6118.0000,6117.2000,6107.8000,6100.0000,6124.0000,6124.8000,6125.0000,6128.8000,6129.6000,2,1,1,1,1,1,2,5,1,1
SF,IC2103,2020-07-30 09:33:20.400,6120.0000,7197,0,177837800.000,0,-,-,-,-,6118.2000,6118.0000,6117.2000,6107.8000,6100.0000,6123.8000,6124.0000,6124.8000,6125.0000,6128.8000,2,1,1,1,1,1,1,1,5,1
SF,IC2103,2020-07-30 09:33:21.400,6118.2000,7196,-1,179061440.000,1,0,1,双平,S,6118.2000,6118.0000,6117.2000,6107.8000,6100.0000,6123.4000,6123.6000,6123.8000,6124.0000,6124.8000,1,1,1,1,1,1,1,1,1,1
SF,IC2103,2020-07-30 09:33:21.900,6118.2000,7196,0,179061440.000,0,-,-,-,-,6118.0000,6117.2000,6107.8000,6100.0000,6095.2000,6123.4000,6123.6000,6124.0000,6124.8000,6125.0000,1,1,1,1,1,1,1,1,1,5
SF,IC2103,2020-07-30 09:33:22.400,6118.0000,7196,0,180285040.000,1,0,1,多换,S,6117.2000,6107.8000,6100.0000,6095.2000,6091.0000,6123.4000,6123.6000,6124.0000,6124.8000,6125.0000,1,1,1,1,9,1,1,1,1,5
SF,IC2103,2020-07-30 09:33:22.900,6118.0000,7196,0,180285040.000,0,-,-,-,-,6117.2000,6107.8000,6100.0000,6095.2000,6091.0000,6123.2000,6123.4000,6124.0000,6124.8000,6125.0000,1,1,1,1,9,2,1,1,1,5
SF,IC2103,2020-07-30 09:33:23.400,6118.0000,7196,0,180285040.000,0,-,-,-,-,6117.2000,6107.8000,6100.0000,6095.2000,6091.0000,6122.8000,6123.2000,6124.0000,6124.8000,6125.0000,1,1,1,1,9,1,2,1,1,5
SF,IC2103,2020-07-30 09:33:23.900,6118.0000,7196,0,180285040.000,0,-,-,-,-,6117.2000,6107.8000,6100.0000,6095.2000,6091.0000,6122.6000,6122.8000,6124.0000,6124.8000,6125.0000,1,1,1,1,9,2,1,1,1,5
SF,IC2103,2020-07-30 09:33:24.400,6118.0000,7196,0,180285040.000,0,-,-,-,-,6117.2000,6107.8000,6100.0000,6095.2000,6091.0000,6122.2000,6122.6000,6124.0000,6124.8000,6125.0000,1,1,1,1,9,1,2,1,1,5
SF,IC2103,2020-07-30 09:33:24.900,6118.0000,7196,0,180285040.000,0,-,-,-,-,6118.0000,6117.2000,6107.8000,6100.0000,6095.2000,6122.0000,6122.2000,6122.6000,6124.0000,6124.8000,1,1,1,1,1,1,1,1,1,1
SF,IC2103,2020-07-30 09:33:25.400,6118.0000,7196,0,180285040.000,0,-,-,-,-,6118.0000,6117.2000,6107.8000,6100.0000,6095.2000,6121.6000,6122.0000,6124.0000,6124.8000,6125.0000,1,1,1,1,1,1,1,1,1,5
SF,IC2103,2020-07-30 09:33:25.900,6118.0000,7196,0,180285040.000,0,-,-,-,-,6118.0000,6117.2000,6107.8000,6100.0000,6095.2000,6121.4000,6121.6000,6124.0000,6124.8000,6125.0000,1,1,1,1,1,1,1,1,1,5
SF,IC2103,2020-07-30 09:33:26.400,6118.0000,7196,0,180285040.000,0,-,-,-,-,6118.0000,6117.2000,6107.8000,6100.0000,6095.2000,6121.0000,6121.4000,6124.0000,6124.8000,6125.0000,1,1,1,1,1,1,1,1,1,5
SF,IC2103,2020-07-30 09:33:26.900,6118.0000,7196,0,180285040.000,0,-,-,-,-,6118.2000,6118.0000,6117.2000,6107.8000,6100.0000,6121.0000,6121.4000,6121.8000,6124.0000,6124.8000,1,1,1,1,1,1,1,1,1,1
SF,IC2103,2020-07-30 09:33:27.400,6121.8000,7194,-2,182733600.000,2,0,2,双平,S,6118.2000,6118.0000,6117.2000,6107.8000,6100.0000,6124.0000,6124.8000,6125.0000,6130.0000,6133.0000,1,1,1,1,1,1,1,5,1,2
SF,IC2103,2020-07-30 09:33:27.900,6121.8000,7194,0,182733600.000,0,-,-,-,-,6118.2000,6118.0000,6117.2000,6107.8000,6100.0000,6123.8000,6124.0000,6124.8000,6125.0000,6130.0000,1,1,1,1,1,3,1,1,5,1
SF,IC2103,2020-07-30 09:33:28.900,6123.8000,7193,-1,183958360.000,1,0,1,双平,S,6118.4000,6118.2000,6118.0000,6117.2000,6107.8000,6123.8000,6124.0000,6124.8000,6125.0000,6130.0000,1,1,1,1,1,2,1,1,5,1
SF,IC2103,2020-07-30 09:33:29.400,6124.0000,7192,-1,185183160.000,1,0,1,双平,S,6118.6000,6118.4000,6118.0000,6117.2000,6107.8000,6124.8000,6125.0000,6130.0000,6133.0000,6148.0000,2,1,1,1,1,1,5,1,2,1
SF,IC2103,2020-07-30 09:33:29.900,6124.0000,7192,0,185183160.000,0,-,-,-,-,6119.0000,6118.8000,6118.6000,6118.0000,6117.2000,6124.6000,6124.8000,6125.0000,6130.0000,6133.0000,1,1,2,1,1,1,1,5,1,2
SF,IC2103,2020-07-30 09:33:30.400,6124.0000,7192,0,185183160.000,0,-,-,-,-,6119.4000,6119.2000,6119.0000,6118.0000,6117.2000,6124.4000,6124.6000,6124.8000,6125.0000,6130.0000,5,2,1,1,1,1,1,1,5,1
SF,IC2103,2020-07-30 09:33:30.900,6124.0000,7192,0,185183160.000,0,-,-,-,-,6119.6000,6119.4000,6119.2000,6119.0000,6118.0000,6124.2000,6124.4000,6125.0000,6130.0000,6133.0000,1,5,1,1,1,1,2,5,1,2
SF,IC2103,2020-07-30 09:33:31.400,6124.0000,7192,0,185183160.000,0,-,-,-,-,6119.6000,6119.4000,6119.0000,6118.0000,6117.2000,6124.2000,6124.4000,6125.0000,6130.0000,6133.0000,1,5,1,1,1,1,2,5,1,2
SF,IC2103,2020-07-30 09:33:31.900,6119.6000,7191,-1,186407080.000,1,0,1,双平,S,6119.4000,6119.0000,6118.0000,6117.2000,6107.8000,6124.2000,6124.4000,6125.0000,6130.0000,6133.0000,5,1,1,1,1,1,2,5,1,2
SF,IC2103,2020-07-30 09:33:32.400,6119.6000,7191,0,186407080.000,0,-,-,-,-,6119.4000,6119.0000,6118.0000,6117.2000,6107.8000,6124.2000,6124.4000,6125.0000,6130.0000,6133.0000,5,1,1,1,1,1,2,5,1,2
SF,IC2103,2020-07-30 09:33:33.400,6119.6000,7191,0,186407080.000,0,-,-,-,-,6119.4000,6119.0000,6118.0000,6117.2000,6107.8000,6119.6000,6124.2000,6124.4000,6125.0000,6130.0000,5,1,1,1,1,2,1,2,5,1
SF,IC2103,2020-07-30 09:33:33.900,6119.6000,7189,-2,188854920.000,2,0,2,双平,S,6120.0000,6119.4000,6119.0000,6118.0000,6117.2000,6124.2000,6124.4000,6125.0000,6130.0000,6133.0000,1,5,1,1,1,1,1,5,1,2
SF,IC2103,2020-07-30 09:33:34.400,6119.6000,7189,0,188854920.000,0,-,-,-,-,6120.0000,6119.4000,6119.0000,6118.0000,6117.2000,6124.0000,6124.2000,6124.4000,6125.0000,6130.0000,1,5,1,1,1,2,1,1,5,1
SF,IC2103,2020-07-30 09:33:34.900,6119.6000,7189,0,188854920.000,0,-,-,-,-,6120.0000,6119.4000,6119.0000,6118.0000,6117.2000,6123.8000,6124.0000,6124.4000,6125.0000,6130.0000,1,5,1,1,1,1,1,1,5,1
SF,IC2103,2020-07-30 09:33:35.400,6119.6000,7189,0,188854920.000,0,-,-,-,-,6120.2000,6120.0000,6119.4000,6119.0000,6118.0000,6123.8000,6124.4000,6125.0000,6130.0000,6133.0000,2,1,5,1,1,1,1,5,1,2
SF,IC2103,2020-07-30 09:33:35.900,6119.6000,7189,0,188854920.000,0,-,-,-,-,6120.2000,6120.0000,6119.4000,6119.0000,6118.0000,6123.8000,6124.4000,6125.0000,6130.0000,6133.0000,2,1,5,1,1,1,1,5,1,2
SF,IC2103,2020-07-30 09:33:36.400,6119.6000,7189,0,188854920.000,0,-,-,-,-,6120.2000,6120.0000,6119.4000,6119.0000,6118.0000,6122.6000,6123.8000,6124.4000,6125.0000,6130.0000,1,1,5,1,1,1,1,1,5,1
SF,IC2103,2020-07-30 09:33:36.900,6122.6000,7188,-1,190079440.000,1,0,1,双平,S,6120.4000,6120.2000,6120.0000,6119.4000,6119.0000,6123.8000,6124.4000,6125.0000,6130.0000,6133.0000,1,1,1,5,1,1,1,5,1,2
SF,IC2103,2020-07-30 09:33:37.900,6122.6000,7188,0,190079440.000,0,-,-,-,-,6120.2000,6120.0000,6119.4000,6119.0000,6117.2000,6123.8000,6124.4000,6125.0000,6130.0000,6133.0000,1,1,5,1,1,1,1,5,1,2
SF,IC2103,2020-07-30 09:33:38.400,6122.6000,7188,0,190079440.000,0,-,-,-,-,6120.0000,6119.4000,6119.0000,6117.2000,6107.8000,6123.8000,6124.4000,6125.0000,6130.0000,6133.0000,1,5,1,1,1,1,1,5,1,2
SF,IC2103,2020-07-30 09:33:38.900,6122.6000,7188,0,190079440.000,0,-,-,-,-,6120.2000,6120.0000,6119.4000,6119.0000,6117.2000,6123.8000,6124.4000,6125.0000,6130.0000,6133.0000,1,1,5,1,1,1,1,5,1,2
SF,IC2103,2020-07-30 09:33:39.400,6122.6000,7188,0,190079440.000,0,-,-,-,-,6120.4000,6120.2000,6120.0000,6119.4000,6119.0000,6123.8000,6124.4000,6125.0000,6130.0000,6133.0000,1,1,2,5,1,1,1,5,1,2
SF,IC2103,2020-07-30 09:33:39.900,6123.8000,7187,-1,191304200.000,1,0,1,双平,S,6120.6000,6120.4000,6120.0000,6119.4000,6119.0000,6124.4000,6125.0000,6130.0000,6133.0000,6145.2000,1,1,2,5,1,1,5,1,2,1
SF,IC2103,2020-07-30 09:33:40.400,6124.4000,7186,-1,192529080.000,1,0,1,双平,S,6120.8000,6120.6000,6120.4000,6120.0000,6119.4000,6125.0000,6130.0000,6133.0000,6145.2000,6148.0000,1,1,1,2,5,5,1,2,1,1
SF,IC2103,2020-07-30 09:33:40.900,6125.0000,7181,-5,198654080.000,5,0,5,双平,S,6121.0000,6120.8000,6120.4000,6120.0000,6119.4000,6130.0000,6133.0000,6145.2000,6148.0000,6150.0000,1,1,1,2,5,1,2,1,1,1
SF,IC2103,2020-07-30 09:33:41.400,6125.0000,7181,0,198654080.000,0,-,-,-,-,6121.2000,6121.0000,6120.8000,6120.4000,6120.0000,6128.0000,6129.8000,6130.0000,6133.0000,6145.2000,2,1,1,1,2,1,1,1,2,1
SF,IC2103,2020-07-30 09:33:41.900,6125.0000,7181,0,198654080.000,0,-,-,-,-,6121.4000,6121.2000,6120.8000,6120.4000,6120.0000,6127.8000,6130.0000,6133.0000,6145.2000,6148.0000,2,1,1,1,2,1,1,2,1,1
SF,IC2103,2020-07-30 09:33:42.400,6125.0000,7181,0,198654080.000,0,-,-,-,-,6121.6000,6121.4000,6120.8000,6120.4000,6120.0000,6130.0000,6133.0000,6145.2000,6148.0000,6150.0000,1,2,1,1,2,1,2,1,1,1
SF,IC2103,2020-07-30 09:33:42.900,6125.0000,7181,0,198654080.000,0,-,-,-,-,6122.0000,6121.8000,6121.6000,6120.8000,6120.4000,6129.8000,6130.0000,6133.0000,6145.2000,6148.0000,1,3,1,1,1,1,1,2,1,1
SF,IC2103,2020-07-30 09:33:43.400,6125.0000,7181,0,198654080.000,0,-,-,-,-,6122.2000,6122.0000,6121.8000,6120.8000,6120.4000,6129.8000,6130.0000,6133.0000,6145.2000,6148.0000,3,1,1,1,1,1,1,2,1,1
SF,IC2103,2020-07-30 09:33:43.900,6125.0000,7181,0,198654080.000,0,-,-,-,-,6122.6000,6122.4000,6122.2000,6120.8000,6120.4000,6129.8000,6130.0000,6133.0000,6145.2000,6148.0000,1,1,2,1,1,1,1,2,1,1
SF,IC2103,2020-07-30 09:33:44.400,6125.0000,7181,0,198654080.000,0,-,-,-,-,6122.8000,6122.6000,6122.4000,6120.8000,6120.4000,6129.8000,6130.0000,6133.0000,6145.2000,6148.0000,2,1,1,1,1,1,1,2,1,1
SF,IC2103,2020-07-30 09:33:44.900,6129.8000,7180,-1,199880040.000,1,0,1,双平,S,6123.2000,6122.8000,6122.4000,6120.8000,6120.4000,6130.0000,6133.0000,6145.2000,6148.0000,6150.0000,1,2,1,1,1,1,2,1,1,1
SF,IC2103,2020-07-30 09:33:45.400,6129.8000,7180,0,199880040.000,0,-,-,-,-,6123.4000,6122.4000,6120.8000,6120.4000,6120.0000,6124.0000,6129.8000,6130.0000,6133.0000,6145.2000,2,1,1,1,2,1,1,1,2,1
SF,IC2103,2020-07-30 09:33:45.900,6124.0000,7180,0,201104840.000,1,0,1,多换,S,6124.0000,6120.8000,6120.4000,6120.0000,6119.4000,6130.0000,6133.0000,6145.2000,6148.0000,6150.0000,2,1,1,2,5,1,2,1,1,1
SF,IC2103,2020-07-30 09:33:46.400,6124.0000,7180,0,201104840.000,0,-,-,-,-,6124.2000,6124.0000,6120.8000,6120.4000,6120.0000,6129.8000,6130.0000,6133.0000,6145.2000,6148.0000,2,2,1,1,2,1,1,2,1,1
SF,IC2103,2020-07-30 09:33:46.900,6124.0000,7180,0,201104840.000,0,-,-,-,-,6124.2000,6124.0000,6120.8000,6120.4000,6120.0000,6129.8000,6130.0000,6133.0000,6145.2000,6148.0000,2,1,1,1,2,1,1,2,1,1
SF,IC2103,2020-07-30 09:33:47.400,6124.0000,7180,0,201104840.000,0,-,-,-,-,6124.2000,6124.0000,6120.8000,6120.4000,6120.0000,6129.8000,6130.0000,6133.0000,6145.2000,6148.0000,2,1,1,1,2,1,1,2,1,1
SF,IC2103,2020-07-30 09:33:50.400,6124.0000,7180,0,201104840.000,0,-,-,-,-,6124.4000,6124.2000,6124.0000,6120.8000,6120.4000,6129.8000,6130.0000,6145.2000,6148.0000,6150.0000,2,2,1,1,1,1,1,1,1,1
SF,IC2103,2020-07-30 09:33:50.900,6124.0000,7180,0,201104840.000,0,-,-,-,-,6124.6000,6124.4000,6124.2000,6124.0000,6120.8000,6129.8000,6130.0000,6145.2000,6148.0000,6150.0000,1,1,1,1,1,1,1,1,1,1
SF,IC2103,2020-07-30 09:33:51.900,6124.0000,7180,0,201104840.000,0,-,-,-,-,6124.6000,6124.2000,6124.0000,6120.8000,6120.4000,6129.8000,6130.0000,6145.2000,6148.0000,6150.0000,1,1,1,1,1,1,1,1,1,1
SF,IC2103,2020-07-30 09:33:52.900,6124.0000,7180,0,201104840.000,0,-,-,-,-,6124.6000,6124.2000,6124.0000,6120.8000,6120.4000,6129.8000,6130.0000,6145.2000,6148.0000,6150.0000,1,1,2,1,1,1,1,1,1,1
SF,IC2103,2020-07-30 09:33:53.400,6124.0000,7180,0,201104840.000,0,-,-,-,-,6124.6000,6124.2000,6124.0000,6120.8000,6120.4000,6129.8000,6130.0000,6145.2000,6148.0000,6150.0000,1,1,2,1,1,2,1,1,1,1
SF,IC2103,2020-07-30 09:33:53.900,6124.0000,7180,0,201104840.000,0,-,-,-,-,6124.6000,6124.0000,6120.8000,6120.4000,6120.0000,6129.8000,6130.0000,6145.2000,6148.0000,6150.0000,1,2,1,1,2,2,1,1,1,1
SF,IC2103,2020-07-30 09:33:54.400,6124.0000,7180,0,201104840.000,0,-,-,-,-,6124.8000,6124.6000,6124.0000,6120.8000,6120.4000,6129.8000,6130.0000,6145.2000,6148.0000,6150.0000,1,1,2,1,1,2,1,1,1,1
SF,IC2103,2020-07-30 09:33:54.900,6124.0000,7180,0,201104840.000,0,-,-,-,-,6125.0000,6124.8000,6124.0000,6120.8000,6120.4000,6129.8000,6130.0000,6145.2000,6148.0000,6150.0000,2,1,2,1,1,2,1,1,1,1
SF,IC2103,2020-07-30 09:33:55.400,6124.0000,7180,0,201104840.000,0,-,-,-,-,6125.0000,6124.0000,6120.8000,6120.4000,6120.0000,6129.6000,6129.8000,6130.0000,6145.2000,6148.0000,1,2,1,1,2,1,2,1,1,1
SF,IC2103,2020-07-30 09:33:56.400,6124.0000,7180,0,201104840.000,0,-,-,-,-,6125.0000,6124.0000,6120.8000,6120.4000,6120.0000,6129.2000,6129.6000,6129.8000,6130.0000,6145.2000,1,2,1,1,2,1,1,2,1,1
SF,IC2103,2020-07-30 09:33:56.900,6124.0000,7180,0,201104840.000,0,-,-,-,-,6125.0000,6124.0000,6120.8000,6120.4000,6120.0000,6129.0000,6129.2000,6129.8000,6130.0000,6145.2000,1,2,1,1,2,1,1,2,1,1
SF,IC2103,2020-07-30 09:33:58.400,6124.0000,7180,0,201104840.000,0,-,-,-,-,6125.0000,6124.0000,6120.8000,6120.4000,6120.0000,6129.0000,6129.8000,6130.0000,6145.2000,6148.0000,1,2,1,1,2,1,2,1,1,1
SF,IC2103,2020-07-30 09:33:59.900,6124.0000,7180,0,201104840.000,0,-,-,-,-,6125.0000,6124.0000,6120.8000,6120.4000,6120.0000,6128.8000,6129.0000,6129.8000,6130.0000,6145.2000,1,2,1,1,2,1,1,2,1,1
SF,IC2103,2020-07-30 09:34:00.400,6124.0000,7180,0,201104840.000,0,-,-,-,-,6125.2000,6125.0000,6124.0000,6120.8000,6120.4000,6128.6000,6128.8000,6129.8000,6130.0000,6145.2000,1,1,2,1,1,1,1,2,1,1
SF,IC2103,2020-07-30 09:34:00.900,6124.0000,7180,0,201104840.000,0,-,-,-,-,6125.4000,6125.2000,6124.0000,6120.8000,6120.4000,6128.0000,6128.6000,6128.8000,6129.8000,6130.0000,1,1,2,1,1,3,1,1,2,1
SF,IC2103,2020-07-30 09:34:01.400,6128.0000,7180,0,202330440.000,1,0,1,多换,S,6125.2000,6124.0000,6120.8000,6120.4000,6120.0000,6127.8000,6128.0000,6129.8000,6130.0000,6145.2000,1,2,1,1,2,1,2,2,1,1
SF,IC2103,2020-07-30 09:34:01.900,6128.0000,7180,0,202330440.000,0,-,-,-,-,6125.4000,6124.2000,6124.0000,6120.8000,6120.4000,6128.0000,6129.8000,6130.0000,6145.2000,6148.0000,1,1,2,1,1,2,2,1,1,1
SF,IC2103,2020-07-30 09:34:02.400,6128.0000,7180,0,204781640.000,2,1,1,多换,S,6125.4000,6124.2000,6124.0000,6120.8000,6120.4000,6128.2000,6129.8000,6130.0000,6145.2000,6148.0000,1,1,2,1,1,1,2,1,1,1
SF,IC2103,2020-07-30 09:34:02.900,6128.2000,7179,-1,206007280.000,1,0,1,双平,S,6125.6000,6125.4000,6124.0000,6120.8000,6120.4000,6129.8000,6130.0000,6145.2000,6148.0000,6150.0000,1,1,2,1,1,2,1,1,1,1
SF,IC2103,2020-07-30 09:34:03.400,6128.2000,7179,0,206007280.000,0,-,-,-,-,6125.8000,6125.6000,6124.0000,6120.8000,6120.4000,6129.8000,6130.0000,6145.2000,6148.0000,6150.0000,2,1,2,1,1,2,1,1,1,1
SF,IC2103,2020-07-30 09:34:03.900,6129.8000,7178,-1,207233240.000,1,0,1,双平,S,6125.8000,6125.6000,6124.0000,6120.8000,6120.4000,6129.8000,6130.0000,6145.2000,6148.0000,6150.0000,1,1,2,1,1,1,1,1,1,1
SF,IC2103,2020-07-30 09:34:04.400,6129.8000,7178,0,207233240.000,0,-,-,-,-,6126.0000,6125.8000,6125.6000,6124.0000,6120.8000,6129.8000,6130.0000,6145.2000,6148.0000,6150.0000,1,1,1,2,1,1,1,1,1,1
SF,IC2103,2020-07-30 09:34:04.900,6129.8000,7178,0,207233240.000,0,-,-,-,-,6126.4000,6126.0000,6125.6000,6124.0000,6120.8000,6129.8000,6130.0000,6145.2000,6148.0000,6150.0000,1,1,1,2,1,1,1,1,1,1
SF,IC2103,2020-07-30 09:34:05.400,6129.8000,7178,0,207233240.000,0,-,-,-,-,6126.6000,6126.4000,6125.6000,6124.0000,6120.8000,6129.8000,6130.0000,6145.2000,6148.0000,6150.0000,1,1,1,1,1,1,1,1,1,1
SF,IC2103,2020-07-30 09:34:05.900,6129.8000,7178,0,207233240.000,0,-,-,-,-,6127.0000,6126.6000,6125.6000,6124.0000,6120.8000,6129.8000,6130.0000,6145.2000,6148.0000,6150.0000,1,1,1,1,1,1,1,1,1,1
SF,IC2103,2020-07-30 09:34:06.400,6129.8000,7178,0,207233240.000,0,-,-,-,-,6127.2000,6124.0000,6120.8000,6120.4000,6120.0000,6129.8000,6130.0000,6145.2000,6148.0000,6150.0000,1,1,1,1,2,1,1,1,1,1
SF,IC2103,2020-07-30 09:34:06.900,6127.2000,7177,-1,208458680.000,1,0,1,双平,S,6124.0000,6120.8000,6120.0000,6119.4000,6117.2000,6129.6000,6129.8000,6130.0000,6145.2000,6148.0000,1,1,2,5,1,1,1,1,1,1
SF,IC2103,2020-07-30 09:34:07.400,6127.2000,7177,0,208458680.000,0,-,-,-,-,6125.4000,6124.4000,6124.2000,6120.0000,6119.4000,6129.4000,6129.6000,6129.8000,6130.0000,6145.2000,1,1,1,2,5,1,1,1,1,1
SF,IC2103,2020-07-30 09:34:07.900,6127.2000,7177,0,208458680.000,0,-,-,-,-,6124.4000,6120.0000,6119.4000,6117.2000,6107.8000,6129.2000,6129.4000,6130.0000,6145.2000,6148.0000,1,2,5,1,1,1,1,1,1,1
SF,IC2103,2020-07-30 09:34:08.400,6127.2000,7177,0,208458680.000,0,-,-,-,-,6124.6000,6120.0000,6119.4000,6117.2000,6107.8000,6129.2000,6129.4000,6130.0000,6145.2000,6148.0000,1,2,5,1,1,1,1,1,1,1
SF,IC2103,2020-07-30 09:34:08.900,6127.2000,7177,0,208458680.000,0,-,-,-,-,6120.0000,6119.4000,6117.2000,6107.8000,6100.0000,6129.2000,6129.4000,6130.0000,6145.2000,6148.0000,2,5,1,1,1,1,1,1,1,1
SF,IC2103,2020-07-30 09:34:09.400,6127.2000,7177,0,208458680.000,0,-,-,-,-,6122.4000,6121.6000,6120.4000,6120.2000,6120.0000,6129.0000,6129.2000,6129.4000,6130.0000,6145.2000,1,1,2,2,2,2,1,1,1,1
SF,IC2103,2020-07-30 09:34:09.900,6127.2000,7177,0,208458680.000,0,-,-,-,-,6122.8000,6121.6000,6120.4000,6120.2000,6120.0000,6128.8000,6129.0000,6129.4000,6130.0000,6145.2000,1,1,1,2,2,1,1,1,1,1
SF,IC2103,2020-07-30 09:34:10.400,6127.2000,7177,0,208458680.000,0,-,-,-,-,6122.8000,6120.4000,6120.2000,6120.0000,6119.4000,6128.6000,6128.8000,6129.4000,6130.0000,6145.2000,1,1,1,2,5,3,1,1,1,1
SF,IC2103,2020-07-30 09:34:10.900,6127.2000,7177,0,208458680.000,0,-,-,-,-,6122.8000,6120.4000,6120.2000,6120.0000,6119.4000,6128.4000,6128.6000,6129.4000,6130.0000,6145.2000,1,1,1,2,5,1,3,1,1,1
SF,IC2103,2020-07-30 09:34:11.400,6127.2000,7177,0,208458680.000,0,-,-,-,-,6122.8000,6120.4000,6120.2000,6120.0000,6119.4000,6128.2000,6128.4000,6128.6000,6129.4000,6130.0000,1,1,1,2,5,1,1,2,1,1
SF,IC2103,2020-07-30 09:34:11.900,6127.2000,7177,0,208458680.000,0,-,-,-,-,6122.8000,6120.4000,6120.2000,6120.0000,6119.4000,6128.0000,6128.2000,6129.4000,6130.0000,6145.2000,1,1,1,2,5,1,1,1,1,1
SF,IC2103,2020-07-30 09:34:12.400,6127.2000,7177,0,208458680.000,0,-,-,-,-,6123.0000,6122.8000,6120.4000,6120.0000,6119.4000,6128.0000,6128.2000,6129.4000,6130.0000,6135.0000,2,1,1,2,5,1,1,1,1,1
SF,IC2103,2020-07-30 09:34:12.900,6127.2000,7177,0,208458680.000,0,-,-,-,-,6123.4000,6123.0000,6120.4000,6120.0000,6119.4000,6128.0000,6129.4000,6130.0000,6135.0000,6145.2000,1,2,1,2,5,1,1,1,1,1
SF,IC2103,2020-07-30 09:34:13.400,6127.2000,7177,0,208458680.000,0,-,-,-,-,6123.6000,6123.4000,6123.0000,6120.4000,6120.0000,6129.4000,6130.0000,6135.0000,6145.2000,6148.0000,1,1,1,1,2,1,1,1,1,1
SF,IC2103,2020-07-30 09:34:13.900,6127.2000,7177,0,208458680.000,0,-,-,-,-,6124.0000,6123.8000,6123.6000,6123.0000,6120.4000,6129.2000,6129.4000,6130.0000,6135.0000,6145.2000,1,2,1,1,1,1,1,1,1,1
SF,IC2103,2020-07-30 09:34:14.400,6127.2000,7177,0,208458680.000,0,-,-,-,-,6124.2000,6124.0000,6123.8000,6123.0000,6120.0000,6129.2000,6129.4000,6130.0000,6135.0000,6145.2000,2,1,2,1,2,1,1,1,1,1
SF,IC2103,2020-07-30 09:34:14.900,6127.2000,7177,0,208458680.000,0,-,-,-,-,6124.6000,6123.8000,6120.0000,6119.4000,6117.2000,6129.2000,6129.4000,6130.0000,6135.0000,6145.2000,1,2,2,5,1,1,1,1,1,1
SF,IC2103,2020-07-30 09:34:15.400,6127.2000,7177,0,208458680.000,0,-,-,-,-,6123.8000,6120.0000,6119.4000,6117.2000,6107.8000,6129.0000,6129.2000,6129.4000,6130.0000,6135.0000,1,2,5,1,1,2,1,1,1,1
SF,IC2103,2020-07-30 09:34:15.900,6124.2000,7176,-1,209683520.000,1,0,1,双平,S,6120.0000,6119.4000,6117.2000,6107.8000,6100.0000,6128.6000,6128.8000,6129.0000,6129.4000,6130.0000,2,5,1,1,1,1,1,1,1,1
SF,IC2103,2020-07-30 09:34:16.400,6124.2000,7176,0,209683520.000,0,-,-,-,-,6120.8000,6120.4000,6120.2000,6120.0000,6119.4000,6128.4000,6128.6000,6129.0000,6129.4000,6130.0000,1,1,1,2,5,3,1,1,1,1
SF,IC2103,2020-07-30 09:34:16.900,6124.2000,7176,0,209683520.000,0,-,-,-,-,6128.0000,6121.2000,6121.0000,6120.8000,6120.0000,6128.4000,6129.4000,6130.0000,6135.0000,6145.2000,2,1,2,1,2,3,1,1,1,1
SF,IC2103,2020-07-30 09:34:17.400,6128.0000,7176,0,212134720.000,2,1,1,多换,S,6121.2000,6121.0000,6120.8000,6120.0000,6119.4000,6127.6000,6128.0000,6129.4000,6130.0000,6135.0000,1,1,1,2,5,1,3,1,1,1
SF,IC2103,2020-07-30 09:34:17.900,6128.0000,7175,-1,213360320.000,1,0,1,双平,S,6121.4000,6121.2000,6120.0000,6119.4000,6117.2000,6127.0000,6127.4000,6128.0000,6129.4000,6130.0000,2,1,2,5,1,1,3,1,1,1
SF,IC2103,2020-07-30 09:34:18.400,6128.0000,7175,0,213360320.000,0,-,-,-,-,6121.8000,6121.6000,6121.4000,6120.0000,6119.4000,6127.0000,6127.4000,6129.4000,6130.0000,6135.0000,1,1,1,2,5,1,1,1,1,1
SF,IC2103,2020-07-30 09:34:18.900,6128.0000,7175,0,213360320.000,0,-,-,-,-,6122.2000,6122.0000,6121.8000,6121.6000,6120.0000,6129.4000,6130.0000,6135.0000,6145.2000,6148.0000,1,1,1,1,2,1,1,1,1,1
SF,IC2103,2020-07-30 09:34:19.400,6128.0000,7175,0,213360320.000,0,-,-,-,-,6122.6000,6122.4000,6122.2000,6120.0000,6119.4000,6129.2000,6129.4000,6130.0000,6135.0000,6145.2000,1,2,1,2,5,2,1,1,1,1
SF,IC2103,2020-07-30 09:34:19.900,6128.0000,7175,0,213360320.000,0,-,-,-,-,6122.8000,6122.6000,6120.0000,6119.4000,6117.2000,6129.2000,6129.4000,6130.0000,6135.0000,6145.2000,2,1,2,5,1,2,1,1,1,1
SF,IC2103,2020-07-30 09:34:20.400,6128.0000,7175,0,213360320.000,0,-,-,-,-,6122.8000,6120.0000,6119.4000,6117.2000,6107.8000,6129.2000,6129.4000,6130.0000,6135.0000,6145.2000,2,2,5,1,1,2,1,1,1,1
SF,IC2103,2020-07-30 09:34:20.900,6128.0000,7175,0,213360320.000,0,-,-,-,-,6122.8000,6120.0000,6119.4000,6117.2000,6107.8000,6129.2000,6130.0000,6135.0000,6145.2000,6148.0000,2,2,5,1,1,3,1,1,1,1
SF,IC2103,2020-07-30 09:34:21.400,6128.0000,7175,0,213360320.000,0,-,-,-,-,6122.8000,6120.0000,6119.4000,6117.2000,6107.8000,6128.0000,6129.2000,6130.0000,6135.0000,6145.2000,2,2,5,1,1,1,3,1,1,1
SF,IC2103,2020-07-30 09:34:21.900,6128.0000,7175,0,213360320.000,0,-,-,-,-,6122.8000,6120.0000,6119.4000,6117.2000,6107.8000,6127.8000,6128.0000,6129.2000,6130.0000,6135.0000,2,2,5,1,1,1,1,2,1,1
SF,IC2103,2020-07-30 09:34:22.400,6128.0000,7175,0,213360320.000,0,-,-,-,-,6122.8000,6120.0000,6119.4000,6117.2000,6107.8000,6127.8000,6128.0000,6129.2000,6130.0000,6135.0000,1,2,5,1,1,1,1,2,1,1
SF,IC2103,2020-07-30 09:34:22.900,6128.0000,7175,0,213360320.000,0,-,-,-,-,6122.8000,6120.0000,6119.4000,6117.2000,6107.8000,6127.8000,6128.0000,6129.2000,6130.0000,6135.0000,1,2,5,1,1,1,1,1,1,1
SF,IC2103,2020-07-30 09:34:23.400,6127.8000,7175,0,214585880.000,1,0,1,多换,S,6122.8000,6120.0000,6119.4000,6117.2000,6107.8000,6129.2000,6130.0000,6135.0000,6145.2000,6148.0000,1,2,5,1,1,1,1,1,1,1
SF,IC2103,2020-07-30 09:34:23.900,6127.8000,7175,0,214585880.000,0,-,-,-,-,6122.8000,6120.0000,6119.4000,6117.2000,6107.8000,6129.0000,6129.2000,6130.0000,6135.0000,6145.2000,1,2,5,1,1,3,1,1,1,1
SF,IC2103,2020-07-30 09:34:24.400,6122.8000,7174,-1,215810440.000,1,0,1,双平,S,6120.0000,6119.4000,6117.2000,6107.8000,6100.0000,6127.6000,6128.6000,6129.0000,6129.2000,6130.0000,2,5,1,1,1,1,1,3,1,1
SF,IC2103,2020-07-30 09:34:24.900,6122.8000,7174,0,215810440.000,0,-,-,-,-,6120.2000,6120.0000,6119.4000,6117.2000,6107.8000,6127.4000,6127.6000,6128.2000,6128.6000,6129.0000,1,2,5,1,1,2,1,1,1,1
SF,IC2103,2020-07-30 09:34:25.400,6122.8000,7174,0,215810440.000,0,-,-,-,-,6120.0000,6119.4000,6117.2000,6107.8000,6100.0000,6127.4000,6127.6000,6128.2000,6128.6000,6129.0000,2,5,1,1,1,2,1,1,1,1
SF,IC2103,2020-07-30 09:34:25.900,6122.8000,7174,0,215810440.000,0,-,-,-,-,6120.0000,6119.4000,6117.2000,6107.8000,6100.0000,6127.4000,6128.2000,6128.6000,6129.0000,6129.2000,2,5,1,1,1,2,1,1,1,1
SF,IC2103,2020-07-30 09:34:26.400,6122.8000,7174,0,215810440.000,0,-,-,-,-,6120.0000,6119.4000,6117.2000,6107.8000,6100.0000,6124.8000,6126.2000,6127.2000,6127.4000,6128.2000,2,5,1,1,1,1,2,1,2,1
SF,IC2103,2020-07-30 09:34:26.900,6120.0000,7174,0,217034440.000,1,0,1,多换,S,6120.0000,6119.4000,6117.2000,6107.8000,6100.0000,6124.6000,6124.8000,6126.2000,6126.6000,6127.2000,1,5,1,1,1,1,1,1,1,1
SF,IC2103,2020-07-30 09:34:27.400,6120.0000,7174,0,217034440.000,0,-,-,-,-,6122.8000,6120.0000,6119.4000,6117.2000,6107.8000,6124.6000,6124.8000,6126.2000,6126.6000,6127.2000,1,1,5,1,1,1,1,1,1,1
SF,IC2103,2020-07-30 09:34:27.900,6122.8000,7174,0,218259000.000,1,0,1,多换,S,6120.0000,6119.4000,6117.2000,6107.8000,6100.0000,6122.8000,6124.8000,6126.2000,6126.6000,6127.2000,1,5,1,1,1,1,1,1,1,1
SF,IC2103,2020-07-30 09:34:28.400,6122.8000,7174,0,218259000.000,0,-,-,-,-,6120.0000,6119.4000,6117.2000,6107.8000,6100.0000,6122.6000,6122.8000,6124.8000,6126.6000,6127.2000,1,5,1,1,1,1,1,1,1,1
SF,IC2103,2020-07-30 09:34:28.900,6122.8000,7174,0,218259000.000,0,-,-,-,-,6120.0000,6119.4000,6117.2000,6107.8000,6100.0000,6122.6000,6124.8000,6126.6000,6127.2000,6127.4000,1,5,1,1,1,1,1,1,1,1
SF,IC2103,2020-07-30 09:34:29.900,6122.8000,7173,-1,219483560.000,1,0,1,双平,S,6120.0000,6119.4000,6117.2000,6107.8000,6100.0000,6124.8000,6126.6000,6127.2000,6127.4000,6129.2000,1,5,1,1,1,1,1,1,1,1
SF,IC2103,2020-07-30 09:34:30.400,6122.8000,7173,0,219483560.000,0,-,-,-,-,6120.2000,6120.0000,6119.4000,6117.2000,6107.8000,6124.6000,6124.8000,6127.2000,6127.4000,6129.2000,1,1,5,1,1,1,1,1,1,1
SF,IC2103,2020-07-30 09:34:31.400,6122.8000,7173,0,219483560.000,0,-,-,-,-,6120.2000,6120.0000,6119.4000,6117.2000,6107.8000,6124.6000,6127.2000,6127.4000,6129.2000,6130.0000,1,1,5,1,1,1,1,1,1,1
SF,IC2103,2020-07-30 09:34:34.900,6122.8000,7173,0,219483560.000,0,-,-,-,-,6120.2000,6120.0000,6119.4000,6117.2000,6107.8000,6124.6000,6127.2000,6127.4000,6129.2000,6130.0000,1,2,5,1,1,1,1,1,1,1
SF,IC2103,2020-07-30 09:34:35.400,6122.8000,7173,0,219483560.000,0,-,-,-,-,6120.0000,6119.4000,6117.2000,6107.8000,6100.0000,6124.0000,6124.6000,6127.2000,6127.4000,6130.0000,2,5,1,1,1,1,2,1,1,1
SF,IC2103,2020-07-30 09:34:35.900,6122.8000,7173,0,219483560.000,0,-,-,-,-,6120.0000,6119.4000,6117.2000,6107.8000,6100.0000,6123.8000,6124.0000,6124.6000,6127.2000,6127.4000,2,5,1,1,1,1,1,1,1,1
SF,IC2103,2020-07-30 09:34:36.400,6122.8000,7173,0,219483560.000,0,-,-,-,-,6120.2000,6120.0000,6119.4000,6117.2000,6107.8000,6123.8000,6124.6000,6127.2000,6127.4000,6130.0000,1,2,5,1,1,1,1,1,1,1
SF,IC2103,2020-07-30 09:34:36.900,6122.8000,7173,0,219483560.000,0,-,-,-,-,6120.4000,6120.2000,6120.0000,6119.4000,6117.2000,6124.6000,6127.2000,6127.4000,6130.0000,6135.0000,1,1,2,5,1,1,1,1,1,1
SF,IC2103,2020-07-30 09:34:37.400,6122.8000,7173,0,219483560.000,0,-,-,-,-,6120.6000,6120.4000,6120.0000,6119.4000,6117.2000,6124.6000,6127.2000,6127.4000,6130.0000,6135.0000,1,1,2,5,1,1,1,1,1,1
SF,IC2103,2020-07-30 09:34:37.900,6122.8000,7173,0,219483560.000,0,-,-,-,-,6120.6000,6120.4000,6120.0000,6119.4000,6117.2000,6124.6000,6127.2000,6127.4000,6130.0000,6135.0000,1,1,2,5,1,1,1,1,1,1
SF,IC2103,2020-07-30 09:34:38.400,6122.8000,7173,0,219483560.000,0,-,-,-,-,6120.8000,6120.6000,6120.4000,6120.0000,6119.4000,6124.6000,6127.2000,6127.4000,6130.0000,6135.0000,1,1,1,2,5,1,1,1,1,1
