市场代码,合约代码,时间,最新,持仓,增仓,成交额,成交量,开仓,平仓,成交类型,方向,买一价,买二价,买三价,买四价,买五价,卖一价,卖二价,卖三价,卖四价,卖五价,买一量,买二量,买三量,买四量,买五量,卖一量,卖二量,卖三量,卖四量,卖五量
SF,IC2103,2020-10-16 09:29:00.100,6142.6000,42185,0,9828160.000,8.000,-,-,-,-,6140.6000,6140.0000,6133.0000,6132.8000,6131.0000,6152.8000,6153.0000,6160.0000,6163.0000,6165.0000,1,4,3,1,1,1,1,1,5,1
SF,IC2103,2020-10-16 09:30:00.100,6148.4000,42185,0,11057840.000,1,0,1,多换,S,6142.8000,6141.0000,6140.8000,6140.6000,6140.4000,6148.8000,6150.2000,6152.4000,6152.8000,6153.0000,4,1,1,1,1,1,1,3,1,1
SF,IC2103,2020-10-16 09:30:00.600,6148.6000,42183,-2,13517280.000,2,0,2,双平,S,6143.0000,6142.8000,6141.0000,6140.8000,6140.6000,6147.2000,6147.4000,6148.0000,6148.8000,6150.0000,3,7,1,3,1,1,1,1,4,1
SF,IC2103,2020-10-16 09:30:01.100,6147.4000,42181,-2,15976240.000,2,0,2,双平,S,6144.6000,6144.0000,6143.2000,6143.0000,6142.8000,6148.8000,6150.2000,6152.8000,6160.0000,6163.0000,2,1,3,1,7,2,1,1,1,5
SF,IC2103,2020-10-16 09:30:01.600,6147.4000,42181,0,15976240.000,0,-,-,-,-,6146.0000,6145.6000,6145.0000,6144.8000,6144.6000,6152.8000,6160.0000,6163.0000,6165.0000,6167.2000,1,1,6,4,1,1,1,5,1,1
SF,IC2103,2020-10-16 09:30:02.100,6147.4000,42181,0,15976240.000,0,-,-,-,-,6146.2000,6146.0000,6145.6000,6145.0000,6144.6000,6150.0000,6150.2000,6151.2000,6151.6000,6152.4000,2,1,1,1,1,1,1,1,2,1
SF,IC2103,2020-10-16 09:30:02.600,6149.8000,42180,-1,17206200.000,1,0,1,双平,S,6147.4000,6147.2000,6146.6000,6146.4000,6146.2000,6150.2000,6151.2000,6151.6000,6152.4000,6152.8000,1,1,1,2,2,1,1,2,1,1
SF,IC2103,2020-10-16 09:30:03.100,6150.2000,42179,-1,18436240.000,1,0,1,双平,S,6148.8000,6148.4000,6147.6000,6147.4000,6146.6000,6155.0000,6160.0000,6163.0000,6165.0000,6167.2000,3,1,2,2,2,1,1,5,1,1
SF,IC2103,2020-10-16 09:30:03.600,6150.2000,42179,0,18436240.000,0,-,-,-,-,6150.2000,6149.0000,6148.8000,6148.4000,6146.6000,6153.4000,6153.8000,6154.8000,6155.0000,6160.0000,1,2,2,1,2,1,2,1,1,1
SF,IC2103,2020-10-16 09:30:04.100,6150.2000,42177,-2,20896320.000,2,0,2,双平,S,6151.6000,6150.4000,6150.2000,6149.2000,6148.8000,6153.2000,6153.4000,6153.8000,6155.0000,6160.0000,1,3,1,1,1,1,3,2,1,1
SF,IC2103,2020-10-16 09:30:04.600,6151.6000,42176,-1,22126640.000,1,0,1,双平,S,6150.4000,6149.2000,6148.8000,6148.4000,6146.6000,6151.4000,6153.2000,6155.0000,6160.0000,6163.0000,3,1,1,1,2,2,3,1,1,5
SF,IC2103,2020-10-16 09:30:05.100,6150.4000,42175,-1,23356720.000,1,0,1,双平,S,6152.4000,6150.8000,6149.2000,6148.8000,6148.4000,6153.2000,6155.0000,6160.0000,6163.0000,6165.0000,1,1,1,1,1,2,1,1,5,1
SF,IC2103,2020-10-16 09:30:05.600,6152.4000,42174,-1,24587200.000,1,0,1,双平,S,6148.8000,6148.4000,6142.8000,6141.4000,6141.0000,6153.2000,6155.0000,6160.0000,6163.0000,6165.0000,1,1,4,1,1,1,1,1,5,1
SF,IC2103,2020-10-16 09:30:06.100,6149.0000,42173,-1,25817000.000,1,0,1,双平,S,6152.8000,6150.4000,6149.2000,6149.0000,6148.8000,6153.0000,6153.2000,6154.6000,6155.0000,6160.0000,1,1,2,1,2,1,1,1,1,1
SF,IC2103,2020-10-16 09:30:06.600,6152.8000,42171,-2,28278120.000,2,0,2,双平,S,6153.2000,6153.0000,6150.4000,6149.0000,6148.8000,6154.6000,6155.0000,6160.0000,6163.0000,6165.0000,1,1,1,1,1,1,1,1,5,1
SF,IC2103,2020-10-16 09:30:07.100,6153.4000,42168,-3,31970400.000,3,0,3,双平,S,6153.2000,6149.0000,6148.8000,6142.8000,6141.4000,6155.0000,6160.0000,6163.0000,6165.0000,6166.0000,4,1,1,4,1,1,1,5,1,1
SF,IC2103,2020-10-16 09:30:07.600,6153.6000,42165,-3,35662760.000,3,0,3,双平,S,6153.4000,6153.2000,6149.0000,6148.8000,6142.8000,6160.0000,6163.0000,6165.0000,6166.0000,6167.2000,2,1,1,1,4,1,5,1,1,1
SF,IC2103,2020-10-16 09:30:08.100,6153.6000,42165,0,35662760.000,0,-,-,-,-,6153.6000,6153.4000,6153.2000,6148.8000,6142.8000,6159.6000,6159.8000,6160.0000,6163.0000,6165.0000,2,2,1,1,4,2,1,6,5,1
SF,IC2103,2020-10-16 09:30:08.600,6153.6000,42165,0,35662760.000,0,-,-,-,-,6153.8000,6153.6000,6153.2000,6148.8000,6142.8000,6156.0000,6159.4000,6160.0000,6163.0000,6165.0000,2,2,1,1,4,1,1,1,5,1
SF,IC2103,2020-10-16 09:30:09.100,6154.0000,42162,-3,39355920.000,3,0,3,双平,S,6153.6000,6153.2000,6148.8000,6142.8000,6141.4000,6160.0000,6163.0000,6165.0000,6166.0000,6167.2000,2,1,1,4,1,1,5,1,1,1
SF,IC2103,2020-10-16 09:30:09.600,6156.0000,42159,-3,43048640.000,3,0,3,双平,S,6153.6000,6153.2000,6148.8000,6142.8000,6141.4000,6156.4000,6157.2000,6157.8000,6159.6000,6159.8000,2,1,1,4,1,4,4,1,2,2
SF,IC2103,2020-10-16 09:30:10.100,6156.0000,42159,0,43048640.000,0,-,-,-,-,6155.8000,6155.0000,6153.8000,6153.6000,6153.2000,6156.2000,6156.4000,6159.6000,6160.0000,6163.0000,1,1,1,2,1,1,4,2,1,5
SF,IC2103,2020-10-16 09:30:10.600,6155.2000,42157,-2,46741840.000,3,0,3,多平,S,6153.6000,6153.2000,6148.8000,6142.8000,6141.4000,6156.0000,6159.6000,6160.0000,6163.0000,6165.0000,1,1,1,4,1,1,1,1,5,1
SF,IC2103,2020-10-16 09:30:11.100,6153.6000,42156,-1,47972560.000,1,0,1,双平,S,6153.6000,6153.2000,6148.8000,6142.8000,6141.4000,6155.0000,6155.8000,6156.0000,6159.6000,6160.0000,2,1,1,4,1,1,1,1,1,1
SF,IC2103,2020-10-16 09:30:11.600,6153.6000,42154,-2,50434000.000,2,0,2,双平,S,6153.2000,6148.8000,6142.8000,6141.4000,6141.0000,6153.4000,6153.6000,6154.8000,6155.0000,6156.0000,1,1,4,1,1,2,1,1,1,1
SF,IC2103,2020-10-16 09:30:12.100,6153.4000,42152,-2,54125960.000,3,0,3,多平,S,6148.8000,6142.8000,6141.4000,6141.0000,6140.8000,6153.0000,6153.6000,6155.0000,6156.0000,6159.6000,1,4,1,1,1,1,1,1,1,1
SF,IC2103,2020-10-16 09:30:12.600,6149.0000,42151,-1,55355760.000,1,0,1,双平,S,6148.8000,6142.8000,6141.4000,6141.0000,6140.8000,6152.8000,6153.0000,6153.6000,6156.0000,6159.6000,1,4,1,1,1,2,2,1,1,1
SF,IC2103,2020-10-16 09:30:13.100,6148.8000,42151,0,56585520.000,1,0,1,多换,S,6149.0000,6148.8000,6142.8000,6141.4000,6141.0000,6152.0000,6152.6000,6152.8000,6153.6000,6156.0000,1,1,4,1,1,1,3,2,1,1
SF,IC2103,2020-10-16 09:30:13.600,6148.8000,42150,-1,57815280.000,1,0,1,双平,S,6142.8000,6141.4000,6141.0000,6140.6000,6140.0000,6151.6000,6151.8000,6152.0000,6152.6000,6153.6000,4,1,1,1,6,3,1,3,1,1
SF,IC2103,2020-10-16 09:30:14.100,6148.8000,42150,0,57815280.000,0,-,-,-,-,6145.6000,6144.6000,6143.2000,6143.0000,6142.8000,6150.8000,6151.2000,6151.4000,6151.6000,6152.0000,1,1,4,4,4,1,1,5,3,1
SF,IC2103,2020-10-16 09:30:14.600,6148.8000,42150,0,57815280.000,0,-,-,-,-,6145.8000,6145.6000,6144.6000,6143.2000,6143.0000,6150.2000,6150.4000,6150.6000,6150.8000,6151.2000,1,1,1,2,3,1,1,2,2,1
SF,IC2103,2020-10-16 09:30:15.100,6148.8000,42150,0,57815280.000,0,-,-,-,-,6144.6000,6142.8000,6141.4000,6141.0000,6140.6000,6148.8000,6149.6000,6150.0000,6150.2000,6150.4000,1,4,1,1,1,2,1,2,3,1
SF,IC2103,2020-10-16 09:30:15.600,6148.8000,42150,0,57815280.000,0,-,-,-,-,6144.8000,6144.6000,6142.8000,6141.4000,6141.0000,6148.6000,6148.8000,6151.4000,6160.0000,6162.2000,1,1,4,1,1,4,6,1,1,2
SF,IC2103,2020-10-16 09:30:16.100,6148.8000,42150,0,57815280.000,0,-,-,-,-,6144.8000,6144.6000,6142.8000,6141.4000,6141.0000,6148.4000,6148.6000,6148.8000,6160.0000,6162.2000,1,1,4,1,1,2,2,6,1,2
SF,IC2103,2020-10-16 09:30:16.600,6148.8000,42150,0,57815280.000,0,-,-,-,-,6145.0000,6144.8000,6144.6000,6142.8000,6141.4000,6148.2000,6148.8000,6160.0000,6162.2000,6163.0000,1,1,1,4,1,3,6,1,2,5
SF,IC2103,2020-10-16 09:30:17.100,6148.4000,42149,-1,59044960.000,1,0,1,双平,S,6145.6000,6145.2000,6145.0000,6144.6000,6142.8000,6148.0000,6160.0000,6162.2000,6163.0000,6165.0000,1,2,1,1,4,2,1,2,5,1
SF,IC2103,2020-10-16 09:30:17.600,6148.2000,42147,-2,61504240.000,2,0,2,双平,S,6145.8000,6145.6000,6145.2000,6145.0000,6144.6000,6160.0000,6162.2000,6163.0000,6165.0000,6166.0000,1,1,1,1,1,1,2,5,1,1
SF,IC2103,2020-10-16 09:30:18.100,6148.2000,42147,0,61504240.000,0,-,-,-,-,6146.0000,6145.8000,6145.2000,6144.6000,6142.8000,6148.8000,6149.0000,6150.2000,6150.4000,6151.6000,2,1,1,1,4,2,1,1,2,2
SF,IC2103,2020-10-16 09:30:18.600,6148.6000,42147,0,62733960.000,1,0,1,多换,S,6146.2000,6146.0000,6145.2000,6144.6000,6142.8000,6148.6000,6148.8000,6149.0000,6150.2000,6150.4000,1,2,1,1,4,2,2,1,1,2
SF,IC2103,2020-10-16 09:30:19.100,6148.6000,42145,-2,65193400.000,2,0,2,双平,S,6146.2000,6146.0000,6145.2000,6144.6000,6142.8000,6148.6000,6150.2000,6150.4000,6151.6000,6153.8000,1,2,1,1,4,2,1,1,2,1
SF,IC2103,2020-10-16 09:30:19.600,6148.6000,42145,0,67652840.000,2,1,1,多换,S,6148.6000,6146.4000,6146.2000,6146.0000,6145.2000,6150.2000,6150.4000,6151.6000,6153.8000,6160.0000,4,1,1,2,1,1,1,2,1,1
SF,IC2103,2020-10-16 09:30:20.100,6148.6000,42144,-1,72571720.000,4,1,3,多平,S,6146.4000,6146.2000,6146.0000,6144.6000,6142.8000,6150.0000,6150.2000,6150.4000,6151.6000,6153.8000,1,1,2,1,4,1,1,1,2,1
SF,IC2103,2020-10-16 09:30:20.600,6146.8000,42140,-4,77489000.000,4,0,4,双平,S,6146.0000,6144.6000,6142.8000,6142.0000,6141.4000,6146.8000,6148.4000,6149.8000,6150.0000,6150.2000,1,1,4,1,1,3,1,1,1,1
SF,IC2103,2020-10-16 09:30:21.100,6146.2000,42137,-3,81176960.000,3,0,3,双平,S,6144.6000,6142.8000,6142.0000,6141.4000,6141.0000,6146.8000,6149.8000,6150.0000,6150.2000,6150.4000,1,4,1,1,1,1,1,1,1,1
SF,IC2103,2020-10-16 09:30:21.600,6146.8000,42136,-1,82406320.000,1,0,1,双平,S,6144.8000,6144.6000,6142.8000,6142.0000,6141.4000,6149.8000,6150.0000,6150.2000,6150.4000,6151.6000,1,1,4,1,1,1,1,1,1,2
SF,IC2103,2020-10-16 09:30:22.100,6146.8000,42136,0,82406320.000,0,-,-,-,-,6144.8000,6144.6000,6142.8000,6142.0000,6141.4000,6149.6000,6149.8000,6150.2000,6150.4000,6151.6000,1,1,4,1,1,1,1,1,1,2
SF,IC2103,2020-10-16 09:30:22.600,6146.8000,42136,0,82406320.000,0,-,-,-,-,6144.8000,6144.6000,6142.8000,6142.0000,6141.4000,6148.4000,6148.8000,6149.0000,6149.4000,6149.6000,1,1,4,1,1,1,6,1,2,1
SF,IC2103,2020-10-16 09:30:23.100,6144.6000,42135,-1,83635240.000,1,0,1,双平,S,6142.8000,6142.0000,6141.4000,6141.0000,6140.6000,6147.2000,6147.4000,6148.0000,6148.2000,6148.4000,4,1,1,1,1,1,1,1,2,1
SF,IC2103,2020-10-16 09:30:23.600,6144.6000,42135,0,83635240.000,0,-,-,-,-,6143.0000,6142.8000,6142.0000,6141.4000,6141.0000,6146.2000,6146.8000,6147.0000,6147.2000,6147.4000,1,4,1,1,1,1,1,3,1,1
SF,IC2103,2020-10-16 09:30:24.100,6142.8000,42134,-1,84863800.000,1,0,1,双平,S,6142.8000,6142.0000,6141.4000,6141.0000,6140.6000,6145.2000,6146.0000,6146.8000,6147.0000,6147.2000,3,1,1,1,1,1,5,1,1,1
SF,IC2103,2020-10-16 09:30:24.600,6145.0000,42131,-3,89778480.000,4,0,4,多平,S,6142.0000,6141.4000,6140.6000,6140.0000,6136.6000,6145.2000,6146.0000,6146.8000,6147.0000,6148.0000,1,1,1,6,3,1,4,1,1,1
SF,IC2103,2020-10-16 09:30:25.100,6145.0000,42131,0,89778480.000,0,-,-,-,-,6142.2000,6142.0000,6141.4000,6140.6000,6140.0000,6143.8000,6144.8000,6145.0000,6145.2000,6146.0000,1,1,1,1,6,1,1,4,1,3
SF,IC2103,2020-10-16 09:30:25.600,6145.0000,42131,0,89778480.000,0,-,-,-,-,6142.2000,6142.0000,6141.4000,6140.6000,6140.0000,6143.6000,6143.8000,6145.0000,6145.2000,6146.0000,1,1,1,1,6,1,1,2,1,3
SF,IC2103,2020-10-16 09:30:26.100,6142.0000,42129,-2,93464400.000,3,0,3,多平,S,6141.4000,6140.6000,6140.0000,6136.6000,6135.0000,6145.0000,6145.2000,6146.0000,6147.0000,6148.0000,1,1,9,3,1,2,1,4,1,1
SF,IC2103,2020-10-16 09:30:26.600,6141.4000,42128,-1,95921000.000,2,0,2,多平,S,6140.6000,6140.0000,6136.6000,6135.0000,6133.0000,6142.0000,6144.6000,6144.8000,6145.0000,6145.2000,1,9,3,1,3,2,3,1,2,1
SF,IC2103,2020-10-16 09:30:27.100,6141.8000,42124,-4,100834440.000,4,0,4,双平,S,6140.8000,6140.6000,6140.0000,6136.6000,6135.0000,6142.0000,6144.6000,6144.8000,6145.0000,6145.2000,1,1,9,3,1,2,3,1,2,1
SF,IC2103,2020-10-16 09:30:27.600,6140.6000,42122,-2,103290720.000,2,0,2,双平,S,6140.0000,6136.6000,6135.0000,6133.0000,6131.4000,6141.6000,6141.8000,6143.4000,6144.6000,6144.8000,9,3,1,3,1,1,1,2,1,1
SF,IC2103,2020-10-16 09:30:28.100,6140.0000,42118,-4,109431760.000,5,0,5,多平,S,6140.0000,6136.6000,6135.0000,6133.0000,6131.4000,6144.6000,6145.0000,6149.8000,6155.0000,6160.0000,7,3,1,3,1,1,1,1,1,1
SF,IC2103,2020-10-16 09:30:28.600,6140.0000,42118,0,109431760.000,0,-,-,-,-,6140.2000,6140.0000,6136.6000,6135.0000,6133.0000,6143.2000,6144.0000,6144.4000,6144.6000,6149.8000,1,7,3,1,3,1,1,2,3,1
SF,IC2103,2020-10-16 09:30:29.100,6143.0000,42117,-1,111888960.000,2,0,2,多平,S,6140.2000,6140.0000,6136.6000,6135.0000,6133.0000,6144.6000,6149.8000,6155.0000,6160.0000,6162.2000,3,7,3,1,3,2,1,1,1,2
SF,IC2103,2020-10-16 09:30:29.600,6144.4000,42115,-2,114346640.000,2,0,2,双平,S,6140.8000,6140.4000,6140.2000,6140.0000,6136.6000,6144.4000,6144.6000,6149.8000,6155.0000,6160.0000,1,3,1,7,3,2,2,1,1,1
SF,IC2103,2020-10-16 09:30:30.100,6144.4000,42115,0,115575520.000,1,0,1,多换,S,6141.8000,6141.0000,6140.8000,6140.0000,6136.6000,6144.6000,6149.8000,6155.0000,6160.0000,6162.2000,1,3,3,7,3,2,1,1,1,2
SF,IC2103,2020-10-16 09:30:30.600,6144.6000,42113,-2,118033360.000,2,0,2,双平,S,6142.4000,6142.0000,6141.8000,6141.0000,6140.8000,6149.8000,6155.0000,6160.0000,6162.2000,6163.0000,1,1,3,1,1,1,1,1,2,5
SF,IC2103,2020-10-16 09:30:31.100,6144.6000,42113,0,118033360.000,0,-,-,-,-,6143.2000,6142.6000,6142.4000,6141.0000,6140.0000,6148.0000,6148.8000,6149.6000,6149.8000,6155.0000,1,2,3,1,7,1,2,1,1,1
SF,IC2103,2020-10-16 09:30:31.600,6144.6000,42113,0,118033360.000,0,-,-,-,-,6143.4000,6143.2000,6142.4000,6140.0000,6136.6000,6147.8000,6148.0000,6148.8000,6149.8000,6155.0000,2,3,2,7,3,2,1,2,1,1
SF,IC2103,2020-10-16 09:30:32.100,6144.6000,42113,0,118033360.000,0,-,-,-,-,6143.6000,6143.4000,6143.2000,6142.4000,6140.0000,6147.8000,6148.0000,6148.8000,6149.8000,6155.0000,2,2,1,2,7,2,1,2,1,1
SF,IC2103,2020-10-16 09:30:32.600,6144.6000,42113,0,118033360.000,0,-,-,-,-,6143.8000,6143.2000,6142.4000,6140.0000,6136.6000,6147.8000,6148.0000,6148.8000,6149.8000,6155.0000,4,1,2,7,3,1,1,2,1,1
SF,IC2103,2020-10-16 09:30:33.100,6144.0000,42108,-5,124177360.000,5,0,5,双平,S,6143.8000,6142.4000,6140.0000,6136.6000,6135.0000,6147.8000,6148.0000,6148.8000,6149.8000,6155.0000,2,1,7,3,1,1,1,2,1,1
SF,IC2103,2020-10-16 09:30:33.600,6144.0000,42108,0,124177360.000,0,-,-,-,-,6144.6000,6144.0000,6143.8000,6140.0000,6136.6000,6147.6000,6147.8000,6149.8000,6155.0000,6160.0000,2,3,2,7,3,1,1,1,1,1
SF,IC2103,2020-10-16 09:30:34.100,6144.0000,42108,0,124177360.000,0,-,-,-,-,6144.8000,6140.0000,6136.6000,6135.0000,6133.0000,6147.4000,6149.8000,6155.0000,6160.0000,6162.2000,2,7,3,1,3,1,1,1,1,2
SF,IC2103,2020-10-16 09:30:34.600,6144.0000,42108,0,124177360.000,0,-,-,-,-,6145.0000,6144.8000,6140.0000,6136.6000,6135.0000,6149.8000,6155.0000,6160.0000,6162.2000,6163.0000,2,2,7,3,1,1,1,1,2,5
SF,IC2103,2020-10-16 09:30:35.100,6145.0000,42108,0,125406360.000,1,0,1,多换,S,6145.2000,6145.0000,6140.0000,6136.6000,6135.0000,6149.6000,6149.8000,6155.0000,6160.0000,6162.2000,1,2,7,3,1,1,1,1,1,2
SF,IC2103,2020-10-16 09:30:35.600,6145.0000,42108,0,125406360.000,0,-,-,-,-,6145.2000,6140.0000,6136.6000,6135.0000,6133.0000,6149.4000,6149.6000,6149.8000,6155.0000,6160.0000,2,7,3,1,3,2,1,1,1,1
SF,IC2103,2020-10-16 09:30:36.100,6145.0000,42108,0,125406360.000,0,-,-,-,-,6145.4000,6145.2000,6140.0000,6136.6000,6135.0000,6148.8000,6149.2000,6149.4000,6149.8000,6155.0000,1,2,7,3,1,2,1,2,1,1
SF,IC2103,2020-10-16 09:30:36.600,6145.0000,42108,0,125406360.000,0,-,-,-,-,6145.6000,6145.4000,6140.0000,6136.6000,6135.0000,6148.6000,6148.8000,6149.4000,6149.8000,6155.0000,2,2,7,3,1,1,2,1,1,1
SF,IC2103,2020-10-16 09:30:37.100,6145.2000,42107,-1,126635400.000,1,0,1,双平,S,6145.8000,6145.6000,6140.0000,6136.6000,6135.0000,6148.6000,6148.8000,6149.4000,6149.8000,6155.0000,1,2,7,3,1,1,2,1,1,1
SF,IC2103,2020-10-16 09:30:37.600,6145.8000,42106,-1,127864560.000,1,0,1,双平,S,6146.0000,6145.8000,6140.0000,6136.6000,6135.0000,6148.0000,6148.4000,6148.6000,6148.8000,6149.8000,1,1,7,3,1,1,1,2,2,1
SF,IC2103,2020-10-16 09:30:38.100,6145.8000,42105,-1,129093720.000,1,0,1,双平,S,6140.0000,6136.6000,6135.0000,6133.0000,6131.4000,6147.8000,6148.0000,6148.4000,6148.8000,6149.8000,7,3,1,3,1,2,1,1,2,1
SF,IC2103,2020-10-16 09:30:38.600,6145.8000,42105,0,129093720.000,0,-,-,-,-,6144.6000,6144.0000,6142.0000,6141.6000,6141.0000,6147.6000,6147.8000,6148.8000,6149.8000,6155.0000,3,1,1,1,1,1,1,2,1,1
SF,IC2103,2020-10-16 09:30:39.100,6145.8000,42105,0,129093720.000,0,-,-,-,-,6144.8000,6144.6000,6144.0000,6141.6000,6141.0000,6147.4000,6147.6000,6148.8000,6149.8000,6155.0000,1,2,1,1,1,1,2,2,1,1
SF,IC2103,2020-10-16 09:30:39.600,6144.6000,42103,-2,131551600.000,2,0,2,双平,S,6145.0000,6144.8000,6144.6000,6144.0000,6141.6000,6147.2000,6147.4000,6148.8000,6149.8000,6155.0000,1,1,1,1,1,1,3,2,1,1
SF,IC2103,2020-10-16 09:30:40.100,6144.0000,42101,-2,136467160.000,4,1,3,多平,S,6141.6000,6141.0000,6140.2000,6140.0000,6136.6000,6141.8000,6144.8000,6147.0000,6147.2000,6148.8000,1,1,3,7,3,2,1,1,4,2
SF,IC2103,2020-10-16 09:30:40.600,6141.6000,42099,-2,140152200.000,3,0,3,多平,S,6141.0000,6140.2000,6140.0000,6136.6000,6135.0000,6147.0000,6147.2000,6148.8000,6149.0000,6149.8000,1,3,7,3,1,1,3,2,1,1
SF,IC2103,2020-10-16 09:30:41.100,6146.0000,42100,1,141381400.000,1,1,0,双开,S,6142.4000,6141.8000,6141.2000,6141.0000,6140.0000,6146.0000,6146.8000,6147.0000,6147.2000,6149.0000,1,1,1,1,7,2,2,3,1,1
SF,IC2103,2020-10-16 09:30:41.600,6144.6000,42099,-1,143838800.000,2,0,2,多平,S,6140.0000,6136.6000,6135.0000,6133.0000,6131.4000,6145.6000,6145.8000,6146.0000,6149.0000,6149.8000,7,3,1,3,1,1,5,2,1,1
SF,IC2103,2020-10-16 09:30:42.100,6144.6000,42099,0,143838800.000,0,-,-,-,-,6140.2000,6140.0000,6136.6000,6135.0000,6133.0000,6145.2000,6145.4000,6145.6000,6145.8000,6146.0000,1,8,3,1,3,1,2,3,1,2
SF,IC2103,2020-10-16 09:30:42.600,6144.6000,42099,0,143838800.000,0,-,-,-,-,6140.2000,6140.0000,6136.6000,6135.0000,6133.0000,6142.8000,6144.0000,6145.0000,6145.2000,6145.8000,1,8,3,1,3,4,1,2,3,1
SF,IC2103,2020-10-16 09:30:43.100,6144.6000,42099,0,143838800.000,0,-,-,-,-,6140.2000,6140.0000,6136.6000,6135.0000,6133.0000,6142.6000,6142.8000,6144.0000,6144.6000,6145.2000,1,9,3,1,3,4,4,1,2,1
SF,IC2103,2020-10-16 09:30:43.600,6144.6000,42099,0,143838800.000,0,-,-,-,-,6140.0000,6136.6000,6135.0000,6133.0000,6131.4000,6142.4000,6142.6000,6142.8000,6144.0000,6144.6000,9,3,1,3,1,2,2,4,1,2
SF,IC2103,2020-10-16 09:30:44.100,6144.6000,42099,0,143838800.000,0,-,-,-,-,6140.0000,6136.6000,6135.0000,6133.0000,6131.4000,6142.2000,6142.6000,6144.0000,6144.6000,6145.2000,9,3,1,3,1,3,1,1,2,1
SF,IC2103,2020-10-16 09:30:44.600,6142.6000,42098,-1,145067320.000,1,0,1,双平,S,6140.2000,6140.0000,6136.6000,6135.0000,6133.0000,6141.4000,6141.8000,6142.0000,6142.2000,6142.6000,1,9,3,1,3,3,2,2,1,1
SF,IC2103,2020-10-16 09:30:45.100,6142.2000,42096,-2,147524200.000,2,0,2,双平,S,6140.2000,6140.0000,6136.6000,6135.0000,6133.0000,6141.2000,6142.2000,6142.6000,6144.0000,6144.6000,1,9,3,1,3,2,1,1,1,2
SF,IC2103,2020-10-16 09:30:45.600,6141.6000,42094,-2,149980840.000,2,0,2,双平,S,6141.2000,6140.2000,6140.0000,6136.6000,6135.0000,6142.2000,6144.0000,6144.6000,6145.2000,6148.8000,2,1,9,3,1,1,1,2,1,1
SF,IC2103,2020-10-16 09:30:46.100,6141.6000,42094,0,149980840.000,0,-,-,-,-,6141.2000,6140.2000,6140.0000,6136.6000,6135.0000,6142.2000,6144.0000,6145.2000,6148.8000,6149.0000,2,1,9,3,1,1,1,1,1,1
SF,IC2103,2020-10-16 09:30:46.600,6141.6000,42094,0,149980840.000,0,-,-,-,-,6142.4000,6141.4000,6141.2000,6140.0000,6136.6000,6144.0000,6145.2000,6148.8000,6149.0000,6149.8000,2,1,1,9,3,1,1,1,1,1
SF,IC2103,2020-10-16 09:30:47.100,6142.2000,42090,-4,154894360.000,4,0,4,双平,S,6141.4000,6141.2000,6140.0000,6136.6000,6135.0000,6141.6000,6142.2000,6143.4000,6143.8000,6144.0000,1,2,9,3,1,2,1,3,1,1
SF,IC2103,2020-10-16 09:30:47.600,6142.2000,42088,-2,157351120.000,2,0,2,双平,S,6141.8000,6141.6000,6141.2000,6140.0000,6136.6000,6143.8000,6148.8000,6149.0000,6149.8000,6155.0000,1,2,2,9,3,1,1,1,1,1
SF,IC2103,2020-10-16 09:30:48.100,6142.2000,42088,0,157351120.000,0,-,-,-,-,6143.2000,6142.4000,6142.0000,6141.8000,6141.2000,6143.8000,6148.8000,6149.0000,6149.8000,6155.0000,1,1,1,2,2,1,1,1,1,1
SF,IC2103,2020-10-16 09:30:48.600,6143.2000,42087,-1,159808520.000,2,0,2,多平,S,6142.0000,6141.8000,6141.2000,6140.0000,6136.6000,6148.8000,6149.0000,6149.8000,6155.0000,6160.0000,1,2,2,9,3,1,1,1,1,1
SF,IC2103,2020-10-16 09:30:49.100,6143.2000,42087,0,159808520.000,0,-,-,-,-,6142.4000,6142.2000,6142.0000,6141.2000,6140.0000,6147.2000,6147.4000,6148.0000,6148.4000,6148.6000,1,1,3,2,9,1,1,1,1,1
SF,IC2103,2020-10-16 09:30:49.600,6142.4000,42086,-1,161037000.000,1,0,1,双平,S,6142.6000,6142.4000,6141.2000,6140.0000,6136.6000,6146.8000,6147.0000,6147.2000,6147.4000,6148.0000,2,2,2,9,3,1,2,1,1,1
SF,IC2103,2020-10-16 09:30:50.100,6142.4000,42086,0,161037000.000,0,-,-,-,-,6142.8000,6142.6000,6141.2000,6140.0000,6136.6000,6144.2000,6146.6000,6146.8000,6147.0000,6147.2000,1,2,2,9,3,4,1,1,1,1
SF,IC2103,2020-10-16 09:30:50.600,6142.4000,42085,-1,162265480.000,1,0,1,双平,S,6142.8000,6142.6000,6141.2000,6140.0000,6136.6000,6146.6000,6146.8000,6147.2000,6148.0000,6148.4000,1,1,2,9,3,1,1,1,2,1
SF,IC2103,2020-10-16 09:30:51.100,6142.4000,42085,0,162265480.000,0,-,-,-,-,6143.0000,6142.8000,6141.2000,6140.0000,6136.6000,6146.4000,6146.6000,6146.8000,6147.2000,6148.0000,1,1,2,9,3,2,1,1,1,2
SF,IC2103,2020-10-16 09:30:51.600,6142.4000,42085,0,162265480.000,0,-,-,-,-,6143.0000,6141.2000,6140.0000,6136.6000,6135.0000,6146.2000,6146.4000,6147.2000,6148.0000,6148.4000,2,2,9,3,1,1,2,1,2,1
SF,IC2103,2020-10-16 09:30:52.100,6142.4000,42085,0,162265480.000,0,-,-,-,-,6143.2000,6143.0000,6141.2000,6140.0000,6136.6000,6146.2000,6146.4000,6147.2000,6148.0000,6148.4000,1,2,2,9,3,1,1,1,2,1
SF,IC2103,2020-10-16 09:30:52.600,6142.4000,42085,0,162265480.000,0,-,-,-,-,6143.4000,6143.2000,6141.2000,6140.0000,6136.6000,6146.2000,6146.4000,6147.2000,6148.0000,6148.4000,1,2,2,9,3,1,1,1,2,1
SF,IC2103,2020-10-16 09:30:53.100,6146.0000,42085,0,163494680.000,1,0,1,多换,S,6143.6000,6143.4000,6141.2000,6140.0000,6136.6000,6146.0000,6146.2000,6146.4000,6147.2000,6148.0000,1,1,2,9,3,2,2,1,1,2
SF,IC2103,2020-10-16 09:30:53.600,6143.4000,42084,-1,165952080.000,2,0,2,多平,S,6141.2000,6140.0000,6136.6000,6135.0000,6133.0000,6145.2000,6145.8000,6146.0000,6146.4000,6147.2000,2,9,3,1,3,1,3,5,1,1
SF,IC2103,2020-10-16 09:30:54.100,6141.2000,42083,-1,168408600.000,2,0,2,多平,S,6141.2000,6140.0000,6136.6000,6135.0000,6133.0000,6145.0000,6145.2000,6146.0000,6146.4000,6148.0000,1,9,3,1,3,2,3,4,1,2
SF,IC2103,2020-10-16 09:30:54.600,6141.2000,42082,-1,169636840.000,1,0,1,双平,S,6140.0000,6136.6000,6135.0000,6133.0000,6131.4000,6144.6000,6144.8000,6145.0000,6145.2000,6146.0000,9,3,1,3,1,2,3,2,1,3
SF,IC2103,2020-10-16 09:30:55.100,6141.2000,42082,0,169636840.000,0,-,-,-,-,6140.2000,6140.0000,6136.6000,6135.0000,6133.0000,6143.0000,6144.4000,6144.6000,6144.8000,6145.2000,1,9,3,1,3,4,4,2,1,1
SF,IC2103,2020-10-16 09:30:55.600,6141.2000,42082,0,169636840.000,0,-,-,-,-,6140.2000,6140.0000,6136.6000,6135.0000,6133.0000,6142.8000,6143.0000,6144.6000,6144.8000,6145.2000,1,9,3,1,3,2,4,2,1,1
SF,IC2103,2020-10-16 09:30:56.100,6141.2000,42082,0,169636840.000,0,-,-,-,-,6140.0000,6136.6000,6135.0000,6133.0000,6131.4000,6142.6000,6142.8000,6143.0000,6144.8000,6145.2000,9,3,1,3,1,2,2,4,1,1
SF,IC2103,2020-10-16 09:30:56.600,6141.2000,42082,0,169636840.000,0,-,-,-,-,6140.0000,6136.6000,6135.0000,6133.0000,6131.4000,6142.4000,6142.6000,6143.0000,6144.8000,6145.2000,9,3,1,3,1,4,2,4,1,1
SF,IC2103,2020-10-16 09:30:57.100,6141.2000,42082,0,169636840.000,0,-,-,-,-,6140.8000,6140.0000,6136.6000,6135.0000,6133.0000,6142.2000,6142.4000,6144.8000,6145.2000,6146.0000,1,9,3,1,3,2,4,1,1,3
SF,IC2103,2020-10-16 09:30:57.600,6141.2000,42082,0,169636840.000,0,-,-,-,-,6140.8000,6140.0000,6136.6000,6135.0000,6133.0000,6142.0000,6142.2000,6142.4000,6144.8000,6145.2000,1,9,3,1,3,1,2,2,1,1
SF,IC2103,2020-10-16 09:30:58.100,6142.0000,42082,0,170865240.000,1,0,1,多换,S,6140.8000,6140.0000,6136.6000,6135.0000,6133.0000,6142.2000,6142.4000,6144.8000,6145.2000,6146.0000,1,9,3,1,3,2,2,1,1,3
SF,IC2103,2020-10-16 09:30:58.600,6140.8000,42078,-4,175778000.000,4,0,4,双平,S,6140.0000,6136.6000,6135.0000,6133.0000,6131.4000,6142.0000,6142.2000,6142.4000,6144.8000,6145.2000,9,3,1,3,1,1,2,2,1,1
SF,IC2103,2020-10-16 09:30:59.100,6142.0000,42078,0,177006400.000,1,0,1,多换,S,6140.0000,6136.6000,6135.0000,6133.0000,6131.4000,6142.0000,6142.4000,6144.8000,6145.2000,6146.0000,9,3,1,3,1,1,2,1,1,1
SF,IC2103,2020-10-16 09:30:59.600,6142.0000,42078,0,177006400.000,0,-,-,-,-,6140.0000,6136.6000,6135.0000,6133.0000,6131.4000,6141.8000,6142.0000,6142.4000,6144.8000,6145.2000,9,3,1,3,1,1,2,2,1,1
SF,IC2103,2020-10-16 09:31:00.100,6142.0000,42078,0,177006400.000,0,-,-,-,-,6140.2000,6140.0000,6136.6000,6135.0000,6133.0000,6141.8000,6142.4000,6144.8000,6145.2000,6146.0000,1,9,3,1,3,1,2,1,1,1
SF,IC2103,2020-10-16 09:31:00.600,6142.0000,42078,0,177006400.000,0,-,-,-,-,6141.8000,6140.2000,6140.0000,6136.6000,6135.0000,6142.4000,6144.8000,6145.2000,6146.0000,6148.0000,1,2,9,3,1,2,1,1,1,2
SF,IC2103,2020-10-16 09:31:01.100,6142.4000,42076,-2,179463360.000,2,0,2,双平,S,6140.2000,6140.0000,6136.6000,6135.0000,6133.0000,6144.8000,6145.2000,6148.0000,6148.8000,6149.8000,1,9,3,1,3,1,1,2,1,1
SF,IC2103,2020-10-16 09:31:01.600,6142.4000,42076,0,179463360.000,0,-,-,-,-,6140.4000,6140.2000,6140.0000,6136.6000,6135.0000,6143.0000,6143.4000,6144.2000,6144.6000,6145.2000,1,2,9,3,1,3,1,3,2,1
SF,IC2103,2020-10-16 09:31:02.100,6142.8000,42074,-2,181920480.000,2,0,2,双平,S,6140.6000,6140.0000,6136.6000,6135.0000,6133.0000,6142.8000,6143.0000,6143.4000,6144.2000,6145.2000,1,9,3,1,3,1,3,1,3,1
SF,IC2103,2020-10-16 09:31:02.600,6142.8000,42074,0,181920480.000,0,-,-,-,-,6140.6000,6140.0000,6136.6000,6135.0000,6133.0000,6142.6000,6142.8000,6145.2000,6148.0000,6148.8000,1,9,3,1,3,1,3,1,2,1
SF,IC2103,2020-10-16 09:31:03.100,6142.6000,42073,-1,183149000.000,1,0,1,双平,S,6140.6000,6140.0000,6136.6000,6135.0000,6133.0000,6142.8000,6145.2000,6148.0000,6148.8000,6149.8000,1,9,3,1,3,1,1,2,1,1
SF,IC2103,2020-10-16 09:31:03.600,6142.6000,42073,0,183149000.000,0,-,-,-,-,6140.6000,6140.0000,6136.6000,6133.0000,6131.4000,6142.8000,6145.2000,6148.0000,6148.8000,6149.8000,2,9,3,3,1,2,1,2,1,1
SF,IC2103,2020-10-16 09:31:04.100,6142.8000,42072,-1,185606080.000,2,0,2,多平,S,6140.8000,6140.6000,6140.0000,6136.6000,6133.0000,6142.2000,6145.2000,6148.0000,6148.8000,6149.8000,2,2,9,3,3,1,1,2,1,1
SF,IC2103,2020-10-16 09:31:04.600,6141.0000,42070,-2,188062720.000,2,0,2,双平,S,6141.0000,6140.8000,6140.6000,6140.0000,6136.6000,6145.2000,6148.0000,6148.8000,6149.8000,6155.0000,2,2,1,9,3,1,2,1,1,1
SF,IC2103,2020-10-16 09:31:05.100,6141.0000,42070,0,188062720.000,0,-,-,-,-,6141.2000,6141.0000,6140.8000,6140.6000,6140.0000,6144.6000,6145.0000,6145.2000,6148.0000,6148.8000,2,1,2,1,9,2,2,2,2,1
SF,IC2103,2020-10-16 09:31:05.600,6141.0000,42069,-1,189290920.000,1,0,1,双平,S,6141.4000,6141.2000,6140.6000,6140.0000,6136.6000,6144.0000,6144.4000,6144.6000,6145.2000,6148.0000,1,1,1,9,3,1,3,3,1,2
SF,IC2103,2020-10-16 09:31:06.100,6141.0000,42067,-2,191747320.000,2,0,2,双平,S,6141.8000,6140.6000,6140.0000,6136.6000,6133.0000,6143.0000,6143.8000,6145.2000,6148.0000,6148.8000,1,1,9,3,3,3,2,1,2,1
SF,IC2103,2020-10-16 09:31:06.600,6141.4000,42066,-1,192975600.000,1,0,1,双平,S,6140.6000,6140.0000,6136.6000,6133.0000,6131.4000,6142.4000,6142.8000,6145.2000,6148.0000,6148.8000,1,9,3,3,1,1,1,1,2,1
SF,IC2103,2020-10-16 09:31:07.100,6141.4000,42066,0,192975600.000,0,-,-,-,-,6140.8000,6140.6000,6140.0000,6136.6000,6133.0000,6142.2000,6142.4000,6145.2000,6148.0000,6148.8000,1,1,9,3,3,1,1,1,2,1
SF,IC2103,2020-10-16 09:31:07.600,6141.4000,42066,0,192975600.000,0,-,-,-,-,6140.8000,6140.6000,6140.0000,6136.6000,6133.0000,6142.2000,6142.4000,6145.2000,6148.0000,6148.8000,1,1,9,3,3,1,1,1,2,1
SF,IC2103,2020-10-16 09:31:08.100,6140.8000,42065,-1,194203760.000,1,0,1,双平,S,6140.6000,6140.0000,6136.6000,6133.0000,6131.4000,6142.2000,6142.4000,6145.2000,6145.8000,6148.0000,1,9,3,3,1,1,1,1,1,2
SF,IC2103,2020-10-16 09:31:08.600,6140.8000,42065,0,194203760.000,0,-,-,-,-,6140.6000,6140.0000,6136.6000,6133.0000,6131.4000,6142.2000,6142.4000,6145.0000,6145.2000,6145.8000,2,9,3,3,1,1,1,1,1,1
SF,IC2103,2020-10-16 09:31:09.100,6140.8000,42065,0,194203760.000,0,-,-,-,-,6140.6000,6140.0000,6136.6000,6133.0000,6131.4000,6142.2000,6142.4000,6145.0000,6145.2000,6145.8000,2,9,3,3,1,3,1,1,1,1
SF,IC2103,2020-10-16 09:31:09.600,6140.0000,42062,-3,199116000.000,4,0,4,多平,S,6140.0000,6136.6000,6133.0000,6131.4000,6131.0000,6140.2000,6140.6000,6142.0000,6142.2000,6142.4000,7,3,3,1,1,1,1,3,1,1
SF,IC2103,2020-10-16 09:31:10.100,6140.0000,42059,-3,211396040.000,10,3,7,多平,S,6136.6000,6133.0000,6131.4000,6131.0000,6130.6000,6140.0000,6140.6000,6142.0000,6142.4000,6145.0000,3,3,1,1,1,3,1,1,1,1
SF,IC2103,2020-10-16 09:31:10.600,6140.0000,42059,0,211396040.000,0,-,-,-,-,6136.8000,6136.6000,6133.0000,6131.4000,6131.0000,6139.8000,6140.6000,6142.4000,6145.0000,6145.8000,1,3,3,1,1,4,1,1,1,1
SF,IC2103,2020-10-16 09:31:11.100,6137.0000,42058,-1,212623440.000,1,0,1,双平,S,6137.0000,6136.8000,6136.6000,6133.0000,6131.4000,6139.6000,6139.8000,6140.6000,6142.4000,6145.0000,1,1,3,3,1,2,2,1,1,1
SF,IC2103,2020-10-16 09:31:11.600,6137.0000,42058,0,212623440.000,0,-,-,-,-,6137.2000,6137.0000,6136.6000,6133.0000,6131.4000,6139.4000,6139.6000,6140.6000,6142.4000,6145.0000,1,1,3,3,1,2,2,1,1,1
SF,IC2103,2020-10-16 09:31:12.100,6137.0000,42058,0,212623440.000,0,-,-,-,-,6137.0000,6136.6000,6133.0000,6131.4000,6131.0000,6139.2000,6139.4000,6140.6000,6142.4000,6145.0000,1,3,3,1,1,2,2,1,1,1
SF,IC2103,2020-10-16 09:31:12.600,6136.6000,42056,-2,215078160.000,2,0,2,双平,S,6136.6000,6133.0000,6131.4000,6131.0000,6130.6000,6139.0000,6139.2000,6139.4000,6140.6000,6142.4000,2,3,1,1,1,1,2,1,1,1
SF,IC2103,2020-10-16 09:31:13.100,6136.6000,42056,0,215078160.000,0,-,-,-,-,6136.8000,6136.6000,6133.0000,6131.4000,6131.0000,6139.0000,6139.4000,6140.6000,6142.4000,6145.0000,1,2,3,1,1,3,1,1,1,1
SF,IC2103,2020-10-16 09:31:13.600,6136.6000,42056,0,215078160.000,0,-,-,-,-,6137.0000,6136.8000,6136.6000,6133.0000,6131.4000,6138.8000,6139.0000,6139.4000,6140.6000,6142.4000,1,1,2,3,1,1,1,1,1,1
SF,IC2103,2020-10-16 09:31:14.100,6139.0000,42054,-2,217533720.000,2,0,2,双平,S,6139.0000,6137.2000,6137.0000,6136.8000,6136.6000,6139.4000,6140.6000,6142.4000,6145.0000,6145.8000,1,1,2,1,2,1,1,1,1,1
SF,IC2103,2020-10-16 09:31:14.600,6139.4000,42054,0,218761600.000,1,0,1,多换,S,6140.6000,6139.4000,6139.2000,6137.2000,6137.0000,6142.4000,6145.0000,6145.8000,6146.0000,6148.8000,1,1,1,1,1,1,1,1,1,1
SF,IC2103,2020-10-16 09:31:15.100,6140.6000,42050,-4,224902920.000,5,0,5,多平,S,6139.2000,6137.2000,6136.8000,6136.6000,6133.0000,6145.0000,6145.8000,6146.0000,6148.8000,6149.8000,1,1,1,2,2,1,1,1,1,1
SF,IC2103,2020-10-16 09:31:15.600,6139.2000,42048,-2,228586520.000,3,0,3,多平,S,6136.8000,6136.6000,6133.0000,6131.4000,6131.0000,6139.2000,6144.0000,6144.6000,6144.8000,6145.0000,1,2,2,1,1,7,1,2,2,1
SF,IC2103,2020-10-16 09:31:16.100,6139.2000,42041,-7,237181400.000,7,0,7,双平,S,6140.4000,6138.0000,6137.6000,6137.0000,6136.8000,6144.8000,6145.0000,6145.8000,6146.0000,6148.8000,1,1,5,2,1,2,1,1,1,1
SF,IC2103,2020-10-16 09:31:16.600,6139.2000,42041,0,237181400.000,0,-,-,-,-,6140.6000,6140.4000,6138.0000,6137.6000,6137.0000,6144.6000,6144.8000,6145.8000,6146.0000,6148.8000,2,1,1,3,1,1,2,1,1,1
SF,IC2103,2020-10-16 09:31:17.100,6140.2000,42041,0,238409440.000,1,0,1,多换,S,6137.6000,6137.0000,6136.8000,6136.6000,6133.0000,6144.4000,6144.6000,6144.8000,6145.8000,6146.0000,2,1,1,2,2,2,2,1,1,1
SF,IC2103,2020-10-16 09:31:17.600,6140.2000,42041,0,238409440.000,0,-,-,-,-,6137.8000,6137.0000,6136.8000,6136.6000,6133.0000,6138.0000,6139.2000,6139.6000,6140.8000,6144.0000,1,1,1,2,2,3,4,2,2,1
SF,IC2103,2020-10-16 09:31:18.100,6137.6000,42039,-2,245774720.000,6,2,4,多平,S,6136.8000,6136.6000,6133.0000,6131.4000,6131.0000,6137.8000,6144.2000,6144.4000,6144.8000,6145.8000,1,2,2,1,1,1,3,2,1,1
SF,IC2103,2020-10-16 09:31:18.600,6137.6000,42037,-2,249456920.000,3,0,3,多平,S,6136.6000,6133.0000,6131.4000,6131.0000,6130.6000,6136.8000,6137.6000,6137.8000,6144.2000,6144.4000,1,2,1,1,1,1,1,2,2,1
SF,IC2103,2020-10-16 09:31:19.100,6136.6000,42036,-1,250684240.000,1,0,1,双平,S,6133.0000,6131.4000,6131.0000,6130.6000,6130.0000,6136.2000,6136.8000,6137.6000,6137.8000,6144.4000,2,1,1,1,1,2,1,1,2,1
SF,IC2103,2020-10-16 09:31:19.600,6136.2000,42035,-1,253138720.000,2,0,2,多平,S,6133.6000,6133.4000,6133.2000,6133.0000,6131.4000,6136.0000,6136.2000,6136.8000,6137.6000,6145.0000,3,1,3,1,1,2,2,1,1,1
SF,IC2103,2020-10-16 09:31:20.100,6136.0000,42035,0,254365920.000,1,0,1,多换,S,6136.0000,6134.8000,6134.4000,6133.8000,6133.6000,6136.2000,6136.8000,6145.0000,6145.8000,6146.0000,2,4,1,4,1,2,1,1,1,1
SF,IC2103,2020-10-16 09:31:20.600,6136.2000,42033,-2,256820400.000,2,0,2,双平,S,6133.8000,6133.6000,6133.2000,6133.0000,6131.4000,6145.0000,6145.8000,6146.0000,6148.8000,6149.8000,3,1,2,2,1,1,1,1,1,1
SF,IC2103,2020-10-16 09:31:21.100,6136.2000,42033,0,256820400.000,0,-,-,-,-,6134.8000,6134.0000,6133.8000,6133.6000,6133.0000,6141.0000,6141.6000,6141.8000,6142.2000,6142.4000,1,4,3,1,2,1,1,1,1,2
SF,IC2103,2020-10-16 09:31:21.600,6136.2000,42033,0,256820400.000,0,-,-,-,-,6135.0000,6134.8000,6134.0000,6133.8000,6133.6000,6140.8000,6141.0000,6141.6000,6141.8000,6142.2000,4,1,3,3,1,2,3,1,1,1
SF,IC2103,2020-10-16 09:31:22.100,6136.2000,42033,0,256820400.000,0,-,-,-,-,6135.0000,6134.8000,6134.0000,6133.8000,6133.6000,6140.4000,6140.6000,6140.8000,6141.0000,6141.6000,4,1,3,3,1,1,4,2,1,1
SF,IC2103,2020-10-16 09:31:22.600,6136.2000,42033,0,256820400.000,0,-,-,-,-,6135.0000,6134.0000,6133.8000,6133.6000,6133.0000,6139.6000,6140.2000,6140.4000,6140.6000,6141.0000,4,3,3,1,2,2,3,3,2,1
SF,IC2103,2020-10-16 09:31:23.100,6136.2000,42033,0,256820400.000,0,-,-,-,-,6135.0000,6134.0000,6133.8000,6133.6000,6133.0000,6139.4000,6139.6000,6140.2000,6140.4000,6140.6000,4,3,3,1,2,7,2,1,1,1
SF,IC2103,2020-10-16 09:31:23.600,6136.2000,42033,0,256820400.000,0,-,-,-,-,6135.0000,6134.0000,6133.8000,6133.6000,6133.0000,6139.2000,6139.4000,6139.6000,6140.2000,6140.4000,6,3,3,1,2,2,5,2,1,1
SF,IC2103,2020-10-16 09:31:24.100,6136.2000,42033,0,256820400.000,0,-,-,-,-,6135.0000,6134.0000,6133.8000,6133.6000,6133.0000,6139.0000,6139.2000,6139.6000,6140.2000,6140.4000,6,3,3,1,2,4,2,2,1,1
SF,IC2103,2020-10-16 09:31:24.600,6135.0000,42032,-1,258047400.000,1,0,1,双平,S,6135.0000,6134.0000,6133.8000,6133.6000,6133.0000,6139.0000,6139.6000,6141.0000,6141.6000,6141.8000,5,3,3,1,2,4,2,1,1,1
SF,IC2103,2020-10-16 09:31:25.100,6135.0000,42032,0,258047400.000,0,-,-,-,-,6135.2000,6135.0000,6134.0000,6133.8000,6133.6000,6138.8000,6139.0000,6139.6000,6141.0000,6141.6000,1,5,3,2,1,1,4,2,1,1
SF,IC2103,2020-10-16 09:31:25.600,6135.0000,42032,0,258047400.000,0,-,-,-,-,6135.4000,6135.2000,6135.0000,6134.0000,6133.8000,6138.6000,6139.0000,6139.6000,6141.0000,6141.6000,1,1,5,3,2,2,2,2,1,1
SF,IC2103,2020-10-16 09:31:26.100,6135.0000,42032,0,258047400.000,0,-,-,-,-,6135.6000,6135.4000,6135.0000,6134.0000,6133.8000,6138.4000,6138.6000,6139.6000,6141.0000,6141.6000,1,1,7,3,2,4,2,2,1,1
SF,IC2103,2020-10-16 09:31:26.600,6135.0000,42032,0,258047400.000,0,-,-,-,-,6135.8000,6135.6000,6135.4000,6135.0000,6134.0000,6138.2000,6138.4000,6139.6000,6141.0000,6141.6000,1,1,1,7,3,3,2,2,1,1
SF,IC2103,2020-10-16 09:31:27.100,6138.2000,42031,-1,260502680.000,2,0,2,多平,S,6136.0000,6135.8000,6135.4000,6135.0000,6134.0000,6138.4000,6139.6000,6141.0000,6141.6000,6141.8000,1,1,1,7,3,2,2,1,1,1
SF,IC2103,2020-10-16 09:31:27.600,6138.4000,42030,-1,262958040.000,2,0,2,多平,S,6136.2000,6136.0000,6135.8000,6135.4000,6135.0000,6139.6000,6141.6000,6142.4000,6143.2000,6144.6000,3,1,1,1,7,2,1,1,2,1
SF,IC2103,2020-10-16 09:31:28.100,6139.4000,42030,0,264185920.000,1,0,1,多换,S,6136.4000,6136.2000,6135.8000,6135.4000,6135.0000,6139.4000,6139.6000,6141.6000,6142.4000,6143.2000,2,2,1,1,7,2,2,1,1,2
SF,IC2103,2020-10-16 09:31:28.600,6139.4000,42030,0,264185920.000,0,-,-,-,-,6136.6000,6136.4000,6136.2000,6135.8000,6135.4000,6139.2000,6139.4000,6139.6000,6141.6000,6142.4000,1,2,2,1,1,1,1,2,1,1
SF,IC2103,2020-10-16 09:31:29.100,6139.4000,42030,0,264185920.000,0,-,-,-,-,6136.8000,6136.6000,6136.2000,6135.8000,6135.4000,6139.0000,6139.2000,6139.6000,6141.6000,6142.4000,2,1,2,1,1,1,2,2,1,1
SF,IC2103,2020-10-16 09:31:29.600,6139.4000,42030,0,264185920.000,0,-,-,-,-,6136.8000,6136.6000,6136.2000,6135.8000,6135.4000,6139.0000,6139.2000,6139.6000,6141.6000,6142.4000,2,1,2,1,1,1,1,2,1,1
SF,IC2103,2020-10-16 09:31:30.100,6139.4000,42030,0,264185920.000,0,-,-,-,-,6136.8000,6136.6000,6136.2000,6135.8000,6135.4000,6138.4000,6139.0000,6139.2000,6139.6000,6141.6000,2,1,2,1,1,1,1,1,2,1
SF,IC2103,2020-10-16 09:31:30.600,6139.4000,42030,0,264185920.000,0,-,-,-,-,6136.8000,6136.2000,6135.8000,6135.4000,6135.0000,6138.4000,6139.0000,6139.2000,6139.6000,6141.6000,1,2,1,1,7,2,1,1,2,1
SF,IC2103,2020-10-16 09:31:31.100,6139.4000,42030,0,264185920.000,0,-,-,-,-,6136.8000,6136.2000,6135.8000,6135.4000,6135.0000,6138.2000,6138.4000,6139.6000,6141.6000,6142.4000,1,2,1,1,7,3,2,2,1,1
SF,IC2103,2020-10-16 09:31:31.600,6139.4000,42030,0,264185920.000,0,-,-,-,-,6136.8000,6136.2000,6135.8000,6135.4000,6135.0000,6138.0000,6138.2000,6138.4000,6139.6000,6141.6000,1,2,1,1,7,1,2,2,2,1
SF,IC2103,2020-10-16 09:31:32.100,6138.2000,42029,-1,265413560.000,1,0,1,双平,S,6137.0000,6136.8000,6136.2000,6135.8000,6135.4000,6138.4000,6139.6000,6141.6000,6142.4000,6143.2000,1,1,2,1,1,1,2,1,1,2
SF,IC2103,2020-10-16 09:31:32.600,6138.4000,42028,-1,266641240.000,1,0,1,双平,S,6138.4000,6137.2000,6137.0000,6136.2000,6135.8000,6139.6000,6142.4000,6143.2000,6144.6000,6145.0000,1,1,1,1,1,2,1,2,1,1
SF,IC2103,2020-10-16 09:31:33.100,6138.4000,42028,0,266641240.000,0,-,-,-,-,6138.4000,6137.2000,6137.0000,6136.2000,6135.0000,6139.6000,6142.4000,6143.2000,6144.6000,6145.0000,1,1,1,1,4,2,1,2,1,1
SF,IC2103,2020-10-16 09:31:33.600,6139.6000,42027,-1,269097080.000,2,0,2,多平,S,6138.6000,6138.4000,6137.0000,6136.2000,6135.0000,6142.4000,6143.2000,6144.6000,6145.0000,6145.8000,2,1,1,1,4,1,2,1,1,1
SF,IC2103,2020-10-16 09:31:34.100,6139.6000,42027,0,269097080.000,0,-,-,-,-,6138.8000,6138.6000,6138.4000,6137.0000,6136.2000,6142.2000,6143.2000,6144.6000,6145.0000,6145.8000,1,2,1,1,1,1,1,1,1,1
SF,IC2103,2020-10-16 09:31:34.600,6139.6000,42027,0,269097080.000,0,-,-,-,-,6139.0000,6138.8000,6138.6000,6138.4000,6137.0000,6142.2000,6144.6000,6145.0000,6145.8000,6146.0000,1,1,1,1,1,1,1,1,1,1
SF,IC2103,2020-10-16 09:31:35.100,6139.6000,42027,0,269097080.000,0,-,-,-,-,6139.2000,6139.0000,6138.6000,6138.4000,6137.0000,6142.2000,6144.6000,6145.0000,6145.8000,6146.0000,1,1,1,1,1,1,1,1,1,1
SF,IC2103,2020-10-16 09:31:35.600,6139.6000,42027,0,269097080.000,0,-,-,-,-,6139.4000,6139.2000,6138.6000,6138.4000,6137.0000,6144.6000,6145.0000,6145.8000,6146.0000,6155.0000,1,1,1,1,1,1,1,1,1,2
SF,IC2103,2020-10-16 09:31:36.100,6139.6000,42027,0,269097080.000,0,-,-,-,-,6139.6000,6139.4000,6138.6000,6138.4000,6137.0000,6144.4000,6144.6000,6145.0000,6145.8000,6146.0000,1,1,1,1,1,2,4,1,1,1
SF,IC2103,2020-10-16 09:31:36.600,6139.6000,42027,0,269097080.000,0,-,-,-,-,6139.8000,6139.6000,6138.6000,6138.4000,6137.0000,6144.2000,6144.4000,6144.6000,6145.0000,6145.8000,1,1,1,1,1,1,2,2,1,1
SF,IC2103,2020-10-16 09:31:37.100,6139.6000,42027,0,269097080.000,0,-,-,-,-,6140.0000,6139.8000,6138.6000,6138.4000,6137.0000,6144.0000,6144.2000,6144.4000,6144.6000,6145.0000,1,1,1,1,1,1,1,1,2,1
SF,IC2103,2020-10-16 09:31:37.600,6139.6000,42027,0,269097080.000,0,-,-,-,-,6140.2000,6140.0000,6138.4000,6137.0000,6135.0000,6143.8000,6144.0000,6144.2000,6144.4000,6144.6000,1,1,1,1,4,1,3,1,1,2
SF,IC2103,2020-10-16 09:31:38.100,6139.6000,42027,0,269097080.000,0,-,-,-,-,6140.4000,6140.2000,6138.4000,6137.0000,6135.0000,6143.6000,6144.2000,6144.4000,6144.6000,6145.0000,1,1,1,1,2,2,1,1,2,1
SF,IC2103,2020-10-16 09:31:38.600,6139.6000,42027,0,269097080.000,0,-,-,-,-,6140.6000,6140.4000,6138.4000,6137.6000,6137.0000,6143.4000,6143.6000,6144.4000,6144.6000,6145.0000,1,1,1,1,1,1,2,1,2,1
SF,IC2103,2020-10-16 09:31:39.100,6139.6000,42027,0,269097080.000,0,-,-,-,-,6140.8000,6140.6000,6138.4000,6137.6000,6137.0000,6143.2000,6144.4000,6144.6000,6145.0000,6145.8000,1,1,1,1,1,1,1,2,1,1
SF,IC2103,2020-10-16 09:31:39.600,6139.6000,42027,0,269097080.000,0,-,-,-,-,6141.0000,6140.8000,6137.6000,6137.0000,6135.0000,6143.2000,6144.4000,6144.6000,6145.0000,6145.8000,1,1,1,1,2,1,1,2,1,1
SF,IC2103,2020-10-16 09:31:41.100,6139.6000,42027,0,269097080.000,0,-,-,-,-,6141.0000,6140.8000,6137.6000,6137.0000,6135.0000,6143.2000,6144.4000,6144.6000,6145.0000,6145.8000,1,1,1,1,2,2,1,2,1,1
SF,IC2103,2020-10-16 09:31:41.600,6143.0000,42027,0,270325680.000,1,0,1,多换,S,6141.0000,6140.8000,6137.6000,6137.0000,6135.0000,6143.2000,6144.4000,6144.6000,6145.0000,6145.8000,1,1,1,1,2,1,1,2,1,1
SF,IC2103,2020-10-16 09:31:42.100,6143.0000,42027,0,270325680.000,0,-,-,-,-,6141.2000,6141.0000,6140.8000,6137.6000,6137.0000,6144.6000,6145.0000,6145.8000,6146.0000,6155.0000,1,1,1,1,1,1,1,1,1,2
SF,IC2103,2020-10-16 09:31:42.600,6143.0000,42027,0,270325680.000,0,-,-,-,-,6141.4000,6141.2000,6137.6000,6137.0000,6135.0000,6144.4000,6144.6000,6145.0000,6145.8000,6146.0000,3,1,1,1,2,1,3,1,1,1
SF,IC2103,2020-10-16 09:31:43.100,6143.0000,42027,0,270325680.000,0,-,-,-,-,6141.4000,6137.6000,6137.0000,6135.0000,6134.6000,6144.4000,6144.6000,6145.0000,6145.8000,6146.0000,3,1,1,2,1,2,1,1,1,1
SF,IC2103,2020-10-16 09:31:43.600,6141.4000,42025,-2,274010520.000,3,0,3,多平,S,6137.6000,6137.0000,6135.0000,6134.6000,6133.0000,6144.2000,6144.4000,6144.6000,6145.0000,6145.8000,1,1,2,1,3,4,2,1,1,1
SF,IC2103,2020-10-16 09:31:44.100,6141.4000,42025,0,274010520.000,0,-,-,-,-,6137.8000,6137.6000,6137.0000,6135.0000,6134.6000,6141.0000,6144.0000,6144.2000,6144.6000,6145.0000,2,1,1,2,1,1,4,3,1,1
SF,IC2103,2020-10-16 09:31:44.600,6141.2000,42024,-1,276467000.000,2,0,2,多平,S,6139.2000,6139.0000,6138.0000,6137.8000,6137.0000,6144.0000,6144.2000,6144.6000,6145.0000,6145.8000,2,1,3,2,1,1,2,1,1,1
SF,IC2103,2020-10-16 09:31:45.100,6141.2000,42024,0,276467000.000,0,-,-,-,-,6139.4000,6139.0000,6138.0000,6137.8000,6137.0000,6144.0000,6144.6000,6145.0000,6145.8000,6146.0000,4,1,1,1,1,3,1,1,1,1
SF,IC2103,2020-10-16 09:31:45.600,6141.2000,42024,0,276467000.000,0,-,-,-,-,6141.8000,6139.4000,6139.0000,6138.0000,6137.8000,6144.0000,6144.6000,6145.0000,6145.8000,6146.0000,1,4,1,1,1,1,1,1,1,1
SF,IC2103,2020-10-16 09:31:46.100,6144.0000,42023,-1,277695800.000,1,0,1,双平,S,6142.0000,6141.8000,6139.4000,6139.0000,6138.0000,6144.6000,6145.0000,6145.8000,6146.0000,6155.0000,2,1,3,1,1,1,1,1,1,2
SF,IC2103,2020-10-16 09:31:46.600,6144.6000,42023,0,278924720.000,1,0,1,多换,S,6142.2000,6142.0000,6141.8000,6139.4000,6139.0000,6145.0000,6145.8000,6146.0000,6155.0000,6156.0000,2,2,1,2,1,1,1,1,2,2
SF,IC2103,2020-10-16 09:31:47.100,6144.6000,42023,0,278924720.000,0,-,-,-,-,6142.4000,6142.2000,6142.0000,6141.8000,6139.4000,6145.0000,6145.8000,6146.0000,6155.0000,6156.0000,1,2,1,1,2,1,1,1,2,2
SF,IC2103,2020-10-16 09:31:47.600,6144.6000,42023,0,278924720.000,0,-,-,-,-,6142.6000,6142.4000,6142.0000,6141.8000,6139.4000,6145.0000,6145.8000,6146.0000,6155.0000,6156.0000,5,1,1,1,2,1,1,1,2,2
SF,IC2103,2020-10-16 09:31:48.100,6145.0000,42023,0,280153720.000,1,0,1,多换,S,6142.8000,6142.6000,6142.0000,6141.8000,6139.4000,6145.8000,6146.0000,6155.0000,6156.0000,6160.0000,1,3,1,1,2,1,1,2,2,1
SF,IC2103,2020-10-16 09:31:48.600,6145.8000,42022,-1,281382880.000,1,0,1,双平,S,6143.0000,6142.8000,6142.6000,6142.0000,6141.8000,6146.0000,6155.0000,6156.0000,6160.0000,6162.2000,5,1,1,1,1,1,2,2,1,2
SF,IC2103,2020-10-16 09:31:49.100,6146.0000,42021,-1,282612080.000,1,0,1,双平,S,6143.2000,6143.0000,6142.8000,6142.6000,6142.0000,6155.0000,6156.0000,6160.0000,6162.2000,6163.0000,2,5,1,1,1,2,2,1,2,5
SF,IC2103,2020-10-16 09:31:49.600,6146.0000,42021,0,282612080.000,0,-,-,-,-,6143.4000,6143.2000,6143.0000,6142.8000,6142.6000,6150.2000,6150.4000,6151.2000,6151.6000,6152.2000,5,2,4,1,1,2,1,1,2,1
SF,IC2103,2020-10-16 09:31:50.100,6146.0000,42021,0,282612080.000,0,-,-,-,-,6143.6000,6143.4000,6143.2000,6143.0000,6142.8000,6150.0000,6150.2000,6150.4000,6151.2000,6151.6000,1,5,1,4,1,2,2,1,1,2
SF,IC2103,2020-10-16 09:31:50.600,6146.0000,42021,0,282612080.000,0,-,-,-,-,6146.0000,6143.8000,6143.6000,6143.4000,6143.2000,6148.8000,6150.0000,6150.2000,6150.4000,6151.2000,1,4,1,4,1,2,2,2,1,1
SF,IC2103,2020-10-16 09:31:51.100,6146.0000,42021,0,282612080.000,0,-,-,-,-,6146.2000,6146.0000,6143.6000,6143.4000,6143.0000,6148.6000,6148.8000,6150.0000,6150.2000,6150.4000,1,1,1,1,4,3,2,1,2,1
SF,IC2103,2020-10-16 09:31:51.600,6146.2000,42019,-2,286299720.000,3,0,3,多平,S,6147.4000,6143.4000,6143.0000,6142.8000,6142.6000,6148.6000,6148.8000,6150.0000,6150.2000,6150.4000,1,1,4,1,1,2,2,1,2,1
SF,IC2103,2020-10-16 09:31:52.100,6146.2000,42018,-1,287528960.000,1,0,1,双平,S,6143.4000,6143.0000,6142.8000,6142.6000,6142.0000,6147.4000,6148.0000,6148.6000,6148.8000,6150.0000,1,4,1,1,1,1,1,2,2,1
SF,IC2103,2020-10-16 09:31:52.600,6146.2000,42018,0,287528960.000,0,-,-,-,-,6143.6000,6143.0000,6142.8000,6142.6000,6142.0000,6147.2000,6147.4000,6148.0000,6148.6000,6148.8000,2,4,1,1,1,1,1,1,1,2
SF,IC2103,2020-10-16 09:31:53.100,6146.2000,42018,0,287528960.000,0,-,-,-,-,6143.6000,6143.0000,6142.8000,6142.6000,6142.0000,6147.2000,6147.4000,6148.0000,6148.6000,6148.8000,2,4,1,1,1,3,1,1,1,2
SF,IC2103,2020-10-16 09:31:53.600,6146.2000,42018,0,287528960.000,0,-,-,-,-,6143.8000,6143.6000,6143.0000,6142.8000,6142.6000,6147.0000,6147.2000,6147.4000,6148.0000,6148.6000,1,2,1,1,1,1,1,1,1,1
SF,IC2103,2020-10-16 09:31:54.100,6146.2000,42018,0,287528960.000,0,-,-,-,-,6144.0000,6143.8000,6143.0000,6142.8000,6142.6000,6146.8000,6147.0000,6147.4000,6148.0000,6148.6000,2,1,1,1,1,1,1,1,1,1
SF,IC2103,2020-10-16 09:31:54.600,6146.2000,42018,0,287528960.000,0,-,-,-,-,6144.0000,6143.8000,6143.0000,6142.8000,6142.6000,6146.8000,6147.0000,6147.4000,6148.0000,6148.6000,2,1,1,1,1,3,1,1,1,1
SF,IC2103,2020-10-16 09:31:55.100,6146.2000,42018,0,287528960.000,0,-,-,-,-,6144.2000,6144.0000,6143.0000,6142.8000,6142.6000,6146.6000,6146.8000,6147.4000,6148.0000,6148.6000,1,2,1,1,1,2,1,1,1,1
SF,IC2103,2020-10-16 09:31:55.600,6146.2000,42018,0,287528960.000,0,-,-,-,-,6144.4000,6144.2000,6144.0000,6143.0000,6142.8000,6146.4000,6146.6000,6147.4000,6148.6000,6148.8000,1,1,1,1,1,2,2,1,1,2
SF,IC2103,2020-10-16 09:31:56.100,6144.2000,42016,-2,289986680.000,2,0,2,双平,S,6144.0000,6143.0000,6142.8000,6142.6000,6142.0000,6146.2000,6146.4000,6147.4000,6148.6000,6148.8000,1,1,1,1,1,2,1,1,1,2
SF,IC2103,2020-10-16 09:31:56.600,6144.2000,42016,0,289986680.000,0,-,-,-,-,6144.0000,6142.8000,6142.6000,6139.4000,6137.8000,6146.0000,6146.2000,6147.4000,6148.6000,6148.8000,1,1,1,1,1,2,2,1,1,2
SF,IC2103,2020-10-16 09:31:57.100,6144.2000,42016,0,289986680.000,0,-,-,-,-,6142.8000,6142.6000,6139.4000,6137.8000,6137.0000,6145.8000,6146.0000,6147.4000,6148.6000,6148.8000,1,1,1,1,1,2,2,1,1,2
SF,IC2103,2020-10-16 09:31:57.600,6144.2000,42016,0,289986680.000,0,-,-,-,-,6143.0000,6142.8000,6142.6000,6139.4000,6137.8000,6145.6000,6145.8000,6147.4000,6148.6000,6148.8000,2,1,1,1,1,1,1,1,1,2
SF,IC2103,2020-10-16 09:31:58.100,6144.2000,42016,0,289986680.000,0,-,-,-,-,6143.0000,6142.8000,6142.6000,6139.4000,6137.8000,6145.4000,6145.6000,6147.4000,6148.6000,6148.8000,2,1,1,1,1,1,1,1,1,2
SF,IC2103,2020-10-16 09:31:58.600,6145.6000,42013,-3,293674000.000,3,0,3,双平,S,6143.0000,6142.8000,6142.6000,6139.4000,6137.8000,6147.4000,6150.0000,6150.2000,6152.0000,6152.2000,2,1,1,1,1,1,1,1,1,1
SF,IC2103,2020-10-16 09:31:59.100,6145.6000,42013,0,293674000.000,0,-,-,-,-,6143.2000,6143.0000,6142.8000,6142.6000,6139.4000,6147.2000,6147.4000,6150.0000,6150.2000,6152.0000,1,2,1,1,1,1,1,1,1,1
SF,IC2103,2020-10-16 09:31:59.600,6145.6000,42013,0,293674000.000,0,-,-,-,-,6143.4000,6143.2000,6142.8000,6142.6000,6139.4000,6147.2000,6147.4000,6150.0000,6150.2000,6152.0000,2,1,1,1,1,3,1,1,1,1
SF,IC2103,2020-10-16 09:32:00.100,6145.6000,42013,0,293674000.000,0,-,-,-,-,6143.6000,6143.4000,6142.8000,6142.6000,6139.4000,6147.0000,6147.2000,6147.4000,6150.0000,6150.2000,1,2,1,1,1,2,1,1,1,1
SF,IC2103,2020-10-16 09:32:00.600,6145.6000,42013,0,293674000.000,0,-,-,-,-,6143.8000,6143.6000,6142.8000,6142.6000,6139.4000,6146.8000,6147.0000,6147.4000,6150.0000,6150.2000,2,1,1,1,1,1,1,1,1,1
SF,IC2103,2020-10-16 09:32:01.100,6147.0000,42011,-2,296132760.000,2,0,2,双平,S,6144.0000,6143.8000,6142.8000,6142.6000,6139.4000,6147.4000,6150.0000,6150.2000,6152.0000,6152.2000,1,2,1,1,1,1,1,1,1,1
SF,IC2103,2020-10-16 09:32:01.600,6147.0000,42011,0,296132760.000,0,-,-,-,-,6144.2000,6144.0000,6142.8000,6142.6000,6139.4000,6147.2000,6150.0000,6150.2000,6152.0000,6152.2000,2,1,1,1,1,1,1,1,1,1
SF,IC2103,2020-10-16 09:32:02.100,6147.0000,42011,0,296132760.000,0,-,-,-,-,6144.4000,6144.2000,6142.8000,6142.6000,6139.4000,6147.2000,6150.0000,6150.2000,6152.0000,6152.2000,1,2,1,1,1,2,1,1,1,1
SF,IC2103,2020-10-16 09:32:02.600,6147.0000,42011,0,296132760.000,0,-,-,-,-,6144.6000,6144.4000,6142.8000,6142.6000,6139.4000,6147.0000,6147.2000,6150.0000,6150.2000,6152.0000,1,1,1,1,1,2,2,1,1,1
SF,IC2103,2020-10-16 09:32:03.100,6147.0000,42011,0,296132760.000,0,-,-,-,-,6144.8000,6144.6000,6144.2000,6142.8000,6139.4000,6146.8000,6147.0000,6150.0000,6150.2000,6152.0000,1,1,1,1,1,1,1,1,1,1
SF,IC2103,2020-10-16 09:32:03.600,6147.0000,42011,0,296132760.000,0,-,-,-,-,6145.0000,6144.8000,6144.2000,6142.8000,6139.4000,6146.8000,6147.0000,6150.0000,6150.2000,6152.0000,1,1,1,1,1,1,1,1,1,1
SF,IC2103,2020-10-16 09:32:04.100,6147.0000,42011,0,296132760.000,0,-,-,-,-,6145.2000,6145.0000,6144.2000,6142.8000,6139.4000,6150.0000,6150.2000,6152.0000,6152.2000,6153.8000,1,1,1,1,1,1,1,1,1,1
SF,IC2103,2020-10-16 09:32:04.600,6145.2000,42009,-2,298590880.000,2,0,2,双平,S,6144.2000,6142.8000,6139.4000,6138.0000,6137.8000,6148.8000,6149.0000,6149.8000,6150.0000,6150.2000,1,1,1,1,1,2,1,4,3,1
SF,IC2103,2020-10-16 09:32:05.100,6145.2000,42009,0,298590880.000,0,-,-,-,-,6144.4000,6144.2000,6142.8000,6139.4000,6138.0000,6148.6000,6148.8000,6149.0000,6149.8000,6150.0000,1,1,1,1,1,5,4,1,2,1
SF,IC2103,2020-10-16 09:32:05.600,6145.2000,42009,0,298590880.000,0,-,-,-,-,6144.4000,6144.2000,6142.8000,6139.4000,6138.0000,6148.4000,6148.6000,6148.8000,6149.0000,6149.8000,1,1,1,1,1,5,3,4,1,2
SF,IC2103,2020-10-16 09:32:06.100,6145.2000,42009,0,298590880.000,0,-,-,-,-,6144.4000,6144.2000,6142.8000,6139.4000,6138.0000,6148.2000,6148.4000,6148.6000,6148.8000,6149.0000,1,1,1,1,1,5,3,1,2,1
SF,IC2103,2020-10-16 09:32:06.600,6145.2000,42009,0,298590880.000,0,-,-,-,-,6144.4000,6144.2000,6142.8000,6139.4000,6138.0000,6148.0000,6148.2000,6148.4000,6148.6000,6148.8000,1,1,1,1,1,2,3,3,1,2
SF,IC2103,2020-10-16 09:32:07.100,6145.2000,42009,0,298590880.000,0,-,-,-,-,6144.4000,6144.2000,6142.8000,6139.4000,6138.0000,6147.8000,6148.0000,6148.2000,6148.4000,6148.6000,1,1,1,1,1,3,2,1,3,1
SF,IC2103,2020-10-16 09:32:07.600,6145.2000,42009,0,298590880.000,0,-,-,-,-,6144.4000,6144.2000,6139.4000,6138.0000,6137.8000,6147.6000,6147.8000,6148.2000,6148.4000,6148.6000,1,1,1,1,1,4,3,1,3,1
SF,IC2103,2020-10-16 09:32:08.100,6145.2000,42009,0,298590880.000,0,-,-,-,-,6144.4000,6144.2000,6139.4000,6138.0000,6137.8000,6147.4000,6147.6000,6147.8000,6148.2000,6148.4000,1,1,1,1,1,5,2,1,1,3
SF,IC2103,2020-10-16 09:32:08.600,6144.4000,42008,-1,299819760.000,1,0,1,双平,S,6144.4000,6144.2000,6139.4000,6138.0000,6137.8000,6147.2000,6147.4000,6147.6000,6147.8000,6148.2000,1,1,1,1,1,2,2,2,1,1
SF,IC2103,2020-10-16 09:32:09.100,6144.4000,42008,0,301048640.000,1,0,1,多换,S,6144.2000,6139.4000,6138.0000,6137.8000,6137.0000,6147.0000,6147.2000,6147.6000,6147.8000,6148.2000,1,1,1,1,1,2,1,2,1,1
SF,IC2103,2020-10-16 09:32:09.600,6144.2000,42008,0,302277480.000,1,0,1,多换,S,6139.4000,6138.0000,6137.8000,6137.0000,6135.0000,6146.8000,6147.0000,6147.6000,6147.8000,6148.2000,1,1,1,1,3,3,2,2,1,1
SF,IC2103,2020-10-16 09:32:10.100,6144.2000,42008,0,302277480.000,0,-,-,-,-,6140.4000,6140.2000,6140.0000,6139.6000,6139.4000,6146.6000,6146.8000,6147.0000,6147.6000,6147.8000,1,1,2,5,1,2,1,1,2,1
SF,IC2103,2020-10-16 09:32:10.600,6144.2000,42008,0,302277480.000,0,-,-,-,-,6140.6000,6140.4000,6140.2000,6139.6000,6139.4000,6146.4000,6146.6000,6146.8000,6147.0000,6147.6000,5,1,1,3,1,1,2,1,1,2
SF,IC2103,2020-10-16 09:32:11.100,6144.2000,42008,0,302277480.000,0,-,-,-,-,6140.6000,6140.4000,6140.2000,6139.6000,6139.4000,6146.2000,6146.4000,6146.8000,6147.0000,6147.6000,5,1,1,3,1,1,2,1,1,2
SF,IC2103,2020-10-16 09:32:11.600,6144.2000,42008,0,302277480.000,0,-,-,-,-,6140.6000,6140.4000,6140.2000,6139.6000,6139.4000,6146.0000,6146.2000,6146.8000,6147.6000,6147.8000,4,1,1,3,1,2,3,1,2,1
SF,IC2103,2020-10-16 09:32:12.100,6144.2000,42008,0,302277480.000,0,-,-,-,-,6140.6000,6140.4000,6140.2000,6139.6000,6139.4000,6145.8000,6146.0000,6146.8000,6147.6000,6147.8000,4,1,1,3,1,3,2,1,2,1
SF,IC2103,2020-10-16 09:32:12.600,6144.2000,42008,0,302277480.000,0,-,-,-,-,6140.6000,6140.4000,6140.2000,6139.6000,6139.4000,6145.6000,6145.8000,6146.0000,6146.8000,6147.6000,4,1,1,3,1,3,1,1,1,2
SF,IC2103,2020-10-16 09:32:13.100,6144.2000,42008,0,302277480.000,0,-,-,-,-,6140.6000,6140.4000,6140.2000,6139.6000,6139.4000,6145.4000,6145.6000,6146.0000,6146.8000,6147.8000,4,1,1,3,1,1,1,1,1,1
SF,IC2103,2020-10-16 09:32:13.600,6145.4000,42007,-1,304735600.000,2,0,2,多平,S,6142.4000,6142.2000,6141.8000,6141.6000,6141.0000,6146.0000,6148.6000,6148.8000,6149.8000,6150.0000,1,2,1,1,1,1,1,2,1,1
SF,IC2103,2020-10-16 09:32:14.100,6145.4000,42007,0,304735600.000,0,-,-,-,-,6142.6000,6142.4000,6141.8000,6141.6000,6141.0000,6145.8000,6148.6000,6148.8000,6149.8000,6150.0000,5,1,1,1,1,1,1,2,1,1
SF,IC2103,2020-10-16 09:32:14.600,6145.8000,42006,-1,305964760.000,1,0,1,双平,S,6143.2000,6142.6000,6142.4000,6141.6000,6141.0000,6149.8000,6150.0000,6150.2000,6152.0000,6152.2000,1,5,1,1,1,1,1,1,1,1
SF,IC2103,2020-10-16 09:32:15.100,6145.8000,42006,0,305964760.000,0,-,-,-,-,6143.4000,6143.2000,6142.6000,6142.4000,6141.6000,6148.8000,6149.6000,6149.8000,6150.0000,6150.2000,3,1,3,1,1,2,2,2,1,1
SF,IC2103,2020-10-16 09:32:15.600,6145.8000,42006,0,305964760.000,0,-,-,-,-,6143.4000,6143.2000,6142.6000,6142.4000,6141.6000,6148.6000,6148.8000,6149.6000,6149.8000,6150.0000,3,1,3,1,1,6,2,1,1,1
SF,IC2103,2020-10-16 09:32:16.100,6145.8000,42006,0,305964760.000,0,-,-,-,-,6143.4000,6142.6000,6142.4000,6141.6000,6141.0000,6148.0000,6148.4000,6148.6000,6148.8000,6149.6000,3,3,1,1,1,1,2,4,2,1
SF,IC2103,2020-10-16 09:32:16.600,6145.8000,42006,0,305964760.000,0,-,-,-,-,6143.4000,6142.6000,6141.0000,6140.6000,6139.6000,6147.8000,6148.0000,6148.6000,6148.8000,6149.6000,2,3,1,3,3,4,3,3,2,1
SF,IC2103,2020-10-16 09:32:17.100,6147.6000,42006,0,308423800.000,2,1,1,多换,S,6143.4000,6140.6000,6139.6000,6139.4000,6138.0000,6147.6000,6147.8000,6148.0000,6148.6000,6148.8000,2,3,3,1,1,2,4,1,3,2
SF,IC2103,2020-10-16 09:32:17.600,6143.4000,42005,-1,310881160.000,2,0,2,多平,S,6140.6000,6139.6000,6139.4000,6138.8000,6138.0000,6143.4000,6147.4000,6147.6000,6147.8000,6148.0000,3,3,1,1,1,7,3,2,3,1
SF,IC2103,2020-10-16 09:32:18.100,6143.4000,42001,-4,315795880.000,4,0,4,双平,S,6141.8000,6141.2000,6141.0000,6140.8000,6140.6000,6143.4000,6147.0000,6147.4000,6147.8000,6148.6000,1,1,1,5,3,3,1,1,2,2
SF,IC2103,2020-10-16 09:32:18.600,6143.4000,42001,0,315795880.000,0,-,-,-,-,6142.0000,6140.8000,6140.6000,6138.8000,6138.0000,6143.2000,6143.4000,6147.0000,6147.4000,6147.8000,1,2,3,1,1,2,3,1,1,2
SF,IC2103,2020-10-16 09:32:19.100,6143.4000,42001,0,315795880.000,0,-,-,-,-,6142.0000,6140.8000,6140.6000,6138.8000,6138.0000,6143.2000,6143.4000,6147.4000,6148.8000,6150.2000,1,2,3,1,1,2,3,1,2,1
SF,IC2103,2020-10-16 09:32:19.600,6142.2000,41998,-3,319481200.000,3,0,3,双平,S,6142.0000,6140.8000,6140.6000,6138.8000,6138.0000,6143.2000,6143.4000,6147.4000,6148.8000,6150.2000,1,1,3,1,1,2,3,1,2,1
SF,IC2103,2020-10-16 09:32:20.600,6142.0000,41998,0,320709600.000,1,0,1,多换,S,6140.8000,6140.6000,6138.8000,6138.0000,6137.0000,6142.0000,6143.2000,6143.4000,6147.4000,6148.8000,1,3,1,1,1,1,2,3,1,2
SF,IC2103,2020-10-16 09:32:21.100,6140.8000,41998,0,321937760.000,1,0,1,多换,S,6140.6000,6138.8000,6137.0000,6135.0000,6134.6000,6142.0000,6143.4000,6147.4000,6148.8000,6150.2000,3,1,1,2,1,2,3,1,2,1
SF,IC2103,2020-10-16 09:32:21.600,6140.8000,41998,0,321937760.000,0,-,-,-,-,6140.8000,6140.6000,6138.8000,6137.0000,6135.0000,6141.8000,6142.0000,6143.4000,6148.8000,6150.2000,1,3,1,1,2,2,2,3,2,1
SF,IC2103,2020-10-16 09:32:22.100,6140.6000,41998,0,326850280.000,4,2,2,多换,S,6138.8000,6137.0000,6135.0000,6134.6000,6133.0000,6140.8000,6141.6000,6141.8000,6142.0000,6143.4000,1,1,2,1,2,1,1,2,1,3
SF,IC2103,2020-10-16 09:32:22.600,6140.6000,41997,-1,328078400.000,1,0,1,双平,S,6139.2000,6139.0000,6138.8000,6137.0000,6135.0000,6140.8000,6141.8000,6142.0000,6143.4000,6144.4000,2,3,1,1,2,3,1,1,3,2
SF,IC2103,2020-10-16 09:32:23.100,6140.6000,41997,0,328078400.000,0,-,-,-,-,6139.0000,6138.8000,6137.0000,6135.0000,6134.6000,6140.6000,6140.8000,6142.0000,6143.4000,6144.4000,2,1,1,2,1,3,1,1,3,2
SF,IC2103,2020-10-16 09:32:23.600,6140.6000,41997,0,328078400.000,0,-,-,-,-,6139.2000,6138.8000,6137.0000,6135.0000,6134.6000,6140.4000,6140.6000,6140.8000,6142.0000,6143.4000,2,1,1,2,1,2,1,1,1,3
SF,IC2103,2020-10-16 09:32:24.100,6139.2000,41995,-2,330534080.000,2,0,2,双平,S,6138.8000,6137.0000,6135.0000,6134.6000,6133.0000,6140.2000,6140.8000,6142.0000,6143.4000,6152.0000,1,1,2,1,2,3,1,1,3,1
SF,IC2103,2020-10-16 09:32:24.600,6138.8000,41995,0,331761840.000,1,0,1,多换,S,6137.0000,6135.0000,6134.6000,6133.0000,6132.8000,6140.0000,6140.2000,6140.8000,6142.0000,6143.4000,1,2,1,2,2,4,1,1,1,3
SF,IC2103,2020-10-16 09:32:25.100,6138.8000,41995,0,331761840.000,0,-,-,-,-,6137.2000,6137.0000,6135.0000,6134.6000,6133.0000,6139.8000,6140.0000,6140.8000,6142.0000,6143.4000,1,1,2,1,2,4,2,1,1,3
SF,IC2103,2020-10-16 09:32:25.600,6138.8000,41995,0,331761840.000,0,-,-,-,-,6137.2000,6137.0000,6135.0000,6134.6000,6133.0000,6139.6000,6139.8000,6140.0000,6140.8000,6142.0000,1,1,2,1,2,2,2,2,1,1
SF,IC2103,2020-10-16 09:32:26.100,6138.8000,41995,0,331761840.000,0,-,-,-,-,6137.6000,6137.2000,6137.0000,6135.0000,6134.6000,6139.4000,6139.6000,6139.8000,6140.0000,6140.8000,1,1,1,2,1,1,2,1,2,1
SF,IC2103,2020-10-16 09:32:26.600,6138.8000,41995,0,331761840.000,0,-,-,-,-,6137.8000,6137.6000,6137.0000,6134.6000,6133.0000,6139.4000,6139.8000,6140.0000,6140.8000,6143.4000,1,1,1,1,2,3,1,2,1,3
SF,IC2103,2020-10-16 09:32:27.100,6139.4000,41994,-1,332989720.000,1,0,1,双平,S,6137.8000,6137.0000,6134.6000,6133.0000,6132.8000,6139.2000,6140.0000,6140.8000,6143.4000,6152.0000,1,1,1,2,2,2,2,1,3,1
SF,IC2103,2020-10-16 09:32:28.600,6139.4000,41994,0,332989720.000,0,-,-,-,-,6137.8000,6137.0000,6134.6000,6133.0000,6132.8000,6139.2000,6140.8000,6143.4000,6152.0000,6155.0000,1,1,1,2,2,2,1,3,1,3
SF,IC2103,2020-10-16 09:32:29.100,6139.2000,41992,-2,335445400.000,2,0,2,双平,S,6137.8000,6137.0000,6134.6000,6133.0000,6131.4000,6140.8000,6152.0000,6155.0000,6156.0000,6157.0000,2,1,1,2,1,1,1,3,2,1
SF,IC2103,2020-10-16 09:32:29.600,6139.2000,41992,0,335445400.000,0,-,-,-,-,6137.8000,6137.0000,6134.6000,6133.0000,6131.4000,6140.6000,6140.8000,6152.0000,6155.0000,6156.0000,1,1,1,2,1,2,2,1,3,2
SF,IC2103,2020-10-16 09:32:30.100,6139.2000,41992,0,335445400.000,0,-,-,-,-,6139.0000,6138.8000,6138.6000,6138.0000,6137.8000,6140.6000,6140.8000,6152.0000,6155.0000,6156.0000,1,1,1,2,2,2,1,1,3,2
SF,IC2103,2020-10-16 09:32:30.600,6139.2000,41992,0,335445400.000,0,-,-,-,-,6139.2000,6138.8000,6138.0000,6137.8000,6137.0000,6140.8000,6152.0000,6155.0000,6156.0000,6157.0000,1,1,1,1,1,1,1,3,2,1
SF,IC2103,2020-10-16 09:32:31.100,6139.2000,41992,0,335445400.000,0,-,-,-,-,6139.2000,6138.8000,6138.0000,6137.0000,6135.0000,6152.0000,6155.0000,6156.0000,6157.0000,6160.0000,2,1,1,1,1,1,3,2,1,1
SF,IC2103,2020-10-16 09:32:31.600,6139.2000,41992,0,335445400.000,0,-,-,-,-,6139.4000,6139.2000,6138.8000,6138.0000,6137.0000,6144.6000,6145.2000,6145.6000,6146.0000,6146.8000,1,1,1,1,1,1,1,2,3,1
SF,IC2103,2020-10-16 09:32:32.100,6139.2000,41992,0,335445400.000,0,-,-,-,-,6139.6000,6139.4000,6138.8000,6138.0000,6137.0000,6144.4000,6145.6000,6146.0000,6146.8000,6148.0000,1,2,1,1,1,1,1,1,1,1
SF,IC2103,2020-10-16 09:32:32.600,6139.6000,41989,-3,339129160.000,3,0,3,双平,S,6138.8000,6138.0000,6137.0000,6135.0000,6134.6000,6144.2000,6144.4000,6145.6000,6146.0000,6146.8000,1,1,1,2,1,1,1,1,1,1
SF,IC2103,2020-10-16 09:32:33.100,6139.6000,41989,0,339129160.000,0,-,-,-,-,6139.0000,6138.8000,6138.0000,6137.0000,6135.0000,6144.0000,6144.2000,6145.6000,6146.0000,6146.8000,3,1,1,1,2,1,1,1,1,1
SF,IC2103,2020-10-16 09:32:33.600,6139.6000,41989,0,339129160.000,0,-,-,-,-,6139.2000,6139.0000,6138.8000,6138.0000,6137.0000,6143.8000,6144.0000,6145.6000,6146.0000,6146.8000,1,3,1,1,1,1,1,1,1,1
SF,IC2103,2020-10-16 09:32:34.100,6139.6000,41989,0,339129160.000,0,-,-,-,-,6139.4000,6139.2000,6139.0000,6138.8000,6138.0000,6143.6000,6143.8000,6145.6000,6146.0000,6146.8000,1,1,2,1,1,1,1,1,1,1
SF,IC2103,2020-10-16 09:32:34.600,6139.6000,41989,0,339129160.000,0,-,-,-,-,6139.6000,6139.4000,6139.2000,6139.0000,6138.8000,6143.6000,6145.6000,6146.0000,6146.8000,6148.0000,2,1,1,2,1,1,1,1,1,1
SF,IC2103,2020-10-16 09:32:35.100,6139.6000,41989,0,339129160.000,0,-,-,-,-,6139.8000,6139.6000,6139.2000,6139.0000,6138.8000,6143.6000,6145.6000,6146.0000,6146.8000,6148.0000,1,1,1,2,1,1,1,1,1,1
SF,IC2103,2020-10-16 09:32:35.600,6139.6000,41989,0,339129160.000,0,-,-,-,-,6140.0000,6139.8000,6139.0000,6138.8000,6138.0000,6143.6000,6145.6000,6146.0000,6146.8000,6148.0000,2,1,2,1,1,1,1,1,1,1
SF,IC2103,2020-10-16 09:32:36.100,6139.6000,41989,0,339129160.000,0,-,-,-,-,6140.2000,6140.0000,6139.0000,6138.8000,6138.0000,6143.6000,6145.6000,6146.0000,6146.8000,6148.0000,1,2,2,1,1,1,1,1,1,1
SF,IC2103,2020-10-16 09:32:36.600,6139.6000,41989,0,339129160.000,0,-,-,-,-,6140.4000,6140.2000,6140.0000,6139.0000,6138.8000,6143.6000,6145.6000,6146.0000,6146.8000,6148.0000,1,1,1,2,1,1,1,1,1,1
SF,IC2103,2020-10-16 09:32:37.100,6139.6000,41989,0,339129160.000,0,-,-,-,-,6140.6000,6140.4000,6140.0000,6139.0000,6138.8000,6143.6000,6145.6000,6146.0000,6146.8000,6148.0000,1,2,1,2,1,2,1,1,1,1
SF,IC2103,2020-10-16 09:32:37.600,6139.6000,41989,0,339129160.000,0,-,-,-,-,6140.8000,6140.6000,6140.4000,6140.0000,6139.0000,6143.6000,6145.6000,6146.0000,6146.8000,6148.0000,1,1,1,1,2,1,1,1,1,1
SF,IC2103,2020-10-16 09:32:38.100,6139.8000,41986,-3,345268960.000,5,1,4,多平,S,6139.0000,6138.8000,6138.0000,6135.0000,6134.6000,6139.8000,6143.4000,6143.6000,6145.6000,6146.0000,2,1,1,1,1,2,1,2,1,1
SF,IC2103,2020-10-16 09:32:38.600,6139.8000,41983,-3,348952840.000,3,0,3,双平,S,6139.0000,6138.8000,6138.0000,6135.0000,6134.6000,6143.4000,6143.6000,6145.6000,6146.0000,6146.8000,2,1,1,1,1,1,2,1,1,1
SF,IC2103,2020-10-16 09:32:39.100,6139.8000,41983,0,348952840.000,0,-,-,-,-,6139.2000,6139.0000,6138.8000,6138.0000,6135.0000,6143.2000,6143.4000,6145.6000,6146.0000,6146.8000,3,2,1,1,1,1,1,1,1,1
SF,IC2103,2020-10-16 09:32:39.600,6139.8000,41983,0,348952840.000,0,-,-,-,-,6139.2000,6139.0000,6138.8000,6138.0000,6135.0000,6143.0000,6143.2000,6145.6000,6146.0000,6146.8000,3,2,1,1,1,1,3,1,1,1
SF,IC2103,2020-10-16 09:32:40.100,6139.8000,41983,0,348952840.000,0,-,-,-,-,6140.2000,6139.8000,6139.2000,6139.0000,6138.8000,6142.8000,6143.0000,6145.6000,6146.0000,6146.8000,1,1,4,2,1,1,2,1,1,1
SF,IC2103,2020-10-16 09:32:40.600,6139.8000,41983,0,348952840.000,0,-,-,-,-,6139.2000,6139.0000,6138.8000,6135.0000,6134.6000,6142.6000,6142.8000,6145.6000,6146.0000,6146.8000,2,2,1,1,1,1,3,1,1,1
SF,IC2103,2020-10-16 09:32:41.100,6139.8000,41983,0,348952840.000,0,-,-,-,-,6139.4000,6139.2000,6139.0000,6138.8000,6135.0000,6142.4000,6142.6000,6145.6000,6146.0000,6146.8000,1,3,2,1,1,1,2,1,1,1
SF,IC2103,2020-10-16 09:32:41.600,6139.8000,41983,0,348952840.000,0,-,-,-,-,6139.6000,6139.4000,6139.2000,6139.0000,6138.8000,6142.2000,6142.4000,6145.6000,6146.0000,6146.8000,1,1,1,2,1,1,2,1,1,1
SF,IC2103,2020-10-16 09:32:42.100,6139.8000,41983,0,348952840.000,0,-,-,-,-,6139.6000,6139.4000,6139.2000,6139.0000,6138.8000,6142.0000,6142.2000,6145.6000,6146.0000,6146.8000,1,1,1,2,1,1,2,1,1,1
SF,IC2103,2020-10-16 09:32:42.600,6139.8000,41983,0,348952840.000,0,-,-,-,-,6139.6000,6139.4000,6139.2000,6139.0000,6138.8000,6142.0000,6142.2000,6145.6000,6146.0000,6146.8000,1,1,1,2,1,1,1,1,1,1
SF,IC2103,2020-10-16 09:32:43.100,6139.8000,41983,0,348952840.000,0,-,-,-,-,6139.4000,6139.2000,6139.0000,6138.8000,6135.0000,6142.0000,6142.2000,6145.6000,6146.0000,6146.8000,1,1,2,1,1,3,1,1,1,1
SF,IC2103,2020-10-16 09:32:43.600,6139.8000,41983,0,348952840.000,0,-,-,-,-,6139.6000,6139.4000,6139.2000,6139.0000,6138.8000,6141.8000,6142.0000,6145.6000,6146.0000,6146.8000,1,1,1,2,1,2,1,1,1,1
SF,IC2103,2020-10-16 09:32:44.100,6139.8000,41983,0,348952840.000,0,-,-,-,-,6139.2000,6139.0000,6138.8000,6135.0000,6134.6000,6141.6000,6141.8000,6145.6000,6146.0000,6146.8000,1,1,1,1,1,2,2,1,1,1
SF,IC2103,2020-10-16 09:32:44.600,6139.8000,41983,0,348952840.000,0,-,-,-,-,6140.0000,6139.6000,6139.2000,6139.0000,6135.0000,6141.4000,6141.6000,6141.8000,6145.6000,6146.0000,1,2,1,1,1,1,1,1,1,1
SF,IC2103,2020-10-16 09:32:45.100,6139.8000,41983,0,348952840.000,0,-,-,-,-,6140.0000,6139.6000,6139.2000,6139.0000,6135.0000,6141.2000,6141.4000,6145.6000,6146.0000,6146.8000,1,2,1,1,1,1,2,1,1,1
SF,IC2103,2020-10-16 09:32:45.600,6141.4000,41980,-3,352637640.000,3,0,3,双平,S,6140.0000,6139.6000,6139.2000,6139.0000,6135.0000,6145.6000,6146.0000,6146.8000,6148.0000,6148.4000,1,2,1,1,1,1,1,1,1,1
SF,IC2103,2020-10-16 09:32:46.100,6141.4000,41980,0,352637640.000,0,-,-,-,-,6140.2000,6140.0000,6139.6000,6139.2000,6139.0000,6145.2000,6145.4000,6145.6000,6146.0000,6146.8000,1,1,2,1,1,1,3,4,1,1
SF,IC2103,2020-10-16 09:32:46.600,6141.4000,41980,0,352637640.000,0,-,-,-,-,6140.2000,6140.0000,6139.6000,6139.0000,6135.0000,6145.0000,6145.2000,6145.4000,6145.6000,6146.0000,1,2,3,1,1,4,2,1,1,1
SF,IC2103,2020-10-16 09:32:47.100,6141.4000,41980,0,352637640.000,0,-,-,-,-,6140.2000,6140.0000,6139.6000,6139.0000,6135.0000,6144.8000,6145.0000,6145.4000,6145.6000,6146.0000,1,2,3,1,1,2,4,1,1,1
SF,IC2103,2020-10-16 09:32:47.600,6141.4000,41980,0,352637640.000,0,-,-,-,-,6140.2000,6140.0000,6139.6000,6139.0000,6135.0000,6144.6000,6144.8000,6145.0000,6145.4000,6145.6000,1,2,3,1,1,3,2,1,1,1
SF,IC2103,2020-10-16 09:32:48.100,6141.4000,41980,0,352637640.000,0,-,-,-,-,6140.2000,6140.0000,6139.6000,6139.0000,6135.0000,6144.4000,6144.6000,6145.0000,6145.4000,6145.6000,1,2,3,1,1,2,4,1,1,1
SF,IC2103,2020-10-16 09:32:48.600,6141.4000,41980,0,352637640.000,0,-,-,-,-,6140.2000,6140.0000,6139.6000,6139.0000,6135.0000,6144.2000,6144.6000,6145.0000,6145.4000,6145.6000,1,2,3,1,1,2,1,1,1,1
SF,IC2103,2020-10-16 09:32:49.100,6141.4000,41980,0,352637640.000,0,-,-,-,-,6140.2000,6140.0000,6139.6000,6139.0000,6135.0000,6144.2000,6144.6000,6145.0000,6145.4000,6145.6000,3,2,3,1,1,2,1,1,1,1
SF,IC2103,2020-10-16 09:32:49.600,6141.4000,41980,0,352637640.000,0,-,-,-,-,6140.4000,6140.2000,6140.0000,6139.6000,6139.0000,6144.2000,6145.0000,6145.4000,6145.6000,6146.0000,1,1,2,3,1,2,1,1,1,1
SF,IC2103,2020-10-16 09:32:50.100,6141.4000,41980,0,352637640.000,0,-,-,-,-,6140.6000,6140.4000,6140.0000,6139.6000,6139.0000,6144.2000,6145.0000,6145.4000,6145.6000,6146.0000,1,2,2,3,1,2,1,1,1,1
SF,IC2103,2020-10-16 09:32:50.600,6141.4000,41980,0,352637640.000,0,-,-,-,-,6140.6000,6140.0000,6139.6000,6139.0000,6138.8000,6144.2000,6145.0000,6145.4000,6145.6000,6146.0000,2,2,3,1,3,2,1,1,1,1
SF,IC2103,2020-10-16 09:32:51.100,6141.4000,41980,0,352637640.000,0,-,-,-,-,6140.8000,6140.6000,6140.0000,6139.6000,6138.8000,6144.2000,6146.8000,6148.0000,6148.4000,6152.0000,1,2,2,3,3,2,1,1,1,1
SF,IC2103,2020-10-16 09:32:51.600,6141.4000,41980,0,352637640.000,0,-,-,-,-,6141.0000,6140.8000,6140.0000,6139.6000,6138.8000,6144.2000,6146.8000,6148.0000,6148.4000,6152.0000,2,2,2,3,3,2,1,1,1,1
SF,IC2103,2020-10-16 09:32:52.100,6141.4000,41980,0,352637640.000,0,-,-,-,-,6141.2000,6141.0000,6140.0000,6139.6000,6138.8000,6144.2000,6146.8000,6148.0000,6148.4000,6152.0000,2,2,2,3,3,2,1,1,1,1
SF,IC2103,2020-10-16 09:32:52.600,6141.4000,41980,0,352637640.000,0,-,-,-,-,6141.4000,6141.2000,6140.0000,6139.6000,6138.8000,6144.2000,6148.0000,6149.8000,6152.0000,6155.0000,1,2,3,3,3,2,1,1,1,3
SF,IC2103,2020-10-16 09:32:53.100,6141.4000,41980,0,352637640.000,0,-,-,-,-,6141.6000,6141.4000,6140.0000,6139.6000,6138.8000,6144.2000,6148.0000,6149.8000,6152.0000,6155.0000,1,3,3,3,3,2,1,1,1,3
SF,IC2103,2020-10-16 09:32:53.600,6141.4000,41980,0,352637640.000,0,-,-,-,-,6141.8000,6141.6000,6140.0000,6139.6000,6138.8000,6144.2000,6148.0000,6149.8000,6152.0000,6155.0000,1,3,3,3,3,2,1,1,1,3
SF,IC2103,2020-10-16 09:32:54.100,6141.4000,41980,0,352637640.000,0,-,-,-,-,6141.8000,6140.0000,6139.6000,6138.8000,6138.0000,6144.2000,6149.8000,6152.0000,6155.0000,6156.0000,3,3,3,3,1,2,1,1,3,2
SF,IC2103,2020-10-16 09:32:54.600,6144.2000,41981,1,353866480.000,1,1,0,双开,S,6142.0000,6141.8000,6140.0000,6139.6000,6138.8000,6149.8000,6152.0000,6155.0000,6156.0000,6157.0000,4,2,3,3,3,1,1,3,2,1
SF,IC2103,2020-10-16 09:32:55.100,6144.2000,41981,0,353866480.000,0,-,-,-,-,6142.2000,6142.0000,6141.8000,6140.0000,6139.6000,6148.8000,6149.0000,6149.6000,6149.8000,6152.0000,4,2,1,2,3,5,1,1,1,1
SF,IC2103,2020-10-16 09:32:55.600,6144.2000,41981,0,353866480.000,0,-,-,-,-,6142.4000,6142.2000,6142.0000,6141.8000,6140.0000,6148.6000,6148.8000,6149.0000,6149.8000,6152.0000,5,2,2,1,2,1,5,1,1,1
SF,IC2103,2020-10-16 09:32:56.100,6144.2000,41981,0,353866480.000,0,-,-,-,-,6142.6000,6142.4000,6142.0000,6141.8000,6140.0000,6148.6000,6149.8000,6152.0000,6155.0000,6156.0000,4,2,1,1,2,1,1,1,3,2
SF,IC2103,2020-10-16 09:32:56.600,6144.2000,41981,0,353866480.000,0,-,-,-,-,6142.8000,6142.6000,6142.4000,6142.0000,6141.8000,6148.6000,6149.8000,6152.0000,6155.0000,6156.0000,3,2,2,1,1,1,1,1,3,2
SF,IC2103,2020-10-16 09:32:57.100,6144.2000,41981,0,353866480.000,0,-,-,-,-,6143.0000,6142.8000,6142.0000,6141.8000,6140.0000,6148.4000,6148.6000,6149.8000,6152.0000,6155.0000,3,1,1,1,2,1,1,1,1,3
SF,IC2103,2020-10-16 09:32:57.600,6144.2000,41981,0,353866480.000,0,-,-,-,-,6143.0000,6142.8000,6142.0000,6141.8000,6140.0000,6148.2000,6148.4000,6149.8000,6152.0000,6155.0000,2,1,1,1,2,1,2,1,1,3
SF,IC2103,2020-10-16 09:32:58.100,6143.0000,41979,-2,356323720.000,2,0,2,双平,S,6143.0000,6142.8000,6142.0000,6141.8000,6140.0000,6148.0000,6148.2000,6148.4000,6149.8000,6152.0000,1,1,1,1,2,1,2,1,1,1
SF,IC2103,2020-10-16 09:32:58.600,6143.0000,41979,0,356323720.000,0,-,-,-,-,6143.2000,6142.8000,6142.0000,6141.8000,6141.2000,6147.8000,6148.0000,6148.4000,6149.8000,6152.0000,1,1,1,1,1,2,1,1,1,1
SF,IC2103,2020-10-16 09:32:59.100,6143.0000,41979,0,356323720.000,0,-,-,-,-,6143.2000,6142.8000,6142.0000,6141.8000,6141.2000,6147.8000,6148.0000,6148.4000,6149.8000,6152.0000,2,1,1,1,1,2,1,1,1,1
SF,IC2103,2020-10-16 09:32:59.600,6143.0000,41979,0,356323720.000,0,-,-,-,-,6143.2000,6142.8000,6142.0000,6141.8000,6141.2000,6147.6000,6147.8000,6148.0000,6148.4000,6149.8000,1,1,1,1,1,1,2,1,1,1
SF,IC2103,2020-10-16 09:33:00.100,6143.0000,41979,0,356323720.000,0,-,-,-,-,6143.2000,6142.8000,6142.0000,6141.8000,6141.2000,6147.4000,6147.6000,6148.0000,6148.4000,6149.8000,1,1,1,1,1,2,2,1,1,1
SF,IC2103,2020-10-16 09:33:00.600,6143.0000,41979,0,356323720.000,0,-,-,-,-,6143.2000,6142.8000,6142.0000,6141.2000,6140.0000,6147.2000,6147.4000,6147.6000,6148.0000,6148.4000,1,1,1,1,2,2,2,1,1,1
SF,IC2103,2020-10-16 09:33:01.100,6143.0000,41979,0,356323720.000,0,-,-,-,-,6145.0000,6143.2000,6142.8000,6141.2000,6140.0000,6147.0000,6147.2000,6147.6000,6148.0000,6148.4000,1,1,1,1,2,2,2,1,1,1
SF,IC2103,2020-10-16 09:33:01.600,6145.0000,41978,-1,357552720.000,1,0,1,双平,S,6141.2000,6140.0000,6139.6000,6138.8000,6138.0000,6146.8000,6147.6000,6148.0000,6148.4000,6149.8000,1,2,3,3,1,3,1,1,1,1
SF,IC2103,2020-10-16 09:33:02.100,6145.0000,41978,0,357552720.000,0,-,-,-,-,6141.4000,6141.2000,6140.0000,6139.6000,6138.8000,6146.6000,6147.6000,6148.0000,6148.4000,6149.8000,2,1,2,3,3,2,1,1,1,1
SF,IC2103,2020-10-16 09:33:02.600,6145.0000,41978,0,357552720.000,0,-,-,-,-,6141.4000,6141.2000,6140.0000,6139.6000,6138.8000,6146.4000,6146.6000,6147.6000,6148.0000,6148.4000,1,1,2,3,3,2,2,1,1,1
SF,IC2103,2020-10-16 09:33:03.100,6145.0000,41978,0,357552720.000,0,-,-,-,-,6141.4000,6141.2000,6140.0000,6139.6000,6138.8000,6146.2000,6147.6000,6148.0000,6149.8000,6152.0000,1,1,2,3,3,4,1,1,1,1
SF,IC2103,2020-10-16 09:33:03.600,6145.0000,41978,0,357552720.000,0,-,-,-,-,6141.4000,6141.2000,6140.0000,6139.6000,6138.8000,6146.2000,6147.6000,6148.0000,6149.8000,6152.0000,1,1,2,3,3,2,1,1,1,1
SF,IC2103,2020-10-16 09:33:04.100,6145.0000,41978,0,357552720.000,0,-,-,-,-,6141.4000,6141.2000,6140.0000,6139.6000,6138.8000,6146.0000,6146.2000,6147.6000,6148.0000,6149.8000,1,1,2,3,3,2,2,1,1,1
SF,IC2103,2020-10-16 09:33:04.600,6145.0000,41978,0,357552720.000,0,-,-,-,-,6141.4000,6141.2000,6140.0000,6139.6000,6138.8000,6145.8000,6147.6000,6149.8000,6152.0000,6155.0000,1,1,2,3,3,2,1,1,1,3
SF,IC2103,2020-10-16 09:33:05.100,6145.0000,41978,0,357552720.000,0,-,-,-,-,6141.8000,6141.4000,6141.2000,6140.0000,6139.6000,6145.8000,6147.6000,6149.8000,6152.0000,6155.0000,1,2,1,2,3,2,1,1,1,3
SF,IC2103,2020-10-16 09:33:05.600,6145.0000,41978,0,357552720.000,0,-,-,-,-,6142.0000,6141.2000,6140.0000,6139.6000,6138.8000,6145.6000,6145.8000,6147.6000,6149.8000,6152.0000,1,1,2,3,3,1,2,1,1,1
SF,IC2103,2020-10-16 09:33:06.100,6145.0000,41978,0,357552720.000,0,-,-,-,-,6142.0000,6141.2000,6140.0000,6139.6000,6138.8000,6145.4000,6149.8000,6152.0000,6155.0000,6156.0000,2,1,2,3,3,2,1,1,3,2
SF,IC2103,2020-10-16 09:33:06.600,6145.0000,41978,0,357552720.000,0,-,-,-,-,6142.0000,6141.2000,6140.0000,6139.6000,6138.8000,6145.2000,6145.4000,6149.8000,6152.0000,6155.0000,1,1,2,3,3,1,2,1,1,3
SF,IC2103,2020-10-16 09:33:07.100,6145.0000,41978,0,357552720.000,0,-,-,-,-,6142.0000,6141.2000,6140.0000,6139.6000,6138.8000,6145.0000,6145.2000,6149.8000,6152.0000,6155.0000,1,1,2,3,3,2,2,1,1,3
SF,IC2103,2020-10-16 09:33:07.600,6145.0000,41978,0,357552720.000,0,-,-,-,-,6142.0000,6141.2000,6140.0000,6139.6000,6138.8000,6144.8000,6145.0000,6149.8000,6152.0000,6155.0000,1,1,2,3,3,2,2,1,1,3
SF,IC2103,2020-10-16 09:33:08.100,6145.0000,41978,0,358781720.000,1,0,1,多换,S,6141.2000,6140.0000,6139.6000,6138.8000,6138.0000,6144.6000,6144.8000,6149.8000,6152.0000,6155.0000,1,2,3,3,1,1,2,1,1,3
SF,IC2103,2020-10-16 09:33:08.600,6145.0000,41978,0,358781720.000,0,-,-,-,-,6141.4000,6141.2000,6140.0000,6139.6000,6138.8000,6144.4000,6144.6000,6149.8000,6152.0000,6155.0000,1,1,2,3,3,1,3,1,1,3
SF,IC2103,2020-10-16 09:33:09.100,6145.0000,41978,0,358781720.000,0,-,-,-,-,6141.4000,6141.2000,6140.0000,6139.6000,6138.8000,6144.2000,6144.4000,6149.8000,6152.0000,6155.0000,1,1,1,3,3,1,3,1,1,3
SF,IC2103,2020-10-16 09:33:09.600,6145.0000,41978,0,358781720.000,0,-,-,-,-,6143.0000,6141.4000,6141.2000,6140.0000,6139.6000,6144.0000,6144.2000,6149.8000,6152.0000,6155.0000,1,1,1,1,3,1,3,1,1,3
SF,IC2103,2020-10-16 09:33:10.100,6145.0000,41978,0,358781720.000,0,-,-,-,-,6143.0000,6141.4000,6141.2000,6140.0000,6139.6000,6144.0000,6144.2000,6149.8000,6152.0000,6155.0000,1,1,1,1,3,1,2,1,1,3
SF,IC2103,2020-10-16 09:33:10.600,6145.0000,41978,0,358781720.000,0,-,-,-,-,6143.0000,6141.4000,6141.2000,6140.0000,6139.6000,6144.0000,6149.8000,6152.0000,6155.0000,6156.0000,1,1,1,1,3,3,1,1,3,2
SF,IC2103,2020-10-16 09:33:11.100,6143.0000,41978,0,360010320.000,1,0,1,多换,S,6141.4000,6141.2000,6140.0000,6139.6000,6138.8000,6143.8000,6144.0000,6149.8000,6152.0000,6155.0000,1,1,1,3,3,1,2,1,1,3
SF,IC2103,2020-10-16 09:33:11.600,6143.0000,41978,0,360010320.000,0,-,-,-,-,6141.4000,6141.2000,6140.0000,6139.6000,6138.8000,6143.6000,6143.8000,6149.8000,6152.0000,6155.0000,1,1,1,3,3,1,2,1,1,3
SF,IC2103,2020-10-16 09:33:12.100,6143.0000,41978,0,360010320.000,0,-,-,-,-,6141.4000,6141.2000,6140.0000,6139.6000,6138.8000,6143.6000,6149.8000,6152.0000,6155.0000,6156.0000,1,1,1,3,3,3,1,1,3,2
SF,IC2103,2020-10-16 09:33:12.600,6143.0000,41978,0,360010320.000,0,-,-,-,-,6141.4000,6141.2000,6140.0000,6139.6000,6138.8000,6143.4000,6143.6000,6149.8000,6152.0000,6155.0000,1,1,1,3,3,2,1,1,1,3
SF,IC2103,2020-10-16 09:33:13.100,6143.0000,41978,0,360010320.000,0,-,-,-,-,6141.4000,6141.2000,6140.0000,6139.6000,6138.8000,6143.2000,6149.8000,6152.0000,6155.0000,6156.0000,1,1,1,3,3,1,1,1,3,2
SF,IC2103,2020-10-16 09:33:13.600,6143.0000,41978,0,360010320.000,0,-,-,-,-,6143.2000,6141.4000,6141.2000,6140.0000,6139.6000,6149.8000,6152.0000,6155.0000,6156.0000,6157.0000,1,2,1,1,3,1,1,3,2,1
SF,IC2103,2020-10-16 09:33:14.100,6143.0000,41978,0,360010320.000,0,-,-,-,-,6143.4000,6143.2000,6141.2000,6140.0000,6139.6000,6147.2000,6147.4000,6148.0000,6148.4000,6148.8000,2,1,1,1,3,1,1,1,1,4
SF,IC2103,2020-10-16 09:33:14.600,6143.0000,41978,0,360010320.000,0,-,-,-,-,6143.4000,6143.2000,6141.2000,6140.0000,6139.6000,6147.0000,6147.2000,6147.4000,6148.0000,6148.4000,2,1,1,1,3,4,2,1,1,1
SF,IC2103,2020-10-16 09:33:15.100,6143.0000,41978,0,360010320.000,0,-,-,-,-,6143.4000,6143.2000,6141.2000,6140.0000,6139.6000,6147.0000,6147.2000,6147.4000,6148.0000,6148.4000,2,1,1,1,3,4,1,1,1,1
SF,IC2103,2020-10-16 09:33:15.600,6143.0000,41978,0,360010320.000,0,-,-,-,-,6143.6000,6143.4000,6143.2000,6141.2000,6140.0000,6147.0000,6147.2000,6147.4000,6148.0000,6148.4000,1,2,1,1,1,4,1,1,1,1
SF,IC2103,2020-10-16 09:33:16.100,6143.0000,41978,0,360010320.000,0,-,-,-,-,6143.8000,6143.2000,6141.2000,6140.0000,6139.6000,6146.8000,6147.0000,6147.2000,6147.4000,6148.0000,2,1,1,1,3,3,4,1,1,1
SF,IC2103,2020-10-16 09:33:16.600,6143.6000,41978,0,361239040.000,1,0,1,多换,S,6141.2000,6140.0000,6139.6000,6138.8000,6138.0000,6146.6000,6146.8000,6147.0000,6147.2000,6147.4000,1,1,3,3,1,4,4,3,1,1
SF,IC2103,2020-10-16 09:33:17.100,6143.6000,41978,0,361239040.000,0,-,-,-,-,6141.4000,6141.2000,6140.0000,6139.6000,6138.8000,6146.4000,6146.6000,6146.8000,6147.0000,6147.2000,1,1,1,3,3,4,2,4,3,1
SF,IC2103,2020-10-16 09:33:17.600,6143.6000,41978,0,361239040.000,0,-,-,-,-,6141.4000,6141.2000,6140.0000,6139.6000,6138.8000,6145.6000,6146.0000,6146.2000,6146.4000,6146.8000,1,1,1,3,3,1,2,6,2,4
SF,IC2103,2020-10-16 09:33:18.100,6143.6000,41978,0,361239040.000,0,-,-,-,-,6141.4000,6141.2000,6140.0000,6139.6000,6138.8000,6145.2000,6145.4000,6145.6000,6146.0000,6146.2000,1,1,1,3,3,1,2,4,2,2
SF,IC2103,2020-10-16 09:33:18.600,6143.6000,41978,0,361239040.000,0,-,-,-,-,6141.4000,6141.2000,6140.0000,6139.6000,6138.8000,6145.0000,6145.2000,6145.6000,6146.0000,6146.2000,1,1,1,3,3,2,2,2,2,2
SF,IC2103,2020-10-16 09:33:19.100,6143.6000,41978,0,361239040.000,0,-,-,-,-,6141.4000,6141.2000,6140.0000,6139.6000,6138.8000,6144.8000,6145.0000,6145.2000,6145.6000,6146.0000,1,1,1,3,3,2,2,1,2,2
SF,IC2103,2020-10-16 09:33:19.600,6143.6000,41978,0,361239040.000,0,-,-,-,-,6141.4000,6141.2000,6140.0000,6139.6000,6138.8000,6144.6000,6144.8000,6145.2000,6145.6000,6146.0000,1,1,1,3,3,3,2,1,2,2
SF,IC2103,2020-10-16 09:33:20.100,6143.6000,41978,0,361239040.000,0,-,-,-,-,6141.4000,6141.2000,6140.0000,6139.6000,6138.8000,6144.6000,6145.6000,6146.0000,6146.4000,6146.8000,1,1,1,3,3,2,1,1,2,2
SF,IC2103,2020-10-16 09:33:20.600,6143.6000,41978,0,361239040.000,0,-,-,-,-,6141.4000,6141.2000,6140.0000,6139.6000,6138.8000,6144.4000,6144.6000,6145.6000,6146.0000,6146.4000,1,1,1,3,3,2,2,1,1,2
SF,IC2103,2020-10-16 09:33:21.100,6144.2000,41978,0,362467880.000,1,0,1,多换,S,6141.4000,6141.2000,6140.0000,6139.6000,6138.8000,6144.2000,6145.6000,6146.0000,6146.8000,6148.0000,1,1,1,3,3,3,1,1,2,1
SF,IC2103,2020-10-16 09:33:21.600,6144.2000,41978,0,362467880.000,0,-,-,-,-,6141.4000,6141.2000,6140.0000,6139.6000,6138.8000,6144.0000,6144.2000,6145.6000,6146.0000,6146.8000,1,1,1,3,3,1,1,1,1,2
SF,IC2103,2020-10-16 09:33:22.100,6144.2000,41978,0,362467880.000,0,-,-,-,-,6141.4000,6141.2000,6140.0000,6139.6000,6138.8000,6142.4000,6143.8000,6144.0000,6145.6000,6146.0000,1,1,1,3,3,1,1,3,1,1
SF,IC2103,2020-10-16 09:33:22.600,6142.4000,41978,0,363696360.000,1,0,1,多换,S,6142.4000,6141.4000,6141.2000,6140.0000,6139.6000,6143.8000,6144.0000,6145.6000,6146.0000,6146.8000,1,1,1,1,3,1,2,1,1,2
SF,IC2103,2020-10-16 09:33:23.100,6144.0000,41978,0,364925160.000,1,0,1,多换,S,6142.4000,6141.4000,6141.2000,6140.0000,6139.6000,6144.0000,6145.6000,6146.0000,6146.8000,6148.0000,1,1,1,1,3,1,1,1,2,1
SF,IC2103,2020-10-16 09:33:23.600,6142.6000,41978,0,366153680.000,1,0,1,多换,S,6142.4000,6141.2000,6140.0000,6139.6000,6138.8000,6146.8000,6148.0000,6148.4000,6149.8000,6152.0000,1,1,1,3,3,2,1,1,1,1
SF,IC2103,2020-10-16 09:33:24.100,6142.6000,41978,0,366153680.000,0,-,-,-,-,6142.6000,6142.4000,6141.2000,6140.0000,6139.6000,6146.6000,6146.8000,6148.0000,6148.4000,6149.8000,1,1,1,1,3,3,2,1,1,1
SF,IC2103,2020-10-16 09:33:24.600,6142.6000,41978,0,366153680.000,0,-,-,-,-,6142.6000,6141.2000,6140.0000,6139.6000,6138.8000,6145.6000,6146.0000,6146.4000,6146.6000,6146.8000,1,1,1,1,3,1,1,3,3,2
SF,IC2103,2020-10-16 09:33:25.100,6142.6000,41978,0,366153680.000,0,-,-,-,-,6142.6000,6141.2000,6140.0000,6139.6000,6138.8000,6145.4000,6146.4000,6146.6000,6146.8000,6148.0000,2,1,1,1,3,2,2,1,1,1
SF,IC2103,2020-10-16 09:33:25.600,6145.4000,41978,0,367382760.000,1,0,1,多换,S,6142.6000,6141.2000,6140.0000,6139.6000,6138.8000,6145.4000,6146.4000,6146.6000,6146.8000,6148.0000,2,1,1,1,3,1,2,1,1,1
SF,IC2103,2020-10-16 09:33:26.100,6145.4000,41978,0,367382760.000,0,-,-,-,-,6142.6000,6141.2000,6140.0000,6139.6000,6138.8000,6145.2000,6145.4000,6146.6000,6146.8000,6148.0000,1,1,1,1,3,1,1,1,1,1
SF,IC2103,2020-10-16 09:33:26.600,6145.4000,41978,0,367382760.000,0,-,-,-,-,6142.6000,6141.2000,6140.0000,6139.6000,6138.8000,6145.0000,6145.2000,6146.6000,6146.8000,6148.0000,2,1,1,1,3,1,1,1,1,1
SF,IC2103,2020-10-16 09:33:27.100,6145.4000,41978,0,367382760.000,0,-,-,-,-,6142.6000,6141.2000,6140.0000,6139.6000,6138.8000,6145.0000,6145.2000,6146.6000,6146.8000,6148.0000,2,1,1,1,3,1,1,1,1,1
SF,IC2103,2020-10-16 09:33:27.600,6145.4000,41978,0,367382760.000,0,-,-,-,-,6142.6000,6141.2000,6140.0000,6139.6000,6138.8000,6144.8000,6145.0000,6146.6000,6146.8000,6148.0000,1,1,1,1,3,1,2,1,1,1
SF,IC2103,2020-10-16 09:33:28.100,6145.0000,41979,1,368611760.000,1,1,0,双开,S,6142.6000,6141.2000,6140.0000,6139.6000,6138.8000,6146.6000,6146.8000,6148.0000,6148.4000,6149.8000,2,1,1,1,3,1,1,1,1,1
SF,IC2103,2020-10-16 09:33:28.600,6145.0000,41979,0,368611760.000,0,-,-,-,-,6142.6000,6141.2000,6140.0000,6139.6000,6138.8000,6146.4000,6146.6000,6146.8000,6148.0000,6148.4000,2,1,1,1,3,2,1,1,1,1
SF,IC2103,2020-10-16 09:33:29.100,6145.0000,41979,0,368611760.000,0,-,-,-,-,6142.6000,6141.2000,6140.0000,6139.6000,6138.8000,6146.4000,6146.8000,6149.8000,6152.0000,6155.0000,2,1,1,1,3,2,1,1,1,3
SF,IC2103,2020-10-16 09:33:29.600,6145.0000,41979,0,368611760.000,0,-,-,-,-,6142.6000,6141.2000,6140.0000,6139.6000,6138.8000,6146.4000,6149.8000,6152.0000,6155.0000,6156.0000,2,1,1,1,3,3,1,1,3,2
SF,IC2103,2020-10-16 09:33:30.100,6145.0000,41979,0,368611760.000,0,-,-,-,-,6142.8000,6142.6000,6141.2000,6140.0000,6139.6000,6146.4000,6149.8000,6152.0000,6155.0000,6156.0000,1,1,1,2,1,2,1,1,3,2
SF,IC2103,2020-10-16 09:33:30.600,6145.0000,41979,0,368611760.000,0,-,-,-,-,6143.0000,6142.8000,6141.2000,6140.0000,6139.6000,6146.2000,6146.4000,6149.8000,6152.0000,6155.0000,1,1,1,2,1,2,2,1,1,3
SF,IC2103,2020-10-16 09:33:31.100,6145.0000,41979,0,368611760.000,0,-,-,-,-,6143.2000,6143.0000,6141.2000,6140.0000,6139.6000,6146.0000,6146.2000,6146.4000,6149.8000,6152.0000,1,1,1,2,1,2,2,1,1,1
SF,IC2103,2020-10-16 09:33:31.600,6145.0000,41979,0,368611760.000,0,-,-,-,-,6143.4000,6143.2000,6141.2000,6140.0000,6139.6000,6145.8000,6146.0000,6146.4000,6149.8000,6152.0000,1,1,1,2,1,2,2,1,1,1
SF,IC2103,2020-10-16 09:33:32.100,6143.4000,41978,-1,369840440.000,1,0,1,双平,S,6143.2000,6141.2000,6140.0000,6139.6000,6138.8000,6145.6000,6145.8000,6146.0000,6146.4000,6149.8000,1,1,3,1,3,2,2,1,1,1
SF,IC2103,2020-10-16 09:33:32.600,6143.4000,41978,0,369840440.000,0,-,-,-,-,6144.6000,6143.4000,6141.2000,6140.0000,6139.6000,6145.4000,6145.6000,6146.0000,6146.4000,6149.8000,1,1,1,3,1,3,2,1,1,1
SF,IC2103,2020-10-16 09:33:33.100,6144.6000,41977,-1,371069360.000,1,0,1,双平,S,6143.4000,6141.2000,6140.0000,6139.6000,6138.8000,6145.4000,6145.6000,6146.0000,6146.4000,6149.8000,1,1,3,1,3,1,1,1,1,1
SF,IC2103,2020-10-16 09:33:33.600,6144.6000,41977,0,371069360.000,0,-,-,-,-,6143.4000,6141.2000,6140.0000,6139.6000,6138.8000,6145.2000,6145.4000,6146.4000,6149.8000,6152.0000,1,1,3,1,3,1,3,1,1,1
SF,IC2103,2020-10-16 09:33:34.100,6144.6000,41977,0,371069360.000,0,-,-,-,-,6143.4000,6141.2000,6140.0000,6139.6000,6138.8000,6145.2000,6145.4000,6146.4000,6149.8000,6152.0000,1,1,3,1,3,1,1,1,1,1
SF,IC2103,2020-10-16 09:33:34.600,6144.6000,41977,0,371069360.000,0,-,-,-,-,6143.4000,6141.2000,6140.0000,6139.6000,6138.8000,6145.2000,6146.4000,6149.8000,6152.0000,6155.0000,2,1,3,1,3,1,1,1,1,3
SF,IC2103,2020-10-16 09:33:35.100,6144.6000,41977,0,371069360.000,0,-,-,-,-,6143.4000,6141.2000,6140.0000,6139.6000,6138.8000,6146.4000,6149.8000,6152.0000,6155.0000,6156.0000,2,1,3,1,3,1,1,1,3,2
SF,IC2103,2020-10-16 09:33:35.600,6144.6000,41977,0,371069360.000,0,-,-,-,-,6143.6000,6143.4000,6141.2000,6140.0000,6139.6000,6146.2000,6146.4000,6149.8000,6152.0000,6155.0000,1,1,1,3,1,1,2,1,1,3
SF,IC2103,2020-10-16 09:33:36.100,6144.6000,41977,0,371069360.000,0,-,-,-,-,6143.8000,6143.6000,6141.2000,6140.0000,6139.6000,6146.0000,6146.2000,6146.4000,6149.8000,6152.0000,1,1,1,3,1,1,3,1,1,1
SF,IC2103,2020-10-16 09:33:36.600,6144.6000,41977,0,371069360.000,0,-,-,-,-,6143.8000,6143.6000,6141.2000,6140.0000,6139.6000,6145.8000,6146.4000,6149.8000,6152.0000,6155.0000,1,1,1,3,1,1,1,1,1,3
SF,IC2103,2020-10-16 09:33:37.100,6144.6000,41977,0,371069360.000,0,-,-,-,-,6143.8000,6143.6000,6141.2000,6140.0000,6139.6000,6145.8000,6146.4000,6149.8000,6152.0000,6155.0000,2,1,1,3,1,2,1,1,1,3
SF,IC2103,2020-10-16 09:33:37.600,6144.6000,41977,0,371069360.000,0,-,-,-,-,6143.8000,6143.6000,6141.2000,6140.0000,6139.6000,6145.8000,6146.4000,6149.8000,6152.0000,6155.0000,2,1,1,3,1,1,1,1,1,3
SF,IC2103,2020-10-16 09:33:39.100,6144.6000,41977,0,371069360.000,0,-,-,-,-,6143.8000,6143.6000,6141.2000,6140.0000,6139.6000,6145.8000,6146.4000,6149.8000,6152.0000,6155.0000,2,1,1,3,1,1,1,1,1,3
SF,IC2103,2020-10-16 09:33:39.600,6144.6000,41977,0,371069360.000,0,-,-,-,-,6143.8000,6143.6000,6141.2000,6140.0000,6139.6000,6145.6000,6145.8000,6146.4000,6149.8000,6152.0000,1,1,1,3,1,1,2,1,1,1
SF,IC2103,2020-10-16 09:33:40.100,6144.6000,41977,0,371069360.000,0,-,-,-,-,6143.8000,6141.2000,6140.0000,6139.6000,6138.8000,6145.4000,6145.6000,6146.4000,6149.8000,6152.0000,1,1,3,1,3,1,3,1,1,1
SF,IC2103,2020-10-16 09:33:40.600,6144.6000,41977,0,371069360.000,0,-,-,-,-,6143.8000,6141.2000,6140.0000,6139.6000,6138.8000,6145.4000,6145.6000,6146.4000,6149.8000,6152.0000,1,1,3,1,3,1,2,1,1,1
SF,IC2103,2020-10-16 09:33:41.100,6145.4000,41976,-1,372298440.000,1,0,1,双平,S,6143.8000,6141.2000,6140.0000,6139.6000,6138.8000,6145.4000,6146.4000,6149.8000,6152.0000,6155.0000,1,1,3,1,3,2,1,1,1,3
SF,IC2103,2020-10-16 09:33:41.600,6145.4000,41976,0,372298440.000,0,-,-,-,-,6143.8000,6141.2000,6140.0000,6139.6000,6138.8000,6145.2000,6145.4000,6146.4000,6149.8000,6152.0000,1,1,3,1,3,1,1,1,1,1
SF,IC2103,2020-10-16 09:33:42.600,6145.4000,41975,-1,373527520.000,1,0,1,双平,S,6143.8000,6141.2000,6140.0000,6139.6000,6138.8000,6145.4000,6146.4000,6149.8000,6152.0000,6155.0000,1,1,3,1,3,1,1,1,1,3
SF,IC2103,2020-10-16 09:33:43.100,6145.4000,41975,0,373527520.000,0,-,-,-,-,6143.8000,6141.2000,6140.0000,6139.6000,6138.8000,6145.4000,6149.8000,6152.0000,6155.0000,6156.0000,2,1,3,1,3,2,1,1,3,2
SF,IC2103,2020-10-16 09:33:43.600,6145.4000,41975,0,373527520.000,0,-,-,-,-,6143.8000,6141.2000,6140.0000,6139.6000,6139.0000,6145.4000,6149.8000,6152.0000,6155.0000,6156.0000,2,1,3,1,1,1,1,1,3,2
SF,IC2103,2020-10-16 09:33:44.100,6145.4000,41975,0,373527520.000,0,-,-,-,-,6143.8000,6141.2000,6140.0000,6139.6000,6139.0000,6145.4000,6149.8000,6152.0000,6155.0000,6156.0000,1,1,3,1,1,2,1,1,3,2
SF,IC2103,2020-10-16 09:33:44.600,6145.4000,41975,0,373527520.000,0,-,-,-,-,6143.8000,6141.2000,6140.0000,6139.6000,6139.0000,6145.2000,6145.4000,6149.8000,6152.0000,6155.0000,1,1,3,1,1,1,2,1,1,3
SF,IC2103,2020-10-16 09:33:45.100,6145.4000,41975,0,373527520.000,0,-,-,-,-,6143.8000,6141.2000,6140.0000,6139.6000,6139.0000,6145.0000,6145.2000,6145.4000,6149.8000,6152.0000,1,1,3,1,1,1,2,1,1,1
SF,IC2103,2020-10-16 09:33:45.600,6145.4000,41975,0,373527520.000,0,-,-,-,-,6143.8000,6141.2000,6140.0000,6139.6000,6139.0000,6145.0000,6145.2000,6145.4000,6149.8000,6152.0000,1,1,3,1,1,2,1,1,1,1
SF,IC2103,2020-10-16 09:33:46.100,6145.4000,41975,0,373527520.000,0,-,-,-,-,6143.8000,6141.2000,6140.0000,6139.6000,6139.0000,6145.0000,6145.2000,6145.4000,6149.8000,6152.0000,1,1,3,1,1,2,1,1,1,1
SF,IC2103,2020-10-16 09:33:46.600,6145.4000,41975,0,373527520.000,0,-,-,-,-,6143.8000,6141.2000,6140.0000,6139.6000,6139.0000,6145.0000,6145.4000,6149.8000,6152.0000,6155.0000,1,1,3,1,1,2,1,1,1,3
SF,IC2103,2020-10-16 09:33:47.600,6145.0000,41975,0,374756520.000,1,0,1,多换,S,6143.8000,6141.2000,6140.0000,6139.6000,6139.0000,6145.0000,6145.4000,6149.8000,6152.0000,6155.0000,3,1,3,1,1,1,1,1,1,3
SF,IC2103,2020-10-16 09:33:48.100,6143.8000,41972,-3,378442800.000,3,0,3,双平,S,6141.2000,6140.0000,6139.6000,6139.0000,6138.8000,6145.0000,6145.4000,6149.8000,6152.0000,6155.0000,1,3,1,1,3,2,1,1,1,3
SF,IC2103,2020-10-16 09:33:48.600,6143.8000,41972,0,378442800.000,0,-,-,-,-,6141.4000,6141.2000,6140.0000,6139.6000,6139.0000,6144.8000,6145.0000,6145.4000,6149.8000,6152.0000,2,1,3,1,1,1,2,1,1,1
SF,IC2103,2020-10-16 09:33:49.100,6143.8000,41972,0,378442800.000,0,-,-,-,-,6141.4000,6141.2000,6140.0000,6139.6000,6139.0000,6144.8000,6145.4000,6149.8000,6152.0000,6155.0000,2,1,3,1,1,2,1,1,1,3
SF,IC2103,2020-10-16 09:33:49.600,6143.8000,41972,0,378442800.000,0,-,-,-,-,6141.6000,6141.4000,6141.2000,6140.0000,6139.6000,6144.6000,6144.8000,6145.4000,6149.8000,6152.0000,1,1,1,3,1,1,1,1,1,1
SF,IC2103,2020-10-16 09:33:50.100,6143.8000,41972,0,378442800.000,0,-,-,-,-,6141.8000,6141.6000,6141.2000,6140.0000,6139.6000,6144.4000,6144.6000,6145.4000,6149.8000,6152.0000,1,2,1,3,1,1,1,1,1,1
SF,IC2103,2020-10-16 09:33:50.600,6143.8000,41972,0,378442800.000,0,-,-,-,-,6142.0000,6141.8000,6141.6000,6141.2000,6140.0000,6144.4000,6145.4000,6149.8000,6152.0000,6155.0000,1,1,1,1,3,2,1,1,1,3
SF,IC2103,2020-10-16 09:33:51.100,6143.8000,41972,0,378442800.000,0,-,-,-,-,6142.2000,6142.0000,6141.6000,6141.2000,6140.0000,6144.4000,6145.4000,6149.8000,6152.0000,6155.0000,1,2,1,1,3,2,1,1,1,3
SF,IC2103,2020-10-16 09:33:51.600,6143.8000,41972,0,378442800.000,0,-,-,-,-,6142.2000,6142.0000,6141.6000,6141.2000,6140.0000,6144.4000,6145.4000,6149.8000,6152.0000,6155.0000,2,1,1,1,3,1,1,1,1,3
SF,IC2103,2020-10-16 09:33:52.100,6143.8000,41972,0,378442800.000,0,-,-,-,-,6142.2000,6142.0000,6141.2000,6140.0000,6139.6000,6144.4000,6145.4000,6149.8000,6152.0000,6155.0000,1,1,1,3,1,2,1,1,1,3
SF,IC2103,2020-10-16 09:33:52.600,6143.8000,41972,0,378442800.000,0,-,-,-,-,6142.2000,6142.0000,6141.2000,6140.0000,6139.6000,6144.4000,6145.4000,6149.8000,6152.0000,6155.0000,2,1,1,3,1,1,1,1,1,3
SF,IC2103,2020-10-16 09:33:53.100,6144.4000,41971,-1,379671680.000,1,0,1,双平,S,6142.4000,6142.2000,6141.2000,6140.0000,6139.6000,6145.4000,6149.8000,6152.0000,6155.0000,6156.0000,1,2,1,3,1,1,1,1,3,2
SF,IC2103,2020-10-16 09:33:53.600,6144.4000,41971,0,379671680.000,0,-,-,-,-,6142.6000,6142.4000,6141.2000,6140.0000,6139.6000,6145.2000,6145.4000,6149.8000,6152.0000,6155.0000,1,2,1,3,1,2,1,1,1,3
SF,IC2103,2020-10-16 09:33:54.100,6144.4000,41971,0,379671680.000,0,-,-,-,-,6142.6000,6142.4000,6141.6000,6141.2000,6140.0000,6145.2000,6145.4000,6149.8000,6152.0000,6155.0000,2,1,1,1,3,1,1,1,1,3
SF,IC2103,2020-10-16 09:33:54.600,6144.4000,41971,0,379671680.000,0,-,-,-,-,6142.8000,6142.6000,6142.4000,6141.6000,6141.2000,6144.4000,6145.2000,6145.4000,6149.8000,6152.0000,1,1,1,1,1,1,1,1,1,1
SF,IC2103,2020-10-16 09:33:55.100,6143.0000,41969,-2,382129160.000,2,0,2,双平,S,6142.8000,6142.4000,6141.6000,6141.2000,6140.0000,6145.4000,6149.8000,6152.0000,6155.0000,6156.0000,1,1,1,1,3,1,1,1,3,2
SF,IC2103,2020-10-16 09:33:55.600,6143.0000,41969,0,382129160.000,0,-,-,-,-,6143.0000,6142.4000,6141.6000,6141.2000,6140.0000,6145.2000,6145.4000,6149.8000,6152.0000,6155.0000,2,1,1,1,3,1,1,1,1,3
SF,IC2103,2020-10-16 09:33:56.100,6143.0000,41969,0,382129160.000,0,-,-,-,-,6143.2000,6143.0000,6142.4000,6141.6000,6141.2000,6145.2000,6145.4000,6149.8000,6152.0000,6155.0000,1,2,1,1,1,1,1,1,1,3
SF,IC2103,2020-10-16 09:33:56.600,6143.0000,41969,0,382129160.000,0,-,-,-,-,6143.4000,6143.2000,6143.0000,6142.4000,6141.6000,6145.2000,6145.4000,6149.8000,6152.0000,6155.0000,1,1,1,1,1,1,1,1,1,3
SF,IC2103,2020-10-16 09:33:57.100,6143.0000,41969,0,382129160.000,0,-,-,-,-,6143.4000,6143.0000,6142.4000,6141.6000,6141.2000,6143.8000,6145.2000,6145.4000,6149.8000,6152.0000,1,1,1,1,1,1,2,1,1,1
SF,IC2103,2020-10-16 09:33:57.600,6143.8000,41968,-1,383357920.000,1,0,1,双平,S,6143.8000,6143.4000,6143.0000,6142.4000,6141.6000,6145.2000,6145.4000,6149.8000,6152.0000,6155.0000,1,1,1,1,1,2,1,1,1,3
SF,IC2103,2020-10-16 09:33:58.600,6143.8000,41968,0,383357920.000,0,-,-,-,-,6143.8000,6143.4000,6143.0000,6141.6000,6141.2000,6145.2000,6145.4000,6149.8000,6152.0000,6155.0000,1,1,1,1,1,2,1,1,1,3
SF,IC2103,2020-10-16 09:33:59.100,6143.8000,41967,-1,384586680.000,1,0,1,双平,S,6143.4000,6143.0000,6141.6000,6141.2000,6140.0000,6143.8000,6145.2000,6145.4000,6149.8000,6152.0000,1,1,1,1,3,1,2,1,1,1
SF,IC2103,2020-10-16 09:33:59.600,6143.8000,41966,-1,385815440.000,1,0,1,双平,S,6143.4000,6143.0000,6141.6000,6141.2000,6140.0000,6145.2000,6145.4000,6149.8000,6152.0000,6155.0000,1,1,1,1,3,2,1,1,1,3
SF,IC2103,2020-10-16 09:34:00.100,6143.8000,41966,0,385815440.000,0,-,-,-,-,6143.4000,6143.0000,6141.6000,6141.2000,6140.0000,6145.0000,6145.2000,6145.4000,6149.8000,6152.0000,1,1,1,1,3,1,2,1,1,1
SF,IC2103,2020-10-16 09:34:00.600,6143.4000,41965,-1,387044120.000,1,0,1,双平,S,6143.0000,6141.6000,6141.2000,6140.0000,6139.6000,6144.8000,6145.0000,6145.4000,6149.8000,6152.0000,1,1,1,3,1,2,1,1,1,1
SF,IC2103,2020-10-16 09:34:01.100,6143.4000,41965,0,387044120.000,0,-,-,-,-,6143.0000,6141.6000,6141.2000,6140.0000,6139.6000,6144.6000,6144.8000,6145.4000,6149.8000,6152.0000,1,1,1,3,1,1,2,1,1,1
SF,IC2103,2020-10-16 09:34:01.600,6143.4000,41965,0,387044120.000,0,-,-,-,-,6143.0000,6141.6000,6141.2000,6140.0000,6139.6000,6144.4000,6144.6000,6144.8000,6145.4000,6149.8000,1,1,1,3,1,1,2,1,1,1
SF,IC2103,2020-10-16 09:34:02.100,6143.4000,41965,0,387044120.000,0,-,-,-,-,6143.0000,6141.6000,6141.2000,6140.0000,6139.6000,6144.2000,6144.4000,6144.6000,6145.4000,6149.8000,1,1,1,3,1,1,2,1,1,1
SF,IC2103,2020-10-16 09:34:02.600,6144.2000,41963,-2,389501760.000,2,0,2,双平,S,6143.0000,6141.6000,6141.2000,6140.0000,6139.6000,6144.4000,6145.4000,6149.8000,6152.0000,6155.0000,1,1,1,3,1,1,1,1,1,3
SF,IC2103,2020-10-16 09:34:03.100,6144.4000,41962,-1,390730640.000,1,0,1,双平,S,6143.2000,6143.0000,6141.6000,6141.2000,6140.0000,6145.4000,6149.8000,6152.0000,6155.0000,6156.0000,1,3,1,1,3,1,1,1,3,2
SF,IC2103,2020-10-16 09:34:03.600,6144.4000,41962,0,390730640.000,0,-,-,-,-,6143.2000,6143.0000,6141.6000,6141.2000,6140.0000,6145.4000,6149.8000,6152.0000,6155.0000,6156.0000,3,1,1,1,3,1,1,1,3,2
SF,IC2103,2020-10-16 09:34:04.100,6144.4000,41962,0,390730640.000,0,-,-,-,-,6143.4000,6143.2000,6143.0000,6141.6000,6141.2000,6145.2000,6145.4000,6149.8000,6152.0000,6155.0000,1,1,1,1,1,1,1,1,1,3
SF,IC2103,2020-10-16 09:34:04.600,6144.4000,41962,0,390730640.000,0,-,-,-,-,6143.6000,6143.4000,6143.0000,6141.6000,6141.2000,6145.2000,6145.4000,6149.8000,6152.0000,6155.0000,1,3,1,1,1,1,1,1,1,3
SF,IC2103,2020-10-16 09:34:05.100,6144.4000,41962,0,390730640.000,0,-,-,-,-,6143.6000,6143.0000,6141.6000,6141.2000,6140.0000,6145.2000,6145.4000,6149.8000,6152.0000,6155.0000,3,1,1,1,3,1,1,1,1,3
SF,IC2103,2020-10-16 09:34:05.600,6144.4000,41962,0,390730640.000,0,-,-,-,-,6143.8000,6143.6000,6143.0000,6141.6000,6141.2000,6145.2000,6145.4000,6149.8000,6152.0000,6155.0000,2,1,1,1,1,1,1,1,1,3
SF,IC2103,2020-10-16 09:34:06.100,6144.4000,41962,0,390730640.000,0,-,-,-,-,6143.6000,6143.0000,6141.6000,6141.2000,6140.0000,6145.2000,6145.4000,6149.8000,6152.0000,6155.0000,1,1,1,1,3,1,1,1,1,3
SF,IC2103,2020-10-16 09:34:06.600,6144.4000,41962,0,390730640.000,0,-,-,-,-,6143.6000,6143.0000,6141.6000,6141.2000,6140.0000,6145.2000,6145.4000,6149.8000,6152.0000,6155.0000,2,1,1,1,3,1,1,1,1,3
SF,IC2103,2020-10-16 09:34:07.100,6144.4000,41962,0,390730640.000,0,-,-,-,-,6143.6000,6143.0000,6141.6000,6141.2000,6140.0000,6145.2000,6145.4000,6149.8000,6152.0000,6155.0000,2,1,1,1,3,1,1,1,1,3
SF,IC2103,2020-10-16 09:34:07.600,6144.4000,41962,0,390730640.000,0,-,-,-,-,6143.6000,6143.0000,6141.6000,6141.2000,6140.0000,6145.2000,6145.4000,6149.8000,6152.0000,6155.0000,1,1,1,1,3,2,1,1,1,3
SF,IC2103,2020-10-16 09:34:08.100,6144.4000,41962,0,390730640.000,0,-,-,-,-,6143.6000,6143.0000,6141.6000,6141.2000,6140.0000,6145.2000,6145.4000,6149.8000,6152.0000,6155.0000,1,1,1,1,3,2,1,1,1,3
SF,IC2103,2020-10-16 09:34:08.600,6144.4000,41962,0,390730640.000,0,-,-,-,-,6143.6000,6143.0000,6141.6000,6141.2000,6140.0000,6145.2000,6149.8000,6152.0000,6155.0000,6156.0000,1,1,1,1,3,3,1,1,3,2
SF,IC2103,2020-10-16 09:34:09.100,6144.4000,41962,0,390730640.000,0,-,-,-,-,6143.6000,6143.0000,6141.6000,6141.2000,6140.0000,6145.0000,6145.2000,6149.8000,6152.0000,6155.0000,1,1,1,1,3,1,2,1,1,3
SF,IC2103,2020-10-16 09:34:10.600,6143.6000,41961,-1,393188080.000,2,0,2,多平,S,6143.0000,6141.6000,6141.2000,6140.0000,6139.6000,6144.8000,6145.0000,6145.2000,6149.8000,6152.0000,1,1,1,3,1,1,2,2,1,1
SF,IC2103,2020-10-16 09:34:11.100,6143.0000,41961,0,394416680.000,1,0,1,多换,S,6141.6000,6141.2000,6140.0000,6139.6000,6139.0000,6142.6000,6142.8000,6144.6000,6144.8000,6145.2000,1,1,3,1,1,2,2,1,3,1
SF,IC2103,2020-10-16 09:34:11.600,6141.6000,41960,-1,398101560.000,3,1,2,多平,S,6140.0000,6139.6000,6139.0000,6138.8000,6138.0000,6141.6000,6142.4000,6142.6000,6142.8000,6144.6000,3,1,1,3,1,1,3,2,2,1
SF,IC2103,2020-10-16 09:34:12.100,6141.6000,41960,0,398101560.000,0,-,-,-,-,6140.0000,6139.6000,6139.0000,6138.8000,6138.0000,6141.4000,6141.6000,6142.6000,6142.8000,6144.8000,3,1,1,3,1,1,3,2,2,1
SF,IC2103,2020-10-16 09:34:12.600,6141.6000,41960,0,399329880.000,1,0,1,多换,S,6140.0000,6139.6000,6139.0000,6138.8000,6138.0000,6141.4000,6141.6000,6142.6000,6142.8000,6144.8000,3,1,1,3,1,2,1,2,2,1
SF,IC2103,2020-10-16 09:34:13.100,6140.0000,41960,0,400557880.000,1,0,1,多换,S,6140.0000,6139.6000,6139.0000,6138.8000,6138.0000,6141.4000,6141.6000,6142.6000,6142.8000,6144.8000,2,1,1,3,1,2,1,2,2,1
SF,IC2103,2020-10-16 09:34:13.600,6141.4000,41960,0,401786160.000,1,0,1,多换,S,6140.0000,6139.6000,6139.0000,6138.8000,6138.0000,6141.4000,6141.6000,6142.6000,6142.8000,6145.0000,2,1,1,3,1,1,1,2,2,1
SF,IC2103,2020-10-16 09:34:14.100,6141.4000,41960,0,401786160.000,0,-,-,-,-,6140.2000,6140.0000,6139.6000,6139.0000,6138.8000,6141.4000,6141.6000,6142.6000,6142.8000,6145.0000,1,2,1,1,3,1,1,2,2,1
SF,IC2103,2020-10-16 09:34:14.600,6141.4000,41959,-1,403014440.000,1,0,1,双平,S,6140.2000,6140.0000,6139.6000,6139.0000,6138.8000,6141.6000,6142.6000,6142.8000,6145.0000,6145.2000,1,2,1,1,3,1,2,2,1,1
SF,IC2103,2020-10-16 09:34:16.100,6141.4000,41959,0,403014440.000,0,-,-,-,-,6140.2000,6140.0000,6139.6000,6139.0000,6138.8000,6141.6000,6142.6000,6142.8000,6145.0000,6145.2000,2,2,1,1,3,1,2,2,1,1
SF,IC2103,2020-10-16 09:34:16.600,6141.4000,41959,0,403014440.000,0,-,-,-,-,6140.4000,6140.2000,6140.0000,6139.6000,6139.0000,6142.6000,6142.8000,6145.0000,6145.2000,6149.8000,1,2,2,1,1,2,2,1,1,1
SF,IC2103,2020-10-16 09:34:17.100,6141.4000,41959,0,403014440.000,0,-,-,-,-,6140.6000,6140.4000,6140.0000,6139.6000,6139.0000,6142.6000,6142.8000,6144.4000,6145.0000,6145.2000,1,2,2,1,1,2,2,1,1,1
SF,IC2103,2020-10-16 09:34:17.600,6141.4000,41959,0,403014440.000,0,-,-,-,-,6140.6000,6140.0000,6139.6000,6139.0000,6138.8000,6142.6000,6142.8000,6144.4000,6145.0000,6145.2000,3,2,1,1,3,2,2,1,1,1
SF,IC2103,2020-10-16 09:34:18.100,6141.4000,41959,0,403014440.000,0,-,-,-,-,6140.8000,6140.6000,6140.0000,6139.6000,6139.0000,6142.6000,6142.8000,6144.4000,6145.0000,6145.2000,2,1,2,1,1,2,2,1,1,1
SF,IC2103,2020-10-16 09:34:18.600,6141.4000,41959,0,403014440.000,0,-,-,-,-,6141.0000,6140.8000,6140.0000,6139.6000,6139.0000,6142.6000,6142.8000,6144.4000,6145.0000,6145.2000,1,2,2,1,1,2,2,1,1,1
