市场代码,合约代码,时间,最新,持仓,增仓,成交额,成交量,开仓,平仓,成交类型,方向,买一价,买二价,买三价,买四价,买五价,卖一价,卖二价,卖三价,卖四价,卖五价,买一量,买二量,买三量,买四量,买五量,卖一量,卖二量,卖三量,卖四量,卖五量
SF,IC2103,2020-08-04 09:29:00.100,6296.6000,9025,0,13852520.000,11.000,-,-,-,-,6282.0000,6280.8000,6280.0000,6275.8000,6270.0000,6296.6000,6297.0000,6299.0000,6307.0000,6324.0000,1,1,1,1,1,5,1,4,1,6
SF,IC2103,2020-08-04 09:30:00.100,6281.8000,9024,-1,20134200.000,5,2,3,多平,S,6280.0000,6275.8000,6270.0000,6269.4000,6268.0000,6281.8000,6293.4000,6295.0000,6296.2000,6296.4000,1,1,1,1,1,3,1,9,1,1
SF,IC2103,2020-08-04 09:30:00.600,6281.8000,9023,-1,23902960.000,3,1,2,多平,S,6280.0000,6270.0000,6269.4000,6265.0000,6259.4000,6284.8000,6289.8000,6293.4000,6295.0000,6296.2000,1,1,1,2,1,1,1,1,9,2
SF,IC2103,2020-08-04 09:30:01.100,6281.8000,9023,0,23902960.000,0,-,-,-,-,6280.2000,6280.0000,6270.0000,6269.4000,6265.0000,6282.6000,6284.6000,6284.8000,6289.8000,6295.0000,1,1,1,1,2,1,3,1,1,9
SF,IC2103,2020-08-04 09:30:01.600,6282.4000,9023,0,27672280.000,3,1,2,多换,S,6281.8000,6280.0000,6270.0000,6269.4000,6265.0000,6282.6000,6284.6000,6295.0000,6296.2000,6296.4000,1,1,1,1,2,1,1,9,2,1
SF,IC2103,2020-08-04 09:30:02.100,6286.6000,9018,-5,33956560.000,5,0,5,双平,S,6282.0000,6281.8000,6280.0000,6270.0000,6269.4000,6295.0000,6296.2000,6296.4000,6297.0000,6299.0000,1,1,1,1,1,29,1,1,1,5
SF,IC2103,2020-08-04 09:30:02.600,6286.6000,9018,0,33956560.000,0,-,-,-,-,6282.2000,6282.0000,6280.0000,6270.0000,6269.4000,6289.8000,6294.6000,6294.8000,6295.0000,6296.2000,2,1,1,1,1,1,1,4,29,1
SF,IC2103,2020-08-04 09:30:03.100,6283.2000,9015,-3,37726080.000,3,0,3,双平,S,6282.6000,6282.4000,6280.0000,6269.4000,6265.0000,6289.4000,6289.6000,6291.0000,6295.0000,6296.2000,2,1,1,1,2,1,2,3,29,1
SF,IC2103,2020-08-04 09:30:03.600,6283.2000,9015,0,37726080.000,0,-,-,-,-,6282.8000,6282.6000,6280.0000,6269.4000,6265.0000,6289.2000,6289.4000,6289.6000,6291.0000,6295.0000,1,2,1,1,2,4,1,2,3,30
SF,IC2103,2020-08-04 09:30:04.100,6283.2000,9015,0,37726080.000,0,-,-,-,-,6282.8000,6282.6000,6280.0000,6265.0000,6259.4000,6288.8000,6289.2000,6289.6000,6291.0000,6295.0000,1,2,1,2,1,1,4,2,3,30
SF,IC2103,2020-08-04 09:30:04.600,6282.6000,9015,0,41495680.000,3,1,2,多换,S,6282.0000,6280.0000,6265.0000,6259.4000,6251.6000,6288.6000,6288.8000,6289.2000,6289.6000,6291.0000,1,1,2,1,6,2,1,2,2,3
SF,IC2103,2020-08-04 09:30:05.100,6282.6000,9015,0,41495680.000,0,-,-,-,-,6282.0000,6280.0000,6265.0000,6259.4000,6251.6000,6282.8000,6288.2000,6288.6000,6289.2000,6289.6000,1,1,2,1,6,1,1,2,2,2
SF,IC2103,2020-08-04 09:30:05.600,6282.0000,9014,-1,42752080.000,1,0,1,双平,S,6280.0000,6274.2000,6265.0000,6251.6000,6251.0000,6281.6000,6281.8000,6284.6000,6288.2000,6291.0000,1,1,2,6,1,2,2,1,1,3
SF,IC2103,2020-08-04 09:30:06.100,6280.0000,9014,0,44008080.000,1,0,1,多换,S,6274.2000,6265.0000,6251.6000,6251.0000,6246.0000,6281.6000,6281.8000,6284.6000,6288.2000,6291.0000,1,2,6,1,1,2,2,1,1,3
SF,IC2103,2020-08-04 09:30:06.600,6280.0000,9014,0,44008080.000,0,-,-,-,-,6276.6000,6275.2000,6274.6000,6274.4000,6274.2000,6281.4000,6281.6000,6281.8000,6284.6000,6288.2000,1,3,2,1,1,1,3,2,1,1
SF,IC2103,2020-08-04 09:30:07.100,6280.0000,9014,0,44008080.000,0,-,-,-,-,6276.8000,6275.2000,6274.6000,6274.2000,6265.0000,6281.2000,6281.4000,6281.6000,6281.8000,6284.6000,1,2,2,2,2,1,2,2,2,1
SF,IC2103,2020-08-04 09:30:07.600,6276.8000,9013,-1,45263440.000,1,0,1,双平,S,6275.2000,6274.6000,6274.2000,6270.8000,6265.0000,6281.0000,6281.2000,6281.6000,6281.8000,6284.6000,1,2,1,1,2,1,1,2,2,1
SF,IC2103,2020-08-04 09:30:08.100,6276.8000,9013,0,45263440.000,0,-,-,-,-,6275.6000,6275.4000,6275.2000,6274.6000,6274.2000,6280.8000,6281.0000,6281.6000,6281.8000,6284.6000,1,1,1,1,1,1,2,2,2,1
SF,IC2103,2020-08-04 09:30:08.600,6276.8000,9013,0,45263440.000,0,-,-,-,-,6275.8000,6275.6000,6275.2000,6274.6000,6270.8000,6280.6000,6280.8000,6281.6000,6281.8000,6284.6000,2,1,2,1,1,1,2,2,2,1
SF,IC2103,2020-08-04 09:30:09.100,6276.8000,9013,0,45263440.000,0,-,-,-,-,6276.0000,6275.8000,6275.2000,6274.6000,6270.8000,6280.6000,6280.8000,6281.6000,6281.8000,6284.6000,1,1,2,1,1,2,1,2,2,1
SF,IC2103,2020-08-04 09:30:09.600,6280.6000,9011,-2,49030000.000,3,0,3,多平,S,6275.2000,6274.6000,6270.8000,6265.0000,6251.6000,6280.4000,6280.6000,6280.8000,6281.6000,6281.8000,2,1,1,2,6,1,1,1,2,2
SF,IC2103,2020-08-04 09:30:10.100,6280.6000,9011,0,49030000.000,0,-,-,-,-,6275.4000,6275.2000,6274.6000,6270.8000,6265.0000,6280.2000,6280.4000,6281.6000,6281.8000,6284.6000,1,1,1,1,2,2,1,2,2,1
SF,IC2103,2020-08-04 09:30:10.600,6280.6000,9011,0,49030000.000,0,-,-,-,-,6275.2000,6274.6000,6270.8000,6265.0000,6251.6000,6280.2000,6281.6000,6281.8000,6284.6000,6288.2000,1,1,1,2,6,3,2,2,1,1
SF,IC2103,2020-08-04 09:30:11.100,6280.4000,9011,0,50286080.000,1,0,1,多换,S,6275.2000,6274.6000,6270.8000,6265.0000,6251.6000,6280.2000,6281.6000,6281.8000,6284.6000,6288.2000,1,1,1,2,6,2,2,2,1,1
SF,IC2103,2020-08-04 09:30:11.600,6275.2000,9010,-1,51541120.000,1,0,1,双平,S,6274.6000,6270.8000,6265.0000,6251.6000,6251.0000,6280.0000,6280.2000,6281.6000,6281.8000,6284.6000,1,1,2,6,1,1,2,2,2,1
SF,IC2103,2020-08-04 09:30:12.100,6279.6000,9009,-1,54051960.000,2,0,2,多平,S,6270.8000,6265.0000,6251.6000,6251.0000,6246.0000,6279.8000,6280.0000,6281.6000,6281.8000,6288.2000,1,2,6,1,1,2,2,2,2,1
SF,IC2103,2020-08-04 09:30:12.600,6279.6000,9009,0,54051960.000,0,-,-,-,-,6272.0000,6271.2000,6271.0000,6270.8000,6265.0000,6279.6000,6279.8000,6280.0000,6281.6000,6281.8000,1,1,1,1,2,2,4,1,2,2
SF,IC2103,2020-08-04 09:30:13.100,6279.6000,9009,0,54051960.000,0,-,-,-,-,6272.2000,6272.0000,6271.6000,6271.2000,6270.8000,6279.2000,6279.4000,6279.6000,6280.0000,6280.4000,1,1,1,1,1,1,3,2,1,1
SF,IC2103,2020-08-04 09:30:13.600,6279.6000,9009,0,54051960.000,0,-,-,-,-,6274.6000,6272.2000,6272.0000,6271.2000,6270.8000,6279.0000,6279.2000,6279.4000,6280.0000,6280.4000,1,1,1,1,1,2,2,1,1,1
SF,IC2103,2020-08-04 09:30:14.100,6279.6000,9009,0,54051960.000,0,-,-,-,-,6272.2000,6272.0000,6271.2000,6270.8000,6265.0000,6278.6000,6279.0000,6279.4000,6280.0000,6280.4000,1,1,1,1,2,1,2,1,1,1
SF,IC2103,2020-08-04 09:30:14.600,6279.6000,9009,0,54051960.000,0,-,-,-,-,6272.2000,6272.0000,6271.2000,6270.8000,6265.0000,6278.4000,6278.6000,6279.4000,6280.0000,6280.4000,1,1,1,1,2,2,2,1,1,1
SF,IC2103,2020-08-04 09:30:15.100,6279.6000,9009,0,54051960.000,0,-,-,-,-,6272.0000,6271.2000,6270.8000,6265.0000,6251.6000,6278.0000,6278.4000,6279.4000,6280.0000,6280.4000,1,1,1,2,6,1,3,1,1,1
SF,IC2103,2020-08-04 09:30:15.600,6279.6000,9009,0,54051960.000,0,-,-,-,-,6272.2000,6272.0000,6271.2000,6270.8000,6265.0000,6277.8000,6278.0000,6279.4000,6280.0000,6280.4000,1,1,1,1,2,3,2,1,1,1
SF,IC2103,2020-08-04 09:30:16.100,6272.0000,9007,-2,56560800.000,2,0,2,双平,S,6271.2000,6270.8000,6265.0000,6251.6000,6251.0000,6277.4000,6277.8000,6279.4000,6280.0000,6280.4000,1,1,2,6,1,1,3,1,1,1
SF,IC2103,2020-08-04 09:30:16.600,6272.0000,9007,0,56560800.000,0,-,-,-,-,6270.8000,6265.0000,6251.6000,6251.0000,6246.0000,6277.2000,6277.4000,6277.6000,6279.4000,6280.0000,1,2,6,1,1,2,2,1,1,1
SF,IC2103,2020-08-04 09:30:17.100,6272.0000,9007,0,56560800.000,0,-,-,-,-,6266.8000,6265.0000,6251.6000,6251.0000,6246.0000,6275.2000,6276.8000,6277.2000,6277.6000,6279.4000,1,2,6,1,1,1,1,3,1,1
SF,IC2103,2020-08-04 09:30:17.600,6272.0000,9007,0,56560800.000,0,-,-,-,-,6270.0000,6269.8000,6267.8000,6267.2000,6267.0000,6275.0000,6275.2000,6276.8000,6277.0000,6279.4000,1,1,1,1,2,2,2,1,1,1
SF,IC2103,2020-08-04 09:30:18.100,6274.8000,9007,0,57815760.000,1,0,1,多换,S,6267.8000,6267.2000,6267.0000,6266.8000,6265.0000,6275.0000,6275.2000,6276.8000,6277.0000,6277.2000,1,1,2,1,2,3,1,1,1,1
SF,IC2103,2020-08-04 09:30:18.600,6274.8000,9007,0,57815760.000,0,-,-,-,-,6270.0000,6268.0000,6267.8000,6267.0000,6266.8000,6272.0000,6275.0000,6275.2000,6276.8000,6277.0000,1,2,1,1,1,1,3,1,1,1
SF,IC2103,2020-08-04 09:30:19.100,6274.8000,9007,0,57815760.000,0,-,-,-,-,6268.0000,6267.8000,6267.0000,6266.8000,6265.0000,6271.8000,6272.0000,6275.0000,6275.2000,6276.8000,2,1,1,1,2,1,2,1,1,1
SF,IC2103,2020-08-04 09:30:19.600,6274.8000,9007,0,57815760.000,0,-,-,-,-,6268.0000,6267.0000,6266.8000,6265.0000,6251.6000,6271.8000,6272.0000,6275.0000,6275.2000,6276.8000,2,1,1,2,6,2,1,1,1,1
SF,IC2103,2020-08-04 09:30:20.100,6271.8000,9005,-2,60324480.000,2,0,2,双平,S,6268.0000,6267.0000,6266.8000,6265.0000,6251.6000,6272.0000,6275.0000,6275.2000,6276.8000,6277.0000,1,1,1,2,6,1,1,1,1,1
SF,IC2103,2020-08-04 09:30:20.600,6271.8000,9005,0,60324480.000,0,-,-,-,-,6268.2000,6268.0000,6267.0000,6266.8000,6265.0000,6271.8000,6272.0000,6275.0000,6275.2000,6276.8000,1,1,1,1,2,1,1,1,1,1
SF,IC2103,2020-08-04 09:30:21.100,6272.0000,9003,-2,62833240.000,2,0,2,双平,S,6268.2000,6268.0000,6267.0000,6266.8000,6265.0000,6275.0000,6275.2000,6276.8000,6277.0000,6277.2000,1,1,1,1,2,1,1,1,1,1
SF,IC2103,2020-08-04 09:30:21.600,6272.0000,9003,0,62833240.000,0,-,-,-,-,6270.0000,6268.4000,6268.2000,6267.0000,6266.8000,6274.8000,6275.2000,6276.8000,6277.0000,6277.2000,1,3,1,1,1,1,1,1,1,1
SF,IC2103,2020-08-04 09:30:22.100,6272.0000,9003,0,62833240.000,0,-,-,-,-,6270.2000,6270.0000,6268.4000,6267.0000,6266.8000,6276.8000,6277.0000,6277.2000,6291.0000,6295.0000,1,1,3,1,1,1,1,1,3,29
SF,IC2103,2020-08-04 09:30:22.600,6272.0000,9003,0,62833240.000,0,-,-,-,-,6270.4000,6270.2000,6270.0000,6268.4000,6267.0000,6276.6000,6276.8000,6277.2000,6291.0000,6295.0000,2,1,1,2,1,1,1,1,3,29
SF,IC2103,2020-08-04 09:30:23.100,6272.0000,9003,0,62833240.000,0,-,-,-,-,6270.6000,6270.4000,6270.0000,6268.4000,6267.0000,6276.6000,6280.4000,6291.0000,6295.0000,6297.0000,1,3,1,1,1,1,1,3,29,1
SF,IC2103,2020-08-04 09:30:23.600,6272.0000,9003,0,62833240.000,0,-,-,-,-,6270.8000,6270.6000,6270.4000,6270.0000,6268.4000,6276.6000,6280.4000,6291.0000,6295.0000,6297.0000,1,1,2,1,1,1,1,3,29,1
SF,IC2103,2020-08-04 09:30:24.100,6276.6000,9003,0,64088560.000,1,0,1,多换,S,6276.6000,6271.0000,6270.8000,6270.4000,6270.0000,6280.4000,6291.0000,6295.0000,6297.0000,6299.0000,1,1,1,2,1,1,3,29,1,4
SF,IC2103,2020-08-04 09:30:24.600,6276.6000,9003,0,65343880.000,1,0,1,多换,S,6270.8000,6270.4000,6270.0000,6268.0000,6267.0000,6278.4000,6280.0000,6280.4000,6291.0000,6295.0000,1,2,1,1,1,1,2,1,3,29
SF,IC2103,2020-08-04 09:30:25.100,6276.6000,9003,0,65343880.000,0,-,-,-,-,6271.0000,6270.4000,6270.0000,6268.0000,6267.0000,6278.0000,6278.2000,6278.4000,6280.0000,6280.4000,1,1,1,1,1,1,2,1,1,1
SF,IC2103,2020-08-04 09:30:25.600,6276.6000,9003,0,65343880.000,0,-,-,-,-,6271.0000,6270.8000,6270.4000,6270.0000,6268.0000,6277.8000,6278.0000,6278.4000,6280.0000,6280.4000,1,1,1,1,1,2,1,1,1,1
SF,IC2103,2020-08-04 09:30:26.100,6276.6000,9003,0,65343880.000,0,-,-,-,-,6271.0000,6270.8000,6270.4000,6270.0000,6268.0000,6277.4000,6277.8000,6278.4000,6280.0000,6280.4000,1,1,1,1,1,1,2,1,1,1
SF,IC2103,2020-08-04 09:30:26.600,6276.6000,9003,0,65343880.000,0,-,-,-,-,6271.0000,6270.4000,6270.0000,6268.0000,6267.0000,6277.2000,6277.4000,6278.4000,6280.0000,6280.4000,2,1,1,1,1,2,1,1,1,1
SF,IC2103,2020-08-04 09:30:27.100,6276.6000,9003,0,65343880.000,0,-,-,-,-,6271.6000,6271.0000,6270.4000,6270.0000,6268.0000,6277.2000,6277.4000,6278.4000,6280.0000,6280.4000,2,2,1,1,1,2,1,1,1,1
SF,IC2103,2020-08-04 09:30:27.600,6276.6000,9003,0,65343880.000,0,-,-,-,-,6271.8000,6271.6000,6270.4000,6270.0000,6268.0000,6277.2000,6277.4000,6278.4000,6280.0000,6280.4000,2,2,1,1,1,2,1,1,1,1
SF,IC2103,2020-08-04 09:30:28.100,6276.6000,9003,0,65343880.000,0,-,-,-,-,6271.8000,6271.6000,6270.4000,6270.0000,6268.0000,6277.2000,6277.4000,6278.4000,6280.0000,6280.4000,3,2,1,1,1,2,1,1,1,1
SF,IC2103,2020-08-04 09:30:28.600,6276.6000,9003,0,65343880.000,0,-,-,-,-,6272.2000,6271.8000,6270.4000,6270.0000,6268.0000,6277.2000,6277.4000,6278.4000,6280.0000,6280.4000,2,3,1,1,1,1,1,1,1,1
SF,IC2103,2020-08-04 09:30:29.100,6276.6000,9003,0,65343880.000,0,-,-,-,-,6272.4000,6272.2000,6271.8000,6270.4000,6270.0000,6277.4000,6278.4000,6280.0000,6280.4000,6291.0000,2,2,1,1,1,1,1,1,1,3
SF,IC2103,2020-08-04 09:30:29.600,6276.6000,9003,0,65343880.000,0,-,-,-,-,6277.2000,6272.8000,6272.4000,6272.2000,6271.8000,6278.4000,6280.0000,6291.0000,6295.0000,6297.0000,2,1,2,2,1,1,1,3,29,1
SF,IC2103,2020-08-04 09:30:30.100,6276.6000,9003,0,65343880.000,0,-,-,-,-,6277.2000,6273.0000,6272.6000,6272.4000,6271.8000,6280.0000,6291.0000,6295.0000,6297.0000,6299.0000,2,3,1,2,1,1,3,29,1,4
SF,IC2103,2020-08-04 09:30:30.600,6280.0000,9002,-1,66599880.000,1,0,1,双平,S,6277.4000,6277.2000,6273.0000,6272.6000,6272.4000,6291.0000,6295.0000,6297.0000,6299.0000,6307.0000,1,2,3,1,1,3,29,1,4,1
SF,IC2103,2020-08-04 09:30:31.100,6280.0000,9002,0,66599880.000,0,-,-,-,-,6277.6000,6277.4000,6277.2000,6273.0000,6272.6000,6281.6000,6282.6000,6290.6000,6290.8000,6291.0000,4,1,2,1,1,1,1,1,1,3
SF,IC2103,2020-08-04 09:30:31.600,6280.0000,9002,0,66599880.000,0,-,-,-,-,6277.8000,6277.6000,6277.2000,6273.0000,6272.6000,6281.6000,6290.6000,6290.8000,6291.0000,6295.0000,1,1,2,1,1,1,1,1,3,29
SF,IC2103,2020-08-04 09:30:32.100,6281.6000,9001,-1,67856200.000,1,0,1,双平,S,6277.8000,6277.6000,6277.2000,6273.0000,6272.6000,6290.6000,6290.8000,6291.0000,6295.0000,6297.0000,2,1,2,1,1,1,1,3,29,1
SF,IC2103,2020-08-04 09:30:32.600,6281.6000,9001,0,67856200.000,0,-,-,-,-,6278.0000,6277.8000,6277.6000,6277.2000,6273.0000,6282.6000,6283.6000,6290.4000,6290.6000,6291.0000,3,2,1,2,2,1,1,1,1,3
SF,IC2103,2020-08-04 09:30:33.100,6281.6000,9001,0,67856200.000,0,-,-,-,-,6278.2000,6277.8000,6277.6000,6277.2000,6273.0000,6282.6000,6283.6000,6290.4000,6290.6000,6291.0000,1,1,1,2,2,1,1,1,1,3
SF,IC2103,2020-08-04 09:30:33.600,6281.6000,9001,0,67856200.000,0,-,-,-,-,6278.2000,6277.8000,6277.6000,6277.2000,6273.0000,6282.6000,6283.6000,6290.4000,6290.6000,6291.0000,1,1,1,2,2,1,1,1,1,3
SF,IC2103,2020-08-04 09:30:34.100,6281.6000,9001,0,67856200.000,0,-,-,-,-,6278.2000,6277.8000,6277.6000,6277.2000,6273.0000,6283.6000,6290.4000,6290.6000,6291.0000,6292.2000,1,1,1,2,2,1,1,1,3,1
SF,IC2103,2020-08-04 09:30:34.600,6281.6000,9001,0,67856200.000,0,-,-,-,-,6278.6000,6278.4000,6278.2000,6277.6000,6277.2000,6280.4000,6283.6000,6290.4000,6290.6000,6291.0000,1,1,1,1,2,1,1,1,1,3
SF,IC2103,2020-08-04 09:30:35.100,6280.4000,9001,0,69112280.000,1,0,1,多换,S,6278.6000,6277.6000,6277.2000,6273.0000,6272.6000,6283.6000,6290.4000,6290.6000,6291.0000,6292.2000,1,1,2,2,1,1,1,1,3,1
SF,IC2103,2020-08-04 09:30:35.600,6280.4000,9001,0,69112280.000,0,-,-,-,-,6278.8000,6278.6000,6277.2000,6273.0000,6272.6000,6283.4000,6290.4000,6290.6000,6291.0000,6292.2000,1,1,2,2,1,1,1,1,3,1
SF,IC2103,2020-08-04 09:30:36.100,6280.4000,9001,0,69112280.000,0,-,-,-,-,6279.0000,6278.8000,6277.2000,6273.0000,6272.6000,6283.4000,6286.8000,6290.4000,6290.6000,6291.0000,1,1,2,2,1,1,1,1,1,3
SF,IC2103,2020-08-04 09:30:36.600,6280.4000,9001,0,69112280.000,0,-,-,-,-,6279.2000,6279.0000,6277.2000,6273.0000,6272.6000,6283.4000,6286.8000,6290.4000,6290.6000,6291.0000,1,1,2,2,1,1,1,1,1,3
SF,IC2103,2020-08-04 09:30:37.100,6280.4000,9001,0,69112280.000,0,-,-,-,-,6279.2000,6279.0000,6277.2000,6273.0000,6272.6000,6283.2000,6283.4000,6286.8000,6290.6000,6291.0000,1,1,2,2,1,1,1,1,1,3
SF,IC2103,2020-08-04 09:30:37.600,6279.0000,8999,-2,71623920.000,2,0,2,双平,S,6279.4000,6277.2000,6273.0000,6272.6000,6268.0000,6283.0000,6283.2000,6283.4000,6286.8000,6290.6000,1,2,2,1,1,1,1,1,1,1
SF,IC2103,2020-08-04 09:30:38.100,6279.0000,8999,0,71623920.000,0,-,-,-,-,6277.2000,6273.0000,6272.6000,6268.0000,6267.0000,6282.8000,6283.0000,6283.4000,6286.8000,6290.6000,2,2,1,1,1,1,1,1,1,1
SF,IC2103,2020-08-04 09:30:38.600,6279.0000,8999,0,71623920.000,0,-,-,-,-,6277.4000,6277.2000,6273.0000,6272.6000,6268.0000,6282.6000,6282.8000,6283.0000,6283.4000,6286.8000,1,3,1,1,1,1,1,1,1,1
SF,IC2103,2020-08-04 09:30:39.100,6279.0000,8999,0,71623920.000,0,-,-,-,-,6277.4000,6277.2000,6273.0000,6272.6000,6268.0000,6282.4000,6282.6000,6283.0000,6283.4000,6286.8000,1,2,1,1,1,1,1,1,1,1
SF,IC2103,2020-08-04 09:30:39.600,6279.0000,8999,0,71623920.000,0,-,-,-,-,6277.2000,6273.0000,6272.6000,6268.0000,6267.0000,6282.2000,6282.4000,6282.6000,6283.0000,6283.4000,2,1,1,1,1,1,1,1,1,1
SF,IC2103,2020-08-04 09:30:40.100,6277.2000,8999,0,74134800.000,2,1,1,多换,S,6273.0000,6272.6000,6268.0000,6267.0000,6265.0000,6279.8000,6282.0000,6282.2000,6282.6000,6283.0000,1,1,1,1,2,1,1,1,1,1
SF,IC2103,2020-08-04 09:30:40.600,6277.2000,8999,0,74134800.000,0,-,-,-,-,6273.4000,6273.2000,6273.0000,6268.0000,6265.0000,6279.6000,6282.0000,6282.2000,6282.8000,6283.0000,2,1,1,1,1,2,1,1,1,1
SF,IC2103,2020-08-04 09:30:41.100,6277.2000,8999,0,74134800.000,0,-,-,-,-,6275.0000,6273.6000,6273.4000,6270.6000,6268.0000,6279.6000,6282.0000,6282.2000,6282.8000,6283.0000,1,1,2,1,1,2,1,1,1,1
SF,IC2103,2020-08-04 09:30:41.600,6277.2000,8999,0,74134800.000,0,-,-,-,-,6275.2000,6275.0000,6273.4000,6270.6000,6268.0000,6279.6000,6282.0000,6282.2000,6282.8000,6291.0000,1,1,2,1,1,1,1,1,1,3
SF,IC2103,2020-08-04 09:30:42.100,6277.2000,8999,0,74134800.000,0,-,-,-,-,6275.2000,6275.0000,6273.4000,6270.6000,6268.0000,6279.6000,6282.0000,6282.8000,6291.0000,6292.2000,1,1,2,1,1,1,1,1,3,1
SF,IC2103,2020-08-04 09:30:42.600,6275.0000,8998,-1,75389800.000,1,0,1,双平,S,6273.4000,6270.6000,6268.0000,6265.0000,6251.6000,6279.6000,6282.0000,6282.8000,6291.0000,6292.2000,2,1,1,1,6,1,1,1,3,1
SF,IC2103,2020-08-04 09:30:43.100,6275.0000,8998,0,75389800.000,0,-,-,-,-,6273.6000,6273.4000,6270.6000,6268.0000,6265.0000,6279.4000,6279.6000,6282.0000,6282.8000,6291.0000,1,2,1,1,1,2,1,1,1,3
SF,IC2103,2020-08-04 09:30:43.600,6275.0000,8998,0,75389800.000,0,-,-,-,-,6273.4000,6270.6000,6268.0000,6265.0000,6251.6000,6279.2000,6279.4000,6282.0000,6282.8000,6291.0000,1,1,1,1,6,1,2,1,1,3
SF,IC2103,2020-08-04 09:30:44.100,6275.0000,8998,0,75389800.000,0,-,-,-,-,6274.0000,6273.6000,6270.6000,6268.0000,6265.0000,6275.2000,6279.0000,6279.2000,6279.4000,6282.0000,1,1,1,1,1,1,1,1,1,1
SF,IC2103,2020-08-04 09:30:44.600,6274.0000,8996,-2,77899440.000,2,0,2,双平,S,6270.6000,6268.0000,6265.0000,6251.6000,6251.0000,6273.6000,6275.2000,6279.0000,6279.2000,6282.8000,1,1,1,6,1,1,1,2,1,1
SF,IC2103,2020-08-04 09:30:45.100,6273.6000,8995,-1,79154160.000,1,0,1,双平,S,6274.8000,6273.6000,6272.0000,6271.0000,6270.8000,6275.2000,6279.0000,6279.2000,6282.8000,6291.0000,1,2,1,1,2,1,2,1,1,3
SF,IC2103,2020-08-04 09:30:45.600,6274.8000,8994,-1,80409120.000,1,0,1,双平,S,6273.6000,6271.2000,6271.0000,6270.8000,6270.6000,6275.2000,6279.0000,6279.2000,6282.8000,6291.0000,2,1,1,2,1,1,1,1,1,3
SF,IC2103,2020-08-04 09:30:46.100,6274.8000,8994,0,80409120.000,0,-,-,-,-,6271.0000,6270.8000,6270.6000,6268.0000,6265.0000,6274.0000,6275.2000,6279.0000,6279.2000,6283.8000,1,2,1,1,1,9,1,1,1,1
SF,IC2103,2020-08-04 09:30:46.600,6274.4000,8994,0,82918880.000,2,1,1,多换,S,6271.2000,6271.0000,6270.8000,6270.6000,6268.0000,6274.0000,6275.2000,6278.8000,6279.0000,6279.2000,1,1,1,1,1,7,1,1,1,1
SF,IC2103,2020-08-04 09:30:47.100,6274.4000,8994,0,82918880.000,0,-,-,-,-,6271.2000,6271.0000,6270.8000,6268.0000,6267.4000,6273.8000,6274.0000,6275.2000,6278.8000,6279.0000,1,1,1,1,1,1,7,1,1,1
SF,IC2103,2020-08-04 09:30:47.600,6274.4000,8994,0,82918880.000,0,-,-,-,-,6271.2000,6271.0000,6270.8000,6268.0000,6267.4000,6273.8000,6274.0000,6275.2000,6278.8000,6279.0000,1,1,1,1,1,1,7,1,1,1
SF,IC2103,2020-08-04 09:30:48.100,6274.4000,8994,0,82918880.000,0,-,-,-,-,6271.2000,6271.0000,6270.8000,6268.0000,6267.4000,6273.8000,6274.0000,6275.2000,6278.8000,6279.0000,1,1,1,1,1,1,7,1,1,1
SF,IC2103,2020-08-04 09:30:48.600,6274.0000,8993,-1,86683200.000,3,1,2,多平,S,6273.8000,6271.6000,6271.4000,6271.2000,6270.8000,6274.0000,6275.2000,6278.8000,6279.0000,6283.8000,3,1,1,1,1,6,1,1,1,1
SF,IC2103,2020-08-04 09:30:49.100,6273.8000,8993,0,95466760.000,7,3,4,多换,S,6271.6000,6271.4000,6271.2000,6270.8000,6267.4000,6275.2000,6278.8000,6279.0000,6283.8000,6291.0000,1,1,2,1,1,1,1,1,1,3
SF,IC2103,2020-08-04 09:30:49.600,6273.8000,8993,0,95466760.000,0,-,-,-,-,6271.8000,6271.6000,6271.4000,6271.2000,6270.8000,6275.2000,6278.8000,6279.0000,6283.8000,6291.0000,1,1,1,1,1,1,1,1,1,3
SF,IC2103,2020-08-04 09:30:50.100,6273.8000,8993,0,95466760.000,0,-,-,-,-,6272.2000,6272.0000,6271.8000,6271.4000,6270.8000,6275.0000,6275.2000,6278.8000,6279.0000,6283.8000,1,2,1,1,1,1,1,1,1,1
SF,IC2103,2020-08-04 09:30:50.600,6273.8000,8993,0,95466760.000,0,-,-,-,-,6273.0000,6272.2000,6271.8000,6271.4000,6267.4000,6275.0000,6275.2000,6278.8000,6279.0000,6283.8000,1,1,1,1,1,1,1,1,1,1
SF,IC2103,2020-08-04 09:30:51.600,6272.2000,8991,-2,97975800.000,2,0,2,双平,S,6271.8000,6267.4000,6265.0000,6251.6000,6251.0000,6272.8000,6275.0000,6275.2000,6278.8000,6279.0000,1,1,1,6,1,1,1,1,1,1
SF,IC2103,2020-08-04 09:30:52.100,6271.8000,8990,-1,99230160.000,1,0,1,双平,S,6269.8000,6267.4000,6265.0000,6251.6000,6251.0000,6272.8000,6275.0000,6275.2000,6278.8000,6279.0000,1,1,1,6,1,1,1,1,1,1
SF,IC2103,2020-08-04 09:30:52.600,6271.8000,8990,0,99230160.000,0,-,-,-,-,6270.0000,6269.8000,6267.4000,6265.0000,6251.6000,6272.6000,6275.2000,6278.8000,6279.0000,6283.8000,1,1,1,1,6,1,1,1,1,1
SF,IC2103,2020-08-04 09:30:53.100,6271.8000,8990,0,99230160.000,0,-,-,-,-,6270.0000,6269.8000,6267.4000,6265.0000,6251.6000,6272.6000,6275.2000,6278.8000,6279.0000,6283.8000,1,1,1,1,6,1,1,1,1,1
SF,IC2103,2020-08-04 09:30:53.600,6270.0000,8989,-1,100484160.000,1,0,1,双平,S,6269.8000,6267.4000,6265.0000,6251.6000,6251.0000,6272.6000,6278.8000,6279.0000,6283.8000,6291.0000,1,1,1,6,1,1,1,1,1,3
SF,IC2103,2020-08-04 09:30:54.100,6272.4000,8989,0,104247600.000,3,1,2,多换,S,6269.8000,6267.4000,6265.0000,6264.6000,6251.6000,6272.6000,6278.8000,6279.0000,6283.8000,6291.0000,1,1,1,2,6,1,1,1,1,3
SF,IC2103,2020-08-04 09:30:54.600,6269.8000,8989,0,105501560.000,1,0,1,多换,S,6267.4000,6265.0000,6264.6000,6251.6000,6251.0000,6272.4000,6272.6000,6278.8000,6279.0000,6283.8000,1,1,2,6,1,1,1,1,1,1
SF,IC2103,2020-08-04 09:30:55.100,6269.8000,8989,0,105501560.000,0,-,-,-,-,6268.2000,6267.6000,6267.4000,6265.0000,6264.6000,6272.2000,6272.4000,6278.8000,6279.0000,6283.8000,1,1,1,1,2,1,1,1,1,1
SF,IC2103,2020-08-04 09:30:55.600,6269.8000,8989,0,105501560.000,0,-,-,-,-,6268.2000,6267.6000,6267.4000,6265.0000,6264.6000,6272.2000,6272.4000,6278.8000,6279.0000,6283.8000,1,1,1,1,2,1,1,1,1,1
SF,IC2103,2020-08-04 09:30:56.100,6269.8000,8989,0,105501560.000,0,-,-,-,-,6265.0000,6264.6000,6262.0000,6251.6000,6251.0000,6272.2000,6272.4000,6278.8000,6279.0000,6283.8000,1,2,1,6,1,1,1,1,1,1
SF,IC2103,2020-08-04 09:30:56.600,6269.8000,8989,0,105501560.000,0,-,-,-,-,6267.4000,6265.6000,6265.4000,6265.2000,6265.0000,6272.0000,6272.2000,6278.8000,6279.0000,6283.8000,1,1,1,1,1,1,1,1,1,1
SF,IC2103,2020-08-04 09:30:57.100,6269.8000,8989,0,105501560.000,0,-,-,-,-,6267.4000,6265.6000,6265.4000,6265.2000,6265.0000,6271.8000,6278.8000,6279.0000,6283.8000,6291.0000,1,1,1,1,1,2,1,1,1,3
SF,IC2103,2020-08-04 09:30:57.600,6269.8000,8989,0,105501560.000,0,-,-,-,-,6267.6000,6267.4000,6265.8000,6265.6000,6265.4000,6271.8000,6278.8000,6279.0000,6283.8000,6291.0000,1,1,2,1,1,2,1,1,1,3
SF,IC2103,2020-08-04 09:30:58.100,6269.8000,8989,0,105501560.000,0,-,-,-,-,6267.6000,6267.4000,6265.8000,6265.6000,6265.4000,6271.8000,6275.8000,6279.0000,6283.8000,6291.0000,1,1,2,1,1,1,1,1,1,3
SF,IC2103,2020-08-04 09:30:58.600,6271.8000,8989,0,106755920.000,1,0,1,多换,S,6268.8000,6267.6000,6265.8000,6265.4000,6265.0000,6275.8000,6279.0000,6283.8000,6291.0000,6292.2000,1,1,2,2,1,1,1,1,3,1
SF,IC2103,2020-08-04 09:30:59.100,6269.0000,8988,-1,108009720.000,1,0,1,双平,S,6269.0000,6265.4000,6265.0000,6251.6000,6251.0000,6275.4000,6275.6000,6275.8000,6283.8000,6291.0000,1,2,1,6,1,1,3,1,1,3
SF,IC2103,2020-08-04 09:30:59.600,6269.0000,8987,-1,109263520.000,1,0,1,双平,S,6265.4000,6265.0000,6251.6000,6251.0000,6246.0000,6275.0000,6275.2000,6275.4000,6275.6000,6275.8000,2,1,6,1,1,2,3,1,1,1
SF,IC2103,2020-08-04 09:31:00.100,6269.0000,8987,0,109263520.000,0,-,-,-,-,6265.6000,6265.4000,6265.0000,6251.6000,6251.0000,6274.6000,6274.8000,6275.0000,6275.2000,6275.6000,2,2,1,6,1,1,4,2,1,1
SF,IC2103,2020-08-04 09:31:00.600,6269.0000,8987,0,109263520.000,0,-,-,-,-,6265.8000,6265.6000,6265.4000,6265.0000,6251.6000,6274.2000,6274.4000,6274.6000,6274.8000,6275.2000,1,2,2,1,6,2,2,1,2,1
SF,IC2103,2020-08-04 09:31:01.100,6269.0000,8987,0,109263520.000,0,-,-,-,-,6266.0000,6265.8000,6265.6000,6265.4000,6265.0000,6273.8000,6274.0000,6274.2000,6274.8000,6275.2000,1,1,1,2,1,1,2,2,2,1
SF,IC2103,2020-08-04 09:31:01.600,6269.0000,8987,0,109263520.000,0,-,-,-,-,6267.2000,6266.2000,6266.0000,6265.8000,6265.6000,6273.6000,6273.8000,6274.2000,6274.8000,6275.2000,2,1,1,1,1,2,1,1,2,1
SF,IC2103,2020-08-04 09:31:02.100,6269.0000,8987,0,109263520.000,0,-,-,-,-,6267.4000,6267.2000,6266.2000,6265.6000,6265.4000,6268.4000,6273.2000,6273.4000,6273.6000,6274.8000,1,2,1,1,2,2,1,1,2,1
SF,IC2103,2020-08-04 09:31:02.600,6268.4000,8987,0,111770880.000,2,1,1,多换,S,6267.4000,6265.6000,6265.4000,6251.6000,6251.0000,6272.0000,6273.2000,6273.4000,6273.6000,6275.2000,1,1,2,6,1,4,1,1,2,1
SF,IC2103,2020-08-04 09:31:03.100,6268.4000,8987,0,111770880.000,0,-,-,-,-,6265.6000,6265.4000,6251.6000,6251.0000,6246.0000,6267.4000,6271.6000,6271.8000,6272.0000,6273.4000,1,2,6,1,1,1,1,2,4,1
SF,IC2103,2020-08-04 09:31:03.600,6268.0000,8987,0,113024480.000,1,0,1,多换,S,6265.8000,6265.6000,6265.4000,6251.6000,6251.0000,6271.6000,6271.8000,6272.0000,6273.4000,6273.6000,1,1,1,6,1,1,2,4,1,1
SF,IC2103,2020-08-04 09:31:04.100,6268.0000,8987,0,113024480.000,0,-,-,-,-,6265.6000,6265.0000,6262.0000,6251.6000,6251.0000,6270.0000,6271.4000,6271.6000,6271.8000,6272.0000,1,1,1,6,1,1,2,1,1,4
SF,IC2103,2020-08-04 09:31:04.600,6268.0000,8987,0,113024480.000,0,-,-,-,-,6265.8000,6265.6000,6265.0000,6262.0000,6251.6000,6269.8000,6271.4000,6271.6000,6272.0000,6273.4000,2,1,1,1,6,1,1,1,4,1
SF,IC2103,2020-08-04 09:31:05.600,6269.8000,8986,-1,114278440.000,1,0,1,双平,S,6265.8000,6265.6000,6265.0000,6262.0000,6251.6000,6267.8000,6271.4000,6271.6000,6272.0000,6273.4000,2,1,1,1,6,1,1,1,4,1
SF,IC2103,2020-08-04 09:31:06.100,6269.8000,8986,0,115532400.000,1,0,1,多换,S,6267.8000,6266.8000,6265.8000,6265.6000,6265.0000,6271.4000,6271.6000,6272.0000,6273.4000,6275.2000,1,1,1,1,3,1,1,4,1,1
SF,IC2103,2020-08-04 09:31:06.600,6269.8000,8986,0,115532400.000,0,-,-,-,-,6268.0000,6267.8000,6265.8000,6265.6000,6265.0000,6271.2000,6272.0000,6273.4000,6275.8000,6283.8000,1,1,1,1,3,1,4,1,1,1
SF,IC2103,2020-08-04 09:31:07.100,6269.8000,8986,0,115532400.000,0,-,-,-,-,6268.0000,6267.8000,6265.8000,6265.6000,6265.0000,6272.0000,6273.4000,6275.8000,6283.8000,6291.0000,1,1,1,1,3,4,1,1,1,3
SF,IC2103,2020-08-04 09:31:07.600,6268.0000,8985,-1,116786000.000,1,0,1,双平,S,6267.8000,6265.6000,6265.0000,6262.0000,6251.6000,6271.8000,6273.4000,6275.8000,6283.8000,6291.0000,1,1,3,1,6,2,1,1,1,3
SF,IC2103,2020-08-04 09:31:08.100,6268.0000,8985,0,116786000.000,0,-,-,-,-,6268.0000,6267.8000,6265.6000,6265.0000,6262.0000,6271.8000,6273.4000,6275.8000,6283.8000,6291.0000,1,1,1,3,1,2,1,1,1,3
SF,IC2103,2020-08-04 09:31:08.600,6268.0000,8985,0,116786000.000,0,-,-,-,-,6267.8000,6265.6000,6265.0000,6262.0000,6251.6000,6271.8000,6273.4000,6275.8000,6283.8000,6291.0000,1,1,3,1,6,2,1,1,1,3
SF,IC2103,2020-08-04 09:31:09.600,6268.0000,8985,0,116786000.000,0,-,-,-,-,6267.8000,6265.6000,6265.0000,6262.0000,6251.6000,6271.8000,6273.4000,6275.8000,6283.8000,6291.0000,1,1,3,1,6,1,1,1,1,3
SF,IC2103,2020-08-04 09:31:10.100,6268.0000,8985,0,116786000.000,0,-,-,-,-,6267.8000,6265.6000,6265.0000,6262.0000,6251.6000,6271.8000,6273.4000,6275.8000,6283.8000,6291.0000,1,1,3,1,6,1,1,1,1,3
SF,IC2103,2020-08-04 09:31:10.600,6268.0000,8985,0,116786000.000,0,-,-,-,-,6268.4000,6268.0000,6267.8000,6265.6000,6265.0000,6271.8000,6273.4000,6275.8000,6283.8000,6291.0000,1,2,1,1,3,1,1,1,1,3
SF,IC2103,2020-08-04 09:31:11.100,6268.0000,8985,0,116786000.000,0,-,-,-,-,6268.6000,6268.4000,6268.0000,6267.8000,6267.0000,6273.4000,6275.8000,6283.8000,6291.0000,6292.2000,1,1,1,1,1,1,1,1,3,1
SF,IC2103,2020-08-04 09:31:11.600,6268.0000,8985,0,116786000.000,0,-,-,-,-,6268.8000,6268.6000,6268.0000,6267.8000,6267.0000,6275.8000,6283.8000,6291.0000,6295.0000,6299.0000,2,1,1,1,1,1,1,3,20,4
SF,IC2103,2020-08-04 09:31:12.100,6268.0000,8984,-1,118039600.000,1,0,1,双平,S,6269.4000,6269.0000,6268.8000,6268.0000,6267.8000,6275.2000,6275.6000,6275.8000,6283.8000,6291.0000,1,1,1,1,1,1,2,1,1,3
SF,IC2103,2020-08-04 09:31:12.600,6268.0000,8984,0,118039600.000,0,-,-,-,-,6269.6000,6269.4000,6269.2000,6268.0000,6267.8000,6275.0000,6275.2000,6275.8000,6283.8000,6291.0000,2,2,1,1,1,2,1,1,1,3
SF,IC2103,2020-08-04 09:31:13.100,6268.0000,8984,0,118039600.000,0,-,-,-,-,6269.6000,6269.4000,6269.2000,6268.0000,6267.8000,6275.0000,6275.8000,6283.8000,6291.0000,6295.0000,2,2,1,1,1,2,1,1,3,20
SF,IC2103,2020-08-04 09:31:13.600,6275.0000,8982,-2,120549600.000,2,0,2,双平,S,6269.8000,6269.6000,6269.4000,6269.2000,6268.0000,6283.8000,6291.0000,6295.0000,6299.0000,6307.0000,3,2,2,1,1,1,3,20,4,1
SF,IC2103,2020-08-04 09:31:14.100,6275.0000,8982,0,120549600.000,0,-,-,-,-,6273.0000,6270.8000,6270.2000,6270.0000,6269.8000,6276.6000,6280.0000,6282.6000,6283.4000,6283.6000,1,1,1,3,3,1,1,1,2,1
SF,IC2103,2020-08-04 09:31:14.600,6276.6000,8981,-1,121804920.000,1,0,1,双平,S,6273.2000,6272.0000,6270.8000,6270.6000,6269.8000,6280.0000,6282.6000,6283.4000,6283.6000,6283.8000,3,1,3,1,3,1,1,2,1,1
SF,IC2103,2020-08-04 09:31:15.100,6276.6000,8981,0,121804920.000,0,-,-,-,-,6273.4000,6273.2000,6272.0000,6270.8000,6269.8000,6279.8000,6280.0000,6282.6000,6283.4000,6283.8000,2,2,1,3,2,1,1,1,2,1
SF,IC2103,2020-08-04 09:31:15.600,6276.6000,8981,0,121804920.000,0,-,-,-,-,6273.8000,6273.6000,6273.4000,6272.0000,6270.8000,6279.8000,6280.0000,6282.6000,6283.4000,6283.8000,1,1,1,1,3,1,1,1,2,1
SF,IC2103,2020-08-04 09:31:16.100,6276.6000,8981,0,121804920.000,0,-,-,-,-,6274.0000,6273.8000,6272.0000,6270.8000,6269.8000,6279.6000,6279.8000,6280.0000,6282.6000,6283.4000,2,1,1,3,1,1,1,1,1,2
SF,IC2103,2020-08-04 09:31:16.600,6274.0000,8980,-1,123059720.000,1,0,1,双平,S,6274.0000,6273.8000,6272.0000,6270.8000,6269.8000,6279.4000,6279.6000,6282.6000,6283.4000,6283.8000,1,1,1,3,1,2,1,1,2,1
SF,IC2103,2020-08-04 09:31:17.100,6274.0000,8980,0,123059720.000,0,-,-,-,-,6270.8000,6269.8000,6269.6000,6267.8000,6267.0000,6279.2000,6279.4000,6279.6000,6282.6000,6283.4000,3,1,1,1,1,1,2,1,1,2
SF,IC2103,2020-08-04 09:31:17.600,6274.0000,8980,0,123059720.000,0,-,-,-,-,6271.2000,6271.0000,6270.8000,6269.8000,6267.8000,6279.0000,6279.2000,6279.6000,6282.6000,6283.4000,1,1,2,1,1,4,1,1,1,1
SF,IC2103,2020-08-04 09:31:18.100,6274.0000,8980,0,123059720.000,0,-,-,-,-,6271.4000,6271.2000,6269.8000,6267.8000,6267.0000,6279.0000,6279.2000,6282.6000,6283.4000,6283.8000,1,1,1,1,1,4,1,1,1,1
SF,IC2103,2020-08-04 09:31:18.600,6274.0000,8980,0,123059720.000,0,-,-,-,-,6271.8000,6271.4000,6269.8000,6267.8000,6267.0000,6279.0000,6282.6000,6283.4000,6283.8000,6285.0000,1,2,1,1,1,4,1,1,1,1
SF,IC2103,2020-08-04 09:31:19.100,6274.0000,8980,0,123059720.000,0,-,-,-,-,6272.0000,6271.8000,6271.4000,6269.8000,6268.2000,6275.2000,6279.0000,6282.6000,6283.4000,6283.8000,1,1,1,1,2,1,2,1,1,1
SF,IC2103,2020-08-04 09:31:19.600,6274.0000,8980,0,123059720.000,0,-,-,-,-,6272.0000,6271.8000,6271.4000,6269.8000,6268.2000,6275.2000,6279.0000,6280.6000,6282.6000,6283.4000,1,1,1,1,2,1,2,1,1,1
SF,IC2103,2020-08-04 09:31:20.100,6268.2000,8980,0,129329720.000,5,2,3,多换,S,6273.4000,6268.0000,6267.8000,6267.0000,6265.0000,6273.8000,6275.0000,6275.2000,6279.0000,6280.6000,1,1,1,1,2,1,2,1,1,1
SF,IC2103,2020-08-04 09:31:20.600,6273.4000,8978,-2,133093840.000,3,0,3,多平,S,6268.0000,6267.8000,6267.0000,6265.0000,6262.0000,6275.0000,6275.2000,6279.0000,6280.6000,6282.6000,1,1,1,2,1,2,1,1,1,1
SF,IC2103,2020-08-04 09:31:21.100,6273.4000,8978,0,133093840.000,0,-,-,-,-,6270.4000,6270.0000,6268.8000,6268.2000,6268.0000,6274.8000,6275.0000,6275.2000,6280.6000,6282.6000,1,1,1,1,1,1,2,1,1,1
SF,IC2103,2020-08-04 09:31:21.600,6273.4000,8978,0,133093840.000,0,-,-,-,-,6270.6000,6270.4000,6270.0000,6268.8000,6268.6000,6274.6000,6275.2000,6280.6000,6282.6000,6283.4000,1,1,1,2,1,1,1,1,1,1
SF,IC2103,2020-08-04 09:31:22.100,6273.4000,8978,0,133093840.000,0,-,-,-,-,6272.2000,6272.0000,6270.8000,6270.6000,6270.0000,6275.2000,6280.6000,6282.6000,6283.4000,6283.8000,1,1,1,1,2,1,1,1,1,1
SF,IC2103,2020-08-04 09:31:22.600,6275.2000,8978,0,134348880.000,1,0,1,多换,S,6272.4000,6272.0000,6270.8000,6270.0000,6269.2000,6280.6000,6282.6000,6283.4000,6283.8000,6285.0000,1,1,2,2,1,1,1,1,1,1
SF,IC2103,2020-08-04 09:31:23.100,6275.2000,8978,0,134348880.000,0,-,-,-,-,6272.6000,6272.4000,6272.2000,6272.0000,6270.8000,6280.2000,6280.4000,6280.6000,6282.6000,6283.4000,2,1,1,1,1,2,2,1,1,1
SF,IC2103,2020-08-04 09:31:23.600,6275.2000,8978,0,134348880.000,0,-,-,-,-,6273.2000,6272.8000,6272.6000,6272.4000,6272.0000,6280.0000,6280.2000,6280.6000,6282.6000,6283.4000,1,1,2,1,1,2,2,1,1,1
SF,IC2103,2020-08-04 09:31:24.100,6275.2000,8978,0,134348880.000,0,-,-,-,-,6273.4000,6273.2000,6272.6000,6272.0000,6270.8000,6280.0000,6280.2000,6280.6000,6282.6000,6283.4000,1,1,1,1,2,2,2,1,1,1
SF,IC2103,2020-08-04 09:31:24.600,6275.2000,8978,0,134348880.000,0,-,-,-,-,6273.4000,6273.2000,6272.6000,6272.0000,6270.8000,6279.8000,6280.0000,6280.2000,6280.6000,6282.6000,1,1,1,1,2,2,2,1,1,1
SF,IC2103,2020-08-04 09:31:25.100,6275.2000,8978,0,134348880.000,0,-,-,-,-,6273.4000,6272.6000,6272.4000,6272.0000,6270.8000,6279.6000,6279.8000,6280.6000,6282.6000,6283.4000,1,1,1,1,1,2,3,1,1,1
SF,IC2103,2020-08-04 09:31:25.600,6275.2000,8978,0,134348880.000,0,-,-,-,-,6273.4000,6272.6000,6272.4000,6272.0000,6270.8000,6279.6000,6279.8000,6280.6000,6282.6000,6283.4000,1,1,1,1,1,2,2,1,1,1
SF,IC2103,2020-08-04 09:31:26.100,6275.2000,8978,0,134348880.000,0,-,-,-,-,6274.8000,6273.4000,6272.6000,6272.4000,6272.0000,6279.6000,6279.8000,6282.6000,6283.4000,6283.6000,1,1,1,1,1,2,2,1,1,1
SF,IC2103,2020-08-04 09:31:26.600,6275.2000,8978,0,134348880.000,0,-,-,-,-,6273.4000,6272.4000,6272.0000,6270.8000,6270.0000,6279.4000,6279.6000,6279.8000,6282.6000,6283.4000,1,1,1,1,4,1,2,2,1,1
SF,IC2103,2020-08-04 09:31:27.100,6275.2000,8978,0,134348880.000,0,-,-,-,-,6275.2000,6273.6000,6273.4000,6272.4000,6271.8000,6279.2000,6279.4000,6282.6000,6283.4000,6283.6000,1,3,1,1,1,2,1,1,1,1
SF,IC2103,2020-08-04 09:31:27.600,6275.2000,8978,0,134348880.000,0,-,-,-,-,6275.2000,6273.4000,6272.4000,6271.8000,6270.8000,6279.2000,6279.4000,6282.6000,6283.4000,6283.6000,1,1,1,1,1,1,1,1,1,1
SF,IC2103,2020-08-04 09:31:28.100,6275.2000,8978,0,134348880.000,0,-,-,-,-,6273.4000,6272.4000,6271.8000,6270.8000,6270.0000,6279.2000,6279.4000,6282.6000,6283.4000,6283.6000,1,1,1,1,4,1,1,1,1,1
SF,IC2103,2020-08-04 09:31:28.600,6275.2000,8978,0,134348880.000,0,-,-,-,-,6275.2000,6273.6000,6273.4000,6272.4000,6271.8000,6279.0000,6279.2000,6282.6000,6283.4000,6283.6000,2,1,1,1,1,1,1,1,1,1
SF,IC2103,2020-08-04 09:31:29.100,6275.2000,8978,0,134348880.000,0,-,-,-,-,6275.4000,6275.2000,6273.6000,6272.4000,6271.8000,6278.8000,6283.4000,6283.6000,6283.8000,6285.0000,1,1,1,1,1,1,1,1,1,1
SF,IC2103,2020-08-04 09:31:29.600,6275.2000,8978,0,134348880.000,0,-,-,-,-,6275.4000,6275.2000,6274.4000,6273.6000,6272.4000,6278.8000,6283.4000,6283.6000,6283.8000,6285.0000,1,1,1,1,1,1,1,1,1,1
SF,IC2103,2020-08-04 09:31:30.100,6275.2000,8978,0,134348880.000,0,-,-,-,-,6274.4000,6272.4000,6271.8000,6270.8000,6270.0000,6278.6000,6278.8000,6283.4000,6283.6000,6283.8000,1,1,1,1,4,1,1,1,1,1
SF,IC2103,2020-08-04 09:31:30.600,6275.2000,8978,0,134348880.000,0,-,-,-,-,6275.2000,6274.6000,6272.4000,6271.8000,6270.8000,6278.4000,6278.6000,6283.4000,6283.6000,6283.8000,1,1,1,1,1,1,1,1,1,1
SF,IC2103,2020-08-04 09:31:31.100,6275.2000,8978,0,135603920.000,1,0,1,多换,S,6274.0000,6272.4000,6271.8000,6270.8000,6270.0000,6278.4000,6278.6000,6283.4000,6283.6000,6283.8000,1,1,1,1,3,1,1,1,1,1
SF,IC2103,2020-08-04 09:31:31.600,6275.2000,8978,0,135603920.000,0,-,-,-,-,6275.2000,6274.6000,6274.2000,6274.0000,6272.4000,6278.2000,6278.4000,6278.6000,6283.4000,6283.6000,1,1,1,1,1,1,1,1,1,1
SF,IC2103,2020-08-04 09:31:32.100,6275.2000,8978,0,135603920.000,0,-,-,-,-,6274.0000,6272.4000,6271.8000,6270.8000,6270.0000,6278.0000,6278.2000,6278.6000,6283.4000,6283.6000,1,1,1,1,3,1,1,1,1,1
SF,IC2103,2020-08-04 09:31:32.600,6278.0000,8978,0,138115120.000,2,1,1,多换,S,6274.0000,6272.4000,6271.8000,6270.0000,6269.6000,6277.0000,6278.2000,6278.6000,6283.4000,6283.6000,1,1,1,3,1,1,1,1,1,1
SF,IC2103,2020-08-04 09:31:33.100,6278.0000,8978,0,138115120.000,0,-,-,-,-,6274.8000,6274.2000,6274.0000,6271.8000,6270.0000,6278.2000,6283.4000,6283.6000,6283.8000,6285.0000,1,1,1,1,3,1,1,1,1,1
SF,IC2103,2020-08-04 09:31:33.600,6278.0000,8978,0,138115120.000,0,-,-,-,-,6274.2000,6274.0000,6271.8000,6270.6000,6270.0000,6278.0000,6278.2000,6283.4000,6283.6000,6283.8000,1,1,1,1,3,1,1,1,1,1
SF,IC2103,2020-08-04 09:31:34.100,6278.0000,8978,0,138115120.000,0,-,-,-,-,6275.6000,6274.8000,6274.2000,6274.0000,6271.8000,6278.0000,6278.2000,6283.4000,6283.6000,6283.8000,2,1,1,1,1,1,1,1,1,1
SF,IC2103,2020-08-04 09:31:34.600,6275.6000,8978,0,140625360.000,2,1,1,多换,S,6274.0000,6271.8000,6270.6000,6270.0000,6269.6000,6277.8000,6278.0000,6278.2000,6283.4000,6283.6000,1,1,1,3,1,1,1,1,1,1
SF,IC2103,2020-08-04 09:31:35.100,6275.6000,8978,0,140625360.000,0,-,-,-,-,6274.2000,6274.0000,6271.8000,6270.6000,6270.0000,6277.6000,6277.8000,6278.2000,6283.4000,6283.6000,1,1,1,1,3,1,1,1,1,1
SF,IC2103,2020-08-04 09:31:35.600,6275.6000,8978,0,140625360.000,0,-,-,-,-,6274.2000,6274.0000,6271.8000,6270.6000,6270.0000,6277.8000,6278.2000,6283.4000,6283.6000,6283.8000,1,1,1,1,1,1,1,1,1,1
SF,IC2103,2020-08-04 09:31:36.100,6275.6000,8978,0,140625360.000,0,-,-,-,-,6274.2000,6274.0000,6271.8000,6270.6000,6270.0000,6277.6000,6277.8000,6278.2000,6283.4000,6283.6000,1,1,1,1,1,1,1,1,1,1
SF,IC2103,2020-08-04 09:31:36.600,6275.6000,8978,0,140625360.000,0,-,-,-,-,6274.2000,6274.0000,6271.8000,6270.6000,6270.0000,6277.4000,6277.6000,6277.8000,6278.2000,6283.4000,1,1,1,1,1,1,1,1,1,1
SF,IC2103,2020-08-04 09:31:37.100,6274.0000,8977,-1,143135000.000,2,0,2,多平,S,6274.2000,6271.8000,6270.6000,6270.0000,6269.6000,6277.2000,6277.4000,6277.8000,6278.2000,6283.4000,1,1,1,1,1,1,3,1,1,1
SF,IC2103,2020-08-04 09:31:37.600,6274.0000,8977,0,144389800.000,1,0,1,多换,S,6270.6000,6270.0000,6269.6000,6268.0000,6262.0000,6276.8000,6277.4000,6277.8000,6278.2000,6283.4000,1,1,1,1,1,2,1,1,1,1
SF,IC2103,2020-08-04 09:31:38.100,6274.0000,8977,0,144389800.000,0,-,-,-,-,6270.8000,6270.6000,6270.0000,6269.6000,6268.0000,6275.2000,6276.6000,6276.8000,6277.4000,6277.8000,1,1,1,1,1,1,3,2,1,1
SF,IC2103,2020-08-04 09:31:38.600,6274.0000,8977,0,144389800.000,0,-,-,-,-,6268.0000,6262.0000,6260.0000,6251.6000,6251.0000,6274.8000,6275.0000,6275.2000,6276.6000,6277.4000,1,1,4,6,1,2,1,1,2,1
SF,IC2103,2020-08-04 09:31:39.100,6274.0000,8977,0,144389800.000,0,-,-,-,-,6268.4000,6268.2000,6268.0000,6262.0000,6260.0000,6274.4000,6274.6000,6274.8000,6275.2000,6277.4000,1,1,1,1,4,1,2,2,1,1
SF,IC2103,2020-08-04 09:31:39.600,6274.0000,8977,0,144389800.000,0,-,-,-,-,6268.6000,6268.4000,6268.0000,6262.0000,6260.0000,6274.0000,6274.2000,6274.4000,6275.2000,6277.4000,1,1,1,1,4,2,3,1,1,1
SF,IC2103,2020-08-04 09:31:40.100,6274.0000,8977,0,144389800.000,0,-,-,-,-,6263.2000,6262.0000,6260.0000,6251.6000,6251.0000,6273.6000,6273.8000,6274.0000,6274.2000,6275.2000,1,1,4,6,1,1,2,2,2,1
SF,IC2103,2020-08-04 09:31:40.600,6274.0000,8977,0,145644600.000,1,0,1,多换,S,6267.2000,6263.6000,6263.4000,6263.2000,6262.0000,6273.2000,6273.4000,6273.6000,6274.2000,6275.2000,1,1,2,1,1,2,4,1,1,1
SF,IC2103,2020-08-04 09:31:41.100,6274.0000,8977,0,145644600.000,0,-,-,-,-,6265.2000,6263.6000,6263.4000,6263.2000,6262.0000,6267.2000,6272.0000,6272.8000,6273.0000,6273.2000,1,1,2,1,1,1,1,1,2,2
SF,IC2103,2020-08-04 09:31:41.600,6274.0000,8977,0,145644600.000,0,-,-,-,-,6265.4000,6265.2000,6263.6000,6263.4000,6263.2000,6272.0000,6272.8000,6273.0000,6273.2000,6274.2000,1,1,1,1,1,1,1,2,2,1
SF,IC2103,2020-08-04 09:31:42.100,6274.0000,8977,0,145644600.000,0,-,-,-,-,6265.2000,6263.6000,6263.4000,6263.2000,6262.0000,6271.6000,6271.8000,6272.0000,6274.2000,6276.0000,1,1,1,1,1,2,3,1,1,1
SF,IC2103,2020-08-04 09:31:42.600,6274.0000,8977,0,145644600.000,0,-,-,-,-,6265.2000,6263.6000,6263.4000,6263.2000,6262.0000,6271.4000,6271.6000,6272.0000,6274.2000,6276.0000,1,1,1,1,1,3,2,1,1,1
SF,IC2103,2020-08-04 09:31:43.100,6274.0000,8977,0,145644600.000,0,-,-,-,-,6265.2000,6263.6000,6263.4000,6263.2000,6262.0000,6271.0000,6271.4000,6272.0000,6274.2000,6276.0000,1,1,1,1,1,2,3,1,1,1
SF,IC2103,2020-08-04 09:31:43.600,6265.4000,8977,0,146897680.000,1,0,1,多换,S,6263.6000,6263.4000,6263.2000,6262.0000,6260.0000,6270.8000,6271.0000,6271.4000,6272.0000,6272.8000,1,1,1,1,4,2,2,1,1,1
SF,IC2103,2020-08-04 09:31:44.100,6265.4000,8977,0,146897680.000,0,-,-,-,-,6265.4000,6263.8000,6263.4000,6263.2000,6262.0000,6270.4000,6270.8000,6271.4000,6272.0000,6272.8000,1,1,1,1,1,2,2,1,1,1
SF,IC2103,2020-08-04 09:31:44.600,6265.4000,8977,0,146897680.000,0,-,-,-,-,6263.8000,6263.4000,6263.2000,6262.0000,6260.0000,6270.2000,6270.4000,6270.8000,6271.4000,6272.0000,2,1,1,1,4,1,2,1,1,1
SF,IC2103,2020-08-04 09:31:45.100,6265.4000,8977,0,146897680.000,0,-,-,-,-,6263.8000,6263.4000,6263.2000,6262.0000,6260.0000,6269.8000,6270.0000,6270.2000,6271.4000,6272.0000,2,1,1,1,4,2,1,1,1,1
SF,IC2103,2020-08-04 09:31:45.600,6265.4000,8977,0,146897680.000,0,-,-,-,-,6265.4000,6263.8000,6263.4000,6263.2000,6262.0000,6269.6000,6269.8000,6271.4000,6272.0000,6274.2000,1,2,1,1,1,2,2,1,1,1
SF,IC2103,2020-08-04 09:31:46.100,6265.4000,8977,0,146897680.000,0,-,-,-,-,6265.4000,6264.2000,6263.8000,6263.4000,6263.2000,6269.2000,6269.6000,6269.8000,6271.4000,6272.0000,1,1,1,1,1,1,1,1,1,1
SF,IC2103,2020-08-04 09:31:46.600,6265.4000,8977,0,146897680.000,0,-,-,-,-,6265.4000,6263.8000,6263.4000,6263.2000,6262.0000,6269.0000,6269.2000,6269.8000,6271.4000,6272.0000,1,1,1,1,1,1,1,1,1,1
SF,IC2103,2020-08-04 09:31:47.600,6269.0000,8976,-1,148151480.000,1,0,1,双平,S,6265.4000,6263.8000,6263.4000,6263.2000,6262.0000,6269.8000,6271.4000,6272.0000,6274.2000,6276.0000,1,1,1,1,1,1,1,1,1,1
SF,IC2103,2020-08-04 09:31:48.100,6269.0000,8976,0,148151480.000,0,-,-,-,-,6266.0000,6265.6000,6265.4000,6263.4000,6263.2000,6271.4000,6274.2000,6276.0000,6277.4000,6283.8000,1,1,1,1,1,1,1,1,1,1
SF,IC2103,2020-08-04 09:31:48.600,6269.0000,8976,0,148151480.000,0,-,-,-,-,6266.8000,6266.2000,6266.0000,6265.4000,6263.4000,6271.2000,6274.2000,6276.0000,6283.8000,6285.0000,1,2,1,1,1,1,1,1,1,1
SF,IC2103,2020-08-04 09:31:49.100,6269.0000,8976,0,148151480.000,0,-,-,-,-,6267.8000,6267.2000,6267.0000,6266.4000,6266.0000,6279.2000,6283.8000,6285.0000,6291.0000,6295.0000,1,2,2,1,1,1,1,1,3,20
SF,IC2103,2020-08-04 09:31:49.600,6269.0000,8976,0,148151480.000,0,-,-,-,-,6268.0000,6267.0000,6266.8000,6266.0000,6265.4000,6275.2000,6278.8000,6279.0000,6279.2000,6283.8000,2,1,1,1,1,1,3,2,1,1
SF,IC2103,2020-08-04 09:31:50.100,6269.0000,8976,0,148151480.000,0,-,-,-,-,6268.2000,6268.0000,6267.0000,6266.8000,6266.0000,6274.8000,6275.0000,6275.2000,6278.8000,6279.2000,1,2,1,1,1,1,2,1,3,1
SF,IC2103,2020-08-04 09:31:50.600,6269.0000,8976,0,148151480.000,0,-,-,-,-,6268.4000,6268.2000,6268.0000,6266.8000,6265.4000,6274.6000,6274.8000,6278.8000,6279.2000,6283.8000,1,1,1,1,1,3,1,2,1,1
SF,IC2103,2020-08-04 09:31:51.100,6269.0000,8976,0,148151480.000,0,-,-,-,-,6268.4000,6268.2000,6268.0000,6265.4000,6263.4000,6274.2000,6274.6000,6278.8000,6279.2000,6283.8000,1,1,1,1,1,1,3,2,1,1
SF,IC2103,2020-08-04 09:31:51.600,6269.0000,8976,0,148151480.000,0,-,-,-,-,6270.0000,6268.8000,6268.6000,6268.0000,6267.8000,6274.0000,6274.2000,6274.6000,6278.8000,6279.2000,1,1,1,1,1,3,1,1,2,1
SF,IC2103,2020-08-04 09:31:52.100,6269.0000,8976,0,148151480.000,0,-,-,-,-,6268.4000,6268.0000,6267.8000,6265.4000,6262.0000,6273.8000,6274.0000,6274.6000,6278.8000,6279.2000,1,1,1,1,1,1,2,1,2,1
SF,IC2103,2020-08-04 09:31:52.600,6269.0000,8976,0,148151480.000,0,-,-,-,-,6268.0000,6267.8000,6265.4000,6262.0000,6260.0000,6273.6000,6273.8000,6274.0000,6274.6000,6278.8000,1,1,1,1,4,3,1,1,1,2
SF,IC2103,2020-08-04 09:31:53.100,6269.0000,8976,0,148151480.000,0,-,-,-,-,6268.2000,6267.8000,6265.4000,6262.0000,6260.0000,6273.2000,6273.6000,6274.0000,6274.6000,6278.8000,1,1,1,1,4,1,3,1,1,2
SF,IC2103,2020-08-04 09:31:53.600,6269.0000,8976,0,148151480.000,0,-,-,-,-,6270.0000,6268.4000,6268.2000,6267.8000,6265.4000,6273.0000,6273.2000,6273.6000,6274.0000,6274.6000,1,1,1,1,1,1,1,2,1,1
SF,IC2103,2020-08-04 09:31:54.100,6269.0000,8976,0,149405280.000,1,0,1,多换,S,6270.0000,6267.8000,6265.4000,6262.0000,6260.0000,6273.0000,6273.2000,6273.6000,6274.0000,6274.6000,1,1,1,1,4,1,1,1,1,1
SF,IC2103,2020-08-04 09:31:54.600,6273.0000,8975,-1,150659880.000,1,0,1,双平,S,6270.4000,6270.2000,6270.0000,6267.8000,6265.4000,6273.6000,6274.0000,6274.6000,6278.8000,6279.2000,1,1,1,1,1,1,1,1,2,1
SF,IC2103,2020-08-04 09:31:55.100,6274.0000,8972,-3,154423520.000,3,0,3,双平,S,6270.6000,6270.4000,6270.0000,6267.8000,6265.4000,6278.8000,6279.2000,6283.8000,6291.0000,6295.0000,1,1,1,1,1,2,1,1,3,20
SF,IC2103,2020-08-04 09:31:55.600,6274.0000,8972,0,154423520.000,0,-,-,-,-,6270.8000,6270.4000,6270.0000,6267.8000,6265.4000,6278.4000,6278.6000,6278.8000,6279.2000,6283.8000,1,1,3,1,1,2,3,2,1,1
SF,IC2103,2020-08-04 09:31:56.100,6274.0000,8972,0,154423520.000,0,-,-,-,-,6270.8000,6270.4000,6270.0000,6267.8000,6265.4000,6275.2000,6278.0000,6278.2000,6278.4000,6278.6000,2,1,3,1,1,1,1,2,2,1
SF,IC2103,2020-08-04 09:31:56.600,6274.0000,8972,0,154423520.000,0,-,-,-,-,6271.0000,6270.4000,6270.0000,6267.8000,6265.4000,6275.0000,6278.0000,6278.2000,6278.4000,6278.6000,1,1,3,1,1,1,1,1,2,1
SF,IC2103,2020-08-04 09:31:58.100,6274.0000,8972,0,154423520.000,0,-,-,-,-,6270.4000,6270.0000,6267.8000,6265.4000,6262.0000,6275.0000,6278.0000,6278.2000,6278.4000,6278.6000,1,3,1,1,1,1,1,1,2,1
SF,IC2103,2020-08-04 09:31:58.600,6274.0000,8972,0,154423520.000,0,-,-,-,-,6270.6000,6270.4000,6270.0000,6267.8000,6265.4000,6274.2000,6274.8000,6275.0000,6278.0000,6278.2000,1,1,3,1,1,1,1,1,1,1
SF,IC2103,2020-08-04 09:31:59.100,6270.8000,8972,0,156931840.000,2,1,1,多换,S,6270.6000,6270.4000,6270.0000,6267.8000,6265.4000,6274.0000,6274.8000,6278.0000,6278.2000,6278.4000,1,1,3,1,1,1,1,1,1,2
SF,IC2103,2020-08-04 09:31:59.600,6270.8000,8972,0,156931840.000,0,-,-,-,-,6270.6000,6270.4000,6270.0000,6267.8000,6267.4000,6274.0000,6274.8000,6278.0000,6278.2000,6278.4000,1,1,3,1,1,1,1,1,1,2
SF,IC2103,2020-08-04 09:32:00.100,6270.4000,8972,0,158185920.000,1,0,1,多换,S,6270.0000,6267.8000,6267.4000,6265.4000,6262.0000,6274.0000,6274.8000,6278.0000,6278.2000,6278.4000,2,1,1,1,1,1,1,1,1,1
SF,IC2103,2020-08-04 09:32:00.600,6274.0000,8971,-1,159440720.000,1,0,1,双平,S,6270.2000,6270.0000,6267.8000,6267.4000,6265.4000,6274.0000,6278.0000,6278.2000,6278.4000,6278.8000,1,3,1,1,1,1,1,1,1,1
SF,IC2103,2020-08-04 09:32:01.100,6274.0000,8971,0,159440720.000,0,-,-,-,-,6270.4000,6270.2000,6270.0000,6267.8000,6267.4000,6274.0000,6278.0000,6278.2000,6278.4000,6278.8000,2,2,3,1,1,1,1,1,1,1
SF,IC2103,2020-08-04 09:32:01.600,6274.0000,8970,-1,160695520.000,1,0,1,双平,S,6270.6000,6270.4000,6270.2000,6270.0000,6267.8000,6278.0000,6278.2000,6278.4000,6278.8000,6279.2000,1,2,1,3,1,1,1,1,1,1
SF,IC2103,2020-08-04 09:32:02.100,6274.0000,8970,0,160695520.000,0,-,-,-,-,6270.8000,6270.6000,6270.4000,6270.2000,6270.0000,6275.2000,6277.6000,6277.8000,6278.0000,6278.8000,1,1,1,1,3,1,1,2,1,1
SF,IC2103,2020-08-04 09:32:02.600,6274.0000,8970,0,160695520.000,0,-,-,-,-,6271.0000,6270.8000,6270.6000,6270.2000,6270.0000,6277.6000,6277.8000,6278.0000,6278.8000,6279.2000,1,2,1,1,3,2,2,1,1,1
SF,IC2103,2020-08-04 09:32:03.100,6277.4000,8970,0,161951000.000,1,0,1,多换,S,6271.2000,6271.0000,6270.8000,6270.6000,6270.0000,6277.4000,6277.6000,6278.0000,6278.8000,6279.2000,1,2,2,1,3,2,2,1,1,1
SF,IC2103,2020-08-04 09:32:03.600,6271.2000,8969,-1,163205240.000,1,0,1,双平,S,6271.0000,6270.8000,6270.0000,6267.8000,6267.4000,6277.0000,6277.2000,6277.4000,6278.0000,6278.8000,2,1,3,1,1,1,1,2,1,1
SF,IC2103,2020-08-04 09:32:04.100,6271.2000,8969,0,163205240.000,0,-,-,-,-,6270.8000,6270.0000,6267.8000,6267.4000,6265.0000,6276.8000,6277.0000,6278.0000,6278.8000,6279.2000,1,3,1,1,1,2,1,1,1,1
SF,IC2103,2020-08-04 09:32:04.600,6271.2000,8969,0,163205240.000,0,-,-,-,-,6270.0000,6267.8000,6267.4000,6265.0000,6262.0000,6276.4000,6276.8000,6278.0000,6278.8000,6279.2000,3,1,1,1,1,2,2,1,1,1
SF,IC2103,2020-08-04 09:32:05.100,6271.2000,8969,0,163205240.000,0,-,-,-,-,6270.4000,6270.2000,6270.0000,6267.4000,6265.0000,6276.2000,6276.4000,6278.0000,6278.8000,6279.2000,1,1,2,1,1,2,2,1,1,1
SF,IC2103,2020-08-04 09:32:05.600,6271.2000,8969,0,163205240.000,0,-,-,-,-,6270.6000,6270.0000,6267.4000,6265.0000,6264.8000,6275.2000,6275.8000,6276.0000,6276.2000,6276.4000,1,2,1,1,1,1,1,1,2,1
SF,IC2103,2020-08-04 09:32:06.100,6270.6000,8969,0,164459360.000,1,0,1,多换,S,6270.0000,6265.0000,6264.8000,6262.0000,6260.0000,6275.0000,6275.8000,6276.0000,6276.2000,6276.4000,2,1,1,1,4,1,1,1,1,1
SF,IC2103,2020-08-04 09:32:06.600,6270.2000,8968,-1,165713400.000,1,0,1,双平,S,6270.2000,6270.0000,6265.0000,6264.8000,6262.0000,6275.0000,6275.8000,6276.2000,6278.0000,6278.8000,1,3,1,1,1,1,1,1,1,1
SF,IC2103,2020-08-04 09:32:07.100,6270.2000,8968,0,165713400.000,0,-,-,-,-,6270.2000,6270.0000,6265.0000,6264.8000,6262.0000,6275.0000,6275.8000,6276.2000,6278.0000,6278.8000,1,3,1,1,1,1,1,1,1,1
SF,IC2103,2020-08-04 09:32:07.600,6270.2000,8968,0,165713400.000,0,-,-,-,-,6270.0000,6265.0000,6264.8000,6262.0000,6260.0000,6275.0000,6275.8000,6276.2000,6278.0000,6278.8000,3,1,1,1,4,1,1,1,1,1
SF,IC2103,2020-08-04 09:32:08.100,6270.2000,8968,0,165713400.000,0,-,-,-,-,6270.0000,6265.0000,6264.8000,6262.0000,6260.0000,6273.2000,6274.8000,6275.0000,6275.8000,6276.2000,3,1,1,1,4,1,1,1,1,1
SF,IC2103,2020-08-04 09:32:08.600,6270.2000,8968,0,165713400.000,0,-,-,-,-,6270.0000,6265.0000,6264.8000,6262.0000,6260.0000,6273.0000,6273.2000,6274.8000,6276.2000,6278.0000,3,1,1,1,4,1,1,3,1,1
SF,IC2103,2020-08-04 09:32:09.100,6270.0000,8968,0,168221400.000,2,1,1,多换,S,6265.0000,6264.8000,6262.0000,6260.0000,6251.6000,6272.8000,6274.8000,6276.2000,6278.0000,6278.8000,1,1,1,4,6,1,2,1,1,1
SF,IC2103,2020-08-04 09:32:09.600,6270.0000,8968,0,168221400.000,0,-,-,-,-,6268.2000,6265.4000,6265.2000,6265.0000,6264.8000,6272.6000,6272.8000,6278.0000,6278.8000,6279.2000,1,1,1,1,1,3,2,1,1,1
SF,IC2103,2020-08-04 09:32:10.100,6270.0000,8968,0,168221400.000,0,-,-,-,-,6265.4000,6265.0000,6264.8000,6262.0000,6260.0000,6272.2000,6272.6000,6272.8000,6278.0000,6278.8000,1,1,1,1,4,1,1,1,1,1
SF,IC2103,2020-08-04 09:32:10.600,6270.0000,8968,0,168221400.000,0,-,-,-,-,6265.6000,6265.4000,6265.0000,6262.0000,6261.2000,6272.0000,6272.2000,6276.0000,6278.8000,6283.8000,2,1,1,1,1,4,1,1,1,1
SF,IC2103,2020-08-04 09:32:11.100,6270.0000,8968,0,168221400.000,0,-,-,-,-,6265.6000,6265.0000,6262.0000,6261.2000,6260.0000,6271.6000,6272.0000,6276.0000,6278.8000,6283.8000,2,1,1,1,4,1,4,1,1,1
SF,IC2103,2020-08-04 09:32:11.600,6270.0000,8968,0,168221400.000,0,-,-,-,-,6265.0000,6262.0000,6261.2000,6260.0000,6251.6000,6271.4000,6271.6000,6271.8000,6272.0000,6276.0000,1,1,1,4,6,3,1,1,1,1
SF,IC2103,2020-08-04 09:32:12.100,6270.0000,8968,0,168221400.000,0,-,-,-,-,6265.2000,6265.0000,6262.0000,6261.2000,6260.0000,6271.0000,6271.4000,6272.0000,6276.0000,6278.8000,3,1,1,1,4,1,3,1,1,1
SF,IC2103,2020-08-04 09:32:12.600,6270.0000,8968,0,168221400.000,0,-,-,-,-,6265.2000,6265.0000,6262.0000,6261.2000,6260.0000,6270.8000,6271.0000,6271.4000,6272.0000,6276.0000,2,1,1,1,4,2,1,1,1,1
SF,IC2103,2020-08-04 09:32:13.100,6270.0000,8968,0,168221400.000,0,-,-,-,-,6265.0000,6262.0000,6261.2000,6260.0000,6251.6000,6268.8000,6270.4000,6270.6000,6270.8000,6272.4000,1,2,1,4,6,1,1,2,2,1
SF,IC2103,2020-08-04 09:32:13.600,6270.0000,8968,0,168221400.000,0,-,-,-,-,6265.0000,6262.0000,6261.2000,6260.0000,6251.6000,6268.4000,6268.6000,6268.8000,6270.6000,6270.8000,1,2,1,4,6,1,1,1,2,1
SF,IC2103,2020-08-04 09:32:14.100,6265.0000,8968,0,169474400.000,1,0,1,多换,S,6262.0000,6261.2000,6260.0000,6251.6000,6251.0000,6268.4000,6268.6000,6268.8000,6270.6000,6270.8000,2,1,4,6,2,1,1,1,2,1
SF,IC2103,2020-08-04 09:32:14.600,6265.0000,8968,0,169474400.000,0,-,-,-,-,6262.0000,6261.2000,6260.0000,6251.6000,6251.0000,6268.2000,6268.4000,6268.8000,6270.6000,6272.4000,2,1,4,6,2,3,1,1,1,1
SF,IC2103,2020-08-04 09:32:15.100,6265.0000,8968,0,169474400.000,0,-,-,-,-,6262.0000,6260.0000,6257.8000,6251.6000,6251.0000,6267.8000,6268.0000,6268.2000,6268.8000,6270.6000,2,4,1,6,2,1,1,4,1,1
SF,IC2103,2020-08-04 09:32:15.600,6265.0000,8968,0,169474400.000,0,-,-,-,-,6262.2000,6262.0000,6260.0000,6257.8000,6251.6000,6265.6000,6267.4000,6267.6000,6267.8000,6268.0000,1,2,4,1,6,1,1,2,1,1
SF,IC2103,2020-08-04 09:32:16.100,6265.0000,8968,0,169474400.000,0,-,-,-,-,6262.4000,6262.0000,6260.0000,6257.8000,6251.6000,6265.2000,6265.4000,6267.4000,6267.6000,6268.0000,1,2,4,1,6,1,1,1,1,3
SF,IC2103,2020-08-04 09:32:16.600,6262.0000,8967,-1,173231680.000,3,1,2,多平,S,6260.0000,6257.8000,6251.6000,6251.0000,6240.0000,6262.2000,6263.8000,6265.0000,6265.2000,6267.4000,4,1,6,2,1,1,1,2,1,1
SF,IC2103,2020-08-04 09:32:17.100,6262.0000,8966,-1,180744880.000,6,2,4,多平,S,6260.0000,6257.8000,6251.6000,6251.0000,6240.0000,6265.0000,6265.2000,6267.4000,6267.6000,6268.0000,1,1,6,2,1,1,1,1,1,3
SF,IC2103,2020-08-04 09:32:17.600,6262.0000,8966,0,180744880.000,0,-,-,-,-,6260.0000,6257.8000,6251.6000,6251.0000,6240.0000,6264.6000,6264.8000,6265.0000,6267.4000,6267.6000,1,1,6,2,1,1,1,1,1,1
SF,IC2103,2020-08-04 09:32:18.100,6260.0000,8966,0,181996880.000,1,0,1,多换,S,6257.8000,6251.6000,6251.0000,6240.0000,6226.0000,6264.4000,6264.6000,6264.8000,6265.0000,6267.6000,1,6,2,1,2,1,1,1,1,1
SF,IC2103,2020-08-04 09:32:18.600,6260.0000,8966,0,181996880.000,0,-,-,-,-,6260.2000,6259.2000,6258.0000,6257.8000,6251.6000,6264.0000,6264.2000,6264.4000,6268.0000,6269.0000,1,1,2,1,6,2,1,1,3,1
SF,IC2103,2020-08-04 09:32:19.100,6260.0000,8966,0,181996880.000,0,-,-,-,-,6260.2000,6259.4000,6258.0000,6257.8000,6251.6000,6263.8000,6264.0000,6268.0000,6269.0000,6278.8000,1,1,2,1,6,1,1,2,1,1
SF,IC2103,2020-08-04 09:32:19.600,6263.8000,8965,-1,183249640.000,1,0,1,双平,S,6260.4000,6260.2000,6259.4000,6258.0000,6257.8000,6268.0000,6269.0000,6278.8000,6283.8000,6291.0000,2,1,1,1,1,2,1,1,1,3
SF,IC2103,2020-08-04 09:32:20.100,6263.8000,8965,0,183249640.000,0,-,-,-,-,6260.8000,6260.4000,6260.2000,6259.4000,6257.8000,6267.6000,6267.8000,6268.0000,6269.0000,6278.8000,1,3,1,1,1,1,2,2,1,1
SF,IC2103,2020-08-04 09:32:20.600,6263.8000,8965,0,183249640.000,0,-,-,-,-,6261.0000,6260.8000,6260.4000,6259.4000,6257.8000,6267.4000,6267.6000,6267.8000,6268.0000,6269.0000,1,2,1,1,1,4,1,1,2,1
SF,IC2103,2020-08-04 09:32:21.100,6263.8000,8965,0,183249640.000,0,-,-,-,-,6261.0000,6260.4000,6259.4000,6257.8000,6257.0000,6267.0000,6267.4000,6268.0000,6269.0000,6278.8000,1,1,1,1,1,1,4,2,1,1
SF,IC2103,2020-08-04 09:32:21.600,6263.8000,8965,0,183249640.000,0,-,-,-,-,6263.4000,6261.8000,6261.4000,6261.0000,6260.4000,6266.8000,6267.0000,6267.4000,6268.0000,6269.0000,1,1,1,1,1,2,1,2,2,1
SF,IC2103,2020-08-04 09:32:22.100,6263.8000,8965,0,183249640.000,0,-,-,-,-,6263.4000,6262.0000,6261.0000,6260.4000,6257.8000,6266.8000,6267.0000,6267.4000,6268.0000,6269.0000,1,1,1,1,1,1,1,2,2,1
SF,IC2103,2020-08-04 09:32:22.600,6263.8000,8965,0,183249640.000,0,-,-,-,-,6263.6000,6263.4000,6262.0000,6260.4000,6257.8000,6266.8000,6267.0000,6267.4000,6268.0000,6272.4000,3,1,1,1,1,1,1,1,2,1
SF,IC2103,2020-08-04 09:32:23.100,6267.4000,8964,-1,184503120.000,1,0,1,双平,S,6264.0000,6263.6000,6263.4000,6262.0000,6261.0000,6268.0000,6272.4000,6278.8000,6283.8000,6291.0000,1,3,1,1,1,2,1,1,1,3
SF,IC2103,2020-08-04 09:32:23.600,6268.0000,8964,0,187010320.000,2,1,1,多换,S,6264.4000,6264.2000,6264.0000,6263.6000,6263.4000,6272.4000,6278.8000,6283.8000,6291.0000,6295.0000,1,1,1,1,1,1,1,1,3,20
SF,IC2103,2020-08-04 09:32:24.100,6268.0000,8964,0,187010320.000,0,-,-,-,-,6264.8000,6264.6000,6264.4000,6264.0000,6263.6000,6272.0000,6272.2000,6275.4000,6278.8000,6283.8000,1,2,2,1,1,1,2,1,1,1
SF,IC2103,2020-08-04 09:32:24.600,6268.0000,8964,0,187010320.000,0,-,-,-,-,6265.2000,6265.0000,6264.8000,6264.4000,6263.4000,6271.8000,6272.0000,6275.4000,6278.8000,6283.8000,1,1,1,1,1,3,2,1,1,1
SF,IC2103,2020-08-04 09:32:25.100,6268.0000,8964,0,187010320.000,0,-,-,-,-,6265.6000,6265.0000,6264.4000,6263.4000,6261.0000,6268.0000,6271.4000,6271.8000,6272.0000,6275.4000,1,1,1,1,1,1,1,4,1,1
SF,IC2103,2020-08-04 09:32:25.600,6268.0000,8964,0,187010320.000,0,-,-,-,-,6265.6000,6264.4000,6263.4000,6261.0000,6260.4000,6271.4000,6271.8000,6272.0000,6275.4000,6278.8000,1,1,1,1,1,1,3,1,1,1
SF,IC2103,2020-08-04 09:32:26.100,6268.0000,8964,0,187010320.000,0,-,-,-,-,6265.6000,6264.4000,6263.4000,6261.0000,6260.4000,6271.2000,6271.4000,6271.8000,6272.0000,6275.4000,1,1,1,1,1,3,1,1,1,1
SF,IC2103,2020-08-04 09:32:26.600,6268.0000,8964,0,187010320.000,0,-,-,-,-,6264.4000,6263.4000,6261.0000,6260.4000,6257.0000,6270.8000,6271.2000,6271.8000,6272.0000,6275.4000,1,1,1,1,1,1,3,1,1,1
SF,IC2103,2020-08-04 09:32:27.100,6268.0000,8964,0,187010320.000,0,-,-,-,-,6263.4000,6261.0000,6260.4000,6257.0000,6251.6000,6270.6000,6270.8000,6271.0000,6271.2000,6271.8000,1,1,1,1,6,3,1,1,1,1
SF,IC2103,2020-08-04 09:32:27.600,6268.0000,8964,0,187010320.000,0,-,-,-,-,6263.4000,6261.0000,6260.4000,6257.0000,6251.6000,6268.8000,6270.2000,6270.6000,6271.2000,6271.8000,1,1,1,1,6,1,1,4,1,1
SF,IC2103,2020-08-04 09:32:28.100,6268.0000,8964,0,187010320.000,0,-,-,-,-,6257.6000,6257.0000,6251.6000,6251.0000,6240.0000,6263.4000,6268.4000,6268.6000,6268.8000,6270.2000,1,1,6,2,1,1,1,2,1,1
SF,IC2103,2020-08-04 09:32:28.600,6263.4000,8963,-1,189515680.000,2,0,2,多平,S,6263.2000,6260.4000,6258.0000,6257.8000,6257.6000,6268.4000,6268.6000,6268.8000,6269.2000,6270.6000,1,1,2,1,1,1,2,1,1,1
SF,IC2103,2020-08-04 09:32:29.100,6263.2000,8962,-1,190768320.000,1,0,1,双平,S,6259.4000,6259.2000,6258.0000,6257.6000,6251.6000,6265.6000,6268.0000,6268.2000,6268.4000,6269.2000,2,1,3,1,6,1,1,1,1,1
SF,IC2103,2020-08-04 09:32:29.600,6263.2000,8962,0,190768320.000,0,-,-,-,-,6259.6000,6259.4000,6258.0000,6257.6000,6251.6000,6263.0000,6265.2000,6265.4000,6268.0000,6269.2000,2,2,1,1,6,1,1,1,2,1
SF,IC2103,2020-08-04 09:32:30.100,6263.0000,8961,-1,192020920.000,1,0,1,双平,S,6259.8000,6259.6000,6259.4000,6258.0000,6257.6000,6265.2000,6268.0000,6269.2000,6270.6000,6271.2000,2,1,2,1,1,1,1,1,1,1
SF,IC2103,2020-08-04 09:32:30.600,6263.0000,8961,0,192020920.000,0,-,-,-,-,6260.8000,6260.2000,6260.0000,6259.8000,6258.0000,6265.0000,6265.2000,6268.0000,6269.2000,6270.6000,2,1,2,2,1,1,1,1,1,1
SF,IC2103,2020-08-04 09:32:31.100,6263.0000,8961,0,192020920.000,0,-,-,-,-,6260.8000,6260.4000,6260.2000,6260.0000,6258.0000,6265.0000,6265.2000,6268.0000,6269.2000,6270.6000,2,1,1,2,1,1,1,1,1,1
SF,IC2103,2020-08-04 09:32:31.600,6263.0000,8961,0,192020920.000,0,-,-,-,-,6261.0000,6260.8000,6260.4000,6260.2000,6260.0000,6264.8000,6265.0000,6265.2000,6268.0000,6269.2000,1,2,1,1,1,1,1,1,1,1
SF,IC2103,2020-08-04 09:32:32.100,6263.0000,8961,0,192020920.000,0,-,-,-,-,6260.2000,6260.0000,6258.0000,6257.6000,6251.6000,6264.6000,6264.8000,6268.0000,6269.2000,6270.6000,1,1,1,1,6,1,2,1,1,1
SF,IC2103,2020-08-04 09:32:32.600,6263.0000,8961,0,192020920.000,0,-,-,-,-,6258.0000,6257.6000,6251.6000,6251.0000,6240.0000,6264.2000,6264.4000,6264.6000,6264.8000,6268.0000,1,1,6,2,1,1,1,1,1,1
SF,IC2103,2020-08-04 09:32:33.100,6263.0000,8961,0,192020920.000,0,-,-,-,-,6258.2000,6257.6000,6254.8000,6251.6000,6251.0000,6264.0000,6264.2000,6264.4000,6264.8000,6268.0000,2,1,2,6,2,2,1,1,1,1
SF,IC2103,2020-08-04 09:32:33.600,6263.0000,8961,0,192020920.000,0,-,-,-,-,6258.2000,6257.6000,6254.8000,6251.6000,6251.0000,6260.6000,6263.6000,6264.0000,6264.4000,6264.8000,3,1,2,6,2,1,1,2,1,1
SF,IC2103,2020-08-04 09:32:34.100,6258.4000,8960,-1,193272600.000,1,0,1,双平,S,6258.2000,6257.6000,6254.8000,6251.6000,6251.0000,6263.6000,6264.0000,6264.4000,6264.8000,6268.0000,3,1,2,6,2,1,2,1,1,1
SF,IC2103,2020-08-04 09:32:34.600,6258.4000,8960,0,193272600.000,0,-,-,-,-,6258.2000,6257.6000,6254.8000,6251.6000,6251.0000,6263.4000,6263.6000,6264.4000,6264.8000,6268.0000,2,1,2,6,2,2,1,1,1,1
SF,IC2103,2020-08-04 09:32:35.100,6258.4000,8960,0,193272600.000,0,-,-,-,-,6258.2000,6257.6000,6254.8000,6251.6000,6251.0000,6263.0000,6263.4000,6264.4000,6264.8000,6268.0000,2,1,2,6,2,1,2,1,1,1
SF,IC2103,2020-08-04 09:32:35.600,6258.4000,8960,0,193272600.000,0,-,-,-,-,6257.6000,6254.8000,6251.6000,6251.0000,6240.0000,6262.8000,6263.0000,6263.2000,6263.4000,6264.4000,1,2,6,2,1,1,1,1,1,1
SF,IC2103,2020-08-04 09:32:36.100,6258.4000,8960,0,193272600.000,0,-,-,-,-,6253.8000,6251.6000,6251.0000,6240.0000,6226.0000,6262.4000,6262.6000,6262.8000,6264.4000,6264.8000,1,6,2,1,2,1,1,1,1,1
SF,IC2103,2020-08-04 09:32:36.600,6258.4000,8960,0,193272600.000,0,-,-,-,-,6254.4000,6254.2000,6254.0000,6253.8000,6251.6000,6262.2000,6262.4000,6264.4000,6264.8000,6266.0000,1,1,1,1,6,5,2,1,1,1
SF,IC2103,2020-08-04 09:32:37.100,6258.4000,8960,0,193272600.000,0,-,-,-,-,6260.0000,6256.8000,6254.8000,6254.6000,6254.4000,6261.8000,6262.2000,6262.4000,6264.4000,6264.8000,2,1,1,1,1,1,4,1,1,1
SF,IC2103,2020-08-04 09:32:37.600,6260.0000,8960,0,195776600.000,2,1,1,多换,S,6254.8000,6254.4000,6254.2000,6253.8000,6251.6000,6261.8000,6262.2000,6262.4000,6264.4000,6264.8000,2,1,1,1,6,1,1,1,1,1
SF,IC2103,2020-08-04 09:32:38.100,6260.0000,8960,0,195776600.000,0,-,-,-,-,6256.8000,6255.0000,6254.8000,6254.4000,6253.8000,6261.6000,6261.8000,6262.2000,6264.4000,6266.0000,1,1,1,1,1,2,1,1,1,1
SF,IC2103,2020-08-04 09:32:38.600,6260.0000,8960,0,195776600.000,0,-,-,-,-,6256.8000,6255.6000,6255.2000,6255.0000,6254.8000,6261.2000,6261.4000,6261.6000,6262.2000,6264.4000,1,2,1,1,2,1,1,2,1,1
SF,IC2103,2020-08-04 09:32:39.100,6260.0000,8960,0,195776600.000,0,-,-,-,-,6257.0000,6256.8000,6255.6000,6255.2000,6254.8000,6261.0000,6261.2000,6261.4000,6261.6000,6262.2000,1,1,2,1,1,1,1,1,1,1
SF,IC2103,2020-08-04 09:32:39.600,6260.0000,8960,0,195776600.000,0,-,-,-,-,6256.8000,6255.6000,6254.8000,6253.8000,6251.6000,6260.6000,6261.0000,6261.4000,6261.6000,6262.2000,1,2,1,1,6,1,1,1,1,1
SF,IC2103,2020-08-04 09:32:40.100,6260.0000,8960,0,195776600.000,0,-,-,-,-,6257.6000,6257.2000,6256.8000,6254.8000,6253.8000,6258.6000,6260.4000,6260.6000,6261.4000,6261.6000,2,1,1,1,1,1,1,1,1,1
SF,IC2103,2020-08-04 09:32:40.600,6260.4000,8961,1,198280680.000,2,1,1,空开,S,6256.8000,6254.8000,6253.8000,6251.6000,6251.0000,6260.6000,6261.4000,6261.6000,6262.2000,6264.4000,1,1,1,6,2,1,1,1,1,1
SF,IC2103,2020-08-04 09:32:41.100,6256.8000,8960,-1,199532040.000,1,0,1,双平,S,6254.8000,6253.8000,6251.6000,6251.0000,6240.0000,6256.8000,6257.6000,6260.4000,6260.6000,6261.4000,1,1,6,2,1,1,1,1,1,1
SF,IC2103,2020-08-04 09:32:41.600,6255.0000,8960,0,200783040.000,1,0,1,多换,S,6253.8000,6251.6000,6251.0000,6240.0000,6226.0000,6257.6000,6260.4000,6260.6000,6261.4000,6261.6000,1,6,2,1,2,1,1,1,1,1
SF,IC2103,2020-08-04 09:32:42.100,6255.0000,8960,0,200783040.000,0,-,-,-,-,6255.0000,6251.6000,6251.0000,6240.0000,6226.0000,6255.4000,6257.4000,6257.6000,6260.6000,6261.4000,1,6,2,1,2,1,1,1,1,1
SF,IC2103,2020-08-04 09:32:42.600,6255.0000,8960,0,200783040.000,0,-,-,-,-,6251.6000,6251.0000,6240.0000,6226.0000,6218.6000,6257.2000,6257.6000,6261.4000,6261.6000,6262.2000,6,2,1,2,2,1,1,1,1,1
SF,IC2103,2020-08-04 09:32:43.100,6255.0000,8960,0,200783040.000,0,-,-,-,-,6252.6000,6251.6000,6251.0000,6240.0000,6226.0000,6257.0000,6257.2000,6257.6000,6261.4000,6261.6000,1,6,2,1,2,2,1,1,1,1
SF,IC2103,2020-08-04 09:32:43.600,6255.0000,8960,0,200783040.000,0,-,-,-,-,6252.6000,6251.8000,6251.6000,6251.0000,6240.0000,6256.6000,6257.0000,6257.6000,6261.4000,6261.6000,1,1,6,2,1,1,1,1,1,1
SF,IC2103,2020-08-04 09:32:44.100,6255.0000,8960,0,200783040.000,0,-,-,-,-,6252.8000,6251.6000,6251.0000,6240.0000,6226.0000,6256.4000,6256.6000,6257.6000,6261.4000,6261.6000,1,6,2,1,2,1,1,1,1,1
SF,IC2103,2020-08-04 09:32:44.600,6252.8000,8959,-1,202033600.000,1,0,1,双平,S,6254.0000,6251.6000,6251.0000,6248.0000,6240.0000,6256.0000,6257.6000,6260.0000,6261.4000,6261.6000,1,6,2,1,1,1,1,1,1,1
SF,IC2103,2020-08-04 09:32:45.100,6252.8000,8959,0,202033600.000,0,-,-,-,-,6251.6000,6251.0000,6248.6000,6248.0000,6240.0000,6252.8000,6255.8000,6256.0000,6257.6000,6260.0000,6,2,2,1,1,1,1,1,1,1
SF,IC2103,2020-08-04 09:32:45.600,6252.8000,8958,-1,203284160.000,1,0,1,双平,S,6251.6000,6251.0000,6248.6000,6248.0000,6240.0000,6255.8000,6256.0000,6260.0000,6261.4000,6261.6000,6,2,2,1,1,1,1,1,1,1
SF,IC2103,2020-08-04 09:32:46.100,6252.8000,8958,0,203284160.000,0,-,-,-,-,6251.6000,6251.0000,6248.6000,6248.0000,6240.0000,6255.4000,6255.8000,6260.0000,6261.4000,6261.6000,6,2,2,1,1,1,1,1,1,1
SF,IC2103,2020-08-04 09:32:46.600,6252.8000,8958,0,203284160.000,0,-,-,-,-,6251.6000,6251.0000,6248.6000,6248.0000,6240.0000,6255.0000,6255.2000,6255.4000,6260.0000,6261.4000,6,2,2,1,1,1,1,1,1,1
SF,IC2103,2020-08-04 09:32:47.100,6252.8000,8958,0,203284160.000,0,-,-,-,-,6251.6000,6251.0000,6248.6000,6248.0000,6240.0000,6254.6000,6254.8000,6255.0000,6260.0000,6261.4000,6,2,2,1,1,1,1,1,1,1
SF,IC2103,2020-08-04 09:32:47.600,6251.6000,8957,-1,204534480.000,1,0,1,双平,S,6251.6000,6251.0000,6248.6000,6248.0000,6240.0000,6254.4000,6254.6000,6260.0000,6261.4000,6261.6000,5,2,2,1,1,1,1,1,1,1
SF,IC2103,2020-08-04 09:32:48.100,6251.6000,8957,0,204534480.000,0,-,-,-,-,6251.6000,6251.0000,6248.6000,6248.0000,6242.0000,6254.4000,6254.6000,6260.0000,6261.4000,6261.6000,5,2,2,1,1,1,1,1,1,1
SF,IC2103,2020-08-04 09:32:48.600,6251.6000,8957,0,204534480.000,0,-,-,-,-,6251.6000,6251.0000,6248.6000,6248.0000,6242.0000,6254.4000,6254.6000,6260.0000,6261.4000,6261.6000,5,2,2,1,1,1,1,1,1,1
SF,IC2103,2020-08-04 09:32:49.100,6254.4000,8956,-1,205785360.000,1,0,1,双平,S,6251.8000,6251.6000,6251.0000,6248.6000,6248.0000,6260.0000,6261.6000,6262.2000,6264.4000,6270.6000,3,5,2,2,1,1,1,1,1,1
SF,IC2103,2020-08-04 09:32:49.600,6254.4000,8956,0,205785360.000,0,-,-,-,-,6252.2000,6252.0000,6251.8000,6251.6000,6251.0000,6259.6000,6259.8000,6260.0000,6261.6000,6264.4000,1,5,4,5,2,1,2,1,1,1
SF,IC2103,2020-08-04 09:32:50.100,6252.4000,8955,-1,207035840.000,1,0,1,双平,S,6254.4000,6252.4000,6252.2000,6252.0000,6251.8000,6259.4000,6259.6000,6259.8000,6260.0000,6261.6000,1,3,1,3,3,1,1,1,1,1
SF,IC2103,2020-08-04 09:32:50.600,6252.4000,8955,0,207035840.000,0,-,-,-,-,6254.6000,6254.4000,6252.6000,6252.4000,6252.0000,6259.2000,6261.6000,6264.4000,6264.6000,6283.8000,2,1,1,2,2,1,1,1,1,1
SF,IC2103,2020-08-04 09:32:51.100,6252.4000,8955,0,207035840.000,0,-,-,-,-,6254.6000,6254.4000,6253.6000,6252.6000,6252.4000,6261.6000,6264.6000,6283.8000,6291.0000,6295.0000,4,1,2,1,1,1,1,1,3,20
SF,IC2103,2020-08-04 09:32:51.600,6252.4000,8955,0,207035840.000,0,-,-,-,-,6254.8000,6254.6000,6254.4000,6253.6000,6252.8000,6261.4000,6261.6000,6264.6000,6283.8000,6291.0000,1,4,1,2,1,2,1,1,1,3
SF,IC2103,2020-08-04 09:32:52.100,6252.4000,8955,0,207035840.000,0,-,-,-,-,6255.2000,6255.0000,6254.8000,6254.6000,6254.4000,6261.4000,6261.6000,6264.6000,6283.8000,6291.0000,2,1,2,1,1,3,1,1,1,3
SF,IC2103,2020-08-04 09:32:52.600,6252.4000,8955,0,207035840.000,0,-,-,-,-,6255.4000,6255.2000,6254.6000,6254.4000,6252.8000,6261.4000,6261.6000,6264.6000,6283.8000,6291.0000,2,2,1,1,1,3,1,1,1,3
SF,IC2103,2020-08-04 09:32:53.100,6252.4000,8955,0,207035840.000,0,-,-,-,-,6255.8000,6255.4000,6255.2000,6254.6000,6254.4000,6261.2000,6261.4000,6261.6000,6264.6000,6283.8000,1,1,1,1,1,2,3,1,1,1
SF,IC2103,2020-08-04 09:32:53.600,6255.4000,8955,0,208286920.000,1,0,1,多换,S,6255.2000,6254.6000,6254.4000,6252.8000,6251.8000,6261.0000,6261.2000,6261.4000,6261.6000,6264.6000,1,1,1,1,1,2,2,2,1,1
SF,IC2103,2020-08-04 09:32:54.100,6255.4000,8955,0,208286920.000,0,-,-,-,-,6255.4000,6254.4000,6252.8000,6251.8000,6251.6000,6255.8000,6260.6000,6260.8000,6261.0000,6261.4000,1,1,1,1,6,1,1,2,2,2
SF,IC2103,2020-08-04 09:32:54.600,6255.8000,8954,-1,209538080.000,1,0,1,双平,S,6254.4000,6251.8000,6251.6000,6251.0000,6240.0000,6260.6000,6260.8000,6261.0000,6261.6000,6264.6000,1,1,6,2,1,1,2,2,1,1
SF,IC2103,2020-08-04 09:32:55.100,6255.8000,8954,0,209538080.000,0,-,-,-,-,6254.6000,6254.4000,6251.8000,6251.6000,6251.0000,6260.4000,6260.6000,6261.0000,6261.6000,6264.6000,1,1,1,6,2,3,1,1,1,1
SF,IC2103,2020-08-04 09:32:55.600,6255.8000,8954,0,209538080.000,0,-,-,-,-,6254.4000,6251.8000,6251.6000,6251.0000,6240.0000,6259.2000,6260.0000,6260.2000,6260.4000,6261.0000,1,1,6,2,1,1,1,1,4,1
SF,IC2103,2020-08-04 09:32:56.100,6255.8000,8954,0,209538080.000,0,-,-,-,-,6255.0000,6254.6000,6254.4000,6251.8000,6251.6000,6258.8000,6259.0000,6260.2000,6260.4000,6261.4000,1,1,1,1,6,1,1,1,2,1
SF,IC2103,2020-08-04 09:32:56.600,6255.8000,8954,0,209538080.000,0,-,-,-,-,6255.2000,6255.0000,6254.4000,6251.8000,6251.6000,6258.6000,6260.4000,6261.4000,6261.6000,6283.8000,2,1,1,1,6,1,2,1,1,1
SF,IC2103,2020-08-04 09:32:57.100,6255.8000,8954,0,209538080.000,0,-,-,-,-,6255.4000,6255.2000,6255.0000,6254.4000,6251.8000,6260.4000,6261.4000,6261.6000,6283.8000,6291.0000,2,2,1,1,1,1,1,1,1,3
SF,IC2103,2020-08-04 09:32:57.600,6255.8000,8954,0,209538080.000,0,-,-,-,-,6255.6000,6255.4000,6255.2000,6255.0000,6254.4000,6260.2000,6261.4000,6261.6000,6283.8000,6291.0000,2,2,1,1,1,1,1,1,1,3
SF,IC2103,2020-08-04 09:32:58.100,6255.8000,8954,0,209538080.000,0,-,-,-,-,6255.6000,6255.4000,6255.0000,6254.4000,6251.8000,6260.2000,6261.4000,6261.6000,6283.8000,6291.0000,2,2,1,1,1,1,1,1,1,3
SF,IC2103,2020-08-04 09:32:58.600,6255.8000,8954,0,209538080.000,0,-,-,-,-,6255.6000,6255.0000,6254.4000,6251.8000,6251.6000,6260.2000,6261.4000,6261.6000,6283.8000,6291.0000,2,1,1,1,6,1,1,1,1,3
SF,IC2103,2020-08-04 09:32:59.100,6255.8000,8954,0,209538080.000,0,-,-,-,-,6255.6000,6255.0000,6254.4000,6251.8000,6251.6000,6257.4000,6259.2000,6260.2000,6261.4000,6261.6000,1,1,1,1,6,1,1,1,1,1
SF,IC2103,2020-08-04 09:32:59.600,6255.8000,8954,0,209538080.000,0,-,-,-,-,6255.8000,6255.0000,6254.4000,6251.8000,6251.6000,6260.0000,6260.2000,6261.4000,6261.6000,6283.8000,1,1,1,1,6,1,1,1,1,1
SF,IC2103,2020-08-04 09:33:00.100,6255.8000,8954,0,209538080.000,0,-,-,-,-,6255.8000,6255.0000,6254.4000,6251.8000,6251.6000,6259.2000,6259.8000,6261.4000,6261.6000,6283.8000,1,1,1,1,6,1,1,1,1,1
SF,IC2103,2020-08-04 09:33:00.600,6255.8000,8954,0,209538080.000,0,-,-,-,-,6255.0000,6254.4000,6251.8000,6251.6000,6251.0000,6259.0000,6259.2000,6259.8000,6261.4000,6261.6000,1,1,1,6,2,1,1,1,1,1
SF,IC2103,2020-08-04 09:33:01.100,6255.8000,8954,0,209538080.000,0,-,-,-,-,6255.2000,6255.0000,6254.4000,6251.8000,6251.6000,6259.0000,6259.8000,6261.4000,6261.6000,6283.8000,2,1,1,1,6,1,1,1,1,1
SF,IC2103,2020-08-04 09:33:01.600,6259.0000,8953,-1,210789880.000,1,0,1,双平,S,6255.4000,6255.2000,6255.0000,6254.4000,6251.8000,6255.8000,6261.4000,6261.6000,6283.8000,6291.0000,1,2,1,1,1,1,1,1,1,3
SF,IC2103,2020-08-04 09:33:02.100,6259.0000,8953,0,212041680.000,1,0,1,多换,S,6256.0000,6255.6000,6255.4000,6255.2000,6255.0000,6261.4000,6261.6000,6283.8000,6291.0000,6295.0000,4,1,1,1,1,1,1,1,3,20
SF,IC2103,2020-08-04 09:33:02.600,6259.0000,8953,0,212041680.000,0,-,-,-,-,6256.4000,6256.2000,6256.0000,6255.2000,6255.0000,6261.6000,6265.2000,6283.8000,6291.0000,6295.0000,1,2,4,1,1,1,1,1,3,20
SF,IC2103,2020-08-04 09:33:03.100,6259.0000,8953,0,212041680.000,0,-,-,-,-,6256.8000,6256.6000,6256.4000,6256.2000,6256.0000,6261.6000,6265.2000,6283.8000,6291.0000,6295.0000,1,2,3,1,4,1,1,1,3,20
SF,IC2103,2020-08-04 09:33:03.600,6257.2000,8952,-1,213293120.000,1,0,1,双平,S,6257.0000,6256.8000,6256.6000,6256.4000,6256.0000,6261.6000,6265.2000,6283.8000,6291.0000,6295.0000,1,1,1,2,4,1,1,1,3,20
SF,IC2103,2020-08-04 09:33:04.100,6257.2000,8952,0,213293120.000,0,-,-,-,-,6257.0000,6256.8000,6256.6000,6256.4000,6256.0000,6261.6000,6265.2000,6283.8000,6291.0000,6295.0000,1,1,1,2,4,1,1,1,3,20
SF,IC2103,2020-08-04 09:33:04.600,6257.2000,8952,0,214544560.000,1,0,1,多换,S,6257.0000,6256.6000,6256.4000,6256.0000,6255.2000,6261.6000,6265.2000,6283.8000,6291.0000,6295.0000,1,1,2,4,1,1,1,1,3,20
SF,IC2103,2020-08-04 09:33:05.100,6261.6000,8951,-1,215796880.000,1,0,1,双平,S,6257.0000,6256.6000,6256.4000,6256.0000,6255.2000,6265.2000,6283.8000,6291.0000,6295.0000,6299.0000,1,1,2,4,1,1,1,3,20,4
SF,IC2103,2020-08-04 09:33:05.600,6261.6000,8951,0,215796880.000,0,-,-,-,-,6257.2000,6257.0000,6256.0000,6255.2000,6255.0000,6265.0000,6265.2000,6283.8000,6291.0000,6295.0000,3,1,4,1,1,1,1,1,3,20
SF,IC2103,2020-08-04 09:33:06.100,6261.6000,8951,0,215796880.000,0,-,-,-,-,6257.6000,6257.4000,6257.2000,6256.0000,6255.2000,6264.8000,6265.0000,6265.2000,6283.8000,6291.0000,2,3,3,4,2,1,1,1,1,3
SF,IC2103,2020-08-04 09:33:06.600,6261.6000,8951,0,215796880.000,0,-,-,-,-,6258.0000,6257.8000,6257.6000,6257.4000,6257.2000,6264.8000,6265.2000,6283.8000,6291.0000,6295.0000,1,2,3,2,1,1,1,1,3,20
SF,IC2103,2020-08-04 09:33:07.100,6261.6000,8951,0,215796880.000,0,-,-,-,-,6258.2000,6258.0000,6257.6000,6257.4000,6257.2000,6264.8000,6268.4000,6283.8000,6291.0000,6295.0000,3,1,3,2,1,1,1,1,3,20
SF,IC2103,2020-08-04 09:33:07.600,6261.6000,8951,0,215796880.000,0,-,-,-,-,6259.4000,6258.8000,6258.4000,6258.2000,6258.0000,6268.4000,6283.8000,6291.0000,6295.0000,6299.0000,1,2,1,3,1,1,1,3,20,4
SF,IC2103,2020-08-04 09:33:08.100,6260.4000,8950,-1,217048960.000,1,0,1,双平,S,6259.6000,6258.8000,6258.4000,6258.2000,6257.6000,6267.8000,6268.2000,6268.4000,6283.8000,6291.0000,3,2,1,1,1,1,1,1,1,3
SF,IC2103,2020-08-04 09:33:08.600,6260.4000,8950,0,217048960.000,0,-,-,-,-,6259.8000,6259.6000,6258.8000,6258.4000,6258.2000,6267.6000,6267.8000,6268.4000,6283.8000,6291.0000,2,3,2,1,1,1,1,1,1,3
SF,IC2103,2020-08-04 09:33:09.100,6260.4000,8950,0,217048960.000,0,-,-,-,-,6260.0000,6259.8000,6259.6000,6258.8000,6258.4000,6267.6000,6268.4000,6283.8000,6291.0000,6295.0000,2,2,1,2,1,1,1,1,3,20
SF,IC2103,2020-08-04 09:33:09.600,6260.4000,8950,0,217048960.000,0,-,-,-,-,6260.8000,6260.2000,6260.0000,6259.6000,6258.4000,6272.6000,6283.8000,6291.0000,6295.0000,6299.0000,2,2,2,1,1,1,1,3,20,4
SF,IC2103,2020-08-04 09:33:10.100,6260.4000,8950,0,217048960.000,0,-,-,-,-,6261.0000,6260.8000,6260.4000,6260.2000,6259.6000,6267.8000,6268.8000,6270.0000,6272.4000,6272.6000,3,2,1,1,1,1,1,1,1,1
SF,IC2103,2020-08-04 09:33:10.600,6260.4000,8950,0,217048960.000,0,-,-,-,-,6261.0000,6260.2000,6259.6000,6258.4000,6258.2000,6267.6000,6267.8000,6268.8000,6270.0000,6272.0000,3,1,1,1,1,1,1,1,1,1
SF,IC2103,2020-08-04 09:33:11.100,6260.4000,8950,0,217048960.000,0,-,-,-,-,6261.0000,6260.2000,6259.6000,6258.4000,6257.6000,6267.4000,6267.6000,6267.8000,6268.8000,6269.4000,2,1,1,1,1,1,1,1,1,1
SF,IC2103,2020-08-04 09:33:11.600,6260.4000,8950,0,217048960.000,0,-,-,-,-,6261.0000,6260.2000,6258.4000,6257.6000,6257.2000,6265.6000,6267.0000,6267.2000,6267.4000,6267.8000,1,1,1,1,1,1,1,2,1,1
SF,IC2103,2020-08-04 09:33:12.100,6261.0000,8949,-1,218301160.000,1,0,1,双平,S,6258.4000,6257.2000,6256.0000,6255.0000,6254.4000,6261.0000,6265.4000,6265.6000,6267.2000,6267.4000,1,1,4,2,1,5,2,1,1,1
SF,IC2103,2020-08-04 09:33:12.600,6261.0000,8949,0,218301160.000,0,-,-,-,-,6258.6000,6256.0000,6255.2000,6255.0000,6254.4000,6259.2000,6261.0000,6265.2000,6265.4000,6265.6000,1,4,1,2,1,1,5,1,2,1
SF,IC2103,2020-08-04 09:33:13.100,6259.2000,8949,0,219553000.000,1,0,1,多换,S,6258.6000,6256.0000,6255.2000,6255.0000,6254.4000,6261.0000,6265.4000,6265.6000,6267.2000,6267.8000,1,4,1,2,1,5,1,1,1,1
SF,IC2103,2020-08-04 09:33:13.600,6259.2000,8949,0,219553000.000,0,-,-,-,-,6258.6000,6256.0000,6255.2000,6255.0000,6254.4000,6261.0000,6265.4000,6265.6000,6267.2000,6267.8000,1,4,1,2,1,5,1,1,1,1
SF,IC2103,2020-08-04 09:33:14.100,6259.2000,8949,0,219553000.000,0,-,-,-,-,6258.6000,6256.0000,6255.2000,6255.0000,6254.4000,6261.0000,6265.4000,6265.6000,6267.2000,6267.8000,1,4,1,2,1,5,1,1,1,1
SF,IC2103,2020-08-04 09:33:14.600,6261.0000,8944,-5,225814000.000,5,0,5,双平,S,6256.0000,6255.2000,6255.0000,6254.4000,6254.2000,6265.6000,6267.2000,6267.8000,6269.4000,6270.0000,4,1,2,1,2,1,1,1,1,1
SF,IC2103,2020-08-04 09:33:15.100,6261.0000,8944,0,225814000.000,0,-,-,-,-,6261.0000,6258.8000,6256.2000,6256.0000,6255.2000,6265.4000,6267.8000,6269.4000,6270.0000,6280.0000,3,1,2,4,1,1,1,1,1,1
SF,IC2103,2020-08-04 09:33:15.600,6261.0000,8944,0,225814000.000,0,-,-,-,-,6261.2000,6261.0000,6257.6000,6256.2000,6256.0000,6265.4000,6267.8000,6269.4000,6270.0000,6280.0000,1,3,1,1,4,1,1,1,1,1
SF,IC2103,2020-08-04 09:33:16.100,6265.4000,8943,-1,227067080.000,1,0,1,双平,S,6261.2000,6261.0000,6259.0000,6258.0000,6257.6000,6267.8000,6269.4000,6270.0000,6280.0000,6283.8000,2,3,3,1,1,1,1,2,1,1
SF,IC2103,2020-08-04 09:33:16.600,6265.4000,8943,0,227067080.000,0,-,-,-,-,6261.4000,6261.2000,6261.0000,6259.0000,6258.0000,6267.6000,6267.8000,6269.4000,6270.0000,6280.0000,1,1,3,2,1,2,1,1,2,1
SF,IC2103,2020-08-04 09:33:17.100,6265.4000,8943,0,227067080.000,0,-,-,-,-,6261.6000,6261.4000,6261.0000,6259.0000,6258.0000,6267.6000,6267.8000,6269.4000,6270.0000,6280.0000,1,1,3,2,1,3,1,1,2,1
SF,IC2103,2020-08-04 09:33:17.600,6261.8000,8943,0,228319440.000,1,0,1,多换,S,6261.0000,6258.0000,6257.6000,6256.0000,6255.0000,6265.6000,6267.4000,6267.6000,6267.8000,6269.4000,3,1,1,5,2,1,1,3,1,1
SF,IC2103,2020-08-04 09:33:18.100,6261.8000,8943,0,228319440.000,0,-,-,-,-,6261.2000,6261.0000,6258.0000,6256.0000,6255.0000,6265.4000,6265.6000,6267.4000,6267.6000,6267.8000,1,3,1,5,2,2,1,1,1,1
SF,IC2103,2020-08-04 09:33:18.600,6261.8000,8943,0,228319440.000,0,-,-,-,-,6261.0000,6258.0000,6256.0000,6255.0000,6254.4000,6265.4000,6267.4000,6267.6000,6267.8000,6269.4000,3,1,5,2,1,2,1,1,1,1
SF,IC2103,2020-08-04 09:33:19.100,6261.0000,8943,0,232076040.000,3,1,2,多换,S,6258.0000,6256.0000,6255.0000,6254.4000,6251.6000,6265.0000,6265.2000,6265.4000,6267.4000,6267.6000,1,5,2,1,5,1,1,2,1,1
SF,IC2103,2020-08-04 09:33:19.600,6261.0000,8943,0,232076040.000,0,-,-,-,-,6258.2000,6258.0000,6256.0000,6255.0000,6254.4000,6264.8000,6265.0000,6265.4000,6267.8000,6269.4000,1,1,5,2,1,2,1,1,1,1
SF,IC2103,2020-08-04 09:33:20.100,6261.0000,8943,0,232076040.000,0,-,-,-,-,6258.2000,6258.0000,6256.0000,6255.0000,6254.4000,6264.8000,6267.8000,6269.4000,6270.0000,6280.0000,2,1,5,2,1,3,1,1,2,1
SF,IC2103,2020-08-04 09:33:20.600,6261.0000,8943,0,232076040.000,0,-,-,-,-,6259.0000,6258.2000,6258.0000,6256.6000,6256.0000,6264.8000,6267.8000,6269.4000,6270.0000,6280.0000,1,2,1,1,5,2,1,1,2,1
SF,IC2103,2020-08-04 09:33:21.100,6261.0000,8943,0,232076040.000,0,-,-,-,-,6259.2000,6258.6000,6258.0000,6256.6000,6256.0000,6261.0000,6264.6000,6264.8000,6267.8000,6269.4000,1,1,1,1,5,1,1,2,1,1
SF,IC2103,2020-08-04 09:33:21.600,6261.0000,8943,0,232076040.000,0,-,-,-,-,6259.2000,6258.0000,6256.6000,6256.0000,6255.0000,6264.8000,6267.8000,6269.4000,6270.0000,6280.0000,1,1,1,5,2,2,1,1,2,1
SF,IC2103,2020-08-04 09:33:22.100,6261.0000,8943,0,232076040.000,0,-,-,-,-,6259.2000,6258.0000,6256.6000,6256.0000,6255.0000,6264.6000,6264.8000,6267.8000,6269.4000,6270.0000,1,1,1,5,2,1,2,1,1,2
SF,IC2103,2020-08-04 09:33:22.600,6261.0000,8943,0,232076040.000,0,-,-,-,-,6259.2000,6258.0000,6256.6000,6256.0000,6255.0000,6264.4000,6267.8000,6269.4000,6270.0000,6280.0000,1,1,1,5,2,1,1,1,2,1
SF,IC2103,2020-08-04 09:33:23.100,6261.0000,8943,0,232076040.000,0,-,-,-,-,6259.6000,6259.4000,6259.2000,6258.0000,6256.6000,6264.4000,6267.8000,6269.4000,6270.0000,6280.0000,2,2,1,1,1,1,1,1,2,1
SF,IC2103,2020-08-04 09:33:23.600,6259.8000,8942,-1,233328000.000,1,0,1,双平,S,6259.8000,6259.6000,6259.4000,6258.0000,6256.6000,6264.4000,6267.8000,6269.4000,6270.0000,6280.0000,1,2,1,1,1,1,1,1,2,1
SF,IC2103,2020-08-04 09:33:24.100,6259.8000,8942,0,233328000.000,0,-,-,-,-,6260.0000,6259.8000,6259.6000,6259.4000,6258.0000,6267.8000,6269.4000,6270.0000,6280.0000,6283.8000,2,1,2,1,1,1,1,2,1,1
SF,IC2103,2020-08-04 09:33:24.600,6259.8000,8942,0,233328000.000,0,-,-,-,-,6260.2000,6260.0000,6258.0000,6256.6000,6256.0000,6267.6000,6267.8000,6269.4000,6270.0000,6280.0000,2,3,1,1,5,3,1,1,2,1
SF,IC2103,2020-08-04 09:33:25.100,6259.8000,8942,0,233328000.000,0,-,-,-,-,6260.8000,6260.2000,6260.0000,6258.0000,6256.6000,6267.6000,6267.8000,6269.4000,6270.0000,6280.0000,2,1,2,1,1,2,1,1,2,1
SF,IC2103,2020-08-04 09:33:25.600,6259.8000,8942,0,233328000.000,0,-,-,-,-,6261.0000,6260.8000,6260.6000,6260.0000,6259.8000,6267.6000,6267.8000,6269.4000,6270.0000,6280.0000,1,2,1,2,1,1,1,1,2,1
SF,IC2103,2020-08-04 09:33:26.100,6259.8000,8942,0,233328000.000,0,-,-,-,-,6261.0000,6260.8000,6260.0000,6259.8000,6258.0000,6267.6000,6267.8000,6270.0000,6273.6000,6280.0000,2,2,2,1,1,1,1,1,1,1
SF,IC2103,2020-08-04 09:33:26.600,6259.8000,8942,0,233328000.000,0,-,-,-,-,6261.4000,6261.2000,6261.0000,6260.8000,6260.0000,6267.6000,6267.8000,6270.0000,6273.6000,6280.0000,1,1,2,2,2,1,1,1,1,1
SF,IC2103,2020-08-04 09:33:27.100,6259.8000,8942,0,233328000.000,0,-,-,-,-,6262.8000,6262.4000,6261.6000,6261.4000,6261.0000,6267.6000,6267.8000,6270.0000,6273.6000,6280.0000,1,2,2,1,1,1,1,1,1,1
SF,IC2103,2020-08-04 09:33:27.600,6262.8000,8942,0,234580560.000,1,0,1,多换,S,6263.0000,6262.4000,6260.0000,6259.8000,6258.0000,6267.4000,6267.6000,6267.8000,6270.0000,6273.6000,1,2,1,1,1,1,1,1,1,1
SF,IC2103,2020-08-04 09:33:28.100,6262.8000,8942,0,234580560.000,0,-,-,-,-,6263.2000,6259.8000,6258.0000,6256.6000,6256.0000,6267.2000,6267.4000,6267.8000,6270.0000,6273.6000,2,1,1,1,4,1,1,1,1,1
SF,IC2103,2020-08-04 09:33:29.600,6262.8000,8942,0,234580560.000,0,-,-,-,-,6263.2000,6259.8000,6258.0000,6256.6000,6256.0000,6264.8000,6267.0000,6267.2000,6267.4000,6267.8000,2,1,1,1,4,1,1,1,1,1
SF,IC2103,2020-08-04 09:33:30.100,6262.8000,8942,0,234580560.000,0,-,-,-,-,6259.8000,6258.0000,6256.6000,6256.0000,6255.0000,6264.8000,6267.0000,6267.2000,6267.4000,6270.0000,1,1,1,4,2,1,1,1,1,1
SF,IC2103,2020-08-04 09:33:30.600,6262.8000,8942,0,234580560.000,0,-,-,-,-,6260.0000,6259.8000,6258.0000,6256.6000,6256.0000,6264.6000,6264.8000,6267.0000,6267.2000,6267.4000,1,1,1,1,4,1,1,1,1,1
SF,IC2103,2020-08-04 09:33:31.100,6262.8000,8942,0,234580560.000,0,-,-,-,-,6260.2000,6260.0000,6259.8000,6258.0000,6256.6000,6264.4000,6264.6000,6264.8000,6267.0000,6267.4000,1,1,1,1,1,1,1,1,1,1
SF,IC2103,2020-08-04 09:33:31.600,6262.8000,8942,0,234580560.000,0,-,-,-,-,6260.2000,6259.8000,6258.0000,6256.6000,6256.0000,6264.4000,6264.6000,6264.8000,6267.0000,6267.4000,1,1,1,1,4,1,1,1,1,1
SF,IC2103,2020-08-04 09:33:32.100,6262.8000,8942,0,234580560.000,0,-,-,-,-,6259.8000,6258.0000,6256.6000,6256.0000,6255.0000,6264.4000,6264.6000,6264.8000,6267.0000,6267.4000,1,1,1,4,2,1,1,1,1,1
SF,IC2103,2020-08-04 09:33:32.600,6262.8000,8942,0,234580560.000,0,-,-,-,-,6258.0000,6256.2000,6256.0000,6255.0000,6254.4000,6264.4000,6264.6000,6264.8000,6267.0000,6267.4000,1,1,4,2,1,1,1,1,1,1
SF,IC2103,2020-08-04 09:33:33.100,6262.8000,8942,0,234580560.000,0,-,-,-,-,6260.0000,6258.2000,6258.0000,6256.2000,6256.0000,6264.2000,6264.4000,6264.6000,6264.8000,6267.0000,1,1,1,1,4,1,1,1,1,1
SF,IC2103,2020-08-04 09:33:33.600,6262.8000,8942,0,234580560.000,0,-,-,-,-,6260.2000,6260.0000,6258.0000,6256.2000,6256.0000,6264.0000,6264.6000,6264.8000,6267.0000,6270.0000,1,1,1,1,4,1,1,1,1,1
SF,IC2103,2020-08-04 09:33:34.100,6262.8000,8942,0,234580560.000,0,-,-,-,-,6260.4000,6260.2000,6258.0000,6256.2000,6256.0000,6264.6000,6264.8000,6270.0000,6270.4000,6280.0000,1,1,1,1,4,1,1,1,1,1
SF,IC2103,2020-08-04 09:33:34.600,6262.8000,8942,0,234580560.000,0,-,-,-,-,6261.0000,6260.6000,6260.4000,6259.8000,6258.0000,6264.4000,6264.8000,6270.0000,6270.4000,6280.0000,1,2,1,2,1,1,1,1,1,1
SF,IC2103,2020-08-04 09:33:35.100,6262.8000,8942,0,234580560.000,0,-,-,-,-,6261.2000,6259.8000,6258.0000,6256.2000,6256.0000,6264.4000,6264.8000,6270.4000,6280.0000,6283.8000,1,2,1,1,4,1,1,1,1,1
SF,IC2103,2020-08-04 09:33:35.600,6262.8000,8942,0,234580560.000,0,-,-,-,-,6261.2000,6259.8000,6258.0000,6256.2000,6256.0000,6264.6000,6264.8000,6270.4000,6280.0000,6283.8000,2,2,1,1,4,1,1,1,1,1
SF,IC2103,2020-08-04 09:33:36.100,6262.8000,8942,0,234580560.000,0,-,-,-,-,6261.2000,6259.8000,6258.0000,6256.2000,6256.0000,6264.6000,6264.8000,6270.4000,6280.0000,6283.8000,1,2,1,1,4,1,1,1,1,1
SF,IC2103,2020-08-04 09:33:36.600,6262.8000,8942,0,234580560.000,0,-,-,-,-,6261.2000,6259.8000,6258.0000,6256.2000,6256.0000,6264.6000,6264.8000,6270.4000,6280.0000,6283.8000,2,2,1,1,4,1,1,1,1,1
SF,IC2103,2020-08-04 09:33:37.100,6262.8000,8942,0,234580560.000,0,-,-,-,-,6261.4000,6261.2000,6259.8000,6258.0000,6256.2000,6264.6000,6264.8000,6270.4000,6280.0000,6283.8000,1,2,2,1,1,1,1,1,1,1
SF,IC2103,2020-08-04 09:33:37.600,6262.8000,8942,0,234580560.000,0,-,-,-,-,6261.6000,6261.2000,6260.0000,6258.0000,6256.2000,6264.4000,6264.6000,6264.8000,6270.4000,6280.0000,1,1,1,1,1,2,1,1,1,1
SF,IC2103,2020-08-04 09:33:38.100,6261.2000,8940,-2,237085120.000,2,0,2,双平,S,6260.0000,6258.0000,6256.2000,6256.0000,6255.0000,6261.6000,6262.6000,6264.4000,6264.6000,6264.8000,1,1,1,4,2,1,1,2,1,1
SF,IC2103,2020-08-04 09:33:38.600,6261.2000,8940,0,237085120.000,0,-,-,-,-,6260.2000,6260.0000,6258.0000,6256.2000,6256.0000,6264.4000,6264.6000,6264.8000,6270.4000,6280.0000,1,1,1,1,4,2,1,1,1,1
SF,IC2103,2020-08-04 09:33:39.100,6260.0000,8940,0,239589160.000,2,1,1,多换,S,6258.0000,6256.2000,6256.0000,6255.0000,6254.4000,6260.0000,6264.4000,6264.6000,6264.8000,6270.4000,1,1,4,1,1,1,2,1,1,1
SF,IC2103,2020-08-04 09:33:39.600,6260.0000,8940,0,240841160.000,1,0,1,多换,S,6258.2000,6258.0000,6256.2000,6256.0000,6255.0000,6264.2000,6264.4000,6264.6000,6264.8000,6270.4000,2,1,1,4,1,1,1,1,1,1
SF,IC2103,2020-08-04 09:33:40.100,6260.0000,8940,0,240841160.000,0,-,-,-,-,6260.2000,6258.4000,6258.2000,6258.0000,6256.2000,6264.0000,6264.6000,6264.8000,6270.4000,6280.0000,4,1,2,1,1,2,1,1,1,1
SF,IC2103,2020-08-04 09:33:40.600,6260.0000,8940,0,240841160.000,0,-,-,-,-,6260.4000,6260.2000,6258.2000,6258.0000,6256.2000,6264.0000,6264.6000,6264.8000,6270.4000,6280.0000,1,4,1,1,1,1,1,1,1,1
SF,IC2103,2020-08-04 09:33:41.100,6264.0000,8939,-1,242093960.000,1,0,1,双平,S,6260.8000,6260.6000,6260.4000,6260.2000,6258.2000,6264.6000,6264.8000,6270.4000,6280.0000,6283.8000,2,1,2,5,1,1,1,1,1,1
SF,IC2103,2020-08-04 09:33:41.600,6264.8000,8938,-1,244599840.000,2,0,2,多平,S,6264.2000,6260.8000,6260.6000,6260.4000,6260.2000,6270.4000,6280.0000,6283.8000,6291.0000,6295.0000,4,3,1,1,1,1,1,1,3,20
SF,IC2103,2020-08-04 09:33:42.100,6264.8000,8938,0,244599840.000,0,-,-,-,-,6264.8000,6264.4000,6260.8000,6260.6000,6260.4000,6267.8000,6270.2000,6270.4000,6280.0000,6283.8000,4,1,3,1,1,1,2,1,1,1
SF,IC2103,2020-08-04 09:33:42.600,6264.8000,8938,0,244599840.000,0,-,-,-,-,6265.0000,6264.8000,6260.8000,6260.6000,6260.4000,6267.8000,6270.0000,6270.2000,6270.4000,6280.0000,2,4,3,1,1,1,1,2,1,1
SF,IC2103,2020-08-04 09:33:43.100,6267.8000,8937,-1,245853400.000,1,0,1,双平,S,6265.0000,6264.8000,6260.8000,6260.6000,6260.4000,6270.2000,6274.0000,6280.0000,6283.8000,6291.0000,3,4,3,1,1,1,1,1,1,3
SF,IC2103,2020-08-04 09:33:43.600,6267.8000,8937,0,245853400.000,0,-,-,-,-,6265.0000,6264.8000,6260.8000,6260.6000,6260.4000,6270.0000,6270.2000,6274.0000,6280.0000,6283.8000,2,4,1,1,1,1,1,1,1,1
SF,IC2103,2020-08-04 09:33:44.100,6269.8000,8937,0,247107360.000,1,0,1,多换,S,6265.0000,6264.8000,6260.8000,6260.4000,6260.2000,6270.0000,6270.2000,6274.0000,6280.0000,6283.8000,1,4,1,1,1,2,1,1,1,1
SF,IC2103,2020-08-04 09:33:44.600,6269.8000,8937,0,247107360.000,0,-,-,-,-,6264.8000,6260.4000,6260.2000,6258.0000,6255.0000,6269.8000,6270.0000,6270.2000,6274.0000,6280.0000,4,1,1,1,1,1,3,1,1,1
SF,IC2103,2020-08-04 09:33:45.100,6264.8000,8935,-2,250866240.000,3,0,3,多平,S,6264.8000,6260.4000,6260.2000,6258.0000,6255.0000,6268.8000,6269.6000,6269.8000,6270.0000,6270.2000,1,1,1,1,1,1,2,2,1,1
SF,IC2103,2020-08-04 09:33:45.600,6264.8000,8934,-1,252119200.000,1,0,1,双平,S,6260.4000,6260.2000,6258.0000,6255.0000,6254.4000,6268.4000,6268.6000,6268.8000,6269.4000,6269.8000,1,1,1,1,1,2,1,1,1,1
SF,IC2103,2020-08-04 09:33:46.100,6264.8000,8934,0,252119200.000,0,-,-,-,-,6260.6000,6260.4000,6260.2000,6258.0000,6255.0000,6268.2000,6268.4000,6268.6000,6268.8000,6270.0000,1,1,1,1,1,3,2,1,1,1
SF,IC2103,2020-08-04 09:33:46.600,6264.8000,8934,0,252119200.000,0,-,-,-,-,6260.6000,6260.2000,6259.8000,6258.0000,6255.0000,6264.0000,6267.8000,6268.0000,6268.2000,6268.6000,2,1,1,1,1,1,2,1,4,1
SF,IC2103,2020-08-04 09:33:47.100,6264.0000,8934,0,253372000.000,1,0,1,多换,S,6260.8000,6260.6000,6260.2000,6259.8000,6258.0000,6267.8000,6268.2000,6268.8000,6270.0000,6270.6000,1,1,1,1,1,2,3,1,1,1
SF,IC2103,2020-08-04 09:33:47.600,6264.0000,8934,0,253372000.000,0,-,-,-,-,6261.0000,6260.8000,6260.2000,6259.8000,6258.0000,6267.6000,6267.8000,6268.2000,6268.8000,6270.0000,1,1,1,1,1,2,2,1,1,1
SF,IC2103,2020-08-04 09:33:48.100,6264.0000,8934,0,253372000.000,0,-,-,-,-,6261.2000,6261.0000,6260.8000,6260.2000,6259.8000,6267.4000,6267.6000,6268.2000,6268.8000,6270.0000,1,1,2,1,1,2,3,1,1,1
SF,IC2103,2020-08-04 09:33:48.600,6264.0000,8934,0,253372000.000,0,-,-,-,-,6261.8000,6261.4000,6261.2000,6261.0000,6260.8000,6267.2000,6268.2000,6270.0000,6270.6000,6280.0000,2,2,1,1,1,2,1,1,1,1
SF,IC2103,2020-08-04 09:33:49.100,6264.0000,8934,0,253372000.000,0,-,-,-,-,6263.6000,6262.0000,6261.8000,6261.4000,6260.8000,6267.2000,6268.2000,6270.0000,6270.6000,6275.0000,1,1,2,1,1,2,1,1,1,1
SF,IC2103,2020-08-04 09:33:49.600,6264.0000,8934,0,253372000.000,0,-,-,-,-,6263.8000,6262.0000,6261.8000,6261.4000,6260.8000,6267.2000,6268.2000,6270.0000,6270.6000,6275.0000,1,1,3,1,1,1,1,1,1,1
SF,IC2103,2020-08-04 09:33:50.100,6264.0000,8934,0,253372000.000,0,-,-,-,-,6261.8000,6261.4000,6260.2000,6259.8000,6258.0000,6267.2000,6268.2000,6270.0000,6270.6000,6275.0000,3,1,1,1,1,1,1,1,1,1
SF,IC2103,2020-08-04 09:33:50.600,6264.0000,8934,0,253372000.000,0,-,-,-,-,6262.0000,6260.2000,6259.8000,6258.0000,6255.0000,6267.0000,6267.2000,6268.2000,6270.0000,6270.6000,1,1,1,1,1,2,1,1,1,1
SF,IC2103,2020-08-04 09:33:51.100,6264.0000,8934,0,253372000.000,0,-,-,-,-,6263.6000,6260.2000,6259.8000,6258.8000,6258.0000,6266.8000,6267.0000,6268.2000,6270.0000,6270.6000,1,1,1,1,1,3,3,1,1,1
SF,IC2103,2020-08-04 09:33:51.600,6263.6000,8933,-1,254624720.000,1,0,1,双平,S,6260.2000,6259.8000,6258.8000,6258.0000,6255.0000,6266.4000,6266.8000,6268.2000,6270.0000,6270.6000,1,1,1,1,1,1,3,1,1,1
SF,IC2103,2020-08-04 09:33:52.100,6263.6000,8933,0,254624720.000,0,-,-,-,-,6260.6000,6260.4000,6260.2000,6259.8000,6258.8000,6266.0000,6266.2000,6266.4000,6266.8000,6268.2000,1,2,1,1,1,1,2,1,1,1
SF,IC2103,2020-08-04 09:33:52.600,6262.2000,8933,0,255877160.000,1,0,1,多换,S,6260.8000,6260.4000,6260.2000,6259.8000,6258.0000,6265.8000,6266.0000,6266.4000,6268.2000,6270.0000,2,2,1,1,1,2,1,1,1,1
SF,IC2103,2020-08-04 09:33:53.100,6262.2000,8933,0,255877160.000,0,-,-,-,-,6260.8000,6260.4000,6260.2000,6259.8000,6258.0000,6265.8000,6266.4000,6268.2000,6270.0000,6270.6000,2,1,1,1,1,1,1,1,1,1
SF,IC2103,2020-08-04 09:33:53.600,6262.2000,8933,0,255877160.000,0,-,-,-,-,6261.0000,6260.8000,6260.4000,6260.2000,6259.8000,6265.6000,6265.8000,6266.4000,6268.2000,6270.0000,2,2,1,1,1,1,1,1,1,1
SF,IC2103,2020-08-04 09:33:54.100,6262.2000,8933,0,255877160.000,0,-,-,-,-,6261.2000,6261.0000,6260.8000,6260.4000,6260.2000,6265.8000,6266.4000,6268.2000,6270.0000,6270.6000,1,1,1,1,1,1,1,1,1,1
SF,IC2103,2020-08-04 09:33:54.600,6262.2000,8933,0,255877160.000,0,-,-,-,-,6261.2000,6260.4000,6260.2000,6259.8000,6258.0000,6265.8000,6266.4000,6268.2000,6270.0000,6270.6000,2,1,1,1,1,1,1,1,1,1
SF,IC2103,2020-08-04 09:33:55.100,6262.2000,8933,0,255877160.000,0,-,-,-,-,6262.0000,6261.4000,6261.2000,6260.4000,6260.2000,6262.6000,6265.6000,6265.8000,6266.4000,6268.2000,2,1,2,1,1,1,1,1,1,1
SF,IC2103,2020-08-04 09:33:55.600,6262.6000,8933,0,257129680.000,1,0,1,多换,S,6262.2000,6261.2000,6260.4000,6260.2000,6259.8000,6265.8000,6266.4000,6268.2000,6270.0000,6270.6000,1,1,1,1,1,1,1,1,1,1
SF,IC2103,2020-08-04 09:33:56.100,6262.6000,8933,0,257129680.000,0,-,-,-,-,6260.4000,6260.2000,6259.8000,6258.0000,6255.0000,6265.6000,6265.8000,6266.4000,6268.2000,6270.0000,1,1,1,1,1,2,1,1,1,1
SF,IC2103,2020-08-04 09:33:56.600,6262.6000,8933,0,257129680.000,0,-,-,-,-,6260.6000,6260.4000,6260.2000,6259.8000,6258.0000,6265.4000,6265.6000,6265.8000,6266.4000,6268.2000,2,1,1,1,1,1,2,1,1,1
SF,IC2103,2020-08-04 09:33:57.100,6262.6000,8933,0,257129680.000,0,-,-,-,-,6260.6000,6260.4000,6260.2000,6259.8000,6258.0000,6265.2000,6265.4000,6265.6000,6265.8000,6268.2000,2,1,1,1,1,1,2,1,1,1
SF,IC2103,2020-08-04 09:33:57.600,6262.6000,8933,0,257129680.000,0,-,-,-,-,6260.6000,6260.4000,6260.2000,6259.8000,6258.0000,6265.0000,6265.2000,6265.4000,6265.6000,6265.8000,2,1,1,1,1,1,2,1,1,1
SF,IC2103,2020-08-04 09:33:58.100,6262.6000,8933,0,257129680.000,0,-,-,-,-,6260.2000,6259.8000,6258.0000,6255.0000,6254.4000,6264.8000,6265.0000,6265.4000,6265.6000,6265.8000,1,1,1,1,1,3,1,1,1,1
SF,IC2103,2020-08-04 09:33:58.600,6262.6000,8933,0,257129680.000,0,-,-,-,-,6259.8000,6258.0000,6256.8000,6256.0000,6255.0000,6264.4000,6264.8000,6265.4000,6265.6000,6265.8000,1,1,1,2,1,1,3,1,1,1
SF,IC2103,2020-08-04 09:33:59.100,6264.2000,8933,0,258382520.000,1,0,1,多换,S,6260.0000,6259.8000,6258.0000,6256.8000,6256.0000,6264.2000,6264.4000,6264.8000,6265.4000,6265.8000,2,1,1,1,2,1,1,1,1,1
SF,IC2103,2020-08-04 09:33:59.600,6264.2000,8933,0,258382520.000,0,-,-,-,-,6260.2000,6260.0000,6259.8000,6258.0000,6256.8000,6264.4000,6265.4000,6265.8000,6268.2000,6270.0000,1,3,1,1,1,1,1,1,1,1
SF,IC2103,2020-08-04 09:34:00.100,6264.2000,8933,0,258382520.000,0,-,-,-,-,6260.4000,6260.0000,6259.8000,6258.0000,6256.8000,6265.4000,6265.8000,6268.2000,6270.0000,6270.6000,1,1,1,1,1,1,1,1,1,1
SF,IC2103,2020-08-04 09:34:00.600,6264.2000,8933,0,258382520.000,0,-,-,-,-,6260.6000,6260.4000,6260.2000,6259.8000,6258.0000,6265.2000,6265.4000,6265.8000,6268.2000,6270.0000,1,2,1,1,1,1,1,1,1,1
SF,IC2103,2020-08-04 09:34:01.100,6264.2000,8933,0,258382520.000,0,-,-,-,-,6260.8000,6260.6000,6260.2000,6259.8000,6258.0000,6265.2000,6265.4000,6265.8000,6268.2000,6270.0000,1,1,1,1,1,1,1,1,1,1
SF,IC2103,2020-08-04 09:34:01.600,6264.2000,8933,0,258382520.000,0,-,-,-,-,6260.8000,6260.2000,6259.8000,6258.0000,6256.8000,6265.0000,6265.2000,6265.8000,6268.2000,6270.0000,1,1,1,1,1,1,1,1,1,1
SF,IC2103,2020-08-04 09:34:02.100,6264.2000,8933,0,258382520.000,0,-,-,-,-,6260.8000,6260.2000,6259.8000,6258.0000,6256.8000,6264.8000,6265.0000,6265.8000,6268.2000,6270.0000,1,1,1,1,1,1,1,1,1,1
SF,IC2103,2020-08-04 09:34:03.100,6264.2000,8933,0,258382520.000,0,-,-,-,-,6260.8000,6260.2000,6259.8000,6258.0000,6256.8000,6264.8000,6265.8000,6268.2000,6270.0000,6270.6000,1,1,1,1,1,1,1,1,1,1
SF,IC2103,2020-08-04 09:34:03.600,6260.8000,8933,0,259634680.000,1,0,1,多换,S,6260.2000,6259.8000,6258.0000,6256.8000,6255.0000,6262.0000,6264.8000,6265.8000,6268.2000,6270.0000,1,1,1,1,1,1,1,1,1,1
SF,IC2103,2020-08-04 09:34:04.100,6260.8000,8933,0,259634680.000,0,-,-,-,-,6259.8000,6258.0000,6256.8000,6255.0000,6251.6000,6264.8000,6265.8000,6268.2000,6270.0000,6270.6000,1,1,1,1,5,1,1,1,1,1
SF,IC2103,2020-08-04 09:34:04.600,6260.8000,8933,0,259634680.000,0,-,-,-,-,6260.8000,6259.8000,6258.0000,6256.8000,6255.0000,6264.6000,6264.8000,6265.8000,6268.2000,6270.0000,1,1,1,1,1,1,1,1,1,1
SF,IC2103,2020-08-04 09:34:05.100,6260.8000,8933,0,259634680.000,0,-,-,-,-,6259.8000,6258.0000,6256.8000,6255.0000,6251.6000,6264.4000,6264.6000,6265.8000,6268.2000,6270.0000,1,1,1,1,5,1,2,1,1,1
SF,IC2103,2020-08-04 09:34:05.600,6260.8000,8933,0,259634680.000,0,-,-,-,-,6260.4000,6259.8000,6258.0000,6256.8000,6255.0000,6264.2000,6264.4000,6264.6000,6265.8000,6268.2000,1,1,1,1,1,1,1,1,1,1
SF,IC2103,2020-08-04 09:34:06.100,6260.8000,8933,0,259634680.000,0,-,-,-,-,6259.8000,6258.0000,6256.8000,6255.0000,6251.6000,6264.0000,6264.2000,6264.6000,6265.8000,6268.2000,1,1,1,1,5,2,1,1,1,1
SF,IC2103,2020-08-04 09:34:06.600,6260.8000,8933,0,259634680.000,0,-,-,-,-,6260.4000,6260.0000,6259.8000,6258.0000,6256.8000,6264.0000,6265.8000,6268.2000,6270.0000,6270.6000,1,1,1,1,1,2,1,1,1,1
SF,IC2103,2020-08-04 09:34:07.100,6260.8000,8933,0,259634680.000,0,-,-,-,-,6260.6000,6260.0000,6259.8000,6258.0000,6256.8000,6264.0000,6265.8000,6268.2000,6270.0000,6270.6000,1,1,1,1,1,1,1,1,1,1
SF,IC2103,2020-08-04 09:34:07.600,6264.0000,8932,-1,260887480.000,1,0,1,双平,S,6260.8000,6260.6000,6259.8000,6258.0000,6256.8000,6264.0000,6268.2000,6270.0000,6270.6000,6275.0000,2,2,1,1,1,1,1,1,1,1
SF,IC2103,2020-08-04 09:34:08.100,6264.0000,8931,-1,262140280.000,1,0,1,双平,S,6261.0000,6260.8000,6260.6000,6259.8000,6258.0000,6268.2000,6270.0000,6270.6000,6275.0000,6280.0000,1,2,1,1,1,1,1,1,1,1
SF,IC2103,2020-08-04 09:34:08.600,6264.0000,8931,0,262140280.000,0,-,-,-,-,6261.0000,6260.8000,6260.6000,6259.8000,6258.0000,6267.8000,6268.0000,6268.2000,6270.0000,6270.6000,1,1,1,1,1,1,3,1,1,1
SF,IC2103,2020-08-04 09:34:09.100,6264.0000,8931,0,262140280.000,0,-,-,-,-,6261.6000,6261.0000,6260.8000,6260.6000,6259.8000,6267.6000,6267.8000,6268.0000,6268.2000,6270.0000,1,1,1,1,1,2,2,1,1,1
SF,IC2103,2020-08-04 09:34:09.600,6264.0000,8931,0,262140280.000,0,-,-,-,-,6260.8000,6260.6000,6259.8000,6258.0000,6256.8000,6267.2000,6267.4000,6267.6000,6268.0000,6268.2000,1,1,1,1,1,1,1,2,1,1
SF,IC2103,2020-08-04 09:34:10.100,6264.0000,8931,0,262140280.000,0,-,-,-,-,6262.0000,6260.8000,6260.6000,6259.8000,6258.0000,6266.0000,6267.0000,6267.2000,6267.4000,6268.0000,1,1,1,1,1,1,2,3,1,1
SF,IC2103,2020-08-04 09:34:10.600,6264.0000,8931,0,262140280.000,0,-,-,-,-,6260.8000,6260.6000,6259.8000,6258.0000,6256.8000,6265.6000,6265.8000,6266.0000,6267.0000,6267.2000,1,1,1,1,1,1,1,1,1,1
SF,IC2103,2020-08-04 09:34:11.100,6264.0000,8931,0,262140280.000,0,-,-,-,-,6261.8000,6261.0000,6260.6000,6259.8000,6258.0000,6265.4000,6265.6000,6266.0000,6267.0000,6267.2000,1,1,1,1,1,1,1,1,1,1
SF,IC2103,2020-08-04 09:34:11.600,6264.0000,8931,0,262140280.000,0,-,-,-,-,6261.0000,6260.6000,6259.8000,6258.0000,6256.8000,6265.4000,6265.6000,6266.0000,6267.0000,6267.2000,1,1,1,1,1,1,1,1,1,1
SF,IC2103,2020-08-04 09:34:12.100,6264.0000,8931,0,262140280.000,0,-,-,-,-,6262.0000,6261.2000,6261.0000,6260.6000,6259.8000,6262.8000,6265.4000,6265.6000,6266.0000,6267.0000,1,1,1,1,1,1,1,1,1,1
SF,IC2103,2020-08-04 09:34:12.600,6263.0000,8931,0,263392880.000,1,0,1,多换,S,6262.8000,6262.2000,6261.2000,6261.0000,6260.6000,6265.6000,6266.0000,6267.0000,6267.2000,6270.0000,1,1,1,2,1,1,1,1,1,1
SF,IC2103,2020-08-04 09:34:13.100,6263.0000,8931,0,263392880.000,0,-,-,-,-,6263.0000,6262.8000,6261.0000,6260.6000,6259.8000,6266.0000,6267.2000,6270.0000,6270.6000,6275.0000,1,1,2,1,1,1,1,1,1,1
SF,IC2103,2020-08-04 09:34:13.600,6263.0000,8931,0,264645480.000,1,0,1,多换,S,6263.0000,6261.0000,6260.6000,6259.8000,6258.0000,6266.0000,6267.2000,6270.0000,6270.6000,6275.0000,1,2,1,1,1,1,1,1,1,1
SF,IC2103,2020-08-04 09:34:14.100,6266.0000,8930,-1,265898680.000,1,0,1,双平,S,6263.0000,6261.0000,6260.6000,6259.8000,6258.0000,6267.2000,6270.0000,6270.6000,6275.0000,6280.0000,1,2,1,1,1,1,1,1,1,1
SF,IC2103,2020-08-04 09:34:14.600,6263.0000,8929,-1,267151280.000,1,0,1,双平,S,6261.0000,6260.6000,6259.8000,6258.0000,6255.0000,6262.8000,6267.0000,6270.0000,6270.6000,6275.0000,2,1,2,1,1,1,1,1,1,1
SF,IC2103,2020-08-04 09:34:15.100,6262.8000,8928,-1,268403840.000,1,0,1,双平,S,6262.0000,6261.2000,6261.0000,6260.6000,6259.8000,6267.0000,6270.0000,6270.6000,6275.0000,6280.0000,1,1,2,1,2,1,1,1,1,1
SF,IC2103,2020-08-04 09:34:15.600,6262.8000,8928,0,268403840.000,0,-,-,-,-,6261.2000,6261.0000,6260.6000,6259.8000,6258.0000,6266.8000,6267.0000,6270.0000,6270.6000,6275.0000,1,1,1,2,1,1,1,1,1,1
SF,IC2103,2020-08-04 09:34:16.100,6262.8000,8928,0,268403840.000,0,-,-,-,-,6262.6000,6261.0000,6260.6000,6259.8000,6258.0000,6266.6000,6266.8000,6270.0000,6270.6000,6275.0000,1,1,1,2,1,2,3,1,1,1
SF,IC2103,2020-08-04 09:34:16.600,6262.8000,8928,0,268403840.000,0,-,-,-,-,6261.0000,6260.6000,6259.8000,6258.0000,6255.8000,6266.2000,6266.4000,6266.6000,6266.8000,6270.0000,1,1,2,1,1,1,1,1,1,1
SF,IC2103,2020-08-04 09:34:17.100,6262.8000,8928,0,268403840.000,0,-,-,-,-,6261.0000,6260.6000,6259.8000,6258.0000,6255.8000,6266.0000,6266.2000,6266.4000,6270.0000,6270.6000,1,1,2,1,1,2,1,2,1,1
SF,IC2103,2020-08-04 09:34:17.600,6262.8000,8928,0,268403840.000,0,-,-,-,-,6261.2000,6261.0000,6260.6000,6259.8000,6258.0000,6266.0000,6266.2000,6270.0000,6270.6000,6275.0000,1,1,1,2,1,2,1,1,1,1
