市场代码,合约代码,时间,最新,持仓,增仓,成交额,成交量,开仓,平仓,成交类型,方向,买一价,买二价,买三价,买四价,买五价,卖一价,卖二价,卖三价,卖四价,卖五价,买一量,买二量,买三量,买四量,买五量,卖一量,卖二量,卖三量,卖四量,卖五量
SF,IC2103,2020-09-17 09:29:00.200,5866.0000,33711,0,2346400.000,2.000,-,-,-,-,5862.0000,5861.0000,5860.0000,5844.0000,5842.8000,5870.0000,5877.0000,5886.6000,5887.0000,5888.0000,2,1,2,1,1,5,1,1,5,1
SF,IC2103,2020-09-17 09:30:00.200,5860.0000,33712,1,7035400.000,4,2,2,空开,S,5862.4000,5862.2000,5860.0000,5844.0000,5840.2000,5863.2000,5864.2000,5865.0000,5868.8000,5869.6000,2,1,1,1,1,1,1,1,1,2
SF,IC2103,2020-09-17 09:30:00.700,5860.0000,33710,-2,11724840.000,4,1,3,多平,S,5844.0000,5840.0000,5834.0000,5832.2000,5831.6000,5862.0000,5862.6000,5863.2000,5863.8000,5864.2000,1,1,1,1,1,1,1,1,1,1
SF,IC2103,2020-09-17 09:30:01.200,5860.0000,33710,0,11724840.000,0,-,-,-,-,5857.2000,5855.2000,5854.2000,5852.8000,5851.2000,5861.2000,5861.6000,5861.8000,5862.0000,5862.6000,1,1,1,1,1,1,1,2,1,1
SF,IC2103,2020-09-17 09:30:01.700,5861.0000,33709,-1,12897040.000,1,0,1,双平,S,5857.4000,5856.4000,5855.2000,5851.2000,5844.0000,5861.2000,5861.6000,5862.0000,5862.6000,5865.0000,2,1,1,1,1,1,1,1,1,1
SF,IC2103,2020-09-17 09:30:02.200,5861.0000,33709,0,12897040.000,0,-,-,-,-,5857.8000,5857.4000,5856.4000,5855.2000,5851.2000,5861.0000,5862.0000,5865.0000,5869.6000,5869.8000,1,4,1,1,1,1,1,1,1,1
SF,IC2103,2020-09-17 09:30:02.700,5861.0000,33709,0,12897040.000,0,-,-,-,-,5858.0000,5857.8000,5851.2000,5844.0000,5840.0000,5859.2000,5861.0000,5862.0000,5865.0000,5869.6000,1,2,1,1,1,1,1,1,1,1
SF,IC2103,2020-09-17 09:30:03.200,5859.2000,33708,-1,14068880.000,1,0,1,双平,S,5858.0000,5851.2000,5840.0000,5832.2000,5831.6000,5861.0000,5862.0000,5865.0000,5869.6000,5869.8000,2,1,1,1,1,1,1,1,1,1
SF,IC2103,2020-09-17 09:30:03.700,5859.2000,33707,-1,15240720.000,1,0,1,双平,S,5859.2000,5858.2000,5858.0000,5851.2000,5840.0000,5860.6000,5860.8000,5861.0000,5862.0000,5865.0000,1,1,2,1,1,2,1,1,1,1
SF,IC2103,2020-09-17 09:30:04.200,5859.2000,33706,-1,17584400.000,2,0,2,多平,S,5859.2000,5858.2000,5851.2000,5840.0000,5832.2000,5860.6000,5860.8000,5862.0000,5865.0000,5869.6000,1,2,1,1,1,2,1,1,1,1
SF,IC2103,2020-09-17 09:30:04.700,5859.2000,33706,0,18756240.000,1,0,1,多换,S,5858.2000,5851.2000,5840.0000,5832.2000,5831.6000,5862.0000,5865.0000,5869.6000,5869.8000,5870.0000,2,1,1,1,1,1,11,1,1,6
SF,IC2103,2020-09-17 09:30:05.200,5859.2000,33706,0,18756240.000,0,-,-,-,-,5858.4000,5858.2000,5851.2000,5840.0000,5832.2000,5860.0000,5860.2000,5860.8000,5861.8000,5862.0000,1,2,1,1,1,3,1,1,1,1
SF,IC2103,2020-09-17 09:30:05.700,5859.8000,33703,-3,23443480.000,4,0,4,多平,S,5851.2000,5840.0000,5832.2000,5831.6000,5826.8000,5861.8000,5862.0000,5865.0000,5869.6000,5869.8000,1,1,1,1,1,1,1,11,1,1
SF,IC2103,2020-09-17 09:30:06.200,5859.8000,33703,0,23443480.000,0,-,-,-,-,5853.4000,5852.0000,5851.4000,5851.2000,5840.0000,5858.2000,5858.4000,5859.2000,5860.4000,5860.8000,1,2,2,1,1,2,1,1,2,1
SF,IC2103,2020-09-17 09:30:06.700,5859.8000,33703,0,23443480.000,0,-,-,-,-,5858.4000,5853.6000,5852.6000,5852.2000,5852.0000,5860.4000,5860.8000,5861.8000,5862.0000,5865.0000,1,2,1,1,1,1,2,1,1,11
SF,IC2103,2020-09-17 09:30:07.200,5858.4000,33703,0,24615160.000,1,0,1,多换,S,5853.6000,5852.6000,5852.2000,5852.0000,5851.2000,5860.2000,5860.8000,5862.0000,5865.0000,5869.6000,2,1,1,1,1,1,1,1,11,1
SF,IC2103,2020-09-17 09:30:07.700,5858.4000,33703,0,24615160.000,0,-,-,-,-,5859.0000,5853.8000,5853.6000,5852.0000,5851.2000,5859.6000,5860.0000,5860.2000,5860.8000,5862.0000,1,1,3,1,1,4,2,2,1,1
SF,IC2103,2020-09-17 09:30:08.200,5859.0000,33703,0,25786960.000,1,0,1,多换,S,5853.6000,5852.0000,5851.2000,5840.0000,5832.2000,5859.0000,5859.4000,5859.6000,5860.8000,5862.0000,2,1,1,1,1,1,1,4,1,1
SF,IC2103,2020-09-17 09:30:08.700,5859.0000,33703,0,25786960.000,0,-,-,-,-,5853.8000,5853.6000,5840.0000,5832.2000,5831.6000,5857.8000,5858.0000,5858.6000,5858.8000,5859.2000,1,2,1,1,1,2,1,1,1,1
SF,IC2103,2020-09-17 09:30:09.200,5859.0000,33703,0,25786960.000,0,-,-,-,-,5854.0000,5853.8000,5840.0000,5832.2000,5831.6000,5857.6000,5858.6000,5859.2000,5860.8000,5862.0000,2,1,1,1,1,1,1,1,1,1
SF,IC2103,2020-09-17 09:30:09.700,5859.0000,33703,0,26958760.000,1,0,1,多换,S,5854.0000,5853.8000,5840.0000,5832.2000,5831.6000,5857.4000,5857.6000,5858.6000,5859.2000,5860.8000,2,1,1,1,1,1,2,1,1,1
SF,IC2103,2020-09-17 09:30:10.200,5857.6000,33700,-3,30473320.000,3,0,3,双平,S,5854.0000,5853.8000,5852.0000,5840.0000,5832.2000,5860.8000,5862.0000,5865.0000,5869.6000,5869.8000,2,1,1,1,1,1,1,11,1,1
SF,IC2103,2020-09-17 09:30:10.700,5857.6000,33700,0,30473320.000,0,-,-,-,-,5854.4000,5854.0000,5853.8000,5852.0000,5840.0000,5859.4000,5860.6000,5860.8000,5862.0000,5865.0000,1,2,1,1,1,4,4,1,1,11
SF,IC2103,2020-09-17 09:30:11.200,5857.6000,33700,0,30473320.000,0,-,-,-,-,5855.2000,5854.6000,5854.2000,5853.8000,5852.0000,5860.6000,5860.8000,5862.0000,5865.0000,5869.6000,1,2,2,1,1,1,1,1,11,1
SF,IC2103,2020-09-17 09:30:11.700,5857.6000,33700,0,30473320.000,0,-,-,-,-,5856.2000,5855.4000,5855.2000,5854.2000,5853.8000,5860.4000,5860.6000,5860.8000,5862.0000,5865.0000,1,2,1,2,1,1,1,1,1,11
SF,IC2103,2020-09-17 09:30:12.200,5857.6000,33700,0,30473320.000,0,-,-,-,-,5858.0000,5856.4000,5854.2000,5852.0000,5840.0000,5860.2000,5860.6000,5862.0000,5865.0000,5869.6000,1,3,1,1,1,1,1,1,11,1
SF,IC2103,2020-09-17 09:30:12.700,5858.0000,33699,-1,32816520.000,2,0,2,多平,S,5856.4000,5854.2000,5852.0000,5840.0000,5832.2000,5860.0000,5860.2000,5860.6000,5862.0000,5865.0000,2,1,1,1,1,1,1,1,1,11
SF,IC2103,2020-09-17 09:30:13.200,5858.0000,33699,0,32816520.000,0,-,-,-,-,5856.4000,5854.2000,5852.0000,5840.0000,5832.2000,5858.0000,5860.0000,5860.2000,5860.6000,5862.0000,2,1,1,1,1,1,1,1,1,1
SF,IC2103,2020-09-17 09:30:13.700,5856.4000,33698,-1,33987800.000,1,0,1,双平,S,5856.6000,5854.2000,5852.0000,5840.0000,5832.2000,5857.8000,5858.0000,5860.2000,5860.6000,5862.0000,1,1,1,1,1,1,1,1,1,1
SF,IC2103,2020-09-17 09:30:14.200,5856.6000,33698,0,35159120.000,1,0,1,多换,S,5854.2000,5852.0000,5840.0000,5832.2000,5831.6000,5856.6000,5857.8000,5858.0000,5860.2000,5860.6000,1,1,1,1,1,2,1,1,1,1
SF,IC2103,2020-09-17 09:30:14.700,5854.4000,33698,0,36330000.000,1,0,1,多换,S,5854.2000,5852.0000,5840.0000,5832.2000,5831.6000,5856.4000,5856.6000,5857.8000,5858.0000,5860.2000,1,1,1,1,1,1,2,1,1,1
SF,IC2103,2020-09-17 09:30:15.200,5856.2000,33698,0,37501240.000,1,0,1,多换,S,5854.2000,5852.0000,5840.0000,5832.2000,5831.6000,5856.2000,5856.4000,5856.6000,5858.0000,5860.2000,1,1,1,1,1,1,1,2,1,1
SF,IC2103,2020-09-17 09:30:15.700,5856.2000,33698,0,37501240.000,0,-,-,-,-,5854.4000,5854.2000,5852.0000,5840.0000,5832.2000,5856.2000,5856.4000,5856.6000,5858.0000,5860.2000,1,1,1,1,1,1,1,2,1,1
SF,IC2103,2020-09-17 09:30:16.200,5856.2000,33698,0,37501240.000,0,-,-,-,-,5854.4000,5854.2000,5852.0000,5840.0000,5832.2000,5856.4000,5856.6000,5858.0000,5860.2000,5860.6000,1,1,1,1,1,1,2,1,1,1
SF,IC2103,2020-09-17 09:30:16.700,5856.2000,33698,0,37501240.000,0,-,-,-,-,5854.4000,5854.2000,5852.0000,5840.0000,5832.2000,5856.2000,5856.4000,5856.6000,5858.0000,5860.2000,1,1,1,1,1,1,1,2,1,1
SF,IC2103,2020-09-17 09:30:17.200,5854.2000,33699,1,38672080.000,1,1,0,双开,S,5852.0000,5840.0000,5832.2000,5831.6000,5826.8000,5856.2000,5856.4000,5856.6000,5858.0000,5860.2000,1,1,1,1,1,1,1,2,1,1
SF,IC2103,2020-09-17 09:30:17.700,5854.2000,33699,0,38672080.000,0,-,-,-,-,5852.2000,5852.0000,5840.0000,5832.2000,5831.6000,5856.2000,5856.4000,5856.6000,5858.0000,5860.2000,2,1,1,1,1,1,1,2,1,1
SF,IC2103,2020-09-17 09:30:18.200,5856.2000,33699,0,39843320.000,1,0,1,多换,S,5852.2000,5852.0000,5840.0000,5832.2000,5831.6000,5856.4000,5856.6000,5858.0000,5860.2000,5860.6000,2,1,1,1,1,1,2,1,1,1
SF,IC2103,2020-09-17 09:30:18.700,5856.2000,33699,0,39843320.000,0,-,-,-,-,5852.2000,5852.0000,5840.0000,5832.2000,5831.6000,5856.2000,5856.4000,5856.6000,5858.0000,5860.2000,2,1,1,1,1,1,1,2,1,1
SF,IC2103,2020-09-17 09:30:19.200,5856.2000,33699,0,39843320.000,0,-,-,-,-,5852.2000,5852.0000,5840.0000,5832.2000,5831.6000,5856.0000,5856.2000,5856.4000,5856.6000,5858.0000,1,1,1,1,1,1,1,1,2,1
SF,IC2103,2020-09-17 09:30:19.700,5856.2000,33699,0,39843320.000,0,-,-,-,-,5852.2000,5852.0000,5840.0000,5832.2000,5831.6000,5855.8000,5856.0000,5856.4000,5856.6000,5858.0000,1,1,1,1,1,1,1,1,2,1
SF,IC2103,2020-09-17 09:30:20.200,5856.2000,33699,0,39843320.000,0,-,-,-,-,5852.2000,5852.0000,5840.0000,5832.2000,5831.6000,5855.6000,5855.8000,5856.4000,5856.6000,5858.0000,1,1,1,1,1,1,1,1,2,1
SF,IC2103,2020-09-17 09:30:20.700,5856.2000,33699,0,39843320.000,0,-,-,-,-,5852.4000,5852.2000,5852.0000,5840.0000,5832.2000,5855.4000,5855.6000,5856.4000,5856.6000,5860.2000,1,1,1,1,1,1,1,1,2,1
SF,IC2103,2020-09-17 09:30:21.200,5856.0000,33698,-1,41014520.000,1,0,1,双平,S,5852.6000,5852.4000,5852.0000,5840.0000,5832.2000,5855.4000,5856.4000,5856.6000,5860.2000,5860.6000,2,2,1,1,1,1,1,2,1,1
SF,IC2103,2020-09-17 09:30:21.700,5856.0000,33698,0,41014520.000,0,-,-,-,-,5852.6000,5852.4000,5852.0000,5840.0000,5832.2000,5856.4000,5856.6000,5860.2000,5860.6000,5862.0000,2,1,1,1,1,1,2,1,1,1
SF,IC2103,2020-09-17 09:30:22.200,5856.0000,33698,0,41014520.000,0,-,-,-,-,5852.6000,5852.4000,5852.0000,5840.0000,5832.2000,5856.2000,5856.4000,5856.6000,5860.2000,5860.6000,2,1,1,1,1,1,2,2,1,1
SF,IC2103,2020-09-17 09:30:22.700,5856.0000,33698,0,41014520.000,0,-,-,-,-,5852.6000,5852.4000,5852.0000,5840.0000,5832.2000,5856.2000,5856.4000,5856.6000,5860.2000,5860.6000,2,1,1,1,1,1,1,2,1,1
SF,IC2103,2020-09-17 09:30:23.200,5856.0000,33698,0,41014520.000,0,-,-,-,-,5852.6000,5852.4000,5852.0000,5840.0000,5832.2000,5856.0000,5856.2000,5856.4000,5856.6000,5860.2000,2,1,1,1,1,1,1,1,2,1
SF,IC2103,2020-09-17 09:30:23.700,5856.0000,33698,0,42185720.000,1,0,1,多换,S,5852.6000,5852.4000,5852.0000,5840.0000,5832.2000,5856.4000,5856.6000,5860.2000,5860.6000,5862.0000,2,1,1,1,1,1,2,1,1,1
SF,IC2103,2020-09-17 09:30:25.700,5856.0000,33698,0,42185720.000,0,-,-,-,-,5852.6000,5852.4000,5852.0000,5840.0000,5832.2000,5856.4000,5856.6000,5860.2000,5860.6000,5865.0000,2,1,1,1,1,2,2,1,1,11
SF,IC2103,2020-09-17 09:30:26.200,5856.0000,33698,0,42185720.000,0,-,-,-,-,5852.6000,5852.4000,5852.0000,5840.0000,5832.2000,5856.4000,5856.6000,5860.2000,5860.6000,5865.0000,2,1,1,1,1,1,2,1,1,11
SF,IC2103,2020-09-17 09:30:26.700,5856.0000,33698,0,42185720.000,0,-,-,-,-,5852.6000,5852.4000,5852.0000,5840.0000,5832.2000,5856.0000,5856.4000,5856.6000,5860.2000,5860.6000,2,1,1,1,1,5,2,2,1,1
SF,IC2103,2020-09-17 09:30:27.200,5856.0000,33698,0,42185720.000,0,-,-,-,-,5852.6000,5852.4000,5852.0000,5840.0000,5832.2000,5855.8000,5856.0000,5856.4000,5856.6000,5860.2000,2,1,1,1,1,1,1,1,2,1
SF,IC2103,2020-09-17 09:30:27.700,5856.0000,33698,0,42185720.000,0,-,-,-,-,5852.6000,5852.4000,5852.0000,5840.0000,5832.2000,5856.0000,5856.4000,5856.6000,5860.2000,5860.6000,2,1,1,1,1,1,1,2,1,1
SF,IC2103,2020-09-17 09:30:28.200,5852.6000,33697,-1,43356240.000,1,0,1,双平,S,5852.6000,5852.4000,5852.0000,5840.0000,5832.2000,5855.6000,5855.8000,5856.0000,5856.4000,5856.6000,1,1,1,1,1,4,1,1,1,2
SF,IC2103,2020-09-17 09:30:28.700,5852.6000,33697,0,43356240.000,0,-,-,-,-,5852.8000,5852.6000,5852.4000,5852.0000,5840.0000,5855.6000,5856.0000,5856.4000,5856.6000,5860.2000,1,1,1,1,2,4,2,1,2,1
SF,IC2103,2020-09-17 09:30:29.200,5852.6000,33697,0,43356240.000,0,-,-,-,-,5853.0000,5852.8000,5852.4000,5852.0000,5840.0000,5855.2000,5855.4000,5855.6000,5856.0000,5856.4000,1,1,1,1,2,1,2,4,2,1
SF,IC2103,2020-09-17 09:30:29.700,5852.8000,33695,-2,45697360.000,2,0,2,双平,S,5852.4000,5852.0000,5840.0000,5832.2000,5831.6000,5853.0000,5853.4000,5854.2000,5855.0000,5855.2000,1,1,2,1,1,1,1,1,1,1
SF,IC2103,2020-09-17 09:30:30.200,5852.4000,33696,1,46867840.000,1,1,0,双开,S,5852.0000,5840.0000,5832.2000,5831.6000,5826.8000,5853.0000,5854.2000,5855.0000,5855.2000,5855.6000,1,2,1,1,1,1,1,1,1,4
SF,IC2103,2020-09-17 09:30:30.700,5853.0000,33695,-1,48038440.000,1,0,1,双平,S,5853.4000,5853.0000,5852.0000,5840.0000,5832.2000,5855.0000,5855.6000,5856.0000,5860.2000,5860.6000,1,1,1,2,1,1,4,2,1,1
SF,IC2103,2020-09-17 09:30:31.200,5853.4000,33694,-1,49209120.000,1,0,1,双平,S,5853.0000,5852.0000,5840.0000,5832.2000,5831.6000,5853.4000,5855.0000,5855.6000,5856.0000,5860.2000,1,1,2,1,1,1,1,4,1,1
SF,IC2103,2020-09-17 09:30:31.700,5853.4000,33694,0,49209120.000,0,-,-,-,-,5852.6000,5852.0000,5840.0000,5832.2000,5831.6000,5853.0000,5853.4000,5854.2000,5855.0000,5855.6000,1,1,2,1,1,3,1,1,1,4
SF,IC2103,2020-09-17 09:30:32.200,5852.0000,33692,-2,51550040.000,2,0,2,双平,S,5840.0000,5832.2000,5831.6000,5826.8000,5820.0000,5851.8000,5852.6000,5853.0000,5853.4000,5854.2000,2,1,1,1,5,2,2,2,1,1
SF,IC2103,2020-09-17 09:30:32.700,5849.0000,33691,-1,52719840.000,1,0,1,双平,S,5847.6000,5847.4000,5846.4000,5842.0000,5840.2000,5851.6000,5851.8000,5852.6000,5853.0000,5853.4000,1,1,3,1,1,2,2,1,2,1
SF,IC2103,2020-09-17 09:30:33.200,5849.0000,33691,0,52719840.000,0,-,-,-,-,5847.8000,5846.4000,5845.4000,5844.8000,5842.0000,5851.4000,5851.6000,5851.8000,5852.6000,5853.0000,1,4,1,1,1,1,1,2,1,2
SF,IC2103,2020-09-17 09:30:33.700,5849.0000,33691,0,52719840.000,0,-,-,-,-,5847.8000,5846.4000,5845.4000,5844.8000,5842.0000,5851.2000,5851.4000,5851.8000,5852.6000,5853.0000,1,4,1,1,1,1,1,2,1,2
SF,IC2103,2020-09-17 09:30:34.200,5849.0000,33691,0,52719840.000,0,-,-,-,-,5847.8000,5845.4000,5844.8000,5842.0000,5840.0000,5851.0000,5851.2000,5851.4000,5851.8000,5852.6000,1,1,1,1,2,1,1,1,2,1
SF,IC2103,2020-09-17 09:30:34.700,5849.0000,33691,0,52719840.000,0,-,-,-,-,5847.8000,5842.0000,5840.0000,5832.2000,5831.6000,5850.8000,5851.0000,5851.4000,5851.8000,5852.6000,1,1,2,1,1,1,1,1,2,1
SF,IC2103,2020-09-17 09:30:35.200,5849.0000,33691,0,52719840.000,0,-,-,-,-,5847.8000,5842.0000,5840.0000,5832.2000,5831.6000,5850.6000,5850.8000,5851.4000,5851.8000,5852.6000,1,1,2,1,1,1,1,1,2,1
SF,IC2103,2020-09-17 09:30:35.700,5849.0000,33691,0,52719840.000,0,-,-,-,-,5849.4000,5847.8000,5842.0000,5840.0000,5832.2000,5850.4000,5851.4000,5851.8000,5852.6000,5856.0000,1,1,1,2,1,1,1,2,1,1
SF,IC2103,2020-09-17 09:30:36.200,5849.4000,33688,-3,57399560.000,4,0,4,多平,S,5842.0000,5840.0000,5832.2000,5831.6000,5826.8000,5849.4000,5850.0000,5850.4000,5851.4000,5851.8000,1,2,1,1,1,1,3,1,1,2
SF,IC2103,2020-09-17 09:30:36.700,5849.4000,33687,-1,58569440.000,1,0,1,双平,S,5846.4000,5845.4000,5845.0000,5844.8000,5842.6000,5849.4000,5851.4000,5851.8000,5852.6000,5856.0000,3,1,1,1,2,1,1,2,1,1
SF,IC2103,2020-09-17 09:30:37.200,5849.4000,33687,0,58569440.000,0,-,-,-,-,5849.8000,5847.6000,5847.4000,5846.6000,5846.4000,5851.4000,5856.0000,5858.8000,5860.2000,5860.6000,2,1,1,1,3,1,1,3,1,1
SF,IC2103,2020-09-17 09:30:37.700,5851.4000,33686,-1,60910000.000,2,0,2,多平,S,5851.4000,5850.0000,5849.8000,5847.6000,5847.4000,5856.0000,5858.8000,5860.2000,5860.6000,5865.0000,1,1,2,1,1,1,3,1,1,11
SF,IC2103,2020-09-17 09:30:38.200,5851.4000,33684,-2,63250560.000,2,0,2,双平,S,5850.0000,5849.8000,5847.6000,5847.4000,5846.4000,5851.4000,5853.6000,5854.2000,5854.4000,5854.8000,1,2,1,1,3,1,5,1,2,2
SF,IC2103,2020-09-17 09:30:38.700,5851.4000,33684,0,63250560.000,0,-,-,-,-,5850.0000,5849.8000,5847.6000,5847.4000,5846.4000,5853.6000,5854.4000,5854.8000,5855.2000,5855.4000,1,2,1,1,3,5,2,2,1,1
SF,IC2103,2020-09-17 09:30:39.200,5851.4000,33684,0,63250560.000,0,-,-,-,-,5849.8000,5847.6000,5847.4000,5846.4000,5842.0000,5850.0000,5852.0000,5853.4000,5855.2000,5856.0000,2,1,1,3,1,2,3,2,1,2
SF,IC2103,2020-09-17 09:30:39.700,5850.0000,33682,-2,65590560.000,2,0,2,双平,S,5850.0000,5849.8000,5847.6000,5847.4000,5846.4000,5853.4000,5855.2000,5856.0000,5858.8000,5860.2000,2,2,1,1,3,2,1,2,3,1
SF,IC2103,2020-09-17 09:30:40.200,5850.0000,33681,-1,66760560.000,1,0,1,双平,S,5849.8000,5847.6000,5847.4000,5846.4000,5842.0000,5853.2000,5853.4000,5855.2000,5856.0000,5858.8000,2,1,1,3,1,1,2,1,2,3
SF,IC2103,2020-09-17 09:30:40.700,5849.8000,33680,-1,67930520.000,1,0,1,双平,S,5849.8000,5846.4000,5842.0000,5840.0000,5832.2000,5852.0000,5852.4000,5853.0000,5855.2000,5856.0000,1,3,1,2,1,2,1,2,1,2
SF,IC2103,2020-09-17 09:30:41.200,5849.8000,33680,0,67930520.000,0,-,-,-,-,5851.6000,5850.6000,5849.8000,5846.4000,5842.0000,5851.8000,5853.0000,5855.2000,5856.0000,5858.8000,1,1,1,3,1,1,1,1,2,3
SF,IC2103,2020-09-17 09:30:41.700,5850.6000,33679,-1,70270960.000,2,0,2,多平,S,5849.8000,5846.4000,5842.0000,5840.0000,5832.2000,5851.6000,5855.2000,5856.0000,5858.8000,5860.2000,1,3,1,2,1,1,1,2,3,1
SF,IC2103,2020-09-17 09:30:42.200,5850.6000,33679,0,70270960.000,0,-,-,-,-,5849.8000,5846.4000,5842.0000,5840.0000,5832.2000,5851.4000,5851.6000,5855.2000,5856.0000,5858.8000,1,3,1,2,1,1,1,1,2,3
SF,IC2103,2020-09-17 09:30:42.700,5850.6000,33679,0,70270960.000,0,-,-,-,-,5849.8000,5846.4000,5842.0000,5840.0000,5832.2000,5851.4000,5851.6000,5855.2000,5856.0000,5858.8000,1,3,1,2,1,1,1,1,2,3
SF,IC2103,2020-09-17 09:30:44.200,5849.8000,33678,-1,71440920.000,1,0,1,双平,S,5846.4000,5842.0000,5840.0000,5832.2000,5831.6000,5851.4000,5851.6000,5855.2000,5856.0000,5858.8000,3,1,2,1,1,1,1,1,2,3
SF,IC2103,2020-09-17 09:30:44.700,5849.8000,33678,0,71440920.000,0,-,-,-,-,5846.6000,5846.4000,5842.0000,5840.0000,5832.2000,5851.2000,5851.4000,5851.6000,5855.2000,5856.0000,1,3,1,2,1,1,1,1,1,2
SF,IC2103,2020-09-17 09:30:45.200,5849.8000,33678,0,71440920.000,0,-,-,-,-,5846.6000,5842.0000,5840.0000,5832.2000,5831.6000,5851.0000,5851.2000,5851.6000,5855.2000,5856.0000,1,1,2,1,1,1,1,1,1,2
SF,IC2103,2020-09-17 09:30:45.700,5849.8000,33678,0,71440920.000,0,-,-,-,-,5846.6000,5842.0000,5840.0000,5832.2000,5831.6000,5850.8000,5851.0000,5851.6000,5855.2000,5856.0000,1,1,2,1,1,1,1,1,1,2
SF,IC2103,2020-09-17 09:30:46.200,5849.8000,33678,0,71440920.000,0,-,-,-,-,5846.6000,5842.0000,5840.0000,5832.2000,5831.6000,5850.6000,5850.8000,5851.6000,5855.2000,5856.0000,1,1,2,1,1,1,1,1,1,2
SF,IC2103,2020-09-17 09:30:46.700,5849.8000,33678,0,71440920.000,0,-,-,-,-,5848.8000,5846.6000,5842.0000,5840.0000,5832.2000,5850.4000,5850.6000,5851.6000,5856.0000,5858.8000,1,1,1,2,1,1,1,1,1,3
SF,IC2103,2020-09-17 09:30:47.200,5848.8000,33677,-1,72610680.000,1,0,1,双平,S,5842.0000,5840.0000,5832.2000,5831.6000,5826.8000,5848.8000,5851.6000,5856.0000,5858.8000,5860.2000,1,2,1,1,1,1,1,1,3,1
SF,IC2103,2020-09-17 09:30:47.700,5848.8000,33677,0,72610680.000,0,-,-,-,-,5844.0000,5843.2000,5842.2000,5842.0000,5840.0000,5848.6000,5856.0000,5858.8000,5860.2000,5860.6000,1,3,2,1,2,1,1,3,1,1
SF,IC2103,2020-09-17 09:30:48.200,5848.8000,33677,0,72610680.000,0,-,-,-,-,5845.6000,5844.2000,5843.2000,5842.2000,5842.0000,5848.6000,5856.0000,5858.8000,5860.2000,5860.6000,1,1,3,1,1,1,1,3,1,1
SF,IC2103,2020-09-17 09:30:48.700,5848.8000,33677,0,72610680.000,0,-,-,-,-,5846.4000,5845.8000,5843.2000,5842.0000,5840.0000,5848.6000,5856.0000,5858.8000,5860.2000,5860.6000,1,1,2,1,2,1,1,3,1,1
SF,IC2103,2020-09-17 09:30:49.200,5848.8000,33676,-1,73780440.000,1,0,1,双平,S,5846.6000,5843.2000,5842.0000,5840.0000,5832.2000,5856.0000,5858.8000,5860.2000,5865.0000,5869.8000,1,2,1,2,1,1,3,1,11,1
SF,IC2103,2020-09-17 09:30:49.700,5848.8000,33676,0,73780440.000,0,-,-,-,-,5846.8000,5846.6000,5843.2000,5842.0000,5840.0000,5850.4000,5850.6000,5851.2000,5851.6000,5852.2000,1,3,2,1,2,1,1,2,2,1
SF,IC2103,2020-09-17 09:30:50.200,5848.8000,33676,0,73780440.000,0,-,-,-,-,5849.0000,5847.0000,5846.8000,5846.6000,5843.2000,5851.8000,5852.6000,5852.8000,5854.2000,5855.8000,5,1,1,2,2,3,1,1,2,1
SF,IC2103,2020-09-17 09:30:50.700,5849.0000,33675,-1,74950240.000,1,0,1,双平,S,5849.2000,5849.0000,5846.6000,5843.2000,5842.0000,5852.6000,5852.8000,5854.2000,5855.8000,5856.0000,1,5,2,2,1,1,1,2,1,1
SF,IC2103,2020-09-17 09:30:51.200,5849.2000,33674,-1,76120080.000,1,0,1,双平,S,5849.0000,5846.6000,5843.2000,5842.0000,5840.0000,5850.6000,5852.4000,5852.6000,5852.8000,5854.2000,5,2,2,1,2,1,4,1,1,2
SF,IC2103,2020-09-17 09:30:51.700,5849.2000,33673,-1,77289920.000,1,0,1,双平,S,5849.0000,5846.6000,5843.2000,5842.0000,5840.0000,5851.0000,5851.4000,5852.4000,5854.2000,5856.0000,5,2,1,1,2,3,1,4,2,1
SF,IC2103,2020-09-17 09:30:52.200,5849.0000,33673,0,78459720.000,1,0,1,多换,S,5849.8000,5849.0000,5846.6000,5843.2000,5842.0000,5850.8000,5851.0000,5851.4000,5852.4000,5854.2000,1,4,2,1,1,1,3,1,3,2
SF,IC2103,2020-09-17 09:30:52.700,5849.8000,33672,-1,79629680.000,1,0,1,双平,S,5849.0000,5846.6000,5843.2000,5842.0000,5840.0000,5850.8000,5851.0000,5851.4000,5852.4000,5854.2000,4,2,1,1,2,1,3,1,3,2
SF,IC2103,2020-09-17 09:30:53.200,5849.0000,33672,0,80799480.000,1,0,1,多换,S,5849.0000,5846.6000,5843.2000,5842.0000,5840.0000,5849.6000,5850.6000,5850.8000,5852.4000,5854.2000,3,2,1,1,2,4,1,1,1,2
SF,IC2103,2020-09-17 09:30:53.700,5850.6000,33668,-4,86649280.000,5,0,5,多平,S,5849.0000,5846.6000,5843.2000,5842.0000,5840.0000,5850.8000,5852.4000,5854.2000,5856.0000,5858.8000,3,2,1,1,2,1,1,2,1,3
SF,IC2103,2020-09-17 09:30:54.700,5850.6000,33668,0,86649280.000,0,-,-,-,-,5849.0000,5846.6000,5843.2000,5842.0000,5840.0000,5850.4000,5850.8000,5852.4000,5854.2000,5856.0000,3,2,1,1,2,1,1,1,1,1
SF,IC2103,2020-09-17 09:30:55.200,5850.4000,33667,-1,87819360.000,1,0,1,双平,S,5849.0000,5846.6000,5843.2000,5842.0000,5840.0000,5850.8000,5854.2000,5856.0000,5858.8000,5865.0000,3,2,1,1,2,1,1,1,3,11
SF,IC2103,2020-09-17 09:30:55.700,5849.2000,33665,-2,90159040.000,2,0,2,双平,S,5849.0000,5846.6000,5843.2000,5842.0000,5840.0000,5850.8000,5854.2000,5856.0000,5858.8000,5865.0000,3,2,1,1,2,1,1,1,3,11
SF,IC2103,2020-09-17 09:30:56.200,5850.8000,33665,0,91329200.000,1,0,1,多换,S,5849.2000,5849.0000,5846.6000,5843.2000,5842.0000,5854.2000,5856.0000,5858.8000,5865.0000,5869.8000,2,3,2,1,1,1,1,3,11,1
SF,IC2103,2020-09-17 09:30:56.700,5850.8000,33665,0,91329200.000,0,-,-,-,-,5849.4000,5849.2000,5849.0000,5846.6000,5842.0000,5854.0000,5856.0000,5858.8000,5865.0000,5869.8000,1,2,3,2,1,1,1,3,11,1
SF,IC2103,2020-09-17 09:30:57.200,5850.8000,33665,0,91329200.000,0,-,-,-,-,5849.6000,5849.4000,5849.2000,5849.0000,5846.6000,5854.0000,5856.0000,5858.8000,5861.2000,5865.0000,2,1,1,3,2,1,1,3,1,11
SF,IC2103,2020-09-17 09:30:57.700,5851.2000,33663,-2,94839320.000,3,0,3,多平,S,5849.6000,5849.2000,5849.0000,5846.6000,5842.0000,5851.2000,5852.4000,5853.4000,5853.8000,5854.0000,1,1,3,2,1,2,2,1,1,1
SF,IC2103,2020-09-17 09:30:58.200,5851.2000,33663,0,94839320.000,0,-,-,-,-,5849.8000,5849.6000,5849.2000,5849.0000,5846.6000,5853.8000,5854.0000,5856.0000,5858.8000,5861.2000,1,1,1,3,2,1,1,1,3,1
SF,IC2103,2020-09-17 09:30:58.700,5851.2000,33663,0,94839320.000,0,-,-,-,-,5849.8000,5849.6000,5849.0000,5848.0000,5846.6000,5853.6000,5853.8000,5856.0000,5858.8000,5861.2000,1,1,3,1,2,2,1,1,3,1
SF,IC2103,2020-09-17 09:30:59.200,5851.2000,33663,0,94839320.000,0,-,-,-,-,5849.8000,5849.6000,5849.0000,5848.0000,5846.6000,5853.4000,5853.6000,5856.0000,5858.8000,5861.2000,1,1,3,1,2,1,2,1,3,1
SF,IC2103,2020-09-17 09:30:59.700,5851.2000,33663,0,94839320.000,0,-,-,-,-,5849.8000,5849.6000,5849.0000,5848.0000,5846.6000,5853.2000,5853.4000,5853.6000,5856.0000,5858.8000,1,1,3,1,2,1,1,1,1,3
SF,IC2103,2020-09-17 09:31:00.200,5853.0000,33663,0,97180520.000,2,1,1,多换,S,5850.0000,5849.8000,5849.0000,5848.0000,5846.6000,5853.2000,5853.6000,5856.0000,5858.8000,5861.2000,1,1,3,1,2,1,1,1,3,1
SF,IC2103,2020-09-17 09:31:00.700,5853.0000,33663,0,97180520.000,0,-,-,-,-,5850.2000,5849.0000,5848.0000,5846.6000,5842.0000,5852.8000,5853.0000,5853.2000,5856.0000,5858.8000,1,3,1,2,1,1,1,1,1,3
SF,IC2103,2020-09-17 09:31:01.200,5853.0000,33663,0,97180520.000,0,-,-,-,-,5849.0000,5848.0000,5846.6000,5842.0000,5840.0000,5852.6000,5852.8000,5856.0000,5858.8000,5861.2000,3,1,2,1,2,2,1,1,3,1
SF,IC2103,2020-09-17 09:31:01.700,5853.0000,33663,0,97180520.000,0,-,-,-,-,5851.8000,5849.2000,5849.0000,5848.0000,5846.6000,5852.6000,5852.8000,5856.0000,5858.8000,5861.2000,5,3,3,1,2,2,1,1,3,1
SF,IC2103,2020-09-17 09:31:02.200,5851.8000,33658,-5,103032320.000,5,0,5,双平,S,5849.2000,5849.0000,5848.0000,5846.6000,5842.0000,5851.8000,5852.8000,5856.0000,5858.8000,5861.2000,3,3,1,2,1,1,1,1,3,1
SF,IC2103,2020-09-17 09:31:02.700,5851.8000,33657,-1,105373040.000,2,0,2,多平,S,5849.4000,5849.2000,5849.0000,5848.0000,5846.6000,5852.8000,5856.0000,5858.8000,5861.2000,5865.0000,1,2,3,1,2,1,1,3,1,11
SF,IC2103,2020-09-17 09:31:03.200,5852.8000,33656,-1,106543600.000,1,0,1,双平,S,5850.6000,5849.6000,5849.4000,5849.2000,5849.0000,5856.0000,5858.8000,5861.2000,5865.0000,5869.8000,1,1,1,2,3,1,3,1,11,1
SF,IC2103,2020-09-17 09:31:03.700,5852.8000,33656,0,106543600.000,0,-,-,-,-,5850.8000,5849.6000,5849.2000,5849.0000,5848.0000,5855.2000,5856.0000,5858.8000,5861.2000,5865.0000,2,1,2,3,1,1,2,3,1,11
SF,IC2103,2020-09-17 09:31:04.200,5852.8000,33656,0,106543600.000,0,-,-,-,-,5850.8000,5849.6000,5849.0000,5848.0000,5846.6000,5855.0000,5856.0000,5858.8000,5861.2000,5865.0000,2,1,3,1,2,1,1,3,1,11
SF,IC2103,2020-09-17 09:31:04.700,5855.0000,33655,-1,107714600.000,1,0,1,双平,S,5850.8000,5849.6000,5849.0000,5848.0000,5846.6000,5856.0000,5858.8000,5861.2000,5865.0000,5869.8000,2,1,3,1,2,1,3,1,11,1
SF,IC2103,2020-09-17 09:31:05.200,5855.0000,33655,0,108885600.000,1,0,1,多换,S,5850.8000,5849.0000,5848.0000,5846.6000,5842.0000,5855.2000,5855.6000,5855.8000,5856.0000,5858.8000,2,3,1,2,1,3,1,1,1,3
SF,IC2103,2020-09-17 09:31:05.700,5855.0000,33655,0,108885600.000,0,-,-,-,-,5851.0000,5850.8000,5849.0000,5848.0000,5846.6000,5855.0000,5855.2000,5855.6000,5858.8000,5861.2000,2,2,3,1,2,1,3,1,3,1
SF,IC2103,2020-09-17 09:31:06.200,5855.0000,33655,0,108885600.000,0,-,-,-,-,5851.2000,5851.0000,5849.0000,5848.0000,5846.6000,5855.2000,5855.6000,5858.8000,5861.2000,5865.0000,2,2,3,1,2,3,1,3,1,11
SF,IC2103,2020-09-17 09:31:06.700,5855.0000,33655,0,108885600.000,0,-,-,-,-,5851.4000,5851.2000,5851.0000,5849.0000,5848.0000,5855.2000,5855.6000,5858.8000,5861.2000,5865.0000,2,2,2,3,1,3,1,3,1,11
SF,IC2103,2020-09-17 09:31:07.200,5855.0000,33655,0,108885600.000,0,-,-,-,-,5855.2000,5851.6000,5851.4000,5851.2000,5851.0000,5858.8000,5861.2000,5865.0000,5869.6000,5869.8000,1,2,2,1,2,3,1,11,1,1
SF,IC2103,2020-09-17 09:31:07.700,5855.2000,33651,-4,113569720.000,4,0,4,双平,S,5851.6000,5851.4000,5851.0000,5850.8000,5849.0000,5854.8000,5857.8000,5858.6000,5858.8000,5861.2000,1,2,2,1,3,1,1,2,3,1
SF,IC2103,2020-09-17 09:31:08.200,5854.8000,33650,-1,114740680.000,1,0,1,双平,S,5851.4000,5851.0000,5850.8000,5849.0000,5848.0000,5854.6000,5855.2000,5858.6000,5858.8000,5861.2000,2,2,1,3,1,1,1,1,3,1
SF,IC2103,2020-09-17 09:31:08.700,5854.8000,33650,0,114740680.000,0,-,-,-,-,5853.2000,5851.6000,5851.4000,5851.0000,5850.8000,5854.6000,5855.2000,5858.6000,5858.8000,5861.2000,1,1,2,2,1,1,1,1,3,1
SF,IC2103,2020-09-17 09:31:09.200,5853.2000,33649,-1,117082240.000,2,0,2,多平,S,5851.6000,5851.4000,5851.0000,5850.8000,5849.0000,5858.6000,5858.8000,5861.2000,5865.0000,5869.6000,1,2,2,1,3,1,3,1,11,1
SF,IC2103,2020-09-17 09:31:09.700,5853.2000,33649,0,117082240.000,0,-,-,-,-,5851.8000,5851.6000,5851.4000,5850.8000,5849.0000,5857.2000,5857.8000,5858.4000,5858.6000,5858.8000,1,1,2,1,3,3,1,2,2,3
SF,IC2103,2020-09-17 09:31:10.200,5853.2000,33649,0,117082240.000,0,-,-,-,-,5852.0000,5851.8000,5850.8000,5849.0000,5848.0000,5856.2000,5857.8000,5858.0000,5858.6000,5858.8000,1,1,1,3,2,1,3,1,1,3
SF,IC2103,2020-09-17 09:31:10.700,5853.2000,33649,0,117082240.000,0,-,-,-,-,5852.2000,5852.0000,5850.8000,5849.0000,5848.0000,5854.4000,5856.0000,5856.2000,5857.8000,5858.6000,1,1,1,3,2,1,3,1,3,1
SF,IC2103,2020-09-17 09:31:11.200,5853.2000,33649,0,117082240.000,0,-,-,-,-,5852.4000,5852.2000,5850.8000,5849.0000,5848.0000,5854.6000,5856.0000,5856.2000,5857.8000,5858.6000,1,1,1,3,2,1,3,1,3,1
SF,IC2103,2020-09-17 09:31:11.700,5853.2000,33649,0,117082240.000,0,-,-,-,-,5852.4000,5852.2000,5850.8000,5849.0000,5848.0000,5853.8000,5856.0000,5857.8000,5858.6000,5858.8000,1,1,1,3,2,1,1,1,1,3
SF,IC2103,2020-09-17 09:31:12.200,5853.2000,33649,0,117082240.000,0,-,-,-,-,5852.6000,5852.4000,5850.8000,5849.0000,5848.0000,5854.6000,5856.0000,5857.8000,5858.6000,5858.8000,1,1,1,3,2,1,1,1,1,3
SF,IC2103,2020-09-17 09:31:12.700,5853.2000,33649,0,117082240.000,0,-,-,-,-,5852.6000,5852.4000,5851.4000,5850.8000,5849.0000,5854.4000,5857.8000,5858.6000,5858.8000,5861.2000,1,1,5,1,3,1,1,1,3,1
SF,IC2103,2020-09-17 09:31:13.200,5853.2000,33649,0,117082240.000,0,-,-,-,-,5852.8000,5851.4000,5850.8000,5849.0000,5848.0000,5854.4000,5854.6000,5857.8000,5858.6000,5858.8000,1,5,1,3,2,1,1,1,1,3
SF,IC2103,2020-09-17 09:31:14.200,5853.2000,33649,0,117082240.000,0,-,-,-,-,5853.6000,5852.8000,5851.4000,5850.8000,5849.0000,5854.4000,5854.6000,5857.8000,5858.6000,5858.8000,1,1,5,1,3,1,1,1,1,3
SF,IC2103,2020-09-17 09:31:14.700,5854.4000,33647,-2,119423800.000,2,0,2,双平,S,5851.4000,5850.8000,5849.0000,5848.0000,5846.6000,5854.6000,5857.8000,5858.8000,5861.2000,5865.0000,5,1,3,2,2,1,1,3,1,11
SF,IC2103,2020-09-17 09:31:15.200,5854.4000,33647,0,119423800.000,0,-,-,-,-,5851.6000,5851.4000,5851.0000,5850.8000,5849.0000,5854.4000,5857.8000,5858.8000,5861.2000,5865.0000,4,5,5,1,3,1,1,3,1,11
SF,IC2103,2020-09-17 09:31:15.700,5854.4000,33646,-1,120594680.000,1,0,1,双平,S,5851.6000,5851.4000,5851.0000,5850.8000,5849.0000,5857.8000,5858.8000,5861.2000,5865.0000,5869.6000,4,5,5,1,3,1,3,1,11,1
SF,IC2103,2020-09-17 09:31:16.200,5854.4000,33646,0,120594680.000,0,-,-,-,-,5851.6000,5851.4000,5851.0000,5850.8000,5849.0000,5855.8000,5857.0000,5857.6000,5857.8000,5858.8000,4,5,5,1,3,3,2,1,1,3
SF,IC2103,2020-09-17 09:31:16.700,5851.6000,33646,0,121765000.000,1,0,1,多换,S,5851.6000,5851.4000,5851.0000,5850.8000,5849.0000,5854.8000,5855.6000,5857.0000,5857.8000,5858.8000,3,5,5,1,3,1,1,1,1,3
SF,IC2103,2020-09-17 09:31:17.200,5851.6000,33646,0,121765000.000,0,-,-,-,-,5851.8000,5851.6000,5851.4000,5851.0000,5850.8000,5855.6000,5857.0000,5857.8000,5858.8000,5861.2000,1,1,5,5,1,1,1,1,3,1
SF,IC2103,2020-09-17 09:31:17.700,5851.6000,33646,0,121765000.000,0,-,-,-,-,5852.0000,5851.8000,5851.4000,5851.0000,5850.8000,5855.4000,5855.6000,5857.0000,5857.8000,5858.8000,1,1,5,5,1,1,1,1,1,3
SF,IC2103,2020-09-17 09:31:18.200,5851.6000,33646,0,121765000.000,0,-,-,-,-,5852.2000,5852.0000,5851.4000,5851.0000,5850.8000,5853.4000,5854.6000,5855.2000,5855.4000,5858.8000,1,1,5,5,1,1,2,2,1,3
SF,IC2103,2020-09-17 09:31:18.700,5852.0000,33646,0,124105800.000,2,1,1,多换,S,5851.4000,5851.0000,5850.8000,5849.0000,5848.0000,5852.2000,5853.2000,5854.6000,5855.2000,5858.8000,5,5,1,3,2,2,1,3,2,3
SF,IC2103,2020-09-17 09:31:19.200,5851.4000,33644,-2,126446360.000,2,0,2,双平,S,5851.6000,5851.4000,5851.0000,5850.8000,5849.0000,5852.2000,5852.8000,5854.6000,5855.2000,5858.8000,2,3,5,1,3,1,1,3,2,3
SF,IC2103,2020-09-17 09:31:19.700,5851.4000,33644,0,126446360.000,0,-,-,-,-,5851.8000,5851.6000,5851.4000,5851.0000,5850.8000,5852.2000,5852.8000,5854.2000,5854.6000,5855.2000,1,2,3,5,1,1,1,1,3,2
SF,IC2103,2020-09-17 09:31:20.200,5851.6000,33643,-1,129957320.000,3,1,2,多平,S,5851.4000,5851.0000,5850.8000,5849.0000,5848.0000,5851.6000,5851.8000,5852.2000,5854.2000,5855.2000,3,5,1,3,2,2,2,1,1,1
SF,IC2103,2020-09-17 09:31:20.700,5851.4000,33641,-2,132297880.000,2,0,2,双平,S,5851.6000,5851.4000,5851.0000,5850.8000,5849.0000,5852.2000,5853.0000,5855.2000,5858.8000,5861.2000,1,1,5,1,3,1,1,1,3,1
SF,IC2103,2020-09-17 09:31:21.200,5851.4000,33641,0,132297880.000,0,-,-,-,-,5851.4000,5851.0000,5850.8000,5849.0000,5848.0000,5851.6000,5852.0000,5852.2000,5853.0000,5853.8000,1,5,1,3,2,1,1,1,1,1
SF,IC2103,2020-09-17 09:31:21.700,5851.4000,33639,-2,134638480.000,2,0,2,双平,S,5851.0000,5850.8000,5849.0000,5848.0000,5846.6000,5851.6000,5851.8000,5852.2000,5853.0000,5853.8000,5,1,3,2,2,3,1,1,1,1
SF,IC2103,2020-09-17 09:31:22.200,5851.4000,33639,0,134638480.000,0,-,-,-,-,5851.0000,5850.8000,5849.0000,5848.0000,5846.6000,5851.4000,5851.6000,5852.2000,5853.0000,5853.8000,5,1,3,2,2,1,3,1,1,1
SF,IC2103,2020-09-17 09:31:22.700,5850.8000,33640,1,141659640.000,6,3,3,空开,S,5849.0000,5848.0000,5846.6000,5841.0000,5840.0000,5851.0000,5851.4000,5851.6000,5852.2000,5853.0000,3,2,2,1,1,3,1,3,1,1
SF,IC2103,2020-09-17 09:31:23.200,5850.8000,33640,0,141659640.000,0,-,-,-,-,5849.2000,5849.0000,5848.0000,5846.6000,5841.0000,5851.0000,5851.4000,5851.6000,5852.2000,5853.0000,1,3,2,2,1,2,1,3,1,1
SF,IC2103,2020-09-17 09:31:23.700,5850.8000,33640,0,141659640.000,0,-,-,-,-,5849.2000,5849.0000,5848.0000,5846.6000,5841.0000,5851.4000,5851.6000,5852.0000,5852.2000,5853.0000,1,3,2,2,1,1,3,2,1,1
SF,IC2103,2020-09-17 09:31:24.200,5850.8000,33640,0,141659640.000,0,-,-,-,-,5849.2000,5849.0000,5848.0000,5846.6000,5841.0000,5851.2000,5851.4000,5851.6000,5852.0000,5852.2000,1,3,2,2,1,1,1,3,2,1
SF,IC2103,2020-09-17 09:31:24.700,5851.0000,33639,-1,142829840.000,1,0,1,双平,S,5849.0000,5848.0000,5846.6000,5841.0000,5840.0000,5851.2000,5851.4000,5851.6000,5852.0000,5852.2000,3,2,2,1,1,1,2,3,2,1
SF,IC2103,2020-09-17 09:31:25.200,5851.0000,33639,0,142829840.000,0,-,-,-,-,5849.0000,5848.0000,5846.6000,5841.0000,5840.0000,5850.0000,5851.2000,5851.4000,5851.6000,5851.8000,3,2,2,1,1,1,2,1,3,2
SF,IC2103,2020-09-17 09:31:25.700,5849.0000,33639,0,146339240.000,3,1,2,多换,S,5848.0000,5846.6000,5841.0000,5840.0000,5835.0000,5851.2000,5851.4000,5851.6000,5851.8000,5852.0000,2,2,1,1,1,2,1,3,2,2
SF,IC2103,2020-09-17 09:31:26.200,5849.0000,33639,0,146339240.000,0,-,-,-,-,5848.0000,5846.6000,5841.0000,5840.0000,5835.0000,5851.0000,5851.2000,5851.4000,5851.6000,5851.8000,2,2,1,1,1,1,2,1,3,2
SF,IC2103,2020-09-17 09:31:26.700,5849.0000,33639,0,146339240.000,0,-,-,-,-,5848.0000,5846.6000,5841.0000,5840.0000,5835.0000,5850.8000,5851.0000,5851.4000,5851.6000,5851.8000,2,2,1,1,1,2,1,1,3,2
SF,IC2103,2020-09-17 09:31:27.200,5848.0000,33639,0,147508840.000,1,0,1,多换,S,5848.0000,5846.6000,5841.0000,5840.0000,5835.0000,5848.6000,5849.2000,5850.0000,5850.6000,5850.8000,1,2,1,1,1,1,1,1,1,2
SF,IC2103,2020-09-17 09:31:27.700,5848.0000,33639,0,148678440.000,1,0,1,多换,S,5846.6000,5841.0000,5840.0000,5835.0000,5833.0000,5848.0000,5849.0000,5849.2000,5849.6000,5850.0000,2,1,1,1,2,1,1,1,2,1
SF,IC2103,2020-09-17 09:31:28.200,5847.6000,33638,-1,152186600.000,3,1,2,多平,S,5841.0000,5840.0000,5835.0000,5833.0000,5832.2000,5848.0000,5849.2000,5849.6000,5850.0000,5850.6000,1,1,1,2,1,1,1,2,1,1
SF,IC2103,2020-09-17 09:31:28.700,5847.6000,33638,0,152186600.000,0,-,-,-,-,5841.2000,5841.0000,5840.0000,5835.0000,5833.0000,5847.8000,5848.0000,5849.2000,5849.6000,5850.0000,1,1,1,1,2,1,3,1,2,1
SF,IC2103,2020-09-17 09:31:29.200,5847.6000,33638,0,152186600.000,0,-,-,-,-,5841.2000,5841.0000,5840.0000,5835.0000,5833.0000,5847.6000,5847.8000,5848.0000,5849.2000,5849.6000,1,2,1,1,2,1,1,3,1,2
SF,IC2103,2020-09-17 09:31:29.700,5847.6000,33638,0,152186600.000,0,-,-,-,-,5842.2000,5841.2000,5841.0000,5840.0000,5835.0000,5847.4000,5847.6000,5848.0000,5849.2000,5849.6000,1,1,2,1,1,1,1,3,1,2
SF,IC2103,2020-09-17 09:31:30.200,5847.6000,33638,0,152186600.000,0,-,-,-,-,5842.4000,5841.0000,5840.0000,5835.0000,5833.0000,5847.4000,5848.0000,5849.2000,5849.6000,5850.0000,1,1,1,1,2,1,3,1,2,1
SF,IC2103,2020-09-17 09:31:30.700,5847.6000,33638,0,152186600.000,0,-,-,-,-,5842.4000,5841.0000,5840.0000,5835.0000,5833.0000,5847.2000,5847.4000,5848.0000,5849.2000,5849.6000,1,1,1,1,2,1,1,3,1,2
SF,IC2103,2020-09-17 09:31:31.200,5847.6000,33638,0,152186600.000,0,-,-,-,-,5842.6000,5842.4000,5841.0000,5840.0000,5835.0000,5847.2000,5848.0000,5849.2000,5849.6000,5850.0000,1,1,1,1,1,1,3,1,2,1
SF,IC2103,2020-09-17 09:31:31.700,5847.6000,33638,0,152186600.000,0,-,-,-,-,5842.8000,5842.6000,5841.0000,5840.0000,5835.0000,5847.2000,5848.0000,5849.2000,5849.6000,5850.0000,1,1,1,1,1,1,3,1,2,1
SF,IC2103,2020-09-17 09:31:32.200,5847.6000,33638,0,152186600.000,0,-,-,-,-,5843.0000,5842.8000,5841.0000,5840.0000,5835.0000,5847.2000,5848.0000,5849.6000,5850.0000,5850.8000,1,1,1,1,1,1,3,2,1,1
SF,IC2103,2020-09-17 09:31:32.700,5847.2000,33637,-1,153356040.000,1,0,1,双平,S,5843.2000,5843.0000,5841.0000,5840.0000,5835.0000,5848.0000,5849.6000,5850.0000,5850.8000,5851.4000,1,1,1,1,1,3,1,1,1,1
SF,IC2103,2020-09-17 09:31:33.200,5843.4000,33637,0,156862440.000,3,1,2,多换,S,5843.4000,5843.2000,5841.0000,5840.0000,5835.0000,5847.8000,5848.0000,5851.4000,5851.8000,5852.0000,2,4,1,1,1,1,3,1,2,2
SF,IC2103,2020-09-17 09:31:33.700,5848.0000,33634,-3,161540800.000,4,0,4,多平,S,5843.6000,5843.4000,5843.2000,5841.0000,5840.0000,5851.4000,5851.8000,5852.0000,5858.8000,5861.2000,2,2,3,1,1,1,2,2,3,1
SF,IC2103,2020-09-17 09:31:34.200,5848.0000,33634,0,161540800.000,0,-,-,-,-,5843.6000,5843.4000,5843.2000,5841.0000,5840.0000,5851.2000,5851.4000,5851.8000,5852.0000,5858.8000,2,2,3,1,1,1,1,2,2,3
SF,IC2103,2020-09-17 09:31:34.700,5844.8000,33632,-2,163878840.000,2,0,2,双平,S,5843.8000,5843.6000,5843.4000,5843.2000,5841.0000,5849.8000,5850.0000,5851.2000,5851.4000,5851.8000,1,2,2,2,1,1,1,1,1,2
SF,IC2103,2020-09-17 09:31:35.200,5844.8000,33632,0,163878840.000,0,-,-,-,-,5844.8000,5844.0000,5843.8000,5843.4000,5843.2000,5849.8000,5850.0000,5851.4000,5851.8000,5852.0000,3,2,1,2,2,1,1,1,2,2
SF,IC2103,2020-09-17 09:31:35.700,5844.8000,33632,0,163878840.000,0,-,-,-,-,5845.0000,5843.8000,5843.4000,5843.2000,5841.0000,5849.8000,5850.0000,5851.4000,5851.8000,5852.0000,4,1,2,2,1,1,1,1,2,2
SF,IC2103,2020-09-17 09:31:36.200,5844.8000,33632,0,163878840.000,0,-,-,-,-,5845.0000,5843.8000,5843.2000,5841.0000,5840.0000,5847.4000,5847.6000,5849.6000,5851.4000,5851.8000,4,1,2,1,1,1,1,1,1,2
SF,IC2103,2020-09-17 09:31:36.700,5847.6000,33631,-1,165048360.000,1,0,1,双平,S,5847.8000,5847.4000,5845.0000,5843.8000,5843.2000,5851.4000,5851.8000,5852.0000,5858.8000,5861.2000,1,1,3,1,2,1,2,2,3,1
SF,IC2103,2020-09-17 09:31:37.200,5847.6000,33631,0,165048360.000,0,-,-,-,-,5848.0000,5847.8000,5847.4000,5843.2000,5841.0000,5850.0000,5851.4000,5851.8000,5852.0000,5858.8000,2,1,2,2,1,1,1,2,2,3
SF,IC2103,2020-09-17 09:31:37.700,5849.8000,33630,-1,166218320.000,1,0,1,双平,S,5848.0000,5847.8000,5843.2000,5841.0000,5840.0000,5850.0000,5851.4000,5851.8000,5852.0000,5858.8000,1,1,2,1,1,1,1,2,2,3
SF,IC2103,2020-09-17 09:31:38.200,5849.8000,33630,0,166218320.000,0,-,-,-,-,5848.0000,5847.8000,5844.0000,5843.2000,5841.0000,5849.8000,5850.0000,5851.4000,5851.8000,5852.0000,1,1,1,2,1,1,1,1,2,2
SF,IC2103,2020-09-17 09:31:38.700,5848.4000,33629,-1,168557600.000,2,0,2,多平,S,5847.8000,5844.0000,5843.2000,5841.0000,5840.0000,5848.4000,5849.8000,5851.4000,5851.8000,5852.0000,1,1,2,1,1,1,1,1,2,2
SF,IC2103,2020-09-17 09:31:39.200,5848.4000,33629,0,169727280.000,1,0,1,多换,S,5847.8000,5845.0000,5844.0000,5843.2000,5841.0000,5849.8000,5851.4000,5851.8000,5852.0000,5858.8000,1,5,1,2,1,1,1,2,2,3
SF,IC2103,2020-09-17 09:31:39.700,5848.4000,33629,0,169727280.000,0,-,-,-,-,5847.8000,5845.0000,5844.0000,5843.2000,5841.0000,5848.8000,5849.0000,5849.8000,5851.4000,5851.8000,1,5,1,2,1,1,2,1,1,2
SF,IC2103,2020-09-17 09:31:40.200,5848.4000,33629,0,169727280.000,0,-,-,-,-,5848.0000,5847.8000,5845.0000,5844.0000,5843.2000,5849.0000,5851.4000,5851.8000,5852.0000,5858.8000,1,1,5,1,2,2,1,2,2,3
SF,IC2103,2020-09-17 09:31:40.700,5848.4000,33629,0,169727280.000,0,-,-,-,-,5848.2000,5848.0000,5847.8000,5845.0000,5844.0000,5849.0000,5851.4000,5851.8000,5852.0000,5858.8000,1,1,1,5,1,2,1,2,2,3
SF,IC2103,2020-09-17 09:31:41.200,5849.0000,33629,0,172066880.000,2,1,1,多换,S,5848.2000,5848.0000,5847.8000,5845.0000,5844.0000,5849.6000,5851.4000,5851.8000,5852.0000,5858.8000,1,1,1,5,1,2,1,2,2,3
SF,IC2103,2020-09-17 09:31:41.700,5849.0000,33629,0,172066880.000,0,-,-,-,-,5848.4000,5848.2000,5848.0000,5847.8000,5847.2000,5849.6000,5851.4000,5851.8000,5852.0000,5858.8000,1,1,2,1,5,2,1,2,2,3
SF,IC2103,2020-09-17 09:31:42.200,5849.6000,33629,0,174406720.000,2,1,1,多换,S,5848.6000,5848.4000,5848.2000,5848.0000,5847.8000,5851.4000,5851.8000,5852.0000,5858.8000,5861.2000,1,1,1,2,1,1,2,2,3,1
SF,IC2103,2020-09-17 09:31:42.700,5849.6000,33629,0,174406720.000,0,-,-,-,-,5848.8000,5848.6000,5848.0000,5847.2000,5845.0000,5849.8000,5851.2000,5851.4000,5851.8000,5852.0000,1,1,2,5,5,1,1,1,2,2
SF,IC2103,2020-09-17 09:31:43.200,5849.8000,33629,0,175576680.000,1,0,1,多换,S,5848.8000,5848.0000,5847.2000,5845.0000,5844.0000,5850.2000,5851.2000,5851.4000,5851.8000,5852.0000,1,2,5,5,1,2,1,1,2,2
SF,IC2103,2020-09-17 09:31:43.700,5848.8000,33628,-1,177916200.000,2,0,2,多平,S,5848.0000,5847.2000,5845.0000,5844.0000,5843.2000,5848.8000,5850.2000,5851.2000,5851.4000,5851.8000,2,5,5,1,2,1,2,1,1,2
SF,IC2103,2020-09-17 09:31:44.200,5848.8000,33628,0,179085960.000,1,0,1,多换,S,5849.6000,5848.2000,5848.0000,5847.2000,5845.0000,5850.2000,5851.2000,5851.4000,5851.8000,5852.0000,1,1,2,5,5,2,1,1,2,2
SF,IC2103,2020-09-17 09:31:44.700,5848.2000,33626,-2,181425520.000,2,0,2,双平,S,5848.0000,5847.2000,5845.0000,5844.0000,5843.2000,5849.6000,5850.2000,5851.4000,5851.8000,5852.0000,2,5,5,2,2,1,2,1,2,2
SF,IC2103,2020-09-17 09:31:45.200,5849.6000,33626,0,182595440.000,1,0,1,多换,S,5848.2000,5848.0000,5847.2000,5845.0000,5844.0000,5850.2000,5851.4000,5851.8000,5852.0000,5858.8000,2,2,5,5,2,2,1,2,2,3
SF,IC2103,2020-09-17 09:31:46.700,5849.6000,33626,0,182595440.000,0,-,-,-,-,5849.6000,5848.2000,5848.0000,5847.2000,5845.0000,5850.2000,5851.4000,5851.8000,5852.0000,5858.8000,1,2,2,5,5,2,1,2,2,3
SF,IC2103,2020-09-17 09:31:47.200,5849.6000,33626,0,182595440.000,0,-,-,-,-,5848.2000,5848.0000,5847.2000,5845.0000,5844.0000,5849.6000,5850.2000,5851.4000,5851.8000,5852.0000,1,2,5,5,2,1,2,1,2,2
SF,IC2103,2020-09-17 09:31:47.700,5849.6000,33625,-1,183765360.000,1,0,1,双平,S,5848.2000,5848.0000,5847.2000,5845.0000,5844.0000,5850.2000,5851.4000,5851.8000,5852.0000,5858.8000,1,2,5,5,2,2,1,2,2,3
SF,IC2103,2020-09-17 09:31:48.200,5849.6000,33625,0,184935280.000,1,0,1,多换,S,5848.2000,5848.0000,5847.2000,5845.0000,5844.0000,5850.2000,5851.4000,5851.8000,5852.0000,5858.8000,1,2,5,5,2,2,1,2,2,3
SF,IC2103,2020-09-17 09:31:48.700,5849.6000,33625,0,184935280.000,0,-,-,-,-,5848.2000,5848.0000,5847.2000,5845.0000,5844.0000,5850.2000,5851.4000,5851.8000,5852.0000,5858.8000,2,2,5,5,2,2,1,2,2,3
SF,IC2103,2020-09-17 09:31:49.200,5849.6000,33625,0,184935280.000,0,-,-,-,-,5848.4000,5848.2000,5848.0000,5847.2000,5845.0000,5850.2000,5851.4000,5851.8000,5852.0000,5858.8000,1,2,2,5,5,2,1,2,2,3
SF,IC2103,2020-09-17 09:31:49.700,5849.6000,33625,0,184935280.000,0,-,-,-,-,5849.2000,5848.4000,5848.2000,5848.0000,5847.2000,5850.2000,5851.4000,5851.8000,5852.0000,5858.8000,1,2,1,2,5,2,1,2,2,3
SF,IC2103,2020-09-17 09:31:50.200,5849.4000,33624,-1,186105160.000,1,0,1,双平,S,5848.4000,5848.2000,5848.0000,5847.2000,5845.0000,5850.2000,5851.4000,5851.8000,5852.0000,5858.8000,2,1,2,5,5,2,1,2,2,3
SF,IC2103,2020-09-17 09:31:50.700,5849.4000,33624,0,186105160.000,0,-,-,-,-,5848.6000,5848.4000,5848.0000,5847.2000,5845.0000,5850.2000,5851.4000,5851.8000,5852.0000,5858.8000,1,2,2,5,5,2,1,2,2,3
SF,IC2103,2020-09-17 09:31:51.200,5849.4000,33624,0,186105160.000,0,-,-,-,-,5848.6000,5848.4000,5848.0000,5847.2000,5845.0000,5850.2000,5851.4000,5851.8000,5852.0000,5858.8000,1,2,2,5,5,2,1,2,2,3
SF,IC2103,2020-09-17 09:31:51.700,5849.4000,33624,0,186105160.000,0,-,-,-,-,5848.6000,5848.4000,5848.0000,5847.2000,5845.0000,5850.2000,5851.4000,5851.8000,5852.0000,5858.8000,1,1,2,5,5,2,1,2,2,3
SF,IC2103,2020-09-17 09:31:52.700,5849.4000,33624,0,186105160.000,0,-,-,-,-,5848.6000,5848.4000,5848.0000,5847.2000,5845.0000,5850.2000,5851.4000,5851.8000,5852.0000,5858.8000,1,1,3,5,5,2,1,2,2,3
SF,IC2103,2020-09-17 09:31:53.700,5849.4000,33624,0,186105160.000,0,-,-,-,-,5848.8000,5848.6000,5848.4000,5848.0000,5847.2000,5850.2000,5851.4000,5851.8000,5852.0000,5858.8000,1,1,1,3,5,2,1,2,2,3
SF,IC2103,2020-09-17 09:31:54.200,5848.8000,33623,-1,187274920.000,1,0,1,双平,S,5848.6000,5848.4000,5848.0000,5847.2000,5845.0000,5848.8000,5850.2000,5851.4000,5851.8000,5852.0000,1,1,3,5,5,1,2,1,2,2
SF,IC2103,2020-09-17 09:31:54.700,5848.6000,33619,-4,191953880.000,4,0,4,双平,S,5848.4000,5848.0000,5847.2000,5845.0000,5844.0000,5850.2000,5851.4000,5851.8000,5852.0000,5858.8000,1,3,5,5,2,2,1,2,2,3
SF,IC2103,2020-09-17 09:31:55.200,5848.6000,33618,-1,193123600.000,1,0,1,双平,S,5849.0000,5848.8000,5848.4000,5848.0000,5847.2000,5850.0000,5850.2000,5851.4000,5851.8000,5852.0000,1,2,1,3,5,1,2,1,2,2
SF,IC2103,2020-09-17 09:31:55.700,5848.6000,33618,0,193123600.000,0,-,-,-,-,5849.0000,5848.8000,5848.4000,5848.0000,5847.2000,5850.0000,5850.2000,5851.4000,5851.8000,5852.0000,1,1,1,3,5,1,2,1,2,2
SF,IC2103,2020-09-17 09:31:56.700,5848.6000,33618,0,193123600.000,0,-,-,-,-,5849.0000,5848.8000,5848.4000,5848.0000,5847.2000,5850.0000,5850.2000,5851.4000,5851.8000,5852.0000,1,1,1,3,5,1,2,1,2,2
SF,IC2103,2020-09-17 09:31:57.700,5848.6000,33618,0,193123600.000,0,-,-,-,-,5848.8000,5848.4000,5848.0000,5847.2000,5845.0000,5850.0000,5850.2000,5851.4000,5851.8000,5852.0000,1,1,3,5,5,1,2,1,2,2
SF,IC2103,2020-09-17 09:31:58.200,5850.0000,33617,-1,194293600.000,1,0,1,双平,S,5848.8000,5848.4000,5848.0000,5847.8000,5847.2000,5850.2000,5851.4000,5851.8000,5852.0000,5858.8000,1,1,3,1,5,2,1,2,2,3
SF,IC2103,2020-09-17 09:31:58.700,5850.0000,33617,0,194293600.000,0,-,-,-,-,5848.4000,5848.0000,5847.8000,5847.2000,5845.0000,5850.2000,5851.4000,5851.8000,5852.0000,5858.8000,1,3,1,5,5,2,1,2,2,3
SF,IC2103,2020-09-17 09:31:59.200,5850.0000,33617,0,194293600.000,0,-,-,-,-,5848.4000,5848.0000,5847.8000,5847.2000,5846.6000,5850.2000,5851.4000,5851.8000,5852.0000,5858.8000,1,3,1,5,1,2,1,2,2,3
SF,IC2103,2020-09-17 09:31:59.700,5850.0000,33617,0,194293600.000,0,-,-,-,-,5848.4000,5848.0000,5847.8000,5847.2000,5846.6000,5849.8000,5850.2000,5851.4000,5851.8000,5852.0000,1,3,1,5,1,1,2,1,2,2
SF,IC2103,2020-09-17 09:32:00.200,5850.2000,33615,-2,198973600.000,4,1,3,多平,S,5848.4000,5848.0000,5847.8000,5847.2000,5846.6000,5848.8000,5851.4000,5851.8000,5852.0000,5858.8000,1,3,1,5,1,1,1,2,2,3
SF,IC2103,2020-09-17 09:32:00.700,5849.2000,33615,0,201313280.000,2,1,1,多换,S,5848.4000,5848.0000,5847.8000,5847.2000,5846.6000,5851.4000,5851.8000,5852.0000,5858.8000,5861.2000,1,3,1,5,1,1,2,2,3,1
SF,IC2103,2020-09-17 09:32:01.200,5849.2000,33615,0,201313280.000,0,-,-,-,-,5848.6000,5848.4000,5848.0000,5847.8000,5847.2000,5850.6000,5851.2000,5851.4000,5851.8000,5852.0000,1,1,3,1,5,1,2,1,2,2
SF,IC2103,2020-09-17 09:32:01.700,5849.2000,33615,0,201313280.000,0,-,-,-,-,5848.0000,5847.8000,5847.2000,5846.6000,5845.0000,5848.6000,5850.4000,5850.6000,5851.2000,5851.4000,3,1,5,1,5,1,1,1,2,1
SF,IC2103,2020-09-17 09:32:02.200,5849.2000,33615,0,201313280.000,0,-,-,-,-,5848.0000,5847.8000,5847.2000,5846.6000,5845.0000,5850.0000,5850.4000,5850.6000,5851.2000,5851.4000,3,1,5,1,5,1,1,1,2,1
SF,IC2103,2020-09-17 09:32:02.700,5849.2000,33615,0,201313280.000,0,-,-,-,-,5848.0000,5847.8000,5847.2000,5846.6000,5845.4000,5849.8000,5850.0000,5851.2000,5851.4000,5851.8000,3,1,5,1,1,4,1,2,1,2
SF,IC2103,2020-09-17 09:32:03.200,5848.0000,33616,1,202482880.000,1,1,0,双开,S,5848.0000,5847.8000,5847.2000,5846.6000,5845.4000,5849.6000,5849.8000,5850.0000,5851.2000,5851.4000,2,1,5,1,1,1,3,1,2,1
SF,IC2103,2020-09-17 09:32:03.700,5848.0000,33616,0,202482880.000,0,-,-,-,-,5848.0000,5847.8000,5847.2000,5846.6000,5845.4000,5848.6000,5849.4000,5849.6000,5849.8000,5850.0000,2,1,5,1,1,1,1,1,3,1
SF,IC2103,2020-09-17 09:32:04.200,5848.0000,33616,0,202482880.000,0,-,-,-,-,5848.6000,5848.0000,5847.8000,5847.2000,5846.6000,5849.4000,5849.6000,5850.0000,5851.2000,5851.4000,1,2,1,5,1,1,1,1,2,1
SF,IC2103,2020-09-17 09:32:04.700,5848.0000,33616,0,202482880.000,0,-,-,-,-,5848.0000,5847.8000,5847.2000,5846.6000,5845.4000,5849.6000,5851.2000,5851.4000,5851.8000,5852.0000,2,1,5,1,1,1,2,1,2,2
SF,IC2103,2020-09-17 09:32:05.200,5849.6000,33615,-1,203652800.000,1,0,1,双平,S,5848.2000,5848.0000,5847.8000,5847.2000,5846.6000,5851.2000,5851.4000,5851.8000,5852.0000,5858.8000,2,2,1,5,1,2,1,2,2,3
SF,IC2103,2020-09-17 09:32:05.700,5849.6000,33615,0,203652800.000,0,-,-,-,-,5848.4000,5848.2000,5848.0000,5847.8000,5847.2000,5851.0000,5851.2000,5851.4000,5851.8000,5852.0000,1,2,2,1,5,1,1,1,2,2
SF,IC2103,2020-09-17 09:32:06.200,5849.8000,33614,-1,204822760.000,1,0,1,双平,S,5848.4000,5848.2000,5848.0000,5847.8000,5847.2000,5850.8000,5851.0000,5851.2000,5851.4000,5851.8000,2,2,2,1,5,1,1,1,1,2
SF,IC2103,2020-09-17 09:32:06.700,5849.8000,33614,0,204822760.000,0,-,-,-,-,5848.4000,5848.2000,5848.0000,5847.8000,5847.2000,5850.6000,5850.8000,5851.2000,5851.4000,5851.8000,2,1,2,1,5,1,1,1,1,2
SF,IC2103,2020-09-17 09:32:07.200,5849.8000,33614,0,204822760.000,0,-,-,-,-,5848.4000,5848.0000,5847.8000,5847.2000,5846.6000,5850.6000,5850.8000,5851.2000,5851.4000,5851.8000,2,2,1,5,1,1,1,1,1,2
SF,IC2103,2020-09-17 09:32:07.700,5849.8000,33614,0,204822760.000,0,-,-,-,-,5848.4000,5848.0000,5847.8000,5847.2000,5846.6000,5850.6000,5850.8000,5851.2000,5851.4000,5851.8000,2,2,1,5,1,1,1,1,1,2
SF,IC2103,2020-09-17 09:32:08.200,5849.8000,33614,0,205992720.000,1,0,1,多换,S,5848.4000,5848.0000,5847.8000,5847.2000,5846.6000,5849.6000,5849.8000,5850.0000,5850.4000,5850.6000,2,2,1,5,1,1,1,1,2,1
SF,IC2103,2020-09-17 09:32:08.700,5848.4000,33612,-2,208332080.000,2,0,2,双平,S,5848.0000,5847.8000,5847.2000,5846.6000,5845.4000,5849.0000,5849.4000,5849.8000,5850.0000,5850.4000,2,1,5,1,1,2,1,1,1,1
SF,IC2103,2020-09-17 09:32:09.200,5849.0000,33614,2,210671680.000,2,2,0,双开,S,5849.0000,5848.0000,5847.8000,5847.2000,5846.6000,5849.4000,5849.8000,5850.0000,5850.4000,5850.8000,3,2,1,5,1,1,1,1,1,1
SF,IC2103,2020-09-17 09:32:09.700,5849.0000,33614,0,214181080.000,3,1,2,多换,S,5848.0000,5847.8000,5847.2000,5845.4000,5844.0000,5849.2000,5849.4000,5849.8000,5850.0000,5850.4000,2,1,5,1,2,1,1,1,1,1
SF,IC2103,2020-09-17 09:32:10.200,5849.0000,33614,0,214181080.000,0,-,-,-,-,5848.0000,5847.8000,5847.2000,5845.4000,5844.0000,5849.0000,5849.2000,5849.8000,5850.0000,5850.4000,2,1,5,1,2,1,1,3,1,1
SF,IC2103,2020-09-17 09:32:10.700,5849.0000,33614,0,214181080.000,0,-,-,-,-,5848.0000,5847.8000,5847.2000,5845.4000,5844.0000,5848.8000,5849.0000,5849.2000,5849.8000,5850.0000,2,1,5,1,2,1,1,1,3,1
SF,IC2103,2020-09-17 09:32:11.200,5849.0000,33614,0,214181080.000,0,-,-,-,-,5848.0000,5847.8000,5847.2000,5845.4000,5844.0000,5848.8000,5849.0000,5849.2000,5849.8000,5850.0000,2,1,5,1,2,1,1,1,3,1
SF,IC2103,2020-09-17 09:32:11.700,5849.0000,33614,0,214181080.000,0,-,-,-,-,5848.4000,5848.0000,5847.8000,5847.2000,5845.4000,5848.8000,5849.0000,5849.2000,5849.8000,5850.0000,1,2,1,5,1,1,1,1,3,1
SF,IC2103,2020-09-17 09:32:12.200,5848.4000,33613,-1,215350760.000,1,0,1,双平,S,5848.0000,5847.8000,5847.2000,5845.4000,5844.0000,5848.8000,5849.0000,5849.2000,5849.8000,5850.0000,2,1,5,1,2,1,1,1,3,1
SF,IC2103,2020-09-17 09:32:12.700,5848.0000,33613,0,217689960.000,2,1,1,多换,S,5847.2000,5845.4000,5844.0000,5841.0000,5840.0000,5847.8000,5848.0000,5848.2000,5848.8000,5849.0000,5,1,2,6,1,1,1,2,1,1
SF,IC2103,2020-09-17 09:32:13.200,5847.2000,33610,-3,221198280.000,3,0,3,双平,S,5847.2000,5845.4000,5844.0000,5841.0000,5840.0000,5848.0000,5848.2000,5848.8000,5849.0000,5849.2000,2,1,2,6,1,1,2,1,2,1
SF,IC2103,2020-09-17 09:32:13.700,5847.2000,33609,-1,223537160.000,2,0,2,多平,S,5845.4000,5845.0000,5844.0000,5841.0000,5840.0000,5848.0000,5848.2000,5848.8000,5849.0000,5849.2000,1,1,2,6,1,1,2,1,1,1
SF,IC2103,2020-09-17 09:32:14.200,5847.2000,33609,0,223537160.000,0,-,-,-,-,5845.6000,5845.4000,5845.0000,5844.0000,5841.0000,5848.2000,5848.8000,5849.0000,5849.2000,5849.8000,2,1,1,2,6,2,1,1,1,4
SF,IC2103,2020-09-17 09:32:14.700,5847.2000,33609,0,223537160.000,0,-,-,-,-,5845.8000,5845.6000,5845.4000,5845.0000,5844.0000,5848.0000,5848.2000,5849.0000,5849.8000,5850.0000,2,1,1,1,2,1,2,1,4,1
SF,IC2103,2020-09-17 09:32:15.200,5848.0000,33608,-1,224706760.000,1,0,1,双平,S,5846.0000,5845.8000,5845.4000,5845.0000,5844.0000,5849.0000,5849.8000,5850.0000,5850.8000,5851.2000,1,2,1,1,2,1,4,1,2,1
SF,IC2103,2020-09-17 09:32:15.700,5848.0000,33608,0,224706760.000,0,-,-,-,-,5848.0000,5846.2000,5846.0000,5845.8000,5845.4000,5849.0000,5849.8000,5850.0000,5850.8000,5851.2000,1,3,1,2,1,1,4,1,2,1
SF,IC2103,2020-09-17 09:32:16.200,5848.0000,33608,0,224706760.000,0,-,-,-,-,5848.0000,5846.2000,5846.0000,5845.8000,5845.4000,5849.0000,5849.8000,5850.0000,5850.8000,5851.2000,1,3,1,2,1,1,4,1,2,1
SF,IC2103,2020-09-17 09:32:16.700,5848.0000,33608,0,224706760.000,0,-,-,-,-,5846.2000,5846.0000,5845.4000,5845.0000,5844.0000,5848.8000,5849.0000,5849.8000,5850.0000,5850.8000,3,1,1,1,2,2,1,4,1,2
SF,IC2103,2020-09-17 09:32:17.200,5848.0000,33608,0,224706760.000,0,-,-,-,-,5848.6000,5846.4000,5846.2000,5845.4000,5845.0000,5848.8000,5849.0000,5849.8000,5850.0000,5850.8000,1,1,3,1,1,1,1,4,1,2
SF,IC2103,2020-09-17 09:32:17.700,5848.6000,33607,-1,225876480.000,1,0,1,双平,S,5846.4000,5846.2000,5845.4000,5845.0000,5844.0000,5848.6000,5848.8000,5849.0000,5849.8000,5850.0000,1,3,1,1,2,2,1,1,4,1
SF,IC2103,2020-09-17 09:32:18.200,5848.6000,33606,-1,227046200.000,1,0,1,双平,S,5846.4000,5846.2000,5845.4000,5845.0000,5844.0000,5849.0000,5849.8000,5850.0000,5850.8000,5851.2000,1,3,1,1,2,1,4,1,2,1
SF,IC2103,2020-09-17 09:32:18.700,5848.6000,33606,0,227046200.000,0,-,-,-,-,5846.6000,5846.4000,5846.2000,5845.4000,5845.0000,5849.0000,5849.8000,5850.0000,5850.8000,5851.2000,1,1,2,1,1,1,4,1,2,1
SF,IC2103,2020-09-17 09:32:19.200,5848.6000,33606,0,227046200.000,0,-,-,-,-,5847.0000,5846.8000,5846.6000,5846.2000,5845.4000,5848.8000,5849.0000,5849.8000,5850.0000,5850.8000,2,1,1,2,1,1,1,4,1,2
SF,IC2103,2020-09-17 09:32:19.700,5847.2000,33605,-1,228215640.000,1,0,1,双平,S,5847.0000,5846.6000,5846.2000,5845.4000,5845.0000,5848.8000,5849.0000,5849.8000,5850.0000,5850.8000,2,1,2,1,1,1,1,4,1,2
SF,IC2103,2020-09-17 09:32:20.200,5847.2000,33605,0,228215640.000,0,-,-,-,-,5847.0000,5846.6000,5845.4000,5845.0000,5844.0000,5847.4000,5847.6000,5848.6000,5848.8000,5849.0000,2,1,1,1,2,1,1,1,1,1
SF,IC2103,2020-09-17 09:32:20.700,5847.2000,33606,1,232893320.000,4,2,2,空开,S,5845.4000,5845.0000,5844.0000,5841.0000,5840.0000,5847.4000,5847.6000,5848.6000,5848.8000,5849.0000,1,1,2,6,1,1,1,1,1,1
SF,IC2103,2020-09-17 09:32:21.200,5847.2000,33606,0,232893320.000,0,-,-,-,-,5845.6000,5845.4000,5845.0000,5844.0000,5841.0000,5847.4000,5847.6000,5848.6000,5848.8000,5849.0000,1,1,1,2,6,1,1,1,1,1
SF,IC2103,2020-09-17 09:32:22.700,5846.6000,33605,-1,234062640.000,1,0,1,双平,S,5845.6000,5845.4000,5845.0000,5844.0000,5841.0000,5847.4000,5847.6000,5848.6000,5848.8000,5849.0000,1,1,1,1,6,1,1,1,1,1
SF,IC2103,2020-09-17 09:32:23.200,5845.4000,33605,0,235231720.000,1,0,1,多换,S,5845.0000,5844.0000,5841.0000,5840.0000,5835.0000,5847.2000,5847.4000,5847.6000,5848.8000,5849.0000,1,1,6,1,1,1,1,1,1,1
SF,IC2103,2020-09-17 09:32:23.700,5845.0000,33605,0,236400720.000,1,0,1,多换,S,5844.0000,5841.0000,5840.0000,5835.0000,5833.0000,5846.4000,5847.2000,5847.4000,5847.6000,5848.8000,1,6,1,1,2,2,1,1,1,1
SF,IC2103,2020-09-17 09:32:24.200,5845.0000,33605,0,236400720.000,0,-,-,-,-,5844.2000,5844.0000,5841.0000,5840.0000,5835.0000,5846.4000,5847.2000,5847.4000,5847.6000,5848.8000,1,1,6,1,1,2,1,1,1,1
SF,IC2103,2020-09-17 09:32:24.700,5845.0000,33605,0,236400720.000,0,-,-,-,-,5844.2000,5844.0000,5841.0000,5840.0000,5835.0000,5845.4000,5846.2000,5846.4000,5847.4000,5848.8000,1,1,6,1,1,1,1,2,1,1
SF,IC2103,2020-09-17 09:32:25.200,5845.0000,33605,0,236400720.000,0,-,-,-,-,5844.0000,5841.0000,5840.0000,5835.0000,5833.0000,5844.8000,5845.4000,5846.2000,5846.4000,5848.8000,1,6,1,1,2,1,1,1,2,1
SF,IC2103,2020-09-17 09:32:25.700,5844.0000,33604,-1,237569520.000,1,0,1,双平,S,5841.0000,5840.0000,5835.0000,5833.0000,5832.2000,5844.8000,5845.0000,5845.4000,5846.4000,5848.8000,6,1,1,2,1,1,1,1,2,1
SF,IC2103,2020-09-17 09:32:26.200,5844.0000,33604,0,237569520.000,0,-,-,-,-,5841.2000,5841.0000,5840.0000,5835.0000,5833.0000,5843.2000,5844.6000,5844.8000,5845.0000,5846.4000,2,6,1,1,2,2,3,1,1,1
SF,IC2103,2020-09-17 09:32:26.700,5844.0000,33604,0,237569520.000,0,-,-,-,-,5841.2000,5841.0000,5840.0000,5835.0000,5833.0000,5844.6000,5844.8000,5845.0000,5846.4000,5848.8000,1,6,1,1,2,2,1,1,1,1
SF,IC2103,2020-09-17 09:32:27.200,5844.0000,33604,0,237569520.000,0,-,-,-,-,5841.4000,5841.2000,5841.0000,5840.0000,5835.0000,5843.2000,5844.4000,5844.6000,5844.8000,5845.0000,1,1,6,1,1,2,1,2,1,1
SF,IC2103,2020-09-17 09:32:27.700,5843.2000,33602,-2,239906800.000,2,0,2,双平,S,5843.2000,5841.6000,5841.0000,5840.0000,5835.0000,5844.6000,5844.8000,5845.0000,5846.4000,5848.8000,2,1,6,1,1,2,1,1,1,1
SF,IC2103,2020-09-17 09:32:28.200,5843.2000,33602,0,239906800.000,0,-,-,-,-,5843.2000,5841.6000,5841.0000,5840.0000,5835.0000,5844.6000,5845.0000,5846.4000,5848.8000,5849.8000,2,1,6,1,1,2,1,1,1,2
SF,IC2103,2020-09-17 09:32:28.700,5844.4000,33601,-1,241075680.000,1,0,1,双平,S,5843.2000,5841.6000,5841.0000,5840.0000,5835.0000,5844.6000,5845.0000,5846.4000,5848.8000,5849.8000,2,1,6,1,1,2,1,1,1,2
SF,IC2103,2020-09-17 09:32:29.200,5844.4000,33601,0,241075680.000,0,-,-,-,-,5843.4000,5843.2000,5841.0000,5840.0000,5835.0000,5844.6000,5845.0000,5846.4000,5848.8000,5849.8000,1,2,6,1,1,2,1,1,1,2
SF,IC2103,2020-09-17 09:32:29.700,5844.4000,33601,0,241075680.000,0,-,-,-,-,5843.4000,5843.2000,5841.0000,5840.0000,5835.0000,5844.6000,5845.0000,5846.4000,5848.8000,5849.8000,1,2,6,1,1,2,1,1,1,2
SF,IC2103,2020-09-17 09:32:30.700,5844.4000,33601,0,241075680.000,0,-,-,-,-,5843.4000,5841.0000,5840.0000,5835.0000,5833.0000,5844.6000,5845.0000,5846.4000,5848.8000,5849.8000,1,6,1,1,2,2,1,1,1,2
SF,IC2103,2020-09-17 09:32:31.200,5844.6000,33599,-2,243413520.000,2,0,2,双平,S,5844.6000,5843.4000,5841.0000,5840.0000,5835.0000,5845.0000,5846.4000,5848.8000,5849.8000,5850.8000,1,1,6,1,1,1,1,1,2,2
SF,IC2103,2020-09-17 09:32:31.700,5845.0000,33599,0,244582520.000,1,0,1,多换,S,5844.6000,5844.0000,5843.4000,5841.0000,5840.0000,5846.4000,5849.8000,5850.8000,5851.2000,5851.4000,1,1,1,6,1,1,2,2,1,3
SF,IC2103,2020-09-17 09:32:32.200,5846.4000,33599,0,245751800.000,1,0,1,多换,S,5844.8000,5844.6000,5841.0000,5840.0000,5835.0000,5849.8000,5850.8000,5851.2000,5851.4000,5851.8000,1,1,6,1,1,2,2,1,3,2
SF,IC2103,2020-09-17 09:32:32.700,5846.4000,33599,0,245751800.000,0,-,-,-,-,5845.0000,5844.8000,5844.6000,5841.0000,5840.0000,5847.4000,5847.6000,5848.2000,5849.4000,5849.6000,1,1,1,6,1,1,1,3,2,2
SF,IC2103,2020-09-17 09:32:33.200,5846.4000,33599,0,245751800.000,0,-,-,-,-,5845.2000,5845.0000,5844.6000,5841.0000,5840.0000,5847.4000,5849.2000,5849.6000,5849.8000,5850.8000,1,1,1,6,1,1,1,1,2,2
SF,IC2103,2020-09-17 09:32:33.700,5846.4000,33599,0,245751800.000,0,-,-,-,-,5845.4000,5845.2000,5845.0000,5844.6000,5841.0000,5847.2000,5847.4000,5849.6000,5849.8000,5850.8000,1,1,1,1,6,1,1,1,2,2
SF,IC2103,2020-09-17 09:32:34.200,5846.4000,33599,0,245751800.000,0,-,-,-,-,5845.6000,5845.4000,5845.0000,5841.0000,5840.0000,5847.2000,5847.4000,5849.6000,5849.8000,5850.8000,1,1,1,6,1,1,1,1,2,2
SF,IC2103,2020-09-17 09:32:34.700,5845.6000,33598,-1,246920920.000,1,0,1,双平,S,5845.0000,5841.0000,5840.0000,5836.0000,5835.0000,5849.6000,5849.8000,5850.8000,5851.2000,5851.4000,1,6,1,1,1,1,2,2,1,3
SF,IC2103,2020-09-17 09:32:35.200,5845.6000,33598,0,246920920.000,0,-,-,-,-,5845.0000,5841.0000,5840.0000,5836.0000,5835.0000,5847.8000,5849.0000,5849.4000,5849.6000,5849.8000,1,6,1,1,1,3,3,1,1,2
SF,IC2103,2020-09-17 09:32:35.700,5845.6000,33598,0,246920920.000,0,-,-,-,-,5845.0000,5841.0000,5840.0000,5836.0000,5835.0000,5847.6000,5847.8000,5849.0000,5849.8000,5850.8000,1,6,1,1,1,1,3,2,2,2
SF,IC2103,2020-09-17 09:32:36.200,5845.0000,33597,-1,248089920.000,1,0,1,双平,S,5841.0000,5840.0000,5836.0000,5835.0000,5833.0000,5845.0000,5847.0000,5847.4000,5847.6000,5849.8000,6,1,1,1,2,1,2,1,2,2
SF,IC2103,2020-09-17 09:32:36.700,5845.0000,33596,-1,249258920.000,1,0,1,双平,S,5845.0000,5841.4000,5841.2000,5841.0000,5840.0000,5847.0000,5847.6000,5849.8000,5850.8000,5851.2000,1,1,5,7,1,1,1,2,2,1
SF,IC2103,2020-09-17 09:32:37.200,5845.0000,33596,0,249258920.000,0,-,-,-,-,5845.0000,5843.0000,5841.2000,5841.0000,5840.0000,5846.8000,5849.8000,5850.8000,5851.2000,5851.4000,1,1,5,7,1,2,2,2,1,3
SF,IC2103,2020-09-17 09:32:37.700,5845.0000,33596,0,249258920.000,0,-,-,-,-,5845.2000,5845.0000,5841.2000,5841.0000,5840.0000,5846.8000,5849.8000,5850.8000,5851.2000,5851.4000,1,1,4,7,1,1,2,2,1,3
SF,IC2103,2020-09-17 09:32:38.200,5846.8000,33595,-1,250428280.000,1,0,1,双平,S,5845.2000,5845.0000,5841.2000,5841.0000,5840.0000,5849.8000,5850.8000,5851.2000,5851.4000,5851.8000,1,1,4,7,1,2,2,1,3,2
SF,IC2103,2020-09-17 09:32:38.700,5846.8000,33595,0,250428280.000,0,-,-,-,-,5845.4000,5845.2000,5845.0000,5841.0000,5840.0000,5849.0000,5849.6000,5849.8000,5850.8000,5851.2000,1,1,1,7,1,1,2,3,2,1
SF,IC2103,2020-09-17 09:32:39.200,5846.8000,33595,0,250428280.000,0,-,-,-,-,5845.6000,5845.4000,5845.0000,5841.0000,5840.0000,5849.2000,5849.6000,5849.8000,5850.8000,5851.2000,1,1,1,7,1,2,1,3,2,1
SF,IC2103,2020-09-17 09:32:39.700,5846.8000,33595,0,250428280.000,0,-,-,-,-,5845.8000,5845.6000,5843.8000,5841.0000,5840.0000,5848.6000,5849.0000,5849.2000,5849.6000,5849.8000,1,1,1,6,1,1,1,2,1,3
SF,IC2103,2020-09-17 09:32:40.200,5846.8000,33595,0,250428280.000,0,-,-,-,-,5846.0000,5845.8000,5843.8000,5841.0000,5840.0000,5849.2000,5849.6000,5849.8000,5850.8000,5851.2000,1,1,1,6,1,2,1,3,2,1
SF,IC2103,2020-09-17 09:32:40.700,5846.8000,33595,0,250428280.000,0,-,-,-,-,5846.2000,5846.0000,5843.8000,5841.0000,5840.0000,5849.0000,5849.2000,5849.8000,5850.8000,5851.2000,1,1,1,6,1,1,2,3,2,1
SF,IC2103,2020-09-17 09:32:41.200,5846.8000,33595,0,250428280.000,0,-,-,-,-,5846.4000,5846.2000,5843.8000,5841.0000,5840.0000,5849.0000,5849.2000,5849.8000,5850.8000,5851.2000,1,1,1,6,1,2,2,3,2,1
SF,IC2103,2020-09-17 09:32:41.700,5846.8000,33595,0,250428280.000,0,-,-,-,-,5846.6000,5846.4000,5843.8000,5841.0000,5840.0000,5849.0000,5849.8000,5850.8000,5851.2000,5851.4000,2,1,1,6,1,1,3,3,1,3
SF,IC2103,2020-09-17 09:32:42.200,5846.8000,33594,-1,251597640.000,1,0,1,双平,S,5846.6000,5843.8000,5841.0000,5840.0000,5836.0000,5849.0000,5849.8000,5850.8000,5851.2000,5851.4000,2,1,6,1,1,1,3,3,1,3
SF,IC2103,2020-09-17 09:32:42.700,5846.8000,33594,0,251597640.000,0,-,-,-,-,5847.8000,5846.6000,5843.8000,5841.0000,5840.0000,5849.0000,5849.8000,5850.8000,5851.2000,5851.4000,1,2,1,6,1,1,3,3,1,3
SF,IC2103,2020-09-17 09:32:43.200,5846.6000,33591,-3,255106320.000,3,0,3,双平,S,5843.8000,5841.0000,5840.0000,5836.0000,5835.0000,5846.6000,5847.8000,5849.8000,5850.8000,5851.2000,1,6,1,1,1,1,1,3,3,1
SF,IC2103,2020-09-17 09:32:43.700,5846.6000,33589,-2,257444960.000,2,0,2,双平,S,5846.6000,5844.0000,5843.8000,5841.0000,5840.0000,5847.8000,5849.0000,5849.8000,5850.8000,5851.2000,2,4,1,6,1,1,1,3,3,1
SF,IC2103,2020-09-17 09:32:44.200,5846.6000,33589,0,257444960.000,0,-,-,-,-,5846.6000,5846.0000,5844.0000,5843.8000,5841.0000,5849.0000,5849.8000,5850.8000,5851.2000,5851.4000,2,5,3,1,6,1,3,3,1,3
SF,IC2103,2020-09-17 09:32:44.700,5846.6000,33589,0,257444960.000,0,-,-,-,-,5846.8000,5846.6000,5846.0000,5844.0000,5843.8000,5849.0000,5849.8000,5850.8000,5851.2000,5851.4000,1,1,5,1,1,1,3,3,1,3
SF,IC2103,2020-09-17 09:32:45.200,5846.6000,33589,0,257444960.000,0,-,-,-,-,5846.8000,5846.6000,5846.0000,5844.0000,5843.8000,5848.8000,5849.0000,5849.8000,5850.8000,5851.2000,1,1,5,1,1,1,1,3,3,1
SF,IC2103,2020-09-17 09:32:45.700,5846.6000,33589,0,257444960.000,0,-,-,-,-,5846.8000,5846.6000,5846.0000,5844.0000,5843.8000,5848.6000,5848.8000,5849.0000,5849.8000,5850.8000,1,1,5,1,1,1,1,1,3,3
SF,IC2103,2020-09-17 09:32:46.700,5846.6000,33589,0,257444960.000,0,-,-,-,-,5846.8000,5846.0000,5844.0000,5843.8000,5841.0000,5848.6000,5848.8000,5849.0000,5849.8000,5850.8000,1,5,1,1,6,1,1,1,3,3
SF,IC2103,2020-09-17 09:32:47.200,5846.6000,33589,0,257444960.000,0,-,-,-,-,5846.0000,5845.0000,5844.0000,5843.8000,5841.0000,5848.4000,5848.6000,5849.0000,5849.8000,5850.8000,5,1,1,1,6,1,1,1,3,3
SF,IC2103,2020-09-17 09:32:47.700,5846.6000,33589,0,257444960.000,0,-,-,-,-,5846.2000,5846.0000,5845.0000,5844.0000,5843.8000,5848.4000,5848.6000,5849.0000,5849.8000,5850.8000,1,5,1,1,1,1,1,1,3,3
SF,IC2103,2020-09-17 09:32:48.200,5846.6000,33589,0,257444960.000,0,-,-,-,-,5847.2000,5846.2000,5846.0000,5845.0000,5844.0000,5848.4000,5848.6000,5849.0000,5849.8000,5850.8000,1,1,5,1,1,2,1,1,3,3
SF,IC2103,2020-09-17 09:32:48.700,5846.6000,33589,0,257444960.000,0,-,-,-,-,5846.2000,5846.0000,5845.0000,5844.0000,5843.8000,5848.4000,5848.6000,5849.0000,5849.8000,5850.8000,1,5,1,1,1,1,1,1,3,3
SF,IC2103,2020-09-17 09:32:49.200,5846.6000,33589,0,257444960.000,0,-,-,-,-,5846.2000,5846.0000,5845.0000,5844.0000,5841.0000,5848.4000,5848.6000,5849.0000,5849.8000,5850.8000,1,5,1,1,6,1,1,1,3,3
SF,IC2103,2020-09-17 09:32:49.700,5846.6000,33589,0,257444960.000,0,-,-,-,-,5846.4000,5846.2000,5846.0000,5845.0000,5844.0000,5848.4000,5848.6000,5849.0000,5849.8000,5850.8000,1,1,5,1,1,1,1,1,3,3
SF,IC2103,2020-09-17 09:32:50.200,5846.6000,33589,0,257444960.000,0,-,-,-,-,5846.6000,5846.4000,5846.0000,5845.0000,5844.0000,5848.4000,5848.6000,5849.0000,5849.8000,5850.8000,1,1,5,2,1,1,1,1,3,3
SF,IC2103,2020-09-17 09:32:51.700,5848.4000,33589,0,258614640.000,1,0,1,多换,S,5846.8000,5846.6000,5846.4000,5846.0000,5845.0000,5848.6000,5849.0000,5849.8000,5850.8000,5851.2000,1,1,1,5,2,1,1,3,3,1
SF,IC2103,2020-09-17 09:32:52.200,5848.4000,33589,0,258614640.000,0,-,-,-,-,5847.0000,5846.8000,5846.4000,5846.0000,5845.0000,5848.6000,5849.0000,5849.8000,5850.8000,5851.2000,1,1,1,5,2,1,1,2,3,1
SF,IC2103,2020-09-17 09:32:53.200,5848.6000,33588,-1,259784360.000,1,0,1,双平,S,5847.0000,5846.8000,5846.4000,5846.0000,5845.0000,5849.0000,5849.8000,5850.8000,5851.2000,5851.4000,1,1,1,5,2,1,2,3,1,3
SF,IC2103,2020-09-17 09:32:53.700,5848.6000,33588,0,259784360.000,0,-,-,-,-,5847.8000,5847.2000,5847.0000,5846.8000,5846.4000,5849.0000,5849.8000,5850.8000,5851.2000,5851.4000,1,1,1,1,1,1,2,3,1,3
SF,IC2103,2020-09-17 09:32:54.200,5847.8000,33587,-1,260953920.000,1,0,1,双平,S,5847.2000,5847.0000,5846.8000,5846.4000,5846.0000,5849.0000,5849.8000,5850.8000,5851.2000,5851.4000,1,1,1,1,5,2,2,3,1,3
SF,IC2103,2020-09-17 09:32:54.700,5849.0000,33585,-2,263293520.000,2,0,2,双平,S,5847.4000,5847.2000,5846.8000,5846.4000,5846.0000,5849.8000,5850.8000,5851.2000,5851.4000,5851.8000,1,1,1,1,5,2,3,1,3,2
SF,IC2103,2020-09-17 09:32:56.200,5849.0000,33585,0,263293520.000,0,-,-,-,-,5847.4000,5847.2000,5846.8000,5846.0000,5845.0000,5849.8000,5850.8000,5851.2000,5851.4000,5851.8000,1,1,1,5,2,2,3,1,3,2
SF,IC2103,2020-09-17 09:32:56.700,5847.4000,33585,0,264463000.000,1,0,1,多换,S,5846.0000,5845.0000,5844.0000,5841.0000,5840.0000,5847.4000,5849.8000,5850.8000,5851.2000,5851.4000,5,2,1,6,1,1,2,3,1,3
SF,IC2103,2020-09-17 09:32:57.200,5847.4000,33585,0,265632480.000,1,0,1,多换,S,5847.4000,5846.2000,5846.0000,5845.0000,5844.0000,5849.8000,5850.8000,5851.2000,5851.4000,5851.8000,1,2,5,2,1,2,3,1,3,2
SF,IC2103,2020-09-17 09:32:57.700,5847.8000,33586,1,269141080.000,3,2,1,空开,S,5849.0000,5847.4000,5846.2000,5846.0000,5845.0000,5849.6000,5849.8000,5850.8000,5851.2000,5851.4000,3,1,2,5,2,1,2,3,1,3
SF,IC2103,2020-09-17 09:32:58.200,5847.4000,33585,-1,273819720.000,4,1,3,多平,S,5846.2000,5846.0000,5845.0000,5841.0000,5840.0000,5849.0000,5849.8000,5850.8000,5851.2000,5851.4000,1,5,2,6,1,1,2,3,1,3
SF,IC2103,2020-09-17 09:32:58.700,5847.4000,33585,0,273819720.000,0,-,-,-,-,5846.2000,5846.0000,5845.0000,5841.0000,5840.0000,5848.4000,5848.8000,5849.8000,5850.8000,5851.2000,1,5,2,6,1,2,1,2,3,1
SF,IC2103,2020-09-17 09:32:59.200,5846.2000,33583,-2,276158200.000,2,0,2,双平,S,5846.0000,5845.0000,5841.0000,5840.0000,5836.0000,5848.2000,5848.4000,5848.8000,5849.8000,5850.8000,5,2,6,1,1,1,2,1,2,3
SF,IC2103,2020-09-17 09:32:59.700,5846.2000,33583,0,276158200.000,0,-,-,-,-,5846.0000,5845.0000,5841.0000,5840.0000,5836.0000,5848.0000,5848.4000,5848.8000,5849.8000,5850.8000,5,2,6,1,1,1,2,1,2,3
SF,IC2103,2020-09-17 09:33:00.200,5846.0000,33581,-2,278496600.000,2,0,2,双平,S,5846.0000,5845.0000,5841.0000,5840.0000,5836.0000,5848.0000,5848.4000,5848.8000,5849.8000,5850.8000,3,2,6,1,1,1,2,3,2,3
SF,IC2103,2020-09-17 09:33:00.700,5846.0000,33580,-1,282004200.000,3,1,2,多平,S,5845.0000,5841.0000,5840.0000,5836.0000,5835.0000,5848.0000,5848.4000,5848.8000,5849.8000,5850.8000,2,6,1,1,1,1,2,3,2,3
SF,IC2103,2020-09-17 09:33:01.200,5846.0000,33580,0,282004200.000,0,-,-,-,-,5845.0000,5841.0000,5840.0000,5836.0000,5835.0000,5847.8000,5848.0000,5848.4000,5848.8000,5849.8000,2,6,1,1,1,1,1,2,2,2
SF,IC2103,2020-09-17 09:33:01.700,5845.0000,33580,0,284342200.000,2,1,1,多换,S,5846.0000,5841.0000,5840.0000,5836.0000,5835.0000,5847.6000,5847.8000,5848.0000,5848.4000,5848.8000,1,6,1,1,1,2,1,1,2,2
SF,IC2103,2020-09-17 09:33:02.200,5846.0000,33580,0,285511400.000,1,0,1,多换,S,5841.0000,5840.0000,5836.0000,5835.0000,5833.0000,5845.0000,5846.0000,5847.2000,5847.6000,5848.0000,6,1,1,1,2,1,1,2,2,1
SF,IC2103,2020-09-17 09:33:02.700,5846.0000,33580,0,285511400.000,0,-,-,-,-,5841.4000,5841.2000,5841.0000,5840.0000,5836.0000,5844.8000,5848.4000,5848.8000,5849.2000,5849.8000,1,1,7,1,1,1,2,2,2,2
SF,IC2103,2020-09-17 09:33:03.200,5845.0000,33579,-1,286680400.000,1,0,1,双平,S,5841.8000,5841.6000,5841.0000,5840.0000,5836.0000,5848.4000,5848.8000,5849.2000,5849.8000,5850.8000,1,2,7,1,1,2,2,2,2,3
SF,IC2103,2020-09-17 09:33:03.700,5845.0000,33579,0,286680400.000,0,-,-,-,-,5842.0000,5841.8000,5841.0000,5840.0000,5836.0000,5848.4000,5848.8000,5849.2000,5849.8000,5850.8000,2,1,7,1,1,2,2,2,2,3
SF,IC2103,2020-09-17 09:33:04.200,5845.0000,33579,0,286680400.000,0,-,-,-,-,5842.0000,5841.8000,5841.0000,5840.0000,5836.0000,5848.2000,5848.4000,5848.8000,5849.2000,5849.8000,2,1,7,1,1,1,2,2,2,2
SF,IC2103,2020-09-17 09:33:04.700,5845.0000,33579,0,286680400.000,0,-,-,-,-,5845.2000,5842.0000,5841.8000,5841.0000,5840.0000,5848.2000,5848.4000,5848.8000,5849.2000,5849.8000,1,2,1,7,1,1,2,2,2,2
SF,IC2103,2020-09-17 09:33:05.200,5845.0000,33579,0,286680400.000,0,-,-,-,-,5845.4000,5843.2000,5842.2000,5842.0000,5841.0000,5848.2000,5848.4000,5848.8000,5849.2000,5849.8000,1,1,1,1,7,1,2,2,2,2
SF,IC2103,2020-09-17 09:33:05.700,5845.0000,33579,0,286680400.000,0,-,-,-,-,5845.4000,5842.0000,5841.0000,5840.0000,5836.0000,5847.8000,5848.0000,5848.2000,5848.4000,5848.8000,1,1,7,1,1,1,1,1,2,2
SF,IC2103,2020-09-17 09:33:06.200,5845.0000,33579,0,286680400.000,0,-,-,-,-,5845.4000,5842.0000,5841.0000,5840.0000,5836.0000,5847.6000,5847.8000,5848.0000,5848.4000,5848.8000,1,1,7,1,1,1,1,1,2,2
SF,IC2103,2020-09-17 09:33:06.700,5847.6000,33578,-1,287849920.000,1,0,1,双平,S,5845.4000,5843.6000,5842.0000,5841.0000,5840.0000,5847.8000,5848.0000,5848.4000,5848.8000,5849.2000,1,1,1,7,1,1,1,2,2,2
SF,IC2103,2020-09-17 09:33:07.200,5847.6000,33578,0,287849920.000,0,-,-,-,-,5845.6000,5845.4000,5843.6000,5841.0000,5840.0000,5847.8000,5848.4000,5848.8000,5849.2000,5849.8000,1,1,1,7,1,1,2,2,2,2
SF,IC2103,2020-09-17 09:33:07.700,5847.6000,33578,0,287849920.000,0,-,-,-,-,5845.6000,5845.4000,5843.6000,5841.0000,5840.0000,5848.4000,5848.8000,5849.2000,5849.8000,5850.8000,1,1,1,6,1,2,2,2,2,3
SF,IC2103,2020-09-17 09:33:08.200,5845.6000,33576,-2,290188200.000,2,0,2,双平,S,5847.8000,5843.6000,5841.0000,5840.0000,5836.0000,5848.0000,5848.2000,5848.4000,5848.8000,5849.2000,1,1,6,1,1,3,2,2,2,2
SF,IC2103,2020-09-17 09:33:08.700,5847.8000,33576,0,291357760.000,1,0,1,多换,S,5843.6000,5841.0000,5840.0000,5836.0000,5835.0000,5847.6000,5847.8000,5848.2000,5848.4000,5848.8000,1,6,1,1,1,5,2,1,2,2
SF,IC2103,2020-09-17 09:33:09.200,5847.8000,33576,0,291357760.000,0,-,-,-,-,5843.8000,5843.6000,5841.0000,5840.0000,5836.0000,5847.4000,5847.8000,5848.4000,5848.8000,5849.2000,1,1,6,1,1,1,1,2,2,2
SF,IC2103,2020-09-17 09:33:09.700,5847.8000,33576,0,291357760.000,0,-,-,-,-,5843.8000,5843.6000,5841.0000,5840.0000,5836.0000,5847.2000,5847.4000,5848.4000,5848.8000,5849.2000,1,1,6,1,1,1,1,2,2,2
SF,IC2103,2020-09-17 09:33:10.200,5847.8000,33576,0,291357760.000,0,-,-,-,-,5845.6000,5843.8000,5843.6000,5841.0000,5840.0000,5847.0000,5847.2000,5848.4000,5848.8000,5849.2000,1,1,1,6,1,1,1,2,2,2
SF,IC2103,2020-09-17 09:33:10.700,5845.6000,33575,-1,292526880.000,1,0,1,双平,S,5843.8000,5843.6000,5841.0000,5840.0000,5836.0000,5847.2000,5848.4000,5848.8000,5849.2000,5849.8000,1,1,6,1,1,1,2,2,2,2
SF,IC2103,2020-09-17 09:33:11.200,5845.6000,33575,0,292526880.000,0,-,-,-,-,5843.8000,5843.6000,5841.0000,5840.0000,5836.0000,5847.0000,5847.2000,5848.4000,5848.8000,5849.2000,1,1,6,1,1,1,1,2,2,2
SF,IC2103,2020-09-17 09:33:11.700,5847.2000,33573,-2,294865720.000,2,0,2,双平,S,5844.2000,5844.0000,5843.8000,5843.6000,5841.0000,5848.4000,5848.8000,5849.2000,5849.8000,5850.8000,1,1,1,1,6,2,2,2,2,3
SF,IC2103,2020-09-17 09:33:12.200,5847.2000,33573,0,294865720.000,0,-,-,-,-,5844.4000,5844.2000,5843.6000,5841.0000,5840.0000,5848.4000,5848.8000,5849.2000,5849.8000,5850.8000,3,1,1,6,1,2,2,2,2,3
SF,IC2103,2020-09-17 09:33:12.700,5847.2000,33573,0,294865720.000,0,-,-,-,-,5844.4000,5844.2000,5843.6000,5841.0000,5840.0000,5848.2000,5848.4000,5848.8000,5849.2000,5849.8000,3,1,1,6,1,1,2,2,2,2
SF,IC2103,2020-09-17 09:33:13.200,5847.2000,33573,0,294865720.000,0,-,-,-,-,5844.4000,5844.2000,5843.6000,5841.0000,5840.0000,5848.2000,5848.4000,5848.8000,5849.2000,5849.8000,3,1,1,6,1,2,2,2,2,2
SF,IC2103,2020-09-17 09:33:13.700,5847.2000,33573,0,294865720.000,0,-,-,-,-,5844.4000,5844.2000,5843.6000,5841.0000,5840.0000,5848.2000,5848.4000,5848.8000,5849.2000,5849.8000,2,1,1,6,1,2,2,2,2,2
SF,IC2103,2020-09-17 09:33:14.200,5847.2000,33573,0,294865720.000,0,-,-,-,-,5846.4000,5844.4000,5844.2000,5843.6000,5841.0000,5848.2000,5848.4000,5848.8000,5849.2000,5849.8000,1,2,1,1,6,2,2,2,2,2
SF,IC2103,2020-09-17 09:33:14.700,5846.4000,33572,-1,296035000.000,1,0,1,双平,S,5844.4000,5843.6000,5841.0000,5840.0000,5836.0000,5848.2000,5848.4000,5848.8000,5849.2000,5849.8000,2,1,6,1,1,2,2,2,2,2
SF,IC2103,2020-09-17 09:33:15.200,5846.4000,33572,0,296035000.000,0,-,-,-,-,5845.0000,5844.4000,5843.6000,5841.0000,5840.0000,5848.2000,5848.4000,5848.8000,5849.2000,5849.8000,3,2,1,6,1,2,2,2,2,2
SF,IC2103,2020-09-17 09:33:15.700,5846.4000,33572,0,296035000.000,0,-,-,-,-,5846.4000,5846.0000,5845.2000,5843.6000,5841.0000,5848.2000,5848.4000,5848.8000,5849.2000,5849.8000,1,1,2,1,6,1,2,2,2,2
SF,IC2103,2020-09-17 09:33:16.200,5846.4000,33570,-2,298373920.000,2,0,2,双平,S,5846.0000,5845.2000,5843.6000,5841.0000,5840.0000,5848.4000,5848.8000,5849.2000,5849.8000,5850.8000,1,2,1,6,1,2,2,2,2,3
SF,IC2103,2020-09-17 09:33:16.700,5846.0000,33569,-1,300712760.000,2,0,2,多平,S,5845.2000,5843.6000,5841.0000,5840.0000,5836.0000,5848.4000,5848.8000,5849.2000,5849.8000,5850.8000,2,1,6,1,1,3,2,2,2,3
SF,IC2103,2020-09-17 09:33:17.200,5846.0000,33569,0,300712760.000,0,-,-,-,-,5845.2000,5844.4000,5843.6000,5841.0000,5840.0000,5848.2000,5848.4000,5848.8000,5849.2000,5849.8000,2,1,1,6,1,1,3,2,2,2
SF,IC2103,2020-09-17 09:33:17.700,5846.0000,33569,0,300712760.000,0,-,-,-,-,5845.2000,5844.4000,5843.6000,5841.0000,5840.0000,5848.4000,5848.8000,5849.2000,5849.8000,5850.8000,2,1,1,6,1,3,2,2,2,3
SF,IC2103,2020-09-17 09:33:18.200,5846.0000,33569,0,300712760.000,0,-,-,-,-,5845.2000,5844.4000,5843.6000,5841.0000,5840.0000,5848.2000,5848.4000,5848.8000,5849.2000,5849.8000,2,1,1,6,1,1,3,2,2,2
SF,IC2103,2020-09-17 09:33:18.700,5846.0000,33569,0,300712760.000,0,-,-,-,-,5845.2000,5844.4000,5843.6000,5841.0000,5840.0000,5848.4000,5848.8000,5849.2000,5849.8000,5850.8000,2,1,1,6,1,3,2,2,2,3
SF,IC2103,2020-09-17 09:33:19.200,5846.0000,33569,0,300712760.000,0,-,-,-,-,5845.2000,5844.4000,5843.6000,5841.0000,5840.0000,5848.4000,5848.8000,5849.2000,5849.8000,5850.8000,2,1,1,6,1,3,2,2,2,3
SF,IC2103,2020-09-17 09:33:19.700,5846.0000,33569,0,300712760.000,0,-,-,-,-,5845.2000,5844.4000,5843.6000,5841.0000,5840.0000,5848.4000,5848.8000,5849.2000,5849.8000,5850.8000,2,1,1,6,1,3,2,2,2,3
SF,IC2103,2020-09-17 09:33:20.200,5846.0000,33569,0,300712760.000,0,-,-,-,-,5845.2000,5844.4000,5843.6000,5841.0000,5840.0000,5848.4000,5848.8000,5849.2000,5849.8000,5850.8000,2,1,1,6,1,3,2,2,2,3
SF,IC2103,2020-09-17 09:33:20.700,5846.0000,33569,0,300712760.000,0,-,-,-,-,5845.4000,5845.2000,5844.4000,5843.6000,5841.0000,5848.4000,5848.8000,5849.2000,5849.8000,5850.8000,1,2,1,1,6,3,2,2,2,3
SF,IC2103,2020-09-17 09:33:21.200,5846.0000,33569,0,300712760.000,0,-,-,-,-,5846.8000,5845.6000,5845.4000,5844.4000,5843.6000,5848.4000,5848.8000,5849.2000,5849.8000,5850.8000,1,2,1,1,1,3,2,2,2,3
SF,IC2103,2020-09-17 09:33:21.700,5846.0000,33569,0,300712760.000,0,-,-,-,-,5847.0000,5845.6000,5845.4000,5844.4000,5843.6000,5848.4000,5848.8000,5849.2000,5849.8000,5850.8000,1,1,1,1,1,3,2,2,2,3
SF,IC2103,2020-09-17 09:33:22.700,5846.0000,33569,0,300712760.000,0,-,-,-,-,5847.0000,5845.6000,5845.4000,5844.4000,5843.6000,5848.4000,5848.8000,5849.2000,5849.8000,5850.8000,1,1,1,1,1,3,2,2,2,3
SF,IC2103,2020-09-17 09:33:23.200,5848.4000,33569,0,301882440.000,1,0,1,多换,S,5845.6000,5845.4000,5844.4000,5843.6000,5841.0000,5848.4000,5848.8000,5849.2000,5849.8000,5850.8000,1,1,1,1,6,2,2,2,2,3
SF,IC2103,2020-09-17 09:33:23.700,5848.4000,33569,0,301882440.000,0,-,-,-,-,5845.8000,5845.6000,5845.4000,5844.4000,5843.6000,5848.4000,5848.8000,5849.2000,5849.8000,5850.8000,2,1,1,1,1,2,2,2,2,3
SF,IC2103,2020-09-17 09:33:24.200,5848.4000,33569,0,301882440.000,0,-,-,-,-,5846.0000,5845.8000,5845.4000,5844.4000,5843.6000,5848.4000,5848.8000,5849.2000,5849.8000,5850.8000,1,2,1,1,1,2,2,2,2,3
SF,IC2103,2020-09-17 09:33:24.700,5848.8000,33568,-1,306561320.000,4,1,3,多平,S,5846.6000,5846.2000,5846.0000,5845.8000,5845.4000,5849.2000,5849.8000,5850.8000,5851.2000,5851.4000,1,2,1,1,1,2,2,3,1,3
SF,IC2103,2020-09-17 09:33:25.200,5848.8000,33568,0,306561320.000,0,-,-,-,-,5846.8000,5846.6000,5846.2000,5845.8000,5845.4000,5849.2000,5849.8000,5850.8000,5851.2000,5851.4000,2,1,1,1,1,2,2,3,1,3
SF,IC2103,2020-09-17 09:33:25.700,5848.8000,33568,0,306561320.000,0,-,-,-,-,5847.0000,5846.8000,5846.2000,5845.8000,5845.4000,5849.2000,5849.8000,5850.8000,5851.2000,5851.4000,1,2,1,1,1,2,2,3,1,3
SF,IC2103,2020-09-17 09:33:26.200,5848.8000,33568,0,306561320.000,0,-,-,-,-,5847.2000,5847.0000,5846.8000,5846.2000,5845.8000,5849.2000,5849.8000,5850.8000,5851.2000,5851.4000,2,1,1,1,1,2,2,3,1,3
SF,IC2103,2020-09-17 09:33:26.700,5849.2000,33570,2,308901000.000,2,2,0,双开,S,5849.2000,5848.2000,5847.4000,5847.2000,5847.0000,5849.8000,5850.8000,5851.2000,5851.4000,5851.8000,1,1,1,2,1,2,3,1,3,2
SF,IC2103,2020-09-17 09:33:27.200,5849.2000,33569,-1,312410760.000,3,1,2,多平,S,5847.4000,5847.2000,5847.0000,5846.8000,5846.6000,5850.8000,5851.2000,5851.4000,5851.8000,5852.0000,4,1,1,1,1,3,1,3,2,2
SF,IC2103,2020-09-17 09:33:27.700,5849.2000,33569,0,312410760.000,0,-,-,-,-,5847.6000,5847.4000,5847.0000,5846.6000,5846.2000,5850.8000,5851.2000,5851.4000,5851.8000,5852.0000,2,1,1,1,1,3,1,3,2,2
SF,IC2103,2020-09-17 09:33:28.200,5849.2000,33569,0,312410760.000,0,-,-,-,-,5847.8000,5847.6000,5847.4000,5847.0000,5846.6000,5850.6000,5850.8000,5851.2000,5851.4000,5851.8000,1,2,1,1,1,1,3,1,3,2
SF,IC2103,2020-09-17 09:33:28.700,5850.6000,33568,-1,313580880.000,1,0,1,双平,S,5848.0000,5847.8000,5847.4000,5847.0000,5846.6000,5850.8000,5851.2000,5851.4000,5851.8000,5852.0000,2,1,1,1,1,3,1,3,2,2
SF,IC2103,2020-09-17 09:33:29.700,5850.6000,33568,0,313580880.000,0,-,-,-,-,5848.2000,5848.0000,5847.8000,5847.4000,5847.0000,5850.8000,5851.2000,5851.4000,5851.8000,5852.0000,1,2,1,1,1,3,1,3,2,2
SF,IC2103,2020-09-17 09:33:30.200,5850.6000,33568,0,313580880.000,0,-,-,-,-,5848.4000,5848.2000,5847.8000,5847.4000,5847.0000,5850.8000,5851.2000,5851.4000,5851.8000,5852.0000,2,1,1,1,1,3,1,3,2,2
SF,IC2103,2020-09-17 09:33:30.700,5850.6000,33568,0,313580880.000,0,-,-,-,-,5848.6000,5848.4000,5848.2000,5847.8000,5847.4000,5850.8000,5851.2000,5851.4000,5851.8000,5852.0000,1,2,1,1,1,3,1,3,2,2
SF,IC2103,2020-09-17 09:33:31.200,5850.6000,33568,0,313580880.000,0,-,-,-,-,5848.8000,5848.6000,5848.4000,5848.2000,5848.0000,5850.8000,5851.2000,5851.4000,5851.8000,5852.0000,1,1,1,1,1,3,1,3,2,2
SF,IC2103,2020-09-17 09:33:31.700,5850.6000,33568,0,313580880.000,0,-,-,-,-,5849.0000,5848.8000,5848.6000,5848.4000,5848.2000,5850.8000,5851.2000,5851.4000,5851.8000,5852.0000,1,1,1,1,1,3,1,3,2,2
SF,IC2103,2020-09-17 09:33:32.200,5850.6000,33568,0,313580880.000,0,-,-,-,-,5849.8000,5849.2000,5849.0000,5848.6000,5848.4000,5850.8000,5851.2000,5851.4000,5851.8000,5852.0000,1,1,1,1,1,3,1,3,2,2
SF,IC2103,2020-09-17 09:33:32.700,5850.8000,33568,0,314751040.000,1,0,1,多换,S,5849.0000,5848.6000,5848.4000,5848.2000,5848.0000,5850.8000,5851.2000,5851.4000,5851.8000,5852.0000,1,1,1,1,1,2,1,3,2,2
SF,IC2103,2020-09-17 09:33:33.200,5850.8000,33568,0,314751040.000,0,-,-,-,-,5849.2000,5849.0000,5848.6000,5848.4000,5848.2000,5850.8000,5851.2000,5851.4000,5851.8000,5852.0000,1,1,1,1,1,2,1,3,2,2
SF,IC2103,2020-09-17 09:33:33.700,5850.8000,33568,0,315921200.000,1,0,1,多换,S,5849.2000,5849.0000,5848.6000,5848.4000,5848.2000,5850.8000,5851.2000,5851.4000,5851.8000,5852.0000,1,1,1,1,1,1,1,3,2,2
SF,IC2103,2020-09-17 09:33:34.200,5849.2000,33567,-1,317091040.000,1,0,1,双平,S,5849.0000,5848.6000,5848.4000,5848.2000,5848.0000,5850.8000,5851.2000,5851.4000,5851.8000,5852.0000,1,1,1,1,1,1,1,3,2,2
SF,IC2103,2020-09-17 09:33:34.700,5849.2000,33567,0,317091040.000,0,-,-,-,-,5849.0000,5848.6000,5848.4000,5848.2000,5848.0000,5850.6000,5850.8000,5851.2000,5851.4000,5851.8000,1,1,1,1,1,2,1,1,3,2
SF,IC2103,2020-09-17 09:33:35.200,5849.2000,33567,0,317091040.000,0,-,-,-,-,5849.0000,5848.6000,5848.4000,5848.2000,5848.0000,5850.6000,5850.8000,5851.2000,5851.4000,5851.8000,1,1,1,1,1,1,1,1,3,2
SF,IC2103,2020-09-17 09:33:36.200,5849.0000,33566,-1,318260840.000,1,0,1,双平,S,5848.6000,5848.4000,5848.2000,5848.0000,5847.8000,5850.4000,5850.6000,5850.8000,5851.2000,5851.4000,1,1,1,1,1,1,1,1,1,3
SF,IC2103,2020-09-17 09:33:36.700,5849.0000,33566,0,318260840.000,0,-,-,-,-,5848.6000,5848.2000,5848.0000,5847.8000,5847.4000,5850.6000,5850.8000,5851.2000,5851.4000,5851.8000,1,1,1,1,1,1,1,1,3,2
SF,IC2103,2020-09-17 09:33:37.200,5849.0000,33566,0,318260840.000,0,-,-,-,-,5848.6000,5848.2000,5848.0000,5847.8000,5847.4000,5850.4000,5850.6000,5850.8000,5851.2000,5851.4000,1,1,1,1,1,1,1,1,1,3
SF,IC2103,2020-09-17 09:33:37.700,5849.0000,33566,0,318260840.000,0,-,-,-,-,5849.6000,5848.8000,5848.6000,5848.2000,5848.0000,5850.4000,5850.6000,5850.8000,5851.2000,5851.4000,1,1,1,1,1,1,1,1,1,3
SF,IC2103,2020-09-17 09:33:38.200,5849.0000,33566,0,318260840.000,0,-,-,-,-,5848.8000,5848.6000,5848.2000,5848.0000,5847.8000,5850.4000,5850.6000,5850.8000,5851.2000,5851.4000,1,1,1,1,1,1,1,1,1,3
SF,IC2103,2020-09-17 09:33:38.700,5848.8000,33565,-1,319430600.000,1,0,1,双平,S,5848.6000,5848.2000,5848.0000,5847.8000,5847.4000,5850.4000,5850.6000,5850.8000,5851.2000,5851.4000,1,1,1,1,1,1,1,1,1,3
SF,IC2103,2020-09-17 09:33:39.200,5850.2000,33564,-1,320600640.000,1,0,1,双平,S,5848.6000,5848.2000,5848.0000,5847.8000,5847.4000,5850.4000,5850.8000,5851.2000,5851.4000,5851.8000,1,1,1,1,1,1,1,1,3,2
SF,IC2103,2020-09-17 09:33:39.700,5850.2000,33564,0,320600640.000,0,-,-,-,-,5848.2000,5848.0000,5847.8000,5847.4000,5846.6000,5850.8000,5851.2000,5851.4000,5851.8000,5852.0000,1,1,1,1,1,1,1,3,2,2
SF,IC2103,2020-09-17 09:33:40.200,5850.2000,33564,0,320600640.000,0,-,-,-,-,5848.4000,5848.2000,5848.0000,5847.8000,5847.4000,5850.8000,5851.2000,5851.4000,5851.8000,5852.0000,2,1,1,1,1,1,1,3,2,2
SF,IC2103,2020-09-17 09:33:40.700,5850.2000,33564,0,320600640.000,0,-,-,-,-,5848.4000,5848.2000,5848.0000,5847.8000,5847.4000,5850.6000,5850.8000,5851.2000,5851.4000,5851.8000,2,1,1,1,1,2,1,1,3,2
SF,IC2103,2020-09-17 09:33:41.700,5850.2000,33564,0,320600640.000,0,-,-,-,-,5848.4000,5848.2000,5848.0000,5847.8000,5847.4000,5850.6000,5850.8000,5851.2000,5851.4000,5851.8000,2,1,1,1,1,1,1,1,3,2
SF,IC2103,2020-09-17 09:33:42.200,5850.2000,33564,0,320600640.000,0,-,-,-,-,5848.4000,5848.2000,5848.0000,5847.8000,5846.6000,5850.4000,5850.6000,5850.8000,5851.2000,5851.4000,2,1,1,1,1,1,1,1,1,3
SF,IC2103,2020-09-17 09:33:42.700,5850.2000,33564,0,320600640.000,0,-,-,-,-,5848.4000,5848.2000,5848.0000,5846.6000,5844.4000,5850.2000,5850.4000,5850.8000,5851.2000,5851.4000,1,1,1,1,1,1,1,1,1,3
SF,IC2103,2020-09-17 09:33:43.200,5850.2000,33564,0,320600640.000,0,-,-,-,-,5849.4000,5848.0000,5846.6000,5844.4000,5843.6000,5850.2000,5850.4000,5850.8000,5851.2000,5851.4000,1,1,1,1,1,1,1,1,1,3
SF,IC2103,2020-09-17 09:33:43.700,5848.4000,33561,-3,324109800.000,3,0,3,双平,S,5846.6000,5844.4000,5843.6000,5841.0000,5840.0000,5849.4000,5850.8000,5851.2000,5851.4000,5851.8000,1,1,1,6,1,1,1,1,3,2
SF,IC2103,2020-09-17 09:33:44.200,5848.4000,33561,0,324109800.000,0,-,-,-,-,5846.8000,5846.6000,5844.4000,5843.6000,5841.0000,5849.2000,5849.4000,5850.8000,5851.2000,5851.4000,2,1,1,1,6,1,1,1,1,3
SF,IC2103,2020-09-17 09:33:44.700,5848.4000,33561,0,324109800.000,0,-,-,-,-,5846.8000,5846.6000,5844.4000,5843.6000,5841.0000,5849.0000,5849.2000,5850.8000,5851.2000,5851.4000,2,1,1,1,6,1,1,1,1,3
SF,IC2103,2020-09-17 09:33:45.200,5848.4000,33561,0,324109800.000,0,-,-,-,-,5846.8000,5846.6000,5844.4000,5843.6000,5841.0000,5849.0000,5850.8000,5851.2000,5851.4000,5851.8000,1,1,1,1,6,1,1,1,3,2
SF,IC2103,2020-09-17 09:33:46.200,5848.4000,33561,0,324109800.000,0,-,-,-,-,5846.8000,5846.6000,5844.4000,5843.6000,5841.0000,5848.8000,5849.0000,5850.8000,5851.2000,5851.4000,1,1,1,1,6,2,1,1,1,3
SF,IC2103,2020-09-17 09:33:46.700,5848.4000,33561,0,324109800.000,0,-,-,-,-,5846.6000,5844.4000,5843.6000,5841.0000,5840.0000,5848.6000,5848.8000,5850.8000,5851.2000,5851.4000,1,1,1,6,1,1,1,1,1,3
SF,IC2103,2020-09-17 09:33:47.200,5848.4000,33561,0,324109800.000,0,-,-,-,-,5846.6000,5844.4000,5843.6000,5841.0000,5840.0000,5848.4000,5848.6000,5848.8000,5850.8000,5851.2000,1,1,1,6,1,1,1,1,1,1
SF,IC2103,2020-09-17 09:33:47.700,5846.6000,33560,-1,325279120.000,1,0,1,双平,S,5844.4000,5843.6000,5841.0000,5840.0000,5836.0000,5848.2000,5848.8000,5850.8000,5851.2000,5851.4000,1,1,6,1,1,1,1,1,1,3
SF,IC2103,2020-09-17 09:33:48.200,5846.6000,33560,0,325279120.000,0,-,-,-,-,5844.6000,5844.4000,5843.6000,5841.0000,5840.0000,5848.0000,5848.2000,5848.8000,5849.2000,5850.8000,2,1,1,6,1,1,1,1,1,1
SF,IC2103,2020-09-17 09:33:48.700,5846.6000,33560,0,325279120.000,0,-,-,-,-,5845.0000,5844.6000,5844.4000,5843.6000,5841.0000,5846.2000,5847.8000,5849.2000,5850.8000,5851.2000,3,2,1,1,6,1,2,1,1,1
SF,IC2103,2020-09-17 09:33:49.200,5845.0000,33560,0,327617120.000,2,1,1,多换,S,5845.0000,5844.6000,5844.4000,5843.6000,5841.0000,5846.0000,5847.8000,5849.2000,5850.8000,5851.2000,1,1,1,1,6,1,2,1,1,1
SF,IC2103,2020-09-17 09:33:49.700,5844.6000,33559,-1,331124240.000,3,1,2,多平,S,5844.4000,5843.6000,5841.0000,5840.0000,5836.0000,5847.8000,5849.2000,5850.8000,5851.2000,5851.4000,1,1,6,1,1,2,1,1,1,3
SF,IC2103,2020-09-17 09:33:50.200,5844.6000,33559,0,331124240.000,0,-,-,-,-,5844.6000,5844.4000,5843.6000,5841.0000,5840.0000,5847.8000,5849.2000,5850.8000,5851.2000,5851.4000,2,1,1,6,1,2,1,1,1,3
SF,IC2103,2020-09-17 09:33:50.700,5844.6000,33559,0,331124240.000,0,-,-,-,-,5845.0000,5844.6000,5844.4000,5843.6000,5841.0000,5847.8000,5849.2000,5850.8000,5851.2000,5851.4000,3,2,1,1,6,1,1,1,1,3
SF,IC2103,2020-09-17 09:33:51.200,5844.6000,33559,0,331124240.000,0,-,-,-,-,5845.2000,5845.0000,5844.4000,5843.6000,5841.0000,5847.8000,5849.2000,5850.8000,5851.2000,5851.4000,2,3,1,1,6,1,1,1,1,3
SF,IC2103,2020-09-17 09:33:51.700,5844.6000,33559,0,331124240.000,0,-,-,-,-,5845.2000,5845.0000,5844.4000,5843.6000,5841.0000,5847.8000,5849.2000,5850.8000,5851.2000,5851.4000,2,3,1,1,6,1,1,1,1,3
SF,IC2103,2020-09-17 09:33:52.200,5847.8000,33558,-1,332293800.000,1,0,1,双平,S,5845.2000,5845.0000,5844.4000,5843.6000,5841.0000,5849.2000,5850.8000,5851.2000,5851.4000,5851.8000,2,3,1,1,6,1,1,1,3,2
SF,IC2103,2020-09-17 09:33:52.700,5847.8000,33558,0,332293800.000,0,-,-,-,-,5845.2000,5844.4000,5843.6000,5841.0000,5840.0000,5845.8000,5849.0000,5849.2000,5850.8000,5851.2000,2,1,1,6,1,2,1,1,1,1
SF,IC2103,2020-09-17 09:33:53.200,5845.8000,33558,0,334632120.000,2,1,1,多换,S,5845.8000,5845.6000,5845.4000,5844.4000,5843.6000,5849.2000,5850.8000,5851.2000,5851.4000,5851.8000,3,1,2,1,1,1,1,1,3,2
SF,IC2103,2020-09-17 09:33:53.700,5846.2000,33558,0,336970600.000,2,1,1,多换,S,5846.6000,5846.0000,5845.8000,5845.6000,5845.4000,5849.2000,5850.8000,5851.2000,5851.4000,5851.8000,1,2,3,1,1,1,1,1,3,2
SF,IC2103,2020-09-17 09:33:54.200,5846.2000,33558,0,336970600.000,0,-,-,-,-,5847.6000,5846.8000,5846.6000,5846.4000,5845.8000,5849.2000,5850.8000,5851.2000,5851.4000,5851.8000,1,3,1,1,2,1,1,1,3,2
SF,IC2103,2020-09-17 09:33:54.700,5849.2000,33558,0,338140440.000,1,0,1,多换,S,5847.8000,5846.8000,5846.4000,5845.8000,5845.4000,5849.2000,5850.8000,5851.2000,5851.4000,5851.8000,1,2,1,2,1,1,1,1,3,2
SF,IC2103,2020-09-17 09:33:55.200,5847.8000,33557,-1,341649440.000,3,1,2,多平,S,5846.8000,5846.6000,5846.4000,5845.8000,5845.4000,5850.8000,5851.2000,5851.4000,5851.8000,5852.0000,2,1,1,2,1,1,1,3,2,2
SF,IC2103,2020-09-17 09:33:55.700,5847.8000,33557,0,341649440.000,0,-,-,-,-,5847.0000,5846.8000,5846.6000,5846.4000,5845.8000,5850.6000,5850.8000,5851.2000,5851.4000,5851.8000,1,2,1,1,2,1,1,1,3,2
SF,IC2103,2020-09-17 09:33:56.200,5847.8000,33557,0,341649440.000,0,-,-,-,-,5847.2000,5847.0000,5846.8000,5846.6000,5846.4000,5850.4000,5850.6000,5850.8000,5851.2000,5851.4000,1,1,1,1,1,1,1,1,1,3
SF,IC2103,2020-09-17 09:33:56.700,5847.6000,33557,0,345159120.000,3,1,2,多换,S,5847.4000,5847.2000,5846.6000,5846.4000,5845.8000,5850.8000,5851.2000,5851.4000,5851.8000,5852.0000,2,1,1,1,1,1,1,3,2,2
SF,IC2103,2020-09-17 09:33:57.200,5850.8000,33557,0,346329280.000,1,0,1,多换,S,5850.4000,5848.6000,5848.0000,5847.6000,5847.4000,5851.2000,5851.4000,5851.8000,5852.0000,5858.8000,1,1,3,1,2,1,3,2,2,3
SF,IC2103,2020-09-17 09:33:57.700,5850.6000,33555,-2,354520760.000,7,2,5,多平,S,5850.4000,5848.6000,5848.0000,5847.8000,5847.6000,5851.8000,5852.0000,5858.8000,5861.2000,5865.0000,1,1,3,1,1,2,2,3,1,11
SF,IC2103,2020-09-17 09:33:58.200,5851.8000,33557,2,356861480.000,2,2,0,双开,S,5850.6000,5850.4000,5848.6000,5847.6000,5847.4000,5852.0000,5858.8000,5861.2000,5865.0000,5865.8000,1,1,1,1,1,2,3,1,11,1
SF,IC2103,2020-09-17 09:33:58.700,5850.6000,33557,0,359201760.000,2,1,1,多换,S,5850.4000,5847.6000,5847.4000,5846.6000,5845.8000,5852.0000,5858.8000,5861.2000,5865.0000,5865.8000,1,1,1,1,1,2,3,1,11,1
SF,IC2103,2020-09-17 09:33:59.200,5852.0000,33557,0,360372160.000,1,0,1,多换,S,5850.8000,5850.4000,5847.6000,5847.4000,5846.6000,5851.8000,5852.0000,5858.8000,5861.2000,5865.0000,1,1,1,1,1,1,1,3,1,11
SF,IC2103,2020-09-17 09:33:59.700,5852.0000,33557,0,360372160.000,0,-,-,-,-,5851.2000,5850.8000,5847.6000,5847.4000,5846.6000,5851.8000,5852.0000,5858.8000,5861.2000,5865.0000,1,1,1,1,1,1,1,3,1,11
SF,IC2103,2020-09-17 09:34:00.200,5851.2000,33555,-2,363882800.000,3,0,3,多平,S,5847.6000,5847.4000,5846.6000,5845.8000,5844.6000,5852.0000,5858.8000,5861.2000,5865.0000,5865.8000,1,1,1,1,1,1,3,1,11,1
SF,IC2103,2020-09-17 09:34:00.700,5851.2000,33555,0,363882800.000,0,-,-,-,-,5848.2000,5848.0000,5847.8000,5847.6000,5847.4000,5851.2000,5852.0000,5858.8000,5861.2000,5865.0000,3,1,2,1,1,1,1,3,1,11
SF,IC2103,2020-09-17 09:34:01.200,5851.2000,33555,0,363882800.000,0,-,-,-,-,5848.4000,5848.2000,5848.0000,5847.8000,5846.6000,5851.2000,5852.0000,5858.8000,5861.2000,5865.0000,2,3,1,1,1,1,1,3,1,11
SF,IC2103,2020-09-17 09:34:01.700,5851.2000,33555,0,363882800.000,0,-,-,-,-,5848.6000,5848.4000,5848.2000,5846.6000,5845.8000,5851.0000,5851.2000,5852.0000,5858.8000,5861.2000,1,2,3,1,1,1,1,1,3,1
SF,IC2103,2020-09-17 09:34:02.200,5851.2000,33555,0,363882800.000,0,-,-,-,-,5848.8000,5848.6000,5848.4000,5848.2000,5846.6000,5851.0000,5851.2000,5852.0000,5858.8000,5861.2000,1,1,1,3,1,1,1,1,3,1
SF,IC2103,2020-09-17 09:34:02.700,5851.2000,33555,0,363882800.000,0,-,-,-,-,5848.8000,5848.6000,5848.4000,5848.2000,5846.6000,5851.0000,5851.2000,5852.0000,5858.8000,5861.2000,1,1,1,3,1,1,1,1,3,1
SF,IC2103,2020-09-17 09:34:03.200,5851.0000,33554,-1,365053000.000,1,0,1,双平,S,5848.8000,5848.6000,5848.4000,5846.6000,5845.8000,5852.0000,5858.8000,5861.2000,5865.0000,5865.8000,1,1,1,1,1,1,3,1,11,1
SF,IC2103,2020-09-17 09:34:03.700,5851.0000,33554,0,365053000.000,0,-,-,-,-,5849.6000,5849.0000,5848.8000,5848.6000,5846.6000,5852.0000,5858.8000,5861.2000,5865.0000,5865.8000,1,1,1,1,1,1,3,1,11,1
SF,IC2103,2020-09-17 09:34:04.200,5851.0000,33554,0,365053000.000,0,-,-,-,-,5849.8000,5849.0000,5848.6000,5847.2000,5846.6000,5852.0000,5858.8000,5861.2000,5865.0000,5865.8000,1,1,1,1,1,1,3,1,11,1
SF,IC2103,2020-09-17 09:34:04.700,5852.0000,33554,0,366223400.000,1,0,1,多换,S,5849.8000,5849.6000,5849.0000,5848.6000,5847.2000,5858.8000,5861.2000,5865.0000,5865.8000,5868.8000,1,1,1,1,1,3,1,11,1,1
SF,IC2103,2020-09-17 09:34:05.200,5852.0000,33554,0,366223400.000,0,-,-,-,-,5851.0000,5850.0000,5849.8000,5847.2000,5846.6000,5851.2000,5854.2000,5854.6000,5855.2000,5855.8000,1,1,1,1,1,1,1,3,1,2
SF,IC2103,2020-09-17 09:34:05.700,5852.0000,33554,0,366223400.000,0,-,-,-,-,5847.2000,5846.6000,5845.8000,5845.6000,5844.6000,5854.2000,5854.6000,5855.2000,5855.8000,5856.8000,1,1,1,1,1,1,3,1,2,1
SF,IC2103,2020-09-17 09:34:06.200,5854.2000,33553,-1,367394240.000,1,0,1,双平,S,5847.6000,5847.4000,5847.2000,5846.6000,5845.8000,5854.6000,5858.8000,5861.2000,5865.0000,5865.8000,2,3,1,1,1,3,3,1,11,1
SF,IC2103,2020-09-17 09:34:06.700,5854.2000,33553,0,367394240.000,0,-,-,-,-,5848.2000,5848.0000,5847.8000,5847.6000,5847.4000,5853.8000,5854.4000,5854.6000,5858.8000,5861.2000,1,1,2,2,1,1,1,3,3,1
SF,IC2103,2020-09-17 09:34:07.200,5854.2000,33553,0,367394240.000,0,-,-,-,-,5848.6000,5848.4000,5848.2000,5847.6000,5847.4000,5858.8000,5861.2000,5865.0000,5865.8000,5868.8000,6,2,1,1,2,3,1,11,1,1
SF,IC2103,2020-09-17 09:34:07.700,5854.2000,33553,0,367394240.000,0,-,-,-,-,5848.8000,5848.6000,5848.2000,5847.6000,5847.4000,5854.8000,5855.0000,5855.2000,5856.2000,5857.2000,2,6,1,1,2,1,3,1,2,1
SF,IC2103,2020-09-17 09:34:08.200,5854.2000,33553,0,367394240.000,0,-,-,-,-,5848.8000,5848.6000,5848.2000,5847.6000,5847.4000,5854.6000,5854.8000,5855.0000,5856.2000,5857.2000,2,6,1,1,2,1,1,3,2,1
SF,IC2103,2020-09-17 09:34:08.700,5854.2000,33553,0,367394240.000,0,-,-,-,-,5848.8000,5848.6000,5848.2000,5847.6000,5847.4000,5853.4000,5854.4000,5854.6000,5854.8000,5856.2000,2,6,1,1,2,1,1,1,1,2
SF,IC2103,2020-09-17 09:34:09.200,5854.2000,33553,0,367394240.000,0,-,-,-,-,5848.8000,5848.6000,5848.2000,5847.6000,5847.4000,5853.2000,5854.4000,5854.8000,5856.2000,5857.2000,2,6,1,1,2,1,1,1,2,1
SF,IC2103,2020-09-17 09:34:09.700,5854.2000,33553,0,367394240.000,0,-,-,-,-,5848.8000,5848.6000,5848.2000,5847.6000,5847.4000,5851.2000,5852.8000,5853.0000,5853.2000,5854.4000,2,6,1,1,1,1,1,1,1,1
SF,IC2103,2020-09-17 09:34:10.200,5854.2000,33553,0,367394240.000,0,-,-,-,-,5848.8000,5847.6000,5847.2000,5846.6000,5845.8000,5853.0000,5853.2000,5854.4000,5854.8000,5858.8000,2,1,1,1,1,1,1,1,1,3
SF,IC2103,2020-09-17 09:34:10.700,5854.2000,33553,0,367394240.000,0,-,-,-,-,5850.0000,5848.8000,5847.6000,5847.2000,5846.6000,5852.8000,5853.0000,5854.8000,5858.8000,5861.2000,1,2,1,1,1,3,1,1,3,1
SF,IC2103,2020-09-17 09:34:11.200,5854.2000,33553,0,367394240.000,0,-,-,-,-,5850.2000,5847.6000,5847.2000,5846.6000,5845.8000,5852.8000,5853.0000,5854.8000,5858.8000,5861.2000,2,1,1,1,1,3,1,1,3,1
SF,IC2103,2020-09-17 09:34:11.700,5854.2000,33553,0,367394240.000,0,-,-,-,-,5850.2000,5847.6000,5847.2000,5846.6000,5845.8000,5852.8000,5853.0000,5858.8000,5861.2000,5865.0000,2,1,1,1,1,3,1,3,1,11
SF,IC2103,2020-09-17 09:34:12.700,5850.2000,33552,-1,368564280.000,1,0,1,双平,S,5850.2000,5847.6000,5847.2000,5846.6000,5845.8000,5851.2000,5852.8000,5853.0000,5858.8000,5861.2000,1,1,1,1,1,1,3,1,3,1
SF,IC2103,2020-09-17 09:34:13.200,5850.2000,33551,-1,369734320.000,1,0,1,双平,S,5847.6000,5847.2000,5846.6000,5845.8000,5845.6000,5852.8000,5853.0000,5858.8000,5861.2000,5865.0000,1,1,1,1,1,2,1,3,1,11
SF,IC2103,2020-09-17 09:34:13.700,5850.2000,33551,0,369734320.000,0,-,-,-,-,5847.8000,5847.6000,5847.2000,5846.6000,5845.8000,5851.2000,5852.6000,5852.8000,5853.0000,5858.8000,1,1,1,1,1,1,1,2,1,3
SF,IC2103,2020-09-17 09:34:14.200,5850.2000,33551,0,369734320.000,0,-,-,-,-,5847.8000,5847.6000,5847.2000,5846.6000,5845.8000,5851.0000,5851.2000,5852.8000,5858.8000,5861.2000,1,1,1,1,1,2,1,1,3,1
SF,IC2103,2020-09-17 09:34:14.700,5850.2000,33551,0,369734320.000,0,-,-,-,-,5848.6000,5847.8000,5847.6000,5847.2000,5846.6000,5851.0000,5851.2000,5852.8000,5858.8000,5861.2000,3,1,1,1,1,2,1,1,3,1
SF,IC2103,2020-09-17 09:34:15.200,5851.0000,33550,-1,370904520.000,1,0,1,双平,S,5847.8000,5847.6000,5847.2000,5846.6000,5846.0000,5851.0000,5851.2000,5852.8000,5858.8000,5861.2000,1,1,1,1,1,1,1,1,3,1
SF,IC2103,2020-09-17 09:34:15.700,5851.0000,33550,0,370904520.000,0,-,-,-,-,5847.8000,5847.6000,5847.2000,5846.6000,5846.0000,5851.0000,5852.8000,5858.8000,5861.2000,5865.0000,1,1,1,1,1,1,1,3,1,12
SF,IC2103,2020-09-17 09:34:16.200,5851.0000,33550,0,370904520.000,0,-,-,-,-,5849.4000,5848.2000,5848.0000,5847.8000,5847.6000,5850.8000,5852.8000,5858.8000,5861.2000,5865.0000,4,3,1,1,1,1,1,3,1,12
SF,IC2103,2020-09-17 09:34:16.700,5851.0000,33550,0,370904520.000,0,-,-,-,-,5849.6000,5848.0000,5847.6000,5847.2000,5846.6000,5852.8000,5858.8000,5861.2000,5865.0000,5865.8000,1,1,1,1,1,1,3,1,12,1
SF,IC2103,2020-09-17 09:34:17.200,5851.0000,33550,0,370904520.000,0,-,-,-,-,5849.8000,5849.6000,5847.6000,5847.2000,5846.6000,5852.6000,5852.8000,5858.8000,5861.2000,5865.0000,1,1,1,1,1,1,1,3,1,12
SF,IC2103,2020-09-17 09:34:17.700,5851.0000,33550,0,370904520.000,0,-,-,-,-,5850.0000,5849.8000,5847.6000,5847.2000,5846.6000,5852.6000,5852.8000,5858.8000,5861.2000,5865.0000,1,1,1,1,1,1,1,3,1,12
SF,IC2103,2020-09-17 09:34:18.200,5851.0000,33550,0,370904520.000,0,-,-,-,-,5850.2000,5850.0000,5847.6000,5847.2000,5846.6000,5852.6000,5852.8000,5858.8000,5861.2000,5865.0000,1,2,1,1,1,1,1,3,1,12
SF,IC2103,2020-09-17 09:34:18.700,5851.0000,33550,0,370904520.000,0,-,-,-,-,5850.4000,5850.2000,5850.0000,5847.6000,5847.2000,5852.6000,5858.8000,5861.2000,5865.0000,5865.8000,1,1,1,1,1,1,3,1,12,1
SF,IC2103,2020-09-17 09:34:19.200,5851.0000,33550,0,370904520.000,0,-,-,-,-,5850.4000,5850.2000,5850.0000,5847.6000,5847.2000,5858.8000,5861.2000,5865.0000,5865.8000,5868.8000,1,1,1,1,1,3,1,12,1,1
SF,IC2103,2020-09-17 09:34:19.700,5851.0000,33550,0,370904520.000,0,-,-,-,-,5850.6000,5850.4000,5850.0000,5847.2000,5846.6000,5854.8000,5855.4000,5857.4000,5858.6000,5858.8000,1,1,1,1,1,1,1,3,6,3
SF,IC2103,2020-09-17 09:34:20.200,5851.0000,33550,0,370904520.000,0,-,-,-,-,5850.8000,5850.6000,5850.0000,5847.2000,5846.6000,5854.8000,5855.4000,5858.8000,5861.2000,5865.0000,1,1,1,1,1,1,1,3,1,12
SF,IC2103,2020-09-17 09:34:20.700,5851.0000,33550,0,370904520.000,0,-,-,-,-,5850.8000,5850.0000,5847.2000,5846.6000,5846.0000,5854.6000,5854.8000,5855.4000,5858.8000,5861.2000,1,1,1,1,1,3,1,1,3,1
SF,IC2103,2020-09-17 09:34:21.200,5851.0000,33550,0,370904520.000,0,-,-,-,-,5850.8000,5850.0000,5847.2000,5846.6000,5846.0000,5854.6000,5855.4000,5858.8000,5861.2000,5865.0000,1,1,1,1,1,2,1,3,1,12
SF,IC2103,2020-09-17 09:34:21.700,5851.0000,33550,0,370904520.000,0,-,-,-,-,5852.8000,5850.8000,5850.0000,5847.2000,5846.6000,5854.6000,5855.4000,5858.8000,5861.2000,5865.0000,1,1,1,1,1,2,1,3,1,12
SF,IC2103,2020-09-17 09:34:22.200,5852.6000,33549,-1,372075040.000,1,0,1,双平,S,5850.8000,5850.0000,5847.2000,5846.6000,5846.0000,5854.4000,5854.6000,5855.4000,5858.8000,5861.2000,1,1,1,1,1,1,1,1,3,1
SF,IC2103,2020-09-17 09:34:22.700,5852.6000,33549,0,372075040.000,0,-,-,-,-,5851.0000,5850.8000,5850.0000,5847.2000,5846.6000,5854.2000,5854.4000,5855.4000,5858.8000,5861.2000,1,1,1,1,1,1,1,1,3,1
SF,IC2103,2020-09-17 09:34:23.200,5852.6000,33549,0,372075040.000,0,-,-,-,-,5851.0000,5850.0000,5847.2000,5846.6000,5846.0000,5854.0000,5854.2000,5854.4000,5855.4000,5858.8000,1,1,1,1,1,1,1,1,1,3
SF,IC2103,2020-09-17 09:34:23.700,5851.0000,33548,-1,373245240.000,1,0,1,双平,S,5850.0000,5847.2000,5846.6000,5846.0000,5845.6000,5853.0000,5853.8000,5854.0000,5854.4000,5858.8000,1,1,1,1,1,1,3,1,1,3
SF,IC2103,2020-09-17 09:34:24.200,5851.0000,33548,0,373245240.000,0,-,-,-,-,5850.0000,5846.6000,5846.0000,5845.6000,5844.6000,5852.8000,5853.0000,5854.0000,5854.4000,5858.8000,1,1,1,1,1,2,1,1,1,3
SF,IC2103,2020-09-17 09:34:24.700,5851.0000,33548,0,373245240.000,0,-,-,-,-,5850.0000,5846.6000,5846.0000,5845.6000,5844.6000,5852.6000,5852.8000,5853.0000,5854.0000,5854.4000,1,1,1,1,1,2,2,1,1,1
SF,IC2103,2020-09-17 09:34:25.200,5852.4000,33548,0,374415720.000,1,0,1,多换,S,5850.0000,5846.6000,5846.0000,5845.6000,5844.6000,5852.4000,5852.6000,5853.0000,5854.0000,5854.4000,1,1,1,1,1,2,2,1,1,1
SF,IC2103,2020-09-17 09:34:25.700,5852.4000,33547,-1,376756200.000,2,0,2,多平,S,5846.6000,5846.0000,5845.6000,5844.6000,5843.6000,5850.0000,5852.4000,5852.6000,5853.0000,5854.0000,1,1,1,1,1,1,1,1,1,1
