市场代码,合约代码,时间,最新,持仓,增仓,成交额,成交量,开仓,平仓,成交类型,方向,买一价,买二价,买三价,买四价,买五价,卖一价,卖二价,卖三价,卖四价,卖五价,买一量,买二量,买三量,买四量,买五量,卖一量,卖二量,卖三量,卖四量,卖五量
SF,IC2103,2020-10-13 09:29:00.000,6204.4000,41374,0,3722640.000,3.000,-,-,-,-,6204.4000,6202.4000,6201.6000,6200.4000,6198.4000,6208.6000,6208.8000,6209.0000,6210.0000,6211.0000,4,5,5,6,5,1,1,5,6,1
SF,IC2103,2020-10-13 09:30:00.500,6201.6000,41384,10,18609720.000,12,11,1,空开,S,6201.6000,6200.4000,6198.4000,6196.4000,6195.4000,6202.0000,6202.8000,6203.2000,6203.4000,6203.6000,3,6,5,5,1,2,1,1,5,1
SF,IC2103,2020-10-13 09:30:01.000,6202.0000,41382,-2,21090440.000,2,0,2,双平,S,6201.6000,6200.4000,6198.4000,6196.4000,6194.4000,6202.0000,6203.4000,6204.0000,6204.2000,6204.4000,3,6,5,5,5,1,3,1,1,6
SF,IC2103,2020-10-13 09:30:01.500,6202.0000,41382,0,24811480.000,3,1,2,多换,S,6201.8000,6201.6000,6200.4000,6198.4000,6196.4000,6203.4000,6204.0000,6204.2000,6204.4000,6206.8000,4,1,6,5,5,3,1,1,6,1
SF,IC2103,2020-10-13 09:30:02.000,6201.8000,41382,0,27292200.000,2,1,1,多换,S,6201.8000,6201.6000,6200.4000,6198.4000,6196.4000,6202.2000,6202.8000,6203.0000,6203.4000,6204.0000,2,1,6,5,5,1,2,1,1,1
SF,IC2103,2020-10-13 09:30:02.500,6202.0000,41381,-1,37215320.000,8,3,5,多平,S,6201.6000,6200.4000,6198.4000,6196.4000,6194.4000,6203.0000,6203.4000,6204.0000,6204.4000,6206.0000,1,6,5,5,5,2,1,1,6,3
SF,IC2103,2020-10-13 09:30:03.000,6201.6000,41381,0,38455640.000,1,0,1,多换,S,6200.4000,6198.4000,6196.4000,6194.4000,6193.2000,6200.8000,6201.6000,6202.8000,6203.0000,6204.0000,6,5,5,5,5,1,2,1,2,1
SF,IC2103,2020-10-13 09:30:03.500,6200.4000,41381,0,44656040.000,5,2,3,多换,S,6200.4000,6198.4000,6196.4000,6194.4000,6193.2000,6200.6000,6202.8000,6203.0000,6204.0000,6204.4000,1,5,5,5,5,1,1,2,1,6
SF,IC2103,2020-10-13 09:30:04.000,6200.4000,41381,0,45896120.000,1,0,1,多换,S,6198.4000,6196.4000,6194.4000,6193.2000,6192.4000,6199.2000,6199.6000,6200.0000,6200.2000,6200.4000,5,5,5,5,5,2,1,2,2,4
SF,IC2103,2020-10-13 09:30:04.500,6200.4000,41381,0,45896120.000,0,-,-,-,-,6198.4000,6196.4000,6194.4000,6193.2000,6192.4000,6199.0000,6199.2000,6199.4000,6199.6000,6200.0000,5,5,5,5,5,1,1,1,1,2
SF,IC2103,2020-10-13 09:30:05.000,6198.4000,41381,0,52094520.000,5,2,3,多换,S,6196.4000,6194.4000,6193.2000,6192.4000,6190.4000,6198.4000,6199.0000,6199.2000,6199.4000,6199.6000,5,5,5,5,6,2,1,1,1,1
SF,IC2103,2020-10-13 09:30:05.500,6198.4000,41381,0,52094520.000,0,-,-,-,-,6196.6000,6196.4000,6194.4000,6193.2000,6192.4000,6197.6000,6198.2000,6199.0000,6199.2000,6199.6000,1,5,5,5,5,2,1,1,1,1
SF,IC2103,2020-10-13 09:30:06.000,6198.4000,41381,0,52094520.000,0,-,-,-,-,6196.4000,6194.4000,6193.2000,6192.4000,6190.4000,6196.6000,6196.8000,6197.0000,6197.2000,6197.4000,5,5,5,5,6,2,1,1,1,3
SF,IC2103,2020-10-13 09:30:06.500,6196.4000,41381,0,58290920.000,5,2,3,多换,S,6194.4000,6193.2000,6192.4000,6190.4000,6188.4000,6195.6000,6196.6000,6196.8000,6197.2000,6197.4000,5,5,5,6,5,3,2,1,1,3
SF,IC2103,2020-10-13 09:30:07.000,6194.4000,41378,-3,63247120.000,4,0,4,多平,S,6194.4000,6193.2000,6192.4000,6190.4000,6188.4000,6195.6000,6196.0000,6196.6000,6196.8000,6197.2000,4,5,5,6,5,2,1,1,1,1
SF,IC2103,2020-10-13 09:30:07.500,6194.4000,41378,0,68202640.000,4,2,2,多换,S,6193.2000,6192.4000,6190.4000,6188.4000,6188.0000,6195.0000,6195.4000,6196.0000,6196.4000,6196.6000,5,5,6,5,1,1,1,1,5,1
SF,IC2103,2020-10-13 09:30:08.000,6194.4000,41378,0,68202640.000,0,-,-,-,-,6193.2000,6192.4000,6190.4000,6188.4000,6188.0000,6193.8000,6194.0000,6194.2000,6194.4000,6195.0000,5,5,6,5,1,2,1,1,2,1
SF,IC2103,2020-10-13 09:30:08.500,6193.6000,41376,-2,73157360.000,4,1,3,多平,S,6193.8000,6193.2000,6192.4000,6190.4000,6188.4000,6194.4000,6195.0000,6195.4000,6196.4000,6196.6000,1,3,5,6,5,3,1,1,5,1
SF,IC2103,2020-10-13 09:30:09.000,6193.2000,41376,0,74396000.000,1,0,1,多换,S,6193.2000,6192.4000,6190.4000,6188.4000,6188.0000,6193.8000,6194.2000,6194.4000,6195.0000,6195.4000,2,5,6,5,1,1,1,4,1,1
SF,IC2103,2020-10-13 09:30:09.500,6193.2000,41376,0,76873280.000,2,1,1,多换,S,6192.4000,6190.4000,6188.4000,6188.0000,6186.4000,6193.2000,6193.4000,6193.6000,6193.8000,6194.2000,5,6,5,1,5,3,1,2,2,1
SF,IC2103,2020-10-13 09:30:10.000,6192.4000,41378,2,83065680.000,5,3,2,空开,S,6190.4000,6188.4000,6188.0000,6186.4000,6184.4000,6192.6000,6193.4000,6193.6000,6193.8000,6194.4000,6,5,1,5,5,1,1,2,1,4
SF,IC2103,2020-10-13 09:30:10.500,6190.6000,41376,-2,85542320.000,2,0,2,双平,S,6190.4000,6188.4000,6188.0000,6186.4000,6184.4000,6192.0000,6193.2000,6193.4000,6193.6000,6193.8000,6,5,1,5,5,1,7,1,2,1
SF,IC2103,2020-10-13 09:30:11.000,6192.0000,41375,-1,86780720.000,1,0,1,双平,S,6192.0000,6190.6000,6190.4000,6188.4000,6188.0000,6193.2000,6193.4000,6193.6000,6193.8000,6194.4000,2,1,6,5,1,8,1,2,1,4
SF,IC2103,2020-10-13 09:30:11.500,6192.0000,41374,-1,88019120.000,1,0,1,双平,S,6192.0000,6190.6000,6190.4000,6188.4000,6188.0000,6193.0000,6193.2000,6193.4000,6193.6000,6193.8000,2,1,6,5,1,1,8,1,2,1
SF,IC2103,2020-10-13 09:30:12.000,6192.0000,41374,0,88019120.000,0,-,-,-,-,6192.2000,6192.0000,6190.4000,6188.4000,6188.0000,6193.2000,6193.4000,6193.6000,6193.8000,6194.4000,1,3,6,5,1,8,1,2,1,4
SF,IC2103,2020-10-13 09:30:12.500,6192.0000,41374,0,88019120.000,0,-,-,-,-,6192.2000,6192.0000,6191.4000,6191.2000,6190.4000,6193.2000,6193.4000,6193.6000,6193.8000,6194.4000,2,4,1,1,6,8,1,2,1,2
SF,IC2103,2020-10-13 09:30:13.000,6192.0000,41374,0,88019120.000,0,-,-,-,-,6192.4000,6192.2000,6192.0000,6191.4000,6191.2000,6193.2000,6193.4000,6193.6000,6193.8000,6194.4000,1,2,4,1,1,8,1,2,1,2
SF,IC2103,2020-10-13 09:30:13.500,6193.2000,41374,0,97928240.000,8,4,4,多换,S,6192.4000,6192.0000,6191.4000,6191.2000,6190.8000,6193.6000,6193.8000,6194.4000,6195.4000,6196.4000,2,4,1,1,1,2,1,2,1,5
SF,IC2103,2020-10-13 09:30:14.000,6192.6000,41364,-10,110314280.000,10,0,10,双平,S,6192.6000,6192.4000,6192.0000,6191.4000,6191.2000,6193.6000,6196.4000,6196.6000,6200.0000,6200.4000,1,2,5,1,1,1,5,1,1,3
SF,IC2103,2020-10-13 09:30:14.500,6192.6000,41364,0,110314280.000,0,-,-,-,-,6192.6000,6192.4000,6192.0000,6191.4000,6191.2000,6196.4000,6196.6000,6200.0000,6200.4000,6204.0000,1,2,5,1,1,5,1,1,3,1
SF,IC2103,2020-10-13 09:30:15.000,6192.6000,41364,0,110314280.000,0,-,-,-,-,6192.8000,6192.6000,6192.4000,6192.0000,6191.4000,6194.4000,6195.6000,6196.2000,6196.4000,6196.6000,1,1,1,5,1,1,1,1,6,1
SF,IC2103,2020-10-13 09:30:15.500,6194.4000,41363,-1,111553160.000,1,0,1,双平,S,6194.4000,6193.0000,6192.8000,6192.4000,6192.0000,6196.2000,6196.4000,6196.6000,6200.0000,6200.4000,1,1,2,1,5,1,6,1,1,3
SF,IC2103,2020-10-13 09:30:16.000,6194.4000,41363,0,111553160.000,0,-,-,-,-,6193.6000,6193.0000,6192.8000,6192.4000,6192.0000,6196.2000,6196.4000,6196.6000,6200.0000,6200.4000,1,1,1,1,3,1,6,1,1,3
SF,IC2103,2020-10-13 09:30:16.500,6193.6000,41364,1,114030640.000,2,1,1,空开,S,6192.8000,6192.4000,6192.0000,6191.4000,6191.2000,6195.2000,6195.6000,6196.0000,6196.2000,6196.4000,1,1,3,1,1,1,1,2,2,6
SF,IC2103,2020-10-13 09:30:17.000,6193.6000,41364,0,114030640.000,0,-,-,-,-,6193.0000,6192.8000,6192.4000,6192.0000,6191.4000,6196.0000,6196.2000,6196.4000,6196.6000,6200.0000,1,1,1,3,1,2,2,6,1,1
SF,IC2103,2020-10-13 09:30:17.500,6193.6000,41364,0,114030640.000,0,-,-,-,-,6193.0000,6192.8000,6192.4000,6192.0000,6191.4000,6195.8000,6196.0000,6196.2000,6196.4000,6196.6000,2,1,1,3,1,1,2,1,6,1
SF,IC2103,2020-10-13 09:30:18.000,6193.6000,41364,0,115269360.000,1,0,1,多换,S,6193.0000,6192.8000,6192.4000,6192.0000,6191.2000,6195.2000,6195.6000,6195.8000,6196.2000,6196.4000,2,1,1,3,1,3,1,1,1,6
SF,IC2103,2020-10-13 09:30:18.500,6193.2000,41362,-2,118985280.000,3,0,3,多平,S,6193.0000,6192.8000,6192.4000,6192.0000,6191.2000,6193.6000,6195.0000,6195.2000,6195.6000,6196.2000,2,1,1,3,1,5,1,3,1,1
SF,IC2103,2020-10-13 09:30:19.000,6193.6000,41362,0,125178880.000,5,2,3,多换,S,6193.8000,6193.0000,6192.8000,6192.4000,6192.0000,6195.0000,6195.2000,6195.6000,6196.2000,6196.4000,1,2,1,1,3,1,3,1,1,6
SF,IC2103,2020-10-13 09:30:19.500,6193.0000,41361,-1,127656200.000,2,0,2,多平,S,6192.8000,6192.4000,6192.0000,6191.2000,6190.8000,6195.0000,6196.4000,6196.6000,6200.0000,6200.4000,1,1,3,1,1,1,6,1,1,2
SF,IC2103,2020-10-13 09:30:20.000,6195.0000,41361,0,128895200.000,1,0,1,多换,S,6192.8000,6192.4000,6192.0000,6191.2000,6190.8000,6195.0000,6196.4000,6196.6000,6200.0000,6200.4000,1,1,3,1,1,1,6,1,1,2
SF,IC2103,2020-10-13 09:30:20.500,6195.0000,41361,0,128895200.000,0,-,-,-,-,6193.0000,6192.8000,6192.4000,6192.0000,6191.2000,6194.8000,6196.4000,6196.6000,6200.0000,6200.4000,1,1,1,3,1,1,6,1,1,2
SF,IC2103,2020-10-13 09:30:21.000,6193.0000,41360,-1,130133800.000,1,0,1,双平,S,6192.8000,6192.4000,6192.0000,6191.2000,6190.4000,6194.8000,6196.4000,6196.6000,6200.0000,6200.4000,1,1,3,1,6,2,6,1,1,2
SF,IC2103,2020-10-13 09:30:21.500,6193.0000,41360,0,130133800.000,0,-,-,-,-,6192.8000,6192.4000,6192.0000,6191.2000,6190.4000,6194.4000,6194.6000,6194.8000,6196.4000,6196.6000,1,1,3,1,6,1,1,2,6,1
SF,IC2103,2020-10-13 09:30:22.000,6192.8000,41359,-1,131372360.000,1,0,1,双平,S,6192.4000,6192.0000,6191.2000,6190.4000,6188.8000,6192.6000,6192.8000,6194.4000,6194.8000,6196.4000,1,3,1,6,1,2,2,2,1,6
SF,IC2103,2020-10-13 09:30:22.500,6192.0000,41357,-2,135087640.000,3,0,3,多平,S,6192.0000,6191.2000,6190.4000,6188.8000,6188.4000,6192.2000,6192.4000,6192.6000,6192.8000,6193.0000,1,1,6,1,5,2,1,2,1,1
SF,IC2103,2020-10-13 09:30:23.000,6192.0000,41357,0,136326040.000,1,0,1,多换,S,6191.2000,6190.4000,6188.8000,6188.4000,6188.0000,6192.0000,6192.2000,6192.4000,6192.6000,6192.8000,1,6,1,5,1,2,2,1,2,1
SF,IC2103,2020-10-13 09:30:23.500,6192.0000,41357,0,136326040.000,0,-,-,-,-,6191.2000,6190.4000,6188.8000,6188.4000,6188.0000,6192.2000,6192.4000,6192.6000,6192.8000,6193.0000,1,6,1,5,1,2,1,2,2,1
SF,IC2103,2020-10-13 09:30:24.000,6191.2000,41356,-1,138802520.000,2,0,2,多平,S,6190.4000,6188.8000,6188.4000,6188.0000,6186.4000,6191.2000,6192.0000,6192.2000,6192.6000,6192.8000,6,1,5,1,5,2,2,2,2,6
SF,IC2103,2020-10-13 09:30:24.500,6191.0000,41355,-1,141278800.000,2,0,2,多平,S,6190.4000,6188.8000,6188.4000,6188.0000,6186.4000,6191.0000,6191.2000,6192.2000,6192.6000,6192.8000,5,1,5,1,5,2,2,2,2,7
SF,IC2103,2020-10-13 09:30:25.000,6190.4000,41355,0,147469200.000,5,2,3,多换,S,6188.8000,6188.4000,6188.0000,6186.4000,6184.4000,6190.8000,6191.0000,6191.2000,6192.2000,6192.6000,1,5,1,5,5,1,2,2,2,2
SF,IC2103,2020-10-13 09:30:25.500,6190.4000,41355,0,147469200.000,0,-,-,-,-,6188.8000,6188.4000,6188.0000,6186.4000,6184.4000,6190.4000,6190.6000,6190.8000,6191.2000,6192.2000,1,5,1,5,5,1,1,2,2,2
SF,IC2103,2020-10-13 09:30:26.000,6190.4000,41355,0,147469200.000,0,-,-,-,-,6188.8000,6188.4000,6188.0000,6186.4000,6184.4000,6190.2000,6190.4000,6191.2000,6192.2000,6192.6000,1,5,1,5,5,1,2,2,2,2
SF,IC2103,2020-10-13 09:30:26.500,6190.4000,41355,0,147469200.000,0,-,-,-,-,6188.8000,6188.4000,6188.0000,6186.4000,6184.4000,6190.2000,6190.4000,6191.2000,6192.2000,6192.8000,1,5,1,5,5,2,1,2,2,7
SF,IC2103,2020-10-13 09:30:27.000,6188.8000,41354,-1,148706960.000,1,0,1,双平,S,6188.4000,6188.0000,6186.4000,6184.4000,6180.8000,6189.4000,6189.6000,6190.0000,6190.2000,6190.4000,5,1,5,5,3,1,1,1,4,1
SF,IC2103,2020-10-13 09:30:27.500,6188.4000,41348,-6,157371680.000,7,0,7,多平,S,6188.4000,6188.0000,6186.4000,6184.4000,6180.8000,6188.8000,6190.0000,6190.2000,6190.4000,6191.2000,4,1,5,5,3,1,1,1,1,2
SF,IC2103,2020-10-13 09:30:28.000,6188.6000,41347,-1,159847160.000,2,0,2,多平,S,6188.4000,6188.0000,6186.4000,6184.4000,6180.8000,6188.8000,6190.0000,6190.2000,6190.4000,6191.2000,4,1,5,5,3,1,1,1,1,1
SF,IC2103,2020-10-13 09:30:28.500,6188.8000,41346,-1,161084920.000,1,0,1,双平,S,6188.4000,6188.0000,6186.4000,6184.4000,6180.8000,6190.2000,6190.4000,6191.2000,6192.8000,6193.0000,4,1,5,5,3,1,1,1,8,1
SF,IC2103,2020-10-13 09:30:29.000,6188.4000,41346,0,163560280.000,2,1,1,多换,S,6188.4000,6188.0000,6186.4000,6184.4000,6180.8000,6188.8000,6190.2000,6190.4000,6191.2000,6192.8000,2,1,5,5,3,1,1,1,1,8
SF,IC2103,2020-10-13 09:30:29.500,6188.8000,41345,-1,164798040.000,1,0,1,双平,S,6188.6000,6188.4000,6188.0000,6186.4000,6184.4000,6190.2000,6190.4000,6191.2000,6192.8000,6193.0000,1,2,1,5,5,1,1,1,8,1
SF,IC2103,2020-10-13 09:30:30.000,6188.6000,41345,0,166035760.000,1,0,1,多换,S,6188.4000,6188.0000,6186.4000,6184.4000,6180.8000,6189.6000,6190.0000,6190.2000,6190.4000,6191.2000,2,1,5,5,3,1,1,3,1,1
SF,IC2103,2020-10-13 09:30:30.500,6189.6000,41344,-1,167273680.000,1,0,1,双平,S,6188.4000,6188.0000,6186.4000,6184.4000,6180.8000,6190.2000,6190.4000,6191.2000,6192.8000,6193.0000,2,1,5,5,3,3,1,1,8,1
SF,IC2103,2020-10-13 09:30:31.000,6189.6000,41344,0,167273680.000,0,-,-,-,-,6188.4000,6188.0000,6186.4000,6184.4000,6180.8000,6190.0000,6190.2000,6190.4000,6191.2000,6192.8000,2,1,5,5,3,1,3,1,1,8
SF,IC2103,2020-10-13 09:30:31.500,6188.0000,41345,1,172224320.000,4,2,2,空开,S,6186.4000,6184.4000,6180.8000,6177.4000,6170.2000,6188.0000,6189.6000,6189.8000,6190.2000,6190.4000,5,5,3,1,9,2,3,1,3,1
SF,IC2103,2020-10-13 09:30:32.000,6188.0000,41346,1,174699520.000,2,1,1,空开,S,6186.6000,6186.4000,6184.4000,6180.8000,6177.4000,6188.4000,6189.8000,6190.2000,6190.4000,6191.2000,4,5,5,3,1,1,1,1,1,1
SF,IC2103,2020-10-13 09:30:32.500,6188.0000,41346,0,174699520.000,0,-,-,-,-,6186.6000,6186.4000,6184.4000,6180.8000,6177.4000,6188.2000,6188.4000,6189.8000,6190.2000,6190.4000,3,5,5,3,1,1,1,1,1,1
SF,IC2103,2020-10-13 09:30:33.000,6188.0000,41346,0,174699520.000,0,-,-,-,-,6186.4000,6184.4000,6180.8000,6177.4000,6170.2000,6188.0000,6188.2000,6188.4000,6190.2000,6190.4000,5,5,3,1,9,1,1,1,2,1
SF,IC2103,2020-10-13 09:30:34.000,6188.0000,41346,0,175937120.000,1,0,1,多换,S,6186.4000,6184.4000,6180.8000,6177.4000,6170.2000,6188.2000,6188.4000,6190.2000,6190.4000,6191.2000,5,5,3,1,9,1,1,2,1,1
SF,IC2103,2020-10-13 09:30:34.500,6188.0000,41346,0,175937120.000,0,-,-,-,-,6186.4000,6184.4000,6180.8000,6177.4000,6170.2000,6188.0000,6188.2000,6188.4000,6190.2000,6190.4000,5,5,3,1,9,1,1,1,2,1
SF,IC2103,2020-10-13 09:30:35.000,6186.4000,41346,0,182123520.000,5,2,3,多换,S,6184.4000,6180.8000,6177.4000,6170.2000,6160.4000,6187.8000,6188.0000,6188.4000,6190.2000,6190.4000,5,3,1,9,1,1,2,1,2,1
SF,IC2103,2020-10-13 09:30:35.500,6186.4000,41346,0,182123520.000,0,-,-,-,-,6184.6000,6184.4000,6180.8000,6177.4000,6170.2000,6187.6000,6187.8000,6188.0000,6188.4000,6190.2000,1,5,3,1,9,2,1,1,1,2
SF,IC2103,2020-10-13 09:30:36.000,6186.4000,41346,0,182123520.000,0,-,-,-,-,6184.6000,6184.4000,6180.8000,6177.4000,6170.2000,6186.4000,6187.4000,6187.6000,6188.0000,6188.4000,2,5,3,1,9,2,1,1,1,1
SF,IC2103,2020-10-13 09:30:36.500,6184.6000,41343,-3,185834360.000,3,0,3,双平,S,6184.6000,6184.4000,6177.4000,6170.2000,6160.4000,6186.2000,6186.4000,6187.4000,6187.6000,6188.0000,1,5,1,9,1,1,3,1,1,1
SF,IC2103,2020-10-13 09:30:37.000,6184.6000,41342,-1,187071280.000,1,0,1,双平,S,6184.4000,6177.4000,6170.2000,6160.4000,6160.0000,6186.0000,6186.4000,6187.6000,6188.0000,6188.4000,5,1,9,1,5,1,3,1,1,1
SF,IC2103,2020-10-13 09:30:37.500,6186.0000,41341,-1,188308480.000,1,0,1,双平,S,6184.6000,6184.4000,6177.4000,6170.2000,6160.4000,6185.8000,6186.4000,6187.6000,6188.0000,6188.4000,1,5,1,9,1,1,3,1,1,1
SF,IC2103,2020-10-13 09:30:38.000,6186.4000,41340,-1,190782920.000,2,0,2,多平,S,6184.8000,6184.6000,6184.4000,6177.4000,6170.2000,6186.4000,6187.6000,6188.0000,6188.4000,6190.2000,1,1,5,1,9,2,1,1,1,1
SF,IC2103,2020-10-13 09:30:38.500,6184.8000,41339,-1,194494440.000,3,1,2,多平,S,6184.8000,6184.4000,6177.4000,6170.2000,6160.4000,6187.6000,6188.0000,6188.4000,6190.2000,6191.2000,2,5,1,9,1,1,1,1,1,1
SF,IC2103,2020-10-13 09:30:39.000,6184.8000,41339,0,194494440.000,0,-,-,-,-,6184.8000,6184.4000,6177.4000,6170.2000,6160.4000,6186.8000,6187.4000,6187.6000,6188.0000,6188.4000,2,5,1,9,1,2,1,1,1,1
SF,IC2103,2020-10-13 09:30:39.500,6184.8000,41340,1,195731400.000,1,1,0,双开,S,6185.0000,6184.8000,6184.4000,6177.4000,6170.2000,6186.8000,6187.4000,6187.6000,6188.4000,6190.2000,1,2,5,1,9,1,1,1,1,1
SF,IC2103,2020-10-13 09:30:40.000,6186.8000,41339,-1,196968760.000,1,0,1,双平,S,6185.0000,6184.8000,6184.4000,6177.4000,6170.2000,6187.4000,6187.6000,6188.4000,6190.2000,6191.2000,2,1,5,1,9,1,1,1,1,1
SF,IC2103,2020-10-13 09:30:41.000,6186.8000,41339,0,196968760.000,0,-,-,-,-,6185.0000,6184.8000,6184.4000,6177.4000,6170.2000,6186.6000,6187.4000,6187.6000,6188.4000,6190.2000,1,1,5,1,9,2,1,1,1,1
SF,IC2103,2020-10-13 09:30:41.500,6185.0000,41337,-2,199442800.000,2,0,2,双平,S,6185.0000,6184.8000,6184.4000,6177.4000,6170.2000,6185.2000,6187.4000,6187.6000,6188.4000,6190.2000,1,1,5,1,9,1,1,1,1,1
SF,IC2103,2020-10-13 09:30:42.000,6185.2000,41336,-1,201916880.000,2,0,2,多平,S,6185.2000,6185.0000,6184.8000,6184.4000,6177.4000,6187.4000,6187.6000,6188.4000,6190.2000,6191.2000,1,1,1,5,1,1,1,1,1,1
SF,IC2103,2020-10-13 09:30:42.500,6185.2000,41336,0,201916880.000,0,-,-,-,-,6185.4000,6185.2000,6184.8000,6184.4000,6177.4000,6187.4000,6187.6000,6188.4000,6190.2000,6191.2000,1,2,1,5,1,1,1,1,1,1
SF,IC2103,2020-10-13 09:30:43.000,6185.2000,41336,0,201916880.000,0,-,-,-,-,6185.6000,6185.4000,6185.2000,6184.8000,6184.4000,6187.4000,6187.6000,6188.4000,6190.2000,6191.2000,1,2,1,1,5,1,1,1,1,1
SF,IC2103,2020-10-13 09:30:43.500,6185.2000,41336,0,201916880.000,0,-,-,-,-,6185.6000,6185.4000,6185.2000,6184.8000,6184.4000,6187.4000,6188.4000,6190.2000,6192.8000,6200.0000,2,1,1,1,5,1,1,1,3,1
SF,IC2103,2020-10-13 09:30:44.000,6187.4000,41335,-1,203154360.000,1,0,1,双平,S,6187.4000,6185.6000,6185.4000,6185.2000,6184.8000,6188.4000,6190.2000,6192.8000,6200.0000,6200.4000,1,2,1,1,1,1,1,3,1,2
SF,IC2103,2020-10-13 09:30:44.500,6187.4000,41335,0,205629520.000,2,1,1,多换,S,6185.6000,6185.4000,6185.2000,6184.8000,6184.4000,6190.2000,6192.8000,6200.0000,6200.4000,6204.4000,1,1,1,1,5,1,3,1,2,3
SF,IC2103,2020-10-13 09:30:45.000,6187.4000,41335,0,205629520.000,0,-,-,-,-,6186.2000,6185.8000,6185.6000,6184.8000,6184.4000,6190.0000,6190.2000,6192.8000,6200.0000,6200.4000,1,2,1,1,5,4,3,3,1,2
SF,IC2103,2020-10-13 09:30:45.500,6187.4000,41335,0,205629520.000,0,-,-,-,-,6186.8000,6186.4000,6185.8000,6185.0000,6184.8000,6190.0000,6190.2000,6192.8000,6200.0000,6204.4000,1,1,1,1,1,4,3,3,1,3
SF,IC2103,2020-10-13 09:30:46.000,6187.0000,41334,-1,206866920.000,1,0,1,双平,S,6187.0000,6186.8000,6185.8000,6185.0000,6184.8000,6190.0000,6190.2000,6192.8000,6194.0000,6200.0000,1,1,1,1,1,4,1,3,1,1
SF,IC2103,2020-10-13 09:30:46.500,6187.0000,41334,0,206866920.000,0,-,-,-,-,6187.0000,6185.8000,6185.0000,6184.8000,6184.4000,6189.8000,6190.0000,6190.2000,6192.8000,6194.0000,2,1,1,1,5,1,3,1,3,1
SF,IC2103,2020-10-13 09:30:47.000,6187.0000,41334,0,206866920.000,0,-,-,-,-,6187.0000,6185.0000,6184.8000,6184.4000,6177.4000,6189.6000,6189.8000,6190.0000,6190.2000,6192.8000,2,1,1,5,1,1,1,2,1,3
SF,IC2103,2020-10-13 09:30:47.500,6187.0000,41334,0,208104320.000,1,0,1,多换,S,6185.0000,6184.8000,6184.4000,6177.4000,6170.2000,6189.4000,6189.6000,6190.2000,6192.8000,6194.0000,1,1,5,1,9,1,1,1,3,1
SF,IC2103,2020-10-13 09:30:48.000,6189.2000,41333,-1,209342160.000,1,0,1,双平,S,6186.6000,6186.4000,6185.6000,6185.4000,6185.2000,6190.2000,6192.8000,6194.0000,6197.6000,6200.0000,1,1,3,2,4,1,3,1,1,1
SF,IC2103,2020-10-13 09:30:48.500,6189.2000,41333,0,209342160.000,0,-,-,-,-,6188.0000,6187.2000,6186.8000,6186.4000,6185.6000,6190.2000,6192.8000,6194.0000,6197.6000,6200.0000,3,3,2,1,1,1,3,1,1,1
SF,IC2103,2020-10-13 09:30:49.000,6188.6000,41332,-1,210579880.000,1,0,1,双平,S,6186.8000,6186.4000,6185.4000,6185.2000,6185.0000,6190.0000,6190.2000,6192.8000,6194.0000,6197.6000,2,1,1,1,1,1,1,3,1,1
SF,IC2103,2020-10-13 09:30:49.500,6188.6000,41332,0,210579880.000,0,-,-,-,-,6190.0000,6188.0000,6187.2000,6187.0000,6186.8000,6190.2000,6192.8000,6194.0000,6197.6000,6200.0000,1,3,3,1,2,1,3,1,1,1
SF,IC2103,2020-10-13 09:30:50.000,6188.0000,41328,-4,216769560.000,5,0,5,多平,S,6187.2000,6187.0000,6186.8000,6186.4000,6185.0000,6190.0000,6192.8000,6194.0000,6197.6000,6200.0000,1,1,2,1,1,1,3,1,1,1
SF,IC2103,2020-10-13 09:30:50.500,6189.8000,41327,-1,218007520.000,1,0,1,双平,S,6188.0000,6187.4000,6187.2000,6187.0000,6186.4000,6192.8000,6194.0000,6197.6000,6200.0000,6204.4000,2,3,3,1,1,3,1,1,1,3
SF,IC2103,2020-10-13 09:30:51.000,6189.8000,41327,0,218007520.000,0,-,-,-,-,6188.2000,6188.0000,6187.4000,6187.2000,6187.0000,6192.0000,6192.4000,6192.8000,6194.0000,6197.6000,2,2,1,3,1,3,2,3,1,1
SF,IC2103,2020-10-13 09:30:51.500,6189.8000,41327,0,218007520.000,0,-,-,-,-,6189.4000,6188.2000,6188.0000,6187.2000,6187.0000,6191.8000,6192.0000,6192.4000,6192.8000,6194.0000,1,2,1,3,1,2,3,2,3,1
SF,IC2103,2020-10-13 09:30:52.000,6189.8000,41327,0,218007520.000,0,-,-,-,-,6189.6000,6189.4000,6188.2000,6188.0000,6187.2000,6191.8000,6192.8000,6194.0000,6197.6000,6200.0000,1,1,1,1,2,2,3,1,1,1
SF,IC2103,2020-10-13 09:30:52.500,6191.8000,41327,0,219245880.000,1,0,1,多换,S,6190.0000,6189.6000,6188.2000,6188.0000,6187.2000,6192.8000,6194.0000,6197.6000,6200.0000,6204.4000,1,1,1,1,2,3,1,1,1,3
SF,IC2103,2020-10-13 09:30:53.000,6191.8000,41327,0,219245880.000,0,-,-,-,-,6190.2000,6190.0000,6188.0000,6187.2000,6187.0000,6192.6000,6192.8000,6194.0000,6197.6000,6200.0000,2,1,1,2,1,1,3,1,1,1
SF,IC2103,2020-10-13 09:30:53.500,6191.8000,41327,0,219245880.000,0,-,-,-,-,6190.2000,6190.0000,6188.0000,6187.2000,6187.0000,6192.6000,6192.8000,6194.0000,6197.6000,6200.0000,2,1,1,2,1,1,3,1,1,1
SF,IC2103,2020-10-13 09:30:54.000,6191.8000,41327,0,219245880.000,0,-,-,-,-,6190.2000,6190.0000,6188.0000,6187.2000,6187.0000,6192.4000,6192.6000,6192.8000,6194.0000,6197.6000,2,1,1,1,1,2,1,3,1,1
SF,IC2103,2020-10-13 09:30:54.500,6191.8000,41327,0,219245880.000,0,-,-,-,-,6190.2000,6190.0000,6188.0000,6187.2000,6187.0000,6192.4000,6192.8000,6194.0000,6197.6000,6200.0000,2,1,1,1,1,2,3,1,1,1
SF,IC2103,2020-10-13 09:30:55.000,6192.4000,41325,-2,221722440.000,2,0,2,双平,S,6190.2000,6190.0000,6187.2000,6187.0000,6186.4000,6192.8000,6194.0000,6197.6000,6200.0000,6204.4000,2,1,1,1,1,3,1,1,1,3
SF,IC2103,2020-10-13 09:30:55.500,6192.4000,41325,0,221722440.000,0,-,-,-,-,6190.2000,6190.0000,6187.2000,6187.0000,6186.4000,6192.8000,6194.0000,6197.6000,6200.0000,6204.4000,2,1,1,1,1,3,1,1,1,3
SF,IC2103,2020-10-13 09:30:56.000,6192.4000,41325,0,221722440.000,0,-,-,-,-,6190.2000,6190.0000,6188.0000,6187.0000,6186.0000,6192.6000,6192.8000,6194.0000,6197.6000,6200.0000,3,1,1,1,1,1,3,2,1,1
SF,IC2103,2020-10-13 09:30:56.500,6192.4000,41325,0,221722440.000,0,-,-,-,-,6190.2000,6190.0000,6188.0000,6187.0000,6186.0000,6192.4000,6192.6000,6192.8000,6194.0000,6197.6000,1,1,1,1,1,1,1,3,2,1
SF,IC2103,2020-10-13 09:30:57.000,6192.4000,41325,0,221722440.000,0,-,-,-,-,6190.2000,6190.0000,6188.0000,6187.0000,6186.0000,6192.2000,6192.4000,6192.8000,6194.0000,6197.6000,1,2,1,1,1,1,2,3,2,1
SF,IC2103,2020-10-13 09:30:57.500,6192.4000,41325,0,221722440.000,0,-,-,-,-,6190.0000,6188.0000,6187.0000,6186.0000,6185.2000,6192.0000,6192.2000,6192.8000,6194.0000,6197.6000,2,1,1,1,1,1,2,3,2,1
SF,IC2103,2020-10-13 09:30:58.000,6192.4000,41325,0,221722440.000,0,-,-,-,-,6190.0000,6188.0000,6187.0000,6186.0000,6185.2000,6192.0000,6192.8000,6194.0000,6197.6000,6200.0000,2,1,1,1,1,2,3,2,1,1
SF,IC2103,2020-10-13 09:30:58.500,6190.2000,41324,-1,222960480.000,1,0,1,双平,S,6190.2000,6190.0000,6188.0000,6187.0000,6186.0000,6192.0000,6192.8000,6194.0000,6197.6000,6200.0000,1,2,1,1,1,1,3,2,1,1
SF,IC2103,2020-10-13 09:30:59.000,6190.2000,41324,0,222960480.000,0,-,-,-,-,6190.2000,6190.0000,6188.0000,6187.0000,6186.0000,6192.0000,6192.8000,6194.0000,6197.6000,6200.0000,1,2,1,1,1,2,3,2,1,1
SF,IC2103,2020-10-13 09:30:59.500,6190.0000,41322,-2,226674520.000,3,0,3,多平,S,6188.0000,6187.0000,6186.0000,6185.2000,6185.0000,6190.8000,6192.0000,6192.8000,6194.0000,6197.6000,1,1,1,1,1,2,3,3,2,1
SF,IC2103,2020-10-13 09:31:00.000,6190.6000,41321,-1,227912640.000,1,0,1,双平,S,6188.2000,6188.0000,6187.0000,6186.0000,6185.2000,6190.8000,6192.0000,6192.8000,6194.0000,6197.6000,2,3,1,1,1,2,1,3,2,1
SF,IC2103,2020-10-13 09:31:00.500,6190.6000,41320,-1,229150760.000,1,0,1,双平,S,6188.2000,6188.0000,6186.0000,6185.2000,6185.0000,6190.6000,6192.8000,6194.0000,6197.6000,6200.0000,2,1,1,1,1,1,3,2,1,1
SF,IC2103,2020-10-13 09:31:01.000,6188.2000,41320,0,230388400.000,1,0,1,多换,S,6188.0000,6186.0000,6185.2000,6185.0000,6184.4000,6190.6000,6192.8000,6194.0000,6197.6000,6200.0000,1,1,1,1,5,1,3,2,1,1
SF,IC2103,2020-10-13 09:31:01.500,6188.2000,41320,0,230388400.000,0,-,-,-,-,6188.0000,6186.0000,6185.2000,6185.0000,6184.4000,6190.0000,6190.4000,6190.6000,6192.8000,6194.0000,1,1,1,1,5,2,1,1,3,2
SF,IC2103,2020-10-13 09:31:02.000,6188.2000,41320,0,230388400.000,0,-,-,-,-,6188.2000,6188.0000,6186.0000,6185.0000,6184.4000,6189.8000,6190.0000,6190.4000,6190.6000,6192.8000,1,2,1,1,5,2,2,1,1,3
SF,IC2103,2020-10-13 09:31:02.500,6190.6000,41316,-4,235340520.000,4,0,4,双平,S,6190.6000,6188.4000,6188.2000,6188.0000,6186.0000,6192.8000,6194.0000,6197.6000,6200.0000,6204.4000,2,1,3,1,1,3,2,1,1,3
SF,IC2103,2020-10-13 09:31:03.000,6190.4000,41312,-4,241530480.000,5,0,5,多平,S,6188.2000,6188.0000,6186.4000,6186.0000,6185.0000,6190.6000,6192.0000,6192.4000,6192.6000,6192.8000,2,1,1,1,1,3,1,1,2,3
SF,IC2103,2020-10-13 09:31:03.500,6190.4000,41312,0,241530480.000,0,-,-,-,-,6188.4000,6188.2000,6188.0000,6186.4000,6186.0000,6190.6000,6192.0000,6192.4000,6192.6000,6192.8000,1,2,1,1,1,4,1,1,2,3
SF,IC2103,2020-10-13 09:31:04.000,6190.4000,41312,0,241530480.000,0,-,-,-,-,6188.6000,6188.2000,6188.0000,6186.4000,6186.0000,6190.6000,6192.0000,6192.4000,6192.6000,6192.8000,1,1,1,1,1,2,1,1,2,3
SF,IC2103,2020-10-13 09:31:04.500,6190.4000,41312,0,242768560.000,1,0,1,多换,S,6189.2000,6188.6000,6188.2000,6188.0000,6186.4000,6190.0000,6190.6000,6192.0000,6192.4000,6192.6000,1,1,1,1,1,1,2,1,1,2
SF,IC2103,2020-10-13 09:31:05.000,6190.4000,41312,0,242768560.000,0,-,-,-,-,6189.2000,6188.6000,6188.2000,6188.0000,6186.4000,6190.6000,6192.0000,6192.4000,6192.6000,6192.8000,1,1,1,1,1,2,1,1,2,3
SF,IC2103,2020-10-13 09:31:05.500,6189.2000,41312,0,244006400.000,1,0,1,多换,S,6188.2000,6188.0000,6186.4000,6186.0000,6185.0000,6189.2000,6189.4000,6190.4000,6190.6000,6192.0000,1,1,1,1,1,2,1,2,3,1
SF,IC2103,2020-10-13 09:31:06.000,6188.2000,41312,0,245244040.000,1,0,1,多换,S,6188.0000,6186.4000,6186.0000,6185.0000,6184.4000,6189.2000,6189.4000,6190.4000,6190.6000,6192.0000,1,1,1,1,5,2,1,2,3,1
SF,IC2103,2020-10-13 09:31:06.500,6189.2000,41310,-2,247719720.000,2,0,2,双平,S,6188.0000,6186.4000,6186.0000,6185.0000,6184.4000,6190.4000,6190.6000,6192.4000,6192.6000,6192.8000,2,1,1,1,5,2,3,1,1,3
SF,IC2103,2020-10-13 09:31:07.000,6189.2000,41310,0,247719720.000,0,-,-,-,-,6188.2000,6188.0000,6186.4000,6186.0000,6185.0000,6189.4000,6190.4000,6190.6000,6192.4000,6192.6000,1,1,1,1,1,1,1,2,1,1
SF,IC2103,2020-10-13 09:31:07.500,6189.2000,41310,0,247719720.000,0,-,-,-,-,6188.2000,6188.0000,6186.4000,6186.0000,6185.0000,6190.6000,6192.4000,6192.6000,6192.8000,6194.0000,1,1,1,1,1,2,1,1,3,2
SF,IC2103,2020-10-13 09:31:08.000,6188.0000,41310,0,248957320.000,1,0,1,多换,S,6186.4000,6186.0000,6185.0000,6184.4000,6183.0000,6190.2000,6190.4000,6190.6000,6192.4000,6192.6000,1,1,1,5,1,1,1,2,1,1
SF,IC2103,2020-10-13 09:31:08.500,6188.0000,41310,0,248957320.000,0,-,-,-,-,6186.6000,6186.4000,6186.0000,6185.0000,6184.4000,6188.2000,6190.0000,6190.2000,6190.6000,6192.4000,2,1,1,1,5,5,1,1,2,1
SF,IC2103,2020-10-13 09:31:09.000,6188.0000,41310,0,248957320.000,0,-,-,-,-,6186.6000,6186.4000,6186.0000,6185.0000,6184.4000,6188.2000,6190.0000,6190.2000,6190.6000,6192.4000,1,1,1,1,5,5,1,1,2,1
SF,IC2103,2020-10-13 09:31:09.500,6186.4000,41309,-1,250194600.000,1,0,1,双平,S,6186.0000,6185.0000,6184.4000,6183.0000,6177.4000,6186.6000,6188.0000,6188.2000,6190.0000,6190.6000,1,1,5,1,1,3,2,4,1,1
SF,IC2103,2020-10-13 09:31:10.000,6186.0000,41309,0,251431800.000,1,0,1,多换,S,6185.0000,6184.4000,6183.0000,6177.4000,6177.0000,6186.6000,6188.0000,6188.2000,6190.0000,6190.6000,1,5,1,1,1,3,2,4,1,1
SF,IC2103,2020-10-13 09:31:10.500,6186.0000,41309,0,251431800.000,0,-,-,-,-,6185.2000,6185.0000,6184.4000,6183.0000,6177.4000,6186.6000,6188.0000,6188.2000,6192.4000,6192.6000,1,2,5,1,1,5,2,4,1,1
SF,IC2103,2020-10-13 09:31:11.000,6185.2000,41308,-1,252668840.000,1,0,1,双平,S,6185.0000,6184.4000,6183.0000,6177.4000,6177.0000,6186.6000,6188.0000,6188.2000,6188.6000,6192.4000,2,5,1,1,1,4,2,4,1,1
SF,IC2103,2020-10-13 09:31:11.500,6185.0000,41307,-1,253905840.000,1,0,1,双平,S,6185.0000,6184.4000,6183.0000,6177.4000,6177.0000,6186.2000,6186.4000,6186.6000,6188.0000,6188.2000,1,5,1,1,1,1,1,4,2,4
SF,IC2103,2020-10-13 09:31:12.000,6185.0000,41307,0,253905840.000,0,-,-,-,-,6185.0000,6184.4000,6183.0000,6177.4000,6177.0000,6186.2000,6186.4000,6186.6000,6188.0000,6188.2000,1,5,1,1,1,1,1,4,2,4
SF,IC2103,2020-10-13 09:31:12.500,6186.0000,41306,-1,255143040.000,1,0,1,双平,S,6184.4000,6183.0000,6177.4000,6177.0000,6170.2000,6186.6000,6188.0000,6188.2000,6192.4000,6192.6000,5,1,1,1,9,4,2,4,1,1
SF,IC2103,2020-10-13 09:31:13.000,6186.0000,41306,0,255143040.000,0,-,-,-,-,6184.6000,6184.4000,6183.0000,6177.4000,6177.0000,6185.8000,6186.6000,6188.0000,6188.2000,6188.4000,2,5,1,1,1,1,4,2,4,1
SF,IC2103,2020-10-13 09:31:13.500,6186.0000,41306,0,255143040.000,0,-,-,-,-,6184.8000,6184.6000,6184.4000,6183.0000,6177.4000,6186.6000,6188.0000,6188.2000,6192.4000,6192.6000,1,1,5,1,1,4,2,4,1,1
SF,IC2103,2020-10-13 09:31:14.000,6184.6000,41306,0,256379960.000,1,0,1,多换,S,6184.4000,6183.0000,6177.4000,6177.0000,6170.2000,6186.6000,6188.0000,6188.2000,6188.4000,6192.4000,5,1,1,1,9,4,2,4,1,1
SF,IC2103,2020-10-13 09:31:14.500,6184.6000,41306,0,256379960.000,0,-,-,-,-,6184.6000,6184.4000,6183.0000,6177.4000,6177.0000,6186.0000,6186.4000,6186.6000,6188.0000,6188.2000,1,5,1,1,1,1,1,4,2,4
SF,IC2103,2020-10-13 09:31:15.000,6184.6000,41306,0,256379960.000,0,-,-,-,-,6184.6000,6184.4000,6183.0000,6177.4000,6177.0000,6186.0000,6186.4000,6186.6000,6188.0000,6188.2000,1,5,1,1,1,1,1,4,2,4
SF,IC2103,2020-10-13 09:31:15.500,6184.6000,41306,0,256379960.000,0,-,-,-,-,6184.6000,6184.4000,6183.0000,6181.2000,6177.4000,6185.8000,6186.0000,6186.6000,6188.0000,6188.2000,1,5,1,1,1,2,1,4,2,4
SF,IC2103,2020-10-13 09:31:16.500,6185.8000,41306,0,257617120.000,1,0,1,多换,S,6184.6000,6184.4000,6183.0000,6181.2000,6177.4000,6185.8000,6186.0000,6186.6000,6188.0000,6188.2000,1,5,1,1,1,1,1,4,2,4
SF,IC2103,2020-10-13 09:31:17.000,6185.8000,41306,0,257617120.000,0,-,-,-,-,6184.4000,6183.0000,6181.2000,6177.4000,6177.0000,6184.6000,6186.0000,6186.6000,6188.0000,6188.2000,5,1,1,1,1,1,1,4,2,4
SF,IC2103,2020-10-13 09:31:17.500,6184.6000,41305,-1,258854040.000,1,0,1,双平,S,6184.6000,6184.4000,6183.0000,6181.2000,6177.4000,6186.0000,6186.6000,6188.0000,6188.2000,6192.4000,2,5,1,1,1,1,4,2,4,1
SF,IC2103,2020-10-13 09:31:18.000,6184.6000,41304,-1,260090960.000,1,0,1,双平,S,6184.6000,6184.4000,6183.0000,6181.2000,6177.4000,6185.8000,6186.0000,6186.6000,6188.0000,6188.2000,2,5,2,1,1,1,1,4,2,4
SF,IC2103,2020-10-13 09:31:18.500,6184.6000,41303,-1,261327880.000,1,0,1,双平,S,6184.6000,6184.4000,6183.0000,6181.2000,6177.4000,6186.0000,6186.6000,6188.0000,6188.2000,6192.4000,2,5,2,1,1,1,3,2,4,1
SF,IC2103,2020-10-13 09:31:19.000,6184.6000,41302,-1,262564800.000,1,0,1,双平,S,6184.6000,6184.4000,6183.0000,6181.2000,6177.4000,6185.2000,6186.0000,6186.6000,6188.0000,6188.2000,1,5,2,1,1,1,1,3,2,4
SF,IC2103,2020-10-13 09:31:19.500,6184.6000,41301,-1,263801720.000,1,0,1,双平,S,6184.4000,6183.0000,6181.2000,6177.4000,6171.2000,6185.2000,6186.0000,6186.6000,6188.0000,6188.2000,5,2,1,1,1,1,1,3,2,4
SF,IC2103,2020-10-13 09:31:20.000,6184.6000,41301,0,263801720.000,0,-,-,-,-,6184.6000,6184.4000,6183.0000,6181.2000,6177.4000,6186.0000,6186.6000,6188.0000,6188.2000,6192.4000,1,5,2,1,1,1,3,2,4,1
SF,IC2103,2020-10-13 09:31:20.500,6184.6000,41301,0,263801720.000,0,-,-,-,-,6184.6000,6184.4000,6183.0000,6181.2000,6177.4000,6185.2000,6185.8000,6186.0000,6186.6000,6188.0000,1,5,2,1,1,1,1,1,3,3
SF,IC2103,2020-10-13 09:31:21.000,6184.6000,41302,1,266275560.000,2,1,1,空开,S,6185.2000,6184.4000,6183.0000,6181.2000,6177.4000,6185.8000,6186.0000,6186.6000,6188.0000,6188.2000,1,5,2,1,1,1,1,3,2,4
SF,IC2103,2020-10-13 09:31:21.500,6185.0000,41302,0,267512560.000,1,0,1,多换,S,6184.4000,6183.0000,6181.2000,6177.4000,6171.2000,6185.6000,6185.8000,6186.0000,6186.6000,6188.0000,5,2,1,1,1,1,1,1,3,2
SF,IC2103,2020-10-13 09:31:22.000,6185.0000,41302,0,267512560.000,0,-,-,-,-,6184.4000,6183.0000,6181.2000,6177.4000,6171.2000,6184.6000,6185.6000,6185.8000,6186.0000,6186.6000,5,2,1,1,1,2,1,1,1,3
SF,IC2103,2020-10-13 09:31:22.500,6184.8000,41302,0,269986480.000,2,1,1,多换,S,6184.6000,6184.4000,6183.0000,6181.2000,6177.4000,6185.8000,6186.0000,6186.6000,6188.0000,6188.2000,1,5,2,1,1,1,1,3,2,4
SF,IC2103,2020-10-13 09:31:23.000,6184.8000,41302,0,269986480.000,0,-,-,-,-,6184.4000,6183.0000,6181.2000,6177.4000,6171.2000,6184.6000,6185.0000,6185.6000,6185.8000,6186.0000,5,2,1,1,1,1,1,2,2,1
SF,IC2103,2020-10-13 09:31:23.500,6184.4000,41302,0,276170880.000,5,2,3,多换,S,6183.0000,6181.2000,6177.4000,6171.2000,6170.2000,6184.2000,6184.4000,6185.6000,6185.8000,6186.0000,2,1,1,1,9,1,1,1,1,1
SF,IC2103,2020-10-13 09:31:24.000,6184.4000,41302,0,276170880.000,0,-,-,-,-,6183.0000,6181.2000,6177.4000,6171.2000,6170.2000,6184.4000,6185.6000,6185.8000,6186.0000,6186.6000,2,1,1,1,9,1,1,1,1,1
SF,IC2103,2020-10-13 09:31:24.500,6184.2000,41298,-4,282354600.000,5,0,5,多平,S,6181.2000,6177.4000,6171.2000,6170.2000,6170.0000,6184.4000,6185.8000,6186.0000,6186.6000,6188.0000,1,1,1,9,1,1,1,1,1,2
SF,IC2103,2020-10-13 09:31:25.000,6184.2000,41298,0,282354600.000,0,-,-,-,-,6182.4000,6181.4000,6181.2000,6177.4000,6171.2000,6184.0000,6184.4000,6186.0000,6186.6000,6188.0000,1,2,1,1,1,1,1,1,1,2
SF,IC2103,2020-10-13 09:31:25.500,6184.2000,41298,0,282354600.000,0,-,-,-,-,6182.4000,6181.4000,6181.2000,6177.4000,6171.2000,6184.0000,6186.0000,6186.6000,6188.0000,6188.2000,1,2,1,1,1,2,1,1,2,4
SF,IC2103,2020-10-13 09:31:26.000,6184.2000,41298,0,282354600.000,0,-,-,-,-,6182.4000,6181.4000,6181.2000,6177.4000,6171.2000,6183.8000,6184.0000,6186.0000,6186.6000,6188.2000,1,2,1,1,1,2,2,1,1,4
SF,IC2103,2020-10-13 09:31:26.500,6184.2000,41298,0,282354600.000,0,-,-,-,-,6181.4000,6181.2000,6177.4000,6171.2000,6170.2000,6183.8000,6184.0000,6186.0000,6186.6000,6188.2000,1,1,1,1,9,2,2,1,1,4
SF,IC2103,2020-10-13 09:31:27.000,6184.2000,41298,0,282354600.000,0,-,-,-,-,6181.4000,6181.2000,6177.4000,6171.2000,6170.2000,6183.0000,6183.6000,6183.8000,6184.0000,6186.0000,1,1,1,1,9,1,2,1,1,1
SF,IC2103,2020-10-13 09:31:27.500,6184.0000,41299,1,283591400.000,1,1,0,双开,S,6181.2000,6177.4000,6171.2000,6170.2000,6170.0000,6183.0000,6183.6000,6183.8000,6184.0000,6186.0000,1,1,1,9,1,2,1,1,1,1
SF,IC2103,2020-10-13 09:31:28.000,6184.0000,41299,0,283591400.000,0,-,-,-,-,6181.2000,6177.4000,6171.2000,6170.2000,6170.0000,6183.8000,6184.0000,6186.0000,6188.2000,6190.8000,1,1,1,9,1,1,1,1,4,1
SF,IC2103,2020-10-13 09:31:28.500,6184.0000,41299,0,283591400.000,0,-,-,-,-,6181.4000,6181.2000,6177.4000,6171.2000,6170.2000,6183.0000,6183.6000,6183.8000,6186.0000,6188.2000,1,1,1,1,9,1,1,2,1,4
SF,IC2103,2020-10-13 09:31:29.000,6184.0000,41299,0,283591400.000,0,-,-,-,-,6181.2000,6177.4000,6171.2000,6170.2000,6170.0000,6181.4000,6182.8000,6183.0000,6186.0000,6188.2000,1,1,1,9,1,1,1,1,1,4
SF,IC2103,2020-10-13 09:31:29.500,6183.0000,41299,0,286064280.000,2,1,1,多换,S,6183.8000,6181.4000,6181.2000,6177.4000,6171.2000,6188.2000,6190.8000,6191.8000,6192.6000,6192.8000,1,2,1,1,1,4,1,5,1,3
SF,IC2103,2020-10-13 09:31:30.000,6183.8000,41298,-1,288537800.000,2,0,2,多平,S,6181.4000,6181.2000,6177.4000,6171.2000,6170.2000,6183.8000,6184.8000,6185.2000,6185.4000,6186.2000,1,1,1,1,9,1,1,1,1,3
SF,IC2103,2020-10-13 09:31:30.500,6181.4000,41296,-2,291010400.000,2,0,2,双平,S,6181.2000,6177.4000,6171.2000,6170.2000,6170.0000,6181.4000,6182.2000,6183.8000,6184.8000,6185.2000,1,1,1,9,1,13,1,1,1,1
SF,IC2103,2020-10-13 09:31:31.000,6181.2000,41294,-2,294719200.000,3,0,3,多平,S,6177.4000,6171.2000,6170.2000,6170.0000,6167.0000,6181.2000,6181.4000,6182.2000,6184.8000,6185.2000,1,1,9,1,1,1,11,1,1,1
SF,IC2103,2020-10-13 09:31:31.500,6181.2000,41294,0,294719200.000,0,-,-,-,-,6180.8000,6180.2000,6178.2000,6177.6000,6177.4000,6181.0000,6181.2000,6181.4000,6183.2000,6184.8000,1,1,1,4,2,1,1,11,1,1
SF,IC2103,2020-10-13 09:31:32.000,6180.8000,41293,-1,297191520.000,2,0,2,多平,S,6178.2000,6177.6000,6177.4000,6171.2000,6170.2000,6180.6000,6180.8000,6181.2000,6181.4000,6183.2000,1,4,1,1,9,1,1,1,11,1
SF,IC2103,2020-10-13 09:31:32.500,6180.8000,41293,0,298427680.000,1,0,1,多换,S,6178.4000,6178.2000,6177.6000,6177.4000,6171.2000,6180.6000,6180.8000,6181.0000,6181.2000,6181.4000,1,3,2,1,1,1,1,1,2,11
SF,IC2103,2020-10-13 09:31:33.000,6180.8000,41293,0,298427680.000,0,-,-,-,-,6179.8000,6178.6000,6178.4000,6178.2000,6177.6000,6180.6000,6180.8000,6181.0000,6181.2000,6181.4000,1,2,2,2,2,1,1,1,2,11
SF,IC2103,2020-10-13 09:31:33.500,6180.8000,41293,0,298427680.000,0,-,-,-,-,6180.0000,6179.8000,6178.2000,6177.6000,6177.4000,6180.8000,6181.0000,6181.2000,6181.4000,6185.2000,1,1,2,2,1,1,1,2,11,1
SF,IC2103,2020-10-13 09:31:34.000,6180.8000,41293,0,299663840.000,1,0,1,多换,S,6180.0000,6178.2000,6177.6000,6177.4000,6172.0000,6181.2000,6181.4000,6183.0000,6185.2000,6185.4000,2,2,2,1,1,2,11,1,1,1
SF,IC2103,2020-10-13 09:31:35.000,6180.8000,41293,0,299663840.000,0,-,-,-,-,6180.6000,6180.0000,6178.2000,6177.6000,6177.4000,6181.2000,6181.4000,6183.0000,6185.2000,6185.4000,1,2,2,2,1,2,11,1,1,1
SF,IC2103,2020-10-13 09:31:35.500,6180.6000,41293,0,300899960.000,1,0,1,多换,S,6180.0000,6178.2000,6177.6000,6177.4000,6172.0000,6181.2000,6181.4000,6183.0000,6184.0000,6185.2000,1,2,2,1,1,2,11,1,1,1
SF,IC2103,2020-10-13 09:31:36.000,6180.6000,41293,0,300899960.000,0,-,-,-,-,6180.2000,6180.0000,6178.2000,6177.6000,6177.4000,6181.2000,6181.4000,6183.0000,6184.0000,6185.2000,1,1,2,2,1,2,11,1,1,1
SF,IC2103,2020-10-13 09:31:36.500,6181.4000,41287,-6,309553880.000,7,0,7,多平,S,6180.2000,6178.2000,6177.6000,6177.4000,6172.0000,6181.4000,6183.0000,6184.0000,6187.8000,6188.2000,1,2,2,1,1,5,1,1,2,4
SF,IC2103,2020-10-13 09:31:37.000,6181.4000,41282,-5,316971560.000,6,0,6,多平,S,6181.6000,6181.2000,6180.2000,6177.6000,6177.4000,6183.0000,6184.0000,6187.8000,6188.2000,6190.8000,1,1,2,1,1,1,1,2,4,1
SF,IC2103,2020-10-13 09:31:37.500,6181.8000,41280,-2,319444520.000,2,0,2,双平,S,6181.8000,6181.6000,6181.2000,6180.2000,6177.6000,6184.0000,6184.4000,6187.8000,6188.2000,6190.8000,1,2,2,1,1,1,1,2,4,1
SF,IC2103,2020-10-13 09:31:38.000,6184.0000,41280,0,320681320.000,1,0,1,多换,S,6183.0000,6181.8000,6181.6000,6181.2000,6180.2000,6184.4000,6186.0000,6187.8000,6188.2000,6190.8000,1,2,1,2,1,1,1,2,4,1
SF,IC2103,2020-10-13 09:31:38.500,6183.0000,41279,-1,324391560.000,3,1,2,多平,S,6181.6000,6181.2000,6180.2000,6180.0000,6177.6000,6184.4000,6186.0000,6187.8000,6188.2000,6190.8000,1,2,1,1,1,1,1,2,4,1
SF,IC2103,2020-10-13 09:31:39.000,6183.0000,41279,0,324391560.000,0,-,-,-,-,6181.8000,6181.6000,6181.2000,6180.2000,6180.0000,6183.0000,6184.4000,6186.0000,6187.8000,6188.2000,3,3,2,1,2,1,3,1,2,4
SF,IC2103,2020-10-13 09:31:39.500,6183.0000,41279,0,325628160.000,1,0,1,多换,S,6183.0000,6181.8000,6181.6000,6181.2000,6180.2000,6184.4000,6187.8000,6188.2000,6190.8000,6191.8000,1,1,3,2,1,2,2,4,1,5
SF,IC2103,2020-10-13 09:31:40.000,6184.4000,41278,-1,328101640.000,2,0,2,多平,S,6183.0000,6181.8000,6181.6000,6181.2000,6180.2000,6187.8000,6188.2000,6190.8000,6191.8000,6192.8000,1,1,3,2,1,2,4,1,5,3
SF,IC2103,2020-10-13 09:31:40.500,6184.4000,41278,0,328101640.000,0,-,-,-,-,6183.2000,6181.8000,6181.6000,6181.2000,6180.0000,6185.2000,6186.6000,6187.2000,6187.4000,6187.6000,2,1,3,2,1,1,2,1,1,2
SF,IC2103,2020-10-13 09:31:41.000,6183.2000,41276,-2,330575320.000,2,0,2,双平,S,6181.8000,6181.6000,6181.4000,6181.2000,6180.0000,6183.0000,6185.2000,6186.6000,6187.2000,6187.4000,1,3,1,2,1,4,1,2,1,1
SF,IC2103,2020-10-13 09:31:41.500,6183.0000,41272,-4,340468120.000,8,2,6,多平,S,6182.4000,6181.8000,6181.6000,6181.4000,6181.2000,6183.0000,6187.2000,6187.8000,6188.2000,6190.8000,1,1,3,1,2,2,1,1,4,1
SF,IC2103,2020-10-13 09:31:42.000,6183.0000,41272,0,342941320.000,2,1,1,多换,S,6181.8000,6181.6000,6181.4000,6181.2000,6180.0000,6188.2000,6190.8000,6191.8000,6192.8000,6194.0000,1,3,1,2,1,4,1,5,3,2
SF,IC2103,2020-10-13 09:31:42.500,6183.0000,41272,0,342941320.000,0,-,-,-,-,6182.6000,6182.4000,6182.2000,6182.0000,6181.8000,6183.0000,6184.0000,6187.4000,6188.0000,6188.2000,1,4,2,1,2,1,5,1,1,4
SF,IC2103,2020-10-13 09:31:43.000,6183.8000,41267,-5,354072280.000,9,2,7,多平,S,6183.8000,6183.0000,6182.8000,6182.6000,6182.4000,6188.0000,6188.2000,6190.8000,6191.8000,6192.8000,1,2,1,1,1,1,4,1,5,3
SF,IC2103,2020-10-13 09:31:43.500,6183.0000,41265,-2,356545640.000,2,0,2,双平,S,6183.4000,6182.6000,6182.4000,6182.2000,6181.8000,6187.4000,6187.8000,6188.0000,6188.2000,6190.8000,2,1,1,1,1,1,1,1,4,1
SF,IC2103,2020-10-13 09:31:44.000,6183.0000,41265,0,356545640.000,0,-,-,-,-,6183.8000,6183.6000,6183.4000,6182.6000,6182.4000,6186.8000,6187.2000,6187.4000,6188.2000,6190.8000,1,1,2,1,1,1,2,1,4,1
SF,IC2103,2020-10-13 09:31:44.500,6183.0000,41265,0,356545640.000,0,-,-,-,-,6183.8000,6183.6000,6183.4000,6182.6000,6182.4000,6186.4000,6186.6000,6188.2000,6190.8000,6191.8000,6,1,2,1,1,1,2,4,1,5
SF,IC2103,2020-10-13 09:31:45.000,6183.0000,41265,0,356545640.000,0,-,-,-,-,6183.8000,6183.6000,6183.4000,6182.6000,6182.4000,6186.2000,6186.4000,6188.2000,6190.8000,6191.8000,5,1,2,1,1,3,1,4,1,5
SF,IC2103,2020-10-13 09:31:45.500,6183.0000,41265,0,356545640.000,0,-,-,-,-,6183.8000,6183.6000,6183.0000,6182.6000,6182.4000,6186.0000,6186.2000,6188.2000,6190.8000,6191.8000,5,1,1,1,1,2,3,4,1,5
SF,IC2103,2020-10-13 09:31:46.000,6185.8000,41265,0,361493080.000,4,2,2,多换,S,6183.8000,6183.0000,6182.6000,6182.4000,6182.2000,6186.0000,6186.2000,6188.2000,6190.8000,6191.8000,2,1,1,1,1,2,2,4,1,5
SF,IC2103,2020-10-13 09:31:46.500,6183.8000,41265,0,363966600.000,2,1,1,多换,S,6183.0000,6181.6000,6181.4000,6181.2000,6181.0000,6185.8000,6186.0000,6186.2000,6188.2000,6190.8000,1,3,1,2,1,2,2,1,4,1
SF,IC2103,2020-10-13 09:31:47.000,6183.8000,41265,0,363966600.000,0,-,-,-,-,6183.2000,6183.0000,6181.6000,6181.4000,6181.2000,6183.8000,6185.6000,6185.8000,6186.0000,6188.2000,1,1,3,1,2,1,2,1,1,4
SF,IC2103,2020-10-13 09:31:47.500,6183.8000,41264,-1,365203360.000,1,0,1,双平,S,6183.0000,6181.6000,6181.4000,6181.2000,6181.0000,6185.6000,6188.2000,6190.8000,6191.8000,6192.8000,1,3,1,2,1,1,4,1,5,3
SF,IC2103,2020-10-13 09:31:48.000,6183.8000,41264,0,365203360.000,0,-,-,-,-,6183.2000,6183.0000,6181.6000,6181.4000,6181.2000,6188.2000,6190.8000,6191.8000,6192.8000,6194.0000,3,1,1,1,2,4,1,5,3,2
SF,IC2103,2020-10-13 09:31:48.500,6183.8000,41264,0,365203360.000,0,-,-,-,-,6183.6000,6183.2000,6183.0000,6181.6000,6181.4000,6187.6000,6188.0000,6188.2000,6190.8000,6191.8000,2,3,1,1,1,1,4,4,1,5
SF,IC2103,2020-10-13 09:31:49.000,6183.8000,41264,0,365203360.000,0,-,-,-,-,6185.8000,6183.8000,6183.6000,6183.0000,6181.6000,6187.0000,6187.6000,6188.0000,6188.2000,6190.8000,1,2,2,1,1,1,1,1,4,1
SF,IC2103,2020-10-13 09:31:49.500,6185.8000,41264,0,366440520.000,1,0,1,多换,S,6183.8000,6183.6000,6183.0000,6181.4000,6181.2000,6185.8000,6186.4000,6187.0000,6188.0000,6188.2000,1,2,1,1,2,1,1,1,1,4
SF,IC2103,2020-10-13 09:31:50.000,6185.8000,41264,0,366440520.000,0,-,-,-,-,6183.0000,6181.4000,6181.2000,6181.0000,6180.0000,6185.6000,6185.8000,6186.4000,6188.0000,6188.2000,1,1,2,1,2,1,2,1,1,4
SF,IC2103,2020-10-13 09:31:50.500,6185.8000,41264,0,366440520.000,0,-,-,-,-,6183.0000,6182.8000,6181.4000,6181.2000,6181.0000,6185.4000,6185.6000,6185.8000,6186.4000,6188.0000,1,1,1,2,1,1,2,1,1,1
SF,IC2103,2020-10-13 09:31:51.000,6185.8000,41264,0,366440520.000,0,-,-,-,-,6183.2000,6183.0000,6182.8000,6181.4000,6181.2000,6185.4000,6185.6000,6185.8000,6186.4000,6188.0000,2,1,1,1,2,1,1,1,1,1
SF,IC2103,2020-10-13 09:31:51.500,6185.8000,41264,0,366440520.000,0,-,-,-,-,6183.6000,6183.2000,6183.0000,6182.8000,6181.4000,6185.4000,6185.8000,6186.4000,6188.0000,6188.2000,2,2,1,1,1,2,1,1,1,4
SF,IC2103,2020-10-13 09:31:52.000,6185.6000,41263,-1,367677640.000,1,0,1,双平,S,6183.8000,6183.2000,6183.0000,6182.8000,6181.4000,6185.8000,6188.2000,6190.8000,6191.8000,6192.8000,2,1,1,1,1,1,4,1,5,3
SF,IC2103,2020-10-13 09:31:52.500,6184.0000,41263,0,368914440.000,1,0,1,多换,S,6184.0000,6183.8000,6183.6000,6183.2000,6183.0000,6185.8000,6188.2000,6190.8000,6191.8000,6192.8000,1,1,1,1,1,1,4,1,5,3
SF,IC2103,2020-10-13 09:31:53.000,6184.0000,41263,0,368914440.000,0,-,-,-,-,6184.0000,6183.8000,6183.6000,6183.2000,6183.0000,6185.8000,6188.2000,6190.8000,6191.8000,6192.8000,1,1,1,1,2,2,4,1,5,3
SF,IC2103,2020-10-13 09:31:54.500,6184.0000,41263,0,368914440.000,0,-,-,-,-,6184.0000,6183.8000,6183.6000,6183.2000,6183.0000,6185.8000,6188.2000,6190.8000,6191.8000,6192.8000,1,1,1,1,2,1,4,1,5,3
SF,IC2103,2020-10-13 09:31:55.000,6185.8000,41262,-1,370151600.000,1,0,1,双平,S,6184.2000,6184.0000,6183.6000,6183.2000,6183.0000,6188.2000,6190.8000,6191.8000,6192.8000,6194.0000,1,1,1,1,2,4,1,5,3,2
SF,IC2103,2020-10-13 09:31:55.500,6185.8000,41262,0,370151600.000,0,-,-,-,-,6184.4000,6184.2000,6184.0000,6183.6000,6183.2000,6187.6000,6188.0000,6188.2000,6190.8000,6191.8000,1,1,1,1,1,1,1,4,1,5
SF,IC2103,2020-10-13 09:31:56.000,6185.8000,41262,0,370151600.000,0,-,-,-,-,6184.4000,6184.0000,6183.6000,6183.2000,6183.0000,6187.4000,6187.6000,6188.2000,6190.8000,6191.8000,1,1,2,1,2,2,1,4,1,5
SF,IC2103,2020-10-13 09:31:56.500,6185.8000,41262,0,370151600.000,0,-,-,-,-,6184.6000,6184.4000,6184.0000,6183.6000,6183.2000,6187.4000,6188.2000,6190.8000,6191.8000,6192.8000,1,1,1,2,1,1,4,1,5,3
SF,IC2103,2020-10-13 09:31:57.000,6185.8000,41262,0,370151600.000,0,-,-,-,-,6184.8000,6184.6000,6184.0000,6183.6000,6183.2000,6187.4000,6188.2000,6190.8000,6191.8000,6192.8000,1,2,1,2,1,2,4,1,5,3
SF,IC2103,2020-10-13 09:31:57.500,6185.8000,41262,0,370151600.000,0,-,-,-,-,6185.0000,6184.8000,6184.6000,6184.0000,6183.6000,6187.4000,6188.2000,6190.8000,6191.8000,6192.8000,1,1,1,1,2,2,4,1,5,3
SF,IC2103,2020-10-13 09:31:58.500,6185.8000,41262,0,370151600.000,0,-,-,-,-,6185.0000,6184.8000,6184.6000,6184.0000,6183.6000,6187.4000,6188.2000,6190.8000,6191.8000,6192.8000,1,1,1,1,2,1,4,1,5,3
SF,IC2103,2020-10-13 09:31:59.000,6185.8000,41262,0,370151600.000,0,-,-,-,-,6184.8000,6184.6000,6184.0000,6183.6000,6183.2000,6187.4000,6188.2000,6190.8000,6191.8000,6192.8000,1,1,1,2,1,2,4,1,5,3
SF,IC2103,2020-10-13 09:31:59.500,6185.8000,41262,0,370151600.000,0,-,-,-,-,6184.8000,6184.6000,6184.0000,6183.6000,6183.2000,6185.0000,6187.0000,6187.4000,6188.2000,6190.8000,1,1,1,2,1,1,1,2,4,1
SF,IC2103,2020-10-13 09:32:00.000,6185.2000,41261,-1,371388640.000,1,0,1,双平,S,6185.4000,6184.6000,6184.0000,6183.6000,6183.2000,6187.4000,6188.2000,6190.8000,6191.8000,6192.8000,2,1,1,2,1,1,4,1,5,3
SF,IC2103,2020-10-13 09:32:00.500,6185.2000,41261,0,371388640.000,0,-,-,-,-,6184.6000,6184.0000,6183.6000,6183.2000,6183.0000,6187.4000,6188.2000,6190.8000,6191.8000,6192.8000,1,1,2,1,2,2,4,1,5,3
SF,IC2103,2020-10-13 09:32:01.000,6185.2000,41261,0,371388640.000,0,-,-,-,-,6184.8000,6184.6000,6184.0000,6183.6000,6183.2000,6187.2000,6187.4000,6188.2000,6190.8000,6191.8000,2,1,1,2,1,2,2,4,1,5
SF,IC2103,2020-10-13 09:32:01.500,6184.8000,41260,-1,372625600.000,1,0,1,双平,S,6184.8000,6184.6000,6184.0000,6183.6000,6183.2000,6187.0000,6187.2000,6187.4000,6188.2000,6190.8000,1,1,1,2,1,1,1,1,4,1
SF,IC2103,2020-10-13 09:32:02.000,6184.8000,41260,0,372625600.000,0,-,-,-,-,6184.8000,6184.6000,6184.0000,6183.6000,6183.2000,6187.0000,6187.4000,6188.2000,6188.8000,6190.8000,1,1,1,2,1,3,1,4,1,1
SF,IC2103,2020-10-13 09:32:02.500,6184.8000,41260,0,372625600.000,0,-,-,-,-,6185.0000,6184.8000,6184.6000,6184.0000,6183.6000,6186.8000,6187.0000,6187.4000,6188.2000,6188.8000,2,1,1,1,2,1,2,1,4,1
SF,IC2103,2020-10-13 09:32:03.500,6184.8000,41259,-1,373862560.000,1,0,1,双平,S,6185.0000,6184.8000,6184.6000,6184.0000,6183.6000,6186.8000,6187.0000,6187.4000,6188.2000,6188.8000,1,1,1,1,2,1,2,1,4,1
SF,IC2103,2020-10-13 09:32:04.000,6184.8000,41258,-1,375099520.000,1,0,1,双平,S,6184.8000,6184.6000,6184.0000,6183.6000,6183.2000,6186.6000,6186.8000,6187.0000,6187.4000,6188.2000,1,1,1,2,1,1,1,1,1,4
SF,IC2103,2020-10-13 09:32:04.500,6184.8000,41258,0,375099520.000,0,-,-,-,-,6184.8000,6184.6000,6184.0000,6183.6000,6183.2000,6186.6000,6187.4000,6188.2000,6188.8000,6190.8000,1,1,1,2,1,3,1,4,1,1
SF,IC2103,2020-10-13 09:32:05.000,6186.6000,41257,-1,380048400.000,4,1,3,多平,S,6185.8000,6185.4000,6184.6000,6184.0000,6183.6000,6187.4000,6188.2000,6188.8000,6190.8000,6191.8000,1,1,1,1,2,1,4,1,1,5
SF,IC2103,2020-10-13 09:32:05.500,6185.4000,41255,-2,382522640.000,2,0,2,双平,S,6184.6000,6184.0000,6183.6000,6183.0000,6181.2000,6185.8000,6187.4000,6188.2000,6188.8000,6190.8000,1,1,2,2,2,1,1,4,1,1
SF,IC2103,2020-10-13 09:32:06.000,6185.4000,41255,0,382522640.000,0,-,-,-,-,6184.8000,6184.6000,6184.0000,6183.6000,6183.0000,6187.4000,6188.2000,6188.8000,6190.8000,6191.8000,1,1,1,2,2,1,4,1,1,5
SF,IC2103,2020-10-13 09:32:06.500,6185.4000,41255,0,382522640.000,0,-,-,-,-,6184.8000,6184.6000,6184.0000,6183.6000,6183.0000,6187.2000,6187.4000,6188.2000,6188.8000,6190.8000,1,1,1,2,2,2,1,4,1,1
SF,IC2103,2020-10-13 09:32:07.000,6185.4000,41255,0,382522640.000,0,-,-,-,-,6184.8000,6184.6000,6184.0000,6183.6000,6183.0000,6187.0000,6187.2000,6187.4000,6188.2000,6188.8000,1,1,1,2,2,2,2,1,4,1
SF,IC2103,2020-10-13 09:32:07.500,6185.4000,41255,0,382522640.000,0,-,-,-,-,6184.8000,6184.6000,6184.0000,6183.6000,6183.0000,6186.8000,6187.0000,6187.2000,6187.4000,6188.2000,1,1,2,2,1,2,1,1,1,4
SF,IC2103,2020-10-13 09:32:08.000,6185.4000,41255,0,382522640.000,0,-,-,-,-,6184.8000,6184.6000,6184.0000,6183.6000,6183.0000,6186.8000,6187.0000,6187.2000,6187.4000,6188.2000,1,1,1,2,1,1,1,1,1,4
SF,IC2103,2020-10-13 09:32:09.000,6185.4000,41255,0,382522640.000,0,-,-,-,-,6184.8000,6184.6000,6184.0000,6183.6000,6183.0000,6186.6000,6186.8000,6187.0000,6187.2000,6187.4000,1,1,1,2,1,3,1,1,1,1
SF,IC2103,2020-10-13 09:32:09.500,6184.6000,41254,-1,383759560.000,1,0,1,双平,S,6184.0000,6183.6000,6183.0000,6181.2000,6180.2000,6184.8000,6186.4000,6187.2000,6187.4000,6188.2000,1,2,1,2,1,2,4,1,1,4
SF,IC2103,2020-10-13 09:32:10.000,6184.0000,41252,-2,386233160.000,2,0,2,双平,S,6183.6000,6183.0000,6181.2000,6180.2000,6180.0000,6184.0000,6186.4000,6187.2000,6187.4000,6188.2000,2,1,2,1,2,2,4,1,1,4
SF,IC2103,2020-10-13 09:32:10.500,6183.6000,41251,-1,389943320.000,3,1,2,多平,S,6183.0000,6181.2000,6180.2000,6180.0000,6178.0000,6183.6000,6186.4000,6187.2000,6187.4000,6188.2000,1,2,1,2,1,1,2,1,1,4
SF,IC2103,2020-10-13 09:32:11.000,6183.0000,41250,-1,391179920.000,1,0,1,双平,S,6181.2000,6180.2000,6180.0000,6178.0000,6177.4000,6182.8000,6183.4000,6186.4000,6187.2000,6187.4000,2,1,2,1,1,1,2,2,1,1
SF,IC2103,2020-10-13 09:32:11.500,6182.8000,41249,-1,392416480.000,1,0,1,双平,S,6181.4000,6181.2000,6180.2000,6180.0000,6178.0000,6183.4000,6186.4000,6187.2000,6187.4000,6188.2000,1,2,1,2,1,2,2,1,1,4
SF,IC2103,2020-10-13 09:32:12.500,6183.4000,41248,-1,393653160.000,1,0,1,双平,S,6183.0000,6182.8000,6182.2000,6181.4000,6181.2000,6183.2000,6186.4000,6187.2000,6187.4000,6188.2000,2,3,1,1,2,1,2,1,1,4
SF,IC2103,2020-10-13 09:32:13.000,6183.2000,41246,-2,396126440.000,2,0,2,双平,S,6183.4000,6181.4000,6181.2000,6180.2000,6180.0000,6186.4000,6187.2000,6187.4000,6188.2000,6188.8000,2,1,2,1,2,2,1,1,4,1
SF,IC2103,2020-10-13 09:32:13.500,6183.2000,41246,0,396126440.000,0,-,-,-,-,6183.6000,6183.4000,6181.4000,6181.2000,6180.2000,6185.8000,6186.0000,6186.2000,6186.4000,6188.2000,2,2,2,2,1,1,1,1,3,4
SF,IC2103,2020-10-13 09:32:14.000,6183.2000,41246,0,396126440.000,0,-,-,-,-,6183.6000,6183.4000,6181.4000,6181.2000,6180.2000,6185.6000,6186.0000,6186.4000,6188.2000,6188.8000,2,2,2,2,1,1,1,1,4,1
SF,IC2103,2020-10-13 09:32:14.500,6183.2000,41246,0,396126440.000,0,-,-,-,-,6183.6000,6183.4000,6181.4000,6181.2000,6180.2000,6185.4000,6185.6000,6186.0000,6186.4000,6188.2000,1,2,2,2,1,1,1,1,1,4
SF,IC2103,2020-10-13 09:32:15.000,6183.2000,41246,0,396126440.000,0,-,-,-,-,6183.6000,6183.4000,6181.4000,6181.2000,6180.2000,6185.2000,6185.6000,6186.0000,6186.4000,6188.2000,1,2,2,2,1,1,1,1,1,4
SF,IC2103,2020-10-13 09:32:15.500,6183.2000,41246,0,396126440.000,0,-,-,-,-,6183.4000,6181.4000,6181.2000,6180.2000,6180.0000,6185.0000,6185.2000,6186.4000,6188.2000,6188.8000,2,2,2,1,2,1,1,1,4,1
SF,IC2103,2020-10-13 09:32:16.000,6183.2000,41246,0,396126440.000,0,-,-,-,-,6183.6000,6183.4000,6181.4000,6181.2000,6180.2000,6184.8000,6185.0000,6186.4000,6188.2000,6188.8000,1,2,2,2,1,1,5,1,4,1
SF,IC2103,2020-10-13 09:32:16.500,6184.8000,41246,0,397363400.000,1,0,1,多换,S,6184.8000,6183.6000,6183.4000,6181.4000,6181.2000,6185.0000,6186.4000,6188.2000,6188.8000,6190.8000,1,1,2,2,2,5,1,4,1,1
SF,IC2103,2020-10-13 09:32:17.000,6185.0000,41242,-4,402311360.000,4,0,4,双平,S,6183.6000,6183.4000,6181.4000,6181.2000,6180.2000,6185.0000,6186.4000,6188.2000,6188.8000,6190.8000,1,2,1,2,1,2,1,4,1,1
SF,IC2103,2020-10-13 09:32:17.500,6185.0000,41240,-2,404785360.000,2,0,2,双平,S,6183.4000,6181.6000,6181.4000,6181.2000,6180.2000,6186.4000,6188.2000,6188.8000,6190.8000,6191.8000,2,1,1,2,1,1,4,1,1,5
SF,IC2103,2020-10-13 09:32:18.000,6185.0000,41240,0,404785360.000,0,-,-,-,-,6183.6000,6183.4000,6181.6000,6181.4000,6181.2000,6186.2000,6186.4000,6188.2000,6188.8000,6190.8000,2,4,1,1,2,1,1,4,1,1
SF,IC2103,2020-10-13 09:32:18.500,6185.0000,41240,0,404785360.000,0,-,-,-,-,6183.8000,6183.6000,6183.4000,6181.6000,6181.4000,6186.2000,6186.4000,6188.2000,6188.8000,6190.8000,1,2,2,1,1,1,1,4,1,1
SF,IC2103,2020-10-13 09:32:19.000,6185.0000,41240,0,404785360.000,0,-,-,-,-,6184.0000,6183.6000,6183.4000,6181.6000,6181.4000,6186.2000,6186.4000,6188.2000,6188.8000,6190.8000,1,1,2,1,1,1,1,4,1,1
SF,IC2103,2020-10-13 09:32:19.500,6185.0000,41240,0,404785360.000,0,-,-,-,-,6184.2000,6184.0000,6183.6000,6183.4000,6181.4000,6186.2000,6186.4000,6188.2000,6188.8000,6190.8000,2,1,1,2,1,1,1,4,1,1
SF,IC2103,2020-10-13 09:32:20.000,6186.4000,41238,-2,407259880.000,2,0,2,双平,S,6184.4000,6183.6000,6183.4000,6181.4000,6181.2000,6188.2000,6188.8000,6190.8000,6191.8000,6192.8000,1,1,2,1,2,4,1,1,5,3
SF,IC2103,2020-10-13 09:32:20.500,6186.4000,41238,0,407259880.000,0,-,-,-,-,6185.2000,6184.6000,6184.4000,6183.4000,6181.4000,6188.0000,6188.2000,6188.8000,6190.8000,6191.8000,2,1,1,2,1,1,4,1,1,5
SF,IC2103,2020-10-13 09:32:21.000,6186.4000,41238,0,407259880.000,0,-,-,-,-,6185.4000,6184.0000,6183.4000,6181.4000,6181.2000,6188.2000,6188.8000,6190.8000,6191.8000,6192.8000,2,1,2,1,2,4,1,1,5,3
SF,IC2103,2020-10-13 09:32:21.500,6186.4000,41238,0,407259880.000,0,-,-,-,-,6185.4000,6184.0000,6183.4000,6181.4000,6181.2000,6188.0000,6188.2000,6188.8000,6190.8000,6191.8000,4,1,2,1,2,1,4,1,1,5
SF,IC2103,2020-10-13 09:32:22.000,6186.4000,41238,0,407259880.000,0,-,-,-,-,6185.6000,6185.4000,6184.0000,6183.4000,6181.4000,6188.2000,6188.8000,6190.8000,6191.8000,6192.8000,1,2,1,2,1,4,1,1,5,3
SF,IC2103,2020-10-13 09:32:22.500,6186.6000,41237,-1,409734840.000,2,0,2,多平,S,6186.6000,6185.8000,6185.6000,6184.0000,6183.4000,6188.2000,6188.8000,6190.8000,6191.8000,6192.8000,1,2,1,1,2,3,1,1,5,3
SF,IC2103,2020-10-13 09:32:23.000,6186.6000,41237,0,409734840.000,0,-,-,-,-,6186.6000,6185.8000,6185.6000,6184.0000,6181.4000,6188.2000,6188.8000,6190.8000,6191.8000,6192.8000,1,2,1,1,1,3,1,1,5,3
SF,IC2103,2020-10-13 09:32:24.000,6186.6000,41236,-1,410972160.000,1,0,1,双平,S,6185.8000,6185.6000,6184.0000,6181.4000,6181.2000,6186.4000,6188.2000,6188.8000,6190.8000,6191.8000,2,1,1,1,2,1,3,1,1,5
SF,IC2103,2020-10-13 09:32:24.500,6186.4000,41234,-2,413446720.000,2,0,2,双平,S,6184.0000,6181.4000,6181.2000,6180.2000,6180.0000,6186.4000,6188.2000,6188.8000,6190.8000,6191.8000,1,1,2,1,2,1,3,1,1,5
SF,IC2103,2020-10-13 09:32:25.000,6186.4000,41234,0,413446720.000,0,-,-,-,-,6185.4000,6184.2000,6184.0000,6181.4000,6181.2000,6186.4000,6188.2000,6188.8000,6190.8000,6191.8000,1,2,1,1,2,1,3,1,1,5
SF,IC2103,2020-10-13 09:32:25.500,6186.4000,41234,0,413446720.000,0,-,-,-,-,6184.2000,6184.0000,6181.4000,6181.2000,6180.2000,6186.4000,6188.2000,6188.8000,6190.8000,6191.8000,2,1,1,2,1,1,3,1,1,5
SF,IC2103,2020-10-13 09:32:26.500,6186.4000,41234,0,413446720.000,0,-,-,-,-,6184.2000,6181.4000,6181.2000,6180.2000,6180.0000,6186.4000,6188.2000,6188.8000,6190.8000,6191.8000,2,1,2,1,2,1,3,1,1,5
SF,IC2103,2020-10-13 09:32:27.000,6186.4000,41234,0,413446720.000,0,-,-,-,-,6184.4000,6184.2000,6181.4000,6181.2000,6180.2000,6186.4000,6188.2000,6188.8000,6190.8000,6191.8000,1,1,1,2,1,1,3,1,1,5
SF,IC2103,2020-10-13 09:32:27.500,6186.4000,41234,0,413446720.000,0,-,-,-,-,6184.4000,6184.2000,6181.4000,6181.2000,6180.2000,6186.4000,6188.2000,6188.8000,6190.8000,6191.8000,2,1,1,2,1,1,3,1,1,5
SF,IC2103,2020-10-13 09:32:28.000,6184.4000,41234,0,415920480.000,2,1,1,多换,S,6181.4000,6181.2000,6180.2000,6180.0000,6178.0000,6184.4000,6186.2000,6186.4000,6188.2000,6188.8000,1,2,1,1,1,1,1,1,3,1
SF,IC2103,2020-10-13 09:32:28.500,6184.4000,41234,0,415920480.000,0,-,-,-,-,6182.4000,6181.6000,6181.4000,6181.2000,6180.2000,6184.4000,6186.2000,6186.4000,6188.2000,6188.8000,2,5,1,2,1,1,1,1,3,1
SF,IC2103,2020-10-13 09:32:29.000,6184.4000,41234,0,415920480.000,0,-,-,-,-,6181.6000,6181.4000,6181.2000,6180.2000,6180.0000,6184.2000,6184.4000,6186.4000,6188.2000,6188.8000,2,1,2,1,1,1,1,1,3,1
SF,IC2103,2020-10-13 09:32:29.500,6184.4000,41234,0,415920480.000,0,-,-,-,-,6181.8000,6181.6000,6181.4000,6181.2000,6180.2000,6184.0000,6184.2000,6184.4000,6186.4000,6188.2000,3,1,1,3,1,1,1,1,1,3
SF,IC2103,2020-10-13 09:32:30.000,6184.0000,41233,-1,417157280.000,1,0,1,双平,S,6182.0000,6181.8000,6181.4000,6181.2000,6180.2000,6184.2000,6184.4000,6188.2000,6188.8000,6190.8000,1,3,1,3,1,1,1,3,1,1
SF,IC2103,2020-10-13 09:32:30.500,6184.0000,41233,0,417157280.000,0,-,-,-,-,6184.2000,6182.4000,6182.2000,6182.0000,6181.8000,6188.2000,6188.8000,6190.8000,6191.8000,6192.8000,1,2,1,1,3,3,1,1,5,3
SF,IC2103,2020-10-13 09:32:31.000,6184.0000,41233,0,417157280.000,0,-,-,-,-,6184.4000,6184.2000,6184.0000,6182.4000,6182.2000,6187.8000,6188.0000,6188.2000,6188.8000,6190.8000,2,1,3,2,1,2,4,3,1,1
SF,IC2103,2020-10-13 09:32:31.500,6184.0000,41233,0,417157280.000,0,-,-,-,-,6184.4000,6184.2000,6184.0000,6182.4000,6182.2000,6187.6000,6187.8000,6188.2000,6188.8000,6190.8000,2,1,3,2,1,1,2,3,1,1
SF,IC2103,2020-10-13 09:32:32.000,6184.0000,41233,0,417157280.000,0,-,-,-,-,6184.4000,6184.2000,6184.0000,6182.4000,6182.2000,6187.4000,6187.6000,6187.8000,6188.2000,6188.8000,2,1,3,2,1,1,1,2,3,1
SF,IC2103,2020-10-13 09:32:32.500,6184.0000,41233,0,417157280.000,0,-,-,-,-,6184.6000,6184.4000,6184.2000,6184.0000,6182.4000,6187.4000,6187.8000,6188.2000,6188.8000,6190.8000,1,2,1,3,2,1,2,3,1,1
SF,IC2103,2020-10-13 09:32:33.000,6184.0000,41233,0,417157280.000,0,-,-,-,-,6184.8000,6184.6000,6184.4000,6184.2000,6184.0000,6187.2000,6187.4000,6187.8000,6188.2000,6188.8000,1,1,1,1,3,1,1,2,3,1
SF,IC2103,2020-10-13 09:32:33.500,6184.0000,41233,0,417157280.000,0,-,-,-,-,6184.8000,6184.6000,6184.4000,6184.2000,6184.0000,6187.2000,6187.4000,6187.8000,6188.2000,6188.8000,1,1,1,1,3,3,1,1,3,1
SF,IC2103,2020-10-13 09:32:34.500,6184.6000,41233,0,418394200.000,1,0,1,多换,S,6184.6000,6184.4000,6184.2000,6184.0000,6182.4000,6187.2000,6187.4000,6187.8000,6188.2000,6188.8000,1,1,1,3,1,3,1,1,3,1
SF,IC2103,2020-10-13 09:32:35.000,6184.6000,41232,-1,419631120.000,1,0,1,双平,S,6184.4000,6184.2000,6184.0000,6182.4000,6182.2000,6187.0000,6187.2000,6187.4000,6188.2000,6188.8000,1,1,3,1,1,1,3,1,3,1
SF,IC2103,2020-10-13 09:32:35.500,6187.0000,41231,-1,420868520.000,1,0,1,双平,S,6184.6000,6184.4000,6184.2000,6184.0000,6182.4000,6187.2000,6188.2000,6188.8000,6190.8000,6191.8000,2,1,1,3,1,2,3,1,1,5
SF,IC2103,2020-10-13 09:32:36.000,6187.2000,41229,-2,423343400.000,2,0,2,双平,S,6185.2000,6184.6000,6184.4000,6184.2000,6184.0000,6188.2000,6188.8000,6190.8000,6191.8000,6192.8000,1,2,1,1,3,3,1,1,5,3
SF,IC2103,2020-10-13 09:32:36.500,6187.2000,41229,0,423343400.000,0,-,-,-,-,6185.4000,6185.2000,6184.4000,6184.2000,6184.0000,6188.2000,6188.8000,6190.8000,6191.8000,6192.8000,2,1,1,1,3,3,1,1,5,3
SF,IC2103,2020-10-13 09:32:37.000,6187.2000,41229,0,423343400.000,0,-,-,-,-,6185.4000,6185.2000,6184.4000,6184.2000,6184.0000,6188.0000,6188.2000,6188.8000,6190.8000,6191.8000,6,1,1,1,3,1,3,1,1,5
SF,IC2103,2020-10-13 09:32:37.500,6187.2000,41229,0,423343400.000,0,-,-,-,-,6185.4000,6185.2000,6184.4000,6184.2000,6184.0000,6187.8000,6188.0000,6188.2000,6188.8000,6190.8000,5,1,1,1,3,3,1,3,1,1
SF,IC2103,2020-10-13 09:32:38.000,6187.6000,41228,-1,424580920.000,1,0,1,双平,S,6185.4000,6184.4000,6184.2000,6184.0000,6182.2000,6187.8000,6188.2000,6188.8000,6190.8000,6191.8000,1,1,1,3,1,3,3,1,1,5
SF,IC2103,2020-10-13 09:32:38.500,6187.6000,41228,0,424580920.000,0,-,-,-,-,6185.4000,6184.4000,6184.2000,6184.0000,6182.2000,6187.6000,6187.8000,6188.2000,6188.8000,6190.8000,1,1,1,3,1,1,4,3,1,1
SF,IC2103,2020-10-13 09:32:39.000,6187.6000,41228,0,424580920.000,0,-,-,-,-,6185.4000,6184.4000,6184.2000,6184.0000,6182.2000,6187.4000,6187.6000,6187.8000,6188.2000,6188.8000,1,1,1,3,1,1,1,4,3,1
SF,IC2103,2020-10-13 09:32:39.500,6187.6000,41228,0,424580920.000,0,-,-,-,-,6184.4000,6184.2000,6184.0000,6182.2000,6181.4000,6187.2000,6187.4000,6187.8000,6188.2000,6188.8000,1,1,3,1,1,1,1,4,3,1
SF,IC2103,2020-10-13 09:32:40.000,6187.6000,41228,0,424580920.000,0,-,-,-,-,6184.6000,6184.4000,6184.2000,6184.0000,6182.2000,6187.4000,6187.8000,6188.2000,6188.8000,6190.8000,2,1,1,3,1,1,1,3,1,1
SF,IC2103,2020-10-13 09:32:40.500,6187.6000,41228,0,424580920.000,0,-,-,-,-,6184.6000,6184.4000,6184.2000,6184.0000,6182.2000,6187.2000,6187.8000,6188.2000,6188.8000,6190.8000,2,1,1,3,1,1,2,3,1,1
SF,IC2103,2020-10-13 09:32:41.500,6187.6000,41228,0,424580920.000,0,-,-,-,-,6186.0000,6184.6000,6184.4000,6184.2000,6184.0000,6187.2000,6187.8000,6188.2000,6188.8000,6190.8000,1,2,1,1,3,1,2,3,1,1
SF,IC2103,2020-10-13 09:32:42.000,6186.0000,41227,-1,425818120.000,1,0,1,双平,S,6184.6000,6184.4000,6184.2000,6184.0000,6182.2000,6185.8000,6186.0000,6187.2000,6187.8000,6188.2000,2,1,1,3,1,2,1,1,2,3
SF,IC2103,2020-10-13 09:32:42.500,6185.8000,41225,-2,428292440.000,2,0,2,双平,S,6184.6000,6184.4000,6184.2000,6184.0000,6182.2000,6186.0000,6187.2000,6187.8000,6188.2000,6188.8000,1,1,1,3,1,1,1,2,3,1
SF,IC2103,2020-10-13 09:32:43.000,6186.0000,41224,-1,429529640.000,1,0,1,双平,S,6184.8000,6184.6000,6184.4000,6184.2000,6184.0000,6187.2000,6187.8000,6188.2000,6188.8000,6190.8000,1,1,1,1,3,2,2,3,1,1
SF,IC2103,2020-10-13 09:32:44.000,6184.8000,41224,0,430766600.000,1,0,1,多换,S,6184.6000,6184.4000,6184.2000,6184.0000,6182.2000,6187.2000,6187.8000,6188.2000,6188.8000,6190.8000,1,1,1,3,1,2,2,3,1,1
SF,IC2103,2020-10-13 09:32:44.500,6184.8000,41224,0,430766600.000,0,-,-,-,-,6184.8000,6184.6000,6184.4000,6184.2000,6184.0000,6187.0000,6187.2000,6187.8000,6188.2000,6188.8000,1,1,1,1,3,1,2,2,3,1
SF,IC2103,2020-10-13 09:32:45.000,6184.8000,41224,0,430766600.000,0,-,-,-,-,6185.0000,6184.8000,6184.4000,6184.2000,6184.0000,6187.0000,6187.2000,6187.8000,6188.2000,6188.8000,1,1,1,1,3,1,1,2,3,1
SF,IC2103,2020-10-13 09:32:45.500,6187.2000,41227,3,434478800.000,3,3,0,双开,S,6185.0000,6184.8000,6184.4000,6184.2000,6184.0000,6185.2000,6187.8000,6188.2000,6188.8000,6190.8000,2,1,1,1,3,1,2,3,1,1
SF,IC2103,2020-10-13 09:32:46.000,6185.2000,41227,0,435715840.000,1,0,1,多换,S,6185.4000,6185.2000,6185.0000,6184.4000,6184.2000,6187.8000,6188.2000,6188.8000,6190.8000,6191.8000,2,3,1,1,1,2,3,1,1,5
SF,IC2103,2020-10-13 09:32:46.500,6185.2000,41227,0,435715840.000,0,-,-,-,-,6185.2000,6185.0000,6184.4000,6184.2000,6184.0000,6187.6000,6187.8000,6188.2000,6188.8000,6190.8000,2,1,1,1,3,1,2,3,1,1
SF,IC2103,2020-10-13 09:32:47.000,6185.2000,41225,-2,438189920.000,2,0,2,双平,S,6185.0000,6184.4000,6184.2000,6184.0000,6182.2000,6187.6000,6187.8000,6188.2000,6188.8000,6190.8000,1,1,1,3,1,1,2,3,1,1
SF,IC2103,2020-10-13 09:32:47.500,6185.2000,41225,0,438189920.000,0,-,-,-,-,6185.2000,6185.0000,6184.4000,6184.2000,6184.0000,6187.6000,6187.8000,6188.2000,6188.8000,6190.8000,1,2,2,1,3,1,2,3,1,1
SF,IC2103,2020-10-13 09:32:48.000,6185.2000,41224,-1,439426960.000,1,0,1,双平,S,6185.0000,6184.4000,6184.2000,6184.0000,6182.2000,6187.4000,6187.6000,6187.8000,6188.2000,6188.8000,2,2,1,3,1,1,1,2,3,1
SF,IC2103,2020-10-13 09:32:48.500,6185.2000,41224,0,439426960.000,0,-,-,-,-,6185.2000,6185.0000,6184.4000,6184.2000,6184.0000,6187.8000,6188.2000,6188.8000,6190.8000,6191.8000,1,2,2,1,3,2,3,1,1,5
SF,IC2103,2020-10-13 09:32:49.000,6185.2000,41224,0,439426960.000,0,-,-,-,-,6185.4000,6185.2000,6185.0000,6184.4000,6184.2000,6187.6000,6187.8000,6188.2000,6188.8000,6190.8000,1,1,2,2,1,1,2,3,1,1
SF,IC2103,2020-10-13 09:32:49.500,6185.2000,41224,0,439426960.000,0,-,-,-,-,6185.4000,6185.2000,6185.0000,6184.4000,6184.2000,6187.4000,6187.6000,6187.8000,6188.2000,6188.8000,1,1,2,2,1,1,1,2,3,1
SF,IC2103,2020-10-13 09:32:50.000,6185.2000,41224,0,439426960.000,0,-,-,-,-,6185.0000,6184.4000,6184.2000,6184.0000,6182.2000,6187.2000,6187.4000,6187.6000,6187.8000,6188.2000,2,2,1,3,1,1,1,1,2,3
SF,IC2103,2020-10-13 09:32:50.500,6185.2000,41224,0,439426960.000,0,-,-,-,-,6185.2000,6185.0000,6184.4000,6184.2000,6184.0000,6187.2000,6187.4000,6187.6000,6187.8000,6188.2000,1,2,2,1,3,1,1,1,2,3
SF,IC2103,2020-10-13 09:32:51.000,6185.2000,41224,0,439426960.000,0,-,-,-,-,6185.2000,6185.0000,6184.4000,6184.2000,6184.0000,6187.2000,6187.4000,6187.6000,6187.8000,6188.2000,1,2,2,1,3,1,1,1,3,3
SF,IC2103,2020-10-13 09:32:51.500,6185.2000,41224,0,439426960.000,0,-,-,-,-,6185.2000,6185.0000,6184.4000,6184.2000,6184.0000,6187.2000,6187.6000,6187.8000,6188.2000,6188.8000,1,2,2,1,3,1,1,2,3,1
SF,IC2103,2020-10-13 09:32:52.000,6185.2000,41223,-1,440664000.000,1,0,1,双平,S,6185.0000,6184.4000,6184.2000,6184.0000,6182.2000,6187.0000,6187.2000,6187.6000,6187.8000,6188.0000,2,2,1,3,1,1,1,1,2,1
SF,IC2103,2020-10-13 09:32:52.500,6185.2000,41223,0,440664000.000,0,-,-,-,-,6185.0000,6184.4000,6184.2000,6184.0000,6182.2000,6186.8000,6187.0000,6187.2000,6187.6000,6187.8000,2,2,1,3,1,1,1,1,1,2
SF,IC2103,2020-10-13 09:32:53.000,6185.2000,41223,0,440664000.000,0,-,-,-,-,6185.0000,6184.4000,6184.2000,6184.0000,6182.2000,6186.6000,6186.8000,6187.2000,6187.6000,6187.8000,2,2,1,3,1,1,1,1,1,2
SF,IC2103,2020-10-13 09:32:53.500,6185.0000,41221,-2,443138000.000,2,0,2,双平,S,6184.4000,6184.2000,6184.0000,6181.8000,6181.4000,6186.4000,6186.6000,6186.8000,6187.0000,6187.2000,2,1,3,1,1,1,1,1,1,1
SF,IC2103,2020-10-13 09:32:54.000,6185.0000,41221,0,443138000.000,0,-,-,-,-,6184.4000,6184.2000,6184.0000,6181.8000,6181.4000,6186.2000,6186.8000,6187.0000,6187.2000,6187.6000,2,1,3,1,1,1,1,1,1,1
SF,IC2103,2020-10-13 09:32:55.000,6186.0000,41221,0,444375200.000,1,0,1,多换,S,6184.4000,6184.2000,6184.0000,6181.8000,6181.4000,6186.2000,6187.0000,6187.2000,6187.6000,6187.8000,2,1,3,1,1,1,1,1,1,1
SF,IC2103,2020-10-13 09:32:55.500,6184.4000,41213,-8,455507400.000,9,0,9,多平,S,6184.2000,6184.0000,6181.8000,6181.4000,6181.2000,6184.4000,6186.2000,6187.0000,6187.2000,6187.6000,1,3,1,1,3,11,1,1,1,1
SF,IC2103,2020-10-13 09:32:56.000,6184.4000,41202,-11,469113080.000,11,0,11,双平,S,6184.0000,6181.8000,6181.4000,6181.2000,6180.2000,6186.2000,6187.0000,6187.2000,6187.6000,6187.8000,3,1,1,3,1,1,1,1,1,1
SF,IC2103,2020-10-13 09:32:56.500,6186.0000,41201,-1,470350280.000,1,0,1,双平,S,6184.2000,6184.0000,6181.8000,6181.4000,6181.2000,6186.0000,6186.2000,6187.0000,6187.2000,6187.6000,4,3,1,1,3,1,1,1,1,1
SF,IC2103,2020-10-13 09:32:57.000,6186.0000,41201,0,470350280.000,0,-,-,-,-,6184.0000,6181.8000,6181.4000,6181.2000,6180.2000,6184.2000,6185.8000,6186.0000,6187.0000,6187.2000,3,1,1,3,1,1,1,1,1,1
SF,IC2103,2020-10-13 09:32:57.500,6184.2000,41201,0,471587120.000,1,0,1,多换,S,6184.0000,6181.8000,6181.4000,6181.2000,6180.2000,6185.8000,6187.0000,6187.2000,6187.6000,6187.8000,3,1,1,3,1,1,1,1,1,1
SF,IC2103,2020-10-13 09:32:58.500,6184.2000,41201,0,471587120.000,0,-,-,-,-,6184.4000,6184.0000,6181.8000,6181.4000,6181.2000,6185.8000,6187.0000,6187.2000,6187.6000,6187.8000,1,3,1,1,3,1,1,1,1,1
SF,IC2103,2020-10-13 09:32:59.000,6184.4000,41200,-1,472824000.000,1,0,1,双平,S,6184.0000,6181.8000,6181.4000,6181.2000,6180.2000,6185.6000,6187.0000,6187.2000,6187.6000,6187.8000,3,1,1,3,1,1,1,1,1,1
SF,IC2103,2020-10-13 09:32:59.500,6184.4000,41200,0,472824000.000,0,-,-,-,-,6184.0000,6181.8000,6181.4000,6181.2000,6180.2000,6185.4000,6185.6000,6187.0000,6187.2000,6187.6000,3,1,1,3,1,1,1,1,1,1
SF,IC2103,2020-10-13 09:33:00.000,6184.4000,41200,0,472824000.000,0,-,-,-,-,6184.2000,6184.0000,6181.8000,6181.4000,6181.2000,6185.4000,6185.6000,6187.0000,6187.2000,6187.6000,1,3,1,1,3,1,1,1,1,1
SF,IC2103,2020-10-13 09:33:00.500,6184.4000,41200,0,472824000.000,0,-,-,-,-,6184.2000,6184.0000,6181.8000,6181.4000,6181.2000,6185.4000,6185.6000,6187.0000,6187.2000,6187.6000,1,3,1,1,3,1,1,1,1,1
SF,IC2103,2020-10-13 09:33:01.000,6184.4000,41200,0,472824000.000,0,-,-,-,-,6184.2000,6184.0000,6181.8000,6181.4000,6181.2000,6185.4000,6185.6000,6187.0000,6187.2000,6187.6000,1,6,1,1,3,1,1,1,1,1
SF,IC2103,2020-10-13 09:33:01.500,6184.2000,41200,0,474060840.000,1,0,1,多换,S,6184.0000,6181.8000,6181.4000,6181.2000,6180.2000,6185.6000,6187.0000,6187.2000,6187.6000,6187.8000,6,1,1,3,1,1,1,1,1,1
SF,IC2103,2020-10-13 09:33:02.000,6184.2000,41200,0,474060840.000,0,-,-,-,-,6184.0000,6181.8000,6181.4000,6181.2000,6180.2000,6185.4000,6185.6000,6187.0000,6187.2000,6187.6000,6,1,1,3,1,1,2,1,1,1
SF,IC2103,2020-10-13 09:33:02.500,6184.0000,41200,0,475297640.000,1,0,1,多换,S,6184.0000,6181.8000,6181.4000,6181.2000,6180.2000,6185.2000,6185.4000,6185.6000,6187.0000,6187.2000,5,1,1,3,1,2,2,2,1,1
SF,IC2103,2020-10-13 09:33:03.000,6184.0000,41200,0,481481640.000,5,2,3,多换,S,6181.8000,6181.4000,6181.2000,6180.2000,6178.0000,6185.2000,6185.4000,6185.6000,6187.0000,6187.2000,1,1,3,1,1,1,2,1,1,1
SF,IC2103,2020-10-13 09:33:03.500,6184.0000,41200,0,481481640.000,0,-,-,-,-,6182.0000,6181.8000,6181.4000,6181.2000,6180.2000,6185.0000,6187.0000,6187.2000,6187.6000,6187.8000,3,1,1,3,1,1,1,1,1,1
SF,IC2103,2020-10-13 09:33:04.500,6184.0000,41200,0,481481640.000,0,-,-,-,-,6182.4000,6182.0000,6181.8000,6181.4000,6181.2000,6185.0000,6187.0000,6187.2000,6187.6000,6187.8000,4,3,1,1,3,1,1,1,1,1
SF,IC2103,2020-10-13 09:33:05.000,6184.0000,41200,0,481481640.000,0,-,-,-,-,6182.6000,6182.4000,6182.0000,6181.8000,6181.4000,6185.0000,6187.0000,6187.6000,6187.8000,6188.0000,2,4,1,1,1,1,1,1,1,1
SF,IC2103,2020-10-13 09:33:05.500,6184.0000,41200,0,481481640.000,0,-,-,-,-,6182.6000,6182.0000,6181.8000,6181.4000,6181.2000,6184.8000,6185.0000,6187.0000,6187.6000,6187.8000,2,1,1,1,3,1,1,1,1,1
SF,IC2103,2020-10-13 09:33:06.000,6184.0000,41200,0,481481640.000,0,-,-,-,-,6182.6000,6181.8000,6181.4000,6181.2000,6180.2000,6184.8000,6185.0000,6187.0000,6187.6000,6187.8000,1,1,1,3,1,1,1,1,1,1
SF,IC2103,2020-10-13 09:33:06.500,6184.0000,41200,0,481481640.000,0,-,-,-,-,6182.6000,6181.8000,6181.4000,6181.2000,6180.2000,6185.0000,6187.0000,6187.6000,6187.8000,6188.0000,1,1,1,3,1,1,1,1,1,1
SF,IC2103,2020-10-13 09:33:07.500,6184.0000,41200,0,481481640.000,0,-,-,-,-,6183.0000,6182.6000,6181.8000,6181.4000,6181.2000,6185.0000,6187.0000,6187.6000,6187.8000,6188.0000,1,1,1,1,3,1,1,1,1,1
SF,IC2103,2020-10-13 09:33:08.000,6184.0000,41200,0,481481640.000,0,-,-,-,-,6183.2000,6183.0000,6181.8000,6181.4000,6181.2000,6185.0000,6187.0000,6187.6000,6187.8000,6188.0000,1,1,1,1,3,1,1,1,1,1
SF,IC2103,2020-10-13 09:33:10.000,6184.0000,41200,0,481481640.000,0,-,-,-,-,6183.2000,6183.0000,6181.8000,6181.4000,6181.2000,6184.8000,6185.0000,6187.0000,6187.6000,6187.8000,1,1,1,1,3,1,1,1,1,1
SF,IC2103,2020-10-13 09:33:10.500,6184.0000,41200,0,481481640.000,0,-,-,-,-,6183.0000,6181.8000,6181.4000,6181.2000,6180.2000,6184.8000,6185.0000,6187.0000,6187.6000,6187.8000,1,1,1,3,1,1,1,1,1,1
SF,IC2103,2020-10-13 09:33:11.000,6183.2000,41199,-1,482718280.000,1,0,1,双平,S,6183.0000,6181.8000,6181.4000,6181.2000,6180.2000,6184.8000,6185.0000,6187.0000,6187.6000,6187.8000,1,1,1,3,1,1,1,1,1,1
SF,IC2103,2020-10-13 09:33:11.500,6183.2000,41199,0,482718280.000,0,-,-,-,-,6183.0000,6181.8000,6181.4000,6181.2000,6180.2000,6184.6000,6184.8000,6185.0000,6187.0000,6187.6000,1,1,1,3,1,1,1,1,1,1
SF,IC2103,2020-10-13 09:33:12.000,6184.6000,41199,0,483955200.000,1,0,1,多换,S,6183.0000,6181.8000,6181.4000,6181.2000,6180.2000,6184.8000,6185.0000,6187.0000,6187.6000,6187.8000,1,1,1,3,1,1,1,1,1,1
SF,IC2103,2020-10-13 09:33:12.500,6184.6000,41198,-1,485192120.000,1,0,1,双平,S,6183.2000,6183.0000,6181.8000,6181.4000,6181.2000,6184.6000,6184.8000,6185.0000,6187.0000,6187.6000,4,1,1,1,3,2,1,1,1,1
SF,IC2103,2020-10-13 09:33:13.000,6183.0000,41195,-3,488902000.000,3,0,3,双平,S,6181.8000,6181.4000,6181.2000,6180.2000,6180.0000,6184.6000,6184.8000,6185.0000,6187.0000,6187.6000,1,1,3,1,1,2,1,1,1,1
SF,IC2103,2020-10-13 09:33:13.500,6182.0000,41194,-1,490138400.000,1,0,1,双平,S,6181.8000,6181.4000,6181.2000,6180.2000,6180.0000,6184.4000,6184.6000,6184.8000,6185.0000,6187.0000,1,1,3,1,1,1,2,1,1,1
SF,IC2103,2020-10-13 09:33:14.000,6182.0000,41194,0,490138400.000,0,-,-,-,-,6181.8000,6181.4000,6181.2000,6180.2000,6180.0000,6184.2000,6184.4000,6184.6000,6184.8000,6185.0000,1,1,3,1,1,1,2,1,1,1
SF,IC2103,2020-10-13 09:33:14.500,6183.8000,41193,-1,491375160.000,1,0,1,双平,S,6181.8000,6181.4000,6181.2000,6180.2000,6180.0000,6184.2000,6184.4000,6184.8000,6185.0000,6187.0000,1,1,3,1,1,2,2,1,1,1
SF,IC2103,2020-10-13 09:33:15.000,6183.8000,41193,0,491375160.000,0,-,-,-,-,6181.8000,6181.4000,6181.2000,6180.2000,6180.0000,6183.8000,6184.0000,6184.2000,6184.4000,6184.8000,1,1,3,1,1,3,1,2,2,1
SF,IC2103,2020-10-13 09:33:15.500,6183.8000,41193,0,491375160.000,0,-,-,-,-,6182.0000,6181.8000,6181.4000,6181.2000,6180.2000,6183.6000,6183.8000,6184.4000,6184.8000,6185.0000,1,1,1,3,1,1,2,1,1,1
SF,IC2103,2020-10-13 09:33:16.000,6183.8000,41193,0,491375160.000,0,-,-,-,-,6182.0000,6181.8000,6181.4000,6181.2000,6180.2000,6183.8000,6184.4000,6184.8000,6185.0000,6187.0000,1,1,1,3,1,2,1,1,1,1
SF,IC2103,2020-10-13 09:33:16.500,6183.8000,41193,0,491375160.000,0,-,-,-,-,6182.6000,6182.0000,6181.8000,6181.4000,6181.2000,6183.6000,6183.8000,6184.4000,6184.8000,6185.0000,1,1,1,1,3,2,2,1,1,1
SF,IC2103,2020-10-13 09:33:17.000,6182.6000,41192,-1,492611680.000,1,0,1,双平,S,6182.0000,6181.8000,6181.4000,6181.2000,6180.2000,6182.6000,6183.6000,6183.8000,6184.8000,6185.0000,1,1,1,3,1,2,1,2,1,1
SF,IC2103,2020-10-13 09:33:17.500,6182.6000,41190,-2,495084720.000,2,0,2,双平,S,6182.0000,6181.8000,6181.4000,6181.2000,6180.2000,6182.6000,6184.8000,6187.0000,6187.6000,6187.8000,1,1,1,3,1,1,1,1,1,1
SF,IC2103,2020-10-13 09:33:18.000,6182.6000,41189,-1,496321240.000,1,0,1,双平,S,6182.0000,6181.8000,6181.4000,6181.2000,6180.2000,6184.8000,6187.0000,6187.6000,6187.8000,6188.0000,1,1,1,3,1,1,1,1,1,1
SF,IC2103,2020-10-13 09:33:18.500,6182.6000,41189,0,496321240.000,0,-,-,-,-,6182.2000,6182.0000,6181.8000,6181.4000,6181.2000,6184.4000,6184.6000,6184.8000,6187.0000,6187.6000,1,1,1,1,3,1,1,1,1,1
SF,IC2103,2020-10-13 09:33:19.000,6182.6000,41189,0,496321240.000,0,-,-,-,-,6182.2000,6182.0000,6181.8000,6181.4000,6181.2000,6184.2000,6184.4000,6184.8000,6187.0000,6187.6000,1,1,1,1,3,1,1,1,1,1
SF,IC2103,2020-10-13 09:33:19.500,6182.6000,41189,0,496321240.000,0,-,-,-,-,6182.0000,6181.8000,6181.4000,6181.2000,6180.2000,6183.8000,6184.2000,6184.4000,6184.8000,6187.0000,1,1,1,3,1,1,1,1,1,1
SF,IC2103,2020-10-13 09:33:20.000,6183.8000,41188,-1,497558000.000,1,0,1,双平,S,6182.2000,6182.0000,6181.8000,6181.4000,6181.2000,6184.2000,6184.8000,6187.0000,6187.6000,6187.8000,1,1,1,1,3,1,1,1,1,1
SF,IC2103,2020-10-13 09:33:20.500,6184.8000,41187,-1,498794960.000,1,0,1,双平,S,6184.2000,6182.2000,6182.0000,6181.8000,6181.4000,6185.0000,6187.0000,6187.6000,6187.8000,6188.0000,1,1,1,1,1,5,1,1,1,1
SF,IC2103,2020-10-13 09:33:21.000,6185.0000,41182,-5,504979960.000,5,0,5,双平,S,6184.2000,6182.2000,6182.0000,6181.8000,6181.4000,6187.0000,6187.6000,6187.8000,6188.0000,6188.2000,1,1,1,1,1,1,1,1,1,3
SF,IC2103,2020-10-13 09:33:21.500,6185.0000,41182,0,504979960.000,0,-,-,-,-,6184.4000,6184.2000,6182.2000,6182.0000,6181.8000,6186.8000,6187.0000,6187.6000,6187.8000,6188.0000,1,1,1,1,1,1,1,1,1,1
SF,IC2103,2020-10-13 09:33:22.000,6185.0000,41182,0,504979960.000,0,-,-,-,-,6184.4000,6184.2000,6182.2000,6182.0000,6181.8000,6186.6000,6186.8000,6187.0000,6187.6000,6187.8000,1,1,1,1,1,1,1,1,1,1
SF,IC2103,2020-10-13 09:33:22.500,6185.0000,41182,0,504979960.000,0,-,-,-,-,6184.4000,6184.2000,6182.2000,6182.0000,6181.8000,6186.4000,6186.6000,6187.0000,6187.6000,6187.8000,1,1,1,9,1,1,1,1,1,1
SF,IC2103,2020-10-13 09:33:23.000,6185.0000,41182,0,504979960.000,0,-,-,-,-,6184.2000,6182.2000,6182.0000,6181.8000,6181.4000,6185.6000,6186.4000,6186.6000,6187.0000,6187.6000,1,1,9,1,1,1,2,1,1,1
SF,IC2103,2020-10-13 09:33:23.500,6185.0000,41182,0,504979960.000,0,-,-,-,-,6184.2000,6182.2000,6182.0000,6181.8000,6181.4000,6185.6000,6186.4000,6187.0000,6187.6000,6187.8000,1,1,9,1,1,1,1,1,1,1
SF,IC2103,2020-10-13 09:33:24.000,6185.0000,41182,0,504979960.000,0,-,-,-,-,6184.2000,6182.2000,6182.0000,6181.8000,6181.4000,6186.4000,6187.0000,6187.6000,6187.8000,6188.0000,1,1,9,1,1,1,1,1,1,1
SF,IC2103,2020-10-13 09:33:24.500,6185.0000,41182,0,504979960.000,0,-,-,-,-,6184.2000,6182.2000,6182.0000,6181.8000,6181.4000,6186.4000,6187.0000,6187.6000,6187.8000,6188.0000,1,1,9,1,1,1,1,1,1,1
SF,IC2103,2020-10-13 09:33:26.000,6185.0000,41182,0,504979960.000,0,-,-,-,-,6184.6000,6184.2000,6182.2000,6182.0000,6181.8000,6186.4000,6187.0000,6187.6000,6187.8000,6188.0000,1,1,1,9,1,1,1,1,1,1
SF,IC2103,2020-10-13 09:33:26.500,6185.0000,41182,0,504979960.000,0,-,-,-,-,6184.8000,6184.2000,6182.0000,6181.8000,6181.4000,6187.0000,6187.6000,6187.8000,6188.0000,6188.2000,1,1,9,2,1,1,1,1,1,3
SF,IC2103,2020-10-13 09:33:27.000,6185.0000,41182,0,504979960.000,0,-,-,-,-,6184.8000,6184.2000,6182.0000,6181.8000,6181.4000,6186.8000,6187.0000,6187.6000,6187.8000,6188.0000,2,1,9,2,1,1,1,1,1,1
SF,IC2103,2020-10-13 09:33:27.500,6186.8000,41181,-1,506217320.000,1,0,1,双平,S,6184.8000,6184.2000,6182.0000,6181.8000,6181.4000,6187.0000,6187.6000,6187.8000,6188.0000,6188.2000,2,1,9,2,1,1,1,1,1,3
SF,IC2103,2020-10-13 09:33:28.000,6186.8000,41181,0,506217320.000,0,-,-,-,-,6184.8000,6184.2000,6182.0000,6181.8000,6181.4000,6187.0000,6187.6000,6187.8000,6188.0000,6188.2000,1,1,9,2,1,1,1,1,1,3
SF,IC2103,2020-10-13 09:33:28.500,6186.8000,41181,0,506217320.000,0,-,-,-,-,6184.8000,6184.2000,6182.0000,6181.8000,6181.4000,6187.0000,6187.6000,6187.8000,6188.0000,6188.2000,1,1,9,2,1,1,1,1,1,3
SF,IC2103,2020-10-13 09:33:29.500,6186.8000,41181,0,506217320.000,0,-,-,-,-,6184.8000,6184.2000,6182.0000,6181.8000,6181.4000,6187.0000,6187.6000,6187.8000,6188.0000,6188.2000,1,1,9,2,1,1,1,1,1,3
SF,IC2103,2020-10-13 09:33:30.000,6186.8000,41181,0,506217320.000,0,-,-,-,-,6184.8000,6184.2000,6182.0000,6181.8000,6181.4000,6186.8000,6187.0000,6187.6000,6187.8000,6188.0000,1,1,9,2,1,1,1,1,1,1
SF,IC2103,2020-10-13 09:33:30.500,6186.8000,41181,0,507454680.000,1,0,1,多换,S,6184.8000,6184.2000,6182.0000,6181.8000,6181.4000,6187.0000,6187.6000,6187.8000,6188.0000,6188.2000,1,1,9,2,1,1,1,1,1,3
SF,IC2103,2020-10-13 09:33:31.500,6185.0000,41180,-1,508691680.000,1,0,1,双平,S,6184.8000,6184.2000,6182.0000,6181.8000,6181.4000,6187.0000,6187.6000,6187.8000,6188.0000,6188.2000,1,1,9,2,1,1,1,1,1,3
SF,IC2103,2020-10-13 09:33:34.000,6184.8000,41179,-1,509928640.000,1,0,1,双平,S,6184.2000,6182.0000,6181.8000,6181.4000,6181.2000,6187.0000,6187.6000,6187.8000,6188.0000,6188.2000,1,9,2,1,3,1,1,1,1,3
SF,IC2103,2020-10-13 09:33:34.500,6184.8000,41179,0,509928640.000,0,-,-,-,-,6184.4000,6184.2000,6182.0000,6181.8000,6181.4000,6186.8000,6187.0000,6187.6000,6187.8000,6188.0000,1,1,9,2,1,3,3,1,1,1
SF,IC2103,2020-10-13 09:33:35.000,6184.4000,41178,-1,511165520.000,1,0,1,双平,S,6184.2000,6182.0000,6181.8000,6181.4000,6181.2000,6186.6000,6186.8000,6187.0000,6187.6000,6187.8000,1,9,2,1,3,1,3,3,1,1
SF,IC2103,2020-10-13 09:33:35.500,6184.2000,41178,0,512402360.000,1,0,1,多换,S,6182.0000,6181.8000,6181.4000,6181.2000,6180.2000,6186.2000,6186.4000,6186.8000,6187.0000,6187.6000,9,2,1,3,1,1,2,2,3,1
SF,IC2103,2020-10-13 09:33:36.000,6184.2000,41178,0,512402360.000,0,-,-,-,-,6182.2000,6182.0000,6181.8000,6181.4000,6181.2000,6186.0000,6186.4000,6186.8000,6187.0000,6187.6000,1,8,2,1,3,1,2,1,3,1
SF,IC2103,2020-10-13 09:33:36.500,6184.2000,41178,0,512402360.000,0,-,-,-,-,6182.2000,6182.0000,6181.8000,6181.4000,6181.2000,6185.8000,6186.0000,6186.4000,6187.0000,6187.6000,1,8,2,1,3,3,1,2,3,1
SF,IC2103,2020-10-13 09:33:37.000,6184.2000,41178,0,512402360.000,0,-,-,-,-,6182.4000,6182.2000,6182.0000,6181.8000,6181.4000,6185.6000,6185.8000,6187.0000,6187.6000,6187.8000,2,1,8,2,1,1,2,3,1,1
SF,IC2103,2020-10-13 09:33:37.500,6184.2000,41178,0,512402360.000,0,-,-,-,-,6183.0000,6182.6000,6182.4000,6182.0000,6181.8000,6185.6000,6185.8000,6187.0000,6187.6000,6187.8000,7,3,2,8,2,1,1,3,1,1
SF,IC2103,2020-10-13 09:33:38.000,6184.2000,41178,0,512402360.000,0,-,-,-,-,6182.0000,6181.8000,6181.4000,6181.2000,6180.2000,6185.4000,6185.6000,6185.8000,6187.0000,6187.6000,8,2,1,3,1,4,2,1,3,1
SF,IC2103,2020-10-13 09:33:38.500,6184.2000,41178,0,512402360.000,0,-,-,-,-,6182.0000,6181.8000,6181.4000,6181.2000,6180.2000,6185.0000,6185.2000,6185.4000,6185.6000,6187.0000,8,2,1,3,1,1,2,4,1,3
SF,IC2103,2020-10-13 09:33:39.000,6184.2000,41178,0,512402360.000,0,-,-,-,-,6182.0000,6181.8000,6181.4000,6181.2000,6180.2000,6184.2000,6184.6000,6184.8000,6185.0000,6185.2000,8,2,1,3,1,1,1,2,1,1
SF,IC2103,2020-10-13 09:33:39.500,6184.2000,41178,0,512402360.000,0,-,-,-,-,6182.2000,6182.0000,6181.8000,6181.4000,6181.2000,6184.0000,6184.6000,6184.8000,6185.0000,6185.2000,1,8,2,1,3,1,1,1,1,1
SF,IC2103,2020-10-13 09:33:40.000,6184.2000,41178,0,512402360.000,0,-,-,-,-,6182.2000,6182.0000,6181.8000,6181.4000,6181.2000,6184.6000,6184.8000,6185.0000,6185.2000,6185.4000,1,8,2,1,3,1,1,1,1,3
SF,IC2103,2020-10-13 09:33:40.500,6184.2000,41178,0,512402360.000,0,-,-,-,-,6182.2000,6182.0000,6181.8000,6181.4000,6181.2000,6184.4000,6184.6000,6184.8000,6185.0000,6185.2000,1,8,2,1,3,2,1,1,1,1
SF,IC2103,2020-10-13 09:33:41.000,6184.2000,41178,0,512402360.000,0,-,-,-,-,6182.2000,6182.0000,6181.8000,6181.4000,6181.2000,6184.2000,6184.4000,6184.6000,6184.8000,6185.0000,1,8,2,1,3,1,2,1,1,1
SF,IC2103,2020-10-13 09:33:41.500,6184.2000,41178,0,512402360.000,0,-,-,-,-,6183.2000,6182.2000,6182.0000,6181.8000,6181.4000,6184.2000,6184.4000,6184.8000,6185.6000,6185.8000,1,1,9,2,1,1,2,1,1,1
SF,IC2103,2020-10-13 09:33:42.000,6184.2000,41178,0,512402360.000,0,-,-,-,-,6183.2000,6182.2000,6182.0000,6181.8000,6181.4000,6184.4000,6185.6000,6185.8000,6187.0000,6187.6000,2,1,9,2,1,2,1,1,3,1
SF,IC2103,2020-10-13 09:33:42.500,6184.2000,41178,0,512402360.000,0,-,-,-,-,6183.2000,6182.2000,6182.0000,6181.8000,6181.4000,6184.2000,6185.6000,6185.8000,6187.0000,6187.6000,2,1,10,2,1,1,1,1,3,1
SF,IC2103,2020-10-13 09:33:43.000,6184.2000,41179,1,514876040.000,2,1,1,空开,S,6183.2000,6182.2000,6182.0000,6181.8000,6181.4000,6184.0000,6185.6000,6185.8000,6187.0000,6187.6000,2,1,10,2,1,1,1,1,3,1
SF,IC2103,2020-10-13 09:33:43.500,6184.0000,41178,-1,516112840.000,1,0,1,双平,S,6183.2000,6182.0000,6181.8000,6181.4000,6181.2000,6185.6000,6185.8000,6187.0000,6187.6000,6187.8000,2,10,2,1,3,1,1,3,1,1
SF,IC2103,2020-10-13 09:33:44.000,6184.0000,41178,0,517349640.000,1,0,1,多换,S,6183.4000,6183.2000,6182.0000,6181.8000,6181.4000,6185.6000,6185.8000,6187.0000,6187.6000,6187.8000,1,2,10,2,1,1,1,3,1,1
SF,IC2103,2020-10-13 09:33:44.500,6184.0000,41178,0,517349640.000,0,-,-,-,-,6184.2000,6183.4000,6183.2000,6182.0000,6181.8000,6185.4000,6185.6000,6185.8000,6187.0000,6187.6000,1,1,2,10,2,2,1,1,3,1
SF,IC2103,2020-10-13 09:33:45.000,6184.0000,41179,1,518586440.000,1,1,0,双开,S,6183.4000,6183.2000,6182.0000,6181.8000,6181.4000,6185.4000,6185.6000,6185.8000,6187.0000,6187.6000,1,2,10,2,1,2,1,1,3,1
SF,IC2103,2020-10-13 09:33:45.500,6184.0000,41179,0,518586440.000,0,-,-,-,-,6183.4000,6183.2000,6182.0000,6181.8000,6181.4000,6185.4000,6185.6000,6185.8000,6187.0000,6187.6000,1,2,10,2,1,1,1,1,3,1
SF,IC2103,2020-10-13 09:33:46.000,6184.0000,41179,0,518586440.000,0,-,-,-,-,6183.6000,6183.4000,6183.2000,6182.0000,6181.8000,6185.6000,6185.8000,6187.0000,6187.6000,6187.8000,3,1,2,10,2,1,1,3,1,1
SF,IC2103,2020-10-13 09:33:46.500,6184.0000,41179,0,518586440.000,0,-,-,-,-,6183.2000,6182.0000,6181.8000,6181.4000,6181.2000,6185.6000,6185.8000,6187.0000,6187.6000,6187.8000,2,10,2,1,3,1,1,3,1,1
SF,IC2103,2020-10-13 09:33:47.000,6184.0000,41179,0,518586440.000,0,-,-,-,-,6183.4000,6183.2000,6182.0000,6181.8000,6181.4000,6185.6000,6185.8000,6187.0000,6187.6000,6187.8000,2,1,2,2,1,1,1,3,1,1
SF,IC2103,2020-10-13 09:33:47.500,6185.8000,41179,0,521060720.000,2,1,1,多换,S,6184.4000,6183.4000,6183.2000,6182.0000,6181.8000,6187.0000,6187.6000,6187.8000,6188.0000,6188.2000,1,2,1,2,2,3,1,1,1,3
SF,IC2103,2020-10-13 09:33:48.000,6185.8000,41179,0,521060720.000,0,-,-,-,-,6184.4000,6184.0000,6183.6000,6183.4000,6183.2000,6186.8000,6187.0000,6187.6000,6187.8000,6188.0000,1,4,3,1,1,2,3,1,1,1
SF,IC2103,2020-10-13 09:33:48.500,6185.8000,41179,0,521060720.000,0,-,-,-,-,6185.4000,6184.6000,6184.4000,6184.0000,6183.6000,6186.8000,6187.0000,6187.6000,6187.8000,6188.0000,3,1,1,4,3,2,3,1,1,1
SF,IC2103,2020-10-13 09:33:49.000,6185.8000,41179,0,521060720.000,0,-,-,-,-,6185.6000,6185.4000,6184.6000,6184.4000,6184.0000,6186.8000,6187.0000,6187.6000,6187.8000,6188.0000,1,3,1,1,4,1,3,1,1,1
SF,IC2103,2020-10-13 09:33:50.500,6185.8000,41179,0,521060720.000,0,-,-,-,-,6185.6000,6185.4000,6184.6000,6184.4000,6184.0000,6186.8000,6187.0000,6187.6000,6187.8000,6188.0000,1,3,1,2,1,1,3,1,1,1
SF,IC2103,2020-10-13 09:33:52.000,6185.4000,41179,0,524772000.000,3,1,2,多换,S,6185.4000,6184.6000,6184.4000,6184.0000,6183.2000,6186.8000,6187.0000,6187.6000,6187.8000,6188.0000,1,1,2,1,1,1,3,1,1,1
SF,IC2103,2020-10-13 09:33:52.500,6185.4000,41179,0,526009080.000,1,0,1,多换,S,6184.6000,6184.4000,6184.0000,6183.2000,6182.0000,6186.8000,6187.0000,6187.6000,6187.8000,6188.0000,1,1,1,1,2,1,3,1,1,1
SF,IC2103,2020-10-13 09:33:53.000,6185.4000,41179,0,526009080.000,0,-,-,-,-,6185.8000,6184.6000,6184.4000,6184.0000,6183.2000,6186.8000,6187.0000,6187.6000,6187.8000,6188.0000,1,1,1,1,1,1,3,1,1,1
SF,IC2103,2020-10-13 09:33:53.500,6185.8000,41178,-1,527246240.000,1,0,1,双平,S,6184.6000,6184.4000,6184.0000,6183.2000,6182.0000,6186.8000,6187.0000,6187.6000,6187.8000,6188.0000,1,1,1,1,2,1,3,1,1,1
SF,IC2103,2020-10-13 09:33:54.000,6185.8000,41178,0,527246240.000,0,-,-,-,-,6184.6000,6184.4000,6184.0000,6183.2000,6182.0000,6186.8000,6187.0000,6187.6000,6187.8000,6188.0000,1,1,1,1,2,2,3,1,1,1
SF,IC2103,2020-10-13 09:33:54.500,6185.8000,41178,0,527246240.000,0,-,-,-,-,6184.6000,6184.4000,6184.0000,6183.2000,6182.0000,6186.8000,6187.0000,6187.6000,6187.8000,6188.0000,1,1,1,1,2,3,3,1,1,1
SF,IC2103,2020-10-13 09:33:56.500,6185.8000,41178,0,527246240.000,0,-,-,-,-,6184.6000,6184.4000,6184.0000,6183.2000,6182.0000,6186.8000,6187.0000,6187.6000,6187.8000,6188.0000,1,1,1,1,2,3,4,1,1,1
SF,IC2103,2020-10-13 09:33:57.000,6185.8000,41178,0,527246240.000,0,-,-,-,-,6185.4000,6184.4000,6184.0000,6183.2000,6182.0000,6186.8000,6187.0000,6187.6000,6187.8000,6188.0000,1,1,1,1,2,3,4,1,1,1
SF,IC2103,2020-10-13 09:33:57.500,6185.4000,41177,-1,528483320.000,1,0,1,双平,S,6184.4000,6184.0000,6183.2000,6182.0000,6181.8000,6186.6000,6186.8000,6187.0000,6187.6000,6187.8000,1,1,1,2,2,1,3,4,1,1
SF,IC2103,2020-10-13 09:33:58.000,6185.4000,41177,0,528483320.000,0,-,-,-,-,6184.4000,6184.0000,6183.2000,6182.0000,6181.8000,6186.8000,6187.0000,6187.6000,6187.8000,6188.0000,1,1,1,2,2,3,4,1,1,1
SF,IC2103,2020-10-13 09:33:58.500,6185.4000,41177,0,528483320.000,0,-,-,-,-,6184.4000,6184.0000,6183.2000,6182.0000,6181.8000,6186.6000,6186.8000,6187.0000,6187.6000,6187.8000,1,1,1,2,2,2,3,4,1,1
SF,IC2103,2020-10-13 09:33:59.000,6185.4000,41177,0,528483320.000,0,-,-,-,-,6184.4000,6184.0000,6183.2000,6182.0000,6181.8000,6186.4000,6186.6000,6186.8000,6187.0000,6187.6000,1,1,1,2,2,1,2,3,4,1
SF,IC2103,2020-10-13 09:33:59.500,6184.4000,41177,0,529720200.000,1,0,1,多换,S,6184.0000,6183.2000,6182.0000,6181.8000,6181.4000,6186.4000,6186.6000,6186.8000,6187.0000,6187.6000,1,1,2,2,1,1,1,3,4,1
SF,IC2103,2020-10-13 09:34:00.000,6184.4000,41177,0,529720200.000,0,-,-,-,-,6184.0000,6183.2000,6182.0000,6181.8000,6181.4000,6184.4000,6186.2000,6186.4000,6186.6000,6186.8000,1,1,2,2,1,2,2,1,1,3
SF,IC2103,2020-10-13 09:34:00.500,6184.4000,41175,-2,532193960.000,2,0,2,双平,S,6184.4000,6184.0000,6183.2000,6182.0000,6181.8000,6186.2000,6186.4000,6186.6000,6186.8000,6187.0000,5,2,1,2,2,1,1,1,3,4
SF,IC2103,2020-10-13 09:34:03.000,6184.4000,41175,0,532193960.000,0,-,-,-,-,6184.4000,6184.0000,6183.2000,6182.0000,6181.8000,6186.2000,6186.4000,6186.6000,6186.8000,6187.0000,5,2,1,2,2,1,1,1,3,2
SF,IC2103,2020-10-13 09:34:03.500,6184.4000,41175,0,532193960.000,0,-,-,-,-,6184.6000,6184.4000,6184.0000,6183.2000,6182.0000,6186.4000,6186.6000,6186.8000,6187.0000,6187.6000,2,6,1,1,2,1,1,3,2,1
SF,IC2103,2020-10-13 09:34:04.500,6184.4000,41175,0,532193960.000,0,-,-,-,-,6184.6000,6184.4000,6184.0000,6183.2000,6182.0000,6186.4000,6186.6000,6186.8000,6187.0000,6187.6000,2,6,1,1,2,1,1,3,2,1
SF,IC2103,2020-10-13 09:34:05.000,6184.4000,41175,0,532193960.000,0,-,-,-,-,6184.6000,6184.4000,6184.0000,6183.2000,6182.0000,6186.2000,6186.4000,6186.6000,6186.8000,6187.0000,2,6,1,1,2,1,1,1,3,2
SF,IC2103,2020-10-13 09:34:05.500,6186.2000,41176,1,533431200.000,1,1,0,双开,S,6184.6000,6184.4000,6184.0000,6183.2000,6182.0000,6186.4000,6186.6000,6186.8000,6187.0000,6187.6000,2,6,1,1,2,1,1,3,2,1
SF,IC2103,2020-10-13 09:34:06.000,6186.2000,41176,0,533431200.000,0,-,-,-,-,6184.6000,6184.4000,6184.0000,6183.2000,6182.0000,6186.0000,6186.4000,6186.6000,6186.8000,6187.0000,2,6,1,1,2,1,1,1,3,2
SF,IC2103,2020-10-13 09:34:06.500,6186.2000,41176,0,533431200.000,0,-,-,-,-,6184.6000,6184.4000,6184.0000,6183.2000,6182.0000,6186.0000,6186.4000,6186.6000,6186.8000,6187.0000,2,6,1,1,2,1,1,1,3,2
SF,IC2103,2020-10-13 09:34:08.500,6184.6000,41175,-1,534668120.000,1,0,1,双平,S,6184.6000,6184.4000,6184.0000,6183.2000,6182.0000,6185.8000,6186.0000,6186.4000,6186.6000,6186.8000,1,6,1,1,2,1,1,1,1,3
SF,IC2103,2020-10-13 09:34:09.000,6184.6000,41174,-1,535905040.000,1,0,1,双平,S,6184.4000,6184.0000,6183.2000,6182.0000,6181.8000,6185.8000,6186.0000,6186.4000,6186.6000,6186.8000,6,1,1,2,2,2,1,1,1,2
SF,IC2103,2020-10-13 09:34:09.500,6185.8000,41173,-1,547037720.000,9,4,5,多平,S,6185.0000,6183.8000,6183.2000,6182.0000,6181.8000,6185.8000,6186.0000,6186.4000,6186.6000,6186.8000,1,1,1,2,2,1,1,1,1,2
SF,IC2103,2020-10-13 09:34:10.000,6185.0000,41172,-1,548274720.000,1,0,1,双平,S,6183.8000,6183.2000,6182.0000,6181.8000,6181.4000,6185.6000,6185.8000,6186.0000,6186.4000,6186.6000,1,1,2,2,1,1,2,1,1,1
SF,IC2103,2020-10-13 09:34:10.500,6185.0000,41172,0,548274720.000,0,-,-,-,-,6183.8000,6183.2000,6183.0000,6182.0000,6181.8000,6185.4000,6185.6000,6185.8000,6186.0000,6186.4000,1,1,1,2,2,2,1,2,1,1
SF,IC2103,2020-10-13 09:34:11.000,6185.4000,41169,-3,551985880.000,3,0,3,双平,S,6183.8000,6183.2000,6182.0000,6181.8000,6181.4000,6185.6000,6185.8000,6186.0000,6186.4000,6186.6000,1,1,2,2,1,1,2,1,1,1
SF,IC2103,2020-10-13 09:34:12.500,6185.4000,41169,0,551985880.000,0,-,-,-,-,6183.8000,6183.2000,6182.0000,6181.8000,6181.4000,6185.6000,6185.8000,6186.0000,6186.4000,6186.6000,1,1,2,2,1,1,1,1,1,1
SF,IC2103,2020-10-13 09:34:13.500,6185.4000,41169,0,551985880.000,0,-,-,-,-,6183.8000,6183.2000,6182.0000,6181.8000,6181.4000,6185.0000,6185.6000,6185.8000,6186.0000,6186.4000,1,1,2,2,1,1,1,1,1,1
SF,IC2103,2020-10-13 09:34:14.500,6185.4000,41170,1,553222960.000,1,1,0,双开,S,6183.8000,6183.2000,6182.0000,6181.8000,6181.4000,6185.6000,6185.8000,6186.0000,6186.4000,6186.6000,1,1,2,2,1,1,1,1,1,1
SF,IC2103,2020-10-13 09:34:15.500,6185.4000,41170,0,553222960.000,0,-,-,-,-,6184.2000,6183.8000,6183.2000,6182.0000,6181.8000,6185.6000,6185.8000,6186.0000,6186.4000,6186.6000,1,1,1,2,2,1,1,1,1,1
SF,IC2103,2020-10-13 09:34:17.000,6185.6000,41170,0,554460080.000,1,0,1,多换,S,6184.2000,6183.8000,6183.2000,6182.0000,6181.8000,6185.8000,6186.0000,6186.4000,6186.6000,6186.8000,1,1,1,2,2,1,1,1,1,2
SF,IC2103,2020-10-13 09:34:17.500,6185.0000,41171,1,555697080.000,1,1,0,双开,S,6184.4000,6184.2000,6183.8000,6183.2000,6182.0000,6185.8000,6186.0000,6186.4000,6186.6000,6186.8000,1,1,1,1,2,1,1,1,1,2
SF,IC2103,2020-10-13 09:34:18.000,6185.8000,41170,-1,556934240.000,1,0,1,双平,S,6184.4000,6184.2000,6183.8000,6183.2000,6182.0000,6186.0000,6186.4000,6186.6000,6186.8000,6187.0000,1,1,1,1,2,1,1,1,2,2
SF,IC2103,2020-10-13 09:34:18.500,6186.0000,41170,0,558171440.000,1,0,1,多换,S,6184.4000,6184.2000,6183.8000,6183.2000,6182.0000,6186.4000,6186.6000,6186.8000,6187.0000,6187.6000,1,1,1,1,2,1,1,2,2,1
SF,IC2103,2020-10-13 09:34:19.000,6186.0000,41170,0,558171440.000,0,-,-,-,-,6184.4000,6184.2000,6183.8000,6183.2000,6182.0000,6186.4000,6186.6000,6186.8000,6187.0000,6187.6000,1,1,1,1,1,1,1,2,2,1
SF,IC2103,2020-10-13 09:34:19.500,6186.4000,41170,0,559408720.000,1,0,1,多换,S,6185.6000,6184.4000,6184.2000,6183.8000,6183.2000,6186.6000,6186.8000,6187.0000,6187.6000,6187.8000,1,1,1,1,1,1,2,2,1,1
SF,IC2103,2020-10-13 09:34:20.000,6185.6000,41170,0,560645840.000,1,0,1,多换,S,6184.6000,6184.4000,6184.2000,6183.8000,6183.2000,6186.6000,6186.8000,6187.0000,6187.6000,6187.8000,3,1,1,1,1,1,2,2,1,1
SF,IC2103,2020-10-13 09:34:21.500,6185.6000,41170,0,560645840.000,0,-,-,-,-,6185.8000,6184.6000,6184.4000,6184.2000,6183.8000,6186.6000,6186.8000,6187.0000,6187.6000,6187.8000,1,3,1,1,1,1,2,2,1,1
SF,IC2103,2020-10-13 09:34:22.000,6185.6000,41170,0,561882960.000,1,0,1,多换,S,6184.8000,6184.6000,6184.4000,6184.2000,6183.8000,6186.6000,6186.8000,6187.0000,6187.6000,6187.8000,4,3,1,1,1,1,2,2,1,1
SF,IC2103,2020-10-13 09:34:22.500,6186.6000,41171,1,563120280.000,1,1,0,双开,S,6186.0000,6184.8000,6184.6000,6184.4000,6184.2000,6186.8000,6187.0000,6187.6000,6187.8000,6188.0000,1,4,3,1,1,2,2,1,1,1
SF,IC2103,2020-10-13 09:34:24.000,6186.6000,41171,0,563120280.000,0,-,-,-,-,6186.0000,6185.0000,6184.8000,6184.6000,6184.4000,6186.8000,6187.0000,6187.6000,6187.8000,6188.0000,1,1,4,3,1,2,2,1,1,1
SF,IC2103,2020-10-13 09:34:24.500,6186.0000,41170,-1,564357480.000,1,0,1,双平,S,6185.0000,6184.8000,6184.6000,6184.2000,6184.0000,6186.8000,6187.0000,6187.6000,6187.8000,6188.0000,1,4,3,1,8,2,2,1,1,1
SF,IC2103,2020-10-13 09:34:25.000,6186.8000,41172,2,566832200.000,2,2,0,双开,S,6186.8000,6185.6000,6185.0000,6184.6000,6184.2000,6187.0000,6187.6000,6187.8000,6188.0000,6188.2000,1,1,1,3,1,2,1,1,1,3
SF,IC2103,2020-10-13 09:34:25.500,6186.8000,41172,0,568069560.000,1,0,1,多换,S,6185.6000,6185.0000,6184.6000,6184.2000,6184.0000,6187.0000,6187.6000,6187.8000,6188.0000,6188.2000,1,1,3,1,8,2,1,1,1,3
SF,IC2103,2020-10-13 09:34:26.500,6186.8000,41172,0,568069560.000,0,-,-,-,-,6186.2000,6185.8000,6184.2000,6184.0000,6183.8000,6187.0000,6187.6000,6187.8000,6188.0000,6188.2000,1,1,1,8,1,2,1,1,1,3
SF,IC2103,2020-10-13 09:34:27.000,6186.2000,41172,0,569306800.000,1,0,1,多换,S,6185.8000,6184.2000,6184.0000,6183.8000,6183.2000,6187.0000,6187.6000,6187.8000,6188.0000,6188.2000,1,1,8,1,1,2,1,1,1,3
SF,IC2103,2020-10-13 09:34:28.000,6187.0000,41171,-1,570544200.000,1,0,1,双平,S,6185.8000,6184.2000,6184.0000,6183.8000,6183.2000,6187.0000,6187.6000,6187.8000,6188.0000,6188.2000,1,1,8,1,1,1,1,1,1,3
SF,IC2103,2020-10-13 09:34:28.500,6187.0000,41172,1,571781600.000,1,1,0,双开,S,6185.8000,6185.2000,6184.2000,6184.0000,6183.8000,6187.6000,6187.8000,6188.0000,6188.2000,6188.8000,1,1,1,8,1,1,1,1,3,1
SF,IC2103,2020-10-13 09:34:31.000,6187.0000,41172,0,571781600.000,0,-,-,-,-,6185.2000,6184.2000,6184.0000,6183.8000,6183.2000,6187.6000,6187.8000,6188.0000,6188.2000,6188.8000,1,1,8,1,1,1,1,1,3,1
SF,IC2103,2020-10-13 09:34:31.500,6187.0000,41172,0,571781600.000,0,-,-,-,-,6186.4000,6185.2000,6184.2000,6184.0000,6183.8000,6187.6000,6187.8000,6188.0000,6188.2000,6188.8000,1,1,1,8,1,1,1,1,3,1
SF,IC2103,2020-10-13 09:34:32.500,6186.4000,41171,-1,573018880.000,1,0,1,双平,S,6185.6000,6185.2000,6184.2000,6184.0000,6183.8000,6187.2000,6187.6000,6187.8000,6188.0000,6188.2000,1,1,1,8,1,1,1,1,1,3
SF,IC2103,2020-10-13 09:34:33.000,6187.2000,41171,0,574256320.000,1,0,1,多换,S,6185.6000,6185.2000,6184.2000,6184.0000,6183.8000,6187.2000,6187.6000,6187.8000,6188.0000,6188.2000,1,1,1,8,1,1,1,1,1,3
SF,IC2103,2020-10-13 09:34:33.500,6187.2000,41171,0,574256320.000,0,-,-,-,-,6186.4000,6186.0000,6185.6000,6185.2000,6184.2000,6187.2000,6187.6000,6187.8000,6188.0000,6188.2000,1,1,1,1,1,1,1,1,1,3
SF,IC2103,2020-10-13 09:34:34.000,6186.4000,41170,-1,575493600.000,1,0,1,双平,S,6186.0000,6185.6000,6185.2000,6184.2000,6184.0000,6187.2000,6187.6000,6187.8000,6188.0000,6188.2000,1,1,1,1,8,1,1,1,1,3
SF,IC2103,2020-10-13 09:34:34.500,6187.0000,41170,0,581680560.000,5,2,3,多换,S,6185.6000,6185.2000,6184.2000,6184.0000,6183.8000,6187.2000,6187.6000,6187.8000,6188.0000,6188.2000,1,1,1,8,1,2,1,1,1,3
SF,IC2103,2020-10-13 09:34:35.000,6185.6000,41170,0,582917680.000,1,0,1,多换,S,6185.2000,6184.2000,6184.0000,6183.8000,6183.2000,6186.4000,6187.2000,6187.6000,6187.8000,6188.0000,1,1,8,1,1,1,1,1,1,1
SF,IC2103,2020-10-13 09:34:36.500,6185.6000,41170,0,582917680.000,0,-,-,-,-,6185.2000,6184.2000,6184.0000,6183.8000,6183.2000,6186.4000,6187.2000,6187.6000,6187.8000,6188.0000,1,1,8,1,1,1,1,1,1,1
SF,IC2103,2020-10-13 09:34:37.000,6185.2000,41170,0,584154720.000,1,0,1,多换,S,6184.2000,6184.0000,6183.8000,6183.2000,6182.0000,6185.4000,6186.4000,6187.2000,6187.6000,6187.8000,1,8,1,1,1,1,1,1,1,1
SF,IC2103,2020-10-13 09:34:37.500,6185.2000,41170,0,584154720.000,0,-,-,-,-,6184.2000,6184.0000,6183.8000,6183.2000,6182.0000,6186.4000,6187.2000,6187.6000,6187.8000,6188.0000,1,8,1,1,1,1,1,1,1,1
SF,IC2103,2020-10-13 09:34:38.000,6186.4000,41170,0,585392000.000,1,0,1,多换,S,6184.2000,6184.0000,6183.8000,6183.2000,6182.0000,6187.2000,6187.6000,6187.8000,6188.0000,6188.2000,1,8,1,1,1,1,1,1,1,3
SF,IC2103,2020-10-13 09:34:38.500,6186.4000,41170,0,585392000.000,0,-,-,-,-,6184.2000,6184.0000,6183.8000,6183.2000,6182.0000,6187.0000,6187.2000,6187.6000,6187.8000,6188.0000,1,8,1,1,1,3,1,1,1,1
SF,IC2103,2020-10-13 09:34:39.500,6186.4000,41170,0,585392000.000,0,-,-,-,-,6184.4000,6184.2000,6184.0000,6183.8000,6183.2000,6187.0000,6187.2000,6187.6000,6187.8000,6188.0000,1,1,8,1,1,3,1,1,1,1
SF,IC2103,2020-10-13 09:34:40.000,6186.4000,41170,0,585392000.000,0,-,-,-,-,6184.8000,6184.4000,6184.2000,6184.0000,6183.8000,6187.0000,6187.2000,6187.6000,6187.8000,6188.0000,8,3,1,8,1,3,1,1,1,1
SF,IC2103,2020-10-13 09:34:40.500,6186.4000,41170,0,585392000.000,0,-,-,-,-,6184.2000,6184.0000,6183.8000,6183.2000,6182.0000,6187.0000,6187.2000,6187.6000,6187.8000,6188.0000,1,8,1,1,1,3,1,1,1,1
SF,IC2103,2020-10-13 09:34:41.000,6186.4000,41170,0,585392000.000,0,-,-,-,-,6184.4000,6184.2000,6184.0000,6183.8000,6183.2000,6187.0000,6187.2000,6187.6000,6187.8000,6188.0000,2,1,8,1,1,2,1,1,1,1
SF,IC2103,2020-10-13 09:34:41.500,6186.4000,41170,0,585392000.000,0,-,-,-,-,6185.0000,6184.4000,6184.2000,6184.0000,6183.8000,6187.0000,6187.2000,6187.6000,6187.8000,6188.0000,4,2,1,8,1,2,1,1,1,1
SF,IC2103,2020-10-13 09:34:42.000,6186.4000,41170,0,585392000.000,0,-,-,-,-,6185.4000,6185.0000,6184.2000,6184.0000,6183.8000,6187.0000,6187.2000,6187.6000,6187.8000,6188.0000,3,4,1,8,1,1,1,1,1,1
SF,IC2103,2020-10-13 09:34:42.500,6186.4000,41170,0,585392000.000,0,-,-,-,-,6184.2000,6184.0000,6183.8000,6183.2000,6182.0000,6187.0000,6187.2000,6187.6000,6187.8000,6188.0000,1,8,1,1,1,1,1,1,1,1
SF,IC2103,2020-10-13 09:34:43.000,6186.4000,41170,0,585392000.000,0,-,-,-,-,6184.4000,6184.2000,6184.0000,6183.8000,6183.2000,6186.8000,6187.0000,6187.2000,6187.6000,6187.8000,3,1,8,1,1,1,2,1,1,1
SF,IC2103,2020-10-13 09:34:43.500,6186.4000,41170,0,585392000.000,0,-,-,-,-,6184.6000,6184.2000,6184.0000,6183.8000,6183.2000,6186.8000,6187.0000,6187.2000,6187.6000,6187.8000,3,1,8,1,1,1,2,1,1,1
SF,IC2103,2020-10-13 09:34:44.000,6186.4000,41170,0,585392000.000,0,-,-,-,-,6184.6000,6184.2000,6184.0000,6183.8000,6183.2000,6186.8000,6187.0000,6187.2000,6187.6000,6187.8000,6,1,8,1,1,1,2,1,1,1
SF,IC2103,2020-10-13 09:34:44.500,6186.4000,41170,0,585392000.000,0,-,-,-,-,6185.4000,6184.8000,6184.6000,6184.2000,6184.0000,6186.8000,6187.0000,6187.2000,6187.6000,6187.8000,1,5,6,1,8,1,2,1,1,1
SF,IC2103,2020-10-13 09:34:45.000,6186.4000,41170,0,585392000.000,0,-,-,-,-,6185.4000,6184.8000,6184.6000,6184.2000,6184.0000,6187.0000,6187.2000,6187.6000,6187.8000,6188.0000,1,2,3,1,8,2,1,1,1,1
