市场代码,合约代码,时间,最新,持仓,增仓,成交额,成交量,开仓,平仓,成交类型,方向,买一价,买二价,买三价,买四价,买五价,卖一价,卖二价,卖三价,卖四价,卖五价,买一量,买二量,买三量,买四量,买五量,卖一量,卖二量,卖三量,卖四量,卖五量
SF,IC2103,2020-09-04 09:29:00.000,6100.0000,23844,0,15860000.000,13.000,-,-,-,-,6099.0000,6096.6000,6096.4000,6090.0000,6088.0000,6100.0000,6114.0000,6115.6000,6116.6000,6119.0000,1,1,2,1,1,14,1,1,1,10
SF,IC2103,2020-09-04 09:30:00.500,6099.0000,23846,2,26836680.000,9,5,4,空开,S,6095.0000,6091.2000,6090.0000,6088.0000,6086.0000,6099.0000,6100.0000,6114.0000,6115.6000,6116.6000,2,1,1,2,2,1,20,1,1,1
SF,IC2103,2020-09-04 09:30:01.000,6099.0000,23843,-3,47568520.000,17,7,10,多平,S,6099.0000,6091.2000,6090.0000,6088.0000,6086.0000,6100.0000,6114.0000,6115.6000,6116.6000,6119.0000,1,1,1,3,2,19,1,1,1,10
SF,IC2103,2020-09-04 09:30:01.500,6099.0000,23844,1,56107120.000,7,4,3,空开,S,6091.2000,6090.0000,6088.0000,6086.0000,6080.0000,6094.0000,6095.8000,6096.0000,6097.4000,6097.6000,1,1,2,2,4,1,1,2,1,1
SF,IC2103,2020-09-04 09:30:02.000,6094.2000,23842,-2,58545760.000,2,0,2,双平,S,6091.8000,6091.4000,6091.2000,6090.0000,6088.0000,6098.0000,6099.0000,6099.4000,6099.6000,6099.8000,1,1,1,1,2,1,2,1,1,1
SF,IC2103,2020-09-04 09:30:02.500,6096.0000,23840,-2,64639320.000,5,1,4,多平,S,6091.2000,6090.0000,6088.0000,6087.8000,6086.0000,6095.0000,6096.2000,6097.4000,6097.8000,6098.0000,1,1,2,1,2,3,1,1,2,1
SF,IC2103,2020-09-04 09:30:03.000,6095.0000,23837,-3,69515320.000,4,0,4,多平,S,6095.0000,6092.0000,6091.4000,6091.2000,6090.0000,6095.2000,6095.6000,6095.8000,6096.2000,6097.0000,1,1,4,1,1,1,1,1,1,1
SF,IC2103,2020-09-04 09:30:03.500,6095.0000,23836,-1,75610360.000,5,2,3,多平,S,6091.4000,6091.2000,6090.0000,6088.0000,6086.0000,6095.0000,6095.8000,6097.4000,6097.8000,6098.0000,1,1,1,2,2,4,1,2,1,1
SF,IC2103,2020-09-04 09:30:04.000,6095.0000,23833,-3,79267360.000,3,0,3,双平,S,6092.0000,6091.6000,6091.4000,6091.2000,6090.0000,6095.0000,6097.4000,6097.8000,6098.0000,6099.0000,1,1,1,1,1,1,2,1,1,1
SF,IC2103,2020-09-04 09:30:04.500,6094.6000,23832,-1,81704680.000,2,0,2,多平,S,6091.8000,6091.4000,6091.2000,6090.0000,6088.0000,6095.0000,6097.4000,6097.8000,6098.0000,6099.0000,1,1,1,1,2,2,1,1,1,1
SF,IC2103,2020-09-04 09:30:05.000,6095.0000,23831,-1,84142680.000,2,0,2,多平,S,6092.2000,6091.8000,6091.4000,6091.2000,6090.0000,6094.0000,6094.6000,6097.4000,6097.8000,6098.0000,1,1,1,1,1,1,3,1,1,1
SF,IC2103,2020-09-04 09:30:05.500,6091.8000,23829,-2,86580040.000,2,0,2,双平,S,6091.2000,6090.0000,6088.0000,6086.0000,6080.0000,6092.0000,6097.4000,6097.8000,6098.0000,6099.0000,1,1,2,2,4,5,1,1,1,1
SF,IC2103,2020-09-04 09:30:06.000,6091.2000,23824,-5,93890280.000,6,0,6,多平,S,6090.0000,6088.0000,6086.0000,6080.0000,6072.8000,6091.2000,6093.0000,6097.4000,6097.8000,6098.0000,1,2,2,4,1,2,3,1,1,1
SF,IC2103,2020-09-04 09:30:06.500,6090.0000,23823,-1,95108280.000,1,0,1,双平,S,6088.0000,6086.0000,6080.0000,6072.8000,6071.2000,6091.2000,6097.4000,6097.8000,6098.0000,6099.6000,2,2,4,1,1,2,1,1,1,1
SF,IC2103,2020-09-04 09:30:07.000,6090.0000,23822,-1,97544280.000,2,0,2,多平,S,6089.2000,6088.6000,6088.0000,6086.0000,6080.0000,6089.4000,6090.2000,6091.2000,6097.4000,6097.8000,1,1,2,2,4,1,1,2,1,1
SF,IC2103,2020-09-04 09:30:07.500,6091.2000,23819,-3,102416800.000,4,0,4,多平,S,6089.8000,6089.6000,6089.2000,6088.0000,6086.0000,6097.4000,6097.8000,6098.0000,6099.6000,6100.0000,1,1,2,2,2,1,1,1,1,23
SF,IC2103,2020-09-04 09:30:08.000,6091.2000,23819,0,102416800.000,0,-,-,-,-,6090.4000,6090.0000,6089.8000,6089.6000,6089.2000,6095.6000,6095.8000,6097.4000,6097.8000,6098.0000,1,1,1,2,2,1,1,1,1,1
SF,IC2103,2020-09-04 09:30:08.500,6091.2000,23819,0,102416800.000,0,-,-,-,-,6090.6000,6090.4000,6090.0000,6089.8000,6089.6000,6095.0000,6095.6000,6095.8000,6097.4000,6097.8000,1,1,1,1,1,1,1,1,1,1
SF,IC2103,2020-09-04 09:30:09.000,6089.8000,23817,-2,106071800.000,3,0,3,多平,S,6089.6000,6089.4000,6089.2000,6088.0000,6086.0000,6095.0000,6095.6000,6095.8000,6097.4000,6098.0000,1,3,2,2,2,1,1,1,1,1
SF,IC2103,2020-09-04 09:30:09.500,6090.0000,23816,-1,107289800.000,1,0,1,双平,S,6090.2000,6089.8000,6089.6000,6089.4000,6089.2000,6094.4000,6095.0000,6097.4000,6098.0000,6099.6000,3,2,1,3,2,3,1,1,1,1
SF,IC2103,2020-09-04 09:30:10.000,6090.0000,23816,0,108507800.000,1,0,1,多换,S,6090.4000,6090.2000,6089.8000,6089.6000,6089.4000,6097.4000,6098.0000,6099.6000,6100.0000,6114.0000,1,2,1,1,3,1,1,1,28,1
SF,IC2103,2020-09-04 09:30:10.500,6094.2000,23816,0,109726640.000,1,0,1,多换,S,6091.4000,6091.0000,6090.6000,6090.4000,6090.2000,6097.0000,6097.4000,6098.0000,6100.0000,6114.0000,1,2,1,1,1,1,1,1,28,1
SF,IC2103,2020-09-04 09:30:11.000,6091.6000,23814,-2,113381880.000,3,0,3,多平,S,6092.0000,6091.6000,6091.4000,6091.0000,6090.6000,6096.6000,6097.0000,6097.4000,6098.0000,6100.0000,1,1,1,1,2,1,4,1,1,28
SF,IC2103,2020-09-04 09:30:11.500,6091.6000,23814,0,115818520.000,2,1,1,多换,S,6091.6000,6091.4000,6091.0000,6090.6000,6090.2000,6096.4000,6096.6000,6097.0000,6097.4000,6098.0000,1,1,1,1,1,1,1,1,1,1
SF,IC2103,2020-09-04 09:30:12.000,6091.6000,23812,-2,118255160.000,2,0,2,双平,S,6091.8000,6091.4000,6091.0000,6090.6000,6089.8000,6096.4000,6096.6000,6097.4000,6098.0000,6100.0000,1,1,1,1,1,1,1,1,1,23
SF,IC2103,2020-09-04 09:30:12.500,6096.4000,23812,0,120692760.000,2,1,1,多换,S,6092.4000,6092.0000,6091.8000,6091.4000,6091.0000,6098.0000,6100.0000,6114.0000,6115.6000,6119.0000,3,2,1,1,1,1,23,1,1,10
SF,IC2103,2020-09-04 09:30:13.000,6096.4000,23812,0,120692760.000,0,-,-,-,-,6096.4000,6095.2000,6094.4000,6093.0000,6092.8000,6098.0000,6100.0000,6114.0000,6115.6000,6119.0000,1,1,1,1,1,1,23,1,1,10
SF,IC2103,2020-09-04 09:30:13.500,6098.0000,23811,-1,123131640.000,2,0,2,多平,S,6093.0000,6092.6000,6092.0000,6091.8000,6090.6000,6100.0000,6114.0000,6115.6000,6119.0000,6120.0000,1,2,1,1,1,23,1,1,10,2
SF,IC2103,2020-09-04 09:30:14.000,6098.0000,23811,0,124351240.000,1,0,1,多换,S,6095.2000,6094.4000,6093.4000,6093.2000,6093.0000,6100.0000,6114.0000,6115.6000,6119.0000,6120.0000,1,1,1,3,1,23,1,1,10,2
SF,IC2103,2020-09-04 09:30:14.500,6098.0000,23811,0,124351240.000,0,-,-,-,-,6098.0000,6095.8000,6095.4000,6095.2000,6094.4000,6100.0000,6114.0000,6115.6000,6119.0000,6120.0000,1,1,1,1,1,23,1,1,10,2
SF,IC2103,2020-09-04 09:30:15.000,6098.0000,23810,-1,126790440.000,2,0,2,多平,S,6095.4000,6095.2000,6094.4000,6093.4000,6093.0000,6100.0000,6114.0000,6115.6000,6119.0000,6120.0000,2,1,1,1,1,23,1,1,10,2
SF,IC2103,2020-09-04 09:30:15.500,6100.0000,23808,-2,129230440.000,2,0,2,双平,S,6098.2000,6095.8000,6095.6000,6095.4000,6095.2000,6100.0000,6114.0000,6115.6000,6119.0000,6120.0000,1,1,2,1,1,21,1,1,10,2
SF,IC2103,2020-09-04 09:30:16.000,6100.0000,23806,-2,131670440.000,2,0,2,双平,S,6098.2000,6095.6000,6095.4000,6095.2000,6094.4000,6100.0000,6114.0000,6115.6000,6119.0000,6120.0000,1,2,1,1,1,19,1,1,10,2
SF,IC2103,2020-09-04 09:30:16.500,6100.0000,23805,-1,134110440.000,2,0,2,多平,S,6095.6000,6095.4000,6095.2000,6094.4000,6093.4000,6100.0000,6114.0000,6115.6000,6119.0000,6120.0000,2,1,1,1,1,18,1,1,10,2
SF,IC2103,2020-09-04 09:30:17.000,6100.0000,23805,0,135330440.000,1,0,1,多换,S,6098.4000,6096.2000,6095.8000,6095.6000,6095.2000,6100.0000,6114.0000,6115.6000,6119.0000,6120.0000,1,1,2,2,1,17,1,1,10,2
SF,IC2103,2020-09-04 09:30:17.500,6100.0000,23805,0,135330440.000,0,-,-,-,-,6099.0000,6096.2000,6095.8000,6095.6000,6094.4000,6100.0000,6114.0000,6115.6000,6119.0000,6120.0000,1,1,2,2,1,17,1,1,10,2
SF,IC2103,2020-09-04 09:30:18.000,6100.0000,23805,0,135330440.000,0,-,-,-,-,6096.2000,6095.8000,6095.6000,6094.4000,6093.4000,6099.0000,6099.8000,6100.0000,6114.0000,6115.6000,1,2,2,1,1,1,1,17,1,1
SF,IC2103,2020-09-04 09:30:18.500,6095.6000,23805,0,140207120.000,4,2,2,多换,S,6095.6000,6094.4000,6093.4000,6092.0000,6090.6000,6099.0000,6100.0000,6114.0000,6115.6000,6119.0000,1,1,1,2,1,1,17,1,1,10
SF,IC2103,2020-09-04 09:30:19.000,6095.6000,23805,0,140207120.000,0,-,-,-,-,6094.4000,6093.4000,6092.0000,6090.6000,6090.0000,6098.6000,6098.8000,6099.0000,6100.0000,6114.0000,1,1,2,1,1,2,2,1,17,1
SF,IC2103,2020-09-04 09:30:19.500,6095.2000,23804,-1,141426160.000,1,0,1,双平,S,6094.4000,6093.4000,6092.0000,6090.6000,6090.0000,6098.2000,6098.4000,6098.6000,6098.8000,6099.0000,1,1,2,1,1,2,1,2,1,1
SF,IC2103,2020-09-04 09:30:20.000,6095.2000,23804,0,141426160.000,0,-,-,-,-,6094.4000,6093.4000,6092.0000,6090.6000,6090.0000,6097.8000,6098.0000,6098.2000,6098.8000,6099.0000,1,1,2,1,1,2,1,2,1,1
SF,IC2103,2020-09-04 09:30:20.500,6094.4000,23803,-1,143864600.000,2,0,2,多平,S,6093.4000,6092.0000,6090.6000,6090.0000,6089.4000,6097.2000,6097.4000,6097.8000,6098.0000,6098.8000,1,2,1,1,3,1,1,1,1,1
SF,IC2103,2020-09-04 09:30:21.000,6094.4000,23803,0,143864600.000,0,-,-,-,-,6094.6000,6093.6000,6093.4000,6092.0000,6090.6000,6097.0000,6097.4000,6099.0000,6100.0000,6114.0000,1,1,1,2,1,2,1,1,17,1
SF,IC2103,2020-09-04 09:30:21.500,6094.4000,23803,0,143864600.000,0,-,-,-,-,6093.6000,6093.4000,6092.0000,6090.6000,6090.0000,6096.0000,6099.0000,6100.0000,6114.0000,6115.6000,1,1,2,1,1,1,1,17,1,1
SF,IC2103,2020-09-04 09:30:22.000,6093.4000,23801,-2,147521200.000,3,0,3,多平,S,6092.0000,6090.6000,6090.0000,6089.4000,6088.8000,6096.8000,6099.0000,6100.0000,6114.0000,6115.6000,2,1,1,3,1,1,1,17,1,1
SF,IC2103,2020-09-04 09:30:22.500,6093.4000,23801,0,147521200.000,0,-,-,-,-,6092.2000,6092.0000,6090.0000,6089.4000,6088.8000,6096.4000,6096.6000,6099.0000,6100.0000,6114.0000,1,2,1,3,1,1,2,1,17,1
SF,IC2103,2020-09-04 09:30:23.000,6093.4000,23801,0,147521200.000,0,-,-,-,-,6092.2000,6092.0000,6090.0000,6089.4000,6088.8000,6095.8000,6096.2000,6096.4000,6096.6000,6099.0000,1,2,1,3,1,2,1,1,1,1
SF,IC2103,2020-09-04 09:30:23.500,6092.0000,23800,-1,151176440.000,3,1,2,多平,S,6090.0000,6089.4000,6088.8000,6088.0000,6086.0000,6095.6000,6095.8000,6096.4000,6099.0000,6100.0000,1,3,1,2,2,1,2,1,1,17
SF,IC2103,2020-09-04 09:30:24.000,6092.0000,23800,0,151176440.000,0,-,-,-,-,6090.4000,6090.2000,6090.0000,6089.4000,6088.8000,6095.6000,6095.8000,6096.4000,6099.0000,6100.0000,1,1,3,3,1,1,2,1,1,17
SF,IC2103,2020-09-04 09:30:24.500,6095.6000,23800,0,152395560.000,1,0,1,多换,S,6092.0000,6090.6000,6090.4000,6090.2000,6090.0000,6096.4000,6099.0000,6100.0000,6114.0000,6115.6000,3,2,1,2,3,1,1,17,1,1
SF,IC2103,2020-09-04 09:30:25.000,6095.6000,23800,0,152395560.000,0,-,-,-,-,6092.2000,6090.4000,6090.0000,6089.4000,6088.8000,6095.4000,6099.0000,6100.0000,6114.0000,6115.6000,1,1,3,3,1,1,1,17,1,1
SF,IC2103,2020-09-04 09:30:25.500,6092.4000,23799,-1,153614040.000,1,0,1,双平,S,6092.2000,6090.0000,6089.4000,6088.8000,6088.0000,6100.0000,6114.0000,6115.6000,6120.0000,6125.0000,1,2,3,1,2,17,1,1,2,1
SF,IC2103,2020-09-04 09:30:26.000,6092.4000,23799,0,153614040.000,0,-,-,-,-,6092.2000,6090.0000,6089.4000,6088.8000,6088.0000,6095.2000,6098.4000,6098.6000,6099.0000,6099.2000,1,1,3,1,2,1,1,1,4,1
SF,IC2103,2020-09-04 09:30:26.500,6092.4000,23799,0,153614040.000,0,-,-,-,-,6090.0000,6089.4000,6088.8000,6088.0000,6086.0000,6098.6000,6099.4000,6099.6000,6099.8000,6100.0000,1,3,1,2,2,1,5,3,1,17
SF,IC2103,2020-09-04 09:30:27.000,6092.4000,23799,0,153614040.000,0,-,-,-,-,6092.0000,6090.2000,6090.0000,6089.4000,6088.8000,6095.8000,6098.0000,6098.4000,6098.6000,6099.4000,1,1,3,3,1,2,4,1,1,1
SF,IC2103,2020-09-04 09:30:27.500,6092.4000,23799,0,153614040.000,0,-,-,-,-,6092.2000,6092.0000,6090.4000,6090.0000,6089.4000,6095.8000,6098.0000,6098.4000,6099.4000,6099.6000,1,1,1,3,3,2,4,2,1,3
SF,IC2103,2020-09-04 09:30:28.000,6095.8000,23800,1,154833200.000,1,1,0,双开,S,6092.2000,6092.0000,6090.4000,6090.0000,6089.4000,6095.8000,6098.0000,6098.4000,6099.4000,6099.6000,1,1,1,3,3,1,4,1,1,3
SF,IC2103,2020-09-04 09:30:28.500,6095.8000,23800,0,154833200.000,0,-,-,-,-,6095.2000,6092.2000,6092.0000,6090.4000,6090.0000,6095.6000,6095.8000,6098.0000,6098.4000,6099.4000,1,1,1,1,3,2,1,2,1,1
SF,IC2103,2020-09-04 09:30:29.000,6095.2000,23800,0,156052240.000,1,0,1,多换,S,6092.4000,6092.2000,6092.0000,6090.4000,6090.0000,6095.2000,6095.8000,6098.0000,6098.4000,6099.4000,1,1,1,1,3,1,1,2,1,1
SF,IC2103,2020-09-04 09:30:29.500,6095.2000,23800,0,159709360.000,3,1,2,多换,S,6092.0000,6090.0000,6089.4000,6088.8000,6088.0000,6094.8000,6095.2000,6095.8000,6098.0000,6098.4000,1,1,3,1,2,1,1,1,2,1
SF,IC2103,2020-09-04 09:30:30.000,6092.0000,23800,0,160927760.000,1,0,1,多换,S,6090.0000,6089.4000,6088.8000,6088.0000,6086.0000,6094.8000,6095.2000,6095.8000,6098.0000,6098.4000,1,3,1,2,2,1,1,1,2,1
SF,IC2103,2020-09-04 09:30:30.500,6092.0000,23800,0,160927760.000,0,-,-,-,-,6092.2000,6090.2000,6090.0000,6089.4000,6088.8000,6095.2000,6095.8000,6098.0000,6098.4000,6099.4000,1,1,1,3,1,1,1,2,1,1
SF,IC2103,2020-09-04 09:30:31.000,6095.8000,23800,0,162146920.000,1,0,1,多换,S,6090.2000,6090.0000,6089.4000,6088.8000,6088.0000,6098.0000,6099.4000,6099.8000,6100.0000,6114.0000,1,3,3,1,2,2,1,1,16,1
SF,IC2103,2020-09-04 09:30:31.500,6095.8000,23800,0,162146920.000,0,-,-,-,-,6090.4000,6090.2000,6090.0000,6089.4000,6088.8000,6097.4000,6098.0000,6099.4000,6099.8000,6100.0000,4,1,3,3,1,3,1,1,1,16
SF,IC2103,2020-09-04 09:30:32.000,6095.8000,23800,0,162146920.000,0,-,-,-,-,6092.0000,6090.6000,6090.4000,6090.0000,6089.4000,6097.4000,6098.0000,6099.4000,6099.8000,6100.0000,1,1,2,3,3,3,1,1,1,16
SF,IC2103,2020-09-04 09:30:32.500,6095.8000,23800,0,162146920.000,0,-,-,-,-,6096.0000,6092.4000,6092.2000,6092.0000,6091.0000,6097.2000,6097.4000,6099.4000,6099.8000,6100.0000,1,3,1,1,1,1,3,1,1,16
SF,IC2103,2020-09-04 09:30:33.000,6096.0000,23800,0,163366120.000,1,0,1,多换,S,6095.2000,6092.4000,6092.2000,6092.0000,6090.4000,6097.2000,6097.4000,6099.8000,6100.0000,6114.0000,1,3,2,1,1,1,1,1,16,1
SF,IC2103,2020-09-04 09:30:33.500,6095.2000,23798,-2,167024080.000,3,0,3,多平,S,6092.2000,6092.0000,6090.4000,6090.0000,6089.4000,6100.0000,6114.0000,6115.6000,6120.0000,6125.0000,1,1,1,2,3,16,1,1,2,2
SF,IC2103,2020-09-04 09:30:34.000,6095.2000,23798,0,167024080.000,0,-,-,-,-,6095.4000,6094.4000,6092.8000,6092.6000,6092.4000,6099.4000,6100.0000,6114.0000,6115.6000,6120.0000,1,4,2,1,2,2,16,1,1,2
SF,IC2103,2020-09-04 09:30:34.500,6095.2000,23798,0,167024080.000,0,-,-,-,-,6095.8000,6095.6000,6092.8000,6092.6000,6092.0000,6100.0000,6114.0000,6115.6000,6120.0000,6125.0000,1,1,2,1,1,16,1,1,2,2
SF,IC2103,2020-09-04 09:30:35.000,6099.4000,23798,0,168243960.000,1,0,1,多换,S,6096.0000,6095.8000,6095.6000,6092.8000,6092.0000,6099.4000,6100.0000,6114.0000,6115.6000,6120.0000,1,1,1,2,1,2,16,1,1,2
SF,IC2103,2020-09-04 09:30:35.500,6099.4000,23798,0,168243960.000,0,-,-,-,-,6096.2000,6096.0000,6095.8000,6092.8000,6092.0000,6100.0000,6114.0000,6115.6000,6120.0000,6125.0000,1,2,1,1,1,16,1,1,2,2
SF,IC2103,2020-09-04 09:30:36.000,6100.0000,23797,-1,169463960.000,1,0,1,双平,S,6096.4000,6096.2000,6096.0000,6095.8000,6092.0000,6100.0000,6114.0000,6115.6000,6120.0000,6125.0000,1,1,1,1,1,15,1,1,2,2
SF,IC2103,2020-09-04 09:30:36.500,6100.0000,23792,-5,175563960.000,5,0,5,双平,S,6098.2000,6096.4000,6096.2000,6095.8000,6092.0000,6100.0000,6114.0000,6115.6000,6120.0000,6125.0000,1,2,1,1,1,10,1,1,2,2
SF,IC2103,2020-09-04 09:30:37.000,6100.0000,23790,-2,179223960.000,3,0,3,多平,S,6096.8000,6096.4000,6096.2000,6095.8000,6092.0000,6100.0000,6114.0000,6115.6000,6120.0000,6125.0000,1,2,1,1,1,7,1,1,2,2
SF,IC2103,2020-09-04 09:30:37.500,6114.0000,23783,-7,188986760.000,8,0,8,多平,S,6098.4000,6097.4000,6096.8000,6096.4000,6096.2000,6115.6000,6120.0000,6125.0000,6129.0000,6135.8000,2,1,1,1,1,1,2,2,6,1
SF,IC2103,2020-09-04 09:30:38.000,6114.0000,23783,0,188986760.000,0,-,-,-,-,6100.0000,6099.0000,6098.6000,6098.4000,6096.2000,6107.2000,6107.4000,6108.8000,6109.6000,6110.0000,1,1,1,3,1,1,1,2,1,2
SF,IC2103,2020-09-04 09:30:38.500,6114.0000,23783,0,188986760.000,0,-,-,-,-,6100.6000,6100.2000,6100.0000,6098.4000,6096.2000,6106.6000,6107.0000,6108.8000,6109.6000,6110.0000,1,1,1,2,1,2,1,2,1,2
SF,IC2103,2020-09-04 09:30:39.000,6114.0000,23783,0,188986760.000,0,-,-,-,-,6101.0000,6100.8000,6100.6000,6100.2000,6100.0000,6106.0000,6106.6000,6107.0000,6109.6000,6110.0000,1,1,1,1,1,1,1,1,1,2
SF,IC2103,2020-09-04 09:30:39.500,6114.0000,23783,0,188986760.000,0,-,-,-,-,6101.2000,6101.0000,6100.8000,6100.6000,6100.0000,6106.0000,6106.6000,6109.6000,6110.0000,6110.2000,1,1,1,1,1,1,1,1,2,1
SF,IC2103,2020-09-04 09:30:40.000,6114.0000,23783,0,188986760.000,0,-,-,-,-,6101.2000,6101.0000,6100.6000,6100.0000,6098.4000,6105.8000,6106.6000,6109.6000,6110.0000,6110.2000,2,1,1,1,2,1,1,1,2,1
SF,IC2103,2020-09-04 09:30:40.500,6114.0000,23783,0,188986760.000,0,-,-,-,-,6101.2000,6101.0000,6100.6000,6100.0000,6098.4000,6104.0000,6106.6000,6109.6000,6110.0000,6110.2000,3,1,1,1,1,3,1,1,1,1
SF,IC2103,2020-09-04 09:30:41.000,6114.0000,23783,0,188986760.000,0,-,-,-,-,6101.2000,6101.0000,6100.6000,6100.0000,6098.4000,6106.6000,6109.6000,6110.0000,6110.2000,6110.4000,1,1,1,1,1,1,1,1,1,1
SF,IC2103,2020-09-04 09:30:41.500,6106.2000,23783,0,191429200.000,2,1,1,多换,S,6105.8000,6101.4000,6101.0000,6100.6000,6100.0000,6106.2000,6106.6000,6109.6000,6110.0000,6110.2000,2,1,1,1,1,2,1,1,1,1
SF,IC2103,2020-09-04 09:30:42.000,6105.8000,23785,2,195092680.000,3,2,1,空开,S,6101.4000,6100.0000,6098.4000,6092.0000,6091.8000,6106.0000,6106.2000,6109.6000,6110.0000,6110.2000,1,1,1,1,1,1,2,1,1,1
SF,IC2103,2020-09-04 09:30:42.500,6105.8000,23785,0,195092680.000,0,-,-,-,-,6106.2000,6101.6000,6101.4000,6100.0000,6098.4000,6110.0000,6110.2000,6110.4000,6112.2000,6112.4000,1,1,1,1,1,1,1,1,2,1
SF,IC2103,2020-09-04 09:30:43.000,6106.2000,23784,-1,198756320.000,3,1,2,多平,S,6100.0000,6098.4000,6092.0000,6091.8000,6090.0000,6109.4000,6109.8000,6110.0000,6110.2000,6110.4000,2,1,1,1,1,2,2,2,1,1
SF,IC2103,2020-09-04 09:30:43.500,6106.2000,23784,0,198756320.000,0,-,-,-,-,6100.6000,6100.0000,6098.4000,6092.0000,6091.8000,6104.8000,6108.8000,6109.0000,6109.2000,6109.4000,1,2,1,1,1,3,2,1,3,2
SF,IC2103,2020-09-04 09:30:44.000,6104.8000,23782,-2,201198240.000,2,0,2,双平,S,6103.6000,6101.6000,6101.2000,6101.0000,6100.8000,6109.2000,6109.4000,6109.8000,6111.0000,6112.2000,1,1,1,1,1,2,1,1,1,2
SF,IC2103,2020-09-04 09:30:44.500,6104.8000,23782,0,201198240.000,0,-,-,-,-,6101.6000,6101.2000,6101.0000,6100.8000,6100.6000,6108.6000,6109.0000,6109.2000,6109.4000,6109.8000,1,1,1,1,1,1,2,2,1,1
SF,IC2103,2020-09-04 09:30:45.000,6104.8000,23782,0,201198240.000,0,-,-,-,-,6102.2000,6101.8000,6101.2000,6101.0000,6100.0000,6108.2000,6108.4000,6108.6000,6109.0000,6109.4000,1,1,1,1,2,1,1,1,1,1
SF,IC2103,2020-09-04 09:30:45.500,6107.8000,23782,0,202419800.000,1,0,1,多换,S,6102.8000,6102.2000,6101.8000,6101.0000,6100.0000,6108.0000,6108.2000,6108.6000,6109.0000,6111.0000,1,2,1,1,2,1,1,1,1,1
SF,IC2103,2020-09-04 09:30:46.000,6108.0000,23782,0,203641400.000,1,0,1,多换,S,6103.0000,6102.8000,6102.2000,6101.8000,6101.0000,6108.2000,6108.6000,6109.0000,6111.0000,6112.2000,1,1,2,1,1,1,1,1,1,2
SF,IC2103,2020-09-04 09:30:46.500,6108.0000,23782,0,204863000.000,1,0,1,多换,S,6103.2000,6103.0000,6102.2000,6101.0000,6100.0000,6106.4000,6108.2000,6108.6000,6109.0000,6111.0000,1,1,2,1,2,2,1,1,1,1
SF,IC2103,2020-09-04 09:30:47.000,6104.4000,23781,-1,208525120.000,3,1,2,多平,S,6102.2000,6100.0000,6098.4000,6092.0000,6091.8000,6106.8000,6108.2000,6108.6000,6109.0000,6111.0000,1,2,1,1,1,2,1,1,1,1
SF,IC2103,2020-09-04 09:30:47.500,6106.6000,23781,0,209746440.000,1,0,1,多换,S,6103.4000,6102.4000,6102.2000,6100.0000,6092.0000,6108.2000,6108.6000,6109.0000,6111.0000,6112.2000,1,1,1,2,1,1,1,1,1,2
SF,IC2103,2020-09-04 09:30:48.000,6106.6000,23781,0,209746440.000,0,-,-,-,-,6103.6000,6102.2000,6100.0000,6092.0000,6091.8000,6107.8000,6108.0000,6108.2000,6108.6000,6109.0000,1,1,2,1,1,1,2,1,1,1
SF,IC2103,2020-09-04 09:30:48.500,6106.6000,23780,-1,212189080.000,2,0,2,多平,S,6103.6000,6102.2000,6100.0000,6091.8000,6090.0000,6105.8000,6107.2000,6107.4000,6107.8000,6108.0000,2,1,2,1,2,1,1,1,1,2
SF,IC2103,2020-09-04 09:30:49.000,6106.6000,23780,0,212189080.000,0,-,-,-,-,6102.2000,6100.0000,6091.8000,6090.0000,6089.4000,6105.6000,6105.8000,6107.2000,6107.4000,6107.8000,1,2,1,2,3,1,1,2,1,1
SF,IC2103,2020-09-04 09:30:49.500,6105.6000,23780,0,213410200.000,1,0,1,多换,S,6102.2000,6100.0000,6091.8000,6090.0000,6089.4000,6105.8000,6107.4000,6107.8000,6108.0000,6108.2000,1,2,1,2,3,1,1,1,1,1
SF,IC2103,2020-09-04 09:30:50.000,6105.6000,23780,0,213410200.000,0,-,-,-,-,6102.4000,6102.2000,6100.0000,6091.8000,6090.0000,6107.4000,6107.8000,6108.0000,6108.2000,6108.6000,2,1,2,1,7,1,1,1,1,1
SF,IC2103,2020-09-04 09:30:50.500,6105.6000,23780,0,213410200.000,0,-,-,-,-,6102.4000,6102.2000,6100.0000,6091.8000,6090.0000,6107.8000,6108.2000,6108.6000,6111.0000,6112.2000,1,1,2,1,7,1,1,1,1,1
SF,IC2103,2020-09-04 09:30:51.000,6105.6000,23780,0,213410200.000,0,-,-,-,-,6103.0000,6102.6000,6102.4000,6102.2000,6100.0000,6108.6000,6111.0000,6112.2000,6112.8000,6113.0000,1,2,1,1,2,1,1,3,2,2
SF,IC2103,2020-09-04 09:30:51.500,6105.6000,23780,0,213410200.000,0,-,-,-,-,6104.0000,6103.4000,6103.2000,6103.0000,6102.8000,6111.0000,6112.2000,6112.8000,6113.0000,6113.2000,2,1,1,1,2,1,3,1,2,1
SF,IC2103,2020-09-04 09:30:52.000,6111.0000,23780,0,214632400.000,1,0,1,多换,S,6105.6000,6104.8000,6104.6000,6104.2000,6104.0000,6112.2000,6112.8000,6113.0000,6113.4000,6114.0000,1,2,1,3,3,3,1,1,1,1
SF,IC2103,2020-09-04 09:30:52.500,6105.6000,23778,-2,217074680.000,2,0,2,双平,S,6104.8000,6104.6000,6104.2000,6104.0000,6103.4000,6111.8000,6112.0000,6112.2000,6112.8000,6113.0000,2,1,2,3,1,1,2,1,1,1
SF,IC2103,2020-09-04 09:30:53.000,6105.6000,23778,0,217074680.000,0,-,-,-,-,6105.8000,6105.4000,6105.0000,6104.6000,6104.2000,6111.4000,6111.8000,6112.0000,6112.8000,6114.0000,1,1,2,1,1,1,1,2,1,1
SF,IC2103,2020-09-04 09:30:53.500,6111.2000,23778,0,218296920.000,1,0,1,多换,S,6106.2000,6106.0000,6105.4000,6105.0000,6104.8000,6111.8000,6114.0000,6115.6000,6120.0000,6120.6000,1,1,1,3,1,1,1,1,2,1
SF,IC2103,2020-09-04 09:30:54.000,6111.2000,23778,0,218296920.000,0,-,-,-,-,6106.4000,6106.2000,6105.4000,6105.0000,6104.2000,6114.0000,6115.6000,6120.0000,6120.6000,6125.0000,1,1,1,1,1,1,1,2,1,2
SF,IC2103,2020-09-04 09:30:54.500,6111.2000,23778,0,218296920.000,0,-,-,-,-,6106.4000,6106.2000,6105.4000,6105.0000,6104.2000,6109.2000,6111.6000,6112.0000,6113.4000,6113.8000,1,1,1,1,1,2,2,1,1,2
SF,IC2103,2020-09-04 09:30:55.000,6111.2000,23778,0,219519160.000,1,0,1,多换,S,6106.2000,6105.4000,6105.0000,6104.2000,6104.0000,6109.2000,6111.6000,6112.0000,6113.4000,6113.8000,1,1,1,1,2,1,2,1,1,2
SF,IC2103,2020-09-04 09:30:55.500,6111.2000,23778,0,219519160.000,0,-,-,-,-,6106.2000,6105.4000,6105.0000,6104.2000,6104.0000,6108.8000,6109.2000,6109.6000,6111.6000,6112.0000,1,1,1,1,2,1,1,1,2,1
SF,IC2103,2020-09-04 09:30:56.000,6111.2000,23778,0,219519160.000,0,-,-,-,-,6106.4000,6105.4000,6105.0000,6104.2000,6104.0000,6109.2000,6109.6000,6111.6000,6112.0000,6112.6000,1,1,1,1,2,1,1,2,1,2
SF,IC2103,2020-09-04 09:30:56.500,6111.2000,23778,0,219519160.000,0,-,-,-,-,6105.4000,6105.0000,6104.2000,6104.0000,6102.8000,6109.2000,6109.6000,6111.6000,6112.0000,6112.6000,1,1,1,2,1,1,1,2,1,2
SF,IC2103,2020-09-04 09:30:57.000,6111.2000,23777,-1,220741400.000,1,0,1,双平,S,6106.6000,6105.6000,6105.4000,6105.0000,6104.2000,6109.6000,6111.6000,6112.0000,6112.6000,6113.4000,1,1,1,1,1,1,2,1,2,1
SF,IC2103,2020-09-04 09:30:57.500,6111.2000,23777,0,220741400.000,0,-,-,-,-,6105.6000,6105.4000,6105.0000,6104.2000,6104.0000,6108.8000,6109.6000,6112.6000,6113.4000,6113.8000,1,1,1,1,2,1,1,2,1,1
SF,IC2103,2020-09-04 09:30:58.000,6111.2000,23777,0,220741400.000,0,-,-,-,-,6105.6000,6105.4000,6105.0000,6104.2000,6104.0000,6109.6000,6112.6000,6113.4000,6113.8000,6114.0000,1,1,1,1,2,1,2,1,1,2
SF,IC2103,2020-09-04 09:30:58.500,6109.6000,23777,0,221963320.000,1,0,1,多换,S,6105.8000,6105.6000,6105.4000,6105.0000,6104.2000,6109.0000,6109.6000,6112.6000,6113.4000,6113.8000,1,1,1,1,1,1,1,2,1,1
SF,IC2103,2020-09-04 09:30:59.000,6109.6000,23777,0,221963320.000,0,-,-,-,-,6105.6000,6105.4000,6105.0000,6104.2000,6104.0000,6108.8000,6109.6000,6110.4000,6113.4000,6113.8000,1,1,1,1,2,1,1,2,1,1
SF,IC2103,2020-09-04 09:30:59.500,6109.6000,23777,0,223185240.000,1,0,1,多换,S,6105.6000,6104.2000,6104.0000,6103.0000,6102.2000,6109.6000,6110.4000,6113.4000,6113.8000,6114.0000,1,1,2,1,1,1,2,1,1,2
SF,IC2103,2020-09-04 09:31:00.000,6109.6000,23778,1,224407160.000,1,1,0,双开,S,6105.6000,6104.0000,6103.0000,6102.2000,6100.0000,6109.6000,6110.4000,6113.4000,6113.8000,6114.0000,1,2,1,1,2,1,2,1,1,2
SF,IC2103,2020-09-04 09:31:00.500,6109.6000,23778,0,224407160.000,0,-,-,-,-,6105.6000,6104.0000,6103.0000,6102.2000,6100.0000,6108.6000,6108.8000,6109.4000,6109.6000,6113.4000,1,2,1,1,2,2,2,2,1,1
SF,IC2103,2020-09-04 09:31:01.000,6109.6000,23778,0,224407160.000,0,-,-,-,-,6105.8000,6104.0000,6103.0000,6102.2000,6100.0000,6108.4000,6108.6000,6108.8000,6109.6000,6113.4000,1,2,1,1,2,1,2,2,1,1
SF,IC2103,2020-09-04 09:31:01.500,6105.8000,23777,-1,225628320.000,1,0,1,双平,S,6104.0000,6103.0000,6102.2000,6100.0000,6091.8000,6108.4000,6108.6000,6108.8000,6109.2000,6109.6000,2,1,1,2,1,1,2,2,1,1
SF,IC2103,2020-09-04 09:31:02.000,6105.8000,23777,0,225628320.000,0,-,-,-,-,6105.4000,6104.6000,6104.2000,6104.0000,6103.0000,6107.8000,6108.0000,6108.4000,6108.6000,6109.2000,1,1,2,2,1,2,1,1,2,1
SF,IC2103,2020-09-04 09:31:02.500,6105.8000,23777,0,225628320.000,0,-,-,-,-,6105.6000,6105.4000,6104.2000,6104.0000,6103.0000,6108.0000,6108.4000,6109.6000,6109.8000,6113.4000,2,1,1,2,1,1,1,1,1,1
SF,IC2103,2020-09-04 09:31:03.000,6105.4000,23776,-1,229291640.000,3,1,2,多平,S,6104.2000,6104.0000,6103.0000,6102.2000,6100.0000,6105.4000,6107.6000,6108.0000,6108.4000,6109.6000,1,2,1,1,2,1,2,1,1,1
SF,IC2103,2020-09-04 09:31:03.500,6105.4000,23776,0,234175960.000,4,2,2,多换,S,6104.0000,6103.0000,6102.2000,6100.0000,6091.8000,6105.4000,6107.6000,6108.0000,6108.4000,6109.6000,2,1,1,2,1,1,2,1,1,1
SF,IC2103,2020-09-04 09:31:04.000,6105.2000,23775,-1,237838600.000,3,1,2,多平,S,6103.0000,6102.2000,6100.0000,6091.8000,6090.0000,6105.4000,6107.6000,6108.0000,6108.4000,6109.6000,1,1,2,1,7,1,2,1,1,1
SF,IC2103,2020-09-04 09:31:04.500,6105.2000,23775,0,237838600.000,0,-,-,-,-,6103.0000,6102.2000,6100.0000,6091.8000,6090.0000,6105.2000,6105.4000,6108.0000,6109.6000,6109.8000,1,1,2,1,7,1,1,1,1,1
SF,IC2103,2020-09-04 09:31:05.000,6103.0000,23774,-1,239059200.000,1,0,1,双平,S,6102.2000,6100.0000,6091.8000,6090.0000,6089.4000,6105.2000,6105.4000,6108.0000,6109.6000,6109.8000,1,2,1,7,3,1,1,1,1,1
SF,IC2103,2020-09-04 09:31:05.500,6103.0000,23774,0,239059200.000,0,-,-,-,-,6102.2000,6100.0000,6091.8000,6090.0000,6089.4000,6105.2000,6105.4000,6108.0000,6109.6000,6109.8000,1,2,1,7,3,1,1,1,1,1
SF,IC2103,2020-09-04 09:31:06.000,6103.0000,23774,0,239059200.000,0,-,-,-,-,6102.2000,6100.0000,6091.8000,6090.0000,6089.4000,6105.0000,6105.2000,6105.4000,6109.6000,6109.8000,1,2,1,7,3,1,1,1,1,1
SF,IC2103,2020-09-04 09:31:06.500,6102.2000,23773,-1,240279640.000,1,0,1,双平,S,6100.0000,6091.8000,6090.0000,6089.4000,6088.8000,6104.8000,6105.0000,6105.4000,6109.6000,6109.8000,2,1,8,3,1,3,1,1,1,1
SF,IC2103,2020-09-04 09:31:07.000,6102.2000,23773,0,240279640.000,0,-,-,-,-,6100.6000,6100.2000,6100.0000,6091.8000,6090.0000,6102.2000,6104.8000,6105.0000,6105.4000,6109.6000,1,3,2,1,8,1,1,1,1,1
SF,IC2103,2020-09-04 09:31:07.500,6102.2000,23775,2,246381840.000,5,3,2,空开,S,6101.2000,6101.0000,6100.6000,6100.4000,6100.2000,6102.2000,6104.8000,6105.0000,6105.4000,6109.6000,1,1,2,2,2,6,1,1,1,1
SF,IC2103,2020-09-04 09:31:08.000,6102.2000,23775,0,251263600.000,4,2,2,多换,S,6101.4000,6101.0000,6100.8000,6100.6000,6100.2000,6102.2000,6104.8000,6105.0000,6105.4000,6109.6000,2,1,1,1,1,2,1,1,1,1
SF,IC2103,2020-09-04 09:31:08.500,6104.8000,23775,0,254925440.000,3,1,2,多换,S,6102.2000,6101.4000,6101.2000,6101.0000,6100.6000,6105.0000,6105.4000,6109.6000,6109.8000,6112.8000,1,2,1,1,1,1,1,1,1,1
SF,IC2103,2020-09-04 09:31:09.000,6104.8000,23775,0,256146400.000,1,0,1,多换,S,6102.2000,6101.4000,6101.0000,6100.6000,6100.2000,6105.0000,6105.4000,6109.6000,6109.8000,6112.8000,1,2,1,1,1,1,1,1,1,1
SF,IC2103,2020-09-04 09:31:09.500,6102.2000,23774,-1,257366840.000,1,0,1,双平,S,6101.4000,6101.0000,6100.6000,6100.2000,6100.0000,6104.8000,6105.0000,6105.4000,6109.6000,6109.8000,2,1,1,1,2,1,1,1,1,1
SF,IC2103,2020-09-04 09:31:10.000,6102.2000,23774,0,257366840.000,0,-,-,-,-,6102.4000,6102.2000,6101.6000,6101.4000,6101.0000,6104.8000,6105.0000,6109.6000,6109.8000,6112.8000,1,1,2,2,1,1,1,1,1,1
SF,IC2103,2020-09-04 09:31:10.500,6102.2000,23774,0,257366840.000,0,-,-,-,-,6102.2000,6101.6000,6101.4000,6101.0000,6100.6000,6104.8000,6105.0000,6109.6000,6109.8000,6112.8000,1,1,2,1,1,1,1,1,1,1
SF,IC2103,2020-09-04 09:31:11.500,6102.2000,23774,0,257366840.000,0,-,-,-,-,6102.4000,6102.2000,6101.6000,6101.4000,6101.0000,6104.8000,6105.0000,6109.6000,6109.8000,6112.8000,1,1,1,2,1,1,1,1,1,1
SF,IC2103,2020-09-04 09:31:12.000,6102.2000,23774,0,257366840.000,0,-,-,-,-,6103.0000,6102.4000,6102.2000,6101.4000,6101.0000,6104.8000,6105.0000,6109.6000,6109.8000,6112.8000,1,1,1,2,1,1,1,1,1,1
SF,IC2103,2020-09-04 09:31:12.500,6102.2000,23774,0,257366840.000,0,-,-,-,-,6103.0000,6102.2000,6101.4000,6101.0000,6100.6000,6104.4000,6109.6000,6109.8000,6112.8000,6113.0000,1,1,2,1,1,1,1,2,1,1
SF,IC2103,2020-09-04 09:31:13.000,6102.6000,23774,0,258587360.000,1,0,1,多换,S,6102.2000,6101.4000,6101.0000,6100.6000,6100.2000,6102.6000,6102.8000,6104.4000,6109.6000,6109.8000,1,2,1,1,1,1,1,1,1,2
SF,IC2103,2020-09-04 09:31:13.500,6102.6000,23773,-1,259807880.000,1,0,1,双平,S,6102.6000,6102.2000,6101.4000,6101.0000,6100.6000,6103.0000,6104.4000,6109.6000,6109.8000,6112.8000,1,1,2,1,1,1,1,1,2,1
SF,IC2103,2020-09-04 09:31:14.000,6102.2000,23772,-1,262248840.000,2,0,2,多平,S,6101.4000,6101.0000,6100.6000,6100.2000,6100.0000,6102.6000,6103.0000,6104.4000,6109.6000,6109.8000,2,1,1,1,2,1,1,1,1,2
SF,IC2103,2020-09-04 09:31:14.500,6102.6000,23771,-1,263469360.000,1,0,1,双平,S,6101.4000,6101.0000,6100.6000,6100.2000,6100.0000,6104.4000,6109.6000,6109.8000,6112.8000,6113.0000,2,1,1,1,2,1,1,2,1,1
SF,IC2103,2020-09-04 09:31:15.000,6101.6000,23771,0,264689680.000,1,0,1,多换,S,6101.4000,6101.0000,6100.6000,6100.2000,6100.0000,6104.4000,6109.6000,6109.8000,6112.8000,6113.0000,2,1,1,1,2,1,1,2,1,1
SF,IC2103,2020-09-04 09:31:15.500,6101.6000,23771,0,264689680.000,0,-,-,-,-,6101.4000,6101.0000,6100.6000,6100.2000,6100.0000,6104.2000,6104.4000,6109.6000,6109.8000,6112.8000,2,1,1,1,2,1,1,1,2,1
SF,IC2103,2020-09-04 09:31:16.000,6101.6000,23771,0,264689680.000,0,-,-,-,-,6101.4000,6101.0000,6100.6000,6100.2000,6100.0000,6104.2000,6104.4000,6109.6000,6109.8000,6112.8000,2,1,2,1,2,1,1,1,2,1
SF,IC2103,2020-09-04 09:31:16.500,6101.4000,23770,-1,267130240.000,2,0,2,多平,S,6101.0000,6100.6000,6100.2000,6100.0000,6091.8000,6104.0000,6104.2000,6109.6000,6109.8000,6112.8000,1,2,1,2,1,2,1,1,2,1
SF,IC2103,2020-09-04 09:31:17.000,6101.0000,23770,0,268350440.000,1,0,1,多换,S,6100.6000,6100.2000,6100.0000,6091.8000,6090.0000,6101.4000,6104.0000,6109.6000,6109.8000,6112.8000,2,1,2,1,10,4,1,1,2,1
SF,IC2103,2020-09-04 09:31:17.500,6101.4000,23771,1,270791000.000,2,1,1,空开,S,6100.6000,6100.2000,6100.0000,6091.8000,6090.0000,6101.4000,6103.8000,6104.0000,6109.6000,6109.8000,2,1,2,1,10,2,1,1,1,2
SF,IC2103,2020-09-04 09:31:18.000,6104.0000,23771,0,274452360.000,3,1,2,多换,S,6101.4000,6100.6000,6100.2000,6100.0000,6091.8000,6109.6000,6109.8000,6112.8000,6113.0000,6113.4000,1,2,1,2,1,1,2,1,1,1
SF,IC2103,2020-09-04 09:31:18.500,6101.4000,23770,-1,275672640.000,1,0,1,双平,S,6101.6000,6100.6000,6100.2000,6100.0000,6091.8000,6108.8000,6109.0000,6109.4000,6109.6000,6109.8000,1,2,1,2,1,2,3,5,2,2
SF,IC2103,2020-09-04 09:31:19.000,6101.4000,23770,0,275672640.000,0,-,-,-,-,6101.6000,6100.6000,6100.2000,6100.0000,6091.8000,6105.8000,6108.2000,6108.6000,6108.8000,6109.0000,1,2,1,2,1,2,5,2,2,1
SF,IC2103,2020-09-04 09:31:19.500,6101.6000,23769,-1,276892960.000,1,0,1,双平,S,6100.6000,6100.2000,6100.0000,6091.8000,6090.0000,6105.2000,6105.6000,6108.0000,6108.2000,6108.6000,2,1,2,1,10,2,2,1,1,2
SF,IC2103,2020-09-04 09:31:20.000,6101.6000,23769,0,276892960.000,0,-,-,-,-,6100.6000,6100.2000,6100.0000,6091.8000,6090.0000,6103.8000,6105.0000,6105.2000,6105.6000,6108.0000,2,1,2,1,10,2,1,2,1,1
SF,IC2103,2020-09-04 09:31:20.500,6101.6000,23769,0,276892960.000,0,-,-,-,-,6100.6000,6100.0000,6091.8000,6090.0000,6089.4000,6103.4000,6103.6000,6103.8000,6105.0000,6105.2000,2,2,1,10,3,2,1,2,1,2
SF,IC2103,2020-09-04 09:31:21.000,6101.6000,23769,0,276892960.000,0,-,-,-,-,6101.6000,6100.8000,6100.6000,6100.0000,6091.8000,6103.8000,6105.0000,6105.2000,6108.2000,6108.6000,1,1,2,2,1,2,1,2,1,1
SF,IC2103,2020-09-04 09:31:21.500,6101.6000,23769,0,276892960.000,0,-,-,-,-,6101.6000,6100.6000,6100.0000,6091.8000,6090.0000,6103.6000,6103.8000,6105.0000,6108.6000,6109.0000,1,2,2,1,10,1,2,1,1,2
SF,IC2103,2020-09-04 09:31:22.000,6101.6000,23768,-1,278113280.000,1,0,1,双平,S,6100.6000,6100.0000,6091.8000,6090.0000,6089.4000,6103.6000,6103.8000,6105.0000,6108.6000,6109.0000,1,2,1,10,3,2,2,1,1,2
SF,IC2103,2020-09-04 09:31:22.500,6101.6000,23768,0,278113280.000,0,-,-,-,-,6100.6000,6100.0000,6091.8000,6090.0000,6089.4000,6103.6000,6103.8000,6105.0000,6108.6000,6109.0000,1,2,1,10,3,1,2,1,1,2
SF,IC2103,2020-09-04 09:31:23.000,6101.6000,23768,0,278113280.000,0,-,-,-,-,6100.8000,6100.6000,6100.0000,6091.8000,6090.0000,6103.6000,6103.8000,6105.0000,6108.6000,6109.0000,2,1,2,1,10,1,2,1,1,2
SF,IC2103,2020-09-04 09:31:23.500,6103.6000,23768,0,279334000.000,1,0,1,多换,S,6100.8000,6100.6000,6100.0000,6091.8000,6090.0000,6103.8000,6105.0000,6108.6000,6109.0000,6109.4000,1,1,2,1,10,2,1,1,2,1
SF,IC2103,2020-09-04 09:31:24.000,6103.6000,23768,0,279334000.000,0,-,-,-,-,6100.8000,6100.6000,6100.0000,6091.8000,6090.0000,6103.4000,6103.8000,6105.0000,6108.6000,6109.0000,1,1,2,1,10,3,2,1,1,2
SF,IC2103,2020-09-04 09:31:24.500,6103.6000,23768,0,281775440.000,2,1,1,多换,S,6100.8000,6100.6000,6100.0000,6091.8000,6090.0000,6103.8000,6105.0000,6108.6000,6109.0000,6109.4000,1,1,2,1,10,2,1,1,2,1
SF,IC2103,2020-09-04 09:31:25.000,6103.6000,23768,0,281775440.000,0,-,-,-,-,6100.8000,6100.6000,6100.0000,6091.8000,6090.0000,6103.8000,6105.0000,6108.6000,6109.0000,6109.4000,1,1,2,1,10,2,1,1,2,1
SF,IC2103,2020-09-04 09:31:26.000,6103.8000,23768,0,282996200.000,1,0,1,多换,S,6101.0000,6100.8000,6100.6000,6100.0000,6091.8000,6103.8000,6105.0000,6108.6000,6109.0000,6109.4000,1,1,1,2,1,1,1,1,2,1
SF,IC2103,2020-09-04 09:31:26.500,6103.8000,23768,0,282996200.000,0,-,-,-,-,6101.0000,6100.8000,6100.6000,6100.0000,6091.8000,6103.0000,6103.4000,6103.8000,6105.0000,6108.6000,1,1,1,2,1,1,1,1,1,1
SF,IC2103,2020-09-04 09:31:27.000,6103.0000,23767,-1,284216800.000,1,0,1,双平,S,6100.8000,6100.6000,6100.0000,6091.8000,6090.0000,6103.4000,6103.8000,6105.0000,6108.6000,6109.0000,1,1,2,1,10,1,1,1,1,2
SF,IC2103,2020-09-04 09:31:27.500,6103.0000,23767,0,284216800.000,0,-,-,-,-,6100.8000,6100.6000,6100.0000,6091.8000,6090.0000,6103.8000,6105.0000,6108.6000,6109.0000,6109.4000,1,1,2,1,10,1,1,1,1,1
SF,IC2103,2020-09-04 09:31:28.500,6103.0000,23767,0,284216800.000,0,-,-,-,-,6101.0000,6100.8000,6100.6000,6100.0000,6091.8000,6103.8000,6105.0000,6108.6000,6109.0000,6109.4000,1,1,1,2,1,1,1,1,1,1
SF,IC2103,2020-09-04 09:31:29.000,6103.0000,23767,0,284216800.000,0,-,-,-,-,6100.8000,6100.6000,6100.0000,6091.8000,6090.0000,6103.8000,6108.6000,6109.0000,6109.4000,6109.6000,1,1,2,1,10,1,1,1,1,1
SF,IC2103,2020-09-04 09:31:30.000,6103.0000,23767,0,284216800.000,0,-,-,-,-,6102.4000,6101.6000,6101.2000,6101.0000,6100.8000,6103.8000,6108.6000,6109.0000,6109.4000,6109.6000,1,3,2,1,1,1,1,1,1,1
SF,IC2103,2020-09-04 09:31:30.500,6103.8000,23767,0,285437560.000,1,0,1,多换,S,6101.0000,6100.8000,6100.6000,6100.0000,6091.8000,6108.6000,6109.0000,6109.4000,6109.6000,6109.8000,1,1,1,3,1,1,1,1,1,2
SF,IC2103,2020-09-04 09:31:31.000,6102.6000,23767,0,286658080.000,1,0,1,多换,S,6101.6000,6101.2000,6100.8000,6100.6000,6100.0000,6106.0000,6108.0000,6108.2000,6108.4000,6108.6000,1,2,1,1,3,2,2,1,1,1
SF,IC2103,2020-09-04 09:31:31.500,6102.6000,23767,0,286658080.000,0,-,-,-,-,6103.8000,6103.4000,6101.8000,6100.8000,6100.6000,6105.4000,6108.2000,6108.4000,6108.6000,6109.0000,1,1,2,1,1,2,1,1,1,1
SF,IC2103,2020-09-04 09:31:32.000,6103.4000,23767,0,289099520.000,2,1,1,多换,S,6101.8000,6101.6000,6100.8000,6100.6000,6100.0000,6105.2000,6108.2000,6108.6000,6109.0000,6109.4000,2,1,1,1,3,1,1,1,1,1
SF,IC2103,2020-09-04 09:31:32.500,6103.4000,23767,0,289099520.000,0,-,-,-,-,6101.8000,6100.8000,6100.6000,6100.0000,6099.6000,6103.8000,6105.0000,6105.2000,6108.2000,6108.6000,2,1,1,3,2,3,1,2,1,1
SF,IC2103,2020-09-04 09:31:33.000,6103.8000,23766,-1,290320280.000,1,0,1,双平,S,6101.8000,6100.8000,6100.6000,6100.0000,6099.6000,6105.0000,6105.2000,6108.2000,6108.6000,6109.0000,1,1,1,3,2,1,1,1,1,1
SF,IC2103,2020-09-04 09:31:33.500,6103.8000,23766,0,290320280.000,0,-,-,-,-,6101.8000,6100.8000,6100.6000,6100.0000,6099.6000,6103.6000,6104.4000,6104.8000,6105.0000,6108.2000,1,1,1,3,2,1,2,2,1,1
SF,IC2103,2020-09-04 09:31:34.000,6103.8000,23766,0,290320280.000,0,-,-,-,-,6101.8000,6100.8000,6100.6000,6100.0000,6099.6000,6104.8000,6105.0000,6108.2000,6108.6000,6109.0000,1,1,1,3,2,2,1,1,1,1
SF,IC2103,2020-09-04 09:31:34.500,6103.8000,23766,0,290320280.000,0,-,-,-,-,6101.8000,6100.8000,6100.6000,6100.0000,6099.6000,6104.4000,6104.8000,6105.0000,6108.2000,6108.6000,1,1,1,3,2,2,1,1,1,1
SF,IC2103,2020-09-04 09:31:35.000,6103.8000,23766,0,290320280.000,0,-,-,-,-,6101.8000,6100.8000,6100.6000,6100.0000,6099.6000,6104.4000,6105.0000,6108.2000,6108.6000,6109.0000,1,1,1,3,2,2,1,1,1,1
SF,IC2103,2020-09-04 09:31:35.500,6103.8000,23766,0,290320280.000,0,-,-,-,-,6101.8000,6101.4000,6100.8000,6100.6000,6100.0000,6104.4000,6108.2000,6108.6000,6109.0000,6109.4000,1,2,1,1,3,1,1,1,1,1
SF,IC2103,2020-09-04 09:31:36.000,6103.8000,23766,0,290320280.000,0,-,-,-,-,6101.8000,6101.4000,6100.8000,6100.6000,6100.0000,6104.2000,6104.4000,6108.2000,6108.6000,6109.0000,1,2,1,1,3,1,1,1,1,1
SF,IC2103,2020-09-04 09:31:36.500,6103.8000,23766,0,290320280.000,0,-,-,-,-,6101.8000,6101.4000,6100.8000,6100.6000,6100.0000,6104.2000,6104.4000,6108.2000,6108.6000,6109.0000,1,2,1,1,3,2,1,1,1,1
SF,IC2103,2020-09-04 09:31:37.000,6103.8000,23766,0,290320280.000,0,-,-,-,-,6101.4000,6100.8000,6100.6000,6100.0000,6099.6000,6104.2000,6104.4000,6108.2000,6108.6000,6109.0000,2,1,1,3,2,1,1,1,1,1
SF,IC2103,2020-09-04 09:31:37.500,6103.8000,23766,0,290320280.000,0,-,-,-,-,6101.4000,6100.8000,6100.6000,6100.0000,6099.6000,6104.0000,6104.2000,6108.2000,6108.6000,6109.0000,2,1,1,3,2,2,1,1,1,1
SF,IC2103,2020-09-04 09:31:38.000,6103.8000,23766,0,290320280.000,0,-,-,-,-,6101.6000,6101.4000,6100.8000,6100.6000,6100.0000,6104.0000,6104.2000,6108.2000,6108.6000,6109.0000,1,2,1,1,3,1,1,1,1,1
SF,IC2103,2020-09-04 09:31:38.500,6103.8000,23766,0,290320280.000,0,-,-,-,-,6101.6000,6101.4000,6100.8000,6100.6000,6100.0000,6103.6000,6103.8000,6104.0000,6104.2000,6108.2000,1,2,1,1,3,2,1,1,1,1
SF,IC2103,2020-09-04 09:31:39.000,6103.8000,23766,0,290320280.000,0,-,-,-,-,6101.6000,6101.4000,6100.8000,6100.6000,6100.0000,6104.0000,6104.2000,6108.2000,6108.6000,6109.0000,1,2,1,1,8,1,1,1,1,1
SF,IC2103,2020-09-04 09:31:39.500,6103.8000,23766,0,290320280.000,0,-,-,-,-,6102.2000,6101.6000,6101.4000,6100.8000,6100.6000,6103.0000,6104.0000,6108.2000,6108.6000,6109.0000,1,1,2,1,1,2,1,1,1,1
SF,IC2103,2020-09-04 09:31:40.000,6103.8000,23766,0,290320280.000,0,-,-,-,-,6102.2000,6101.6000,6101.4000,6100.8000,6100.6000,6103.8000,6104.0000,6108.2000,6108.6000,6109.0000,1,1,2,1,1,1,1,1,1,1
SF,IC2103,2020-09-04 09:31:40.500,6103.8000,23766,0,290320280.000,0,-,-,-,-,6102.2000,6101.6000,6101.4000,6100.8000,6100.6000,6104.0000,6108.2000,6108.6000,6109.0000,6109.4000,1,1,2,1,1,1,1,1,1,1
SF,IC2103,2020-09-04 09:31:41.000,6102.2000,23765,-1,291540720.000,1,0,1,双平,S,6101.6000,6101.4000,6100.8000,6100.6000,6100.0000,6103.6000,6104.0000,6108.2000,6108.6000,6109.0000,1,2,1,1,8,1,1,1,1,1
SF,IC2103,2020-09-04 09:31:41.500,6102.2000,23765,0,291540720.000,0,-,-,-,-,6101.6000,6101.4000,6100.8000,6100.6000,6100.0000,6104.0000,6108.2000,6108.6000,6109.0000,6109.4000,1,2,1,1,8,1,1,1,1,1
SF,IC2103,2020-09-04 09:31:42.000,6103.4000,23764,-1,292761400.000,1,0,1,双平,S,6101.8000,6101.6000,6101.4000,6100.8000,6100.6000,6104.0000,6108.2000,6108.6000,6109.0000,6109.4000,1,1,2,1,1,1,1,1,1,1
SF,IC2103,2020-09-04 09:31:42.500,6103.4000,23764,0,292761400.000,0,-,-,-,-,6101.8000,6101.6000,6101.4000,6100.8000,6100.6000,6104.0000,6108.2000,6108.6000,6109.0000,6109.4000,1,1,2,1,1,1,1,1,1,1
SF,IC2103,2020-09-04 09:31:43.000,6103.4000,23765,1,293982080.000,1,1,0,双开,S,6102.0000,6101.8000,6101.6000,6101.4000,6100.8000,6103.4000,6104.0000,6108.2000,6108.6000,6109.0000,1,1,2,2,1,1,1,1,1,1
SF,IC2103,2020-09-04 09:31:43.500,6101.4000,23764,-1,300083760.000,5,2,3,多平,S,6101.4000,6100.8000,6100.6000,6100.0000,6099.6000,6102.0000,6103.8000,6104.0000,6108.2000,6108.6000,1,1,1,9,2,1,2,1,1,1
SF,IC2103,2020-09-04 09:31:44.000,6101.6000,23763,-1,304964800.000,4,1,3,多平,S,6100.6000,6100.0000,6099.6000,6091.8000,6090.0000,6102.0000,6103.2000,6103.8000,6104.0000,6108.2000,1,9,2,1,10,1,1,1,1,1
SF,IC2103,2020-09-04 09:31:44.500,6100.6000,23762,-1,306184920.000,1,0,1,双平,S,6100.0000,6099.6000,6091.8000,6090.0000,6088.8000,6100.6000,6101.8000,6102.0000,6103.2000,6103.8000,9,2,1,10,1,1,3,1,1,1
SF,IC2103,2020-09-04 09:31:45.000,6100.0000,23762,0,309844920.000,3,1,2,多换,S,6100.0000,6099.6000,6091.8000,6090.0000,6088.8000,6101.8000,6102.0000,6104.0000,6108.2000,6108.6000,6,2,1,10,1,4,1,1,1,1
SF,IC2103,2020-09-04 09:31:45.500,6100.0000,23762,0,309844920.000,0,-,-,-,-,6100.0000,6099.6000,6091.8000,6090.0000,6088.8000,6101.4000,6101.8000,6102.0000,6103.2000,6104.0000,7,2,1,10,1,1,4,1,1,1
SF,IC2103,2020-09-04 09:31:46.000,6100.0000,23762,0,311064920.000,1,0,1,多换,S,6100.0000,6099.6000,6091.8000,6090.0000,6088.8000,6100.8000,6101.0000,6101.2000,6101.4000,6101.6000,6,2,1,10,1,1,1,1,1,1
SF,IC2103,2020-09-04 09:31:46.500,6100.0000,23762,0,312284920.000,1,0,1,多换,S,6100.0000,6099.6000,6091.8000,6090.0000,6088.8000,6100.6000,6100.8000,6101.2000,6101.4000,6102.0000,5,2,1,10,1,1,1,2,1,1
SF,IC2103,2020-09-04 09:31:47.000,6100.0000,23762,0,318384920.000,5,2,3,多换,S,6099.6000,6091.8000,6090.0000,6088.8000,6088.0000,6100.4000,6100.6000,6101.2000,6101.4000,6102.0000,2,1,10,1,3,1,1,2,1,1
SF,IC2103,2020-09-04 09:31:47.500,6099.6000,23762,0,322044680.000,3,1,2,多换,S,6091.8000,6090.0000,6088.8000,6088.0000,6086.0000,6100.0000,6100.4000,6101.4000,6102.0000,6108.2000,1,10,1,3,2,1,1,1,1,1
SF,IC2103,2020-09-04 09:31:48.000,6099.6000,23762,0,322044680.000,0,-,-,-,-,6096.2000,6096.0000,6095.8000,6095.6000,6095.2000,6099.6000,6100.0000,6101.4000,6102.0000,6108.2000,1,2,1,1,1,1,1,1,1,1
SF,IC2103,2020-09-04 09:31:48.500,6099.6000,23762,0,322044680.000,0,-,-,-,-,6096.6000,6096.4000,6096.2000,6096.0000,6095.8000,6101.4000,6108.2000,6108.6000,6109.0000,6109.4000,3,1,1,1,1,1,1,1,1,1
SF,IC2103,2020-09-04 09:31:49.000,6099.6000,23762,0,322044680.000,0,-,-,-,-,6096.8000,6096.6000,6096.2000,6096.0000,6095.8000,6099.8000,6101.2000,6101.4000,6108.2000,6108.6000,2,3,1,1,1,1,3,1,1,1
SF,IC2103,2020-09-04 09:31:49.500,6097.2000,23761,-1,323264120.000,1,0,1,双平,S,6096.8000,6096.6000,6096.0000,6095.8000,6095.6000,6099.8000,6101.2000,6101.4000,6108.2000,6108.6000,1,3,1,1,1,1,3,1,1,1
SF,IC2103,2020-09-04 09:31:50.000,6097.2000,23761,0,323264120.000,0,-,-,-,-,6097.2000,6096.8000,6096.6000,6096.0000,6095.8000,6099.6000,6099.8000,6101.2000,6101.4000,6108.2000,1,1,1,1,1,1,1,1,1,1
SF,IC2103,2020-09-04 09:31:50.500,6097.2000,23761,0,323264120.000,0,-,-,-,-,6097.4000,6097.2000,6096.6000,6096.0000,6095.8000,6099.6000,6099.8000,6101.2000,6101.4000,6108.2000,1,1,1,1,1,1,1,1,1,1
SF,IC2103,2020-09-04 09:31:51.000,6099.8000,23761,0,326923440.000,3,1,2,多换,S,6099.8000,6097.4000,6097.2000,6096.6000,6096.0000,6101.2000,6101.4000,6106.2000,6108.2000,6108.6000,3,2,1,1,1,1,1,1,1,1
SF,IC2103,2020-09-04 09:31:51.500,6099.8000,23761,0,330583320.000,3,1,2,多换,S,6097.8000,6097.2000,6096.0000,6095.8000,6095.6000,6101.0000,6101.4000,6106.2000,6108.2000,6108.6000,1,1,1,1,1,1,1,1,1,1
SF,IC2103,2020-09-04 09:31:52.000,6099.8000,23760,-1,331803280.000,1,0,1,双平,S,6099.2000,6098.4000,6098.0000,6097.8000,6097.2000,6101.0000,6101.4000,6106.2000,6108.2000,6108.6000,1,2,1,1,1,1,1,1,1,1
SF,IC2103,2020-09-04 09:31:52.500,6098.0000,23758,-2,334243080.000,2,0,2,双平,S,6097.8000,6097.2000,6095.8000,6095.2000,6094.4000,6101.4000,6106.2000,6108.2000,6108.6000,6109.0000,1,1,1,1,2,1,1,1,1,1
SF,IC2103,2020-09-04 09:31:53.000,6098.0000,23758,0,334243080.000,0,-,-,-,-,6098.0000,6097.8000,6097.2000,6095.8000,6095.2000,6100.8000,6101.2000,6101.4000,6106.2000,6108.2000,1,1,1,1,1,1,1,1,1,1
SF,IC2103,2020-09-04 09:31:53.500,6098.0000,23758,0,334243080.000,0,-,-,-,-,6098.0000,6097.8000,6097.2000,6095.8000,6095.2000,6100.2000,6100.6000,6101.0000,6101.2000,6101.4000,1,1,1,1,1,2,1,1,1,1
SF,IC2103,2020-09-04 09:31:54.000,6098.0000,23758,0,334243080.000,0,-,-,-,-,6097.8000,6097.2000,6095.8000,6095.2000,6094.4000,6100.0000,6100.2000,6100.4000,6101.0000,6101.2000,1,1,1,1,2,1,2,1,1,1
SF,IC2103,2020-09-04 09:31:54.500,6098.0000,23758,0,334243080.000,0,-,-,-,-,6097.8000,6097.2000,6095.8000,6095.2000,6094.4000,6100.0000,6100.2000,6100.4000,6101.0000,6101.2000,1,1,1,1,2,1,2,1,1,1
SF,IC2103,2020-09-04 09:31:55.000,6098.0000,23758,0,334243080.000,0,-,-,-,-,6097.8000,6097.2000,6095.8000,6095.2000,6094.4000,6099.8000,6100.0000,6100.2000,6100.4000,6101.0000,1,1,1,1,2,1,1,2,1,1
SF,IC2103,2020-09-04 09:31:55.500,6098.0000,23758,0,334243080.000,0,-,-,-,-,6097.8000,6097.2000,6095.8000,6095.2000,6094.4000,6100.0000,6100.2000,6100.4000,6101.0000,6101.2000,1,1,1,1,2,1,2,1,1,1
SF,IC2103,2020-09-04 09:31:56.000,6098.0000,23758,0,334243080.000,0,-,-,-,-,6097.8000,6097.2000,6095.8000,6095.2000,6094.4000,6100.0000,6100.4000,6101.0000,6101.2000,6101.4000,1,1,1,1,2,1,1,1,1,1
SF,IC2103,2020-09-04 09:31:56.500,6098.0000,23757,-1,335462680.000,1,0,1,双平,S,6097.8000,6097.2000,6095.8000,6095.2000,6094.4000,6100.0000,6101.2000,6101.4000,6106.2000,6108.2000,1,1,1,1,2,1,1,1,1,1
SF,IC2103,2020-09-04 09:31:57.000,6099.8000,23757,0,336682640.000,1,0,1,多换,S,6097.8000,6097.2000,6095.8000,6095.2000,6094.4000,6100.0000,6101.4000,6108.2000,6108.6000,6109.0000,1,1,1,1,2,1,1,1,1,1
SF,IC2103,2020-09-04 09:31:57.500,6099.8000,23757,0,336682640.000,0,-,-,-,-,6097.8000,6097.2000,6095.8000,6095.2000,6094.4000,6099.0000,6099.8000,6100.0000,6101.4000,6108.2000,1,1,1,1,2,2,1,1,1,1
SF,IC2103,2020-09-04 09:31:58.000,6099.8000,23757,0,336682640.000,0,-,-,-,-,6097.2000,6095.8000,6095.2000,6094.4000,6092.2000,6097.8000,6098.8000,6099.0000,6101.4000,6108.2000,1,1,1,2,1,1,1,2,1,1
SF,IC2103,2020-09-04 09:31:58.500,6097.8000,23756,-1,337902200.000,1,0,1,双平,S,6097.2000,6095.8000,6095.2000,6094.4000,6092.2000,6098.8000,6101.4000,6108.2000,6108.6000,6109.0000,1,1,1,2,1,1,1,1,1,1
SF,IC2103,2020-09-04 09:31:59.000,6098.8000,23755,-1,339121960.000,1,0,1,双平,S,6099.2000,6097.2000,6095.8000,6095.2000,6094.4000,6101.4000,6108.2000,6108.6000,6109.0000,6109.4000,1,1,1,1,2,1,1,1,1,1
SF,IC2103,2020-09-04 09:31:59.500,6097.8000,23754,-1,341561280.000,2,0,2,多平,S,6095.8000,6095.2000,6094.4000,6092.2000,6091.8000,6099.0000,6099.2000,6099.8000,6100.6000,6100.8000,1,1,2,1,1,1,2,2,2,2
SF,IC2103,2020-09-04 09:32:00.000,6098.6000,23754,0,342781000.000,1,0,1,多换,S,6096.0000,6095.2000,6094.4000,6092.2000,6091.8000,6098.8000,6099.0000,6099.2000,6099.8000,6100.6000,1,1,2,1,1,1,1,2,2,2
SF,IC2103,2020-09-04 09:32:00.500,6098.6000,23754,0,342781000.000,0,-,-,-,-,6096.0000,6094.4000,6092.2000,6091.8000,6090.0000,6098.6000,6098.8000,6099.0000,6099.2000,6099.8000,1,2,1,1,15,2,2,1,2,2
SF,IC2103,2020-09-04 09:32:01.000,6098.6000,23751,-3,348879680.000,5,1,4,多平,S,6098.0000,6096.6000,6096.4000,6096.2000,6096.0000,6098.4000,6099.0000,6099.2000,6100.8000,6101.2000,2,1,1,1,1,1,1,2,1,1
SF,IC2103,2020-09-04 09:32:01.500,6098.6000,23751,0,350099400.000,1,0,1,多换,S,6098.4000,6098.0000,6096.4000,6096.2000,6096.0000,6099.0000,6099.2000,6100.8000,6101.2000,6101.4000,2,2,1,1,2,1,1,1,1,1
SF,IC2103,2020-09-04 09:32:02.000,6099.0000,23750,-1,351319200.000,1,0,1,双平,S,6098.4000,6098.0000,6097.8000,6096.4000,6096.2000,6099.2000,6101.4000,6108.2000,6108.6000,6109.0000,1,2,1,1,1,1,1,1,1,1
SF,IC2103,2020-09-04 09:32:02.500,6099.0000,23750,0,351319200.000,0,-,-,-,-,6098.4000,6098.0000,6097.8000,6096.4000,6096.2000,6099.2000,6101.4000,6108.2000,6108.6000,6109.0000,1,2,1,1,1,1,1,1,1,1
SF,IC2103,2020-09-04 09:32:03.000,6099.0000,23750,0,351319200.000,0,-,-,-,-,6098.4000,6098.0000,6097.8000,6096.4000,6094.4000,6099.0000,6099.2000,6101.4000,6108.2000,6108.6000,1,2,1,1,2,1,1,1,1,1
SF,IC2103,2020-09-04 09:32:03.500,6097.8000,23747,-3,356197640.000,4,0,4,多平,S,6096.4000,6094.4000,6092.2000,6091.8000,6090.0000,6097.8000,6098.4000,6099.2000,6101.4000,6108.2000,1,2,1,1,15,1,2,1,1,1
SF,IC2103,2020-09-04 09:32:04.000,6097.6000,23745,-2,358636480.000,2,0,2,双平,S,6096.4000,6094.4000,6092.2000,6091.8000,6090.0000,6097.6000,6097.8000,6099.2000,6101.4000,6108.2000,1,2,1,1,15,1,1,1,1,1
SF,IC2103,2020-09-04 09:32:04.500,6096.4000,23744,-1,359855760.000,1,0,1,双平,S,6094.4000,6092.2000,6091.8000,6090.0000,6088.8000,6096.4000,6097.2000,6097.4000,6097.6000,6097.8000,2,1,1,15,1,1,2,1,1,1
SF,IC2103,2020-09-04 09:32:05.000,6092.2000,23743,-1,362293080.000,2,0,2,多平,S,6091.8000,6090.0000,6088.8000,6088.0000,6086.0000,6094.4000,6097.2000,6097.4000,6097.6000,6097.8000,1,15,1,3,2,2,2,2,1,1
SF,IC2103,2020-09-04 09:32:05.500,6097.2000,23744,1,364731400.000,2,1,1,空开,S,6093.0000,6092.8000,6092.4000,6092.0000,6091.8000,6097.2000,6097.4000,6098.4000,6101.4000,6108.2000,1,2,1,2,1,1,1,1,1,1
SF,IC2103,2020-09-04 09:32:06.000,6097.2000,23744,0,364731400.000,0,-,-,-,-,6093.4000,6093.2000,6092.8000,6092.4000,6091.8000,6097.0000,6097.2000,6098.4000,6101.4000,6108.2000,2,1,2,2,1,1,1,1,1,1
SF,IC2103,2020-09-04 09:32:06.500,6097.2000,23744,0,364731400.000,0,-,-,-,-,6093.6000,6093.4000,6092.8000,6092.4000,6091.8000,6096.6000,6096.8000,6097.0000,6098.4000,6100.0000,1,2,2,2,1,2,1,1,1,10
SF,IC2103,2020-09-04 09:32:07.000,6097.2000,23744,0,364731400.000,0,-,-,-,-,6094.0000,6093.6000,6093.4000,6092.8000,6091.8000,6096.4000,6096.6000,6096.8000,6097.0000,6098.4000,1,1,1,2,1,1,2,1,1,1
SF,IC2103,2020-09-04 09:32:07.500,6093.6000,23743,-1,365950120.000,1,0,1,双平,S,6091.8000,6090.0000,6088.8000,6088.0000,6086.0000,6096.0000,6096.2000,6096.4000,6096.6000,6096.8000,1,10,1,3,2,2,1,1,2,1
SF,IC2103,2020-09-04 09:32:08.000,6093.6000,23743,0,365950120.000,0,-,-,-,-,6092.8000,6092.0000,6091.8000,6090.0000,6088.8000,6095.6000,6095.8000,6096.0000,6096.6000,6096.8000,2,1,1,10,1,1,1,2,1,1
SF,IC2103,2020-09-04 09:32:08.500,6093.6000,23743,0,365950120.000,0,-,-,-,-,6091.8000,6090.0000,6088.8000,6088.0000,6086.0000,6095.4000,6095.6000,6096.0000,6096.6000,6096.8000,1,10,1,3,2,2,2,2,1,1
SF,IC2103,2020-09-04 09:32:09.000,6093.6000,23743,0,365950120.000,0,-,-,-,-,6093.2000,6093.0000,6092.8000,6092.0000,6091.8000,6095.2000,6095.4000,6095.6000,6096.6000,6096.8000,1,2,2,1,1,1,2,2,1,1
SF,IC2103,2020-09-04 09:32:09.500,6094.8000,23742,-1,367169080.000,1,0,1,双平,S,6092.0000,6091.8000,6090.0000,6088.8000,6088.0000,6095.0000,6096.6000,6096.8000,6098.4000,6100.0000,1,1,10,1,3,2,1,1,1,10
SF,IC2103,2020-09-04 09:32:10.000,6095.0000,23741,-1,368388080.000,1,0,1,双平,S,6093.4000,6092.0000,6091.8000,6090.0000,6088.8000,6096.6000,6096.8000,6098.4000,6100.0000,6101.4000,1,1,1,10,1,1,1,1,10,1
SF,IC2103,2020-09-04 09:32:10.500,6095.0000,23741,0,368388080.000,0,-,-,-,-,6092.0000,6091.8000,6090.0000,6088.8000,6088.0000,6094.8000,6095.6000,6096.0000,6096.4000,6096.6000,1,1,10,1,3,1,2,2,1,1
SF,IC2103,2020-09-04 09:32:11.000,6092.0000,23741,0,369606480.000,1,0,1,多换,S,6091.8000,6090.0000,6088.8000,6088.0000,6086.0000,6094.6000,6096.0000,6096.4000,6096.6000,6096.8000,1,10,1,3,2,1,1,1,1,1
SF,IC2103,2020-09-04 09:32:11.500,6092.0000,23741,0,369606480.000,0,-,-,-,-,6092.0000,6091.8000,6090.0000,6088.8000,6088.0000,6096.0000,6096.8000,6098.4000,6100.0000,6101.4000,1,1,10,1,3,1,1,1,10,1
SF,IC2103,2020-09-04 09:32:12.000,6092.0000,23741,0,369606480.000,0,-,-,-,-,6091.8000,6090.0000,6088.8000,6088.0000,6086.0000,6094.0000,6094.8000,6095.4000,6095.8000,6096.0000,1,10,1,3,2,1,1,1,2,1
SF,IC2103,2020-09-04 09:32:12.500,6092.0000,23741,0,369606480.000,0,-,-,-,-,6091.8000,6090.0000,6088.8000,6088.0000,6086.0000,6093.8000,6094.0000,6094.8000,6095.4000,6095.8000,1,10,1,3,2,1,1,1,1,1
SF,IC2103,2020-09-04 09:32:13.000,6092.0000,23741,0,369606480.000,0,-,-,-,-,6091.8000,6090.0000,6088.8000,6088.0000,6086.0000,6093.8000,6094.0000,6094.8000,6095.4000,6095.8000,1,10,1,3,2,1,1,1,1,1
SF,IC2103,2020-09-04 09:32:13.500,6091.8000,23740,-1,372043600.000,2,0,2,多平,S,6090.2000,6090.0000,6088.8000,6088.0000,6086.0000,6091.8000,6092.6000,6094.0000,6095.4000,6095.8000,3,10,1,3,2,1,2,1,1,1
SF,IC2103,2020-09-04 09:32:14.000,6092.6000,23737,-3,375699000.000,3,0,3,双平,S,6090.6000,6090.4000,6090.2000,6090.0000,6088.8000,6092.8000,6095.4000,6095.8000,6096.0000,6096.8000,1,1,3,10,1,1,1,1,1,1
SF,IC2103,2020-09-04 09:32:14.500,6092.6000,23737,0,375699000.000,0,-,-,-,-,6091.0000,6090.6000,6090.4000,6090.2000,6090.0000,6095.4000,6095.8000,6096.0000,6096.8000,6098.4000,1,1,1,3,10,1,1,1,1,1
SF,IC2103,2020-09-04 09:32:15.000,6091.8000,23737,0,376917360.000,1,0,1,多换,S,6091.0000,6090.2000,6090.0000,6088.8000,6088.0000,6092.0000,6094.4000,6094.8000,6095.2000,6098.4000,1,3,11,1,3,1,5,2,2,1
SF,IC2103,2020-09-04 09:32:15.500,6091.8000,23737,0,376917360.000,0,-,-,-,-,6090.2000,6090.0000,6088.8000,6088.0000,6086.0000,6090.6000,6091.0000,6094.4000,6094.8000,6095.2000,3,11,1,3,2,1,1,1,2,2
SF,IC2103,2020-09-04 09:32:16.000,6090.2000,23736,-1,381789680.000,4,1,3,多平,S,6090.0000,6088.8000,6088.0000,6086.0000,6084.2000,6094.4000,6094.8000,6095.2000,6098.4000,6100.0000,11,1,3,2,5,1,2,2,1,10
SF,IC2103,2020-09-04 09:32:16.500,6090.2000,23736,0,381789680.000,0,-,-,-,-,6090.0000,6088.8000,6088.0000,6086.0000,6084.2000,6090.6000,6093.2000,6093.4000,6093.8000,6094.2000,11,1,3,2,5,1,1,2,2,8
SF,IC2103,2020-09-04 09:32:17.000,6090.0000,23736,0,385443680.000,3,1,2,多换,S,6090.0000,6088.8000,6088.0000,6086.0000,6084.2000,6091.8000,6093.2000,6093.8000,6094.2000,6094.4000,8,1,3,2,5,2,1,2,7,1
SF,IC2103,2020-09-04 09:32:17.500,6090.0000,23737,1,390315680.000,4,2,2,空开,S,6090.0000,6088.8000,6088.0000,6086.0000,6084.2000,6093.2000,6093.8000,6094.2000,6094.4000,6098.4000,4,1,3,2,5,1,2,7,1,1
SF,IC2103,2020-09-04 09:32:18.000,6090.0000,23736,-1,392751680.000,2,0,2,多平,S,6090.0000,6088.8000,6088.0000,6086.0000,6084.2000,6091.4000,6092.6000,6093.0000,6093.2000,6094.2000,2,1,3,1,5,1,4,1,1,6
SF,IC2103,2020-09-04 09:32:18.500,6090.0000,23736,0,400060680.000,6,3,3,多换,S,6088.8000,6088.0000,6086.0000,6084.2000,6082.4000,6090.6000,6092.6000,6093.0000,6093.2000,6094.2000,1,3,1,5,1,1,2,1,1,6
SF,IC2103,2020-09-04 09:32:19.000,6090.0000,23736,0,401278680.000,1,0,1,多换,S,6089.2000,6088.8000,6088.0000,6086.0000,6084.2000,6090.4000,6090.6000,6092.6000,6093.2000,6094.2000,1,1,3,1,5,1,1,2,1,1
SF,IC2103,2020-09-04 09:32:20.000,6090.0000,23736,0,401278680.000,0,-,-,-,-,6088.8000,6088.0000,6086.0000,6084.2000,6082.4000,6090.0000,6090.4000,6090.6000,6092.6000,6093.2000,1,3,1,5,1,1,1,1,2,1
SF,IC2103,2020-09-04 09:32:20.500,6090.6000,23735,-1,404932880.000,3,1,2,多平,S,6088.8000,6088.0000,6086.0000,6084.2000,6082.4000,6092.6000,6093.2000,6094.2000,6094.4000,6098.4000,1,3,1,5,1,2,1,1,1,1
SF,IC2103,2020-09-04 09:32:21.000,6089.0000,23734,-1,406150680.000,1,0,1,双平,S,6088.8000,6088.0000,6086.0000,6084.2000,6082.4000,6089.8000,6090.0000,6091.0000,6091.8000,6092.0000,1,3,1,5,1,2,5,3,2,1
SF,IC2103,2020-09-04 09:32:21.500,6089.0000,23735,1,408586280.000,2,1,1,空开,S,6088.8000,6088.0000,6086.0000,6084.2000,6082.4000,6090.0000,6092.0000,6092.4000,6092.6000,6094.4000,1,3,1,5,1,5,1,2,1,1
SF,IC2103,2020-09-04 09:32:22.000,6088.8000,23735,0,409804040.000,1,0,1,多换,S,6088.0000,6086.0000,6082.4000,6082.0000,6080.0000,6089.6000,6090.0000,6092.0000,6092.4000,6092.6000,3,1,1,2,5,1,5,1,1,1
SF,IC2103,2020-09-04 09:32:22.500,6088.8000,23735,0,409804040.000,0,-,-,-,-,6089.0000,6088.0000,6086.0000,6082.4000,6082.0000,6090.0000,6092.0000,6092.4000,6092.6000,6094.4000,1,3,1,1,2,5,1,1,1,1
SF,IC2103,2020-09-04 09:32:23.000,6088.8000,23735,0,409804040.000,0,-,-,-,-,6088.0000,6086.0000,6082.4000,6082.0000,6080.0000,6089.8000,6090.0000,6092.0000,6092.4000,6092.6000,3,1,1,2,5,1,5,1,1,1
SF,IC2103,2020-09-04 09:32:23.500,6088.8000,23735,0,409804040.000,0,-,-,-,-,6088.0000,6086.0000,6082.4000,6082.0000,6080.0000,6089.8000,6090.0000,6092.0000,6092.6000,6094.4000,3,1,1,2,5,1,5,1,1,1
SF,IC2103,2020-09-04 09:32:24.000,6088.2000,23735,0,414674880.000,4,2,2,多换,S,6088.0000,6086.0000,6082.4000,6082.0000,6080.0000,6090.0000,6092.0000,6092.6000,6094.4000,6098.4000,3,1,1,2,5,5,1,1,1,1
SF,IC2103,2020-09-04 09:32:24.500,6090.0000,23733,-2,419546880.000,4,1,3,多平,S,6088.4000,6088.2000,6088.0000,6086.0000,6082.4000,6090.0000,6092.0000,6092.6000,6094.4000,6098.4000,1,2,3,1,1,1,1,1,1,1
SF,IC2103,2020-09-04 09:32:25.000,6090.0000,23733,0,420764880.000,1,0,1,多换,S,6090.2000,6090.0000,6088.0000,6086.0000,6082.4000,6094.4000,6098.4000,6100.0000,6101.4000,6108.2000,1,1,3,1,1,1,1,10,1,1
SF,IC2103,2020-09-04 09:32:25.500,6090.0000,23732,-1,421982880.000,1,0,1,双平,S,6090.4000,6090.2000,6090.0000,6089.8000,6089.6000,6093.4000,6093.8000,6094.0000,6094.4000,6098.4000,2,1,3,2,2,1,1,1,1,1
SF,IC2103,2020-09-04 09:32:26.000,6090.6000,23731,-1,424419760.000,2,0,2,多平,S,6090.4000,6090.0000,6089.6000,6089.2000,6088.0000,6098.4000,6100.0000,6101.4000,6108.2000,6109.0000,2,3,2,1,3,1,10,1,1,1
SF,IC2103,2020-09-04 09:32:26.500,6090.6000,23731,0,424419760.000,0,-,-,-,-,6091.0000,6090.6000,6090.4000,6090.0000,6089.6000,6095.4000,6097.0000,6097.8000,6098.2000,6098.4000,1,2,3,3,2,2,1,2,2,1
SF,IC2103,2020-09-04 09:32:27.000,6090.6000,23731,0,424419760.000,0,-,-,-,-,6091.2000,6091.0000,6090.6000,6090.0000,6089.6000,6095.0000,6095.4000,6097.0000,6097.8000,6098.2000,2,1,1,3,2,1,2,1,1,1
SF,IC2103,2020-09-04 09:32:27.500,6090.6000,23731,0,424419760.000,0,-,-,-,-,6091.2000,6091.0000,6090.6000,6090.0000,6089.6000,6094.8000,6095.0000,6097.0000,6097.8000,6098.2000,5,1,1,3,2,1,1,1,1,1
SF,IC2103,2020-09-04 09:32:28.000,6090.6000,23731,0,424419760.000,0,-,-,-,-,6091.0000,6090.0000,6089.6000,6089.2000,6088.0000,6094.4000,6094.6000,6094.8000,6097.0000,6097.8000,1,2,1,1,3,1,3,1,1,1
SF,IC2103,2020-09-04 09:32:28.500,6090.6000,23731,0,424419760.000,0,-,-,-,-,6091.2000,6090.0000,6089.6000,6089.2000,6088.0000,6094.2000,6094.4000,6094.6000,6097.0000,6097.8000,1,1,1,1,3,1,1,2,1,1
SF,IC2103,2020-09-04 09:32:29.000,6090.6000,23731,0,424419760.000,0,-,-,-,-,6091.2000,6090.0000,6089.6000,6089.2000,6088.0000,6094.0000,6094.2000,6094.4000,6094.6000,6097.0000,1,1,1,1,3,1,1,1,1,1
SF,IC2103,2020-09-04 09:32:29.500,6090.6000,23731,0,424419760.000,0,-,-,-,-,6091.4000,6091.2000,6090.0000,6089.6000,6089.2000,6093.4000,6093.8000,6094.4000,6094.6000,6097.0000,1,1,1,1,1,1,1,1,1,1
SF,IC2103,2020-09-04 09:32:30.000,6093.8000,23729,-2,426857200.000,2,0,2,双平,S,6091.8000,6091.6000,6090.0000,6089.6000,6089.2000,6094.4000,6094.6000,6097.0000,6097.8000,6098.2000,1,1,1,1,1,1,1,1,1,1
SF,IC2103,2020-09-04 09:32:30.500,6093.8000,23729,0,426857200.000,0,-,-,-,-,6092.4000,6092.0000,6091.6000,6090.0000,6089.6000,6097.0000,6097.8000,6098.2000,6098.4000,6100.0000,3,1,1,1,1,1,1,1,1,10
SF,IC2103,2020-09-04 09:32:31.000,6092.8000,23728,-1,428075760.000,1,0,1,双平,S,6092.6000,6092.4000,6092.2000,6092.0000,6090.0000,6097.0000,6097.8000,6098.2000,6098.4000,6100.0000,2,3,2,1,1,1,1,1,1,10
SF,IC2103,2020-09-04 09:32:31.500,6092.6000,23727,-1,429294280.000,1,0,1,双平,S,6092.6000,6090.0000,6089.2000,6088.0000,6086.0000,6096.6000,6096.8000,6097.0000,6097.8000,6098.2000,1,1,1,3,1,1,1,1,1,1
SF,IC2103,2020-09-04 09:32:32.000,6092.6000,23726,-1,430512800.000,1,0,1,双平,S,6090.0000,6089.2000,6088.8000,6088.0000,6086.0000,6096.0000,6096.4000,6096.6000,6096.8000,6097.0000,1,1,1,3,1,1,2,1,1,1
SF,IC2103,2020-09-04 09:32:32.500,6092.6000,23726,0,430512800.000,0,-,-,-,-,6090.2000,6090.0000,6089.2000,6088.8000,6088.0000,6095.6000,6095.8000,6096.0000,6096.4000,6096.6000,2,2,1,1,3,1,1,1,1,1
SF,IC2103,2020-09-04 09:32:33.000,6092.6000,23726,0,430512800.000,0,-,-,-,-,6090.6000,6090.4000,6090.2000,6090.0000,6089.2000,6095.4000,6096.6000,6097.0000,6097.8000,6098.2000,3,1,2,2,1,2,1,1,1,1
SF,IC2103,2020-09-04 09:32:33.500,6092.6000,23726,0,430512800.000,0,-,-,-,-,6091.0000,6090.8000,6090.6000,6090.2000,6090.0000,6095.4000,6096.6000,6097.0000,6097.8000,6098.2000,1,1,1,1,2,2,1,1,1,1
SF,IC2103,2020-09-04 09:32:34.000,6095.0000,23726,0,432950320.000,2,1,1,多换,S,6091.2000,6091.0000,6090.6000,6090.2000,6090.0000,6095.2000,6095.4000,6096.6000,6097.0000,6097.8000,1,1,1,1,2,1,2,1,1,1
SF,IC2103,2020-09-04 09:32:34.500,6091.2000,23724,-2,436605000.000,3,0,3,多平,S,6090.2000,6090.0000,6089.2000,6088.8000,6088.0000,6094.6000,6095.0000,6096.6000,6097.0000,6097.8000,1,2,1,1,3,1,2,1,1,1
SF,IC2103,2020-09-04 09:32:35.000,6091.2000,23724,0,436605000.000,0,-,-,-,-,6091.6000,6090.2000,6088.8000,6088.0000,6086.0000,6094.4000,6094.6000,6094.8000,6096.6000,6097.8000,2,1,1,3,1,2,1,1,1,1
SF,IC2103,2020-09-04 09:32:35.500,6091.6000,23723,-1,437823320.000,1,0,1,双平,S,6088.8000,6088.0000,6086.0000,6085.2000,6082.4000,6093.8000,6094.0000,6094.2000,6094.4000,6094.8000,1,3,1,3,1,2,1,1,2,1
SF,IC2103,2020-09-04 09:32:36.000,6091.6000,23723,0,437823320.000,0,-,-,-,-,6090.6000,6089.0000,6088.8000,6088.0000,6086.0000,6093.6000,6093.8000,6094.0000,6094.2000,6094.4000,1,1,1,3,1,1,3,1,2,1
SF,IC2103,2020-09-04 09:32:36.500,6091.6000,23723,0,437823320.000,0,-,-,-,-,6090.6000,6090.2000,6090.0000,6089.6000,6089.2000,6091.6000,6093.2000,6093.4000,6093.8000,6094.2000,1,2,2,1,1,1,1,1,1,1
SF,IC2103,2020-09-04 09:32:37.000,6091.6000,23723,0,439041640.000,1,0,1,多换,S,6090.8000,6090.6000,6089.0000,6088.8000,6088.0000,6093.4000,6093.8000,6094.2000,6094.8000,6097.8000,1,1,1,1,3,1,1,1,1,1
SF,IC2103,2020-09-04 09:32:37.500,6091.6000,23723,0,439041640.000,0,-,-,-,-,6091.0000,6090.8000,6090.6000,6088.8000,6088.0000,6093.4000,6093.8000,6094.2000,6094.8000,6097.8000,1,1,1,1,3,1,1,1,1,1
SF,IC2103,2020-09-04 09:32:38.000,6091.6000,23723,0,439041640.000,0,-,-,-,-,6091.6000,6091.0000,6090.8000,6090.6000,6088.8000,6093.4000,6097.8000,6098.2000,6098.4000,6100.0000,2,2,1,1,1,1,1,1,1,11
SF,IC2103,2020-09-04 09:32:38.500,6091.6000,23723,0,439041640.000,0,-,-,-,-,6091.6000,6091.0000,6090.6000,6088.8000,6088.0000,6093.4000,6097.8000,6098.2000,6098.4000,6100.0000,2,1,1,1,7,2,1,1,1,11
SF,IC2103,2020-09-04 09:32:39.000,6091.6000,23723,0,439041640.000,0,-,-,-,-,6092.0000,6091.6000,6091.0000,6090.6000,6088.8000,6093.4000,6097.8000,6098.2000,6098.4000,6100.0000,1,1,1,1,1,2,1,1,1,11
SF,IC2103,2020-09-04 09:32:39.500,6093.4000,23721,-2,441479000.000,2,0,2,双平,S,6093.6000,6093.4000,6092.4000,6091.8000,6091.6000,6097.8000,6098.2000,6098.4000,6100.0000,6101.4000,1,1,1,1,1,1,1,1,11,1
SF,IC2103,2020-09-04 09:32:40.000,6093.4000,23721,0,441479000.000,0,-,-,-,-,6093.6000,6093.4000,6091.6000,6091.0000,6090.6000,6096.0000,6096.4000,6097.2000,6097.6000,6097.8000,1,2,1,1,1,1,1,1,2,1
SF,IC2103,2020-09-04 09:32:40.500,6093.4000,23721,0,441479000.000,0,-,-,-,-,6093.8000,6093.6000,6093.4000,6091.6000,6090.6000,6095.6000,6096.4000,6097.6000,6097.8000,6098.2000,1,1,2,1,1,1,1,2,1,1
SF,IC2103,2020-09-04 09:32:41.000,6096.4000,23719,-2,443917400.000,2,0,2,双平,S,6094.0000,6093.8000,6093.4000,6091.6000,6090.6000,6097.6000,6098.2000,6098.4000,6100.0000,6101.4000,1,2,2,1,1,2,1,1,11,1
SF,IC2103,2020-09-04 09:32:41.500,6096.0000,23718,-1,445136600.000,1,0,1,双平,S,6094.2000,6093.4000,6091.6000,6090.6000,6088.8000,6097.6000,6098.2000,6098.4000,6100.0000,6101.4000,1,2,1,1,1,1,1,1,11,1
SF,IC2103,2020-09-04 09:32:42.000,6096.0000,23718,0,445136600.000,0,-,-,-,-,6094.8000,6094.2000,6093.4000,6091.6000,6090.6000,6097.6000,6098.4000,6100.0000,6101.4000,6108.2000,1,2,2,1,1,1,1,10,1,1
SF,IC2103,2020-09-04 09:32:42.500,6096.0000,23718,0,445136600.000,0,-,-,-,-,6095.8000,6095.4000,6095.2000,6095.0000,6094.8000,6098.4000,6100.0000,6101.4000,6108.2000,6109.6000,1,3,1,1,1,1,10,1,1,1
SF,IC2103,2020-09-04 09:32:43.000,6096.0000,23718,0,445136600.000,0,-,-,-,-,6097.6000,6095.8000,6095.4000,6095.2000,6095.0000,6098.2000,6098.4000,6100.0000,6101.4000,6108.2000,1,1,3,1,2,1,1,10,1,1
SF,IC2103,2020-09-04 09:32:43.500,6097.6000,23716,-2,448795160.000,3,0,3,多平,S,6094.8000,6093.4000,6091.6000,6090.6000,6090.0000,6098.4000,6100.0000,6101.4000,6108.2000,6109.6000,1,2,2,1,5,1,10,1,1,1
SF,IC2103,2020-09-04 09:32:44.000,6098.4000,23715,-1,450014840.000,1,0,1,双平,S,6097.6000,6096.8000,6095.0000,6094.8000,6093.4000,6098.2000,6100.0000,6101.4000,6108.2000,6109.6000,1,1,1,1,2,1,10,1,1,1
SF,IC2103,2020-09-04 09:32:44.500,6097.6000,23716,1,451234360.000,1,1,0,双开,S,6096.8000,6095.0000,6094.8000,6093.4000,6091.6000,6100.0000,6101.4000,6108.2000,6109.6000,6109.8000,1,1,1,2,2,10,1,1,1,1
SF,IC2103,2020-09-04 09:32:45.000,6100.0000,23716,0,452454360.000,1,0,1,多换,S,6097.0000,6094.8000,6093.4000,6091.6000,6090.6000,6100.0000,6101.4000,6108.2000,6109.6000,6109.8000,1,1,2,2,1,9,1,1,1,1
SF,IC2103,2020-09-04 09:32:45.500,6100.0000,23716,0,452454360.000,0,-,-,-,-,6097.0000,6094.8000,6093.4000,6091.6000,6090.6000,6097.6000,6099.6000,6099.8000,6100.0000,6101.4000,1,1,1,2,1,1,1,1,9,1
SF,IC2103,2020-09-04 09:32:46.000,6097.0000,23716,0,456112760.000,3,1,2,多换,S,6094.8000,6093.4000,6091.6000,6090.6000,6090.0000,6099.6000,6099.8000,6100.0000,6101.4000,6108.2000,1,1,2,1,5,1,1,9,1,1
SF,IC2103,2020-09-04 09:32:46.500,6097.0000,23716,0,456112760.000,0,-,-,-,-,6098.0000,6095.8000,6095.2000,6095.0000,6094.8000,6099.4000,6100.0000,6101.4000,6108.2000,6109.6000,1,1,1,1,1,1,9,1,1,1
SF,IC2103,2020-09-04 09:32:47.000,6097.0000,23716,0,456112760.000,0,-,-,-,-,6098.0000,6095.8000,6095.2000,6095.0000,6094.8000,6099.2000,6100.0000,6101.4000,6108.2000,6109.6000,1,1,1,1,1,1,9,1,1,1
SF,IC2103,2020-09-04 09:32:47.500,6100.0000,23716,0,458552600.000,2,1,1,多换,S,6099.8000,6098.0000,6095.8000,6095.2000,6095.0000,6100.0000,6101.4000,6108.2000,6109.6000,6109.8000,1,1,1,1,1,8,1,1,1,1
SF,IC2103,2020-09-04 09:32:48.000,6094.8000,23708,-8,471967320.000,11,1,10,多平,S,6093.4000,6091.6000,6090.6000,6090.0000,6088.8000,6094.8000,6100.0000,6101.4000,6108.2000,6109.6000,1,1,1,5,1,4,4,1,1,1
SF,IC2103,2020-09-04 09:32:48.500,6100.0000,23704,-4,478063160.000,5,0,5,多平,S,6099.6000,6096.2000,6096.0000,6095.6000,6095.2000,6100.0000,6101.4000,6108.2000,6109.6000,6109.8000,1,1,1,1,2,3,1,1,1,1
SF,IC2103,2020-09-04 09:32:49.000,6100.0000,23701,-3,481723160.000,3,0,3,双平,S,6099.6000,6099.2000,6096.2000,6095.6000,6095.2000,6101.4000,6108.2000,6109.6000,6109.8000,6110.0000,1,5,1,1,2,1,1,1,1,1
SF,IC2103,2020-09-04 09:32:49.500,6100.0000,23701,0,481723160.000,0,-,-,-,-,6100.4000,6099.6000,6099.2000,6096.2000,6095.6000,6101.0000,6101.4000,6108.2000,6109.6000,6109.8000,2,1,5,1,1,1,1,1,1,1
SF,IC2103,2020-09-04 09:32:50.000,6100.0000,23701,0,481723160.000,0,-,-,-,-,6100.4000,6099.6000,6099.2000,6095.2000,6094.8000,6101.4000,6108.2000,6109.6000,6109.8000,6110.0000,2,1,5,2,1,1,1,1,1,1
SF,IC2103,2020-09-04 09:32:50.500,6101.4000,23700,-1,482943440.000,1,0,1,双平,S,6101.8000,6099.6000,6099.2000,6095.2000,6094.8000,6108.2000,6109.6000,6109.8000,6110.0000,6111.4000,1,1,5,2,1,1,1,1,1,1
SF,IC2103,2020-09-04 09:32:51.000,6104.8000,23701,1,484164400.000,1,1,0,双开,S,6101.8000,6101.4000,6099.6000,6099.2000,6095.2000,6105.6000,6105.8000,6106.6000,6107.4000,6107.8000,1,1,1,5,2,1,1,1,1,1
SF,IC2103,2020-09-04 09:32:51.500,6101.8000,23700,-1,485384760.000,1,0,1,双平,S,6101.4000,6100.0000,6099.6000,6099.2000,6095.2000,6105.2000,6105.4000,6105.6000,6105.8000,6106.6000,1,1,1,5,2,1,3,1,1,1
SF,IC2103,2020-09-04 09:32:52.000,6101.8000,23700,0,485384760.000,0,-,-,-,-,6101.6000,6100.0000,6099.6000,6099.2000,6096.8000,6105.0000,6105.2000,6105.4000,6105.6000,6105.8000,4,1,1,5,1,2,1,1,1,1
SF,IC2103,2020-09-04 09:32:52.500,6101.8000,23700,0,485384760.000,0,-,-,-,-,6100.0000,6099.6000,6099.2000,6096.8000,6095.2000,6105.0000,6105.2000,6105.4000,6105.6000,6105.8000,1,1,5,1,2,3,1,1,1,1
SF,IC2103,2020-09-04 09:32:53.000,6101.8000,23700,0,485384760.000,0,-,-,-,-,6100.4000,6100.2000,6100.0000,6099.6000,6099.2000,6101.6000,6104.6000,6105.0000,6105.2000,6105.4000,2,1,1,1,5,1,1,2,1,1
SF,IC2103,2020-09-04 09:32:53.500,6101.6000,23699,-1,486605080.000,1,0,1,双平,S,6100.4000,6100.2000,6100.0000,6099.6000,6099.2000,6104.6000,6105.0000,6105.2000,6105.6000,6105.8000,2,1,1,1,5,1,2,1,1,1
SF,IC2103,2020-09-04 09:32:54.000,6101.6000,23699,0,486605080.000,0,-,-,-,-,6102.0000,6100.0000,6099.6000,6099.2000,6096.8000,6104.4000,6104.6000,6105.2000,6105.6000,6105.8000,1,1,1,5,1,2,1,1,1,1
SF,IC2103,2020-09-04 09:32:54.500,6101.6000,23699,0,486605080.000,0,-,-,-,-,6102.0000,6100.6000,6100.2000,6100.0000,6099.6000,6104.4000,6105.2000,6105.6000,6105.8000,6106.6000,1,2,1,1,1,1,1,1,1,1
SF,IC2103,2020-09-04 09:32:55.000,6102.0000,23698,-1,487825480.000,1,0,1,双平,S,6101.6000,6100.2000,6100.0000,6099.2000,6096.8000,6104.0000,6104.2000,6104.4000,6105.2000,6105.6000,1,1,1,5,1,3,1,1,1,1
SF,IC2103,2020-09-04 09:32:55.500,6103.8000,23698,0,489046240.000,1,0,1,多换,S,6101.6000,6100.2000,6100.0000,6099.2000,6096.8000,6104.0000,6105.2000,6105.6000,6105.8000,6106.6000,1,1,1,5,1,2,1,1,1,1
SF,IC2103,2020-09-04 09:32:56.000,6103.8000,23698,0,489046240.000,0,-,-,-,-,6101.6000,6100.2000,6100.0000,6099.2000,6096.8000,6103.8000,6105.2000,6105.6000,6105.8000,6106.6000,1,1,1,5,1,1,1,1,1,1
SF,IC2103,2020-09-04 09:32:56.500,6103.8000,23697,-1,490267000.000,1,0,1,双平,S,6101.6000,6100.2000,6100.0000,6099.2000,6096.8000,6105.2000,6105.6000,6105.8000,6106.6000,6107.4000,1,1,1,5,1,1,1,1,1,1
SF,IC2103,2020-09-04 09:32:57.000,6103.8000,23697,0,490267000.000,0,-,-,-,-,6101.8000,6101.6000,6100.2000,6100.0000,6099.2000,6105.0000,6105.2000,6105.6000,6105.8000,6106.6000,1,1,1,1,5,1,1,1,1,1
SF,IC2103,2020-09-04 09:32:57.500,6105.0000,23697,0,491488000.000,1,0,1,多换,S,6103.0000,6101.8000,6101.6000,6100.2000,6100.0000,6105.8000,6106.6000,6107.4000,6107.8000,6108.2000,4,3,1,1,1,1,1,1,1,1
SF,IC2103,2020-09-04 09:32:58.000,6105.6000,23696,-1,493930240.000,2,0,2,多平,S,6103.2000,6103.0000,6102.4000,6101.8000,6101.6000,6105.8000,6106.6000,6107.4000,6107.8000,6108.2000,2,4,3,1,1,1,1,1,1,1
SF,IC2103,2020-09-04 09:32:58.500,6103.4000,23695,-1,495150920.000,1,0,1,双平,S,6103.0000,6101.6000,6100.2000,6100.0000,6099.2000,6105.2000,6105.8000,6106.6000,6107.4000,6107.8000,4,1,1,1,5,1,1,1,1,1
SF,IC2103,2020-09-04 09:32:59.000,6103.4000,23695,0,495150920.000,0,-,-,-,-,6103.2000,6103.0000,6101.6000,6100.2000,6100.0000,6105.2000,6105.6000,6106.6000,6107.4000,6107.8000,1,4,1,1,1,1,1,1,1,1
SF,IC2103,2020-09-04 09:32:59.500,6105.6000,23695,0,497593080.000,2,1,1,多换,S,6105.6000,6103.4000,6103.2000,6103.0000,6101.6000,6109.6000,6109.8000,6110.0000,6112.6000,6114.0000,1,2,2,4,1,1,1,1,1,1
SF,IC2103,2020-09-04 09:33:00.000,6105.6000,23694,-1,498814200.000,1,0,1,双平,S,6105.6000,6103.2000,6103.0000,6101.6000,6100.2000,6109.0000,6109.4000,6109.6000,6109.8000,6110.0000,1,1,4,1,1,2,3,1,1,1
SF,IC2103,2020-09-04 09:33:00.500,6105.6000,23694,0,498814200.000,0,-,-,-,-,6105.6000,6103.0000,6101.6000,6100.2000,6100.0000,6108.6000,6108.8000,6109.0000,6109.4000,6109.6000,1,4,1,1,1,2,1,2,2,1
SF,IC2103,2020-09-04 09:33:01.000,6105.6000,23694,0,498814200.000,0,-,-,-,-,6105.6000,6103.0000,6101.6000,6100.2000,6100.0000,6108.4000,6108.6000,6109.0000,6109.4000,6109.6000,1,4,1,1,1,4,2,2,2,1
SF,IC2103,2020-09-04 09:33:01.500,6105.6000,23694,0,498814200.000,0,-,-,-,-,6105.6000,6103.0000,6101.6000,6101.0000,6100.2000,6107.8000,6108.4000,6108.6000,6109.0000,6109.4000,1,4,1,1,1,1,1,2,2,2
SF,IC2103,2020-09-04 09:33:02.000,6105.6000,23693,-1,500035320.000,1,0,1,双平,S,6103.0000,6101.6000,6101.0000,6100.2000,6100.0000,6105.6000,6107.4000,6107.6000,6107.8000,6108.0000,4,1,1,1,1,1,2,1,1,1
SF,IC2103,2020-09-04 09:33:02.500,6105.6000,23693,0,500035320.000,0,-,-,-,-,6103.0000,6101.6000,6101.0000,6100.2000,6100.0000,6105.4000,6105.6000,6106.6000,6107.4000,6107.6000,4,1,1,1,1,1,1,1,2,1
SF,IC2103,2020-09-04 09:33:03.000,6105.6000,23693,0,500035320.000,0,-,-,-,-,6103.0000,6101.6000,6101.0000,6100.2000,6100.0000,6105.0000,6105.2000,6105.4000,6105.6000,6106.6000,4,1,1,1,1,1,1,2,1,1
SF,IC2103,2020-09-04 09:33:03.500,6105.6000,23693,0,501256440.000,1,0,1,多换,S,6103.0000,6101.6000,6101.0000,6100.2000,6100.0000,6104.8000,6105.0000,6105.2000,6105.6000,6106.6000,4,1,1,1,1,1,1,2,1,1
SF,IC2103,2020-09-04 09:33:04.000,6105.6000,23693,0,501256440.000,0,-,-,-,-,6103.0000,6101.6000,6101.0000,6100.2000,6100.0000,6104.8000,6105.0000,6105.6000,6106.6000,6107.4000,4,1,1,1,1,2,1,1,1,2
SF,IC2103,2020-09-04 09:33:04.500,6105.6000,23693,0,501256440.000,0,-,-,-,-,6103.0000,6101.6000,6101.0000,6100.2000,6100.0000,6104.8000,6105.6000,6106.6000,6107.4000,6108.0000,4,1,1,1,1,1,1,1,2,1
SF,IC2103,2020-09-04 09:33:05.000,6103.0000,23693,0,506138840.000,4,2,2,多换,S,6101.6000,6101.0000,6100.2000,6100.0000,6099.2000,6104.4000,6104.6000,6104.8000,6105.6000,6106.6000,1,1,1,1,5,1,1,1,1,1
SF,IC2103,2020-09-04 09:33:05.500,6103.0000,23693,0,506138840.000,0,-,-,-,-,6101.8000,6101.6000,6101.0000,6100.2000,6100.0000,6103.0000,6104.4000,6104.8000,6105.6000,6106.6000,1,1,1,1,1,1,1,1,1,1
SF,IC2103,2020-09-04 09:33:06.000,6103.0000,23693,0,506138840.000,0,-,-,-,-,6101.8000,6101.6000,6101.0000,6100.2000,6100.0000,6103.0000,6106.6000,6107.4000,6108.0000,6108.6000,1,1,1,1,1,1,1,2,1,2
SF,IC2103,2020-09-04 09:33:06.500,6103.0000,23693,0,506138840.000,0,-,-,-,-,6101.8000,6101.6000,6101.0000,6100.2000,6100.0000,6106.6000,6107.4000,6108.0000,6108.6000,6109.0000,1,1,1,1,1,1,2,1,2,1
SF,IC2103,2020-09-04 09:33:07.000,6103.0000,23693,0,506138840.000,0,-,-,-,-,6101.8000,6101.6000,6101.0000,6100.2000,6100.0000,6106.4000,6106.6000,6107.4000,6108.0000,6108.6000,1,1,1,1,1,3,1,2,1,2
SF,IC2103,2020-09-04 09:33:07.500,6103.0000,23693,0,506138840.000,0,-,-,-,-,6101.8000,6101.6000,6101.0000,6100.2000,6100.0000,6106.0000,6106.4000,6106.6000,6107.4000,6108.0000,1,1,1,1,1,1,3,1,2,1
SF,IC2103,2020-09-04 09:33:08.000,6103.0000,23693,0,506138840.000,0,-,-,-,-,6102.0000,6101.8000,6101.6000,6101.0000,6100.2000,6105.8000,6106.0000,6106.4000,6106.6000,6107.4000,1,1,1,1,1,2,1,1,1,2
SF,IC2103,2020-09-04 09:33:08.500,6105.8000,23692,-1,508581160.000,2,0,2,多平,S,6104.4000,6103.2000,6102.8000,6102.4000,6102.2000,6106.6000,6107.4000,6108.0000,6108.6000,6109.0000,1,2,3,3,2,1,2,1,2,1
SF,IC2103,2020-09-04 09:33:09.000,6105.8000,23692,0,508581160.000,0,-,-,-,-,6104.4000,6103.2000,6102.8000,6102.4000,6102.2000,6106.0000,6106.4000,6106.6000,6107.4000,6108.0000,1,2,3,3,2,1,1,1,2,1
SF,IC2103,2020-09-04 09:33:09.500,6105.8000,23692,0,508581160.000,0,-,-,-,-,6104.6000,6104.4000,6103.2000,6102.8000,6102.4000,6107.4000,6108.0000,6108.6000,6109.0000,6109.4000,2,1,2,3,3,2,1,2,1,1
SF,IC2103,2020-09-04 09:33:10.000,6105.8000,23692,0,508581160.000,0,-,-,-,-,6104.6000,6104.4000,6103.2000,6102.8000,6102.4000,6107.4000,6108.0000,6108.6000,6109.0000,6109.4000,2,1,2,3,3,1,1,2,1,1
SF,IC2103,2020-09-04 09:33:10.500,6105.8000,23692,0,508581160.000,0,-,-,-,-,6104.8000,6104.6000,6104.4000,6101.6000,6101.0000,6108.0000,6108.6000,6109.4000,6109.6000,6109.8000,1,1,1,1,1,1,1,1,1,1
SF,IC2103,2020-09-04 09:33:11.000,6105.8000,23692,0,508581160.000,0,-,-,-,-,6105.0000,6104.8000,6104.4000,6101.6000,6101.0000,6108.6000,6109.6000,6109.8000,6110.0000,6114.0000,1,1,1,1,1,1,1,1,11,1
SF,IC2103,2020-09-04 09:33:11.500,6105.8000,23691,-1,511023480.000,2,0,2,多平,S,6105.2000,6105.0000,6104.8000,6104.4000,6101.6000,6109.6000,6109.8000,6110.0000,6114.0000,6115.6000,2,4,2,1,1,1,1,11,1,1
SF,IC2103,2020-09-04 09:33:12.000,6105.8000,23691,0,511023480.000,0,-,-,-,-,6106.4000,6106.0000,6105.6000,6105.4000,6105.2000,6109.6000,6109.8000,6110.0000,6114.0000,6115.6000,1,4,1,2,3,1,1,11,1,1
SF,IC2103,2020-09-04 09:33:12.500,6105.8000,23691,0,511023480.000,0,-,-,-,-,6106.6000,6106.4000,6106.2000,6105.4000,6105.2000,6109.2000,6109.6000,6109.8000,6110.0000,6114.0000,1,1,2,1,3,1,1,1,11,1
SF,IC2103,2020-09-04 09:33:13.000,6105.8000,23691,0,511023480.000,0,-,-,-,-,6106.6000,6106.4000,6105.4000,6105.2000,6104.8000,6109.6000,6109.8000,6110.0000,6114.0000,6115.6000,2,1,1,1,1,1,1,11,1,1
SF,IC2103,2020-09-04 09:33:13.500,6105.8000,23691,0,511023480.000,0,-,-,-,-,6106.8000,6106.6000,6106.4000,6105.4000,6105.2000,6109.4000,6109.6000,6109.8000,6110.0000,6114.0000,1,1,1,1,1,1,1,1,11,1
SF,IC2103,2020-09-04 09:33:14.000,6109.6000,23690,-1,512245400.000,1,0,1,双平,S,6107.2000,6107.0000,6106.8000,6106.4000,6105.4000,6109.8000,6110.0000,6114.0000,6115.6000,6120.0000,2,1,3,1,1,1,11,1,1,1
SF,IC2103,2020-09-04 09:33:14.500,6109.6000,23690,0,512245400.000,0,-,-,-,-,6107.4000,6106.4000,6105.4000,6105.2000,6104.8000,6109.8000,6110.0000,6114.0000,6115.6000,6120.0000,1,1,1,1,1,1,11,1,1,1
SF,IC2103,2020-09-04 09:33:15.000,6109.8000,23689,-1,513467360.000,1,0,1,双平,S,6107.4000,6106.4000,6105.4000,6105.2000,6104.8000,6110.0000,6114.0000,6115.6000,6120.0000,6124.8000,2,1,1,1,1,11,1,1,1,5
SF,IC2103,2020-09-04 09:33:15.500,6109.8000,23689,0,513467360.000,0,-,-,-,-,6107.4000,6106.4000,6105.4000,6105.2000,6104.8000,6110.0000,6114.0000,6115.6000,6120.0000,6124.8000,1,1,1,1,1,11,1,1,1,5
SF,IC2103,2020-09-04 09:33:16.000,6109.8000,23689,0,513467360.000,0,-,-,-,-,6108.2000,6107.6000,6107.4000,6106.4000,6105.4000,6110.0000,6115.6000,6120.0000,6124.8000,6125.0000,4,3,1,1,1,11,1,1,5,2
SF,IC2103,2020-09-04 09:33:16.500,6109.8000,23689,0,513467360.000,0,-,-,-,-,6108.4000,6108.2000,6106.4000,6105.4000,6105.2000,6110.0000,6115.6000,6120.0000,6124.8000,6125.0000,1,4,1,1,1,12,1,1,5,2
SF,IC2103,2020-09-04 09:33:17.000,6110.0000,23688,-1,515911360.000,2,0,2,多平,S,6108.4000,6106.4000,6105.4000,6105.2000,6104.8000,6110.0000,6115.6000,6120.0000,6124.8000,6125.0000,1,1,1,1,1,10,1,1,5,2
SF,IC2103,2020-09-04 09:33:17.500,6110.0000,23686,-2,518355360.000,2,0,2,双平,S,6108.6000,6108.4000,6106.4000,6105.4000,6105.2000,6110.0000,6115.6000,6120.0000,6124.8000,6125.0000,1,1,1,1,1,8,1,1,5,2
SF,IC2103,2020-09-04 09:33:18.000,6110.0000,23683,-3,522021360.000,3,0,3,双平,S,6106.4000,6105.4000,6105.2000,6104.8000,6101.6000,6110.0000,6115.6000,6120.0000,6124.8000,6125.0000,1,1,1,1,6,5,1,1,5,2
SF,IC2103,2020-09-04 09:33:18.500,6110.0000,23682,-1,523243360.000,1,0,1,双平,S,6108.8000,6108.4000,6107.0000,6106.8000,6106.6000,6110.0000,6115.6000,6120.0000,6125.0000,6126.2000,1,2,3,1,3,4,1,1,2,1
SF,IC2103,2020-09-04 09:33:19.000,6110.0000,23681,-1,524465360.000,1,0,1,双平,S,6109.0000,6108.6000,6107.8000,6107.0000,6106.8000,6110.0000,6115.6000,6120.0000,6125.0000,6126.2000,1,1,1,1,1,3,1,1,2,1
SF,IC2103,2020-09-04 09:33:19.500,6110.0000,23678,-3,528131360.000,3,0,3,双平,S,6109.8000,6109.0000,6107.0000,6106.8000,6106.6000,6115.6000,6120.0000,6125.0000,6126.2000,6129.0000,2,1,1,1,2,1,1,2,1,6
SF,IC2103,2020-09-04 09:33:20.000,6110.0000,23678,0,528131360.000,0,-,-,-,-,6110.0000,6109.8000,6107.0000,6106.8000,6106.6000,6113.2000,6114.0000,6114.2000,6115.0000,6115.4000,3,2,1,1,1,1,1,1,1,1
SF,IC2103,2020-09-04 09:33:20.500,6110.0000,23678,0,528131360.000,0,-,-,-,-,6110.0000,6107.0000,6106.8000,6106.6000,6106.4000,6112.8000,6113.0000,6113.2000,6114.0000,6114.2000,2,1,1,1,1,1,1,1,1,1
SF,IC2103,2020-09-04 09:33:21.000,6112.2000,23677,-1,529353800.000,1,0,1,双平,S,6110.0000,6107.0000,6106.8000,6106.6000,6106.4000,6112.6000,6112.8000,6113.2000,6114.0000,6114.2000,2,1,1,1,1,1,1,1,1,1
SF,IC2103,2020-09-04 09:33:21.500,6112.2000,23677,0,529353800.000,0,-,-,-,-,6110.0000,6107.0000,6106.8000,6106.6000,6106.4000,6112.2000,6112.6000,6112.8000,6113.2000,6114.2000,2,1,1,1,1,1,2,1,1,1
SF,IC2103,2020-09-04 09:33:22.000,6112.2000,23677,0,529353800.000,0,-,-,-,-,6110.6000,6110.0000,6107.0000,6106.8000,6106.6000,6112.6000,6112.8000,6113.2000,6114.2000,6115.0000,1,2,1,1,1,1,1,1,1,1
SF,IC2103,2020-09-04 09:33:22.500,6112.6000,23676,-1,530576320.000,1,0,1,双平,S,6110.8000,6110.6000,6110.2000,6110.0000,6107.0000,6114.2000,6115.0000,6115.6000,6120.0000,6125.0000,1,1,3,1,1,1,1,1,1,2
SF,IC2103,2020-09-04 09:33:23.000,6112.6000,23676,0,530576320.000,0,-,-,-,-,6110.8000,6110.0000,6107.0000,6106.8000,6106.6000,6114.2000,6115.6000,6120.0000,6125.0000,6126.2000,2,1,1,1,1,1,1,1,2,1
SF,IC2103,2020-09-04 09:33:23.500,6114.2000,23677,1,531799160.000,1,1,0,双开,S,6110.8000,6110.0000,6107.0000,6106.8000,6106.6000,6115.6000,6120.0000,6125.0000,6126.2000,6129.0000,1,1,1,1,1,1,1,2,1,6
SF,IC2103,2020-09-04 09:33:24.000,6114.2000,23677,0,531799160.000,0,-,-,-,-,6111.8000,6111.6000,6111.0000,6110.8000,6110.0000,6115.4000,6115.6000,6120.0000,6125.0000,6126.2000,2,1,2,1,1,1,1,1,2,1
SF,IC2103,2020-09-04 09:33:24.500,6114.2000,23677,0,531799160.000,0,-,-,-,-,6112.0000,6110.0000,6107.0000,6106.6000,6106.4000,6115.0000,6115.4000,6115.6000,6120.0000,6125.0000,2,1,1,1,1,1,1,1,1,2
SF,IC2103,2020-09-04 09:33:25.000,6114.2000,23677,0,531799160.000,0,-,-,-,-,6112.0000,6111.8000,6110.0000,6107.0000,6106.6000,6114.8000,6115.0000,6115.6000,6120.0000,6125.0000,2,2,1,1,1,1,1,1,1,2
SF,IC2103,2020-09-04 09:33:25.500,6114.2000,23677,0,533022000.000,1,0,1,多换,S,6112.0000,6110.0000,6107.0000,6106.6000,6106.4000,6114.8000,6115.0000,6115.6000,6120.0000,6125.0000,1,1,1,1,1,1,1,1,1,2
SF,IC2103,2020-09-04 09:33:26.000,6114.2000,23677,0,533022000.000,0,-,-,-,-,6112.0000,6110.6000,6110.0000,6107.0000,6106.6000,6115.0000,6115.6000,6120.0000,6125.0000,6126.2000,1,1,1,1,1,1,1,1,2,1
SF,IC2103,2020-09-04 09:33:26.500,6114.2000,23677,0,533022000.000,0,-,-,-,-,6112.6000,6112.2000,6112.0000,6110.6000,6110.0000,6115.0000,6115.6000,6120.0000,6125.0000,6126.2000,1,3,2,1,1,1,1,1,2,1
SF,IC2103,2020-09-04 09:33:27.000,6114.2000,23677,0,533022000.000,0,-,-,-,-,6112.6000,6110.6000,6110.0000,6107.0000,6106.6000,6115.6000,6120.0000,6125.0000,6126.2000,6129.0000,1,1,1,1,1,1,1,2,1,6
SF,IC2103,2020-09-04 09:33:27.500,6114.2000,23677,0,533022000.000,0,-,-,-,-,6112.8000,6112.4000,6110.6000,6110.0000,6107.0000,6115.6000,6120.0000,6125.0000,6126.2000,6129.0000,2,2,1,1,1,1,1,2,1,6
SF,IC2103,2020-09-04 09:33:28.000,6115.6000,23676,-1,534245120.000,1,0,1,双平,S,6113.4000,6113.0000,6110.6000,6110.0000,6107.0000,6120.0000,6125.0000,6126.2000,6129.0000,6130.0000,1,1,1,1,1,11,2,1,6,1
SF,IC2103,2020-09-04 09:33:28.500,6115.6000,23676,0,534245120.000,0,-,-,-,-,6114.4000,6113.6000,6113.4000,6113.2000,6113.0000,6118.0000,6118.2000,6119.0000,6119.8000,6120.0000,2,2,1,1,1,1,1,1,1,11
SF,IC2103,2020-09-04 09:33:29.000,6115.6000,23676,0,534245120.000,0,-,-,-,-,6114.6000,6114.4000,6113.4000,6110.6000,6110.0000,6117.6000,6117.8000,6118.0000,6118.2000,6119.0000,1,2,1,1,1,1,1,1,1,1
SF,IC2103,2020-09-04 09:33:29.500,6115.6000,23676,0,534245120.000,0,-,-,-,-,6114.6000,6110.6000,6110.0000,6107.0000,6106.6000,6117.4000,6117.6000,6117.8000,6118.0000,6119.0000,1,1,1,1,1,1,1,2,1,1
SF,IC2103,2020-09-04 09:33:30.000,6115.6000,23676,0,534245120.000,0,-,-,-,-,6110.6000,6110.0000,6107.0000,6106.6000,6106.4000,6117.4000,6117.6000,6117.8000,6118.0000,6119.0000,1,1,1,1,1,1,1,1,1,1
SF,IC2103,2020-09-04 09:33:30.500,6117.0000,23675,-1,535468520.000,1,0,1,双平,S,6114.8000,6113.4000,6112.4000,6112.0000,6111.8000,6117.2000,6117.4000,6117.6000,6118.0000,6119.0000,1,5,1,2,3,1,1,1,1,1
SF,IC2103,2020-09-04 09:33:31.000,6117.0000,23675,0,536691920.000,1,0,1,多换,S,6114.4000,6114.0000,6112.6000,6112.4000,6112.0000,6117.6000,6118.0000,6119.0000,6119.8000,6120.0000,1,3,2,1,2,1,1,1,1,12
SF,IC2103,2020-09-04 09:33:31.500,6117.0000,23675,0,536691920.000,0,-,-,-,-,6115.0000,6114.6000,6114.4000,6112.6000,6112.0000,6117.6000,6118.0000,6119.0000,6119.8000,6120.0000,1,1,1,2,2,1,1,1,1,12
SF,IC2103,2020-09-04 09:33:32.000,6117.6000,23675,0,537915440.000,1,0,1,多换,S,6115.2000,6114.4000,6112.6000,6112.0000,6111.6000,6118.0000,6119.0000,6119.8000,6120.0000,6125.0000,1,1,2,2,1,1,1,1,12,2
SF,IC2103,2020-09-04 09:33:32.500,6117.6000,23675,0,537915440.000,0,-,-,-,-,6115.2000,6114.4000,6112.6000,6112.0000,6111.6000,6118.0000,6119.0000,6119.8000,6120.0000,6125.0000,2,1,2,2,1,1,1,1,12,2
SF,IC2103,2020-09-04 09:33:33.000,6117.6000,23675,0,537915440.000,0,-,-,-,-,6115.2000,6114.4000,6112.6000,6112.0000,6111.6000,6117.8000,6118.0000,6119.0000,6119.8000,6120.0000,1,1,2,2,1,1,1,1,1,12
SF,IC2103,2020-09-04 09:33:33.500,6118.0000,23675,0,539139040.000,1,0,1,多换,S,6115.6000,6115.4000,6115.2000,6114.4000,6112.6000,6119.0000,6119.8000,6120.0000,6125.0000,6126.2000,1,1,1,1,2,1,1,12,2,1
SF,IC2103,2020-09-04 09:33:34.000,6118.0000,23675,0,540362640.000,1,0,1,多换,S,6118.0000,6115.8000,6115.6000,6114.4000,6112.6000,6119.0000,6119.8000,6120.0000,6125.0000,6126.2000,1,1,1,1,2,1,1,12,2,1
SF,IC2103,2020-09-04 09:33:34.500,6118.0000,23675,0,541586240.000,1,0,1,多换,S,6115.8000,6115.6000,6114.4000,6112.6000,6112.0000,6119.0000,6119.8000,6120.0000,6125.0000,6126.2000,1,1,1,2,2,2,1,11,2,1
SF,IC2103,2020-09-04 09:33:35.500,6118.0000,23675,0,541586240.000,0,-,-,-,-,6116.0000,6115.8000,6115.6000,6115.0000,6114.4000,6119.0000,6119.8000,6120.0000,6125.0000,6126.2000,1,1,1,1,1,2,1,11,2,1
SF,IC2103,2020-09-04 09:33:36.000,6116.2000,23674,-1,542809480.000,1,0,1,双平,S,6115.6000,6115.0000,6114.4000,6112.0000,6111.6000,6118.6000,6119.0000,6119.8000,6120.0000,6125.0000,1,1,1,2,1,1,2,1,11,3
SF,IC2103,2020-09-04 09:33:36.500,6118.4000,23672,-2,546479960.000,3,0,3,多平,S,6115.0000,6114.4000,6112.0000,6111.6000,6111.0000,6118.6000,6118.8000,6119.0000,6119.8000,6120.0000,1,1,2,1,1,1,1,2,1,11
SF,IC2103,2020-09-04 09:33:37.000,6115.0000,23670,-2,550148960.000,3,0,3,多平,S,6114.4000,6112.0000,6111.6000,6111.0000,6110.6000,6118.4000,6118.6000,6119.0000,6119.8000,6120.0000,1,2,1,1,1,2,1,2,1,11
SF,IC2103,2020-09-04 09:33:37.500,6114.4000,23669,-1,551371840.000,1,0,1,双平,S,6112.0000,6111.0000,6110.6000,6110.0000,6107.0000,6118.0000,6118.2000,6118.4000,6118.6000,6119.0000,1,1,1,1,1,1,3,2,1,2
SF,IC2103,2020-09-04 09:33:38.000,6117.4000,23669,0,552595320.000,1,0,1,多换,S,6112.6000,6112.2000,6111.0000,6110.6000,6110.0000,6117.8000,6118.0000,6118.2000,6118.6000,6119.0000,1,1,1,1,1,3,1,3,1,2
SF,IC2103,2020-09-04 09:33:38.500,6117.4000,23669,0,552595320.000,0,-,-,-,-,6112.8000,6112.6000,6111.0000,6110.6000,6110.0000,6117.4000,6117.8000,6118.0000,6118.2000,6118.6000,1,1,1,1,1,1,4,1,2,1
SF,IC2103,2020-09-04 09:33:39.000,6117.4000,23669,0,552595320.000,0,-,-,-,-,6112.6000,6110.6000,6110.0000,6107.0000,6106.6000,6113.2000,6117.0000,6117.2000,6117.4000,6117.6000,1,1,1,1,1,1,1,3,1,2
SF,IC2103,2020-09-04 09:33:39.500,6112.6000,23665,-4,558708000.000,5,0,5,多平,S,6110.6000,6110.0000,6107.0000,6106.6000,6106.4000,6117.0000,6117.2000,6117.4000,6117.8000,6118.0000,1,1,1,1,1,2,3,1,2,1
SF,IC2103,2020-09-04 09:33:40.000,6112.6000,23665,0,558708000.000,0,-,-,-,-,6111.2000,6110.8000,6110.6000,6110.0000,6107.0000,6116.6000,6116.8000,6117.0000,6117.2000,6117.4000,1,1,1,1,1,1,1,2,1,1
SF,IC2103,2020-09-04 09:33:40.500,6112.6000,23665,0,558708000.000,0,-,-,-,-,6111.4000,6111.2000,6110.6000,6110.0000,6107.0000,6116.4000,6116.6000,6117.0000,6117.4000,6117.8000,4,1,1,1,1,1,1,2,1,2
SF,IC2103,2020-09-04 09:33:41.000,6112.6000,23665,0,558708000.000,0,-,-,-,-,6113.2000,6111.8000,6111.6000,6111.4000,6110.6000,6116.2000,6116.4000,6116.6000,6117.0000,6117.4000,1,1,2,4,1,1,1,1,2,1
SF,IC2103,2020-09-04 09:33:41.500,6112.6000,23665,0,558708000.000,0,-,-,-,-,6113.4000,6113.2000,6112.6000,6111.8000,6111.4000,6116.4000,6117.4000,6117.8000,6118.0000,6118.6000,1,1,1,2,2,1,1,2,1,1
SF,IC2103,2020-09-04 09:33:42.000,6113.2000,23664,-1,561153280.000,2,0,2,多平,S,6111.8000,6111.4000,6110.6000,6110.0000,6106.4000,6116.0000,6116.2000,6117.4000,6117.8000,6118.0000,2,2,1,1,1,1,2,1,2,1
SF,IC2103,2020-09-04 09:33:42.500,6115.8000,23664,0,562376440.000,1,0,1,多换,S,6112.0000,6111.4000,6110.6000,6110.0000,6106.4000,6116.0000,6116.2000,6117.4000,6117.8000,6118.0000,1,1,1,1,1,1,1,1,2,1
SF,IC2103,2020-09-04 09:33:43.000,6115.8000,23664,0,562376440.000,0,-,-,-,-,6112.0000,6111.4000,6110.6000,6110.0000,6106.4000,6115.8000,6116.0000,6116.2000,6117.4000,6117.8000,1,1,1,1,1,3,1,1,1,2
SF,IC2103,2020-09-04 09:33:43.500,6112.0000,23663,-1,563598840.000,1,0,1,双平,S,6110.6000,6110.0000,6106.4000,6101.6000,6099.2000,6115.4000,6115.6000,6115.8000,6116.0000,6116.2000,1,1,1,6,5,1,2,2,1,1
SF,IC2103,2020-09-04 09:33:44.000,6112.0000,23663,0,563598840.000,0,-,-,-,-,6110.6000,6110.0000,6106.4000,6101.6000,6099.2000,6113.2000,6115.0000,6115.2000,6115.4000,6115.6000,1,1,1,6,5,1,1,2,3,3
SF,IC2103,2020-09-04 09:33:44.500,6110.0000,23662,-1,566042960.000,2,0,2,多平,S,6106.4000,6101.6000,6099.2000,6099.0000,6096.8000,6112.8000,6113.2000,6115.0000,6115.2000,6115.4000,1,6,5,2,1,1,1,1,4,3
SF,IC2103,2020-09-04 09:33:45.000,6110.0000,23662,0,566042960.000,0,-,-,-,-,6107.2000,6107.0000,6106.8000,6106.6000,6106.4000,6112.6000,6112.8000,6113.0000,6113.2000,6115.0000,1,1,1,1,1,3,1,1,1,1
SF,IC2103,2020-09-04 09:33:45.500,6110.0000,23662,0,566042960.000,0,-,-,-,-,6108.2000,6107.6000,6107.4000,6107.2000,6107.0000,6112.6000,6113.2000,6115.0000,6115.4000,6116.0000,3,1,2,1,1,3,1,1,1,1
SF,IC2103,2020-09-04 09:33:46.000,6110.0000,23662,0,566042960.000,0,-,-,-,-,6108.6000,6107.4000,6107.2000,6106.6000,6106.4000,6112.6000,6113.2000,6115.0000,6115.4000,6116.0000,1,2,1,1,1,2,1,1,1,1
SF,IC2103,2020-09-04 09:33:46.500,6110.0000,23662,0,566042960.000,0,-,-,-,-,6109.0000,6108.8000,6108.6000,6108.4000,6107.4000,6112.6000,6113.2000,6115.0000,6115.4000,6116.0000,3,1,2,1,2,2,1,1,1,1
SF,IC2103,2020-09-04 09:33:47.000,6112.6000,23661,-1,567265480.000,1,0,1,双平,S,6109.4000,6109.2000,6108.8000,6108.6000,6107.4000,6112.6000,6113.2000,6115.0000,6115.4000,6116.0000,1,1,1,2,2,1,1,1,1,1
SF,IC2103,2020-09-04 09:33:47.500,6112.6000,23661,0,567265480.000,0,-,-,-,-,6109.4000,6109.2000,6109.0000,6108.6000,6107.4000,6112.6000,6115.0000,6115.4000,6116.0000,6117.8000,1,2,3,2,2,1,1,1,1,1
SF,IC2103,2020-09-04 09:33:48.000,6112.6000,23661,0,567265480.000,0,-,-,-,-,6109.6000,6109.4000,6109.2000,6109.0000,6108.6000,6112.6000,6115.4000,6116.0000,6117.8000,6118.8000,1,1,1,3,2,1,1,1,1,1
SF,IC2103,2020-09-04 09:33:48.500,6112.6000,23661,0,567265480.000,0,-,-,-,-,6110.2000,6110.0000,6109.8000,6109.6000,6109.4000,6115.4000,6116.0000,6117.8000,6118.8000,6119.0000,1,2,1,1,1,1,1,1,1,1
SF,IC2103,2020-09-04 09:33:49.000,6112.6000,23661,0,567265480.000,0,-,-,-,-,6110.2000,6109.4000,6109.2000,6108.6000,6107.4000,6113.2000,6115.0000,6115.2000,6115.4000,6116.0000,1,1,1,1,1,1,1,3,1,1
SF,IC2103,2020-09-04 09:33:49.500,6112.6000,23661,0,567265480.000,0,-,-,-,-,6109.4000,6107.4000,6106.6000,6106.4000,6101.6000,6113.2000,6115.0000,6115.2000,6115.4000,6116.0000,1,1,1,1,6,1,1,3,1,1
SF,IC2103,2020-09-04 09:33:50.000,6112.6000,23661,0,567265480.000,0,-,-,-,-,6107.4000,6106.6000,6106.4000,6101.6000,6099.2000,6113.0000,6113.2000,6115.0000,6115.2000,6115.4000,1,1,1,6,5,3,1,1,1,1
SF,IC2103,2020-09-04 09:33:50.500,6112.6000,23661,0,567265480.000,0,-,-,-,-,6107.8000,6107.6000,6107.4000,6106.6000,6106.4000,6112.6000,6112.8000,6113.0000,6113.2000,6115.0000,2,1,1,1,1,1,2,3,1,1
SF,IC2103,2020-09-04 09:33:51.000,6112.6000,23661,0,567265480.000,0,-,-,-,-,6107.8000,6107.6000,6107.4000,6106.6000,6106.4000,6112.4000,6112.6000,6112.8000,6113.2000,6115.0000,3,1,1,1,1,1,1,2,1,1
SF,IC2103,2020-09-04 09:33:51.500,6112.6000,23661,0,567265480.000,0,-,-,-,-,6107.8000,6107.4000,6106.6000,6106.4000,6101.6000,6112.0000,6112.2000,6112.4000,6112.6000,6112.8000,2,1,1,1,6,1,1,3,1,1
SF,IC2103,2020-09-04 09:33:52.000,6112.6000,23661,0,567265480.000,0,-,-,-,-,6107.8000,6106.6000,6106.4000,6101.6000,6099.2000,6111.8000,6112.0000,6112.2000,6112.6000,6112.8000,2,1,1,6,5,1,2,1,1,1
SF,IC2103,2020-09-04 09:33:52.500,6112.6000,23661,0,567265480.000,0,-,-,-,-,6107.8000,6106.6000,6106.4000,6101.6000,6099.2000,6111.6000,6111.8000,6112.0000,6112.6000,6112.8000,2,1,1,6,5,2,1,1,1,1
SF,IC2103,2020-09-04 09:33:53.000,6108.0000,23661,0,568487080.000,1,0,1,多换,S,6107.8000,6106.6000,6106.4000,6101.6000,6099.2000,6111.4000,6111.6000,6112.0000,6112.6000,6112.8000,1,1,1,6,5,1,2,1,1,1
SF,IC2103,2020-09-04 09:33:53.500,6108.0000,23661,0,568487080.000,0,-,-,-,-,6107.8000,6106.6000,6106.4000,6101.6000,6099.2000,6111.4000,6111.6000,6112.8000,6113.2000,6115.0000,1,1,1,6,5,1,1,1,1,1
SF,IC2103,2020-09-04 09:33:54.000,6108.0000,23661,0,568487080.000,0,-,-,-,-,6107.8000,6106.6000,6106.4000,6101.6000,6099.2000,6111.2000,6111.4000,6112.8000,6113.2000,6115.0000,1,1,1,6,5,2,1,1,1,1
SF,IC2103,2020-09-04 09:33:54.500,6108.0000,23661,0,568487080.000,0,-,-,-,-,6108.0000,6107.8000,6106.6000,6106.4000,6101.6000,6111.2000,6111.4000,6112.8000,6113.2000,6115.0000,2,1,1,1,6,3,1,1,1,1
SF,IC2103,2020-09-04 09:33:55.000,6108.0000,23661,0,568487080.000,0,-,-,-,-,6108.0000,6107.8000,6106.6000,6106.4000,6101.6000,6111.2000,6111.4000,6113.2000,6115.0000,6117.8000,2,1,1,1,6,2,1,1,1,1
SF,IC2103,2020-09-04 09:33:55.500,6108.0000,23661,0,568487080.000,0,-,-,-,-,6108.6000,6108.0000,6107.8000,6106.6000,6106.4000,6111.2000,6111.4000,6113.2000,6115.0000,6117.8000,1,1,3,1,1,2,1,1,1,1
SF,IC2103,2020-09-04 09:33:56.000,6108.0000,23661,0,568487080.000,0,-,-,-,-,6109.2000,6108.8000,6108.6000,6108.4000,6107.8000,6111.0000,6111.2000,6113.2000,6115.0000,6117.8000,1,1,1,1,3,1,2,1,1,1
SF,IC2103,2020-09-04 09:33:56.500,6108.0000,23661,0,568487080.000,0,-,-,-,-,6109.2000,6108.8000,6108.6000,6107.8000,6106.6000,6111.2000,6113.2000,6115.0000,6117.8000,6118.8000,1,1,1,1,1,1,1,1,1,1
SF,IC2103,2020-09-04 09:33:57.000,6108.0000,23661,0,568487080.000,0,-,-,-,-,6108.8000,6108.6000,6107.8000,6106.6000,6106.4000,6110.8000,6111.0000,6111.2000,6113.2000,6115.0000,1,1,1,1,1,1,1,1,1,1
SF,IC2103,2020-09-04 09:33:57.500,6108.0000,23661,0,568487080.000,0,-,-,-,-,6107.8000,6106.6000,6106.4000,6101.6000,6099.2000,6111.2000,6113.2000,6115.0000,6117.8000,6118.8000,1,1,1,6,5,1,1,1,1,1
SF,IC2103,2020-09-04 09:33:58.000,6108.0000,23661,0,568487080.000,0,-,-,-,-,6107.8000,6106.6000,6106.4000,6106.0000,6101.6000,6110.6000,6111.0000,6111.2000,6113.2000,6115.0000,1,1,1,2,6,1,1,1,1,1
SF,IC2103,2020-09-04 09:33:58.500,6108.0000,23661,0,568487080.000,0,-,-,-,-,6108.4000,6108.0000,6107.8000,6106.6000,6106.4000,6111.0000,6111.2000,6113.2000,6115.0000,6117.8000,2,3,2,1,1,1,1,1,1,1
SF,IC2103,2020-09-04 09:33:59.000,6111.2000,23660,-1,569709320.000,1,0,1,双平,S,6109.0000,6108.8000,6108.6000,6108.2000,6107.8000,6115.0000,6117.8000,6118.8000,6119.0000,6120.0000,3,3,1,1,1,1,1,1,1,10
SF,IC2103,2020-09-04 09:33:59.500,6111.2000,23660,0,569709320.000,0,-,-,-,-,6109.4000,6109.2000,6109.0000,6108.6000,6108.2000,6114.8000,6115.0000,6117.8000,6118.8000,6119.0000,1,1,1,1,1,3,1,1,1,1
SF,IC2103,2020-09-04 09:34:00.000,6111.2000,23660,0,569709320.000,0,-,-,-,-,6109.6000,6109.4000,6108.6000,6108.2000,6106.6000,6113.2000,6113.8000,6114.2000,6114.4000,6114.6000,1,1,1,1,1,1,2,1,1,1
SF,IC2103,2020-09-04 09:34:00.500,6111.2000,23660,0,569709320.000,0,-,-,-,-,6110.0000,6109.8000,6109.6000,6109.4000,6108.6000,6113.8000,6114.2000,6114.4000,6114.6000,6115.0000,1,1,1,4,1,2,1,1,1,1
SF,IC2103,2020-09-04 09:34:01.000,6111.2000,23660,0,569709320.000,0,-,-,-,-,6110.2000,6110.0000,6109.8000,6109.4000,6108.6000,6113.0000,6113.6000,6115.0000,6118.8000,6119.0000,2,2,1,1,1,1,1,1,1,1
SF,IC2103,2020-09-04 09:34:01.500,6112.8000,23660,0,570931880.000,1,0,1,多换,S,6110.0000,6109.4000,6108.6000,6108.2000,6106.6000,6113.2000,6113.4000,6115.0000,6118.8000,6119.0000,1,1,1,1,1,1,1,1,1,1
SF,IC2103,2020-09-04 09:34:02.000,6112.8000,23660,0,570931880.000,0,-,-,-,-,6108.6000,6108.2000,6106.6000,6106.4000,6106.0000,6113.0000,6113.2000,6115.0000,6118.8000,6119.0000,1,1,1,1,2,1,1,1,1,1
SF,IC2103,2020-09-04 09:34:02.500,6112.8000,23660,0,570931880.000,0,-,-,-,-,6109.0000,6108.6000,6108.2000,6106.6000,6106.4000,6112.8000,6113.0000,6113.2000,6115.0000,6118.8000,1,1,1,1,1,4,2,1,1,1
SF,IC2103,2020-09-04 09:34:03.000,6112.8000,23660,0,570931880.000,0,-,-,-,-,6109.8000,6109.6000,6109.4000,6109.0000,6108.8000,6112.8000,6113.2000,6115.0000,6118.8000,6119.0000,4,1,1,1,2,4,1,1,1,1
SF,IC2103,2020-09-04 09:34:03.500,6112.8000,23660,0,570931880.000,0,-,-,-,-,6109.8000,6109.0000,6108.6000,6108.2000,6106.6000,6112.4000,6112.6000,6113.2000,6113.4000,6115.0000,1,1,1,1,1,1,1,1,2,1
SF,IC2103,2020-09-04 09:34:04.000,6112.8000,23660,0,570931880.000,0,-,-,-,-,6109.8000,6109.0000,6108.6000,6108.2000,6106.6000,6112.4000,6113.2000,6113.4000,6115.0000,6118.8000,1,1,1,1,1,1,1,2,1,1
SF,IC2103,2020-09-04 09:34:04.500,6112.8000,23660,0,570931880.000,0,-,-,-,-,6110.4000,6109.8000,6109.0000,6108.6000,6108.2000,6112.2000,6112.4000,6113.2000,6113.4000,6115.0000,1,1,1,1,1,1,1,1,2,1
SF,IC2103,2020-09-04 09:34:05.000,6110.4000,23656,-4,575821120.000,4,0,4,双平,S,6110.4000,6109.8000,6109.0000,6108.6000,6108.2000,6113.4000,6115.0000,6118.8000,6119.0000,6120.0000,1,1,1,1,1,2,1,1,1,10
SF,IC2103,2020-09-04 09:34:05.500,6110.4000,23656,0,575821120.000,0,-,-,-,-,6111.0000,6110.8000,6109.8000,6108.6000,6108.2000,6113.4000,6118.8000,6119.0000,6120.0000,6125.0000,3,1,1,1,1,2,1,1,10,3
SF,IC2103,2020-09-04 09:34:06.000,6113.4000,23654,-2,578266480.000,2,0,2,双平,S,6112.4000,6111.4000,6110.8000,6110.4000,6109.8000,6118.8000,6119.0000,6120.0000,6125.0000,6126.2000,1,2,2,1,1,1,1,10,3,1
SF,IC2103,2020-09-04 09:34:06.500,6113.4000,23654,0,578266480.000,0,-,-,-,-,6113.0000,6112.8000,6112.6000,6112.4000,6112.0000,6118.2000,6118.6000,6118.8000,6119.0000,6120.0000,1,1,1,1,1,1,2,1,1,10
SF,IC2103,2020-09-04 09:34:07.000,6113.2000,23653,-1,579489120.000,1,0,1,双平,S,6112.2000,6111.4000,6110.8000,6110.4000,6109.8000,6118.0000,6118.2000,6118.6000,6118.8000,6119.0000,2,1,2,1,1,1,1,2,1,1
SF,IC2103,2020-09-04 09:34:07.500,6113.2000,23653,0,579489120.000,0,-,-,-,-,6113.8000,6112.2000,6111.4000,6110.8000,6110.4000,6117.4000,6117.6000,6117.8000,6118.0000,6118.2000,1,1,1,2,1,1,3,2,1,1
SF,IC2103,2020-09-04 09:34:08.000,6113.2000,23653,0,579489120.000,0,-,-,-,-,6114.0000,6113.8000,6112.4000,6111.4000,6110.8000,6117.2000,6117.4000,6117.6000,6117.8000,6118.2000,3,1,1,1,2,1,1,2,1,1
SF,IC2103,2020-09-04 09:34:08.500,6113.2000,23653,0,579489120.000,0,-,-,-,-,6111.4000,6110.8000,6110.4000,6109.8000,6108.6000,6117.0000,6117.2000,6117.4000,6117.8000,6118.2000,1,2,1,1,1,2,2,1,1,1
SF,IC2103,2020-09-04 09:34:09.000,6113.2000,23653,0,579489120.000,0,-,-,-,-,6113.2000,6112.0000,6111.8000,6111.6000,6111.4000,6114.0000,6116.8000,6117.0000,6117.4000,6117.8000,2,1,1,1,1,1,1,2,1,1
SF,IC2103,2020-09-04 09:34:09.500,6114.0000,23652,-1,580711920.000,1,0,1,双平,S,6113.6000,6113.4000,6113.2000,6112.0000,6111.8000,6116.8000,6118.8000,6119.0000,6120.0000,6125.0000,1,1,1,1,1,1,1,1,10,3
SF,IC2103,2020-09-04 09:34:10.000,6114.0000,23652,0,580711920.000,0,-,-,-,-,6112.0000,6111.8000,6111.6000,6111.4000,6110.8000,6116.8000,6118.8000,6119.0000,6120.0000,6125.0000,1,1,1,1,1,1,1,1,10,3
SF,IC2103,2020-09-04 09:34:10.500,6114.0000,23652,0,580711920.000,0,-,-,-,-,6113.8000,6113.6000,6113.4000,6112.6000,6112.0000,6116.8000,6118.8000,6119.0000,6120.0000,6125.0000,1,3,1,1,1,1,1,1,10,3
SF,IC2103,2020-09-04 09:34:11.000,6114.0000,23652,0,580711920.000,0,-,-,-,-,6113.8000,6112.6000,6112.0000,6111.8000,6111.6000,6116.6000,6118.8000,6119.0000,6120.0000,6125.0000,1,1,1,1,1,1,1,1,10,3
SF,IC2103,2020-09-04 09:34:11.500,6113.8000,23651,-1,581934680.000,1,0,1,双平,S,6112.0000,6111.8000,6111.6000,6111.4000,6110.8000,6116.4000,6118.8000,6119.0000,6120.0000,6125.0000,1,1,1,1,1,1,1,1,10,3
SF,IC2103,2020-09-04 09:34:12.000,6113.8000,23651,0,581934680.000,0,-,-,-,-,6112.8000,6112.6000,6112.0000,6111.8000,6111.6000,6116.0000,6116.2000,6116.4000,6118.8000,6119.0000,1,1,1,1,1,1,1,1,1,1
SF,IC2103,2020-09-04 09:34:12.500,6113.8000,23651,0,581934680.000,0,-,-,-,-,6112.6000,6111.8000,6110.8000,6109.8000,6106.6000,6116.0000,6116.2000,6116.4000,6118.8000,6119.0000,1,1,1,1,1,1,1,1,1,1
SF,IC2103,2020-09-04 09:34:13.500,6113.8000,23651,0,581934680.000,0,-,-,-,-,6113.4000,6113.0000,6112.6000,6111.8000,6110.8000,6116.2000,6116.4000,6118.8000,6119.0000,6120.0000,3,1,1,1,1,1,1,1,1,10
SF,IC2103,2020-09-04 09:34:14.000,6113.8000,23651,0,581934680.000,0,-,-,-,-,6114.0000,6113.8000,6113.0000,6112.6000,6111.8000,6116.4000,6118.8000,6119.0000,6120.0000,6125.0000,2,1,1,1,1,1,1,1,10,3
SF,IC2103,2020-09-04 09:34:14.500,6113.8000,23651,0,581934680.000,0,-,-,-,-,6113.0000,6112.6000,6111.8000,6110.8000,6109.8000,6116.0000,6116.4000,6118.8000,6119.0000,6120.0000,1,1,1,1,1,1,1,1,1,10
SF,IC2103,2020-09-04 09:34:15.000,6114.0000,23651,0,583157480.000,1,0,1,多换,S,6112.6000,6111.8000,6110.8000,6109.8000,6108.8000,6116.0000,6116.4000,6118.8000,6119.0000,6120.0000,1,1,1,1,1,1,1,1,1,10
