市场代码,合约代码,时间,最新,持仓,增仓,成交额,成交量,开仓,平仓,成交类型,方向,买一价,买二价,买三价,买四价,买五价,卖一价,卖二价,卖三价,卖四价,卖五价,买一量,买二量,买三量,买四量,买五量,卖一量,卖二量,卖三量,卖四量,卖五量
SF,IC2103,2020-09-02 09:29:00.200,6255.0000,22497,0,6255000.000,5.000,-,-,-,-,6255.0000,6253.0000,6252.0000,6251.2000,6251.0000,6265.0000,6269.0000,6277.0000,6279.0000,6284.0000,1,1,1,1,1,1,6,1,5,1
SF,IC2103,2020-09-02 09:30:00.200,6260.0000,22495,-2,13770000.000,6,2,4,多平,S,6257.6000,6256.6000,6255.8000,6253.0000,6252.0000,6269.0000,6277.0000,6279.0000,6294.6000,6296.0000,1,1,1,1,1,6,1,5,1,6
SF,IC2103,2020-09-02 09:30:00.700,6260.0000,22495,0,15022000.000,1,0,1,多换,S,6262.4000,6261.2000,6260.8000,6258.2000,6258.0000,6268.8000,6269.0000,6277.0000,6279.0000,6294.6000,1,2,1,2,1,1,6,1,5,1
SF,IC2103,2020-09-02 09:30:01.200,6260.0000,22495,0,15022000.000,0,-,-,-,-,6263.4000,6263.0000,6262.8000,6262.6000,6262.4000,6268.4000,6269.0000,6277.0000,6279.0000,6294.6000,1,1,1,1,1,1,6,1,5,1
SF,IC2103,2020-09-02 09:30:01.700,6258.2000,22496,1,27541280.000,10,5,5,空开,S,6257.6000,6255.8000,6255.0000,6251.2000,6251.0000,6258.0000,6268.2000,6268.4000,6269.0000,6277.0000,1,1,1,1,1,2,3,1,6,1
SF,IC2103,2020-09-02 09:30:02.200,6258.0000,22492,-4,37554120.000,8,2,6,多平,S,6258.4000,6258.0000,6257.6000,6255.8000,6255.0000,6268.4000,6269.0000,6277.0000,6279.0000,6294.6000,5,6,1,1,1,1,6,1,5,1
SF,IC2103,2020-09-02 09:30:02.700,6258.0000,22492,0,37554120.000,0,-,-,-,-,6260.6000,6258.6000,6258.4000,6258.0000,6257.6000,6266.2000,6267.8000,6268.2000,6268.4000,6269.0000,1,1,5,5,1,1,5,1,1,6
SF,IC2103,2020-09-02 09:30:03.200,6258.0000,22492,0,37554120.000,0,-,-,-,-,6261.6000,6258.6000,6258.4000,6258.0000,6257.6000,6262.4000,6263.4000,6265.6000,6265.8000,6266.0000,1,1,5,5,1,1,1,2,1,3
SF,IC2103,2020-09-02 09:30:03.700,6261.6000,22490,-2,40058520.000,2,0,2,双平,S,6260.0000,6258.6000,6258.4000,6258.0000,6257.6000,6262.4000,6263.4000,6265.6000,6265.8000,6266.0000,1,1,5,3,1,1,1,2,1,2
SF,IC2103,2020-09-02 09:30:04.200,6263.4000,22489,-1,46320560.000,5,2,3,多平,S,6260.2000,6258.4000,6258.0000,6257.6000,6255.8000,6265.6000,6265.8000,6266.0000,6266.2000,6267.8000,1,5,3,1,1,2,1,1,1,1
SF,IC2103,2020-09-02 09:30:04.700,6263.4000,22489,0,46320560.000,0,-,-,-,-,6258.4000,6257.6000,6255.8000,6255.0000,6251.0000,6262.4000,6265.0000,6265.4000,6265.6000,6266.0000,5,1,1,1,1,1,1,3,2,4
SF,IC2103,2020-09-02 09:30:05.200,6263.4000,22489,0,46320560.000,0,-,-,-,-,6258.6000,6258.4000,6257.6000,6255.8000,6255.0000,6262.2000,6262.4000,6265.0000,6265.4000,6265.6000,1,5,1,1,1,1,2,1,1,2
SF,IC2103,2020-09-02 09:30:05.700,6262.2000,22488,-1,47573000.000,1,0,1,双平,S,6258.8000,6258.6000,6258.4000,6257.6000,6255.8000,6262.4000,6265.0000,6265.4000,6265.6000,6266.0000,1,1,5,1,1,2,1,1,2,4
SF,IC2103,2020-09-02 09:30:06.200,6262.2000,22488,0,47573000.000,0,-,-,-,-,6258.8000,6258.6000,6258.4000,6257.6000,6255.8000,6262.4000,6265.0000,6265.4000,6265.6000,6266.0000,1,1,5,1,1,3,1,1,2,4
SF,IC2103,2020-09-02 09:30:06.700,6262.2000,22488,0,47573000.000,0,-,-,-,-,6259.2000,6258.8000,6258.6000,6258.4000,6255.8000,6262.4000,6265.0000,6265.4000,6265.6000,6266.0000,2,1,1,5,1,3,1,1,2,4
SF,IC2103,2020-09-02 09:30:07.200,6259.4000,22488,0,48824880.000,1,0,1,多换,S,6258.6000,6258.4000,6255.8000,6251.0000,6250.0000,6262.2000,6262.4000,6265.0000,6265.4000,6265.6000,1,5,1,1,3,1,3,1,1,2
SF,IC2103,2020-09-02 09:30:07.700,6259.4000,22488,0,48824880.000,0,-,-,-,-,6258.8000,6258.6000,6258.4000,6255.8000,6251.0000,6262.2000,6262.4000,6265.0000,6265.4000,6265.6000,1,1,5,1,1,1,3,1,1,2
SF,IC2103,2020-09-02 09:30:08.200,6259.4000,22488,0,48824880.000,0,-,-,-,-,6259.0000,6258.6000,6258.4000,6255.8000,6251.0000,6262.2000,6262.4000,6265.0000,6265.4000,6265.6000,1,1,5,1,1,1,3,1,1,2
SF,IC2103,2020-09-02 09:30:08.700,6262.2000,22487,-1,50077320.000,1,0,1,双平,S,6259.2000,6259.0000,6258.6000,6258.4000,6255.8000,6262.4000,6265.0000,6265.6000,6266.0000,6266.2000,2,1,1,5,1,3,1,2,4,1
SF,IC2103,2020-09-02 09:30:09.200,6259.2000,22487,0,51329160.000,1,0,1,多换,S,6259.0000,6258.6000,6258.4000,6255.8000,6251.0000,6260.0000,6262.2000,6262.4000,6265.0000,6265.6000,1,1,5,1,1,4,1,3,1,2
SF,IC2103,2020-09-02 09:30:09.700,6259.0000,22490,3,56336960.000,4,3,1,空开,S,6258.6000,6258.4000,6255.8000,6251.0000,6250.0000,6260.0000,6262.2000,6262.4000,6265.0000,6265.6000,1,5,1,1,3,2,1,3,1,2
SF,IC2103,2020-09-02 09:30:10.200,6258.4000,22490,0,58840440.000,2,1,1,多换,S,6258.4000,6255.8000,6251.0000,6250.0000,6233.0000,6259.8000,6260.0000,6262.2000,6262.4000,6265.0000,4,1,1,3,1,1,2,1,3,1
SF,IC2103,2020-09-02 09:30:10.700,6258.4000,22487,-3,62595480.000,3,0,3,双平,S,6258.4000,6255.8000,6251.0000,6250.0000,6233.0000,6259.2000,6259.8000,6260.0000,6262.2000,6262.4000,1,1,1,3,1,1,1,2,1,3
SF,IC2103,2020-09-02 09:30:11.200,6258.4000,22486,-1,66350960.000,3,1,2,多平,S,6258.6000,6255.8000,6251.0000,6250.0000,6248.0000,6260.0000,6262.2000,6262.4000,6265.0000,6265.6000,1,1,1,3,1,2,1,3,1,2
SF,IC2103,2020-09-02 09:30:11.700,6260.0000,22488,2,68854960.000,2,2,0,双开,S,6260.0000,6259.0000,6258.8000,6258.6000,6255.8000,6262.2000,6262.4000,6265.0000,6265.6000,6266.0000,1,1,1,1,1,1,3,1,2,4
SF,IC2103,2020-09-02 09:30:12.200,6260.0000,22488,0,70106960.000,1,0,1,多换,S,6259.0000,6258.6000,6255.8000,6251.0000,6250.0000,6262.4000,6265.0000,6265.6000,6266.0000,6266.2000,1,1,1,1,3,3,1,2,4,1
SF,IC2103,2020-09-02 09:30:12.700,6259.0000,22487,-1,72610560.000,2,0,2,多平,S,6258.6000,6255.8000,6251.0000,6250.0000,6248.0000,6262.2000,6262.4000,6265.0000,6265.6000,6266.0000,1,1,1,3,1,2,3,1,2,4
SF,IC2103,2020-09-02 09:30:13.200,6258.6000,22487,0,73862280.000,1,0,1,多换,S,6260.0000,6256.2000,6255.8000,6251.0000,6250.0000,6262.0000,6262.2000,6262.4000,6265.0000,6265.6000,1,1,1,1,3,1,2,3,1,2
SF,IC2103,2020-09-02 09:30:13.700,6260.0000,22487,0,75114280.000,1,0,1,多换,S,6256.2000,6255.8000,6254.2000,6251.0000,6250.0000,6259.8000,6261.8000,6262.0000,6262.2000,6262.4000,1,1,1,1,3,1,2,1,1,3
SF,IC2103,2020-09-02 09:30:14.200,6260.0000,22486,-1,76366280.000,1,0,1,双平,S,6257.8000,6256.4000,6256.2000,6255.8000,6254.2000,6260.0000,6261.8000,6262.2000,6262.4000,6265.0000,2,2,1,1,1,1,1,1,3,1
SF,IC2103,2020-09-02 09:30:14.700,6261.8000,22486,0,78870640.000,2,1,1,多换,S,6258.0000,6256.4000,6256.2000,6255.8000,6254.2000,6262.2000,6262.4000,6265.0000,6265.6000,6266.0000,1,2,1,1,1,1,3,1,1,4
SF,IC2103,2020-09-02 09:30:15.200,6261.8000,22486,0,78870640.000,0,-,-,-,-,6258.2000,6256.4000,6255.8000,6254.2000,6251.0000,6262.0000,6262.2000,6262.4000,6266.0000,6266.2000,1,1,1,1,1,4,1,3,4,1
SF,IC2103,2020-09-02 09:30:15.700,6261.8000,22486,0,78870640.000,0,-,-,-,-,6258.2000,6256.4000,6255.8000,6251.0000,6250.0000,6262.0000,6262.2000,6262.4000,6266.0000,6267.0000,1,1,1,1,3,4,1,3,4,1
SF,IC2103,2020-09-02 09:30:16.200,6258.2000,22485,-1,80122280.000,1,0,1,双平,S,6256.4000,6255.8000,6251.0000,6250.0000,6248.0000,6261.2000,6261.8000,6262.0000,6262.2000,6262.4000,1,1,1,3,1,1,1,4,1,3
SF,IC2103,2020-09-02 09:30:16.700,6258.2000,22485,0,80122280.000,0,-,-,-,-,6255.8000,6255.4000,6251.0000,6250.0000,6248.0000,6260.6000,6260.8000,6261.0000,6261.2000,6262.0000,1,1,1,3,1,3,1,3,1,1
SF,IC2103,2020-09-02 09:30:17.200,6258.2000,22485,0,80122280.000,0,-,-,-,-,6259.2000,6255.8000,6255.4000,6251.0000,6250.0000,6260.4000,6260.6000,6260.8000,6261.0000,6261.2000,10,1,1,1,3,2,3,1,1,1
SF,IC2103,2020-09-02 09:30:17.700,6259.2000,22485,0,92640680.000,10,5,5,多换,S,6255.8000,6251.0000,6250.0000,6249.0000,6248.0000,6258.2000,6259.0000,6259.8000,6260.4000,6260.8000,1,1,3,1,1,4,1,3,1,1
SF,IC2103,2020-09-02 09:30:18.200,6255.8000,22485,0,93891840.000,1,0,1,多换,S,6251.0000,6250.0000,6249.0000,6248.0000,6233.0000,6257.8000,6258.0000,6258.2000,6259.0000,6259.8000,1,3,1,1,1,1,1,4,1,1
SF,IC2103,2020-09-02 09:30:18.700,6255.8000,22485,0,93891840.000,0,-,-,-,-,6251.2000,6251.0000,6250.0000,6249.0000,6248.4000,6257.6000,6257.8000,6258.0000,6258.2000,6259.0000,1,1,3,1,1,2,1,1,4,1
SF,IC2103,2020-09-02 09:30:19.200,6255.8000,22485,0,93891840.000,0,-,-,-,-,6251.2000,6251.0000,6250.0000,6249.0000,6248.4000,6257.6000,6257.8000,6258.0000,6258.2000,6259.0000,1,1,3,1,1,1,1,1,4,1
SF,IC2103,2020-09-02 09:30:19.700,6255.8000,22485,0,93891840.000,0,-,-,-,-,6256.0000,6252.8000,6251.8000,6251.4000,6251.2000,6257.6000,6258.2000,6259.0000,6259.8000,6261.0000,1,2,1,1,1,1,4,1,1,1
SF,IC2103,2020-09-02 09:30:20.200,6256.0000,22484,-1,95143040.000,1,0,1,双平,S,6251.8000,6251.0000,6250.0000,6249.0000,6248.4000,6258.2000,6259.0000,6259.8000,6261.0000,6262.0000,1,2,3,1,1,4,1,1,1,2
SF,IC2103,2020-09-02 09:30:20.700,6258.0000,22483,-1,97645080.000,2,0,2,多平,S,6257.6000,6252.0000,6251.8000,6251.0000,6250.0000,6258.0000,6258.2000,6259.0000,6259.8000,6262.0000,1,3,1,2,3,1,4,1,1,2
SF,IC2103,2020-09-02 09:30:21.200,6258.2000,22477,-6,107657840.000,8,1,7,多平,S,6252.0000,6251.8000,6251.0000,6250.0000,6249.0000,6259.8000,6262.0000,6262.4000,6266.0000,6267.0000,2,1,2,2,1,1,2,3,3,1
SF,IC2103,2020-09-02 09:30:21.700,6258.2000,22477,0,107657840.000,0,-,-,-,-,6254.0000,6252.8000,6252.2000,6251.8000,6251.0000,6259.2000,6259.8000,6262.0000,6262.4000,6266.0000,1,1,2,1,2,3,1,2,3,3
SF,IC2103,2020-09-02 09:30:22.200,6258.2000,22477,0,107657840.000,0,-,-,-,-,6254.2000,6254.0000,6253.0000,6252.8000,6252.2000,6258.6000,6259.0000,6259.2000,6259.8000,6262.0000,2,1,1,1,1,1,2,2,1,2
SF,IC2103,2020-09-02 09:30:22.700,6258.2000,22477,0,107657840.000,0,-,-,-,-,6254.4000,6254.2000,6254.0000,6253.0000,6252.8000,6258.6000,6259.0000,6259.2000,6259.8000,6262.0000,1,1,1,1,1,1,2,2,1,2
SF,IC2103,2020-09-02 09:30:23.200,6258.2000,22477,0,107657840.000,0,-,-,-,-,6254.4000,6254.0000,6253.0000,6252.8000,6251.0000,6258.4000,6259.0000,6259.2000,6259.8000,6262.0000,1,1,1,1,2,3,2,2,1,2
SF,IC2103,2020-09-02 09:30:23.700,6258.2000,22477,0,107657840.000,0,-,-,-,-,6254.8000,6254.4000,6254.0000,6253.0000,6251.0000,6258.2000,6258.4000,6259.0000,6259.2000,6259.8000,1,1,1,1,2,1,2,2,2,1
SF,IC2103,2020-09-02 09:30:24.200,6254.8000,22478,1,108908800.000,1,1,0,双开,S,6254.4000,6254.0000,6253.0000,6251.0000,6250.0000,6258.0000,6258.2000,6258.4000,6259.0000,6259.2000,1,1,1,2,2,2,1,1,2,2
SF,IC2103,2020-09-02 09:30:24.700,6254.8000,22478,0,108908800.000,0,-,-,-,-,6254.0000,6253.0000,6251.0000,6250.0000,6248.0000,6257.4000,6257.8000,6258.0000,6258.4000,6259.0000,1,1,2,2,1,1,4,2,1,2
SF,IC2103,2020-09-02 09:30:25.200,6254.8000,22478,0,108908800.000,0,-,-,-,-,6255.4000,6254.0000,6251.0000,6250.0000,6248.0000,6256.8000,6257.2000,6257.8000,6258.4000,6259.0000,2,1,2,2,1,1,1,4,1,2
SF,IC2103,2020-09-02 09:30:25.700,6256.8000,22477,-1,110160160.000,1,0,1,双平,S,6254.0000,6251.0000,6250.0000,6248.0000,6233.0000,6257.8000,6258.4000,6259.0000,6262.0000,6262.4000,1,2,2,1,1,1,1,2,2,3
SF,IC2103,2020-09-02 09:30:26.200,6256.8000,22477,0,110160160.000,0,-,-,-,-,6255.4000,6254.2000,6254.0000,6251.0000,6250.0000,6257.6000,6257.8000,6258.4000,6262.0000,6262.4000,2,1,2,2,2,1,1,1,2,3
SF,IC2103,2020-09-02 09:30:26.700,6257.8000,22475,-2,112663240.000,2,0,2,双平,S,6255.6000,6255.4000,6254.0000,6251.0000,6250.0000,6262.0000,6262.4000,6266.0000,6267.0000,6267.8000,2,2,2,2,2,2,3,3,1,1
SF,IC2103,2020-09-02 09:30:27.200,6257.8000,22475,0,112663240.000,0,-,-,-,-,6255.8000,6255.6000,6255.4000,6254.0000,6251.0000,6259.0000,6260.8000,6261.4000,6261.8000,6262.0000,1,1,2,2,2,1,1,3,2,2
SF,IC2103,2020-09-02 09:30:27.700,6256.0000,22474,-1,115166240.000,2,0,2,多平,S,6256.0000,6255.8000,6255.6000,6254.0000,6253.4000,6260.8000,6261.4000,6261.8000,6262.0000,6262.4000,1,1,1,2,1,1,3,1,2,3
SF,IC2103,2020-09-02 09:30:28.200,6256.0000,22474,0,115166240.000,0,-,-,-,-,6256.8000,6256.2000,6256.0000,6255.8000,6254.0000,6260.2000,6260.6000,6260.8000,6261.8000,6262.0000,1,1,2,1,2,3,1,1,1,2
SF,IC2103,2020-09-02 09:30:28.700,6256.0000,22474,0,115166240.000,0,-,-,-,-,6257.0000,6256.8000,6255.8000,6254.0000,6253.4000,6260.2000,6260.6000,6260.8000,6261.8000,6262.0000,1,2,1,2,1,1,1,1,1,2
SF,IC2103,2020-09-02 09:30:29.200,6256.0000,22474,0,115166240.000,0,-,-,-,-,6257.0000,6256.8000,6255.8000,6254.0000,6253.4000,6261.8000,6262.0000,6262.4000,6265.0000,6266.0000,1,2,1,2,1,1,2,3,2,3
SF,IC2103,2020-09-02 09:30:29.700,6256.0000,22474,0,115166240.000,0,-,-,-,-,6257.2000,6257.0000,6256.8000,6254.0000,6253.4000,6261.2000,6261.6000,6261.8000,6262.0000,6262.4000,2,1,1,2,1,3,2,1,2,3
SF,IC2103,2020-09-02 09:30:30.200,6256.0000,22474,0,115166240.000,0,-,-,-,-,6257.6000,6257.4000,6257.2000,6256.8000,6254.0000,6261.2000,6261.6000,6261.8000,6262.0000,6262.4000,1,1,2,1,2,3,1,1,2,3
SF,IC2103,2020-09-02 09:30:30.700,6256.0000,22474,0,115166240.000,0,-,-,-,-,6257.8000,6257.6000,6257.4000,6256.8000,6254.0000,6261.0000,6261.2000,6261.6000,6261.8000,6262.0000,1,1,1,1,2,3,3,1,1,2
SF,IC2103,2020-09-02 09:30:31.200,6256.0000,22474,0,115166240.000,0,-,-,-,-,6257.8000,6257.4000,6254.0000,6251.0000,6250.0000,6260.4000,6261.0000,6261.2000,6261.6000,6261.8000,1,1,2,2,2,2,3,1,1,1
SF,IC2103,2020-09-02 09:30:31.700,6256.0000,22474,0,115166240.000,0,-,-,-,-,6254.0000,6251.0000,6250.0000,6248.0000,6233.0000,6259.8000,6260.4000,6261.0000,6261.6000,6261.8000,2,2,2,1,1,1,2,2,1,1
SF,IC2103,2020-09-02 09:30:32.200,6256.0000,22474,0,115166240.000,0,-,-,-,-,6256.8000,6254.2000,6254.0000,6251.0000,6250.0000,6259.4000,6259.8000,6261.0000,6261.6000,6261.8000,1,3,2,2,2,2,1,2,1,1
SF,IC2103,2020-09-02 09:30:32.700,6256.0000,22474,0,115166240.000,0,-,-,-,-,6255.4000,6254.2000,6254.0000,6251.0000,6250.0000,6259.2000,6259.4000,6261.0000,6261.6000,6261.8000,2,2,2,2,2,2,2,2,1,1
SF,IC2103,2020-09-02 09:30:33.200,6256.0000,22474,0,115166240.000,0,-,-,-,-,6255.6000,6255.4000,6254.8000,6254.2000,6254.0000,6259.2000,6259.4000,6261.0000,6261.6000,6261.8000,1,2,1,1,2,1,2,2,1,1
SF,IC2103,2020-09-02 09:30:33.700,6256.0000,22474,0,115166240.000,0,-,-,-,-,6255.6000,6255.4000,6254.8000,6254.2000,6254.0000,6259.0000,6259.2000,6259.4000,6261.0000,6261.6000,1,2,1,1,2,1,1,2,2,1
SF,IC2103,2020-09-02 09:30:34.200,6256.0000,22474,0,115166240.000,0,-,-,-,-,6255.6000,6255.4000,6254.8000,6254.0000,6251.0000,6259.0000,6259.2000,6259.4000,6261.0000,6261.6000,1,2,1,2,2,1,1,2,2,1
SF,IC2103,2020-09-02 09:30:34.700,6256.0000,22474,0,115166240.000,0,-,-,-,-,6255.6000,6254.8000,6254.0000,6251.0000,6250.0000,6258.8000,6261.0000,6261.6000,6261.8000,6262.0000,1,1,2,2,2,3,2,1,1,2
SF,IC2103,2020-09-02 09:30:35.200,6255.6000,22473,-1,116417360.000,1,0,1,双平,S,6254.8000,6254.0000,6251.0000,6250.0000,6248.0000,6258.6000,6258.8000,6261.0000,6261.6000,6261.8000,1,2,2,2,1,2,3,2,1,1
SF,IC2103,2020-09-02 09:30:35.700,6254.8000,22472,-1,117668320.000,1,0,1,双平,S,6254.0000,6251.0000,6250.0000,6248.0000,6244.2000,6258.0000,6258.2000,6258.6000,6261.0000,6261.6000,2,2,2,1,1,3,1,3,2,1
SF,IC2103,2020-09-02 09:30:36.200,6254.0000,22472,0,120169920.000,2,1,1,多换,S,6251.0000,6250.0000,6248.0000,6244.2000,6230.0000,6257.8000,6258.0000,6258.2000,6258.6000,6261.0000,2,2,1,1,1,1,3,1,1,2
SF,IC2103,2020-09-02 09:30:36.700,6254.0000,22472,0,120169920.000,0,-,-,-,-,6251.2000,6251.0000,6250.0000,6248.0000,6244.2000,6257.2000,6257.4000,6257.6000,6257.8000,6258.2000,1,2,2,1,1,3,1,1,1,1
SF,IC2103,2020-09-02 09:30:37.200,6254.0000,22472,0,120169920.000,0,-,-,-,-,6251.2000,6251.0000,6250.0000,6248.0000,6244.2000,6256.6000,6257.0000,6257.2000,6257.4000,6258.2000,1,2,2,1,1,1,3,3,1,1
SF,IC2103,2020-09-02 09:30:37.700,6254.0000,22472,0,120169920.000,0,-,-,-,-,6251.8000,6251.0000,6250.0000,6248.0000,6244.2000,6255.6000,6256.0000,6256.4000,6256.6000,6257.0000,1,2,2,1,1,1,4,2,1,1
SF,IC2103,2020-09-02 09:30:38.200,6254.0000,22472,0,120169920.000,0,-,-,-,-,6251.8000,6251.0000,6250.0000,6248.0000,6244.2000,6254.8000,6255.0000,6255.4000,6255.6000,6256.0000,1,2,2,1,1,1,4,3,1,1
SF,IC2103,2020-09-02 09:30:38.700,6251.8000,22472,0,121420280.000,1,0,1,多换,S,6251.0000,6250.0000,6248.0000,6244.2000,6240.0000,6254.2000,6254.6000,6254.8000,6255.0000,6255.4000,2,2,1,1,1,4,1,1,1,2
SF,IC2103,2020-09-02 09:30:39.200,6251.8000,22472,0,121420280.000,0,-,-,-,-,6251.0000,6250.0000,6248.0000,6244.2000,6240.0000,6254.0000,6254.2000,6254.8000,6255.0000,6255.4000,2,2,1,1,1,2,4,1,1,1
SF,IC2103,2020-09-02 09:30:39.700,6251.0000,22473,1,122670480.000,1,1,0,双开,S,6251.0000,6250.0000,6248.0000,6244.2000,6240.0000,6253.4000,6253.8000,6254.0000,6254.2000,6254.8000,1,2,1,1,1,4,1,2,1,1
SF,IC2103,2020-09-02 09:30:40.200,6251.0000,22473,0,123920680.000,1,0,1,多换,S,6250.0000,6248.0000,6244.2000,6240.0000,6230.0000,6251.0000,6252.4000,6253.4000,6253.8000,6254.0000,2,1,1,1,1,1,1,4,1,1
SF,IC2103,2020-09-02 09:30:40.700,6251.0000,22473,0,123920680.000,0,-,-,-,-,6250.0000,6248.0000,6244.2000,6240.0000,6230.0000,6250.6000,6250.8000,6251.0000,6252.4000,6253.4000,2,1,1,1,1,1,2,1,1,1
SF,IC2103,2020-09-02 09:30:41.200,6250.0000,22473,0,126420680.000,2,1,1,多换,S,6248.0000,6244.2000,6240.0000,6230.0000,6220.6000,6250.2000,6250.6000,6251.0000,6252.4000,6253.4000,1,1,1,1,1,2,1,1,1,1
SF,IC2103,2020-09-02 09:30:41.700,6250.0000,22473,0,126420680.000,0,-,-,-,-,6248.0000,6244.2000,6240.0000,6230.0000,6220.6000,6249.6000,6250.0000,6250.2000,6250.6000,6251.0000,1,1,1,1,1,1,1,2,1,1
SF,IC2103,2020-09-02 09:30:42.200,6249.6000,22471,-2,128920520.000,2,0,2,双平,S,6248.0000,6244.2000,6240.0000,6230.0000,6220.6000,6249.0000,6249.2000,6249.4000,6250.0000,6251.0000,1,1,1,1,1,2,1,1,1,1
SF,IC2103,2020-09-02 09:30:42.700,6249.6000,22471,0,128920520.000,0,-,-,-,-,6248.0000,6244.2000,6240.0000,6230.0000,6220.6000,6248.8000,6249.0000,6249.4000,6250.0000,6251.0000,1,1,1,1,1,1,2,1,1,1
SF,IC2103,2020-09-02 09:30:43.200,6248.8000,22468,-3,133919680.000,4,0,4,多平,S,6248.8000,6248.0000,6244.2000,6240.0000,6230.0000,6250.0000,6251.0000,6252.4000,6253.4000,6253.8000,1,1,1,1,1,1,1,1,2,1
SF,IC2103,2020-09-02 09:30:43.700,6250.0000,22468,0,135169680.000,1,0,1,多换,S,6249.0000,6248.0000,6244.2000,6240.0000,6230.0000,6251.0000,6252.4000,6253.4000,6253.8000,6254.2000,1,1,1,1,1,1,1,2,1,1
SF,IC2103,2020-09-02 09:30:44.200,6251.0000,22468,0,136419880.000,1,0,1,多换,S,6248.0000,6244.2000,6240.0000,6230.0000,6220.6000,6252.4000,6253.4000,6253.8000,6254.2000,6255.6000,1,1,1,1,1,1,2,1,1,1
SF,IC2103,2020-09-02 09:30:44.700,6251.0000,22468,0,136419880.000,0,-,-,-,-,6248.2000,6248.0000,6244.2000,6240.0000,6230.0000,6253.4000,6253.8000,6254.2000,6255.6000,6256.0000,4,1,1,1,1,2,1,1,1,1
SF,IC2103,2020-09-02 09:30:45.200,6251.0000,22468,0,136419880.000,0,-,-,-,-,6249.0000,6248.4000,6248.2000,6248.0000,6244.2000,6253.4000,6253.8000,6254.2000,6255.6000,6256.0000,1,1,3,1,1,2,1,1,1,1
SF,IC2103,2020-09-02 09:30:45.700,6251.0000,22468,0,136419880.000,0,-,-,-,-,6251.8000,6249.2000,6249.0000,6248.2000,6248.0000,6253.4000,6254.2000,6255.6000,6256.0000,6262.0000,2,3,1,2,1,1,1,1,1,2
SF,IC2103,2020-09-02 09:30:46.200,6251.8000,22463,-5,143922040.000,6,0,6,多平,S,6249.6000,6249.2000,6249.0000,6248.0000,6244.2000,6253.4000,6254.2000,6255.6000,6256.0000,6262.0000,1,2,1,1,1,1,1,1,1,2
SF,IC2103,2020-09-02 09:30:46.700,6251.8000,22463,0,143922040.000,0,-,-,-,-,6249.6000,6249.0000,6248.0000,6244.2000,6240.0000,6252.4000,6253.2000,6253.4000,6254.2000,6255.6000,1,1,1,1,1,1,3,1,1,1
SF,IC2103,2020-09-02 09:30:47.200,6251.8000,22463,0,143922040.000,0,-,-,-,-,6248.0000,6244.2000,6240.0000,6230.0000,6220.6000,6251.8000,6252.2000,6252.4000,6253.2000,6253.4000,1,1,1,1,1,1,1,1,2,1
SF,IC2103,2020-09-02 09:30:47.700,6251.8000,22463,0,143922040.000,0,-,-,-,-,6248.0000,6244.2000,6240.0000,6230.0000,6220.6000,6251.6000,6251.8000,6252.2000,6252.4000,6253.2000,1,1,1,1,1,1,1,1,1,1
SF,IC2103,2020-09-02 09:30:48.200,6251.8000,22463,0,143922040.000,0,-,-,-,-,6248.0000,6244.2000,6240.0000,6230.0000,6220.6000,6251.6000,6251.8000,6252.4000,6253.4000,6254.2000,1,1,1,1,1,1,1,1,1,1
SF,IC2103,2020-09-02 09:30:48.700,6251.8000,22463,0,143922040.000,0,-,-,-,-,6248.2000,6248.0000,6244.2000,6240.0000,6230.0000,6251.6000,6251.8000,6252.4000,6253.4000,6254.2000,1,1,1,1,1,1,1,1,1,1
SF,IC2103,2020-09-02 09:30:49.200,6251.8000,22462,-1,146422720.000,2,0,2,多平,S,6251.6000,6248.4000,6248.2000,6248.0000,6244.2000,6253.4000,6254.2000,6255.6000,6256.0000,6262.0000,1,3,2,1,1,1,1,1,1,1
SF,IC2103,2020-09-02 09:30:49.700,6254.2000,22460,-2,148924240.000,2,0,2,双平,S,6251.6000,6248.4000,6248.2000,6248.0000,6244.2000,6255.6000,6256.0000,6262.0000,6262.4000,6265.0000,1,2,1,2,1,1,1,1,3,2
SF,IC2103,2020-09-02 09:30:50.200,6255.6000,22459,-1,150175360.000,1,0,1,双平,S,6251.8000,6248.8000,6248.4000,6248.2000,6248.0000,6262.0000,6262.4000,6265.0000,6267.0000,6268.2000,2,1,1,1,2,1,3,2,1,1
SF,IC2103,2020-09-02 09:30:50.700,6255.6000,22459,0,150175360.000,0,-,-,-,-,6251.8000,6249.4000,6248.8000,6248.2000,6248.0000,6254.2000,6254.8000,6255.6000,6256.0000,6258.2000,1,1,1,1,2,1,1,2,1,1
SF,IC2103,2020-09-02 09:30:51.200,6249.4000,22460,1,151425240.000,1,1,0,双开,S,6248.8000,6248.2000,6248.0000,6244.2000,6240.0000,6253.8000,6254.0000,6254.8000,6255.6000,6256.0000,1,1,2,1,1,1,1,1,1,1
SF,IC2103,2020-09-02 09:30:51.700,6249.4000,22460,0,151425240.000,0,-,-,-,-,6249.0000,6248.8000,6248.2000,6248.0000,6244.2000,6253.4000,6253.8000,6254.0000,6254.8000,6255.6000,2,1,1,2,1,1,1,1,1,1
SF,IC2103,2020-09-02 09:30:52.200,6249.4000,22460,0,151425240.000,0,-,-,-,-,6249.2000,6249.0000,6248.8000,6248.0000,6244.2000,6253.4000,6253.8000,6254.8000,6255.6000,6256.0000,1,2,1,2,1,1,1,1,1,1
SF,IC2103,2020-09-02 09:30:52.700,6249.4000,22460,0,151425240.000,0,-,-,-,-,6249.4000,6249.2000,6248.0000,6244.2000,6240.0000,6253.4000,6253.8000,6254.8000,6255.6000,6256.0000,3,1,2,1,1,1,1,1,1,1
SF,IC2103,2020-09-02 09:30:53.200,6249.4000,22460,0,151425240.000,0,-,-,-,-,6249.6000,6249.4000,6249.2000,6248.0000,6244.2000,6253.4000,6253.8000,6254.8000,6255.6000,6256.0000,3,3,1,2,1,1,1,1,1,1
SF,IC2103,2020-09-02 09:30:53.700,6249.4000,22460,0,151425240.000,0,-,-,-,-,6250.2000,6249.8000,6249.6000,6249.2000,6248.0000,6254.8000,6255.6000,6256.0000,6258.2000,6259.0000,1,1,3,1,2,1,1,1,1,1
SF,IC2103,2020-09-02 09:30:54.200,6249.4000,22460,0,151425240.000,0,-,-,-,-,6250.4000,6250.2000,6250.0000,6249.6000,6249.2000,6258.2000,6261.8000,6262.0000,6262.4000,6265.0000,4,1,1,3,1,1,1,1,3,2
SF,IC2103,2020-09-02 09:30:54.700,6249.4000,22460,0,151425240.000,0,-,-,-,-,6251.0000,6250.4000,6250.0000,6249.6000,6248.0000,6255.6000,6256.0000,6257.8000,6258.2000,6261.8000,1,3,1,3,2,1,1,1,1,1
SF,IC2103,2020-09-02 09:30:55.200,6249.4000,22460,0,151425240.000,0,-,-,-,-,6251.2000,6251.0000,6250.4000,6250.0000,6249.6000,6254.8000,6255.0000,6255.4000,6255.6000,6256.0000,1,2,1,1,3,1,1,2,1,1
SF,IC2103,2020-09-02 09:30:55.700,6249.4000,22460,0,151425240.000,0,-,-,-,-,6251.2000,6250.4000,6250.0000,6249.6000,6248.0000,6254.8000,6255.0000,6255.4000,6255.6000,6256.0000,1,1,1,3,2,1,1,2,1,1
SF,IC2103,2020-09-02 09:30:56.200,6249.4000,22460,0,151425240.000,0,-,-,-,-,6251.2000,6250.4000,6249.6000,6248.0000,6244.2000,6255.0000,6255.4000,6255.6000,6256.0000,6257.8000,1,1,3,2,1,1,1,1,1,1
SF,IC2103,2020-09-02 09:30:56.700,6249.4000,22460,0,151425240.000,0,-,-,-,-,6251.2000,6250.4000,6249.6000,6248.0000,6244.2000,6254.8000,6255.0000,6255.4000,6255.6000,6256.0000,1,1,1,2,1,3,1,1,1,1
SF,IC2103,2020-09-02 09:30:57.200,6249.4000,22460,0,151425240.000,0,-,-,-,-,6251.2000,6249.6000,6248.0000,6244.2000,6240.0000,6254.6000,6254.8000,6255.0000,6255.4000,6255.6000,1,1,2,1,1,1,3,1,1,1
SF,IC2103,2020-09-02 09:30:57.700,6251.0000,22459,-1,152675440.000,1,0,1,双平,S,6251.4000,6249.6000,6248.0000,6244.2000,6240.0000,6254.6000,6254.8000,6255.0000,6255.4000,6255.6000,1,1,2,1,1,1,2,1,1,1
SF,IC2103,2020-09-02 09:30:58.200,6251.2000,22459,0,153925680.000,1,0,1,多换,S,6251.6000,6249.6000,6248.0000,6244.2000,6240.0000,6253.0000,6254.4000,6254.6000,6254.8000,6255.0000,1,1,2,1,1,1,2,1,2,1
SF,IC2103,2020-09-02 09:30:58.700,6251.2000,22459,0,153925680.000,0,-,-,-,-,6249.6000,6248.0000,6244.2000,6240.0000,6230.0000,6254.4000,6254.6000,6254.8000,6255.0000,6255.4000,1,2,1,1,1,2,1,1,1,1
SF,IC2103,2020-09-02 09:30:59.200,6251.2000,22459,0,153925680.000,0,-,-,-,-,6249.8000,6249.6000,6248.0000,6244.2000,6240.0000,6253.8000,6254.6000,6254.8000,6255.0000,6255.6000,2,1,2,1,1,1,1,1,1,1
SF,IC2103,2020-09-02 09:30:59.700,6254.6000,22458,-1,156427360.000,2,0,2,多平,S,6250.2000,6250.0000,6249.8000,6249.6000,6248.0000,6254.8000,6255.0000,6255.6000,6256.0000,6258.2000,3,3,2,1,2,1,1,1,1,1
SF,IC2103,2020-09-02 09:31:00.200,6254.6000,22458,0,156427360.000,0,-,-,-,-,6250.8000,6250.4000,6250.2000,6250.0000,6249.8000,6254.8000,6255.0000,6255.6000,6256.0000,6258.2000,1,3,3,1,1,1,1,1,1,1
SF,IC2103,2020-09-02 09:31:00.700,6251.4000,22458,0,158928600.000,2,1,1,多换,S,6251.4000,6251.0000,6250.4000,6250.2000,6250.0000,6258.2000,6261.8000,6262.0000,6262.4000,6265.0000,3,5,1,1,1,1,1,1,3,2
SF,IC2103,2020-09-02 09:31:01.200,6251.4000,22458,0,158928600.000,0,-,-,-,-,6251.8000,6251.6000,6251.4000,6251.0000,6250.8000,6255.6000,6256.0000,6258.0000,6258.2000,6261.8000,1,1,2,1,1,1,1,3,1,1
SF,IC2103,2020-09-02 09:31:01.700,6251.4000,22458,0,158928600.000,0,-,-,-,-,6252.0000,6251.0000,6250.8000,6249.6000,6248.0000,6255.0000,6255.4000,6255.6000,6256.0000,6258.0000,1,1,1,1,2,1,2,1,1,2
SF,IC2103,2020-09-02 09:31:02.200,6251.8000,22457,-1,160178960.000,1,0,1,双平,S,6249.6000,6248.0000,6244.2000,6240.0000,6230.0000,6253.2000,6254.8000,6255.0000,6255.6000,6256.0000,1,2,1,1,1,1,1,1,1,1
SF,IC2103,2020-09-02 09:31:02.700,6251.8000,22457,0,160178960.000,0,-,-,-,-,6249.8000,6249.6000,6248.0000,6244.2000,6240.0000,6253.0000,6255.0000,6255.6000,6256.0000,6258.0000,1,1,2,1,1,3,1,1,1,2
SF,IC2103,2020-09-02 09:31:03.200,6251.8000,22457,0,160178960.000,0,-,-,-,-,6249.6000,6248.0000,6244.2000,6240.0000,6230.0000,6252.4000,6253.0000,6255.0000,6255.6000,6256.0000,1,2,1,1,1,1,3,1,1,1
SF,IC2103,2020-09-02 09:31:03.700,6251.8000,22457,0,160178960.000,0,-,-,-,-,6249.6000,6248.0000,6244.2000,6240.0000,6230.0000,6252.2000,6253.0000,6255.0000,6255.6000,6256.0000,1,2,1,1,1,2,1,1,1,1
SF,IC2103,2020-09-02 09:31:04.200,6249.6000,22456,-1,162679320.000,2,0,2,多平,S,6248.0000,6244.2000,6240.0000,6230.0000,6228.0000,6249.6000,6249.8000,6252.2000,6253.0000,6255.0000,2,1,1,1,1,1,1,1,1,1
SF,IC2103,2020-09-02 09:31:04.700,6249.8000,22455,-1,165179200.000,2,0,2,多平,S,6250.0000,6249.6000,6248.2000,6248.0000,6244.2000,6253.0000,6255.0000,6255.4000,6255.6000,6256.0000,1,2,4,2,1,1,1,1,1,1
SF,IC2103,2020-09-02 09:31:05.200,6249.8000,22455,0,165179200.000,0,-,-,-,-,6250.2000,6250.0000,6249.6000,6248.2000,6248.0000,6253.0000,6255.0000,6255.4000,6255.6000,6256.0000,2,1,1,3,2,1,1,1,1,1
SF,IC2103,2020-09-02 09:31:05.700,6249.8000,22455,0,165179200.000,0,-,-,-,-,6250.6000,6250.2000,6250.0000,6248.2000,6248.0000,6253.0000,6255.0000,6255.4000,6255.6000,6256.0000,1,3,1,1,2,1,1,1,1,1
SF,IC2103,2020-09-02 09:31:06.200,6252.8000,22454,-1,166429760.000,1,0,1,双平,S,6250.4000,6250.2000,6250.0000,6248.0000,6244.2000,6255.0000,6255.4000,6255.6000,6256.0000,6262.0000,2,2,1,2,1,1,1,1,1,1
SF,IC2103,2020-09-02 09:31:06.700,6250.6000,22454,0,167679880.000,1,0,1,多换,S,6250.4000,6250.0000,6248.0000,6244.2000,6240.0000,6254.8000,6255.0000,6255.4000,6255.6000,6256.0000,3,1,2,1,1,2,1,1,1,1
SF,IC2103,2020-09-02 09:31:07.200,6250.6000,22454,0,167679880.000,0,-,-,-,-,6250.4000,6250.0000,6248.0000,6244.2000,6240.0000,6254.6000,6254.8000,6255.0000,6255.4000,6255.6000,2,1,2,1,1,1,2,1,1,1
SF,IC2103,2020-09-02 09:31:07.700,6250.6000,22454,0,167679880.000,0,-,-,-,-,6250.0000,6248.0000,6244.2000,6240.0000,6230.0000,6254.4000,6254.6000,6254.8000,6255.0000,6255.4000,1,2,1,1,1,2,1,1,1,1
SF,IC2103,2020-09-02 09:31:08.200,6250.6000,22454,0,167679880.000,0,-,-,-,-,6250.6000,6250.2000,6250.0000,6248.0000,6244.2000,6254.2000,6254.4000,6254.8000,6255.0000,6255.4000,1,1,1,2,1,1,2,1,1,1
SF,IC2103,2020-09-02 09:31:08.700,6250.6000,22454,0,167679880.000,0,-,-,-,-,6250.8000,6250.6000,6250.0000,6248.0000,6244.2000,6254.0000,6254.2000,6254.4000,6255.0000,6255.4000,2,1,1,2,1,1,1,1,1,1
SF,IC2103,2020-09-02 09:31:09.200,6250.8000,22454,0,168930040.000,1,0,1,多换,S,6250.8000,6250.6000,6250.0000,6248.0000,6244.2000,6252.4000,6253.8000,6254.0000,6255.0000,6255.4000,2,1,1,2,1,1,1,1,1,1
SF,IC2103,2020-09-02 09:31:09.700,6252.4000,22454,0,170180520.000,1,0,1,多换,S,6250.8000,6250.6000,6250.0000,6248.0000,6244.2000,6253.8000,6254.0000,6255.0000,6255.4000,6255.6000,1,1,1,2,1,1,1,1,1,1
SF,IC2103,2020-09-02 09:31:10.200,6252.4000,22454,0,170180520.000,0,-,-,-,-,6251.0000,6250.8000,6250.0000,6248.0000,6244.2000,6253.8000,6254.0000,6255.0000,6255.4000,6255.6000,3,1,1,2,1,1,1,1,1,1
SF,IC2103,2020-09-02 09:31:10.700,6252.4000,22454,0,170180520.000,0,-,-,-,-,6251.0000,6250.8000,6250.0000,6248.0000,6244.2000,6254.0000,6255.0000,6255.4000,6255.6000,6256.0000,3,1,1,2,1,1,1,1,1,1
SF,IC2103,2020-09-02 09:31:11.200,6252.4000,22454,0,170180520.000,0,-,-,-,-,6251.4000,6251.2000,6251.0000,6250.8000,6250.0000,6254.0000,6255.0000,6255.4000,6255.6000,6256.0000,1,7,4,1,1,1,1,1,1,1
SF,IC2103,2020-09-02 09:31:11.700,6252.4000,22454,0,170180520.000,0,-,-,-,-,6251.8000,6251.6000,6251.2000,6251.0000,6250.8000,6255.4000,6255.6000,6256.0000,6262.0000,6262.4000,1,4,5,1,1,1,1,1,1,3
SF,IC2103,2020-09-02 09:31:12.200,6252.4000,22454,0,170180520.000,0,-,-,-,-,6252.2000,6252.0000,6251.8000,6251.6000,6251.2000,6255.2000,6255.4000,6255.6000,6256.0000,6262.4000,1,3,1,1,2,1,1,1,1,3
SF,IC2103,2020-09-02 09:31:12.700,6252.4000,22455,1,171431000.000,1,1,0,双开,S,6252.4000,6252.2000,6252.0000,6251.8000,6251.6000,6255.2000,6255.4000,6255.6000,6256.0000,6262.4000,1,2,2,1,1,1,1,1,1,3
SF,IC2103,2020-09-02 09:31:13.200,6255.2000,22454,-1,172682040.000,1,0,1,双平,S,6252.8000,6252.6000,6252.2000,6252.0000,6251.8000,6255.4000,6262.4000,6265.0000,6269.0000,6270.0000,1,3,2,1,1,1,3,2,6,1
SF,IC2103,2020-09-02 09:31:13.700,6255.4000,22453,-1,173933120.000,1,0,1,双平,S,6255.6000,6253.4000,6253.0000,6252.6000,6252.0000,6262.4000,6265.0000,6269.0000,6270.0000,6277.0000,1,1,2,1,1,3,2,6,1,1
SF,IC2103,2020-09-02 09:31:14.200,6255.4000,22453,0,173933120.000,0,-,-,-,-,6255.8000,6255.6000,6255.4000,6253.6000,6253.4000,6258.0000,6259.0000,6260.8000,6262.2000,6262.4000,1,1,2,1,1,1,1,1,3,4
SF,IC2103,2020-09-02 09:31:14.700,6258.0000,22452,-1,175184720.000,1,0,1,双平,S,6255.6000,6255.4000,6253.6000,6253.4000,6253.2000,6257.8000,6260.8000,6262.2000,6262.4000,6265.0000,1,2,1,1,1,1,1,2,4,2
SF,IC2103,2020-09-02 09:31:15.200,6258.0000,22452,0,175184720.000,0,-,-,-,-,6255.6000,6253.6000,6253.4000,6252.6000,6252.0000,6257.6000,6257.8000,6260.8000,6262.2000,6262.4000,1,1,1,1,1,1,1,1,2,4
SF,IC2103,2020-09-02 09:31:15.700,6257.4000,22451,-1,177687320.000,2,0,2,多平,S,6253.6000,6253.4000,6252.6000,6252.0000,6251.8000,6257.6000,6260.8000,6262.2000,6262.4000,6265.0000,1,1,1,1,1,1,1,2,4,2
SF,IC2103,2020-09-02 09:31:16.200,6257.4000,22451,0,177687320.000,0,-,-,-,-,6254.2000,6253.8000,6251.8000,6251.2000,6251.0000,6260.8000,6262.2000,6262.4000,6265.0000,6269.0000,3,4,1,1,1,1,2,4,2,6
SF,IC2103,2020-09-02 09:31:16.700,6257.4000,22451,0,177687320.000,0,-,-,-,-,6254.8000,6254.4000,6254.2000,6253.8000,6251.8000,6260.6000,6260.8000,6262.2000,6262.4000,6265.0000,1,5,2,1,1,1,1,2,4,2
SF,IC2103,2020-09-02 09:31:17.200,6257.4000,22451,0,177687320.000,0,-,-,-,-,6255.4000,6255.0000,6254.8000,6254.4000,6253.8000,6260.6000,6260.8000,6262.2000,6262.4000,6265.0000,3,4,1,3,1,1,1,2,3,2
SF,IC2103,2020-09-02 09:31:17.700,6257.4000,22451,0,177687320.000,0,-,-,-,-,6256.0000,6255.6000,6255.4000,6255.0000,6254.8000,6260.6000,6260.8000,6262.2000,6262.4000,6265.0000,1,2,2,1,1,1,1,2,3,2
SF,IC2103,2020-09-02 09:31:18.200,6257.4000,22451,0,177687320.000,0,-,-,-,-,6256.6000,6256.4000,6256.2000,6255.8000,6255.4000,6260.6000,6260.8000,6262.2000,6262.4000,6265.0000,1,1,3,1,1,1,1,2,3,2
SF,IC2103,2020-09-02 09:31:18.700,6257.0000,22451,0,178938720.000,1,0,1,多换,S,6256.8000,6256.4000,6256.2000,6255.8000,6255.4000,6260.6000,6260.8000,6262.2000,6262.4000,6265.0000,1,1,1,1,1,1,1,2,3,2
SF,IC2103,2020-09-02 09:31:19.200,6257.0000,22451,0,178938720.000,0,-,-,-,-,6257.0000,6256.8000,6255.8000,6255.4000,6255.0000,6260.6000,6260.8000,6262.4000,6265.0000,6269.0000,2,1,1,1,1,1,1,3,2,6
SF,IC2103,2020-09-02 09:31:19.700,6257.2000,22451,0,181442280.000,2,1,1,多换,S,6257.2000,6257.0000,6255.8000,6255.4000,6255.0000,6258.8000,6260.8000,6262.4000,6265.0000,6269.0000,4,2,1,1,1,1,1,3,2,6
SF,IC2103,2020-09-02 09:31:20.200,6258.8000,22451,0,182694040.000,1,0,1,多换,S,6258.8000,6258.2000,6257.8000,6257.4000,6257.2000,6260.8000,6262.4000,6265.0000,6269.0000,6270.0000,1,1,1,3,2,1,3,2,6,1
SF,IC2103,2020-09-02 09:31:20.700,6258.8000,22451,0,182694040.000,0,-,-,-,-,6258.2000,6257.8000,6257.4000,6257.2000,6255.4000,6260.8000,6261.0000,6262.4000,6265.0000,6269.0000,1,2,3,1,1,1,1,3,2,6
SF,IC2103,2020-09-02 09:31:21.200,6258.8000,22451,0,182694040.000,0,-,-,-,-,6258.4000,6258.2000,6257.8000,6257.4000,6255.4000,6260.8000,6261.0000,6262.4000,6265.0000,6269.0000,2,1,2,3,1,1,1,3,2,6
SF,IC2103,2020-09-02 09:31:21.700,6260.8000,22450,-1,183946200.000,1,0,1,双平,S,6258.6000,6258.4000,6258.2000,6257.8000,6257.4000,6261.0000,6262.4000,6265.0000,6269.0000,6270.0000,1,1,1,2,3,1,3,2,6,1
SF,IC2103,2020-09-02 09:31:22.200,6261.0000,22449,-1,185198400.000,1,0,1,双平,S,6261.0000,6259.2000,6259.0000,6258.8000,6258.6000,6262.4000,6265.0000,6269.0000,6270.0000,6277.0000,1,1,1,2,1,3,2,6,1,1
SF,IC2103,2020-09-02 09:31:22.700,6261.0000,22449,0,185198400.000,0,-,-,-,-,6261.2000,6260.0000,6259.2000,6259.0000,6258.8000,6262.4000,6265.0000,6269.0000,6270.0000,6277.0000,1,1,1,1,2,3,2,6,1,1
SF,IC2103,2020-09-02 09:31:23.200,6262.4000,22449,0,187703360.000,2,1,1,多换,S,6259.2000,6259.0000,6258.8000,6257.8000,6257.4000,6262.4000,6265.0000,6269.0000,6270.0000,6277.0000,1,1,2,1,2,1,2,6,1,1
SF,IC2103,2020-09-02 09:31:23.700,6262.4000,22449,0,187703360.000,0,-,-,-,-,6261.0000,6260.2000,6259.8000,6259.4000,6259.2000,6262.4000,6265.0000,6269.0000,6270.0000,6277.0000,1,1,1,2,1,1,2,6,1,1
SF,IC2103,2020-09-02 09:31:24.200,6262.4000,22449,0,187703360.000,0,-,-,-,-,6261.0000,6260.2000,6259.8000,6259.4000,6259.2000,6262.4000,6265.0000,6269.0000,6270.0000,6277.0000,1,1,1,2,1,1,2,6,1,1
SF,IC2103,2020-09-02 09:31:24.700,6262.4000,22449,0,187703360.000,0,-,-,-,-,6261.0000,6260.2000,6259.8000,6259.4000,6259.2000,6262.4000,6265.0000,6269.0000,6270.0000,6277.0000,1,1,1,2,1,1,2,6,1,1
SF,IC2103,2020-09-02 09:31:25.200,6261.0000,22449,0,188955560.000,1,0,1,多换,S,6261.2000,6260.2000,6259.4000,6259.2000,6254.8000,6262.4000,6265.0000,6269.0000,6270.0000,6277.0000,1,1,1,1,1,1,2,6,1,1
SF,IC2103,2020-09-02 09:31:25.700,6261.0000,22449,0,190207760.000,1,0,1,多换,S,6259.4000,6254.8000,6250.8000,6250.6000,6248.0000,6260.4000,6261.0000,6262.2000,6262.4000,6265.0000,1,1,1,1,2,3,8,1,1,2
SF,IC2103,2020-09-02 09:31:26.200,6259.4000,22442,-7,198972120.000,7,0,7,双平,S,6254.8000,6250.8000,6250.6000,6248.0000,6244.2000,6259.2000,6261.0000,6262.2000,6262.4000,6265.0000,1,1,1,2,1,1,1,1,1,2
SF,IC2103,2020-09-02 09:31:26.700,6261.0000,22442,0,201476200.000,2,1,1,多换,S,6259.6000,6259.2000,6256.8000,6255.6000,6255.4000,6262.4000,6265.0000,6269.0000,6270.0000,6277.0000,1,1,1,1,3,1,2,6,1,1
SF,IC2103,2020-09-02 09:31:27.200,6262.4000,22442,0,202728680.000,1,0,1,多换,S,6260.2000,6260.0000,6259.8000,6259.6000,6258.2000,6265.0000,6269.0000,6270.0000,6277.0000,6277.2000,1,1,1,1,2,2,6,1,1,1
SF,IC2103,2020-09-02 09:31:27.700,6262.4000,22442,0,202728680.000,0,-,-,-,-,6261.2000,6260.8000,6260.6000,6260.4000,6260.2000,6265.0000,6269.0000,6270.0000,6277.0000,6277.2000,1,1,1,2,1,2,6,1,1,1
SF,IC2103,2020-09-02 09:31:28.200,6265.0000,22443,1,203981680.000,1,1,0,双开,S,6261.8000,6261.4000,6260.6000,6259.6000,6256.6000,6265.0000,6269.0000,6270.0000,6277.0000,6277.2000,2,2,1,1,1,1,6,1,1,1
SF,IC2103,2020-09-02 09:31:28.700,6265.0000,22443,0,203981680.000,0,-,-,-,-,6262.0000,6261.8000,6261.4000,6260.6000,6259.6000,6265.0000,6269.0000,6270.0000,6277.0000,6277.2000,1,2,1,1,1,1,6,1,1,1
SF,IC2103,2020-09-02 09:31:29.200,6265.0000,22443,0,203981680.000,0,-,-,-,-,6262.2000,6262.0000,6261.0000,6260.6000,6259.6000,6264.8000,6265.0000,6269.0000,6270.0000,6277.0000,2,1,1,1,1,1,1,6,1,1
SF,IC2103,2020-09-02 09:31:29.700,6265.0000,22443,0,203981680.000,0,-,-,-,-,6262.2000,6262.0000,6261.0000,6260.6000,6259.6000,6264.6000,6264.8000,6265.0000,6269.0000,6270.0000,1,1,1,1,1,1,1,1,6,1
SF,IC2103,2020-09-02 09:31:30.200,6265.0000,22443,0,203981680.000,0,-,-,-,-,6261.0000,6259.6000,6256.6000,6255.6000,6255.4000,6264.6000,6265.0000,6269.0000,6270.0000,6277.0000,1,1,1,1,1,1,1,6,1,1
SF,IC2103,2020-09-02 09:31:30.700,6265.0000,22443,0,203981680.000,0,-,-,-,-,6261.2000,6261.0000,6259.6000,6256.6000,6255.6000,6265.0000,6269.0000,6270.0000,6277.0000,6277.2000,1,1,1,1,1,1,6,1,1,1
SF,IC2103,2020-09-02 09:31:31.200,6265.0000,22443,0,203981680.000,0,-,-,-,-,6261.8000,6261.6000,6261.2000,6261.0000,6259.6000,6264.8000,6265.0000,6269.0000,6270.0000,6277.0000,1,1,1,1,1,1,1,6,1,1
SF,IC2103,2020-09-02 09:31:31.700,6265.0000,22443,0,203981680.000,0,-,-,-,-,6262.0000,6261.8000,6261.2000,6261.0000,6259.6000,6264.0000,6265.0000,6269.0000,6270.0000,6277.0000,1,2,1,1,1,1,1,6,1,1
SF,IC2103,2020-09-02 09:31:32.200,6265.0000,22443,0,205234680.000,1,0,1,多换,S,6262.2000,6262.0000,6261.8000,6261.2000,6261.0000,6264.0000,6265.0000,6269.0000,6270.0000,6277.0000,1,1,1,1,1,1,1,6,1,1
SF,IC2103,2020-09-02 09:31:32.700,6265.0000,22443,0,205234680.000,0,-,-,-,-,6262.4000,6262.2000,6261.2000,6261.0000,6259.6000,6264.0000,6265.0000,6269.0000,6270.0000,6277.0000,2,1,1,1,1,1,1,6,1,1
SF,IC2103,2020-09-02 09:31:33.200,6265.0000,22443,0,205234680.000,0,-,-,-,-,6262.4000,6262.2000,6261.2000,6261.0000,6259.6000,6264.0000,6265.0000,6269.0000,6270.0000,6277.0000,1,1,1,1,1,1,1,6,1,1
SF,IC2103,2020-09-02 09:31:33.700,6265.0000,22442,-1,206487680.000,1,0,1,双平,S,6262.6000,6262.4000,6261.2000,6261.0000,6259.6000,6265.0000,6269.0000,6270.0000,6277.0000,6277.2000,3,1,1,1,1,1,6,1,1,1
SF,IC2103,2020-09-02 09:31:34.200,6265.0000,22442,0,206487680.000,0,-,-,-,-,6262.6000,6262.4000,6261.2000,6261.0000,6259.6000,6265.0000,6269.0000,6270.0000,6277.0000,6277.2000,2,1,1,1,1,1,6,1,1,1
SF,IC2103,2020-09-02 09:31:35.200,6262.6000,22441,-1,208992720.000,2,0,2,多平,S,6261.2000,6261.0000,6259.6000,6255.6000,6255.4000,6265.0000,6269.0000,6270.0000,6277.0000,6277.2000,1,1,1,1,1,1,6,1,1,1
SF,IC2103,2020-09-02 09:31:35.700,6262.6000,22441,0,208992720.000,0,-,-,-,-,6261.2000,6261.0000,6259.6000,6255.6000,6255.4000,6262.4000,6264.8000,6265.0000,6269.0000,6270.0000,1,1,1,1,1,1,1,1,6,1
SF,IC2103,2020-09-02 09:31:36.200,6262.6000,22441,0,208992720.000,0,-,-,-,-,6261.0000,6259.6000,6255.6000,6255.4000,6255.0000,6264.8000,6265.0000,6269.0000,6270.0000,6277.0000,1,1,1,1,1,1,1,6,1,1
SF,IC2103,2020-09-02 09:31:36.700,6262.6000,22441,0,208992720.000,0,-,-,-,-,6261.2000,6261.0000,6259.6000,6255.6000,6255.4000,6264.6000,6264.8000,6265.0000,6269.0000,6270.0000,1,1,1,1,1,2,1,1,6,1
SF,IC2103,2020-09-02 09:31:37.200,6263.0000,22441,0,210245320.000,1,0,1,多换,S,6261.2000,6261.0000,6259.6000,6255.8000,6255.6000,6264.4000,6264.6000,6264.8000,6265.0000,6269.0000,1,1,1,1,1,2,2,1,1,6
SF,IC2103,2020-09-02 09:31:38.200,6263.0000,22441,0,210245320.000,0,-,-,-,-,6261.2000,6261.0000,6259.6000,6255.8000,6255.6000,6264.4000,6264.6000,6264.8000,6265.0000,6269.0000,1,1,1,1,1,2,1,1,1,6
SF,IC2103,2020-09-02 09:31:40.700,6261.0000,22440,-1,212749760.000,2,0,2,多平,S,6255.8000,6255.6000,6255.4000,6255.0000,6250.8000,6264.2000,6264.4000,6264.6000,6264.8000,6265.0000,1,1,1,1,1,1,2,1,1,1
SF,IC2103,2020-09-02 09:31:41.200,6261.0000,22440,0,212749760.000,0,-,-,-,-,6256.8000,6256.4000,6256.2000,6256.0000,6255.8000,6258.4000,6264.0000,6264.2000,6264.4000,6264.6000,1,1,1,1,1,1,2,1,2,1
SF,IC2103,2020-09-02 09:31:41.700,6259.0000,22438,-2,215253360.000,2,0,2,双平,S,6258.8000,6258.6000,6258.4000,6257.4000,6257.0000,6264.0000,6264.2000,6264.4000,6264.6000,6264.8000,1,1,1,2,2,2,1,2,1,1
SF,IC2103,2020-09-02 09:31:42.200,6259.0000,22438,0,215253360.000,0,-,-,-,-,6258.8000,6258.6000,6258.4000,6257.4000,6257.0000,6263.8000,6264.0000,6264.4000,6264.6000,6264.8000,1,1,1,2,1,1,2,2,1,1
SF,IC2103,2020-09-02 09:31:42.700,6258.8000,22437,-1,216505120.000,1,0,1,双平,S,6257.4000,6255.0000,6250.8000,6249.2000,6248.0000,6263.4000,6263.6000,6263.8000,6264.0000,6264.4000,1,1,1,1,2,1,4,1,2,2
SF,IC2103,2020-09-02 09:31:43.200,6257.4000,22436,-1,217756600.000,1,0,1,双平,S,6250.8000,6249.2000,6248.0000,6240.0000,6231.4000,6258.6000,6261.2000,6262.4000,6263.0000,6263.2000,1,1,2,1,1,1,1,1,1,4
SF,IC2103,2020-09-02 09:31:43.700,6257.4000,22436,0,217756600.000,0,-,-,-,-,6253.0000,6252.4000,6251.4000,6251.0000,6250.8000,6258.4000,6258.6000,6261.2000,6262.4000,6263.0000,3,2,1,4,1,1,1,1,1,1
SF,IC2103,2020-09-02 09:31:44.200,6257.4000,22436,0,217756600.000,0,-,-,-,-,6253.4000,6253.2000,6253.0000,6252.4000,6252.2000,6258.4000,6258.6000,6261.2000,6262.4000,6263.0000,1,1,3,2,1,1,1,1,1,1
SF,IC2103,2020-09-02 09:31:44.700,6257.4000,22436,0,217756600.000,0,-,-,-,-,6253.8000,6253.6000,6253.4000,6252.4000,6252.2000,6258.4000,6258.6000,6262.4000,6263.0000,6263.2000,3,3,1,2,1,1,1,1,1,3
SF,IC2103,2020-09-02 09:31:45.200,6257.4000,22436,0,217756600.000,0,-,-,-,-,6254.2000,6253.8000,6253.6000,6253.4000,6252.4000,6258.4000,6258.6000,6262.4000,6263.0000,6263.2000,1,3,3,1,2,1,1,1,1,3
SF,IC2103,2020-09-02 09:31:45.700,6257.4000,22436,0,217756600.000,0,-,-,-,-,6254.6000,6254.2000,6253.8000,6253.6000,6253.4000,6258.4000,6258.6000,6262.4000,6263.0000,6263.2000,2,1,3,2,1,1,1,1,1,3
SF,IC2103,2020-09-02 09:31:46.200,6257.4000,22436,0,217756600.000,0,-,-,-,-,6254.8000,6254.6000,6254.2000,6253.8000,6253.6000,6258.4000,6258.6000,6262.4000,6263.0000,6263.2000,1,2,1,3,2,1,1,1,1,3
SF,IC2103,2020-09-02 09:31:46.700,6257.4000,22436,0,217756600.000,0,-,-,-,-,6255.4000,6255.0000,6254.8000,6254.6000,6254.2000,6258.4000,6258.6000,6262.4000,6263.0000,6263.2000,1,1,1,2,1,1,1,1,1,3
SF,IC2103,2020-09-02 09:31:47.200,6257.4000,22436,0,217756600.000,0,-,-,-,-,6255.6000,6255.4000,6255.0000,6254.6000,6254.2000,6258.4000,6258.6000,6262.4000,6263.0000,6263.2000,1,1,1,2,1,1,1,1,1,3
SF,IC2103,2020-09-02 09:31:47.700,6258.6000,22436,0,219008320.000,1,0,1,多换,S,6255.8000,6255.4000,6255.0000,6254.6000,6253.8000,6262.4000,6263.0000,6263.2000,6263.4000,6263.6000,2,1,1,2,2,1,1,3,1,3
SF,IC2103,2020-09-02 09:31:48.200,6258.6000,22436,0,219008320.000,0,-,-,-,-,6256.0000,6255.8000,6255.4000,6255.0000,6254.6000,6261.8000,6262.2000,6263.0000,6263.2000,6263.6000,1,1,1,1,2,1,5,1,3,3
SF,IC2103,2020-09-02 09:31:48.700,6258.6000,22436,0,219008320.000,0,-,-,-,-,6256.0000,6255.8000,6255.4000,6255.0000,6254.6000,6261.4000,6261.6000,6261.8000,6262.2000,6263.2000,1,1,1,1,1,1,1,1,5,3
SF,IC2103,2020-09-02 09:31:49.200,6261.0000,22436,0,220260520.000,1,0,1,多换,S,6256.6000,6256.2000,6256.0000,6255.8000,6255.4000,6261.2000,6261.4000,6261.6000,6261.8000,6262.2000,1,1,1,1,1,1,1,1,1,5
SF,IC2103,2020-09-02 09:31:49.700,6256.6000,22435,-1,221511840.000,1,0,1,双平,S,6256.6000,6255.8000,6255.0000,6254.6000,6252.4000,6260.6000,6261.0000,6261.2000,6261.4000,6261.6000,1,1,1,1,1,1,3,1,1,1
SF,IC2103,2020-09-02 09:31:50.200,6256.6000,22435,0,221511840.000,0,-,-,-,-,6256.6000,6252.4000,6251.0000,6250.8000,6249.2000,6260.4000,6260.6000,6261.0000,6261.2000,6261.4000,1,1,1,1,1,4,1,2,1,1
SF,IC2103,2020-09-02 09:31:50.700,6259.8000,22435,0,222763800.000,1,0,1,多换,S,6256.8000,6256.6000,6252.4000,6251.0000,6250.8000,6260.2000,6260.4000,6260.6000,6261.0000,6261.2000,1,1,1,1,1,3,4,1,2,1
SF,IC2103,2020-09-02 09:31:51.200,6259.8000,22435,0,222763800.000,0,-,-,-,-,6256.6000,6253.6000,6252.4000,6251.0000,6250.8000,6260.0000,6260.2000,6260.4000,6260.6000,6261.0000,1,1,1,1,1,2,3,3,1,2
SF,IC2103,2020-09-02 09:31:52.200,6256.6000,22435,0,224015120.000,1,0,1,多换,S,6251.0000,6250.8000,6249.2000,6248.0000,6240.0000,6260.0000,6260.2000,6260.4000,6260.6000,6261.0000,1,1,1,2,1,2,3,3,1,2
SF,IC2103,2020-09-02 09:31:52.700,6256.6000,22435,0,224015120.000,0,-,-,-,-,6251.6000,6251.4000,6251.2000,6251.0000,6250.8000,6256.0000,6256.4000,6259.4000,6259.8000,6260.0000,1,4,2,2,1,1,1,1,1,2
SF,IC2103,2020-09-02 09:31:53.200,6256.6000,22435,0,224015120.000,0,-,-,-,-,6252.2000,6251.8000,6251.6000,6251.4000,6251.2000,6255.8000,6256.0000,6259.4000,6259.8000,6260.0000,1,3,1,1,1,1,1,1,1,1
SF,IC2103,2020-09-02 09:31:53.700,6256.6000,22435,0,224015120.000,0,-,-,-,-,6253.4000,6252.8000,6252.6000,6252.2000,6251.8000,6255.8000,6256.0000,6259.4000,6259.8000,6260.0000,1,1,1,1,2,1,1,1,1,1
SF,IC2103,2020-09-02 09:31:54.200,6256.6000,22435,0,224015120.000,0,-,-,-,-,6252.8000,6252.6000,6252.2000,6251.8000,6251.4000,6256.0000,6259.8000,6260.0000,6260.2000,6260.4000,1,1,1,1,1,1,1,1,3,3
SF,IC2103,2020-09-02 09:31:54.700,6256.6000,22435,0,224015120.000,0,-,-,-,-,6252.8000,6252.6000,6252.2000,6251.8000,6251.4000,6255.8000,6256.0000,6259.8000,6260.0000,6260.2000,1,1,1,1,1,1,1,1,1,3
SF,IC2103,2020-09-02 09:31:55.200,6256.6000,22435,0,224015120.000,0,-,-,-,-,6252.8000,6252.6000,6252.2000,6251.8000,6251.4000,6255.8000,6256.0000,6259.8000,6260.0000,6260.2000,1,1,1,1,1,1,1,1,1,3
SF,IC2103,2020-09-02 09:31:56.200,6256.6000,22435,0,224015120.000,0,-,-,-,-,6252.8000,6252.6000,6251.8000,6251.4000,6250.8000,6255.8000,6256.0000,6259.8000,6260.0000,6260.2000,1,1,1,1,1,1,1,1,1,3
SF,IC2103,2020-09-02 09:31:56.700,6256.6000,22435,0,224015120.000,0,-,-,-,-,6252.8000,6251.8000,6251.4000,6250.8000,6249.2000,6255.8000,6256.0000,6259.8000,6260.0000,6260.2000,1,1,1,1,1,1,1,1,1,3
SF,IC2103,2020-09-02 09:31:58.200,6256.6000,22435,0,224015120.000,0,-,-,-,-,6252.8000,6251.8000,6250.8000,6249.2000,6248.0000,6255.8000,6256.0000,6259.8000,6260.0000,6260.2000,1,1,1,1,2,1,1,1,1,3
SF,IC2103,2020-09-02 09:31:58.700,6256.6000,22435,0,224015120.000,0,-,-,-,-,6252.8000,6250.8000,6249.2000,6248.0000,6240.0000,6255.6000,6255.8000,6256.0000,6259.8000,6260.0000,1,1,1,2,1,1,1,1,1,1
SF,IC2103,2020-09-02 09:31:59.200,6256.6000,22435,0,224015120.000,0,-,-,-,-,6250.8000,6249.2000,6248.0000,6240.0000,6231.4000,6255.6000,6255.8000,6256.0000,6259.8000,6260.0000,1,1,2,1,1,1,1,1,1,1
SF,IC2103,2020-09-02 09:31:59.700,6256.6000,22435,0,224015120.000,0,-,-,-,-,6251.4000,6250.8000,6249.2000,6248.0000,6240.0000,6255.4000,6255.6000,6256.0000,6259.8000,6260.0000,1,1,1,2,1,2,1,1,1,1
SF,IC2103,2020-09-02 09:32:00.200,6256.6000,22435,0,224015120.000,0,-,-,-,-,6251.4000,6250.8000,6249.2000,6248.0000,6240.0000,6255.4000,6255.6000,6256.0000,6259.8000,6260.0000,1,1,1,2,1,1,1,1,1,1
SF,IC2103,2020-09-02 09:32:00.700,6256.6000,22435,0,224015120.000,0,-,-,-,-,6251.4000,6250.8000,6249.2000,6248.0000,6240.0000,6255.4000,6255.6000,6256.0000,6259.8000,6260.0000,1,1,1,2,1,2,1,1,1,1
SF,IC2103,2020-09-02 09:32:01.700,6256.6000,22435,0,224015120.000,0,-,-,-,-,6251.4000,6250.8000,6249.2000,6248.0000,6240.0000,6255.2000,6255.4000,6255.6000,6256.0000,6259.8000,1,1,1,2,1,3,2,1,1,1
SF,IC2103,2020-09-02 09:32:02.200,6251.4000,22435,0,225265400.000,1,0,1,多换,S,6250.8000,6249.2000,6248.0000,6240.0000,6231.4000,6251.2000,6254.8000,6255.0000,6255.2000,6255.4000,1,1,2,1,1,6,1,2,3,1
SF,IC2103,2020-09-02 09:32:02.700,6249.2000,22433,-2,227765400.000,2,0,2,双平,S,6248.0000,6240.0000,6231.4000,6230.0000,6228.0000,6250.6000,6251.0000,6254.8000,6255.0000,6255.2000,2,1,1,1,1,8,1,1,2,3
SF,IC2103,2020-09-02 09:32:03.200,6249.2000,22433,0,227765400.000,0,-,-,-,-,6248.6000,6248.0000,6240.0000,6231.4000,6230.0000,6250.6000,6251.0000,6254.8000,6255.0000,6255.2000,1,2,1,1,1,2,1,1,2,3
SF,IC2103,2020-09-02 09:32:03.700,6248.4000,22433,0,231514280.000,3,1,2,多换,S,6240.0000,6230.0000,6228.0000,6220.6000,6220.0000,6248.6000,6250.6000,6251.0000,6254.8000,6255.0000,1,1,1,1,1,1,2,1,1,2
SF,IC2103,2020-09-02 09:32:04.200,6248.4000,22433,0,231514280.000,0,-,-,-,-,6247.0000,6244.0000,6243.6000,6243.4000,6241.4000,6248.4000,6248.6000,6250.6000,6251.0000,6254.8000,2,1,1,4,1,1,1,2,1,1
SF,IC2103,2020-09-02 09:32:04.700,6248.4000,22433,0,231514280.000,0,-,-,-,-,6243.6000,6243.4000,6241.4000,6240.8000,6240.6000,6248.2000,6248.6000,6250.6000,6251.0000,6254.8000,1,4,1,1,1,1,1,2,1,1
SF,IC2103,2020-09-02 09:32:05.200,6248.4000,22433,0,231514280.000,0,-,-,-,-,6244.2000,6243.8000,6243.6000,6243.4000,6241.4000,6248.0000,6248.2000,6248.6000,6251.0000,6254.8000,1,1,1,4,1,1,1,1,1,1
SF,IC2103,2020-09-02 09:32:05.700,6248.4000,22433,0,231514280.000,0,-,-,-,-,6244.6000,6244.2000,6243.8000,6243.6000,6243.4000,6248.0000,6248.6000,6251.0000,6254.8000,6255.0000,1,1,1,1,4,1,1,1,1,1
SF,IC2103,2020-09-02 09:32:06.200,6248.4000,22433,0,231514280.000,0,-,-,-,-,6245.0000,6244.6000,6244.2000,6243.8000,6243.6000,6248.0000,6248.6000,6251.0000,6254.8000,6255.0000,1,1,1,1,1,1,1,1,1,1
SF,IC2103,2020-09-02 09:32:06.700,6248.4000,22433,0,231514280.000,0,-,-,-,-,6245.4000,6245.2000,6245.0000,6244.6000,6244.2000,6251.0000,6254.8000,6255.0000,6255.2000,6255.4000,1,1,1,1,1,1,1,1,3,1
SF,IC2103,2020-09-02 09:32:07.200,6248.4000,22433,0,231514280.000,0,-,-,-,-,6245.8000,6245.6000,6245.4000,6245.2000,6245.0000,6251.0000,6254.8000,6255.0000,6255.2000,6255.4000,1,1,2,1,1,1,1,1,3,1
SF,IC2103,2020-09-02 09:32:07.700,6248.4000,22433,0,231514280.000,0,-,-,-,-,6246.2000,6246.0000,6245.8000,6245.4000,6245.0000,6250.8000,6251.0000,6254.8000,6255.0000,6255.2000,1,1,1,2,1,1,1,1,1,3
SF,IC2103,2020-09-02 09:32:08.200,6248.4000,22433,0,231514280.000,0,-,-,-,-,6246.4000,6246.2000,6245.4000,6245.0000,6243.6000,6250.6000,6250.8000,6251.0000,6254.8000,6255.0000,1,1,2,1,1,1,1,1,1,1
SF,IC2103,2020-09-02 09:32:08.700,6246.2000,22432,-1,234012800.000,2,0,2,多平,S,6246.8000,6245.4000,6245.0000,6243.4000,6240.8000,6250.0000,6250.6000,6250.8000,6251.0000,6254.8000,1,2,1,4,1,1,2,1,1,1
SF,IC2103,2020-09-02 09:32:09.200,6245.4000,22434,2,236511240.000,2,2,0,双开,S,6245.0000,6240.8000,6240.2000,6240.0000,6236.0000,6246.8000,6249.4000,6249.8000,6250.0000,6250.8000,1,1,1,1,1,1,1,3,1,1
SF,IC2103,2020-09-02 09:32:09.700,6245.0000,22434,0,237760240.000,1,0,1,多换,S,6240.2000,6240.0000,6236.0000,6230.0000,6228.0000,6244.8000,6246.4000,6246.6000,6246.8000,6249.4000,1,1,1,1,1,6,1,1,1,1
SF,IC2103,2020-09-02 09:32:10.200,6245.0000,22434,0,237760240.000,0,-,-,-,-,6240.6000,6240.4000,6240.2000,6240.0000,6237.8000,6244.6000,6246.8000,6249.4000,6249.8000,6250.0000,3,1,1,1,1,1,1,1,2,1
SF,IC2103,2020-09-02 09:32:10.700,6244.6000,22433,-1,239009160.000,1,0,1,双平,S,6241.6000,6241.4000,6241.0000,6240.8000,6240.4000,6246.8000,6249.4000,6250.0000,6251.0000,6255.0000,2,1,1,4,1,1,1,1,1,1
SF,IC2103,2020-09-02 09:32:11.200,6244.6000,22433,0,239009160.000,0,-,-,-,-,6241.8000,6241.6000,6241.4000,6241.0000,6240.8000,6246.8000,6249.4000,6250.0000,6251.0000,6255.0000,2,3,1,1,4,1,1,1,1,1
SF,IC2103,2020-09-02 09:32:11.700,6244.6000,22433,0,239009160.000,0,-,-,-,-,6241.8000,6241.6000,6241.4000,6241.0000,6240.8000,6246.8000,6249.4000,6250.0000,6251.0000,6255.0000,2,3,1,1,2,1,1,1,1,1
SF,IC2103,2020-09-02 09:32:12.200,6244.6000,22433,0,239009160.000,0,-,-,-,-,6242.6000,6242.2000,6242.0000,6241.8000,6241.6000,6246.6000,6246.8000,6249.4000,6250.0000,6251.0000,1,1,1,2,3,2,1,1,1,1
SF,IC2103,2020-09-02 09:32:12.700,6244.6000,22433,0,239009160.000,0,-,-,-,-,6242.8000,6242.6000,6242.2000,6242.0000,6241.0000,6246.4000,6246.6000,6246.8000,6255.0000,6255.2000,1,1,1,1,1,3,2,1,1,3
SF,IC2103,2020-09-02 09:32:13.200,6244.6000,22433,0,239009160.000,0,-,-,-,-,6242.8000,6241.0000,6240.0000,6236.0000,6230.0000,6246.2000,6246.6000,6246.8000,6255.0000,6255.2000,1,1,1,1,1,2,1,1,1,3
SF,IC2103,2020-09-02 09:32:13.700,6244.6000,22433,0,239009160.000,0,-,-,-,-,6240.0000,6236.0000,6230.0000,6228.0000,6220.6000,6245.6000,6245.8000,6246.0000,6246.2000,6246.6000,1,1,1,1,1,1,1,1,3,1
SF,IC2103,2020-09-02 09:32:14.200,6244.6000,22433,0,239009160.000,0,-,-,-,-,6240.6000,6240.2000,6240.0000,6236.0000,6234.8000,6245.0000,6245.4000,6245.6000,6246.2000,6246.6000,2,1,2,1,1,2,2,1,2,1
SF,IC2103,2020-09-02 09:32:14.700,6244.6000,22433,0,239009160.000,0,-,-,-,-,6241.6000,6240.8000,6240.0000,6236.0000,6234.8000,6244.4000,6244.8000,6245.0000,6245.4000,6246.2000,1,1,1,1,1,1,1,2,1,2
SF,IC2103,2020-09-02 09:32:15.200,6244.6000,22433,0,239009160.000,0,-,-,-,-,6240.8000,6240.0000,6236.0000,6234.8000,6230.0000,6244.2000,6244.4000,6244.8000,6245.0000,6245.4000,1,1,1,1,1,1,1,1,2,1
SF,IC2103,2020-09-02 09:32:15.700,6244.6000,22433,0,239009160.000,0,-,-,-,-,6240.8000,6240.0000,6236.0000,6234.8000,6230.0000,6244.0000,6244.4000,6245.0000,6245.4000,6246.2000,1,1,1,1,1,1,1,2,1,2
SF,IC2103,2020-09-02 09:32:16.200,6244.6000,22433,0,239009160.000,0,-,-,-,-,6240.8000,6240.0000,6236.0000,6234.8000,6230.0000,6243.8000,6244.0000,6244.4000,6245.0000,6245.4000,1,1,1,1,1,1,1,1,2,1
SF,IC2103,2020-09-02 09:32:16.700,6244.6000,22433,0,239009160.000,0,-,-,-,-,6241.0000,6240.8000,6240.0000,6236.0000,6234.8000,6243.8000,6244.0000,6244.4000,6245.0000,6245.4000,1,1,1,1,1,1,1,1,2,1
SF,IC2103,2020-09-02 09:32:17.200,6244.6000,22433,0,239009160.000,0,-,-,-,-,6241.6000,6241.0000,6240.8000,6240.0000,6236.0000,6244.0000,6244.4000,6245.0000,6245.4000,6246.2000,1,1,1,1,1,1,1,2,1,2
SF,IC2103,2020-09-02 09:32:17.700,6244.0000,22432,-1,240257960.000,1,0,1,双平,S,6241.6000,6241.0000,6240.8000,6240.0000,6236.0000,6243.8000,6245.0000,6245.4000,6246.2000,6246.6000,2,2,1,1,1,1,2,1,2,1
SF,IC2103,2020-09-02 09:32:18.200,6244.0000,22432,0,240257960.000,0,-,-,-,-,6241.6000,6241.0000,6240.8000,6240.0000,6236.0000,6243.8000,6245.0000,6245.4000,6246.2000,6246.6000,1,2,1,1,1,1,2,1,2,1
SF,IC2103,2020-09-02 09:32:18.700,6244.0000,22432,0,240257960.000,0,-,-,-,-,6241.0000,6240.8000,6240.0000,6236.0000,6230.0000,6245.0000,6245.4000,6246.2000,6246.6000,6246.8000,2,1,1,1,1,2,1,2,1,1
SF,IC2103,2020-09-02 09:32:19.200,6241.8000,22432,0,241506320.000,1,0,1,多换,S,6241.2000,6241.0000,6240.0000,6236.0000,6230.0000,6244.4000,6244.8000,6245.0000,6245.4000,6246.2000,1,2,1,1,1,1,1,2,1,2
SF,IC2103,2020-09-02 09:32:19.700,6241.8000,22432,0,241506320.000,0,-,-,-,-,6241.4000,6241.2000,6241.0000,6240.0000,6236.0000,6244.4000,6244.8000,6245.0000,6245.4000,6246.2000,1,1,2,1,1,1,1,2,1,2
SF,IC2103,2020-09-02 09:32:20.200,6244.4000,22431,-1,242755200.000,1,0,1,双平,S,6241.8000,6241.2000,6241.0000,6240.0000,6236.0000,6244.8000,6245.0000,6245.4000,6246.2000,6246.6000,1,1,2,1,1,1,2,1,2,1
SF,IC2103,2020-09-02 09:32:20.700,6244.4000,22431,0,242755200.000,0,-,-,-,-,6241.8000,6241.2000,6241.0000,6240.0000,6236.0000,6244.6000,6244.8000,6245.0000,6245.4000,6246.2000,1,1,2,1,1,1,1,2,1,2
SF,IC2103,2020-09-02 09:32:21.700,6244.4000,22431,0,242755200.000,0,-,-,-,-,6242.4000,6241.8000,6241.2000,6241.0000,6240.0000,6244.6000,6244.8000,6245.0000,6245.4000,6246.2000,1,1,1,2,1,1,1,2,1,2
SF,IC2103,2020-09-02 09:32:22.200,6244.4000,22431,0,242755200.000,0,-,-,-,-,6244.6000,6241.8000,6241.2000,6241.0000,6240.0000,6244.8000,6245.0000,6245.4000,6246.2000,6246.8000,1,1,1,2,1,1,2,1,2,1
SF,IC2103,2020-09-02 09:32:22.700,6244.8000,22426,-5,250248960.000,6,0,6,多平,S,6241.8000,6241.2000,6241.0000,6240.0000,6236.0000,6244.8000,6245.4000,6246.2000,6246.8000,6255.0000,1,1,2,1,1,1,1,1,1,1
SF,IC2103,2020-09-02 09:32:23.200,6244.8000,22426,0,251497920.000,1,0,1,多换,S,6243.0000,6242.2000,6242.0000,6241.2000,6241.0000,6246.2000,6246.8000,6255.0000,6255.2000,6260.0000,1,1,1,1,2,1,1,1,3,1
SF,IC2103,2020-09-02 09:32:23.700,6246.8000,22424,-2,253996520.000,2,0,2,双平,S,6245.0000,6243.4000,6243.2000,6243.0000,6242.2000,6255.0000,6255.2000,6260.0000,6260.2000,6260.4000,2,1,3,1,1,1,3,1,1,3
SF,IC2103,2020-09-02 09:32:24.200,6246.8000,22424,0,253996520.000,0,-,-,-,-,6245.4000,6245.2000,6245.0000,6243.4000,6243.2000,6252.4000,6254.6000,6254.8000,6255.0000,6255.2000,1,1,2,1,2,2,1,4,1,3
SF,IC2103,2020-09-02 09:32:24.700,6246.8000,22424,0,253996520.000,0,-,-,-,-,6245.6000,6245.4000,6243.4000,6243.2000,6243.0000,6251.8000,6252.2000,6252.4000,6254.6000,6254.8000,1,1,1,1,1,1,2,1,1,4
SF,IC2103,2020-09-02 09:32:25.200,6246.8000,22424,0,253996520.000,0,-,-,-,-,6246.2000,6245.8000,6245.6000,6245.4000,6243.4000,6251.8000,6252.2000,6254.6000,6254.8000,6255.2000,1,1,1,1,1,1,1,1,4,3
SF,IC2103,2020-09-02 09:32:25.700,6246.8000,22424,0,253996520.000,0,-,-,-,-,6246.4000,6246.2000,6245.4000,6243.4000,6243.2000,6251.8000,6252.2000,6254.6000,6254.8000,6255.2000,2,1,1,1,1,1,1,1,4,3
SF,IC2103,2020-09-02 09:32:26.200,6246.8000,22424,0,253996520.000,0,-,-,-,-,6246.4000,6246.2000,6245.4000,6243.4000,6243.0000,6251.8000,6252.2000,6254.6000,6254.8000,6255.2000,2,1,1,1,1,1,1,1,4,3
SF,IC2103,2020-09-02 09:32:26.700,6246.8000,22424,0,253996520.000,0,-,-,-,-,6246.4000,6246.2000,6245.4000,6243.4000,6242.0000,6251.6000,6251.8000,6252.2000,6254.6000,6254.8000,1,1,1,1,1,1,1,1,1,4
SF,IC2103,2020-09-02 09:32:27.200,6246.8000,22424,0,253996520.000,0,-,-,-,-,6246.8000,6246.6000,6246.4000,6246.2000,6245.4000,6251.6000,6251.8000,6252.2000,6254.6000,6254.8000,1,3,1,1,1,1,1,1,1,4
SF,IC2103,2020-09-02 09:32:27.700,6251.8000,22424,0,255246880.000,1,0,1,多换,S,6247.4000,6247.2000,6247.0000,6246.8000,6246.6000,6254.6000,6254.8000,6255.2000,6260.0000,6260.4000,1,1,5,2,2,1,4,3,1,3
SF,IC2103,2020-09-02 09:32:28.200,6251.8000,22424,0,255246880.000,0,-,-,-,-,6247.8000,6247.6000,6247.4000,6247.2000,6247.0000,6254.2000,6254.6000,6260.0000,6260.4000,6261.2000,1,2,4,1,3,1,1,1,3,1
SF,IC2103,2020-09-02 09:32:28.700,6251.8000,22424,0,255246880.000,0,-,-,-,-,6249.0000,6248.2000,6248.0000,6247.8000,6247.6000,6254.2000,6260.0000,6260.4000,6261.2000,6261.6000,1,1,1,1,1,1,1,3,1,1
SF,IC2103,2020-09-02 09:32:29.200,6251.8000,22424,0,255246880.000,0,-,-,-,-,6249.6000,6249.2000,6249.0000,6248.2000,6247.8000,6254.0000,6254.2000,6260.0000,6260.4000,6261.2000,1,1,1,1,1,1,1,1,3,1
SF,IC2103,2020-09-02 09:32:29.700,6251.8000,22424,0,255246880.000,0,-,-,-,-,6250.4000,6249.8000,6249.6000,6249.0000,6247.8000,6254.0000,6254.2000,6260.0000,6260.4000,6261.2000,2,1,1,1,1,1,1,1,3,1
SF,IC2103,2020-09-02 09:32:30.200,6251.8000,22424,0,255246880.000,0,-,-,-,-,6250.6000,6250.4000,6249.6000,6249.0000,6247.8000,6253.8000,6254.0000,6254.2000,6260.0000,6260.4000,1,2,1,1,1,1,1,1,1,3
SF,IC2103,2020-09-02 09:32:30.700,6250.6000,22425,1,257747160.000,2,1,1,空开,S,6250.4000,6249.6000,6249.0000,6247.8000,6247.2000,6253.6000,6254.0000,6254.2000,6260.0000,6260.4000,2,1,1,1,1,1,1,1,1,3
SF,IC2103,2020-09-02 09:32:31.200,6250.6000,22425,0,257747160.000,0,-,-,-,-,6250.6000,6249.6000,6249.0000,6247.8000,6247.0000,6253.6000,6254.0000,6254.2000,6260.0000,6260.4000,1,1,1,1,1,1,1,1,1,3
SF,IC2103,2020-09-02 09:32:32.200,6250.6000,22425,0,257747160.000,0,-,-,-,-,6251.2000,6250.6000,6249.6000,6247.8000,6247.0000,6253.6000,6260.0000,6260.4000,6261.2000,6261.6000,1,1,1,1,1,1,1,3,1,1
SF,IC2103,2020-09-02 09:32:32.700,6250.6000,22425,0,257747160.000,0,-,-,-,-,6253.6000,6251.4000,6251.2000,6250.6000,6247.8000,6260.0000,6260.4000,6261.2000,6261.6000,6262.2000,5,1,1,1,1,1,3,1,1,3
SF,IC2103,2020-09-02 09:32:33.200,6253.6000,22424,-1,265251280.000,6,2,4,多平,S,6251.2000,6247.8000,6247.0000,6246.8000,6242.0000,6253.4000,6256.0000,6256.8000,6258.2000,6258.6000,1,1,1,1,1,1,1,1,1,1
SF,IC2103,2020-09-02 09:32:33.700,6253.4000,22423,-1,266501960.000,1,0,1,双平,S,6251.2000,6247.8000,6247.0000,6246.8000,6242.0000,6256.0000,6256.8000,6258.2000,6258.6000,6259.4000,1,1,1,1,1,1,1,1,1,1
SF,IC2103,2020-09-02 09:32:34.200,6253.4000,22423,0,266501960.000,0,-,-,-,-,6251.4000,6251.2000,6247.8000,6247.0000,6246.8000,6255.4000,6255.8000,6256.8000,6258.2000,6258.6000,1,1,1,1,1,1,4,1,1,1
SF,IC2103,2020-09-02 09:32:34.700,6253.4000,22423,0,266501960.000,0,-,-,-,-,6251.4000,6251.2000,6247.8000,6247.0000,6246.8000,6255.2000,6255.4000,6255.8000,6256.8000,6258.2000,1,1,1,1,1,1,1,2,1,1
SF,IC2103,2020-09-02 09:32:35.200,6253.4000,22423,0,266501960.000,0,-,-,-,-,6251.4000,6251.2000,6247.8000,6247.0000,6246.8000,6255.0000,6255.2000,6255.4000,6255.8000,6256.8000,1,1,1,1,1,1,1,1,1,1
SF,IC2103,2020-09-02 09:32:35.700,6253.4000,22423,0,266501960.000,0,-,-,-,-,6251.2000,6247.8000,6247.0000,6246.8000,6242.0000,6254.8000,6255.0000,6255.4000,6255.8000,6256.8000,1,1,1,1,1,1,1,1,1,1
SF,IC2103,2020-09-02 09:32:36.200,6253.4000,22423,0,266501960.000,0,-,-,-,-,6251.8000,6251.2000,6247.8000,6247.0000,6246.8000,6254.2000,6254.6000,6254.8000,6255.4000,6256.8000,1,1,1,1,1,1,2,1,1,1
SF,IC2103,2020-09-02 09:32:36.700,6251.2000,22422,-1,269002560.000,2,0,2,多平,S,6251.2000,6247.0000,6246.8000,6242.0000,6241.0000,6253.8000,6254.0000,6254.2000,6254.6000,6254.8000,1,1,1,1,1,1,1,1,1,1
SF,IC2103,2020-09-02 09:32:37.200,6254.2000,22422,0,274005720.000,4,2,2,多换,S,6253.8000,6251.8000,6251.2000,6247.0000,6246.8000,6254.6000,6254.8000,6255.4000,6256.8000,6258.2000,2,2,1,1,1,1,1,1,1,1
SF,IC2103,2020-09-02 09:32:37.700,6253.8000,22422,0,275256480.000,1,0,1,多换,S,6251.2000,6247.0000,6246.8000,6242.0000,6241.0000,6254.6000,6255.4000,6256.8000,6258.2000,6258.6000,1,1,1,1,1,1,1,1,1,1
SF,IC2103,2020-09-02 09:32:38.200,6253.8000,22422,0,275256480.000,0,-,-,-,-,6251.2000,6247.0000,6246.8000,6242.0000,6241.0000,6254.4000,6254.6000,6255.4000,6256.8000,6258.2000,1,1,1,1,1,2,1,1,1,1
SF,IC2103,2020-09-02 09:32:38.700,6253.8000,22422,0,275256480.000,0,-,-,-,-,6251.2000,6247.0000,6246.8000,6242.0000,6241.0000,6254.4000,6254.6000,6255.4000,6256.8000,6258.2000,1,1,1,1,1,2,1,1,1,1
SF,IC2103,2020-09-02 09:32:40.200,6253.8000,22422,0,275256480.000,0,-,-,-,-,6251.2000,6247.0000,6246.8000,6245.0000,6242.0000,6252.6000,6254.2000,6254.4000,6254.6000,6255.4000,1,1,1,1,1,1,1,2,1,1
SF,IC2103,2020-09-02 09:32:40.700,6252.6000,22424,2,277757520.000,2,2,0,双开,S,6251.6000,6251.2000,6246.8000,6245.0000,6244.0000,6254.4000,6254.6000,6255.4000,6256.8000,6258.2000,1,1,1,1,2,2,1,1,1,1
SF,IC2103,2020-09-02 09:32:41.200,6252.6000,22424,0,277757520.000,0,-,-,-,-,6251.2000,6246.8000,6245.0000,6244.0000,6242.0000,6253.8000,6254.2000,6254.4000,6254.6000,6256.8000,1,1,1,2,1,1,1,2,1,1
SF,IC2103,2020-09-02 09:32:41.700,6251.2000,22424,0,279007760.000,1,0,1,多换,S,6245.0000,6244.0000,6242.0000,6241.0000,6240.0000,6253.8000,6254.2000,6254.4000,6254.6000,6256.8000,1,2,1,1,1,1,1,2,1,1
SF,IC2103,2020-09-02 09:32:42.200,6253.6000,22424,0,281509200.000,2,1,1,多换,S,6246.4000,6245.6000,6245.4000,6245.2000,6245.0000,6253.6000,6253.8000,6254.2000,6254.4000,6254.6000,3,1,1,2,1,1,1,1,1,1
SF,IC2103,2020-09-02 09:32:42.700,6253.6000,22424,0,281509200.000,0,-,-,-,-,6247.0000,6246.6000,6245.4000,6245.0000,6244.0000,6253.0000,6253.6000,6253.8000,6254.2000,6254.4000,2,1,1,1,2,1,1,1,1,1
SF,IC2103,2020-09-02 09:32:43.200,6253.6000,22424,0,281509200.000,0,-,-,-,-,6247.2000,6247.0000,6246.8000,6245.4000,6245.0000,6252.8000,6253.0000,6253.6000,6253.8000,6254.2000,1,5,1,1,1,2,1,1,1,1
SF,IC2103,2020-09-02 09:32:43.700,6253.6000,22424,0,281509200.000,0,-,-,-,-,6247.8000,6247.4000,6247.2000,6246.8000,6245.4000,6253.0000,6253.8000,6254.4000,6258.2000,6259.8000,2,2,1,1,1,1,1,1,1,1
SF,IC2103,2020-09-02 09:32:44.200,6253.6000,22424,0,281509200.000,0,-,-,-,-,6248.0000,6247.8000,6247.4000,6246.8000,6245.4000,6253.8000,6254.4000,6258.2000,6259.8000,6260.0000,2,2,1,1,1,1,1,1,1,1
SF,IC2103,2020-09-02 09:32:44.700,6253.6000,22424,0,281509200.000,0,-,-,-,-,6248.6000,6248.4000,6248.0000,6245.4000,6245.0000,6253.6000,6253.8000,6254.4000,6258.2000,6259.8000,2,3,1,1,1,2,1,1,1,1
SF,IC2103,2020-09-02 09:32:45.200,6253.6000,22424,0,281509200.000,0,-,-,-,-,6248.8000,6248.6000,6245.4000,6245.0000,6244.0000,6253.6000,6253.8000,6254.4000,6258.2000,6259.8000,1,2,1,1,2,2,1,1,1,1
SF,IC2103,2020-09-02 09:32:45.700,6253.6000,22424,0,281509200.000,0,-,-,-,-,6248.8000,6245.4000,6245.0000,6244.0000,6242.0000,6252.4000,6253.0000,6253.6000,6253.8000,6254.4000,1,1,1,2,1,1,1,2,1,1
SF,IC2103,2020-09-02 09:32:46.200,6253.6000,22424,0,281509200.000,0,-,-,-,-,6249.0000,6248.8000,6245.4000,6245.0000,6244.0000,6252.2000,6253.0000,6253.6000,6253.8000,6254.4000,1,1,1,1,2,1,1,2,1,1
SF,IC2103,2020-09-02 09:32:46.700,6253.6000,22424,0,281509200.000,0,-,-,-,-,6245.4000,6245.0000,6244.0000,6242.0000,6241.0000,6252.0000,6252.2000,6253.0000,6253.6000,6253.8000,1,1,2,1,1,1,1,1,1,1
SF,IC2103,2020-09-02 09:32:47.200,6253.6000,22424,0,281509200.000,0,-,-,-,-,6246.0000,6245.4000,6245.0000,6244.0000,6242.0000,6251.4000,6251.8000,6252.0000,6252.2000,6253.6000,2,1,1,2,1,1,2,1,1,1
SF,IC2103,2020-09-02 09:32:47.700,6246.0000,22424,0,282758400.000,1,0,1,多换,S,6245.0000,6244.0000,6242.0000,6241.0000,6240.0000,6251.2000,6251.4000,6251.8000,6252.2000,6253.6000,1,2,1,1,1,3,1,2,1,1
SF,IC2103,2020-09-02 09:32:48.200,6246.0000,22424,0,282758400.000,0,-,-,-,-,6245.0000,6244.0000,6242.0000,6241.0000,6240.0000,6250.6000,6251.0000,6251.2000,6251.4000,6251.8000,1,2,1,1,1,1,1,3,1,2
SF,IC2103,2020-09-02 09:32:48.700,6246.0000,22424,0,282758400.000,0,-,-,-,-,6245.2000,6244.0000,6242.0000,6241.0000,6240.0000,6250.2000,6250.4000,6250.6000,6251.0000,6251.2000,1,2,1,1,1,1,1,1,1,2
SF,IC2103,2020-09-02 09:32:49.200,6246.0000,22424,0,282758400.000,0,-,-,-,-,6245.2000,6244.0000,6242.0000,6241.0000,6240.0000,6249.8000,6250.0000,6250.2000,6250.4000,6250.6000,1,2,1,1,1,1,1,1,1,1
SF,IC2103,2020-09-02 09:32:49.700,6246.0000,22424,0,282758400.000,0,-,-,-,-,6249.0000,6245.4000,6245.2000,6244.0000,6242.0000,6249.8000,6250.2000,6250.4000,6250.6000,6251.0000,1,2,1,2,1,1,1,1,1,1
SF,IC2103,2020-09-02 09:32:50.200,6248.8000,22424,0,284008160.000,1,0,1,多换,S,6245.4000,6245.2000,6244.0000,6242.0000,6241.0000,6249.8000,6250.2000,6250.4000,6250.6000,6251.0000,2,1,2,1,1,1,1,1,1,1
SF,IC2103,2020-09-02 09:32:50.700,6248.8000,22424,0,284008160.000,0,-,-,-,-,6245.6000,6245.4000,6244.0000,6242.0000,6241.0000,6249.8000,6250.2000,6250.4000,6250.6000,6251.0000,2,1,2,1,1,1,1,1,1,1
SF,IC2103,2020-09-02 09:32:51.200,6249.8000,22423,-1,285258120.000,1,0,1,双平,S,6246.2000,6245.8000,6245.6000,6245.4000,6244.0000,6250.2000,6251.2000,6251.8000,6252.2000,6253.6000,1,2,2,1,2,1,1,2,1,1
SF,IC2103,2020-09-02 09:32:51.700,6249.8000,22423,0,285258120.000,0,-,-,-,-,6246.8000,6246.4000,6246.2000,6245.8000,6245.4000,6250.2000,6251.8000,6252.2000,6253.6000,6255.0000,1,2,1,1,1,1,2,1,1,1
SF,IC2103,2020-09-02 09:32:52.200,6250.2000,22422,-1,286508160.000,1,0,1,双平,S,6247.0000,6246.8000,6246.2000,6245.8000,6245.4000,6252.2000,6253.6000,6255.0000,6256.8000,6259.8000,2,1,1,1,1,1,1,1,2,1
SF,IC2103,2020-09-02 09:32:52.700,6250.2000,22422,0,286508160.000,0,-,-,-,-,6247.6000,6247.2000,6247.0000,6245.8000,6245.4000,6253.6000,6255.0000,6256.8000,6259.8000,6260.0000,2,1,2,1,1,1,1,2,1,1
SF,IC2103,2020-09-02 09:32:53.200,6250.2000,22422,0,286508160.000,0,-,-,-,-,6247.8000,6247.6000,6247.2000,6245.8000,6244.0000,6253.4000,6253.6000,6255.0000,6256.8000,6259.8000,1,2,1,1,2,4,1,1,2,1
SF,IC2103,2020-09-02 09:32:53.700,6250.2000,22422,0,286508160.000,0,-,-,-,-,6248.2000,6247.8000,6247.2000,6244.0000,6242.0000,6252.4000,6253.4000,6253.6000,6255.0000,6256.8000,2,1,1,2,1,1,4,1,1,2
SF,IC2103,2020-09-02 09:32:54.200,6248.2000,22419,-3,290257080.000,3,0,3,双平,S,6244.0000,6242.0000,6241.0000,6240.0000,6236.0000,6251.8000,6252.2000,6252.4000,6253.4000,6253.6000,2,1,1,1,1,1,5,1,3,1
SF,IC2103,2020-09-02 09:32:54.700,6248.2000,22419,0,290257080.000,0,-,-,-,-,6245.8000,6244.0000,6242.0000,6241.0000,6240.0000,6251.4000,6251.6000,6251.8000,6252.2000,6252.4000,3,2,1,1,1,1,3,1,4,1
SF,IC2103,2020-09-02 09:32:55.200,6248.2000,22419,0,290257080.000,0,-,-,-,-,6244.0000,6242.0000,6241.0000,6240.0000,6236.0000,6251.0000,6251.2000,6251.4000,6251.6000,6251.8000,2,1,1,2,1,2,3,1,2,1
SF,IC2103,2020-09-02 09:32:55.700,6248.2000,22419,0,290257080.000,0,-,-,-,-,6246.2000,6244.0000,6242.0000,6241.0000,6240.0000,6250.2000,6250.6000,6250.8000,6251.0000,6251.2000,3,2,1,1,2,1,1,3,2,2
SF,IC2103,2020-09-02 09:32:56.200,6248.2000,22419,0,290257080.000,0,-,-,-,-,6244.0000,6242.0000,6241.0000,6240.0000,6236.0000,6249.8000,6250.0000,6250.2000,6250.6000,6250.8000,2,1,1,2,1,1,4,1,1,2
SF,IC2103,2020-09-02 09:32:56.700,6248.2000,22419,0,290257080.000,0,-,-,-,-,6244.2000,6244.0000,6242.0000,6241.0000,6240.0000,6249.4000,6249.6000,6249.8000,6250.0000,6250.2000,1,2,1,1,2,1,2,1,3,1
SF,IC2103,2020-09-02 09:32:57.200,6248.2000,22419,0,290257080.000,0,-,-,-,-,6244.2000,6244.0000,6242.0000,6241.0000,6240.0000,6249.2000,6249.4000,6249.6000,6249.8000,6250.0000,1,2,1,1,2,2,1,1,1,3
SF,IC2103,2020-09-02 09:32:57.700,6248.2000,22419,0,290257080.000,0,-,-,-,-,6244.4000,6244.2000,6244.0000,6242.0000,6241.0000,6249.2000,6249.4000,6249.6000,6249.8000,6250.0000,1,1,2,1,1,2,1,1,1,3
SF,IC2103,2020-09-02 09:32:58.200,6248.2000,22419,0,290257080.000,0,-,-,-,-,6245.2000,6244.4000,6244.2000,6244.0000,6242.0000,6249.2000,6249.4000,6249.8000,6250.0000,6250.6000,3,1,1,2,1,1,1,1,3,1
SF,IC2103,2020-09-02 09:32:58.700,6248.2000,22419,0,290257080.000,0,-,-,-,-,6245.4000,6245.0000,6244.0000,6242.0000,6241.0000,6248.6000,6249.0000,6249.2000,6249.4000,6249.8000,1,1,2,1,2,1,2,1,1,1
SF,IC2103,2020-09-02 09:32:59.200,6248.2000,22419,0,290257080.000,0,-,-,-,-,6245.0000,6244.0000,6242.0000,6241.0000,6240.0000,6248.4000,6248.6000,6249.0000,6249.4000,6249.8000,1,2,1,2,2,2,1,2,1,1
SF,IC2103,2020-09-02 09:32:59.700,6245.0000,22419,0,291506080.000,1,0,1,多换,S,6244.0000,6242.0000,6241.0000,6240.0000,6236.0000,6247.8000,6248.0000,6248.2000,6248.4000,6248.6000,2,1,2,2,1,1,1,2,2,1
SF,IC2103,2020-09-02 09:33:00.200,6244.0000,22419,0,294003680.000,2,1,1,多换,S,6242.0000,6241.0000,6240.0000,6236.0000,6230.0000,6246.8000,6247.2000,6247.4000,6247.6000,6247.8000,1,2,2,1,1,1,1,1,3,1
SF,IC2103,2020-09-02 09:33:00.700,6244.0000,22419,0,294003680.000,0,-,-,-,-,6242.6000,6242.0000,6241.0000,6240.0000,6236.0000,6246.6000,6246.8000,6247.2000,6247.4000,6247.6000,3,1,2,2,1,3,1,1,1,2
SF,IC2103,2020-09-02 09:33:01.200,6244.0000,22419,0,294003680.000,0,-,-,-,-,6242.0000,6241.0000,6240.0000,6236.0000,6230.0000,6243.4000,6246.6000,6246.8000,6247.2000,6247.4000,1,2,2,1,1,1,3,1,1,1
SF,IC2103,2020-09-02 09:33:01.700,6242.4000,22417,-2,296500840.000,2,0,2,双平,S,6242.4000,6242.0000,6241.0000,6240.0000,6236.0000,6246.6000,6246.8000,6247.2000,6247.6000,6247.8000,1,1,2,2,1,3,1,1,2,1
SF,IC2103,2020-09-02 09:33:02.200,6242.4000,22417,0,296500840.000,0,-,-,-,-,6242.0000,6241.0000,6240.0000,6236.0000,6230.0000,6244.8000,6245.8000,6246.2000,6246.6000,6246.8000,1,2,2,1,1,1,1,1,4,1
SF,IC2103,2020-09-02 09:33:03.200,6244.8000,22416,-1,297749800.000,1,0,1,双平,S,6242.0000,6241.0000,6240.0000,6236.0000,6230.0000,6245.8000,6246.2000,6246.6000,6246.8000,6247.2000,1,2,2,1,1,1,1,4,1,1
SF,IC2103,2020-09-02 09:33:03.700,6244.8000,22416,0,297749800.000,0,-,-,-,-,6242.2000,6242.0000,6241.0000,6240.0000,6236.0000,6245.6000,6245.8000,6246.2000,6246.6000,6246.8000,4,1,2,2,1,2,1,1,3,1
SF,IC2103,2020-09-02 09:33:04.200,6244.8000,22416,0,297749800.000,0,-,-,-,-,6242.2000,6242.0000,6241.0000,6240.0000,6236.0000,6245.6000,6246.2000,6246.6000,6246.8000,6247.2000,1,1,2,2,1,1,1,2,1,1
SF,IC2103,2020-09-02 09:33:04.700,6244.8000,22416,0,297749800.000,0,-,-,-,-,6242.8000,6242.4000,6242.2000,6242.0000,6241.0000,6245.6000,6246.2000,6246.6000,6246.8000,6247.2000,3,1,1,1,2,1,1,1,1,1
SF,IC2103,2020-09-02 09:33:05.200,6245.6000,22416,0,300248040.000,2,1,1,多换,S,6245.6000,6243.4000,6243.0000,6242.4000,6242.0000,6246.2000,6246.6000,6246.8000,6247.2000,6247.6000,3,1,1,1,1,1,1,1,1,2
SF,IC2103,2020-09-02 09:33:05.700,6245.6000,22419,3,303995400.000,3,3,0,双开,S,6242.0000,6241.0000,6240.0000,6236.0000,6230.0000,6245.4000,6246.0000,6246.6000,6246.8000,6247.2000,1,2,2,1,1,1,1,1,1,1
SF,IC2103,2020-09-02 09:33:06.200,6245.6000,22419,0,305244520.000,1,0,1,多换,S,6243.6000,6242.2000,6242.0000,6241.0000,6240.0000,6246.0000,6247.6000,6248.2000,6248.4000,6248.6000,1,2,1,2,2,1,2,1,1,1
SF,IC2103,2020-09-02 09:33:06.700,6245.6000,22419,0,305244520.000,0,-,-,-,-,6245.4000,6243.8000,6243.6000,6242.6000,6242.2000,6246.0000,6247.6000,6248.4000,6248.6000,6249.0000,1,1,1,1,2,1,2,1,1,1
SF,IC2103,2020-09-02 09:33:07.200,6246.0000,22418,-1,306493720.000,1,0,1,双平,S,6245.4000,6243.8000,6242.6000,6242.2000,6242.0000,6248.4000,6249.0000,6250.0000,6250.8000,6251.2000,1,1,1,2,1,1,1,3,2,1
SF,IC2103,2020-09-02 09:33:07.700,6246.0000,22418,0,306493720.000,0,-,-,-,-,6245.8000,6245.4000,6242.2000,6242.0000,6241.0000,6249.0000,6250.0000,6250.8000,6251.2000,6251.6000,2,1,1,1,2,1,3,2,1,2
SF,IC2103,2020-09-02 09:33:08.200,6246.0000,22418,0,306493720.000,0,-,-,-,-,6246.0000,6245.8000,6245.4000,6242.0000,6241.0000,6248.8000,6249.0000,6250.0000,6250.8000,6251.2000,1,2,1,1,2,1,1,3,2,1
SF,IC2103,2020-09-02 09:33:08.700,6246.0000,22418,0,306493720.000,0,-,-,-,-,6246.0000,6245.8000,6245.4000,6242.0000,6241.0000,6248.2000,6248.6000,6248.8000,6249.0000,6250.0000,1,2,1,1,2,1,1,1,1,3
SF,IC2103,2020-09-02 09:33:09.200,6246.0000,22418,0,306493720.000,0,-,-,-,-,6245.8000,6245.4000,6242.0000,6241.0000,6240.0000,6248.2000,6248.6000,6248.8000,6249.0000,6250.0000,2,1,1,2,3,1,1,1,1,3
SF,IC2103,2020-09-02 09:33:09.700,6245.8000,22418,0,308992040.000,2,1,1,多换,S,6245.4000,6242.0000,6241.0000,6240.0000,6236.0000,6247.8000,6248.0000,6248.6000,6248.8000,6249.0000,1,1,2,3,1,1,3,1,1,1
SF,IC2103,2020-09-02 09:33:10.200,6245.8000,22418,0,308992040.000,0,-,-,-,-,6245.6000,6245.4000,6242.0000,6241.0000,6240.0000,6248.6000,6248.8000,6249.0000,6250.0000,6250.8000,1,1,1,2,3,1,1,1,3,2
SF,IC2103,2020-09-02 09:33:10.700,6245.8000,22418,0,308992040.000,0,-,-,-,-,6245.8000,6245.4000,6242.0000,6241.0000,6240.0000,6248.6000,6249.0000,6250.0000,6250.8000,6251.2000,1,1,1,2,3,1,1,3,2,1
SF,IC2103,2020-09-02 09:33:11.700,6245.8000,22418,0,308992040.000,0,-,-,-,-,6245.8000,6245.4000,6242.0000,6241.0000,6240.0000,6248.6000,6249.0000,6250.0000,6250.8000,6251.2000,1,1,1,2,4,1,1,3,2,1
SF,IC2103,2020-09-02 09:33:12.200,6245.4000,22418,0,310241120.000,1,0,1,多换,S,6242.0000,6241.0000,6240.0000,6236.0000,6235.2000,6248.6000,6249.0000,6250.0000,6250.8000,6251.2000,1,2,4,1,3,1,1,3,2,1
SF,IC2103,2020-09-02 09:33:12.700,6245.4000,22418,0,310241120.000,0,-,-,-,-,6245.4000,6244.6000,6242.6000,6242.2000,6242.0000,6248.4000,6248.6000,6249.0000,6250.0000,6250.8000,1,3,1,4,1,1,1,1,3,2
SF,IC2103,2020-09-02 09:33:13.200,6245.4000,22418,0,310241120.000,0,-,-,-,-,6245.6000,6245.4000,6244.6000,6244.4000,6244.0000,6248.6000,6250.0000,6250.8000,6251.2000,6251.6000,1,1,3,1,1,1,3,2,1,2
SF,IC2103,2020-09-02 09:33:13.700,6245.4000,22418,0,310241120.000,0,-,-,-,-,6245.8000,6242.6000,6242.2000,6242.0000,6241.0000,6248.6000,6250.0000,6250.8000,6251.2000,6251.6000,2,1,3,1,2,1,3,2,1,2
SF,IC2103,2020-09-02 09:33:14.200,6245.4000,22418,0,310241120.000,0,-,-,-,-,6246.4000,6245.8000,6242.6000,6242.2000,6242.0000,6248.6000,6250.0000,6250.8000,6251.2000,6251.6000,1,2,1,3,1,1,3,2,1,2
SF,IC2103,2020-09-02 09:33:14.700,6248.6000,22417,-1,311490840.000,1,0,1,双平,S,6247.0000,6246.8000,6242.6000,6242.2000,6242.0000,6252.2000,6253.4000,6253.6000,6254.0000,6255.0000,1,1,1,3,1,2,3,1,1,1
SF,IC2103,2020-09-02 09:33:15.200,6248.6000,22417,0,311490840.000,0,-,-,-,-,6247.2000,6246.8000,6242.6000,6242.2000,6242.0000,6251.8000,6252.0000,6252.2000,6253.4000,6253.6000,3,3,1,2,1,1,3,2,3,1
SF,IC2103,2020-09-02 09:33:15.700,6248.6000,22417,0,311490840.000,0,-,-,-,-,6247.4000,6247.2000,6242.6000,6242.2000,6242.0000,6251.6000,6251.8000,6252.0000,6252.2000,6253.4000,1,2,1,1,1,1,1,3,2,3
SF,IC2103,2020-09-02 09:33:16.200,6248.6000,22417,0,311490840.000,0,-,-,-,-,6249.2000,6248.0000,6247.6000,6247.4000,6242.6000,6251.8000,6253.4000,6253.6000,6254.0000,6255.0000,1,3,1,1,1,1,3,1,1,1
SF,IC2103,2020-09-02 09:33:16.700,6251.8000,22416,-1,313991560.000,2,0,2,多平,S,6249.6000,6247.6000,6242.6000,6242.2000,6242.0000,6253.4000,6253.6000,6254.0000,6255.0000,6256.8000,1,1,1,1,1,3,1,1,1,2
SF,IC2103,2020-09-02 09:33:17.200,6251.8000,22416,0,313991560.000,0,-,-,-,-,6251.0000,6249.8000,6249.6000,6242.6000,6242.2000,6253.2000,6253.4000,6253.6000,6254.0000,6255.0000,1,4,3,1,1,1,3,1,1,1
SF,IC2103,2020-09-02 09:33:17.700,6254.0000,22415,-1,321495760.000,6,2,4,多平,S,6251.6000,6251.2000,6251.0000,6249.8000,6242.6000,6255.0000,6256.8000,6259.0000,6259.8000,6260.0000,1,1,1,3,1,1,2,1,1,2
SF,IC2103,2020-09-02 09:33:18.200,6254.0000,22415,0,321495760.000,0,-,-,-,-,6251.8000,6249.8000,6242.6000,6242.2000,6242.0000,6255.0000,6256.8000,6259.0000,6259.8000,6260.0000,3,2,1,1,1,1,2,1,1,2
SF,IC2103,2020-09-02 09:33:18.700,6254.0000,22415,0,321495760.000,0,-,-,-,-,6252.0000,6251.8000,6249.8000,6242.6000,6242.2000,6255.0000,6256.8000,6259.0000,6259.8000,6260.0000,1,1,2,1,1,1,2,1,1,2
SF,IC2103,2020-09-02 09:33:19.200,6254.0000,22415,0,321495760.000,0,-,-,-,-,6252.0000,6251.8000,6249.8000,6242.6000,6242.2000,6255.0000,6256.8000,6259.0000,6259.8000,6260.0000,1,1,2,1,1,1,2,1,1,2
SF,IC2103,2020-09-02 09:33:19.700,6254.0000,22415,0,321495760.000,0,-,-,-,-,6251.8000,6242.6000,6242.2000,6242.0000,6241.0000,6255.0000,6256.8000,6259.0000,6259.8000,6260.0000,1,1,1,1,2,1,2,1,1,2
SF,IC2103,2020-09-02 09:33:20.200,6251.8000,22414,-1,322746120.000,1,0,1,双平,S,6242.6000,6242.2000,6242.0000,6241.0000,6240.0000,6252.0000,6254.8000,6255.0000,6256.8000,6259.0000,1,1,1,2,4,3,3,1,2,1
SF,IC2103,2020-09-02 09:33:20.700,6251.8000,22414,0,322746120.000,0,-,-,-,-,6250.4000,6246.2000,6245.8000,6245.2000,6243.4000,6251.8000,6252.0000,6254.8000,6255.0000,6256.8000,1,1,4,1,1,1,3,2,1,2
SF,IC2103,2020-09-02 09:33:21.200,6250.6000,22410,-4,328997480.000,5,0,5,多平,S,6246.2000,6245.8000,6245.2000,6243.4000,6243.2000,6250.4000,6252.0000,6254.8000,6255.0000,6256.8000,1,4,1,1,2,1,1,1,1,2
SF,IC2103,2020-09-02 09:33:21.700,6250.6000,22410,0,330247600.000,1,0,1,多换,S,6250.4000,6247.8000,6246.8000,6246.6000,6246.4000,6252.0000,6254.8000,6255.0000,6256.8000,6259.0000,2,1,1,1,4,1,1,1,2,1
SF,IC2103,2020-09-02 09:33:22.200,6252.0000,22409,-1,331498000.000,1,0,1,双平,S,6250.6000,6250.4000,6246.8000,6246.6000,6246.4000,6254.8000,6255.0000,6256.8000,6259.0000,6259.8000,1,2,1,1,2,1,1,2,1,1
SF,IC2103,2020-09-02 09:33:22.700,6252.0000,22409,0,331498000.000,0,-,-,-,-,6250.8000,6250.4000,6246.8000,6246.6000,6246.4000,6255.0000,6256.8000,6259.0000,6259.8000,6260.0000,2,1,1,1,1,1,2,1,1,2
SF,IC2103,2020-09-02 09:33:23.200,6252.0000,22409,0,331498000.000,0,-,-,-,-,6251.2000,6250.8000,6246.6000,6246.4000,6246.2000,6255.0000,6256.8000,6259.0000,6259.8000,6260.0000,1,2,1,1,2,1,2,1,1,2
SF,IC2103,2020-09-02 09:33:23.700,6252.0000,22409,0,331498000.000,0,-,-,-,-,6251.4000,6251.2000,6246.6000,6246.4000,6246.2000,6255.0000,6256.8000,6259.0000,6259.8000,6260.0000,2,1,1,1,2,1,2,1,1,2
SF,IC2103,2020-09-02 09:33:24.200,6252.0000,22409,0,331498000.000,0,-,-,-,-,6251.8000,6251.6000,6251.4000,6250.8000,6246.6000,6255.0000,6256.8000,6259.0000,6259.8000,6260.0000,1,2,3,1,1,1,2,1,1,2
SF,IC2103,2020-09-02 09:33:24.700,6252.0000,22409,0,331498000.000,0,-,-,-,-,6252.2000,6252.0000,6251.8000,6251.4000,6250.8000,6254.8000,6255.0000,6256.8000,6259.0000,6259.8000,3,1,1,1,1,1,1,2,1,1
SF,IC2103,2020-09-02 09:33:25.200,6252.0000,22409,0,331498000.000,0,-,-,-,-,6252.2000,6252.0000,6251.8000,6251.4000,6250.8000,6254.2000,6255.0000,6256.8000,6259.0000,6259.8000,3,1,1,1,1,1,1,2,1,1
SF,IC2103,2020-09-02 09:33:26.200,6252.0000,22409,0,331498000.000,0,-,-,-,-,6252.0000,6251.8000,6251.4000,6250.8000,6246.6000,6254.0000,6254.2000,6255.0000,6256.8000,6259.0000,1,1,1,1,1,1,1,1,2,1
SF,IC2103,2020-09-02 09:33:26.700,6252.0000,22409,0,331498000.000,0,-,-,-,-,6251.8000,6251.4000,6250.8000,6246.6000,6246.4000,6254.0000,6254.2000,6255.0000,6256.8000,6259.0000,1,1,1,1,1,1,1,1,2,1
SF,IC2103,2020-09-02 09:33:27.200,6252.0000,22409,0,331498000.000,0,-,-,-,-,6252.0000,6250.8000,6246.6000,6246.4000,6246.2000,6253.4000,6253.8000,6255.0000,6256.8000,6259.0000,1,1,1,1,1,1,1,1,2,1
SF,IC2103,2020-09-02 09:33:27.700,6250.8000,22409,0,333998560.000,2,1,1,多换,S,6246.6000,6246.4000,6246.2000,6245.8000,6245.2000,6253.0000,6253.2000,6253.8000,6255.0000,6256.8000,1,1,1,3,1,1,1,1,1,2
SF,IC2103,2020-09-02 09:33:28.200,6250.8000,22409,0,333998560.000,0,-,-,-,-,6247.6000,6247.2000,6247.0000,6246.8000,6246.6000,6252.8000,6253.8000,6255.0000,6256.8000,6259.0000,1,1,1,3,1,3,1,1,2,1
SF,IC2103,2020-09-02 09:33:28.700,6250.8000,22409,0,333998560.000,0,-,-,-,-,6249.4000,6248.2000,6247.8000,6247.0000,6246.8000,6252.8000,6255.0000,6256.8000,6259.0000,6259.8000,3,1,1,1,3,3,1,2,1,1
SF,IC2103,2020-09-02 09:33:29.200,6250.8000,22409,0,333998560.000,0,-,-,-,-,6248.2000,6247.8000,6247.0000,6246.8000,6246.6000,6249.4000,6252.8000,6255.0000,6256.8000,6259.0000,1,1,1,3,1,2,2,1,2,1
SF,IC2103,2020-09-02 09:33:29.700,6249.6000,22407,-2,336498400.000,2,0,2,双平,S,6248.4000,6248.2000,6247.8000,6247.0000,6246.8000,6252.8000,6255.0000,6256.8000,6259.0000,6259.8000,1,1,1,1,3,1,1,2,1,1
SF,IC2103,2020-09-02 09:33:30.200,6249.6000,22407,0,336498400.000,0,-,-,-,-,6249.0000,6248.6000,6247.8000,6247.0000,6246.8000,6252.8000,6255.0000,6256.8000,6259.0000,6259.8000,1,1,1,1,3,1,1,2,1,1
SF,IC2103,2020-09-02 09:33:30.700,6252.8000,22406,-1,337748960.000,1,0,1,双平,S,6250.0000,6249.6000,6249.2000,6249.0000,6247.8000,6255.0000,6256.8000,6259.0000,6259.8000,6260.0000,1,2,5,1,1,1,2,1,1,2
SF,IC2103,2020-09-02 09:33:31.200,6252.8000,22406,0,337748960.000,0,-,-,-,-,6252.8000,6251.2000,6251.0000,6250.6000,6250.2000,6255.0000,6256.8000,6259.0000,6259.8000,6260.0000,5,3,1,1,2,1,2,1,1,2
SF,IC2103,2020-09-02 09:33:31.700,6252.8000,22406,0,337748960.000,0,-,-,-,-,6252.8000,6250.8000,6250.6000,6250.2000,6249.2000,6254.4000,6254.8000,6255.0000,6256.8000,6259.0000,5,1,1,2,3,1,1,1,2,1
SF,IC2103,2020-09-02 09:33:32.200,6252.8000,22406,0,337748960.000,0,-,-,-,-,6252.8000,6250.6000,6250.2000,6249.2000,6247.8000,6254.4000,6254.8000,6255.0000,6256.8000,6259.0000,5,1,1,3,1,1,1,1,2,1
SF,IC2103,2020-09-02 09:33:32.700,6252.8000,22406,0,344001760.000,5,2,3,多换,S,6250.6000,6250.2000,6249.2000,6247.8000,6246.8000,6252.4000,6252.6000,6253.8000,6254.0000,6255.0000,1,1,3,1,3,2,1,1,1,1
SF,IC2103,2020-09-02 09:33:33.200,6251.4000,22406,0,345252040.000,1,0,1,多换,S,6251.4000,6251.0000,6247.8000,6246.8000,6246.6000,6252.2000,6252.4000,6252.6000,6255.0000,6256.8000,2,1,1,3,1,1,2,1,1,2
SF,IC2103,2020-09-02 09:33:33.700,6251.4000,22404,-2,347752600.000,2,0,2,双平,S,6246.8000,6246.4000,6245.2000,6242.8000,6242.6000,6250.6000,6252.0000,6252.2000,6252.4000,6252.6000,3,1,1,4,1,2,1,1,2,1
SF,IC2103,2020-09-02 09:33:34.200,6251.4000,22404,0,347752600.000,0,-,-,-,-,6248.0000,6247.2000,6247.0000,6246.8000,6246.4000,6250.6000,6252.4000,6252.6000,6255.0000,6256.8000,3,1,4,3,1,2,2,1,1,2
SF,IC2103,2020-09-02 09:33:34.700,6251.4000,22404,0,347752600.000,0,-,-,-,-,6248.6000,6247.0000,6246.8000,6246.4000,6245.2000,6250.6000,6252.4000,6252.6000,6255.0000,6256.8000,1,1,3,1,1,2,2,1,1,2
SF,IC2103,2020-09-02 09:33:35.200,6251.4000,22404,0,347752600.000,0,-,-,-,-,6248.6000,6247.0000,6242.8000,6242.6000,6242.0000,6250.6000,6252.4000,6252.6000,6255.0000,6256.8000,1,1,4,1,1,2,2,1,1,2
SF,IC2103,2020-09-02 09:33:35.700,6251.4000,22404,0,347752600.000,0,-,-,-,-,6249.0000,6248.8000,6248.6000,6247.0000,6242.8000,6250.6000,6252.4000,6252.6000,6255.0000,6256.8000,1,2,1,1,4,2,2,1,1,2
SF,IC2103,2020-09-02 09:33:36.200,6251.4000,22404,0,347752600.000,0,-,-,-,-,6249.4000,6249.2000,6248.8000,6247.0000,6242.8000,6252.4000,6252.6000,6255.0000,6256.8000,6259.0000,2,1,1,1,4,2,1,1,2,1
SF,IC2103,2020-09-02 09:33:36.700,6251.4000,22404,0,347752600.000,0,-,-,-,-,6249.4000,6249.2000,6248.8000,6247.0000,6242.8000,6252.4000,6252.6000,6255.0000,6256.8000,6259.0000,1,1,1,1,4,2,1,1,2,1
SF,IC2103,2020-09-02 09:33:37.200,6251.4000,22404,0,347752600.000,0,-,-,-,-,6249.4000,6247.0000,6242.8000,6242.6000,6242.0000,6252.4000,6252.6000,6255.0000,6256.8000,6259.0000,1,1,4,1,1,2,1,1,2,1
SF,IC2103,2020-09-02 09:33:37.700,6251.4000,22404,0,347752600.000,0,-,-,-,-,6247.0000,6242.8000,6242.6000,6242.0000,6241.6000,6252.4000,6252.6000,6255.0000,6256.8000,6259.0000,1,4,1,1,2,2,1,1,2,1
SF,IC2103,2020-09-02 09:33:38.200,6251.4000,22404,0,347752600.000,0,-,-,-,-,6247.6000,6247.4000,6247.2000,6247.0000,6242.8000,6252.4000,6252.6000,6255.0000,6256.8000,6259.0000,1,1,1,1,4,2,1,1,2,1
SF,IC2103,2020-09-02 09:33:38.700,6251.4000,22404,0,347752600.000,0,-,-,-,-,6248.6000,6247.8000,6247.6000,6247.2000,6242.8000,6252.4000,6252.6000,6255.0000,6256.8000,6259.0000,3,2,1,1,4,2,1,1,2,1
SF,IC2103,2020-09-02 09:33:39.200,6251.4000,22404,0,347752600.000,0,-,-,-,-,6249.2000,6248.8000,6248.6000,6247.8000,6247.2000,6252.4000,6252.6000,6255.0000,6256.8000,6259.0000,1,2,3,1,1,2,1,1,2,1
SF,IC2103,2020-09-02 09:33:39.700,6251.4000,22404,0,347752600.000,0,-,-,-,-,6249.4000,6249.2000,6247.8000,6247.2000,6242.8000,6252.4000,6252.6000,6255.0000,6256.8000,6259.0000,1,1,1,1,4,2,1,1,2,1
SF,IC2103,2020-09-02 09:33:40.200,6251.4000,22404,0,347752600.000,0,-,-,-,-,6249.6000,6249.4000,6247.8000,6247.2000,6245.8000,6252.4000,6252.6000,6255.0000,6256.8000,6259.0000,1,1,1,1,1,2,1,1,2,1
SF,IC2103,2020-09-02 09:33:41.200,6251.4000,22404,0,347752600.000,0,-,-,-,-,6249.8000,6249.6000,6249.4000,6247.8000,6247.2000,6251.8000,6252.2000,6252.4000,6252.6000,6255.0000,1,1,1,1,1,1,1,2,1,1
SF,IC2103,2020-09-02 09:33:41.700,6251.4000,22404,0,347752600.000,0,-,-,-,-,6249.8000,6247.8000,6247.2000,6245.8000,6242.8000,6251.8000,6252.2000,6252.4000,6252.6000,6255.0000,1,1,1,1,4,1,1,2,1,1
SF,IC2103,2020-09-02 09:33:42.200,6249.8000,22404,0,349002560.000,1,0,1,多换,S,6245.8000,6242.8000,6242.6000,6242.0000,6241.6000,6251.4000,6252.4000,6252.6000,6255.0000,6256.8000,1,4,1,1,2,1,2,1,1,2
SF,IC2103,2020-09-02 09:33:42.700,6249.8000,22404,0,349002560.000,0,-,-,-,-,6249.2000,6246.8000,6246.4000,6246.2000,6246.0000,6251.2000,6252.4000,6252.6000,6255.0000,6256.8000,2,1,1,1,1,1,2,1,1,2
SF,IC2103,2020-09-02 09:33:43.200,6249.2000,22402,-2,351502240.000,2,0,2,双平,S,6247.8000,6246.4000,6246.2000,6246.0000,6245.8000,6250.8000,6251.2000,6252.4000,6252.6000,6255.0000,1,1,1,1,1,1,1,2,1,1
SF,IC2103,2020-09-02 09:33:43.700,6249.2000,22402,0,351502240.000,0,-,-,-,-,6247.8000,6246.4000,6246.0000,6245.8000,6242.8000,6250.6000,6252.4000,6252.6000,6255.0000,6256.8000,1,1,1,1,4,1,2,1,1,2
SF,IC2103,2020-09-02 09:33:44.200,6249.2000,22402,0,351502240.000,0,-,-,-,-,6247.8000,6246.4000,6246.0000,6245.8000,6242.8000,6250.0000,6250.4000,6250.6000,6252.4000,6252.6000,1,1,1,1,4,1,1,1,2,1
SF,IC2103,2020-09-02 09:33:44.700,6249.2000,22402,0,351502240.000,0,-,-,-,-,6247.8000,6246.4000,6246.0000,6245.8000,6242.8000,6249.4000,6249.8000,6250.6000,6255.0000,6256.8000,1,1,1,1,4,1,1,1,1,2
SF,IC2103,2020-09-02 09:33:45.200,6247.8000,22402,0,352751800.000,1,0,1,多换,S,6246.4000,6246.0000,6245.8000,6242.8000,6242.6000,6249.0000,6249.8000,6250.6000,6255.0000,6256.8000,1,1,1,3,1,1,1,1,1,2
SF,IC2103,2020-09-02 09:33:45.700,6247.8000,22402,0,352751800.000,0,-,-,-,-,6246.6000,6246.4000,6246.0000,6245.8000,6242.8000,6255.0000,6256.8000,6259.0000,6259.8000,6260.0000,1,1,1,1,3,1,2,1,1,2
SF,IC2103,2020-09-02 09:33:46.200,6247.8000,22402,0,352751800.000,0,-,-,-,-,6247.2000,6246.8000,6246.6000,6245.8000,6242.8000,6251.0000,6252.4000,6253.6000,6254.6000,6254.8000,1,1,1,1,3,2,2,3,1,2
SF,IC2103,2020-09-02 09:33:46.700,6247.8000,22402,0,352751800.000,0,-,-,-,-,6247.4000,6247.2000,6246.6000,6245.8000,6242.8000,6250.8000,6252.4000,6254.6000,6254.8000,6255.0000,2,1,1,1,3,1,1,1,2,1
SF,IC2103,2020-09-02 09:33:47.200,6247.8000,22402,0,352751800.000,0,-,-,-,-,6247.8000,6247.4000,6246.6000,6245.8000,6242.8000,6250.6000,6250.8000,6252.4000,6254.6000,6254.8000,1,2,1,1,3,1,1,1,1,2
SF,IC2103,2020-09-02 09:33:47.700,6247.8000,22402,0,352751800.000,0,-,-,-,-,6248.4000,6248.0000,6247.8000,6247.4000,6245.8000,6254.6000,6254.8000,6255.0000,6256.8000,6259.0000,1,1,1,1,1,1,2,1,2,1
SF,IC2103,2020-09-02 09:33:48.200,6247.8000,22402,0,352751800.000,0,-,-,-,-,6248.6000,6248.0000,6247.8000,6245.8000,6242.8000,6252.2000,6254.2000,6254.4000,6254.6000,6254.8000,2,1,1,1,3,1,1,4,1,2
SF,IC2103,2020-09-02 09:33:48.700,6247.8000,22402,0,352751800.000,0,-,-,-,-,6248.6000,6248.0000,6247.8000,6245.8000,6242.8000,6252.0000,6254.2000,6254.4000,6254.6000,6254.8000,2,1,1,1,3,2,1,2,1,2
SF,IC2103,2020-09-02 09:33:49.200,6247.8000,22402,0,352751800.000,0,-,-,-,-,6248.6000,6248.0000,6247.8000,6245.8000,6242.8000,6252.0000,6254.2000,6254.4000,6254.6000,6254.8000,2,1,1,1,3,2,1,1,1,2
SF,IC2103,2020-09-02 09:33:49.700,6247.8000,22402,0,352751800.000,0,-,-,-,-,6248.6000,6248.0000,6247.8000,6245.8000,6242.8000,6252.0000,6254.2000,6254.4000,6254.6000,6254.8000,2,1,1,1,3,1,1,1,1,2
SF,IC2103,2020-09-02 09:33:50.200,6247.8000,22402,0,352751800.000,0,-,-,-,-,6248.6000,6248.0000,6247.8000,6245.8000,6242.8000,6251.8000,6252.0000,6254.2000,6254.4000,6254.6000,2,1,1,1,3,1,1,1,1,1
SF,IC2103,2020-09-02 09:33:50.700,6247.8000,22402,0,352751800.000,0,-,-,-,-,6248.6000,6248.0000,6247.8000,6245.8000,6242.8000,6251.6000,6254.2000,6254.4000,6254.6000,6254.8000,2,1,1,1,3,1,1,1,1,2
SF,IC2103,2020-09-02 09:33:51.200,6247.8000,22402,0,352751800.000,0,-,-,-,-,6248.6000,6248.0000,6247.8000,6245.8000,6242.8000,6251.0000,6251.4000,6251.6000,6254.2000,6254.4000,1,1,1,1,3,2,2,1,1,1
SF,IC2103,2020-09-02 09:33:51.700,6247.8000,22402,0,352751800.000,0,-,-,-,-,6248.0000,6247.8000,6245.8000,6242.8000,6242.6000,6250.8000,6251.0000,6251.4000,6254.2000,6254.4000,1,1,1,3,1,3,2,1,1,1
SF,IC2103,2020-09-02 09:33:52.200,6247.8000,22402,0,352751800.000,0,-,-,-,-,6248.2000,6248.0000,6245.8000,6242.8000,6242.6000,6250.6000,6250.8000,6251.0000,6251.4000,6254.2000,1,1,1,3,1,1,2,1,1,1
SF,IC2103,2020-09-02 09:33:52.700,6247.8000,22402,0,352751800.000,0,-,-,-,-,6248.0000,6245.8000,6242.8000,6242.6000,6242.0000,6250.4000,6250.6000,6250.8000,6251.0000,6251.4000,1,1,3,1,1,1,1,1,1,1
SF,IC2103,2020-09-02 09:33:53.200,6247.8000,22402,0,352751800.000,0,-,-,-,-,6248.0000,6245.8000,6242.8000,6242.6000,6242.0000,6250.4000,6250.8000,6251.0000,6251.4000,6254.2000,1,1,3,1,1,1,1,1,1,1
SF,IC2103,2020-09-02 09:33:53.700,6247.8000,22402,0,352751800.000,0,-,-,-,-,6248.2000,6248.0000,6245.8000,6242.8000,6242.6000,6250.4000,6250.8000,6251.0000,6251.4000,6254.2000,1,1,1,3,1,1,1,1,1,1
SF,IC2103,2020-09-02 09:33:54.200,6247.8000,22402,0,352751800.000,0,-,-,-,-,6248.4000,6248.2000,6248.0000,6245.8000,6242.8000,6250.4000,6254.2000,6254.4000,6254.6000,6254.8000,1,1,1,1,3,1,1,1,1,2
SF,IC2103,2020-09-02 09:33:54.700,6247.8000,22402,0,352751800.000,0,-,-,-,-,6248.6000,6248.0000,6245.8000,6242.8000,6242.6000,6250.4000,6254.2000,6254.4000,6254.6000,6254.8000,1,1,1,3,1,1,1,1,1,2
SF,IC2103,2020-09-02 09:33:55.700,6247.8000,22402,0,352751800.000,0,-,-,-,-,6248.6000,6248.0000,6245.8000,6242.8000,6242.6000,6250.0000,6250.2000,6250.4000,6254.2000,6254.4000,1,1,1,3,1,1,1,1,1,1
SF,IC2103,2020-09-02 09:33:56.200,6248.6000,22401,-1,354001520.000,1,0,1,双平,S,6248.0000,6245.8000,6242.8000,6242.6000,6242.0000,6249.2000,6250.0000,6250.2000,6250.4000,6254.2000,1,1,3,1,1,1,1,1,1,1
SF,IC2103,2020-09-02 09:33:56.700,6248.0000,22401,0,355251120.000,1,0,1,多换,S,6245.8000,6242.8000,6242.6000,6242.0000,6241.6000,6249.0000,6249.2000,6250.4000,6254.2000,6254.4000,1,3,1,1,2,1,1,1,1,1
SF,IC2103,2020-09-02 09:33:57.200,6248.0000,22401,0,355251120.000,0,-,-,-,-,6246.4000,6246.0000,6245.8000,6242.8000,6242.6000,6249.0000,6249.2000,6250.4000,6254.2000,6254.4000,1,2,1,3,1,1,1,1,1,1
SF,IC2103,2020-09-02 09:33:57.700,6248.0000,22401,0,355251120.000,0,-,-,-,-,6246.4000,6246.0000,6245.8000,6242.8000,6242.6000,6248.8000,6249.0000,6249.2000,6250.4000,6254.2000,1,2,1,3,1,1,1,1,1,1
SF,IC2103,2020-09-02 09:33:58.200,6248.0000,22401,0,355251120.000,0,-,-,-,-,6246.0000,6245.8000,6242.8000,6242.6000,6242.0000,6248.4000,6248.6000,6248.8000,6249.2000,6250.4000,1,1,2,1,1,1,1,1,1,1
SF,IC2103,2020-09-02 09:33:58.700,6248.2000,22401,0,356500760.000,1,0,1,多换,S,6246.2000,6245.8000,6242.8000,6242.6000,6242.0000,6249.2000,6250.4000,6254.2000,6254.4000,6254.6000,1,1,2,1,1,1,1,1,1,1
SF,IC2103,2020-09-02 09:33:59.200,6248.2000,22401,0,356500760.000,0,-,-,-,-,6246.4000,6246.2000,6245.8000,6242.8000,6242.6000,6249.0000,6249.2000,6250.4000,6253.0000,6254.2000,1,1,1,2,1,1,1,1,2,1
SF,IC2103,2020-09-02 09:33:59.700,6248.2000,22401,0,356500760.000,0,-,-,-,-,6246.6000,6246.4000,6246.0000,6245.8000,6242.8000,6248.8000,6249.0000,6249.2000,6250.4000,6253.0000,1,1,2,1,2,1,1,1,1,2
SF,IC2103,2020-09-02 09:34:00.200,6248.2000,22401,0,356500760.000,0,-,-,-,-,6246.6000,6246.4000,6246.0000,6245.8000,6242.8000,6248.6000,6248.8000,6249.2000,6250.4000,6253.0000,1,1,2,1,2,1,1,1,1,2
SF,IC2103,2020-09-02 09:34:00.700,6248.2000,22401,0,356500760.000,0,-,-,-,-,6246.8000,6246.6000,6246.4000,6246.0000,6245.8000,6248.6000,6249.2000,6250.4000,6253.0000,6254.2000,1,1,1,2,1,1,1,1,2,1
SF,IC2103,2020-09-02 09:34:01.200,6248.2000,22401,0,356500760.000,0,-,-,-,-,6246.8000,6246.0000,6245.8000,6242.8000,6242.6000,6248.2000,6248.4000,6248.6000,6250.4000,6253.0000,1,2,1,2,1,1,1,1,1,2
SF,IC2103,2020-09-02 09:34:01.700,6246.0000,22400,-1,358999320.000,2,0,2,多平,S,6246.0000,6245.8000,6242.8000,6242.6000,6242.0000,6247.6000,6247.8000,6248.0000,6250.4000,6253.0000,1,1,2,1,1,1,1,2,1,2
SF,IC2103,2020-09-02 09:34:02.200,6245.8000,22400,0,361497680.000,2,1,1,多换,S,6242.0000,6241.6000,6241.0000,6240.0000,6236.0000,6247.2000,6247.4000,6247.6000,6250.4000,6253.0000,1,2,2,4,1,1,1,1,1,2
SF,IC2103,2020-09-02 09:34:02.700,6245.8000,22400,0,361497680.000,0,-,-,-,-,6242.6000,6242.4000,6242.2000,6242.0000,6241.6000,6247.0000,6247.6000,6250.4000,6253.0000,6254.2000,2,1,4,1,2,1,1,1,2,1
SF,IC2103,2020-09-02 09:34:03.200,6247.0000,22399,-1,363996440.000,2,0,2,多平,S,6243.0000,6242.8000,6242.6000,6242.2000,6242.0000,6247.6000,6250.4000,6253.0000,6254.2000,6254.4000,1,2,2,2,1,1,1,2,1,1
SF,IC2103,2020-09-02 09:34:03.700,6247.0000,22399,0,363996440.000,0,-,-,-,-,6243.6000,6243.4000,6243.2000,6243.0000,6242.6000,6247.6000,6250.4000,6253.0000,6254.2000,6254.4000,1,1,5,1,1,1,1,2,1,1
SF,IC2103,2020-09-02 09:34:04.200,6247.6000,22399,0,365245960.000,1,0,1,多换,S,6245.2000,6244.2000,6243.8000,6243.6000,6243.4000,6250.4000,6253.0000,6254.2000,6254.4000,6254.6000,3,2,4,1,1,1,2,1,1,1
SF,IC2103,2020-09-02 09:34:04.700,6247.6000,22399,0,365245960.000,0,-,-,-,-,6245.8000,6245.4000,6244.2000,6243.4000,6243.2000,6249.6000,6250.2000,6250.4000,6253.0000,6254.2000,1,4,1,1,1,1,2,1,2,1
SF,IC2103,2020-09-02 09:34:05.200,6247.6000,22399,0,365245960.000,0,-,-,-,-,6246.0000,6245.8000,6245.4000,6244.2000,6243.4000,6250.2000,6250.4000,6253.0000,6254.2000,6254.4000,3,1,1,1,1,2,1,2,1,1
SF,IC2103,2020-09-02 09:34:05.700,6247.6000,22399,0,365245960.000,0,-,-,-,-,6246.6000,6246.2000,6246.0000,6245.4000,6244.2000,6250.2000,6250.4000,6253.0000,6254.2000,6254.4000,1,1,2,1,1,2,1,2,1,1
SF,IC2103,2020-09-02 09:34:06.200,6247.6000,22399,0,365245960.000,0,-,-,-,-,6246.8000,6246.6000,6245.4000,6244.2000,6243.4000,6250.0000,6250.2000,6250.4000,6253.0000,6254.2000,3,1,1,1,1,1,2,1,2,1
SF,IC2103,2020-09-02 09:34:06.700,6247.6000,22399,0,365245960.000,0,-,-,-,-,6247.0000,6246.8000,6245.4000,6244.2000,6243.4000,6250.0000,6250.2000,6250.4000,6253.0000,6254.2000,1,3,1,1,1,1,1,1,2,1
SF,IC2103,2020-09-02 09:34:07.200,6247.6000,22399,0,365245960.000,0,-,-,-,-,6247.2000,6247.0000,6246.8000,6245.4000,6244.2000,6250.0000,6250.4000,6253.0000,6254.2000,6254.4000,1,1,1,1,1,1,1,2,1,1
SF,IC2103,2020-09-02 09:34:07.700,6250.0000,22397,-2,367745960.000,2,0,2,双平,S,6247.8000,6247.4000,6247.2000,6247.0000,6246.8000,6253.0000,6254.2000,6254.4000,6254.6000,6254.8000,1,1,1,1,1,2,1,1,1,2
SF,IC2103,2020-09-02 09:34:08.200,6250.0000,22397,0,367745960.000,0,-,-,-,-,6248.4000,6248.0000,6245.4000,6244.2000,6243.4000,6251.6000,6252.4000,6252.6000,6252.8000,6253.0000,1,3,1,1,1,1,1,1,2,2
SF,IC2103,2020-09-02 09:34:08.700,6250.0000,22397,0,367745960.000,0,-,-,-,-,6248.6000,6248.4000,6245.4000,6244.2000,6243.4000,6252.4000,6252.6000,6252.8000,6253.0000,6254.4000,3,1,1,1,1,1,1,2,2,1
SF,IC2103,2020-09-02 09:34:09.200,6250.0000,22397,0,367745960.000,0,-,-,-,-,6248.8000,6248.6000,6248.4000,6245.4000,6245.0000,6252.2000,6252.6000,6252.8000,6253.0000,6254.4000,1,2,1,1,1,1,1,1,2,1
SF,IC2103,2020-09-02 09:34:09.700,6252.2000,22396,-1,368996400.000,1,0,1,双平,S,6249.4000,6249.0000,6248.8000,6245.4000,6245.0000,6253.0000,6254.4000,6254.6000,6254.8000,6255.0000,1,3,1,1,1,2,1,1,1,1
SF,IC2103,2020-09-02 09:34:10.200,6253.0000,22394,-2,371497600.000,2,0,2,双平,S,6249.6000,6249.4000,6249.0000,6245.4000,6245.0000,6254.4000,6254.8000,6255.0000,6256.8000,6259.0000,2,1,1,1,1,1,1,1,2,1
SF,IC2103,2020-09-02 09:34:10.700,6253.0000,22394,0,371497600.000,0,-,-,-,-,6250.2000,6249.8000,6249.6000,6249.0000,6245.4000,6254.8000,6255.0000,6256.8000,6259.0000,6259.8000,1,1,2,1,1,1,1,2,1,1
SF,IC2103,2020-09-02 09:34:11.200,6253.0000,22394,0,371497600.000,0,-,-,-,-,6250.4000,6250.2000,6245.4000,6245.0000,6244.2000,6254.6000,6254.8000,6255.0000,6256.8000,6259.0000,3,1,1,1,1,2,2,1,2,1
SF,IC2103,2020-09-02 09:34:11.700,6253.0000,22394,0,371497600.000,0,-,-,-,-,6250.4000,6250.2000,6245.4000,6245.0000,6244.2000,6254.0000,6254.2000,6254.6000,6254.8000,6255.0000,3,1,1,1,1,1,1,2,2,1
SF,IC2103,2020-09-02 09:34:12.200,6253.0000,22394,0,371497600.000,0,-,-,-,-,6250.4000,6245.4000,6245.0000,6244.2000,6243.4000,6253.8000,6254.0000,6254.2000,6254.6000,6254.8000,2,1,1,1,1,2,1,1,1,2
SF,IC2103,2020-09-02 09:34:12.700,6250.4000,22392,-2,373997760.000,2,0,2,双平,S,6245.4000,6245.0000,6244.2000,6243.4000,6243.0000,6253.6000,6253.8000,6254.2000,6254.6000,6254.8000,1,1,1,1,1,2,2,1,1,2
SF,IC2103,2020-09-02 09:34:13.200,6250.4000,22392,0,373997760.000,0,-,-,-,-,6246.0000,6245.8000,6245.6000,6245.4000,6245.0000,6253.0000,6253.4000,6253.6000,6253.8000,6254.2000,1,1,2,1,1,2,2,2,1,1
SF,IC2103,2020-09-02 09:34:13.700,6250.4000,22392,0,373997760.000,0,-,-,-,-,6246.2000,6246.0000,6245.8000,6245.6000,6245.4000,6252.4000,6252.6000,6252.8000,6253.0000,6253.4000,2,1,1,1,1,1,1,3,2,1
SF,IC2103,2020-09-02 09:34:14.200,6250.4000,22392,0,373997760.000,0,-,-,-,-,6246.8000,6246.2000,6245.8000,6245.4000,6245.0000,6252.2000,6252.4000,6252.6000,6252.8000,6253.0000,1,2,1,1,1,3,1,1,1,1
SF,IC2103,2020-09-02 09:34:14.700,6250.4000,22392,0,373997760.000,0,-,-,-,-,6247.0000,6246.8000,6246.2000,6245.8000,6245.0000,6251.8000,6252.2000,6252.4000,6252.6000,6252.8000,3,1,1,1,1,1,3,1,1,1
SF,IC2103,2020-09-02 09:34:15.200,6250.4000,22392,0,373997760.000,0,-,-,-,-,6247.6000,6247.2000,6247.0000,6246.2000,6245.8000,6251.6000,6252.2000,6252.4000,6252.6000,6252.8000,1,3,2,1,1,3,1,1,1,1
SF,IC2103,2020-09-02 09:34:15.700,6250.4000,22392,0,373997760.000,0,-,-,-,-,6247.8000,6247.6000,6247.2000,6247.0000,6246.2000,6251.6000,6252.2000,6252.4000,6252.6000,6252.8000,2,1,2,1,1,1,1,1,1,1
SF,IC2103,2020-09-02 09:34:16.200,6250.4000,22392,0,373997760.000,0,-,-,-,-,6248.4000,6248.0000,6247.8000,6247.2000,6247.0000,6252.6000,6252.8000,6253.0000,6253.4000,6253.8000,1,2,2,2,1,1,1,1,1,1
SF,IC2103,2020-09-02 09:34:16.700,6250.4000,22392,0,373997760.000,0,-,-,-,-,6248.6000,6248.4000,6248.0000,6247.0000,6246.2000,6252.4000,6252.8000,6253.4000,6253.8000,6254.6000,2,1,1,1,1,2,1,1,1,1
SF,IC2103,2020-09-02 09:34:17.200,6250.4000,22392,0,373997760.000,0,-,-,-,-,6249.2000,6248.8000,6248.6000,6248.0000,6247.0000,6252.4000,6252.8000,6253.4000,6253.8000,6254.6000,1,1,2,1,1,2,1,1,1,1
SF,IC2103,2020-09-02 09:34:17.700,6249.4000,22390,-2,376497520.000,2,0,2,双平,S,6249.2000,6247.0000,6246.2000,6245.8000,6245.0000,6251.6000,6252.2000,6252.4000,6252.8000,6253.4000,1,1,1,1,1,1,2,2,1,1
SF,IC2103,2020-09-02 09:34:18.200,6249.2000,22390,0,377747360.000,1,0,1,多换,S,6246.2000,6245.0000,6243.4000,6242.0000,6241.6000,6251.0000,6251.2000,6251.4000,6251.6000,6252.2000,1,1,1,1,2,1,1,1,1,2
SF,IC2103,2020-09-02 09:34:18.700,6249.2000,22390,0,377747360.000,0,-,-,-,-,6246.4000,6245.0000,6243.4000,6242.0000,6241.6000,6250.2000,6250.4000,6250.8000,6251.0000,6251.4000,1,1,1,1,2,1,1,3,1,1
SF,IC2103,2020-09-02 09:34:19.200,6249.2000,22390,0,377747360.000,0,-,-,-,-,6246.4000,6245.0000,6243.4000,6242.0000,6241.6000,6250.0000,6250.2000,6250.8000,6251.0000,6251.4000,1,1,1,1,2,3,1,1,1,1
SF,IC2103,2020-09-02 09:34:19.700,6249.2000,22390,0,377747360.000,0,-,-,-,-,6246.4000,6245.0000,6243.4000,6242.0000,6241.6000,6249.8000,6250.0000,6250.2000,6250.8000,6251.0000,1,1,1,1,2,1,2,1,1,1
SF,IC2103,2020-09-02 09:34:20.200,6249.2000,22390,0,377747360.000,0,-,-,-,-,6246.4000,6245.0000,6243.4000,6242.0000,6241.6000,6249.6000,6250.8000,6251.0000,6251.4000,6252.4000,1,2,1,1,2,1,1,1,1,1
SF,IC2103,2020-09-02 09:34:20.700,6249.2000,22390,0,377747360.000,0,-,-,-,-,6246.6000,6246.4000,6245.0000,6244.0000,6243.4000,6249.6000,6250.8000,6251.0000,6251.4000,6252.4000,1,1,2,1,1,1,1,1,1,1
SF,IC2103,2020-09-02 09:34:21.200,6249.2000,22390,0,377747360.000,0,-,-,-,-,6246.8000,6246.6000,6245.0000,6244.0000,6243.4000,6249.6000,6252.4000,6252.8000,6253.4000,6253.8000,2,1,2,1,1,1,1,1,1,1
SF,IC2103,2020-09-02 09:34:21.700,6249.2000,22390,0,377747360.000,0,-,-,-,-,6246.8000,6245.0000,6244.0000,6243.4000,6242.0000,6249.6000,6252.4000,6252.8000,6253.4000,6253.8000,2,2,1,1,1,1,1,1,1,1
