市场代码,合约代码,时间,最新,持仓,增仓,成交额,成交量,开仓,平仓,成交类型,方向,买一价,买二价,买三价,买四价,买五价,卖一价,卖二价,卖三价,卖四价,卖五价,买一量,买二量,买三量,买四量,买五量,卖一量,卖二量,卖三量,卖四量,卖五量
SF,IC2103,2020-07-22 09:29:00.200,6110.8000,3228,0,1222160.000,1.000,-,-,-,-,6110.6000,6108.0000,6100.0000,6098.0000,6091.6000,6128.0000,6129.4000,6133.0000,6166.0000,6170.2000,1,1,1,1,1,5,1,1,1,1
SF,IC2103,2020-07-22 09:30:00.200,6100.0000,3230,2,4885880.000,3,2,1,空开,S,6101.0000,6098.0000,6091.6000,6087.6000,6084.4000,6104.8000,6106.0000,6109.4000,6109.6000,6109.8000,1,1,1,1,1,1,1,1,7,8
SF,IC2103,2020-07-22 09:30:00.700,6098.0000,3229,-1,7325480.000,2,0,2,多平,S,6087.6000,6084.4000,6080.6000,6077.6000,6073.4000,6099.6000,6100.6000,6101.6000,6104.8000,6106.0000,1,1,1,1,1,1,4,1,1,1
SF,IC2103,2020-07-22 09:30:01.200,6098.0000,3229,0,7325480.000,0,-,-,-,-,6087.8000,6087.6000,6084.4000,6080.6000,6077.6000,6099.6000,6100.6000,6101.0000,6101.6000,6104.6000,2,1,1,1,1,1,6,1,1,1
SF,IC2103,2020-07-22 09:30:01.700,6098.0000,3229,0,7325480.000,0,-,-,-,-,6087.8000,6087.6000,6077.6000,6073.4000,6070.0000,6097.4000,6099.4000,6099.6000,6100.6000,6101.0000,2,1,1,1,2,2,1,1,6,1
SF,IC2103,2020-07-22 09:30:02.200,6098.0000,3229,0,7325480.000,0,-,-,-,-,6087.8000,6073.4000,6070.0000,6066.2000,6061.0000,6095.0000,6097.4000,6099.2000,6099.4000,6101.0000,2,1,2,1,1,1,3,1,1,1
SF,IC2103,2020-07-22 09:30:02.700,6095.0000,3228,-1,8544480.000,1,0,1,双平,S,6087.8000,6073.4000,6070.0000,6066.2000,6061.0000,6097.4000,6099.2000,6101.0000,6101.8000,6106.0000,2,1,2,1,1,2,1,1,1,1
SF,IC2103,2020-07-22 09:30:03.200,6095.0000,3228,0,8544480.000,0,-,-,-,-,6087.8000,6073.4000,6070.0000,6066.2000,6061.0000,6095.8000,6099.2000,6101.0000,6101.2000,6106.0000,2,1,2,1,1,2,1,1,1,1
SF,IC2103,2020-07-22 09:30:03.700,6095.0000,3228,0,8544480.000,0,-,-,-,-,6087.8000,6073.4000,6070.0000,6066.2000,6061.0000,6095.8000,6099.2000,6101.0000,6101.2000,6109.6000,2,1,2,1,1,2,1,1,1,5
SF,IC2103,2020-07-22 09:30:04.200,6095.0000,3228,0,8544480.000,0,-,-,-,-,6087.8000,6070.0000,6066.2000,6061.0000,6060.0000,6094.0000,6095.0000,6098.8000,6099.2000,6101.0000,2,2,1,1,3,2,1,1,1,1
SF,IC2103,2020-07-22 09:30:04.700,6095.0000,3228,0,8544480.000,0,-,-,-,-,6090.4000,6088.2000,6088.0000,6087.8000,6070.0000,6093.8000,6094.0000,6095.0000,6098.8000,6099.2000,2,1,1,2,2,1,2,1,1,1
SF,IC2103,2020-07-22 09:30:05.200,6094.0000,3227,-1,10982080.000,2,0,2,多平,S,6090.6000,6090.4000,6088.0000,6087.8000,6070.0000,6094.0000,6098.8000,6099.2000,6101.0000,6101.2000,2,2,1,1,2,1,1,1,1,1
SF,IC2103,2020-07-22 09:30:05.700,6094.0000,3226,-1,12200880.000,1,0,1,双平,S,6090.6000,6090.4000,6087.8000,6070.0000,6066.2000,6098.8000,6099.2000,6101.0000,6101.2000,6109.6000,3,2,1,2,1,1,1,1,1,5
SF,IC2103,2020-07-22 09:30:06.200,6094.0000,3226,0,12200880.000,0,-,-,-,-,6090.8000,6090.6000,6090.4000,6070.0000,6066.2000,6094.4000,6099.2000,6101.0000,6109.6000,6120.4000,2,2,2,2,1,1,1,1,5,1
SF,IC2103,2020-07-22 09:30:06.700,6094.4000,3225,-1,13419760.000,1,0,1,双平,S,6091.2000,6091.0000,6090.8000,6090.4000,6070.0000,6101.0000,6109.6000,6123.0000,6127.6000,6128.0000,1,1,1,2,2,1,5,1,1,1
SF,IC2103,2020-07-22 09:30:07.200,6094.4000,3225,0,13419760.000,0,-,-,-,-,6091.4000,6091.2000,6090.8000,6090.4000,6070.0000,6099.8000,6101.0000,6109.6000,6123.0000,6127.6000,2,1,1,2,2,1,1,5,1,1
SF,IC2103,2020-07-22 09:30:07.700,6094.4000,3225,0,13419760.000,0,-,-,-,-,6091.8000,6091.4000,6090.4000,6070.0000,6066.2000,6099.8000,6101.0000,6109.6000,6123.0000,6127.6000,1,2,2,2,1,1,1,5,1,1
SF,IC2103,2020-07-22 09:30:08.200,6094.4000,3225,0,13419760.000,0,-,-,-,-,6092.0000,6091.8000,6090.4000,6070.0000,6066.2000,6097.6000,6098.4000,6098.6000,6099.8000,6101.0000,2,1,2,2,1,1,1,1,1,1
SF,IC2103,2020-07-22 09:30:08.700,6094.4000,3225,0,13419760.000,0,-,-,-,-,6092.4000,6092.0000,6090.4000,6070.0000,6066.2000,6097.6000,6098.4000,6098.6000,6099.8000,6101.0000,1,2,2,2,1,1,1,1,1,1
SF,IC2103,2020-07-22 09:30:09.200,6094.4000,3225,0,13419760.000,0,-,-,-,-,6092.6000,6090.4000,6070.0000,6066.2000,6061.0000,6095.8000,6096.6000,6097.6000,6099.8000,6101.0000,2,2,2,1,1,1,1,1,1,1
SF,IC2103,2020-07-22 09:30:09.700,6094.4000,3225,0,13419760.000,0,-,-,-,-,6092.6000,6090.4000,6070.0000,6066.2000,6061.0000,6095.8000,6096.6000,6097.6000,6099.8000,6101.0000,2,2,2,1,1,1,1,1,1,1
SF,IC2103,2020-07-22 09:30:10.200,6092.6000,3224,-1,14638280.000,1,0,1,双平,S,6090.4000,6070.0000,6066.2000,6061.0000,6060.0000,6095.6000,6101.0000,6109.6000,6123.0000,6127.6000,2,2,1,1,3,1,1,5,1,1
SF,IC2103,2020-07-22 09:30:10.700,6092.6000,3224,0,14638280.000,0,-,-,-,-,6092.8000,6090.8000,6090.6000,6090.4000,6070.0000,6095.6000,6099.4000,6101.0000,6109.6000,6123.0000,1,1,1,2,2,1,1,1,5,1
SF,IC2103,2020-07-22 09:30:11.200,6092.6000,3224,0,14638280.000,0,-,-,-,-,6093.0000,6092.8000,6090.6000,6090.4000,6070.0000,6095.6000,6099.4000,6101.0000,6102.2000,6109.6000,2,1,1,2,2,1,1,1,1,5
SF,IC2103,2020-07-22 09:30:11.700,6095.6000,3223,-1,15857400.000,1,0,1,双平,S,6093.0000,6090.6000,6090.4000,6070.0000,6066.2000,6099.4000,6101.0000,6102.2000,6109.6000,6123.0000,2,1,2,2,1,1,1,1,5,1
SF,IC2103,2020-07-22 09:30:12.200,6095.6000,3223,0,15857400.000,0,-,-,-,-,6093.2000,6093.0000,6090.4000,6070.0000,6066.2000,6101.0000,6102.2000,6109.6000,6123.0000,6127.6000,2,2,2,2,1,1,1,5,1,1
SF,IC2103,2020-07-22 09:30:12.700,6095.6000,3223,0,15857400.000,0,-,-,-,-,6093.6000,6093.4000,6093.2000,6090.4000,6070.0000,6101.0000,6102.2000,6109.6000,6123.0000,6127.6000,1,1,2,2,2,1,1,5,1,1
SF,IC2103,2020-07-22 09:30:13.200,6095.6000,3223,0,15857400.000,0,-,-,-,-,6093.8000,6093.6000,6090.4000,6070.0000,6066.2000,6100.4000,6101.0000,6101.4000,6102.2000,6109.6000,2,1,2,2,1,1,1,1,1,5
SF,IC2103,2020-07-22 09:30:13.700,6095.6000,3223,0,15857400.000,0,-,-,-,-,6094.2000,6093.8000,6090.4000,6070.0000,6066.2000,6100.4000,6101.0000,6101.4000,6102.2000,6109.6000,1,2,2,2,1,1,1,1,1,5
SF,IC2103,2020-07-22 09:30:14.200,6095.6000,3223,0,15857400.000,0,-,-,-,-,6094.4000,6094.2000,6090.4000,6066.2000,6061.0000,6100.4000,6101.0000,6101.4000,6102.2000,6109.6000,2,1,2,1,1,1,1,1,1,5
SF,IC2103,2020-07-22 09:30:14.700,6095.6000,3223,0,15857400.000,0,-,-,-,-,6094.8000,6094.4000,6090.4000,6066.2000,6061.0000,6100.4000,6101.0000,6101.4000,6102.2000,6109.6000,1,3,2,1,1,1,1,1,1,5
SF,IC2103,2020-07-22 09:30:15.200,6095.6000,3223,0,15857400.000,0,-,-,-,-,6095.0000,6094.8000,6094.4000,6090.4000,6066.2000,6100.4000,6101.0000,6102.2000,6109.6000,6123.0000,2,1,1,2,1,1,1,1,5,1
SF,IC2103,2020-07-22 09:30:15.700,6095.6000,3223,0,15857400.000,0,-,-,-,-,6095.4000,6095.0000,6092.6000,6066.2000,6061.0000,6101.0000,6102.2000,6109.6000,6123.0000,6127.6000,1,5,1,1,1,1,1,5,1,1
SF,IC2103,2020-07-22 09:30:16.200,6095.6000,3223,0,15857400.000,0,-,-,-,-,6095.6000,6095.4000,6095.0000,6092.6000,6066.2000,6101.0000,6102.2000,6109.6000,6123.0000,6127.6000,2,1,1,1,1,1,1,6,1,1
SF,IC2103,2020-07-22 09:30:16.700,6095.6000,3223,0,15857400.000,0,-,-,-,-,6096.0000,6095.6000,6092.6000,6066.2000,6061.0000,6101.0000,6102.2000,6107.0000,6109.6000,6123.0000,1,3,1,1,1,1,1,1,6,1
SF,IC2103,2020-07-22 09:30:17.200,6095.6000,3223,0,15857400.000,0,-,-,-,-,6096.2000,6096.0000,6095.8000,6092.6000,6066.2000,6101.0000,6107.0000,6109.6000,6112.0000,6123.0000,3,1,1,1,1,1,1,6,1,1
SF,IC2103,2020-07-22 09:30:17.700,6095.6000,3223,0,15857400.000,0,-,-,-,-,6096.6000,6096.2000,6092.6000,6066.2000,6061.0000,6101.0000,6107.0000,6109.6000,6112.0000,6123.0000,1,4,1,1,1,1,1,6,1,1
SF,IC2103,2020-07-22 09:30:18.200,6101.0000,3223,0,17077600.000,1,0,1,多换,S,6096.8000,6096.6000,6096.4000,6096.2000,6092.6000,6107.0000,6109.6000,6109.8000,6112.0000,6123.0000,1,1,1,2,1,1,6,1,1,1
SF,IC2103,2020-07-22 09:30:18.700,6101.0000,3223,0,17077600.000,0,-,-,-,-,6097.2000,6097.0000,6096.8000,6096.2000,6092.6000,6107.0000,6109.6000,6109.8000,6112.0000,6123.0000,1,2,2,1,1,1,1,1,1,1
SF,IC2103,2020-07-22 09:30:19.200,6101.0000,3223,0,17077600.000,0,-,-,-,-,6097.4000,6097.2000,6097.0000,6096.8000,6096.2000,6107.0000,6109.6000,6109.8000,6112.0000,6119.0000,3,1,1,1,1,1,1,1,1,5
SF,IC2103,2020-07-22 09:30:19.700,6101.0000,3223,0,17077600.000,0,-,-,-,-,6099.6000,6098.0000,6097.8000,6097.4000,6097.0000,6101.6000,6109.6000,6109.8000,6112.0000,6119.0000,2,1,1,4,1,1,1,1,1,5
SF,IC2103,2020-07-22 09:30:20.200,6101.6000,3222,-1,18297920.000,1,0,1,双平,S,6100.0000,6099.6000,6098.0000,6097.4000,6092.6000,6109.6000,6109.8000,6112.0000,6119.0000,6123.0000,1,2,1,3,1,1,1,1,5,1
SF,IC2103,2020-07-22 09:30:20.700,6101.6000,3222,0,18297920.000,0,-,-,-,-,6100.2000,6100.0000,6099.8000,6099.6000,6092.6000,6109.6000,6109.8000,6112.0000,6119.0000,6123.0000,1,1,1,2,1,1,1,1,5,1
SF,IC2103,2020-07-22 09:30:21.200,6101.6000,3222,0,18297920.000,0,-,-,-,-,6100.6000,6100.2000,6099.6000,6092.6000,6066.2000,6109.8000,6119.0000,6123.0000,6127.6000,6128.0000,1,2,2,1,1,1,5,1,1,1
SF,IC2103,2020-07-22 09:30:21.700,6101.6000,3222,0,18297920.000,0,-,-,-,-,6100.8000,6100.6000,6100.4000,6100.2000,6099.6000,6108.8000,6109.8000,6119.0000,6123.0000,6127.6000,1,1,1,1,2,1,1,5,1,1
SF,IC2103,2020-07-22 09:30:22.200,6101.6000,3222,0,18297920.000,0,-,-,-,-,6101.2000,6100.8000,6100.4000,6099.6000,6092.6000,6108.8000,6112.8000,6119.0000,6123.0000,6127.6000,1,2,1,2,1,1,1,5,1,1
SF,IC2103,2020-07-22 09:30:22.700,6101.6000,3222,0,18297920.000,0,-,-,-,-,6101.4000,6101.2000,6100.8000,6100.4000,6099.6000,6108.8000,6112.8000,6119.0000,6123.0000,6127.6000,1,1,1,1,2,1,1,5,1,1
SF,IC2103,2020-07-22 09:30:23.200,6101.6000,3222,0,18297920.000,0,-,-,-,-,6101.8000,6101.4000,6100.4000,6099.6000,6092.6000,6108.8000,6109.4000,6112.8000,6119.0000,6123.0000,1,2,1,2,1,1,1,1,5,1
SF,IC2103,2020-07-22 09:30:23.700,6101.6000,3222,0,18297920.000,0,-,-,-,-,6102.0000,6101.8000,6101.4000,6100.4000,6099.6000,6107.8000,6108.8000,6109.4000,6112.8000,6119.0000,1,1,1,1,2,1,1,1,1,5
SF,IC2103,2020-07-22 09:30:24.200,6101.6000,3222,0,18297920.000,0,-,-,-,-,6102.4000,6102.0000,6100.4000,6099.6000,6092.6000,6107.8000,6109.4000,6112.8000,6119.0000,6123.0000,1,1,1,2,1,1,1,1,5,1
SF,IC2103,2020-07-22 09:30:24.700,6102.0000,3221,-1,20738720.000,2,0,2,多平,S,6100.4000,6099.6000,6092.6000,6066.2000,6060.0000,6102.0000,6107.4000,6107.6000,6107.8000,6109.4000,1,2,1,1,3,1,1,1,1,1
SF,IC2103,2020-07-22 09:30:25.200,6102.0000,3221,0,20738720.000,0,-,-,-,-,6092.6000,6066.2000,6060.0000,6040.2000,6040.0000,6102.0000,6107.0000,6107.4000,6107.6000,6107.8000,1,1,4,1,2,1,1,1,1,1
SF,IC2103,2020-07-22 09:30:25.700,6102.0000,3221,0,20738720.000,0,-,-,-,-,6095.0000,6092.6000,6066.2000,6060.0000,6040.2000,6099.8000,6100.4000,6101.8000,6102.0000,6107.0000,2,1,1,4,1,2,1,2,1,1
SF,IC2103,2020-07-22 09:30:26.200,6102.0000,3221,0,20738720.000,0,-,-,-,-,6095.0000,6092.6000,6066.2000,6060.0000,6040.2000,6099.6000,6099.8000,6100.4000,6101.8000,6102.0000,2,1,1,4,1,1,2,1,1,1
SF,IC2103,2020-07-22 09:30:26.700,6102.0000,3221,0,20738720.000,0,-,-,-,-,6092.6000,6066.2000,6060.0000,6040.2000,6040.0000,6099.6000,6099.8000,6100.4000,6102.0000,6107.0000,1,1,4,1,2,2,2,1,1,1
SF,IC2103,2020-07-22 09:30:27.200,6102.0000,3221,0,20738720.000,0,-,-,-,-,6092.6000,6066.2000,6060.0000,6040.2000,6040.0000,6098.4000,6099.6000,6099.8000,6100.4000,6102.0000,1,1,4,1,2,1,2,2,1,1
SF,IC2103,2020-07-22 09:30:27.700,6102.0000,3221,0,20738720.000,0,-,-,-,-,6092.6000,6066.2000,6060.0000,6040.2000,6040.0000,6098.2000,6098.4000,6099.6000,6099.8000,6100.4000,1,1,4,1,2,1,1,1,2,1
SF,IC2103,2020-07-22 09:30:28.200,6102.0000,3221,0,20738720.000,0,-,-,-,-,6092.6000,6066.2000,6060.0000,6040.2000,6040.0000,6098.2000,6098.4000,6099.8000,6100.4000,6101.4000,1,1,4,1,2,2,1,2,1,1
SF,IC2103,2020-07-22 09:30:28.700,6099.6000,3221,0,21958640.000,1,0,1,多换,S,6092.6000,6066.2000,6060.0000,6040.2000,6040.0000,6097.6000,6098.2000,6098.4000,6099.8000,6100.4000,1,1,4,1,2,2,2,1,2,1
SF,IC2103,2020-07-22 09:30:29.200,6099.6000,3221,0,21958640.000,0,-,-,-,-,6092.6000,6066.2000,6060.0000,6040.2000,6040.0000,6097.4000,6098.2000,6099.8000,6101.4000,6107.4000,1,1,4,1,2,1,1,2,1,1
SF,IC2103,2020-07-22 09:30:29.700,6099.6000,3221,0,21958640.000,0,-,-,-,-,6095.0000,6092.6000,6066.2000,6060.0000,6040.2000,6096.8000,6097.4000,6098.6000,6107.4000,6109.0000,2,1,1,4,1,1,1,1,1,5
SF,IC2103,2020-07-22 09:30:30.200,6096.6000,3219,-2,24396960.000,2,0,2,双平,S,6092.8000,6092.6000,6066.2000,6060.0000,6040.2000,6095.0000,6096.0000,6096.8000,6098.6000,6107.4000,1,1,1,4,1,1,1,1,1,1
SF,IC2103,2020-07-22 09:30:30.700,6096.6000,3219,0,25616280.000,1,0,1,多换,S,6093.0000,6092.8000,6092.6000,6066.2000,6060.0000,6096.0000,6096.6000,6098.6000,6109.0000,6123.0000,1,1,1,1,4,1,1,1,5,1
SF,IC2103,2020-07-22 09:30:31.200,6095.0000,3218,-1,26835280.000,1,0,1,双平,S,6093.0000,6092.8000,6092.6000,6066.2000,6060.0000,6096.0000,6098.6000,6109.0000,6123.0000,6127.6000,1,1,1,1,4,1,1,5,1,1
SF,IC2103,2020-07-22 09:30:31.700,6096.0000,3218,0,28054480.000,1,0,1,多换,S,6093.0000,6092.8000,6092.6000,6066.2000,6060.0000,6098.6000,6109.0000,6123.0000,6127.6000,6128.0000,1,1,1,1,4,1,5,1,1,1
SF,IC2103,2020-07-22 09:30:32.200,6096.0000,3218,0,28054480.000,0,-,-,-,-,6093.2000,6093.0000,6092.8000,6092.6000,6066.2000,6098.6000,6109.0000,6127.6000,6128.0000,6133.0000,1,1,1,1,1,1,5,1,1,1
SF,IC2103,2020-07-22 09:30:32.700,6096.0000,3218,0,28054480.000,0,-,-,-,-,6093.2000,6093.0000,6092.6000,6066.2000,6060.0000,6098.6000,6109.0000,6127.6000,6128.0000,6133.0000,1,1,1,1,4,1,5,1,1,1
SF,IC2103,2020-07-22 09:30:33.200,6096.0000,3218,0,28054480.000,0,-,-,-,-,6093.4000,6093.0000,6092.6000,6066.2000,6060.0000,6097.4000,6098.4000,6098.6000,6102.0000,6109.0000,1,1,1,1,4,1,1,1,2,5
SF,IC2103,2020-07-22 09:30:34.200,6096.0000,3218,0,28054480.000,0,-,-,-,-,6093.6000,6093.4000,6093.0000,6092.6000,6066.2000,6097.4000,6098.4000,6098.6000,6102.0000,6109.0000,1,1,1,1,1,1,1,1,2,5
SF,IC2103,2020-07-22 09:30:34.700,6096.0000,3218,0,28054480.000,0,-,-,-,-,6093.6000,6093.4000,6093.0000,6092.6000,6066.2000,6098.6000,6109.0000,6127.6000,6128.0000,6133.0000,1,1,1,1,1,1,5,1,1,1
SF,IC2103,2020-07-22 09:30:35.200,6096.0000,3218,0,28054480.000,0,-,-,-,-,6093.8000,6093.4000,6093.0000,6092.6000,6066.2000,6109.0000,6127.6000,6128.0000,6133.0000,6140.0000,2,1,1,1,1,5,1,1,1,1
SF,IC2103,2020-07-22 09:30:35.700,6096.0000,3218,0,28054480.000,0,-,-,-,-,6094.0000,6093.8000,6093.0000,6092.6000,6066.2000,6104.2000,6108.8000,6109.0000,6127.6000,6128.0000,1,2,1,1,1,2,1,5,1,1
SF,IC2103,2020-07-22 09:30:36.200,6096.0000,3218,0,28054480.000,0,-,-,-,-,6095.4000,6094.6000,6094.2000,6094.0000,6093.0000,6101.2000,6104.2000,6105.2000,6108.8000,6109.0000,1,1,2,1,1,1,2,1,1,5
SF,IC2103,2020-07-22 09:30:36.700,6096.0000,3218,0,28054480.000,0,-,-,-,-,6095.4000,6094.2000,6094.0000,6093.0000,6092.6000,6099.6000,6101.0000,6101.2000,6102.0000,6108.8000,1,2,1,1,1,2,1,1,1,1
SF,IC2103,2020-07-22 09:30:37.200,6096.0000,3218,0,28054480.000,0,-,-,-,-,6094.2000,6093.0000,6092.6000,6066.2000,6060.0000,6099.6000,6101.0000,6101.2000,6102.0000,6108.8000,1,1,1,1,1,1,1,1,1,1
SF,IC2103,2020-07-22 09:30:37.700,6096.0000,3218,0,28054480.000,0,-,-,-,-,6094.2000,6093.0000,6092.6000,6066.2000,6060.0000,6098.6000,6099.4000,6102.0000,6108.8000,6109.0000,1,1,1,1,1,1,1,1,1,5
SF,IC2103,2020-07-22 09:30:38.200,6096.0000,3218,0,28054480.000,0,-,-,-,-,6094.4000,6093.0000,6092.6000,6066.2000,6060.0000,6098.6000,6099.4000,6102.0000,6108.8000,6109.0000,2,1,1,1,1,1,1,1,1,5
SF,IC2103,2020-07-22 09:30:38.700,6096.0000,3218,0,28054480.000,0,-,-,-,-,6094.4000,6093.0000,6092.6000,6066.2000,6060.0000,6098.6000,6099.4000,6102.0000,6108.8000,6109.0000,2,1,1,1,1,1,1,1,1,5
SF,IC2103,2020-07-22 09:30:39.200,6096.0000,3218,0,28054480.000,0,-,-,-,-,6094.4000,6093.0000,6092.6000,6066.2000,6060.0000,6098.2000,6098.6000,6099.4000,6102.0000,6108.8000,2,1,1,1,1,1,1,1,1,1
SF,IC2103,2020-07-22 09:30:40.200,6096.0000,3218,0,28054480.000,0,-,-,-,-,6094.4000,6093.0000,6092.6000,6090.0000,6066.2000,6097.2000,6098.2000,6099.4000,6102.0000,6108.8000,2,1,1,1,1,1,1,1,1,1
SF,IC2103,2020-07-22 09:30:40.700,6096.0000,3218,0,28054480.000,0,-,-,-,-,6094.4000,6093.0000,6092.6000,6090.0000,6066.2000,6097.2000,6099.4000,6102.0000,6108.8000,6109.0000,2,1,1,1,1,1,1,1,1,5
SF,IC2103,2020-07-22 09:30:41.200,6096.0000,3218,0,28054480.000,0,-,-,-,-,6094.4000,6093.0000,6092.6000,6090.0000,6066.2000,6102.0000,6108.8000,6109.0000,6127.6000,6128.0000,2,1,1,1,1,1,1,5,1,1
SF,IC2103,2020-07-22 09:30:41.700,6096.0000,3218,0,28054480.000,0,-,-,-,-,6094.6000,6094.4000,6093.0000,6092.6000,6090.0000,6099.6000,6108.8000,6109.0000,6127.6000,6128.0000,3,2,1,1,1,2,1,5,1,1
SF,IC2103,2020-07-22 09:30:42.200,6096.0000,3218,0,28054480.000,0,-,-,-,-,6094.8000,6094.6000,6094.4000,6093.0000,6092.6000,6099.6000,6109.0000,6127.6000,6128.0000,6140.0000,1,1,2,1,1,2,5,1,1,1
SF,IC2103,2020-07-22 09:30:42.700,6096.0000,3218,0,28054480.000,0,-,-,-,-,6095.0000,6094.8000,6094.4000,6093.0000,6092.6000,6109.0000,6127.6000,6128.0000,6140.0000,6148.0000,2,1,2,1,1,5,1,1,1,1
SF,IC2103,2020-07-22 09:30:43.200,6096.0000,3218,0,28054480.000,0,-,-,-,-,6095.2000,6095.0000,6094.4000,6093.0000,6092.6000,6099.6000,6109.0000,6127.6000,6128.0000,6140.0000,1,2,2,1,1,2,5,1,1,1
SF,IC2103,2020-07-22 09:30:43.700,6096.0000,3218,0,28054480.000,0,-,-,-,-,6095.4000,6095.0000,6094.4000,6093.0000,6092.6000,6099.6000,6109.0000,6127.6000,6128.0000,6140.0000,1,2,2,1,1,2,5,1,1,1
SF,IC2103,2020-07-22 09:30:44.200,6096.0000,3218,0,28054480.000,0,-,-,-,-,6095.4000,6095.0000,6094.4000,6093.0000,6092.6000,6099.2000,6099.6000,6109.0000,6127.6000,6128.0000,1,1,2,1,1,1,2,5,1,1
SF,IC2103,2020-07-22 09:30:44.700,6096.0000,3218,0,28054480.000,0,-,-,-,-,6095.4000,6095.0000,6094.4000,6093.0000,6092.6000,6099.0000,6099.2000,6099.6000,6109.0000,6127.6000,1,1,2,1,1,1,1,2,5,1
SF,IC2103,2020-07-22 09:30:45.200,6096.0000,3218,0,28054480.000,0,-,-,-,-,6094.4000,6093.0000,6092.6000,6090.0000,6066.2000,6109.0000,6127.6000,6128.0000,6140.0000,6148.0000,2,1,1,1,1,5,1,1,1,1
SF,IC2103,2020-07-22 09:30:45.700,6096.0000,3218,0,28054480.000,0,-,-,-,-,6095.6000,6094.6000,6094.4000,6093.0000,6092.6000,6099.6000,6104.2000,6109.0000,6127.6000,6128.0000,1,2,2,1,1,1,1,5,1,1
SF,IC2103,2020-07-22 09:30:46.200,6099.6000,3217,-1,29274400.000,1,0,1,双平,S,6095.6000,6094.6000,6094.4000,6093.0000,6092.6000,6104.2000,6109.0000,6127.6000,6128.0000,6140.0000,1,2,2,1,1,1,5,1,1,1
SF,IC2103,2020-07-22 09:30:46.700,6099.6000,3217,0,29274400.000,0,-,-,-,-,6095.8000,6094.4000,6093.0000,6092.6000,6090.0000,6104.2000,6105.6000,6107.8000,6109.0000,6127.6000,3,2,1,1,1,1,1,1,5,1
SF,IC2103,2020-07-22 09:30:47.200,6099.6000,3217,0,29274400.000,0,-,-,-,-,6095.8000,6094.4000,6093.0000,6092.6000,6090.0000,6102.0000,6103.4000,6103.6000,6104.2000,6105.6000,3,2,1,1,1,1,1,1,2,1
SF,IC2103,2020-07-22 09:30:47.700,6099.6000,3217,0,29274400.000,0,-,-,-,-,6096.0000,6095.8000,6094.4000,6093.0000,6092.6000,6102.0000,6103.4000,6103.6000,6104.2000,6105.6000,2,1,2,1,1,1,1,1,2,1
SF,IC2103,2020-07-22 09:30:48.200,6099.6000,3217,0,29274400.000,0,-,-,-,-,6096.2000,6096.0000,6094.4000,6093.0000,6092.6000,6102.0000,6103.4000,6103.6000,6104.2000,6105.6000,1,2,2,1,1,1,1,1,2,1
SF,IC2103,2020-07-22 09:30:48.700,6099.6000,3217,0,29274400.000,0,-,-,-,-,6096.2000,6096.0000,6094.4000,6093.0000,6092.6000,6102.0000,6103.4000,6103.6000,6104.2000,6105.6000,1,2,2,1,1,1,1,1,2,1
SF,IC2103,2020-07-22 09:30:49.200,6099.6000,3217,0,29274400.000,0,-,-,-,-,6096.2000,6096.0000,6094.4000,6093.0000,6092.6000,6102.0000,6103.4000,6103.6000,6104.2000,6105.6000,1,1,2,1,1,1,1,1,2,1
SF,IC2103,2020-07-22 09:30:49.700,6099.6000,3217,0,29274400.000,0,-,-,-,-,6096.0000,6094.4000,6093.0000,6092.6000,6090.0000,6100.8000,6101.8000,6102.0000,6103.4000,6103.6000,1,2,1,1,1,1,1,1,1,1
SF,IC2103,2020-07-22 09:30:50.200,6099.6000,3217,0,29274400.000,0,-,-,-,-,6094.4000,6093.0000,6092.6000,6090.0000,6066.2000,6100.6000,6100.8000,6101.0000,6102.0000,6103.4000,2,1,1,1,1,1,1,1,1,1
SF,IC2103,2020-07-22 09:30:50.700,6099.6000,3217,0,29274400.000,0,-,-,-,-,6096.2000,6094.4000,6093.0000,6092.6000,6090.0000,6100.6000,6100.8000,6101.0000,6102.0000,6103.6000,1,2,1,1,1,1,1,1,1,1
SF,IC2103,2020-07-22 09:30:51.200,6099.6000,3217,0,29274400.000,0,-,-,-,-,6096.2000,6094.4000,6093.0000,6092.6000,6090.0000,6100.0000,6100.6000,6101.0000,6103.6000,6104.2000,1,2,1,1,1,1,1,1,1,2
SF,IC2103,2020-07-22 09:30:51.700,6099.6000,3217,0,29274400.000,0,-,-,-,-,6094.4000,6093.0000,6092.6000,6090.0000,6066.2000,6100.0000,6101.0000,6103.6000,6104.2000,6105.6000,2,1,1,1,1,1,1,1,2,1
SF,IC2103,2020-07-22 09:30:52.200,6100.0000,3216,-1,30494400.000,1,0,1,双平,S,6096.4000,6094.6000,6094.4000,6093.0000,6092.6000,6103.6000,6104.2000,6107.8000,6109.0000,6109.8000,1,2,2,1,1,1,1,1,5,1
SF,IC2103,2020-07-22 09:30:52.700,6103.6000,3215,-1,31715120.000,1,0,1,双平,S,6096.6000,6096.4000,6094.6000,6094.4000,6093.0000,6104.2000,6107.8000,6109.0000,6109.8000,6116.2000,1,1,1,2,1,1,1,5,1,1
SF,IC2103,2020-07-22 09:30:53.200,6103.6000,3215,0,31715120.000,0,-,-,-,-,6096.8000,6096.6000,6094.4000,6093.0000,6092.6000,6104.2000,6107.8000,6109.0000,6109.8000,6116.2000,1,1,2,1,1,1,1,5,1,1
SF,IC2103,2020-07-22 09:30:53.700,6103.6000,3215,0,31715120.000,0,-,-,-,-,6097.2000,6097.0000,6096.8000,6094.4000,6093.0000,6103.0000,6103.8000,6104.2000,6107.8000,6109.0000,1,1,1,2,1,1,1,1,1,5
SF,IC2103,2020-07-22 09:30:54.200,6103.6000,3215,0,31715120.000,0,-,-,-,-,6097.4000,6097.2000,6097.0000,6094.4000,6093.0000,6102.8000,6103.0000,6103.4000,6104.2000,6107.8000,1,1,1,2,1,1,1,1,1,1
SF,IC2103,2020-07-22 09:30:54.700,6103.6000,3215,0,31715120.000,0,-,-,-,-,6097.6000,6097.4000,6097.2000,6094.4000,6093.0000,6102.6000,6102.8000,6103.0000,6103.4000,6104.2000,1,1,1,2,1,1,1,1,1,1
SF,IC2103,2020-07-22 09:30:55.200,6103.6000,3215,0,31715120.000,0,-,-,-,-,6097.6000,6097.4000,6097.2000,6094.4000,6093.0000,6102.2000,6102.6000,6103.0000,6104.2000,6107.8000,1,1,1,2,1,2,1,1,1,1
SF,IC2103,2020-07-22 09:30:55.700,6103.6000,3215,0,31715120.000,0,-,-,-,-,6097.4000,6097.2000,6094.4000,6093.0000,6092.6000,6101.6000,6101.8000,6102.0000,6102.2000,6104.2000,1,1,2,1,1,1,1,1,2,1
SF,IC2103,2020-07-22 09:30:56.200,6103.6000,3215,0,31715120.000,0,-,-,-,-,6097.8000,6097.2000,6094.4000,6093.0000,6092.6000,6101.2000,6101.4000,6101.6000,6101.8000,6102.0000,1,1,2,1,1,1,1,1,1,1
SF,IC2103,2020-07-22 09:30:56.700,6101.6000,3215,0,32935440.000,1,0,1,多换,S,6094.4000,6093.0000,6092.6000,6090.0000,6066.2000,6101.4000,6101.6000,6101.8000,6102.0000,6102.2000,2,1,1,1,1,1,1,1,1,1
SF,IC2103,2020-07-22 09:30:57.200,6101.6000,3215,0,32935440.000,0,-,-,-,-,6098.0000,6095.0000,6094.8000,6094.4000,6093.0000,6101.2000,6101.4000,6102.2000,6104.2000,6107.8000,1,1,1,2,1,1,1,1,1,1
SF,IC2103,2020-07-22 09:30:57.700,6101.6000,3215,0,32935440.000,0,-,-,-,-,6098.0000,6095.0000,6094.8000,6094.4000,6093.0000,6102.2000,6104.2000,6107.8000,6109.0000,6109.8000,1,1,1,2,1,1,1,1,5,1
SF,IC2103,2020-07-22 09:30:58.200,6101.6000,3215,0,32935440.000,0,-,-,-,-,6095.0000,6094.8000,6094.4000,6093.0000,6092.6000,6102.2000,6104.2000,6107.8000,6109.0000,6109.8000,1,1,2,1,1,1,1,1,5,1
SF,IC2103,2020-07-22 09:30:58.700,6101.6000,3215,0,32935440.000,0,-,-,-,-,6095.4000,6095.0000,6094.4000,6093.0000,6092.6000,6101.2000,6101.8000,6102.0000,6102.2000,6104.2000,1,1,2,1,1,1,1,2,1,1
SF,IC2103,2020-07-22 09:30:59.200,6101.6000,3215,0,32935440.000,0,-,-,-,-,6096.8000,6095.4000,6095.0000,6094.4000,6093.0000,6101.0000,6101.2000,6101.6000,6102.0000,6102.2000,1,1,1,2,1,2,1,1,1,1
SF,IC2103,2020-07-22 09:30:59.700,6101.6000,3215,0,32935440.000,0,-,-,-,-,6095.6000,6095.4000,6095.0000,6094.4000,6093.0000,6100.6000,6101.0000,6101.6000,6102.2000,6104.2000,1,1,1,2,1,1,2,1,1,1
SF,IC2103,2020-07-22 09:31:00.200,6101.6000,3215,0,32935440.000,0,-,-,-,-,6097.0000,6095.8000,6095.0000,6094.4000,6093.0000,6100.0000,6100.2000,6100.4000,6100.6000,6101.6000,1,1,1,2,1,1,1,1,2,1
SF,IC2103,2020-07-22 09:31:00.700,6101.6000,3215,0,32935440.000,0,-,-,-,-,6097.0000,6095.0000,6094.4000,6093.0000,6092.6000,6099.6000,6100.0000,6100.6000,6101.6000,6102.2000,1,1,2,1,1,1,1,2,1,1
SF,IC2103,2020-07-22 09:31:01.200,6101.6000,3215,0,32935440.000,0,-,-,-,-,6097.0000,6095.0000,6094.4000,6093.0000,6092.6000,6099.4000,6100.0000,6100.6000,6101.6000,6102.2000,1,1,2,1,1,1,1,1,1,1
SF,IC2103,2020-07-22 09:31:01.700,6101.6000,3215,0,32935440.000,0,-,-,-,-,6095.0000,6094.4000,6093.0000,6092.6000,6090.0000,6099.4000,6101.6000,6104.2000,6107.8000,6109.0000,1,2,1,1,1,1,1,1,1,5
SF,IC2103,2020-07-22 09:31:02.200,6101.6000,3215,0,32935440.000,0,-,-,-,-,6095.2000,6095.0000,6094.4000,6093.0000,6092.6000,6098.6000,6099.4000,6101.6000,6104.2000,6107.8000,3,1,2,1,1,1,1,1,1,1
SF,IC2103,2020-07-22 09:31:02.700,6101.6000,3215,0,32935440.000,0,-,-,-,-,6095.2000,6095.0000,6094.4000,6093.0000,6092.6000,6098.4000,6098.6000,6101.6000,6104.2000,6107.8000,2,1,2,1,1,1,1,1,1,1
SF,IC2103,2020-07-22 09:31:03.200,6101.6000,3215,0,32935440.000,0,-,-,-,-,6095.2000,6095.0000,6094.4000,6093.0000,6092.6000,6098.4000,6098.6000,6101.6000,6104.2000,6107.8000,2,1,2,1,1,1,1,1,1,1
SF,IC2103,2020-07-22 09:31:03.700,6101.6000,3215,0,32935440.000,0,-,-,-,-,6095.4000,6095.2000,6095.0000,6094.4000,6093.0000,6098.4000,6101.6000,6104.2000,6107.8000,6109.0000,1,2,1,2,1,1,1,1,1,5
SF,IC2103,2020-07-22 09:31:04.200,6098.4000,3214,-1,34155120.000,1,0,1,双平,S,6095.6000,6095.4000,6095.2000,6095.0000,6094.4000,6101.6000,6104.2000,6107.8000,6109.0000,6109.8000,1,2,1,1,2,1,1,1,5,1
SF,IC2103,2020-07-22 09:31:04.700,6098.4000,3214,0,34155120.000,0,-,-,-,-,6095.6000,6095.2000,6095.0000,6094.4000,6093.0000,6101.4000,6101.6000,6104.2000,6107.8000,6109.0000,1,1,1,2,1,2,1,1,1,5
SF,IC2103,2020-07-22 09:31:05.200,6098.4000,3214,0,34155120.000,0,-,-,-,-,6095.8000,6095.6000,6095.2000,6095.0000,6094.4000,6101.4000,6104.2000,6107.8000,6109.0000,6109.8000,1,1,1,1,2,2,1,1,5,1
SF,IC2103,2020-07-22 09:31:05.700,6098.4000,3214,0,34155120.000,0,-,-,-,-,6096.0000,6095.8000,6095.2000,6095.0000,6094.4000,6101.4000,6104.2000,6107.8000,6109.0000,6109.8000,1,1,1,1,2,2,1,1,5,1
SF,IC2103,2020-07-22 09:31:06.200,6098.4000,3214,0,34155120.000,0,-,-,-,-,6096.2000,6096.0000,6095.2000,6095.0000,6094.4000,6101.4000,6104.2000,6105.8000,6107.8000,6109.0000,1,1,1,1,2,2,1,2,1,5
SF,IC2103,2020-07-22 09:31:06.700,6098.4000,3214,0,34155120.000,0,-,-,-,-,6096.4000,6096.2000,6095.2000,6095.0000,6094.4000,6101.4000,6104.2000,6105.8000,6107.8000,6109.0000,1,2,1,1,2,2,1,2,1,5
SF,IC2103,2020-07-22 09:31:07.200,6098.4000,3214,0,34155120.000,0,-,-,-,-,6096.4000,6096.2000,6095.2000,6095.0000,6094.4000,6101.4000,6104.2000,6105.8000,6107.8000,6109.0000,1,2,1,1,2,2,1,2,1,5
SF,IC2103,2020-07-22 09:31:07.700,6098.4000,3214,0,34155120.000,0,-,-,-,-,6096.4000,6096.2000,6095.2000,6095.0000,6094.4000,6101.4000,6104.2000,6105.8000,6107.8000,6109.0000,1,1,1,1,2,2,1,2,1,5
SF,IC2103,2020-07-22 09:31:08.200,6098.4000,3214,0,34155120.000,0,-,-,-,-,6096.6000,6096.4000,6096.2000,6095.2000,6095.0000,6101.4000,6104.2000,6105.8000,6107.8000,6109.0000,1,1,1,1,1,2,1,2,1,5
SF,IC2103,2020-07-22 09:31:08.700,6098.4000,3214,0,34155120.000,0,-,-,-,-,6096.8000,6096.2000,6095.0000,6094.4000,6093.0000,6101.4000,6104.2000,6105.8000,6107.8000,6109.0000,1,1,1,2,1,2,1,2,1,5
SF,IC2103,2020-07-22 09:31:09.200,6098.4000,3214,0,34155120.000,0,-,-,-,-,6096.8000,6095.0000,6094.4000,6093.0000,6092.6000,6101.4000,6104.2000,6105.8000,6107.8000,6109.0000,1,1,2,1,1,2,1,2,1,5
SF,IC2103,2020-07-22 09:31:09.700,6098.4000,3214,0,34155120.000,0,-,-,-,-,6096.8000,6095.0000,6094.4000,6093.0000,6092.6000,6100.2000,6101.4000,6104.2000,6105.8000,6107.8000,1,1,2,1,1,1,2,1,2,1
SF,IC2103,2020-07-22 09:31:10.200,6094.4000,3212,-2,36593360.000,2,0,2,双平,S,6094.4000,6093.0000,6092.6000,6090.0000,6066.2000,6100.0000,6100.2000,6101.4000,6104.2000,6105.8000,1,1,1,1,1,1,1,1,1,2
SF,IC2103,2020-07-22 09:31:10.700,6094.4000,3212,0,36593360.000,0,-,-,-,-,6094.4000,6093.0000,6092.6000,6090.0000,6066.2000,6099.2000,6099.8000,6100.0000,6100.2000,6104.2000,1,1,1,1,1,1,2,1,1,1
SF,IC2103,2020-07-22 09:31:11.200,6094.4000,3212,0,36593360.000,0,-,-,-,-,6094.4000,6093.0000,6092.6000,6090.0000,6066.2000,6099.0000,6099.2000,6099.8000,6100.2000,6107.8000,1,1,1,1,1,2,1,1,1,1
SF,IC2103,2020-07-22 09:31:11.700,6094.4000,3212,0,36593360.000,0,-,-,-,-,6094.4000,6093.0000,6092.6000,6090.0000,6066.2000,6099.0000,6099.2000,6107.8000,6109.0000,6109.8000,1,1,1,1,1,2,1,1,5,1
SF,IC2103,2020-07-22 09:31:12.200,6094.4000,3212,0,36593360.000,0,-,-,-,-,6094.6000,6094.4000,6093.0000,6092.6000,6090.0000,6099.0000,6099.2000,6107.8000,6109.0000,6109.8000,2,1,1,1,1,2,1,1,5,1
SF,IC2103,2020-07-22 09:31:12.700,6099.0000,3211,-1,37813160.000,1,0,1,双平,S,6094.6000,6094.4000,6093.0000,6092.6000,6090.0000,6099.0000,6107.8000,6109.0000,6109.8000,6110.0000,1,1,1,1,1,1,1,5,1,1
SF,IC2103,2020-07-22 09:31:13.200,6099.0000,3211,0,37813160.000,0,-,-,-,-,6094.8000,6094.6000,6094.4000,6093.0000,6092.6000,6097.8000,6098.8000,6107.8000,6109.0000,6109.8000,1,1,1,1,1,1,1,1,5,1
SF,IC2103,2020-07-22 09:31:13.700,6098.0000,3210,-1,39032760.000,1,0,1,双平,S,6094.8000,6094.6000,6094.4000,6093.0000,6092.6000,6098.8000,6107.8000,6109.0000,6109.8000,6110.0000,1,1,1,1,1,1,1,5,1,1
SF,IC2103,2020-07-22 09:31:14.200,6098.0000,3210,0,39032760.000,0,-,-,-,-,6095.0000,6094.8000,6094.6000,6094.4000,6093.0000,6098.8000,6107.8000,6109.0000,6109.8000,6110.0000,1,1,1,1,1,1,1,5,1,1
SF,IC2103,2020-07-22 09:31:14.700,6098.0000,3210,0,39032760.000,0,-,-,-,-,6095.2000,6094.6000,6094.4000,6093.0000,6092.6000,6097.6000,6098.6000,6098.8000,6107.8000,6109.0000,1,1,1,1,1,1,1,1,1,5
SF,IC2103,2020-07-22 09:31:15.200,6098.0000,3210,0,39032760.000,0,-,-,-,-,6095.2000,6094.6000,6094.4000,6093.0000,6092.6000,6098.6000,6098.8000,6107.8000,6109.0000,6109.8000,1,1,1,1,1,1,1,1,5,1
SF,IC2103,2020-07-22 09:31:15.700,6098.0000,3210,0,39032760.000,0,-,-,-,-,6095.4000,6095.2000,6094.6000,6094.4000,6093.0000,6098.4000,6107.8000,6109.0000,6109.8000,6110.0000,1,1,1,1,1,1,1,5,1,1
SF,IC2103,2020-07-22 09:31:16.200,6098.0000,3210,0,39032760.000,0,-,-,-,-,6095.6000,6095.4000,6094.6000,6094.4000,6093.0000,6107.8000,6109.0000,6109.8000,6110.0000,6116.2000,1,1,1,1,1,1,5,1,1,1
SF,IC2103,2020-07-22 09:31:16.700,6098.0000,3210,0,39032760.000,0,-,-,-,-,6095.8000,6095.6000,6095.4000,6094.6000,6094.4000,6104.2000,6107.6000,6107.8000,6109.8000,6110.0000,3,1,1,1,1,1,1,1,1,1
SF,IC2103,2020-07-22 09:31:17.200,6098.0000,3210,0,39032760.000,0,-,-,-,-,6096.0000,6095.8000,6095.4000,6094.6000,6094.4000,6099.6000,6100.6000,6104.0000,6107.8000,6109.8000,1,3,1,1,1,1,1,1,1,1
SF,IC2103,2020-07-22 09:31:17.700,6098.0000,3210,0,39032760.000,0,-,-,-,-,6096.0000,6095.8000,6095.4000,6094.6000,6094.4000,6099.4000,6099.6000,6100.6000,6102.0000,6107.8000,1,1,1,1,1,1,1,1,1,1
SF,IC2103,2020-07-22 09:31:18.200,6096.0000,3209,-1,40251960.000,1,0,1,双平,S,6095.8000,6095.4000,6094.6000,6094.4000,6093.0000,6096.0000,6099.4000,6099.6000,6102.0000,6107.8000,1,1,1,1,1,3,1,1,1,1
SF,IC2103,2020-07-22 09:31:18.700,6095.8000,3207,-2,42690320.000,2,0,2,双平,S,6095.4000,6094.6000,6094.4000,6093.0000,6092.6000,6096.0000,6099.4000,6099.6000,6102.0000,6107.8000,1,1,1,1,1,4,1,1,1,1
SF,IC2103,2020-07-22 09:31:19.200,6095.4000,3206,-1,43909400.000,1,0,1,双平,S,6094.6000,6094.4000,6093.0000,6092.6000,6090.0000,6095.0000,6096.0000,6098.8000,6099.4000,6099.6000,1,1,1,1,2,2,4,1,1,1
SF,IC2103,2020-07-22 09:31:19.700,6095.4000,3206,0,43909400.000,0,-,-,-,-,6094.6000,6094.4000,6093.0000,6092.6000,6090.0000,6095.0000,6096.0000,6098.8000,6099.4000,6099.6000,1,1,1,1,2,2,4,1,1,1
SF,IC2103,2020-07-22 09:31:20.200,6094.6000,3205,-1,45128320.000,1,0,1,双平,S,6094.4000,6093.0000,6092.6000,6090.0000,6066.2000,6095.0000,6096.0000,6098.8000,6099.4000,6099.6000,1,1,1,2,1,2,4,1,1,1
SF,IC2103,2020-07-22 09:31:20.700,6094.6000,3205,0,45128320.000,0,-,-,-,-,6094.4000,6093.0000,6090.0000,6066.2000,6060.0000,6096.0000,6098.8000,6099.4000,6099.6000,6102.0000,1,1,2,1,3,4,1,1,1,1
SF,IC2103,2020-07-22 09:31:21.200,6096.0000,3203,-2,50005120.000,4,1,3,多平,S,6095.4000,6094.4000,6093.0000,6090.0000,6066.2000,6098.8000,6099.4000,6099.6000,6102.0000,6107.8000,2,1,1,2,1,1,1,1,1,1
SF,IC2103,2020-07-22 09:31:21.700,6096.0000,3203,0,50005120.000,0,-,-,-,-,6095.4000,6094.6000,6094.4000,6093.0000,6090.0000,6098.6000,6098.8000,6099.6000,6102.0000,6107.8000,2,1,1,1,2,1,1,1,1,1
SF,IC2103,2020-07-22 09:31:22.200,6096.0000,3203,0,50005120.000,0,-,-,-,-,6095.6000,6095.4000,6094.6000,6094.4000,6093.0000,6098.6000,6098.8000,6099.6000,6102.0000,6107.8000,1,2,1,1,1,1,1,1,1,1
SF,IC2103,2020-07-22 09:31:22.700,6098.8000,3201,-2,52444600.000,2,0,2,双平,S,6095.6000,6095.4000,6094.4000,6093.0000,6090.0000,6102.0000,6107.8000,6109.8000,6110.0000,6116.2000,2,2,1,1,2,1,1,1,1,1
SF,IC2103,2020-07-22 09:31:23.200,6098.8000,3201,0,52444600.000,0,-,-,-,-,6096.0000,6095.8000,6095.6000,6095.4000,6094.4000,6099.6000,6101.8000,6102.0000,6107.8000,6109.8000,1,2,1,2,1,1,1,1,1,1
SF,IC2103,2020-07-22 09:31:23.700,6098.8000,3201,0,52444600.000,0,-,-,-,-,6096.2000,6096.0000,6095.8000,6095.4000,6094.4000,6101.8000,6102.0000,6107.8000,6109.8000,6110.0000,1,1,1,2,1,1,1,1,1,1
SF,IC2103,2020-07-22 09:31:24.200,6098.8000,3201,0,52444600.000,0,-,-,-,-,6096.4000,6096.2000,6095.4000,6094.4000,6093.0000,6101.8000,6102.0000,6107.8000,6109.8000,6110.0000,1,2,2,1,1,1,1,1,1,1
SF,IC2103,2020-07-22 09:31:24.700,6098.8000,3201,0,52444600.000,0,-,-,-,-,6096.6000,6096.4000,6096.2000,6095.4000,6094.4000,6097.6000,6101.8000,6102.0000,6107.8000,6109.8000,1,1,1,2,1,1,1,1,1,1
SF,IC2103,2020-07-22 09:31:25.200,6097.6000,3200,-1,53664120.000,1,0,1,双平,S,6096.2000,6095.4000,6094.4000,6093.8000,6093.0000,6100.8000,6102.0000,6107.8000,6109.8000,6110.0000,1,2,1,1,1,1,1,1,1,1
SF,IC2103,2020-07-22 09:31:25.700,6097.6000,3200,0,53664120.000,0,-,-,-,-,6096.4000,6095.4000,6094.4000,6093.8000,6093.0000,6100.6000,6102.0000,6107.8000,6109.8000,6110.0000,2,2,1,1,1,1,1,1,1,1
SF,IC2103,2020-07-22 09:31:26.200,6097.6000,3200,0,53664120.000,0,-,-,-,-,6097.0000,6096.4000,6095.4000,6094.4000,6093.8000,6102.0000,6107.8000,6109.8000,6110.0000,6116.2000,1,2,2,1,1,1,1,1,1,1
SF,IC2103,2020-07-22 09:31:26.700,6097.6000,3200,0,53664120.000,0,-,-,-,-,6097.2000,6097.0000,6096.4000,6095.4000,6094.4000,6101.8000,6107.8000,6109.8000,6110.0000,6116.2000,2,1,1,2,1,1,1,1,1,1
SF,IC2103,2020-07-22 09:31:27.200,6097.6000,3200,0,53664120.000,0,-,-,-,-,6097.2000,6097.0000,6095.4000,6094.4000,6093.8000,6107.8000,6109.2000,6109.8000,6110.0000,6116.2000,3,1,2,1,1,1,1,1,1,1
SF,IC2103,2020-07-22 09:31:27.700,6097.6000,3200,0,53664120.000,0,-,-,-,-,6097.4000,6097.2000,6097.0000,6095.4000,6094.4000,6102.2000,6104.2000,6107.4000,6107.6000,6107.8000,1,3,1,2,1,1,1,1,1,1
SF,IC2103,2020-07-22 09:31:28.200,6097.6000,3200,0,53664120.000,0,-,-,-,-,6097.6000,6097.0000,6095.4000,6094.4000,6093.8000,6101.8000,6102.0000,6102.2000,6103.8000,6104.2000,1,1,2,1,1,1,2,1,1,1
SF,IC2103,2020-07-22 09:31:28.700,6097.6000,3200,0,53664120.000,0,-,-,-,-,6097.6000,6097.0000,6095.4000,6094.4000,6093.8000,6101.6000,6101.8000,6102.0000,6103.8000,6104.2000,2,1,2,1,1,1,1,1,1,1
SF,IC2103,2020-07-22 09:31:29.200,6097.6000,3198,-2,56103160.000,2,0,2,双平,S,6097.0000,6095.4000,6094.4000,6094.0000,6093.8000,6097.6000,6101.6000,6101.8000,6103.8000,6104.2000,1,2,1,1,1,1,1,1,1,1
SF,IC2103,2020-07-22 09:31:29.700,6097.6000,3197,-1,58542080.000,2,0,2,多平,S,6094.4000,6094.0000,6093.8000,6093.0000,6090.0000,6101.2000,6101.6000,6101.8000,6104.2000,6107.4000,1,1,1,1,2,1,1,2,1,1
SF,IC2103,2020-07-22 09:31:30.200,6097.6000,3197,0,58542080.000,0,-,-,-,-,6095.0000,6094.6000,6094.4000,6094.0000,6093.8000,6101.0000,6101.2000,6104.0000,6104.2000,6107.4000,1,3,1,1,1,1,1,1,1,1
SF,IC2103,2020-07-22 09:31:30.700,6095.2000,3193,-4,63418240.000,4,0,4,双平,S,6095.2000,6095.0000,6094.6000,6094.4000,6094.0000,6101.0000,6104.0000,6104.2000,6107.4000,6107.8000,3,1,1,1,1,1,1,1,1,1
SF,IC2103,2020-07-22 09:31:31.200,6095.2000,3193,0,63418240.000,0,-,-,-,-,6095.2000,6094.4000,6094.0000,6093.8000,6093.0000,6101.0000,6104.0000,6104.2000,6107.4000,6109.2000,4,1,1,1,1,1,1,1,1,1
SF,IC2103,2020-07-22 09:31:31.700,6095.2000,3193,0,63418240.000,0,-,-,-,-,6095.2000,6094.4000,6094.0000,6093.8000,6093.0000,6100.8000,6101.0000,6104.0000,6104.2000,6107.4000,3,1,1,1,1,2,1,1,1,1
SF,IC2103,2020-07-22 09:31:32.200,6095.2000,3193,0,63418240.000,0,-,-,-,-,6095.2000,6094.4000,6094.0000,6093.8000,6093.0000,6100.6000,6100.8000,6104.0000,6104.2000,6107.4000,2,1,1,1,1,2,2,1,1,1
SF,IC2103,2020-07-22 09:31:32.700,6095.2000,3193,0,63418240.000,0,-,-,-,-,6095.2000,6095.0000,6094.4000,6094.0000,6093.8000,6100.2000,6100.4000,6100.6000,6100.8000,6104.0000,1,1,1,1,1,1,2,2,2,1
SF,IC2103,2020-07-22 09:31:33.200,6095.2000,3193,0,63418240.000,0,-,-,-,-,6095.0000,6094.4000,6094.0000,6093.8000,6093.0000,6100.0000,6100.2000,6100.4000,6100.8000,6104.0000,1,1,1,1,1,2,1,3,2,1
SF,IC2103,2020-07-22 09:31:33.700,6095.2000,3193,0,63418240.000,0,-,-,-,-,6095.2000,6095.0000,6094.4000,6094.0000,6093.8000,6099.2000,6099.6000,6099.8000,6100.0000,6100.2000,1,1,1,1,1,1,1,2,2,1
SF,IC2103,2020-07-22 09:31:34.200,6095.2000,3193,0,63418240.000,0,-,-,-,-,6095.0000,6094.4000,6094.0000,6093.8000,6093.0000,6099.0000,6099.2000,6099.6000,6099.8000,6100.0000,1,1,1,1,1,1,1,1,1,1
SF,IC2103,2020-07-22 09:31:34.700,6095.2000,3193,0,63418240.000,0,-,-,-,-,6095.0000,6094.4000,6094.0000,6093.8000,6093.0000,6098.8000,6099.0000,6099.2000,6099.6000,6099.8000,1,1,1,1,1,1,1,1,1,1
SF,IC2103,2020-07-22 09:31:35.200,6095.2000,3193,0,63418240.000,0,-,-,-,-,6095.0000,6094.4000,6094.0000,6093.8000,6093.0000,6098.6000,6098.8000,6099.2000,6099.6000,6099.8000,1,1,1,1,1,1,2,1,1,1
SF,IC2103,2020-07-22 09:31:35.700,6095.2000,3193,0,63418240.000,0,-,-,-,-,6095.0000,6094.4000,6094.0000,6093.8000,6093.0000,6098.6000,6098.8000,6099.2000,6099.6000,6099.8000,1,1,1,1,1,2,1,1,1,1
SF,IC2103,2020-07-22 09:31:36.200,6095.2000,3193,0,63418240.000,0,-,-,-,-,6095.2000,6095.0000,6094.4000,6094.0000,6093.8000,6098.6000,6098.8000,6099.2000,6099.6000,6099.8000,1,1,1,1,1,1,1,1,1,1
SF,IC2103,2020-07-22 09:31:36.700,6095.2000,3193,0,63418240.000,0,-,-,-,-,6095.2000,6095.0000,6094.4000,6094.0000,6093.8000,6098.6000,6098.8000,6099.6000,6099.8000,6100.4000,2,1,1,1,1,1,1,1,1,2
SF,IC2103,2020-07-22 09:31:37.200,6095.2000,3193,0,63418240.000,0,-,-,-,-,6095.0000,6094.4000,6094.0000,6093.8000,6093.0000,6098.4000,6098.6000,6098.8000,6099.6000,6099.8000,1,1,1,1,1,1,1,1,1,1
SF,IC2103,2020-07-22 09:31:37.700,6095.2000,3193,0,63418240.000,0,-,-,-,-,6095.0000,6094.4000,6094.0000,6093.8000,6093.0000,6098.2000,6098.4000,6098.8000,6099.6000,6099.8000,1,1,1,1,1,1,2,1,1,1
SF,IC2103,2020-07-22 09:31:38.200,6094.4000,3192,-1,65856120.000,2,0,2,多平,S,6094.0000,6093.8000,6093.0000,6090.0000,6066.2000,6097.4000,6098.0000,6098.2000,6098.4000,6098.8000,1,1,1,2,1,1,1,2,1,1
SF,IC2103,2020-07-22 09:31:38.700,6094.0000,3192,0,67074920.000,1,0,1,多换,S,6093.8000,6093.0000,6090.0000,6066.2000,6060.0000,6097.4000,6098.0000,6098.2000,6098.4000,6098.8000,1,1,2,1,3,1,1,1,1,1
SF,IC2103,2020-07-22 09:31:39.200,6093.8000,3192,0,68293680.000,1,0,1,多换,S,6093.0000,6090.0000,6066.2000,6060.0000,6040.2000,6096.8000,6097.2000,6097.4000,6098.0000,6098.2000,1,2,1,3,1,1,2,1,1,1
SF,IC2103,2020-07-22 09:31:39.700,6093.8000,3192,0,68293680.000,0,-,-,-,-,6093.0000,6090.0000,6066.2000,6060.0000,6040.2000,6096.2000,6096.6000,6096.8000,6097.2000,6097.4000,1,2,1,3,1,1,1,1,1,1
SF,IC2103,2020-07-22 09:31:40.200,6093.0000,3192,0,69512280.000,1,0,1,多换,S,6090.0000,6066.2000,6060.0000,6040.2000,6039.0000,6096.0000,6096.2000,6096.6000,6096.8000,6097.2000,2,1,3,1,1,1,1,1,1,1
SF,IC2103,2020-07-22 09:31:40.700,6093.0000,3192,0,69512280.000,0,-,-,-,-,6090.2000,6090.0000,6066.2000,6060.0000,6040.2000,6095.8000,6096.0000,6096.2000,6097.2000,6097.4000,1,2,1,3,1,2,2,1,1,1
SF,IC2103,2020-07-22 09:31:41.200,6093.0000,3192,0,69512280.000,0,-,-,-,-,6090.6000,6090.2000,6090.0000,6066.2000,6060.0000,6095.6000,6095.8000,6096.0000,6097.2000,6098.0000,1,1,2,1,3,1,2,1,1,1
SF,IC2103,2020-07-22 09:31:41.700,6090.6000,3191,-1,70730400.000,1,0,1,双平,S,6090.0000,6066.2000,6060.0000,6040.2000,6039.0000,6095.0000,6095.4000,6095.6000,6095.8000,6097.2000,2,1,3,1,1,1,2,1,1,1
SF,IC2103,2020-07-22 09:31:42.200,6090.6000,3191,0,70730400.000,0,-,-,-,-,6090.0000,6066.2000,6060.0000,6040.2000,6039.0000,6094.8000,6095.0000,6095.4000,6095.8000,6097.2000,2,1,3,1,1,2,1,1,1,1
SF,IC2103,2020-07-22 09:31:42.700,6090.6000,3191,0,70730400.000,0,-,-,-,-,6090.0000,6066.2000,6060.0000,6040.2000,6039.0000,6094.6000,6094.8000,6095.0000,6095.4000,6095.8000,2,1,3,1,1,2,3,1,1,1
SF,IC2103,2020-07-22 09:31:43.200,6094.4000,3192,1,71949280.000,1,1,0,双开,S,6090.2000,6090.0000,6066.2000,6060.0000,6040.2000,6094.4000,6094.6000,6094.8000,6095.0000,6095.4000,1,2,1,3,1,2,2,1,1,1
SF,IC2103,2020-07-22 09:31:43.700,6094.4000,3192,0,71949280.000,0,-,-,-,-,6090.0000,6066.2000,6060.0000,6040.2000,6039.0000,6094.2000,6094.4000,6094.6000,6095.0000,6095.4000,2,1,3,1,1,1,3,2,1,1
SF,IC2103,2020-07-22 09:31:44.200,6094.4000,3192,0,71949280.000,0,-,-,-,-,6090.0000,6066.2000,6060.0000,6040.2000,6039.0000,6093.0000,6094.0000,6094.2000,6094.4000,6094.6000,2,1,3,1,1,1,1,2,1,2
SF,IC2103,2020-07-22 09:31:44.700,6094.4000,3192,0,71949280.000,0,-,-,-,-,6090.0000,6066.2000,6060.0000,6040.2000,6039.0000,6092.8000,6093.0000,6094.2000,6094.4000,6094.6000,2,1,3,1,1,2,1,2,1,2
SF,IC2103,2020-07-22 09:31:45.200,6094.4000,3192,0,71949280.000,0,-,-,-,-,6090.0000,6066.2000,6060.0000,6040.2000,6039.0000,6090.4000,6092.8000,6093.0000,6094.2000,6094.4000,2,1,3,1,1,1,2,1,1,1
SF,IC2103,2020-07-22 09:31:45.700,6090.0000,3192,0,74385280.000,2,1,1,多换,S,6066.2000,6060.0000,6040.2000,6039.0000,6033.0000,6089.8000,6090.0000,6090.4000,6092.6000,6092.8000,1,3,1,1,6,1,2,1,1,2
SF,IC2103,2020-07-22 09:31:46.200,6090.0000,3192,0,74385280.000,0,-,-,-,-,6087.4000,6081.2000,6076.6000,6066.4000,6066.2000,6089.6000,6089.8000,6090.0000,6090.4000,6092.6000,1,1,1,2,1,3,1,2,1,1
SF,IC2103,2020-07-22 09:31:46.700,6090.0000,3192,0,74385280.000,0,-,-,-,-,6081.2000,6066.4000,6066.2000,6060.0000,6040.2000,6089.6000,6089.8000,6090.0000,6090.4000,6092.8000,1,2,1,3,1,1,1,2,1,1
SF,IC2103,2020-07-22 09:31:47.200,6090.0000,3192,0,74385280.000,0,-,-,-,-,6085.8000,6081.4000,6081.2000,6066.4000,6066.2000,6089.4000,6089.6000,6089.8000,6090.0000,6090.4000,1,1,1,1,1,3,1,1,2,1
SF,IC2103,2020-07-22 09:31:47.700,6090.0000,3192,0,74385280.000,0,-,-,-,-,6081.4000,6081.2000,6077.2000,6066.4000,6066.2000,6089.2000,6089.4000,6089.8000,6090.0000,6090.4000,1,1,1,1,1,1,1,1,2,1
SF,IC2103,2020-07-22 09:31:48.200,6090.0000,3192,0,74385280.000,0,-,-,-,-,6084.2000,6081.4000,6081.2000,6077.2000,6066.4000,6089.0000,6089.2000,6089.8000,6090.0000,6090.4000,1,1,1,1,1,2,1,1,2,1
SF,IC2103,2020-07-22 09:31:48.700,6090.0000,3192,0,74385280.000,0,-,-,-,-,6084.2000,6081.4000,6081.2000,6077.2000,6066.4000,6088.8000,6089.0000,6089.6000,6089.8000,6090.0000,1,1,1,1,1,2,2,1,1,2
SF,IC2103,2020-07-22 09:31:49.200,6090.0000,3192,0,74385280.000,0,-,-,-,-,6084.4000,6084.2000,6081.2000,6077.2000,6066.4000,6088.6000,6088.8000,6089.6000,6089.8000,6090.0000,1,1,1,1,1,1,2,1,1,2
SF,IC2103,2020-07-22 09:31:49.700,6090.0000,3192,0,74385280.000,0,-,-,-,-,6084.4000,6081.2000,6077.2000,6066.4000,6066.2000,6088.4000,6088.6000,6088.8000,6089.8000,6090.0000,1,1,1,1,1,2,1,1,1,2
SF,IC2103,2020-07-22 09:31:50.200,6090.0000,3192,0,74385280.000,0,-,-,-,-,6084.4000,6081.2000,6077.2000,6066.4000,6066.2000,6088.4000,6088.8000,6089.8000,6090.0000,6090.4000,1,1,1,1,1,2,1,1,2,1
SF,IC2103,2020-07-22 09:31:50.700,6090.0000,3192,0,74385280.000,0,-,-,-,-,6085.8000,6084.6000,6084.4000,6081.2000,6077.2000,6088.4000,6088.8000,6089.8000,6090.0000,6090.4000,1,1,1,1,1,2,1,1,2,1
SF,IC2103,2020-07-22 09:31:51.200,6090.0000,3192,0,74385280.000,0,-,-,-,-,6085.8000,6084.6000,6084.4000,6081.2000,6077.2000,6088.4000,6088.8000,6089.8000,6090.0000,6090.4000,1,1,1,1,1,2,1,1,2,1
SF,IC2103,2020-07-22 09:31:51.700,6088.4000,3190,-2,76820640.000,2,0,2,双平,S,6086.0000,6085.8000,6084.4000,6081.2000,6077.2000,6088.8000,6089.8000,6090.0000,6090.4000,6092.8000,1,1,1,1,1,1,1,2,1,1
SF,IC2103,2020-07-22 09:31:52.200,6088.8000,3189,-1,78038400.000,1,0,1,双平,S,6086.2000,6086.0000,6081.2000,6077.2000,6066.4000,6090.0000,6090.4000,6092.8000,6094.2000,6094.4000,1,1,1,1,1,2,1,1,1,1
SF,IC2103,2020-07-22 09:31:52.700,6088.8000,3189,0,78038400.000,0,-,-,-,-,6086.4000,6086.2000,6081.2000,6077.2000,6066.4000,6089.8000,6090.0000,6092.8000,6094.2000,6094.4000,1,1,1,1,1,1,2,1,1,1
SF,IC2103,2020-07-22 09:31:53.200,6088.8000,3189,0,78038400.000,0,-,-,-,-,6086.6000,6086.4000,6077.2000,6066.4000,6066.2000,6089.8000,6092.8000,6094.2000,6094.4000,6094.6000,1,2,1,1,1,1,1,1,1,2
SF,IC2103,2020-07-22 09:31:53.700,6089.8000,3188,-1,79256360.000,1,0,1,双平,S,6086.6000,6086.4000,6077.2000,6066.4000,6066.2000,6092.8000,6094.2000,6095.8000,6099.0000,6109.8000,1,1,1,1,1,1,1,1,1,1
SF,IC2103,2020-07-22 09:31:54.200,6089.8000,3188,0,79256360.000,0,-,-,-,-,6088.6000,6086.8000,6086.6000,6077.2000,6066.4000,6092.6000,6092.8000,6094.2000,6095.8000,6099.0000,1,2,1,1,1,1,1,1,1,1
SF,IC2103,2020-07-22 09:31:54.700,6089.8000,3188,0,79256360.000,0,-,-,-,-,6088.8000,6086.8000,6077.2000,6066.4000,6066.2000,6092.4000,6092.6000,6092.8000,6094.2000,6095.8000,1,2,1,1,1,1,1,1,1,1
SF,IC2103,2020-07-22 09:31:55.200,6089.8000,3188,0,79256360.000,0,-,-,-,-,6088.8000,6086.8000,6077.2000,6066.4000,6066.2000,6092.2000,6092.4000,6092.8000,6094.2000,6095.8000,1,2,1,1,1,1,1,1,1,1
SF,IC2103,2020-07-22 09:31:55.700,6089.8000,3188,0,79256360.000,0,-,-,-,-,6088.8000,6086.8000,6077.2000,6066.4000,6066.2000,6092.2000,6092.4000,6092.8000,6094.2000,6095.8000,1,1,1,1,1,1,1,1,1,1
SF,IC2103,2020-07-22 09:31:56.200,6089.8000,3188,0,79256360.000,0,-,-,-,-,6089.0000,6088.8000,6086.8000,6077.2000,6066.4000,6092.0000,6092.2000,6092.4000,6092.8000,6094.2000,1,1,1,1,1,1,1,1,1,1
SF,IC2103,2020-07-22 09:31:56.700,6089.8000,3188,0,79256360.000,0,-,-,-,-,6089.2000,6086.8000,6077.2000,6066.4000,6066.2000,6091.8000,6092.0000,6092.4000,6092.8000,6094.2000,1,1,1,1,1,1,1,1,1,1
SF,IC2103,2020-07-22 09:31:57.200,6089.8000,3188,0,79256360.000,0,-,-,-,-,6089.2000,6086.8000,6077.2000,6066.4000,6066.2000,6091.8000,6092.0000,6092.4000,6092.8000,6094.2000,1,1,1,1,1,1,1,1,1,1
SF,IC2103,2020-07-22 09:31:58.700,6089.8000,3188,0,79256360.000,0,-,-,-,-,6089.2000,6086.8000,6077.2000,6066.4000,6066.2000,6091.8000,6092.0000,6092.8000,6094.2000,6095.8000,1,1,1,1,1,1,1,1,1,1
SF,IC2103,2020-07-22 09:31:59.200,6091.8000,3187,-1,80474720.000,1,0,1,双平,S,6086.8000,6077.2000,6066.4000,6066.2000,6060.0000,6089.2000,6092.0000,6092.8000,6094.2000,6095.8000,1,1,1,1,3,1,1,1,1,1
SF,IC2103,2020-07-22 09:31:59.700,6089.6000,3186,-1,81692640.000,1,0,1,双平,S,6087.6000,6077.2000,6066.4000,6066.2000,6060.0000,6091.6000,6092.8000,6094.2000,6095.8000,6099.0000,1,1,1,1,3,1,1,1,1,1
SF,IC2103,2020-07-22 09:32:00.200,6089.6000,3186,0,81692640.000,0,-,-,-,-,6087.8000,6087.6000,6077.2000,6066.4000,6066.2000,6090.8000,6091.4000,6092.8000,6094.2000,6095.8000,1,1,1,1,1,1,2,1,1,1
SF,IC2103,2020-07-22 09:32:00.700,6089.6000,3186,0,81692640.000,0,-,-,-,-,6087.8000,6077.2000,6066.4000,6066.2000,6060.0000,6090.8000,6091.4000,6092.8000,6094.2000,6095.8000,1,1,1,1,3,2,2,1,1,1
SF,IC2103,2020-07-22 09:32:01.200,6089.6000,3186,0,81692640.000,0,-,-,-,-,6087.8000,6077.2000,6066.4000,6066.2000,6060.0000,6090.6000,6090.8000,6091.4000,6092.8000,6094.2000,1,1,1,1,3,2,2,1,1,1
SF,IC2103,2020-07-22 09:32:01.700,6087.8000,3185,-1,82910200.000,1,0,1,双平,S,6077.2000,6066.4000,6066.2000,6060.0000,6040.2000,6090.6000,6090.8000,6091.4000,6092.8000,6094.2000,1,1,1,3,1,2,2,1,1,1
SF,IC2103,2020-07-22 09:32:02.200,6087.8000,3185,0,82910200.000,0,-,-,-,-,6086.0000,6081.2000,6077.4000,6077.2000,6066.4000,6090.4000,6090.6000,6090.8000,6092.8000,6094.0000,1,1,1,1,1,4,2,2,1,1
SF,IC2103,2020-07-22 09:32:02.700,6087.8000,3185,0,82910200.000,0,-,-,-,-,6081.2000,6077.4000,6077.2000,6066.4000,6066.2000,6090.2000,6090.4000,6090.8000,6092.8000,6094.2000,1,1,1,1,1,1,3,2,1,1
SF,IC2103,2020-07-22 09:32:03.200,6087.8000,3185,0,82910200.000,0,-,-,-,-,6081.4000,6081.2000,6077.2000,6066.4000,6066.2000,6089.8000,6090.0000,6090.2000,6090.4000,6090.8000,1,1,1,1,1,2,3,2,2,2
SF,IC2103,2020-07-22 09:32:03.700,6087.8000,3185,0,82910200.000,0,-,-,-,-,6088.0000,6085.0000,6081.4000,6081.2000,6077.2000,6089.6000,6089.8000,6090.0000,6090.2000,6090.4000,2,1,1,1,1,2,2,2,1,2
SF,IC2103,2020-07-22 09:32:04.200,6088.0000,3183,-2,85345400.000,2,0,2,双平,S,6081.4000,6081.2000,6077.2000,6066.4000,6066.2000,6088.4000,6089.6000,6089.8000,6090.0000,6090.4000,1,1,1,1,1,1,1,1,1,2
SF,IC2103,2020-07-22 09:32:04.700,6088.0000,3183,0,85345400.000,0,-,-,-,-,6084.6000,6081.4000,6077.2000,6066.4000,6066.2000,6088.2000,6088.4000,6089.6000,6090.0000,6090.4000,1,1,1,1,1,2,1,1,1,2
SF,IC2103,2020-07-22 09:32:05.200,6084.6000,3183,0,86562320.000,1,0,1,多换,S,6081.4000,6077.2000,6066.4000,6066.2000,6060.0000,6087.6000,6088.2000,6088.4000,6090.0000,6090.4000,1,1,1,1,3,1,2,1,1,2
SF,IC2103,2020-07-22 09:32:05.700,6084.6000,3183,0,86562320.000,0,-,-,-,-,6081.4000,6077.2000,6066.4000,6066.2000,6060.0000,6087.2000,6087.4000,6087.6000,6088.2000,6088.4000,1,1,1,1,3,1,2,1,1,1
SF,IC2103,2020-07-22 09:32:06.200,6084.6000,3183,0,86562320.000,0,-,-,-,-,6081.4000,6077.2000,6066.4000,6066.2000,6060.0000,6087.0000,6087.2000,6087.4000,6087.6000,6088.4000,1,1,1,1,3,2,1,1,1,1
SF,IC2103,2020-07-22 09:32:06.700,6084.6000,3183,0,86562320.000,0,-,-,-,-,6081.4000,6077.2000,6066.4000,6066.2000,6060.0000,6085.8000,6086.4000,6086.6000,6087.0000,6088.4000,1,1,1,1,3,1,1,1,2,1
SF,IC2103,2020-07-22 09:32:07.200,6084.6000,3183,0,86562320.000,0,-,-,-,-,6081.4000,6077.2000,6066.4000,6066.2000,6060.0000,6085.6000,6086.4000,6087.0000,6088.4000,6090.0000,1,1,1,1,3,1,1,1,1,1
SF,IC2103,2020-07-22 09:32:07.700,6084.6000,3183,0,86562320.000,0,-,-,-,-,6081.4000,6077.2000,6066.4000,6066.2000,6060.0000,6085.6000,6086.4000,6087.0000,6088.4000,6090.0000,1,1,1,1,3,1,1,1,1,1
SF,IC2103,2020-07-22 09:32:08.200,6085.6000,3182,-1,87779440.000,1,0,1,双平,S,6081.6000,6081.4000,6077.2000,6066.4000,6066.2000,6086.4000,6087.0000,6088.4000,6090.0000,6090.8000,1,1,1,1,1,1,1,1,1,2
SF,IC2103,2020-07-22 09:32:08.700,6085.6000,3182,0,87779440.000,0,-,-,-,-,6081.8000,6081.6000,6077.2000,6066.4000,6066.2000,6086.2000,6086.4000,6090.8000,6091.6000,6099.0000,1,1,1,1,1,1,1,2,1,1
SF,IC2103,2020-07-22 09:32:09.200,6086.2000,3181,-1,88996680.000,1,0,1,双平,S,6081.8000,6077.2000,6066.4000,6066.2000,6060.0000,6086.4000,6090.8000,6091.6000,6099.0000,6109.8000,2,1,1,1,3,1,2,1,1,1
SF,IC2103,2020-07-22 09:32:09.700,6086.2000,3181,0,88996680.000,0,-,-,-,-,6082.4000,6082.0000,6081.8000,6077.2000,6066.4000,6090.8000,6092.6000,6099.0000,6109.8000,6110.0000,1,1,2,1,1,2,1,1,1,1
SF,IC2103,2020-07-22 09:32:10.200,6086.2000,3181,0,88996680.000,0,-,-,-,-,6082.6000,6082.4000,6081.8000,6077.2000,6066.4000,6089.4000,6090.4000,6090.6000,6090.8000,6092.6000,3,1,1,1,1,1,1,1,2,1
SF,IC2103,2020-07-22 09:32:10.700,6086.2000,3181,0,88996680.000,0,-,-,-,-,6082.6000,6077.2000,6066.4000,6066.2000,6060.0000,6089.2000,6089.4000,6090.4000,6090.8000,6093.6000,3,1,1,1,3,1,1,1,2,1
SF,IC2103,2020-07-22 09:32:11.200,6086.2000,3181,0,88996680.000,0,-,-,-,-,6083.0000,6082.6000,6077.2000,6066.4000,6066.2000,6089.0000,6089.2000,6090.4000,6090.8000,6093.6000,1,3,1,1,1,2,2,1,2,1
SF,IC2103,2020-07-22 09:32:11.700,6086.2000,3181,0,88996680.000,0,-,-,-,-,6083.2000,6083.0000,6082.6000,6081.6000,6077.2000,6088.8000,6089.0000,6089.2000,6090.4000,6090.8000,2,1,1,1,1,2,1,1,1,2
SF,IC2103,2020-07-22 09:32:12.200,6083.2000,3180,-1,90213320.000,1,0,1,双平,S,6083.2000,6081.6000,6077.2000,6066.4000,6066.2000,6088.4000,6088.8000,6089.0000,6090.4000,6090.8000,1,1,1,1,1,1,2,1,1,2
SF,IC2103,2020-07-22 09:32:12.700,6083.2000,3180,0,90213320.000,0,-,-,-,-,6083.4000,6083.2000,6081.6000,6077.2000,6066.4000,6087.6000,6088.2000,6088.4000,6088.6000,6089.0000,1,1,1,1,1,1,1,1,1,1
SF,IC2103,2020-07-22 09:32:13.200,6083.2000,3180,0,90213320.000,0,-,-,-,-,6083.4000,6083.2000,6081.6000,6077.2000,6066.4000,6087.4000,6087.6000,6088.4000,6088.6000,6089.0000,1,1,1,1,1,1,1,1,1,1
SF,IC2103,2020-07-22 09:32:13.700,6083.2000,3180,0,90213320.000,0,-,-,-,-,6083.4000,6083.2000,6081.6000,6066.4000,6060.0000,6086.8000,6087.4000,6089.0000,6090.4000,6090.8000,1,1,1,1,3,1,2,1,1,1
SF,IC2103,2020-07-22 09:32:14.200,6083.2000,3180,0,90213320.000,0,-,-,-,-,6083.4000,6081.6000,6066.4000,6060.0000,6051.0000,6086.6000,6086.8000,6087.2000,6087.4000,6089.0000,1,1,1,3,1,1,1,1,1,1
SF,IC2103,2020-07-22 09:32:14.700,6083.2000,3180,0,90213320.000,0,-,-,-,-,6083.4000,6081.6000,6070.6000,6066.4000,6060.0000,6086.6000,6086.8000,6087.4000,6089.0000,6090.4000,1,1,1,1,3,1,1,1,1,1
SF,IC2103,2020-07-22 09:32:15.200,6083.2000,3180,0,90213320.000,0,-,-,-,-,6083.4000,6081.6000,6070.6000,6066.4000,6060.0000,6086.4000,6086.6000,6086.8000,6087.4000,6089.0000,1,1,1,1,3,1,1,1,1,1
SF,IC2103,2020-07-22 09:32:15.700,6083.2000,3180,0,90213320.000,0,-,-,-,-,6081.6000,6070.6000,6066.4000,6060.0000,6051.0000,6086.2000,6086.4000,6087.4000,6089.0000,6090.4000,1,1,1,3,1,1,2,1,1,1
SF,IC2103,2020-07-22 09:32:16.200,6083.2000,3180,0,90213320.000,0,-,-,-,-,6081.8000,6081.6000,6070.6000,6066.4000,6060.0000,6086.2000,6086.4000,6087.4000,6089.0000,6090.4000,2,1,1,1,3,2,1,1,1,1
SF,IC2103,2020-07-22 09:32:16.700,6083.2000,3180,0,90213320.000,0,-,-,-,-,6081.8000,6081.6000,6070.6000,6066.4000,6060.0000,6085.8000,6086.2000,6086.4000,6087.4000,6089.0000,2,1,1,1,3,1,2,1,1,1
SF,IC2103,2020-07-22 09:32:17.200,6083.2000,3180,0,90213320.000,0,-,-,-,-,6081.8000,6081.6000,6070.6000,6066.4000,6060.0000,6085.6000,6085.8000,6086.2000,6087.4000,6089.0000,1,1,1,1,3,1,2,1,1,1
SF,IC2103,2020-07-22 09:32:17.700,6083.2000,3180,0,90213320.000,0,-,-,-,-,6081.6000,6070.6000,6066.4000,6060.0000,6051.0000,6085.2000,6085.6000,6085.8000,6087.4000,6089.0000,1,1,1,3,1,1,2,1,1,1
SF,IC2103,2020-07-22 09:32:18.200,6083.2000,3180,0,90213320.000,0,-,-,-,-,6081.6000,6070.6000,6066.4000,6060.0000,6051.0000,6085.0000,6085.2000,6085.6000,6085.8000,6087.4000,1,1,1,3,1,2,1,1,1,1
SF,IC2103,2020-07-22 09:32:18.700,6083.2000,3180,0,90213320.000,0,-,-,-,-,6081.6000,6070.6000,6066.4000,6060.0000,6051.0000,6084.8000,6085.0000,6085.2000,6085.8000,6087.4000,1,1,1,3,1,1,3,1,1,1
SF,IC2103,2020-07-22 09:32:19.200,6083.2000,3180,0,90213320.000,0,-,-,-,-,6081.6000,6070.6000,6066.4000,6060.0000,6051.0000,6083.8000,6084.2000,6084.6000,6084.8000,6085.0000,1,1,1,3,1,1,1,1,1,1
SF,IC2103,2020-07-22 09:32:19.700,6083.2000,3180,0,90213320.000,0,-,-,-,-,6081.6000,6070.6000,6066.4000,6060.0000,6051.0000,6083.6000,6084.2000,6084.6000,6084.8000,6085.8000,1,1,1,3,1,1,1,1,1,1
SF,IC2103,2020-07-22 09:32:20.200,6083.6000,3179,-1,92646360.000,2,0,2,多平,S,6070.6000,6060.0000,6051.0000,6040.2000,6039.0000,6084.2000,6084.6000,6084.8000,6085.8000,6087.4000,1,3,1,1,1,1,1,1,1,1
SF,IC2103,2020-07-22 09:32:20.700,6083.6000,3179,0,92646360.000,0,-,-,-,-,6077.2000,6076.6000,6072.0000,6070.8000,6070.6000,6084.0000,6084.2000,6084.8000,6085.8000,6087.4000,1,1,1,2,1,1,1,1,1,1
SF,IC2103,2020-07-22 09:32:21.200,6083.6000,3179,0,92646360.000,0,-,-,-,-,6077.4000,6077.2000,6076.6000,6072.0000,6070.8000,6083.6000,6084.2000,6084.8000,6085.8000,6087.4000,2,1,1,1,1,1,1,1,1,1
SF,IC2103,2020-07-22 09:32:21.700,6083.6000,3179,0,92646360.000,0,-,-,-,-,6079.0000,6077.4000,6076.6000,6072.0000,6070.6000,6083.6000,6084.8000,6085.8000,6087.4000,6089.4000,1,3,1,1,1,1,1,1,1,1
SF,IC2103,2020-07-22 09:32:22.200,6083.6000,3179,0,92646360.000,0,-,-,-,-,6079.2000,6079.0000,6077.4000,6076.6000,6072.0000,6083.6000,6084.8000,6085.8000,6087.4000,6089.4000,2,1,1,1,1,1,1,1,1,1
SF,IC2103,2020-07-22 09:32:22.700,6083.6000,3178,-1,93863080.000,1,0,1,双平,S,6080.2000,6079.2000,6076.6000,6072.0000,6070.6000,6087.4000,6090.4000,6090.8000,6098.0000,6109.8000,1,2,1,1,1,1,1,1,1,1
SF,IC2103,2020-07-22 09:32:23.200,6083.6000,3178,0,93863080.000,0,-,-,-,-,6080.4000,6080.2000,6079.2000,6076.6000,6072.0000,6087.2000,6087.4000,6090.4000,6090.8000,6098.0000,2,1,1,1,1,2,1,1,1,1
SF,IC2103,2020-07-22 09:32:23.700,6083.6000,3178,0,93863080.000,0,-,-,-,-,6080.6000,6080.4000,6076.6000,6072.0000,6070.6000,6083.4000,6087.2000,6087.4000,6090.4000,6090.8000,1,2,1,1,1,1,3,1,1,1
SF,IC2103,2020-07-22 09:32:24.200,6083.6000,3178,0,93863080.000,0,-,-,-,-,6080.6000,6080.4000,6076.6000,6072.0000,6070.6000,6083.2000,6083.4000,6087.0000,6087.2000,6087.4000,1,1,1,1,1,1,1,1,1,1
SF,IC2103,2020-07-22 09:32:24.700,6083.6000,3178,0,93863080.000,0,-,-,-,-,6080.8000,6076.6000,6072.0000,6070.6000,6060.0000,6083.4000,6087.4000,6090.4000,6090.8000,6098.0000,1,1,1,1,3,1,1,1,1,1
SF,IC2103,2020-07-22 09:32:25.200,6083.6000,3178,0,93863080.000,0,-,-,-,-,6080.8000,6076.6000,6072.0000,6070.6000,6060.0000,6083.4000,6087.4000,6090.4000,6090.8000,6098.0000,1,1,1,1,3,1,1,1,1,1
SF,IC2103,2020-07-22 09:32:25.700,6083.6000,3178,0,93863080.000,0,-,-,-,-,6081.0000,6080.8000,6076.6000,6072.0000,6070.6000,6087.4000,6090.4000,6090.8000,6098.0000,6109.8000,1,1,1,1,1,1,1,1,1,1
SF,IC2103,2020-07-22 09:32:26.200,6083.6000,3178,0,93863080.000,0,-,-,-,-,6081.2000,6081.0000,6076.6000,6072.0000,6070.6000,6083.2000,6085.8000,6086.6000,6087.2000,6087.4000,2,1,1,1,1,1,1,1,2,1
SF,IC2103,2020-07-22 09:32:26.700,6083.6000,3178,0,93863080.000,0,-,-,-,-,6081.2000,6076.6000,6072.0000,6070.6000,6060.0000,6083.2000,6085.8000,6087.2000,6088.2000,6090.8000,1,1,1,1,3,2,1,2,1,1
SF,IC2103,2020-07-22 09:32:27.200,6083.6000,3178,0,93863080.000,0,-,-,-,-,6081.2000,6076.6000,6072.0000,6070.6000,6060.0000,6083.2000,6085.8000,6087.2000,6090.2000,6090.8000,1,1,1,1,3,2,1,1,1,1
SF,IC2103,2020-07-22 09:32:27.700,6081.2000,3177,-1,95079320.000,1,0,1,双平,S,6076.6000,6072.0000,6070.6000,6060.0000,6051.0000,6081.0000,6083.0000,6083.2000,6087.2000,6090.2000,1,1,1,3,1,1,1,2,1,1
SF,IC2103,2020-07-22 09:32:28.200,6081.2000,3177,0,95079320.000,0,-,-,-,-,6077.6000,6076.8000,6076.6000,6072.0000,6070.6000,6081.0000,6083.2000,6087.2000,6088.2000,6090.8000,1,1,1,1,1,1,2,1,1,1
SF,IC2103,2020-07-22 09:32:28.700,6081.2000,3177,0,95079320.000,0,-,-,-,-,6077.8000,6076.6000,6072.0000,6070.6000,6060.0000,6080.8000,6081.0000,6083.2000,6088.2000,6090.8000,1,1,1,1,3,1,1,1,1,1
SF,IC2103,2020-07-22 09:32:29.200,6081.2000,3177,0,95079320.000,0,-,-,-,-,6077.8000,6076.6000,6072.0000,6070.6000,6060.0000,6080.6000,6080.8000,6081.0000,6083.2000,6088.2000,1,1,1,1,3,1,2,1,1,1
SF,IC2103,2020-07-22 09:32:29.700,6081.2000,3177,0,95079320.000,0,-,-,-,-,6077.8000,6076.6000,6070.6000,6060.0000,6051.0000,6080.4000,6080.6000,6080.8000,6081.0000,6083.2000,1,1,1,3,1,1,1,2,1,1
SF,IC2103,2020-07-22 09:32:30.200,6077.8000,3176,-1,96294880.000,1,0,1,双平,S,6076.6000,6070.6000,6060.0000,6051.0000,6040.2000,6080.2000,6080.4000,6080.8000,6081.0000,6083.2000,1,1,3,1,1,1,1,1,1,1
SF,IC2103,2020-07-22 09:32:30.700,6077.8000,3176,0,96294880.000,0,-,-,-,-,6076.6000,6070.6000,6060.0000,6051.0000,6040.2000,6080.0000,6080.2000,6080.4000,6080.8000,6081.0000,1,1,3,1,1,1,2,1,1,1
SF,IC2103,2020-07-22 09:32:31.200,6076.6000,3175,-1,97510200.000,1,0,1,双平,S,6070.6000,6060.0000,6051.0000,6040.2000,6033.0000,6079.8000,6080.0000,6080.2000,6080.4000,6080.8000,1,3,1,1,6,1,1,1,1,1
SF,IC2103,2020-07-22 09:32:31.700,6076.6000,3175,0,97510200.000,0,-,-,-,-,6074.0000,6070.8000,6070.6000,6060.0000,6051.0000,6079.6000,6079.8000,6080.0000,6080.4000,6081.0000,1,2,1,3,1,3,2,1,1,1
SF,IC2103,2020-07-22 09:32:32.200,6076.6000,3175,0,97510200.000,0,-,-,-,-,6074.2000,6074.0000,6070.6000,6060.0000,6051.0000,6079.4000,6079.6000,6080.0000,6080.4000,6081.0000,2,1,1,3,1,1,2,1,1,1
SF,IC2103,2020-07-22 09:32:32.700,6076.6000,3175,0,97510200.000,0,-,-,-,-,6075.0000,6074.2000,6070.6000,6060.0000,6051.0000,6079.2000,6079.4000,6079.6000,6080.0000,6080.4000,1,2,1,3,1,1,1,2,1,1
SF,IC2103,2020-07-22 09:32:33.200,6076.6000,3175,0,97510200.000,0,-,-,-,-,6075.2000,6075.0000,6074.2000,6070.6000,6060.0000,6079.2000,6079.6000,6080.0000,6081.0000,6083.2000,1,1,1,1,3,1,2,1,1,1
SF,IC2103,2020-07-22 09:32:33.700,6076.6000,3175,0,97510200.000,0,-,-,-,-,6077.0000,6075.2000,6074.2000,6070.6000,6060.0000,6079.2000,6079.6000,6081.0000,6083.2000,6086.2000,1,2,1,1,3,1,2,1,1,1
SF,IC2103,2020-07-22 09:32:34.200,6079.6000,3173,-2,101157880.000,3,0,3,多平,S,6077.6000,6077.2000,6077.0000,6075.2000,6074.2000,6083.2000,6089.6000,6090.8000,6094.4000,6098.0000,1,2,1,1,1,1,1,1,2,1
SF,IC2103,2020-07-22 09:32:34.700,6079.6000,3173,0,101157880.000,0,-,-,-,-,6078.0000,6077.8000,6077.6000,6077.2000,6070.6000,6083.0000,6083.2000,6089.6000,6090.8000,6094.4000,1,2,1,2,1,1,1,1,1,2
SF,IC2103,2020-07-22 09:32:35.200,6078.2000,3172,-1,102373520.000,1,0,1,双平,S,6078.2000,6077.6000,6070.6000,6060.0000,6051.0000,6083.0000,6083.2000,6089.6000,6090.8000,6098.0000,2,1,1,3,1,1,1,1,1,1
SF,IC2103,2020-07-22 09:32:35.700,6078.2000,3172,0,102373520.000,0,-,-,-,-,6078.2000,6077.6000,6070.6000,6060.0000,6051.0000,6083.0000,6083.2000,6089.6000,6090.8000,6098.0000,2,1,1,3,1,1,1,1,1,1
SF,IC2103,2020-07-22 09:32:36.200,6078.2000,3171,-1,103589160.000,1,0,1,双平,S,6078.2000,6077.6000,6070.6000,6060.0000,6051.0000,6082.8000,6083.0000,6083.2000,6089.6000,6090.8000,1,1,1,3,1,1,1,1,1,1
SF,IC2103,2020-07-22 09:32:36.700,6078.2000,3171,0,103589160.000,0,-,-,-,-,6078.4000,6077.6000,6070.6000,6060.0000,6051.0000,6082.6000,6082.8000,6083.2000,6089.6000,6090.8000,1,1,1,3,1,1,1,1,1,1
SF,IC2103,2020-07-22 09:32:37.200,6078.2000,3171,0,103589160.000,0,-,-,-,-,6078.4000,6077.6000,6070.6000,6060.0000,6051.0000,6082.6000,6083.2000,6087.8000,6090.8000,6098.0000,1,1,1,3,1,1,1,1,1,1
SF,IC2103,2020-07-22 09:32:37.700,6078.4000,3170,-1,104804840.000,1,0,1,双平,S,6079.0000,6077.6000,6070.6000,6060.0000,6051.0000,6081.8000,6082.4000,6082.6000,6083.2000,6087.8000,1,1,1,3,1,1,1,1,1,1
SF,IC2103,2020-07-22 09:32:38.200,6077.6000,3170,0,107236040.000,2,1,1,多换,S,6070.6000,6060.0000,6051.0000,6040.2000,6033.0000,6081.8000,6082.4000,6083.2000,6086.0000,6090.6000,1,3,1,1,6,1,1,1,1,2
SF,IC2103,2020-07-22 09:32:38.700,6077.6000,3170,0,107236040.000,0,-,-,-,-,6073.8000,6070.8000,6070.6000,6060.0000,6051.0000,6081.6000,6081.8000,6083.2000,6086.0000,6090.6000,1,1,1,3,1,4,1,1,1,2
SF,IC2103,2020-07-22 09:32:39.200,6077.6000,3170,0,107236040.000,0,-,-,-,-,6074.0000,6073.8000,6070.6000,6060.0000,6051.0000,6081.0000,6081.2000,6081.6000,6083.2000,6084.4000,1,1,1,3,1,1,2,4,1,1
SF,IC2103,2020-07-22 09:32:39.700,6077.6000,3170,0,107236040.000,0,-,-,-,-,6074.0000,6070.6000,6060.0000,6051.0000,6040.2000,6078.6000,6080.8000,6081.0000,6081.2000,6081.6000,1,1,3,1,1,1,2,2,2,2
SF,IC2103,2020-07-22 09:32:40.200,6077.6000,3170,0,107236040.000,0,-,-,-,-,6074.0000,6070.6000,6062.4000,6060.0000,6051.0000,6078.4000,6078.6000,6080.8000,6081.0000,6081.2000,1,1,1,3,1,2,1,1,1,2
SF,IC2103,2020-07-22 09:32:40.700,6077.6000,3170,0,107236040.000,0,-,-,-,-,6070.6000,6062.4000,6060.0000,6051.0000,6040.2000,6078.4000,6078.6000,6080.8000,6081.0000,6081.2000,1,1,3,1,1,2,1,1,1,2
SF,IC2103,2020-07-22 09:32:41.200,6077.6000,3170,0,107236040.000,0,-,-,-,-,6070.8000,6070.6000,6062.4000,6060.0000,6051.0000,6078.2000,6078.4000,6078.6000,6081.0000,6081.2000,1,1,1,3,1,2,2,1,1,2
SF,IC2103,2020-07-22 09:32:41.700,6077.6000,3170,0,107236040.000,0,-,-,-,-,6070.8000,6070.6000,6062.4000,6060.0000,6051.0000,6077.6000,6078.0000,6078.2000,6078.6000,6081.0000,1,1,1,3,1,1,5,2,1,1
SF,IC2103,2020-07-22 09:32:42.200,6077.6000,3170,0,107236040.000,0,-,-,-,-,6071.0000,6070.8000,6070.6000,6062.4000,6060.0000,6077.4000,6077.6000,6078.6000,6081.0000,6081.2000,1,1,1,1,3,4,1,1,1,2
SF,IC2103,2020-07-22 09:32:42.700,6077.6000,3170,0,107236040.000,0,-,-,-,-,6071.2000,6070.6000,6062.4000,6060.0000,6051.0000,6077.4000,6077.6000,6078.6000,6081.0000,6081.2000,1,1,1,3,1,5,1,1,1,2
SF,IC2103,2020-07-22 09:32:43.200,6077.6000,3170,0,107236040.000,0,-,-,-,-,6071.2000,6070.6000,6062.4000,6060.0000,6051.0000,6077.0000,6077.4000,6077.6000,6078.6000,6081.0000,1,1,1,3,1,1,3,1,1,1
SF,IC2103,2020-07-22 09:32:43.700,6077.6000,3170,0,107236040.000,0,-,-,-,-,6071.2000,6070.6000,6062.4000,6060.0000,6051.0000,6076.2000,6076.4000,6076.8000,6077.0000,6077.2000,1,1,1,3,1,1,1,2,1,1
SF,IC2103,2020-07-22 09:32:44.200,6077.6000,3170,0,107236040.000,0,-,-,-,-,6070.6000,6062.4000,6060.0000,6051.0000,6040.2000,6076.0000,6076.2000,6076.8000,6077.0000,6077.6000,1,1,3,1,1,2,1,2,1,1
SF,IC2103,2020-07-22 09:32:44.700,6077.6000,3170,0,107236040.000,0,-,-,-,-,6070.8000,6070.6000,6062.4000,6060.0000,6051.0000,6076.0000,6076.2000,6076.8000,6077.0000,6077.6000,1,1,1,3,1,3,1,1,1,1
SF,IC2103,2020-07-22 09:32:45.200,6077.6000,3170,0,107236040.000,0,-,-,-,-,6070.8000,6070.6000,6062.4000,6060.0000,6051.0000,6075.8000,6076.0000,6076.8000,6080.6000,6081.0000,1,1,1,3,1,1,3,1,1,1
SF,IC2103,2020-07-22 09:32:45.700,6077.6000,3170,0,107236040.000,0,-,-,-,-,6070.8000,6070.6000,6062.4000,6060.0000,6051.0000,6075.6000,6075.8000,6076.8000,6080.6000,6081.0000,1,1,1,3,1,2,2,1,1,1
SF,IC2103,2020-07-22 09:32:46.200,6077.6000,3170,0,107236040.000,0,-,-,-,-,6070.8000,6070.6000,6062.4000,6060.0000,6051.0000,6075.0000,6075.6000,6075.8000,6076.8000,6080.6000,1,1,1,3,1,2,2,2,1,1
SF,IC2103,2020-07-22 09:32:46.700,6077.6000,3170,0,107236040.000,0,-,-,-,-,6070.6000,6062.4000,6060.0000,6051.0000,6040.2000,6074.8000,6075.0000,6075.4000,6075.6000,6075.8000,1,1,3,1,1,1,2,1,1,1
SF,IC2103,2020-07-22 09:32:47.200,6077.6000,3170,0,107236040.000,0,-,-,-,-,6070.6000,6062.4000,6060.0000,6051.0000,6040.2000,6074.8000,6075.6000,6075.8000,6080.6000,6081.0000,1,1,3,1,1,3,1,1,1,1
SF,IC2103,2020-07-22 09:32:47.700,6077.6000,3170,0,107236040.000,0,-,-,-,-,6070.6000,6062.4000,6060.0000,6051.0000,6040.2000,6074.8000,6075.6000,6075.8000,6080.6000,6081.0000,1,1,3,1,1,3,1,1,1,1
SF,IC2103,2020-07-22 09:32:48.200,6077.6000,3170,0,107236040.000,0,-,-,-,-,6070.6000,6062.4000,6060.0000,6051.0000,6040.2000,6074.8000,6075.6000,6075.8000,6080.6000,6081.0000,1,1,3,1,1,2,1,1,1,1
SF,IC2103,2020-07-22 09:32:48.700,6070.8000,3170,0,108450200.000,1,0,1,多换,S,6070.6000,6062.4000,6060.0000,6051.0000,6040.2000,6074.8000,6075.6000,6075.8000,6080.6000,6081.0000,1,1,3,1,1,2,1,1,1,1
SF,IC2103,2020-07-22 09:32:49.200,6070.8000,3170,0,108450200.000,0,-,-,-,-,6070.6000,6062.4000,6060.0000,6051.0000,6040.2000,6074.6000,6074.8000,6075.6000,6075.8000,6080.6000,1,1,3,1,1,1,2,1,1,1
SF,IC2103,2020-07-22 09:32:49.700,6070.8000,3170,0,108450200.000,0,-,-,-,-,6071.0000,6070.8000,6070.6000,6062.4000,6060.0000,6074.4000,6074.6000,6075.6000,6075.8000,6080.6000,1,1,1,1,3,1,1,1,1,1
SF,IC2103,2020-07-22 09:32:50.200,6070.8000,3170,0,108450200.000,0,-,-,-,-,6071.2000,6071.0000,6070.6000,6062.4000,6060.0000,6074.4000,6075.6000,6080.6000,6081.0000,6090.6000,1,1,1,1,3,2,1,1,1,2
SF,IC2103,2020-07-22 09:32:50.700,6070.8000,3170,0,109664360.000,1,0,1,多换,S,6071.2000,6071.0000,6070.6000,6062.4000,6060.0000,6074.4000,6075.6000,6080.6000,6081.0000,6090.6000,1,1,1,1,3,2,1,1,1,2
SF,IC2103,2020-07-22 09:32:51.200,6070.8000,3170,0,109664360.000,0,-,-,-,-,6071.2000,6071.0000,6070.6000,6062.4000,6060.0000,6074.4000,6075.6000,6080.6000,6081.0000,6090.6000,1,1,1,1,3,2,1,1,1,2
SF,IC2103,2020-07-22 09:32:51.700,6070.8000,3170,0,109664360.000,0,-,-,-,-,6071.6000,6071.2000,6071.0000,6070.6000,6062.4000,6074.4000,6075.6000,6081.0000,6081.8000,6090.6000,1,1,1,1,1,1,1,1,1,2
SF,IC2103,2020-07-22 09:32:52.200,6074.4000,3170,0,110879240.000,1,0,1,多换,S,6071.8000,6071.6000,6071.0000,6070.6000,6062.4000,6081.0000,6081.8000,6090.6000,6090.8000,6098.0000,1,1,1,1,1,1,1,2,1,1
SF,IC2103,2020-07-22 09:32:52.700,6074.4000,3170,0,110879240.000,0,-,-,-,-,6072.0000,6071.8000,6071.0000,6070.6000,6062.4000,6078.2000,6080.8000,6081.0000,6083.0000,6090.6000,1,1,1,1,1,1,2,1,1,2
SF,IC2103,2020-07-22 09:32:53.200,6074.4000,3170,0,110879240.000,0,-,-,-,-,6072.2000,6071.0000,6070.6000,6062.4000,6060.0000,6078.0000,6078.2000,6080.8000,6081.0000,6083.0000,1,1,1,1,3,2,2,1,1,1
SF,IC2103,2020-07-22 09:32:53.700,6074.4000,3170,0,110879240.000,0,-,-,-,-,6071.0000,6070.6000,6062.4000,6060.0000,6051.0000,6076.4000,6078.0000,6078.2000,6081.0000,6083.0000,1,1,1,3,1,1,3,1,1,1
SF,IC2103,2020-07-22 09:32:54.200,6074.4000,3170,0,110879240.000,0,-,-,-,-,6071.2000,6071.0000,6070.6000,6062.4000,6060.0000,6076.2000,6076.4000,6078.0000,6078.2000,6080.8000,1,1,1,1,3,1,1,1,1,1
SF,IC2103,2020-07-22 09:32:54.700,6074.4000,3170,0,110879240.000,0,-,-,-,-,6071.0000,6070.6000,6062.4000,6060.0000,6051.0000,6075.2000,6076.0000,6076.2000,6080.8000,6081.0000,1,1,1,3,1,2,1,2,1,1
SF,IC2103,2020-07-22 09:32:55.200,6074.4000,3170,0,110879240.000,0,-,-,-,-,6071.0000,6070.6000,6062.4000,6060.0000,6051.0000,6075.0000,6075.2000,6076.2000,6080.8000,6081.0000,1,1,1,3,1,1,2,2,1,1
SF,IC2103,2020-07-22 09:32:55.700,6074.4000,3170,0,110879240.000,0,-,-,-,-,6071.0000,6070.6000,6062.4000,6060.0000,6051.0000,6074.0000,6074.8000,6075.0000,6075.2000,6076.2000,1,1,1,3,1,1,1,2,1,1
SF,IC2103,2020-07-22 09:32:56.200,6070.6000,3169,-1,113307560.000,2,0,2,多平,S,6060.0000,6051.0000,6040.2000,6033.0000,6018.4000,6073.8000,6074.0000,6075.0000,6075.2000,6076.2000,3,1,1,6,1,2,1,1,1,1
SF,IC2103,2020-07-22 09:32:56.700,6070.6000,3169,0,113307560.000,0,-,-,-,-,6066.8000,6062.8000,6060.4000,6060.2000,6060.0000,6073.2000,6073.4000,6073.6000,6073.8000,6078.8000,1,2,1,2,3,1,1,4,3,1
SF,IC2103,2020-07-22 09:32:57.200,6070.6000,3169,0,113307560.000,0,-,-,-,-,6067.2000,6067.0000,6066.8000,6062.8000,6060.2000,6072.8000,6073.0000,6073.2000,6073.6000,6078.8000,1,1,1,1,1,1,2,1,3,1
SF,IC2103,2020-07-22 09:32:57.700,6070.6000,3169,0,113307560.000,0,-,-,-,-,6067.4000,6067.2000,6062.8000,6060.2000,6060.0000,6072.6000,6072.8000,6073.2000,6073.6000,6078.8000,1,1,1,1,3,1,1,1,3,1
SF,IC2103,2020-07-22 09:32:58.200,6070.6000,3169,0,113307560.000,0,-,-,-,-,6068.0000,6067.8000,6067.4000,6062.8000,6060.2000,6072.4000,6072.6000,6073.2000,6078.8000,6081.0000,1,1,1,1,1,1,1,1,1,1
SF,IC2103,2020-07-22 09:32:58.700,6070.6000,3169,0,113307560.000,0,-,-,-,-,6068.4000,6068.2000,6068.0000,6062.8000,6060.2000,6072.6000,6078.8000,6081.0000,6090.8000,6098.0000,1,2,1,1,1,1,1,1,1,1
SF,IC2103,2020-07-22 09:32:59.200,6072.6000,3169,0,114522080.000,1,0,1,多换,S,6069.4000,6068.4000,6068.2000,6062.8000,6060.2000,6081.0000,6081.6000,6090.8000,6098.0000,6109.8000,1,1,1,1,1,1,1,1,1,1
SF,IC2103,2020-07-22 09:32:59.700,6069.8000,3170,1,115736040.000,1,1,0,双开,S,6069.6000,6069.4000,6068.2000,6060.2000,6060.0000,6077.4000,6080.6000,6080.8000,6081.0000,6081.6000,3,1,1,1,3,1,2,1,1,1
SF,IC2103,2020-07-22 09:33:00.200,6069.8000,3170,0,116950000.000,1,0,1,多换,S,6069.6000,6068.2000,6060.2000,6060.0000,6051.0000,6077.0000,6077.2000,6080.6000,6080.8000,6081.0000,3,1,1,3,1,1,1,1,1,1
SF,IC2103,2020-07-22 09:33:00.700,6069.8000,3170,0,116950000.000,0,-,-,-,-,6070.4000,6069.6000,6068.2000,6060.0000,6051.0000,6075.2000,6076.8000,6077.0000,6077.2000,6080.6000,1,3,1,3,1,1,2,1,1,1
SF,IC2103,2020-07-22 09:33:01.200,6069.8000,3170,0,116950000.000,0,-,-,-,-,6070.8000,6070.4000,6069.6000,6068.2000,6060.0000,6075.0000,6075.2000,6076.8000,6077.0000,6080.6000,1,1,1,1,3,2,1,2,1,1
SF,IC2103,2020-07-22 09:33:01.700,6070.8000,3169,-1,118164160.000,1,0,1,双平,S,6071.0000,6070.4000,6069.6000,6068.2000,6060.0000,6074.2000,6075.0000,6077.0000,6080.6000,6081.0000,1,1,1,1,3,1,2,1,1,1
SF,IC2103,2020-07-22 09:33:02.200,6070.8000,3169,0,118164160.000,0,-,-,-,-,6071.6000,6071.0000,6070.4000,6069.6000,6068.2000,6074.0000,6074.2000,6075.0000,6077.0000,6080.6000,1,1,1,1,1,1,1,1,1,1
SF,IC2103,2020-07-22 09:33:02.700,6071.6000,3169,0,119378480.000,1,0,1,多换,S,6071.0000,6069.6000,6068.2000,6060.0000,6051.0000,6071.8000,6074.0000,6077.0000,6080.6000,6081.0000,1,1,1,3,1,1,1,1,1,1
SF,IC2103,2020-07-22 09:33:03.200,6071.6000,3169,0,119378480.000,0,-,-,-,-,6072.0000,6071.0000,6069.6000,6068.2000,6060.0000,6077.0000,6080.6000,6080.8000,6081.0000,6090.8000,2,1,1,1,3,1,1,1,1,1
SF,IC2103,2020-07-22 09:33:03.700,6071.6000,3169,0,119378480.000,0,-,-,-,-,6072.2000,6072.0000,6071.0000,6069.6000,6068.2000,6073.2000,6076.8000,6077.0000,6080.8000,6081.0000,1,2,1,1,1,1,2,1,1,1
SF,IC2103,2020-07-22 09:33:04.200,6071.6000,3169,0,119378480.000,0,-,-,-,-,6072.0000,6071.0000,6069.6000,6068.2000,6060.0000,6076.8000,6077.0000,6081.0000,6082.0000,6090.8000,2,1,1,1,3,1,1,1,1,1
SF,IC2103,2020-07-22 09:33:04.700,6071.6000,3169,0,119378480.000,0,-,-,-,-,6072.2000,6072.0000,6071.0000,6069.6000,6068.2000,6076.4000,6076.6000,6076.8000,6081.0000,6082.0000,2,2,1,1,1,1,1,1,1,1
SF,IC2103,2020-07-22 09:33:05.200,6072.0000,3169,0,120592880.000,1,0,1,多换,S,6072.6000,6072.2000,6072.0000,6071.0000,6069.6000,6081.0000,6084.8000,6090.8000,6098.0000,6109.8000,1,2,2,1,1,1,1,1,1,1
SF,IC2103,2020-07-22 09:33:05.700,6072.0000,3169,0,120592880.000,0,-,-,-,-,6072.8000,6072.6000,6072.0000,6071.0000,6069.6000,6077.4000,6080.6000,6080.8000,6081.0000,6084.8000,3,1,2,1,1,1,1,2,1,1
SF,IC2103,2020-07-22 09:33:06.200,6072.0000,3169,0,120592880.000,0,-,-,-,-,6073.0000,6072.8000,6072.6000,6072.0000,6071.0000,6080.6000,6080.8000,6081.0000,6085.8000,6090.8000,1,2,1,2,1,1,1,1,1,1
SF,IC2103,2020-07-22 09:33:06.700,6072.0000,3169,0,120592880.000,0,-,-,-,-,6073.2000,6073.0000,6072.6000,6072.0000,6071.0000,6078.4000,6080.6000,6081.0000,6085.8000,6090.8000,3,1,1,2,1,1,1,1,1,1
SF,IC2103,2020-07-22 09:33:07.200,6072.0000,3169,0,120592880.000,0,-,-,-,-,6073.4000,6073.2000,6073.0000,6072.6000,6072.2000,6081.0000,6087.6000,6090.8000,6098.0000,6109.8000,1,1,1,1,1,1,1,1,1,1
SF,IC2103,2020-07-22 09:33:07.700,6072.0000,3169,0,120592880.000,0,-,-,-,-,6073.6000,6073.4000,6073.0000,6072.6000,6072.2000,6079.4000,6080.8000,6081.0000,6087.6000,6090.8000,3,1,1,1,1,1,1,1,1,1
SF,IC2103,2020-07-22 09:33:08.200,6072.0000,3169,0,120592880.000,0,-,-,-,-,6073.8000,6073.6000,6073.4000,6073.0000,6072.6000,6081.0000,6088.6000,6090.8000,6098.0000,6109.8000,1,2,1,1,1,1,1,1,1,1
SF,IC2103,2020-07-22 09:33:08.700,6072.0000,3169,0,120592880.000,0,-,-,-,-,6074.0000,6073.8000,6073.4000,6073.0000,6072.6000,6080.8000,6081.0000,6088.6000,6090.8000,6098.0000,4,1,1,1,1,1,1,1,1,1
SF,IC2103,2020-07-22 09:33:09.200,6072.0000,3169,0,120592880.000,0,-,-,-,-,6074.2000,6074.0000,6073.8000,6073.4000,6073.0000,6081.0000,6090.8000,6091.6000,6098.0000,6109.8000,1,4,1,1,1,1,1,1,1,1
SF,IC2103,2020-07-22 09:33:09.700,6072.0000,3169,0,120592880.000,0,-,-,-,-,6076.6000,6074.4000,6074.2000,6073.8000,6073.4000,6080.4000,6080.6000,6080.8000,6081.0000,6087.2000,1,3,1,1,1,2,1,1,1,1
SF,IC2103,2020-07-22 09:33:10.200,6080.4000,3169,0,121808960.000,1,0,1,多换,S,6076.8000,6074.4000,6074.2000,6073.8000,6073.4000,6080.4000,6081.0000,6090.0000,6090.8000,6098.0000,1,1,1,1,1,1,1,1,1,1
SF,IC2103,2020-07-22 09:33:10.700,6080.4000,3169,0,123025040.000,1,0,1,多换,S,6076.8000,6074.4000,6074.2000,6073.8000,6073.4000,6081.0000,6090.0000,6090.8000,6098.0000,6109.8000,1,1,1,1,1,1,1,1,1,1
SF,IC2103,2020-07-22 09:33:11.200,6080.4000,3169,0,123025040.000,0,-,-,-,-,6077.0000,6076.8000,6074.4000,6074.2000,6073.8000,6080.8000,6081.0000,6088.2000,6090.8000,6098.0000,1,1,1,1,1,2,1,1,1,1
SF,IC2103,2020-07-22 09:33:11.700,6080.8000,3167,-2,125457360.000,2,0,2,双平,S,6077.2000,6077.0000,6075.0000,6074.4000,6074.2000,6081.0000,6090.0000,6090.8000,6098.0000,6109.8000,1,1,1,1,1,1,1,1,1,1
SF,IC2103,2020-07-22 09:33:12.200,6081.0000,3166,-1,126673560.000,1,0,1,双平,S,6077.8000,6077.6000,6077.4000,6077.0000,6075.0000,6090.8000,6091.0000,6098.0000,6109.8000,6110.0000,1,1,1,1,1,1,1,1,1,1
SF,IC2103,2020-07-22 09:33:12.700,6081.0000,3166,0,126673560.000,0,-,-,-,-,6078.0000,6077.8000,6077.4000,6077.0000,6075.0000,6085.0000,6090.4000,6090.6000,6090.8000,6091.0000,3,1,1,1,1,1,4,1,1,1
SF,IC2103,2020-07-22 09:33:13.200,6081.0000,3166,0,126673560.000,0,-,-,-,-,6078.2000,6078.0000,6077.8000,6077.4000,6077.0000,6084.8000,6085.0000,6090.4000,6090.8000,6091.0000,1,3,1,1,1,1,1,4,1,1
SF,IC2103,2020-07-22 09:33:13.700,6081.0000,3166,0,126673560.000,0,-,-,-,-,6078.4000,6078.2000,6078.0000,6077.8000,6077.4000,6084.8000,6090.4000,6090.8000,6091.0000,6098.0000,2,1,1,1,1,1,4,1,1,1
SF,IC2103,2020-07-22 09:33:14.200,6084.8000,3165,-1,127890520.000,1,0,1,双平,S,6079.8000,6078.6000,6078.4000,6078.2000,6078.0000,6090.4000,6090.8000,6091.0000,6098.0000,6109.8000,1,1,3,1,1,4,1,1,1,1
SF,IC2103,2020-07-22 09:33:14.700,6084.8000,3165,0,127890520.000,0,-,-,-,-,6080.0000,6079.8000,6078.6000,6078.4000,6078.2000,6087.4000,6090.2000,6090.4000,6090.8000,6092.4000,2,1,1,1,1,1,1,4,1,1
SF,IC2103,2020-07-22 09:33:15.200,6084.8000,3165,0,127890520.000,0,-,-,-,-,6080.2000,6080.0000,6078.6000,6078.4000,6078.2000,6087.2000,6090.4000,6090.8000,6094.0000,6098.0000,1,2,1,1,1,1,4,1,1,1
SF,IC2103,2020-07-22 09:33:15.700,6087.2000,3164,-1,129107960.000,1,0,1,双平,S,6081.0000,6080.4000,6080.2000,6078.6000,6078.4000,6090.4000,6090.8000,6094.0000,6098.0000,6109.8000,1,2,1,1,1,2,1,1,1,1
SF,IC2103,2020-07-22 09:33:16.200,6087.2000,3164,0,129107960.000,0,-,-,-,-,6081.2000,6081.0000,6080.2000,6078.6000,6078.4000,6088.8000,6090.2000,6090.4000,6090.8000,6094.0000,2,1,1,1,1,1,1,2,1,1
SF,IC2103,2020-07-22 09:33:16.700,6087.2000,3164,0,129107960.000,0,-,-,-,-,6081.4000,6081.2000,6080.2000,6078.6000,6078.4000,6088.8000,6090.8000,6094.0000,6098.0000,6109.8000,1,2,1,1,1,2,1,1,1,1
SF,IC2103,2020-07-22 09:33:17.200,6087.2000,3164,0,129107960.000,0,-,-,-,-,6083.4000,6081.6000,6081.4000,6080.2000,6078.6000,6088.8000,6090.8000,6095.6000,6098.0000,6109.8000,1,3,1,1,1,1,1,1,1,1
SF,IC2103,2020-07-22 09:33:17.700,6087.2000,3164,0,129107960.000,0,-,-,-,-,6083.6000,6083.4000,6082.6000,6081.6000,6081.4000,6088.8000,6090.8000,6095.6000,6098.0000,6109.8000,3,1,1,1,1,1,1,1,1,1
SF,IC2103,2020-07-22 09:33:18.200,6087.2000,3164,0,129107960.000,0,-,-,-,-,6083.6000,6082.6000,6081.6000,6081.4000,6080.2000,6088.8000,6090.8000,6095.6000,6098.0000,6109.8000,3,1,1,1,1,1,1,1,1,1
SF,IC2103,2020-07-22 09:33:18.700,6088.8000,3163,-1,130325720.000,1,0,1,双平,S,6085.2000,6083.6000,6082.6000,6081.6000,6081.4000,6090.8000,6095.6000,6098.0000,6109.8000,6110.0000,1,2,1,1,1,1,1,1,1,1
SF,IC2103,2020-07-22 09:33:19.200,6088.8000,3163,0,130325720.000,0,-,-,-,-,6085.4000,6083.6000,6082.6000,6081.6000,6081.4000,6088.6000,6090.8000,6097.6000,6098.0000,6098.6000,3,1,1,1,1,1,1,2,1,1
SF,IC2103,2020-07-22 09:33:19.700,6088.8000,3163,0,130325720.000,0,-,-,-,-,6085.4000,6083.6000,6082.6000,6081.6000,6081.4000,6090.8000,6097.6000,6098.0000,6098.6000,6109.8000,1,1,1,1,1,1,2,1,1,1
SF,IC2103,2020-07-22 09:33:20.200,6088.8000,3163,0,130325720.000,0,-,-,-,-,6085.6000,6085.4000,6083.6000,6082.6000,6081.6000,6090.6000,6090.8000,6097.6000,6098.0000,6098.6000,2,1,1,1,1,1,1,2,1,1
SF,IC2103,2020-07-22 09:33:20.700,6088.8000,3163,0,130325720.000,0,-,-,-,-,6085.6000,6085.4000,6083.6000,6082.6000,6081.6000,6090.6000,6090.8000,6093.2000,6097.6000,6098.0000,2,1,1,1,1,1,1,2,2,1
SF,IC2103,2020-07-22 09:33:21.200,6088.8000,3163,0,130325720.000,0,-,-,-,-,6085.6000,6085.4000,6083.6000,6082.6000,6081.6000,6090.4000,6090.6000,6090.8000,6093.2000,6097.6000,1,1,1,1,1,1,1,1,2,2
SF,IC2103,2020-07-22 09:33:21.700,6088.8000,3163,0,130325720.000,0,-,-,-,-,6085.6000,6085.4000,6083.6000,6082.6000,6081.6000,6090.2000,6090.4000,6090.8000,6093.2000,6097.6000,1,1,1,1,1,1,2,1,2,2
SF,IC2103,2020-07-22 09:33:22.200,6088.8000,3163,0,130325720.000,0,-,-,-,-,6085.6000,6085.4000,6083.6000,6082.6000,6081.6000,6090.0000,6090.2000,6090.8000,6093.2000,6095.6000,1,1,1,1,1,1,2,1,2,1
SF,IC2103,2020-07-22 09:33:22.700,6088.8000,3163,0,130325720.000,0,-,-,-,-,6085.6000,6085.4000,6083.6000,6081.6000,6081.4000,6089.8000,6090.0000,6090.8000,6093.2000,6097.4000,1,1,1,1,1,1,1,1,2,1
SF,IC2103,2020-07-22 09:33:23.200,6088.8000,3163,0,130325720.000,0,-,-,-,-,6085.6000,6085.4000,6083.6000,6081.6000,6081.4000,6089.8000,6090.0000,6090.8000,6097.4000,6097.6000,1,1,1,1,1,1,1,1,1,2
SF,IC2103,2020-07-22 09:33:23.700,6088.8000,3163,0,130325720.000,0,-,-,-,-,6085.6000,6085.4000,6083.6000,6081.6000,6081.4000,6089.4000,6089.8000,6090.0000,6090.8000,6095.6000,1,1,1,1,1,2,1,1,1,1
SF,IC2103,2020-07-22 09:33:24.200,6088.8000,3163,0,130325720.000,0,-,-,-,-,6085.6000,6085.4000,6083.6000,6081.6000,6081.4000,6089.2000,6090.0000,6090.8000,6097.0000,6097.6000,1,1,1,1,1,1,1,1,1,2
SF,IC2103,2020-07-22 09:33:24.700,6088.8000,3163,0,130325720.000,0,-,-,-,-,6085.6000,6085.4000,6083.6000,6081.6000,6081.4000,6090.0000,6090.8000,6097.0000,6097.6000,6098.0000,1,1,1,1,1,1,1,1,2,1
SF,IC2103,2020-07-22 09:33:25.200,6088.8000,3163,0,130325720.000,0,-,-,-,-,6085.6000,6085.4000,6083.6000,6081.6000,6081.4000,6089.0000,6090.0000,6097.0000,6097.6000,6098.0000,1,1,1,1,1,1,1,1,2,1
SF,IC2103,2020-07-22 09:33:25.700,6088.8000,3163,0,130325720.000,0,-,-,-,-,6085.6000,6085.4000,6083.6000,6081.6000,6081.4000,6089.8000,6090.0000,6097.0000,6097.6000,6098.0000,1,1,1,1,1,1,1,1,2,1
SF,IC2103,2020-07-22 09:33:26.200,6088.8000,3163,0,130325720.000,0,-,-,-,-,6085.6000,6085.4000,6083.6000,6081.6000,6081.4000,6089.8000,6097.0000,6098.0000,6099.4000,6101.8000,1,1,1,1,1,1,1,1,1,2
SF,IC2103,2020-07-22 09:33:26.700,6088.8000,3163,0,130325720.000,0,-,-,-,-,6085.6000,6085.4000,6083.6000,6081.6000,6081.4000,6089.8000,6097.0000,6098.0000,6099.4000,6101.8000,1,1,1,1,1,1,1,1,1,2
SF,IC2103,2020-07-22 09:33:27.200,6089.8000,3163,0,131543680.000,1,0,1,多换,S,6085.8000,6085.6000,6085.4000,6083.6000,6081.6000,6097.0000,6098.0000,6099.4000,6101.8000,6109.8000,1,1,1,1,1,1,1,1,2,1
SF,IC2103,2020-07-22 09:33:27.700,6089.8000,3163,0,131543680.000,0,-,-,-,-,6086.0000,6085.8000,6085.4000,6083.6000,6081.4000,6092.8000,6096.6000,6096.8000,6097.0000,6098.0000,3,1,1,1,1,1,2,1,1,1
SF,IC2103,2020-07-22 09:33:28.200,6089.8000,3163,0,131543680.000,0,-,-,-,-,6087.0000,6086.0000,6085.8000,6085.4000,6083.6000,6092.8000,6096.6000,6096.8000,6097.0000,6098.0000,1,3,1,1,1,1,2,2,1,1
SF,IC2103,2020-07-22 09:33:28.700,6089.8000,3163,0,131543680.000,0,-,-,-,-,6087.2000,6087.0000,6086.0000,6085.8000,6085.4000,6092.6000,6092.8000,6096.6000,6098.0000,6099.4000,2,1,1,1,1,1,1,2,1,1
SF,IC2103,2020-07-22 09:33:29.200,6089.8000,3163,0,131543680.000,0,-,-,-,-,6087.2000,6087.0000,6086.0000,6085.4000,6083.6000,6090.8000,6092.4000,6092.6000,6096.2000,6096.6000,2,1,1,1,1,1,2,1,1,1
SF,IC2103,2020-07-22 09:33:29.700,6089.8000,3163,0,131543680.000,0,-,-,-,-,6087.2000,6087.0000,6085.4000,6083.6000,6081.4000,6090.8000,6092.4000,6092.6000,6096.6000,6098.0000,1,1,1,1,1,1,1,1,1,1
SF,IC2103,2020-07-22 09:33:30.200,6089.8000,3163,0,131543680.000,0,-,-,-,-,6087.2000,6087.0000,6085.4000,6083.6000,6071.0000,6090.0000,6090.6000,6090.8000,6092.4000,6096.6000,1,1,1,1,1,2,1,1,1,1
SF,IC2103,2020-07-22 09:33:30.700,6089.8000,3163,0,131543680.000,0,-,-,-,-,6087.2000,6085.4000,6071.0000,6060.0000,6051.0000,6090.0000,6090.6000,6092.4000,6096.6000,6097.2000,1,1,1,3,1,2,1,1,1,1
SF,IC2103,2020-07-22 09:33:31.200,6089.8000,3163,0,131543680.000,0,-,-,-,-,6087.2000,6071.0000,6060.0000,6051.0000,6040.2000,6089.8000,6090.0000,6092.4000,6096.6000,6097.2000,1,1,3,1,1,1,2,1,1,1
SF,IC2103,2020-07-22 09:33:31.700,6089.8000,3163,0,131543680.000,0,-,-,-,-,6087.2000,6071.0000,6060.0000,6051.0000,6040.2000,6089.8000,6090.0000,6092.4000,6096.6000,6097.2000,1,1,3,1,1,1,2,1,1,1
SF,IC2103,2020-07-22 09:33:32.200,6089.8000,3163,0,131543680.000,0,-,-,-,-,6087.2000,6071.0000,6060.0000,6051.0000,6040.2000,6089.6000,6089.8000,6090.0000,6096.6000,6097.2000,1,1,3,1,1,1,1,2,1,1
SF,IC2103,2020-07-22 09:33:32.700,6089.8000,3163,0,131543680.000,0,-,-,-,-,6071.0000,6060.0000,6051.0000,6040.2000,6033.0000,6089.2000,6089.6000,6090.0000,6096.6000,6097.2000,1,3,1,1,6,1,1,2,1,1
SF,IC2103,2020-07-22 09:33:33.200,6089.8000,3162,-1,132761640.000,1,0,1,双平,S,6082.6000,6081.2000,6071.2000,6071.0000,6060.0000,6089.0000,6090.0000,6096.6000,6097.2000,6098.0000,1,2,3,1,3,1,2,1,1,1
SF,IC2103,2020-07-22 09:33:33.700,6089.8000,3162,0,132761640.000,0,-,-,-,-,6082.8000,6082.6000,6081.2000,6071.2000,6071.0000,6089.0000,6090.0000,6096.6000,6097.2000,6098.0000,2,1,2,1,1,1,2,1,1,1
SF,IC2103,2020-07-22 09:33:34.200,6089.0000,3161,-1,133979440.000,1,0,1,双平,S,6086.6000,6083.0000,6082.8000,6081.2000,6071.0000,6090.0000,6096.6000,6097.2000,6098.0000,6101.8000,1,1,1,2,1,2,1,1,1,2
SF,IC2103,2020-07-22 09:33:34.700,6090.0000,3161,0,135197440.000,1,0,1,多换,S,6086.6000,6083.0000,6082.8000,6081.2000,6071.0000,6090.0000,6096.6000,6098.0000,6099.4000,6101.8000,1,1,1,2,1,1,1,1,1,2
SF,IC2103,2020-07-22 09:33:35.200,6090.0000,3161,0,136415440.000,1,0,1,多换,S,6086.6000,6083.0000,6082.8000,6081.2000,6071.0000,6096.6000,6098.0000,6099.4000,6101.8000,6109.8000,1,1,1,2,1,1,1,1,2,1
SF,IC2103,2020-07-22 09:33:35.700,6090.0000,3161,0,136415440.000,0,-,-,-,-,6086.8000,6086.6000,6081.2000,6071.0000,6060.0000,6092.6000,6096.2000,6096.6000,6098.0000,6099.4000,3,1,1,1,3,1,1,1,1,1
SF,IC2103,2020-07-22 09:33:36.200,6090.0000,3161,0,136415440.000,0,-,-,-,-,6086.8000,6086.6000,6071.0000,6060.0000,6051.0000,6092.4000,6092.6000,6096.2000,6096.4000,6096.6000,3,1,1,3,1,1,1,1,1,1
SF,IC2103,2020-07-22 09:33:36.700,6090.0000,3161,0,136415440.000,0,-,-,-,-,6086.8000,6086.6000,6071.0000,6060.0000,6051.0000,6092.4000,6096.2000,6096.6000,6098.0000,6099.4000,3,1,1,3,1,2,1,1,1,1
SF,IC2103,2020-07-22 09:33:37.200,6090.0000,3161,0,136415440.000,0,-,-,-,-,6086.8000,6086.6000,6080.4000,6071.0000,6060.0000,6091.8000,6092.2000,6092.4000,6096.2000,6096.6000,3,1,1,1,3,1,1,1,1,1
SF,IC2103,2020-07-22 09:33:37.700,6090.0000,3161,0,136415440.000,0,-,-,-,-,6086.8000,6080.4000,6071.0000,6060.0000,6051.0000,6091.6000,6091.8000,6092.2000,6096.2000,6096.6000,3,1,1,3,1,1,1,2,1,1
SF,IC2103,2020-07-22 09:33:38.200,6090.0000,3161,0,136415440.000,0,-,-,-,-,6086.8000,6080.4000,6071.0000,6060.0000,6051.0000,6091.6000,6091.8000,6092.2000,6096.2000,6096.6000,2,1,1,3,1,2,1,1,1,1
SF,IC2103,2020-07-22 09:33:38.700,6090.0000,3161,0,136415440.000,0,-,-,-,-,6086.8000,6080.4000,6071.0000,6060.0000,6051.0000,6090.8000,6091.6000,6092.2000,6096.2000,6096.6000,2,1,1,3,1,1,2,1,1,1
SF,IC2103,2020-07-22 09:33:39.200,6086.8000,3160,-1,138850160.000,2,0,2,多平,S,6080.4000,6071.0000,6060.0000,6051.0000,6040.2000,6090.6000,6090.8000,6091.4000,6091.6000,6092.2000,1,1,3,1,1,1,1,1,1,1
SF,IC2103,2020-07-22 09:33:39.700,6087.8000,3160,0,140067720.000,1,0,1,多换,S,6081.2000,6080.8000,6080.6000,6080.4000,6071.0000,6090.4000,6090.6000,6092.2000,6095.8000,6098.0000,2,1,1,1,1,3,2,1,1,1
SF,IC2103,2020-07-22 09:33:40.200,6087.8000,3160,0,140067720.000,0,-,-,-,-,6081.4000,6081.2000,6080.8000,6071.0000,6060.0000,6090.4000,6090.6000,6092.2000,6094.0000,6098.0000,1,2,1,1,3,3,1,1,1,1
SF,IC2103,2020-07-22 09:33:40.700,6087.8000,3160,0,140067720.000,0,-,-,-,-,6085.2000,6081.6000,6081.4000,6071.0000,6060.0000,6090.0000,6090.2000,6090.4000,6092.2000,6094.0000,1,2,1,1,3,1,2,3,1,1
SF,IC2103,2020-07-22 09:33:41.200,6085.2000,3160,0,141284760.000,1,0,1,多换,S,6081.6000,6080.0000,6071.0000,6060.0000,6051.0000,6089.6000,6089.8000,6090.0000,6090.2000,6092.2000,1,1,1,3,1,1,1,1,1,1
SF,IC2103,2020-07-22 09:33:41.700,6085.2000,3160,0,141284760.000,0,-,-,-,-,6081.8000,6080.0000,6075.0000,6071.0000,6060.0000,6089.4000,6089.6000,6089.8000,6094.0000,6098.0000,2,1,1,1,3,2,1,2,1,1
SF,IC2103,2020-07-22 09:33:42.200,6085.2000,3160,0,141284760.000,0,-,-,-,-,6081.8000,6080.0000,6075.0000,6071.0000,6060.0000,6087.8000,6089.0000,6089.2000,6089.4000,6089.8000,2,1,1,1,3,1,1,1,2,1
SF,IC2103,2020-07-22 09:33:42.700,6085.2000,3160,0,141284760.000,0,-,-,-,-,6082.4000,6081.8000,6080.0000,6075.0000,6071.0000,6087.6000,6089.4000,6089.8000,6095.4000,6098.0000,1,1,1,1,1,2,1,1,1,1
SF,IC2103,2020-07-22 09:33:43.200,6085.2000,3160,0,141284760.000,0,-,-,-,-,6082.6000,6082.4000,6080.0000,6075.0000,6071.0000,6087.6000,6089.4000,6089.8000,6093.6000,6098.0000,1,1,1,1,1,2,1,1,1,1
SF,IC2103,2020-07-22 09:33:43.700,6085.2000,3160,0,141284760.000,0,-,-,-,-,6083.8000,6083.0000,6082.6000,6082.4000,6080.0000,6087.6000,6089.4000,6089.8000,6096.4000,6098.0000,1,1,1,1,1,1,1,1,1,1
SF,IC2103,2020-07-22 09:33:44.200,6085.2000,3160,0,141284760.000,0,-,-,-,-,6084.0000,6083.8000,6083.0000,6082.4000,6080.0000,6087.4000,6089.8000,6098.0000,6109.8000,6110.0000,1,1,1,1,1,1,1,1,1,1
SF,IC2103,2020-07-22 09:33:44.700,6087.4000,3159,-1,142502240.000,1,0,1,双平,S,6084.0000,6083.0000,6080.0000,6075.0000,6071.0000,6087.4000,6098.0000,6109.8000,6110.0000,6127.6000,2,1,1,1,1,1,1,1,1,1
SF,IC2103,2020-07-22 09:33:45.200,6087.4000,3159,0,142502240.000,0,-,-,-,-,6084.0000,6083.0000,6080.0000,6075.0000,6071.0000,6087.4000,6098.0000,6109.8000,6110.0000,6127.6000,1,1,1,1,1,1,1,1,1,1
SF,IC2103,2020-07-22 09:33:45.700,6087.4000,3159,0,143719720.000,1,0,1,多换,S,6083.0000,6080.0000,6075.0000,6071.0000,6060.0000,6098.0000,6109.8000,6110.0000,6127.6000,6128.0000,1,1,1,1,3,1,1,1,1,1
SF,IC2103,2020-07-22 09:33:46.200,6087.4000,3159,0,143719720.000,0,-,-,-,-,6084.4000,6083.2000,6083.0000,6080.0000,6075.0000,6087.2000,6091.0000,6097.6000,6097.8000,6098.0000,1,1,1,1,1,1,1,1,1,1
SF,IC2103,2020-07-22 09:33:46.700,6087.4000,3159,0,143719720.000,0,-,-,-,-,6084.6000,6083.0000,6080.0000,6075.0000,6071.0000,6087.2000,6097.6000,6097.8000,6098.0000,6109.8000,1,1,1,1,1,1,1,1,1,1
SF,IC2103,2020-07-22 09:33:47.200,6084.6000,3158,-1,144936640.000,1,0,1,双平,S,6083.0000,6080.0000,6075.0000,6071.0000,6060.0000,6087.0000,6093.6000,6097.6000,6097.8000,6098.0000,1,1,1,1,3,1,1,1,1,1
SF,IC2103,2020-07-22 09:33:47.700,6084.6000,3158,0,144936640.000,0,-,-,-,-,6083.2000,6083.0000,6080.0000,6075.0000,6071.0000,6087.0000,6093.6000,6097.6000,6097.8000,6098.0000,1,1,1,1,1,2,1,1,1,1
SF,IC2103,2020-07-22 09:33:48.200,6084.6000,3158,0,144936640.000,0,-,-,-,-,6083.2000,6083.0000,6080.0000,6075.0000,6071.0000,6087.0000,6093.6000,6097.6000,6097.8000,6098.0000,1,1,1,1,1,2,1,1,1,1
SF,IC2103,2020-07-22 09:33:48.700,6087.0000,3158,0,146154040.000,1,0,1,多换,S,6083.2000,6083.0000,6080.0000,6077.8000,6075.0000,6093.6000,6095.6000,6097.6000,6097.8000,6098.0000,1,1,1,1,1,1,1,1,1,1
SF,IC2103,2020-07-22 09:33:49.200,6087.0000,3158,0,146154040.000,0,-,-,-,-,6083.4000,6083.2000,6083.0000,6080.0000,6077.8000,6090.4000,6093.2000,6093.4000,6093.6000,6095.6000,2,1,1,1,1,1,1,2,1,1
SF,IC2103,2020-07-22 09:33:49.700,6087.0000,3158,0,146154040.000,0,-,-,-,-,6083.6000,6083.4000,6083.0000,6080.0000,6077.8000,6090.0000,6090.2000,6095.2000,6095.6000,6098.0000,1,2,1,1,1,1,1,1,1,1
SF,IC2103,2020-07-22 09:33:50.200,6087.0000,3158,0,146154040.000,0,-,-,-,-,6083.6000,6083.4000,6083.0000,6080.0000,6077.8000,6089.8000,6090.0000,6095.2000,6095.6000,6098.0000,1,1,1,1,1,2,1,1,1,1
SF,IC2103,2020-07-22 09:33:50.700,6087.0000,3158,0,146154040.000,0,-,-,-,-,6084.8000,6083.8000,6083.6000,6083.4000,6083.0000,6089.8000,6095.2000,6095.6000,6098.0000,6098.8000,1,1,1,1,1,1,1,1,1,2
SF,IC2103,2020-07-22 09:33:51.200,6087.0000,3158,0,146154040.000,0,-,-,-,-,6085.0000,6084.8000,6084.4000,6083.8000,6083.4000,6089.8000,6095.2000,6095.6000,6098.0000,6098.8000,2,1,1,1,1,1,1,1,1,2
SF,IC2103,2020-07-22 09:33:51.700,6089.8000,3158,0,147372000.000,1,0,1,多换,S,6085.6000,6085.2000,6085.0000,6083.4000,6083.0000,6095.6000,6096.6000,6098.0000,6098.8000,6109.8000,1,1,3,1,1,1,1,1,2,1
SF,IC2103,2020-07-22 09:33:52.200,6089.8000,3158,0,147372000.000,0,-,-,-,-,6087.8000,6085.8000,6085.6000,6085.0000,6083.0000,6095.2000,6095.6000,6098.0000,6098.8000,6109.8000,1,5,1,2,1,2,1,2,2,1
SF,IC2103,2020-07-22 09:33:52.700,6089.8000,3158,0,147372000.000,0,-,-,-,-,6088.0000,6087.8000,6086.2000,6085.8000,6085.6000,6095.2000,6098.0000,6098.8000,6109.8000,6110.0000,2,1,1,4,1,2,2,2,1,1
SF,IC2103,2020-07-22 09:33:53.200,6089.8000,3158,0,147372000.000,0,-,-,-,-,6088.2000,6088.0000,6086.2000,6085.8000,6085.0000,6095.0000,6095.2000,6098.0000,6099.2000,6109.8000,1,3,1,2,1,1,2,1,1,1
SF,IC2103,2020-07-22 09:33:53.700,6089.8000,3158,0,147372000.000,0,-,-,-,-,6088.4000,6088.2000,6086.2000,6085.8000,6085.0000,6094.8000,6095.0000,6098.0000,6099.2000,6102.4000,3,1,1,2,1,1,1,1,1,1
SF,IC2103,2020-07-22 09:33:54.200,6089.8000,3158,0,147372000.000,0,-,-,-,-,6088.8000,6088.4000,6088.2000,6086.2000,6085.8000,6094.6000,6098.0000,6099.2000,6102.4000,6109.8000,1,4,1,1,2,1,1,1,1,1
SF,IC2103,2020-07-22 09:33:54.700,6089.8000,3158,0,147372000.000,0,-,-,-,-,6089.0000,6088.8000,6088.2000,6086.2000,6085.8000,6094.6000,6098.0000,6099.2000,6102.4000,6109.8000,2,1,1,1,2,2,1,1,1,1
SF,IC2103,2020-07-22 09:33:55.700,6089.8000,3158,0,147372000.000,0,-,-,-,-,6089.0000,6088.2000,6086.2000,6085.8000,6085.0000,6094.6000,6098.0000,6099.2000,6102.4000,6109.8000,2,1,1,2,1,2,1,1,1,1
SF,IC2103,2020-07-22 09:33:56.700,6089.8000,3158,0,147372000.000,0,-,-,-,-,6089.2000,6089.0000,6088.2000,6086.2000,6085.8000,6094.4000,6094.6000,6098.0000,6099.2000,6102.4000,1,2,1,1,2,1,2,1,1,1
SF,IC2103,2020-07-22 09:33:57.200,6089.8000,3158,0,147372000.000,0,-,-,-,-,6089.4000,6086.2000,6085.8000,6085.0000,6080.0000,6094.4000,6094.6000,6098.0000,6099.2000,6102.4000,2,1,2,1,1,1,1,1,1,1
SF,IC2103,2020-07-22 09:33:57.700,6094.2000,3158,0,148590840.000,1,0,1,多换,S,6089.4000,6086.2000,6085.8000,6085.0000,6080.0000,6094.2000,6094.4000,6094.6000,6098.0000,6099.2000,2,1,2,1,1,1,1,1,1,1
SF,IC2103,2020-07-22 09:33:58.200,6094.2000,3158,0,148590840.000,0,-,-,-,-,6089.4000,6086.2000,6085.0000,6080.0000,6075.0000,6093.8000,6094.2000,6094.6000,6096.6000,6098.0000,1,1,1,1,1,1,1,1,1,1
SF,IC2103,2020-07-22 09:33:58.700,6094.2000,3158,0,148590840.000,0,-,-,-,-,6089.4000,6086.2000,6085.0000,6080.0000,6075.0000,6093.0000,6093.6000,6093.8000,6094.0000,6094.6000,1,1,1,1,1,1,1,1,1,1
SF,IC2103,2020-07-22 09:33:59.200,6089.4000,3158,0,149808720.000,1,0,1,多换,S,6086.2000,6085.0000,6080.0000,6075.0000,6071.0000,6092.6000,6093.0000,6093.6000,6094.6000,6096.6000,1,1,1,1,1,1,1,1,1,1
SF,IC2103,2020-07-22 09:33:59.700,6089.4000,3158,0,149808720.000,0,-,-,-,-,6086.4000,6086.2000,6085.0000,6080.0000,6075.0000,6089.4000,6092.4000,6092.6000,6092.8000,6094.6000,1,1,1,1,1,1,1,1,1,2
SF,IC2103,2020-07-22 09:34:00.200,6089.4000,3158,0,149808720.000,0,-,-,-,-,6086.4000,6085.0000,6080.0000,6075.0000,6071.0000,6089.2000,6089.4000,6092.4000,6092.6000,6094.6000,1,1,1,1,1,1,1,2,1,1
SF,IC2103,2020-07-22 09:34:00.700,6089.4000,3158,0,149808720.000,0,-,-,-,-,6086.4000,6085.0000,6080.0000,6075.0000,6071.0000,6089.2000,6089.4000,6092.4000,6092.6000,6094.6000,1,1,1,1,1,2,1,1,1,1
SF,IC2103,2020-07-22 09:34:01.700,6089.4000,3158,0,149808720.000,0,-,-,-,-,6086.6000,6086.4000,6085.0000,6080.0000,6075.0000,6089.2000,6089.4000,6092.4000,6092.6000,6094.6000,2,1,1,1,1,2,1,1,1,1
SF,IC2103,2020-07-22 09:34:02.200,6089.2000,3157,-1,152244400.000,2,0,2,多平,S,6088.2000,6086.6000,6085.0000,6080.0000,6075.0000,6089.4000,6092.4000,6092.6000,6094.6000,6098.0000,1,2,1,1,1,1,1,1,1,1
SF,IC2103,2020-07-22 09:34:02.700,6089.4000,3157,0,153462280.000,1,0,1,多换,S,6088.2000,6086.8000,6086.6000,6085.0000,6080.0000,6092.4000,6092.6000,6094.6000,6098.0000,6102.4000,1,1,1,1,1,1,1,1,1,1
SF,IC2103,2020-07-22 09:34:03.200,6089.4000,3157,0,153462280.000,0,-,-,-,-,6088.4000,6088.2000,6086.6000,6085.0000,6080.0000,6092.4000,6094.6000,6098.0000,6102.4000,6109.8000,2,1,1,1,1,1,1,1,1,1
SF,IC2103,2020-07-22 09:34:03.700,6089.4000,3157,0,153462280.000,0,-,-,-,-,6093.8000,6090.4000,6088.4000,6086.6000,6085.0000,6094.6000,6098.0000,6102.4000,6109.8000,6110.0000,1,2,2,1,1,1,1,1,1,1
SF,IC2103,2020-07-22 09:34:04.200,6093.6000,3157,0,154681000.000,1,0,1,多换,S,6088.4000,6086.6000,6085.0000,6080.0000,6075.0000,6094.6000,6098.0000,6102.4000,6109.8000,6110.0000,2,1,1,1,1,1,1,1,1,1
SF,IC2103,2020-07-22 09:34:04.700,6093.6000,3157,0,154681000.000,0,-,-,-,-,6091.0000,6090.4000,6089.2000,6088.6000,6088.4000,6094.4000,6094.6000,6098.0000,6102.4000,6109.8000,1,2,1,1,1,1,1,1,1,1
SF,IC2103,2020-07-22 09:34:05.200,6093.6000,3157,0,154681000.000,0,-,-,-,-,6091.2000,6091.0000,6090.4000,6089.2000,6088.6000,6094.6000,6098.0000,6102.4000,6109.8000,6110.0000,1,1,2,1,2,1,1,1,1,1
SF,IC2103,2020-07-22 09:34:05.700,6093.6000,3157,0,154681000.000,0,-,-,-,-,6091.4000,6091.2000,6090.4000,6089.2000,6088.6000,6094.6000,6098.0000,6102.4000,6109.8000,6110.0000,1,2,2,1,1,1,1,1,1,1
SF,IC2103,2020-07-22 09:34:06.200,6094.6000,3156,-1,155899920.000,1,0,1,双平,S,6092.2000,6091.6000,6091.4000,6091.2000,6090.4000,6098.0000,6102.4000,6109.8000,6110.0000,6127.6000,1,1,1,1,2,1,1,1,1,1
SF,IC2103,2020-07-22 09:34:06.700,6094.6000,3156,0,155899920.000,0,-,-,-,-,6092.4000,6092.2000,6091.6000,6091.4000,6090.4000,6097.8000,6098.0000,6102.4000,6109.8000,6110.0000,2,2,1,1,2,1,1,1,1,1
SF,IC2103,2020-07-22 09:34:07.200,6094.6000,3156,0,155899920.000,0,-,-,-,-,6092.4000,6092.2000,6091.4000,6090.4000,6089.2000,6097.8000,6098.0000,6102.4000,6109.8000,6110.0000,3,1,1,2,1,1,1,1,1,1
SF,IC2103,2020-07-22 09:34:07.700,6098.0000,3155,-1,158339080.000,2,0,2,多平,S,6095.0000,6094.0000,6093.2000,6092.6000,6092.4000,6102.4000,6109.8000,6110.0000,6127.6000,6128.0000,2,1,1,1,3,1,1,1,1,1
SF,IC2103,2020-07-22 09:34:08.200,6098.0000,3155,0,158339080.000,0,-,-,-,-,6095.2000,6095.0000,6093.2000,6092.6000,6092.4000,6101.0000,6102.0000,6102.4000,6109.8000,6110.0000,3,2,1,1,1,1,1,1,1,1
SF,IC2103,2020-07-22 09:34:08.700,6098.0000,3155,0,158339080.000,0,-,-,-,-,6095.2000,6095.0000,6092.4000,6091.4000,6089.2000,6100.8000,6101.0000,6104.8000,6109.8000,6110.0000,4,2,1,1,1,2,1,1,1,1
SF,IC2103,2020-07-22 09:34:09.200,6098.0000,3155,0,158339080.000,0,-,-,-,-,6095.4000,6095.2000,6095.0000,6092.4000,6091.4000,6100.8000,6104.8000,6109.8000,6110.0000,6127.6000,1,3,2,1,1,1,1,1,1,1
SF,IC2103,2020-07-22 09:34:09.700,6098.0000,3155,0,158339080.000,0,-,-,-,-,6095.6000,6095.4000,6095.2000,6095.0000,6092.4000,6100.8000,6104.8000,6106.6000,6109.8000,6110.0000,2,1,1,2,1,1,1,1,1,1
SF,IC2103,2020-07-22 09:34:10.200,6098.0000,3155,0,158339080.000,0,-,-,-,-,6095.6000,6095.2000,6095.0000,6092.4000,6091.4000,6100.2000,6100.8000,6104.8000,6106.6000,6109.8000,2,1,2,1,1,1,1,1,1,1
SF,IC2103,2020-07-22 09:34:10.700,6098.0000,3155,0,158339080.000,0,-,-,-,-,6095.2000,6092.4000,6091.4000,6089.2000,6085.0000,6100.0000,6100.2000,6100.6000,6102.8000,6106.6000,1,1,1,1,2,3,1,1,1,1
SF,IC2103,2020-07-22 09:34:11.200,6095.2000,3154,-1,159558120.000,1,0,1,双平,S,6092.4000,6089.2000,6085.0000,6080.0000,6075.0000,6100.0000,6102.8000,6106.6000,6109.8000,6110.0000,1,1,2,1,1,3,1,1,1,1
SF,IC2103,2020-07-22 09:34:11.700,6095.2000,3154,0,159558120.000,0,-,-,-,-,6092.6000,6092.4000,6089.2000,6085.0000,6080.0000,6099.2000,6099.8000,6100.0000,6102.8000,6106.6000,1,1,1,2,1,1,1,2,1,1
SF,IC2103,2020-07-22 09:34:12.200,6095.2000,3154,0,159558120.000,0,-,-,-,-,6092.6000,6092.4000,6089.2000,6085.0000,6080.0000,6098.8000,6099.0000,6099.2000,6099.8000,6102.8000,1,1,1,2,1,1,2,1,1,1
SF,IC2103,2020-07-22 09:34:12.700,6095.2000,3154,0,159558120.000,0,-,-,-,-,6092.8000,6092.6000,6092.4000,6089.2000,6085.0000,6098.6000,6098.8000,6099.8000,6102.8000,6106.6000,1,1,1,1,2,2,1,1,1,1
SF,IC2103,2020-07-22 09:34:13.200,6095.2000,3154,0,159558120.000,0,-,-,-,-,6093.0000,6092.8000,6092.4000,6089.2000,6085.0000,6099.8000,6102.8000,6106.6000,6109.8000,6110.0000,2,1,1,1,2,1,1,1,1,1
SF,IC2103,2020-07-22 09:34:13.700,6095.2000,3154,0,159558120.000,0,-,-,-,-,6095.0000,6094.8000,6093.2000,6093.0000,6092.4000,6104.2000,6106.6000,6109.8000,6110.0000,6127.6000,2,1,1,2,1,1,1,1,1,1
SF,IC2103,2020-07-22 09:34:14.200,6095.2000,3154,0,159558120.000,0,-,-,-,-,6095.2000,6095.0000,6094.4000,6093.2000,6092.4000,6102.2000,6103.8000,6105.6000,6106.6000,6109.8000,3,2,1,2,1,1,1,1,1,1
SF,IC2103,2020-07-22 09:34:14.700,6095.2000,3154,0,159558120.000,0,-,-,-,-,6095.6000,6095.2000,6095.0000,6093.2000,6092.4000,6101.8000,6102.0000,6106.6000,6106.8000,6109.8000,1,4,2,1,1,1,1,1,1,1
SF,IC2103,2020-07-22 09:34:15.200,6095.2000,3154,0,159558120.000,0,-,-,-,-,6096.2000,6095.8000,6095.6000,6095.4000,6095.0000,6106.6000,6106.8000,6109.8000,6110.0000,6127.6000,1,2,1,1,2,1,1,1,1,1
SF,IC2103,2020-07-22 09:34:15.700,6095.2000,3154,0,159558120.000,0,-,-,-,-,6097.0000,6096.4000,6096.2000,6095.8000,6095.0000,6103.6000,6106.2000,6106.6000,6106.8000,6109.8000,1,4,1,1,2,1,1,1,1,1
SF,IC2103,2020-07-22 09:34:16.200,6095.2000,3154,0,159558120.000,0,-,-,-,-,6097.2000,6097.0000,6096.4000,6095.8000,6095.0000,6103.4000,6103.6000,6106.6000,6107.8000,6109.8000,3,1,2,1,2,1,1,1,1,1
SF,IC2103,2020-07-22 09:34:16.700,6095.2000,3154,0,159558120.000,0,-,-,-,-,6097.2000,6097.0000,6096.4000,6095.0000,6092.4000,6102.4000,6103.2000,6106.6000,6107.8000,6109.8000,3,1,2,2,1,1,1,1,1,1
SF,IC2103,2020-07-22 09:34:17.200,6095.2000,3154,0,159558120.000,0,-,-,-,-,6098.2000,6098.0000,6097.2000,6096.4000,6095.0000,6102.2000,6103.0000,6103.2000,6106.6000,6107.8000,1,1,3,1,2,1,1,1,1,1
SF,IC2103,2020-07-22 09:34:17.700,6095.2000,3154,0,159558120.000,0,-,-,-,-,6098.4000,6096.4000,6095.0000,6089.2000,6085.0000,6102.2000,6103.0000,6106.0000,6106.6000,6109.8000,2,1,2,1,2,2,1,1,1,1
