市场代码,合约代码,时间,最新,持仓,增仓,成交额,成交量,开仓,平仓,成交类型,方向,买一价,买二价,买三价,买四价,买五价,卖一价,卖二价,卖三价,卖四价,卖五价,买一量,买二量,买三量,买四量,买五量,卖一量,卖二量,卖三量,卖四量,卖五量
SF,IC2103,2020-09-21 09:29:00.300,6073.4000,35282,0,26722960.000,22.000,-,-,-,-,6073.4000,6070.8000,6070.0000,6068.0000,6066.6000,6074.0000,6080.0000,6087.0000,6087.6000,6088.0000,4,2,11,2,2,1,1,2,11,2
SF,IC2103,2020-09-21 09:30:00.300,6074.4000,35284,2,55898480.000,24,13,11,空开,S,6080.6000,6077.0000,6076.4000,6076.0000,6075.6000,6087.6000,6088.0000,6088.2000,6088.8000,6089.4000,4,3,1,3,1,9,2,2,1,2
SF,IC2103,2020-09-21 09:30:00.800,6080.6000,35280,-4,63195320.000,6,1,5,多平,S,6080.8000,6080.6000,6078.2000,6077.6000,6077.0000,6081.2000,6083.2000,6084.0000,6084.2000,6085.8000,1,2,3,1,3,1,1,1,1,1
SF,IC2103,2020-09-21 09:30:01.300,6086.0000,35276,-4,75359240.000,10,3,7,多平,S,6078.2000,6077.0000,6076.6000,6076.0000,6075.4000,6087.0000,6087.4000,6087.6000,6088.0000,6088.2000,3,3,1,3,1,3,1,9,2,2
SF,IC2103,2020-09-21 09:30:01.800,6078.4000,35275,-1,80222080.000,4,1,3,多平,S,6077.0000,6076.6000,6075.4000,6075.2000,6074.8000,6086.6000,6087.0000,6087.4000,6087.6000,6088.0000,3,1,1,1,1,1,3,1,9,2
SF,IC2103,2020-09-21 09:30:02.300,6085.8000,35275,0,83872600.000,3,1,2,多换,S,6078.2000,6077.4000,6077.0000,6076.8000,6076.6000,6086.2000,6086.4000,6086.6000,6087.0000,6087.4000,1,1,3,1,1,1,5,1,3,1
SF,IC2103,2020-09-21 09:30:02.800,6082.2000,35274,-1,85089040.000,1,0,1,双平,S,6081.6000,6081.2000,6080.4000,6080.0000,6079.2000,6083.8000,6085.4000,6085.8000,6086.0000,6086.2000,1,3,1,3,1,1,1,1,2,1
SF,IC2103,2020-09-21 09:30:03.300,6081.6000,35270,-4,94821480.000,8,2,6,多平,S,6081.2000,6077.4000,6077.0000,6076.6000,6075.2000,6085.4000,6085.8000,6086.0000,6086.2000,6086.6000,3,1,3,1,1,1,1,1,1,1
SF,IC2103,2020-09-21 09:30:03.800,6081.6000,35263,-7,106991440.000,10,1,9,多平,S,6081.4000,6081.2000,6077.4000,6077.0000,6076.6000,6085.0000,6086.0000,6086.2000,6087.0000,6087.6000,2,2,1,3,1,1,1,1,1,9
SF,IC2103,2020-09-21 09:30:04.300,6086.2000,35262,-1,111859880.000,4,1,3,多平,S,6086.6000,6086.2000,6081.6000,6081.2000,6077.4000,6087.0000,6087.6000,6088.0000,6088.2000,6088.8000,2,3,2,3,1,1,9,2,2,1
SF,IC2103,2020-09-21 09:30:04.800,6081.6000,35260,-2,120379840.000,7,2,5,多平,S,6081.2000,6077.4000,6077.0000,6076.6000,6075.2000,6087.0000,6087.6000,6088.0000,6088.2000,6088.8000,3,1,3,1,1,1,9,4,2,1
SF,IC2103,2020-09-21 09:30:05.300,6087.0000,35260,0,121597240.000,1,0,1,多换,S,6085.4000,6081.6000,6081.4000,6081.2000,6077.4000,6087.6000,6088.0000,6088.2000,6088.8000,6089.4000,2,1,3,3,1,9,4,2,1,2
SF,IC2103,2020-09-21 09:30:05.800,6085.4000,35260,0,124031400.000,2,1,1,多换,S,6087.0000,6085.6000,6081.6000,6081.4000,6081.2000,6087.2000,6087.6000,6088.0000,6088.2000,6088.8000,2,1,1,1,3,1,10,4,2,1
SF,IC2103,2020-09-21 09:30:06.300,6085.6000,35259,-1,127683320.000,3,1,2,多平,S,6081.6000,6081.2000,6077.4000,6076.6000,6074.0000,6085.4000,6086.4000,6087.0000,6087.2000,6087.6000,1,3,1,1,21,5,1,1,1,10
SF,IC2103,2020-09-21 09:30:06.800,6085.6000,35260,1,132551800.000,4,2,2,空开,S,6081.8000,6081.6000,6081.2000,6077.4000,6076.6000,6085.4000,6087.0000,6087.2000,6087.6000,6088.0000,1,1,3,1,1,5,1,1,10,4
SF,IC2103,2020-09-21 09:30:07.300,6085.6000,35260,0,133768920.000,1,0,1,多换,S,6082.0000,6081.8000,6081.6000,6081.2000,6077.4000,6085.4000,6087.0000,6087.2000,6087.6000,6088.0000,1,1,1,3,1,4,1,1,10,4
SF,IC2103,2020-09-21 09:30:07.800,6085.4000,35260,0,136203080.000,2,1,1,多换,S,6082.2000,6082.0000,6081.6000,6081.2000,6077.4000,6085.4000,6087.0000,6087.2000,6087.4000,6087.6000,1,3,1,3,2,4,1,1,1,10
SF,IC2103,2020-09-21 09:30:08.300,6085.4000,35260,0,136203080.000,0,-,-,-,-,6082.2000,6082.0000,6081.6000,6081.2000,6077.4000,6085.0000,6085.4000,6087.0000,6087.2000,6087.4000,1,2,1,3,2,1,4,1,1,1
SF,IC2103,2020-09-21 09:30:08.800,6082.0000,35259,-1,138635920.000,2,0,2,多平,S,6082.0000,6081.6000,6081.2000,6077.4000,6076.6000,6084.8000,6085.0000,6085.4000,6087.0000,6087.6000,1,1,3,2,1,2,3,3,1,10
SF,IC2103,2020-09-21 09:30:09.300,6082.0000,35259,0,139852320.000,1,0,1,多换,S,6081.2000,6077.4000,6076.6000,6074.0000,6073.6000,6084.4000,6084.8000,6085.0000,6085.4000,6087.0000,2,2,1,19,1,1,3,2,3,1
SF,IC2103,2020-09-21 09:30:09.800,6082.0000,35259,0,139852320.000,0,-,-,-,-,6081.2000,6077.4000,6076.6000,6074.0000,6073.6000,6084.2000,6084.4000,6084.8000,6085.0000,6085.4000,2,2,1,19,1,1,1,1,1,3
SF,IC2103,2020-09-21 09:30:10.300,6084.0000,35258,-1,142285840.000,2,0,2,多平,S,6081.4000,6081.2000,6077.4000,6076.6000,6074.0000,6084.0000,6084.2000,6084.8000,6085.0000,6085.4000,1,2,1,1,18,2,2,1,1,3
SF,IC2103,2020-09-21 09:30:10.800,6084.0000,35259,1,148369840.000,5,3,2,空开,S,6081.6000,6081.4000,6081.2000,6080.0000,6077.4000,6084.8000,6085.0000,6085.4000,6087.6000,6088.0000,3,1,2,2,1,1,1,3,9,6
SF,IC2103,2020-09-21 09:30:11.300,6082.0000,35258,-1,149586240.000,1,0,1,双平,S,6081.6000,6081.4000,6081.2000,6080.0000,6077.4000,6084.8000,6085.0000,6085.4000,6087.6000,6088.0000,2,1,2,2,1,1,1,3,9,6
SF,IC2103,2020-09-21 09:30:11.800,6081.6000,35258,0,150802560.000,1,0,1,多换,S,6081.6000,6081.4000,6081.2000,6080.0000,6077.4000,6084.0000,6084.4000,6084.6000,6084.8000,6085.0000,1,1,2,2,1,1,1,1,2,1
SF,IC2103,2020-09-21 09:30:12.300,6081.6000,35258,0,150802560.000,0,-,-,-,-,6081.8000,6081.6000,6081.4000,6081.2000,6080.0000,6083.6000,6084.0000,6084.4000,6084.6000,6084.8000,1,1,1,2,2,1,1,1,1,3
SF,IC2103,2020-09-21 09:30:12.800,6081.6000,35258,0,150802560.000,0,-,-,-,-,6081.4000,6081.2000,6080.0000,6077.4000,6076.6000,6083.6000,6084.0000,6084.4000,6084.6000,6084.8000,1,2,2,1,1,1,4,1,1,3
SF,IC2103,2020-09-21 09:30:13.300,6081.4000,35258,0,152018840.000,1,0,1,多换,S,6081.2000,6080.0000,6077.4000,6076.6000,6074.0000,6083.6000,6084.0000,6084.6000,6084.8000,6085.4000,2,2,1,1,18,1,3,1,2,3
SF,IC2103,2020-09-21 09:30:13.800,6081.4000,35258,0,152018840.000,0,-,-,-,-,6082.4000,6082.2000,6081.2000,6080.0000,6077.4000,6083.6000,6084.0000,6084.6000,6084.8000,6085.4000,5,1,2,2,1,1,4,1,2,3
SF,IC2103,2020-09-21 09:30:14.300,6081.4000,35258,0,152018840.000,0,-,-,-,-,6082.4000,6082.2000,6081.2000,6080.0000,6077.4000,6083.6000,6084.0000,6084.8000,6085.4000,6087.6000,5,1,2,2,1,1,4,2,3,9
SF,IC2103,2020-09-21 09:30:14.800,6083.6000,35257,-1,153235560.000,1,0,1,双平,S,6082.6000,6082.4000,6082.2000,6081.2000,6080.0000,6084.0000,6084.8000,6085.4000,6087.6000,6088.0000,3,5,1,2,2,4,2,3,9,4
SF,IC2103,2020-09-21 09:30:15.300,6084.0000,35253,-4,158102760.000,4,0,4,双平,S,6082.8000,6082.6000,6082.4000,6081.2000,6080.0000,6084.8000,6085.4000,6087.6000,6088.0000,6088.2000,1,3,5,2,2,2,3,9,4,2
SF,IC2103,2020-09-21 09:30:15.800,6084.0000,35253,0,158102760.000,0,-,-,-,-,6083.6000,6083.0000,6082.8000,6082.6000,6082.4000,6084.8000,6085.4000,6087.6000,6088.0000,6088.2000,1,1,3,2,5,2,3,9,4,2
SF,IC2103,2020-09-21 09:30:16.300,6084.0000,35253,0,158102760.000,0,-,-,-,-,6083.6000,6083.0000,6082.8000,6082.6000,6082.4000,6084.8000,6085.4000,6087.6000,6088.0000,6088.2000,1,2,2,2,5,2,3,9,4,2
SF,IC2103,2020-09-21 09:30:16.800,6083.6000,35252,-1,160536200.000,2,0,2,多平,S,6083.0000,6082.8000,6082.6000,6082.4000,6081.2000,6084.2000,6084.4000,6084.8000,6085.4000,6087.6000,1,2,2,5,2,1,1,3,3,9
SF,IC2103,2020-09-21 09:30:17.300,6082.8000,35252,0,161752760.000,1,0,1,多换,S,6082.8000,6082.6000,6082.4000,6081.2000,6080.4000,6083.6000,6084.8000,6085.4000,6087.6000,6088.0000,1,2,5,2,5,1,2,3,9,5
SF,IC2103,2020-09-21 09:30:17.800,6084.8000,35252,0,164186440.000,2,1,1,多换,S,6084.0000,6082.8000,6082.6000,6082.4000,6081.2000,6084.8000,6085.4000,6087.6000,6088.0000,6088.2000,2,1,2,5,2,1,3,9,5,2
SF,IC2103,2020-09-21 09:30:18.300,6082.8000,35252,0,166619960.000,2,1,1,多换,S,6082.6000,6082.4000,6081.2000,6080.4000,6080.0000,6083.6000,6085.4000,6087.6000,6088.0000,6088.2000,2,5,2,5,2,2,3,9,5,2
SF,IC2103,2020-09-21 09:30:18.800,6083.6000,35250,-2,169053400.000,2,0,2,双平,S,6082.8000,6082.6000,6082.4000,6081.2000,6080.4000,6085.4000,6087.6000,6088.0000,6088.2000,6088.8000,1,2,5,2,5,3,9,5,2,1
SF,IC2103,2020-09-21 09:30:19.300,6083.0000,35249,-1,170270000.000,1,0,1,双平,S,6082.8000,6082.6000,6082.4000,6081.2000,6080.4000,6084.0000,6085.4000,6087.6000,6088.0000,6088.2000,1,2,5,2,5,1,3,9,5,2
SF,IC2103,2020-09-21 09:30:19.800,6083.0000,35249,0,170270000.000,0,-,-,-,-,6083.2000,6083.0000,6082.8000,6082.6000,6082.4000,6084.0000,6085.4000,6087.6000,6088.0000,6088.2000,1,1,1,2,5,1,3,9,5,2
SF,IC2103,2020-09-21 09:30:20.300,6084.0000,35249,0,171486800.000,1,0,1,多换,S,6083.2000,6083.0000,6082.8000,6082.6000,6082.4000,6085.4000,6087.6000,6088.0000,6088.2000,6088.8000,2,3,1,2,5,3,9,5,2,1
SF,IC2103,2020-09-21 09:30:20.800,6085.4000,35247,-2,175138040.000,3,0,3,多平,S,6085.0000,6084.0000,6083.4000,6083.2000,6083.0000,6087.6000,6088.0000,6088.2000,6088.8000,6089.0000,1,10,1,1,2,9,5,2,1,1
SF,IC2103,2020-09-21 09:30:21.300,6085.2000,35246,-1,176355080.000,1,0,1,双平,S,6085.6000,6085.0000,6084.0000,6083.4000,6083.2000,6085.8000,6087.4000,6087.6000,6088.0000,6088.2000,1,1,10,1,1,1,1,10,5,2
SF,IC2103,2020-09-21 09:30:21.800,6085.8000,35243,-3,181223600.000,4,0,4,多平,S,6085.8000,6085.0000,6084.0000,6083.4000,6083.2000,6087.6000,6088.0000,6088.2000,6088.8000,6089.0000,1,1,10,1,1,10,5,2,1,1
SF,IC2103,2020-09-21 09:30:22.300,6085.8000,35243,0,181223600.000,0,-,-,-,-,6086.0000,6085.8000,6085.0000,6084.0000,6083.4000,6087.6000,6088.0000,6088.2000,6088.8000,6089.0000,1,1,1,10,1,9,5,2,1,1
SF,IC2103,2020-09-21 09:30:22.800,6086.0000,35242,-1,182440800.000,1,0,1,双平,S,6085.8000,6085.0000,6084.0000,6083.4000,6083.2000,6087.6000,6088.0000,6088.2000,6088.8000,6089.0000,1,1,10,1,1,9,5,2,1,1
SF,IC2103,2020-09-21 09:30:23.300,6085.8000,35242,0,183657960.000,1,0,1,多换,S,6085.0000,6084.0000,6083.4000,6083.2000,6083.0000,6087.6000,6088.0000,6088.2000,6088.8000,6089.0000,1,10,1,1,2,10,5,2,1,1
SF,IC2103,2020-09-21 09:30:23.800,6085.8000,35242,0,183657960.000,0,-,-,-,-,6085.2000,6085.0000,6084.0000,6083.4000,6083.2000,6087.4000,6087.6000,6088.0000,6088.2000,6088.8000,1,1,10,1,1,1,9,5,2,1
SF,IC2103,2020-09-21 09:30:24.300,6088.0000,35232,-10,197050720.000,11,0,11,多平,S,6087.6000,6085.4000,6085.2000,6085.0000,6084.0000,6088.0000,6088.2000,6088.8000,6089.0000,6089.4000,9,2,1,1,10,4,2,1,1,2
SF,IC2103,2020-09-21 09:30:24.800,6087.8000,35226,-6,204356320.000,6,0,6,双平,S,6088.0000,6087.6000,6085.6000,6085.4000,6085.0000,6088.2000,6088.8000,6089.0000,6089.4000,6090.0000,2,9,1,2,1,1,1,1,2,7
SF,IC2103,2020-09-21 09:30:25.300,6088.0000,35225,-1,206791560.000,2,0,2,多平,S,6088.0000,6087.6000,6085.6000,6085.0000,6084.0000,6088.8000,6089.0000,6089.4000,6090.0000,6090.6000,1,9,1,1,10,1,1,2,7,2
SF,IC2103,2020-09-21 09:30:25.800,6088.0000,35225,0,206791560.000,0,-,-,-,-,6088.2000,6088.0000,6087.6000,6085.6000,6085.0000,6088.8000,6089.0000,6089.4000,6090.0000,6090.6000,2,1,9,1,1,1,1,2,7,2
SF,IC2103,2020-09-21 09:30:26.300,6088.8000,35225,0,208009320.000,1,0,1,多换,S,6087.6000,6085.0000,6084.0000,6083.2000,6082.6000,6089.0000,6089.4000,6090.0000,6090.6000,6091.2000,9,1,10,1,2,1,2,7,2,2
SF,IC2103,2020-09-21 09:30:26.800,6088.8000,35225,0,208009320.000,0,-,-,-,-,6088.4000,6087.8000,6087.6000,6085.0000,6084.0000,6089.0000,6089.4000,6090.0000,6090.6000,6091.2000,2,1,9,1,10,1,2,7,2,2
SF,IC2103,2020-09-21 09:30:27.800,6088.4000,35225,0,210444680.000,2,1,1,多换,S,6087.8000,6087.6000,6085.0000,6084.0000,6083.2000,6089.0000,6089.4000,6090.0000,6090.6000,6091.2000,1,9,1,10,1,1,2,7,2,2
SF,IC2103,2020-09-21 09:30:28.300,6088.4000,35225,0,210444680.000,0,-,-,-,-,6087.6000,6085.0000,6084.0000,6083.2000,6082.6000,6089.0000,6089.4000,6090.0000,6090.6000,6091.2000,9,1,10,1,2,1,2,7,2,2
SF,IC2103,2020-09-21 09:30:28.800,6088.4000,35225,0,210444680.000,0,-,-,-,-,6087.6000,6085.0000,6084.0000,6083.2000,6082.6000,6088.4000,6089.0000,6089.4000,6090.0000,6090.6000,9,1,10,1,2,5,1,2,7,2
SF,IC2103,2020-09-21 09:30:29.300,6087.6000,35226,1,216532600.000,5,3,2,空开,S,6087.6000,6085.0000,6084.0000,6083.2000,6083.0000,6088.4000,6089.0000,6089.4000,6090.0000,6090.6000,6,1,10,1,1,3,1,2,7,2
SF,IC2103,2020-09-21 09:30:29.800,6087.6000,35226,0,216532600.000,0,-,-,-,-,6087.8000,6087.6000,6085.0000,6084.0000,6083.2000,6088.4000,6089.0000,6089.4000,6090.0000,6090.6000,1,6,1,10,1,3,1,2,7,2
SF,IC2103,2020-09-21 09:30:30.800,6087.6000,35226,0,216532600.000,0,-,-,-,-,6087.8000,6087.6000,6085.0000,6084.0000,6083.2000,6088.0000,6088.4000,6089.0000,6089.4000,6090.0000,1,6,1,10,1,1,3,1,2,7
SF,IC2103,2020-09-21 09:30:31.300,6088.4000,35225,-1,218967880.000,2,0,2,多平,S,6087.8000,6087.6000,6085.0000,6084.0000,6083.2000,6088.4000,6089.0000,6089.4000,6090.0000,6090.6000,1,6,1,10,1,2,1,2,7,2
SF,IC2103,2020-09-21 09:30:31.800,6088.0000,35219,-6,228709040.000,8,1,7,多平,S,6088.4000,6088.0000,6087.8000,6087.6000,6084.0000,6089.4000,6090.0000,6090.6000,6091.2000,6091.8000,1,2,1,6,10,2,7,2,2,2
SF,IC2103,2020-09-21 09:30:32.300,6088.0000,35219,0,228709040.000,0,-,-,-,-,6088.4000,6088.0000,6087.8000,6087.6000,6084.0000,6089.4000,6090.0000,6090.6000,6091.2000,6091.8000,1,2,1,6,10,2,7,2,2,2
SF,IC2103,2020-09-21 09:30:32.800,6088.0000,35219,0,228709040.000,0,-,-,-,-,6088.4000,6088.0000,6087.8000,6087.6000,6084.0000,6089.4000,6090.0000,6090.6000,6091.2000,6091.8000,1,2,1,7,10,2,7,2,2,2
SF,IC2103,2020-09-21 09:30:33.300,6088.0000,35218,-1,231144240.000,2,0,2,多平,S,6088.0000,6087.8000,6087.6000,6084.0000,6083.2000,6089.4000,6090.0000,6090.6000,6091.2000,6091.8000,1,1,7,10,1,2,7,2,2,2
SF,IC2103,2020-09-21 09:30:33.800,6087.8000,35216,-2,234797000.000,3,0,3,多平,S,6087.6000,6084.0000,6083.2000,6083.0000,6082.6000,6088.4000,6089.4000,6090.0000,6090.6000,6091.2000,7,10,1,1,2,1,2,7,2,2
SF,IC2103,2020-09-21 09:30:34.300,6087.6000,35214,-2,244537160.000,8,3,5,多平,S,6084.0000,6083.2000,6083.0000,6082.6000,6082.4000,6088.4000,6089.4000,6090.0000,6090.6000,6091.2000,10,1,1,2,5,2,2,7,2,2
SF,IC2103,2020-09-21 09:30:34.800,6087.6000,35214,0,244537160.000,0,-,-,-,-,6084.6000,6084.2000,6084.0000,6083.0000,6082.6000,6088.2000,6088.4000,6089.4000,6090.0000,6090.6000,3,1,11,1,2,2,7,2,7,2
SF,IC2103,2020-09-21 09:30:35.300,6087.6000,35214,0,244537160.000,0,-,-,-,-,6085.0000,6084.6000,6084.2000,6084.0000,6083.0000,6088.2000,6088.4000,6089.4000,6090.0000,6090.6000,1,2,1,11,1,2,8,2,7,2
SF,IC2103,2020-09-21 09:30:35.800,6085.0000,35213,-1,245754160.000,1,0,1,双平,S,6084.0000,6083.0000,6082.6000,6082.4000,6082.0000,6087.2000,6087.6000,6088.0000,6088.2000,6088.4000,10,1,2,5,4,1,1,1,1,9
SF,IC2103,2020-09-21 09:30:36.300,6084.0000,35213,0,246970960.000,1,0,1,多换,S,6084.6000,6084.0000,6083.0000,6082.6000,6082.4000,6087.0000,6087.2000,6087.6000,6088.0000,6088.4000,1,9,1,2,5,6,1,1,1,9
SF,IC2103,2020-09-21 09:30:36.800,6084.0000,35213,0,248187760.000,1,0,1,多换,S,6084.0000,6083.0000,6082.4000,6082.0000,6081.2000,6085.8000,6086.4000,6086.8000,6087.0000,6087.2000,9,1,5,4,2,1,2,1,5,1
SF,IC2103,2020-09-21 09:30:37.300,6084.0000,35213,0,248187760.000,0,-,-,-,-,6084.8000,6084.0000,6083.0000,6082.4000,6082.0000,6085.6000,6085.8000,6086.4000,6087.0000,6087.2000,2,9,1,5,4,1,1,2,5,1
SF,IC2103,2020-09-21 09:30:37.800,6084.0000,35213,0,251838480.000,3,1,2,多换,S,6084.0000,6083.0000,6082.4000,6082.0000,6081.2000,6084.8000,6085.6000,6085.8000,6086.4000,6087.0000,8,1,5,4,2,1,1,1,2,5
SF,IC2103,2020-09-21 09:30:38.300,6084.8000,35212,-1,253055440.000,1,0,1,双平,S,6084.0000,6083.0000,6082.4000,6082.0000,6081.2000,6087.0000,6087.6000,6088.0000,6088.4000,6089.0000,9,1,5,4,2,5,1,1,6,1
SF,IC2103,2020-09-21 09:30:38.800,6084.8000,35212,0,253055440.000,0,-,-,-,-,6084.0000,6083.0000,6082.4000,6082.0000,6081.2000,6086.8000,6087.0000,6087.6000,6088.0000,6088.4000,8,1,5,4,2,1,5,1,1,6
SF,IC2103,2020-09-21 09:30:39.300,6084.0000,35213,1,254272240.000,1,1,0,双开,S,6084.0000,6083.0000,6082.4000,6082.0000,6081.2000,6086.6000,6087.0000,6087.6000,6088.0000,6088.4000,7,1,5,4,2,1,4,1,1,6
SF,IC2103,2020-09-21 09:30:39.800,6086.6000,35212,-1,255489560.000,1,0,1,双平,S,6085.0000,6084.2000,6084.0000,6083.0000,6082.4000,6087.0000,6087.6000,6088.0000,6088.4000,6089.0000,2,2,7,1,5,4,1,1,6,1
SF,IC2103,2020-09-21 09:30:40.300,6085.0000,35211,-1,257923920.000,2,0,2,多平,S,6085.0000,6084.2000,6084.0000,6083.0000,6082.4000,6087.6000,6088.0000,6088.4000,6089.0000,6089.4000,1,2,7,1,5,1,1,6,1,2
SF,IC2103,2020-09-21 09:30:40.800,6085.0000,35211,0,257923920.000,0,-,-,-,-,6085.2000,6085.0000,6084.2000,6084.0000,6083.0000,6087.2000,6087.6000,6088.0000,6088.4000,6089.0000,1,1,1,7,1,1,2,1,6,1
SF,IC2103,2020-09-21 09:30:41.300,6085.0000,35212,1,259140920.000,1,1,0,双开,S,6084.2000,6084.0000,6083.8000,6083.0000,6082.4000,6087.0000,6087.2000,6087.6000,6088.0000,6088.4000,1,7,1,1,5,1,1,2,1,6
SF,IC2103,2020-09-21 09:30:41.800,6085.8000,35212,0,260358080.000,1,0,1,多换,S,6086.0000,6084.4000,6084.0000,6083.8000,6083.0000,6086.4000,6086.8000,6087.0000,6087.2000,6087.6000,2,1,7,1,1,1,1,1,1,2
SF,IC2103,2020-09-21 09:30:42.300,6086.0000,35212,0,262792480.000,2,1,1,多换,S,6084.0000,6083.8000,6083.0000,6082.4000,6082.0000,6085.8000,6086.4000,6086.8000,6087.0000,6087.2000,7,1,1,5,4,2,1,1,1,1
SF,IC2103,2020-09-21 09:30:42.800,6084.0000,35212,0,265226080.000,2,1,1,多换,S,6084.0000,6083.8000,6083.0000,6082.4000,6082.0000,6084.4000,6084.8000,6085.8000,6086.8000,6087.0000,5,1,1,5,4,1,1,2,1,1
SF,IC2103,2020-09-21 09:30:43.300,6084.0000,35212,0,268876480.000,3,1,2,多换,S,6084.0000,6083.8000,6083.0000,6082.4000,6082.0000,6084.4000,6084.8000,6085.8000,6086.0000,6087.0000,2,1,1,5,4,1,1,2,1,1
SF,IC2103,2020-09-21 09:30:43.800,6084.2000,35211,-1,274960480.000,5,2,3,多平,S,6083.0000,6082.4000,6082.0000,6081.2000,6080.4000,6084.4000,6084.8000,6085.8000,6086.0000,6087.0000,1,5,4,2,5,1,1,2,1,1
SF,IC2103,2020-09-21 09:30:44.300,6084.2000,35210,-1,278611000.000,3,1,2,多平,S,6083.0000,6082.4000,6082.0000,6081.2000,6080.4000,6084.4000,6084.8000,6085.0000,6085.8000,6086.0000,1,5,4,2,5,1,1,2,2,1
SF,IC2103,2020-09-21 09:30:44.800,6084.2000,35210,0,278611000.000,0,-,-,-,-,6083.0000,6082.4000,6082.0000,6081.2000,6080.4000,6084.2000,6084.4000,6084.8000,6085.0000,6085.8000,1,5,4,2,5,2,1,1,2,2
SF,IC2103,2020-09-21 09:30:45.300,6084.2000,35208,-2,281044680.000,2,0,2,双平,S,6083.0000,6082.4000,6082.0000,6081.2000,6080.4000,6085.0000,6085.8000,6086.0000,6087.6000,6088.0000,1,5,4,2,5,2,2,1,1,2
SF,IC2103,2020-09-21 09:30:45.800,6084.2000,35208,0,281044680.000,0,-,-,-,-,6083.0000,6082.4000,6082.0000,6081.2000,6080.4000,6084.0000,6084.4000,6084.8000,6085.0000,6085.8000,1,5,4,2,5,1,1,1,3,2
SF,IC2103,2020-09-21 09:30:46.300,6083.0000,35208,0,282261280.000,1,0,1,多换,S,6082.4000,6082.0000,6081.2000,6080.4000,6080.0000,6083.2000,6083.8000,6084.0000,6084.4000,6085.0000,5,4,2,5,2,1,1,1,1,3
SF,IC2103,2020-09-21 09:30:46.800,6083.0000,35207,-1,288343800.000,5,2,3,多平,S,6082.4000,6082.0000,6081.2000,6080.4000,6080.0000,6083.2000,6083.8000,6084.0000,6085.0000,6086.0000,1,4,2,5,2,2,1,1,3,1
SF,IC2103,2020-09-21 09:30:47.300,6082.0000,35207,0,294425880.000,5,2,3,多换,S,6081.2000,6080.4000,6080.0000,6078.4000,6077.4000,6082.4000,6083.0000,6083.2000,6083.8000,6084.0000,2,5,2,5,1,1,1,1,1,1
SF,IC2103,2020-09-21 09:30:47.800,6082.2000,35206,-1,295642320.000,1,0,1,双平,S,6081.2000,6080.4000,6080.0000,6078.4000,6076.4000,6083.0000,6083.2000,6083.8000,6084.0000,6085.0000,2,5,2,5,5,1,1,1,1,3
SF,IC2103,2020-09-21 09:30:48.300,6082.8000,35206,0,296858880.000,1,0,1,多换,S,6081.2000,6080.4000,6080.0000,6078.4000,6076.4000,6083.0000,6083.2000,6083.8000,6084.0000,6085.0000,2,5,2,5,5,1,1,1,1,3
SF,IC2103,2020-09-21 09:30:48.800,6082.8000,35206,0,296858880.000,0,-,-,-,-,6081.2000,6080.4000,6080.0000,6078.4000,6076.4000,6082.6000,6083.0000,6083.2000,6083.8000,6084.0000,2,5,2,5,5,2,1,1,1,1
SF,IC2103,2020-09-21 09:30:49.300,6083.4000,35204,-2,304158600.000,6,2,4,多平,S,6083.4000,6083.0000,6081.4000,6081.2000,6080.4000,6084.0000,6085.0000,6086.0000,6088.0000,6088.4000,1,1,1,2,5,1,3,1,2,6
SF,IC2103,2020-09-21 09:30:49.800,6083.6000,35202,-2,310242320.000,5,1,4,多平,S,6083.0000,6081.4000,6081.2000,6080.4000,6078.4000,6085.0000,6086.0000,6088.0000,6088.4000,6089.0000,1,1,2,5,5,3,1,3,6,1
SF,IC2103,2020-09-21 09:30:50.300,6083.6000,35202,0,310242320.000,0,-,-,-,-,6083.0000,6081.2000,6080.4000,6078.4000,6076.4000,6085.0000,6086.0000,6088.0000,6088.4000,6089.0000,1,2,5,5,5,3,1,3,6,1
SF,IC2103,2020-09-21 09:30:50.800,6083.2000,35202,0,311458960.000,1,0,1,多换,S,6083.0000,6081.2000,6080.4000,6078.4000,6076.4000,6084.8000,6085.0000,6086.0000,6088.0000,6088.4000,1,2,5,5,5,2,3,1,3,6
SF,IC2103,2020-09-21 09:30:51.300,6083.2000,35202,0,311458960.000,0,-,-,-,-,6083.0000,6082.6000,6081.2000,6080.4000,6078.4000,6084.8000,6085.0000,6088.0000,6088.4000,6089.0000,1,1,2,5,5,2,3,3,6,1
SF,IC2103,2020-09-21 09:30:51.800,6082.6000,35200,-2,313892080.000,2,0,2,双平,S,6081.2000,6080.4000,6078.4000,6076.4000,6075.0000,6082.8000,6084.6000,6084.8000,6085.0000,6088.0000,2,5,5,5,2,1,1,3,3,3
SF,IC2103,2020-09-21 09:30:52.300,6082.6000,35200,0,316324840.000,2,1,1,多换,S,6081.4000,6081.2000,6080.4000,6078.4000,6076.4000,6082.8000,6084.8000,6085.0000,6088.0000,6088.4000,1,1,5,5,5,1,2,3,3,6
SF,IC2103,2020-09-21 09:30:52.800,6082.6000,35198,-2,318757640.000,2,0,2,双平,S,6081.2000,6080.4000,6078.4000,6076.4000,6075.0000,6082.8000,6085.0000,6088.0000,6088.4000,6089.0000,1,5,5,5,2,1,3,3,6,1
SF,IC2103,2020-09-21 09:30:53.300,6082.6000,35198,0,318757640.000,0,-,-,-,-,6081.2000,6080.4000,6078.4000,6076.4000,6075.0000,6082.6000,6082.8000,6085.0000,6088.0000,6088.4000,1,5,5,5,2,1,1,1,3,6
SF,IC2103,2020-09-21 09:30:54.800,6081.2000,35198,0,319973880.000,1,0,1,多换,S,6080.4000,6078.4000,6076.4000,6075.0000,6074.4000,6081.2000,6082.6000,6082.8000,6085.0000,6088.0000,5,5,5,2,5,1,2,1,1,3
SF,IC2103,2020-09-21 09:30:55.300,6080.4000,35197,-1,327270360.000,6,2,4,多平,S,6078.4000,6076.4000,6075.0000,6074.4000,6074.0000,6080.2000,6081.2000,6082.6000,6082.8000,6085.0000,5,5,2,5,15,1,1,1,1,1
SF,IC2103,2020-09-21 09:30:55.800,6080.4000,35197,0,327270360.000,0,-,-,-,-,6078.6000,6078.4000,6076.4000,6075.0000,6074.4000,6080.2000,6080.4000,6081.2000,6082.6000,6085.0000,2,5,5,2,5,1,2,2,1,1
SF,IC2103,2020-09-21 09:30:56.300,6080.4000,35194,-3,330918600.000,3,0,3,双平,S,6078.8000,6078.6000,6078.4000,6076.4000,6075.0000,6081.2000,6082.6000,6085.0000,6085.6000,6088.0000,3,1,5,5,2,2,1,1,1,3
SF,IC2103,2020-09-21 09:30:56.800,6081.2000,35193,-1,333351080.000,2,0,2,多平,S,6079.0000,6078.8000,6078.6000,6078.4000,6076.4000,6082.6000,6085.0000,6085.6000,6088.0000,6088.4000,3,2,1,5,5,2,1,1,3,6
SF,IC2103,2020-09-21 09:30:57.300,6082.6000,35193,0,334567600.000,1,0,1,多换,S,6080.0000,6079.6000,6079.2000,6079.0000,6078.6000,6082.6000,6085.0000,6085.6000,6088.0000,6088.4000,2,2,3,2,1,1,1,1,3,6
SF,IC2103,2020-09-21 09:30:57.800,6082.6000,35193,0,335784120.000,1,0,1,多换,S,6083.2000,6080.6000,6080.2000,6080.0000,6079.2000,6085.0000,6085.6000,6088.0000,6088.4000,6089.0000,1,3,2,3,1,1,1,3,6,1
SF,IC2103,2020-09-21 09:30:58.300,6083.2000,35192,-1,337000760.000,1,0,1,双平,S,6080.6000,6080.2000,6080.0000,6079.2000,6078.4000,6082.6000,6083.0000,6084.8000,6085.0000,6085.6000,2,2,3,1,5,1,2,1,1,1
SF,IC2103,2020-09-21 09:30:58.800,6083.0000,35190,-2,340650520.000,3,0,3,多平,S,6080.6000,6080.2000,6078.4000,6076.4000,6075.0000,6084.8000,6085.0000,6085.6000,6088.0000,6088.4000,2,1,5,5,2,1,1,1,3,6
SF,IC2103,2020-09-21 09:30:59.300,6083.0000,35190,0,340650520.000,0,-,-,-,-,6080.8000,6078.4000,6076.4000,6075.0000,6074.4000,6084.6000,6084.8000,6085.0000,6085.6000,6088.0000,2,5,5,2,6,1,1,1,1,3
SF,IC2103,2020-09-21 09:30:59.800,6083.0000,35190,0,340650520.000,0,-,-,-,-,6080.8000,6078.4000,6076.4000,6075.0000,6074.4000,6084.4000,6084.6000,6084.8000,6085.0000,6085.6000,1,5,5,2,6,1,1,1,1,1
SF,IC2103,2020-09-21 09:31:00.300,6080.8000,35189,-1,341866680.000,1,0,1,双平,S,6078.4000,6076.4000,6075.0000,6074.4000,6074.0000,6083.8000,6084.2000,6084.4000,6084.8000,6085.0000,5,5,2,6,15,1,2,1,1,1
SF,IC2103,2020-09-21 09:31:00.800,6083.8000,35187,-2,344300160.000,2,0,2,双平,S,6079.0000,6078.6000,6078.4000,6076.4000,6075.0000,6084.4000,6084.8000,6085.0000,6085.6000,6088.0000,3,1,5,5,2,1,1,1,1,3
SF,IC2103,2020-09-21 09:31:01.300,6083.8000,35187,0,345516920.000,1,0,1,多换,S,6079.4000,6079.2000,6079.0000,6078.4000,6076.4000,6080.8000,6081.6000,6082.2000,6084.2000,6084.4000,1,2,2,5,5,1,1,1,2,1
SF,IC2103,2020-09-21 09:31:01.800,6080.8000,35186,-1,346733080.000,1,0,1,双平,S,6080.8000,6079.4000,6079.0000,6078.4000,6076.4000,6083.8000,6084.4000,6085.0000,6085.6000,6088.0000,2,1,1,5,5,1,1,1,1,3
SF,IC2103,2020-09-21 09:31:02.300,6080.8000,35186,0,346733080.000,0,-,-,-,-,6081.0000,6080.8000,6079.0000,6078.4000,6076.4000,6082.8000,6083.4000,6083.6000,6083.8000,6084.4000,1,2,1,5,5,1,1,2,1,1
SF,IC2103,2020-09-21 09:31:02.800,6082.8000,35185,-1,347949640.000,1,0,1,双平,S,6080.8000,6079.0000,6078.4000,6076.4000,6075.0000,6083.6000,6083.8000,6085.0000,6085.6000,6088.0000,2,1,5,5,2,1,1,1,1,3
SF,IC2103,2020-09-21 09:31:03.300,6082.8000,35185,0,347949640.000,0,-,-,-,-,6081.0000,6080.8000,6079.0000,6078.4000,6078.0000,6083.6000,6083.8000,6085.0000,6085.6000,6088.0000,2,2,1,5,1,1,1,1,1,3
SF,IC2103,2020-09-21 09:31:03.800,6081.0000,35184,-1,349165840.000,1,0,1,双平,S,6081.0000,6080.8000,6079.0000,6078.4000,6078.0000,6083.4000,6083.6000,6085.0000,6085.6000,6088.0000,1,2,1,5,1,3,1,1,1,3
SF,IC2103,2020-09-21 09:31:04.300,6081.0000,35184,0,349165840.000,0,-,-,-,-,6081.4000,6081.2000,6081.0000,6080.8000,6079.0000,6083.4000,6083.6000,6085.0000,6085.6000,6088.0000,2,1,1,2,1,3,1,1,1,3
SF,IC2103,2020-09-21 09:31:04.800,6081.0000,35184,0,349165840.000,0,-,-,-,-,6081.6000,6081.4000,6081.2000,6080.8000,6080.0000,6082.8000,6083.4000,6085.0000,6085.6000,6088.0000,1,2,1,2,1,1,1,1,1,3
SF,IC2103,2020-09-21 09:31:05.300,6082.8000,35183,-1,350382400.000,1,0,1,双平,S,6081.6000,6081.4000,6081.2000,6080.8000,6080.0000,6083.4000,6085.0000,6085.6000,6088.0000,6088.4000,1,2,1,2,1,1,1,1,3,6
SF,IC2103,2020-09-21 09:31:05.800,6082.8000,35183,0,350382400.000,0,-,-,-,-,6081.2000,6080.8000,6080.0000,6079.0000,6078.4000,6083.2000,6083.4000,6085.0000,6085.6000,6088.0000,1,2,1,1,5,1,1,1,1,3
SF,IC2103,2020-09-21 09:31:06.300,6082.8000,35183,0,350382400.000,0,-,-,-,-,6081.2000,6080.8000,6080.0000,6079.0000,6078.4000,6083.0000,6083.2000,6083.4000,6085.0000,6085.6000,1,2,1,1,5,1,1,1,1,1
SF,IC2103,2020-09-21 09:31:06.800,6082.8000,35181,-2,352815200.000,2,0,2,双平,S,6080.8000,6080.0000,6079.0000,6078.4000,6078.0000,6082.8000,6083.0000,6083.4000,6085.0000,6085.6000,2,1,1,5,1,2,1,1,1,1
SF,IC2103,2020-09-21 09:31:07.300,6082.8000,35181,0,352815200.000,0,-,-,-,-,6080.0000,6078.8000,6078.4000,6078.0000,6076.4000,6082.8000,6085.0000,6085.6000,6088.0000,6088.4000,1,1,5,1,5,4,1,1,3,6
SF,IC2103,2020-09-21 09:31:07.800,6082.8000,35181,0,352815200.000,0,-,-,-,-,6080.2000,6080.0000,6078.8000,6078.4000,6078.0000,6082.6000,6082.8000,6085.0000,6085.6000,6088.0000,1,1,1,5,1,1,5,1,1,3
SF,IC2103,2020-09-21 09:31:08.300,6080.2000,35179,-2,355247320.000,2,0,2,双平,S,6080.0000,6078.8000,6078.4000,6078.0000,6076.4000,6082.6000,6082.8000,6085.0000,6085.6000,6088.0000,1,1,5,1,5,1,4,1,1,3
SF,IC2103,2020-09-21 09:31:08.800,6080.2000,35179,0,355247320.000,0,-,-,-,-,6080.0000,6078.8000,6078.4000,6078.0000,6076.4000,6082.4000,6082.8000,6085.0000,6085.6000,6088.0000,1,1,5,1,5,2,3,1,1,3
SF,IC2103,2020-09-21 09:31:09.300,6080.2000,35179,0,355247320.000,0,-,-,-,-,6080.0000,6078.8000,6078.4000,6078.0000,6076.4000,6082.4000,6082.8000,6085.0000,6085.6000,6088.0000,1,1,5,1,5,2,2,1,1,3
SF,IC2103,2020-09-21 09:31:09.800,6080.2000,35179,0,355247320.000,0,-,-,-,-,6080.0000,6078.8000,6078.4000,6078.0000,6076.4000,6080.2000,6081.8000,6082.4000,6082.8000,6085.0000,1,1,5,1,5,1,1,2,2,1
SF,IC2103,2020-09-21 09:31:10.300,6080.2000,35178,-1,357679400.000,2,0,2,多平,S,6080.0000,6078.8000,6078.4000,6078.0000,6076.4000,6082.4000,6082.8000,6085.0000,6085.6000,6088.0000,1,1,5,1,5,2,2,1,1,3
SF,IC2103,2020-09-21 09:31:10.800,6080.2000,35178,0,357679400.000,0,-,-,-,-,6080.0000,6078.8000,6078.4000,6078.0000,6076.4000,6082.0000,6082.4000,6082.8000,6085.0000,6085.6000,1,1,5,1,5,1,2,1,1,1
SF,IC2103,2020-09-21 09:31:11.300,6080.0000,35179,1,360111440.000,2,1,1,空开,S,6081.2000,6078.8000,6078.4000,6078.0000,6076.4000,6081.8000,6082.0000,6082.4000,6082.8000,6085.0000,3,1,5,1,5,1,1,2,1,1
SF,IC2103,2020-09-21 09:31:11.800,6082.0000,35179,0,366192920.000,5,2,3,多换,S,6078.4000,6078.0000,6076.4000,6075.0000,6074.4000,6080.0000,6081.0000,6081.2000,6082.4000,6082.8000,5,1,5,2,5,2,1,1,1,1
SF,IC2103,2020-09-21 09:31:12.300,6081.2000,35175,-4,371057520.000,4,0,4,双平,S,6079.0000,6078.4000,6078.0000,6076.4000,6075.0000,6082.4000,6082.8000,6085.0000,6085.6000,6088.0000,3,5,1,5,2,1,1,1,1,3
SF,IC2103,2020-09-21 09:31:12.800,6082.2000,35174,-1,372273960.000,1,0,1,双平,S,6080.8000,6079.6000,6079.2000,6079.0000,6078.8000,6082.4000,6082.8000,6085.0000,6085.6000,6088.0000,3,1,2,2,1,1,1,1,1,3
SF,IC2103,2020-09-21 09:31:13.300,6081.0000,35170,-4,377139400.000,4,0,4,双平,S,6081.0000,6079.6000,6079.2000,6079.0000,6078.4000,6081.2000,6085.0000,6085.6000,6088.0000,6088.4000,1,1,1,2,5,1,1,1,3,6
SF,IC2103,2020-09-21 09:31:13.800,6081.2000,35170,0,378355640.000,1,0,1,多换,S,6082.8000,6081.0000,6079.6000,6079.0000,6078.4000,6085.0000,6085.6000,6088.0000,6088.4000,6089.0000,1,1,2,2,5,1,1,3,6,1
SF,IC2103,2020-09-21 09:31:14.300,6081.0000,35168,-2,382004880.000,3,0,3,多平,S,6079.6000,6079.0000,6078.4000,6078.0000,6076.4000,6080.8000,6084.8000,6085.0000,6085.6000,6088.0000,2,2,5,3,5,8,1,1,1,3
SF,IC2103,2020-09-21 09:31:14.800,6080.8000,35160,-8,391734160.000,8,0,8,双平,S,6080.2000,6079.0000,6078.4000,6078.0000,6076.4000,6084.8000,6085.0000,6085.6000,6088.0000,6088.4000,2,9,5,3,5,1,1,1,3,6
SF,IC2103,2020-09-21 09:31:15.300,6080.8000,35160,0,392950320.000,1,0,1,多换,S,6080.8000,6080.4000,6080.2000,6080.0000,6079.0000,6084.6000,6085.6000,6088.0000,6088.4000,6089.0000,2,2,2,1,8,1,1,3,6,1
SF,IC2103,2020-09-21 09:31:15.800,6080.8000,35159,-1,394166480.000,1,0,1,双平,S,6081.2000,6081.0000,6080.8000,6080.2000,6080.0000,6084.4000,6084.6000,6085.2000,6085.6000,6088.0000,1,1,2,1,1,2,2,2,1,3
SF,IC2103,2020-09-21 09:31:16.300,6080.8000,35159,0,394166480.000,0,-,-,-,-,6081.2000,6081.0000,6080.8000,6079.0000,6078.4000,6084.2000,6084.4000,6084.6000,6085.2000,6085.6000,1,1,2,8,5,1,2,1,2,1
SF,IC2103,2020-09-21 09:31:16.800,6080.8000,35159,0,394166480.000,0,-,-,-,-,6081.4000,6081.2000,6080.8000,6079.0000,6078.4000,6084.0000,6084.2000,6084.4000,6084.6000,6085.2000,1,1,2,8,5,2,1,1,1,2
SF,IC2103,2020-09-21 09:31:17.300,6080.8000,35159,0,394166480.000,0,-,-,-,-,6081.6000,6081.4000,6081.2000,6080.8000,6079.0000,6083.8000,6084.0000,6084.4000,6084.6000,6085.2000,1,1,1,2,8,1,2,1,1,2
SF,IC2103,2020-09-21 09:31:17.800,6080.8000,35159,0,394166480.000,0,-,-,-,-,6081.4000,6081.2000,6080.8000,6079.0000,6078.4000,6081.6000,6083.8000,6084.0000,6084.4000,6084.6000,1,1,2,8,5,1,1,2,1,1
SF,IC2103,2020-09-21 09:31:18.300,6081.6000,35158,-1,396599120.000,2,0,2,多平,S,6081.6000,6081.2000,6080.8000,6079.0000,6078.4000,6083.8000,6084.0000,6084.6000,6085.2000,6085.6000,1,1,2,8,5,1,2,1,2,1
SF,IC2103,2020-09-21 09:31:18.800,6083.6000,35156,-2,399032160.000,2,0,2,双平,S,6081.2000,6080.8000,6079.0000,6078.4000,6078.0000,6083.6000,6083.8000,6084.0000,6084.6000,6085.2000,1,2,8,5,3,1,1,2,1,2
SF,IC2103,2020-09-21 09:31:19.300,6081.2000,35154,-2,403897120.000,4,1,3,多平,S,6080.8000,6079.0000,6078.4000,6078.0000,6076.4000,6083.4000,6083.6000,6084.0000,6084.6000,6085.2000,2,8,5,3,5,1,1,2,1,2
SF,IC2103,2020-09-21 09:31:19.800,6080.8000,35152,-2,407545680.000,3,0,3,多平,S,6079.0000,6078.4000,6078.0000,6076.4000,6075.0000,6083.2000,6083.4000,6083.6000,6084.0000,6084.6000,8,5,3,5,2,2,1,1,1,1
SF,IC2103,2020-09-21 09:31:20.300,6080.8000,35152,0,407545680.000,0,-,-,-,-,6081.0000,6079.2000,6079.0000,6078.4000,6078.0000,6083.0000,6083.2000,6083.6000,6084.0000,6084.6000,1,2,8,5,3,3,2,1,1,1
SF,IC2103,2020-09-21 09:31:20.800,6082.8000,35153,1,414844000.000,6,3,3,空开,S,6079.2000,6079.0000,6078.4000,6078.0000,6076.4000,6082.6000,6083.0000,6083.2000,6083.6000,6084.0000,1,8,5,3,5,1,3,1,1,1
SF,IC2103,2020-09-21 09:31:21.300,6082.8000,35153,0,414844000.000,0,-,-,-,-,6079.4000,6079.2000,6079.0000,6078.4000,6078.0000,6082.4000,6082.6000,6083.0000,6083.6000,6084.0000,2,1,8,5,3,3,2,2,1,1
SF,IC2103,2020-09-21 09:31:21.800,6082.8000,35153,0,414844000.000,0,-,-,-,-,6080.4000,6080.0000,6079.4000,6079.2000,6079.0000,6082.4000,6082.6000,6083.0000,6084.0000,6084.6000,1,2,2,1,8,2,1,2,1,1
SF,IC2103,2020-09-21 09:31:22.300,6082.6000,35151,-2,418493520.000,3,0,3,多平,S,6080.6000,6080.4000,6080.0000,6079.2000,6079.0000,6082.0000,6083.0000,6084.6000,6085.2000,6085.6000,2,1,2,1,8,1,2,1,2,1
SF,IC2103,2020-09-21 09:31:22.800,6082.0000,35150,-1,422142720.000,3,1,2,多平,S,6080.8000,6079.2000,6079.0000,6078.4000,6078.0000,6084.6000,6085.2000,6085.6000,6088.0000,6088.4000,3,1,8,5,4,1,2,1,3,6
SF,IC2103,2020-09-21 09:31:23.300,6082.0000,35150,0,422142720.000,0,-,-,-,-,6081.0000,6080.8000,6079.2000,6079.0000,6078.4000,6083.6000,6084.4000,6084.6000,6085.2000,6085.6000,2,2,1,8,5,10,1,1,2,1
SF,IC2103,2020-09-21 09:31:23.800,6083.6000,35146,-4,427009560.000,4,0,4,双平,S,6081.2000,6081.0000,6079.2000,6079.0000,6078.4000,6081.4000,6083.6000,6084.6000,6085.2000,6085.6000,7,3,1,8,5,2,8,1,2,1
SF,IC2103,2020-09-21 09:31:24.300,6081.4000,35146,0,429442120.000,2,1,1,多换,S,6081.4000,6081.2000,6081.0000,6079.2000,6079.0000,6083.6000,6084.6000,6085.2000,6085.6000,6088.0000,3,5,1,1,8,8,1,2,1,3
SF,IC2103,2020-09-21 09:31:24.800,6081.4000,35145,-1,433090960.000,3,1,2,多平,S,6081.4000,6081.2000,6079.2000,6079.0000,6078.4000,6083.6000,6084.6000,6085.2000,6085.6000,6088.0000,1,5,1,8,5,8,1,2,1,3
SF,IC2103,2020-09-21 09:31:25.300,6081.4000,35143,-2,435523520.000,2,0,2,双平,S,6081.2000,6079.2000,6079.0000,6078.4000,6078.0000,6081.4000,6083.4000,6083.6000,6084.6000,6085.2000,5,1,8,5,4,1,1,8,1,2
SF,IC2103,2020-09-21 09:31:25.800,6081.4000,35143,0,436739800.000,1,0,1,多换,S,6081.4000,6081.2000,6079.2000,6079.0000,6078.4000,6083.4000,6083.6000,6084.6000,6085.0000,6085.2000,2,5,1,8,5,1,8,1,1,2
SF,IC2103,2020-09-21 09:31:26.300,6081.4000,35143,0,436739800.000,0,-,-,-,-,6081.4000,6081.2000,6079.6000,6079.2000,6079.0000,6083.4000,6083.6000,6084.6000,6085.0000,6085.2000,2,5,1,1,8,1,8,1,1,2
SF,IC2103,2020-09-21 09:31:26.800,6081.4000,35143,0,436739800.000,0,-,-,-,-,6081.6000,6081.4000,6081.2000,6079.6000,6079.2000,6083.6000,6084.6000,6085.0000,6085.2000,6085.6000,1,2,5,1,1,8,1,1,2,1
SF,IC2103,2020-09-21 09:31:27.300,6083.6000,35138,-5,442823400.000,5,0,5,双平,S,6081.8000,6081.6000,6081.4000,6081.2000,6079.6000,6083.6000,6084.6000,6085.0000,6085.2000,6085.6000,2,2,2,5,1,3,1,1,2,1
SF,IC2103,2020-09-21 09:31:27.800,6083.6000,35136,-2,446473560.000,3,0,3,多平,S,6081.8000,6081.6000,6081.4000,6081.2000,6079.6000,6084.6000,6085.0000,6085.2000,6085.6000,6088.0000,1,1,2,5,1,1,1,2,1,3
SF,IC2103,2020-09-21 09:31:28.300,6083.6000,35136,0,446473560.000,0,-,-,-,-,6082.0000,6081.8000,6081.6000,6081.4000,6081.2000,6084.4000,6084.6000,6085.0000,6085.2000,6085.6000,3,1,1,2,5,1,1,1,2,1
SF,IC2103,2020-09-21 09:31:28.800,6083.6000,35136,0,446473560.000,0,-,-,-,-,6082.6000,6082.0000,6081.6000,6081.4000,6081.2000,6084.4000,6084.6000,6085.0000,6085.2000,6085.6000,1,2,1,2,5,1,1,1,2,1
SF,IC2103,2020-09-21 09:31:29.800,6083.6000,35136,0,446473560.000,0,-,-,-,-,6082.0000,6081.6000,6081.4000,6081.2000,6079.2000,6084.4000,6084.6000,6085.0000,6085.2000,6085.6000,2,1,2,5,6,1,2,1,2,1
SF,IC2103,2020-09-21 09:31:30.300,6083.6000,35136,0,446473560.000,0,-,-,-,-,6083.6000,6082.2000,6082.0000,6081.6000,6081.4000,6084.4000,6084.6000,6085.0000,6085.2000,6085.6000,1,1,2,1,2,1,2,1,2,1
SF,IC2103,2020-09-21 09:31:30.800,6083.6000,35136,0,447690280.000,1,0,1,多换,S,6082.2000,6082.0000,6081.6000,6081.4000,6081.2000,6083.4000,6084.4000,6084.6000,6085.0000,6085.2000,1,2,1,2,5,1,1,2,1,2
SF,IC2103,2020-09-21 09:31:31.300,6083.4000,35136,0,450123640.000,2,1,1,多换,S,6082.4000,6082.2000,6082.0000,6081.6000,6081.4000,6083.4000,6084.4000,6084.6000,6085.0000,6085.2000,1,1,1,1,2,1,1,2,1,2
SF,IC2103,2020-09-21 09:31:31.800,6082.6000,35135,-1,452556840.000,2,0,2,多平,S,6082.2000,6081.6000,6081.4000,6081.2000,6079.2000,6083.4000,6084.6000,6085.0000,6085.2000,6085.6000,2,1,2,5,6,1,2,1,2,1
SF,IC2103,2020-09-21 09:31:32.300,6083.4000,35135,0,453773520.000,1,0,1,多换,S,6082.6000,6082.4000,6082.2000,6081.6000,6081.4000,6084.6000,6085.0000,6085.2000,6085.6000,6088.0000,1,1,1,1,2,2,1,2,1,3
SF,IC2103,2020-09-21 09:31:32.800,6084.6000,35135,0,454990440.000,1,0,1,多换,S,6082.6000,6082.4000,6082.2000,6081.6000,6081.4000,6084.6000,6085.0000,6085.2000,6085.6000,6088.0000,1,1,1,1,2,1,1,2,1,3
SF,IC2103,2020-09-21 09:31:33.300,6084.6000,35135,0,454990440.000,0,-,-,-,-,6082.8000,6082.6000,6082.4000,6082.2000,6081.6000,6084.4000,6084.6000,6085.0000,6085.2000,6085.6000,1,1,1,1,1,1,1,1,2,1
SF,IC2103,2020-09-21 09:31:33.800,6084.6000,35135,0,454990440.000,0,-,-,-,-,6082.6000,6082.4000,6082.2000,6081.6000,6081.4000,6084.4000,6084.6000,6085.0000,6085.2000,6085.6000,1,1,1,1,2,1,1,1,2,1
SF,IC2103,2020-09-21 09:31:34.300,6084.6000,35135,0,454990440.000,0,-,-,-,-,6082.8000,6082.6000,6082.4000,6082.2000,6081.6000,6084.4000,6084.6000,6085.0000,6085.2000,6085.6000,2,1,1,1,1,1,1,1,2,1
SF,IC2103,2020-09-21 09:31:34.800,6084.6000,35135,0,454990440.000,0,-,-,-,-,6082.8000,6082.6000,6082.4000,6082.2000,6081.6000,6084.4000,6084.6000,6085.0000,6085.2000,6085.6000,2,1,1,1,1,1,1,1,2,1
SF,IC2103,2020-09-21 09:31:35.300,6084.6000,35135,0,454990440.000,0,-,-,-,-,6083.0000,6082.8000,6082.4000,6082.2000,6081.6000,6084.4000,6084.6000,6085.0000,6085.2000,6085.6000,1,2,1,1,1,1,1,1,2,1
SF,IC2103,2020-09-21 09:31:35.800,6084.6000,35135,0,454990440.000,0,-,-,-,-,6083.2000,6083.0000,6082.8000,6082.4000,6082.2000,6084.4000,6084.6000,6085.0000,6085.2000,6085.6000,2,1,3,1,1,1,1,1,2,1
SF,IC2103,2020-09-21 09:31:36.300,6084.6000,35135,0,454990440.000,0,-,-,-,-,6083.2000,6083.0000,6082.8000,6082.2000,6081.4000,6084.4000,6084.6000,6085.0000,6085.2000,6085.6000,2,1,3,1,2,1,1,1,2,1
SF,IC2103,2020-09-21 09:31:36.800,6084.6000,35135,0,454990440.000,0,-,-,-,-,6083.2000,6083.0000,6082.8000,6082.2000,6081.4000,6084.6000,6085.0000,6085.2000,6085.6000,6088.0000,2,1,1,1,2,1,1,2,1,3
SF,IC2103,2020-09-21 09:31:37.300,6084.6000,35135,0,454990440.000,0,-,-,-,-,6083.0000,6082.8000,6082.2000,6081.4000,6081.2000,6084.4000,6084.6000,6085.0000,6085.2000,6085.6000,1,1,1,2,5,1,1,1,2,1
SF,IC2103,2020-09-21 09:31:38.300,6084.6000,35135,0,454990440.000,0,-,-,-,-,6083.2000,6083.0000,6082.8000,6082.2000,6081.4000,6084.2000,6084.6000,6085.0000,6085.2000,6085.6000,2,1,1,1,2,1,1,1,2,1
SF,IC2103,2020-09-21 09:31:38.800,6084.6000,35135,0,454990440.000,0,-,-,-,-,6083.4000,6083.2000,6083.0000,6082.8000,6082.2000,6084.2000,6084.6000,6085.0000,6085.2000,6085.6000,2,2,1,1,1,1,1,1,2,1
SF,IC2103,2020-09-21 09:31:39.300,6084.6000,35134,-1,456207360.000,1,0,1,双平,S,6084.0000,6083.8000,6083.2000,6082.8000,6082.2000,6085.0000,6085.2000,6085.6000,6088.0000,6088.4000,1,1,1,1,1,1,2,1,2,6
SF,IC2103,2020-09-21 09:31:39.800,6084.0000,35133,-1,457424160.000,1,0,1,双平,S,6084.2000,6083.8000,6083.4000,6083.2000,6082.8000,6085.0000,6085.2000,6085.6000,6088.0000,6088.4000,2,1,1,1,1,1,2,1,2,6
SF,IC2103,2020-09-21 09:31:40.300,6085.0000,35132,-1,458641160.000,1,0,1,双平,S,6084.4000,6084.2000,6083.8000,6083.4000,6083.2000,6085.2000,6085.6000,6088.0000,6088.4000,6089.0000,1,2,1,1,1,2,1,2,6,1
SF,IC2103,2020-09-21 09:31:40.800,6085.0000,35132,0,458641160.000,0,-,-,-,-,6084.6000,6084.4000,6084.2000,6083.8000,6083.4000,6085.2000,6085.6000,6088.0000,6088.4000,6089.0000,2,1,2,1,1,3,1,2,6,1
SF,IC2103,2020-09-21 09:31:41.300,6084.2000,35129,-3,462291720.000,3,0,3,双平,S,6083.8000,6083.4000,6083.2000,6082.8000,6081.2000,6085.2000,6085.6000,6088.0000,6088.4000,6089.0000,1,1,1,1,5,3,1,2,6,1
SF,IC2103,2020-09-21 09:31:41.800,6084.2000,35129,0,462291720.000,0,-,-,-,-,6084.0000,6083.8000,6083.2000,6082.8000,6081.2000,6085.2000,6085.6000,6088.0000,6088.4000,6089.0000,1,1,1,1,5,3,1,2,6,1
SF,IC2103,2020-09-21 09:31:42.800,6084.2000,35123,-6,472027560.000,8,1,7,多平,S,6084.0000,6083.8000,6082.8000,6081.2000,6079.2000,6084.2000,6088.0000,6088.4000,6089.0000,6089.4000,2,1,1,5,6,6,2,6,1,2
SF,IC2103,2020-09-21 09:31:43.300,6084.2000,35116,-7,484195960.000,10,1,9,多平,S,6085.6000,6084.4000,6084.2000,6084.0000,6083.8000,6088.0000,6088.4000,6089.0000,6089.4000,6090.0000,1,1,4,2,1,2,6,1,2,7
SF,IC2103,2020-09-21 09:31:43.800,6084.2000,35116,0,484195960.000,0,-,-,-,-,6087.6000,6087.2000,6085.8000,6085.6000,6084.6000,6088.0000,6088.4000,6089.0000,6089.4000,6090.0000,2,1,1,1,1,2,6,1,2,7
SF,IC2103,2020-09-21 09:31:44.300,6087.6000,35106,-10,496371160.000,10,0,10,双平,S,6085.8000,6085.6000,6084.6000,6084.4000,6082.8000,6088.0000,6088.4000,6089.0000,6089.4000,6090.0000,1,1,1,3,1,2,6,1,2,7
SF,IC2103,2020-09-21 09:31:44.800,6088.0000,35105,-1,498806360.000,2,0,2,多平,S,6086.2000,6085.8000,6085.6000,6084.6000,6084.4000,6088.4000,6089.0000,6089.4000,6090.0000,6090.6000,1,1,1,2,2,6,1,2,7,2
SF,IC2103,2020-09-21 09:31:45.300,6088.0000,35105,0,498806360.000,0,-,-,-,-,6086.4000,6086.2000,6085.6000,6084.6000,6084.4000,6088.4000,6089.0000,6089.4000,6090.0000,6090.6000,1,1,1,2,2,6,1,2,7,2
SF,IC2103,2020-09-21 09:31:45.800,6086.2000,35102,-3,502458240.000,3,0,3,双平,S,6085.6000,6084.6000,6084.4000,6082.8000,6081.2000,6088.4000,6089.0000,6089.4000,6090.0000,6090.6000,1,2,1,1,5,6,1,2,7,2
SF,IC2103,2020-09-21 09:31:46.300,6086.2000,35102,0,502458240.000,0,-,-,-,-,6085.8000,6085.6000,6084.6000,6084.4000,6082.8000,6088.2000,6088.4000,6089.0000,6089.4000,6090.0000,3,1,2,1,1,1,6,1,2,7
SF,IC2103,2020-09-21 09:31:46.800,6085.8000,35102,0,503675400.000,1,0,1,多换,S,6085.8000,6085.6000,6084.6000,6084.4000,6082.8000,6088.2000,6088.4000,6089.0000,6089.4000,6090.0000,2,1,2,1,1,1,6,1,2,7
SF,IC2103,2020-09-21 09:31:47.300,6085.8000,35103,1,504892560.000,1,1,0,双开,S,6085.8000,6085.6000,6084.6000,6084.4000,6082.8000,6088.2000,6088.4000,6089.0000,6089.4000,6090.0000,3,1,2,1,1,1,6,1,2,7
SF,IC2103,2020-09-21 09:31:47.800,6085.8000,35105,2,507326880.000,2,2,0,双开,S,6085.6000,6084.6000,6084.4000,6082.8000,6081.2000,6086.2000,6087.0000,6088.2000,6088.4000,6089.0000,1,2,1,1,5,1,1,1,6,1
SF,IC2103,2020-09-21 09:31:48.300,6085.4000,35100,-5,513412360.000,5,0,5,双平,S,6084.4000,6082.8000,6081.2000,6079.4000,6079.2000,6085.4000,6087.0000,6088.4000,6089.0000,6089.4000,1,1,5,1,6,1,1,6,1,2
SF,IC2103,2020-09-21 09:31:48.800,6085.4000,35100,0,513412360.000,0,-,-,-,-,6082.8000,6081.2000,6079.4000,6079.2000,6078.4000,6086.8000,6087.0000,6088.4000,6089.0000,6089.4000,1,5,1,6,5,1,1,6,1,2
SF,IC2103,2020-09-21 09:31:49.300,6085.4000,35100,0,513412360.000,0,-,-,-,-,6085.8000,6083.8000,6083.4000,6083.2000,6083.0000,6086.6000,6086.8000,6087.0000,6088.4000,6089.0000,1,1,1,1,1,2,1,1,6,1
SF,IC2103,2020-09-21 09:31:49.800,6085.8000,35099,-1,514629520.000,1,0,1,双平,S,6083.8000,6083.2000,6082.8000,6081.2000,6079.4000,6086.8000,6087.0000,6088.4000,6089.0000,6089.4000,1,1,1,5,1,1,1,6,1,2
SF,IC2103,2020-09-21 09:31:50.300,6085.8000,35099,0,514629520.000,0,-,-,-,-,6084.6000,6082.8000,6081.2000,6079.4000,6079.2000,6086.6000,6086.8000,6087.0000,6088.4000,6089.0000,1,1,5,1,6,3,1,1,6,1
SF,IC2103,2020-09-21 09:31:50.800,6084.6000,35099,0,515846440.000,1,0,1,多换,S,6082.8000,6081.2000,6079.4000,6079.2000,6078.4000,6085.8000,6086.4000,6086.6000,6086.8000,6087.0000,1,5,1,6,5,1,1,2,1,1
SF,IC2103,2020-09-21 09:31:51.300,6084.6000,35099,0,515846440.000,0,-,-,-,-,6083.4000,6083.0000,6082.8000,6081.2000,6080.0000,6085.6000,6085.8000,6086.4000,6086.8000,6087.0000,1,2,1,5,1,2,1,1,1,1
SF,IC2103,2020-09-21 09:31:51.800,6085.8000,35097,-2,519497840.000,3,0,3,多平,S,6083.0000,6082.8000,6081.2000,6080.0000,6079.4000,6086.8000,6087.0000,6088.4000,6089.0000,6089.4000,2,1,5,1,1,1,1,6,1,2
SF,IC2103,2020-09-21 09:31:52.300,6085.8000,35097,0,519497840.000,0,-,-,-,-,6085.2000,6083.8000,6083.4000,6083.2000,6083.0000,6087.0000,6088.4000,6089.0000,6089.4000,6090.0000,1,2,1,2,2,1,6,1,2,7
SF,IC2103,2020-09-21 09:31:52.800,6085.8000,35097,0,519497840.000,0,-,-,-,-,6085.4000,6083.8000,6083.4000,6083.2000,6083.0000,6087.0000,6088.4000,6089.0000,6089.4000,6090.0000,2,2,1,2,1,1,6,1,2,7
SF,IC2103,2020-09-21 09:31:53.300,6085.4000,35096,-1,520714920.000,1,0,1,双平,S,6085.4000,6083.8000,6083.4000,6083.2000,6082.8000,6085.8000,6086.8000,6087.0000,6088.4000,6089.0000,1,2,1,2,1,3,1,1,6,1
SF,IC2103,2020-09-21 09:31:53.800,6085.4000,35096,0,520714920.000,0,-,-,-,-,6084.0000,6083.8000,6083.4000,6083.2000,6082.8000,6085.8000,6086.8000,6087.0000,6088.4000,6089.0000,1,2,1,2,1,3,1,1,6,1
SF,IC2103,2020-09-21 09:31:54.300,6085.4000,35096,0,520714920.000,0,-,-,-,-,6084.2000,6084.0000,6083.8000,6083.4000,6083.2000,6085.8000,6087.0000,6088.4000,6089.0000,6089.4000,2,1,1,1,2,3,1,6,1,2
SF,IC2103,2020-09-21 09:31:54.800,6085.8000,35093,-3,524366400.000,3,0,3,双平,S,6084.2000,6084.0000,6083.8000,6083.4000,6083.2000,6087.0000,6088.4000,6089.0000,6089.4000,6090.0000,2,1,1,1,2,1,6,1,2,7
SF,IC2103,2020-09-21 09:31:55.300,6085.8000,35093,0,524366400.000,0,-,-,-,-,6084.4000,6084.2000,6084.0000,6083.8000,6083.4000,6088.4000,6089.0000,6089.4000,6090.0000,6090.6000,1,2,1,1,1,6,1,2,7,2
SF,IC2103,2020-09-21 09:31:55.800,6085.8000,35093,0,524366400.000,0,-,-,-,-,6084.6000,6084.4000,6084.2000,6084.0000,6083.8000,6088.2000,6088.4000,6089.0000,6089.4000,6090.0000,2,1,1,1,1,1,6,1,2,7
SF,IC2103,2020-09-21 09:31:56.300,6085.8000,35093,0,524366400.000,0,-,-,-,-,6084.8000,6084.6000,6084.2000,6084.0000,6083.8000,6088.0000,6088.2000,6088.4000,6089.0000,6089.4000,1,2,1,1,1,1,1,6,1,2
SF,IC2103,2020-09-21 09:31:56.800,6085.8000,35093,0,524366400.000,0,-,-,-,-,6085.0000,6084.8000,6084.6000,6084.2000,6084.0000,6087.8000,6088.0000,6088.4000,6089.0000,6089.4000,1,1,1,1,1,1,1,6,1,2
SF,IC2103,2020-09-21 09:31:57.300,6085.8000,35093,0,524366400.000,0,-,-,-,-,6085.2000,6085.0000,6084.6000,6084.2000,6084.0000,6087.8000,6088.4000,6089.0000,6089.4000,6090.0000,1,13,1,1,1,1,6,1,2,7
SF,IC2103,2020-09-21 09:31:57.800,6085.8000,35093,0,524366400.000,0,-,-,-,-,6085.4000,6085.2000,6085.0000,6084.6000,6084.2000,6087.6000,6087.8000,6088.4000,6089.0000,6089.4000,1,1,12,1,1,1,1,6,1,2
SF,IC2103,2020-09-21 09:31:58.300,6085.4000,35092,-1,525583480.000,1,0,1,双平,S,6085.2000,6085.0000,6084.6000,6084.2000,6084.0000,6087.6000,6087.8000,6088.4000,6089.0000,6089.4000,1,12,1,1,1,1,1,6,1,2
SF,IC2103,2020-09-21 09:31:58.800,6085.4000,35092,0,525583480.000,0,-,-,-,-,6085.2000,6085.0000,6084.2000,6084.0000,6083.8000,6087.4000,6088.4000,6089.0000,6089.4000,6090.0000,1,12,1,1,1,1,6,1,2,7
SF,IC2103,2020-09-21 09:31:59.300,6085.4000,35092,0,525583480.000,0,-,-,-,-,6085.2000,6085.0000,6084.2000,6084.0000,6083.8000,6087.2000,6087.4000,6088.4000,6089.0000,6089.4000,1,12,1,1,1,1,1,6,1,2
SF,IC2103,2020-09-21 09:31:59.800,6085.4000,35092,0,525583480.000,0,-,-,-,-,6085.4000,6085.0000,6084.2000,6084.0000,6083.8000,6087.2000,6087.4000,6088.0000,6088.4000,6089.0000,2,12,1,1,1,1,1,1,6,1
SF,IC2103,2020-09-21 09:32:00.300,6085.4000,35092,0,525583480.000,0,-,-,-,-,6085.6000,6085.4000,6085.0000,6084.2000,6084.0000,6087.2000,6088.0000,6088.4000,6089.0000,6089.4000,2,3,12,1,1,1,1,6,1,2
SF,IC2103,2020-09-21 09:32:00.800,6085.4000,35092,0,525583480.000,0,-,-,-,-,6086.0000,6085.8000,6085.4000,6085.0000,6084.6000,6087.2000,6088.0000,6088.4000,6089.0000,6089.4000,1,2,1,12,1,2,1,6,1,2
SF,IC2103,2020-09-21 09:32:01.300,6087.2000,35089,-3,532887040.000,6,1,5,多平,S,6086.2000,6085.0000,6084.6000,6084.2000,6084.0000,6087.2000,6088.0000,6088.4000,6089.0000,6089.4000,1,12,1,1,1,1,1,6,1,2
SF,IC2103,2020-09-21 09:32:01.800,6086.2000,35088,-1,534104280.000,1,0,1,双平,S,6085.0000,6084.6000,6084.2000,6084.0000,6083.8000,6087.0000,6087.2000,6088.0000,6088.4000,6089.0000,12,1,1,1,1,3,1,1,6,1
SF,IC2103,2020-09-21 09:32:02.300,6086.2000,35088,0,534104280.000,0,-,-,-,-,6085.2000,6085.0000,6084.6000,6084.0000,6083.8000,6086.8000,6087.0000,6087.2000,6088.0000,6088.4000,1,12,1,1,1,1,1,1,1,6
SF,IC2103,2020-09-21 09:32:02.800,6085.0000,35087,-1,537755320.000,3,1,2,多平,S,6085.0000,6084.6000,6084.0000,6083.8000,6083.4000,6086.4000,6086.8000,6087.0000,6087.2000,6088.0000,10,1,1,1,1,1,1,1,1,1
SF,IC2103,2020-09-21 09:32:03.300,6085.0000,35087,0,537755320.000,0,-,-,-,-,6085.0000,6084.6000,6084.0000,6083.8000,6082.8000,6086.2000,6086.4000,6087.2000,6088.0000,6088.4000,10,1,1,1,1,1,1,1,1,6
SF,IC2103,2020-09-21 09:32:04.800,6085.0000,35087,0,537755320.000,0,-,-,-,-,6085.0000,6084.6000,6084.0000,6083.8000,6082.8000,6086.2000,6087.2000,6088.0000,6088.4000,6089.0000,10,1,1,1,1,1,1,1,6,1
SF,IC2103,2020-09-21 09:32:05.300,6086.2000,35085,-2,540189800.000,2,0,2,双平,S,6085.0000,6084.6000,6084.0000,6083.8000,6082.8000,6087.2000,6088.0000,6088.4000,6089.0000,6089.4000,10,1,1,1,1,1,1,6,1,2
SF,IC2103,2020-09-21 09:32:05.800,6086.2000,35085,0,540189800.000,0,-,-,-,-,6085.0000,6084.6000,6084.0000,6083.8000,6082.8000,6087.0000,6087.2000,6088.0000,6088.4000,6089.0000,10,1,1,1,1,1,1,1,6,1
SF,IC2103,2020-09-21 09:32:06.800,6085.0000,35085,0,542623800.000,2,1,1,多换,S,6085.0000,6084.6000,6084.0000,6082.8000,6082.0000,6086.6000,6087.0000,6087.2000,6088.0000,6088.4000,8,1,1,1,2,2,1,1,1,6
SF,IC2103,2020-09-21 09:32:07.300,6085.0000,35085,0,547491800.000,4,2,2,多换,S,6085.0000,6084.6000,6084.0000,6082.8000,6082.0000,6086.2000,6086.4000,6087.2000,6088.0000,6088.4000,4,1,1,1,2,2,1,1,1,6
SF,IC2103,2020-09-21 09:32:07.800,6086.0000,35086,1,559662080.000,10,5,5,空开,S,6084.0000,6082.8000,6082.0000,6081.2000,6080.0000,6086.0000,6087.2000,6088.0000,6088.4000,6089.0000,1,1,2,5,2,2,1,1,6,1
SF,IC2103,2020-09-21 09:32:08.300,6084.0000,35086,0,560878880.000,1,0,1,多换,S,6082.8000,6082.0000,6081.2000,6080.0000,6079.4000,6085.6000,6085.8000,6087.2000,6088.0000,6088.4000,1,2,5,2,1,2,3,1,1,6
SF,IC2103,2020-09-21 09:32:08.800,6084.0000,35086,0,560878880.000,0,-,-,-,-,6082.8000,6082.0000,6081.2000,6080.0000,6079.4000,6085.0000,6085.4000,6085.6000,6085.8000,6087.2000,1,2,5,2,1,2,4,2,1,1
SF,IC2103,2020-09-21 09:32:09.300,6084.0000,35086,0,560878880.000,0,-,-,-,-,6083.0000,6082.8000,6082.0000,6081.2000,6080.0000,6084.8000,6085.0000,6085.4000,6085.8000,6087.2000,1,1,2,5,2,1,2,3,1,1
SF,IC2103,2020-09-21 09:32:09.800,6084.0000,35086,0,560878880.000,0,-,-,-,-,6083.0000,6082.8000,6082.0000,6081.2000,6080.0000,6085.0000,6085.4000,6087.2000,6088.0000,6088.4000,1,1,2,5,2,2,2,1,1,6
SF,IC2103,2020-09-21 09:32:10.300,6085.0000,35084,-2,563312880.000,2,0,2,双平,S,6083.0000,6082.8000,6082.0000,6081.2000,6080.0000,6085.4000,6087.2000,6088.0000,6088.4000,6089.0000,1,1,2,5,2,2,1,1,6,1
SF,IC2103,2020-09-21 09:32:11.300,6085.0000,35084,0,563312880.000,0,-,-,-,-,6084.4000,6083.0000,6082.8000,6082.0000,6081.2000,6085.0000,6085.2000,6085.4000,6087.2000,6088.0000,1,1,1,2,5,11,1,2,1,1
SF,IC2103,2020-09-21 09:32:11.800,6084.4000,35084,0,564529760.000,1,0,1,多换,S,6083.0000,6082.8000,6082.0000,6081.2000,6080.0000,6085.0000,6085.2000,6085.4000,6087.2000,6088.0000,1,1,2,5,2,11,1,1,1,1
SF,IC2103,2020-09-21 09:32:12.300,6084.4000,35084,0,564529760.000,0,-,-,-,-,6084.0000,6083.2000,6083.0000,6082.8000,6082.0000,6085.0000,6087.2000,6088.0000,6088.4000,6089.0000,1,1,4,1,2,10,1,1,6,1
SF,IC2103,2020-09-21 09:32:12.800,6083.0000,35071,-13,580349600.000,13,0,13,双平,S,6083.0000,6082.8000,6082.0000,6081.2000,6080.0000,6087.2000,6088.0000,6088.4000,6089.0000,6089.4000,2,1,2,5,2,1,1,6,1,2
SF,IC2103,2020-09-21 09:32:13.300,6083.0000,35071,0,580349600.000,0,-,-,-,-,6084.2000,6083.2000,6083.0000,6082.8000,6082.0000,6086.4000,6086.6000,6087.0000,6087.2000,6087.4000,1,1,2,1,2,1,1,2,1,1
SF,IC2103,2020-09-21 09:32:13.800,6083.0000,35070,-1,581566200.000,1,0,1,双平,S,6083.0000,6082.8000,6082.0000,6081.2000,6080.0000,6086.4000,6086.6000,6087.0000,6087.4000,6088.0000,2,1,2,5,2,1,1,2,1,1
SF,IC2103,2020-09-21 09:32:14.300,6086.4000,35070,0,584000720.000,2,1,1,多换,S,6084.0000,6083.8000,6083.6000,6083.2000,6083.0000,6087.4000,6088.0000,6088.4000,6089.0000,6089.4000,1,1,2,3,2,1,1,6,1,2
SF,IC2103,2020-09-21 09:32:14.800,6086.4000,35070,0,584000720.000,0,-,-,-,-,6084.2000,6084.0000,6082.8000,6082.0000,6081.2000,6087.2000,6087.4000,6088.0000,6088.4000,6089.0000,1,1,1,2,5,4,1,1,6,1
SF,IC2103,2020-09-21 09:32:15.300,6086.4000,35070,0,584000720.000,0,-,-,-,-,6084.2000,6084.0000,6083.0000,6082.8000,6082.0000,6087.2000,6087.4000,6088.0000,6088.4000,6089.0000,1,1,1,1,2,4,1,1,6,1
SF,IC2103,2020-09-21 09:32:15.800,6086.4000,35070,0,584000720.000,0,-,-,-,-,6084.2000,6083.0000,6082.8000,6082.0000,6081.2000,6087.2000,6087.4000,6088.0000,6088.4000,6089.0000,1,1,1,2,5,3,1,1,6,1
SF,IC2103,2020-09-21 09:32:16.300,6086.4000,35070,0,584000720.000,0,-,-,-,-,6084.2000,6083.4000,6083.2000,6083.0000,6082.8000,6087.0000,6087.2000,6087.4000,6088.0000,6088.4000,1,1,1,1,1,1,3,1,1,6
SF,IC2103,2020-09-21 09:32:16.800,6086.4000,35070,0,584000720.000,0,-,-,-,-,6084.2000,6083.4000,6083.2000,6083.0000,6082.8000,6086.4000,6086.6000,6086.8000,6087.0000,6087.2000,1,1,1,1,1,1,1,1,1,1
SF,IC2103,2020-09-21 09:32:17.300,6084.2000,35069,-1,585217560.000,1,0,1,双平,S,6083.4000,6083.2000,6083.0000,6082.0000,6080.0000,6086.2000,6086.4000,6086.6000,6087.2000,6087.4000,1,1,1,2,2,1,1,1,1,1
SF,IC2103,2020-09-21 09:32:17.800,6086.0000,35068,-1,586434760.000,1,0,1,双平,S,6083.6000,6083.4000,6083.2000,6083.0000,6082.0000,6086.0000,6086.2000,6086.4000,6087.2000,6087.4000,1,1,1,1,2,2,1,1,1,1
SF,IC2103,2020-09-21 09:32:18.300,6086.0000,35068,0,586434760.000,0,-,-,-,-,6083.6000,6083.0000,6082.0000,6080.0000,6079.2000,6085.6000,6085.8000,6086.0000,6087.2000,6087.4000,1,1,2,2,1,2,1,2,1,1
SF,IC2103,2020-09-21 09:32:18.800,6086.0000,35068,0,586434760.000,0,-,-,-,-,6083.0000,6082.0000,6080.0000,6079.2000,6078.4000,6085.4000,6085.6000,6086.0000,6087.2000,6087.4000,1,2,2,1,5,1,2,1,1,1
SF,IC2103,2020-09-21 09:32:19.300,6085.4000,35067,-1,587651840.000,1,0,1,双平,S,6083.2000,6083.0000,6082.0000,6080.0000,6079.2000,6086.0000,6087.4000,6088.0000,6088.4000,6089.0000,1,2,2,2,1,1,1,1,6,1
SF,IC2103,2020-09-21 09:32:19.800,6085.4000,35067,0,587651840.000,0,-,-,-,-,6083.2000,6083.0000,6082.0000,6080.0000,6079.2000,6084.2000,6085.8000,6087.4000,6088.0000,6088.4000,1,1,2,2,1,2,1,1,1,6
SF,IC2103,2020-09-21 09:32:20.300,6084.2000,35065,-2,590085520.000,2,0,2,双平,S,6083.0000,6082.0000,6080.0000,6079.2000,6078.4000,6085.8000,6087.4000,6088.0000,6088.4000,6089.0000,1,2,2,1,5,1,1,1,6,1
SF,IC2103,2020-09-21 09:32:20.800,6084.2000,35065,0,590085520.000,0,-,-,-,-,6083.8000,6083.2000,6083.0000,6082.0000,6080.0000,6087.4000,6088.0000,6088.4000,6089.0000,6089.4000,1,3,2,2,2,1,1,6,1,2
SF,IC2103,2020-09-21 09:32:21.300,6084.2000,35065,0,590085520.000,0,-,-,-,-,6084.2000,6084.0000,6083.8000,6083.4000,6083.0000,6087.0000,6087.2000,6087.4000,6088.0000,6088.4000,2,6,1,1,1,1,1,1,1,6
SF,IC2103,2020-09-21 09:32:21.800,6084.2000,35065,0,590085520.000,0,-,-,-,-,6084.4000,6084.2000,6084.0000,6083.8000,6083.4000,6087.2000,6087.4000,6088.0000,6088.4000,6089.0000,3,2,2,1,1,1,1,1,6,2
SF,IC2103,2020-09-21 09:32:22.300,6084.2000,35065,0,590085520.000,0,-,-,-,-,6084.4000,6084.2000,6084.0000,6083.8000,6083.4000,6087.2000,6087.4000,6088.0000,6088.4000,6089.0000,2,2,2,1,1,1,1,1,6,2
SF,IC2103,2020-09-21 09:32:22.800,6084.2000,35065,0,590085520.000,0,-,-,-,-,6084.4000,6084.2000,6084.0000,6083.8000,6083.4000,6087.2000,6087.4000,6088.0000,6088.4000,6089.0000,2,2,2,1,1,1,1,1,6,2
SF,IC2103,2020-09-21 09:32:23.300,6084.2000,35065,0,590085520.000,0,-,-,-,-,6084.8000,6084.4000,6084.2000,6084.0000,6083.8000,6087.2000,6088.0000,6088.4000,6089.0000,6089.4000,1,3,2,2,1,1,1,6,2,2
SF,IC2103,2020-09-21 09:32:23.800,6084.2000,35062,-3,593736040.000,3,0,3,双平,S,6084.4000,6084.2000,6084.0000,6083.8000,6083.4000,6087.2000,6088.0000,6088.4000,6089.0000,6089.4000,1,2,2,1,1,1,1,6,2,2
SF,IC2103,2020-09-21 09:32:24.300,6084.2000,35062,0,593736040.000,0,-,-,-,-,6086.0000,6085.0000,6084.4000,6084.2000,6084.0000,6087.0000,6087.2000,6088.0000,6088.4000,6089.0000,1,1,1,2,2,2,1,1,6,1
SF,IC2103,2020-09-21 09:32:24.800,6087.0000,35061,-1,596170640.000,2,0,2,多平,S,6085.0000,6084.4000,6084.2000,6084.0000,6083.8000,6087.0000,6088.0000,6088.4000,6089.0000,6089.4000,1,1,2,2,1,2,1,6,1,2
SF,IC2103,2020-09-21 09:32:25.300,6087.0000,35060,-1,597388040.000,1,0,1,双平,S,6085.8000,6085.2000,6085.0000,6084.4000,6084.2000,6087.0000,6088.0000,6088.4000,6089.0000,6089.4000,2,2,1,1,2,1,1,6,1,2
SF,IC2103,2020-09-21 09:32:25.800,6087.0000,35059,-1,598605440.000,1,0,1,双平,S,6086.2000,6086.0000,6085.8000,6085.2000,6085.0000,6088.0000,6088.4000,6089.0000,6089.4000,6090.0000,1,1,1,2,1,1,6,1,2,8
SF,IC2103,2020-09-21 09:32:26.300,6086.4000,35058,-1,599822720.000,1,0,1,双平,S,6086.4000,6086.2000,6085.8000,6085.2000,6085.0000,6088.0000,6088.4000,6089.0000,6089.4000,6090.0000,1,1,1,1,1,1,6,1,2,8
SF,IC2103,2020-09-21 09:32:26.800,6086.4000,35058,0,599822720.000,0,-,-,-,-,6086.8000,6086.4000,6085.8000,6085.2000,6085.0000,6088.0000,6088.4000,6089.0000,6089.4000,6090.0000,2,2,1,1,1,1,6,1,2,8
SF,IC2103,2020-09-21 09:32:27.300,6086.4000,35057,-1,601040000.000,1,0,1,双平,S,6085.8000,6085.0000,6084.4000,6084.2000,6084.0000,6086.0000,6086.2000,6087.8000,6088.0000,6088.4000,1,1,1,2,1,2,4,1,1,6
SF,IC2103,2020-09-21 09:32:27.800,6086.0000,35055,-2,605908840.000,4,1,3,多平,S,6086.0000,6085.8000,6085.0000,6084.4000,6084.2000,6086.2000,6087.8000,6088.0000,6088.4000,6089.0000,1,1,1,1,2,3,1,1,6,1
SF,IC2103,2020-09-21 09:32:28.300,6086.2000,35052,-3,610777760.000,4,0,4,多平,S,6085.8000,6084.4000,6084.2000,6084.0000,6083.8000,6087.8000,6088.0000,6088.4000,6089.0000,6089.4000,1,1,2,1,1,1,1,6,1,2
SF,IC2103,2020-09-21 09:32:28.800,6086.2000,35052,0,610777760.000,0,-,-,-,-,6085.8000,6084.4000,6084.2000,6084.0000,6083.8000,6087.4000,6087.8000,6088.0000,6088.4000,6089.0000,1,1,2,1,1,1,1,1,6,1
SF,IC2103,2020-09-21 09:32:29.300,6086.2000,35052,0,610777760.000,0,-,-,-,-,6085.8000,6084.4000,6084.2000,6084.0000,6083.8000,6087.8000,6088.0000,6088.4000,6089.0000,6089.4000,1,1,2,1,1,1,1,6,1,2
SF,IC2103,2020-09-21 09:32:29.800,6086.2000,35052,0,610777760.000,0,-,-,-,-,6086.8000,6085.8000,6084.4000,6084.2000,6084.0000,6087.8000,6088.0000,6088.4000,6089.0000,6089.4000,2,1,1,2,1,1,1,6,1,2
SF,IC2103,2020-09-21 09:32:30.300,6086.8000,35050,-2,613212480.000,2,0,2,双平,S,6085.8000,6084.4000,6084.2000,6084.0000,6083.8000,6087.8000,6088.0000,6088.4000,6089.0000,6089.4000,1,1,2,1,1,1,1,6,1,2
SF,IC2103,2020-09-21 09:32:30.800,6085.8000,35049,-1,615646800.000,2,0,2,多平,S,6084.4000,6084.2000,6084.0000,6083.8000,6083.0000,6086.6000,6087.4000,6087.6000,6087.8000,6088.0000,1,2,1,1,1,5,1,2,1,1
SF,IC2103,2020-09-21 09:32:31.300,6086.4000,35048,-1,616864080.000,1,0,1,双平,S,6086.0000,6084.4000,6084.2000,6084.0000,6083.8000,6086.4000,6086.6000,6087.6000,6088.0000,6088.4000,1,1,2,1,1,1,5,1,1,6
SF,IC2103,2020-09-21 09:32:31.800,6086.0000,35045,-3,624165840.000,6,1,5,多平,S,6083.8000,6083.0000,6082.0000,6080.2000,6080.0000,6086.6000,6087.6000,6088.0000,6088.4000,6089.0000,1,1,2,1,2,5,1,1,6,1
SF,IC2103,2020-09-21 09:32:32.300,6084.4000,35045,0,625382720.000,1,0,1,多换,S,6083.8000,6083.0000,6082.2000,6082.0000,6080.2000,6086.0000,6086.4000,6086.6000,6087.6000,6088.0000,1,1,1,2,1,1,2,5,1,1
SF,IC2103,2020-09-21 09:32:32.800,6083.8000,35044,-1,627816240.000,2,0,2,多平,S,6083.0000,6082.2000,6082.0000,6080.2000,6080.0000,6085.8000,6086.0000,6086.4000,6086.6000,6087.0000,1,1,2,1,2,1,1,1,5,11
SF,IC2103,2020-09-21 09:32:33.300,6083.8000,35044,0,627816240.000,0,-,-,-,-,6083.2000,6083.0000,6082.2000,6082.0000,6080.2000,6085.6000,6085.8000,6086.6000,6087.0000,6088.0000,1,1,1,2,1,1,1,5,11,2
SF,IC2103,2020-09-21 09:32:33.800,6083.8000,35044,0,627816240.000,0,-,-,-,-,6083.2000,6083.0000,6082.2000,6082.0000,6080.2000,6085.4000,6085.6000,6086.6000,6087.0000,6088.0000,1,1,1,2,1,1,1,5,11,2
SF,IC2103,2020-09-21 09:32:34.300,6083.8000,35044,0,627816240.000,0,-,-,-,-,6083.2000,6083.0000,6082.2000,6082.0000,6080.2000,6085.2000,6085.4000,6085.6000,6086.6000,6087.0000,1,1,1,2,1,1,1,1,5,11
SF,IC2103,2020-09-21 09:32:34.800,6083.8000,35044,0,627816240.000,0,-,-,-,-,6083.2000,6083.0000,6082.2000,6082.0000,6080.0000,6085.2000,6085.4000,6085.6000,6086.6000,6087.0000,1,1,1,2,2,1,1,1,5,11
SF,IC2103,2020-09-21 09:32:35.300,6083.8000,35044,0,627816240.000,0,-,-,-,-,6083.2000,6083.0000,6082.2000,6082.0000,6080.0000,6085.0000,6085.6000,6086.6000,6087.0000,6088.0000,1,1,1,2,2,1,1,5,11,2
SF,IC2103,2020-09-21 09:32:35.800,6083.8000,35044,0,627816240.000,0,-,-,-,-,6083.0000,6082.2000,6082.0000,6080.0000,6079.2000,6084.6000,6084.8000,6085.0000,6085.6000,6086.6000,1,1,2,2,1,1,1,1,1,5
SF,IC2103,2020-09-21 09:32:36.300,6083.8000,35044,0,627816240.000,0,-,-,-,-,6083.2000,6083.0000,6082.2000,6082.0000,6080.0000,6084.8000,6085.0000,6085.6000,6086.6000,6087.0000,1,1,1,2,2,1,1,1,5,11
SF,IC2103,2020-09-21 09:32:36.800,6083.8000,35044,0,627816240.000,0,-,-,-,-,6083.0000,6082.2000,6082.0000,6080.0000,6079.2000,6084.4000,6084.8000,6085.0000,6085.6000,6086.6000,1,1,2,2,1,1,1,1,1,5
SF,IC2103,2020-09-21 09:32:37.800,6083.8000,35044,0,627816240.000,0,-,-,-,-,6083.2000,6083.0000,6082.2000,6082.0000,6080.0000,6084.8000,6085.0000,6085.6000,6086.6000,6087.0000,1,1,1,2,2,1,1,1,5,11
SF,IC2103,2020-09-21 09:32:38.300,6084.6000,35040,-4,635116800.000,6,1,5,多平,S,6082.2000,6082.0000,6080.0000,6079.2000,6078.4000,6084.6000,6084.8000,6085.6000,6086.6000,6087.0000,1,2,2,1,5,1,1,1,5,11
SF,IC2103,2020-09-21 09:32:38.800,6082.0000,35039,-1,638766560.000,3,1,2,多平,S,6082.4000,6082.0000,6080.0000,6079.2000,6078.4000,6083.0000,6084.4000,6084.6000,6084.8000,6085.6000,2,1,2,1,5,1,1,2,1,1
SF,IC2103,2020-09-21 09:32:39.300,6082.0000,35039,0,642415920.000,3,1,2,多换,S,6080.0000,6079.2000,6078.4000,6078.0000,6076.4000,6083.0000,6084.6000,6084.8000,6085.6000,6086.6000,2,1,5,3,5,1,1,1,1,5
SF,IC2103,2020-09-21 09:32:39.800,6082.0000,35039,0,642415920.000,0,-,-,-,-,6080.0000,6079.2000,6078.4000,6078.0000,6076.4000,6082.8000,6083.0000,6084.6000,6084.8000,6086.6000,2,1,5,3,5,3,1,1,1,5
SF,IC2103,2020-09-21 09:32:40.300,6082.6000,35039,0,646064960.000,3,1,2,多换,S,6080.2000,6080.0000,6079.2000,6078.4000,6078.0000,6082.6000,6082.8000,6083.0000,6084.6000,6084.8000,2,1,1,5,3,1,2,1,1,1
SF,IC2103,2020-09-21 09:32:40.800,6082.6000,35039,0,646064960.000,0,-,-,-,-,6080.6000,6080.4000,6080.2000,6080.0000,6079.2000,6082.4000,6082.6000,6082.8000,6083.0000,6084.6000,1,1,2,1,1,1,1,1,1,1
SF,IC2103,2020-09-21 09:32:41.300,6080.6000,35038,-1,647281080.000,1,0,1,双平,S,6080.2000,6080.0000,6079.2000,6078.4000,6078.0000,6082.4000,6082.8000,6083.0000,6084.6000,6084.8000,2,1,1,5,3,1,1,1,1,1
SF,IC2103,2020-09-21 09:32:41.800,6080.6000,35038,0,647281080.000,0,-,-,-,-,6080.2000,6080.0000,6079.2000,6078.4000,6078.0000,6082.2000,6082.4000,6082.8000,6083.0000,6084.6000,2,1,1,5,3,1,1,1,1,1
SF,IC2103,2020-09-21 09:32:42.300,6082.4000,35037,-1,648497560.000,1,0,1,双平,S,6080.6000,6080.4000,6080.2000,6080.0000,6079.2000,6082.8000,6083.0000,6084.6000,6084.8000,6086.6000,1,1,2,1,1,1,1,1,1,5
SF,IC2103,2020-09-21 09:32:42.800,6083.0000,35034,-3,652147280.000,3,0,3,双平,S,6080.8000,6080.6000,6080.2000,6080.0000,6079.2000,6084.6000,6084.8000,6086.6000,6087.0000,6088.0000,2,1,2,1,1,1,1,5,11,2
SF,IC2103,2020-09-21 09:32:43.300,6083.0000,35034,0,652147280.000,0,-,-,-,-,6081.0000,6080.8000,6080.2000,6080.0000,6079.2000,6084.4000,6084.6000,6084.8000,6086.6000,6087.0000,1,2,2,1,1,2,1,1,5,11
SF,IC2103,2020-09-21 09:32:43.800,6081.2000,35033,-1,653363520.000,1,0,1,双平,S,6080.8000,6080.2000,6080.0000,6079.2000,6078.4000,6084.4000,6084.6000,6084.8000,6086.6000,6087.0000,1,2,1,1,5,2,1,1,5,11
SF,IC2103,2020-09-21 09:32:44.300,6081.2000,35033,0,653363520.000,0,-,-,-,-,6081.0000,6080.8000,6080.0000,6079.2000,6078.4000,6084.4000,6084.6000,6084.8000,6086.6000,6087.0000,1,1,1,1,5,1,1,1,5,11
SF,IC2103,2020-09-21 09:32:44.800,6081.2000,35033,0,653363520.000,0,-,-,-,-,6081.0000,6080.0000,6079.2000,6078.4000,6078.0000,6084.4000,6084.6000,6084.8000,6086.6000,6087.0000,1,1,1,5,3,1,1,1,5,11
SF,IC2103,2020-09-21 09:32:45.300,6081.2000,35033,0,653363520.000,0,-,-,-,-,6081.2000,6080.0000,6079.2000,6078.4000,6078.0000,6084.2000,6084.4000,6084.6000,6084.8000,6086.6000,1,1,1,5,3,2,1,1,1,5
SF,IC2103,2020-09-21 09:32:45.800,6081.2000,35033,0,653363520.000,0,-,-,-,-,6080.0000,6079.2000,6078.4000,6078.0000,6076.4000,6084.0000,6084.2000,6084.6000,6084.8000,6086.6000,1,1,5,3,5,2,2,1,1,5
SF,IC2103,2020-09-21 09:32:46.300,6081.2000,35033,0,653363520.000,0,-,-,-,-,6080.2000,6080.0000,6079.2000,6078.4000,6078.0000,6083.8000,6084.0000,6084.6000,6084.8000,6086.6000,1,1,1,5,3,1,2,1,1,5
SF,IC2103,2020-09-21 09:32:46.800,6081.2000,35033,0,653363520.000,0,-,-,-,-,6080.4000,6080.2000,6080.0000,6079.2000,6078.4000,6083.6000,6083.8000,6084.0000,6084.6000,6084.8000,2,1,1,1,5,1,1,1,1,1
SF,IC2103,2020-09-21 09:32:47.300,6081.2000,35033,0,653363520.000,0,-,-,-,-,6080.6000,6080.4000,6080.0000,6079.2000,6078.4000,6084.6000,6084.8000,6086.6000,6087.0000,6088.0000,3,2,1,1,5,1,1,5,11,2
SF,IC2103,2020-09-21 09:32:47.800,6084.6000,35033,0,654580440.000,1,0,1,多换,S,6081.0000,6080.8000,6080.6000,6080.4000,6080.0000,6084.8000,6086.6000,6087.0000,6088.0000,6088.4000,1,3,2,1,1,1,5,11,2,6
SF,IC2103,2020-09-21 09:32:48.300,6084.8000,35033,0,655797400.000,1,0,1,多换,S,6081.2000,6081.0000,6080.8000,6080.4000,6080.0000,6086.6000,6087.0000,6088.0000,6088.4000,6089.0000,3,1,2,1,1,5,11,2,6,1
SF,IC2103,2020-09-21 09:32:48.800,6084.8000,35033,0,655797400.000,0,-,-,-,-,6081.8000,6081.4000,6081.2000,6081.0000,6080.8000,6086.2000,6086.4000,6086.6000,6087.0000,6088.0000,1,2,2,1,2,1,1,5,11,2
SF,IC2103,2020-09-21 09:32:49.300,6084.8000,35033,0,655797400.000,0,-,-,-,-,6082.0000,6081.8000,6081.0000,6080.8000,6080.4000,6086.0000,6086.2000,6086.6000,6087.0000,6088.0000,4,1,1,2,1,1,1,5,11,2
SF,IC2103,2020-09-21 09:32:49.800,6084.8000,35033,0,655797400.000,0,-,-,-,-,6082.8000,6082.0000,6081.8000,6081.0000,6080.8000,6085.6000,6086.0000,6086.6000,6087.0000,6088.0000,1,3,1,1,2,1,1,5,11,2
SF,IC2103,2020-09-21 09:32:50.300,6084.8000,35033,0,655797400.000,0,-,-,-,-,6083.0000,6082.0000,6081.0000,6080.0000,6079.2000,6085.0000,6085.4000,6085.6000,6086.6000,6087.0000,2,1,1,1,1,1,2,1,5,11
SF,IC2103,2020-09-21 09:32:50.800,6084.8000,35033,0,655797400.000,0,-,-,-,-,6081.0000,6080.0000,6079.2000,6078.4000,6078.0000,6084.8000,6085.0000,6085.6000,6086.6000,6087.0000,1,1,1,5,3,1,1,1,5,11
SF,IC2103,2020-09-21 09:32:51.300,6084.8000,35033,0,657014360.000,1,0,1,多换,S,6084.8000,6081.2000,6081.0000,6080.0000,6079.2000,6085.6000,6086.6000,6087.0000,6088.0000,6088.4000,2,4,1,1,1,1,5,11,2,6
SF,IC2103,2020-09-21 09:32:51.800,6084.8000,35033,0,659448280.000,2,1,1,多换,S,6081.2000,6081.0000,6080.0000,6079.2000,6078.4000,6085.4000,6086.6000,6087.0000,6088.0000,6088.4000,4,1,1,1,5,1,5,11,2,6
SF,IC2103,2020-09-21 09:32:52.300,6084.8000,35033,0,659448280.000,0,-,-,-,-,6081.4000,6081.2000,6081.0000,6080.0000,6079.2000,6085.2000,6086.6000,6087.0000,6088.0000,6088.4000,1,3,1,1,1,1,5,11,2,6
SF,IC2103,2020-09-21 09:32:52.800,6084.8000,35033,0,659448280.000,0,-,-,-,-,6081.6000,6081.2000,6081.0000,6080.0000,6079.2000,6085.2000,6086.6000,6087.0000,6088.0000,6088.4000,3,1,2,1,1,1,5,11,2,6
SF,IC2103,2020-09-21 09:32:53.300,6084.8000,35033,0,659448280.000,0,-,-,-,-,6081.8000,6081.6000,6081.2000,6081.0000,6080.0000,6084.8000,6085.2000,6086.6000,6087.0000,6088.0000,4,2,1,2,1,5,1,5,11,2
SF,IC2103,2020-09-21 09:32:53.800,6084.8000,35028,-5,665533080.000,5,0,5,双平,S,6082.0000,6081.8000,6081.2000,6081.0000,6080.0000,6086.6000,6087.0000,6088.0000,6088.4000,6089.0000,3,2,1,2,1,5,11,2,6,1
SF,IC2103,2020-09-21 09:32:54.300,6084.8000,35028,0,665533080.000,0,-,-,-,-,6083.0000,6082.2000,6082.0000,6081.8000,6081.2000,6086.4000,6086.6000,6087.0000,6088.0000,6088.4000,1,6,2,2,1,1,5,11,2,6
SF,IC2103,2020-09-21 09:32:54.800,6084.8000,35028,0,665533080.000,0,-,-,-,-,6083.2000,6083.0000,6082.2000,6081.8000,6081.0000,6086.4000,6086.6000,6087.0000,6088.0000,6088.4000,2,1,4,2,2,1,5,11,2,6
SF,IC2103,2020-09-21 09:32:55.300,6083.2000,35026,-2,667966360.000,2,0,2,双平,S,6081.0000,6080.0000,6079.2000,6078.4000,6078.0000,6086.0000,6086.2000,6086.4000,6086.6000,6087.0000,2,1,1,5,3,1,2,1,5,11
SF,IC2103,2020-09-21 09:32:55.800,6083.2000,35026,0,667966360.000,0,-,-,-,-,6081.2000,6081.0000,6080.0000,6079.2000,6078.4000,6085.8000,6086.0000,6086.2000,6086.6000,6087.0000,2,2,1,1,5,2,1,1,5,11
SF,IC2103,2020-09-21 09:32:56.300,6083.2000,35026,0,667966360.000,0,-,-,-,-,6081.2000,6081.0000,6080.0000,6079.2000,6078.4000,6085.2000,6085.6000,6085.8000,6086.2000,6086.6000,1,2,1,1,5,1,1,2,1,5
SF,IC2103,2020-09-21 09:32:56.800,6083.2000,35026,0,667966360.000,0,-,-,-,-,6081.0000,6080.0000,6079.2000,6078.4000,6078.0000,6085.0000,6085.2000,6085.6000,6086.6000,6087.0000,2,1,1,5,3,2,1,1,5,11
SF,IC2103,2020-09-21 09:32:57.300,6083.2000,35026,0,667966360.000,0,-,-,-,-,6081.2000,6081.0000,6080.0000,6079.2000,6078.4000,6084.6000,6085.0000,6086.6000,6087.0000,6088.0000,4,2,1,1,5,1,2,5,11,2
SF,IC2103,2020-09-21 09:32:57.800,6084.4000,35025,-1,669183240.000,1,0,1,双平,S,6081.4000,6081.2000,6081.0000,6080.0000,6079.2000,6084.0000,6084.4000,6085.0000,6086.6000,6087.0000,2,3,2,1,1,1,1,1,5,11
SF,IC2103,2020-09-21 09:32:58.300,6082.0000,35024,-1,671616440.000,2,0,2,多平,S,6081.6000,6081.4000,6081.2000,6081.0000,6080.0000,6083.2000,6085.0000,6085.8000,6086.6000,6087.0000,3,2,2,2,1,1,1,5,5,11
SF,IC2103,2020-09-21 09:32:58.800,6083.2000,35023,-1,672833080.000,1,0,1,双平,S,6083.2000,6082.0000,6081.8000,6081.6000,6081.2000,6085.0000,6085.8000,6086.6000,6087.0000,6088.0000,1,1,1,1,2,1,5,5,11,2
SF,IC2103,2020-09-21 09:32:59.300,6083.2000,35023,0,672833080.000,0,-,-,-,-,6083.4000,6083.2000,6082.0000,6081.6000,6081.0000,6084.8000,6085.0000,6085.8000,6086.6000,6087.0000,1,2,1,1,2,1,1,5,5,11
SF,IC2103,2020-09-21 09:32:59.800,6083.2000,35020,-3,676483080.000,3,0,3,双平,S,6083.2000,6082.0000,6081.0000,6080.4000,6080.0000,6084.4000,6084.8000,6085.0000,6085.8000,6086.6000,2,1,2,1,1,2,1,1,5,5
SF,IC2103,2020-09-21 09:33:00.300,6083.2000,35020,0,676483080.000,0,-,-,-,-,6083.2000,6082.0000,6081.0000,6080.4000,6080.0000,6084.4000,6084.8000,6085.0000,6085.8000,6086.6000,2,1,2,1,1,1,1,1,5,5
SF,IC2103,2020-09-21 09:33:00.800,6083.2000,35020,0,678916360.000,2,1,1,多换,S,6081.0000,6080.4000,6080.0000,6079.2000,6078.4000,6083.4000,6084.2000,6084.4000,6085.0000,6085.8000,2,1,1,1,5,2,3,1,1,5
SF,IC2103,2020-09-21 09:33:01.300,6083.4000,35017,-3,683783080.000,4,0,4,多平,S,6081.2000,6081.0000,6080.4000,6080.0000,6079.2000,6084.4000,6085.0000,6085.8000,6086.6000,6087.0000,1,2,1,1,1,1,1,5,5,11
SF,IC2103,2020-09-21 09:33:01.800,6083.4000,35017,0,683783080.000,0,-,-,-,-,6081.2000,6081.0000,6080.4000,6080.0000,6079.2000,6084.2000,6084.4000,6085.0000,6085.8000,6086.6000,1,2,1,1,1,3,1,1,5,5
SF,IC2103,2020-09-21 09:33:02.300,6084.2000,35016,-1,684999920.000,1,0,1,双平,S,6082.6000,6081.4000,6081.2000,6081.0000,6080.4000,6084.4000,6085.0000,6085.8000,6086.6000,6087.0000,1,1,1,2,1,1,1,5,5,11
SF,IC2103,2020-09-21 09:33:02.800,6084.4000,35014,-2,688650680.000,3,0,3,多平,S,6082.8000,6081.4000,6081.0000,6080.4000,6080.0000,6085.8000,6086.6000,6087.0000,6088.0000,6088.4000,1,1,2,1,1,5,5,11,2,6
SF,IC2103,2020-09-21 09:33:03.300,6084.4000,35014,0,688650680.000,0,-,-,-,-,6083.0000,6082.8000,6081.0000,6080.4000,6080.0000,6085.4000,6085.6000,6085.8000,6086.6000,6087.0000,1,3,2,1,1,1,1,5,5,11
SF,IC2103,2020-09-21 09:33:03.800,6084.4000,35014,0,688650680.000,0,-,-,-,-,6083.2000,6083.0000,6082.8000,6081.0000,6080.4000,6085.4000,6085.8000,6086.6000,6087.0000,6088.0000,1,1,2,2,1,1,5,5,11,2
SF,IC2103,2020-09-21 09:33:04.300,6084.4000,35014,0,688650680.000,0,-,-,-,-,6084.4000,6083.2000,6083.0000,6082.0000,6081.0000,6085.2000,6085.8000,6086.6000,6087.0000,6088.0000,4,1,1,8,2,1,5,5,11,2
SF,IC2103,2020-09-21 09:33:04.800,6084.4000,35014,0,693518200.000,4,2,2,多换,S,6083.2000,6083.0000,6082.0000,6081.0000,6080.4000,6085.0000,6085.2000,6085.8000,6086.6000,6087.0000,1,1,8,2,1,3,1,5,5,11
SF,IC2103,2020-09-21 09:33:05.300,6084.4000,35014,0,693518200.000,0,-,-,-,-,6082.0000,6081.0000,6080.4000,6080.0000,6078.4000,6084.6000,6084.8000,6085.0000,6085.8000,6086.6000,8,2,1,1,5,2,2,1,5,5
SF,IC2103,2020-09-21 09:33:05.800,6084.4000,35013,-1,694735080.000,1,0,1,双平,S,6083.2000,6082.2000,6082.0000,6081.0000,6080.4000,6084.4000,6084.6000,6085.8000,6086.6000,6087.0000,1,1,8,2,1,3,2,5,5,11
SF,IC2103,2020-09-21 09:33:06.300,6083.2000,35013,0,695951720.000,1,0,1,多换,S,6082.2000,6082.0000,6081.0000,6080.4000,6080.0000,6084.2000,6084.4000,6085.8000,6086.6000,6087.0000,1,8,2,1,1,3,1,5,5,11
SF,IC2103,2020-09-21 09:33:06.800,6083.2000,35013,0,695951720.000,0,-,-,-,-,6082.0000,6081.0000,6080.4000,6080.0000,6078.4000,6083.8000,6084.0000,6084.2000,6085.8000,6086.6000,8,2,1,1,5,3,2,1,5,5
SF,IC2103,2020-09-21 09:33:07.300,6083.8000,35013,0,697168480.000,1,0,1,多换,S,6082.2000,6082.0000,6081.0000,6080.4000,6080.0000,6083.8000,6084.0000,6085.8000,6086.6000,6087.0000,4,8,2,1,1,3,2,5,5,11
SF,IC2103,2020-09-21 09:33:07.800,6083.8000,35011,-2,699602000.000,2,0,2,双平,S,6082.6000,6082.4000,6082.2000,6082.0000,6081.0000,6085.8000,6086.6000,6087.0000,6088.0000,6088.4000,1,1,4,8,2,5,5,11,2,6
SF,IC2103,2020-09-21 09:33:08.300,6083.8000,35011,0,699602000.000,0,-,-,-,-,6082.8000,6082.0000,6081.0000,6080.4000,6080.0000,6085.8000,6086.6000,6087.0000,6088.0000,6088.4000,2,8,2,1,1,5,5,11,2,6
SF,IC2103,2020-09-21 09:33:08.800,6083.8000,35011,0,699602000.000,0,-,-,-,-,6082.8000,6082.0000,6081.0000,6080.4000,6080.0000,6085.6000,6085.8000,6086.6000,6087.0000,6088.0000,2,8,2,1,1,3,5,5,11,2
SF,IC2103,2020-09-21 09:33:09.300,6085.4000,35010,-1,702035640.000,2,0,2,多平,S,6082.0000,6081.0000,6080.4000,6080.0000,6078.4000,6085.4000,6085.6000,6085.8000,6086.6000,6087.0000,8,2,1,1,5,1,2,5,5,11
SF,IC2103,2020-09-21 09:33:09.800,6085.4000,35010,0,702035640.000,0,-,-,-,-,6082.2000,6082.0000,6081.0000,6080.4000,6080.0000,6085.2000,6085.4000,6085.6000,6085.8000,6086.6000,2,8,2,1,1,2,1,1,5,5
SF,IC2103,2020-09-21 09:33:10.800,6085.4000,35010,0,702035640.000,0,-,-,-,-,6082.2000,6082.0000,6081.0000,6080.4000,6080.0000,6084.8000,6085.2000,6085.4000,6085.6000,6085.8000,2,8,2,1,1,5,1,1,1,5
SF,IC2103,2020-09-21 09:33:11.300,6085.4000,35010,0,702035640.000,0,-,-,-,-,6082.4000,6082.2000,6082.0000,6081.0000,6080.4000,6084.8000,6085.8000,6086.6000,6087.0000,6088.0000,1,2,8,2,1,5,5,5,11,2
SF,IC2103,2020-09-21 09:33:11.800,6082.2000,35007,-3,705685080.000,3,0,3,双平,S,6082.0000,6081.0000,6080.4000,6080.0000,6078.4000,6082.2000,6084.8000,6085.8000,6086.6000,6087.0000,8,2,1,1,5,2,5,5,5,11
SF,IC2103,2020-09-21 09:33:12.300,6082.2000,35005,-2,708117960.000,2,0,2,双平,S,6082.2000,6082.0000,6081.0000,6080.4000,6080.0000,6084.8000,6085.8000,6086.6000,6087.0000,6088.0000,1,8,2,1,1,5,5,5,11,2
SF,IC2103,2020-09-21 09:33:12.800,6082.2000,35005,0,708117960.000,0,-,-,-,-,6082.2000,6082.0000,6081.0000,6080.4000,6080.0000,6084.6000,6084.8000,6085.8000,6086.6000,6087.0000,1,8,2,1,1,4,5,5,5,11
SF,IC2103,2020-09-21 09:33:13.300,6082.2000,35005,0,708117960.000,0,-,-,-,-,6082.2000,6082.0000,6081.0000,6080.4000,6080.0000,6084.4000,6084.6000,6084.8000,6085.8000,6086.6000,1,8,2,1,1,1,3,5,5,5
SF,IC2103,2020-09-21 09:33:13.800,6082.2000,35005,0,708117960.000,0,-,-,-,-,6082.2000,6082.0000,6081.0000,6080.4000,6080.0000,6084.2000,6084.6000,6084.8000,6085.8000,6086.6000,1,8,2,1,1,2,2,5,5,5
SF,IC2103,2020-09-21 09:33:14.300,6082.2000,35005,0,708117960.000,0,-,-,-,-,6082.2000,6082.0000,6081.0000,6080.4000,6080.0000,6083.8000,6084.2000,6084.6000,6084.8000,6085.8000,1,8,2,1,1,1,2,2,5,5
SF,IC2103,2020-09-21 09:33:14.800,6082.2000,35005,0,708117960.000,0,-,-,-,-,6082.0000,6081.0000,6080.4000,6080.0000,6078.4000,6083.6000,6083.8000,6084.6000,6084.8000,6085.8000,8,2,1,1,5,1,2,2,5,5
SF,IC2103,2020-09-21 09:33:15.300,6082.2000,35005,0,708117960.000,0,-,-,-,-,6082.0000,6081.0000,6080.4000,6080.0000,6078.4000,6082.2000,6083.6000,6083.8000,6084.0000,6084.6000,8,2,1,1,5,1,1,2,1,2
SF,IC2103,2020-09-21 09:33:15.800,6082.2000,35004,-1,709334400.000,1,0,1,双平,S,6082.0000,6081.0000,6080.4000,6080.0000,6078.4000,6083.6000,6083.8000,6084.0000,6084.6000,6084.8000,8,2,1,1,5,1,1,1,2,5
SF,IC2103,2020-09-21 09:33:16.300,6082.0000,35004,0,719065600.000,8,4,4,多换,S,6082.2000,6081.0000,6080.4000,6080.0000,6078.4000,6083.2000,6083.4000,6083.8000,6084.0000,6084.6000,1,2,1,1,5,1,2,1,1,2
SF,IC2103,2020-09-21 09:33:16.800,6082.2000,35004,0,720282040.000,1,0,1,多换,S,6081.0000,6080.4000,6080.0000,6078.4000,6078.0000,6083.0000,6083.2000,6083.4000,6083.8000,6084.0000,2,1,1,5,3,1,1,2,1,1
SF,IC2103,2020-09-21 09:33:17.300,6081.0000,35004,0,722714440.000,2,1,1,多换,S,6080.4000,6080.0000,6078.4000,6078.0000,6076.4000,6082.6000,6082.8000,6083.2000,6083.4000,6083.8000,1,1,5,3,5,1,1,1,1,1
SF,IC2103,2020-09-21 09:33:17.800,6080.4000,35003,-1,723930520.000,1,0,1,双平,S,6080.0000,6078.4000,6078.0000,6076.4000,6074.4000,6082.0000,6082.4000,6083.2000,6083.4000,6083.8000,1,5,3,5,5,1,2,1,1,1
SF,IC2103,2020-09-21 09:33:18.300,6080.0000,35003,0,725146520.000,1,0,1,多换,S,6080.2000,6078.4000,6078.0000,6076.4000,6074.4000,6081.6000,6081.8000,6083.2000,6083.4000,6083.8000,3,5,3,5,5,1,2,1,1,1
SF,IC2103,2020-09-21 09:33:18.800,6080.2000,35001,-2,727578600.000,2,0,2,双平,S,6080.2000,6078.4000,6078.0000,6076.4000,6074.4000,6081.2000,6081.4000,6083.2000,6083.4000,6083.8000,1,5,3,5,5,1,2,1,1,1
SF,IC2103,2020-09-21 09:33:19.300,6080.2000,35000,-1,728794640.000,1,0,1,双平,S,6078.4000,6078.0000,6076.4000,6074.4000,6074.2000,6081.0000,6081.4000,6083.2000,6083.4000,6083.8000,5,3,5,5,1,1,1,1,1,1
SF,IC2103,2020-09-21 09:33:19.800,6080.2000,35000,0,728794640.000,0,-,-,-,-,6078.6000,6078.4000,6078.0000,6076.4000,6074.4000,6080.8000,6081.0000,6083.2000,6083.4000,6083.8000,1,5,3,5,5,1,1,1,1,1
SF,IC2103,2020-09-21 09:33:20.300,6080.8000,34999,-1,730010800.000,1,0,1,双平,S,6078.8000,6078.6000,6078.4000,6078.0000,6076.4000,6083.2000,6083.8000,6084.0000,6084.8000,6085.8000,1,1,5,3,5,1,1,1,5,5
SF,IC2103,2020-09-21 09:33:20.800,6080.8000,34999,0,730010800.000,0,-,-,-,-,6079.2000,6079.0000,6078.8000,6078.4000,6078.0000,6083.0000,6083.2000,6083.8000,6084.0000,6084.8000,1,2,1,5,3,2,1,1,1,5
SF,IC2103,2020-09-21 09:33:21.300,6080.8000,34999,0,730010800.000,0,-,-,-,-,6079.4000,6079.2000,6078.8000,6078.4000,6078.0000,6083.2000,6083.8000,6084.0000,6084.8000,6085.8000,2,1,1,5,1,1,1,1,5,5
SF,IC2103,2020-09-21 09:33:21.800,6080.8000,34999,0,730010800.000,0,-,-,-,-,6080.0000,6079.4000,6078.8000,6078.4000,6078.0000,6083.0000,6083.2000,6083.8000,6084.0000,6084.8000,1,2,1,5,1,2,1,1,1,5
SF,IC2103,2020-09-21 09:33:22.300,6080.8000,34999,0,730010800.000,0,-,-,-,-,6080.2000,6080.0000,6078.8000,6078.4000,6078.0000,6083.0000,6083.2000,6083.8000,6084.0000,6084.8000,2,1,1,5,1,1,1,1,1,5
SF,IC2103,2020-09-21 09:33:22.800,6080.0000,34996,-3,733658880.000,3,0,3,双平,S,6078.4000,6078.0000,6076.4000,6074.4000,6074.2000,6082.8000,6083.2000,6083.8000,6084.0000,6084.8000,5,1,5,5,1,3,1,1,1,5
SF,IC2103,2020-09-21 09:33:23.300,6080.0000,34996,0,733658880.000,0,-,-,-,-,6078.6000,6078.4000,6078.0000,6076.4000,6074.4000,6082.6000,6082.8000,6083.2000,6083.8000,6084.0000,1,5,1,5,5,1,3,1,1,1
SF,IC2103,2020-09-21 09:33:23.800,6080.0000,34996,0,733658880.000,0,-,-,-,-,6078.8000,6078.6000,6078.4000,6078.0000,6076.4000,6082.4000,6082.6000,6082.8000,6083.2000,6083.8000,1,1,5,1,5,2,1,1,1,1
SF,IC2103,2020-09-21 09:33:24.300,6080.0000,34996,0,733658880.000,0,-,-,-,-,6079.0000,6078.8000,6078.4000,6078.0000,6076.4000,6082.4000,6083.2000,6083.8000,6084.0000,6084.8000,1,1,5,1,5,2,1,1,1,5
SF,IC2103,2020-09-21 09:33:24.800,6082.4000,34994,-2,736091840.000,2,0,2,双平,S,6079.4000,6079.2000,6079.0000,6078.4000,6078.0000,6083.2000,6083.8000,6084.8000,6085.8000,6086.6000,1,3,1,5,1,1,1,5,5,5
SF,IC2103,2020-09-21 09:33:25.300,6083.2000,34994,0,737308480.000,1,0,1,多换,S,6079.6000,6079.4000,6079.2000,6078.4000,6078.0000,6083.8000,6084.8000,6085.8000,6086.6000,6087.0000,2,1,1,5,1,1,5,5,5,11
SF,IC2103,2020-09-21 09:33:25.800,6083.8000,34994,0,738525240.000,1,0,1,多换,S,6081.6000,6080.4000,6080.2000,6079.8000,6079.6000,6084.8000,6085.8000,6086.6000,6087.0000,6088.0000,1,1,1,3,2,5,5,5,11,2
SF,IC2103,2020-09-21 09:33:26.300,6084.8000,34993,-1,739742200.000,1,0,1,双平,S,6081.8000,6079.8000,6079.4000,6079.2000,6078.4000,6082.4000,6084.6000,6084.8000,6085.8000,6086.6000,2,2,1,1,5,1,1,4,5,5
SF,IC2103,2020-09-21 09:33:26.800,6082.4000,34992,-1,740958680.000,1,0,1,双平,S,6082.4000,6079.8000,6079.4000,6079.2000,6078.4000,6084.6000,6084.8000,6085.8000,6086.6000,6087.0000,2,2,1,1,5,1,4,5,5,11
SF,IC2103,2020-09-21 09:33:27.300,6082.4000,34992,0,742175160.000,1,0,1,多换,S,6079.8000,6078.4000,6078.0000,6076.4000,6074.4000,6083.0000,6084.0000,6084.4000,6084.6000,6084.8000,1,5,1,5,5,1,1,1,1,4
SF,IC2103,2020-09-21 09:33:27.800,6083.0000,34990,-2,744608320.000,2,0,2,双平,S,6080.0000,6079.8000,6078.4000,6078.0000,6076.4000,6084.4000,6084.6000,6084.8000,6085.8000,6086.6000,2,1,5,1,5,1,1,4,5,5
SF,IC2103,2020-09-21 09:33:28.300,6083.0000,34990,0,744608320.000,0,-,-,-,-,6080.2000,6080.0000,6079.8000,6078.4000,6078.0000,6084.2000,6084.8000,6085.8000,6086.6000,6087.0000,1,2,1,5,1,1,4,5,5,11
SF,IC2103,2020-09-21 09:33:28.800,6083.0000,34990,0,744608320.000,0,-,-,-,-,6080.8000,6080.4000,6080.2000,6078.4000,6078.0000,6081.4000,6084.2000,6084.8000,6085.8000,6086.6000,1,2,1,5,1,1,1,4,5,5
SF,IC2103,2020-09-21 09:33:29.300,6081.4000,34990,0,745824600.000,1,0,1,多换,S,6080.2000,6078.4000,6078.0000,6076.4000,6074.4000,6084.8000,6085.8000,6086.6000,6087.0000,6088.0000,1,5,1,5,5,4,5,5,11,2
SF,IC2103,2020-09-21 09:33:29.800,6084.6000,34989,-1,747041520.000,1,0,1,双平,S,6080.6000,6080.4000,6080.2000,6078.4000,6078.0000,6084.8000,6085.8000,6086.6000,6087.0000,6088.0000,3,3,1,5,1,4,5,5,11,2
SF,IC2103,2020-09-21 09:33:30.300,6084.6000,34989,0,748258440.000,1,0,1,多换,S,6080.8000,6080.6000,6080.2000,6078.4000,6078.0000,6082.0000,6084.6000,6084.8000,6085.8000,6086.6000,2,3,1,5,1,2,2,4,5,5
SF,IC2103,2020-09-21 09:33:30.800,6082.0000,34989,0,750691240.000,2,1,1,多换,S,6081.0000,6080.6000,6080.2000,6078.4000,6078.0000,6084.6000,6084.8000,6085.8000,6086.6000,6087.0000,1,1,1,5,1,1,4,5,5,11
SF,IC2103,2020-09-21 09:33:31.300,6082.0000,34989,0,750691240.000,0,-,-,-,-,6081.2000,6080.6000,6078.4000,6078.0000,6076.4000,6084.4000,6084.8000,6085.8000,6086.6000,6087.0000,2,1,5,1,5,1,4,5,5,11
SF,IC2103,2020-09-21 09:33:32.300,6082.0000,34989,0,750691240.000,0,-,-,-,-,6081.2000,6078.4000,6078.0000,6076.4000,6074.4000,6084.4000,6084.8000,6085.8000,6086.6000,6087.0000,2,5,1,5,5,1,4,5,5,11
SF,IC2103,2020-09-21 09:33:33.300,6082.0000,34989,0,750691240.000,0,-,-,-,-,6081.2000,6078.4000,6078.0000,6076.4000,6074.4000,6083.4000,6084.4000,6084.8000,6085.8000,6086.6000,2,5,1,5,5,3,1,4,5,5
SF,IC2103,2020-09-21 09:33:33.800,6081.2000,34986,-3,754340400.000,3,0,3,双平,S,6078.4000,6078.0000,6076.4000,6074.4000,6074.0000,6081.2000,6083.4000,6084.4000,6084.8000,6085.8000,5,1,5,5,5,2,2,1,4,5
SF,IC2103,2020-09-21 09:33:34.300,6081.2000,34985,-1,756772880.000,2,0,2,多平,S,6079.0000,6078.6000,6078.4000,6078.0000,6076.4000,6081.2000,6083.4000,6084.4000,6084.8000,6085.8000,3,3,5,1,5,1,2,1,4,5
SF,IC2103,2020-09-21 09:33:34.800,6081.2000,34984,-1,757989120.000,1,0,1,双平,S,6078.6000,6078.4000,6078.0000,6076.4000,6074.4000,6081.0000,6081.2000,6083.4000,6084.4000,6084.8000,2,5,1,5,5,2,2,2,5,4
SF,IC2103,2020-09-21 09:33:35.300,6081.2000,34984,0,757989120.000,0,-,-,-,-,6078.6000,6078.4000,6078.0000,6076.4000,6074.4000,6080.0000,6081.0000,6081.2000,6083.4000,6084.4000,2,5,1,5,5,2,1,2,2,5
SF,IC2103,2020-09-21 09:33:35.800,6080.4000,34982,-2,760421280.000,2,0,2,双平,S,6078.4000,6078.0000,6076.4000,6074.4000,6074.0000,6081.2000,6083.4000,6084.4000,6084.8000,6085.8000,5,1,5,5,5,2,2,5,4,5
SF,IC2103,2020-09-21 09:33:36.300,6081.2000,34980,-2,762853760.000,2,0,2,双平,S,6079.4000,6079.0000,6078.8000,6078.6000,6078.4000,6083.4000,6084.4000,6084.8000,6085.8000,6086.0000,2,1,1,2,5,2,5,4,5,1
SF,IC2103,2020-09-21 09:33:36.800,6081.2000,34980,0,762853760.000,0,-,-,-,-,6079.6000,6079.0000,6078.8000,6078.6000,6078.4000,6083.2000,6083.4000,6084.4000,6084.8000,6085.8000,4,1,1,1,5,1,2,5,4,5
SF,IC2103,2020-09-21 09:33:37.300,6081.2000,34980,0,762853760.000,0,-,-,-,-,6079.8000,6079.6000,6078.8000,6078.4000,6078.0000,6083.2000,6083.4000,6084.4000,6084.8000,6085.8000,1,2,1,5,1,1,2,5,4,5
SF,IC2103,2020-09-21 09:33:37.800,6081.2000,34980,0,762853760.000,0,-,-,-,-,6079.8000,6078.8000,6078.4000,6078.0000,6076.4000,6083.0000,6083.2000,6083.4000,6084.4000,6084.8000,1,1,5,1,5,1,1,2,5,4
SF,IC2103,2020-09-21 09:33:38.300,6081.2000,34980,0,762853760.000,0,-,-,-,-,6080.2000,6079.8000,6078.4000,6078.0000,6076.4000,6082.8000,6083.0000,6083.4000,6084.4000,6084.8000,1,1,5,1,5,1,1,2,5,4
SF,IC2103,2020-09-21 09:33:38.800,6081.2000,34980,0,762853760.000,0,-,-,-,-,6080.2000,6079.8000,6078.4000,6078.0000,6076.4000,6082.6000,6082.8000,6083.4000,6084.4000,6084.8000,1,1,5,1,5,1,1,2,5,4
SF,IC2103,2020-09-21 09:33:39.300,6081.2000,34980,0,762853760.000,0,-,-,-,-,6080.2000,6079.8000,6078.4000,6078.0000,6076.4000,6082.4000,6082.6000,6083.4000,6084.4000,6084.8000,1,1,5,1,5,1,1,2,5,4
SF,IC2103,2020-09-21 09:33:39.800,6081.2000,34980,0,762853760.000,0,-,-,-,-,6080.2000,6079.8000,6078.4000,6078.0000,6076.4000,6082.2000,6082.4000,6082.6000,6083.4000,6084.4000,1,1,5,1,5,1,1,1,2,5
SF,IC2103,2020-09-21 09:33:40.300,6081.2000,34980,0,762853760.000,0,-,-,-,-,6080.2000,6079.8000,6078.4000,6078.0000,6076.4000,6082.0000,6082.2000,6082.6000,6083.4000,6084.4000,1,1,5,1,5,1,1,1,2,5
SF,IC2103,2020-09-21 09:33:40.800,6081.2000,34980,0,762853760.000,0,-,-,-,-,6080.4000,6080.2000,6079.8000,6078.4000,6078.0000,6082.6000,6083.4000,6084.4000,6084.8000,6085.8000,1,1,1,5,1,1,2,5,4,5
SF,IC2103,2020-09-21 09:33:41.300,6081.2000,34980,0,762853760.000,0,-,-,-,-,6080.2000,6079.8000,6078.4000,6078.0000,6076.4000,6082.4000,6082.6000,6083.4000,6084.4000,6084.8000,1,1,5,1,5,1,1,2,5,4
SF,IC2103,2020-09-21 09:33:41.800,6081.2000,34980,0,762853760.000,0,-,-,-,-,6080.8000,6080.6000,6080.2000,6079.8000,6078.4000,6082.4000,6082.6000,6083.4000,6084.4000,6084.8000,1,1,1,1,5,1,1,2,5,5
SF,IC2103,2020-09-21 09:33:42.300,6081.2000,34980,0,762853760.000,0,-,-,-,-,6081.2000,6080.8000,6079.8000,6078.4000,6078.0000,6082.4000,6083.4000,6084.4000,6084.8000,6085.8000,1,1,1,5,1,1,2,5,5,5
SF,IC2103,2020-09-21 09:33:42.800,6081.2000,34980,0,762853760.000,0,-,-,-,-,6081.2000,6079.8000,6078.4000,6078.0000,6076.4000,6082.4000,6083.4000,6084.4000,6084.8000,6085.8000,1,1,5,1,5,1,2,5,5,5
SF,IC2103,2020-09-21 09:33:43.300,6081.2000,34979,-1,764070000.000,1,0,1,双平,S,6079.8000,6078.4000,6078.0000,6076.4000,6074.4000,6082.0000,6082.2000,6082.4000,6083.4000,6084.4000,1,5,1,5,5,5,1,1,2,5
SF,IC2103,2020-09-21 09:33:43.800,6081.2000,34979,0,764070000.000,0,-,-,-,-,6078.4000,6078.0000,6076.4000,6074.4000,6074.0000,6081.8000,6082.0000,6082.2000,6083.4000,6084.4000,5,1,5,5,5,2,5,1,2,5
SF,IC2103,2020-09-21 09:33:44.300,6081.2000,34979,0,764070000.000,0,-,-,-,-,6078.6000,6078.4000,6078.0000,6076.4000,6074.4000,6080.2000,6081.6000,6081.8000,6082.0000,6083.2000,4,5,1,5,5,1,1,2,5,2
SF,IC2103,2020-09-21 09:33:44.800,6080.2000,34978,-1,765286040.000,1,0,1,双平,S,6079.0000,6078.6000,6078.4000,6078.0000,6076.4000,6081.6000,6081.8000,6082.0000,6083.2000,6083.4000,1,5,5,1,5,1,1,5,2,2
SF,IC2103,2020-09-21 09:33:45.300,6081.8000,34976,-2,767718720.000,2,0,2,双平,S,6079.6000,6079.2000,6078.6000,6078.4000,6078.0000,6082.0000,6083.2000,6083.4000,6084.4000,6084.8000,3,4,4,5,1,5,2,2,5,5
SF,IC2103,2020-09-21 09:33:45.800,6082.0000,34971,-5,773800720.000,5,0,5,双平,S,6080.0000,6079.8000,6079.2000,6078.6000,6078.4000,6083.2000,6083.4000,6084.4000,6084.8000,6085.8000,3,1,2,4,5,2,2,5,5,5
SF,IC2103,2020-09-21 09:33:46.300,6082.0000,34971,0,773800720.000,0,-,-,-,-,6080.4000,6080.2000,6079.2000,6078.6000,6078.4000,6083.2000,6083.4000,6084.4000,6084.8000,6085.8000,1,5,1,4,5,2,2,5,5,5
SF,IC2103,2020-09-21 09:33:46.800,6082.0000,34971,0,773800720.000,0,-,-,-,-,6081.2000,6081.0000,6080.8000,6080.6000,6080.2000,6083.0000,6083.2000,6083.4000,6084.4000,6084.8000,2,1,1,1,4,1,2,2,5,5
SF,IC2103,2020-09-21 09:33:47.300,6081.4000,34970,-1,776233600.000,2,0,2,多平,S,6081.0000,6080.6000,6080.2000,6079.2000,6078.6000,6083.2000,6083.4000,6084.4000,6084.8000,6085.8000,1,1,3,1,3,2,2,5,5,5
SF,IC2103,2020-09-21 09:33:47.800,6081.4000,34970,0,776233600.000,0,-,-,-,-,6081.4000,6081.0000,6080.6000,6080.2000,6079.2000,6083.0000,6083.2000,6083.4000,6084.4000,6084.8000,1,1,1,3,1,1,2,2,5,5
SF,IC2103,2020-09-21 09:33:48.300,6081.4000,34970,0,776233600.000,0,-,-,-,-,6080.6000,6080.2000,6079.2000,6078.6000,6078.4000,6082.4000,6083.0000,6083.2000,6083.4000,6084.4000,1,3,1,3,5,1,1,2,2,5
SF,IC2103,2020-09-21 09:33:48.800,6082.4000,34970,0,777450080.000,1,0,1,多换,S,6082.6000,6080.8000,6080.2000,6079.2000,6078.6000,6083.0000,6083.2000,6083.4000,6084.4000,6084.8000,1,2,2,1,3,1,2,2,5,5
SF,IC2103,2020-09-21 09:33:49.300,6083.4000,34967,-3,782316560.000,4,0,4,多平,S,6080.8000,6080.2000,6079.2000,6078.4000,6078.0000,6083.4000,6084.4000,6084.8000,6085.8000,6086.6000,2,2,1,5,1,1,5,5,5,5
SF,IC2103,2020-09-21 09:33:49.800,6083.4000,34967,0,782316560.000,0,-,-,-,-,6082.4000,6081.0000,6080.8000,6080.2000,6080.0000,6082.8000,6083.4000,6084.4000,6084.8000,6085.8000,1,1,2,2,1,1,1,5,5,5
SF,IC2103,2020-09-21 09:33:50.300,6082.4000,34967,0,783533040.000,1,0,1,多换,S,6080.8000,6080.2000,6080.0000,6079.2000,6078.4000,6082.8000,6083.4000,6084.4000,6084.8000,6085.8000,2,2,1,1,5,1,1,5,5,5
SF,IC2103,2020-09-21 09:33:50.800,6082.4000,34967,0,783533040.000,0,-,-,-,-,6083.0000,6081.0000,6080.8000,6080.2000,6080.0000,6083.4000,6084.4000,6084.8000,6085.8000,6086.6000,1,1,2,2,1,1,5,5,5,5
SF,IC2103,2020-09-21 09:33:51.300,6082.6000,34967,0,784749560.000,1,0,1,多换,S,6081.0000,6080.8000,6080.2000,6080.0000,6078.4000,6083.4000,6084.4000,6084.8000,6085.8000,6086.6000,1,1,2,1,5,1,5,5,5,5
SF,IC2103,2020-09-21 09:33:51.800,6082.6000,34967,0,784749560.000,0,-,-,-,-,6082.0000,6081.2000,6081.0000,6080.2000,6080.0000,6082.4000,6083.4000,6084.4000,6084.8000,6085.8000,1,1,1,2,1,5,2,5,5,5
SF,IC2103,2020-09-21 09:33:52.300,6082.4000,34962,-5,790831880.000,5,0,5,双平,S,6081.2000,6080.2000,6080.0000,6078.4000,6078.0000,6082.4000,6083.4000,6084.4000,6084.8000,6085.8000,1,2,1,5,1,1,2,5,5,5
SF,IC2103,2020-09-21 09:33:52.800,6082.4000,34961,-1,792048360.000,1,0,1,双平,S,6081.2000,6080.2000,6080.0000,6078.4000,6078.0000,6083.4000,6084.4000,6084.8000,6085.8000,6086.6000,1,2,1,5,1,2,5,5,5,5
SF,IC2103,2020-09-21 09:33:53.300,6082.4000,34961,0,792048360.000,0,-,-,-,-,6081.4000,6081.2000,6080.2000,6080.0000,6078.4000,6083.4000,6084.4000,6084.8000,6085.8000,6086.6000,3,1,2,1,5,2,5,5,5,5
SF,IC2103,2020-09-21 09:33:53.800,6082.4000,34961,0,792048360.000,0,-,-,-,-,6081.4000,6081.2000,6080.0000,6078.4000,6078.0000,6083.2000,6083.4000,6084.4000,6084.8000,6085.8000,3,1,1,5,1,1,2,5,5,5
SF,IC2103,2020-09-21 09:33:54.300,6082.4000,34961,0,792048360.000,0,-,-,-,-,6081.4000,6081.2000,6080.0000,6078.4000,6078.0000,6083.0000,6083.2000,6083.4000,6084.4000,6084.8000,2,1,1,5,1,1,1,2,5,5
SF,IC2103,2020-09-21 09:33:54.800,6081.4000,34961,0,794480920.000,2,1,1,多换,S,6080.0000,6078.4000,6078.0000,6076.4000,6074.4000,6081.4000,6083.0000,6083.2000,6083.4000,6084.4000,1,5,1,5,5,3,2,1,2,5
SF,IC2103,2020-09-21 09:33:55.300,6081.4000,34961,0,794480920.000,0,-,-,-,-,6080.6000,6080.4000,6080.2000,6080.0000,6078.4000,6081.4000,6083.0000,6083.2000,6083.4000,6084.4000,1,1,1,1,5,3,2,1,2,5
SF,IC2103,2020-09-21 09:33:55.800,6081.4000,34960,-1,795697200.000,1,0,1,双平,S,6080.4000,6080.2000,6080.0000,6078.4000,6078.0000,6081.4000,6083.0000,6083.2000,6083.4000,6084.4000,1,1,1,5,1,2,2,1,2,5
SF,IC2103,2020-09-21 09:33:56.300,6081.4000,34957,-3,799345800.000,3,0,3,双平,S,6080.2000,6080.0000,6078.4000,6078.0000,6076.4000,6081.0000,6081.4000,6083.0000,6083.2000,6083.4000,1,1,5,1,5,1,1,1,1,2
SF,IC2103,2020-09-21 09:33:56.800,6080.0000,34957,0,800561800.000,1,0,1,多换,S,6078.4000,6078.0000,6076.4000,6074.4000,6074.0000,6080.8000,6081.0000,6081.4000,6082.6000,6083.0000,5,1,5,5,5,1,1,1,5,1
SF,IC2103,2020-09-21 09:33:57.300,6080.0000,34957,0,800561800.000,0,-,-,-,-,6078.8000,6078.6000,6078.4000,6078.0000,6076.4000,6080.8000,6081.0000,6081.4000,6082.6000,6083.0000,1,1,5,1,5,1,1,1,5,1
SF,IC2103,2020-09-21 09:33:57.800,6080.4000,34956,-1,801777880.000,1,0,1,双平,S,6079.0000,6078.4000,6078.0000,6076.4000,6074.4000,6081.0000,6081.4000,6082.6000,6083.0000,6083.2000,1,5,1,5,5,1,1,5,1,1
SF,IC2103,2020-09-21 09:33:58.300,6080.4000,34956,0,801777880.000,0,-,-,-,-,6079.6000,6079.2000,6079.0000,6078.4000,6078.0000,6081.4000,6082.6000,6083.0000,6083.2000,6083.4000,2,1,1,5,1,1,5,1,1,2
SF,IC2103,2020-09-21 09:33:58.800,6080.4000,34956,0,801777880.000,0,-,-,-,-,6079.0000,6078.4000,6078.0000,6076.4000,6074.4000,6081.4000,6082.6000,6083.0000,6083.2000,6083.4000,1,5,1,5,5,1,5,1,1,2
SF,IC2103,2020-09-21 09:33:59.300,6080.4000,34956,0,801777880.000,0,-,-,-,-,6079.0000,6078.8000,6078.4000,6078.0000,6076.4000,6081.2000,6081.4000,6082.6000,6083.0000,6083.2000,1,1,5,1,5,1,1,5,1,1
SF,IC2103,2020-09-21 09:33:59.800,6080.4000,34956,0,801777880.000,0,-,-,-,-,6080.0000,6079.0000,6078.8000,6078.4000,6078.0000,6081.0000,6081.2000,6081.4000,6082.6000,6083.0000,2,1,1,5,1,1,1,1,5,1
SF,IC2103,2020-09-21 09:34:00.300,6081.2000,34955,-1,804210320.000,2,0,2,多平,S,6079.0000,6078.8000,6078.4000,6078.0000,6076.4000,6081.4000,6082.6000,6083.0000,6083.2000,6083.4000,1,1,5,1,5,1,5,1,1,2
SF,IC2103,2020-09-21 09:34:00.800,6081.2000,34955,0,804210320.000,0,-,-,-,-,6079.2000,6079.0000,6078.8000,6078.4000,6078.0000,6081.2000,6081.4000,6082.6000,6083.0000,6083.2000,1,1,1,5,1,1,1,5,1,1
SF,IC2103,2020-09-21 09:34:01.300,6081.2000,34955,0,804210320.000,0,-,-,-,-,6079.6000,6079.4000,6079.2000,6078.8000,6078.4000,6081.4000,6082.6000,6083.0000,6083.2000,6083.4000,1,1,1,1,5,1,5,1,1,2
SF,IC2103,2020-09-21 09:34:01.800,6081.4000,34954,-1,806642880.000,2,0,2,多平,S,6080.2000,6079.8000,6079.2000,6078.8000,6078.4000,6082.6000,6083.0000,6083.2000,6083.4000,6084.4000,1,1,1,1,5,5,1,1,2,5
SF,IC2103,2020-09-21 09:34:02.300,6081.4000,34954,0,806642880.000,0,-,-,-,-,6080.8000,6080.4000,6078.8000,6078.4000,6078.0000,6082.6000,6083.0000,6083.4000,6084.4000,6084.8000,2,3,1,5,1,5,1,2,5,5
SF,IC2103,2020-09-21 09:34:02.800,6081.4000,34954,0,806642880.000,0,-,-,-,-,6080.4000,6078.8000,6078.4000,6078.0000,6076.4000,6080.8000,6082.6000,6083.0000,6083.4000,6084.4000,2,1,5,1,5,1,5,1,2,5
SF,IC2103,2020-09-21 09:34:03.300,6081.4000,34953,-1,807859160.000,1,0,1,双平,S,6080.8000,6080.4000,6078.8000,6078.4000,6078.0000,6082.6000,6083.0000,6083.4000,6084.4000,6084.8000,2,2,1,5,1,5,1,2,5,5
SF,IC2103,2020-09-21 09:34:03.800,6078.8000,34953,0,810291000.000,2,1,1,多换,S,6078.4000,6078.0000,6076.4000,6074.4000,6074.0000,6082.4000,6082.6000,6083.0000,6083.4000,6084.4000,5,1,5,5,5,1,5,1,2,5
SF,IC2103,2020-09-21 09:34:04.300,6078.8000,34953,0,810291000.000,0,-,-,-,-,6080.8000,6078.6000,6078.4000,6078.0000,6076.4000,6082.2000,6082.4000,6082.6000,6083.0000,6083.4000,2,4,5,1,5,1,2,5,1,2
SF,IC2103,2020-09-21 09:34:04.800,6080.8000,34951,-2,812723320.000,2,0,2,双平,S,6078.6000,6078.4000,6078.0000,6076.4000,6074.4000,6080.8000,6081.8000,6082.0000,6082.2000,6082.4000,2,5,1,5,5,1,1,1,1,1
SF,IC2103,2020-09-21 09:34:05.300,6080.8000,34951,0,812723320.000,0,-,-,-,-,6079.2000,6078.8000,6078.6000,6078.4000,6078.0000,6080.4000,6082.4000,6082.6000,6083.0000,6083.4000,1,1,2,5,1,1,1,5,1,2
SF,IC2103,2020-09-21 09:34:05.800,6079.4000,34949,-2,815155280.000,2,0,2,双平,S,6079.2000,6078.8000,6078.4000,6078.0000,6076.4000,6082.6000,6083.0000,6083.4000,6084.4000,6084.8000,1,1,5,1,5,5,1,2,5,5
SF,IC2103,2020-09-21 09:34:06.300,6079.4000,34949,0,815155280.000,0,-,-,-,-,6079.4000,6078.8000,6078.4000,6078.0000,6076.4000,6082.4000,6082.6000,6083.0000,6083.4000,6084.4000,1,1,5,1,5,3,5,1,2,5
SF,IC2103,2020-09-21 09:34:06.800,6079.4000,34947,-2,817587040.000,2,0,2,双平,S,6078.8000,6078.4000,6078.0000,6076.4000,6074.4000,6082.2000,6082.4000,6082.6000,6083.0000,6083.4000,1,5,1,5,5,6,3,5,1,2
SF,IC2103,2020-09-21 09:34:07.300,6079.4000,34947,0,817587040.000,0,-,-,-,-,6080.6000,6078.8000,6078.4000,6078.0000,6076.4000,6082.0000,6082.2000,6082.4000,6082.6000,6083.0000,1,1,5,1,5,1,6,1,5,1
SF,IC2103,2020-09-21 09:34:07.800,6078.8000,34946,-1,820018920.000,2,0,2,多平,S,6078.4000,6078.0000,6076.4000,6074.4000,6074.0000,6081.6000,6081.8000,6082.0000,6082.2000,6082.4000,5,1,5,5,5,1,1,1,5,1
SF,IC2103,2020-09-21 09:34:08.300,6078.8000,34946,0,820018920.000,0,-,-,-,-,6078.4000,6078.0000,6076.4000,6074.4000,6074.0000,6081.4000,6082.0000,6082.2000,6082.4000,6082.6000,5,1,5,5,5,4,1,5,1,5
SF,IC2103,2020-09-21 09:34:08.800,6078.8000,34946,0,820018920.000,0,-,-,-,-,6078.4000,6078.0000,6076.4000,6074.4000,6074.0000,6081.2000,6081.4000,6082.0000,6082.2000,6082.4000,5,1,5,5,5,3,3,1,5,1
SF,IC2103,2020-09-21 09:34:09.300,6078.8000,34946,0,820018920.000,0,-,-,-,-,6078.4000,6078.0000,6076.4000,6074.4000,6074.0000,6080.6000,6081.0000,6081.2000,6081.4000,6082.0000,5,1,5,5,5,2,3,2,1,1
SF,IC2103,2020-09-21 09:34:09.800,6078.8000,34946,0,820018920.000,0,-,-,-,-,6078.4000,6078.0000,6076.4000,6074.4000,6074.0000,6080.0000,6080.4000,6080.6000,6081.0000,6081.2000,5,1,5,5,5,1,1,1,1,2
SF,IC2103,2020-09-21 09:34:10.300,6080.4000,34945,-1,821235000.000,1,0,1,双平,S,6078.8000,6078.6000,6078.4000,6078.0000,6076.4000,6081.0000,6081.2000,6081.4000,6082.0000,6082.2000,1,4,5,1,5,1,1,1,1,5
SF,IC2103,2020-09-21 09:34:10.800,6080.4000,34945,0,821235000.000,0,-,-,-,-,6079.0000,6078.8000,6078.6000,6078.4000,6078.0000,6081.0000,6081.2000,6081.4000,6082.0000,6082.2000,1,1,3,5,1,1,1,1,1,5
SF,IC2103,2020-09-21 09:34:11.300,6080.4000,34945,0,821235000.000,0,-,-,-,-,6079.0000,6078.4000,6078.0000,6076.4000,6074.4000,6080.8000,6081.2000,6081.4000,6082.0000,6082.2000,1,5,1,5,5,1,1,1,1,5
SF,IC2103,2020-09-21 09:34:11.800,6079.0000,34944,-1,822450800.000,1,0,1,双平,S,6078.4000,6078.0000,6076.4000,6074.4000,6074.0000,6078.8000,6080.4000,6080.6000,6080.8000,6081.2000,5,1,5,5,5,1,1,1,1,1
SF,IC2103,2020-09-21 09:34:12.300,6078.4000,34944,0,828529200.000,5,2,3,多换,S,6078.0000,6076.4000,6074.4000,6074.0000,6073.6000,6078.8000,6080.6000,6081.2000,6081.4000,6082.0000,1,5,5,5,1,1,1,1,1,1
SF,IC2103,2020-09-21 09:34:12.800,6078.4000,34944,0,828529200.000,0,-,-,-,-,6078.4000,6078.0000,6076.4000,6074.4000,6074.0000,6078.8000,6080.6000,6081.2000,6081.4000,6082.0000,1,1,5,5,5,1,1,1,1,1
SF,IC2103,2020-09-21 09:34:13.300,6078.8000,34942,-2,830960680.000,2,0,2,双平,S,6078.4000,6078.0000,6076.4000,6074.4000,6074.0000,6081.2000,6081.4000,6082.0000,6082.2000,6082.6000,1,1,5,5,5,1,1,1,5,5
SF,IC2103,2020-09-21 09:34:13.800,6078.4000,34942,0,832176360.000,1,0,1,多换,S,6078.0000,6076.4000,6074.4000,6074.0000,6073.6000,6080.6000,6081.0000,6081.2000,6081.4000,6082.0000,1,5,5,5,1,2,4,1,1,1
SF,IC2103,2020-09-21 09:34:14.300,6078.4000,34942,0,832176360.000,0,-,-,-,-,6078.6000,6078.0000,6076.4000,6074.4000,6074.0000,6078.8000,6080.0000,6080.4000,6080.6000,6081.0000,1,1,5,5,5,1,1,2,1,2
SF,IC2103,2020-09-21 09:34:14.800,6078.6000,34942,0,833392080.000,1,0,1,多换,S,6078.0000,6076.4000,6074.4000,6074.0000,6073.6000,6078.8000,6080.4000,6080.6000,6081.0000,6081.2000,1,5,5,5,1,2,1,1,1,1
SF,IC2103,2020-09-21 09:34:15.300,6078.0000,34942,0,834607680.000,1,0,1,多换,S,6076.4000,6074.4000,6074.0000,6073.6000,6073.2000,6078.8000,6080.4000,6080.6000,6081.0000,6081.2000,5,5,5,2,5,2,1,1,1,1
SF,IC2103,2020-09-21 09:34:15.800,6078.0000,34942,0,834607680.000,0,-,-,-,-,6076.4000,6074.4000,6074.0000,6073.6000,6073.2000,6078.6000,6078.8000,6079.6000,6080.6000,6081.0000,5,5,5,2,5,2,2,5,1,1
SF,IC2103,2020-09-21 09:34:16.300,6078.0000,34942,0,834607680.000,0,-,-,-,-,6076.4000,6074.4000,6074.0000,6073.6000,6073.2000,6078.6000,6078.8000,6079.6000,6080.6000,6081.0000,5,5,5,2,5,2,2,5,1,1
SF,IC2103,2020-09-21 09:34:16.800,6078.0000,34941,-1,835823280.000,1,0,1,双平,S,6076.4000,6074.4000,6074.0000,6073.6000,6073.2000,6078.4000,6078.6000,6078.8000,6079.6000,6080.6000,5,5,5,2,5,1,1,2,5,1
SF,IC2103,2020-09-21 09:34:17.300,6076.4000,34941,0,838254200.000,2,1,1,多换,S,6076.4000,6074.4000,6074.0000,6073.6000,6073.2000,6078.2000,6078.4000,6078.8000,6079.6000,6080.6000,4,5,5,2,5,1,1,2,5,1
SF,IC2103,2020-09-21 09:34:17.800,6076.4000,34941,0,843115320.000,4,2,2,多换,S,6074.4000,6074.0000,6073.6000,6073.2000,6072.4000,6078.2000,6078.4000,6078.8000,6079.6000,6080.6000,5,5,2,5,5,1,1,2,5,1
SF,IC2103,2020-09-21 09:34:18.300,6076.4000,34941,0,843115320.000,0,-,-,-,-,6076.4000,6074.6000,6074.4000,6074.0000,6073.6000,6078.0000,6078.2000,6078.4000,6078.8000,6079.6000,1,2,5,5,2,1,1,1,1,5
SF,IC2103,2020-09-21 09:34:18.800,6076.4000,34941,0,844330600.000,1,0,1,多换,S,6074.4000,6074.0000,6073.6000,6073.2000,6072.4000,6077.8000,6078.4000,6078.8000,6079.6000,6080.6000,5,5,1,5,5,1,1,1,5,1
