市场代码,合约代码,时间,最新,持仓,增仓,成交额,成交量,开仓,平仓,成交类型,方向,买一价,买二价,买三价,买四价,买五价,卖一价,卖二价,卖三价,卖四价,卖五价,买一量,买二量,买三量,买四量,买五量,卖一量,卖二量,卖三量,卖四量,卖五量
SF,IC2103,2020-07-21 09:29:00.200,6150.2000,2406,0,1230040.000,1.000,-,-,-,-,6150.0000,6125.0000,6122.2000,6120.2000,6119.2000,6167.0000,6170.0000,6176.8000,6193.0000,6196.4000,1,1,1,1,1,1,1,1,5,2
SF,IC2103,2020-07-21 09:30:00.200,6150.0000,2407,1,2460040.000,1,1,0,双开,S,6125.0000,6122.2000,6120.2000,6119.2000,6115.2000,6149.0000,6149.4000,6149.6000,6151.2000,6164.0000,1,1,1,1,2,1,1,1,1,1
SF,IC2103,2020-07-21 09:30:00.700,6150.0000,2407,0,2460040.000,0,-,-,-,-,6125.2000,6125.0000,6122.2000,6120.2000,6115.2000,6148.8000,6164.0000,6165.6000,6166.4000,6166.6000,3,1,1,1,2,1,1,2,1,1
SF,IC2103,2020-07-21 09:30:01.200,6150.0000,2408,1,3690040.000,1,1,0,双开,S,6125.4000,6125.2000,6125.0000,6122.2000,6120.2000,6144.6000,6145.6000,6146.2000,6147.2000,6148.8000,1,2,1,1,1,2,1,1,1,1
SF,IC2103,2020-07-21 09:30:01.700,6150.0000,2408,0,3690040.000,0,-,-,-,-,6131.8000,6131.4000,6125.6000,6125.0000,6122.2000,6144.4000,6144.6000,6145.6000,6146.2000,6147.2000,1,1,2,1,1,1,2,1,1,1
SF,IC2103,2020-07-21 09:30:02.200,6150.0000,2408,0,3690040.000,0,-,-,-,-,6132.0000,6131.8000,6131.4000,6128.8000,6125.0000,6139.8000,6144.2000,6144.4000,6144.6000,6145.6000,2,1,1,1,1,1,1,1,1,1
SF,IC2103,2020-07-21 09:30:02.700,6150.0000,2408,0,3690040.000,0,-,-,-,-,6132.0000,6131.8000,6131.4000,6128.8000,6125.0000,6139.6000,6139.8000,6144.6000,6145.6000,6148.8000,2,1,1,1,1,2,1,1,1,1
SF,IC2103,2020-07-21 09:30:03.200,6150.0000,2408,0,3690040.000,0,-,-,-,-,6133.0000,6132.0000,6131.8000,6131.4000,6125.0000,6139.6000,6139.8000,6144.6000,6145.6000,6148.8000,1,2,1,1,1,2,1,1,1,1
SF,IC2103,2020-07-21 09:30:03.700,6150.0000,2408,0,3690040.000,0,-,-,-,-,6133.2000,6131.8000,6131.4000,6125.0000,6122.2000,6139.6000,6139.8000,6144.6000,6145.6000,6148.8000,2,1,1,1,1,1,1,1,1,1
SF,IC2103,2020-07-21 09:30:04.200,6150.0000,2408,0,3690040.000,0,-,-,-,-,6133.2000,6131.8000,6131.4000,6125.0000,6122.2000,6139.4000,6139.8000,6144.6000,6145.6000,6148.8000,2,1,1,1,1,2,1,1,1,1
SF,IC2103,2020-07-21 09:30:04.700,6150.0000,2408,0,3690040.000,0,-,-,-,-,6133.4000,6133.2000,6131.4000,6125.0000,6122.2000,6139.4000,6139.8000,6144.6000,6145.6000,6148.8000,1,1,1,1,1,1,1,1,1,1
SF,IC2103,2020-07-21 09:30:05.200,6150.0000,2408,0,3690040.000,0,-,-,-,-,6133.8000,6133.6000,6133.4000,6131.4000,6125.0000,6139.4000,6139.8000,6144.6000,6145.6000,6148.8000,1,2,1,1,1,1,1,1,1,1
SF,IC2103,2020-07-21 09:30:05.700,6150.0000,2408,0,3690040.000,0,-,-,-,-,6134.0000,6133.8000,6131.4000,6125.0000,6122.2000,6141.6000,6145.6000,6148.8000,6165.6000,6166.0000,3,1,1,1,1,1,1,1,2,1
SF,IC2103,2020-07-21 09:30:06.200,6150.0000,2408,0,3690040.000,0,-,-,-,-,6134.2000,6134.0000,6133.8000,6131.4000,6125.0000,6141.4000,6142.8000,6148.8000,6165.6000,6166.0000,1,2,1,1,1,1,1,1,2,1
SF,IC2103,2020-07-21 09:30:06.700,6150.0000,2408,0,3690040.000,0,-,-,-,-,6136.2000,6134.4000,6131.4000,6125.0000,6122.2000,6141.2000,6144.6000,6148.8000,6165.6000,6166.0000,1,2,1,1,1,1,1,1,2,1
SF,IC2103,2020-07-21 09:30:07.200,6150.0000,2408,0,3690040.000,0,-,-,-,-,6136.4000,6136.2000,6131.4000,6125.0000,6122.2000,6141.2000,6144.6000,6148.8000,6165.6000,6166.0000,2,1,1,1,1,1,1,1,2,1
SF,IC2103,2020-07-21 09:30:07.700,6150.0000,2408,0,3690040.000,0,-,-,-,-,6136.6000,6136.4000,6136.2000,6131.4000,6125.0000,6141.2000,6144.6000,6148.8000,6165.6000,6166.0000,1,2,1,1,1,1,1,1,2,1
SF,IC2103,2020-07-21 09:30:08.200,6150.0000,2408,0,3690040.000,0,-,-,-,-,6137.2000,6136.8000,6136.2000,6131.4000,6125.0000,6141.2000,6146.4000,6148.8000,6165.6000,6166.0000,2,2,1,1,1,1,1,1,2,1
SF,IC2103,2020-07-21 09:30:08.700,6150.0000,2408,0,3690040.000,0,-,-,-,-,6137.4000,6137.2000,6136.2000,6131.4000,6125.0000,6141.2000,6144.6000,6148.8000,6165.6000,6166.0000,2,2,1,1,1,1,1,1,2,1
SF,IC2103,2020-07-21 09:30:09.200,6150.0000,2408,0,3690040.000,0,-,-,-,-,6137.4000,6137.2000,6136.2000,6131.4000,6125.0000,6141.0000,6141.2000,6148.8000,6166.0000,6167.0000,2,2,1,1,1,2,1,1,1,1
SF,IC2103,2020-07-21 09:30:09.700,6141.0000,2409,1,4918240.000,1,1,0,双开,S,6137.4000,6136.2000,6131.4000,6125.0000,6122.2000,6140.8000,6146.6000,6148.8000,6166.0000,6167.0000,2,1,1,1,1,1,1,1,1,1
SF,IC2103,2020-07-21 09:30:10.200,6140.8000,2408,-1,6146400.000,1,0,1,双平,S,6137.6000,6137.4000,6136.2000,6131.4000,6130.6000,6146.6000,6148.8000,6149.0000,6150.0000,6166.0000,1,1,1,1,1,1,1,2,2,1
SF,IC2103,2020-07-21 09:30:10.700,6140.8000,2408,0,6146400.000,0,-,-,-,-,6137.8000,6137.6000,6136.2000,6131.4000,6130.6000,6142.2000,6146.4000,6146.6000,6148.8000,6149.0000,2,1,1,1,1,1,1,1,1,2
SF,IC2103,2020-07-21 09:30:11.200,6140.8000,2408,0,6146400.000,0,-,-,-,-,6138.0000,6137.8000,6136.2000,6131.4000,6130.6000,6142.0000,6146.6000,6148.8000,6149.0000,6150.0000,1,2,1,1,1,1,1,1,2,2
SF,IC2103,2020-07-21 09:30:11.700,6140.8000,2408,0,6146400.000,0,-,-,-,-,6138.2000,6137.4000,6136.2000,6131.4000,6130.6000,6142.0000,6146.6000,6148.8000,6149.0000,6150.0000,2,1,1,1,1,1,1,1,2,2
SF,IC2103,2020-07-21 09:30:12.200,6140.8000,2408,0,6146400.000,0,-,-,-,-,6138.4000,6138.2000,6137.4000,6136.2000,6131.4000,6140.6000,6142.0000,6146.6000,6148.8000,6149.0000,1,2,1,1,1,1,1,1,1,2
SF,IC2103,2020-07-21 09:30:12.700,6138.4000,2409,1,8601760.000,2,1,1,空开,S,6138.6000,6137.4000,6136.2000,6131.4000,6125.0000,6140.6000,6141.6000,6142.0000,6148.8000,6149.0000,1,1,1,1,1,1,1,1,1,2
SF,IC2103,2020-07-21 09:30:13.200,6138.6000,2410,1,9829480.000,1,1,0,双开,S,6137.4000,6136.2000,6131.4000,6125.0000,6122.2000,6140.4000,6141.6000,6148.8000,6149.0000,6150.0000,1,1,1,1,1,2,1,1,2,2
SF,IC2103,2020-07-21 09:30:13.700,6138.6000,2410,0,9829480.000,0,-,-,-,-,6137.4000,6136.2000,6131.4000,6125.0000,6122.2000,6140.4000,6141.6000,6148.8000,6149.0000,6150.0000,1,1,1,1,1,1,1,1,2,2
SF,IC2103,2020-07-21 09:30:14.200,6138.6000,2410,0,9829480.000,0,-,-,-,-,6138.4000,6137.6000,6137.4000,6136.2000,6131.4000,6140.4000,6141.6000,6149.0000,6150.0000,6166.0000,1,1,1,1,1,1,1,2,2,1
SF,IC2103,2020-07-21 09:30:14.700,6138.4000,2410,0,11057160.000,1,0,1,多换,S,6137.4000,6136.2000,6131.4000,6125.0000,6122.2000,6138.4000,6140.0000,6140.4000,6149.0000,6150.0000,1,1,1,1,1,1,1,1,2,2
SF,IC2103,2020-07-21 09:30:15.200,6137.4000,2411,1,13512320.000,2,1,1,空开,S,6136.2000,6131.4000,6125.0000,6122.2000,6115.2000,6140.0000,6140.4000,6144.6000,6149.0000,6150.0000,1,1,1,1,2,1,1,1,2,2
SF,IC2103,2020-07-21 09:30:15.700,6137.4000,2411,0,13512320.000,0,-,-,-,-,6136.2000,6131.4000,6125.0000,6122.2000,6115.2000,6139.8000,6144.6000,6149.0000,6150.0000,6166.0000,1,1,1,1,2,2,1,2,2,1
SF,IC2103,2020-07-21 09:30:16.200,6136.2000,2412,1,14739560.000,1,1,0,双开,S,6131.4000,6125.0000,6122.2000,6115.2000,6110.2000,6139.8000,6142.8000,6149.0000,6150.0000,6166.0000,1,1,1,2,1,2,1,2,2,1
SF,IC2103,2020-07-21 09:30:16.700,6136.2000,2412,0,14739560.000,0,-,-,-,-,6131.8000,6131.6000,6131.4000,6125.0000,6122.2000,6139.8000,6142.8000,6149.0000,6150.0000,6166.0000,1,1,2,1,1,2,1,2,2,1
SF,IC2103,2020-07-21 09:30:17.200,6136.2000,2412,0,14739560.000,0,-,-,-,-,6132.0000,6131.8000,6131.4000,6125.0000,6122.2000,6139.4000,6139.6000,6139.8000,6140.6000,6149.0000,1,1,2,1,1,1,1,1,1,2
SF,IC2103,2020-07-21 09:30:17.700,6136.2000,2412,0,14739560.000,0,-,-,-,-,6132.0000,6131.8000,6131.4000,6125.0000,6122.2000,6139.2000,6139.4000,6140.6000,6149.0000,6150.0000,1,1,1,1,1,2,1,1,2,2
SF,IC2103,2020-07-21 09:30:18.200,6136.2000,2412,0,14739560.000,0,-,-,-,-,6132.0000,6131.8000,6131.4000,6125.0000,6122.2000,6139.2000,6139.4000,6140.6000,6149.0000,6150.0000,1,1,1,1,1,2,1,1,2,2
SF,IC2103,2020-07-21 09:30:18.700,6136.2000,2412,0,14739560.000,0,-,-,-,-,6132.0000,6125.0000,6122.2000,6115.2000,6110.2000,6139.2000,6140.6000,6149.0000,6150.0000,6166.0000,1,1,1,2,1,2,1,2,2,1
SF,IC2103,2020-07-21 09:30:19.200,6136.2000,2412,0,14739560.000,0,-,-,-,-,6132.0000,6125.0000,6122.2000,6115.2000,6110.2000,6138.0000,6139.2000,6140.6000,6149.0000,6150.0000,1,1,1,2,1,1,1,1,2,2
SF,IC2103,2020-07-21 09:30:19.700,6136.2000,2412,0,14739560.000,0,-,-,-,-,6125.0000,6122.2000,6115.2000,6110.2000,6091.0000,6137.8000,6138.6000,6149.0000,6150.0000,6166.0000,1,1,2,1,1,2,1,2,2,1
SF,IC2103,2020-07-21 09:30:20.200,6136.2000,2412,0,14739560.000,0,-,-,-,-,6127.2000,6125.2000,6125.0000,6122.2000,6115.2000,6136.2000,6137.8000,6138.6000,6149.0000,6150.0000,1,1,1,1,2,1,2,1,2,2
SF,IC2103,2020-07-21 09:30:20.700,6136.2000,2412,0,14739560.000,0,-,-,-,-,6127.4000,6127.2000,6125.0000,6122.2000,6115.2000,6136.0000,6136.2000,6137.0000,6137.8000,6138.6000,1,1,1,1,2,1,1,1,1,1
SF,IC2103,2020-07-21 09:30:21.200,6136.2000,2412,0,14739560.000,0,-,-,-,-,6127.4000,6127.2000,6125.0000,6122.2000,6115.2000,6135.8000,6136.0000,6136.2000,6137.0000,6138.6000,1,1,1,1,2,1,1,1,1,1
SF,IC2103,2020-07-21 09:30:21.700,6127.4000,2412,0,15965040.000,1,0,1,多换,S,6125.0000,6122.2000,6115.2000,6110.2000,6091.0000,6135.6000,6135.8000,6136.2000,6136.6000,6149.0000,1,1,2,1,1,1,2,1,1,2
SF,IC2103,2020-07-21 09:30:22.200,6127.4000,2412,0,15965040.000,0,-,-,-,-,6127.2000,6125.2000,6125.0000,6122.2000,6115.2000,6135.6000,6135.8000,6136.2000,6136.6000,6149.0000,1,1,1,1,2,1,1,1,1,2
SF,IC2103,2020-07-21 09:30:22.700,6127.4000,2412,0,15965040.000,0,-,-,-,-,6127.4000,6127.2000,6125.0000,6122.2000,6115.2000,6135.4000,6135.6000,6135.8000,6136.6000,6149.0000,1,1,1,1,2,1,1,1,1,2
SF,IC2103,2020-07-21 09:30:23.200,6135.2000,2412,0,17192080.000,1,0,1,多换,S,6127.4000,6127.2000,6125.0000,6122.2000,6115.2000,6135.2000,6135.4000,6135.8000,6136.6000,6149.0000,1,1,1,1,2,1,1,1,1,2
SF,IC2103,2020-07-21 09:30:23.700,6135.2000,2412,0,17192080.000,0,-,-,-,-,6127.4000,6127.2000,6125.0000,6122.2000,6115.2000,6133.8000,6135.0000,6135.8000,6136.6000,6149.0000,1,1,1,1,2,1,1,1,1,2
SF,IC2103,2020-07-21 09:30:24.200,6135.2000,2412,0,17192080.000,0,-,-,-,-,6131.2000,6127.6000,6127.4000,6127.2000,6125.0000,6133.6000,6133.8000,6137.8000,6149.0000,6150.0000,2,1,1,1,1,1,1,1,2,2
SF,IC2103,2020-07-21 09:30:24.700,6131.4000,2411,-1,18418360.000,1,0,1,双平,S,6131.2000,6127.4000,6127.2000,6125.0000,6122.2000,6133.6000,6133.8000,6137.8000,6150.0000,6166.0000,2,1,1,1,1,1,1,1,2,1
SF,IC2103,2020-07-21 09:30:25.200,6131.4000,2411,0,18418360.000,0,-,-,-,-,6131.2000,6131.0000,6127.4000,6127.2000,6125.0000,6133.6000,6133.8000,6139.4000,6150.0000,6166.0000,2,1,1,1,1,1,1,1,2,1
SF,IC2103,2020-07-21 09:30:25.700,6133.8000,2410,-1,20871840.000,2,0,2,多平,S,6131.0000,6127.4000,6127.2000,6125.0000,6122.2000,6139.4000,6150.0000,6166.0000,6167.0000,6170.0000,1,1,1,1,1,1,2,1,1,1
SF,IC2103,2020-07-21 09:30:26.200,6133.8000,2410,0,20871840.000,0,-,-,-,-,6131.2000,6131.0000,6127.2000,6125.0000,6124.4000,6133.8000,6139.2000,6139.4000,6150.0000,6166.0000,1,1,1,1,1,1,1,1,2,1
SF,IC2103,2020-07-21 09:30:26.700,6133.8000,2410,0,22098600.000,1,0,1,多换,S,6134.6000,6131.4000,6131.2000,6131.0000,6127.2000,6139.2000,6139.4000,6150.0000,6150.2000,6166.0000,2,1,1,1,1,1,1,2,1,1
SF,IC2103,2020-07-21 09:30:27.200,6134.6000,2410,0,24552440.000,2,1,1,多换,S,6131.4000,6131.2000,6131.0000,6125.0000,6124.4000,6139.0000,6139.2000,6139.4000,6150.0000,6150.2000,1,1,1,1,1,1,1,1,2,1
SF,IC2103,2020-07-21 09:30:27.700,6134.6000,2410,0,24552440.000,0,-,-,-,-,6131.8000,6131.6000,6131.4000,6131.0000,6125.0000,6138.8000,6139.0000,6139.4000,6150.0000,6166.0000,1,1,2,1,1,1,1,1,2,1
SF,IC2103,2020-07-21 09:30:28.200,6132.0000,2410,0,25778840.000,1,0,1,多换,S,6131.0000,6125.0000,6124.4000,6122.2000,6115.2000,6137.8000,6138.6000,6138.8000,6150.0000,6166.0000,1,1,1,1,2,1,1,1,2,1
SF,IC2103,2020-07-21 09:30:28.700,6132.0000,2410,0,25778840.000,0,-,-,-,-,6131.2000,6131.0000,6125.0000,6124.4000,6122.2000,6137.6000,6138.6000,6140.0000,6150.0000,6166.0000,1,1,1,1,1,1,1,1,2,1
SF,IC2103,2020-07-21 09:30:29.200,6132.0000,2410,0,25778840.000,0,-,-,-,-,6131.2000,6131.0000,6125.0000,6124.4000,6122.2000,6134.6000,6137.4000,6137.6000,6138.6000,6140.0000,1,1,1,1,1,1,1,1,1,1
SF,IC2103,2020-07-21 09:30:29.700,6132.0000,2410,0,25778840.000,0,-,-,-,-,6131.0000,6125.0000,6122.2000,6115.2000,6110.2000,6134.4000,6134.6000,6137.2000,6137.4000,6140.0000,1,1,1,2,1,1,1,1,1,1
SF,IC2103,2020-07-21 09:30:30.200,6131.0000,2411,1,27005040.000,1,1,0,双开,S,6125.0000,6122.2000,6115.2000,6110.2000,6091.0000,6134.2000,6134.4000,6134.6000,6137.2000,6137.4000,1,1,2,1,1,1,1,1,1,1
SF,IC2103,2020-07-21 09:30:30.700,6134.0000,2411,0,28231840.000,1,0,1,多换,S,6127.2000,6125.2000,6125.0000,6122.2000,6117.6000,6134.2000,6134.6000,6137.2000,6140.0000,6150.0000,1,1,1,1,1,1,1,1,1,2
SF,IC2103,2020-07-21 09:30:31.200,6134.0000,2411,0,28231840.000,0,-,-,-,-,6127.4000,6127.2000,6125.0000,6122.2000,6117.6000,6134.0000,6134.6000,6137.2000,6137.4000,6150.0000,1,1,1,1,1,1,1,1,1,2
SF,IC2103,2020-07-21 09:30:31.700,6134.0000,2411,0,28231840.000,0,-,-,-,-,6127.6000,6127.4000,6127.2000,6125.0000,6122.2000,6133.6000,6134.0000,6134.6000,6137.2000,6137.4000,1,1,1,1,1,1,1,1,1,1
SF,IC2103,2020-07-21 09:30:32.200,6134.0000,2411,0,28231840.000,0,-,-,-,-,6127.8000,6125.0000,6122.2000,6115.2000,6110.2000,6133.4000,6133.6000,6134.6000,6137.4000,6150.0000,1,1,1,2,1,1,1,1,1,2
SF,IC2103,2020-07-21 09:30:32.700,6134.0000,2411,0,28231840.000,0,-,-,-,-,6127.8000,6125.0000,6122.2000,6115.2000,6110.2000,6133.2000,6133.4000,6133.6000,6134.6000,6137.4000,1,1,1,2,1,1,1,1,1,1
SF,IC2103,2020-07-21 09:30:33.200,6134.0000,2411,0,28231840.000,0,-,-,-,-,6127.8000,6125.0000,6122.2000,6115.2000,6110.2000,6133.0000,6133.2000,6133.6000,6137.4000,6150.0000,1,1,1,2,1,1,1,1,1,2
SF,IC2103,2020-07-21 09:30:33.700,6134.0000,2411,0,28231840.000,0,-,-,-,-,6127.8000,6125.0000,6122.2000,6115.2000,6110.2000,6132.8000,6133.0000,6133.2000,6137.4000,6150.0000,1,1,1,2,1,1,1,1,1,2
SF,IC2103,2020-07-21 09:30:34.200,6134.0000,2411,0,28231840.000,0,-,-,-,-,6127.8000,6125.0000,6122.2000,6115.2000,6110.2000,6132.6000,6132.8000,6133.0000,6137.4000,6150.0000,2,1,1,2,1,1,2,1,1,2
SF,IC2103,2020-07-21 09:30:34.700,6134.0000,2411,0,28231840.000,0,-,-,-,-,6127.8000,6125.0000,6122.2000,6115.2000,6110.2000,6132.6000,6132.8000,6133.0000,6137.4000,6150.0000,1,1,1,2,1,1,2,1,1,2
SF,IC2103,2020-07-21 09:30:35.200,6134.0000,2411,0,28231840.000,0,-,-,-,-,6128.0000,6127.8000,6125.0000,6122.2000,6115.2000,6132.6000,6132.8000,6133.0000,6137.4000,6150.0000,1,1,1,1,2,1,2,1,1,2
SF,IC2103,2020-07-21 09:30:35.700,6134.0000,2411,0,28231840.000,0,-,-,-,-,6128.2000,6128.0000,6127.8000,6125.0000,6122.2000,6132.6000,6132.8000,6133.0000,6137.4000,6150.0000,1,1,1,1,1,1,2,1,1,2
SF,IC2103,2020-07-21 09:30:36.200,6134.0000,2411,0,28231840.000,0,-,-,-,-,6128.4000,6127.8000,6125.0000,6122.2000,6115.2000,6131.8000,6132.0000,6132.6000,6133.0000,6137.4000,1,1,1,1,2,1,1,1,1,1
SF,IC2103,2020-07-21 09:30:36.700,6127.8000,2411,0,30683080.000,2,1,1,多换,S,6125.0000,6122.2000,6115.2000,6110.2000,6091.0000,6131.6000,6131.8000,6132.0000,6133.0000,6137.4000,1,1,2,1,1,2,1,1,1,1
SF,IC2103,2020-07-21 09:30:37.200,6127.8000,2411,0,30683080.000,0,-,-,-,-,6125.2000,6125.0000,6122.2000,6115.2000,6110.2000,6131.4000,6131.6000,6131.8000,6133.0000,6135.6000,1,1,1,2,1,1,1,1,1,1
SF,IC2103,2020-07-21 09:30:37.700,6127.8000,2411,0,30683080.000,0,-,-,-,-,6125.2000,6125.0000,6122.2000,6115.2000,6110.2000,6131.2000,6131.4000,6131.8000,6133.0000,6135.6000,1,1,1,2,1,1,1,1,1,1
SF,IC2103,2020-07-21 09:30:38.200,6131.0000,2411,0,31909280.000,1,0,1,多换,S,6125.4000,6125.2000,6125.0000,6122.2000,6115.2000,6131.0000,6131.2000,6131.4000,6131.8000,6133.0000,1,1,1,1,2,1,1,1,1,1
SF,IC2103,2020-07-21 09:30:38.700,6131.0000,2410,-1,33135480.000,1,0,1,双平,S,6125.6000,6125.0000,6122.2000,6115.2000,6110.2000,6130.8000,6131.0000,6131.4000,6131.8000,6133.0000,1,1,1,2,1,1,1,1,1,1
SF,IC2103,2020-07-21 09:30:39.200,6131.0000,2410,0,33135480.000,0,-,-,-,-,6125.0000,6122.2000,6115.2000,6110.2000,6091.0000,6127.8000,6130.6000,6130.8000,6131.0000,6131.4000,1,1,2,1,1,1,1,1,1,1
SF,IC2103,2020-07-21 09:30:39.700,6125.0000,2411,1,34360480.000,1,1,0,双开,S,6122.2000,6115.2000,6110.2000,6091.0000,6085.2000,6127.6000,6127.8000,6131.0000,6131.4000,6131.8000,1,2,1,1,2,2,1,1,1,1
SF,IC2103,2020-07-21 09:30:40.200,6125.0000,2411,0,34360480.000,0,-,-,-,-,6124.8000,6122.6000,6122.4000,6122.2000,6115.2000,6127.6000,6127.8000,6131.0000,6131.4000,6131.8000,1,1,1,1,2,1,1,1,1,1
SF,IC2103,2020-07-21 09:30:40.700,6124.8000,2411,0,35585440.000,1,0,1,多换,S,6122.4000,6122.2000,6115.2000,6110.2000,6091.0000,6124.8000,6127.4000,6127.6000,6127.8000,6131.0000,1,1,2,1,1,1,1,1,1,1
SF,IC2103,2020-07-21 09:30:41.200,6124.8000,2410,-1,36810400.000,1,0,1,双平,S,6122.6000,6122.4000,6122.2000,6115.2000,6110.2000,6124.8000,6127.6000,6127.8000,6131.0000,6131.4000,1,1,1,2,1,1,1,1,1,1
SF,IC2103,2020-07-21 09:30:41.700,6124.8000,2410,0,36810400.000,0,-,-,-,-,6122.8000,6122.6000,6122.4000,6122.2000,6115.2000,6127.6000,6127.8000,6131.0000,6131.4000,6131.8000,1,1,1,1,2,1,1,1,1,1
SF,IC2103,2020-07-21 09:30:42.200,6124.8000,2410,0,36810400.000,0,-,-,-,-,6123.0000,6122.6000,6122.2000,6115.2000,6110.2000,6127.6000,6127.8000,6131.0000,6131.4000,6133.0000,1,1,1,2,1,1,1,1,1,1
SF,IC2103,2020-07-21 09:30:42.700,6124.8000,2410,0,36810400.000,0,-,-,-,-,6123.0000,6122.6000,6122.2000,6115.2000,6110.2000,6127.6000,6131.0000,6133.0000,6133.6000,6150.0000,1,1,1,2,1,1,1,1,1,2
SF,IC2103,2020-07-21 09:30:43.200,6123.2000,2409,-1,38035040.000,1,0,1,双平,S,6123.0000,6122.6000,6122.2000,6115.2000,6110.2000,6124.8000,6127.6000,6133.0000,6134.8000,6150.0000,1,1,1,2,1,1,1,1,1,2
SF,IC2103,2020-07-21 09:30:43.700,6124.8000,2408,-1,39260000.000,1,0,1,双平,S,6124.8000,6123.2000,6123.0000,6122.6000,6122.2000,6127.6000,6133.0000,6134.8000,6150.0000,6167.0000,1,1,1,1,1,1,1,1,2,1
SF,IC2103,2020-07-21 09:30:44.200,6124.8000,2408,0,39260000.000,0,-,-,-,-,6123.0000,6122.6000,6122.2000,6115.2000,6110.2000,6127.4000,6127.6000,6133.0000,6150.0000,6167.0000,1,1,1,2,1,1,1,2,2,1
SF,IC2103,2020-07-21 09:30:44.700,6124.8000,2408,0,39260000.000,0,-,-,-,-,6123.0000,6122.6000,6122.2000,6115.2000,6110.2000,6124.6000,6127.2000,6127.4000,6133.0000,6150.0000,1,1,1,2,1,1,1,1,2,2
SF,IC2103,2020-07-21 09:30:45.200,6124.8000,2408,0,39260000.000,0,-,-,-,-,6122.6000,6122.2000,6115.2000,6110.2000,6091.0000,6124.4000,6124.6000,6133.0000,6150.0000,6167.0000,1,1,2,1,1,1,1,2,2,1
SF,IC2103,2020-07-21 09:30:46.200,6124.8000,2408,0,39260000.000,0,-,-,-,-,6122.8000,6122.2000,6115.2000,6110.2000,6091.0000,6124.4000,6124.6000,6133.0000,6150.0000,6167.0000,1,1,2,1,1,1,1,2,2,1
SF,IC2103,2020-07-21 09:30:47.200,6124.8000,2408,0,39260000.000,0,-,-,-,-,6124.2000,6122.8000,6122.2000,6115.2000,6110.2000,6124.4000,6124.6000,6133.0000,6150.0000,6167.0000,1,1,1,2,1,1,1,2,2,1
SF,IC2103,2020-07-21 09:30:47.700,6124.2000,2408,0,40484840.000,1,0,1,多换,S,6122.8000,6122.2000,6115.2000,6110.2000,6091.0000,6124.6000,6133.0000,6150.0000,6167.0000,6170.0000,1,1,2,1,1,1,2,2,1,1
SF,IC2103,2020-07-21 09:30:48.200,6122.2000,2409,1,42934160.000,2,1,1,空开,S,6115.2000,6110.2000,6091.0000,6085.2000,6082.2000,6124.6000,6133.0000,6150.0000,6167.0000,6170.0000,2,1,1,2,6,1,2,2,1,1
SF,IC2103,2020-07-21 09:30:48.700,6122.2000,2409,0,42934160.000,0,-,-,-,-,6122.6000,6118.2000,6115.4000,6115.2000,6110.2000,6124.4000,6124.6000,6133.0000,6150.0000,6167.0000,1,1,1,2,1,1,1,2,2,1
SF,IC2103,2020-07-21 09:30:49.200,6122.4000,2409,0,44158640.000,1,0,1,多换,S,6118.2000,6115.4000,6115.2000,6110.2000,6091.0000,6124.6000,6133.0000,6150.0000,6167.0000,6170.0000,1,1,2,1,1,1,2,2,1,1
SF,IC2103,2020-07-21 09:30:49.700,6122.4000,2409,0,44158640.000,0,-,-,-,-,6118.4000,6118.2000,6115.2000,6110.2000,6091.0000,6124.2000,6124.4000,6124.6000,6131.4000,6133.0000,2,1,2,1,1,1,1,1,1,1
SF,IC2103,2020-07-21 09:30:50.200,6122.4000,2409,0,44158640.000,0,-,-,-,-,6118.4000,6118.2000,6115.2000,6110.2000,6091.0000,6124.0000,6124.2000,6124.6000,6131.4000,6133.0000,1,1,2,1,1,1,1,1,1,1
SF,IC2103,2020-07-21 09:30:50.700,6122.4000,2409,0,44158640.000,0,-,-,-,-,6118.2000,6115.2000,6110.2000,6091.0000,6085.2000,6124.0000,6124.2000,6124.6000,6129.2000,6133.0000,1,2,1,1,2,1,1,1,1,1
SF,IC2103,2020-07-21 09:30:51.200,6122.4000,2409,0,44158640.000,0,-,-,-,-,6118.2000,6115.2000,6110.2000,6091.0000,6085.2000,6124.0000,6124.2000,6124.6000,6125.0000,6129.2000,1,2,1,1,2,1,1,1,1,1
SF,IC2103,2020-07-21 09:30:51.700,6122.4000,2409,0,44158640.000,0,-,-,-,-,6115.2000,6110.2000,6091.0000,6085.2000,6082.2000,6124.0000,6124.2000,6124.6000,6125.0000,6129.2000,2,1,1,2,6,1,1,1,1,1
SF,IC2103,2020-07-21 09:30:52.200,6122.4000,2409,0,44158640.000,0,-,-,-,-,6118.2000,6115.4000,6115.2000,6110.2000,6091.0000,6123.8000,6124.0000,6124.2000,6124.6000,6125.0000,1,1,2,1,1,1,1,1,1,1
SF,IC2103,2020-07-21 09:30:52.700,6122.4000,2409,0,44158640.000,0,-,-,-,-,6118.2000,6115.4000,6115.2000,6110.2000,6091.0000,6123.6000,6123.8000,6124.2000,6124.6000,6125.0000,1,1,2,1,1,1,1,1,1,1
SF,IC2103,2020-07-21 09:30:53.200,6122.4000,2409,0,44158640.000,0,-,-,-,-,6118.2000,6115.2000,6110.2000,6101.0000,6091.0000,6123.6000,6123.8000,6124.2000,6124.6000,6125.0000,1,2,1,1,1,1,1,1,1,1
SF,IC2103,2020-07-21 09:30:53.700,6122.4000,2409,0,44158640.000,0,-,-,-,-,6118.4000,6115.2000,6110.2000,6101.0000,6091.0000,6123.6000,6123.8000,6124.2000,6124.6000,6125.0000,1,2,1,1,1,1,1,1,1,1
SF,IC2103,2020-07-21 09:30:54.200,6122.4000,2409,0,44158640.000,0,-,-,-,-,6118.4000,6115.2000,6110.2000,6101.0000,6091.0000,6123.6000,6123.8000,6124.2000,6124.6000,6125.0000,1,2,1,1,1,1,1,1,1,1
SF,IC2103,2020-07-21 09:30:54.700,6122.4000,2409,0,44158640.000,0,-,-,-,-,6118.4000,6115.2000,6110.2000,6101.0000,6091.0000,6123.6000,6125.0000,6127.0000,6129.6000,6150.0000,1,2,1,1,1,1,1,1,1,2
SF,IC2103,2020-07-21 09:30:55.200,6122.4000,2409,0,44158640.000,0,-,-,-,-,6115.2000,6110.2000,6101.0000,6091.0000,6085.2000,6123.6000,6125.0000,6127.0000,6128.0000,6150.0000,2,1,1,1,2,1,1,1,1,2
SF,IC2103,2020-07-21 09:30:55.700,6122.4000,2409,0,44158640.000,0,-,-,-,-,6118.2000,6115.4000,6115.2000,6110.2000,6101.0000,6123.6000,6125.0000,6127.0000,6128.0000,6150.0000,1,3,2,1,1,1,1,1,1,2
SF,IC2103,2020-07-21 09:30:56.200,6122.4000,2409,0,44158640.000,0,-,-,-,-,6118.4000,6118.2000,6115.4000,6110.2000,6101.0000,6123.6000,6125.0000,6127.0000,6129.6000,6150.0000,2,1,1,1,1,1,1,1,1,2
SF,IC2103,2020-07-21 09:30:56.700,6122.4000,2409,0,44158640.000,0,-,-,-,-,6118.4000,6118.2000,6115.4000,6110.2000,6101.0000,6123.6000,6125.0000,6127.0000,6129.6000,6150.0000,2,1,1,1,1,1,1,1,1,2
SF,IC2103,2020-07-21 09:30:57.200,6122.4000,2409,0,44158640.000,0,-,-,-,-,6118.4000,6118.2000,6115.4000,6110.2000,6101.0000,6123.6000,6125.0000,6127.0000,6129.6000,6150.0000,2,1,1,1,1,1,1,1,1,2
SF,IC2103,2020-07-21 09:30:57.700,6123.6000,2409,0,45383360.000,1,0,1,多换,S,6118.6000,6118.4000,6118.2000,6115.4000,6110.2000,6125.0000,6127.0000,6131.0000,6150.0000,6167.0000,1,1,1,1,1,1,1,1,2,1
SF,IC2103,2020-07-21 09:30:58.200,6123.6000,2409,0,45383360.000,0,-,-,-,-,6118.8000,6118.2000,6110.2000,6101.0000,6091.0000,6124.8000,6125.0000,6127.0000,6131.0000,6150.0000,2,1,1,1,1,1,1,1,1,2
SF,IC2103,2020-07-21 09:30:58.700,6123.6000,2409,0,45383360.000,0,-,-,-,-,6119.0000,6118.8000,6118.2000,6110.2000,6101.0000,6124.8000,6125.0000,6127.0000,6131.0000,6150.0000,1,1,1,1,1,1,1,1,1,2
SF,IC2103,2020-07-21 09:30:59.200,6123.6000,2409,0,45383360.000,0,-,-,-,-,6119.2000,6119.0000,6118.2000,6110.2000,6101.0000,6124.8000,6125.0000,6127.0000,6131.0000,6150.0000,1,1,1,1,1,1,1,1,1,2
SF,IC2103,2020-07-21 09:30:59.700,6123.6000,2409,0,45383360.000,0,-,-,-,-,6119.2000,6119.0000,6118.2000,6110.2000,6101.0000,6124.6000,6124.8000,6125.0000,6127.0000,6131.0000,1,1,1,1,1,1,1,1,1,1
SF,IC2103,2020-07-21 09:31:00.200,6123.6000,2409,0,45383360.000,0,-,-,-,-,6119.2000,6118.2000,6110.2000,6101.0000,6091.0000,6124.4000,6124.6000,6125.0000,6127.0000,6131.0000,1,1,1,1,1,1,1,1,1,1
SF,IC2103,2020-07-21 09:31:00.700,6123.6000,2409,0,45383360.000,0,-,-,-,-,6119.2000,6118.2000,6110.2000,6101.0000,6091.0000,6124.4000,6124.6000,6125.0000,6127.0000,6129.4000,1,1,1,1,1,1,1,1,1,1
SF,IC2103,2020-07-21 09:31:01.200,6123.6000,2409,0,45383360.000,0,-,-,-,-,6118.2000,6110.2000,6101.0000,6091.0000,6085.2000,6124.4000,6124.6000,6125.0000,6127.0000,6129.4000,1,1,1,1,2,1,1,1,1,1
SF,IC2103,2020-07-21 09:31:01.700,6123.6000,2409,0,45383360.000,0,-,-,-,-,6118.4000,6118.2000,6110.2000,6101.0000,6091.0000,6124.4000,6124.6000,6125.0000,6127.0000,6129.4000,1,1,1,1,1,1,1,1,1,1
SF,IC2103,2020-07-21 09:31:02.200,6123.6000,2409,0,45383360.000,0,-,-,-,-,6118.6000,6118.4000,6118.2000,6110.2000,6101.0000,6124.4000,6124.6000,6125.0000,6127.0000,6129.4000,1,1,1,1,1,1,1,1,1,1
SF,IC2103,2020-07-21 09:31:02.700,6123.6000,2409,0,45383360.000,0,-,-,-,-,6118.8000,6118.6000,6118.2000,6110.2000,6101.0000,6124.4000,6124.6000,6125.0000,6127.0000,6129.4000,1,1,1,1,1,1,1,1,1,1
SF,IC2103,2020-07-21 09:31:03.200,6123.6000,2409,0,45383360.000,0,-,-,-,-,6119.0000,6118.8000,6118.2000,6110.2000,6101.0000,6123.8000,6124.4000,6124.6000,6125.0000,6127.0000,1,1,1,1,1,1,1,1,1,1
SF,IC2103,2020-07-21 09:31:03.700,6123.6000,2409,0,45383360.000,0,-,-,-,-,6119.2000,6119.0000,6118.2000,6110.2000,6101.0000,6123.6000,6123.8000,6124.6000,6125.0000,6127.0000,1,1,1,1,1,1,1,1,1,1
SF,IC2103,2020-07-21 09:31:04.200,6123.6000,2409,0,45383360.000,0,-,-,-,-,6119.4000,6118.2000,6110.2000,6101.0000,6091.0000,6123.6000,6123.8000,6124.6000,6125.0000,6127.0000,2,1,1,1,1,1,1,1,1,1
SF,IC2103,2020-07-21 09:31:04.700,6123.6000,2409,0,46608080.000,1,0,1,多换,S,6119.4000,6118.2000,6110.2000,6101.0000,6091.0000,6123.6000,6123.8000,6124.6000,6125.0000,6127.0000,1,1,1,1,1,1,1,1,1,1
SF,IC2103,2020-07-21 09:31:05.200,6123.6000,2409,0,46608080.000,0,-,-,-,-,6119.4000,6118.2000,6110.2000,6101.0000,6091.0000,6123.6000,6124.6000,6125.0000,6126.8000,6127.0000,1,1,1,1,1,1,1,1,1,1
SF,IC2103,2020-07-21 09:31:05.700,6123.6000,2409,0,46608080.000,0,-,-,-,-,6119.4000,6118.2000,6110.2000,6101.0000,6091.0000,6123.6000,6124.6000,6125.0000,6126.8000,6127.0000,1,1,1,1,1,1,1,1,1,1
SF,IC2103,2020-07-21 09:31:06.200,6123.6000,2409,0,46608080.000,0,-,-,-,-,6118.2000,6110.2000,6109.2000,6101.0000,6091.0000,6123.4000,6123.6000,6124.6000,6125.0000,6126.8000,1,1,1,1,1,2,1,1,1,1
SF,IC2103,2020-07-21 09:31:06.700,6123.6000,2409,0,46608080.000,0,-,-,-,-,6118.4000,6118.2000,6110.2000,6109.2000,6101.0000,6123.2000,6123.4000,6124.6000,6125.0000,6126.8000,1,1,1,1,1,1,1,1,1,1
SF,IC2103,2020-07-21 09:31:07.200,6123.2000,2409,0,50282000.000,3,1,2,多换,S,6118.6000,6118.4000,6118.2000,6110.2000,6109.2000,6123.2000,6123.4000,6125.0000,6127.0000,6128.0000,1,1,1,1,1,1,1,1,1,1
SF,IC2103,2020-07-21 09:31:07.700,6123.2000,2409,0,50282000.000,0,-,-,-,-,6118.8000,6118.2000,6110.2000,6109.2000,6101.0000,6123.2000,6123.4000,6125.0000,6127.0000,6128.0000,3,1,1,1,1,1,1,1,1,1
SF,IC2103,2020-07-21 09:31:08.200,6123.2000,2409,0,51506640.000,1,0,1,多换,S,6119.0000,6118.8000,6118.2000,6110.2000,6109.2000,6122.0000,6125.0000,6127.0000,6129.2000,6150.0000,1,2,1,1,1,1,1,1,1,2
SF,IC2103,2020-07-21 09:31:08.700,6123.2000,2409,0,52731280.000,1,0,1,多换,S,6119.2000,6119.0000,6118.8000,6118.2000,6110.2000,6125.0000,6127.0000,6129.2000,6150.0000,6167.0000,1,1,1,1,1,1,1,1,2,1
SF,IC2103,2020-07-21 09:31:09.200,6125.0000,2410,1,53956280.000,1,1,0,双开,S,6119.4000,6119.2000,6118.8000,6118.2000,6110.2000,6127.0000,6131.0000,6150.0000,6167.0000,6170.0000,2,1,1,1,1,1,1,2,1,1
SF,IC2103,2020-07-21 09:31:09.700,6125.0000,2410,0,53956280.000,0,-,-,-,-,6122.0000,6120.6000,6119.4000,6119.2000,6118.8000,6126.8000,6127.0000,6131.0000,6150.0000,6167.0000,1,1,2,1,1,1,1,1,2,1
SF,IC2103,2020-07-21 09:31:10.200,6127.0000,2410,0,55181680.000,1,0,1,多换,S,6124.8000,6122.2000,6122.0000,6120.6000,6110.2000,6131.0000,6150.0000,6167.0000,6170.0000,6176.8000,1,2,1,1,1,1,2,1,1,1
SF,IC2103,2020-07-21 09:31:10.700,6127.0000,2410,0,55181680.000,0,-,-,-,-,6125.0000,6124.8000,6122.0000,6120.6000,6110.2000,6130.8000,6133.2000,6150.0000,6167.0000,6170.0000,2,1,1,1,1,1,1,2,1,1
SF,IC2103,2020-07-21 09:31:11.200,6127.0000,2410,0,55181680.000,0,-,-,-,-,6125.0000,6124.8000,6122.0000,6120.6000,6110.2000,6130.8000,6133.2000,6150.0000,6167.0000,6170.0000,2,1,1,1,1,1,1,2,1,1
SF,IC2103,2020-07-21 09:31:11.700,6127.0000,2410,0,55181680.000,0,-,-,-,-,6125.0000,6124.8000,6122.0000,6120.6000,6110.2000,6130.8000,6134.6000,6150.0000,6167.0000,6170.0000,2,1,1,1,1,1,1,2,1,1
SF,IC2103,2020-07-21 09:31:12.200,6130.8000,2410,0,56407840.000,1,0,1,多换,S,6125.0000,6124.8000,6122.0000,6120.6000,6110.2000,6134.6000,6150.0000,6167.0000,6170.0000,6176.8000,1,1,1,1,1,1,2,1,1,1
SF,IC2103,2020-07-21 09:31:12.700,6130.8000,2410,0,56407840.000,0,-,-,-,-,6125.2000,6125.0000,6124.8000,6122.0000,6120.6000,6134.4000,6134.6000,6150.0000,6167.0000,6170.0000,2,1,1,1,1,1,1,2,1,1
SF,IC2103,2020-07-21 09:31:13.200,6130.8000,2410,0,56407840.000,0,-,-,-,-,6125.8000,6125.4000,6125.2000,6124.8000,6122.0000,6134.4000,6134.6000,6150.0000,6167.0000,6170.0000,1,1,2,1,1,1,1,2,1,1
SF,IC2103,2020-07-21 09:31:13.700,6130.8000,2410,0,56407840.000,0,-,-,-,-,6126.0000,6125.8000,6125.2000,6124.8000,6122.0000,6134.4000,6150.0000,6167.0000,6170.0000,6176.8000,3,1,1,1,1,1,2,1,1,1
SF,IC2103,2020-07-21 09:31:14.200,6130.8000,2410,0,56407840.000,0,-,-,-,-,6126.2000,6126.0000,6125.8000,6125.2000,6124.8000,6134.4000,6150.0000,6167.0000,6170.0000,6176.8000,1,2,1,1,1,1,2,1,1,1
SF,IC2103,2020-07-21 09:31:14.700,6130.8000,2410,0,56407840.000,0,-,-,-,-,6131.4000,6126.4000,6126.2000,6126.0000,6125.8000,6134.4000,6150.0000,6167.0000,6170.0000,6176.8000,1,2,1,1,1,1,2,1,1,1
SF,IC2103,2020-07-21 09:31:15.200,6131.6000,2409,-1,58861040.000,2,0,2,多平,S,6131.6000,6131.4000,6127.4000,6126.4000,6126.0000,6150.0000,6167.0000,6170.0000,6176.8000,6199.8000,2,1,1,1,1,2,1,1,1,1
SF,IC2103,2020-07-21 09:31:15.700,6131.6000,2409,0,60087360.000,1,0,1,多换,S,6131.6000,6131.4000,6127.4000,6126.4000,6126.0000,6138.0000,6141.0000,6144.6000,6149.8000,6150.0000,1,1,1,1,1,1,1,1,1,2
SF,IC2103,2020-07-21 09:31:16.200,6131.6000,2409,0,60087360.000,0,-,-,-,-,6131.8000,6131.6000,6131.4000,6127.4000,6126.4000,6137.8000,6138.0000,6141.0000,6150.0000,6167.0000,2,1,1,1,1,1,1,1,2,1
SF,IC2103,2020-07-21 09:31:16.700,6131.6000,2409,0,60087360.000,0,-,-,-,-,6132.0000,6131.8000,6127.4000,6126.4000,6126.0000,6137.8000,6138.0000,6141.0000,6150.0000,6167.0000,1,2,1,1,1,1,1,2,2,1
SF,IC2103,2020-07-21 09:31:17.200,6131.6000,2409,0,60087360.000,0,-,-,-,-,6132.2000,6132.0000,6131.8000,6127.4000,6126.4000,6137.8000,6138.0000,6139.8000,6141.0000,6150.0000,1,1,1,1,1,1,1,1,2,2
SF,IC2103,2020-07-21 09:31:17.700,6131.6000,2409,0,60087360.000,0,-,-,-,-,6132.4000,6132.2000,6131.8000,6127.4000,6126.4000,6137.8000,6138.0000,6139.8000,6141.0000,6150.0000,1,1,1,1,1,1,1,1,2,2
SF,IC2103,2020-07-21 09:31:18.200,6131.6000,2409,0,60087360.000,0,-,-,-,-,6132.6000,6132.4000,6131.8000,6127.4000,6126.4000,6137.8000,6138.0000,6139.8000,6141.0000,6150.0000,1,1,1,1,1,1,1,1,2,2
SF,IC2103,2020-07-21 09:31:18.700,6131.6000,2409,0,60087360.000,0,-,-,-,-,6132.8000,6131.8000,6127.4000,6126.4000,6126.0000,6137.8000,6138.0000,6139.8000,6141.0000,6150.0000,1,1,1,1,1,1,1,1,2,2
SF,IC2103,2020-07-21 09:31:19.200,6131.6000,2409,0,60087360.000,0,-,-,-,-,6132.8000,6131.8000,6127.4000,6126.4000,6126.0000,6137.6000,6137.8000,6138.0000,6139.8000,6141.0000,1,1,1,1,1,1,1,1,1,2
SF,IC2103,2020-07-21 09:31:19.700,6131.6000,2409,0,60087360.000,0,-,-,-,-,6132.8000,6131.8000,6127.4000,6126.4000,6126.0000,6137.4000,6138.0000,6139.8000,6141.0000,6150.0000,1,1,1,1,1,1,1,1,2,2
SF,IC2103,2020-07-21 09:31:20.200,6131.6000,2409,0,60087360.000,0,-,-,-,-,6132.8000,6131.8000,6127.4000,6126.4000,6126.0000,6137.4000,6138.0000,6139.8000,6141.0000,6150.0000,1,1,1,1,1,1,1,1,2,2
SF,IC2103,2020-07-21 09:31:20.700,6131.6000,2409,0,60087360.000,0,-,-,-,-,6133.0000,6132.8000,6131.8000,6127.4000,6126.4000,6137.4000,6138.0000,6139.8000,6141.0000,6150.0000,2,1,1,1,1,1,1,1,2,2
SF,IC2103,2020-07-21 09:31:21.200,6131.6000,2409,0,60087360.000,0,-,-,-,-,6133.2000,6133.0000,6131.8000,6127.4000,6126.4000,6135.0000,6137.4000,6138.0000,6139.8000,6141.0000,1,1,1,1,1,1,1,1,1,2
SF,IC2103,2020-07-21 09:31:21.700,6133.4000,2409,0,62541040.000,2,1,1,多换,S,6133.2000,6133.0000,6131.8000,6126.4000,6126.0000,6138.0000,6139.8000,6141.0000,6150.0000,6167.0000,1,1,1,1,1,1,1,2,2,1
SF,IC2103,2020-07-21 09:31:22.200,6133.4000,2409,0,62541040.000,0,-,-,-,-,6133.2000,6133.0000,6131.8000,6126.4000,6126.0000,6137.8000,6140.8000,6141.0000,6150.0000,6167.0000,1,1,1,1,1,1,1,2,2,1
SF,IC2103,2020-07-21 09:31:22.700,6133.4000,2409,0,62541040.000,0,-,-,-,-,6133.2000,6133.0000,6131.8000,6126.4000,6126.0000,6137.8000,6140.8000,6141.0000,6150.0000,6167.0000,1,1,1,1,1,1,1,2,2,1
SF,IC2103,2020-07-21 09:31:23.200,6133.4000,2409,0,62541040.000,0,-,-,-,-,6133.2000,6133.0000,6131.8000,6126.4000,6126.0000,6137.6000,6137.8000,6140.8000,6141.0000,6150.0000,1,1,1,1,1,1,1,1,2,2
SF,IC2103,2020-07-21 09:31:23.700,6133.4000,2409,0,62541040.000,0,-,-,-,-,6133.2000,6133.0000,6131.8000,6122.0000,6110.2000,6137.4000,6140.8000,6141.0000,6150.0000,6167.0000,1,1,1,1,1,1,1,2,2,1
SF,IC2103,2020-07-21 09:31:24.200,6133.4000,2409,0,62541040.000,0,-,-,-,-,6133.2000,6133.0000,6122.0000,6110.2000,6105.0000,6137.4000,6140.8000,6141.0000,6150.0000,6167.0000,1,1,1,1,4,1,1,2,2,1
SF,IC2103,2020-07-21 09:31:24.700,6133.4000,2409,0,62541040.000,0,-,-,-,-,6135.0000,6133.4000,6133.2000,6122.0000,6110.2000,6137.2000,6137.4000,6140.8000,6141.0000,6150.0000,1,1,1,1,1,1,1,1,2,2
SF,IC2103,2020-07-21 09:31:25.200,6137.0000,2410,1,64995440.000,2,1,1,空开,S,6133.4000,6133.2000,6122.0000,6110.2000,6105.0000,6137.0000,6137.2000,6140.8000,6141.0000,6150.0000,1,1,1,1,4,1,1,1,2,2
SF,IC2103,2020-07-21 09:31:25.700,6137.0000,2410,0,64995440.000,0,-,-,-,-,6133.6000,6122.0000,6110.2000,6105.0000,6103.0000,6137.0000,6140.8000,6141.0000,6150.0000,6167.0000,1,1,1,4,1,1,1,2,2,1
SF,IC2103,2020-07-21 09:31:26.200,6137.0000,2410,0,64995440.000,0,-,-,-,-,6133.6000,6122.0000,6110.2000,6105.0000,6103.0000,6137.0000,6139.2000,6141.0000,6150.0000,6167.0000,1,1,1,4,1,1,1,2,2,1
SF,IC2103,2020-07-21 09:31:26.700,6137.0000,2410,0,64995440.000,0,-,-,-,-,6133.8000,6133.6000,6122.0000,6110.2000,6105.0000,6137.0000,6140.6000,6141.0000,6150.0000,6167.0000,1,1,1,1,4,1,1,2,2,1
SF,IC2103,2020-07-21 09:31:27.200,6137.0000,2410,0,64995440.000,0,-,-,-,-,6134.0000,6122.0000,6110.2000,6105.0000,6103.0000,6140.6000,6141.0000,6150.0000,6167.0000,6170.0000,1,1,1,4,1,1,2,2,1,1
SF,IC2103,2020-07-21 09:31:27.700,6137.0000,2410,0,64995440.000,0,-,-,-,-,6134.0000,6122.0000,6110.2000,6105.0000,6103.0000,6140.4000,6140.6000,6141.0000,6150.0000,6167.0000,1,1,1,4,1,2,1,2,2,1
SF,IC2103,2020-07-21 09:31:28.200,6137.0000,2410,0,64995440.000,0,-,-,-,-,6135.0000,6134.0000,6122.0000,6110.2000,6105.0000,6138.0000,6140.4000,6140.6000,6141.0000,6150.0000,1,1,1,1,4,1,2,1,2,2
SF,IC2103,2020-07-21 09:31:28.700,6137.0000,2410,0,64995440.000,0,-,-,-,-,6135.2000,6135.0000,6122.0000,6110.2000,6105.0000,6137.8000,6140.4000,6140.6000,6141.0000,6150.0000,1,1,1,1,4,1,1,1,2,2
SF,IC2103,2020-07-21 09:31:29.200,6135.2000,2410,0,67450000.000,2,1,1,多换,S,6135.0000,6122.0000,6110.2000,6105.0000,6103.0000,6137.8000,6140.6000,6141.0000,6150.0000,6167.0000,1,1,1,4,1,1,1,2,2,1
SF,IC2103,2020-07-21 09:31:30.200,6135.0000,2409,-1,68677000.000,1,0,1,双平,S,6122.0000,6110.2000,6105.0000,6103.0000,6101.0000,6137.6000,6137.8000,6140.6000,6141.0000,6150.0000,1,1,4,1,1,1,1,1,2,2
SF,IC2103,2020-07-21 09:31:30.700,6135.0000,2409,0,68677000.000,0,-,-,-,-,6131.4000,6122.2000,6122.0000,6110.2000,6105.0000,6137.4000,6140.6000,6141.0000,6150.0000,6167.0000,1,2,1,1,4,1,1,2,2,1
SF,IC2103,2020-07-21 09:31:31.200,6135.0000,2409,0,68677000.000,0,-,-,-,-,6131.6000,6131.4000,6127.2000,6122.2000,6122.0000,6137.4000,6140.6000,6141.0000,6150.0000,6167.0000,1,1,1,1,1,1,1,2,2,1
SF,IC2103,2020-07-21 09:31:31.700,6135.0000,2409,0,68677000.000,0,-,-,-,-,6131.6000,6131.4000,6127.2000,6122.0000,6110.2000,6137.2000,6137.4000,6140.6000,6141.0000,6150.0000,1,1,1,1,1,1,1,1,2,2
SF,IC2103,2020-07-21 09:31:32.200,6135.0000,2409,0,68677000.000,0,-,-,-,-,6131.6000,6131.4000,6127.2000,6122.0000,6110.2000,6137.0000,6137.2000,6140.6000,6150.0000,6167.0000,1,1,1,1,1,2,2,1,2,1
SF,IC2103,2020-07-21 09:31:32.700,6135.0000,2409,0,68677000.000,0,-,-,-,-,6131.6000,6131.4000,6127.2000,6126.6000,6122.0000,6136.8000,6137.0000,6137.2000,6140.6000,6150.0000,1,1,1,1,1,1,1,2,1,2
SF,IC2103,2020-07-21 09:31:33.200,6135.0000,2409,0,68677000.000,0,-,-,-,-,6131.6000,6131.4000,6127.2000,6126.6000,6122.0000,6136.6000,6136.8000,6137.2000,6140.6000,6150.0000,1,1,1,1,1,2,1,2,1,2
SF,IC2103,2020-07-21 09:31:34.200,6131.4000,2409,0,71129600.000,2,1,1,多换,S,6127.2000,6126.6000,6122.0000,6110.2000,6105.0000,6136.6000,6136.8000,6137.2000,6139.0000,6150.0000,1,1,1,1,4,2,1,2,1,2
SF,IC2103,2020-07-21 09:31:34.700,6131.4000,2409,0,71129600.000,0,-,-,-,-,6127.4000,6127.2000,6126.6000,6122.0000,6110.2000,6136.6000,6136.8000,6137.2000,6139.0000,6150.0000,1,1,1,1,1,2,1,2,1,2
SF,IC2103,2020-07-21 09:31:35.200,6131.4000,2409,0,71129600.000,0,-,-,-,-,6127.4000,6127.2000,6122.0000,6110.2000,6105.0000,6136.6000,6136.8000,6137.2000,6150.0000,6167.0000,1,1,1,1,4,1,1,3,2,1
SF,IC2103,2020-07-21 09:31:35.700,6136.6000,2409,0,72356920.000,1,0,1,多换,S,6128.4000,6127.4000,6122.0000,6110.2000,6105.0000,6136.8000,6137.2000,6150.0000,6167.0000,6170.0000,1,1,1,1,4,1,3,2,1,1
SF,IC2103,2020-07-21 09:31:36.200,6136.6000,2409,0,72356920.000,0,-,-,-,-,6128.6000,6128.4000,6122.0000,6110.2000,6105.0000,6136.6000,6136.8000,6137.2000,6138.0000,6150.0000,1,1,1,1,4,1,1,2,1,2
SF,IC2103,2020-07-21 09:31:37.200,6136.6000,2409,0,72356920.000,0,-,-,-,-,6128.6000,6128.4000,6124.8000,6122.0000,6110.2000,6136.2000,6136.4000,6136.6000,6136.8000,6138.0000,1,1,1,1,1,1,1,1,1,1
SF,IC2103,2020-07-21 09:31:37.700,6129.8000,2409,0,73582880.000,1,0,1,多换,S,6128.6000,6124.8000,6122.0000,6110.2000,6105.0000,6136.0000,6136.2000,6136.8000,6150.0000,6167.0000,1,1,1,1,4,3,2,1,2,1
SF,IC2103,2020-07-21 09:31:38.200,6129.8000,2409,0,73582880.000,0,-,-,-,-,6128.6000,6124.8000,6122.0000,6110.2000,6105.0000,6136.0000,6136.2000,6136.8000,6150.0000,6167.0000,1,1,1,1,4,2,2,1,2,1
SF,IC2103,2020-07-21 09:31:39.700,6129.8000,2409,0,73582880.000,0,-,-,-,-,6128.6000,6124.8000,6122.0000,6110.2000,6105.0000,6136.0000,6136.2000,6136.8000,6150.0000,6167.0000,1,1,1,1,4,1,2,1,2,1
SF,IC2103,2020-07-21 09:31:40.200,6129.8000,2409,0,73582880.000,0,-,-,-,-,6128.6000,6124.8000,6122.0000,6110.2000,6105.0000,6135.8000,6136.0000,6136.2000,6136.8000,6150.0000,1,1,1,1,4,1,1,1,1,2
SF,IC2103,2020-07-21 09:31:40.700,6135.6000,2409,0,74810000.000,1,0,1,多换,S,6128.6000,6124.8000,6122.0000,6110.2000,6105.0000,6136.8000,6150.0000,6167.0000,6170.0000,6176.8000,1,1,1,1,4,1,2,1,1,1
SF,IC2103,2020-07-21 09:31:41.200,6135.6000,2409,0,74810000.000,0,-,-,-,-,6128.6000,6124.8000,6122.0000,6110.2000,6105.0000,6136.2000,6136.6000,6150.0000,6167.0000,6170.0000,1,1,1,1,4,2,1,2,1,1
SF,IC2103,2020-07-21 09:31:41.700,6136.0000,2409,0,76037200.000,1,0,1,多换,S,6128.6000,6122.0000,6110.2000,6105.0000,6103.0000,6136.0000,6136.2000,6150.0000,6167.0000,6170.0000,1,1,1,4,1,1,2,2,1,1
SF,IC2103,2020-07-21 09:31:42.200,6136.0000,2409,0,76037200.000,0,-,-,-,-,6128.8000,6128.6000,6122.0000,6110.2000,6105.0000,6136.0000,6136.2000,6150.0000,6167.0000,6170.0000,2,1,1,1,4,1,2,2,1,1
SF,IC2103,2020-07-21 09:31:42.700,6136.0000,2409,0,76037200.000,0,-,-,-,-,6136.0000,6129.0000,6128.8000,6122.0000,6110.2000,6136.2000,6150.0000,6167.0000,6170.0000,6176.8000,1,1,1,1,1,2,2,1,1,1
SF,IC2103,2020-07-21 09:31:43.200,6136.2000,2411,2,80946120.000,4,3,1,空开,S,6136.2000,6128.8000,6122.0000,6110.2000,6105.0000,6150.0000,6167.0000,6170.0000,6176.8000,6199.8000,1,1,1,1,4,2,1,1,1,1
SF,IC2103,2020-07-21 09:31:43.700,6136.2000,2411,0,83400600.000,2,1,1,多换,S,6136.2000,6128.8000,6122.0000,6110.2000,6105.0000,6138.0000,6141.0000,6144.6000,6149.8000,6150.0000,1,1,1,1,4,1,1,1,3,2
SF,IC2103,2020-07-21 09:31:44.200,6138.0000,2411,0,84628200.000,1,0,1,多换,S,6128.8000,6122.0000,6110.2000,6105.0000,6103.0000,6136.2000,6137.8000,6141.0000,6144.6000,6149.8000,1,1,1,4,1,1,1,1,1,1
SF,IC2103,2020-07-21 09:31:44.700,6136.2000,2412,1,85855440.000,1,1,0,双开,S,6131.4000,6129.0000,6128.8000,6122.0000,6110.2000,6141.0000,6144.0000,6144.6000,6146.8000,6149.8000,1,2,1,1,1,2,1,1,1,1
SF,IC2103,2020-07-21 09:31:45.200,6136.2000,2412,0,85855440.000,0,-,-,-,-,6131.6000,6131.4000,6128.8000,6122.0000,6110.2000,6140.8000,6141.0000,6144.0000,6144.6000,6146.8000,2,1,1,1,1,1,2,1,1,1
SF,IC2103,2020-07-21 09:31:45.700,6136.2000,2412,0,85855440.000,0,-,-,-,-,6131.8000,6131.6000,6131.4000,6122.0000,6110.2000,6140.8000,6141.0000,6144.0000,6144.6000,6146.8000,1,1,1,1,1,1,2,1,1,1
SF,IC2103,2020-07-21 09:31:46.200,6136.2000,2412,0,85855440.000,0,-,-,-,-,6132.0000,6131.8000,6131.4000,6122.0000,6110.2000,6140.8000,6144.0000,6144.6000,6145.0000,6146.8000,2,1,1,1,1,1,1,1,1,1
SF,IC2103,2020-07-21 09:31:46.700,6136.2000,2412,0,85855440.000,0,-,-,-,-,6132.0000,6131.4000,6122.0000,6110.2000,6105.0000,6140.0000,6140.8000,6144.6000,6145.0000,6146.8000,3,1,1,1,4,1,1,1,1,1
SF,IC2103,2020-07-21 09:31:47.200,6136.2000,2412,0,85855440.000,0,-,-,-,-,6132.0000,6131.4000,6122.0000,6110.2000,6105.0000,6139.8000,6140.0000,6144.6000,6145.0000,6146.8000,3,1,1,1,4,2,1,1,1,1
SF,IC2103,2020-07-21 09:31:47.700,6136.2000,2412,0,85855440.000,0,-,-,-,-,6132.8000,6132.0000,6131.4000,6122.0000,6110.2000,6139.6000,6139.8000,6140.0000,6144.6000,6145.0000,1,2,1,1,1,1,1,1,1,1
SF,IC2103,2020-07-21 09:31:48.200,6136.2000,2412,0,85855440.000,0,-,-,-,-,6133.0000,6132.8000,6132.0000,6131.4000,6128.0000,6139.4000,6139.6000,6140.0000,6144.6000,6145.0000,2,1,1,1,1,1,1,1,1,1
SF,IC2103,2020-07-21 09:31:48.700,6136.2000,2412,0,85855440.000,0,-,-,-,-,6133.0000,6132.0000,6131.4000,6128.0000,6122.0000,6139.6000,6144.6000,6145.0000,6146.8000,6150.0000,2,1,1,1,1,1,1,1,1,2
SF,IC2103,2020-07-21 09:31:49.200,6136.2000,2412,0,85855440.000,0,-,-,-,-,6133.0000,6131.4000,6128.0000,6122.0000,6110.2000,6139.6000,6143.2000,6144.6000,6145.0000,6146.8000,2,1,1,1,1,1,1,1,1,1
SF,IC2103,2020-07-21 09:31:49.700,6136.2000,2412,0,85855440.000,0,-,-,-,-,6133.0000,6131.4000,6128.0000,6122.0000,6110.2000,6139.4000,6139.6000,6143.2000,6144.6000,6145.0000,1,1,1,1,1,1,1,1,1,1
SF,IC2103,2020-07-21 09:31:50.200,6139.2000,2413,1,87083280.000,1,1,0,双开,S,6133.2000,6133.0000,6131.4000,6128.0000,6122.0000,6139.4000,6139.6000,6143.2000,6144.6000,6145.0000,1,1,1,1,1,1,1,1,1,1
SF,IC2103,2020-07-21 09:31:50.700,6139.2000,2413,0,87083280.000,0,-,-,-,-,6133.4000,6131.4000,6128.0000,6122.0000,6110.2000,6139.4000,6139.6000,6143.2000,6144.6000,6145.0000,1,1,1,1,1,1,1,1,1,1
SF,IC2103,2020-07-21 09:31:51.200,6139.2000,2413,0,87083280.000,0,-,-,-,-,6133.6000,6133.4000,6131.4000,6128.0000,6122.0000,6139.4000,6139.6000,6143.2000,6144.6000,6145.0000,1,1,1,1,1,1,1,1,1,1
SF,IC2103,2020-07-21 09:31:51.700,6139.2000,2413,0,87083280.000,0,-,-,-,-,6133.8000,6131.4000,6128.0000,6122.0000,6110.2000,6139.4000,6139.6000,6143.2000,6144.6000,6145.0000,2,1,1,1,1,1,1,1,1,1
SF,IC2103,2020-07-21 09:31:52.200,6139.2000,2413,0,87083280.000,0,-,-,-,-,6133.8000,6131.4000,6128.0000,6122.0000,6110.2000,6139.2000,6139.4000,6139.6000,6143.2000,6144.6000,1,1,1,1,1,1,1,1,1,1
SF,IC2103,2020-07-21 09:31:52.700,6139.2000,2413,0,87083280.000,0,-,-,-,-,6134.0000,6133.8000,6131.4000,6128.0000,6110.2000,6139.0000,6139.2000,6139.6000,6143.2000,6144.6000,1,1,1,1,1,1,1,1,1,1
SF,IC2103,2020-07-21 09:31:53.200,6139.2000,2413,0,87083280.000,0,-,-,-,-,6134.2000,6134.0000,6131.4000,6128.0000,6110.2000,6139.0000,6139.2000,6139.6000,6143.2000,6144.6000,2,1,1,1,1,1,1,1,1,1
SF,IC2103,2020-07-21 09:31:53.700,6139.2000,2413,0,87083280.000,0,-,-,-,-,6134.2000,6134.0000,6131.4000,6128.0000,6110.2000,6139.0000,6139.2000,6139.6000,6143.2000,6144.6000,1,1,1,1,1,1,1,1,1,1
SF,IC2103,2020-07-21 09:31:54.200,6139.2000,2413,0,87083280.000,0,-,-,-,-,6134.4000,6134.2000,6134.0000,6131.4000,6128.0000,6139.0000,6139.2000,6139.6000,6143.2000,6144.6000,1,1,1,1,1,1,1,1,1,1
SF,IC2103,2020-07-21 09:31:54.700,6139.2000,2413,0,87083280.000,0,-,-,-,-,6134.6000,6134.0000,6131.4000,6128.0000,6110.2000,6139.0000,6139.2000,6139.6000,6143.2000,6144.6000,1,1,1,1,1,1,1,1,1,1
SF,IC2103,2020-07-21 09:31:55.200,6139.2000,2413,0,87083280.000,0,-,-,-,-,6134.6000,6134.0000,6131.4000,6128.0000,6110.2000,6138.8000,6139.0000,6139.2000,6139.6000,6141.0000,1,1,1,1,1,1,1,1,1,1
SF,IC2103,2020-07-21 09:31:55.700,6139.2000,2413,0,87083280.000,0,-,-,-,-,6134.6000,6134.0000,6131.4000,6128.0000,6110.2000,6138.6000,6139.2000,6139.6000,6141.0000,6144.6000,1,1,1,1,1,1,1,1,1,1
SF,IC2103,2020-07-21 09:31:56.200,6139.2000,2413,0,87083280.000,0,-,-,-,-,6134.8000,6134.6000,6131.4000,6128.0000,6110.2000,6138.6000,6139.2000,6142.8000,6144.6000,6145.0000,1,1,1,1,1,1,1,1,1,1
SF,IC2103,2020-07-21 09:31:56.700,6139.2000,2413,0,87083280.000,0,-,-,-,-,6135.0000,6134.8000,6131.4000,6128.0000,6110.2000,6142.8000,6144.6000,6145.0000,6146.8000,6147.4000,1,1,1,1,1,1,1,1,1,1
SF,IC2103,2020-07-21 09:31:57.200,6139.2000,2413,0,87083280.000,0,-,-,-,-,6135.0000,6134.8000,6131.4000,6128.0000,6110.2000,6142.6000,6142.8000,6144.6000,6145.0000,6146.8000,1,1,1,1,1,1,1,1,1,1
SF,IC2103,2020-07-21 09:31:57.700,6139.2000,2413,0,87083280.000,0,-,-,-,-,6135.0000,6131.4000,6128.0000,6110.2000,6105.0000,6142.6000,6142.8000,6144.6000,6145.0000,6146.8000,1,1,1,1,4,1,1,1,1,1
SF,IC2103,2020-07-21 09:31:58.200,6139.2000,2413,0,87083280.000,0,-,-,-,-,6135.0000,6131.4000,6128.0000,6110.2000,6105.0000,6142.0000,6142.6000,6142.8000,6144.6000,6145.0000,1,1,1,1,4,1,1,1,1,1
SF,IC2103,2020-07-21 09:31:58.700,6139.2000,2413,0,87083280.000,0,-,-,-,-,6135.0000,6131.4000,6128.0000,6110.2000,6105.0000,6141.0000,6141.8000,6142.8000,6144.6000,6145.0000,1,1,1,1,4,1,1,1,1,1
SF,IC2103,2020-07-21 09:31:59.200,6139.2000,2413,0,87083280.000,0,-,-,-,-,6135.0000,6131.4000,6128.0000,6110.2000,6105.0000,6140.8000,6142.8000,6144.6000,6145.0000,6147.4000,1,1,1,1,4,2,1,1,1,1
SF,IC2103,2020-07-21 09:31:59.700,6139.2000,2413,0,87083280.000,0,-,-,-,-,6135.0000,6131.4000,6128.0000,6110.2000,6105.0000,6139.0000,6140.6000,6140.8000,6142.8000,6144.6000,1,1,1,1,4,1,1,1,1,1
SF,IC2103,2020-07-21 09:32:00.200,6139.2000,2413,0,87083280.000,0,-,-,-,-,6135.0000,6131.4000,6128.0000,6110.2000,6105.0000,6138.8000,6139.0000,6140.6000,6142.8000,6144.6000,1,1,1,1,4,1,1,1,1,1
SF,IC2103,2020-07-21 09:32:00.700,6139.2000,2413,0,87083280.000,0,-,-,-,-,6135.0000,6131.4000,6128.0000,6110.2000,6105.0000,6138.8000,6139.0000,6140.6000,6142.8000,6144.6000,1,1,1,1,4,2,1,1,1,1
SF,IC2103,2020-07-21 09:32:01.200,6139.2000,2413,0,87083280.000,0,-,-,-,-,6135.0000,6131.4000,6128.0000,6110.2000,6105.0000,6138.8000,6139.0000,6142.8000,6144.6000,6145.0000,1,1,1,1,4,1,1,1,1,1
SF,IC2103,2020-07-21 09:32:01.700,6139.2000,2413,0,87083280.000,0,-,-,-,-,6135.2000,6135.0000,6131.4000,6128.0000,6110.2000,6138.8000,6139.0000,6142.8000,6144.6000,6145.0000,1,1,1,1,1,1,1,1,1,1
SF,IC2103,2020-07-21 09:32:02.200,6139.2000,2413,0,87083280.000,0,-,-,-,-,6135.4000,6135.2000,6131.4000,6128.0000,6110.2000,6138.8000,6139.0000,6142.8000,6144.6000,6145.0000,1,1,1,1,1,1,1,1,1,1
SF,IC2103,2020-07-21 09:32:02.700,6139.2000,2413,0,87083280.000,0,-,-,-,-,6135.4000,6135.2000,6131.4000,6128.0000,6110.2000,6138.6000,6138.8000,6139.0000,6142.8000,6144.6000,1,1,1,1,1,2,1,1,1,1
SF,IC2103,2020-07-21 09:32:03.200,6135.2000,2413,0,89537400.000,2,1,1,多换,S,6131.4000,6128.0000,6110.2000,6105.0000,6103.0000,6138.4000,6138.6000,6138.8000,6139.0000,6142.8000,1,1,1,4,1,1,2,1,1,1
SF,IC2103,2020-07-21 09:32:03.700,6135.2000,2413,0,89537400.000,0,-,-,-,-,6131.6000,6131.4000,6128.0000,6110.2000,6105.0000,6138.2000,6138.4000,6138.8000,6139.0000,6141.2000,1,1,1,1,4,1,1,1,1,1
SF,IC2103,2020-07-21 09:32:04.200,6135.2000,2413,0,89537400.000,0,-,-,-,-,6131.6000,6131.4000,6128.0000,6110.2000,6105.0000,6138.0000,6138.2000,6138.4000,6138.8000,6139.0000,1,1,1,1,4,1,1,1,1,1
SF,IC2103,2020-07-21 09:32:04.700,6135.2000,2413,0,89537400.000,0,-,-,-,-,6131.6000,6131.4000,6128.0000,6110.2000,6105.0000,6137.8000,6138.0000,6138.4000,6138.8000,6139.0000,1,1,1,1,4,1,1,1,1,1
SF,IC2103,2020-07-21 09:32:05.200,6135.2000,2413,0,89537400.000,0,-,-,-,-,6131.6000,6131.4000,6128.0000,6110.2000,6105.0000,6137.8000,6138.4000,6138.8000,6139.0000,6141.4000,1,1,1,1,4,1,1,1,1,1
SF,IC2103,2020-07-21 09:32:05.700,6135.2000,2413,0,89537400.000,0,-,-,-,-,6131.8000,6131.6000,6131.4000,6128.0000,6110.2000,6137.6000,6137.8000,6138.4000,6138.8000,6139.0000,1,1,1,1,1,1,1,1,1,1
SF,IC2103,2020-07-21 09:32:06.200,6135.2000,2413,0,89537400.000,0,-,-,-,-,6132.0000,6131.4000,6128.0000,6110.2000,6105.0000,6137.4000,6137.6000,6138.4000,6138.8000,6139.0000,1,1,1,1,4,1,1,1,1,1
SF,IC2103,2020-07-21 09:32:06.700,6135.2000,2413,0,89537400.000,0,-,-,-,-,6132.2000,6132.0000,6131.4000,6128.0000,6110.2000,6135.0000,6137.4000,6137.6000,6138.4000,6138.8000,1,1,1,1,1,1,1,1,1,1
SF,IC2103,2020-07-21 09:32:07.200,6135.0000,2413,0,90764400.000,1,0,1,多换,S,6135.0000,6133.0000,6132.4000,6132.2000,6131.4000,6137.6000,6138.8000,6139.0000,6142.6000,6145.0000,1,1,2,1,1,1,1,1,1,1
SF,IC2103,2020-07-21 09:32:07.700,6135.0000,2413,0,90764400.000,0,-,-,-,-,6135.2000,6133.0000,6132.4000,6131.4000,6128.0000,6137.4000,6137.6000,6138.8000,6139.0000,6142.6000,1,1,2,1,1,1,1,1,1,1
SF,IC2103,2020-07-21 09:32:08.200,6135.0000,2413,0,90764400.000,0,-,-,-,-,6135.4000,6135.2000,6133.0000,6131.4000,6128.0000,6137.6000,6138.8000,6139.0000,6142.6000,6145.0000,1,1,1,1,1,1,1,1,1,1
SF,IC2103,2020-07-21 09:32:08.700,6135.0000,2413,0,90764400.000,0,-,-,-,-,6135.6000,6135.4000,6133.0000,6131.4000,6128.0000,6137.6000,6138.8000,6139.0000,6142.6000,6145.0000,1,1,1,1,1,1,1,1,1,1
SF,IC2103,2020-07-21 09:32:09.200,6135.0000,2412,-1,91991400.000,1,0,1,双平,S,6135.8000,6133.0000,6131.4000,6128.0000,6110.2000,6137.6000,6138.8000,6139.0000,6142.6000,6145.0000,2,1,1,1,1,1,1,1,1,1
SF,IC2103,2020-07-21 09:32:10.200,6135.0000,2412,0,91991400.000,0,-,-,-,-,6135.8000,6131.4000,6128.0000,6110.2000,6105.0000,6137.6000,6138.8000,6139.0000,6142.6000,6145.0000,1,1,1,1,4,1,1,1,1,1
SF,IC2103,2020-07-21 09:32:10.700,6135.0000,2412,0,91991400.000,0,-,-,-,-,6136.6000,6136.0000,6135.8000,6131.4000,6128.0000,6137.6000,6138.8000,6139.0000,6142.6000,6145.0000,1,1,1,1,1,1,1,1,1,1
SF,IC2103,2020-07-21 09:32:11.200,6137.6000,2412,0,93218920.000,1,0,1,多换,S,6137.8000,6136.6000,6136.0000,6135.8000,6131.4000,6138.8000,6139.0000,6144.0000,6145.0000,6147.4000,2,1,1,1,1,1,1,1,1,1
SF,IC2103,2020-07-21 09:32:11.700,6137.8000,2411,-1,94446480.000,1,0,1,双平,S,6137.8000,6136.6000,6135.8000,6131.4000,6128.0000,6138.8000,6139.0000,6144.0000,6145.0000,6147.4000,2,1,2,1,1,1,1,1,1,1
SF,IC2103,2020-07-21 09:32:12.200,6139.0000,2411,0,96902040.000,2,1,1,多换,S,6136.6000,6135.8000,6131.4000,6128.0000,6110.2000,6144.0000,6145.0000,6147.4000,6150.0000,6167.0000,1,2,1,1,1,1,1,1,2,1
SF,IC2103,2020-07-21 09:32:12.700,6139.0000,2411,0,96902040.000,0,-,-,-,-,6136.8000,6136.6000,6135.8000,6131.4000,6128.0000,6143.8000,6144.0000,6145.0000,6147.4000,6150.0000,1,1,1,1,1,1,1,1,1,2
SF,IC2103,2020-07-21 09:32:13.200,6139.0000,2411,0,96902040.000,0,-,-,-,-,6136.8000,6136.6000,6135.8000,6131.4000,6128.0000,6143.6000,6143.8000,6144.0000,6145.0000,6147.4000,1,1,1,1,1,1,1,1,1,1
SF,IC2103,2020-07-21 09:32:13.700,6139.0000,2411,0,96902040.000,0,-,-,-,-,6136.8000,6135.8000,6131.4000,6128.0000,6110.2000,6143.4000,6143.6000,6144.0000,6145.0000,6147.4000,1,1,1,1,1,1,1,1,1,1
SF,IC2103,2020-07-21 09:32:14.200,6139.0000,2411,0,96902040.000,0,-,-,-,-,6135.8000,6131.4000,6128.0000,6110.2000,6105.0000,6143.2000,6143.4000,6144.0000,6145.0000,6147.4000,1,1,1,1,4,1,1,1,1,1
SF,IC2103,2020-07-21 09:32:14.700,6139.0000,2411,0,96902040.000,0,-,-,-,-,6135.8000,6131.4000,6128.0000,6110.2000,6105.0000,6142.2000,6143.0000,6143.2000,6145.0000,6147.4000,1,1,1,1,4,1,1,1,1,1
SF,IC2103,2020-07-21 09:32:15.200,6139.0000,2411,0,96902040.000,0,-,-,-,-,6135.8000,6131.4000,6128.0000,6110.2000,6105.0000,6142.0000,6142.2000,6145.0000,6147.4000,6150.0000,1,1,1,1,4,2,1,1,1,2
SF,IC2103,2020-07-21 09:32:15.700,6139.0000,2411,0,96902040.000,0,-,-,-,-,6136.0000,6135.8000,6131.4000,6128.0000,6110.2000,6141.0000,6142.0000,6142.2000,6145.0000,6147.4000,1,1,1,1,1,1,2,1,1,1
SF,IC2103,2020-07-21 09:32:16.200,6139.0000,2411,0,96902040.000,0,-,-,-,-,6135.8000,6131.4000,6128.0000,6110.2000,6105.0000,6140.2000,6140.8000,6141.0000,6145.0000,6147.4000,1,1,1,1,4,1,2,1,1,1
SF,IC2103,2020-07-21 09:32:16.700,6139.0000,2411,0,96902040.000,0,-,-,-,-,6131.4000,6128.0000,6110.2000,6105.0000,6103.0000,6140.0000,6140.2000,6141.0000,6141.4000,6147.4000,1,1,1,4,1,2,1,1,1,1
SF,IC2103,2020-07-21 09:32:17.200,6139.0000,2411,0,96902040.000,0,-,-,-,-,6131.6000,6131.4000,6128.0000,6110.2000,6105.0000,6140.0000,6140.2000,6141.0000,6141.4000,6147.4000,1,1,1,1,4,2,1,1,1,1
SF,IC2103,2020-07-21 09:32:17.700,6139.0000,2411,0,96902040.000,0,-,-,-,-,6132.4000,6131.6000,6131.4000,6128.0000,6110.2000,6140.0000,6140.2000,6141.0000,6141.4000,6147.4000,1,1,1,1,1,2,1,1,1,1
SF,IC2103,2020-07-21 09:32:18.200,6139.0000,2411,0,96902040.000,0,-,-,-,-,6132.6000,6132.4000,6131.4000,6128.0000,6110.2000,6139.8000,6140.0000,6140.2000,6141.0000,6141.4000,1,1,1,1,1,1,1,1,1,1
SF,IC2103,2020-07-21 09:32:18.700,6139.0000,2411,0,96902040.000,0,-,-,-,-,6132.6000,6132.4000,6131.4000,6128.0000,6110.2000,6139.6000,6139.8000,6140.2000,6141.0000,6141.4000,1,1,1,1,1,1,1,1,1,1
SF,IC2103,2020-07-21 09:32:19.200,6139.0000,2411,0,96902040.000,0,-,-,-,-,6132.6000,6132.4000,6128.0000,6110.2000,6105.0000,6138.0000,6139.4000,6139.6000,6140.2000,6141.0000,1,1,1,1,4,1,1,1,1,1
SF,IC2103,2020-07-21 09:32:19.700,6139.0000,2411,0,96902040.000,0,-,-,-,-,6132.6000,6132.4000,6128.0000,6110.2000,6105.0000,6137.8000,6138.0000,6140.2000,6141.0000,6141.4000,1,1,1,1,4,2,1,1,1,1
SF,IC2103,2020-07-21 09:32:20.700,6139.0000,2411,0,96902040.000,0,-,-,-,-,6132.6000,6132.4000,6128.0000,6110.2000,6105.0000,6137.8000,6138.0000,6139.4000,6140.2000,6141.0000,1,1,1,1,4,2,1,1,1,1
SF,IC2103,2020-07-21 09:32:21.200,6139.0000,2411,0,96902040.000,0,-,-,-,-,6128.0000,6110.2000,6105.0000,6103.0000,6101.0000,6137.8000,6138.0000,6138.4000,6139.4000,6141.0000,1,1,4,1,1,2,1,1,1,1
SF,IC2103,2020-07-21 09:32:21.700,6139.0000,2411,0,96902040.000,0,-,-,-,-,6132.8000,6128.2000,6128.0000,6110.2000,6105.0000,6137.4000,6137.8000,6138.0000,6138.4000,6139.4000,1,1,1,1,4,1,1,1,1,1
SF,IC2103,2020-07-21 09:32:22.200,6139.0000,2411,0,96902040.000,0,-,-,-,-,6128.2000,6128.0000,6110.2000,6105.0000,6103.0000,6137.2000,6137.4000,6138.0000,6138.4000,6139.4000,1,1,1,4,1,3,1,1,1,1
SF,IC2103,2020-07-21 09:32:22.700,6139.0000,2411,0,96902040.000,0,-,-,-,-,6129.0000,6128.2000,6128.0000,6110.2000,6105.0000,6137.0000,6137.2000,6137.4000,6138.0000,6138.4000,1,1,1,1,4,1,2,1,1,1
SF,IC2103,2020-07-21 09:32:23.200,6139.0000,2411,0,96902040.000,0,-,-,-,-,6129.2000,6129.0000,6128.0000,6110.2000,6105.0000,6136.4000,6136.8000,6137.0000,6137.2000,6137.4000,1,1,1,1,4,1,1,1,1,1
SF,IC2103,2020-07-21 09:32:23.700,6139.0000,2411,0,96902040.000,0,-,-,-,-,6129.2000,6129.0000,6128.0000,6110.2000,6105.0000,6132.6000,6136.2000,6136.4000,6137.2000,6137.4000,1,1,1,1,4,1,1,1,1,1
SF,IC2103,2020-07-21 09:32:24.200,6139.0000,2411,0,96902040.000,0,-,-,-,-,6130.0000,6129.2000,6128.0000,6110.2000,6105.0000,6132.6000,6136.2000,6136.4000,6137.2000,6137.4000,1,1,1,1,4,1,1,1,1,1
SF,IC2103,2020-07-21 09:32:24.700,6139.0000,2411,0,96902040.000,0,-,-,-,-,6130.2000,6130.0000,6128.0000,6110.2000,6105.0000,6132.6000,6136.2000,6136.4000,6137.4000,6138.0000,2,1,1,1,4,1,1,2,1,1
SF,IC2103,2020-07-21 09:32:25.200,6139.0000,2411,0,96902040.000,0,-,-,-,-,6130.0000,6128.0000,6110.2000,6105.0000,6103.0000,6132.4000,6132.6000,6136.4000,6137.4000,6138.0000,1,1,1,4,1,1,1,2,1,1
SF,IC2103,2020-07-21 09:32:25.700,6130.0000,2411,0,98128040.000,1,0,1,多换,S,6128.0000,6110.2000,6105.0000,6103.0000,6101.0000,6132.2000,6132.4000,6132.6000,6136.4000,6138.0000,1,1,4,1,1,1,1,1,2,1
SF,IC2103,2020-07-21 09:32:26.200,6130.0000,2411,0,98128040.000,0,-,-,-,-,6128.0000,6110.2000,6105.0000,6103.0000,6101.0000,6132.0000,6132.2000,6132.6000,6136.4000,6138.0000,1,1,4,1,1,1,1,1,2,1
SF,IC2103,2020-07-21 09:32:26.700,6128.0000,2412,1,99353640.000,1,1,0,双开,S,6110.2000,6105.0000,6103.0000,6101.0000,6091.0000,6131.8000,6132.0000,6132.6000,6136.4000,6138.0000,1,4,1,1,1,1,1,1,2,1
SF,IC2103,2020-07-21 09:32:27.200,6128.0000,2412,0,99353640.000,0,-,-,-,-,6124.8000,6110.4000,6110.2000,6105.0000,6103.0000,6131.6000,6132.6000,6135.4000,6136.4000,6138.0000,1,1,1,4,1,1,1,1,2,1
SF,IC2103,2020-07-21 09:32:27.700,6128.0000,2412,0,99353640.000,0,-,-,-,-,6125.0000,6124.8000,6110.2000,6105.0000,6103.0000,6131.4000,6131.6000,6132.6000,6135.4000,6136.4000,1,1,1,4,1,1,1,1,1,2
SF,IC2103,2020-07-21 09:32:28.200,6128.0000,2412,0,99353640.000,0,-,-,-,-,6125.0000,6124.8000,6110.2000,6105.0000,6103.0000,6131.2000,6132.6000,6133.6000,6136.4000,6138.0000,1,1,1,4,1,1,1,1,2,1
SF,IC2103,2020-07-21 09:32:28.700,6128.0000,2412,0,99353640.000,0,-,-,-,-,6125.0000,6124.8000,6110.2000,6105.0000,6103.0000,6131.0000,6131.2000,6132.6000,6133.6000,6136.4000,1,1,1,4,1,1,1,1,1,2
SF,IC2103,2020-07-21 09:32:29.200,6128.0000,2412,0,99353640.000,0,-,-,-,-,6125.0000,6124.8000,6110.2000,6105.0000,6103.0000,6130.8000,6133.6000,6136.4000,6139.4000,6147.4000,1,1,1,4,1,1,1,1,1,1
SF,IC2103,2020-07-21 09:32:29.700,6128.0000,2412,0,99353640.000,0,-,-,-,-,6125.0000,6110.2000,6105.0000,6103.0000,6101.0000,6127.8000,6130.8000,6133.6000,6136.4000,6139.4000,1,1,4,1,1,1,1,1,1,1
SF,IC2103,2020-07-21 09:32:30.200,6128.0000,2412,0,99353640.000,0,-,-,-,-,6125.2000,6125.0000,6110.2000,6105.0000,6103.0000,6127.8000,6130.8000,6133.6000,6136.4000,6139.4000,1,1,1,4,1,1,1,1,1,1
SF,IC2103,2020-07-21 09:32:30.700,6127.8000,2413,1,100579200.000,1,1,0,双开,S,6125.4000,6125.2000,6110.2000,6105.0000,6103.0000,6130.8000,6133.6000,6136.4000,6139.4000,6147.4000,1,1,1,4,1,1,1,1,1,1
SF,IC2103,2020-07-21 09:32:31.200,6127.8000,2413,0,100579200.000,0,-,-,-,-,6125.6000,6125.4000,6110.2000,6105.0000,6103.0000,6130.8000,6135.0000,6136.4000,6139.4000,6147.4000,1,1,1,4,1,1,1,1,1,1
SF,IC2103,2020-07-21 09:32:31.700,6127.8000,2413,0,100579200.000,0,-,-,-,-,6125.8000,6110.2000,6105.0000,6103.0000,6101.0000,6130.8000,6135.0000,6136.4000,6139.4000,6147.4000,3,1,4,1,1,1,1,1,2,1
SF,IC2103,2020-07-21 09:32:32.200,6127.8000,2413,0,100579200.000,0,-,-,-,-,6126.0000,6125.8000,6110.2000,6105.0000,6103.0000,6130.8000,6136.4000,6139.4000,6147.4000,6150.0000,1,2,1,4,1,1,2,2,1,2
SF,IC2103,2020-07-21 09:32:32.700,6127.8000,2413,0,100579200.000,0,-,-,-,-,6126.2000,6126.0000,6125.8000,6110.2000,6105.0000,6136.4000,6137.8000,6139.4000,6147.4000,6150.0000,1,1,1,1,4,1,1,2,1,2
SF,IC2103,2020-07-21 09:32:33.200,6126.2000,2412,-1,101804440.000,1,0,1,双平,S,6126.0000,6110.2000,6105.0000,6103.0000,6101.0000,6136.2000,6136.4000,6137.8000,6139.4000,6147.4000,1,1,4,1,1,1,2,1,2,1
SF,IC2103,2020-07-21 09:32:33.700,6126.2000,2412,0,101804440.000,0,-,-,-,-,6126.2000,6110.2000,6105.0000,6103.0000,6101.0000,6136.2000,6136.4000,6137.8000,6139.4000,6147.4000,2,1,4,1,1,1,2,1,2,1
SF,IC2103,2020-07-21 09:32:34.700,6126.2000,2412,0,101804440.000,0,-,-,-,-,6126.2000,6110.2000,6105.0000,6103.0000,6101.0000,6136.2000,6137.8000,6139.4000,6147.4000,6150.0000,1,1,4,1,1,1,1,2,1,2
SF,IC2103,2020-07-21 09:32:35.200,6126.2000,2412,0,101804440.000,0,-,-,-,-,6127.6000,6126.4000,6126.2000,6110.2000,6105.0000,6136.2000,6137.8000,6139.4000,6147.4000,6150.0000,2,2,1,1,4,1,1,2,1,2
SF,IC2103,2020-07-21 09:32:35.700,6126.2000,2412,0,101804440.000,0,-,-,-,-,6127.8000,6127.6000,6126.4000,6110.2000,6105.0000,6131.8000,6135.8000,6136.2000,6137.8000,6139.4000,2,2,1,1,4,1,1,1,1,2
SF,IC2103,2020-07-21 09:32:36.200,6131.8000,2413,1,103030800.000,1,1,0,双开,S,6127.8000,6127.6000,6126.4000,6110.2000,6105.0000,6135.8000,6136.2000,6138.8000,6139.4000,6147.4000,2,2,1,1,4,1,1,1,2,1
SF,IC2103,2020-07-21 09:32:36.700,6127.8000,2414,1,105481920.000,2,1,1,空开,S,6127.6000,6126.4000,6110.2000,6105.0000,6103.0000,6135.6000,6135.8000,6138.8000,6139.4000,6147.4000,2,1,1,4,1,1,1,1,2,1
SF,IC2103,2020-07-21 09:32:37.200,6127.8000,2414,0,105481920.000,0,-,-,-,-,6129.0000,6127.8000,6126.4000,6110.2000,6105.0000,6135.6000,6135.8000,6138.8000,6139.4000,6147.4000,2,1,1,1,4,1,1,1,2,1
SF,IC2103,2020-07-21 09:32:37.700,6127.8000,2414,0,105481920.000,0,-,-,-,-,6129.2000,6110.2000,6105.0000,6103.0000,6101.0000,6135.4000,6135.6000,6135.8000,6138.8000,6139.4000,1,1,4,1,1,1,1,1,1,2
SF,IC2103,2020-07-21 09:32:38.200,6127.8000,2414,0,105481920.000,0,-,-,-,-,6110.2000,6105.0000,6103.0000,6101.0000,6091.0000,6135.2000,6135.8000,6138.8000,6139.4000,6147.4000,1,4,1,1,1,2,1,1,2,1
SF,IC2103,2020-07-21 09:32:38.700,6127.8000,2414,0,105481920.000,0,-,-,-,-,6124.8000,6110.6000,6110.4000,6110.2000,6105.0000,6135.2000,6135.8000,6138.8000,6139.4000,6147.4000,1,3,3,1,4,2,1,1,2,1
SF,IC2103,2020-07-21 09:32:39.200,6127.8000,2414,0,105481920.000,0,-,-,-,-,6125.0000,6124.8000,6110.4000,6110.2000,6105.0000,6135.2000,6135.8000,6138.8000,6139.4000,6147.4000,1,1,2,1,4,2,1,1,2,1
SF,IC2103,2020-07-21 09:32:39.700,6127.8000,2414,0,105481920.000,0,-,-,-,-,6125.0000,6124.8000,6110.4000,6110.2000,6105.0000,6135.2000,6135.8000,6138.8000,6139.4000,6147.4000,1,1,2,1,4,2,1,1,2,1
SF,IC2103,2020-07-21 09:32:40.200,6127.8000,2414,0,105481920.000,0,-,-,-,-,6125.0000,6124.8000,6110.4000,6110.2000,6105.0000,6135.2000,6135.8000,6138.8000,6139.4000,6147.4000,1,1,2,1,4,2,1,1,2,1
SF,IC2103,2020-07-21 09:32:40.700,6127.8000,2414,0,105481920.000,0,-,-,-,-,6125.6000,6125.0000,6124.8000,6110.4000,6110.2000,6135.0000,6135.2000,6138.8000,6139.4000,6147.4000,1,1,1,2,1,1,2,1,2,1
SF,IC2103,2020-07-21 09:32:41.200,6127.8000,2414,0,105481920.000,0,-,-,-,-,6125.8000,6125.6000,6124.8000,6110.4000,6110.2000,6134.8000,6135.0000,6135.2000,6138.8000,6139.4000,1,1,1,1,1,1,1,1,1,2
SF,IC2103,2020-07-21 09:32:41.700,6127.8000,2414,0,105481920.000,0,-,-,-,-,6126.2000,6125.8000,6125.6000,6124.8000,6110.4000,6134.8000,6135.0000,6135.2000,6138.8000,6139.4000,1,1,1,1,1,1,1,1,1,2
SF,IC2103,2020-07-21 09:32:42.200,6127.8000,2414,0,105481920.000,0,-,-,-,-,6126.4000,6126.2000,6125.6000,6124.8000,6110.4000,6130.2000,6134.8000,6135.0000,6135.2000,6139.4000,1,1,1,1,1,1,1,1,1,2
SF,IC2103,2020-07-21 09:32:42.700,6130.2000,2415,1,106707960.000,1,1,0,双开,S,6130.2000,6126.4000,6126.2000,6124.8000,6110.4000,6134.8000,6135.0000,6135.2000,6139.4000,6139.8000,1,2,1,1,1,1,1,1,2,1
SF,IC2103,2020-07-21 09:32:43.200,6130.2000,2415,0,106707960.000,0,-,-,-,-,6126.4000,6126.2000,6124.8000,6110.4000,6110.2000,6134.6000,6134.8000,6135.0000,6135.2000,6139.4000,2,1,1,1,1,1,1,1,1,2
SF,IC2103,2020-07-21 09:32:43.700,6130.2000,2415,0,106707960.000,0,-,-,-,-,6131.4000,6126.4000,6126.2000,6110.4000,6110.2000,6134.4000,6135.0000,6135.2000,6139.4000,6140.8000,1,2,1,1,1,1,1,1,2,1
SF,IC2103,2020-07-21 09:32:44.200,6134.2000,2416,1,109161080.000,2,1,1,空开,S,6126.4000,6126.2000,6110.4000,6110.2000,6105.0000,6135.2000,6139.4000,6140.8000,6147.4000,6150.0000,2,1,1,1,4,1,2,1,1,2
SF,IC2103,2020-07-21 09:32:44.700,6134.2000,2416,0,109161080.000,0,-,-,-,-,6126.6000,6126.4000,6126.2000,6110.4000,6110.2000,6134.2000,6135.0000,6135.2000,6139.4000,6140.8000,1,1,1,1,1,1,1,1,2,1
SF,IC2103,2020-07-21 09:32:45.200,6134.2000,2416,0,109161080.000,0,-,-,-,-,6127.0000,6126.8000,6121.8000,6110.4000,6110.2000,6134.0000,6134.2000,6135.2000,6139.4000,6140.8000,1,2,1,1,1,1,1,1,2,1
SF,IC2103,2020-07-21 09:32:45.700,6134.2000,2416,0,109161080.000,0,-,-,-,-,6127.2000,6127.0000,6121.8000,6110.4000,6110.2000,6134.0000,6134.2000,6135.2000,6139.4000,6140.8000,3,1,1,1,1,1,1,1,2,1
SF,IC2103,2020-07-21 09:32:46.200,6134.2000,2416,0,109161080.000,0,-,-,-,-,6127.4000,6127.2000,6121.8000,6110.4000,6110.2000,6134.0000,6134.2000,6135.2000,6139.4000,6140.8000,2,2,1,1,1,1,1,1,2,1
SF,IC2103,2020-07-21 09:32:46.700,6134.0000,2416,0,110387880.000,1,0,1,多换,S,6127.6000,6127.4000,6127.2000,6121.8000,6110.4000,6135.2000,6139.4000,6142.6000,6147.4000,6150.0000,1,2,1,1,1,1,2,1,1,2
SF,IC2103,2020-07-21 09:32:47.200,6134.0000,2416,0,110387880.000,0,-,-,-,-,6127.8000,6127.6000,6127.2000,6121.8000,6110.4000,6135.0000,6135.2000,6139.4000,6142.6000,6147.4000,3,1,1,1,1,1,1,2,1,1
SF,IC2103,2020-07-21 09:32:47.700,6134.0000,2416,0,110387880.000,0,-,-,-,-,6128.0000,6127.8000,6127.2000,6121.8000,6110.4000,6135.0000,6135.2000,6139.4000,6142.6000,6147.4000,2,2,1,1,1,1,1,2,1,1
SF,IC2103,2020-07-21 09:32:48.200,6134.0000,2416,0,110387880.000,0,-,-,-,-,6128.2000,6128.0000,6127.8000,6127.2000,6121.8000,6135.0000,6135.2000,6139.4000,6142.6000,6147.4000,2,2,1,1,1,1,1,2,1,1
SF,IC2103,2020-07-21 09:32:48.700,6134.0000,2416,0,110387880.000,0,-,-,-,-,6128.4000,6128.2000,6127.8000,6127.2000,6121.8000,6135.0000,6135.2000,6139.4000,6142.6000,6147.4000,1,2,1,1,1,1,1,2,1,1
SF,IC2103,2020-07-21 09:32:49.200,6134.0000,2416,0,110387880.000,0,-,-,-,-,6128.6000,6128.4000,6128.2000,6127.8000,6127.2000,6135.0000,6135.2000,6139.4000,6142.6000,6147.4000,2,1,1,1,1,1,1,2,1,1
SF,IC2103,2020-07-21 09:32:49.700,6134.0000,2416,0,110387880.000,0,-,-,-,-,6128.8000,6128.2000,6127.8000,6127.2000,6121.8000,6135.0000,6135.2000,6139.4000,6142.6000,6147.4000,3,1,1,1,1,1,1,2,1,1
SF,IC2103,2020-07-21 09:32:50.200,6134.0000,2416,0,110387880.000,0,-,-,-,-,6129.0000,6128.8000,6128.2000,6127.8000,6127.2000,6135.0000,6135.2000,6139.4000,6142.6000,6147.4000,1,2,1,1,1,1,1,2,1,1
SF,IC2103,2020-07-21 09:32:50.700,6134.0000,2416,0,110387880.000,0,-,-,-,-,6129.2000,6129.0000,6128.2000,6127.8000,6127.2000,6135.0000,6135.2000,6139.4000,6142.6000,6147.4000,3,1,1,1,1,1,1,2,1,1
SF,IC2103,2020-07-21 09:32:51.200,6134.0000,2416,0,110387880.000,0,-,-,-,-,6129.4000,6129.2000,6128.2000,6127.8000,6127.2000,6135.0000,6135.2000,6139.4000,6142.6000,6147.4000,1,3,1,1,1,1,1,1,1,1
SF,IC2103,2020-07-21 09:32:51.700,6135.0000,2416,0,111614880.000,1,0,1,多换,S,6129.6000,6129.4000,6129.2000,6128.2000,6127.8000,6139.4000,6142.6000,6147.4000,6150.0000,6159.8000,2,1,1,1,1,1,1,1,2,1
SF,IC2103,2020-07-21 09:32:52.200,6135.0000,2416,0,111614880.000,0,-,-,-,-,6129.8000,6129.6000,6129.4000,6129.2000,6128.2000,6139.2000,6139.4000,6142.6000,6147.4000,6150.0000,1,1,1,1,1,1,1,1,1,2
SF,IC2103,2020-07-21 09:32:52.700,6130.0000,2416,0,112840880.000,1,0,1,多换,S,6130.6000,6130.0000,6129.8000,6129.2000,6128.2000,6139.0000,6139.2000,6139.4000,6144.4000,6147.4000,1,2,1,1,1,1,1,1,1,1
SF,IC2103,2020-07-21 09:32:53.200,6130.0000,2416,0,112840880.000,0,-,-,-,-,6130.8000,6130.6000,6130.0000,6129.2000,6128.2000,6138.8000,6139.0000,6139.4000,6144.4000,6147.4000,4,1,1,1,1,1,1,1,1,1
SF,IC2103,2020-07-21 09:32:53.700,6130.0000,2416,0,112840880.000,0,-,-,-,-,6131.0000,6130.8000,6130.6000,6130.0000,6129.2000,6138.8000,6139.0000,6139.4000,6145.8000,6147.4000,3,2,1,1,1,1,1,1,1,1
SF,IC2103,2020-07-21 09:32:54.200,6130.0000,2416,0,112840880.000,0,-,-,-,-,6131.6000,6131.4000,6131.2000,6131.0000,6130.0000,6138.6000,6138.8000,6139.4000,6144.2000,6150.0000,1,1,2,3,1,1,1,1,1,2
SF,IC2103,2020-07-21 09:32:54.700,6130.6000,2412,-4,120197600.000,6,1,5,多平,S,6130.0000,6129.2000,6128.2000,6110.4000,6110.2000,6130.6000,6138.4000,6138.6000,6139.4000,6140.6000,1,1,1,1,1,2,1,1,1,1
SF,IC2103,2020-07-21 09:32:55.200,6130.6000,2410,-2,122649840.000,2,0,2,双平,S,6130.6000,6130.0000,6129.2000,6128.2000,6110.4000,6138.4000,6138.6000,6139.4000,6140.6000,6145.8000,4,1,1,1,1,1,1,1,1,1
SF,IC2103,2020-07-21 09:32:55.700,6130.6000,2410,0,122649840.000,0,-,-,-,-,6131.2000,6130.8000,6130.6000,6130.0000,6127.4000,6138.2000,6138.4000,6138.6000,6139.4000,6140.6000,1,2,2,1,1,1,1,1,1,1
SF,IC2103,2020-07-21 09:32:56.200,6130.6000,2410,0,122649840.000,0,-,-,-,-,6131.4000,6131.2000,6130.8000,6130.6000,6130.0000,6137.0000,6137.4000,6138.0000,6138.6000,6139.4000,1,1,1,1,1,1,2,1,1,1
SF,IC2103,2020-07-21 09:32:56.700,6136.8000,2410,0,123877200.000,1,0,1,多换,S,6131.6000,6131.4000,6131.2000,6130.8000,6130.6000,6137.0000,6137.4000,6138.6000,6139.4000,6145.8000,2,2,1,1,1,1,2,1,1,1
SF,IC2103,2020-07-21 09:32:57.200,6136.8000,2410,0,123877200.000,0,-,-,-,-,6132.2000,6131.8000,6131.6000,6131.4000,6131.2000,6136.8000,6137.0000,6138.6000,6139.4000,6145.8000,1,1,2,1,1,1,1,1,1,1
SF,IC2103,2020-07-21 09:32:57.700,6136.8000,2410,0,123877200.000,0,-,-,-,-,6132.8000,6132.4000,6132.2000,6131.6000,6130.6000,6136.8000,6137.0000,6138.6000,6139.4000,6145.8000,1,2,1,1,1,1,1,1,1,1
SF,IC2103,2020-07-21 09:32:58.200,6136.8000,2410,0,123877200.000,0,-,-,-,-,6133.0000,6132.8000,6132.2000,6131.6000,6130.0000,6136.8000,6137.0000,6138.6000,6139.4000,6145.8000,2,1,1,1,1,1,1,1,1,1
SF,IC2103,2020-07-21 09:32:58.700,6136.8000,2410,0,123877200.000,0,-,-,-,-,6133.0000,6130.0000,6127.4000,6110.4000,6110.2000,6137.0000,6138.6000,6139.4000,6145.8000,6150.0000,4,1,1,1,1,1,1,1,1,2
SF,IC2103,2020-07-21 09:32:59.200,6136.8000,2410,0,123877200.000,0,-,-,-,-,6133.0000,6130.0000,6127.4000,6110.4000,6110.2000,6136.8000,6137.0000,6138.6000,6139.4000,6145.8000,4,1,1,1,1,1,1,1,1,1
SF,IC2103,2020-07-21 09:32:59.700,6136.8000,2410,0,123877200.000,0,-,-,-,-,6133.0000,6130.0000,6127.4000,6110.4000,6110.2000,6136.8000,6137.0000,6138.6000,6139.4000,6150.0000,1,1,1,1,1,1,1,1,1,2
SF,IC2103,2020-07-21 09:33:00.200,6136.8000,2410,0,123877200.000,0,-,-,-,-,6133.6000,6133.0000,6127.4000,6110.4000,6110.2000,6136.6000,6136.8000,6138.6000,6139.4000,6150.0000,2,1,1,1,1,1,1,1,1,2
SF,IC2103,2020-07-21 09:33:00.700,6136.8000,2410,0,123877200.000,0,-,-,-,-,6133.6000,6133.0000,6131.0000,6127.4000,6110.4000,6136.4000,6138.6000,6139.4000,6150.0000,6159.8000,2,1,1,1,1,1,1,1,2,1
SF,IC2103,2020-07-21 09:33:01.200,6136.8000,2410,0,123877200.000,0,-,-,-,-,6133.8000,6131.0000,6127.4000,6110.4000,6110.2000,6136.4000,6138.6000,6139.4000,6150.0000,6159.8000,2,1,1,1,1,1,1,1,2,1
SF,IC2103,2020-07-21 09:33:01.700,6136.8000,2410,0,123877200.000,0,-,-,-,-,6131.0000,6127.4000,6110.4000,6110.2000,6105.0000,6136.4000,6138.6000,6139.4000,6150.0000,6159.8000,1,1,1,1,4,1,1,1,2,1
SF,IC2103,2020-07-21 09:33:02.200,6136.8000,2410,0,123877200.000,0,-,-,-,-,6131.2000,6131.0000,6127.4000,6110.4000,6110.2000,6136.2000,6136.4000,6139.4000,6150.0000,6159.8000,3,1,1,1,1,1,1,1,2,1
SF,IC2103,2020-07-21 09:33:02.700,6136.8000,2410,0,123877200.000,0,-,-,-,-,6131.4000,6131.2000,6131.0000,6127.4000,6110.4000,6136.0000,6136.2000,6139.4000,6145.6000,6150.0000,1,2,1,1,1,1,1,1,1,2
SF,IC2103,2020-07-21 09:33:03.200,6136.8000,2410,0,123877200.000,0,-,-,-,-,6131.6000,6131.4000,6131.2000,6131.0000,6127.4000,6136.0000,6136.2000,6139.4000,6145.6000,6150.0000,1,1,1,1,1,1,1,1,1,2
SF,IC2103,2020-07-21 09:33:03.700,6136.8000,2410,0,123877200.000,0,-,-,-,-,6131.8000,6131.6000,6131.2000,6131.0000,6127.4000,6136.0000,6136.2000,6139.4000,6145.6000,6150.0000,1,1,1,1,1,1,1,1,1,2
SF,IC2103,2020-07-21 09:33:04.200,6132.0000,2409,-1,125103600.000,1,0,1,双平,S,6131.8000,6131.2000,6131.0000,6127.4000,6110.4000,6136.0000,6136.2000,6139.4000,6145.6000,6150.0000,1,1,1,1,1,1,1,1,1,2
SF,IC2103,2020-07-21 09:33:05.200,6132.0000,2409,0,125103600.000,0,-,-,-,-,6131.2000,6131.0000,6127.4000,6110.4000,6110.2000,6136.0000,6136.2000,6139.4000,6145.6000,6150.0000,1,1,1,1,1,1,1,1,1,2
SF,IC2103,2020-07-21 09:33:05.700,6132.0000,2409,0,125103600.000,0,-,-,-,-,6131.2000,6131.0000,6127.4000,6110.4000,6110.2000,6135.8000,6136.0000,6136.2000,6139.4000,6142.6000,1,1,1,1,1,1,1,1,1,1
SF,IC2103,2020-07-21 09:33:06.200,6132.0000,2409,0,125103600.000,0,-,-,-,-,6131.2000,6131.0000,6127.4000,6110.4000,6110.2000,6135.6000,6136.2000,6139.4000,6144.0000,6150.0000,1,1,1,1,1,1,1,1,1,2
SF,IC2103,2020-07-21 09:33:06.700,6132.0000,2409,0,125103600.000,0,-,-,-,-,6131.4000,6131.2000,6131.0000,6127.4000,6110.4000,6135.6000,6139.4000,6144.0000,6150.0000,6159.8000,1,1,1,1,1,1,1,1,2,1
SF,IC2103,2020-07-21 09:33:07.200,6132.0000,2409,0,125103600.000,0,-,-,-,-,6131.6000,6131.4000,6131.2000,6131.0000,6127.4000,6135.2000,6135.6000,6139.4000,6144.0000,6150.0000,1,1,1,1,1,1,1,1,1,2
SF,IC2103,2020-07-21 09:33:07.700,6132.0000,2409,0,125103600.000,0,-,-,-,-,6131.8000,6131.6000,6131.2000,6131.0000,6127.4000,6135.0000,6135.2000,6139.4000,6144.0000,6150.0000,1,1,1,1,1,1,1,1,1,2
SF,IC2103,2020-07-21 09:33:08.200,6132.0000,2409,0,125103600.000,0,-,-,-,-,6131.8000,6131.6000,6131.2000,6131.0000,6127.4000,6135.0000,6135.2000,6139.4000,6144.0000,6150.0000,1,1,1,1,1,1,1,1,1,2
SF,IC2103,2020-07-21 09:33:08.700,6132.0000,2409,0,125103600.000,0,-,-,-,-,6131.8000,6131.6000,6131.2000,6131.0000,6127.4000,6134.8000,6135.0000,6135.2000,6139.4000,6144.0000,1,1,1,1,1,1,1,1,1,1
SF,IC2103,2020-07-21 09:33:09.200,6132.0000,2409,0,125103600.000,0,-,-,-,-,6131.8000,6131.6000,6131.2000,6131.0000,6127.4000,6134.6000,6134.8000,6135.2000,6139.4000,6144.0000,1,1,1,1,1,1,1,1,1,1
SF,IC2103,2020-07-21 09:33:09.700,6132.0000,2409,0,125103600.000,0,-,-,-,-,6132.0000,6131.6000,6131.2000,6131.0000,6127.4000,6134.6000,6134.8000,6135.2000,6139.4000,6144.0000,1,1,1,1,1,1,1,1,1,1
SF,IC2103,2020-07-21 09:33:10.200,6131.6000,2411,2,127556320.000,2,2,0,双开,S,6131.2000,6131.0000,6127.4000,6110.4000,6110.2000,6134.4000,6134.6000,6135.2000,6139.4000,6144.0000,1,1,1,1,1,1,1,1,1,1
SF,IC2103,2020-07-21 09:33:10.700,6131.0000,2412,1,128782520.000,1,1,0,双开,S,6127.4000,6110.4000,6110.2000,6105.0000,6103.0000,6134.2000,6135.2000,6139.4000,6141.8000,6150.0000,1,1,1,4,1,2,1,1,1,3
SF,IC2103,2020-07-21 09:33:11.200,6131.0000,2412,0,128782520.000,0,-,-,-,-,6127.6000,6127.4000,6110.4000,6110.2000,6105.0000,6134.2000,6135.2000,6139.4000,6150.0000,6159.8000,1,1,1,1,4,2,1,1,3,1
SF,IC2103,2020-07-21 09:33:11.700,6131.0000,2412,0,128782520.000,0,-,-,-,-,6127.6000,6127.4000,6110.4000,6110.2000,6105.0000,6134.0000,6134.2000,6139.4000,6150.0000,6159.8000,1,1,1,1,4,1,2,1,3,1
SF,IC2103,2020-07-21 09:33:12.200,6131.0000,2412,0,128782520.000,0,-,-,-,-,6127.6000,6127.4000,6110.4000,6110.2000,6105.0000,6133.8000,6134.0000,6139.4000,6150.0000,6159.8000,1,1,1,1,4,2,1,1,3,1
SF,IC2103,2020-07-21 09:33:13.200,6131.0000,2412,0,128782520.000,0,-,-,-,-,6128.0000,6127.6000,6127.4000,6110.4000,6110.2000,6133.8000,6134.0000,6139.4000,6150.0000,6159.8000,1,1,1,1,1,2,1,1,3,1
SF,IC2103,2020-07-21 09:33:13.700,6131.0000,2412,0,128782520.000,0,-,-,-,-,6128.0000,6127.4000,6110.4000,6110.2000,6105.0000,6133.8000,6134.0000,6139.4000,6150.0000,6159.8000,1,1,1,1,4,2,1,1,3,1
SF,IC2103,2020-07-21 09:33:14.200,6127.4000,2412,0,131233600.000,2,1,1,多换,S,6110.4000,6110.2000,6105.0000,6103.0000,6101.0000,6133.6000,6133.8000,6134.0000,6139.4000,6150.0000,1,1,4,1,1,1,1,1,1,3
SF,IC2103,2020-07-21 09:33:14.700,6127.4000,2412,0,131233600.000,0,-,-,-,-,6110.6000,6110.4000,6110.2000,6105.0000,6103.0000,6133.4000,6133.6000,6134.0000,6139.4000,6150.0000,1,1,1,4,1,2,1,1,1,3
SF,IC2103,2020-07-21 09:33:15.200,6127.4000,2412,0,131233600.000,0,-,-,-,-,6110.6000,6110.4000,6110.2000,6105.0000,6103.0000,6133.4000,6133.6000,6134.0000,6139.4000,6150.0000,1,1,1,4,1,2,1,1,1,3
SF,IC2103,2020-07-21 09:33:15.700,6127.4000,2412,0,131233600.000,0,-,-,-,-,6110.8000,6110.6000,6110.2000,6105.0000,6103.0000,6132.6000,6133.4000,6139.4000,6150.0000,6159.8000,1,1,1,4,1,1,1,1,3,1
SF,IC2103,2020-07-21 09:33:16.200,6127.4000,2412,0,131233600.000,0,-,-,-,-,6112.8000,6111.0000,6110.8000,6110.2000,6105.0000,6132.4000,6132.6000,6139.4000,6150.0000,6159.8000,1,2,1,1,4,1,1,1,3,1
SF,IC2103,2020-07-21 09:33:16.700,6127.4000,2412,0,131233600.000,0,-,-,-,-,6117.0000,6113.0000,6112.8000,6110.2000,6105.0000,6132.4000,6132.6000,6139.4000,6150.0000,6159.8000,1,2,1,1,4,2,1,1,3,1
SF,IC2103,2020-07-21 09:33:17.200,6127.4000,2412,0,131233600.000,0,-,-,-,-,6120.2000,6117.8000,6117.2000,6117.0000,6110.2000,6132.4000,6132.6000,6139.4000,6150.0000,6159.8000,1,1,2,1,1,2,1,1,3,1
SF,IC2103,2020-07-21 09:33:17.700,6127.4000,2412,0,131233600.000,0,-,-,-,-,6122.6000,6120.4000,6120.2000,6118.2000,6117.8000,6132.4000,6132.6000,6139.4000,6150.0000,6159.8000,2,2,1,1,1,2,1,1,3,1
SF,IC2103,2020-07-21 09:33:18.200,6127.4000,2412,0,131233600.000,0,-,-,-,-,6122.8000,6122.6000,6121.4000,6120.2000,6118.2000,6132.4000,6132.6000,6139.4000,6150.0000,6159.8000,1,2,2,1,1,2,1,1,3,1
SF,IC2103,2020-07-21 09:33:18.700,6127.4000,2412,0,131233600.000,0,-,-,-,-,6123.6000,6123.2000,6123.0000,6122.8000,6121.4000,6132.4000,6132.6000,6139.4000,6150.0000,6159.8000,1,1,1,2,2,2,1,1,3,1
SF,IC2103,2020-07-21 09:33:19.200,6132.4000,2412,0,132460080.000,1,0,1,多换,S,6123.8000,6123.6000,6123.2000,6123.0000,6121.4000,6132.4000,6139.4000,6150.0000,6159.8000,6167.0000,5,1,1,1,1,1,1,3,1,1
SF,IC2103,2020-07-21 09:33:19.700,6132.4000,2412,0,132460080.000,0,-,-,-,-,6124.0000,6123.8000,6123.0000,6121.4000,6120.2000,6132.2000,6132.4000,6139.4000,6150.0000,6159.8000,1,5,1,1,1,1,1,1,3,1
SF,IC2103,2020-07-21 09:33:20.200,6132.4000,2412,0,132460080.000,0,-,-,-,-,6126.0000,6125.6000,6125.0000,6124.2000,6124.0000,6132.2000,6132.4000,6139.4000,6150.0000,6159.8000,2,1,1,2,1,1,1,1,3,1
SF,IC2103,2020-07-21 09:33:20.700,6132.4000,2412,0,132460080.000,0,-,-,-,-,6126.8000,6126.2000,6126.0000,6125.6000,6125.0000,6132.2000,6132.4000,6139.4000,6150.0000,6159.8000,1,2,2,1,1,1,1,1,3,1
SF,IC2103,2020-07-21 09:33:21.200,6132.4000,2412,0,132460080.000,0,-,-,-,-,6127.0000,6126.8000,6126.0000,6125.0000,6124.0000,6132.2000,6132.4000,6139.4000,6150.0000,6159.8000,2,1,2,1,1,1,1,1,3,1
SF,IC2103,2020-07-21 09:33:21.700,6132.4000,2412,0,132460080.000,0,-,-,-,-,6128.2000,6127.0000,6126.8000,6124.0000,6123.0000,6132.2000,6132.4000,6139.4000,6150.0000,6159.8000,3,1,1,1,1,1,1,1,3,1
SF,IC2103,2020-07-21 09:33:22.200,6132.4000,2412,0,132460080.000,0,-,-,-,-,6128.4000,6128.2000,6124.0000,6120.2000,6118.2000,6132.2000,6132.4000,6139.4000,6150.0000,6159.8000,2,2,1,1,1,1,1,1,3,1
SF,IC2103,2020-07-21 09:33:22.700,6132.4000,2412,0,132460080.000,0,-,-,-,-,6128.4000,6128.2000,6124.0000,6120.2000,6118.2000,6132.2000,6132.4000,6139.4000,6150.0000,6159.8000,2,2,1,1,1,1,1,1,3,1
SF,IC2103,2020-07-21 09:33:23.200,6132.4000,2412,0,132460080.000,0,-,-,-,-,6128.4000,6128.2000,6124.0000,6120.2000,6118.2000,6132.2000,6132.4000,6139.4000,6150.0000,6159.8000,2,2,1,1,1,1,1,1,3,1
SF,IC2103,2020-07-21 09:33:23.700,6132.4000,2412,0,134913000.000,2,1,1,多换,S,6128.6000,6128.4000,6128.2000,6124.0000,6120.2000,6139.4000,6150.0000,6159.8000,6166.6000,6167.0000,1,1,2,1,1,1,3,1,1,1
SF,IC2103,2020-07-21 09:33:24.200,6132.4000,2412,0,134913000.000,0,-,-,-,-,6128.8000,6128.6000,6128.2000,6124.0000,6120.2000,6139.2000,6139.4000,6150.0000,6159.8000,6166.6000,2,1,2,1,1,1,1,3,1,1
SF,IC2103,2020-07-21 09:33:24.700,6132.4000,2412,0,134913000.000,0,-,-,-,-,6130.4000,6129.6000,6128.8000,6128.6000,6124.0000,6139.0000,6139.2000,6139.4000,6150.0000,6159.8000,2,1,1,1,1,1,1,1,3,1
SF,IC2103,2020-07-21 09:33:25.200,6132.4000,2412,0,134913000.000,0,-,-,-,-,6130.6000,6130.4000,6129.6000,6124.0000,6120.2000,6138.8000,6139.0000,6139.4000,6150.0000,6159.8000,1,2,1,1,1,2,1,1,3,1
SF,IC2103,2020-07-21 09:33:26.200,6132.4000,2412,0,134913000.000,0,-,-,-,-,6131.4000,6130.6000,6129.6000,6124.0000,6120.2000,6138.4000,6138.8000,6139.0000,6139.4000,6150.0000,2,1,1,1,1,1,2,1,1,3
SF,IC2103,2020-07-21 09:33:26.700,6132.4000,2412,0,134913000.000,0,-,-,-,-,6131.6000,6131.4000,6129.6000,6124.0000,6120.2000,6138.2000,6138.4000,6138.8000,6139.0000,6139.4000,1,2,1,1,1,1,1,1,1,1
SF,IC2103,2020-07-21 09:33:27.200,6132.4000,2412,0,134913000.000,0,-,-,-,-,6131.6000,6131.4000,6129.6000,6124.0000,6120.2000,6137.6000,6138.0000,6138.2000,6138.4000,6139.0000,1,2,1,1,1,2,1,1,1,1
SF,IC2103,2020-07-21 09:33:27.700,6132.4000,2412,0,134913000.000,0,-,-,-,-,6132.2000,6131.6000,6129.6000,6124.0000,6120.2000,6137.4000,6137.6000,6137.8000,6138.4000,6139.4000,2,1,1,1,1,1,2,1,1,1
SF,IC2103,2020-07-21 09:33:28.200,6132.4000,2412,0,134913000.000,0,-,-,-,-,6132.4000,6132.2000,6129.6000,6124.0000,6120.2000,6137.4000,6137.6000,6137.8000,6139.4000,6150.0000,1,3,1,1,1,1,2,1,1,3
SF,IC2103,2020-07-21 09:33:28.700,6132.4000,2412,0,134913000.000,0,-,-,-,-,6132.6000,6132.4000,6132.2000,6129.6000,6124.0000,6137.4000,6137.6000,6139.4000,6150.0000,6159.8000,2,2,3,1,1,1,2,1,3,1
SF,IC2103,2020-07-21 09:33:29.200,6132.4000,2412,0,134913000.000,0,-,-,-,-,6132.8000,6132.6000,6132.4000,6132.2000,6124.0000,6137.6000,6139.4000,6150.0000,6159.8000,6166.6000,1,1,1,3,1,2,1,3,1,1
SF,IC2103,2020-07-21 09:33:29.700,6132.4000,2412,0,134913000.000,0,-,-,-,-,6132.8000,6132.6000,6132.4000,6132.2000,6124.0000,6137.4000,6137.6000,6139.4000,6150.0000,6159.8000,1,1,1,3,1,1,2,1,3,1
SF,IC2103,2020-07-21 09:33:30.200,6132.4000,2412,0,134913000.000,0,-,-,-,-,6132.8000,6132.4000,6132.2000,6124.0000,6117.6000,6137.4000,6137.6000,6139.4000,6150.0000,6159.8000,1,1,3,1,1,1,2,1,3,1
SF,IC2103,2020-07-21 09:33:30.700,6132.4000,2412,0,134913000.000,0,-,-,-,-,6132.8000,6132.4000,6132.2000,6124.0000,6117.6000,6137.2000,6137.4000,6137.6000,6139.4000,6150.0000,1,1,2,1,1,1,1,2,1,3
SF,IC2103,2020-07-21 09:33:31.200,6132.4000,2412,0,134913000.000,0,-,-,-,-,6132.8000,6132.4000,6132.2000,6124.0000,6117.6000,6137.0000,6137.2000,6139.4000,6150.0000,6159.8000,1,1,2,1,1,1,1,1,3,1
SF,IC2103,2020-07-21 09:33:31.700,6132.4000,2412,0,134913000.000,0,-,-,-,-,6133.0000,6132.8000,6132.2000,6124.0000,6117.6000,6136.6000,6136.8000,6137.0000,6139.4000,6150.0000,1,1,2,1,1,2,1,1,1,3
SF,IC2103,2020-07-21 09:33:32.200,6132.4000,2412,0,134913000.000,0,-,-,-,-,6133.2000,6133.0000,6132.2000,6124.0000,6118.6000,6136.4000,6136.6000,6139.4000,6150.0000,6159.8000,1,1,2,1,1,2,2,1,3,1
SF,IC2103,2020-07-21 09:33:32.700,6132.4000,2412,0,134913000.000,0,-,-,-,-,6133.4000,6133.2000,6132.2000,6124.0000,6118.6000,6136.4000,6136.6000,6139.4000,6150.0000,6159.8000,1,1,2,1,1,1,2,1,3,1
SF,IC2103,2020-07-21 09:33:33.200,6136.6000,2414,2,138594920.000,3,2,1,空开,S,6133.6000,6133.4000,6132.2000,6124.0000,6118.6000,6139.4000,6150.0000,6159.8000,6166.6000,6167.0000,1,1,2,1,1,1,3,1,1,1
SF,IC2103,2020-07-21 09:33:33.700,6136.6000,2414,0,138594920.000,0,-,-,-,-,6134.0000,6133.8000,6133.6000,6124.0000,6118.6000,6139.0000,6139.2000,6139.4000,6150.0000,6159.8000,2,1,1,1,1,1,1,1,3,1
SF,IC2103,2020-07-21 09:33:34.200,6136.6000,2414,0,138594920.000,0,-,-,-,-,6134.2000,6134.0000,6124.0000,6118.6000,6117.6000,6138.8000,6139.4000,6150.0000,6159.8000,6166.6000,3,2,1,1,1,1,1,3,1,1
SF,IC2103,2020-07-21 09:33:34.700,6136.6000,2414,0,138594920.000,0,-,-,-,-,6135.4000,6134.2000,6124.0000,6118.6000,6117.6000,6138.8000,6139.4000,6150.0000,6159.8000,6166.6000,2,3,1,1,1,1,1,3,1,1
SF,IC2103,2020-07-21 09:33:35.200,6136.6000,2414,0,138594920.000,0,-,-,-,-,6135.6000,6135.4000,6124.0000,6118.6000,6117.6000,6138.8000,6139.4000,6149.8000,6150.0000,6159.8000,2,2,1,1,1,1,1,1,2,1
SF,IC2103,2020-07-21 09:33:35.700,6136.6000,2414,0,138594920.000,0,-,-,-,-,6135.8000,6135.6000,6135.4000,6124.0000,6118.6000,6138.8000,6139.4000,6149.8000,6150.0000,6159.8000,1,1,2,1,1,1,1,1,2,1
SF,IC2103,2020-07-21 09:33:36.200,6136.6000,2414,0,138594920.000,0,-,-,-,-,6136.0000,6135.8000,6124.0000,6118.6000,6117.6000,6138.8000,6139.4000,6149.8000,6150.0000,6159.8000,1,1,1,1,1,1,1,1,2,1
SF,IC2103,2020-07-21 09:33:36.700,6136.6000,2414,0,138594920.000,0,-,-,-,-,6136.2000,6136.0000,6124.0000,6118.6000,6117.6000,6138.8000,6139.4000,6149.8000,6150.0000,6159.8000,1,1,1,1,1,1,1,1,2,1
SF,IC2103,2020-07-21 09:33:37.200,6136.6000,2414,0,138594920.000,0,-,-,-,-,6136.4000,6136.2000,6124.0000,6118.6000,6117.6000,6138.8000,6139.4000,6149.8000,6150.0000,6159.8000,1,1,1,1,1,1,1,1,2,1
SF,IC2103,2020-07-21 09:33:37.700,6136.6000,2414,0,138594920.000,0,-,-,-,-,6136.6000,6136.4000,6124.0000,6118.6000,6117.6000,6139.4000,6149.8000,6150.0000,6159.8000,6163.6000,1,3,1,1,1,1,1,2,1,1
SF,IC2103,2020-07-21 09:33:38.200,6136.6000,2414,0,138594920.000,0,-,-,-,-,6136.8000,6136.4000,6124.0000,6118.6000,6117.6000,6139.4000,6149.8000,6150.0000,6159.8000,6163.6000,2,2,1,1,1,1,1,2,1,1
SF,IC2103,2020-07-21 09:33:38.700,6136.6000,2414,0,138594920.000,0,-,-,-,-,6136.8000,6136.4000,6124.0000,6118.6000,6117.6000,6139.4000,6149.8000,6150.0000,6159.8000,6163.6000,2,2,1,1,1,1,1,2,1,1
SF,IC2103,2020-07-21 09:33:39.200,6136.6000,2414,0,138594920.000,0,-,-,-,-,6136.8000,6136.4000,6124.0000,6118.6000,6117.6000,6139.4000,6149.8000,6150.0000,6159.8000,6163.6000,1,2,1,1,1,1,1,2,1,1
SF,IC2103,2020-07-21 09:33:39.700,6136.6000,2414,0,138594920.000,0,-,-,-,-,6137.0000,6136.8000,6124.0000,6118.6000,6117.6000,6139.4000,6149.8000,6150.0000,6159.8000,6163.6000,1,1,1,1,1,1,1,2,1,1
SF,IC2103,2020-07-21 09:33:40.200,6136.6000,2413,-1,139822240.000,1,0,1,双平,S,6137.2000,6137.0000,6124.0000,6118.6000,6117.6000,6139.4000,6149.8000,6150.0000,6159.8000,6163.6000,1,1,1,1,1,1,1,2,1,1
SF,IC2103,2020-07-21 09:33:40.700,6136.6000,2413,0,139822240.000,0,-,-,-,-,6137.4000,6137.2000,6124.0000,6118.6000,6117.6000,6139.4000,6149.8000,6150.0000,6159.8000,6163.6000,1,1,1,1,1,1,1,2,1,1
SF,IC2103,2020-07-21 09:33:41.200,6136.6000,2413,0,139822240.000,0,-,-,-,-,6137.6000,6137.4000,6124.0000,6118.6000,6117.6000,6139.4000,6149.8000,6150.0000,6159.8000,6163.6000,3,1,1,1,1,1,1,2,1,1
SF,IC2103,2020-07-21 09:33:41.700,6136.6000,2413,0,139822240.000,0,-,-,-,-,6137.6000,6124.0000,6118.6000,6117.6000,6110.2000,6139.4000,6149.8000,6150.0000,6159.8000,6163.6000,3,1,1,1,1,1,1,2,1,1
SF,IC2103,2020-07-21 09:33:42.200,6136.6000,2413,0,139822240.000,0,-,-,-,-,6124.0000,6118.6000,6117.6000,6110.2000,6109.8000,6139.2000,6139.4000,6149.8000,6150.0000,6159.8000,1,1,1,1,1,2,1,1,2,1
SF,IC2103,2020-07-21 09:33:42.700,6136.6000,2413,0,139822240.000,0,-,-,-,-,6133.4000,6124.2000,6124.0000,6118.6000,6117.6000,6139.2000,6139.4000,6149.8000,6150.0000,6159.8000,1,2,1,1,1,1,1,1,2,1
SF,IC2103,2020-07-21 09:33:43.200,6136.6000,2413,0,139822240.000,0,-,-,-,-,6133.6000,6133.4000,6124.0000,6118.6000,6117.6000,6139.2000,6139.4000,6149.8000,6150.0000,6159.8000,1,1,1,1,1,1,1,1,2,1
SF,IC2103,2020-07-21 09:33:43.700,6136.6000,2413,0,139822240.000,0,-,-,-,-,6133.6000,6124.0000,6118.6000,6117.6000,6110.2000,6139.0000,6139.2000,6139.4000,6149.8000,6150.0000,1,1,1,1,1,1,1,1,1,2
SF,IC2103,2020-07-21 09:33:44.200,6136.6000,2413,0,139822240.000,0,-,-,-,-,6133.8000,6124.0000,6118.6000,6110.2000,6109.8000,6138.0000,6138.8000,6139.0000,6139.4000,6149.8000,1,1,1,1,1,1,2,1,1,1
SF,IC2103,2020-07-21 09:33:44.700,6136.6000,2413,0,139822240.000,0,-,-,-,-,6133.8000,6124.0000,6118.6000,6110.2000,6109.8000,6137.8000,6138.0000,6138.8000,6139.4000,6149.8000,1,1,1,1,1,2,1,2,1,1
SF,IC2103,2020-07-21 09:33:45.200,6136.6000,2413,0,139822240.000,0,-,-,-,-,6124.0000,6118.6000,6110.2000,6109.8000,6103.0000,6137.8000,6138.0000,6138.8000,6139.4000,6149.8000,1,1,1,1,1,2,1,2,1,1
SF,IC2103,2020-07-21 09:33:45.700,6136.6000,2413,0,139822240.000,0,-,-,-,-,6128.8000,6124.2000,6124.0000,6118.6000,6110.2000,6136.0000,6137.8000,6138.0000,6139.4000,6149.8000,1,2,1,1,1,1,1,1,1,1
SF,IC2103,2020-07-21 09:33:46.200,6136.6000,2413,0,139822240.000,0,-,-,-,-,6130.2000,6129.0000,6124.0000,6118.6000,6110.2000,6135.8000,6137.6000,6138.0000,6139.4000,6149.8000,2,1,1,1,1,1,1,1,1,1
SF,IC2103,2020-07-21 09:33:46.700,6136.6000,2413,0,139822240.000,0,-,-,-,-,6130.4000,6130.2000,6124.0000,6118.6000,6110.2000,6135.8000,6137.6000,6138.0000,6139.4000,6149.8000,2,2,1,1,1,1,1,1,1,1
SF,IC2103,2020-07-21 09:33:47.200,6136.6000,2413,0,139822240.000,0,-,-,-,-,6130.4000,6130.2000,6124.0000,6118.6000,6110.2000,6137.6000,6138.0000,6139.4000,6149.8000,6150.0000,3,2,1,1,1,1,1,1,1,2
SF,IC2103,2020-07-21 09:33:47.700,6136.6000,2413,0,139822240.000,0,-,-,-,-,6132.0000,6131.0000,6130.6000,6130.4000,6118.6000,6137.4000,6138.0000,6139.4000,6149.8000,6150.0000,2,1,2,2,1,1,1,1,1,2
SF,IC2103,2020-07-21 09:33:48.200,6136.6000,2413,0,139822240.000,0,-,-,-,-,6132.2000,6132.0000,6131.0000,6130.6000,6118.6000,6138.0000,6139.4000,6149.8000,6150.0000,6159.8000,1,2,1,1,1,1,1,1,2,1
SF,IC2103,2020-07-21 09:33:48.700,6136.6000,2413,0,139822240.000,0,-,-,-,-,6134.0000,6133.2000,6132.4000,6132.2000,6131.0000,6138.0000,6139.4000,6149.8000,6150.0000,6159.8000,2,1,1,2,1,1,1,1,2,1
SF,IC2103,2020-07-21 09:33:49.200,6138.0000,2412,-1,141049840.000,1,0,1,双平,S,6134.2000,6134.0000,6132.6000,6131.0000,6130.6000,6135.0000,6139.4000,6149.8000,6150.0000,6159.8000,1,2,1,1,1,1,1,1,2,1
SF,IC2103,2020-07-21 09:33:49.700,6135.0000,2412,0,142276840.000,1,0,1,多换,S,6135.0000,6134.2000,6134.0000,6132.6000,6131.0000,6139.4000,6149.8000,6150.0000,6159.8000,6163.6000,2,1,2,1,1,1,1,2,1,1
SF,IC2103,2020-07-21 09:33:50.200,6135.0000,2412,0,142276840.000,0,-,-,-,-,6135.4000,6135.2000,6135.0000,6134.0000,6132.6000,6139.2000,6139.4000,6149.8000,6150.0000,6159.8000,1,1,1,2,1,1,1,1,2,1
SF,IC2103,2020-07-21 09:33:50.700,6135.0000,2412,0,142276840.000,0,-,-,-,-,6135.6000,6135.4000,6135.0000,6134.0000,6132.6000,6139.4000,6149.8000,6150.0000,6159.8000,6163.6000,1,1,1,2,1,1,1,2,1,1
SF,IC2103,2020-07-21 09:33:51.200,6135.0000,2412,0,142276840.000,0,-,-,-,-,6135.6000,6135.4000,6135.0000,6134.0000,6132.6000,6139.4000,6149.8000,6150.0000,6159.8000,6163.6000,1,1,1,2,1,1,1,2,1,1
SF,IC2103,2020-07-21 09:33:51.700,6135.0000,2412,0,142276840.000,0,-,-,-,-,6135.8000,6135.6000,6135.4000,6135.0000,6134.0000,6139.4000,6149.8000,6150.0000,6159.8000,6163.6000,1,1,1,1,2,1,1,2,1,1
SF,IC2103,2020-07-21 09:33:52.200,6135.0000,2412,0,142276840.000,0,-,-,-,-,6136.0000,6135.8000,6135.4000,6135.0000,6134.0000,6139.4000,6149.8000,6150.0000,6159.8000,6163.6000,1,1,1,1,2,1,1,2,1,1
SF,IC2103,2020-07-21 09:33:52.700,6135.0000,2412,0,142276840.000,0,-,-,-,-,6136.0000,6135.4000,6134.0000,6132.6000,6130.6000,6138.0000,6139.2000,6139.4000,6149.8000,6150.0000,1,1,2,1,1,1,1,1,1,2
SF,IC2103,2020-07-21 09:33:53.200,6137.8000,2412,0,143504400.000,1,0,1,多换,S,6136.0000,6135.4000,6134.0000,6132.6000,6130.6000,6138.0000,6139.4000,6149.8000,6150.0000,6159.8000,1,1,2,1,1,1,1,1,2,1
SF,IC2103,2020-07-21 09:33:53.700,6137.8000,2412,0,143504400.000,0,-,-,-,-,6136.2000,6136.0000,6134.0000,6132.6000,6130.6000,6138.0000,6139.4000,6149.8000,6150.0000,6159.8000,1,1,2,1,1,1,1,1,2,1
SF,IC2103,2020-07-21 09:33:54.200,6137.8000,2412,0,143504400.000,0,-,-,-,-,6136.4000,6136.0000,6132.6000,6130.6000,6130.0000,6138.0000,6139.4000,6149.8000,6150.0000,6159.8000,1,1,1,1,1,1,1,1,2,1
SF,IC2103,2020-07-21 09:33:54.700,6136.4000,2412,0,145958960.000,2,1,1,多换,S,6132.6000,6130.6000,6130.0000,6118.6000,6110.2000,6136.4000,6137.8000,6138.0000,6139.4000,6149.8000,1,1,1,1,1,1,2,2,1,1
SF,IC2103,2020-07-21 09:33:55.200,6136.4000,2412,0,145958960.000,0,-,-,-,-,6132.8000,6132.6000,6130.6000,6130.0000,6118.6000,6136.4000,6137.8000,6138.0000,6139.4000,6149.8000,1,1,1,1,1,1,1,2,1,1
SF,IC2103,2020-07-21 09:33:55.700,6136.4000,2412,0,145958960.000,0,-,-,-,-,6132.8000,6130.6000,6130.0000,6118.6000,6110.2000,6136.2000,6136.4000,6137.8000,6138.0000,6139.4000,1,1,1,1,1,1,1,1,2,1
SF,IC2103,2020-07-21 09:33:56.200,6136.4000,2412,0,145958960.000,0,-,-,-,-,6132.8000,6130.6000,6130.0000,6118.6000,6110.2000,6136.4000,6137.8000,6138.0000,6139.4000,6149.8000,1,1,1,1,1,1,1,2,1,1
SF,IC2103,2020-07-21 09:33:56.700,6136.4000,2412,0,145958960.000,0,-,-,-,-,6133.4000,6133.0000,6132.8000,6130.6000,6130.0000,6136.4000,6137.8000,6138.0000,6139.4000,6149.8000,2,1,1,1,1,1,1,2,1,1
SF,IC2103,2020-07-21 09:33:57.200,6136.4000,2412,0,145958960.000,0,-,-,-,-,6133.6000,6133.4000,6130.6000,6130.0000,6118.6000,6137.8000,6138.0000,6139.4000,6149.8000,6150.0000,2,2,1,1,1,1,2,1,1,2
SF,IC2103,2020-07-21 09:33:57.700,6136.4000,2412,0,145958960.000,0,-,-,-,-,6133.8000,6133.6000,6133.4000,6130.6000,6130.0000,6138.0000,6139.4000,6149.8000,6150.0000,6159.8000,1,1,2,1,1,2,1,1,2,1
SF,IC2103,2020-07-21 09:33:58.200,6138.0000,2411,-1,148414160.000,2,0,2,多平,S,6133.8000,6133.4000,6130.6000,6130.0000,6118.6000,6139.4000,6149.8000,6150.0000,6159.8000,6163.6000,1,2,1,1,1,1,1,2,1,1
SF,IC2103,2020-07-21 09:33:58.700,6138.0000,2411,0,148414160.000,0,-,-,-,-,6135.2000,6134.0000,6133.8000,6130.6000,6130.0000,6139.4000,6149.8000,6150.0000,6159.8000,6163.6000,2,2,1,1,1,1,1,2,1,1
SF,IC2103,2020-07-21 09:33:59.200,6138.0000,2411,0,148414160.000,0,-,-,-,-,6135.4000,6135.2000,6130.6000,6130.0000,6118.6000,6139.4000,6149.8000,6150.0000,6159.8000,6163.6000,2,2,1,1,1,1,1,2,1,1
SF,IC2103,2020-07-21 09:33:59.700,6138.0000,2411,0,148414160.000,0,-,-,-,-,6136.6000,6136.2000,6135.4000,6130.6000,6130.0000,6139.4000,6149.8000,6150.0000,6159.8000,6163.6000,2,1,2,1,1,1,1,2,1,1
SF,IC2103,2020-07-21 09:34:00.200,6139.4000,2411,0,149642040.000,1,0,1,多换,S,6136.8000,6136.6000,6136.2000,6130.6000,6130.0000,6149.8000,6150.0000,6159.8000,6163.6000,6166.6000,3,2,1,1,1,1,2,1,1,1
SF,IC2103,2020-07-21 09:34:00.700,6139.4000,2411,0,149642040.000,0,-,-,-,-,6137.2000,6136.8000,6136.6000,6130.6000,6130.0000,6144.6000,6145.6000,6149.6000,6149.8000,6150.0000,1,2,2,1,1,1,1,3,1,2
SF,IC2103,2020-07-21 09:34:01.200,6139.4000,2411,0,149642040.000,0,-,-,-,-,6140.4000,6137.4000,6137.2000,6136.8000,6130.6000,6144.4000,6144.6000,6145.6000,6149.8000,6150.0000,2,2,1,1,1,1,1,1,1,2
SF,IC2103,2020-07-21 09:34:01.700,6139.4000,2411,0,150869920.000,1,0,1,多换,S,6140.4000,6137.4000,6137.2000,6130.6000,6130.0000,6144.4000,6144.6000,6145.6000,6149.8000,6150.0000,2,2,1,1,1,1,1,1,1,2
SF,IC2103,2020-07-21 09:34:02.200,6139.4000,2411,0,150869920.000,0,-,-,-,-,6140.6000,6140.4000,6137.4000,6137.2000,6130.6000,6144.4000,6145.6000,6149.8000,6150.0000,6159.8000,1,2,1,1,1,1,1,1,2,1
SF,IC2103,2020-07-21 09:34:02.700,6139.4000,2411,0,150869920.000,0,-,-,-,-,6140.6000,6140.4000,6137.4000,6137.2000,6130.6000,6144.4000,6149.8000,6150.0000,6159.8000,6166.6000,1,2,1,1,1,1,1,2,1,1
SF,IC2103,2020-07-21 09:34:03.200,6139.4000,2411,0,150869920.000,0,-,-,-,-,6140.8000,6130.6000,6130.0000,6118.6000,6110.2000,6144.4000,6149.8000,6150.0000,6159.8000,6166.6000,3,1,1,1,1,1,1,2,1,1
SF,IC2103,2020-07-21 09:34:03.700,6139.4000,2411,0,150869920.000,0,-,-,-,-,6130.6000,6130.0000,6118.6000,6110.2000,6109.8000,6144.4000,6149.8000,6150.0000,6159.8000,6166.6000,1,1,1,1,1,1,1,2,1,1
SF,IC2103,2020-07-21 09:34:04.200,6139.4000,2411,0,150869920.000,0,-,-,-,-,6130.8000,6130.6000,6130.0000,6118.6000,6110.2000,6144.4000,6149.8000,6150.0000,6159.8000,6166.6000,2,1,1,1,1,1,1,2,1,1
SF,IC2103,2020-07-21 09:34:04.700,6139.4000,2411,0,150869920.000,0,-,-,-,-,6131.0000,6130.8000,6130.6000,6130.0000,6118.6000,6144.4000,6149.8000,6150.0000,6159.8000,6166.6000,1,2,1,1,1,1,1,2,1,1
SF,IC2103,2020-07-21 09:34:05.200,6139.4000,2411,0,150869920.000,0,-,-,-,-,6137.6000,6131.2000,6131.0000,6130.6000,6130.0000,6144.2000,6144.4000,6149.8000,6150.0000,6159.8000,2,2,1,1,1,1,1,1,2,1
SF,IC2103,2020-07-21 09:34:05.700,6139.4000,2411,0,150869920.000,0,-,-,-,-,6137.8000,6137.6000,6132.8000,6130.6000,6130.0000,6144.0000,6144.2000,6149.8000,6150.0000,6159.8000,1,2,1,1,1,1,1,1,2,1
SF,IC2103,2020-07-21 09:34:06.200,6139.4000,2411,0,150869920.000,0,-,-,-,-,6137.8000,6137.6000,6132.8000,6130.6000,6130.0000,6144.0000,6149.8000,6150.0000,6159.8000,6166.6000,1,2,1,1,1,1,1,2,1,1
SF,IC2103,2020-07-21 09:34:06.700,6139.4000,2411,0,150869920.000,0,-,-,-,-,6137.8000,6137.6000,6132.8000,6130.6000,6130.0000,6143.8000,6144.0000,6149.8000,6150.0000,6159.8000,1,2,1,1,1,1,1,1,2,1
SF,IC2103,2020-07-21 09:34:07.200,6139.4000,2411,0,150869920.000,0,-,-,-,-,6137.8000,6137.6000,6132.8000,6130.6000,6130.0000,6143.6000,6143.8000,6149.8000,6150.0000,6159.8000,1,2,1,1,1,1,1,1,2,1
SF,IC2103,2020-07-21 09:34:07.700,6139.4000,2411,0,150869920.000,0,-,-,-,-,6138.6000,6137.8000,6132.8000,6130.6000,6130.0000,6143.6000,6143.8000,6149.8000,6150.0000,6159.8000,2,1,1,1,1,1,1,1,2,1
SF,IC2103,2020-07-21 09:34:08.200,6139.4000,2411,0,150869920.000,0,-,-,-,-,6138.8000,6138.6000,6132.8000,6130.6000,6130.0000,6142.8000,6143.6000,6149.8000,6150.0000,6159.8000,1,2,1,1,1,1,1,1,2,1
SF,IC2103,2020-07-21 09:34:08.700,6139.4000,2411,0,150869920.000,0,-,-,-,-,6138.8000,6138.6000,6132.8000,6130.6000,6130.0000,6142.6000,6142.8000,6149.8000,6150.0000,6159.8000,1,2,1,1,1,1,1,1,2,1
SF,IC2103,2020-07-21 09:34:10.200,6139.4000,2411,0,150869920.000,0,-,-,-,-,6139.4000,6138.8000,6130.6000,6130.0000,6118.6000,6142.6000,6142.8000,6149.8000,6150.0000,6159.8000,2,1,1,1,1,1,1,1,2,1
SF,IC2103,2020-07-21 09:34:10.700,6139.4000,2411,0,150869920.000,0,-,-,-,-,6139.6000,6139.4000,6139.0000,6130.6000,6130.0000,6142.6000,6142.8000,6149.8000,6150.0000,6159.8000,1,2,1,1,1,1,1,1,2,1
SF,IC2103,2020-07-21 09:34:11.200,6139.4000,2411,0,150869920.000,0,-,-,-,-,6140.2000,6139.6000,6139.4000,6139.0000,6130.6000,6142.8000,6149.8000,6150.0000,6159.8000,6166.6000,1,1,2,1,1,1,1,2,1,1
SF,IC2103,2020-07-21 09:34:11.700,6139.4000,2411,0,150869920.000,0,-,-,-,-,6140.4000,6140.2000,6139.4000,6139.0000,6130.6000,6142.8000,6149.8000,6150.0000,6159.8000,6166.6000,2,1,2,1,1,1,1,2,1,1
SF,IC2103,2020-07-21 09:34:12.200,6139.4000,2411,0,150869920.000,0,-,-,-,-,6140.4000,6139.0000,6132.0000,6130.6000,6130.0000,6149.8000,6150.0000,6159.8000,6166.6000,6167.0000,3,1,1,1,1,1,2,1,1,1
SF,IC2103,2020-07-21 09:34:12.700,6139.4000,2411,0,150869920.000,0,-,-,-,-,6141.0000,6140.6000,6140.4000,6132.0000,6130.6000,6149.6000,6149.8000,6150.0000,6159.8000,6166.6000,1,2,3,1,1,1,1,2,1,1
SF,IC2103,2020-07-21 09:34:13.200,6139.4000,2411,0,150869920.000,0,-,-,-,-,6141.2000,6141.0000,6140.6000,6140.4000,6132.0000,6149.2000,6149.6000,6149.8000,6150.0000,6159.8000,1,1,2,2,1,1,1,1,2,1
SF,IC2103,2020-07-21 09:34:13.700,6139.4000,2411,0,150869920.000,0,-,-,-,-,6141.8000,6141.2000,6141.0000,6140.6000,6132.0000,6149.0000,6149.2000,6149.8000,6150.0000,6159.8000,2,1,1,2,1,1,1,1,2,1
SF,IC2103,2020-07-21 09:34:14.200,6139.4000,2411,0,150869920.000,0,-,-,-,-,6142.0000,6140.6000,6132.0000,6130.6000,6130.0000,6148.6000,6148.8000,6149.0000,6149.2000,6149.8000,1,1,1,1,1,1,1,1,1,1
SF,IC2103,2020-07-21 09:34:14.700,6139.4000,2411,0,150869920.000,0,-,-,-,-,6140.6000,6132.0000,6130.6000,6130.0000,6118.6000,6148.2000,6148.4000,6148.6000,6149.8000,6150.0000,1,1,1,1,1,1,3,1,1,2
SF,IC2103,2020-07-21 09:34:15.200,6139.4000,2411,0,150869920.000,0,-,-,-,-,6140.6000,6132.0000,6130.6000,6130.0000,6118.6000,6148.0000,6148.2000,6148.4000,6148.6000,6149.8000,1,1,1,1,1,2,1,1,1,1
SF,IC2103,2020-07-21 09:34:15.700,6139.4000,2411,0,150869920.000,0,-,-,-,-,6140.6000,6132.0000,6130.6000,6130.0000,6118.6000,6147.8000,6148.0000,6148.2000,6148.4000,6148.6000,1,1,1,1,1,1,2,1,1,1
SF,IC2103,2020-07-21 09:34:16.200,6139.4000,2411,0,150869920.000,0,-,-,-,-,6140.8000,6132.0000,6130.6000,6130.0000,6118.6000,6147.6000,6147.8000,6148.2000,6148.4000,6149.8000,1,1,1,1,1,3,1,1,1,1
SF,IC2103,2020-07-21 09:34:16.700,6146.8000,2410,-1,152099280.000,1,0,1,双平,S,6140.8000,6132.0000,6130.6000,6130.0000,6118.6000,6147.6000,6147.8000,6149.8000,6150.0000,6159.8000,1,1,1,1,1,2,1,1,2,1
SF,IC2103,2020-07-21 09:34:17.200,6146.8000,2410,0,152099280.000,0,-,-,-,-,6141.2000,6140.8000,6132.0000,6130.6000,6130.0000,6147.6000,6149.8000,6150.0000,6159.8000,6166.6000,1,1,1,1,1,2,1,2,1,1
SF,IC2103,2020-07-21 09:34:17.700,6146.8000,2410,0,152099280.000,0,-,-,-,-,6141.4000,6141.2000,6132.0000,6130.6000,6130.0000,6147.6000,6149.8000,6150.0000,6159.8000,6166.6000,1,1,1,1,1,2,1,2,1,1
SF,IC2103,2020-07-21 09:34:18.200,6146.8000,2410,0,152099280.000,0,-,-,-,-,6141.4000,6141.2000,6132.0000,6130.6000,6130.0000,6147.4000,6147.6000,6149.8000,6150.0000,6159.8000,1,1,1,1,1,1,2,1,2,1
SF,IC2103,2020-07-21 09:34:18.700,6146.8000,2410,0,152099280.000,0,-,-,-,-,6141.4000,6141.2000,6132.0000,6130.6000,6130.0000,6147.2000,6147.6000,6149.8000,6150.0000,6159.8000,1,1,1,1,1,2,1,1,2,1
SF,IC2103,2020-07-21 09:34:19.200,6146.8000,2410,0,152099280.000,0,-,-,-,-,6141.4000,6141.2000,6132.0000,6130.6000,6130.0000,6146.6000,6147.2000,6149.8000,6150.0000,6159.8000,1,1,1,1,1,1,1,1,2,1
SF,IC2103,2020-07-21 09:34:19.700,6146.8000,2410,0,152099280.000,0,-,-,-,-,6141.4000,6141.2000,6132.0000,6130.6000,6130.0000,6146.4000,6146.6000,6149.8000,6150.0000,6159.8000,1,1,1,1,1,2,1,1,2,1
SF,IC2103,2020-07-21 09:34:20.200,6146.8000,2410,0,152099280.000,0,-,-,-,-,6141.4000,6141.2000,6132.0000,6130.6000,6130.0000,6146.0000,6146.4000,6146.6000,6149.8000,6150.0000,1,1,1,1,1,1,1,1,1,2
SF,IC2103,2020-07-21 09:34:20.700,6146.8000,2410,0,152099280.000,0,-,-,-,-,6141.8000,6141.6000,6141.4000,6141.2000,6132.0000,6146.0000,6149.8000,6150.0000,6159.8000,6166.6000,2,1,1,1,1,1,1,2,1,1
SF,IC2103,2020-07-21 09:34:21.200,6146.8000,2410,0,152099280.000,0,-,-,-,-,6142.0000,6141.8000,6141.6000,6141.2000,6132.0000,6146.0000,6149.8000,6150.0000,6159.8000,6166.6000,1,2,1,1,1,1,1,2,1,1
SF,IC2103,2020-07-21 09:34:21.700,6146.8000,2410,0,152099280.000,0,-,-,-,-,6142.4000,6142.0000,6141.8000,6141.2000,6132.0000,6146.0000,6149.8000,6150.0000,6159.8000,6166.6000,1,1,2,1,1,1,1,2,1,1
