市场代码,合约代码,时间,最新,持仓,增仓,成交额,成交量,开仓,平仓,成交类型,方向,买一价,买二价,买三价,买四价,买五价,卖一价,卖二价,卖三价,卖四价,卖五价,买一量,买二量,买三量,买四量,买五量,卖一量,卖二量,卖三量,卖四量,卖五量
SF,IC2106,2020-10-30 09:29:00.000,5843.0000,12515,0,1168600.000,1.000,-,-,-,-,5840.8000,5835.2000,5830.8000,5829.2000,5825.8000,5843.0000,5853.0000,5861.0000,5865.0000,5867.0000,1,1,2,1,1,1,3,3,1,5
SF,IC2106,2020-10-30 09:30:00.500,5865.0000,12514,-1,10538600.000,8,3,5,多平,S,5864.4000,5864.0000,5863.2000,5859.6000,5857.0000,5870.0000,5871.8000,5875.0000,5877.4000,5878.0000,1,1,1,1,2,1,4,1,1,5
SF,IC2106,2020-10-30 09:30:01.000,5863.0000,12512,-2,14056880.000,3,0,3,多平,S,5859.6000,5857.0000,5855.6000,5853.8000,5848.0000,5863.0000,5863.2000,5868.0000,5868.8000,5870.0000,1,2,1,1,3,2,2,1,2,1
SF,IC2106,2020-10-30 09:30:01.500,5863.0000,12510,-2,16402080.000,2,0,2,双平,S,5859.6000,5855.6000,5853.8000,5848.0000,5845.6000,5870.0000,5871.8000,5875.0000,5877.4000,5878.0000,1,1,1,3,1,1,4,1,1,5
SF,IC2106,2020-10-30 09:30:02.000,5863.0000,12510,0,16402080.000,0,-,-,-,-,5855.6000,5843.8000,5843.2000,5843.0000,5829.2000,5864.6000,5866.0000,5869.8000,5870.0000,5871.8000,1,2,1,4,1,1,1,1,1,4
SF,IC2106,2020-10-30 09:30:02.500,5863.0000,12510,0,16402080.000,0,-,-,-,-,5859.8000,5859.2000,5859.0000,5858.6000,5857.8000,5863.2000,5864.0000,5864.4000,5870.0000,5871.8000,1,1,1,1,1,2,1,2,1,4
SF,IC2106,2020-10-30 09:30:03.000,5861.8000,12509,-1,18746400.000,2,0,2,多平,S,5857.6000,5855.6000,5843.8000,5843.0000,5829.2000,5863.0000,5863.2000,5864.0000,5864.4000,5870.0000,1,1,2,3,1,2,1,1,1,1
SF,IC2106,2020-10-30 09:30:03.500,5857.6000,12508,-1,19917920.000,1,0,1,双平,S,5843.8000,5843.0000,5825.0000,5823.8000,5820.0000,5860.4000,5860.8000,5862.0000,5863.0000,5870.0000,2,3,3,1,1,1,1,1,2,1
SF,IC2106,2020-10-30 09:30:04.000,5857.6000,12508,0,19917920.000,0,-,-,-,-,5852.0000,5851.2000,5850.6000,5850.0000,5849.8000,5857.6000,5860.2000,5860.8000,5862.0000,5870.0000,1,1,1,2,1,1,2,2,1,1
SF,IC2106,2020-10-30 09:30:04.500,5852.2000,12506,-2,23431400.000,3,0,3,多平,S,5843.0000,5825.0000,5823.8000,5820.0000,5801.0000,5851.8000,5855.6000,5857.4000,5857.6000,5860.8000,3,3,1,1,4,1,1,2,1,1
SF,IC2106,2020-10-30 09:30:05.000,5852.2000,12506,0,24601840.000,1,0,1,多换,S,5848.2000,5848.0000,5847.8000,5847.6000,5847.4000,5851.6000,5855.6000,5857.6000,5860.8000,5862.0000,1,1,1,1,1,2,1,1,1,1
SF,IC2106,2020-10-30 09:30:05.500,5852.2000,12506,0,24601840.000,0,-,-,-,-,5846.4000,5843.0000,5825.0000,5823.8000,5820.0000,5851.6000,5855.6000,5860.8000,5862.0000,5868.6000,1,3,3,1,1,2,1,1,1,1
SF,IC2106,2020-10-30 09:30:06.000,5851.8000,12507,1,26942560.000,2,1,1,空开,S,5851.8000,5846.6000,5846.4000,5843.0000,5825.0000,5855.6000,5860.8000,5868.6000,5875.0000,5877.4000,1,1,4,3,3,1,1,1,1,1
SF,IC2106,2020-10-30 09:30:06.500,5851.8000,12506,-1,29283280.000,2,0,2,多平,S,5843.0000,5825.0000,5823.8000,5820.0000,5801.0000,5850.0000,5851.2000,5852.0000,5854.8000,5855.2000,3,3,1,1,4,1,1,1,2,1
SF,IC2106,2020-10-30 09:30:07.000,5851.8000,12506,0,29283280.000,0,-,-,-,-,5844.0000,5843.2000,5843.0000,5841.8000,5825.0000,5849.8000,5850.0000,5851.2000,5852.0000,5855.6000,1,1,3,2,3,1,1,1,1,1
SF,IC2106,2020-10-30 09:30:07.500,5851.8000,12506,0,29283280.000,0,-,-,-,-,5844.2000,5844.0000,5843.0000,5825.0000,5823.8000,5846.4000,5849.8000,5855.6000,5860.8000,5868.6000,1,1,3,3,1,3,1,1,1,1
SF,IC2106,2020-10-30 09:30:08.000,5849.8000,12505,-1,33961080.000,4,1,3,多平,S,5843.0000,5825.0000,5823.8000,5820.0000,5801.0000,5851.2000,5851.4000,5855.6000,5860.8000,5868.6000,3,3,1,1,4,1,1,1,1,1
SF,IC2106,2020-10-30 09:30:08.500,5849.8000,12505,0,33961080.000,0,-,-,-,-,5843.2000,5843.0000,5832.8000,5825.0000,5823.8000,5847.8000,5848.2000,5848.6000,5849.2000,5849.6000,1,3,1,3,1,1,2,1,2,1
SF,IC2106,2020-10-30 09:30:09.000,5847.8000,12505,0,35130640.000,1,0,1,多换,S,5843.2000,5843.0000,5832.8000,5825.0000,5823.8000,5848.2000,5848.6000,5849.2000,5849.6000,5850.0000,1,3,1,3,1,1,1,2,1,1
SF,IC2106,2020-10-30 09:30:09.500,5848.2000,12504,-1,36300280.000,1,0,1,双平,S,5843.2000,5843.0000,5832.8000,5825.0000,5823.8000,5848.0000,5849.2000,5850.0000,5851.2000,5851.4000,1,3,1,3,1,1,2,1,1,1
SF,IC2106,2020-10-30 09:30:10.000,5848.2000,12504,0,36300280.000,0,-,-,-,-,5844.6000,5843.6000,5843.2000,5843.0000,5832.8000,5847.6000,5849.2000,5849.6000,5851.2000,5855.6000,1,1,1,3,1,1,2,1,1,1
SF,IC2106,2020-10-30 09:30:10.500,5848.2000,12504,0,37469920.000,1,0,1,多换,S,5848.2000,5844.8000,5844.6000,5843.6000,5843.0000,5849.2000,5855.6000,5860.8000,5868.6000,5875.0000,2,2,1,1,3,1,1,1,1,1
SF,IC2106,2020-10-30 09:30:11.000,5848.2000,12504,0,40979040.000,3,1,2,多换,S,5844.8000,5843.6000,5843.0000,5832.8000,5825.0000,5849.0000,5849.2000,5855.6000,5860.8000,5868.6000,1,1,3,1,3,1,2,1,1,1
SF,IC2106,2020-10-30 09:30:11.500,5848.2000,12504,0,40979040.000,0,-,-,-,-,5844.8000,5843.6000,5843.0000,5832.8000,5825.0000,5849.0000,5849.2000,5855.6000,5860.8000,5868.6000,1,1,3,1,3,1,2,1,1,1
SF,IC2106,2020-10-30 09:30:12.000,5848.2000,12504,0,40979040.000,0,-,-,-,-,5844.8000,5843.0000,5832.8000,5825.0000,5823.8000,5848.6000,5849.0000,5849.2000,5855.6000,5860.8000,1,3,1,3,1,1,1,2,1,1
SF,IC2106,2020-10-30 09:30:12.500,5848.2000,12504,0,40979040.000,0,-,-,-,-,5845.0000,5844.8000,5843.0000,5832.8000,5825.0000,5848.6000,5849.2000,5855.6000,5860.8000,5868.6000,1,1,3,1,3,1,2,1,1,1
SF,IC2106,2020-10-30 09:30:13.000,5848.6000,12504,0,42148760.000,1,0,1,多换,S,5845.2000,5845.0000,5843.0000,5832.8000,5825.0000,5855.6000,5860.8000,5868.6000,5875.0000,5877.4000,2,1,3,1,3,1,1,1,1,1
SF,IC2106,2020-10-30 09:30:13.500,5848.6000,12504,0,42148760.000,0,-,-,-,-,5845.2000,5845.0000,5843.0000,5832.8000,5825.0000,5849.2000,5849.6000,5850.0000,5852.8000,5855.6000,2,1,3,1,3,2,1,1,1,1
SF,IC2106,2020-10-30 09:30:14.000,5848.6000,12504,0,42148760.000,0,-,-,-,-,5845.2000,5843.0000,5825.0000,5823.8000,5820.0000,5849.2000,5849.6000,5850.0000,5852.8000,5855.6000,2,3,3,1,1,2,1,1,1,1
SF,IC2106,2020-10-30 09:30:14.500,5849.2000,12504,0,43318600.000,1,0,1,多换,S,5845.2000,5843.0000,5825.0000,5823.8000,5820.0000,5849.6000,5850.0000,5852.8000,5855.6000,5860.8000,2,3,3,1,1,1,1,1,1,1
SF,IC2106,2020-10-30 09:30:15.500,5849.2000,12504,0,43318600.000,0,-,-,-,-,5846.4000,5845.2000,5843.0000,5825.0000,5823.8000,5848.8000,5850.0000,5855.6000,5860.8000,5868.6000,1,3,3,3,1,1,1,1,1,1
SF,IC2106,2020-10-30 09:30:16.000,5848.8000,12504,0,44488360.000,1,0,1,多换,S,5846.6000,5846.4000,5845.2000,5843.0000,5825.0000,5855.6000,5860.8000,5868.6000,5875.0000,5877.4000,1,3,2,3,3,1,1,1,1,1
SF,IC2106,2020-10-30 09:30:16.500,5848.8000,12504,0,44488360.000,0,-,-,-,-,5846.8000,5846.6000,5846.4000,5845.2000,5843.0000,5851.2000,5852.6000,5855.6000,5860.8000,5868.6000,2,1,3,1,3,1,1,1,1,1
SF,IC2106,2020-10-30 09:30:17.000,5851.2000,12504,0,45658600.000,1,0,1,多换,S,5848.0000,5847.0000,5846.8000,5846.6000,5846.4000,5855.6000,5860.8000,5868.6000,5875.0000,5877.4000,1,1,3,1,3,1,1,1,1,1
SF,IC2106,2020-10-30 09:30:17.500,5851.2000,12504,0,45658600.000,0,-,-,-,-,5848.2000,5848.0000,5847.0000,5846.6000,5846.4000,5855.6000,5860.8000,5868.6000,5875.0000,5877.4000,3,1,1,1,2,1,1,1,1,1
SF,IC2106,2020-10-30 09:30:18.000,5851.2000,12504,0,45658600.000,0,-,-,-,-,5849.6000,5849.2000,5848.2000,5847.0000,5843.0000,5855.2000,5855.6000,5860.8000,5868.6000,5875.0000,1,2,3,1,3,1,1,1,1,1
SF,IC2106,2020-10-30 09:30:18.500,5851.2000,12504,0,45658600.000,0,-,-,-,-,5849.8000,5849.6000,5849.2000,5848.2000,5844.8000,5855.0000,5855.2000,5855.6000,5860.8000,5868.6000,2,1,2,1,1,1,1,1,1,1
SF,IC2106,2020-10-30 09:30:19.500,5851.2000,12504,0,45658600.000,0,-,-,-,-,5849.8000,5849.2000,5848.2000,5844.8000,5843.0000,5855.0000,5855.2000,5855.6000,5860.8000,5868.6000,2,1,1,1,3,1,1,1,1,1
SF,IC2106,2020-10-30 09:30:22.000,5851.2000,12504,0,45658600.000,0,-,-,-,-,5849.8000,5844.8000,5843.0000,5825.0000,5823.8000,5852.6000,5854.8000,5855.0000,5855.6000,5860.8000,2,1,3,3,1,1,1,1,1,1
SF,IC2106,2020-10-30 09:30:22.500,5849.8000,12503,-1,46828560.000,1,0,1,双平,S,5844.8000,5843.0000,5825.0000,5823.8000,5820.0000,5852.4000,5852.6000,5854.8000,5855.0000,5855.6000,1,3,3,1,1,2,1,1,1,1
SF,IC2106,2020-10-30 09:30:23.000,5849.8000,12503,0,46828560.000,0,-,-,-,-,5848.0000,5846.4000,5845.0000,5844.8000,5843.0000,5849.8000,5852.4000,5852.6000,5852.8000,5854.8000,1,4,1,1,3,1,2,1,2,1
SF,IC2106,2020-10-30 09:30:23.500,5849.8000,12503,0,46828560.000,0,-,-,-,-,5848.0000,5846.4000,5845.0000,5844.8000,5843.0000,5849.8000,5852.4000,5852.6000,5852.8000,5855.0000,1,4,1,1,3,1,2,1,2,1
SF,IC2106,2020-10-30 09:30:24.000,5849.8000,12503,0,46828560.000,0,-,-,-,-,5848.0000,5846.4000,5843.0000,5825.0000,5823.8000,5849.8000,5852.4000,5852.6000,5852.8000,5855.0000,1,4,2,3,1,1,2,1,2,1
SF,IC2106,2020-10-30 09:30:25.000,5849.8000,12503,0,46828560.000,0,-,-,-,-,5848.2000,5848.0000,5846.4000,5843.0000,5825.0000,5849.8000,5852.4000,5852.6000,5852.8000,5855.6000,1,2,2,2,3,1,2,1,2,1
SF,IC2106,2020-10-30 09:30:25.500,5849.8000,12502,-1,47998520.000,1,0,1,双平,S,5848.2000,5848.0000,5846.4000,5843.0000,5825.0000,5852.4000,5852.6000,5852.8000,5855.6000,5860.8000,1,2,2,2,3,1,1,2,1,1
SF,IC2106,2020-10-30 09:30:26.000,5849.8000,12502,0,47998520.000,0,-,-,-,-,5848.4000,5848.2000,5848.0000,5846.4000,5843.0000,5852.4000,5852.6000,5852.8000,5855.6000,5860.8000,1,1,2,2,2,1,1,2,1,1
SF,IC2106,2020-10-30 09:30:26.500,5849.8000,12502,0,47998520.000,0,-,-,-,-,5850.0000,5849.6000,5849.2000,5848.4000,5848.0000,5852.4000,5852.8000,5855.6000,5860.8000,5863.8000,1,1,3,1,1,1,2,1,1,5
SF,IC2106,2020-10-30 09:30:27.000,5849.8000,12502,0,47998520.000,0,-,-,-,-,5850.2000,5850.0000,5849.6000,5849.2000,5848.4000,5852.8000,5855.6000,5860.8000,5863.8000,5865.8000,1,1,1,3,1,2,1,1,5,1
SF,IC2106,2020-10-30 09:30:27.500,5852.8000,12500,-2,50339640.000,2,0,2,双平,S,5850.4000,5850.2000,5850.0000,5849.6000,5849.2000,5855.6000,5860.8000,5863.8000,5865.8000,5868.6000,1,1,1,1,3,1,1,5,1,1
SF,IC2106,2020-10-30 09:30:28.000,5852.8000,12500,0,50339640.000,0,-,-,-,-,5851.2000,5850.6000,5850.4000,5850.0000,5849.2000,5855.6000,5860.8000,5863.8000,5865.8000,5868.6000,1,2,1,1,3,1,1,5,1,1
SF,IC2106,2020-10-30 09:30:28.500,5852.8000,12500,0,50339640.000,0,-,-,-,-,5852.8000,5851.4000,5851.2000,5850.4000,5850.0000,5855.4000,5855.6000,5860.8000,5863.8000,5865.8000,1,2,1,1,1,1,1,1,5,1
SF,IC2106,2020-10-30 09:30:29.000,5852.8000,12500,0,50339640.000,0,-,-,-,-,5853.0000,5852.8000,5851.4000,5851.2000,5850.0000,5855.4000,5855.6000,5860.8000,5863.8000,5865.8000,1,1,1,1,1,1,1,1,5,1
SF,IC2106,2020-10-30 09:30:29.500,5853.0000,12499,-1,51510240.000,1,0,1,双平,S,5852.8000,5851.4000,5851.2000,5850.0000,5849.2000,5855.2000,5855.4000,5855.6000,5860.8000,5863.8000,1,1,1,1,2,1,1,1,1,5
SF,IC2106,2020-10-30 09:30:30.000,5852.8000,12499,0,52680800.000,1,0,1,多换,S,5851.4000,5851.2000,5850.0000,5849.2000,5848.0000,5854.0000,5854.8000,5855.0000,5855.2000,5855.4000,1,1,1,2,1,1,1,1,1,1
SF,IC2106,2020-10-30 09:30:30.500,5852.8000,12499,0,52680800.000,0,-,-,-,-,5850.0000,5849.2000,5848.0000,5844.6000,5843.0000,5854.0000,5854.8000,5855.0000,5855.2000,5855.4000,1,2,1,2,2,1,1,1,1,1
SF,IC2106,2020-10-30 09:30:31.000,5852.8000,12499,0,52680800.000,0,-,-,-,-,5850.0000,5849.2000,5848.0000,5844.6000,5843.0000,5853.8000,5854.0000,5854.8000,5855.0000,5855.2000,1,2,1,2,2,1,1,1,1,1
SF,IC2106,2020-10-30 09:30:31.500,5852.8000,12499,0,52680800.000,0,-,-,-,-,5848.0000,5844.6000,5843.0000,5840.0000,5829.0000,5853.8000,5854.0000,5854.8000,5855.0000,5855.2000,1,2,2,1,5,1,1,1,1,1
SF,IC2106,2020-10-30 09:30:32.000,5853.8000,12499,0,53851560.000,1,0,1,多换,S,5849.2000,5848.2000,5848.0000,5844.6000,5840.0000,5854.0000,5854.8000,5855.0000,5855.2000,5855.4000,2,2,2,2,1,1,1,1,1,1
SF,IC2106,2020-10-30 09:30:32.500,5853.8000,12499,0,53851560.000,0,-,-,-,-,5850.0000,5849.6000,5849.4000,5849.2000,5848.0000,5852.8000,5854.0000,5854.8000,5855.0000,5855.2000,1,1,2,3,1,1,1,1,1,1
SF,IC2106,2020-10-30 09:30:33.000,5853.8000,12499,0,53851560.000,0,-,-,-,-,5850.2000,5849.6000,5849.4000,5849.2000,5848.0000,5852.8000,5854.0000,5854.8000,5855.2000,5855.6000,1,1,1,3,1,1,1,1,1,1
SF,IC2106,2020-10-30 09:30:33.500,5852.8000,12498,-1,55022120.000,1,0,1,双平,S,5850.2000,5849.4000,5848.0000,5844.6000,5840.0000,5852.8000,5854.0000,5854.8000,5855.6000,5860.8000,1,1,1,2,1,1,1,1,1,1
SF,IC2106,2020-10-30 09:30:34.000,5852.8000,12498,0,55022120.000,0,-,-,-,-,5850.2000,5848.0000,5844.6000,5840.0000,5829.0000,5852.6000,5852.8000,5854.0000,5854.8000,5855.6000,1,1,2,1,5,1,1,1,1,1
SF,IC2106,2020-10-30 09:30:34.500,5850.2000,12497,-1,56192160.000,1,0,1,双平,S,5848.0000,5844.6000,5840.0000,5829.0000,5825.0000,5852.4000,5852.6000,5852.8000,5854.8000,5855.6000,1,2,1,5,3,1,1,1,1,1
SF,IC2106,2020-10-30 09:30:35.000,5850.2000,12497,0,56192160.000,0,-,-,-,-,5848.2000,5848.0000,5844.6000,5840.0000,5829.0000,5852.2000,5852.4000,5852.6000,5852.8000,5854.8000,1,2,2,1,5,1,1,1,1,1
SF,IC2106,2020-10-30 09:30:35.500,5850.2000,12497,0,56192160.000,0,-,-,-,-,5848.0000,5844.6000,5840.0000,5829.0000,5825.0000,5850.8000,5852.0000,5852.2000,5852.4000,5852.8000,2,2,1,5,3,1,1,2,1,1
SF,IC2106,2020-10-30 09:30:36.000,5850.2000,12497,0,56192160.000,0,-,-,-,-,5848.0000,5844.6000,5840.0000,5829.0000,5825.0000,5850.6000,5850.8000,5852.0000,5852.4000,5852.8000,1,2,1,5,3,1,1,2,1,1
SF,IC2106,2020-10-30 09:30:36.500,5848.0000,12497,0,57361760.000,1,0,1,多换,S,5844.6000,5840.0000,5829.0000,5825.0000,5823.8000,5850.6000,5850.8000,5852.0000,5852.4000,5852.8000,2,1,5,3,1,1,1,1,1,1
SF,IC2106,2020-10-30 09:30:37.000,5848.0000,12497,0,57361760.000,0,-,-,-,-,5846.4000,5844.8000,5844.6000,5840.0000,5829.0000,5850.4000,5850.6000,5850.8000,5852.0000,5852.8000,5,2,2,1,5,1,1,1,1,1
SF,IC2106,2020-10-30 09:30:37.500,5848.0000,12497,0,57361760.000,0,-,-,-,-,5846.6000,5844.8000,5844.6000,5840.0000,5825.0000,5850.4000,5850.8000,5852.8000,5855.6000,5860.0000,1,2,2,1,3,1,1,1,1,10
SF,IC2106,2020-10-30 09:30:38.000,5848.0000,12497,0,57361760.000,0,-,-,-,-,5846.6000,5844.8000,5844.6000,5840.0000,5825.0000,5850.8000,5852.8000,5855.6000,5860.0000,5860.8000,1,2,2,1,3,1,1,1,10,1
SF,IC2106,2020-10-30 09:30:38.500,5848.0000,12497,0,57361760.000,0,-,-,-,-,5848.0000,5847.4000,5846.8000,5846.6000,5844.8000,5850.8000,5852.8000,5855.6000,5860.0000,5860.8000,1,1,1,1,1,1,1,1,10,1
SF,IC2106,2020-10-30 09:30:39.000,5848.0000,12497,0,57361760.000,0,-,-,-,-,5848.2000,5848.0000,5847.4000,5846.8000,5844.8000,5850.8000,5852.8000,5855.6000,5860.0000,5860.8000,1,1,1,2,1,1,1,1,10,1
SF,IC2106,2020-10-30 09:30:39.500,5848.0000,12497,0,57361760.000,0,-,-,-,-,5850.4000,5848.2000,5848.0000,5847.4000,5846.8000,5850.8000,5852.8000,5855.6000,5860.0000,5860.8000,1,2,1,1,2,1,1,1,10,1
SF,IC2106,2020-10-30 09:30:40.000,5850.8000,12497,0,58531920.000,1,0,1,多换,S,5850.4000,5848.2000,5848.0000,5847.4000,5846.8000,5852.8000,5855.6000,5860.0000,5860.8000,5863.8000,1,2,1,1,1,1,1,10,1,5
SF,IC2106,2020-10-30 09:30:40.500,5850.4000,12497,0,59702000.000,1,0,1,多换,S,5848.6000,5848.2000,5848.0000,5847.4000,5846.8000,5852.6000,5852.8000,5855.6000,5860.0000,5860.8000,1,1,1,1,1,1,1,1,10,1
SF,IC2106,2020-10-30 09:30:41.000,5850.4000,12497,0,59702000.000,0,-,-,-,-,5848.8000,5848.6000,5848.0000,5847.4000,5844.6000,5852.6000,5852.8000,5855.6000,5860.0000,5860.8000,1,1,1,1,2,1,1,1,10,1
SF,IC2106,2020-10-30 09:30:41.500,5850.4000,12497,0,59702000.000,0,-,-,-,-,5848.8000,5844.6000,5840.0000,5825.0000,5823.8000,5852.0000,5852.6000,5852.8000,5855.6000,5860.0000,1,2,1,3,1,1,1,1,1,10
SF,IC2106,2020-10-30 09:30:42.000,5848.8000,12496,-1,60871760.000,1,0,1,双平,S,5844.6000,5840.0000,5825.0000,5823.8000,5823.2000,5851.8000,5852.0000,5852.6000,5852.8000,5855.6000,2,1,3,1,5,3,1,1,1,1
SF,IC2106,2020-10-30 09:30:42.500,5848.8000,12496,0,60871760.000,0,-,-,-,-,5846.4000,5845.0000,5844.8000,5844.6000,5840.0000,5851.8000,5852.0000,5852.8000,5855.6000,5860.0000,4,1,1,2,1,3,1,1,1,10
SF,IC2106,2020-10-30 09:30:43.000,5848.8000,12496,0,60871760.000,0,-,-,-,-,5846.4000,5844.8000,5844.6000,5840.0000,5825.0000,5851.8000,5852.0000,5852.8000,5855.6000,5860.0000,5,1,2,1,3,2,1,1,1,10
SF,IC2106,2020-10-30 09:30:43.500,5848.8000,12496,0,60871760.000,0,-,-,-,-,5844.8000,5844.6000,5840.0000,5825.0000,5823.8000,5851.8000,5852.0000,5852.8000,5855.6000,5860.0000,1,2,1,3,1,2,1,1,1,10
SF,IC2106,2020-10-30 09:30:44.000,5848.8000,12496,0,60871760.000,0,-,-,-,-,5846.4000,5845.0000,5844.8000,5844.6000,5840.0000,5851.8000,5852.0000,5852.8000,5855.6000,5860.0000,4,2,1,2,1,1,1,1,1,10
SF,IC2106,2020-10-30 09:30:45.000,5851.8000,12496,0,62042120.000,1,0,1,多换,S,5846.6000,5846.4000,5845.0000,5844.8000,5844.6000,5852.8000,5855.6000,5860.0000,5860.8000,5863.8000,1,4,2,1,2,1,1,10,1,5
SF,IC2106,2020-10-30 09:30:45.500,5851.8000,12496,0,62042120.000,0,-,-,-,-,5846.8000,5846.6000,5846.4000,5845.0000,5844.8000,5852.0000,5852.8000,5855.6000,5860.0000,5860.8000,1,1,4,2,1,1,1,1,10,1
SF,IC2106,2020-10-30 09:30:46.000,5851.8000,12496,0,62042120.000,0,-,-,-,-,5847.0000,5846.8000,5846.4000,5845.0000,5844.8000,5852.0000,5852.8000,5855.6000,5860.0000,5860.8000,1,1,4,2,1,1,1,1,10,1
SF,IC2106,2020-10-30 09:30:46.500,5851.8000,12496,0,62042120.000,0,-,-,-,-,5847.0000,5846.8000,5846.4000,5845.0000,5844.8000,5852.0000,5852.8000,5855.6000,5860.0000,5860.8000,1,1,4,1,1,1,1,1,10,1
SF,IC2106,2020-10-30 09:30:47.000,5851.8000,12496,0,62042120.000,0,-,-,-,-,5847.2000,5847.0000,5846.8000,5846.4000,5845.0000,5852.8000,5855.6000,5860.0000,5860.8000,5863.8000,1,1,1,4,1,1,1,10,1,5
SF,IC2106,2020-10-30 09:30:47.500,5851.8000,12496,0,62042120.000,0,-,-,-,-,5848.2000,5848.0000,5847.8000,5847.4000,5847.2000,5852.8000,5855.6000,5860.0000,5860.8000,5863.8000,1,1,1,2,1,1,1,10,1,5
SF,IC2106,2020-10-30 09:30:48.000,5851.8000,12496,0,62042120.000,0,-,-,-,-,5848.4000,5848.2000,5848.0000,5847.8000,5847.4000,5852.8000,5855.6000,5860.0000,5860.8000,5863.8000,1,1,1,1,1,1,1,10,1,5
SF,IC2106,2020-10-30 09:30:48.500,5851.8000,12496,0,62042120.000,0,-,-,-,-,5848.4000,5847.2000,5846.8000,5846.4000,5845.0000,5852.0000,5852.8000,5855.6000,5860.0000,5860.8000,1,1,1,2,1,1,1,1,10,1
SF,IC2106,2020-10-30 09:30:49.000,5851.8000,12496,0,62042120.000,0,-,-,-,-,5848.4000,5847.2000,5846.8000,5846.4000,5845.0000,5852.8000,5855.6000,5860.0000,5860.8000,5863.8000,1,1,1,2,1,1,1,10,1,5
SF,IC2106,2020-10-30 09:30:49.500,5851.8000,12496,0,62042120.000,0,-,-,-,-,5848.4000,5847.2000,5846.8000,5846.4000,5845.0000,5852.0000,5852.8000,5855.6000,5860.0000,5860.8000,1,1,1,2,1,1,1,1,10,1
SF,IC2106,2020-10-30 09:30:50.000,5851.8000,12496,0,62042120.000,0,-,-,-,-,5848.4000,5847.2000,5846.8000,5846.4000,5844.6000,5852.0000,5852.8000,5855.6000,5860.0000,5860.8000,1,1,1,2,2,2,1,1,10,1
SF,IC2106,2020-10-30 09:30:50.500,5851.8000,12496,0,62042120.000,0,-,-,-,-,5847.2000,5846.4000,5844.6000,5840.0000,5825.0000,5851.8000,5852.0000,5852.8000,5855.6000,5860.0000,1,2,2,1,3,2,1,1,1,10
SF,IC2106,2020-10-30 09:30:51.500,5851.8000,12496,0,62042120.000,0,-,-,-,-,5847.2000,5846.4000,5844.6000,5840.0000,5825.0000,5851.8000,5852.0000,5852.8000,5855.6000,5860.0000,1,2,2,1,3,1,1,1,1,10
SF,IC2106,2020-10-30 09:30:52.500,5851.8000,12496,0,62042120.000,0,-,-,-,-,5847.2000,5846.4000,5844.6000,5840.0000,5825.0000,5851.8000,5852.0000,5852.8000,5855.6000,5860.0000,1,2,2,1,3,1,1,1,1,10
SF,IC2106,2020-10-30 09:30:53.500,5851.8000,12496,0,62042120.000,0,-,-,-,-,5848.0000,5846.4000,5844.6000,5840.0000,5825.0000,5851.8000,5852.0000,5852.8000,5855.6000,5860.0000,1,2,2,1,3,1,1,1,1,10
SF,IC2106,2020-10-30 09:30:54.000,5851.8000,12495,-1,63212480.000,1,0,1,双平,S,5848.2000,5846.4000,5844.6000,5840.0000,5825.0000,5852.0000,5852.8000,5855.6000,5860.0000,5860.8000,1,2,2,1,3,1,1,1,10,1
SF,IC2106,2020-10-30 09:30:54.500,5851.8000,12495,0,63212480.000,0,-,-,-,-,5848.2000,5846.4000,5844.6000,5840.0000,5825.0000,5852.0000,5852.8000,5855.6000,5860.0000,5860.8000,1,2,2,1,3,2,1,1,10,1
SF,IC2106,2020-10-30 09:30:55.000,5851.8000,12495,0,63212480.000,0,-,-,-,-,5848.2000,5844.6000,5840.0000,5825.0000,5823.8000,5851.8000,5852.0000,5852.8000,5855.6000,5860.0000,1,2,1,3,1,1,2,1,1,10
SF,IC2106,2020-10-30 09:30:55.500,5848.2000,12494,-1,64382120.000,1,0,1,双平,S,5844.6000,5840.0000,5825.0000,5823.8000,5823.2000,5851.6000,5851.8000,5852.0000,5852.8000,5855.6000,2,1,3,1,5,1,1,2,1,1
SF,IC2106,2020-10-30 09:30:56.000,5848.2000,12494,0,64382120.000,0,-,-,-,-,5844.8000,5844.6000,5840.0000,5825.0000,5823.8000,5849.2000,5851.0000,5851.4000,5851.6000,5851.8000,1,3,1,3,1,1,1,1,1,1
SF,IC2106,2020-10-30 09:30:56.500,5848.2000,12494,0,64382120.000,0,-,-,-,-,5844.6000,5840.0000,5825.0000,5823.8000,5823.2000,5849.0000,5849.2000,5851.0000,5851.4000,5852.0000,2,1,3,1,5,1,1,1,1,1
SF,IC2106,2020-10-30 09:30:57.000,5848.2000,12494,0,64382120.000,0,-,-,-,-,5844.6000,5840.0000,5825.0000,5823.8000,5823.2000,5848.8000,5849.0000,5849.2000,5851.0000,5851.4000,2,1,3,1,5,1,1,1,1,1
SF,IC2106,2020-10-30 09:30:57.500,5848.2000,12494,0,64382120.000,0,-,-,-,-,5844.6000,5840.0000,5825.0000,5823.8000,5823.2000,5848.6000,5848.8000,5849.2000,5851.0000,5851.4000,2,1,3,1,5,1,1,1,1,1
SF,IC2106,2020-10-30 09:30:59.000,5848.6000,12493,-1,65551840.000,1,0,1,双平,S,5844.8000,5844.6000,5840.0000,5825.0000,5823.8000,5848.8000,5849.2000,5851.0000,5851.4000,5852.0000,1,2,1,3,1,1,1,1,1,1
SF,IC2106,2020-10-30 09:30:59.500,5848.6000,12493,0,65551840.000,0,-,-,-,-,5845.0000,5844.8000,5844.6000,5840.0000,5825.0000,5849.2000,5851.0000,5851.4000,5852.0000,5852.8000,1,1,2,1,3,1,1,1,1,1
SF,IC2106,2020-10-30 09:31:00.000,5848.6000,12493,0,65551840.000,0,-,-,-,-,5845.2000,5845.0000,5844.6000,5840.0000,5825.0000,5851.4000,5852.0000,5852.8000,5860.0000,5860.8000,1,1,2,1,3,1,1,1,10,1
SF,IC2106,2020-10-30 09:31:00.500,5848.6000,12493,0,65551840.000,0,-,-,-,-,5845.2000,5844.6000,5840.0000,5825.0000,5823.8000,5849.2000,5851.2000,5851.4000,5852.0000,5852.8000,1,2,1,3,1,1,2,1,1,1
SF,IC2106,2020-10-30 09:31:01.000,5848.6000,12493,0,65551840.000,0,-,-,-,-,5845.2000,5844.6000,5840.0000,5825.0000,5823.8000,5849.0000,5849.2000,5851.2000,5851.4000,5852.0000,1,2,1,3,1,1,1,1,1,1
SF,IC2106,2020-10-30 09:31:01.500,5848.6000,12493,0,65551840.000,0,-,-,-,-,5845.2000,5844.6000,5840.0000,5825.0000,5823.8000,5847.0000,5849.0000,5849.2000,5851.2000,5851.4000,1,2,1,3,1,1,1,1,1,1
SF,IC2106,2020-10-30 09:31:02.000,5845.2000,12492,-1,66720880.000,1,0,1,双平,S,5845.4000,5844.6000,5840.0000,5825.0000,5823.8000,5846.8000,5847.0000,5849.2000,5851.4000,5852.0000,1,2,1,3,1,1,1,1,1,1
SF,IC2106,2020-10-30 09:31:02.500,5845.2000,12491,-1,67889920.000,1,0,1,双平,S,5844.6000,5840.0000,5825.0000,5823.8000,5823.2000,5845.2000,5846.8000,5847.0000,5849.2000,5851.4000,2,1,3,1,5,1,1,1,1,1
SF,IC2106,2020-10-30 09:31:03.000,5845.2000,12489,-2,72565720.000,4,1,3,多平,S,5840.0000,5825.0000,5823.8000,5823.2000,5820.0000,5846.8000,5847.0000,5849.0000,5849.2000,5851.4000,1,3,1,5,1,1,1,1,1,1
SF,IC2106,2020-10-30 09:31:03.500,5845.2000,12489,0,72565720.000,0,-,-,-,-,5841.6000,5841.0000,5840.8000,5840.2000,5840.0000,5846.6000,5846.8000,5847.0000,5849.0000,5849.2000,1,1,3,1,1,1,1,1,1,1
SF,IC2106,2020-10-30 09:31:04.000,5845.2000,12489,0,72565720.000,0,-,-,-,-,5843.6000,5843.2000,5842.8000,5842.2000,5841.8000,5846.4000,5846.6000,5847.0000,5849.0000,5849.2000,2,1,1,2,2,1,1,1,1,1
SF,IC2106,2020-10-30 09:31:04.500,5845.2000,12489,0,72565720.000,0,-,-,-,-,5841.8000,5840.0000,5825.0000,5823.8000,5823.2000,5846.2000,5846.4000,5847.0000,5849.0000,5849.2000,2,1,3,1,5,1,1,1,1,1
SF,IC2106,2020-10-30 09:31:05.000,5845.2000,12489,0,72565720.000,0,-,-,-,-,5843.6000,5843.2000,5842.8000,5842.2000,5841.8000,5846.0000,5846.2000,5847.0000,5849.0000,5849.2000,2,1,1,2,2,1,1,1,1,1
SF,IC2106,2020-10-30 09:31:05.500,5845.2000,12489,0,72565720.000,0,-,-,-,-,5843.8000,5843.6000,5843.2000,5842.8000,5842.2000,5845.2000,5846.2000,5847.0000,5849.0000,5849.2000,1,2,1,1,2,1,1,1,1,1
SF,IC2106,2020-10-30 09:31:06.000,5845.2000,12489,0,73734760.000,1,0,1,多换,S,5845.4000,5844.8000,5844.6000,5844.0000,5843.6000,5847.0000,5849.0000,5849.2000,5851.4000,5852.0000,1,1,1,1,2,1,1,1,1,1
SF,IC2106,2020-10-30 09:31:06.500,5847.0000,12489,0,74904160.000,1,0,1,多换,S,5845.4000,5844.8000,5844.6000,5844.0000,5843.6000,5849.0000,5851.4000,5852.0000,5852.8000,5860.0000,1,1,1,1,2,1,1,1,1,10
SF,IC2106,2020-10-30 09:31:07.000,5847.0000,12489,0,74904160.000,0,-,-,-,-,5845.6000,5845.4000,5844.8000,5844.6000,5844.0000,5848.8000,5849.0000,5851.4000,5852.0000,5852.8000,1,1,1,1,1,2,1,1,1,1
SF,IC2106,2020-10-30 09:31:07.500,5847.0000,12489,0,74904160.000,0,-,-,-,-,5845.6000,5845.4000,5844.8000,5844.6000,5843.6000,5848.8000,5849.0000,5851.4000,5852.0000,5852.8000,1,1,1,1,2,2,1,1,1,1
SF,IC2106,2020-10-30 09:31:08.000,5847.0000,12489,0,74904160.000,0,-,-,-,-,5845.6000,5845.4000,5843.6000,5842.2000,5840.0000,5848.8000,5849.0000,5851.4000,5852.0000,5852.8000,1,1,2,1,1,2,1,1,1,1
SF,IC2106,2020-10-30 09:31:08.500,5847.0000,12489,0,74904160.000,0,-,-,-,-,5845.6000,5845.4000,5843.6000,5842.2000,5840.0000,5848.8000,5849.0000,5851.4000,5852.0000,5852.8000,1,1,2,1,1,2,1,1,1,1
SF,IC2106,2020-10-30 09:31:10.000,5847.0000,12489,0,74904160.000,0,-,-,-,-,5845.6000,5845.4000,5843.6000,5842.2000,5840.0000,5848.8000,5849.0000,5851.4000,5852.8000,5860.0000,1,1,2,1,1,2,1,1,1,10
SF,IC2106,2020-10-30 09:31:11.000,5845.6000,12488,-1,76073280.000,1,0,1,双平,S,5843.6000,5842.2000,5840.0000,5825.0000,5823.8000,5848.6000,5848.8000,5849.0000,5851.4000,5852.8000,2,1,1,3,1,1,2,1,1,1
SF,IC2106,2020-10-30 09:31:11.500,5845.6000,12488,0,76073280.000,0,-,-,-,-,5842.2000,5840.0000,5825.0000,5823.8000,5823.2000,5848.4000,5848.6000,5848.8000,5849.0000,5851.4000,1,1,3,1,5,2,1,1,1,1
SF,IC2106,2020-10-30 09:31:12.000,5845.6000,12488,0,76073280.000,0,-,-,-,-,5842.4000,5840.0000,5825.0000,5823.8000,5823.2000,5848.2000,5848.4000,5848.8000,5849.0000,5851.4000,1,1,3,1,5,1,2,1,1,1
SF,IC2106,2020-10-30 09:31:12.500,5845.6000,12488,0,76073280.000,0,-,-,-,-,5840.0000,5825.0000,5823.8000,5823.2000,5820.0000,5846.4000,5848.0000,5848.2000,5848.4000,5848.8000,1,3,1,5,1,1,3,1,1,1
SF,IC2106,2020-10-30 09:31:13.000,5845.6000,12488,0,76073280.000,0,-,-,-,-,5840.8000,5840.2000,5840.0000,5825.0000,5823.8000,5846.2000,5846.4000,5848.0000,5848.4000,5848.8000,1,1,2,3,1,2,1,1,1,1
SF,IC2106,2020-10-30 09:31:13.500,5845.6000,12488,0,76073280.000,0,-,-,-,-,5841.0000,5840.8000,5840.0000,5825.0000,5823.8000,5846.2000,5846.4000,5848.0000,5848.4000,5849.0000,1,1,2,3,1,2,1,1,1,1
SF,IC2106,2020-10-30 09:31:14.000,5845.6000,12488,0,76073280.000,0,-,-,-,-,5841.0000,5840.8000,5840.0000,5825.0000,5823.8000,5846.2000,5846.4000,5848.0000,5849.0000,5852.2000,2,1,2,3,1,2,1,1,1,5
SF,IC2106,2020-10-30 09:31:14.500,5845.6000,12488,0,76073280.000,0,-,-,-,-,5841.2000,5841.0000,5840.8000,5840.0000,5825.0000,5846.2000,5846.4000,5849.0000,5852.2000,5852.8000,1,1,1,2,3,2,1,1,5,1
SF,IC2106,2020-10-30 09:31:15.000,5845.6000,12488,0,76073280.000,0,-,-,-,-,5841.4000,5841.2000,5840.8000,5840.0000,5825.0000,5846.2000,5846.4000,5849.0000,5852.2000,5852.8000,1,1,1,2,3,2,1,1,5,1
SF,IC2106,2020-10-30 09:31:16.000,5845.6000,12488,0,76073280.000,0,-,-,-,-,5841.6000,5841.4000,5841.2000,5840.8000,5840.0000,5846.2000,5846.4000,5849.0000,5852.2000,5852.8000,1,1,1,1,2,2,1,1,5,1
SF,IC2106,2020-10-30 09:31:16.500,5845.6000,12488,0,76073280.000,0,-,-,-,-,5841.8000,5841.6000,5841.2000,5840.8000,5840.0000,5846.2000,5846.4000,5849.0000,5852.2000,5852.8000,1,1,1,1,2,2,1,1,5,1
SF,IC2106,2020-10-30 09:31:17.000,5845.6000,12488,0,76073280.000,0,-,-,-,-,5841.8000,5841.6000,5841.2000,5840.8000,5840.0000,5846.2000,5849.0000,5852.2000,5852.8000,5860.0000,1,1,1,1,1,2,1,5,1,10
SF,IC2106,2020-10-30 09:31:17.500,5845.6000,12488,0,76073280.000,0,-,-,-,-,5843.2000,5842.8000,5842.2000,5841.8000,5841.6000,5846.2000,5849.0000,5852.2000,5852.8000,5860.0000,1,1,1,1,1,2,1,5,1,10
SF,IC2106,2020-10-30 09:31:18.000,5846.2000,12487,-1,77242520.000,1,0,1,双平,S,5843.4000,5841.6000,5841.2000,5840.8000,5840.0000,5846.2000,5849.0000,5852.2000,5852.8000,5860.0000,1,1,1,1,1,1,1,5,1,10
SF,IC2106,2020-10-30 09:31:18.500,5846.2000,12487,0,77242520.000,0,-,-,-,-,5843.4000,5841.6000,5841.2000,5840.8000,5840.0000,5846.0000,5846.2000,5849.0000,5852.2000,5852.8000,1,1,1,1,1,1,1,1,5,1
SF,IC2106,2020-10-30 09:31:19.000,5846.2000,12487,0,77242520.000,0,-,-,-,-,5843.4000,5841.6000,5840.8000,5840.0000,5825.0000,5846.0000,5846.2000,5849.0000,5852.2000,5852.8000,1,1,1,1,3,1,1,1,5,1
SF,IC2106,2020-10-30 09:31:19.500,5846.2000,12487,0,77242520.000,0,-,-,-,-,5843.4000,5840.8000,5840.0000,5825.0000,5823.8000,5846.0000,5846.2000,5849.0000,5852.2000,5852.8000,1,1,1,3,1,1,1,1,5,1
SF,IC2106,2020-10-30 09:31:20.000,5846.2000,12487,0,77242520.000,0,-,-,-,-,5843.6000,5840.0000,5825.0000,5823.8000,5820.0000,5846.0000,5846.2000,5849.0000,5852.2000,5852.8000,2,1,3,1,1,1,1,1,5,1
SF,IC2106,2020-10-30 09:31:20.500,5846.2000,12487,0,77242520.000,0,-,-,-,-,5840.0000,5825.0000,5823.8000,5820.0000,5817.4000,5846.0000,5846.2000,5849.0000,5852.2000,5852.8000,1,3,1,1,5,1,1,1,5,1
SF,IC2106,2020-10-30 09:31:21.000,5846.2000,12487,0,77242520.000,0,-,-,-,-,5843.6000,5843.2000,5842.8000,5842.2000,5840.8000,5845.8000,5846.0000,5849.0000,5852.2000,5852.8000,1,1,1,2,1,1,1,1,5,1
SF,IC2106,2020-10-30 09:31:21.500,5845.8000,12486,-1,78411680.000,1,0,1,双平,S,5843.8000,5843.6000,5843.2000,5842.8000,5842.2000,5846.0000,5849.0000,5852.2000,5852.8000,5860.0000,1,2,1,1,2,1,1,5,1,10
SF,IC2106,2020-10-30 09:31:22.000,5845.8000,12486,0,78411680.000,0,-,-,-,-,5843.8000,5843.6000,5843.2000,5842.8000,5842.2000,5849.0000,5852.2000,5852.8000,5860.0000,5860.8000,1,2,1,1,2,1,5,1,10,1
SF,IC2106,2020-10-30 09:31:22.500,5845.8000,12486,0,78411680.000,0,-,-,-,-,5844.0000,5843.8000,5843.6000,5843.2000,5842.8000,5848.8000,5849.0000,5852.2000,5852.8000,5860.0000,2,1,2,1,1,2,1,5,1,10
SF,IC2106,2020-10-30 09:31:23.000,5845.8000,12486,0,78411680.000,0,-,-,-,-,5844.2000,5844.0000,5843.6000,5843.2000,5842.8000,5848.8000,5849.0000,5852.2000,5852.8000,5860.0000,1,2,2,1,1,2,1,5,1,10
SF,IC2106,2020-10-30 09:31:23.500,5845.8000,12486,0,78411680.000,0,-,-,-,-,5844.4000,5844.2000,5843.6000,5843.2000,5842.8000,5848.8000,5849.0000,5858.0000,5860.0000,5860.8000,2,1,2,1,1,2,1,5,10,1
SF,IC2106,2020-10-30 09:31:24.000,5845.8000,12486,0,78411680.000,0,-,-,-,-,5844.8000,5844.6000,5844.4000,5843.6000,5842.8000,5848.8000,5849.0000,5858.0000,5860.0000,5860.8000,1,1,2,2,1,2,1,5,10,1
SF,IC2106,2020-10-30 09:31:24.500,5845.8000,12486,0,78411680.000,0,-,-,-,-,5845.0000,5844.4000,5843.6000,5842.8000,5842.2000,5848.8000,5849.0000,5858.0000,5860.0000,5860.8000,1,1,2,1,1,2,1,5,10,1
SF,IC2106,2020-10-30 09:31:25.000,5845.0000,12485,-1,79580680.000,1,0,1,双平,S,5843.6000,5842.8000,5842.2000,5840.0000,5825.0000,5848.6000,5848.8000,5849.0000,5858.0000,5860.0000,2,1,1,1,3,1,2,1,5,10
SF,IC2106,2020-10-30 09:31:25.500,5845.0000,12485,0,79580680.000,0,-,-,-,-,5843.8000,5843.6000,5842.8000,5842.2000,5840.0000,5848.4000,5848.6000,5848.8000,5849.0000,5858.0000,1,1,1,1,1,2,1,1,1,5
SF,IC2106,2020-10-30 09:31:26.000,5845.0000,12485,0,79580680.000,0,-,-,-,-,5842.8000,5842.2000,5840.0000,5825.0000,5823.8000,5848.2000,5848.4000,5848.8000,5849.0000,5858.0000,1,1,1,3,1,1,2,1,1,5
SF,IC2106,2020-10-30 09:31:26.500,5845.0000,12485,0,79580680.000,0,-,-,-,-,5843.0000,5840.0000,5825.0000,5823.8000,5820.0000,5846.4000,5848.0000,5848.2000,5848.4000,5848.8000,1,1,3,1,1,1,3,1,1,1
SF,IC2106,2020-10-30 09:31:27.000,5845.0000,12485,0,79580680.000,0,-,-,-,-,5843.0000,5840.0000,5825.0000,5823.8000,5820.0000,5846.2000,5848.0000,5848.4000,5848.8000,5849.0000,1,1,3,1,1,2,1,1,1,1
SF,IC2106,2020-10-30 09:31:27.500,5845.0000,12485,0,79580680.000,0,-,-,-,-,5843.0000,5840.0000,5825.0000,5823.8000,5820.0000,5846.0000,5846.2000,5848.0000,5848.4000,5849.0000,1,1,3,1,1,1,2,1,1,1
SF,IC2106,2020-10-30 09:31:28.000,5845.0000,12485,0,79580680.000,0,-,-,-,-,5843.2000,5843.0000,5841.4000,5840.0000,5825.0000,5845.8000,5846.0000,5848.0000,5848.4000,5849.0000,1,1,1,1,3,2,1,1,1,1
SF,IC2106,2020-10-30 09:31:28.500,5845.0000,12485,0,79580680.000,0,-,-,-,-,5843.6000,5843.4000,5843.2000,5841.4000,5840.0000,5845.8000,5846.0000,5848.0000,5848.4000,5849.0000,1,1,1,1,1,2,1,1,1,1
SF,IC2106,2020-10-30 09:31:29.000,5845.0000,12485,0,79580680.000,0,-,-,-,-,5843.8000,5841.4000,5840.0000,5825.0000,5823.8000,5845.8000,5846.0000,5848.0000,5848.4000,5849.0000,1,1,1,3,1,1,1,1,1,1
SF,IC2106,2020-10-30 09:31:29.500,5845.0000,12485,0,79580680.000,0,-,-,-,-,5841.4000,5840.0000,5825.0000,5823.8000,5820.0000,5845.6000,5845.8000,5846.0000,5848.0000,5848.4000,1,1,3,1,1,1,1,1,1,1
SF,IC2106,2020-10-30 09:31:30.000,5845.0000,12485,0,79580680.000,0,-,-,-,-,5843.2000,5842.8000,5842.2000,5841.6000,5841.4000,5845.4000,5845.6000,5846.0000,5848.0000,5848.4000,1,1,2,1,1,2,1,1,1,1
SF,IC2106,2020-10-30 09:31:30.500,5843.2000,12485,0,80749320.000,1,0,1,多换,S,5842.8000,5842.2000,5841.6000,5841.4000,5840.0000,5845.4000,5845.6000,5846.0000,5848.0000,5848.4000,1,1,1,1,1,1,1,1,1,1
SF,IC2106,2020-10-30 09:31:31.000,5842.8000,12484,-1,81917880.000,1,0,1,双平,S,5841.6000,5841.4000,5840.0000,5825.0000,5823.8000,5845.4000,5845.6000,5846.0000,5848.0000,5848.4000,1,1,1,3,1,1,1,1,1,1
SF,IC2106,2020-10-30 09:31:31.500,5842.8000,12484,0,81917880.000,0,-,-,-,-,5842.2000,5841.6000,5841.4000,5840.0000,5825.0000,5845.2000,5845.4000,5845.6000,5846.0000,5848.0000,1,1,1,1,3,1,1,1,1,1
SF,IC2106,2020-10-30 09:31:32.000,5841.6000,12483,-1,83086200.000,1,0,1,双平,S,5841.4000,5840.0000,5825.0000,5823.8000,5820.0000,5845.0000,5845.2000,5845.6000,5846.0000,5848.0000,1,1,3,1,1,1,1,1,1,1
SF,IC2106,2020-10-30 09:31:32.500,5841.6000,12483,0,83086200.000,0,-,-,-,-,5841.4000,5840.0000,5825.0000,5823.8000,5820.0000,5844.8000,5845.0000,5845.6000,5848.0000,5848.4000,1,1,3,1,1,1,1,1,1,1
SF,IC2106,2020-10-30 09:31:33.000,5841.6000,12483,0,83086200.000,0,-,-,-,-,5841.4000,5840.0000,5825.0000,5823.8000,5820.0000,5844.6000,5844.8000,5845.6000,5848.0000,5848.4000,1,1,3,1,1,1,1,1,1,1
SF,IC2106,2020-10-30 09:31:33.500,5841.4000,12482,-1,84254480.000,1,0,1,双平,S,5840.0000,5825.0000,5823.8000,5820.0000,5817.4000,5844.4000,5844.6000,5845.6000,5848.0000,5848.4000,1,3,1,1,5,1,2,1,1,1
SF,IC2106,2020-10-30 09:31:34.000,5841.4000,12482,0,84254480.000,0,-,-,-,-,5840.8000,5840.2000,5840.0000,5825.0000,5823.8000,5844.2000,5844.4000,5844.6000,5845.6000,5848.0000,3,1,1,3,1,1,1,1,1,1
SF,IC2106,2020-10-30 09:31:34.500,5841.4000,12482,0,84254480.000,0,-,-,-,-,5840.8000,5840.2000,5840.0000,5825.0000,5823.8000,5844.0000,5844.2000,5844.6000,5845.6000,5848.0000,3,1,1,3,1,1,1,1,1,1
SF,IC2106,2020-10-30 09:31:35.000,5841.4000,12482,0,84254480.000,0,-,-,-,-,5840.8000,5840.0000,5825.0000,5823.8000,5820.0000,5843.8000,5844.0000,5844.6000,5845.6000,5848.0000,2,1,3,1,1,1,1,1,1,1
SF,IC2106,2020-10-30 09:31:35.500,5841.4000,12482,0,84254480.000,0,-,-,-,-,5840.8000,5840.0000,5825.0000,5823.8000,5820.0000,5843.6000,5843.8000,5844.6000,5845.6000,5848.0000,3,1,3,1,1,1,1,1,1,1
SF,IC2106,2020-10-30 09:31:36.000,5841.4000,12482,0,84254480.000,0,-,-,-,-,5840.8000,5840.0000,5825.0000,5823.8000,5820.0000,5843.4000,5843.6000,5844.6000,5845.6000,5848.0000,2,1,3,1,1,1,1,1,1,1
SF,IC2106,2020-10-30 09:31:37.500,5841.4000,12482,0,84254480.000,0,-,-,-,-,5840.8000,5840.0000,5825.0000,5823.8000,5820.0000,5843.4000,5843.6000,5844.6000,5845.6000,5848.0000,1,1,3,1,1,1,1,1,1,1
SF,IC2106,2020-10-30 09:31:38.000,5840.8000,12481,-1,85422640.000,1,0,1,双平,S,5840.0000,5825.0000,5823.8000,5820.0000,5817.4000,5843.4000,5843.6000,5844.6000,5845.6000,5848.0000,1,3,1,1,5,1,1,1,1,1
SF,IC2106,2020-10-30 09:31:38.500,5840.8000,12481,0,85422640.000,0,-,-,-,-,5840.0000,5825.0000,5823.8000,5820.0000,5817.4000,5843.2000,5843.4000,5844.6000,5845.6000,5848.0000,1,3,1,1,5,1,1,1,1,1
SF,IC2106,2020-10-30 09:31:39.000,5840.8000,12481,0,85422640.000,0,-,-,-,-,5840.6000,5840.0000,5825.0000,5823.8000,5820.0000,5843.0000,5843.2000,5845.6000,5848.0000,5848.4000,1,1,3,1,1,1,1,1,1,1
SF,IC2106,2020-10-30 09:31:39.500,5840.8000,12481,0,85422640.000,0,-,-,-,-,5840.8000,5840.6000,5840.0000,5825.0000,5823.8000,5841.6000,5843.0000,5843.2000,5848.0000,5848.4000,1,1,1,3,1,1,1,1,1,1
SF,IC2106,2020-10-30 09:31:40.000,5841.6000,12481,0,86590960.000,1,0,1,多换,S,5840.8000,5840.6000,5840.0000,5825.0000,5823.8000,5843.0000,5843.2000,5848.0000,5849.0000,5858.0000,1,1,1,3,1,1,1,1,1,5
SF,IC2106,2020-10-30 09:31:40.500,5843.2000,12479,-2,88928200.000,2,0,2,双平,S,5843.0000,5841.0000,5840.8000,5840.6000,5840.0000,5849.0000,5858.0000,5860.0000,5865.8000,5868.6000,1,1,2,1,1,1,5,10,1,1
SF,IC2106,2020-10-30 09:31:41.000,5843.2000,12479,0,88928200.000,0,-,-,-,-,5843.2000,5843.0000,5840.8000,5840.6000,5840.0000,5848.0000,5848.2000,5848.8000,5849.0000,5858.0000,2,1,2,1,1,1,1,2,1,5
SF,IC2106,2020-10-30 09:31:41.500,5843.2000,12479,0,88928200.000,0,-,-,-,-,5843.2000,5843.0000,5840.8000,5840.6000,5840.0000,5847.8000,5848.0000,5848.2000,5848.8000,5849.0000,2,1,2,1,1,1,1,1,1,1
SF,IC2106,2020-10-30 09:31:42.000,5847.6000,12478,-1,90097720.000,1,0,1,双平,S,5843.2000,5843.0000,5840.8000,5840.6000,5840.0000,5847.8000,5848.0000,5848.2000,5848.8000,5849.0000,1,1,2,1,1,1,1,1,1,1
SF,IC2106,2020-10-30 09:31:42.500,5847.6000,12478,0,90097720.000,0,-,-,-,-,5843.2000,5843.0000,5840.8000,5840.6000,5840.0000,5846.4000,5847.8000,5848.8000,5849.0000,5858.0000,1,1,1,1,1,4,1,1,1,5
SF,IC2106,2020-10-30 09:31:43.000,5847.6000,12478,0,90097720.000,0,-,-,-,-,5843.0000,5840.8000,5840.6000,5840.0000,5825.0000,5846.2000,5846.4000,5847.4000,5849.0000,5858.0000,1,1,1,1,3,2,4,1,1,5
SF,IC2106,2020-10-30 09:31:43.500,5847.6000,12478,0,90097720.000,0,-,-,-,-,5843.0000,5840.8000,5840.6000,5840.0000,5825.0000,5846.0000,5846.2000,5846.4000,5847.4000,5849.0000,1,1,1,1,3,1,2,4,1,1
SF,IC2106,2020-10-30 09:31:44.000,5847.6000,12478,0,90097720.000,0,-,-,-,-,5840.8000,5840.6000,5840.0000,5825.0000,5823.8000,5845.8000,5846.0000,5846.4000,5847.4000,5849.0000,1,1,1,3,1,2,1,4,1,1
SF,IC2106,2020-10-30 09:31:44.500,5847.6000,12478,0,90097720.000,0,-,-,-,-,5841.0000,5840.6000,5840.0000,5825.0000,5823.8000,5845.6000,5845.8000,5846.0000,5846.4000,5849.0000,1,1,1,3,1,1,2,1,4,1
SF,IC2106,2020-10-30 09:31:45.000,5847.6000,12478,0,90097720.000,0,-,-,-,-,5841.0000,5840.6000,5840.0000,5825.0000,5823.8000,5845.4000,5845.6000,5846.0000,5846.4000,5849.0000,1,1,1,3,1,3,1,1,4,1
SF,IC2106,2020-10-30 09:31:45.500,5847.6000,12478,0,90097720.000,0,-,-,-,-,5841.0000,5840.6000,5840.0000,5825.0000,5823.8000,5845.4000,5845.6000,5846.4000,5849.0000,5858.0000,1,1,1,3,1,3,1,4,1,5
SF,IC2106,2020-10-30 09:31:46.000,5841.2000,12477,-1,91265960.000,1,0,1,双平,S,5841.0000,5840.6000,5840.0000,5825.0000,5823.8000,5845.2000,5845.4000,5846.4000,5849.0000,5858.0000,1,1,1,3,1,1,1,4,1,5
SF,IC2106,2020-10-30 09:31:46.500,5841.2000,12477,0,91265960.000,0,-,-,-,-,5841.0000,5840.6000,5840.0000,5825.0000,5823.8000,5845.0000,5845.2000,5846.4000,5849.0000,5858.0000,1,1,1,3,1,1,1,4,1,5
SF,IC2106,2020-10-30 09:31:47.000,5841.2000,12477,0,91265960.000,0,-,-,-,-,5841.0000,5840.6000,5840.0000,5825.0000,5823.8000,5844.8000,5845.0000,5846.0000,5846.4000,5849.0000,1,1,1,3,1,1,1,1,4,1
SF,IC2106,2020-10-30 09:31:47.500,5841.0000,12476,-1,92434160.000,1,0,1,双平,S,5840.6000,5840.0000,5825.0000,5823.8000,5820.0000,5844.6000,5844.8000,5846.0000,5846.4000,5849.0000,1,1,3,1,1,1,1,1,4,1
SF,IC2106,2020-10-30 09:31:48.000,5841.0000,12476,0,92434160.000,0,-,-,-,-,5840.8000,5840.6000,5840.0000,5825.0000,5823.8000,5844.4000,5844.6000,5846.0000,5846.4000,5849.0000,2,1,1,3,1,1,1,1,4,1
SF,IC2106,2020-10-30 09:31:48.500,5841.0000,12476,0,92434160.000,0,-,-,-,-,5841.0000,5840.8000,5840.6000,5840.0000,5825.0000,5844.2000,5844.4000,5846.0000,5846.4000,5849.0000,1,2,1,1,3,1,1,1,4,1
SF,IC2106,2020-10-30 09:31:49.000,5841.0000,12476,0,92434160.000,0,-,-,-,-,5841.0000,5840.8000,5840.6000,5840.0000,5825.0000,5844.0000,5844.2000,5846.0000,5846.4000,5849.0000,1,2,1,1,3,1,1,1,4,1
SF,IC2106,2020-10-30 09:31:49.500,5841.0000,12476,0,92434160.000,0,-,-,-,-,5841.0000,5840.8000,5840.6000,5840.0000,5825.0000,5843.8000,5844.0000,5846.0000,5846.4000,5849.0000,1,2,1,1,3,1,1,1,4,1
SF,IC2106,2020-10-30 09:31:50.000,5841.0000,12476,0,92434160.000,0,-,-,-,-,5841.2000,5840.8000,5840.6000,5840.0000,5825.0000,5843.6000,5843.8000,5846.0000,5846.4000,5849.0000,1,2,1,1,3,1,1,1,4,1
SF,IC2106,2020-10-30 09:31:50.500,5841.0000,12476,0,92434160.000,0,-,-,-,-,5841.2000,5840.8000,5840.6000,5840.0000,5825.0000,5843.4000,5843.6000,5846.0000,5846.4000,5849.0000,1,2,1,1,3,1,1,1,4,1
SF,IC2106,2020-10-30 09:31:51.000,5843.6000,12474,-2,94771560.000,2,0,2,双平,S,5841.2000,5840.8000,5840.6000,5840.0000,5825.0000,5846.0000,5846.4000,5849.0000,5858.0000,5860.0000,1,2,1,1,3,1,4,1,5,10
SF,IC2106,2020-10-30 09:31:51.500,5843.6000,12474,0,94771560.000,0,-,-,-,-,5841.4000,5841.2000,5840.8000,5840.6000,5840.0000,5845.8000,5846.0000,5849.0000,5858.0000,5860.0000,2,1,2,1,1,1,1,1,5,10
SF,IC2106,2020-10-30 09:31:52.500,5843.6000,12474,0,94771560.000,0,-,-,-,-,5841.6000,5841.4000,5840.8000,5840.6000,5840.0000,5845.8000,5846.0000,5849.0000,5858.0000,5860.0000,1,2,2,1,2,1,1,1,5,10
SF,IC2106,2020-10-30 09:31:53.000,5841.6000,12471,-3,98276600.000,3,0,3,双平,S,5840.8000,5840.6000,5840.0000,5825.0000,5823.8000,5841.0000,5845.6000,5845.8000,5846.0000,5849.0000,2,1,2,3,1,2,1,1,1,1
SF,IC2106,2020-10-30 09:31:53.500,5841.0000,12469,-2,100613000.000,2,0,2,双平,S,5840.8000,5840.6000,5840.0000,5825.0000,5823.8000,5845.6000,5845.8000,5846.0000,5849.0000,5858.0000,2,1,2,3,1,1,1,1,1,5
SF,IC2106,2020-10-30 09:31:54.000,5841.0000,12469,0,100613000.000,0,-,-,-,-,5841.0000,5840.8000,5840.6000,5840.0000,5825.0000,5845.4000,5845.6000,5846.0000,5849.0000,5858.0000,1,2,1,2,3,1,1,1,1,5
SF,IC2106,2020-10-30 09:31:54.500,5841.0000,12468,-1,101781200.000,1,0,1,双平,S,5840.8000,5840.6000,5840.0000,5825.0000,5823.8000,5841.0000,5845.2000,5845.4000,5846.0000,5849.0000,2,1,2,3,1,4,2,1,1,1
SF,IC2106,2020-10-30 09:31:55.000,5841.0000,12464,-4,106454000.000,4,0,4,双平,S,5840.8000,5840.6000,5840.0000,5825.0000,5823.8000,5842.6000,5845.2000,5845.4000,5846.0000,5849.0000,2,1,2,3,1,1,2,1,1,1
SF,IC2106,2020-10-30 09:31:55.500,5842.6000,12464,0,107622520.000,1,0,1,多换,S,5840.8000,5840.6000,5840.0000,5825.0000,5823.8000,5841.8000,5842.4000,5845.2000,5846.0000,5849.0000,2,1,2,3,1,1,1,2,1,1
SF,IC2106,2020-10-30 09:31:56.000,5842.0000,12464,0,108790920.000,1,0,1,多换,S,5841.0000,5840.8000,5840.6000,5840.0000,5825.0000,5842.4000,5845.2000,5846.0000,5849.0000,5858.0000,1,2,1,2,3,1,1,1,1,5
SF,IC2106,2020-10-30 09:31:56.500,5842.4000,12463,-1,109959400.000,1,0,1,双平,S,5841.0000,5840.8000,5840.6000,5840.0000,5825.0000,5845.2000,5846.0000,5849.0000,5858.0000,5860.0000,1,2,1,2,3,1,1,1,5,10
SF,IC2106,2020-10-30 09:31:57.000,5842.4000,12463,0,109959400.000,0,-,-,-,-,5842.6000,5841.0000,5840.8000,5840.6000,5840.0000,5845.0000,5845.2000,5846.0000,5849.0000,5858.0000,2,1,2,1,2,1,1,1,1,5
SF,IC2106,2020-10-30 09:31:57.500,5842.4000,12463,0,109959400.000,0,-,-,-,-,5842.6000,5840.8000,5840.6000,5840.0000,5825.0000,5845.0000,5845.2000,5846.0000,5849.0000,5858.0000,2,2,1,2,3,1,1,1,1,5
SF,IC2106,2020-10-30 09:31:58.000,5842.4000,12463,0,109959400.000,0,-,-,-,-,5842.6000,5840.8000,5840.6000,5840.0000,5825.0000,5844.6000,5845.0000,5845.2000,5846.0000,5849.0000,2,2,1,2,3,1,1,1,1,1
SF,IC2106,2020-10-30 09:31:58.500,5842.4000,12463,0,109959400.000,0,-,-,-,-,5842.6000,5840.8000,5840.6000,5840.0000,5825.0000,5844.2000,5844.4000,5844.6000,5845.2000,5846.0000,2,2,1,2,3,1,1,1,1,1
SF,IC2106,2020-10-30 09:31:59.000,5842.4000,12463,0,109959400.000,0,-,-,-,-,5842.8000,5842.6000,5840.8000,5840.6000,5840.0000,5844.0000,5844.2000,5844.6000,5845.2000,5846.0000,6,2,3,1,2,1,1,1,1,1
SF,IC2106,2020-10-30 09:31:59.500,5844.0000,12462,-1,111128200.000,1,0,1,双平,S,5843.0000,5842.8000,5842.6000,5840.8000,5840.6000,5844.2000,5844.6000,5845.2000,5846.0000,5849.0000,1,6,2,3,1,1,1,1,1,1
SF,IC2106,2020-10-30 09:32:00.000,5844.0000,12462,0,111128200.000,0,-,-,-,-,5843.0000,5842.8000,5842.6000,5840.8000,5840.6000,5844.2000,5846.0000,5849.0000,5858.0000,5860.0000,1,6,2,3,1,1,1,1,5,10
SF,IC2106,2020-10-30 09:32:00.500,5844.0000,12462,0,111128200.000,0,-,-,-,-,5843.0000,5842.8000,5842.6000,5840.8000,5840.6000,5844.2000,5846.0000,5849.0000,5858.0000,5860.0000,1,6,2,3,1,2,1,1,5,10
SF,IC2106,2020-10-30 09:32:01.000,5842.8000,12460,-2,113465360.000,2,0,2,双平,S,5842.8000,5842.6000,5840.8000,5840.6000,5840.0000,5844.0000,5844.2000,5846.0000,5849.0000,5858.0000,5,2,3,1,2,2,2,1,1,5
SF,IC2106,2020-10-30 09:32:01.500,5842.8000,12455,-5,119308160.000,5,0,5,双平,S,5842.6000,5840.8000,5840.6000,5840.0000,5825.0000,5844.0000,5844.2000,5846.0000,5849.0000,5858.0000,2,2,1,2,3,2,2,1,1,5
SF,IC2106,2020-10-30 09:32:02.000,5842.6000,12453,-2,121645200.000,2,0,2,双平,S,5840.8000,5840.6000,5840.0000,5825.0000,5823.8000,5842.2000,5842.4000,5844.0000,5844.2000,5846.0000,2,1,2,3,1,2,2,2,2,1
SF,IC2106,2020-10-30 09:32:02.500,5840.8000,12452,-1,123981520.000,2,0,2,多平,S,5840.6000,5840.0000,5825.0000,5823.8000,5820.0000,5840.8000,5842.0000,5842.2000,5842.4000,5843.6000,1,2,3,1,1,1,1,2,2,1
SF,IC2106,2020-10-30 09:32:03.000,5840.0000,12452,0,127485640.000,3,1,2,多换,S,5825.0000,5823.8000,5820.0000,5817.4000,5815.0000,5840.8000,5842.2000,5842.4000,5842.8000,5844.2000,3,1,1,5,3,1,2,2,5,2
SF,IC2106,2020-10-30 09:32:03.500,5840.0000,12452,0,127485640.000,0,-,-,-,-,5835.2000,5834.4000,5830.4000,5830.2000,5830.0000,5840.6000,5840.8000,5842.0000,5842.2000,5842.4000,1,1,2,2,1,2,1,1,2,2
SF,IC2106,2020-10-30 09:32:04.000,5840.0000,12452,0,127485640.000,0,-,-,-,-,5835.4000,5835.2000,5834.4000,5830.4000,5830.2000,5840.4000,5840.6000,5840.8000,5842.2000,5842.4000,1,1,1,2,2,1,2,1,2,2
SF,IC2106,2020-10-30 09:32:04.500,5835.4000,12451,-1,128652720.000,1,0,1,双平,S,5825.0000,5823.8000,5820.0000,5817.4000,5815.0000,5839.8000,5840.2000,5840.4000,5840.8000,5842.2000,3,1,1,5,3,1,3,1,1,2
SF,IC2106,2020-10-30 09:32:05.000,5835.4000,12451,0,128652720.000,0,-,-,-,-,5834.4000,5833.8000,5829.6000,5828.8000,5828.4000,5839.6000,5840.2000,5840.4000,5840.8000,5842.8000,1,1,3,2,2,2,1,1,1,5
SF,IC2106,2020-10-30 09:32:05.500,5835.4000,12451,0,128652720.000,0,-,-,-,-,5829.6000,5828.8000,5828.4000,5827.8000,5825.2000,5839.0000,5839.2000,5839.4000,5839.6000,5840.8000,1,2,2,1,3,1,1,1,3,1
SF,IC2106,2020-10-30 09:32:06.000,5838.8000,12450,-1,129820480.000,1,0,1,双平,S,5838.0000,5835.2000,5834.4000,5830.4000,5830.2000,5838.8000,5839.4000,5839.6000,5840.8000,5842.8000,2,1,1,2,2,1,1,1,1,5
SF,IC2106,2020-10-30 09:32:06.500,5838.0000,12449,-1,133323280.000,3,1,2,多平,S,5829.8000,5826.0000,5825.0000,5823.8000,5820.0000,5839.6000,5840.8000,5842.8000,5844.2000,5845.0000,1,1,3,1,1,1,1,5,2,1
SF,IC2106,2020-10-30 09:32:07.000,5831.8000,12449,0,134489640.000,1,0,1,多换,S,5831.0000,5829.8000,5826.0000,5825.0000,5823.8000,5837.0000,5837.4000,5838.0000,5838.4000,5838.6000,1,1,1,3,1,1,1,3,1,1
SF,IC2106,2020-10-30 09:32:07.500,5831.2000,12448,-1,135655880.000,1,0,1,双平,S,5831.0000,5826.0000,5825.0000,5823.8000,5820.0000,5836.8000,5837.0000,5837.4000,5838.0000,5838.6000,1,1,3,1,1,3,1,1,3,1
SF,IC2106,2020-10-30 09:32:08.000,5831.0000,12448,0,136822080.000,1,0,1,多换,S,5826.0000,5825.0000,5823.8000,5820.0000,5815.0000,5836.6000,5836.8000,5837.0000,5837.4000,5838.0000,1,3,1,1,3,3,3,1,1,2
SF,IC2106,2020-10-30 09:32:08.500,5831.0000,12448,0,136822080.000,0,-,-,-,-,5831.4000,5826.2000,5826.0000,5825.0000,5823.8000,5835.2000,5836.4000,5836.6000,5836.8000,5837.0000,1,1,1,3,1,1,2,3,1,1
SF,IC2106,2020-10-30 09:32:09.000,5831.0000,12447,-1,137988280.000,1,0,1,双平,S,5826.2000,5826.0000,5825.0000,5823.8000,5820.0000,5835.0000,5836.6000,5837.0000,5837.4000,5838.0000,1,1,3,1,1,2,3,1,1,1
SF,IC2106,2020-10-30 09:32:09.500,5831.0000,12447,0,137988280.000,0,-,-,-,-,5827.2000,5826.8000,5826.6000,5826.2000,5826.0000,5835.0000,5837.0000,5837.4000,5838.0000,5842.8000,2,4,3,1,1,2,1,1,1,5
SF,IC2106,2020-10-30 09:32:10.000,5831.0000,12447,0,137988280.000,0,-,-,-,-,5827.4000,5826.8000,5826.0000,5825.0000,5823.8000,5835.0000,5837.0000,5838.0000,5842.8000,5844.2000,1,1,1,3,1,2,1,1,5,2
SF,IC2106,2020-10-30 09:32:10.500,5835.0000,12446,-1,139155280.000,1,0,1,双平,S,5827.6000,5827.4000,5826.8000,5826.0000,5825.0000,5835.0000,5842.8000,5844.2000,5845.0000,5846.0000,1,1,1,1,3,1,5,2,1,1
SF,IC2106,2020-10-30 09:32:11.000,5835.0000,12446,0,139155280.000,0,-,-,-,-,5828.0000,5827.8000,5827.6000,5826.8000,5826.0000,5835.0000,5842.8000,5844.2000,5845.0000,5846.0000,1,2,1,1,1,1,5,2,1,1
SF,IC2106,2020-10-30 09:32:11.500,5835.0000,12445,-1,140322280.000,1,0,1,双平,S,5829.6000,5828.8000,5828.4000,5828.2000,5828.0000,5842.8000,5844.2000,5845.0000,5846.0000,5846.4000,1,2,2,3,1,5,2,1,1,5
SF,IC2106,2020-10-30 09:32:12.000,5835.0000,12445,0,140322280.000,0,-,-,-,-,5829.8000,5829.6000,5828.8000,5828.6000,5828.4000,5840.8000,5841.0000,5841.6000,5842.2000,5842.6000,2,2,3,1,2,1,1,1,1,1
SF,IC2106,2020-10-30 09:32:12.500,5835.0000,12445,0,140322280.000,0,-,-,-,-,5831.4000,5829.8000,5829.6000,5828.8000,5828.6000,5839.2000,5839.6000,5840.0000,5840.6000,5840.8000,1,2,2,3,1,1,1,1,1,1
SF,IC2106,2020-10-30 09:32:13.000,5835.0000,12445,0,140322280.000,0,-,-,-,-,5831.6000,5829.6000,5828.8000,5828.6000,5828.4000,5839.0000,5839.6000,5840.0000,5840.8000,5842.8000,2,2,2,1,2,1,1,1,1,5
SF,IC2106,2020-10-30 09:32:13.500,5835.0000,12445,0,140322280.000,0,-,-,-,-,5831.6000,5828.8000,5828.6000,5828.4000,5828.2000,5839.0000,5839.6000,5840.0000,5840.8000,5842.8000,2,1,1,2,1,2,1,1,1,5
SF,IC2106,2020-10-30 09:32:15.000,5835.0000,12445,0,140322280.000,0,-,-,-,-,5831.8000,5831.6000,5828.8000,5828.6000,5828.4000,5839.0000,5842.8000,5844.2000,5845.0000,5846.0000,1,2,1,1,2,2,5,1,1,1
SF,IC2106,2020-10-30 09:32:15.500,5835.0000,12445,0,140322280.000,0,-,-,-,-,5832.0000,5831.8000,5828.8000,5828.6000,5828.4000,5839.0000,5842.8000,5844.2000,5845.0000,5846.0000,2,1,1,1,2,2,5,1,1,1
SF,IC2106,2020-10-30 09:32:16.000,5835.0000,12445,0,140322280.000,0,-,-,-,-,5832.0000,5831.8000,5828.8000,5828.4000,5828.2000,5839.0000,5842.8000,5844.2000,5845.0000,5846.0000,3,1,1,2,1,2,5,1,1,1
SF,IC2106,2020-10-30 09:32:16.500,5835.0000,12445,0,140322280.000,0,-,-,-,-,5832.0000,5831.8000,5828.8000,5828.4000,5828.2000,5838.6000,5839.0000,5842.8000,5844.2000,5845.0000,3,1,1,2,1,1,2,5,1,1
SF,IC2106,2020-10-30 09:32:17.000,5835.0000,12445,0,140322280.000,0,-,-,-,-,5832.0000,5831.8000,5828.8000,5828.4000,5828.2000,5838.4000,5838.6000,5839.0000,5842.8000,5844.2000,3,1,1,2,1,1,1,1,5,1
SF,IC2106,2020-10-30 09:32:17.500,5835.0000,12445,0,140322280.000,0,-,-,-,-,5832.0000,5831.8000,5828.0000,5827.8000,5825.0000,5837.4000,5837.8000,5838.0000,5838.2000,5838.4000,3,1,1,1,3,1,1,1,2,2
SF,IC2106,2020-10-30 09:32:18.000,5835.0000,12445,0,140322280.000,0,-,-,-,-,5832.0000,5831.8000,5825.0000,5823.8000,5820.0000,5837.0000,5837.2000,5837.4000,5837.6000,5837.8000,1,1,3,1,1,1,1,1,1,1
SF,IC2106,2020-10-30 09:32:18.500,5835.0000,12445,0,140322280.000,0,-,-,-,-,5832.0000,5831.8000,5825.0000,5823.8000,5820.0000,5836.6000,5836.8000,5837.0000,5837.4000,5838.0000,1,1,3,1,1,1,3,1,1,1
SF,IC2106,2020-10-30 09:32:19.000,5835.0000,12445,0,140322280.000,0,-,-,-,-,5832.0000,5831.8000,5825.0000,5823.8000,5820.0000,5836.0000,5836.4000,5836.8000,5837.0000,5837.4000,1,1,3,1,1,1,1,2,1,1
SF,IC2106,2020-10-30 09:32:19.500,5835.0000,12445,0,140322280.000,0,-,-,-,-,5832.0000,5831.8000,5825.0000,5823.8000,5820.0000,5835.8000,5836.0000,5836.8000,5837.0000,5837.4000,1,1,3,1,1,1,1,1,1,1
SF,IC2106,2020-10-30 09:32:20.000,5835.0000,12445,0,140322280.000,0,-,-,-,-,5832.0000,5831.8000,5825.0000,5823.8000,5820.0000,5835.8000,5836.8000,5837.0000,5837.4000,5838.0000,1,1,3,1,1,1,1,1,1,1
SF,IC2106,2020-10-30 09:32:20.500,5835.0000,12445,0,140322280.000,0,-,-,-,-,5832.0000,5831.8000,5825.0000,5823.8000,5820.0000,5835.2000,5835.8000,5836.8000,5837.0000,5837.4000,1,1,3,1,1,1,1,1,1,1
SF,IC2106,2020-10-30 09:32:21.000,5832.0000,12445,0,141488680.000,1,0,1,多换,S,5831.8000,5825.0000,5823.8000,5820.0000,5815.0000,5835.0000,5835.2000,5836.8000,5837.0000,5837.4000,1,3,1,1,3,2,1,1,1,1
SF,IC2106,2020-10-30 09:32:21.500,5831.8000,12444,-1,142655040.000,1,0,1,双平,S,5825.0000,5823.8000,5820.0000,5815.0000,5811.6000,5834.8000,5835.0000,5836.8000,5837.0000,5837.4000,3,1,1,3,5,1,2,1,1,1
SF,IC2106,2020-10-30 09:32:22.000,5831.8000,12444,0,142655040.000,0,-,-,-,-,5830.2000,5825.2000,5825.0000,5823.8000,5820.0000,5833.6000,5834.4000,5834.6000,5834.8000,5839.0000,1,1,3,1,1,1,1,3,1,1
SF,IC2106,2020-10-30 09:32:22.500,5830.2000,12443,-1,143821080.000,1,0,1,双平,S,5825.2000,5825.0000,5823.8000,5820.0000,5815.0000,5833.4000,5833.6000,5833.8000,5834.4000,5834.8000,1,3,1,1,3,1,1,1,1,1
SF,IC2106,2020-10-30 09:32:23.000,5830.2000,12443,0,143821080.000,0,-,-,-,-,5825.2000,5825.0000,5823.8000,5820.0000,5815.0000,5833.0000,5833.2000,5833.4000,5833.6000,5839.0000,1,3,1,1,3,1,1,1,1,1
SF,IC2106,2020-10-30 09:32:23.500,5830.2000,12443,0,143821080.000,0,-,-,-,-,5825.2000,5825.0000,5823.8000,5820.0000,5815.0000,5832.8000,5833.0000,5833.6000,5839.0000,5842.8000,1,3,1,1,3,2,1,1,1,6
SF,IC2106,2020-10-30 09:32:24.000,5830.2000,12443,0,143821080.000,0,-,-,-,-,5825.6000,5825.2000,5825.0000,5823.8000,5820.0000,5832.8000,5833.6000,5839.0000,5842.8000,5846.0000,1,1,3,1,1,2,1,1,6,1
SF,IC2106,2020-10-30 09:32:24.500,5832.8000,12441,-2,146154200.000,2,0,2,双平,S,5833.0000,5827.0000,5826.0000,5825.8000,5825.6000,5833.6000,5839.0000,5842.8000,5846.0000,5846.4000,1,1,1,2,4,1,1,6,1,5
SF,IC2106,2020-10-30 09:32:25.000,5833.6000,12441,0,147320920.000,1,0,1,多换,S,5833.0000,5827.0000,5826.8000,5826.0000,5825.8000,5839.0000,5842.8000,5846.0000,5846.4000,5860.0000,1,1,1,1,2,1,6,1,5,10
SF,IC2106,2020-10-30 09:32:25.500,5833.6000,12441,0,147320920.000,0,-,-,-,-,5833.2000,5833.0000,5827.0000,5826.8000,5826.0000,5838.4000,5838.8000,5839.0000,5842.8000,5846.0000,2,1,1,1,1,1,1,1,6,1
SF,IC2106,2020-10-30 09:32:26.000,5833.6000,12441,0,147320920.000,0,-,-,-,-,5833.2000,5833.0000,5827.0000,5826.8000,5826.0000,5838.2000,5838.4000,5839.0000,5842.8000,5846.0000,2,1,1,1,1,1,1,1,6,1
SF,IC2106,2020-10-30 09:32:26.500,5833.6000,12441,0,147320920.000,0,-,-,-,-,5833.2000,5833.0000,5827.0000,5826.8000,5826.0000,5838.2000,5842.8000,5846.0000,5852.2000,5860.0000,2,1,1,1,1,2,6,1,5,10
SF,IC2106,2020-10-30 09:32:28.500,5833.6000,12441,0,147320920.000,0,-,-,-,-,5833.2000,5833.0000,5827.0000,5826.8000,5826.0000,5837.8000,5838.2000,5842.8000,5846.0000,5852.2000,2,1,1,1,1,1,2,6,1,5
SF,IC2106,2020-10-30 09:32:29.000,5833.6000,12441,0,147320920.000,0,-,-,-,-,5833.2000,5833.0000,5827.0000,5826.8000,5826.0000,5837.6000,5837.8000,5838.2000,5842.8000,5846.0000,2,1,1,1,1,1,1,1,6,1
SF,IC2106,2020-10-30 09:32:29.500,5833.6000,12441,0,147320920.000,0,-,-,-,-,5833.6000,5833.2000,5833.0000,5827.0000,5826.0000,5837.6000,5838.2000,5842.8000,5846.0000,5852.2000,1,2,1,1,1,1,1,6,1,5
SF,IC2106,2020-10-30 09:32:30.000,5837.6000,12440,-1,148488440.000,1,0,1,双平,S,5833.8000,5833.0000,5827.0000,5826.0000,5825.6000,5838.2000,5842.8000,5846.0000,5852.2000,5860.0000,2,1,1,1,1,1,6,1,5,10
SF,IC2106,2020-10-30 09:32:30.500,5837.6000,12440,0,148488440.000,0,-,-,-,-,5833.8000,5833.0000,5827.0000,5826.0000,5825.6000,5837.2000,5837.8000,5838.0000,5838.2000,5842.8000,2,1,1,1,1,1,1,1,1,6
SF,IC2106,2020-10-30 09:32:31.000,5837.6000,12440,0,148488440.000,0,-,-,-,-,5833.8000,5833.0000,5827.0000,5826.0000,5825.6000,5838.2000,5842.8000,5846.0000,5852.2000,5860.0000,2,1,1,1,1,1,6,1,5,10
SF,IC2106,2020-10-30 09:32:31.500,5837.6000,12440,0,148488440.000,0,-,-,-,-,5833.8000,5833.0000,5827.0000,5826.0000,5825.6000,5838.0000,5838.2000,5842.8000,5846.0000,5852.2000,2,1,1,1,1,1,1,6,1,5
SF,IC2106,2020-10-30 09:32:32.000,5837.6000,12440,0,148488440.000,0,-,-,-,-,5833.8000,5833.0000,5827.0000,5826.0000,5825.6000,5837.8000,5838.0000,5838.2000,5842.8000,5846.0000,2,1,1,1,1,1,1,1,6,1
SF,IC2106,2020-10-30 09:32:32.500,5837.6000,12440,0,148488440.000,0,-,-,-,-,5833.8000,5833.0000,5827.0000,5826.0000,5825.6000,5837.6000,5837.8000,5838.2000,5842.8000,5846.0000,2,1,1,1,1,1,1,1,6,1
SF,IC2106,2020-10-30 09:32:33.000,5837.6000,12440,0,148488440.000,0,-,-,-,-,5833.8000,5833.0000,5827.0000,5826.0000,5825.6000,5837.6000,5837.8000,5838.2000,5842.8000,5846.0000,1,1,1,1,1,1,1,1,6,1
SF,IC2106,2020-10-30 09:32:33.500,5837.6000,12440,0,148488440.000,0,-,-,-,-,5834.0000,5833.8000,5833.0000,5827.0000,5825.6000,5837.2000,5837.4000,5837.6000,5838.2000,5842.8000,1,1,1,1,1,1,2,1,1,6
SF,IC2106,2020-10-30 09:32:34.000,5837.6000,12440,0,148488440.000,0,-,-,-,-,5834.2000,5834.0000,5833.0000,5827.0000,5825.6000,5835.6000,5837.0000,5837.4000,5838.2000,5842.8000,2,1,1,1,1,1,1,1,1,6
SF,IC2106,2020-10-30 09:32:34.500,5837.6000,12440,0,148488440.000,0,-,-,-,-,5834.2000,5833.8000,5833.0000,5827.0000,5825.6000,5835.6000,5837.0000,5838.2000,5842.8000,5846.0000,1,1,1,1,1,1,2,1,6,1
SF,IC2106,2020-10-30 09:32:35.000,5834.2000,12439,-1,149655280.000,1,0,1,双平,S,5833.8000,5833.0000,5827.0000,5825.6000,5825.0000,5835.6000,5837.0000,5838.2000,5842.8000,5846.0000,1,1,1,1,3,1,2,1,6,1
SF,IC2106,2020-10-30 09:32:36.000,5835.6000,12439,0,150822400.000,1,0,1,多换,S,5833.8000,5833.0000,5827.0000,5825.6000,5825.0000,5837.0000,5838.2000,5842.8000,5846.0000,5852.2000,1,1,1,1,3,1,1,6,1,5
SF,IC2106,2020-10-30 09:32:36.500,5835.6000,12439,0,150822400.000,0,-,-,-,-,5834.0000,5833.8000,5833.0000,5827.0000,5825.6000,5835.6000,5837.0000,5838.2000,5842.8000,5846.0000,2,1,1,1,1,1,1,1,6,1
SF,IC2106,2020-10-30 09:32:37.000,5835.6000,12439,0,151989520.000,1,0,1,多换,S,5834.0000,5833.8000,5833.0000,5827.0000,5825.6000,5837.0000,5838.2000,5842.8000,5846.0000,5852.2000,1,1,1,1,1,1,1,6,1,5
SF,IC2106,2020-10-30 09:32:37.500,5835.6000,12439,0,151989520.000,0,-,-,-,-,5834.2000,5834.0000,5833.8000,5833.0000,5827.0000,5835.6000,5837.0000,5838.2000,5842.8000,5846.0000,1,1,1,1,1,1,1,1,6,1
SF,IC2106,2020-10-30 09:32:38.000,5835.6000,12439,0,151989520.000,0,-,-,-,-,5834.0000,5833.8000,5833.0000,5827.0000,5825.6000,5835.6000,5837.0000,5838.2000,5842.8000,5846.0000,1,1,1,1,1,1,1,1,6,1
SF,IC2106,2020-10-30 09:32:38.500,5835.6000,12439,0,151989520.000,0,-,-,-,-,5834.0000,5833.8000,5833.0000,5825.6000,5825.0000,5835.6000,5837.0000,5838.2000,5842.8000,5846.0000,1,1,1,1,3,1,1,1,6,1
SF,IC2106,2020-10-30 09:32:39.000,5835.6000,12439,0,151989520.000,0,-,-,-,-,5834.2000,5834.0000,5833.8000,5833.0000,5825.6000,5835.6000,5837.0000,5838.2000,5842.8000,5846.0000,1,1,1,1,1,1,1,1,6,1
SF,IC2106,2020-10-30 09:32:39.500,5835.6000,12439,0,151989520.000,0,-,-,-,-,5834.2000,5834.0000,5833.8000,5833.0000,5825.6000,5835.6000,5837.0000,5842.8000,5846.0000,5852.2000,1,1,1,2,1,2,1,6,1,5
SF,IC2106,2020-10-30 09:32:40.000,5835.6000,12438,-1,154323760.000,2,0,2,多平,S,5834.4000,5834.2000,5833.8000,5833.0000,5825.6000,5837.0000,5842.8000,5846.0000,5852.2000,5860.0000,1,1,1,2,1,1,6,1,5,10
SF,IC2106,2020-10-30 09:32:41.500,5835.6000,12438,0,154323760.000,0,-,-,-,-,5834.4000,5834.2000,5833.8000,5833.0000,5825.6000,5836.8000,5837.0000,5842.8000,5846.0000,5852.2000,1,1,1,2,1,1,1,6,1,5
SF,IC2106,2020-10-30 09:32:42.000,5835.6000,12438,0,154323760.000,0,-,-,-,-,5834.2000,5833.8000,5833.0000,5825.6000,5825.0000,5836.6000,5836.8000,5842.8000,5846.0000,5852.2000,1,1,2,1,3,1,1,6,1,5
SF,IC2106,2020-10-30 09:32:43.000,5835.6000,12438,0,154323760.000,0,-,-,-,-,5834.2000,5833.8000,5833.0000,5825.6000,5825.0000,5836.4000,5836.6000,5842.8000,5846.0000,5852.2000,1,1,2,1,3,1,1,6,1,5
SF,IC2106,2020-10-30 09:32:43.500,5835.6000,12438,0,154323760.000,0,-,-,-,-,5834.4000,5834.2000,5833.8000,5833.0000,5825.6000,5836.4000,5836.6000,5842.8000,5846.0000,5852.2000,1,1,1,2,1,1,1,6,1,5
SF,IC2106,2020-10-30 09:32:44.000,5835.6000,12438,0,154323760.000,0,-,-,-,-,5834.4000,5834.2000,5833.8000,5833.0000,5825.6000,5836.2000,5836.4000,5842.8000,5846.0000,5852.2000,1,1,1,2,1,1,1,6,1,5
SF,IC2106,2020-10-30 09:32:44.500,5835.6000,12438,0,154323760.000,0,-,-,-,-,5834.4000,5834.2000,5833.8000,5833.0000,5825.0000,5836.2000,5836.4000,5842.8000,5846.0000,5852.2000,1,1,1,2,3,1,1,6,1,5
SF,IC2106,2020-10-30 09:32:45.000,5834.2000,12436,-2,156657480.000,2,0,2,双平,S,5833.8000,5833.0000,5825.0000,5823.8000,5820.0000,5834.2000,5836.2000,5836.4000,5842.8000,5846.0000,1,2,3,1,2,1,1,1,6,1
SF,IC2106,2020-10-30 09:32:45.500,5833.8000,12435,-1,157824240.000,1,0,1,双平,S,5833.0000,5825.0000,5823.8000,5820.0000,5815.0000,5833.4000,5833.6000,5833.8000,5834.2000,5836.2000,2,3,1,2,3,1,1,1,1,1
SF,IC2106,2020-10-30 09:32:46.000,5833.0000,12434,-1,160157440.000,2,0,2,多平,S,5825.0000,5823.8000,5820.0000,5815.0000,5811.6000,5833.4000,5833.6000,5833.8000,5834.2000,5835.6000,3,1,2,3,5,1,1,1,1,1
SF,IC2106,2020-10-30 09:32:46.500,5833.4000,12434,0,161324120.000,1,0,1,多换,S,5827.2000,5826.8000,5826.6000,5825.6000,5825.2000,5833.2000,5833.6000,5833.8000,5834.2000,5835.6000,2,4,3,1,2,1,1,1,1,1
SF,IC2106,2020-10-30 09:32:47.000,5833.6000,12432,-2,163657480.000,2,0,2,双平,S,5827.8000,5827.4000,5827.2000,5826.8000,5826.6000,5833.8000,5834.2000,5835.6000,5842.8000,5846.0000,1,2,2,4,3,1,1,1,6,1
SF,IC2106,2020-10-30 09:32:47.500,5833.6000,12432,0,163657480.000,0,-,-,-,-,5829.0000,5828.4000,5828.0000,5827.8000,5827.2000,5833.8000,5834.2000,5835.6000,5842.8000,5846.0000,1,1,2,1,2,1,1,1,6,1
SF,IC2106,2020-10-30 09:32:48.000,5833.6000,12432,0,163657480.000,0,-,-,-,-,5829.4000,5829.2000,5829.0000,5827.8000,5827.2000,5833.8000,5834.2000,5842.8000,5846.0000,5852.2000,1,2,1,1,1,1,1,6,1,5
SF,IC2106,2020-10-30 09:32:48.500,5833.6000,12432,0,163657480.000,0,-,-,-,-,5829.8000,5829.6000,5829.0000,5827.8000,5826.8000,5833.8000,5834.2000,5842.8000,5846.0000,5852.2000,1,3,1,1,2,1,1,6,1,5
SF,IC2106,2020-10-30 09:32:49.000,5833.6000,12432,0,163657480.000,0,-,-,-,-,5830.2000,5830.0000,5829.6000,5829.0000,5827.8000,5834.2000,5842.8000,5846.0000,5852.2000,5860.0000,1,2,1,1,1,1,6,1,5,10
SF,IC2106,2020-10-30 09:32:49.500,5833.6000,12432,0,163657480.000,0,-,-,-,-,5830.6000,5830.4000,5830.2000,5829.6000,5829.0000,5842.8000,5846.0000,5852.2000,5860.0000,5865.8000,1,2,1,1,1,6,1,5,10,1
SF,IC2106,2020-10-30 09:32:50.000,5833.6000,12432,0,163657480.000,0,-,-,-,-,5832.6000,5831.0000,5830.8000,5830.2000,5829.6000,5839.6000,5840.0000,5840.8000,5841.0000,5842.6000,1,1,2,1,1,1,1,2,1,1
SF,IC2106,2020-10-30 09:32:50.500,5833.6000,12432,0,163657480.000,0,-,-,-,-,5832.8000,5832.6000,5831.0000,5830.2000,5829.6000,5839.2000,5839.4000,5840.8000,5841.0000,5842.8000,2,1,1,1,1,1,1,2,1,6
SF,IC2106,2020-10-30 09:32:51.000,5833.6000,12432,0,163657480.000,0,-,-,-,-,5832.8000,5832.6000,5831.0000,5829.6000,5825.0000,5839.0000,5839.2000,5840.8000,5841.0000,5842.8000,2,1,1,1,3,1,1,2,1,6
SF,IC2106,2020-10-30 09:32:51.500,5833.6000,12432,0,163657480.000,0,-,-,-,-,5832.8000,5832.6000,5831.0000,5829.6000,5825.0000,5838.6000,5838.8000,5839.0000,5839.2000,5840.8000,2,1,1,1,3,1,1,1,1,2
SF,IC2106,2020-10-30 09:32:52.000,5833.6000,12432,0,163657480.000,0,-,-,-,-,5832.8000,5832.6000,5831.0000,5829.6000,5825.0000,5838.0000,5838.4000,5838.6000,5838.8000,5839.2000,2,1,1,1,3,1,1,1,1,1
SF,IC2106,2020-10-30 09:32:52.500,5833.6000,12432,0,163657480.000,0,-,-,-,-,5833.8000,5832.8000,5831.0000,5829.6000,5825.0000,5835.6000,5837.4000,5837.8000,5838.0000,5838.6000,1,2,1,1,3,1,1,1,1,1
SF,IC2106,2020-10-30 09:32:53.000,5833.6000,12431,-1,164824200.000,1,0,1,双平,S,5832.8000,5831.0000,5829.6000,5825.0000,5823.8000,5835.6000,5837.0000,5837.8000,5838.6000,5839.2000,2,1,1,3,1,1,1,1,1,1
SF,IC2106,2020-10-30 09:32:53.500,5832.8000,12430,-1,165990760.000,1,0,1,双平,S,5832.8000,5825.0000,5823.8000,5820.0000,5815.0000,5835.4000,5835.6000,5837.0000,5838.6000,5839.2000,1,3,1,2,3,3,1,1,1,1
SF,IC2106,2020-10-30 09:32:54.000,5835.2000,12429,-1,167157800.000,1,0,1,双平,S,5825.0000,5823.8000,5820.0000,5815.0000,5811.6000,5835.2000,5835.4000,5835.6000,5837.0000,5838.6000,3,1,2,3,5,1,3,1,1,1
SF,IC2106,2020-10-30 09:32:54.500,5835.2000,12429,0,167157800.000,0,-,-,-,-,5827.2000,5826.8000,5826.6000,5825.6000,5825.2000,5835.0000,5835.2000,5835.6000,5837.0000,5838.6000,2,4,3,1,1,2,1,1,1,1
SF,IC2106,2020-10-30 09:32:55.000,5835.2000,12429,0,167157800.000,0,-,-,-,-,5828.8000,5827.8000,5827.6000,5827.4000,5827.2000,5835.0000,5835.6000,5837.0000,5838.6000,5839.2000,1,1,1,2,1,2,1,1,1,1
SF,IC2106,2020-10-30 09:32:55.500,5835.2000,12429,0,167157800.000,0,-,-,-,-,5829.0000,5828.8000,5827.8000,5827.6000,5827.4000,5835.0000,5835.6000,5837.0000,5838.6000,5839.2000,1,1,1,1,1,2,1,1,1,1
SF,IC2106,2020-10-30 09:32:56.000,5835.2000,12429,0,167157800.000,0,-,-,-,-,5829.2000,5829.0000,5828.8000,5827.8000,5827.6000,5835.0000,5835.6000,5837.0000,5838.6000,5839.2000,1,1,1,1,1,2,1,1,1,1
SF,IC2106,2020-10-30 09:32:56.500,5835.2000,12429,0,167157800.000,0,-,-,-,-,5830.4000,5829.4000,5829.2000,5828.8000,5827.8000,5835.0000,5835.6000,5837.0000,5838.6000,5839.2000,1,1,1,1,1,2,1,1,1,1
SF,IC2106,2020-10-30 09:32:57.000,5835.2000,12429,0,167157800.000,0,-,-,-,-,5830.6000,5830.4000,5829.8000,5829.2000,5828.8000,5835.0000,5835.6000,5837.0000,5838.6000,5839.2000,1,1,1,1,1,1,1,1,1,1
SF,IC2106,2020-10-30 09:32:57.500,5835.2000,12429,0,167157800.000,0,-,-,-,-,5831.0000,5830.6000,5830.4000,5829.2000,5828.8000,5835.0000,5835.6000,5837.0000,5838.6000,5839.2000,1,1,1,1,1,1,1,1,1,1
SF,IC2106,2020-10-30 09:32:58.000,5835.2000,12429,0,167157800.000,0,-,-,-,-,5831.2000,5831.0000,5830.4000,5829.2000,5828.8000,5834.8000,5835.6000,5837.0000,5838.6000,5839.2000,3,1,1,1,1,1,1,1,1,1
SF,IC2106,2020-10-30 09:32:58.500,5835.2000,12429,0,167157800.000,0,-,-,-,-,5831.6000,5831.2000,5830.4000,5829.2000,5827.8000,5837.0000,5838.6000,5839.2000,5842.8000,5846.0000,1,3,1,1,1,1,1,1,6,1
SF,IC2106,2020-10-30 09:32:59.000,5831.8000,12428,-1,168324160.000,1,0,1,双平,S,5831.8000,5831.6000,5831.2000,5830.4000,5829.2000,5833.0000,5836.8000,5837.0000,5838.6000,5839.2000,1,1,1,1,1,1,1,1,1,1
SF,IC2106,2020-10-30 09:32:59.500,5833.0000,12428,0,169490760.000,1,0,1,多换,S,5831.8000,5831.2000,5830.4000,5829.2000,5827.6000,5837.0000,5838.6000,5839.2000,5842.8000,5846.0000,1,1,1,1,1,1,1,1,6,1
SF,IC2106,2020-10-30 09:33:00.000,5833.0000,12428,0,169490760.000,0,-,-,-,-,5832.0000,5831.8000,5831.2000,5830.4000,5829.2000,5836.8000,5837.0000,5838.6000,5839.2000,5842.8000,3,1,1,1,1,1,1,1,1,6
SF,IC2106,2020-10-30 09:33:00.500,5833.0000,12428,0,169490760.000,0,-,-,-,-,5832.0000,5831.8000,5831.2000,5830.4000,5827.6000,5836.6000,5836.8000,5837.0000,5838.6000,5839.2000,3,1,1,1,1,2,1,1,1,1
SF,IC2106,2020-10-30 09:33:01.000,5833.0000,12428,0,169490760.000,0,-,-,-,-,5832.0000,5831.8000,5831.2000,5830.4000,5827.6000,5836.0000,5836.4000,5836.6000,5837.0000,5838.6000,3,1,1,1,1,1,1,2,1,1
SF,IC2106,2020-10-30 09:33:01.500,5833.0000,12428,0,169490760.000,0,-,-,-,-,5832.0000,5831.2000,5830.4000,5827.6000,5825.0000,5835.8000,5836.0000,5836.6000,5837.0000,5838.6000,2,1,1,1,3,3,1,2,1,1
SF,IC2106,2020-10-30 09:33:02.000,5833.0000,12428,0,169490760.000,0,-,-,-,-,5832.0000,5831.2000,5830.4000,5827.6000,5825.0000,5835.6000,5835.8000,5836.0000,5836.6000,5837.0000,1,1,1,1,3,1,3,1,2,1
SF,IC2106,2020-10-30 09:33:02.500,5833.0000,12428,0,169490760.000,0,-,-,-,-,5832.0000,5831.2000,5830.4000,5827.6000,5825.0000,5835.4000,5835.6000,5835.8000,5836.0000,5836.6000,1,1,1,1,3,2,1,2,1,2
SF,IC2106,2020-10-30 09:33:03.000,5833.0000,12428,0,169490760.000,0,-,-,-,-,5831.2000,5830.4000,5827.6000,5825.0000,5823.8000,5835.2000,5835.4000,5835.8000,5836.6000,5838.6000,1,1,1,3,1,1,2,2,2,1
SF,IC2106,2020-10-30 09:33:03.500,5833.0000,12428,0,169490760.000,0,-,-,-,-,5831.4000,5831.2000,5830.4000,5827.6000,5825.0000,5835.0000,5835.2000,5835.4000,5835.8000,5836.6000,1,1,1,1,3,1,1,1,2,2
SF,IC2106,2020-10-30 09:33:04.000,5833.0000,12428,0,169490760.000,0,-,-,-,-,5831.4000,5831.2000,5830.4000,5827.6000,5825.0000,5834.8000,5835.0000,5835.4000,5835.8000,5836.6000,1,1,1,1,3,1,1,1,2,2
SF,IC2106,2020-10-30 09:33:04.500,5833.0000,12428,0,169490760.000,0,-,-,-,-,5831.4000,5831.2000,5830.4000,5827.6000,5825.0000,5834.6000,5834.8000,5835.4000,5835.8000,5836.6000,1,1,1,1,3,1,1,1,2,2
SF,IC2106,2020-10-30 09:33:05.000,5833.0000,12428,0,169490760.000,0,-,-,-,-,5831.4000,5831.2000,5830.4000,5827.6000,5825.0000,5834.4000,5834.6000,5835.4000,5835.8000,5838.6000,1,1,1,1,3,1,1,1,2,1
SF,IC2106,2020-10-30 09:33:05.500,5833.0000,12428,0,169490760.000,0,-,-,-,-,5831.4000,5831.2000,5827.6000,5825.0000,5823.8000,5834.4000,5834.6000,5835.4000,5838.6000,5842.8000,1,1,1,3,1,1,1,1,1,6
SF,IC2106,2020-10-30 09:33:06.000,5833.0000,12428,0,169490760.000,0,-,-,-,-,5831.6000,5831.4000,5831.2000,5827.6000,5825.0000,5834.4000,5835.0000,5838.6000,5842.8000,5846.0000,2,1,1,1,3,1,1,1,6,1
SF,IC2106,2020-10-30 09:33:06.500,5834.4000,12427,-1,170657640.000,1,0,1,双平,S,5831.8000,5831.6000,5831.2000,5827.6000,5825.0000,5835.0000,5838.6000,5842.8000,5846.0000,5852.2000,3,2,1,1,3,1,1,6,1,5
SF,IC2106,2020-10-30 09:33:07.000,5834.4000,12426,-1,172991520.000,2,0,2,多平,S,5832.2000,5831.8000,5831.6000,5831.2000,5827.6000,5842.8000,5846.0000,5852.2000,5860.0000,5865.8000,1,2,2,1,1,6,1,5,10,1
SF,IC2106,2020-10-30 09:33:07.500,5834.4000,12426,0,172991520.000,0,-,-,-,-,5832.4000,5831.6000,5827.6000,5825.0000,5823.8000,5841.6000,5842.2000,5842.6000,5842.8000,5846.0000,2,2,1,3,1,1,1,4,7,1
SF,IC2106,2020-10-30 09:33:08.000,5832.4000,12425,-1,175324480.000,2,0,2,多平,S,5832.4000,5831.6000,5827.6000,5825.0000,5823.8000,5841.2000,5841.4000,5841.6000,5842.2000,5842.6000,1,1,1,3,1,1,1,1,1,3
SF,IC2106,2020-10-30 09:33:08.500,5832.4000,12425,0,175324480.000,0,-,-,-,-,5832.6000,5831.6000,5827.6000,5825.0000,5823.8000,5840.8000,5841.0000,5841.2000,5841.6000,5842.2000,2,1,1,3,1,3,2,1,1,1
SF,IC2106,2020-10-30 09:33:09.000,5832.4000,12425,0,175324480.000,0,-,-,-,-,5832.6000,5831.6000,5827.6000,5825.0000,5823.8000,5840.4000,5840.6000,5840.8000,5841.0000,5841.2000,2,1,1,3,1,1,3,2,1,1
SF,IC2106,2020-10-30 09:33:09.500,5832.4000,12425,0,175324480.000,0,-,-,-,-,5832.8000,5832.6000,5831.6000,5827.6000,5825.0000,5840.2000,5840.4000,5840.6000,5840.8000,5841.0000,1,2,1,1,3,2,1,2,2,1
SF,IC2106,2020-10-30 09:33:10.000,5832.4000,12425,0,175324480.000,0,-,-,-,-,5833.0000,5832.8000,5831.6000,5827.6000,5825.0000,5839.8000,5840.0000,5840.2000,5840.4000,5840.6000,2,1,1,1,3,1,1,2,1,2
SF,IC2106,2020-10-30 09:33:10.500,5832.4000,12425,0,175324480.000,0,-,-,-,-,5833.0000,5832.8000,5831.6000,5827.6000,5825.0000,5839.6000,5839.8000,5840.0000,5840.2000,5840.4000,2,1,1,1,3,1,1,1,1,1
SF,IC2106,2020-10-30 09:33:11.000,5832.4000,12425,0,175324480.000,0,-,-,-,-,5833.0000,5832.8000,5831.6000,5827.6000,5825.0000,5838.2000,5839.2000,5839.4000,5839.6000,5839.8000,2,1,1,1,3,1,1,1,1,1
SF,IC2106,2020-10-30 09:33:11.500,5832.4000,12425,0,175324480.000,0,-,-,-,-,5833.0000,5832.8000,5831.6000,5827.6000,5825.0000,5838.0000,5838.2000,5839.2000,5839.4000,5839.8000,2,1,1,1,3,1,1,1,1,1
SF,IC2106,2020-10-30 09:33:12.000,5832.4000,12425,0,175324480.000,0,-,-,-,-,5833.0000,5832.8000,5831.6000,5827.6000,5825.0000,5838.0000,5838.2000,5839.2000,5839.4000,5839.8000,2,1,1,1,3,1,1,1,1,1
SF,IC2106,2020-10-30 09:33:12.500,5832.4000,12425,0,175324480.000,0,-,-,-,-,5833.2000,5833.0000,5832.8000,5831.6000,5827.6000,5838.0000,5839.2000,5839.4000,5839.8000,5840.4000,1,2,1,1,1,1,1,1,1,1
SF,IC2106,2020-10-30 09:33:13.000,5832.4000,12425,0,175324480.000,0,-,-,-,-,5833.4000,5833.2000,5832.8000,5831.6000,5827.6000,5838.0000,5839.2000,5839.8000,5840.4000,5840.8000,3,2,1,1,1,1,1,1,1,2
SF,IC2106,2020-10-30 09:33:13.500,5832.4000,12425,0,175324480.000,0,-,-,-,-,5833.6000,5833.4000,5833.2000,5827.6000,5825.0000,5838.0000,5839.2000,5839.8000,5840.4000,5841.2000,1,4,2,1,3,1,1,1,1,1
SF,IC2106,2020-10-30 09:33:14.000,5832.4000,12425,0,175324480.000,0,-,-,-,-,5833.8000,5833.6000,5833.4000,5833.2000,5827.6000,5838.0000,5839.2000,5839.8000,5840.4000,5841.2000,3,1,2,2,1,1,1,1,1,1
SF,IC2106,2020-10-30 09:33:14.500,5832.4000,12425,0,175324480.000,0,-,-,-,-,5833.8000,5833.6000,5833.4000,5833.2000,5827.6000,5838.0000,5839.2000,5839.8000,5840.4000,5841.2000,3,1,2,1,1,1,1,1,1,1
SF,IC2106,2020-10-30 09:33:15.500,5832.4000,12425,0,175324480.000,0,-,-,-,-,5833.8000,5833.6000,5833.4000,5827.6000,5825.0000,5837.0000,5838.0000,5839.2000,5839.8000,5840.4000,3,1,2,1,3,1,1,1,1,1
SF,IC2106,2020-10-30 09:33:16.000,5837.0000,12424,-1,176491880.000,1,0,1,双平,S,5834.2000,5833.8000,5833.6000,5833.4000,5827.6000,5838.0000,5839.8000,5840.4000,5841.2000,5842.2000,2,3,1,2,1,1,1,1,1,1
SF,IC2106,2020-10-30 09:33:16.500,5838.0000,12423,-1,177659480.000,1,0,1,双平,S,5834.4000,5834.2000,5833.8000,5833.6000,5833.4000,5838.0000,5839.8000,5840.4000,5841.2000,5842.2000,3,2,1,1,1,1,1,1,1,1
SF,IC2106,2020-10-30 09:33:17.000,5838.0000,12423,0,177659480.000,0,-,-,-,-,5834.8000,5834.4000,5834.2000,5833.8000,5833.6000,5838.0000,5839.8000,5840.4000,5841.2000,5842.2000,1,3,1,1,1,1,1,1,1,1
SF,IC2106,2020-10-30 09:33:17.500,5838.0000,12423,0,177659480.000,0,-,-,-,-,5835.2000,5835.0000,5834.4000,5834.2000,5833.8000,5838.0000,5841.2000,5842.8000,5846.0000,5852.2000,1,3,1,1,1,1,1,6,1,5
SF,IC2106,2020-10-30 09:33:18.000,5838.0000,12422,-1,178827080.000,1,0,1,双平,S,5835.4000,5835.2000,5835.0000,5834.4000,5833.8000,5841.2000,5842.8000,5846.0000,5852.2000,5860.0000,2,1,1,1,1,1,6,1,5,10
SF,IC2106,2020-10-30 09:33:18.500,5838.0000,12422,0,178827080.000,0,-,-,-,-,5835.4000,5835.2000,5835.0000,5834.4000,5833.8000,5841.0000,5841.2000,5842.8000,5846.0000,5852.2000,2,1,1,1,1,3,1,6,1,5
SF,IC2106,2020-10-30 09:33:19.000,5841.0000,12421,-1,179995280.000,1,0,1,双平,S,5835.6000,5835.4000,5835.0000,5834.4000,5833.8000,5841.0000,5841.2000,5842.8000,5846.0000,5852.2000,1,2,1,1,1,2,1,6,1,5
SF,IC2106,2020-10-30 09:33:19.500,5841.0000,12421,0,179995280.000,0,-,-,-,-,5835.8000,5835.6000,5835.0000,5834.4000,5833.8000,5838.2000,5841.0000,5841.2000,5842.8000,5846.0000,2,1,1,1,1,1,2,1,6,1
SF,IC2106,2020-10-30 09:33:20.000,5838.2000,12421,0,181162920.000,1,0,1,多换,S,5838.2000,5835.8000,5835.6000,5835.0000,5834.4000,5841.0000,5841.2000,5842.8000,5846.0000,5852.2000,1,2,1,1,1,1,1,6,1,5
SF,IC2106,2020-10-30 09:33:20.500,5838.2000,12421,0,181162920.000,0,-,-,-,-,5838.4000,5838.2000,5835.8000,5835.6000,5835.0000,5840.8000,5841.0000,5841.2000,5842.8000,5846.0000,1,1,1,1,1,2,1,1,6,1
SF,IC2106,2020-10-30 09:33:21.000,5838.2000,12421,0,181162920.000,0,-,-,-,-,5838.4000,5835.8000,5835.6000,5835.0000,5834.4000,5840.6000,5840.8000,5841.2000,5842.8000,5846.0000,1,1,1,1,1,1,2,1,6,1
SF,IC2106,2020-10-30 09:33:21.500,5838.2000,12421,0,181162920.000,0,-,-,-,-,5835.8000,5835.6000,5835.0000,5834.4000,5833.8000,5840.4000,5840.6000,5840.8000,5842.8000,5846.0000,1,1,1,1,1,1,1,1,6,1
SF,IC2106,2020-10-30 09:33:22.000,5838.2000,12421,0,181162920.000,0,-,-,-,-,5836.0000,5835.8000,5835.6000,5835.0000,5834.4000,5840.2000,5842.8000,5846.0000,5858.0000,5860.0000,1,1,1,1,1,1,6,1,5,10
SF,IC2106,2020-10-30 09:33:22.500,5840.2000,12420,-1,182330960.000,1,0,1,双平,S,5836.2000,5836.0000,5835.0000,5834.4000,5833.8000,5842.8000,5846.0000,5858.0000,5860.0000,5865.8000,1,1,1,1,1,6,1,5,10,1
SF,IC2106,2020-10-30 09:33:23.000,5840.2000,12420,0,182330960.000,0,-,-,-,-,5836.4000,5836.2000,5835.0000,5834.4000,5833.8000,5842.6000,5842.8000,5846.0000,5858.0000,5860.0000,1,1,1,1,1,2,6,1,5,10
SF,IC2106,2020-10-30 09:33:23.500,5840.2000,12420,0,182330960.000,0,-,-,-,-,5836.6000,5836.4000,5835.0000,5834.4000,5833.8000,5842.6000,5842.8000,5846.0000,5858.0000,5860.0000,1,1,1,1,1,2,6,1,5,10
SF,IC2106,2020-10-30 09:33:24.000,5840.2000,12420,0,182330960.000,0,-,-,-,-,5836.8000,5836.6000,5835.0000,5834.4000,5833.8000,5842.6000,5842.8000,5846.0000,5858.0000,5860.0000,1,2,1,1,1,2,6,1,5,10
SF,IC2106,2020-10-30 09:33:24.500,5840.2000,12420,0,182330960.000,0,-,-,-,-,5837.0000,5836.8000,5835.0000,5834.4000,5833.8000,5842.2000,5842.4000,5842.6000,5842.8000,5846.0000,1,1,1,1,1,1,2,2,6,1
SF,IC2106,2020-10-30 09:33:25.000,5840.2000,12420,0,182330960.000,0,-,-,-,-,5837.0000,5835.0000,5834.4000,5825.0000,5823.8000,5842.0000,5842.2000,5842.4000,5842.8000,5846.0000,1,1,1,3,1,3,1,2,6,1
SF,IC2106,2020-10-30 09:33:25.500,5840.2000,12420,0,182330960.000,0,-,-,-,-,5837.0000,5835.0000,5834.4000,5825.0000,5823.8000,5841.6000,5841.8000,5842.0000,5842.2000,5842.4000,1,1,1,3,1,2,1,3,1,1
SF,IC2106,2020-10-30 09:33:26.000,5840.2000,12420,0,182330960.000,0,-,-,-,-,5837.0000,5835.0000,5834.4000,5825.0000,5823.8000,5841.4000,5841.6000,5841.8000,5842.2000,5842.8000,1,1,1,3,1,3,1,1,1,6
SF,IC2106,2020-10-30 09:33:26.500,5840.2000,12420,0,182330960.000,0,-,-,-,-,5837.0000,5835.0000,5834.4000,5825.0000,5823.8000,5841.4000,5841.6000,5842.2000,5842.8000,5846.0000,1,1,1,3,1,3,1,1,6,1
SF,IC2106,2020-10-30 09:33:27.000,5841.4000,12420,0,183499240.000,1,0,1,多换,S,5837.2000,5837.0000,5835.0000,5834.4000,5825.0000,5841.4000,5842.2000,5842.8000,5846.0000,5855.0000,1,1,1,1,3,2,1,6,1,1
SF,IC2106,2020-10-30 09:33:27.500,5841.4000,12420,0,183499240.000,0,-,-,-,-,5837.4000,5837.2000,5835.0000,5834.4000,5825.0000,5841.4000,5842.2000,5842.8000,5846.0000,5855.0000,1,1,1,1,3,2,1,6,1,1
SF,IC2106,2020-10-30 09:33:28.000,5841.4000,12420,0,183499240.000,0,-,-,-,-,5837.6000,5837.4000,5837.2000,5835.0000,5834.4000,5841.4000,5842.8000,5846.0000,5855.0000,5858.0000,1,1,1,1,1,1,6,1,1,5
SF,IC2106,2020-10-30 09:33:28.500,5841.4000,12420,0,184667520.000,1,0,1,多换,S,5838.0000,5837.8000,5837.6000,5837.2000,5835.0000,5842.8000,5846.0000,5855.0000,5858.0000,5860.0000,1,1,1,1,1,6,1,1,5,10
SF,IC2106,2020-10-30 09:33:29.000,5841.4000,12420,0,184667520.000,0,-,-,-,-,5838.4000,5838.2000,5837.8000,5837.2000,5835.0000,5842.8000,5846.0000,5855.0000,5858.0000,5860.0000,1,2,1,1,1,6,1,1,5,10
SF,IC2106,2020-10-30 09:33:29.500,5842.8000,12418,-2,187004640.000,2,0,2,双平,S,5838.8000,5838.6000,5837.2000,5835.0000,5834.4000,5842.8000,5846.0000,5855.0000,5858.0000,5860.0000,1,2,1,1,1,4,1,1,5,10
SF,IC2106,2020-10-30 09:33:30.000,5842.8000,12418,0,187004640.000,0,-,-,-,-,5839.2000,5839.0000,5837.2000,5834.4000,5825.0000,5842.8000,5846.0000,5855.0000,5858.0000,5860.0000,2,2,1,1,3,4,1,1,5,10
SF,IC2106,2020-10-30 09:33:30.500,5842.8000,12417,-1,188173200.000,1,0,1,双平,S,5839.6000,5839.4000,5839.2000,5837.2000,5834.4000,5842.8000,5846.0000,5855.0000,5858.0000,5860.0000,1,3,1,1,1,3,1,1,5,10
SF,IC2106,2020-10-30 09:33:31.000,5842.8000,12417,0,188173200.000,0,-,-,-,-,5840.0000,5839.8000,5839.4000,5839.2000,5837.2000,5842.6000,5842.8000,5846.0000,5855.0000,5858.0000,1,1,1,1,1,1,3,1,1,5
SF,IC2106,2020-10-30 09:33:31.500,5842.8000,12415,-2,190510280.000,2,0,2,双平,S,5840.4000,5840.0000,5839.4000,5839.2000,5837.2000,5842.8000,5846.0000,5855.0000,5858.0000,5860.0000,1,1,1,1,1,2,1,1,5,10
SF,IC2106,2020-10-30 09:33:32.000,5842.8000,12413,-2,192847400.000,2,0,2,双平,S,5842.8000,5840.8000,5840.0000,5839.4000,5837.2000,5846.0000,5855.0000,5858.0000,5860.0000,5865.8000,2,1,1,1,1,1,1,5,10,1
SF,IC2106,2020-10-30 09:33:32.500,5842.8000,12413,0,192847400.000,0,-,-,-,-,5843.0000,5842.8000,5840.8000,5840.0000,5839.4000,5845.8000,5846.0000,5855.0000,5858.0000,5860.0000,2,1,1,1,1,1,1,1,5,10
SF,IC2106,2020-10-30 09:33:33.000,5842.8000,12413,0,192847400.000,0,-,-,-,-,5843.2000,5843.0000,5840.8000,5840.0000,5839.4000,5846.0000,5855.0000,5860.0000,5863.8000,5865.8000,1,2,1,1,1,1,1,10,5,1
SF,IC2106,2020-10-30 09:33:33.500,5842.8000,12413,0,192847400.000,0,-,-,-,-,5843.4000,5843.2000,5840.8000,5840.0000,5839.4000,5846.0000,5855.0000,5860.0000,5863.8000,5865.8000,2,1,1,1,1,1,1,10,5,1
SF,IC2106,2020-10-30 09:33:34.500,5842.8000,12413,0,192847400.000,0,-,-,-,-,5843.4000,5843.2000,5840.8000,5839.4000,5837.2000,5846.0000,5855.0000,5860.0000,5863.8000,5865.8000,2,1,1,1,1,1,1,10,5,1
SF,IC2106,2020-10-30 09:33:35.500,5842.8000,12413,0,192847400.000,0,-,-,-,-,5843.4000,5843.2000,5840.8000,5839.4000,5837.2000,5845.2000,5846.0000,5855.0000,5860.0000,5863.8000,2,1,1,1,1,1,1,1,10,5
SF,IC2106,2020-10-30 09:33:36.000,5842.8000,12413,0,192847400.000,0,-,-,-,-,5843.4000,5843.2000,5840.8000,5839.4000,5837.2000,5845.2000,5846.0000,5855.0000,5860.0000,5863.8000,1,1,1,1,1,1,1,1,10,5
SF,IC2106,2020-10-30 09:33:36.500,5843.6000,12412,-1,195185160.000,2,0,2,多平,S,5843.4000,5843.2000,5840.8000,5825.0000,5823.8000,5846.0000,5855.0000,5860.0000,5863.8000,5865.8000,1,1,1,3,1,1,1,10,5,1
SF,IC2106,2020-10-30 09:33:37.000,5843.6000,12412,0,195185160.000,0,-,-,-,-,5843.4000,5840.8000,5825.0000,5823.8000,5820.0000,5845.8000,5846.0000,5855.0000,5860.0000,5863.8000,1,1,3,1,2,1,1,1,10,5
SF,IC2106,2020-10-30 09:33:37.500,5843.6000,12412,0,195185160.000,0,-,-,-,-,5843.6000,5843.4000,5825.0000,5823.8000,5820.0000,5845.8000,5846.0000,5855.0000,5860.0000,5863.8000,3,1,3,1,2,1,1,1,10,5
SF,IC2106,2020-10-30 09:33:38.000,5843.6000,12409,-3,198691320.000,3,0,3,双平,S,5825.0000,5823.8000,5820.0000,5815.0000,5811.6000,5843.6000,5845.8000,5846.0000,5855.0000,5860.0000,3,1,2,3,5,1,1,1,1,10
SF,IC2106,2020-10-30 09:33:38.500,5843.6000,12409,0,198691320.000,0,-,-,-,-,5838.4000,5838.0000,5837.4000,5837.0000,5836.6000,5843.4000,5843.6000,5846.0000,5855.0000,5860.0000,2,3,2,1,1,1,1,1,1,10
SF,IC2106,2020-10-30 09:33:39.000,5843.6000,12409,0,198691320.000,0,-,-,-,-,5840.0000,5839.4000,5839.2000,5838.8000,5838.6000,5843.6000,5846.0000,5855.0000,5860.0000,5863.8000,2,1,2,2,2,1,1,1,10,5
SF,IC2106,2020-10-30 09:33:39.500,5843.6000,12409,0,198691320.000,0,-,-,-,-,5840.2000,5840.0000,5839.4000,5839.2000,5838.8000,5843.6000,5846.0000,5855.0000,5860.0000,5863.8000,2,3,1,2,2,1,1,1,10,5
SF,IC2106,2020-10-30 09:33:40.000,5843.6000,12408,-1,199860040.000,1,0,1,双平,S,5840.8000,5840.4000,5840.2000,5840.0000,5839.4000,5846.0000,5855.0000,5860.0000,5863.8000,5865.8000,1,1,1,3,1,1,1,10,5,1
SF,IC2106,2020-10-30 09:33:40.500,5843.6000,12408,0,199860040.000,0,-,-,-,-,5841.6000,5841.2000,5841.0000,5840.8000,5840.4000,5845.8000,5846.0000,5855.0000,5860.0000,5863.8000,2,1,5,3,1,1,1,1,10,5
SF,IC2106,2020-10-30 09:33:41.000,5843.6000,12408,0,199860040.000,0,-,-,-,-,5845.0000,5841.8000,5840.4000,5840.0000,5835.6000,5845.2000,5845.8000,5846.0000,5846.2000,5855.0000,1,2,1,1,1,1,1,1,1,1
SF,IC2106,2020-10-30 09:33:41.500,5845.0000,12407,-1,201029040.000,1,0,1,双平,S,5841.8000,5840.4000,5840.0000,5835.6000,5825.2000,5845.0000,5846.0000,5846.2000,5855.0000,5860.0000,2,1,1,1,2,1,1,1,1,10
SF,IC2106,2020-10-30 09:33:42.000,5845.0000,12406,-1,202198040.000,1,0,1,双平,S,5841.8000,5840.4000,5840.0000,5835.6000,5825.2000,5846.0000,5846.2000,5855.0000,5860.0000,5863.8000,2,1,1,1,2,1,1,1,10,5
SF,IC2106,2020-10-30 09:33:42.500,5845.0000,12406,0,202198040.000,0,-,-,-,-,5841.8000,5840.4000,5840.0000,5835.6000,5825.2000,5845.8000,5846.0000,5846.2000,5855.0000,5860.0000,2,1,1,1,2,1,1,1,1,10
SF,IC2106,2020-10-30 09:33:44.000,5845.0000,12406,0,202198040.000,0,-,-,-,-,5842.4000,5841.8000,5840.4000,5835.6000,5825.2000,5845.8000,5846.0000,5846.2000,5855.0000,5860.0000,1,2,1,1,2,1,1,1,1,10
SF,IC2106,2020-10-30 09:33:44.500,5845.0000,12406,0,202198040.000,0,-,-,-,-,5842.6000,5842.4000,5840.4000,5835.6000,5825.2000,5846.0000,5846.2000,5855.0000,5860.0000,5863.8000,3,1,1,1,2,1,1,1,10,5
SF,IC2106,2020-10-30 09:33:45.000,5845.0000,12406,0,202198040.000,0,-,-,-,-,5844.8000,5842.6000,5842.4000,5840.4000,5835.6000,5846.0000,5846.2000,5855.0000,5860.0000,5863.8000,1,3,1,1,1,1,1,1,10,5
SF,IC2106,2020-10-30 09:33:45.500,5846.2000,12405,-1,204536480.000,2,0,2,多平,S,5845.0000,5844.8000,5842.6000,5840.4000,5835.6000,5855.0000,5860.0000,5863.8000,5865.8000,5868.6000,1,1,2,1,1,1,10,5,1,1
SF,IC2106,2020-10-30 09:33:46.000,5846.2000,12405,0,204536480.000,0,-,-,-,-,5845.2000,5845.0000,5844.8000,5842.6000,5840.4000,5849.2000,5850.0000,5852.6000,5852.8000,5853.6000,2,1,1,1,1,1,1,1,1,1
SF,IC2106,2020-10-30 09:33:46.500,5846.2000,12405,0,204536480.000,0,-,-,-,-,5845.4000,5845.2000,5844.8000,5842.6000,5840.4000,5849.0000,5849.2000,5850.0000,5852.6000,5852.8000,1,2,1,1,1,1,1,1,1,1
SF,IC2106,2020-10-30 09:33:47.000,5846.2000,12405,0,204536480.000,0,-,-,-,-,5845.6000,5845.2000,5844.8000,5842.6000,5840.4000,5849.0000,5849.2000,5850.0000,5852.6000,5852.8000,1,1,1,1,1,1,1,1,1,1
SF,IC2106,2020-10-30 09:33:47.500,5846.2000,12405,0,204536480.000,0,-,-,-,-,5845.8000,5845.6000,5845.2000,5844.8000,5842.6000,5849.0000,5849.2000,5850.0000,5852.6000,5852.8000,1,1,1,1,1,1,1,1,1,1
SF,IC2106,2020-10-30 09:33:48.000,5846.2000,12405,0,204536480.000,0,-,-,-,-,5846.0000,5845.8000,5845.2000,5844.8000,5842.6000,5849.0000,5849.2000,5850.0000,5853.6000,5854.2000,1,2,1,1,1,1,1,1,1,1
SF,IC2106,2020-10-30 09:33:48.500,5846.2000,12405,0,204536480.000,0,-,-,-,-,5846.2000,5846.0000,5845.8000,5845.2000,5844.8000,5849.2000,5850.0000,5853.6000,5854.2000,5854.8000,1,1,1,1,1,1,1,1,1,2
SF,IC2106,2020-10-30 09:33:49.000,5846.2000,12405,0,204536480.000,0,-,-,-,-,5846.4000,5846.2000,5845.8000,5845.2000,5844.8000,5849.0000,5849.2000,5850.0000,5853.6000,5854.2000,1,1,1,1,1,1,1,1,1,1
SF,IC2106,2020-10-30 09:33:49.500,5846.2000,12405,0,204536480.000,0,-,-,-,-,5846.6000,5846.4000,5845.8000,5845.2000,5844.8000,5849.2000,5850.0000,5854.8000,5855.0000,5860.0000,1,1,1,1,1,1,1,2,1,10
SF,IC2106,2020-10-30 09:33:50.000,5846.2000,12405,0,204536480.000,0,-,-,-,-,5846.6000,5846.4000,5845.2000,5844.8000,5842.6000,5849.2000,5850.0000,5854.8000,5855.0000,5860.0000,1,1,1,1,1,1,1,2,1,10
SF,IC2106,2020-10-30 09:33:50.500,5846.2000,12405,0,204536480.000,0,-,-,-,-,5846.8000,5846.6000,5846.4000,5845.2000,5844.8000,5849.0000,5849.2000,5850.0000,5854.8000,5855.0000,1,1,1,1,1,2,1,1,2,1
SF,IC2106,2020-10-30 09:33:51.000,5846.6000,12404,-1,205705800.000,1,0,1,双平,S,5846.4000,5844.8000,5835.6000,5830.0000,5825.2000,5849.0000,5849.2000,5850.0000,5854.8000,5855.0000,1,1,1,1,2,2,1,1,2,1
SF,IC2106,2020-10-30 09:33:51.500,5846.4000,12403,-1,206875080.000,1,0,1,双平,S,5844.8000,5835.6000,5830.0000,5825.2000,5825.0000,5849.0000,5849.2000,5854.8000,5855.0000,5860.0000,1,1,1,2,3,2,1,2,1,10
SF,IC2106,2020-10-30 09:33:52.000,5846.4000,12403,0,206875080.000,0,-,-,-,-,5844.8000,5835.6000,5830.0000,5825.2000,5825.0000,5846.8000,5848.8000,5849.0000,5849.2000,5855.0000,1,1,1,2,3,1,1,2,1,1
SF,IC2106,2020-10-30 09:33:52.500,5844.8000,12403,0,208044040.000,1,0,1,多换,S,5835.6000,5830.0000,5825.2000,5825.0000,5823.8000,5846.6000,5846.8000,5848.8000,5849.0000,5849.2000,1,1,2,3,1,2,1,1,1,1
SF,IC2106,2020-10-30 09:33:53.000,5846.4000,12403,0,209213320.000,1,0,1,多换,S,5845.0000,5841.6000,5841.0000,5840.8000,5839.6000,5846.4000,5846.6000,5846.8000,5855.0000,5860.0000,5,2,3,3,1,1,2,1,1,10
SF,IC2106,2020-10-30 09:33:53.500,5845.0000,12403,0,215058320.000,5,2,3,多换,S,5841.6000,5841.0000,5840.8000,5839.6000,5835.8000,5846.2000,5846.6000,5846.8000,5855.0000,5860.0000,2,3,3,1,5,1,1,1,1,10
SF,IC2106,2020-10-30 09:33:54.000,5845.0000,12403,0,215058320.000,0,-,-,-,-,5841.8000,5840.8000,5839.6000,5835.8000,5835.6000,5846.2000,5846.8000,5855.0000,5860.0000,5863.8000,3,2,1,3,1,1,1,1,10,5
SF,IC2106,2020-10-30 09:33:54.500,5845.0000,12403,0,215058320.000,0,-,-,-,-,5842.2000,5841.8000,5840.8000,5839.6000,5835.8000,5846.2000,5846.8000,5855.0000,5860.0000,5863.8000,2,3,2,1,3,2,1,1,10,5
SF,IC2106,2020-10-30 09:33:55.000,5845.0000,12403,0,215058320.000,0,-,-,-,-,5843.0000,5842.4000,5841.8000,5840.8000,5839.6000,5846.2000,5846.8000,5855.0000,5860.0000,5863.8000,1,3,1,2,1,2,1,1,10,5
SF,IC2106,2020-10-30 09:33:55.500,5845.0000,12403,0,215058320.000,0,-,-,-,-,5843.2000,5842.4000,5840.8000,5839.6000,5835.8000,5846.2000,5846.8000,5855.0000,5860.0000,5863.8000,2,1,2,1,3,2,1,1,10,5
SF,IC2106,2020-10-30 09:33:56.000,5845.0000,12403,0,215058320.000,0,-,-,-,-,5843.2000,5840.8000,5839.6000,5835.8000,5835.6000,5846.2000,5846.8000,5855.0000,5860.0000,5863.8000,2,2,1,3,1,2,1,1,10,5
SF,IC2106,2020-10-30 09:33:56.500,5845.0000,12403,0,215058320.000,0,-,-,-,-,5843.2000,5840.8000,5839.6000,5835.8000,5835.6000,5846.2000,5846.8000,5855.0000,5860.0000,5863.8000,2,2,1,3,1,1,1,1,10,5
SF,IC2106,2020-10-30 09:33:57.000,5845.0000,12403,0,215058320.000,0,-,-,-,-,5843.2000,5843.0000,5840.8000,5839.6000,5835.8000,5846.0000,5846.2000,5846.8000,5855.0000,5860.0000,2,1,2,1,3,1,1,1,1,10
SF,IC2106,2020-10-30 09:33:57.500,5845.0000,12403,0,215058320.000,0,-,-,-,-,5843.2000,5843.0000,5840.8000,5839.6000,5835.8000,5846.0000,5846.2000,5855.0000,5860.0000,5863.8000,2,1,2,1,3,1,1,1,10,5
SF,IC2106,2020-10-30 09:33:58.000,5845.0000,12403,0,215058320.000,0,-,-,-,-,5843.2000,5843.0000,5840.8000,5839.6000,5835.8000,5844.6000,5846.2000,5855.0000,5860.0000,5863.8000,2,1,2,1,3,1,1,1,10,5
SF,IC2106,2020-10-30 09:33:58.500,5844.6000,12403,0,216227240.000,1,0,1,多换,S,5843.2000,5843.0000,5840.8000,5839.6000,5835.8000,5846.2000,5855.0000,5860.0000,5863.8000,5865.8000,1,1,2,1,3,1,1,10,5,1
SF,IC2106,2020-10-30 09:33:59.000,5844.6000,12403,0,216227240.000,0,-,-,-,-,5843.4000,5843.2000,5843.0000,5840.8000,5839.6000,5846.0000,5846.2000,5855.0000,5860.0000,5863.8000,1,1,1,2,1,1,1,1,10,5
SF,IC2106,2020-10-30 09:33:59.500,5844.6000,12403,0,216227240.000,0,-,-,-,-,5843.4000,5843.2000,5843.0000,5840.8000,5839.6000,5845.8000,5846.0000,5846.2000,5855.0000,5860.0000,1,1,1,2,1,1,1,1,1,10
SF,IC2106,2020-10-30 09:34:00.000,5844.6000,12403,0,216227240.000,0,-,-,-,-,5843.4000,5843.0000,5840.8000,5839.6000,5835.8000,5845.6000,5845.8000,5846.0000,5846.2000,5855.0000,1,1,2,1,3,1,1,1,1,1
SF,IC2106,2020-10-30 09:34:00.500,5844.6000,12403,0,216227240.000,0,-,-,-,-,5843.0000,5835.6000,5830.0000,5825.2000,5825.0000,5845.4000,5845.6000,5846.0000,5846.2000,5855.0000,1,1,1,2,3,1,1,1,1,1
SF,IC2106,2020-10-30 09:34:01.000,5844.6000,12403,0,216227240.000,0,-,-,-,-,5843.0000,5835.6000,5830.0000,5825.2000,5825.0000,5845.2000,5845.4000,5845.6000,5846.0000,5846.2000,1,1,1,2,3,1,1,1,1,1
SF,IC2106,2020-10-30 09:34:01.500,5843.0000,12402,-1,217395840.000,1,0,1,双平,S,5835.6000,5830.0000,5825.2000,5825.0000,5823.8000,5845.0000,5845.2000,5845.6000,5846.0000,5846.2000,1,1,2,3,1,1,1,1,1,1
SF,IC2106,2020-10-30 09:34:02.000,5843.0000,12402,0,217395840.000,0,-,-,-,-,5839.2000,5838.8000,5838.4000,5838.0000,5837.0000,5843.4000,5845.0000,5845.2000,5845.6000,5846.2000,2,1,2,3,1,1,1,1,1,1
SF,IC2106,2020-10-30 09:34:02.500,5843.4000,12401,-1,218564520.000,1,0,1,双平,S,5840.0000,5839.8000,5839.6000,5839.4000,5839.2000,5845.2000,5845.6000,5846.2000,5855.0000,5860.0000,1,1,1,3,2,1,1,1,1,10
SF,IC2106,2020-10-30 09:34:03.000,5843.4000,12401,0,218564520.000,0,-,-,-,-,5840.2000,5840.0000,5839.8000,5839.6000,5839.4000,5845.0000,5845.2000,5845.6000,5846.2000,5855.0000,2,1,1,1,1,1,1,1,1,1
SF,IC2106,2020-10-30 09:34:03.500,5843.4000,12401,0,218564520.000,0,-,-,-,-,5840.2000,5840.0000,5839.8000,5839.6000,5839.4000,5844.8000,5845.0000,5845.2000,5845.6000,5846.2000,2,1,1,1,1,1,1,1,1,1
SF,IC2106,2020-10-30 09:34:04.000,5843.4000,12401,0,218564520.000,0,-,-,-,-,5841.0000,5840.2000,5839.2000,5838.4000,5838.0000,5843.6000,5844.6000,5844.8000,5845.2000,5845.6000,1,2,2,1,2,1,1,1,1,1
SF,IC2106,2020-10-30 09:34:04.500,5841.0000,12400,-1,219732720.000,1,0,1,双平,S,5840.2000,5838.0000,5837.0000,5835.6000,5830.0000,5843.2000,5843.4000,5843.6000,5844.8000,5845.2000,1,1,1,1,1,1,2,1,1,1
SF,IC2106,2020-10-30 09:34:05.000,5840.2000,12399,-1,220900760.000,1,0,1,双平,S,5838.0000,5837.0000,5835.6000,5830.0000,5825.2000,5843.0000,5843.2000,5843.4000,5843.6000,5844.8000,1,1,1,1,2,2,1,1,1,1
SF,IC2106,2020-10-30 09:34:05.500,5840.2000,12399,0,220900760.000,0,-,-,-,-,5838.2000,5835.6000,5830.0000,5825.2000,5825.0000,5843.0000,5843.2000,5843.4000,5843.6000,5844.8000,1,1,1,1,3,2,1,1,1,1
SF,IC2106,2020-10-30 09:34:06.000,5842.8000,12398,-1,222069320.000,1,0,1,双平,S,5838.2000,5835.6000,5830.0000,5825.2000,5825.0000,5843.0000,5843.2000,5843.4000,5843.6000,5844.8000,1,1,1,1,3,2,1,1,1,1
SF,IC2106,2020-10-30 09:34:06.500,5842.8000,12398,0,222069320.000,0,-,-,-,-,5838.2000,5837.0000,5835.6000,5830.0000,5825.2000,5843.0000,5843.2000,5843.4000,5843.6000,5844.8000,1,1,1,1,1,2,1,1,1,1
SF,IC2106,2020-10-30 09:34:07.000,5842.8000,12398,0,222069320.000,0,-,-,-,-,5838.2000,5837.0000,5830.0000,5825.2000,5825.0000,5843.0000,5843.4000,5843.6000,5844.8000,5845.2000,1,1,1,1,3,2,1,1,1,1
SF,IC2106,2020-10-30 09:34:07.500,5842.8000,12398,0,222069320.000,0,-,-,-,-,5838.2000,5837.0000,5830.0000,5825.2000,5825.0000,5842.6000,5843.0000,5843.4000,5843.6000,5845.2000,1,1,1,1,3,1,3,1,1,1
SF,IC2106,2020-10-30 09:34:08.000,5842.8000,12398,0,222069320.000,0,-,-,-,-,5838.4000,5838.2000,5837.0000,5830.0000,5825.2000,5842.4000,5842.6000,5843.0000,5843.4000,5843.6000,1,1,1,1,1,1,1,1,1,1
SF,IC2106,2020-10-30 09:34:08.500,5842.8000,12398,0,222069320.000,0,-,-,-,-,5838.6000,5838.4000,5837.0000,5830.0000,5825.2000,5842.4000,5842.6000,5843.0000,5843.4000,5843.6000,1,1,1,1,1,1,1,1,1,1
SF,IC2106,2020-10-30 09:34:09.000,5842.8000,12398,0,222069320.000,0,-,-,-,-,5838.8000,5838.6000,5837.0000,5830.0000,5825.2000,5842.4000,5842.6000,5843.0000,5843.4000,5843.6000,1,1,1,1,1,1,1,1,1,1
SF,IC2106,2020-10-30 09:34:09.500,5842.8000,12398,0,222069320.000,0,-,-,-,-,5839.0000,5838.8000,5837.0000,5830.0000,5825.2000,5842.4000,5842.6000,5843.0000,5843.6000,5855.0000,1,1,1,1,1,1,1,1,1,1
SF,IC2106,2020-10-30 09:34:10.000,5842.8000,12398,0,222069320.000,0,-,-,-,-,5839.2000,5837.0000,5830.0000,5825.2000,5825.0000,5842.4000,5842.6000,5843.0000,5843.6000,5855.0000,2,1,1,1,3,1,1,1,1,1
SF,IC2106,2020-10-30 09:34:10.500,5842.8000,12398,0,222069320.000,0,-,-,-,-,5839.2000,5837.0000,5830.0000,5825.2000,5825.0000,5840.8000,5842.4000,5843.0000,5855.0000,5860.0000,2,1,1,1,3,1,1,1,1,10
SF,IC2106,2020-10-30 09:34:11.000,5840.8000,12397,-1,223237480.000,1,0,1,双平,S,5839.2000,5837.0000,5830.0000,5825.2000,5825.0000,5842.4000,5843.0000,5855.0000,5860.0000,5863.8000,1,1,1,1,3,1,1,1,10,5
SF,IC2106,2020-10-30 09:34:11.500,5840.8000,12397,0,223237480.000,0,-,-,-,-,5839.4000,5839.2000,5837.0000,5830.0000,5825.2000,5842.2000,5842.4000,5843.0000,5855.0000,5860.0000,1,1,1,1,1,1,1,1,1,10
SF,IC2106,2020-10-30 09:34:12.000,5840.8000,12397,0,223237480.000,0,-,-,-,-,5839.4000,5839.2000,5837.0000,5830.0000,5825.2000,5842.0000,5842.2000,5843.0000,5855.0000,5860.0000,1,1,1,1,1,3,1,1,1,10
SF,IC2106,2020-10-30 09:34:12.500,5840.8000,12397,0,223237480.000,0,-,-,-,-,5839.2000,5837.0000,5830.0000,5825.2000,5825.0000,5842.0000,5842.2000,5843.0000,5855.0000,5860.0000,1,1,1,1,3,3,1,1,1,10
SF,IC2106,2020-10-30 09:34:13.000,5839.2000,12396,-1,224405320.000,1,0,1,双平,S,5837.0000,5830.0000,5825.2000,5825.0000,5823.8000,5841.6000,5841.8000,5842.0000,5843.0000,5855.0000,1,1,1,3,1,1,3,2,1,1
SF,IC2106,2020-10-30 09:34:13.500,5839.2000,12396,0,224405320.000,0,-,-,-,-,5838.0000,5837.2000,5837.0000,5830.0000,5825.2000,5841.4000,5841.8000,5842.0000,5843.0000,5855.0000,1,1,1,1,1,2,1,1,1,1
SF,IC2106,2020-10-30 09:34:14.000,5839.2000,12396,0,224405320.000,0,-,-,-,-,5838.2000,5838.0000,5837.0000,5830.0000,5825.2000,5839.2000,5841.4000,5841.8000,5842.0000,5843.0000,1,1,1,1,1,1,2,1,1,1
SF,IC2106,2020-10-30 09:34:14.500,5838.2000,12395,-1,226740800.000,2,0,2,多平,S,5839.2000,5838.0000,5837.0000,5830.0000,5825.2000,5841.4000,5841.8000,5843.0000,5855.0000,5860.0000,1,1,1,1,1,2,1,1,1,10
SF,IC2106,2020-10-30 09:34:15.000,5841.2000,12393,-2,229076880.000,2,0,2,双平,S,5838.0000,5837.0000,5830.0000,5825.2000,5825.0000,5841.4000,5841.8000,5843.0000,5855.0000,5860.0000,1,1,1,1,3,1,1,1,1,10
SF,IC2106,2020-10-30 09:34:15.500,5841.2000,12393,0,229076880.000,0,-,-,-,-,5838.2000,5838.0000,5837.0000,5830.0000,5825.2000,5841.2000,5841.4000,5841.8000,5843.0000,5855.0000,1,1,1,1,1,1,1,1,1,1
SF,IC2106,2020-10-30 09:34:16.000,5841.2000,12393,0,229076880.000,0,-,-,-,-,5838.2000,5838.0000,5837.0000,5830.0000,5825.2000,5841.0000,5841.2000,5843.0000,5855.0000,5860.0000,1,1,1,1,1,1,1,1,1,10
SF,IC2106,2020-10-30 09:34:16.500,5841.2000,12393,0,229076880.000,0,-,-,-,-,5838.4000,5838.2000,5838.0000,5837.0000,5830.0000,5841.0000,5843.0000,5855.0000,5860.0000,5863.8000,2,1,1,1,1,1,1,1,10,5
SF,IC2106,2020-10-30 09:34:17.000,5841.2000,12392,-1,230245120.000,1,0,1,双平,S,5838.6000,5838.4000,5838.0000,5837.0000,5830.0000,5843.0000,5855.0000,5860.0000,5863.8000,5865.8000,1,2,1,1,1,1,1,10,5,1
SF,IC2106,2020-10-30 09:34:17.500,5841.2000,12392,0,230245120.000,0,-,-,-,-,5838.8000,5838.6000,5838.4000,5838.0000,5837.0000,5842.6000,5842.8000,5843.0000,5855.0000,5860.0000,1,1,1,1,1,1,1,1,1,10
SF,IC2106,2020-10-30 09:34:18.000,5841.2000,12392,0,230245120.000,0,-,-,-,-,5839.0000,5838.8000,5838.0000,5837.0000,5830.0000,5842.2000,5842.4000,5842.6000,5843.0000,5855.0000,1,1,1,1,1,1,1,1,1,1
SF,IC2106,2020-10-30 09:34:18.500,5841.2000,12392,0,230245120.000,0,-,-,-,-,5839.2000,5839.0000,5838.0000,5837.0000,5830.0000,5842.0000,5843.0000,5855.0000,5860.0000,5863.8000,1,1,1,1,1,1,1,1,10,5
SF,IC2106,2020-10-30 09:34:19.000,5841.2000,12392,0,230245120.000,0,-,-,-,-,5840.0000,5839.4000,5839.2000,5838.0000,5837.0000,5842.0000,5843.0000,5855.0000,5860.0000,5863.8000,2,1,1,1,1,1,1,1,10,5
SF,IC2106,2020-10-30 09:34:20.000,5842.0000,12391,-1,231413520.000,1,0,1,双平,S,5839.4000,5839.2000,5838.0000,5837.0000,5830.0000,5843.0000,5855.0000,5860.0000,5863.8000,5865.8000,1,1,1,1,1,1,1,10,5,1
SF,IC2106,2020-10-30 09:34:20.500,5842.0000,12391,0,231413520.000,0,-,-,-,-,5839.6000,5839.4000,5838.0000,5837.0000,5830.0000,5842.8000,5843.0000,5855.0000,5860.0000,5863.8000,1,1,1,1,1,2,1,1,10,5
SF,IC2106,2020-10-30 09:34:21.000,5842.0000,12391,0,231413520.000,0,-,-,-,-,5839.8000,5839.6000,5838.0000,5837.0000,5830.0000,5842.8000,5843.0000,5855.0000,5860.0000,5863.8000,1,1,1,1,1,2,1,1,10,5
SF,IC2106,2020-10-30 09:34:21.500,5842.0000,12391,0,231413520.000,0,-,-,-,-,5840.2000,5839.8000,5839.6000,5838.0000,5837.0000,5842.4000,5842.8000,5843.0000,5855.0000,5860.0000,2,1,1,1,1,1,2,1,1,10
SF,IC2106,2020-10-30 09:34:22.000,5842.0000,12391,0,231413520.000,0,-,-,-,-,5842.4000,5840.4000,5840.2000,5838.0000,5837.0000,5842.8000,5843.0000,5855.0000,5860.0000,5863.8000,1,1,2,1,1,1,1,1,10,5
SF,IC2106,2020-10-30 09:34:22.500,5842.8000,12388,-3,234919160.000,3,0,3,双平,S,5840.4000,5840.2000,5838.0000,5837.0000,5830.0000,5855.0000,5860.0000,5863.8000,5865.8000,5868.6000,1,2,1,1,1,1,10,5,1,1
SF,IC2106,2020-10-30 09:34:23.000,5842.8000,12388,0,234919160.000,0,-,-,-,-,5840.4000,5840.2000,5838.0000,5837.0000,5830.0000,5846.4000,5847.4000,5852.8000,5854.8000,5855.0000,1,2,1,1,1,5,1,1,4,1
SF,IC2106,2020-10-30 09:34:23.500,5842.8000,12388,0,234919160.000,0,-,-,-,-,5841.4000,5840.4000,5838.0000,5837.0000,5830.0000,5845.8000,5846.0000,5846.2000,5846.4000,5847.4000,2,1,1,1,1,1,1,3,5,1
SF,IC2106,2020-10-30 09:34:24.000,5842.8000,12388,0,234919160.000,0,-,-,-,-,5840.6000,5840.4000,5838.0000,5837.0000,5830.0000,5844.8000,5845.4000,5845.6000,5846.0000,5846.2000,1,1,1,1,1,2,2,2,1,1
SF,IC2106,2020-10-30 09:34:24.500,5842.8000,12388,0,234919160.000,0,-,-,-,-,5840.8000,5840.6000,5838.0000,5837.0000,5830.0000,5844.4000,5844.6000,5844.8000,5845.4000,5846.0000,1,1,1,1,1,1,3,2,1,1
SF,IC2106,2020-10-30 09:34:25.000,5842.8000,12388,0,234919160.000,0,-,-,-,-,5840.6000,5838.0000,5837.0000,5830.0000,5825.2000,5844.0000,5844.2000,5844.4000,5844.6000,5844.8000,1,1,1,1,1,1,2,1,1,2
SF,IC2106,2020-10-30 09:34:25.500,5840.6000,12387,-1,236087280.000,1,0,1,双平,S,5838.0000,5837.0000,5830.0000,5825.0000,5823.8000,5843.2000,5843.6000,5843.8000,5844.4000,5844.6000,1,1,1,3,1,1,4,2,1,1
SF,IC2106,2020-10-30 09:34:26.000,5840.6000,12387,0,236087280.000,0,-,-,-,-,5838.2000,5838.0000,5837.0000,5830.0000,5825.0000,5842.8000,5843.0000,5843.2000,5843.6000,5844.4000,1,1,1,1,3,2,2,2,4,1
SF,IC2106,2020-10-30 09:34:26.500,5840.6000,12387,0,236087280.000,0,-,-,-,-,5838.2000,5838.0000,5837.0000,5830.0000,5825.0000,5842.6000,5842.8000,5843.2000,5843.6000,5844.4000,1,1,1,1,3,2,1,1,3,1
SF,IC2106,2020-10-30 09:34:27.000,5840.6000,12387,0,236087280.000,0,-,-,-,-,5838.4000,5838.2000,5838.0000,5837.0000,5830.0000,5842.2000,5842.6000,5842.8000,5843.2000,5843.6000,1,1,1,1,2,1,2,1,1,3
SF,IC2106,2020-10-30 09:34:27.500,5840.6000,12387,0,236087280.000,0,-,-,-,-,5838.6000,5838.4000,5838.0000,5837.0000,5830.0000,5842.0000,5842.2000,5842.8000,5843.2000,5843.6000,1,1,1,1,2,1,1,1,1,1
SF,IC2106,2020-10-30 09:34:28.000,5840.6000,12387,0,236087280.000,0,-,-,-,-,5839.0000,5838.6000,5838.4000,5838.0000,5837.0000,5841.6000,5842.0000,5842.2000,5842.8000,5843.2000,1,1,1,1,1,1,1,1,1,1
SF,IC2106,2020-10-30 09:34:28.500,5841.6000,12387,0,237255600.000,1,0,1,多换,S,5839.2000,5838.4000,5838.0000,5837.0000,5830.0000,5842.0000,5842.2000,5842.8000,5843.2000,5843.6000,2,1,1,1,2,1,1,1,1,1
SF,IC2106,2020-10-30 09:34:29.000,5841.6000,12387,0,237255600.000,0,-,-,-,-,5839.2000,5838.0000,5837.0000,5830.0000,5825.0000,5841.6000,5841.8000,5842.0000,5842.2000,5842.8000,1,1,1,2,3,1,1,1,1,1
SF,IC2106,2020-10-30 09:34:29.500,5839.2000,12386,-1,238423440.000,1,0,1,双平,S,5838.0000,5837.0000,5830.0000,5825.0000,5823.8000,5841.4000,5841.6000,5842.0000,5842.2000,5842.8000,1,1,2,3,1,1,1,1,1,1
SF,IC2106,2020-10-30 09:34:30.000,5841.0000,12385,-1,240759240.000,2,0,2,多平,S,5837.0000,5830.0000,5825.0000,5823.8000,5820.0000,5841.2000,5841.4000,5841.6000,5842.2000,5842.8000,1,2,3,1,2,2,1,1,1,1
