市场代码,合约代码,时间,最新,持仓,增仓,成交额,成交量,开仓,平仓,成交类型,方向,买一价,买二价,买三价,买四价,买五价,卖一价,卖二价,卖三价,卖四价,卖五价,买一量,买二量,买三量,买四量,买五量,卖一量,卖二量,卖三量,卖四量,卖五量
SF,IC2106,2020-10-27 09:29:00.200,5746.0000,9415,0,4596800.000,4.000,-,-,-,-,5740.2000,5735.0000,5731.2000,5731.0000,5730.0000,5747.8000,5748.0000,5748.8000,5749.0000,5755.0000,1,1,1,1,1,1,5,1,1,1
SF,IC2106,2020-10-27 09:30:00.200,5746.0000,9415,0,4596800.000,0,-,-,-,-,5743.4000,5740.2000,5735.0000,5731.2000,5731.0000,5747.8000,5748.0000,5748.8000,5749.0000,5755.0000,1,1,1,1,1,1,5,1,1,1
SF,IC2106,2020-10-27 09:30:00.700,5747.8000,9414,-1,6895920.000,2,0,2,多平,S,5744.2000,5743.6000,5743.4000,5742.8000,5742.4000,5746.0000,5747.4000,5748.8000,5749.0000,5755.0000,2,1,1,1,1,1,1,1,1,1
SF,IC2106,2020-10-27 09:30:01.200,5744.2000,9413,-1,9193960.000,2,0,2,多平,S,5744.2000,5743.4000,5742.8000,5742.4000,5742.0000,5747.4000,5749.0000,5755.0000,5758.6000,5759.4000,1,1,1,1,1,1,1,1,1,1
SF,IC2106,2020-10-27 09:30:01.700,5747.4000,9413,0,11492280.000,2,1,1,多换,S,5747.0000,5743.4000,5742.8000,5741.0000,5740.2000,5749.0000,5755.0000,5761.2000,5761.8000,5770.0000,2,1,1,1,1,1,1,1,1,1
SF,IC2106,2020-10-27 09:30:02.200,5741.0000,9414,1,16087840.000,4,2,2,空开,S,5740.2000,5736.2000,5731.2000,5731.0000,5730.0000,5741.0000,5749.0000,5755.0000,5761.2000,5761.8000,1,5,1,1,1,7,1,1,1,1
SF,IC2106,2020-10-27 09:30:02.700,5741.0000,9414,0,24125240.000,7,3,4,多换,S,5742.0000,5740.8000,5740.2000,5736.2000,5731.2000,5749.0000,5755.0000,5761.2000,5761.8000,5770.0000,1,4,1,5,1,1,1,1,1,1
SF,IC2106,2020-10-27 09:30:03.200,5741.0000,9414,0,24125240.000,0,-,-,-,-,5742.2000,5742.0000,5740.8000,5740.2000,5736.2000,5747.0000,5748.4000,5748.6000,5749.0000,5755.0000,1,1,4,1,5,1,1,1,1,1
SF,IC2106,2020-10-27 09:30:03.700,5745.6000,9414,0,26423480.000,2,1,1,多换,S,5746.0000,5742.2000,5740.8000,5740.2000,5736.2000,5746.4000,5755.0000,5761.2000,5761.8000,5770.0000,3,1,3,1,5,1,1,1,1,1
SF,IC2106,2020-10-27 09:30:04.200,5746.4000,9414,0,31020360.000,4,2,2,多换,S,5746.2000,5744.0000,5742.2000,5741.4000,5740.2000,5755.0000,5761.2000,5761.8000,5770.0000,5771.0000,1,1,1,1,1,1,1,1,1,5
SF,IC2106,2020-10-27 09:30:04.700,5746.2000,9413,-1,33318880.000,2,0,2,多平,S,5744.0000,5741.4000,5740.2000,5736.2000,5734.4000,5749.8000,5750.4000,5750.8000,5751.0000,5751.2000,1,1,1,5,1,1,2,1,2,3
SF,IC2106,2020-10-27 09:30:05.200,5746.2000,9413,0,33318880.000,0,-,-,-,-,5744.0000,5741.4000,5740.2000,5736.2000,5731.2000,5749.6000,5749.8000,5750.4000,5750.8000,5751.0000,1,1,1,5,1,1,1,2,1,2
SF,IC2106,2020-10-27 09:30:05.700,5746.2000,9413,0,33318880.000,0,-,-,-,-,5744.0000,5741.4000,5740.2000,5736.2000,5731.2000,5749.6000,5751.2000,5755.0000,5761.2000,5761.8000,1,1,1,5,1,1,1,1,1,1
SF,IC2106,2020-10-27 09:30:06.200,5746.2000,9413,0,33318880.000,0,-,-,-,-,5744.0000,5741.4000,5741.0000,5740.2000,5736.2000,5749.6000,5755.0000,5761.2000,5761.8000,5770.0000,1,1,1,1,5,1,1,1,1,1
SF,IC2106,2020-10-27 09:30:06.700,5746.2000,9413,0,33318880.000,0,-,-,-,-,5744.0000,5741.4000,5741.0000,5740.2000,5736.2000,5749.6000,5755.0000,5761.2000,5761.8000,5771.0000,1,1,1,1,5,1,1,1,1,5
SF,IC2106,2020-10-27 09:30:07.700,5746.2000,9413,0,33318880.000,0,-,-,-,-,5744.2000,5744.0000,5741.4000,5741.0000,5740.2000,5749.6000,5755.0000,5761.2000,5761.8000,5771.0000,2,1,1,1,1,1,1,1,1,5
SF,IC2106,2020-10-27 09:30:08.200,5746.2000,9413,0,33318880.000,0,-,-,-,-,5744.0000,5741.4000,5741.0000,5740.2000,5736.2000,5749.6000,5749.8000,5755.0000,5761.2000,5761.8000,1,1,1,1,5,1,2,1,1,1
SF,IC2106,2020-10-27 09:30:09.700,5746.2000,9413,0,33318880.000,0,-,-,-,-,5744.0000,5741.4000,5740.2000,5736.2000,5731.2000,5749.6000,5749.8000,5755.0000,5761.2000,5761.8000,1,1,1,5,1,1,2,1,1,1
SF,IC2106,2020-10-27 09:30:10.700,5746.2000,9413,0,33318880.000,0,-,-,-,-,5744.0000,5741.4000,5740.2000,5736.2000,5731.2000,5749.6000,5749.8000,5755.0000,5761.2000,5761.8000,1,1,1,5,1,2,2,1,1,1
SF,IC2106,2020-10-27 09:30:11.200,5746.2000,9413,0,33318880.000,0,-,-,-,-,5744.0000,5741.4000,5740.4000,5740.2000,5736.2000,5745.0000,5749.4000,5749.6000,5749.8000,5755.0000,2,1,1,1,5,6,1,2,2,1
SF,IC2106,2020-10-27 09:30:11.700,5744.0000,9414,1,41361680.000,7,4,3,空开,S,5744.0000,5741.4000,5740.4000,5740.2000,5736.2000,5749.4000,5749.6000,5749.8000,5755.0000,5761.2000,1,1,1,1,5,1,2,2,1,1
SF,IC2106,2020-10-27 09:30:12.200,5744.0000,9414,0,41361680.000,0,-,-,-,-,5744.0000,5741.4000,5740.4000,5740.2000,5736.2000,5749.2000,5749.4000,5749.6000,5749.8000,5755.0000,1,1,1,1,5,1,1,1,2,1
SF,IC2106,2020-10-27 09:30:12.700,5744.0000,9414,0,41361680.000,0,-,-,-,-,5744.2000,5744.0000,5741.4000,5740.4000,5740.2000,5749.2000,5749.6000,5749.8000,5755.0000,5761.2000,1,1,1,1,1,1,1,2,1,1
SF,IC2106,2020-10-27 09:30:13.200,5744.0000,9414,0,41361680.000,0,-,-,-,-,5745.0000,5744.2000,5744.0000,5741.4000,5740.4000,5749.2000,5749.6000,5749.8000,5755.0000,5761.2000,1,1,1,1,1,1,1,2,1,1
SF,IC2106,2020-10-27 09:30:13.700,5744.0000,9414,0,41361680.000,0,-,-,-,-,5745.0000,5744.2000,5744.0000,5741.4000,5740.4000,5749.2000,5749.6000,5749.8000,5755.0000,5761.2000,1,1,1,1,1,1,1,2,1,1
SF,IC2106,2020-10-27 09:30:14.200,5744.0000,9414,0,41361680.000,0,-,-,-,-,5745.0000,5744.0000,5741.4000,5740.4000,5740.2000,5747.8000,5749.0000,5749.2000,5749.6000,5749.8000,1,1,1,1,1,1,1,1,1,2
SF,IC2106,2020-10-27 09:30:14.700,5744.0000,9414,0,41361680.000,0,-,-,-,-,5745.0000,5744.0000,5741.4000,5740.4000,5740.2000,5747.8000,5749.0000,5749.2000,5749.6000,5749.8000,2,1,1,1,1,1,1,1,1,2
SF,IC2106,2020-10-27 09:30:16.200,5744.0000,9414,0,41361680.000,0,-,-,-,-,5746.0000,5745.0000,5744.0000,5741.4000,5740.4000,5747.8000,5748.0000,5749.0000,5749.2000,5749.6000,1,2,1,1,1,1,1,1,1,1
SF,IC2106,2020-10-27 09:30:16.700,5747.6000,9413,-1,42511200.000,1,0,1,双平,S,5746.0000,5745.0000,5744.0000,5741.4000,5740.4000,5747.8000,5748.0000,5749.0000,5749.2000,5749.6000,1,2,1,1,1,1,1,1,1,1
SF,IC2106,2020-10-27 09:30:17.700,5747.6000,9413,0,42511200.000,0,-,-,-,-,5746.0000,5745.0000,5744.0000,5741.4000,5740.4000,5747.8000,5748.0000,5749.0000,5749.2000,5749.6000,1,2,1,1,1,1,1,1,1,1
SF,IC2106,2020-10-27 09:30:18.200,5747.6000,9413,0,42511200.000,0,-,-,-,-,5746.0000,5745.0000,5744.0000,5741.4000,5740.4000,5747.8000,5748.0000,5749.0000,5749.2000,5749.6000,1,2,1,1,1,1,1,1,1,1
SF,IC2106,2020-10-27 09:30:18.700,5746.0000,9413,0,43660400.000,1,0,1,多换,S,5745.0000,5744.0000,5741.4000,5740.4000,5740.2000,5747.8000,5748.0000,5749.0000,5749.2000,5749.6000,2,1,1,1,1,1,1,1,1,1
SF,IC2106,2020-10-27 09:30:19.200,5746.0000,9413,0,43660400.000,0,-,-,-,-,5745.0000,5744.0000,5741.4000,5740.4000,5740.2000,5747.8000,5748.0000,5749.0000,5749.2000,5749.6000,2,1,1,1,1,1,1,1,1,1
SF,IC2106,2020-10-27 09:30:19.700,5745.0000,9412,-1,45958400.000,2,0,2,多平,S,5744.0000,5740.4000,5740.2000,5736.2000,5731.2000,5747.2000,5747.8000,5748.0000,5749.0000,5749.2000,1,1,1,5,1,1,1,1,1,1
SF,IC2106,2020-10-27 09:30:20.700,5745.0000,9412,0,45958400.000,0,-,-,-,-,5744.0000,5740.4000,5740.2000,5736.2000,5731.2000,5746.0000,5747.2000,5747.8000,5748.0000,5749.2000,1,1,1,5,1,2,1,1,1,1
SF,IC2106,2020-10-27 09:30:21.200,5745.0000,9412,0,45958400.000,0,-,-,-,-,5744.2000,5744.0000,5740.4000,5740.2000,5736.2000,5746.0000,5747.2000,5747.8000,5748.0000,5749.2000,1,1,1,1,5,2,1,1,1,1
SF,IC2106,2020-10-27 09:30:21.700,5745.0000,9412,0,45958400.000,0,-,-,-,-,5744.2000,5744.0000,5740.4000,5740.2000,5731.2000,5746.0000,5747.2000,5747.8000,5748.0000,5749.2000,1,1,1,1,1,2,1,1,1,1
SF,IC2106,2020-10-27 09:30:22.200,5745.0000,9412,0,45958400.000,0,-,-,-,-,5744.0000,5740.4000,5740.2000,5731.2000,5731.0000,5745.0000,5746.0000,5747.2000,5747.8000,5748.0000,1,1,1,1,2,1,2,1,1,1
SF,IC2106,2020-10-27 09:30:22.700,5745.0000,9411,-1,47107400.000,1,0,1,双平,S,5744.2000,5744.0000,5740.4000,5740.2000,5731.2000,5746.0000,5747.2000,5747.8000,5748.0000,5749.2000,1,1,1,1,1,2,1,1,1,1
SF,IC2106,2020-10-27 09:30:23.200,5746.0000,9411,0,49405800.000,2,1,1,多换,S,5744.2000,5744.0000,5740.4000,5740.2000,5731.2000,5746.4000,5747.2000,5747.8000,5748.0000,5749.2000,1,1,1,1,1,1,1,1,1,1
SF,IC2106,2020-10-27 09:30:23.700,5746.0000,9411,0,49405800.000,0,-,-,-,-,5744.2000,5744.0000,5740.4000,5740.2000,5739.2000,5746.4000,5747.2000,5747.8000,5748.0000,5749.2000,1,1,1,1,1,1,1,1,1,1
SF,IC2106,2020-10-27 09:30:26.700,5746.4000,9411,0,50555080.000,1,0,1,多换,S,5744.2000,5744.0000,5740.4000,5740.2000,5739.2000,5747.2000,5747.8000,5748.0000,5749.2000,5749.6000,1,1,1,1,1,1,1,1,1,1
SF,IC2106,2020-10-27 09:30:27.200,5746.4000,9411,0,52853800.000,2,1,1,多换,S,5744.2000,5744.0000,5740.4000,5739.2000,5731.2000,5747.8000,5748.0000,5749.2000,5749.6000,5755.0000,1,1,1,1,1,1,1,1,1,1
SF,IC2106,2020-10-27 09:30:27.700,5746.4000,9411,0,52853800.000,0,-,-,-,-,5744.2000,5744.0000,5740.4000,5739.2000,5731.2000,5747.6000,5747.8000,5748.0000,5749.6000,5755.0000,1,1,1,1,1,1,1,1,1,1
SF,IC2106,2020-10-27 09:30:28.700,5746.4000,9411,0,52853800.000,0,-,-,-,-,5744.6000,5744.2000,5744.0000,5740.4000,5739.2000,5747.6000,5747.8000,5748.0000,5749.6000,5755.0000,2,1,1,1,1,1,1,1,1,1
SF,IC2106,2020-10-27 09:30:29.200,5746.4000,9411,0,52853800.000,0,-,-,-,-,5744.8000,5744.6000,5744.2000,5744.0000,5740.4000,5747.6000,5747.8000,5748.0000,5749.6000,5761.2000,1,2,1,1,1,1,1,1,1,1
SF,IC2106,2020-10-27 09:30:29.700,5746.4000,9411,0,52853800.000,0,-,-,-,-,5744.8000,5744.0000,5740.4000,5739.2000,5731.2000,5747.8000,5748.0000,5749.6000,5761.2000,5771.0000,1,1,1,1,1,1,1,1,1,5
SF,IC2106,2020-10-27 09:30:30.700,5746.4000,9411,0,52853800.000,0,-,-,-,-,5744.0000,5740.4000,5739.2000,5731.2000,5731.0000,5746.4000,5747.8000,5748.0000,5749.6000,5761.2000,1,1,1,1,2,1,1,1,1,1
SF,IC2106,2020-10-27 09:30:31.200,5746.4000,9411,0,52853800.000,0,-,-,-,-,5744.0000,5740.4000,5739.2000,5731.2000,5731.0000,5746.2000,5746.4000,5747.8000,5748.0000,5749.6000,1,1,1,1,2,1,1,1,1,1
SF,IC2106,2020-10-27 09:30:31.700,5744.0000,9410,-1,54002600.000,1,0,1,双平,S,5740.4000,5739.2000,5731.2000,5731.0000,5730.4000,5746.2000,5746.4000,5747.8000,5748.0000,5749.6000,1,1,1,2,5,1,1,1,1,1
SF,IC2106,2020-10-27 09:30:32.200,5746.0000,9409,-1,55151800.000,1,0,1,双平,S,5744.2000,5744.0000,5743.8000,5743.4000,5742.8000,5746.4000,5747.8000,5748.0000,5749.6000,5761.2000,2,2,2,2,2,1,1,1,1,1
SF,IC2106,2020-10-27 09:30:32.700,5746.0000,9409,0,55151800.000,0,-,-,-,-,5742.8000,5740.6000,5740.4000,5739.2000,5731.2000,5744.0000,5746.4000,5747.8000,5748.0000,5749.6000,1,1,1,1,1,1,1,1,1,1
SF,IC2106,2020-10-27 09:30:33.200,5744.0000,9408,-1,56300600.000,1,0,1,双平,S,5744.4000,5742.8000,5740.6000,5740.4000,5739.2000,5746.4000,5747.8000,5748.0000,5749.6000,5761.2000,1,2,1,1,1,1,1,1,1,1
SF,IC2106,2020-10-27 09:30:33.700,5744.0000,9408,0,56300600.000,0,-,-,-,-,5744.4000,5742.8000,5740.4000,5739.2000,5731.2000,5746.2000,5746.4000,5747.8000,5748.0000,5749.6000,1,2,1,1,1,1,1,1,1,1
SF,IC2106,2020-10-27 09:30:34.200,5744.4000,9407,-1,57449480.000,1,0,1,双平,S,5740.4000,5739.2000,5731.2000,5731.0000,5730.4000,5744.2000,5746.2000,5746.4000,5747.8000,5748.0000,1,1,1,2,5,2,1,1,1,1
SF,IC2106,2020-10-27 09:30:34.700,5744.4000,9407,0,57449480.000,0,-,-,-,-,5742.0000,5741.4000,5740.8000,5740.6000,5740.4000,5744.0000,5746.4000,5747.8000,5748.0000,5749.6000,1,1,4,1,1,1,1,1,1,1
SF,IC2106,2020-10-27 09:30:35.200,5744.0000,9406,-1,58598280.000,1,0,1,双平,S,5744.0000,5742.8000,5742.0000,5740.8000,5740.6000,5746.4000,5747.8000,5748.0000,5749.6000,5761.2000,1,2,3,4,1,1,1,1,1,1
SF,IC2106,2020-10-27 09:30:35.700,5744.0000,9406,0,58598280.000,0,-,-,-,-,5744.0000,5742.8000,5742.0000,5740.8000,5740.6000,5746.4000,5747.8000,5748.0000,5749.6000,5761.2000,1,2,3,2,1,1,1,1,1,1
SF,IC2106,2020-10-27 09:30:36.200,5744.0000,9406,0,58598280.000,0,-,-,-,-,5744.0000,5742.8000,5742.0000,5740.8000,5740.6000,5746.4000,5747.8000,5748.0000,5749.6000,5761.2000,1,2,3,1,1,1,1,1,1,1
SF,IC2106,2020-10-27 09:30:36.700,5744.0000,9406,0,58598280.000,0,-,-,-,-,5744.0000,5742.8000,5742.0000,5740.8000,5740.6000,5746.4000,5747.8000,5748.0000,5749.6000,5758.0000,1,2,3,1,1,1,1,1,1,1
SF,IC2106,2020-10-27 09:30:37.200,5744.0000,9406,0,58598280.000,0,-,-,-,-,5744.2000,5744.0000,5742.8000,5742.0000,5740.8000,5746.4000,5747.8000,5748.0000,5749.6000,5758.0000,1,1,2,3,1,1,1,1,1,1
SF,IC2106,2020-10-27 09:30:37.700,5744.0000,9406,0,58598280.000,0,-,-,-,-,5744.2000,5744.0000,5742.8000,5740.6000,5740.4000,5746.4000,5747.8000,5748.0000,5749.6000,5758.0000,3,1,1,1,1,2,1,1,1,1
SF,IC2106,2020-10-27 09:30:38.700,5746.4000,9406,0,60896840.000,2,1,1,多换,S,5746.4000,5746.0000,5745.6000,5744.2000,5744.0000,5747.8000,5748.0000,5749.6000,5758.0000,5761.2000,1,1,7,1,1,1,1,1,1,1
SF,IC2106,2020-10-27 09:30:39.200,5748.0000,9407,1,63196000.000,2,1,1,空开,S,5747.0000,5746.6000,5746.4000,5746.0000,5745.6000,5749.6000,5758.0000,5761.2000,5771.0000,5777.8000,1,1,1,1,6,1,1,1,5,1
SF,IC2106,2020-10-27 09:30:39.700,5749.6000,9408,1,64345920.000,1,1,0,双开,S,5747.0000,5746.6000,5746.4000,5746.0000,5745.6000,5758.0000,5761.2000,5776.8000,5777.8000,5784.6000,1,1,1,1,6,1,1,5,1,1
SF,IC2106,2020-10-27 09:30:40.200,5749.6000,9408,0,64345920.000,0,-,-,-,-,5747.2000,5747.0000,5746.6000,5746.4000,5746.0000,5756.8000,5757.4000,5758.0000,5761.2000,5776.8000,1,1,1,1,1,2,1,1,1,5
SF,IC2106,2020-10-27 09:30:40.700,5749.6000,9408,0,64345920.000,0,-,-,-,-,5747.2000,5747.0000,5746.6000,5746.4000,5746.0000,5756.6000,5756.8000,5757.4000,5758.0000,5761.2000,1,1,1,1,1,1,2,1,1,1
SF,IC2106,2020-10-27 09:30:41.200,5747.2000,9408,0,65495360.000,1,0,1,多换,S,5747.0000,5746.4000,5746.0000,5745.6000,5740.4000,5756.6000,5756.8000,5757.4000,5758.0000,5761.2000,1,1,1,6,1,1,2,1,1,1
SF,IC2106,2020-10-27 09:30:41.700,5747.2000,9409,1,66644800.000,1,1,0,双开,S,5748.4000,5747.4000,5747.2000,5746.0000,5745.6000,5753.0000,5756.6000,5758.0000,5761.2000,5776.8000,2,2,2,1,1,1,1,1,1,5
SF,IC2106,2020-10-27 09:30:42.200,5747.2000,9409,0,66644800.000,0,-,-,-,-,5748.6000,5748.4000,5747.4000,5747.2000,5746.0000,5753.0000,5755.2000,5758.0000,5761.2000,5776.8000,2,2,2,1,1,1,1,1,1,5
SF,IC2106,2020-10-27 09:30:42.700,5747.2000,9409,0,66644800.000,0,-,-,-,-,5748.6000,5746.0000,5745.6000,5740.4000,5736.2000,5753.0000,5755.2000,5758.0000,5761.2000,5776.8000,2,1,1,1,5,1,1,1,1,5
SF,IC2106,2020-10-27 09:30:43.200,5747.2000,9409,0,66644800.000,0,-,-,-,-,5748.6000,5746.0000,5745.6000,5740.4000,5736.2000,5752.8000,5753.0000,5755.2000,5758.0000,5761.2000,1,1,1,1,5,1,1,1,1,1
SF,IC2106,2020-10-27 09:30:43.700,5747.2000,9409,0,66644800.000,0,-,-,-,-,5746.0000,5745.6000,5740.4000,5736.2000,5731.2000,5752.6000,5752.8000,5753.0000,5755.2000,5758.0000,1,1,1,5,1,1,1,1,1,1
SF,IC2106,2020-10-27 09:30:44.200,5747.2000,9409,0,66644800.000,0,-,-,-,-,5747.0000,5746.0000,5745.6000,5740.4000,5736.2000,5752.4000,5752.6000,5753.0000,5755.2000,5758.0000,1,2,1,1,5,1,1,1,1,1
SF,IC2106,2020-10-27 09:30:44.700,5747.2000,9409,0,66644800.000,0,-,-,-,-,5748.4000,5747.4000,5747.2000,5746.0000,5745.6000,5752.4000,5752.6000,5755.2000,5758.0000,5761.2000,1,2,1,2,1,1,1,1,1,1
SF,IC2106,2020-10-27 09:30:45.200,5747.2000,9409,0,66644800.000,0,-,-,-,-,5746.0000,5745.6000,5740.4000,5736.2000,5731.2000,5752.2000,5752.4000,5752.6000,5755.2000,5758.0000,2,1,1,5,1,1,1,1,1,1
SF,IC2106,2020-10-27 09:30:45.700,5752.0000,9409,0,67795200.000,1,0,1,多换,S,5747.0000,5746.2000,5746.0000,5745.6000,5740.4000,5750.4000,5752.2000,5755.2000,5758.0000,5761.2000,1,1,2,1,1,1,1,1,1,1
SF,IC2106,2020-10-27 09:30:46.200,5752.0000,9409,0,67795200.000,0,-,-,-,-,5747.2000,5747.0000,5746.0000,5745.6000,5740.4000,5750.4000,5755.2000,5758.0000,5761.2000,5776.8000,3,1,2,1,1,2,1,1,1,5
SF,IC2106,2020-10-27 09:30:46.700,5752.0000,9409,0,67795200.000,0,-,-,-,-,5748.4000,5747.4000,5747.2000,5746.0000,5745.6000,5750.4000,5755.2000,5761.2000,5776.8000,5777.8000,1,2,3,2,1,2,1,1,5,1
SF,IC2106,2020-10-27 09:30:47.200,5752.0000,9409,0,67795200.000,0,-,-,-,-,5748.4000,5747.4000,5747.2000,5746.0000,5745.6000,5750.2000,5750.4000,5752.0000,5755.2000,5761.2000,2,2,2,2,1,1,2,1,1,1
SF,IC2106,2020-10-27 09:30:47.700,5752.0000,9409,0,67795200.000,0,-,-,-,-,5747.2000,5746.0000,5745.6000,5740.4000,5736.2000,5750.2000,5750.4000,5752.0000,5755.2000,5761.2000,1,2,1,1,5,1,2,1,1,1
SF,IC2106,2020-10-27 09:30:48.200,5752.0000,9409,0,67795200.000,0,-,-,-,-,5747.2000,5746.0000,5745.6000,5740.4000,5736.2000,5748.4000,5750.4000,5752.0000,5755.2000,5761.2000,1,2,1,1,5,1,2,1,1,1
SF,IC2106,2020-10-27 09:30:48.700,5752.0000,9409,0,67795200.000,0,-,-,-,-,5747.4000,5746.0000,5745.6000,5740.4000,5736.2000,5750.4000,5752.0000,5755.2000,5761.2000,5776.8000,1,2,1,1,5,2,1,1,1,5
SF,IC2106,2020-10-27 09:30:49.200,5752.0000,9409,0,67795200.000,0,-,-,-,-,5750.2000,5748.4000,5747.4000,5746.0000,5745.6000,5750.4000,5752.0000,5755.2000,5761.2000,5776.8000,1,2,3,2,1,2,1,1,1,5
SF,IC2106,2020-10-27 09:30:49.700,5750.2000,9408,-1,68945240.000,1,0,1,双平,S,5747.4000,5746.0000,5745.6000,5740.4000,5736.2000,5750.4000,5752.0000,5755.2000,5761.2000,5776.8000,3,2,1,1,5,2,1,1,1,5
SF,IC2106,2020-10-27 09:30:50.200,5750.4000,9408,0,70095320.000,1,0,1,多换,S,5747.4000,5746.0000,5745.6000,5740.4000,5736.2000,5750.4000,5752.0000,5761.2000,5776.8000,5777.8000,3,2,1,1,5,2,1,1,5,1
SF,IC2106,2020-10-27 09:30:50.700,5750.4000,9408,0,70095320.000,0,-,-,-,-,5747.4000,5746.0000,5745.6000,5740.4000,5736.2000,5750.4000,5752.0000,5761.2000,5776.8000,5777.8000,1,2,1,1,5,2,1,1,5,1
SF,IC2106,2020-10-27 09:30:51.700,5750.4000,9408,0,70095320.000,0,-,-,-,-,5748.4000,5747.4000,5746.0000,5745.6000,5740.4000,5750.4000,5752.0000,5761.2000,5776.8000,5777.8000,2,4,2,1,1,2,1,1,5,1
SF,IC2106,2020-10-27 09:30:52.200,5750.4000,9408,0,70095320.000,0,-,-,-,-,5748.6000,5748.4000,5747.4000,5746.0000,5740.4000,5750.4000,5752.0000,5761.2000,5776.8000,5777.8000,1,3,4,2,1,2,1,1,5,1
SF,IC2106,2020-10-27 09:30:52.700,5750.4000,9408,0,70095320.000,0,-,-,-,-,5748.6000,5748.4000,5747.4000,5746.0000,5740.4000,5750.4000,5752.0000,5761.2000,5776.8000,5777.8000,2,3,4,1,1,2,1,1,5,1
SF,IC2106,2020-10-27 09:30:53.200,5750.4000,9408,0,72395480.000,2,1,1,多换,S,5748.8000,5748.6000,5748.4000,5747.4000,5740.4000,5750.0000,5752.0000,5761.2000,5776.8000,5777.8000,1,3,3,4,1,1,1,1,5,1
SF,IC2106,2020-10-27 09:30:53.700,5750.0000,9408,0,73545480.000,1,0,1,多换,S,5750.4000,5750.0000,5749.8000,5749.2000,5748.8000,5752.0000,5761.2000,5776.8000,5777.8000,5784.6000,1,1,1,2,1,1,1,5,1,1
SF,IC2106,2020-10-27 09:30:54.200,5752.0000,9407,-1,74695880.000,1,0,1,双平,S,5751.2000,5750.4000,5749.2000,5748.6000,5748.4000,5761.2000,5776.8000,5777.8000,5784.6000,5788.0000,1,2,2,3,1,1,5,1,1,1
SF,IC2106,2020-10-27 09:30:54.700,5751.4000,9407,0,75846160.000,1,0,1,多换,S,5750.4000,5749.2000,5748.6000,5748.4000,5747.4000,5755.2000,5759.6000,5760.0000,5761.2000,5777.8000,1,2,3,1,1,1,2,4,1,1
SF,IC2106,2020-10-27 09:30:55.200,5750.6000,9407,0,76996280.000,1,0,1,多换,S,5750.6000,5750.4000,5749.2000,5748.6000,5748.4000,5755.2000,5759.6000,5760.0000,5761.2000,5777.8000,1,1,2,3,1,1,2,4,1,1
SF,IC2106,2020-10-27 09:30:55.700,5750.6000,9407,0,78146400.000,1,0,1,多换,S,5750.4000,5749.2000,5748.6000,5748.4000,5748.0000,5755.0000,5755.2000,5759.6000,5760.0000,5761.2000,1,2,3,1,2,1,1,2,4,1
SF,IC2106,2020-10-27 09:30:56.200,5750.6000,9408,1,79296520.000,1,1,0,双开,S,5750.4000,5749.2000,5748.6000,5748.4000,5748.0000,5754.8000,5755.0000,5761.2000,5777.8000,5782.6000,2,2,2,1,2,1,1,1,1,5
SF,IC2106,2020-10-27 09:30:56.700,5750.4000,9408,0,80446600.000,1,0,1,多换,S,5750.4000,5749.2000,5748.6000,5748.4000,5748.0000,5754.6000,5754.8000,5761.2000,5777.8000,5782.6000,1,2,2,1,2,1,1,1,1,5
SF,IC2106,2020-10-27 09:30:57.200,5750.4000,9408,0,80446600.000,0,-,-,-,-,5751.2000,5750.4000,5749.2000,5748.6000,5748.0000,5754.4000,5754.6000,5761.2000,5777.8000,5782.6000,2,1,2,2,2,1,1,1,1,5
SF,IC2106,2020-10-27 09:30:57.700,5750.4000,9408,0,80446600.000,0,-,-,-,-,5751.2000,5750.4000,5748.6000,5748.0000,5747.8000,5754.4000,5754.6000,5761.2000,5777.8000,5782.6000,3,1,1,2,5,1,1,1,1,5
SF,IC2106,2020-10-27 09:30:58.200,5750.4000,9408,0,80446600.000,0,-,-,-,-,5751.2000,5750.4000,5748.0000,5747.8000,5747.4000,5754.6000,5761.2000,5777.8000,5782.6000,5784.6000,4,1,2,5,1,1,1,1,5,1
SF,IC2106,2020-10-27 09:30:58.700,5750.4000,9408,0,80446600.000,0,-,-,-,-,5752.8000,5752.0000,5751.2000,5750.8000,5748.0000,5754.6000,5761.2000,5777.8000,5782.6000,5784.6000,1,2,3,1,2,1,1,1,5,1
SF,IC2106,2020-10-27 09:30:59.200,5750.4000,9408,0,80446600.000,0,-,-,-,-,5752.8000,5752.0000,5751.2000,5750.8000,5748.0000,5761.2000,5777.8000,5782.6000,5784.6000,5788.0000,1,2,3,1,2,1,1,5,1,1
SF,IC2106,2020-10-27 09:30:59.700,5750.4000,9408,0,80446600.000,0,-,-,-,-,5754.8000,5752.0000,5751.2000,5750.8000,5749.0000,5756.8000,5757.4000,5761.0000,5761.2000,5777.8000,1,2,3,1,1,1,1,2,1,1
SF,IC2106,2020-10-27 09:31:00.200,5756.8000,9408,0,82748920.000,2,1,1,多换,S,5751.2000,5750.8000,5749.0000,5748.0000,5747.8000,5757.4000,5761.0000,5761.2000,5777.8000,5782.6000,3,1,1,2,5,1,2,1,1,5
SF,IC2106,2020-10-27 09:31:00.700,5756.8000,9408,0,82748920.000,0,-,-,-,-,5751.4000,5751.2000,5750.8000,5749.0000,5748.0000,5757.2000,5757.4000,5761.2000,5777.8000,5782.6000,1,4,1,1,2,2,1,1,1,5
SF,IC2106,2020-10-27 09:31:01.200,5756.8000,9408,0,82748920.000,0,-,-,-,-,5751.2000,5750.8000,5749.0000,5748.0000,5747.8000,5757.2000,5757.4000,5761.2000,5777.8000,5782.6000,2,1,1,2,5,2,1,1,1,5
SF,IC2106,2020-10-27 09:31:01.700,5756.8000,9408,0,82748920.000,0,-,-,-,-,5751.6000,5751.4000,5749.0000,5748.0000,5747.8000,5755.2000,5757.2000,5761.2000,5777.8000,5782.6000,1,1,1,2,5,1,2,1,1,5
SF,IC2106,2020-10-27 09:31:02.200,5756.8000,9408,0,82748920.000,0,-,-,-,-,5751.8000,5751.6000,5749.0000,5748.0000,5747.4000,5755.0000,5755.2000,5761.2000,5777.8000,5782.6000,2,1,1,2,1,3,1,1,1,5
SF,IC2106,2020-10-27 09:31:02.700,5751.6000,9408,0,86199960.000,3,1,2,多换,S,5749.0000,5748.0000,5747.4000,5747.2000,5742.0000,5750.4000,5755.0000,5755.2000,5761.2000,5777.8000,1,2,1,1,5,6,3,1,1,1
SF,IC2106,2020-10-27 09:31:03.200,5750.4000,9408,0,93100440.000,6,3,3,多换,S,5751.2000,5751.0000,5750.4000,5749.0000,5748.0000,5755.0000,5761.2000,5777.8000,5782.6000,5784.6000,4,2,4,1,2,3,1,1,5,1
SF,IC2106,2020-10-27 09:31:03.700,5750.4000,9408,0,93100440.000,0,-,-,-,-,5751.4000,5751.2000,5751.0000,5750.4000,5749.0000,5755.0000,5761.2000,5777.8000,5782.6000,5784.6000,1,5,2,4,1,3,1,1,5,1
SF,IC2106,2020-10-27 09:31:04.200,5750.4000,9408,0,93100440.000,0,-,-,-,-,5752.6000,5752.0000,5751.4000,5751.2000,5751.0000,5755.0000,5761.2000,5777.8000,5782.6000,5784.6000,1,2,1,4,2,2,1,1,5,1
SF,IC2106,2020-10-27 09:31:04.700,5750.4000,9408,0,93100440.000,0,-,-,-,-,5752.8000,5752.6000,5752.0000,5751.2000,5750.4000,5755.0000,5761.2000,5777.8000,5782.6000,5784.6000,3,1,2,4,1,1,1,1,5,1
SF,IC2106,2020-10-27 09:31:05.200,5754.8000,9407,-1,94251400.000,1,0,1,双平,S,5752.8000,5752.6000,5752.0000,5751.2000,5750.8000,5755.0000,5761.2000,5777.8000,5782.6000,5784.6000,3,1,2,4,1,1,1,1,5,1
SF,IC2106,2020-10-27 09:31:05.700,5754.8000,9407,0,95402360.000,1,0,1,多换,S,5752.8000,5752.6000,5752.4000,5752.0000,5751.2000,5754.8000,5755.0000,5761.2000,5777.8000,5782.6000,3,1,1,2,5,1,1,1,1,5
SF,IC2106,2020-10-27 09:31:06.200,5754.8000,9407,0,95402360.000,0,-,-,-,-,5754.0000,5753.6000,5752.8000,5751.2000,5750.8000,5754.8000,5755.0000,5761.2000,5777.8000,5782.6000,3,2,3,3,1,1,1,1,1,5
SF,IC2106,2020-10-27 09:31:06.700,5753.6000,9403,-4,101156200.000,5,0,5,多平,S,5751.2000,5750.8000,5750.6000,5749.0000,5748.0000,5753.6000,5754.8000,5755.0000,5761.2000,5777.8000,3,2,2,1,2,1,1,1,1,1
SF,IC2106,2020-10-27 09:31:07.200,5753.6000,9403,0,101156200.000,0,-,-,-,-,5751.2000,5750.8000,5750.6000,5749.0000,5748.0000,5753.4000,5753.6000,5754.8000,5755.0000,5761.2000,1,1,2,1,2,1,1,1,1,1
SF,IC2106,2020-10-27 09:31:07.700,5753.6000,9403,0,101156200.000,0,-,-,-,-,5751.4000,5751.2000,5750.6000,5749.0000,5748.0000,5753.6000,5753.8000,5754.8000,5755.0000,5761.2000,2,2,1,1,2,1,1,1,1,1
SF,IC2106,2020-10-27 09:31:08.200,5753.6000,9403,0,101156200.000,0,-,-,-,-,5751.4000,5751.2000,5750.6000,5749.0000,5748.0000,5753.8000,5755.0000,5761.2000,5777.8000,5782.6000,2,2,1,1,2,1,1,1,1,5
SF,IC2106,2020-10-27 09:31:08.700,5753.6000,9403,0,101156200.000,0,-,-,-,-,5753.6000,5751.4000,5751.2000,5750.6000,5749.0000,5753.8000,5755.0000,5761.2000,5777.8000,5782.6000,2,2,2,1,1,1,1,1,1,5
SF,IC2106,2020-10-27 09:31:09.200,5753.8000,9403,0,102306960.000,1,0,1,多换,S,5753.8000,5751.4000,5751.2000,5750.6000,5749.0000,5755.0000,5761.2000,5777.8000,5782.6000,5784.6000,1,2,2,1,1,1,1,1,5,1
SF,IC2106,2020-10-27 09:31:09.700,5754.0000,9403,0,104608760.000,2,1,1,多换,S,5753.8000,5751.4000,5751.2000,5750.6000,5749.0000,5761.2000,5777.8000,5782.6000,5784.6000,5787.6000,1,1,3,1,1,1,1,5,1,1
SF,IC2106,2020-10-27 09:31:10.200,5754.0000,9403,0,104608760.000,0,-,-,-,-,5754.6000,5753.8000,5751.4000,5751.2000,5750.6000,5759.6000,5760.0000,5761.0000,5761.2000,5777.8000,2,3,1,2,1,3,2,2,1,1
SF,IC2106,2020-10-27 09:31:10.700,5754.0000,9403,0,104608760.000,0,-,-,-,-,5753.8000,5751.4000,5751.2000,5750.6000,5750.0000,5755.6000,5759.4000,5759.6000,5760.0000,5761.2000,3,1,2,1,1,1,2,1,2,1
SF,IC2106,2020-10-27 09:31:11.700,5754.0000,9403,0,104608760.000,0,-,-,-,-,5753.8000,5751.4000,5751.2000,5750.6000,5750.0000,5755.6000,5759.4000,5759.6000,5760.0000,5761.2000,3,1,1,1,1,1,2,1,2,1
SF,IC2106,2020-10-27 09:31:12.200,5755.6000,9402,-1,105759880.000,1,0,1,双平,S,5754.6000,5753.8000,5751.4000,5751.2000,5750.6000,5759.4000,5761.2000,5777.8000,5782.6000,5784.6000,2,2,1,1,1,2,1,1,5,1
SF,IC2106,2020-10-27 09:31:12.700,5755.6000,9402,0,105759880.000,0,-,-,-,-,5755.6000,5754.0000,5753.8000,5751.2000,5750.6000,5759.4000,5761.2000,5777.8000,5782.6000,5784.6000,1,1,2,1,1,2,1,1,5,1
SF,IC2106,2020-10-27 09:31:13.200,5755.6000,9403,1,106911000.000,1,1,0,双开,S,5755.6000,5754.6000,5754.0000,5753.8000,5751.2000,5759.2000,5759.4000,5761.2000,5777.8000,5782.6000,5,5,1,2,1,1,2,1,1,5
SF,IC2106,2020-10-27 09:31:13.700,5755.6000,9404,1,108062120.000,1,1,0,双开,S,5755.6000,5754.6000,5753.8000,5751.2000,5750.6000,5759.0000,5759.2000,5761.2000,5777.8000,5782.6000,4,5,2,1,1,2,1,1,1,5
SF,IC2106,2020-10-27 09:31:14.200,5755.6000,9405,1,109213240.000,1,1,0,双开,S,5755.6000,5754.6000,5753.8000,5751.2000,5750.6000,5759.0000,5759.2000,5761.2000,5777.8000,5782.6000,3,5,2,1,1,2,1,1,1,5
SF,IC2106,2020-10-27 09:31:14.700,5755.6000,9406,1,110364360.000,1,1,0,双开,S,5755.6000,5753.8000,5751.2000,5750.6000,5750.0000,5758.8000,5759.0000,5759.2000,5761.2000,5777.8000,3,2,1,1,2,2,2,1,1,1
SF,IC2106,2020-10-27 09:31:15.200,5755.6000,9406,0,114968840.000,4,2,2,多换,S,5755.8000,5753.8000,5751.2000,5750.6000,5750.0000,5758.4000,5758.6000,5758.8000,5759.0000,5759.2000,1,1,1,1,2,1,1,2,1,1
SF,IC2106,2020-10-27 09:31:15.700,5758.4000,9404,-2,117271680.000,2,0,2,双平,S,5755.4000,5753.8000,5751.2000,5750.8000,5750.6000,5758.8000,5759.0000,5759.2000,5761.2000,5777.8000,5,1,1,1,1,2,1,1,1,1
SF,IC2106,2020-10-27 09:31:16.200,5758.4000,9404,0,117271680.000,0,-,-,-,-,5755.4000,5753.8000,5751.2000,5750.8000,5750.6000,5758.6000,5758.8000,5761.2000,5777.8000,5782.6000,5,1,1,1,1,2,2,1,1,5
SF,IC2106,2020-10-27 09:31:16.700,5758.4000,9404,0,117271680.000,0,-,-,-,-,5755.4000,5753.8000,5751.2000,5750.8000,5750.6000,5758.6000,5761.2000,5777.8000,5782.6000,5784.6000,5,1,1,1,1,2,1,1,5,1
SF,IC2106,2020-10-27 09:31:17.200,5758.4000,9404,0,117271680.000,0,-,-,-,-,5755.6000,5755.4000,5753.8000,5751.2000,5750.8000,5758.6000,5761.2000,5777.8000,5782.6000,5784.6000,1,5,1,1,1,2,1,1,5,1
SF,IC2106,2020-10-27 09:31:17.700,5758.4000,9404,0,117271680.000,0,-,-,-,-,5755.6000,5755.4000,5753.8000,5753.6000,5751.2000,5758.6000,5761.2000,5777.8000,5782.6000,5784.6000,1,5,1,5,1,2,1,1,5,1
SF,IC2106,2020-10-27 09:31:18.200,5758.4000,9404,0,117271680.000,0,-,-,-,-,5757.4000,5755.6000,5755.4000,5753.8000,5751.2000,5758.6000,5761.2000,5777.8000,5782.6000,5784.6000,5,1,1,1,1,2,1,1,5,1
SF,IC2106,2020-10-27 09:31:18.700,5758.4000,9404,0,117271680.000,0,-,-,-,-,5755.4000,5753.8000,5751.2000,5750.8000,5750.6000,5758.4000,5758.6000,5761.2000,5777.8000,5782.6000,1,1,1,1,1,2,1,1,1,5
SF,IC2106,2020-10-27 09:31:19.200,5758.4000,9404,0,117271680.000,0,-,-,-,-,5755.6000,5755.4000,5753.8000,5751.2000,5750.8000,5758.2000,5758.4000,5761.2000,5777.8000,5782.6000,5,1,1,1,1,1,2,1,1,5
SF,IC2106,2020-10-27 09:31:20.200,5758.4000,9404,0,117271680.000,0,-,-,-,-,5755.6000,5755.4000,5753.8000,5751.2000,5750.8000,5758.2000,5761.2000,5777.8000,5782.6000,5784.6000,5,1,1,1,1,1,1,1,5,1
SF,IC2106,2020-10-27 09:31:20.700,5758.4000,9404,0,117271680.000,0,-,-,-,-,5755.6000,5755.4000,5753.8000,5751.2000,5750.8000,5758.2000,5761.2000,5777.8000,5782.6000,5784.6000,5,1,1,1,1,1,1,1,5,1
SF,IC2106,2020-10-27 09:31:21.200,5758.4000,9404,0,117271680.000,0,-,-,-,-,5755.8000,5755.6000,5755.4000,5753.8000,5751.2000,5758.2000,5761.2000,5777.8000,5782.6000,5784.6000,1,5,1,1,1,1,1,1,5,1
SF,IC2106,2020-10-27 09:31:22.200,5758.4000,9404,0,117271680.000,0,-,-,-,-,5755.8000,5755.4000,5753.8000,5751.2000,5750.8000,5758.2000,5761.2000,5777.8000,5782.6000,5784.6000,1,1,1,1,1,1,1,1,5,1
SF,IC2106,2020-10-27 09:31:22.700,5758.4000,9404,0,117271680.000,0,-,-,-,-,5756.0000,5755.8000,5755.4000,5753.8000,5751.2000,5761.2000,5777.8000,5782.6000,5784.6000,5787.6000,1,1,1,1,1,1,1,5,1,1
SF,IC2106,2020-10-27 09:31:23.200,5758.4000,9404,0,117271680.000,0,-,-,-,-,5758.2000,5756.0000,5755.8000,5755.4000,5753.8000,5761.0000,5761.2000,5777.8000,5782.6000,5784.6000,1,1,1,1,1,3,1,1,5,1
SF,IC2106,2020-10-27 09:31:23.700,5758.4000,9404,0,117271680.000,0,-,-,-,-,5758.2000,5756.2000,5755.4000,5753.8000,5751.2000,5761.0000,5761.2000,5777.8000,5782.6000,5784.6000,1,1,1,1,1,2,1,1,5,1
SF,IC2106,2020-10-27 09:31:24.200,5758.4000,9404,0,117271680.000,0,-,-,-,-,5758.2000,5756.8000,5756.2000,5755.4000,5751.2000,5761.0000,5761.2000,5777.8000,5784.6000,5787.6000,1,5,1,1,1,1,1,1,1,1
SF,IC2106,2020-10-27 09:31:24.700,5758.2000,9405,1,118423320.000,1,1,0,双开,S,5756.8000,5756.2000,5755.4000,5751.2000,5750.8000,5761.0000,5761.2000,5777.8000,5784.6000,5787.6000,5,1,1,1,1,1,1,1,1,1
SF,IC2106,2020-10-27 09:31:25.200,5758.2000,9405,0,118423320.000,0,-,-,-,-,5757.0000,5756.8000,5756.2000,5755.6000,5755.4000,5760.8000,5761.0000,5761.2000,5777.8000,5784.6000,2,6,1,1,1,1,1,1,1,1
SF,IC2106,2020-10-27 09:31:25.700,5758.2000,9405,0,118423320.000,0,-,-,-,-,5757.0000,5756.8000,5756.2000,5755.6000,5755.4000,5760.6000,5760.8000,5761.2000,5777.8000,5784.6000,2,6,1,1,1,1,1,1,1,1
SF,IC2106,2020-10-27 09:31:26.200,5758.2000,9405,0,118423320.000,0,-,-,-,-,5757.0000,5756.8000,5755.6000,5755.4000,5751.2000,5760.4000,5760.6000,5761.2000,5777.8000,5784.6000,1,6,1,1,1,1,1,1,1,1
SF,IC2106,2020-10-27 09:31:26.700,5758.2000,9405,0,118423320.000,0,-,-,-,-,5757.2000,5757.0000,5756.8000,5755.6000,5755.4000,5760.2000,5760.4000,5761.2000,5777.8000,5784.6000,1,1,6,1,1,1,1,1,1,1
SF,IC2106,2020-10-27 09:31:27.200,5760.2000,9404,-1,119575360.000,1,0,1,双平,S,5757.4000,5757.2000,5756.8000,5755.6000,5755.4000,5760.4000,5761.2000,5777.8000,5784.6000,5787.6000,1,1,1,1,1,1,1,1,1,1
SF,IC2106,2020-10-27 09:31:27.700,5760.4000,9404,0,121879520.000,2,1,1,多换,S,5758.2000,5757.4000,5757.2000,5756.8000,5755.6000,5761.2000,5777.8000,5784.6000,5787.6000,5788.0000,2,1,1,1,1,1,1,1,1,1
SF,IC2106,2020-10-27 09:31:28.200,5760.4000,9404,0,121879520.000,0,-,-,-,-,5758.4000,5758.2000,5758.0000,5757.2000,5755.6000,5758.8000,5761.0000,5761.2000,5777.8000,5784.6000,2,2,5,1,1,1,1,1,1,1
SF,IC2106,2020-10-27 09:31:28.700,5758.8000,9404,0,124183320.000,2,1,1,多换,S,5760.0000,5758.8000,5758.4000,5758.2000,5757.2000,5761.0000,5761.2000,5777.8000,5784.6000,5787.6000,5,1,1,2,1,1,1,1,1,1
SF,IC2106,2020-10-27 09:31:29.700,5758.8000,9404,0,124183320.000,0,-,-,-,-,5760.0000,5758.8000,5758.4000,5758.2000,5755.6000,5761.0000,5761.2000,5777.8000,5784.6000,5787.6000,5,1,1,2,1,1,1,1,1,1
SF,IC2106,2020-10-27 09:31:30.700,5758.8000,9404,0,124183320.000,0,-,-,-,-,5760.0000,5758.8000,5758.4000,5758.2000,5755.6000,5761.0000,5761.2000,5777.8000,5784.6000,5787.6000,5,1,1,2,1,1,1,1,1,1
SF,IC2106,2020-10-27 09:31:31.200,5758.8000,9404,0,124183320.000,0,-,-,-,-,5760.0000,5758.8000,5758.4000,5758.2000,5755.6000,5761.0000,5761.2000,5777.8000,5784.6000,5787.6000,5,1,1,3,1,1,1,1,1,1
SF,IC2106,2020-10-27 09:31:31.700,5758.8000,9404,0,124183320.000,0,-,-,-,-,5760.0000,5758.4000,5758.2000,5755.6000,5755.4000,5761.0000,5761.2000,5777.8000,5784.6000,5787.6000,5,1,3,1,1,1,1,1,1,1
SF,IC2106,2020-10-27 09:31:32.200,5758.8000,9404,0,124183320.000,0,-,-,-,-,5760.0000,5758.4000,5758.2000,5755.6000,5755.4000,5760.8000,5761.0000,5761.2000,5777.8000,5784.6000,5,1,3,1,1,2,1,1,1,1
SF,IC2106,2020-10-27 09:31:32.700,5760.8000,9403,-1,125335480.000,1,0,1,双平,S,5760.0000,5758.4000,5758.2000,5755.6000,5755.4000,5760.8000,5761.0000,5761.2000,5777.8000,5784.6000,5,1,3,1,1,1,1,1,1,1
SF,IC2106,2020-10-27 09:31:33.200,5760.8000,9403,0,125335480.000,0,-,-,-,-,5760.0000,5758.4000,5758.2000,5755.6000,5755.4000,5760.8000,5761.0000,5761.2000,5777.8000,5784.6000,5,1,3,1,1,1,1,1,1,1
SF,IC2106,2020-10-27 09:31:33.700,5760.8000,9402,-1,126487640.000,1,0,1,双平,S,5760.0000,5758.4000,5758.2000,5755.6000,5755.4000,5761.0000,5761.2000,5777.8000,5784.6000,5787.6000,5,1,3,1,1,1,1,1,1,1
SF,IC2106,2020-10-27 09:31:34.700,5760.0000,9402,0,128791640.000,2,1,1,多换,S,5760.0000,5758.4000,5758.2000,5755.6000,5755.4000,5761.0000,5761.2000,5777.8000,5784.6000,5787.6000,3,1,1,1,1,1,1,1,1,1
SF,IC2106,2020-10-27 09:31:35.200,5760.0000,9402,0,128791640.000,0,-,-,-,-,5760.0000,5758.4000,5758.2000,5755.6000,5755.4000,5761.0000,5761.2000,5777.8000,5784.6000,5787.6000,2,1,1,1,1,1,1,1,1,1
SF,IC2106,2020-10-27 09:31:36.200,5761.0000,9402,0,129943840.000,1,0,1,多换,S,5761.0000,5760.0000,5758.4000,5758.2000,5755.6000,5761.2000,5777.8000,5784.6000,5787.6000,5788.0000,4,2,1,1,1,1,1,1,1,1
SF,IC2106,2020-10-27 09:31:36.700,5761.0000,9402,0,135704840.000,5,2,3,多换,S,5760.0000,5758.4000,5758.2000,5755.6000,5755.4000,5761.2000,5777.8000,5784.6000,5787.6000,5788.0000,2,1,1,1,1,1,1,1,1,1
SF,IC2106,2020-10-27 09:31:37.200,5761.2000,9402,0,136857080.000,1,0,1,多换,S,5760.0000,5758.4000,5758.2000,5755.6000,5755.4000,5777.8000,5784.6000,5787.6000,5788.0000,5788.4000,2,1,1,1,1,1,1,1,1,5
SF,IC2106,2020-10-27 09:31:37.700,5761.2000,9402,0,136857080.000,0,-,-,-,-,5760.2000,5760.0000,5758.2000,5755.6000,5755.4000,5762.4000,5763.2000,5764.0000,5765.2000,5768.0000,2,2,1,1,1,2,1,1,1,1
SF,IC2106,2020-10-27 09:31:38.200,5761.2000,9402,0,136857080.000,0,-,-,-,-,5760.0000,5758.2000,5755.6000,5755.4000,5750.0000,5762.2000,5762.4000,5763.2000,5764.0000,5768.0000,2,1,1,1,3,1,3,1,1,1
SF,IC2106,2020-10-27 09:31:39.700,5761.2000,9402,0,136857080.000,0,-,-,-,-,5760.0000,5758.6000,5758.2000,5755.6000,5755.4000,5762.2000,5762.4000,5763.2000,5764.0000,5768.0000,2,5,1,1,1,1,3,1,1,1
SF,IC2106,2020-10-27 09:31:40.200,5761.2000,9402,0,136857080.000,0,-,-,-,-,5760.0000,5758.6000,5758.2000,5755.6000,5755.4000,5762.2000,5762.4000,5763.2000,5764.0000,5768.0000,2,5,1,1,1,1,3,1,1,1
SF,IC2106,2020-10-27 09:31:40.700,5761.2000,9402,0,136857080.000,0,-,-,-,-,5760.0000,5758.2000,5755.6000,5755.4000,5750.0000,5762.2000,5762.4000,5763.2000,5764.0000,5768.0000,2,1,1,1,3,2,3,1,1,1
SF,IC2106,2020-10-27 09:31:42.200,5762.2000,9402,0,138009520.000,1,0,1,多换,S,5760.0000,5758.2000,5755.6000,5755.4000,5750.0000,5762.2000,5762.4000,5763.2000,5764.0000,5768.0000,2,1,1,1,3,1,3,1,1,1
SF,IC2106,2020-10-27 09:31:42.700,5762.2000,9402,0,138009520.000,0,-,-,-,-,5760.2000,5760.0000,5758.2000,5755.6000,5755.4000,5762.2000,5762.4000,5763.2000,5764.0000,5768.0000,1,2,1,1,1,1,3,1,1,1
SF,IC2106,2020-10-27 09:31:43.700,5762.2000,9402,0,138009520.000,0,-,-,-,-,5760.2000,5760.0000,5758.2000,5755.6000,5755.4000,5762.2000,5763.2000,5764.0000,5769.0000,5769.4000,1,2,1,1,1,1,1,1,2,2
SF,IC2106,2020-10-27 09:31:44.200,5762.2000,9402,0,138009520.000,0,-,-,-,-,5760.2000,5760.0000,5758.2000,5755.6000,5755.4000,5762.2000,5763.2000,5764.0000,5769.0000,5769.4000,6,2,1,1,1,1,1,1,2,2
SF,IC2106,2020-10-27 09:31:44.700,5762.2000,9402,0,138009520.000,0,-,-,-,-,5760.2000,5760.0000,5758.2000,5755.6000,5755.4000,5760.6000,5762.2000,5763.2000,5764.0000,5769.0000,6,2,1,1,1,1,1,1,1,2
SF,IC2106,2020-10-27 09:31:45.200,5760.6000,9402,0,139161640.000,1,0,1,多换,S,5760.2000,5760.0000,5758.2000,5755.6000,5755.4000,5760.6000,5762.2000,5763.2000,5764.0000,5769.0000,5,2,1,1,1,1,1,1,1,2
SF,IC2106,2020-10-27 09:31:45.700,5760.6000,9402,0,140313760.000,1,0,1,多换,S,5760.2000,5760.0000,5758.2000,5755.6000,5755.4000,5760.6000,5762.2000,5763.2000,5764.0000,5769.0000,5,2,1,1,1,1,1,1,1,2
SF,IC2106,2020-10-27 09:31:46.200,5760.6000,9402,0,141465880.000,1,0,1,多换,S,5760.2000,5760.0000,5758.2000,5755.6000,5755.4000,5762.2000,5763.2000,5764.0000,5769.0000,5769.4000,5,2,1,1,1,1,1,1,2,2
SF,IC2106,2020-10-27 09:31:46.700,5760.6000,9402,0,141465880.000,0,-,-,-,-,5760.0000,5758.2000,5755.6000,5755.4000,5750.0000,5762.2000,5763.2000,5764.0000,5769.0000,5769.4000,2,1,1,1,3,1,1,1,2,2
SF,IC2106,2020-10-27 09:31:47.200,5762.0000,9399,-3,144922280.000,3,0,3,双平,S,5758.6000,5758.2000,5755.6000,5755.4000,5750.0000,5762.2000,5763.2000,5764.0000,5769.0000,5769.4000,5,1,1,1,3,1,1,1,2,2
SF,IC2106,2020-10-27 09:31:47.700,5762.0000,9399,0,144922280.000,0,-,-,-,-,5758.8000,5758.6000,5758.2000,5755.6000,5755.4000,5762.0000,5762.2000,5763.2000,5764.0000,5769.0000,2,5,1,1,1,2,1,1,1,2
SF,IC2106,2020-10-27 09:31:48.200,5762.0000,9399,0,144922280.000,0,-,-,-,-,5758.8000,5758.2000,5755.6000,5755.4000,5750.0000,5761.8000,5762.0000,5762.2000,5763.2000,5769.4000,2,1,1,1,3,1,2,1,1,1
SF,IC2106,2020-10-27 09:31:50.200,5762.0000,9399,0,144922280.000,0,-,-,-,-,5758.8000,5758.2000,5756.4000,5755.6000,5755.4000,5762.0000,5762.2000,5763.2000,5769.4000,5777.8000,2,1,5,1,1,2,1,1,1,1
SF,IC2106,2020-10-27 09:31:50.700,5762.0000,9399,0,144922280.000,0,-,-,-,-,5758.8000,5758.2000,5756.4000,5755.6000,5755.4000,5762.0000,5762.2000,5763.2000,5769.4000,5777.8000,1,1,5,1,1,1,1,1,1,1
SF,IC2106,2020-10-27 09:31:51.200,5758.8000,9398,-1,146074040.000,1,0,1,双平,S,5758.2000,5756.4000,5755.6000,5755.4000,5750.0000,5761.0000,5761.6000,5761.8000,5762.0000,5762.2000,1,5,1,1,3,1,1,2,1,1
SF,IC2106,2020-10-27 09:31:51.700,5758.8000,9398,0,146074040.000,0,-,-,-,-,5758.2000,5756.4000,5755.6000,5755.4000,5750.0000,5760.8000,5761.0000,5761.6000,5761.8000,5762.0000,1,5,1,1,3,1,1,1,1,1
SF,IC2106,2020-10-27 09:31:52.200,5758.8000,9398,0,146074040.000,0,-,-,-,-,5758.2000,5757.6000,5755.6000,5755.4000,5750.0000,5760.8000,5762.0000,5762.2000,5777.8000,5784.6000,1,5,1,1,3,1,1,1,1,1
SF,IC2106,2020-10-27 09:31:52.700,5758.8000,9398,0,146074040.000,0,-,-,-,-,5758.8000,5758.4000,5758.2000,5757.6000,5755.6000,5762.0000,5762.2000,5777.8000,5784.6000,5787.6000,1,1,1,5,1,1,1,1,1,1
SF,IC2106,2020-10-27 09:31:53.200,5758.8000,9398,0,146074040.000,0,-,-,-,-,5759.0000,5758.8000,5758.2000,5757.6000,5755.6000,5761.8000,5762.0000,5762.2000,5777.8000,5784.6000,1,1,1,5,1,1,1,1,1,1
SF,IC2106,2020-10-27 09:31:53.700,5758.8000,9398,0,146074040.000,0,-,-,-,-,5758.8000,5758.2000,5757.6000,5755.6000,5755.4000,5761.8000,5762.0000,5762.2000,5777.8000,5784.6000,1,1,5,1,1,1,1,1,1,1
SF,IC2106,2020-10-27 09:31:54.200,5758.8000,9398,0,146074040.000,0,-,-,-,-,5758.8000,5758.2000,5757.6000,5755.6000,5755.4000,5759.4000,5761.8000,5762.0000,5762.2000,5777.8000,1,1,5,1,1,1,2,1,1,1
SF,IC2106,2020-10-27 09:31:54.700,5758.8000,9398,0,146074040.000,0,-,-,-,-,5758.8000,5758.2000,5757.6000,5755.6000,5755.4000,5759.4000,5761.8000,5762.2000,5777.8000,5784.6000,1,1,5,1,1,1,2,1,1,1
SF,IC2106,2020-10-27 09:31:55.200,5759.4000,9398,0,148377800.000,2,1,1,多换,S,5759.8000,5758.8000,5758.2000,5757.6000,5755.6000,5761.8000,5762.2000,5771.0000,5777.8000,5784.6000,1,1,1,5,1,2,1,1,1,1
SF,IC2106,2020-10-27 09:31:55.700,5759.6000,9397,-1,149529720.000,1,0,1,双平,S,5758.8000,5758.2000,5757.6000,5755.6000,5755.4000,5759.4000,5761.6000,5761.8000,5762.2000,5771.0000,1,1,5,1,1,1,1,2,1,1
SF,IC2106,2020-10-27 09:31:56.200,5758.8000,9396,-1,150681480.000,1,0,1,双平,S,5758.2000,5757.6000,5755.6000,5755.4000,5750.0000,5759.4000,5761.6000,5761.8000,5762.2000,5771.0000,1,5,1,1,3,1,1,2,1,1
SF,IC2106,2020-10-27 09:31:56.700,5759.4000,9396,0,151833360.000,1,0,1,多换,S,5758.2000,5757.6000,5755.6000,5755.4000,5750.0000,5761.6000,5761.8000,5762.2000,5771.0000,5777.8000,1,5,1,1,3,1,2,1,1,1
SF,IC2106,2020-10-27 09:31:57.200,5759.4000,9396,0,151833360.000,0,-,-,-,-,5758.4000,5758.2000,5755.6000,5755.4000,5752.0000,5761.0000,5761.4000,5761.6000,5761.8000,5762.2000,1,1,1,1,5,1,1,1,1,1
SF,IC2106,2020-10-27 09:31:57.700,5759.4000,9396,0,151833360.000,0,-,-,-,-,5758.2000,5755.6000,5755.4000,5750.0000,5747.8000,5760.8000,5761.0000,5761.6000,5761.8000,5762.2000,1,1,1,3,5,1,1,1,1,1
SF,IC2106,2020-10-27 09:31:58.200,5759.4000,9396,0,151833360.000,0,-,-,-,-,5758.2000,5755.6000,5755.4000,5755.2000,5750.0000,5760.8000,5761.0000,5761.6000,5761.8000,5762.2000,1,1,1,5,3,1,1,1,1,1
SF,IC2106,2020-10-27 09:31:58.700,5759.4000,9396,0,151833360.000,0,-,-,-,-,5758.2000,5755.6000,5755.4000,5755.2000,5750.0000,5760.8000,5761.0000,5761.6000,5761.8000,5762.2000,1,1,1,5,3,1,1,1,1,1
SF,IC2106,2020-10-27 09:31:59.200,5759.4000,9396,0,151833360.000,0,-,-,-,-,5758.2000,5755.6000,5755.4000,5755.2000,5750.0000,5759.6000,5760.0000,5760.8000,5761.6000,5761.8000,1,1,1,5,3,1,1,1,1,1
SF,IC2106,2020-10-27 09:31:59.700,5758.2000,9396,0,152985000.000,1,0,1,多换,S,5755.6000,5755.4000,5755.2000,5750.0000,5747.8000,5759.6000,5760.0000,5760.8000,5761.6000,5762.2000,1,1,5,3,5,4,1,1,2,1
SF,IC2106,2020-10-27 09:32:00.200,5758.2000,9396,0,152985000.000,0,-,-,-,-,5755.8000,5755.6000,5755.4000,5753.4000,5750.0000,5759.4000,5759.6000,5760.0000,5760.8000,5761.6000,1,1,1,5,3,1,1,1,1,1
SF,IC2106,2020-10-27 09:32:00.700,5758.2000,9396,0,152985000.000,0,-,-,-,-,5755.8000,5755.6000,5755.4000,5753.4000,5750.0000,5759.4000,5759.6000,5760.0000,5760.8000,5761.6000,1,1,1,5,3,2,1,1,1,1
SF,IC2106,2020-10-27 09:32:01.200,5758.2000,9396,0,152985000.000,0,-,-,-,-,5756.0000,5755.8000,5755.6000,5755.4000,5753.4000,5759.4000,5760.8000,5761.6000,5762.2000,5771.0000,1,1,1,1,5,1,1,1,1,1
SF,IC2106,2020-10-27 09:32:01.700,5759.2000,9396,0,154136840.000,1,0,1,多换,S,5756.2000,5756.0000,5755.6000,5755.4000,5750.0000,5759.4000,5761.6000,5762.2000,5771.0000,5777.8000,2,1,1,1,3,1,1,1,1,1
SF,IC2106,2020-10-27 09:32:02.200,5759.2000,9396,0,154136840.000,0,-,-,-,-,5756.2000,5756.0000,5755.6000,5755.4000,5754.6000,5759.4000,5761.6000,5762.2000,5771.0000,5777.8000,2,1,1,1,5,1,1,1,1,1
SF,IC2106,2020-10-27 09:32:02.700,5759.2000,9396,0,154136840.000,0,-,-,-,-,5756.2000,5756.0000,5755.6000,5755.4000,5754.6000,5759.4000,5761.6000,5762.2000,5771.0000,5777.8000,1,1,1,1,5,1,1,1,1,1
SF,IC2106,2020-10-27 09:32:03.200,5759.2000,9396,0,154136840.000,0,-,-,-,-,5756.2000,5756.0000,5755.6000,5755.4000,5754.6000,5759.0000,5759.4000,5761.6000,5762.2000,5771.0000,1,1,1,1,5,1,1,1,1,1
SF,IC2106,2020-10-27 09:32:03.700,5759.2000,9396,0,154136840.000,0,-,-,-,-,5756.2000,5756.0000,5755.6000,5755.4000,5754.6000,5758.8000,5759.0000,5759.4000,5761.6000,5762.2000,1,1,1,1,5,1,1,1,1,1
SF,IC2106,2020-10-27 09:32:04.200,5759.2000,9396,0,154136840.000,0,-,-,-,-,5756.2000,5755.6000,5755.4000,5754.6000,5750.0000,5758.8000,5759.0000,5759.4000,5761.6000,5762.2000,1,1,1,5,3,1,1,1,1,1
SF,IC2106,2020-10-27 09:32:04.700,5759.2000,9396,0,154136840.000,0,-,-,-,-,5756.2000,5755.6000,5755.4000,5754.6000,5750.0000,5758.2000,5758.4000,5758.6000,5758.8000,5759.0000,1,1,1,5,3,1,1,1,1,1
SF,IC2106,2020-10-27 09:32:05.200,5756.2000,9395,-1,155288080.000,1,0,1,双平,S,5755.6000,5755.4000,5754.6000,5750.0000,5747.8000,5758.0000,5758.2000,5758.4000,5758.8000,5759.4000,1,1,5,3,5,1,1,1,1,1
SF,IC2106,2020-10-27 09:32:05.700,5755.6000,9394,-1,156439200.000,1,0,1,双平,S,5755.4000,5750.0000,5747.8000,5747.4000,5745.0000,5757.4000,5758.0000,5758.2000,5758.4000,5758.8000,1,3,5,1,1,1,1,1,1,1
SF,IC2106,2020-10-27 09:32:06.200,5755.4000,9393,-1,157590280.000,1,0,1,双平,S,5752.0000,5750.0000,5747.8000,5747.4000,5745.0000,5755.2000,5755.4000,5756.8000,5758.8000,5759.4000,5,3,5,1,1,2,2,2,1,1
SF,IC2106,2020-10-27 09:32:06.700,5755.4000,9393,0,157590280.000,0,-,-,-,-,5752.2000,5750.0000,5747.4000,5745.0000,5742.0000,5755.2000,5755.4000,5756.8000,5758.8000,5759.4000,1,8,1,1,5,2,2,2,1,1
SF,IC2106,2020-10-27 09:32:07.200,5755.4000,9393,0,157590280.000,0,-,-,-,-,5752.2000,5750.0000,5747.4000,5745.0000,5742.0000,5755.2000,5755.4000,5756.8000,5759.4000,5761.6000,1,8,1,1,5,2,3,2,1,1
SF,IC2106,2020-10-27 09:32:07.700,5755.4000,9393,0,157590280.000,0,-,-,-,-,5752.2000,5750.0000,5747.4000,5745.0000,5742.0000,5755.0000,5755.2000,5755.4000,5756.8000,5759.4000,1,8,1,1,5,1,2,5,2,1
SF,IC2106,2020-10-27 09:32:08.200,5755.0000,9392,-1,158741280.000,1,0,1,双平,S,5752.2000,5750.0000,5747.4000,5745.0000,5742.0000,5755.4000,5756.8000,5759.4000,5761.6000,5762.2000,1,8,1,1,5,5,2,1,1,1
SF,IC2106,2020-10-27 09:32:08.700,5755.0000,9392,0,158741280.000,0,-,-,-,-,5752.2000,5750.0000,5747.4000,5745.0000,5742.0000,5755.2000,5755.4000,5756.8000,5759.4000,5761.6000,1,8,1,1,5,2,5,2,1,1
SF,IC2106,2020-10-27 09:32:09.200,5752.2000,9391,-1,159891720.000,1,0,1,双平,S,5750.0000,5747.4000,5745.0000,5742.0000,5731.2000,5754.0000,5755.0000,5755.2000,5755.4000,5759.4000,8,1,1,5,1,3,1,2,4,1
SF,IC2106,2020-10-27 09:32:09.700,5752.2000,9391,0,159891720.000,0,-,-,-,-,5750.2000,5750.0000,5747.4000,5745.0000,5742.0000,5753.6000,5753.8000,5754.0000,5754.8000,5755.2000,1,8,1,1,5,1,2,3,1,2
SF,IC2106,2020-10-27 09:32:10.200,5750.0000,9393,2,167941720.000,7,4,3,空开,S,5747.4000,5745.0000,5742.0000,5731.2000,5731.0000,5752.6000,5753.0000,5753.2000,5753.4000,5753.6000,1,1,5,1,2,1,1,1,2,1
SF,IC2106,2020-10-27 09:32:10.700,5750.0000,9393,0,167941720.000,0,-,-,-,-,5747.6000,5747.4000,5745.0000,5742.0000,5731.2000,5752.4000,5755.4000,5759.4000,5761.6000,5762.2000,1,1,1,5,1,3,4,1,1,1
SF,IC2106,2020-10-27 09:32:11.200,5750.0000,9393,0,167941720.000,0,-,-,-,-,5747.6000,5747.4000,5745.0000,5736.2000,5731.2000,5752.4000,5755.4000,5759.4000,5761.6000,5762.2000,1,1,1,5,1,3,4,1,1,1
SF,IC2106,2020-10-27 09:32:11.700,5750.0000,9393,0,167941720.000,0,-,-,-,-,5748.0000,5747.8000,5747.6000,5747.4000,5745.0000,5752.4000,5755.4000,5759.4000,5761.6000,5762.2000,1,2,1,1,1,1,4,1,1,1
SF,IC2106,2020-10-27 09:32:12.200,5750.0000,9393,0,167941720.000,0,-,-,-,-,5748.4000,5748.2000,5747.8000,5747.4000,5745.0000,5755.4000,5759.4000,5761.6000,5762.2000,5771.0000,2,2,1,1,1,4,1,1,1,1
SF,IC2106,2020-10-27 09:32:12.700,5750.0000,9393,0,167941720.000,0,-,-,-,-,5748.6000,5748.4000,5747.8000,5747.4000,5745.0000,5755.2000,5755.4000,5759.4000,5761.6000,5762.2000,3,4,1,1,1,1,4,1,1,1
SF,IC2106,2020-10-27 09:32:13.200,5750.0000,9393,0,167941720.000,0,-,-,-,-,5748.8000,5748.6000,5748.4000,5747.8000,5747.4000,5755.2000,5755.4000,5759.4000,5761.6000,5762.2000,1,3,4,1,1,1,4,1,1,1
SF,IC2106,2020-10-27 09:32:13.700,5750.0000,9393,0,167941720.000,0,-,-,-,-,5749.0000,5748.8000,5748.6000,5748.4000,5747.8000,5755.2000,5755.4000,5761.6000,5762.2000,5771.0000,2,2,1,4,1,2,4,1,1,1
SF,IC2106,2020-10-27 09:32:14.200,5750.0000,9393,0,167941720.000,0,-,-,-,-,5751.2000,5749.8000,5749.2000,5749.0000,5748.8000,5755.2000,5755.4000,5761.6000,5762.2000,5771.0000,1,1,2,2,2,2,4,1,1,1
SF,IC2106,2020-10-27 09:32:14.700,5750.0000,9393,0,167941720.000,0,-,-,-,-,5751.4000,5749.0000,5748.8000,5748.6000,5748.4000,5755.2000,5755.4000,5761.6000,5762.2000,5771.0000,2,1,2,1,1,2,4,1,1,1
SF,IC2106,2020-10-27 09:32:15.200,5750.0000,9393,0,167941720.000,0,-,-,-,-,5751.4000,5749.0000,5748.6000,5748.4000,5747.4000,5754.8000,5755.0000,5755.2000,5755.4000,5761.6000,2,1,1,1,1,1,1,2,4,1
SF,IC2106,2020-10-27 09:32:15.700,5750.0000,9393,0,167941720.000,0,-,-,-,-,5751.4000,5749.0000,5747.4000,5745.0000,5736.2000,5754.6000,5754.8000,5755.0000,5755.2000,5755.4000,1,1,1,1,5,1,1,1,1,4
SF,IC2106,2020-10-27 09:32:16.200,5750.0000,9393,0,167941720.000,0,-,-,-,-,5751.4000,5749.0000,5747.4000,5745.0000,5736.2000,5754.2000,5754.4000,5754.6000,5755.0000,5755.2000,1,1,1,1,5,1,1,1,1,1
SF,IC2106,2020-10-27 09:32:16.700,5750.0000,9393,0,167941720.000,0,-,-,-,-,5749.0000,5747.4000,5745.0000,5736.2000,5731.2000,5754.0000,5754.2000,5754.4000,5755.0000,5755.2000,2,1,1,5,1,1,1,1,1,1
SF,IC2106,2020-10-27 09:32:17.200,5750.0000,9393,0,167941720.000,0,-,-,-,-,5749.2000,5749.0000,5747.4000,5745.0000,5736.2000,5754.0000,5754.4000,5755.2000,5755.4000,5761.6000,2,2,1,1,5,1,1,1,4,1
SF,IC2106,2020-10-27 09:32:17.700,5750.0000,9393,0,167941720.000,0,-,-,-,-,5749.2000,5749.0000,5748.0000,5747.4000,5745.0000,5754.0000,5755.2000,5755.4000,5761.6000,5762.2000,2,2,5,1,1,1,1,4,1,1
SF,IC2106,2020-10-27 09:32:18.200,5750.0000,9393,0,167941720.000,0,-,-,-,-,5749.6000,5749.2000,5749.0000,5748.0000,5747.4000,5755.2000,5755.4000,5761.6000,5762.2000,5771.0000,1,2,2,5,1,1,4,1,1,1
SF,IC2106,2020-10-27 09:32:18.700,5750.0000,9393,0,167941720.000,0,-,-,-,-,5749.8000,5749.6000,5749.0000,5748.0000,5747.4000,5755.0000,5755.2000,5755.4000,5761.6000,5762.2000,3,1,2,5,1,1,1,4,1,1
SF,IC2106,2020-10-27 09:32:19.200,5750.0000,9393,0,167941720.000,0,-,-,-,-,5751.2000,5750.0000,5749.8000,5749.6000,5749.0000,5755.0000,5755.2000,5755.4000,5761.6000,5762.2000,1,1,4,1,2,1,1,4,1,1
SF,IC2106,2020-10-27 09:32:19.700,5750.0000,9393,0,167941720.000,0,-,-,-,-,5751.4000,5751.2000,5750.0000,5749.8000,5749.2000,5755.0000,5755.2000,5755.4000,5761.6000,5762.2000,2,1,1,2,5,1,1,4,1,1
SF,IC2106,2020-10-27 09:32:20.200,5750.0000,9393,0,167941720.000,0,-,-,-,-,5751.4000,5751.2000,5750.0000,5749.8000,5749.0000,5755.0000,5755.2000,5755.4000,5761.6000,5762.2000,2,1,1,2,2,1,1,4,1,1
SF,IC2106,2020-10-27 09:32:20.700,5750.0000,9393,0,167941720.000,0,-,-,-,-,5751.6000,5751.4000,5751.2000,5750.4000,5750.0000,5755.0000,5755.2000,5755.4000,5761.6000,5762.2000,1,3,1,5,1,1,1,4,1,1
SF,IC2106,2020-10-27 09:32:21.200,5750.0000,9393,0,167941720.000,0,-,-,-,-,5751.8000,5751.6000,5751.4000,5751.2000,5750.4000,5755.2000,5755.4000,5761.6000,5762.2000,5771.0000,2,1,1,1,5,1,4,1,1,1
SF,IC2106,2020-10-27 09:32:21.700,5751.6000,9391,-2,170242360.000,2,0,2,双平,S,5751.6000,5751.4000,5751.2000,5750.4000,5750.0000,5755.0000,5755.2000,5755.4000,5761.6000,5762.2000,1,1,1,5,1,1,1,4,1,1
SF,IC2106,2020-10-27 09:32:22.200,5751.6000,9391,0,170242360.000,0,-,-,-,-,5751.6000,5751.4000,5750.4000,5750.0000,5749.0000,5754.8000,5755.0000,5755.2000,5755.4000,5761.6000,1,1,5,1,1,1,1,1,4,1
SF,IC2106,2020-10-27 09:32:22.700,5751.6000,9391,0,170242360.000,0,-,-,-,-,5751.4000,5750.4000,5750.0000,5749.0000,5747.4000,5754.6000,5754.8000,5755.0000,5755.2000,5755.4000,1,5,1,1,1,1,1,1,1,4
SF,IC2106,2020-10-27 09:32:23.200,5751.6000,9391,0,170242360.000,0,-,-,-,-,5751.4000,5750.4000,5750.0000,5749.0000,5747.4000,5754.4000,5754.6000,5755.0000,5755.2000,5755.4000,1,5,1,1,1,1,1,1,1,4
SF,IC2106,2020-10-27 09:32:23.700,5754.2000,9390,-1,171393200.000,1,0,1,双平,S,5751.4000,5749.2000,5749.0000,5747.4000,5745.0000,5754.4000,5754.6000,5755.0000,5755.2000,5755.4000,1,5,1,1,1,1,1,1,1,4
SF,IC2106,2020-10-27 09:32:24.200,5754.2000,9390,0,171393200.000,0,-,-,-,-,5751.4000,5749.2000,5749.0000,5747.4000,5745.0000,5754.4000,5754.6000,5755.0000,5755.2000,5755.4000,1,5,1,1,1,1,1,1,1,4
SF,IC2106,2020-10-27 09:32:25.200,5754.2000,9390,0,171393200.000,0,-,-,-,-,5751.4000,5749.2000,5749.0000,5747.4000,5745.0000,5754.4000,5754.6000,5755.0000,5755.2000,5755.4000,1,5,1,1,1,1,1,1,1,4
SF,IC2106,2020-10-27 09:32:25.700,5754.2000,9390,0,171393200.000,0,-,-,-,-,5751.4000,5749.0000,5747.4000,5745.0000,5736.2000,5754.0000,5754.4000,5754.6000,5755.0000,5755.2000,1,1,1,1,5,1,1,1,1,1
SF,IC2106,2020-10-27 09:32:26.200,5754.2000,9390,0,171393200.000,0,-,-,-,-,5751.4000,5749.0000,5747.4000,5745.0000,5736.2000,5753.8000,5754.0000,5754.6000,5755.0000,5755.2000,1,1,1,1,5,1,1,1,1,1
SF,IC2106,2020-10-27 09:32:26.700,5751.4000,9390,0,172543480.000,1,0,1,多换,S,5749.0000,5748.6000,5747.4000,5745.0000,5736.2000,5753.8000,5754.6000,5755.0000,5755.4000,5761.6000,1,5,1,1,5,2,1,1,4,1
SF,IC2106,2020-10-27 09:32:27.200,5753.6000,9390,0,173694200.000,1,0,1,多换,S,5749.2000,5749.0000,5748.6000,5747.4000,5745.0000,5753.8000,5755.4000,5761.6000,5762.2000,5771.0000,1,1,5,1,1,2,4,1,1,1
SF,IC2106,2020-10-27 09:32:27.700,5753.6000,9390,0,173694200.000,0,-,-,-,-,5749.4000,5749.2000,5749.0000,5748.6000,5747.4000,5753.6000,5753.8000,5755.4000,5761.6000,5762.2000,1,1,1,5,1,1,2,4,1,1
SF,IC2106,2020-10-27 09:32:28.200,5753.6000,9390,0,173694200.000,0,-,-,-,-,5749.4000,5749.0000,5748.6000,5747.4000,5745.0000,5753.4000,5753.6000,5753.8000,5755.4000,5761.6000,1,1,5,1,1,1,1,1,4,1
SF,IC2106,2020-10-27 09:32:28.700,5753.6000,9390,0,173694200.000,0,-,-,-,-,5749.4000,5749.0000,5748.6000,5747.4000,5745.0000,5753.2000,5753.4000,5753.8000,5755.4000,5761.6000,1,1,5,1,1,1,1,1,4,1
SF,IC2106,2020-10-27 09:32:29.200,5753.6000,9390,0,173694200.000,0,-,-,-,-,5749.0000,5747.4000,5747.0000,5745.0000,5736.2000,5753.0000,5753.2000,5753.8000,5755.4000,5761.6000,1,1,5,1,5,1,1,1,4,1
SF,IC2106,2020-10-27 09:32:29.700,5753.6000,9390,0,173694200.000,0,-,-,-,-,5749.2000,5749.0000,5747.4000,5745.0000,5736.2000,5752.8000,5753.0000,5753.8000,5755.4000,5761.6000,2,1,1,1,5,1,1,1,4,1
SF,IC2106,2020-10-27 09:32:30.200,5753.6000,9390,0,173694200.000,0,-,-,-,-,5749.2000,5749.0000,5747.4000,5745.0000,5736.2000,5752.6000,5752.8000,5753.8000,5755.4000,5761.6000,2,1,1,1,5,1,1,1,4,1
SF,IC2106,2020-10-27 09:32:30.700,5753.6000,9390,0,173694200.000,0,-,-,-,-,5749.4000,5749.2000,5749.0000,5747.4000,5746.0000,5752.6000,5753.8000,5755.4000,5761.6000,5762.2000,1,2,1,1,5,1,1,4,1,1
SF,IC2106,2020-10-27 09:32:31.200,5753.6000,9390,0,173694200.000,0,-,-,-,-,5749.8000,5749.6000,5749.4000,5749.2000,5749.0000,5753.8000,5755.4000,5761.6000,5762.2000,5771.0000,1,2,1,1,1,1,4,1,1,1
SF,IC2106,2020-10-27 09:32:31.700,5753.6000,9390,0,173694200.000,0,-,-,-,-,5750.0000,5749.8000,5749.6000,5749.2000,5749.0000,5753.8000,5755.4000,5761.6000,5762.2000,5771.0000,2,1,1,1,1,1,4,1,1,1
SF,IC2106,2020-10-27 09:32:32.200,5753.6000,9390,0,173694200.000,0,-,-,-,-,5750.2000,5750.0000,5749.8000,5749.6000,5749.2000,5753.8000,5755.4000,5761.6000,5762.2000,5771.0000,1,2,1,1,1,1,4,1,1,1
SF,IC2106,2020-10-27 09:32:32.700,5753.8000,9389,-1,174844960.000,1,0,1,双平,S,5750.6000,5750.4000,5750.2000,5749.6000,5749.2000,5755.4000,5761.6000,5762.2000,5771.0000,5777.8000,1,2,1,1,1,4,1,1,1,1
SF,IC2106,2020-10-27 09:32:33.200,5753.8000,9389,0,174844960.000,0,-,-,-,-,5751.2000,5750.8000,5750.6000,5750.2000,5749.6000,5755.4000,5761.6000,5762.2000,5771.0000,5777.8000,1,2,1,1,1,4,1,1,1,1
SF,IC2106,2020-10-27 09:32:33.700,5753.8000,9389,0,174844960.000,0,-,-,-,-,5751.4000,5750.4000,5750.2000,5749.6000,5749.2000,5755.2000,5755.4000,5761.6000,5762.2000,5771.0000,3,5,1,1,1,1,4,1,1,1
SF,IC2106,2020-10-27 09:32:34.200,5753.8000,9389,0,174844960.000,0,-,-,-,-,5751.4000,5750.2000,5749.6000,5749.0000,5747.4000,5755.2000,5755.4000,5761.6000,5762.2000,5771.0000,2,1,1,1,1,1,4,1,1,1
SF,IC2106,2020-10-27 09:32:34.700,5753.8000,9389,0,174844960.000,0,-,-,-,-,5751.4000,5750.2000,5749.0000,5748.0000,5747.4000,5754.8000,5755.0000,5755.2000,5755.4000,5761.6000,1,1,1,5,1,1,1,1,4,1
SF,IC2106,2020-10-27 09:32:35.200,5753.8000,9389,0,174844960.000,0,-,-,-,-,5751.4000,5749.0000,5748.0000,5747.4000,5745.0000,5754.6000,5754.8000,5755.4000,5761.6000,5762.2000,1,1,5,1,1,2,1,4,1,1
SF,IC2106,2020-10-27 09:32:35.700,5754.6000,9388,-1,175995880.000,1,0,1,双平,S,5751.8000,5751.6000,5751.4000,5749.0000,5748.0000,5755.4000,5761.6000,5762.2000,5771.0000,5777.8000,1,1,1,1,5,4,1,1,1,1
SF,IC2106,2020-10-27 09:32:36.200,5754.6000,9388,0,175995880.000,0,-,-,-,-,5752.0000,5751.4000,5749.0000,5747.4000,5745.0000,5755.2000,5755.4000,5761.6000,5762.2000,5771.0000,3,1,1,1,1,1,3,1,1,1
SF,IC2106,2020-10-27 09:32:36.700,5754.6000,9388,0,175995880.000,0,-,-,-,-,5752.0000,5750.4000,5749.0000,5747.4000,5745.0000,5755.2000,5755.4000,5761.6000,5762.2000,5771.0000,2,5,1,1,1,1,3,1,1,1
SF,IC2106,2020-10-27 09:32:37.200,5752.0000,9387,-1,177146280.000,1,0,1,双平,S,5754.6000,5749.0000,5747.4000,5745.0000,5738.0000,5754.8000,5755.2000,5755.4000,5761.6000,5762.2000,2,1,1,1,1,1,1,3,1,1
SF,IC2106,2020-10-27 09:32:37.700,5754.6000,9385,-2,181749960.000,4,1,3,多平,S,5749.0000,5748.2000,5747.4000,5745.0000,5738.0000,5754.6000,5755.4000,5761.6000,5762.2000,5771.0000,1,5,1,1,1,1,3,1,1,1
SF,IC2106,2020-10-27 09:32:38.200,5754.6000,9385,0,181749960.000,0,-,-,-,-,5749.2000,5749.0000,5748.2000,5747.4000,5745.0000,5754.4000,5754.6000,5755.4000,5761.6000,5762.2000,1,1,5,1,1,2,1,3,1,1
SF,IC2106,2020-10-27 09:32:38.700,5754.6000,9385,0,181749960.000,0,-,-,-,-,5749.4000,5749.2000,5749.0000,5748.2000,5747.4000,5754.4000,5754.6000,5755.4000,5761.6000,5762.2000,1,1,1,5,1,3,1,3,1,1
SF,IC2106,2020-10-27 09:32:39.200,5754.6000,9385,0,181749960.000,0,-,-,-,-,5750.0000,5749.6000,5749.4000,5749.0000,5748.2000,5754.4000,5754.6000,5755.4000,5761.6000,5762.2000,1,1,1,1,5,2,1,3,1,1
SF,IC2106,2020-10-27 09:32:39.700,5754.6000,9385,0,181749960.000,0,-,-,-,-,5750.4000,5750.2000,5749.4000,5749.0000,5748.2000,5754.2000,5754.4000,5754.6000,5755.4000,5761.6000,1,2,1,1,5,1,1,1,3,1
SF,IC2106,2020-10-27 09:32:40.200,5754.6000,9385,0,181749960.000,0,-,-,-,-,5750.6000,5750.4000,5749.4000,5749.0000,5748.2000,5754.2000,5754.4000,5754.6000,5755.4000,5761.6000,3,1,1,1,5,1,1,1,3,1
SF,IC2106,2020-10-27 09:32:40.700,5754.6000,9385,0,181749960.000,0,-,-,-,-,5750.6000,5750.4000,5749.0000,5748.2000,5747.4000,5754.2000,5754.4000,5754.6000,5755.4000,5761.6000,3,1,1,5,1,3,1,1,3,1
SF,IC2106,2020-10-27 09:32:42.200,5754.6000,9385,0,181749960.000,0,-,-,-,-,5751.2000,5751.0000,5750.8000,5750.6000,5749.0000,5754.2000,5754.4000,5754.6000,5755.4000,5761.6000,1,1,1,3,1,3,1,1,3,1
SF,IC2106,2020-10-27 09:32:42.700,5754.6000,9385,0,181749960.000,0,-,-,-,-,5751.4000,5751.0000,5750.6000,5750.0000,5749.0000,5754.2000,5754.4000,5754.6000,5755.4000,5761.6000,2,1,2,5,1,3,1,1,3,1
SF,IC2106,2020-10-27 09:32:43.200,5754.6000,9385,0,181749960.000,0,-,-,-,-,5751.4000,5751.0000,5750.6000,5750.0000,5749.0000,5754.2000,5754.4000,5754.6000,5755.4000,5761.6000,2,1,2,5,1,3,1,1,3,1
SF,IC2106,2020-10-27 09:32:43.700,5754.6000,9385,0,181749960.000,0,-,-,-,-,5751.4000,5751.0000,5750.6000,5749.0000,5747.4000,5754.2000,5754.4000,5754.6000,5755.4000,5761.6000,2,1,2,1,1,3,1,1,3,1
SF,IC2106,2020-10-27 09:32:44.200,5754.6000,9385,0,181749960.000,0,-,-,-,-,5751.4000,5751.0000,5750.6000,5750.0000,5749.0000,5754.2000,5754.4000,5754.6000,5755.4000,5761.6000,2,1,2,1,1,3,1,1,3,1
SF,IC2106,2020-10-27 09:32:44.700,5754.2000,9385,0,182900800.000,1,0,1,多换,S,5751.4000,5751.0000,5750.6000,5750.0000,5749.0000,5754.2000,5754.4000,5754.6000,5755.4000,5761.6000,2,1,2,1,1,2,1,1,3,1
SF,IC2106,2020-10-27 09:32:45.200,5754.2000,9385,0,182900800.000,0,-,-,-,-,5751.4000,5751.0000,5750.6000,5750.0000,5749.8000,5754.2000,5754.4000,5754.6000,5755.4000,5761.6000,2,1,2,1,5,2,1,1,3,1
SF,IC2106,2020-10-27 09:32:45.700,5754.2000,9385,0,182900800.000,0,-,-,-,-,5751.4000,5750.6000,5750.0000,5749.8000,5749.0000,5754.2000,5754.4000,5754.6000,5755.4000,5761.6000,2,2,1,5,1,2,1,1,3,1
SF,IC2106,2020-10-27 09:32:46.200,5754.2000,9385,0,182900800.000,0,-,-,-,-,5751.4000,5750.6000,5750.0000,5749.8000,5749.0000,5754.0000,5754.2000,5754.4000,5754.6000,5755.4000,2,2,1,5,1,1,2,1,1,3
SF,IC2106,2020-10-27 09:32:46.700,5754.2000,9385,0,182900800.000,0,-,-,-,-,5750.6000,5750.0000,5749.0000,5747.4000,5742.0000,5754.0000,5754.2000,5754.4000,5754.6000,5755.4000,2,1,1,1,5,1,2,1,1,3
SF,IC2106,2020-10-27 09:32:47.200,5754.2000,9385,0,182900800.000,0,-,-,-,-,5750.8000,5750.6000,5750.0000,5749.0000,5748.0000,5754.0000,5754.2000,5754.4000,5754.6000,5755.4000,1,2,1,1,5,1,2,1,1,3
SF,IC2106,2020-10-27 09:32:48.200,5754.2000,9385,0,182900800.000,0,-,-,-,-,5751.0000,5750.8000,5750.6000,5750.0000,5749.0000,5754.0000,5754.2000,5754.4000,5754.6000,5755.4000,1,1,2,1,1,1,2,1,1,3
SF,IC2106,2020-10-27 09:32:48.700,5754.0000,9384,-1,184051600.000,1,0,1,双平,S,5751.2000,5751.0000,5750.6000,5750.0000,5749.0000,5754.2000,5754.4000,5754.6000,5755.4000,5761.6000,1,1,2,1,1,2,1,1,3,1
SF,IC2106,2020-10-27 09:32:49.200,5754.0000,9384,0,184051600.000,0,-,-,-,-,5751.4000,5751.2000,5751.0000,5750.6000,5750.0000,5754.2000,5754.4000,5754.6000,5755.4000,5761.6000,1,2,1,2,1,2,1,1,3,1
SF,IC2106,2020-10-27 09:32:49.700,5754.2000,9383,-1,185202440.000,1,0,1,双平,S,5751.6000,5751.4000,5751.0000,5750.6000,5750.0000,5754.2000,5754.4000,5754.6000,5755.4000,5761.6000,1,1,1,2,1,1,1,1,3,1
SF,IC2106,2020-10-27 09:32:50.200,5754.2000,9383,0,186353280.000,1,0,1,多换,S,5751.8000,5751.6000,5751.4000,5751.0000,5750.6000,5754.4000,5754.6000,5755.4000,5761.6000,5762.2000,1,1,1,1,2,1,1,3,1,1
SF,IC2106,2020-10-27 09:32:50.700,5754.2000,9383,0,186353280.000,0,-,-,-,-,5752.0000,5751.8000,5751.4000,5751.0000,5750.6000,5754.4000,5754.6000,5755.4000,5761.6000,5762.2000,1,1,1,1,2,1,1,3,1,1
SF,IC2106,2020-10-27 09:32:51.200,5754.2000,9383,0,186353280.000,0,-,-,-,-,5752.2000,5752.0000,5751.8000,5751.4000,5751.0000,5754.4000,5754.6000,5755.4000,5761.6000,5762.2000,1,1,1,1,1,1,1,3,1,1
SF,IC2106,2020-10-27 09:32:51.700,5754.2000,9383,0,186353280.000,0,-,-,-,-,5752.2000,5752.0000,5751.8000,5751.4000,5751.0000,5754.4000,5754.6000,5755.4000,5761.6000,5762.2000,1,1,1,1,1,1,1,3,1,1
SF,IC2106,2020-10-27 09:32:52.200,5754.4000,9382,-1,187504160.000,1,0,1,双平,S,5752.4000,5752.2000,5751.8000,5751.4000,5751.0000,5754.6000,5755.4000,5761.6000,5762.2000,5771.0000,1,1,1,1,1,1,3,1,1,1
SF,IC2106,2020-10-27 09:32:52.700,5754.4000,9382,0,187504160.000,0,-,-,-,-,5752.6000,5752.4000,5752.2000,5751.8000,5751.4000,5755.4000,5761.6000,5762.2000,5771.0000,5777.8000,1,1,1,1,1,3,1,1,1,1
SF,IC2106,2020-10-27 09:32:53.200,5754.4000,9382,0,187504160.000,0,-,-,-,-,5752.8000,5752.6000,5752.2000,5751.8000,5751.4000,5755.4000,5761.6000,5762.2000,5771.0000,5777.8000,1,1,1,1,1,3,1,1,1,1
SF,IC2106,2020-10-27 09:32:53.700,5754.4000,9382,0,187504160.000,0,-,-,-,-,5752.8000,5752.6000,5752.2000,5751.8000,5751.4000,5755.4000,5761.6000,5762.2000,5771.0000,5777.8000,1,1,1,1,1,3,1,1,1,1
SF,IC2106,2020-10-27 09:32:54.200,5754.4000,9382,0,187504160.000,0,-,-,-,-,5752.8000,5752.6000,5752.2000,5751.8000,5751.4000,5755.0000,5755.4000,5761.6000,5762.2000,5771.0000,1,1,1,1,1,1,3,1,1,1
SF,IC2106,2020-10-27 09:32:56.200,5752.6000,9380,-2,189805240.000,2,0,2,双平,S,5752.2000,5751.8000,5751.4000,5751.0000,5750.6000,5752.8000,5755.0000,5755.4000,5761.6000,5762.2000,1,1,1,1,1,1,1,3,1,1
SF,IC2106,2020-10-27 09:32:56.700,5752.2000,9379,-1,190955680.000,1,0,1,双平,S,5751.8000,5751.4000,5751.0000,5750.6000,5750.0000,5752.8000,5755.4000,5761.6000,5762.2000,5771.0000,1,1,1,1,1,1,3,1,1,1
SF,IC2106,2020-10-27 09:32:57.200,5752.8000,9378,-1,193256600.000,2,0,2,多平,S,5751.4000,5750.6000,5750.0000,5749.0000,5747.4000,5755.4000,5761.6000,5762.2000,5771.0000,5777.8000,1,1,1,1,1,3,1,1,1,1
SF,IC2106,2020-10-27 09:32:57.700,5752.8000,9378,0,193256600.000,0,-,-,-,-,5751.4000,5750.0000,5749.0000,5747.4000,5745.0000,5755.0000,5755.2000,5755.4000,5760.0000,5761.6000,1,1,1,1,2,1,4,3,5,1
SF,IC2106,2020-10-27 09:32:58.200,5751.4000,9377,-1,194406880.000,1,0,1,双平,S,5750.0000,5749.0000,5747.4000,5745.0000,5742.0000,5754.6000,5754.8000,5755.2000,5755.4000,5760.0000,1,1,1,2,5,2,2,2,3,5
SF,IC2106,2020-10-27 09:32:58.700,5751.4000,9377,0,194406880.000,0,-,-,-,-,5750.0000,5749.0000,5747.4000,5745.0000,5742.0000,5754.0000,5754.4000,5754.6000,5755.2000,5755.4000,1,1,1,2,5,1,3,3,2,3
SF,IC2106,2020-10-27 09:32:59.200,5751.4000,9377,0,194406880.000,0,-,-,-,-,5750.2000,5750.0000,5749.0000,5747.4000,5746.8000,5753.8000,5754.4000,5754.6000,5755.2000,5755.4000,1,1,1,1,5,2,1,1,2,3
SF,IC2106,2020-10-27 09:32:59.700,5751.4000,9377,0,194406880.000,0,-,-,-,-,5750.0000,5749.0000,5747.4000,5745.0000,5738.0000,5753.4000,5753.6000,5753.8000,5754.4000,5754.6000,1,1,1,2,1,1,1,2,1,1
SF,IC2106,2020-10-27 09:33:00.200,5751.4000,9377,0,194406880.000,0,-,-,-,-,5750.2000,5750.0000,5749.0000,5747.4000,5745.0000,5753.2000,5753.4000,5753.6000,5754.6000,5755.4000,1,1,1,1,7,2,1,1,1,3
SF,IC2106,2020-10-27 09:33:00.700,5751.4000,9377,0,194406880.000,0,-,-,-,-,5750.2000,5750.0000,5749.0000,5747.4000,5745.0000,5753.0000,5753.2000,5753.4000,5754.6000,5755.4000,1,1,1,1,7,1,3,1,1,3
SF,IC2106,2020-10-27 09:33:01.200,5751.4000,9377,0,194406880.000,0,-,-,-,-,5750.0000,5749.0000,5747.4000,5745.0000,5738.0000,5752.8000,5753.0000,5753.2000,5754.6000,5755.4000,1,1,1,7,1,2,1,2,1,3
SF,IC2106,2020-10-27 09:33:01.700,5751.4000,9377,0,194406880.000,0,-,-,-,-,5750.0000,5749.0000,5747.4000,5745.0000,5738.0000,5752.6000,5752.8000,5753.0000,5753.2000,5754.6000,1,1,1,7,1,1,1,1,2,1
SF,IC2106,2020-10-27 09:33:02.200,5751.4000,9377,0,194406880.000,0,-,-,-,-,5750.0000,5749.0000,5747.4000,5745.0000,5738.0000,5752.4000,5752.6000,5753.0000,5753.2000,5754.6000,1,1,1,7,1,1,1,1,2,1
SF,IC2106,2020-10-27 09:33:02.700,5752.4000,9376,-1,195557360.000,1,0,1,双平,S,5750.2000,5750.0000,5749.0000,5747.4000,5745.0000,5751.6000,5752.6000,5753.2000,5754.6000,5755.4000,1,1,1,1,7,1,1,2,1,3
SF,IC2106,2020-10-27 09:33:03.200,5751.6000,9376,0,196707680.000,1,0,1,多换,S,5750.2000,5750.0000,5749.0000,5747.4000,5745.0000,5753.2000,5754.6000,5755.4000,5760.0000,5761.6000,1,1,1,1,7,2,1,3,5,1
SF,IC2106,2020-10-27 09:33:03.700,5751.6000,9377,1,197858000.000,1,1,0,双开,S,5750.2000,5750.0000,5749.0000,5747.4000,5745.0000,5753.2000,5754.6000,5755.4000,5760.0000,5761.6000,1,1,1,1,7,2,1,3,5,1
SF,IC2106,2020-10-27 09:33:04.200,5751.6000,9377,0,197858000.000,0,-,-,-,-,5750.2000,5750.0000,5749.0000,5747.4000,5745.0000,5753.2000,5754.6000,5755.4000,5760.0000,5761.6000,1,1,1,1,7,1,1,3,5,1
SF,IC2106,2020-10-27 09:33:05.200,5751.6000,9377,0,197858000.000,0,-,-,-,-,5750.2000,5750.0000,5749.0000,5747.4000,5745.0000,5753.0000,5753.2000,5755.4000,5760.0000,5761.6000,1,1,1,1,7,1,1,2,5,1
SF,IC2106,2020-10-27 09:33:05.700,5750.2000,9376,-1,199008040.000,1,0,1,双平,S,5750.0000,5749.0000,5747.4000,5745.0000,5738.0000,5750.2000,5753.0000,5753.2000,5755.4000,5760.0000,1,1,1,7,1,1,1,1,1,5
SF,IC2106,2020-10-27 09:33:06.200,5750.2000,9375,-1,200158080.000,1,0,1,双平,S,5750.0000,5749.0000,5747.4000,5745.0000,5738.0000,5753.0000,5753.2000,5760.0000,5761.6000,5771.0000,1,1,1,7,1,1,1,5,1,1
SF,IC2106,2020-10-27 09:33:06.700,5750.2000,9375,0,200158080.000,0,-,-,-,-,5750.0000,5749.0000,5747.4000,5746.8000,5745.0000,5752.8000,5753.0000,5753.2000,5760.0000,5761.6000,1,1,1,5,2,2,1,1,5,1
SF,IC2106,2020-10-27 09:33:07.200,5750.2000,9375,0,200158080.000,0,-,-,-,-,5750.0000,5749.0000,5747.4000,5745.0000,5738.0000,5752.6000,5752.8000,5753.2000,5760.0000,5761.6000,1,1,1,2,1,1,2,1,5,1
SF,IC2106,2020-10-27 09:33:07.700,5750.2000,9375,0,200158080.000,0,-,-,-,-,5750.0000,5749.0000,5747.4000,5745.0000,5738.0000,5751.6000,5752.4000,5752.6000,5752.8000,5753.2000,1,1,1,7,1,1,2,1,1,1
SF,IC2106,2020-10-27 09:33:08.200,5750.0000,9375,0,201308080.000,1,0,1,多换,S,5749.0000,5747.4000,5745.0000,5740.2000,5736.2000,5750.0000,5751.6000,5752.4000,5752.8000,5753.2000,1,1,2,5,5,1,1,2,1,1
SF,IC2106,2020-10-27 09:33:08.700,5749.0000,9375,0,202457880.000,1,0,1,多换,S,5747.4000,5745.0000,5736.2000,5731.2000,5731.0000,5749.0000,5750.0000,5751.6000,5752.4000,5753.2000,1,2,5,1,2,1,2,1,2,1
SF,IC2106,2020-10-27 09:33:09.200,5749.0000,9375,0,202457880.000,0,-,-,-,-,5747.4000,5745.0000,5736.2000,5731.2000,5731.0000,5749.0000,5750.0000,5751.6000,5752.4000,5753.2000,1,2,5,1,2,1,2,1,1,1
SF,IC2106,2020-10-27 09:33:09.700,5747.4000,9375,0,203607360.000,1,0,1,多换,S,5745.0000,5742.4000,5736.2000,5731.2000,5731.0000,5749.0000,5750.0000,5751.6000,5752.4000,5753.2000,2,5,5,1,2,1,2,1,1,1
SF,IC2106,2020-10-27 09:33:10.200,5747.4000,9375,0,203607360.000,0,-,-,-,-,5745.4000,5745.2000,5745.0000,5742.4000,5736.2000,5748.8000,5749.0000,5750.0000,5751.6000,5752.4000,1,1,2,5,5,1,1,2,1,1
SF,IC2106,2020-10-27 09:33:10.700,5745.6000,9375,0,204756480.000,1,0,1,多换,S,5745.4000,5745.0000,5742.4000,5736.2000,5731.2000,5748.8000,5749.0000,5750.0000,5751.6000,5752.4000,1,2,5,5,1,1,2,2,1,1
SF,IC2106,2020-10-27 09:33:11.200,5745.6000,9375,0,204756480.000,0,-,-,-,-,5745.4000,5745.0000,5740.8000,5736.2000,5731.2000,5748.6000,5748.8000,5749.0000,5750.0000,5751.6000,1,2,5,5,1,2,1,2,2,1
SF,IC2106,2020-10-27 09:33:12.700,5745.6000,9375,0,204756480.000,0,-,-,-,-,5745.8000,5745.0000,5740.8000,5736.2000,5731.2000,5748.6000,5748.8000,5749.0000,5750.0000,5751.6000,1,2,5,5,1,1,1,2,1,1
SF,IC2106,2020-10-27 09:33:13.200,5748.6000,9374,-1,205906200.000,1,0,1,双平,S,5746.0000,5745.0000,5742.6000,5736.2000,5731.2000,5748.8000,5749.0000,5750.0000,5751.6000,5760.0000,1,2,5,5,1,1,2,1,1,5
SF,IC2106,2020-10-27 09:33:13.700,5746.2000,9373,-1,207055440.000,1,0,1,双平,S,5746.2000,5745.0000,5742.6000,5736.2000,5731.2000,5749.0000,5750.0000,5751.6000,5760.0000,5761.6000,1,2,5,5,1,2,1,1,5,1
SF,IC2106,2020-10-27 09:33:14.200,5746.2000,9373,0,207055440.000,0,-,-,-,-,5746.2000,5745.0000,5742.6000,5736.2000,5731.2000,5748.8000,5749.0000,5750.0000,5751.6000,5760.0000,2,2,5,5,1,1,2,1,1,5
SF,IC2106,2020-10-27 09:33:14.700,5746.2000,9373,0,207055440.000,0,-,-,-,-,5746.2000,5745.0000,5742.6000,5736.2000,5731.2000,5748.8000,5749.0000,5750.0000,5751.6000,5760.0000,3,2,5,5,1,1,2,1,1,5
SF,IC2106,2020-10-27 09:33:15.700,5746.2000,9372,-1,210504240.000,3,1,2,多平,S,5746.2000,5745.0000,5742.6000,5736.2000,5731.2000,5750.0000,5751.6000,5760.0000,5761.6000,5777.8000,2,2,5,5,1,1,1,5,1,1
SF,IC2106,2020-10-27 09:33:16.200,5746.2000,9372,0,210504240.000,0,-,-,-,-,5746.4000,5746.2000,5745.0000,5742.6000,5736.2000,5750.0000,5751.6000,5760.0000,5761.6000,5777.8000,2,2,2,5,5,1,1,5,1,1
SF,IC2106,2020-10-27 09:33:16.700,5746.2000,9371,-1,211653480.000,1,0,1,双平,S,5746.4000,5746.2000,5745.0000,5736.2000,5731.2000,5749.8000,5750.0000,5751.6000,5760.0000,5761.6000,1,2,2,5,1,1,6,1,5,1
SF,IC2106,2020-10-27 09:33:17.200,5749.8000,9370,-1,212803440.000,1,0,1,双平,S,5746.6000,5746.4000,5746.2000,5745.0000,5743.8000,5750.0000,5751.6000,5760.0000,5761.6000,5777.8000,1,1,2,2,5,6,1,5,1,1
SF,IC2106,2020-10-27 09:33:17.700,5749.8000,9370,0,212803440.000,0,-,-,-,-,5746.8000,5746.6000,5746.2000,5745.0000,5743.8000,5750.0000,5751.6000,5760.0000,5761.6000,5777.8000,1,1,2,2,5,6,1,5,1,1
SF,IC2106,2020-10-27 09:33:19.700,5749.8000,9370,0,212803440.000,0,-,-,-,-,5746.8000,5746.6000,5746.2000,5745.0000,5743.8000,5749.6000,5750.0000,5751.6000,5760.0000,5761.6000,1,1,2,2,5,1,6,1,5,1
SF,IC2106,2020-10-27 09:33:20.200,5749.8000,9370,0,212803440.000,0,-,-,-,-,5746.8000,5746.2000,5745.0000,5743.8000,5736.2000,5749.4000,5749.6000,5750.0000,5751.6000,5760.0000,1,1,2,5,5,2,1,6,1,5
SF,IC2106,2020-10-27 09:33:20.700,5749.8000,9370,0,212803440.000,0,-,-,-,-,5746.8000,5745.0000,5743.8000,5736.2000,5731.2000,5749.4000,5749.6000,5750.0000,5751.6000,5760.0000,1,2,5,5,1,2,1,6,1,5
SF,IC2106,2020-10-27 09:33:21.200,5749.8000,9370,0,212803440.000,0,-,-,-,-,5747.0000,5746.8000,5745.0000,5743.8000,5736.2000,5749.4000,5749.6000,5750.0000,5751.6000,5760.0000,1,2,2,5,5,1,1,6,1,5
SF,IC2106,2020-10-27 09:33:22.200,5747.0000,9370,0,213952840.000,1,0,1,多换,S,5746.8000,5745.0000,5743.8000,5736.2000,5731.2000,5749.4000,5749.6000,5750.0000,5751.6000,5760.0000,2,2,5,5,1,1,1,6,1,5
SF,IC2106,2020-10-27 09:33:22.700,5747.0000,9370,0,213952840.000,0,-,-,-,-,5747.0000,5746.8000,5745.0000,5743.8000,5740.0000,5749.4000,5749.6000,5750.0000,5751.6000,5760.0000,1,2,2,5,1,1,1,6,1,5
SF,IC2106,2020-10-27 09:33:23.200,5747.0000,9370,0,213952840.000,0,-,-,-,-,5747.0000,5746.8000,5745.0000,5743.8000,5740.0000,5749.4000,5750.0000,5760.0000,5761.6000,5777.8000,1,2,2,5,1,1,6,5,1,1
SF,IC2106,2020-10-27 09:33:23.700,5747.0000,9370,0,213952840.000,0,-,-,-,-,5747.0000,5746.8000,5745.0000,5743.8000,5740.0000,5749.2000,5749.4000,5750.0000,5760.0000,5761.6000,1,2,2,5,1,1,1,6,5,1
SF,IC2106,2020-10-27 09:33:24.200,5746.8000,9369,-1,217400960.000,3,1,2,多平,S,5745.0000,5743.8000,5740.0000,5736.2000,5731.2000,5749.0000,5749.2000,5750.0000,5760.0000,5761.6000,2,5,1,5,1,1,1,6,5,1
SF,IC2106,2020-10-27 09:33:24.700,5746.8000,9369,0,217400960.000,0,-,-,-,-,5745.6000,5745.2000,5745.0000,5740.0000,5736.2000,5747.4000,5748.8000,5749.0000,5749.2000,5750.0000,1,1,2,1,5,1,2,1,1,6
SF,IC2106,2020-10-27 09:33:25.200,5746.8000,9369,0,217400960.000,0,-,-,-,-,5745.2000,5745.0000,5742.6000,5740.0000,5736.2000,5747.4000,5748.8000,5749.0000,5749.2000,5750.0000,1,2,5,1,5,1,2,1,1,6
SF,IC2106,2020-10-27 09:33:25.700,5746.8000,9369,0,217400960.000,0,-,-,-,-,5745.2000,5745.0000,5740.0000,5736.2000,5731.2000,5747.4000,5748.8000,5749.0000,5750.0000,5760.0000,1,2,1,5,1,1,2,1,6,5
SF,IC2106,2020-10-27 09:33:26.200,5747.4000,9369,0,218550440.000,1,0,1,多换,S,5745.6000,5745.2000,5745.0000,5740.2000,5740.0000,5747.4000,5749.0000,5750.0000,5760.0000,5761.6000,1,1,2,5,1,1,1,6,5,1
SF,IC2106,2020-10-27 09:33:26.700,5747.4000,9369,0,219699920.000,1,0,1,多换,S,5745.8000,5745.6000,5745.0000,5740.0000,5736.2000,5749.0000,5750.0000,5760.0000,5761.6000,5777.8000,1,1,2,1,5,1,6,5,1,1
SF,IC2106,2020-10-27 09:33:27.200,5747.4000,9369,0,219699920.000,0,-,-,-,-,5745.0000,5742.0000,5740.0000,5736.2000,5731.2000,5748.6000,5749.0000,5750.0000,5760.0000,5761.6000,2,5,1,5,1,1,1,6,5,1
SF,IC2106,2020-10-27 09:33:27.700,5747.4000,9369,0,219699920.000,0,-,-,-,-,5745.0000,5740.0000,5736.2000,5731.2000,5731.0000,5747.0000,5748.4000,5748.6000,5750.0000,5760.0000,2,1,5,1,2,1,3,1,6,5
SF,IC2106,2020-10-27 09:33:28.200,5747.4000,9369,0,219699920.000,0,-,-,-,-,5745.0000,5740.0000,5736.2000,5731.2000,5731.0000,5746.8000,5747.0000,5748.4000,5750.0000,5760.0000,2,1,5,1,2,1,1,2,6,5
SF,IC2106,2020-10-27 09:33:28.700,5747.4000,9369,0,219699920.000,0,-,-,-,-,5745.0000,5740.8000,5740.0000,5736.2000,5731.2000,5746.8000,5747.0000,5748.4000,5750.0000,5760.0000,2,5,1,5,1,1,1,2,6,5
SF,IC2106,2020-10-27 09:33:30.200,5747.4000,9369,0,219699920.000,0,-,-,-,-,5745.0000,5740.8000,5740.0000,5736.2000,5731.2000,5746.6000,5746.8000,5747.0000,5748.4000,5750.0000,2,5,1,5,1,1,1,1,2,6
SF,IC2106,2020-10-27 09:33:30.700,5745.0000,9369,0,221997920.000,2,1,1,多换,S,5740.8000,5740.0000,5736.2000,5731.2000,5731.0000,5746.4000,5746.6000,5747.0000,5748.4000,5750.0000,5,1,5,1,2,1,2,1,2,5
SF,IC2106,2020-10-27 09:33:31.200,5745.0000,9369,0,221997920.000,0,-,-,-,-,5742.8000,5741.4000,5741.0000,5740.8000,5740.0000,5746.2000,5746.4000,5746.6000,5747.0000,5748.4000,1,1,1,8,1,1,1,2,1,1
SF,IC2106,2020-10-27 09:33:31.700,5745.0000,9369,0,221997920.000,0,-,-,-,-,5740.8000,5740.0000,5736.2000,5731.2000,5731.0000,5745.8000,5746.0000,5746.2000,5746.6000,5747.0000,5,1,5,1,2,1,2,1,2,1
SF,IC2106,2020-10-27 09:33:32.200,5745.0000,9369,0,221997920.000,0,-,-,-,-,5741.0000,5740.8000,5740.0000,5736.2000,5731.2000,5745.6000,5745.8000,5746.0000,5746.6000,5747.0000,1,5,1,5,1,2,1,1,2,1
SF,IC2106,2020-10-27 09:33:32.700,5745.6000,9368,-1,223147040.000,1,0,1,双平,S,5742.8000,5741.2000,5741.0000,5740.0000,5736.2000,5746.0000,5746.6000,5747.0000,5750.0000,5760.0000,1,1,1,1,5,1,2,1,5,5
SF,IC2106,2020-10-27 09:33:33.200,5746.0000,9367,-1,224296240.000,1,0,1,双平,S,5743.0000,5742.8000,5741.2000,5740.0000,5736.2000,5746.6000,5747.0000,5750.0000,5760.0000,5761.6000,1,1,1,1,5,1,1,5,5,1
SF,IC2106,2020-10-27 09:33:33.700,5746.6000,9366,-1,225445560.000,1,0,1,双平,S,5743.2000,5743.0000,5742.8000,5740.0000,5739.2000,5747.0000,5750.0000,5760.0000,5761.6000,5777.8000,1,1,1,1,5,1,5,5,1,1
SF,IC2106,2020-10-27 09:33:34.200,5747.0000,9365,-1,226594960.000,1,0,1,双平,S,5745.6000,5743.4000,5743.2000,5740.0000,5736.2000,5750.0000,5760.0000,5761.6000,5777.8000,5784.6000,1,3,1,1,5,5,5,1,1,1
SF,IC2106,2020-10-27 09:33:34.700,5747.0000,9365,0,226594960.000,0,-,-,-,-,5745.8000,5745.6000,5743.4000,5740.0000,5736.2000,5749.6000,5749.8000,5750.0000,5760.0000,5761.6000,1,1,3,1,5,1,1,5,5,1
SF,IC2106,2020-10-27 09:33:35.200,5747.0000,9365,0,226594960.000,0,-,-,-,-,5745.8000,5745.6000,5743.4000,5742.0000,5740.0000,5749.4000,5749.6000,5750.0000,5760.0000,5761.6000,1,1,3,5,1,2,1,5,5,1
SF,IC2106,2020-10-27 09:33:35.700,5749.4000,9365,0,227744840.000,1,0,1,多换,S,5745.8000,5745.6000,5743.4000,5742.0000,5740.0000,5749.4000,5749.6000,5750.0000,5760.0000,5761.6000,1,1,3,5,1,1,1,5,5,1
SF,IC2106,2020-10-27 09:33:36.200,5745.8000,9365,0,228894000.000,1,0,1,多换,S,5745.6000,5743.4000,5742.0000,5740.0000,5736.2000,5749.2000,5749.4000,5749.6000,5750.0000,5760.0000,1,3,5,1,5,1,1,1,5,5
SF,IC2106,2020-10-27 09:33:36.700,5745.8000,9365,0,228894000.000,0,-,-,-,-,5745.6000,5743.4000,5742.0000,5740.0000,5736.2000,5749.0000,5749.2000,5749.6000,5750.0000,5760.0000,1,3,5,1,5,1,1,1,5,5
SF,IC2106,2020-10-27 09:33:37.200,5745.8000,9365,0,228894000.000,0,-,-,-,-,5745.6000,5743.4000,5742.0000,5740.0000,5736.2000,5748.8000,5749.0000,5750.0000,5760.0000,5761.6000,1,3,5,1,5,1,1,5,5,1
SF,IC2106,2020-10-27 09:33:37.700,5745.8000,9365,0,228894000.000,0,-,-,-,-,5745.6000,5743.4000,5742.0000,5740.0000,5736.2000,5748.4000,5748.6000,5748.8000,5750.0000,5760.0000,1,3,5,1,5,1,1,1,5,5
SF,IC2106,2020-10-27 09:33:38.200,5748.2000,9364,-1,230043640.000,1,0,1,双平,S,5745.6000,5743.4000,5742.0000,5740.0000,5736.2000,5748.4000,5748.8000,5750.0000,5760.0000,5761.6000,1,3,5,1,5,1,1,5,5,1
SF,IC2106,2020-10-27 09:33:38.700,5748.2000,9364,0,230043640.000,0,-,-,-,-,5745.8000,5745.6000,5743.4000,5742.0000,5740.0000,5748.8000,5750.0000,5760.0000,5761.6000,5777.8000,1,1,2,5,1,1,5,5,1,1
SF,IC2106,2020-10-27 09:33:39.700,5748.2000,9364,0,230043640.000,0,-,-,-,-,5745.8000,5745.6000,5743.4000,5740.0000,5736.2000,5748.8000,5750.0000,5760.0000,5761.6000,5777.8000,1,1,2,1,5,1,5,5,1,1
SF,IC2106,2020-10-27 09:33:40.200,5748.2000,9364,0,230043640.000,0,-,-,-,-,5745.8000,5745.6000,5744.6000,5743.4000,5740.0000,5750.0000,5760.0000,5761.6000,5777.8000,5784.6000,1,1,5,2,1,5,5,1,1,1
SF,IC2106,2020-10-27 09:33:40.700,5748.2000,9364,0,230043640.000,0,-,-,-,-,5745.8000,5745.6000,5743.4000,5742.8000,5740.0000,5749.8000,5750.0000,5760.0000,5761.6000,5777.8000,1,1,2,5,1,2,5,5,1,1
SF,IC2106,2020-10-27 09:33:41.700,5748.2000,9364,0,230043640.000,0,-,-,-,-,5745.8000,5745.6000,5744.4000,5743.4000,5740.0000,5749.8000,5750.0000,5760.0000,5761.6000,5777.8000,1,1,5,2,1,2,5,5,1,1
SF,IC2106,2020-10-27 09:33:42.200,5748.2000,9364,0,230043640.000,0,-,-,-,-,5746.0000,5745.8000,5745.6000,5744.4000,5743.4000,5750.0000,5760.0000,5761.6000,5777.8000,5784.6000,1,1,1,5,2,5,5,1,1,1
SF,IC2106,2020-10-27 09:33:42.700,5748.2000,9364,0,230043640.000,0,-,-,-,-,5746.2000,5746.0000,5745.6000,5744.4000,5743.4000,5749.6000,5749.8000,5750.0000,5760.0000,5761.6000,1,1,1,5,2,1,1,5,5,1
SF,IC2106,2020-10-27 09:33:43.200,5748.2000,9364,0,230043640.000,0,-,-,-,-,5746.4000,5746.2000,5745.6000,5744.4000,5743.4000,5749.6000,5750.0000,5760.0000,5761.6000,5777.8000,1,1,1,5,2,1,5,5,1,1
SF,IC2106,2020-10-27 09:33:43.700,5748.2000,9364,0,230043640.000,0,-,-,-,-,5746.6000,5746.4000,5745.6000,5744.4000,5743.4000,5750.0000,5760.0000,5761.6000,5777.8000,5784.6000,1,1,1,5,2,5,5,1,1,1
SF,IC2106,2020-10-27 09:33:44.200,5748.2000,9364,0,230043640.000,0,-,-,-,-,5746.8000,5746.6000,5746.0000,5745.6000,5743.4000,5750.0000,5760.0000,5761.6000,5777.8000,5784.6000,1,1,1,1,2,5,5,1,1,1
SF,IC2106,2020-10-27 09:33:44.700,5748.2000,9364,0,230043640.000,0,-,-,-,-,5747.0000,5746.8000,5746.0000,5745.6000,5743.4000,5749.6000,5750.0000,5760.0000,5761.6000,5777.8000,1,1,1,1,2,1,5,5,1,1
SF,IC2106,2020-10-27 09:33:45.200,5748.2000,9364,0,230043640.000,0,-,-,-,-,5747.0000,5746.0000,5745.6000,5744.0000,5743.4000,5749.4000,5749.6000,5750.0000,5760.0000,5761.6000,1,1,1,5,2,1,1,5,5,1
SF,IC2106,2020-10-27 09:33:45.700,5748.2000,9364,0,230043640.000,0,-,-,-,-,5747.0000,5746.0000,5745.6000,5744.0000,5743.4000,5749.2000,5749.4000,5749.6000,5750.0000,5760.0000,1,1,1,5,2,1,1,1,5,5
SF,IC2106,2020-10-27 09:33:46.200,5747.0000,9363,-1,231193040.000,1,0,1,双平,S,5746.0000,5745.6000,5743.4000,5741.0000,5740.0000,5749.0000,5749.2000,5749.6000,5750.0000,5760.0000,1,1,2,1,1,2,1,1,5,5
SF,IC2106,2020-10-27 09:33:46.700,5747.0000,9363,0,231193040.000,0,-,-,-,-,5746.0000,5745.6000,5743.4000,5742.8000,5741.0000,5749.0000,5749.2000,5750.0000,5760.0000,5761.6000,2,1,2,5,1,2,1,5,5,1
SF,IC2106,2020-10-27 09:33:47.200,5746.0000,9363,0,233491440.000,2,1,1,多换,S,5741.0000,5740.6000,5740.0000,5736.2000,5731.2000,5748.6000,5749.0000,5749.2000,5750.0000,5760.0000,1,5,1,5,1,1,2,1,5,5
SF,IC2106,2020-10-27 09:33:47.700,5746.0000,9363,0,233491440.000,0,-,-,-,-,5742.8000,5742.0000,5741.4000,5741.2000,5741.0000,5748.4000,5749.2000,5750.0000,5760.0000,5761.6000,1,3,1,1,1,2,1,5,5,1
SF,IC2106,2020-10-27 09:33:48.200,5746.0000,9363,0,233491440.000,0,-,-,-,-,5743.0000,5742.8000,5742.0000,5741.4000,5741.0000,5748.4000,5749.2000,5750.0000,5760.0000,5761.6000,1,1,3,1,1,2,1,5,5,1
SF,IC2106,2020-10-27 09:33:48.700,5746.0000,9363,0,233491440.000,0,-,-,-,-,5743.0000,5742.8000,5742.0000,5741.4000,5741.0000,5747.8000,5748.4000,5750.0000,5760.0000,5761.6000,1,1,3,1,1,2,2,5,5,1
SF,IC2106,2020-10-27 09:33:49.200,5746.0000,9363,0,233491440.000,0,-,-,-,-,5743.0000,5742.8000,5742.0000,5741.4000,5741.0000,5747.6000,5747.8000,5750.0000,5760.0000,5761.6000,1,1,3,1,1,2,1,5,5,1
SF,IC2106,2020-10-27 09:33:51.200,5746.0000,9363,0,233491440.000,0,-,-,-,-,5743.0000,5742.8000,5742.0000,5741.4000,5741.0000,5747.4000,5747.6000,5750.0000,5760.0000,5761.6000,1,1,3,1,1,1,2,5,5,1
SF,IC2106,2020-10-27 09:33:51.700,5746.0000,9363,0,233491440.000,0,-,-,-,-,5743.0000,5742.8000,5742.0000,5741.4000,5741.0000,5747.2000,5747.4000,5750.0000,5760.0000,5761.6000,1,1,3,1,1,2,1,5,5,1
SF,IC2106,2020-10-27 09:33:52.700,5746.0000,9363,0,233491440.000,0,-,-,-,-,5743.0000,5742.8000,5742.0000,5741.4000,5741.0000,5747.2000,5750.0000,5760.0000,5777.8000,5785.0000,1,1,3,1,1,2,5,5,1,1
SF,IC2106,2020-10-27 09:33:53.200,5746.0000,9363,0,233491440.000,0,-,-,-,-,5743.0000,5742.8000,5742.0000,5741.4000,5741.0000,5747.2000,5750.0000,5760.0000,5770.6000,5777.8000,1,1,3,1,1,2,5,5,1,1
SF,IC2106,2020-10-27 09:33:53.700,5746.0000,9363,0,233491440.000,0,-,-,-,-,5743.0000,5742.8000,5742.0000,5741.4000,5741.0000,5747.0000,5747.2000,5750.0000,5760.0000,5770.6000,1,1,1,1,1,1,2,5,5,1
SF,IC2106,2020-10-27 09:33:54.200,5746.0000,9363,0,233491440.000,0,-,-,-,-,5742.8000,5741.0000,5740.0000,5736.2000,5731.2000,5746.6000,5746.8000,5747.0000,5750.0000,5760.0000,1,1,1,10,1,1,2,1,5,5
SF,IC2106,2020-10-27 09:33:54.700,5746.0000,9363,0,233491440.000,0,-,-,-,-,5742.8000,5741.0000,5740.0000,5736.2000,5731.2000,5746.4000,5746.6000,5747.0000,5750.0000,5760.0000,2,1,1,5,1,3,2,1,5,5
SF,IC2106,2020-10-27 09:33:55.200,5746.0000,9363,0,233491440.000,0,-,-,-,-,5742.8000,5741.0000,5740.0000,5736.2000,5731.2000,5746.4000,5746.6000,5750.0000,5760.0000,5770.6000,2,1,1,5,1,3,2,5,5,1
SF,IC2106,2020-10-27 09:33:55.700,5746.0000,9363,0,233491440.000,0,-,-,-,-,5743.0000,5742.8000,5741.0000,5740.0000,5736.2000,5746.4000,5746.6000,5750.0000,5760.0000,5770.6000,1,2,1,1,5,2,1,5,5,1
SF,IC2106,2020-10-27 09:33:56.200,5746.0000,9363,0,233491440.000,0,-,-,-,-,5743.0000,5742.8000,5741.0000,5740.8000,5740.4000,5746.4000,5746.6000,5750.0000,5760.0000,5770.6000,1,2,1,5,1,2,1,5,5,1
SF,IC2106,2020-10-27 09:33:56.700,5746.0000,9363,0,233491440.000,0,-,-,-,-,5743.0000,5742.8000,5741.0000,5740.4000,5740.0000,5746.4000,5746.6000,5750.0000,5760.0000,5770.6000,1,2,1,1,1,2,1,5,5,1
SF,IC2106,2020-10-27 09:33:57.200,5746.0000,9363,0,233491440.000,0,-,-,-,-,5743.0000,5742.8000,5741.0000,5740.4000,5740.0000,5746.2000,5746.4000,5746.6000,5750.0000,5760.0000,1,2,1,1,1,1,2,1,5,5
SF,IC2106,2020-10-27 09:33:57.700,5746.0000,9363,0,233491440.000,0,-,-,-,-,5742.8000,5741.0000,5740.4000,5740.0000,5739.6000,5745.8000,5746.0000,5746.2000,5746.4000,5746.6000,2,1,1,1,5,1,1,1,1,1
SF,IC2106,2020-10-27 09:33:58.200,5746.0000,9363,0,233491440.000,0,-,-,-,-,5742.8000,5741.0000,5740.4000,5740.0000,5739.6000,5745.6000,5745.8000,5746.2000,5746.4000,5746.6000,2,1,1,1,5,1,1,1,1,1
SF,IC2106,2020-10-27 09:33:58.700,5746.0000,9363,0,233491440.000,0,-,-,-,-,5742.8000,5741.0000,5740.4000,5740.0000,5739.6000,5745.6000,5746.4000,5746.6000,5750.0000,5760.0000,2,1,1,1,5,1,1,1,5,5
SF,IC2106,2020-10-27 09:33:59.200,5746.0000,9363,0,233491440.000,0,-,-,-,-,5745.0000,5742.8000,5741.0000,5740.4000,5740.0000,5745.6000,5746.6000,5750.0000,5760.0000,5770.6000,1,2,1,1,1,1,1,5,5,1
SF,IC2106,2020-10-27 09:33:59.700,5745.0000,9363,0,234640440.000,1,0,1,多换,S,5742.8000,5741.0000,5740.4000,5740.0000,5739.6000,5745.4000,5746.6000,5750.0000,5760.0000,5770.6000,2,1,1,1,5,1,1,5,5,1
SF,IC2106,2020-10-27 09:34:00.200,5745.0000,9363,0,234640440.000,0,-,-,-,-,5742.8000,5741.0000,5740.4000,5740.0000,5739.6000,5745.2000,5745.4000,5746.6000,5750.0000,5760.0000,2,1,1,1,5,1,1,1,5,5
SF,IC2106,2020-10-27 09:34:00.700,5745.0000,9363,0,234640440.000,0,-,-,-,-,5742.8000,5741.0000,5740.4000,5740.0000,5739.6000,5745.2000,5746.6000,5750.0000,5760.0000,5770.6000,1,1,1,1,5,1,1,5,5,1
SF,IC2106,2020-10-27 09:34:01.200,5742.8000,9363,0,235789000.000,1,0,1,多换,S,5741.0000,5740.4000,5740.0000,5739.6000,5736.2000,5745.2000,5746.6000,5750.0000,5760.0000,5770.6000,1,1,1,5,5,1,1,5,5,1
SF,IC2106,2020-10-27 09:34:01.700,5742.8000,9363,0,235789000.000,0,-,-,-,-,5742.8000,5741.2000,5741.0000,5740.4000,5740.0000,5745.0000,5745.2000,5746.6000,5750.0000,5760.0000,1,1,1,1,1,1,1,1,5,5
SF,IC2106,2020-10-27 09:34:02.200,5742.8000,9363,0,235789000.000,0,-,-,-,-,5744.0000,5741.0000,5740.4000,5740.0000,5739.6000,5744.8000,5746.6000,5750.0000,5760.0000,5770.6000,1,1,1,1,5,1,1,5,5,1
SF,IC2106,2020-10-27 09:34:02.700,5744.0000,9363,0,236937800.000,1,0,1,多换,S,5741.0000,5740.4000,5740.0000,5736.4000,5736.2000,5744.0000,5744.8000,5746.6000,5750.0000,5760.0000,1,1,1,5,5,1,1,1,5,5
SF,IC2106,2020-10-27 09:34:03.200,5744.0000,9363,0,236937800.000,0,-,-,-,-,5742.0000,5741.0000,5740.4000,5740.0000,5736.2000,5743.8000,5744.0000,5746.6000,5750.0000,5760.0000,2,1,1,1,5,2,1,1,5,5
SF,IC2106,2020-10-27 09:34:03.700,5742.0000,9363,0,239234600.000,2,1,1,多换,S,5742.0000,5741.0000,5740.4000,5740.0000,5731.2000,5743.8000,5746.6000,5750.0000,5760.0000,5770.6000,1,1,1,1,1,2,1,5,5,1
SF,IC2106,2020-10-27 09:34:04.200,5741.0000,9362,-1,241531200.000,2,0,2,多平,S,5740.4000,5740.0000,5736.6000,5731.2000,5731.0000,5743.8000,5746.6000,5750.0000,5760.0000,5770.6000,1,1,5,1,2,2,1,5,5,1
SF,IC2106,2020-10-27 09:34:04.700,5741.0000,9362,0,241531200.000,0,-,-,-,-,5742.0000,5740.4000,5740.0000,5736.6000,5731.2000,5743.4000,5743.6000,5743.8000,5746.6000,5750.0000,1,1,1,5,1,2,1,1,1,5
SF,IC2106,2020-10-27 09:34:05.200,5742.0000,9362,0,242679600.000,1,0,1,多换,S,5740.4000,5740.0000,5736.6000,5731.2000,5731.0000,5743.2000,5743.4000,5746.6000,5750.0000,5760.0000,1,1,5,1,2,1,1,1,5,5
SF,IC2106,2020-10-27 09:34:05.700,5742.0000,9362,0,242679600.000,0,-,-,-,-,5740.4000,5740.0000,5736.6000,5731.2000,5731.0000,5743.0000,5743.2000,5746.6000,5750.0000,5760.0000,1,1,5,1,2,3,1,1,5,5
SF,IC2106,2020-10-27 09:34:06.200,5742.0000,9362,0,242679600.000,0,-,-,-,-,5740.4000,5740.0000,5736.6000,5731.2000,5731.0000,5741.8000,5743.0000,5743.2000,5746.6000,5750.0000,1,1,5,1,2,1,3,1,1,5
SF,IC2106,2020-10-27 09:34:06.700,5742.0000,9362,0,243828000.000,1,0,1,多换,S,5740.4000,5740.0000,5736.6000,5731.2000,5731.0000,5741.8000,5746.6000,5750.0000,5760.0000,5770.6000,1,1,5,1,2,1,1,5,5,1
SF,IC2106,2020-10-27 09:34:07.700,5742.0000,9361,-1,244976400.000,1,0,1,双平,S,5740.4000,5740.0000,5736.6000,5731.2000,5731.0000,5746.6000,5750.0000,5760.0000,5770.6000,5777.8000,1,1,5,1,2,1,5,5,1,1
SF,IC2106,2020-10-27 09:34:08.200,5742.0000,9361,0,244976400.000,0,-,-,-,-,5740.6000,5740.4000,5740.0000,5736.6000,5731.2000,5745.6000,5745.8000,5746.0000,5746.4000,5746.6000,1,1,1,5,1,6,2,2,3,1
SF,IC2106,2020-10-27 09:34:08.700,5742.0000,9361,0,244976400.000,0,-,-,-,-,5740.8000,5740.6000,5740.4000,5740.0000,5736.6000,5745.4000,5745.8000,5746.6000,5750.0000,5760.0000,1,1,1,1,5,1,2,1,5,5
SF,IC2106,2020-10-27 09:34:09.200,5742.0000,9361,0,244976400.000,0,-,-,-,-,5741.0000,5740.8000,5740.4000,5740.0000,5736.6000,5745.4000,5745.8000,5746.6000,5750.0000,5760.0000,2,1,1,1,5,1,2,1,5,5
SF,IC2106,2020-10-27 09:34:09.700,5741.2000,9361,0,247273720.000,2,1,1,多换,S,5741.0000,5740.4000,5740.0000,5736.6000,5731.2000,5745.2000,5745.8000,5746.6000,5750.0000,5760.0000,3,1,1,5,1,1,2,1,5,5
SF,IC2106,2020-10-27 09:34:10.200,5741.2000,9361,0,247273720.000,0,-,-,-,-,5741.0000,5740.4000,5740.0000,5736.6000,5731.2000,5745.0000,5745.2000,5746.6000,5750.0000,5760.0000,3,1,1,5,1,1,1,1,5,5
SF,IC2106,2020-10-27 09:34:10.700,5741.2000,9361,0,247273720.000,0,-,-,-,-,5741.0000,5740.4000,5740.0000,5736.6000,5731.2000,5744.6000,5744.8000,5745.0000,5746.6000,5750.0000,3,1,1,5,1,1,1,1,1,5
SF,IC2106,2020-10-27 09:34:11.200,5741.2000,9361,0,247273720.000,0,-,-,-,-,5741.0000,5740.0000,5736.6000,5731.2000,5731.0000,5744.4000,5746.6000,5750.0000,5760.0000,5770.6000,3,1,5,1,2,3,1,5,5,1
SF,IC2106,2020-10-27 09:34:12.200,5741.0000,9361,0,250718320.000,3,1,2,多换,S,5740.0000,5736.6000,5731.2000,5731.0000,5730.4000,5744.4000,5746.6000,5750.0000,5760.0000,5770.6000,1,5,1,2,5,3,1,5,5,1
SF,IC2106,2020-10-27 09:34:12.700,5741.0000,9361,0,250718320.000,0,-,-,-,-,5740.2000,5740.0000,5736.6000,5731.2000,5731.0000,5744.0000,5744.4000,5746.6000,5750.0000,5760.0000,1,1,5,1,2,1,3,1,5,5
SF,IC2106,2020-10-27 09:34:13.200,5741.0000,9361,0,250718320.000,0,-,-,-,-,5740.2000,5740.0000,5736.6000,5731.2000,5731.0000,5743.8000,5744.0000,5744.4000,5746.6000,5750.0000,1,1,5,1,2,3,2,1,1,5
SF,IC2106,2020-10-27 09:34:13.700,5741.0000,9361,0,250718320.000,0,-,-,-,-,5740.0000,5736.6000,5731.2000,5731.0000,5730.4000,5743.8000,5744.0000,5744.4000,5746.6000,5750.0000,1,5,1,2,5,3,2,1,1,5
SF,IC2106,2020-10-27 09:34:14.700,5741.0000,9361,0,250718320.000,0,-,-,-,-,5740.0000,5736.6000,5731.2000,5731.0000,5730.4000,5743.8000,5744.0000,5744.4000,5746.6000,5750.0000,2,5,1,2,5,3,2,1,1,5
SF,IC2106,2020-10-27 09:34:15.200,5741.0000,9361,0,250718320.000,0,-,-,-,-,5740.0000,5736.6000,5731.2000,5731.0000,5730.4000,5743.4000,5743.8000,5744.0000,5744.4000,5746.6000,2,5,1,2,5,1,5,2,1,1
SF,IC2106,2020-10-27 09:34:15.700,5741.0000,9361,0,250718320.000,0,-,-,-,-,5740.0000,5736.6000,5731.2000,5731.0000,5730.4000,5743.2000,5743.4000,5743.8000,5744.4000,5746.6000,2,5,1,2,5,3,1,3,1,1
SF,IC2106,2020-10-27 09:34:16.200,5741.0000,9361,0,250718320.000,0,-,-,-,-,5740.0000,5731.2000,5731.0000,5730.4000,5729.0000,5743.0000,5743.2000,5743.4000,5743.8000,5744.4000,2,1,2,5,1,1,3,1,3,1
SF,IC2106,2020-10-27 09:34:16.700,5741.0000,9361,0,250718320.000,0,-,-,-,-,5740.0000,5735.4000,5731.2000,5731.0000,5730.4000,5742.8000,5743.0000,5743.2000,5743.4000,5743.8000,2,5,1,2,5,1,1,2,1,3
SF,IC2106,2020-10-27 09:34:17.700,5741.0000,9361,0,250718320.000,0,-,-,-,-,5740.0000,5735.4000,5731.2000,5731.0000,5730.4000,5742.8000,5743.0000,5743.2000,5743.4000,5743.8000,2,5,1,2,5,2,1,2,1,3
SF,IC2106,2020-10-27 09:34:18.200,5741.0000,9361,0,250718320.000,0,-,-,-,-,5740.0000,5735.4000,5731.2000,5731.0000,5730.4000,5742.8000,5743.0000,5743.2000,5743.4000,5743.8000,3,5,1,2,5,2,1,2,1,3
SF,IC2106,2020-10-27 09:34:18.700,5741.0000,9361,0,250718320.000,0,-,-,-,-,5740.0000,5735.4000,5731.2000,5731.0000,5730.4000,5742.8000,5743.0000,5743.2000,5743.4000,5743.8000,3,5,1,2,5,1,1,2,1,3
SF,IC2106,2020-10-27 09:34:19.200,5741.0000,9361,0,250718320.000,0,-,-,-,-,5740.0000,5735.4000,5731.2000,5731.0000,5730.4000,5742.8000,5743.2000,5743.4000,5743.8000,5746.6000,3,5,1,2,5,1,2,1,3,1
SF,IC2106,2020-10-27 09:34:19.700,5741.0000,9361,0,250718320.000,0,-,-,-,-,5740.2000,5740.0000,5735.4000,5731.2000,5731.0000,5742.6000,5742.8000,5743.2000,5746.6000,5750.0000,1,3,5,1,2,1,1,2,1,5
SF,IC2106,2020-10-27 09:34:20.200,5741.0000,9361,0,250718320.000,0,-,-,-,-,5740.2000,5740.0000,5731.2000,5731.0000,5730.4000,5742.8000,5743.2000,5746.6000,5750.0000,5756.0000,1,3,1,2,5,1,1,1,5,1
SF,IC2106,2020-10-27 09:34:20.700,5741.0000,9361,0,250718320.000,0,-,-,-,-,5740.2000,5740.0000,5736.6000,5731.2000,5731.0000,5742.8000,5743.2000,5750.0000,5756.0000,5760.0000,2,2,5,1,2,2,1,5,1,5
SF,IC2106,2020-10-27 09:34:21.200,5740.2000,9359,-2,254163560.000,3,0,3,多平,S,5740.2000,5740.0000,5736.6000,5731.2000,5731.0000,5750.0000,5756.0000,5760.0000,5770.6000,5777.8000,1,2,5,1,2,5,1,5,1,1
SF,IC2106,2020-10-27 09:34:21.700,5740.2000,9359,0,254163560.000,0,-,-,-,-,5740.4000,5740.2000,5740.0000,5731.2000,5731.0000,5745.6000,5746.0000,5746.4000,5749.8000,5750.0000,2,1,1,1,2,6,2,1,1,5
SF,IC2106,2020-10-27 09:34:22.200,5740.2000,9359,0,254163560.000,0,-,-,-,-,5740.4000,5740.2000,5740.0000,5737.8000,5731.2000,5745.4000,5745.6000,5746.0000,5746.4000,5750.0000,2,1,1,5,1,2,6,2,1,5
SF,IC2106,2020-10-27 09:34:22.700,5740.2000,9359,0,254163560.000,0,-,-,-,-,5740.4000,5740.2000,5740.0000,5737.8000,5731.2000,5745.0000,5745.4000,5745.6000,5746.0000,5746.4000,2,1,1,5,1,1,2,6,2,1
SF,IC2106,2020-10-27 09:34:23.200,5740.2000,9359,0,254163560.000,0,-,-,-,-,5740.4000,5740.2000,5740.0000,5731.2000,5731.0000,5744.8000,5745.0000,5745.4000,5745.6000,5746.0000,2,1,1,1,2,2,1,1,6,2
SF,IC2106,2020-10-27 09:34:23.700,5744.8000,9358,-1,255312520.000,1,0,1,双平,S,5740.4000,5740.2000,5740.0000,5731.2000,5731.0000,5744.8000,5745.6000,5746.0000,5746.4000,5750.0000,2,1,1,1,2,1,2,2,1,5
SF,IC2106,2020-10-27 09:34:24.200,5744.8000,9358,0,255312520.000,0,-,-,-,-,5740.4000,5740.2000,5740.0000,5736.8000,5731.2000,5744.6000,5745.6000,5746.0000,5746.4000,5750.0000,2,1,1,5,1,1,2,2,1,5
SF,IC2106,2020-10-27 09:34:25.200,5744.8000,9358,0,255312520.000,0,-,-,-,-,5740.4000,5740.2000,5740.0000,5736.8000,5736.4000,5744.6000,5745.6000,5746.0000,5746.4000,5750.0000,2,1,1,5,1,1,2,2,1,5
SF,IC2106,2020-10-27 09:34:26.200,5744.8000,9358,0,255312520.000,0,-,-,-,-,5740.4000,5740.2000,5740.0000,5736.8000,5736.4000,5744.6000,5746.0000,5746.4000,5750.0000,5756.0000,2,1,1,5,1,1,1,1,5,1
SF,IC2106,2020-10-27 09:34:26.700,5744.8000,9358,0,255312520.000,0,-,-,-,-,5740.4000,5740.0000,5736.4000,5731.2000,5731.0000,5744.6000,5750.0000,5756.0000,5760.0000,5770.6000,2,1,1,1,2,1,5,1,5,1
SF,IC2106,2020-10-27 09:34:27.200,5744.8000,9358,0,255312520.000,0,-,-,-,-,5740.4000,5740.0000,5739.8000,5736.4000,5731.2000,5750.0000,5756.0000,5760.0000,5770.6000,5777.8000,3,1,5,1,1,5,1,5,1,1
SF,IC2106,2020-10-27 09:34:27.700,5744.8000,9358,0,255312520.000,0,-,-,-,-,5740.4000,5740.0000,5739.8000,5736.4000,5731.2000,5747.0000,5747.4000,5748.4000,5748.6000,5748.8000,3,1,5,1,1,1,2,1,3,2
SF,IC2106,2020-10-27 09:34:28.200,5744.8000,9358,0,255312520.000,0,-,-,-,-,5740.4000,5740.0000,5739.8000,5736.4000,5731.2000,5746.8000,5748.4000,5748.6000,5748.8000,5750.0000,3,1,5,1,1,1,1,3,2,5
SF,IC2106,2020-10-27 09:34:28.700,5744.8000,9358,0,255312520.000,0,-,-,-,-,5741.0000,5740.4000,5740.0000,5739.8000,5736.4000,5746.8000,5748.4000,5748.6000,5748.8000,5750.0000,1,3,1,5,1,1,1,3,2,5
SF,IC2106,2020-10-27 09:34:29.200,5744.8000,9358,0,255312520.000,0,-,-,-,-,5741.2000,5740.4000,5740.0000,5739.8000,5736.4000,5746.8000,5748.4000,5748.6000,5748.8000,5750.0000,2,1,1,5,1,1,1,3,2,5
SF,IC2106,2020-10-27 09:34:29.700,5744.8000,9358,0,255312520.000,0,-,-,-,-,5741.2000,5740.4000,5740.0000,5739.8000,5736.4000,5746.6000,5746.8000,5748.4000,5748.6000,5748.8000,2,1,1,5,1,1,1,1,3,2
SF,IC2106,2020-10-27 09:34:30.200,5741.2000,9358,0,256460760.000,1,0,1,多换,S,5741.2000,5740.4000,5740.0000,5739.8000,5736.4000,5746.4000,5746.6000,5748.4000,5748.6000,5748.8000,1,1,1,5,1,2,1,1,3,2
SF,IC2106,2020-10-27 09:34:30.700,5741.2000,9358,0,256460760.000,0,-,-,-,-,5741.2000,5740.4000,5740.0000,5739.8000,5736.4000,5746.4000,5746.6000,5748.4000,5748.6000,5750.0000,2,1,1,5,1,2,1,1,3,5
SF,IC2106,2020-10-27 09:34:31.200,5741.2000,9358,0,256460760.000,0,-,-,-,-,5741.2000,5740.4000,5740.0000,5739.8000,5736.4000,5745.8000,5746.2000,5746.4000,5746.6000,5748.4000,2,1,1,5,1,1,1,3,1,1
SF,IC2106,2020-10-27 09:34:31.700,5741.2000,9358,0,256460760.000,0,-,-,-,-,5741.2000,5740.4000,5740.0000,5739.8000,5736.4000,5745.6000,5745.8000,5746.2000,5746.4000,5748.4000,2,1,1,5,1,2,1,1,1,1
SF,IC2106,2020-10-27 09:34:32.200,5741.2000,9358,0,256460760.000,0,-,-,-,-,5741.2000,5740.4000,5740.0000,5739.8000,5736.4000,5745.6000,5746.4000,5748.4000,5748.6000,5750.0000,2,1,1,5,1,2,1,1,3,5
SF,IC2106,2020-10-27 09:34:32.700,5741.2000,9358,0,256460760.000,0,-,-,-,-,5741.2000,5740.4000,5740.0000,5739.8000,5736.4000,5745.6000,5746.4000,5748.4000,5748.6000,5750.0000,2,1,1,5,1,3,1,1,3,5
SF,IC2106,2020-10-27 09:34:33.200,5741.2000,9358,0,256460760.000,0,-,-,-,-,5741.2000,5740.0000,5739.8000,5736.4000,5731.2000,5745.6000,5746.4000,5748.4000,5748.6000,5750.0000,3,1,5,1,1,3,1,1,1,5
SF,IC2106,2020-10-27 09:34:33.700,5741.2000,9358,0,256460760.000,0,-,-,-,-,5741.2000,5740.0000,5739.8000,5736.4000,5731.2000,5745.2000,5745.6000,5746.4000,5748.4000,5748.6000,2,1,5,1,1,1,3,1,1,1
SF,IC2106,2020-10-27 09:34:34.200,5741.2000,9358,0,256460760.000,0,-,-,-,-,5741.2000,5740.0000,5738.6000,5736.4000,5731.2000,5744.8000,5745.0000,5745.4000,5745.6000,5746.4000,2,1,5,1,1,2,3,1,1,1
SF,IC2106,2020-10-27 09:34:34.700,5741.2000,9358,0,256460760.000,0,-,-,-,-,5741.2000,5740.0000,5736.4000,5731.2000,5731.0000,5744.4000,5744.6000,5745.0000,5745.4000,5745.6000,2,1,1,1,2,2,2,1,1,1
SF,IC2106,2020-10-27 09:34:35.200,5741.2000,9358,0,256460760.000,0,-,-,-,-,5741.2000,5740.0000,5736.8000,5736.4000,5731.2000,5744.2000,5744.4000,5744.6000,5745.0000,5745.4000,2,1,5,1,1,2,2,1,1,1
SF,IC2106,2020-10-27 09:34:35.700,5741.2000,9358,0,256460760.000,0,-,-,-,-,5741.2000,5740.0000,5736.8000,5736.4000,5731.2000,5744.2000,5744.4000,5744.6000,5745.4000,5745.6000,2,1,5,1,1,2,2,1,1,1
SF,IC2106,2020-10-27 09:34:37.200,5741.2000,9358,0,256460760.000,0,-,-,-,-,5741.2000,5740.0000,5736.8000,5736.4000,5735.0000,5744.2000,5744.4000,5744.6000,5745.4000,5745.6000,2,1,5,1,1,2,2,1,1,1
SF,IC2106,2020-10-27 09:34:37.700,5741.2000,9358,0,258757240.000,2,1,1,多换,S,5740.0000,5736.8000,5736.4000,5735.0000,5731.2000,5743.8000,5744.2000,5744.6000,5745.4000,5745.6000,1,5,1,1,1,2,3,1,1,1
SF,IC2106,2020-10-27 09:34:38.200,5741.2000,9358,0,258757240.000,0,-,-,-,-,5740.0000,5736.8000,5736.4000,5735.0000,5731.2000,5743.4000,5743.6000,5743.8000,5744.2000,5745.4000,1,5,1,1,1,1,3,4,2,1
SF,IC2106,2020-10-27 09:34:38.700,5740.0000,9358,0,259905240.000,1,0,1,多换,S,5742.0000,5736.8000,5736.4000,5735.0000,5731.2000,5742.8000,5743.0000,5743.2000,5743.4000,5743.6000,1,5,1,1,1,1,2,2,2,1
SF,IC2106,2020-10-27 09:34:39.200,5740.0000,9358,0,261053240.000,1,0,1,多换,S,5736.8000,5736.4000,5735.0000,5731.2000,5731.0000,5742.0000,5742.8000,5743.4000,5743.6000,5743.8000,5,1,1,1,2,1,2,2,1,2
SF,IC2106,2020-10-27 09:34:39.700,5740.0000,9358,0,261053240.000,0,-,-,-,-,5737.2000,5737.0000,5736.8000,5736.4000,5735.0000,5741.8000,5742.0000,5744.2000,5745.6000,5750.0000,1,1,5,1,1,2,2,1,1,5
SF,IC2106,2020-10-27 09:34:40.200,5740.0000,9358,0,261053240.000,0,-,-,-,-,5737.4000,5737.2000,5736.8000,5736.4000,5735.0000,5741.8000,5742.0000,5745.6000,5750.0000,5756.0000,1,1,5,1,1,2,2,1,5,1
SF,IC2106,2020-10-27 09:34:40.700,5740.0000,9358,0,261053240.000,0,-,-,-,-,5737.4000,5737.2000,5736.8000,5736.4000,5735.0000,5741.8000,5742.0000,5745.6000,5750.0000,5756.0000,2,1,5,1,1,3,1,1,5,1
SF,IC2106,2020-10-27 09:34:41.200,5742.0000,9356,-2,264498360.000,3,0,3,多平,S,5737.4000,5737.2000,5736.8000,5736.4000,5735.0000,5745.6000,5750.0000,5756.0000,5760.0000,5770.6000,2,1,5,1,1,1,5,1,5,1
SF,IC2106,2020-10-27 09:34:41.700,5742.0000,9356,0,264498360.000,0,-,-,-,-,5737.8000,5737.6000,5737.4000,5737.2000,5736.8000,5745.4000,5745.6000,5750.0000,5756.0000,5760.0000,1,1,2,1,5,1,6,5,1,5
SF,IC2106,2020-10-27 09:34:42.200,5742.0000,9356,0,264498360.000,0,-,-,-,-,5738.0000,5737.8000,5737.4000,5737.2000,5736.8000,5745.4000,5745.6000,5750.0000,5756.0000,5760.0000,2,1,2,1,5,1,6,5,1,5
SF,IC2106,2020-10-27 09:34:42.700,5742.0000,9356,0,264498360.000,0,-,-,-,-,5738.0000,5737.8000,5737.4000,5737.2000,5736.8000,5745.0000,5745.4000,5745.6000,5750.0000,5756.0000,2,1,2,1,5,1,1,3,5,1
SF,IC2106,2020-10-27 09:34:43.200,5742.0000,9356,0,264498360.000,0,-,-,-,-,5740.0000,5739.2000,5738.0000,5737.4000,5736.8000,5744.8000,5745.0000,5745.6000,5750.0000,5756.0000,1,1,2,2,5,1,1,1,5,1
SF,IC2106,2020-10-27 09:34:43.700,5742.0000,9356,0,264498360.000,0,-,-,-,-,5740.2000,5739.2000,5738.6000,5737.4000,5736.8000,5744.8000,5745.0000,5745.6000,5750.0000,5756.0000,2,1,1,2,5,1,1,1,5,1
SF,IC2106,2020-10-27 09:34:44.200,5740.2000,9356,0,265646400.000,1,0,1,多换,S,5740.2000,5739.2000,5738.6000,5737.4000,5736.8000,5744.8000,5745.0000,5745.6000,5750.0000,5756.0000,1,1,1,2,5,1,1,1,5,1
SF,IC2106,2020-10-27 09:34:44.700,5740.2000,9356,0,265646400.000,0,-,-,-,-,5740.4000,5740.2000,5739.2000,5737.4000,5736.8000,5744.8000,5745.0000,5745.6000,5750.0000,5756.0000,1,1,1,2,5,1,1,1,5,1
SF,IC2106,2020-10-27 09:34:45.200,5740.2000,9356,0,265646400.000,0,-,-,-,-,5740.4000,5739.2000,5737.4000,5736.4000,5736.0000,5744.6000,5744.8000,5745.6000,5750.0000,5756.0000,1,1,2,1,1,2,1,1,5,1
