市场代码,合约代码,时间,最新,持仓,增仓,成交额,成交量,开仓,平仓,成交类型,方向,买一价,买二价,买三价,买四价,买五价,卖一价,卖二价,卖三价,卖四价,卖五价,买一量,买二量,买三量,买四量,买五量,卖一量,卖二量,卖三量,卖四量,卖五量
SF,IC2103,2020-08-17 09:29:00.300,6188.0000,14139,0,4950400.000,4.000,-,-,-,-,6185.0000,6172.0000,6168.0000,6163.0000,6158.0000,6189.0000,6198.0000,6200.0000,6208.0000,6218.0000,1,1,1,25,1,2,1,12,1,1
SF,IC2103,2020-08-17 09:30:00.300,6198.0000,14140,1,8665600.000,3,2,1,空开,S,6189.0000,6186.8000,6185.0000,6172.0000,6168.0000,6198.0000,6200.0000,6208.0000,6218.0000,6218.4000,18,1,1,1,1,1,12,1,6,2
SF,IC2103,2020-08-17 09:30:00.800,6198.0000,14140,0,8665600.000,0,-,-,-,-,6190.0000,6189.0000,6186.8000,6185.0000,6172.0000,6197.8000,6198.0000,6200.0000,6208.0000,6218.0000,1,18,1,1,1,1,2,13,1,6
SF,IC2103,2020-08-17 09:30:01.300,6189.0000,14139,-1,11141400.000,2,0,2,多平,S,6189.0000,6186.8000,6185.0000,6168.0000,6163.0000,6198.0000,6200.0000,6208.0000,6218.0000,6218.4000,17,1,1,1,25,2,14,1,6,2
SF,IC2103,2020-08-17 09:30:01.800,6189.0000,14139,0,12379200.000,1,0,1,多换,S,6189.0000,6186.8000,6185.0000,6168.0000,6163.0000,6197.0000,6197.8000,6198.0000,6200.0000,6208.0000,16,1,1,1,25,1,2,2,14,1
SF,IC2103,2020-08-17 09:30:02.300,6189.0000,14138,-1,18569600.000,5,2,3,多平,S,6189.0000,6186.8000,6185.0000,6168.0000,6163.0000,6192.0000,6195.2000,6196.6000,6196.8000,6197.8000,13,1,1,1,25,1,1,1,1,1
SF,IC2103,2020-08-17 09:30:02.800,6189.0000,14137,-1,21045800.000,2,0,2,多平,S,6189.0000,6186.8000,6185.0000,6168.0000,6163.0000,6191.4000,6191.8000,6198.0000,6200.0000,6208.0000,12,1,1,1,25,1,1,2,14,1
SF,IC2103,2020-08-17 09:30:03.300,6191.4000,14136,-1,23521880.000,2,0,2,多平,S,6191.4000,6189.0000,6186.8000,6185.0000,6168.0000,6191.8000,6192.0000,6198.0000,6200.0000,6208.0000,1,11,1,1,1,1,2,2,14,1
SF,IC2103,2020-08-17 09:30:03.800,6191.4000,14136,0,24760160.000,1,0,1,多换,S,6189.0000,6186.8000,6185.0000,6168.0000,6163.0000,6191.0000,6191.4000,6191.6000,6191.8000,6192.0000,11,1,1,1,25,1,1,1,1,2
SF,IC2103,2020-08-17 09:30:04.300,6191.0000,14135,-1,28474360.000,3,1,2,多平,S,6191.0000,6189.0000,6186.8000,6185.0000,6168.0000,6191.6000,6191.8000,6192.0000,6198.0000,6200.0000,2,10,1,1,1,1,1,2,2,14
SF,IC2103,2020-08-17 09:30:04.800,6191.0000,14132,-3,35903320.000,6,1,5,多平,S,6189.0000,6186.8000,6185.0000,6168.0000,6163.0000,6191.6000,6191.8000,6192.0000,6198.0000,6200.0000,9,1,1,1,25,1,1,2,2,14
SF,IC2103,2020-08-17 09:30:05.300,6191.4000,14132,0,42092800.000,5,2,3,多换,S,6189.0000,6186.8000,6185.0000,6168.0000,6163.0000,6191.0000,6191.6000,6191.8000,6192.0000,6198.0000,5,1,1,1,25,1,1,1,2,2
SF,IC2103,2020-08-17 09:30:05.800,6189.0000,14132,0,48281800.000,5,2,3,多换,S,6186.8000,6185.0000,6168.0000,6163.0000,6150.0000,6189.0000,6190.6000,6191.0000,6191.6000,6191.8000,1,1,1,25,1,1,1,1,1,1
SF,IC2103,2020-08-17 09:30:06.300,6188.8000,14132,0,51994640.000,3,1,2,多换,S,6185.0000,6168.0000,6163.0000,6150.0000,6130.6000,6190.6000,6191.0000,6191.6000,6192.0000,6198.0000,1,1,25,1,1,1,1,1,2,2
SF,IC2103,2020-08-17 09:30:06.800,6190.4000,14130,-2,55706760.000,3,0,3,多平,S,6168.0000,6163.0000,6150.0000,6130.6000,6120.0000,6190.4000,6191.0000,6191.6000,6192.0000,6198.0000,1,25,1,1,1,1,1,1,2,2
SF,IC2103,2020-08-17 09:30:07.300,6190.4000,14130,0,55706760.000,0,-,-,-,-,6172.8000,6171.6000,6171.2000,6170.4000,6168.6000,6190.4000,6191.0000,6191.6000,6192.0000,6198.0000,1,1,1,1,3,1,1,1,2,2
SF,IC2103,2020-08-17 09:30:07.800,6190.4000,14130,0,55706760.000,0,-,-,-,-,6177.6000,6176.0000,6173.4000,6173.0000,6168.0000,6188.4000,6190.4000,6191.0000,6191.6000,6192.0000,1,1,3,2,1,1,1,1,1,2
SF,IC2103,2020-08-17 09:30:08.300,6190.4000,14130,0,55706760.000,0,-,-,-,-,6178.2000,6177.8000,6177.6000,6176.0000,6168.0000,6188.2000,6188.4000,6189.4000,6191.0000,6191.6000,3,2,1,1,1,1,1,1,1,1
SF,IC2103,2020-08-17 09:30:08.800,6190.4000,14130,0,55706760.000,0,-,-,-,-,6178.6000,6178.4000,6178.2000,6177.8000,6177.6000,6185.0000,6188.2000,6189.4000,6190.4000,6191.0000,1,1,4,1,1,1,1,1,1,1
SF,IC2103,2020-08-17 09:30:09.300,6185.0000,14128,-2,58180760.000,2,0,2,双平,S,6179.2000,6178.8000,6178.6000,6178.2000,6177.8000,6185.0000,6189.4000,6190.4000,6191.0000,6191.6000,3,1,1,1,1,1,1,1,1,1
SF,IC2103,2020-08-17 09:30:09.800,6185.0000,14128,0,59417760.000,1,0,1,多换,S,6185.0000,6179.4000,6179.2000,6178.6000,6178.2000,6190.4000,6190.8000,6191.0000,6191.6000,6192.0000,2,2,3,1,1,1,1,1,1,2
SF,IC2103,2020-08-17 09:30:10.300,6185.0000,14127,-1,61891760.000,2,0,2,多平,S,6179.2000,6177.8000,6176.0000,6163.0000,6150.0000,6190.2000,6190.4000,6190.8000,6191.0000,6191.6000,3,1,1,20,1,1,1,1,1,1
SF,IC2103,2020-08-17 09:30:10.800,6185.0000,14127,0,61891760.000,0,-,-,-,-,6179.4000,6179.2000,6177.8000,6176.0000,6163.0000,6190.0000,6190.2000,6190.4000,6191.6000,6192.0000,2,3,1,1,20,1,1,1,1,2
SF,IC2103,2020-08-17 09:30:11.300,6189.8000,14127,0,63129720.000,1,0,1,多换,S,6180.0000,6179.4000,6177.8000,6176.0000,6163.0000,6190.0000,6190.4000,6191.6000,6192.0000,6198.0000,3,2,1,1,20,1,1,1,2,2
SF,IC2103,2020-08-17 09:30:11.800,6189.8000,14127,0,63129720.000,0,-,-,-,-,6180.2000,6180.0000,6177.8000,6171.0000,6163.0000,6189.2000,6189.8000,6190.0000,6190.4000,6191.6000,4,3,1,1,20,1,1,2,1,1
SF,IC2103,2020-08-17 09:30:12.300,6189.2000,14126,-1,64367560.000,1,0,1,双平,S,6181.6000,6180.8000,6180.6000,6180.4000,6180.2000,6189.2000,6190.0000,6190.4000,6191.6000,6192.0000,2,3,1,1,3,1,2,1,1,2
SF,IC2103,2020-08-17 09:30:12.800,6190.0000,14124,-2,66843400.000,2,0,2,双平,S,6183.6000,6182.4000,6182.2000,6181.8000,6180.2000,6189.0000,6190.4000,6191.6000,6192.0000,6198.0000,2,1,4,3,2,1,1,1,2,2
SF,IC2103,2020-08-17 09:30:13.300,6190.4000,14122,-2,69319320.000,2,0,2,双平,S,6184.2000,6183.8000,6183.6000,6182.4000,6181.8000,6191.6000,6192.0000,6198.0000,6200.0000,6208.0000,4,4,2,1,1,1,2,2,14,1
SF,IC2103,2020-08-17 09:30:13.800,6191.6000,14120,-2,71795920.000,2,0,2,双平,S,6186.2000,6184.4000,6184.2000,6183.8000,6182.4000,6192.0000,6198.0000,6200.0000,6208.0000,6218.0000,2,3,4,2,1,2,2,14,1,6
SF,IC2103,2020-08-17 09:30:14.300,6183.8000,14109,-11,85403240.000,11,0,11,双平,S,6182.4000,6181.8000,6180.2000,6171.0000,6163.0000,6183.6000,6185.0000,6191.4000,6191.8000,6192.0000,1,1,1,1,20,6,1,1,1,2
SF,IC2103,2020-08-17 09:30:14.800,6184.2000,14101,-8,95296880.000,8,0,8,双平,S,6184.4000,6181.8000,6180.2000,6171.0000,6163.0000,6185.0000,6191.4000,6191.8000,6192.0000,6198.0000,1,1,1,1,20,1,1,1,2,1
SF,IC2103,2020-08-17 09:30:15.300,6184.4000,14098,-3,100244760.000,4,0,4,多平,S,6184.0000,6183.6000,6181.8000,6171.0000,6163.0000,6190.8000,6191.4000,6191.8000,6192.0000,6196.0000,2,1,1,1,20,1,1,1,2,1
SF,IC2103,2020-08-17 09:30:15.800,6184.0000,14096,-2,102718360.000,2,0,2,双平,S,6183.6000,6181.8000,6171.0000,6163.0000,6150.0000,6190.2000,6190.6000,6190.8000,6192.0000,6196.0000,1,1,1,20,1,2,2,1,2,1
SF,IC2103,2020-08-17 09:30:16.300,6183.6000,14096,0,103955080.000,1,0,1,多换,S,6171.0000,6163.0000,6150.0000,6130.6000,6124.8000,6188.4000,6189.8000,6190.0000,6190.2000,6190.6000,1,20,1,1,9,1,1,1,2,1
SF,IC2103,2020-08-17 09:30:16.800,6183.6000,14096,0,103955080.000,0,-,-,-,-,6171.6000,6171.2000,6171.0000,6163.0000,6150.0000,6187.8000,6188.2000,6188.4000,6190.2000,6190.6000,1,2,1,20,1,1,3,1,1,1
SF,IC2103,2020-08-17 09:30:17.300,6183.6000,14096,0,103955080.000,0,-,-,-,-,6178.2000,6172.2000,6171.8000,6171.6000,6171.2000,6185.6000,6187.4000,6187.6000,6187.8000,6188.2000,2,1,1,1,1,1,1,1,1,2
SF,IC2103,2020-08-17 09:30:17.800,6183.6000,14096,0,103955080.000,0,-,-,-,-,6178.6000,6178.4000,6178.2000,6171.6000,6171.2000,6185.0000,6185.4000,6186.8000,6187.4000,6188.2000,1,1,3,1,1,1,2,1,1,2
SF,IC2103,2020-08-17 09:30:18.300,6185.0000,14094,-2,106429040.000,2,0,2,双平,S,6178.8000,6178.6000,6178.2000,6171.6000,6171.2000,6185.4000,6186.8000,6187.4000,6188.2000,6188.4000,2,1,3,1,1,1,1,1,1,1
SF,IC2103,2020-08-17 09:30:18.800,6187.4000,14094,0,107666520.000,1,0,1,多换,S,6180.2000,6179.4000,6179.0000,6178.8000,6178.6000,6188.2000,6190.0000,6190.2000,6192.0000,6196.0000,2,2,1,2,1,1,1,2,2,1
SF,IC2103,2020-08-17 09:30:19.300,6187.4000,14094,0,107666520.000,0,-,-,-,-,6182.0000,6180.8000,6180.4000,6179.4000,6179.0000,6188.2000,6190.0000,6190.2000,6192.0000,6196.0000,2,1,2,1,1,1,1,2,2,1
SF,IC2103,2020-08-17 09:30:19.800,6187.4000,14094,0,107666520.000,0,-,-,-,-,6182.4000,6182.2000,6182.0000,6179.4000,6179.0000,6188.2000,6190.0000,6190.2000,6192.0000,6196.0000,1,2,2,1,1,1,1,2,2,1
SF,IC2103,2020-08-17 09:30:20.300,6187.4000,14094,0,107666520.000,0,-,-,-,-,6183.2000,6182.6000,6182.4000,6179.4000,6179.0000,6188.2000,6190.0000,6190.2000,6192.0000,6196.0000,2,2,1,1,1,1,1,2,2,1
SF,IC2103,2020-08-17 09:30:20.800,6187.4000,14094,0,107666520.000,0,-,-,-,-,6183.4000,6183.2000,6179.4000,6178.6000,6178.2000,6188.0000,6188.2000,6190.0000,6190.2000,6192.0000,2,2,1,1,1,1,1,1,2,2
SF,IC2103,2020-08-17 09:30:21.300,6187.4000,14094,0,107666520.000,0,-,-,-,-,6183.4000,6183.2000,6183.0000,6179.4000,6178.6000,6187.6000,6188.0000,6188.2000,6190.0000,6190.2000,2,2,1,1,1,1,2,1,1,2
SF,IC2103,2020-08-17 09:30:21.800,6187.4000,14094,0,107666520.000,0,-,-,-,-,6184.0000,6183.4000,6183.0000,6179.4000,6178.6000,6187.6000,6188.0000,6188.2000,6190.0000,6190.2000,2,2,1,1,1,1,1,1,1,2
SF,IC2103,2020-08-17 09:30:22.300,6187.6000,14093,-1,108904040.000,1,0,1,双平,S,6184.2000,6184.0000,6183.4000,6183.0000,6179.4000,6187.0000,6188.2000,6190.0000,6190.2000,6192.0000,1,2,1,1,1,1,1,1,2,2
SF,IC2103,2020-08-17 09:30:22.800,6187.0000,14092,-1,110141440.000,1,0,1,双平,S,6184.8000,6184.4000,6183.0000,6179.4000,6178.6000,6190.0000,6190.2000,6192.0000,6196.0000,6198.0000,2,1,1,1,1,1,1,2,1,1
SF,IC2103,2020-08-17 09:30:23.300,6185.0000,14090,-2,113854400.000,3,0,3,多平,S,6185.0000,6184.4000,6183.0000,6179.4000,6178.6000,6190.2000,6192.0000,6196.0000,6198.0000,6200.0000,4,1,1,1,1,1,2,1,1,14
SF,IC2103,2020-08-17 09:30:23.800,6185.0000,14089,-1,115091400.000,1,0,1,双平,S,6185.8000,6185.0000,6183.0000,6179.4000,6178.6000,6190.2000,6192.0000,6196.0000,6198.0000,6200.0000,2,4,1,1,1,1,2,1,1,14
SF,IC2103,2020-08-17 09:30:24.300,6185.0000,14089,0,115091400.000,0,-,-,-,-,6186.0000,6183.0000,6179.4000,6178.6000,6178.2000,6190.0000,6190.2000,6192.0000,6196.0000,6198.0000,3,1,1,1,1,1,1,2,1,1
SF,IC2103,2020-08-17 09:30:24.800,6185.0000,14089,0,115091400.000,0,-,-,-,-,6186.6000,6186.0000,6183.0000,6179.4000,6178.6000,6190.0000,6190.2000,6192.0000,6196.0000,6198.0000,2,1,1,1,1,1,1,2,1,1
SF,IC2103,2020-08-17 09:30:25.300,6185.0000,14086,-3,118802400.000,3,0,3,双平,S,6183.0000,6179.4000,6178.6000,6178.2000,6171.0000,6183.6000,6189.8000,6190.0000,6190.2000,6192.0000,1,1,1,1,1,2,1,1,1,2
SF,IC2103,2020-08-17 09:30:25.800,6183.6000,14084,-2,121275840.000,2,0,2,双平,S,6184.2000,6183.6000,6183.0000,6179.4000,6178.6000,6189.8000,6190.2000,6192.0000,6196.0000,6198.0000,1,2,1,1,1,1,1,2,1,1
SF,IC2103,2020-08-17 09:30:26.300,6184.2000,14084,0,122512680.000,1,0,1,多换,S,6184.8000,6184.4000,6184.2000,6183.6000,6183.0000,6189.6000,6190.2000,6192.0000,6196.0000,6198.0000,1,1,1,1,1,2,1,2,1,1
SF,IC2103,2020-08-17 09:30:26.800,6184.2000,14084,0,122512680.000,0,-,-,-,-,6185.0000,6184.8000,6184.4000,6184.2000,6183.6000,6189.6000,6190.2000,6192.0000,6196.0000,6198.0000,1,1,1,1,2,2,1,2,1,1
SF,IC2103,2020-08-17 09:30:27.300,6184.2000,14084,0,122512680.000,0,-,-,-,-,6185.2000,6185.0000,6184.8000,6184.4000,6184.2000,6189.6000,6190.2000,6192.0000,6196.0000,6198.0000,1,1,1,1,1,2,1,2,1,1
SF,IC2103,2020-08-17 09:30:27.800,6189.6000,14084,0,123750600.000,1,0,1,多换,S,6185.4000,6185.2000,6184.4000,6184.2000,6183.6000,6189.6000,6190.2000,6192.0000,6196.0000,6198.0000,2,1,1,1,1,1,1,2,1,1
SF,IC2103,2020-08-17 09:30:28.300,6189.6000,14084,0,123750600.000,0,-,-,-,-,6185.8000,6185.6000,6185.4000,6185.2000,6185.0000,6190.2000,6192.0000,6196.0000,6198.0000,6200.0000,2,1,1,1,1,1,2,1,1,14
SF,IC2103,2020-08-17 09:30:28.800,6189.6000,14084,0,123750600.000,0,-,-,-,-,6186.0000,6185.6000,6185.2000,6185.0000,6184.4000,6190.0000,6190.2000,6192.0000,6196.0000,6198.0000,2,1,1,1,1,1,1,2,1,1
SF,IC2103,2020-08-17 09:30:29.300,6189.6000,14084,0,123750600.000,0,-,-,-,-,6186.8000,6186.0000,6185.6000,6185.2000,6185.0000,6190.2000,6192.0000,6196.0000,6198.0000,6200.0000,2,2,1,1,1,1,2,1,1,4
SF,IC2103,2020-08-17 09:30:29.800,6187.0000,14083,-1,124988000.000,1,0,1,双平,S,6187.0000,6186.6000,6186.0000,6185.6000,6185.2000,6190.2000,6192.0000,6196.0000,6198.0000,6200.0000,1,1,1,1,1,1,2,1,1,4
SF,IC2103,2020-08-17 09:30:30.300,6187.0000,14083,0,124988000.000,0,-,-,-,-,6187.8000,6186.6000,6185.6000,6185.0000,6184.2000,6190.0000,6190.2000,6192.0000,6196.0000,6198.0000,2,1,1,1,1,2,1,2,1,1
SF,IC2103,2020-08-17 09:30:30.800,6187.6000,14081,-2,127463040.000,2,0,2,双平,S,6186.6000,6185.0000,6184.2000,6183.6000,6183.0000,6187.8000,6189.0000,6190.0000,6190.2000,6192.0000,1,1,1,1,1,2,1,2,1,2
SF,IC2103,2020-08-17 09:30:31.300,6186.6000,14081,0,128700360.000,1,0,1,多换,S,6185.0000,6184.2000,6183.6000,6183.0000,6179.4000,6187.6000,6187.8000,6189.0000,6190.0000,6190.2000,1,1,1,1,1,1,1,1,1,1
SF,IC2103,2020-08-17 09:30:31.800,6185.2000,14079,-2,131174440.000,2,0,2,双平,S,6185.0000,6184.2000,6183.6000,6183.0000,6179.4000,6187.8000,6190.2000,6192.0000,6196.0000,6198.0000,1,1,1,1,1,1,1,2,1,1
SF,IC2103,2020-08-17 09:30:32.300,6185.0000,14079,0,132411440.000,1,0,1,多换,S,6184.2000,6183.6000,6183.0000,6179.4000,6178.6000,6186.6000,6187.0000,6187.6000,6187.8000,6190.2000,1,1,1,1,1,1,1,1,1,1
SF,IC2103,2020-08-17 09:30:32.800,6184.2000,14079,0,133648280.000,1,0,1,多换,S,6183.6000,6183.0000,6179.4000,6178.6000,6178.2000,6186.4000,6186.6000,6187.0000,6187.8000,6190.2000,1,1,1,1,1,1,1,1,1,1
SF,IC2103,2020-08-17 09:30:33.300,6184.2000,14079,0,133648280.000,0,-,-,-,-,6183.8000,6183.6000,6183.0000,6179.4000,6178.6000,6186.6000,6187.0000,6187.8000,6190.2000,6192.0000,1,1,1,1,1,1,1,1,1,2
SF,IC2103,2020-08-17 09:30:33.800,6184.0000,14078,-1,134885080.000,1,0,1,双平,S,6183.8000,6183.6000,6183.0000,6179.4000,6178.6000,6186.0000,6187.8000,6190.2000,6192.0000,6198.0000,1,1,1,1,1,1,1,1,2,1
SF,IC2103,2020-08-17 09:30:34.300,6186.0000,14077,-1,136122280.000,1,0,1,双平,S,6184.0000,6183.8000,6183.6000,6183.0000,6179.4000,6187.8000,6190.2000,6192.0000,6198.0000,6200.0000,2,1,1,1,1,1,1,2,1,4
SF,IC2103,2020-08-17 09:30:34.800,6186.0000,14077,0,136122280.000,0,-,-,-,-,6185.0000,6184.0000,6183.6000,6183.0000,6179.4000,6190.2000,6192.0000,6198.0000,6200.0000,6208.0000,1,2,1,1,1,1,2,1,4,1
SF,IC2103,2020-08-17 09:30:35.300,6185.2000,14076,-1,137359320.000,1,0,1,双平,S,6185.2000,6185.0000,6184.0000,6183.6000,6183.0000,6190.0000,6190.2000,6192.0000,6198.0000,6200.0000,4,1,1,1,1,1,1,2,1,4
SF,IC2103,2020-08-17 09:30:35.800,6185.2000,14075,-1,139833400.000,2,0,2,多平,S,6185.2000,6185.0000,6184.0000,6183.6000,6183.0000,6189.8000,6190.0000,6190.2000,6192.0000,6198.0000,2,1,1,1,1,1,1,1,2,1
SF,IC2103,2020-08-17 09:30:36.300,6185.2000,14075,0,139833400.000,0,-,-,-,-,6185.2000,6185.0000,6183.6000,6183.0000,6182.8000,6189.6000,6189.8000,6190.0000,6192.0000,6198.0000,1,1,1,1,1,1,1,1,2,1
SF,IC2103,2020-08-17 09:30:36.800,6189.4000,14073,-2,142309160.000,2,0,2,双平,S,6185.4000,6185.2000,6185.0000,6183.6000,6183.0000,6189.6000,6190.0000,6192.0000,6198.0000,6200.0000,1,2,1,1,1,1,1,2,1,4
SF,IC2103,2020-08-17 09:30:37.300,6185.4000,14072,-1,143546240.000,1,0,1,双平,S,6185.2000,6185.0000,6183.6000,6183.0000,6182.8000,6189.6000,6190.0000,6192.0000,6198.0000,6200.0000,2,1,1,1,1,1,1,2,1,4
SF,IC2103,2020-08-17 09:30:37.800,6185.2000,14071,-1,144783280.000,1,0,1,双平,S,6185.0000,6183.6000,6183.0000,6182.8000,6179.4000,6189.4000,6190.0000,6192.0000,6198.0000,6200.0000,1,1,1,1,1,2,1,2,1,4
SF,IC2103,2020-08-17 09:30:38.300,6185.2000,14071,0,144783280.000,0,-,-,-,-,6185.0000,6183.6000,6183.0000,6182.8000,6179.4000,6188.8000,6189.2000,6189.4000,6190.0000,6192.0000,1,1,1,1,1,1,1,2,1,2
SF,IC2103,2020-08-17 09:30:38.800,6185.0000,14070,-1,146020280.000,1,0,1,双平,S,6183.6000,6183.0000,6182.8000,6179.4000,6178.6000,6188.2000,6188.6000,6188.8000,6189.4000,6190.0000,1,1,1,1,1,1,1,1,2,1
SF,IC2103,2020-08-17 09:30:39.300,6185.0000,14070,0,146020280.000,0,-,-,-,-,6183.6000,6183.0000,6182.8000,6179.4000,6178.6000,6188.0000,6188.2000,6188.8000,6189.4000,6190.0000,1,1,1,1,1,3,1,1,1,1
SF,IC2103,2020-08-17 09:30:39.800,6183.6000,14070,0,147257000.000,1,0,1,多换,S,6183.0000,6182.8000,6179.4000,6178.6000,6178.2000,6183.6000,6186.6000,6188.0000,6188.8000,6189.4000,1,1,1,1,1,1,5,2,1,1
SF,IC2103,2020-08-17 09:30:40.300,6183.6000,14069,-1,152203480.000,4,1,3,多平,S,6179.4000,6178.6000,6178.2000,6171.0000,6163.0000,6185.8000,6186.6000,6188.0000,6188.8000,6189.4000,1,1,1,1,20,1,5,2,1,1
SF,IC2103,2020-08-17 09:30:40.800,6183.6000,14069,0,152203480.000,0,-,-,-,-,6179.6000,6179.4000,6178.6000,6178.2000,6171.0000,6185.6000,6185.8000,6186.6000,6188.0000,6188.8000,1,1,1,1,1,2,1,5,1,1
SF,IC2103,2020-08-17 09:30:41.300,6183.6000,14069,0,152203480.000,0,-,-,-,-,6179.4000,6178.6000,6178.2000,6171.0000,6163.0000,6185.6000,6186.6000,6188.0000,6189.4000,6190.0000,1,1,1,1,20,3,5,1,1,1
SF,IC2103,2020-08-17 09:30:41.800,6183.6000,14069,0,152203480.000,0,-,-,-,-,6178.6000,6178.2000,6171.0000,6163.0000,6160.0000,6184.0000,6185.0000,6185.6000,6186.6000,6188.0000,1,1,1,20,1,1,1,3,5,1
SF,IC2103,2020-08-17 09:30:42.300,6183.6000,14069,0,152203480.000,0,-,-,-,-,6181.4000,6178.8000,6178.2000,6171.0000,6163.0000,6183.8000,6184.0000,6185.0000,6185.6000,6186.6000,1,1,1,1,20,2,1,1,1,5
SF,IC2103,2020-08-17 09:30:42.800,6183.6000,14069,0,152203480.000,0,-,-,-,-,6178.8000,6178.2000,6171.0000,6163.0000,6160.0000,6179.4000,6183.8000,6184.0000,6185.0000,6185.6000,1,1,1,20,1,1,1,1,1,1
SF,IC2103,2020-08-17 09:30:43.300,6179.4000,14068,-1,153439360.000,1,0,1,双平,S,6178.2000,6171.0000,6163.0000,6160.0000,6150.0000,6179.4000,6181.2000,6185.0000,6185.6000,6186.6000,1,1,20,1,1,1,2,1,1,5
SF,IC2103,2020-08-17 09:30:43.800,6179.4000,14067,-1,154675240.000,1,0,1,双平,S,6178.2000,6171.0000,6163.0000,6160.0000,6150.0000,6181.2000,6185.0000,6185.6000,6186.6000,6188.0000,1,1,20,1,1,2,1,1,5,1
SF,IC2103,2020-08-17 09:30:44.300,6179.4000,14067,0,154675240.000,0,-,-,-,-,6178.4000,6178.2000,6171.0000,6163.0000,6160.0000,6181.0000,6181.2000,6185.6000,6186.6000,6188.0000,1,1,1,20,1,1,2,1,5,1
SF,IC2103,2020-08-17 09:30:46.300,6179.4000,14067,0,154675240.000,0,-,-,-,-,6178.4000,6178.2000,6171.0000,6163.0000,6160.0000,6181.0000,6185.6000,6186.6000,6188.0000,6190.0000,1,1,1,20,1,1,1,5,1,1
SF,IC2103,2020-08-17 09:30:46.800,6179.4000,14067,0,154675240.000,0,-,-,-,-,6178.4000,6178.2000,6171.0000,6163.0000,6160.0000,6186.6000,6188.0000,6190.0000,6192.0000,6198.0000,1,1,1,20,1,5,1,1,2,3
SF,IC2103,2020-08-17 09:30:47.300,6179.4000,14067,0,154675240.000,0,-,-,-,-,6178.6000,6178.2000,6171.0000,6163.0000,6160.0000,6182.4000,6186.4000,6186.6000,6188.0000,6190.0000,1,1,1,20,1,1,4,5,1,1
SF,IC2103,2020-08-17 09:30:47.800,6179.4000,14067,0,154675240.000,0,-,-,-,-,6180.6000,6178.2000,6171.0000,6163.0000,6160.0000,6182.2000,6182.4000,6186.4000,6186.6000,6188.0000,1,1,1,20,1,1,1,3,5,1
SF,IC2103,2020-08-17 09:30:48.300,6180.6000,14066,-1,155911360.000,1,0,1,双平,S,6178.2000,6171.0000,6163.0000,6160.0000,6150.0000,6180.2000,6182.4000,6186.4000,6186.6000,6188.0000,1,1,20,1,1,2,1,3,5,1
SF,IC2103,2020-08-17 09:30:48.800,6178.2000,14065,-1,157147000.000,1,0,1,双平,S,6171.0000,6163.0000,6160.0000,6150.0000,6140.8000,6179.2000,6180.0000,6182.4000,6186.4000,6186.6000,1,20,1,1,1,2,1,1,3,5
SF,IC2103,2020-08-17 09:30:49.300,6179.0000,14064,-1,158382800.000,1,0,1,双平,S,6171.4000,6171.0000,6163.0000,6160.0000,6150.0000,6178.8000,6179.2000,6182.4000,6186.4000,6186.6000,1,1,20,1,1,1,2,1,2,5
SF,IC2103,2020-08-17 09:30:49.800,6179.0000,14064,0,158382800.000,0,-,-,-,-,6171.6000,6171.4000,6171.0000,6163.0000,6160.0000,6177.2000,6178.6000,6178.8000,6182.4000,6186.6000,1,1,1,20,1,2,1,1,1,5
SF,IC2103,2020-08-17 09:30:50.300,6179.0000,14064,0,158382800.000,0,-,-,-,-,6172.2000,6171.6000,6171.4000,6171.0000,6163.0000,6177.0000,6177.2000,6178.8000,6179.0000,6182.4000,1,1,1,1,20,1,2,1,1,1
SF,IC2103,2020-08-17 09:30:50.800,6177.0000,14064,0,159618200.000,1,0,1,多换,S,6172.6000,6172.4000,6172.2000,6171.4000,6171.0000,6177.0000,6177.2000,6179.0000,6182.4000,6186.6000,1,1,1,1,1,1,2,1,1,5
SF,IC2103,2020-08-17 09:30:51.300,6177.2000,14061,-3,163324480.000,3,0,3,双平,S,6173.0000,6172.8000,6172.6000,6172.2000,6171.0000,6179.0000,6182.4000,6186.6000,6190.0000,6192.0000,1,1,1,1,1,1,1,5,1,2
SF,IC2103,2020-08-17 09:30:51.800,6177.2000,14061,0,163324480.000,0,-,-,-,-,6173.2000,6173.0000,6172.6000,6172.2000,6171.0000,6179.0000,6182.4000,6186.6000,6190.0000,6192.0000,4,1,1,1,1,1,1,5,1,2
SF,IC2103,2020-08-17 09:30:52.300,6177.2000,14061,0,163324480.000,0,-,-,-,-,6173.8000,6173.2000,6173.0000,6172.6000,6171.0000,6179.0000,6186.6000,6190.0000,6192.0000,6198.0000,1,4,1,1,1,1,5,1,2,3
SF,IC2103,2020-08-17 09:30:52.800,6177.2000,14061,0,163324480.000,0,-,-,-,-,6174.2000,6174.0000,6173.8000,6173.2000,6173.0000,6179.0000,6186.6000,6190.0000,6192.0000,6198.0000,1,2,1,2,1,1,5,1,2,3
SF,IC2103,2020-08-17 09:30:53.300,6177.2000,14061,0,163324480.000,0,-,-,-,-,6176.6000,6174.6000,6174.4000,6174.2000,6173.8000,6178.8000,6179.0000,6186.6000,6190.0000,6192.0000,1,1,2,1,1,1,1,5,1,2
SF,IC2103,2020-08-17 09:30:53.800,6177.2000,14061,0,163324480.000,0,-,-,-,-,6174.6000,6174.4000,6174.2000,6173.8000,6173.2000,6178.6000,6178.8000,6179.0000,6186.6000,6190.0000,1,2,1,1,1,1,1,1,5,1
SF,IC2103,2020-08-17 09:30:54.300,6174.8000,14060,-1,164559440.000,1,0,1,双平,S,6174.6000,6174.4000,6174.2000,6173.8000,6173.2000,6178.6000,6178.8000,6179.0000,6180.0000,6186.6000,1,1,1,1,1,1,1,1,1,5
SF,IC2103,2020-08-17 09:30:54.800,6174.8000,14060,0,164559440.000,0,-,-,-,-,6174.6000,6174.4000,6174.2000,6173.8000,6173.2000,6178.4000,6178.6000,6178.8000,6179.0000,6180.0000,1,1,1,1,1,1,1,1,1,1
SF,IC2103,2020-08-17 09:30:55.300,6174.8000,14060,0,164559440.000,0,-,-,-,-,6174.6000,6174.4000,6173.8000,6173.2000,6171.0000,6178.2000,6178.4000,6178.8000,6179.0000,6180.0000,1,1,1,1,1,1,1,1,1,1
SF,IC2103,2020-08-17 09:30:55.800,6174.8000,14060,0,164559440.000,0,-,-,-,-,6173.8000,6173.2000,6171.0000,6163.0000,6160.0000,6178.0000,6178.2000,6178.4000,6178.8000,6179.0000,1,1,1,20,1,1,1,1,1,1
SF,IC2103,2020-08-17 09:30:56.300,6174.8000,14060,0,164559440.000,0,-,-,-,-,6173.2000,6171.0000,6163.0000,6160.0000,6150.0000,6177.8000,6178.0000,6178.4000,6178.8000,6179.0000,1,1,20,1,1,1,1,1,1,1
SF,IC2103,2020-08-17 09:30:56.800,6174.8000,14060,0,164559440.000,0,-,-,-,-,6173.4000,6173.2000,6171.0000,6163.0000,6160.0000,6177.8000,6178.0000,6178.4000,6178.8000,6179.0000,1,1,1,20,1,1,1,1,1,1
SF,IC2103,2020-08-17 09:30:57.300,6174.8000,14060,0,164559440.000,0,-,-,-,-,6173.8000,6173.6000,6173.4000,6171.0000,6163.0000,6177.8000,6178.0000,6178.4000,6179.0000,6180.0000,1,1,1,1,20,1,1,1,1,1
SF,IC2103,2020-08-17 09:30:57.800,6174.0000,14059,-1,165794240.000,1,0,1,双平,S,6174.0000,6173.8000,6173.4000,6171.0000,6163.0000,6178.0000,6179.0000,6180.0000,6186.6000,6190.0000,2,2,1,1,20,1,1,1,5,1
SF,IC2103,2020-08-17 09:30:58.300,6174.0000,14059,0,165794240.000,0,-,-,-,-,6174.6000,6174.2000,6174.0000,6173.8000,6173.4000,6179.0000,6180.0000,6190.0000,6192.0000,6198.0000,1,2,1,2,1,1,1,1,2,3
SF,IC2103,2020-08-17 09:30:58.800,6174.0000,14059,0,165794240.000,0,-,-,-,-,6176.8000,6174.8000,6174.6000,6174.2000,6173.8000,6178.8000,6179.0000,6180.0000,6190.0000,6192.0000,1,3,1,1,2,1,1,1,1,2
SF,IC2103,2020-08-17 09:30:59.300,6176.8000,14057,-2,168265360.000,2,0,2,双平,S,6175.2000,6174.8000,6174.6000,6174.2000,6173.8000,6179.0000,6180.0000,6190.0000,6192.0000,6198.0000,1,2,1,1,1,1,1,1,2,3
SF,IC2103,2020-08-17 09:30:59.800,6176.8000,14057,0,168265360.000,0,-,-,-,-,6175.4000,6175.2000,6174.8000,6174.6000,6174.2000,6178.8000,6179.0000,6180.0000,6190.0000,6192.0000,2,1,2,1,1,1,1,1,1,2
SF,IC2103,2020-08-17 09:31:00.300,6176.8000,14057,0,168265360.000,0,-,-,-,-,6178.0000,6175.4000,6174.8000,6174.6000,6174.2000,6178.6000,6178.8000,6179.0000,6180.0000,6190.0000,1,1,2,1,1,1,1,1,1,1
SF,IC2103,2020-08-17 09:31:00.800,6178.0000,14057,0,169500960.000,1,0,1,多换,S,6174.8000,6174.6000,6171.0000,6163.0000,6160.2000,6177.6000,6178.0000,6178.6000,6179.0000,6180.0000,1,1,1,20,1,1,1,1,1,1
SF,IC2103,2020-08-17 09:31:01.300,6174.8000,14056,-1,170735920.000,1,0,1,双平,S,6174.6000,6171.0000,6163.0000,6160.2000,6160.0000,6177.6000,6178.0000,6178.6000,6179.0000,6180.0000,1,1,20,1,1,1,1,1,1,1
SF,IC2103,2020-08-17 09:31:01.800,6177.4000,14054,-2,173206320.000,2,0,2,双平,S,6171.0000,6163.0000,6160.2000,6160.0000,6150.0000,6177.6000,6178.0000,6178.6000,6179.0000,6180.0000,1,20,1,1,1,1,1,1,1,1
SF,IC2103,2020-08-17 09:31:02.300,6177.4000,14054,0,173206320.000,0,-,-,-,-,6171.2000,6171.0000,6163.0000,6160.2000,6160.0000,6177.4000,6177.6000,6178.0000,6178.6000,6179.0000,1,1,20,1,1,1,1,1,1,1
SF,IC2103,2020-08-17 09:31:02.800,6177.4000,14054,0,173206320.000,0,-,-,-,-,6171.4000,6171.2000,6171.0000,6163.0000,6160.2000,6177.4000,6177.6000,6178.0000,6179.0000,6180.0000,1,1,1,20,1,1,1,1,1,1
SF,IC2103,2020-08-17 09:31:03.300,6177.4000,14054,0,174441800.000,1,0,1,多换,S,6171.6000,6171.4000,6171.0000,6163.0000,6160.2000,6177.6000,6178.0000,6179.0000,6180.0000,6190.0000,2,1,1,20,1,1,1,1,1,1
SF,IC2103,2020-08-17 09:31:03.800,6177.6000,14053,-1,175677320.000,1,0,1,双平,S,6173.4000,6172.2000,6171.6000,6171.4000,6171.0000,6179.0000,6180.0000,6190.0000,6192.0000,6198.0000,2,1,1,1,1,1,1,1,2,3
SF,IC2103,2020-08-17 09:31:04.300,6177.6000,14053,0,175677320.000,0,-,-,-,-,6177.6000,6177.4000,6173.6000,6173.4000,6172.6000,6179.0000,6180.0000,6190.0000,6192.0000,6198.0000,2,10,3,2,1,1,1,1,2,3
SF,IC2103,2020-08-17 09:31:04.800,6180.0000,14051,-2,178149120.000,2,0,2,双平,S,6179.0000,6177.6000,6177.4000,6173.6000,6173.4000,6190.0000,6192.0000,6198.0000,6200.0000,6208.0000,3,2,10,3,2,1,2,3,8,1
SF,IC2103,2020-08-17 09:31:05.300,6180.0000,14051,0,178149120.000,0,-,-,-,-,6179.2000,6179.0000,6177.6000,6177.4000,6173.4000,6182.4000,6189.8000,6190.0000,6192.0000,6198.0000,1,3,2,10,2,1,4,1,2,3
SF,IC2103,2020-08-17 09:31:05.800,6180.0000,14051,0,178149120.000,0,-,-,-,-,6179.0000,6177.6000,6177.4000,6173.4000,6172.6000,6179.2000,6182.2000,6182.4000,6189.8000,6190.0000,2,2,10,2,1,1,1,1,3,1
SF,IC2103,2020-08-17 09:31:06.300,6179.0000,14048,-3,181856560.000,3,0,3,双平,S,6177.6000,6177.4000,6173.4000,6172.6000,6172.2000,6182.2000,6182.4000,6189.8000,6190.0000,6192.0000,2,10,2,1,1,1,1,3,1,2
SF,IC2103,2020-08-17 09:31:06.800,6181.8000,14048,0,184328480.000,2,1,1,多换,S,6180.0000,6177.6000,6177.4000,6173.4000,6172.6000,6182.0000,6182.4000,6189.8000,6190.0000,6192.0000,1,2,10,2,1,1,1,2,1,2
SF,IC2103,2020-08-17 09:31:07.300,6180.0000,14046,-2,189271520.000,4,1,3,多平,S,6177.4000,6173.4000,6172.6000,6172.2000,6171.0000,6180.0000,6182.4000,6189.8000,6190.0000,6192.0000,10,2,1,1,1,1,1,2,1,2
SF,IC2103,2020-08-17 09:31:07.800,6177.4000,14046,0,200390840.000,9,4,5,多换,S,6177.4000,6173.4000,6172.6000,6171.0000,6170.6000,6179.2000,6179.4000,6180.0000,6189.8000,6190.0000,1,2,1,1,9,1,1,1,2,1
SF,IC2103,2020-08-17 09:31:08.300,6177.4000,14046,0,202861800.000,2,1,1,多换,S,6173.4000,6172.6000,6171.0000,6170.6000,6163.0000,6176.8000,6177.4000,6179.0000,6179.2000,6179.4000,2,1,1,9,20,5,1,1,1,1
SF,IC2103,2020-08-17 09:31:08.800,6177.4000,14046,0,202861800.000,0,-,-,-,-,6173.6000,6173.4000,6171.0000,6170.6000,6163.0000,6176.8000,6177.4000,6179.2000,6179.4000,6180.0000,1,2,1,9,20,5,1,1,1,1
SF,IC2103,2020-08-17 09:31:09.300,6177.4000,14046,0,202861800.000,0,-,-,-,-,6173.6000,6173.4000,6171.0000,6170.6000,6163.0000,6176.8000,6177.4000,6179.2000,6179.4000,6180.0000,1,2,1,9,20,5,1,1,1,1
SF,IC2103,2020-08-17 09:31:09.800,6177.0000,14044,-2,205332600.000,2,0,2,双平,S,6173.6000,6173.4000,6171.0000,6170.6000,6163.0000,6176.8000,6177.4000,6179.4000,6180.0000,6190.0000,1,2,1,9,20,5,1,1,1,1
SF,IC2103,2020-08-17 09:31:10.300,6176.8000,14039,-5,211509400.000,5,0,5,双平,S,6173.8000,6173.6000,6173.4000,6171.0000,6170.6000,6179.4000,6190.0000,6192.0000,6198.0000,6200.0000,1,1,2,1,9,1,1,2,3,8
SF,IC2103,2020-08-17 09:31:10.800,6179.2000,14039,0,212745240.000,1,0,1,多换,S,6174.0000,6173.4000,6171.0000,6170.6000,6163.0000,6179.2000,6179.4000,6190.0000,6192.0000,6198.0000,2,2,1,9,20,1,1,1,2,3
SF,IC2103,2020-08-17 09:31:11.300,6179.4000,14038,-1,215216960.000,2,0,2,多平,S,6174.0000,6173.4000,6171.0000,6170.6000,6163.0000,6190.0000,6192.0000,6198.0000,6200.0000,6208.0000,2,2,1,9,20,1,2,3,8,1
SF,IC2103,2020-08-17 09:31:11.800,6179.4000,14038,0,215216960.000,0,-,-,-,-,6174.2000,6174.0000,6173.4000,6171.0000,6170.6000,6189.8000,6190.0000,6192.0000,6198.0000,6200.0000,1,2,2,1,9,1,1,2,3,8
SF,IC2103,2020-08-17 09:31:12.300,6179.4000,14037,-1,216452840.000,1,0,1,双平,S,6174.4000,6174.2000,6173.4000,6171.0000,6170.6000,6185.6000,6189.8000,6190.0000,6192.0000,6198.0000,2,1,2,1,9,1,2,1,2,3
SF,IC2103,2020-08-17 09:31:12.800,6174.4000,14036,-1,217687720.000,1,0,1,双平,S,6174.4000,6174.2000,6173.4000,6171.0000,6170.6000,6185.0000,6185.4000,6189.8000,6190.0000,6192.0000,1,1,2,1,9,1,2,1,1,2
SF,IC2103,2020-08-17 09:31:13.300,6174.4000,14036,0,217687720.000,0,-,-,-,-,6174.4000,6174.2000,6173.4000,6171.0000,6170.6000,6184.8000,6185.0000,6185.4000,6189.8000,6190.0000,1,1,2,1,9,2,1,1,1,1
SF,IC2103,2020-08-17 09:31:13.800,6174.4000,14036,0,218922600.000,1,0,1,多换,S,6174.2000,6173.4000,6171.0000,6170.6000,6163.0000,6184.6000,6184.8000,6185.0000,6185.4000,6189.8000,1,2,1,9,20,1,2,1,1,1
SF,IC2103,2020-08-17 09:31:14.300,6174.4000,14036,0,218922600.000,0,-,-,-,-,6173.4000,6171.0000,6170.6000,6163.0000,6160.2000,6184.4000,6184.6000,6185.0000,6185.4000,6189.8000,2,1,9,20,1,2,1,1,1,1
SF,IC2103,2020-08-17 09:31:14.800,6174.4000,14036,0,218922600.000,0,-,-,-,-,6173.4000,6171.0000,6170.6000,6163.0000,6160.2000,6182.6000,6183.8000,6184.2000,6184.4000,6185.0000,2,1,9,20,1,1,1,1,2,1
SF,IC2103,2020-08-17 09:31:15.300,6173.6000,14035,-1,220157320.000,1,0,1,双平,S,6173.4000,6171.0000,6170.6000,6163.0000,6160.2000,6182.2000,6182.4000,6182.6000,6184.4000,6185.0000,2,1,9,20,1,1,2,1,1,1
SF,IC2103,2020-08-17 09:31:15.800,6173.4000,14036,1,221392000.000,1,1,0,双开,S,6173.4000,6171.0000,6170.6000,6163.0000,6160.2000,6182.0000,6182.2000,6182.6000,6185.0000,6189.8000,1,1,9,20,1,3,1,1,1,1
SF,IC2103,2020-08-17 09:31:16.300,6173.4000,14036,0,222626680.000,1,0,1,多换,S,6171.0000,6170.6000,6163.0000,6160.2000,6160.0000,6173.4000,6182.0000,6182.2000,6182.6000,6185.0000,1,9,20,1,1,1,2,1,1,1
SF,IC2103,2020-08-17 09:31:16.800,6171.0000,14034,-2,226329800.000,3,0,3,多平,S,6173.4000,6170.6000,6163.0000,6160.2000,6160.0000,6182.0000,6182.2000,6182.6000,6185.0000,6189.8000,1,9,20,1,1,2,1,1,1,1
SF,IC2103,2020-08-17 09:31:17.300,6173.2000,14034,0,227564440.000,1,0,1,多换,S,6171.0000,6170.6000,6163.0000,6160.2000,6160.0000,6173.4000,6173.8000,6180.4000,6182.0000,6182.2000,1,9,20,1,1,1,1,1,1,1
SF,IC2103,2020-08-17 09:31:17.800,6171.0000,14034,0,228798640.000,1,0,1,多换,S,6170.6000,6163.0000,6160.2000,6160.0000,6150.0000,6171.0000,6173.2000,6173.8000,6180.4000,6182.0000,9,20,1,1,1,1,1,1,1,1
SF,IC2103,2020-08-17 09:31:18.300,6170.6000,14027,-7,237437600.000,7,0,7,双平,S,6170.6000,6163.0000,6160.2000,6160.0000,6150.0000,6173.8000,6180.4000,6182.0000,6182.2000,6182.6000,4,20,1,1,1,1,1,1,1,1
SF,IC2103,2020-08-17 09:31:18.800,6170.6000,14023,-4,242374080.000,4,0,4,双平,S,6163.0000,6160.2000,6160.0000,6150.0000,6140.8000,6170.6000,6173.8000,6180.4000,6182.0000,6182.2000,20,1,1,1,1,1,1,1,1,1
SF,IC2103,2020-08-17 09:31:19.300,6170.6000,14023,0,242374080.000,0,-,-,-,-,6163.6000,6163.4000,6163.2000,6163.0000,6160.2000,6170.4000,6173.8000,6180.4000,6182.2000,6182.6000,2,1,1,20,1,1,1,1,1,1
SF,IC2103,2020-08-17 09:31:19.800,6170.4000,14025,2,244841000.000,2,2,0,双开,S,6164.8000,6163.8000,6163.6000,6163.4000,6163.0000,6173.8000,6182.2000,6182.6000,6185.0000,6189.8000,2,2,2,1,20,1,1,1,1,1
SF,IC2103,2020-08-17 09:31:20.300,6170.4000,14025,0,244841000.000,0,-,-,-,-,6165.4000,6165.0000,6164.8000,6163.4000,6163.0000,6173.2000,6173.6000,6173.8000,6179.0000,6182.2000,2,2,2,1,20,1,2,1,1,1
SF,IC2103,2020-08-17 09:31:20.800,6170.4000,14025,0,244841000.000,0,-,-,-,-,6165.6000,6165.4000,6164.8000,6163.4000,6163.0000,6173.0000,6173.2000,6173.6000,6173.8000,6179.0000,2,2,2,1,20,2,1,1,1,1
SF,IC2103,2020-08-17 09:31:21.300,6172.4000,14025,0,246075480.000,1,0,1,多换,S,6166.2000,6165.8000,6165.6000,6163.4000,6163.0000,6173.0000,6173.6000,6173.8000,6179.0000,6182.2000,4,2,2,1,20,2,1,1,1,1
SF,IC2103,2020-08-17 09:31:21.800,6166.4000,14024,-1,247308760.000,1,0,1,双平,S,6166.4000,6166.2000,6165.8000,6163.4000,6163.0000,6173.0000,6173.6000,6173.8000,6179.0000,6182.2000,2,4,2,1,20,3,1,1,1,1
SF,IC2103,2020-08-17 09:31:22.300,6166.4000,14024,0,248542040.000,1,0,1,多换,S,6167.0000,6166.6000,6166.4000,6165.8000,6163.0000,6170.6000,6173.0000,6173.6000,6173.8000,6179.0000,1,1,2,2,20,1,2,1,1,1
SF,IC2103,2020-08-17 09:31:22.800,6167.2000,14021,-3,253476520.000,4,0,4,多平,S,6170.0000,6167.2000,6167.0000,6166.6000,6166.4000,6172.4000,6173.0000,6173.6000,6173.8000,6182.2000,1,1,1,1,1,1,1,1,1,1
SF,IC2103,2020-08-17 09:31:23.300,6173.0000,14018,-3,258414080.000,4,0,4,多平,S,6167.2000,6167.0000,6166.6000,6166.4000,6165.8000,6173.6000,6173.8000,6182.2000,6190.0000,6192.0000,1,1,1,1,2,1,1,1,1,2
SF,IC2103,2020-08-17 09:31:23.800,6173.0000,14018,0,258414080.000,0,-,-,-,-,6168.6000,6167.8000,6167.6000,6167.4000,6167.2000,6173.6000,6173.8000,6182.2000,6190.0000,6192.0000,2,2,1,2,1,1,1,1,1,2
SF,IC2103,2020-08-17 09:31:24.300,6173.0000,14018,0,258414080.000,0,-,-,-,-,6169.2000,6168.8000,6168.6000,6167.8000,6167.6000,6173.4000,6173.6000,6173.8000,6182.2000,6190.0000,1,3,2,1,1,1,1,1,1,1
SF,IC2103,2020-08-17 09:31:24.800,6173.0000,14018,0,258414080.000,0,-,-,-,-,6169.8000,6169.4000,6169.2000,6168.8000,6167.8000,6173.6000,6173.8000,6182.2000,6190.0000,6192.0000,2,1,1,2,1,1,1,1,1,2
SF,IC2103,2020-08-17 09:31:25.300,6169.8000,14015,-3,262116000.000,3,0,3,双平,S,6170.0000,6168.8000,6167.8000,6167.6000,6166.6000,6173.6000,6173.8000,6182.0000,6182.2000,6190.0000,1,2,1,1,1,1,1,1,1,1
SF,IC2103,2020-08-17 09:31:25.800,6170.0000,14014,-1,263350000.000,1,0,1,双平,S,6170.8000,6168.8000,6166.6000,6163.0000,6160.2000,6173.4000,6173.6000,6173.8000,6182.0000,6182.2000,1,1,1,20,1,1,1,1,1,1
SF,IC2103,2020-08-17 09:31:26.300,6170.8000,14013,-1,264584160.000,1,0,1,双平,S,6168.8000,6166.6000,6163.0000,6160.2000,6160.0000,6170.8000,6173.6000,6173.8000,6182.0000,6182.2000,1,1,20,1,1,1,1,1,2,1
SF,IC2103,2020-08-17 09:31:26.800,6169.0000,14013,0,265817960.000,1,0,1,多换,S,6169.0000,6166.6000,6163.0000,6160.2000,6160.0000,6173.6000,6173.8000,6182.0000,6182.2000,6190.0000,1,1,20,1,1,1,1,2,1,1
SF,IC2103,2020-08-17 09:31:27.300,6169.0000,14013,0,268285560.000,2,1,1,多换,S,6169.0000,6166.6000,6163.0000,6160.2000,6160.0000,6173.4000,6173.6000,6173.8000,6182.0000,6182.2000,1,1,20,1,1,2,1,1,2,1
SF,IC2103,2020-08-17 09:31:27.800,6173.4000,14011,-2,270754040.000,2,0,2,双平,S,6169.4000,6166.6000,6163.0000,6160.2000,6160.0000,6173.0000,6173.4000,6173.6000,6173.8000,6182.0000,1,1,20,1,1,1,1,1,1,2
SF,IC2103,2020-08-17 09:31:28.300,6173.4000,14011,0,270754040.000,0,-,-,-,-,6169.8000,6169.6000,6169.4000,6163.0000,6160.2000,6173.0000,6173.4000,6173.6000,6173.8000,6182.0000,1,2,1,20,1,1,1,1,1,2
SF,IC2103,2020-08-17 09:31:28.800,6170.0000,14010,-1,271988040.000,1,0,1,双平,S,6169.8000,6169.6000,6169.4000,6163.0000,6160.2000,6173.6000,6173.8000,6182.0000,6182.2000,6190.0000,1,1,1,20,1,1,1,2,1,1
SF,IC2103,2020-08-17 09:31:29.300,6170.0000,14008,-2,274456040.000,2,0,2,双平,S,6169.8000,6169.6000,6169.4000,6163.0000,6160.2000,6173.6000,6173.8000,6182.0000,6182.2000,6190.0000,1,1,1,20,1,1,1,2,1,1
SF,IC2103,2020-08-17 09:31:29.800,6169.8000,14008,0,275690000.000,1,0,1,多换,S,6170.2000,6169.6000,6163.0000,6160.2000,6160.0000,6173.0000,6173.6000,6173.8000,6182.0000,6182.2000,1,1,20,1,1,1,1,1,2,1
SF,IC2103,2020-08-17 09:31:30.300,6170.2000,14007,-1,276924040.000,1,0,1,双平,S,6163.0000,6160.2000,6160.0000,6150.0000,6140.8000,6173.0000,6173.8000,6182.0000,6182.2000,6190.0000,20,1,1,1,1,1,1,2,1,1
SF,IC2103,2020-08-17 09:31:30.800,6170.2000,14007,0,276924040.000,0,-,-,-,-,6163.2000,6163.0000,6160.2000,6160.0000,6150.0000,6172.4000,6172.8000,6173.0000,6182.0000,6182.2000,1,20,1,1,1,1,6,1,2,1
SF,IC2103,2020-08-17 09:31:31.300,6170.2000,14007,0,276924040.000,0,-,-,-,-,6163.2000,6163.0000,6160.2000,6160.0000,6150.0000,6172.0000,6172.2000,6172.4000,6172.8000,6173.0000,1,20,1,1,1,1,2,1,4,1
SF,IC2103,2020-08-17 09:31:31.800,6170.2000,14007,0,276924040.000,0,-,-,-,-,6163.4000,6163.2000,6163.0000,6160.2000,6160.0000,6171.8000,6172.0000,6172.8000,6182.0000,6182.2000,1,1,20,1,1,4,2,1,2,1
SF,IC2103,2020-08-17 09:31:32.300,6170.2000,14007,0,276924040.000,0,-,-,-,-,6163.6000,6163.4000,6163.2000,6163.0000,6160.2000,6171.8000,6172.0000,6182.0000,6182.2000,6190.0000,1,2,9,20,1,3,2,2,1,1
SF,IC2103,2020-08-17 09:31:32.800,6170.2000,14007,0,276924040.000,0,-,-,-,-,6163.8000,6163.6000,6163.4000,6163.2000,6163.0000,6171.0000,6171.4000,6171.6000,6171.8000,6172.0000,2,1,2,9,20,1,1,1,3,1
SF,IC2103,2020-08-17 09:31:33.300,6170.2000,14007,0,276924040.000,0,-,-,-,-,6164.0000,6163.8000,6163.4000,6163.2000,6163.0000,6170.8000,6171.0000,6171.4000,6171.6000,6171.8000,1,2,1,9,20,2,1,1,1,1
SF,IC2103,2020-08-17 09:31:33.800,6170.2000,14007,0,276924040.000,0,-,-,-,-,6164.6000,6164.2000,6164.0000,6163.8000,6163.4000,6170.8000,6171.0000,6171.6000,6171.8000,6172.0000,1,1,1,2,1,1,1,1,1,1
SF,IC2103,2020-08-17 09:31:34.300,6170.2000,14007,0,276924040.000,0,-,-,-,-,6164.8000,6164.6000,6164.2000,6163.8000,6163.4000,6170.6000,6171.0000,6171.6000,6171.8000,6172.0000,2,1,1,2,1,1,1,1,1,1
SF,IC2103,2020-08-17 09:31:34.800,6170.6000,14006,-1,278158160.000,1,0,1,双平,S,6170.0000,6165.0000,6164.8000,6164.6000,6164.2000,6171.0000,6171.6000,6171.8000,6172.0000,6182.0000,1,1,3,1,1,1,1,1,1,2
SF,IC2103,2020-08-17 09:31:35.300,6170.0000,14005,-1,280626160.000,2,0,2,多平,S,6165.0000,6164.8000,6164.6000,6164.2000,6163.8000,6171.0000,6171.6000,6172.0000,6182.0000,6182.2000,1,2,1,1,1,1,1,1,2,1
SF,IC2103,2020-08-17 09:31:35.800,6170.0000,14005,0,280626160.000,0,-,-,-,-,6165.2000,6165.0000,6164.8000,6164.6000,6164.2000,6171.0000,6171.6000,6172.0000,6182.0000,6182.2000,2,1,1,1,1,1,1,1,2,1
SF,IC2103,2020-08-17 09:31:36.300,6170.0000,14005,0,280626160.000,0,-,-,-,-,6165.2000,6165.0000,6164.8000,6164.6000,6164.2000,6169.6000,6170.6000,6170.8000,6171.0000,6172.0000,2,1,1,1,1,1,1,1,1,1
SF,IC2103,2020-08-17 09:31:36.800,6170.0000,14005,0,280626160.000,0,-,-,-,-,6167.4000,6165.2000,6165.0000,6164.8000,6164.6000,6169.4000,6169.6000,6170.6000,6171.0000,6172.0000,1,2,1,1,1,1,1,1,1,1
SF,IC2103,2020-08-17 09:31:37.300,6167.4000,14004,-1,281859640.000,1,0,1,双平,S,6165.0000,6164.6000,6164.2000,6163.2000,6163.0000,6169.4000,6169.6000,6170.6000,6171.0000,6172.0000,1,1,1,9,20,1,1,2,1,1
SF,IC2103,2020-08-17 09:31:37.800,6167.4000,14004,0,281859640.000,0,-,-,-,-,6165.2000,6165.0000,6164.6000,6164.2000,6163.2000,6167.4000,6169.2000,6169.4000,6169.6000,6170.6000,1,1,1,1,9,1,1,1,1,2
SF,IC2103,2020-08-17 09:31:38.300,6167.4000,14004,0,281859640.000,0,-,-,-,-,6165.2000,6165.0000,6164.6000,6164.2000,6163.2000,6167.4000,6169.0000,6169.2000,6169.6000,6170.6000,1,1,1,1,9,1,1,1,1,2
SF,IC2103,2020-08-17 09:31:38.800,6167.4000,14004,0,281859640.000,0,-,-,-,-,6165.2000,6165.0000,6164.6000,6164.2000,6163.2000,6169.0000,6169.2000,6169.6000,6170.6000,6172.0000,1,1,1,1,9,1,1,1,2,1
SF,IC2103,2020-08-17 09:31:39.300,6167.4000,14004,0,281859640.000,0,-,-,-,-,6165.0000,6163.2000,6163.0000,6160.2000,6160.0000,6168.8000,6169.0000,6169.2000,6169.6000,6170.6000,1,9,20,1,1,1,1,1,1,2
SF,IC2103,2020-08-17 09:31:39.800,6167.4000,14004,0,281859640.000,0,-,-,-,-,6165.2000,6163.2000,6163.0000,6160.2000,6160.0000,6168.6000,6169.0000,6169.2000,6169.6000,6170.6000,2,9,20,1,1,1,1,1,1,2
SF,IC2103,2020-08-17 09:31:40.300,6167.4000,14004,0,281859640.000,0,-,-,-,-,6165.2000,6163.2000,6163.0000,6160.2000,6160.0000,6168.4000,6168.6000,6169.0000,6169.2000,6169.6000,1,9,20,1,1,1,1,1,1,1
SF,IC2103,2020-08-17 09:31:40.800,6167.4000,14004,0,281859640.000,0,-,-,-,-,6165.2000,6163.2000,6163.0000,6160.2000,6160.0000,6168.4000,6168.6000,6169.0000,6169.2000,6169.6000,1,9,20,1,1,1,1,1,1,1
SF,IC2103,2020-08-17 09:31:41.300,6165.2000,14003,-1,283092680.000,1,0,1,双平,S,6163.2000,6163.0000,6160.2000,6160.0000,6150.0000,6168.0000,6168.4000,6168.6000,6169.2000,6169.6000,9,20,1,1,1,1,1,1,1,1
SF,IC2103,2020-08-17 09:31:41.800,6165.2000,14003,0,283092680.000,0,-,-,-,-,6163.4000,6163.2000,6163.0000,6160.2000,6160.0000,6167.8000,6168.0000,6168.6000,6169.6000,6170.6000,3,9,20,1,1,2,1,1,1,1
SF,IC2103,2020-08-17 09:31:42.300,6165.2000,14003,0,283092680.000,0,-,-,-,-,6165.0000,6163.4000,6163.2000,6163.0000,6160.2000,6166.0000,6167.4000,6167.8000,6168.0000,6168.6000,1,3,9,20,1,1,1,1,1,1
SF,IC2103,2020-08-17 09:31:42.800,6168.0000,13999,-4,288026000.000,4,0,4,双平,S,6165.0000,6163.4000,6163.2000,6163.0000,6160.2000,6168.6000,6169.6000,6170.6000,6182.0000,6182.2000,1,2,9,20,1,1,1,1,2,1
SF,IC2103,2020-08-17 09:31:43.300,6165.2000,13998,-1,289259040.000,1,0,1,双平,S,6165.0000,6163.4000,6163.2000,6163.0000,6160.2000,6168.6000,6169.6000,6170.6000,6182.0000,6182.2000,1,2,9,20,1,1,1,1,2,1
SF,IC2103,2020-08-17 09:31:43.800,6168.6000,13997,-1,291725800.000,2,0,2,多平,S,6165.0000,6163.4000,6163.2000,6163.0000,6160.2000,6169.6000,6170.6000,6182.0000,6182.2000,6190.0000,1,2,9,20,1,1,1,2,1,1
SF,IC2103,2020-08-17 09:31:44.300,6165.2000,13997,0,292958840.000,1,0,1,多换,S,6167.4000,6165.0000,6163.4000,6163.2000,6163.0000,6169.4000,6169.6000,6170.6000,6182.0000,6182.2000,1,1,2,9,20,2,1,1,2,1
SF,IC2103,2020-08-17 09:31:44.800,6169.4000,13995,-2,295426200.000,2,0,2,双平,S,6165.0000,6163.2000,6163.0000,6160.2000,6160.0000,6169.6000,6170.6000,6182.0000,6182.2000,6190.0000,1,9,20,1,1,1,1,2,1,1
SF,IC2103,2020-08-17 09:31:45.300,6169.4000,13995,0,295426200.000,0,-,-,-,-,6165.2000,6165.0000,6163.2000,6163.0000,6160.2000,6168.0000,6169.4000,6169.6000,6182.0000,6182.2000,2,1,9,20,1,1,1,1,2,1
SF,IC2103,2020-08-17 09:31:45.800,6165.2000,13995,0,297892320.000,2,1,1,多换,S,6165.2000,6165.0000,6163.2000,6163.0000,6160.2000,6168.0000,6169.4000,6169.6000,6182.0000,6182.2000,1,1,9,20,1,1,1,1,2,1
SF,IC2103,2020-08-17 09:31:46.300,6165.2000,13994,-1,300358400.000,2,0,2,多平,S,6165.0000,6163.2000,6163.0000,6160.2000,6160.0000,6168.0000,6169.4000,6169.6000,6182.0000,6182.2000,1,9,20,1,1,1,1,1,2,1
SF,IC2103,2020-08-17 09:31:46.800,6165.2000,13994,0,300358400.000,0,-,-,-,-,6165.2000,6165.0000,6163.2000,6163.0000,6160.2000,6167.8000,6168.0000,6169.4000,6169.6000,6182.0000,1,1,9,20,1,1,1,1,1,2
SF,IC2103,2020-08-17 09:31:48.800,6165.0000,13993,-1,302824440.000,2,0,2,多平,S,6163.2000,6163.0000,6160.2000,6160.0000,6150.0000,6167.8000,6168.0000,6169.4000,6169.6000,6170.0000,9,20,1,1,1,1,1,1,1,1
SF,IC2103,2020-08-17 09:31:49.300,6165.0000,13993,0,302824440.000,0,-,-,-,-,6163.2000,6163.0000,6160.2000,6160.0000,6150.0000,6167.6000,6167.8000,6168.0000,6169.6000,6170.0000,9,20,1,1,1,1,1,1,1,1
SF,IC2103,2020-08-17 09:31:49.800,6165.0000,13993,0,302824440.000,0,-,-,-,-,6163.2000,6163.0000,6160.2000,6160.0000,6150.0000,6167.0000,6167.4000,6167.6000,6168.0000,6169.6000,9,20,1,1,1,1,3,1,1,1
SF,IC2103,2020-08-17 09:31:50.300,6163.2000,13992,-1,304057080.000,1,0,1,双平,S,6163.2000,6163.0000,6160.2000,6160.0000,6150.0000,6165.2000,6167.0000,6167.4000,6167.6000,6168.0000,8,20,1,1,1,1,1,2,1,1
SF,IC2103,2020-08-17 09:31:50.800,6163.2000,13988,-4,308987640.000,4,0,4,双平,S,6163.2000,6163.0000,6160.2000,6160.0000,6150.0000,6165.0000,6165.2000,6167.0000,6167.4000,6167.6000,4,20,1,1,1,3,1,1,2,1
SF,IC2103,2020-08-17 09:31:51.300,6163.0000,13984,-4,318848600.000,8,2,6,多平,S,6163.0000,6160.2000,6160.0000,6150.0000,6140.8000,6165.0000,6165.2000,6167.0000,6167.4000,6167.6000,16,1,1,1,1,2,1,1,2,1
SF,IC2103,2020-08-17 09:31:51.800,6163.0000,13985,1,320081200.000,1,1,0,双开,S,6163.0000,6160.2000,6160.0000,6150.0000,6140.8000,6164.8000,6165.0000,6165.2000,6167.0000,6167.4000,15,1,1,1,1,1,2,1,1,2
SF,IC2103,2020-08-17 09:31:52.300,6163.0000,13985,0,321313800.000,1,0,1,多换,S,6163.0000,6160.2000,6160.0000,6150.0000,6140.8000,6164.6000,6164.8000,6165.0000,6165.2000,6167.0000,14,1,1,1,1,2,1,2,1,1
SF,IC2103,2020-08-17 09:31:52.800,6163.0000,13985,0,322546400.000,1,0,1,多换,S,6163.0000,6160.2000,6160.0000,6150.0000,6140.8000,6164.4000,6164.6000,6165.0000,6165.2000,6167.0000,13,1,1,1,1,1,2,2,1,1
SF,IC2103,2020-08-17 09:31:53.300,6163.0000,13983,-2,326244680.000,3,0,3,多平,S,6163.0000,6160.2000,6160.0000,6150.0000,6140.8000,6164.4000,6164.6000,6165.0000,6165.2000,6167.0000,12,1,1,1,1,1,2,2,1,1
SF,IC2103,2020-08-17 09:31:53.800,6163.0000,13981,-2,332408600.000,5,1,4,多平,S,6163.0000,6160.2000,6160.0000,6150.0000,6140.8000,6165.2000,6167.0000,6167.6000,6168.0000,6169.6000,10,1,1,1,1,1,1,1,1,1
SF,IC2103,2020-08-17 09:31:54.300,6165.2000,13979,-2,334874240.000,2,0,2,双平,S,6163.0000,6160.2000,6160.0000,6150.0000,6140.8000,6165.6000,6167.0000,6167.6000,6169.6000,6170.0000,10,1,1,1,1,1,1,1,1,1
SF,IC2103,2020-08-17 09:31:54.800,6163.2000,13977,-2,337340000.000,2,0,2,双平,S,6163.0000,6160.2000,6160.0000,6150.0000,6140.8000,6167.0000,6167.6000,6169.6000,6170.0000,6182.0000,10,1,1,1,1,1,1,1,1,1
SF,IC2103,2020-08-17 09:31:55.300,6163.0000,13978,1,338572600.000,1,1,0,双开,S,6163.0000,6160.2000,6160.0000,6150.0000,6140.8000,6166.8000,6167.0000,6167.6000,6169.6000,6170.0000,9,1,1,1,1,1,1,1,1,1
SF,IC2103,2020-08-17 09:31:56.300,6167.0000,13976,-2,341039360.000,2,0,2,双平,S,6163.0000,6160.2000,6160.0000,6150.0000,6140.8000,6167.6000,6169.6000,6170.0000,6182.0000,6182.2000,9,1,1,1,1,1,1,1,1,1
SF,IC2103,2020-08-17 09:31:56.800,6167.6000,13976,0,342272880.000,1,0,1,多换,S,6163.2000,6163.0000,6160.2000,6160.0000,6150.0000,6169.6000,6170.0000,6182.0000,6182.2000,6190.0000,3,9,1,1,1,1,1,1,1,1
SF,IC2103,2020-08-17 09:31:57.300,6167.6000,13976,0,342272880.000,0,-,-,-,-,6163.6000,6163.2000,6163.0000,6160.2000,6160.0000,6169.4000,6169.6000,6170.0000,6182.0000,6182.2000,1,3,9,1,1,1,1,1,1,1
SF,IC2103,2020-08-17 09:31:57.800,6167.6000,13976,0,342272880.000,0,-,-,-,-,6163.8000,6163.6000,6163.2000,6163.0000,6160.2000,6169.4000,6169.6000,6170.0000,6182.0000,6182.2000,2,1,1,9,1,1,1,1,1,1
SF,IC2103,2020-08-17 09:31:58.300,6163.8000,13976,0,343505640.000,1,0,1,多换,S,6163.8000,6163.2000,6163.0000,6160.2000,6160.0000,6169.0000,6169.2000,6169.4000,6169.6000,6170.0000,1,1,9,1,1,1,1,1,1,1
SF,IC2103,2020-08-17 09:31:58.800,6163.8000,13976,0,343505640.000,0,-,-,-,-,6163.0000,6160.2000,6160.0000,6150.0000,6140.8000,6168.8000,6169.0000,6169.6000,6170.0000,6182.0000,9,1,1,1,1,3,1,1,1,1
SF,IC2103,2020-08-17 09:31:59.300,6163.8000,13976,0,343505640.000,0,-,-,-,-,6163.2000,6163.0000,6160.2000,6160.0000,6150.0000,6168.8000,6169.0000,6169.6000,6170.0000,6182.0000,1,9,1,1,1,3,1,1,1,1
SF,IC2103,2020-08-17 09:31:59.800,6168.0000,13976,0,344739240.000,1,0,1,多换,S,6163.2000,6163.0000,6160.2000,6160.0000,6150.0000,6168.8000,6169.6000,6170.0000,6182.0000,6182.2000,1,9,1,1,1,2,1,1,1,1
SF,IC2103,2020-08-17 09:32:00.300,6168.8000,13977,1,345973000.000,1,1,0,双开,S,6163.8000,6163.2000,6163.0000,6160.2000,6160.0000,6169.6000,6170.0000,6182.0000,6182.2000,6190.0000,1,1,9,1,1,1,1,1,1,1
SF,IC2103,2020-08-17 09:32:00.800,6169.6000,13976,-1,348440800.000,2,0,2,多平,S,6168.8000,6164.0000,6163.8000,6163.0000,6160.2000,6169.6000,6170.0000,6182.0000,6182.2000,6190.0000,1,1,1,9,1,1,1,1,1,1
SF,IC2103,2020-08-17 09:32:01.300,6163.8000,13974,-2,358309440.000,8,3,5,多平,S,6163.0000,6160.2000,6160.0000,6150.0000,6140.8000,6163.2000,6168.8000,6182.0000,6182.2000,6190.0000,9,1,1,1,1,2,1,1,1,1
SF,IC2103,2020-08-17 09:32:01.800,6163.2000,13972,-2,360774720.000,2,0,2,双平,S,6163.2000,6163.0000,6160.2000,6160.0000,6150.0000,6182.0000,6182.2000,6190.0000,6192.0000,6198.0000,3,9,1,1,1,1,1,1,2,3
SF,IC2103,2020-08-17 09:32:02.300,6163.2000,13972,0,360774720.000,0,-,-,-,-,6163.4000,6163.2000,6163.0000,6160.2000,6160.0000,6179.0000,6181.4000,6181.8000,6182.0000,6182.2000,3,2,9,1,1,1,2,3,1,1
SF,IC2103,2020-08-17 09:32:02.800,6163.2000,13972,0,360774720.000,0,-,-,-,-,6168.2000,6163.4000,6163.2000,6163.0000,6161.0000,6178.4000,6178.6000,6178.8000,6182.0000,6182.2000,1,3,2,9,1,2,1,2,1,1
SF,IC2103,2020-08-17 09:32:03.300,6168.2000,13972,0,362008360.000,1,0,1,多换,S,6163.4000,6163.2000,6163.0000,6161.0000,6160.2000,6168.2000,6176.2000,6177.2000,6177.8000,6178.2000,3,2,9,1,1,1,1,1,1,1
SF,IC2103,2020-08-17 09:32:03.800,6168.2000,13971,-1,363242000.000,1,0,1,双平,S,6163.6000,6163.4000,6163.2000,6163.0000,6161.0000,6168.0000,6176.0000,6176.2000,6177.2000,6177.8000,1,2,2,9,1,1,1,1,1,1
SF,IC2103,2020-08-17 09:32:04.300,6168.2000,13971,0,363242000.000,0,-,-,-,-,6163.6000,6163.4000,6163.2000,6163.0000,6161.0000,6168.0000,6176.2000,6177.2000,6177.8000,6178.4000,1,2,2,9,1,1,1,1,1,2
SF,IC2103,2020-08-17 09:32:04.800,6168.0000,13970,-1,365709200.000,2,0,2,多平,S,6163.8000,6163.6000,6163.4000,6163.2000,6163.0000,6176.2000,6177.2000,6177.8000,6178.4000,6178.6000,1,1,2,2,9,1,1,1,2,1
SF,IC2103,2020-08-17 09:32:05.300,6168.0000,13970,0,365709200.000,0,-,-,-,-,6164.0000,6163.8000,6163.4000,6163.2000,6163.0000,6175.6000,6175.8000,6176.0000,6176.2000,6177.8000,1,1,2,2,9,2,1,1,1,1
SF,IC2103,2020-08-17 09:32:05.800,6168.0000,13970,0,365709200.000,0,-,-,-,-,6164.6000,6164.2000,6164.0000,6163.4000,6163.2000,6175.0000,6175.4000,6175.6000,6175.8000,6176.2000,1,2,1,2,2,1,2,2,1,1
SF,IC2103,2020-08-17 09:32:06.300,6164.8000,13970,0,366942160.000,1,0,1,多换,S,6164.8000,6164.6000,6164.0000,6163.2000,6163.0000,6174.0000,6174.4000,6174.6000,6174.8000,6175.0000,1,1,1,2,9,1,3,1,1,1
SF,IC2103,2020-08-17 09:32:06.800,6164.8000,13970,0,366942160.000,0,-,-,-,-,6165.0000,6164.8000,6164.6000,6164.0000,6163.2000,6173.4000,6173.8000,6174.0000,6174.2000,6174.4000,1,1,1,1,2,3,2,1,1,1
SF,IC2103,2020-08-17 09:32:07.300,6164.8000,13970,0,366942160.000,0,-,-,-,-,6165.2000,6165.0000,6164.6000,6164.0000,6163.2000,6173.2000,6173.4000,6173.8000,6174.0000,6174.4000,3,1,1,1,2,1,3,1,1,1
SF,IC2103,2020-08-17 09:32:07.800,6164.8000,13970,0,366942160.000,0,-,-,-,-,6165.6000,6165.4000,6165.2000,6164.6000,6164.0000,6172.6000,6173.2000,6173.8000,6174.0000,6174.4000,1,1,3,1,1,2,1,1,1,1
SF,IC2103,2020-08-17 09:32:08.300,6164.8000,13970,0,366942160.000,0,-,-,-,-,6169.2000,6166.2000,6165.8000,6165.6000,6165.2000,6174.4000,6174.6000,6175.8000,6182.0000,6190.0000,1,1,2,1,2,1,1,1,1,1
SF,IC2103,2020-08-17 09:32:08.800,6169.2000,13971,1,368176000.000,1,1,0,双开,S,6166.2000,6165.8000,6165.6000,6165.2000,6164.0000,6172.0000,6174.2000,6174.4000,6182.0000,6190.0000,1,1,1,2,1,1,2,1,1,1
SF,IC2103,2020-08-17 09:32:09.300,6169.2000,13971,0,368176000.000,0,-,-,-,-,6166.4000,6166.2000,6165.6000,6165.2000,6163.2000,6171.8000,6172.0000,6174.4000,6182.0000,6190.0000,1,1,1,2,2,2,1,1,1,1
SF,IC2103,2020-08-17 09:32:09.800,6169.2000,13971,0,368176000.000,0,-,-,-,-,6166.2000,6165.6000,6163.2000,6163.0000,6161.0000,6171.8000,6172.0000,6174.4000,6177.6000,6182.0000,1,1,2,10,1,2,1,1,1,1
SF,IC2103,2020-08-17 09:32:10.300,6169.2000,13971,0,368176000.000,0,-,-,-,-,6163.2000,6163.0000,6161.0000,6160.2000,6160.0000,6171.6000,6171.8000,6172.0000,6174.4000,6177.6000,2,10,1,1,1,3,2,1,1,1
SF,IC2103,2020-08-17 09:32:10.800,6169.2000,13971,0,368176000.000,0,-,-,-,-,6163.8000,6163.2000,6163.0000,6161.0000,6160.2000,6171.0000,6171.2000,6171.4000,6171.6000,6172.0000,1,2,10,1,1,1,2,3,3,1
SF,IC2103,2020-08-17 09:32:11.300,6169.2000,13971,0,368176000.000,0,-,-,-,-,6163.2000,6163.0000,6161.0000,6160.2000,6160.0000,6170.4000,6170.8000,6171.0000,6171.2000,6171.4000,2,10,1,1,1,2,2,2,2,1
SF,IC2103,2020-08-17 09:32:11.800,6169.2000,13971,0,368176000.000,0,-,-,-,-,6163.2000,6163.0000,6161.0000,6160.2000,6160.0000,6170.2000,6170.4000,6171.0000,6171.2000,6171.6000,2,10,1,1,1,3,2,2,2,1
SF,IC2103,2020-08-17 09:32:12.300,6163.2000,13970,-1,369408640.000,1,0,1,双平,S,6163.2000,6163.0000,6161.0000,6160.2000,6160.0000,6168.4000,6169.4000,6169.6000,6169.8000,6170.0000,1,10,1,1,1,1,1,2,2,1
SF,IC2103,2020-08-17 09:32:12.800,6163.2000,13970,0,369408640.000,0,-,-,-,-,6163.2000,6163.0000,6161.0000,6160.2000,6160.0000,6168.2000,6168.4000,6169.4000,6169.8000,6170.0000,1,10,1,1,1,4,1,1,2,1
SF,IC2103,2020-08-17 09:32:13.300,6163.2000,13970,0,369408640.000,0,-,-,-,-,6163.4000,6163.2000,6163.0000,6161.0000,6160.2000,6168.2000,6168.4000,6169.4000,6169.8000,6170.0000,1,1,10,1,1,4,1,1,1,1
SF,IC2103,2020-08-17 09:32:13.800,6163.2000,13970,0,369408640.000,0,-,-,-,-,6163.6000,6163.4000,6163.2000,6163.0000,6161.0000,6168.2000,6168.4000,6169.8000,6170.0000,6182.0000,2,1,1,10,1,4,1,1,1,1
SF,IC2103,2020-08-17 09:32:14.300,6163.2000,13970,0,369408640.000,0,-,-,-,-,6163.8000,6163.6000,6163.2000,6163.0000,6161.0000,6168.2000,6168.4000,6169.8000,6170.0000,6182.0000,1,2,1,10,1,1,1,1,1,1
SF,IC2103,2020-08-17 09:32:14.800,6163.2000,13970,0,369408640.000,0,-,-,-,-,6163.8000,6163.6000,6163.2000,6163.0000,6161.0000,6168.0000,6168.2000,6168.4000,6182.0000,6190.0000,1,2,1,10,1,1,1,1,1,1
SF,IC2103,2020-08-17 09:32:15.300,6168.2000,13971,1,371875880.000,2,1,1,空开,S,6168.2000,6163.8000,6163.6000,6163.2000,6163.0000,6173.0000,6182.0000,6190.0000,6191.0000,6192.0000,3,1,2,1,10,1,1,1,1,2
SF,IC2103,2020-08-17 09:32:15.800,6168.2000,13971,0,376810440.000,4,2,2,多换,S,6163.2000,6163.0000,6161.0000,6160.2000,6160.0000,6168.2000,6172.4000,6172.8000,6173.0000,6182.0000,1,10,1,1,1,1,2,1,1,1
SF,IC2103,2020-08-17 09:32:16.300,6168.2000,13971,0,378044080.000,1,0,1,多换,S,6163.4000,6163.2000,6163.0000,6161.0000,6160.2000,6172.4000,6173.0000,6182.0000,6190.0000,6191.0000,1,1,10,1,1,2,1,1,1,1
SF,IC2103,2020-08-17 09:32:16.800,6168.2000,13971,0,378044080.000,0,-,-,-,-,6163.6000,6163.4000,6163.2000,6163.0000,6161.0000,6172.2000,6172.4000,6173.0000,6182.0000,6190.0000,3,1,1,10,1,2,2,1,1,1
SF,IC2103,2020-08-17 09:32:17.300,6168.2000,13971,0,378044080.000,0,-,-,-,-,6163.8000,6163.6000,6163.2000,6163.0000,6161.0000,6168.6000,6171.6000,6172.2000,6173.0000,6182.0000,1,3,1,10,1,1,2,2,1,1
SF,IC2103,2020-08-17 09:32:17.800,6168.6000,13970,-1,379277800.000,1,0,1,双平,S,6163.8000,6163.6000,6163.2000,6163.0000,6161.0000,6171.6000,6172.2000,6173.0000,6182.0000,6190.0000,1,1,1,10,1,2,1,1,1,1
SF,IC2103,2020-08-17 09:32:18.300,6168.6000,13970,0,379277800.000,0,-,-,-,-,6164.0000,6163.8000,6163.6000,6163.2000,6163.0000,6171.4000,6171.6000,6172.2000,6173.0000,6182.0000,3,1,1,1,10,1,2,1,1,1
SF,IC2103,2020-08-17 09:32:18.800,6168.6000,13970,0,379277800.000,0,-,-,-,-,6168.6000,6164.2000,6164.0000,6163.6000,6163.0000,6170.8000,6171.2000,6172.2000,6173.0000,6182.0000,1,1,3,1,10,1,1,1,1,1
SF,IC2103,2020-08-17 09:32:19.300,6168.6000,13969,-1,380511520.000,1,0,1,双平,S,6164.2000,6164.0000,6163.6000,6163.0000,6161.0000,6173.0000,6182.0000,6190.0000,6191.0000,6192.0000,1,2,1,10,1,1,1,1,1,2
SF,IC2103,2020-08-17 09:32:19.800,6168.6000,13969,0,380511520.000,0,-,-,-,-,6164.6000,6164.4000,6164.2000,6164.0000,6163.6000,6173.0000,6182.0000,6190.0000,6191.0000,6192.0000,1,1,1,1,1,1,1,1,1,2
SF,IC2103,2020-08-17 09:32:20.300,6168.6000,13969,0,380511520.000,0,-,-,-,-,6164.8000,6164.6000,6164.0000,6163.6000,6163.0000,6173.0000,6182.0000,6190.0000,6191.0000,6192.0000,3,1,1,1,10,1,1,1,1,2
SF,IC2103,2020-08-17 09:32:20.800,6168.6000,13969,0,380511520.000,0,-,-,-,-,6169.0000,6165.4000,6164.8000,6164.6000,6164.0000,6173.0000,6182.0000,6190.0000,6191.0000,6192.0000,1,1,3,1,1,1,1,1,1,2
SF,IC2103,2020-08-17 09:32:21.300,6168.6000,13969,0,380511520.000,0,-,-,-,-,6169.2000,6165.4000,6164.8000,6164.6000,6164.0000,6173.0000,6182.0000,6190.0000,6191.0000,6192.0000,1,1,2,1,1,1,1,1,1,2
SF,IC2103,2020-08-17 09:32:21.800,6168.6000,13969,0,380511520.000,0,-,-,-,-,6165.4000,6164.8000,6164.6000,6164.0000,6163.0000,6172.8000,6173.0000,6182.0000,6190.0000,6191.0000,1,2,1,1,10,1,1,1,1,1
SF,IC2103,2020-08-17 09:32:22.300,6168.6000,13969,0,380511520.000,0,-,-,-,-,6165.6000,6165.4000,6164.6000,6163.0000,6161.0000,6172.6000,6172.8000,6173.0000,6182.0000,6190.0000,2,1,1,10,1,2,1,1,1,1
SF,IC2103,2020-08-17 09:32:22.800,6168.6000,13969,0,380511520.000,0,-,-,-,-,6166.2000,6165.6000,6165.4000,6163.0000,6161.0000,6172.4000,6172.6000,6173.0000,6182.0000,6190.0000,1,2,1,10,1,1,2,1,1,1
SF,IC2103,2020-08-17 09:32:23.300,6168.6000,13969,0,380511520.000,0,-,-,-,-,6166.4000,6166.2000,6165.4000,6163.0000,6161.0000,6172.2000,6172.4000,6172.6000,6173.0000,6182.0000,1,1,1,10,1,1,1,1,1,1
SF,IC2103,2020-08-17 09:32:23.800,6168.6000,13969,0,380511520.000,0,-,-,-,-,6166.4000,6166.2000,6165.4000,6163.0000,6161.0000,6172.0000,6172.2000,6173.0000,6182.0000,6190.0000,1,1,1,10,1,3,1,1,1,1
SF,IC2103,2020-08-17 09:32:24.300,6168.6000,13969,0,380511520.000,0,-,-,-,-,6166.2000,6165.4000,6163.0000,6161.0000,6160.4000,6171.8000,6172.0000,6173.0000,6182.0000,6190.0000,1,1,10,1,8,1,3,1,1,1
SF,IC2103,2020-08-17 09:32:24.800,6168.6000,13969,0,380511520.000,0,-,-,-,-,6166.2000,6165.4000,6163.0000,6161.0000,6160.4000,6171.6000,6171.8000,6172.0000,6173.0000,6182.0000,1,1,10,1,8,1,1,2,1,1
SF,IC2103,2020-08-17 09:32:25.300,6166.2000,13969,0,381744760.000,1,0,1,多换,S,6165.4000,6163.0000,6161.0000,6160.4000,6160.2000,6171.4000,6171.6000,6172.0000,6173.0000,6182.0000,1,10,1,8,1,1,1,2,1,1
SF,IC2103,2020-08-17 09:32:25.800,6165.6000,13969,0,382977880.000,1,0,1,多换,S,6165.6000,6165.4000,6163.0000,6161.0000,6160.4000,6171.2000,6171.4000,6172.0000,6173.0000,6182.0000,1,1,10,1,8,1,1,1,1,1
SF,IC2103,2020-08-17 09:32:26.300,6165.6000,13969,0,382977880.000,0,-,-,-,-,6165.6000,6165.4000,6163.0000,6161.0000,6160.4000,6171.0000,6171.2000,6173.0000,6182.0000,6190.0000,1,1,10,1,8,2,1,1,1,1
SF,IC2103,2020-08-17 09:32:26.800,6165.6000,13969,0,382977880.000,0,-,-,-,-,6165.8000,6165.6000,6165.4000,6163.0000,6161.0000,6171.0000,6173.0000,6182.0000,6190.0000,6191.0000,1,1,1,10,1,2,1,1,1,1
SF,IC2103,2020-08-17 09:32:27.300,6165.6000,13969,0,382977880.000,0,-,-,-,-,6166.0000,6165.8000,6165.6000,6165.4000,6163.0000,6170.8000,6171.0000,6173.0000,6182.0000,6190.0000,2,1,1,1,10,1,1,1,1,1
SF,IC2103,2020-08-17 09:32:27.800,6165.6000,13969,0,382977880.000,0,-,-,-,-,6166.2000,6166.0000,6165.6000,6165.4000,6163.0000,6173.0000,6182.0000,6190.0000,6191.0000,6192.0000,1,2,1,1,10,1,1,1,1,2
SF,IC2103,2020-08-17 09:32:28.300,6165.6000,13969,0,382977880.000,0,-,-,-,-,6166.4000,6166.2000,6166.0000,6165.6000,6165.4000,6172.8000,6173.0000,6182.0000,6190.0000,6191.0000,1,1,1,1,1,1,1,1,1,1
SF,IC2103,2020-08-17 09:32:28.800,6165.6000,13969,0,382977880.000,0,-,-,-,-,6167.0000,6166.6000,6166.4000,6166.0000,6165.6000,6172.8000,6173.0000,6182.0000,6190.0000,6191.0000,1,1,1,1,1,1,1,1,1,1
SF,IC2103,2020-08-17 09:32:29.300,6165.6000,13969,0,382977880.000,0,-,-,-,-,6167.2000,6167.0000,6166.0000,6165.6000,6163.0000,6172.8000,6173.0000,6182.0000,6190.0000,6191.0000,2,1,1,1,10,1,1,1,1,1
SF,IC2103,2020-08-17 09:32:29.800,6165.6000,13969,0,382977880.000,0,-,-,-,-,6167.2000,6167.0000,6166.0000,6163.0000,6160.4000,6172.6000,6172.8000,6173.0000,6178.2000,6182.0000,1,1,1,10,8,1,1,1,1,1
SF,IC2103,2020-08-17 09:32:30.300,6165.6000,13969,0,382977880.000,0,-,-,-,-,6167.0000,6163.0000,6160.4000,6160.2000,6160.0000,6172.4000,6172.6000,6173.0000,6178.2000,6182.0000,1,10,8,1,1,3,1,1,1,1
SF,IC2103,2020-08-17 09:32:30.800,6165.6000,13969,0,382977880.000,0,-,-,-,-,6167.0000,6163.0000,6160.4000,6160.2000,6160.0000,6172.4000,6172.6000,6173.0000,6178.2000,6182.0000,1,10,8,1,1,3,1,1,1,1
SF,IC2103,2020-08-17 09:32:31.300,6165.6000,13969,0,382977880.000,0,-,-,-,-,6163.0000,6160.4000,6160.2000,6160.0000,6150.0000,6167.0000,6172.4000,6172.6000,6173.0000,6178.2000,10,8,1,1,1,1,3,1,1,1
SF,IC2103,2020-08-17 09:32:31.800,6167.0000,13969,0,384211280.000,1,0,1,多换,S,6167.0000,6165.6000,6163.2000,6163.0000,6160.4000,6172.4000,6172.6000,6173.0000,6178.2000,6182.0000,1,1,3,10,8,2,1,1,1,1
SF,IC2103,2020-08-17 09:32:32.300,6169.0000,13969,0,386678480.000,2,1,1,多换,S,6165.6000,6163.2000,6163.0000,6160.4000,6160.2000,6172.4000,6173.0000,6178.2000,6182.0000,6190.0000,1,2,10,8,1,1,1,1,1,1
SF,IC2103,2020-08-17 09:32:32.800,6169.0000,13969,0,386678480.000,0,-,-,-,-,6165.8000,6165.6000,6163.0000,6160.4000,6160.2000,6172.0000,6172.2000,6172.4000,6173.0000,6178.2000,1,1,10,8,1,1,1,1,1,1
SF,IC2103,2020-08-17 09:32:33.300,6169.0000,13969,0,386678480.000,0,-,-,-,-,6165.8000,6165.6000,6163.0000,6160.4000,6160.2000,6171.8000,6172.0000,6173.0000,6178.2000,6182.0000,1,1,11,8,1,2,1,1,1,1
SF,IC2103,2020-08-17 09:32:33.800,6169.0000,13969,0,386678480.000,0,-,-,-,-,6166.2000,6166.0000,6165.8000,6165.6000,6163.0000,6171.8000,6172.0000,6173.0000,6178.2000,6182.0000,1,1,1,1,11,1,1,1,1,1
SF,IC2103,2020-08-17 09:32:34.300,6172.0000,13968,-1,389147240.000,2,0,2,多平,S,6166.4000,6166.2000,6166.0000,6165.6000,6163.0000,6173.0000,6178.2000,6182.0000,6190.0000,6191.0000,2,1,1,1,11,1,1,1,1,1
SF,IC2103,2020-08-17 09:32:34.800,6172.0000,13968,0,389147240.000,0,-,-,-,-,6167.0000,6166.4000,6166.2000,6166.0000,6165.6000,6173.0000,6178.2000,6182.0000,6190.0000,6191.0000,1,2,1,1,1,1,1,1,1,1
SF,IC2103,2020-08-17 09:32:35.300,6172.0000,13968,0,389147240.000,0,-,-,-,-,6167.2000,6167.0000,6166.0000,6165.6000,6163.0000,6173.0000,6178.2000,6182.0000,6190.0000,6191.0000,3,2,1,1,11,1,1,1,1,1
SF,IC2103,2020-08-17 09:32:35.800,6172.0000,13968,0,389147240.000,0,-,-,-,-,6167.2000,6167.0000,6165.6000,6163.0000,6160.4000,6173.0000,6178.2000,6182.0000,6190.0000,6191.0000,3,2,1,11,8,1,1,1,1,1
SF,IC2103,2020-08-17 09:32:36.300,6172.0000,13968,0,389147240.000,0,-,-,-,-,6167.2000,6167.0000,6165.6000,6163.0000,6160.4000,6172.8000,6173.0000,6178.2000,6182.0000,6190.0000,2,1,1,10,8,3,1,1,1,1
SF,IC2103,2020-08-17 09:32:36.800,6172.0000,13968,0,389147240.000,0,-,-,-,-,6167.2000,6167.0000,6165.6000,6163.0000,6160.4000,6172.8000,6173.0000,6178.2000,6182.0000,6190.0000,1,1,1,10,8,3,1,1,1,1
SF,IC2103,2020-08-17 09:32:37.300,6172.0000,13968,0,389147240.000,0,-,-,-,-,6167.2000,6167.0000,6165.6000,6163.0000,6160.4000,6172.8000,6173.0000,6178.2000,6182.0000,6190.0000,1,1,1,10,8,3,1,1,1,1
SF,IC2103,2020-08-17 09:32:37.800,6172.0000,13968,0,389147240.000,0,-,-,-,-,6167.2000,6167.0000,6165.6000,6163.0000,6160.4000,6172.8000,6173.0000,6178.2000,6182.0000,6190.0000,1,1,1,10,8,1,1,1,1,1
SF,IC2103,2020-08-17 09:32:38.300,6172.0000,13968,0,389147240.000,0,-,-,-,-,6167.4000,6167.2000,6167.0000,6165.6000,6163.0000,6172.0000,6172.8000,6173.0000,6182.0000,6190.0000,1,1,1,1,10,1,1,1,1,1
SF,IC2103,2020-08-17 09:32:38.800,6172.0000,13968,0,389147240.000,0,-,-,-,-,6167.6000,6167.4000,6167.0000,6165.6000,6163.0000,6171.8000,6172.0000,6173.0000,6182.0000,6190.0000,2,1,1,1,10,1,2,1,1,1
SF,IC2103,2020-08-17 09:32:39.300,6172.0000,13968,0,389147240.000,0,-,-,-,-,6167.8000,6167.6000,6167.0000,6165.6000,6163.0000,6172.0000,6173.0000,6182.0000,6190.0000,6191.0000,1,2,1,1,10,1,1,1,1,1
SF,IC2103,2020-08-17 09:32:39.800,6172.0000,13967,-1,391616040.000,2,0,2,多平,S,6168.0000,6167.8000,6167.6000,6167.0000,6165.6000,6173.0000,6182.0000,6190.0000,6191.0000,6192.0000,1,1,2,1,1,1,1,1,1,2
SF,IC2103,2020-08-17 09:32:40.300,6173.0000,13966,-1,392850640.000,1,0,1,双平,S,6168.6000,6168.2000,6168.0000,6167.6000,6165.6000,6179.8000,6182.0000,6190.0000,6191.0000,6192.0000,1,1,1,1,1,1,1,1,1,2
SF,IC2103,2020-08-17 09:32:40.800,6173.0000,13966,0,392850640.000,0,-,-,-,-,6168.8000,6168.6000,6168.0000,6167.6000,6165.6000,6178.8000,6179.2000,6179.6000,6179.8000,6182.0000,3,1,1,1,1,1,3,1,1,1
SF,IC2103,2020-08-17 09:32:41.300,6173.0000,13966,0,392850640.000,0,-,-,-,-,6168.8000,6168.6000,6168.0000,6165.6000,6163.0000,6178.6000,6178.8000,6179.2000,6179.8000,6182.0000,3,1,1,1,10,3,1,1,1,1
SF,IC2103,2020-08-17 09:32:41.800,6173.0000,13966,0,392850640.000,0,-,-,-,-,6168.8000,6168.6000,6165.6000,6163.0000,6160.4000,6178.4000,6178.6000,6178.8000,6179.8000,6182.0000,2,1,1,11,8,2,3,1,1,1
SF,IC2103,2020-08-17 09:32:42.300,6173.0000,13966,0,392850640.000,0,-,-,-,-,6173.6000,6168.8000,6168.6000,6166.0000,6165.6000,6178.0000,6178.2000,6178.4000,6178.8000,6179.8000,1,2,1,1,1,2,3,2,1,1
SF,IC2103,2020-08-17 09:32:42.800,6173.6000,13965,-1,395320000.000,2,0,2,多平,S,6168.8000,6168.6000,6166.0000,6165.6000,6163.0000,6177.6000,6178.0000,6178.2000,6179.8000,6182.0000,1,1,1,1,11,1,2,2,1,1
SF,IC2103,2020-08-17 09:32:43.300,6173.6000,13965,0,395320000.000,0,-,-,-,-,6169.0000,6168.6000,6166.0000,6165.6000,6163.0000,6177.0000,6177.4000,6177.6000,6178.2000,6179.8000,1,1,1,1,11,2,2,2,2,1
SF,IC2103,2020-08-17 09:32:43.800,6173.6000,13965,0,395320000.000,0,-,-,-,-,6169.0000,6168.6000,6166.0000,6165.6000,6163.0000,6176.6000,6176.8000,6177.0000,6177.4000,6177.6000,1,1,1,1,11,1,1,2,1,1
SF,IC2103,2020-08-17 09:32:44.300,6173.6000,13965,0,395320000.000,0,-,-,-,-,6169.0000,6168.6000,6166.0000,6165.6000,6163.0000,6176.2000,6176.4000,6176.6000,6177.6000,6179.8000,1,1,1,1,11,1,3,1,1,1
SF,IC2103,2020-08-17 09:32:44.800,6175.8000,13966,1,396555160.000,1,1,0,双开,S,6169.0000,6168.6000,6166.0000,6165.6000,6163.0000,6175.8000,6176.0000,6176.2000,6177.6000,6179.8000,1,1,1,1,11,1,2,1,1,1
SF,IC2103,2020-08-17 09:32:45.300,6175.8000,13966,0,396555160.000,0,-,-,-,-,6169.2000,6169.0000,6168.6000,6166.0000,6165.6000,6175.6000,6176.0000,6177.6000,6179.8000,6182.0000,1,1,1,1,1,1,1,1,1,1
SF,IC2103,2020-08-17 09:32:45.800,6175.8000,13966,0,396555160.000,0,-,-,-,-,6169.4000,6169.2000,6168.6000,6166.0000,6165.6000,6175.6000,6177.6000,6179.8000,6182.0000,6190.0000,1,1,1,1,1,1,1,1,1,1
SF,IC2103,2020-08-17 09:32:46.300,6175.8000,13966,0,396555160.000,0,-,-,-,-,6169.6000,6169.4000,6168.6000,6166.0000,6165.6000,6175.6000,6177.6000,6179.8000,6182.0000,6190.0000,1,1,1,1,1,1,1,1,1,1
SF,IC2103,2020-08-17 09:32:46.800,6175.8000,13966,0,396555160.000,0,-,-,-,-,6169.8000,6168.6000,6166.0000,6165.6000,6163.0000,6175.4000,6175.6000,6177.6000,6179.8000,6182.0000,1,1,1,1,11,1,1,1,1,1
SF,IC2103,2020-08-17 09:32:47.300,6175.8000,13966,0,396555160.000,0,-,-,-,-,6170.0000,6169.8000,6168.6000,6166.0000,6165.6000,6175.4000,6177.6000,6179.8000,6182.0000,6190.0000,2,1,1,1,1,1,1,1,1,1
SF,IC2103,2020-08-17 09:32:47.800,6175.8000,13966,0,396555160.000,0,-,-,-,-,6170.6000,6170.2000,6170.0000,6169.8000,6166.0000,6175.2000,6177.6000,6179.8000,6182.0000,6190.0000,1,2,2,1,1,1,1,1,1,1
SF,IC2103,2020-08-17 09:32:48.300,6175.8000,13966,0,396555160.000,0,-,-,-,-,6170.8000,6170.6000,6170.2000,6170.0000,6169.8000,6179.8000,6182.0000,6190.0000,6191.0000,6192.0000,3,1,1,1,1,1,1,1,1,2
SF,IC2103,2020-08-17 09:32:48.800,6175.8000,13966,0,396555160.000,0,-,-,-,-,6175.4000,6171.0000,6170.8000,6170.6000,6170.2000,6179.2000,6179.6000,6179.8000,6182.0000,6190.0000,1,1,2,1,1,2,1,1,1,1
SF,IC2103,2020-08-17 09:32:49.300,6175.4000,13965,-1,397790240.000,1,0,1,双平,S,6171.0000,6170.8000,6170.6000,6170.2000,6170.0000,6175.4000,6179.2000,6179.8000,6182.0000,6190.0000,1,1,1,1,1,1,2,1,1,1
SF,IC2103,2020-08-17 09:32:49.800,6175.4000,13965,0,397790240.000,0,-,-,-,-,6171.2000,6170.6000,6170.4000,6170.2000,6170.0000,6178.2000,6179.2000,6179.8000,6182.0000,6190.0000,2,1,1,1,1,2,2,1,1,1
SF,IC2103,2020-08-17 09:32:50.300,6175.4000,13965,0,397790240.000,0,-,-,-,-,6171.8000,6171.4000,6171.2000,6170.6000,6170.4000,6178.0000,6178.2000,6178.4000,6179.2000,6179.8000,1,1,2,1,1,1,2,1,2,1
SF,IC2103,2020-08-17 09:32:50.800,6175.4000,13965,0,397790240.000,0,-,-,-,-,6172.2000,6172.0000,6171.8000,6171.4000,6170.4000,6178.0000,6179.2000,6179.8000,6182.0000,6190.0000,1,1,1,1,1,1,2,1,1,1
SF,IC2103,2020-08-17 09:32:51.300,6175.4000,13965,0,397790240.000,0,-,-,-,-,6172.4000,6172.2000,6171.8000,6171.4000,6170.4000,6175.8000,6178.0000,6179.2000,6179.8000,6182.0000,2,1,1,1,1,1,1,2,1,1
SF,IC2103,2020-08-17 09:32:51.800,6175.4000,13965,0,397790240.000,0,-,-,-,-,6172.6000,6172.4000,6172.2000,6171.8000,6171.4000,6175.8000,6179.2000,6179.8000,6182.0000,6190.0000,1,1,1,1,1,1,2,1,1,1
SF,IC2103,2020-08-17 09:32:52.300,6175.4000,13965,0,397790240.000,0,-,-,-,-,6172.6000,6172.4000,6172.2000,6171.8000,6171.4000,6175.6000,6175.8000,6179.2000,6179.8000,6182.0000,1,1,1,1,1,1,1,2,1,1
SF,IC2103,2020-08-17 09:32:52.800,6175.4000,13965,0,397790240.000,0,-,-,-,-,6172.8000,6172.4000,6172.2000,6171.8000,6171.4000,6175.6000,6175.8000,6179.2000,6179.8000,6182.0000,1,1,1,1,1,1,1,2,1,1
SF,IC2103,2020-08-17 09:32:53.300,6175.4000,13965,0,397790240.000,0,-,-,-,-,6175.6000,6175.4000,6173.0000,6172.8000,6172.4000,6175.8000,6179.2000,6179.8000,6182.0000,6190.0000,1,1,1,1,1,1,2,1,1,1
SF,IC2103,2020-08-17 09:32:53.800,6175.8000,13963,-2,400260520.000,2,0,2,双平,S,6175.4000,6172.8000,6172.4000,6172.2000,6171.8000,6179.8000,6182.0000,6190.0000,6191.0000,6192.0000,1,1,1,1,1,1,1,1,1,2
SF,IC2103,2020-08-17 09:32:54.300,6175.8000,13963,0,400260520.000,0,-,-,-,-,6175.4000,6172.8000,6172.4000,6172.2000,6171.8000,6179.6000,6179.8000,6182.0000,6190.0000,6191.0000,1,1,1,1,1,2,1,1,1,1
SF,IC2103,2020-08-17 09:32:54.800,6175.8000,13963,0,400260520.000,0,-,-,-,-,6175.6000,6175.4000,6172.8000,6172.4000,6172.2000,6179.6000,6179.8000,6182.0000,6190.0000,6191.0000,1,1,1,1,1,2,1,1,1,1
SF,IC2103,2020-08-17 09:32:55.300,6175.8000,13963,0,400260520.000,0,-,-,-,-,6175.4000,6172.8000,6172.2000,6171.8000,6170.4000,6179.6000,6179.8000,6182.0000,6187.0000,6190.0000,1,1,1,1,1,2,1,1,1,1
SF,IC2103,2020-08-17 09:32:55.800,6175.8000,13963,0,400260520.000,0,-,-,-,-,6175.4000,6172.2000,6171.8000,6170.4000,6163.0000,6179.6000,6179.8000,6182.0000,6187.0000,6190.0000,1,1,1,1,1,2,1,1,1,1
SF,IC2103,2020-08-17 09:32:56.300,6175.4000,13963,0,401495600.000,1,0,1,多换,S,6172.2000,6171.8000,6170.4000,6163.0000,6160.4000,6179.6000,6179.8000,6182.0000,6187.0000,6190.0000,1,1,1,1,8,1,1,1,1,1
SF,IC2103,2020-08-17 09:32:56.800,6175.4000,13963,0,401495600.000,0,-,-,-,-,6172.2000,6171.8000,6170.4000,6163.0000,6160.4000,6179.4000,6179.6000,6179.8000,6182.0000,6187.0000,1,1,1,1,8,5,1,1,1,1
SF,IC2103,2020-08-17 09:32:57.300,6175.4000,13963,0,401495600.000,0,-,-,-,-,6172.2000,6171.8000,6170.4000,6163.0000,6160.4000,6179.0000,6179.2000,6179.4000,6179.8000,6182.0000,1,1,1,1,8,1,1,5,1,1
SF,IC2103,2020-08-17 09:32:57.800,6175.4000,13963,0,401495600.000,0,-,-,-,-,6172.2000,6170.4000,6163.0000,6160.4000,6160.2000,6178.0000,6178.4000,6178.8000,6179.0000,6179.4000,1,1,1,8,1,1,2,3,1,2
SF,IC2103,2020-08-17 09:32:58.300,6175.4000,13963,0,401495600.000,0,-,-,-,-,6170.4000,6163.0000,6160.4000,6160.2000,6160.0000,6177.4000,6177.6000,6177.8000,6178.0000,6178.4000,1,1,8,1,1,1,1,4,1,1
SF,IC2103,2020-08-17 09:32:58.800,6175.4000,13963,0,401495600.000,0,-,-,-,-,6170.6000,6170.4000,6163.0000,6160.4000,6160.2000,6177.0000,6177.2000,6177.4000,6177.8000,6178.0000,2,1,1,8,1,1,2,2,2,1
SF,IC2103,2020-08-17 09:32:59.300,6175.4000,13963,0,401495600.000,0,-,-,-,-,6175.8000,6170.8000,6170.6000,6170.4000,6163.0000,6176.8000,6177.0000,6177.4000,6178.0000,6179.4000,1,1,2,1,1,2,1,1,1,1
SF,IC2103,2020-08-17 09:32:59.800,6175.8000,13963,0,402730760.000,1,0,1,多换,S,6170.8000,6170.6000,6170.4000,6163.0000,6160.4000,6175.6000,6175.8000,6176.8000,6177.4000,6178.0000,1,2,1,1,8,1,1,1,1,1
SF,IC2103,2020-08-17 09:33:00.300,6175.8000,13962,-1,405201040.000,2,0,2,多平,S,6171.0000,6170.8000,6170.6000,6170.4000,6163.0000,6179.8000,6182.0000,6187.0000,6190.0000,6191.0000,1,1,1,1,1,1,1,1,1,1
SF,IC2103,2020-08-17 09:33:00.800,6175.8000,13962,0,405201040.000,0,-,-,-,-,6172.0000,6171.2000,6171.0000,6170.8000,6170.6000,6179.4000,6179.6000,6179.8000,6182.0000,6187.0000,1,3,1,1,1,2,1,1,1,1
SF,IC2103,2020-08-17 09:33:01.300,6175.8000,13962,0,405201040.000,0,-,-,-,-,6172.2000,6172.0000,6171.2000,6170.4000,6163.0000,6179.4000,6179.8000,6182.0000,6187.0000,6190.0000,3,1,2,1,1,2,1,1,1,1
SF,IC2103,2020-08-17 09:33:01.800,6175.8000,13962,0,405201040.000,0,-,-,-,-,6174.0000,6172.4000,6172.2000,6172.0000,6170.4000,6179.2000,6179.4000,6179.8000,6182.0000,6187.0000,1,1,2,1,1,3,2,1,1,1
SF,IC2103,2020-08-17 09:33:02.300,6174.0000,13961,-1,406435840.000,1,0,1,双平,S,6170.4000,6163.0000,6160.4000,6160.2000,6160.0000,6174.0000,6178.6000,6179.0000,6179.2000,6179.8000,1,1,8,1,1,1,3,1,2,1
SF,IC2103,2020-08-17 09:33:02.800,6173.8000,13960,-1,408904680.000,2,0,2,多平,S,6163.0000,6160.4000,6160.2000,6160.0000,6150.0000,6178.6000,6179.0000,6179.2000,6179.8000,6182.0000,1,8,1,1,1,3,1,2,1,1
SF,IC2103,2020-08-17 09:33:03.300,6173.8000,13960,0,408904680.000,0,-,-,-,-,6166.4000,6163.2000,6163.0000,6160.4000,6160.2000,6178.2000,6178.4000,6178.6000,6179.8000,6182.0000,1,2,1,8,1,1,2,3,1,1
SF,IC2103,2020-08-17 09:33:03.800,6173.8000,13960,0,408904680.000,0,-,-,-,-,6167.0000,6163.2000,6163.0000,6160.4000,6160.2000,6176.2000,6176.6000,6177.6000,6177.8000,6178.0000,1,1,1,8,1,1,2,3,1,2
SF,IC2103,2020-08-17 09:33:04.300,6173.8000,13960,0,408904680.000,0,-,-,-,-,6167.4000,6167.2000,6167.0000,6163.0000,6160.4000,6175.6000,6176.0000,6176.2000,6176.6000,6177.6000,1,1,1,1,8,2,2,1,3,1
SF,IC2103,2020-08-17 09:33:04.800,6173.8000,13960,0,408904680.000,0,-,-,-,-,6167.6000,6167.4000,6167.2000,6167.0000,6163.0000,6175.4000,6175.6000,6176.0000,6176.2000,6176.6000,1,1,1,1,1,3,2,1,1,3
SF,IC2103,2020-08-17 09:33:05.300,6173.8000,13960,0,408904680.000,0,-,-,-,-,6167.6000,6167.4000,6167.2000,6167.0000,6163.0000,6174.8000,6175.4000,6176.0000,6176.2000,6176.6000,1,1,1,1,1,2,3,1,1,3
SF,IC2103,2020-08-17 09:33:05.800,6173.8000,13960,0,408904680.000,0,-,-,-,-,6167.8000,6167.6000,6167.4000,6167.2000,6167.0000,6174.6000,6174.8000,6175.4000,6176.0000,6176.2000,1,1,1,1,1,3,2,1,1,1
SF,IC2103,2020-08-17 09:33:06.300,6173.8000,13960,0,408904680.000,0,-,-,-,-,6167.8000,6167.4000,6167.2000,6167.0000,6163.0000,6174.0000,6174.2000,6174.6000,6175.4000,6176.2000,1,1,1,1,1,1,1,2,1,1
SF,IC2103,2020-08-17 09:33:06.800,6173.8000,13960,0,408904680.000,0,-,-,-,-,6167.8000,6167.4000,6167.0000,6163.0000,6160.4000,6173.4000,6173.8000,6174.0000,6175.4000,6176.2000,1,1,1,1,8,1,3,1,1,1
SF,IC2103,2020-08-17 09:33:07.300,6173.8000,13960,0,408904680.000,0,-,-,-,-,6167.4000,6163.0000,6160.4000,6160.2000,6160.0000,6173.2000,6173.4000,6175.4000,6176.6000,6177.6000,1,1,8,1,1,4,1,1,1,1
SF,IC2103,2020-08-17 09:33:07.800,6173.8000,13960,0,411374200.000,2,1,1,多换,S,6163.0000,6160.4000,6160.2000,6160.0000,6150.0000,6173.0000,6173.2000,6173.4000,6175.4000,6176.6000,1,8,1,1,1,1,3,1,1,1
SF,IC2103,2020-08-17 09:33:08.300,6173.8000,13960,0,411374200.000,0,-,-,-,-,6163.2000,6163.0000,6160.4000,6160.2000,6160.0000,6172.2000,6172.4000,6172.8000,6173.0000,6173.4000,1,1,8,1,1,1,2,4,2,1
SF,IC2103,2020-08-17 09:33:08.800,6173.8000,13960,0,411374200.000,0,-,-,-,-,6163.8000,6163.2000,6163.0000,6160.4000,6160.2000,6171.6000,6172.0000,6172.2000,6172.4000,6172.8000,1,1,1,8,1,2,2,1,1,2
SF,IC2103,2020-08-17 09:33:09.300,6171.6000,13960,0,412608520.000,1,0,1,多换,S,6164.0000,6163.8000,6163.0000,6160.4000,6160.2000,6171.4000,6171.6000,6172.0000,6172.2000,6172.8000,1,1,1,8,1,2,2,1,1,2
SF,IC2103,2020-08-17 09:33:09.800,6171.6000,13960,0,412608520.000,0,-,-,-,-,6164.2000,6164.0000,6163.8000,6163.0000,6160.4000,6170.8000,6171.4000,6172.0000,6172.2000,6172.8000,3,1,1,1,8,2,2,1,1,2
SF,IC2103,2020-08-17 09:33:10.300,6171.6000,13960,0,412608520.000,0,-,-,-,-,6164.4000,6164.2000,6163.8000,6163.0000,6160.4000,6170.8000,6171.0000,6172.2000,6172.8000,6173.4000,1,3,1,1,8,2,1,1,2,1
SF,IC2103,2020-08-17 09:33:10.800,6171.6000,13960,0,412608520.000,0,-,-,-,-,6164.6000,6164.4000,6164.2000,6163.8000,6163.0000,6170.8000,6171.0000,6172.2000,6172.8000,6173.4000,2,1,2,1,1,2,1,1,1,1
SF,IC2103,2020-08-17 09:33:11.300,6171.6000,13960,0,412608520.000,0,-,-,-,-,6164.8000,6164.6000,6164.2000,6163.8000,6163.0000,6171.0000,6172.2000,6172.8000,6173.4000,6175.4000,1,2,2,1,1,1,1,1,1,1
SF,IC2103,2020-08-17 09:33:11.800,6171.6000,13960,0,412608520.000,0,-,-,-,-,6165.4000,6165.0000,6164.8000,6164.6000,6164.2000,6170.8000,6171.0000,6175.4000,6178.2000,6179.8000,1,2,1,1,2,1,1,1,1,1
SF,IC2103,2020-08-17 09:33:12.300,6171.6000,13960,0,412608520.000,0,-,-,-,-,6165.8000,6165.6000,6165.4000,6165.0000,6164.6000,6170.8000,6175.4000,6178.2000,6179.8000,6182.0000,1,2,1,1,1,1,1,1,1,1
SF,IC2103,2020-08-17 09:33:12.800,6170.8000,13959,-1,413842680.000,1,0,1,双平,S,6166.0000,6165.8000,6165.0000,6163.0000,6160.4000,6175.4000,6178.2000,6179.8000,6182.0000,6190.0000,2,1,1,1,8,1,1,1,1,1
SF,IC2103,2020-08-17 09:33:13.300,6166.0000,13959,0,415075880.000,1,0,1,多换,S,6166.2000,6163.0000,6160.4000,6160.2000,6160.0000,6174.8000,6175.0000,6175.2000,6175.4000,6179.8000,1,1,8,1,1,2,1,3,1,1
SF,IC2103,2020-08-17 09:33:13.800,6166.2000,13958,-1,416309120.000,1,0,1,双平,S,6163.0000,6160.4000,6160.2000,6160.0000,6150.0000,6174.2000,6174.6000,6174.8000,6175.0000,6175.2000,1,8,1,1,1,1,3,2,1,1
SF,IC2103,2020-08-17 09:33:14.300,6166.2000,13958,0,416309120.000,0,-,-,-,-,6163.2000,6163.0000,6160.4000,6160.2000,6160.0000,6173.6000,6173.8000,6174.0000,6174.2000,6174.6000,1,1,8,1,1,2,1,3,1,1
SF,IC2103,2020-08-17 09:33:14.800,6163.2000,13957,-1,417541760.000,1,0,1,双平,S,6163.0000,6160.4000,6160.2000,6160.0000,6150.0000,6171.6000,6173.0000,6173.4000,6173.6000,6173.8000,1,8,1,1,1,1,1,5,2,1
SF,IC2103,2020-08-17 09:33:15.300,6163.2000,13957,0,417541760.000,0,-,-,-,-,6163.0000,6160.4000,6160.2000,6160.0000,6150.0000,6170.4000,6171.0000,6171.4000,6171.6000,6172.0000,1,8,1,1,1,1,3,4,1,3
SF,IC2103,2020-08-17 09:33:15.800,6163.2000,13957,0,417541760.000,0,-,-,-,-,6163.0000,6160.4000,6160.2000,6160.0000,6150.0000,6168.4000,6169.8000,6170.2000,6170.4000,6171.0000,1,8,1,1,1,1,3,4,1,1
SF,IC2103,2020-08-17 09:33:16.300,6163.2000,13957,0,418774400.000,1,0,1,多换,S,6163.0000,6160.4000,6160.2000,6160.0000,6150.0000,6167.8000,6168.2000,6168.4000,6170.0000,6170.2000,1,8,1,1,1,2,3,1,1,1
SF,IC2103,2020-08-17 09:33:16.800,6163.0000,13957,0,420007000.000,1,0,1,多换,S,6160.4000,6160.2000,6160.0000,6150.0000,6140.8000,6167.6000,6167.8000,6168.2000,6168.4000,6170.0000,8,1,1,1,1,2,3,1,1,1
SF,IC2103,2020-08-17 09:33:17.300,6163.0000,13957,0,420007000.000,0,-,-,-,-,6163.0000,6161.0000,6160.6000,6160.4000,6160.2000,6167.0000,6167.4000,6167.6000,6167.8000,6168.4000,1,1,2,8,1,1,3,2,1,1
SF,IC2103,2020-08-17 09:33:17.800,6163.0000,13957,0,421239600.000,1,0,1,多换,S,6161.0000,6160.6000,6160.4000,6160.2000,6160.0000,6166.8000,6167.0000,6167.4000,6167.6000,6167.8000,1,1,8,1,1,1,1,2,2,1
SF,IC2103,2020-08-17 09:33:18.300,6163.0000,13957,0,421239600.000,0,-,-,-,-,6161.2000,6161.0000,6160.6000,6160.4000,6160.2000,6166.2000,6166.6000,6166.8000,6167.0000,6167.4000,1,1,1,8,1,1,2,1,1,2
SF,IC2103,2020-08-17 09:33:18.800,6163.0000,13957,0,421239600.000,0,-,-,-,-,6161.0000,6160.6000,6160.4000,6160.2000,6160.0000,6166.0000,6166.2000,6166.6000,6167.0000,6167.4000,1,1,8,1,1,2,1,1,1,2
SF,IC2103,2020-08-17 09:33:19.300,6163.0000,13957,0,421239600.000,0,-,-,-,-,6161.0000,6160.6000,6160.4000,6160.2000,6160.0000,6165.8000,6166.0000,6166.2000,6167.4000,6167.6000,1,1,8,1,1,1,3,1,2,1
SF,IC2103,2020-08-17 09:33:19.800,6161.2000,13957,0,422471840.000,1,0,1,多换,S,6161.0000,6160.4000,6160.2000,6160.0000,6150.0000,6165.6000,6165.8000,6166.0000,6167.4000,6167.6000,1,8,1,1,1,2,1,1,2,1
SF,IC2103,2020-08-17 09:33:20.300,6161.0000,13958,1,423704040.000,1,1,0,双开,S,6160.4000,6160.2000,6160.0000,6150.0000,6140.8000,6161.0000,6165.4000,6165.6000,6166.0000,6167.4000,8,1,1,1,1,2,1,2,1,2
SF,IC2103,2020-08-17 09:33:20.800,6160.4000,13956,-2,428632600.000,4,1,3,多平,S,6160.6000,6160.4000,6160.2000,6160.0000,6150.0000,6165.4000,6165.6000,6166.0000,6167.4000,6167.6000,1,6,1,1,1,1,2,1,2,1
SF,IC2103,2020-08-17 09:33:21.300,6160.4000,13956,0,428632600.000,0,-,-,-,-,6160.4000,6160.2000,6160.0000,6159.8000,6150.0000,6165.2000,6165.4000,6166.0000,6167.4000,6167.6000,6,1,1,1,1,2,1,1,2,1
SF,IC2103,2020-08-17 09:33:21.800,6160.4000,13956,0,428632600.000,0,-,-,-,-,6160.4000,6160.2000,6160.0000,6159.8000,6150.0000,6165.0000,6165.2000,6166.0000,6167.4000,6167.6000,6,1,1,1,1,1,2,1,2,1
SF,IC2103,2020-08-17 09:33:22.300,6160.4000,13956,0,428632600.000,0,-,-,-,-,6160.4000,6160.2000,6160.0000,6159.8000,6150.0000,6164.8000,6165.0000,6166.0000,6167.4000,6167.6000,6,1,1,1,1,2,1,1,2,1
SF,IC2103,2020-08-17 09:33:22.800,6160.4000,13956,0,428632600.000,0,-,-,-,-,6160.4000,6160.2000,6160.0000,6159.8000,6150.0000,6164.6000,6164.8000,6166.0000,6167.4000,6167.6000,6,1,1,1,1,1,2,1,2,1
SF,IC2103,2020-08-17 09:33:23.300,6160.4000,13956,0,428632600.000,0,-,-,-,-,6160.4000,6160.2000,6160.0000,6159.8000,6150.0000,6164.4000,6164.6000,6164.8000,6166.0000,6167.4000,6,1,1,1,1,1,1,1,1,2
SF,IC2103,2020-08-17 09:33:23.800,6160.4000,13955,-1,429864680.000,1,0,1,双平,S,6160.4000,6160.2000,6160.0000,6159.8000,6150.0000,6164.2000,6164.8000,6166.0000,6167.4000,6167.6000,5,1,1,1,1,1,1,1,2,1
SF,IC2103,2020-08-17 09:33:24.300,6160.4000,13952,-3,433560920.000,3,0,3,双平,S,6160.4000,6160.2000,6160.0000,6159.8000,6150.0000,6164.0000,6164.2000,6164.8000,6166.0000,6167.4000,2,1,1,1,1,1,1,1,1,2
SF,IC2103,2020-08-17 09:33:24.800,6160.4000,13950,-2,436025080.000,2,0,2,双平,S,6160.2000,6160.0000,6159.8000,6150.0000,6140.8000,6160.4000,6163.6000,6163.8000,6164.8000,6167.6000,1,1,1,1,1,1,2,2,1,1
SF,IC2103,2020-08-17 09:33:25.300,6159.8000,13949,-1,439721080.000,3,1,2,多平,S,6150.0000,6140.8000,6124.8000,6123.0000,6120.0000,6160.0000,6160.2000,6160.4000,6163.8000,6164.8000,1,1,9,1,1,1,2,1,1,1
SF,IC2103,2020-08-17 09:33:25.800,6159.8000,13949,0,439721080.000,0,-,-,-,-,6153.6000,6150.2000,6150.0000,6124.8000,6123.0000,6159.8000,6160.0000,6160.4000,6167.6000,6167.8000,1,2,1,9,1,2,1,1,1,1
SF,IC2103,2020-08-17 09:33:26.300,6159.8000,13949,0,439721080.000,0,-,-,-,-,6154.2000,6153.8000,6153.6000,6150.2000,6150.0000,6159.8000,6160.0000,6160.4000,6167.6000,6167.8000,1,1,1,1,1,2,1,1,1,1
SF,IC2103,2020-08-17 09:33:26.800,6159.8000,13949,0,439721080.000,0,-,-,-,-,6154.4000,6154.2000,6153.6000,6150.2000,6150.0000,6159.8000,6160.4000,6167.6000,6167.8000,6170.2000,1,1,1,1,1,2,1,1,1,1
SF,IC2103,2020-08-17 09:33:27.300,6159.8000,13949,0,439721080.000,0,-,-,-,-,6154.2000,6150.2000,6150.0000,6124.8000,6123.0000,6159.0000,6159.6000,6159.8000,6160.4000,6167.6000,1,1,1,9,1,1,1,2,1,1
SF,IC2103,2020-08-17 09:33:27.800,6159.8000,13949,0,439721080.000,0,-,-,-,-,6150.2000,6150.0000,6124.8000,6123.0000,6120.0000,6158.8000,6159.0000,6160.4000,6167.6000,6167.8000,1,1,9,1,1,3,1,1,1,1
SF,IC2103,2020-08-17 09:33:28.300,6158.8000,13949,0,440952840.000,1,0,1,多换,S,6150.4000,6150.0000,6124.8000,6123.0000,6120.0000,6158.6000,6158.8000,6159.0000,6160.4000,6167.6000,2,1,9,1,1,1,3,1,1,1
SF,IC2103,2020-08-17 09:33:28.800,6158.8000,13949,0,440952840.000,0,-,-,-,-,6153.6000,6151.0000,6150.6000,6150.4000,6150.0000,6158.0000,6158.4000,6160.4000,6167.6000,6167.8000,1,1,1,1,1,1,3,1,1,1
SF,IC2103,2020-08-17 09:33:29.300,6158.8000,13949,0,440952840.000,0,-,-,-,-,6151.0000,6150.0000,6124.8000,6123.0000,6120.0000,6157.8000,6158.0000,6160.4000,6167.6000,6167.8000,1,1,9,1,1,3,1,1,1,1
SF,IC2103,2020-08-17 09:33:29.800,6151.0000,13949,0,443413280.000,2,1,1,多换,S,6150.0000,6124.8000,6123.0000,6120.0000,6119.2000,6157.6000,6157.8000,6158.0000,6167.6000,6170.2000,1,9,1,1,1,1,4,1,1,1
SF,IC2103,2020-08-17 09:33:30.300,6151.0000,13949,0,443413280.000,0,-,-,-,-,6150.4000,6150.2000,6150.0000,6124.8000,6123.0000,6157.4000,6157.8000,6158.0000,6167.6000,6170.2000,1,1,1,9,1,2,1,1,1,1
SF,IC2103,2020-08-17 09:33:30.800,6150.6000,13949,0,444643400.000,1,0,1,多换,S,6150.4000,6150.0000,6124.8000,6123.0000,6120.0000,6157.4000,6157.8000,6158.0000,6170.2000,6171.0000,1,1,9,1,1,2,1,1,1,1
SF,IC2103,2020-08-17 09:33:31.300,6150.6000,13949,0,444643400.000,0,-,-,-,-,6150.4000,6150.0000,6124.8000,6123.0000,6119.2000,6157.2000,6157.4000,6157.8000,6170.2000,6171.0000,1,1,9,1,1,1,2,1,1,1
SF,IC2103,2020-08-17 09:33:31.800,6150.6000,13949,0,444643400.000,0,-,-,-,-,6150.6000,6150.4000,6150.0000,6124.8000,6123.0000,6157.0000,6157.2000,6157.8000,6170.2000,6171.0000,1,1,1,9,1,2,1,1,1,1
SF,IC2103,2020-08-17 09:33:32.300,6150.6000,13949,0,444643400.000,0,-,-,-,-,6150.6000,6150.4000,6150.2000,6150.0000,6124.8000,6156.8000,6157.0000,6157.8000,6170.2000,6171.0000,1,1,1,1,9,1,2,1,1,1
SF,IC2103,2020-08-17 09:33:32.800,6150.6000,13949,0,444643400.000,0,-,-,-,-,6150.8000,6150.6000,6150.4000,6150.2000,6150.0000,6156.6000,6156.8000,6157.8000,6170.2000,6171.0000,1,1,1,1,1,2,1,1,1,1
SF,IC2103,2020-08-17 09:33:33.300,6150.6000,13949,0,444643400.000,0,-,-,-,-,6153.6000,6151.0000,6150.8000,6150.6000,6150.2000,6156.4000,6156.6000,6157.8000,6170.2000,6171.0000,1,1,1,1,1,1,2,1,1,1
SF,IC2103,2020-08-17 09:33:33.800,6156.6000,13947,-2,448337320.000,3,0,3,多平,S,6153.6000,6151.0000,6150.6000,6150.2000,6150.0000,6157.8000,6170.2000,6171.0000,6173.8000,6175.2000,1,1,1,1,1,1,1,1,1,1
SF,IC2103,2020-08-17 09:33:34.300,6156.6000,13947,0,448337320.000,0,-,-,-,-,6153.8000,6153.6000,6151.0000,6150.6000,6150.2000,6157.8000,6170.2000,6171.0000,6173.8000,6175.2000,1,1,1,1,1,1,1,1,1,1
SF,IC2103,2020-08-17 09:33:34.800,6156.6000,13947,0,448337320.000,0,-,-,-,-,6154.0000,6153.8000,6153.6000,6151.0000,6150.6000,6157.8000,6170.2000,6171.0000,6173.8000,6175.2000,1,1,1,1,1,1,1,1,1,1
SF,IC2103,2020-08-17 09:33:35.300,6157.8000,13946,-1,449568880.000,1,0,1,双平,S,6156.8000,6154.2000,6154.0000,6151.0000,6150.6000,6170.2000,6171.0000,6173.8000,6175.2000,6179.8000,1,1,1,1,1,1,1,1,1,1
SF,IC2103,2020-08-17 09:33:35.800,6157.8000,13946,0,449568880.000,0,-,-,-,-,6157.0000,6154.0000,6151.0000,6150.2000,6150.0000,6169.6000,6169.8000,6170.0000,6170.2000,6171.0000,1,1,1,1,1,4,1,1,1,1
SF,IC2103,2020-08-17 09:33:36.300,6157.8000,13946,0,449568880.000,0,-,-,-,-,6157.0000,6154.0000,6150.2000,6150.0000,6124.8000,6169.0000,6169.4000,6169.6000,6169.8000,6170.2000,1,1,1,1,9,1,2,4,1,1
SF,IC2103,2020-08-17 09:33:36.800,6157.8000,13946,0,449568880.000,0,-,-,-,-,6150.2000,6150.0000,6124.8000,6123.0000,6119.2000,6164.4000,6165.0000,6167.4000,6168.4000,6168.6000,1,1,9,1,1,2,1,1,4,1
SF,IC2103,2020-08-17 09:33:37.300,6157.8000,13946,0,449568880.000,0,-,-,-,-,6150.4000,6150.2000,6150.0000,6124.8000,6123.0000,6163.2000,6163.8000,6164.2000,6164.4000,6165.0000,2,1,1,9,1,1,5,2,2,1
SF,IC2103,2020-08-17 09:33:37.800,6157.8000,13946,0,449568880.000,0,-,-,-,-,6150.4000,6150.2000,6150.0000,6124.8000,6123.0000,6162.0000,6162.4000,6162.6000,6163.0000,6163.2000,2,1,1,9,1,1,1,5,3,1
SF,IC2103,2020-08-17 09:33:38.300,6157.8000,13946,0,449568880.000,0,-,-,-,-,6153.6000,6150.6000,6150.4000,6150.2000,6150.0000,6161.4000,6161.8000,6162.0000,6162.4000,6162.6000,1,1,1,1,1,5,3,1,2,1
SF,IC2103,2020-08-17 09:33:38.800,6157.8000,13946,0,449568880.000,0,-,-,-,-,6154.2000,6153.8000,6150.6000,6150.2000,6150.0000,6161.0000,6161.4000,6161.8000,6162.0000,6162.4000,2,2,1,1,1,1,5,1,1,1
SF,IC2103,2020-08-17 09:33:39.300,6157.8000,13946,0,449568880.000,0,-,-,-,-,6154.4000,6154.2000,6150.2000,6150.0000,6124.8000,6160.4000,6160.8000,6161.0000,6161.4000,6161.8000,1,2,1,1,9,4,1,2,1,1
SF,IC2103,2020-08-17 09:33:39.800,6157.8000,13946,0,449568880.000,0,-,-,-,-,6154.2000,6150.2000,6150.0000,6124.8000,6123.0000,6160.2000,6160.4000,6161.0000,6161.4000,6162.4000,2,1,1,9,1,3,4,2,1,1
SF,IC2103,2020-08-17 09:33:40.300,6157.8000,13946,0,449568880.000,0,-,-,-,-,6154.2000,6150.2000,6150.0000,6124.8000,6123.0000,6159.6000,6159.8000,6160.2000,6161.0000,6163.8000,2,1,1,9,1,4,1,3,2,1
SF,IC2103,2020-08-17 09:33:40.800,6157.8000,13946,0,449568880.000,0,-,-,-,-,6154.2000,6150.2000,6150.0000,6124.8000,6123.0000,6159.4000,6159.6000,6159.8000,6160.0000,6160.2000,2,1,1,9,1,3,4,1,1,1
SF,IC2103,2020-08-17 09:33:41.300,6154.2000,13946,0,450799720.000,1,0,1,多换,S,6154.2000,6150.2000,6150.0000,6124.8000,6123.0000,6158.8000,6159.4000,6159.8000,6160.0000,6160.2000,1,1,1,9,1,4,3,1,1,1
SF,IC2103,2020-08-17 09:33:41.800,6154.2000,13946,0,450799720.000,0,-,-,-,-,6154.2000,6150.2000,6150.0000,6124.8000,6123.0000,6158.6000,6158.8000,6159.4000,6159.8000,6163.8000,1,1,1,9,1,3,5,1,1,1
SF,IC2103,2020-08-17 09:33:42.300,6154.2000,13946,0,450799720.000,0,-,-,-,-,6154.2000,6150.2000,6150.0000,6124.8000,6123.0000,6158.0000,6158.6000,6158.8000,6159.4000,6159.8000,1,1,1,9,1,4,3,1,1,1
SF,IC2103,2020-08-17 09:33:42.800,6154.2000,13946,0,450799720.000,0,-,-,-,-,6154.2000,6150.2000,6150.0000,6124.8000,6123.0000,6157.8000,6158.0000,6158.6000,6158.8000,6159.8000,1,1,1,9,1,2,5,2,1,1
SF,IC2103,2020-08-17 09:33:43.300,6154.2000,13946,0,450799720.000,0,-,-,-,-,6154.2000,6150.2000,6150.0000,6124.8000,6123.0000,6157.2000,6157.8000,6158.0000,6158.6000,6158.8000,1,1,1,9,1,4,2,1,2,1
SF,IC2103,2020-08-17 09:33:43.800,6154.2000,13946,0,450799720.000,0,-,-,-,-,6154.2000,6150.2000,6150.0000,6124.8000,6123.0000,6157.0000,6157.2000,6157.8000,6158.6000,6158.8000,1,1,1,9,1,1,4,1,2,1
SF,IC2103,2020-08-17 09:33:44.300,6154.2000,13946,0,450799720.000,0,-,-,-,-,6154.2000,6150.2000,6150.0000,6124.8000,6123.0000,6156.4000,6157.0000,6157.8000,6158.6000,6158.8000,1,1,1,9,1,4,1,1,2,1
SF,IC2103,2020-08-17 09:33:44.800,6154.2000,13946,0,452030560.000,1,0,1,多换,S,6150.2000,6150.0000,6124.8000,6123.0000,6119.2000,6156.2000,6156.4000,6158.6000,6158.8000,6159.8000,1,1,9,1,1,2,4,2,1,1
SF,IC2103,2020-08-17 09:33:45.300,6154.2000,13946,0,452030560.000,0,-,-,-,-,6150.4000,6150.2000,6150.0000,6124.8000,6123.0000,6155.6000,6156.0000,6156.2000,6158.6000,6158.8000,2,1,1,9,1,4,1,2,1,1
SF,IC2103,2020-08-17 09:33:45.800,6155.4000,13946,0,453261640.000,1,0,1,多换,S,6150.4000,6150.2000,6150.0000,6124.8000,6123.0000,6155.4000,6155.6000,6156.2000,6158.8000,6159.8000,1,1,1,9,1,3,4,1,1,1
SF,IC2103,2020-08-17 09:33:46.300,6155.4000,13946,0,453261640.000,0,-,-,-,-,6150.4000,6150.2000,6150.0000,6124.8000,6123.0000,6154.8000,6155.0000,6155.4000,6156.2000,6158.8000,1,1,1,9,1,4,1,3,1,1
SF,IC2103,2020-08-17 09:33:46.800,6154.2000,13944,-2,455722560.000,2,0,2,双平,S,6150.2000,6150.0000,6124.8000,6123.0000,6119.2000,6154.6000,6154.8000,6155.0000,6155.4000,6158.8000,1,1,9,1,1,2,4,1,1,1
SF,IC2103,2020-08-17 09:33:47.300,6150.2000,13943,-1,456952600.000,1,0,1,双平,S,6150.4000,6150.0000,6124.8000,6123.0000,6119.2000,6154.0000,6154.2000,6154.6000,6155.0000,6155.4000,1,1,9,1,1,4,2,2,1,1
SF,IC2103,2020-08-17 09:33:47.800,6150.0000,13941,-2,459412680.000,2,0,2,双平,S,6124.8000,6123.0000,6119.2000,6116.0000,6112.0000,6153.4000,6153.8000,6154.0000,6154.6000,6155.0000,9,1,1,1,1,1,2,4,2,1
SF,IC2103,2020-08-17 09:33:48.300,6150.0000,13941,0,459412680.000,0,-,-,-,-,6142.2000,6142.0000,6141.6000,6134.4000,6132.8000,6152.8000,6153.0000,6153.2000,6153.4000,6153.8000,1,1,1,1,2,4,1,2,1,1
SF,IC2103,2020-08-17 09:33:48.800,6150.0000,13941,0,459412680.000,0,-,-,-,-,6142.8000,6142.4000,6142.2000,6142.0000,6141.6000,6152.2000,6152.6000,6152.8000,6153.0000,6153.2000,1,1,1,1,1,1,1,4,1,1
SF,IC2103,2020-08-17 09:33:49.300,6151.6000,13940,-1,460643000.000,1,0,1,双平,S,6143.0000,6142.8000,6142.2000,6142.0000,6141.6000,6151.6000,6151.8000,6152.0000,6152.2000,6153.0000,1,1,1,1,1,3,1,1,1,1
SF,IC2103,2020-08-17 09:33:49.800,6151.6000,13940,0,460643000.000,0,-,-,-,-,6143.6000,6143.0000,6142.2000,6142.0000,6141.6000,6151.4000,6151.6000,6151.8000,6152.2000,6153.2000,1,1,1,1,1,3,3,1,1,1
SF,IC2103,2020-08-17 09:33:50.300,6151.6000,13940,0,460643000.000,0,-,-,-,-,6143.8000,6143.6000,6142.2000,6142.0000,6141.6000,6150.8000,6151.4000,6151.8000,6152.2000,6153.2000,1,1,1,1,1,3,3,1,1,1
SF,IC2103,2020-08-17 09:33:50.800,6151.6000,13940,0,460643000.000,0,-,-,-,-,6144.0000,6143.8000,6142.2000,6142.0000,6141.6000,6150.6000,6150.8000,6151.4000,6151.8000,6153.2000,3,1,1,1,1,3,3,1,1,1
SF,IC2103,2020-08-17 09:33:51.300,6150.8000,13940,0,463103320.000,2,1,1,多换,S,6144.2000,6144.0000,6142.2000,6142.0000,6141.6000,6150.0000,6150.6000,6151.4000,6151.8000,6153.2000,1,3,1,1,1,1,3,1,1,1
SF,IC2103,2020-08-17 09:33:51.800,6150.8000,13940,0,463103320.000,0,-,-,-,-,6144.8000,6144.4000,6144.2000,6144.0000,6142.2000,6149.8000,6150.0000,6151.4000,6153.2000,6155.0000,1,3,1,2,1,1,1,1,1,1
SF,IC2103,2020-08-17 09:33:52.300,6150.8000,13940,0,463103320.000,0,-,-,-,-,6145.0000,6144.8000,6144.4000,6144.0000,6142.2000,6149.8000,6150.0000,6151.4000,6153.2000,6158.8000,1,1,3,2,1,1,1,1,1,1
SF,IC2103,2020-08-17 09:33:52.800,6150.8000,13940,0,463103320.000,0,-,-,-,-,6145.4000,6145.0000,6144.4000,6144.0000,6142.2000,6149.8000,6150.0000,6151.4000,6153.2000,6158.8000,1,1,3,2,1,1,1,1,1,1
SF,IC2103,2020-08-17 09:33:53.300,6150.8000,13940,0,463103320.000,0,-,-,-,-,6145.6000,6145.4000,6144.4000,6142.2000,6142.0000,6149.6000,6149.8000,6151.4000,6153.2000,6158.8000,1,1,3,1,1,1,1,1,1,1
SF,IC2103,2020-08-17 09:33:53.800,6150.8000,13940,0,463103320.000,0,-,-,-,-,6144.4000,6142.2000,6142.0000,6141.6000,6125.0000,6149.4000,6149.6000,6149.8000,6151.4000,6153.2000,1,1,1,1,1,1,1,1,1,1
SF,IC2103,2020-08-17 09:33:54.300,6149.6000,13939,-1,464333240.000,1,0,1,双平,S,6144.4000,6142.2000,6142.0000,6141.6000,6125.0000,6148.8000,6149.2000,6149.4000,6151.4000,6153.2000,1,1,1,1,1,1,1,1,1,1
SF,IC2103,2020-08-17 09:33:54.800,6149.6000,13939,0,464333240.000,0,-,-,-,-,6144.6000,6144.4000,6142.2000,6142.0000,6141.6000,6148.6000,6148.8000,6151.4000,6153.2000,6158.8000,2,1,1,1,1,1,2,1,1,1
SF,IC2103,2020-08-17 09:33:55.300,6149.6000,13939,0,464333240.000,0,-,-,-,-,6144.6000,6144.4000,6142.2000,6142.0000,6141.6000,6148.4000,6148.6000,6148.8000,6151.4000,6153.2000,1,1,1,1,1,1,1,2,1,1
SF,IC2103,2020-08-17 09:33:55.800,6149.6000,13939,0,464333240.000,0,-,-,-,-,6144.6000,6144.4000,6142.2000,6142.0000,6141.6000,6148.4000,6148.6000,6148.8000,6151.4000,6153.2000,1,1,1,1,1,2,1,1,1,1
SF,IC2103,2020-08-17 09:33:56.300,6144.6000,13938,-1,465562160.000,1,0,1,双平,S,6144.4000,6142.2000,6142.0000,6141.6000,6125.0000,6144.6000,6148.4000,6148.6000,6148.8000,6151.4000,1,1,1,1,1,3,2,1,1,1
SF,IC2103,2020-08-17 09:33:56.800,6144.6000,13935,-3,469248920.000,3,0,3,双平,S,6144.8000,6144.6000,6142.2000,6142.0000,6141.6000,6148.4000,6148.6000,6148.8000,6151.4000,6153.2000,1,1,1,1,1,2,1,1,1,1
SF,IC2103,2020-08-17 09:33:57.300,6144.6000,13934,-1,471706800.000,2,0,2,多平,S,6142.2000,6142.0000,6141.6000,6125.0000,6123.0000,6148.2000,6148.4000,6148.8000,6158.8000,6170.0000,1,1,1,1,1,1,1,1,1,1
SF,IC2103,2020-08-17 09:33:57.800,6142.2000,13932,-2,474163720.000,2,0,2,双平,S,6142.0000,6141.6000,6125.0000,6123.0000,6119.2000,6148.0000,6148.2000,6148.4000,6148.8000,6158.8000,1,1,1,1,1,2,1,1,1,1
SF,IC2103,2020-08-17 09:33:58.300,6142.0000,13931,-1,475392120.000,1,0,1,双平,S,6125.0000,6123.0000,6119.2000,6116.0000,6112.0000,6144.6000,6147.4000,6147.8000,6148.0000,6148.2000,1,1,1,1,1,2,1,1,1,1
SF,IC2103,2020-08-17 09:33:58.800,6128.6000,13932,1,479070440.000,3,2,1,空开,S,6125.4000,6125.2000,6123.0000,6119.2000,6116.0000,6144.2000,6144.4000,6144.6000,6147.8000,6148.2000,2,3,1,1,1,1,2,2,1,1
SF,IC2103,2020-08-17 09:33:59.300,6128.6000,13932,0,479070440.000,0,-,-,-,-,6127.6000,6127.2000,6125.8000,6125.6000,6125.4000,6144.0000,6144.2000,6144.4000,6144.6000,6147.8000,1,1,2,4,1,1,1,1,2,1
SF,IC2103,2020-08-17 09:33:59.800,6128.6000,13932,0,479070440.000,0,-,-,-,-,6136.2000,6128.2000,6128.0000,6127.8000,6127.6000,6143.4000,6143.8000,6144.0000,6144.2000,6144.4000,1,1,1,3,1,1,2,1,1,1
SF,IC2103,2020-08-17 09:34:00.300,6136.4000,13934,2,488898240.000,8,5,3,空开,S,6136.4000,6136.2000,6129.2000,6128.2000,6127.8000,6143.8000,6144.2000,6144.4000,6144.6000,6147.8000,1,1,1,1,1,2,1,1,2,1
SF,IC2103,2020-08-17 09:34:00.800,6136.4000,13934,0,488898240.000,0,-,-,-,-,6136.6000,6136.4000,6136.2000,6134.0000,6129.4000,6143.8000,6144.2000,6144.4000,6144.6000,6147.8000,3,1,1,1,1,2,1,1,2,1
SF,IC2103,2020-08-17 09:34:01.300,6136.4000,13934,0,488898240.000,0,-,-,-,-,6136.8000,6136.6000,6134.0000,6130.6000,6129.4000,6143.6000,6143.8000,6144.2000,6144.4000,6144.6000,1,3,1,1,1,1,2,1,1,2
SF,IC2103,2020-08-17 09:34:01.800,6136.8000,13933,-1,490125600.000,1,0,1,双平,S,6136.8000,6136.6000,6134.0000,6130.6000,6129.4000,6143.6000,6143.8000,6144.2000,6144.4000,6144.6000,1,2,1,1,1,1,2,1,1,2
SF,IC2103,2020-08-17 09:34:02.300,6136.8000,13933,0,490125600.000,0,-,-,-,-,6137.0000,6136.8000,6136.6000,6130.6000,6129.4000,6143.6000,6143.8000,6144.2000,6144.4000,6144.6000,2,1,1,1,1,1,2,1,1,2
SF,IC2103,2020-08-17 09:34:02.800,6136.8000,13933,0,490125600.000,0,-,-,-,-,6137.2000,6137.0000,6136.6000,6132.2000,6131.2000,6143.0000,6143.6000,6143.8000,6144.2000,6144.4000,2,1,1,1,1,1,1,2,1,1
SF,IC2103,2020-08-17 09:34:03.300,6136.8000,13933,0,490125600.000,0,-,-,-,-,6137.4000,6137.2000,6137.0000,6132.2000,6131.2000,6142.6000,6142.8000,6143.0000,6143.8000,6144.4000,1,1,1,1,1,1,1,1,2,1
SF,IC2103,2020-08-17 09:34:03.800,6136.8000,13933,0,490125600.000,0,-,-,-,-,6137.6000,6137.4000,6137.0000,6132.2000,6131.2000,6142.2000,6142.4000,6142.6000,6143.0000,6143.8000,1,1,1,1,1,1,1,1,1,1
SF,IC2103,2020-08-17 09:34:04.300,6137.0000,13933,0,495035400.000,4,2,2,多换,S,6132.2000,6131.2000,6130.6000,6130.2000,6129.4000,6142.0000,6142.2000,6142.6000,6143.0000,6143.8000,1,1,1,1,1,1,1,1,1,1
SF,IC2103,2020-08-17 09:34:04.800,6137.0000,13933,0,495035400.000,0,-,-,-,-,6132.8000,6132.4000,6132.2000,6130.6000,6130.2000,6141.4000,6141.8000,6142.0000,6142.2000,6142.6000,1,1,1,1,1,1,1,1,1,1
SF,IC2103,2020-08-17 09:34:05.300,6137.0000,13933,0,495035400.000,0,-,-,-,-,6133.0000,6130.6000,6130.2000,6129.4000,6129.2000,6141.0000,6141.2000,6141.4000,6141.8000,6142.2000,1,1,1,1,2,1,1,1,1,1
SF,IC2103,2020-08-17 09:34:05.800,6137.0000,13933,0,495035400.000,0,-,-,-,-,6133.0000,6130.2000,6129.4000,6129.2000,6128.2000,6137.6000,6140.6000,6140.8000,6141.0000,6141.4000,1,1,1,1,1,1,1,2,1,1
SF,IC2103,2020-08-17 09:34:06.300,6137.0000,13933,0,495035400.000,0,-,-,-,-,6133.2000,6133.0000,6130.2000,6129.6000,6129.2000,6137.4000,6137.6000,6140.6000,6141.0000,6141.4000,1,1,1,1,1,1,1,1,1,1
SF,IC2103,2020-08-17 09:34:06.800,6137.0000,13933,0,495035400.000,0,-,-,-,-,6133.4000,6133.2000,6130.2000,6129.6000,6128.2000,6137.4000,6137.6000,6140.6000,6141.0000,6141.4000,1,1,1,1,1,1,1,1,1,1
SF,IC2103,2020-08-17 09:34:07.300,6137.0000,13933,0,495035400.000,0,-,-,-,-,6133.2000,6129.6000,6128.2000,6127.8000,6125.8000,6137.4000,6137.6000,6140.6000,6141.0000,6141.4000,1,1,1,1,1,1,1,1,1,1
SF,IC2103,2020-08-17 09:34:07.800,6133.2000,13933,0,496262040.000,1,0,1,多换,S,6129.6000,6125.8000,6125.4000,6125.0000,6123.2000,6137.4000,6137.6000,6140.6000,6141.0000,6141.4000,1,1,1,1,1,1,1,1,1,1
SF,IC2103,2020-08-17 09:34:08.300,6133.2000,13933,0,496262040.000,0,-,-,-,-,6129.8000,6125.8000,6125.4000,6125.0000,6123.2000,6137.2000,6137.4000,6137.6000,6140.6000,6141.0000,1,1,1,1,1,2,1,1,1,1
SF,IC2103,2020-08-17 09:34:08.800,6133.2000,13933,0,496262040.000,0,-,-,-,-,6129.8000,6125.8000,6125.0000,6123.4000,6123.2000,6136.6000,6137.0000,6137.2000,6137.4000,6137.6000,1,1,1,1,1,1,1,2,1,1
SF,IC2103,2020-08-17 09:34:09.300,6133.2000,13933,0,496262040.000,0,-,-,-,-,6129.8000,6125.8000,6125.0000,6123.4000,6123.0000,6135.4000,6136.2000,6136.4000,6136.6000,6137.2000,1,1,1,1,1,2,1,3,1,1
SF,IC2103,2020-08-17 09:34:09.800,6133.2000,13933,0,496262040.000,0,-,-,-,-,6125.8000,6125.0000,6123.4000,6123.0000,6121.2000,6129.6000,6135.0000,6135.2000,6136.2000,6136.4000,1,1,1,1,1,11,1,2,1,1
SF,IC2103,2020-08-17 09:34:10.300,6129.6000,13928,-5,502391640.000,5,0,5,双平,S,6126.4000,6126.2000,6125.0000,6123.4000,6123.0000,6129.6000,6135.0000,6135.2000,6136.2000,6137.2000,1,1,1,1,1,6,1,1,1,1
SF,IC2103,2020-08-17 09:34:10.800,6126.6000,13927,-1,503616960.000,1,0,1,双平,S,6126.6000,6126.2000,6125.0000,6123.0000,6121.2000,6129.6000,6135.0000,6135.2000,6136.2000,6137.2000,1,1,1,1,1,6,1,1,1,1
SF,IC2103,2020-08-17 09:34:11.300,6126.6000,13926,-1,504842280.000,1,0,1,双平,S,6125.0000,6123.0000,6121.2000,6117.0000,6116.0000,6129.6000,6135.0000,6135.2000,6136.2000,6137.2000,1,1,1,1,1,6,1,1,1,1
SF,IC2103,2020-08-17 09:34:11.800,6125.0000,13925,-1,506067280.000,1,0,1,双平,S,6123.0000,6116.0000,6115.4000,6115.2000,6112.0000,6129.4000,6129.6000,6135.0000,6136.2000,6137.2000,1,1,1,1,1,2,7,1,1,1
SF,IC2103,2020-08-17 09:34:12.300,6125.0000,13925,0,506067280.000,0,-,-,-,-,6123.2000,6123.0000,6116.0000,6110.0000,6105.4000,6126.6000,6129.4000,6129.6000,6135.0000,6136.2000,1,1,1,1,1,1,1,7,1,1
SF,IC2103,2020-08-17 09:34:12.800,6125.0000,13925,0,506067280.000,0,-,-,-,-,6123.2000,6123.0000,6117.8000,6116.0000,6110.0000,6126.6000,6129.4000,6129.6000,6135.0000,6136.2000,1,1,1,1,1,1,1,7,1,1
SF,IC2103,2020-08-17 09:34:13.300,6126.6000,13925,0,507292600.000,1,0,1,多换,S,6123.4000,6123.2000,6123.0000,6117.8000,6116.0000,6129.4000,6129.6000,6135.0000,6136.2000,6137.2000,1,1,1,1,1,1,7,1,1,1
SF,IC2103,2020-08-17 09:34:13.800,6123.6000,13924,-1,508517320.000,1,0,1,双平,S,6123.4000,6123.0000,6117.8000,6116.0000,6112.4000,6129.4000,6129.6000,6135.0000,6136.2000,6137.4000,1,1,1,1,1,1,7,1,1,1
SF,IC2103,2020-08-17 09:34:14.300,6123.6000,13923,-1,509742040.000,1,0,1,双平,S,6123.4000,6123.0000,6121.0000,6119.8000,6117.8000,6129.4000,6129.6000,6135.0000,6136.2000,6137.4000,1,1,1,1,1,1,7,1,1,1
SF,IC2103,2020-08-17 09:34:14.800,6129.2000,13923,0,510967880.000,1,0,1,多换,S,6123.0000,6121.0000,6119.8000,6117.8000,6116.0000,6129.4000,6129.6000,6135.0000,6136.2000,6137.4000,1,1,1,1,1,1,7,1,1,1
