市场代码,合约代码,时间,最新,持仓,增仓,成交额,成交量,开仓,平仓,成交类型,方向,买一价,买二价,买三价,买四价,买五价,卖一价,卖二价,卖三价,卖四价,卖五价,买一量,买二量,买三量,买四量,买五量,卖一量,卖二量,卖三量,卖四量,卖五量
SF,IC2103,2020-08-13 09:29:00.300,6022.0000,12872,0,3613200.000,3.000,-,-,-,-,6012.6000,6011.2000,6009.0000,6003.6000,6000.0000,6044.0000,6050.0000,6060.0000,6063.0000,6068.0000,1,1,2,5,1,1,1,2,5,1
SF,IC2103,2020-08-13 09:30:00.300,6044.0000,12870,-2,7230800.000,3,0,3,多平,S,6025.4000,6024.0000,6023.8000,6022.6000,6022.2000,6029.6000,6050.0000,6060.0000,6068.0000,6074.6000,1,1,1,3,1,2,1,2,1,3
SF,IC2103,2020-08-13 09:30:00.800,6032.0000,12869,-1,9643680.000,2,0,2,多平,S,6033.6000,6032.0000,6031.0000,6029.8000,6029.6000,6050.0000,6060.0000,6068.0000,6074.6000,6075.0000,1,1,1,4,2,1,2,1,3,2
SF,IC2103,2020-08-13 09:30:01.300,6033.6000,12866,-3,13263840.000,3,0,3,双平,S,6032.0000,6031.0000,6029.8000,6029.6000,6025.4000,6033.6000,6035.2000,6045.6000,6045.8000,6049.4000,1,1,5,2,1,1,1,1,1,1
SF,IC2103,2020-08-13 09:30:01.800,6033.6000,12865,-1,14470560.000,1,0,1,双平,S,6033.6000,6032.2000,6030.6000,6029.8000,6029.6000,6044.4000,6044.8000,6045.8000,6049.4000,6049.8000,1,1,1,5,1,1,1,1,1,2
SF,IC2103,2020-08-13 09:30:02.300,6033.6000,12865,0,14470560.000,0,-,-,-,-,6033.8000,6033.6000,6032.2000,6032.0000,6030.6000,6038.4000,6044.2000,6044.8000,6045.8000,6049.4000,1,1,1,1,1,1,2,1,1,1
SF,IC2103,2020-08-13 09:30:02.800,6033.6000,12865,0,14470560.000,0,-,-,-,-,6034.0000,6033.8000,6033.6000,6032.2000,6032.0000,6039.2000,6044.2000,6045.8000,6049.4000,6050.0000,2,2,1,1,1,1,2,1,1,1
SF,IC2103,2020-08-13 09:30:03.300,6039.2000,12864,-1,18093880.000,3,1,2,多平,S,6034.2000,6033.8000,6033.6000,6032.2000,6032.0000,6044.2000,6045.8000,6049.4000,6050.0000,6051.0000,2,1,1,1,2,1,1,1,1,1
SF,IC2103,2020-08-13 09:30:03.800,6039.2000,12864,0,18093880.000,0,-,-,-,-,6034.2000,6033.8000,6033.6000,6032.0000,6031.4000,6044.0000,6044.2000,6045.8000,6049.4000,6050.0000,2,1,1,2,1,1,1,1,1,2
SF,IC2103,2020-08-13 09:30:04.300,6044.0000,12864,0,20511440.000,2,1,1,多换,S,6039.2000,6034.8000,6034.2000,6033.6000,6033.2000,6049.4000,6050.0000,6051.0000,6060.0000,6068.0000,1,1,2,1,1,1,2,1,3,1
SF,IC2103,2020-08-13 09:30:04.800,6034.8000,12857,-7,28963880.000,7,0,7,双平,S,6033.2000,6032.0000,6030.6000,6029.8000,6029.6000,6034.2000,6041.6000,6045.6000,6048.0000,6049.2000,1,1,1,4,1,1,1,1,1,2
SF,IC2103,2020-08-13 09:30:05.300,6034.8000,12856,-1,30170840.000,1,0,1,双平,S,6039.2000,6035.4000,6034.8000,6034.2000,6033.6000,6041.6000,6045.6000,6048.0000,6049.2000,6049.4000,1,1,1,4,1,1,1,1,2,1
SF,IC2103,2020-08-13 09:30:05.800,6039.0000,12855,-1,32586440.000,2,0,2,多平,S,6037.2000,6036.6000,6035.4000,6034.8000,6034.4000,6045.6000,6049.2000,6049.4000,6050.0000,6051.0000,1,1,1,3,3,1,2,1,2,1
SF,IC2103,2020-08-13 09:30:06.300,6039.0000,12855,0,32586440.000,0,-,-,-,-,6038.4000,6037.8000,6037.4000,6037.2000,6036.6000,6044.8000,6045.0000,6045.4000,6050.0000,6051.0000,1,1,1,1,1,1,1,2,2,1
SF,IC2103,2020-08-13 09:30:06.800,6039.0000,12855,0,32586440.000,0,-,-,-,-,6038.6000,6038.4000,6038.0000,6037.8000,6037.2000,6044.6000,6044.8000,6045.0000,6050.0000,6051.0000,2,1,1,1,1,2,1,1,2,1
SF,IC2103,2020-08-13 09:30:07.300,6038.6000,12854,-1,33794160.000,1,0,1,双平,S,6039.4000,6038.8000,6038.4000,6038.0000,6037.8000,6041.8000,6044.6000,6044.8000,6045.0000,6050.0000,1,1,2,1,1,1,3,1,1,2
SF,IC2103,2020-08-13 09:30:07.800,6041.8000,12853,-1,35002520.000,1,0,1,双平,S,6039.4000,6038.4000,6038.0000,6037.8000,6037.2000,6041.6000,6041.8000,6044.8000,6045.0000,6050.0000,1,1,1,1,1,1,1,1,1,2
SF,IC2103,2020-08-13 09:30:08.300,6041.4000,12851,-2,37418680.000,2,0,2,双平,S,6038.4000,6037.8000,6036.6000,6035.4000,6035.0000,6041.6000,6044.8000,6045.0000,6050.0000,6051.0000,1,1,1,1,1,1,1,1,2,1
SF,IC2103,2020-08-13 09:30:08.800,6041.4000,12851,0,37418680.000,0,-,-,-,-,6036.6000,6035.4000,6034.8000,6034.4000,6034.2000,6041.4000,6041.6000,6044.8000,6045.0000,6050.0000,1,1,1,3,1,1,1,1,1,2
SF,IC2103,2020-08-13 09:30:09.300,6041.6000,12849,-2,39835280.000,2,0,2,双平,S,6038.4000,6037.8000,6037.2000,6036.8000,6036.6000,6045.0000,6050.0000,6051.0000,6060.0000,6068.0000,1,1,1,1,1,1,2,1,3,1
SF,IC2103,2020-08-13 09:30:09.800,6041.6000,12849,0,39835280.000,0,-,-,-,-,6038.6000,6037.2000,6036.6000,6035.8000,6035.4000,6044.8000,6045.0000,6050.0000,6051.0000,6060.0000,1,1,1,1,2,2,1,2,1,3
SF,IC2103,2020-08-13 09:30:10.300,6041.6000,12849,0,39835280.000,0,-,-,-,-,6039.6000,6039.0000,6038.6000,6037.2000,6036.6000,6044.8000,6050.0000,6051.0000,6060.0000,6068.0000,1,1,1,1,1,2,2,1,3,1
SF,IC2103,2020-08-13 09:30:10.800,6041.6000,12849,0,39835280.000,0,-,-,-,-,6039.8000,6039.0000,6037.2000,6036.6000,6035.8000,6044.8000,6050.0000,6051.0000,6060.0000,6068.0000,1,1,1,1,2,1,2,1,3,1
SF,IC2103,2020-08-13 09:30:11.300,6041.6000,12849,0,39835280.000,0,-,-,-,-,6044.8000,6040.8000,6040.0000,6039.8000,6037.2000,6050.0000,6051.0000,6060.0000,6068.0000,6074.6000,1,1,1,1,1,2,1,3,1,3
SF,IC2103,2020-08-13 09:30:11.800,6044.8000,12849,0,41044240.000,1,0,1,多换,S,6040.8000,6039.8000,6037.2000,6036.6000,6035.8000,6048.0000,6049.4000,6049.8000,6050.0000,6051.0000,1,1,1,1,1,1,1,1,2,1
SF,IC2103,2020-08-13 09:30:12.300,6044.8000,12849,0,41044240.000,0,-,-,-,-,6041.0000,6040.8000,6039.8000,6037.2000,6036.2000,6047.8000,6048.0000,6049.4000,6050.0000,6051.0000,2,1,2,1,1,2,1,1,3,1
SF,IC2103,2020-08-13 09:30:13.300,6044.8000,12849,0,41044240.000,0,-,-,-,-,6043.6000,6041.0000,6040.8000,6039.8000,6037.2000,6044.8000,6047.8000,6048.0000,6049.4000,6050.0000,1,2,1,2,1,1,2,1,1,3
SF,IC2103,2020-08-13 09:30:13.800,6047.8000,12848,-1,43462760.000,2,0,2,多平,S,6043.6000,6041.0000,6040.8000,6039.8000,6037.2000,6048.0000,6049.4000,6050.0000,6051.0000,6060.0000,1,2,1,2,1,1,1,2,1,3
SF,IC2103,2020-08-13 09:30:14.300,6045.8000,12847,-1,45881480.000,2,0,2,多平,S,6043.8000,6043.6000,6041.0000,6040.8000,6039.8000,6047.8000,6048.0000,6049.4000,6050.0000,6051.0000,1,1,1,1,2,1,1,1,2,1
SF,IC2103,2020-08-13 09:30:14.800,6043.6000,12846,-1,47090200.000,1,0,1,双平,S,6041.0000,6040.8000,6039.8000,6037.2000,6036.2000,6045.2000,6047.8000,6048.0000,6049.4000,6050.0000,1,1,2,1,1,1,1,1,1,2
SF,IC2103,2020-08-13 09:30:15.300,6045.2000,12846,0,48299240.000,1,0,1,多换,S,6041.2000,6041.0000,6040.8000,6039.8000,6037.2000,6047.2000,6049.4000,6050.0000,6051.0000,6060.0000,1,1,1,2,1,1,1,2,1,3
SF,IC2103,2020-08-13 09:30:15.800,6045.2000,12846,0,48299240.000,0,-,-,-,-,6041.2000,6041.0000,6040.8000,6039.8000,6037.2000,6047.0000,6049.4000,6050.0000,6051.0000,6060.0000,1,1,1,1,1,1,1,2,1,3
SF,IC2103,2020-08-13 09:30:16.300,6045.2000,12846,0,48299240.000,0,-,-,-,-,6041.2000,6041.0000,6040.8000,6039.8000,6037.2000,6046.8000,6047.0000,6049.4000,6050.0000,6051.0000,1,1,1,1,1,1,1,1,2,1
SF,IC2103,2020-08-13 09:30:16.800,6042.4000,12845,-1,49507720.000,1,0,1,双平,S,6041.8000,6041.2000,6041.0000,6040.8000,6039.8000,6046.8000,6047.0000,6049.4000,6050.0000,6051.0000,1,1,1,1,1,1,1,1,2,1
SF,IC2103,2020-08-13 09:30:17.300,6041.8000,12841,-4,54340880.000,4,0,4,双平,S,6039.6000,6039.4000,6037.2000,6036.2000,6035.8000,6046.8000,6049.4000,6050.0000,6051.0000,6060.0000,1,1,1,1,1,1,1,2,1,3
SF,IC2103,2020-08-13 09:30:17.800,6041.8000,12841,0,54340880.000,0,-,-,-,-,6039.8000,6039.6000,6037.2000,6036.2000,6035.8000,6046.6000,6046.8000,6049.4000,6050.0000,6051.0000,1,1,1,1,1,1,1,1,2,1
SF,IC2103,2020-08-13 09:30:18.300,6041.8000,12841,0,54340880.000,0,-,-,-,-,6039.6000,6037.2000,6035.8000,6035.0000,6034.8000,6044.8000,6045.8000,6046.4000,6046.6000,6049.4000,1,1,1,2,2,1,1,1,1,1
SF,IC2103,2020-08-13 09:30:18.800,6041.8000,12841,0,54340880.000,0,-,-,-,-,6035.8000,6035.0000,6034.8000,6034.2000,6033.0000,6044.6000,6044.8000,6045.8000,6046.6000,6049.4000,1,2,2,1,1,2,1,2,1,1
SF,IC2103,2020-08-13 09:30:19.300,6041.8000,12841,0,54340880.000,0,-,-,-,-,6036.0000,6035.0000,6034.8000,6034.2000,6033.0000,6041.6000,6044.4000,6044.6000,6045.8000,6049.4000,3,2,2,1,1,1,2,2,2,1
SF,IC2103,2020-08-13 09:30:19.800,6036.0000,12839,-2,56755280.000,2,0,2,双平,S,6036.2000,6035.0000,6034.2000,6033.0000,6031.8000,6041.4000,6041.6000,6044.4000,6045.8000,6049.4000,1,2,1,1,1,1,1,2,2,1
SF,IC2103,2020-08-13 09:30:20.300,6036.0000,12839,0,56755280.000,0,-,-,-,-,6036.4000,6036.2000,6035.0000,6034.2000,6031.6000,6041.0000,6041.4000,6041.6000,6044.4000,6045.8000,1,1,2,1,1,1,1,1,2,1
SF,IC2103,2020-08-13 09:30:20.800,6036.0000,12839,0,56755280.000,0,-,-,-,-,6036.4000,6036.2000,6035.0000,6034.2000,6031.6000,6040.8000,6041.0000,6041.6000,6044.4000,6045.8000,1,1,2,1,1,1,1,1,2,1
SF,IC2103,2020-08-13 09:30:21.300,6036.0000,12839,0,56755280.000,0,-,-,-,-,6036.8000,6036.4000,6035.0000,6034.2000,6031.6000,6040.8000,6041.0000,6041.6000,6044.4000,6045.8000,1,1,2,1,1,1,1,1,2,1
SF,IC2103,2020-08-13 09:30:21.800,6036.0000,12839,0,56755280.000,0,-,-,-,-,6036.8000,6035.0000,6034.2000,6031.6000,6030.4000,6040.8000,6041.0000,6041.6000,6044.4000,6045.8000,1,2,1,1,1,1,1,1,1,1
SF,IC2103,2020-08-13 09:30:22.300,6036.0000,12839,0,56755280.000,0,-,-,-,-,6037.0000,6036.8000,6035.0000,6034.2000,6031.6000,6040.8000,6041.0000,6044.4000,6045.8000,6047.2000,1,1,2,1,1,1,1,1,1,1
SF,IC2103,2020-08-13 09:30:22.800,6036.0000,12839,0,56755280.000,0,-,-,-,-,6037.0000,6036.8000,6035.0000,6034.2000,6031.6000,6040.8000,6044.4000,6045.8000,6047.2000,6049.4000,1,1,2,1,1,1,1,1,1,1
SF,IC2103,2020-08-13 09:30:23.300,6036.0000,12839,0,56755280.000,0,-,-,-,-,6037.0000,6036.8000,6035.0000,6034.2000,6031.6000,6040.8000,6044.4000,6045.8000,6047.2000,6049.4000,1,1,2,1,1,1,1,1,1,1
SF,IC2103,2020-08-13 09:30:23.800,6036.0000,12839,0,56755280.000,0,-,-,-,-,6037.2000,6037.0000,6035.0000,6034.2000,6030.4000,6040.8000,6044.4000,6045.8000,6047.2000,6049.4000,1,1,1,1,1,1,1,1,1,1
SF,IC2103,2020-08-13 09:30:24.800,6036.0000,12839,0,56755280.000,0,-,-,-,-,6037.2000,6035.0000,6034.2000,6030.4000,6029.8000,6040.6000,6040.8000,6044.4000,6045.8000,6047.2000,1,1,1,1,1,1,1,1,1,1
SF,IC2103,2020-08-13 09:30:25.300,6036.0000,12839,0,56755280.000,0,-,-,-,-,6037.2000,6035.0000,6034.2000,6030.4000,6029.8000,6040.4000,6040.6000,6044.4000,6045.8000,6047.2000,1,1,1,1,1,2,1,1,1,1
SF,IC2103,2020-08-13 09:30:25.800,6037.2000,12838,-1,57962720.000,1,0,1,双平,S,6035.0000,6034.2000,6030.4000,6029.8000,6029.6000,6040.4000,6040.6000,6044.4000,6045.8000,6047.2000,1,1,1,1,1,2,1,1,1,1
SF,IC2103,2020-08-13 09:30:26.300,6037.2000,12838,0,57962720.000,0,-,-,-,-,6035.2000,6035.0000,6034.2000,6030.4000,6029.8000,6040.4000,6040.6000,6044.4000,6045.8000,6047.2000,1,1,1,1,1,2,1,1,1,1
SF,IC2103,2020-08-13 09:30:26.800,6037.2000,12838,0,57962720.000,0,-,-,-,-,6034.2000,6031.6000,6030.4000,6029.8000,6029.6000,6040.4000,6044.4000,6045.8000,6047.2000,6049.4000,1,1,1,1,1,2,1,1,1,1
SF,IC2103,2020-08-13 09:30:27.300,6040.2000,12838,0,59170760.000,1,0,1,多换,S,6034.4000,6034.2000,6031.6000,6030.4000,6029.8000,6038.8000,6040.4000,6045.8000,6047.2000,6049.4000,1,1,1,1,1,1,1,1,1,1
SF,IC2103,2020-08-13 09:30:27.800,6040.2000,12838,0,59170760.000,0,-,-,-,-,6034.4000,6034.2000,6031.6000,6030.4000,6029.8000,6038.6000,6038.8000,6045.8000,6047.2000,6049.4000,1,1,1,1,1,1,1,1,1,1
SF,IC2103,2020-08-13 09:30:28.300,6040.2000,12838,0,60378800.000,1,0,1,多换,S,6040.4000,6034.4000,6034.2000,6031.6000,6030.4000,6045.8000,6047.2000,6049.4000,6050.0000,6051.0000,1,1,1,1,1,1,1,1,2,1
SF,IC2103,2020-08-13 09:30:28.800,6040.4000,12838,0,61586880.000,1,0,1,多换,S,6034.2000,6031.6000,6029.8000,6029.6000,6029.0000,6041.6000,6043.6000,6045.6000,6045.8000,6047.2000,1,1,1,1,1,1,1,2,1,1
SF,IC2103,2020-08-13 09:30:29.300,6040.4000,12838,0,61586880.000,0,-,-,-,-,6035.2000,6034.4000,6034.2000,6031.6000,6029.8000,6041.4000,6041.6000,6045.6000,6045.8000,6049.4000,1,2,1,1,1,1,1,2,1,1
SF,IC2103,2020-08-13 09:30:29.800,6041.4000,12838,0,62795160.000,1,0,1,多换,S,6035.4000,6035.2000,6034.2000,6031.6000,6029.8000,6041.6000,6045.6000,6045.8000,6049.4000,6050.0000,2,1,1,1,1,1,2,1,1,2
SF,IC2103,2020-08-13 09:30:30.300,6041.4000,12838,0,62795160.000,0,-,-,-,-,6035.4000,6035.2000,6034.2000,6031.6000,6029.8000,6041.4000,6041.6000,6045.6000,6045.8000,6049.4000,1,1,1,1,1,1,1,2,1,1
SF,IC2103,2020-08-13 09:30:30.800,6041.4000,12838,0,62795160.000,0,-,-,-,-,6037.0000,6035.4000,6034.2000,6031.6000,6029.8000,6041.4000,6041.6000,6045.6000,6045.8000,6049.4000,1,1,1,1,1,1,1,2,1,1
SF,IC2103,2020-08-13 09:30:31.300,6037.0000,12837,-1,64002560.000,1,0,1,双平,S,6034.2000,6031.6000,6029.8000,6029.6000,6029.0000,6038.4000,6041.0000,6041.2000,6045.6000,6045.8000,1,1,1,1,1,1,1,1,2,1
SF,IC2103,2020-08-13 09:30:31.800,6041.2000,12837,0,68834320.000,4,2,2,多换,S,6041.4000,6034.2000,6031.6000,6029.8000,6029.6000,6045.6000,6045.8000,6049.4000,6050.0000,6051.0000,3,1,1,1,1,2,1,1,2,1
SF,IC2103,2020-08-13 09:30:32.300,6041.2000,12837,0,72459040.000,3,1,2,多换,S,6034.2000,6029.8000,6029.6000,6029.0000,6028.6000,6041.2000,6041.6000,6043.4000,6043.6000,6045.0000,1,1,1,1,1,2,1,1,1,1
SF,IC2103,2020-08-13 09:30:32.800,6041.2000,12837,0,72459040.000,0,-,-,-,-,6034.4000,6034.2000,6029.8000,6029.6000,6029.0000,6041.2000,6041.6000,6043.6000,6045.0000,6045.6000,2,1,1,1,1,2,1,1,1,1
SF,IC2103,2020-08-13 09:30:33.300,6041.2000,12837,0,72459040.000,0,-,-,-,-,6034.4000,6034.2000,6032.8000,6029.8000,6029.6000,6041.2000,6041.6000,6043.6000,6045.0000,6045.6000,2,1,1,1,1,2,1,1,1,1
SF,IC2103,2020-08-13 09:30:33.800,6041.2000,12837,0,72459040.000,0,-,-,-,-,6038.6000,6034.8000,6034.6000,6034.4000,6034.2000,6041.2000,6041.6000,6045.0000,6045.6000,6045.8000,1,1,1,2,1,2,1,1,1,1
SF,IC2103,2020-08-13 09:30:34.300,6041.2000,12835,-2,74875520.000,2,0,2,双平,S,6038.8000,6038.6000,6034.8000,6034.6000,6034.4000,6041.6000,6045.0000,6045.6000,6045.8000,6050.0000,1,1,1,2,1,1,1,1,1,2
SF,IC2103,2020-08-13 09:30:34.800,6041.6000,12834,-1,76083840.000,1,0,1,双平,S,6038.8000,6038.6000,6034.8000,6034.6000,6034.4000,6045.0000,6045.6000,6045.8000,6050.0000,6051.0000,1,1,1,2,1,1,1,1,2,1
SF,IC2103,2020-08-13 09:30:35.300,6041.6000,12834,0,76083840.000,0,-,-,-,-,6039.0000,6038.8000,6038.6000,6034.8000,6034.6000,6040.0000,6044.8000,6050.0000,6051.0000,6060.0000,1,1,1,1,2,1,1,2,1,3
SF,IC2103,2020-08-13 09:30:35.800,6040.0000,12833,-1,77291840.000,1,0,1,双平,S,6038.6000,6036.2000,6034.8000,6034.6000,6034.2000,6050.0000,6051.0000,6060.0000,6066.6000,6068.0000,1,1,1,2,1,2,1,3,1,1
SF,IC2103,2020-08-13 09:30:36.300,6040.0000,12833,0,77291840.000,0,-,-,-,-,6038.8000,6038.6000,6036.2000,6034.8000,6034.6000,6049.4000,6049.8000,6050.0000,6051.0000,6060.0000,3,1,1,1,2,2,1,2,1,3
SF,IC2103,2020-08-13 09:30:36.800,6040.0000,12833,0,77291840.000,0,-,-,-,-,6038.8000,6038.6000,6036.2000,6034.8000,6034.6000,6049.2000,6049.4000,6049.6000,6050.0000,6051.0000,3,1,1,1,1,1,2,1,2,1
SF,IC2103,2020-08-13 09:30:37.300,6040.0000,12833,0,77291840.000,0,-,-,-,-,6038.8000,6038.6000,6036.2000,6034.8000,6034.6000,6048.0000,6049.0000,6049.2000,6049.4000,6049.6000,2,1,1,1,1,2,2,1,2,1
SF,IC2103,2020-08-13 09:30:37.800,6040.0000,12833,0,77291840.000,0,-,-,-,-,6038.8000,6038.6000,6034.8000,6034.6000,6034.2000,6045.6000,6045.8000,6047.8000,6048.0000,6048.6000,2,1,1,1,1,1,1,1,3,1
SF,IC2103,2020-08-13 09:30:38.300,6040.0000,12833,0,77291840.000,0,-,-,-,-,6039.0000,6038.8000,6038.6000,6034.6000,6034.2000,6045.4000,6048.0000,6049.0000,6049.4000,6050.0000,1,2,1,1,1,1,3,2,2,2
SF,IC2103,2020-08-13 09:30:38.800,6040.0000,12833,0,77291840.000,0,-,-,-,-,6039.2000,6039.0000,6038.6000,6034.6000,6034.2000,6045.4000,6048.0000,6049.0000,6049.4000,6050.0000,3,1,1,1,1,1,1,1,2,2
SF,IC2103,2020-08-13 09:30:39.300,6040.0000,12833,0,77291840.000,0,-,-,-,-,6039.2000,6039.0000,6038.6000,6037.0000,6034.6000,6045.4000,6049.0000,6049.4000,6050.0000,6051.0000,3,1,1,1,1,1,1,2,3,1
SF,IC2103,2020-08-13 09:30:39.800,6040.0000,12833,0,77291840.000,0,-,-,-,-,6039.2000,6039.0000,6038.6000,6037.0000,6034.6000,6045.4000,6049.0000,6049.4000,6050.0000,6051.0000,2,1,1,1,1,1,1,2,3,1
SF,IC2103,2020-08-13 09:30:40.300,6040.0000,12833,0,77291840.000,0,-,-,-,-,6039.4000,6039.2000,6038.6000,6037.0000,6034.6000,6049.0000,6049.4000,6050.0000,6051.0000,6060.0000,1,2,1,1,1,1,2,3,1,2
SF,IC2103,2020-08-13 09:30:40.800,6040.0000,12833,0,77291840.000,0,-,-,-,-,6040.4000,6039.6000,6039.4000,6038.6000,6037.8000,6048.8000,6049.4000,6050.0000,6051.0000,6060.0000,1,3,1,1,1,1,2,3,1,2
SF,IC2103,2020-08-13 09:30:41.300,6040.0000,12833,0,77291840.000,0,-,-,-,-,6040.8000,6040.6000,6040.4000,6039.6000,6039.4000,6048.8000,6049.4000,6050.0000,6051.0000,6060.0000,1,2,1,1,1,1,2,3,1,2
SF,IC2103,2020-08-13 09:30:41.800,6040.0000,12833,0,77291840.000,0,-,-,-,-,6041.0000,6040.8000,6040.6000,6040.4000,6039.4000,6048.8000,6049.4000,6050.0000,6051.0000,6060.0000,3,1,1,1,1,1,2,3,1,2
SF,IC2103,2020-08-13 09:30:42.300,6040.0000,12833,0,77291840.000,0,-,-,-,-,6041.0000,6040.6000,6040.4000,6039.4000,6038.6000,6048.8000,6049.4000,6050.0000,6051.0000,6060.0000,3,1,2,1,1,1,2,3,1,2
SF,IC2103,2020-08-13 09:30:42.800,6040.0000,12833,0,77291840.000,0,-,-,-,-,6041.4000,6041.0000,6040.6000,6040.4000,6039.4000,6048.8000,6049.4000,6050.0000,6051.0000,6060.0000,1,3,1,1,1,1,2,3,1,2
SF,IC2103,2020-08-13 09:30:43.300,6040.0000,12833,0,77291840.000,0,-,-,-,-,6041.6000,6041.4000,6041.0000,6040.6000,6040.4000,6045.4000,6048.8000,6049.4000,6050.0000,6051.0000,3,1,1,1,1,1,1,1,3,1
SF,IC2103,2020-08-13 09:30:43.800,6045.4000,12832,-1,78500920.000,1,0,1,双平,S,6043.2000,6041.6000,6041.4000,6040.6000,6040.4000,6049.4000,6050.0000,6051.0000,6060.0000,6066.6000,1,2,1,1,1,1,3,1,2,1
SF,IC2103,2020-08-13 09:30:44.300,6045.4000,12832,0,78500920.000,0,-,-,-,-,6043.4000,6043.2000,6041.8000,6041.6000,6040.6000,6049.2000,6050.0000,6051.0000,6060.0000,6066.6000,2,1,1,2,1,1,3,1,2,1
SF,IC2103,2020-08-13 09:30:44.800,6045.4000,12832,0,78500920.000,0,-,-,-,-,6043.4000,6043.2000,6041.8000,6041.6000,6041.4000,6049.2000,6050.0000,6051.0000,6060.0000,6066.6000,2,1,1,2,1,1,3,1,2,1
SF,IC2103,2020-08-13 09:30:45.300,6045.4000,12832,0,78500920.000,0,-,-,-,-,6043.4000,6041.6000,6041.4000,6040.8000,6040.6000,6049.2000,6050.0000,6051.0000,6060.0000,6066.6000,2,2,1,1,1,1,3,1,2,1
SF,IC2103,2020-08-13 09:30:45.800,6045.4000,12832,0,78500920.000,0,-,-,-,-,6043.4000,6041.6000,6041.4000,6040.8000,6040.6000,6050.0000,6051.0000,6060.0000,6066.6000,6068.0000,2,2,1,1,1,3,1,2,1,1
SF,IC2103,2020-08-13 09:30:46.300,6045.4000,12832,0,78500920.000,0,-,-,-,-,6043.4000,6041.6000,6041.4000,6040.8000,6040.6000,6049.0000,6049.8000,6050.0000,6051.0000,6060.0000,2,2,1,1,1,1,1,3,1,2
SF,IC2103,2020-08-13 09:30:46.800,6045.4000,12832,0,78500920.000,0,-,-,-,-,6043.8000,6043.4000,6041.6000,6041.4000,6040.8000,6048.8000,6049.0000,6050.0000,6051.0000,6060.0000,1,2,2,1,1,1,1,3,1,2
SF,IC2103,2020-08-13 09:30:47.300,6045.4000,12832,0,78500920.000,0,-,-,-,-,6044.0000,6043.8000,6041.6000,6041.4000,6040.8000,6048.8000,6049.0000,6050.0000,6051.0000,6060.0000,1,1,2,1,1,1,1,3,1,2
SF,IC2103,2020-08-13 09:30:47.800,6045.4000,12832,0,78500920.000,0,-,-,-,-,6044.0000,6043.8000,6041.6000,6041.4000,6040.8000,6048.8000,6049.0000,6050.0000,6051.0000,6060.0000,1,1,2,1,1,1,1,3,1,2
SF,IC2103,2020-08-13 09:30:48.300,6045.4000,12832,0,78500920.000,0,-,-,-,-,6044.0000,6043.8000,6041.6000,6041.4000,6040.8000,6049.0000,6050.0000,6051.0000,6060.0000,6066.6000,1,1,2,1,1,1,3,1,2,1
SF,IC2103,2020-08-13 09:30:48.800,6045.4000,12832,0,78500920.000,0,-,-,-,-,6044.8000,6044.0000,6043.8000,6041.6000,6041.4000,6048.0000,6049.0000,6050.0000,6051.0000,6060.0000,1,1,2,1,1,1,1,3,1,2
SF,IC2103,2020-08-13 09:30:49.300,6048.0000,12831,-1,79710520.000,1,0,1,双平,S,6045.0000,6044.8000,6043.8000,6041.6000,6041.4000,6049.0000,6050.0000,6051.0000,6060.0000,6066.6000,2,1,1,1,1,1,3,1,2,1
SF,IC2103,2020-08-13 09:30:49.800,6048.0000,12831,0,79710520.000,0,-,-,-,-,6048.8000,6045.8000,6045.0000,6044.8000,6043.8000,6049.0000,6050.0000,6051.0000,6060.0000,6066.6000,1,1,2,1,1,1,3,1,2,1
SF,IC2103,2020-08-13 09:30:50.300,6048.6000,12831,0,80920240.000,1,0,1,多换,S,6045.8000,6045.0000,6044.8000,6043.8000,6041.6000,6049.0000,6050.0000,6051.0000,6060.0000,6066.6000,1,2,1,1,1,1,3,1,2,1
SF,IC2103,2020-08-13 09:30:50.800,6048.6000,12831,0,80920240.000,0,-,-,-,-,6048.0000,6046.0000,6045.0000,6044.8000,6043.8000,6049.0000,6050.0000,6051.0000,6060.0000,6066.6000,1,1,1,1,1,1,3,1,2,1
SF,IC2103,2020-08-13 09:30:51.300,6048.0000,12831,0,82129840.000,1,0,1,多换,S,6045.0000,6044.8000,6043.8000,6041.4000,6040.4000,6048.8000,6049.0000,6050.0000,6051.0000,6060.0000,1,1,1,1,1,1,1,3,1,2
SF,IC2103,2020-08-13 09:30:51.800,6048.0000,12831,0,82129840.000,0,-,-,-,-,6045.2000,6045.0000,6043.8000,6041.4000,6040.4000,6048.8000,6049.0000,6050.0000,6051.0000,6060.0000,1,1,1,1,1,1,1,3,1,2
SF,IC2103,2020-08-13 09:30:52.300,6045.2000,12830,-1,83338880.000,1,0,1,双平,S,6043.8000,6041.4000,6040.4000,6038.6000,6037.0000,6048.8000,6049.0000,6050.0000,6051.0000,6060.0000,1,1,1,1,1,1,1,3,1,2
SF,IC2103,2020-08-13 09:30:54.300,6045.2000,12830,0,83338880.000,0,-,-,-,-,6041.4000,6040.4000,6038.6000,6037.0000,6034.2000,6048.8000,6049.0000,6050.0000,6051.0000,6060.0000,1,1,1,1,1,1,1,3,1,2
SF,IC2103,2020-08-13 09:30:54.800,6045.2000,12830,0,83338880.000,0,-,-,-,-,6041.6000,6041.4000,6041.2000,6040.4000,6038.6000,6048.6000,6048.8000,6049.0000,6050.0000,6051.0000,1,1,1,1,1,1,1,1,3,1
SF,IC2103,2020-08-13 09:30:55.300,6045.2000,12830,0,83338880.000,0,-,-,-,-,6041.8000,6041.6000,6041.4000,6040.4000,6038.6000,6048.4000,6048.6000,6049.0000,6050.0000,6051.0000,1,1,1,1,1,2,1,2,3,1
SF,IC2103,2020-08-13 09:30:55.800,6045.2000,12830,0,83338880.000,0,-,-,-,-,6041.4000,6040.4000,6038.6000,6037.0000,6034.2000,6048.2000,6048.4000,6049.0000,6050.0000,6051.0000,1,1,1,1,1,1,2,2,3,1
SF,IC2103,2020-08-13 09:30:56.300,6048.0000,12830,0,84548480.000,1,0,1,多换,S,6041.4000,6040.4000,6038.6000,6037.0000,6034.2000,6048.0000,6048.2000,6048.4000,6049.0000,6050.0000,1,1,1,1,1,2,1,1,2,3
SF,IC2103,2020-08-13 09:30:56.800,6048.0000,12830,0,84548480.000,0,-,-,-,-,6041.4000,6040.4000,6038.6000,6037.0000,6034.2000,6047.8000,6048.0000,6048.4000,6049.0000,6050.0000,1,1,1,1,1,1,2,1,2,3
SF,IC2103,2020-08-13 09:30:57.300,6048.0000,12830,0,84548480.000,0,-,-,-,-,6041.6000,6041.4000,6040.4000,6038.6000,6037.0000,6047.2000,6047.4000,6047.6000,6047.8000,6048.0000,1,1,1,1,1,1,1,1,1,1
SF,IC2103,2020-08-13 09:30:57.800,6048.0000,12830,0,84548480.000,0,-,-,-,-,6041.6000,6041.4000,6040.4000,6038.6000,6037.0000,6047.0000,6047.2000,6047.4000,6047.8000,6048.0000,1,1,1,1,1,1,1,1,1,1
SF,IC2103,2020-08-13 09:30:59.300,6048.0000,12830,0,84548480.000,0,-,-,-,-,6041.6000,6041.4000,6040.4000,6038.6000,6034.2000,6047.0000,6047.2000,6047.8000,6048.0000,6049.0000,1,1,1,1,1,1,1,1,1,2
SF,IC2103,2020-08-13 09:30:59.800,6048.0000,12830,0,84548480.000,0,-,-,-,-,6041.4000,6040.4000,6038.6000,6034.2000,6029.8000,6046.6000,6047.0000,6047.8000,6048.0000,6049.0000,1,1,1,1,1,1,1,1,1,2
SF,IC2103,2020-08-13 09:31:00.300,6048.0000,12830,0,84548480.000,0,-,-,-,-,6041.4000,6040.4000,6038.6000,6034.2000,6029.8000,6046.4000,6046.6000,6047.8000,6048.0000,6049.0000,1,1,1,1,1,1,1,1,1,2
SF,IC2103,2020-08-13 09:31:00.800,6048.0000,12830,0,84548480.000,0,-,-,-,-,6041.4000,6040.4000,6038.6000,6034.2000,6029.8000,6046.2000,6046.4000,6046.6000,6046.8000,6047.8000,1,1,1,1,1,2,2,1,1,1
SF,IC2103,2020-08-13 09:31:01.300,6048.0000,12830,0,84548480.000,0,-,-,-,-,6041.6000,6041.4000,6040.4000,6038.6000,6034.2000,6045.6000,6045.8000,6046.0000,6046.2000,6046.4000,1,1,1,1,1,1,1,2,2,1
SF,IC2103,2020-08-13 09:31:01.800,6048.0000,12830,0,84548480.000,0,-,-,-,-,6041.6000,6041.4000,6040.4000,6038.6000,6037.0000,6045.0000,6045.8000,6046.0000,6046.2000,6046.4000,1,1,1,1,1,1,1,2,1,1
SF,IC2103,2020-08-13 09:31:02.300,6048.0000,12830,0,84548480.000,0,-,-,-,-,6041.6000,6041.4000,6040.4000,6038.6000,6037.0000,6045.0000,6045.8000,6046.0000,6046.4000,6047.8000,1,1,1,1,1,1,1,2,1,1
SF,IC2103,2020-08-13 09:31:02.800,6048.0000,12830,0,84548480.000,0,-,-,-,-,6041.6000,6041.4000,6040.4000,6038.6000,6037.0000,6046.0000,6046.4000,6047.8000,6048.0000,6049.0000,1,1,1,1,1,2,1,1,1,2
SF,IC2103,2020-08-13 09:31:03.300,6048.0000,12830,0,84548480.000,0,-,-,-,-,6041.6000,6041.4000,6040.4000,6038.6000,6037.0000,6046.0000,6046.4000,6048.0000,6049.0000,6049.8000,1,1,1,1,1,2,1,1,2,1
SF,IC2103,2020-08-13 09:31:03.800,6048.0000,12830,0,84548480.000,0,-,-,-,-,6041.6000,6041.4000,6040.4000,6038.6000,6037.0000,6046.0000,6046.4000,6048.0000,6049.0000,6049.8000,1,1,1,1,1,1,1,1,2,1
SF,IC2103,2020-08-13 09:31:05.300,6048.0000,12830,0,84548480.000,0,-,-,-,-,6041.6000,6041.4000,6040.4000,6038.6000,6037.0000,6046.0000,6046.4000,6048.0000,6049.0000,6049.8000,1,1,2,1,1,1,1,1,2,1
SF,IC2103,2020-08-13 09:31:05.800,6048.0000,12830,0,84548480.000,0,-,-,-,-,6041.4000,6040.4000,6038.6000,6037.0000,6034.2000,6045.8000,6046.0000,6046.4000,6048.0000,6049.0000,1,2,1,1,1,1,1,1,1,2
SF,IC2103,2020-08-13 09:31:06.300,6048.0000,12830,0,84548480.000,0,-,-,-,-,6041.4000,6040.4000,6038.6000,6037.0000,6034.2000,6045.6000,6045.8000,6046.4000,6048.0000,6049.0000,1,2,1,1,1,2,1,1,1,2
SF,IC2103,2020-08-13 09:31:06.800,6048.0000,12830,0,84548480.000,0,-,-,-,-,6041.4000,6040.4000,6038.6000,6037.0000,6034.2000,6045.6000,6045.8000,6046.4000,6048.0000,6049.0000,1,2,1,1,1,2,2,1,1,2
SF,IC2103,2020-08-13 09:31:07.300,6048.0000,12830,0,84548480.000,0,-,-,-,-,6041.4000,6040.4000,6038.6000,6037.0000,6034.2000,6043.0000,6045.4000,6045.6000,6045.8000,6046.4000,1,2,1,1,1,1,1,2,1,1
SF,IC2103,2020-08-13 09:31:07.800,6048.0000,12830,0,84548480.000,0,-,-,-,-,6041.4000,6040.4000,6038.6000,6037.0000,6034.2000,6043.0000,6045.0000,6045.4000,6045.6000,6046.4000,1,2,1,1,1,1,1,1,1,1
SF,IC2103,2020-08-13 09:31:08.300,6041.4000,12830,0,85756760.000,1,0,1,多换,S,6040.4000,6038.6000,6037.0000,6034.2000,6030.0000,6043.0000,6045.0000,6045.4000,6045.6000,6046.4000,2,1,1,1,2,1,1,1,1,1
SF,IC2103,2020-08-13 09:31:08.800,6040.4000,12830,0,88172920.000,2,1,1,多换,S,6038.6000,6037.0000,6034.2000,6030.0000,6029.8000,6042.8000,6043.0000,6045.0000,6045.4000,6046.4000,1,1,1,2,1,1,1,1,1,1
SF,IC2103,2020-08-13 09:31:09.300,6040.4000,12830,0,88172920.000,0,-,-,-,-,6040.0000,6038.6000,6037.0000,6034.2000,6030.0000,6042.8000,6043.0000,6045.0000,6045.4000,6046.4000,1,1,1,1,2,1,1,1,1,1
SF,IC2103,2020-08-13 09:31:09.800,6038.6000,12830,0,90588640.000,2,1,1,多换,S,6034.2000,6033.8000,6030.0000,6029.8000,6029.6000,6043.0000,6045.0000,6045.4000,6046.4000,6048.0000,1,1,2,1,1,1,1,1,1,1
SF,IC2103,2020-08-13 09:31:10.300,6038.6000,12830,0,90588640.000,0,-,-,-,-,6034.4000,6034.2000,6033.8000,6030.0000,6029.8000,6042.4000,6042.8000,6043.0000,6045.0000,6045.4000,1,1,1,2,1,1,3,1,1,1
SF,IC2103,2020-08-13 09:31:10.800,6038.6000,12830,0,90588640.000,0,-,-,-,-,6034.4000,6034.2000,6033.8000,6030.0000,6029.8000,6042.2000,6042.4000,6042.6000,6042.8000,6043.0000,1,1,1,2,1,2,1,1,1,1
SF,IC2103,2020-08-13 09:31:11.300,6038.6000,12830,0,90588640.000,0,-,-,-,-,6034.6000,6034.4000,6034.2000,6033.8000,6030.0000,6042.2000,6042.4000,6042.6000,6042.8000,6043.0000,1,1,1,1,2,2,1,1,1,1
SF,IC2103,2020-08-13 09:31:11.800,6038.6000,12830,0,90588640.000,0,-,-,-,-,6034.8000,6034.6000,6034.2000,6033.8000,6030.0000,6041.6000,6042.2000,6042.8000,6043.0000,6045.0000,1,1,1,1,2,1,2,1,1,1
SF,IC2103,2020-08-13 09:31:12.300,6035.2000,12829,-1,91795680.000,1,0,1,双平,S,6035.0000,6034.8000,6034.6000,6034.2000,6033.8000,6041.4000,6041.6000,6042.0000,6042.8000,6043.0000,2,1,1,1,1,1,2,1,1,1
SF,IC2103,2020-08-13 09:31:12.800,6035.2000,12829,0,91795680.000,0,-,-,-,-,6035.2000,6035.0000,6034.6000,6034.2000,6033.8000,6041.4000,6041.6000,6042.0000,6042.8000,6043.0000,1,2,1,1,1,1,1,1,1,1
SF,IC2103,2020-08-13 09:31:13.300,6035.2000,12829,0,91795680.000,0,-,-,-,-,6035.4000,6035.2000,6035.0000,6034.6000,6034.2000,6041.4000,6042.8000,6043.0000,6046.4000,6048.0000,1,1,1,1,1,1,1,1,1,1
SF,IC2103,2020-08-13 09:31:13.800,6035.2000,12829,0,91795680.000,0,-,-,-,-,6035.6000,6035.4000,6034.2000,6033.8000,6030.0000,6041.4000,6042.8000,6043.0000,6046.4000,6048.0000,1,1,1,1,2,1,1,1,1,1
SF,IC2103,2020-08-13 09:31:14.300,6035.2000,12829,0,91795680.000,0,-,-,-,-,6035.6000,6034.2000,6033.8000,6030.0000,6029.8000,6041.0000,6041.4000,6042.8000,6043.0000,6046.4000,1,1,1,2,1,1,1,1,1,1
SF,IC2103,2020-08-13 09:31:14.800,6035.2000,12829,0,91795680.000,0,-,-,-,-,6034.2000,6033.8000,6030.0000,6029.8000,6029.6000,6040.8000,6041.0000,6042.8000,6043.0000,6046.4000,1,1,2,1,1,1,1,1,1,1
SF,IC2103,2020-08-13 09:31:15.300,6035.2000,12829,0,91795680.000,0,-,-,-,-,6034.4000,6034.2000,6033.8000,6029.8000,6029.6000,6040.6000,6040.8000,6041.0000,6042.8000,6043.0000,1,1,1,1,1,1,1,1,1,1
SF,IC2103,2020-08-13 09:31:15.800,6035.2000,12829,0,91795680.000,0,-,-,-,-,6034.4000,6034.2000,6033.8000,6029.8000,6029.6000,6040.4000,6040.6000,6041.0000,6042.8000,6043.0000,1,1,1,1,1,3,1,1,1,1
SF,IC2103,2020-08-13 09:31:16.300,6035.2000,12829,0,91795680.000,0,-,-,-,-,6034.2000,6033.8000,6029.8000,6029.6000,6011.2000,6040.2000,6040.4000,6041.0000,6042.8000,6043.0000,1,1,1,1,1,1,3,1,1,1
SF,IC2103,2020-08-13 09:31:16.800,6035.2000,12829,0,91795680.000,0,-,-,-,-,6034.4000,6034.2000,6033.8000,6029.8000,6029.6000,6040.0000,6040.2000,6040.4000,6042.8000,6043.0000,1,1,1,1,1,1,1,2,1,1
SF,IC2103,2020-08-13 09:31:17.300,6035.2000,12829,0,91795680.000,0,-,-,-,-,6034.4000,6034.2000,6033.8000,6029.8000,6029.6000,6040.0000,6040.2000,6040.4000,6042.8000,6043.0000,1,1,1,1,1,2,1,1,1,1
SF,IC2103,2020-08-13 09:31:17.800,6035.2000,12829,0,91795680.000,0,-,-,-,-,6034.4000,6034.2000,6033.8000,6029.8000,6029.6000,6039.4000,6040.0000,6040.2000,6042.8000,6043.0000,1,1,1,1,1,1,2,1,1,1
SF,IC2103,2020-08-13 09:31:18.300,6035.2000,12829,0,91795680.000,0,-,-,-,-,6034.6000,6034.4000,6034.2000,6029.8000,6029.6000,6039.2000,6039.4000,6040.0000,6040.2000,6042.8000,1,1,1,1,1,1,1,1,1,1
SF,IC2103,2020-08-13 09:31:18.800,6035.2000,12829,0,91795680.000,0,-,-,-,-,6034.8000,6034.6000,6034.2000,6029.8000,6029.6000,6039.2000,6039.4000,6040.0000,6040.2000,6042.8000,1,1,1,1,1,1,1,1,1,1
SF,IC2103,2020-08-13 09:31:19.300,6035.2000,12829,0,91795680.000,0,-,-,-,-,6034.2000,6032.4000,6029.8000,6029.6000,6011.2000,6034.4000,6039.0000,6039.2000,6039.4000,6042.8000,1,1,1,1,1,2,1,1,1,1
SF,IC2103,2020-08-13 09:31:19.800,6034.6000,12824,-5,97830080.000,5,0,5,双平,S,6034.8000,6034.6000,6032.4000,6029.8000,6029.6000,6038.4000,6039.0000,6039.2000,6042.8000,6043.0000,1,1,1,1,1,1,1,1,1,1
SF,IC2103,2020-08-13 09:31:20.300,6034.6000,12824,0,97830080.000,0,-,-,-,-,6034.8000,6034.6000,6032.4000,6029.8000,6029.6000,6038.2000,6038.4000,6039.0000,6042.8000,6043.0000,1,1,1,1,1,2,1,1,1,1
SF,IC2103,2020-08-13 09:31:20.800,6034.6000,12824,0,97830080.000,0,-,-,-,-,6034.8000,6034.6000,6032.4000,6029.8000,6029.6000,6038.2000,6039.0000,6042.8000,6043.0000,6046.4000,1,1,1,1,1,2,1,1,1,1
SF,IC2103,2020-08-13 09:31:21.300,6034.6000,12824,0,97830080.000,0,-,-,-,-,6034.8000,6034.6000,6032.4000,6029.8000,6029.6000,6038.2000,6042.8000,6043.0000,6046.4000,6048.0000,1,1,1,1,1,2,1,1,1,1
SF,IC2103,2020-08-13 09:31:23.300,6034.8000,12823,-1,99037040.000,1,0,1,双平,S,6034.6000,6029.8000,6029.6000,6011.2000,6003.6000,6037.6000,6038.2000,6042.8000,6043.0000,6046.4000,1,1,1,1,1,1,2,1,1,1
SF,IC2103,2020-08-13 09:31:23.800,6034.8000,12823,0,99037040.000,0,-,-,-,-,6034.6000,6029.8000,6029.6000,6011.2000,6003.6000,6037.4000,6037.6000,6038.2000,6042.8000,6043.0000,1,1,1,1,1,1,1,1,1,1
SF,IC2103,2020-08-13 09:31:25.300,6034.8000,12823,0,99037040.000,0,-,-,-,-,6029.8000,6029.6000,6011.2000,6003.6000,6001.0000,6037.4000,6038.2000,6042.8000,6043.0000,6046.4000,1,1,1,1,1,1,1,1,1,1
SF,IC2103,2020-08-13 09:31:25.800,6034.8000,12823,0,99037040.000,0,-,-,-,-,6029.8000,6029.6000,6011.2000,6003.6000,6001.0000,6037.0000,6037.2000,6037.4000,6038.2000,6042.8000,1,1,1,1,1,1,1,1,1,1
SF,IC2103,2020-08-13 09:31:26.300,6034.8000,12823,0,99037040.000,0,-,-,-,-,6029.8000,6029.6000,6011.2000,6003.6000,6001.0000,6036.2000,6036.8000,6037.0000,6038.2000,6042.8000,1,1,1,1,1,1,2,1,1,1
SF,IC2103,2020-08-13 09:31:26.800,6034.8000,12823,0,99037040.000,0,-,-,-,-,6029.8000,6029.6000,6011.2000,6003.6000,6001.0000,6036.0000,6036.2000,6037.0000,6038.2000,6042.8000,1,1,1,1,1,3,1,1,1,1
SF,IC2103,2020-08-13 09:31:27.300,6034.8000,12823,0,99037040.000,0,-,-,-,-,6029.8000,6029.6000,6011.2000,6003.6000,6001.0000,6036.0000,6036.2000,6037.0000,6038.2000,6042.8000,1,1,1,1,1,3,1,1,1,1
SF,IC2103,2020-08-13 09:31:27.800,6034.8000,12823,0,99037040.000,0,-,-,-,-,6029.8000,6029.6000,6011.2000,6003.6000,6001.0000,6036.0000,6036.2000,6038.2000,6042.8000,6043.0000,1,1,1,1,1,3,1,1,1,1
SF,IC2103,2020-08-13 09:31:28.300,6034.8000,12823,0,99037040.000,0,-,-,-,-,6029.8000,6029.6000,6011.2000,6003.6000,6001.0000,6036.0000,6038.2000,6042.8000,6043.0000,6046.4000,1,1,1,1,1,3,1,1,1,1
SF,IC2103,2020-08-13 09:31:28.800,6034.8000,12823,0,99037040.000,0,-,-,-,-,6029.8000,6029.6000,6011.2000,6003.6000,6001.0000,6035.4000,6036.0000,6038.2000,6042.8000,6043.0000,1,1,1,1,1,1,3,1,1,1
SF,IC2103,2020-08-13 09:31:29.300,6034.8000,12823,0,99037040.000,0,-,-,-,-,6029.8000,6029.6000,6011.2000,6003.6000,6001.0000,6035.2000,6035.4000,6036.0000,6038.2000,6042.8000,1,1,1,1,1,2,1,2,1,1
SF,IC2103,2020-08-13 09:31:29.800,6034.8000,12823,0,99037040.000,0,-,-,-,-,6029.8000,6029.6000,6011.2000,6003.6000,6001.0000,6035.2000,6036.0000,6038.2000,6042.8000,6043.0000,1,1,1,1,1,2,2,1,1,1
SF,IC2103,2020-08-13 09:31:30.300,6034.8000,12823,0,99037040.000,0,-,-,-,-,6029.8000,6029.6000,6028.2000,6011.2000,6003.6000,6035.2000,6036.0000,6038.2000,6042.8000,6043.0000,1,1,1,1,1,2,2,1,1,1
SF,IC2103,2020-08-13 09:31:30.800,6034.8000,12823,0,99037040.000,0,-,-,-,-,6029.8000,6029.6000,6028.2000,6011.2000,6003.6000,6035.2000,6036.0000,6038.2000,6042.8000,6043.0000,1,1,1,1,1,3,2,1,1,1
SF,IC2103,2020-08-13 09:31:31.300,6034.8000,12823,0,99037040.000,0,-,-,-,-,6029.8000,6029.6000,6028.2000,6011.2000,6003.6000,6035.2000,6036.0000,6042.8000,6043.0000,6048.0000,1,1,1,1,1,3,1,1,1,1
SF,IC2103,2020-08-13 09:31:31.800,6034.8000,12823,0,99037040.000,0,-,-,-,-,6029.8000,6029.6000,6028.2000,6011.2000,6003.6000,6035.0000,6035.2000,6036.0000,6042.8000,6043.0000,1,1,1,1,1,1,3,1,1,1
SF,IC2103,2020-08-13 09:31:32.300,6034.8000,12823,0,99037040.000,0,-,-,-,-,6029.8000,6029.6000,6028.2000,6011.2000,6003.6000,6034.8000,6035.0000,6035.2000,6036.0000,6042.8000,1,1,1,1,1,1,1,2,1,1
SF,IC2103,2020-08-13 09:31:32.800,6034.8000,12823,0,99037040.000,0,-,-,-,-,6029.8000,6029.6000,6028.2000,6011.2000,6003.6000,6034.8000,6035.0000,6035.2000,6036.0000,6042.8000,1,1,1,1,1,1,1,1,1,1
SF,IC2103,2020-08-13 09:31:33.300,6034.8000,12823,0,99037040.000,0,-,-,-,-,6029.8000,6029.6000,6028.2000,6011.2000,6003.6000,6034.8000,6035.0000,6035.2000,6036.0000,6042.8000,1,1,1,1,1,1,1,1,1,1
SF,IC2103,2020-08-13 09:31:33.800,6034.8000,12823,0,99037040.000,0,-,-,-,-,6029.8000,6029.6000,6028.2000,6011.2000,6003.6000,6034.8000,6035.0000,6035.2000,6036.0000,6042.8000,1,1,1,1,1,1,1,1,1,1
SF,IC2103,2020-08-13 09:31:34.800,6034.8000,12823,0,99037040.000,0,-,-,-,-,6029.8000,6029.6000,6028.2000,6011.2000,6003.6000,6034.4000,6034.8000,6035.0000,6035.2000,6036.0000,1,1,1,1,1,1,1,1,1,1
SF,IC2103,2020-08-13 09:31:35.300,6034.8000,12823,0,99037040.000,0,-,-,-,-,6029.8000,6029.6000,6028.2000,6011.2000,6003.6000,6034.0000,6034.2000,6034.4000,6035.2000,6043.0000,1,1,1,1,1,1,1,1,1,1
SF,IC2103,2020-08-13 09:31:35.800,6034.8000,12823,0,99037040.000,0,-,-,-,-,6029.8000,6029.6000,6028.2000,6011.2000,6003.6000,6033.8000,6034.0000,6034.4000,6035.2000,6043.0000,1,1,1,1,1,1,1,1,1,1
SF,IC2103,2020-08-13 09:31:36.300,6034.8000,12823,0,99037040.000,0,-,-,-,-,6029.8000,6029.6000,6028.2000,6011.2000,6003.6000,6033.8000,6034.0000,6035.2000,6043.0000,6048.0000,1,1,1,1,1,1,1,1,1,1
SF,IC2103,2020-08-13 09:31:38.300,6033.8000,12823,0,100243800.000,1,0,1,多换,S,6029.8000,6029.6000,6028.2000,6011.2000,6003.6000,6034.0000,6035.2000,6043.0000,6048.0000,6049.0000,1,1,1,1,1,1,1,1,1,1
SF,IC2103,2020-08-13 09:31:38.800,6033.8000,12823,0,100243800.000,0,-,-,-,-,6030.0000,6029.8000,6029.6000,6028.2000,6011.2000,6035.2000,6043.0000,6048.0000,6049.0000,6049.8000,1,1,1,1,1,1,1,1,1,2
SF,IC2103,2020-08-13 09:31:39.300,6033.8000,12823,0,100243800.000,0,-,-,-,-,6030.0000,6029.8000,6029.6000,6028.2000,6011.2000,6035.2000,6043.0000,6048.0000,6049.0000,6049.8000,1,1,1,1,1,2,1,1,1,2
SF,IC2103,2020-08-13 09:31:40.300,6033.8000,12823,0,100243800.000,0,-,-,-,-,6029.8000,6029.6000,6028.2000,6011.2000,6003.6000,6035.0000,6035.2000,6043.0000,6048.0000,6049.0000,1,1,1,1,1,1,2,1,1,1
SF,IC2103,2020-08-13 09:31:40.800,6033.8000,12823,0,100243800.000,0,-,-,-,-,6029.8000,6029.6000,6028.2000,6011.2000,6003.6000,6034.2000,6034.8000,6035.0000,6035.2000,6043.0000,1,1,1,1,1,1,1,1,2,1
SF,IC2103,2020-08-13 09:31:41.300,6033.8000,12823,0,100243800.000,0,-,-,-,-,6029.8000,6029.6000,6025.2000,6011.2000,6003.6000,6034.0000,6034.2000,6034.8000,6035.0000,6035.2000,1,1,1,1,1,1,1,1,1,2
SF,IC2103,2020-08-13 09:31:41.800,6029.8000,12822,-1,101449760.000,1,0,1,双平,S,6029.6000,6025.2000,6011.2000,6003.6000,6001.0000,6033.8000,6034.0000,6034.2000,6035.0000,6035.2000,1,1,1,1,4,2,1,1,1,2
SF,IC2103,2020-08-13 09:31:42.300,6029.6000,12821,-1,102655680.000,1,0,1,双平,S,6025.2000,6011.2000,6003.6000,6001.0000,5994.0000,6032.0000,6033.8000,6034.0000,6034.2000,6035.0000,1,1,1,4,1,1,2,1,1,1
SF,IC2103,2020-08-13 09:31:42.800,6029.6000,12821,0,102655680.000,0,-,-,-,-,6025.2000,6011.2000,6003.6000,6001.0000,5994.0000,6031.8000,6032.0000,6033.0000,6033.8000,6034.2000,1,1,1,4,1,2,1,1,2,1
SF,IC2103,2020-08-13 09:31:43.300,6029.6000,12821,0,102655680.000,0,-,-,-,-,6025.2000,6011.2000,6003.6000,6001.0000,5994.0000,6031.4000,6031.8000,6032.0000,6033.0000,6033.8000,1,1,1,4,1,1,2,1,1,1
SF,IC2103,2020-08-13 09:31:43.800,6029.6000,12821,0,102655680.000,0,-,-,-,-,6021.6000,6011.2000,6003.6000,6001.0000,5994.0000,6031.0000,6031.2000,6031.4000,6031.8000,6032.0000,1,1,1,4,1,1,1,1,1,1
SF,IC2103,2020-08-13 09:31:44.300,6029.6000,12821,0,102655680.000,0,-,-,-,-,6021.8000,6021.6000,6011.2000,6003.6000,6001.0000,6030.8000,6031.0000,6031.4000,6031.8000,6032.0000,1,1,1,1,4,2,1,1,1,1
SF,IC2103,2020-08-13 09:31:44.800,6029.6000,12821,0,102655680.000,0,-,-,-,-,6021.8000,6021.6000,6011.2000,6003.6000,6001.0000,6030.8000,6031.0000,6031.8000,6032.0000,6035.2000,1,1,1,1,4,2,1,1,1,1
SF,IC2103,2020-08-13 09:31:45.300,6029.6000,12821,0,102655680.000,0,-,-,-,-,6022.0000,6021.8000,6021.6000,6011.2000,6003.6000,6030.0000,6030.8000,6031.8000,6032.0000,6035.2000,2,1,1,1,1,1,1,1,1,1
SF,IC2103,2020-08-13 09:31:45.800,6029.6000,12821,0,102655680.000,0,-,-,-,-,6022.2000,6022.0000,6021.8000,6021.6000,6011.2000,6029.6000,6030.0000,6030.8000,6032.0000,6035.2000,2,2,1,1,1,1,1,1,1,1
SF,IC2103,2020-08-13 09:31:46.300,6029.6000,12821,0,102655680.000,0,-,-,-,-,6022.4000,6022.2000,6021.8000,6021.6000,6011.2000,6029.6000,6030.8000,6032.0000,6035.2000,6043.0000,1,2,1,1,1,1,1,1,1,1
SF,IC2103,2020-08-13 09:31:46.800,6029.6000,12821,0,102655680.000,0,-,-,-,-,6024.8000,6022.6000,6022.4000,6022.2000,6021.8000,6029.6000,6030.8000,6032.0000,6035.2000,6043.0000,1,2,1,1,1,1,1,1,1,1
SF,IC2103,2020-08-13 09:31:47.300,6029.6000,12821,0,102655680.000,0,-,-,-,-,6026.4000,6024.8000,6022.6000,6022.4000,6022.2000,6032.0000,6035.2000,6043.0000,6048.0000,6049.0000,1,1,1,1,1,1,1,1,1,1
SF,IC2103,2020-08-13 09:31:47.800,6029.6000,12821,0,102655680.000,0,-,-,-,-,6026.6000,6026.4000,6024.8000,6022.6000,6022.4000,6035.2000,6043.0000,6048.0000,6049.0000,6049.8000,1,1,1,1,1,1,1,1,1,2
SF,IC2103,2020-08-13 09:31:48.300,6029.6000,12821,0,102655680.000,0,-,-,-,-,6026.8000,6026.6000,6026.4000,6024.8000,6022.6000,6035.0000,6035.2000,6043.0000,6048.0000,6049.0000,2,1,1,1,1,1,2,1,1,1
SF,IC2103,2020-08-13 09:31:48.800,6029.6000,12821,0,102655680.000,0,-,-,-,-,6027.0000,6026.8000,6026.4000,6024.8000,6022.6000,6035.0000,6035.2000,6043.0000,6048.0000,6049.0000,1,2,1,1,1,1,2,1,1,1
SF,IC2103,2020-08-13 09:31:49.300,6029.6000,12821,0,102655680.000,0,-,-,-,-,6027.2000,6027.0000,6026.4000,6024.8000,6024.6000,6029.6000,6035.0000,6035.2000,6043.0000,6048.0000,2,1,1,1,1,6,1,2,1,1
SF,IC2103,2020-08-13 09:31:49.800,6029.6000,12821,0,109891200.000,6,3,3,多换,S,6029.6000,6026.4000,6024.6000,6022.6000,6022.2000,6035.2000,6043.0000,6048.0000,6049.0000,6049.8000,1,1,1,1,1,2,1,1,1,2
SF,IC2103,2020-08-13 09:31:50.300,6029.6000,12821,0,109891200.000,0,-,-,-,-,6030.0000,6029.8000,6029.6000,6028.6000,6026.4000,6035.2000,6043.0000,6048.0000,6049.0000,6049.8000,1,1,1,1,1,2,1,1,1,2
SF,IC2103,2020-08-13 09:31:50.800,6029.6000,12821,0,109891200.000,0,-,-,-,-,6030.2000,6030.0000,6029.6000,6028.6000,6026.4000,6035.2000,6043.0000,6048.0000,6049.0000,6049.8000,2,1,1,1,1,2,1,1,1,2
SF,IC2103,2020-08-13 09:31:51.300,6029.6000,12821,0,109891200.000,0,-,-,-,-,6030.2000,6030.0000,6029.6000,6028.6000,6026.4000,6035.2000,6043.0000,6048.0000,6049.0000,6049.8000,2,1,1,1,1,2,1,1,1,2
SF,IC2103,2020-08-13 09:31:51.800,6030.0000,12819,-2,112303200.000,2,0,2,双平,S,6030.2000,6030.0000,6029.6000,6028.6000,6026.4000,6035.2000,6043.0000,6048.0000,6049.0000,6049.8000,2,1,1,1,1,2,1,1,1,2
SF,IC2103,2020-08-13 09:31:52.800,6030.0000,12819,0,112303200.000,0,-,-,-,-,6030.2000,6030.0000,6028.6000,6026.4000,6024.6000,6035.0000,6035.2000,6043.0000,6048.0000,6049.0000,2,1,1,1,1,1,2,1,1,1
SF,IC2103,2020-08-13 09:31:53.300,6030.0000,12819,0,112303200.000,0,-,-,-,-,6030.2000,6030.0000,6028.6000,6026.4000,6024.6000,6034.8000,6035.0000,6035.2000,6043.0000,6048.0000,2,1,1,1,1,1,1,2,1,1
SF,IC2103,2020-08-13 09:31:53.800,6030.0000,12819,0,112303200.000,0,-,-,-,-,6030.2000,6030.0000,6028.6000,6026.4000,6024.6000,6035.0000,6035.2000,6043.0000,6048.0000,6049.0000,2,1,1,1,1,1,2,1,1,1
SF,IC2103,2020-08-13 09:31:54.300,6030.0000,12819,0,112303200.000,0,-,-,-,-,6030.2000,6030.0000,6028.6000,6026.4000,6024.6000,6035.2000,6043.0000,6048.0000,6049.0000,6049.8000,2,1,1,1,1,2,1,1,1,2
SF,IC2103,2020-08-13 09:31:54.800,6030.0000,12819,0,112303200.000,0,-,-,-,-,6030.2000,6030.0000,6028.6000,6027.8000,6026.4000,6035.2000,6043.0000,6048.0000,6049.0000,6049.8000,2,1,1,1,1,1,1,1,1,2
SF,IC2103,2020-08-13 09:31:55.300,6030.0000,12818,-1,113509200.000,1,0,1,双平,S,6030.2000,6030.0000,6028.6000,6027.8000,6026.4000,6035.2000,6043.0000,6048.0000,6049.0000,6049.8000,2,1,1,1,1,1,1,1,1,2
SF,IC2103,2020-08-13 09:31:55.800,6030.0000,12818,0,113509200.000,0,-,-,-,-,6030.2000,6030.0000,6028.6000,6027.8000,6026.4000,6035.2000,6043.0000,6048.0000,6049.0000,6049.8000,2,1,1,1,1,1,1,1,1,2
SF,IC2103,2020-08-13 09:31:56.300,6030.0000,12818,0,113509200.000,0,-,-,-,-,6030.2000,6030.0000,6028.6000,6027.8000,6026.4000,6035.2000,6043.0000,6048.0000,6049.0000,6049.8000,2,1,1,1,1,1,1,1,1,2
SF,IC2103,2020-08-13 09:31:57.300,6035.2000,12819,1,114716240.000,1,1,0,双开,S,6030.2000,6030.0000,6028.6000,6027.8000,6026.4000,6043.0000,6048.0000,6049.0000,6049.8000,6050.0000,2,1,1,1,1,1,1,1,2,2
SF,IC2103,2020-08-13 09:31:57.800,6035.2000,12819,0,114716240.000,0,-,-,-,-,6031.0000,6030.4000,6030.2000,6030.0000,6028.6000,6038.4000,6042.8000,6043.0000,6048.0000,6049.0000,1,3,1,1,1,1,2,1,1,1
SF,IC2103,2020-08-13 09:31:58.300,6033.6000,12819,0,115922960.000,1,0,1,多换,S,6031.2000,6031.0000,6030.8000,6030.4000,6030.0000,6038.4000,6042.8000,6043.0000,6048.0000,6049.0000,2,1,1,2,1,1,2,1,1,1
SF,IC2103,2020-08-13 09:31:58.800,6033.6000,12819,0,115922960.000,0,-,-,-,-,6031.8000,6031.2000,6031.0000,6030.8000,6030.4000,6038.4000,6042.8000,6043.0000,6048.0000,6049.0000,1,2,1,1,2,1,2,1,1,1
SF,IC2103,2020-08-13 09:31:59.300,6038.4000,12818,-1,117130640.000,1,0,1,双平,S,6032.0000,6031.8000,6031.6000,6030.4000,6030.0000,6042.8000,6043.0000,6048.0000,6049.0000,6049.8000,3,1,1,2,1,1,1,1,1,2
SF,IC2103,2020-08-13 09:31:59.800,6038.4000,12818,0,117130640.000,0,-,-,-,-,6032.2000,6032.0000,6031.8000,6031.6000,6030.4000,6042.8000,6043.0000,6048.0000,6049.0000,6049.8000,2,4,1,1,1,1,1,1,1,2
SF,IC2103,2020-08-13 09:32:00.300,6038.4000,12818,0,117130640.000,0,-,-,-,-,6035.2000,6032.8000,6032.6000,6032.4000,6032.2000,6042.6000,6043.0000,6048.0000,6049.0000,6049.8000,1,1,1,1,2,1,1,1,1,2
SF,IC2103,2020-08-13 09:32:00.800,6038.4000,12818,0,117130640.000,0,-,-,-,-,6035.4000,6035.2000,6032.8000,6032.6000,6032.2000,6042.0000,6042.6000,6043.0000,6048.0000,6049.0000,2,1,1,1,1,1,2,1,1,1
SF,IC2103,2020-08-13 09:32:01.300,6038.4000,12818,0,117130640.000,0,-,-,-,-,6037.2000,6035.4000,6035.2000,6032.6000,6032.2000,6041.8000,6042.0000,6042.6000,6043.0000,6048.0000,1,2,1,1,1,1,1,1,1,1
SF,IC2103,2020-08-13 09:32:01.800,6038.4000,12818,0,117130640.000,0,-,-,-,-,6037.4000,6037.2000,6035.4000,6035.2000,6035.0000,6042.0000,6042.6000,6043.0000,6048.0000,6049.0000,1,1,1,1,1,1,1,1,1,1
SF,IC2103,2020-08-13 09:32:02.300,6038.4000,12818,0,117130640.000,0,-,-,-,-,6038.4000,6037.4000,6037.2000,6035.4000,6035.0000,6041.8000,6042.6000,6043.0000,6048.0000,6049.0000,1,1,1,1,1,1,1,1,1,1
SF,IC2103,2020-08-13 09:32:02.800,6038.4000,12818,0,117130640.000,0,-,-,-,-,6035.4000,6035.0000,6032.6000,6032.2000,6032.0000,6041.8000,6042.6000,6048.0000,6049.0000,6049.8000,1,1,1,1,1,1,1,1,1,2
SF,IC2103,2020-08-13 09:32:03.300,6038.4000,12818,0,117130640.000,0,-,-,-,-,6035.6000,6035.4000,6035.0000,6032.6000,6032.2000,6041.8000,6042.6000,6048.0000,6049.0000,6049.8000,1,1,1,1,1,1,1,1,1,2
SF,IC2103,2020-08-13 09:32:03.800,6038.4000,12818,0,117130640.000,0,-,-,-,-,6038.4000,6037.2000,6036.2000,6035.8000,6035.6000,6042.6000,6048.0000,6049.0000,6049.8000,6050.0000,1,1,1,1,1,1,1,1,2,2
SF,IC2103,2020-08-13 09:32:04.300,6038.4000,12818,0,117130640.000,0,-,-,-,-,6038.6000,6038.4000,6037.2000,6036.2000,6035.8000,6042.6000,6048.0000,6049.0000,6049.8000,6050.0000,1,1,1,1,1,1,1,1,2,2
SF,IC2103,2020-08-13 09:32:04.800,6038.4000,12818,0,117130640.000,0,-,-,-,-,6038.6000,6038.4000,6037.2000,6036.2000,6035.8000,6042.6000,6048.0000,6049.0000,6049.8000,6050.0000,1,1,1,1,1,1,1,1,2,2
SF,IC2103,2020-08-13 09:32:05.300,6042.6000,12817,-1,118339160.000,1,0,1,双平,S,6039.2000,6038.6000,6038.4000,6037.2000,6036.2000,6048.0000,6049.0000,6049.8000,6050.0000,6051.0000,1,1,1,1,1,1,1,2,2,1
SF,IC2103,2020-08-13 09:32:05.800,6042.6000,12817,0,118339160.000,0,-,-,-,-,6039.4000,6039.2000,6038.4000,6037.2000,6036.2000,6048.0000,6049.0000,6049.8000,6050.0000,6051.0000,3,1,1,1,1,2,1,2,2,1
SF,IC2103,2020-08-13 09:32:06.300,6042.6000,12817,0,118339160.000,0,-,-,-,-,6039.4000,6039.2000,6038.4000,6037.2000,6036.2000,6047.8000,6048.0000,6049.0000,6049.8000,6050.0000,3,1,1,1,1,1,2,1,2,3
SF,IC2103,2020-08-13 09:32:06.800,6042.6000,12817,0,118339160.000,0,-,-,-,-,6041.6000,6039.4000,6039.2000,6039.0000,6037.2000,6047.6000,6047.8000,6048.0000,6049.0000,6049.8000,1,3,1,1,1,1,1,2,1,2
SF,IC2103,2020-08-13 09:32:07.300,6042.6000,12817,0,118339160.000,0,-,-,-,-,6041.8000,6041.6000,6039.4000,6039.2000,6039.0000,6048.0000,6049.0000,6049.8000,6050.0000,6051.0000,2,1,1,1,1,2,1,2,3,1
SF,IC2103,2020-08-13 09:32:07.800,6042.6000,12817,0,118339160.000,0,-,-,-,-,6041.8000,6041.6000,6039.4000,6039.0000,6037.2000,6047.0000,6047.8000,6048.0000,6049.0000,6049.8000,2,1,1,1,1,1,1,1,1,2
SF,IC2103,2020-08-13 09:32:08.300,6048.0000,12814,-3,121967520.000,3,0,3,双平,S,6041.8000,6041.6000,6039.0000,6037.2000,6036.2000,6049.0000,6049.8000,6050.0000,6051.0000,6060.0000,1,1,1,1,1,1,2,3,1,2
SF,IC2103,2020-08-13 09:32:08.800,6048.8000,12813,-1,123177280.000,1,0,1,双平,S,6042.0000,6041.8000,6041.6000,6039.0000,6037.2000,6049.0000,6049.8000,6050.0000,6051.0000,6060.0000,1,1,1,1,1,1,2,3,1,2
SF,IC2103,2020-08-13 09:32:09.300,6048.8000,12813,0,123177280.000,0,-,-,-,-,6042.2000,6042.0000,6041.6000,6039.0000,6037.2000,6042.6000,6049.0000,6049.8000,6050.0000,6051.0000,1,1,1,1,1,1,1,2,3,1
SF,IC2103,2020-08-13 09:32:09.800,6042.6000,12812,-1,124385800.000,1,0,1,双平,S,6044.8000,6042.8000,6042.6000,6039.0000,6037.2000,6049.0000,6049.8000,6050.0000,6051.0000,6060.0000,1,1,3,1,1,1,2,3,1,2
SF,IC2103,2020-08-13 09:32:10.300,6042.6000,12812,0,124385800.000,0,-,-,-,-,6045.0000,6042.8000,6042.6000,6039.0000,6037.2000,6049.0000,6049.8000,6050.0000,6051.0000,6060.0000,1,1,4,1,1,1,2,3,1,2
SF,IC2103,2020-08-13 09:32:10.800,6042.6000,12812,0,124385800.000,0,-,-,-,-,6045.0000,6044.8000,6042.8000,6042.6000,6039.0000,6049.0000,6049.8000,6050.0000,6051.0000,6060.0000,1,1,1,4,1,1,2,3,1,2
SF,IC2103,2020-08-13 09:32:11.300,6042.6000,12812,0,124385800.000,0,-,-,-,-,6045.0000,6042.8000,6042.6000,6039.0000,6037.2000,6049.0000,6049.8000,6050.0000,6051.0000,6060.0000,1,1,3,1,1,1,2,3,1,2
SF,IC2103,2020-08-13 09:32:11.800,6049.0000,12812,0,125595600.000,1,0,1,多换,S,6045.0000,6042.8000,6042.6000,6042.4000,6037.2000,6049.8000,6050.0000,6051.0000,6060.0000,6066.6000,1,1,3,1,1,2,3,1,2,1
SF,IC2103,2020-08-13 09:32:12.300,6049.0000,12812,0,125595600.000,0,-,-,-,-,6045.8000,6045.2000,6045.0000,6042.8000,6042.6000,6049.8000,6050.0000,6051.0000,6060.0000,6066.6000,1,1,1,1,3,2,3,1,2,1
SF,IC2103,2020-08-13 09:32:12.800,6049.0000,12812,0,125595600.000,0,-,-,-,-,6046.0000,6045.8000,6045.2000,6042.8000,6042.6000,6049.8000,6050.0000,6051.0000,6060.0000,6066.6000,1,1,1,1,2,2,3,1,2,1
SF,IC2103,2020-08-13 09:32:13.300,6049.0000,12812,0,125595600.000,0,-,-,-,-,6046.0000,6042.8000,6042.6000,6042.4000,6032.0000,6049.8000,6050.0000,6051.0000,6060.0000,6066.6000,1,1,2,1,1,2,3,1,2,1
SF,IC2103,2020-08-13 09:32:13.800,6049.0000,12812,0,125595600.000,0,-,-,-,-,6046.0000,6042.8000,6042.6000,6042.4000,6022.6000,6049.8000,6050.0000,6051.0000,6060.0000,6066.6000,1,1,1,1,1,2,3,1,2,1
SF,IC2103,2020-08-13 09:32:14.300,6046.0000,12811,-1,126804800.000,1,0,1,双平,S,6042.8000,6042.6000,6042.4000,6011.2000,6003.6000,6049.6000,6049.8000,6050.0000,6051.0000,6060.0000,1,1,1,1,1,2,2,3,1,2
SF,IC2103,2020-08-13 09:32:14.800,6046.0000,12811,0,126804800.000,0,-,-,-,-,6043.0000,6042.4000,6011.2000,6003.6000,6001.0000,6049.4000,6049.6000,6049.8000,6050.0000,6051.0000,1,1,1,1,4,1,2,2,3,1
SF,IC2103,2020-08-13 09:32:15.300,6046.0000,12811,0,126804800.000,0,-,-,-,-,6039.0000,6011.2000,6003.6000,6001.0000,5995.8000,6049.4000,6049.6000,6049.8000,6050.0000,6051.0000,1,1,1,4,1,1,1,2,3,1
SF,IC2103,2020-08-13 09:32:15.800,6046.0000,12811,0,126804800.000,0,-,-,-,-,6041.6000,6039.2000,6039.0000,6011.2000,6003.6000,6049.2000,6049.4000,6049.6000,6049.8000,6050.0000,1,1,1,1,1,1,2,1,2,3
SF,IC2103,2020-08-13 09:32:16.300,6046.0000,12811,0,126804800.000,0,-,-,-,-,6041.8000,6041.6000,6039.0000,6011.2000,6003.6000,6048.6000,6049.0000,6049.6000,6049.8000,6050.0000,1,1,1,1,1,1,1,1,2,3
SF,IC2103,2020-08-13 09:32:16.800,6048.4000,12810,-1,128014480.000,1,0,1,双平,S,6042.0000,6041.8000,6041.6000,6039.0000,6011.2000,6048.6000,6049.8000,6050.0000,6051.0000,6060.0000,2,1,1,1,1,1,2,3,1,2
SF,IC2103,2020-08-13 09:32:17.300,6048.4000,12810,0,128014480.000,0,-,-,-,-,6042.2000,6042.0000,6041.6000,6039.0000,6011.2000,6049.8000,6050.0000,6051.0000,6060.0000,6066.6000,1,2,1,1,1,2,3,1,2,1
SF,IC2103,2020-08-13 09:32:17.800,6048.4000,12810,0,128014480.000,0,-,-,-,-,6044.8000,6042.6000,6042.4000,6042.2000,6042.0000,6049.8000,6050.0000,6051.0000,6060.0000,6066.6000,1,1,2,1,1,2,3,1,2,1
SF,IC2103,2020-08-13 09:32:18.300,6048.4000,12810,0,128014480.000,0,-,-,-,-,6045.8000,6045.0000,6044.8000,6042.6000,6042.4000,6049.8000,6050.0000,6051.0000,6060.0000,6066.6000,1,1,1,1,3,2,3,1,2,1
SF,IC2103,2020-08-13 09:32:18.800,6048.4000,12810,0,128014480.000,0,-,-,-,-,6046.0000,6044.8000,6042.6000,6042.4000,6042.0000,6049.8000,6050.0000,6051.0000,6060.0000,6060.8000,1,1,1,3,1,2,3,1,2,1
SF,IC2103,2020-08-13 09:32:19.300,6048.4000,12810,0,128014480.000,0,-,-,-,-,6046.0000,6044.8000,6042.4000,6011.2000,6003.6000,6049.8000,6050.0000,6051.0000,6060.0000,6060.8000,1,1,3,1,1,2,3,1,2,1
SF,IC2103,2020-08-13 09:32:19.800,6046.0000,12809,-1,129223680.000,1,0,1,双平,S,6044.8000,6042.4000,6011.2000,6003.6000,6001.0000,6045.8000,6049.6000,6049.8000,6050.0000,6051.0000,1,2,1,1,4,1,1,2,3,1
SF,IC2103,2020-08-13 09:32:20.300,6045.6000,12805,-4,135269160.000,5,0,5,多平,S,6042.4000,6011.2000,6003.6000,6001.0000,5995.8000,6045.8000,6049.4000,6049.6000,6049.8000,6050.0000,1,1,1,4,1,1,1,1,2,3
SF,IC2103,2020-08-13 09:32:20.800,6045.6000,12805,0,135269160.000,0,-,-,-,-,6042.4000,6011.2000,6003.6000,6001.0000,5995.8000,6045.8000,6049.4000,6049.8000,6050.0000,6051.0000,1,1,1,4,1,1,1,2,3,1
SF,IC2103,2020-08-13 09:32:21.300,6045.8000,12802,-3,138895920.000,3,0,3,双平,S,6011.2000,6003.6000,6001.0000,5995.8000,5994.0000,6049.4000,6049.8000,6050.0000,6051.0000,6060.0000,1,1,4,1,1,1,2,3,1,2
SF,IC2103,2020-08-13 09:32:21.800,6045.8000,12802,0,138895920.000,0,-,-,-,-,6041.6000,6037.2000,6036.6000,6026.6000,6017.6000,6048.0000,6049.2000,6049.4000,6049.8000,6050.0000,1,1,1,2,1,1,1,1,2,3
SF,IC2103,2020-08-13 09:32:22.300,6045.8000,12802,0,138895920.000,0,-,-,-,-,6037.2000,6036.6000,6026.6000,6017.6000,6017.4000,6047.8000,6048.0000,6048.8000,6049.4000,6049.8000,1,1,2,1,1,1,1,1,1,2
SF,IC2103,2020-08-13 09:32:22.800,6045.8000,12802,0,138895920.000,0,-,-,-,-,6038.4000,6037.2000,6031.0000,6026.6000,6017.6000,6045.6000,6047.2000,6047.6000,6047.8000,6048.0000,1,1,1,1,1,1,1,3,1,1
SF,IC2103,2020-08-13 09:32:23.300,6045.8000,12802,0,138895920.000,0,-,-,-,-,6038.4000,6037.2000,6031.0000,6017.6000,6017.4000,6045.0000,6045.4000,6045.6000,6047.6000,6048.0000,1,1,1,1,1,1,1,1,3,1
SF,IC2103,2020-08-13 09:32:23.800,6045.8000,12802,0,138895920.000,0,-,-,-,-,6041.6000,6037.2000,6031.0000,6030.4000,6017.6000,6044.8000,6045.0000,6045.6000,6047.6000,6048.0000,1,1,1,1,1,1,1,1,3,1
SF,IC2103,2020-08-13 09:32:24.300,6045.6000,12801,-1,140105040.000,1,0,1,双平,S,6041.6000,6037.2000,6031.0000,6030.4000,6017.6000,6047.6000,6048.8000,6049.8000,6050.0000,6051.0000,1,1,1,1,1,1,1,2,3,1
SF,IC2103,2020-08-13 09:32:24.800,6045.6000,12801,0,140105040.000,0,-,-,-,-,6041.8000,6041.6000,6037.2000,6031.0000,6030.4000,6047.2000,6049.8000,6050.0000,6051.0000,6052.0000,1,1,1,1,1,1,2,3,1,2
SF,IC2103,2020-08-13 09:32:25.300,6045.6000,12801,0,140105040.000,0,-,-,-,-,6044.8000,6037.2000,6031.0000,6030.4000,6011.4000,6049.8000,6050.0000,6051.0000,6052.0000,6060.0000,1,1,1,1,2,2,3,1,2,2
SF,IC2103,2020-08-13 09:32:25.800,6045.6000,12801,0,140105040.000,0,-,-,-,-,6045.8000,6044.8000,6031.0000,6030.4000,6011.4000,6049.4000,6049.6000,6049.8000,6050.0000,6051.0000,1,1,1,1,2,1,1,2,3,1
SF,IC2103,2020-08-13 09:32:26.300,6045.6000,12801,0,141314160.000,1,0,1,多换,S,6044.8000,6031.0000,6030.4000,6011.4000,6011.2000,6049.4000,6049.6000,6049.8000,6050.0000,6051.0000,1,1,1,2,1,1,1,2,3,1
SF,IC2103,2020-08-13 09:32:26.800,6044.8000,12800,-1,142523120.000,1,0,1,双平,S,6031.0000,6030.4000,6011.4000,6011.2000,6003.6000,6049.4000,6049.6000,6049.8000,6050.0000,6051.0000,1,1,2,1,1,1,1,2,3,1
SF,IC2103,2020-08-13 09:32:27.300,6044.8000,12800,0,142523120.000,0,-,-,-,-,6037.2000,6031.2000,6031.0000,6030.4000,6011.4000,6049.2000,6049.4000,6049.6000,6049.8000,6050.0000,1,1,1,1,2,1,1,1,2,3
SF,IC2103,2020-08-13 09:32:27.800,6044.8000,12800,0,142523120.000,0,-,-,-,-,6037.4000,6037.2000,6031.0000,6030.4000,6011.4000,6049.2000,6049.4000,6049.6000,6049.8000,6050.0000,1,1,1,1,2,1,1,1,2,3
SF,IC2103,2020-08-13 09:32:28.300,6044.8000,12800,0,142523120.000,0,-,-,-,-,6039.8000,6037.6000,6037.4000,6031.0000,6030.4000,6048.8000,6049.2000,6049.4000,6049.6000,6049.8000,1,1,1,1,1,1,1,1,1,2
SF,IC2103,2020-08-13 09:32:28.800,6044.8000,12800,0,142523120.000,0,-,-,-,-,6039.8000,6038.4000,6037.6000,6031.0000,6030.4000,6048.6000,6048.8000,6049.2000,6049.4000,6049.6000,1,1,1,1,1,1,1,1,1,1
SF,IC2103,2020-08-13 09:32:29.300,6044.8000,12800,0,142523120.000,0,-,-,-,-,6040.4000,6039.8000,6038.4000,6037.6000,6031.0000,6048.4000,6048.6000,6048.8000,6049.4000,6049.6000,1,1,1,1,1,1,1,1,1,1
SF,IC2103,2020-08-13 09:32:29.800,6044.8000,12800,0,142523120.000,0,-,-,-,-,6041.2000,6040.6000,6039.8000,6037.6000,6031.0000,6048.4000,6049.4000,6049.6000,6049.8000,6050.0000,1,1,1,1,1,1,1,1,2,3
SF,IC2103,2020-08-13 09:32:30.300,6044.8000,12800,0,142523120.000,0,-,-,-,-,6041.4000,6041.2000,6039.8000,6037.6000,6031.0000,6049.4000,6049.6000,6049.8000,6050.0000,6051.0000,1,1,1,1,1,1,1,2,3,1
SF,IC2103,2020-08-13 09:32:30.800,6044.8000,12800,0,142523120.000,0,-,-,-,-,6041.6000,6041.4000,6039.8000,6031.0000,6030.4000,6049.2000,6049.4000,6049.6000,6049.8000,6050.0000,1,1,1,1,1,1,1,1,2,3
SF,IC2103,2020-08-13 09:32:31.300,6044.8000,12800,0,142523120.000,0,-,-,-,-,6041.8000,6039.8000,6031.0000,6030.4000,6011.4000,6049.2000,6049.4000,6049.6000,6049.8000,6050.0000,1,1,1,1,2,1,1,1,2,3
SF,IC2103,2020-08-13 09:32:31.800,6044.8000,12800,0,142523120.000,0,-,-,-,-,6041.8000,6030.4000,6011.4000,6011.2000,6003.6000,6049.2000,6049.4000,6049.6000,6049.8000,6050.0000,1,1,2,1,1,1,1,1,2,3
SF,IC2103,2020-08-13 09:32:32.800,6044.8000,12800,0,142523120.000,0,-,-,-,-,6041.8000,6040.0000,6030.4000,6011.4000,6011.2000,6049.2000,6049.4000,6049.6000,6049.8000,6050.0000,1,1,1,2,1,1,1,1,2,3
SF,IC2103,2020-08-13 09:32:33.300,6044.8000,12800,0,142523120.000,0,-,-,-,-,6041.8000,6040.0000,6030.4000,6011.4000,6011.2000,6048.0000,6049.2000,6049.4000,6049.6000,6049.8000,1,1,1,2,1,1,1,1,1,2
SF,IC2103,2020-08-13 09:32:33.800,6044.8000,12800,0,142523120.000,0,-,-,-,-,6040.0000,6030.4000,6011.4000,6011.2000,6003.6000,6047.8000,6048.0000,6049.2000,6049.4000,6049.6000,1,1,2,1,1,2,2,1,1,1
SF,IC2103,2020-08-13 09:32:34.300,6044.8000,12800,0,142523120.000,0,-,-,-,-,6040.0000,6030.4000,6011.4000,6011.2000,6003.6000,6047.2000,6047.8000,6048.0000,6049.2000,6049.6000,1,1,2,1,1,1,2,2,1,1
SF,IC2103,2020-08-13 09:32:34.800,6040.0000,12799,-1,143731120.000,1,0,1,双平,S,6030.4000,6011.4000,6011.2000,6003.6000,6001.0000,6047.0000,6047.2000,6047.8000,6048.0000,6049.2000,1,2,1,1,4,1,1,1,2,1
SF,IC2103,2020-08-13 09:32:35.300,6040.0000,12799,0,143731120.000,0,-,-,-,-,6030.6000,6030.4000,6011.4000,6011.2000,6003.6000,6045.8000,6046.8000,6047.0000,6047.2000,6047.8000,1,1,2,1,1,1,2,2,1,1
SF,IC2103,2020-08-13 09:32:35.800,6040.0000,12799,0,143731120.000,0,-,-,-,-,6032.2000,6030.4000,6011.4000,6011.2000,6003.6000,6045.6000,6045.8000,6046.8000,6047.2000,6047.8000,1,1,2,1,1,1,1,2,1,1
SF,IC2103,2020-08-13 09:32:36.300,6040.0000,12799,0,143731120.000,0,-,-,-,-,6032.4000,6032.2000,6030.4000,6011.4000,6011.2000,6045.0000,6045.6000,6045.8000,6046.8000,6047.8000,1,2,1,2,1,1,1,1,2,1
SF,IC2103,2020-08-13 09:32:36.800,6040.0000,12799,0,143731120.000,0,-,-,-,-,6032.4000,6032.2000,6030.4000,6011.4000,6011.2000,6044.8000,6045.0000,6046.8000,6048.0000,6049.8000,1,1,1,2,1,1,1,2,2,2
SF,IC2103,2020-08-13 09:32:37.300,6040.0000,12799,0,143731120.000,0,-,-,-,-,6036.0000,6032.6000,6032.4000,6032.2000,6030.4000,6044.6000,6045.0000,6048.0000,6049.8000,6050.0000,1,1,1,1,1,1,1,2,2,3
SF,IC2103,2020-08-13 09:32:37.800,6040.0000,12799,0,143731120.000,0,-,-,-,-,6036.2000,6036.0000,6034.8000,6032.4000,6032.2000,6044.6000,6045.0000,6048.0000,6049.8000,6050.0000,1,1,1,1,1,1,1,2,2,3
SF,IC2103,2020-08-13 09:32:38.300,6040.0000,12799,0,143731120.000,0,-,-,-,-,6037.6000,6036.4000,6036.2000,6034.8000,6032.4000,6044.6000,6045.0000,6048.0000,6049.8000,6050.0000,1,1,1,1,1,1,1,2,2,3
SF,IC2103,2020-08-13 09:32:38.800,6040.0000,12799,0,143731120.000,0,-,-,-,-,6038.2000,6037.8000,6037.6000,6036.4000,6032.2000,6044.6000,6045.0000,6048.0000,6049.8000,6050.0000,1,1,2,1,1,1,1,1,2,3
SF,IC2103,2020-08-13 09:32:39.300,6040.0000,12799,0,143731120.000,0,-,-,-,-,6038.4000,6038.2000,6037.6000,6036.4000,6032.2000,6044.6000,6045.0000,6048.0000,6049.8000,6050.0000,1,1,2,1,1,1,1,1,2,3
SF,IC2103,2020-08-13 09:32:39.800,6040.0000,12799,0,143731120.000,0,-,-,-,-,6038.4000,6036.4000,6032.2000,6030.4000,6011.4000,6044.4000,6044.6000,6045.0000,6048.0000,6049.8000,1,1,1,1,1,1,1,1,1,2
SF,IC2103,2020-08-13 09:32:41.300,6038.4000,12798,-1,144938800.000,1,0,1,双平,S,6036.4000,6032.2000,6030.4000,6011.4000,6011.2000,6044.2000,6044.4000,6044.6000,6045.0000,6049.8000,1,1,1,1,1,1,1,1,1,2
SF,IC2103,2020-08-13 09:32:41.800,6038.4000,12798,0,144938800.000,0,-,-,-,-,6032.2000,6030.4000,6011.4000,6011.2000,6003.6000,6044.0000,6044.2000,6044.4000,6044.6000,6045.0000,1,1,1,1,1,1,1,1,1,1
SF,IC2103,2020-08-13 09:32:42.300,6038.4000,12798,0,144938800.000,0,-,-,-,-,6032.2000,6030.4000,6011.4000,6011.2000,6003.6000,6043.8000,6044.0000,6044.4000,6044.6000,6045.0000,1,1,1,1,1,2,1,1,1,1
SF,IC2103,2020-08-13 09:32:42.800,6038.4000,12798,0,144938800.000,0,-,-,-,-,6032.2000,6030.4000,6011.4000,6011.2000,6003.6000,6043.6000,6043.8000,6044.0000,6044.4000,6044.6000,1,1,1,1,1,1,2,1,1,1
SF,IC2103,2020-08-13 09:32:43.300,6038.4000,12798,0,144938800.000,0,-,-,-,-,6033.8000,6032.6000,6032.2000,6030.4000,6011.4000,6043.2000,6043.4000,6043.6000,6044.0000,6044.4000,1,1,1,1,1,1,2,1,1,1
SF,IC2103,2020-08-13 09:32:43.800,6038.4000,12798,0,144938800.000,0,-,-,-,-,6034.2000,6033.8000,6032.6000,6032.2000,6030.4000,6042.8000,6043.0000,6043.4000,6043.6000,6044.0000,1,1,1,1,1,1,1,1,1,1
SF,IC2103,2020-08-13 09:32:44.300,6038.4000,12798,0,144938800.000,0,-,-,-,-,6034.2000,6033.8000,6032.2000,6030.4000,6030.0000,6042.6000,6042.8000,6043.4000,6043.6000,6044.0000,1,1,1,1,1,1,1,1,1,1
SF,IC2103,2020-08-13 09:32:44.800,6038.4000,12798,0,144938800.000,0,-,-,-,-,6034.2000,6033.8000,6032.2000,6030.4000,6030.0000,6042.4000,6042.6000,6042.8000,6043.6000,6044.0000,1,1,1,1,1,1,1,1,1,1
SF,IC2103,2020-08-13 09:32:45.300,6038.4000,12798,0,144938800.000,0,-,-,-,-,6035.2000,6035.0000,6034.2000,6032.2000,6030.4000,6042.2000,6042.4000,6042.8000,6043.6000,6044.0000,1,1,1,1,1,1,1,1,1,1
SF,IC2103,2020-08-13 09:32:45.800,6038.4000,12798,0,144938800.000,0,-,-,-,-,6035.2000,6035.0000,6034.2000,6032.2000,6030.4000,6042.0000,6042.2000,6042.8000,6043.6000,6044.0000,1,1,1,1,1,1,1,1,1,1
SF,IC2103,2020-08-13 09:32:46.300,6038.4000,12798,0,144938800.000,0,-,-,-,-,6035.8000,6035.2000,6035.0000,6034.2000,6032.2000,6041.8000,6042.0000,6042.8000,6043.6000,6044.0000,1,1,1,1,1,1,1,1,1,1
SF,IC2103,2020-08-13 09:32:46.800,6038.4000,12798,0,144938800.000,0,-,-,-,-,6035.8000,6035.2000,6035.0000,6032.2000,6030.4000,6041.8000,6042.0000,6042.8000,6043.6000,6044.0000,1,1,1,1,1,1,1,1,1,1
SF,IC2103,2020-08-13 09:32:47.300,6038.4000,12798,0,144938800.000,0,-,-,-,-,6035.8000,6035.2000,6035.0000,6032.2000,6030.4000,6041.8000,6042.0000,6042.8000,6043.6000,6044.0000,1,1,1,1,1,1,1,1,1,1
SF,IC2103,2020-08-13 09:32:48.300,6038.4000,12798,0,144938800.000,0,-,-,-,-,6036.4000,6035.8000,6032.2000,6030.4000,6030.0000,6041.8000,6042.0000,6042.8000,6043.6000,6044.0000,1,1,1,1,1,1,1,1,1,1
SF,IC2103,2020-08-13 09:32:48.800,6038.4000,12798,0,144938800.000,0,-,-,-,-,6036.6000,6036.4000,6035.8000,6032.2000,6030.4000,6042.0000,6042.8000,6043.6000,6044.0000,6044.4000,1,1,1,1,1,1,1,1,1,1
SF,IC2103,2020-08-13 09:32:49.300,6038.4000,12798,0,144938800.000,0,-,-,-,-,6036.6000,6036.4000,6035.8000,6032.2000,6030.4000,6042.0000,6042.8000,6043.6000,6044.0000,6044.6000,1,1,1,1,1,1,1,1,1,1
SF,IC2103,2020-08-13 09:32:49.800,6042.0000,12797,-1,146147200.000,1,0,1,双平,S,6037.2000,6036.8000,6036.6000,6036.4000,6035.8000,6042.8000,6043.6000,6044.6000,6049.8000,6050.0000,1,1,1,1,1,1,1,1,2,4
SF,IC2103,2020-08-13 09:32:50.300,6042.0000,12797,0,146147200.000,0,-,-,-,-,6037.4000,6037.2000,6036.8000,6036.4000,6035.8000,6044.6000,6049.8000,6050.0000,6051.0000,6052.0000,2,1,1,1,1,1,2,4,1,2
SF,IC2103,2020-08-13 09:32:50.800,6042.0000,12797,0,146147200.000,0,-,-,-,-,6037.4000,6037.2000,6036.4000,6035.8000,6030.4000,6044.4000,6044.6000,6049.8000,6050.0000,6051.0000,2,1,1,1,1,2,1,2,4,1
SF,IC2103,2020-08-13 09:32:51.300,6042.0000,12797,0,146147200.000,0,-,-,-,-,6038.6000,6038.0000,6037.4000,6036.4000,6035.8000,6044.2000,6044.4000,6044.6000,6049.8000,6050.0000,1,1,2,1,1,1,2,1,2,4
SF,IC2103,2020-08-13 09:32:51.800,6042.0000,12797,0,146147200.000,0,-,-,-,-,6038.8000,6038.0000,6037.8000,6030.4000,6030.0000,6044.2000,6044.4000,6049.8000,6050.0000,6051.0000,1,1,1,1,1,2,1,2,4,1
SF,IC2103,2020-08-13 09:32:52.300,6042.0000,12797,0,146147200.000,0,-,-,-,-,6039.2000,6038.0000,6037.8000,6030.4000,6030.0000,6044.0000,6044.2000,6044.4000,6049.8000,6050.0000,1,1,1,1,1,1,2,1,2,4
SF,IC2103,2020-08-13 09:32:52.800,6042.0000,12797,0,146147200.000,0,-,-,-,-,6039.2000,6038.0000,6030.4000,6030.0000,6011.4000,6043.8000,6044.0000,6044.2000,6049.8000,6050.0000,1,1,1,1,1,1,1,2,2,4
SF,IC2103,2020-08-13 09:32:53.300,6042.0000,12797,0,146147200.000,0,-,-,-,-,6039.2000,6038.0000,6030.4000,6030.0000,6011.4000,6043.6000,6043.8000,6044.2000,6049.8000,6050.0000,1,1,1,1,1,1,1,2,2,4
SF,IC2103,2020-08-13 09:32:54.800,6042.0000,12797,0,146147200.000,0,-,-,-,-,6039.4000,6039.2000,6038.0000,6030.4000,6030.0000,6043.6000,6043.8000,6044.2000,6049.8000,6050.0000,1,1,1,1,1,1,1,1,2,4
SF,IC2103,2020-08-13 09:32:55.300,6042.0000,12797,0,146147200.000,0,-,-,-,-,6039.6000,6039.4000,6039.2000,6038.0000,6030.4000,6043.6000,6044.2000,6049.8000,6050.0000,6051.0000,1,1,1,1,1,1,1,2,4,1
SF,IC2103,2020-08-13 09:32:55.800,6042.0000,12797,0,146147200.000,0,-,-,-,-,6039.6000,6039.4000,6039.2000,6030.4000,6030.0000,6043.6000,6044.2000,6049.8000,6050.0000,6051.0000,1,1,1,1,1,1,1,2,4,1
SF,IC2103,2020-08-13 09:32:56.300,6042.0000,12797,0,146147200.000,0,-,-,-,-,6039.8000,6039.6000,6039.4000,6039.2000,6030.4000,6044.2000,6049.8000,6050.0000,6051.0000,6052.0000,1,1,1,1,1,1,2,4,1,2
SF,IC2103,2020-08-13 09:32:56.800,6042.0000,12797,0,146147200.000,0,-,-,-,-,6040.0000,6039.8000,6039.4000,6039.2000,6030.4000,6044.2000,6049.8000,6050.0000,6051.0000,6052.0000,1,1,1,1,1,1,2,4,1,2
SF,IC2103,2020-08-13 09:32:57.300,6042.0000,12797,0,146147200.000,0,-,-,-,-,6040.0000,6039.8000,6039.2000,6030.4000,6030.0000,6044.0000,6044.2000,6049.8000,6050.0000,6051.0000,1,1,1,1,1,1,1,2,4,1
SF,IC2103,2020-08-13 09:32:57.800,6042.0000,12797,0,146147200.000,0,-,-,-,-,6030.4000,6030.0000,6011.4000,6011.2000,6003.6000,6043.8000,6044.0000,6044.2000,6049.8000,6050.0000,1,1,1,1,1,1,1,1,2,4
SF,IC2103,2020-08-13 09:32:58.300,6042.0000,12797,0,146147200.000,0,-,-,-,-,6033.6000,6030.6000,6030.4000,6030.0000,6011.4000,6043.6000,6043.8000,6044.2000,6049.8000,6050.0000,1,1,1,1,1,2,1,1,2,4
SF,IC2103,2020-08-13 09:32:58.800,6042.0000,12797,0,146147200.000,0,-,-,-,-,6034.4000,6033.8000,6030.4000,6030.0000,6011.4000,6043.6000,6043.8000,6044.2000,6049.8000,6050.0000,1,1,1,1,1,2,1,1,2,4
SF,IC2103,2020-08-13 09:32:59.300,6042.0000,12797,0,146147200.000,0,-,-,-,-,6034.6000,6030.4000,6030.0000,6011.4000,6011.2000,6043.6000,6044.2000,6049.8000,6050.0000,6051.0000,2,1,1,1,1,2,1,2,4,1
SF,IC2103,2020-08-13 09:32:59.800,6042.0000,12797,0,146147200.000,0,-,-,-,-,6034.8000,6034.6000,6030.4000,6030.0000,6011.4000,6043.4000,6043.6000,6044.0000,6044.2000,6049.8000,1,2,1,1,1,1,2,1,1,2
SF,IC2103,2020-08-13 09:33:00.300,6043.2000,12797,0,147355840.000,1,0,1,多换,S,6036.0000,6035.0000,6034.8000,6034.6000,6030.4000,6043.4000,6043.6000,6044.0000,6044.2000,6049.8000,1,2,2,1,1,1,1,1,1,2
SF,IC2103,2020-08-13 09:33:00.800,6043.2000,12797,0,147355840.000,0,-,-,-,-,6036.2000,6036.0000,6034.8000,6034.6000,6030.4000,6043.4000,6044.0000,6044.2000,6049.8000,6050.0000,3,2,2,1,1,1,1,1,2,4
SF,IC2103,2020-08-13 09:33:01.300,6043.4000,12797,0,148564520.000,1,0,1,多换,S,6036.2000,6036.0000,6034.8000,6034.6000,6030.4000,6044.0000,6044.2000,6049.8000,6050.0000,6051.0000,3,1,1,1,1,1,1,2,4,1
SF,IC2103,2020-08-13 09:33:01.800,6044.0000,12797,0,149773320.000,1,0,1,多换,S,6039.0000,6037.6000,6036.8000,6036.2000,6034.6000,6044.2000,6049.8000,6050.0000,6051.0000,6052.0000,1,1,2,3,1,1,2,4,1,2
SF,IC2103,2020-08-13 09:33:02.300,6044.0000,12797,0,149773320.000,0,-,-,-,-,6039.2000,6039.0000,6037.6000,6036.8000,6036.2000,6044.2000,6049.8000,6050.0000,6051.0000,6052.0000,1,1,1,2,2,1,2,4,1,2
SF,IC2103,2020-08-13 09:33:02.800,6044.0000,12797,0,149773320.000,0,-,-,-,-,6039.2000,6037.6000,6036.8000,6036.2000,6034.6000,6044.2000,6049.8000,6050.0000,6051.0000,6052.0000,1,1,1,2,1,1,2,4,1,2
SF,IC2103,2020-08-13 09:33:03.300,6044.0000,12797,0,149773320.000,0,-,-,-,-,6039.2000,6036.2000,6034.6000,6030.4000,6030.0000,6044.0000,6044.2000,6049.8000,6050.0000,6051.0000,1,1,1,1,1,1,1,2,4,1
SF,IC2103,2020-08-13 09:33:03.800,6044.0000,12797,0,149773320.000,0,-,-,-,-,6039.2000,6036.2000,6034.6000,6030.4000,6030.0000,6043.8000,6044.0000,6044.2000,6049.8000,6050.0000,1,1,1,1,1,1,1,1,2,4
SF,IC2103,2020-08-13 09:33:04.300,6044.0000,12797,0,149773320.000,0,-,-,-,-,6036.2000,6034.6000,6030.4000,6030.0000,6011.4000,6043.6000,6043.8000,6044.2000,6049.8000,6050.0000,1,1,1,1,1,1,1,1,2,4
SF,IC2103,2020-08-13 09:33:04.800,6044.0000,12797,0,149773320.000,0,-,-,-,-,6036.4000,6030.4000,6030.0000,6011.4000,6011.2000,6043.4000,6043.6000,6043.8000,6049.8000,6050.0000,1,1,1,1,1,1,2,1,2,4
SF,IC2103,2020-08-13 09:33:05.300,6044.0000,12797,0,149773320.000,0,-,-,-,-,6036.4000,6030.4000,6030.0000,6011.4000,6011.2000,6042.8000,6043.2000,6043.4000,6043.6000,6043.8000,1,1,1,1,1,1,1,1,1,1
SF,IC2103,2020-08-13 09:33:05.800,6044.0000,12797,0,149773320.000,0,-,-,-,-,6036.6000,6036.4000,6030.4000,6030.0000,6011.4000,6042.6000,6042.8000,6043.6000,6043.8000,6049.8000,1,1,1,1,1,3,1,1,1,2
SF,IC2103,2020-08-13 09:33:06.300,6044.0000,12797,0,149773320.000,0,-,-,-,-,6036.8000,6036.6000,6030.4000,6030.0000,6011.4000,6042.6000,6042.8000,6043.6000,6043.8000,6049.8000,1,2,1,1,1,3,1,1,1,2
SF,IC2103,2020-08-13 09:33:06.800,6044.0000,12797,0,149773320.000,0,-,-,-,-,6036.8000,6036.6000,6030.4000,6030.0000,6011.4000,6042.6000,6042.8000,6043.6000,6049.8000,6050.0000,1,2,1,1,1,2,1,1,2,4
SF,IC2103,2020-08-13 09:33:07.300,6044.0000,12797,0,149773320.000,0,-,-,-,-,6036.8000,6036.6000,6030.4000,6030.0000,6011.4000,6042.6000,6042.8000,6043.6000,6049.8000,6050.0000,1,1,1,1,1,1,1,1,2,4
SF,IC2103,2020-08-13 09:33:07.800,6044.0000,12797,0,149773320.000,0,-,-,-,-,6036.8000,6036.6000,6030.4000,6030.0000,6011.4000,6042.6000,6042.8000,6043.6000,6049.8000,6050.0000,1,1,1,1,1,1,1,1,2,3
SF,IC2103,2020-08-13 09:33:08.300,6044.0000,12797,0,149773320.000,0,-,-,-,-,6036.8000,6036.6000,6030.4000,6030.0000,6011.4000,6042.6000,6042.8000,6043.6000,6049.8000,6050.0000,1,1,1,1,1,1,1,1,2,3
SF,IC2103,2020-08-13 09:33:08.800,6044.0000,12797,0,149773320.000,0,-,-,-,-,6037.0000,6036.8000,6036.6000,6030.4000,6030.0000,6042.6000,6042.8000,6043.6000,6049.8000,6050.0000,1,1,1,1,1,1,1,1,2,3
SF,IC2103,2020-08-13 09:33:09.300,6044.0000,12797,0,149773320.000,0,-,-,-,-,6037.2000,6037.0000,6036.6000,6030.4000,6030.0000,6042.6000,6042.8000,6043.6000,6049.8000,6050.0000,1,1,1,1,1,1,1,1,2,3
SF,IC2103,2020-08-13 09:33:09.800,6044.0000,12797,0,149773320.000,0,-,-,-,-,6037.2000,6036.6000,6030.4000,6030.0000,6011.4000,6042.4000,6042.6000,6042.8000,6043.6000,6049.8000,1,1,1,1,1,1,1,1,1,2
SF,IC2103,2020-08-13 09:33:10.300,6044.0000,12797,0,149773320.000,0,-,-,-,-,6037.2000,6036.6000,6030.4000,6030.0000,6011.4000,6042.2000,6042.4000,6042.8000,6043.6000,6049.8000,1,1,1,1,1,1,1,1,1,2
SF,IC2103,2020-08-13 09:33:10.800,6037.2000,12796,-1,150980760.000,1,0,1,双平,S,6036.6000,6030.4000,6030.0000,6011.4000,6011.2000,6042.0000,6042.2000,6042.4000,6042.8000,6043.6000,1,1,1,1,1,1,1,1,1,1
SF,IC2103,2020-08-13 09:33:11.300,6037.2000,12796,0,150980760.000,0,-,-,-,-,6036.6000,6030.4000,6030.0000,6011.4000,6011.2000,6041.8000,6042.0000,6042.4000,6042.8000,6043.6000,1,1,1,1,1,1,1,1,1,1
SF,IC2103,2020-08-13 09:33:12.800,6037.2000,12796,0,150980760.000,0,-,-,-,-,6036.6000,6030.4000,6030.0000,6011.4000,6011.2000,6041.2000,6041.6000,6041.8000,6042.0000,6042.4000,1,1,1,1,1,1,1,1,1,1
SF,IC2103,2020-08-13 09:33:13.300,6036.6000,12796,0,152188080.000,1,0,1,多换,S,6030.4000,6030.0000,6011.4000,6011.2000,6001.0000,6040.6000,6041.0000,6041.2000,6041.6000,6042.0000,1,1,1,1,4,1,1,1,1,1
SF,IC2103,2020-08-13 09:33:13.800,6036.6000,12796,0,152188080.000,0,-,-,-,-,6030.6000,6030.4000,6030.0000,6011.4000,6011.2000,6040.4000,6040.6000,6041.2000,6041.6000,6042.0000,2,1,1,1,1,2,1,1,1,1
SF,IC2103,2020-08-13 09:33:14.300,6036.6000,12796,0,152188080.000,0,-,-,-,-,6030.8000,6030.6000,6030.0000,6011.4000,6011.2000,6040.2000,6040.4000,6040.6000,6041.2000,6041.6000,1,2,1,1,1,1,2,1,1,1
SF,IC2103,2020-08-13 09:33:14.800,6036.6000,12796,0,152188080.000,0,-,-,-,-,6031.0000,6030.8000,6030.6000,6030.0000,6011.4000,6040.0000,6040.2000,6040.4000,6040.6000,6041.2000,1,1,1,1,1,1,1,1,1,1
SF,IC2103,2020-08-13 09:33:15.300,6036.6000,12796,0,152188080.000,0,-,-,-,-,6031.2000,6031.0000,6030.8000,6030.6000,6030.0000,6039.8000,6040.0000,6040.4000,6040.6000,6043.6000,2,1,1,1,1,1,1,1,1,1
SF,IC2103,2020-08-13 09:33:15.800,6036.6000,12796,0,152188080.000,0,-,-,-,-,6031.4000,6031.2000,6030.6000,6030.0000,6026.6000,6039.6000,6039.8000,6040.4000,6040.6000,6043.6000,1,2,1,1,1,1,1,1,1,1
SF,IC2103,2020-08-13 09:33:16.300,6036.6000,12796,0,152188080.000,0,-,-,-,-,6031.6000,6031.4000,6031.2000,6030.6000,6030.0000,6039.4000,6040.4000,6040.6000,6043.6000,6049.8000,1,1,2,1,1,1,1,1,1,2
SF,IC2103,2020-08-13 09:33:16.800,6036.6000,12796,0,152188080.000,0,-,-,-,-,6031.8000,6031.6000,6031.2000,6031.0000,6030.6000,6039.4000,6040.4000,6040.6000,6043.6000,6049.8000,1,1,2,1,1,1,1,1,1,2
SF,IC2103,2020-08-13 09:33:17.300,6036.6000,12796,0,152188080.000,0,-,-,-,-,6032.6000,6032.0000,6031.8000,6031.2000,6031.0000,6039.4000,6040.4000,6040.6000,6043.6000,6049.8000,1,3,1,1,1,1,1,1,1,2
SF,IC2103,2020-08-13 09:33:17.800,6036.6000,12796,0,152188080.000,0,-,-,-,-,6032.8000,6032.0000,6031.8000,6031.0000,6030.6000,6039.4000,6040.4000,6040.6000,6049.8000,6050.0000,2,2,1,1,1,2,1,1,2,3
SF,IC2103,2020-08-13 09:33:18.300,6036.6000,12796,0,152188080.000,0,-,-,-,-,6033.4000,6032.8000,6032.0000,6031.8000,6031.0000,6039.4000,6040.6000,6049.8000,6050.0000,6051.0000,1,2,1,1,1,2,1,2,3,1
SF,IC2103,2020-08-13 09:33:18.800,6036.6000,12796,0,152188080.000,0,-,-,-,-,6033.6000,6033.4000,6032.0000,6031.8000,6031.0000,6039.2000,6039.4000,6040.6000,6049.8000,6050.0000,1,1,1,1,1,1,2,1,2,3
SF,IC2103,2020-08-13 09:33:19.300,6036.6000,12796,0,152188080.000,0,-,-,-,-,6033.6000,6033.4000,6032.0000,6031.8000,6031.0000,6039.0000,6039.2000,6039.4000,6040.6000,6044.0000,1,1,1,1,1,1,1,1,1,1
SF,IC2103,2020-08-13 09:33:19.800,6036.6000,12796,0,152188080.000,0,-,-,-,-,6033.8000,6033.6000,6031.0000,6030.6000,6030.0000,6039.0000,6039.2000,6039.4000,6040.6000,6044.0000,1,1,1,1,1,1,1,1,1,1
SF,IC2103,2020-08-13 09:33:20.300,6036.6000,12796,0,152188080.000,0,-,-,-,-,6033.8000,6031.0000,6030.6000,6030.0000,6026.6000,6038.8000,6039.0000,6039.4000,6040.6000,6044.0000,1,1,1,1,1,1,1,1,1,1
SF,IC2103,2020-08-13 09:33:20.800,6033.8000,12795,-1,153394840.000,1,0,1,双平,S,6031.0000,6030.6000,6030.0000,6026.6000,6011.4000,6038.4000,6038.6000,6038.8000,6039.4000,6044.0000,1,1,1,1,1,1,1,1,1,1
SF,IC2103,2020-08-13 09:33:21.300,6033.8000,12795,0,153394840.000,0,-,-,-,-,6031.2000,6031.0000,6030.6000,6030.0000,6026.6000,6038.0000,6038.2000,6038.4000,6038.8000,6039.4000,1,1,1,1,1,1,1,1,1,1
SF,IC2103,2020-08-13 09:33:21.800,6033.8000,12795,0,153394840.000,0,-,-,-,-,6031.2000,6031.0000,6030.6000,6030.0000,6026.6000,6037.8000,6038.0000,6038.4000,6038.8000,6039.4000,1,1,1,1,1,3,1,1,1,1
SF,IC2103,2020-08-13 09:33:22.300,6033.8000,12795,0,153394840.000,0,-,-,-,-,6031.0000,6030.0000,6026.6000,6011.4000,6011.2000,6037.2000,6037.8000,6038.4000,6038.8000,6039.4000,1,1,1,1,1,1,3,1,1,1
SF,IC2103,2020-08-13 09:33:22.800,6033.8000,12795,0,153394840.000,0,-,-,-,-,6031.0000,6030.0000,6026.6000,6011.4000,6011.2000,6037.0000,6037.8000,6038.4000,6038.8000,6039.4000,1,1,1,1,1,3,1,1,1,1
SF,IC2103,2020-08-13 09:33:23.300,6033.8000,12795,0,153394840.000,0,-,-,-,-,6031.2000,6031.0000,6030.0000,6011.4000,6011.2000,6037.0000,6037.8000,6038.4000,6039.4000,6044.0000,1,1,1,1,1,3,1,1,1,1
SF,IC2103,2020-08-13 09:33:23.800,6033.8000,12795,0,153394840.000,0,-,-,-,-,6031.4000,6031.2000,6031.0000,6030.0000,6011.4000,6037.0000,6038.4000,6039.4000,6040.0000,6044.0000,1,1,1,1,1,2,1,1,2,1
SF,IC2103,2020-08-13 09:33:24.300,6033.8000,12795,0,153394840.000,0,-,-,-,-,6031.6000,6031.4000,6031.0000,6030.0000,6011.4000,6038.4000,6039.4000,6040.0000,6044.0000,6049.8000,1,1,1,1,1,1,1,2,1,2
SF,IC2103,2020-08-13 09:33:24.800,6033.8000,12795,0,153394840.000,0,-,-,-,-,6031.8000,6031.6000,6031.4000,6031.0000,6030.0000,6038.2000,6038.4000,6039.4000,6040.0000,6044.0000,1,1,1,1,1,1,1,1,2,1
SF,IC2103,2020-08-13 09:33:25.300,6033.8000,12795,0,153394840.000,0,-,-,-,-,6032.0000,6031.8000,6031.0000,6030.0000,6011.4000,6038.2000,6038.4000,6039.4000,6040.0000,6044.0000,1,1,1,1,1,1,1,1,2,1
SF,IC2103,2020-08-13 09:33:25.800,6033.8000,12795,0,153394840.000,0,-,-,-,-,6032.2000,6032.0000,6031.0000,6030.0000,6011.4000,6038.0000,6038.2000,6038.4000,6039.4000,6040.0000,1,1,1,1,1,1,1,1,1,2
SF,IC2103,2020-08-13 09:33:26.300,6033.8000,12795,0,153394840.000,0,-,-,-,-,6032.8000,6032.2000,6031.0000,6030.0000,6011.4000,6037.8000,6038.0000,6038.4000,6039.4000,6040.0000,1,1,1,1,1,1,1,1,1,2
SF,IC2103,2020-08-13 09:33:26.800,6032.8000,12794,-1,154601400.000,1,0,1,双平,S,6032.2000,6031.0000,6030.0000,6011.4000,6011.2000,6037.6000,6038.0000,6038.4000,6039.4000,6040.0000,1,1,1,1,1,1,1,1,1,2
SF,IC2103,2020-08-13 09:33:27.300,6032.8000,12794,0,154601400.000,0,-,-,-,-,6031.0000,6030.0000,6011.4000,6011.2000,6001.0000,6037.4000,6037.6000,6038.0000,6038.4000,6039.4000,1,1,1,1,4,1,1,1,1,1
SF,IC2103,2020-08-13 09:33:27.800,6032.8000,12794,0,154601400.000,0,-,-,-,-,6031.0000,6030.0000,6011.4000,6011.2000,6001.0000,6036.8000,6037.2000,6037.4000,6037.6000,6038.0000,1,1,1,1,4,1,2,1,1,1
SF,IC2103,2020-08-13 09:33:28.300,6032.8000,12794,0,154601400.000,0,-,-,-,-,6031.0000,6030.0000,6011.4000,6011.2000,6001.0000,6035.2000,6036.2000,6036.6000,6036.8000,6037.2000,1,1,1,1,4,1,1,2,1,2
SF,IC2103,2020-08-13 09:33:28.800,6032.8000,12794,0,154601400.000,0,-,-,-,-,6031.2000,6031.0000,6030.0000,6011.4000,6011.2000,6036.2000,6036.6000,6037.2000,6037.6000,6039.4000,1,1,1,1,1,1,1,1,1,1
SF,IC2103,2020-08-13 09:33:29.300,6032.8000,12794,0,154601400.000,0,-,-,-,-,6031.4000,6031.2000,6031.0000,6030.0000,6011.4000,6036.2000,6036.6000,6039.4000,6040.0000,6044.0000,1,1,1,1,1,1,1,1,2,1
SF,IC2103,2020-08-13 09:33:29.800,6032.8000,12794,0,154601400.000,0,-,-,-,-,6031.6000,6031.4000,6031.0000,6030.0000,6011.4000,6039.4000,6040.0000,6048.8000,6049.8000,6050.0000,1,1,1,1,1,1,2,1,2,3
SF,IC2103,2020-08-13 09:33:30.300,6032.8000,12794,0,154601400.000,0,-,-,-,-,6031.8000,6031.6000,6031.4000,6031.0000,6030.0000,6039.2000,6039.4000,6040.0000,6048.8000,6049.8000,1,1,1,1,1,1,1,2,1,2
SF,IC2103,2020-08-13 09:33:30.800,6032.8000,12794,0,154601400.000,0,-,-,-,-,6032.0000,6031.8000,6031.4000,6031.0000,6030.0000,6039.2000,6040.0000,6048.8000,6049.8000,6050.0000,2,1,1,1,1,1,2,1,2,3
SF,IC2103,2020-08-13 09:33:31.300,6032.8000,12794,0,154601400.000,0,-,-,-,-,6032.6000,6032.2000,6032.0000,6031.4000,6031.0000,6039.2000,6040.0000,6048.8000,6049.8000,6050.0000,1,1,2,1,1,1,2,1,2,3
SF,IC2103,2020-08-13 09:33:31.800,6032.8000,12794,0,154601400.000,0,-,-,-,-,6032.8000,6032.6000,6032.0000,6031.4000,6031.0000,6039.2000,6040.0000,6048.8000,6049.8000,6050.0000,4,1,1,1,1,1,2,1,2,3
SF,IC2103,2020-08-13 09:33:32.300,6039.2000,12793,-1,155809240.000,1,0,1,双平,S,6033.4000,6033.0000,6032.8000,6032.6000,6032.0000,6040.0000,6048.8000,6049.8000,6050.0000,6051.0000,1,1,2,1,1,2,1,2,3,1
SF,IC2103,2020-08-13 09:33:32.800,6039.2000,12793,0,155809240.000,0,-,-,-,-,6034.0000,6033.6000,6033.4000,6033.0000,6032.8000,6040.0000,6048.8000,6049.8000,6050.0000,6051.0000,1,3,1,1,2,2,1,2,3,1
SF,IC2103,2020-08-13 09:33:33.300,6039.2000,12793,0,155809240.000,0,-,-,-,-,6034.6000,6034.2000,6034.0000,6033.6000,6033.0000,6040.0000,6048.8000,6049.8000,6050.0000,6051.0000,1,2,2,1,1,2,1,2,3,1
SF,IC2103,2020-08-13 09:33:33.800,6039.2000,12793,0,155809240.000,0,-,-,-,-,6035.4000,6034.8000,6034.6000,6034.4000,6034.2000,6040.0000,6048.8000,6049.8000,6050.0000,6051.0000,1,1,1,1,1,2,1,2,3,1
SF,IC2103,2020-08-13 09:33:34.300,6039.2000,12793,0,155809240.000,0,-,-,-,-,6035.6000,6035.4000,6035.0000,6034.6000,6034.2000,6040.0000,6048.8000,6049.8000,6050.0000,6051.0000,1,1,1,1,1,2,1,2,3,1
SF,IC2103,2020-08-13 09:33:34.800,6039.2000,12793,0,155809240.000,0,-,-,-,-,6035.6000,6035.4000,6035.0000,6034.6000,6034.0000,6040.0000,6048.8000,6049.8000,6050.0000,6051.0000,1,1,1,1,1,2,1,2,3,1
SF,IC2103,2020-08-13 09:33:35.300,6039.2000,12793,0,155809240.000,0,-,-,-,-,6036.2000,6035.6000,6035.4000,6034.6000,6034.0000,6039.8000,6040.0000,6048.8000,6049.8000,6050.0000,1,1,1,1,1,1,2,1,2,3
SF,IC2103,2020-08-13 09:33:35.800,6039.8000,12793,0,157017200.000,1,0,1,多换,S,6036.2000,6035.6000,6034.6000,6034.0000,6033.6000,6040.0000,6048.8000,6049.8000,6050.0000,6051.0000,1,1,1,1,1,2,1,2,3,1
SF,IC2103,2020-08-13 09:33:36.300,6039.8000,12793,0,157017200.000,0,-,-,-,-,6035.6000,6033.6000,6033.0000,6032.8000,6032.0000,6039.8000,6040.0000,6048.8000,6049.8000,6050.0000,1,1,1,1,1,1,2,1,2,3
SF,IC2103,2020-08-13 09:33:36.800,6039.8000,12793,0,157017200.000,0,-,-,-,-,6033.6000,6033.0000,6031.0000,6030.0000,6011.4000,6039.8000,6040.0000,6048.8000,6049.8000,6050.0000,1,1,1,1,1,1,2,1,2,3
SF,IC2103,2020-08-13 09:33:37.300,6039.8000,12793,0,157017200.000,0,-,-,-,-,6033.8000,6033.6000,6031.0000,6030.0000,6011.4000,6039.6000,6039.8000,6040.0000,6048.8000,6049.8000,1,1,1,1,1,1,1,2,1,2
SF,IC2103,2020-08-13 09:33:37.800,6039.8000,12793,0,157017200.000,0,-,-,-,-,6034.0000,6033.8000,6033.6000,6031.0000,6030.0000,6039.4000,6039.6000,6040.0000,6048.8000,6049.8000,1,1,1,1,1,1,1,2,1,2
SF,IC2103,2020-08-13 09:33:38.300,6039.8000,12793,0,157017200.000,0,-,-,-,-,6034.2000,6034.0000,6033.6000,6031.0000,6030.0000,6040.0000,6048.8000,6049.8000,6050.0000,6051.0000,1,1,1,1,1,2,1,2,3,1
SF,IC2103,2020-08-13 09:33:38.800,6040.0000,12793,0,159433200.000,2,1,1,多换,S,6035.2000,6034.4000,6034.2000,6034.0000,6033.6000,6048.8000,6049.8000,6050.0000,6051.0000,6052.0000,1,1,1,1,1,1,2,3,1,2
SF,IC2103,2020-08-13 09:33:39.300,6040.0000,12793,0,159433200.000,0,-,-,-,-,6035.4000,6035.2000,6034.8000,6034.4000,6034.0000,6045.8000,6048.0000,6048.8000,6049.8000,6050.0000,2,1,1,1,1,1,2,1,2,3
SF,IC2103,2020-08-13 09:33:39.800,6040.0000,12793,0,159433200.000,0,-,-,-,-,6036.4000,6035.8000,6035.4000,6035.2000,6034.8000,6045.6000,6048.0000,6048.8000,6049.8000,6050.0000,1,1,2,1,1,1,2,1,2,3
SF,IC2103,2020-08-13 09:33:40.300,6040.0000,12793,0,159433200.000,0,-,-,-,-,6036.6000,6036.4000,6036.2000,6035.2000,6034.8000,6044.8000,6045.6000,6045.8000,6048.0000,6048.8000,2,2,1,1,1,1,1,1,1,1
SF,IC2103,2020-08-13 09:33:40.800,6040.0000,12793,0,159433200.000,0,-,-,-,-,6037.0000,6036.8000,6036.6000,6036.4000,6036.2000,6044.6000,6044.8000,6045.8000,6048.0000,6048.8000,1,1,2,1,1,2,1,1,1,1
SF,IC2103,2020-08-13 09:33:41.300,6040.0000,12793,0,159433200.000,0,-,-,-,-,6037.2000,6037.0000,6036.8000,6033.6000,6031.0000,6044.6000,6044.8000,6045.8000,6048.0000,6048.8000,2,1,1,1,1,2,1,1,1,1
SF,IC2103,2020-08-13 09:33:41.800,6040.0000,12793,0,159433200.000,0,-,-,-,-,6037.2000,6031.0000,6030.0000,6011.4000,6011.2000,6044.6000,6044.8000,6045.8000,6048.0000,6048.8000,2,1,1,1,1,2,1,1,1,1
SF,IC2103,2020-08-13 09:33:42.300,6040.0000,12793,0,159433200.000,0,-,-,-,-,6037.2000,6035.0000,6031.0000,6030.0000,6011.4000,6044.4000,6044.6000,6044.8000,6045.8000,6048.0000,1,1,1,1,1,1,2,1,1,1
SF,IC2103,2020-08-13 09:33:42.800,6040.0000,12793,0,159433200.000,0,-,-,-,-,6037.2000,6035.0000,6031.0000,6030.0000,6011.4000,6044.0000,6044.2000,6044.4000,6044.8000,6045.8000,1,1,1,1,1,1,1,1,1,1
SF,IC2103,2020-08-13 09:33:43.300,6040.0000,12793,0,159433200.000,0,-,-,-,-,6037.4000,6037.2000,6035.0000,6031.0000,6030.0000,6043.8000,6044.0000,6044.8000,6045.8000,6048.0000,1,1,1,1,1,2,1,1,1,1
SF,IC2103,2020-08-13 09:33:43.800,6040.0000,12793,0,159433200.000,0,-,-,-,-,6037.6000,6037.4000,6035.0000,6031.0000,6030.0000,6043.8000,6044.0000,6045.8000,6048.0000,6048.8000,1,1,1,1,1,2,1,1,1,1
SF,IC2103,2020-08-13 09:33:44.300,6040.0000,12793,0,159433200.000,0,-,-,-,-,6037.8000,6037.6000,6037.4000,6035.0000,6031.0000,6043.8000,6045.8000,6048.0000,6048.8000,6049.8000,1,1,1,1,1,2,1,1,1,2
SF,IC2103,2020-08-13 09:33:44.800,6040.0000,12793,0,159433200.000,0,-,-,-,-,6038.0000,6037.8000,6037.4000,6035.0000,6031.0000,6043.8000,6045.8000,6048.0000,6048.8000,6049.8000,1,1,1,1,1,1,1,1,1,2
SF,IC2103,2020-08-13 09:33:45.300,6038.4000,12792,-1,160640880.000,1,0,1,双平,S,6038.2000,6038.0000,6037.8000,6037.4000,6035.0000,6043.8000,6048.0000,6048.8000,6049.8000,6050.0000,2,1,1,1,1,1,1,1,2,4
SF,IC2103,2020-08-13 09:33:45.800,6038.4000,12792,0,160640880.000,0,-,-,-,-,6038.4000,6038.2000,6037.8000,6037.4000,6035.0000,6043.8000,6048.0000,6048.8000,6049.8000,6050.0000,1,2,1,1,1,1,1,1,2,4
SF,IC2103,2020-08-13 09:33:46.300,6038.4000,12792,0,160640880.000,0,-,-,-,-,6038.4000,6038.2000,6037.8000,6037.4000,6035.0000,6048.0000,6048.8000,6049.8000,6050.0000,6051.0000,1,1,1,1,1,1,1,2,4,1
SF,IC2103,2020-08-13 09:33:46.800,6038.4000,12792,0,160640880.000,0,-,-,-,-,6038.6000,6038.4000,6038.2000,6035.0000,6031.0000,6047.8000,6048.0000,6048.8000,6049.8000,6050.0000,1,1,1,1,1,3,2,1,2,4
SF,IC2103,2020-08-13 09:33:47.300,6038.4000,12792,0,160640880.000,0,-,-,-,-,6038.8000,6038.6000,6038.2000,6035.0000,6031.0000,6045.8000,6047.2000,6047.8000,6048.0000,6048.8000,1,1,1,1,1,1,1,3,2,1
SF,IC2103,2020-08-13 09:33:47.800,6038.4000,12792,0,160640880.000,0,-,-,-,-,6040.0000,6039.0000,6038.8000,6038.2000,6035.0000,6044.8000,6045.6000,6045.8000,6047.2000,6048.0000,1,1,1,1,1,1,2,2,1,1
SF,IC2103,2020-08-13 09:33:48.300,6040.0000,12792,0,161848880.000,1,0,1,多换,S,6039.0000,6035.0000,6031.0000,6030.0000,6011.4000,6044.6000,6044.8000,6045.6000,6045.8000,6046.8000,1,1,1,1,1,1,1,1,2,1
SF,IC2103,2020-08-13 09:33:48.800,6040.0000,12792,0,161848880.000,0,-,-,-,-,6035.0000,6031.0000,6030.0000,6011.4000,6011.2000,6044.2000,6044.4000,6044.6000,6044.8000,6045.6000,1,1,1,1,1,1,1,1,1,1
SF,IC2103,2020-08-13 09:33:49.300,6040.0000,12792,0,161848880.000,0,-,-,-,-,6035.2000,6035.0000,6031.0000,6030.0000,6011.4000,6043.6000,6044.0000,6044.2000,6044.4000,6044.8000,1,1,1,1,1,1,2,1,1,1
SF,IC2103,2020-08-13 09:33:49.800,6040.0000,12792,0,161848880.000,0,-,-,-,-,6035.2000,6035.0000,6031.0000,6030.0000,6011.4000,6043.4000,6043.6000,6044.0000,6044.4000,6044.8000,1,1,1,1,1,2,1,2,1,1
SF,IC2103,2020-08-13 09:33:50.300,6040.0000,12792,0,161848880.000,0,-,-,-,-,6035.4000,6035.2000,6035.0000,6031.0000,6030.0000,6042.8000,6043.0000,6043.2000,6043.4000,6044.0000,1,1,1,1,1,1,1,1,2,1
SF,IC2103,2020-08-13 09:33:50.800,6040.0000,12792,0,161848880.000,0,-,-,-,-,6035.6000,6035.4000,6035.0000,6031.0000,6030.0000,6042.8000,6043.0000,6043.2000,6044.0000,6044.8000,2,1,1,1,1,1,1,1,1,1
SF,IC2103,2020-08-13 09:33:51.300,6040.0000,12792,0,161848880.000,0,-,-,-,-,6036.2000,6035.8000,6035.6000,6035.4000,6035.0000,6045.8000,6048.0000,6048.8000,6049.8000,6050.0000,1,1,2,1,1,1,1,1,2,4
SF,IC2103,2020-08-13 09:33:51.800,6040.0000,12792,0,161848880.000,0,-,-,-,-,6036.4000,6036.2000,6035.8000,6035.4000,6031.0000,6048.0000,6048.8000,6049.8000,6050.0000,6051.0000,3,1,1,1,1,1,1,2,4,1
SF,IC2103,2020-08-13 09:33:52.300,6040.0000,12792,0,161848880.000,0,-,-,-,-,6036.6000,6036.4000,6036.2000,6031.0000,6030.0000,6047.8000,6048.0000,6048.8000,6049.8000,6050.0000,1,3,1,1,1,1,2,1,2,4
SF,IC2103,2020-08-13 09:33:52.800,6040.0000,12792,0,161848880.000,0,-,-,-,-,6036.8000,6036.6000,6036.4000,6036.2000,6031.0000,6044.8000,6045.8000,6047.2000,6047.8000,6048.0000,2,1,1,1,1,1,1,1,1,1
SF,IC2103,2020-08-13 09:33:53.300,6040.0000,12792,0,161848880.000,0,-,-,-,-,6036.8000,6036.4000,6036.2000,6031.0000,6030.0000,6044.6000,6045.8000,6046.8000,6047.2000,6048.0000,2,1,1,1,1,1,1,1,1,1
SF,IC2103,2020-08-13 09:33:53.800,6040.0000,12792,0,161848880.000,0,-,-,-,-,6036.8000,6036.4000,6036.2000,6031.0000,6030.0000,6044.6000,6044.8000,6045.8000,6046.8000,6047.2000,2,1,1,1,1,1,1,1,1,1
SF,IC2103,2020-08-13 09:33:54.300,6040.0000,12792,0,161848880.000,0,-,-,-,-,6036.8000,6036.4000,6031.0000,6030.0000,6011.4000,6044.2000,6044.4000,6044.6000,6044.8000,6045.8000,1,2,1,1,1,1,1,1,1,1
SF,IC2103,2020-08-13 09:33:54.800,6040.0000,12792,0,161848880.000,0,-,-,-,-,6036.8000,6036.4000,6031.0000,6030.0000,6011.4000,6042.4000,6044.0000,6044.2000,6044.8000,6045.8000,1,2,1,1,1,1,2,2,1,1
SF,IC2103,2020-08-13 09:33:55.300,6040.0000,12792,0,161848880.000,0,-,-,-,-,6037.0000,6036.8000,6036.4000,6031.0000,6030.0000,6042.2000,6042.4000,6044.0000,6044.2000,6044.8000,1,1,1,1,1,1,1,1,1,1
SF,IC2103,2020-08-13 09:33:55.800,6040.0000,12792,0,161848880.000,0,-,-,-,-,6037.2000,6037.0000,6036.4000,6031.0000,6030.0000,6042.2000,6042.4000,6044.0000,6044.2000,6044.8000,1,1,1,1,1,1,1,1,1,1
SF,IC2103,2020-08-13 09:33:56.300,6040.0000,12792,0,161848880.000,0,-,-,-,-,6037.4000,6037.2000,6037.0000,6036.4000,6031.0000,6042.4000,6044.0000,6044.2000,6047.2000,6048.0000,1,1,1,1,1,1,1,1,1,1
SF,IC2103,2020-08-13 09:33:56.800,6042.4000,12792,0,163057360.000,1,0,1,多换,S,6037.6000,6037.4000,6037.0000,6036.4000,6031.0000,6044.2000,6047.2000,6048.0000,6048.8000,6049.8000,1,1,1,1,1,1,1,1,1,2
SF,IC2103,2020-08-13 09:33:57.300,6042.4000,12792,0,163057360.000,0,-,-,-,-,6037.8000,6037.6000,6037.4000,6037.0000,6036.4000,6044.2000,6047.2000,6048.0000,6048.8000,6049.8000,2,1,1,1,1,1,1,1,1,2
SF,IC2103,2020-08-13 09:33:57.800,6044.2000,12792,0,164266200.000,1,0,1,多换,S,6044.2000,6038.0000,6037.8000,6037.4000,6037.0000,6047.2000,6048.0000,6048.8000,6049.8000,6050.0000,1,1,2,1,1,1,1,1,2,3
SF,IC2103,2020-08-13 09:33:58.300,6044.2000,12792,0,165475040.000,1,0,1,多换,S,6038.0000,6037.8000,6037.4000,6037.0000,6036.4000,6047.2000,6048.0000,6048.8000,6049.8000,6050.0000,1,2,1,1,1,1,2,1,2,3
SF,IC2103,2020-08-13 09:33:58.800,6044.2000,12792,0,165475040.000,0,-,-,-,-,6038.2000,6038.0000,6037.8000,6037.4000,6037.0000,6047.0000,6047.2000,6048.0000,6048.8000,6049.8000,2,1,1,1,1,2,1,2,1,2
SF,IC2103,2020-08-13 09:33:59.300,6044.2000,12792,0,165475040.000,0,-,-,-,-,6038.4000,6038.2000,6037.8000,6037.4000,6037.0000,6047.0000,6047.2000,6048.0000,6048.8000,6049.8000,1,2,1,1,1,2,1,2,1,2
SF,IC2103,2020-08-13 09:33:59.800,6044.2000,12792,0,165475040.000,0,-,-,-,-,6038.6000,6038.4000,6038.2000,6037.8000,6037.4000,6045.0000,6045.2000,6047.0000,6047.2000,6048.0000,2,1,1,1,1,1,1,2,1,2
SF,IC2103,2020-08-13 09:34:00.300,6044.2000,12792,0,165475040.000,0,-,-,-,-,6038.8000,6038.6000,6038.2000,6037.8000,6037.4000,6045.0000,6045.2000,6047.0000,6047.2000,6048.0000,1,1,1,1,1,1,1,1,1,2
SF,IC2103,2020-08-13 09:34:00.800,6044.2000,12792,0,165475040.000,0,-,-,-,-,6039.0000,6038.8000,6038.2000,6037.8000,6037.4000,6044.8000,6045.0000,6045.2000,6047.0000,6047.2000,2,1,1,1,1,1,1,1,1,1
SF,IC2103,2020-08-13 09:34:01.300,6044.2000,12792,0,165475040.000,0,-,-,-,-,6039.2000,6039.0000,6038.2000,6037.8000,6037.4000,6045.0000,6045.2000,6047.0000,6047.2000,6048.0000,1,1,1,1,1,1,1,1,1,2
SF,IC2103,2020-08-13 09:34:01.800,6044.2000,12792,0,165475040.000,0,-,-,-,-,6039.4000,6039.2000,6039.0000,6038.2000,6037.8000,6044.8000,6045.0000,6045.2000,6047.2000,6048.0000,1,1,1,1,1,1,1,1,1,2
SF,IC2103,2020-08-13 09:34:02.300,6044.2000,12792,0,165475040.000,0,-,-,-,-,6039.6000,6039.4000,6038.2000,6037.8000,6037.4000,6045.0000,6045.2000,6047.2000,6048.0000,6048.8000,2,1,1,1,1,1,1,1,2,1
SF,IC2103,2020-08-13 09:34:02.800,6044.2000,12792,0,165475040.000,0,-,-,-,-,6039.8000,6039.6000,6039.4000,6038.2000,6037.8000,6045.0000,6045.2000,6047.2000,6048.0000,6048.8000,1,2,1,1,1,1,1,1,2,1
SF,IC2103,2020-08-13 09:34:03.300,6040.0000,12791,-1,166683040.000,1,0,1,双平,S,6039.8000,6039.6000,6039.4000,6038.2000,6037.8000,6045.0000,6045.2000,6047.2000,6048.0000,6048.8000,1,1,1,1,1,1,1,1,1,1
SF,IC2103,2020-08-13 09:34:03.800,6045.2000,12790,-1,169101080.000,2,0,2,多平,S,6040.0000,6039.8000,6039.6000,6039.4000,6038.2000,6048.0000,6048.8000,6049.8000,6050.0000,6051.0000,1,1,1,1,1,1,1,2,3,1
SF,IC2103,2020-08-13 09:34:04.300,6040.2000,12790,0,170309120.000,1,0,1,多换,S,6040.2000,6040.0000,6039.8000,6039.6000,6039.4000,6047.8000,6048.0000,6048.8000,6049.8000,6050.0000,2,1,1,1,1,1,1,1,2,3
SF,IC2103,2020-08-13 09:34:04.800,6040.2000,12790,0,170309120.000,0,-,-,-,-,6041.2000,6041.0000,6040.6000,6040.4000,6040.2000,6048.0000,6048.8000,6049.8000,6050.0000,6051.0000,1,1,1,1,1,1,1,2,3,1
SF,IC2103,2020-08-13 09:34:05.300,6040.2000,12790,0,170309120.000,0,-,-,-,-,6041.4000,6041.2000,6041.0000,6040.6000,6039.8000,6048.0000,6048.8000,6049.8000,6050.0000,6051.0000,2,1,1,1,2,1,1,2,3,1
SF,IC2103,2020-08-13 09:34:05.800,6047.8000,12790,0,171518680.000,1,0,1,多换,S,6041.6000,6041.4000,6041.2000,6040.6000,6039.8000,6048.0000,6048.8000,6049.8000,6050.0000,6051.0000,1,2,1,1,2,1,1,2,3,1
SF,IC2103,2020-08-13 09:34:06.300,6047.8000,12790,0,171518680.000,0,-,-,-,-,6041.8000,6041.6000,6041.2000,6040.6000,6039.8000,6048.0000,6048.8000,6049.8000,6050.0000,6051.0000,2,1,1,1,2,1,1,2,3,1
SF,IC2103,2020-08-13 09:34:06.800,6047.8000,12790,0,171518680.000,0,-,-,-,-,6041.8000,6041.6000,6040.6000,6039.8000,6038.2000,6048.0000,6048.8000,6049.8000,6050.0000,6051.0000,2,1,1,2,1,1,1,2,3,1
SF,IC2103,2020-08-13 09:34:07.300,6047.8000,12790,0,171518680.000,0,-,-,-,-,6041.8000,6041.6000,6040.6000,6039.8000,6038.2000,6047.8000,6048.0000,6048.8000,6049.8000,6050.0000,1,1,1,2,1,1,1,1,2,3
SF,IC2103,2020-08-13 09:34:07.800,6047.8000,12790,0,171518680.000,0,-,-,-,-,6041.8000,6040.6000,6039.8000,6038.2000,6037.8000,6047.8000,6048.0000,6048.8000,6049.8000,6050.0000,1,1,2,1,1,1,1,1,2,3
SF,IC2103,2020-08-13 09:34:08.300,6047.8000,12790,0,171518680.000,0,-,-,-,-,6041.8000,6040.6000,6039.8000,6038.2000,6037.8000,6047.8000,6048.0000,6048.8000,6049.8000,6050.0000,1,1,2,1,1,1,1,1,2,3
SF,IC2103,2020-08-13 09:34:08.800,6047.8000,12790,0,171518680.000,0,-,-,-,-,6042.4000,6041.8000,6040.6000,6039.8000,6038.2000,6047.8000,6048.0000,6048.8000,6049.8000,6050.0000,1,1,1,2,1,1,1,1,2,3
SF,IC2103,2020-08-13 09:34:09.300,6047.8000,12790,0,171518680.000,0,-,-,-,-,6042.6000,6042.4000,6040.6000,6039.8000,6038.2000,6048.0000,6048.8000,6049.8000,6050.0000,6051.0000,1,1,1,2,1,1,1,2,3,1
SF,IC2103,2020-08-13 09:34:09.800,6047.8000,12790,0,171518680.000,0,-,-,-,-,6042.6000,6040.6000,6039.8000,6038.2000,6037.8000,6048.0000,6048.8000,6049.8000,6050.0000,6051.0000,1,1,2,1,1,1,1,2,3,1
SF,IC2103,2020-08-13 09:34:10.300,6047.8000,12790,0,171518680.000,0,-,-,-,-,6043.6000,6042.6000,6040.6000,6039.8000,6038.2000,6048.0000,6048.8000,6049.8000,6050.0000,6051.0000,1,1,1,2,1,1,1,2,3,1
SF,IC2103,2020-08-13 09:34:10.800,6047.8000,12790,0,171518680.000,0,-,-,-,-,6043.8000,6043.6000,6043.2000,6040.6000,6039.8000,6048.0000,6048.8000,6049.8000,6050.0000,6051.0000,2,1,1,1,2,1,1,2,3,1
SF,IC2103,2020-08-13 09:34:11.800,6047.8000,12790,0,171518680.000,0,-,-,-,-,6043.8000,6040.6000,6039.8000,6038.2000,6037.8000,6048.0000,6048.8000,6049.8000,6050.0000,6051.0000,2,1,2,1,1,1,1,2,3,1
SF,IC2103,2020-08-13 09:34:12.300,6047.8000,12790,0,171518680.000,0,-,-,-,-,6043.8000,6040.6000,6039.8000,6038.2000,6037.8000,6048.0000,6048.8000,6049.8000,6050.0000,6051.0000,2,1,2,1,1,1,1,2,3,1
SF,IC2103,2020-08-13 09:34:12.800,6048.0000,12790,0,172728280.000,1,0,1,多换,S,6043.8000,6040.6000,6039.8000,6036.4000,6031.0000,6048.8000,6049.8000,6050.0000,6051.0000,6052.0000,2,1,2,1,1,1,2,3,1,2
SF,IC2103,2020-08-13 09:34:13.300,6048.0000,12790,0,172728280.000,0,-,-,-,-,6043.8000,6040.6000,6039.8000,6036.4000,6031.0000,6048.8000,6049.8000,6050.0000,6051.0000,6052.0000,2,1,1,1,1,1,2,3,1,2
SF,IC2103,2020-08-13 09:34:14.300,6048.6000,12789,-1,175146760.000,2,0,2,多平,S,6043.8000,6040.6000,6039.8000,6036.4000,6031.0000,6048.8000,6049.8000,6050.0000,6051.0000,6052.0000,1,1,1,1,1,1,2,3,1,2
SF,IC2103,2020-08-13 09:34:14.800,6043.8000,12788,-1,176355520.000,1,0,1,双平,S,6039.8000,6036.4000,6031.0000,6030.0000,6011.4000,6048.8000,6049.8000,6050.0000,6051.0000,6052.0000,1,1,1,2,1,1,2,3,1,2
SF,IC2103,2020-08-13 09:34:15.300,6043.8000,12788,0,176355520.000,0,-,-,-,-,6040.0000,6039.8000,6036.4000,6031.0000,6030.0000,6048.0000,6048.6000,6048.8000,6049.8000,6050.0000,1,1,1,1,2,1,3,1,2,3
SF,IC2103,2020-08-13 09:34:15.800,6043.8000,12788,0,176355520.000,0,-,-,-,-,6040.0000,6039.8000,6036.4000,6031.0000,6030.0000,6047.8000,6048.0000,6048.6000,6048.8000,6049.8000,1,1,1,1,2,1,1,2,1,2
SF,IC2103,2020-08-13 09:34:16.300,6043.8000,12788,0,176355520.000,0,-,-,-,-,6040.0000,6039.8000,6036.4000,6031.0000,6030.0000,6047.2000,6047.6000,6047.8000,6048.6000,6048.8000,1,1,1,1,2,1,1,1,2,1
SF,IC2103,2020-08-13 09:34:16.800,6043.8000,12788,0,176355520.000,0,-,-,-,-,6040.0000,6039.8000,6036.4000,6031.0000,6030.0000,6047.0000,6047.2000,6047.6000,6048.6000,6048.8000,1,1,1,1,2,2,1,1,1,1
SF,IC2103,2020-08-13 09:34:17.300,6047.0000,12787,-1,177564920.000,1,0,1,双平,S,6040.2000,6040.0000,6039.8000,6036.4000,6031.0000,6047.0000,6047.2000,6047.6000,6048.6000,6048.8000,1,1,1,1,1,1,1,1,1,1
SF,IC2103,2020-08-13 09:34:17.800,6047.0000,12787,0,177564920.000,0,-,-,-,-,6040.4000,6040.2000,6039.8000,6036.4000,6031.0000,6047.0000,6047.2000,6048.6000,6048.8000,6049.8000,1,1,1,1,1,1,1,1,1,2
SF,IC2103,2020-08-13 09:34:18.300,6047.0000,12787,0,177564920.000,0,-,-,-,-,6040.6000,6040.4000,6039.8000,6036.4000,6031.0000,6047.0000,6047.2000,6048.6000,6048.8000,6049.8000,2,1,1,1,1,1,1,1,1,2
SF,IC2103,2020-08-13 09:34:18.800,6047.0000,12787,0,177564920.000,0,-,-,-,-,6041.2000,6040.8000,6040.6000,6040.4000,6039.8000,6047.0000,6048.6000,6048.8000,6049.8000,6050.0000,1,1,2,1,1,1,1,1,2,2
SF,IC2103,2020-08-13 09:34:19.300,6047.0000,12787,0,177564920.000,0,-,-,-,-,6041.2000,6040.8000,6040.6000,6040.4000,6039.8000,6048.8000,6049.8000,6050.0000,6051.0000,6052.0000,1,1,1,1,1,1,2,2,1,2
SF,IC2103,2020-08-13 09:34:19.800,6047.0000,12787,0,177564920.000,0,-,-,-,-,6041.4000,6041.2000,6040.8000,6039.8000,6036.4000,6048.6000,6048.8000,6049.8000,6050.0000,6051.0000,2,1,1,1,1,1,1,2,2,1
SF,IC2103,2020-08-13 09:34:20.300,6047.0000,12787,0,177564920.000,0,-,-,-,-,6042.4000,6041.4000,6039.8000,6036.4000,6031.0000,6048.4000,6048.6000,6048.8000,6049.8000,6050.0000,1,2,1,1,1,1,1,1,2,2
SF,IC2103,2020-08-13 09:34:20.800,6047.0000,12787,0,177564920.000,0,-,-,-,-,6042.6000,6041.4000,6039.8000,6036.4000,6031.0000,6048.4000,6048.6000,6048.8000,6049.8000,6050.0000,1,1,1,1,1,1,1,1,2,2
SF,IC2103,2020-08-13 09:34:21.300,6047.0000,12787,0,177564920.000,0,-,-,-,-,6042.6000,6039.8000,6036.4000,6031.0000,6030.0000,6048.4000,6048.6000,6048.8000,6049.8000,6050.0000,1,1,1,1,2,1,1,1,2,2
SF,IC2103,2020-08-13 09:34:21.800,6047.0000,12787,0,177564920.000,0,-,-,-,-,6042.6000,6039.8000,6036.4000,6031.0000,6030.0000,6047.4000,6048.0000,6048.4000,6048.6000,6048.8000,1,1,1,1,2,1,2,1,1,1
SF,IC2103,2020-08-13 09:34:22.300,6047.0000,12787,0,177564920.000,0,-,-,-,-,6039.8000,6036.4000,6031.0000,6030.0000,6011.4000,6047.2000,6047.4000,6048.0000,6048.4000,6048.6000,1,1,1,2,1,2,1,2,1,1
SF,IC2103,2020-08-13 09:34:22.800,6047.0000,12787,0,177564920.000,0,-,-,-,-,6041.4000,6040.0000,6039.8000,6036.4000,6031.0000,6047.0000,6047.2000,6047.4000,6048.0000,6048.6000,1,2,1,1,1,1,2,1,1,1
SF,IC2103,2020-08-13 09:34:23.300,6047.0000,12787,0,177564920.000,0,-,-,-,-,6040.0000,6039.8000,6036.4000,6031.0000,6030.0000,6046.6000,6047.0000,6047.2000,6048.0000,6048.6000,1,1,1,1,2,1,1,2,1,1
SF,IC2103,2020-08-13 09:34:23.800,6047.0000,12787,0,177564920.000,0,-,-,-,-,6040.2000,6040.0000,6039.8000,6036.4000,6031.0000,6046.6000,6047.0000,6047.2000,6048.0000,6048.6000,2,1,1,1,1,1,1,1,1,1
SF,IC2103,2020-08-13 09:34:24.300,6047.0000,12787,0,177564920.000,0,-,-,-,-,6040.4000,6040.2000,6039.8000,6036.4000,6031.0000,6046.6000,6047.0000,6047.2000,6048.0000,6048.6000,5,2,1,1,1,1,1,1,1,1
SF,IC2103,2020-08-13 09:34:24.800,6047.0000,12787,0,177564920.000,0,-,-,-,-,6040.6000,6040.4000,6040.2000,6039.8000,6036.4000,6046.6000,6047.0000,6047.2000,6048.6000,6048.8000,1,1,1,1,1,1,1,1,1,1
SF,IC2103,2020-08-13 09:34:25.300,6047.0000,12787,0,177564920.000,0,-,-,-,-,6041.4000,6040.8000,6040.6000,6040.2000,6039.8000,6046.6000,6047.0000,6047.2000,6048.6000,6048.8000,1,2,1,1,1,1,1,1,1,1
SF,IC2103,2020-08-13 09:34:25.800,6047.0000,12787,0,177564920.000,0,-,-,-,-,6041.4000,6040.8000,6039.8000,6036.4000,6031.0000,6046.6000,6047.0000,6047.2000,6048.6000,6048.8000,1,1,1,1,1,1,1,1,1,1
SF,IC2103,2020-08-13 09:34:26.300,6047.0000,12787,0,177564920.000,0,-,-,-,-,6041.6000,6040.8000,6039.8000,6036.4000,6031.0000,6046.4000,6046.6000,6047.0000,6047.2000,6048.6000,1,1,1,1,1,1,1,1,1,1
SF,IC2103,2020-08-13 09:34:26.800,6047.0000,12787,0,177564920.000,0,-,-,-,-,6040.8000,6039.8000,6036.4000,6031.0000,6030.0000,6046.4000,6046.6000,6047.0000,6047.2000,6048.6000,1,1,1,1,2,1,1,1,1,1
SF,IC2103,2020-08-13 09:34:27.300,6047.0000,12787,0,177564920.000,0,-,-,-,-,6040.8000,6039.8000,6036.4000,6031.0000,6030.0000,6046.4000,6046.6000,6047.0000,6047.2000,6048.6000,1,1,1,1,2,1,1,1,1,1
SF,IC2103,2020-08-13 09:34:27.800,6040.8000,12786,-1,178773080.000,1,0,1,双平,S,6039.8000,6036.4000,6031.0000,6030.0000,6011.4000,6044.8000,6045.8000,6046.4000,6047.0000,6047.2000,1,1,1,2,1,1,1,1,1,1
SF,IC2103,2020-08-13 09:34:28.300,6039.8000,12787,1,179981040.000,1,1,0,双开,S,6036.4000,6031.0000,6030.0000,6011.4000,6011.2000,6044.6000,6044.8000,6045.8000,6046.4000,6047.0000,1,1,2,1,1,1,1,1,1,1
