市场代码,合约代码,时间,最新,持仓,增仓,成交额,成交量,开仓,平仓,成交类型,方向,买一价,买二价,买三价,买四价,买五价,卖一价,卖二价,卖三价,卖四价,卖五价,买一量,买二量,买三量,买四量,买五量,卖一量,卖二量,卖三量,卖四量,卖五量
SF,IC2103,2020-08-21 09:29:00.000,6137.2000,16816,0,4909760.000,4.000,-,-,-,-,6137.0000,6132.0000,6130.0000,6126.2000,6121.4000,6151.0000,6158.0000,6166.0000,6190.0000,6198.0000,1,2,1,3,5,1,10,1,10,5
SF,IC2103,2020-08-21 09:30:00.500,6147.0000,16817,1,6139160.000,1,1,0,双开,S,6139.4000,6132.0000,6130.0000,6126.2000,6121.2000,6150.8000,6151.0000,6158.0000,6166.0000,6190.0000,3,1,1,3,1,3,1,10,1,10
SF,IC2103,2020-08-21 09:30:01.000,6139.6000,16814,-3,9823480.000,3,0,3,双平,S,6132.0000,6126.2000,6121.2000,6120.0000,6116.2000,6143.2000,6147.2000,6150.2000,6150.6000,6150.8000,1,3,1,1,1,1,1,1,2,3
SF,IC2103,2020-08-21 09:30:01.500,6139.6000,16814,0,9823480.000,0,-,-,-,-,6140.4000,6138.0000,6137.0000,6136.4000,6132.6000,6142.6000,6143.0000,6147.2000,6150.2000,6150.6000,1,1,1,1,1,1,3,1,1,1
SF,IC2103,2020-08-21 09:30:02.000,6140.8000,16813,-1,12280160.000,2,0,2,多平,S,6143.2000,6141.6000,6140.4000,6138.0000,6137.2000,6147.2000,6150.0000,6150.2000,6150.6000,6150.8000,1,1,1,1,1,1,1,1,1,3
SF,IC2103,2020-08-21 09:30:02.500,6143.0000,16811,-2,14737360.000,2,0,2,双平,S,6141.6000,6138.0000,6137.2000,6136.4000,6132.6000,6144.6000,6146.6000,6147.0000,6147.2000,6150.0000,1,1,1,1,1,1,1,4,1,1
SF,IC2103,2020-08-21 09:30:03.000,6144.6000,16807,-4,19652800.000,4,0,4,双平,S,6138.0000,6137.2000,6136.4000,6132.6000,6132.2000,6146.6000,6147.0000,6150.0000,6150.6000,6150.8000,1,1,1,1,1,1,2,1,1,3
SF,IC2103,2020-08-21 09:30:03.500,6144.6000,16807,0,19652800.000,0,-,-,-,-,6142.2000,6140.8000,6140.4000,6138.2000,6138.0000,6146.2000,6146.4000,6146.6000,6147.0000,6150.0000,1,1,2,1,1,1,1,1,1,1
SF,IC2103,2020-08-21 09:30:04.000,6144.6000,16807,0,19652800.000,0,-,-,-,-,6140.4000,6138.0000,6137.2000,6132.6000,6132.2000,6146.0000,6146.2000,6146.6000,6147.0000,6150.0000,2,1,2,1,1,1,1,1,1,1
SF,IC2103,2020-08-21 09:30:04.500,6146.0000,16806,-1,22111080.000,2,0,2,多平,S,6140.8000,6140.4000,6138.0000,6137.2000,6132.6000,6143.2000,6146.2000,6146.6000,6150.0000,6150.6000,1,2,1,2,1,1,1,1,1,1
SF,IC2103,2020-08-21 09:30:05.000,6143.8000,16806,0,23339840.000,1,0,1,多换,S,6140.4000,6138.0000,6137.2000,6132.6000,6132.2000,6146.2000,6146.6000,6150.0000,6150.6000,6150.8000,1,1,2,1,1,1,1,1,1,3
SF,IC2103,2020-08-21 09:30:05.500,6143.8000,16806,0,23339840.000,0,-,-,-,-,6138.0000,6137.2000,6132.6000,6132.2000,6132.0000,6146.0000,6146.2000,6146.6000,6150.0000,6150.6000,1,2,1,1,1,1,1,1,1,1
SF,IC2103,2020-08-21 09:30:06.000,6143.8000,16806,0,23339840.000,0,-,-,-,-,6143.2000,6138.0000,6137.2000,6132.6000,6132.2000,6146.0000,6146.2000,6146.6000,6150.0000,6150.6000,2,1,2,1,1,1,1,1,1,1
SF,IC2103,2020-08-21 09:30:06.500,6143.8000,16806,0,23339840.000,0,-,-,-,-,6143.2000,6138.0000,6137.2000,6132.6000,6132.2000,6146.0000,6146.2000,6146.6000,6150.0000,6150.6000,2,1,1,1,1,1,1,1,1,1
SF,IC2103,2020-08-21 09:30:07.000,6143.2000,16807,1,24568480.000,1,1,0,双开,S,6143.2000,6138.0000,6137.2000,6132.6000,6132.2000,6146.0000,6146.2000,6146.6000,6150.0000,6150.6000,1,1,1,1,1,1,1,1,1,1
SF,IC2103,2020-08-21 09:30:07.500,6146.0000,16808,1,27026320.000,2,1,1,空开,S,6138.0000,6137.2000,6132.6000,6132.2000,6132.0000,6146.2000,6146.6000,6150.0000,6150.6000,6150.8000,1,1,1,1,1,1,1,1,1,3
SF,IC2103,2020-08-21 09:30:08.000,6140.4000,16806,-2,29482480.000,2,0,2,双平,S,6138.4000,6138.2000,6138.0000,6137.2000,6132.6000,6144.6000,6146.2000,6146.6000,6150.0000,6150.6000,2,1,1,1,1,1,1,1,1,1
SF,IC2103,2020-08-21 09:30:08.500,6144.6000,16805,-1,30711400.000,1,0,1,双平,S,6140.8000,6140.4000,6138.6000,6138.4000,6138.0000,6143.2000,6144.6000,6146.2000,6146.6000,6150.0000,1,1,1,2,1,1,5,1,1,1
SF,IC2103,2020-08-21 09:30:09.000,6143.2000,16805,0,31940040.000,1,0,1,多换,S,6140.8000,6140.4000,6138.6000,6138.4000,6138.0000,6144.6000,6146.2000,6146.6000,6150.0000,6150.6000,1,1,1,2,1,5,1,1,1,1
SF,IC2103,2020-08-21 09:30:09.500,6144.6000,16803,-2,34397880.000,2,0,2,双平,S,6141.0000,6140.8000,6140.4000,6138.4000,6138.0000,6144.6000,6146.2000,6146.6000,6150.0000,6150.6000,1,1,1,2,1,3,1,1,1,1
SF,IC2103,2020-08-21 09:30:10.000,6144.6000,16803,0,34397880.000,0,-,-,-,-,6141.0000,6140.8000,6140.4000,6138.4000,6138.0000,6144.6000,6146.2000,6146.6000,6150.0000,6150.6000,1,1,1,2,1,3,1,1,1,1
SF,IC2103,2020-08-21 09:30:10.500,6141.2000,16802,-1,35626120.000,1,0,1,双平,S,6141.0000,6140.8000,6140.4000,6138.4000,6138.0000,6144.6000,6144.8000,6146.2000,6146.6000,6150.0000,1,3,1,2,1,3,1,1,1,1
SF,IC2103,2020-08-21 09:30:11.000,6140.8000,16800,-2,38082480.000,2,0,2,双平,S,6140.8000,6140.4000,6138.4000,6138.0000,6137.2000,6144.4000,6144.6000,6144.8000,6146.2000,6146.6000,2,1,2,1,1,1,3,1,1,1
SF,IC2103,2020-08-21 09:30:11.500,6140.8000,16800,0,38082480.000,0,-,-,-,-,6140.8000,6140.4000,6138.4000,6138.0000,6137.2000,6144.4000,6144.6000,6144.8000,6146.2000,6146.6000,2,1,2,1,1,1,3,1,1,1
SF,IC2103,2020-08-21 09:30:12.000,6144.2000,16800,0,41769000.000,3,1,2,多换,S,6141.8000,6141.4000,6140.8000,6140.4000,6138.4000,6144.2000,6144.4000,6144.6000,6144.8000,6146.2000,1,1,2,1,2,1,1,3,1,1
SF,IC2103,2020-08-21 09:30:12.500,6141.4000,16798,-2,44225640.000,2,0,2,双平,S,6140.8000,6140.4000,6138.4000,6138.0000,6137.2000,6144.2000,6144.6000,6144.8000,6146.2000,6146.6000,2,1,2,1,1,1,3,1,1,1
SF,IC2103,2020-08-21 09:30:13.000,6141.4000,16798,0,44225640.000,0,-,-,-,-,6142.2000,6141.0000,6140.8000,6140.4000,6138.4000,6144.2000,6144.6000,6144.8000,6146.2000,6146.6000,1,1,2,1,2,1,3,2,1,1
SF,IC2103,2020-08-21 09:30:13.500,6142.0000,16797,-1,45454040.000,1,0,1,双平,S,6141.0000,6140.8000,6140.4000,6138.4000,6138.0000,6144.2000,6144.6000,6144.8000,6146.2000,6146.6000,1,2,1,2,1,1,3,2,1,1
SF,IC2103,2020-08-21 09:30:14.000,6140.8000,16797,0,47910400.000,2,1,1,多换,S,6140.8000,6140.4000,6138.4000,6138.0000,6137.2000,6144.2000,6144.6000,6144.8000,6146.2000,6146.6000,1,1,2,1,1,1,3,2,1,1
SF,IC2103,2020-08-21 09:30:15.500,6140.8000,16797,0,47910400.000,0,-,-,-,-,6140.8000,6140.4000,6138.4000,6138.0000,6137.2000,6142.6000,6144.2000,6144.6000,6144.8000,6146.2000,1,1,2,1,1,1,1,3,2,1
SF,IC2103,2020-08-21 09:30:16.000,6142.6000,16797,0,49138920.000,1,0,1,多换,S,6143.0000,6141.0000,6140.8000,6140.4000,6138.4000,6144.6000,6144.8000,6146.2000,6146.6000,6150.0000,2,1,1,1,2,3,2,1,1,1
SF,IC2103,2020-08-21 09:30:16.500,6142.6000,16797,0,49138920.000,0,-,-,-,-,6143.0000,6141.0000,6140.8000,6140.4000,6138.4000,6144.6000,6144.8000,6146.2000,6146.6000,6150.0000,2,1,1,1,2,4,2,1,1,1
SF,IC2103,2020-08-21 09:30:17.000,6143.0000,16795,-2,51596120.000,2,0,2,双平,S,6144.2000,6140.8000,6140.4000,6140.0000,6138.4000,6144.6000,6144.8000,6146.2000,6146.6000,6150.0000,1,1,1,1,2,5,2,1,1,1
SF,IC2103,2020-08-21 09:30:17.500,6144.2000,16795,0,52824960.000,1,0,1,多换,S,6140.8000,6140.4000,6140.0000,6138.0000,6137.2000,6143.6000,6144.6000,6144.8000,6146.0000,6146.2000,1,1,1,1,1,2,4,2,1,1
SF,IC2103,2020-08-21 09:30:18.000,6144.2000,16795,0,52824960.000,0,-,-,-,-,6140.8000,6140.4000,6140.0000,6138.0000,6137.2000,6143.4000,6143.6000,6144.6000,6144.8000,6146.0000,1,1,1,1,1,1,3,3,2,1
SF,IC2103,2020-08-21 09:30:18.500,6140.8000,16795,0,54053120.000,1,0,1,多换,S,6140.4000,6140.0000,6138.0000,6137.2000,6137.0000,6143.4000,6143.6000,6144.6000,6144.8000,6146.0000,1,1,1,1,1,2,2,3,2,1
SF,IC2103,2020-08-21 09:30:19.000,6140.4000,16794,-1,55281200.000,1,0,1,双平,S,6140.0000,6138.0000,6137.2000,6137.0000,6132.6000,6142.6000,6143.4000,6143.6000,6144.6000,6144.8000,1,1,1,1,1,1,2,2,3,2
SF,IC2103,2020-08-21 09:30:19.500,6140.4000,16794,0,55281200.000,0,-,-,-,-,6140.0000,6138.0000,6137.2000,6137.0000,6132.6000,6142.6000,6143.4000,6143.6000,6144.6000,6144.8000,1,1,1,1,1,2,1,2,3,2
SF,IC2103,2020-08-21 09:30:20.000,6140.0000,16793,-1,56509200.000,1,0,1,双平,S,6141.8000,6138.0000,6137.2000,6137.0000,6132.6000,6142.6000,6143.4000,6143.6000,6144.6000,6144.8000,1,1,1,1,1,2,1,2,3,2
SF,IC2103,2020-08-21 09:30:20.500,6141.8000,16793,0,57737560.000,1,0,1,多换,S,6138.0000,6137.2000,6137.0000,6132.6000,6132.2000,6141.4000,6142.6000,6143.4000,6143.6000,6144.6000,1,1,1,1,1,2,2,1,2,3
SF,IC2103,2020-08-21 09:30:21.000,6138.0000,16793,0,58965160.000,1,0,1,多换,S,6137.2000,6137.0000,6132.6000,6132.2000,6132.0000,6141.4000,6142.6000,6143.4000,6143.6000,6144.6000,1,1,1,1,1,1,1,1,2,3
SF,IC2103,2020-08-21 09:30:21.500,6141.4000,16792,-1,61421680.000,2,0,2,多平,S,6137.8000,6137.6000,6137.2000,6137.0000,6132.6000,6142.6000,6143.6000,6144.6000,6144.8000,6146.0000,1,1,1,1,1,1,2,3,2,1
SF,IC2103,2020-08-21 09:30:22.000,6141.4000,16792,0,61421680.000,0,-,-,-,-,6138.6000,6138.0000,6137.8000,6137.2000,6137.0000,6142.6000,6143.6000,6144.6000,6144.8000,6146.0000,1,3,1,1,1,1,2,3,2,1
SF,IC2103,2020-08-21 09:30:22.500,6142.6000,16792,0,62650200.000,1,0,1,多换,S,6139.0000,6138.8000,6138.6000,6138.0000,6137.2000,6143.6000,6144.6000,6144.8000,6146.0000,6146.2000,1,3,1,1,1,2,3,2,1,1
SF,IC2103,2020-08-21 09:30:23.000,6142.6000,16792,0,62650200.000,0,-,-,-,-,6139.2000,6139.0000,6138.6000,6138.0000,6137.2000,6143.6000,6144.6000,6144.8000,6146.0000,6146.2000,1,1,1,1,1,2,3,2,1,1
SF,IC2103,2020-08-21 09:30:23.500,6142.6000,16792,0,62650200.000,0,-,-,-,-,6139.4000,6139.2000,6139.0000,6138.6000,6138.0000,6143.6000,6144.6000,6144.8000,6146.0000,6146.2000,1,1,1,1,1,2,3,2,1,1
SF,IC2103,2020-08-21 09:30:24.000,6142.6000,16792,0,62650200.000,0,-,-,-,-,6139.6000,6139.4000,6139.0000,6138.6000,6138.0000,6143.6000,6144.6000,6144.8000,6146.0000,6146.2000,3,1,1,1,1,2,3,2,1,1
SF,IC2103,2020-08-21 09:30:24.500,6142.6000,16792,0,62650200.000,0,-,-,-,-,6139.8000,6139.6000,6139.4000,6137.2000,6137.0000,6143.6000,6144.6000,6144.8000,6146.0000,6146.2000,1,1,1,1,1,2,3,2,1,1
SF,IC2103,2020-08-21 09:30:25.000,6142.6000,16792,0,62650200.000,0,-,-,-,-,6137.2000,6137.0000,6132.6000,6132.2000,6132.0000,6142.6000,6143.4000,6143.6000,6144.6000,6144.8000,1,1,1,1,1,1,1,2,3,2
SF,IC2103,2020-08-21 09:30:25.500,6142.6000,16792,0,62650200.000,0,-,-,-,-,6137.8000,6137.2000,6137.0000,6132.6000,6132.2000,6142.4000,6142.6000,6143.6000,6144.6000,6144.8000,2,1,1,1,1,1,1,2,3,2
SF,IC2103,2020-08-21 09:30:26.000,6142.6000,16792,0,62650200.000,0,-,-,-,-,6138.0000,6137.8000,6137.2000,6137.0000,6132.6000,6142.4000,6142.6000,6143.6000,6144.6000,6144.8000,1,2,1,1,1,1,1,2,3,2
SF,IC2103,2020-08-21 09:30:26.500,6142.6000,16792,0,62650200.000,0,-,-,-,-,6138.2000,6138.0000,6137.2000,6137.0000,6132.6000,6142.4000,6142.6000,6143.6000,6144.6000,6144.8000,2,1,1,1,1,1,1,2,3,2
SF,IC2103,2020-08-21 09:30:27.000,6142.6000,16792,0,62650200.000,0,-,-,-,-,6138.0000,6137.2000,6137.0000,6132.6000,6132.2000,6142.4000,6142.6000,6143.6000,6144.6000,6144.8000,1,1,1,1,1,1,1,2,3,2
SF,IC2103,2020-08-21 09:30:27.500,6142.6000,16792,0,62650200.000,0,-,-,-,-,6137.4000,6137.2000,6137.0000,6132.6000,6132.2000,6141.6000,6142.4000,6142.6000,6143.6000,6144.6000,1,1,1,1,1,1,1,1,2,3
SF,IC2103,2020-08-21 09:30:28.000,6142.6000,16792,0,62650200.000,0,-,-,-,-,6138.2000,6137.8000,6137.6000,6137.4000,6137.2000,6141.4000,6141.6000,6142.6000,6143.6000,6144.6000,1,2,1,1,1,1,1,1,2,3
SF,IC2103,2020-08-21 09:30:29.000,6142.6000,16792,0,62650200.000,0,-,-,-,-,6138.2000,6137.4000,6137.2000,6137.0000,6132.6000,6141.4000,6141.6000,6142.6000,6143.6000,6144.6000,1,1,1,1,1,1,1,1,2,3
SF,IC2103,2020-08-21 09:30:29.500,6142.6000,16792,0,62650200.000,0,-,-,-,-,6137.4000,6137.2000,6137.0000,6132.6000,6132.2000,6141.4000,6141.6000,6142.6000,6143.2000,6143.6000,1,1,1,1,1,1,1,1,1,2
SF,IC2103,2020-08-21 09:30:30.000,6142.6000,16792,0,62650200.000,0,-,-,-,-,6138.0000,6137.4000,6137.2000,6137.0000,6132.6000,6141.4000,6141.6000,6142.6000,6143.2000,6143.6000,1,1,1,1,1,1,1,1,1,2
SF,IC2103,2020-08-21 09:30:30.500,6142.6000,16792,0,62650200.000,0,-,-,-,-,6138.0000,6137.4000,6137.2000,6137.0000,6132.6000,6141.4000,6141.6000,6142.6000,6143.2000,6143.6000,1,1,1,1,1,1,1,1,1,2
SF,IC2103,2020-08-21 09:30:31.000,6142.6000,16792,0,62650200.000,0,-,-,-,-,6138.0000,6137.4000,6137.2000,6137.0000,6132.6000,6141.4000,6141.6000,6142.6000,6143.2000,6143.6000,1,1,1,1,1,1,1,1,1,2
SF,IC2103,2020-08-21 09:30:31.500,6142.6000,16792,0,62650200.000,0,-,-,-,-,6138.0000,6137.4000,6137.2000,6137.0000,6132.6000,6140.4000,6140.8000,6141.4000,6141.6000,6142.6000,1,1,1,1,1,1,1,1,1,1
SF,IC2103,2020-08-21 09:30:32.000,6138.0000,16793,1,63877800.000,1,1,0,双开,S,6137.4000,6137.2000,6137.0000,6132.6000,6132.2000,6140.4000,6140.8000,6141.4000,6141.6000,6142.6000,1,1,1,1,1,1,1,1,1,1
SF,IC2103,2020-08-21 09:30:32.500,6138.0000,16793,0,63877800.000,0,-,-,-,-,6137.4000,6137.2000,6137.0000,6132.6000,6132.2000,6138.0000,6140.4000,6140.8000,6141.4000,6141.6000,1,1,1,1,1,1,2,1,1,1
SF,IC2103,2020-08-21 09:30:33.000,6138.0000,16792,-1,65105400.000,1,0,1,双平,S,6137.4000,6137.2000,6137.0000,6132.6000,6132.2000,6138.0000,6140.4000,6140.8000,6141.4000,6141.6000,1,1,1,1,1,1,2,1,1,1
SF,IC2103,2020-08-21 09:30:33.500,6138.0000,16792,0,66333000.000,1,0,1,多换,S,6137.4000,6137.2000,6137.0000,6132.6000,6132.2000,6140.4000,6140.8000,6141.4000,6141.6000,6142.6000,1,1,1,1,1,2,1,1,1,1
SF,IC2103,2020-08-21 09:30:34.000,6138.0000,16792,0,66333000.000,0,-,-,-,-,6137.4000,6137.2000,6137.0000,6132.6000,6132.2000,6140.4000,6140.8000,6141.4000,6141.6000,6142.6000,1,1,1,1,1,1,1,1,1,1
SF,IC2103,2020-08-21 09:30:34.500,6137.0000,16792,0,70015320.000,3,1,2,多换,S,6138.0000,6132.6000,6132.2000,6132.0000,6121.2000,6140.2000,6140.4000,6140.8000,6141.4000,6141.6000,1,1,1,1,1,1,2,1,1,1
SF,IC2103,2020-08-21 09:30:35.000,6138.0000,16792,0,71242920.000,1,0,1,多换,S,6132.2000,6132.0000,6121.2000,6120.0000,6118.0000,6140.2000,6140.4000,6140.8000,6141.4000,6141.6000,1,1,1,1,1,1,2,1,1,1
SF,IC2103,2020-08-21 09:30:35.500,6138.0000,16792,0,71242920.000,0,-,-,-,-,6134.4000,6132.8000,6132.4000,6132.2000,6132.0000,6140.0000,6140.4000,6140.8000,6141.6000,6142.6000,1,2,1,1,1,1,2,1,1,1
SF,IC2103,2020-08-21 09:30:36.000,6138.0000,16792,0,71242920.000,0,-,-,-,-,6135.0000,6134.4000,6132.4000,6132.2000,6132.0000,6137.4000,6140.0000,6140.4000,6140.8000,6141.6000,2,1,1,1,1,1,1,2,1,1
SF,IC2103,2020-08-21 09:30:36.500,6137.4000,16791,-1,72470400.000,1,0,1,双平,S,6134.4000,6132.4000,6132.2000,6132.0000,6121.2000,6140.0000,6140.4000,6140.8000,6141.6000,6142.6000,1,1,1,1,1,1,2,1,1,1
SF,IC2103,2020-08-21 09:30:37.000,6137.4000,16791,0,72470400.000,0,-,-,-,-,6134.6000,6134.4000,6132.4000,6132.2000,6132.0000,6140.0000,6140.4000,6140.8000,6141.6000,6142.6000,2,1,1,1,1,1,2,1,1,1
SF,IC2103,2020-08-21 09:30:37.500,6137.4000,16791,0,72470400.000,0,-,-,-,-,6134.8000,6134.6000,6134.4000,6132.2000,6132.0000,6140.0000,6140.4000,6140.8000,6141.6000,6142.6000,1,2,1,1,1,1,2,1,1,1
SF,IC2103,2020-08-21 09:30:38.000,6137.4000,16791,0,72470400.000,0,-,-,-,-,6135.0000,6134.8000,6134.4000,6132.2000,6132.0000,6139.8000,6140.0000,6140.4000,6140.8000,6141.6000,2,1,1,1,1,1,1,2,1,1
SF,IC2103,2020-08-21 09:30:38.500,6137.4000,16791,0,72470400.000,0,-,-,-,-,6135.0000,6134.8000,6134.4000,6132.2000,6132.0000,6139.6000,6139.8000,6140.4000,6140.8000,6141.6000,2,1,1,1,1,1,1,2,1,1
SF,IC2103,2020-08-21 09:30:40.000,6137.4000,16791,0,72470400.000,0,-,-,-,-,6135.0000,6134.8000,6134.4000,6132.2000,6132.0000,6139.6000,6139.8000,6140.4000,6140.8000,6141.6000,2,1,1,1,1,1,1,2,1,1
SF,IC2103,2020-08-21 09:30:40.500,6137.4000,16791,0,72470400.000,0,-,-,-,-,6135.0000,6134.8000,6134.4000,6132.2000,6132.0000,6139.4000,6139.8000,6140.4000,6140.8000,6141.6000,2,1,1,1,1,1,1,2,1,1
SF,IC2103,2020-08-21 09:30:41.000,6135.2000,16791,0,73697440.000,1,0,1,多换,S,6135.0000,6134.8000,6134.4000,6132.2000,6132.0000,6139.4000,6140.4000,6140.8000,6141.6000,6144.6000,2,1,1,1,1,1,2,1,1,3
SF,IC2103,2020-08-21 09:30:42.500,6135.2000,16791,0,73697440.000,0,-,-,-,-,6135.4000,6135.0000,6134.8000,6134.4000,6132.2000,6139.4000,6140.4000,6140.8000,6141.6000,6144.6000,1,2,1,1,1,1,2,1,1,3
SF,IC2103,2020-08-21 09:30:44.000,6135.2000,16791,0,74924480.000,1,0,1,多换,S,6134.8000,6134.4000,6132.2000,6132.0000,6121.2000,6135.0000,6139.4000,6140.4000,6140.8000,6141.6000,1,1,1,1,1,1,1,2,1,1
SF,IC2103,2020-08-21 09:30:44.500,6135.0000,16789,-2,78605400.000,3,0,3,多平,S,6134.4000,6132.2000,6132.0000,6121.2000,6120.0000,6139.4000,6140.4000,6140.8000,6141.6000,6144.6000,1,1,1,1,1,1,2,1,1,3
SF,IC2103,2020-08-21 09:30:45.000,6135.0000,16789,0,78605400.000,0,-,-,-,-,6134.6000,6134.4000,6132.2000,6132.0000,6121.2000,6139.4000,6140.4000,6140.8000,6141.6000,6144.6000,1,1,1,1,1,1,2,1,1,3
SF,IC2103,2020-08-21 09:30:45.500,6135.0000,16789,0,78605400.000,0,-,-,-,-,6134.6000,6134.4000,6132.2000,6132.0000,6121.2000,6138.0000,6139.4000,6140.4000,6140.8000,6141.6000,1,1,1,1,1,1,1,2,1,1
SF,IC2103,2020-08-21 09:30:46.000,6139.4000,16787,-2,81060880.000,2,0,2,双平,S,6135.0000,6134.8000,6134.6000,6134.4000,6132.2000,6140.4000,6140.8000,6141.6000,6144.6000,6144.8000,1,1,1,1,1,2,1,1,3,2
SF,IC2103,2020-08-21 09:30:46.500,6139.4000,16787,0,81060880.000,0,-,-,-,-,6135.2000,6135.0000,6134.6000,6134.4000,6132.2000,6140.4000,6140.8000,6141.6000,6144.6000,6144.8000,3,1,1,1,1,2,1,1,3,2
SF,IC2103,2020-08-21 09:30:47.000,6139.4000,16787,0,81060880.000,0,-,-,-,-,6135.4000,6135.2000,6134.6000,6134.4000,6132.2000,6140.4000,6140.8000,6141.6000,6144.6000,6144.8000,1,3,1,1,1,2,1,1,3,2
SF,IC2103,2020-08-21 09:30:47.500,6139.4000,16787,0,81060880.000,0,-,-,-,-,6135.8000,6135.6000,6135.4000,6135.2000,6134.6000,6140.4000,6140.8000,6141.6000,6144.6000,6144.8000,1,2,1,1,1,2,1,1,3,2
SF,IC2103,2020-08-21 09:30:48.000,6139.4000,16787,0,81060880.000,0,-,-,-,-,6136.0000,6135.8000,6135.6000,6135.4000,6135.2000,6140.4000,6140.8000,6141.6000,6144.6000,6144.8000,2,1,1,1,1,2,1,1,3,2
SF,IC2103,2020-08-21 09:30:48.500,6139.4000,16787,0,81060880.000,0,-,-,-,-,6136.0000,6135.8000,6135.6000,6135.4000,6135.2000,6140.4000,6140.8000,6141.6000,6144.6000,6144.8000,2,1,1,1,1,2,1,1,3,2
SF,IC2103,2020-08-21 09:30:49.000,6139.4000,16787,0,81060880.000,0,-,-,-,-,6136.0000,6135.8000,6135.6000,6135.4000,6135.2000,6140.2000,6140.8000,6141.6000,6144.6000,6144.8000,2,1,1,1,1,1,1,1,3,2
SF,IC2103,2020-08-21 09:30:49.500,6139.4000,16787,0,81060880.000,0,-,-,-,-,6136.2000,6136.0000,6135.8000,6135.6000,6134.4000,6140.2000,6140.8000,6141.6000,6144.6000,6144.8000,1,2,1,1,1,1,1,1,3,2
SF,IC2103,2020-08-21 09:30:50.000,6139.4000,16787,0,81060880.000,0,-,-,-,-,6136.4000,6136.2000,6135.8000,6135.6000,6134.4000,6140.2000,6140.8000,6141.6000,6144.6000,6144.8000,1,1,1,1,1,1,1,1,3,2
SF,IC2103,2020-08-21 09:30:50.500,6139.4000,16787,0,81060880.000,0,-,-,-,-,6136.4000,6136.2000,6135.8000,6135.6000,6134.4000,6140.0000,6140.2000,6140.8000,6141.6000,6144.6000,1,1,1,1,1,1,1,1,1,3
SF,IC2103,2020-08-21 09:30:51.500,6139.4000,16787,0,81060880.000,0,-,-,-,-,6136.4000,6136.2000,6135.8000,6135.6000,6134.4000,6140.2000,6140.8000,6141.6000,6144.6000,6144.8000,1,1,1,1,1,1,1,1,3,2
SF,IC2103,2020-08-21 09:30:52.500,6139.4000,16787,0,81060880.000,0,-,-,-,-,6136.4000,6135.8000,6135.6000,6134.4000,6133.0000,6140.2000,6140.8000,6141.6000,6144.6000,6144.8000,1,1,1,1,2,1,1,1,3,2
SF,IC2103,2020-08-21 09:30:53.000,6139.4000,16787,0,81060880.000,0,-,-,-,-,6136.4000,6135.8000,6135.6000,6134.4000,6133.0000,6140.2000,6141.6000,6144.6000,6144.8000,6145.8000,1,1,1,1,2,1,1,3,2,1
SF,IC2103,2020-08-21 09:30:53.500,6139.4000,16787,0,81060880.000,0,-,-,-,-,6136.6000,6136.4000,6135.8000,6135.6000,6134.4000,6140.2000,6141.6000,6144.6000,6144.8000,6145.8000,1,1,1,1,1,1,1,3,2,1
SF,IC2103,2020-08-21 09:30:54.000,6139.4000,16787,0,81060880.000,0,-,-,-,-,6136.8000,6136.6000,6135.8000,6135.6000,6134.4000,6140.2000,6141.6000,6144.6000,6144.8000,6145.8000,2,1,1,1,1,1,1,3,2,1
SF,IC2103,2020-08-21 09:30:54.500,6140.2000,16787,0,82288920.000,1,0,1,多换,S,6138.0000,6137.0000,6136.8000,6135.8000,6135.6000,6141.6000,6144.6000,6144.8000,6145.8000,6146.0000,1,1,2,1,1,1,3,2,1,1
SF,IC2103,2020-08-21 09:30:55.000,6141.6000,16786,-1,83517240.000,1,0,1,双平,S,6138.2000,6138.0000,6137.0000,6136.8000,6135.8000,6144.6000,6144.8000,6145.8000,6146.0000,6146.2000,2,1,1,1,1,3,2,1,1,1
SF,IC2103,2020-08-21 09:30:55.500,6141.6000,16786,0,83517240.000,0,-,-,-,-,6138.4000,6138.2000,6138.0000,6136.8000,6135.8000,6143.8000,6144.6000,6144.8000,6145.8000,6146.0000,2,2,1,1,1,1,5,2,1,1
SF,IC2103,2020-08-21 09:30:56.000,6141.6000,16786,0,83517240.000,0,-,-,-,-,6138.6000,6138.4000,6138.2000,6138.0000,6135.8000,6143.8000,6144.6000,6144.8000,6145.8000,6146.0000,2,2,1,1,1,1,5,2,1,1
SF,IC2103,2020-08-21 09:30:56.500,6141.6000,16786,0,83517240.000,0,-,-,-,-,6138.6000,6138.4000,6135.8000,6134.4000,6133.0000,6143.8000,6144.6000,6144.8000,6145.8000,6146.0000,2,2,1,1,2,1,5,2,1,1
SF,IC2103,2020-08-21 09:30:57.000,6141.6000,16786,0,83517240.000,0,-,-,-,-,6138.6000,6135.8000,6134.4000,6133.0000,6132.2000,6143.8000,6144.6000,6144.8000,6145.8000,6146.0000,1,1,1,2,1,1,5,2,1,1
SF,IC2103,2020-08-21 09:30:58.000,6141.6000,16786,0,83517240.000,0,-,-,-,-,6141.6000,6138.6000,6135.8000,6133.0000,6132.2000,6143.8000,6144.6000,6144.8000,6145.8000,6146.0000,1,1,1,2,1,1,5,2,1,1
SF,IC2103,2020-08-21 09:30:58.500,6141.6000,16786,0,83517240.000,0,-,-,-,-,6138.6000,6135.8000,6133.0000,6132.2000,6132.0000,6143.8000,6144.6000,6144.8000,6145.8000,6146.0000,1,1,2,1,1,1,5,2,1,1
SF,IC2103,2020-08-21 09:30:59.000,6141.6000,16786,0,83517240.000,0,-,-,-,-,6141.6000,6138.8000,6138.6000,6135.8000,6133.0000,6144.6000,6144.8000,6145.8000,6146.0000,6146.2000,1,2,1,1,2,5,2,1,1,1
SF,IC2103,2020-08-21 09:30:59.500,6141.6000,16786,0,83517240.000,0,-,-,-,-,6141.6000,6138.8000,6138.6000,6135.8000,6133.0000,6144.6000,6144.8000,6145.8000,6146.0000,6146.2000,1,2,1,1,2,5,2,1,1,1
SF,IC2103,2020-08-21 09:31:00.000,6141.6000,16786,0,83517240.000,0,-,-,-,-,6141.8000,6141.6000,6138.8000,6138.6000,6135.8000,6144.6000,6144.8000,6145.8000,6146.0000,6146.2000,1,1,2,1,1,5,2,1,1,1
SF,IC2103,2020-08-21 09:31:00.500,6144.6000,16784,-2,85975080.000,2,0,2,双平,S,6141.8000,6141.6000,6138.8000,6138.6000,6135.8000,6144.4000,6144.6000,6144.8000,6145.8000,6146.0000,1,1,2,1,1,1,2,2,1,1
SF,IC2103,2020-08-21 09:31:01.000,6142.0000,16782,-2,92119160.000,5,1,4,多平,S,6142.0000,6141.8000,6141.6000,6138.8000,6138.6000,6144.8000,6145.8000,6146.0000,6146.6000,6150.0000,1,1,1,2,1,1,1,1,1,2
SF,IC2103,2020-08-21 09:31:01.500,6144.8000,16782,0,93348120.000,1,0,1,多换,S,6142.2000,6142.0000,6141.8000,6141.6000,6138.8000,6145.8000,6146.0000,6150.0000,6150.8000,6158.0000,1,1,1,1,2,1,1,2,1,10
SF,IC2103,2020-08-21 09:31:02.000,6145.8000,16781,-1,94577280.000,1,0,1,双平,S,6142.4000,6142.2000,6141.8000,6141.6000,6138.8000,6146.0000,6150.0000,6150.8000,6158.0000,6168.8000,2,1,1,1,2,1,2,1,10,1
SF,IC2103,2020-08-21 09:31:02.500,6146.0000,16781,0,95806480.000,1,0,1,多换,S,6142.6000,6142.4000,6142.2000,6141.8000,6141.6000,6150.0000,6150.8000,6158.0000,6168.8000,6175.0000,2,2,1,1,1,2,1,10,1,1
SF,IC2103,2020-08-21 09:31:03.000,6146.0000,16781,0,95806480.000,0,-,-,-,-,6143.0000,6142.8000,6142.6000,6142.2000,6141.8000,6148.0000,6148.8000,6149.8000,6150.0000,6150.8000,1,2,2,1,1,1,1,1,2,1
SF,IC2103,2020-08-21 09:31:03.500,6146.0000,16781,0,95806480.000,0,-,-,-,-,6144.6000,6143.2000,6143.0000,6142.6000,6142.2000,6149.8000,6150.0000,6150.8000,6158.0000,6168.8000,2,3,1,1,1,1,2,1,10,1
SF,IC2103,2020-08-21 09:31:04.000,6146.0000,16781,0,95806480.000,0,-,-,-,-,6144.8000,6144.6000,6143.2000,6143.0000,6142.6000,6148.8000,6149.6000,6149.8000,6150.0000,6150.8000,2,1,2,1,1,1,1,1,2,1
SF,IC2103,2020-08-21 09:31:04.500,6146.0000,16781,0,95806480.000,0,-,-,-,-,6144.8000,6144.6000,6143.2000,6143.0000,6142.6000,6148.6000,6148.8000,6149.8000,6150.0000,6150.8000,2,1,2,1,1,1,1,1,2,1
SF,IC2103,2020-08-21 09:31:05.000,6146.0000,16781,0,95806480.000,0,-,-,-,-,6145.0000,6144.8000,6143.2000,6143.0000,6142.6000,6148.6000,6148.8000,6149.8000,6150.0000,6150.8000,1,2,1,1,1,1,1,1,2,1
SF,IC2103,2020-08-21 09:31:05.500,6146.0000,16781,0,95806480.000,0,-,-,-,-,6145.2000,6145.0000,6144.8000,6143.2000,6143.0000,6148.6000,6149.8000,6150.0000,6150.8000,6158.0000,2,1,1,1,1,1,1,2,1,10
SF,IC2103,2020-08-21 09:31:06.000,6145.4000,16780,-1,97035560.000,1,0,1,双平,S,6145.4000,6145.2000,6144.8000,6143.2000,6143.0000,6149.8000,6150.0000,6150.8000,6158.0000,6168.8000,1,2,1,1,1,1,2,1,10,1
SF,IC2103,2020-08-21 09:31:06.500,6145.4000,16780,0,97035560.000,0,-,-,-,-,6145.6000,6145.4000,6145.2000,6144.8000,6143.2000,6149.6000,6150.0000,6150.8000,6158.0000,6168.8000,1,1,1,1,1,1,2,1,10,1
SF,IC2103,2020-08-21 09:31:07.000,6145.4000,16780,0,97035560.000,0,-,-,-,-,6145.8000,6145.6000,6145.2000,6144.8000,6144.4000,6149.6000,6150.0000,6150.8000,6158.0000,6168.8000,1,1,1,1,1,1,2,1,10,1
SF,IC2103,2020-08-21 09:31:07.500,6145.4000,16780,0,97035560.000,0,-,-,-,-,6146.0000,6145.8000,6145.2000,6144.8000,6144.4000,6149.6000,6150.0000,6150.8000,6158.0000,6168.8000,1,1,1,1,1,1,2,1,10,1
SF,IC2103,2020-08-21 09:31:08.000,6145.4000,16780,0,97035560.000,0,-,-,-,-,6146.2000,6146.0000,6145.2000,6144.8000,6144.4000,6149.6000,6150.0000,6150.8000,6158.0000,6168.8000,1,1,1,1,1,1,2,1,10,1
SF,IC2103,2020-08-21 09:31:08.500,6145.4000,16780,0,97035560.000,0,-,-,-,-,6146.2000,6146.0000,6145.2000,6144.8000,6144.4000,6150.0000,6150.8000,6158.0000,6168.8000,6175.0000,1,1,1,1,1,2,1,10,1,1
SF,IC2103,2020-08-21 09:31:09.000,6145.4000,16779,-1,98264640.000,1,0,1,双平,S,6146.4000,6146.2000,6145.2000,6144.8000,6144.4000,6150.0000,6150.8000,6158.0000,6168.8000,6175.0000,1,1,1,1,1,2,1,10,1,1
SF,IC2103,2020-08-21 09:31:09.500,6145.4000,16779,0,98264640.000,0,-,-,-,-,6146.6000,6146.4000,6145.2000,6144.8000,6144.4000,6150.0000,6150.8000,6158.0000,6168.8000,6175.0000,1,1,1,1,1,2,1,10,1,1
SF,IC2103,2020-08-21 09:31:10.000,6145.4000,16779,0,98264640.000,0,-,-,-,-,6146.6000,6146.4000,6145.2000,6144.8000,6144.4000,6150.0000,6150.8000,6158.0000,6168.8000,6175.0000,1,1,1,1,1,2,1,10,1,1
SF,IC2103,2020-08-21 09:31:10.500,6145.4000,16779,0,98264640.000,0,-,-,-,-,6146.6000,6146.4000,6145.2000,6144.8000,6144.4000,6150.0000,6150.8000,6158.0000,6168.8000,6175.0000,1,1,1,1,1,2,1,10,1,1
SF,IC2103,2020-08-21 09:31:11.000,6145.4000,16779,0,98264640.000,0,-,-,-,-,6147.0000,6146.8000,6146.6000,6146.4000,6145.2000,6150.0000,6150.8000,6158.0000,6168.8000,6175.0000,1,1,2,1,1,2,1,10,1,1
SF,IC2103,2020-08-21 09:31:11.500,6145.4000,16779,0,98264640.000,0,-,-,-,-,6147.2000,6147.0000,6146.6000,6146.4000,6145.2000,6150.0000,6150.8000,6158.0000,6168.8000,6175.0000,2,1,1,1,1,2,1,10,1,1
SF,IC2103,2020-08-21 09:31:12.000,6150.0000,16778,-1,99494640.000,1,0,1,双平,S,6147.4000,6147.2000,6146.6000,6146.4000,6145.2000,6150.0000,6150.8000,6158.0000,6168.8000,6175.0000,1,2,1,1,1,1,1,10,1,1
SF,IC2103,2020-08-21 09:31:12.500,6150.0000,16777,-1,100724640.000,1,0,1,双平,S,6147.6000,6147.4000,6146.6000,6146.4000,6145.2000,6150.8000,6158.0000,6168.8000,6175.0000,6180.0000,2,1,1,1,1,1,10,1,1,1
SF,IC2103,2020-08-21 09:31:13.000,6150.0000,16777,0,100724640.000,0,-,-,-,-,6147.8000,6147.6000,6146.6000,6146.4000,6145.2000,6150.6000,6150.8000,6158.0000,6168.8000,6175.0000,1,2,1,1,1,2,1,10,1,1
SF,IC2103,2020-08-21 09:31:13.500,6150.0000,16777,0,100724640.000,0,-,-,-,-,6147.8000,6147.6000,6146.6000,6146.4000,6144.4000,6150.6000,6150.8000,6158.0000,6168.8000,6175.0000,1,2,1,1,1,2,1,10,1,1
SF,IC2103,2020-08-21 09:31:14.000,6150.0000,16777,0,100724640.000,0,-,-,-,-,6148.0000,6147.8000,6146.6000,6146.4000,6144.4000,6150.8000,6158.0000,6168.8000,6175.0000,6180.0000,2,1,1,1,1,1,10,1,1,1
SF,IC2103,2020-08-21 09:31:14.500,6150.0000,16777,0,100724640.000,0,-,-,-,-,6148.0000,6146.6000,6146.4000,6144.4000,6141.6000,6150.6000,6150.8000,6158.0000,6168.8000,6175.0000,2,1,1,1,1,1,1,10,1,1
SF,IC2103,2020-08-21 09:31:15.000,6150.0000,16777,0,100724640.000,0,-,-,-,-,6148.2000,6148.0000,6146.6000,6146.4000,6144.4000,6150.6000,6150.8000,6158.0000,6168.8000,6175.0000,1,1,1,1,1,1,1,10,1,1
SF,IC2103,2020-08-21 09:31:15.500,6148.4000,16776,-1,101954320.000,1,0,1,双平,S,6146.6000,6146.4000,6144.4000,6141.6000,6133.0000,6150.4000,6150.6000,6150.8000,6158.0000,6168.8000,1,1,1,1,2,1,1,1,10,1
SF,IC2103,2020-08-21 09:31:16.000,6148.4000,16776,0,101954320.000,0,-,-,-,-,6148.8000,6147.2000,6146.8000,6146.6000,6144.4000,6150.4000,6150.6000,6150.8000,6158.0000,6168.8000,1,2,2,1,1,1,1,1,10,1
SF,IC2103,2020-08-21 09:31:16.500,6148.8000,16775,-1,103184080.000,1,0,1,双平,S,6147.2000,6146.8000,6146.6000,6144.4000,6133.0000,6150.2000,6150.4000,6150.6000,6150.8000,6158.0000,2,2,1,1,2,1,1,1,1,10
SF,IC2103,2020-08-21 09:31:17.000,6150.2000,16776,1,104414120.000,1,1,0,双开,S,6147.4000,6147.2000,6146.8000,6144.4000,6133.0000,6150.4000,6150.6000,6150.8000,6158.0000,6168.8000,1,2,1,1,2,1,1,1,10,1
SF,IC2103,2020-08-21 09:31:17.500,6150.2000,16776,0,105644160.000,1,0,1,多换,S,6147.6000,6147.4000,6146.8000,6144.4000,6133.0000,6150.2000,6150.6000,6150.8000,6158.0000,6168.8000,2,2,1,1,2,1,1,1,10,1
SF,IC2103,2020-08-21 09:31:18.000,6150.2000,16776,0,105644160.000,0,-,-,-,-,6147.8000,6147.6000,6147.4000,6146.8000,6146.6000,6150.0000,6150.2000,6150.8000,6158.0000,6168.8000,1,2,1,1,1,1,1,1,10,1
SF,IC2103,2020-08-21 09:31:18.500,6150.2000,16776,0,105644160.000,0,-,-,-,-,6148.4000,6148.0000,6147.8000,6147.4000,6146.8000,6150.0000,6150.2000,6150.8000,6158.0000,6168.8000,2,1,1,1,1,1,1,1,10,1
SF,IC2103,2020-08-21 09:31:19.500,6150.2000,16776,0,105644160.000,0,-,-,-,-,6148.4000,6147.8000,6147.4000,6146.8000,6146.6000,6150.0000,6150.2000,6150.8000,6158.0000,6168.8000,2,1,1,1,1,1,1,1,10,1
SF,IC2103,2020-08-21 09:31:20.000,6148.4000,16774,-2,108103520.000,2,0,2,双平,S,6147.8000,6147.4000,6146.8000,6146.6000,6133.0000,6150.0000,6150.2000,6150.8000,6158.0000,6168.8000,1,1,1,1,2,1,1,1,10,1
SF,IC2103,2020-08-21 09:31:20.500,6150.0000,16774,0,109333520.000,1,0,1,多换,S,6147.8000,6147.4000,6146.8000,6146.6000,6133.0000,6150.2000,6150.8000,6158.0000,6168.8000,6175.0000,1,1,1,1,2,1,1,10,1,1
SF,IC2103,2020-08-21 09:31:21.000,6150.0000,16774,0,109333520.000,0,-,-,-,-,6147.8000,6147.4000,6146.8000,6146.6000,6133.0000,6148.4000,6150.2000,6150.8000,6158.0000,6168.8000,1,1,1,1,2,2,1,1,10,1
SF,IC2103,2020-08-21 09:31:21.500,6148.4000,16773,-1,111792880.000,2,0,2,多平,S,6147.4000,6146.6000,6133.0000,6132.2000,6132.0000,6150.2000,6150.8000,6158.0000,6168.8000,6175.0000,1,1,2,1,1,1,1,10,1,1
SF,IC2103,2020-08-21 09:31:22.000,6148.4000,16773,0,111792880.000,0,-,-,-,-,6147.6000,6147.4000,6146.6000,6133.0000,6132.2000,6150.2000,6150.8000,6158.0000,6168.8000,6175.0000,1,1,1,2,1,1,1,10,1,1
SF,IC2103,2020-08-21 09:31:22.500,6150.2000,16774,1,113022920.000,1,1,0,双开,S,6147.6000,6147.4000,6146.6000,6133.0000,6132.2000,6150.8000,6158.0000,6168.8000,6175.0000,6180.0000,1,1,1,2,1,1,10,1,1,1
SF,IC2103,2020-08-21 09:31:23.000,6150.8000,16774,0,114253080.000,1,0,1,多换,S,6148.2000,6147.4000,6146.6000,6133.0000,6132.0000,6158.0000,6168.8000,6175.0000,6180.0000,6185.0000,1,1,1,2,1,10,1,1,1,1
SF,IC2103,2020-08-21 09:31:23.500,6150.8000,16774,0,114253080.000,0,-,-,-,-,6148.4000,6148.2000,6146.6000,6133.0000,6132.0000,6153.0000,6153.8000,6154.0000,6156.0000,6157.8000,5,2,1,2,1,1,1,1,1,3
SF,IC2103,2020-08-21 09:31:24.000,6148.4000,16773,-1,115482760.000,1,0,1,双平,S,6148.4000,6148.2000,6146.6000,6133.0000,6132.0000,6152.8000,6153.0000,6153.8000,6154.0000,6156.0000,3,2,1,2,1,1,1,1,1,1
SF,IC2103,2020-08-21 09:31:24.500,6148.4000,16773,0,115482760.000,0,-,-,-,-,6149.0000,6148.6000,6148.4000,6148.2000,6146.6000,6150.8000,6152.8000,6153.0000,6153.8000,6154.0000,1,1,2,2,1,1,1,1,1,1
SF,IC2103,2020-08-21 09:31:25.000,6150.8000,16773,0,116712920.000,1,0,1,多换,S,6149.0000,6148.4000,6148.2000,6146.6000,6133.0000,6152.8000,6153.0000,6153.8000,6154.0000,6156.0000,1,2,2,1,2,1,1,1,1,2
SF,IC2103,2020-08-21 09:31:25.500,6149.2000,16773,0,117942760.000,1,0,1,多换,S,6148.2000,6146.6000,6133.0000,6132.0000,6121.2000,6152.6000,6152.8000,6153.0000,6153.8000,6154.0000,2,1,2,1,1,1,1,1,1,1
SF,IC2103,2020-08-21 09:31:26.000,6149.2000,16773,0,117942760.000,0,-,-,-,-,6148.2000,6146.6000,6133.0000,6132.0000,6121.2000,6152.4000,6152.6000,6153.0000,6153.8000,6154.0000,2,1,2,1,1,1,1,1,1,1
SF,IC2103,2020-08-21 09:31:26.500,6149.2000,16773,0,117942760.000,0,-,-,-,-,6148.4000,6148.2000,6146.6000,6133.0000,6132.0000,6152.2000,6152.4000,6153.0000,6153.8000,6154.0000,2,2,1,2,1,1,1,1,1,1
SF,IC2103,2020-08-21 09:31:27.000,6149.2000,16773,0,117942760.000,0,-,-,-,-,6149.0000,6148.6000,6148.4000,6148.2000,6146.6000,6152.2000,6152.4000,6153.8000,6154.0000,6156.0000,1,1,2,2,1,1,1,1,1,1
SF,IC2103,2020-08-21 09:31:27.500,6149.2000,16773,0,117942760.000,0,-,-,-,-,6151.2000,6149.2000,6149.0000,6148.4000,6148.2000,6152.2000,6154.0000,6156.0000,6157.8000,6158.0000,1,1,1,2,2,1,1,1,1,10
SF,IC2103,2020-08-21 09:31:28.000,6151.2000,16773,0,119173000.000,1,0,1,多换,S,6149.2000,6149.0000,6148.4000,6148.2000,6146.6000,6154.0000,6157.8000,6158.0000,6168.8000,6175.0000,1,1,2,2,1,1,1,10,1,1
SF,IC2103,2020-08-21 09:31:28.500,6151.2000,16773,0,119173000.000,0,-,-,-,-,6149.8000,6149.4000,6149.2000,6149.0000,6148.4000,6153.8000,6158.0000,6168.8000,6175.0000,6180.0000,1,2,1,1,2,2,10,1,1,1
SF,IC2103,2020-08-21 09:31:29.000,6151.2000,16773,0,119173000.000,0,-,-,-,-,6150.0000,6149.8000,6149.4000,6149.0000,6148.4000,6153.8000,6158.0000,6168.8000,6175.0000,6180.0000,1,1,2,1,2,2,10,1,1,1
SF,IC2103,2020-08-21 09:31:29.500,6151.2000,16773,0,119173000.000,0,-,-,-,-,6150.6000,6150.0000,6149.8000,6149.4000,6148.4000,6153.8000,6158.0000,6168.8000,6175.0000,6180.0000,1,1,1,2,1,2,10,1,1,1
SF,IC2103,2020-08-21 09:31:30.000,6150.6000,16772,-1,120403120.000,1,0,1,双平,S,6150.6000,6150.0000,6149.8000,6149.4000,6148.4000,6153.6000,6153.8000,6158.0000,6168.8000,6175.0000,1,1,1,1,1,1,2,10,1,1
SF,IC2103,2020-08-21 09:31:30.500,6150.6000,16771,-1,121633240.000,1,0,1,双平,S,6149.8000,6149.4000,6148.4000,6146.6000,6133.0000,6153.4000,6153.6000,6153.8000,6158.0000,6168.8000,1,1,1,1,2,1,1,1,10,1
SF,IC2103,2020-08-21 09:31:31.000,6150.6000,16771,0,121633240.000,0,-,-,-,-,6149.8000,6148.4000,6146.6000,6133.0000,6132.0000,6153.2000,6153.4000,6153.6000,6158.0000,6168.8000,1,1,1,2,1,1,1,1,10,1
SF,IC2103,2020-08-21 09:31:31.500,6150.6000,16771,0,121633240.000,0,-,-,-,-,6149.8000,6148.4000,6146.6000,6133.0000,6132.0000,6153.0000,6153.2000,6153.6000,6158.0000,6168.8000,1,1,1,2,1,2,2,1,10,1
SF,IC2103,2020-08-21 09:31:32.000,6150.6000,16771,0,121633240.000,0,-,-,-,-,6148.4000,6146.6000,6133.0000,6132.0000,6121.2000,6150.6000,6153.0000,6153.2000,6153.6000,6158.0000,1,1,2,1,1,1,2,2,1,10
SF,IC2103,2020-08-21 09:31:32.500,6150.6000,16771,0,121633240.000,0,-,-,-,-,6148.4000,6146.6000,6133.0000,6132.0000,6121.2000,6150.4000,6150.6000,6153.0000,6153.2000,6153.6000,1,1,2,1,1,1,1,1,2,1
SF,IC2103,2020-08-21 09:31:33.000,6148.4000,16770,-1,122862920.000,1,0,1,双平,S,6146.6000,6133.0000,6132.0000,6121.2000,6120.0000,6150.4000,6150.6000,6153.0000,6153.2000,6153.6000,1,2,1,1,1,1,1,1,2,1
SF,IC2103,2020-08-21 09:31:33.500,6148.4000,16770,0,122862920.000,0,-,-,-,-,6146.8000,6146.6000,6133.0000,6132.0000,6121.2000,6150.2000,6150.4000,6150.6000,6153.2000,6153.6000,1,1,2,1,1,1,1,1,1,1
SF,IC2103,2020-08-21 09:31:34.000,6148.4000,16770,0,122862920.000,0,-,-,-,-,6148.8000,6147.0000,6146.8000,6146.6000,6133.0000,6150.2000,6150.4000,6150.6000,6153.6000,6158.0000,1,1,1,1,2,1,1,1,1,10
SF,IC2103,2020-08-21 09:31:34.500,6148.4000,16770,0,122862920.000,0,-,-,-,-,6148.8000,6147.0000,6146.8000,6146.6000,6133.0000,6150.4000,6150.6000,6153.6000,6158.0000,6168.8000,1,1,1,1,2,1,1,1,10,1
SF,IC2103,2020-08-21 09:31:35.000,6148.4000,16770,0,122862920.000,0,-,-,-,-,6148.8000,6147.0000,6146.8000,6146.6000,6133.0000,6150.6000,6153.6000,6158.0000,6168.8000,6175.0000,1,1,1,1,2,1,1,10,1,1
SF,IC2103,2020-08-21 09:31:37.000,6150.6000,16770,0,124093040.000,1,0,1,多换,S,6150.6000,6147.0000,6146.8000,6146.6000,6133.0000,6153.6000,6158.0000,6168.8000,6175.0000,6180.0000,2,1,1,1,2,1,10,1,1,1
SF,IC2103,2020-08-21 09:31:37.500,6150.6000,16770,0,126553280.000,2,1,1,多换,S,6147.0000,6146.6000,6133.0000,6132.0000,6121.2000,6152.2000,6153.0000,6153.4000,6153.6000,6158.0000,1,1,2,1,1,1,1,2,1,10
SF,IC2103,2020-08-21 09:31:38.000,6150.6000,16770,0,126553280.000,0,-,-,-,-,6146.6000,6133.0000,6132.0000,6121.2000,6120.0000,6152.0000,6152.2000,6153.0000,6153.4000,6153.6000,1,2,1,1,1,2,1,1,1,1
SF,IC2103,2020-08-21 09:31:38.500,6150.6000,16770,0,126553280.000,0,-,-,-,-,6148.8000,6146.8000,6146.6000,6133.0000,6132.0000,6151.2000,6151.8000,6152.0000,6152.2000,6153.0000,1,1,1,2,1,1,1,2,1,1
SF,IC2103,2020-08-21 09:31:39.000,6149.0000,16769,-1,127783080.000,1,0,1,双平,S,6146.6000,6133.0000,6132.0000,6121.2000,6120.0000,6151.0000,6151.8000,6152.0000,6152.2000,6153.0000,1,2,1,1,1,1,1,1,1,1
SF,IC2103,2020-08-21 09:31:39.500,6149.0000,16769,0,127783080.000,0,-,-,-,-,6146.6000,6133.0000,6132.0000,6121.2000,6120.0000,6150.8000,6151.0000,6151.8000,6153.0000,6153.6000,1,2,1,1,1,1,1,1,1,1
SF,IC2103,2020-08-21 09:31:40.000,6149.0000,16769,0,127783080.000,0,-,-,-,-,6146.6000,6133.0000,6132.0000,6121.2000,6120.0000,6150.6000,6150.8000,6153.0000,6153.6000,6158.0000,1,2,1,1,1,2,1,1,1,10
SF,IC2103,2020-08-21 09:31:40.500,6149.0000,16769,0,127783080.000,0,-,-,-,-,6146.6000,6133.0000,6132.0000,6121.2000,6120.0000,6150.4000,6150.6000,6153.0000,6153.6000,6158.0000,1,2,1,1,1,1,2,1,1,10
SF,IC2103,2020-08-21 09:31:41.000,6146.6000,16770,1,129012400.000,1,1,0,双开,S,6133.0000,6132.0000,6121.2000,6120.0000,6118.0000,6148.4000,6150.2000,6150.4000,6153.0000,6153.6000,2,1,1,2,1,1,2,1,1,1
SF,IC2103,2020-08-21 09:31:41.500,6146.6000,16770,0,129012400.000,0,-,-,-,-,6144.6000,6141.6000,6135.8000,6135.6000,6133.4000,6148.2000,6148.4000,6150.2000,6153.0000,6153.6000,1,1,1,1,1,1,1,1,1,1
SF,IC2103,2020-08-21 09:31:42.000,6146.6000,16770,0,129012400.000,0,-,-,-,-,6144.6000,6141.6000,6135.8000,6135.6000,6133.4000,6146.4000,6148.0000,6148.2000,6150.2000,6153.0000,1,1,1,1,1,1,1,1,1,1
SF,IC2103,2020-08-21 09:31:42.500,6148.0000,16769,-1,131471280.000,2,0,2,多平,S,6146.8000,6146.6000,6146.4000,6144.8000,6144.6000,6148.2000,6150.2000,6153.0000,6153.6000,6158.0000,1,3,2,1,1,1,1,1,1,10
SF,IC2103,2020-08-21 09:31:43.000,6148.0000,16769,0,131471280.000,0,-,-,-,-,6148.2000,6146.8000,6146.6000,6146.4000,6144.6000,6153.0000,6153.6000,6158.0000,6168.8000,6175.0000,1,1,2,2,1,1,1,10,1,1
SF,IC2103,2020-08-21 09:31:43.500,6148.0000,16769,0,131471280.000,0,-,-,-,-,6148.2000,6146.8000,6146.6000,6146.4000,6144.6000,6150.0000,6152.4000,6152.8000,6153.0000,6153.6000,1,1,2,2,1,6,1,2,1,1
SF,IC2103,2020-08-21 09:31:44.500,6148.0000,16769,0,131471280.000,0,-,-,-,-,6148.2000,6146.8000,6146.6000,6146.4000,6144.6000,6149.8000,6150.0000,6152.4000,6152.8000,6153.0000,1,1,2,2,1,1,6,1,2,1
SF,IC2103,2020-08-21 09:31:45.000,6149.6000,16768,-1,132701200.000,1,0,1,双平,S,6146.8000,6146.6000,6146.4000,6144.6000,6133.4000,6149.6000,6149.8000,6150.0000,6152.4000,6152.8000,1,2,2,1,1,1,1,6,1,1
SF,IC2103,2020-08-21 09:31:45.500,6149.6000,16768,0,132701200.000,0,-,-,-,-,6147.0000,6146.8000,6146.6000,6146.4000,6144.6000,6150.0000,6152.4000,6152.8000,6153.0000,6153.6000,2,1,2,2,1,6,1,1,1,1
SF,IC2103,2020-08-21 09:31:46.000,6149.6000,16768,0,132701200.000,0,-,-,-,-,6148.2000,6147.0000,6146.8000,6146.6000,6146.4000,6150.0000,6152.4000,6152.8000,6153.0000,6153.6000,1,2,1,2,2,6,1,1,1,1
SF,IC2103,2020-08-21 09:31:46.500,6149.6000,16768,0,132701200.000,0,-,-,-,-,6148.2000,6147.0000,6146.8000,6146.6000,6146.4000,6150.0000,6152.4000,6152.8000,6153.0000,6153.6000,1,2,1,2,2,7,1,1,1,1
SF,IC2103,2020-08-21 09:31:48.500,6150.0000,16763,-5,138851200.000,5,0,5,双平,S,6148.2000,6147.0000,6146.8000,6146.6000,6146.4000,6150.0000,6152.4000,6152.8000,6153.6000,6158.0000,1,2,1,2,2,2,1,1,1,10
SF,IC2103,2020-08-21 09:31:49.000,6150.0000,16761,-2,141311200.000,2,0,2,双平,S,6148.2000,6147.0000,6146.8000,6146.6000,6146.4000,6152.4000,6152.8000,6153.6000,6158.0000,6168.8000,1,1,1,2,2,1,1,1,10,1
SF,IC2103,2020-08-21 09:31:49.500,6148.4000,16760,-1,142540880.000,1,0,1,双平,S,6148.2000,6147.0000,6146.8000,6146.6000,6146.4000,6149.0000,6152.2000,6152.4000,6153.6000,6158.0000,1,1,1,2,2,1,1,1,1,10
SF,IC2103,2020-08-21 09:31:50.000,6149.0000,16760,0,143770680.000,1,0,1,多换,S,6149.2000,6149.0000,6148.4000,6147.0000,6146.8000,6152.2000,6152.4000,6153.6000,6158.0000,6168.8000,1,1,1,1,1,1,1,1,10,1
SF,IC2103,2020-08-21 09:31:50.500,6149.0000,16760,0,143770680.000,0,-,-,-,-,6149.0000,6148.4000,6147.0000,6146.8000,6146.6000,6151.8000,6152.0000,6153.6000,6158.0000,6168.8000,1,1,1,1,2,1,1,1,10,1
SF,IC2103,2020-08-21 09:31:51.000,6149.0000,16760,0,143770680.000,0,-,-,-,-,6149.2000,6149.0000,6148.4000,6147.0000,6146.8000,6152.0000,6153.6000,6158.0000,6168.8000,6175.0000,1,1,1,1,1,1,1,10,1,1
SF,IC2103,2020-08-21 09:31:51.500,6149.2000,16759,-1,145000520.000,1,0,1,双平,S,6149.2000,6149.0000,6148.4000,6147.0000,6146.8000,6152.0000,6153.6000,6158.0000,6168.8000,6175.0000,1,2,1,1,1,1,1,10,1,1
SF,IC2103,2020-08-21 09:31:52.000,6149.2000,16759,0,145000520.000,0,-,-,-,-,6151.2000,6149.4000,6149.2000,6149.0000,6147.0000,6153.6000,6158.0000,6168.8000,6175.0000,6180.0000,1,1,1,2,1,1,10,1,1,1
SF,IC2103,2020-08-21 09:31:52.500,6151.2000,16759,0,146230760.000,1,0,1,多换,S,6149.4000,6149.0000,6147.0000,6146.8000,6146.6000,6153.4000,6153.6000,6158.0000,6168.8000,6175.0000,1,2,1,1,2,1,1,10,1,1
SF,IC2103,2020-08-21 09:31:53.000,6151.2000,16759,0,146230760.000,0,-,-,-,-,6149.4000,6149.0000,6147.0000,6146.8000,6146.6000,6153.2000,6153.4000,6153.6000,6158.0000,6168.8000,1,2,1,1,2,1,1,1,10,1
SF,IC2103,2020-08-21 09:31:53.500,6151.2000,16759,0,146230760.000,0,-,-,-,-,6149.6000,6149.0000,6147.0000,6146.8000,6146.6000,6153.0000,6153.2000,6153.6000,6158.0000,6168.8000,1,2,1,1,2,1,1,1,10,1
SF,IC2103,2020-08-21 09:31:54.000,6151.2000,16759,0,146230760.000,0,-,-,-,-,6149.0000,6147.0000,6146.6000,6133.4000,6133.0000,6153.0000,6153.2000,6153.6000,6158.0000,6168.8000,2,1,2,1,2,1,1,1,10,1
SF,IC2103,2020-08-21 09:31:54.500,6151.2000,16759,0,146230760.000,0,-,-,-,-,6149.2000,6149.0000,6147.0000,6146.6000,6133.4000,6152.8000,6153.0000,6153.6000,6158.0000,6168.8000,3,2,1,2,1,1,1,1,10,1
SF,IC2103,2020-08-21 09:31:55.000,6151.2000,16759,0,146230760.000,0,-,-,-,-,6149.2000,6149.0000,6147.0000,6146.6000,6133.4000,6152.6000,6152.8000,6153.6000,6158.0000,6168.8000,2,2,1,2,1,1,1,1,10,1
SF,IC2103,2020-08-21 09:31:55.500,6151.2000,16759,0,146230760.000,0,-,-,-,-,6149.4000,6149.2000,6149.0000,6147.0000,6146.6000,6152.6000,6152.8000,6153.6000,6158.0000,6168.8000,1,2,2,1,2,1,1,1,10,1
SF,IC2103,2020-08-21 09:31:56.000,6151.2000,16759,0,146230760.000,0,-,-,-,-,6149.6000,6149.4000,6149.2000,6149.0000,6147.0000,6152.8000,6153.6000,6158.0000,6168.8000,6175.0000,1,1,1,2,1,1,1,10,1,1
SF,IC2103,2020-08-21 09:31:56.500,6153.6000,16761,2,149922600.000,3,2,1,空开,S,6153.0000,6152.8000,6149.6000,6149.4000,6149.2000,6158.0000,6168.8000,6175.0000,6180.0000,6185.0000,1,1,1,1,1,10,1,1,1,1
SF,IC2103,2020-08-21 09:31:57.000,6153.0000,16761,0,152383840.000,2,1,1,多换,S,6152.8000,6149.0000,6147.0000,6146.6000,6133.4000,6157.4000,6157.8000,6158.0000,6168.8000,6175.0000,1,3,1,2,1,1,4,10,1,1
SF,IC2103,2020-08-21 09:31:57.500,6153.0000,16761,0,152383840.000,0,-,-,-,-,6152.8000,6149.0000,6146.6000,6133.4000,6133.0000,6157.0000,6157.2000,6157.4000,6157.8000,6158.0000,2,2,2,1,2,1,2,1,2,10
SF,IC2103,2020-08-21 09:31:58.000,6152.8000,16761,0,153614400.000,1,0,1,多换,S,6152.8000,6149.0000,6146.6000,6133.4000,6133.0000,6156.4000,6156.8000,6157.0000,6157.8000,6158.0000,1,2,2,1,2,1,2,1,2,10
SF,IC2103,2020-08-21 09:31:58.500,6152.8000,16761,0,154844960.000,1,0,1,多换,S,6149.0000,6146.6000,6133.4000,6133.0000,6132.0000,6156.2000,6156.4000,6157.0000,6157.8000,6158.0000,2,2,1,2,1,2,1,1,2,10
SF,IC2103,2020-08-21 09:31:59.000,6152.8000,16761,0,154844960.000,0,-,-,-,-,6149.2000,6149.0000,6146.6000,6133.4000,6133.0000,6155.6000,6156.2000,6157.0000,6157.8000,6158.0000,4,2,2,1,2,1,2,1,2,10
SF,IC2103,2020-08-21 09:31:59.500,6152.8000,16761,0,154844960.000,0,-,-,-,-,6149.4000,6149.2000,6149.0000,6146.6000,6133.4000,6155.4000,6155.6000,6157.0000,6157.8000,6158.0000,1,3,2,2,1,2,1,1,2,10
SF,IC2103,2020-08-21 09:32:00.000,6152.8000,16761,0,154844960.000,0,-,-,-,-,6149.8000,6149.6000,6149.2000,6149.0000,6146.6000,6155.0000,6155.4000,6157.0000,6157.8000,6158.0000,1,2,2,2,2,1,2,1,2,10
SF,IC2103,2020-08-21 09:32:00.500,6152.8000,16761,0,154844960.000,0,-,-,-,-,6150.8000,6150.0000,6149.8000,6149.6000,6149.2000,6154.8000,6155.0000,6157.0000,6157.8000,6158.0000,1,1,1,1,1,1,2,1,2,10
SF,IC2103,2020-08-21 09:32:01.000,6151.0000,16761,0,156075160.000,1,0,1,多换,S,6150.8000,6149.8000,6149.6000,6149.2000,6149.0000,6154.8000,6155.0000,6157.0000,6157.8000,6158.0000,1,1,1,1,1,1,2,1,2,10
SF,IC2103,2020-08-21 09:32:01.500,6151.0000,16761,0,156075160.000,0,-,-,-,-,6151.0000,6150.8000,6150.0000,6149.8000,6149.6000,6154.8000,6155.0000,6157.0000,6157.8000,6158.0000,1,1,1,1,1,1,2,1,2,10
SF,IC2103,2020-08-21 09:32:02.000,6151.0000,16761,0,156075160.000,0,-,-,-,-,6150.8000,6150.0000,6149.8000,6149.6000,6149.2000,6154.6000,6154.8000,6155.0000,6157.0000,6157.8000,1,1,1,1,1,1,1,2,1,2
SF,IC2103,2020-08-21 09:32:02.500,6154.4000,16762,1,157306040.000,1,1,0,双开,S,6151.0000,6150.0000,6149.8000,6149.6000,6149.2000,6154.6000,6155.0000,6157.0000,6157.8000,6158.0000,1,1,1,1,1,1,2,1,2,10
SF,IC2103,2020-08-21 09:32:03.000,6154.8000,16762,0,159767920.000,2,1,1,多换,S,6154.8000,6152.0000,6151.6000,6151.0000,6150.0000,6155.0000,6157.0000,6157.8000,6158.0000,6158.8000,1,1,1,1,1,2,1,2,10,1
SF,IC2103,2020-08-21 09:32:03.500,6154.8000,16762,0,162229840.000,2,1,1,多换,S,6151.0000,6150.0000,6149.0000,6146.6000,6133.4000,6154.2000,6154.8000,6155.0000,6156.2000,6157.0000,1,1,1,2,1,1,1,1,2,1
SF,IC2103,2020-08-21 09:32:04.000,6154.4000,16762,0,163460720.000,1,0,1,多换,S,6154.4000,6151.2000,6151.0000,6150.6000,6150.0000,6155.0000,6156.2000,6157.0000,6157.8000,6158.0000,1,1,1,1,1,1,2,1,2,10
SF,IC2103,2020-08-21 09:32:04.500,6155.0000,16761,-1,165922600.000,2,0,2,多平,S,6155.6000,6151.2000,6151.0000,6150.6000,6150.0000,6156.2000,6157.0000,6157.8000,6158.0000,6158.8000,1,1,1,1,1,2,1,2,10,1
SF,IC2103,2020-08-21 09:32:05.000,6155.6000,16760,-1,167153720.000,1,0,1,双平,S,6151.0000,6150.6000,6150.0000,6149.0000,6146.6000,6155.4000,6155.8000,6156.2000,6157.0000,6157.8000,1,1,1,1,2,2,1,2,1,2
SF,IC2103,2020-08-21 09:32:05.500,6155.6000,16760,0,167153720.000,0,-,-,-,-,6151.2000,6151.0000,6150.6000,6150.0000,6149.0000,6155.4000,6155.8000,6156.2000,6157.0000,6157.8000,2,1,1,1,1,2,1,2,1,2
SF,IC2103,2020-08-21 09:32:06.000,6155.6000,16760,0,167153720.000,0,-,-,-,-,6151.4000,6151.2000,6150.6000,6150.0000,6149.0000,6155.4000,6155.8000,6156.2000,6157.8000,6158.0000,1,2,1,1,1,2,1,2,2,10
SF,IC2103,2020-08-21 09:32:06.500,6155.6000,16760,0,167153720.000,0,-,-,-,-,6152.4000,6151.6000,6151.4000,6151.2000,6150.6000,6155.4000,6156.2000,6156.6000,6157.8000,6158.0000,1,1,1,1,1,2,2,1,2,10
SF,IC2103,2020-08-21 09:32:07.000,6155.6000,16760,0,170847080.000,3,1,2,多换,S,6152.6000,6152.4000,6151.6000,6151.4000,6151.2000,6156.2000,6156.6000,6157.8000,6158.0000,6158.8000,1,1,1,2,1,2,1,2,10,1
SF,IC2103,2020-08-21 09:32:07.500,6155.6000,16760,0,170847080.000,0,-,-,-,-,6152.8000,6151.6000,6151.4000,6150.6000,6150.0000,6156.0000,6156.2000,6156.6000,6157.8000,6158.0000,1,1,1,1,1,1,2,1,2,10
SF,IC2103,2020-08-21 09:32:08.000,6151.4000,16759,-1,173307920.000,2,0,2,多平,S,6150.6000,6150.0000,6149.0000,6146.6000,6133.4000,6151.4000,6155.8000,6156.0000,6156.2000,6156.6000,1,1,1,2,1,8,1,1,2,1
SF,IC2103,2020-08-21 09:32:08.500,6151.4000,16751,-8,183150160.000,8,0,8,双平,S,6151.8000,6151.6000,6150.8000,6150.6000,6150.0000,6155.8000,6156.0000,6156.2000,6156.6000,6157.8000,2,7,1,1,1,1,1,2,1,1
SF,IC2103,2020-08-21 09:32:09.000,6151.4000,16751,0,183150160.000,0,-,-,-,-,6152.0000,6151.8000,6151.6000,6150.6000,6150.0000,6155.4000,6155.6000,6155.8000,6156.2000,6157.8000,2,2,7,1,1,1,3,1,2,1
SF,IC2103,2020-08-21 09:32:09.500,6151.4000,16751,0,183150160.000,0,-,-,-,-,6152.2000,6152.0000,6151.8000,6151.6000,6150.6000,6152.8000,6155.2000,6155.4000,6155.6000,6155.8000,1,1,2,7,1,2,1,1,2,1
SF,IC2103,2020-08-21 09:32:10.000,6151.8000,16749,-2,186841320.000,3,0,3,多平,S,6151.6000,6150.6000,6150.0000,6149.0000,6133.4000,6152.8000,6155.2000,6155.4000,6155.6000,6155.8000,7,1,1,1,1,2,1,1,1,1
SF,IC2103,2020-08-21 09:32:10.500,6151.6000,16745,-4,194223240.000,6,1,5,多平,S,6151.6000,6150.6000,6150.0000,6149.0000,6133.4000,6152.8000,6155.2000,6155.4000,6155.6000,6155.8000,1,1,1,1,1,2,1,1,1,1
SF,IC2103,2020-08-21 09:32:11.000,6151.6000,16745,0,195453560.000,1,0,1,多换,S,6150.6000,6150.0000,6149.0000,6133.4000,6133.0000,6151.6000,6152.6000,6152.8000,6153.6000,6155.6000,1,1,1,1,2,1,1,2,1,1
SF,IC2103,2020-08-21 09:32:11.500,6150.6000,16746,1,196683680.000,1,1,0,双开,S,6150.0000,6149.0000,6133.4000,6133.0000,6132.0000,6151.4000,6152.6000,6152.8000,6153.4000,6153.6000,1,1,1,2,1,1,1,2,1,1
SF,IC2103,2020-08-21 09:32:12.000,6150.0000,16745,-1,197913680.000,1,0,1,双平,S,6150.2000,6149.0000,6133.4000,6133.0000,6132.0000,6151.2000,6151.4000,6152.8000,6153.4000,6153.6000,1,1,1,2,1,1,1,2,1,1
SF,IC2103,2020-08-21 09:32:12.500,6150.2000,16744,-1,199143720.000,1,0,1,双平,S,6150.4000,6149.0000,6133.4000,6133.0000,6132.0000,6151.2000,6152.4000,6152.8000,6153.4000,6155.6000,1,1,1,2,1,1,1,2,1,1
SF,IC2103,2020-08-21 09:32:13.000,6150.4000,16743,-1,201604040.000,2,0,2,多平,S,6150.6000,6149.0000,6133.4000,6133.0000,6132.0000,6152.4000,6152.8000,6153.4000,6155.6000,6156.2000,1,1,1,2,1,1,2,1,1,1
SF,IC2103,2020-08-21 09:32:13.500,6150.4000,16743,0,201604040.000,0,-,-,-,-,6150.6000,6149.0000,6133.4000,6133.0000,6132.0000,6152.8000,6153.4000,6153.6000,6154.4000,6155.6000,1,1,1,2,1,2,1,1,1,1
SF,IC2103,2020-08-21 09:32:14.000,6150.4000,16743,0,201604040.000,0,-,-,-,-,6150.6000,6149.0000,6133.4000,6133.0000,6132.0000,6152.2000,6152.8000,6153.4000,6153.6000,6154.4000,1,1,1,2,1,1,2,1,1,1
SF,IC2103,2020-08-21 09:32:14.500,6150.4000,16743,0,201604040.000,0,-,-,-,-,6149.0000,6133.4000,6133.0000,6132.0000,6121.2000,6152.2000,6152.8000,6153.4000,6153.6000,6154.4000,1,1,2,1,1,1,2,1,1,1
SF,IC2103,2020-08-21 09:32:15.000,6150.4000,16743,0,201604040.000,0,-,-,-,-,6149.2000,6149.0000,6133.4000,6133.0000,6132.0000,6152.8000,6153.4000,6153.6000,6154.4000,6155.6000,1,1,1,2,1,2,1,1,1,1
SF,IC2103,2020-08-21 09:32:15.500,6150.4000,16743,0,201604040.000,0,-,-,-,-,6149.0000,6133.4000,6133.0000,6132.0000,6121.2000,6152.4000,6152.6000,6152.8000,6153.4000,6153.6000,1,1,2,1,1,1,2,2,1,1
SF,IC2103,2020-08-21 09:32:16.000,6150.4000,16743,0,201604040.000,0,-,-,-,-,6149.2000,6149.0000,6133.4000,6133.0000,6132.0000,6152.4000,6152.6000,6152.8000,6153.4000,6154.4000,2,1,1,2,1,2,1,2,1,1
SF,IC2103,2020-08-21 09:32:16.500,6150.4000,16743,0,201604040.000,0,-,-,-,-,6149.4000,6149.2000,6149.0000,6133.4000,6133.0000,6152.4000,6152.6000,6152.8000,6153.4000,6154.4000,3,1,1,1,2,2,1,2,1,1
SF,IC2103,2020-08-21 09:32:17.000,6152.4000,16743,0,202834520.000,1,0,1,多换,S,6149.6000,6149.4000,6149.0000,6133.4000,6133.0000,6152.4000,6152.6000,6152.8000,6153.4000,6154.4000,1,3,1,1,2,1,1,2,1,1
SF,IC2103,2020-08-21 09:32:17.500,6152.4000,16743,0,202834520.000,0,-,-,-,-,6149.6000,6149.4000,6149.0000,6133.4000,6133.0000,6152.4000,6152.8000,6153.4000,6154.4000,6156.2000,1,2,1,1,2,1,2,1,1,1
SF,IC2103,2020-08-21 09:32:18.000,6152.4000,16743,0,202834520.000,0,-,-,-,-,6149.6000,6149.4000,6149.0000,6133.4000,6133.0000,6152.8000,6153.4000,6154.0000,6154.4000,6156.2000,1,2,1,1,2,2,1,1,1,1
SF,IC2103,2020-08-21 09:32:18.500,6152.4000,16743,0,202834520.000,0,-,-,-,-,6149.6000,6149.4000,6149.0000,6133.4000,6133.0000,6152.6000,6152.8000,6153.4000,6154.0000,6154.4000,1,2,1,1,2,1,2,1,1,1
SF,IC2103,2020-08-21 09:32:19.000,6152.4000,16743,0,202834520.000,0,-,-,-,-,6149.8000,6149.6000,6149.4000,6149.0000,6133.4000,6152.6000,6152.8000,6153.4000,6154.0000,6154.4000,1,1,2,1,1,1,2,1,1,1
SF,IC2103,2020-08-21 09:32:19.500,6152.4000,16743,0,202834520.000,0,-,-,-,-,6150.0000,6149.8000,6149.4000,6149.0000,6133.4000,6151.6000,6152.8000,6153.4000,6154.4000,6156.2000,1,1,2,1,1,1,2,1,1,1
SF,IC2103,2020-08-21 09:32:20.000,6152.4000,16743,0,202834520.000,0,-,-,-,-,6150.2000,6150.0000,6149.4000,6149.0000,6133.4000,6152.8000,6153.4000,6154.8000,6156.2000,6158.0000,1,1,2,1,1,2,1,1,1,10
SF,IC2103,2020-08-21 09:32:20.500,6150.2000,16743,0,204064560.000,1,0,1,多换,S,6149.0000,6133.4000,6133.0000,6132.0000,6121.2000,6152.2000,6152.6000,6152.8000,6153.4000,6154.8000,1,1,2,1,1,2,2,2,1,1
SF,IC2103,2020-08-21 09:32:21.000,6150.2000,16743,0,204064560.000,0,-,-,-,-,6149.0000,6133.4000,6133.0000,6132.0000,6121.2000,6150.0000,6151.4000,6152.0000,6152.6000,6152.8000,1,1,2,1,1,1,1,1,1,2
SF,IC2103,2020-08-21 09:32:21.500,6149.8000,16742,-1,207754120.000,3,1,2,多平,S,6133.4000,6133.0000,6132.0000,6121.2000,6120.0000,6149.8000,6150.0000,6152.0000,6152.6000,6152.8000,1,2,1,1,2,1,1,1,1,2
SF,IC2103,2020-08-21 09:32:22.000,6149.8000,16742,0,207754120.000,0,-,-,-,-,6136.6000,6136.4000,6134.6000,6133.8000,6133.6000,6149.6000,6150.0000,6152.8000,6153.8000,6156.2000,1,1,1,1,4,1,1,2,1,1
SF,IC2103,2020-08-21 09:32:22.500,6149.6000,16742,0,208984040.000,1,0,1,多换,S,6137.0000,6136.8000,6136.4000,6133.6000,6133.4000,6150.0000,6152.8000,6153.8000,6156.2000,6158.0000,1,2,1,1,1,1,2,1,1,10
SF,IC2103,2020-08-21 09:32:23.000,6149.6000,16742,0,208984040.000,0,-,-,-,-,6139.2000,6139.0000,6137.4000,6137.2000,6137.0000,6149.8000,6150.0000,6152.6000,6152.8000,6156.2000,1,1,1,2,1,3,1,1,2,1
SF,IC2103,2020-08-21 09:32:23.500,6149.6000,16742,0,208984040.000,0,-,-,-,-,6139.8000,6139.4000,6139.0000,6137.4000,6137.2000,6149.8000,6150.0000,6150.2000,6152.8000,6156.2000,1,2,1,1,1,3,1,1,2,1
SF,IC2103,2020-08-21 09:32:24.000,6149.6000,16742,0,208984040.000,0,-,-,-,-,6140.2000,6140.0000,6139.8000,6139.4000,6139.0000,6149.8000,6150.0000,6152.6000,6152.8000,6156.2000,1,2,1,1,1,3,1,1,2,1
SF,IC2103,2020-08-21 09:32:24.500,6149.6000,16742,0,208984040.000,0,-,-,-,-,6140.6000,6140.4000,6140.2000,6140.0000,6139.8000,6149.8000,6150.0000,6152.8000,6156.2000,6158.0000,1,2,1,1,1,2,2,2,1,10
SF,IC2103,2020-08-21 09:32:25.000,6149.6000,16742,0,208984040.000,0,-,-,-,-,6141.0000,6140.8000,6140.6000,6140.4000,6140.2000,6149.8000,6150.0000,6151.6000,6152.8000,6156.2000,1,1,1,1,1,2,1,1,2,1
SF,IC2103,2020-08-21 09:32:25.500,6149.6000,16742,0,208984040.000,0,-,-,-,-,6141.4000,6141.2000,6141.0000,6140.6000,6140.4000,6149.8000,6150.0000,6151.6000,6152.8000,6156.2000,1,2,1,1,1,2,1,1,2,1
SF,IC2103,2020-08-21 09:32:26.000,6150.0000,16741,-1,212673960.000,3,1,2,多平,S,6150.0000,6142.0000,6141.8000,6141.6000,6141.4000,6152.8000,6156.2000,6158.0000,6158.8000,6168.8000,6,1,1,2,1,2,1,10,1,1
SF,IC2103,2020-08-21 09:32:26.500,6150.0000,16735,-6,220053960.000,6,0,6,双平,S,6142.0000,6141.8000,6141.6000,6141.4000,6141.2000,6152.2000,6152.6000,6152.8000,6156.2000,6158.0000,1,1,2,1,1,4,2,2,1,10
SF,IC2103,2020-08-21 09:32:27.000,6150.0000,16735,0,220053960.000,0,-,-,-,-,6142.6000,6142.2000,6142.0000,6141.8000,6141.4000,6151.4000,6151.8000,6152.2000,6152.6000,6152.8000,1,2,1,1,1,1,1,1,2,2
SF,IC2103,2020-08-21 09:32:27.500,6150.0000,16735,0,220053960.000,0,-,-,-,-,6143.8000,6143.2000,6142.8000,6142.6000,6141.8000,6151.0000,6151.4000,6151.8000,6152.2000,6152.6000,1,1,3,1,1,1,1,1,1,1
SF,IC2103,2020-08-21 09:32:28.000,6150.0000,16735,0,220053960.000,0,-,-,-,-,6144.2000,6144.0000,6143.8000,6142.8000,6142.6000,6150.6000,6151.0000,6151.4000,6151.8000,6152.6000,2,2,1,1,2,1,1,1,1,1
SF,IC2103,2020-08-21 09:32:28.500,6150.0000,16735,0,220053960.000,0,-,-,-,-,6144.4000,6144.2000,6143.8000,6142.8000,6142.6000,6150.6000,6151.0000,6151.8000,6152.6000,6152.8000,4,1,1,1,2,2,1,1,1,2
SF,IC2103,2020-08-21 09:32:29.000,6150.0000,16735,0,220053960.000,0,-,-,-,-,6144.6000,6144.4000,6142.6000,6141.8000,6141.4000,6150.6000,6151.0000,6151.8000,6152.6000,6152.8000,2,3,2,1,1,2,1,1,1,2
SF,IC2103,2020-08-21 09:32:29.500,6150.0000,16735,0,220053960.000,0,-,-,-,-,6144.8000,6144.6000,6142.6000,6141.8000,6141.4000,6150.2000,6150.6000,6151.0000,6151.8000,6152.6000,3,2,2,1,1,1,2,1,1,1
SF,IC2103,2020-08-21 09:32:30.000,6150.0000,16735,0,220053960.000,0,-,-,-,-,6145.0000,6144.8000,6144.6000,6142.6000,6141.8000,6150.6000,6151.0000,6151.8000,6152.6000,6152.8000,1,3,1,2,1,2,1,1,1,2
SF,IC2103,2020-08-21 09:32:30.500,6150.0000,16735,0,220053960.000,0,-,-,-,-,6145.2000,6145.0000,6144.8000,6144.6000,6142.6000,6150.6000,6151.0000,6151.8000,6152.6000,6152.8000,2,1,1,1,2,1,1,1,1,2
SF,IC2103,2020-08-21 09:32:31.000,6150.0000,16735,0,220053960.000,0,-,-,-,-,6145.4000,6145.2000,6144.8000,6144.6000,6142.6000,6150.4000,6150.6000,6151.0000,6151.8000,6152.6000,1,2,1,1,2,1,1,1,1,1
SF,IC2103,2020-08-21 09:32:31.500,6150.0000,16735,0,220053960.000,0,-,-,-,-,6145.6000,6145.4000,6145.2000,6144.8000,6144.6000,6150.6000,6151.0000,6151.8000,6152.6000,6152.8000,2,1,1,1,1,1,1,1,1,2
SF,IC2103,2020-08-21 09:32:32.000,6150.0000,16735,0,220053960.000,0,-,-,-,-,6145.8000,6145.6000,6145.4000,6145.2000,6144.8000,6150.6000,6151.0000,6151.8000,6152.6000,6152.8000,1,2,1,1,1,1,1,1,1,2
SF,IC2103,2020-08-21 09:32:32.500,6150.0000,16735,0,220053960.000,0,-,-,-,-,6146.0000,6145.8000,6145.4000,6145.2000,6144.8000,6150.6000,6151.8000,6152.6000,6152.8000,6156.2000,2,1,1,1,1,1,1,1,2,1
SF,IC2103,2020-08-21 09:32:33.000,6150.0000,16735,0,220053960.000,0,-,-,-,-,6146.2000,6146.0000,6145.8000,6145.4000,6145.2000,6150.6000,6151.8000,6152.6000,6152.8000,6156.2000,1,2,1,1,1,1,1,1,2,1
SF,IC2103,2020-08-21 09:32:33.500,6150.0000,16735,0,220053960.000,0,-,-,-,-,6146.4000,6146.2000,6145.8000,6145.4000,6145.2000,6150.6000,6151.8000,6152.6000,6152.8000,6156.2000,2,1,1,1,1,1,1,1,2,1
SF,IC2103,2020-08-21 09:32:34.000,6150.0000,16735,0,220053960.000,0,-,-,-,-,6146.4000,6146.2000,6145.8000,6145.4000,6145.2000,6150.4000,6150.6000,6151.8000,6152.6000,6152.8000,2,1,1,1,1,1,1,1,1,2
SF,IC2103,2020-08-21 09:32:34.500,6146.4000,16735,0,221283240.000,1,0,1,多换,S,6146.4000,6145.4000,6145.2000,6144.8000,6144.6000,6150.4000,6150.6000,6151.8000,6152.6000,6156.2000,1,1,1,1,1,1,1,1,1,1
SF,IC2103,2020-08-21 09:32:35.000,6146.4000,16735,0,221283240.000,0,-,-,-,-,6146.6000,6146.4000,6145.4000,6145.2000,6144.8000,6150.4000,6150.6000,6151.8000,6152.6000,6156.2000,1,1,1,1,1,1,1,1,1,1
SF,IC2103,2020-08-21 09:32:35.500,6146.4000,16735,0,221283240.000,0,-,-,-,-,6146.8000,6146.6000,6145.2000,6144.8000,6144.6000,6150.4000,6150.6000,6150.8000,6151.0000,6151.8000,1,1,1,1,1,1,1,1,1,1
SF,IC2103,2020-08-21 09:32:36.000,6146.4000,16735,0,221283240.000,0,-,-,-,-,6147.0000,6146.8000,6145.2000,6144.8000,6142.6000,6150.4000,6150.6000,6150.8000,6151.0000,6151.8000,2,1,1,1,2,1,1,1,1,1
SF,IC2103,2020-08-21 09:32:36.500,6146.4000,16735,0,221283240.000,0,-,-,-,-,6147.2000,6147.0000,6145.2000,6144.8000,6142.6000,6150.4000,6150.6000,6150.8000,6151.0000,6151.8000,1,2,1,1,2,1,1,1,1,1
SF,IC2103,2020-08-21 09:32:37.500,6146.6000,16734,-1,223741880.000,2,0,2,多平,S,6147.2000,6147.0000,6144.8000,6142.6000,6141.8000,6150.4000,6150.6000,6150.8000,6151.0000,6151.8000,1,1,1,2,1,1,1,1,1,1
SF,IC2103,2020-08-21 09:32:38.000,6146.6000,16734,0,223741880.000,0,-,-,-,-,6147.2000,6147.0000,6144.8000,6142.6000,6141.8000,6150.2000,6150.4000,6150.6000,6150.8000,6151.0000,1,1,1,2,1,1,1,1,1,1
SF,IC2103,2020-08-21 09:32:38.500,6146.6000,16734,0,223741880.000,0,-,-,-,-,6147.2000,6147.0000,6146.0000,6144.8000,6142.6000,6150.0000,6150.2000,6150.6000,6150.8000,6151.0000,1,1,1,1,2,1,2,1,1,1
SF,IC2103,2020-08-21 09:32:39.000,6146.6000,16734,0,223741880.000,0,-,-,-,-,6147.2000,6147.0000,6146.0000,6144.8000,6142.6000,6149.4000,6149.8000,6150.0000,6150.2000,6150.6000,1,1,1,1,2,2,1,1,2,1
SF,IC2103,2020-08-21 09:32:39.500,6146.6000,16734,0,223741880.000,0,-,-,-,-,6147.2000,6147.0000,6146.0000,6144.8000,6142.6000,6149.2000,6149.8000,6150.2000,6150.6000,6150.8000,1,1,1,1,2,1,1,2,1,1
SF,IC2103,2020-08-21 09:32:40.500,6149.2000,16732,-2,226201480.000,2,0,2,双平,S,6147.2000,6147.0000,6146.0000,6144.8000,6142.6000,6149.8000,6150.2000,6150.6000,6150.8000,6151.0000,1,1,1,1,2,1,2,1,1,1
SF,IC2103,2020-08-21 09:32:41.000,6147.4000,16732,0,227430960.000,1,0,1,多换,S,6147.2000,6147.0000,6146.0000,6144.8000,6142.6000,6149.8000,6150.2000,6150.6000,6150.8000,6151.0000,1,1,1,1,2,1,2,1,1,1
SF,IC2103,2020-08-21 09:32:41.500,6147.4000,16732,0,227430960.000,0,-,-,-,-,6147.2000,6147.0000,6146.0000,6144.8000,6142.6000,6149.6000,6149.8000,6150.2000,6150.6000,6150.8000,1,1,1,1,2,1,1,1,1,1
SF,IC2103,2020-08-21 09:32:42.000,6147.4000,16732,0,227430960.000,0,-,-,-,-,6147.6000,6147.2000,6147.0000,6146.0000,6144.8000,6149.6000,6150.2000,6150.6000,6150.8000,6151.0000,1,1,1,1,1,1,1,1,1,1
SF,IC2103,2020-08-21 09:32:43.000,6147.4000,16732,0,227430960.000,0,-,-,-,-,6147.2000,6147.0000,6146.0000,6144.8000,6142.6000,6149.6000,6150.2000,6150.6000,6150.8000,6151.0000,1,1,1,1,2,1,1,1,1,1
SF,IC2103,2020-08-21 09:32:43.500,6147.4000,16732,0,227430960.000,0,-,-,-,-,6147.2000,6147.0000,6146.0000,6144.8000,6142.6000,6150.2000,6150.6000,6150.8000,6151.0000,6151.8000,1,1,1,1,2,1,1,1,1,1
SF,IC2103,2020-08-21 09:32:44.000,6147.4000,16732,0,227430960.000,0,-,-,-,-,6147.2000,6146.0000,6144.8000,6142.6000,6141.8000,6150.0000,6150.2000,6150.6000,6150.8000,6151.0000,1,1,1,2,1,1,1,1,1,1
SF,IC2103,2020-08-21 09:32:45.000,6150.2000,16730,-2,229891000.000,2,0,2,双平,S,6147.2000,6146.0000,6144.8000,6142.6000,6141.8000,6150.6000,6150.8000,6151.0000,6151.8000,6152.6000,1,1,1,2,1,1,1,1,1,1
SF,IC2103,2020-08-21 09:32:45.500,6150.2000,16730,0,229891000.000,0,-,-,-,-,6147.4000,6147.2000,6146.0000,6144.8000,6142.6000,6150.6000,6150.8000,6151.0000,6151.8000,6152.6000,2,1,1,1,2,1,1,1,1,1
SF,IC2103,2020-08-21 09:32:46.000,6150.2000,16730,0,229891000.000,0,-,-,-,-,6147.4000,6147.2000,6146.0000,6144.8000,6142.6000,6150.8000,6151.0000,6151.8000,6152.6000,6158.0000,2,1,1,1,2,1,1,1,1,10
SF,IC2103,2020-08-21 09:32:46.500,6150.2000,16730,0,229891000.000,0,-,-,-,-,6147.4000,6147.2000,6146.0000,6144.8000,6142.6000,6150.8000,6151.0000,6152.6000,6158.0000,6158.8000,2,1,1,1,2,1,1,1,10,1
SF,IC2103,2020-08-21 09:32:47.000,6150.8000,16729,-1,231121160.000,1,0,1,双平,S,6147.4000,6147.2000,6146.0000,6144.8000,6142.6000,6151.0000,6152.6000,6158.0000,6158.8000,6168.8000,2,1,1,1,2,1,1,10,1,1
SF,IC2103,2020-08-21 09:32:47.500,6151.0000,16728,-1,233581520.000,2,0,2,多平,S,6147.6000,6147.4000,6147.2000,6146.0000,6144.8000,6152.6000,6158.0000,6158.8000,6168.8000,6175.0000,1,2,1,1,1,1,10,1,1,1
SF,IC2103,2020-08-21 09:32:48.000,6151.0000,16728,0,233581520.000,0,-,-,-,-,6147.8000,6147.6000,6147.4000,6147.2000,6146.0000,6152.6000,6158.0000,6158.8000,6168.8000,6175.0000,2,1,1,1,1,1,10,1,1,1
SF,IC2103,2020-08-21 09:32:48.500,6148.0000,16726,-2,236040720.000,2,0,2,双平,S,6148.0000,6147.8000,6147.4000,6147.2000,6146.0000,6152.6000,6158.0000,6158.8000,6168.8000,6175.0000,1,2,1,1,1,1,10,1,1,1
SF,IC2103,2020-08-21 09:32:49.000,6148.0000,16726,0,236040720.000,0,-,-,-,-,6148.2000,6148.0000,6147.8000,6147.2000,6146.0000,6150.8000,6152.6000,6158.0000,6158.8000,6168.8000,1,2,1,1,1,1,1,10,1,1
SF,IC2103,2020-08-21 09:32:49.500,6150.8000,16725,-1,237270880.000,1,0,1,双平,S,6151.0000,6148.8000,6148.4000,6148.0000,6147.8000,6152.6000,6158.0000,6158.8000,6168.8000,6175.0000,1,1,1,1,1,1,10,1,1,1
SF,IC2103,2020-08-21 09:32:50.000,6151.0000,16725,0,238501080.000,1,0,1,多换,S,6151.0000,6148.4000,6148.0000,6147.8000,6146.0000,6152.2000,6152.6000,6158.0000,6158.8000,6168.8000,1,1,1,1,1,1,1,10,1,1
SF,IC2103,2020-08-21 09:32:50.500,6146.0000,16722,-3,243419640.000,4,0,4,多平,S,6142.6000,6141.8000,6141.4000,6140.6000,6136.0000,6151.0000,6152.6000,6158.0000,6158.8000,6168.8000,2,1,1,1,2,2,1,10,1,1
SF,IC2103,2020-08-21 09:32:51.000,6151.0000,16722,0,245880040.000,2,1,1,多换,S,6143.2000,6143.0000,6142.8000,6142.6000,6141.8000,6152.6000,6158.0000,6158.8000,6168.8000,6175.0000,1,1,2,2,1,1,10,1,1,1
SF,IC2103,2020-08-21 09:32:51.500,6151.0000,16722,0,245880040.000,0,-,-,-,-,6151.2000,6143.8000,6143.4000,6143.2000,6143.0000,6152.0000,6152.6000,6158.0000,6158.8000,6168.8000,1,1,4,1,1,1,1,10,1,1
SF,IC2103,2020-08-21 09:32:52.000,6151.2000,16722,0,247110280.000,1,0,1,多换,S,6143.8000,6143.4000,6143.2000,6143.0000,6142.6000,6149.8000,6150.0000,6151.8000,6152.0000,6152.6000,1,4,1,1,2,2,2,1,1,1
SF,IC2103,2020-08-21 09:32:52.500,6150.0000,16720,-2,252030240.000,4,1,3,多平,S,6150.0000,6149.8000,6145.4000,6144.4000,6144.2000,6152.0000,6152.6000,6158.0000,6158.8000,6168.8000,1,1,1,1,1,1,1,10,1,1
SF,IC2103,2020-08-21 09:32:53.000,6150.0000,16719,-1,255720200.000,3,1,2,多平,S,6144.4000,6144.2000,6144.0000,6143.8000,6143.4000,6151.6000,6151.8000,6152.0000,6152.6000,6158.0000,1,1,2,1,1,1,1,1,1,10
SF,IC2103,2020-08-21 09:32:53.500,6150.0000,16719,0,255720200.000,0,-,-,-,-,6145.0000,6144.6000,6144.4000,6144.2000,6144.0000,6149.8000,6151.4000,6151.8000,6152.6000,6158.0000,1,2,1,1,1,1,1,1,1,10
SF,IC2103,2020-08-21 09:32:54.000,6149.8000,16719,0,256950160.000,1,0,1,多换,S,6145.6000,6145.2000,6145.0000,6144.6000,6144.2000,6149.8000,6151.8000,6152.6000,6158.0000,6158.8000,1,2,1,1,1,1,1,1,10,1
SF,IC2103,2020-08-21 09:32:54.500,6149.8000,16719,0,256950160.000,0,-,-,-,-,6145.8000,6145.6000,6145.0000,6144.2000,6144.0000,6148.2000,6151.8000,6152.6000,6153.2000,6158.0000,2,1,1,1,1,1,1,1,1,10
SF,IC2103,2020-08-21 09:32:55.000,6148.2000,16719,0,258179800.000,1,0,1,多换,S,6146.0000,6145.8000,6144.2000,6144.0000,6142.6000,6152.6000,6153.2000,6158.0000,6158.8000,6168.8000,2,1,1,1,1,1,1,10,1,1
SF,IC2103,2020-08-21 09:32:55.500,6148.2000,16719,0,258179800.000,0,-,-,-,-,6146.2000,6146.0000,6144.2000,6144.0000,6142.6000,6152.2000,6152.4000,6152.6000,6153.2000,6158.0000,1,2,1,1,1,2,1,1,1,10
SF,IC2103,2020-08-21 09:32:56.000,6148.2000,16719,0,258179800.000,0,-,-,-,-,6146.4000,6146.2000,6146.0000,6144.2000,6144.0000,6152.0000,6152.2000,6152.6000,6153.2000,6158.0000,2,1,1,1,1,1,2,1,1,10
SF,IC2103,2020-08-21 09:32:56.500,6148.2000,16719,0,258179800.000,0,-,-,-,-,6146.6000,6146.4000,6146.0000,6144.2000,6144.0000,6150.0000,6151.8000,6152.0000,6152.2000,6152.6000,1,2,1,1,1,1,1,1,1,1
SF,IC2103,2020-08-21 09:32:57.000,6150.0000,16719,0,259409800.000,1,0,1,多换,S,6146.8000,6146.6000,6146.4000,6146.0000,6144.2000,6152.2000,6152.6000,6153.2000,6158.0000,6158.8000,1,1,1,1,1,1,1,1,10,1
SF,IC2103,2020-08-21 09:32:57.500,6150.0000,16719,0,259409800.000,0,-,-,-,-,6147.2000,6147.0000,6146.8000,6146.4000,6144.2000,6152.6000,6153.2000,6158.0000,6158.8000,6168.8000,1,2,1,1,1,1,1,10,1,1
SF,IC2103,2020-08-21 09:32:58.000,6150.0000,16719,0,259409800.000,0,-,-,-,-,6147.6000,6147.4000,6147.2000,6146.8000,6146.4000,6152.6000,6158.0000,6158.8000,6168.8000,6175.0000,1,3,1,1,1,1,10,1,1,1
SF,IC2103,2020-08-21 09:32:58.500,6150.0000,16719,0,259409800.000,0,-,-,-,-,6148.0000,6147.8000,6147.6000,6147.4000,6146.8000,6152.6000,6158.0000,6158.8000,6168.8000,6175.0000,1,2,1,1,1,1,10,1,1,1
SF,IC2103,2020-08-21 09:32:59.000,6150.0000,16719,0,259409800.000,0,-,-,-,-,6148.2000,6148.0000,6147.6000,6147.4000,6146.8000,6152.6000,6158.0000,6158.8000,6168.8000,6175.0000,2,1,1,1,1,1,10,1,1,1
SF,IC2103,2020-08-21 09:32:59.500,6150.0000,16719,0,259409800.000,0,-,-,-,-,6148.2000,6147.6000,6147.4000,6146.4000,6144.2000,6152.4000,6152.6000,6158.0000,6158.8000,6168.8000,2,1,1,1,1,2,1,10,1,1
SF,IC2103,2020-08-21 09:33:00.000,6150.0000,16719,0,259409800.000,0,-,-,-,-,6148.2000,6147.6000,6146.4000,6144.2000,6144.0000,6152.4000,6152.6000,6158.0000,6158.8000,6168.8000,2,1,1,1,1,1,1,10,1,1
SF,IC2103,2020-08-21 09:33:00.500,6150.0000,16719,0,259409800.000,0,-,-,-,-,6148.2000,6147.6000,6146.4000,6144.2000,6144.0000,6152.2000,6152.4000,6152.6000,6158.0000,6158.8000,2,1,1,1,1,1,1,1,10,1
SF,IC2103,2020-08-21 09:33:01.000,6148.2000,16720,1,260639440.000,1,1,0,双开,S,6148.2000,6147.6000,6146.4000,6145.0000,6144.2000,6152.0000,6152.4000,6152.6000,6158.0000,6158.8000,1,1,1,3,1,1,1,1,10,1
SF,IC2103,2020-08-21 09:33:01.500,6148.2000,16720,0,260639440.000,0,-,-,-,-,6148.4000,6148.2000,6147.6000,6146.4000,6145.0000,6151.8000,6152.0000,6152.6000,6158.0000,6158.8000,1,1,1,1,3,1,1,1,10,1
SF,IC2103,2020-08-21 09:33:02.000,6148.2000,16720,0,260639440.000,0,-,-,-,-,6148.6000,6148.4000,6147.6000,6146.4000,6145.0000,6151.8000,6152.6000,6158.0000,6158.8000,6168.8000,1,1,1,1,3,1,1,10,1,1
SF,IC2103,2020-08-21 09:33:02.500,6148.2000,16720,0,260639440.000,0,-,-,-,-,6148.6000,6148.4000,6147.6000,6146.4000,6145.0000,6152.6000,6158.0000,6158.8000,6168.8000,6175.0000,1,1,1,1,3,1,10,1,1,1
SF,IC2103,2020-08-21 09:33:03.000,6148.2000,16720,0,260639440.000,0,-,-,-,-,6148.8000,6148.6000,6147.6000,6146.4000,6145.0000,6152.6000,6158.0000,6158.8000,6168.8000,6175.0000,3,1,1,1,4,1,10,1,1,1
SF,IC2103,2020-08-21 09:33:03.500,6148.2000,16720,0,260639440.000,0,-,-,-,-,6149.0000,6148.8000,6147.6000,6146.4000,6145.0000,6152.6000,6158.0000,6158.8000,6168.8000,6175.0000,1,3,1,1,4,1,10,1,1,1
SF,IC2103,2020-08-21 09:33:04.000,6148.2000,16720,0,260639440.000,0,-,-,-,-,6149.2000,6149.0000,6148.8000,6147.6000,6146.4000,6152.4000,6152.6000,6158.0000,6158.8000,6168.8000,1,1,1,1,1,1,1,10,1,1
SF,IC2103,2020-08-21 09:33:04.500,6148.2000,16720,0,260639440.000,0,-,-,-,-,6149.4000,6148.8000,6147.6000,6146.4000,6145.0000,6152.4000,6152.6000,6158.0000,6158.8000,6168.8000,1,1,1,1,4,1,1,10,1,1
SF,IC2103,2020-08-21 09:33:05.000,6148.2000,16720,0,260639440.000,0,-,-,-,-,6149.4000,6146.4000,6145.0000,6144.2000,6144.0000,6152.2000,6152.6000,6158.0000,6158.8000,6168.8000,1,1,4,1,1,1,1,10,1,1
SF,IC2103,2020-08-21 09:33:05.500,6148.2000,16720,0,260639440.000,0,-,-,-,-,6146.4000,6145.0000,6144.2000,6144.0000,6142.6000,6151.6000,6152.0000,6152.2000,6152.6000,6158.0000,1,4,1,1,1,1,1,1,1,10
SF,IC2103,2020-08-21 09:33:06.000,6148.2000,16720,0,260639440.000,0,-,-,-,-,6147.0000,6146.6000,6146.4000,6145.0000,6144.2000,6151.0000,6151.4000,6152.6000,6158.0000,6158.8000,1,2,1,4,1,1,2,1,10,1
SF,IC2103,2020-08-21 09:33:06.500,6148.2000,16720,0,260639440.000,0,-,-,-,-,6147.2000,6147.0000,6146.6000,6146.4000,6145.0000,6150.8000,6151.0000,6151.4000,6152.6000,6158.0000,1,1,1,1,4,1,1,1,1,10
SF,IC2103,2020-08-21 09:33:07.000,6151.0000,16722,2,263099800.000,2,2,0,双开,S,6151.0000,6147.8000,6147.4000,6147.2000,6146.6000,6152.6000,6158.0000,6158.8000,6168.8000,6175.0000,1,1,3,1,1,1,10,1,1,1
SF,IC2103,2020-08-21 09:33:07.500,6151.0000,16722,0,264330000.000,1,0,1,多换,S,6147.8000,6147.4000,6147.2000,6146.6000,6145.0000,6152.2000,6152.6000,6158.0000,6158.8000,6168.8000,1,3,1,1,4,1,1,10,1,1
SF,IC2103,2020-08-21 09:33:08.000,6151.0000,16722,0,264330000.000,0,-,-,-,-,6148.0000,6147.8000,6147.4000,6146.6000,6145.0000,6151.0000,6152.0000,6152.6000,6158.0000,6158.8000,2,1,1,1,4,1,1,1,10,1
SF,IC2103,2020-08-21 09:33:08.500,6151.0000,16721,-1,265560200.000,1,0,1,双平,S,6151.2000,6148.6000,6148.0000,6147.4000,6146.6000,6152.0000,6152.6000,6158.0000,6158.8000,6168.8000,1,1,1,1,1,1,1,10,1,1
SF,IC2103,2020-08-21 09:33:09.000,6151.0000,16721,0,266790400.000,1,0,1,多换,S,6148.6000,6148.0000,6147.4000,6146.6000,6145.0000,6151.2000,6151.8000,6152.0000,6152.6000,6158.0000,1,1,1,1,4,1,1,1,1,10
SF,IC2103,2020-08-21 09:33:09.500,6151.2000,16721,0,269250880.000,2,1,1,多换,S,6151.4000,6148.8000,6148.6000,6147.4000,6146.6000,6152.6000,6158.0000,6158.8000,6168.8000,6175.0000,1,1,1,1,1,1,10,1,1,1
SF,IC2103,2020-08-21 09:33:10.000,6151.2000,16721,0,270481120.000,1,0,1,多换,S,6148.6000,6147.4000,6146.6000,6145.0000,6144.0000,6151.4000,6152.4000,6152.6000,6158.0000,6158.8000,1,1,1,4,1,1,2,1,10,1
SF,IC2103,2020-08-21 09:33:10.500,6151.2000,16721,0,270481120.000,0,-,-,-,-,6148.8000,6148.6000,6147.4000,6146.6000,6145.0000,6152.6000,6158.0000,6158.8000,6168.8000,6175.0000,2,1,1,1,4,1,10,1,1,1
SF,IC2103,2020-08-21 09:33:11.000,6151.2000,16721,0,270481120.000,0,-,-,-,-,6149.2000,6149.0000,6148.8000,6147.4000,6146.6000,6152.6000,6158.0000,6158.8000,6168.8000,6175.0000,1,1,2,1,1,1,10,1,1,1
SF,IC2103,2020-08-21 09:33:11.500,6152.6000,16722,1,271711640.000,1,1,0,双开,S,6149.4000,6149.2000,6149.0000,6148.8000,6147.4000,6158.0000,6158.8000,6168.8000,6175.0000,6179.8000,1,1,1,2,1,10,1,1,1,2
SF,IC2103,2020-08-21 09:33:12.000,6152.6000,16722,0,271711640.000,0,-,-,-,-,6150.0000,6149.6000,6149.4000,6148.8000,6147.4000,6156.0000,6157.2000,6157.4000,6157.8000,6158.0000,1,2,1,2,1,1,1,2,2,10
SF,IC2103,2020-08-21 09:33:12.500,6152.6000,16722,0,271711640.000,0,-,-,-,-,6150.2000,6150.0000,6149.6000,6148.8000,6147.4000,6156.0000,6157.4000,6157.8000,6158.0000,6158.8000,2,1,1,1,1,1,2,2,10,1
SF,IC2103,2020-08-21 09:33:13.000,6152.6000,16722,0,271711640.000,0,-,-,-,-,6150.8000,6150.2000,6149.6000,6149.0000,6148.8000,6155.4000,6155.8000,6156.0000,6157.4000,6157.8000,1,2,1,1,1,1,2,1,2,1
SF,IC2103,2020-08-21 09:33:13.500,6152.6000,16722,0,271711640.000,0,-,-,-,-,6151.0000,6150.8000,6149.6000,6149.0000,6148.8000,6155.2000,6155.4000,6155.8000,6156.0000,6157.4000,1,1,1,1,1,1,1,1,1,2
SF,IC2103,2020-08-21 09:33:14.000,6152.6000,16722,0,271711640.000,0,-,-,-,-,6151.2000,6151.0000,6150.8000,6149.6000,6149.0000,6155.2000,6155.4000,6155.8000,6156.0000,6157.4000,1,1,1,1,1,1,1,1,1,2
SF,IC2103,2020-08-21 09:33:14.500,6151.4000,16722,0,272941920.000,1,0,1,多换,S,6149.0000,6148.8000,6147.4000,6146.6000,6145.0000,6153.0000,6155.2000,6155.8000,6156.0000,6157.4000,1,1,1,1,4,1,1,1,1,2
SF,IC2103,2020-08-21 09:33:15.000,6151.4000,16722,0,272941920.000,0,-,-,-,-,6149.6000,6149.2000,6149.0000,6148.8000,6147.4000,6152.8000,6153.0000,6155.0000,6155.8000,6156.0000,1,1,1,1,1,1,1,1,1,1
SF,IC2103,2020-08-21 09:33:15.500,6151.4000,16722,0,272941920.000,0,-,-,-,-,6149.0000,6148.8000,6147.4000,6146.6000,6145.0000,6152.6000,6152.8000,6153.0000,6155.0000,6155.8000,1,1,1,1,4,1,1,1,1,1
SF,IC2103,2020-08-21 09:33:16.000,6151.4000,16722,0,272941920.000,0,-,-,-,-,6149.0000,6148.8000,6146.6000,6145.0000,6144.0000,6152.4000,6152.6000,6153.0000,6155.8000,6156.0000,1,1,1,4,1,1,1,1,1,1
SF,IC2103,2020-08-21 09:33:16.500,6149.0000,16721,-1,274171720.000,1,0,1,双平,S,6149.2000,6148.8000,6146.6000,6145.0000,6144.0000,6152.4000,6153.0000,6155.8000,6156.0000,6157.4000,1,1,1,4,1,2,1,1,1,1
SF,IC2103,2020-08-21 09:33:17.000,6149.0000,16721,0,274171720.000,0,-,-,-,-,6149.6000,6149.2000,6148.8000,6146.6000,6145.0000,6152.2000,6152.4000,6153.0000,6156.0000,6157.4000,1,1,1,1,4,1,2,1,1,1
SF,IC2103,2020-08-21 09:33:17.500,6149.0000,16721,0,274171720.000,0,-,-,-,-,6149.6000,6149.2000,6146.6000,6145.0000,6144.0000,6151.6000,6152.2000,6152.4000,6153.0000,6156.0000,2,1,1,4,1,1,1,1,1,1
SF,IC2103,2020-08-21 09:33:18.000,6149.6000,16720,-1,275401640.000,1,0,1,双平,S,6149.6000,6149.2000,6146.6000,6145.0000,6144.0000,6151.2000,6152.2000,6152.4000,6153.0000,6156.0000,1,1,1,4,1,1,1,1,1,1
SF,IC2103,2020-08-21 09:33:18.500,6149.6000,16720,0,275401640.000,0,-,-,-,-,6149.6000,6149.2000,6146.6000,6145.0000,6144.0000,6151.2000,6152.2000,6152.4000,6153.0000,6156.0000,1,1,1,4,1,1,1,1,1,1
SF,IC2103,2020-08-21 09:33:19.000,6149.6000,16720,0,276631560.000,1,0,1,多换,S,6146.6000,6145.0000,6144.0000,6142.6000,6141.0000,6150.8000,6151.0000,6152.4000,6153.0000,6156.0000,1,4,1,1,1,1,1,1,1,1
SF,IC2103,2020-08-21 09:33:19.500,6149.6000,16720,0,276631560.000,0,-,-,-,-,6147.2000,6146.8000,6146.6000,6145.0000,6144.0000,6150.6000,6152.4000,6156.0000,6157.4000,6157.8000,1,2,1,4,1,1,1,1,1,1
SF,IC2103,2020-08-21 09:33:20.000,6150.6000,16720,0,279091800.000,2,1,1,多换,S,6147.4000,6147.2000,6146.8000,6146.6000,6145.0000,6148.8000,6152.4000,6156.0000,6157.4000,6157.8000,1,1,1,1,4,1,1,1,1,1
SF,IC2103,2020-08-21 09:33:20.500,6148.8000,16720,0,280321560.000,1,0,1,多换,S,6148.0000,6147.8000,6147.6000,6147.4000,6146.8000,6152.4000,6156.0000,6157.4000,6157.8000,6158.0000,1,1,1,1,1,1,1,1,1,10
SF,IC2103,2020-08-21 09:33:21.000,6148.2000,16721,1,281551200.000,1,1,0,双开,S,6148.2000,6148.0000,6147.6000,6146.8000,6146.6000,6150.4000,6152.2000,6152.4000,6156.0000,6157.4000,2,1,1,1,1,1,1,1,1,1
SF,IC2103,2020-08-21 09:33:21.500,6148.2000,16721,0,281551200.000,0,-,-,-,-,6148.2000,6148.0000,6147.6000,6146.8000,6146.6000,6150.4000,6152.2000,6152.4000,6156.0000,6157.4000,1,1,1,1,1,1,1,1,1,1
SF,IC2103,2020-08-21 09:33:22.000,6150.4000,16721,0,282781280.000,1,0,1,多换,S,6150.6000,6148.8000,6148.6000,6148.2000,6147.6000,6152.2000,6152.4000,6156.0000,6157.4000,6157.8000,1,1,1,1,1,1,1,1,1,1
SF,IC2103,2020-08-21 09:33:22.500,6148.6000,16720,-1,285241080.000,2,0,2,多平,S,6146.6000,6145.0000,6144.0000,6142.6000,6141.0000,6148.2000,6150.6000,6151.8000,6152.0000,6152.4000,1,4,1,1,1,1,1,1,1,1
SF,IC2103,2020-08-21 09:33:23.000,6148.2000,16719,-1,287700360.000,2,0,2,多平,S,6147.0000,6146.6000,6145.0000,6144.0000,6142.6000,6150.6000,6152.4000,6156.0000,6157.4000,6157.8000,1,1,4,1,1,1,1,1,1,1
SF,IC2103,2020-08-21 09:33:23.500,6148.2000,16719,0,287700360.000,0,-,-,-,-,6150.0000,6147.2000,6147.0000,6146.6000,6145.0000,6150.4000,6150.6000,6152.4000,6156.0000,6157.4000,1,1,1,1,4,1,1,1,1,1
SF,IC2103,2020-08-21 09:33:24.000,6150.2000,16718,-1,291390400.000,3,1,2,多平,S,6147.2000,6146.6000,6145.0000,6144.0000,6142.6000,6150.6000,6152.4000,6156.0000,6157.4000,6157.8000,1,1,4,1,1,1,1,1,1,1
SF,IC2103,2020-08-21 09:33:24.500,6150.6000,16717,-1,292620520.000,1,0,1,双平,S,6147.4000,6146.6000,6145.0000,6144.0000,6142.6000,6152.4000,6156.0000,6157.4000,6157.8000,6158.0000,1,1,4,1,1,1,1,1,1,10
SF,IC2103,2020-08-21 09:33:25.000,6150.6000,16717,0,292620520.000,0,-,-,-,-,6147.6000,6147.4000,6146.6000,6145.0000,6144.0000,6152.4000,6156.0000,6157.4000,6157.8000,6158.0000,2,1,1,4,1,1,1,1,1,10
SF,IC2103,2020-08-21 09:33:25.500,6150.6000,16717,0,292620520.000,0,-,-,-,-,6147.6000,6147.4000,6146.6000,6145.0000,6144.0000,6152.4000,6156.0000,6157.4000,6157.8000,6158.0000,2,1,1,4,1,1,1,1,1,10
SF,IC2103,2020-08-21 09:33:26.000,6150.6000,16717,0,292620520.000,0,-,-,-,-,6147.8000,6147.6000,6147.4000,6146.6000,6145.0000,6152.4000,6156.0000,6157.4000,6157.8000,6158.0000,1,2,1,1,4,1,1,1,1,10
SF,IC2103,2020-08-21 09:33:26.500,6150.6000,16717,0,292620520.000,0,-,-,-,-,6148.2000,6148.0000,6147.8000,6147.4000,6145.0000,6152.4000,6156.0000,6157.4000,6157.8000,6158.0000,1,3,1,1,4,1,1,1,1,10
SF,IC2103,2020-08-21 09:33:27.000,6152.4000,16716,-1,293851000.000,1,0,1,双平,S,6148.4000,6148.2000,6148.0000,6147.4000,6145.0000,6156.0000,6157.8000,6158.0000,6158.8000,6168.8000,3,1,1,1,4,1,1,10,1,1
SF,IC2103,2020-08-21 09:33:27.500,6152.4000,16716,0,293851000.000,0,-,-,-,-,6149.0000,6148.6000,6148.4000,6148.2000,6148.0000,6155.8000,6156.0000,6157.8000,6158.0000,6158.8000,1,2,3,1,1,1,1,1,10,1
SF,IC2103,2020-08-21 09:33:28.000,6152.4000,16716,0,293851000.000,0,-,-,-,-,6149.8000,6149.2000,6149.0000,6148.6000,6148.4000,6156.0000,6158.0000,6158.8000,6168.8000,6175.0000,1,2,1,2,1,1,10,1,1,1
SF,IC2103,2020-08-21 09:33:28.500,6152.4000,16716,0,293851000.000,0,-,-,-,-,6152.4000,6150.0000,6149.8000,6149.0000,6148.6000,6158.0000,6158.8000,6168.8000,6175.0000,6179.8000,1,2,1,1,2,10,1,1,1,2
SF,IC2103,2020-08-21 09:33:29.000,6152.4000,16716,0,293851000.000,0,-,-,-,-,6152.6000,6152.4000,6149.0000,6148.6000,6148.4000,6157.4000,6158.0000,6158.8000,6168.8000,6175.0000,2,1,1,1,1,1,10,1,1,1
SF,IC2103,2020-08-21 09:33:29.500,6152.4000,16716,0,293851000.000,0,-,-,-,-,6152.6000,6152.4000,6149.0000,6148.6000,6148.4000,6157.2000,6158.0000,6158.8000,6168.8000,6175.0000,2,1,1,1,1,1,10,1,1,1
SF,IC2103,2020-08-21 09:33:30.000,6152.4000,16716,0,293851000.000,0,-,-,-,-,6152.6000,6152.4000,6149.0000,6148.6000,6148.4000,6157.2000,6158.0000,6158.8000,6168.8000,6175.0000,2,1,1,1,1,1,10,1,1,1
SF,IC2103,2020-08-21 09:33:30.500,6152.4000,16716,0,293851000.000,0,-,-,-,-,6152.6000,6152.4000,6149.0000,6148.6000,6148.4000,6157.0000,6157.2000,6158.0000,6158.8000,6168.8000,2,1,1,1,1,1,2,10,1,1
SF,IC2103,2020-08-21 09:33:31.000,6152.4000,16716,0,295081480.000,1,0,1,多换,S,6149.0000,6148.2000,6145.0000,6144.0000,6140.8000,6154.0000,6156.0000,6156.8000,6157.0000,6157.2000,1,1,4,1,1,1,1,2,1,1
SF,IC2103,2020-08-21 09:33:31.500,6152.4000,16716,0,295081480.000,0,-,-,-,-,6149.2000,6149.0000,6148.2000,6145.0000,6144.0000,6153.8000,6156.8000,6157.2000,6158.0000,6158.8000,2,1,1,4,1,1,2,1,10,1
SF,IC2103,2020-08-21 09:33:32.000,6153.8000,16716,0,296312240.000,1,0,1,多换,S,6149.4000,6149.2000,6149.0000,6148.2000,6145.0000,6156.8000,6157.2000,6158.0000,6158.8000,6168.8000,1,2,1,1,4,1,1,10,1,1
SF,IC2103,2020-08-21 09:33:32.500,6153.8000,16716,0,296312240.000,0,-,-,-,-,6149.8000,6149.6000,6149.4000,6149.2000,6149.0000,6158.0000,6158.8000,6168.8000,6175.0000,6179.8000,1,3,1,1,1,10,1,1,1,2
SF,IC2103,2020-08-21 09:33:33.000,6153.8000,16716,0,296312240.000,0,-,-,-,-,6150.0000,6149.8000,6149.6000,6149.2000,6149.0000,6157.8000,6158.0000,6158.8000,6168.8000,6175.0000,3,1,2,1,1,1,10,1,1,1
SF,IC2103,2020-08-21 09:33:33.500,6153.8000,16716,0,296312240.000,0,-,-,-,-,6150.6000,6150.2000,6150.0000,6149.8000,6149.6000,6157.4000,6157.6000,6157.8000,6158.0000,6158.8000,1,1,2,1,2,1,1,1,10,1
SF,IC2103,2020-08-21 09:33:34.000,6153.8000,16716,0,296312240.000,0,-,-,-,-,6150.8000,6150.6000,6150.2000,6149.8000,6149.6000,6156.0000,6157.0000,6157.2000,6157.4000,6157.8000,3,1,1,1,1,1,1,2,1,1
SF,IC2103,2020-08-21 09:33:34.500,6153.8000,16716,0,296312240.000,0,-,-,-,-,6150.8000,6150.6000,6150.2000,6149.8000,6149.6000,6157.2000,6157.8000,6158.0000,6158.8000,6168.8000,3,1,1,1,1,1,1,10,1,1
SF,IC2103,2020-08-21 09:33:35.000,6153.8000,16716,0,296312240.000,0,-,-,-,-,6150.8000,6150.6000,6150.2000,6149.8000,6149.6000,6157.0000,6157.2000,6157.8000,6158.0000,6158.8000,3,1,1,1,1,1,1,1,10,1
SF,IC2103,2020-08-21 09:33:35.500,6153.8000,16716,0,296312240.000,0,-,-,-,-,6150.8000,6150.6000,6150.2000,6149.8000,6149.6000,6157.8000,6158.0000,6158.8000,6168.8000,6175.0000,3,1,1,1,1,1,10,1,1,1
SF,IC2103,2020-08-21 09:33:36.000,6153.8000,16716,0,296312240.000,0,-,-,-,-,6151.4000,6150.8000,6150.6000,6150.2000,6149.6000,6158.0000,6158.8000,6168.8000,6175.0000,6179.8000,1,3,1,1,1,10,1,1,1,2
SF,IC2103,2020-08-21 09:33:36.500,6153.8000,16716,0,296312240.000,0,-,-,-,-,6151.6000,6151.4000,6150.8000,6150.6000,6150.2000,6158.0000,6158.8000,6168.8000,6175.0000,6179.8000,3,1,1,1,1,10,1,1,1,2
SF,IC2103,2020-08-21 09:33:37.000,6153.8000,16716,0,296312240.000,0,-,-,-,-,6151.6000,6151.4000,6150.8000,6150.6000,6150.2000,6157.4000,6157.8000,6158.0000,6158.8000,6168.8000,3,1,1,1,1,1,2,10,1,1
SF,IC2103,2020-08-21 09:33:37.500,6153.8000,16716,0,296312240.000,0,-,-,-,-,6151.6000,6151.4000,6150.6000,6150.2000,6149.6000,6157.4000,6157.8000,6158.0000,6158.8000,6168.8000,3,1,1,1,1,1,1,10,1,1
SF,IC2103,2020-08-21 09:33:38.000,6153.8000,16716,0,296312240.000,0,-,-,-,-,6151.6000,6151.4000,6150.6000,6150.2000,6145.0000,6157.2000,6157.4000,6157.8000,6158.0000,6158.8000,3,1,1,1,3,1,1,1,10,1
SF,IC2103,2020-08-21 09:33:38.500,6153.8000,16716,0,296312240.000,0,-,-,-,-,6151.6000,6151.4000,6150.6000,6150.2000,6145.0000,6157.2000,6157.4000,6157.8000,6158.0000,6158.8000,2,1,1,1,3,1,1,1,10,1
SF,IC2103,2020-08-21 09:33:39.500,6153.8000,16716,0,296312240.000,0,-,-,-,-,6151.6000,6151.4000,6150.6000,6150.2000,6145.0000,6157.0000,6157.2000,6157.8000,6158.0000,6158.8000,2,1,1,1,3,2,1,1,10,1
SF,IC2103,2020-08-21 09:33:40.000,6153.8000,16716,0,296312240.000,0,-,-,-,-,6151.8000,6151.6000,6151.4000,6150.6000,6150.2000,6156.8000,6157.0000,6157.8000,6158.0000,6158.8000,1,2,1,1,1,1,2,1,10,1
SF,IC2103,2020-08-21 09:33:40.500,6153.8000,16716,0,296312240.000,0,-,-,-,-,6152.0000,6151.8000,6151.4000,6150.6000,6150.2000,6157.8000,6158.0000,6158.8000,6168.8000,6175.0000,2,1,1,1,1,1,10,1,1,1
SF,IC2103,2020-08-21 09:33:41.000,6152.2000,16716,0,297542680.000,1,0,1,多换,S,6152.0000,6151.4000,6150.6000,6150.2000,6145.0000,6157.6000,6157.8000,6158.0000,6158.8000,6168.8000,2,1,1,1,3,1,1,10,1,1
SF,IC2103,2020-08-21 09:33:41.500,6152.2000,16716,0,297542680.000,0,-,-,-,-,6152.0000,6151.4000,6150.6000,6150.2000,6145.0000,6157.4000,6157.6000,6157.8000,6158.0000,6158.8000,2,1,1,1,3,1,1,1,10,1
SF,IC2103,2020-08-21 09:33:42.000,6150.6000,16714,-2,303694720.000,5,1,4,多平,S,6150.2000,6145.0000,6140.8000,6136.0000,6133.0000,6157.2000,6157.4000,6157.8000,6158.0000,6158.8000,1,3,1,2,4,2,1,1,10,1
SF,IC2103,2020-08-21 09:33:42.500,6150.6000,16714,0,303694720.000,0,-,-,-,-,6150.4000,6150.2000,6145.0000,6140.8000,6136.0000,6157.0000,6157.2000,6157.4000,6157.8000,6158.0000,2,1,3,1,2,3,2,1,1,10
SF,IC2103,2020-08-21 09:33:43.000,6150.6000,16714,0,303694720.000,0,-,-,-,-,6150.6000,6150.4000,6150.2000,6145.0000,6140.8000,6156.8000,6157.0000,6157.4000,6157.8000,6158.0000,1,2,1,3,1,2,3,1,1,10
SF,IC2103,2020-08-21 09:33:43.500,6150.6000,16714,0,303694720.000,0,-,-,-,-,6150.8000,6150.6000,6150.4000,6150.2000,6145.0000,6156.2000,6156.8000,6157.8000,6158.0000,6158.8000,1,1,1,1,3,2,3,1,10,1
SF,IC2103,2020-08-21 09:33:44.000,6150.6000,16714,0,303694720.000,0,-,-,-,-,6150.8000,6150.4000,6150.2000,6145.0000,6140.8000,6156.0000,6156.2000,6156.8000,6157.8000,6158.0000,1,1,1,3,1,2,2,1,1,10
SF,IC2103,2020-08-21 09:33:44.500,6150.6000,16714,0,303694720.000,0,-,-,-,-,6151.0000,6150.8000,6150.4000,6150.2000,6145.0000,6156.0000,6156.2000,6156.8000,6157.8000,6158.0000,1,1,1,1,3,2,2,1,1,10
SF,IC2103,2020-08-21 09:33:45.000,6156.0000,16714,0,304925920.000,1,0,1,多换,S,6151.2000,6151.0000,6150.4000,6150.2000,6145.0000,6157.8000,6158.0000,6158.8000,6168.8000,6175.0000,2,1,1,1,3,1,10,1,1,1
SF,IC2103,2020-08-21 09:33:45.500,6156.0000,16714,0,304925920.000,0,-,-,-,-,6151.2000,6151.0000,6150.4000,6150.2000,6145.0000,6157.4000,6157.6000,6157.8000,6158.0000,6158.8000,3,1,1,1,3,2,1,1,10,1
SF,IC2103,2020-08-21 09:33:46.000,6156.0000,16714,0,304925920.000,0,-,-,-,-,6152.2000,6151.2000,6151.0000,6150.4000,6150.2000,6157.2000,6157.4000,6157.8000,6158.0000,6158.8000,1,3,1,1,1,1,2,1,10,1
SF,IC2103,2020-08-21 09:33:46.500,6156.0000,16714,0,304925920.000,0,-,-,-,-,6152.4000,6152.2000,6151.2000,6151.0000,6150.4000,6157.2000,6157.4000,6157.8000,6158.0000,6158.8000,2,1,1,1,1,1,2,1,10,1
SF,IC2103,2020-08-21 09:33:47.000,6156.0000,16714,0,304925920.000,0,-,-,-,-,6152.4000,6152.2000,6151.2000,6150.4000,6150.2000,6157.2000,6157.4000,6157.8000,6158.0000,6158.8000,2,1,1,1,1,1,2,1,10,1
SF,IC2103,2020-08-21 09:33:47.500,6156.0000,16714,0,304925920.000,0,-,-,-,-,6152.4000,6152.2000,6151.2000,6150.4000,6150.2000,6157.2000,6157.4000,6158.0000,6158.8000,6168.8000,2,1,1,1,1,1,2,10,1,1
SF,IC2103,2020-08-21 09:33:48.500,6156.0000,16714,0,304925920.000,0,-,-,-,-,6152.4000,6152.2000,6151.2000,6148.0000,6145.0000,6156.6000,6157.0000,6157.2000,6158.0000,6158.8000,2,1,1,1,3,2,1,1,10,1
SF,IC2103,2020-08-21 09:33:49.000,6156.0000,16714,0,304925920.000,0,-,-,-,-,6152.4000,6148.0000,6145.0000,6140.8000,6136.0000,6156.4000,6156.6000,6157.0000,6158.0000,6158.8000,2,1,3,1,2,1,2,1,10,1
SF,IC2103,2020-08-21 09:33:49.500,6156.0000,16713,-1,306157120.000,1,0,1,双平,S,6152.4000,6148.0000,6145.0000,6140.8000,6136.0000,6156.2000,6156.4000,6158.0000,6158.8000,6168.8000,2,1,3,1,2,1,1,10,1,1
SF,IC2103,2020-08-21 09:33:50.000,6156.0000,16713,0,306157120.000,0,-,-,-,-,6152.6000,6152.4000,6148.0000,6145.0000,6140.8000,6156.4000,6158.0000,6158.8000,6168.8000,6175.0000,1,2,1,3,1,1,10,1,1,1
SF,IC2103,2020-08-21 09:33:50.500,6156.0000,16713,0,306157120.000,0,-,-,-,-,6156.6000,6152.8000,6152.6000,6148.0000,6145.0000,6158.0000,6158.8000,6168.8000,6175.0000,6179.8000,1,3,1,1,3,10,1,1,1,2
SF,IC2103,2020-08-21 09:33:51.000,6156.6000,16712,-1,308619760.000,2,0,2,多平,S,6152.8000,6152.6000,6148.0000,6145.0000,6140.8000,6156.4000,6156.6000,6157.6000,6157.8000,6158.0000,2,1,1,3,1,2,1,2,1,10
SF,IC2103,2020-08-21 09:33:51.500,6156.6000,16712,0,308619760.000,0,-,-,-,-,6152.8000,6152.6000,6148.0000,6145.0000,6140.8000,6156.4000,6156.6000,6157.6000,6157.8000,6158.0000,2,1,1,3,1,2,1,1,1,10
SF,IC2103,2020-08-21 09:33:52.000,6156.6000,16712,0,308619760.000,0,-,-,-,-,6152.8000,6152.6000,6148.0000,6145.0000,6140.8000,6156.2000,6156.4000,6156.6000,6157.6000,6158.0000,2,1,1,3,1,1,2,1,1,10
SF,IC2103,2020-08-21 09:33:52.500,6156.6000,16712,0,308619760.000,0,-,-,-,-,6152.8000,6148.0000,6145.0000,6140.8000,6136.0000,6156.2000,6156.4000,6156.6000,6157.6000,6158.0000,2,1,3,1,2,1,2,1,1,10
SF,IC2103,2020-08-21 09:33:53.000,6156.6000,16712,0,308619760.000,0,-,-,-,-,6153.0000,6152.8000,6148.0000,6145.0000,6140.8000,6156.2000,6156.4000,6156.6000,6157.6000,6158.0000,1,2,1,3,1,1,2,1,1,10
SF,IC2103,2020-08-21 09:33:53.500,6156.6000,16712,0,308619760.000,0,-,-,-,-,6153.2000,6152.8000,6148.0000,6145.0000,6140.8000,6156.2000,6156.4000,6156.6000,6157.6000,6158.0000,1,1,1,3,1,1,2,1,1,10
SF,IC2103,2020-08-21 09:33:54.000,6156.4000,16712,0,311082320.000,2,1,1,多换,S,6153.4000,6153.2000,6152.8000,6148.0000,6145.0000,6156.4000,6156.6000,6157.6000,6158.0000,6158.8000,2,1,1,1,3,2,1,1,10,1
SF,IC2103,2020-08-21 09:33:54.500,6156.4000,16711,-1,312313600.000,1,0,1,双平,S,6156.6000,6153.4000,6152.8000,6148.0000,6145.0000,6157.6000,6158.0000,6158.8000,6168.8000,6175.0000,1,2,1,1,3,1,10,1,1,1
SF,IC2103,2020-08-21 09:33:55.000,6158.0000,16707,-4,318471320.000,5,0,5,多平,S,6153.4000,6152.8000,6148.0000,6145.0000,6140.8000,6157.4000,6158.0000,6158.8000,6168.8000,6175.0000,2,1,1,3,1,1,6,1,1,1
SF,IC2103,2020-08-21 09:33:55.500,6158.0000,16707,0,318471320.000,0,-,-,-,-,6157.6000,6153.6000,6153.4000,6148.0000,6145.0000,6158.0000,6158.8000,6168.8000,6175.0000,6179.8000,1,1,2,1,3,6,1,1,1,2
SF,IC2103,2020-08-21 09:33:56.000,6158.0000,16701,-6,327092520.000,7,0,7,多平,S,6157.8000,6153.6000,6153.4000,6148.0000,6145.0000,6158.8000,6168.8000,6175.0000,6179.8000,6180.0000,1,1,2,1,3,1,1,1,2,2
SF,IC2103,2020-08-21 09:33:56.500,6158.8000,16701,0,329556000.000,2,1,1,多换,S,6158.8000,6157.8000,6153.6000,6153.4000,6148.0000,6168.8000,6175.0000,6179.8000,6180.0000,6185.0000,1,1,1,2,1,1,1,2,2,1
SF,IC2103,2020-08-21 09:33:57.000,6158.8000,16700,-1,332019520.000,2,0,2,多平,S,6158.8000,6157.8000,6153.4000,6148.0000,6145.0000,6160.8000,6161.4000,6163.2000,6163.6000,6164.4000,1,1,1,1,3,2,1,1,1,1
SF,IC2103,2020-08-21 09:33:57.500,6157.8000,16699,-1,334482840.000,2,0,2,多平,S,6148.0000,6145.0000,6140.8000,6136.0000,6133.0000,6158.6000,6159.8000,6160.2000,6160.8000,6161.4000,1,3,1,2,4,2,1,2,2,1
SF,IC2103,2020-08-21 09:33:58.000,6157.8000,16699,0,334482840.000,0,-,-,-,-,6148.6000,6148.2000,6148.0000,6145.0000,6140.8000,6158.0000,6158.4000,6158.6000,6159.8000,6160.2000,1,3,1,3,1,1,1,2,1,1
SF,IC2103,2020-08-21 09:33:58.500,6157.8000,16699,0,334482840.000,0,-,-,-,-,6148.8000,6148.6000,6148.2000,6148.0000,6145.0000,6155.0000,6157.8000,6158.0000,6158.6000,6159.8000,1,1,2,1,3,1,3,1,2,1
SF,IC2103,2020-08-21 09:33:59.000,6155.2000,16698,-1,336944920.000,2,0,2,多平,S,6155.2000,6149.4000,6149.0000,6148.8000,6148.6000,6157.8000,6158.0000,6159.8000,6160.0000,6160.2000,1,1,2,1,1,2,1,1,1,1
SF,IC2103,2020-08-21 09:33:59.500,6155.2000,16698,0,336944920.000,0,-,-,-,-,6155.8000,6149.4000,6149.0000,6148.8000,6148.6000,6157.0000,6157.2000,6157.6000,6157.8000,6159.8000,1,1,2,1,1,1,1,1,2,1
SF,IC2103,2020-08-21 09:34:00.000,6157.0000,16697,-1,339407480.000,2,0,2,多平,S,6156.0000,6149.4000,6149.0000,6148.8000,6148.6000,6160.0000,6160.2000,6160.8000,6161.4000,6163.2000,2,1,2,1,1,1,1,1,1,1
SF,IC2103,2020-08-21 09:34:00.500,6156.2000,16698,1,340638720.000,1,1,0,双开,S,6149.4000,6149.0000,6148.8000,6148.6000,6148.2000,6159.4000,6159.8000,6160.0000,6160.2000,6160.8000,1,1,1,1,1,2,1,1,1,1
SF,IC2103,2020-08-21 09:34:01.000,6156.2000,16698,0,340638720.000,0,-,-,-,-,6149.8000,6149.6000,6149.4000,6149.0000,6148.6000,6159.4000,6160.0000,6160.2000,6163.2000,6164.4000,1,5,1,1,1,2,1,1,1,1
SF,IC2103,2020-08-21 09:34:01.500,6156.2000,16698,0,340638720.000,0,-,-,-,-,6152.2000,6150.2000,6150.0000,6149.8000,6149.6000,6159.4000,6163.2000,6164.4000,6165.4000,6168.6000,1,1,2,1,3,1,1,1,1,1
SF,IC2103,2020-08-21 09:34:02.000,6156.2000,16698,0,340638720.000,0,-,-,-,-,6152.4000,6152.2000,6150.2000,6149.8000,6149.6000,6159.4000,6163.2000,6164.4000,6165.4000,6168.6000,2,1,1,1,2,1,1,1,1,1
SF,IC2103,2020-08-21 09:34:02.500,6156.2000,16698,0,340638720.000,0,-,-,-,-,6153.0000,6152.6000,6152.4000,6150.2000,6149.6000,6159.2000,6159.4000,6163.2000,6164.4000,6165.4000,1,1,2,1,2,1,1,1,1,1
SF,IC2103,2020-08-21 09:34:03.000,6156.2000,16698,0,340638720.000,0,-,-,-,-,6154.0000,6153.2000,6153.0000,6152.6000,6150.2000,6159.0000,6159.2000,6163.2000,6164.4000,6165.4000,1,2,1,1,1,1,1,1,1,1
SF,IC2103,2020-08-21 09:34:03.500,6156.2000,16698,0,340638720.000,0,-,-,-,-,6154.2000,6154.0000,6153.0000,6152.6000,6150.2000,6159.0000,6163.2000,6164.4000,6165.4000,6168.6000,2,1,1,1,1,1,1,1,1,1
SF,IC2103,2020-08-21 09:34:04.000,6156.2000,16698,0,340638720.000,0,-,-,-,-,6154.2000,6154.0000,6153.0000,6152.6000,6150.2000,6158.8000,6159.0000,6164.4000,6165.4000,6168.6000,2,1,1,1,1,1,1,1,1,1
SF,IC2103,2020-08-21 09:34:05.000,6156.2000,16698,0,340638720.000,0,-,-,-,-,6154.2000,6153.0000,6152.6000,6150.2000,6150.0000,6158.8000,6164.4000,6165.4000,6168.6000,6168.8000,2,1,1,1,1,1,1,1,1,1
SF,IC2103,2020-08-21 09:34:05.500,6156.2000,16698,0,340638720.000,0,-,-,-,-,6154.2000,6153.0000,6152.6000,6150.2000,6150.0000,6158.6000,6158.8000,6164.4000,6165.4000,6168.6000,1,1,1,1,1,1,1,1,1,1
SF,IC2103,2020-08-21 09:34:06.000,6156.2000,16698,0,340638720.000,0,-,-,-,-,6154.6000,6154.2000,6153.0000,6152.6000,6150.2000,6158.4000,6158.6000,6160.8000,6164.4000,6165.4000,1,1,1,1,1,1,1,1,1,1
SF,IC2103,2020-08-21 09:34:06.500,6156.2000,16698,0,340638720.000,0,-,-,-,-,6154.8000,6154.6000,6153.0000,6152.6000,6150.2000,6158.2000,6158.4000,6160.8000,6164.4000,6165.4000,1,1,1,1,1,1,1,1,1,1
SF,IC2103,2020-08-21 09:34:07.000,6156.2000,16698,0,340638720.000,0,-,-,-,-,6154.8000,6154.6000,6153.0000,6150.2000,6150.0000,6158.0000,6158.2000,6160.8000,6164.4000,6165.4000,1,1,1,1,1,1,1,1,1,1
SF,IC2103,2020-08-21 09:34:07.500,6156.2000,16698,0,340638720.000,0,-,-,-,-,6154.8000,6154.6000,6153.0000,6150.2000,6150.0000,6158.2000,6160.8000,6164.4000,6165.4000,6168.6000,1,1,1,1,1,1,1,1,1,1
SF,IC2103,2020-08-21 09:34:08.000,6156.2000,16698,0,340638720.000,0,-,-,-,-,6154.8000,6154.6000,6153.0000,6150.2000,6150.0000,6158.0000,6158.2000,6160.8000,6164.4000,6165.4000,1,1,1,1,1,1,1,1,1,1
SF,IC2103,2020-08-21 09:34:08.500,6156.2000,16698,0,340638720.000,0,-,-,-,-,6154.6000,6153.0000,6150.2000,6150.0000,6149.6000,6158.0000,6158.2000,6160.8000,6164.4000,6165.4000,1,1,1,1,2,1,1,1,1,1
SF,IC2103,2020-08-21 09:34:09.000,6158.0000,16697,-1,344333440.000,3,1,2,多平,S,6154.6000,6153.0000,6150.2000,6150.0000,6149.6000,6158.2000,6164.4000,6165.4000,6168.6000,6168.8000,1,1,1,1,1,1,1,1,1,1
SF,IC2103,2020-08-21 09:34:09.500,6158.0000,16697,0,344333440.000,0,-,-,-,-,6154.8000,6154.6000,6153.0000,6150.2000,6150.0000,6158.2000,6164.4000,6165.4000,6168.6000,6168.8000,1,1,1,1,1,1,1,1,1,1
SF,IC2103,2020-08-21 09:34:10.000,6158.2000,16697,0,345565080.000,1,0,1,多换,S,6154.8000,6154.6000,6153.0000,6150.2000,6150.0000,6164.4000,6165.4000,6168.6000,6168.8000,6175.0000,1,1,1,1,1,1,1,1,1,1
SF,IC2103,2020-08-21 09:34:10.500,6158.2000,16697,0,345565080.000,0,-,-,-,-,6155.0000,6154.8000,6154.6000,6153.0000,6150.2000,6163.2000,6163.6000,6163.8000,6164.2000,6164.4000,1,1,1,1,1,1,1,3,3,1
SF,IC2103,2020-08-21 09:34:11.000,6158.2000,16697,0,345565080.000,0,-,-,-,-,6155.2000,6155.0000,6154.6000,6153.0000,6150.2000,6162.6000,6163.0000,6163.2000,6163.6000,6163.8000,2,1,1,1,1,2,2,1,1,1
SF,IC2103,2020-08-21 09:34:11.500,6158.2000,16697,0,345565080.000,0,-,-,-,-,6155.4000,6155.2000,6154.6000,6153.0000,6150.2000,6161.8000,6162.0000,6162.2000,6162.4000,6162.6000,1,2,1,1,1,1,1,1,1,2
SF,IC2103,2020-08-21 09:34:12.000,6158.2000,16697,0,345565080.000,0,-,-,-,-,6155.6000,6155.4000,6155.2000,6154.6000,6153.0000,6160.8000,6161.2000,6162.0000,6162.2000,6162.6000,1,1,1,1,1,1,1,1,1,1
SF,IC2103,2020-08-21 09:34:12.500,6158.2000,16697,0,345565080.000,0,-,-,-,-,6155.8000,6155.6000,6155.2000,6154.6000,6153.0000,6160.2000,6160.6000,6160.8000,6162.0000,6162.2000,1,1,1,1,1,1,1,1,1,1
SF,IC2103,2020-08-21 09:34:13.000,6158.2000,16697,0,345565080.000,0,-,-,-,-,6155.8000,6155.2000,6154.6000,6153.0000,6150.2000,6160.0000,6160.2000,6160.8000,6162.2000,6162.6000,1,1,1,1,1,2,1,1,1,1
SF,IC2103,2020-08-21 09:34:13.500,6158.2000,16697,0,345565080.000,0,-,-,-,-,6155.8000,6155.2000,6153.0000,6150.2000,6150.0000,6159.4000,6159.8000,6160.0000,6160.8000,6162.2000,1,1,1,1,1,1,1,2,1,1
SF,IC2103,2020-08-21 09:34:14.000,6158.2000,16697,0,345565080.000,0,-,-,-,-,6155.8000,6155.2000,6153.0000,6150.2000,6150.0000,6159.2000,6159.4000,6159.8000,6160.0000,6160.8000,1,1,1,1,1,1,1,1,1,1
SF,IC2103,2020-08-21 09:34:14.500,6155.8000,16697,0,346796240.000,1,0,1,多换,S,6150.2000,6150.0000,6149.4000,6148.0000,6145.0000,6155.2000,6158.6000,6159.2000,6159.8000,6160.0000,1,1,1,1,3,2,1,1,1,1
SF,IC2103,2020-08-21 09:34:15.000,6155.2000,16695,-2,350489360.000,3,0,3,多平,S,6150.4000,6150.2000,6150.0000,6149.4000,6148.0000,6158.6000,6159.8000,6160.8000,6162.2000,6162.6000,1,1,1,1,1,1,1,1,1,1
SF,IC2103,2020-08-21 09:34:15.500,6155.2000,16695,0,350489360.000,0,-,-,-,-,6150.6000,6150.4000,6150.2000,6150.0000,6149.4000,6158.6000,6159.8000,6160.8000,6162.2000,6162.6000,2,1,1,1,1,1,1,1,1,1
SF,IC2103,2020-08-21 09:34:16.000,6155.2000,16695,0,350489360.000,0,-,-,-,-,6150.8000,6150.6000,6150.2000,6150.0000,6149.4000,6157.4000,6158.4000,6158.6000,6159.8000,6162.2000,1,2,1,1,1,1,1,1,1,1
SF,IC2103,2020-08-21 09:34:16.500,6155.2000,16695,0,350489360.000,0,-,-,-,-,6151.4000,6151.0000,6150.8000,6150.6000,6150.2000,6156.8000,6159.8000,6162.2000,6162.6000,6163.0000,1,2,1,1,1,1,1,1,1,1
SF,IC2103,2020-08-21 09:34:17.000,6155.2000,16695,0,350489360.000,0,-,-,-,-,6151.6000,6151.4000,6151.0000,6150.2000,6150.0000,6156.6000,6159.8000,6160.0000,6162.2000,6162.6000,2,1,1,1,1,1,1,1,1,1
SF,IC2103,2020-08-21 09:34:18.000,6155.2000,16695,0,350489360.000,0,-,-,-,-,6151.6000,6151.4000,6151.0000,6150.2000,6150.0000,6159.8000,6160.0000,6162.2000,6162.6000,6163.0000,2,1,1,1,1,1,1,1,1,1
SF,IC2103,2020-08-21 09:34:18.500,6155.2000,16695,0,350489360.000,0,-,-,-,-,6151.6000,6151.4000,6151.0000,6150.2000,6150.0000,6159.2000,6159.4000,6159.6000,6159.8000,6160.0000,2,1,1,1,1,1,1,3,1,1
SF,IC2103,2020-08-21 09:34:19.000,6155.2000,16695,0,350489360.000,0,-,-,-,-,6151.6000,6151.4000,6151.0000,6150.2000,6150.0000,6159.0000,6159.2000,6159.4000,6159.6000,6159.8000,2,1,1,1,1,1,1,1,1,1
SF,IC2103,2020-08-21 09:34:19.500,6155.2000,16695,0,350489360.000,0,-,-,-,-,6151.6000,6151.4000,6151.0000,6150.2000,6150.0000,6158.4000,6158.8000,6159.0000,6159.4000,6159.8000,2,1,1,1,1,1,1,1,1,1
SF,IC2103,2020-08-21 09:34:20.000,6155.2000,16695,0,350489360.000,0,-,-,-,-,6151.6000,6151.4000,6151.0000,6150.2000,6150.0000,6158.2000,6158.4000,6158.8000,6159.4000,6159.8000,2,1,1,1,1,1,1,1,1,1
SF,IC2103,2020-08-21 09:34:20.500,6151.8000,16695,0,351719720.000,1,0,1,多换,S,6151.6000,6151.4000,6151.0000,6150.2000,6150.0000,6157.6000,6158.2000,6159.4000,6159.8000,6160.0000,2,1,1,1,1,1,1,1,1,1
SF,IC2103,2020-08-21 09:34:21.000,6151.8000,16695,0,351719720.000,0,-,-,-,-,6152.2000,6151.6000,6151.4000,6151.0000,6150.2000,6157.4000,6157.6000,6159.4000,6159.8000,6160.0000,1,2,1,1,1,1,1,1,1,1
SF,IC2103,2020-08-21 09:34:21.500,6157.4000,16694,-1,352951200.000,1,0,1,双平,S,6152.4000,6151.4000,6151.0000,6150.2000,6150.0000,6157.6000,6159.4000,6159.8000,6160.0000,6162.2000,2,1,1,1,1,1,1,1,2,1
SF,IC2103,2020-08-21 09:34:22.000,6157.4000,16694,0,352951200.000,0,-,-,-,-,6152.8000,6152.6000,6152.4000,6151.4000,6151.0000,6159.4000,6159.8000,6160.0000,6162.2000,6163.0000,1,1,2,1,1,1,1,2,1,1
SF,IC2103,2020-08-21 09:34:22.500,6157.4000,16694,0,352951200.000,0,-,-,-,-,6153.6000,6153.0000,6152.8000,6152.6000,6151.4000,6158.8000,6159.4000,6159.8000,6160.0000,6162.2000,1,2,1,1,1,1,1,1,2,1
SF,IC2103,2020-08-21 09:34:23.000,6157.4000,16694,0,352951200.000,0,-,-,-,-,6153.8000,6153.6000,6152.6000,6151.4000,6151.0000,6158.8000,6159.4000,6159.8000,6160.0000,6162.2000,2,1,1,1,1,1,1,1,2,1
SF,IC2103,2020-08-21 09:34:23.500,6157.4000,16694,0,352951200.000,0,-,-,-,-,6153.8000,6153.6000,6152.6000,6151.4000,6151.0000,6158.8000,6160.0000,6162.2000,6163.0000,6163.2000,2,1,1,1,1,1,2,1,1,1
SF,IC2103,2020-08-21 09:34:24.000,6157.4000,16694,0,352951200.000,0,-,-,-,-,6153.8000,6153.6000,6152.6000,6151.4000,6151.0000,6160.0000,6162.2000,6163.0000,6163.2000,6164.4000,2,1,1,1,1,2,1,1,1,1
SF,IC2103,2020-08-21 09:34:24.500,6157.4000,16694,0,352951200.000,0,-,-,-,-,6153.8000,6153.6000,6152.6000,6151.4000,6151.0000,6159.6000,6159.8000,6160.0000,6162.2000,6163.0000,2,1,1,1,1,1,1,2,1,1
SF,IC2103,2020-08-21 09:34:25.000,6157.4000,16694,0,352951200.000,0,-,-,-,-,6153.8000,6151.4000,6151.0000,6150.2000,6150.0000,6159.6000,6160.0000,6162.2000,6163.0000,6163.2000,2,1,1,1,1,1,2,1,1,1
SF,IC2103,2020-08-21 09:34:25.500,6157.4000,16694,0,352951200.000,0,-,-,-,-,6153.8000,6151.4000,6151.0000,6150.2000,6150.0000,6159.4000,6159.6000,6160.0000,6162.2000,6163.0000,2,1,1,1,1,1,1,2,1,1
SF,IC2103,2020-08-21 09:34:26.000,6157.4000,16694,0,352951200.000,0,-,-,-,-,6154.0000,6153.8000,6151.4000,6151.0000,6150.2000,6159.2000,6159.4000,6160.0000,6162.2000,6163.0000,1,2,1,1,1,1,1,2,1,1
