市场代码,合约代码,时间,最新,持仓,增仓,成交额,成交量,开仓,平仓,成交类型,方向,买一价,买二价,买三价,买四价,买五价,卖一价,卖二价,卖三价,卖四价,卖五价,买一量,买二量,买三量,买四量,买五量,卖一量,卖二量,卖三量,卖四量,卖五量
SF,IC2103,2020-07-28 09:29:00.400,5825.0000,6363,0,0.000,0.000,-,-,-,-,5888.4000,5882.2000,5876.4000,5875.0000,5870.0000,5899.0000,5914.8000,5917.0000,5925.0000,5926.0000,1,1,1,1,1,1,1,5,4,1
SF,IC2103,2020-07-28 09:30:00.400,5897.8000,6363,0,1179560.000,1,0,1,多换,S,5888.6000,5888.4000,5882.2000,5880.0000,5876.4000,5899.0000,5914.8000,5926.0000,5929.0000,5930.0000,1,1,1,1,1,1,1,1,1,1
SF,IC2103,2020-07-28 09:30:00.900,5897.8000,6363,0,1179560.000,0,-,-,-,-,5888.8000,5880.0000,5875.0000,5870.0000,5861.2000,5898.8000,5899.0000,5914.8000,5926.0000,5929.0000,1,1,1,1,1,1,1,1,1,1
SF,IC2103,2020-07-28 09:30:01.400,5897.8000,6363,0,1179560.000,0,-,-,-,-,5890.4000,5888.8000,5880.0000,5875.0000,5870.0000,5898.6000,5898.8000,5899.0000,5926.0000,5929.0000,1,1,2,1,1,1,1,1,1,1
SF,IC2103,2020-07-28 09:30:01.900,5897.8000,6363,0,1179560.000,0,-,-,-,-,5890.6000,5890.4000,5880.0000,5875.0000,5870.0000,5898.4000,5899.0000,5926.0000,5929.0000,5930.0000,1,1,2,1,1,1,1,1,1,1
SF,IC2103,2020-07-28 09:30:02.400,5897.8000,6363,0,1179560.000,0,-,-,-,-,5890.6000,5890.4000,5880.0000,5875.0000,5870.0000,5898.4000,5899.0000,5926.0000,5929.0000,5930.0000,1,1,2,1,1,1,1,1,1,1
SF,IC2103,2020-07-28 09:30:02.900,5897.8000,6363,0,1179560.000,0,-,-,-,-,5893.8000,5890.8000,5890.6000,5890.4000,5880.0000,5898.4000,5899.0000,5926.0000,5929.0000,5930.0000,1,1,1,1,2,1,1,1,1,1
SF,IC2103,2020-07-28 09:30:03.400,5898.4000,6363,0,2359240.000,1,0,1,多换,S,5893.8000,5890.4000,5880.0000,5875.0000,5870.0000,5899.0000,5926.0000,5929.0000,5930.0000,5944.0000,2,1,2,1,1,1,1,1,1,1
SF,IC2103,2020-07-28 09:30:03.900,5899.0000,6362,-1,3539040.000,1,0,1,双平,S,5894.0000,5893.8000,5890.4000,5880.0000,5875.0000,5926.0000,5929.0000,5930.0000,5944.0000,5959.8000,2,2,1,2,1,1,1,1,1,1
SF,IC2103,2020-07-28 09:30:04.400,5899.0000,6362,0,3539040.000,0,-,-,-,-,5899.0000,5897.8000,5894.6000,5894.0000,5893.8000,5907.8000,5912.6000,5913.6000,5919.6000,5922.2000,1,1,2,2,2,1,1,2,1,1
SF,IC2103,2020-07-28 09:30:04.900,5899.0000,6362,0,3539040.000,0,-,-,-,-,5900.4000,5900.0000,5899.2000,5899.0000,5897.8000,5911.4000,5912.6000,5913.6000,5926.0000,5929.0000,1,1,1,1,1,1,1,1,1,1
SF,IC2103,2020-07-28 09:30:05.400,5899.0000,6362,0,3539040.000,0,-,-,-,-,5900.6000,5900.4000,5900.0000,5899.0000,5897.8000,5911.4000,5926.0000,5929.0000,5930.0000,5944.0000,1,2,1,1,1,1,1,1,1,1
SF,IC2103,2020-07-28 09:30:05.900,5899.0000,6362,0,3539040.000,0,-,-,-,-,5901.0000,5900.8000,5900.6000,5900.4000,5900.0000,5911.4000,5919.8000,5926.0000,5929.0000,5930.0000,1,1,1,2,1,1,1,1,1,1
SF,IC2103,2020-07-28 09:30:06.400,5899.0000,6362,0,3539040.000,0,-,-,-,-,5905.2000,5901.2000,5901.0000,5900.4000,5900.0000,5911.2000,5911.4000,5919.8000,5926.0000,5929.0000,1,2,1,2,1,1,1,1,1,1
SF,IC2103,2020-07-28 09:30:06.900,5905.2000,6359,-3,7083360.000,3,0,3,双平,S,5901.2000,5901.0000,5900.4000,5900.0000,5899.0000,5919.8000,5926.0000,5929.0000,5930.0000,5944.0000,1,1,2,1,1,1,1,1,1,1
SF,IC2103,2020-07-28 09:30:07.400,5901.4000,6358,-1,8263640.000,1,0,1,双平,S,5904.8000,5901.4000,5901.2000,5901.0000,5900.4000,5911.8000,5912.6000,5919.6000,5919.8000,5926.0000,1,1,1,1,2,1,1,1,1,1
SF,IC2103,2020-07-28 09:30:07.900,5904.6000,6357,-1,9444560.000,1,0,1,双平,S,5901.2000,5901.0000,5900.4000,5900.0000,5880.0000,5909.0000,5911.6000,5912.0000,5912.6000,5919.8000,1,1,2,1,2,1,2,1,1,1
SF,IC2103,2020-07-28 09:30:08.400,5904.6000,6357,0,9444560.000,0,-,-,-,-,5901.4000,5901.0000,5900.4000,5900.0000,5880.0000,5908.8000,5909.0000,5912.6000,5919.8000,5926.0000,1,1,2,1,2,2,1,1,1,1
SF,IC2103,2020-07-28 09:30:08.900,5904.6000,6357,0,9444560.000,0,-,-,-,-,5905.2000,5901.4000,5901.0000,5900.4000,5900.0000,5908.8000,5909.0000,5912.6000,5919.8000,5926.0000,1,1,1,2,1,1,1,1,1,1
SF,IC2103,2020-07-28 09:30:09.400,5905.2000,6357,0,10625600.000,1,0,1,多换,S,5902.8000,5901.0000,5900.4000,5900.0000,5880.0000,5909.0000,5912.6000,5919.8000,5926.0000,5929.0000,1,1,2,1,2,1,1,1,1,1
SF,IC2103,2020-07-28 09:30:09.900,5903.0000,6355,-2,12988000.000,2,0,2,双平,S,5903.0000,5900.4000,5900.0000,5880.0000,5875.0000,5912.6000,5919.8000,5926.0000,5929.0000,5930.0000,2,2,1,2,1,1,1,1,1,1
SF,IC2103,2020-07-28 09:30:10.400,5903.0000,6355,0,12988000.000,0,-,-,-,-,5903.2000,5903.0000,5900.4000,5900.0000,5880.0000,5905.2000,5912.4000,5912.6000,5919.8000,5926.0000,1,2,2,1,2,1,2,1,1,1
SF,IC2103,2020-07-28 09:30:10.900,5905.2000,6355,0,14169040.000,1,0,1,多换,S,5903.0000,5900.4000,5900.0000,5880.0000,5875.0000,5912.4000,5912.6000,5919.8000,5929.0000,5930.0000,1,2,1,2,1,1,1,1,1,1
SF,IC2103,2020-07-28 09:30:11.400,5903.0000,6354,-1,15349640.000,1,0,1,双平,S,5909.0000,5903.4000,5900.4000,5900.0000,5880.0000,5912.6000,5919.8000,5929.0000,5930.0000,5944.0000,1,1,2,2,2,1,1,1,1,1
SF,IC2103,2020-07-28 09:30:11.900,5912.4000,6354,0,17713920.000,2,1,1,多换,S,5900.4000,5900.0000,5880.0000,5875.0000,5870.0000,5912.6000,5919.8000,5929.0000,5930.0000,5944.0000,2,2,2,1,1,1,1,1,1,1
SF,IC2103,2020-07-28 09:30:12.400,5912.4000,6354,0,17713920.000,0,-,-,-,-,5902.4000,5900.6000,5900.4000,5900.0000,5880.0000,5912.4000,5912.6000,5919.0000,5919.8000,5929.0000,1,1,2,2,2,2,1,1,1,1
SF,IC2103,2020-07-28 09:30:12.900,5912.4000,6354,0,17713920.000,0,-,-,-,-,5902.4000,5901.8000,5900.4000,5900.0000,5880.0000,5912.4000,5912.6000,5919.0000,5919.8000,5929.0000,1,1,2,2,2,2,1,1,1,1
SF,IC2103,2020-07-28 09:30:13.400,5912.4000,6354,0,17713920.000,0,-,-,-,-,5902.6000,5902.4000,5900.4000,5900.0000,5880.0000,5912.2000,5912.4000,5912.6000,5919.0000,5919.8000,2,1,2,2,2,1,2,1,1,1
SF,IC2103,2020-07-28 09:30:13.900,5912.4000,6354,0,17713920.000,0,-,-,-,-,5903.0000,5902.6000,5902.4000,5900.4000,5900.0000,5912.2000,5912.4000,5912.6000,5919.0000,5919.8000,1,1,1,3,2,1,1,1,1,1
SF,IC2103,2020-07-28 09:30:14.400,5912.4000,6354,0,17713920.000,0,-,-,-,-,5903.4000,5903.0000,5902.6000,5900.4000,5900.0000,5912.0000,5912.4000,5912.6000,5919.0000,5919.8000,1,1,1,3,2,1,1,1,1,1
SF,IC2103,2020-07-28 09:30:14.900,5912.4000,6354,0,17713920.000,0,-,-,-,-,5904.8000,5903.4000,5902.6000,5900.4000,5900.0000,5912.0000,5912.6000,5919.0000,5919.8000,5929.0000,1,2,1,3,2,1,1,1,1,1
SF,IC2103,2020-07-28 09:30:15.400,5912.4000,6354,0,17713920.000,0,-,-,-,-,5904.8000,5904.2000,5903.8000,5903.4000,5902.6000,5912.0000,5912.6000,5915.0000,5919.0000,5919.8000,1,1,2,2,1,1,1,1,1,1
SF,IC2103,2020-07-28 09:30:15.900,5905.0000,6353,-1,18894920.000,1,0,1,双平,S,5904.8000,5904.2000,5903.8000,5903.4000,5902.6000,5909.0000,5912.0000,5912.6000,5915.0000,5919.0000,1,1,1,2,1,1,1,1,1,1
SF,IC2103,2020-07-28 09:30:16.400,5905.0000,6353,0,18894920.000,0,-,-,-,-,5905.2000,5904.8000,5904.2000,5903.8000,5903.4000,5909.0000,5912.6000,5915.0000,5919.0000,5919.8000,1,1,1,1,2,1,1,1,1,1
SF,IC2103,2020-07-28 09:30:16.900,5909.0000,6353,0,20076720.000,1,0,1,多换,S,5909.0000,5904.8000,5903.4000,5901.8000,5900.4000,5912.6000,5915.0000,5919.0000,5919.8000,5929.0000,1,1,2,1,2,1,1,1,1,1
SF,IC2103,2020-07-28 09:30:17.400,5912.4000,6352,-1,21259200.000,1,0,1,双平,S,5905.6000,5905.2000,5904.8000,5903.4000,5901.8000,5912.6000,5915.0000,5919.0000,5919.8000,5929.0000,2,1,1,1,1,1,1,1,1,1
SF,IC2103,2020-07-28 09:30:17.900,5912.4000,6352,0,21259200.000,0,-,-,-,-,5907.0000,5905.6000,5905.2000,5904.8000,5903.4000,5915.0000,5919.0000,5919.8000,5929.0000,5930.0000,1,2,1,1,1,1,1,1,1,1
SF,IC2103,2020-07-28 09:30:18.400,5912.4000,6352,0,21259200.000,0,-,-,-,-,5907.6000,5905.6000,5905.2000,5903.4000,5901.8000,5912.6000,5915.0000,5919.0000,5919.8000,5929.0000,1,2,1,1,1,1,1,1,1,1
SF,IC2103,2020-07-28 09:30:18.900,5912.4000,6352,0,21259200.000,0,-,-,-,-,5908.0000,5907.6000,5907.2000,5905.2000,5903.4000,5912.6000,5915.0000,5919.0000,5919.8000,5929.0000,1,2,1,1,1,1,1,1,1,2
SF,IC2103,2020-07-28 09:30:19.400,5908.2000,6351,-1,22440840.000,1,0,1,双平,S,5908.0000,5907.6000,5905.2000,5903.4000,5901.8000,5915.0000,5919.0000,5919.8000,5929.0000,5930.0000,1,1,1,1,1,1,1,1,2,1
SF,IC2103,2020-07-28 09:30:19.900,5915.0000,6350,-1,23623840.000,1,0,1,双平,S,5908.0000,5907.6000,5905.2000,5903.4000,5901.8000,5919.0000,5919.8000,5929.0000,5930.0000,5944.0000,1,1,1,1,1,1,1,2,1,1
SF,IC2103,2020-07-28 09:30:20.400,5915.0000,6350,0,23623840.000,0,-,-,-,-,5908.2000,5908.0000,5905.2000,5903.4000,5901.8000,5913.0000,5918.8000,5919.0000,5919.8000,5929.0000,1,1,1,1,1,1,1,1,1,2
SF,IC2103,2020-07-28 09:30:20.900,5915.0000,6350,0,23623840.000,0,-,-,-,-,5908.6000,5908.4000,5908.0000,5905.2000,5903.4000,5913.0000,5918.8000,5919.0000,5919.8000,5929.0000,1,1,1,1,1,1,1,1,1,2
SF,IC2103,2020-07-28 09:30:21.400,5915.0000,6351,1,24806840.000,1,1,0,双开,S,5909.0000,5908.6000,5908.4000,5908.0000,5903.4000,5918.8000,5919.0000,5919.8000,5929.0000,5930.0000,1,2,1,1,1,1,1,1,2,1
SF,IC2103,2020-07-28 09:30:21.900,5915.0000,6351,0,24806840.000,0,-,-,-,-,5909.2000,5909.0000,5908.6000,5908.4000,5903.4000,5910.4000,5918.8000,5919.0000,5919.8000,5929.0000,1,1,2,1,1,1,1,1,1,2
SF,IC2103,2020-07-28 09:30:22.400,5910.4000,6351,0,25988920.000,1,0,1,多换,S,5909.4000,5909.0000,5908.6000,5908.4000,5907.6000,5919.0000,5919.2000,5919.8000,5929.0000,5930.0000,1,1,1,1,1,1,1,1,2,1
SF,IC2103,2020-07-28 09:30:22.900,5910.4000,6351,0,25988920.000,0,-,-,-,-,5909.6000,5909.0000,5908.6000,5908.4000,5903.4000,5912.6000,5919.0000,5919.2000,5919.8000,5929.0000,1,1,1,1,1,1,1,1,1,2
SF,IC2103,2020-07-28 09:30:23.400,5910.4000,6351,0,25988920.000,0,-,-,-,-,5909.8000,5908.6000,5908.4000,5908.2000,5903.4000,5910.4000,5919.0000,5919.2000,5919.8000,5929.0000,1,1,1,1,1,1,1,1,1,2
SF,IC2103,2020-07-28 09:30:23.900,5910.0000,6348,-3,30716960.000,4,0,4,多平,S,5908.6000,5903.4000,5901.8000,5900.0000,5880.0000,5917.6000,5919.0000,5919.2000,5919.8000,5929.0000,1,1,1,2,2,1,1,1,1,2
SF,IC2103,2020-07-28 09:30:24.400,5910.0000,6348,0,30716960.000,0,-,-,-,-,5908.6000,5903.4000,5901.8000,5900.0000,5880.0000,5917.6000,5919.0000,5919.2000,5919.8000,5929.0000,1,1,1,2,2,1,1,1,1,2
SF,IC2103,2020-07-28 09:30:24.900,5910.0000,6348,0,30716960.000,0,-,-,-,-,5908.6000,5903.4000,5901.8000,5900.0000,5880.0000,5917.6000,5919.0000,5919.2000,5919.8000,5929.0000,1,1,1,2,2,1,1,1,1,2
SF,IC2103,2020-07-28 09:30:25.400,5910.0000,6348,0,30716960.000,0,-,-,-,-,5909.0000,5908.8000,5908.6000,5903.4000,5902.2000,5917.6000,5919.0000,5919.2000,5919.8000,5929.0000,1,1,1,1,1,1,1,1,1,2
SF,IC2103,2020-07-28 09:30:25.900,5910.0000,6348,0,30716960.000,0,-,-,-,-,5909.0000,5908.6000,5903.4000,5902.2000,5901.8000,5917.6000,5919.0000,5919.2000,5919.8000,5929.0000,1,1,1,1,1,1,1,1,1,2
SF,IC2103,2020-07-28 09:30:26.400,5910.0000,6348,0,30716960.000,0,-,-,-,-,5908.6000,5903.4000,5902.2000,5901.8000,5900.0000,5917.6000,5919.0000,5919.2000,5919.8000,5929.0000,1,1,1,1,2,1,1,1,1,2
SF,IC2103,2020-07-28 09:30:26.900,5910.0000,6348,0,30716960.000,0,-,-,-,-,5908.6000,5903.4000,5902.2000,5901.8000,5900.0000,5917.4000,5917.6000,5919.0000,5919.2000,5919.8000,1,1,1,1,2,1,1,1,1,1
SF,IC2103,2020-07-28 09:30:27.400,5910.0000,6348,0,30716960.000,0,-,-,-,-,5908.8000,5908.6000,5903.4000,5902.2000,5901.8000,5912.6000,5915.6000,5917.4000,5917.6000,5919.0000,1,1,1,1,1,1,1,1,1,1
SF,IC2103,2020-07-28 09:30:27.900,5912.6000,6347,-1,31899480.000,1,0,1,双平,S,5908.8000,5908.6000,5903.4000,5902.2000,5901.8000,5917.4000,5917.6000,5919.0000,5919.2000,5919.8000,1,1,1,1,1,1,1,1,1,1
SF,IC2103,2020-07-28 09:30:28.400,5915.0000,6347,0,33082480.000,1,0,1,多换,S,5908.8000,5903.4000,5902.2000,5901.8000,5900.0000,5917.4000,5917.6000,5919.0000,5919.2000,5919.8000,1,1,1,1,2,1,1,1,1,1
SF,IC2103,2020-07-28 09:30:28.900,5915.0000,6347,0,33082480.000,0,-,-,-,-,5908.8000,5903.4000,5902.2000,5901.8000,5900.0000,5917.4000,5917.6000,5919.0000,5919.2000,5919.8000,1,1,1,1,2,1,1,1,1,1
SF,IC2103,2020-07-28 09:30:29.400,5915.0000,6347,0,33082480.000,0,-,-,-,-,5903.4000,5902.2000,5901.8000,5900.0000,5880.0000,5917.4000,5917.6000,5919.0000,5919.2000,5919.8000,1,1,1,2,2,1,1,1,1,1
SF,IC2103,2020-07-28 09:30:29.900,5915.0000,6347,0,33082480.000,0,-,-,-,-,5907.0000,5905.2000,5903.6000,5903.4000,5902.2000,5917.2000,5917.4000,5919.0000,5919.2000,5919.8000,1,1,1,1,1,1,1,1,1,1
SF,IC2103,2020-07-28 09:30:30.400,5915.0000,6347,0,33082480.000,0,-,-,-,-,5907.8000,5907.6000,5907.0000,5905.2000,5903.4000,5916.4000,5917.0000,5917.2000,5917.4000,5919.0000,1,1,1,1,1,1,1,1,1,1
SF,IC2103,2020-07-28 09:30:30.900,5915.0000,6347,0,33082480.000,0,-,-,-,-,5907.8000,5907.6000,5907.0000,5906.6000,5905.2000,5915.0000,5916.4000,5917.0000,5917.2000,5917.4000,1,1,1,1,1,1,1,1,1,1
SF,IC2103,2020-07-28 09:30:31.400,5915.0000,6347,0,33082480.000,0,-,-,-,-,5908.4000,5907.8000,5906.6000,5905.2000,5903.4000,5915.0000,5916.4000,5917.0000,5917.2000,5917.4000,1,1,1,1,1,1,1,1,1,1
SF,IC2103,2020-07-28 09:30:31.900,5915.0000,6347,0,33082480.000,0,-,-,-,-,5908.4000,5906.6000,5905.2000,5903.4000,5902.2000,5910.0000,5914.8000,5915.0000,5916.4000,5917.0000,1,1,1,1,1,1,1,2,1,1
SF,IC2103,2020-07-28 09:30:32.400,5910.0000,6346,-1,34264480.000,1,0,1,双平,S,5908.4000,5906.6000,5905.2000,5903.4000,5901.8000,5914.8000,5915.0000,5916.4000,5917.0000,5919.0000,1,1,1,1,1,1,2,1,1,1
SF,IC2103,2020-07-28 09:30:32.900,5910.0000,6346,0,34264480.000,0,-,-,-,-,5906.6000,5905.2000,5903.4000,5901.8000,5900.0000,5914.8000,5915.0000,5916.4000,5917.0000,5919.0000,1,1,1,1,2,1,3,1,1,1
SF,IC2103,2020-07-28 09:30:33.400,5910.0000,6346,0,34264480.000,0,-,-,-,-,5906.8000,5905.2000,5903.4000,5901.8000,5900.0000,5914.8000,5915.0000,5916.4000,5917.0000,5919.0000,1,1,1,1,2,1,3,1,1,1
SF,IC2103,2020-07-28 09:30:33.900,5910.0000,6346,0,34264480.000,0,-,-,-,-,5905.2000,5903.4000,5901.8000,5900.0000,5880.0000,5914.6000,5914.8000,5915.0000,5917.0000,5919.0000,1,1,1,2,2,1,1,3,1,1
SF,IC2103,2020-07-28 09:30:34.400,5910.0000,6346,0,34264480.000,0,-,-,-,-,5905.2000,5903.4000,5901.8000,5900.0000,5880.0000,5914.4000,5914.6000,5914.8000,5915.0000,5917.0000,1,1,1,2,2,2,1,1,3,1
SF,IC2103,2020-07-28 09:30:34.900,5914.4000,6344,-2,38995920.000,4,1,3,多平,S,5907.0000,5905.6000,5905.2000,5903.4000,5901.8000,5914.6000,5914.8000,5915.0000,5917.0000,5919.0000,1,1,1,1,1,1,1,3,1,1
SF,IC2103,2020-07-28 09:30:35.400,5914.4000,6344,0,38995920.000,0,-,-,-,-,5907.2000,5905.6000,5905.2000,5903.4000,5901.8000,5914.6000,5914.8000,5915.0000,5917.0000,5919.0000,1,1,1,1,1,1,1,3,1,1
SF,IC2103,2020-07-28 09:30:35.900,5914.4000,6344,0,38995920.000,0,-,-,-,-,5907.2000,5905.2000,5903.4000,5901.8000,5900.0000,5914.6000,5914.8000,5915.0000,5917.0000,5919.0000,1,1,1,1,2,1,1,3,1,1
SF,IC2103,2020-07-28 09:30:36.400,5914.4000,6344,0,38995920.000,0,-,-,-,-,5907.2000,5905.2000,5903.4000,5901.8000,5900.0000,5914.6000,5914.8000,5915.0000,5917.0000,5919.0000,1,1,1,1,2,2,1,3,1,1
SF,IC2103,2020-07-28 09:30:36.900,5914.4000,6344,0,38995920.000,0,-,-,-,-,5907.2000,5905.2000,5903.4000,5901.8000,5900.0000,5914.6000,5914.8000,5915.0000,5917.0000,5919.0000,1,1,1,1,2,2,1,3,1,1
SF,IC2103,2020-07-28 09:30:37.400,5914.4000,6344,0,38995920.000,0,-,-,-,-,5907.2000,5903.4000,5901.8000,5900.0000,5880.0000,5914.2000,5914.6000,5914.8000,5915.0000,5917.0000,1,1,1,2,2,1,2,1,3,1
SF,IC2103,2020-07-28 09:30:37.900,5914.4000,6344,0,38995920.000,0,-,-,-,-,5907.2000,5903.4000,5901.8000,5900.0000,5880.0000,5911.8000,5914.2000,5914.6000,5914.8000,5915.0000,1,1,1,3,2,1,1,1,1,3
SF,IC2103,2020-07-28 09:30:38.400,5914.4000,6344,0,38995920.000,0,-,-,-,-,5903.4000,5901.8000,5900.0000,5880.0000,5875.0000,5911.8000,5913.0000,5914.2000,5914.8000,5915.0000,1,1,3,2,1,1,1,1,1,3
SF,IC2103,2020-07-28 09:30:38.900,5914.4000,6344,0,38995920.000,0,-,-,-,-,5903.6000,5903.4000,5901.8000,5900.0000,5880.0000,5911.6000,5911.8000,5913.0000,5914.2000,5914.8000,1,1,1,3,2,1,1,1,1,1
SF,IC2103,2020-07-28 09:30:39.400,5914.4000,6344,0,38995920.000,0,-,-,-,-,5903.8000,5903.6000,5903.4000,5901.8000,5900.0000,5911.0000,5913.0000,5914.2000,5914.4000,5914.8000,1,1,1,1,3,1,1,1,1,1
SF,IC2103,2020-07-28 09:30:39.900,5914.4000,6344,0,38995920.000,0,-,-,-,-,5904.0000,5903.8000,5903.4000,5901.8000,5900.0000,5910.8000,5913.0000,5914.2000,5914.4000,5914.8000,1,1,1,1,3,1,1,1,1,1
SF,IC2103,2020-07-28 09:30:40.400,5904.0000,6343,-1,40176720.000,1,0,1,双平,S,5904.2000,5903.4000,5901.8000,5900.0000,5880.0000,5910.0000,5910.6000,5913.0000,5914.2000,5914.4000,1,1,1,3,2,1,1,1,1,1
SF,IC2103,2020-07-28 09:30:40.900,5904.0000,6343,0,40176720.000,0,-,-,-,-,5903.4000,5901.8000,5900.0000,5880.0000,5875.0000,5906.8000,5910.0000,5913.0000,5914.4000,5914.8000,1,1,3,2,1,1,1,1,1,1
SF,IC2103,2020-07-28 09:30:41.400,5903.4000,6342,-1,41357400.000,1,0,1,双平,S,5901.8000,5900.0000,5880.0000,5875.0000,5870.0000,5907.4000,5910.0000,5913.0000,5914.4000,5914.8000,1,3,2,1,1,1,1,1,1,1
SF,IC2103,2020-07-28 09:30:41.900,5903.4000,6342,0,41357400.000,0,-,-,-,-,5901.8000,5900.0000,5880.0000,5875.0000,5870.0000,5910.0000,5913.0000,5914.4000,5914.8000,5915.0000,1,3,2,1,1,1,1,1,1,3
SF,IC2103,2020-07-28 09:30:42.400,5903.4000,6342,0,41357400.000,0,-,-,-,-,5902.0000,5901.8000,5900.0000,5880.0000,5875.0000,5910.0000,5913.0000,5914.4000,5914.8000,5915.0000,1,1,4,1,1,1,1,1,1,3
SF,IC2103,2020-07-28 09:30:42.900,5903.4000,6342,0,41357400.000,0,-,-,-,-,5902.0000,5901.8000,5900.0000,5880.0000,5875.0000,5910.0000,5913.0000,5914.4000,5914.8000,5915.0000,1,1,4,1,1,1,1,1,1,3
SF,IC2103,2020-07-28 09:30:43.400,5903.4000,6342,0,41357400.000,0,-,-,-,-,5902.0000,5901.8000,5900.0000,5880.0000,5875.0000,5910.0000,5913.0000,5914.4000,5914.8000,5915.0000,1,1,4,1,1,1,1,1,2,3
SF,IC2103,2020-07-28 09:30:43.900,5903.4000,6342,0,41357400.000,0,-,-,-,-,5902.0000,5901.8000,5900.0000,5880.0000,5875.0000,5909.8000,5910.0000,5914.4000,5914.8000,5915.0000,1,1,4,1,1,1,1,1,2,3
SF,IC2103,2020-07-28 09:30:44.400,5903.4000,6342,0,41357400.000,0,-,-,-,-,5902.0000,5901.8000,5900.0000,5880.0000,5875.0000,5909.6000,5910.0000,5914.4000,5914.8000,5915.0000,1,1,4,1,1,1,1,1,2,3
SF,IC2103,2020-07-28 09:30:44.900,5903.4000,6342,0,41357400.000,0,-,-,-,-,5901.8000,5900.0000,5880.0000,5875.0000,5870.0000,5909.2000,5909.4000,5910.0000,5914.4000,5914.8000,1,4,1,1,1,2,2,1,1,2
SF,IC2103,2020-07-28 09:30:45.400,5903.4000,6342,0,41357400.000,0,-,-,-,-,5902.0000,5901.8000,5900.0000,5880.0000,5875.0000,5909.0000,5909.2000,5910.0000,5914.4000,5914.8000,1,1,4,1,1,1,2,1,1,2
SF,IC2103,2020-07-28 09:30:45.900,5902.0000,6341,-1,42537800.000,1,0,1,双平,S,5901.8000,5900.0000,5880.0000,5875.0000,5870.0000,5908.4000,5909.0000,5909.2000,5910.0000,5914.4000,1,4,1,1,1,1,2,1,1,1
SF,IC2103,2020-07-28 09:30:46.400,5902.0000,6341,0,42537800.000,0,-,-,-,-,5901.8000,5900.0000,5880.0000,5875.0000,5870.0000,5908.2000,5908.4000,5909.2000,5910.0000,5914.4000,1,4,1,1,1,2,1,1,1,1
SF,IC2103,2020-07-28 09:30:46.900,5901.8000,6341,0,43718160.000,1,0,1,多换,S,5900.0000,5880.0000,5875.0000,5870.0000,5861.2000,5908.0000,5908.2000,5909.2000,5910.0000,5914.4000,4,1,1,1,1,1,2,1,1,1
SF,IC2103,2020-07-28 09:30:47.400,5901.8000,6341,0,43718160.000,0,-,-,-,-,5900.0000,5880.0000,5875.0000,5870.0000,5861.2000,5907.8000,5908.0000,5909.2000,5910.0000,5914.8000,4,1,1,1,1,2,1,1,1,2
SF,IC2103,2020-07-28 09:30:47.900,5901.8000,6341,0,43718160.000,0,-,-,-,-,5900.0000,5880.0000,5875.0000,5870.0000,5861.2000,5904.0000,5907.8000,5909.2000,5910.0000,5914.8000,4,1,1,1,1,1,2,1,1,2
SF,IC2103,2020-07-28 09:30:48.400,5900.0000,6339,-2,46078160.000,2,0,2,双平,S,5900.0000,5880.0000,5875.0000,5870.0000,5861.2000,5907.0000,5907.8000,5909.2000,5910.0000,5914.8000,2,1,1,1,1,1,2,1,1,2
SF,IC2103,2020-07-28 09:30:48.900,5900.0000,6339,0,47258160.000,1,0,1,多换,S,5900.0000,5880.0000,5875.0000,5870.0000,5861.2000,5903.0000,5906.8000,5907.0000,5909.2000,5910.0000,1,1,1,1,1,1,1,1,1,1
SF,IC2103,2020-07-28 09:30:49.400,5900.0000,6339,0,48438160.000,1,0,1,多换,S,5880.0000,5875.0000,5870.0000,5861.2000,5850.0000,5906.8000,5907.0000,5909.2000,5910.0000,5914.8000,1,1,1,1,1,2,1,1,1,2
SF,IC2103,2020-07-28 09:30:49.900,5893.8000,6338,-1,49616920.000,1,0,1,双平,S,5893.8000,5890.4000,5880.0000,5875.0000,5870.0000,5906.8000,5909.2000,5910.0000,5914.8000,5915.0000,1,1,1,1,1,3,1,1,2,2
SF,IC2103,2020-07-28 09:30:50.400,5893.8000,6338,0,49616920.000,0,-,-,-,-,5893.8000,5890.4000,5880.0000,5875.0000,5870.0000,5906.6000,5906.8000,5909.2000,5910.0000,5914.8000,1,1,1,1,1,1,3,1,1,2
SF,IC2103,2020-07-28 09:30:50.900,5893.8000,6337,-1,50795680.000,1,0,1,双平,S,5894.2000,5893.8000,5880.0000,5875.0000,5870.0000,5905.2000,5906.4000,5906.6000,5909.2000,5910.0000,1,1,1,1,1,1,2,2,1,1
SF,IC2103,2020-07-28 09:30:51.400,5893.8000,6337,0,50795680.000,0,-,-,-,-,5894.4000,5894.2000,5885.8000,5880.0000,5875.0000,5904.2000,5904.8000,5905.0000,5905.2000,5906.4000,1,1,1,1,1,1,1,1,1,1
SF,IC2103,2020-07-28 09:30:51.900,5893.8000,6337,0,50795680.000,0,-,-,-,-,5894.2000,5885.8000,5880.0000,5875.0000,5870.0000,5900.4000,5902.2000,5904.0000,5904.2000,5905.2000,1,1,1,1,1,1,1,1,1,1
SF,IC2103,2020-07-28 09:30:52.400,5893.8000,6337,0,50795680.000,0,-,-,-,-,5885.8000,5880.0000,5875.0000,5870.0000,5861.2000,5900.0000,5904.0000,5904.2000,5905.2000,5906.4000,1,1,1,1,1,1,1,1,1,1
SF,IC2103,2020-07-28 09:30:52.900,5893.8000,6337,0,50795680.000,0,-,-,-,-,5894.6000,5887.2000,5885.8000,5880.0000,5875.0000,5899.8000,5900.0000,5904.2000,5905.2000,5906.6000,1,1,1,1,1,2,1,1,1,1
SF,IC2103,2020-07-28 09:30:53.400,5893.8000,6337,0,50795680.000,0,-,-,-,-,5889.2000,5888.2000,5885.8000,5880.0000,5875.0000,5900.0000,5904.2000,5905.2000,5906.6000,5910.0000,1,1,1,1,1,1,1,1,1,1
SF,IC2103,2020-07-28 09:30:53.900,5893.8000,6337,0,50795680.000,0,-,-,-,-,5889.6000,5889.4000,5888.2000,5885.8000,5880.0000,5900.0000,5904.2000,5905.2000,5906.6000,5910.0000,1,2,1,1,1,1,1,1,1,1
SF,IC2103,2020-07-28 09:30:54.400,5893.8000,6337,0,50795680.000,0,-,-,-,-,5893.0000,5891.4000,5891.0000,5889.8000,5889.6000,5900.0000,5904.2000,5905.2000,5906.6000,5910.0000,1,1,1,2,1,1,1,1,1,1
SF,IC2103,2020-07-28 09:30:54.900,5893.8000,6337,0,50795680.000,0,-,-,-,-,5893.2000,5893.0000,5892.0000,5891.4000,5891.0000,5899.6000,5900.0000,5905.2000,5906.6000,5910.0000,1,1,1,1,1,1,1,1,1,1
SF,IC2103,2020-07-28 09:30:55.400,5893.8000,6337,0,50795680.000,0,-,-,-,-,5893.2000,5893.0000,5892.0000,5891.4000,5889.8000,5900.0000,5905.2000,5906.6000,5910.0000,5914.8000,1,1,1,1,1,1,1,1,1,2
SF,IC2103,2020-07-28 09:30:55.900,5893.8000,6337,0,50795680.000,0,-,-,-,-,5894.0000,5893.8000,5893.2000,5891.4000,5889.8000,5900.0000,5910.0000,5914.8000,5915.0000,5915.2000,2,2,2,1,1,1,1,2,2,1
SF,IC2103,2020-07-28 09:30:56.400,5893.8000,6337,0,50795680.000,0,-,-,-,-,5894.0000,5893.8000,5893.2000,5889.8000,5889.6000,5900.0000,5910.0000,5914.8000,5915.0000,5915.2000,4,1,2,1,1,1,1,1,2,1
SF,IC2103,2020-07-28 09:30:56.900,5900.0000,6336,-1,51975680.000,1,0,1,双平,S,5895.2000,5895.0000,5894.6000,5894.0000,5893.8000,5910.0000,5914.8000,5915.0000,5915.2000,5919.0000,1,2,1,3,1,1,1,2,1,1
SF,IC2103,2020-07-28 09:30:57.400,5900.0000,6336,0,51975680.000,0,-,-,-,-,5895.4000,5895.2000,5895.0000,5894.8000,5894.6000,5905.2000,5906.2000,5907.0000,5909.8000,5910.0000,1,1,2,1,1,1,1,1,1,1
SF,IC2103,2020-07-28 09:30:57.900,5900.0000,6336,0,51975680.000,0,-,-,-,-,5897.0000,5896.6000,5895.8000,5895.6000,5895.4000,5900.2000,5905.2000,5906.8000,5907.0000,5909.8000,1,1,1,1,1,1,1,1,1,1
SF,IC2103,2020-07-28 09:30:58.400,5900.0000,6336,0,51975680.000,0,-,-,-,-,5897.0000,5896.6000,5895.8000,5895.6000,5895.2000,5900.2000,5905.2000,5906.8000,5907.0000,5909.8000,1,1,1,1,1,1,1,1,1,1
SF,IC2103,2020-07-28 09:30:58.900,5900.0000,6336,0,51975680.000,0,-,-,-,-,5897.0000,5896.6000,5895.8000,5895.6000,5895.2000,5900.2000,5905.2000,5906.8000,5907.0000,5909.8000,1,1,1,1,1,1,1,1,1,1
SF,IC2103,2020-07-28 09:30:59.400,5900.2000,6336,0,53155720.000,1,0,1,多换,S,5896.6000,5895.8000,5895.2000,5895.0000,5894.0000,5905.2000,5906.8000,5907.0000,5909.8000,5910.0000,1,1,1,1,1,1,1,1,1,1
SF,IC2103,2020-07-28 09:30:59.900,5900.2000,6336,0,53155720.000,0,-,-,-,-,5896.8000,5896.6000,5895.8000,5895.2000,5895.0000,5905.0000,5905.2000,5906.8000,5907.0000,5909.8000,2,1,1,1,1,2,1,1,1,1
SF,IC2103,2020-07-28 09:31:00.400,5900.2000,6336,0,53155720.000,0,-,-,-,-,5896.8000,5896.6000,5895.8000,5895.2000,5895.0000,5905.0000,5905.2000,5906.8000,5907.0000,5909.8000,3,1,1,1,1,2,1,1,1,1
SF,IC2103,2020-07-28 09:31:00.900,5900.2000,6336,0,53155720.000,0,-,-,-,-,5897.4000,5896.8000,5896.6000,5895.8000,5895.2000,5904.4000,5905.0000,5905.2000,5906.8000,5907.0000,1,3,1,1,1,1,2,1,1,1
SF,IC2103,2020-07-28 09:31:01.400,5900.2000,6336,0,53155720.000,0,-,-,-,-,5897.6000,5897.4000,5896.8000,5896.6000,5895.8000,5905.0000,5905.2000,5907.0000,5909.8000,5910.0000,2,1,1,1,1,1,1,1,1,1
SF,IC2103,2020-07-28 09:31:01.900,5897.8000,6335,-1,54335280.000,1,0,1,双平,S,5898.2000,5897.6000,5897.4000,5895.2000,5895.0000,5905.0000,5905.2000,5907.0000,5909.8000,5910.0000,1,2,2,1,1,1,1,1,1,1
SF,IC2103,2020-07-28 09:31:02.400,5897.8000,6335,0,54335280.000,0,-,-,-,-,5898.4000,5898.2000,5897.4000,5895.2000,5895.0000,5905.0000,5905.2000,5905.4000,5907.0000,5909.8000,2,1,1,1,1,1,1,1,1,1
SF,IC2103,2020-07-28 09:31:02.900,5897.8000,6335,0,54335280.000,0,-,-,-,-,5899.0000,5898.6000,5898.4000,5897.4000,5895.2000,5905.0000,5905.2000,5905.4000,5907.0000,5909.8000,1,1,4,1,1,1,1,1,1,1
SF,IC2103,2020-07-28 09:31:03.400,5897.8000,6335,0,54335280.000,0,-,-,-,-,5899.2000,5899.0000,5898.6000,5898.4000,5897.4000,5905.0000,5905.2000,5905.4000,5907.0000,5909.8000,2,1,1,2,1,1,1,1,1,1
SF,IC2103,2020-07-28 09:31:03.900,5897.8000,6335,0,54335280.000,0,-,-,-,-,5900.4000,5900.0000,5899.6000,5899.4000,5899.2000,5905.0000,5905.4000,5907.0000,5909.8000,5910.0000,1,1,1,1,2,1,1,1,1,1
SF,IC2103,2020-07-28 09:31:04.400,5897.8000,6335,0,54335280.000,0,-,-,-,-,5900.6000,5900.0000,5899.8000,5899.6000,5899.2000,5904.8000,5905.0000,5905.4000,5907.0000,5909.8000,1,1,1,1,1,1,1,1,1,1
SF,IC2103,2020-07-28 09:31:04.900,5897.8000,6335,0,54335280.000,0,-,-,-,-,5901.0000,5899.8000,5899.6000,5899.2000,5899.0000,5904.8000,5905.0000,5905.4000,5907.0000,5909.8000,1,1,1,1,1,1,1,1,1,1
SF,IC2103,2020-07-28 09:31:05.400,5897.8000,6335,0,54335280.000,0,-,-,-,-,5901.0000,5899.8000,5899.2000,5899.0000,5898.4000,5904.8000,5905.0000,5905.4000,5907.0000,5909.8000,1,1,1,1,1,1,1,1,1,1
SF,IC2103,2020-07-28 09:31:05.900,5897.8000,6335,0,54335280.000,0,-,-,-,-,5901.0000,5899.2000,5896.8000,5895.2000,5890.8000,5904.8000,5905.0000,5905.4000,5907.0000,5909.8000,1,1,1,1,1,1,1,1,1,1
SF,IC2103,2020-07-28 09:31:06.400,5897.8000,6335,0,54335280.000,0,-,-,-,-,5901.4000,5901.0000,5899.2000,5896.8000,5895.2000,5904.8000,5905.0000,5905.4000,5907.0000,5909.8000,1,1,1,1,1,1,1,1,1,1
SF,IC2103,2020-07-28 09:31:07.400,5897.8000,6335,0,54335280.000,0,-,-,-,-,5901.0000,5899.2000,5896.8000,5895.2000,5890.8000,5904.8000,5905.0000,5905.4000,5907.0000,5909.8000,1,1,1,1,1,1,1,1,1,1
SF,IC2103,2020-07-28 09:31:07.900,5897.8000,6335,0,54335280.000,0,-,-,-,-,5901.2000,5896.8000,5895.2000,5890.8000,5889.8000,5904.8000,5905.0000,5905.4000,5907.0000,5909.8000,1,1,1,1,1,1,1,1,1,1
SF,IC2103,2020-07-28 09:31:08.400,5897.8000,6335,0,54335280.000,0,-,-,-,-,5897.0000,5896.8000,5895.2000,5890.8000,5889.8000,5904.8000,5905.0000,5905.4000,5907.0000,5909.8000,1,1,1,1,1,1,1,1,1,1
SF,IC2103,2020-07-28 09:31:08.900,5897.8000,6335,0,54335280.000,0,-,-,-,-,5897.2000,5897.0000,5896.8000,5895.2000,5895.0000,5904.6000,5905.0000,5905.4000,5907.0000,5910.0000,1,1,1,1,1,1,1,1,1,1
SF,IC2103,2020-07-28 09:31:09.400,5897.8000,6335,0,54335280.000,0,-,-,-,-,5898.0000,5897.2000,5897.0000,5896.8000,5895.2000,5904.6000,5905.4000,5907.0000,5910.0000,5910.4000,1,1,1,1,1,1,1,1,1,1
SF,IC2103,2020-07-28 09:31:09.900,5904.6000,6335,0,55516200.000,1,0,1,多换,S,5898.8000,5898.2000,5898.0000,5896.8000,5895.2000,5905.4000,5907.0000,5910.0000,5910.4000,5911.0000,1,2,1,1,1,1,1,1,1,1
SF,IC2103,2020-07-28 09:31:10.400,5904.6000,6335,0,55516200.000,0,-,-,-,-,5899.6000,5899.0000,5898.8000,5898.0000,5896.8000,5905.4000,5907.0000,5910.0000,5910.4000,5911.0000,1,2,3,1,1,1,1,1,1,1
SF,IC2103,2020-07-28 09:31:10.900,5905.4000,6334,-1,56697280.000,1,0,1,双平,S,5899.8000,5899.6000,5899.0000,5898.8000,5898.6000,5907.0000,5910.0000,5910.4000,5911.0000,5914.8000,1,2,1,3,1,1,1,1,1,1
SF,IC2103,2020-07-28 09:31:11.400,5905.4000,6334,0,56697280.000,0,-,-,-,-,5900.4000,5900.0000,5899.8000,5899.6000,5898.8000,5907.0000,5910.0000,5910.4000,5911.0000,5914.8000,1,1,1,2,3,1,1,1,1,1
SF,IC2103,2020-07-28 09:31:11.900,5905.4000,6334,0,56697280.000,0,-,-,-,-,5900.6000,5900.4000,5900.2000,5899.6000,5898.8000,5910.0000,5910.4000,5911.0000,5914.8000,5915.0000,2,3,1,2,1,1,1,1,1,2
SF,IC2103,2020-07-28 09:31:12.400,5905.4000,6334,0,56697280.000,0,-,-,-,-,5901.4000,5901.2000,5901.0000,5900.8000,5900.6000,5910.0000,5910.4000,5911.0000,5914.8000,5915.0000,1,1,1,1,2,1,1,1,1,2
SF,IC2103,2020-07-28 09:31:12.900,5905.4000,6334,0,56697280.000,0,-,-,-,-,5901.6000,5901.4000,5901.2000,5901.0000,5900.8000,5904.6000,5910.0000,5911.0000,5914.8000,5915.0000,2,1,1,1,1,1,1,1,1,2
SF,IC2103,2020-07-28 09:31:13.400,5904.6000,6333,-1,57878200.000,1,0,1,双平,S,5903.4000,5903.0000,5902.0000,5901.8000,5901.4000,5910.0000,5911.0000,5914.8000,5915.0000,5919.0000,1,1,1,1,1,1,1,1,2,1
SF,IC2103,2020-07-28 09:31:13.900,5904.6000,6333,0,57878200.000,0,-,-,-,-,5903.6000,5903.4000,5903.0000,5902.0000,5901.8000,5909.8000,5910.0000,5911.0000,5914.8000,5915.0000,2,1,1,1,1,1,1,1,1,2
SF,IC2103,2020-07-28 09:31:14.400,5904.6000,6333,0,57878200.000,0,-,-,-,-,5904.6000,5903.6000,5903.0000,5902.0000,5901.8000,5910.0000,5911.0000,5914.8000,5915.0000,5919.0000,1,2,1,1,1,1,1,1,2,1
SF,IC2103,2020-07-28 09:31:14.900,5904.6000,6333,0,57878200.000,0,-,-,-,-,5905.0000,5904.8000,5904.6000,5903.6000,5903.0000,5909.8000,5910.0000,5911.0000,5914.8000,5915.0000,1,1,1,1,1,1,1,1,1,2
SF,IC2103,2020-07-28 09:31:15.400,5904.6000,6333,0,57878200.000,0,-,-,-,-,5905.2000,5905.0000,5904.6000,5903.6000,5903.0000,5909.8000,5910.0000,5911.0000,5914.8000,5915.0000,1,1,1,1,1,1,1,1,1,2
SF,IC2103,2020-07-28 09:31:15.900,5904.6000,6333,0,57878200.000,0,-,-,-,-,5905.2000,5904.6000,5903.6000,5902.0000,5901.0000,5909.8000,5910.0000,5910.2000,5911.0000,5914.8000,1,1,1,1,1,1,1,1,1,1
SF,IC2103,2020-07-28 09:31:16.400,5904.6000,6333,0,57878200.000,0,-,-,-,-,5905.2000,5903.6000,5901.0000,5900.4000,5898.6000,5909.8000,5910.0000,5910.2000,5911.0000,5914.8000,1,1,1,1,1,1,1,1,1,1
SF,IC2103,2020-07-28 09:31:16.900,5904.6000,6333,0,57878200.000,0,-,-,-,-,5905.2000,5903.6000,5901.0000,5900.4000,5898.6000,5909.8000,5910.0000,5910.2000,5911.0000,5914.8000,1,1,1,1,1,1,1,1,1,1
SF,IC2103,2020-07-28 09:31:17.400,5909.6000,6332,-1,59060120.000,1,0,1,双平,S,5905.2000,5903.6000,5901.0000,5900.4000,5898.6000,5909.8000,5910.0000,5910.2000,5911.0000,5914.8000,1,1,1,1,1,1,1,1,1,1
SF,IC2103,2020-07-28 09:31:17.900,5909.6000,6332,0,59060120.000,0,-,-,-,-,5905.2000,5903.6000,5901.0000,5900.4000,5898.6000,5910.0000,5910.2000,5911.0000,5914.8000,5915.0000,1,1,1,1,1,1,1,1,1,2
SF,IC2103,2020-07-28 09:31:18.400,5909.8000,6331,-1,60242080.000,1,0,1,双平,S,5905.2000,5903.6000,5901.0000,5900.4000,5898.6000,5909.8000,5910.0000,5910.2000,5911.0000,5914.8000,1,1,1,1,1,1,1,1,1,1
SF,IC2103,2020-07-28 09:31:18.900,5909.8000,6331,0,60242080.000,0,-,-,-,-,5905.2000,5903.6000,5901.0000,5900.4000,5898.6000,5909.6000,5909.8000,5910.0000,5910.2000,5911.0000,1,1,1,1,1,1,1,1,1,1
SF,IC2103,2020-07-28 09:31:19.400,5909.8000,6331,0,60242080.000,0,-,-,-,-,5905.2000,5901.0000,5900.4000,5898.6000,5895.6000,5909.4000,5909.6000,5910.0000,5910.2000,5911.0000,1,1,1,1,1,1,1,1,1,1
SF,IC2103,2020-07-28 09:31:19.900,5909.8000,6331,0,60242080.000,0,-,-,-,-,5901.0000,5900.4000,5898.6000,5895.6000,5895.0000,5909.2000,5909.4000,5909.6000,5910.0000,5910.2000,1,1,1,1,1,1,1,1,2,1
SF,IC2103,2020-07-28 09:31:20.400,5909.8000,6331,0,60242080.000,0,-,-,-,-,5902.6000,5901.2000,5901.0000,5900.4000,5898.6000,5909.2000,5909.6000,5910.0000,5910.2000,5911.0000,1,3,1,1,1,1,1,2,1,1
SF,IC2103,2020-07-28 09:31:20.900,5909.8000,6331,0,60242080.000,0,-,-,-,-,5902.8000,5901.0000,5900.4000,5898.6000,5895.6000,5909.0000,5909.2000,5909.6000,5910.0000,5910.2000,3,1,1,1,1,1,1,1,2,1
SF,IC2103,2020-07-28 09:31:21.400,5909.8000,6331,0,60242080.000,0,-,-,-,-,5902.8000,5901.0000,5900.4000,5898.6000,5895.6000,5905.2000,5909.0000,5909.2000,5909.6000,5910.0000,3,1,1,1,1,1,1,1,1,2
SF,IC2103,2020-07-28 09:31:21.900,5909.8000,6331,0,60242080.000,0,-,-,-,-,5902.8000,5901.0000,5900.4000,5898.6000,5895.6000,5905.0000,5905.2000,5909.2000,5909.6000,5910.0000,1,1,1,1,1,1,1,1,1,2
SF,IC2103,2020-07-28 09:31:22.400,5902.8000,6330,-1,61422640.000,1,0,1,双平,S,5900.4000,5898.6000,5895.6000,5895.0000,5890.0000,5904.8000,5905.0000,5905.2000,5909.2000,5909.6000,1,1,1,1,1,1,1,1,1,1
SF,IC2103,2020-07-28 09:31:22.900,5904.8000,6329,-1,62603600.000,1,0,1,双平,S,5900.8000,5900.6000,5900.4000,5898.6000,5895.6000,5905.0000,5905.2000,5909.2000,5910.0000,5910.2000,1,1,1,1,1,1,1,1,2,1
SF,IC2103,2020-07-28 09:31:23.400,5905.0000,6329,0,63784600.000,1,0,1,多换,S,5901.0000,5900.8000,5900.4000,5898.6000,5895.6000,5905.2000,5910.0000,5910.2000,5911.0000,5914.8000,1,1,1,1,1,1,2,1,1,2
SF,IC2103,2020-07-28 09:31:23.900,5905.0000,6329,0,63784600.000,0,-,-,-,-,5901.0000,5900.4000,5898.6000,5895.6000,5895.0000,5905.2000,5910.0000,5910.2000,5911.0000,5914.8000,1,1,1,1,1,1,2,1,1,2
SF,IC2103,2020-07-28 09:31:24.400,5905.0000,6329,0,63784600.000,0,-,-,-,-,5901.0000,5900.4000,5898.6000,5895.6000,5895.0000,5905.2000,5910.0000,5910.2000,5911.0000,5914.8000,1,1,1,1,1,1,2,1,1,2
SF,IC2103,2020-07-28 09:31:24.900,5905.0000,6329,0,63784600.000,0,-,-,-,-,5901.0000,5900.4000,5898.6000,5895.6000,5895.0000,5905.2000,5910.0000,5910.2000,5911.0000,5914.8000,1,1,1,1,1,1,2,1,1,2
SF,IC2103,2020-07-28 09:31:25.400,5905.0000,6329,0,63784600.000,0,-,-,-,-,5898.6000,5895.6000,5895.0000,5890.0000,5885.0000,5905.0000,5905.2000,5910.0000,5910.2000,5911.0000,1,1,1,1,1,1,1,2,1,1
SF,IC2103,2020-07-28 09:31:25.900,5905.0000,6329,0,63784600.000,0,-,-,-,-,5898.8000,5898.6000,5895.6000,5895.0000,5890.0000,5905.0000,5905.2000,5910.0000,5910.2000,5911.0000,1,1,1,1,1,1,1,2,1,1
SF,IC2103,2020-07-28 09:31:26.400,5905.0000,6329,0,63784600.000,0,-,-,-,-,5899.2000,5898.8000,5895.6000,5895.0000,5890.0000,5905.0000,5905.2000,5910.0000,5910.2000,5911.0000,1,2,1,1,1,1,1,2,1,1
SF,IC2103,2020-07-28 09:31:26.900,5905.0000,6329,0,63784600.000,0,-,-,-,-,5900.4000,5899.4000,5895.6000,5895.0000,5890.0000,5905.0000,5905.2000,5910.0000,5910.2000,5911.0000,1,2,1,1,1,1,1,2,1,1
SF,IC2103,2020-07-28 09:31:27.400,5905.0000,6329,0,63784600.000,0,-,-,-,-,5900.6000,5895.6000,5895.0000,5890.0000,5885.0000,5905.0000,5905.2000,5910.0000,5910.2000,5911.0000,1,1,1,1,1,1,1,2,1,1
SF,IC2103,2020-07-28 09:31:27.900,5905.0000,6329,0,63784600.000,0,-,-,-,-,5895.6000,5895.0000,5890.0000,5885.0000,5875.0000,5905.0000,5905.2000,5910.0000,5910.2000,5911.0000,1,1,1,1,1,1,1,2,1,1
SF,IC2103,2020-07-28 09:31:28.400,5905.0000,6329,0,63784600.000,0,-,-,-,-,5899.0000,5895.8000,5895.6000,5895.0000,5890.0000,5904.8000,5905.2000,5910.0000,5910.2000,5911.0000,1,3,1,1,1,1,1,2,1,1
SF,IC2103,2020-07-28 09:31:28.900,5905.0000,6329,0,63784600.000,0,-,-,-,-,5899.2000,5899.0000,5895.8000,5895.6000,5895.0000,5904.6000,5905.2000,5910.0000,5910.2000,5911.0000,2,1,1,1,1,1,1,2,1,1
SF,IC2103,2020-07-28 09:31:29.400,5905.0000,6329,0,63784600.000,0,-,-,-,-,5900.4000,5899.6000,5899.2000,5895.8000,5895.6000,5905.2000,5910.0000,5910.2000,5911.0000,5914.8000,1,1,2,1,1,1,2,1,1,2
SF,IC2103,2020-07-28 09:31:29.900,5905.0000,6329,0,63784600.000,0,-,-,-,-,5900.6000,5900.4000,5899.6000,5895.8000,5895.6000,5905.2000,5910.0000,5910.2000,5911.0000,5914.8000,2,1,3,1,1,1,2,1,1,2
SF,IC2103,2020-07-28 09:31:30.400,5905.0000,6329,0,63784600.000,0,-,-,-,-,5900.6000,5900.4000,5899.6000,5895.8000,5895.6000,5905.2000,5910.0000,5910.2000,5911.0000,5914.8000,2,1,3,1,1,1,2,1,1,2
SF,IC2103,2020-07-28 09:31:30.900,5905.0000,6329,0,63784600.000,0,-,-,-,-,5900.6000,5900.4000,5899.6000,5895.8000,5895.6000,5905.2000,5910.0000,5910.2000,5911.0000,5914.8000,1,1,3,1,1,1,2,1,1,2
SF,IC2103,2020-07-28 09:31:31.400,5905.0000,6329,0,63784600.000,0,-,-,-,-,5900.6000,5899.6000,5895.8000,5895.6000,5895.0000,5905.0000,5905.2000,5909.0000,5910.0000,5910.2000,1,3,1,1,1,1,1,1,2,1
SF,IC2103,2020-07-28 09:31:31.900,5905.0000,6329,0,63784600.000,0,-,-,-,-,5899.6000,5897.8000,5895.8000,5895.6000,5895.0000,5904.8000,5905.0000,5905.2000,5909.0000,5910.0000,3,1,1,1,1,1,1,1,1,2
SF,IC2103,2020-07-28 09:31:32.400,5905.0000,6329,0,63784600.000,0,-,-,-,-,5899.8000,5899.6000,5897.8000,5895.8000,5895.6000,5900.6000,5904.6000,5904.8000,5905.2000,5909.0000,1,2,1,1,1,1,1,1,1,1
SF,IC2103,2020-07-28 09:31:32.900,5900.6000,6328,-1,64964720.000,1,0,1,双平,S,5901.6000,5900.6000,5900.4000,5899.6000,5895.6000,5905.2000,5909.0000,5910.0000,5910.2000,5911.0000,2,1,1,1,1,1,1,2,1,1
SF,IC2103,2020-07-28 09:31:33.400,5900.6000,6328,0,64964720.000,0,-,-,-,-,5900.6000,5900.4000,5899.6000,5895.6000,5895.0000,5905.0000,5905.2000,5909.0000,5910.0000,5910.2000,1,1,1,1,1,2,1,1,2,1
SF,IC2103,2020-07-28 09:31:33.900,5900.6000,6328,0,64964720.000,0,-,-,-,-,5900.8000,5900.6000,5900.4000,5899.6000,5895.6000,5905.0000,5905.2000,5909.0000,5910.0000,5910.2000,1,1,1,1,1,2,1,1,2,1
SF,IC2103,2020-07-28 09:31:34.400,5900.6000,6328,0,64964720.000,0,-,-,-,-,5900.8000,5900.6000,5900.4000,5899.6000,5895.6000,5905.0000,5905.2000,5909.0000,5910.0000,5910.2000,2,1,1,1,1,2,1,1,2,1
SF,IC2103,2020-07-28 09:31:34.900,5900.6000,6328,0,64964720.000,0,-,-,-,-,5900.8000,5900.6000,5900.4000,5899.6000,5895.6000,5905.0000,5905.2000,5909.0000,5910.0000,5910.2000,1,1,1,1,1,2,1,1,2,1
SF,IC2103,2020-07-28 09:31:35.900,5900.6000,6328,0,64964720.000,0,-,-,-,-,5900.8000,5900.6000,5900.4000,5899.6000,5895.6000,5905.0000,5905.2000,5909.0000,5910.0000,5910.2000,1,1,1,1,1,1,1,1,2,1
SF,IC2103,2020-07-28 09:31:36.400,5900.6000,6328,0,64964720.000,0,-,-,-,-,5900.8000,5900.4000,5899.6000,5895.6000,5895.0000,5905.0000,5905.2000,5909.0000,5910.0000,5910.2000,1,1,1,1,1,1,1,1,2,1
SF,IC2103,2020-07-28 09:31:36.900,5900.6000,6328,0,64964720.000,0,-,-,-,-,5901.0000,5900.8000,5900.4000,5899.6000,5895.6000,5905.0000,5905.2000,5909.0000,5910.0000,5910.2000,1,1,1,1,1,1,1,1,2,1
SF,IC2103,2020-07-28 09:31:37.400,5900.6000,6328,0,64964720.000,0,-,-,-,-,5901.4000,5901.2000,5900.4000,5899.6000,5895.6000,5905.0000,5905.2000,5909.0000,5910.0000,5910.2000,1,1,1,1,1,1,1,1,2,1
SF,IC2103,2020-07-28 09:31:37.900,5900.6000,6328,0,64964720.000,0,-,-,-,-,5900.4000,5899.6000,5895.6000,5895.0000,5890.0000,5905.0000,5905.2000,5909.0000,5910.0000,5910.2000,1,1,1,1,1,1,1,1,2,1
SF,IC2103,2020-07-28 09:31:38.400,5900.6000,6328,0,64964720.000,0,-,-,-,-,5901.8000,5899.6000,5895.6000,5895.0000,5890.0000,5905.0000,5905.2000,5909.0000,5910.0000,5910.2000,1,1,1,1,1,1,2,1,2,1
SF,IC2103,2020-07-28 09:31:38.900,5901.8000,6327,-1,66145080.000,1,0,1,双平,S,5899.6000,5895.6000,5895.0000,5890.0000,5885.0000,5905.0000,5905.2000,5909.0000,5910.0000,5910.2000,1,1,1,1,1,1,2,1,2,1
SF,IC2103,2020-07-28 09:31:39.400,5901.8000,6327,0,66145080.000,0,-,-,-,-,5899.8000,5899.6000,5895.6000,5895.0000,5890.0000,5905.0000,5905.2000,5909.0000,5910.0000,5910.2000,2,1,1,1,1,1,2,1,2,1
SF,IC2103,2020-07-28 09:31:39.900,5901.8000,6327,0,66145080.000,0,-,-,-,-,5899.8000,5899.6000,5895.6000,5895.0000,5890.0000,5905.0000,5905.2000,5909.0000,5910.0000,5910.2000,1,1,1,1,1,1,2,1,2,1
SF,IC2103,2020-07-28 09:31:40.400,5901.8000,6327,0,66145080.000,0,-,-,-,-,5900.0000,5899.6000,5897.0000,5895.6000,5895.0000,5905.0000,5905.2000,5909.0000,5910.0000,5911.0000,1,1,1,1,1,1,2,1,2,1
SF,IC2103,2020-07-28 09:31:41.900,5901.8000,6327,0,66145080.000,0,-,-,-,-,5900.0000,5897.0000,5895.6000,5895.0000,5890.0000,5905.0000,5905.2000,5909.0000,5910.0000,5911.0000,1,1,1,1,1,1,2,1,2,1
SF,IC2103,2020-07-28 09:31:42.400,5901.8000,6327,0,66145080.000,0,-,-,-,-,5900.2000,5900.0000,5897.0000,5895.6000,5895.0000,5905.0000,5905.2000,5909.0000,5910.0000,5911.0000,1,1,1,1,1,1,2,1,2,1
SF,IC2103,2020-07-28 09:31:42.900,5901.8000,6327,0,66145080.000,0,-,-,-,-,5900.2000,5900.0000,5897.0000,5895.6000,5895.0000,5905.2000,5909.0000,5910.0000,5911.0000,5914.8000,2,1,1,1,1,2,1,2,1,2
SF,IC2103,2020-07-28 09:31:43.400,5901.8000,6327,0,66145080.000,0,-,-,-,-,5900.4000,5900.2000,5897.0000,5895.6000,5895.0000,5905.2000,5909.0000,5910.0000,5911.0000,5914.8000,1,2,1,1,1,2,1,2,1,2
SF,IC2103,2020-07-28 09:31:43.900,5901.8000,6327,0,66145080.000,0,-,-,-,-,5900.8000,5900.6000,5897.0000,5895.6000,5895.0000,5905.0000,5905.2000,5909.0000,5910.0000,5911.0000,1,1,1,1,1,2,2,1,2,1
SF,IC2103,2020-07-28 09:31:44.400,5901.8000,6327,0,66145080.000,0,-,-,-,-,5900.8000,5897.0000,5895.6000,5895.0000,5890.0000,5902.6000,5905.0000,5905.2000,5909.0000,5910.0000,1,1,1,1,1,1,2,2,1,2
SF,IC2103,2020-07-28 09:31:44.900,5901.8000,6327,0,66145080.000,0,-,-,-,-,5897.0000,5895.6000,5895.0000,5890.0000,5885.0000,5902.6000,5905.0000,5905.2000,5909.0000,5910.0000,1,1,1,1,1,1,2,2,1,2
SF,IC2103,2020-07-28 09:31:45.400,5901.8000,6327,0,66145080.000,0,-,-,-,-,5898.4000,5897.2000,5897.0000,5895.6000,5895.0000,5902.6000,5905.0000,5905.2000,5909.0000,5910.0000,1,2,1,1,1,1,2,2,1,2
SF,IC2103,2020-07-28 09:31:45.900,5901.8000,6327,0,66145080.000,0,-,-,-,-,5898.6000,5897.2000,5897.0000,5895.6000,5895.0000,5902.4000,5902.6000,5905.0000,5905.2000,5909.0000,1,1,1,1,1,1,1,1,2,1
SF,IC2103,2020-07-28 09:31:46.400,5901.8000,6327,0,66145080.000,0,-,-,-,-,5897.2000,5897.0000,5895.6000,5895.0000,5890.0000,5902.2000,5902.4000,5902.6000,5905.0000,5905.2000,1,1,1,1,1,1,1,1,1,2
SF,IC2103,2020-07-28 09:31:46.900,5901.8000,6327,0,66145080.000,0,-,-,-,-,5899.0000,5898.0000,5897.4000,5897.2000,5897.0000,5902.2000,5902.6000,5905.0000,5905.2000,5909.0000,1,1,1,1,1,1,1,1,2,1
SF,IC2103,2020-07-28 09:31:47.400,5901.8000,6327,0,66145080.000,0,-,-,-,-,5899.2000,5897.0000,5895.6000,5895.0000,5890.0000,5902.2000,5902.6000,5905.2000,5909.0000,5910.0000,2,1,1,1,1,1,1,2,1,2
SF,IC2103,2020-07-28 09:31:47.900,5902.6000,6326,-1,68506040.000,2,0,2,多平,S,5899.2000,5897.0000,5895.6000,5895.0000,5890.0000,5905.2000,5909.0000,5910.0000,5911.0000,5914.8000,2,1,1,1,1,2,1,2,1,2
SF,IC2103,2020-07-28 09:31:48.400,5902.6000,6326,0,68506040.000,0,-,-,-,-,5900.4000,5899.2000,5897.0000,5895.6000,5895.0000,5905.2000,5910.0000,5911.0000,5914.8000,5915.0000,1,2,1,1,1,2,2,1,2,2
SF,IC2103,2020-07-28 09:31:48.900,5902.6000,6326,0,68506040.000,0,-,-,-,-,5900.6000,5900.4000,5897.0000,5895.6000,5895.0000,5905.2000,5910.0000,5911.0000,5914.8000,5915.0000,2,1,1,1,1,2,2,1,2,2
SF,IC2103,2020-07-28 09:31:50.400,5902.6000,6326,0,68506040.000,0,-,-,-,-,5900.6000,5897.0000,5895.6000,5895.0000,5890.0000,5905.2000,5910.0000,5911.0000,5914.8000,5915.0000,1,1,1,1,1,2,2,1,2,2
SF,IC2103,2020-07-28 09:31:50.900,5902.6000,6326,0,68506040.000,0,-,-,-,-,5900.8000,5900.6000,5897.0000,5895.6000,5895.0000,5905.0000,5905.2000,5910.0000,5911.0000,5914.8000,1,1,1,1,1,1,2,2,1,2
SF,IC2103,2020-07-28 09:31:51.400,5902.6000,6326,0,68506040.000,0,-,-,-,-,5901.0000,5900.8000,5897.0000,5895.6000,5895.0000,5905.0000,5905.2000,5910.0000,5911.0000,5914.8000,1,1,1,1,1,1,2,2,1,2
SF,IC2103,2020-07-28 09:31:51.900,5902.6000,6326,0,68506040.000,0,-,-,-,-,5901.2000,5901.0000,5897.0000,5895.6000,5895.0000,5905.0000,5905.2000,5910.0000,5911.0000,5914.8000,1,1,1,1,1,1,2,2,1,2
SF,IC2103,2020-07-28 09:31:52.400,5901.4000,6326,0,69686320.000,1,0,1,多换,S,5901.4000,5901.2000,5897.0000,5895.6000,5895.0000,5905.0000,5905.2000,5910.0000,5911.0000,5914.8000,1,1,1,1,1,1,2,2,1,2
SF,IC2103,2020-07-28 09:31:52.900,5901.4000,6326,0,69686320.000,0,-,-,-,-,5902.0000,5901.6000,5901.4000,5897.0000,5895.6000,5905.0000,5905.2000,5910.0000,5911.0000,5914.8000,1,1,1,1,1,1,2,2,1,2
SF,IC2103,2020-07-28 09:31:53.400,5901.4000,6326,0,69686320.000,0,-,-,-,-,5902.2000,5902.0000,5901.8000,5897.0000,5895.6000,5905.0000,5905.2000,5910.0000,5911.0000,5914.8000,2,1,1,1,1,1,2,2,1,2
SF,IC2103,2020-07-28 09:31:53.900,5901.4000,6326,0,69686320.000,0,-,-,-,-,5902.2000,5901.8000,5897.0000,5895.0000,5890.0000,5905.0000,5905.2000,5910.0000,5911.0000,5914.8000,2,1,1,1,1,1,2,2,1,2
SF,IC2103,2020-07-28 09:31:54.400,5901.4000,6326,0,69686320.000,0,-,-,-,-,5902.8000,5902.2000,5901.8000,5897.0000,5895.0000,5905.0000,5905.2000,5910.0000,5911.0000,5914.8000,1,2,1,1,1,1,2,2,1,2
SF,IC2103,2020-07-28 09:31:54.900,5901.4000,6326,0,69686320.000,0,-,-,-,-,5903.0000,5902.8000,5902.6000,5897.0000,5895.0000,5905.0000,5905.2000,5910.0000,5911.0000,5914.8000,2,1,1,1,1,1,2,2,1,2
SF,IC2103,2020-07-28 09:31:55.400,5901.4000,6326,0,69686320.000,0,-,-,-,-,5903.0000,5897.0000,5895.0000,5890.0000,5885.0000,5904.0000,5905.0000,5905.2000,5910.0000,5911.0000,2,1,1,1,1,1,1,2,2,1
SF,IC2103,2020-07-28 09:31:55.900,5905.2000,6324,-2,73229160.000,3,0,3,多平,S,5904.0000,5903.0000,5897.0000,5895.0000,5890.0000,5905.2000,5910.0000,5911.0000,5914.8000,5915.0000,1,2,1,1,1,1,2,1,2,1
SF,IC2103,2020-07-28 09:31:56.400,5905.2000,6324,0,73229160.000,0,-,-,-,-,5904.0000,5903.0000,5897.0000,5895.0000,5890.0000,5905.2000,5910.0000,5911.0000,5914.8000,5915.0000,1,1,1,1,1,1,3,1,2,1
SF,IC2103,2020-07-28 09:31:56.900,5905.2000,6323,-1,74410200.000,1,0,1,双平,S,5905.4000,5905.2000,5904.0000,5903.0000,5897.0000,5910.0000,5911.0000,5914.8000,5915.0000,5919.0000,1,3,1,1,1,3,1,2,1,1
SF,IC2103,2020-07-28 09:31:57.400,5905.2000,6323,0,74410200.000,0,-,-,-,-,5905.4000,5905.2000,5904.0000,5897.0000,5895.0000,5909.8000,5910.0000,5911.0000,5914.8000,5915.0000,1,2,1,1,1,1,3,1,2,1
SF,IC2103,2020-07-28 09:31:57.900,5905.2000,6323,0,74410200.000,0,-,-,-,-,5905.2000,5904.0000,5897.0000,5895.0000,5890.0000,5909.8000,5910.0000,5911.0000,5914.8000,5915.0000,2,1,1,1,1,1,3,1,2,1
SF,IC2103,2020-07-28 09:31:58.400,5905.2000,6322,-1,76772280.000,2,0,2,多平,S,5897.0000,5895.0000,5890.0000,5885.0000,5875.0000,5909.8000,5910.0000,5911.0000,5914.8000,5915.0000,1,1,1,1,1,1,3,1,2,1
SF,IC2103,2020-07-28 09:31:58.900,5905.2000,6322,0,76772280.000,0,-,-,-,-,5900.6000,5900.4000,5897.2000,5897.0000,5895.0000,5909.6000,5909.8000,5910.0000,5911.0000,5914.8000,1,1,3,1,1,2,1,3,1,2
SF,IC2103,2020-07-28 09:31:59.400,5905.2000,6322,0,76772280.000,0,-,-,-,-,5900.8000,5900.6000,5900.4000,5897.0000,5895.0000,5909.4000,5909.6000,5910.0000,5911.0000,5914.8000,3,1,1,1,1,1,1,3,1,2
SF,IC2103,2020-07-28 09:31:59.900,5905.2000,6322,0,76772280.000,0,-,-,-,-,5900.8000,5900.4000,5897.0000,5895.0000,5890.0000,5909.4000,5909.6000,5910.0000,5911.0000,5914.8000,3,1,1,1,1,1,1,3,1,2
SF,IC2103,2020-07-28 09:32:00.400,5905.2000,6322,0,76772280.000,0,-,-,-,-,5900.8000,5900.4000,5899.6000,5897.0000,5895.0000,5909.4000,5909.6000,5910.0000,5911.0000,5914.8000,2,1,1,1,1,1,1,3,1,2
SF,IC2103,2020-07-28 09:32:00.900,5905.2000,6322,0,76772280.000,0,-,-,-,-,5900.8000,5899.6000,5897.0000,5895.0000,5890.0000,5909.2000,5909.4000,5909.6000,5910.0000,5911.0000,1,1,1,1,1,1,2,1,3,1
SF,IC2103,2020-07-28 09:32:01.400,5905.2000,6322,0,76772280.000,0,-,-,-,-,5900.8000,5899.6000,5897.0000,5895.0000,5890.0000,5909.0000,5909.2000,5909.4000,5909.6000,5910.0000,1,1,1,1,1,1,1,1,1,3
SF,IC2103,2020-07-28 09:32:01.900,5905.2000,6322,0,76772280.000,0,-,-,-,-,5901.0000,5900.8000,5899.6000,5897.0000,5895.0000,5907.0000,5909.0000,5909.2000,5909.4000,5909.6000,1,1,1,1,1,1,1,1,1,1
SF,IC2103,2020-07-28 09:32:02.400,5905.2000,6322,0,76772280.000,0,-,-,-,-,5901.0000,5900.8000,5899.6000,5897.4000,5897.0000,5909.0000,5909.4000,5909.6000,5910.0000,5911.0000,2,1,1,1,1,1,1,1,3,1
SF,IC2103,2020-07-28 09:32:02.900,5905.2000,6322,0,76772280.000,0,-,-,-,-,5901.2000,5901.0000,5899.6000,5897.4000,5897.0000,5909.0000,5909.4000,5909.6000,5910.0000,5911.0000,1,2,1,1,1,1,1,1,3,1
SF,IC2103,2020-07-28 09:32:03.400,5905.2000,6322,0,76772280.000,0,-,-,-,-,5901.4000,5901.2000,5899.6000,5897.4000,5897.0000,5909.0000,5909.4000,5910.0000,5911.0000,5914.8000,2,1,1,1,1,1,1,3,1,2
SF,IC2103,2020-07-28 09:32:03.900,5905.2000,6322,0,76772280.000,0,-,-,-,-,5901.8000,5901.6000,5901.4000,5899.6000,5897.0000,5909.4000,5910.0000,5911.0000,5914.8000,5915.0000,1,1,2,1,1,1,3,1,2,1
SF,IC2103,2020-07-28 09:32:04.400,5905.2000,6322,0,76772280.000,0,-,-,-,-,5902.4000,5902.2000,5902.0000,5901.8000,5899.6000,5909.4000,5910.0000,5911.0000,5914.8000,5915.0000,1,1,3,1,1,1,3,1,2,1
SF,IC2103,2020-07-28 09:32:04.900,5905.2000,6322,0,76772280.000,0,-,-,-,-,5902.6000,5902.4000,5902.0000,5901.8000,5899.6000,5909.4000,5910.0000,5911.0000,5914.8000,5915.0000,3,1,1,1,1,1,3,1,2,1
SF,IC2103,2020-07-28 09:32:05.400,5905.2000,6322,0,76772280.000,0,-,-,-,-,5907.0000,5903.6000,5902.6000,5902.4000,5902.0000,5909.4000,5910.0000,5911.0000,5914.8000,5915.0000,1,1,3,1,1,1,3,1,2,1
SF,IC2103,2020-07-28 09:32:05.900,5910.0000,6320,-2,79136160.000,2,0,2,双平,S,5907.2000,5907.0000,5903.4000,5903.0000,5902.6000,5910.0000,5911.0000,5914.8000,5915.0000,5919.0000,1,1,2,1,2,2,1,2,1,1
SF,IC2103,2020-07-28 09:32:06.400,5910.0000,6320,0,79136160.000,0,-,-,-,-,5903.4000,5903.0000,5902.6000,5902.4000,5897.0000,5908.4000,5910.0000,5911.0000,5914.8000,5915.0000,2,1,2,1,1,1,2,1,2,1
SF,IC2103,2020-07-28 09:32:06.900,5908.4000,6320,0,80317840.000,1,0,1,多换,S,5903.6000,5903.4000,5903.0000,5897.0000,5895.0000,5910.0000,5911.0000,5914.8000,5915.0000,5919.0000,1,2,1,1,1,2,1,2,1,1
SF,IC2103,2020-07-28 09:32:07.400,5908.4000,6320,0,80317840.000,0,-,-,-,-,5904.4000,5903.8000,5903.6000,5903.4000,5897.0000,5910.0000,5911.0000,5914.8000,5915.0000,5919.0000,1,1,1,2,1,2,1,2,1,1
SF,IC2103,2020-07-28 09:32:07.900,5908.4000,6320,0,80317840.000,0,-,-,-,-,5904.6000,5904.4000,5903.4000,5897.0000,5895.0000,5910.0000,5911.0000,5914.8000,5915.0000,5919.0000,2,1,2,1,1,2,1,2,1,1
SF,IC2103,2020-07-28 09:32:08.400,5908.4000,6320,0,80317840.000,0,-,-,-,-,5907.0000,5904.6000,5904.4000,5903.4000,5897.0000,5910.0000,5911.0000,5914.8000,5915.0000,5919.0000,1,2,1,2,1,2,1,2,1,1
SF,IC2103,2020-07-28 09:32:08.900,5908.4000,6320,0,80317840.000,0,-,-,-,-,5907.2000,5907.0000,5905.2000,5904.6000,5904.4000,5910.0000,5911.0000,5914.8000,5915.0000,5919.0000,1,1,1,1,1,2,1,2,1,1
SF,IC2103,2020-07-28 09:32:09.400,5908.4000,6320,0,80317840.000,0,-,-,-,-,5907.2000,5907.0000,5905.2000,5904.6000,5903.4000,5910.0000,5911.0000,5914.8000,5915.0000,5919.0000,1,1,1,1,1,2,1,2,1,1
SF,IC2103,2020-07-28 09:32:09.900,5908.4000,6320,0,80317840.000,0,-,-,-,-,5907.4000,5907.2000,5907.0000,5905.2000,5903.4000,5910.0000,5911.0000,5914.8000,5915.0000,5919.0000,1,1,1,1,1,2,1,2,1,1
SF,IC2103,2020-07-28 09:32:10.400,5908.4000,6320,0,80317840.000,0,-,-,-,-,5907.6000,5907.0000,5905.2000,5903.4000,5902.4000,5910.0000,5911.0000,5914.8000,5915.0000,5919.0000,1,1,1,1,1,2,1,2,1,1
SF,IC2103,2020-07-28 09:32:10.900,5908.4000,6320,0,80317840.000,0,-,-,-,-,5907.6000,5907.0000,5905.2000,5903.4000,5902.4000,5909.8000,5910.0000,5911.0000,5914.8000,5915.0000,1,1,1,1,1,1,2,1,2,1
SF,IC2103,2020-07-28 09:32:12.400,5909.8000,6319,-1,81499800.000,1,0,1,双平,S,5907.6000,5907.0000,5905.2000,5903.4000,5902.4000,5910.0000,5911.0000,5914.8000,5915.0000,5919.0000,1,1,1,1,1,2,1,2,1,1
SF,IC2103,2020-07-28 09:32:12.900,5909.8000,6318,-1,82681760.000,1,0,1,双平,S,5905.2000,5903.4000,5902.4000,5897.0000,5895.0000,5910.0000,5911.0000,5914.8000,5915.0000,5919.0000,1,1,1,1,1,2,1,2,1,1
SF,IC2103,2020-07-28 09:32:13.400,5910.0000,6316,-2,85045760.000,2,0,2,双平,S,5905.4000,5905.2000,5903.4000,5902.4000,5897.0000,5911.0000,5914.8000,5915.0000,5919.0000,5919.2000,2,1,1,1,1,1,2,1,1,1
SF,IC2103,2020-07-28 09:32:13.900,5910.0000,6316,0,85045760.000,0,-,-,-,-,5907.0000,5905.4000,5905.2000,5903.4000,5902.4000,5911.0000,5914.8000,5915.0000,5919.0000,5919.2000,1,2,1,1,1,1,2,1,1,1
SF,IC2103,2020-07-28 09:32:14.400,5911.0000,6315,-1,86227960.000,1,0,1,双平,S,5907.2000,5907.0000,5905.2000,5903.4000,5902.4000,5914.8000,5915.0000,5919.0000,5919.2000,5919.8000,2,1,1,1,1,2,1,1,1,1
SF,IC2103,2020-07-28 09:32:14.900,5911.0000,6315,0,86227960.000,0,-,-,-,-,5907.6000,5907.4000,5907.2000,5907.0000,5905.2000,5914.6000,5914.8000,5915.0000,5919.0000,5919.2000,1,1,2,1,1,1,2,1,1,1
SF,IC2103,2020-07-28 09:32:15.400,5911.0000,6315,0,86227960.000,0,-,-,-,-,5908.0000,5907.8000,5907.6000,5907.0000,5905.2000,5914.8000,5915.0000,5919.0000,5919.2000,5919.8000,1,3,2,1,1,2,1,1,1,1
SF,IC2103,2020-07-28 09:32:15.900,5911.0000,6315,0,86227960.000,0,-,-,-,-,5908.4000,5908.2000,5908.0000,5907.6000,5907.0000,5914.8000,5915.0000,5919.0000,5919.2000,5919.8000,1,3,1,1,1,2,1,1,1,1
SF,IC2103,2020-07-28 09:32:16.400,5911.0000,6315,0,86227960.000,0,-,-,-,-,5909.0000,5908.6000,5908.2000,5908.0000,5907.6000,5914.8000,5915.0000,5919.0000,5919.2000,5919.8000,1,2,1,1,1,2,1,1,1,1
SF,IC2103,2020-07-28 09:32:16.900,5911.0000,6315,0,86227960.000,0,-,-,-,-,5909.2000,5909.0000,5908.2000,5907.6000,5907.0000,5914.6000,5914.8000,5915.0000,5919.0000,5919.2000,2,1,1,1,1,1,2,1,1,1
SF,IC2103,2020-07-28 09:32:17.400,5911.0000,6315,0,86227960.000,0,-,-,-,-,5910.0000,5909.2000,5909.0000,5908.2000,5907.6000,5914.6000,5914.8000,5915.0000,5919.0000,5919.2000,1,2,1,1,1,1,2,1,1,1
SF,IC2103,2020-07-28 09:32:17.900,5909.2000,6313,-2,88591800.000,2,0,2,双平,S,5909.0000,5908.2000,5907.6000,5907.0000,5905.2000,5914.6000,5914.8000,5915.0000,5919.0000,5919.2000,1,1,1,1,1,1,2,1,1,1
SF,IC2103,2020-07-28 09:32:18.400,5909.2000,6313,0,88591800.000,0,-,-,-,-,5909.2000,5908.2000,5907.0000,5905.2000,5903.4000,5914.6000,5914.8000,5915.0000,5919.0000,5919.2000,1,1,1,1,1,1,2,1,1,1
SF,IC2103,2020-07-28 09:32:18.900,5909.2000,6313,0,88591800.000,0,-,-,-,-,5908.2000,5907.0000,5905.2000,5903.4000,5902.4000,5914.6000,5914.8000,5915.0000,5919.0000,5919.2000,1,1,1,1,1,1,2,1,1,1
SF,IC2103,2020-07-28 09:32:19.400,5908.2000,6312,-1,89773440.000,1,0,1,双平,S,5905.2000,5903.4000,5902.4000,5897.0000,5895.0000,5913.6000,5914.6000,5914.8000,5915.0000,5919.0000,1,1,1,1,1,1,1,2,1,1
SF,IC2103,2020-07-28 09:32:19.900,5908.2000,6312,0,89773440.000,0,-,-,-,-,5905.4000,5905.2000,5903.4000,5902.4000,5897.0000,5913.4000,5913.6000,5914.2000,5914.8000,5915.0000,1,1,1,1,1,2,1,1,2,1
SF,IC2103,2020-07-28 09:32:20.400,5908.2000,6312,0,89773440.000,0,-,-,-,-,5905.4000,5903.4000,5902.4000,5897.0000,5895.0000,5913.4000,5914.2000,5914.8000,5915.0000,5919.0000,1,1,1,1,1,2,1,2,1,1
SF,IC2103,2020-07-28 09:32:20.900,5908.2000,6312,0,89773440.000,0,-,-,-,-,5907.0000,5905.4000,5903.4000,5902.4000,5897.0000,5913.4000,5914.2000,5914.8000,5915.0000,5919.0000,1,1,1,1,1,2,1,2,1,1
SF,IC2103,2020-07-28 09:32:21.400,5908.2000,6312,0,89773440.000,0,-,-,-,-,5905.8000,5905.4000,5903.4000,5902.4000,5897.0000,5913.4000,5914.8000,5915.0000,5919.0000,5919.2000,1,1,1,1,1,2,2,1,1,1
SF,IC2103,2020-07-28 09:32:21.900,5908.2000,6312,0,89773440.000,0,-,-,-,-,5907.8000,5906.0000,5905.8000,5903.4000,5902.4000,5913.4000,5914.8000,5915.0000,5919.0000,5919.2000,1,1,1,1,1,2,2,1,1,1
SF,IC2103,2020-07-28 09:32:22.400,5908.2000,6312,0,89773440.000,0,-,-,-,-,5908.0000,5907.8000,5907.0000,5905.8000,5903.4000,5914.8000,5915.0000,5919.0000,5919.2000,5919.8000,1,1,1,1,1,2,1,1,1,1
SF,IC2103,2020-07-28 09:32:22.900,5908.2000,6312,0,89773440.000,0,-,-,-,-,5908.0000,5907.8000,5907.0000,5905.8000,5903.4000,5914.6000,5914.8000,5915.0000,5919.0000,5919.2000,1,1,1,1,1,2,2,1,1,1
SF,IC2103,2020-07-28 09:32:23.400,5908.2000,6312,0,89773440.000,0,-,-,-,-,5908.0000,5907.8000,5905.8000,5903.4000,5902.4000,5914.4000,5914.6000,5914.8000,5915.0000,5919.0000,1,1,1,1,1,1,1,2,1,1
SF,IC2103,2020-07-28 09:32:24.400,5908.2000,6312,0,89773440.000,0,-,-,-,-,5908.0000,5905.8000,5903.4000,5902.4000,5897.0000,5914.4000,5914.6000,5914.8000,5915.0000,5919.0000,1,1,1,1,1,1,1,2,1,1
SF,IC2103,2020-07-28 09:32:24.900,5908.2000,6312,0,89773440.000,0,-,-,-,-,5908.0000,5905.8000,5903.4000,5902.4000,5897.0000,5914.4000,5914.6000,5914.8000,5915.0000,5919.0000,1,1,1,1,1,1,1,2,1,1
SF,IC2103,2020-07-28 09:32:25.400,5908.2000,6312,0,89773440.000,0,-,-,-,-,5908.0000,5905.8000,5903.4000,5902.4000,5897.0000,5914.4000,5914.6000,5914.8000,5915.0000,5919.0000,1,1,1,1,1,1,1,2,1,1
SF,IC2103,2020-07-28 09:32:25.900,5908.2000,6312,0,89773440.000,0,-,-,-,-,5905.8000,5903.4000,5902.4000,5897.0000,5895.0000,5914.4000,5914.6000,5914.8000,5915.0000,5919.0000,1,1,1,1,1,1,1,2,1,1
SF,IC2103,2020-07-28 09:32:26.400,5908.2000,6312,0,89773440.000,0,-,-,-,-,5906.0000,5905.8000,5903.4000,5902.4000,5897.0000,5913.6000,5914.2000,5914.4000,5914.8000,5915.0000,1,1,1,1,1,1,1,1,2,1
SF,IC2103,2020-07-28 09:32:26.900,5908.2000,6312,0,89773440.000,0,-,-,-,-,5906.0000,5905.8000,5903.4000,5902.4000,5900.0000,5913.4000,5913.6000,5914.8000,5915.0000,5919.0000,1,1,1,1,1,2,1,2,1,1
SF,IC2103,2020-07-28 09:32:27.400,5908.2000,6312,0,89773440.000,0,-,-,-,-,5906.0000,5903.4000,5902.4000,5900.0000,5897.0000,5913.4000,5914.8000,5915.0000,5919.0000,5919.2000,1,1,1,1,1,2,2,1,1,1
SF,IC2103,2020-07-28 09:32:27.900,5908.2000,6312,0,89773440.000,0,-,-,-,-,5906.0000,5903.4000,5902.4000,5900.0000,5897.0000,5913.0000,5913.4000,5914.8000,5915.0000,5919.0000,1,1,1,1,1,1,2,2,1,1
SF,IC2103,2020-07-28 09:32:28.400,5908.2000,6312,0,89773440.000,0,-,-,-,-,5903.4000,5902.4000,5900.0000,5897.0000,5895.0000,5912.8000,5913.0000,5914.8000,5915.0000,5919.0000,1,1,2,1,1,2,1,2,1,1
SF,IC2103,2020-07-28 09:32:28.900,5908.2000,6312,0,89773440.000,0,-,-,-,-,5903.6000,5903.4000,5902.4000,5900.0000,5897.0000,5912.6000,5912.8000,5914.8000,5915.0000,5919.0000,1,1,1,2,1,2,2,2,1,1
SF,IC2103,2020-07-28 09:32:29.400,5908.2000,6312,0,89773440.000,0,-,-,-,-,5903.6000,5902.4000,5900.0000,5897.0000,5895.0000,5908.6000,5912.0000,5912.4000,5912.6000,5914.8000,1,1,2,1,1,1,1,2,2,2
SF,IC2103,2020-07-28 09:32:29.900,5908.2000,6312,0,89773440.000,0,-,-,-,-,5903.6000,5902.4000,5900.0000,5898.8000,5897.0000,5908.6000,5912.4000,5912.6000,5914.8000,5915.0000,1,1,2,1,1,1,2,2,2,1
SF,IC2103,2020-07-28 09:32:30.400,5908.2000,6312,0,89773440.000,0,-,-,-,-,5903.6000,5902.4000,5900.0000,5898.8000,5897.0000,5908.6000,5912.4000,5912.6000,5914.8000,5915.0000,1,1,2,1,1,1,1,2,2,1
SF,IC2103,2020-07-28 09:32:31.900,5908.2000,6312,0,89773440.000,0,-,-,-,-,5903.8000,5903.6000,5902.4000,5900.0000,5898.8000,5908.6000,5912.4000,5912.6000,5914.8000,5915.0000,1,1,1,2,1,1,1,2,2,1
SF,IC2103,2020-07-28 09:32:32.400,5908.2000,6312,0,89773440.000,0,-,-,-,-,5904.0000,5903.8000,5902.4000,5900.0000,5898.8000,5908.6000,5912.4000,5912.6000,5914.8000,5915.0000,1,1,1,2,1,1,1,2,2,1
SF,IC2103,2020-07-28 09:32:33.400,5903.8000,6310,-2,92135000.000,2,0,2,双平,S,5902.4000,5900.0000,5898.8000,5897.0000,5895.0000,5908.6000,5912.4000,5912.6000,5914.8000,5915.0000,1,2,1,1,1,1,1,2,2,1
SF,IC2103,2020-07-28 09:32:33.900,5903.8000,6310,0,92135000.000,0,-,-,-,-,5902.6000,5902.4000,5900.0000,5898.8000,5897.0000,5908.4000,5908.6000,5912.4000,5912.6000,5914.8000,1,1,2,1,1,1,1,1,2,2
SF,IC2103,2020-07-28 09:32:34.900,5903.8000,6310,0,92135000.000,0,-,-,-,-,5903.2000,5902.6000,5902.4000,5900.0000,5898.8000,5908.4000,5908.6000,5912.4000,5912.6000,5914.8000,1,1,1,2,1,1,1,1,2,2
SF,IC2103,2020-07-28 09:32:35.400,5903.8000,6310,0,92135000.000,0,-,-,-,-,5903.4000,5903.2000,5902.4000,5900.0000,5898.8000,5908.6000,5912.4000,5912.6000,5914.8000,5915.0000,1,1,1,2,1,1,1,2,2,1
SF,IC2103,2020-07-28 09:32:35.900,5903.8000,6310,0,92135000.000,0,-,-,-,-,5903.4000,5903.2000,5902.4000,5900.0000,5898.8000,5908.6000,5912.4000,5914.8000,5915.0000,5919.0000,1,1,1,2,1,1,1,2,1,1
SF,IC2103,2020-07-28 09:32:36.400,5903.8000,6310,0,92135000.000,0,-,-,-,-,5903.4000,5902.4000,5900.0000,5898.8000,5897.0000,5908.6000,5912.4000,5914.8000,5915.0000,5919.0000,1,1,2,1,1,1,1,2,1,1
SF,IC2103,2020-07-28 09:32:36.900,5903.8000,6310,0,92135000.000,0,-,-,-,-,5904.0000,5903.6000,5903.4000,5902.4000,5900.0000,5908.6000,5912.4000,5914.8000,5915.0000,5919.0000,1,1,1,1,2,1,1,2,1,1
SF,IC2103,2020-07-28 09:32:37.400,5903.8000,6310,0,92135000.000,0,-,-,-,-,5904.2000,5904.0000,5903.6000,5902.4000,5900.0000,5908.4000,5908.6000,5912.4000,5914.8000,5915.0000,1,1,2,1,2,1,1,1,2,1
SF,IC2103,2020-07-28 09:32:38.900,5903.8000,6310,0,92135000.000,0,-,-,-,-,5904.2000,5904.0000,5903.6000,5902.4000,5900.0000,5908.4000,5908.6000,5912.4000,5914.8000,5915.0000,1,1,1,1,2,1,1,1,2,1
SF,IC2103,2020-07-28 09:32:39.400,5903.8000,6310,0,92135000.000,0,-,-,-,-,5904.2000,5904.0000,5903.6000,5902.4000,5900.0000,5908.4000,5908.6000,5912.4000,5914.8000,5915.0000,1,1,1,1,2,1,1,1,2,1
SF,IC2103,2020-07-28 09:32:39.900,5903.8000,6310,0,92135000.000,0,-,-,-,-,5904.2000,5904.0000,5903.6000,5902.4000,5900.0000,5908.4000,5908.6000,5912.4000,5914.8000,5915.0000,1,1,1,1,2,1,1,1,2,1
SF,IC2103,2020-07-28 09:32:41.400,5904.0000,6308,-2,94496640.000,2,0,2,双平,S,5903.6000,5902.4000,5900.0000,5897.0000,5895.0000,5908.4000,5908.6000,5912.4000,5914.8000,5915.0000,1,1,2,1,1,1,1,1,2,1
SF,IC2103,2020-07-28 09:32:41.900,5903.6000,6307,-1,95677360.000,1,0,1,双平,S,5902.4000,5900.0000,5897.0000,5895.0000,5885.0000,5908.2000,5908.4000,5908.6000,5912.4000,5914.8000,1,2,1,1,1,1,1,1,1,2
SF,IC2103,2020-07-28 09:32:42.400,5902.4000,6307,0,96857840.000,1,0,1,多换,S,5900.0000,5897.0000,5895.0000,5885.0000,5875.0000,5908.2000,5908.4000,5908.6000,5912.4000,5914.8000,2,1,1,1,1,1,1,1,1,2
SF,IC2103,2020-07-28 09:32:42.900,5902.4000,6307,0,96857840.000,0,-,-,-,-,5900.0000,5897.0000,5895.0000,5885.0000,5875.0000,5908.0000,5908.2000,5908.4000,5908.6000,5914.8000,2,1,1,1,1,1,1,1,1,2
SF,IC2103,2020-07-28 09:32:43.400,5902.4000,6307,0,96857840.000,0,-,-,-,-,5900.0000,5897.0000,5895.0000,5885.0000,5875.0000,5907.8000,5908.0000,5908.4000,5908.6000,5914.8000,2,1,1,1,1,2,1,1,1,2
SF,IC2103,2020-07-28 09:32:43.900,5902.4000,6307,0,96857840.000,0,-,-,-,-,5900.0000,5897.0000,5895.0000,5885.0000,5875.0000,5907.6000,5907.8000,5908.4000,5908.6000,5914.8000,2,1,1,1,1,1,2,1,1,2
SF,IC2103,2020-07-28 09:32:44.400,5902.4000,6307,0,96857840.000,0,-,-,-,-,5900.0000,5897.0000,5896.4000,5895.0000,5885.0000,5907.4000,5907.6000,5907.8000,5908.4000,5908.6000,2,1,1,1,1,1,1,1,1,1
SF,IC2103,2020-07-28 09:32:44.900,5902.4000,6307,0,96857840.000,0,-,-,-,-,5900.0000,5897.0000,5896.4000,5895.0000,5885.0000,5907.2000,5907.4000,5907.8000,5908.4000,5908.6000,2,1,1,1,1,1,1,1,1,1
SF,IC2103,2020-07-28 09:32:45.400,5902.4000,6307,0,96857840.000,0,-,-,-,-,5900.0000,5897.0000,5896.4000,5895.0000,5885.0000,5907.0000,5907.2000,5907.8000,5908.4000,5908.6000,2,1,1,1,1,3,1,1,1,1
SF,IC2103,2020-07-28 09:32:45.900,5902.4000,6307,0,96857840.000,0,-,-,-,-,5900.0000,5897.0000,5896.4000,5895.0000,5885.0000,5906.8000,5907.0000,5907.8000,5908.4000,5908.6000,2,1,1,1,1,1,2,1,1,1
SF,IC2103,2020-07-28 09:32:46.400,5902.4000,6307,0,96857840.000,0,-,-,-,-,5900.0000,5897.0000,5896.4000,5895.0000,5885.0000,5906.6000,5906.8000,5907.0000,5907.8000,5908.4000,2,1,1,1,1,1,1,1,1,1
SF,IC2103,2020-07-28 09:32:46.900,5902.4000,6307,0,96857840.000,0,-,-,-,-,5900.0000,5897.0000,5896.4000,5895.0000,5885.0000,5906.4000,5906.6000,5907.0000,5907.8000,5908.4000,2,1,1,1,1,1,1,1,1,1
SF,IC2103,2020-07-28 09:32:47.400,5902.4000,6307,0,96857840.000,0,-,-,-,-,5900.0000,5897.0000,5896.4000,5895.0000,5885.0000,5905.2000,5906.2000,5906.4000,5907.0000,5907.8000,2,1,1,1,1,1,1,1,1,1
SF,IC2103,2020-07-28 09:32:47.900,5902.4000,6307,0,96857840.000,0,-,-,-,-,5900.0000,5897.0000,5896.4000,5895.0000,5885.0000,5905.0000,5906.4000,5907.0000,5907.8000,5908.4000,2,1,1,1,1,1,1,1,1,1
SF,IC2103,2020-07-28 09:32:48.400,5902.4000,6307,0,96857840.000,0,-,-,-,-,5900.0000,5897.0000,5896.4000,5895.0000,5885.0000,5905.0000,5906.4000,5907.0000,5907.8000,5908.4000,2,1,1,1,1,1,1,1,1,1
SF,IC2103,2020-07-28 09:32:48.900,5900.0000,6307,0,99217840.000,2,1,1,多换,S,5897.0000,5896.4000,5895.0000,5885.0000,5875.0000,5904.8000,5905.0000,5906.4000,5907.0000,5907.8000,1,1,1,1,1,1,1,1,1,1
SF,IC2103,2020-07-28 09:32:49.400,5900.0000,6307,0,99217840.000,0,-,-,-,-,5897.0000,5896.4000,5895.0000,5885.0000,5875.0000,5904.6000,5904.8000,5907.0000,5907.8000,5908.2000,1,1,1,1,1,2,1,1,1,1
SF,IC2103,2020-07-28 09:32:49.900,5900.0000,6307,0,99217840.000,0,-,-,-,-,5897.0000,5896.4000,5895.0000,5885.0000,5875.0000,5904.6000,5904.8000,5907.0000,5907.8000,5908.2000,1,1,1,1,1,2,1,1,1,1
SF,IC2103,2020-07-28 09:32:50.400,5900.0000,6307,0,99217840.000,0,-,-,-,-,5897.0000,5896.4000,5895.0000,5885.0000,5875.0000,5904.6000,5907.0000,5907.8000,5908.2000,5908.4000,1,1,1,1,1,2,1,1,1,1
SF,IC2103,2020-07-28 09:32:50.900,5900.0000,6307,0,99217840.000,0,-,-,-,-,5897.0000,5896.4000,5895.0000,5885.0000,5875.0000,5903.6000,5904.6000,5907.0000,5907.8000,5908.2000,1,1,1,1,1,1,2,1,1,1
SF,IC2103,2020-07-28 09:32:51.400,5900.0000,6307,0,99217840.000,0,-,-,-,-,5897.0000,5896.4000,5895.0000,5885.0000,5875.0000,5900.2000,5903.4000,5903.6000,5907.0000,5907.8000,1,1,1,1,1,1,2,1,1,1
SF,IC2103,2020-07-28 09:32:51.900,5900.0000,6307,0,99217840.000,0,-,-,-,-,5897.2000,5897.0000,5896.4000,5885.0000,5875.0000,5900.2000,5903.4000,5903.6000,5907.0000,5908.2000,1,1,1,1,1,2,2,1,1,1
SF,IC2103,2020-07-28 09:32:52.400,5897.4000,6306,-1,100397320.000,1,0,1,双平,S,5897.2000,5897.0000,5896.4000,5885.0000,5875.0000,5900.2000,5903.4000,5907.0000,5908.2000,5908.6000,1,1,1,1,1,2,1,1,1,1
SF,IC2103,2020-07-28 09:32:52.900,5897.4000,6306,0,100397320.000,0,-,-,-,-,5897.2000,5897.0000,5896.4000,5885.0000,5875.0000,5900.2000,5903.4000,5907.0000,5908.2000,5908.6000,1,1,1,1,1,2,1,1,1,1
SF,IC2103,2020-07-28 09:32:53.900,5897.4000,6306,0,100397320.000,0,-,-,-,-,5897.8000,5897.4000,5897.2000,5897.0000,5896.4000,5900.2000,5903.4000,5907.0000,5908.2000,5908.6000,1,1,1,1,1,2,1,1,1,1
SF,IC2103,2020-07-28 09:32:54.400,5897.4000,6306,0,100397320.000,0,-,-,-,-,5897.8000,5897.4000,5897.2000,5897.0000,5896.4000,5900.2000,5903.4000,5907.0000,5908.2000,5908.6000,1,1,1,1,1,2,1,1,1,1
SF,IC2103,2020-07-28 09:32:55.400,5897.8000,6305,-1,101576880.000,1,0,1,双平,S,5897.2000,5897.0000,5896.4000,5894.4000,5885.0000,5900.2000,5903.4000,5907.0000,5908.2000,5908.6000,1,1,1,1,1,2,1,1,1,1
SF,IC2103,2020-07-28 09:32:55.900,5897.8000,6305,0,101576880.000,0,-,-,-,-,5897.0000,5896.4000,5885.0000,5875.0000,5868.0000,5900.0000,5900.2000,5907.0000,5908.2000,5908.6000,1,1,1,1,1,2,2,1,1,1
SF,IC2103,2020-07-28 09:32:56.400,5897.8000,6305,0,101576880.000,0,-,-,-,-,5897.0000,5896.4000,5885.0000,5875.0000,5868.0000,5900.0000,5900.2000,5907.0000,5908.2000,5908.6000,1,1,1,1,1,2,2,1,1,1
SF,IC2103,2020-07-28 09:32:56.900,5897.8000,6305,0,101576880.000,0,-,-,-,-,5897.0000,5896.4000,5885.0000,5875.0000,5868.0000,5899.6000,5900.0000,5900.2000,5907.0000,5908.2000,1,1,1,1,1,1,2,1,1,1
SF,IC2103,2020-07-28 09:32:57.400,5897.8000,6305,0,101576880.000,0,-,-,-,-,5897.0000,5896.4000,5885.0000,5875.0000,5868.0000,5898.2000,5899.4000,5899.6000,5900.0000,5900.2000,1,1,1,1,1,1,1,1,1,1
SF,IC2103,2020-07-28 09:32:57.900,5897.0000,6305,0,102756280.000,1,0,1,多换,S,5896.4000,5885.0000,5875.0000,5868.0000,5861.2000,5898.2000,5899.4000,5900.0000,5900.2000,5906.0000,1,1,1,1,1,1,1,1,1,1
SF,IC2103,2020-07-28 09:32:58.400,5896.6000,6304,-1,105115240.000,2,0,2,多平,S,5896.4000,5885.0000,5875.0000,5868.0000,5861.2000,5897.2000,5900.0000,5900.2000,5906.0000,5907.0000,1,1,1,1,1,1,1,1,1,1
SF,IC2103,2020-07-28 09:32:58.900,5897.0000,6303,-1,108653320.000,3,1,2,多平,S,5896.6000,5885.0000,5875.0000,5868.0000,5861.2000,5897.2000,5900.0000,5900.2000,5906.0000,5907.0000,1,1,1,1,1,1,1,1,1,1
SF,IC2103,2020-07-28 09:32:59.400,5896.6000,6302,-1,109832640.000,1,0,1,双平,S,5885.0000,5875.0000,5868.0000,5861.2000,5850.0000,5897.2000,5900.0000,5900.2000,5906.0000,5907.0000,1,1,1,1,1,1,1,1,1,1
SF,IC2103,2020-07-28 09:32:59.900,5896.6000,6302,0,109832640.000,0,-,-,-,-,5894.8000,5893.8000,5885.2000,5885.0000,5875.0000,5897.0000,5897.2000,5900.0000,5900.2000,5906.0000,1,1,2,1,1,2,1,1,1,1
SF,IC2103,2020-07-28 09:33:00.400,5896.6000,6302,0,109832640.000,0,-,-,-,-,5893.8000,5885.2000,5885.0000,5875.0000,5868.0000,5896.8000,5897.2000,5900.0000,5900.2000,5906.0000,1,2,1,1,1,1,1,1,1,1
SF,IC2103,2020-07-28 09:33:00.900,5896.6000,6302,0,109832640.000,0,-,-,-,-,5893.8000,5885.2000,5885.0000,5875.0000,5868.0000,5896.8000,5897.2000,5900.0000,5900.2000,5906.0000,1,2,1,1,1,1,1,1,1,1
SF,IC2103,2020-07-28 09:33:01.400,5896.6000,6302,0,109832640.000,0,-,-,-,-,5885.0000,5881.2000,5875.0000,5868.0000,5861.2000,5897.2000,5900.0000,5900.2000,5906.0000,5908.6000,1,1,1,1,1,1,1,1,1,1
SF,IC2103,2020-07-28 09:33:01.900,5896.6000,6302,0,109832640.000,0,-,-,-,-,5889.8000,5887.2000,5885.2000,5885.0000,5881.2000,5897.0000,5897.2000,5900.0000,5900.2000,5906.0000,1,1,1,1,1,2,1,1,1,1
SF,IC2103,2020-07-28 09:33:02.400,5896.6000,6302,0,109832640.000,0,-,-,-,-,5887.2000,5885.0000,5881.2000,5875.0000,5868.0000,5897.0000,5897.2000,5900.0000,5900.2000,5906.0000,1,1,1,1,1,2,1,1,1,1
SF,IC2103,2020-07-28 09:33:02.900,5896.6000,6302,0,109832640.000,0,-,-,-,-,5887.2000,5885.0000,5881.2000,5875.0000,5868.0000,5896.8000,5897.0000,5897.2000,5900.0000,5900.2000,1,1,1,1,1,3,2,1,1,1
SF,IC2103,2020-07-28 09:33:03.400,5896.6000,6302,0,109832640.000,0,-,-,-,-,5889.6000,5888.6000,5887.2000,5885.0000,5881.2000,5896.6000,5896.8000,5897.2000,5900.0000,5900.2000,1,1,1,1,1,2,3,1,1,1
SF,IC2103,2020-07-28 09:33:03.900,5896.4000,6299,-3,116906600.000,6,1,5,多平,S,5885.0000,5881.2000,5875.0000,5861.2000,5850.0000,5896.4000,5896.6000,5900.0000,5900.2000,5906.0000,1,1,1,1,1,1,1,1,1,1
SF,IC2103,2020-07-28 09:33:04.400,5896.4000,6299,0,116906600.000,0,-,-,-,-,5889.4000,5885.2000,5885.0000,5881.2000,5875.0000,5896.2000,5896.4000,5900.0000,5900.2000,5906.0000,1,1,1,1,1,4,1,1,1,1
SF,IC2103,2020-07-28 09:33:04.900,5896.4000,6299,0,116906600.000,0,-,-,-,-,5889.4000,5885.0000,5881.2000,5875.0000,5861.2000,5895.8000,5896.0000,5896.2000,5900.0000,5906.0000,1,1,1,1,1,2,1,3,1,1
SF,IC2103,2020-07-28 09:33:05.400,5896.4000,6299,0,116906600.000,0,-,-,-,-,5889.4000,5885.0000,5881.2000,5875.0000,5861.2000,5895.6000,5895.8000,5896.2000,5900.0000,5906.0000,1,1,1,1,1,2,2,2,1,1
SF,IC2103,2020-07-28 09:33:05.900,5896.4000,6299,0,116906600.000,0,-,-,-,-,5889.4000,5885.0000,5881.2000,5875.0000,5861.2000,5895.6000,5896.2000,5900.0000,5906.0000,5908.2000,1,1,1,1,1,2,2,1,1,5
SF,IC2103,2020-07-28 09:33:06.400,5896.4000,6299,0,116906600.000,0,-,-,-,-,5889.6000,5889.4000,5885.0000,5881.2000,5875.0000,5895.6000,5896.2000,5906.0000,5908.2000,5908.6000,1,1,1,1,1,1,2,1,5,1
SF,IC2103,2020-07-28 09:33:06.900,5896.4000,6299,0,116906600.000,0,-,-,-,-,5893.4000,5889.8000,5889.6000,5887.6000,5885.0000,5895.6000,5896.2000,5906.0000,5908.2000,5908.6000,1,1,1,1,1,1,2,1,5,1
SF,IC2103,2020-07-28 09:33:07.400,5896.4000,6299,0,116906600.000,0,-,-,-,-,5893.4000,5889.8000,5889.6000,5887.6000,5885.6000,5895.6000,5896.2000,5906.0000,5908.2000,5908.6000,1,1,1,1,1,1,1,1,5,1
SF,IC2103,2020-07-28 09:33:07.900,5895.6000,6299,0,118085720.000,1,0,1,多换,S,5895.6000,5893.4000,5889.8000,5889.6000,5887.6000,5896.2000,5906.0000,5908.2000,5908.6000,5914.8000,2,1,1,1,1,1,1,5,1,2
SF,IC2103,2020-07-28 09:33:08.400,5896.2000,6297,-2,122802400.000,4,1,3,多平,S,5889.6000,5887.6000,5885.6000,5885.0000,5881.2000,5906.0000,5908.2000,5908.6000,5914.8000,5915.0000,1,1,1,1,1,1,5,1,2,1
SF,IC2103,2020-07-28 09:33:08.900,5896.2000,6297,0,122802400.000,0,-,-,-,-,5894.4000,5889.8000,5889.6000,5887.6000,5885.6000,5900.4000,5902.2000,5905.2000,5905.4000,5905.8000,1,1,1,1,1,1,1,1,1,2
SF,IC2103,2020-07-28 09:33:09.400,5894.4000,6296,-1,123981280.000,1,0,1,双平,S,5889.8000,5887.6000,5885.6000,5885.0000,5881.2000,5899.2000,5899.8000,5900.2000,5900.4000,5902.0000,1,1,1,1,1,1,2,2,3,1
SF,IC2103,2020-07-28 09:33:09.900,5894.4000,6296,0,123981280.000,0,-,-,-,-,5890.0000,5889.8000,5887.6000,5885.6000,5885.0000,5899.0000,5899.8000,5900.4000,5902.0000,5905.2000,1,1,1,1,1,2,2,2,1,1
SF,IC2103,2020-07-28 09:33:10.400,5894.4000,6296,0,123981280.000,0,-,-,-,-,5890.2000,5890.0000,5887.6000,5885.6000,5885.0000,5898.8000,5899.0000,5899.8000,5900.4000,5902.0000,1,1,1,1,1,1,2,2,2,1
SF,IC2103,2020-07-28 09:33:10.900,5894.4000,6296,0,123981280.000,0,-,-,-,-,5890.2000,5885.6000,5885.0000,5881.2000,5875.0000,5897.8000,5898.6000,5898.8000,5899.8000,5900.4000,1,1,1,1,1,1,2,1,2,2
SF,IC2103,2020-07-28 09:33:11.400,5894.4000,6296,0,123981280.000,0,-,-,-,-,5890.2000,5885.6000,5885.0000,5881.2000,5875.0000,5897.6000,5897.8000,5898.0000,5898.8000,5900.4000,1,1,1,1,1,2,1,2,1,2
SF,IC2103,2020-07-28 09:33:11.900,5894.4000,6296,0,123981280.000,0,-,-,-,-,5890.4000,5890.2000,5885.6000,5885.0000,5881.2000,5897.6000,5897.8000,5898.0000,5898.8000,5900.4000,1,1,1,1,1,2,1,2,1,2
SF,IC2103,2020-07-28 09:33:12.400,5894.4000,6296,0,123981280.000,0,-,-,-,-,5885.6000,5885.0000,5881.2000,5875.0000,5873.0000,5897.2000,5897.4000,5897.6000,5897.8000,5898.0000,1,1,1,1,1,1,2,2,1,2
SF,IC2103,2020-07-28 09:33:12.900,5894.4000,6296,0,123981280.000,0,-,-,-,-,5887.4000,5885.8000,5885.6000,5885.0000,5881.2000,5897.0000,5897.2000,5897.8000,5898.8000,5900.4000,1,1,1,1,1,5,1,1,1,2
SF,IC2103,2020-07-28 09:33:13.400,5894.4000,6296,0,123981280.000,0,-,-,-,-,5885.6000,5885.0000,5881.2000,5875.0000,5873.0000,5893.8000,5897.0000,5897.8000,5898.8000,5900.0000,1,1,1,1,1,1,5,1,1,1
SF,IC2103,2020-07-28 09:33:13.900,5885.8000,6295,-1,125158440.000,1,0,1,双平,S,5885.0000,5881.2000,5875.0000,5873.0000,5861.2000,5893.6000,5893.8000,5896.6000,5897.0000,5897.8000,1,1,1,1,1,3,1,1,2,1
SF,IC2103,2020-07-28 09:33:14.400,5885.8000,6295,0,125158440.000,0,-,-,-,-,5885.0000,5881.2000,5875.0000,5873.0000,5861.2000,5893.2000,5893.6000,5893.8000,5896.6000,5897.0000,1,1,1,1,1,1,3,1,1,2
SF,IC2103,2020-07-28 09:33:14.900,5885.8000,6295,0,125158440.000,0,-,-,-,-,5885.0000,5875.0000,5873.0000,5861.2000,5850.0000,5893.0000,5893.2000,5893.8000,5896.6000,5897.0000,1,1,1,1,1,3,1,1,1,2
SF,IC2103,2020-07-28 09:33:15.400,5885.8000,6295,0,125158440.000,0,-,-,-,-,5885.0000,5875.0000,5873.0000,5861.2000,5850.0000,5891.4000,5893.0000,5893.8000,5896.6000,5897.0000,1,1,1,1,1,2,3,1,1,2
SF,IC2103,2020-07-28 09:33:15.900,5885.8000,6295,0,125158440.000,0,-,-,-,-,5885.0000,5875.0000,5873.0000,5861.2000,5850.0000,5891.2000,5891.4000,5893.0000,5893.8000,5896.6000,1,1,1,1,1,2,2,1,1,1
SF,IC2103,2020-07-28 09:33:16.400,5885.8000,6295,0,125158440.000,0,-,-,-,-,5885.0000,5875.0000,5873.0000,5861.2000,5850.0000,5891.2000,5891.4000,5893.0000,5893.8000,5896.6000,1,1,1,1,1,2,2,1,1,1
SF,IC2103,2020-07-28 09:33:16.900,5885.8000,6295,0,125158440.000,0,-,-,-,-,5885.0000,5875.0000,5873.0000,5861.2000,5850.0000,5891.2000,5893.0000,5893.8000,5896.6000,5897.0000,1,1,1,1,1,3,1,1,1,2
SF,IC2103,2020-07-28 09:33:17.400,5885.0000,6295,0,126335440.000,1,0,1,多换,S,5875.0000,5873.0000,5861.2000,5850.0000,5844.2000,5887.2000,5890.0000,5891.2000,5893.0000,5896.6000,1,1,1,1,9,1,1,2,1,1
SF,IC2103,2020-07-28 09:33:17.900,5885.0000,6295,0,126335440.000,0,-,-,-,-,5875.2000,5875.0000,5873.0000,5861.2000,5850.0000,5887.0000,5887.2000,5890.0000,5891.2000,5896.6000,1,1,1,1,1,2,1,1,1,1
SF,IC2103,2020-07-28 09:33:18.400,5885.0000,6295,0,126335440.000,0,-,-,-,-,5875.2000,5875.0000,5873.0000,5861.2000,5850.0000,5886.8000,5887.0000,5887.2000,5891.2000,5896.6000,1,1,1,1,1,1,2,1,1,1
SF,IC2103,2020-07-28 09:33:18.900,5885.0000,6295,0,126335440.000,0,-,-,-,-,5878.8000,5876.4000,5875.8000,5875.2000,5875.0000,5886.0000,5886.6000,5886.8000,5887.2000,5891.2000,1,1,1,1,1,2,4,1,1,1
SF,IC2103,2020-07-28 09:33:19.400,5885.0000,6295,0,126335440.000,0,-,-,-,-,5879.0000,5878.8000,5877.0000,5876.4000,5875.8000,5885.8000,5886.0000,5887.2000,5891.2000,5896.6000,1,1,1,1,1,2,2,1,1,1
SF,IC2103,2020-07-28 09:33:19.900,5885.0000,6295,0,126335440.000,0,-,-,-,-,5879.0000,5878.0000,5877.0000,5876.4000,5875.8000,5885.8000,5886.0000,5887.2000,5891.2000,5896.6000,1,1,1,1,1,2,2,1,1,1
SF,IC2103,2020-07-28 09:33:20.400,5885.0000,6295,0,126335440.000,0,-,-,-,-,5876.4000,5875.8000,5875.0000,5873.0000,5871.6000,5885.6000,5885.8000,5886.0000,5887.2000,5891.2000,1,1,1,1,1,1,2,2,1,1
SF,IC2103,2020-07-28 09:33:20.900,5885.0000,6295,0,126335440.000,0,-,-,-,-,5877.0000,5876.6000,5876.4000,5875.0000,5873.0000,5884.8000,5885.4000,5885.6000,5887.2000,5891.2000,1,1,1,1,1,2,4,1,1,1
SF,IC2103,2020-07-28 09:33:21.400,5885.0000,6295,0,126335440.000,0,-,-,-,-,5876.4000,5875.0000,5874.4000,5873.0000,5871.6000,5884.6000,5884.8000,5887.2000,5891.2000,5896.6000,1,1,2,1,1,3,2,1,1,1
SF,IC2103,2020-07-28 09:33:21.900,5885.0000,6295,0,126335440.000,0,-,-,-,-,5876.6000,5875.0000,5874.4000,5873.0000,5871.6000,5884.6000,5884.8000,5887.2000,5891.2000,5896.6000,1,1,2,1,1,3,2,1,1,1
SF,IC2103,2020-07-28 09:33:22.400,5885.0000,6295,0,126335440.000,0,-,-,-,-,5877.6000,5877.2000,5876.8000,5876.6000,5875.0000,5884.6000,5887.2000,5891.2000,5896.6000,5898.8000,1,1,1,1,1,3,1,1,1,1
SF,IC2103,2020-07-28 09:33:22.900,5885.0000,6295,0,126335440.000,0,-,-,-,-,5877.8000,5877.6000,5877.2000,5876.8000,5875.0000,5884.6000,5887.2000,5891.2000,5896.6000,5900.0000,1,1,1,1,1,1,1,1,1,1
SF,IC2103,2020-07-28 09:33:23.400,5885.0000,6295,0,126335440.000,0,-,-,-,-,5880.2000,5878.0000,5877.8000,5877.6000,5875.0000,5887.2000,5891.2000,5896.6000,5900.0000,5905.0000,1,1,1,1,1,1,1,1,1,1
SF,IC2103,2020-07-28 09:33:23.900,5885.0000,6295,0,126335440.000,0,-,-,-,-,5880.4000,5880.2000,5877.6000,5875.0000,5874.4000,5891.2000,5896.6000,5900.0000,5905.0000,5906.0000,2,1,1,1,2,1,1,1,1,1
SF,IC2103,2020-07-28 09:33:24.400,5885.0000,6295,0,126335440.000,0,-,-,-,-,5880.6000,5880.4000,5879.8000,5879.0000,5876.2000,5886.6000,5887.0000,5887.2000,5890.4000,5891.0000,2,1,1,1,1,1,1,1,1,2
SF,IC2103,2020-07-28 09:33:24.900,5885.0000,6295,0,126335440.000,0,-,-,-,-,5880.4000,5879.8000,5879.0000,5876.2000,5875.0000,5886.4000,5886.6000,5887.2000,5890.4000,5890.8000,1,1,1,1,1,2,1,1,1,1
SF,IC2103,2020-07-28 09:33:25.400,5885.0000,6295,0,126335440.000,0,-,-,-,-,5879.8000,5879.0000,5876.2000,5875.0000,5874.4000,5886.4000,5887.2000,5890.4000,5891.0000,5891.2000,1,1,1,1,2,2,1,1,1,1
SF,IC2103,2020-07-28 09:33:25.900,5885.0000,6295,0,126335440.000,0,-,-,-,-,5879.0000,5876.2000,5875.0000,5874.4000,5873.0000,5886.2000,5886.4000,5887.2000,5890.4000,5891.0000,1,1,1,2,1,2,2,1,1,1
SF,IC2103,2020-07-28 09:33:26.400,5885.0000,6295,0,126335440.000,0,-,-,-,-,5879.2000,5876.2000,5875.0000,5873.0000,5871.6000,5886.0000,5886.2000,5887.2000,5890.4000,5891.0000,1,1,1,1,1,2,2,1,1,1
SF,IC2103,2020-07-28 09:33:26.900,5885.0000,6295,0,126335440.000,0,-,-,-,-,5875.0000,5873.0000,5871.6000,5861.2000,5850.0000,5877.6000,5884.6000,5885.8000,5886.0000,5887.2000,1,1,1,1,1,2,2,1,2,1
SF,IC2103,2020-07-28 09:33:27.400,5877.6000,6293,-2,128686480.000,2,0,2,双平,S,5877.6000,5875.0000,5873.0000,5871.6000,5861.2000,5884.6000,5885.8000,5887.2000,5890.4000,5891.0000,3,1,1,1,1,2,1,1,1,1
SF,IC2103,2020-07-28 09:33:27.900,5877.6000,6293,0,128686480.000,0,-,-,-,-,5877.8000,5877.6000,5875.0000,5873.0000,5871.6000,5884.4000,5884.6000,5887.2000,5890.4000,5891.0000,1,1,1,1,1,2,4,1,1,1
SF,IC2103,2020-07-28 09:33:28.400,5877.6000,6293,0,128686480.000,0,-,-,-,-,5878.2000,5878.0000,5877.8000,5875.0000,5873.0000,5881.0000,5884.4000,5884.6000,5887.2000,5890.4000,1,2,1,1,1,1,3,4,1,1
SF,IC2103,2020-07-28 09:33:28.900,5881.0000,6293,0,129862680.000,1,0,1,多换,S,5881.0000,5878.2000,5878.0000,5875.0000,5873.0000,5884.6000,5887.2000,5890.4000,5891.2000,5900.0000,2,1,2,1,1,2,1,1,1,1
SF,IC2103,2020-07-28 09:33:29.400,5881.0000,6293,0,129862680.000,0,-,-,-,-,5881.0000,5878.0000,5875.0000,5873.0000,5871.6000,5884.4000,5884.6000,5887.2000,5890.4000,5891.2000,1,2,1,1,1,1,2,1,1,1
SF,IC2103,2020-07-28 09:33:29.900,5884.6000,6292,-1,134570320.000,4,1,3,多平,S,5884.6000,5884.4000,5881.2000,5878.0000,5877.8000,5890.4000,5895.8000,5900.0000,5905.0000,5906.0000,1,2,1,2,1,1,1,1,1,1
SF,IC2103,2020-07-28 09:33:30.400,5884.6000,6292,0,134570320.000,0,-,-,-,-,5884.6000,5884.4000,5880.0000,5878.0000,5877.8000,5890.2000,5890.4000,5895.8000,5900.0000,5905.0000,1,1,1,1,1,2,1,1,1,1
SF,IC2103,2020-07-28 09:33:30.900,5884.6000,6292,0,134570320.000,0,-,-,-,-,5884.6000,5881.6000,5880.6000,5880.0000,5878.0000,5890.0000,5890.2000,5895.8000,5900.0000,5905.0000,1,1,1,1,1,1,2,1,1,1
SF,IC2103,2020-07-28 09:33:31.400,5884.6000,6292,0,134570320.000,0,-,-,-,-,5884.8000,5881.6000,5880.6000,5880.0000,5878.0000,5889.8000,5890.0000,5895.8000,5900.0000,5905.0000,1,1,1,1,1,1,1,1,1,1
SF,IC2103,2020-07-28 09:33:31.900,5884.6000,6291,-1,135747240.000,1,0,1,双平,S,5881.6000,5880.6000,5880.0000,5878.0000,5877.8000,5889.8000,5890.0000,5895.8000,5900.0000,5905.0000,1,1,1,1,1,2,1,1,1,1
SF,IC2103,2020-07-28 09:33:32.400,5884.6000,6291,0,135747240.000,0,-,-,-,-,5880.6000,5880.0000,5878.0000,5877.8000,5875.0000,5889.0000,5889.6000,5889.8000,5895.8000,5900.0000,1,1,1,1,1,1,1,2,1,1
SF,IC2103,2020-07-28 09:33:32.900,5884.6000,6291,0,135747240.000,0,-,-,-,-,5880.8000,5880.6000,5880.0000,5878.4000,5877.8000,5887.2000,5888.8000,5895.8000,5900.0000,5905.0000,2,1,1,1,1,1,3,1,1,1
SF,IC2103,2020-07-28 09:33:33.400,5884.6000,6291,0,135747240.000,0,-,-,-,-,5880.8000,5880.6000,5880.0000,5878.4000,5877.8000,5887.0000,5887.2000,5888.8000,5895.8000,5900.0000,2,1,1,1,1,1,1,2,1,1
SF,IC2103,2020-07-28 09:33:33.900,5884.6000,6291,0,135747240.000,0,-,-,-,-,5880.8000,5880.6000,5880.0000,5878.4000,5877.8000,5888.8000,5895.8000,5900.0000,5905.0000,5906.0000,2,1,1,1,1,2,1,1,1,1
SF,IC2103,2020-07-28 09:33:34.400,5884.6000,6291,0,135747240.000,0,-,-,-,-,5881.4000,5880.8000,5880.6000,5878.4000,5877.8000,5886.8000,5887.2000,5888.4000,5888.8000,5895.8000,1,2,1,1,1,1,1,1,2,1
SF,IC2103,2020-07-28 09:33:34.900,5884.6000,6291,0,135747240.000,0,-,-,-,-,5881.4000,5878.4000,5877.8000,5875.0000,5873.0000,5886.6000,5886.8000,5887.2000,5888.8000,5895.8000,1,1,1,1,1,1,1,1,1,1
SF,IC2103,2020-07-28 09:33:35.400,5884.6000,6291,0,135747240.000,0,-,-,-,-,5881.4000,5878.4000,5877.8000,5875.0000,5873.0000,5886.4000,5886.6000,5887.2000,5888.8000,5895.8000,1,1,1,1,1,1,1,1,1,1
SF,IC2103,2020-07-28 09:33:35.900,5884.6000,6291,0,135747240.000,0,-,-,-,-,5881.4000,5878.4000,5877.8000,5875.0000,5873.0000,5886.2000,5886.4000,5887.2000,5888.8000,5895.8000,1,1,1,1,1,1,1,1,1,1
SF,IC2103,2020-07-28 09:33:36.400,5884.6000,6291,0,135747240.000,0,-,-,-,-,5881.6000,5878.4000,5877.8000,5875.0000,5873.0000,5886.0000,5886.2000,5887.2000,5895.8000,5900.0000,1,1,1,1,1,1,1,1,1,1
SF,IC2103,2020-07-28 09:33:36.900,5884.6000,6291,0,135747240.000,0,-,-,-,-,5881.6000,5878.4000,5877.8000,5875.0000,5873.0000,5886.0000,5887.2000,5895.8000,5900.0000,5905.0000,1,1,1,1,1,1,1,1,1,1
SF,IC2103,2020-07-28 09:33:37.400,5884.6000,6291,0,135747240.000,0,-,-,-,-,5881.8000,5881.6000,5878.4000,5877.8000,5875.0000,5886.0000,5886.2000,5895.8000,5900.0000,5905.0000,1,1,1,1,1,1,2,1,1,1
SF,IC2103,2020-07-28 09:33:37.900,5884.6000,6291,0,135747240.000,0,-,-,-,-,5882.0000,5881.8000,5878.4000,5877.8000,5875.0000,5886.0000,5886.2000,5895.8000,5900.0000,5905.0000,2,1,1,1,1,1,2,1,1,1
SF,IC2103,2020-07-28 09:33:38.400,5884.6000,6291,0,135747240.000,0,-,-,-,-,5882.0000,5881.8000,5878.4000,5877.8000,5875.0000,5886.0000,5886.2000,5895.8000,5900.0000,5905.0000,2,1,1,1,1,1,2,1,1,1
SF,IC2103,2020-07-28 09:33:38.900,5886.2000,6291,0,139278920.000,3,1,2,多换,S,5882.4000,5882.0000,5881.8000,5878.4000,5877.8000,5895.8000,5900.0000,5905.0000,5906.0000,5908.2000,1,2,1,1,1,1,1,1,1,5
SF,IC2103,2020-07-28 09:33:39.400,5886.2000,6291,0,139278920.000,0,-,-,-,-,5883.6000,5882.6000,5882.4000,5882.0000,5881.8000,5891.4000,5893.2000,5893.8000,5895.2000,5895.6000,1,4,1,1,1,1,1,2,1,2
SF,IC2103,2020-07-28 09:33:39.900,5886.2000,6291,0,139278920.000,0,-,-,-,-,5883.8000,5883.6000,5882.6000,5882.4000,5882.0000,5891.2000,5893.8000,5895.2000,5895.8000,5900.0000,2,1,1,1,1,2,1,1,1,1
SF,IC2103,2020-07-28 09:33:40.400,5886.2000,6291,0,139278920.000,0,-,-,-,-,5883.8000,5882.6000,5882.4000,5882.0000,5881.8000,5891.2000,5893.8000,5895.2000,5895.8000,5900.0000,2,1,1,1,1,1,1,1,1,1
SF,IC2103,2020-07-28 09:33:40.900,5886.2000,6291,0,139278920.000,0,-,-,-,-,5885.0000,5884.4000,5883.8000,5882.6000,5882.0000,5891.0000,5891.2000,5893.8000,5895.2000,5895.8000,1,1,2,1,1,1,1,1,1,1
SF,IC2103,2020-07-28 09:33:41.400,5886.2000,6291,0,139278920.000,0,-,-,-,-,5885.2000,5884.4000,5883.8000,5882.0000,5881.8000,5890.8000,5891.0000,5893.8000,5895.2000,5895.8000,1,1,1,1,1,1,1,1,1,1
SF,IC2103,2020-07-28 09:33:41.900,5886.2000,6291,0,139278920.000,0,-,-,-,-,5885.2000,5884.4000,5883.8000,5882.0000,5881.8000,5890.6000,5890.8000,5893.8000,5895.2000,5895.8000,1,1,1,1,1,1,1,1,1,1
SF,IC2103,2020-07-28 09:33:42.400,5886.2000,6291,0,139278920.000,0,-,-,-,-,5885.2000,5884.4000,5883.8000,5882.0000,5881.8000,5893.8000,5895.2000,5895.8000,5900.0000,5905.0000,1,1,1,1,1,1,1,1,1,1
SF,IC2103,2020-07-28 09:33:42.900,5886.2000,6291,0,139278920.000,0,-,-,-,-,5885.6000,5885.4000,5885.2000,5882.0000,5881.8000,5890.4000,5893.6000,5893.8000,5895.2000,5895.8000,1,1,1,1,1,1,1,2,1,1
SF,IC2103,2020-07-28 09:33:43.400,5890.4000,6290,-1,140457000.000,1,0,1,双平,S,5885.8000,5882.0000,5881.8000,5881.4000,5878.4000,5893.6000,5893.8000,5895.8000,5900.0000,5905.0000,1,1,1,1,1,1,1,1,1,1
SF,IC2103,2020-07-28 09:33:43.900,5890.4000,6290,0,140457000.000,0,-,-,-,-,5886.0000,5882.0000,5881.8000,5881.4000,5878.4000,5893.6000,5893.8000,5895.8000,5900.0000,5905.0000,1,1,1,1,1,1,1,1,1,1
SF,IC2103,2020-07-28 09:33:44.400,5890.4000,6290,0,140457000.000,0,-,-,-,-,5886.0000,5882.0000,5881.8000,5881.4000,5878.4000,5889.8000,5893.4000,5893.6000,5893.8000,5895.8000,1,1,1,1,1,1,2,1,1,1
SF,IC2103,2020-07-28 09:33:44.900,5889.8000,6290,0,141634960.000,1,0,1,多换,S,5886.2000,5882.0000,5881.8000,5881.4000,5878.4000,5893.8000,5895.8000,5900.0000,5905.0000,5906.0000,1,1,1,1,1,1,1,1,1,1
SF,IC2103,2020-07-28 09:33:45.400,5889.8000,6290,0,141634960.000,0,-,-,-,-,5886.4000,5882.0000,5881.8000,5881.4000,5878.4000,5893.6000,5893.8000,5895.8000,5900.0000,5905.0000,1,1,1,1,1,1,1,1,1,1
SF,IC2103,2020-07-28 09:33:45.900,5889.8000,6290,0,141634960.000,0,-,-,-,-,5886.4000,5882.0000,5881.8000,5881.4000,5878.4000,5893.6000,5893.8000,5895.8000,5900.0000,5905.0000,1,1,1,1,1,1,1,1,1,1
SF,IC2103,2020-07-28 09:33:46.400,5889.8000,6290,0,141634960.000,0,-,-,-,-,5886.6000,5882.0000,5881.8000,5881.4000,5878.4000,5893.4000,5893.6000,5893.8000,5895.8000,5900.0000,1,1,1,1,1,1,1,1,1,1
SF,IC2103,2020-07-28 09:33:46.900,5889.8000,6290,0,141634960.000,0,-,-,-,-,5886.6000,5882.0000,5881.8000,5881.4000,5878.4000,5892.0000,5893.2000,5893.4000,5893.8000,5895.8000,1,1,1,1,1,1,1,1,1,1
SF,IC2103,2020-07-28 09:33:47.400,5889.8000,6290,0,141634960.000,0,-,-,-,-,5886.6000,5882.4000,5882.0000,5881.8000,5881.4000,5893.8000,5895.8000,5900.0000,5905.0000,5906.0000,1,1,1,1,1,1,1,1,1,1
SF,IC2103,2020-07-28 09:33:47.900,5889.8000,6290,0,141634960.000,0,-,-,-,-,5887.0000,5886.8000,5886.6000,5882.4000,5882.0000,5893.8000,5895.8000,5900.0000,5905.0000,5906.0000,1,1,1,1,1,1,1,1,1,1
SF,IC2103,2020-07-28 09:33:48.400,5889.8000,6290,0,141634960.000,0,-,-,-,-,5887.2000,5887.0000,5882.4000,5882.0000,5881.8000,5893.8000,5895.8000,5900.0000,5905.0000,5906.0000,2,1,1,1,1,1,1,1,1,1
SF,IC2103,2020-07-28 09:33:48.900,5889.8000,6290,0,141634960.000,0,-,-,-,-,5887.2000,5882.4000,5882.0000,5881.8000,5881.4000,5893.8000,5895.8000,5900.0000,5905.0000,5906.0000,2,1,1,1,1,1,1,1,1,1
SF,IC2103,2020-07-28 09:33:49.400,5889.8000,6290,0,141634960.000,0,-,-,-,-,5889.0000,5887.2000,5882.4000,5882.0000,5881.8000,5895.8000,5900.0000,5905.0000,5906.0000,5908.2000,1,2,1,1,1,1,1,1,1,5
SF,IC2103,2020-07-28 09:33:49.900,5889.8000,6290,0,141634960.000,0,-,-,-,-,5889.2000,5887.2000,5882.0000,5881.8000,5881.4000,5893.8000,5895.6000,5895.8000,5900.0000,5905.0000,1,1,1,1,1,1,1,1,1,1
SF,IC2103,2020-07-28 09:33:50.400,5889.8000,6290,0,141634960.000,0,-,-,-,-,5882.0000,5881.8000,5881.4000,5880.0000,5875.0000,5893.6000,5893.8000,5895.8000,5900.0000,5905.0000,1,1,1,1,1,1,1,1,1,1
SF,IC2103,2020-07-28 09:33:50.900,5889.8000,6290,0,141634960.000,0,-,-,-,-,5886.2000,5882.2000,5882.0000,5881.8000,5881.4000,5893.4000,5893.8000,5895.8000,5900.0000,5905.0000,1,2,1,1,1,2,1,1,1,1
SF,IC2103,2020-07-28 09:33:51.400,5889.8000,6290,0,141634960.000,0,-,-,-,-,5886.4000,5882.0000,5881.8000,5881.4000,5880.0000,5893.2000,5893.8000,5895.8000,5900.0000,5905.0000,2,1,1,1,1,1,1,1,1,1
SF,IC2103,2020-07-28 09:33:51.900,5889.8000,6290,0,141634960.000,0,-,-,-,-,5886.4000,5882.0000,5881.8000,5881.4000,5880.0000,5893.2000,5893.8000,5895.8000,5900.0000,5905.0000,2,1,1,1,1,1,1,1,1,1
SF,IC2103,2020-07-28 09:33:52.400,5889.8000,6290,0,141634960.000,0,-,-,-,-,5886.4000,5882.0000,5881.8000,5881.4000,5880.0000,5893.2000,5893.8000,5895.8000,5900.0000,5905.0000,2,1,1,1,1,1,1,1,1,1
SF,IC2103,2020-07-28 09:33:52.900,5889.8000,6290,0,141634960.000,0,-,-,-,-,5882.0000,5881.8000,5881.4000,5880.0000,5875.0000,5893.0000,5893.2000,5893.8000,5895.8000,5900.0000,1,1,1,1,1,1,1,1,1,1
SF,IC2103,2020-07-28 09:33:53.400,5889.8000,6290,0,141634960.000,0,-,-,-,-,5883.6000,5882.2000,5882.0000,5881.8000,5881.4000,5892.6000,5892.8000,5893.0000,5893.8000,5895.8000,1,1,1,1,1,1,3,1,1,1
SF,IC2103,2020-07-28 09:33:53.900,5889.8000,6290,0,141634960.000,0,-,-,-,-,5883.8000,5883.6000,5882.0000,5881.8000,5881.4000,5892.4000,5892.6000,5892.8000,5893.8000,5895.8000,1,1,1,1,1,2,1,2,1,1
SF,IC2103,2020-07-28 09:33:54.400,5889.8000,6290,0,141634960.000,0,-,-,-,-,5883.8000,5882.0000,5881.8000,5881.4000,5880.0000,5891.4000,5892.4000,5892.8000,5893.8000,5895.8000,1,1,1,1,1,1,2,1,1,1
SF,IC2103,2020-07-28 09:33:54.900,5889.8000,6290,0,141634960.000,0,-,-,-,-,5883.8000,5882.0000,5881.8000,5881.4000,5880.0000,5891.2000,5891.4000,5892.4000,5892.8000,5893.8000,1,1,1,1,1,1,2,1,1,1
SF,IC2103,2020-07-28 09:33:55.400,5889.8000,6290,0,141634960.000,0,-,-,-,-,5883.8000,5882.0000,5881.8000,5881.4000,5880.0000,5891.2000,5891.4000,5892.8000,5893.8000,5895.8000,1,1,1,1,1,1,2,1,1,1
SF,IC2103,2020-07-28 09:33:55.900,5889.8000,6290,0,141634960.000,0,-,-,-,-,5883.8000,5882.0000,5881.8000,5881.4000,5880.0000,5891.0000,5891.2000,5891.4000,5892.8000,5893.8000,1,1,1,1,1,1,1,1,1,1
SF,IC2103,2020-07-28 09:33:56.400,5889.8000,6290,0,141634960.000,0,-,-,-,-,5884.4000,5883.8000,5882.0000,5881.8000,5881.4000,5890.8000,5891.4000,5892.8000,5893.8000,5895.8000,1,1,1,1,1,1,1,1,1,1
SF,IC2103,2020-07-28 09:33:56.900,5890.8000,6290,0,142813120.000,1,0,1,多换,S,5884.6000,5884.2000,5881.8000,5881.4000,5880.0000,5891.4000,5893.8000,5895.8000,5900.0000,5905.0000,1,1,1,1,1,1,1,1,1,1
SF,IC2103,2020-07-28 09:33:57.400,5890.8000,6290,0,142813120.000,0,-,-,-,-,5884.8000,5884.6000,5884.2000,5881.8000,5881.4000,5891.4000,5893.8000,5895.8000,5900.0000,5904.4000,2,1,1,1,1,1,1,1,1,1
SF,IC2103,2020-07-28 09:33:57.900,5890.8000,6290,0,142813120.000,0,-,-,-,-,5885.0000,5884.8000,5884.2000,5881.8000,5881.4000,5891.4000,5893.8000,5895.8000,5900.0000,5904.4000,1,2,1,1,1,1,1,1,1,1
SF,IC2103,2020-07-28 09:33:58.400,5890.8000,6290,0,142813120.000,0,-,-,-,-,5885.0000,5884.8000,5884.2000,5881.8000,5881.4000,5891.2000,5891.4000,5893.8000,5895.8000,5900.0000,1,2,1,1,1,1,1,1,1,1
SF,IC2103,2020-07-28 09:33:58.900,5890.8000,6290,0,142813120.000,0,-,-,-,-,5885.0000,5884.8000,5884.2000,5881.8000,5881.4000,5891.2000,5891.4000,5893.8000,5895.8000,5900.0000,1,1,1,1,1,1,1,1,1,1
SF,IC2103,2020-07-28 09:33:59.400,5890.8000,6290,0,142813120.000,0,-,-,-,-,5885.2000,5885.0000,5884.8000,5884.2000,5881.8000,5890.8000,5891.4000,5893.8000,5895.8000,5900.0000,1,1,1,1,1,2,1,1,1,1
SF,IC2103,2020-07-28 09:33:59.900,5890.8000,6290,0,142813120.000,0,-,-,-,-,5885.4000,5885.2000,5884.2000,5881.8000,5881.4000,5890.8000,5891.4000,5893.8000,5895.8000,5900.0000,1,1,1,1,1,2,1,1,1,1
SF,IC2103,2020-07-28 09:34:00.400,5890.8000,6290,0,142813120.000,0,-,-,-,-,5885.4000,5885.2000,5884.2000,5881.8000,5881.4000,5890.6000,5891.4000,5893.8000,5895.8000,5900.0000,1,1,1,1,1,1,1,1,1,1
SF,IC2103,2020-07-28 09:34:00.900,5890.8000,6290,0,142813120.000,0,-,-,-,-,5889.4000,5885.6000,5885.4000,5884.2000,5881.8000,5890.6000,5891.4000,5893.8000,5895.8000,5900.0000,1,1,1,1,1,1,1,1,1,1
SF,IC2103,2020-07-28 09:34:01.400,5889.4000,6290,0,143991000.000,1,0,1,多换,S,5885.6000,5884.2000,5881.4000,5880.0000,5875.0000,5890.0000,5891.4000,5893.8000,5895.8000,5900.0000,1,1,1,1,1,1,1,1,1,1
SF,IC2103,2020-07-28 09:34:01.900,5889.4000,6290,0,143991000.000,0,-,-,-,-,5886.2000,5885.8000,5884.4000,5884.2000,5881.4000,5890.0000,5891.4000,5893.8000,5895.8000,5900.0000,1,1,1,1,1,1,1,1,1,1
SF,IC2103,2020-07-28 09:34:02.400,5889.4000,6290,0,143991000.000,0,-,-,-,-,5886.4000,5886.2000,5884.4000,5884.2000,5881.4000,5890.0000,5891.4000,5893.8000,5895.8000,5900.0000,2,1,1,1,1,1,1,1,1,1
SF,IC2103,2020-07-28 09:34:02.900,5889.4000,6290,0,143991000.000,0,-,-,-,-,5886.4000,5886.2000,5884.4000,5884.2000,5881.4000,5890.0000,5891.4000,5893.8000,5895.8000,5900.0000,2,1,1,1,1,1,1,1,1,1
SF,IC2103,2020-07-28 09:34:03.400,5890.0000,6290,0,145169000.000,1,0,1,多换,S,5886.8000,5886.4000,5886.2000,5884.4000,5884.2000,5891.4000,5893.8000,5895.8000,5900.0000,5904.4000,1,2,1,1,1,1,1,1,1,1
SF,IC2103,2020-07-28 09:34:03.900,5891.4000,6289,-1,146347280.000,1,0,1,双平,S,5887.0000,5886.8000,5886.4000,5886.2000,5884.4000,5895.8000,5900.0000,5904.4000,5905.0000,5906.0000,1,1,1,1,1,1,1,1,1,1
SF,IC2103,2020-07-28 09:34:04.400,5891.4000,6289,0,146347280.000,0,-,-,-,-,5887.2000,5887.0000,5886.8000,5886.4000,5886.2000,5895.8000,5900.0000,5904.4000,5905.0000,5906.0000,2,1,1,1,1,1,1,1,1,1
SF,IC2103,2020-07-28 09:34:04.900,5891.4000,6289,0,146347280.000,0,-,-,-,-,5890.0000,5887.6000,5887.4000,5887.2000,5886.4000,5894.6000,5895.8000,5900.0000,5904.4000,5905.0000,1,1,1,2,1,1,1,1,1,1
SF,IC2103,2020-07-28 09:34:05.400,5894.6000,6288,-1,147526200.000,1,0,1,双平,S,5890.0000,5887.6000,5887.2000,5886.4000,5886.2000,5895.8000,5900.0000,5904.4000,5905.0000,5906.0000,1,1,1,1,1,1,1,1,1,1
SF,IC2103,2020-07-28 09:34:05.900,5895.8000,6287,-1,148705360.000,1,0,1,双平,S,5890.0000,5887.6000,5887.2000,5886.4000,5886.2000,5900.0000,5904.4000,5905.0000,5906.0000,5908.2000,1,1,1,1,1,1,1,1,1,5
SF,IC2103,2020-07-28 09:34:06.400,5895.8000,6287,0,148705360.000,0,-,-,-,-,5891.8000,5890.2000,5890.0000,5887.6000,5886.4000,5900.0000,5904.4000,5905.0000,5906.0000,5908.2000,2,4,1,1,1,1,1,1,1,5
SF,IC2103,2020-07-28 09:34:06.900,5900.0000,6286,-1,149885360.000,1,0,1,双平,S,5892.0000,5891.8000,5890.8000,5890.2000,5890.0000,5904.4000,5905.0000,5906.0000,5908.2000,5909.0000,2,2,1,2,1,1,1,1,5,1
SF,IC2103,2020-07-28 09:34:07.400,5900.0000,6286,0,149885360.000,0,-,-,-,-,5894.6000,5892.6000,5892.2000,5892.0000,5891.8000,5900.0000,5903.8000,5904.0000,5904.2000,5904.4000,1,1,2,2,2,4,1,1,1,1
SF,IC2103,2020-07-28 09:34:07.900,5900.0000,6286,0,152245360.000,2,1,1,多换,S,5894.8000,5894.6000,5892.6000,5892.0000,5886.4000,5900.0000,5904.2000,5904.4000,5905.0000,5906.0000,1,1,1,1,1,2,1,1,1,1
SF,IC2103,2020-07-28 09:34:08.400,5900.0000,6286,0,154605360.000,2,1,1,多换,S,5894.8000,5892.6000,5892.0000,5886.4000,5886.2000,5904.2000,5904.4000,5905.0000,5906.0000,5908.2000,1,1,1,1,1,1,1,1,1,5
SF,IC2103,2020-07-28 09:34:08.900,5900.0000,6286,0,154605360.000,0,-,-,-,-,5895.0000,5894.8000,5892.6000,5886.4000,5886.2000,5903.8000,5904.2000,5904.4000,5905.0000,5906.0000,4,1,1,1,1,1,1,1,1,1
SF,IC2103,2020-07-28 09:34:09.400,5900.0000,6286,0,154605360.000,0,-,-,-,-,5895.2000,5895.0000,5892.6000,5886.4000,5886.2000,5903.6000,5904.4000,5905.0000,5906.0000,5908.2000,1,3,1,1,1,1,1,1,1,5
SF,IC2103,2020-07-28 09:34:09.900,5900.0000,6286,0,154605360.000,0,-,-,-,-,5895.4000,5895.2000,5895.0000,5892.6000,5886.4000,5904.4000,5905.0000,5906.0000,5908.2000,5909.0000,1,1,1,1,1,1,1,1,5,1
SF,IC2103,2020-07-28 09:34:10.400,5900.0000,6286,0,154605360.000,0,-,-,-,-,5896.6000,5895.6000,5895.4000,5886.4000,5886.2000,5904.4000,5905.0000,5906.0000,5908.2000,5909.0000,1,2,1,1,1,1,1,1,5,1
SF,IC2103,2020-07-28 09:34:10.900,5900.0000,6286,0,154605360.000,0,-,-,-,-,5896.8000,5896.6000,5895.6000,5886.4000,5881.4000,5904.4000,5905.0000,5906.0000,5908.2000,5909.0000,2,1,1,1,1,1,1,1,5,1
SF,IC2103,2020-07-28 09:34:11.400,5897.0000,6286,0,155784760.000,1,0,1,多换,S,5896.8000,5895.6000,5886.4000,5881.4000,5880.0000,5904.4000,5905.0000,5906.0000,5908.2000,5909.0000,2,1,1,1,1,1,1,1,5,1
SF,IC2103,2020-07-28 09:34:11.900,5897.0000,6286,0,155784760.000,0,-,-,-,-,5899.0000,5896.8000,5895.6000,5886.4000,5881.4000,5904.4000,5905.0000,5906.0000,5908.2000,5909.0000,1,2,1,1,1,1,1,1,5,1
SF,IC2103,2020-07-28 09:34:12.400,5897.0000,6286,0,155784760.000,0,-,-,-,-,5899.2000,5896.8000,5895.6000,5886.4000,5881.4000,5904.2000,5904.4000,5905.0000,5906.0000,5908.2000,1,1,1,1,1,1,1,1,1,5
SF,IC2103,2020-07-28 09:34:12.900,5897.0000,6286,0,155784760.000,0,-,-,-,-,5899.6000,5899.2000,5899.0000,5896.8000,5895.6000,5904.2000,5904.4000,5905.0000,5906.0000,5908.2000,2,1,1,1,1,1,1,1,1,5
SF,IC2103,2020-07-28 09:34:13.400,5897.0000,6286,0,155784760.000,0,-,-,-,-,5899.8000,5899.6000,5899.0000,5896.8000,5895.6000,5904.2000,5904.4000,5905.0000,5906.0000,5908.2000,1,2,1,1,1,1,1,1,1,5
SF,IC2103,2020-07-28 09:34:13.900,5897.0000,6286,0,155784760.000,0,-,-,-,-,5899.0000,5896.8000,5895.6000,5886.4000,5881.4000,5904.2000,5904.4000,5905.0000,5906.0000,5908.2000,1,1,1,1,1,1,1,1,1,5
SF,IC2103,2020-07-28 09:34:14.400,5897.0000,6286,0,155784760.000,0,-,-,-,-,5899.0000,5896.8000,5895.6000,5886.4000,5881.4000,5904.2000,5904.4000,5905.0000,5906.0000,5908.2000,1,1,1,1,1,1,1,1,1,5
SF,IC2103,2020-07-28 09:34:14.900,5897.0000,6286,0,155784760.000,0,-,-,-,-,5896.8000,5896.4000,5895.6000,5886.4000,5881.4000,5904.2000,5904.4000,5905.0000,5906.0000,5908.2000,1,1,1,1,1,1,1,1,1,5
SF,IC2103,2020-07-28 09:34:15.400,5897.0000,6286,0,155784760.000,0,-,-,-,-,5898.0000,5897.0000,5896.8000,5896.4000,5895.6000,5903.8000,5904.2000,5904.4000,5905.0000,5906.0000,1,1,1,1,1,1,1,1,1,1
SF,IC2103,2020-07-28 09:34:15.900,5897.0000,6286,0,155784760.000,0,-,-,-,-,5898.2000,5898.0000,5896.8000,5896.4000,5886.4000,5903.6000,5903.8000,5904.4000,5905.0000,5906.0000,1,1,1,1,1,1,1,1,1,1
SF,IC2103,2020-07-28 09:34:16.400,5897.0000,6286,0,155784760.000,0,-,-,-,-,5898.2000,5896.8000,5896.4000,5886.4000,5881.4000,5904.4000,5905.0000,5906.0000,5908.2000,5909.0000,2,1,1,1,1,1,1,1,5,1
SF,IC2103,2020-07-28 09:34:16.900,5897.0000,6286,0,155784760.000,0,-,-,-,-,5899.0000,5898.2000,5896.8000,5896.4000,5886.4000,5904.4000,5905.0000,5906.0000,5908.2000,5909.0000,1,2,1,1,1,1,1,1,5,1
SF,IC2103,2020-07-28 09:34:17.400,5897.0000,6286,0,155784760.000,0,-,-,-,-,5899.2000,5899.0000,5898.2000,5896.8000,5896.4000,5904.4000,5905.0000,5906.0000,5908.2000,5909.0000,1,1,1,1,1,1,1,1,5,1
SF,IC2103,2020-07-28 09:34:17.900,5897.0000,6286,0,155784760.000,0,-,-,-,-,5899.2000,5898.2000,5896.8000,5896.4000,5886.4000,5904.4000,5905.0000,5906.0000,5908.2000,5909.0000,1,1,1,1,1,1,1,1,5,1
SF,IC2103,2020-07-28 09:34:18.400,5904.4000,6285,-1,156965640.000,1,0,1,双平,S,5904.4000,5901.2000,5899.2000,5898.2000,5896.8000,5905.0000,5906.0000,5908.2000,5909.0000,5914.8000,1,1,1,1,1,1,1,5,1,2
SF,IC2103,2020-07-28 09:34:18.900,5905.0000,6284,-1,158146640.000,1,0,1,双平,S,5905.0000,5904.4000,5899.4000,5899.2000,5896.8000,5906.0000,5908.2000,5909.0000,5914.8000,5915.0000,1,3,1,1,1,1,5,1,2,1
SF,IC2103,2020-07-28 09:34:19.400,5905.0000,6284,0,158146640.000,0,-,-,-,-,5905.0000,5904.4000,5900.4000,5899.4000,5899.2000,5906.0000,5908.2000,5909.0000,5914.8000,5915.0000,1,2,2,1,1,1,5,1,2,1
SF,IC2103,2020-07-28 09:34:19.900,5906.0000,6283,-1,159327840.000,1,0,1,双平,S,5906.0000,5904.4000,5900.4000,5899.2000,5896.8000,5908.2000,5909.0000,5914.8000,5915.0000,5919.0000,3,1,2,1,1,5,1,2,1,2
SF,IC2103,2020-07-28 09:34:20.400,5906.0000,6283,0,159327840.000,0,-,-,-,-,5906.0000,5900.4000,5899.2000,5896.8000,5896.4000,5908.0000,5908.2000,5909.0000,5914.8000,5915.0000,2,2,1,1,1,1,5,1,2,1
SF,IC2103,2020-07-28 09:34:20.900,5908.0000,6281,-2,162871840.000,3,0,3,多平,S,5900.4000,5899.2000,5896.8000,5896.4000,5886.4000,5908.2000,5909.0000,5914.8000,5915.0000,5919.0000,2,1,1,1,1,5,1,2,1,2
SF,IC2103,2020-07-28 09:34:21.400,5908.0000,6281,0,162871840.000,0,-,-,-,-,5903.2000,5900.6000,5900.4000,5896.4000,5886.4000,5908.2000,5909.0000,5914.8000,5915.0000,5919.0000,1,2,2,1,1,5,1,2,1,2
SF,IC2103,2020-07-28 09:34:21.900,5908.2000,6284,3,167598400.000,4,3,1,空开,S,5903.4000,5903.2000,5900.6000,5896.4000,5895.4000,5908.2000,5909.0000,5914.8000,5915.0000,5919.0000,1,1,1,1,1,1,1,2,1,2
SF,IC2103,2020-07-28 09:34:22.400,5908.2000,6284,0,167598400.000,0,-,-,-,-,5903.8000,5903.6000,5903.4000,5900.6000,5896.4000,5908.2000,5909.0000,5914.8000,5915.0000,5919.0000,2,1,1,1,1,1,1,2,1,2
SF,IC2103,2020-07-28 09:34:22.900,5908.2000,6285,1,168780040.000,1,1,0,双开,S,5904.0000,5903.6000,5900.6000,5896.4000,5895.4000,5909.0000,5914.8000,5915.0000,5919.0000,5919.8000,1,1,1,1,1,1,2,1,2,1
SF,IC2103,2020-07-28 09:34:23.400,5908.2000,6285,0,168780040.000,0,-,-,-,-,5904.0000,5903.6000,5900.6000,5896.4000,5895.4000,5908.8000,5909.0000,5914.8000,5915.0000,5919.0000,1,1,1,1,1,1,1,2,1,2
SF,IC2103,2020-07-28 09:34:23.900,5908.2000,6285,0,168780040.000,0,-,-,-,-,5903.6000,5900.6000,5896.4000,5895.4000,5886.4000,5908.8000,5909.0000,5914.8000,5915.0000,5919.0000,1,1,1,1,1,1,1,2,1,2
