市场代码,合约代码,时间,最新,持仓,增仓,成交额,成交量,开仓,平仓,成交类型,方向,买一价,买二价,买三价,买四价,买五价,卖一价,卖二价,卖三价,卖四价,卖五价,买一量,买二量,买三量,买四量,买五量,卖一量,卖二量,卖三量,卖四量,卖五量
SF,IC2106,2020-10-28 09:29:00.100,5774.0000,10146,0,2309600.000,2.000,-,-,-,-,5774.0000,5770.2000,5759.6000,5757.0000,5756.4000,5779.8000,5785.0000,5790.4000,5793.0000,5798.4000,1,1,1,2,1,1,1,3,5,3
SF,IC2106,2020-10-28 09:30:00.100,5770.2000,10145,-1,4618440.000,2,0,2,多平,S,5759.6000,5757.0000,5756.4000,5754.8000,5750.0000,5768.0000,5773.0000,5779.0000,5779.8000,5785.0000,1,2,1,2,2,2,1,1,1,1
SF,IC2106,2020-10-28 09:30:00.600,5770.2000,10145,0,4618440.000,0,-,-,-,-,5764.2000,5762.4000,5760.0000,5759.8000,5759.6000,5767.8000,5768.0000,5773.0000,5779.0000,5779.8000,1,1,3,2,4,1,2,1,1,1
SF,IC2106,2020-10-28 09:30:01.100,5764.4000,10144,-1,5771320.000,1,0,1,双平,S,5760.0000,5759.6000,5757.6000,5757.0000,5754.8000,5767.8000,5773.0000,5779.0000,5779.8000,5791.4000,2,3,1,1,2,1,1,1,1,1
SF,IC2106,2020-10-28 09:30:01.600,5764.4000,10144,0,5771320.000,0,-,-,-,-,5763.2000,5760.0000,5759.6000,5757.6000,5757.0000,5767.6000,5767.8000,5768.0000,5773.0000,5779.0000,1,2,2,1,1,1,1,1,1,1
SF,IC2106,2020-10-28 09:30:02.100,5764.4000,10144,0,5771320.000,0,-,-,-,-,5763.2000,5760.0000,5759.6000,5757.6000,5757.0000,5767.4000,5767.6000,5767.8000,5768.0000,5779.0000,1,2,2,1,1,1,1,1,1,1
SF,IC2106,2020-10-28 09:30:02.600,5764.4000,10144,0,5771320.000,0,-,-,-,-,5763.2000,5760.0000,5759.6000,5757.6000,5757.0000,5767.2000,5767.4000,5767.8000,5768.0000,5779.8000,1,1,2,1,1,1,1,1,1,1
SF,IC2106,2020-10-28 09:30:03.100,5767.2000,10143,-1,6924760.000,1,0,1,双平,S,5763.4000,5763.2000,5759.6000,5757.6000,5757.0000,5767.4000,5767.8000,5779.8000,5791.4000,5799.0000,1,1,2,1,1,1,1,1,1,10
SF,IC2106,2020-10-28 09:30:03.600,5767.2000,10142,-1,8078200.000,1,0,1,双平,S,5763.4000,5763.2000,5757.6000,5757.0000,5750.0000,5779.8000,5791.4000,5799.0000,5825.0000,5828.0000,1,1,1,1,2,1,1,10,1,1
SF,IC2106,2020-10-28 09:30:04.100,5767.2000,10142,0,8078200.000,0,-,-,-,-,5764.8000,5763.4000,5763.2000,5757.6000,5757.0000,5769.4000,5769.6000,5770.8000,5772.0000,5779.8000,1,1,1,1,1,2,1,5,1,1
SF,IC2106,2020-10-28 09:30:04.600,5767.2000,10142,0,8078200.000,0,-,-,-,-,5765.0000,5764.8000,5763.2000,5757.6000,5757.0000,5770.8000,5772.0000,5779.8000,5791.4000,5799.0000,1,1,1,1,1,5,1,1,1,10
SF,IC2106,2020-10-28 09:30:05.100,5767.2000,10142,0,8078200.000,0,-,-,-,-,5765.0000,5763.2000,5757.6000,5757.0000,5750.0000,5769.4000,5769.6000,5770.8000,5772.0000,5779.8000,1,1,1,1,2,2,1,5,1,1
SF,IC2106,2020-10-28 09:30:05.600,5765.0000,10141,-1,9231200.000,1,0,1,双平,S,5763.2000,5757.6000,5757.0000,5750.0000,5748.0000,5769.0000,5769.2000,5769.4000,5769.6000,5770.8000,1,1,1,2,1,1,1,3,1,4
SF,IC2106,2020-10-28 09:30:06.100,5765.0000,10141,0,9231200.000,0,-,-,-,-,5763.2000,5757.6000,5757.0000,5750.0000,5748.0000,5768.8000,5769.0000,5769.4000,5769.6000,5770.8000,1,1,1,2,1,1,1,3,1,4
SF,IC2106,2020-10-28 09:30:06.600,5763.2000,10140,-1,10383840.000,1,0,1,双平,S,5757.0000,5750.0000,5748.0000,5744.0000,5726.0000,5768.0000,5768.8000,5769.0000,5769.4000,5770.8000,1,2,1,1,1,4,1,1,2,1
SF,IC2106,2020-10-28 09:30:07.100,5763.2000,10140,0,10383840.000,0,-,-,-,-,5760.0000,5759.0000,5758.4000,5758.2000,5757.2000,5766.8000,5767.2000,5767.8000,5768.0000,5769.4000,1,1,1,3,1,1,1,1,5,1
SF,IC2106,2020-10-28 09:30:07.600,5763.2000,10140,0,10383840.000,0,-,-,-,-,5760.0000,5759.0000,5758.4000,5758.2000,5757.2000,5766.6000,5766.8000,5767.2000,5768.0000,5769.4000,1,1,1,3,1,2,1,1,4,1
SF,IC2106,2020-10-28 09:30:08.100,5763.2000,10140,0,10383840.000,0,-,-,-,-,5760.0000,5759.0000,5758.4000,5758.2000,5757.2000,5766.4000,5766.6000,5766.8000,5767.2000,5768.0000,1,1,1,2,1,1,2,1,1,3
SF,IC2106,2020-10-28 09:30:08.600,5763.2000,10140,0,10383840.000,0,-,-,-,-,5760.0000,5759.0000,5758.4000,5758.2000,5757.2000,5766.2000,5766.4000,5766.6000,5766.8000,5767.2000,1,1,1,1,1,1,1,1,1,1
SF,IC2106,2020-10-28 09:30:09.100,5764.8000,10140,0,11536800.000,1,0,1,多换,S,5757.0000,5750.0000,5748.0000,5744.0000,5726.0000,5765.2000,5765.4000,5766.2000,5766.8000,5768.0000,1,2,1,1,1,3,1,1,1,1
SF,IC2106,2020-10-28 09:30:09.600,5764.8000,10140,0,11536800.000,0,-,-,-,-,5760.0000,5757.6000,5757.2000,5757.0000,5750.0000,5764.2000,5764.4000,5765.0000,5765.2000,5765.4000,1,1,1,1,2,1,1,1,4,1
SF,IC2106,2020-10-28 09:30:10.100,5764.4000,10140,0,13841680.000,2,1,1,多换,S,5760.2000,5757.6000,5757.2000,5757.0000,5750.0000,5765.2000,5765.4000,5779.8000,5799.0000,5825.0000,1,1,1,1,2,3,1,1,10,1
SF,IC2106,2020-10-28 09:30:10.600,5764.4000,10140,0,13841680.000,0,-,-,-,-,5760.2000,5757.2000,5757.0000,5750.0000,5748.0000,5779.8000,5799.0000,5825.0000,5828.0000,5830.4000,1,1,1,2,1,1,10,1,1,1
SF,IC2106,2020-10-28 09:30:11.100,5764.4000,10140,0,13841680.000,0,-,-,-,-,5760.2000,5757.2000,5757.0000,5750.0000,5748.0000,5766.4000,5766.6000,5766.8000,5767.2000,5768.0000,1,1,1,2,1,1,1,2,2,3
SF,IC2106,2020-10-28 09:30:11.600,5764.4000,10140,0,13841680.000,0,-,-,-,-,5760.2000,5757.2000,5757.0000,5750.0000,5748.0000,5766.4000,5766.6000,5766.8000,5767.2000,5768.0000,1,1,1,2,1,1,1,2,2,3
SF,IC2106,2020-10-28 09:30:12.100,5764.4000,10140,0,13841680.000,0,-,-,-,-,5760.2000,5757.2000,5757.0000,5750.0000,5748.0000,5766.4000,5766.6000,5766.8000,5767.2000,5768.0000,1,1,1,2,1,1,1,2,2,3
SF,IC2106,2020-10-28 09:30:12.600,5764.4000,10140,0,13841680.000,0,-,-,-,-,5760.2000,5757.2000,5757.0000,5750.0000,5748.0000,5766.0000,5766.6000,5766.8000,5767.2000,5768.0000,1,1,1,2,1,1,1,1,1,3
SF,IC2106,2020-10-28 09:30:13.100,5764.4000,10140,0,13841680.000,0,-,-,-,-,5760.4000,5760.2000,5757.2000,5757.0000,5750.0000,5766.0000,5766.6000,5766.8000,5767.2000,5768.0000,1,1,1,1,2,1,1,1,1,3
SF,IC2106,2020-10-28 09:30:13.600,5764.4000,10140,0,13841680.000,0,-,-,-,-,5762.2000,5760.6000,5760.4000,5757.2000,5757.0000,5766.6000,5766.8000,5767.2000,5768.0000,5771.0000,1,1,1,1,1,1,1,1,3,1
SF,IC2106,2020-10-28 09:30:14.100,5764.4000,10140,0,13841680.000,0,-,-,-,-,5762.4000,5762.2000,5757.2000,5757.0000,5750.0000,5767.2000,5768.0000,5771.0000,5779.8000,5799.0000,1,1,1,1,2,1,3,1,1,10
SF,IC2106,2020-10-28 09:30:14.600,5764.4000,10140,0,13841680.000,0,-,-,-,-,5762.4000,5762.2000,5757.2000,5757.0000,5750.0000,5766.0000,5768.0000,5771.0000,5779.8000,5799.0000,2,1,1,1,2,1,2,1,1,10
SF,IC2106,2020-10-28 09:30:15.100,5764.4000,10140,0,13841680.000,0,-,-,-,-,5762.6000,5762.4000,5762.2000,5757.2000,5757.0000,5766.0000,5768.0000,5771.0000,5779.8000,5799.0000,1,1,1,1,1,1,2,1,1,10
SF,IC2106,2020-10-28 09:30:15.600,5764.4000,10140,0,13841680.000,0,-,-,-,-,5762.8000,5762.6000,5762.2000,5757.2000,5757.0000,5768.0000,5771.0000,5779.8000,5799.0000,5825.0000,1,1,1,1,1,2,1,1,10,1
SF,IC2106,2020-10-28 09:30:16.100,5764.4000,10140,0,13841680.000,0,-,-,-,-,5762.8000,5762.6000,5762.2000,5757.2000,5757.0000,5768.0000,5771.0000,5779.8000,5799.0000,5825.0000,1,1,1,1,1,3,1,1,10,1
SF,IC2106,2020-10-28 09:30:16.600,5764.4000,10140,0,13841680.000,0,-,-,-,-,5762.8000,5762.6000,5762.2000,5757.2000,5757.0000,5768.0000,5771.0000,5779.8000,5799.0000,5825.0000,1,1,1,1,1,4,1,1,10,1
SF,IC2106,2020-10-28 09:30:17.100,5764.4000,10140,0,13841680.000,0,-,-,-,-,5762.8000,5762.6000,5762.2000,5757.2000,5757.0000,5767.0000,5768.0000,5771.0000,5779.8000,5799.0000,1,1,1,1,1,1,3,1,1,10
SF,IC2106,2020-10-28 09:30:17.600,5764.4000,10140,0,13841680.000,0,-,-,-,-,5762.8000,5762.6000,5762.2000,5757.2000,5757.0000,5767.0000,5771.0000,5779.8000,5799.0000,5825.0000,1,1,1,1,1,1,1,1,10,1
SF,IC2106,2020-10-28 09:30:18.100,5764.4000,10140,0,13841680.000,0,-,-,-,-,5762.8000,5762.6000,5762.2000,5757.2000,5757.0000,5767.0000,5771.0000,5779.8000,5799.0000,5820.0000,1,1,1,1,1,1,1,1,10,1
SF,IC2106,2020-10-28 09:30:20.100,5764.4000,10140,0,13841680.000,0,-,-,-,-,5762.8000,5762.6000,5762.2000,5757.2000,5757.0000,5771.0000,5779.8000,5799.0000,5800.0000,5820.0000,1,1,1,1,1,1,1,10,1,1
SF,IC2106,2020-10-28 09:30:20.600,5764.4000,10140,0,13841680.000,0,-,-,-,-,5762.8000,5762.2000,5757.2000,5757.0000,5750.0000,5769.4000,5769.6000,5770.8000,5771.0000,5779.8000,1,1,1,1,2,3,1,6,1,1
SF,IC2106,2020-10-28 09:30:21.100,5764.4000,10140,0,13841680.000,0,-,-,-,-,5762.8000,5762.2000,5757.2000,5757.0000,5750.0000,5769.4000,5769.6000,5770.8000,5771.0000,5779.8000,1,1,1,1,2,2,1,6,1,1
SF,IC2106,2020-10-28 09:30:21.600,5764.4000,10140,0,13841680.000,0,-,-,-,-,5762.8000,5762.2000,5757.2000,5757.0000,5750.0000,5770.8000,5771.0000,5779.8000,5799.0000,5800.0000,1,1,1,1,2,5,1,1,10,1
SF,IC2106,2020-10-28 09:30:22.100,5764.4000,10139,-1,14994560.000,1,0,1,双平,S,5764.8000,5764.2000,5763.6000,5763.2000,5763.0000,5770.8000,5779.8000,5799.0000,5800.0000,5820.0000,1,1,1,1,3,2,1,10,1,1
SF,IC2106,2020-10-28 09:30:22.600,5764.4000,10139,0,14994560.000,0,-,-,-,-,5765.0000,5764.8000,5764.2000,5763.6000,5763.2000,5779.8000,5799.0000,5800.0000,5820.0000,5825.0000,1,1,1,1,1,1,10,1,1,1
SF,IC2106,2020-10-28 09:30:23.100,5764.4000,10139,0,14994560.000,0,-,-,-,-,5765.0000,5764.8000,5764.2000,5763.6000,5763.0000,5772.8000,5773.6000,5774.4000,5774.6000,5779.6000,1,1,1,1,3,1,4,2,2,1
SF,IC2106,2020-10-28 09:30:23.600,5764.4000,10139,0,14994560.000,0,-,-,-,-,5767.2000,5765.4000,5765.2000,5765.0000,5764.2000,5772.8000,5773.6000,5774.4000,5774.6000,5779.8000,1,1,4,1,1,1,3,2,2,1
SF,IC2106,2020-10-28 09:30:24.100,5766.2000,10139,0,16147800.000,1,0,1,多换,S,5767.2000,5765.4000,5765.2000,5764.2000,5763.0000,5772.6000,5772.8000,5773.6000,5774.4000,5774.6000,1,1,4,1,3,1,1,3,2,2
SF,IC2106,2020-10-28 09:30:24.600,5766.2000,10139,0,17301040.000,1,0,1,多换,S,5765.4000,5765.2000,5763.0000,5762.2000,5757.2000,5772.6000,5774.4000,5774.6000,5779.8000,5799.0000,1,4,3,1,1,1,1,2,1,10
SF,IC2106,2020-10-28 09:30:25.100,5766.2000,10139,0,18454280.000,1,0,1,多换,S,5766.6000,5766.4000,5765.6000,5765.4000,5765.2000,5772.0000,5772.6000,5774.4000,5774.6000,5779.8000,1,1,1,2,4,1,1,1,1,1
SF,IC2106,2020-10-28 09:30:25.600,5766.2000,10139,0,18454280.000,0,-,-,-,-,5767.2000,5766.8000,5766.6000,5766.4000,5765.6000,5771.8000,5779.8000,5799.0000,5800.0000,5820.0000,1,1,1,1,1,1,1,10,1,1
SF,IC2106,2020-10-28 09:30:26.100,5766.2000,10139,0,19607520.000,1,0,1,多换,S,5766.8000,5766.6000,5766.4000,5765.6000,5765.4000,5771.8000,5779.8000,5799.0000,5800.0000,5820.0000,1,1,1,1,1,1,1,10,1,1
SF,IC2106,2020-10-28 09:30:26.600,5766.2000,10139,0,19607520.000,0,-,-,-,-,5766.8000,5766.6000,5766.4000,5765.6000,5765.4000,5768.0000,5771.8000,5779.8000,5799.0000,5800.0000,2,1,1,1,1,7,1,1,10,1
SF,IC2106,2020-10-28 09:30:27.100,5768.0000,10139,0,27682720.000,7,3,4,多换,S,5768.0000,5767.2000,5766.8000,5766.6000,5765.6000,5771.8000,5779.8000,5799.0000,5800.0000,5820.0000,1,1,2,1,1,1,1,10,1,1
SF,IC2106,2020-10-28 09:30:27.600,5768.0000,10139,0,27682720.000,0,-,-,-,-,5768.0000,5767.2000,5766.8000,5766.6000,5765.6000,5771.8000,5779.8000,5799.0000,5800.0000,5820.0000,2,1,2,1,1,1,1,10,1,1
SF,IC2106,2020-10-28 09:30:28.100,5768.0000,10139,0,27682720.000,0,-,-,-,-,5768.2000,5768.0000,5767.2000,5766.8000,5766.6000,5771.8000,5779.8000,5799.0000,5800.0000,5820.0000,1,4,1,2,1,1,1,10,1,1
SF,IC2106,2020-10-28 09:30:28.600,5771.8000,10138,-1,28837080.000,1,0,1,双平,S,5768.4000,5768.2000,5768.0000,5767.2000,5766.8000,5779.8000,5799.0000,5800.0000,5820.0000,5825.0000,4,1,4,1,2,1,10,1,1,1
SF,IC2106,2020-10-28 09:30:29.100,5771.8000,10138,0,28837080.000,0,-,-,-,-,5768.4000,5768.2000,5768.0000,5767.2000,5766.8000,5774.4000,5774.6000,5776.4000,5776.8000,5777.2000,4,1,4,1,2,1,1,1,1,1
SF,IC2106,2020-10-28 09:30:29.600,5771.8000,10138,0,28837080.000,0,-,-,-,-,5768.4000,5768.0000,5767.2000,5766.8000,5765.6000,5772.6000,5774.6000,5776.4000,5776.8000,5777.2000,1,4,1,2,1,1,1,1,1,1
SF,IC2106,2020-10-28 09:30:30.100,5771.8000,10138,0,28837080.000,0,-,-,-,-,5768.6000,5768.4000,5768.0000,5767.2000,5766.8000,5772.6000,5774.6000,5776.4000,5776.8000,5777.2000,1,1,4,1,2,1,1,1,1,1
SF,IC2106,2020-10-28 09:30:30.600,5771.8000,10138,0,28837080.000,0,-,-,-,-,5768.8000,5768.0000,5767.2000,5766.8000,5765.6000,5772.4000,5772.6000,5774.6000,5776.4000,5776.8000,1,4,1,2,1,1,1,1,1,1
SF,IC2106,2020-10-28 09:30:31.100,5771.8000,10138,0,28837080.000,0,-,-,-,-,5768.8000,5768.0000,5767.2000,5766.8000,5765.6000,5772.4000,5772.6000,5774.6000,5776.4000,5776.8000,1,4,1,2,1,1,1,1,1,1
SF,IC2106,2020-10-28 09:30:31.600,5771.8000,10138,0,28837080.000,0,-,-,-,-,5768.0000,5767.2000,5766.8000,5765.6000,5765.2000,5772.0000,5772.2000,5772.4000,5772.6000,5777.2000,2,1,2,1,1,1,1,1,1,1
SF,IC2106,2020-10-28 09:30:32.100,5771.8000,10138,0,28837080.000,0,-,-,-,-,5768.0000,5767.2000,5766.8000,5765.6000,5765.2000,5771.8000,5772.0000,5772.4000,5772.6000,5777.2000,4,1,2,1,1,1,1,1,1,1
SF,IC2106,2020-10-28 09:30:32.600,5771.8000,10138,0,28837080.000,0,-,-,-,-,5765.6000,5765.2000,5764.6000,5763.0000,5762.2000,5771.8000,5772.0000,5772.4000,5772.6000,5779.8000,1,1,1,2,1,1,1,1,1,1
SF,IC2106,2020-10-28 09:30:33.100,5771.8000,10138,0,28837080.000,0,-,-,-,-,5766.6000,5766.4000,5765.8000,5765.6000,5765.2000,5770.8000,5771.8000,5772.0000,5779.8000,5795.0000,1,1,2,1,1,1,1,1,1,1
SF,IC2106,2020-10-28 09:30:33.600,5771.8000,10138,0,28837080.000,0,-,-,-,-,5766.8000,5766.6000,5766.4000,5765.8000,5765.6000,5770.6000,5770.8000,5772.0000,5779.8000,5795.0000,2,1,1,2,1,1,1,1,1,1
SF,IC2106,2020-10-28 09:30:34.100,5771.8000,10138,0,28837080.000,0,-,-,-,-,5765.8000,5765.2000,5764.6000,5763.0000,5762.2000,5770.6000,5770.8000,5772.0000,5779.8000,5795.0000,1,1,1,2,1,1,1,1,1,1
SF,IC2106,2020-10-28 09:30:34.600,5771.8000,10138,0,28837080.000,0,-,-,-,-,5766.4000,5766.0000,5765.2000,5764.6000,5763.0000,5770.4000,5770.6000,5770.8000,5772.0000,5779.8000,1,1,1,1,2,1,1,1,1,1
SF,IC2106,2020-10-28 09:30:35.100,5771.8000,10138,0,28837080.000,0,-,-,-,-,5765.2000,5764.6000,5763.0000,5762.2000,5757.2000,5769.0000,5769.4000,5770.2000,5770.4000,5779.8000,1,1,2,1,1,1,1,1,1,1
SF,IC2106,2020-10-28 09:30:35.600,5771.8000,10138,0,28837080.000,0,-,-,-,-,5765.4000,5765.2000,5764.6000,5763.0000,5762.2000,5768.8000,5769.0000,5769.4000,5770.4000,5779.8000,2,5,1,2,1,1,1,1,1,1
SF,IC2106,2020-10-28 09:30:36.100,5771.8000,10138,0,28837080.000,0,-,-,-,-,5765.4000,5764.6000,5763.0000,5762.2000,5757.2000,5768.8000,5769.0000,5769.4000,5779.8000,5795.0000,1,1,2,1,1,1,1,1,1,1
SF,IC2106,2020-10-28 09:30:36.600,5771.8000,10138,0,28837080.000,0,-,-,-,-,5766.4000,5765.6000,5765.4000,5764.6000,5763.0000,5768.8000,5779.8000,5795.0000,5798.8000,5799.0000,1,3,2,1,2,1,1,1,1,10
SF,IC2106,2020-10-28 09:30:37.100,5769.2000,10137,-1,29990920.000,1,0,1,双平,S,5766.6000,5766.4000,5765.6000,5765.4000,5764.6000,5779.8000,5795.0000,5798.8000,5799.0000,5800.0000,1,1,3,2,1,1,1,1,10,1
SF,IC2106,2020-10-28 09:30:37.600,5769.2000,10137,0,29990920.000,0,-,-,-,-,5766.8000,5766.6000,5766.4000,5765.6000,5765.4000,5770.8000,5772.0000,5773.6000,5774.4000,5774.6000,1,1,1,3,2,1,1,3,3,1
SF,IC2106,2020-10-28 09:30:38.100,5769.2000,10137,0,29990920.000,0,-,-,-,-,5766.8000,5766.6000,5765.6000,5765.4000,5764.6000,5769.0000,5769.4000,5773.6000,5774.4000,5774.6000,1,1,3,1,1,1,1,3,1,1
SF,IC2106,2020-10-28 09:30:38.600,5769.2000,10137,0,29990920.000,0,-,-,-,-,5766.8000,5766.6000,5764.6000,5763.0000,5762.2000,5773.6000,5774.4000,5774.6000,5779.8000,5784.6000,1,1,1,2,1,3,1,1,1,1
SF,IC2106,2020-10-28 09:30:39.100,5769.2000,10137,0,29990920.000,0,-,-,-,-,5766.8000,5764.6000,5763.0000,5762.2000,5757.2000,5770.8000,5772.0000,5773.4000,5773.6000,5774.4000,1,1,2,1,1,1,1,1,3,1
SF,IC2106,2020-10-28 09:30:40.100,5769.2000,10137,0,29990920.000,0,-,-,-,-,5766.8000,5764.6000,5763.0000,5762.2000,5757.2000,5769.0000,5769.4000,5773.4000,5773.6000,5774.4000,1,1,2,1,1,1,1,1,3,1
SF,IC2106,2020-10-28 09:30:40.600,5766.8000,10137,0,31144280.000,1,0,1,多换,S,5764.6000,5763.0000,5762.2000,5757.2000,5757.0000,5769.0000,5769.4000,5773.4000,5773.6000,5774.4000,1,2,1,1,1,1,1,1,2,1
SF,IC2106,2020-10-28 09:30:41.100,5766.8000,10137,0,31144280.000,0,-,-,-,-,5765.2000,5764.8000,5764.6000,5763.0000,5762.2000,5768.8000,5769.0000,5769.4000,5773.6000,5774.4000,2,3,1,2,1,1,1,1,2,1
SF,IC2106,2020-10-28 09:30:41.600,5766.8000,10137,0,31144280.000,0,-,-,-,-,5764.8000,5764.6000,5763.0000,5762.2000,5757.2000,5768.8000,5769.0000,5769.4000,5773.6000,5774.4000,2,1,2,1,1,1,1,1,2,1
SF,IC2106,2020-10-28 09:30:42.100,5766.8000,10137,0,31144280.000,0,-,-,-,-,5765.2000,5765.0000,5764.8000,5764.6000,5763.0000,5768.8000,5769.0000,5769.4000,5773.6000,5774.4000,3,1,2,1,2,1,1,1,2,1
SF,IC2106,2020-10-28 09:30:42.600,5766.8000,10137,0,31144280.000,0,-,-,-,-,5765.4000,5765.2000,5765.0000,5764.8000,5764.6000,5768.8000,5769.0000,5769.4000,5773.6000,5774.4000,1,4,1,2,1,1,1,1,2,1
SF,IC2106,2020-10-28 09:30:43.100,5766.8000,10137,0,31144280.000,0,-,-,-,-,5764.8000,5764.6000,5763.0000,5762.2000,5757.2000,5768.8000,5769.0000,5769.4000,5773.6000,5779.8000,1,1,2,1,1,1,1,1,2,1
SF,IC2106,2020-10-28 09:30:43.600,5766.8000,10137,0,31144280.000,0,-,-,-,-,5764.8000,5764.6000,5763.0000,5762.2000,5757.2000,5768.8000,5769.0000,5769.4000,5773.6000,5779.8000,1,1,2,1,1,1,1,1,2,1
SF,IC2106,2020-10-28 09:30:44.100,5766.8000,10137,0,31144280.000,0,-,-,-,-,5765.2000,5765.0000,5764.8000,5764.6000,5763.0000,5768.8000,5769.0000,5769.4000,5771.0000,5773.6000,2,3,1,1,2,1,1,1,3,2
SF,IC2106,2020-10-28 09:30:44.600,5766.8000,10137,0,31144280.000,0,-,-,-,-,5765.4000,5765.2000,5765.0000,5764.8000,5764.6000,5771.0000,5773.6000,5779.8000,5784.6000,5795.0000,2,4,3,1,1,3,2,1,1,1
SF,IC2106,2020-10-28 09:30:45.100,5766.8000,10137,0,31144280.000,0,-,-,-,-,5765.4000,5765.2000,5765.0000,5764.8000,5764.6000,5770.8000,5771.0000,5773.6000,5779.8000,5784.6000,2,4,3,1,1,1,3,2,1,1
SF,IC2106,2020-10-28 09:30:46.100,5766.8000,10137,0,31144280.000,0,-,-,-,-,5766.4000,5765.4000,5765.2000,5765.0000,5764.6000,5770.8000,5771.0000,5773.6000,5779.8000,5784.6000,1,3,4,2,1,1,3,2,1,1
SF,IC2106,2020-10-28 09:30:46.600,5766.8000,10137,0,31144280.000,0,-,-,-,-,5766.6000,5766.4000,5765.4000,5765.2000,5765.0000,5770.8000,5771.0000,5773.6000,5779.8000,5784.6000,1,1,2,4,3,1,3,2,1,1
SF,IC2106,2020-10-28 09:30:47.600,5766.8000,10137,0,31144280.000,0,-,-,-,-,5766.6000,5766.4000,5765.4000,5765.2000,5765.0000,5770.8000,5771.0000,5773.6000,5779.8000,5784.6000,1,1,2,4,3,1,3,1,1,1
SF,IC2106,2020-10-28 09:30:48.100,5766.8000,10137,0,31144280.000,0,-,-,-,-,5766.8000,5766.6000,5766.4000,5765.4000,5765.2000,5770.8000,5771.0000,5779.8000,5784.6000,5795.0000,1,1,1,2,4,1,3,1,1,2
SF,IC2106,2020-10-28 09:30:48.600,5766.8000,10137,0,31144280.000,0,-,-,-,-,5767.0000,5766.8000,5766.4000,5765.4000,5765.2000,5770.8000,5771.0000,5779.8000,5784.6000,5795.0000,1,2,1,2,3,1,3,1,1,2
SF,IC2106,2020-10-28 09:30:49.100,5766.8000,10137,0,31144280.000,0,-,-,-,-,5767.2000,5767.0000,5766.8000,5766.4000,5765.4000,5771.0000,5779.8000,5784.6000,5795.0000,5798.8000,2,1,2,1,2,3,1,1,2,1
SF,IC2106,2020-10-28 09:30:49.600,5766.8000,10137,0,31144280.000,0,-,-,-,-,5768.0000,5767.4000,5767.2000,5766.8000,5765.4000,5771.0000,5779.8000,5784.6000,5795.0000,5798.8000,5,1,4,2,1,3,1,1,2,1
SF,IC2106,2020-10-28 09:30:50.100,5766.8000,10137,0,31144280.000,0,-,-,-,-,5768.2000,5768.0000,5767.2000,5766.8000,5765.4000,5771.0000,5779.8000,5784.6000,5795.0000,5798.8000,1,1,4,2,1,3,1,1,2,1
SF,IC2106,2020-10-28 09:30:50.600,5771.0000,10137,0,33452680.000,2,1,1,多换,S,5768.2000,5768.0000,5767.2000,5766.8000,5765.4000,5771.0000,5779.8000,5784.6000,5795.0000,5798.8000,2,1,4,2,1,1,1,1,2,1
SF,IC2106,2020-10-28 09:30:51.100,5771.0000,10137,0,34606880.000,1,0,1,多换,S,5768.2000,5768.0000,5767.2000,5766.8000,5765.4000,5779.8000,5784.6000,5795.0000,5798.8000,5799.0000,2,1,4,2,1,1,1,2,1,10
SF,IC2106,2020-10-28 09:30:51.600,5771.0000,10137,0,34606880.000,0,-,-,-,-,5768.4000,5768.2000,5768.0000,5767.2000,5766.8000,5772.6000,5774.6000,5776.4000,5776.8000,5777.2000,1,2,1,4,2,1,1,3,1,1
SF,IC2106,2020-10-28 09:30:52.100,5771.0000,10137,0,34606880.000,0,-,-,-,-,5768.6000,5768.4000,5768.0000,5767.2000,5766.8000,5774.6000,5776.4000,5776.8000,5777.2000,5777.6000,1,1,1,3,2,1,2,1,1,1
SF,IC2106,2020-10-28 09:30:52.600,5771.0000,10137,0,34606880.000,0,-,-,-,-,5769.6000,5769.4000,5769.0000,5768.8000,5768.6000,5774.4000,5774.6000,5776.8000,5777.2000,5777.6000,1,1,1,3,2,1,1,1,1,1
SF,IC2106,2020-10-28 09:30:53.100,5771.0000,10137,0,34606880.000,0,-,-,-,-,5769.8000,5769.6000,5769.4000,5769.0000,5768.8000,5774.4000,5774.6000,5776.8000,5777.6000,5779.2000,2,1,1,1,3,1,1,1,1,1
SF,IC2106,2020-10-28 09:30:53.600,5771.0000,10137,0,34606880.000,0,-,-,-,-,5769.8000,5769.6000,5769.4000,5769.0000,5768.8000,5774.4000,5774.6000,5776.8000,5777.6000,5779.2000,1,1,1,1,3,1,1,1,1,1
SF,IC2106,2020-10-28 09:30:54.100,5771.0000,10137,0,34606880.000,0,-,-,-,-,5769.8000,5765.0000,5764.6000,5762.2000,5757.0000,5774.2000,5774.4000,5774.6000,5776.8000,5777.6000,1,1,1,1,1,1,1,1,1,1
SF,IC2106,2020-10-28 09:30:55.100,5771.0000,10137,0,34606880.000,0,-,-,-,-,5769.8000,5765.0000,5764.6000,5762.2000,5757.0000,5772.6000,5774.2000,5774.6000,5776.8000,5779.2000,1,1,1,1,1,1,1,1,1,1
SF,IC2106,2020-10-28 09:30:55.600,5771.0000,10137,0,34606880.000,0,-,-,-,-,5769.8000,5765.0000,5764.6000,5762.2000,5757.0000,5772.6000,5774.2000,5774.6000,5776.8000,5779.8000,1,1,1,1,1,1,1,1,1,1
SF,IC2106,2020-10-28 09:30:56.100,5771.0000,10137,0,34606880.000,0,-,-,-,-,5765.0000,5764.6000,5762.2000,5757.0000,5750.0000,5768.2000,5772.4000,5774.2000,5774.6000,5776.8000,1,1,1,1,3,1,2,1,1,1
SF,IC2106,2020-10-28 09:30:56.600,5768.2000,10136,-1,36914160.000,2,0,2,多平,S,5768.0000,5767.2000,5766.8000,5765.2000,5765.0000,5772.4000,5774.2000,5774.6000,5776.8000,5779.8000,5,1,1,1,1,1,1,1,1,1
SF,IC2106,2020-10-28 09:30:57.100,5768.2000,10136,0,36914160.000,0,-,-,-,-,5768.2000,5768.0000,5767.2000,5766.8000,5765.0000,5772.4000,5774.2000,5774.6000,5776.8000,5779.8000,2,5,1,1,1,1,1,1,1,1
SF,IC2106,2020-10-28 09:30:57.600,5768.2000,10136,0,36914160.000,0,-,-,-,-,5768.2000,5767.2000,5766.8000,5765.0000,5764.6000,5772.4000,5774.2000,5774.6000,5776.8000,5779.8000,1,1,1,1,1,1,1,1,1,1
SF,IC2106,2020-10-28 09:30:58.600,5768.2000,10136,0,36914160.000,0,-,-,-,-,5768.2000,5767.2000,5766.8000,5765.0000,5764.6000,5772.4000,5774.6000,5776.8000,5779.8000,5784.6000,1,1,1,1,1,1,1,1,1,1
SF,IC2106,2020-10-28 09:30:59.100,5768.2000,10136,0,36914160.000,0,-,-,-,-,5768.2000,5767.2000,5766.8000,5765.0000,5764.6000,5774.6000,5776.8000,5779.8000,5784.6000,5795.0000,1,1,1,1,1,1,1,1,1,2
SF,IC2106,2020-10-28 09:30:59.600,5768.2000,10136,0,36914160.000,0,-,-,-,-,5768.4000,5768.2000,5767.2000,5766.8000,5765.0000,5771.2000,5772.6000,5774.4000,5774.6000,5776.8000,3,1,1,1,1,1,1,2,1,1
SF,IC2106,2020-10-28 09:31:00.100,5768.2000,10136,0,36914160.000,0,-,-,-,-,5769.6000,5769.0000,5768.6000,5768.4000,5766.8000,5771.2000,5774.4000,5774.6000,5776.8000,5779.8000,1,1,1,3,1,1,1,1,1,1
SF,IC2106,2020-10-28 09:31:00.600,5768.2000,10136,0,36914160.000,0,-,-,-,-,5769.6000,5769.0000,5768.6000,5768.4000,5765.0000,5771.2000,5774.6000,5776.8000,5779.8000,5784.6000,1,1,1,3,1,1,1,1,1,1
SF,IC2106,2020-10-28 09:31:01.100,5771.2000,10136,0,38068400.000,1,0,1,多换,S,5771.2000,5769.8000,5769.6000,5769.0000,5768.6000,5774.6000,5776.8000,5779.8000,5784.6000,5795.0000,1,1,1,1,1,1,1,1,1,2
SF,IC2106,2020-10-28 09:31:01.600,5774.4000,10135,-1,39223280.000,1,0,1,双平,S,5771.4000,5771.2000,5769.8000,5769.6000,5769.0000,5774.4000,5774.6000,5776.8000,5779.8000,5784.6000,1,1,1,1,1,1,1,1,1,1
SF,IC2106,2020-10-28 09:31:02.100,5774.4000,10133,-2,41532440.000,2,0,2,双平,S,5771.6000,5771.2000,5769.6000,5769.0000,5768.4000,5779.8000,5784.6000,5795.0000,5798.8000,5800.0000,2,1,1,1,3,1,1,2,1,1
SF,IC2106,2020-10-28 09:31:02.600,5774.4000,10133,0,41532440.000,0,-,-,-,-,5772.0000,5771.8000,5771.6000,5771.2000,5768.4000,5777.2000,5779.2000,5779.6000,5779.8000,5784.6000,1,1,2,1,3,1,1,2,2,1
SF,IC2106,2020-10-28 09:31:03.100,5774.4000,10133,0,41532440.000,0,-,-,-,-,5772.8000,5772.6000,5772.2000,5772.0000,5771.8000,5779.6000,5779.8000,5784.6000,5795.0000,5798.8000,1,2,6,1,1,2,1,1,2,1
SF,IC2106,2020-10-28 09:31:03.600,5774.4000,10133,0,41532440.000,0,-,-,-,-,5773.6000,5773.0000,5772.8000,5772.6000,5772.2000,5779.6000,5779.8000,5784.6000,5795.0000,5798.8000,2,3,1,2,4,2,1,1,2,1
SF,IC2106,2020-10-28 09:31:04.100,5774.4000,10133,0,41532440.000,0,-,-,-,-,5774.4000,5773.8000,5773.6000,5773.0000,5772.6000,5779.6000,5779.8000,5784.6000,5795.0000,5798.8000,2,3,4,1,1,2,1,1,2,1
SF,IC2106,2020-10-28 09:31:04.600,5774.4000,10133,0,41532440.000,0,-,-,-,-,5774.6000,5773.6000,5773.0000,5772.6000,5772.2000,5779.6000,5779.8000,5784.6000,5795.0000,5798.8000,2,3,1,1,3,2,1,1,2,1
SF,IC2106,2020-10-28 09:31:05.100,5774.4000,10133,0,41532440.000,0,-,-,-,-,5774.6000,5773.6000,5773.0000,5772.6000,5772.2000,5777.2000,5779.6000,5779.8000,5784.6000,5795.0000,1,1,1,1,3,1,2,1,1,2
SF,IC2106,2020-10-28 09:31:05.600,5774.6000,10132,-1,42687360.000,1,0,1,双平,S,5768.4000,5767.0000,5765.0000,5764.6000,5762.2000,5777.0000,5777.2000,5779.4000,5779.6000,5779.8000,3,1,1,1,1,2,1,1,1,1
SF,IC2106,2020-10-28 09:31:06.100,5774.6000,10132,0,42687360.000,0,-,-,-,-,5772.0000,5771.2000,5770.8000,5769.6000,5768.6000,5777.0000,5777.2000,5779.4000,5779.6000,5779.8000,1,1,6,1,2,2,1,1,1,1
SF,IC2106,2020-10-28 09:31:06.600,5774.6000,10132,0,42687360.000,0,-,-,-,-,5772.8000,5772.6000,5772.2000,5772.0000,5770.8000,5777.0000,5777.2000,5779.4000,5779.6000,5779.8000,1,2,5,1,3,2,1,1,1,1
SF,IC2106,2020-10-28 09:31:07.100,5774.6000,10132,0,42687360.000,0,-,-,-,-,5773.6000,5773.0000,5772.8000,5772.6000,5772.2000,5777.0000,5779.6000,5779.8000,5784.6000,5795.0000,1,2,1,2,5,1,1,1,1,2
SF,IC2106,2020-10-28 09:31:07.600,5773.8000,10131,-1,43842120.000,1,0,1,双平,S,5773.6000,5773.0000,5772.8000,5772.6000,5772.2000,5777.0000,5779.6000,5779.8000,5784.6000,5795.0000,3,1,1,2,5,1,1,1,1,2
SF,IC2106,2020-10-28 09:31:08.100,5773.8000,10131,0,43842120.000,0,-,-,-,-,5773.8000,5773.6000,5773.0000,5772.8000,5772.6000,5777.0000,5779.6000,5779.8000,5784.6000,5795.0000,1,4,1,1,2,1,1,1,1,2
SF,IC2106,2020-10-28 09:31:08.600,5773.8000,10131,0,43842120.000,0,-,-,-,-,5773.8000,5773.6000,5773.0000,5772.8000,5772.6000,5776.8000,5777.0000,5779.6000,5779.8000,5784.6000,2,4,1,1,2,1,1,1,1,1
SF,IC2106,2020-10-28 09:31:09.100,5773.8000,10131,0,43842120.000,0,-,-,-,-,5774.4000,5773.8000,5773.6000,5773.0000,5772.6000,5776.6000,5776.8000,5779.6000,5779.8000,5784.6000,2,2,4,1,1,1,1,1,1,1
SF,IC2106,2020-10-28 09:31:09.600,5773.8000,10130,-1,44996880.000,1,0,1,双平,S,5773.8000,5773.6000,5773.0000,5772.6000,5772.2000,5776.6000,5776.8000,5779.6000,5779.8000,5784.6000,1,4,1,1,3,1,1,1,1,1
SF,IC2106,2020-10-28 09:31:10.100,5773.8000,10130,0,44996880.000,0,-,-,-,-,5773.8000,5773.6000,5773.0000,5772.6000,5772.2000,5776.4000,5776.6000,5779.6000,5779.8000,5784.6000,1,3,1,1,3,1,1,1,1,1
SF,IC2106,2020-10-28 09:31:10.600,5773.8000,10130,0,44996880.000,0,-,-,-,-,5773.8000,5773.6000,5773.0000,5772.6000,5772.2000,5776.2000,5776.4000,5779.6000,5779.8000,5784.6000,1,3,1,1,3,1,1,1,1,1
SF,IC2106,2020-10-28 09:31:11.100,5773.8000,10130,0,44996880.000,0,-,-,-,-,5773.8000,5773.0000,5772.6000,5772.2000,5772.0000,5776.0000,5776.2000,5779.6000,5779.8000,5784.6000,1,1,1,3,1,2,1,1,1,1
SF,IC2106,2020-10-28 09:31:11.600,5773.0000,10131,1,46151480.000,1,1,0,双开,S,5772.6000,5772.2000,5772.0000,5770.0000,5768.6000,5776.0000,5776.2000,5779.6000,5779.8000,5784.6000,1,3,1,1,1,2,1,1,1,1
SF,IC2106,2020-10-28 09:31:12.100,5773.0000,10131,0,46151480.000,0,-,-,-,-,5773.6000,5772.8000,5772.6000,5772.2000,5772.0000,5775.8000,5776.0000,5779.6000,5779.8000,5784.6000,2,2,2,3,1,1,2,1,1,1
SF,IC2106,2020-10-28 09:31:12.600,5773.0000,10131,0,46151480.000,0,-,-,-,-,5772.8000,5772.6000,5772.2000,5772.0000,5770.0000,5775.6000,5775.8000,5776.0000,5779.6000,5779.8000,2,2,3,1,1,1,1,1,1,1
SF,IC2106,2020-10-28 09:31:13.100,5773.0000,10131,0,46151480.000,0,-,-,-,-,5772.8000,5772.6000,5772.2000,5772.0000,5770.0000,5775.4000,5775.6000,5776.0000,5779.6000,5779.8000,1,1,3,1,1,1,1,2,1,1
SF,IC2106,2020-10-28 09:31:13.600,5773.0000,10131,0,46151480.000,0,-,-,-,-,5772.0000,5770.0000,5768.6000,5768.4000,5768.0000,5775.2000,5775.4000,5776.0000,5779.6000,5779.8000,1,1,1,3,2,2,1,2,1,1
SF,IC2106,2020-10-28 09:31:14.100,5773.0000,10131,0,46151480.000,0,-,-,-,-,5773.0000,5770.0000,5768.6000,5768.4000,5768.0000,5775.0000,5775.2000,5776.0000,5779.6000,5779.8000,1,1,1,3,2,1,2,2,1,1
SF,IC2106,2020-10-28 09:31:14.600,5773.0000,10131,0,46151480.000,0,-,-,-,-,5773.0000,5770.0000,5768.6000,5768.4000,5768.0000,5774.8000,5775.2000,5776.0000,5779.6000,5779.8000,1,1,1,3,2,1,1,2,1,1
SF,IC2106,2020-10-28 09:31:15.600,5773.0000,10131,0,46151480.000,0,-,-,-,-,5773.2000,5773.0000,5770.0000,5768.6000,5768.4000,5774.8000,5776.0000,5779.6000,5779.8000,5784.6000,1,1,1,1,3,1,2,1,1,1
SF,IC2106,2020-10-28 09:31:16.100,5774.8000,10130,-1,47306440.000,1,0,1,双平,S,5773.2000,5773.0000,5770.0000,5768.6000,5768.4000,5776.0000,5779.6000,5779.8000,5784.6000,5795.0000,1,1,1,1,3,2,1,1,1,2
SF,IC2106,2020-10-28 09:31:16.600,5774.8000,10130,0,47306440.000,0,-,-,-,-,5773.2000,5773.0000,5770.0000,5768.6000,5768.4000,5775.8000,5776.0000,5779.6000,5779.8000,5784.6000,1,1,1,1,3,2,2,1,1,1
SF,IC2106,2020-10-28 09:31:18.100,5774.8000,10130,0,47306440.000,0,-,-,-,-,5773.0000,5770.0000,5768.6000,5768.4000,5768.0000,5775.8000,5776.0000,5779.6000,5779.8000,5784.6000,1,1,1,3,2,2,2,1,1,1
SF,IC2106,2020-10-28 09:31:18.600,5774.8000,10130,0,47306440.000,0,-,-,-,-,5773.0000,5770.0000,5768.6000,5768.4000,5768.0000,5775.8000,5776.0000,5779.6000,5779.8000,5784.6000,1,1,1,3,2,2,2,1,1,1
SF,IC2106,2020-10-28 09:31:19.600,5774.8000,10130,0,47306440.000,0,-,-,-,-,5773.6000,5773.2000,5773.0000,5770.0000,5768.6000,5775.8000,5776.0000,5779.6000,5779.8000,5784.6000,1,2,1,1,1,2,2,1,1,1
SF,IC2106,2020-10-28 09:31:20.100,5774.8000,10130,0,47306440.000,0,-,-,-,-,5773.8000,5773.6000,5773.2000,5773.0000,5770.0000,5775.8000,5776.0000,5779.6000,5779.8000,5784.6000,1,3,2,1,1,1,2,1,1,1
SF,IC2106,2020-10-28 09:31:20.600,5774.8000,10130,0,47306440.000,0,-,-,-,-,5773.8000,5773.6000,5773.2000,5773.0000,5770.0000,5776.0000,5779.6000,5779.8000,5784.6000,5795.0000,1,3,2,1,1,2,1,1,1,2
SF,IC2106,2020-10-28 09:31:21.100,5774.8000,10130,0,47306440.000,0,-,-,-,-,5773.6000,5773.2000,5773.0000,5770.0000,5768.6000,5775.8000,5776.0000,5779.6000,5779.8000,5784.6000,3,2,1,1,1,1,2,1,1,1
SF,IC2106,2020-10-28 09:31:21.600,5774.8000,10130,0,47306440.000,0,-,-,-,-,5773.6000,5773.2000,5773.0000,5770.0000,5768.6000,5775.8000,5776.0000,5779.6000,5779.8000,5784.6000,4,2,1,1,1,1,2,1,1,1
SF,IC2106,2020-10-28 09:31:22.100,5774.8000,10130,0,47306440.000,0,-,-,-,-,5773.6000,5773.2000,5773.0000,5770.0000,5768.6000,5775.8000,5776.0000,5779.6000,5779.8000,5784.6000,3,2,1,1,1,1,2,1,1,1
SF,IC2106,2020-10-28 09:31:22.600,5774.8000,10130,0,47306440.000,0,-,-,-,-,5773.0000,5770.0000,5768.6000,5768.4000,5768.0000,5775.8000,5776.0000,5779.6000,5779.8000,5784.6000,1,1,1,3,2,1,2,1,1,1
SF,IC2106,2020-10-28 09:31:23.100,5774.8000,10130,0,47306440.000,0,-,-,-,-,5773.2000,5773.0000,5770.0000,5768.6000,5768.4000,5775.6000,5775.8000,5776.0000,5779.6000,5779.8000,1,1,1,1,3,1,1,2,1,1
SF,IC2106,2020-10-28 09:31:23.600,5774.8000,10130,0,47306440.000,0,-,-,-,-,5773.2000,5773.0000,5770.0000,5768.6000,5768.4000,5775.4000,5775.6000,5776.0000,5779.6000,5779.8000,1,1,1,1,3,1,1,2,1,1
SF,IC2106,2020-10-28 09:31:24.100,5774.8000,10130,0,47306440.000,0,-,-,-,-,5773.0000,5770.0000,5768.6000,5768.4000,5768.0000,5775.4000,5775.6000,5776.0000,5779.6000,5779.8000,1,1,1,3,2,1,1,2,1,1
SF,IC2106,2020-10-28 09:31:24.600,5774.8000,10130,0,47306440.000,0,-,-,-,-,5774.4000,5773.6000,5773.2000,5773.0000,5770.0000,5775.4000,5775.6000,5776.0000,5779.6000,5779.8000,2,4,1,1,1,1,1,2,1,1
SF,IC2106,2020-10-28 09:31:25.100,5774.4000,10128,-2,49616200.000,2,0,2,双平,S,5773.2000,5773.0000,5770.0000,5768.6000,5768.4000,5774.0000,5775.4000,5776.0000,5779.6000,5779.8000,1,1,1,1,3,1,1,2,1,1
SF,IC2106,2020-10-28 09:31:25.600,5774.4000,10128,0,49616200.000,0,-,-,-,-,5773.0000,5770.0000,5768.6000,5768.4000,5768.0000,5774.0000,5775.4000,5776.0000,5779.6000,5779.8000,1,1,1,3,2,1,1,2,1,1
SF,IC2106,2020-10-28 09:31:26.100,5773.0000,10127,-1,50770800.000,1,0,1,双平,S,5770.0000,5768.6000,5768.4000,5768.0000,5767.0000,5773.8000,5776.0000,5779.6000,5779.8000,5784.6000,1,1,3,2,1,1,2,1,1,1
SF,IC2106,2020-10-28 09:31:26.600,5773.0000,10127,0,50770800.000,0,-,-,-,-,5772.0000,5770.8000,5770.2000,5770.0000,5768.6000,5773.6000,5773.8000,5776.0000,5779.6000,5779.8000,1,5,5,1,1,1,1,2,1,1
SF,IC2106,2020-10-28 09:31:27.100,5773.0000,10127,0,50770800.000,0,-,-,-,-,5770.8000,5770.2000,5770.0000,5768.6000,5768.4000,5773.4000,5773.6000,5776.0000,5779.6000,5779.8000,5,5,1,1,3,1,1,2,1,1
SF,IC2106,2020-10-28 09:31:27.600,5773.0000,10127,0,50770800.000,0,-,-,-,-,5771.0000,5770.8000,5770.2000,5770.0000,5768.6000,5771.8000,5773.2000,5773.6000,5776.0000,5779.6000,4,5,4,1,1,2,1,1,2,1
SF,IC2106,2020-10-28 09:31:28.100,5773.0000,10127,0,50770800.000,0,-,-,-,-,5771.0000,5770.8000,5770.2000,5770.0000,5768.6000,5773.2000,5773.6000,5776.0000,5779.6000,5779.8000,5,5,4,1,1,1,1,2,1,1
SF,IC2106,2020-10-28 09:31:28.600,5773.0000,10127,0,51925400.000,1,0,1,多换,S,5772.0000,5771.0000,5770.8000,5770.2000,5770.0000,5773.2000,5773.6000,5776.0000,5779.6000,5779.8000,2,1,2,4,1,1,1,2,1,1
SF,IC2106,2020-10-28 09:31:29.100,5773.0000,10127,0,51925400.000,0,-,-,-,-,5773.2000,5771.0000,5770.8000,5770.2000,5770.0000,5773.6000,5776.0000,5779.6000,5779.8000,5784.6000,1,1,2,3,1,1,2,1,1,1
SF,IC2106,2020-10-28 09:31:29.600,5773.2000,10126,-1,53080040.000,1,0,1,双平,S,5770.0000,5768.0000,5767.0000,5765.0000,5764.6000,5773.0000,5773.2000,5773.6000,5776.0000,5779.8000,1,2,1,1,1,1,1,1,2,1
SF,IC2106,2020-10-28 09:31:30.100,5773.2000,10126,0,53080040.000,0,-,-,-,-,5770.0000,5768.0000,5767.0000,5765.0000,5764.6000,5772.8000,5773.0000,5773.2000,5773.6000,5776.0000,1,2,1,1,1,2,1,1,1,2
SF,IC2106,2020-10-28 09:31:31.100,5773.2000,10126,0,53080040.000,0,-,-,-,-,5770.0000,5768.0000,5767.0000,5765.0000,5764.6000,5772.8000,5773.0000,5773.2000,5773.6000,5775.0000,1,2,1,1,1,2,1,1,1,1
SF,IC2106,2020-10-28 09:31:31.600,5770.0000,10125,-1,54234040.000,1,0,1,双平,S,5768.0000,5767.0000,5765.0000,5764.6000,5762.2000,5772.6000,5772.8000,5773.0000,5773.2000,5773.6000,2,1,1,1,1,1,2,1,1,1
SF,IC2106,2020-10-28 09:31:32.100,5770.0000,10125,0,54234040.000,0,-,-,-,-,5768.2000,5768.0000,5767.0000,5765.0000,5764.6000,5772.4000,5772.6000,5773.0000,5773.2000,5773.6000,3,6,1,1,1,2,1,1,1,1
SF,IC2106,2020-10-28 09:31:32.600,5770.0000,10125,0,54234040.000,0,-,-,-,-,5768.2000,5768.0000,5767.0000,5765.0000,5764.6000,5772.0000,5772.4000,5772.6000,5773.0000,5773.2000,3,6,1,1,1,1,2,1,1,1
SF,IC2106,2020-10-28 09:31:33.100,5770.0000,10125,0,54234040.000,0,-,-,-,-,5768.2000,5768.0000,5767.0000,5765.0000,5764.6000,5771.8000,5772.6000,5773.0000,5773.2000,5773.6000,3,6,1,1,1,2,1,1,1,1
SF,IC2106,2020-10-28 09:31:33.600,5770.0000,10125,0,54234040.000,0,-,-,-,-,5768.4000,5768.2000,5768.0000,5767.0000,5765.0000,5771.8000,5772.6000,5773.2000,5773.6000,5775.0000,1,3,6,1,1,2,1,1,1,1
SF,IC2106,2020-10-28 09:31:34.100,5770.0000,10125,0,54234040.000,0,-,-,-,-,5768.6000,5768.4000,5768.0000,5767.0000,5765.0000,5771.8000,5773.2000,5773.6000,5775.0000,5776.0000,1,1,2,1,1,2,1,1,1,2
SF,IC2106,2020-10-28 09:31:34.600,5770.0000,10125,0,54234040.000,0,-,-,-,-,5768.6000,5768.0000,5767.0000,5765.0000,5764.6000,5771.8000,5773.2000,5773.6000,5775.0000,5776.0000,1,2,1,1,1,2,1,1,1,2
SF,IC2106,2020-10-28 09:31:35.600,5770.0000,10125,0,54234040.000,0,-,-,-,-,5768.6000,5768.0000,5767.0000,5765.0000,5764.6000,5771.2000,5771.8000,5773.2000,5773.6000,5775.0000,1,2,1,1,1,1,2,1,1,1
SF,IC2106,2020-10-28 09:31:36.100,5770.0000,10125,0,54234040.000,0,-,-,-,-,5768.6000,5768.0000,5767.0000,5765.0000,5764.6000,5771.0000,5773.2000,5773.6000,5775.0000,5776.0000,1,2,1,1,1,2,1,1,1,2
SF,IC2106,2020-10-28 09:31:37.600,5768.6000,10125,0,57696160.000,3,1,2,多换,S,5768.0000,5767.0000,5765.0000,5764.6000,5762.2000,5773.2000,5775.0000,5776.0000,5779.8000,5784.6000,2,1,1,1,1,1,1,2,1,1
SF,IC2106,2020-10-28 09:31:38.100,5768.6000,10125,0,57696160.000,0,-,-,-,-,5768.2000,5768.0000,5767.0000,5765.0000,5764.6000,5772.0000,5772.6000,5772.8000,5773.0000,5773.2000,1,3,1,1,1,1,1,1,3,1
SF,IC2106,2020-10-28 09:31:38.600,5768.6000,10125,0,57696160.000,0,-,-,-,-,5768.2000,5768.0000,5767.0000,5765.0000,5764.6000,5771.8000,5772.0000,5772.6000,5772.8000,5773.0000,1,2,1,1,1,2,1,1,1,1
SF,IC2106,2020-10-28 09:31:39.100,5768.6000,10125,0,57696160.000,0,-,-,-,-,5768.2000,5768.0000,5767.0000,5765.0000,5764.6000,5770.8000,5771.2000,5771.8000,5772.0000,5773.0000,1,2,1,1,1,1,1,2,1,1
SF,IC2106,2020-10-28 09:31:39.600,5768.6000,10125,0,57696160.000,0,-,-,-,-,5768.0000,5767.0000,5765.0000,5764.6000,5762.2000,5770.6000,5770.8000,5771.2000,5772.0000,5773.0000,2,1,1,1,1,2,1,1,1,1
SF,IC2106,2020-10-28 09:31:40.100,5768.0000,10125,0,60003360.000,2,1,1,多换,S,5767.0000,5765.0000,5764.6000,5762.2000,5757.0000,5770.4000,5770.6000,5770.8000,5771.2000,5772.0000,1,1,1,1,1,1,2,1,1,1
SF,IC2106,2020-10-28 09:31:40.600,5767.0000,10124,-1,61156760.000,1,0,1,双平,S,5765.0000,5764.6000,5762.2000,5757.0000,5750.0000,5769.4000,5769.6000,5770.2000,5770.4000,5770.8000,1,1,1,1,3,1,1,2,1,1
SF,IC2106,2020-10-28 09:31:41.100,5767.0000,10124,0,61156760.000,0,-,-,-,-,5765.2000,5765.0000,5764.6000,5762.2000,5757.0000,5769.0000,5769.2000,5769.4000,5769.6000,5770.4000,1,1,1,1,1,1,2,1,1,1
SF,IC2106,2020-10-28 09:31:41.600,5767.0000,10124,0,61156760.000,0,-,-,-,-,5765.4000,5765.2000,5765.0000,5764.6000,5762.2000,5768.8000,5769.0000,5769.2000,5769.4000,5769.6000,1,1,1,1,1,2,1,2,1,1
SF,IC2106,2020-10-28 09:31:42.100,5767.0000,10124,0,61156760.000,0,-,-,-,-,5765.6000,5765.4000,5765.0000,5764.6000,5762.2000,5768.8000,5769.0000,5769.2000,5769.4000,5769.6000,2,1,1,1,1,1,1,2,1,1
SF,IC2106,2020-10-28 09:31:42.600,5767.0000,10124,0,61156760.000,0,-,-,-,-,5765.6000,5765.4000,5765.0000,5764.6000,5762.2000,5768.8000,5769.0000,5769.2000,5769.4000,5769.6000,1,1,1,1,1,1,1,2,1,1
SF,IC2106,2020-10-28 09:31:43.600,5767.0000,10124,0,61156760.000,0,-,-,-,-,5765.6000,5765.4000,5765.0000,5764.6000,5762.2000,5768.8000,5769.2000,5773.2000,5775.0000,5776.0000,1,1,1,1,1,1,2,1,1,2
SF,IC2106,2020-10-28 09:31:44.100,5767.0000,10124,0,61156760.000,0,-,-,-,-,5765.8000,5765.6000,5765.4000,5765.0000,5764.6000,5768.8000,5769.2000,5773.2000,5775.0000,5776.0000,1,1,1,1,1,1,2,1,1,2
SF,IC2106,2020-10-28 09:31:44.600,5767.0000,10124,0,61156760.000,0,-,-,-,-,5766.0000,5765.8000,5765.4000,5765.0000,5764.6000,5768.8000,5769.2000,5773.2000,5775.0000,5776.0000,1,1,1,1,1,1,2,1,1,2
SF,IC2106,2020-10-28 09:31:45.100,5767.0000,10124,0,61156760.000,0,-,-,-,-,5766.0000,5765.8000,5765.4000,5765.0000,5764.6000,5768.0000,5768.8000,5769.2000,5773.2000,5775.0000,1,1,1,1,1,1,1,2,1,1
SF,IC2106,2020-10-28 09:31:45.600,5767.0000,10124,0,61156760.000,0,-,-,-,-,5766.0000,5765.8000,5765.4000,5765.0000,5764.6000,5768.0000,5768.8000,5769.2000,5773.2000,5775.0000,1,1,1,1,1,2,1,2,1,1
SF,IC2106,2020-10-28 09:31:46.100,5769.2000,10127,3,65771560.000,4,3,1,空开,S,5766.0000,5765.8000,5765.0000,5764.6000,5762.2000,5769.2000,5773.2000,5775.0000,5776.0000,5779.8000,1,1,1,1,1,1,1,1,2,1
SF,IC2106,2020-10-28 09:31:46.600,5769.2000,10127,0,65771560.000,0,-,-,-,-,5766.2000,5766.0000,5765.0000,5764.6000,5762.2000,5769.0000,5769.2000,5773.2000,5775.0000,5776.0000,1,1,1,1,1,2,1,1,1,2
SF,IC2106,2020-10-28 09:31:47.600,5766.0000,10125,-2,68078000.000,2,0,2,双平,S,5766.4000,5765.0000,5764.6000,5762.2000,5757.0000,5768.8000,5769.0000,5769.2000,5773.2000,5775.0000,1,1,1,1,1,2,2,1,1,1
SF,IC2106,2020-10-28 09:31:48.100,5766.4000,10124,-1,69231280.000,1,0,1,双平,S,5765.0000,5764.6000,5762.2000,5757.0000,5750.0000,5768.0000,5768.8000,5769.0000,5769.2000,5773.2000,1,1,1,1,3,1,2,1,1,1
SF,IC2106,2020-10-28 09:31:48.600,5766.4000,10124,0,69231280.000,0,-,-,-,-,5765.2000,5765.0000,5764.6000,5762.2000,5757.0000,5767.8000,5768.8000,5769.0000,5769.2000,5773.2000,1,1,1,1,1,2,1,1,1,1
SF,IC2106,2020-10-28 09:31:49.100,5766.4000,10124,0,69231280.000,0,-,-,-,-,5765.0000,5764.6000,5762.2000,5757.0000,5750.0000,5767.2000,5767.6000,5767.8000,5768.8000,5769.2000,1,1,1,1,3,1,1,2,2,1
SF,IC2106,2020-10-28 09:31:49.600,5765.0000,10124,0,70384280.000,1,0,1,多换,S,5764.6000,5762.2000,5757.0000,5750.0000,5748.0000,5766.8000,5767.0000,5767.2000,5767.6000,5767.8000,1,1,1,3,1,1,1,1,1,1
SF,IC2106,2020-10-28 09:31:50.100,5764.6000,10124,0,71537200.000,1,0,1,多换,S,5762.2000,5757.0000,5750.0000,5748.0000,5744.8000,5766.6000,5766.8000,5767.2000,5767.6000,5767.8000,1,1,3,1,1,2,1,1,1,1
SF,IC2106,2020-10-28 09:31:50.600,5764.6000,10124,0,71537200.000,0,-,-,-,-,5762.4000,5762.2000,5757.0000,5750.0000,5748.0000,5766.4000,5766.6000,5766.8000,5767.2000,5767.6000,4,1,1,3,1,2,2,1,1,1
SF,IC2106,2020-10-28 09:31:51.100,5764.6000,10124,0,71537200.000,0,-,-,-,-,5762.4000,5762.2000,5757.0000,5750.0000,5748.0000,5765.4000,5766.2000,5766.4000,5766.6000,5766.8000,1,1,1,3,1,1,1,2,1,1
SF,IC2106,2020-10-28 09:31:51.600,5764.6000,10124,0,71537200.000,0,-,-,-,-,5762.4000,5762.2000,5757.0000,5750.0000,5748.0000,5765.2000,5765.4000,5766.4000,5766.6000,5766.8000,1,1,1,3,1,2,1,1,1,1
SF,IC2106,2020-10-28 09:31:53.100,5764.6000,10124,0,71537200.000,0,-,-,-,-,5762.4000,5762.2000,5757.0000,5750.0000,5748.0000,5763.6000,5764.2000,5764.8000,5765.2000,5766.2000,1,1,1,3,1,1,1,1,2,1
SF,IC2106,2020-10-28 09:31:53.600,5764.6000,10124,0,71537200.000,0,-,-,-,-,5762.4000,5762.2000,5757.0000,5756.2000,5750.0000,5765.2000,5766.2000,5766.6000,5767.6000,5768.8000,1,1,1,1,3,2,1,1,1,4
SF,IC2106,2020-10-28 09:31:54.100,5764.6000,10124,0,71537200.000,0,-,-,-,-,5762.2000,5757.0000,5756.2000,5750.0000,5748.0000,5765.2000,5766.2000,5766.6000,5767.6000,5768.8000,1,1,1,3,1,2,1,1,1,4
SF,IC2106,2020-10-28 09:31:54.600,5764.6000,10124,0,71537200.000,0,-,-,-,-,5762.2000,5757.0000,5756.2000,5750.0000,5748.0000,5764.2000,5764.4000,5764.8000,5765.2000,5766.2000,1,1,1,3,1,1,1,1,2,1
SF,IC2106,2020-10-28 09:31:55.100,5762.2000,10123,-1,72689640.000,1,0,1,双平,S,5757.0000,5756.2000,5750.0000,5748.0000,5744.8000,5763.6000,5764.0000,5764.2000,5764.4000,5764.8000,1,1,3,1,1,1,1,1,1,1
SF,IC2106,2020-10-28 09:31:55.600,5762.2000,10123,0,72689640.000,0,-,-,-,-,5759.6000,5759.0000,5758.2000,5757.6000,5757.2000,5763.4000,5763.6000,5764.2000,5764.4000,5764.8000,3,1,2,1,2,3,1,1,1,1
SF,IC2106,2020-10-28 09:31:56.100,5762.2000,10123,0,72689640.000,0,-,-,-,-,5759.8000,5759.6000,5759.0000,5758.2000,5757.6000,5763.4000,5763.6000,5764.2000,5764.4000,5764.8000,4,4,1,1,1,3,1,1,1,1
SF,IC2106,2020-10-28 09:31:56.600,5762.2000,10123,0,72689640.000,0,-,-,-,-,5759.8000,5759.6000,5759.0000,5758.2000,5757.6000,5763.4000,5763.6000,5764.2000,5764.4000,5764.8000,4,4,1,1,1,2,1,1,1,1
SF,IC2106,2020-10-28 09:31:57.100,5762.2000,10123,0,72689640.000,0,-,-,-,-,5759.8000,5758.2000,5757.2000,5757.0000,5756.2000,5763.2000,5763.4000,5764.2000,5764.4000,5764.8000,1,1,1,1,1,1,2,1,1,1
SF,IC2106,2020-10-28 09:31:57.600,5762.2000,10123,0,72689640.000,0,-,-,-,-,5760.0000,5759.8000,5758.2000,5757.2000,5757.0000,5763.0000,5763.4000,5764.2000,5764.4000,5764.8000,1,1,1,1,1,1,1,1,1,1
SF,IC2106,2020-10-28 09:31:58.100,5763.0000,10122,-1,73842240.000,1,0,1,双平,S,5760.2000,5760.0000,5757.2000,5757.0000,5756.2000,5763.4000,5764.2000,5764.4000,5764.8000,5766.2000,2,2,1,1,1,1,1,1,1,1
SF,IC2106,2020-10-28 09:31:58.600,5763.4000,10121,-1,74994920.000,1,0,1,双平,S,5760.4000,5760.2000,5760.0000,5757.2000,5757.0000,5764.4000,5764.8000,5766.2000,5766.6000,5767.6000,1,2,2,1,1,1,1,1,1,1
SF,IC2106,2020-10-28 09:31:59.100,5763.4000,10121,0,74994920.000,0,-,-,-,-,5761.0000,5760.6000,5760.4000,5760.0000,5757.2000,5764.4000,5766.2000,5767.6000,5768.8000,5769.2000,1,2,1,2,1,1,1,1,3,1
SF,IC2106,2020-10-28 09:31:59.600,5763.4000,10121,0,74994920.000,0,-,-,-,-,5761.8000,5761.6000,5761.2000,5761.0000,5760.6000,5764.4000,5766.2000,5767.6000,5768.8000,5769.2000,1,1,4,1,1,1,1,1,3,1
SF,IC2106,2020-10-28 09:32:00.100,5763.4000,10121,0,74994920.000,0,-,-,-,-,5762.0000,5761.8000,5761.6000,5761.2000,5761.0000,5764.4000,5766.2000,5767.6000,5768.8000,5769.2000,4,1,1,2,1,1,1,1,3,1
SF,IC2106,2020-10-28 09:32:00.600,5763.4000,10121,0,74994920.000,0,-,-,-,-,5762.4000,5762.0000,5761.8000,5761.6000,5761.2000,5764.4000,5766.2000,5767.6000,5768.8000,5769.2000,2,4,1,1,2,2,1,1,3,1
SF,IC2106,2020-10-28 09:32:01.100,5763.4000,10121,0,74994920.000,0,-,-,-,-,5762.4000,5762.0000,5761.6000,5761.2000,5761.0000,5764.2000,5764.4000,5766.2000,5767.6000,5768.8000,2,4,1,2,1,1,2,1,1,3
SF,IC2106,2020-10-28 09:32:01.600,5764.2000,10120,-1,76147760.000,1,0,1,双平,S,5762.6000,5762.4000,5762.0000,5761.6000,5761.2000,5764.4000,5766.2000,5768.8000,5769.2000,5775.0000,3,4,4,1,2,2,1,3,1,1
SF,IC2106,2020-10-28 09:32:02.100,5764.4000,10118,-2,78453520.000,2,0,2,双平,S,5762.8000,5762.6000,5762.4000,5762.0000,5761.6000,5764.2000,5766.2000,5768.8000,5769.2000,5775.0000,1,3,2,3,1,1,1,3,1,1
SF,IC2106,2020-10-28 09:32:02.600,5764.2000,10118,0,79606360.000,1,0,1,多换,S,5764.8000,5763.0000,5762.6000,5762.4000,5762.0000,5766.2000,5768.8000,5769.2000,5775.0000,5776.0000,2,3,3,2,3,1,3,1,1,2
SF,IC2106,2020-10-28 09:32:03.100,5766.2000,10118,0,80759600.000,1,0,1,多换,S,5766.4000,5765.0000,5764.8000,5763.0000,5762.6000,5768.8000,5769.2000,5775.0000,5776.0000,5779.8000,1,1,2,3,3,3,1,1,2,1
SF,IC2106,2020-10-28 09:32:03.600,5768.8000,10118,0,83067080.000,2,1,1,多换,S,5766.4000,5764.8000,5762.6000,5762.4000,5762.0000,5768.8000,5769.2000,5775.0000,5776.0000,5779.8000,1,2,1,2,1,2,1,1,2,1
SF,IC2106,2020-10-28 09:32:04.100,5768.8000,10118,0,83067080.000,0,-,-,-,-,5766.4000,5764.8000,5762.6000,5762.4000,5762.0000,5768.6000,5768.8000,5769.2000,5775.0000,5776.0000,1,2,1,2,1,1,2,1,1,2
SF,IC2106,2020-10-28 09:32:04.600,5768.8000,10118,0,83067080.000,0,-,-,-,-,5766.4000,5764.8000,5762.6000,5762.4000,5762.0000,5768.6000,5768.8000,5769.2000,5775.0000,5776.0000,1,2,1,2,1,1,2,1,1,2
SF,IC2106,2020-10-28 09:32:07.600,5768.8000,10118,0,83067080.000,0,-,-,-,-,5766.4000,5764.8000,5762.6000,5762.0000,5757.0000,5768.0000,5768.6000,5768.8000,5769.2000,5775.0000,1,2,1,1,1,2,1,2,1,1
SF,IC2106,2020-10-28 09:32:10.100,5768.8000,10118,0,83067080.000,0,-,-,-,-,5764.8000,5762.6000,5762.0000,5757.0000,5756.2000,5766.4000,5768.0000,5768.6000,5768.8000,5769.2000,2,1,1,1,1,1,2,1,2,1
SF,IC2106,2020-10-28 09:32:10.600,5766.4000,10117,-1,84220360.000,1,0,1,双平,S,5765.2000,5765.0000,5764.8000,5762.6000,5762.0000,5768.0000,5768.6000,5768.8000,5769.2000,5775.0000,4,4,2,1,1,2,1,2,1,2
SF,IC2106,2020-10-28 09:32:11.100,5766.4000,10117,0,84220360.000,0,-,-,-,-,5765.4000,5765.0000,5764.8000,5762.6000,5757.0000,5767.8000,5768.0000,5768.8000,5769.2000,5775.0000,1,1,2,1,1,2,2,2,1,2
SF,IC2106,2020-10-28 09:32:12.100,5766.4000,10117,0,84220360.000,0,-,-,-,-,5765.6000,5765.4000,5765.0000,5764.8000,5762.6000,5767.8000,5768.0000,5768.8000,5769.2000,5775.0000,1,1,1,2,1,1,2,2,1,2
SF,IC2106,2020-10-28 09:32:12.600,5766.4000,10117,0,84220360.000,0,-,-,-,-,5765.8000,5765.6000,5765.4000,5764.8000,5762.6000,5768.0000,5768.8000,5769.2000,5775.0000,5776.0000,1,1,1,2,1,2,2,1,2,2
SF,IC2106,2020-10-28 09:32:13.100,5766.4000,10117,0,84220360.000,0,-,-,-,-,5766.0000,5765.8000,5765.6000,5765.4000,5764.8000,5768.0000,5768.8000,5769.2000,5775.0000,5776.0000,3,1,1,1,2,2,2,1,2,2
SF,IC2106,2020-10-28 09:32:13.600,5766.4000,10117,0,84220360.000,0,-,-,-,-,5765.8000,5765.4000,5764.8000,5762.6000,5757.0000,5768.0000,5768.8000,5769.2000,5775.0000,5776.0000,1,1,2,1,1,2,2,1,2,2
SF,IC2106,2020-10-28 09:32:14.100,5766.4000,10117,0,84220360.000,0,-,-,-,-,5765.4000,5764.8000,5762.6000,5757.0000,5756.2000,5767.8000,5768.0000,5768.8000,5769.2000,5775.0000,1,2,1,1,1,1,2,2,1,2
SF,IC2106,2020-10-28 09:32:16.100,5766.4000,10117,0,84220360.000,0,-,-,-,-,5765.4000,5764.8000,5762.6000,5757.0000,5756.2000,5766.4000,5766.8000,5767.2000,5767.8000,5768.0000,1,2,1,1,1,1,1,1,1,2
SF,IC2106,2020-10-28 09:32:16.600,5766.4000,10117,0,84220360.000,0,-,-,-,-,5764.8000,5757.0000,5756.2000,5750.0000,5748.0000,5767.8000,5768.0000,5768.8000,5769.2000,5775.0000,2,1,1,3,1,1,2,2,1,2
SF,IC2106,2020-10-28 09:32:17.100,5766.4000,10117,0,84220360.000,0,-,-,-,-,5765.0000,5757.0000,5756.2000,5750.0000,5748.0000,5767.2000,5767.6000,5767.8000,5768.0000,5768.8000,1,1,1,3,1,1,1,1,2,2
SF,IC2106,2020-10-28 09:32:17.600,5765.0000,10116,-1,85373360.000,1,0,1,双平,S,5757.0000,5756.2000,5750.0000,5748.0000,5744.8000,5765.0000,5766.8000,5767.2000,5767.6000,5768.0000,1,1,3,1,1,2,1,1,1,2
SF,IC2106,2020-10-28 09:32:18.100,5765.0000,10116,0,85373360.000,0,-,-,-,-,5761.6000,5761.0000,5760.0000,5759.6000,5757.2000,5764.8000,5765.0000,5766.8000,5767.2000,5768.0000,1,1,2,3,3,2,2,1,1,2
SF,IC2106,2020-10-28 09:32:18.600,5765.0000,10116,0,85373360.000,0,-,-,-,-,5761.8000,5760.0000,5759.6000,5757.2000,5757.0000,5764.2000,5764.6000,5764.8000,5765.0000,5768.0000,3,1,3,2,1,1,1,3,2,2
SF,IC2106,2020-10-28 09:32:19.100,5761.8000,10114,-2,87678080.000,2,0,2,双平,S,5759.6000,5757.2000,5757.0000,5756.2000,5753.6000,5763.6000,5764.0000,5764.2000,5764.8000,5765.0000,3,2,1,1,5,1,1,1,3,2
SF,IC2106,2020-10-28 09:32:19.600,5761.8000,10114,0,87678080.000,0,-,-,-,-,5759.8000,5757.2000,5757.0000,5756.2000,5753.6000,5763.2000,5763.4000,5763.6000,5764.2000,5764.8000,1,2,1,1,5,1,2,1,1,1
SF,IC2106,2020-10-28 09:32:20.100,5759.8000,10113,-1,88830040.000,1,0,1,双平,S,5757.2000,5757.0000,5756.2000,5750.0000,5748.0000,5763.0000,5763.2000,5763.6000,5764.2000,5764.8000,2,1,1,3,1,2,1,1,1,1
SF,IC2106,2020-10-28 09:32:20.600,5759.8000,10113,0,88830040.000,0,-,-,-,-,5757.4000,5757.0000,5756.2000,5750.0000,5748.0000,5762.8000,5763.0000,5763.2000,5763.6000,5764.2000,1,1,1,3,1,1,2,1,1,1
SF,IC2106,2020-10-28 09:32:21.100,5759.8000,10113,0,88830040.000,0,-,-,-,-,5757.6000,5757.4000,5757.0000,5756.2000,5750.0000,5762.6000,5762.8000,5763.2000,5763.6000,5764.2000,1,1,1,1,3,2,1,1,1,1
SF,IC2106,2020-10-28 09:32:21.600,5759.8000,10113,0,88830040.000,0,-,-,-,-,5759.0000,5758.2000,5757.8000,5757.6000,5757.0000,5762.6000,5763.2000,5763.6000,5764.2000,5768.0000,1,2,2,2,1,2,1,1,1,2
SF,IC2106,2020-10-28 09:32:22.100,5762.6000,10112,-1,89982560.000,1,0,1,双平,S,5759.2000,5759.0000,5758.2000,5758.0000,5757.8000,5762.6000,5763.6000,5764.2000,5768.0000,5768.8000,2,1,2,1,1,1,1,1,2,2
SF,IC2106,2020-10-28 09:32:22.600,5762.6000,10111,-1,91135080.000,1,0,1,双平,S,5760.0000,5759.6000,5759.4000,5759.2000,5759.0000,5768.0000,5768.8000,5769.2000,5775.0000,5776.0000,1,5,1,1,1,2,2,1,2,2
SF,IC2106,2020-10-28 09:32:23.100,5762.6000,10111,0,91135080.000,0,-,-,-,-,5760.6000,5760.2000,5760.0000,5759.6000,5759.2000,5765.4000,5766.4000,5766.8000,5767.8000,5768.0000,2,6,1,4,1,1,1,1,4,2
SF,IC2106,2020-10-28 09:32:23.600,5762.6000,10111,0,91135080.000,0,-,-,-,-,5760.8000,5760.6000,5760.2000,5760.0000,5759.6000,5765.2000,5765.4000,5766.4000,5766.8000,5768.0000,4,2,4,1,4,1,1,1,1,2
SF,IC2106,2020-10-28 09:32:24.100,5762.6000,10111,0,91135080.000,0,-,-,-,-,5761.6000,5761.0000,5760.8000,5760.6000,5760.2000,5765.2000,5765.4000,5766.4000,5766.8000,5768.0000,1,3,4,2,4,1,1,1,1,2
SF,IC2106,2020-10-28 09:32:24.600,5762.6000,10111,0,91135080.000,0,-,-,-,-,5761.8000,5761.0000,5760.8000,5760.6000,5760.2000,5765.2000,5765.4000,5766.4000,5766.8000,5768.0000,3,2,2,2,4,1,1,1,1,2
SF,IC2106,2020-10-28 09:32:25.100,5762.6000,10111,0,91135080.000,0,-,-,-,-,5762.0000,5761.8000,5761.0000,5760.8000,5760.6000,5765.2000,5765.4000,5766.4000,5766.8000,5768.0000,1,1,2,2,2,1,1,1,1,2
SF,IC2106,2020-10-28 09:32:25.600,5762.6000,10111,0,91135080.000,0,-,-,-,-,5762.2000,5762.0000,5760.8000,5760.6000,5760.2000,5764.2000,5764.8000,5765.2000,5765.4000,5768.0000,1,1,2,2,3,1,1,1,1,2
SF,IC2106,2020-10-28 09:32:26.100,5762.2000,10110,-1,92287520.000,1,0,1,双平,S,5762.0000,5760.6000,5760.2000,5760.0000,5759.6000,5763.6000,5764.2000,5764.8000,5768.0000,5768.8000,1,2,3,5,3,1,1,1,2,2
SF,IC2106,2020-10-28 09:32:26.600,5762.2000,10110,0,92287520.000,0,-,-,-,-,5762.0000,5759.2000,5757.6000,5757.0000,5756.2000,5763.4000,5763.6000,5764.2000,5764.8000,5768.0000,1,1,1,1,1,1,1,1,1,2
SF,IC2106,2020-10-28 09:32:27.100,5762.0000,10109,-1,93439920.000,1,0,1,双平,S,5759.2000,5757.6000,5757.0000,5756.2000,5750.0000,5762.0000,5763.2000,5763.4000,5763.6000,5764.2000,1,1,6,1,3,1,1,1,1,1
SF,IC2106,2020-10-28 09:32:27.600,5762.0000,10109,0,93439920.000,0,-,-,-,-,5759.4000,5759.2000,5757.6000,5757.0000,5756.2000,5761.8000,5763.2000,5763.4000,5763.6000,5764.2000,3,1,1,6,1,1,1,1,1,1
SF,IC2106,2020-10-28 09:32:28.600,5762.0000,10109,0,94592320.000,1,0,1,多换,S,5759.4000,5759.2000,5757.6000,5757.0000,5756.2000,5763.4000,5763.6000,5764.2000,5768.0000,5768.8000,3,1,1,6,1,1,1,1,2,2
SF,IC2106,2020-10-28 09:32:29.100,5762.0000,10109,0,94592320.000,0,-,-,-,-,5759.6000,5759.4000,5759.2000,5757.6000,5757.0000,5763.2000,5763.4000,5763.6000,5764.2000,5768.0000,1,2,1,1,6,1,1,1,1,2
SF,IC2106,2020-10-28 09:32:29.600,5762.0000,10109,0,94592320.000,0,-,-,-,-,5759.8000,5759.6000,5759.4000,5759.2000,5757.6000,5763.0000,5763.6000,5764.2000,5768.0000,5768.8000,2,3,1,1,1,1,1,1,2,2
SF,IC2106,2020-10-28 09:32:30.100,5762.0000,10109,0,94592320.000,0,-,-,-,-,5760.0000,5759.8000,5759.6000,5759.4000,5759.2000,5764.2000,5768.0000,5768.8000,5769.2000,5775.0000,2,2,2,1,1,1,2,2,1,2
SF,IC2106,2020-10-28 09:32:30.600,5762.0000,10109,0,94592320.000,0,-,-,-,-,5760.2000,5760.0000,5759.8000,5759.6000,5759.4000,5768.0000,5768.8000,5769.2000,5775.0000,5776.0000,2,2,1,1,1,2,2,1,2,2
SF,IC2106,2020-10-28 09:32:31.100,5762.0000,10109,0,94592320.000,0,-,-,-,-,5760.6000,5760.4000,5760.2000,5760.0000,5759.8000,5764.8000,5765.4000,5766.8000,5767.8000,5768.0000,2,1,2,1,1,1,1,1,2,2
SF,IC2106,2020-10-28 09:32:31.600,5762.0000,10109,0,94592320.000,0,-,-,-,-,5760.8000,5760.6000,5760.2000,5760.0000,5759.8000,5764.6000,5764.8000,5765.4000,5766.8000,5767.8000,2,2,1,1,1,1,1,1,1,1
SF,IC2106,2020-10-28 09:32:32.100,5762.0000,10109,0,94592320.000,0,-,-,-,-,5760.8000,5760.6000,5760.2000,5759.8000,5759.6000,5763.6000,5764.2000,5764.6000,5764.8000,5767.8000,2,2,1,1,1,1,1,1,1,1
SF,IC2106,2020-10-28 09:32:32.600,5762.0000,10109,0,94592320.000,0,-,-,-,-,5760.8000,5760.6000,5760.2000,5759.8000,5759.6000,5763.4000,5763.6000,5764.2000,5764.8000,5767.8000,2,2,1,1,1,1,1,1,1,1
SF,IC2106,2020-10-28 09:32:33.100,5762.0000,10109,0,94592320.000,0,-,-,-,-,5760.8000,5760.2000,5759.8000,5759.6000,5759.4000,5763.2000,5763.4000,5763.6000,5764.2000,5767.8000,1,1,1,1,1,1,1,1,1,1
SF,IC2106,2020-10-28 09:32:33.600,5762.0000,10109,0,94592320.000,0,-,-,-,-,5760.8000,5759.8000,5759.4000,5759.2000,5757.6000,5763.0000,5763.2000,5763.6000,5764.2000,5767.8000,1,1,1,1,1,1,2,1,1,1
SF,IC2106,2020-10-28 09:32:34.100,5762.0000,10109,0,94592320.000,0,-,-,-,-,5760.8000,5759.8000,5759.4000,5759.2000,5757.6000,5763.0000,5763.2000,5763.6000,5764.2000,5767.8000,1,1,1,1,1,1,2,1,1,1
SF,IC2106,2020-10-28 09:32:34.600,5762.0000,10109,0,94592320.000,0,-,-,-,-,5760.8000,5759.4000,5759.2000,5757.6000,5757.0000,5763.0000,5763.2000,5763.6000,5764.2000,5767.8000,1,1,1,1,10,1,2,1,1,1
SF,IC2106,2020-10-28 09:32:35.100,5762.0000,10109,0,94592320.000,0,-,-,-,-,5760.8000,5759.2000,5757.6000,5757.0000,5756.2000,5761.8000,5762.8000,5763.0000,5763.2000,5764.2000,1,1,1,10,1,1,1,1,2,1
SF,IC2106,2020-10-28 09:32:35.600,5762.0000,10109,0,94592320.000,0,-,-,-,-,5761.8000,5759.2000,5757.6000,5757.0000,5756.2000,5762.8000,5763.0000,5763.2000,5764.2000,5767.8000,1,1,1,5,1,1,1,1,1,1
SF,IC2106,2020-10-28 09:32:36.100,5761.8000,10108,-1,95744680.000,1,0,1,双平,S,5759.2000,5757.6000,5757.0000,5756.2000,5756.0000,5762.8000,5763.2000,5764.2000,5767.8000,5768.0000,1,1,5,1,2,1,1,1,1,2
SF,IC2106,2020-10-28 09:32:36.600,5761.8000,10108,0,95744680.000,0,-,-,-,-,5759.4000,5759.2000,5757.6000,5757.0000,5756.2000,5763.2000,5764.2000,5767.8000,5768.0000,5768.8000,2,1,1,5,1,1,1,1,2,2
SF,IC2106,2020-10-28 09:32:37.100,5761.8000,10108,0,95744680.000,0,-,-,-,-,5759.6000,5759.4000,5759.2000,5757.6000,5757.0000,5763.2000,5764.2000,5767.8000,5768.0000,5768.8000,1,2,1,1,5,2,1,1,2,2
SF,IC2106,2020-10-28 09:32:37.600,5761.8000,10108,0,95744680.000,0,-,-,-,-,5759.8000,5759.6000,5759.2000,5757.6000,5757.0000,5763.2000,5764.2000,5767.8000,5768.0000,5768.8000,2,1,1,1,5,2,1,1,2,2
SF,IC2106,2020-10-28 09:32:38.100,5761.8000,10108,0,95744680.000,0,-,-,-,-,5760.0000,5759.8000,5759.6000,5759.2000,5757.6000,5763.2000,5764.2000,5767.8000,5768.0000,5768.8000,1,2,1,1,1,2,1,1,2,2
SF,IC2106,2020-10-28 09:32:38.600,5761.8000,10108,0,95744680.000,0,-,-,-,-,5760.2000,5760.0000,5759.6000,5759.2000,5757.6000,5763.2000,5764.2000,5767.8000,5768.0000,5768.8000,2,1,1,1,1,3,1,1,2,2
SF,IC2106,2020-10-28 09:32:39.100,5761.8000,10108,0,95744680.000,0,-,-,-,-,5760.4000,5760.2000,5760.0000,5759.6000,5759.2000,5763.2000,5764.2000,5767.8000,5768.0000,5768.8000,1,2,1,1,1,2,1,1,2,2
SF,IC2106,2020-10-28 09:32:39.600,5761.8000,10108,0,95744680.000,0,-,-,-,-,5760.6000,5760.4000,5760.0000,5759.6000,5759.2000,5763.2000,5764.2000,5767.8000,5768.0000,5768.8000,2,1,1,1,1,3,1,1,2,2
SF,IC2106,2020-10-28 09:32:40.100,5761.8000,10108,0,95744680.000,0,-,-,-,-,5760.8000,5760.6000,5760.4000,5760.0000,5759.6000,5763.2000,5764.2000,5767.8000,5768.0000,5768.8000,1,2,1,1,1,2,1,1,2,2
SF,IC2106,2020-10-28 09:32:40.600,5761.8000,10108,0,95744680.000,0,-,-,-,-,5761.0000,5760.6000,5759.2000,5757.6000,5757.0000,5763.2000,5764.2000,5767.8000,5768.0000,5768.8000,1,1,1,1,5,3,1,1,2,2
SF,IC2106,2020-10-28 09:32:41.100,5761.8000,10108,0,95744680.000,0,-,-,-,-,5763.0000,5761.0000,5760.6000,5759.2000,5757.6000,5763.2000,5764.2000,5767.8000,5768.0000,5768.8000,4,1,1,1,1,3,1,1,2,2
SF,IC2106,2020-10-28 09:32:41.600,5763.0000,10108,0,100355080.000,4,2,2,多换,S,5760.6000,5759.2000,5757.6000,5757.0000,5756.2000,5761.0000,5761.6000,5761.8000,5763.0000,5763.2000,1,1,1,5,1,1,2,1,1,2
SF,IC2106,2020-10-28 09:32:42.100,5761.0000,10107,-1,101507280.000,1,0,1,双平,S,5759.2000,5757.6000,5757.0000,5756.2000,5756.0000,5761.6000,5761.8000,5763.0000,5763.2000,5767.8000,1,1,5,1,2,2,1,1,2,1
SF,IC2106,2020-10-28 09:32:42.600,5761.0000,10107,0,101507280.000,0,-,-,-,-,5757.6000,5757.0000,5756.2000,5756.0000,5755.8000,5761.6000,5761.8000,5763.0000,5763.2000,5767.8000,1,5,1,2,5,2,1,1,2,1
SF,IC2106,2020-10-28 09:32:43.100,5761.0000,10107,0,101507280.000,0,-,-,-,-,5757.8000,5757.6000,5757.0000,5756.2000,5756.0000,5761.6000,5761.8000,5763.0000,5763.2000,5767.8000,4,1,5,1,2,2,1,1,2,1
SF,IC2106,2020-10-28 09:32:44.100,5761.0000,10107,0,101507280.000,0,-,-,-,-,5757.8000,5757.6000,5757.0000,5756.2000,5756.0000,5761.6000,5761.8000,5763.0000,5763.2000,5767.8000,3,1,5,1,2,2,1,1,2,1
SF,IC2106,2020-10-28 09:32:44.600,5761.0000,10107,0,101507280.000,0,-,-,-,-,5758.0000,5757.8000,5757.6000,5757.0000,5756.2000,5761.6000,5761.8000,5763.0000,5763.2000,5767.8000,1,3,1,5,1,2,1,1,2,1
SF,IC2106,2020-10-28 09:32:45.100,5761.0000,10107,0,101507280.000,0,-,-,-,-,5758.2000,5758.0000,5757.6000,5757.0000,5756.2000,5760.0000,5761.4000,5761.6000,5763.0000,5763.2000,2,1,1,5,1,2,1,1,1,2
SF,IC2106,2020-10-28 09:32:45.600,5760.0000,10106,-1,103811280.000,2,0,2,多平,S,5758.0000,5757.0000,5756.2000,5756.0000,5755.8000,5761.4000,5761.6000,5763.0000,5763.2000,5767.8000,1,5,1,2,5,1,1,1,2,1
SF,IC2106,2020-10-28 09:32:46.100,5760.0000,10106,0,103811280.000,0,-,-,-,-,5758.2000,5758.0000,5757.0000,5756.2000,5756.0000,5759.0000,5761.4000,5763.0000,5763.2000,5767.8000,2,1,5,1,2,1,1,1,2,1
SF,IC2106,2020-10-28 09:32:46.600,5758.0000,10104,-2,106114520.000,2,0,2,双平,S,5757.0000,5756.2000,5754.2000,5753.0000,5750.0000,5759.0000,5761.4000,5763.0000,5763.2000,5767.8000,5,1,5,2,3,1,1,1,2,1
SF,IC2106,2020-10-28 09:32:48.100,5758.0000,10104,0,106114520.000,0,-,-,-,-,5757.0000,5756.2000,5753.0000,5750.0000,5748.0000,5759.0000,5761.4000,5763.0000,5763.2000,5767.8000,5,1,2,3,1,1,1,1,2,1
SF,IC2106,2020-10-28 09:32:48.600,5758.0000,10104,0,106114520.000,0,-,-,-,-,5757.0000,5756.2000,5753.0000,5750.0000,5748.0000,5758.8000,5759.0000,5763.0000,5763.2000,5767.8000,5,1,7,3,1,1,1,1,2,1
SF,IC2106,2020-10-28 09:32:49.600,5757.0000,10104,0,107265920.000,1,0,1,多换,S,5757.0000,5756.2000,5753.0000,5750.0000,5748.0000,5758.8000,5759.0000,5763.0000,5763.2000,5767.8000,4,1,7,3,1,1,1,1,2,1
SF,IC2106,2020-10-28 09:32:50.100,5758.8000,10104,0,110720480.000,3,1,2,多换,S,5757.0000,5756.2000,5753.0000,5750.0000,5748.0000,5759.0000,5763.2000,5767.8000,5768.8000,5769.2000,2,1,7,3,1,1,2,1,2,1
SF,IC2106,2020-10-28 09:32:50.600,5758.8000,10104,0,110720480.000,0,-,-,-,-,5757.2000,5757.0000,5756.2000,5753.0000,5750.0000,5759.0000,5763.2000,5767.8000,5768.8000,5769.2000,1,2,1,7,3,1,2,1,2,1
SF,IC2106,2020-10-28 09:32:51.100,5757.0000,10104,0,111871880.000,1,0,1,多换,S,5757.0000,5756.2000,5753.0000,5750.0000,5748.0000,5758.8000,5763.2000,5767.8000,5768.8000,5769.2000,1,1,7,3,1,1,2,1,2,1
SF,IC2106,2020-10-28 09:32:51.600,5757.0000,10104,0,111871880.000,0,-,-,-,-,5757.0000,5756.2000,5753.0000,5750.0000,5748.0000,5758.8000,5763.2000,5767.8000,5768.8000,5769.2000,1,1,2,3,1,2,1,1,2,1
SF,IC2106,2020-10-28 09:32:52.100,5757.0000,10104,0,113023280.000,1,0,1,多换,S,5756.2000,5753.0000,5750.0000,5748.0000,5744.8000,5758.8000,5763.2000,5767.8000,5768.8000,5769.2000,1,2,8,1,1,2,1,1,2,1
SF,IC2106,2020-10-28 09:32:52.600,5757.0000,10104,0,113023280.000,0,-,-,-,-,5756.4000,5756.2000,5750.4000,5750.0000,5748.0000,5758.6000,5758.8000,5763.2000,5767.8000,5768.8000,1,1,2,8,1,1,2,1,1,2
SF,IC2106,2020-10-28 09:32:53.100,5757.0000,10104,0,113023280.000,0,-,-,-,-,5756.6000,5756.4000,5756.2000,5750.4000,5750.0000,5758.8000,5763.2000,5767.8000,5768.8000,5769.2000,1,1,1,2,8,2,1,1,2,1
SF,IC2106,2020-10-28 09:32:53.600,5758.8000,10103,-1,114175040.000,1,0,1,双平,S,5756.6000,5756.4000,5756.2000,5750.4000,5750.0000,5760.6000,5763.2000,5767.8000,5768.8000,5769.2000,1,1,1,2,8,1,1,1,2,1
SF,IC2106,2020-10-28 09:32:54.100,5758.8000,10103,0,114175040.000,0,-,-,-,-,5756.8000,5756.6000,5756.2000,5750.4000,5750.0000,5760.0000,5760.2000,5760.4000,5760.6000,5763.2000,1,1,1,2,8,1,1,4,1,1
SF,IC2106,2020-10-28 09:32:54.600,5758.8000,10103,0,114175040.000,0,-,-,-,-,5757.0000,5756.8000,5756.2000,5750.4000,5750.0000,5759.8000,5760.0000,5760.2000,5760.4000,5760.6000,1,1,1,2,8,3,1,1,4,1
SF,IC2106,2020-10-28 09:32:55.100,5758.8000,10103,0,114175040.000,0,-,-,-,-,5757.2000,5757.0000,5756.2000,5750.4000,5750.0000,5760.0000,5760.2000,5760.4000,5760.6000,5763.2000,1,1,1,2,8,1,1,3,1,1
SF,IC2106,2020-10-28 09:32:55.600,5758.8000,10103,0,114175040.000,0,-,-,-,-,5757.4000,5757.2000,5756.2000,5750.4000,5750.0000,5760.2000,5760.6000,5763.2000,5767.8000,5768.8000,1,1,1,2,8,1,1,1,1,2
SF,IC2106,2020-10-28 09:32:56.100,5758.8000,10103,0,114175040.000,0,-,-,-,-,5757.6000,5757.4000,5756.2000,5750.4000,5750.0000,5760.6000,5763.2000,5767.8000,5768.8000,5769.2000,1,1,1,2,8,1,1,1,2,1
SF,IC2106,2020-10-28 09:32:56.600,5758.8000,10103,0,114175040.000,0,-,-,-,-,5757.8000,5757.6000,5756.2000,5750.4000,5750.0000,5760.6000,5763.2000,5767.8000,5768.8000,5769.2000,1,1,1,2,3,1,1,1,2,1
SF,IC2106,2020-10-28 09:32:57.100,5758.8000,10103,0,114175040.000,0,-,-,-,-,5758.0000,5757.8000,5756.2000,5750.4000,5750.0000,5760.6000,5763.2000,5767.8000,5768.8000,5769.2000,1,1,1,2,3,1,1,1,2,1
SF,IC2106,2020-10-28 09:32:57.600,5758.8000,10103,0,114175040.000,0,-,-,-,-,5758.2000,5758.0000,5756.2000,5750.4000,5750.0000,5760.4000,5760.6000,5763.2000,5767.8000,5768.8000,1,1,1,2,3,1,1,1,1,2
SF,IC2106,2020-10-28 09:32:59.100,5758.8000,10103,0,114175040.000,0,-,-,-,-,5758.2000,5758.0000,5756.2000,5751.2000,5750.4000,5760.2000,5760.4000,5760.6000,5763.2000,5767.8000,1,1,1,5,2,1,1,1,1,1
SF,IC2106,2020-10-28 09:32:59.600,5758.8000,10103,0,114175040.000,0,-,-,-,-,5758.2000,5758.0000,5756.2000,5751.2000,5750.4000,5763.2000,5767.8000,5768.8000,5769.2000,5775.0000,1,1,1,5,2,1,1,2,1,1
SF,IC2106,2020-10-28 09:33:00.100,5758.8000,10103,0,114175040.000,0,-,-,-,-,5758.4000,5756.2000,5755.0000,5751.2000,5750.4000,5760.0000,5761.0000,5761.6000,5761.8000,5762.4000,1,1,2,5,2,1,1,3,2,3
SF,IC2106,2020-10-28 09:33:00.600,5758.4000,10102,-1,115326720.000,1,0,1,双平,S,5756.2000,5755.0000,5751.2000,5750.4000,5750.0000,5759.6000,5759.8000,5760.0000,5761.6000,5761.8000,1,2,5,2,3,1,2,3,2,1
SF,IC2106,2020-10-28 09:33:01.100,5758.4000,10102,0,115326720.000,0,-,-,-,-,5756.2000,5755.0000,5751.2000,5750.4000,5750.0000,5759.4000,5759.6000,5759.8000,5760.0000,5761.6000,1,2,5,2,3,2,3,1,3,2
SF,IC2106,2020-10-28 09:33:01.600,5758.4000,10102,0,115326720.000,0,-,-,-,-,5756.2000,5755.0000,5751.2000,5750.4000,5750.0000,5759.0000,5759.4000,5759.6000,5759.8000,5760.0000,1,2,5,2,3,2,2,3,1,3
SF,IC2106,2020-10-28 09:33:02.100,5756.2000,10101,-1,116477960.000,1,0,1,双平,S,5755.0000,5751.2000,5750.4000,5750.0000,5748.0000,5758.2000,5758.8000,5759.0000,5759.6000,5759.8000,2,5,2,3,1,1,3,3,2,1
SF,IC2106,2020-10-28 09:33:02.600,5756.2000,10101,0,116477960.000,0,-,-,-,-,5755.0000,5751.2000,5750.4000,5750.0000,5748.0000,5756.2000,5757.6000,5757.8000,5758.0000,5758.2000,2,5,2,3,1,1,1,1,2,2
SF,IC2106,2020-10-28 09:33:03.100,5755.0000,10101,0,118779960.000,2,1,1,多换,S,5750.0000,5748.0000,5744.8000,5744.0000,5742.0000,5755.0000,5756.2000,5757.6000,5758.0000,5758.2000,3,1,1,1,5,1,1,1,2,2
SF,IC2106,2020-10-28 09:33:03.600,5755.0000,10101,0,118779960.000,0,-,-,-,-,5750.6000,5750.2000,5750.0000,5748.0000,5745.8000,5754.8000,5755.0000,5756.2000,5757.6000,5758.0000,1,2,3,1,5,1,2,1,1,1
SF,IC2106,2020-10-28 09:33:04.100,5755.0000,10101,0,118779960.000,0,-,-,-,-,5750.8000,5750.6000,5750.2000,5750.0000,5748.0000,5754.8000,5755.0000,5756.2000,5757.6000,5758.0000,2,1,1,3,1,1,2,1,1,1
SF,IC2106,2020-10-28 09:33:04.600,5755.0000,10101,0,118779960.000,0,-,-,-,-,5750.8000,5750.0000,5748.0000,5744.8000,5744.0000,5754.6000,5754.8000,5755.0000,5756.2000,5758.8000,2,3,1,1,1,3,2,2,1,1
SF,IC2106,2020-10-28 09:33:05.100,5755.0000,10101,0,118779960.000,0,-,-,-,-,5750.8000,5750.0000,5748.0000,5747.0000,5744.8000,5754.4000,5754.6000,5754.8000,5755.0000,5756.2000,2,3,1,5,1,1,2,1,2,1
SF,IC2106,2020-10-28 09:33:05.600,5755.0000,10098,-3,123383840.000,4,0,4,多平,S,5751.2000,5751.0000,5750.8000,5750.0000,5748.0000,5756.2000,5759.2000,5768.8000,5769.2000,5775.0000,1,1,2,3,1,1,1,2,1,1
SF,IC2106,2020-10-28 09:33:06.100,5756.2000,10097,-1,124535080.000,1,0,1,双平,S,5751.4000,5751.2000,5750.8000,5750.0000,5748.0000,5759.2000,5768.8000,5769.2000,5775.0000,5776.0000,3,1,1,3,1,1,2,1,1,2
SF,IC2106,2020-10-28 09:33:06.600,5756.2000,10097,0,124535080.000,0,-,-,-,-,5751.4000,5751.2000,5750.0000,5748.0000,5747.0000,5757.6000,5758.2000,5758.4000,5759.0000,5759.2000,3,1,3,1,5,1,1,1,4,1
SF,IC2106,2020-10-28 09:33:07.100,5756.2000,10097,0,124535080.000,0,-,-,-,-,5751.4000,5751.2000,5750.0000,5748.0000,5744.8000,5757.4000,5757.6000,5758.2000,5758.4000,5759.0000,3,1,3,1,1,2,1,1,1,3
SF,IC2106,2020-10-28 09:33:07.600,5756.2000,10097,0,124535080.000,0,-,-,-,-,5751.6000,5751.4000,5751.2000,5750.0000,5748.2000,5757.4000,5757.6000,5758.2000,5758.4000,5759.0000,2,3,1,3,5,2,1,1,1,3
SF,IC2106,2020-10-28 09:33:08.100,5756.2000,10097,0,124535080.000,0,-,-,-,-,5751.8000,5751.4000,5751.2000,5750.0000,5748.2000,5757.4000,5758.2000,5759.0000,5759.2000,5768.8000,2,1,1,3,5,1,1,3,1,2
SF,IC2106,2020-10-28 09:33:08.600,5756.2000,10097,0,124535080.000,0,-,-,-,-,5752.6000,5752.4000,5752.0000,5751.8000,5750.0000,5758.2000,5759.0000,5759.2000,5768.8000,5769.2000,1,1,4,2,3,1,3,1,2,1
SF,IC2106,2020-10-28 09:33:09.100,5756.2000,10097,0,124535080.000,0,-,-,-,-,5752.8000,5752.6000,5752.4000,5752.0000,5751.2000,5759.0000,5759.2000,5768.8000,5769.2000,5775.0000,4,1,1,4,1,3,1,2,1,1
SF,IC2106,2020-10-28 09:33:09.600,5756.2000,10097,0,124535080.000,0,-,-,-,-,5752.8000,5752.6000,5752.4000,5752.0000,5751.2000,5758.8000,5759.0000,5759.2000,5768.8000,5769.2000,4,1,1,4,1,2,1,1,2,1
SF,IC2106,2020-10-28 09:33:10.100,5756.2000,10097,0,124535080.000,0,-,-,-,-,5757.0000,5753.0000,5752.8000,5752.6000,5752.4000,5759.0000,5768.8000,5769.2000,5775.0000,5776.0000,2,2,4,1,1,1,2,1,1,2
SF,IC2106,2020-10-28 09:33:10.600,5756.2000,10098,1,125686320.000,1,1,0,双开,S,5757.0000,5753.0000,5752.8000,5752.6000,5752.0000,5768.8000,5769.2000,5775.0000,5776.0000,5779.8000,1,2,4,1,3,2,1,1,2,1
SF,IC2106,2020-10-28 09:33:11.100,5756.2000,10098,0,125686320.000,0,-,-,-,-,5757.2000,5757.0000,5753.0000,5752.8000,5752.6000,5761.0000,5761.6000,5761.8000,5762.4000,5763.6000,2,1,2,2,1,1,3,1,4,1
SF,IC2106,2020-10-28 09:33:11.600,5756.2000,10098,0,125686320.000,0,-,-,-,-,5757.2000,5757.0000,5752.8000,5752.6000,5752.0000,5760.8000,5761.0000,5761.6000,5761.8000,5762.4000,1,1,2,1,3,2,1,3,1,4
SF,IC2106,2020-10-28 09:33:12.100,5756.2000,10098,0,125686320.000,0,-,-,-,-,5757.2000,5757.0000,5752.6000,5751.2000,5751.0000,5759.6000,5760.0000,5760.4000,5760.8000,5761.6000,1,1,1,1,5,1,1,1,2,3
SF,IC2106,2020-10-28 09:33:12.600,5756.2000,10098,0,125686320.000,0,-,-,-,-,5757.4000,5757.2000,5757.0000,5752.6000,5751.2000,5760.8000,5761.6000,5761.8000,5762.4000,5768.8000,2,1,1,1,1,2,3,1,3,2
SF,IC2106,2020-10-28 09:33:13.100,5756.2000,10098,0,125686320.000,0,-,-,-,-,5757.6000,5757.4000,5757.0000,5752.6000,5751.2000,5760.8000,5761.6000,5761.8000,5762.4000,5768.8000,1,2,1,1,1,2,3,1,3,2
SF,IC2106,2020-10-28 09:33:13.600,5756.2000,10098,0,125686320.000,0,-,-,-,-,5757.8000,5757.6000,5757.0000,5752.8000,5752.6000,5760.8000,5761.6000,5761.8000,5762.4000,5768.8000,1,1,1,5,1,2,3,1,3,2
SF,IC2106,2020-10-28 09:33:14.100,5756.2000,10098,0,125686320.000,0,-,-,-,-,5758.0000,5757.8000,5757.0000,5752.8000,5752.6000,5760.0000,5760.8000,5761.6000,5761.8000,5762.4000,1,1,1,5,1,1,2,3,1,3
SF,IC2106,2020-10-28 09:33:14.600,5756.2000,10098,0,125686320.000,0,-,-,-,-,5758.2000,5757.0000,5752.8000,5752.6000,5751.2000,5760.8000,5761.6000,5761.8000,5762.4000,5768.8000,1,1,5,1,1,1,3,1,3,2
SF,IC2106,2020-10-28 09:33:15.100,5756.2000,10098,0,125686320.000,0,-,-,-,-,5758.4000,5758.2000,5757.0000,5752.8000,5752.6000,5760.8000,5761.6000,5761.8000,5762.4000,5768.8000,1,1,1,5,1,1,3,1,3,2
SF,IC2106,2020-10-28 09:33:15.600,5756.2000,10098,0,125686320.000,0,-,-,-,-,5758.6000,5758.4000,5757.0000,5752.8000,5752.6000,5762.4000,5768.8000,5769.2000,5775.0000,5776.0000,2,1,1,5,1,1,2,1,1,2
SF,IC2106,2020-10-28 09:33:16.100,5756.2000,10098,0,125686320.000,0,-,-,-,-,5758.8000,5758.6000,5757.0000,5752.8000,5752.6000,5762.2000,5762.4000,5768.8000,5769.2000,5775.0000,1,2,1,5,1,3,1,2,1,1
SF,IC2106,2020-10-28 09:33:16.600,5756.2000,10098,0,125686320.000,0,-,-,-,-,5759.0000,5758.8000,5758.6000,5757.0000,5752.6000,5762.2000,5762.4000,5768.8000,5769.2000,5775.0000,1,1,1,1,1,4,1,2,1,1
SF,IC2106,2020-10-28 09:33:17.100,5756.2000,10098,0,125686320.000,0,-,-,-,-,5759.2000,5759.0000,5758.6000,5757.0000,5754.4000,5762.2000,5762.4000,5768.8000,5769.2000,5775.0000,1,1,1,1,5,4,1,2,1,1
SF,IC2106,2020-10-28 09:33:17.600,5756.2000,10098,0,125686320.000,0,-,-,-,-,5759.4000,5759.2000,5758.6000,5757.0000,5754.4000,5762.2000,5762.4000,5768.8000,5769.2000,5775.0000,1,1,1,1,5,4,1,2,1,1
SF,IC2106,2020-10-28 09:33:18.100,5756.2000,10098,0,125686320.000,0,-,-,-,-,5759.6000,5759.4000,5758.6000,5757.0000,5754.4000,5762.2000,5762.4000,5768.8000,5769.2000,5775.0000,1,1,1,1,5,4,1,2,1,1
SF,IC2106,2020-10-28 09:33:18.600,5756.2000,10098,0,125686320.000,0,-,-,-,-,5759.8000,5759.6000,5757.0000,5754.4000,5752.6000,5762.2000,5762.4000,5768.8000,5769.2000,5775.0000,1,1,1,5,1,3,1,2,1,1
SF,IC2106,2020-10-28 09:33:19.100,5756.2000,10098,0,125686320.000,0,-,-,-,-,5759.8000,5759.6000,5757.0000,5754.4000,5752.6000,5762.0000,5762.2000,5762.4000,5768.8000,5769.2000,1,1,1,5,1,1,3,1,2,1
SF,IC2106,2020-10-28 09:33:19.600,5756.2000,10098,0,125686320.000,0,-,-,-,-,5759.8000,5759.6000,5757.0000,5754.4000,5752.6000,5761.8000,5762.0000,5762.2000,5762.4000,5768.8000,1,1,1,5,1,2,1,3,1,2
SF,IC2106,2020-10-28 09:33:20.100,5756.2000,10098,0,125686320.000,0,-,-,-,-,5759.6000,5757.0000,5754.4000,5752.6000,5751.2000,5761.0000,5761.6000,5761.8000,5762.0000,5762.2000,1,1,5,1,1,1,4,4,1,3
SF,IC2106,2020-10-28 09:33:20.600,5756.2000,10098,0,125686320.000,0,-,-,-,-,5757.0000,5754.4000,5752.6000,5751.2000,5750.0000,5760.8000,5761.0000,5761.6000,5761.8000,5762.0000,1,5,1,1,3,1,1,4,3,1
SF,IC2106,2020-10-28 09:33:21.100,5756.2000,10098,0,125686320.000,0,-,-,-,-,5757.2000,5757.0000,5754.4000,5752.6000,5751.2000,5761.8000,5762.2000,5762.4000,5768.8000,5769.2000,2,1,5,1,1,2,3,1,2,1
SF,IC2106,2020-10-28 09:33:21.600,5756.2000,10098,0,125686320.000,0,-,-,-,-,5757.2000,5757.0000,5754.4000,5752.6000,5751.2000,5761.6000,5761.8000,5762.2000,5762.4000,5768.8000,2,1,5,1,1,3,2,3,1,2
SF,IC2106,2020-10-28 09:33:22.100,5756.2000,10098,0,125686320.000,0,-,-,-,-,5757.2000,5757.0000,5754.4000,5752.6000,5751.2000,5761.0000,5761.4000,5761.6000,5761.8000,5762.2000,2,1,5,1,1,1,1,6,2,3
SF,IC2106,2020-10-28 09:33:22.600,5756.2000,10098,0,125686320.000,0,-,-,-,-,5757.2000,5757.0000,5754.4000,5752.6000,5751.2000,5761.4000,5761.6000,5761.8000,5762.2000,5762.4000,2,1,5,1,1,1,3,2,3,1
SF,IC2106,2020-10-28 09:33:23.100,5756.2000,10098,0,125686320.000,0,-,-,-,-,5757.2000,5757.0000,5754.4000,5752.6000,5751.2000,5761.0000,5761.2000,5761.4000,5761.6000,5761.8000,2,1,5,1,1,1,1,1,2,2
SF,IC2106,2020-10-28 09:33:23.600,5756.2000,10098,0,125686320.000,0,-,-,-,-,5757.2000,5757.0000,5754.4000,5753.0000,5752.6000,5760.8000,5761.4000,5761.6000,5761.8000,5762.2000,2,1,5,3,1,2,1,2,2,3
SF,IC2106,2020-10-28 09:33:24.600,5756.2000,10098,0,125686320.000,0,-,-,-,-,5757.2000,5757.0000,5754.4000,5753.0000,5752.6000,5759.0000,5760.8000,5761.4000,5761.6000,5761.8000,2,1,5,3,1,1,2,1,2,2
SF,IC2106,2020-10-28 09:33:25.100,5756.2000,10098,0,125686320.000,0,-,-,-,-,5757.4000,5757.2000,5757.0000,5754.4000,5753.0000,5759.0000,5760.8000,5762.2000,5768.8000,5769.2000,1,1,1,5,3,1,2,1,2,1
SF,IC2106,2020-10-28 09:33:25.600,5759.0000,10098,0,126838120.000,1,0,1,多换,S,5757.4000,5757.0000,5753.0000,5752.6000,5751.2000,5762.2000,5768.8000,5769.2000,5775.0000,5776.0000,1,1,3,1,3,1,2,1,1,2
SF,IC2106,2020-10-28 09:33:26.100,5759.0000,10098,0,126838120.000,0,-,-,-,-,5757.6000,5757.0000,5753.0000,5752.8000,5752.6000,5761.0000,5761.6000,5761.8000,5762.0000,5762.2000,2,1,3,5,1,1,3,1,1,1
SF,IC2106,2020-10-28 09:33:26.600,5759.0000,10098,0,126838120.000,0,-,-,-,-,5757.6000,5757.0000,5753.0000,5752.8000,5752.6000,5760.8000,5761.0000,5761.6000,5761.8000,5762.2000,2,1,3,5,1,1,1,3,1,1
SF,IC2106,2020-10-28 09:33:27.600,5759.0000,10098,0,126838120.000,0,-,-,-,-,5757.6000,5757.0000,5753.0000,5752.8000,5752.6000,5760.8000,5761.0000,5761.6000,5761.8000,5762.2000,2,1,3,5,1,1,1,3,1,1
SF,IC2106,2020-10-28 09:33:28.100,5759.0000,10098,0,126838120.000,0,-,-,-,-,5757.6000,5757.0000,5753.0000,5752.8000,5752.6000,5760.6000,5760.8000,5761.0000,5761.6000,5761.8000,2,1,3,5,1,1,1,1,3,1
SF,IC2106,2020-10-28 09:33:29.600,5759.0000,10098,0,126838120.000,0,-,-,-,-,5757.6000,5757.0000,5753.0000,5752.8000,5752.6000,5760.8000,5762.2000,5768.8000,5769.2000,5775.0000,2,1,3,5,1,1,1,2,1,1
SF,IC2106,2020-10-28 09:33:30.100,5759.0000,10098,0,126838120.000,0,-,-,-,-,5757.8000,5757.6000,5757.0000,5753.0000,5752.8000,5760.8000,5768.8000,5769.2000,5775.0000,5776.0000,1,2,1,3,5,2,2,1,1,2
SF,IC2106,2020-10-28 09:33:30.600,5759.0000,10098,0,126838120.000,0,-,-,-,-,5758.0000,5757.8000,5757.0000,5753.2000,5753.0000,5760.6000,5760.8000,5768.8000,5769.2000,5775.0000,2,1,1,1,3,2,2,2,1,1
SF,IC2106,2020-10-28 09:33:31.100,5759.0000,10098,0,126838120.000,0,-,-,-,-,5758.0000,5757.8000,5757.0000,5753.2000,5753.0000,5760.8000,5768.8000,5769.2000,5775.0000,5776.0000,2,1,1,1,3,1,2,1,1,2
SF,IC2106,2020-10-28 09:33:31.600,5760.8000,10097,-1,127990280.000,1,0,1,双平,S,5758.2000,5758.0000,5757.0000,5753.2000,5753.0000,5768.8000,5769.2000,5775.0000,5776.0000,5779.8000,1,2,1,1,3,2,1,1,2,1
SF,IC2106,2020-10-28 09:33:32.100,5760.8000,10097,0,127990280.000,0,-,-,-,-,5758.4000,5758.2000,5757.0000,5753.2000,5753.0000,5762.4000,5763.2000,5763.6000,5764.2000,5765.2000,2,1,1,1,3,4,1,2,2,1
SF,IC2106,2020-10-28 09:33:32.600,5760.8000,10097,0,127990280.000,0,-,-,-,-,5758.4000,5758.2000,5757.0000,5755.6000,5753.2000,5762.2000,5763.6000,5764.2000,5765.2000,5768.6000,2,1,1,5,1,1,1,2,1,2
SF,IC2106,2020-10-28 09:33:33.100,5760.8000,10097,0,127990280.000,0,-,-,-,-,5758.8000,5758.4000,5757.0000,5755.6000,5753.2000,5762.0000,5762.2000,5763.6000,5764.2000,5765.2000,2,2,1,5,1,1,1,1,2,1
SF,IC2106,2020-10-28 09:33:33.600,5760.8000,10097,0,127990280.000,0,-,-,-,-,5759.0000,5758.8000,5757.0000,5755.6000,5753.2000,5761.8000,5762.0000,5763.6000,5764.2000,5765.2000,2,2,1,5,1,1,1,1,2,1
SF,IC2106,2020-10-28 09:33:34.100,5760.8000,10097,0,127990280.000,0,-,-,-,-,5759.0000,5758.8000,5757.0000,5755.6000,5753.2000,5763.6000,5764.2000,5765.2000,5768.6000,5768.8000,2,2,1,5,1,1,2,1,2,2
SF,IC2106,2020-10-28 09:33:34.600,5760.8000,10097,0,127990280.000,0,-,-,-,-,5759.0000,5758.8000,5757.0000,5755.6000,5753.2000,5763.4000,5763.6000,5764.2000,5765.2000,5768.6000,2,2,1,5,1,3,1,2,1,2
SF,IC2106,2020-10-28 09:33:35.100,5760.8000,10097,0,127990280.000,0,-,-,-,-,5759.6000,5759.0000,5757.0000,5755.6000,5753.2000,5763.4000,5763.6000,5764.2000,5765.2000,5768.6000,2,2,1,5,1,3,1,2,1,2
SF,IC2106,2020-10-28 09:33:35.600,5760.8000,10097,0,127990280.000,0,-,-,-,-,5759.8000,5759.6000,5759.0000,5757.0000,5755.6000,5763.4000,5764.2000,5765.2000,5768.6000,5768.8000,4,2,3,1,5,2,2,1,2,2
SF,IC2106,2020-10-28 09:33:36.600,5760.8000,10097,0,127990280.000,0,-,-,-,-,5759.8000,5759.6000,5759.0000,5757.0000,5755.6000,5763.4000,5765.2000,5768.6000,5768.8000,5769.2000,2,2,3,1,5,1,1,2,2,1
SF,IC2106,2020-10-28 09:33:37.100,5760.8000,10097,0,127990280.000,0,-,-,-,-,5759.8000,5759.6000,5759.0000,5757.0000,5755.6000,5768.6000,5768.8000,5769.2000,5775.0000,5776.0000,2,2,3,1,5,2,2,1,1,2
SF,IC2106,2020-10-28 09:33:37.600,5760.8000,10097,0,127990280.000,0,-,-,-,-,5760.4000,5759.8000,5759.0000,5757.0000,5755.6000,5764.8000,5765.2000,5765.4000,5766.4000,5766.8000,2,2,3,1,5,1,3,1,1,2
SF,IC2106,2020-10-28 09:33:38.100,5760.8000,10097,0,127990280.000,0,-,-,-,-,5760.6000,5760.4000,5759.0000,5757.0000,5755.6000,5764.6000,5764.8000,5765.2000,5765.4000,5766.4000,2,2,3,1,5,2,1,3,1,1
SF,IC2106,2020-10-28 09:33:38.600,5760.8000,10097,0,127990280.000,0,-,-,-,-,5760.6000,5760.4000,5759.0000,5757.0000,5755.6000,5764.6000,5764.8000,5765.2000,5765.4000,5766.8000,2,2,3,1,5,2,1,3,1,2
SF,IC2106,2020-10-28 09:33:39.100,5760.8000,10097,0,127990280.000,0,-,-,-,-,5760.6000,5759.0000,5757.0000,5753.2000,5753.0000,5764.6000,5764.8000,5765.2000,5765.4000,5766.8000,2,3,1,1,3,2,1,3,1,2
SF,IC2106,2020-10-28 09:33:39.600,5760.8000,10097,0,127990280.000,0,-,-,-,-,5760.6000,5759.0000,5757.0000,5756.8000,5753.2000,5764.6000,5764.8000,5765.2000,5765.4000,5766.8000,2,3,1,5,1,2,1,3,1,2
SF,IC2106,2020-10-28 09:33:40.100,5760.8000,10097,0,127990280.000,0,-,-,-,-,5760.6000,5759.0000,5757.0000,5756.8000,5753.2000,5764.6000,5764.8000,5765.2000,5765.4000,5766.8000,2,3,1,5,1,2,1,3,1,2
SF,IC2106,2020-10-28 09:33:40.600,5760.8000,10097,0,127990280.000,0,-,-,-,-,5760.6000,5759.0000,5757.0000,5756.8000,5753.2000,5763.8000,5764.2000,5764.6000,5764.8000,5765.2000,2,3,1,5,1,1,2,2,1,2
SF,IC2106,2020-10-28 09:33:41.100,5760.8000,10097,0,127990280.000,0,-,-,-,-,5760.6000,5759.0000,5757.0000,5756.8000,5753.2000,5764.6000,5764.8000,5765.2000,5765.4000,5768.4000,2,3,1,5,1,2,1,2,1,1
SF,IC2106,2020-10-28 09:33:41.600,5760.8000,10097,0,127990280.000,0,-,-,-,-,5760.6000,5759.0000,5757.0000,5756.8000,5753.2000,5764.4000,5764.6000,5764.8000,5765.2000,5765.4000,2,3,1,5,1,1,2,1,2,1
SF,IC2106,2020-10-28 09:33:42.100,5760.8000,10097,0,127990280.000,0,-,-,-,-,5760.6000,5759.0000,5757.0000,5756.8000,5753.2000,5764.2000,5764.4000,5764.6000,5764.8000,5765.2000,2,3,1,5,1,1,1,1,1,2
SF,IC2106,2020-10-28 09:33:43.100,5760.8000,10097,0,127990280.000,0,-,-,-,-,5760.6000,5759.0000,5757.0000,5756.8000,5753.2000,5763.8000,5764.0000,5764.2000,5764.4000,5764.6000,2,3,1,5,1,1,1,3,1,1
SF,IC2106,2020-10-28 09:33:43.600,5760.8000,10097,0,127990280.000,0,-,-,-,-,5760.6000,5759.0000,5757.0000,5756.8000,5753.2000,5763.6000,5763.8000,5764.0000,5764.2000,5764.4000,2,3,1,5,1,1,1,1,2,1
SF,IC2106,2020-10-28 09:33:44.100,5760.8000,10097,0,127990280.000,0,-,-,-,-,5760.6000,5759.0000,5757.0000,5756.8000,5753.2000,5763.6000,5764.0000,5764.4000,5764.6000,5764.8000,2,3,1,5,1,1,1,1,1,1
SF,IC2106,2020-10-28 09:33:46.100,5760.8000,10097,0,127990280.000,0,-,-,-,-,5760.6000,5759.0000,5757.0000,5756.8000,5753.2000,5762.0000,5763.4000,5763.6000,5764.0000,5764.4000,2,3,1,5,1,1,1,1,1,1
SF,IC2106,2020-10-28 09:33:46.600,5762.0000,10097,0,129142680.000,1,0,1,多换,S,5760.6000,5759.0000,5757.0000,5756.8000,5753.2000,5764.4000,5764.6000,5764.8000,5765.2000,5765.4000,1,3,1,5,1,1,1,1,2,1
SF,IC2106,2020-10-28 09:33:47.100,5762.0000,10097,0,129142680.000,0,-,-,-,-,5763.0000,5760.8000,5760.6000,5759.0000,5757.0000,5764.2000,5764.4000,5764.6000,5764.8000,5765.2000,4,1,1,3,1,3,1,1,1,2
SF,IC2106,2020-10-28 09:33:47.600,5762.0000,10097,0,129142680.000,0,-,-,-,-,5763.0000,5760.8000,5760.6000,5759.0000,5757.0000,5764.2000,5764.4000,5764.6000,5764.8000,5765.4000,4,1,1,3,1,2,1,1,1,1
SF,IC2106,2020-10-28 09:33:48.100,5762.0000,10097,0,129142680.000,0,-,-,-,-,5763.0000,5760.8000,5760.6000,5759.0000,5757.0000,5764.2000,5768.8000,5769.2000,5769.8000,5775.0000,4,1,1,3,1,2,2,1,1,1
SF,IC2106,2020-10-28 09:33:48.600,5764.2000,10095,-2,131448360.000,2,0,2,双平,S,5763.0000,5760.8000,5760.6000,5759.0000,5758.0000,5768.8000,5769.2000,5769.8000,5775.0000,5776.0000,4,1,1,3,5,2,1,1,1,2
SF,IC2106,2020-10-28 09:33:49.100,5764.2000,10095,0,131448360.000,0,-,-,-,-,5763.2000,5763.0000,5759.0000,5758.0000,5757.0000,5766.4000,5766.6000,5766.8000,5767.2000,5768.0000,2,4,3,5,1,1,1,2,3,3
SF,IC2106,2020-10-28 09:33:49.600,5764.2000,10095,0,131448360.000,0,-,-,-,-,5763.4000,5763.2000,5763.0000,5759.0000,5758.0000,5766.2000,5766.4000,5766.6000,5766.8000,5767.2000,1,2,4,3,5,2,1,1,2,3
SF,IC2106,2020-10-28 09:33:50.100,5764.2000,10095,0,131448360.000,0,-,-,-,-,5763.6000,5763.4000,5763.0000,5759.0000,5758.0000,5766.2000,5766.4000,5766.6000,5766.8000,5767.2000,2,1,4,3,5,2,1,1,2,3
SF,IC2106,2020-10-28 09:33:50.600,5766.2000,10095,0,132601600.000,1,0,1,多换,S,5763.8000,5763.6000,5763.4000,5763.0000,5759.0000,5767.2000,5768.0000,5768.6000,5768.8000,5769.2000,2,1,1,4,3,2,3,2,2,1
SF,IC2106,2020-10-28 09:33:51.100,5766.2000,10095,0,132601600.000,0,-,-,-,-,5764.0000,5763.8000,5763.4000,5763.0000,5759.0000,5768.6000,5768.8000,5769.2000,5769.8000,5775.0000,2,2,1,4,3,2,2,1,1,1
SF,IC2106,2020-10-28 09:33:51.600,5766.2000,10095,0,132601600.000,0,-,-,-,-,5764.2000,5764.0000,5763.8000,5763.0000,5759.0000,5768.0000,5768.4000,5768.6000,5768.8000,5769.2000,1,2,2,4,3,1,2,2,2,1
SF,IC2106,2020-10-28 09:33:52.100,5766.2000,10095,0,132601600.000,0,-,-,-,-,5764.6000,5764.4000,5764.2000,5763.0000,5759.0000,5767.8000,5768.8000,5769.2000,5769.8000,5775.0000,1,2,1,4,3,1,2,1,1,1
SF,IC2106,2020-10-28 09:33:52.600,5766.2000,10095,0,132601600.000,0,-,-,-,-,5764.8000,5764.4000,5764.2000,5763.0000,5759.0000,5767.2000,5767.6000,5767.8000,5768.8000,5769.2000,1,1,1,4,3,1,1,1,2,1
SF,IC2106,2020-10-28 09:33:53.100,5766.2000,10095,0,132601600.000,0,-,-,-,-,5764.8000,5764.2000,5763.0000,5759.0000,5757.0000,5767.0000,5767.2000,5767.6000,5768.8000,5769.2000,1,1,4,3,1,2,1,1,2,1
SF,IC2106,2020-10-28 09:33:53.600,5766.2000,10095,0,132601600.000,0,-,-,-,-,5764.8000,5764.2000,5763.0000,5759.0000,5757.0000,5767.0000,5767.6000,5768.8000,5769.2000,5769.8000,1,1,4,3,1,2,1,2,1,1
SF,IC2106,2020-10-28 09:33:54.100,5766.2000,10095,0,132601600.000,0,-,-,-,-,5765.0000,5764.8000,5764.2000,5763.0000,5761.2000,5767.6000,5768.8000,5769.2000,5769.8000,5775.0000,1,1,1,4,5,1,2,1,1,1
SF,IC2106,2020-10-28 09:33:54.600,5766.2000,10095,0,132601600.000,0,-,-,-,-,5765.2000,5765.0000,5764.2000,5763.0000,5761.2000,5767.6000,5768.8000,5769.2000,5769.8000,5775.0000,1,1,1,4,5,1,2,1,1,1
SF,IC2106,2020-10-28 09:33:55.100,5766.2000,10095,0,132601600.000,0,-,-,-,-,5765.4000,5765.2000,5764.2000,5763.0000,5759.0000,5767.6000,5768.8000,5769.2000,5769.8000,5775.0000,1,1,1,4,3,1,2,1,1,1
SF,IC2106,2020-10-28 09:33:55.600,5766.2000,10095,0,132601600.000,0,-,-,-,-,5765.4000,5765.2000,5764.2000,5763.0000,5762.6000,5767.6000,5768.8000,5769.2000,5769.8000,5775.0000,1,1,1,4,5,1,2,1,1,1
SF,IC2106,2020-10-28 09:33:57.100,5766.2000,10095,0,132601600.000,0,-,-,-,-,5765.4000,5765.2000,5764.2000,5763.0000,5759.0000,5767.6000,5768.8000,5769.2000,5769.8000,5775.0000,1,1,1,4,3,1,2,1,1,1
SF,IC2106,2020-10-28 09:33:57.600,5766.2000,10095,0,132601600.000,0,-,-,-,-,5765.2000,5764.2000,5763.0000,5760.2000,5759.0000,5767.4000,5767.6000,5768.8000,5769.2000,5769.8000,1,1,4,5,3,2,1,2,1,1
SF,IC2106,2020-10-28 09:33:58.100,5766.2000,10095,0,132601600.000,0,-,-,-,-,5765.2000,5764.2000,5763.0000,5760.2000,5759.0000,5767.2000,5767.4000,5767.6000,5768.8000,5769.2000,1,1,4,5,3,1,2,1,2,1
SF,IC2106,2020-10-28 09:33:58.600,5764.2000,10093,-2,134907480.000,2,0,2,双平,S,5763.0000,5760.2000,5759.0000,5757.0000,5753.2000,5767.0000,5767.2000,5767.4000,5767.6000,5768.8000,4,5,3,1,1,2,1,1,1,2
SF,IC2106,2020-10-28 09:33:59.100,5764.2000,10093,0,134907480.000,0,-,-,-,-,5763.2000,5763.0000,5759.0000,5757.0000,5753.2000,5766.8000,5767.0000,5767.2000,5767.4000,5767.6000,1,4,3,1,1,1,2,1,1,1
SF,IC2106,2020-10-28 09:33:59.600,5764.2000,10093,0,134907480.000,0,-,-,-,-,5763.2000,5763.0000,5759.0000,5757.0000,5753.2000,5766.6000,5766.8000,5767.0000,5767.2000,5767.4000,1,4,3,1,1,3,3,1,1,1
SF,IC2106,2020-10-28 09:34:00.100,5764.2000,10093,0,134907480.000,0,-,-,-,-,5763.0000,5759.0000,5757.0000,5753.2000,5753.0000,5766.4000,5766.6000,5766.8000,5767.0000,5767.2000,4,3,1,1,3,1,3,2,1,1
SF,IC2106,2020-10-28 09:34:00.600,5764.2000,10093,0,134907480.000,0,-,-,-,-,5763.2000,5763.0000,5759.2000,5759.0000,5757.0000,5766.2000,5766.4000,5766.6000,5766.8000,5767.0000,1,4,5,3,1,2,2,2,2,1
SF,IC2106,2020-10-28 09:34:01.100,5764.2000,10093,0,134907480.000,0,-,-,-,-,5763.2000,5763.0000,5759.2000,5759.0000,5757.0000,5766.0000,5766.2000,5766.4000,5766.6000,5766.8000,1,4,5,3,1,1,2,1,2,2
SF,IC2106,2020-10-28 09:34:01.600,5764.2000,10093,0,134907480.000,0,-,-,-,-,5763.2000,5763.0000,5759.2000,5759.0000,5757.0000,5765.8000,5766.0000,5766.2000,5766.4000,5766.6000,1,4,5,3,1,2,1,1,1,2
SF,IC2106,2020-10-28 09:34:02.100,5764.2000,10093,0,134907480.000,0,-,-,-,-,5763.4000,5763.2000,5763.0000,5759.2000,5759.0000,5765.6000,5765.8000,5766.2000,5766.4000,5766.6000,1,1,4,5,3,1,2,1,1,2
SF,IC2106,2020-10-28 09:34:02.600,5764.2000,10093,0,134907480.000,0,-,-,-,-,5763.2000,5763.0000,5759.2000,5759.0000,5757.0000,5765.4000,5765.6000,5765.8000,5766.2000,5766.4000,1,4,5,3,1,2,1,1,1,1
SF,IC2106,2020-10-28 09:34:04.100,5764.2000,10093,0,134907480.000,0,-,-,-,-,5763.2000,5763.0000,5759.2000,5759.0000,5757.0000,5765.2000,5765.4000,5765.6000,5765.8000,5766.2000,1,4,5,3,1,1,2,1,1,1
SF,IC2106,2020-10-28 09:34:04.600,5763.0000,10092,-1,140670520.000,5,2,3,多平,S,5759.2000,5759.0000,5757.0000,5753.2000,5753.0000,5763.8000,5764.2000,5764.8000,5765.2000,5765.4000,5,3,1,1,3,1,2,2,3,1
SF,IC2106,2020-10-28 09:34:05.100,5763.0000,10092,0,140670520.000,0,-,-,-,-,5759.4000,5759.2000,5759.0000,5757.0000,5753.2000,5763.6000,5763.8000,5764.2000,5764.8000,5765.2000,1,5,3,1,1,3,1,2,2,3
SF,IC2106,2020-10-28 09:34:05.600,5759.2000,10092,0,141822360.000,1,0,1,多换,S,5759.2000,5759.0000,5757.0000,5753.2000,5753.0000,5762.4000,5763.0000,5763.2000,5763.6000,5764.2000,4,3,1,1,3,5,1,1,4,2
SF,IC2106,2020-10-28 09:34:06.100,5759.0000,10092,0,147581520.000,5,2,3,多换,S,5759.0000,5757.0000,5753.2000,5753.0000,5752.6000,5761.0000,5761.6000,5761.8000,5762.0000,5762.2000,2,1,1,3,1,1,3,2,1,2
SF,IC2106,2020-10-28 09:34:06.600,5759.0000,10092,0,149885120.000,2,1,1,多换,S,5757.0000,5753.2000,5753.0000,5752.6000,5751.2000,5760.8000,5761.0000,5761.6000,5761.8000,5762.2000,1,1,3,1,3,1,1,3,1,1
SF,IC2106,2020-10-28 09:34:07.100,5759.0000,10092,0,149885120.000,0,-,-,-,-,5757.2000,5757.0000,5753.2000,5753.0000,5752.6000,5760.6000,5760.8000,5761.0000,5761.6000,5761.8000,1,1,1,3,1,1,1,1,3,1
SF,IC2106,2020-10-28 09:34:07.600,5759.0000,10092,0,149885120.000,0,-,-,-,-,5757.2000,5757.0000,5753.2000,5753.0000,5752.6000,5760.6000,5761.0000,5761.6000,5761.8000,5762.4000,1,1,1,3,1,2,1,3,1,4
SF,IC2106,2020-10-28 09:34:08.100,5760.6000,10090,-2,153341440.000,3,0,3,多平,S,5757.6000,5757.4000,5757.2000,5757.0000,5753.2000,5768.8000,5769.2000,5769.8000,5775.0000,5776.0000,1,2,1,1,1,2,1,1,1,2
SF,IC2106,2020-10-28 09:34:08.600,5760.6000,10090,0,153341440.000,0,-,-,-,-,5757.8000,5757.4000,5757.0000,5753.2000,5753.0000,5763.2000,5763.6000,5763.8000,5764.2000,5764.8000,2,1,1,1,3,1,1,1,2,1
SF,IC2106,2020-10-28 09:34:09.100,5760.6000,10090,0,153341440.000,0,-,-,-,-,5757.8000,5757.0000,5753.8000,5753.2000,5753.0000,5762.4000,5763.0000,5763.2000,5763.6000,5764.2000,2,1,5,1,3,4,1,1,1,2
SF,IC2106,2020-10-28 09:34:09.600,5760.6000,10090,0,153341440.000,0,-,-,-,-,5758.4000,5757.8000,5757.0000,5753.8000,5753.2000,5764.2000,5765.2000,5768.8000,5769.2000,5769.8000,1,2,1,5,1,2,1,2,1,1
SF,IC2106,2020-10-28 09:34:10.100,5760.6000,10090,0,153341440.000,0,-,-,-,-,5758.6000,5758.4000,5757.0000,5755.0000,5753.2000,5763.6000,5763.8000,5764.0000,5764.2000,5765.2000,2,1,1,1,1,1,1,1,2,1
SF,IC2106,2020-10-28 09:34:10.600,5760.6000,10090,0,153341440.000,0,-,-,-,-,5758.6000,5757.0000,5755.6000,5755.0000,5753.2000,5762.4000,5763.2000,5763.4000,5763.6000,5763.8000,1,1,5,1,1,1,1,1,2,1
SF,IC2106,2020-10-28 09:34:11.100,5760.6000,10090,0,153341440.000,0,-,-,-,-,5758.8000,5758.6000,5757.0000,5755.0000,5753.2000,5762.2000,5762.4000,5763.2000,5763.6000,5764.2000,1,1,1,1,1,1,2,1,2,2
SF,IC2106,2020-10-28 09:34:11.600,5760.6000,10090,0,153341440.000,0,-,-,-,-,5759.0000,5758.8000,5757.0000,5755.0000,5753.2000,5762.2000,5762.4000,5763.2000,5763.6000,5764.2000,1,1,1,1,1,1,2,1,2,2
SF,IC2106,2020-10-28 09:34:12.100,5760.6000,10090,0,153341440.000,0,-,-,-,-,5759.2000,5759.0000,5757.0000,5755.0000,5753.2000,5762.2000,5762.4000,5763.2000,5763.6000,5764.2000,1,1,1,1,1,1,2,1,2,2
SF,IC2106,2020-10-28 09:34:12.600,5760.6000,10090,0,153341440.000,0,-,-,-,-,5759.4000,5759.2000,5757.0000,5755.0000,5753.2000,5765.2000,5768.8000,5769.2000,5769.8000,5775.0000,2,1,1,1,1,1,2,1,1,1
SF,IC2106,2020-10-28 09:34:13.100,5760.6000,10090,0,153341440.000,0,-,-,-,-,5759.6000,5759.4000,5757.0000,5755.4000,5755.0000,5763.8000,5764.2000,5764.8000,5765.0000,5765.2000,1,2,1,5,1,1,2,2,1,3
SF,IC2106,2020-10-28 09:34:13.600,5760.6000,10090,0,153341440.000,0,-,-,-,-,5759.8000,5757.0000,5755.4000,5755.0000,5753.2000,5762.4000,5763.2000,5763.6000,5764.2000,5765.2000,1,1,5,1,1,4,1,3,2,1
SF,IC2106,2020-10-28 09:34:14.100,5760.6000,10090,0,153341440.000,0,-,-,-,-,5759.8000,5757.0000,5755.0000,5753.2000,5753.0000,5762.2000,5764.2000,5765.2000,5768.8000,5769.2000,1,1,1,1,3,1,2,1,2,1
SF,IC2106,2020-10-28 09:34:14.600,5760.6000,10090,0,153341440.000,0,-,-,-,-,5760.0000,5759.8000,5757.0000,5755.0000,5753.2000,5762.2000,5764.2000,5765.2000,5768.8000,5769.2000,1,1,1,1,1,1,2,1,2,1
SF,IC2106,2020-10-28 09:34:15.100,5760.6000,10090,0,153341440.000,0,-,-,-,-,5760.0000,5759.8000,5757.0000,5755.4000,5755.0000,5762.2000,5764.2000,5765.2000,5768.8000,5769.2000,1,1,1,5,1,1,2,1,2,1
SF,IC2106,2020-10-28 09:34:15.600,5760.6000,10090,0,153341440.000,0,-,-,-,-,5760.0000,5759.8000,5757.0000,5755.4000,5755.0000,5762.2000,5764.2000,5765.2000,5768.8000,5769.2000,1,1,1,5,1,1,2,1,2,1
SF,IC2106,2020-10-28 09:34:17.100,5760.6000,10090,0,153341440.000,0,-,-,-,-,5760.0000,5759.8000,5757.0000,5755.0000,5753.2000,5762.2000,5764.2000,5765.2000,5768.8000,5769.2000,1,1,1,1,1,1,2,1,2,1
SF,IC2106,2020-10-28 09:34:17.600,5760.6000,10090,0,153341440.000,0,-,-,-,-,5759.8000,5757.0000,5755.0000,5753.2000,5753.0000,5762.2000,5764.2000,5768.8000,5769.2000,5769.8000,1,1,1,1,3,1,2,2,1,1
SF,IC2106,2020-10-28 09:34:18.100,5760.6000,10090,0,153341440.000,0,-,-,-,-,5759.8000,5757.0000,5755.0000,5753.2000,5753.0000,5761.6000,5761.8000,5762.2000,5768.8000,5769.2000,1,1,1,1,3,3,1,1,2,1
SF,IC2106,2020-10-28 09:34:18.600,5760.6000,10090,0,153341440.000,0,-,-,-,-,5757.0000,5755.0000,5754.0000,5753.2000,5753.0000,5761.0000,5761.4000,5761.6000,5761.8000,5768.8000,1,1,5,1,3,1,1,3,1,2
SF,IC2106,2020-10-28 09:34:19.100,5760.6000,10090,0,153341440.000,0,-,-,-,-,5757.2000,5757.0000,5755.0000,5754.0000,5753.2000,5760.8000,5761.0000,5761.6000,5761.8000,5768.8000,2,1,1,5,1,1,1,3,1,2
SF,IC2106,2020-10-28 09:34:19.600,5760.6000,10090,0,153341440.000,0,-,-,-,-,5757.2000,5757.0000,5755.0000,5754.0000,5753.2000,5760.0000,5760.8000,5761.0000,5761.6000,5761.8000,1,1,1,5,1,1,1,1,3,1
SF,IC2106,2020-10-28 09:34:20.100,5760.6000,10090,0,153341440.000,0,-,-,-,-,5757.2000,5757.0000,5755.0000,5753.2000,5753.0000,5759.8000,5760.0000,5761.0000,5761.6000,5761.8000,1,1,1,1,3,1,1,1,3,1
SF,IC2106,2020-10-28 09:34:20.600,5760.6000,10090,0,153341440.000,0,-,-,-,-,5757.2000,5757.0000,5755.0000,5753.2000,5753.0000,5759.8000,5760.0000,5761.0000,5761.6000,5768.8000,1,1,1,1,3,1,1,1,2,2
SF,IC2106,2020-10-28 09:34:21.100,5760.6000,10090,0,153341440.000,0,-,-,-,-,5757.2000,5757.0000,5755.0000,5753.2000,5753.0000,5759.0000,5759.6000,5759.8000,5760.0000,5768.8000,1,1,1,1,3,2,4,1,1,2
SF,IC2106,2020-10-28 09:34:21.600,5760.0000,10089,-1,154493440.000,1,0,1,双平,S,5757.0000,5755.0000,5753.2000,5753.0000,5752.2000,5768.8000,5769.2000,5769.8000,5775.0000,5776.0000,1,1,1,3,5,2,1,1,1,2
SF,IC2106,2020-10-28 09:34:22.100,5760.0000,10089,0,154493440.000,0,-,-,-,-,5757.2000,5757.0000,5755.0000,5753.2000,5753.0000,5759.6000,5760.0000,5761.6000,5762.4000,5768.6000,2,1,1,1,3,3,4,2,1,2
SF,IC2106,2020-10-28 09:34:22.600,5760.0000,10089,0,154493440.000,0,-,-,-,-,5757.2000,5757.0000,5755.0000,5753.2000,5753.0000,5757.6000,5759.0000,5759.6000,5760.0000,5761.6000,2,1,1,1,3,1,1,4,4,1
SF,IC2106,2020-10-28 09:34:23.100,5757.6000,10089,0,155644960.000,1,0,1,多换,S,5757.2000,5757.0000,5755.0000,5753.2000,5753.0000,5759.0000,5759.6000,5760.0000,5761.6000,5768.6000,1,1,1,1,3,1,4,4,1,1
SF,IC2106,2020-10-28 09:34:23.600,5757.6000,10089,0,155644960.000,0,-,-,-,-,5757.2000,5757.0000,5755.0000,5753.2000,5753.0000,5757.6000,5759.6000,5760.0000,5761.6000,5768.6000,1,1,1,1,3,1,4,4,1,1
SF,IC2106,2020-10-28 09:34:24.100,5757.2000,10088,-1,156796400.000,1,0,1,双平,S,5757.0000,5755.0000,5753.2000,5753.0000,5751.2000,5757.6000,5759.6000,5768.6000,5768.8000,5769.2000,1,1,1,3,3,2,3,1,2,1
SF,IC2106,2020-10-28 09:34:24.600,5757.6000,10087,-1,159099440.000,2,0,2,多平,S,5757.8000,5757.0000,5755.0000,5753.2000,5753.0000,5759.6000,5768.6000,5768.8000,5769.2000,5769.8000,1,1,1,1,3,2,1,2,1,1
SF,IC2106,2020-10-28 09:34:25.100,5757.6000,10087,0,159099440.000,0,-,-,-,-,5757.8000,5757.0000,5755.0000,5753.2000,5753.0000,5759.6000,5768.6000,5768.8000,5769.2000,5769.8000,1,1,1,1,3,3,1,2,1,1
SF,IC2106,2020-10-28 09:34:25.600,5757.6000,10087,0,160250960.000,1,0,1,多换,S,5757.0000,5755.0000,5753.2000,5753.0000,5751.2000,5759.4000,5759.6000,5768.8000,5769.2000,5769.8000,1,1,1,3,3,1,3,2,1,1
SF,IC2106,2020-10-28 09:34:26.100,5757.6000,10087,0,160250960.000,0,-,-,-,-,5757.0000,5755.0000,5753.2000,5753.0000,5751.2000,5759.4000,5768.8000,5769.2000,5769.8000,5775.0000,1,1,1,3,3,1,2,1,1,1
SF,IC2106,2020-10-28 09:34:26.600,5757.6000,10087,0,160250960.000,0,-,-,-,-,5757.2000,5757.0000,5755.0000,5753.2000,5753.0000,5757.6000,5759.4000,5768.8000,5769.2000,5769.8000,1,1,1,1,3,1,1,2,1,1
SF,IC2106,2020-10-28 09:34:27.100,5757.6000,10087,0,161402480.000,1,0,1,多换,S,5757.2000,5757.0000,5755.0000,5753.2000,5753.0000,5759.4000,5768.8000,5769.2000,5769.8000,5775.0000,1,1,1,1,3,1,2,1,1,1
SF,IC2106,2020-10-28 09:34:27.600,5757.6000,10087,0,161402480.000,0,-,-,-,-,5757.2000,5757.0000,5755.0000,5753.2000,5753.0000,5768.8000,5769.2000,5769.8000,5775.0000,5776.0000,1,1,1,1,3,2,1,1,1,2
SF,IC2106,2020-10-28 09:34:28.100,5757.6000,10087,0,161402480.000,0,-,-,-,-,5757.4000,5757.2000,5757.0000,5755.0000,5753.2000,5761.0000,5761.6000,5761.8000,5762.4000,5768.6000,1,1,1,1,1,1,3,2,3,2
SF,IC2106,2020-10-28 09:34:28.600,5757.6000,10087,0,161402480.000,0,-,-,-,-,5757.6000,5757.4000,5757.0000,5755.0000,5753.2000,5760.8000,5761.0000,5761.6000,5761.8000,5762.4000,1,1,1,1,1,1,1,3,2,3
SF,IC2106,2020-10-28 09:34:29.100,5757.6000,10087,0,161402480.000,0,-,-,-,-,5757.8000,5757.6000,5757.0000,5755.0000,5753.2000,5760.8000,5761.0000,5761.6000,5761.8000,5762.4000,1,1,1,1,1,1,1,3,2,3
SF,IC2106,2020-10-28 09:34:29.600,5757.6000,10087,0,161402480.000,0,-,-,-,-,5758.0000,5757.8000,5757.6000,5757.0000,5755.0000,5760.8000,5761.0000,5761.6000,5761.8000,5762.4000,1,1,1,1,1,1,1,3,2,3
SF,IC2106,2020-10-28 09:34:30.100,5757.6000,10087,0,161402480.000,0,-,-,-,-,5758.2000,5757.0000,5755.0000,5753.8000,5753.2000,5760.8000,5761.8000,5762.4000,5768.8000,5769.2000,4,1,1,5,1,1,1,3,2,1
SF,IC2106,2020-10-28 09:34:30.600,5757.6000,10087,0,161402480.000,0,-,-,-,-,5758.6000,5758.2000,5757.0000,5755.0000,5753.8000,5762.4000,5768.8000,5769.2000,5769.8000,5775.0000,1,3,1,1,5,2,2,1,1,1
SF,IC2106,2020-10-28 09:34:31.100,5757.6000,10087,0,161402480.000,0,-,-,-,-,5758.8000,5758.6000,5758.2000,5757.0000,5755.0000,5762.2000,5762.4000,5768.8000,5769.2000,5769.8000,3,1,1,1,1,1,3,2,1,1
SF,IC2106,2020-10-28 09:34:31.600,5757.6000,10087,0,161402480.000,0,-,-,-,-,5758.8000,5758.6000,5757.0000,5755.0000,5753.8000,5762.2000,5768.8000,5769.2000,5769.8000,5775.0000,3,1,1,1,5,1,2,1,1,1
SF,IC2106,2020-10-28 09:34:32.100,5757.6000,10087,0,161402480.000,0,-,-,-,-,5758.8000,5757.0000,5755.0000,5753.2000,5753.0000,5768.8000,5769.2000,5769.8000,5775.0000,5776.0000,3,1,1,1,3,2,1,1,1,2
SF,IC2106,2020-10-28 09:34:32.600,5757.6000,10087,0,161402480.000,0,-,-,-,-,5758.8000,5757.0000,5755.4000,5755.0000,5753.2000,5763.6000,5763.8000,5764.2000,5764.8000,5765.2000,2,1,5,1,1,1,1,2,1,3
SF,IC2106,2020-10-28 09:34:33.100,5757.6000,10087,0,161402480.000,0,-,-,-,-,5758.8000,5757.0000,5755.4000,5755.0000,5753.2000,5763.2000,5763.4000,5763.6000,5763.8000,5764.2000,2,1,5,1,1,1,1,2,1,2
SF,IC2106,2020-10-28 09:34:33.600,5757.6000,10087,0,161402480.000,0,-,-,-,-,5758.8000,5757.0000,5755.4000,5755.0000,5753.2000,5763.0000,5763.2000,5763.6000,5763.8000,5764.2000,1,1,5,1,1,1,1,2,1,2
SF,IC2106,2020-10-28 09:34:34.100,5757.6000,10087,0,161402480.000,0,-,-,-,-,5758.8000,5757.0000,5755.4000,5755.0000,5753.2000,5762.4000,5763.0000,5763.2000,5763.6000,5764.2000,1,1,5,1,1,1,1,1,2,2
SF,IC2106,2020-10-28 09:34:34.600,5757.6000,10087,0,161402480.000,0,-,-,-,-,5758.8000,5757.0000,5755.4000,5755.0000,5753.2000,5762.2000,5762.4000,5763.2000,5763.6000,5764.2000,1,1,5,1,1,1,3,1,2,2
SF,IC2106,2020-10-28 09:34:35.100,5757.6000,10087,0,161402480.000,0,-,-,-,-,5759.0000,5758.8000,5757.0000,5755.4000,5755.0000,5762.2000,5763.2000,5763.6000,5764.2000,5765.2000,1,1,1,5,1,1,1,2,2,1
SF,IC2106,2020-10-28 09:34:35.600,5757.6000,10087,0,161402480.000,0,-,-,-,-,5759.4000,5759.2000,5759.0000,5757.0000,5755.4000,5765.2000,5768.8000,5769.2000,5769.8000,5775.0000,1,2,1,1,5,1,3,1,1,1
SF,IC2106,2020-10-28 09:34:36.100,5757.6000,10087,0,161402480.000,0,-,-,-,-,5759.6000,5759.2000,5757.0000,5755.4000,5755.0000,5764.2000,5764.8000,5765.0000,5765.2000,5768.8000,2,1,1,5,1,2,1,1,4,3
SF,IC2106,2020-10-28 09:34:36.600,5757.6000,10087,0,161402480.000,0,-,-,-,-,5759.6000,5759.2000,5757.8000,5757.0000,5755.0000,5763.8000,5764.0000,5764.2000,5764.8000,5765.2000,1,1,5,1,1,1,1,2,1,3
SF,IC2106,2020-10-28 09:34:37.100,5757.6000,10087,0,161402480.000,0,-,-,-,-,5759.6000,5757.8000,5757.0000,5755.0000,5753.2000,5763.2000,5763.6000,5763.8000,5764.2000,5765.2000,1,5,1,1,1,1,3,1,2,3
SF,IC2106,2020-10-28 09:34:37.600,5757.6000,10087,0,161402480.000,0,-,-,-,-,5759.6000,5757.0000,5755.6000,5755.0000,5753.2000,5762.4000,5762.8000,5763.0000,5763.2000,5763.6000,1,1,5,1,1,3,1,1,1,2
SF,IC2106,2020-10-28 09:34:38.100,5757.6000,10087,0,161402480.000,0,-,-,-,-,5759.6000,5757.0000,5755.6000,5755.0000,5753.2000,5762.2000,5762.4000,5762.8000,5763.2000,5763.6000,1,1,5,1,1,1,3,1,1,2
SF,IC2106,2020-10-28 09:34:38.600,5757.6000,10087,0,161402480.000,0,-,-,-,-,5759.6000,5757.0000,5755.6000,5755.0000,5753.2000,5762.2000,5763.2000,5763.6000,5764.2000,5765.2000,1,1,5,1,1,1,1,2,2,1
SF,IC2106,2020-10-28 09:34:39.100,5757.6000,10087,0,161402480.000,0,-,-,-,-,5759.6000,5757.0000,5755.6000,5755.0000,5753.2000,5762.2000,5764.2000,5765.2000,5768.8000,5769.2000,1,1,5,1,1,1,2,1,3,1
SF,IC2106,2020-10-28 09:34:41.100,5762.2000,10086,-1,162554920.000,1,0,1,双平,S,5759.6000,5757.0000,5755.6000,5755.0000,5753.2000,5764.2000,5765.2000,5768.8000,5769.2000,5769.8000,1,1,5,1,1,2,1,3,1,1
SF,IC2106,2020-10-28 09:34:41.600,5762.2000,10086,0,162554920.000,0,-,-,-,-,5759.8000,5759.6000,5757.0000,5755.6000,5755.0000,5763.6000,5763.8000,5764.0000,5764.2000,5765.2000,1,1,1,5,1,1,1,1,2,1
