市场代码,合约代码,时间,最新,持仓,增仓,成交额,成交量,开仓,平仓,成交类型,方向,买一价,买二价,买三价,买四价,买五价,卖一价,卖二价,卖三价,卖四价,卖五价,买一量,买二量,买三量,买四量,买五量,卖一量,卖二量,卖三量,卖四量,卖五量
SF,IC2106,2020-10-19 09:29:00.100,6006.0000,6,0,7207200.000,6.000,-,-,-,-,6001.0000,5991.0000,5981.0000,5971.0000,5968.6000,6009.8000,6020.0000,6024.0000,6024.8000,6028.0000,1,1,1,1,1,1,2,1,1,2
SF,IC2106,2020-10-19 09:30:00.100,6020.0000,8,2,9613160.000,2,2,0,双开,S,6011.0000,6001.0000,5991.0000,5981.0000,5971.0000,6020.0000,6024.0000,6024.8000,6028.0000,6036.0000,1,1,1,1,1,1,1,1,2,2
SF,IC2106,2020-10-19 09:30:00.600,6015.8000,9,1,10816320.000,1,1,0,双开,S,6011.0000,6001.2000,6001.0000,5991.0000,5981.0000,6024.0000,6024.8000,6036.4000,6039.8000,6042.0000,1,1,1,1,1,1,1,1,1,1
SF,IC2106,2020-10-19 09:30:01.100,6015.8000,9,0,10816320.000,0,-,-,-,-,6011.0000,6001.2000,6001.0000,5991.0000,5981.0000,6024.0000,6024.8000,6036.4000,6039.8000,6042.0000,1,1,1,1,1,1,1,1,1,1
SF,IC2106,2020-10-19 09:30:01.600,6015.8000,9,0,10816320.000,0,-,-,-,-,6001.2000,6001.0000,5991.0000,5981.0000,5971.0000,6019.4000,6024.0000,6024.8000,6036.4000,6039.8000,1,1,1,1,1,1,1,1,1,1
SF,IC2106,2020-10-19 09:30:03.100,6015.8000,9,0,10816320.000,0,-,-,-,-,6001.2000,6001.0000,5991.0000,5981.0000,5971.0000,6019.4000,6024.0000,6024.8000,6039.8000,6042.0000,1,1,1,1,1,1,1,1,1,1
SF,IC2106,2020-10-19 09:30:03.600,6015.8000,9,0,10816320.000,0,-,-,-,-,6001.2000,6001.0000,6000.0000,5991.0000,5981.0000,6019.4000,6024.0000,6024.8000,6039.8000,6042.0000,1,1,1,1,1,1,1,1,1,1
SF,IC2106,2020-10-19 09:30:05.100,6019.4000,11,2,13223360.000,2,2,0,双开,S,6001.4000,6001.2000,6001.0000,6000.0000,5991.0000,6024.0000,6024.8000,6039.8000,6042.0000,6044.0000,1,1,1,1,1,1,1,1,1,2
SF,IC2106,2020-10-19 09:30:06.600,6019.4000,11,0,13223360.000,0,-,-,-,-,6006.2000,6001.4000,6001.2000,6001.0000,6000.0000,6024.0000,6024.8000,6039.8000,6042.0000,6044.0000,1,1,1,1,1,1,1,1,1,2
SF,IC2106,2020-10-19 09:30:07.600,6019.4000,11,0,13223360.000,0,-,-,-,-,6006.2000,6001.4000,6001.2000,6001.0000,6000.0000,6024.0000,6024.8000,6039.8000,6042.0000,6044.0000,1,1,1,1,1,1,1,1,1,2
SF,IC2106,2020-10-19 09:30:08.600,6019.4000,11,0,13223360.000,0,-,-,-,-,6006.2000,6001.4000,6001.2000,6001.0000,6000.0000,6024.0000,6024.8000,6039.8000,6042.0000,6044.0000,1,1,1,1,2,1,1,1,1,2
SF,IC2106,2020-10-19 09:30:10.100,6019.4000,11,0,13223360.000,0,-,-,-,-,6001.4000,6001.2000,6001.0000,6000.0000,5991.0000,6024.0000,6024.8000,6039.8000,6042.0000,6044.0000,1,1,1,2,1,1,1,1,1,2
SF,IC2106,2020-10-19 09:30:10.600,6019.4000,11,0,13223360.000,0,-,-,-,-,6001.6000,6001.4000,6001.2000,6001.0000,6000.0000,6024.0000,6024.8000,6039.8000,6042.0000,6044.0000,1,1,1,1,2,1,1,1,1,2
SF,IC2106,2020-10-19 09:30:11.600,6019.4000,11,0,13223360.000,0,-,-,-,-,6001.6000,6001.4000,6001.2000,6001.0000,6000.0000,6024.0000,6024.8000,6027.2000,6039.8000,6042.0000,1,1,1,1,2,1,1,2,1,1
SF,IC2106,2020-10-19 09:30:12.100,6019.4000,11,0,13223360.000,0,-,-,-,-,6012.6000,6001.6000,6001.2000,6001.0000,6000.0000,6024.0000,6024.8000,6027.2000,6039.8000,6042.0000,1,1,1,1,2,1,1,2,1,1
SF,IC2106,2020-10-19 09:30:12.600,6019.4000,11,0,13223360.000,0,-,-,-,-,6012.8000,6012.6000,6001.2000,6001.0000,6000.0000,6024.0000,6024.8000,6027.2000,6039.8000,6042.0000,1,1,1,1,2,1,1,2,1,1
SF,IC2106,2020-10-19 09:30:13.100,6024.0000,12,1,14428160.000,1,1,0,双开,S,6012.6000,6001.2000,6001.0000,6000.0000,5991.0000,6024.8000,6027.2000,6039.8000,6042.0000,6044.0000,1,1,1,2,1,1,2,1,1,2
SF,IC2106,2020-10-19 09:30:13.600,6024.0000,12,0,14428160.000,0,-,-,-,-,6012.6000,6001.2000,6001.0000,6000.0000,5991.0000,6023.2000,6024.6000,6024.8000,6039.8000,6042.0000,1,1,1,2,1,2,1,1,1,1
SF,IC2106,2020-10-19 09:30:15.600,6024.0000,12,0,14428160.000,0,-,-,-,-,6012.6000,6001.2000,6001.0000,6000.2000,6000.0000,6023.2000,6024.6000,6024.8000,6039.8000,6042.0000,1,1,1,1,2,2,1,1,1,1
SF,IC2106,2020-10-19 09:30:16.100,6024.0000,12,0,14428160.000,0,-,-,-,-,6012.6000,6001.2000,6001.0000,6000.2000,6000.0000,6023.2000,6024.8000,6039.8000,6042.0000,6044.0000,1,1,1,1,2,2,1,1,1,2
SF,IC2106,2020-10-19 09:30:17.100,6023.2000,13,1,15632800.000,1,1,0,双开,S,6012.8000,6012.6000,6001.2000,6001.0000,6000.2000,6022.4000,6024.8000,6039.8000,6042.0000,6044.0000,1,1,1,1,1,1,1,1,1,2
SF,IC2106,2020-10-19 09:30:18.100,6023.2000,13,0,15632800.000,0,-,-,-,-,6012.8000,6012.6000,6001.2000,6001.0000,6000.2000,6020.4000,6021.6000,6024.8000,6039.8000,6042.0000,1,1,1,1,1,1,1,1,1,1
SF,IC2106,2020-10-19 09:30:18.600,6023.2000,13,0,15632800.000,0,-,-,-,-,6012.8000,6012.6000,6001.2000,6001.0000,6000.2000,6020.4000,6021.6000,6023.6000,6024.8000,6039.8000,1,1,1,1,1,1,1,1,1,1
SF,IC2106,2020-10-19 09:30:19.100,6023.2000,13,0,15632800.000,0,-,-,-,-,6012.8000,6012.6000,6001.2000,6001.0000,6000.2000,6020.0000,6020.4000,6023.6000,6024.8000,6039.8000,1,1,1,1,1,1,1,1,1,1
SF,IC2106,2020-10-19 09:30:19.600,6023.2000,13,0,15632800.000,0,-,-,-,-,6012.8000,6012.6000,6001.2000,6001.0000,6000.2000,6020.0000,6020.4000,6023.6000,6024.8000,6030.0000,1,1,1,1,1,1,1,1,1,1
SF,IC2106,2020-10-19 09:30:20.100,6023.2000,13,0,15632800.000,0,-,-,-,-,6012.8000,6001.2000,6001.0000,6000.2000,6000.0000,6018.8000,6020.4000,6023.6000,6024.8000,6030.0000,1,1,1,1,2,1,1,1,1,1
SF,IC2106,2020-10-19 09:30:22.600,6023.2000,13,0,15632800.000,0,-,-,-,-,6012.8000,6012.0000,6001.2000,6001.0000,6000.2000,6018.8000,6020.4000,6023.6000,6024.8000,6030.0000,1,2,1,1,1,1,1,1,1,1
SF,IC2106,2020-10-19 09:30:23.600,6023.2000,13,0,15632800.000,0,-,-,-,-,6012.8000,6012.0000,6001.2000,6001.0000,6000.2000,6018.4000,6018.8000,6020.4000,6023.6000,6024.8000,1,2,1,1,1,1,1,1,1,1
SF,IC2106,2020-10-19 09:30:24.100,6023.2000,13,0,15632800.000,0,-,-,-,-,6012.8000,6012.0000,6001.2000,6001.0000,6000.2000,6017.8000,6018.4000,6020.4000,6023.6000,6024.8000,1,2,1,1,1,1,1,1,1,1
SF,IC2106,2020-10-19 09:30:24.600,6018.4000,14,1,16836480.000,1,1,0,双开,S,6012.8000,6012.0000,6001.2000,6001.0000,6000.2000,6018.4000,6020.4000,6023.6000,6024.8000,6030.0000,1,2,1,1,1,1,1,1,1,1
SF,IC2106,2020-10-19 09:30:25.100,6012.8000,15,1,18039040.000,1,1,0,双开,S,6012.0000,6001.2000,6001.0000,6000.2000,6000.0000,6018.4000,6023.6000,6024.8000,6030.0000,6039.8000,2,1,1,1,2,1,1,1,1,1
SF,IC2106,2020-10-19 09:30:25.600,6012.8000,15,0,18039040.000,0,-,-,-,-,6012.0000,6001.2000,6001.0000,6000.2000,6000.0000,6018.4000,6023.6000,6024.8000,6030.0000,6039.8000,2,1,1,1,2,1,1,1,1,1
SF,IC2106,2020-10-19 09:30:30.100,6012.8000,15,0,18039040.000,0,-,-,-,-,6012.0000,6001.2000,6001.0000,6000.2000,6000.0000,6018.4000,6020.4000,6024.8000,6030.0000,6039.8000,2,1,1,1,2,1,1,1,1,1
SF,IC2106,2020-10-19 09:30:33.100,6012.8000,15,0,18039040.000,0,-,-,-,-,6012.0000,6001.2000,6001.0000,6000.2000,6000.0000,6014.6000,6018.4000,6020.4000,6024.8000,6030.0000,2,1,1,1,2,1,1,1,1,1
SF,IC2106,2020-10-19 09:30:33.600,6012.8000,15,0,18039040.000,0,-,-,-,-,6012.0000,6001.2000,6001.0000,6000.2000,6000.0000,6014.6000,6018.4000,6020.4000,6024.8000,6030.0000,2,1,1,1,2,1,1,1,1,1
SF,IC2106,2020-10-19 09:30:34.100,6012.8000,15,0,18039040.000,0,-,-,-,-,6012.0000,6001.2000,6001.0000,6000.2000,6000.0000,6013.8000,6014.6000,6018.4000,6020.4000,6024.8000,2,1,1,1,2,1,1,1,1,1
SF,IC2106,2020-10-19 09:30:34.600,6012.8000,15,0,18039040.000,0,-,-,-,-,6012.2000,6012.0000,6001.2000,6001.0000,6000.2000,6013.8000,6014.6000,6018.4000,6020.4000,6024.8000,1,2,1,1,1,1,1,1,1,1
SF,IC2106,2020-10-19 09:30:36.600,6012.0000,18,3,21646280.000,3,3,0,双开,S,6001.2000,6001.0000,6000.2000,6000.0000,5991.0000,6012.0000,6013.8000,6014.6000,6018.4000,6020.4000,1,1,1,2,1,1,1,1,1,1
SF,IC2106,2020-10-19 09:30:37.100,6012.0000,18,0,21646280.000,0,-,-,-,-,6001.2000,6001.0000,6000.2000,6000.0000,5991.0000,6011.4000,6012.0000,6013.8000,6014.6000,6018.4000,1,1,1,2,1,2,1,1,1,1
SF,IC2106,2020-10-19 09:30:40.600,6012.0000,18,0,21646280.000,0,-,-,-,-,6005.2000,6001.2000,6001.0000,6000.2000,6000.0000,6011.4000,6012.0000,6013.8000,6014.6000,6018.4000,1,1,1,1,2,2,1,1,1,1
SF,IC2106,2020-10-19 09:30:41.100,6012.0000,18,0,21646280.000,0,-,-,-,-,6005.2000,6001.2000,6001.0000,6000.2000,6000.0000,6011.4000,6012.0000,6013.8000,6014.6000,6018.4000,1,1,1,1,2,2,1,1,1,1
SF,IC2106,2020-10-19 09:30:42.100,6011.4000,19,1,22848560.000,1,1,0,双开,S,6005.2000,6001.2000,6001.0000,6000.2000,6000.0000,6011.4000,6012.0000,6013.8000,6014.6000,6018.4000,1,1,1,1,2,1,1,1,1,1
SF,IC2106,2020-10-19 09:30:42.600,6011.4000,19,0,22848560.000,0,-,-,-,-,6005.2000,6001.2000,6001.0000,6000.2000,6000.0000,6011.4000,6012.0000,6013.8000,6014.6000,6018.4000,1,1,1,1,2,1,1,1,1,1
SF,IC2106,2020-10-19 09:30:44.600,6011.4000,19,0,22848560.000,0,-,-,-,-,6005.2000,6001.2000,6001.0000,6000.2000,6000.0000,6010.8000,6011.4000,6012.0000,6013.8000,6014.6000,1,1,1,1,2,1,1,1,1,1
SF,IC2106,2020-10-19 09:30:46.600,6010.8000,20,1,24050720.000,1,1,0,双开,S,6005.2000,6001.2000,6001.0000,6000.2000,6000.0000,6011.4000,6012.0000,6013.8000,6014.6000,6018.4000,1,1,1,1,2,1,1,1,1,1
SF,IC2106,2020-10-19 09:30:47.100,6011.4000,21,1,25253000.000,1,1,0,双开,S,6005.2000,6001.2000,6001.0000,6000.2000,6000.0000,6012.0000,6013.8000,6014.6000,6018.4000,6020.4000,1,1,1,1,2,1,1,1,1,1
SF,IC2106,2020-10-19 09:30:47.600,6011.4000,21,0,25253000.000,0,-,-,-,-,6005.2000,6001.2000,6001.0000,6000.2000,6000.0000,6012.0000,6013.8000,6014.6000,6018.4000,6020.4000,1,1,1,1,2,1,1,1,1,1
SF,IC2106,2020-10-19 09:30:51.100,6011.4000,21,0,25253000.000,0,-,-,-,-,6006.0000,6005.2000,6001.2000,6001.0000,6000.2000,6012.0000,6013.8000,6014.6000,6018.4000,6020.4000,1,1,1,1,1,1,1,1,1,1
SF,IC2106,2020-10-19 09:30:51.600,6006.0000,22,1,26454200.000,1,1,0,双开,S,6005.2000,6001.2000,6001.0000,6000.2000,6000.0000,6011.8000,6012.0000,6013.8000,6014.6000,6018.4000,1,1,1,1,2,1,1,1,1,1
SF,IC2106,2020-10-19 09:30:52.100,6006.0000,22,0,26454200.000,0,-,-,-,-,6005.8000,6005.2000,6001.2000,6001.0000,6000.2000,6011.8000,6012.0000,6013.8000,6014.6000,6018.4000,1,1,1,1,1,1,1,1,1,1
SF,IC2106,2020-10-19 09:30:52.600,6006.0000,22,0,26454200.000,0,-,-,-,-,6005.8000,6005.2000,6001.2000,6001.0000,6000.2000,6011.2000,6012.0000,6013.8000,6014.6000,6020.4000,1,1,1,1,1,1,2,1,1,1
SF,IC2106,2020-10-19 09:30:53.100,6011.2000,23,1,27656440.000,1,1,0,双开,S,6005.8000,6005.2000,6001.2000,6001.0000,6000.2000,6012.0000,6013.8000,6014.6000,6020.4000,6024.8000,1,1,1,1,1,2,1,1,1,1
SF,IC2106,2020-10-19 09:30:54.600,6012.0000,24,1,28858840.000,1,1,0,双开,S,6005.8000,6005.2000,6001.2000,6001.0000,6000.2000,6012.0000,6013.8000,6014.6000,6020.4000,6024.8000,1,1,1,1,1,1,1,1,1,1
SF,IC2106,2020-10-19 09:30:55.100,6012.0000,25,1,30061240.000,1,1,0,双开,S,6005.8000,6005.2000,6001.2000,6001.0000,6000.2000,6013.8000,6014.6000,6020.4000,6024.8000,6039.8000,1,1,1,1,1,1,1,1,1,1
SF,IC2106,2020-10-19 09:30:55.600,6012.0000,25,0,30061240.000,0,-,-,-,-,6005.8000,6005.2000,6001.2000,6001.0000,6000.2000,6011.8000,6013.8000,6014.6000,6020.4000,6024.8000,1,1,1,1,1,1,1,1,1,1
SF,IC2106,2020-10-19 09:30:56.600,6012.0000,26,1,31263640.000,1,1,0,双开,S,6005.8000,6005.2000,6001.2000,6001.0000,6000.2000,6013.8000,6014.6000,6020.4000,6024.8000,6039.8000,1,1,1,1,1,1,1,1,1,1
SF,IC2106,2020-10-19 09:30:57.100,6012.0000,26,0,31263640.000,0,-,-,-,-,6006.0000,6005.8000,6005.2000,6001.2000,6001.0000,6013.8000,6014.6000,6020.4000,6024.8000,6039.8000,1,1,1,1,1,1,1,1,1,1
SF,IC2106,2020-10-19 09:30:57.600,6012.0000,26,0,31263640.000,0,-,-,-,-,6006.2000,6006.0000,6005.8000,6005.2000,6001.2000,6013.8000,6014.6000,6024.8000,6039.8000,6042.0000,2,1,1,1,1,1,1,1,1,1
SF,IC2106,2020-10-19 09:30:58.100,6012.0000,26,0,31263640.000,0,-,-,-,-,6006.2000,6006.0000,6005.8000,6005.2000,6001.2000,6013.6000,6013.8000,6014.6000,6024.8000,6039.8000,2,1,1,1,1,1,1,1,1,1
SF,IC2106,2020-10-19 09:30:58.600,6012.0000,26,0,31263640.000,0,-,-,-,-,6006.2000,6005.8000,6005.2000,6001.2000,6001.0000,6013.6000,6013.8000,6014.6000,6024.8000,6039.8000,2,1,1,1,1,1,1,1,1,1
SF,IC2106,2020-10-19 09:30:59.100,6012.0000,26,0,31263640.000,0,-,-,-,-,6006.2000,6006.0000,6005.8000,6005.2000,6001.2000,6013.6000,6013.8000,6014.6000,6024.8000,6039.8000,2,1,1,1,1,1,1,1,1,1
SF,IC2106,2020-10-19 09:30:59.600,6013.6000,27,1,32466360.000,1,1,0,双开,S,6006.2000,6006.0000,6005.8000,6005.2000,6001.2000,6013.8000,6014.6000,6024.8000,6039.8000,6042.0000,1,1,1,1,1,1,1,1,1,1
SF,IC2106,2020-10-19 09:31:00.100,6006.2000,29,2,34868880.000,2,2,0,双开,S,6006.0000,6005.8000,6005.2000,6001.2000,6001.0000,6006.2000,6013.8000,6014.6000,6024.8000,6039.8000,1,1,1,1,1,1,1,1,1,1
SF,IC2106,2020-10-19 09:31:00.600,6006.2000,31,2,37271360.000,2,2,0,双开,S,6006.0000,6005.8000,6005.2000,6001.2000,6001.0000,6013.8000,6014.6000,6024.8000,6039.8000,6042.0000,1,1,1,1,1,1,1,1,1,1
SF,IC2106,2020-10-19 09:31:01.100,6013.8000,32,1,38474120.000,1,1,0,双开,S,6006.2000,6006.0000,6005.8000,6005.2000,6001.2000,6014.6000,6024.8000,6039.8000,6042.0000,6044.0000,1,1,1,1,1,1,1,1,1,2
SF,IC2106,2020-10-19 09:31:01.600,6013.8000,32,0,38474120.000,0,-,-,-,-,6006.4000,6006.2000,6006.0000,6005.8000,6001.2000,6014.0000,6014.6000,6024.8000,6039.8000,6042.0000,1,1,1,1,1,1,1,1,1,1
SF,IC2106,2020-10-19 09:31:02.100,6013.8000,32,0,38474120.000,0,-,-,-,-,6006.6000,6006.4000,6006.0000,6005.8000,6001.2000,6014.0000,6014.6000,6024.8000,6039.8000,6042.0000,1,1,1,1,1,1,1,1,1,1
SF,IC2106,2020-10-19 09:31:02.600,6013.8000,32,0,38474120.000,0,-,-,-,-,6006.8000,6006.6000,6006.4000,6006.0000,6005.8000,6014.0000,6014.6000,6024.8000,6039.8000,6042.0000,1,2,1,1,1,1,1,1,1,1
SF,IC2106,2020-10-19 09:31:03.100,6013.8000,32,0,38474120.000,0,-,-,-,-,6007.2000,6007.0000,6006.8000,6006.6000,6006.0000,6014.0000,6014.6000,6024.8000,6039.8000,6042.0000,1,1,1,1,1,1,1,1,1,1
SF,IC2106,2020-10-19 09:31:03.600,6013.8000,32,0,38474120.000,0,-,-,-,-,6007.4000,6007.2000,6006.6000,6006.0000,6005.8000,6014.0000,6014.6000,6024.8000,6039.8000,6042.0000,1,1,1,1,1,1,1,1,1,1
SF,IC2106,2020-10-19 09:31:04.100,6013.8000,32,0,38474120.000,0,-,-,-,-,6007.4000,6007.2000,6006.0000,6005.8000,6001.2000,6014.0000,6014.6000,6024.8000,6039.8000,6042.0000,1,1,1,1,1,1,1,1,1,1
SF,IC2106,2020-10-19 09:31:04.600,6013.8000,32,0,38474120.000,0,-,-,-,-,6007.4000,6007.2000,6006.0000,6005.8000,6001.2000,6014.6000,6024.8000,6039.8000,6042.0000,6044.0000,1,1,1,1,1,1,1,1,1,2
SF,IC2106,2020-10-19 09:31:05.100,6013.8000,32,0,38474120.000,0,-,-,-,-,6007.6000,6007.4000,6007.2000,6006.0000,6005.8000,6014.6000,6024.8000,6039.8000,6042.0000,6044.0000,1,1,1,1,1,1,1,1,1,2
SF,IC2106,2020-10-19 09:31:05.600,6013.8000,32,0,38474120.000,0,-,-,-,-,6007.8000,6007.6000,6007.2000,6006.0000,6005.8000,6014.6000,6017.6000,6024.8000,6039.8000,6042.0000,1,1,1,1,1,2,1,1,1,1
SF,IC2106,2020-10-19 09:31:06.600,6013.8000,32,0,38474120.000,0,-,-,-,-,6007.8000,6007.2000,6006.0000,6005.8000,6001.2000,6014.6000,6017.6000,6024.8000,6039.8000,6042.0000,1,1,2,1,1,2,1,1,1,1
SF,IC2106,2020-10-19 09:31:08.100,6013.8000,32,0,38474120.000,0,-,-,-,-,6009.4000,6007.8000,6007.2000,6006.0000,6005.8000,6014.4000,6014.6000,6024.8000,6039.8000,6042.0000,1,1,1,2,1,1,2,1,1,1
SF,IC2106,2020-10-19 09:31:08.600,6013.8000,32,0,38474120.000,0,-,-,-,-,6009.6000,6009.4000,6007.8000,6007.2000,6006.0000,6014.4000,6014.6000,6024.8000,6039.8000,6042.0000,1,1,1,1,2,1,3,1,1,1
SF,IC2106,2020-10-19 09:31:09.100,6013.8000,32,0,38474120.000,0,-,-,-,-,6009.6000,6009.4000,6007.8000,6007.2000,6006.0000,6014.6000,6024.8000,6039.8000,6042.0000,6044.0000,1,1,1,1,2,3,1,1,1,2
SF,IC2106,2020-10-19 09:31:11.600,6013.8000,32,0,38474120.000,0,-,-,-,-,6009.6000,6007.8000,6007.2000,6006.0000,6005.8000,6014.6000,6024.8000,6039.8000,6042.0000,6044.0000,1,1,1,2,1,3,1,1,1,2
SF,IC2106,2020-10-19 09:31:13.100,6013.8000,32,0,38474120.000,0,-,-,-,-,6011.0000,6009.6000,6007.8000,6007.2000,6006.0000,6014.6000,6024.8000,6039.8000,6042.0000,6044.0000,1,1,1,1,2,3,1,1,1,2
SF,IC2106,2020-10-19 09:31:13.600,6014.6000,33,1,39677040.000,1,1,0,双开,S,6011.0000,6007.8000,6007.2000,6006.0000,6005.8000,6014.6000,6024.8000,6039.8000,6042.0000,6044.0000,1,1,1,2,1,2,1,1,1,2
SF,IC2106,2020-10-19 09:31:14.100,6014.6000,33,0,39677040.000,0,-,-,-,-,6011.2000,6011.0000,6007.8000,6007.2000,6006.0000,6014.6000,6024.8000,6039.8000,6042.0000,6044.0000,1,1,1,1,2,2,1,1,1,2
SF,IC2106,2020-10-19 09:31:14.600,6014.6000,33,0,39677040.000,0,-,-,-,-,6011.2000,6011.0000,6007.8000,6007.2000,6006.0000,6014.6000,6019.2000,6024.8000,6039.8000,6042.0000,1,1,1,1,2,2,1,1,1,1
SF,IC2106,2020-10-19 09:31:15.600,6014.6000,33,0,39677040.000,0,-,-,-,-,6011.2000,6011.0000,6007.8000,6007.2000,6006.0000,6014.6000,6024.8000,6039.8000,6042.0000,6044.0000,1,1,1,1,2,2,1,1,1,2
SF,IC2106,2020-10-19 09:31:16.100,6014.6000,33,0,39677040.000,0,-,-,-,-,6011.2000,6011.0000,6010.8000,6007.8000,6007.2000,6014.6000,6024.8000,6039.8000,6042.0000,6044.0000,1,1,1,1,1,2,1,1,1,2
SF,IC2106,2020-10-19 09:31:17.100,6014.6000,33,0,39677040.000,0,-,-,-,-,6011.2000,6011.0000,6010.8000,6007.8000,6007.2000,6014.6000,6024.8000,6039.8000,6042.0000,6044.0000,1,1,1,1,1,3,1,1,1,2
SF,IC2106,2020-10-19 09:31:18.100,6014.6000,35,2,43285800.000,3,2,1,空开,S,6014.6000,6011.2000,6011.0000,6010.8000,6007.8000,6024.8000,6039.8000,6042.0000,6044.0000,6047.6000,2,1,1,1,1,1,1,1,2,1
SF,IC2106,2020-10-19 09:31:18.600,6014.6000,35,0,43285800.000,0,-,-,-,-,6014.8000,6014.6000,6012.6000,6011.0000,6010.8000,6024.6000,6024.8000,6039.8000,6042.0000,6044.0000,1,2,1,1,1,1,1,1,1,2
SF,IC2106,2020-10-19 09:31:19.600,6014.6000,36,1,44488720.000,1,1,0,双开,S,6014.6000,6012.6000,6010.8000,6007.8000,6007.2000,6024.6000,6024.8000,6042.0000,6044.0000,6047.6000,2,1,1,1,1,1,1,1,2,1
SF,IC2106,2020-10-19 09:31:20.100,6014.6000,37,1,45691640.000,1,1,0,双开,S,6014.6000,6012.6000,6010.8000,6007.8000,6007.2000,6024.8000,6042.0000,6044.0000,6047.6000,6048.8000,1,1,1,1,1,1,1,2,1,1
SF,IC2106,2020-10-19 09:31:20.600,6014.6000,38,1,46894560.000,1,1,0,双开,S,6012.6000,6010.8000,6007.8000,6007.2000,6006.0000,6021.8000,6024.8000,6042.0000,6044.0000,6047.6000,1,1,1,1,2,1,1,1,2,1
SF,IC2106,2020-10-19 09:31:21.100,6012.6000,39,1,48097080.000,1,1,0,双开,S,6010.8000,6007.8000,6007.2000,6006.0000,6005.8000,6021.8000,6024.8000,6042.0000,6044.0000,6047.6000,1,1,1,2,1,1,1,1,2,1
SF,IC2106,2020-10-19 09:31:21.600,6012.6000,39,0,48097080.000,0,-,-,-,-,6010.8000,6007.8000,6007.2000,6006.0000,6005.8000,6021.6000,6021.8000,6024.8000,6042.0000,6044.0000,1,1,1,2,1,1,1,1,1,2
SF,IC2106,2020-10-19 09:31:22.100,6012.6000,39,0,48097080.000,0,-,-,-,-,6010.8000,6010.0000,6007.8000,6007.2000,6006.0000,6021.6000,6021.8000,6024.8000,6042.0000,6044.0000,1,1,1,1,2,1,1,1,1,2
SF,IC2106,2020-10-19 09:31:24.100,6012.6000,39,0,48097080.000,0,-,-,-,-,6012.6000,6010.8000,6010.0000,6007.8000,6007.2000,6021.6000,6021.8000,6024.8000,6042.0000,6044.0000,1,1,1,1,1,1,1,1,1,2
SF,IC2106,2020-10-19 09:31:24.600,6012.6000,40,1,49299600.000,1,1,0,双开,S,6010.8000,6010.0000,6007.8000,6007.2000,6006.0000,6020.6000,6021.8000,6024.8000,6042.0000,6044.0000,1,1,1,1,2,1,1,1,1,2
SF,IC2106,2020-10-19 09:31:25.100,6012.6000,40,0,49299600.000,0,-,-,-,-,6011.6000,6011.0000,6010.8000,6010.0000,6007.8000,6020.4000,6020.6000,6021.8000,6024.8000,6042.0000,1,1,1,1,1,1,1,1,1,1
SF,IC2106,2020-10-19 09:31:25.600,6012.6000,40,0,49299600.000,0,-,-,-,-,6011.8000,6011.6000,6010.8000,6010.0000,6007.8000,6020.2000,6020.4000,6020.6000,6021.8000,6024.8000,1,1,1,1,1,1,1,1,1,1
SF,IC2106,2020-10-19 09:31:26.100,6012.6000,40,0,49299600.000,0,-,-,-,-,6011.8000,6011.6000,6010.8000,6010.0000,6007.8000,6019.4000,6020.0000,6020.2000,6021.8000,6024.8000,1,1,1,1,1,1,1,1,1,1
SF,IC2106,2020-10-19 09:31:26.600,6012.6000,40,0,49299600.000,0,-,-,-,-,6011.8000,6011.6000,6010.8000,6010.0000,6007.8000,6019.2000,6019.4000,6021.8000,6024.8000,6042.0000,1,1,1,1,1,1,1,1,1,1
SF,IC2106,2020-10-19 09:31:27.100,6012.6000,40,0,49299600.000,0,-,-,-,-,6012.2000,6011.8000,6011.6000,6010.8000,6010.0000,6019.2000,6019.4000,6021.8000,6024.8000,6042.0000,1,1,1,1,1,1,1,1,1,1
SF,IC2106,2020-10-19 09:31:27.600,6012.6000,40,0,49299600.000,0,-,-,-,-,6012.2000,6011.6000,6010.8000,6010.0000,6007.8000,6019.2000,6019.4000,6021.8000,6024.8000,6042.0000,1,1,1,1,1,1,1,1,1,1
SF,IC2106,2020-10-19 09:31:28.100,6012.6000,40,0,49299600.000,0,-,-,-,-,6012.2000,6011.6000,6010.8000,6010.0000,6007.8000,6019.2000,6019.4000,6021.8000,6024.8000,6042.0000,1,1,1,1,1,1,1,1,1,1
SF,IC2106,2020-10-19 09:31:28.600,6012.6000,40,0,49299600.000,0,-,-,-,-,6012.2000,6011.6000,6010.8000,6010.0000,6007.8000,6018.6000,6019.2000,6021.8000,6024.8000,6042.0000,1,1,1,1,1,1,1,1,1,1
SF,IC2106,2020-10-19 09:31:29.100,6012.6000,40,0,49299600.000,0,-,-,-,-,6012.2000,6011.6000,6010.8000,6010.0000,6007.8000,6018.0000,6018.4000,6018.6000,6021.8000,6024.8000,1,1,1,1,1,2,1,1,1,1
SF,IC2106,2020-10-19 09:31:29.600,6012.6000,40,0,49299600.000,0,-,-,-,-,6012.2000,6011.6000,6010.8000,6010.0000,6007.8000,6017.8000,6018.0000,6018.6000,6021.8000,6024.8000,1,1,1,1,1,1,2,1,1,1
SF,IC2106,2020-10-19 09:31:30.100,6012.6000,40,0,49299600.000,0,-,-,-,-,6012.2000,6011.6000,6010.8000,6010.0000,6007.8000,6017.8000,6018.0000,6018.6000,6019.2000,6021.8000,1,1,1,1,1,1,2,1,1,1
SF,IC2106,2020-10-19 09:31:30.600,6012.6000,40,0,49299600.000,0,-,-,-,-,6012.2000,6011.6000,6010.8000,6010.0000,6007.8000,6017.0000,6017.8000,6018.0000,6019.2000,6021.8000,1,1,1,1,1,1,1,2,1,1
SF,IC2106,2020-10-19 09:31:31.100,6016.8000,41,1,50502960.000,1,1,0,双开,S,6012.4000,6012.2000,6010.8000,6010.0000,6007.8000,6017.0000,6018.0000,6019.2000,6021.8000,6024.8000,1,1,1,1,1,1,2,1,1,1
SF,IC2106,2020-10-19 09:31:31.600,6016.8000,41,0,50502960.000,0,-,-,-,-,6012.8000,6012.4000,6012.2000,6010.8000,6010.0000,6017.0000,6017.8000,6018.0000,6019.2000,6021.8000,1,1,1,1,1,1,1,2,1,1
SF,IC2106,2020-10-19 09:31:32.100,6016.8000,41,0,50502960.000,0,-,-,-,-,6013.0000,6012.8000,6012.2000,6010.8000,6010.0000,6016.0000,6017.0000,6017.8000,6018.0000,6019.2000,1,1,1,1,1,1,1,1,2,1
SF,IC2106,2020-10-19 09:31:32.600,6016.8000,41,0,50502960.000,0,-,-,-,-,6013.0000,6012.8000,6012.2000,6010.8000,6010.0000,6016.0000,6017.0000,6017.8000,6018.0000,6019.2000,1,1,1,1,1,1,1,1,2,1
SF,IC2106,2020-10-19 09:31:33.100,6016.8000,41,0,50502960.000,0,-,-,-,-,6012.8000,6012.2000,6010.8000,6010.0000,6007.8000,6015.8000,6016.0000,6017.8000,6019.2000,6042.0000,1,1,1,1,1,1,1,1,1,1
SF,IC2106,2020-10-19 09:31:33.600,6016.8000,41,0,50502960.000,0,-,-,-,-,6012.8000,6012.2000,6010.8000,6010.0000,6007.8000,6015.4000,6015.6000,6015.8000,6016.0000,6017.8000,1,1,1,1,1,2,1,1,1,1
SF,IC2106,2020-10-19 09:31:34.100,6016.8000,41,0,50502960.000,0,-,-,-,-,6012.8000,6012.6000,6012.2000,6010.8000,6010.0000,6015.2000,6015.4000,6015.6000,6017.8000,6019.2000,1,1,1,1,1,1,3,1,1,1
SF,IC2106,2020-10-19 09:31:34.600,6012.8000,41,0,51705520.000,1,0,1,多换,S,6012.6000,6012.2000,6010.8000,6010.0000,6007.8000,6015.4000,6015.6000,6017.8000,6019.2000,6042.0000,1,1,1,1,1,3,1,1,1,1
SF,IC2106,2020-10-19 09:31:35.100,6012.6000,42,1,52908040.000,1,1,0,双开,S,6012.2000,6010.8000,6010.0000,6007.8000,6006.0000,6015.2000,6015.4000,6015.6000,6017.8000,6019.2000,1,1,1,1,2,1,2,1,1,1
SF,IC2106,2020-10-19 09:31:35.600,6012.6000,42,0,52908040.000,0,-,-,-,-,6012.2000,6010.8000,6010.0000,6007.8000,6006.0000,6014.2000,6015.2000,6015.4000,6017.8000,6019.2000,1,1,1,1,2,1,1,2,1,1
SF,IC2106,2020-10-19 09:31:36.100,6014.2000,43,1,54110880.000,1,1,0,双开,S,6012.2000,6010.8000,6010.0000,6007.8000,6006.0000,6015.2000,6015.4000,6017.8000,6019.2000,6042.0000,1,1,1,1,2,1,2,1,1,1
SF,IC2106,2020-10-19 09:31:38.100,6014.2000,43,0,54110880.000,0,-,-,-,-,6012.2000,6010.8000,6010.0000,6007.8000,6006.0000,6015.2000,6015.4000,6017.8000,6019.2000,6042.0000,1,1,1,1,2,1,2,1,1,1
SF,IC2106,2020-10-19 09:31:38.600,6012.4000,44,1,55313360.000,1,1,0,双开,S,6012.2000,6010.8000,6010.0000,6007.8000,6006.0000,6015.4000,6017.8000,6019.2000,6042.0000,6044.0000,1,1,1,1,2,2,1,1,1,2
SF,IC2106,2020-10-19 09:31:39.100,6012.4000,44,0,55313360.000,0,-,-,-,-,6012.4000,6012.2000,6010.8000,6010.0000,6007.8000,6015.4000,6017.8000,6019.2000,6042.0000,6044.0000,1,1,1,1,1,2,1,1,1,2
SF,IC2106,2020-10-19 09:31:39.600,6012.4000,44,0,55313360.000,0,-,-,-,-,6012.6000,6012.4000,6012.2000,6010.8000,6010.0000,6015.4000,6017.8000,6019.2000,6042.0000,6044.0000,1,1,1,1,1,2,1,1,1,2
SF,IC2106,2020-10-19 09:31:40.100,6012.4000,44,0,55313360.000,0,-,-,-,-,6012.6000,6012.2000,6010.0000,6007.8000,6006.0000,6015.4000,6017.8000,6042.0000,6044.0000,6047.6000,1,1,1,1,2,2,1,1,2,1
SF,IC2106,2020-10-19 09:31:40.600,6012.4000,45,1,56515840.000,1,1,0,双开,S,6012.4000,6012.2000,6010.0000,6007.8000,6006.0000,6015.4000,6017.8000,6042.0000,6044.0000,6047.6000,1,1,1,1,2,2,1,1,2,1
SF,IC2106,2020-10-19 09:31:41.100,6012.4000,45,0,56515840.000,0,-,-,-,-,6012.6000,6012.4000,6012.2000,6010.0000,6007.8000,6015.4000,6017.8000,6042.0000,6044.0000,6047.6000,1,1,1,1,1,2,1,1,2,1
SF,IC2106,2020-10-19 09:31:42.600,6015.4000,46,1,57718920.000,1,1,0,双开,S,6012.6000,6012.4000,6012.2000,6010.0000,6007.8000,6015.4000,6017.8000,6042.0000,6044.0000,6047.6000,1,1,1,1,1,1,1,1,2,1
SF,IC2106,2020-10-19 09:31:43.100,6015.4000,46,0,57718920.000,0,-,-,-,-,6012.6000,6012.4000,6012.2000,6010.0000,6007.8000,6015.0000,6015.4000,6017.8000,6042.0000,6044.0000,1,1,1,1,1,1,2,1,1,2
SF,IC2106,2020-10-19 09:31:43.600,6012.6000,47,1,58921440.000,1,1,0,双开,S,6012.4000,6012.2000,6010.0000,6007.8000,6006.0000,6015.0000,6015.4000,6017.8000,6042.0000,6044.0000,1,1,1,1,2,1,2,1,1,2
SF,IC2106,2020-10-19 09:31:45.600,6012.6000,47,0,58921440.000,0,-,-,-,-,6012.4000,6012.2000,6010.0000,6007.8000,6006.0000,6014.8000,6015.0000,6015.4000,6017.8000,6042.0000,1,1,1,1,2,1,1,2,1,1
SF,IC2106,2020-10-19 09:31:46.100,6012.6000,47,0,58921440.000,0,-,-,-,-,6012.4000,6012.2000,6010.0000,6007.8000,6006.0000,6014.6000,6014.8000,6015.0000,6015.4000,6017.8000,1,1,1,1,2,1,1,1,2,1
SF,IC2106,2020-10-19 09:31:46.600,6012.6000,47,0,58921440.000,0,-,-,-,-,6012.4000,6012.2000,6010.0000,6007.8000,6006.0000,6014.4000,6014.6000,6014.8000,6015.0000,6015.4000,1,1,1,1,2,1,1,1,1,2
SF,IC2106,2020-10-19 09:31:47.100,6012.6000,47,0,58921440.000,0,-,-,-,-,6012.4000,6012.2000,6010.0000,6007.8000,6006.0000,6014.2000,6014.4000,6014.8000,6015.0000,6015.4000,1,1,1,1,2,1,1,1,1,2
SF,IC2106,2020-10-19 09:31:48.100,6012.6000,47,0,58921440.000,0,-,-,-,-,6012.4000,6012.2000,6010.0000,6007.8000,6006.0000,6014.2000,6014.4000,6014.8000,6015.0000,6015.4000,1,1,1,1,2,1,1,1,1,1
SF,IC2106,2020-10-19 09:31:48.600,6012.4000,48,1,60123920.000,1,1,0,双开,S,6012.2000,6010.0000,6007.8000,6006.0000,6002.0000,6014.4000,6014.8000,6015.0000,6015.4000,6017.8000,1,1,1,2,1,1,1,1,1,1
SF,IC2106,2020-10-19 09:31:49.100,6012.4000,48,0,60123920.000,0,-,-,-,-,6012.2000,6010.0000,6007.8000,6006.0000,6002.0000,6014.2000,6014.4000,6014.8000,6015.0000,6015.4000,1,1,1,2,1,3,1,1,1,1
SF,IC2106,2020-10-19 09:31:49.600,6012.2000,49,1,61326360.000,1,1,0,双开,S,6010.0000,6007.8000,6006.0000,6002.0000,6001.2000,6014.2000,6014.4000,6014.8000,6015.0000,6015.4000,1,1,2,1,1,2,1,1,1,1
SF,IC2106,2020-10-19 09:31:50.100,6012.2000,49,0,61326360.000,0,-,-,-,-,6010.0000,6007.8000,6006.0000,6002.0000,6001.2000,6014.0000,6014.2000,6014.4000,6014.8000,6015.0000,1,1,2,1,1,1,2,1,1,1
SF,IC2106,2020-10-19 09:31:51.600,6012.2000,49,0,61326360.000,0,-,-,-,-,6010.0000,6007.8000,6006.0000,6002.0000,6001.2000,6014.0000,6014.2000,6014.4000,6014.8000,6015.0000,1,1,2,1,1,1,2,1,1,1
SF,IC2106,2020-10-19 09:31:54.100,6012.2000,49,0,61326360.000,0,-,-,-,-,6010.0000,6007.8000,6006.0000,6002.0000,6001.2000,6013.2000,6014.0000,6014.2000,6014.4000,6014.8000,1,1,2,1,1,1,1,2,1,1
SF,IC2106,2020-10-19 09:31:55.600,6012.2000,49,0,61326360.000,0,-,-,-,-,6010.6000,6010.0000,6007.8000,6006.0000,6002.0000,6013.2000,6014.0000,6014.4000,6014.8000,6015.0000,1,1,1,2,1,1,1,1,1,1
SF,IC2106,2020-10-19 09:31:56.100,6012.2000,49,0,61326360.000,0,-,-,-,-,6010.6000,6010.0000,6007.8000,6006.0000,6002.0000,6012.8000,6013.0000,6013.2000,6014.0000,6014.4000,1,1,1,2,1,1,2,1,1,1
SF,IC2106,2020-10-19 09:31:56.600,6012.2000,49,0,61326360.000,0,-,-,-,-,6010.6000,6010.0000,6007.8000,6006.0000,6002.0000,6012.8000,6013.0000,6013.2000,6014.4000,6014.8000,1,1,1,2,1,1,2,1,1,1
SF,IC2106,2020-10-19 09:31:57.100,6010.8000,50,1,62528520.000,1,1,0,双开,S,6010.6000,6010.0000,6007.8000,6006.0000,6002.0000,6012.8000,6013.0000,6013.2000,6014.4000,6014.8000,1,1,1,2,1,1,2,1,1,1
SF,IC2106,2020-10-19 09:31:57.600,6010.8000,50,0,62528520.000,0,-,-,-,-,6010.6000,6010.0000,6008.6000,6007.8000,6006.0000,6012.8000,6013.0000,6013.2000,6014.4000,6014.8000,1,1,1,1,2,1,2,1,1,1
SF,IC2106,2020-10-19 09:31:58.100,6010.8000,50,0,62528520.000,0,-,-,-,-,6010.6000,6010.0000,6008.6000,6007.8000,6006.0000,6012.8000,6013.0000,6013.2000,6014.4000,6015.0000,1,1,1,1,2,1,2,1,1,1
SF,IC2106,2020-10-19 09:31:59.600,6010.8000,50,0,62528520.000,0,-,-,-,-,6010.6000,6010.0000,6008.6000,6007.8000,6006.0000,6012.8000,6013.0000,6013.2000,6014.4000,6015.0000,1,1,1,1,2,1,2,1,1,1
SF,IC2106,2020-10-19 09:32:00.100,6010.6000,51,1,63730640.000,1,1,0,双开,S,6010.0000,6008.6000,6007.8000,6006.0000,6002.0000,6012.8000,6013.0000,6013.2000,6014.4000,6015.0000,1,1,1,2,1,1,2,1,1,1
SF,IC2106,2020-10-19 09:32:00.600,6010.6000,51,0,63730640.000,0,-,-,-,-,6010.2000,6010.0000,6008.6000,6007.8000,6006.0000,6012.8000,6013.0000,6013.2000,6014.4000,6015.0000,1,1,1,1,2,2,2,1,1,1
SF,IC2106,2020-10-19 09:32:01.100,6010.6000,51,0,63730640.000,0,-,-,-,-,6010.2000,6010.0000,6008.6000,6007.8000,6006.0000,6012.6000,6012.8000,6013.0000,6013.2000,6014.4000,1,1,1,1,2,1,2,2,1,1
SF,IC2106,2020-10-19 09:32:01.600,6012.6000,52,1,64933160.000,1,1,0,双开,S,6010.2000,6010.0000,6008.6000,6007.8000,6006.0000,6012.8000,6013.0000,6013.2000,6014.4000,6015.0000,1,1,1,1,2,2,2,1,1,1
SF,IC2106,2020-10-19 09:32:02.100,6012.6000,52,0,64933160.000,0,-,-,-,-,6010.2000,6010.0000,6008.6000,6007.8000,6006.0000,6012.8000,6013.0000,6013.2000,6014.4000,6015.0000,1,1,1,1,2,2,2,1,1,1
SF,IC2106,2020-10-19 09:32:03.100,6012.6000,52,0,64933160.000,0,-,-,-,-,6010.2000,6010.0000,6008.6000,6007.8000,6006.0000,6012.8000,6013.0000,6013.2000,6015.0000,6017.8000,1,1,1,1,2,2,2,1,1,1
SF,IC2106,2020-10-19 09:32:03.600,6010.2000,53,1,66135200.000,1,1,0,双开,S,6010.0000,6008.6000,6007.8000,6006.0000,6002.0000,6012.8000,6013.0000,6013.2000,6015.0000,6017.8000,1,1,1,2,1,2,2,1,1,1
SF,IC2106,2020-10-19 09:32:04.100,6010.2000,53,0,66135200.000,0,-,-,-,-,6010.0000,6008.6000,6007.8000,6006.0000,6002.0000,6012.6000,6012.8000,6013.0000,6013.2000,6015.0000,1,1,1,2,1,2,2,2,1,1
SF,IC2106,2020-10-19 09:32:05.100,6010.2000,53,0,66135200.000,0,-,-,-,-,6010.0000,6008.6000,6007.8000,6006.0000,6002.0000,6012.6000,6012.8000,6013.0000,6013.2000,6015.0000,1,1,1,2,1,2,2,2,1,1
SF,IC2106,2020-10-19 09:32:05.600,6010.0000,54,1,67337200.000,1,1,0,双开,S,6008.6000,6007.8000,6006.0000,6002.0000,6001.2000,6012.6000,6012.8000,6013.2000,6015.0000,6017.8000,1,1,2,1,1,1,2,1,1,1
SF,IC2106,2020-10-19 09:32:06.100,6010.0000,54,0,67337200.000,0,-,-,-,-,6008.6000,6007.8000,6006.0000,6002.0000,6001.2000,6012.2000,6012.4000,6012.6000,6012.8000,6013.2000,1,1,2,1,1,3,1,1,2,1
SF,IC2106,2020-10-19 09:32:06.600,6010.0000,54,0,67337200.000,0,-,-,-,-,6008.6000,6007.8000,6006.0000,6002.0000,6001.2000,6012.0000,6012.2000,6012.6000,6012.8000,6013.2000,1,1,2,1,1,1,3,1,3,1
SF,IC2106,2020-10-19 09:32:07.100,6010.0000,54,0,67337200.000,0,-,-,-,-,6008.6000,6007.8000,6006.0000,6002.0000,6001.2000,6012.0000,6012.2000,6012.6000,6012.8000,6013.2000,1,1,2,1,1,1,3,2,3,1
SF,IC2106,2020-10-19 09:32:09.100,6012.0000,55,1,68539600.000,1,1,0,双开,S,6008.6000,6007.8000,6006.0000,6002.0000,6001.2000,6012.2000,6012.6000,6012.8000,6013.2000,6015.0000,1,1,2,1,1,3,2,3,1,1
SF,IC2106,2020-10-19 09:32:09.600,6008.6000,56,1,69741320.000,1,1,0,双开,S,6007.8000,6006.0000,6002.0000,6001.2000,6001.0000,6012.6000,6012.8000,6013.2000,6015.0000,6017.8000,1,2,1,1,1,1,3,1,1,1
SF,IC2106,2020-10-19 09:32:10.100,6008.6000,56,0,69741320.000,0,-,-,-,-,6008.0000,6007.8000,6006.0000,6002.0000,6001.2000,6012.2000,6012.6000,6012.8000,6013.2000,6015.0000,1,1,2,1,1,2,1,3,1,1
SF,IC2106,2020-10-19 09:32:10.600,6008.6000,56,0,69741320.000,0,-,-,-,-,6008.0000,6007.8000,6006.0000,6002.0000,6001.2000,6012.0000,6012.2000,6012.6000,6012.8000,6013.2000,1,1,2,1,1,2,2,1,3,1
SF,IC2106,2020-10-19 09:32:11.100,6008.6000,56,0,69741320.000,0,-,-,-,-,6009.0000,6007.8000,6006.0000,6002.0000,6001.2000,6012.0000,6012.2000,6012.6000,6012.8000,6013.2000,1,1,2,1,1,2,2,1,3,1
SF,IC2106,2020-10-19 09:32:12.100,6008.6000,56,0,69741320.000,0,-,-,-,-,6009.0000,6007.8000,6006.0000,6002.0000,6001.2000,6011.8000,6012.0000,6012.2000,6012.6000,6012.8000,1,1,2,1,1,1,2,2,1,3
SF,IC2106,2020-10-19 09:32:12.600,6008.6000,56,0,69741320.000,0,-,-,-,-,6009.0000,6007.8000,6006.0000,6002.0000,6001.2000,6011.6000,6011.8000,6012.0000,6012.2000,6012.6000,1,1,2,1,1,1,1,1,2,1
SF,IC2106,2020-10-19 09:32:13.100,6008.6000,56,0,69741320.000,0,-,-,-,-,6009.0000,6007.8000,6006.0000,6002.0000,6001.2000,6010.2000,6011.6000,6011.8000,6012.0000,6012.6000,1,1,2,1,1,1,1,1,1,1
SF,IC2106,2020-10-19 09:32:13.600,6008.6000,56,0,69741320.000,0,-,-,-,-,6009.0000,6007.8000,6006.0000,6002.0000,6001.2000,6010.0000,6010.2000,6011.6000,6011.8000,6012.0000,1,1,2,1,1,2,2,1,1,1
SF,IC2106,2020-10-19 09:32:14.600,6008.6000,56,0,69741320.000,0,-,-,-,-,6009.0000,6007.8000,6006.0000,6002.0000,6001.2000,6010.0000,6010.2000,6011.6000,6012.0000,6012.6000,1,1,2,1,1,2,2,1,1,1
SF,IC2106,2020-10-19 09:32:15.100,6009.0000,57,1,70943120.000,1,1,0,双开,S,6007.8000,6006.0000,6002.0000,6001.2000,6001.0000,6010.0000,6010.2000,6011.6000,6012.0000,6012.6000,1,2,1,1,1,2,2,1,1,1
SF,IC2106,2020-10-19 09:32:16.600,6010.0000,58,1,72145120.000,1,1,0,双开,S,6007.8000,6006.0000,6002.0000,6001.2000,6001.0000,6010.0000,6010.2000,6011.6000,6012.0000,6012.6000,1,2,1,1,1,1,2,1,1,1
SF,IC2106,2020-10-19 09:32:18.100,6010.0000,58,0,72145120.000,0,-,-,-,-,6007.8000,6006.0000,6002.0000,6001.2000,6001.0000,6010.0000,6010.2000,6011.6000,6012.0000,6012.6000,1,2,1,1,1,1,2,1,1,1
SF,IC2106,2020-10-19 09:32:20.600,6010.0000,58,0,72145120.000,0,-,-,-,-,6007.8000,6006.0000,6002.0000,6001.2000,6001.0000,6010.0000,6010.2000,6011.6000,6011.8000,6012.0000,1,2,1,1,1,1,2,1,1,1
SF,IC2106,2020-10-19 09:32:21.100,6007.8000,59,1,73346680.000,1,1,0,双开,S,6006.0000,6002.0000,6001.2000,6001.0000,6000.0000,6009.8000,6010.0000,6010.2000,6011.8000,6012.0000,2,1,1,1,2,1,1,2,1,1
SF,IC2106,2020-10-19 09:32:21.600,6007.8000,59,0,73346680.000,0,-,-,-,-,6006.0000,6002.0000,6001.2000,6001.0000,6000.0000,6009.4000,6009.6000,6009.8000,6010.0000,6010.2000,2,1,1,1,2,1,1,1,1,2
SF,IC2106,2020-10-19 09:32:22.100,6007.8000,59,0,73346680.000,0,-,-,-,-,6006.0000,6002.0000,6001.2000,6001.0000,6000.0000,6009.2000,6009.4000,6009.8000,6010.0000,6010.2000,2,1,1,1,2,1,1,1,1,2
SF,IC2106,2020-10-19 09:32:22.600,6006.0000,60,1,74547880.000,1,1,0,双开,S,6006.0000,6005.0000,6002.0000,6001.2000,6001.0000,6009.2000,6009.4000,6009.8000,6010.0000,6010.2000,1,1,1,1,1,1,1,1,1,2
SF,IC2106,2020-10-19 09:32:23.100,6006.0000,60,0,74547880.000,0,-,-,-,-,6006.2000,6006.0000,6005.0000,6002.0000,6001.2000,6009.4000,6009.8000,6010.2000,6011.8000,6012.0000,1,1,1,1,1,1,1,2,1,1
SF,IC2106,2020-10-19 09:32:23.600,6006.0000,60,0,74547880.000,0,-,-,-,-,6006.2000,6006.0000,6005.0000,6002.0000,6001.2000,6009.0000,6009.4000,6009.8000,6010.2000,6011.8000,1,1,1,1,1,2,1,1,2,1
SF,IC2106,2020-10-19 09:32:24.100,6006.0000,60,0,74547880.000,0,-,-,-,-,6006.2000,6006.0000,6005.0000,6002.0000,6001.2000,6009.0000,6009.8000,6010.2000,6011.8000,6012.6000,1,1,1,1,1,2,1,2,1,1
SF,IC2106,2020-10-19 09:32:24.600,6006.0000,60,0,74547880.000,0,-,-,-,-,6006.2000,6006.0000,6005.0000,6002.0000,6001.2000,6009.0000,6009.8000,6010.0000,6010.2000,6011.8000,1,1,1,1,1,2,1,1,2,1
SF,IC2106,2020-10-19 09:32:25.100,6006.0000,60,0,74547880.000,0,-,-,-,-,6006.2000,6006.0000,6005.0000,6002.0000,6001.2000,6009.0000,6009.8000,6010.0000,6010.2000,6011.8000,1,1,1,1,1,2,1,1,2,1
SF,IC2106,2020-10-19 09:32:25.600,6006.0000,61,1,75749080.000,1,1,0,双开,S,6006.0000,6005.0000,6002.0000,6001.2000,6001.0000,6009.0000,6009.8000,6010.0000,6010.2000,6011.8000,1,1,1,1,1,2,1,1,2,1
SF,IC2106,2020-10-19 09:32:26.100,6006.0000,61,0,75749080.000,0,-,-,-,-,6006.2000,6006.0000,6005.0000,6002.0000,6001.2000,6008.8000,6009.0000,6009.8000,6010.0000,6010.2000,1,1,1,1,1,1,2,1,1,2
SF,IC2106,2020-10-19 09:32:26.600,6006.0000,62,1,76950280.000,1,1,0,双开,S,6005.0000,6002.0000,6001.2000,6001.0000,6000.0000,6008.8000,6009.0000,6009.8000,6010.0000,6010.2000,1,1,1,1,2,2,2,1,1,1
SF,IC2106,2020-10-19 09:32:27.100,6006.0000,62,0,76950280.000,0,-,-,-,-,6005.2000,6005.0000,6002.0000,6001.2000,6001.0000,6008.8000,6009.0000,6009.8000,6010.0000,6010.2000,1,1,1,1,1,2,2,1,1,1
SF,IC2106,2020-10-19 09:32:27.600,6006.0000,62,0,76950280.000,0,-,-,-,-,6005.2000,6005.0000,6002.0000,6001.2000,6001.0000,6008.8000,6009.0000,6009.2000,6009.8000,6010.0000,1,1,1,1,1,2,2,1,1,1
SF,IC2106,2020-10-19 09:32:28.100,6005.2000,63,1,78151320.000,1,1,0,双开,S,6005.0000,6002.0000,6001.2000,6001.0000,6000.0000,6008.8000,6009.0000,6009.2000,6009.8000,6010.0000,1,1,1,1,2,2,2,1,1,1
SF,IC2106,2020-10-19 09:32:28.600,6005.2000,63,0,78151320.000,0,-,-,-,-,6005.2000,6005.0000,6002.0000,6001.2000,6001.0000,6008.8000,6009.0000,6009.2000,6009.8000,6010.0000,1,1,1,1,1,1,2,1,1,1
SF,IC2106,2020-10-19 09:32:29.600,6005.2000,63,0,78151320.000,0,-,-,-,-,6005.2000,6005.0000,6002.0000,6001.2000,6001.0000,6008.8000,6009.0000,6009.2000,6009.8000,6010.0000,1,1,1,1,1,1,2,1,1,1
SF,IC2106,2020-10-19 09:32:30.100,6005.2000,63,0,78151320.000,0,-,-,-,-,6005.2000,6005.0000,6002.0000,6001.2000,6001.0000,6008.8000,6009.0000,6009.2000,6009.8000,6010.0000,1,1,1,1,1,1,2,1,1,1
SF,IC2106,2020-10-19 09:32:30.600,6008.8000,64,1,79353080.000,1,1,0,双开,S,6005.2000,6005.0000,6002.0000,6001.2000,6001.0000,6009.0000,6009.2000,6009.8000,6010.0000,6010.2000,1,1,1,1,1,2,1,1,1,1
SF,IC2106,2020-10-19 09:32:31.100,6008.8000,64,0,79353080.000,0,-,-,-,-,6005.2000,6005.0000,6002.0000,6001.2000,6001.0000,6008.2000,6008.8000,6009.0000,6009.2000,6009.8000,1,1,1,1,1,1,1,2,1,1
SF,IC2106,2020-10-19 09:32:31.600,6008.8000,64,0,79353080.000,0,-,-,-,-,6005.0000,6002.0000,6001.2000,6001.0000,6000.0000,6008.0000,6008.2000,6008.8000,6009.0000,6009.2000,1,1,1,1,2,1,1,1,2,1
SF,IC2106,2020-10-19 09:32:33.100,6005.0000,65,1,80554080.000,1,1,0,双开,S,6002.0000,6001.2000,6001.0000,6000.0000,5998.0000,6007.8000,6008.0000,6008.2000,6008.8000,6009.2000,1,1,1,2,1,1,1,1,1,1
SF,IC2106,2020-10-19 09:32:33.600,6005.0000,65,0,80554080.000,0,-,-,-,-,6002.2000,6002.0000,6001.2000,6001.0000,6000.0000,6007.2000,6007.8000,6008.2000,6009.2000,6009.8000,2,1,1,1,2,2,1,1,1,1
SF,IC2106,2020-10-19 09:32:34.600,6005.0000,65,0,80554080.000,0,-,-,-,-,6002.2000,6002.0000,6001.2000,6001.0000,6000.0000,6007.2000,6008.2000,6009.2000,6009.8000,6010.2000,2,1,1,1,2,2,1,1,1,1
SF,IC2106,2020-10-19 09:32:35.100,6007.2000,66,1,81755520.000,1,1,0,双开,S,6002.2000,6002.0000,6001.2000,6001.0000,6000.0000,6007.2000,6008.2000,6009.2000,6009.8000,6010.2000,1,1,1,1,2,1,1,1,1,1
SF,IC2106,2020-10-19 09:32:35.600,6007.2000,67,1,82956960.000,1,1,0,双开,S,6002.2000,6002.0000,6001.2000,6001.0000,6000.0000,6008.2000,6009.2000,6009.8000,6010.2000,6012.6000,1,1,1,1,2,1,1,1,1,1
SF,IC2106,2020-10-19 09:32:36.100,6007.2000,67,0,82956960.000,0,-,-,-,-,6002.4000,6002.2000,6002.0000,6001.2000,6001.0000,6007.2000,6008.2000,6009.2000,6009.8000,6010.2000,1,1,1,1,1,1,1,1,1,1
SF,IC2106,2020-10-19 09:32:37.100,6007.2000,67,0,82956960.000,0,-,-,-,-,6002.4000,6002.2000,6002.0000,6001.2000,6001.0000,6007.2000,6008.2000,6009.2000,6009.8000,6010.2000,1,1,1,1,1,1,1,1,1,1
SF,IC2106,2020-10-19 09:32:38.100,6007.2000,68,1,84158400.000,1,1,0,双开,S,6002.4000,6002.2000,6002.0000,6001.2000,6001.0000,6008.2000,6009.2000,6009.8000,6010.2000,6012.6000,1,1,1,1,1,1,1,1,1,1
SF,IC2106,2020-10-19 09:32:38.600,6007.2000,68,0,84158400.000,0,-,-,-,-,6002.6000,6002.4000,6002.2000,6002.0000,6001.2000,6008.0000,6008.2000,6009.8000,6010.2000,6012.6000,1,1,1,1,1,1,2,1,1,1
SF,IC2106,2020-10-19 09:32:39.100,6007.2000,68,0,84158400.000,0,-,-,-,-,6002.8000,6002.6000,6002.2000,6002.0000,6001.2000,6008.0000,6008.2000,6009.8000,6010.2000,6012.6000,1,1,1,1,1,1,2,1,1,1
SF,IC2106,2020-10-19 09:32:39.600,6007.2000,68,0,84158400.000,0,-,-,-,-,6002.8000,6002.6000,6002.2000,6002.0000,6001.2000,6008.0000,6008.2000,6009.8000,6010.2000,6012.8000,1,1,1,1,1,1,2,1,1,1
SF,IC2106,2020-10-19 09:32:40.100,6007.2000,68,0,84158400.000,0,-,-,-,-,6002.8000,6002.6000,6002.2000,6002.0000,6001.2000,6008.0000,6008.2000,6009.8000,6010.2000,6012.8000,1,1,1,1,1,1,2,1,1,1
SF,IC2106,2020-10-19 09:32:43.100,6007.2000,68,0,84158400.000,0,-,-,-,-,6002.8000,6002.6000,6002.2000,6002.0000,6001.2000,6008.0000,6008.2000,6009.8000,6010.2000,6012.8000,1,1,1,1,1,1,2,1,1,1
SF,IC2106,2020-10-19 09:32:43.600,6002.8000,69,1,85358960.000,1,1,0,双开,S,6002.6000,6002.2000,6002.0000,6001.2000,6001.0000,6007.8000,6008.0000,6008.2000,6009.8000,6010.2000,1,1,1,1,1,1,1,2,1,1
SF,IC2106,2020-10-19 09:32:44.100,6002.8000,69,0,85358960.000,0,-,-,-,-,6002.8000,6002.6000,6002.2000,6002.0000,6001.2000,6007.8000,6008.0000,6008.2000,6009.8000,6010.2000,1,1,1,1,1,1,1,2,1,1
SF,IC2106,2020-10-19 09:32:45.100,6002.8000,69,0,85358960.000,0,-,-,-,-,6002.8000,6002.6000,6002.2000,6002.0000,6001.2000,6007.8000,6008.0000,6008.2000,6009.8000,6010.2000,1,1,1,1,1,1,1,1,1,1
SF,IC2106,2020-10-19 09:32:46.100,6002.8000,69,0,85358960.000,0,-,-,-,-,6002.8000,6002.6000,6002.0000,6001.2000,6001.0000,6007.8000,6008.0000,6008.2000,6009.8000,6010.2000,1,1,1,1,1,1,1,1,1,1
SF,IC2106,2020-10-19 09:32:46.600,6002.8000,69,0,85358960.000,0,-,-,-,-,6002.0000,6001.2000,6001.0000,6000.0000,5998.0000,6007.6000,6007.8000,6008.0000,6008.2000,6009.8000,1,1,1,2,1,1,1,1,1,1
SF,IC2106,2020-10-19 09:32:47.100,6002.8000,69,0,85358960.000,0,-,-,-,-,6002.2000,6002.0000,6001.2000,6001.0000,6000.0000,6007.4000,6007.6000,6008.0000,6008.2000,6009.8000,1,1,1,1,2,1,1,1,1,1
SF,IC2106,2020-10-19 09:32:47.600,6002.8000,69,0,85358960.000,0,-,-,-,-,6002.2000,6002.0000,6001.2000,6001.0000,6000.0000,6002.8000,6007.4000,6008.0000,6008.2000,6009.8000,1,1,1,1,2,1,1,1,1,1
SF,IC2106,2020-10-19 09:32:48.100,6002.8000,70,1,86559520.000,1,1,0,双开,S,6002.0000,6001.2000,6001.0000,6000.0000,5998.0000,6008.0000,6008.2000,6009.8000,6010.2000,6012.8000,1,1,1,2,1,1,1,1,1,1
SF,IC2106,2020-10-19 09:32:48.600,6002.8000,70,0,86559520.000,0,-,-,-,-,6002.0000,6001.2000,6001.0000,6000.0000,5998.0000,6007.8000,6008.0000,6008.2000,6009.8000,6010.2000,1,1,1,2,1,1,1,1,1,1
SF,IC2106,2020-10-19 09:32:49.100,6002.8000,70,0,86559520.000,0,-,-,-,-,6002.0000,6001.2000,6001.0000,6000.0000,5998.0000,6007.0000,6007.8000,6008.0000,6008.2000,6009.8000,1,1,1,2,1,1,1,1,1,1
SF,IC2106,2020-10-19 09:32:49.600,6002.8000,70,0,86559520.000,0,-,-,-,-,6002.2000,6002.0000,6001.2000,6001.0000,6000.0000,6006.8000,6007.0000,6008.0000,6008.2000,6009.8000,1,1,1,1,2,1,1,1,1,1
SF,IC2106,2020-10-19 09:32:50.100,6002.8000,70,0,86559520.000,0,-,-,-,-,6002.2000,6002.0000,6001.2000,6001.0000,6000.0000,6006.8000,6007.0000,6008.0000,6008.2000,6009.8000,1,1,1,1,2,1,1,1,1,1
SF,IC2106,2020-10-19 09:32:51.600,6006.8000,71,1,87760880.000,1,1,0,双开,S,6002.2000,6002.0000,6001.2000,6001.0000,6000.0000,6007.0000,6008.0000,6008.2000,6009.8000,6010.2000,1,1,1,1,2,1,1,1,1,1
SF,IC2106,2020-10-19 09:32:52.100,6006.8000,71,0,87760880.000,0,-,-,-,-,6002.4000,6002.2000,6002.0000,6001.2000,6001.0000,6007.0000,6008.0000,6009.8000,6010.2000,6011.8000,1,1,1,1,1,2,1,1,1,1
SF,IC2106,2020-10-19 09:32:54.600,6006.8000,71,0,87760880.000,0,-,-,-,-,6002.4000,6002.2000,6002.0000,6001.2000,6001.0000,6007.0000,6007.6000,6009.8000,6010.2000,6011.8000,1,1,1,1,1,2,1,1,1,1
SF,IC2106,2020-10-19 09:32:55.100,6002.6000,72,1,88961400.000,1,1,0,双开,S,6002.4000,6002.2000,6002.0000,6001.2000,6001.0000,6007.0000,6007.6000,6009.8000,6010.2000,6011.8000,1,1,1,1,1,2,1,1,1,1
SF,IC2106,2020-10-19 09:32:57.600,6007.0000,73,1,90162800.000,1,1,0,双开,S,6002.4000,6002.2000,6002.0000,6001.2000,6001.0000,6007.0000,6007.2000,6009.8000,6010.2000,6011.8000,1,1,1,1,1,1,1,1,1,1
SF,IC2106,2020-10-19 09:32:58.600,6007.0000,74,1,91364200.000,1,1,0,双开,S,6002.4000,6002.2000,6002.0000,6001.2000,6001.0000,6007.2000,6010.2000,6011.8000,6012.8000,6013.2000,1,1,1,1,1,1,1,1,1,1
SF,IC2106,2020-10-19 09:32:59.100,6007.0000,74,0,91364200.000,0,-,-,-,-,6002.4000,6002.2000,6002.0000,6001.2000,6001.0000,6007.0000,6007.2000,6010.2000,6011.8000,6012.8000,1,1,1,1,1,1,1,1,1,1
SF,IC2106,2020-10-19 09:32:59.600,6007.0000,74,0,91364200.000,0,-,-,-,-,6002.2000,6002.0000,6001.2000,6001.0000,6000.0000,6007.0000,6007.2000,6010.2000,6011.8000,6012.8000,1,1,1,1,2,1,1,1,1,1
SF,IC2106,2020-10-19 09:33:00.100,6007.0000,74,0,91364200.000,0,-,-,-,-,6002.8000,6002.4000,6002.2000,6002.0000,6001.2000,6007.0000,6007.2000,6010.2000,6011.8000,6012.8000,1,1,1,1,1,1,1,1,1,1
SF,IC2106,2020-10-19 09:33:00.600,6007.0000,74,0,91364200.000,0,-,-,-,-,6003.0000,6002.8000,6002.2000,6002.0000,6001.2000,6007.0000,6007.2000,6010.2000,6011.8000,6012.8000,1,1,1,1,1,1,1,1,1,1
SF,IC2106,2020-10-19 09:33:01.100,6007.0000,74,0,91364200.000,0,-,-,-,-,6003.0000,6002.8000,6002.2000,6002.0000,6001.2000,6007.2000,6010.2000,6011.8000,6012.8000,6013.2000,1,1,1,1,1,1,1,1,1,1
SF,IC2106,2020-10-19 09:33:02.600,6007.0000,74,0,91364200.000,0,-,-,-,-,6003.2000,6003.0000,6002.2000,6002.0000,6001.2000,6007.2000,6010.2000,6011.8000,6012.8000,6013.2000,1,1,1,1,1,1,1,1,1,1
SF,IC2106,2020-10-19 09:33:03.100,6007.0000,74,0,91364200.000,0,-,-,-,-,6003.4000,6003.2000,6002.2000,6002.0000,6001.2000,6007.2000,6010.2000,6011.8000,6012.8000,6013.2000,1,1,1,1,1,1,1,1,1,1
SF,IC2106,2020-10-19 09:33:04.600,6007.0000,74,0,91364200.000,0,-,-,-,-,6003.4000,6003.2000,6002.0000,6001.2000,6001.0000,6007.2000,6010.2000,6011.8000,6012.8000,6013.2000,1,1,1,1,1,1,1,1,1,1
SF,IC2106,2020-10-19 09:33:05.100,6007.0000,74,0,91364200.000,0,-,-,-,-,6003.2000,6002.0000,6001.2000,6001.0000,6000.0000,6007.0000,6007.2000,6010.2000,6011.8000,6012.8000,1,1,1,1,2,1,1,1,1,1
SF,IC2106,2020-10-19 09:33:05.600,6007.0000,75,1,92565600.000,1,1,0,双开,S,6002.0000,6001.2000,6001.0000,6000.0000,5998.0000,6007.2000,6010.2000,6011.8000,6012.8000,6013.2000,1,1,1,2,1,1,1,1,1,1
SF,IC2106,2020-10-19 09:33:06.100,6007.0000,75,0,92565600.000,0,-,-,-,-,6002.2000,6002.0000,6001.2000,6001.0000,6000.0000,6006.0000,6007.2000,6010.2000,6011.8000,6012.8000,2,1,1,1,2,1,1,1,1,1
SF,IC2106,2020-10-19 09:33:07.600,6007.0000,75,0,92565600.000,0,-,-,-,-,6003.2000,6002.2000,6002.0000,6001.2000,6001.0000,6006.0000,6007.2000,6010.2000,6011.8000,6012.8000,1,2,1,1,1,1,1,1,1,1
SF,IC2106,2020-10-19 09:33:08.100,6003.2000,76,1,93766240.000,1,1,0,双开,S,6002.0000,6001.2000,6001.0000,6000.0000,5998.0000,6005.8000,6006.0000,6007.2000,6010.2000,6012.8000,1,1,1,2,1,1,1,1,1,1
SF,IC2106,2020-10-19 09:33:09.100,6003.2000,76,0,93766240.000,0,-,-,-,-,6002.0000,6001.2000,6001.0000,6000.0000,5998.0000,6005.8000,6006.0000,6007.2000,6010.2000,6012.8000,1,1,1,2,1,1,1,1,1,1
SF,IC2106,2020-10-19 09:33:09.600,6003.2000,76,0,93766240.000,0,-,-,-,-,6002.0000,6001.2000,6001.0000,6000.0000,5998.0000,6005.6000,6005.8000,6006.0000,6007.2000,6010.2000,1,1,1,2,1,1,1,1,1,1
SF,IC2106,2020-10-19 09:33:10.100,6003.2000,76,0,93766240.000,0,-,-,-,-,6002.0000,6001.2000,6001.0000,6000.0000,5998.0000,6005.4000,6005.6000,6006.0000,6007.2000,6010.2000,1,1,1,2,1,1,2,1,1,1
SF,IC2106,2020-10-19 09:33:10.600,6003.2000,76,0,93766240.000,0,-,-,-,-,6002.0000,6001.2000,6001.0000,6000.0000,5998.0000,6005.2000,6005.4000,6005.6000,6006.0000,6007.2000,1,1,1,2,1,1,1,2,1,1
SF,IC2106,2020-10-19 09:33:11.100,6003.2000,76,0,93766240.000,0,-,-,-,-,6002.0000,6001.2000,6001.0000,6000.0000,5998.0000,6005.0000,6005.2000,6005.6000,6006.0000,6007.2000,1,1,1,2,1,1,1,2,1,1
SF,IC2106,2020-10-19 09:33:11.600,6002.0000,77,1,94966640.000,1,1,0,双开,S,6001.2000,6001.0000,6000.0000,5998.0000,5996.0000,6002.0000,6005.0000,6005.2000,6005.6000,6006.0000,1,1,2,1,2,1,1,1,1,1
SF,IC2106,2020-10-19 09:33:12.100,6002.0000,78,1,96167040.000,1,1,0,双开,S,6001.2000,6001.0000,6000.0000,5998.0000,5996.0000,6005.2000,6006.0000,6007.2000,6010.2000,6012.8000,1,1,2,1,2,1,1,1,1,1
SF,IC2106,2020-10-19 09:33:12.600,6002.0000,78,0,96167040.000,0,-,-,-,-,6001.2000,6001.0000,6000.0000,5998.0000,5996.0000,6005.0000,6005.2000,6006.0000,6007.2000,6010.2000,1,1,2,1,2,1,1,1,1,1
SF,IC2106,2020-10-19 09:33:13.100,6005.0000,79,1,97368040.000,1,1,0,双开,S,6001.2000,6001.0000,6000.0000,5998.0000,5996.0000,6004.6000,6006.0000,6007.2000,6010.2000,6012.8000,1,1,2,1,2,1,1,1,1,1
SF,IC2106,2020-10-19 09:33:13.600,6005.0000,79,0,97368040.000,0,-,-,-,-,6001.4000,6001.2000,6001.0000,6000.0000,5998.0000,6004.6000,6006.0000,6007.2000,6010.2000,6012.8000,1,1,1,2,1,1,1,1,1,1
SF,IC2106,2020-10-19 09:33:14.100,6005.0000,79,0,97368040.000,0,-,-,-,-,6001.4000,6001.2000,6001.0000,6000.0000,5998.0000,6003.8000,6004.6000,6006.0000,6007.2000,6010.2000,1,1,1,2,1,2,1,1,1,1
SF,IC2106,2020-10-19 09:33:14.600,6001.4000,80,1,98568320.000,1,1,0,双开,S,6001.2000,6001.0000,6000.0000,5998.0000,5996.0000,6003.8000,6004.6000,6006.0000,6007.2000,6010.2000,1,1,2,1,2,2,1,1,1,1
SF,IC2106,2020-10-19 09:33:15.100,6001.4000,80,0,98568320.000,0,-,-,-,-,6001.2000,6001.0000,6000.0000,5998.0000,5996.0000,6003.8000,6006.0000,6007.2000,6010.2000,6012.8000,1,1,2,1,2,2,1,1,1,1
SF,IC2106,2020-10-19 09:33:15.600,6001.4000,80,0,98568320.000,0,-,-,-,-,6001.4000,6001.2000,6001.0000,6000.2000,6000.0000,6003.8000,6006.0000,6007.2000,6010.2000,6012.8000,1,1,1,1,2,2,1,1,1,1
SF,IC2106,2020-10-19 09:33:16.100,6001.4000,81,1,99768600.000,1,1,0,双开,S,6001.4000,6001.2000,6001.0000,6000.2000,6000.0000,6003.8000,6006.0000,6007.2000,6010.2000,6012.8000,1,1,1,1,2,2,1,1,1,1
SF,IC2106,2020-10-19 09:33:16.600,6001.4000,81,0,99768600.000,0,-,-,-,-,6001.4000,6001.2000,6001.0000,6000.2000,6000.0000,6003.8000,6006.0000,6007.2000,6010.2000,6012.8000,1,1,1,1,2,3,1,1,1,1
SF,IC2106,2020-10-19 09:33:17.100,6001.4000,81,0,99768600.000,0,-,-,-,-,6001.6000,6001.4000,6001.2000,6001.0000,6000.2000,6003.8000,6006.0000,6006.2000,6010.2000,6012.8000,1,1,1,1,1,3,1,1,1,1
SF,IC2106,2020-10-19 09:33:20.100,6003.8000,82,1,100969360.000,1,1,0,双开,S,6001.6000,6001.4000,6001.2000,6001.0000,6000.2000,6003.8000,6006.0000,6006.2000,6010.2000,6012.8000,1,1,1,1,1,2,1,1,1,1
SF,IC2106,2020-10-19 09:33:21.600,6001.6000,83,1,102169680.000,1,1,0,双开,S,6001.4000,6001.2000,6001.0000,6000.2000,6000.0000,6003.8000,6006.0000,6006.2000,6010.2000,6012.8000,1,1,1,1,2,2,1,1,1,1
SF,IC2106,2020-10-19 09:33:22.100,6001.6000,83,0,102169680.000,0,-,-,-,-,6001.4000,6001.2000,6001.0000,6000.2000,6000.0000,6003.6000,6003.8000,6006.0000,6006.2000,6010.2000,1,1,1,1,2,1,2,1,1,1
SF,IC2106,2020-10-19 09:33:22.600,6001.0000,85,2,104570120.000,2,2,0,双开,S,6000.2000,6000.0000,5998.0000,5996.0000,5991.0000,6001.0000,6003.6000,6003.8000,6006.0000,6006.2000,1,2,1,2,1,1,1,2,1,1
SF,IC2106,2020-10-19 09:33:24.100,6001.0000,85,0,104570120.000,0,-,-,-,-,6000.2000,6000.0000,5998.0000,5996.0000,5991.0000,6001.0000,6001.4000,6003.6000,6003.8000,6006.0000,1,2,1,2,1,1,1,1,2,1
SF,IC2106,2020-10-19 09:33:24.600,6000.2000,86,1,105770160.000,1,1,0,双开,S,6000.0000,5998.0000,5996.0000,5991.0000,5986.0000,6000.8000,6001.0000,6001.4000,6003.8000,6006.0000,2,1,2,1,1,1,1,1,2,1
SF,IC2106,2020-10-19 09:33:25.100,6000.0000,87,1,106970160.000,1,1,0,双开,S,6000.0000,5998.0000,5996.0000,5991.0000,5986.0000,6001.0000,6001.4000,6003.8000,6006.0000,6006.2000,1,1,2,1,1,1,1,2,1,1
SF,IC2106,2020-10-19 09:33:28.100,6000.0000,89,2,109370360.000,2,2,0,双开,S,5998.0000,5996.0000,5991.0000,5986.0000,5981.0000,6001.4000,6003.8000,6006.0000,6006.2000,6010.2000,1,2,1,1,1,1,2,1,1,1
SF,IC2106,2020-10-19 09:33:28.600,6000.0000,89,0,109370360.000,0,-,-,-,-,5998.2000,5998.0000,5996.0000,5991.0000,5986.0000,6001.2000,6001.4000,6003.8000,6006.0000,6006.2000,1,1,2,1,1,1,1,2,1,1
SF,IC2106,2020-10-19 09:33:30.100,6000.0000,90,1,110570360.000,1,1,0,双开,S,5998.2000,5998.0000,5996.0000,5991.0000,5986.0000,6001.2000,6003.8000,6006.0000,6006.2000,6010.2000,1,1,2,1,1,1,2,1,1,1
SF,IC2106,2020-10-19 09:33:30.600,6000.0000,90,0,110570360.000,0,-,-,-,-,5998.2000,5998.0000,5996.0000,5991.0000,5986.0000,6001.2000,6003.8000,6006.0000,6006.2000,6010.2000,1,1,2,1,1,2,1,1,1,1
SF,IC2106,2020-10-19 09:33:32.600,5998.2000,91,1,111770000.000,1,1,0,双开,S,5998.0000,5996.0000,5991.0000,5986.0000,5981.0000,6001.2000,6003.8000,6006.0000,6006.2000,6010.2000,1,2,1,1,1,2,1,1,1,1
SF,IC2106,2020-10-19 09:33:33.100,5998.0000,92,1,112969600.000,1,1,0,双开,S,5996.0000,5991.0000,5986.0000,5981.0000,5972.0000,6001.0000,6001.2000,6003.8000,6006.2000,6010.2000,2,1,1,1,1,1,1,1,1,1
SF,IC2106,2020-10-19 09:33:33.600,5998.0000,92,0,112969600.000,0,-,-,-,-,5996.0000,5991.0000,5986.0000,5981.0000,5972.0000,6000.8000,6001.0000,6001.2000,6003.8000,6006.2000,2,1,1,1,1,1,1,2,1,1
SF,IC2106,2020-10-19 09:33:34.100,5998.0000,92,0,112969600.000,0,-,-,-,-,5996.0000,5991.0000,5986.0000,5981.0000,5972.0000,6000.6000,6000.8000,6001.0000,6001.2000,6003.8000,2,1,1,1,1,1,1,1,2,1
SF,IC2106,2020-10-19 09:33:34.600,5998.0000,92,0,112969600.000,0,-,-,-,-,5996.0000,5991.0000,5986.0000,5981.0000,5975.2000,6000.4000,6000.6000,6001.0000,6001.2000,6003.8000,2,1,1,1,1,1,1,1,2,1
SF,IC2106,2020-10-19 09:33:35.600,5996.0000,93,1,114168800.000,1,1,0,双开,S,5996.0000,5991.0000,5986.0000,5981.0000,5975.2000,6000.2000,6000.4000,6000.6000,6001.0000,6001.2000,1,1,1,1,1,1,1,1,1,2
SF,IC2106,2020-10-19 09:33:36.100,5996.0000,94,1,115368000.000,1,1,0,双开,S,5991.0000,5986.0000,5981.0000,5975.2000,5972.0000,6000.0000,6000.2000,6000.6000,6001.0000,6001.2000,1,1,1,1,1,1,1,1,1,2
SF,IC2106,2020-10-19 09:33:36.600,5996.0000,94,0,115368000.000,0,-,-,-,-,5991.2000,5991.0000,5986.0000,5981.0000,5975.2000,5999.8000,6000.0000,6000.2000,6000.6000,6001.0000,1,1,1,1,1,2,1,1,1,1
SF,IC2106,2020-10-19 09:33:37.100,5996.0000,94,0,115368000.000,0,-,-,-,-,5991.2000,5991.0000,5986.0000,5981.0000,5975.2000,5996.0000,5999.8000,6000.2000,6000.6000,6001.0000,1,1,1,1,1,1,2,1,1,1
SF,IC2106,2020-10-19 09:33:37.600,5996.0000,96,2,117766400.000,2,2,0,双开,S,5991.2000,5991.0000,5986.0000,5981.0000,5975.2000,5995.8000,5999.8000,6000.2000,6000.6000,6001.2000,1,1,1,1,1,1,1,1,1,2
SF,IC2106,2020-10-19 09:33:38.100,5995.8000,97,1,118965560.000,1,1,0,双开,S,5991.2000,5991.0000,5986.0000,5981.0000,5975.2000,5995.6000,5999.8000,6000.2000,6001.2000,6003.8000,1,1,1,1,1,1,1,1,2,1
SF,IC2106,2020-10-19 09:33:38.600,5995.6000,98,1,120164680.000,1,1,0,双开,S,5991.0000,5986.0000,5981.0000,5975.2000,5972.0000,5995.4000,6001.2000,6003.8000,6006.2000,6010.2000,1,1,1,1,1,1,2,1,1,1
SF,IC2106,2020-10-19 09:33:39.100,5995.6000,98,0,120164680.000,0,-,-,-,-,5991.2000,5991.0000,5986.0000,5981.0000,5975.2000,5995.4000,6001.2000,6003.8000,6006.2000,6010.2000,1,1,1,1,1,1,2,1,1,1
SF,IC2106,2020-10-19 09:33:39.600,5995.6000,98,0,120164680.000,0,-,-,-,-,5991.4000,5991.2000,5991.0000,5986.0000,5981.0000,5995.4000,6001.2000,6003.8000,6006.2000,6010.2000,1,1,1,1,1,1,2,1,1,1
SF,IC2106,2020-10-19 09:33:40.100,5995.6000,98,0,120164680.000,0,-,-,-,-,5991.6000,5991.4000,5991.0000,5986.0000,5981.0000,6001.2000,6003.8000,6006.2000,6010.2000,6012.8000,1,1,1,1,1,2,1,1,1,1
SF,IC2106,2020-10-19 09:33:40.600,5995.6000,98,0,120164680.000,0,-,-,-,-,5991.6000,5991.4000,5991.0000,5986.0000,5981.0000,6001.0000,6001.2000,6003.8000,6006.2000,6010.2000,1,1,1,1,1,2,2,1,1,1
SF,IC2106,2020-10-19 09:33:41.100,6001.0000,99,1,121364880.000,1,1,0,双开,S,5991.6000,5991.4000,5991.0000,5986.0000,5981.0000,6001.2000,6003.8000,6006.2000,6010.2000,6012.8000,1,1,1,1,1,2,1,1,1,1
SF,IC2106,2020-10-19 09:33:41.600,5992.0000,100,1,122563280.000,1,1,0,双开,S,5991.6000,5991.4000,5991.0000,5986.0000,5981.0000,6001.0000,6001.2000,6003.8000,6006.2000,6010.2000,1,1,1,1,1,1,2,1,1,1
SF,IC2106,2020-10-19 09:33:42.100,5992.0000,100,0,122563280.000,0,-,-,-,-,5991.6000,5991.4000,5991.0000,5986.0000,5981.0000,6000.8000,6001.0000,6001.2000,6003.8000,6006.2000,1,1,1,1,1,1,1,2,1,1
SF,IC2106,2020-10-19 09:33:42.600,5992.0000,100,0,122563280.000,0,-,-,-,-,5991.6000,5991.4000,5991.0000,5986.0000,5981.0000,6000.6000,6000.8000,6001.2000,6003.8000,6006.2000,1,1,1,1,1,1,1,2,1,1
SF,IC2106,2020-10-19 09:33:43.100,5992.0000,100,0,122563280.000,0,-,-,-,-,5992.0000,5991.6000,5991.0000,5986.0000,5981.0000,6000.4000,6000.6000,6001.2000,6003.8000,6006.2000,2,1,1,1,1,1,1,2,1,1
SF,IC2106,2020-10-19 09:33:43.600,5992.0000,100,0,122563280.000,0,-,-,-,-,5992.2000,5992.0000,5991.6000,5991.0000,5986.0000,6000.2000,6000.4000,6001.2000,6003.8000,6006.2000,1,2,1,1,1,2,2,1,1,1
SF,IC2106,2020-10-19 09:33:44.100,5992.0000,100,0,122563280.000,0,-,-,-,-,5992.2000,5992.0000,5991.0000,5986.0000,5981.0000,6000.0000,6000.2000,6000.4000,6001.2000,6003.8000,1,2,1,1,1,1,1,2,1,1
SF,IC2106,2020-10-19 09:33:44.600,5992.0000,100,0,122563280.000,0,-,-,-,-,5992.6000,5992.2000,5991.0000,5986.0000,5981.0000,5999.8000,6000.0000,6000.4000,6001.2000,6003.8000,1,1,1,1,1,2,1,2,1,1
SF,IC2106,2020-10-19 09:33:45.100,5992.0000,100,0,122563280.000,0,-,-,-,-,5992.8000,5992.6000,5991.0000,5986.0000,5981.0000,5999.8000,6000.4000,6001.2000,6003.8000,6006.2000,1,1,1,1,1,1,1,1,1,1
SF,IC2106,2020-10-19 09:33:45.600,5992.0000,100,0,122563280.000,0,-,-,-,-,5992.8000,5992.6000,5991.0000,5986.0000,5981.0000,5999.6000,5999.8000,6000.4000,6001.2000,6003.8000,1,1,1,1,1,1,1,1,1,1
SF,IC2106,2020-10-19 09:33:46.100,5992.0000,100,0,122563280.000,0,-,-,-,-,5993.0000,5992.8000,5992.6000,5991.0000,5986.0000,5999.4000,5999.6000,6000.4000,6001.2000,6003.8000,1,1,1,1,1,1,1,1,1,1
SF,IC2106,2020-10-19 09:33:46.600,5992.0000,100,0,122563280.000,0,-,-,-,-,5993.2000,5993.0000,5992.8000,5991.0000,5986.0000,5999.4000,6000.4000,6001.2000,6003.8000,6010.2000,1,1,1,1,1,1,1,1,1,1
SF,IC2106,2020-10-19 09:33:47.100,5993.2000,102,2,124961760.000,2,2,0,双开,S,5993.2000,5993.0000,5991.0000,5986.0000,5981.0000,5999.2000,5999.4000,6000.4000,6001.2000,6003.8000,1,1,1,1,1,1,1,1,1,1
SF,IC2106,2020-10-19 09:33:47.600,5993.2000,102,0,124961760.000,0,-,-,-,-,5993.4000,5993.2000,5993.0000,5991.0000,5986.0000,5999.0000,5999.2000,6000.4000,6001.2000,6003.8000,1,1,1,1,1,1,1,1,1,1
SF,IC2106,2020-10-19 09:33:48.100,5993.2000,102,0,124961760.000,0,-,-,-,-,5993.6000,5993.4000,5993.0000,5991.0000,5986.0000,5999.0000,6000.4000,6001.2000,6003.8000,6010.2000,1,1,1,1,1,1,1,1,1,1
SF,IC2106,2020-10-19 09:33:48.600,5993.2000,102,0,124961760.000,0,-,-,-,-,5993.8000,5993.6000,5993.0000,5991.0000,5986.0000,5998.8000,5999.0000,6000.4000,6001.2000,6003.8000,1,1,1,1,1,1,1,1,1,1
SF,IC2106,2020-10-19 09:33:49.100,5993.2000,102,0,124961760.000,0,-,-,-,-,5993.8000,5993.6000,5993.0000,5991.0000,5986.0000,5998.6000,5998.8000,6000.4000,6001.2000,6003.8000,1,1,1,1,1,1,1,1,1,1
SF,IC2106,2020-10-19 09:33:49.600,5993.2000,102,0,124961760.000,0,-,-,-,-,5993.8000,5993.6000,5993.0000,5991.0000,5986.0000,5998.4000,5998.6000,6000.4000,6001.2000,6003.8000,1,1,1,1,1,1,1,1,1,1
SF,IC2106,2020-10-19 09:33:50.100,5993.2000,102,0,124961760.000,0,-,-,-,-,5993.8000,5993.0000,5991.0000,5986.0000,5981.0000,5998.2000,5998.4000,5998.6000,6000.4000,6001.2000,2,1,1,1,1,1,1,1,1,1
SF,IC2106,2020-10-19 09:33:50.600,5993.2000,102,0,124961760.000,0,-,-,-,-,5994.2000,5993.8000,5993.0000,5991.0000,5986.0000,5998.0000,5998.2000,5998.4000,6000.4000,6001.2000,1,1,1,1,1,1,1,1,1,1
SF,IC2106,2020-10-19 09:33:51.100,5993.2000,102,0,124961760.000,0,-,-,-,-,5994.4000,5994.2000,5993.0000,5991.0000,5986.0000,5998.4000,6000.4000,6001.2000,6003.8000,6010.2000,1,1,1,1,1,1,1,1,1,1
SF,IC2106,2020-10-19 09:33:51.600,5993.2000,102,0,124961760.000,0,-,-,-,-,5994.6000,5994.4000,5994.2000,5993.0000,5991.0000,5998.2000,5998.4000,6000.4000,6001.2000,6003.8000,1,1,1,1,1,1,1,1,1,1
SF,IC2106,2020-10-19 09:33:52.100,5993.2000,102,0,124961760.000,0,-,-,-,-,5994.8000,5994.6000,5994.2000,5993.0000,5991.0000,5998.2000,5998.4000,6000.4000,6001.2000,6003.8000,1,1,1,1,1,1,1,1,1,1
SF,IC2106,2020-10-19 09:33:54.600,5993.2000,102,0,124961760.000,0,-,-,-,-,5995.8000,5994.8000,5994.2000,5993.0000,5991.0000,5998.2000,5998.4000,6000.4000,6001.2000,6003.8000,1,1,1,1,1,1,1,1,1,1
SF,IC2106,2020-10-19 09:33:55.100,5998.2000,103,1,126161400.000,1,1,0,双开,S,5996.0000,5995.8000,5994.2000,5994.0000,5993.0000,5998.0000,5998.4000,6000.4000,6001.2000,6003.8000,1,1,1,1,1,1,1,1,1,1
SF,IC2106,2020-10-19 09:33:55.600,5998.2000,103,0,126161400.000,0,-,-,-,-,5996.2000,5996.0000,5995.8000,5994.0000,5993.0000,5998.0000,5998.4000,6000.4000,6001.2000,6003.8000,1,1,1,1,1,1,1,1,1,1
SF,IC2106,2020-10-19 09:33:56.100,5998.2000,103,0,126161400.000,0,-,-,-,-,5996.4000,5996.2000,5995.8000,5994.0000,5993.0000,5998.4000,6000.4000,6001.2000,6003.8000,6010.2000,1,1,1,1,1,1,1,1,1,1
SF,IC2106,2020-10-19 09:33:56.600,5998.2000,103,0,126161400.000,0,-,-,-,-,5996.4000,5996.2000,5993.0000,5991.0000,5986.0000,5998.4000,5999.4000,6001.2000,6003.8000,6010.2000,1,1,1,1,1,2,1,1,1,1
SF,IC2106,2020-10-19 09:33:57.100,5998.2000,103,0,126161400.000,0,-,-,-,-,5996.4000,5996.2000,5993.0000,5991.0000,5986.0000,5998.4000,6001.2000,6003.8000,6010.2000,6012.8000,1,1,1,1,1,2,1,1,1,1
SF,IC2106,2020-10-19 09:33:57.600,5998.2000,103,0,126161400.000,0,-,-,-,-,5996.2000,5993.0000,5991.0000,5986.0000,5981.0000,5998.4000,6001.2000,6003.8000,6010.2000,6012.8000,1,1,1,1,1,2,1,1,1,1
SF,IC2106,2020-10-19 09:33:58.100,5998.2000,103,0,126161400.000,0,-,-,-,-,5994.4000,5991.0000,5986.0000,5981.0000,5975.2000,5998.2000,5998.4000,6001.2000,6003.8000,6010.2000,1,1,1,1,1,2,2,1,1,1
SF,IC2106,2020-10-19 09:33:58.600,5998.2000,103,0,126161400.000,0,-,-,-,-,5991.0000,5986.0000,5981.0000,5975.2000,5972.0000,5998.0000,5998.2000,5998.4000,6001.2000,6003.8000,1,1,1,1,1,1,1,2,1,1
SF,IC2106,2020-10-19 09:33:59.100,5998.2000,103,0,126161400.000,0,-,-,-,-,5991.2000,5991.0000,5986.0000,5981.0000,5975.2000,5997.8000,5998.0000,5998.4000,6001.2000,6003.8000,1,1,1,1,1,2,1,2,1,1
SF,IC2106,2020-10-19 09:33:59.600,5998.2000,103,0,126161400.000,0,-,-,-,-,5991.0000,5986.0000,5981.0000,5975.2000,5972.0000,5994.4000,5997.8000,5998.0000,5998.4000,6001.2000,1,1,1,1,1,1,1,1,2,1
SF,IC2106,2020-10-19 09:34:00.100,5994.4000,104,1,127360280.000,1,1,0,双开,S,5991.2000,5991.0000,5986.0000,5981.0000,5975.2000,5994.2000,5994.4000,5998.4000,6001.2000,6003.8000,1,1,1,1,1,1,1,2,1,1
SF,IC2106,2020-10-19 09:34:01.100,5994.4000,104,0,127360280.000,0,-,-,-,-,5991.6000,5991.4000,5991.2000,5991.0000,5986.0000,5994.2000,5994.4000,5998.4000,6001.2000,6003.8000,1,1,1,1,1,1,1,2,1,1
SF,IC2106,2020-10-19 09:34:01.600,5994.2000,105,1,128559120.000,1,1,0,双开,S,5991.6000,5991.4000,5991.0000,5986.0000,5981.0000,5994.4000,5998.4000,6001.2000,6003.8000,6010.2000,1,1,1,1,1,1,2,1,1,1
SF,IC2106,2020-10-19 09:34:02.100,5994.4000,106,1,129758000.000,1,1,0,双开,S,5994.2000,5991.6000,5991.4000,5991.0000,5986.0000,5998.4000,6001.2000,6003.8000,6010.2000,6012.8000,1,1,1,1,1,2,1,1,1,1
SF,IC2106,2020-10-19 09:34:02.600,5994.4000,106,0,129758000.000,0,-,-,-,-,5992.6000,5991.4000,5991.0000,5986.0000,5981.0000,5998.2000,5998.4000,6001.2000,6003.8000,6010.2000,1,1,1,1,1,1,2,1,1,1
SF,IC2106,2020-10-19 09:34:03.100,5998.2000,107,1,130957640.000,1,1,0,双开,S,5995.0000,5993.2000,5992.6000,5991.0000,5986.0000,5998.4000,6001.2000,6003.8000,6010.2000,6012.8000,1,1,1,1,1,2,1,1,1,1
SF,IC2106,2020-10-19 09:34:03.600,5998.2000,107,0,130957640.000,0,-,-,-,-,5995.0000,5993.2000,5992.6000,5991.0000,5986.0000,5998.2000,5998.4000,6001.2000,6003.8000,6010.2000,1,1,1,1,1,2,2,1,1,1
SF,IC2106,2020-10-19 09:34:04.100,5998.2000,108,1,132157280.000,1,1,0,双开,S,5993.4000,5993.2000,5992.6000,5991.0000,5986.0000,5998.2000,5998.4000,6001.2000,6003.8000,6010.2000,1,1,1,1,1,1,2,1,1,1
SF,IC2106,2020-10-19 09:34:04.600,5998.2000,108,0,132157280.000,0,-,-,-,-,5993.6000,5993.4000,5993.2000,5992.6000,5991.0000,5998.2000,5998.4000,6001.2000,6003.8000,6010.2000,1,1,1,1,1,1,2,1,1,1
SF,IC2106,2020-10-19 09:34:05.100,5998.2000,108,0,132157280.000,0,-,-,-,-,5993.8000,5993.6000,5993.4000,5993.2000,5992.6000,5998.4000,6001.2000,6003.8000,6010.2000,6012.8000,1,1,1,1,1,2,1,1,1,1
SF,IC2106,2020-10-19 09:34:05.600,5998.2000,108,0,132157280.000,0,-,-,-,-,5994.0000,5993.8000,5993.4000,5993.2000,5992.6000,5996.2000,5998.4000,6001.2000,6003.8000,6010.2000,1,1,1,1,1,1,2,1,1,1
SF,IC2106,2020-10-19 09:34:06.100,5996.2000,109,1,133356520.000,1,1,0,双开,S,5996.2000,5994.4000,5994.0000,5993.8000,5993.2000,5998.4000,6001.2000,6003.8000,6010.2000,6012.8000,1,1,1,1,1,2,1,1,1,1
SF,IC2106,2020-10-19 09:34:06.600,5996.2000,109,0,133356520.000,0,-,-,-,-,5996.4000,5994.4000,5994.0000,5993.8000,5993.2000,5998.4000,6001.2000,6003.8000,6010.2000,6012.8000,1,1,1,1,1,2,1,1,1,1
SF,IC2106,2020-10-19 09:34:07.100,5996.2000,109,0,133356520.000,0,-,-,-,-,5996.4000,5994.4000,5993.8000,5993.2000,5992.6000,5998.4000,6001.2000,6003.8000,6010.2000,6012.8000,1,1,1,1,1,2,1,1,1,1
SF,IC2106,2020-10-19 09:34:07.600,5996.2000,109,0,133356520.000,0,-,-,-,-,5994.4000,5993.8000,5993.2000,5992.6000,5991.0000,5998.4000,6001.2000,6003.8000,6010.2000,6012.8000,1,1,1,1,1,2,1,1,1,1
SF,IC2106,2020-10-19 09:34:08.100,5996.2000,109,0,133356520.000,0,-,-,-,-,5994.6000,5994.4000,5993.8000,5993.2000,5992.6000,5998.4000,6001.2000,6003.8000,6010.2000,6012.8000,2,1,1,1,1,2,1,1,1,1
SF,IC2106,2020-10-19 09:34:09.600,5996.2000,109,0,133356520.000,0,-,-,-,-,5994.6000,5994.4000,5993.8000,5993.2000,5992.6000,5997.2000,5998.4000,6001.2000,6003.8000,6010.2000,2,1,1,1,1,1,2,1,1,1
SF,IC2106,2020-10-19 09:34:10.100,5997.2000,110,1,134555960.000,1,1,0,双开,S,5994.6000,5994.4000,5993.8000,5993.2000,5991.0000,5997.2000,5998.4000,6001.2000,6003.8000,6010.2000,2,1,1,1,1,1,1,1,1,1
SF,IC2106,2020-10-19 09:34:10.600,5995.2000,112,2,136954440.000,2,2,0,双开,S,5994.6000,5994.4000,5993.8000,5993.2000,5991.0000,5998.4000,6001.2000,6003.8000,6010.2000,6012.8000,2,1,1,1,1,1,1,1,1,1
SF,IC2106,2020-10-19 09:34:11.100,5995.2000,112,0,136954440.000,0,-,-,-,-,5995.8000,5994.6000,5994.4000,5993.8000,5993.2000,5998.4000,6001.2000,6003.8000,6010.2000,6012.8000,1,2,1,1,1,1,1,1,1,1
SF,IC2106,2020-10-19 09:34:11.600,5995.2000,112,0,136954440.000,0,-,-,-,-,5995.8000,5995.2000,5994.6000,5994.4000,5993.8000,5998.4000,6001.2000,6003.8000,6010.2000,6012.8000,1,1,2,1,1,1,1,1,1,1
SF,IC2106,2020-10-19 09:34:12.100,5995.2000,112,0,136954440.000,0,-,-,-,-,5996.2000,5996.0000,5995.8000,5995.2000,5994.6000,5998.4000,6001.2000,6003.8000,6010.2000,6012.8000,2,1,1,1,1,1,1,1,1,1
SF,IC2106,2020-10-19 09:34:12.600,5995.2000,112,0,136954440.000,0,-,-,-,-,5996.4000,5996.2000,5995.8000,5995.2000,5994.6000,5998.4000,6001.2000,6003.8000,6010.2000,6012.8000,1,2,1,1,1,1,1,1,1,1
SF,IC2106,2020-10-19 09:34:13.100,5998.4000,113,1,138154120.000,1,1,0,双开,S,5996.2000,5995.8000,5995.2000,5994.6000,5994.4000,6001.2000,6003.8000,6010.2000,6012.8000,6015.0000,2,1,1,1,1,1,1,1,1,1
SF,IC2106,2020-10-19 09:34:13.600,5998.4000,113,0,138154120.000,0,-,-,-,-,5996.2000,5995.8000,5995.2000,5994.4000,5993.2000,6001.0000,6001.2000,6003.8000,6010.2000,6012.8000,1,1,1,1,1,1,1,1,1,1
SF,IC2106,2020-10-19 09:34:14.100,5998.4000,113,0,138154120.000,0,-,-,-,-,5996.2000,5995.8000,5995.2000,5994.4000,5993.2000,6000.8000,6001.0000,6001.2000,6003.8000,6010.2000,1,1,1,1,1,1,1,1,1,1
SF,IC2106,2020-10-19 09:34:14.600,5996.2000,114,1,139353360.000,1,1,0,双开,S,5995.8000,5995.2000,5994.4000,5993.2000,5991.0000,6000.8000,6001.2000,6003.8000,6010.2000,6012.8000,1,1,1,1,1,1,1,1,1,1
SF,IC2106,2020-10-19 09:34:15.100,5995.8000,115,1,140552520.000,1,1,0,双开,S,5994.4000,5993.2000,5991.0000,5986.0000,5981.0000,6000.8000,6001.2000,6003.8000,6010.2000,6012.8000,1,1,1,1,1,1,1,1,1,1
SF,IC2106,2020-10-19 09:34:15.600,5995.8000,115,0,140552520.000,0,-,-,-,-,5994.4000,5993.2000,5991.0000,5986.0000,5981.0000,5996.2000,6000.6000,6000.8000,6001.2000,6003.8000,1,1,1,1,1,1,2,1,1,1
SF,IC2106,2020-10-19 09:34:16.100,5995.8000,115,0,140552520.000,0,-,-,-,-,5994.4000,5993.2000,5991.0000,5986.0000,5981.0000,5996.2000,6000.6000,6001.2000,6003.8000,6010.2000,1,1,1,1,1,1,2,1,1,1
SF,IC2106,2020-10-19 09:34:16.600,5995.8000,115,0,140552520.000,0,-,-,-,-,5994.6000,5994.4000,5993.2000,5991.0000,5986.0000,5996.2000,6000.6000,6001.2000,6003.8000,6010.2000,1,1,1,1,1,1,2,1,1,1
SF,IC2106,2020-10-19 09:34:17.100,5995.8000,115,0,140552520.000,0,-,-,-,-,5995.0000,5994.6000,5993.2000,5991.0000,5986.0000,5996.2000,6000.6000,6001.2000,6003.8000,6010.2000,1,1,1,1,1,1,2,1,1,1
SF,IC2106,2020-10-19 09:34:17.600,5995.8000,115,0,140552520.000,0,-,-,-,-,5995.0000,5994.6000,5993.2000,5991.0000,5986.0000,5996.2000,6000.6000,6001.2000,6003.8000,6010.2000,2,1,1,1,1,1,2,1,1,1
SF,IC2106,2020-10-19 09:34:18.100,5996.0000,116,1,141751720.000,1,1,0,双开,S,5995.0000,5994.6000,5993.2000,5991.0000,5986.0000,5996.2000,6000.6000,6001.2000,6003.8000,6010.2000,1,1,1,1,1,1,1,1,1,1
SF,IC2106,2020-10-19 09:34:18.600,5996.0000,116,0,141751720.000,0,-,-,-,-,5995.0000,5993.2000,5991.0000,5986.0000,5981.0000,5996.2000,6000.6000,6001.2000,6003.8000,6010.2000,1,1,1,1,1,1,1,1,1,1
SF,IC2106,2020-10-19 09:34:19.100,5996.0000,116,0,141751720.000,0,-,-,-,-,5995.0000,5993.2000,5991.0000,5986.0000,5981.0000,5996.0000,5996.2000,6000.6000,6001.2000,6003.8000,1,1,1,1,1,1,1,1,1,1
SF,IC2106,2020-10-19 09:34:20.100,5996.0000,116,0,141751720.000,0,-,-,-,-,5995.0000,5993.2000,5991.0000,5986.0000,5981.0000,5996.0000,5996.2000,6000.6000,6001.2000,6003.8000,1,1,1,1,1,1,1,1,1,1
SF,IC2106,2020-10-19 09:34:20.600,5996.2000,117,1,142950960.000,1,1,0,双开,S,5995.0000,5993.2000,5991.0000,5986.0000,5981.0000,6000.6000,6001.2000,6003.8000,6010.2000,6012.8000,1,2,1,1,1,1,1,1,1,1
SF,IC2106,2020-10-19 09:34:21.100,5996.2000,117,0,142950960.000,0,-,-,-,-,5995.0000,5993.2000,5991.0000,5986.0000,5981.0000,6000.4000,6000.6000,6001.2000,6003.8000,6010.2000,1,2,1,1,1,2,1,1,1,1
SF,IC2106,2020-10-19 09:34:21.600,5996.2000,117,0,142950960.000,0,-,-,-,-,5995.0000,5993.2000,5991.0000,5986.0000,5981.0000,6000.4000,6000.6000,6001.2000,6010.2000,6012.8000,1,2,1,1,1,2,1,1,1,1
SF,IC2106,2020-10-19 09:34:23.600,5996.2000,117,0,142950960.000,0,-,-,-,-,5995.0000,5993.2000,5991.0000,5986.0000,5981.0000,6000.4000,6000.6000,6001.2000,6010.2000,6012.8000,1,1,1,1,1,2,1,1,1,1
SF,IC2106,2020-10-19 09:34:24.100,5995.0000,118,1,144149960.000,1,1,0,双开,S,5993.2000,5991.0000,5986.0000,5981.0000,5975.2000,6000.2000,6000.4000,6000.6000,6001.2000,6010.2000,1,1,1,1,1,1,1,1,1,1
SF,IC2106,2020-10-19 09:34:24.600,5995.0000,118,0,144149960.000,0,-,-,-,-,5993.4000,5993.2000,5991.0000,5986.0000,5981.0000,5999.4000,6000.0000,6000.2000,6001.2000,6026.0000,2,1,1,1,1,1,1,1,1,1
SF,IC2106,2020-10-19 09:34:25.100,5995.0000,118,0,144149960.000,0,-,-,-,-,5993.4000,5993.2000,5991.0000,5986.0000,5981.0000,5999.4000,6000.0000,6001.2000,6026.0000,6027.0000,2,1,1,1,1,1,1,1,1,1
SF,IC2106,2020-10-19 09:34:25.600,5995.0000,118,0,144149960.000,0,-,-,-,-,5993.4000,5993.2000,5991.0000,5986.0000,5981.0000,5999.2000,5999.4000,6001.2000,6026.0000,6027.0000,1,1,1,1,1,2,1,1,1,1
SF,IC2106,2020-10-19 09:34:26.100,5995.0000,118,0,144149960.000,0,-,-,-,-,5993.4000,5993.2000,5991.0000,5986.0000,5981.0000,5999.2000,5999.4000,6001.2000,6026.0000,6027.0000,1,1,1,1,1,2,1,1,1,1
SF,IC2106,2020-10-19 09:34:27.100,5993.4000,119,1,145348640.000,1,1,0,双开,S,5993.2000,5991.0000,5986.0000,5981.0000,5975.2000,5999.2000,5999.4000,6001.2000,6026.0000,6027.0000,1,1,1,1,1,2,1,1,1,1
SF,IC2106,2020-10-19 09:34:27.600,5993.4000,119,0,145348640.000,0,-,-,-,-,5993.2000,5991.0000,5986.0000,5981.0000,5975.2000,5999.0000,5999.2000,5999.4000,6001.2000,6026.0000,1,1,1,1,1,1,2,1,1,1
SF,IC2106,2020-10-19 09:34:28.100,5993.4000,119,0,145348640.000,0,-,-,-,-,5993.6000,5993.4000,5993.2000,5991.0000,5986.0000,5998.8000,5999.0000,5999.2000,5999.4000,6001.2000,1,1,1,1,1,1,1,1,1,1
SF,IC2106,2020-10-19 09:34:28.600,5993.4000,119,0,145348640.000,0,-,-,-,-,5993.8000,5993.6000,5993.2000,5991.0000,5986.0000,5998.8000,5999.2000,6001.2000,6026.0000,6027.0000,1,1,1,1,1,1,1,1,1,1
SF,IC2106,2020-10-19 09:34:29.100,5993.4000,119,0,145348640.000,0,-,-,-,-,5993.8000,5993.6000,5993.2000,5991.0000,5986.0000,5998.8000,5999.2000,6001.2000,6026.0000,6027.0000,1,1,1,1,1,1,1,1,1,1
SF,IC2106,2020-10-19 09:34:29.600,5993.4000,120,1,146547320.000,1,1,0,双开,S,5993.6000,5993.2000,5991.0000,5986.0000,5981.0000,5998.8000,5999.2000,6000.4000,6001.2000,6026.0000,1,1,1,1,1,1,1,1,1,1
SF,IC2106,2020-10-19 09:34:30.100,5993.4000,120,0,146547320.000,0,-,-,-,-,5995.0000,5993.6000,5993.2000,5991.0000,5986.0000,5998.6000,5998.8000,5999.2000,6000.4000,6001.2000,1,1,1,1,1,2,1,1,1,1
SF,IC2106,2020-10-19 09:34:30.600,5993.4000,120,0,146547320.000,0,-,-,-,-,5995.0000,5993.6000,5993.2000,5991.0000,5986.0000,5998.4000,5998.6000,5999.2000,6000.4000,6001.2000,1,1,1,1,1,1,1,1,1,1
SF,IC2106,2020-10-19 09:34:31.100,5993.4000,120,0,146547320.000,0,-,-,-,-,5995.0000,5993.6000,5993.2000,5991.0000,5986.0000,5998.2000,5998.4000,5998.6000,5999.2000,6000.4000,1,1,1,1,1,1,1,1,1,1
SF,IC2106,2020-10-19 09:34:31.600,5993.4000,120,0,146547320.000,0,-,-,-,-,5995.0000,5993.6000,5993.2000,5991.0000,5986.0000,5998.0000,5998.2000,5998.6000,5999.2000,6000.4000,1,1,2,1,1,2,1,1,1,1
SF,IC2106,2020-10-19 09:34:32.100,5995.0000,121,1,147746320.000,1,1,0,双开,S,5993.6000,5993.2000,5991.0000,5986.0000,5981.0000,5998.0000,5998.6000,5999.2000,6000.4000,6001.2000,1,2,1,1,1,1,1,1,1,1
SF,IC2106,2020-10-19 09:34:32.600,5995.0000,121,0,147746320.000,0,-,-,-,-,5993.6000,5993.2000,5991.0000,5986.0000,5981.0000,5997.8000,5998.0000,5998.6000,5999.2000,6000.4000,1,2,1,1,1,2,2,1,1,1
SF,IC2106,2020-10-19 09:34:33.100,5995.0000,121,0,147746320.000,0,-,-,-,-,5993.6000,5993.2000,5991.0000,5986.0000,5981.0000,5997.6000,5997.8000,5998.0000,5998.6000,5999.2000,1,2,1,1,1,1,1,2,1,1
SF,IC2106,2020-10-19 09:34:33.600,5993.6000,122,1,148945040.000,1,1,0,双开,S,5993.2000,5991.0000,5986.0000,5981.0000,5975.2000,5997.4000,5997.6000,5998.0000,5998.6000,5999.2000,2,1,1,1,1,1,1,2,1,1
SF,IC2106,2020-10-19 09:34:34.100,5993.2000,123,1,150143680.000,1,1,0,双开,S,5993.2000,5991.0000,5986.0000,5981.0000,5975.2000,5997.2000,5997.4000,5997.6000,5998.0000,5998.6000,1,1,1,1,1,1,1,1,2,1
SF,IC2106,2020-10-19 09:34:34.600,5993.2000,123,0,150143680.000,0,-,-,-,-,5993.2000,5991.0000,5986.0000,5981.0000,5975.2000,5997.0000,5997.2000,5997.6000,5998.0000,5998.6000,1,1,1,1,1,1,1,1,2,1
SF,IC2106,2020-10-19 09:34:35.100,5993.2000,123,0,150143680.000,0,-,-,-,-,5993.2000,5991.0000,5986.0000,5981.0000,5975.2000,5996.8000,5997.0000,5997.2000,5997.6000,5998.0000,1,1,1,1,1,2,1,1,1,2
SF,IC2106,2020-10-19 09:34:35.600,5993.2000,123,0,150143680.000,0,-,-,-,-,5993.2000,5991.0000,5986.0000,5981.0000,5975.2000,5996.6000,5996.8000,5997.2000,5997.6000,5998.0000,1,1,1,1,1,1,1,1,1,2
SF,IC2106,2020-10-19 09:34:37.100,5993.2000,123,0,150143680.000,0,-,-,-,-,5993.2000,5991.0000,5986.0000,5981.0000,5975.2000,5996.2000,5996.6000,5996.8000,5997.2000,5997.6000,1,1,1,1,1,1,1,1,1,1
SF,IC2106,2020-10-19 09:34:39.600,5993.2000,123,0,150143680.000,0,-,-,-,-,5993.2000,5991.0000,5986.0000,5981.0000,5975.2000,5996.0000,5996.2000,5996.6000,5996.8000,5997.2000,1,1,1,1,1,1,1,1,1,1
SF,IC2106,2020-10-19 09:34:40.100,5993.2000,123,0,150143680.000,0,-,-,-,-,5993.2000,5991.0000,5986.0000,5981.0000,5975.2000,5995.8000,5996.0000,5996.2000,5996.8000,5997.2000,1,1,1,1,1,1,1,1,1,1
SF,IC2106,2020-10-19 09:34:41.100,5993.2000,124,1,151342320.000,1,1,0,双开,S,5991.0000,5986.0000,5981.0000,5975.2000,5972.0000,5995.8000,5996.0000,5996.2000,5996.8000,5997.2000,1,1,1,1,1,1,1,1,1,1
SF,IC2106,2020-10-19 09:34:41.600,5993.2000,124,0,151342320.000,0,-,-,-,-,5991.2000,5991.0000,5986.0000,5981.0000,5975.2000,5995.6000,5995.8000,5996.0000,5996.2000,5996.8000,1,1,1,1,1,1,1,1,1,1
SF,IC2106,2020-10-19 09:34:42.100,5993.2000,124,0,151342320.000,0,-,-,-,-,5991.2000,5991.0000,5986.0000,5981.0000,5975.2000,5995.4000,5995.6000,5996.0000,5996.2000,5996.8000,1,1,1,1,1,1,1,1,1,1
SF,IC2106,2020-10-19 09:34:42.600,5993.2000,124,0,151342320.000,0,-,-,-,-,5991.2000,5991.0000,5986.0000,5981.0000,5975.2000,5993.2000,5995.0000,5995.6000,5996.0000,5996.2000,1,1,1,1,1,1,1,1,1,1
SF,IC2106,2020-10-19 09:34:43.100,5993.2000,124,0,151342320.000,0,-,-,-,-,5991.2000,5991.0000,5986.0000,5981.0000,5975.2000,5993.2000,5995.0000,5995.6000,5996.2000,5996.8000,1,1,1,1,1,1,1,1,1,1
SF,IC2106,2020-10-19 09:34:44.100,5993.2000,124,0,151342320.000,0,-,-,-,-,5991.2000,5991.0000,5986.0000,5981.0000,5975.2000,5993.2000,5995.6000,5996.2000,5996.8000,5997.2000,1,1,1,1,1,1,1,1,1,1
SF,IC2106,2020-10-19 09:34:44.600,5993.2000,125,1,152540960.000,1,1,0,双开,S,5991.0000,5986.0000,5981.0000,5975.2000,5972.0000,5991.2000,5995.6000,5996.2000,5996.8000,5997.2000,1,1,1,1,1,1,1,1,1,1
SF,IC2106,2020-10-19 09:34:45.100,5991.2000,126,1,153739200.000,1,1,0,双开,S,5991.6000,5991.0000,5986.0000,5981.0000,5975.2000,5995.6000,5996.2000,5996.8000,5997.2000,5997.6000,1,1,1,1,1,1,1,1,1,1
SF,IC2106,2020-10-19 09:34:45.600,5991.2000,126,0,153739200.000,0,-,-,-,-,5991.6000,5991.0000,5986.0000,5981.0000,5975.2000,5995.4000,5995.6000,5996.2000,5996.8000,5997.2000,1,1,1,1,1,1,2,1,1,1
SF,IC2106,2020-10-19 09:34:46.100,5991.2000,126,0,153739200.000,0,-,-,-,-,5991.6000,5991.0000,5986.0000,5981.0000,5975.2000,5995.2000,5995.4000,5995.6000,5996.2000,5996.8000,1,1,1,1,1,1,1,2,1,1
SF,IC2106,2020-10-19 09:34:46.600,5991.2000,127,1,154937440.000,1,1,0,双开,S,5991.0000,5986.0000,5985.8000,5981.0000,5975.2000,5995.0000,5995.2000,5995.6000,5996.2000,5996.8000,1,1,1,1,1,1,1,2,1,1
SF,IC2106,2020-10-19 09:34:47.100,5991.2000,127,0,154937440.000,0,-,-,-,-,5991.0000,5986.0000,5985.8000,5981.0000,5975.2000,5994.8000,5995.0000,5995.2000,5995.6000,5996.2000,1,1,1,1,1,1,1,1,2,1
SF,IC2106,2020-10-19 09:34:47.600,5991.2000,127,0,154937440.000,0,-,-,-,-,5991.0000,5986.0000,5985.8000,5981.0000,5975.2000,5994.6000,5994.8000,5995.2000,5995.6000,5996.2000,1,1,1,1,1,1,1,1,2,1
SF,IC2106,2020-10-19 09:34:48.100,5991.2000,127,0,154937440.000,0,-,-,-,-,5991.2000,5991.0000,5986.0000,5985.8000,5981.0000,5994.6000,5994.8000,5995.2000,5995.6000,5996.2000,1,1,1,1,1,1,1,1,2,1
SF,IC2106,2020-10-19 09:34:49.100,5991.2000,128,1,156135680.000,1,1,0,双开,S,5991.0000,5986.0000,5985.8000,5981.0000,5975.2000,5994.6000,5994.8000,5995.2000,5995.6000,5996.2000,1,1,1,1,1,1,1,1,2,1
SF,IC2106,2020-10-19 09:34:49.600,5991.2000,128,0,156135680.000,0,-,-,-,-,5991.2000,5991.0000,5986.0000,5985.8000,5981.0000,5994.2000,5994.8000,5995.2000,5995.6000,5996.2000,1,1,1,1,1,1,1,1,2,1
SF,IC2106,2020-10-19 09:34:50.100,5991.2000,128,0,156135680.000,0,-,-,-,-,5991.2000,5991.0000,5986.0000,5985.8000,5981.0000,5994.2000,5994.8000,5995.6000,5996.2000,5996.8000,1,1,1,1,1,1,1,2,1,1
SF,IC2106,2020-10-19 09:34:50.600,5991.2000,129,1,157333920.000,1,1,0,双开,S,5991.2000,5991.0000,5986.0000,5985.8000,5981.0000,5994.2000,5995.6000,5996.2000,5996.8000,5997.2000,1,1,1,1,1,1,2,1,1,1
SF,IC2106,2020-10-19 09:34:51.100,5991.2000,129,0,157333920.000,0,-,-,-,-,5991.2000,5991.0000,5986.0000,5985.8000,5981.0000,5994.0000,5994.2000,5995.6000,5996.2000,5996.8000,1,1,1,1,1,1,1,2,1,1
SF,IC2106,2020-10-19 09:34:51.600,5991.2000,129,0,157333920.000,0,-,-,-,-,5991.4000,5991.2000,5991.0000,5986.0000,5985.8000,5993.8000,5994.0000,5994.2000,5995.6000,5996.2000,1,1,1,1,1,1,1,1,2,1
SF,IC2106,2020-10-19 09:34:52.100,5991.2000,129,0,157333920.000,0,-,-,-,-,5991.4000,5991.2000,5991.0000,5986.0000,5985.8000,5993.6000,5993.8000,5994.2000,5995.6000,5996.2000,1,1,1,1,1,1,1,1,2,1
SF,IC2106,2020-10-19 09:34:53.100,5991.2000,129,0,157333920.000,0,-,-,-,-,5991.2000,5991.0000,5986.0000,5985.8000,5981.0000,5993.6000,5993.8000,5994.2000,5995.6000,5996.2000,1,1,1,1,1,1,1,1,2,1
SF,IC2106,2020-10-19 09:34:53.600,5991.2000,130,1,158532160.000,1,1,0,双开,S,5991.0000,5986.0000,5985.8000,5981.0000,5975.2000,5993.8000,5994.2000,5995.6000,5996.2000,5996.8000,1,1,1,1,1,1,1,2,1,1
SF,IC2106,2020-10-19 09:34:54.100,5991.2000,130,0,158532160.000,0,-,-,-,-,5991.0000,5986.0000,5985.8000,5981.0000,5975.2000,5993.6000,5993.8000,5994.2000,5995.6000,5996.2000,1,1,1,1,1,1,1,1,2,1
SF,IC2106,2020-10-19 09:34:56.100,5991.2000,130,0,158532160.000,0,-,-,-,-,5991.0000,5986.0000,5985.8000,5981.0000,5975.2000,5992.2000,5993.6000,5993.8000,5994.2000,5995.6000,1,1,1,1,1,1,1,1,1,2
SF,IC2106,2020-10-19 09:34:56.600,5991.2000,130,0,158532160.000,0,-,-,-,-,5991.2000,5991.0000,5986.0000,5985.8000,5981.0000,5992.2000,5993.6000,5993.8000,5994.2000,5995.6000,1,1,1,1,1,1,1,1,1,2
SF,IC2106,2020-10-19 09:34:57.600,5991.2000,130,0,158532160.000,0,-,-,-,-,5991.0000,5986.0000,5985.8000,5981.0000,5975.2000,5992.2000,5993.6000,5993.8000,5994.2000,5995.6000,1,1,1,1,1,1,1,1,1,2
SF,IC2106,2020-10-19 09:34:58.100,5991.0000,131,1,159730360.000,1,1,0,双开,S,5986.0000,5985.8000,5981.0000,5975.2000,5972.0000,5992.2000,5993.8000,5994.2000,5995.6000,5996.2000,1,1,1,1,1,1,1,1,2,1
SF,IC2106,2020-10-19 09:34:58.600,5991.0000,131,0,159730360.000,0,-,-,-,-,5986.2000,5986.0000,5985.8000,5981.0000,5975.2000,5992.2000,5994.2000,5995.6000,5996.2000,5996.8000,1,1,1,1,1,2,1,1,1,1
SF,IC2106,2020-10-19 09:34:59.100,5991.0000,131,0,159730360.000,0,-,-,-,-,5986.2000,5986.0000,5985.8000,5981.0000,5975.2000,5992.2000,5994.2000,5995.6000,5996.2000,6000.4000,1,1,1,1,1,2,1,1,1,1
SF,IC2106,2020-10-19 09:34:59.600,5991.0000,131,0,159730360.000,0,-,-,-,-,5986.2000,5986.0000,5981.0000,5975.2000,5972.0000,5992.2000,5994.2000,5996.2000,6000.4000,6001.2000,1,1,1,1,1,2,1,1,1,1
SF,IC2106,2020-10-19 09:35:00.100,5991.0000,131,0,159730360.000,0,-,-,-,-,5986.2000,5986.0000,5982.0000,5981.0000,5975.2000,5992.0000,5992.2000,5994.2000,5996.2000,6000.4000,1,1,1,1,1,1,2,1,1,1
SF,IC2106,2020-10-19 09:35:00.600,5991.0000,131,0,159730360.000,0,-,-,-,-,5987.2000,5986.2000,5986.0000,5982.0000,5981.0000,5992.0000,5992.2000,5994.2000,5996.2000,6000.4000,1,1,1,1,1,1,2,1,1,1
SF,IC2106,2020-10-19 09:35:01.100,5991.0000,131,0,159730360.000,0,-,-,-,-,5988.0000,5987.4000,5987.2000,5986.8000,5986.0000,5992.0000,5992.2000,5994.2000,5996.2000,6000.4000,1,1,1,1,1,1,2,1,1,1
SF,IC2106,2020-10-19 09:35:01.600,5992.0000,132,1,160928760.000,1,1,0,双开,S,5992.0000,5988.2000,5988.0000,5987.2000,5986.0000,5992.2000,5994.2000,5996.2000,6000.4000,6001.2000,3,1,1,1,1,2,1,1,1,1
SF,IC2106,2020-10-19 09:35:02.100,5992.0000,135,3,164523960.000,3,3,0,双开,S,5988.2000,5988.0000,5987.2000,5986.0000,5982.0000,5992.2000,5994.2000,5996.2000,6000.4000,6001.2000,1,1,1,1,1,2,1,1,1,1
SF,IC2106,2020-10-19 09:35:02.600,5992.2000,136,1,165722400.000,1,1,0,双开,S,5988.0000,5987.2000,5986.0000,5982.0000,5981.0000,5992.2000,5994.2000,5996.2000,6000.4000,6001.2000,1,1,1,1,1,1,1,1,1,1
SF,IC2106,2020-10-19 09:35:03.100,5992.2000,137,1,166920840.000,1,1,0,双开,S,5988.2000,5988.0000,5987.2000,5986.0000,5982.0000,5994.2000,5996.2000,6000.4000,6001.2000,6026.0000,1,1,1,1,1,1,1,1,1,1
SF,IC2106,2020-10-19 09:35:03.600,5992.2000,137,0,166920840.000,0,-,-,-,-,5988.4000,5988.2000,5988.0000,5987.2000,5986.0000,5994.0000,5994.2000,5996.2000,6001.2000,6026.0000,1,1,1,1,1,1,1,1,1,1
SF,IC2106,2020-10-19 09:35:04.100,5992.2000,137,0,166920840.000,0,-,-,-,-,5988.4000,5988.0000,5987.2000,5986.0000,5981.0000,5994.0000,5994.2000,5996.2000,6001.2000,6026.0000,1,1,1,1,1,1,1,1,1,1
SF,IC2106,2020-10-19 09:35:05.600,5992.2000,137,0,166920840.000,0,-,-,-,-,5988.4000,5988.0000,5987.2000,5986.2000,5986.0000,5994.0000,5994.2000,5996.2000,6001.2000,6026.0000,1,1,1,1,1,1,1,1,1,1
SF,IC2106,2020-10-19 09:35:06.100,5988.4000,138,1,168118520.000,1,1,0,双开,S,5988.0000,5987.2000,5986.2000,5986.0000,5981.0000,5994.2000,5996.2000,6001.2000,6026.0000,6027.0000,1,1,1,1,1,1,1,1,1,1
SF,IC2106,2020-10-19 09:35:06.600,5988.4000,138,0,168118520.000,0,-,-,-,-,5988.4000,5988.2000,5988.0000,5987.2000,5986.2000,5994.0000,5994.2000,5996.2000,6001.2000,6026.0000,1,1,1,1,1,1,1,1,1,1
SF,IC2106,2020-10-19 09:35:07.100,5988.4000,138,0,168118520.000,0,-,-,-,-,5988.8000,5988.4000,5988.0000,5986.2000,5986.0000,5994.0000,5994.2000,5996.2000,6001.2000,6026.0000,1,1,1,1,1,1,1,1,1,1
SF,IC2106,2020-10-19 09:35:08.100,5988.4000,138,0,168118520.000,0,-,-,-,-,5989.2000,5989.0000,5988.8000,5988.4000,5988.0000,5993.8000,5994.0000,5994.2000,5996.2000,6001.2000,1,1,1,1,1,1,2,1,1,1
SF,IC2106,2020-10-19 09:35:08.600,5988.4000,138,0,168118520.000,0,-,-,-,-,5989.2000,5989.0000,5988.8000,5988.4000,5988.0000,5993.6000,5993.8000,5994.0000,5994.2000,5996.2000,1,1,1,1,1,1,1,1,1,1
SF,IC2106,2020-10-19 09:35:09.100,5988.4000,138,0,168118520.000,0,-,-,-,-,5988.8000,5988.4000,5988.0000,5986.0000,5981.0000,5993.6000,5993.8000,5994.0000,5994.2000,5996.2000,1,1,1,1,1,1,1,1,1,1
SF,IC2106,2020-10-19 09:35:09.600,5988.4000,138,0,168118520.000,0,-,-,-,-,5989.8000,5988.4000,5988.0000,5986.0000,5981.0000,5993.6000,5993.8000,5994.0000,5994.2000,5996.2000,1,1,1,1,1,1,1,1,1,1
SF,IC2106,2020-10-19 09:35:10.100,5989.2000,139,1,169316360.000,1,1,0,双开,S,5988.4000,5988.0000,5986.0000,5981.0000,5975.2000,5993.6000,5993.8000,5994.0000,5994.2000,5996.2000,1,1,1,1,1,1,1,1,1,1
SF,IC2106,2020-10-19 09:35:10.600,5989.2000,139,0,169316360.000,0,-,-,-,-,5988.4000,5988.0000,5986.0000,5981.0000,5975.2000,5993.6000,5994.0000,5994.2000,5996.2000,6026.0000,1,1,1,1,1,2,1,1,1,1
SF,IC2106,2020-10-19 09:35:11.100,5989.2000,139,0,169316360.000,0,-,-,-,-,5988.4000,5988.0000,5986.0000,5981.0000,5975.2000,5993.4000,5993.6000,5994.0000,5994.2000,5996.2000,1,1,1,1,1,1,2,1,1,1
SF,IC2106,2020-10-19 09:35:11.600,5989.2000,139,0,169316360.000,0,-,-,-,-,5988.4000,5988.0000,5986.0000,5981.0000,5975.2000,5993.2000,5993.4000,5993.6000,5994.0000,5994.2000,1,1,1,1,1,1,1,1,1,1
SF,IC2106,2020-10-19 09:35:12.600,5989.2000,139,0,169316360.000,0,-,-,-,-,5988.6000,5988.4000,5988.0000,5986.0000,5981.0000,5993.2000,5993.4000,5993.6000,5994.0000,5994.2000,1,1,1,1,1,1,1,1,1,1
SF,IC2106,2020-10-19 09:35:14.100,5989.2000,139,0,169316360.000,0,-,-,-,-,5988.6000,5988.4000,5988.0000,5986.0000,5981.0000,5992.2000,5993.2000,5993.4000,5993.6000,5994.0000,1,1,1,1,1,1,1,1,1,1
SF,IC2106,2020-10-19 09:35:14.600,5988.6000,140,1,170514080.000,1,1,0,双开,S,5988.4000,5988.0000,5986.0000,5981.0000,5975.2000,5991.8000,5992.0000,5992.2000,5993.4000,5993.6000,1,1,1,1,1,1,1,1,1,1
SF,IC2106,2020-10-19 09:35:15.100,5988.6000,140,0,170514080.000,0,-,-,-,-,5988.4000,5988.0000,5986.0000,5981.0000,5975.2000,5991.6000,5991.8000,5992.2000,5993.4000,5993.6000,1,1,1,1,1,1,1,1,1,1
SF,IC2106,2020-10-19 09:35:16.100,5991.6000,141,1,171712400.000,1,1,0,双开,S,5988.4000,5988.0000,5986.0000,5981.0000,5975.2000,5991.8000,5992.2000,5993.4000,5993.6000,5994.0000,1,1,1,1,1,1,1,1,1,1
SF,IC2106,2020-10-19 09:35:16.600,5991.6000,141,0,171712400.000,0,-,-,-,-,5988.8000,5988.4000,5988.0000,5986.0000,5981.0000,5991.6000,5991.8000,5992.2000,5993.4000,5993.6000,1,1,1,1,1,1,1,1,1,1
SF,IC2106,2020-10-19 09:35:17.100,5991.6000,142,1,172910720.000,1,1,0,双开,S,5988.8000,5988.4000,5988.0000,5986.0000,5981.0000,5991.8000,5992.2000,5993.4000,5993.6000,5994.0000,1,1,1,1,1,1,1,1,1,1
SF,IC2106,2020-10-19 09:35:18.100,5991.6000,142,0,172910720.000,0,-,-,-,-,5988.4000,5988.0000,5986.0000,5981.0000,5975.2000,5991.8000,5992.2000,5993.4000,5993.6000,5994.0000,1,1,1,1,1,1,1,1,1,1
SF,IC2106,2020-10-19 09:35:18.600,5991.8000,143,1,174109080.000,1,1,0,双开,S,5988.4000,5988.0000,5986.0000,5981.0000,5975.2000,5992.2000,5993.4000,5993.6000,5994.0000,5994.2000,1,1,1,1,1,1,1,1,1,1
SF,IC2106,2020-10-19 09:35:19.100,5991.8000,143,0,174109080.000,0,-,-,-,-,5988.4000,5988.0000,5986.0000,5981.0000,5975.2000,5992.0000,5992.2000,5993.4000,5993.6000,5994.0000,1,1,1,1,1,1,1,1,1,1
SF,IC2106,2020-10-19 09:35:19.600,5991.8000,143,0,174109080.000,0,-,-,-,-,5988.6000,5988.4000,5988.0000,5986.0000,5981.0000,5992.0000,5992.2000,5993.6000,5994.0000,5994.2000,1,1,1,1,1,1,1,1,1,1
SF,IC2106,2020-10-19 09:35:20.600,5991.8000,143,0,174109080.000,0,-,-,-,-,5988.4000,5988.0000,5986.0000,5981.0000,5975.2000,5992.0000,5992.2000,5993.6000,5994.0000,5994.2000,1,1,1,1,1,1,1,1,1,1
SF,IC2106,2020-10-19 09:35:21.100,5991.8000,143,0,174109080.000,0,-,-,-,-,5988.4000,5988.0000,5986.0000,5981.0000,5975.2000,5992.0000,5992.2000,5993.6000,5994.0000,5994.2000,1,1,1,1,1,1,1,1,1,1
SF,IC2106,2020-10-19 09:35:25.600,5991.8000,143,0,174109080.000,0,-,-,-,-,5988.4000,5988.0000,5986.0000,5981.0000,5976.0000,5992.0000,5992.2000,5993.6000,5994.0000,5994.2000,1,1,1,1,1,1,1,1,1,1
SF,IC2106,2020-10-19 09:35:26.100,5991.8000,143,0,174109080.000,0,-,-,-,-,5988.4000,5988.0000,5986.0000,5981.0000,5976.0000,5992.0000,5992.2000,5994.0000,5994.2000,5996.2000,1,1,1,1,1,2,1,1,1,1
SF,IC2106,2020-10-19 09:35:30.600,5991.8000,143,0,174109080.000,0,-,-,-,-,5988.4000,5988.0000,5986.0000,5981.0000,5976.0000,5991.8000,5992.0000,5992.2000,5994.0000,5994.2000,1,1,1,1,1,1,2,1,1,1
SF,IC2106,2020-10-19 09:35:31.100,5991.8000,143,0,174109080.000,0,-,-,-,-,5988.4000,5988.0000,5986.0000,5981.0000,5976.0000,5991.6000,5991.8000,5992.0000,5992.2000,5994.0000,1,1,1,1,1,2,1,1,1,1
SF,IC2106,2020-10-19 09:35:35.100,5991.8000,143,0,174109080.000,0,-,-,-,-,5988.4000,5988.0000,5986.0000,5983.8000,5981.0000,5991.6000,5991.8000,5992.0000,5992.2000,5994.0000,1,1,1,1,1,2,1,1,1,1
SF,IC2106,2020-10-19 09:35:39.100,5991.6000,145,2,176505720.000,2,2,0,双开,S,5991.6000,5988.4000,5988.0000,5986.0000,5983.8000,5991.8000,5992.0000,5992.2000,5994.0000,5994.2000,2,1,1,1,1,1,1,1,1,1
SF,IC2106,2020-10-19 09:35:39.600,5991.6000,147,2,178902360.000,2,2,0,双开,S,5988.4000,5988.0000,5986.0000,5983.8000,5981.0000,5991.8000,5992.2000,5994.0000,5994.2000,5996.2000,1,1,1,1,1,2,1,1,1,1
SF,IC2106,2020-10-19 09:35:40.100,5991.6000,147,0,178902360.000,0,-,-,-,-,5988.4000,5988.0000,5986.0000,5983.8000,5981.0000,5991.6000,5991.8000,5992.2000,5994.0000,5994.2000,2,1,1,1,1,1,2,1,1,1
SF,IC2106,2020-10-19 09:35:43.100,5991.6000,147,0,178902360.000,0,-,-,-,-,5988.4000,5988.0000,5986.0000,5983.8000,5981.0000,5991.6000,5991.8000,5992.2000,5994.0000,5994.2000,2,1,1,1,1,2,2,1,1,1
SF,IC2106,2020-10-19 09:35:43.600,5991.6000,147,0,178902360.000,0,-,-,-,-,5988.4000,5988.0000,5986.0000,5983.8000,5981.6000,5991.6000,5991.8000,5992.2000,5994.0000,5994.2000,2,1,1,1,1,2,2,1,1,1
SF,IC2106,2020-10-19 09:35:44.100,5991.6000,147,0,178902360.000,0,-,-,-,-,5988.4000,5988.0000,5986.0000,5983.8000,5981.6000,5991.4000,5991.6000,5991.8000,5992.2000,5994.0000,2,1,1,1,1,1,2,2,1,1
SF,IC2106,2020-10-19 09:35:44.600,5991.6000,147,0,178902360.000,0,-,-,-,-,5988.4000,5988.0000,5986.0000,5983.8000,5981.6000,5991.2000,5991.4000,5991.6000,5991.8000,5992.2000,2,1,1,1,1,1,1,1,2,1
SF,IC2106,2020-10-19 09:35:47.600,5991.6000,147,0,178902360.000,0,-,-,-,-,5988.4000,5988.0000,5986.0000,5983.8000,5981.6000,5989.6000,5991.2000,5991.4000,5991.6000,5991.8000,2,1,1,1,1,1,1,1,1,2
SF,IC2106,2020-10-19 09:35:48.100,5991.6000,147,0,178902360.000,0,-,-,-,-,5988.4000,5988.0000,5986.0000,5983.8000,5981.6000,5989.6000,5991.2000,5991.6000,5991.8000,5992.2000,2,1,1,1,1,1,1,1,2,1
SF,IC2106,2020-10-19 09:35:53.600,5988.4000,148,1,180100040.000,1,1,0,双开,S,5988.4000,5988.0000,5986.0000,5983.8000,5981.6000,5989.6000,5991.2000,5991.6000,5991.8000,5992.2000,1,1,1,1,1,1,1,1,2,1
SF,IC2106,2020-10-19 09:35:54.100,5988.4000,148,0,180100040.000,0,-,-,-,-,5988.4000,5988.0000,5986.0000,5983.8000,5981.6000,5989.6000,5991.2000,5991.6000,5991.8000,5992.2000,1,1,1,1,1,2,1,1,1,1
SF,IC2106,2020-10-19 09:35:54.600,5988.4000,148,0,180100040.000,0,-,-,-,-,5988.4000,5988.0000,5986.0000,5983.8000,5981.6000,5989.6000,5991.2000,5991.6000,5991.8000,5992.2000,1,1,1,1,1,2,1,1,1,2
SF,IC2106,2020-10-19 09:35:55.100,5989.6000,149,1,181297960.000,1,1,0,双开,S,5988.4000,5988.0000,5986.0000,5983.8000,5981.6000,5989.6000,5991.2000,5991.6000,5991.8000,5992.2000,1,1,1,1,1,1,1,1,1,2
SF,IC2106,2020-10-19 09:35:58.100,5989.6000,149,0,181297960.000,0,-,-,-,-,5988.4000,5988.2000,5988.0000,5986.0000,5983.8000,5989.6000,5991.2000,5991.6000,5991.8000,5992.2000,1,1,1,1,1,1,1,1,1,2
SF,IC2106,2020-10-19 09:36:00.100,5989.6000,149,0,181297960.000,0,-,-,-,-,5988.4000,5988.2000,5988.0000,5986.0000,5983.8000,5989.6000,5991.2000,5991.6000,5991.8000,5992.2000,1,1,1,1,1,1,1,1,1,1
SF,IC2106,2020-10-19 09:36:03.100,5989.6000,149,0,181297960.000,0,-,-,-,-,5988.4000,5988.2000,5988.0000,5986.0000,5983.8000,5989.6000,5991.2000,5991.6000,5991.8000,5992.2000,3,1,1,2,1,1,1,1,1,1
SF,IC2106,2020-10-19 09:36:05.600,5989.6000,149,0,181297960.000,0,-,-,-,-,5988.4000,5988.2000,5988.0000,5986.0000,5983.8000,5989.6000,5991.2000,5991.6000,5991.8000,5992.2000,2,1,1,2,1,1,1,1,1,1
SF,IC2106,2020-10-19 09:36:07.100,5989.6000,149,0,181297960.000,0,-,-,-,-,5988.4000,5988.2000,5988.0000,5986.0000,5983.8000,5989.6000,5991.2000,5991.6000,5991.8000,5992.2000,2,1,1,2,1,1,1,1,1,1
SF,IC2106,2020-10-19 09:36:07.600,5989.6000,150,1,182495880.000,1,1,0,双开,S,5988.4000,5988.2000,5988.0000,5986.0000,5983.8000,5991.2000,5991.6000,5991.8000,5992.2000,5994.2000,2,1,1,2,1,1,1,1,1,1
SF,IC2106,2020-10-19 09:36:08.100,5989.6000,150,0,182495880.000,0,-,-,-,-,5989.6000,5989.0000,5988.4000,5988.2000,5988.0000,5991.2000,5991.6000,5991.8000,5992.2000,5994.2000,1,1,3,1,1,1,1,1,1,1
SF,IC2106,2020-10-19 09:36:10.100,5989.6000,150,0,182495880.000,0,-,-,-,-,5989.6000,5989.0000,5988.4000,5988.2000,5988.0000,5991.0000,5991.2000,5991.6000,5991.8000,5992.2000,1,2,3,1,1,1,1,1,1,1
SF,IC2106,2020-10-19 09:36:10.600,5989.6000,150,0,182495880.000,0,-,-,-,-,5989.6000,5989.0000,5988.4000,5988.2000,5988.0000,5991.0000,5991.2000,5991.8000,5992.2000,5994.2000,1,2,3,1,1,1,1,1,1,1
SF,IC2106,2020-10-19 09:36:11.100,5989.6000,150,0,182495880.000,0,-,-,-,-,5989.6000,5989.0000,5988.4000,5988.2000,5988.0000,5991.2000,5991.8000,5992.2000,5994.2000,5996.2000,1,2,3,1,1,1,1,1,1,1
SF,IC2106,2020-10-19 09:36:13.600,5989.6000,150,0,182495880.000,0,-,-,-,-,5989.0000,5988.4000,5988.2000,5988.0000,5986.0000,5990.0000,5991.2000,5991.8000,5992.2000,5994.2000,2,3,1,1,2,1,1,1,1,1
SF,IC2106,2020-10-19 09:36:14.100,5989.6000,150,0,182495880.000,0,-,-,-,-,5989.0000,5988.4000,5988.2000,5988.0000,5986.0000,5990.0000,5991.8000,5992.2000,5994.2000,5996.2000,2,3,1,1,2,1,1,1,1,1
SF,IC2106,2020-10-19 09:36:14.600,5989.6000,150,0,182495880.000,0,-,-,-,-,5989.2000,5989.0000,5988.4000,5988.2000,5988.0000,5990.0000,5991.8000,5992.2000,5994.2000,5996.2000,1,2,3,1,1,1,1,1,1,1
SF,IC2106,2020-10-19 09:36:15.100,5990.0000,151,1,183693880.000,1,1,0,双开,S,5989.2000,5989.0000,5988.4000,5988.2000,5988.0000,5991.8000,5992.2000,5994.2000,5996.2000,6026.0000,1,2,3,1,1,1,1,1,1,1
SF,IC2106,2020-10-19 09:36:15.600,5990.0000,151,0,183693880.000,0,-,-,-,-,5990.4000,5989.0000,5988.4000,5988.2000,5988.0000,5991.8000,5992.2000,5994.2000,5996.2000,6026.0000,1,2,3,1,1,1,1,1,1,1
SF,IC2106,2020-10-19 09:36:16.600,5990.4000,152,1,184891960.000,1,1,0,双开,S,5989.0000,5988.4000,5988.2000,5988.0000,5986.0000,5991.8000,5992.2000,5994.2000,5996.2000,6026.0000,2,3,1,1,2,1,1,1,1,1
SF,IC2106,2020-10-19 09:36:17.100,5990.4000,152,0,184891960.000,0,-,-,-,-,5989.2000,5989.0000,5988.4000,5988.2000,5988.0000,5991.8000,5992.2000,5994.2000,5996.2000,6026.0000,1,2,3,1,1,1,1,1,1,1
SF,IC2106,2020-10-19 09:36:19.100,5990.4000,152,0,184891960.000,0,-,-,-,-,5990.0000,5989.2000,5989.0000,5988.4000,5988.2000,5991.8000,5992.2000,5994.2000,5996.2000,6026.0000,2,1,2,3,1,1,1,1,1,1
SF,IC2106,2020-10-19 09:36:20.100,5990.4000,152,0,184891960.000,0,-,-,-,-,5990.0000,5989.2000,5989.0000,5988.4000,5988.2000,5991.4000,5991.8000,5992.2000,5994.2000,5996.2000,2,1,2,3,1,1,1,1,1,1
SF,IC2106,2020-10-19 09:36:21.100,5990.0000,153,1,186089960.000,1,1,0,双开,S,5990.0000,5989.2000,5989.0000,5988.4000,5988.2000,5991.4000,5991.8000,5992.2000,5994.2000,5996.2000,1,1,2,3,1,1,1,1,1,1
SF,IC2106,2020-10-19 09:36:22.100,5990.0000,154,1,187287960.000,1,1,0,双开,S,5989.2000,5989.0000,5988.4000,5988.2000,5988.0000,5989.6000,5991.0000,5991.4000,5991.8000,5992.2000,1,2,3,1,1,1,7,1,1,1
SF,IC2106,2020-10-19 09:36:22.600,5989.6000,155,1,188485880.000,1,1,0,双开,S,5989.0000,5988.4000,5988.2000,5988.0000,5986.0000,5991.0000,5991.4000,5991.8000,5992.2000,5994.2000,2,3,1,1,2,7,1,1,1,1
SF,IC2106,2020-10-19 09:36:24.100,5989.6000,155,0,188485880.000,0,-,-,-,-,5989.0000,5988.4000,5988.2000,5988.0000,5986.0000,5991.0000,5991.4000,5991.8000,5992.2000,5994.2000,3,3,1,1,2,7,1,1,1,1
SF,IC2106,2020-10-19 09:36:25.100,5991.0000,156,1,189684080.000,1,1,0,双开,S,5989.0000,5988.4000,5988.2000,5988.0000,5986.0000,5991.0000,5991.4000,5991.8000,5992.2000,5994.2000,3,3,1,1,2,6,1,1,1,1
SF,IC2106,2020-10-19 09:36:30.600,5991.0000,156,0,189684080.000,0,-,-,-,-,5989.0000,5988.4000,5988.2000,5988.0000,5986.0000,5991.4000,5991.8000,5992.2000,5994.2000,5996.2000,3,3,1,1,2,1,1,1,1,1
SF,IC2106,2020-10-19 09:36:31.100,5991.0000,156,0,189684080.000,0,-,-,-,-,5989.0000,5988.4000,5988.2000,5988.0000,5986.0000,5990.6000,5991.4000,5991.8000,5992.2000,5994.2000,3,3,1,1,2,1,2,1,1,1
SF,IC2106,2020-10-19 09:36:32.600,5990.6000,157,1,190882200.000,1,1,0,双开,S,5990.6000,5989.0000,5988.4000,5988.2000,5988.0000,5991.4000,5991.8000,5992.2000,5994.2000,5996.2000,1,3,3,1,1,2,1,1,1,1
SF,IC2106,2020-10-19 09:36:33.100,5990.6000,157,0,190882200.000,0,-,-,-,-,5990.6000,5990.0000,5989.0000,5988.4000,5988.2000,5991.4000,5991.8000,5992.2000,5994.2000,5996.2000,1,1,2,3,1,2,1,1,1,1
SF,IC2106,2020-10-19 09:36:34.600,5991.4000,159,2,193278600.000,2,2,0,双开,S,5990.0000,5989.0000,5988.4000,5988.2000,5988.0000,5991.4000,5991.8000,5992.2000,5994.2000,5996.2000,1,2,3,1,1,1,1,1,1,1
SF,IC2106,2020-10-19 09:36:36.100,5991.4000,159,0,193278600.000,0,-,-,-,-,5990.0000,5989.0000,5988.4000,5988.2000,5988.0000,5990.6000,5991.4000,5991.8000,5992.2000,5994.2000,1,2,3,1,1,1,1,1,1,1
SF,IC2106,2020-10-19 09:36:37.600,5991.4000,159,0,193278600.000,0,-,-,-,-,5990.0000,5989.0000,5988.4000,5988.2000,5988.0000,5990.6000,5991.4000,5991.8000,5992.2000,5994.2000,1,1,3,1,1,1,1,1,1,1
SF,IC2106,2020-10-19 09:36:38.100,5990.6000,160,1,194476720.000,1,1,0,双开,S,5990.0000,5989.0000,5988.4000,5988.2000,5988.0000,5991.4000,5991.8000,5992.2000,5994.2000,5996.2000,1,1,3,1,1,1,1,1,1,1
SF,IC2106,2020-10-19 09:36:38.600,5990.6000,160,0,194476720.000,0,-,-,-,-,5990.6000,5990.0000,5989.0000,5988.4000,5988.2000,5991.4000,5991.8000,5992.2000,5994.2000,5996.2000,1,1,1,3,1,1,1,1,1,1
SF,IC2106,2020-10-19 09:36:39.100,5990.6000,160,0,194476720.000,0,-,-,-,-,5990.6000,5990.0000,5989.0000,5988.4000,5988.2000,5991.4000,5991.8000,5992.2000,5994.2000,5996.2000,2,1,1,3,1,1,1,1,1,1
SF,IC2106,2020-10-19 09:36:39.600,5990.6000,160,0,194476720.000,0,-,-,-,-,5990.6000,5990.0000,5989.0000,5988.4000,5988.2000,5991.4000,5991.8000,5992.2000,5994.2000,5996.2000,1,1,1,3,1,1,1,1,1,1
SF,IC2106,2020-10-19 09:36:41.100,5990.6000,161,1,195674840.000,1,1,0,双开,S,5990.0000,5989.0000,5988.4000,5988.2000,5988.0000,5991.4000,5991.8000,5992.2000,5994.2000,5996.2000,1,1,3,1,1,1,1,1,1,1
SF,IC2106,2020-10-19 09:36:42.600,5991.4000,162,1,196873120.000,1,1,0,双开,S,5990.0000,5989.0000,5988.4000,5988.2000,5988.0000,5991.8000,5992.2000,5994.2000,5996.2000,6026.0000,1,1,3,1,1,1,1,1,1,1
SF,IC2106,2020-10-19 09:36:43.100,5991.4000,162,0,196873120.000,0,-,-,-,-,5991.0000,5990.0000,5989.0000,5988.4000,5988.2000,5991.8000,5992.2000,5994.2000,5996.2000,6026.0000,1,1,1,3,1,1,1,1,1,1
SF,IC2106,2020-10-19 09:36:43.600,5991.4000,162,0,196873120.000,0,-,-,-,-,5991.4000,5991.0000,5990.0000,5989.0000,5988.4000,5991.8000,5992.2000,5994.2000,5996.2000,6026.0000,1,1,1,1,3,1,1,1,1,1
SF,IC2106,2020-10-19 09:36:45.100,5991.4000,163,1,198071400.000,1,1,0,双开,S,5991.0000,5990.0000,5989.0000,5988.4000,5988.2000,5991.8000,5992.2000,5994.2000,5996.2000,6026.0000,1,1,1,3,1,1,1,1,1,1
SF,IC2106,2020-10-19 09:36:45.600,5991.8000,164,1,199269760.000,1,1,0,双开,S,5991.0000,5990.0000,5989.0000,5988.4000,5988.2000,5991.4000,5992.2000,5994.2000,5996.2000,6026.0000,1,1,1,3,1,1,1,1,1,1
SF,IC2106,2020-10-19 09:36:50.100,5991.0000,164,0,200467960.000,1,0,1,多换,S,5990.0000,5989.0000,5988.4000,5988.2000,5988.0000,5991.4000,5992.2000,5994.2000,5996.2000,6026.0000,1,1,3,1,1,1,1,1,1,1
SF,IC2106,2020-10-19 09:36:50.600,5991.0000,164,0,200467960.000,0,-,-,-,-,5990.0000,5989.0000,5988.4000,5988.2000,5988.0000,5991.0000,5991.4000,5992.2000,5994.2000,5996.2000,1,1,3,1,1,1,1,1,1,1
SF,IC2106,2020-10-19 09:36:51.600,5991.0000,165,1,201666160.000,1,1,0,双开,S,5990.0000,5989.0000,5988.4000,5988.2000,5988.0000,5991.4000,5992.2000,5994.2000,5996.2000,6026.0000,1,1,3,1,1,1,1,1,1,1
SF,IC2106,2020-10-19 09:36:54.100,5991.4000,166,1,202864440.000,1,1,0,双开,S,5991.8000,5990.0000,5989.0000,5988.4000,5988.2000,5992.2000,5994.2000,5996.2000,6026.0000,6027.0000,2,1,1,3,1,1,1,1,1,1
SF,IC2106,2020-10-19 09:36:54.600,5991.6000,167,1,204062760.000,1,1,0,双开,S,5991.8000,5990.0000,5989.0000,5988.4000,5988.2000,5992.2000,5994.2000,5996.2000,6026.0000,6027.0000,1,1,1,3,1,1,1,1,1,1
SF,IC2106,2020-10-19 09:36:55.100,5991.6000,167,0,204062760.000,0,-,-,-,-,5991.8000,5990.0000,5989.0000,5988.4000,5988.2000,5992.2000,5994.2000,5996.2000,6026.0000,6027.0000,1,2,1,3,1,1,1,1,1,1
