市场代码,合约代码,时间,最新,持仓,增仓,成交额,成交量,开仓,平仓,成交类型,方向,买一价,买二价,买三价,买四价,买五价,卖一价,卖二价,卖三价,卖四价,卖五价,买一量,买二量,买三量,买四量,买五量,卖一量,卖二量,卖三量,卖四量,卖五量
SF,IH1912,2019-12-12 09:29:00.200,2954.0000,32100,0,37220400.000,42.000,-,-,-,-,2953.0000,2952.8000,2952.4000,2952.2000,2952.0000,2954.0000,2954.8000,2955.0000,2955.6000,2955.8000,2,1,3,2,7,1,5,3,1,3
SF,IH1912,2019-12-12 09:30:00.200,2954.4000,32095,-5,60268860.000,26,10,16,多平,S,2954.4000,2954.2000,2954.0000,2953.4000,2953.2000,2954.6000,2956.2000,2956.6000,2956.8000,2957.8000,1,2,1,1,1,1,1,2,4,1
SF,IH1912,2019-12-12 09:30:00.700,2955.0000,32086,-9,83314380.000,26,8,18,多平,S,2955.0000,2954.4000,2954.2000,2954.0000,2953.6000,2955.8000,2956.0000,2956.2000,2956.4000,2956.6000,1,1,4,5,1,1,2,1,1,3
SF,IH1912,2019-12-12 09:30:01.200,2954.8000,32081,-5,92181480.000,10,2,8,多平,S,2954.6000,2954.4000,2954.2000,2954.0000,2953.6000,2955.0000,2956.6000,2956.8000,2957.0000,2957.8000,2,2,4,5,1,2,2,1,1,1
SF,IH1912,2019-12-12 09:30:01.700,2954.8000,32070,-11,109912680.000,20,4,16,多平,S,2954.6000,2954.4000,2954.2000,2954.0000,2953.6000,2956.4000,2956.6000,2956.8000,2957.0000,2957.8000,6,1,4,5,1,8,2,1,1,1
SF,IH1912,2019-12-12 09:30:02.200,2954.8000,32058,-12,124101720.000,16,2,14,多平,S,2954.8000,2954.6000,2954.4000,2954.2000,2954.0000,2956.2000,2956.4000,2956.6000,2956.8000,2957.0000,14,6,3,4,5,2,7,4,2,1
SF,IH1912,2019-12-12 09:30:02.700,2956.4000,32039,-19,155135520.000,35,8,27,多平,S,2955.0000,2954.8000,2954.6000,2954.4000,2954.2000,2956.6000,2956.8000,2957.0000,2957.8000,2958.0000,2,6,4,1,4,4,1,1,1,7
SF,IH1912,2019-12-12 09:30:03.200,2955.2000,32024,-15,169322820.000,16,0,16,多平,S,2955.2000,2955.0000,2954.8000,2954.6000,2954.4000,2956.4000,2956.6000,2956.8000,2957.0000,2957.4000,1,11,2,5,1,2,5,1,2,1
SF,IH1912,2019-12-12 09:30:03.700,2955.4000,32018,-6,179076780.000,11,2,9,多平,S,2955.4000,2955.2000,2955.0000,2954.6000,2954.4000,2956.4000,2956.6000,2956.8000,2957.0000,2957.4000,1,6,6,5,1,4,4,1,2,1
SF,IH1912,2019-12-12 09:30:04.200,2955.6000,32014,-4,185284320.000,7,1,6,多平,S,2955.6000,2955.4000,2955.2000,2955.0000,2954.6000,2956.2000,2956.4000,2956.6000,2956.8000,2957.0000,1,8,4,4,5,4,2,4,2,2
SF,IH1912,2019-12-12 09:30:04.700,2955.6000,32007,-7,202131960.000,19,6,13,多平,S,2955.6000,2955.4000,2955.2000,2955.0000,2954.6000,2956.0000,2956.4000,2956.6000,2956.8000,2957.0000,3,1,4,4,7,1,2,4,2,2
SF,IH1912,2019-12-12 09:30:05.200,2955.6000,32004,-3,211885860.000,11,4,7,多平,S,2955.6000,2955.4000,2955.2000,2955.0000,2954.6000,2956.0000,2956.4000,2956.6000,2956.8000,2957.0000,5,1,3,4,7,1,1,4,2,2
SF,IH1912,2019-12-12 09:30:05.700,2955.6000,32000,-4,220752780.000,10,3,7,多平,S,2956.2000,2955.4000,2955.2000,2955.0000,2954.6000,2956.4000,2956.6000,2956.8000,2957.0000,2957.2000,1,1,3,4,8,1,4,2,2,2
SF,IH1912,2019-12-12 09:30:06.200,2955.6000,31995,-5,228733680.000,9,2,7,多平,S,2955.2000,2955.0000,2954.6000,2954.4000,2954.2000,2955.6000,2956.0000,2956.2000,2956.4000,2956.6000,3,4,8,1,3,2,2,6,1,5
SF,IH1912,2019-12-12 09:30:06.700,2955.0000,31986,-9,238486080.000,11,1,10,多平,S,2954.6000,2954.4000,2954.2000,2954.0000,2953.6000,2955.6000,2955.8000,2956.2000,2956.4000,2956.6000,8,8,3,6,2,1,1,4,1,5
SF,IH1912,2019-12-12 09:30:07.200,2955.0000,31986,0,238486080.000,0,-,-,-,-,2954.8000,2954.6000,2954.4000,2954.2000,2954.0000,2955.2000,2955.4000,2955.6000,2955.8000,2956.0000,3,6,1,3,6,1,2,6,1,1
SF,IH1912,2019-12-12 09:30:07.700,2954.6000,31986,0,241145220.000,3,1,2,多换,S,2954.6000,2954.4000,2954.2000,2954.0000,2953.8000,2954.8000,2955.0000,2955.2000,2955.4000,2955.6000,3,1,3,6,2,1,2,4,3,6
SF,IH1912,2019-12-12 09:30:08.200,2954.8000,31985,-1,243804420.000,3,1,2,多平,S,2954.6000,2954.4000,2954.2000,2954.0000,2953.8000,2954.8000,2955.0000,2955.2000,2955.4000,2955.6000,4,1,3,6,2,3,2,3,1,6
SF,IH1912,2019-12-12 09:30:08.700,2954.8000,31981,-4,248236500.000,5,0,5,多平,S,2954.8000,2954.6000,2954.4000,2954.2000,2954.0000,2955.0000,2955.2000,2955.4000,2955.6000,2955.8000,1,2,3,3,6,1,3,1,6,1
SF,IH1912,2019-12-12 09:30:09.200,2954.6000,31979,-2,250009320.000,2,0,2,双平,S,2954.6000,2954.4000,2954.2000,2954.0000,2953.8000,2954.8000,2955.0000,2955.2000,2955.4000,2955.6000,2,3,3,7,2,2,2,2,1,6
SF,IH1912,2019-12-12 09:30:09.700,2954.8000,31976,-3,252668640.000,3,0,3,双平,S,2954.6000,2954.4000,2954.2000,2954.0000,2953.8000,2954.8000,2955.0000,2955.2000,2955.4000,2955.6000,2,3,3,6,2,1,2,2,1,6
SF,IH1912,2019-12-12 09:30:10.200,2954.8000,31972,-4,257100660.000,5,0,5,多平,S,2954.4000,2954.2000,2954.0000,2953.8000,2953.6000,2954.6000,2954.8000,2955.0000,2955.2000,2955.4000,3,3,6,2,2,1,1,2,2,1
SF,IH1912,2019-12-12 09:30:10.700,2954.6000,31968,-4,261532560.000,5,0,5,多平,S,2954.4000,2954.2000,2954.0000,2953.8000,2953.6000,2954.6000,2954.8000,2955.0000,2955.2000,2955.4000,2,3,6,2,2,3,1,2,2,1
SF,IH1912,2019-12-12 09:30:11.200,2954.4000,31962,-6,266850780.000,6,0,6,双平,S,2954.4000,2954.2000,2954.0000,2953.8000,2953.6000,2954.6000,2954.8000,2955.2000,2955.4000,2955.6000,5,3,6,2,4,3,1,2,1,5
SF,IH1912,2019-12-12 09:30:11.700,2954.4000,31960,-2,269509740.000,3,0,3,多平,S,2954.4000,2954.2000,2954.0000,2953.8000,2953.6000,2954.6000,2954.8000,2955.2000,2955.6000,2955.8000,3,3,6,2,4,5,2,2,5,1
SF,IH1912,2019-12-12 09:30:12.200,2954.0000,31954,-6,276599880.000,8,1,7,多平,S,2954.0000,2953.8000,2953.6000,2953.4000,2953.2000,2954.2000,2954.6000,2954.8000,2955.2000,2955.6000,4,2,4,2,8,2,6,2,1,5
SF,IH1912,2019-12-12 09:30:12.700,2954.2000,31953,-1,278372340.000,2,0,2,多平,S,2954.0000,2953.8000,2953.6000,2953.4000,2953.2000,2954.2000,2954.4000,2954.6000,2954.8000,2955.0000,3,2,4,2,8,1,1,7,2,1
SF,IH1912,2019-12-12 09:30:13.200,2953.8000,31949,-4,284575800.000,7,1,6,多平,S,2954.2000,2953.8000,2953.6000,2953.4000,2953.2000,2954.4000,2954.6000,2954.8000,2955.0000,2955.2000,1,1,4,2,8,2,7,2,1,1
SF,IH1912,2019-12-12 09:30:13.700,2954.2000,31948,-1,289006860.000,5,2,3,多平,S,2953.6000,2953.4000,2953.2000,2953.0000,2952.8000,2954.2000,2954.4000,2954.6000,2954.8000,2955.0000,4,2,8,2,4,1,2,7,2,1
SF,IH1912,2019-12-12 09:30:14.200,2954.2000,31948,0,289006860.000,0,-,-,-,-,2953.8000,2953.6000,2953.4000,2953.2000,2953.0000,2954.0000,2954.2000,2954.4000,2954.6000,2954.8000,2,5,2,7,9,2,2,1,7,2
SF,IH1912,2019-12-12 09:30:14.700,2953.8000,31945,-3,291665280.000,3,0,3,双平,S,2953.6000,2953.4000,2953.2000,2953.0000,2952.8000,2954.0000,2954.2000,2954.4000,2954.6000,2954.8000,4,2,7,9,4,2,1,3,7,2
SF,IH1912,2019-12-12 09:30:15.200,2953.8000,31944,-1,292551420.000,1,0,1,双平,S,2953.8000,2953.6000,2953.4000,2953.2000,2953.0000,2954.0000,2954.2000,2954.4000,2954.6000,2954.8000,2,4,2,7,9,2,1,3,8,2
SF,IH1912,2019-12-12 09:30:15.700,2953.6000,31939,-5,297868320.000,6,0,6,多平,S,2953.6000,2953.4000,2953.2000,2953.0000,2952.8000,2953.8000,2954.0000,2954.2000,2954.4000,2954.6000,3,2,7,2,4,1,1,1,4,9
SF,IH1912,2019-12-12 09:30:16.200,2953.6000,31939,0,298754400.000,1,0,1,多换,S,2953.6000,2953.4000,2953.2000,2953.0000,2952.8000,2953.8000,2954.0000,2954.2000,2954.4000,2954.6000,2,2,7,2,4,1,1,1,4,9
SF,IH1912,2019-12-12 09:30:16.700,2953.4000,31939,0,302298600.000,4,2,2,多换,S,2953.2000,2953.0000,2952.8000,2952.6000,2952.4000,2953.6000,2954.0000,2954.2000,2954.4000,2954.6000,7,2,4,2,3,1,2,1,4,9
SF,IH1912,2019-12-12 09:30:17.200,2953.4000,31939,0,302298600.000,0,-,-,-,-,2953.2000,2953.0000,2952.8000,2952.6000,2952.4000,2953.6000,2954.0000,2954.2000,2954.4000,2954.6000,7,2,4,2,3,3,2,1,4,8
SF,IH1912,2019-12-12 09:30:17.700,2953.4000,31934,-5,306728760.000,5,0,5,双平,S,2953.4000,2953.2000,2953.0000,2952.8000,2952.6000,2953.6000,2954.0000,2954.2000,2954.4000,2954.6000,1,7,2,4,2,2,2,1,4,8
SF,IH1912,2019-12-12 09:30:18.200,2953.4000,31935,1,308500860.000,2,1,1,空开,S,2953.2000,2953.0000,2952.8000,2952.6000,2952.4000,2953.6000,2954.0000,2954.2000,2954.4000,2954.6000,7,2,4,2,3,1,2,1,4,8
SF,IH1912,2019-12-12 09:30:18.700,2953.6000,31934,-1,309386940.000,1,0,1,双平,S,2953.4000,2953.2000,2953.0000,2952.8000,2952.6000,2953.8000,2954.0000,2954.2000,2954.4000,2954.6000,3,7,2,4,2,3,2,1,4,8
SF,IH1912,2019-12-12 09:30:19.200,2953.4000,31933,-1,310272960.000,1,0,1,双平,S,2953.4000,2953.2000,2953.0000,2952.8000,2952.6000,2953.6000,2953.8000,2954.0000,2954.2000,2954.4000,2,7,4,4,2,1,3,2,1,4
SF,IH1912,2019-12-12 09:30:19.700,2953.2000,31928,-5,314702880.000,5,0,5,双平,S,2953.2000,2953.0000,2952.8000,2952.6000,2952.4000,2953.6000,2953.8000,2954.0000,2954.2000,2954.4000,4,4,3,2,3,1,3,2,1,4
SF,IH1912,2019-12-12 09:30:20.200,2953.2000,31927,-1,315588840.000,1,0,1,双平,S,2953.2000,2953.0000,2952.8000,2952.6000,2952.4000,2953.4000,2953.6000,2953.8000,2954.0000,2954.2000,3,4,10,2,3,1,1,3,2,1
SF,IH1912,2019-12-12 09:30:20.700,2953.2000,31925,-2,317360760.000,2,0,2,双平,S,2953.2000,2953.0000,2952.8000,2952.4000,2952.2000,2953.4000,2953.8000,2954.0000,2954.2000,2954.4000,1,4,10,3,2,1,3,2,1,4
SF,IH1912,2019-12-12 09:30:21.200,2953.0000,31923,-2,320904600.000,4,1,3,多平,S,2953.0000,2952.8000,2952.4000,2952.2000,2952.0000,2953.2000,2953.4000,2953.8000,2954.0000,2954.2000,3,10,3,2,8,3,1,3,1,1
SF,IH1912,2019-12-12 09:30:21.700,2953.0000,31920,-3,324448260.000,4,0,4,多平,S,2952.8000,2952.4000,2952.2000,2952.0000,2951.4000,2953.2000,2953.4000,2953.8000,2954.0000,2954.2000,10,3,2,8,2,2,1,3,1,1
SF,IH1912,2019-12-12 09:30:22.200,2953.0000,31915,-5,330649920.000,7,1,6,多平,S,2953.0000,2952.8000,2952.4000,2952.2000,2952.0000,2953.8000,2954.0000,2954.2000,2954.4000,2954.6000,2,11,3,2,8,3,1,1,2,8
SF,IH1912,2019-12-12 09:30:22.700,2952.8000,31911,-4,335965500.000,6,1,5,多平,S,2952.8000,2952.6000,2952.4000,2952.2000,2952.0000,2953.4000,2953.6000,2953.8000,2954.0000,2954.2000,9,1,3,2,8,2,3,4,1,1
SF,IH1912,2019-12-12 09:30:23.200,2953.4000,31911,0,339509040.000,4,2,2,多换,S,2952.6000,2952.4000,2952.2000,2952.0000,2951.8000,2953.4000,2953.6000,2953.8000,2954.0000,2954.2000,1,3,2,8,1,3,3,3,1,1
SF,IH1912,2019-12-12 09:30:23.700,2952.8000,31910,-1,343052100.000,4,1,3,多平,S,2952.4000,2952.2000,2952.0000,2951.8000,2951.4000,2953.0000,2953.2000,2953.4000,2953.6000,2953.8000,1,2,14,1,2,1,3,4,3,3
SF,IH1912,2019-12-12 09:30:24.200,2952.8000,31908,-2,345709320.000,3,0,3,多平,S,2952.2000,2952.0000,2951.8000,2951.4000,2951.2000,2953.0000,2953.2000,2953.4000,2953.6000,2953.8000,1,12,1,4,11,1,3,4,1,3
SF,IH1912,2019-12-12 09:30:24.700,2953.0000,31908,0,346595220.000,1,0,1,多换,S,2952.4000,2952.2000,2952.0000,2951.8000,2951.4000,2952.8000,2953.0000,2953.4000,2953.6000,2953.8000,1,1,12,1,4,5,1,4,2,3
SF,IH1912,2019-12-12 09:30:25.200,2952.8000,31906,-2,349252620.000,3,0,3,多平,S,2952.2000,2952.0000,2951.8000,2951.4000,2951.2000,2952.8000,2953.0000,2953.4000,2953.6000,2953.8000,1,12,1,4,11,3,2,3,3,3
SF,IH1912,2019-12-12 09:30:25.700,2952.8000,31904,-2,351024300.000,2,0,2,双平,S,2952.2000,2952.0000,2951.8000,2951.4000,2951.2000,2952.8000,2953.0000,2953.2000,2953.4000,2953.6000,1,12,1,4,11,7,2,1,3,3
SF,IH1912,2019-12-12 09:30:26.200,2952.8000,31904,0,351024300.000,0,-,-,-,-,2952.2000,2952.0000,2951.8000,2951.4000,2951.2000,2952.8000,2953.0000,2953.2000,2953.4000,2953.6000,1,12,1,4,11,8,2,1,3,3
SF,IH1912,2019-12-12 09:30:26.700,2952.8000,31903,-1,351910140.000,1,0,1,双平,S,2952.2000,2952.0000,2951.8000,2951.4000,2951.2000,2952.8000,2953.0000,2953.2000,2953.4000,2953.6000,4,12,1,4,11,7,2,1,3,3
SF,IH1912,2019-12-12 09:30:27.200,2952.8000,31903,0,351910140.000,0,-,-,-,-,2952.2000,2952.0000,2951.8000,2951.4000,2951.2000,2952.8000,2953.0000,2953.2000,2953.4000,2953.6000,4,12,1,4,11,9,2,1,3,3
SF,IH1912,2019-12-12 09:30:27.700,2952.2000,31899,-4,356338620.000,5,0,5,多平,S,2952.0000,2951.8000,2951.4000,2951.2000,2951.0000,2952.2000,2952.6000,2952.8000,2953.0000,2953.2000,12,1,4,11,3,3,4,9,2,1
SF,IH1912,2019-12-12 09:30:28.200,2952.2000,31899,0,356338620.000,0,-,-,-,-,2952.0000,2951.8000,2951.4000,2951.2000,2951.0000,2952.2000,2952.6000,2952.8000,2953.0000,2953.2000,12,1,2,11,3,4,4,9,2,1
SF,IH1912,2019-12-12 09:30:28.700,2952.0000,31897,-2,358109820.000,2,0,2,双平,S,2952.0000,2951.8000,2951.4000,2951.2000,2951.0000,2952.2000,2952.6000,2952.8000,2953.0000,2953.2000,10,1,2,11,3,4,4,9,2,1
SF,IH1912,2019-12-12 09:30:29.200,2952.0000,31892,-5,362537940.000,5,0,5,双平,S,2952.0000,2951.8000,2951.4000,2951.2000,2951.0000,2952.2000,2952.6000,2952.8000,2953.0000,2953.2000,7,1,2,11,3,3,4,9,1,1
SF,IH1912,2019-12-12 09:30:29.700,2952.2000,31888,-4,366080520.000,4,0,4,双平,S,2952.2000,2952.0000,2951.4000,2951.2000,2951.0000,2952.6000,2952.8000,2953.0000,2953.2000,2953.4000,1,8,2,11,3,4,9,1,1,5
SF,IH1912,2019-12-12 09:30:30.200,2952.0000,31886,-2,373165560.000,8,3,5,多平,S,2952.0000,2951.4000,2951.2000,2951.0000,2950.8000,2952.6000,2952.8000,2953.0000,2953.2000,2953.4000,2,2,11,3,2,1,10,1,1,5
SF,IH1912,2019-12-12 09:30:30.700,2952.4000,31884,-2,375822840.000,3,0,3,多平,S,2952.4000,2952.2000,2951.4000,2951.2000,2951.0000,2952.8000,2953.0000,2953.2000,2953.4000,2953.6000,1,5,4,11,4,12,1,1,5,3
SF,IH1912,2019-12-12 09:30:31.200,2952.4000,31880,-4,379365960.000,4,0,4,双平,S,2952.2000,2951.4000,2951.2000,2951.0000,2950.8000,2952.4000,2952.8000,2953.0000,2953.2000,2953.4000,5,4,11,4,2,6,11,1,1,3
SF,IH1912,2019-12-12 09:30:31.700,2952.8000,31873,-7,385566120.000,7,0,7,双平,S,2952.4000,2952.2000,2951.4000,2951.2000,2951.0000,2952.8000,2953.0000,2953.2000,2953.4000,2953.6000,1,9,4,11,4,10,1,1,3,3
SF,IH1912,2019-12-12 09:30:32.200,2952.8000,31872,-1,386451960.000,1,0,1,双平,S,2952.6000,2952.4000,2952.2000,2951.4000,2951.2000,2952.8000,2953.0000,2953.2000,2953.4000,2953.6000,2,1,8,4,11,9,1,1,3,3
SF,IH1912,2019-12-12 09:30:32.700,2952.8000,31869,-3,389109480.000,3,0,3,双平,S,2952.6000,2952.4000,2952.2000,2951.4000,2951.2000,2952.8000,2953.0000,2953.2000,2953.4000,2953.6000,2,1,8,5,11,6,2,1,3,3
SF,IH1912,2019-12-12 09:30:33.200,2953.0000,31862,-7,397968120.000,10,1,9,多平,S,2953.0000,2952.8000,2952.6000,2952.4000,2952.2000,2953.2000,2953.4000,2953.6000,2953.8000,2954.2000,1,1,2,1,11,1,3,3,3,1
SF,IH1912,2019-12-12 09:30:33.700,2953.4000,31860,-2,402397860.000,5,1,4,多平,S,2952.8000,2952.4000,2952.2000,2951.4000,2951.2000,2953.4000,2953.6000,2953.8000,2954.2000,2954.4000,3,1,11,5,11,1,3,3,1,2
SF,IH1912,2019-12-12 09:30:34.200,2953.0000,31851,-9,410371020.000,9,0,9,双平,S,2953.0000,2952.8000,2952.6000,2952.2000,2951.4000,2953.4000,2953.6000,2953.8000,2954.2000,2954.4000,3,5,2,11,3,1,3,3,1,2
SF,IH1912,2019-12-12 09:30:34.700,2953.0000,31848,-3,413028720.000,3,0,3,双平,S,2952.8000,2952.2000,2951.4000,2951.2000,2951.0000,2953.2000,2953.4000,2953.6000,2953.8000,2954.2000,6,11,3,11,4,1,1,3,3,1
SF,IH1912,2019-12-12 09:30:35.200,2953.0000,31848,0,413028720.000,0,-,-,-,-,2953.0000,2952.8000,2952.4000,2952.2000,2951.4000,2953.2000,2953.4000,2953.6000,2953.8000,2954.2000,7,5,2,11,3,1,1,3,3,1
SF,IH1912,2019-12-12 09:30:35.700,2953.2000,31846,-2,416572500.000,4,1,3,多平,S,2952.8000,2952.2000,2951.4000,2951.2000,2951.0000,2953.4000,2953.6000,2953.8000,2954.2000,2954.4000,6,11,3,11,4,1,3,3,1,2
SF,IH1912,2019-12-12 09:30:36.200,2953.2000,31846,0,416572500.000,0,-,-,-,-,2953.0000,2952.8000,2952.2000,2951.4000,2951.2000,2953.2000,2953.4000,2953.6000,2953.8000,2954.2000,1,8,10,3,11,3,2,3,3,1
SF,IH1912,2019-12-12 09:30:36.700,2953.2000,31843,-3,420116280.000,4,0,4,多平,S,2952.8000,2952.2000,2951.4000,2951.2000,2951.0000,2953.4000,2953.6000,2953.8000,2954.2000,2954.4000,5,10,3,11,3,2,3,3,1,2
SF,IH1912,2019-12-12 09:30:37.200,2952.8000,31840,-3,422773860.000,3,0,3,双平,S,2952.8000,2952.2000,2951.4000,2951.2000,2951.0000,2953.2000,2953.4000,2953.6000,2953.8000,2954.2000,4,10,3,11,3,2,2,3,3,1
SF,IH1912,2019-12-12 09:30:37.700,2953.0000,31838,-2,424545600.000,2,0,2,双平,S,2952.8000,2952.2000,2951.4000,2951.2000,2951.0000,2953.2000,2953.4000,2953.6000,2953.8000,2954.2000,3,10,3,11,3,2,2,3,3,2
SF,IH1912,2019-12-12 09:30:38.200,2952.8000,31834,-4,428974860.000,5,0,5,多平,S,2952.2000,2951.4000,2951.2000,2951.0000,2950.8000,2952.6000,2953.2000,2953.4000,2953.6000,2953.8000,10,3,11,3,2,1,2,3,3,3
SF,IH1912,2019-12-12 09:30:38.700,2952.6000,31832,-2,430746420.000,2,0,2,双平,S,2953.0000,2952.2000,2951.4000,2951.2000,2951.0000,2953.2000,2953.4000,2953.6000,2953.8000,2954.0000,1,11,3,11,3,2,3,3,3,1
SF,IH1912,2019-12-12 09:30:39.200,2953.0000,31831,-1,431632320.000,1,0,1,双平,S,2952.2000,2951.4000,2951.2000,2951.0000,2950.8000,2953.0000,2953.2000,2953.4000,2953.6000,2953.8000,11,3,11,3,2,13,2,2,3,3
SF,IH1912,2019-12-12 09:30:39.700,2953.0000,31831,0,431632320.000,0,-,-,-,-,2952.2000,2951.4000,2951.2000,2951.0000,2950.8000,2952.8000,2953.0000,2953.2000,2953.4000,2953.6000,11,3,11,3,2,1,7,2,2,3
SF,IH1912,2019-12-12 09:30:40.200,2952.6000,31829,-2,434289420.000,3,0,3,多平,S,2952.4000,2952.2000,2951.4000,2951.2000,2951.0000,2952.8000,2953.0000,2953.2000,2953.4000,2953.6000,1,9,3,11,3,1,6,3,2,3
SF,IH1912,2019-12-12 09:30:40.700,2952.6000,31829,0,436060920.000,2,1,1,多换,S,2952.2000,2951.4000,2951.2000,2951.0000,2950.8000,2952.8000,2953.0000,2953.2000,2953.4000,2953.6000,9,3,11,3,2,1,6,3,2,3
SF,IH1912,2019-12-12 09:30:41.700,2952.6000,31829,0,436060920.000,0,-,-,-,-,2952.2000,2951.4000,2951.2000,2951.0000,2950.8000,2952.8000,2953.0000,2953.2000,2953.4000,2953.6000,9,3,8,3,2,1,6,3,2,3
SF,IH1912,2019-12-12 09:30:42.200,2952.6000,31828,-1,438718020.000,3,1,2,多平,S,2952.2000,2951.4000,2951.2000,2951.0000,2950.8000,2952.6000,2952.8000,2953.0000,2953.2000,2953.4000,7,3,8,3,2,1,2,6,1,2
SF,IH1912,2019-12-12 09:30:43.200,2952.4000,31827,-1,439603740.000,1,0,1,双平,S,2952.2000,2951.4000,2951.2000,2951.0000,2950.8000,2952.6000,2952.8000,2953.0000,2953.2000,2953.4000,7,3,8,3,2,1,1,6,1,2
SF,IH1912,2019-12-12 09:30:43.700,2953.0000,31828,1,443147160.000,4,2,2,空开,S,2952.2000,2951.4000,2951.2000,2951.0000,2950.8000,2953.0000,2953.2000,2953.4000,2953.6000,2953.8000,5,3,8,3,2,4,1,2,5,4
SF,IH1912,2019-12-12 09:30:44.200,2953.0000,31826,-2,444918960.000,2,0,2,双平,S,2952.2000,2951.6000,2951.4000,2951.2000,2951.0000,2952.8000,2953.0000,2953.2000,2953.4000,2953.6000,5,2,3,8,3,1,6,1,2,5
SF,IH1912,2019-12-12 09:30:44.700,2953.0000,31826,0,444918960.000,0,-,-,-,-,2952.4000,2952.2000,2951.6000,2951.4000,2951.2000,2952.8000,2953.0000,2953.2000,2953.4000,2953.6000,1,5,2,3,6,1,9,1,2,5
SF,IH1912,2019-12-12 09:30:45.200,2952.4000,31825,-1,445804680.000,1,0,1,双平,S,2952.2000,2951.6000,2951.4000,2951.2000,2951.0000,2952.8000,2953.0000,2953.2000,2953.4000,2953.6000,5,2,3,6,3,1,8,1,2,5
SF,IH1912,2019-12-12 09:30:45.700,2952.4000,31822,-3,448461840.000,3,0,3,双平,S,2952.2000,2951.6000,2951.4000,2951.2000,2951.0000,2952.6000,2952.8000,2953.0000,2953.2000,2953.4000,5,2,3,6,3,1,1,8,1,2
SF,IH1912,2019-12-12 09:30:46.200,2952.2000,31820,-2,451118820.000,3,0,3,多平,S,2952.4000,2952.2000,2952.0000,2951.6000,2951.4000,2952.6000,2952.8000,2953.0000,2953.2000,2953.4000,1,2,1,2,3,1,1,8,1,2
SF,IH1912,2019-12-12 09:30:46.700,2952.4000,31820,0,452004540.000,1,0,1,多换,S,2952.2000,2952.0000,2951.6000,2951.4000,2951.2000,2952.4000,2952.6000,2952.8000,2953.0000,2953.2000,2,1,2,3,6,3,1,1,8,1
SF,IH1912,2019-12-12 09:30:47.200,2952.4000,31820,0,452004540.000,0,-,-,-,-,2952.4000,2952.2000,2952.0000,2951.6000,2951.4000,2952.6000,2952.8000,2953.0000,2953.2000,2953.4000,1,2,1,2,3,1,1,7,1,4
SF,IH1912,2019-12-12 09:30:47.700,2952.4000,31820,0,452004540.000,0,-,-,-,-,2952.4000,2952.2000,2952.0000,2951.6000,2951.4000,2952.6000,2952.8000,2953.0000,2953.2000,2953.4000,2,2,1,2,3,1,1,7,1,4
SF,IH1912,2019-12-12 09:30:48.200,2952.4000,31818,-2,453775980.000,2,0,2,双平,S,2952.2000,2952.0000,2951.6000,2951.4000,2951.2000,2952.4000,2952.6000,2952.8000,2953.0000,2953.2000,2,1,2,3,6,1,2,1,7,1
SF,IH1912,2019-12-12 09:30:48.700,2952.4000,31817,-1,454661700.000,1,0,1,双平,S,2952.2000,2952.0000,2951.6000,2951.4000,2951.2000,2952.6000,2952.8000,2953.0000,2953.2000,2953.4000,2,1,2,3,6,2,1,7,1,4
SF,IH1912,2019-12-12 09:30:49.200,2952.2000,31816,-1,455547360.000,1,0,1,双平,S,2952.2000,2952.0000,2951.6000,2951.4000,2951.2000,2952.4000,2952.6000,2952.8000,2953.0000,2953.2000,1,1,2,3,6,1,2,1,7,1
SF,IH1912,2019-12-12 09:30:49.700,2952.4000,31816,0,456433080.000,1,0,1,多换,S,2952.2000,2952.0000,2951.6000,2951.4000,2951.2000,2952.6000,2952.8000,2953.0000,2953.2000,2953.4000,1,1,2,3,6,2,1,7,1,4
SF,IH1912,2019-12-12 09:30:50.200,2952.4000,31816,0,456433080.000,0,-,-,-,-,2952.2000,2952.0000,2951.6000,2951.4000,2951.2000,2952.4000,2952.6000,2952.8000,2953.0000,2953.2000,1,1,2,3,6,1,2,1,7,1
SF,IH1912,2019-12-12 09:30:50.700,2952.8000,31812,-4,459976200.000,4,0,4,双平,S,2952.8000,2952.4000,2952.2000,2952.0000,2951.6000,2953.0000,2953.2000,2953.4000,2953.6000,2953.8000,1,1,1,1,2,7,1,4,5,4
SF,IH1912,2019-12-12 09:30:51.200,2952.6000,31810,-2,461747820.000,2,0,2,双平,S,2952.4000,2952.2000,2952.0000,2951.6000,2951.4000,2952.8000,2953.0000,2953.2000,2953.4000,2953.6000,2,1,1,2,3,4,5,1,4,3
SF,IH1912,2019-12-12 09:30:51.700,2952.6000,31810,0,461747820.000,0,-,-,-,-,2952.4000,2952.2000,2952.0000,2951.6000,2951.4000,2952.8000,2953.0000,2953.2000,2953.4000,2953.6000,2,2,1,2,3,4,6,1,4,3
SF,IH1912,2019-12-12 09:30:52.700,2952.6000,31809,-1,462633600.000,1,0,1,双平,S,2952.4000,2952.2000,2952.0000,2951.8000,2951.6000,2952.8000,2953.0000,2953.2000,2953.4000,2953.6000,2,2,1,1,2,4,6,1,4,3
SF,IH1912,2019-12-12 09:30:53.200,2952.4000,31808,-1,463519320.000,1,0,1,双平,S,2952.6000,2952.4000,2952.2000,2952.0000,2951.8000,2952.8000,2953.0000,2953.2000,2953.4000,2953.6000,1,1,2,1,1,4,6,1,4,3
SF,IH1912,2019-12-12 09:30:53.700,2952.6000,31808,0,464405100.000,1,0,1,多换,S,2952.4000,2952.2000,2952.0000,2951.8000,2951.4000,2952.6000,2952.8000,2953.0000,2953.2000,2953.4000,1,2,1,1,3,2,2,6,1,4
SF,IH1912,2019-12-12 09:30:54.200,2952.4000,31807,-1,465290820.000,1,0,1,双平,S,2952.2000,2952.0000,2951.8000,2951.4000,2951.2000,2952.4000,2952.6000,2952.8000,2953.0000,2953.2000,2,1,1,3,6,1,2,1,7,1
SF,IH1912,2019-12-12 09:30:54.700,2952.4000,31807,0,465290820.000,0,-,-,-,-,2952.2000,2952.0000,2951.8000,2951.4000,2951.2000,2952.4000,2952.6000,2952.8000,2953.0000,2953.2000,2,1,1,3,6,1,3,1,7,1
SF,IH1912,2019-12-12 09:30:55.200,2952.4000,31806,-1,466176540.000,1,0,1,双平,S,2952.4000,2952.2000,2952.0000,2951.8000,2951.4000,2952.6000,2952.8000,2953.0000,2953.2000,2953.4000,1,3,1,1,3,3,1,7,1,4
SF,IH1912,2019-12-12 09:30:55.700,2952.8000,31802,-4,469719780.000,4,0,4,双平,S,2952.4000,2952.2000,2952.0000,2951.8000,2951.4000,2953.0000,2953.2000,2953.4000,2953.6000,2953.8000,4,3,1,1,3,7,1,4,3,4
SF,IH1912,2019-12-12 09:30:56.200,2952.2000,31799,-3,474148320.000,5,1,4,多平,S,2952.2000,2952.0000,2951.8000,2951.4000,2951.2000,2952.4000,2952.8000,2953.0000,2953.2000,2953.4000,3,1,1,3,6,1,9,11,1,4
SF,IH1912,2019-12-12 09:30:56.700,2952.4000,31797,-2,476805360.000,3,0,3,多平,S,2952.6000,2952.2000,2952.0000,2951.8000,2951.4000,2952.8000,2953.0000,2953.2000,2953.4000,2953.6000,2,2,1,1,3,7,11,1,4,3
SF,IH1912,2019-12-12 09:30:57.200,2952.2000,31793,-4,480348360.000,4,0,4,双平,S,2952.2000,2952.0000,2951.8000,2951.4000,2951.2000,2952.6000,2952.8000,2953.0000,2953.2000,2953.4000,1,1,1,3,6,10,6,11,1,4
SF,IH1912,2019-12-12 09:30:57.700,2952.4000,31792,-1,481234080.000,1,0,1,双平,S,2952.2000,2952.0000,2951.8000,2951.4000,2951.2000,2952.4000,2952.6000,2952.8000,2953.0000,2953.2000,1,1,1,3,6,1,4,1,11,2
SF,IH1912,2019-12-12 09:30:58.200,2951.8000,31790,-2,483890880.000,3,0,3,多平,S,2951.4000,2951.2000,2951.0000,2950.8000,2950.6000,2952.0000,2952.2000,2952.4000,2952.6000,2952.8000,3,6,3,4,1,1,1,2,2,1
SF,IH1912,2019-12-12 09:30:58.700,2952.2000,31790,0,485662140.000,2,1,1,多换,S,2952.0000,2951.6000,2951.4000,2951.2000,2951.0000,2952.2000,2952.4000,2952.6000,2952.8000,2953.0000,3,3,2,6,5,3,1,2,1,11
SF,IH1912,2019-12-12 09:30:59.200,2952.0000,31789,-1,489204720.000,4,1,3,多平,S,2952.0000,2951.6000,2951.4000,2951.2000,2951.0000,2952.4000,2952.6000,2952.8000,2953.0000,2953.2000,1,2,2,6,5,1,2,1,11,1
SF,IH1912,2019-12-12 09:30:59.700,2952.2000,31788,-1,490090380.000,1,0,1,双平,S,2952.0000,2951.6000,2951.4000,2951.2000,2951.0000,2952.4000,2952.6000,2952.8000,2953.0000,2953.2000,1,2,2,6,5,1,2,1,11,1
SF,IH1912,2019-12-12 09:31:00.200,2951.6000,31785,-3,492747060.000,3,0,3,双平,S,2951.6000,2951.4000,2951.2000,2951.0000,2950.8000,2952.0000,2952.4000,2952.6000,2952.8000,2953.0000,1,2,6,5,4,1,1,2,1,11
SF,IH1912,2019-12-12 09:31:00.700,2951.6000,31779,-6,498059880.000,6,0,6,双平,S,2951.4000,2951.2000,2951.0000,2950.8000,2950.6000,2951.8000,2952.0000,2952.4000,2952.6000,2952.8000,1,6,5,4,1,1,1,1,2,1
SF,IH1912,2019-12-12 09:31:01.200,2951.8000,31776,-3,501602100.000,4,0,4,多平,S,2951.8000,2951.6000,2951.4000,2951.2000,2951.0000,2952.2000,2952.4000,2952.6000,2952.8000,2953.0000,4,1,1,6,5,1,2,2,2,10
SF,IH1912,2019-12-12 09:31:01.700,2952.2000,31774,-2,503373420.000,2,0,2,双平,S,2952.2000,2952.0000,2951.8000,2951.6000,2951.4000,2952.4000,2952.6000,2952.8000,2953.0000,2953.2000,1,1,1,1,1,2,2,2,10,1
SF,IH1912,2019-12-12 09:31:02.200,2952.2000,31773,-1,504259080.000,1,0,1,双平,S,2952.0000,2951.8000,2951.6000,2951.4000,2951.2000,2952.2000,2952.4000,2952.6000,2952.8000,2953.0000,1,1,3,1,6,3,2,1,2,9
SF,IH1912,2019-12-12 09:31:02.700,2952.2000,31773,0,505144740.000,1,0,1,多换,S,2952.0000,2951.8000,2951.6000,2951.4000,2951.2000,2952.2000,2952.4000,2952.6000,2952.8000,2953.0000,1,1,4,1,6,2,2,1,2,9
SF,IH1912,2019-12-12 09:31:03.200,2952.0000,31771,-2,507801780.000,3,0,3,多平,S,2952.2000,2951.8000,2951.6000,2951.4000,2951.2000,2952.6000,2952.8000,2953.0000,2953.2000,2953.4000,1,1,4,1,6,1,2,9,1,3
SF,IH1912,2019-12-12 09:31:03.700,2952.0000,31770,-1,508687380.000,1,0,1,双平,S,2951.8000,2951.6000,2951.4000,2951.2000,2951.0000,2952.6000,2952.8000,2953.0000,2953.2000,2953.4000,1,6,2,6,5,2,2,9,1,3
SF,IH1912,2019-12-12 09:31:04.200,2952.0000,31770,0,508687380.000,0,-,-,-,-,2951.8000,2951.6000,2951.4000,2951.2000,2951.0000,2952.4000,2952.6000,2952.8000,2953.0000,2953.2000,1,6,2,6,5,2,4,2,8,1
SF,IH1912,2019-12-12 09:31:04.700,2952.4000,31768,-2,511344240.000,3,0,3,多平,S,2952.0000,2951.6000,2951.4000,2951.2000,2951.0000,2952.4000,2952.6000,2952.8000,2953.0000,2953.2000,1,6,2,6,5,1,3,2,8,1
SF,IH1912,2019-12-12 09:31:05.200,2952.6000,31769,1,514887300.000,4,2,2,空开,S,2952.0000,2951.6000,2951.4000,2951.2000,2951.0000,2952.8000,2953.0000,2953.2000,2953.4000,2953.6000,5,6,2,6,5,2,8,1,3,5
SF,IH1912,2019-12-12 09:31:05.700,2952.6000,31769,0,514887300.000,0,-,-,-,-,2952.0000,2951.6000,2951.4000,2951.2000,2951.0000,2952.8000,2953.0000,2953.2000,2953.4000,2953.6000,7,6,2,6,5,2,8,2,3,5
SF,IH1912,2019-12-12 09:31:06.200,2952.0000,31769,0,515772900.000,1,0,1,多换,S,2952.4000,2952.2000,2952.0000,2951.6000,2951.4000,2952.6000,2952.8000,2953.0000,2953.2000,2953.4000,1,1,6,6,2,4,6,8,2,3
SF,IH1912,2019-12-12 09:31:06.700,2952.0000,31763,-6,524629380.000,10,2,8,多平,S,2952.0000,2951.6000,2951.4000,2951.2000,2951.0000,2952.4000,2952.6000,2952.8000,2953.0000,2953.2000,1,6,2,6,5,4,5,6,8,2
SF,IH1912,2019-12-12 09:31:07.200,2951.6000,31761,-2,526400460.000,2,0,2,双平,S,2951.6000,2951.4000,2951.2000,2951.0000,2950.8000,2951.8000,2952.0000,2952.2000,2952.4000,2952.6000,5,2,6,4,4,1,4,4,4,6
SF,IH1912,2019-12-12 09:31:07.700,2951.2000,31753,-8,535254960.000,10,1,9,多平,S,2951.2000,2951.0000,2950.8000,2950.6000,2950.2000,2952.0000,2952.2000,2952.4000,2952.6000,2952.8000,4,4,4,1,1,4,4,1,6,5
SF,IH1912,2019-12-12 09:31:08.200,2951.2000,31753,0,535254960.000,0,-,-,-,-,2951.2000,2951.0000,2950.8000,2950.6000,2950.2000,2951.6000,2951.8000,2952.0000,2952.2000,2952.4000,4,4,4,1,1,1,4,6,4,1
SF,IH1912,2019-12-12 09:31:08.700,2951.2000,31753,0,535254960.000,0,-,-,-,-,2951.2000,2951.0000,2950.8000,2950.6000,2950.2000,2951.4000,2951.6000,2951.8000,2952.0000,2952.2000,5,2,2,1,1,1,1,4,6,4
SF,IH1912,2019-12-12 09:31:09.200,2951.2000,31753,0,535254960.000,0,-,-,-,-,2951.2000,2951.0000,2950.8000,2950.6000,2950.2000,2951.4000,2951.8000,2952.0000,2952.2000,2952.4000,5,2,2,1,1,1,4,6,4,1
SF,IH1912,2019-12-12 09:31:09.700,2951.2000,31749,-4,539681760.000,5,0,5,多平,S,2951.0000,2950.8000,2950.6000,2950.2000,2950.0000,2951.2000,2951.4000,2951.8000,2952.0000,2952.2000,2,2,1,1,6,1,1,4,6,4
SF,IH1912,2019-12-12 09:31:10.200,2951.0000,31749,0,540567060.000,1,0,1,多换,S,2951.0000,2950.8000,2950.6000,2950.2000,2950.0000,2951.2000,2951.8000,2952.0000,2952.2000,2952.4000,2,2,1,2,6,2,4,5,4,2
SF,IH1912,2019-12-12 09:31:10.700,2951.0000,31747,-2,544108260.000,4,1,3,多平,S,2950.8000,2950.6000,2950.2000,2950.0000,2949.8000,2951.0000,2951.2000,2951.8000,2952.0000,2952.2000,2,1,2,6,4,5,3,4,3,4
SF,IH1912,2019-12-12 09:31:11.200,2950.8000,31744,-3,546763980.000,3,0,3,双平,S,2950.6000,2950.2000,2950.0000,2949.8000,2949.2000,2950.8000,2951.0000,2951.2000,2951.8000,2952.0000,2,2,5,4,1,1,2,2,4,3
SF,IH1912,2019-12-12 09:31:11.700,2950.8000,31744,0,554732460.000,9,4,5,多换,S,2950.8000,2950.6000,2950.2000,2950.0000,2949.8000,2952.0000,2952.2000,2952.4000,2952.6000,2952.8000,1,2,2,5,4,1,2,4,3,6
SF,IH1912,2019-12-12 09:31:12.200,2951.4000,31744,0,556503120.000,2,1,1,多换,S,2950.8000,2950.6000,2950.2000,2950.0000,2949.8000,2951.4000,2951.8000,2952.0000,2952.2000,2952.4000,1,2,2,6,4,2,9,6,2,4
SF,IH1912,2019-12-12 09:31:12.700,2952.0000,31748,4,566243280.000,11,7,4,空开,S,2950.8000,2950.6000,2950.2000,2950.0000,2949.8000,2952.0000,2952.2000,2952.4000,2952.6000,2952.8000,2,2,2,6,4,4,2,4,3,6
SF,IH1912,2019-12-12 09:31:13.200,2952.8000,31752,4,583957260.000,20,12,8,空开,S,2951.8000,2951.0000,2950.8000,2950.6000,2950.2000,2952.6000,2952.8000,2953.0000,2953.2000,2953.4000,2,4,5,2,2,1,2,5,2,3
SF,IH1912,2019-12-12 09:31:13.700,2952.0000,31751,-1,584842860.000,1,0,1,双平,S,2951.8000,2951.2000,2951.0000,2950.8000,2950.6000,2952.2000,2952.4000,2952.6000,2952.8000,2953.0000,2,2,3,1,2,1,3,4,2,5
SF,IH1912,2019-12-12 09:31:14.200,2952.2000,31750,-1,586614120.000,2,0,2,多平,S,2952.0000,2951.8000,2951.0000,2950.8000,2950.6000,2952.4000,2952.6000,2952.8000,2953.0000,2953.2000,1,4,3,2,2,2,3,2,5,2
SF,IH1912,2019-12-12 09:31:14.700,2952.2000,31750,0,587499780.000,1,0,1,多换,S,2952.0000,2951.8000,2951.0000,2950.8000,2950.6000,2952.2000,2952.6000,2952.8000,2953.0000,2953.2000,3,2,3,2,2,1,1,2,5,2
SF,IH1912,2019-12-12 09:31:15.200,2952.6000,31749,-1,592813680.000,6,2,4,多平,S,2951.8000,2951.0000,2950.8000,2950.6000,2950.4000,2952.0000,2952.8000,2953.0000,2953.2000,2953.4000,2,1,2,4,1,1,2,5,2,4
SF,IH1912,2019-12-12 09:31:15.700,2951.8000,31747,-2,596355840.000,4,1,3,多平,S,2951.0000,2950.8000,2950.6000,2950.4000,2950.2000,2951.8000,2952.0000,2952.8000,2953.0000,2953.2000,1,2,5,1,2,6,2,2,5,2
SF,IH1912,2019-12-12 09:31:16.200,2951.8000,31747,0,596355840.000,0,-,-,-,-,2951.0000,2950.8000,2950.6000,2950.4000,2950.2000,2951.8000,2952.0000,2952.2000,2952.4000,2952.8000,6,2,6,1,3,3,1,1,1,2
SF,IH1912,2019-12-12 09:31:16.700,2952.0000,31745,-2,598126980.000,2,0,2,双平,S,2952.0000,2951.2000,2951.0000,2950.8000,2950.6000,2952.2000,2952.4000,2952.8000,2953.0000,2953.2000,5,3,4,2,6,2,1,2,5,2
SF,IH1912,2019-12-12 09:31:17.200,2951.8000,31739,-6,610525320.000,14,4,10,多平,S,2951.6000,2951.2000,2951.0000,2950.8000,2950.6000,2951.8000,2952.0000,2952.2000,2952.4000,2952.8000,1,3,1,2,6,6,3,2,1,2
SF,IH1912,2019-12-12 09:31:17.700,2951.8000,31739,0,610525320.000,0,-,-,-,-,2951.6000,2951.2000,2951.0000,2950.8000,2950.6000,2951.8000,2952.0000,2952.2000,2952.4000,2952.8000,1,3,1,2,6,2,3,2,1,2
SF,IH1912,2019-12-12 09:31:18.200,2951.8000,31736,-3,613181940.000,3,0,3,双平,S,2951.8000,2951.6000,2951.2000,2951.0000,2950.8000,2952.0000,2952.2000,2952.4000,2952.8000,2953.0000,2,1,3,1,2,3,2,1,2,5
SF,IH1912,2019-12-12 09:31:18.700,2951.8000,31735,-1,614067480.000,1,0,1,双平,S,2951.8000,2951.6000,2951.0000,2950.8000,2950.6000,2952.0000,2952.2000,2952.4000,2952.8000,2953.0000,1,1,1,2,6,3,2,1,2,5
SF,IH1912,2019-12-12 09:31:19.200,2951.8000,31734,-1,614953020.000,1,0,1,双平,S,2951.6000,2951.0000,2950.8000,2950.6000,2950.4000,2952.0000,2952.2000,2952.4000,2952.8000,2953.0000,1,2,2,6,2,3,2,1,2,5
SF,IH1912,2019-12-12 09:31:19.700,2952.0000,31732,-2,616724220.000,2,0,2,双平,S,2951.6000,2951.0000,2950.8000,2950.6000,2950.4000,2952.0000,2952.2000,2952.4000,2952.8000,2953.0000,1,2,2,6,2,1,2,1,2,5
SF,IH1912,2019-12-12 09:31:20.200,2952.0000,31732,0,618495420.000,2,1,1,多换,S,2952.0000,2951.8000,2951.6000,2951.0000,2950.8000,2952.2000,2952.4000,2952.8000,2953.0000,2953.2000,1,1,1,2,2,2,1,2,6,2
SF,IH1912,2019-12-12 09:31:20.700,2952.0000,31731,-1,619381020.000,1,0,1,双平,S,2952.0000,2951.8000,2951.6000,2951.0000,2950.8000,2952.2000,2952.4000,2952.8000,2953.0000,2953.2000,1,1,1,2,2,3,2,2,6,2
SF,IH1912,2019-12-12 09:31:21.200,2952.0000,31731,0,619381020.000,0,-,-,-,-,2952.0000,2951.8000,2951.6000,2951.0000,2950.8000,2952.2000,2952.4000,2952.8000,2953.0000,2953.2000,1,1,1,2,3,3,2,2,6,5
SF,IH1912,2019-12-12 09:31:21.700,2952.0000,31731,0,619381020.000,0,-,-,-,-,2952.0000,2951.6000,2951.0000,2950.8000,2950.6000,2952.2000,2952.4000,2952.8000,2953.0000,2953.2000,1,1,2,3,6,4,2,2,6,5
SF,IH1912,2019-12-12 09:31:22.200,2952.0000,31730,-1,620266620.000,1,0,1,双平,S,2951.6000,2951.0000,2950.8000,2950.6000,2950.4000,2952.2000,2952.4000,2952.8000,2953.0000,2953.2000,1,2,3,6,2,4,2,2,6,5
SF,IH1912,2019-12-12 09:31:22.700,2952.8000,31731,1,629123820.000,10,5,5,空开,S,2951.8000,2951.6000,2951.2000,2951.0000,2950.8000,2953.0000,2953.2000,2953.4000,2953.6000,2953.8000,1,1,1,2,3,6,5,4,3,1
SF,IH1912,2019-12-12 09:31:23.200,2952.8000,31733,2,633553020.000,5,3,2,空开,S,2952.0000,2951.8000,2951.6000,2951.4000,2951.2000,2952.8000,2953.0000,2953.2000,2953.4000,2953.6000,4,1,1,1,1,3,11,5,4,3
SF,IH1912,2019-12-12 09:31:23.700,2952.8000,31733,0,633553020.000,0,-,-,-,-,2952.2000,2952.0000,2951.8000,2951.6000,2951.2000,2952.6000,2952.8000,2953.0000,2953.2000,2953.4000,1,4,1,1,1,1,7,10,5,4
SF,IH1912,2019-12-12 09:31:24.200,2952.8000,31733,0,633553020.000,0,-,-,-,-,2952.2000,2952.0000,2951.8000,2951.6000,2951.2000,2952.6000,2952.8000,2953.0000,2953.2000,2953.4000,1,3,2,1,1,2,5,10,5,4
SF,IH1912,2019-12-12 09:31:24.700,2952.0000,31733,0,635324280.000,2,1,1,多换,S,2952.0000,2951.8000,2951.6000,2951.2000,2951.0000,2952.4000,2952.6000,2952.8000,2953.0000,2953.2000,2,2,1,1,2,1,2,3,10,5
SF,IH1912,2019-12-12 09:31:25.200,2952.0000,31733,0,635324280.000,0,-,-,-,-,2952.0000,2951.8000,2951.6000,2951.2000,2951.0000,2952.4000,2952.6000,2952.8000,2953.0000,2953.2000,3,2,1,1,2,6,1,3,10,5
SF,IH1912,2019-12-12 09:31:25.700,2952.0000,31731,-2,637981080.000,3,0,3,多平,S,2951.8000,2951.6000,2951.2000,2951.0000,2950.8000,2952.4000,2952.6000,2952.8000,2953.0000,2953.2000,2,1,1,2,3,6,1,3,10,5
SF,IH1912,2019-12-12 09:31:26.200,2952.0000,31731,0,637981080.000,0,-,-,-,-,2952.0000,2951.8000,2951.6000,2951.2000,2951.0000,2952.2000,2952.4000,2952.6000,2952.8000,2953.0000,1,2,1,1,2,3,7,1,3,10
SF,IH1912,2019-12-12 09:31:26.700,2951.8000,31730,-1,639752160.000,2,0,2,多平,S,2951.6000,2951.2000,2951.0000,2950.8000,2950.6000,2952.2000,2952.4000,2952.6000,2952.8000,2953.0000,1,1,2,3,6,3,6,1,3,9
SF,IH1912,2019-12-12 09:31:27.200,2952.0000,31729,-1,640637760.000,1,0,1,双平,S,2951.8000,2951.6000,2951.2000,2951.0000,2950.8000,2952.2000,2952.4000,2952.6000,2952.8000,2953.0000,1,1,1,2,3,4,6,1,3,9
SF,IH1912,2019-12-12 09:31:27.700,2952.0000,31729,0,640637760.000,0,-,-,-,-,2951.6000,2951.2000,2951.0000,2950.8000,2950.6000,2951.8000,2952.0000,2952.2000,2952.4000,2952.6000,1,1,2,3,6,1,1,4,7,2
SF,IH1912,2019-12-12 09:31:28.200,2951.8000,31728,-1,643294140.000,3,1,2,多平,S,2951.2000,2951.0000,2950.8000,2950.6000,2950.4000,2952.0000,2952.2000,2952.4000,2952.6000,2952.8000,1,2,3,6,2,1,4,7,2,3
SF,IH1912,2019-12-12 09:31:28.700,2951.8000,31728,0,643294140.000,0,-,-,-,-,2951.4000,2951.2000,2951.0000,2950.8000,2950.6000,2952.0000,2952.2000,2952.4000,2952.6000,2952.8000,1,1,2,3,6,2,4,7,2,3
SF,IH1912,2019-12-12 09:31:29.200,2951.2000,31726,-2,645065040.000,2,0,2,双平,S,2951.8000,2951.4000,2951.0000,2950.8000,2950.6000,2952.0000,2952.2000,2952.4000,2952.6000,2952.8000,1,1,2,3,6,2,4,7,2,3
SF,IH1912,2019-12-12 09:31:29.700,2951.8000,31724,-2,646836120.000,2,0,2,双平,S,2951.4000,2951.0000,2950.8000,2950.6000,2950.4000,2951.8000,2952.0000,2952.2000,2952.4000,2952.6000,1,2,3,6,2,1,2,4,7,2
SF,IH1912,2019-12-12 09:31:30.200,2951.8000,31723,-1,647721660.000,1,0,1,双平,S,2951.4000,2951.0000,2950.8000,2950.6000,2950.4000,2952.0000,2952.4000,2952.6000,2952.8000,2953.0000,1,2,4,6,2,2,7,1,3,9
SF,IH1912,2019-12-12 09:31:30.700,2951.8000,31723,0,647721660.000,0,-,-,-,-,2951.4000,2951.0000,2950.8000,2950.6000,2950.4000,2951.6000,2951.8000,2952.0000,2952.4000,2952.6000,1,2,4,6,2,1,1,3,7,1
SF,IH1912,2019-12-12 09:31:31.200,2951.6000,31723,0,648607140.000,1,0,1,多换,S,2951.6000,2951.4000,2951.2000,2951.0000,2950.8000,2951.8000,2952.0000,2952.4000,2952.6000,2952.8000,1,1,1,2,3,1,4,7,1,3
SF,IH1912,2019-12-12 09:31:31.700,2951.6000,31723,0,648607140.000,0,-,-,-,-,2951.4000,2951.2000,2951.0000,2950.8000,2950.6000,2951.6000,2951.8000,2952.0000,2952.4000,2952.6000,1,1,2,3,6,1,1,4,7,1
SF,IH1912,2019-12-12 09:31:32.200,2951.6000,31724,1,649492620.000,1,1,0,双开,S,2951.4000,2951.2000,2951.0000,2950.8000,2950.6000,2951.8000,2952.0000,2952.4000,2952.6000,2952.8000,1,1,2,3,6,1,4,7,1,3
SF,IH1912,2019-12-12 09:31:32.700,2951.2000,31722,-2,653034360.000,4,1,3,多平,S,2951.0000,2950.8000,2950.6000,2950.4000,2950.2000,2951.4000,2951.8000,2952.0000,2952.4000,2952.6000,2,3,6,2,3,1,1,3,7,1
SF,IH1912,2019-12-12 09:31:33.200,2951.4000,31722,0,653919780.000,1,0,1,多换,S,2951.4000,2951.2000,2951.0000,2950.8000,2950.6000,2951.8000,2952.0000,2952.4000,2952.6000,2952.8000,9,4,3,3,6,1,3,6,1,3
SF,IH1912,2019-12-12 09:31:33.700,2951.4000,31722,0,653919780.000,0,-,-,-,-,2951.4000,2951.2000,2951.0000,2950.8000,2950.6000,2951.8000,2952.0000,2952.4000,2952.6000,2952.8000,5,3,2,3,6,1,3,6,1,3
SF,IH1912,2019-12-12 09:31:34.200,2951.4000,31721,-1,654805200.000,1,0,1,双平,S,2951.4000,2951.2000,2951.0000,2950.8000,2950.6000,2951.8000,2952.0000,2952.4000,2952.6000,2952.8000,4,2,2,3,6,1,2,6,1,3
SF,IH1912,2019-12-12 09:31:34.700,2951.8000,31720,-1,656576160.000,2,0,2,多平,S,2951.4000,2951.2000,2951.0000,2950.8000,2950.6000,2952.0000,2952.4000,2952.6000,2952.8000,2953.0000,5,1,2,3,6,2,6,1,3,9
SF,IH1912,2019-12-12 09:31:35.200,2951.8000,31713,-7,662774520.000,7,0,7,双平,S,2951.8000,2951.4000,2951.2000,2951.0000,2950.8000,2952.0000,2952.4000,2952.6000,2952.8000,2953.0000,2,2,1,2,3,2,6,1,3,9
SF,IH1912,2019-12-12 09:31:35.700,2951.8000,31712,-1,664545600.000,2,0,2,多平,S,2951.4000,2951.2000,2951.0000,2950.8000,2950.6000,2952.0000,2952.4000,2952.6000,2952.8000,2953.0000,3,1,2,3,6,2,6,1,3,9
SF,IH1912,2019-12-12 09:31:36.200,2951.8000,31712,0,664545600.000,0,-,-,-,-,2951.6000,2951.4000,2951.2000,2951.0000,2950.8000,2952.0000,2952.4000,2952.6000,2952.8000,2953.0000,1,3,1,2,3,3,6,1,3,9
SF,IH1912,2019-12-12 09:31:36.700,2951.4000,31710,-2,667201860.000,3,0,3,多平,S,2951.2000,2951.0000,2950.8000,2950.6000,2950.4000,2951.6000,2951.8000,2952.0000,2952.4000,2952.6000,1,2,3,6,4,2,3,5,6,1
SF,IH1912,2019-12-12 09:31:37.200,2951.4000,31710,0,667201860.000,0,-,-,-,-,2951.2000,2951.0000,2950.8000,2950.6000,2950.4000,2951.6000,2951.8000,2952.0000,2952.4000,2952.6000,1,2,3,6,4,2,2,5,6,1
SF,IH1912,2019-12-12 09:31:37.700,2951.4000,31710,0,668087280.000,1,0,1,多换,S,2951.2000,2951.0000,2950.8000,2950.6000,2950.4000,2951.6000,2951.8000,2952.0000,2952.4000,2952.6000,2,2,3,6,4,2,2,5,6,1
SF,IH1912,2019-12-12 09:31:38.200,2951.6000,31709,-1,669858240.000,2,0,2,多平,S,2951.2000,2951.0000,2950.8000,2950.6000,2950.4000,2951.8000,2952.0000,2952.4000,2952.6000,2952.8000,2,2,3,6,4,2,5,6,2,3
SF,IH1912,2019-12-12 09:31:39.200,2951.2000,31708,-1,670743600.000,1,0,1,双平,S,2951.2000,2951.0000,2950.8000,2950.6000,2950.4000,2951.8000,2952.0000,2952.4000,2952.6000,2952.8000,2,2,3,6,4,2,5,6,2,3
SF,IH1912,2019-12-12 09:31:39.700,2951.2000,31708,0,670743600.000,0,-,-,-,-,2951.2000,2951.0000,2950.8000,2950.6000,2950.4000,2951.6000,2951.8000,2952.0000,2952.4000,2952.6000,2,2,3,6,4,2,2,6,6,2
SF,IH1912,2019-12-12 09:31:40.200,2951.2000,31708,0,670743600.000,0,-,-,-,-,2951.2000,2951.0000,2950.8000,2950.6000,2950.4000,2951.6000,2951.8000,2952.0000,2952.4000,2952.6000,3,2,3,6,4,2,2,6,5,2
SF,IH1912,2019-12-12 09:31:40.700,2951.2000,31708,0,670743600.000,0,-,-,-,-,2951.4000,2951.2000,2951.0000,2950.8000,2950.6000,2951.8000,2952.0000,2952.4000,2952.6000,2952.8000,1,3,2,4,6,2,6,5,2,3
SF,IH1912,2019-12-12 09:31:41.200,2951.2000,31702,-6,676056720.000,6,0,6,双平,S,2951.2000,2951.0000,2950.8000,2950.6000,2950.4000,2951.6000,2952.0000,2952.4000,2952.6000,2952.8000,3,2,4,6,4,1,4,5,2,3
SF,IH1912,2019-12-12 09:31:41.700,2952.0000,31698,-4,680484600.000,5,0,5,多平,S,2951.4000,2951.2000,2951.0000,2950.8000,2950.6000,2952.4000,2952.6000,2952.8000,2953.0000,2953.2000,1,3,2,4,6,5,2,3,9,5
SF,IH1912,2019-12-12 09:31:42.200,2951.6000,31697,-1,682255740.000,2,0,2,多平,S,2951.4000,2951.2000,2951.0000,2950.8000,2950.6000,2952.2000,2952.4000,2952.6000,2952.8000,2953.0000,3,4,2,4,6,8,9,1,1,7
SF,IH1912,2019-12-12 09:31:42.700,2951.6000,31697,0,682255740.000,0,-,-,-,-,2951.4000,2951.2000,2951.0000,2950.8000,2950.6000,2952.0000,2952.2000,2952.4000,2952.6000,2952.8000,1,4,2,4,6,2,8,10,1,1
SF,IH1912,2019-12-12 09:31:43.200,2951.6000,31697,0,682255740.000,0,-,-,-,-,2951.4000,2951.2000,2951.0000,2950.8000,2950.6000,2951.6000,2951.8000,2952.0000,2952.2000,2952.4000,1,4,2,4,6,1,1,1,4,10
SF,IH1912,2019-12-12 09:31:43.700,2951.4000,31696,-1,683141160.000,1,0,1,双平,S,2951.2000,2951.0000,2950.8000,2950.6000,2950.4000,2951.6000,2951.8000,2952.0000,2952.2000,2952.4000,4,2,4,6,4,1,1,1,4,10
SF,IH1912,2019-12-12 09:31:44.200,2951.4000,31696,0,683141160.000,0,-,-,-,-,2951.2000,2951.0000,2950.8000,2950.6000,2950.4000,2951.4000,2951.6000,2951.8000,2952.0000,2952.2000,3,2,4,6,4,1,2,1,1,3
SF,IH1912,2019-12-12 09:31:45.200,2951.4000,31696,0,683141160.000,0,-,-,-,-,2951.2000,2951.0000,2950.8000,2950.6000,2950.4000,2951.4000,2951.6000,2952.0000,2952.2000,2952.4000,4,2,4,6,4,1,2,1,3,9
SF,IH1912,2019-12-12 09:31:45.700,2951.2000,31695,-1,684026520.000,1,0,1,双平,S,2951.2000,2951.0000,2950.8000,2950.6000,2950.4000,2951.4000,2951.6000,2952.0000,2952.2000,2952.4000,3,2,4,6,4,1,2,1,3,9
SF,IH1912,2019-12-12 09:31:46.200,2951.4000,31694,-1,684911940.000,1,0,1,双平,S,2951.2000,2951.0000,2950.8000,2950.6000,2950.4000,2951.6000,2952.0000,2952.2000,2952.4000,2952.6000,3,2,4,6,4,2,1,3,9,2
SF,IH1912,2019-12-12 09:31:46.700,2951.2000,31693,-1,688453380.000,4,1,3,多平,S,2951.0000,2950.8000,2950.6000,2950.4000,2950.2000,2951.4000,2951.6000,2952.0000,2952.2000,2952.4000,2,4,6,2,3,3,2,2,2,5
SF,IH1912,2019-12-12 09:31:47.700,2951.4000,31692,-1,689338800.000,1,0,1,双平,S,2951.0000,2950.8000,2950.6000,2950.4000,2950.2000,2951.4000,2951.6000,2952.0000,2952.2000,2952.4000,2,4,6,2,3,2,1,2,2,5
SF,IH1912,2019-12-12 09:31:48.200,2951.0000,31691,-1,690224100.000,1,0,1,双平,S,2951.0000,2950.8000,2950.6000,2950.4000,2950.2000,2951.4000,2951.6000,2952.0000,2952.2000,2952.4000,2,4,6,2,3,1,1,2,3,5
SF,IH1912,2019-12-12 09:31:48.700,2951.0000,31691,0,690224100.000,0,-,-,-,-,2951.0000,2950.8000,2950.6000,2950.4000,2950.2000,2951.4000,2951.6000,2952.0000,2952.2000,2952.4000,2,4,6,2,3,1,1,1,3,5
SF,IH1912,2019-12-12 09:31:49.200,2951.0000,31690,-1,692880060.000,3,1,2,多平,S,2950.8000,2950.6000,2950.4000,2950.2000,2950.0000,2951.2000,2951.4000,2951.6000,2952.0000,2952.2000,4,6,2,2,6,3,1,1,1,3
SF,IH1912,2019-12-12 09:31:49.700,2951.0000,31690,0,692880060.000,0,-,-,-,-,2950.8000,2950.6000,2950.4000,2950.2000,2950.0000,2951.2000,2951.4000,2951.6000,2952.0000,2952.2000,4,6,2,1,6,3,1,1,1,3
SF,IH1912,2019-12-12 09:31:50.200,2951.0000,31690,0,692880060.000,0,-,-,-,-,2950.8000,2950.6000,2950.4000,2950.2000,2950.0000,2951.2000,2951.4000,2951.6000,2952.0000,2952.2000,6,6,2,1,6,4,1,1,1,3
SF,IH1912,2019-12-12 09:31:50.700,2951.0000,31690,0,692880060.000,0,-,-,-,-,2950.8000,2950.6000,2950.4000,2950.2000,2950.0000,2951.0000,2951.2000,2951.4000,2951.6000,2952.0000,6,6,2,1,6,1,4,1,1,1
SF,IH1912,2019-12-12 09:31:51.200,2950.8000,31688,-2,694650540.000,2,0,2,双平,S,2950.8000,2950.6000,2950.4000,2950.2000,2950.0000,2951.0000,2951.2000,2951.4000,2951.6000,2952.0000,4,6,2,1,6,1,4,1,1,1
SF,IH1912,2019-12-12 09:31:51.700,2950.8000,31688,0,694650540.000,0,-,-,-,-,2950.8000,2950.6000,2950.4000,2950.2000,2950.0000,2951.0000,2951.2000,2951.4000,2951.6000,2952.0000,4,6,2,1,6,2,4,1,1,1
SF,IH1912,2019-12-12 09:31:52.700,2951.0000,31686,-2,696421140.000,2,0,2,双平,S,2950.8000,2950.6000,2950.4000,2950.2000,2950.0000,2951.2000,2951.4000,2951.6000,2952.0000,2952.2000,5,6,2,1,6,4,1,1,1,3
SF,IH1912,2019-12-12 09:31:53.200,2951.0000,31686,0,696421140.000,0,-,-,-,-,2951.0000,2950.8000,2950.6000,2950.4000,2950.2000,2951.2000,2951.4000,2951.6000,2952.0000,2952.2000,1,5,6,1,1,3,1,1,2,3
SF,IH1912,2019-12-12 09:31:53.700,2951.0000,31685,-1,697306440.000,1,0,1,双平,S,2950.8000,2950.6000,2950.4000,2950.2000,2950.0000,2951.2000,2951.4000,2951.6000,2952.0000,2952.2000,5,6,1,1,6,3,1,1,2,3
SF,IH1912,2019-12-12 09:31:54.200,2951.0000,31684,-1,700847820.000,4,1,3,多平,S,2951.0000,2950.8000,2950.6000,2950.4000,2950.2000,2951.2000,2951.4000,2951.6000,2952.0000,2952.2000,1,6,6,1,1,1,1,1,2,3
SF,IH1912,2019-12-12 09:31:54.700,2951.2000,31683,-1,701733180.000,1,0,1,双平,S,2951.2000,2951.0000,2950.8000,2950.6000,2950.4000,2951.4000,2951.6000,2952.0000,2952.2000,2952.4000,2,1,6,6,1,1,1,2,3,5
SF,IH1912,2019-12-12 09:31:55.200,2951.2000,31683,0,701733180.000,0,-,-,-,-,2951.2000,2951.0000,2950.8000,2950.6000,2950.4000,2951.4000,2951.6000,2952.0000,2952.2000,2952.4000,2,2,6,6,1,1,1,2,3,5
SF,IH1912,2019-12-12 09:31:55.700,2951.2000,31681,-2,703503900.000,2,0,2,双平,S,2951.0000,2950.8000,2950.6000,2950.4000,2950.2000,2951.4000,2951.6000,2952.0000,2952.2000,2952.4000,2,6,6,1,2,1,1,2,3,5
SF,IH1912,2019-12-12 09:31:56.200,2951.0000,31681,0,704389200.000,1,0,1,多换,S,2951.0000,2950.8000,2950.6000,2950.2000,2950.0000,2951.4000,2951.6000,2952.0000,2952.2000,2952.4000,1,6,6,2,6,1,1,2,3,5
SF,IH1912,2019-12-12 09:31:57.200,2951.0000,31681,0,705274500.000,1,0,1,多换,S,2950.8000,2950.6000,2950.2000,2950.0000,2949.8000,2951.4000,2951.6000,2952.0000,2952.2000,2952.4000,6,6,2,6,1,1,1,2,3,5
SF,IH1912,2019-12-12 09:31:57.700,2951.0000,31681,0,705274500.000,0,-,-,-,-,2950.8000,2950.6000,2950.2000,2950.0000,2949.8000,2951.2000,2951.4000,2951.6000,2952.0000,2952.2000,6,6,2,6,1,1,1,1,2,3
SF,IH1912,2019-12-12 09:31:58.200,2950.8000,31681,0,706159740.000,1,0,1,多换,S,2950.8000,2950.6000,2950.2000,2950.0000,2949.8000,2951.2000,2951.4000,2951.6000,2952.0000,2952.2000,4,6,2,6,1,1,1,1,2,3
SF,IH1912,2019-12-12 09:31:58.700,2950.8000,31681,0,706159740.000,0,-,-,-,-,2950.8000,2950.6000,2950.2000,2950.0000,2949.8000,2951.2000,2951.4000,2951.6000,2952.0000,2952.2000,4,6,2,6,1,1,1,1,2,3
SF,IH1912,2019-12-12 09:31:59.700,2951.2000,31680,-1,707045100.000,1,0,1,双平,S,2950.8000,2950.6000,2950.2000,2950.0000,2949.8000,2951.4000,2951.6000,2951.8000,2952.0000,2952.2000,4,6,2,6,1,2,1,1,2,3
SF,IH1912,2019-12-12 09:32:00.200,2951.2000,31680,0,707045100.000,0,-,-,-,-,2950.8000,2950.6000,2950.2000,2950.0000,2949.8000,2951.4000,2951.6000,2951.8000,2952.0000,2952.2000,4,6,2,6,1,2,1,1,2,3
SF,IH1912,2019-12-12 09:32:00.700,2950.8000,31674,-6,713242020.000,7,0,7,多平,S,2951.0000,2950.8000,2950.6000,2950.2000,2950.0000,2951.4000,2951.6000,2951.8000,2952.0000,2952.2000,4,1,6,2,6,2,1,1,2,3
SF,IH1912,2019-12-12 09:32:01.200,2951.2000,31670,-4,716783280.000,4,0,4,双平,S,2951.0000,2950.8000,2950.6000,2950.2000,2950.0000,2951.2000,2951.4000,2951.6000,2951.8000,2952.0000,1,1,6,2,6,1,4,1,1,2
SF,IH1912,2019-12-12 09:32:01.700,2951.2000,31670,0,716783280.000,0,-,-,-,-,2951.0000,2950.8000,2950.6000,2950.2000,2950.0000,2951.4000,2951.6000,2951.8000,2952.0000,2952.2000,1,1,6,2,6,6,1,1,2,3
SF,IH1912,2019-12-12 09:32:02.200,2950.8000,31668,-2,718553820.000,2,0,2,双平,S,2950.6000,2950.2000,2950.0000,2949.8000,2949.6000,2951.0000,2951.2000,2951.4000,2951.6000,2951.8000,6,2,6,1,1,1,3,6,1,1
SF,IH1912,2019-12-12 09:32:02.700,2950.8000,31668,0,718553820.000,0,-,-,-,-,2950.6000,2950.2000,2950.0000,2949.8000,2949.6000,2950.8000,2951.2000,2951.4000,2951.6000,2951.8000,6,2,6,1,1,1,6,7,1,1
SF,IH1912,2019-12-12 09:32:03.200,2950.6000,31667,-1,720324240.000,2,0,2,多平,S,2950.6000,2950.2000,2950.0000,2949.8000,2949.6000,2951.2000,2951.4000,2951.6000,2951.8000,2952.0000,5,2,6,1,1,6,7,1,1,2
SF,IH1912,2019-12-12 09:32:03.700,2951.0000,31666,-1,721209540.000,1,0,1,双平,S,2950.8000,2950.6000,2950.2000,2950.0000,2949.8000,2951.2000,2951.4000,2951.6000,2951.8000,2952.0000,1,5,2,6,1,8,4,1,1,2
SF,IH1912,2019-12-12 09:32:04.200,2950.8000,31665,-1,722980020.000,2,0,2,多平,S,2950.6000,2950.2000,2950.0000,2949.8000,2949.6000,2951.0000,2951.2000,2951.4000,2951.6000,2951.8000,5,2,6,1,1,1,8,4,1,1
SF,IH1912,2019-12-12 09:32:04.700,2950.6000,31664,-1,723865200.000,1,0,1,双平,S,2950.6000,2950.2000,2950.0000,2949.8000,2949.6000,2951.0000,2951.2000,2951.4000,2951.6000,2951.8000,4,2,6,1,1,1,5,4,1,1
SF,IH1912,2019-12-12 09:32:05.200,2950.6000,31664,0,723865200.000,0,-,-,-,-,2950.6000,2950.2000,2950.0000,2949.8000,2949.6000,2951.0000,2951.2000,2951.4000,2951.6000,2951.8000,4,1,6,1,1,1,5,4,1,1
SF,IH1912,2019-12-12 09:32:05.700,2950.6000,31663,-1,724750380.000,1,0,1,双平,S,2950.6000,2950.2000,2950.0000,2949.8000,2949.6000,2951.0000,2951.2000,2951.4000,2951.8000,2952.0000,3,1,6,1,1,1,5,4,1,3
SF,IH1912,2019-12-12 09:32:06.200,2950.6000,31663,0,724750380.000,0,-,-,-,-,2950.6000,2950.2000,2950.0000,2949.8000,2949.6000,2950.8000,2951.0000,2951.2000,2951.4000,2951.8000,4,1,6,1,1,2,2,5,4,1
SF,IH1912,2019-12-12 09:32:06.700,2950.6000,31663,0,724750380.000,0,-,-,-,-,2950.6000,2950.2000,2950.0000,2949.8000,2949.6000,2950.8000,2951.0000,2951.2000,2951.4000,2951.8000,4,1,6,1,1,4,4,3,4,1
SF,IH1912,2019-12-12 09:32:07.200,2950.6000,31658,-5,729176520.000,5,0,5,双平,S,2950.6000,2950.2000,2950.0000,2949.8000,2949.6000,2951.0000,2951.2000,2951.4000,2951.8000,2952.0000,3,1,6,1,1,2,3,4,1,3
SF,IH1912,2019-12-12 09:32:07.700,2950.6000,31657,-1,730061700.000,1,0,1,双平,S,2950.6000,2950.2000,2950.0000,2949.8000,2949.6000,2950.8000,2951.0000,2951.2000,2951.4000,2951.8000,2,1,6,1,1,1,2,3,2,1
SF,IH1912,2019-12-12 09:32:08.200,2950.8000,31657,0,730946940.000,1,0,1,多换,S,2950.6000,2950.2000,2950.0000,2949.8000,2949.6000,2951.0000,2951.2000,2951.4000,2951.8000,2952.0000,2,1,6,1,1,2,3,2,1,3
SF,IH1912,2019-12-12 09:32:08.700,2950.6000,31656,-1,731832120.000,1,0,1,双平,S,2950.6000,2950.2000,2950.0000,2949.8000,2949.6000,2951.0000,2951.2000,2951.4000,2951.8000,2952.0000,1,1,6,1,1,2,3,2,1,3
SF,IH1912,2019-12-12 09:32:09.200,2950.6000,31656,0,731832120.000,0,-,-,-,-,2950.2000,2950.0000,2949.8000,2949.6000,2949.4000,2951.0000,2951.2000,2951.4000,2951.8000,2952.0000,1,6,1,1,1,1,3,2,1,3
SF,IH1912,2019-12-12 09:32:09.700,2950.6000,31656,0,731832120.000,0,-,-,-,-,2950.4000,2950.2000,2950.0000,2949.8000,2949.6000,2950.8000,2951.0000,2951.2000,2951.4000,2951.8000,1,6,6,1,1,1,1,3,2,1
SF,IH1912,2019-12-12 09:32:10.200,2950.8000,31655,-1,732717360.000,1,0,1,双平,S,2950.4000,2950.2000,2950.0000,2949.8000,2949.6000,2951.0000,2951.2000,2951.4000,2951.8000,2952.0000,1,7,6,1,1,4,3,2,1,3
SF,IH1912,2019-12-12 09:32:10.700,2950.8000,31655,0,732717360.000,0,-,-,-,-,2950.4000,2950.2000,2950.0000,2949.8000,2949.6000,2950.8000,2951.0000,2951.2000,2951.4000,2951.8000,1,7,6,1,1,2,4,3,2,1
SF,IH1912,2019-12-12 09:32:11.200,2950.4000,31655,0,733602480.000,1,0,1,多换,S,2950.2000,2950.0000,2949.8000,2949.6000,2949.4000,2950.4000,2950.8000,2951.0000,2951.2000,2951.4000,3,6,1,1,1,2,2,2,3,2
SF,IH1912,2019-12-12 09:32:11.700,2950.2000,31653,-2,736257780.000,3,0,3,多平,S,2950.2000,2950.0000,2949.8000,2949.4000,2949.2000,2950.8000,2951.0000,2951.2000,2951.4000,2951.8000,1,6,1,1,2,2,2,4,2,1
SF,IH1912,2019-12-12 09:32:12.200,2950.2000,31653,0,737142840.000,1,0,1,多换,S,2950.0000,2949.8000,2949.4000,2949.2000,2949.0000,2950.2000,2950.4000,2950.6000,2950.8000,2951.0000,6,1,1,2,5,1,2,1,4,2
SF,IH1912,2019-12-12 09:32:12.700,2950.2000,31648,-5,744222840.000,8,1,7,多平,S,2949.4000,2949.2000,2949.0000,2948.8000,2948.6000,2950.4000,2950.6000,2950.8000,2951.0000,2951.2000,1,2,5,1,1,2,1,7,1,1
SF,IH1912,2019-12-12 09:32:13.200,2950.2000,31648,0,744222840.000,0,-,-,-,-,2949.6000,2949.4000,2949.2000,2949.0000,2948.8000,2950.2000,2950.4000,2950.6000,2950.8000,2951.2000,2,5,3,5,1,1,3,1,5,1
SF,IH1912,2019-12-12 09:32:13.700,2950.0000,31647,-1,745992720.000,2,0,2,多平,S,2949.8000,2949.4000,2949.2000,2949.0000,2948.8000,2950.2000,2950.4000,2950.6000,2950.8000,2951.2000,1,5,2,5,1,1,5,1,4,1
SF,IH1912,2019-12-12 09:32:14.200,2950.2000,31646,-1,746877780.000,1,0,1,双平,S,2949.8000,2949.4000,2949.2000,2949.0000,2948.8000,2950.2000,2950.4000,2950.6000,2950.8000,2951.2000,1,3,2,5,1,1,3,1,4,1
SF,IH1912,2019-12-12 09:32:14.700,2950.2000,31646,0,746877780.000,0,-,-,-,-,2949.8000,2949.4000,2949.2000,2949.0000,2948.8000,2950.2000,2950.4000,2950.6000,2950.8000,2951.2000,2,3,2,5,1,1,3,1,4,1
SF,IH1912,2019-12-12 09:32:15.200,2949.8000,31646,0,747762720.000,1,0,1,多换,S,2949.4000,2949.2000,2949.0000,2948.8000,2948.6000,2950.0000,2950.2000,2950.4000,2950.6000,2950.8000,3,2,5,1,1,1,1,3,2,4
SF,IH1912,2019-12-12 09:32:15.700,2949.8000,31646,0,747762720.000,0,-,-,-,-,2949.4000,2949.2000,2949.0000,2948.8000,2948.6000,2950.0000,2950.2000,2950.4000,2950.6000,2950.8000,3,2,4,1,1,2,2,3,2,4
SF,IH1912,2019-12-12 09:32:16.200,2949.8000,31646,0,747762720.000,0,-,-,-,-,2949.4000,2949.2000,2949.0000,2948.8000,2948.6000,2949.8000,2950.0000,2950.2000,2950.4000,2950.6000,5,2,4,1,1,4,4,2,3,2
SF,IH1912,2019-12-12 09:32:16.700,2949.4000,31646,0,748647540.000,1,0,1,多换,S,2949.4000,2949.2000,2949.0000,2948.8000,2948.6000,2949.6000,2949.8000,2950.0000,2950.2000,2950.4000,5,2,4,1,1,1,7,2,3,3
SF,IH1912,2019-12-12 09:32:17.200,2949.4000,31644,-2,750417180.000,2,0,2,双平,S,2949.4000,2949.2000,2949.0000,2948.8000,2948.6000,2949.6000,2949.8000,2950.0000,2950.2000,2950.4000,4,2,4,1,1,2,7,2,2,3
SF,IH1912,2019-12-12 09:32:17.700,2949.4000,31635,-9,758380500.000,9,0,9,双平,S,2949.2000,2949.0000,2948.8000,2948.6000,2948.4000,2949.4000,2949.6000,2949.8000,2950.0000,2950.2000,1,4,1,1,1,6,1,7,2,2
SF,IH1912,2019-12-12 09:32:18.200,2949.2000,31634,-1,759265260.000,1,0,1,双平,S,2949.0000,2948.8000,2948.6000,2948.4000,2948.2000,2949.2000,2949.4000,2949.6000,2949.8000,2950.0000,4,1,1,1,1,1,7,1,3,2
SF,IH1912,2019-12-12 09:32:18.700,2949.0000,31632,-2,761034660.000,2,0,2,双平,S,2949.0000,2948.8000,2948.6000,2948.2000,2948.0000,2949.2000,2949.4000,2949.6000,2949.8000,2950.0000,2,2,1,1,6,7,6,1,3,5
SF,IH1912,2019-12-12 09:32:19.200,2948.8000,31627,-5,766342620.000,6,0,6,多平,S,2948.6000,2948.2000,2948.0000,2947.8000,2947.4000,2949.0000,2949.2000,2949.4000,2949.6000,2949.8000,1,1,6,1,1,6,7,4,1,3
SF,IH1912,2019-12-12 09:32:19.700,2949.0000,31625,-2,769881180.000,4,1,3,多平,S,2948.6000,2948.4000,2948.2000,2948.0000,2947.8000,2949.0000,2949.2000,2949.4000,2949.6000,2949.8000,3,1,1,3,1,1,4,3,1,1
SF,IH1912,2019-12-12 09:32:20.200,2949.0000,31620,-5,774304680.000,5,0,5,双平,S,2948.6000,2948.4000,2948.2000,2948.0000,2947.8000,2949.0000,2949.2000,2949.4000,2949.6000,2949.8000,2,1,2,3,1,3,4,3,1,1
SF,IH1912,2019-12-12 09:32:20.700,2949.0000,31618,-2,776958780.000,3,0,3,多平,S,2948.6000,2948.4000,2948.2000,2948.0000,2947.8000,2949.2000,2949.4000,2949.6000,2949.8000,2950.0000,2,2,2,3,1,4,3,1,1,5
SF,IH1912,2019-12-12 09:32:21.200,2949.0000,31618,0,776958780.000,0,-,-,-,-,2948.8000,2948.6000,2948.4000,2948.2000,2948.0000,2949.2000,2949.4000,2949.8000,2950.0000,2950.2000,3,4,2,2,3,4,3,1,5,2
SF,IH1912,2019-12-12 09:32:21.700,2949.0000,31618,0,776958780.000,0,-,-,-,-,2949.0000,2948.8000,2948.6000,2948.4000,2948.2000,2949.2000,2949.4000,2949.8000,2950.0000,2950.2000,1,3,4,2,2,4,4,1,5,2
SF,IH1912,2019-12-12 09:32:22.200,2949.0000,31616,-2,778728240.000,2,0,2,双平,S,2949.0000,2948.6000,2948.4000,2948.2000,2948.0000,2949.2000,2949.4000,2949.8000,2950.0000,2950.2000,1,4,1,2,3,4,4,1,5,2
SF,IH1912,2019-12-12 09:32:22.700,2949.0000,31617,1,779612940.000,1,1,0,双开,S,2948.6000,2948.4000,2948.2000,2948.0000,2947.8000,2949.2000,2949.4000,2949.8000,2950.0000,2950.2000,5,1,2,3,1,4,4,1,5,2
SF,IH1912,2019-12-12 09:32:23.200,2948.6000,31617,0,780497520.000,1,0,1,多换,S,2948.6000,2948.4000,2948.2000,2948.0000,2947.8000,2949.2000,2949.4000,2949.8000,2950.0000,2950.2000,4,1,2,3,1,4,3,1,5,2
SF,IH1912,2019-12-12 09:32:23.700,2949.2000,31617,0,783151740.000,3,1,2,多换,S,2948.6000,2948.4000,2948.2000,2948.0000,2947.8000,2949.2000,2949.4000,2949.8000,2950.0000,2950.2000,4,1,2,3,1,2,3,1,4,2
SF,IH1912,2019-12-12 09:32:24.200,2949.2000,31616,-1,785805960.000,3,1,2,多平,S,2948.8000,2948.6000,2948.4000,2948.2000,2948.0000,2949.2000,2949.4000,2949.8000,2950.0000,2950.2000,3,4,1,2,3,1,2,1,4,2
SF,IH1912,2019-12-12 09:32:24.700,2949.2000,31616,0,785805960.000,0,-,-,-,-,2948.8000,2948.6000,2948.4000,2948.2000,2948.0000,2949.2000,2949.4000,2949.8000,2950.0000,2950.2000,3,4,1,2,3,1,2,1,4,2
SF,IH1912,2019-12-12 09:32:25.200,2949.4000,31614,-2,787575540.000,2,0,2,双平,S,2949.2000,2948.8000,2948.6000,2948.4000,2948.2000,2949.4000,2949.8000,2950.0000,2950.2000,2950.4000,1,3,4,1,2,1,1,4,2,3
SF,IH1912,2019-12-12 09:32:25.700,2949.4000,31613,-1,788460360.000,1,0,1,双平,S,2949.4000,2949.2000,2948.8000,2948.6000,2948.4000,2949.8000,2950.0000,2950.2000,2950.4000,2950.6000,1,1,3,5,1,1,4,2,3,2
SF,IH1912,2019-12-12 09:32:26.200,2949.6000,31613,0,789345240.000,1,0,1,多换,S,2949.4000,2948.6000,2948.4000,2948.2000,2948.0000,2949.8000,2950.0000,2950.2000,2950.4000,2950.6000,2,5,1,2,4,2,4,2,3,2
SF,IH1912,2019-12-12 09:32:26.700,2949.4000,31612,-1,790230060.000,1,0,1,双平,S,2949.4000,2948.8000,2948.6000,2948.4000,2948.2000,2949.8000,2950.0000,2950.2000,2950.4000,2950.6000,1,2,5,1,2,4,4,2,3,2
SF,IH1912,2019-12-12 09:32:27.200,2949.8000,31606,-6,795539220.000,6,0,6,双平,S,2949.4000,2949.0000,2948.8000,2948.6000,2948.4000,2949.8000,2950.0000,2950.2000,2950.4000,2950.6000,1,1,1,5,1,1,4,2,3,2
SF,IH1912,2019-12-12 09:32:27.700,2949.2000,31604,-2,798193680.000,3,0,3,多平,S,2948.8000,2948.6000,2948.4000,2948.2000,2948.0000,2950.0000,2950.2000,2950.4000,2950.6000,2950.8000,1,4,1,2,5,4,2,3,2,1
SF,IH1912,2019-12-12 09:32:28.200,2949.2000,31604,0,798193680.000,0,-,-,-,-,2949.6000,2949.2000,2949.0000,2948.8000,2948.6000,2949.8000,2950.0000,2950.2000,2950.4000,2950.6000,4,7,13,12,4,1,4,2,3,2
SF,IH1912,2019-12-12 09:32:28.700,2949.6000,31600,-4,801733260.000,4,0,4,双平,S,2949.8000,2949.6000,2949.2000,2949.0000,2948.8000,2950.0000,2950.2000,2950.4000,2950.6000,2950.8000,1,1,8,6,11,4,2,3,2,1
SF,IH1912,2019-12-12 09:32:29.200,2950.0000,31599,-1,802618260.000,1,0,1,双平,S,2949.6000,2949.2000,2949.0000,2948.8000,2948.6000,2950.0000,2950.2000,2950.4000,2950.6000,2950.8000,1,8,3,10,3,4,2,3,1,1
SF,IH1912,2019-12-12 09:32:29.700,2950.0000,31598,-1,803503260.000,1,0,1,双平,S,2949.8000,2949.6000,2949.4000,2949.2000,2949.0000,2950.0000,2950.2000,2950.4000,2950.6000,2950.8000,1,1,1,6,3,3,2,3,1,1
SF,IH1912,2019-12-12 09:32:30.200,2949.8000,31597,-1,804388200.000,1,0,1,双平,S,2949.4000,2949.2000,2949.0000,2948.8000,2948.6000,2950.0000,2950.2000,2950.4000,2950.6000,2950.8000,1,6,3,11,2,3,2,3,1,1
SF,IH1912,2019-12-12 09:32:30.700,2949.8000,31597,0,804388200.000,0,-,-,-,-,2949.4000,2949.2000,2949.0000,2948.8000,2948.6000,2949.8000,2950.0000,2950.2000,2950.4000,2950.6000,2,6,3,11,2,1,3,2,3,1
SF,IH1912,2019-12-12 09:32:31.200,2949.8000,31596,-1,805273140.000,1,0,1,双平,S,2949.2000,2949.0000,2948.8000,2948.6000,2948.4000,2950.0000,2950.2000,2950.4000,2950.6000,2950.8000,7,1,9,2,3,3,2,3,1,1
SF,IH1912,2019-12-12 09:32:31.700,2949.8000,31596,0,805273140.000,0,-,-,-,-,2949.4000,2949.2000,2949.0000,2948.8000,2948.6000,2950.0000,2950.2000,2950.4000,2950.6000,2950.8000,6,9,1,9,2,4,2,3,1,1
SF,IH1912,2019-12-12 09:32:32.200,2949.8000,31596,0,805273140.000,0,-,-,-,-,2949.4000,2949.2000,2949.0000,2948.8000,2948.6000,2950.0000,2950.2000,2950.4000,2950.6000,2950.8000,6,11,1,9,3,3,2,3,1,1
SF,IH1912,2019-12-12 09:32:32.700,2949.8000,31596,0,805273140.000,0,-,-,-,-,2949.4000,2949.2000,2949.0000,2948.8000,2948.6000,2950.0000,2950.2000,2950.4000,2950.6000,2950.8000,8,11,1,9,3,3,2,3,1,1
SF,IH1912,2019-12-12 09:32:33.200,2949.8000,31596,0,805273140.000,0,-,-,-,-,2949.4000,2949.2000,2949.0000,2948.8000,2948.6000,2950.0000,2950.2000,2950.4000,2950.6000,2950.8000,4,6,1,9,3,3,2,3,1,1
SF,IH1912,2019-12-12 09:32:33.700,2949.8000,31596,0,805273140.000,0,-,-,-,-,2949.4000,2949.2000,2949.0000,2948.8000,2948.6000,2949.8000,2950.0000,2950.2000,2950.4000,2950.6000,3,6,1,9,3,3,3,2,3,1
SF,IH1912,2019-12-12 09:32:34.200,2949.8000,31596,0,805273140.000,0,-,-,-,-,2949.4000,2949.2000,2949.0000,2948.8000,2948.6000,2949.6000,2949.8000,2950.0000,2950.2000,2950.4000,2,5,1,10,3,1,3,3,2,3
SF,IH1912,2019-12-12 09:32:34.700,2949.8000,31596,0,805273140.000,0,-,-,-,-,2949.4000,2949.2000,2948.8000,2948.6000,2948.4000,2949.6000,2949.8000,2950.0000,2950.2000,2950.4000,2,4,10,3,3,1,3,3,2,3
SF,IH1912,2019-12-12 09:32:35.200,2949.2000,31591,-5,809697180.000,5,0,5,双平,S,2949.2000,2948.8000,2948.6000,2948.4000,2948.2000,2949.4000,2949.8000,2950.0000,2950.2000,2950.4000,2,10,3,3,2,3,3,3,2,4
SF,IH1912,2019-12-12 09:32:35.700,2949.4000,31590,-1,810582000.000,1,0,1,双平,S,2949.2000,2948.8000,2948.6000,2948.4000,2948.2000,2949.4000,2949.8000,2950.0000,2950.2000,2950.4000,2,10,3,3,2,2,3,5,2,4
SF,IH1912,2019-12-12 09:32:36.200,2949.2000,31590,0,811466760.000,1,0,1,多换,S,2949.2000,2948.8000,2948.6000,2948.4000,2948.2000,2949.4000,2949.8000,2950.0000,2950.2000,2950.4000,2,4,3,1,2,1,3,5,2,4
SF,IH1912,2019-12-12 09:32:36.700,2949.2000,31589,-1,813236280.000,2,0,2,多平,S,2948.8000,2948.6000,2948.4000,2948.2000,2948.0000,2949.4000,2949.6000,2949.8000,2950.0000,2950.2000,4,3,1,2,8,1,1,3,5,2
SF,IH1912,2019-12-12 09:32:37.200,2948.8000,31587,-2,815005620.000,2,0,2,双平,S,2949.0000,2948.8000,2948.6000,2948.2000,2948.0000,2949.4000,2949.6000,2950.0000,2950.2000,2950.4000,1,4,5,2,8,1,1,5,2,4
SF,IH1912,2019-12-12 09:32:37.700,2949.6000,31587,0,816775320.000,2,1,1,多换,S,2949.4000,2949.0000,2948.8000,2948.6000,2948.2000,2950.0000,2950.2000,2950.4000,2950.6000,2950.8000,1,2,5,5,2,5,2,4,2,1
SF,IH1912,2019-12-12 09:32:38.200,2949.4000,31588,1,818544960.000,2,1,1,空开,S,2949.0000,2948.8000,2948.6000,2948.2000,2948.0000,2949.4000,2949.6000,2949.8000,2950.0000,2950.2000,2,5,5,2,8,4,1,4,6,2
SF,IH1912,2019-12-12 09:32:38.700,2949.4000,31588,0,818544960.000,0,-,-,-,-,2949.2000,2949.0000,2948.8000,2948.6000,2948.2000,2949.8000,2950.0000,2950.2000,2950.4000,2950.6000,1,4,4,5,2,4,6,2,4,2
SF,IH1912,2019-12-12 09:32:39.200,2949.4000,31585,-3,822084240.000,4,0,4,多平,S,2949.0000,2948.8000,2948.6000,2948.2000,2948.0000,2949.6000,2949.8000,2950.0000,2950.2000,2950.4000,4,4,5,2,8,2,6,5,2,4
SF,IH1912,2019-12-12 09:32:39.700,2949.4000,31585,0,822084240.000,0,-,-,-,-,2949.2000,2949.0000,2948.8000,2948.6000,2948.2000,2949.8000,2950.0000,2950.2000,2950.4000,2950.6000,1,4,4,5,2,1,5,2,4,2
SF,IH1912,2019-12-12 09:32:40.200,2949.4000,31585,0,822084240.000,0,-,-,-,-,2949.2000,2949.0000,2948.8000,2948.6000,2948.2000,2949.6000,2949.8000,2950.0000,2950.2000,2950.4000,1,4,4,5,2,1,1,5,2,4
SF,IH1912,2019-12-12 09:32:40.700,2949.6000,31583,-2,823853880.000,2,0,2,双平,S,2949.0000,2948.8000,2948.6000,2948.2000,2948.0000,2949.8000,2950.0000,2950.2000,2950.4000,2950.6000,4,4,5,2,8,1,5,2,4,2
SF,IH1912,2019-12-12 09:32:41.200,2949.6000,31583,0,823853880.000,0,-,-,-,-,2949.0000,2948.8000,2948.6000,2948.2000,2948.0000,2949.6000,2949.8000,2950.0000,2950.2000,2950.4000,5,4,5,2,8,3,3,5,2,4
SF,IH1912,2019-12-12 09:32:41.700,2949.0000,31582,-1,824738580.000,1,0,1,双平,S,2949.0000,2948.8000,2948.6000,2948.2000,2948.0000,2949.6000,2949.8000,2950.0000,2950.2000,2950.4000,3,4,5,2,8,2,2,5,2,2
SF,IH1912,2019-12-12 09:32:42.200,2949.4000,31582,0,825623400.000,1,0,1,多换,S,2949.0000,2948.8000,2948.6000,2948.2000,2948.0000,2949.8000,2950.0000,2950.2000,2950.4000,2950.6000,3,4,5,2,8,2,6,2,2,2
SF,IH1912,2019-12-12 09:32:42.700,2949.6000,31580,-2,828278040.000,3,0,3,多平,S,2949.4000,2949.2000,2949.0000,2948.8000,2948.6000,2949.6000,2949.8000,2950.0000,2950.2000,2950.4000,1,1,4,4,5,1,5,6,2,2
SF,IH1912,2019-12-12 09:32:43.200,2949.6000,31580,0,828278040.000,0,-,-,-,-,2949.4000,2949.2000,2949.0000,2948.8000,2948.6000,2949.6000,2949.8000,2950.0000,2950.2000,2950.4000,1,2,3,4,5,1,3,6,2,2
SF,IH1912,2019-12-12 09:32:43.700,2949.4000,31580,0,829162860.000,1,0,1,多换,S,2949.2000,2949.0000,2948.8000,2948.6000,2948.2000,2949.6000,2949.8000,2950.0000,2950.2000,2950.4000,3,4,4,5,2,1,2,6,2,2
SF,IH1912,2019-12-12 09:32:44.200,2949.6000,31579,-1,830932500.000,2,0,2,多平,S,2949.6000,2949.2000,2949.0000,2948.8000,2948.6000,2949.8000,2950.0000,2950.2000,2950.4000,2950.6000,2,2,4,4,5,1,6,2,2,2
SF,IH1912,2019-12-12 09:32:44.700,2949.2000,31576,-3,835356840.000,5,1,4,多平,S,2949.4000,2949.2000,2949.0000,2948.8000,2948.6000,2950.0000,2950.2000,2950.4000,2950.6000,2950.8000,1,1,4,3,5,6,2,2,2,1
SF,IH1912,2019-12-12 09:32:45.200,2949.2000,31576,0,835356840.000,0,-,-,-,-,2949.4000,2949.2000,2949.0000,2948.8000,2948.6000,2949.6000,2949.8000,2950.0000,2950.2000,2950.4000,1,1,4,3,5,1,4,7,2,2
SF,IH1912,2019-12-12 09:32:45.700,2949.2000,31576,0,835356840.000,0,-,-,-,-,2949.4000,2949.2000,2949.0000,2948.8000,2948.6000,2949.6000,2949.8000,2950.0000,2950.2000,2950.4000,1,1,4,3,5,1,4,6,2,2
SF,IH1912,2019-12-12 09:32:46.200,2949.4000,31575,-1,836241660.000,1,0,1,双平,S,2949.2000,2949.0000,2948.8000,2948.6000,2948.4000,2949.6000,2949.8000,2950.0000,2950.2000,2950.4000,2,4,3,5,3,1,3,6,2,2
SF,IH1912,2019-12-12 09:32:46.700,2949.2000,31574,-1,837126420.000,1,0,1,双平,S,2949.2000,2949.0000,2948.8000,2948.6000,2948.4000,2949.6000,2950.0000,2950.2000,2950.4000,2950.6000,2,4,3,5,3,1,6,2,2,2
SF,IH1912,2019-12-12 09:32:47.200,2949.4000,31573,-1,838011240.000,1,0,1,双平,S,2949.2000,2949.0000,2948.8000,2948.6000,2948.4000,2949.4000,2949.6000,2950.0000,2950.2000,2950.4000,2,4,4,5,1,1,1,6,2,2
SF,IH1912,2019-12-12 09:32:47.700,2949.0000,31568,-5,843319860.000,6,0,6,多平,S,2949.0000,2948.8000,2948.6000,2948.4000,2948.2000,2949.2000,2950.0000,2950.2000,2950.4000,2950.6000,2,4,5,1,2,3,6,2,2,2
SF,IH1912,2019-12-12 09:32:48.200,2949.2000,31565,-3,845974140.000,3,0,3,双平,S,2949.0000,2948.8000,2948.6000,2948.2000,2948.0000,2949.4000,2950.0000,2950.2000,2950.4000,2950.6000,3,4,5,2,8,1,6,2,2,2
SF,IH1912,2019-12-12 09:32:48.700,2949.0000,31565,0,846858840.000,1,0,1,多换,S,2949.0000,2948.8000,2948.6000,2948.2000,2948.0000,2949.4000,2950.0000,2950.2000,2950.4000,2950.6000,2,4,5,2,8,1,6,2,2,2
SF,IH1912,2019-12-12 09:32:49.200,2949.4000,31565,0,851282640.000,5,2,3,多换,S,2948.8000,2948.6000,2948.2000,2948.0000,2947.8000,2950.0000,2950.2000,2950.4000,2950.6000,2950.8000,4,5,2,8,2,6,2,2,2,1
SF,IH1912,2019-12-12 09:32:49.700,2949.0000,31564,-1,852167340.000,1,0,1,双平,S,2949.0000,2948.8000,2948.6000,2948.2000,2948.0000,2949.8000,2950.0000,2950.2000,2950.4000,2950.6000,3,5,5,2,8,7,8,2,1,2
SF,IH1912,2019-12-12 09:32:50.200,2949.0000,31564,0,853052040.000,1,0,1,多换,S,2948.8000,2948.6000,2948.2000,2948.0000,2947.8000,2949.4000,2949.6000,2949.8000,2950.0000,2950.2000,5,5,2,8,2,1,1,7,8,2
SF,IH1912,2019-12-12 09:32:50.700,2949.2000,31561,-3,855706320.000,3,0,3,双平,S,2949.0000,2948.8000,2948.6000,2948.2000,2948.0000,2949.2000,2949.6000,2949.8000,2950.0000,2950.2000,1,4,5,2,8,1,1,5,7,2
SF,IH1912,2019-12-12 09:32:51.200,2949.0000,31560,-1,856591020.000,1,0,1,双平,S,2948.8000,2948.6000,2948.2000,2948.0000,2947.8000,2949.2000,2949.6000,2949.8000,2950.0000,2950.2000,4,4,2,8,2,1,1,6,6,2
SF,IH1912,2019-12-12 09:32:51.700,2949.0000,31560,0,856591020.000,0,-,-,-,-,2948.8000,2948.6000,2948.2000,2948.0000,2947.8000,2949.0000,2949.2000,2949.6000,2949.8000,2950.0000,4,4,2,8,2,1,1,1,6,6
SF,IH1912,2019-12-12 09:32:52.200,2949.0000,31558,-2,859245060.000,3,0,3,多平,S,2948.8000,2948.6000,2948.2000,2948.0000,2947.8000,2949.6000,2949.8000,2950.0000,2950.2000,2950.4000,3,4,2,8,2,1,6,6,2,1
SF,IH1912,2019-12-12 09:32:52.700,2948.8000,31557,-1,861014340.000,2,0,2,多平,S,2948.8000,2948.6000,2948.2000,2948.0000,2947.8000,2949.2000,2949.4000,2949.6000,2949.8000,2950.0000,1,4,2,8,2,1,1,3,6,6
SF,IH1912,2019-12-12 09:32:53.200,2948.8000,31557,0,861014340.000,0,-,-,-,-,2948.8000,2948.6000,2948.2000,2948.0000,2947.8000,2949.2000,2949.4000,2949.6000,2949.8000,2950.0000,1,3,2,8,2,1,1,2,6,6
SF,IH1912,2019-12-12 09:32:53.700,2948.6000,31557,0,863668140.000,3,1,2,多换,S,2948.6000,2948.2000,2948.0000,2947.8000,2947.6000,2949.2000,2949.4000,2949.6000,2949.8000,2950.0000,1,2,8,2,2,1,1,2,6,6
SF,IH1912,2019-12-12 09:32:54.200,2948.8000,31556,-1,865437480.000,2,0,2,多平,S,2948.6000,2948.4000,2948.2000,2948.0000,2947.8000,2949.2000,2949.4000,2949.6000,2949.8000,2950.0000,1,3,2,8,2,1,1,2,7,6
SF,IH1912,2019-12-12 09:32:54.700,2948.8000,31556,0,865437480.000,0,-,-,-,-,2948.8000,2948.6000,2948.4000,2948.2000,2948.0000,2949.2000,2949.4000,2949.6000,2949.8000,2950.0000,5,1,3,2,8,1,1,2,10,6
SF,IH1912,2019-12-12 09:32:55.200,2948.8000,31556,0,865437480.000,0,-,-,-,-,2948.8000,2948.6000,2948.4000,2948.2000,2948.0000,2949.2000,2949.4000,2949.6000,2949.8000,2950.0000,5,1,2,3,8,1,1,2,10,6
SF,IH1912,2019-12-12 09:32:55.700,2948.8000,31556,0,866322120.000,1,0,1,多换,S,2948.8000,2948.6000,2948.4000,2948.2000,2948.0000,2949.2000,2949.4000,2949.6000,2949.8000,2950.0000,5,1,2,3,8,1,1,2,10,6
SF,IH1912,2019-12-12 09:32:56.200,2948.8000,31556,0,867206760.000,1,0,1,多换,S,2948.8000,2948.6000,2948.4000,2948.2000,2948.0000,2949.2000,2949.4000,2949.6000,2949.8000,2950.0000,4,1,2,3,8,1,1,2,10,6
SF,IH1912,2019-12-12 09:32:56.700,2948.8000,31556,0,868091400.000,1,0,1,多换,S,2948.8000,2948.6000,2948.4000,2948.2000,2948.0000,2949.0000,2949.2000,2949.4000,2949.6000,2949.8000,3,1,2,3,8,1,2,1,2,9
SF,IH1912,2019-12-12 09:32:57.200,2948.8000,31554,-2,871629960.000,4,1,3,多平,S,2948.6000,2948.4000,2948.2000,2948.0000,2947.8000,2948.8000,2949.2000,2949.4000,2949.6000,2949.8000,1,2,3,8,2,4,1,1,2,9
SF,IH1912,2019-12-12 09:32:57.700,2948.8000,31548,-6,877822440.000,7,0,7,多平,S,2948.8000,2948.6000,2948.4000,2948.2000,2948.0000,2949.2000,2949.6000,2949.8000,2950.0000,2950.2000,17,1,2,3,8,1,2,9,6,2
SF,IH1912,2019-12-12 09:32:58.200,2949.2000,31547,-1,878707200.000,1,0,1,双平,S,2949.0000,2948.8000,2948.6000,2948.4000,2948.2000,2949.6000,2949.8000,2950.0000,2950.2000,2950.4000,1,8,1,2,3,2,9,6,2,1
SF,IH1912,2019-12-12 09:32:58.700,2949.0000,31546,-1,879591900.000,1,0,1,双平,S,2948.8000,2948.6000,2948.4000,2948.2000,2948.0000,2949.2000,2949.4000,2949.6000,2949.8000,2950.0000,5,1,2,3,8,1,1,2,9,6
SF,IH1912,2019-12-12 09:32:59.200,2948.6000,31541,-5,884899680.000,6,0,6,多平,S,2948.4000,2948.2000,2948.0000,2947.8000,2947.6000,2949.4000,2949.6000,2949.8000,2950.0000,2950.2000,2,3,8,2,2,1,3,9,6,2
SF,IH1912,2019-12-12 09:32:59.700,2948.6000,31539,-2,886668840.000,2,0,2,双平,S,2948.6000,2948.4000,2948.2000,2948.0000,2947.8000,2949.4000,2949.6000,2949.8000,2950.0000,2950.2000,3,8,3,8,4,2,3,8,6,2
SF,IH1912,2019-12-12 09:33:00.200,2948.6000,31538,-1,888438000.000,2,0,2,多平,S,2948.6000,2948.4000,2948.2000,2948.0000,2947.8000,2949.4000,2949.6000,2949.8000,2950.0000,2950.2000,6,6,3,8,4,1,3,8,6,2
SF,IH1912,2019-12-12 09:33:00.700,2948.8000,31537,-1,890207220.000,2,0,2,多平,S,2948.6000,2948.4000,2948.2000,2948.0000,2947.8000,2949.2000,2949.4000,2949.6000,2949.8000,2950.0000,3,6,3,8,4,4,10,3,8,6
SF,IH1912,2019-12-12 09:33:01.200,2948.6000,31536,-1,891976380.000,2,0,2,多平,S,2948.4000,2948.2000,2948.0000,2947.8000,2947.6000,2948.8000,2949.2000,2949.4000,2949.6000,2949.8000,3,3,8,4,2,1,5,10,3,8
SF,IH1912,2019-12-12 09:33:01.700,2948.2000,31533,-3,895514460.000,4,0,4,多平,S,2948.2000,2948.0000,2947.8000,2947.6000,2947.4000,2949.0000,2949.2000,2949.4000,2949.6000,2949.8000,2,8,4,2,1,2,4,10,3,8
SF,IH1912,2019-12-12 09:33:02.200,2948.4000,31532,-1,896398980.000,1,0,1,双平,S,2948.2000,2948.0000,2947.8000,2947.6000,2947.4000,2948.6000,2948.8000,2949.0000,2949.2000,2949.4000,6,10,4,2,1,3,3,5,4,9
SF,IH1912,2019-12-12 09:33:02.700,2948.4000,31532,0,896398980.000,0,-,-,-,-,2948.2000,2948.0000,2947.8000,2947.6000,2947.4000,2948.8000,2949.0000,2949.2000,2949.4000,2949.6000,7,10,3,2,1,2,3,4,9,3
SF,IH1912,2019-12-12 09:33:03.200,2948.2000,31528,-4,899936820.000,4,0,4,双平,S,2948.2000,2948.0000,2947.8000,2947.6000,2947.4000,2948.4000,2949.0000,2949.2000,2949.4000,2949.6000,4,10,3,2,1,3,3,1,9,3
SF,IH1912,2019-12-12 09:33:03.700,2948.2000,31525,-3,904359300.000,5,1,4,多平,S,2948.6000,2948.2000,2948.0000,2947.8000,2947.6000,2949.0000,2949.2000,2949.4000,2949.6000,2949.8000,1,1,10,3,1,3,1,9,3,8
SF,IH1912,2019-12-12 09:33:04.200,2948.2000,31522,-3,907012920.000,3,0,3,双平,S,2948.2000,2948.0000,2947.8000,2947.6000,2947.4000,2948.6000,2948.8000,2949.0000,2949.2000,2949.4000,2,9,3,1,1,3,3,3,1,9
SF,IH1912,2019-12-12 09:33:04.700,2948.0000,31517,-5,913204680.000,7,1,6,多平,S,2948.0000,2947.8000,2947.6000,2947.4000,2947.2000,2948.2000,2948.6000,2949.0000,2949.2000,2949.4000,7,1,1,1,1,1,1,1,1,9
SF,IH1912,2019-12-12 09:33:05.200,2948.0000,31513,-4,916742460.000,4,0,4,双平,S,2948.0000,2947.8000,2947.6000,2947.4000,2947.2000,2948.6000,2949.0000,2949.2000,2949.4000,2949.6000,6,2,1,1,1,1,1,1,9,3
SF,IH1912,2019-12-12 09:33:05.700,2948.0000,31511,-2,919395660.000,3,0,3,多平,S,2948.0000,2947.8000,2947.6000,2947.4000,2947.2000,2948.2000,2948.4000,2948.8000,2949.0000,2949.2000,3,4,1,1,1,6,1,1,1,1
SF,IH1912,2019-12-12 09:33:06.200,2947.8000,31506,-5,924701880.000,6,0,6,多平,S,2947.6000,2947.4000,2947.2000,2947.0000,2946.8000,2948.2000,2948.4000,2948.8000,2949.0000,2949.2000,1,1,1,2,1,1,1,1,1,1
SF,IH1912,2019-12-12 09:33:06.700,2948.0000,31505,-1,925586280.000,1,0,1,双平,S,2947.8000,2947.6000,2947.4000,2947.0000,2946.8000,2948.0000,2948.2000,2948.4000,2948.8000,2949.0000,3,6,1,2,1,1,1,1,1,1
SF,IH1912,2019-12-12 09:33:07.200,2947.8000,31502,-3,930007920.000,5,1,4,多平,S,2947.6000,2947.4000,2947.0000,2946.8000,2946.6000,2947.8000,2948.0000,2948.2000,2948.4000,2948.8000,5,1,2,1,10,5,1,1,1,1
SF,IH1912,2019-12-12 09:33:07.700,2947.6000,31498,-4,934429320.000,5,0,5,多平,S,2947.4000,2947.0000,2946.8000,2946.6000,2946.4000,2948.2000,2948.4000,2948.8000,2949.0000,2949.2000,1,2,1,10,1,1,1,1,1,1
SF,IH1912,2019-12-12 09:33:08.200,2947.8000,31497,-1,935313660.000,1,0,1,双平,S,2947.6000,2947.4000,2947.2000,2947.0000,2946.8000,2947.8000,2948.0000,2948.2000,2948.4000,2948.8000,1,4,2,2,1,2,3,1,1,1
SF,IH1912,2019-12-12 09:33:08.700,2947.4000,31496,-1,937966500.000,3,1,2,多平,S,2947.4000,2947.0000,2946.8000,2946.6000,2946.4000,2948.0000,2948.2000,2948.4000,2948.8000,2949.0000,4,2,1,13,1,2,1,1,1,1
SF,IH1912,2019-12-12 09:33:09.200,2947.6000,31491,-5,943271880.000,6,0,6,多平,S,2947.2000,2947.0000,2946.8000,2946.6000,2946.4000,2947.8000,2948.0000,2948.2000,2948.4000,2948.8000,1,2,1,13,1,1,1,1,1,1
SF,IH1912,2019-12-12 09:33:09.700,2947.6000,31490,-1,944156160.000,1,0,1,双平,S,2947.4000,2947.2000,2947.0000,2946.8000,2946.6000,2947.8000,2948.0000,2948.2000,2948.4000,2948.8000,1,1,2,1,13,4,2,1,1,1
SF,IH1912,2019-12-12 09:33:10.200,2947.6000,31490,0,944156160.000,0,-,-,-,-,2947.4000,2947.2000,2947.0000,2946.8000,2946.6000,2947.6000,2947.8000,2948.0000,2948.2000,2948.4000,3,1,2,1,13,2,3,2,1,1
SF,IH1912,2019-12-12 09:33:10.700,2947.4000,31488,-2,946808820.000,3,0,3,多平,S,2947.2000,2947.0000,2946.8000,2946.6000,2946.4000,2947.4000,2947.6000,2947.8000,2948.0000,2948.2000,1,2,1,13,1,6,1,2,2,1
SF,IH1912,2019-12-12 09:33:11.200,2947.6000,31486,-2,952998420.000,7,2,5,多平,S,2947.6000,2947.2000,2947.0000,2946.8000,2946.6000,2947.8000,2948.0000,2948.2000,2948.4000,2948.8000,1,1,4,1,12,2,2,1,1,2
SF,IH1912,2019-12-12 09:33:11.700,2947.6000,31486,0,953882700.000,1,0,1,多换,S,2947.2000,2947.0000,2946.8000,2946.6000,2946.4000,2947.4000,2947.6000,2947.8000,2948.0000,2948.2000,1,3,2,12,1,1,4,2,2,1
SF,IH1912,2019-12-12 09:33:12.200,2947.2000,31485,-1,954766860.000,1,0,1,双平,S,2947.2000,2947.0000,2946.8000,2946.6000,2946.4000,2947.4000,2947.8000,2948.0000,2948.2000,2948.4000,1,4,2,12,1,1,1,2,1,1
SF,IH1912,2019-12-12 09:33:12.700,2947.0000,31482,-3,959187660.000,5,1,4,多平,S,2947.0000,2946.8000,2946.6000,2946.4000,2946.2000,2947.2000,2947.8000,2948.0000,2948.2000,2948.4000,2,2,13,1,1,2,1,2,1,1
SF,IH1912,2019-12-12 09:33:13.200,2947.2000,31477,-5,964492560.000,6,0,6,多平,S,2947.2000,2947.0000,2946.8000,2946.6000,2946.4000,2947.8000,2948.0000,2948.2000,2948.4000,2948.8000,2,1,3,15,1,1,2,1,1,2
SF,IH1912,2019-12-12 09:33:13.700,2947.0000,31476,-1,966260820.000,2,0,2,多平,S,2946.8000,2946.6000,2946.4000,2946.2000,2946.0000,2947.2000,2947.4000,2947.6000,2947.8000,2948.0000,2,15,1,1,3,1,3,1,1,2
SF,IH1912,2019-12-12 09:33:14.200,2947.0000,31476,0,966260820.000,0,-,-,-,-,2947.0000,2946.8000,2946.6000,2946.4000,2946.2000,2947.2000,2947.8000,2948.0000,2948.2000,2948.4000,2,2,18,2,3,1,1,2,1,1
SF,IH1912,2019-12-12 09:33:14.700,2947.2000,31476,0,967144980.000,1,0,1,多换,S,2946.8000,2946.6000,2946.4000,2946.2000,2946.0000,2948.0000,2948.2000,2948.4000,2948.8000,2949.2000,2,17,2,4,3,2,1,1,2,1
SF,IH1912,2019-12-12 09:33:15.200,2947.2000,31474,-2,968913300.000,2,0,2,双平,S,2947.0000,2946.8000,2946.6000,2946.4000,2946.2000,2947.4000,2947.8000,2948.0000,2948.2000,2948.4000,4,3,17,2,5,1,5,3,1,1
SF,IH1912,2019-12-12 09:33:15.700,2947.4000,31474,0,969797520.000,1,0,1,多换,S,2947.4000,2947.0000,2946.8000,2946.6000,2946.4000,2947.8000,2948.0000,2948.2000,2948.4000,2948.8000,1,2,2,17,2,2,3,1,1,2
SF,IH1912,2019-12-12 09:33:16.200,2947.4000,31473,-1,970681740.000,1,0,1,双平,S,2947.0000,2946.8000,2946.6000,2946.4000,2946.2000,2947.2000,2947.4000,2947.6000,2947.8000,2948.0000,1,2,17,2,5,1,2,1,2,3
SF,IH1912,2019-12-12 09:33:16.700,2947.4000,31473,0,970681740.000,0,-,-,-,-,2947.8000,2947.2000,2947.0000,2946.8000,2946.6000,2948.0000,2948.2000,2948.4000,2948.8000,2949.2000,1,1,3,2,17,2,1,1,2,1
SF,IH1912,2019-12-12 09:33:17.200,2947.6000,31473,0,973334520.000,3,1,2,多换,S,2947.0000,2946.8000,2946.6000,2946.4000,2946.2000,2947.6000,2947.8000,2948.0000,2948.2000,2948.4000,3,2,17,2,7,3,21,4,1,1
SF,IH1912,2019-12-12 09:33:17.700,2947.6000,31473,0,973334520.000,0,-,-,-,-,2947.0000,2946.8000,2946.6000,2946.4000,2946.2000,2947.4000,2947.8000,2948.0000,2948.2000,2948.4000,3,2,17,2,7,1,11,4,1,1
SF,IH1912,2019-12-12 09:33:18.200,2947.6000,31472,-1,974218800.000,1,0,1,双平,S,2947.4000,2947.0000,2946.8000,2946.6000,2946.4000,2947.6000,2947.8000,2948.0000,2948.2000,2948.4000,1,3,2,17,2,1,10,4,1,1
SF,IH1912,2019-12-12 09:33:18.700,2947.4000,31471,-1,977755740.000,4,1,3,多平,S,2947.0000,2946.8000,2946.6000,2946.4000,2946.2000,2947.8000,2948.0000,2948.2000,2948.4000,2948.8000,3,2,17,2,7,10,4,1,1,2
SF,IH1912,2019-12-12 09:33:19.200,2947.6000,31470,-1,979524300.000,2,0,2,多平,S,2947.2000,2947.0000,2946.8000,2946.6000,2946.4000,2947.6000,2947.8000,2948.0000,2948.2000,2948.4000,1,7,2,17,2,1,12,2,1,1
SF,IH1912,2019-12-12 09:33:19.700,2947.6000,31469,-1,980408580.000,1,0,1,双平,S,2947.2000,2947.0000,2946.8000,2946.6000,2946.4000,2947.8000,2948.0000,2948.2000,2948.4000,2948.8000,1,6,2,17,2,10,2,1,1,2
SF,IH1912,2019-12-12 09:33:20.200,2947.6000,31469,0,980408580.000,0,-,-,-,-,2947.2000,2947.0000,2946.8000,2946.6000,2946.4000,2947.4000,2947.8000,2948.0000,2948.2000,2948.4000,1,7,2,17,2,1,12,2,1,1
SF,IH1912,2019-12-12 09:33:20.700,2947.6000,31469,0,980408580.000,0,-,-,-,-,2947.2000,2947.0000,2946.8000,2946.6000,2946.4000,2947.8000,2948.0000,2948.2000,2948.4000,2948.8000,1,7,2,17,2,10,2,1,1,2
SF,IH1912,2019-12-12 09:33:21.200,2947.6000,31469,0,981292860.000,1,0,1,多换,S,2947.2000,2947.0000,2946.8000,2946.6000,2946.4000,2947.8000,2948.0000,2948.2000,2948.4000,2948.8000,1,7,2,17,2,10,2,1,1,2
SF,IH1912,2019-12-12 09:33:21.700,2947.2000,31468,-1,982177020.000,1,0,1,双平,S,2947.0000,2946.8000,2946.6000,2946.4000,2946.2000,2947.2000,2947.4000,2947.6000,2947.8000,2948.0000,6,2,17,2,7,1,1,2,12,2
SF,IH1912,2019-12-12 09:33:22.200,2947.2000,31465,-3,984829500.000,3,0,3,双平,S,2947.2000,2947.0000,2946.8000,2946.6000,2946.4000,2947.8000,2948.0000,2948.2000,2948.4000,2948.8000,1,6,3,17,2,8,2,1,1,2
SF,IH1912,2019-12-12 09:33:22.700,2947.2000,31465,0,984829500.000,0,-,-,-,-,2947.2000,2947.0000,2946.8000,2946.6000,2946.4000,2947.8000,2948.0000,2948.2000,2948.4000,2948.8000,2,6,2,16,2,6,2,1,1,2
SF,IH1912,2019-12-12 09:33:23.200,2947.2000,31463,-2,986597820.000,2,0,2,双平,S,2947.2000,2947.0000,2946.8000,2946.6000,2946.4000,2947.8000,2948.0000,2948.2000,2948.4000,2948.8000,1,6,2,16,2,8,2,1,1,2
SF,IH1912,2019-12-12 09:33:23.700,2947.2000,31463,0,986597820.000,0,-,-,-,-,2947.2000,2947.0000,2946.8000,2946.6000,2946.4000,2947.6000,2947.8000,2948.0000,2948.2000,2948.4000,1,6,2,16,2,5,6,2,1,1
SF,IH1912,2019-12-12 09:33:24.200,2947.6000,31462,-1,987482100.000,1,0,1,双平,S,2947.4000,2947.2000,2947.0000,2946.8000,2946.6000,2947.6000,2947.8000,2948.0000,2948.2000,2948.4000,1,2,6,2,16,4,6,2,1,1
SF,IH1912,2019-12-12 09:33:24.700,2947.4000,31461,-1,989250600.000,2,0,2,多平,S,2947.2000,2947.0000,2946.8000,2946.6000,2946.4000,2947.6000,2947.8000,2948.0000,2948.2000,2948.4000,2,6,2,14,4,3,6,1,1,1
SF,IH1912,2019-12-12 09:33:25.200,2947.4000,31461,0,989250600.000,0,-,-,-,-,2947.2000,2947.0000,2946.8000,2946.6000,2946.4000,2947.4000,2947.6000,2947.8000,2948.0000,2948.2000,2,6,2,14,4,1,3,6,1,1
SF,IH1912,2019-12-12 09:33:25.700,2947.2000,31460,-1,990134760.000,1,0,1,双平,S,2947.2000,2947.0000,2946.8000,2946.6000,2946.4000,2947.4000,2947.8000,2948.0000,2948.2000,2948.4000,2,6,2,14,4,1,6,1,1,1
SF,IH1912,2019-12-12 09:33:26.200,2947.2000,31460,0,991018920.000,1,0,1,多换,S,2947.2000,2947.0000,2946.8000,2946.6000,2946.4000,2947.6000,2947.8000,2948.0000,2948.2000,2948.4000,1,6,2,14,4,1,6,2,1,1
SF,IH1912,2019-12-12 09:33:26.700,2947.2000,31460,0,991903080.000,1,0,1,多换,S,2947.0000,2946.8000,2946.6000,2946.4000,2946.2000,2947.6000,2947.8000,2948.0000,2948.2000,2948.4000,6,2,14,4,7,2,6,2,1,1
SF,IH1912,2019-12-12 09:33:27.200,2947.2000,31460,0,991903080.000,0,-,-,-,-,2947.0000,2946.8000,2946.6000,2946.4000,2946.2000,2947.6000,2947.8000,2948.0000,2948.2000,2948.4000,6,2,14,4,7,2,6,2,1,1
SF,IH1912,2019-12-12 09:33:27.700,2947.2000,31460,0,991903080.000,0,-,-,-,-,2947.0000,2946.8000,2946.6000,2946.4000,2946.2000,2947.6000,2947.8000,2948.0000,2948.2000,2948.4000,6,2,14,4,7,2,6,2,1,1
SF,IH1912,2019-12-12 09:33:28.200,2947.2000,31460,0,991903080.000,0,-,-,-,-,2947.0000,2946.8000,2946.6000,2946.4000,2946.2000,2947.6000,2947.8000,2948.0000,2948.4000,2948.8000,7,2,14,4,7,2,6,2,1,2
SF,IH1912,2019-12-12 09:33:28.700,2947.0000,31459,-1,992787180.000,1,0,1,双平,S,2947.0000,2946.8000,2946.6000,2946.4000,2946.2000,2947.6000,2947.8000,2948.0000,2948.4000,2948.8000,8,2,14,4,7,2,6,2,1,2
SF,IH1912,2019-12-12 09:33:29.200,2947.0000,31459,0,992787180.000,0,-,-,-,-,2947.0000,2946.8000,2946.6000,2946.4000,2946.2000,2947.6000,2947.8000,2948.0000,2948.4000,2948.8000,8,2,14,4,7,2,6,2,1,2
SF,IH1912,2019-12-12 09:33:29.700,2947.0000,31459,0,992787180.000,0,-,-,-,-,2947.0000,2946.8000,2946.6000,2946.4000,2946.2000,2947.6000,2947.8000,2948.0000,2948.4000,2948.8000,9,2,14,4,7,2,6,2,1,2
SF,IH1912,2019-12-12 09:33:30.200,2947.0000,31459,0,992787180.000,0,-,-,-,-,2947.0000,2946.8000,2946.6000,2946.4000,2946.2000,2947.6000,2947.8000,2948.0000,2948.4000,2948.8000,9,2,14,4,11,3,6,2,1,2
SF,IH1912,2019-12-12 09:33:30.700,2947.0000,31459,0,992787180.000,0,-,-,-,-,2947.0000,2946.8000,2946.6000,2946.4000,2946.2000,2947.4000,2947.6000,2947.8000,2948.0000,2948.4000,9,2,14,4,11,1,3,6,2,1
SF,IH1912,2019-12-12 09:33:31.200,2947.4000,31458,-1,993671400.000,1,0,1,双平,S,2947.0000,2946.8000,2946.6000,2946.4000,2946.2000,2947.4000,2947.6000,2947.8000,2948.0000,2948.4000,8,2,14,4,11,1,2,6,2,1
SF,IH1912,2019-12-12 09:33:32.200,2947.4000,31458,0,993671400.000,0,-,-,-,-,2947.2000,2947.0000,2946.8000,2946.6000,2946.4000,2947.4000,2947.6000,2947.8000,2948.0000,2948.4000,1,8,2,14,4,1,2,6,2,1
SF,IH1912,2019-12-12 09:33:32.700,2947.2000,31457,-1,994555560.000,1,0,1,双平,S,2947.0000,2946.8000,2946.6000,2946.4000,2946.2000,2947.4000,2947.6000,2947.8000,2948.0000,2948.4000,7,2,14,4,11,1,2,6,2,1
SF,IH1912,2019-12-12 09:33:33.200,2947.4000,31456,-1,995439780.000,1,0,1,双平,S,2947.0000,2946.8000,2946.6000,2946.4000,2946.2000,2947.6000,2947.8000,2948.0000,2948.4000,2948.8000,8,2,14,4,11,2,6,2,1,2
SF,IH1912,2019-12-12 09:33:33.700,2947.4000,31456,0,995439780.000,0,-,-,-,-,2947.4000,2947.0000,2946.8000,2946.6000,2946.4000,2947.6000,2947.8000,2948.0000,2948.4000,2948.8000,2,9,2,14,4,2,6,2,1,2
SF,IH1912,2019-12-12 09:33:34.200,2947.4000,31456,0,995439780.000,0,-,-,-,-,2947.0000,2946.8000,2946.6000,2946.4000,2946.2000,2947.6000,2947.8000,2948.0000,2948.4000,2948.8000,7,2,14,4,11,2,6,2,1,2
SF,IH1912,2019-12-12 09:33:34.700,2947.4000,31455,-1,996324000.000,1,0,1,双平,S,2947.4000,2947.2000,2947.0000,2946.8000,2946.6000,2947.6000,2947.8000,2948.0000,2948.4000,2948.8000,2,4,9,2,14,2,6,2,1,2
SF,IH1912,2019-12-12 09:33:35.200,2947.6000,31454,-1,998976840.000,3,1,2,多平,S,2947.4000,2947.2000,2947.0000,2946.8000,2946.6000,2947.8000,2948.0000,2948.4000,2948.8000,2949.0000,1,4,9,2,14,6,2,1,2,1
SF,IH1912,2019-12-12 09:33:35.700,2947.6000,31452,-2,1000745400.000,2,0,2,双平,S,2947.6000,2947.4000,2947.2000,2947.0000,2946.8000,2947.8000,2948.0000,2948.4000,2948.8000,2949.0000,1,1,4,9,2,3,2,1,2,1
SF,IH1912,2019-12-12 09:33:36.200,2947.6000,31452,0,1000745400.000,0,-,-,-,-,2947.6000,2947.4000,2947.0000,2946.8000,2946.6000,2947.8000,2948.0000,2948.4000,2948.8000,2949.0000,1,1,9,2,14,3,2,1,2,1
SF,IH1912,2019-12-12 09:33:36.700,2947.8000,31451,-1,1001629740.000,1,0,1,双平,S,2947.6000,2947.4000,2947.0000,2946.8000,2946.6000,2947.8000,2948.0000,2948.4000,2948.8000,2949.0000,1,1,8,2,14,2,2,1,2,1
SF,IH1912,2019-12-12 09:33:37.200,2947.8000,31451,0,1001629740.000,0,-,-,-,-,2947.6000,2947.4000,2947.0000,2946.8000,2946.6000,2947.8000,2948.0000,2948.4000,2948.8000,2949.0000,1,1,8,2,14,2,2,1,2,1
SF,IH1912,2019-12-12 09:33:37.700,2947.8000,31451,0,1001629740.000,0,-,-,-,-,2947.6000,2947.4000,2947.2000,2947.0000,2946.8000,2947.8000,2948.0000,2948.4000,2948.8000,2949.0000,1,1,1,9,2,2,2,1,2,1
SF,IH1912,2019-12-12 09:33:38.200,2947.8000,31451,0,1001629740.000,0,-,-,-,-,2947.6000,2947.4000,2947.2000,2947.0000,2946.8000,2947.8000,2948.0000,2948.4000,2948.8000,2949.0000,1,1,1,9,2,2,1,1,2,1
SF,IH1912,2019-12-12 09:33:39.200,2947.8000,31451,0,1001629740.000,0,-,-,-,-,2947.6000,2947.4000,2947.2000,2947.0000,2946.8000,2947.8000,2948.0000,2948.4000,2948.8000,2949.0000,1,1,1,9,2,2,1,1,2,1
SF,IH1912,2019-12-12 09:33:39.700,2947.8000,31451,0,1001629740.000,0,-,-,-,-,2947.6000,2947.4000,2947.2000,2947.0000,2946.8000,2947.8000,2948.0000,2948.4000,2948.8000,2949.0000,1,1,1,7,2,3,1,1,2,1
SF,IH1912,2019-12-12 09:33:40.200,2947.6000,31450,-1,1002514020.000,1,0,1,双平,S,2947.4000,2947.2000,2947.0000,2946.8000,2946.6000,2947.6000,2947.8000,2948.0000,2948.4000,2948.8000,1,1,7,2,14,1,3,1,1,2
SF,IH1912,2019-12-12 09:33:40.700,2947.8000,31448,-2,1004282640.000,2,0,2,双平,S,2947.6000,2947.4000,2947.2000,2947.0000,2946.8000,2947.8000,2948.0000,2948.4000,2948.8000,2949.0000,1,1,1,7,2,2,1,1,2,1
SF,IH1912,2019-12-12 09:33:41.200,2947.6000,31447,-1,1005166920.000,1,0,1,双平,S,2947.4000,2947.2000,2947.0000,2946.8000,2946.6000,2947.8000,2948.0000,2948.4000,2948.8000,2949.0000,1,1,7,2,14,2,1,1,2,1
SF,IH1912,2019-12-12 09:33:41.700,2947.6000,31447,0,1005166920.000,0,-,-,-,-,2947.4000,2947.2000,2947.0000,2946.8000,2946.6000,2947.8000,2948.0000,2948.4000,2948.8000,2949.0000,1,1,7,2,14,2,1,1,2,1
SF,IH1912,2019-12-12 09:33:42.200,2947.8000,31446,-1,1006935480.000,2,0,2,多平,S,2947.2000,2947.0000,2946.8000,2946.6000,2946.4000,2947.8000,2948.0000,2948.4000,2948.8000,2949.0000,1,7,2,14,4,1,1,1,2,1
SF,IH1912,2019-12-12 09:33:42.700,2947.8000,31446,0,1006935480.000,0,-,-,-,-,2947.2000,2947.0000,2946.8000,2946.6000,2946.4000,2947.8000,2948.0000,2948.8000,2949.0000,2949.2000,3,7,2,14,4,1,1,2,1,1
SF,IH1912,2019-12-12 09:33:43.200,2947.8000,31446,0,1006935480.000,0,-,-,-,-,2947.4000,2947.2000,2947.0000,2946.8000,2946.6000,2947.8000,2948.0000,2948.8000,2949.0000,2949.2000,1,2,7,2,14,1,1,2,1,1
SF,IH1912,2019-12-12 09:33:43.700,2947.4000,31445,-1,1007819700.000,1,0,1,双平,S,2947.2000,2947.0000,2946.8000,2946.6000,2946.4000,2947.8000,2948.0000,2948.8000,2949.0000,2949.2000,3,7,2,14,4,1,1,2,1,1
SF,IH1912,2019-12-12 09:33:44.200,2947.8000,31445,0,1008704040.000,1,0,1,多换,S,2947.4000,2947.2000,2947.0000,2946.8000,2946.6000,2948.0000,2948.8000,2949.0000,2949.2000,2949.6000,2,4,7,2,14,1,2,1,1,1
SF,IH1912,2019-12-12 09:33:44.700,2947.8000,31445,0,1008704040.000,0,-,-,-,-,2947.4000,2947.2000,2947.0000,2946.8000,2946.6000,2947.8000,2948.0000,2948.8000,2949.0000,2949.2000,4,4,7,3,14,1,1,2,1,1
SF,IH1912,2019-12-12 09:33:45.200,2947.4000,31440,-5,1013125380.000,5,0,5,双平,S,2947.4000,2947.2000,2947.0000,2946.8000,2946.6000,2948.0000,2948.8000,2949.0000,2949.2000,2949.6000,1,4,7,3,14,1,1,1,1,1
SF,IH1912,2019-12-12 09:33:45.700,2947.4000,31440,0,1014009600.000,1,0,1,多换,S,2947.6000,2947.4000,2947.2000,2947.0000,2946.8000,2947.8000,2948.0000,2948.8000,2949.0000,2949.2000,1,1,3,7,3,1,1,1,1,1
SF,IH1912,2019-12-12 09:33:46.200,2947.4000,31440,0,1014009600.000,0,-,-,-,-,2947.6000,2947.2000,2947.0000,2946.8000,2946.6000,2947.8000,2948.0000,2948.8000,2949.0000,2949.2000,2,2,7,3,14,1,1,1,1,1
SF,IH1912,2019-12-12 09:33:46.700,2947.6000,31439,-1,1015778160.000,2,0,2,多平,S,2947.2000,2947.0000,2946.8000,2946.6000,2946.4000,2947.6000,2947.8000,2948.0000,2948.8000,2949.0000,2,7,3,14,4,1,1,1,1,1
SF,IH1912,2019-12-12 09:33:47.200,2947.6000,31438,-1,1016662440.000,1,0,1,双平,S,2947.8000,2947.4000,2947.2000,2947.0000,2946.8000,2948.0000,2948.8000,2949.0000,2949.2000,2949.6000,1,1,2,7,3,1,1,1,1,1
SF,IH1912,2019-12-12 09:33:47.700,2947.8000,31437,-1,1017546780.000,1,0,1,双平,S,2947.4000,2947.2000,2947.0000,2946.8000,2946.6000,2947.6000,2947.8000,2948.0000,2948.8000,2949.0000,1,2,7,3,14,1,7,3,1,1
SF,IH1912,2019-12-12 09:33:48.200,2947.6000,31436,-1,1018431060.000,1,0,1,双平,S,2947.6000,2947.4000,2947.2000,2947.0000,2946.8000,2947.8000,2948.0000,2948.8000,2949.0000,2949.2000,8,1,2,7,3,7,1,1,1,1
SF,IH1912,2019-12-12 09:33:48.700,2947.6000,31436,0,1018431060.000,0,-,-,-,-,2947.4000,2947.2000,2947.0000,2946.8000,2946.6000,2947.8000,2948.0000,2948.8000,2949.0000,2949.2000,1,2,7,3,14,7,1,1,1,1
SF,IH1912,2019-12-12 09:33:49.200,2947.6000,31436,0,1018431060.000,0,-,-,-,-,2947.4000,2947.2000,2947.0000,2946.8000,2946.6000,2947.8000,2948.0000,2948.8000,2949.0000,2949.2000,1,1,6,3,14,8,1,1,1,1
SF,IH1912,2019-12-12 09:33:49.700,2947.0000,31434,-2,1021083540.000,3,0,3,多平,S,2947.0000,2946.8000,2946.6000,2946.4000,2946.2000,2947.2000,2947.8000,2948.0000,2948.8000,2949.0000,5,3,14,4,9,2,8,1,1,1
SF,IH1912,2019-12-12 09:33:50.200,2947.2000,31433,-1,1023736020.000,3,1,2,多平,S,2947.2000,2947.0000,2946.8000,2946.6000,2946.4000,2947.8000,2948.0000,2948.8000,2949.0000,2949.2000,1,6,3,14,4,8,1,1,1,1
SF,IH1912,2019-12-12 09:33:50.700,2947.2000,31433,0,1024620180.000,1,0,1,多换,S,2947.2000,2947.0000,2946.8000,2946.6000,2946.4000,2947.6000,2947.8000,2948.0000,2948.8000,2949.2000,2,6,3,14,4,2,8,1,1,1
SF,IH1912,2019-12-12 09:33:51.200,2947.2000,31433,0,1024620180.000,0,-,-,-,-,2947.4000,2947.0000,2946.8000,2946.6000,2946.4000,2947.6000,2947.8000,2948.0000,2948.8000,2949.2000,1,6,3,14,4,2,8,2,1,1
SF,IH1912,2019-12-12 09:33:51.700,2947.4000,31431,-2,1026388620.000,2,0,2,双平,S,2947.2000,2947.0000,2946.8000,2946.6000,2946.4000,2947.4000,2947.6000,2947.8000,2948.0000,2948.8000,1,6,3,14,4,13,2,8,2,1
SF,IH1912,2019-12-12 09:33:52.200,2947.0000,31429,-2,1028156880.000,2,0,2,双平,S,2947.0000,2946.8000,2946.6000,2946.4000,2946.2000,2947.2000,2947.4000,2947.8000,2948.0000,2948.8000,5,2,14,4,9,2,7,8,2,1
SF,IH1912,2019-12-12 09:33:52.700,2947.0000,31429,0,1028156880.000,0,-,-,-,-,2947.0000,2946.8000,2946.6000,2946.4000,2946.2000,2947.4000,2947.8000,2948.0000,2948.8000,2949.2000,6,2,13,4,9,6,7,2,1,1
SF,IH1912,2019-12-12 09:33:53.200,2947.0000,31429,0,1029040980.000,1,0,1,多换,S,2947.0000,2946.8000,2946.6000,2946.4000,2946.2000,2947.2000,2947.4000,2947.8000,2948.0000,2948.8000,6,2,13,4,9,2,6,6,1,1
SF,IH1912,2019-12-12 09:33:53.700,2947.0000,31424,-5,1034345580.000,6,0,6,多平,S,2947.0000,2946.8000,2946.6000,2946.4000,2946.2000,2947.2000,2947.4000,2947.8000,2948.0000,2948.8000,1,2,13,4,9,2,6,6,1,1
SF,IH1912,2019-12-12 09:33:54.200,2947.0000,31422,-2,1037881980.000,4,1,3,多平,S,2946.8000,2946.6000,2946.4000,2946.2000,2946.0000,2947.0000,2947.2000,2947.4000,2947.8000,2948.0000,2,13,4,9,5,1,3,6,6,1
SF,IH1912,2019-12-12 09:33:54.700,2947.2000,31420,-2,1040534340.000,3,0,3,多平,S,2946.8000,2946.6000,2946.4000,2946.2000,2946.0000,2947.2000,2947.4000,2947.8000,2948.0000,2948.8000,2,11,4,9,5,1,6,6,1,1
SF,IH1912,2019-12-12 09:33:55.200,2947.2000,31420,0,1042302600.000,2,1,1,多换,S,2946.8000,2946.6000,2946.4000,2946.2000,2946.0000,2947.4000,2947.8000,2948.0000,2948.2000,2949.2000,2,12,4,9,5,5,6,1,1,1
SF,IH1912,2019-12-12 09:33:55.700,2946.8000,31420,0,1043186640.000,1,0,1,多换,S,2946.8000,2946.6000,2946.4000,2946.2000,2946.0000,2947.4000,2947.8000,2948.0000,2948.2000,2949.2000,2,12,3,9,5,5,6,1,1,1
SF,IH1912,2019-12-12 09:33:56.200,2946.8000,31420,0,1043186640.000,0,-,-,-,-,2946.8000,2946.6000,2946.4000,2946.2000,2946.0000,2947.2000,2947.4000,2947.8000,2948.0000,2948.2000,2,12,3,9,5,2,5,6,1,1
SF,IH1912,2019-12-12 09:33:56.700,2946.8000,31419,-1,1044954720.000,2,0,2,多平,S,2946.6000,2946.4000,2946.2000,2946.0000,2945.8000,2946.8000,2947.2000,2947.4000,2947.8000,2948.0000,13,3,9,5,1,8,2,5,6,1
SF,IH1912,2019-12-12 09:33:57.200,2946.6000,31418,-1,1045838700.000,1,0,1,双平,S,2946.6000,2946.4000,2946.2000,2946.0000,2945.8000,2946.8000,2947.4000,2947.8000,2948.0000,2948.2000,12,3,8,4,1,8,5,6,1,1
SF,IH1912,2019-12-12 09:33:57.700,2946.6000,31417,-1,1046722680.000,1,0,1,双平,S,2946.6000,2946.4000,2946.2000,2946.0000,2945.8000,2946.8000,2947.4000,2947.8000,2948.0000,2948.2000,11,3,8,3,1,8,5,6,1,1
SF,IH1912,2019-12-12 09:33:58.200,2946.6000,31417,0,1046722680.000,0,-,-,-,-,2946.6000,2946.4000,2946.2000,2946.0000,2945.8000,2946.8000,2947.4000,2947.8000,2948.0000,2948.2000,11,3,8,3,1,8,6,6,1,1
SF,IH1912,2019-12-12 09:33:58.700,2946.6000,31415,-2,1049374740.000,3,0,3,多平,S,2946.6000,2946.4000,2946.2000,2946.0000,2945.8000,2946.8000,2947.4000,2947.8000,2948.0000,2948.2000,10,3,8,3,1,6,4,6,1,1
SF,IH1912,2019-12-12 09:33:59.200,2946.8000,31408,-7,1055563020.000,7,0,7,双平,S,2946.8000,2946.6000,2946.4000,2946.2000,2946.0000,2947.4000,2947.8000,2948.0000,2948.2000,2949.2000,4,10,3,8,3,4,6,1,1,1
SF,IH1912,2019-12-12 09:33:59.700,2946.8000,31407,-1,1056447060.000,1,0,1,双平,S,2946.6000,2946.4000,2946.2000,2946.0000,2945.6000,2947.0000,2947.4000,2947.8000,2948.0000,2948.2000,10,3,8,3,2,2,4,6,1,1
SF,IH1912,2019-12-12 09:34:00.200,2946.8000,31407,0,1056447060.000,0,-,-,-,-,2946.6000,2946.4000,2946.2000,2946.0000,2945.6000,2947.0000,2947.4000,2947.8000,2948.0000,2948.2000,10,3,8,3,2,1,4,6,1,1
SF,IH1912,2019-12-12 09:34:00.700,2946.6000,31404,-3,1059983160.000,4,0,4,多平,S,2946.6000,2946.4000,2946.2000,2946.0000,2945.6000,2947.0000,2947.4000,2947.8000,2948.0000,2948.2000,8,3,8,3,2,12,4,6,1,1
SF,IH1912,2019-12-12 09:34:01.200,2946.6000,31402,-2,1068823620.000,10,4,6,多平,S,2946.6000,2946.4000,2946.2000,2946.0000,2945.6000,2946.8000,2947.0000,2947.4000,2947.8000,2948.0000,5,3,8,3,2,1,7,4,6,1
SF,IH1912,2019-12-12 09:34:01.700,2946.6000,31399,-3,1071475560.000,3,0,3,双平,S,2946.6000,2946.4000,2946.2000,2946.0000,2945.6000,2946.8000,2947.0000,2947.4000,2947.8000,2948.0000,1,3,8,3,1,1,7,3,6,1
SF,IH1912,2019-12-12 09:34:02.200,2947.0000,31397,-2,1074127680.000,3,0,3,多平,S,2946.6000,2946.4000,2946.2000,2946.0000,2945.6000,2947.0000,2947.4000,2947.8000,2948.0000,2948.2000,1,3,8,3,1,6,3,6,1,1
SF,IH1912,2019-12-12 09:34:02.700,2947.0000,31397,0,1074127680.000,0,-,-,-,-,2946.8000,2946.6000,2946.4000,2946.2000,2946.0000,2947.0000,2947.4000,2947.8000,2948.0000,2948.2000,1,1,3,8,3,6,4,6,1,1
SF,IH1912,2019-12-12 09:34:03.200,2947.0000,31388,-9,1084737000.000,12,1,11,多平,S,2946.4000,2946.2000,2946.0000,2945.6000,2945.4000,2947.4000,2947.8000,2948.0000,2948.2000,2949.2000,2,8,3,2,4,3,6,1,1,1
SF,IH1912,2019-12-12 09:34:03.700,2947.0000,31388,0,1084737000.000,0,-,-,-,-,2947.0000,2946.6000,2946.4000,2946.2000,2946.0000,2947.4000,2947.8000,2948.0000,2948.2000,2949.2000,2,5,12,10,3,2,6,1,1,1
SF,IH1912,2019-12-12 09:34:04.200,2947.0000,31388,0,1084737000.000,0,-,-,-,-,2947.2000,2946.6000,2946.4000,2946.2000,2946.0000,2947.4000,2947.8000,2948.0000,2948.2000,2949.2000,1,5,9,10,3,2,6,1,1,1
SF,IH1912,2019-12-12 09:34:04.700,2947.4000,31384,-4,1088273700.000,4,0,4,双平,S,2946.8000,2946.6000,2946.4000,2946.2000,2946.0000,2947.4000,2947.6000,2947.8000,2948.0000,2948.2000,1,2,8,10,3,1,1,6,1,1
SF,IH1912,2019-12-12 09:34:05.200,2947.4000,31384,0,1088273700.000,0,-,-,-,-,2946.8000,2946.6000,2946.4000,2946.2000,2946.0000,2947.4000,2947.6000,2947.8000,2948.0000,2948.2000,1,2,8,10,3,1,1,6,2,1
SF,IH1912,2019-12-12 09:34:05.700,2947.4000,31384,0,1088273700.000,0,-,-,-,-,2947.0000,2946.8000,2946.6000,2946.4000,2946.2000,2947.4000,2947.6000,2947.8000,2948.0000,2948.2000,1,1,2,8,10,1,1,6,2,1
SF,IH1912,2019-12-12 09:34:06.200,2947.0000,31383,-1,1089157800.000,1,0,1,双平,S,2946.8000,2946.6000,2946.4000,2946.2000,2946.0000,2947.4000,2947.6000,2947.8000,2948.0000,2948.2000,1,2,6,10,3,1,1,6,2,1
SF,IH1912,2019-12-12 09:34:07.700,2947.0000,31383,0,1089157800.000,0,-,-,-,-,2946.8000,2946.6000,2946.4000,2946.2000,2946.0000,2947.4000,2947.6000,2947.8000,2948.0000,2948.2000,1,3,6,10,3,1,1,6,2,1
SF,IH1912,2019-12-12 09:34:08.200,2947.0000,31383,0,1089157800.000,0,-,-,-,-,2947.0000,2946.8000,2946.6000,2946.4000,2946.2000,2947.4000,2947.6000,2947.8000,2948.0000,2948.2000,1,5,3,6,10,1,1,6,2,1
SF,IH1912,2019-12-12 09:34:08.700,2947.0000,31383,0,1089157800.000,0,-,-,-,-,2947.0000,2946.8000,2946.6000,2946.4000,2946.2000,2947.4000,2947.6000,2947.8000,2948.0000,2948.2000,1,6,3,7,10,2,1,6,2,1
SF,IH1912,2019-12-12 09:34:09.200,2947.0000,31383,0,1089157800.000,0,-,-,-,-,2947.0000,2946.8000,2946.6000,2946.4000,2946.2000,2947.4000,2947.6000,2947.8000,2948.0000,2948.2000,1,7,3,7,10,2,1,6,2,1
SF,IH1912,2019-12-12 09:34:09.700,2947.0000,31383,0,1089157800.000,0,-,-,-,-,2947.2000,2947.0000,2946.8000,2946.6000,2946.4000,2947.4000,2947.6000,2947.8000,2948.0000,2948.2000,1,1,10,3,6,2,1,6,2,1
SF,IH1912,2019-12-12 09:34:10.700,2947.4000,31383,0,1090042020.000,1,0,1,多换,S,2947.2000,2946.8000,2946.6000,2946.4000,2946.2000,2947.4000,2947.6000,2947.8000,2948.0000,2948.2000,1,10,3,6,10,1,1,6,2,1
SF,IH1912,2019-12-12 09:34:11.200,2947.2000,31381,-2,1091810340.000,2,0,2,双平,S,2946.8000,2946.6000,2946.4000,2946.2000,2946.0000,2947.2000,2947.4000,2947.6000,2947.8000,2948.0000,9,3,6,10,4,1,1,1,6,2
SF,IH1912,2019-12-12 09:34:11.700,2947.2000,31381,0,1091810340.000,0,-,-,-,-,2946.8000,2946.6000,2946.4000,2946.2000,2946.0000,2947.2000,2947.4000,2947.6000,2947.8000,2948.0000,9,3,5,10,4,1,1,1,6,2
SF,IH1912,2019-12-12 09:34:12.200,2947.2000,31381,0,1091810340.000,0,-,-,-,-,2946.8000,2946.6000,2946.4000,2946.2000,2946.0000,2947.2000,2947.4000,2947.6000,2947.8000,2948.0000,9,3,5,10,4,1,1,1,6,2
SF,IH1912,2019-12-12 09:34:12.700,2947.2000,31381,0,1091810340.000,0,-,-,-,-,2946.8000,2946.6000,2946.4000,2946.2000,2946.0000,2947.0000,2947.2000,2947.4000,2947.6000,2947.8000,10,3,5,10,4,2,1,1,1,6
SF,IH1912,2019-12-12 09:34:13.200,2947.2000,31381,0,1091810340.000,0,-,-,-,-,2946.8000,2946.6000,2946.4000,2946.2000,2946.0000,2947.2000,2947.4000,2947.6000,2947.8000,2948.0000,10,3,5,10,4,1,1,1,6,2
SF,IH1912,2019-12-12 09:34:13.700,2947.2000,31381,0,1091810340.000,0,-,-,-,-,2946.8000,2946.6000,2946.4000,2946.2000,2946.0000,2947.2000,2947.4000,2947.6000,2947.8000,2948.0000,11,3,5,10,4,1,1,1,6,2
SF,IH1912,2019-12-12 09:34:14.700,2947.2000,31381,0,1091810340.000,0,-,-,-,-,2947.0000,2946.8000,2946.6000,2946.4000,2946.2000,2947.2000,2947.4000,2947.6000,2947.8000,2948.0000,1,11,3,5,10,1,1,1,6,2
SF,IH1912,2019-12-12 09:34:15.200,2947.0000,31380,-1,1092694440.000,1,0,1,双平,S,2947.0000,2946.8000,2946.6000,2946.4000,2946.2000,2947.2000,2947.4000,2947.6000,2947.8000,2948.0000,1,11,3,5,10,1,1,1,6,2
SF,IH1912,2019-12-12 09:34:15.700,2947.0000,31380,0,1092694440.000,0,-,-,-,-,2947.0000,2946.8000,2946.6000,2946.4000,2946.2000,2947.2000,2947.4000,2947.6000,2947.8000,2948.0000,2,11,3,5,10,1,1,1,6,2
SF,IH1912,2019-12-12 09:34:16.200,2947.0000,31379,-1,1093578540.000,1,0,1,双平,S,2947.0000,2946.8000,2946.6000,2946.4000,2946.2000,2947.2000,2947.4000,2947.6000,2947.8000,2948.0000,1,11,3,5,10,1,1,1,6,2
SF,IH1912,2019-12-12 09:34:16.700,2947.0000,31378,-1,1095346800.000,2,0,2,多平,S,2946.8000,2946.6000,2946.4000,2946.2000,2946.0000,2947.4000,2947.6000,2947.8000,2948.0000,2948.2000,11,3,5,9,4,1,1,6,2,1
SF,IH1912,2019-12-12 09:34:17.700,2947.0000,31378,0,1095346800.000,0,-,-,-,-,2947.2000,2947.0000,2946.8000,2946.6000,2946.4000,2947.4000,2947.6000,2947.8000,2948.0000,2948.2000,1,1,11,3,5,1,1,6,2,1
