市场代码,合约代码,时间,最新,持仓,增仓,成交额,成交量,开仓,平仓,成交类型,方向,买一价,买二价,买三价,买四价,买五价,卖一价,卖二价,卖三价,卖四价,卖五价,买一量,买二量,买三量,买四量,买五量,卖一量,卖二量,卖三量,卖四量,卖五量
SF,IH1911,2019-11-14 09:29:00.000,2975.0000,17755,0,145477500.000,163.000,-,-,-,-,2973.6000,2973.0000,2972.4000,2972.2000,2972.0000,2975.0000,2975.2000,2975.4000,2975.8000,2976.0000,3,1,1,1,4,6,2,1,3,1
SF,IH1911,2019-11-14 09:30:00.500,2974.6000,17741,-14,159757440.000,16,1,15,多平,S,2974.6000,2973.8000,2973.6000,2973.0000,2972.6000,2975.0000,2975.4000,2975.8000,2976.0000,2976.4000,4,3,3,2,1,14,1,3,3,1
SF,IH1911,2019-11-14 09:30:01.000,2974.6000,17719,-22,183852540.000,27,2,25,多平,S,2973.0000,2972.8000,2972.6000,2972.4000,2972.0000,2974.6000,2975.0000,2975.4000,2975.8000,2976.0000,2,2,1,1,3,5,9,1,3,3
SF,IH1911,2019-11-14 09:30:01.500,2973.6000,17708,-11,197237040.000,15,2,13,多平,S,2973.6000,2973.2000,2973.0000,2972.8000,2972.6000,2974.6000,2974.8000,2975.0000,2975.4000,2975.8000,1,12,7,2,2,1,2,10,1,3
SF,IH1911,2019-11-14 09:30:02.000,2973.6000,17695,-13,210620400.000,15,1,14,多平,S,2973.2000,2973.0000,2972.8000,2972.6000,2972.4000,2974.0000,2974.6000,2975.0000,2975.4000,2975.8000,7,5,5,1,1,1,1,7,1,3
SF,IH1911,2019-11-14 09:30:02.500,2974.4000,17692,-3,213297240.000,3,0,3,双平,S,2974.2000,2974.0000,2973.8000,2973.6000,2973.4000,2974.6000,2975.0000,2975.4000,2975.8000,2976.0000,2,1,1,1,3,1,7,1,3,1
SF,IH1911,2019-11-14 09:30:03.000,2974.6000,17691,-1,214189620.000,1,0,1,双平,S,2974.8000,2974.6000,2974.4000,2974.2000,2974.0000,2975.0000,2975.4000,2975.8000,2976.0000,2976.4000,3,4,4,13,2,7,1,3,1,1
SF,IH1911,2019-11-14 09:30:03.500,2975.2000,17683,-8,223114680.000,10,1,9,多平,S,2975.0000,2974.8000,2974.6000,2974.0000,2973.6000,2975.8000,2976.0000,2976.4000,2976.6000,2977.0000,22,1,2,3,1,3,1,1,1,2
SF,IH1911,2019-11-14 09:30:04.000,2976.6000,17674,-9,232042440.000,10,0,10,多平,S,2975.4000,2975.2000,2975.0000,2974.8000,2974.6000,2977.0000,2977.2000,2977.8000,2978.0000,2978.8000,1,4,23,1,2,2,1,1,3,2
SF,IH1911,2019-11-14 09:30:04.500,2975.6000,17672,-2,235614000.000,4,1,3,多平,S,2975.6000,2975.4000,2975.2000,2975.0000,2974.6000,2976.8000,2977.0000,2977.2000,2977.8000,2978.0000,25,1,4,3,2,6,4,1,1,3
SF,IH1911,2019-11-14 09:30:05.000,2976.8000,17669,-3,239185800.000,4,0,4,多平,S,2976.0000,2975.8000,2975.6000,2975.2000,2975.0000,2976.8000,2977.0000,2977.2000,2977.8000,2978.0000,6,1,30,4,3,3,3,1,1,1
SF,IH1911,2019-11-14 09:30:05.500,2976.2000,17645,-24,261509520.000,25,0,25,多平,S,2976.2000,2976.0000,2975.6000,2975.2000,2975.0000,2977.0000,2977.2000,2977.8000,2978.0000,2978.8000,13,2,5,4,4,2,1,1,2,2
SF,IH1911,2019-11-14 09:30:06.000,2976.8000,17643,-2,263295420.000,2,0,2,双平,S,2976.4000,2976.2000,2976.0000,2975.6000,2975.2000,2977.0000,2977.2000,2977.8000,2978.0000,2978.8000,3,14,2,1,3,1,1,1,2,2
SF,IH1911,2019-11-14 09:30:06.500,2977.8000,17641,-2,265975020.000,3,0,3,多平,S,2976.6000,2976.4000,2976.2000,2976.0000,2975.6000,2978.0000,2978.8000,2979.0000,2979.6000,2980.0000,11,3,1,2,1,2,2,3,1,1
SF,IH1911,2019-11-14 09:30:07.000,2978.0000,17637,-4,271334940.000,6,1,5,多平,S,2977.0000,2976.8000,2976.6000,2976.2000,2976.0000,2978.0000,2978.6000,2978.8000,2979.0000,2979.6000,1,3,12,2,1,4,13,2,3,1
SF,IH1911,2019-11-14 09:30:07.500,2977.2000,17632,-5,275801100.000,5,0,5,双平,S,2977.2000,2977.0000,2976.8000,2976.6000,2976.2000,2977.8000,2978.0000,2978.6000,2978.8000,2979.0000,10,1,1,2,2,4,4,13,2,3
SF,IH1911,2019-11-14 09:30:08.000,2977.8000,17624,-8,285626160.000,11,1,10,多平,S,2977.2000,2977.0000,2976.8000,2976.6000,2976.0000,2977.8000,2978.0000,2978.8000,2979.0000,2979.6000,1,2,1,3,1,4,3,2,3,1
SF,IH1911,2019-11-14 09:30:08.500,2977.2000,17623,-1,286519320.000,1,0,1,双平,S,2977.2000,2977.0000,2976.8000,2976.6000,2976.0000,2977.6000,2977.8000,2978.0000,2978.8000,2979.0000,1,2,1,3,1,2,4,3,2,3
SF,IH1911,2019-11-14 09:30:09.000,2977.2000,17623,0,288305640.000,2,1,1,多换,S,2977.0000,2976.8000,2976.6000,2976.0000,2975.2000,2977.2000,2977.4000,2977.6000,2977.8000,2978.0000,2,1,2,1,4,4,3,2,2,3
SF,IH1911,2019-11-14 09:30:09.500,2977.0000,17620,-3,291878040.000,4,0,4,多平,S,2976.6000,2976.0000,2975.2000,2975.0000,2974.6000,2977.0000,2977.2000,2977.4000,2977.8000,2978.0000,2,1,4,3,2,1,3,1,1,3
SF,IH1911,2019-11-14 09:30:10.000,2977.0000,17618,-2,293664240.000,2,0,2,双平,S,2976.8000,2976.6000,2976.0000,2975.2000,2975.0000,2977.2000,2977.4000,2977.8000,2978.0000,2978.8000,2,2,1,4,3,3,1,1,3,2
SF,IH1911,2019-11-14 09:30:10.500,2977.0000,17615,-3,296343600.000,3,0,3,双平,S,2976.8000,2976.6000,2976.0000,2975.2000,2975.0000,2977.2000,2977.8000,2978.0000,2978.8000,2979.0000,2,2,1,4,3,13,1,3,2,3
SF,IH1911,2019-11-14 09:30:11.000,2977.2000,17614,-1,297236760.000,1,0,1,双平,S,2976.8000,2976.6000,2976.0000,2975.2000,2975.0000,2977.2000,2977.4000,2977.8000,2978.0000,2978.8000,2,2,1,4,3,13,1,1,3,2
SF,IH1911,2019-11-14 09:30:11.500,2976.8000,17614,0,298129800.000,1,0,1,多换,S,2977.0000,2976.8000,2976.6000,2976.0000,2975.2000,2977.2000,2977.4000,2977.8000,2978.0000,2978.8000,1,1,2,1,4,14,1,1,3,3
SF,IH1911,2019-11-14 09:30:12.000,2976.8000,17611,-3,302595360.000,5,1,4,多平,S,2976.6000,2976.0000,2975.8000,2975.2000,2975.0000,2977.2000,2977.4000,2977.8000,2978.0000,2978.8000,5,1,1,3,3,12,2,1,3,3
SF,IH1911,2019-11-14 09:30:12.500,2977.2000,17609,-2,304381680.000,2,0,2,双平,S,2976.8000,2976.6000,2975.8000,2975.2000,2975.0000,2977.2000,2977.4000,2977.8000,2978.0000,2978.8000,1,4,1,3,3,10,2,1,3,3
SF,IH1911,2019-11-14 09:30:13.000,2977.2000,17609,0,305274840.000,1,0,1,多换,S,2976.8000,2976.6000,2976.4000,2975.8000,2975.2000,2977.2000,2977.4000,2977.8000,2978.0000,2978.8000,1,4,1,1,3,11,2,1,4,3
SF,IH1911,2019-11-14 09:30:13.500,2977.0000,17609,0,306167940.000,1,0,1,多换,S,2977.0000,2976.8000,2976.6000,2976.4000,2975.8000,2977.2000,2977.4000,2977.8000,2978.0000,2978.8000,1,1,4,1,1,11,2,1,4,3
SF,IH1911,2019-11-14 09:30:14.000,2976.8000,17608,-1,308847240.000,3,1,2,多平,S,2976.6000,2976.4000,2975.8000,2975.2000,2975.0000,2977.0000,2977.2000,2977.4000,2977.8000,2978.0000,4,1,1,3,3,2,10,2,1,4
SF,IH1911,2019-11-14 09:30:14.500,2976.6000,17605,-3,311526180.000,3,0,3,双平,S,2976.4000,2975.8000,2975.2000,2975.0000,2974.6000,2976.8000,2977.0000,2977.2000,2977.4000,2977.8000,1,1,3,3,2,1,2,10,2,1
SF,IH1911,2019-11-14 09:30:15.000,2975.2000,17604,-1,314204400.000,3,1,2,多平,S,2975.2000,2975.0000,2974.6000,2974.0000,2973.6000,2976.4000,2976.8000,2977.0000,2977.2000,2977.4000,2,3,2,1,1,1,2,2,10,2
SF,IH1911,2019-11-14 09:30:15.500,2975.2000,17603,-1,315096960.000,1,0,1,双平,S,2975.4000,2975.2000,2975.0000,2974.6000,2974.0000,2976.2000,2976.4000,2976.6000,2977.0000,2977.2000,13,5,3,2,1,2,2,1,2,10
SF,IH1911,2019-11-14 09:30:16.000,2975.2000,17602,-1,315989520.000,1,0,1,双平,S,2975.4000,2975.2000,2975.0000,2974.6000,2974.0000,2976.0000,2976.2000,2976.4000,2976.6000,2977.0000,5,4,3,2,1,1,1,2,1,2
SF,IH1911,2019-11-14 09:30:16.500,2975.4000,17600,-2,317774760.000,2,0,2,双平,S,2975.2000,2975.0000,2974.6000,2974.0000,2973.6000,2976.0000,2976.2000,2976.4000,2976.6000,2977.0000,3,3,2,1,1,2,1,2,1,2
SF,IH1911,2019-11-14 09:30:17.000,2975.4000,17600,0,317774760.000,0,-,-,-,-,2975.2000,2975.0000,2974.6000,2974.0000,2973.6000,2975.8000,2976.0000,2976.4000,2976.6000,2977.0000,2,3,2,1,1,1,3,1,1,2
SF,IH1911,2019-11-14 09:30:17.500,2975.2000,17599,-1,320452440.000,3,1,2,多平,S,2975.0000,2974.6000,2974.0000,2973.6000,2973.0000,2975.8000,2976.0000,2976.4000,2976.6000,2977.0000,3,2,1,1,1,1,2,1,1,3
SF,IH1911,2019-11-14 09:30:18.000,2975.0000,17596,-3,323129940.000,3,0,3,双平,S,2974.6000,2974.0000,2973.6000,2973.0000,2972.8000,2975.6000,2975.8000,2976.0000,2976.4000,2976.6000,2,1,1,1,2,1,2,1,1,1
SF,IH1911,2019-11-14 09:30:18.500,2975.4000,17593,-3,325807620.000,3,0,3,双平,S,2974.8000,2974.6000,2974.4000,2974.0000,2973.6000,2975.2000,2975.4000,2975.6000,2976.0000,2976.4000,3,2,2,1,1,1,1,3,1,1
SF,IH1911,2019-11-14 09:30:19.000,2974.8000,17591,-2,327592500.000,2,0,2,双平,S,2974.6000,2974.4000,2974.0000,2973.6000,2973.0000,2975.0000,2975.2000,2975.6000,2976.0000,2976.4000,3,2,1,1,1,1,1,2,1,2
SF,IH1911,2019-11-14 09:30:19.500,2975.0000,17590,-1,328485000.000,1,0,1,双平,S,2975.0000,2974.8000,2974.6000,2974.4000,2974.0000,2975.2000,2975.6000,2976.4000,2976.6000,2977.0000,4,2,3,2,1,1,2,2,2,4
SF,IH1911,2019-11-14 09:30:20.000,2975.6000,17586,-4,332055600.000,4,0,4,双平,S,2975.8000,2974.6000,2974.4000,2974.0000,2973.6000,2976.4000,2976.6000,2977.0000,2977.2000,2977.4000,1,4,2,1,1,2,2,4,9,2
SF,IH1911,2019-11-14 09:30:20.500,2975.8000,17583,-3,334733820.000,3,0,3,双平,S,2974.8000,2974.6000,2974.4000,2974.0000,2973.6000,2975.8000,2976.2000,2976.4000,2976.6000,2977.0000,13,4,2,1,1,2,2,2,2,4
SF,IH1911,2019-11-14 09:30:21.000,2975.8000,17583,0,334733820.000,0,-,-,-,-,2975.0000,2974.6000,2974.4000,2974.0000,2973.6000,2975.2000,2975.8000,2976.2000,2976.4000,2976.6000,1,4,2,1,1,1,2,2,2,1
SF,IH1911,2019-11-14 09:30:21.500,2975.8000,17583,0,334733820.000,0,-,-,-,-,2974.8000,2974.6000,2974.4000,2974.0000,2973.6000,2975.0000,2975.2000,2975.8000,2976.4000,2976.6000,3,4,2,1,1,1,1,4,2,1
SF,IH1911,2019-11-14 09:30:22.000,2975.0000,17580,-3,337411380.000,3,0,3,双平,S,2975.6000,2974.8000,2974.6000,2974.4000,2974.0000,2975.8000,2976.4000,2976.6000,2976.8000,2977.0000,2,3,6,2,1,4,2,1,17,4
SF,IH1911,2019-11-14 09:30:22.500,2975.6000,17577,-3,340089420.000,3,0,3,双平,S,2974.8000,2974.6000,2974.4000,2974.0000,2973.6000,2975.4000,2975.6000,2975.8000,2976.4000,2976.6000,3,6,2,1,1,2,1,4,2,1
SF,IH1911,2019-11-14 09:30:23.000,2975.6000,17577,0,340089420.000,0,-,-,-,-,2975.0000,2974.8000,2974.6000,2974.4000,2974.0000,2975.4000,2975.6000,2975.8000,2976.4000,2976.6000,1,3,6,2,1,3,2,4,2,1
SF,IH1911,2019-11-14 09:30:23.500,2975.0000,17575,-2,341874540.000,2,0,2,双平,S,2974.8000,2974.6000,2974.4000,2974.0000,2973.6000,2975.4000,2975.6000,2975.8000,2976.4000,2976.6000,3,6,2,1,1,2,2,4,3,1
SF,IH1911,2019-11-14 09:30:24.000,2975.0000,17575,0,341874540.000,0,-,-,-,-,2974.8000,2974.6000,2974.4000,2973.6000,2973.0000,2975.4000,2975.6000,2975.8000,2976.4000,2976.6000,3,6,2,1,1,2,2,4,3,1
SF,IH1911,2019-11-14 09:30:24.500,2974.8000,17569,-6,347229660.000,6,0,6,双平,S,2974.6000,2974.4000,2973.6000,2973.0000,2972.8000,2974.8000,2975.6000,2975.8000,2976.4000,2976.6000,7,2,1,1,2,9,1,4,2,1
SF,IH1911,2019-11-14 09:30:25.000,2975.6000,17559,-10,356154300.000,10,0,10,双平,S,2975.0000,2974.8000,2974.6000,2974.4000,2973.6000,2975.8000,2976.4000,2976.6000,2976.8000,2977.0000,1,2,7,2,1,4,2,1,17,3
SF,IH1911,2019-11-14 09:30:25.500,2974.8000,17555,-4,360617280.000,5,0,5,多平,S,2974.8000,2974.6000,2974.4000,2973.6000,2973.0000,2975.6000,2975.8000,2976.4000,2976.6000,2976.8000,1,7,2,1,1,1,4,2,1,17
SF,IH1911,2019-11-14 09:30:26.000,2975.6000,17552,-3,363294960.000,3,0,3,双平,S,2974.8000,2974.6000,2974.4000,2973.6000,2973.0000,2975.6000,2975.8000,2976.4000,2976.6000,2976.8000,1,7,2,1,1,1,5,2,1,17
SF,IH1911,2019-11-14 09:30:26.500,2975.0000,17550,-2,365080140.000,2,0,2,双平,S,2975.0000,2974.8000,2974.6000,2974.4000,2973.6000,2975.8000,2976.4000,2976.6000,2976.8000,2977.0000,1,1,7,2,1,6,2,1,17,3
SF,IH1911,2019-11-14 09:30:27.000,2975.0000,17550,0,365080140.000,0,-,-,-,-,2975.2000,2975.0000,2974.8000,2974.6000,2974.4000,2975.8000,2976.4000,2976.6000,2976.8000,2977.0000,1,2,1,7,2,6,2,1,17,3
SF,IH1911,2019-11-14 09:30:27.500,2975.0000,17550,0,365080140.000,0,-,-,-,-,2975.2000,2975.0000,2974.8000,2974.6000,2974.4000,2975.8000,2976.4000,2976.6000,2976.8000,2977.0000,1,1,1,7,2,6,2,1,17,3
SF,IH1911,2019-11-14 09:30:28.000,2975.0000,17545,-5,370435980.000,6,0,6,多平,S,2974.6000,2974.4000,2973.6000,2973.0000,2972.8000,2975.8000,2976.4000,2976.6000,2976.8000,2977.0000,7,2,1,1,2,3,2,1,17,3
SF,IH1911,2019-11-14 09:30:28.500,2974.8000,17544,-1,372220860.000,2,0,2,多平,S,2974.8000,2974.6000,2974.4000,2973.6000,2973.0000,2975.2000,2975.8000,2976.4000,2976.6000,2976.8000,2,7,2,1,1,1,3,2,1,17
SF,IH1911,2019-11-14 09:30:29.000,2974.8000,17544,0,372220860.000,0,-,-,-,-,2974.8000,2974.6000,2974.4000,2973.6000,2973.0000,2975.2000,2975.8000,2976.4000,2976.6000,2976.8000,1,7,2,1,1,1,3,2,1,17
SF,IH1911,2019-11-14 09:30:29.500,2975.6000,17542,-2,374898660.000,3,0,3,多平,S,2974.6000,2974.4000,2973.6000,2973.0000,2972.8000,2975.6000,2975.8000,2976.4000,2976.6000,2976.8000,8,2,1,1,2,2,3,2,1,17
SF,IH1911,2019-11-14 09:30:30.000,2974.8000,17540,-2,376683540.000,2,0,2,双平,S,2975.0000,2974.6000,2974.4000,2973.6000,2973.0000,2975.4000,2975.6000,2975.8000,2976.4000,2976.6000,1,8,2,1,1,2,4,3,2,1
SF,IH1911,2019-11-14 09:30:30.500,2975.4000,17535,-5,381146400.000,5,0,5,双平,S,2975.0000,2974.6000,2974.4000,2974.2000,2973.6000,2975.6000,2975.8000,2976.4000,2976.6000,2976.8000,1,6,2,1,1,2,3,2,1,17
SF,IH1911,2019-11-14 09:30:31.000,2975.0000,17534,-1,382038900.000,1,0,1,双平,S,2975.2000,2975.0000,2974.6000,2974.4000,2974.2000,2975.6000,2975.8000,2976.4000,2976.6000,2976.8000,1,2,6,2,3,4,4,2,1,17
SF,IH1911,2019-11-14 09:30:31.500,2974.6000,17530,-4,385608840.000,4,0,4,双平,S,2974.6000,2974.4000,2974.2000,2973.6000,2973.0000,2975.0000,2975.6000,2975.8000,2976.4000,2976.6000,5,2,3,1,1,1,4,4,2,1
SF,IH1911,2019-11-14 09:30:32.000,2974.6000,17530,0,385608840.000,0,-,-,-,-,2975.0000,2974.8000,2974.6000,2974.4000,2974.2000,2975.2000,2975.6000,2975.8000,2976.4000,2976.6000,2,1,3,4,3,1,2,4,2,1
SF,IH1911,2019-11-14 09:30:32.500,2975.0000,17529,-1,386501340.000,1,0,1,双平,S,2975.0000,2974.6000,2974.4000,2974.2000,2973.6000,2975.2000,2975.6000,2975.8000,2976.0000,2976.4000,2,3,4,3,1,3,3,4,1,2
SF,IH1911,2019-11-14 09:30:33.000,2975.0000,17527,-2,388286340.000,2,0,2,双平,S,2974.6000,2974.4000,2974.2000,2973.6000,2973.0000,2975.0000,2975.2000,2975.6000,2975.8000,2976.0000,3,4,3,1,1,4,3,3,5,1
SF,IH1911,2019-11-14 09:30:33.500,2975.2000,17515,-12,399887580.000,13,0,13,多平,S,2974.2000,2973.6000,2973.0000,2972.8000,2972.6000,2975.6000,2975.8000,2976.0000,2976.4000,2976.6000,4,1,1,2,1,3,5,1,2,1
SF,IH1911,2019-11-14 09:30:34.000,2975.2000,17515,0,399887580.000,0,-,-,-,-,2974.6000,2974.2000,2973.8000,2973.6000,2973.2000,2974.8000,2975.4000,2975.6000,2975.8000,2976.0000,1,4,1,1,1,1,4,7,5,3
SF,IH1911,2019-11-14 09:30:34.500,2974.6000,17514,-1,400779960.000,1,0,1,双平,S,2974.2000,2973.6000,2973.0000,2972.8000,2972.6000,2974.6000,2974.8000,2975.2000,2975.4000,2975.6000,2,1,1,2,1,1,1,1,1,4
SF,IH1911,2019-11-14 09:30:35.000,2974.6000,17514,0,400779960.000,0,-,-,-,-,2974.4000,2974.2000,2973.6000,2973.0000,2972.8000,2974.6000,2974.8000,2975.2000,2975.4000,2975.6000,1,1,1,1,2,3,1,1,1,4
SF,IH1911,2019-11-14 09:30:35.500,2974.8000,17510,-4,404349540.000,4,0,4,双平,S,2974.4000,2974.2000,2973.6000,2973.0000,2972.8000,2975.2000,2975.4000,2975.6000,2975.8000,2976.0000,1,1,1,1,2,1,1,4,4,3
SF,IH1911,2019-11-14 09:30:36.000,2974.8000,17510,0,404349540.000,0,-,-,-,-,2974.4000,2974.2000,2974.0000,2973.6000,2973.0000,2974.8000,2975.2000,2975.4000,2975.6000,2975.8000,1,2,1,1,1,1,1,1,4,4
SF,IH1911,2019-11-14 09:30:36.500,2974.4000,17508,-2,406134300.000,2,0,2,双平,S,2974.2000,2974.0000,2973.6000,2973.0000,2972.8000,2975.2000,2975.4000,2975.6000,2975.8000,2976.0000,2,1,1,1,2,1,1,4,4,3
SF,IH1911,2019-11-14 09:30:37.000,2974.4000,17508,0,406134300.000,0,-,-,-,-,2974.2000,2974.0000,2973.6000,2973.0000,2972.8000,2974.6000,2975.2000,2975.4000,2975.6000,2975.8000,1,1,1,1,2,1,1,1,4,4
SF,IH1911,2019-11-14 09:30:37.500,2974.4000,17508,0,406134300.000,0,-,-,-,-,2974.2000,2974.0000,2973.6000,2973.0000,2972.8000,2974.6000,2975.2000,2975.4000,2975.6000,2975.8000,1,1,1,1,2,1,1,1,4,4
SF,IH1911,2019-11-14 09:30:38.000,2974.4000,17508,0,406134300.000,0,-,-,-,-,2974.2000,2974.0000,2973.6000,2973.0000,2972.8000,2974.6000,2975.4000,2975.6000,2975.8000,2976.0000,1,1,1,1,2,1,1,4,4,3
SF,IH1911,2019-11-14 09:30:38.500,2974.6000,17507,-1,407026680.000,1,0,1,双平,S,2974.8000,2974.4000,2974.2000,2974.0000,2973.6000,2975.4000,2975.6000,2975.8000,2976.0000,2976.4000,1,3,1,2,1,1,4,4,3,2
SF,IH1911,2019-11-14 09:30:39.000,2974.4000,17505,-2,408811440.000,2,0,2,双平,S,2974.4000,2974.2000,2974.0000,2973.6000,2973.0000,2974.8000,2975.2000,2975.6000,2975.8000,2976.0000,5,1,2,1,1,1,3,4,4,3
SF,IH1911,2019-11-14 09:30:39.500,2974.4000,17504,-1,409703760.000,1,0,1,双平,S,2974.4000,2974.2000,2974.0000,2973.6000,2973.0000,2975.2000,2975.6000,2975.8000,2976.0000,2976.4000,5,1,2,1,1,3,4,4,3,1
SF,IH1911,2019-11-14 09:30:40.000,2974.4000,17504,0,409703760.000,0,-,-,-,-,2974.4000,2974.2000,2974.0000,2973.6000,2973.0000,2975.0000,2975.2000,2975.6000,2975.8000,2976.0000,4,1,2,1,1,1,4,4,4,3
SF,IH1911,2019-11-14 09:30:40.500,2974.8000,17504,0,411488640.000,2,1,1,多换,S,2974.6000,2974.4000,2974.2000,2974.0000,2973.0000,2975.0000,2975.2000,2975.6000,2975.8000,2976.0000,3,5,1,2,1,1,4,5,3,3
SF,IH1911,2019-11-14 09:30:41.000,2974.8000,17504,0,411488640.000,0,-,-,-,-,2974.6000,2974.4000,2974.2000,2974.0000,2973.0000,2975.0000,2975.2000,2975.6000,2975.8000,2976.0000,2,5,1,2,1,1,3,5,3,3
SF,IH1911,2019-11-14 09:30:41.500,2974.6000,17502,-2,413273400.000,2,0,2,双平,S,2974.6000,2974.4000,2974.2000,2974.0000,2973.2000,2975.0000,2975.2000,2975.6000,2975.8000,2976.0000,1,5,1,2,1,1,5,5,3,3
SF,IH1911,2019-11-14 09:30:42.000,2974.4000,17496,-6,418627380.000,6,0,6,双平,S,2974.2000,2974.0000,2973.2000,2973.0000,2972.8000,2974.8000,2975.0000,2975.2000,2975.6000,2975.8000,1,2,1,1,2,1,1,4,5,3
SF,IH1911,2019-11-14 09:30:42.500,2974.4000,17496,0,418627380.000,0,-,-,-,-,2974.4000,2974.2000,2974.0000,2973.4000,2973.2000,2974.6000,2974.8000,2975.0000,2975.2000,2975.6000,1,1,2,2,1,4,1,1,4,5
SF,IH1911,2019-11-14 09:30:43.000,2974.4000,17496,0,418627380.000,0,-,-,-,-,2974.4000,2974.2000,2974.0000,2973.4000,2973.2000,2974.6000,2974.8000,2975.0000,2975.2000,2975.6000,1,1,2,2,1,4,1,2,4,5
SF,IH1911,2019-11-14 09:30:43.500,2974.6000,17493,-3,421304460.000,3,0,3,双平,S,2974.2000,2974.0000,2973.4000,2973.2000,2973.0000,2974.6000,2974.8000,2975.0000,2975.2000,2975.6000,1,2,2,1,1,2,1,2,4,5
SF,IH1911,2019-11-14 09:30:44.000,2974.6000,17491,-2,423981600.000,3,0,3,多平,S,2974.4000,2974.2000,2974.0000,2973.4000,2973.2000,2974.8000,2975.0000,2975.2000,2975.6000,2975.8000,1,1,2,2,1,1,2,4,5,3
SF,IH1911,2019-11-14 09:30:44.500,2974.6000,17491,0,423981600.000,0,-,-,-,-,2974.4000,2974.2000,2974.0000,2973.4000,2973.2000,2974.8000,2975.0000,2975.2000,2975.6000,2975.8000,1,1,2,2,1,1,2,4,5,3
SF,IH1911,2019-11-14 09:30:45.000,2975.0000,17490,-1,425766540.000,2,0,2,多平,S,2974.8000,2974.6000,2974.0000,2973.4000,2973.2000,2975.0000,2975.2000,2975.6000,2975.8000,2976.0000,1,1,2,2,1,1,4,5,3,3
SF,IH1911,2019-11-14 09:30:45.500,2975.0000,17489,-1,426659040.000,1,0,1,双平,S,2974.6000,2974.0000,2973.4000,2973.2000,2973.0000,2975.0000,2975.2000,2975.6000,2975.8000,2976.0000,3,2,2,1,1,2,4,5,3,3
SF,IH1911,2019-11-14 09:30:46.000,2975.0000,17490,1,427551540.000,1,1,0,双开,S,2974.6000,2974.4000,2974.0000,2973.4000,2973.2000,2975.0000,2975.2000,2975.6000,2975.8000,2976.0000,3,1,2,2,1,1,4,5,3,3
SF,IH1911,2019-11-14 09:30:46.500,2974.6000,17488,-2,429336420.000,2,0,2,双平,S,2974.6000,2974.4000,2974.0000,2973.4000,2973.2000,2975.2000,2975.6000,2975.8000,2976.0000,2976.4000,2,1,2,2,1,4,5,3,3,2
SF,IH1911,2019-11-14 09:30:47.000,2974.6000,17487,-1,430228800.000,1,0,1,双平,S,2975.0000,2974.6000,2974.4000,2974.0000,2973.4000,2975.2000,2975.6000,2975.8000,2976.0000,2976.4000,2,1,1,2,3,4,5,3,3,2
SF,IH1911,2019-11-14 09:30:47.500,2975.0000,17485,-2,432013800.000,2,0,2,双平,S,2974.8000,2974.6000,2974.4000,2974.0000,2973.4000,2975.2000,2975.6000,2975.8000,2976.0000,2976.4000,1,1,1,2,3,4,5,3,3,2
SF,IH1911,2019-11-14 09:30:48.000,2974.8000,17481,-4,435583920.000,4,0,4,双平,S,2975.0000,2974.6000,2974.4000,2974.0000,2973.4000,2975.2000,2975.6000,2975.8000,2976.0000,2976.4000,1,1,1,2,3,2,5,3,3,2
SF,IH1911,2019-11-14 09:30:48.500,2975.0000,17480,-1,436476420.000,1,0,1,双平,S,2974.6000,2974.4000,2974.0000,2973.4000,2973.2000,2975.0000,2975.2000,2975.6000,2975.8000,2976.0000,1,1,2,3,1,2,2,5,3,3
SF,IH1911,2019-11-14 09:30:49.000,2975.0000,17479,-1,437368920.000,1,0,1,双平,S,2974.6000,2974.4000,2974.0000,2973.4000,2973.2000,2975.0000,2975.2000,2975.6000,2975.8000,2976.0000,1,1,2,3,1,1,2,5,3,3
SF,IH1911,2019-11-14 09:30:49.500,2974.4000,17473,-6,443614380.000,7,0,7,多平,S,2973.4000,2973.2000,2973.0000,2972.8000,2972.6000,2974.4000,2975.0000,2975.2000,2975.4000,2975.6000,1,1,3,2,1,1,2,2,1,5
SF,IH1911,2019-11-14 09:30:50.000,2975.2000,17470,-3,447184260.000,4,0,4,多平,S,2974.4000,2973.6000,2973.4000,2973.2000,2973.0000,2975.0000,2975.2000,2975.4000,2975.6000,2975.8000,1,2,8,1,3,1,1,1,5,2
SF,IH1911,2019-11-14 09:30:50.500,2975.2000,17469,-1,448076820.000,1,0,1,双平,S,2974.4000,2973.6000,2973.4000,2973.2000,2973.0000,2975.2000,2975.4000,2975.6000,2975.8000,2976.0000,1,4,8,1,3,1,1,5,2,3
SF,IH1911,2019-11-14 09:30:51.000,2975.2000,17469,0,448076820.000,0,-,-,-,-,2974.6000,2974.4000,2973.6000,2973.4000,2973.2000,2975.2000,2975.4000,2975.6000,2975.8000,2976.0000,2,3,2,1,1,1,1,5,2,3
SF,IH1911,2019-11-14 09:30:51.500,2974.6000,17467,-2,449861760.000,2,0,2,双平,S,2974.6000,2974.4000,2973.6000,2973.4000,2973.2000,2975.4000,2975.6000,2975.8000,2976.0000,2976.4000,1,2,1,1,1,1,5,2,3,1
SF,IH1911,2019-11-14 09:30:52.000,2974.6000,17467,0,449861760.000,0,-,-,-,-,2974.4000,2973.6000,2973.4000,2973.2000,2973.0000,2975.4000,2975.6000,2975.8000,2976.0000,2976.4000,2,1,1,1,3,1,5,2,3,1
SF,IH1911,2019-11-14 09:30:52.500,2974.6000,17464,-3,452539080.000,3,0,3,双平,S,2974.6000,2974.4000,2974.2000,2973.8000,2973.6000,2975.4000,2975.6000,2975.8000,2976.0000,2976.4000,1,2,1,13,1,1,5,2,3,1
SF,IH1911,2019-11-14 09:30:53.000,2974.6000,17464,0,452539080.000,0,-,-,-,-,2974.6000,2974.4000,2973.8000,2973.6000,2973.4000,2975.4000,2975.6000,2975.8000,2976.0000,2976.4000,2,2,13,2,1,1,5,2,3,1
SF,IH1911,2019-11-14 09:30:53.500,2974.6000,17464,0,452539080.000,0,-,-,-,-,2975.0000,2974.6000,2974.4000,2973.8000,2973.6000,2975.4000,2975.6000,2975.8000,2976.0000,2976.4000,1,2,2,13,2,1,5,2,3,1
SF,IH1911,2019-11-14 09:30:54.000,2975.0000,17463,-1,453431580.000,1,0,1,双平,S,2974.6000,2974.4000,2974.0000,2973.8000,2973.6000,2975.4000,2975.6000,2975.8000,2976.0000,2976.4000,2,2,4,13,2,1,4,2,3,1
SF,IH1911,2019-11-14 09:30:54.500,2975.4000,17461,-2,455216820.000,2,0,2,双平,S,2974.6000,2974.4000,2974.0000,2973.8000,2973.6000,2975.6000,2975.8000,2976.0000,2976.4000,2976.6000,2,2,4,13,2,4,2,3,1,1
SF,IH1911,2019-11-14 09:30:55.000,2975.4000,17461,0,455216820.000,0,-,-,-,-,2975.2000,2975.0000,2974.8000,2974.6000,2974.4000,2975.6000,2975.8000,2976.0000,2976.4000,2976.6000,1,1,1,2,2,4,2,4,1,1
SF,IH1911,2019-11-14 09:30:55.500,2975.2000,17459,-2,457001940.000,2,0,2,双平,S,2974.8000,2974.6000,2974.4000,2974.0000,2973.8000,2975.2000,2975.6000,2975.8000,2976.0000,2976.4000,1,1,2,5,13,1,7,2,4,1
SF,IH1911,2019-11-14 09:30:56.000,2975.2000,17459,0,457001940.000,0,-,-,-,-,2974.8000,2974.6000,2974.4000,2974.0000,2973.6000,2975.2000,2975.4000,2975.6000,2975.8000,2976.0000,1,1,2,5,2,1,1,7,2,4
SF,IH1911,2019-11-14 09:30:56.500,2975.2000,17458,-1,457894500.000,1,0,1,双平,S,2975.2000,2975.0000,2974.8000,2974.6000,2974.4000,2975.6000,2975.8000,2976.0000,2976.4000,2976.6000,2,1,1,1,2,7,2,4,1,1
SF,IH1911,2019-11-14 09:30:57.000,2975.2000,17456,-2,459679620.000,2,0,2,双平,S,2975.0000,2974.8000,2974.6000,2974.4000,2974.0000,2975.4000,2975.6000,2975.8000,2976.0000,2976.4000,1,1,1,2,5,1,7,2,4,1
SF,IH1911,2019-11-14 09:30:57.500,2975.2000,17456,0,459679620.000,0,-,-,-,-,2975.0000,2974.8000,2974.6000,2974.4000,2974.0000,2975.6000,2975.8000,2976.0000,2976.4000,2976.6000,1,1,1,2,5,7,2,4,1,1
SF,IH1911,2019-11-14 09:30:58.000,2975.2000,17456,0,459679620.000,0,-,-,-,-,2974.8000,2974.6000,2974.4000,2974.0000,2973.6000,2975.4000,2975.6000,2975.8000,2976.0000,2976.4000,1,1,2,5,1,1,7,2,4,1
SF,IH1911,2019-11-14 09:30:58.500,2974.8000,17454,-2,461464560.000,2,0,2,双平,S,2974.6000,2974.4000,2974.0000,2973.6000,2973.4000,2974.8000,2975.6000,2975.8000,2976.0000,2976.4000,1,2,5,1,1,1,7,2,4,1
SF,IH1911,2019-11-14 09:30:59.000,2974.8000,17453,-1,462357000.000,1,0,1,双平,S,2975.0000,2974.8000,2974.4000,2974.0000,2973.6000,2975.2000,2975.6000,2975.8000,2976.0000,2976.4000,1,5,2,5,1,6,7,2,4,1
SF,IH1911,2019-11-14 09:30:59.500,2975.0000,17452,-1,463249500.000,1,0,1,双平,S,2975.0000,2974.8000,2974.4000,2974.0000,2973.6000,2975.2000,2975.6000,2975.8000,2976.0000,2976.4000,1,8,2,5,1,8,7,2,4,1
SF,IH1911,2019-11-14 09:31:00.000,2974.8000,17450,-2,466819500.000,4,1,3,多平,S,2974.8000,2974.4000,2974.0000,2973.6000,2973.4000,2975.0000,2975.2000,2975.6000,2975.8000,2976.0000,7,2,5,1,1,1,8,7,2,4
SF,IH1911,2019-11-14 09:31:00.500,2975.0000,17448,-2,468604500.000,2,0,2,双平,S,2974.8000,2974.4000,2974.0000,2973.6000,2973.4000,2975.0000,2975.2000,2975.6000,2975.8000,2976.0000,7,2,5,1,1,1,6,7,2,4
SF,IH1911,2019-11-14 09:31:01.000,2975.0000,17438,-10,482881920.000,16,3,13,多平,S,2973.4000,2973.2000,2973.0000,2972.8000,2972.6000,2975.2000,2975.6000,2975.8000,2976.0000,2976.4000,1,4,3,2,1,6,7,2,4,1
SF,IH1911,2019-11-14 09:31:01.500,2975.0000,17436,-2,484666920.000,2,0,2,双平,S,2974.2000,2973.8000,2973.6000,2973.4000,2973.2000,2974.4000,2974.8000,2975.0000,2975.2000,2975.4000,2,2,1,3,4,1,1,8,6,2
SF,IH1911,2019-11-14 09:31:02.000,2974.2000,17434,-2,486451440.000,2,0,2,双平,S,2973.6000,2973.4000,2973.2000,2973.0000,2972.8000,2974.2000,2974.4000,2974.8000,2975.0000,2975.2000,1,2,4,3,2,2,1,1,3,7
SF,IH1911,2019-11-14 09:31:02.500,2974.2000,17431,-3,489128220.000,3,0,3,双平,S,2973.8000,2973.6000,2973.4000,2973.2000,2973.0000,2974.8000,2975.0000,2975.2000,2975.4000,2975.6000,1,1,2,4,3,1,2,7,1,4
SF,IH1911,2019-11-14 09:31:03.000,2974.2000,17431,0,489128220.000,0,-,-,-,-,2973.8000,2973.6000,2973.4000,2973.2000,2973.0000,2974.4000,2974.8000,2975.0000,2975.2000,2975.4000,1,1,2,4,3,1,6,2,7,3
SF,IH1911,2019-11-14 09:31:03.500,2974.2000,17431,0,489128220.000,0,-,-,-,-,2974.2000,2973.8000,2973.4000,2973.2000,2973.0000,2974.4000,2974.8000,2975.0000,2975.2000,2975.4000,6,1,2,4,3,1,6,2,7,3
SF,IH1911,2019-11-14 09:31:04.000,2974.4000,17430,-1,490020540.000,1,0,1,双平,S,2974.2000,2973.8000,2973.4000,2973.2000,2973.0000,2974.4000,2974.6000,2974.8000,2975.0000,2975.2000,7,1,2,4,3,2,1,4,3,7
SF,IH1911,2019-11-14 09:31:04.500,2974.4000,17430,0,490020540.000,0,-,-,-,-,2974.2000,2973.8000,2973.4000,2973.2000,2973.0000,2974.4000,2974.8000,2975.0000,2975.2000,2975.4000,7,1,2,4,3,2,4,3,7,3
SF,IH1911,2019-11-14 09:31:05.000,2974.2000,17423,-7,496266360.000,7,0,7,双平,S,2973.8000,2973.4000,2973.2000,2973.0000,2972.8000,2974.4000,2974.8000,2975.0000,2975.2000,2975.4000,1,2,4,3,2,3,4,3,7,3
SF,IH1911,2019-11-14 09:31:05.500,2974.2000,17423,0,496266360.000,0,-,-,-,-,2973.8000,2973.4000,2973.2000,2973.0000,2972.8000,2974.2000,2974.4000,2974.8000,2975.0000,2975.2000,1,2,4,3,2,1,1,4,3,7
SF,IH1911,2019-11-14 09:31:06.000,2974.2000,17423,0,496266360.000,0,-,-,-,-,2973.8000,2973.4000,2973.2000,2973.0000,2972.8000,2974.2000,2974.4000,2974.8000,2975.0000,2975.2000,1,2,4,3,2,1,1,4,2,7
SF,IH1911,2019-11-14 09:31:06.500,2973.0000,17414,-9,505186080.000,10,0,10,多平,S,2972.8000,2972.6000,2972.4000,2972.2000,2972.0000,2973.8000,2974.2000,2974.4000,2974.8000,2975.0000,2,3,1,1,3,2,1,1,4,1
SF,IH1911,2019-11-14 09:31:07.000,2973.2000,17412,-2,510538320.000,6,2,4,多平,S,2973.0000,2972.8000,2972.6000,2972.4000,2972.2000,2974.0000,2974.2000,2974.4000,2974.8000,2975.0000,3,2,4,1,1,1,1,1,4,1
SF,IH1911,2019-11-14 09:31:07.500,2973.4000,17411,-1,511430340.000,1,0,1,双平,S,2973.0000,2972.8000,2972.6000,2972.4000,2972.2000,2973.8000,2974.0000,2974.2000,2974.4000,2974.6000,2,3,4,1,1,1,1,1,1,2
SF,IH1911,2019-11-14 09:31:08.000,2973.4000,17411,0,511430340.000,0,-,-,-,-,2973.0000,2972.8000,2972.6000,2972.4000,2972.2000,2973.8000,2974.0000,2974.2000,2974.4000,2974.6000,2,3,4,1,1,2,1,1,2,2
SF,IH1911,2019-11-14 09:31:08.500,2973.6000,17410,-1,512322420.000,1,0,1,双平,S,2973.2000,2973.0000,2972.8000,2972.6000,2972.4000,2973.8000,2974.0000,2974.2000,2974.4000,2974.6000,2,2,2,4,1,2,1,1,2,2
SF,IH1911,2019-11-14 09:31:09.000,2973.8000,17410,0,514106700.000,2,1,1,多换,S,2973.8000,2973.2000,2973.0000,2972.8000,2972.6000,2974.0000,2974.2000,2974.4000,2974.6000,2974.8000,1,2,1,2,4,1,1,2,2,4
SF,IH1911,2019-11-14 09:31:09.500,2974.0000,17408,-2,517675320.000,4,1,3,多平,S,2973.2000,2973.0000,2972.8000,2972.6000,2972.4000,2973.8000,2974.2000,2974.4000,2974.6000,2974.8000,2,1,2,4,1,1,1,2,2,4
SF,IH1911,2019-11-14 09:31:10.000,2974.0000,17408,0,517675320.000,0,-,-,-,-,2973.2000,2973.0000,2972.8000,2972.6000,2972.4000,2973.8000,2974.2000,2974.4000,2974.6000,2974.8000,3,1,2,4,1,1,1,2,2,4
SF,IH1911,2019-11-14 09:31:10.500,2974.0000,17407,-1,518567520.000,1,0,1,双平,S,2973.4000,2973.2000,2973.0000,2972.8000,2972.6000,2974.2000,2974.4000,2974.6000,2974.8000,2975.0000,1,3,1,2,4,1,2,2,4,2
SF,IH1911,2019-11-14 09:31:11.000,2973.2000,17383,-24,541756560.000,26,1,25,多平,S,2972.4000,2971.2000,2971.0000,2970.6000,2970.4000,2974.4000,2974.6000,2974.8000,2975.0000,2975.2000,2,2,2,3,3,2,2,4,2,7
SF,IH1911,2019-11-14 09:31:11.500,2974.0000,17383,0,542648760.000,1,0,1,多换,S,2973.4000,2972.8000,2972.6000,2972.4000,2972.0000,2973.8000,2974.2000,2974.4000,2974.6000,2974.8000,1,1,8,2,1,1,8,3,3,4
SF,IH1911,2019-11-14 09:31:12.000,2973.4000,17380,-3,545324880.000,3,0,3,双平,S,2972.6000,2972.4000,2972.2000,2971.4000,2971.2000,2973.8000,2974.2000,2974.4000,2974.6000,2974.8000,3,2,1,13,3,1,2,2,2,4
SF,IH1911,2019-11-14 09:31:12.500,2972.8000,17379,-1,546216720.000,1,0,1,双平,S,2972.6000,2972.4000,2972.2000,2971.4000,2971.2000,2973.8000,2974.2000,2974.4000,2974.6000,2974.8000,3,2,1,13,3,1,2,2,2,4
SF,IH1911,2019-11-14 09:31:13.000,2973.2000,17377,-2,548000760.000,2,0,2,双平,S,2973.2000,2973.0000,2972.6000,2972.4000,2972.2000,2973.8000,2974.2000,2974.4000,2974.6000,2974.8000,2,1,3,2,1,1,2,2,2,4
SF,IH1911,2019-11-14 09:31:13.500,2973.6000,17376,-1,548892840.000,1,0,1,双平,S,2973.2000,2973.0000,2972.6000,2972.4000,2972.2000,2973.8000,2974.2000,2974.4000,2974.6000,2974.8000,2,1,3,2,1,1,2,2,2,1
SF,IH1911,2019-11-14 09:31:14.000,2973.8000,17374,-2,551568900.000,3,0,3,多平,S,2973.0000,2972.6000,2972.4000,2972.2000,2971.4000,2974.2000,2974.4000,2974.6000,2974.8000,2975.0000,1,3,2,1,13,2,2,2,1,4
SF,IH1911,2019-11-14 09:31:14.500,2973.8000,17374,0,551568900.000,0,-,-,-,-,2973.2000,2973.0000,2972.6000,2972.4000,2972.2000,2974.2000,2974.4000,2974.6000,2974.8000,2975.0000,4,4,3,2,1,2,2,2,1,4
SF,IH1911,2019-11-14 09:31:15.000,2973.8000,17374,0,551568900.000,0,-,-,-,-,2973.2000,2973.0000,2972.6000,2972.4000,2972.2000,2973.8000,2974.2000,2974.4000,2974.6000,2974.8000,5,4,3,2,1,2,1,2,2,1
SF,IH1911,2019-11-14 09:31:15.500,2973.2000,17372,-2,553352820.000,2,0,2,双平,S,2973.2000,2973.0000,2972.6000,2972.4000,2972.2000,2974.2000,2974.4000,2974.6000,2974.8000,2975.0000,3,4,3,2,1,1,2,2,1,4
SF,IH1911,2019-11-14 09:31:16.000,2974.0000,17371,-1,554245020.000,1,0,1,双平,S,2973.2000,2973.0000,2972.6000,2972.4000,2972.2000,2974.0000,2974.2000,2974.4000,2974.6000,2974.8000,3,4,3,2,1,3,1,2,2,1
SF,IH1911,2019-11-14 09:31:16.500,2973.0000,17364,-7,560488860.000,7,0,7,双平,S,2973.0000,2972.6000,2972.4000,2972.2000,2971.4000,2974.0000,2974.2000,2974.4000,2974.6000,2974.8000,3,3,2,1,13,5,2,2,2,1
SF,IH1911,2019-11-14 09:31:17.000,2973.0000,17364,0,560488860.000,0,-,-,-,-,2973.4000,2973.0000,2972.6000,2972.4000,2972.2000,2973.6000,2973.8000,2974.0000,2974.2000,2974.4000,6,3,3,2,1,2,1,8,2,2
SF,IH1911,2019-11-14 09:31:17.500,2973.2000,17364,0,561380820.000,1,0,1,多换,S,2973.4000,2973.2000,2973.0000,2972.6000,2972.4000,2973.6000,2973.8000,2974.0000,2974.2000,2974.4000,5,1,3,3,2,2,1,8,2,2
SF,IH1911,2019-11-14 09:31:18.000,2973.4000,17358,-6,566732940.000,6,0,6,双平,S,2973.0000,2972.6000,2972.4000,2972.2000,2971.4000,2973.4000,2973.6000,2973.8000,2974.0000,2974.2000,3,3,2,1,13,9,2,1,8,2
SF,IH1911,2019-11-14 09:31:18.500,2973.0000,17355,-3,569408640.000,3,0,3,双平,S,2973.0000,2972.6000,2972.4000,2972.2000,2971.4000,2973.2000,2973.4000,2973.8000,2974.0000,2974.2000,1,2,2,1,13,1,11,1,8,2
SF,IH1911,2019-11-14 09:31:19.000,2973.0000,17354,-1,571192440.000,2,0,2,多平,S,2973.0000,2972.6000,2972.4000,2972.2000,2972.0000,2973.2000,2973.4000,2973.8000,2974.0000,2974.2000,2,1,2,1,1,1,12,1,8,2
SF,IH1911,2019-11-14 09:31:19.500,2973.0000,17353,-1,573868140.000,3,1,2,多平,S,2972.8000,2972.6000,2972.4000,2972.2000,2972.0000,2973.0000,2973.4000,2973.8000,2974.0000,2974.2000,1,2,2,1,1,1,11,1,4,2
SF,IH1911,2019-11-14 09:31:20.000,2973.0000,17353,0,573868140.000,0,-,-,-,-,2972.8000,2972.6000,2972.2000,2972.0000,2971.4000,2973.0000,2973.4000,2973.8000,2974.0000,2974.2000,1,2,1,1,13,3,11,1,4,2
SF,IH1911,2019-11-14 09:31:20.500,2973.0000,17350,-3,576543840.000,3,0,3,双平,S,2973.0000,2972.8000,2972.6000,2972.2000,2972.0000,2973.4000,2973.8000,2974.0000,2974.2000,2974.4000,2,1,1,1,1,11,1,4,2,2
SF,IH1911,2019-11-14 09:31:21.000,2971.4000,17333,-17,594375780.000,20,1,19,多平,S,2971.4000,2971.2000,2971.0000,2970.6000,2970.4000,2973.2000,2973.4000,2973.8000,2974.0000,2974.2000,2,3,4,3,3,14,12,1,4,2
SF,IH1911,2019-11-14 09:31:21.500,2972.0000,17332,-1,597051120.000,3,1,2,多平,S,2972.0000,2971.8000,2971.6000,2971.4000,2971.2000,2973.0000,2973.2000,2973.4000,2973.8000,2974.0000,1,2,18,3,5,21,14,10,1,4
SF,IH1911,2019-11-14 09:31:22.000,2972.4000,17329,-3,600617940.000,4,0,4,多平,S,2972.0000,2971.6000,2971.4000,2971.2000,2971.0000,2972.6000,2972.8000,2973.0000,2973.2000,2973.4000,1,6,3,5,4,2,12,3,1,10
SF,IH1911,2019-11-14 09:31:22.500,2972.4000,17323,-6,605968260.000,6,0,6,双平,S,2972.0000,2971.6000,2971.2000,2971.0000,2970.6000,2972.4000,2972.8000,2973.0000,2973.2000,2973.4000,1,4,5,4,3,5,1,2,1,10
SF,IH1911,2019-11-14 09:31:23.000,2972.4000,17320,-3,612210300.000,7,2,5,多平,S,2972.0000,2971.8000,2971.6000,2971.2000,2971.0000,2972.4000,2972.8000,2973.0000,2973.2000,2973.4000,1,2,3,5,4,1,1,2,1,10
SF,IH1911,2019-11-14 09:31:23.500,2972.2000,17317,-3,614885340.000,3,0,3,双平,S,2972.0000,2971.8000,2971.6000,2971.2000,2971.0000,2972.6000,2972.8000,2973.0000,2973.2000,2973.4000,1,2,3,5,4,1,1,2,3,8
SF,IH1911,2019-11-14 09:31:24.000,2972.4000,17313,-4,619344300.000,5,0,5,多平,S,2972.4000,2972.2000,2972.0000,2971.8000,2971.6000,2973.0000,2973.2000,2973.4000,2973.8000,2974.0000,8,1,1,2,2,1,2,8,1,4
SF,IH1911,2019-11-14 09:31:24.500,2973.4000,17311,-2,621128220.000,2,0,2,双平,S,2972.4000,2972.2000,2972.0000,2971.8000,2971.6000,2973.4000,2973.8000,2974.0000,2974.2000,2974.4000,8,1,1,2,2,7,3,4,2,2
SF,IH1911,2019-11-14 09:31:25.000,2973.4000,17309,-2,622912140.000,2,0,2,双平,S,2973.0000,2972.6000,2972.4000,2972.2000,2972.0000,2973.4000,2973.8000,2974.0000,2974.2000,2974.4000,1,3,7,1,1,2,3,4,2,2
SF,IH1911,2019-11-14 09:31:25.500,2973.4000,17307,-2,624696180.000,2,0,2,双平,S,2973.4000,2973.0000,2972.6000,2972.4000,2972.2000,2973.8000,2974.0000,2974.2000,2974.4000,2974.6000,7,2,3,7,1,3,4,2,2,3
SF,IH1911,2019-11-14 09:31:26.000,2974.0000,17306,-1,628264920.000,4,1,3,多平,S,2973.6000,2973.4000,2973.0000,2972.6000,2972.4000,2974.0000,2974.2000,2974.4000,2974.6000,2974.8000,1,2,1,2,7,1,2,2,3,1
SF,IH1911,2019-11-14 09:31:26.500,2974.0000,17301,-5,633618300.000,6,0,6,多平,S,2973.8000,2973.6000,2973.4000,2973.0000,2972.6000,2974.0000,2974.4000,2974.6000,2974.8000,2975.0000,1,1,1,1,1,2,2,3,1,2
SF,IH1911,2019-11-14 09:31:27.000,2974.0000,17299,-2,635402700.000,2,0,2,双平,S,2974.0000,2973.8000,2973.4000,2973.0000,2972.8000,2974.4000,2974.6000,2974.8000,2975.0000,2975.2000,1,1,1,1,2,2,3,1,2,7
SF,IH1911,2019-11-14 09:31:27.500,2974.4000,17296,-3,638079540.000,3,0,3,双平,S,2974.2000,2974.0000,2973.8000,2973.4000,2973.0000,2974.6000,2974.8000,2975.0000,2975.2000,2975.4000,1,3,1,2,1,1,1,2,7,2
SF,IH1911,2019-11-14 09:31:28.000,2974.4000,17295,-1,638971860.000,1,0,1,双平,S,2974.2000,2974.0000,2973.8000,2973.4000,2973.0000,2974.6000,2974.8000,2975.0000,2975.2000,2975.4000,1,3,1,2,1,1,1,2,7,2
SF,IH1911,2019-11-14 09:31:28.500,2974.4000,17295,0,638971860.000,0,-,-,-,-,2974.2000,2974.0000,2973.8000,2973.4000,2973.0000,2974.4000,2974.6000,2974.8000,2975.0000,2975.2000,1,1,2,2,1,1,1,1,2,7
SF,IH1911,2019-11-14 09:31:29.000,2974.4000,17295,0,638971860.000,0,-,-,-,-,2974.2000,2973.8000,2973.4000,2973.0000,2972.8000,2974.4000,2974.6000,2974.8000,2975.0000,2975.2000,1,2,2,1,2,1,1,1,2,7
SF,IH1911,2019-11-14 09:31:29.500,2973.8000,17291,-4,642540960.000,4,0,4,双平,S,2973.8000,2973.4000,2973.0000,2972.8000,2972.6000,2974.8000,2975.0000,2975.2000,2975.4000,2975.6000,1,2,1,2,1,1,2,7,2,2
SF,IH1911,2019-11-14 09:31:30.000,2974.6000,17289,-2,644325720.000,2,0,2,双平,S,2974.2000,2974.0000,2973.8000,2973.4000,2973.0000,2974.6000,2974.8000,2975.0000,2975.2000,2975.4000,1,1,1,2,1,2,1,2,7,2
SF,IH1911,2019-11-14 09:31:30.500,2974.2000,17288,-1,645217980.000,1,0,1,双平,S,2974.0000,2973.8000,2973.4000,2973.0000,2972.8000,2974.6000,2974.8000,2975.0000,2975.2000,2975.4000,1,1,2,1,2,2,1,2,7,2
SF,IH1911,2019-11-14 09:31:31.000,2972.8000,17284,-4,648785880.000,4,0,4,双平,S,2972.8000,2972.6000,2972.4000,2972.2000,2972.0000,2973.6000,2974.6000,2974.8000,2975.0000,2975.2000,1,1,1,3,1,1,2,2,2,7
SF,IH1911,2019-11-14 09:31:31.500,2974.4000,17284,0,650570280.000,2,1,1,多换,S,2973.6000,2973.4000,2973.2000,2973.0000,2972.6000,2974.4000,2974.6000,2974.8000,2975.0000,2975.2000,2,2,1,8,1,12,2,4,1,7
SF,IH1911,2019-11-14 09:31:32.000,2974.4000,17283,-1,651462600.000,1,0,1,双平,S,2973.8000,2973.6000,2973.2000,2973.0000,2972.6000,2974.2000,2974.6000,2974.8000,2975.0000,2975.2000,1,2,4,7,1,1,1,4,2,7
SF,IH1911,2019-11-14 09:31:32.500,2974.2000,17282,-1,653247000.000,2,0,2,多平,S,2973.6000,2973.2000,2973.0000,2972.6000,2972.4000,2974.6000,2974.8000,2975.0000,2975.2000,2975.4000,2,4,6,1,1,1,4,2,7,2
SF,IH1911,2019-11-14 09:31:33.000,2974.2000,17282,0,653247000.000,0,-,-,-,-,2973.8000,2973.6000,2973.2000,2973.0000,2972.6000,2974.6000,2974.8000,2975.0000,2975.2000,2975.4000,1,2,4,6,1,1,4,2,7,2
SF,IH1911,2019-11-14 09:31:33.500,2973.8000,17281,-1,654139140.000,1,0,1,双平,S,2973.6000,2973.2000,2973.0000,2972.6000,2972.4000,2974.6000,2974.8000,2975.0000,2975.2000,2975.4000,2,4,6,1,1,1,4,2,7,2
SF,IH1911,2019-11-14 09:31:34.000,2973.8000,17281,0,654139140.000,0,-,-,-,-,2973.6000,2973.2000,2973.0000,2972.6000,2972.4000,2974.6000,2974.8000,2975.0000,2975.2000,2975.4000,2,5,6,1,1,2,4,2,7,2
SF,IH1911,2019-11-14 09:31:34.500,2973.8000,17281,0,654139140.000,0,-,-,-,-,2973.8000,2973.6000,2973.2000,2973.0000,2972.6000,2974.6000,2974.8000,2975.0000,2975.2000,2975.4000,1,2,5,6,1,2,4,2,7,2
SF,IH1911,2019-11-14 09:31:35.000,2973.8000,17280,-1,655031280.000,1,0,1,双平,S,2974.0000,2973.8000,2973.6000,2973.2000,2973.0000,2974.6000,2974.8000,2975.0000,2975.2000,2975.4000,1,1,2,5,6,3,4,2,7,2
SF,IH1911,2019-11-14 09:31:35.500,2973.8000,17280,0,655031280.000,0,-,-,-,-,2974.0000,2973.8000,2973.6000,2973.2000,2973.0000,2974.6000,2974.8000,2975.0000,2975.2000,2975.4000,2,1,2,5,5,3,4,2,7,2
SF,IH1911,2019-11-14 09:31:36.000,2973.8000,17280,0,655031280.000,0,-,-,-,-,2974.4000,2974.0000,2973.8000,2973.6000,2973.2000,2974.6000,2974.8000,2975.0000,2975.2000,2975.4000,6,2,1,2,5,3,4,2,7,2
SF,IH1911,2019-11-14 09:31:36.500,2974.4000,17273,-7,661277520.000,7,0,7,双平,S,2974.0000,2973.8000,2973.6000,2973.2000,2973.0000,2974.4000,2974.6000,2974.8000,2975.0000,2975.2000,1,1,2,5,5,2,3,4,2,7
SF,IH1911,2019-11-14 09:31:37.000,2974.4000,17272,-1,662169840.000,1,0,1,双平,S,2974.2000,2974.0000,2973.8000,2973.6000,2973.2000,2974.4000,2974.6000,2974.8000,2975.0000,2975.2000,1,1,1,1,6,1,3,4,2,7
SF,IH1911,2019-11-14 09:31:37.500,2974.4000,17271,-1,663062160.000,1,0,1,双平,S,2974.2000,2974.0000,2973.8000,2973.6000,2973.2000,2974.6000,2974.8000,2975.0000,2975.2000,2975.4000,1,1,1,1,6,3,4,2,7,2
SF,IH1911,2019-11-14 09:31:38.000,2974.0000,17268,-3,665739000.000,3,0,3,双平,S,2973.8000,2973.6000,2973.2000,2973.0000,2972.8000,2974.6000,2974.8000,2975.0000,2975.2000,2975.4000,1,1,6,5,1,2,4,2,7,2
SF,IH1911,2019-11-14 09:31:38.500,2974.0000,17268,0,665739000.000,0,-,-,-,-,2974.0000,2973.8000,2973.6000,2973.2000,2973.0000,2974.6000,2974.8000,2975.0000,2975.2000,2975.4000,2,1,1,6,4,2,4,2,7,2
SF,IH1911,2019-11-14 09:31:39.000,2974.0000,17268,0,665739000.000,0,-,-,-,-,2974.0000,2973.8000,2973.6000,2973.4000,2973.2000,2974.4000,2974.6000,2974.8000,2975.0000,2975.2000,2,1,1,1,6,1,2,4,2,7
SF,IH1911,2019-11-14 09:31:39.500,2974.8000,17264,-4,669308520.000,4,0,4,双平,S,2974.0000,2973.8000,2973.6000,2973.4000,2973.2000,2974.8000,2975.0000,2975.2000,2975.4000,2975.6000,2,1,1,1,6,3,2,7,2,2
SF,IH1911,2019-11-14 09:31:40.000,2974.8000,17264,0,669308520.000,0,-,-,-,-,2974.0000,2973.8000,2973.6000,2973.4000,2973.2000,2974.6000,2974.8000,2975.0000,2975.2000,2975.4000,2,1,1,1,6,1,3,2,7,2
SF,IH1911,2019-11-14 09:31:40.500,2974.2000,17263,-1,671093040.000,2,0,2,多平,S,2974.0000,2973.8000,2973.6000,2973.4000,2973.2000,2974.6000,2974.8000,2975.0000,2975.2000,2975.4000,1,1,1,1,6,1,3,2,7,2
SF,IH1911,2019-11-14 09:31:41.000,2974.2000,17263,0,671093040.000,0,-,-,-,-,2974.0000,2973.8000,2973.6000,2973.4000,2973.2000,2974.6000,2974.8000,2975.0000,2975.2000,2975.4000,1,1,1,1,6,1,3,2,7,2
SF,IH1911,2019-11-14 09:31:41.500,2974.2000,17263,0,671093040.000,0,-,-,-,-,2974.0000,2973.8000,2973.6000,2973.4000,2973.2000,2974.6000,2974.8000,2975.0000,2975.2000,2975.4000,1,1,1,1,6,1,3,2,7,2
SF,IH1911,2019-11-14 09:31:42.500,2974.6000,17262,-1,671985420.000,1,0,1,双平,S,2974.4000,2974.0000,2973.8000,2973.6000,2973.4000,2974.8000,2975.0000,2975.2000,2975.4000,2975.6000,6,1,1,1,1,3,2,7,2,2
SF,IH1911,2019-11-14 09:31:43.000,2974.8000,17260,-2,673770300.000,2,0,2,双平,S,2974.4000,2973.8000,2973.6000,2973.4000,2973.2000,2974.8000,2975.0000,2975.2000,2975.4000,2975.6000,6,1,1,1,6,1,2,7,2,2
SF,IH1911,2019-11-14 09:31:43.500,2974.8000,17260,0,673770300.000,0,-,-,-,-,2974.6000,2974.4000,2973.8000,2973.6000,2973.4000,2974.8000,2975.0000,2975.2000,2975.4000,2975.6000,1,6,1,1,1,2,2,7,2,2
SF,IH1911,2019-11-14 09:31:44.000,2974.8000,17259,-1,674662740.000,1,0,1,双平,S,2974.6000,2974.4000,2973.8000,2973.6000,2973.4000,2974.8000,2975.0000,2975.2000,2975.4000,2975.6000,1,7,1,1,1,1,2,7,2,2
SF,IH1911,2019-11-14 09:31:44.500,2975.0000,17258,-1,676447680.000,2,0,2,多平,S,2974.6000,2974.4000,2973.8000,2973.6000,2973.2000,2975.0000,2975.2000,2975.4000,2975.6000,2975.8000,1,7,1,1,6,1,7,3,2,1
SF,IH1911,2019-11-14 09:31:45.500,2975.0000,17257,-1,677340180.000,1,0,1,双平,S,2974.6000,2974.4000,2973.8000,2973.6000,2973.2000,2975.2000,2975.4000,2975.6000,2975.8000,2976.0000,1,7,1,1,6,7,3,2,1,3
SF,IH1911,2019-11-14 09:31:46.000,2975.0000,17257,0,677340180.000,0,-,-,-,-,2974.6000,2974.4000,2973.8000,2973.6000,2973.2000,2975.2000,2975.4000,2975.6000,2975.8000,2976.0000,1,7,1,1,6,7,1,2,1,3
SF,IH1911,2019-11-14 09:31:46.500,2974.6000,17256,-1,678232560.000,1,0,1,双平,S,2974.4000,2973.8000,2973.6000,2973.2000,2973.0000,2975.2000,2975.4000,2975.6000,2975.8000,2976.0000,7,1,1,6,3,7,1,2,1,3
SF,IH1911,2019-11-14 09:31:47.000,2974.6000,17256,0,678232560.000,0,-,-,-,-,2975.0000,2974.6000,2974.4000,2973.8000,2973.6000,2975.2000,2975.4000,2975.6000,2975.8000,2976.0000,1,1,7,1,1,7,1,2,1,3
SF,IH1911,2019-11-14 09:31:47.500,2974.8000,17254,-2,680909880.000,3,0,3,多平,S,2974.4000,2973.6000,2973.2000,2973.0000,2972.8000,2974.8000,2975.0000,2975.2000,2975.4000,2975.6000,7,1,6,3,1,1,2,7,1,2
SF,IH1911,2019-11-14 09:31:48.000,2974.6000,17252,-2,682694700.000,2,0,2,双平,S,2974.4000,2973.6000,2973.2000,2973.0000,2972.8000,2975.0000,2975.2000,2975.4000,2975.6000,2975.8000,7,1,6,3,1,1,7,1,2,1
SF,IH1911,2019-11-14 09:31:48.500,2974.6000,17252,0,682694700.000,0,-,-,-,-,2974.4000,2973.6000,2973.2000,2973.0000,2972.8000,2975.0000,2975.2000,2975.4000,2975.6000,2975.8000,2,1,6,3,1,1,7,1,2,1
SF,IH1911,2019-11-14 09:31:49.000,2974.6000,17252,0,682694700.000,0,-,-,-,-,2974.4000,2973.6000,2973.2000,2973.0000,2972.8000,2975.0000,2975.2000,2975.4000,2975.6000,2975.8000,2,1,6,3,1,1,7,1,2,1
SF,IH1911,2019-11-14 09:31:49.500,2974.6000,17252,0,682694700.000,0,-,-,-,-,2974.4000,2974.0000,2973.6000,2973.2000,2973.0000,2975.2000,2975.4000,2975.6000,2975.8000,2976.0000,2,1,1,6,3,7,1,2,1,3
SF,IH1911,2019-11-14 09:31:50.000,2974.6000,17252,0,682694700.000,0,-,-,-,-,2974.4000,2974.0000,2973.6000,2973.2000,2973.0000,2975.0000,2975.2000,2975.4000,2975.6000,2975.8000,2,1,1,6,3,2,7,2,1,1
SF,IH1911,2019-11-14 09:31:50.500,2974.6000,17252,0,682694700.000,0,-,-,-,-,2974.4000,2974.0000,2973.6000,2973.2000,2973.0000,2974.8000,2975.0000,2975.2000,2975.4000,2975.6000,2,1,1,6,3,1,2,7,2,1
SF,IH1911,2019-11-14 09:31:51.000,2974.8000,17251,-1,683587140.000,1,0,1,双平,S,2974.8000,2974.4000,2974.0000,2973.6000,2973.2000,2975.0000,2975.2000,2975.4000,2975.6000,2975.8000,3,2,1,1,6,2,7,2,1,1
SF,IH1911,2019-11-14 09:31:51.500,2975.0000,17245,-6,688942320.000,6,0,6,双平,S,2975.0000,2974.8000,2974.4000,2974.0000,2973.6000,2975.2000,2975.4000,2975.6000,2975.8000,2976.0000,4,1,2,1,1,4,2,1,1,3
SF,IH1911,2019-11-14 09:31:52.000,2975.4000,17239,-6,695190300.000,7,0,7,多平,S,2974.8000,2974.4000,2974.0000,2973.2000,2973.0000,2975.6000,2975.8000,2976.0000,2976.4000,2976.6000,1,2,1,6,3,1,1,3,1,1
SF,IH1911,2019-11-14 09:31:52.500,2975.4000,17239,0,695190300.000,0,-,-,-,-,2975.2000,2975.0000,2974.8000,2974.4000,2974.0000,2975.6000,2975.8000,2976.0000,2976.2000,2976.4000,1,1,1,2,3,1,1,3,2,1
SF,IH1911,2019-11-14 09:31:53.000,2975.4000,17239,0,695190300.000,0,-,-,-,-,2975.2000,2975.0000,2974.8000,2974.4000,2974.0000,2975.6000,2975.8000,2976.0000,2976.2000,2976.4000,1,1,1,2,3,1,1,3,2,1
SF,IH1911,2019-11-14 09:31:54.000,2975.2000,17238,-1,696082860.000,1,0,1,双平,S,2975.4000,2975.0000,2974.8000,2974.4000,2974.0000,2975.6000,2975.8000,2976.0000,2976.2000,2976.4000,1,1,1,2,3,1,1,3,2,1
SF,IH1911,2019-11-14 09:31:54.500,2975.4000,17231,-7,704116200.000,9,1,8,多平,S,2974.4000,2974.0000,2973.2000,2973.0000,2972.8000,2975.4000,2975.6000,2975.8000,2976.0000,2976.2000,2,3,6,4,1,2,1,1,3,2
SF,IH1911,2019-11-14 09:31:55.000,2975.4000,17231,0,704116200.000,0,-,-,-,-,2974.6000,2974.4000,2974.0000,2973.2000,2973.0000,2975.2000,2975.4000,2975.6000,2975.8000,2976.0000,2,2,3,6,4,1,3,1,1,3
SF,IH1911,2019-11-14 09:31:55.500,2975.4000,17231,0,704116200.000,0,-,-,-,-,2974.6000,2974.4000,2974.0000,2973.2000,2973.0000,2975.2000,2975.4000,2975.6000,2975.8000,2976.0000,2,3,3,6,4,1,3,1,1,3
SF,IH1911,2019-11-14 09:31:56.000,2975.4000,17231,0,704116200.000,0,-,-,-,-,2974.6000,2974.4000,2974.0000,2973.2000,2973.0000,2975.2000,2975.4000,2975.6000,2975.8000,2976.0000,2,4,3,6,4,1,3,1,1,3
SF,IH1911,2019-11-14 09:31:57.500,2975.4000,17231,0,704116200.000,0,-,-,-,-,2974.8000,2974.6000,2974.4000,2974.0000,2973.2000,2975.2000,2975.4000,2975.6000,2975.8000,2976.0000,1,2,4,3,6,1,3,1,1,3
SF,IH1911,2019-11-14 09:31:58.000,2975.4000,17231,0,704116200.000,0,-,-,-,-,2974.8000,2974.6000,2974.4000,2974.0000,2973.2000,2975.2000,2975.4000,2975.6000,2975.8000,2976.0000,1,1,4,4,6,1,3,1,1,3
SF,IH1911,2019-11-14 09:31:58.500,2975.4000,17231,0,704116200.000,0,-,-,-,-,2975.0000,2974.8000,2974.6000,2974.4000,2974.0000,2975.2000,2975.4000,2975.6000,2975.8000,2976.0000,1,1,1,4,4,1,3,1,1,3
SF,IH1911,2019-11-14 09:31:59.000,2975.0000,17231,0,705008700.000,1,0,1,多换,S,2974.6000,2974.4000,2974.0000,2973.8000,2973.2000,2975.2000,2975.4000,2975.6000,2975.8000,2976.0000,1,4,4,1,6,1,3,1,1,3
SF,IH1911,2019-11-14 09:31:59.500,2975.0000,17231,0,705008700.000,0,-,-,-,-,2974.8000,2974.6000,2974.4000,2974.0000,2973.8000,2975.2000,2975.4000,2975.6000,2975.8000,2976.0000,1,1,3,4,1,1,3,1,1,3
SF,IH1911,2019-11-14 09:32:00.000,2975.2000,17230,-1,705901260.000,1,0,1,双平,S,2974.8000,2974.6000,2974.4000,2974.0000,2973.8000,2975.4000,2975.6000,2975.8000,2976.0000,2976.2000,1,1,3,4,1,3,1,1,3,2
SF,IH1911,2019-11-14 09:32:00.500,2974.8000,17229,-1,706793700.000,1,0,1,双平,S,2974.6000,2974.4000,2974.0000,2973.8000,2973.6000,2975.4000,2975.6000,2975.8000,2976.0000,2976.2000,1,3,4,1,1,3,1,1,3,2
SF,IH1911,2019-11-14 09:32:01.000,2974.8000,17229,0,706793700.000,0,-,-,-,-,2974.4000,2974.0000,2973.8000,2973.6000,2973.2000,2975.2000,2975.4000,2975.6000,2975.8000,2976.0000,3,4,1,1,6,1,3,1,1,3
SF,IH1911,2019-11-14 09:32:01.500,2975.0000,17228,-1,707686200.000,1,0,1,双平,S,2974.4000,2974.0000,2973.8000,2973.6000,2973.2000,2975.2000,2975.4000,2975.6000,2975.8000,2976.0000,3,4,1,1,6,1,3,1,1,3
SF,IH1911,2019-11-14 09:32:02.000,2975.0000,17228,0,707686200.000,0,-,-,-,-,2974.4000,2974.0000,2973.8000,2973.6000,2973.2000,2975.0000,2975.2000,2975.4000,2975.6000,2975.8000,3,4,1,1,6,2,1,3,1,1
SF,IH1911,2019-11-14 09:32:03.000,2975.0000,17228,0,707686200.000,0,-,-,-,-,2974.6000,2974.4000,2974.0000,2973.8000,2973.6000,2975.0000,2975.2000,2975.4000,2975.6000,2975.8000,1,3,4,1,1,2,1,3,1,1
SF,IH1911,2019-11-14 09:32:03.500,2974.6000,17226,-2,709471080.000,2,0,2,双平,S,2974.4000,2974.2000,2974.0000,2973.8000,2973.6000,2975.0000,2975.4000,2975.6000,2975.8000,2976.0000,3,1,4,1,1,2,3,1,1,3
SF,IH1911,2019-11-14 09:32:04.000,2974.6000,17226,0,709471080.000,0,-,-,-,-,2974.6000,2974.4000,2974.2000,2974.0000,2973.8000,2975.0000,2975.4000,2975.6000,2975.8000,2976.0000,1,3,1,4,1,2,3,1,1,3
SF,IH1911,2019-11-14 09:32:04.500,2974.6000,17225,-1,710363460.000,1,0,1,双平,S,2974.4000,2974.2000,2974.0000,2973.8000,2973.6000,2975.0000,2975.4000,2975.6000,2975.8000,2976.0000,3,1,4,1,1,2,3,1,1,3
SF,IH1911,2019-11-14 09:32:05.000,2974.6000,17225,0,710363460.000,0,-,-,-,-,2974.4000,2974.2000,2974.0000,2973.8000,2973.6000,2975.0000,2975.4000,2975.6000,2975.8000,2976.0000,3,1,4,1,1,2,3,1,1,3
SF,IH1911,2019-11-14 09:32:05.500,2974.6000,17225,0,710363460.000,0,-,-,-,-,2974.6000,2974.4000,2974.2000,2974.0000,2973.8000,2975.0000,2975.4000,2975.6000,2975.8000,2976.0000,2,3,1,4,1,2,3,1,1,3
SF,IH1911,2019-11-14 09:32:06.000,2975.0000,17224,-1,712148460.000,2,0,2,多平,S,2974.6000,2974.4000,2974.2000,2974.0000,2973.8000,2975.4000,2975.6000,2975.8000,2976.0000,2976.2000,3,4,1,7,1,3,1,1,3,2
SF,IH1911,2019-11-14 09:32:06.500,2975.0000,17224,0,712148460.000,0,-,-,-,-,2974.6000,2974.4000,2974.2000,2974.0000,2973.8000,2975.2000,2975.4000,2975.6000,2975.8000,2976.0000,6,4,1,7,1,1,2,1,1,3
SF,IH1911,2019-11-14 09:32:07.000,2975.0000,17224,0,712148460.000,0,-,-,-,-,2975.0000,2974.8000,2974.6000,2974.4000,2974.2000,2975.2000,2975.4000,2975.6000,2975.8000,2976.0000,2,1,3,4,1,1,2,1,1,3
SF,IH1911,2019-11-14 09:32:07.500,2975.2000,17223,-1,713041020.000,1,0,1,双平,S,2975.2000,2975.0000,2974.8000,2974.6000,2974.4000,2975.4000,2975.6000,2975.8000,2976.0000,2976.2000,1,3,1,2,4,2,1,1,3,2
SF,IH1911,2019-11-14 09:32:08.000,2975.6000,17220,-3,715718940.000,3,0,3,双平,S,2975.4000,2974.8000,2974.6000,2974.4000,2974.2000,2975.8000,2976.0000,2976.2000,2976.4000,2976.6000,1,1,2,4,1,1,3,2,1,1
SF,IH1911,2019-11-14 09:32:08.500,2975.4000,17220,0,716611560.000,1,0,1,多换,S,2975.0000,2974.8000,2974.6000,2974.4000,2974.2000,2975.8000,2976.0000,2976.2000,2976.4000,2976.6000,1,1,1,4,1,1,3,2,1,1
SF,IH1911,2019-11-14 09:32:09.000,2975.8000,17219,-1,717504300.000,1,0,1,双平,S,2975.8000,2975.6000,2975.2000,2975.0000,2974.8000,2976.0000,2976.2000,2976.4000,2976.6000,2976.8000,1,1,1,1,1,3,2,1,1,17
SF,IH1911,2019-11-14 09:32:09.500,2975.8000,17215,-4,721075320.000,4,0,4,双平,S,2975.2000,2975.0000,2974.8000,2974.6000,2974.4000,2975.8000,2976.0000,2976.4000,2976.6000,2976.8000,2,1,1,1,4,3,3,1,1,17
SF,IH1911,2019-11-14 09:32:10.000,2975.8000,17211,-4,724646280.000,4,0,4,双平,S,2975.4000,2975.2000,2975.0000,2974.8000,2974.6000,2976.0000,2976.4000,2976.6000,2976.8000,2977.0000,1,4,1,1,1,3,1,1,17,3
SF,IH1911,2019-11-14 09:32:10.500,2976.0000,17210,-1,725539080.000,1,0,1,双平,S,2976.0000,2975.8000,2975.4000,2975.2000,2975.0000,2976.4000,2976.6000,2976.8000,2977.0000,2977.2000,2,1,2,1,1,1,1,17,3,6
SF,IH1911,2019-11-14 09:32:11.000,2976.0000,17207,-3,728217480.000,3,0,3,双平,S,2975.8000,2975.4000,2975.2000,2975.0000,2974.8000,2976.4000,2976.6000,2976.8000,2977.0000,2977.2000,1,1,1,1,1,4,2,17,3,6
SF,IH1911,2019-11-14 09:32:11.500,2976.0000,17207,0,728217480.000,0,-,-,-,-,2976.0000,2975.8000,2975.2000,2975.0000,2974.8000,2976.4000,2976.6000,2976.8000,2977.0000,2977.2000,3,1,1,1,1,3,2,17,3,6
SF,IH1911,2019-11-14 09:32:12.000,2976.0000,17207,0,728217480.000,0,-,-,-,-,2976.2000,2976.0000,2975.8000,2975.2000,2975.0000,2976.4000,2976.6000,2976.8000,2977.0000,2977.2000,1,3,1,1,1,1,1,17,3,6
SF,IH1911,2019-11-14 09:32:12.500,2976.2000,17207,0,729110340.000,1,0,1,多换,S,2976.0000,2975.8000,2975.0000,2974.8000,2974.6000,2976.2000,2976.4000,2976.6000,2976.8000,2977.0000,2,1,1,1,1,2,1,1,17,3
SF,IH1911,2019-11-14 09:32:13.000,2976.0000,17204,-3,731788740.000,3,0,3,双平,S,2975.8000,2975.0000,2974.8000,2974.6000,2974.4000,2976.0000,2976.4000,2976.6000,2976.8000,2977.0000,1,1,1,2,3,3,1,1,17,3
SF,IH1911,2019-11-14 09:32:13.500,2975.8000,17203,-1,732681480.000,1,0,1,双平,S,2976.0000,2975.0000,2974.8000,2974.6000,2974.4000,2976.4000,2976.6000,2976.8000,2977.0000,2977.2000,1,1,1,2,3,1,1,17,3,6
SF,IH1911,2019-11-14 09:32:14.000,2975.8000,17202,-1,733574220.000,1,0,1,双平,S,2975.0000,2974.8000,2974.6000,2974.4000,2974.2000,2976.4000,2976.6000,2976.8000,2977.0000,2977.2000,1,1,2,3,1,2,2,17,3,6
SF,IH1911,2019-11-14 09:32:14.500,2975.8000,17202,0,733574220.000,0,-,-,-,-,2975.2000,2975.0000,2974.6000,2974.4000,2974.2000,2976.2000,2976.4000,2976.6000,2976.8000,2977.0000,4,5,2,3,1,3,1,2,17,3
SF,IH1911,2019-11-14 09:32:15.000,2975.8000,17202,0,733574220.000,0,-,-,-,-,2976.0000,2975.2000,2975.0000,2974.6000,2974.4000,2976.2000,2976.4000,2976.6000,2976.8000,2977.0000,1,4,5,2,3,2,1,2,17,3
SF,IH1911,2019-11-14 09:32:15.500,2976.0000,17201,-1,734467020.000,1,0,1,双平,S,2975.2000,2975.0000,2974.6000,2974.4000,2974.2000,2976.0000,2976.2000,2976.4000,2976.6000,2976.8000,1,5,2,3,1,1,1,1,2,17
SF,IH1911,2019-11-14 09:32:16.000,2976.0000,17201,0,734467020.000,0,-,-,-,-,2975.4000,2975.2000,2975.0000,2974.8000,2974.6000,2976.2000,2976.4000,2976.6000,2976.8000,2977.0000,1,1,5,4,2,1,1,2,17,3
SF,IH1911,2019-11-14 09:32:16.500,2975.6000,17200,-1,735359700.000,1,0,1,双平,S,2975.6000,2975.4000,2975.0000,2974.8000,2974.6000,2976.2000,2976.4000,2976.6000,2976.8000,2977.0000,1,3,5,4,2,1,1,2,17,3
SF,IH1911,2019-11-14 09:32:17.000,2976.2000,17199,-1,736252560.000,1,0,1,双平,S,2976.2000,2975.6000,2975.4000,2975.0000,2974.8000,2976.4000,2976.6000,2976.8000,2977.0000,2977.2000,1,1,2,5,4,1,2,17,3,6
SF,IH1911,2019-11-14 09:32:17.500,2976.2000,17198,-1,738038280.000,2,0,2,多平,S,2975.6000,2975.4000,2975.0000,2974.8000,2974.6000,2976.0000,2976.2000,2976.4000,2976.6000,2976.8000,1,1,5,4,2,1,3,1,2,17
SF,IH1911,2019-11-14 09:32:18.000,2976.4000,17198,0,739824000.000,2,1,1,多换,S,2976.4000,2976.0000,2975.8000,2975.6000,2975.4000,2976.6000,2976.8000,2977.0000,2977.2000,2977.4000,4,1,2,1,1,2,17,3,6,1
SF,IH1911,2019-11-14 09:32:18.500,2976.4000,17194,-4,743395680.000,4,0,4,双平,S,2976.0000,2975.8000,2975.6000,2975.0000,2974.8000,2976.4000,2976.6000,2976.8000,2977.0000,2977.2000,1,2,1,5,5,3,2,17,3,6
SF,IH1911,2019-11-14 09:32:19.000,2976.4000,17187,-7,749646000.000,7,0,7,双平,S,2976.2000,2975.8000,2975.6000,2975.2000,2975.0000,2976.6000,2976.8000,2977.0000,2977.2000,2977.4000,1,1,1,2,5,2,17,3,6,1
SF,IH1911,2019-11-14 09:32:19.500,2976.4000,17187,0,749646000.000,0,-,-,-,-,2976.2000,2975.8000,2975.6000,2975.2000,2975.0000,2976.6000,2976.8000,2977.0000,2977.2000,2977.4000,1,1,1,2,5,2,17,3,6,3
SF,IH1911,2019-11-14 09:32:20.000,2976.4000,17187,0,749646000.000,0,-,-,-,-,2976.4000,2976.2000,2975.8000,2975.6000,2975.2000,2976.6000,2976.8000,2977.0000,2977.2000,2977.4000,1,2,1,1,2,2,17,3,6,3
SF,IH1911,2019-11-14 09:32:20.500,2976.6000,17185,-2,751431960.000,2,0,2,双平,S,2976.4000,2976.2000,2975.8000,2975.6000,2975.2000,2976.8000,2977.0000,2977.2000,2977.4000,2978.0000,1,2,1,1,2,17,3,6,3,2
SF,IH1911,2019-11-14 09:32:21.000,2976.4000,17184,-1,753217920.000,2,0,2,多平,S,2976.2000,2975.6000,2975.2000,2975.0000,2974.8000,2976.8000,2977.0000,2977.2000,2977.4000,2978.0000,6,1,2,1,5,16,3,6,3,2
SF,IH1911,2019-11-14 09:32:22.000,2976.4000,17184,0,754110840.000,1,0,1,多换,S,2976.2000,2975.6000,2975.2000,2975.0000,2974.8000,2976.8000,2977.0000,2977.2000,2977.4000,2978.0000,6,1,2,1,5,16,3,6,3,2
SF,IH1911,2019-11-14 09:32:22.500,2976.4000,17184,0,754110840.000,0,-,-,-,-,2976.4000,2976.2000,2975.6000,2975.2000,2975.0000,2976.8000,2977.0000,2977.2000,2977.4000,2978.0000,1,6,1,2,1,16,3,6,3,2
SF,IH1911,2019-11-14 09:32:23.000,2976.4000,17182,-2,756789600.000,3,0,3,多平,S,2976.2000,2975.6000,2975.2000,2975.0000,2974.8000,2976.4000,2976.8000,2977.0000,2977.2000,2977.4000,6,1,2,1,5,1,16,3,6,3
SF,IH1911,2019-11-14 09:32:23.500,2976.2000,17180,-2,758575320.000,2,0,2,双平,S,2976.2000,2975.6000,2975.2000,2975.0000,2974.8000,2976.4000,2976.8000,2977.0000,2977.2000,2977.4000,3,1,2,1,5,1,16,3,6,3
SF,IH1911,2019-11-14 09:32:24.000,2976.2000,17176,-4,763039620.000,5,0,5,多平,S,2975.6000,2975.2000,2975.0000,2974.8000,2974.6000,2976.2000,2976.4000,2976.8000,2977.0000,2977.2000,1,2,1,5,2,7,1,16,3,6
SF,IH1911,2019-11-14 09:32:24.500,2975.8000,17176,0,763932360.000,1,0,1,多换,S,2975.6000,2975.2000,2975.0000,2974.8000,2974.6000,2976.2000,2976.4000,2976.8000,2977.0000,2977.2000,1,2,1,5,2,4,1,16,3,6
SF,IH1911,2019-11-14 09:32:25.000,2975.8000,17176,0,764825100.000,1,0,1,多换,S,2975.6000,2975.2000,2975.0000,2974.8000,2974.6000,2976.0000,2976.2000,2976.4000,2976.8000,2977.0000,1,2,1,5,2,2,4,1,16,3
SF,IH1911,2019-11-14 09:32:25.500,2975.8000,17176,0,765717840.000,1,0,1,多换,S,2975.6000,2975.2000,2975.0000,2974.8000,2974.6000,2976.0000,2976.2000,2976.8000,2977.0000,2977.2000,1,2,1,5,2,2,4,16,3,6
SF,IH1911,2019-11-14 09:32:26.000,2975.8000,17176,0,765717840.000,0,-,-,-,-,2975.8000,2975.2000,2975.0000,2974.8000,2974.6000,2976.0000,2976.2000,2976.8000,2977.0000,2977.2000,1,2,1,5,2,2,4,16,3,6
SF,IH1911,2019-11-14 09:32:27.000,2975.8000,17176,0,766610580.000,1,0,1,多换,S,2975.2000,2975.0000,2974.8000,2974.6000,2974.4000,2976.0000,2976.2000,2976.8000,2977.0000,2977.2000,2,1,5,2,2,2,4,16,3,6
SF,IH1911,2019-11-14 09:32:27.500,2975.8000,17176,0,766610580.000,0,-,-,-,-,2975.8000,2975.0000,2974.8000,2974.6000,2974.4000,2976.0000,2976.2000,2976.8000,2977.0000,2977.2000,1,2,5,2,2,2,3,16,3,6
SF,IH1911,2019-11-14 09:32:28.000,2976.0000,17173,-3,769288920.000,3,0,3,双平,S,2976.0000,2975.0000,2974.8000,2974.6000,2974.4000,2976.2000,2976.8000,2977.0000,2977.2000,2977.4000,1,2,5,2,2,3,16,3,6,3
SF,IH1911,2019-11-14 09:32:28.500,2976.0000,17172,-1,770181720.000,1,0,1,双平,S,2975.0000,2974.8000,2974.6000,2974.4000,2974.2000,2976.2000,2976.8000,2977.0000,2977.2000,2977.4000,2,5,2,2,1,3,16,3,6,3
SF,IH1911,2019-11-14 09:32:29.000,2976.0000,17172,0,770181720.000,0,-,-,-,-,2975.2000,2975.0000,2974.8000,2974.6000,2974.4000,2976.2000,2976.8000,2977.0000,2977.2000,2977.4000,5,2,5,2,2,3,16,3,6,3
SF,IH1911,2019-11-14 09:32:29.500,2976.0000,17172,0,770181720.000,0,-,-,-,-,2975.2000,2975.0000,2974.8000,2974.6000,2974.4000,2976.2000,2976.8000,2977.0000,2977.2000,2977.4000,6,2,5,2,2,3,16,3,6,3
SF,IH1911,2019-11-14 09:32:30.000,2976.0000,17172,0,770181720.000,0,-,-,-,-,2975.4000,2975.2000,2975.0000,2974.8000,2974.6000,2976.2000,2976.8000,2977.0000,2977.2000,2977.4000,1,6,2,5,2,3,16,3,6,3
SF,IH1911,2019-11-14 09:32:30.500,2976.0000,17172,0,770181720.000,0,-,-,-,-,2975.6000,2975.4000,2975.2000,2975.0000,2974.8000,2976.0000,2976.2000,2976.8000,2977.0000,2977.2000,1,1,4,2,5,1,3,16,3,6
SF,IH1911,2019-11-14 09:32:31.000,2976.0000,17172,0,771074520.000,1,0,1,多换,S,2975.4000,2975.2000,2975.0000,2974.8000,2974.6000,2976.2000,2976.8000,2977.0000,2977.2000,2977.4000,1,4,2,5,2,3,16,3,6,3
SF,IH1911,2019-11-14 09:32:31.500,2975.6000,17171,-1,771967200.000,1,0,1,双平,S,2975.4000,2975.2000,2975.0000,2974.8000,2974.6000,2976.2000,2976.8000,2977.0000,2977.2000,2977.4000,1,4,2,5,2,3,16,3,6,3
SF,IH1911,2019-11-14 09:32:32.500,2975.4000,17171,0,772859820.000,1,0,1,多换,S,2975.2000,2975.0000,2974.8000,2974.6000,2974.4000,2976.2000,2976.8000,2977.0000,2977.2000,2977.4000,4,3,5,2,2,3,16,3,6,3
SF,IH1911,2019-11-14 09:32:33.000,2975.4000,17171,0,772859820.000,0,-,-,-,-,2975.2000,2975.0000,2974.8000,2974.6000,2974.4000,2976.2000,2976.8000,2977.0000,2977.2000,2977.4000,4,3,5,2,2,3,16,3,6,3
SF,IH1911,2019-11-14 09:32:33.500,2975.4000,17171,0,772859820.000,0,-,-,-,-,2975.4000,2975.2000,2975.0000,2974.8000,2974.6000,2976.2000,2976.8000,2977.0000,2977.2000,2977.4000,1,4,3,5,2,3,16,3,6,3
SF,IH1911,2019-11-14 09:32:34.000,2975.4000,17171,0,772859820.000,0,-,-,-,-,2975.6000,2975.4000,2975.2000,2975.0000,2974.8000,2976.2000,2976.8000,2977.0000,2977.2000,2977.4000,1,1,3,3,5,3,16,3,6,3
SF,IH1911,2019-11-14 09:32:34.500,2976.2000,17170,-1,773752680.000,1,0,1,双平,S,2975.4000,2975.2000,2975.0000,2974.8000,2974.6000,2976.2000,2976.8000,2977.0000,2977.2000,2977.4000,2,3,3,5,2,2,16,3,16,3
SF,IH1911,2019-11-14 09:32:35.000,2976.2000,17170,0,773752680.000,0,-,-,-,-,2975.6000,2975.4000,2975.2000,2975.0000,2974.8000,2976.2000,2976.8000,2977.0000,2977.2000,2977.4000,1,2,3,3,5,2,16,3,16,3
SF,IH1911,2019-11-14 09:32:35.500,2976.2000,17170,0,773752680.000,0,-,-,-,-,2975.6000,2975.4000,2975.2000,2975.0000,2974.8000,2976.2000,2976.8000,2977.0000,2977.2000,2977.4000,1,2,3,3,5,2,16,3,16,3
SF,IH1911,2019-11-14 09:32:36.000,2975.8000,17167,-3,776431140.000,3,0,3,双平,S,2975.8000,2975.6000,2975.4000,2975.2000,2975.0000,2976.8000,2977.0000,2977.2000,2977.4000,2978.0000,1,1,2,2,3,16,3,16,3,1
SF,IH1911,2019-11-14 09:32:36.500,2976.6000,17166,-1,777324120.000,1,0,1,双平,S,2975.8000,2975.4000,2975.2000,2975.0000,2974.8000,2976.6000,2976.8000,2977.0000,2977.2000,2977.4000,1,2,2,3,5,1,20,4,16,3
SF,IH1911,2019-11-14 09:32:37.000,2976.0000,17166,0,778216920.000,1,0,1,多换,S,2975.8000,2975.4000,2975.2000,2975.0000,2974.8000,2976.4000,2976.8000,2977.0000,2977.2000,2977.4000,1,2,2,3,5,1,20,4,16,3
SF,IH1911,2019-11-14 09:32:37.500,2976.8000,17165,-1,779109960.000,1,0,1,双平,S,2976.6000,2976.0000,2975.8000,2975.4000,2975.2000,2976.8000,2977.0000,2977.2000,2977.4000,2978.0000,1,1,1,2,2,19,4,16,3,1
SF,IH1911,2019-11-14 09:32:38.000,2976.6000,17164,-1,780895920.000,2,0,2,多平,S,2976.0000,2975.8000,2975.4000,2975.0000,2974.8000,2976.6000,2976.8000,2977.0000,2977.2000,2977.4000,1,1,2,3,5,6,20,5,16,3
SF,IH1911,2019-11-14 09:32:38.500,2976.6000,17164,0,780895920.000,0,-,-,-,-,2976.2000,2975.8000,2975.4000,2975.0000,2974.8000,2976.4000,2976.6000,2976.8000,2977.0000,2977.2000,1,1,2,3,5,3,1,20,5,16
SF,IH1911,2019-11-14 09:32:39.000,2976.8000,17161,-3,785360880.000,5,1,4,多平,S,2976.2000,2975.8000,2975.4000,2975.0000,2974.8000,2976.8000,2977.0000,2977.2000,2977.4000,2978.0000,1,1,2,3,5,17,4,16,3,1
SF,IH1911,2019-11-14 09:32:39.500,2976.8000,17161,0,785360880.000,0,-,-,-,-,2976.4000,2976.2000,2975.8000,2975.4000,2975.2000,2976.6000,2976.8000,2977.0000,2977.2000,2977.4000,1,1,1,1,2,1,17,4,16,3
SF,IH1911,2019-11-14 09:32:40.000,2976.4000,17160,-1,787146780.000,2,0,2,多平,S,2975.8000,2975.4000,2975.2000,2975.0000,2974.8000,2976.6000,2976.8000,2977.0000,2977.2000,2977.4000,1,1,2,3,5,4,19,4,16,3
SF,IH1911,2019-11-14 09:32:40.500,2976.4000,17160,0,787146780.000,0,-,-,-,-,2976.4000,2976.0000,2975.8000,2975.4000,2975.2000,2976.6000,2976.8000,2977.0000,2977.2000,2977.4000,3,3,4,1,2,1,16,4,16,3
SF,IH1911,2019-11-14 09:32:41.000,2976.4000,17160,0,787146780.000,0,-,-,-,-,2976.0000,2975.8000,2975.4000,2975.2000,2975.0000,2976.6000,2976.8000,2977.0000,2977.2000,2977.4000,4,4,1,2,4,1,14,4,16,3
SF,IH1911,2019-11-14 09:32:41.500,2976.6000,17159,-1,788039760.000,1,0,1,双平,S,2976.2000,2976.0000,2975.8000,2975.4000,2975.2000,2976.8000,2977.0000,2977.2000,2977.4000,2978.0000,2,2,4,1,2,14,4,16,3,1
SF,IH1911,2019-11-14 09:32:42.000,2976.6000,17159,0,789825720.000,2,1,1,多换,S,2976.2000,2976.0000,2975.8000,2975.4000,2975.2000,2976.8000,2977.0000,2977.2000,2977.4000,2978.0000,2,2,1,1,2,14,4,16,3,1
SF,IH1911,2019-11-14 09:32:42.500,2976.6000,17159,0,789825720.000,0,-,-,-,-,2976.4000,2976.2000,2976.0000,2975.8000,2975.2000,2976.8000,2977.0000,2977.2000,2977.4000,2978.0000,1,5,2,1,2,12,4,16,3,1
SF,IH1911,2019-11-14 09:32:43.000,2976.6000,17159,0,789825720.000,0,-,-,-,-,2976.4000,2976.2000,2976.0000,2975.8000,2975.2000,2976.8000,2977.0000,2977.2000,2977.4000,2978.0000,1,3,2,1,3,12,4,16,3,1
SF,IH1911,2019-11-14 09:32:43.500,2976.8000,17159,0,790718760.000,1,0,1,多换,S,2976.6000,2976.4000,2976.2000,2976.0000,2975.8000,2976.8000,2977.0000,2977.2000,2977.4000,2978.0000,3,1,3,2,1,11,4,16,3,1
SF,IH1911,2019-11-14 09:32:44.000,2976.8000,17158,-1,792504840.000,2,0,2,多平,S,2976.6000,2976.4000,2976.2000,2976.0000,2975.8000,2976.8000,2977.0000,2977.2000,2977.4000,2978.0000,3,1,3,2,1,9,4,16,3,1
SF,IH1911,2019-11-14 09:32:44.500,2976.8000,17151,-7,798756120.000,7,0,7,双平,S,2976.6000,2976.4000,2976.2000,2976.0000,2975.8000,2976.8000,2977.0000,2977.2000,2977.4000,2978.0000,3,1,3,2,1,2,4,16,3,1
SF,IH1911,2019-11-14 09:32:45.000,2976.8000,17149,-2,800542200.000,2,0,2,双平,S,2976.8000,2976.6000,2976.4000,2976.2000,2976.0000,2977.0000,2977.2000,2977.4000,2978.0000,2978.8000,1,3,1,3,2,4,16,3,1,3
SF,IH1911,2019-11-14 09:32:45.500,2976.6000,17147,-2,802328280.000,2,0,2,双平,S,2976.4000,2976.2000,2976.0000,2975.8000,2975.6000,2976.8000,2977.0000,2977.2000,2977.4000,2978.0000,2,3,2,1,1,2,5,16,1,1
SF,IH1911,2019-11-14 09:32:46.000,2976.8000,17147,0,803221320.000,1,0,1,多换,S,2976.8000,2976.6000,2976.4000,2976.2000,2976.0000,2977.0000,2977.2000,2977.4000,2978.0000,2978.8000,1,1,2,3,2,5,16,1,1,3
SF,IH1911,2019-11-14 09:32:46.500,2976.8000,17147,0,805007400.000,2,1,1,多换,S,2976.6000,2976.4000,2976.2000,2976.0000,2975.8000,2976.8000,2977.0000,2977.2000,2977.4000,2978.0000,1,2,3,2,1,2,5,16,1,1
SF,IH1911,2019-11-14 09:32:47.000,2976.8000,17145,-2,806793480.000,2,0,2,双平,S,2976.8000,2976.4000,2976.2000,2976.0000,2975.8000,2977.0000,2977.2000,2977.4000,2978.0000,2978.8000,2,2,3,2,1,5,16,1,1,3
SF,IH1911,2019-11-14 09:32:47.500,2977.0000,17144,-1,807686580.000,1,0,1,双平,S,2976.4000,2976.2000,2976.0000,2975.8000,2975.6000,2976.8000,2977.0000,2977.2000,2977.4000,2978.0000,1,3,2,1,1,2,4,16,1,1
SF,IH1911,2019-11-14 09:32:48.000,2977.0000,17143,-1,808579680.000,1,0,1,双平,S,2976.6000,2976.4000,2976.0000,2975.8000,2975.6000,2977.0000,2977.2000,2977.4000,2978.0000,2978.8000,1,1,2,1,1,4,16,1,1,3
SF,IH1911,2019-11-14 09:32:48.500,2977.0000,17143,0,808579680.000,0,-,-,-,-,2976.6000,2976.4000,2976.0000,2975.8000,2975.6000,2977.0000,2977.2000,2977.4000,2978.0000,2978.8000,2,1,2,1,1,4,16,1,1,3
SF,IH1911,2019-11-14 09:32:49.000,2976.8000,17137,-6,813938220.000,6,0,6,双平,S,2976.6000,2976.4000,2976.0000,2975.8000,2975.6000,2977.2000,2977.4000,2978.0000,2978.8000,2979.0000,2,1,2,1,1,16,1,1,3,5
SF,IH1911,2019-11-14 09:32:49.500,2977.0000,17136,-1,814831320.000,1,0,1,双平,S,2976.6000,2976.4000,2976.0000,2975.8000,2975.6000,2977.0000,2977.2000,2977.4000,2978.0000,2978.8000,2,1,2,1,1,1,17,1,1,3
SF,IH1911,2019-11-14 09:32:50.000,2977.0000,17135,-1,815724420.000,1,0,1,双平,S,2977.0000,2976.8000,2976.6000,2976.4000,2976.0000,2977.2000,2977.4000,2978.0000,2978.8000,2979.0000,1,1,2,1,2,17,1,1,3,5
SF,IH1911,2019-11-14 09:32:50.500,2977.0000,17134,-1,816617520.000,1,0,1,双平,S,2976.8000,2976.6000,2976.4000,2976.0000,2975.8000,2977.0000,2977.2000,2977.4000,2978.0000,2978.8000,1,1,1,1,1,3,18,1,1,3
SF,IH1911,2019-11-14 09:32:51.000,2976.8000,17128,-6,821976120.000,6,0,6,双平,S,2976.6000,2976.4000,2976.0000,2975.8000,2975.6000,2977.2000,2977.4000,2978.0000,2978.8000,2979.0000,1,1,1,1,1,17,1,1,3,5
SF,IH1911,2019-11-14 09:32:51.500,2976.8000,17128,0,821976120.000,0,-,-,-,-,2976.4000,2976.0000,2975.8000,2975.6000,2975.4000,2977.2000,2977.4000,2978.0000,2978.8000,2979.0000,1,1,2,1,1,17,1,1,3,5
SF,IH1911,2019-11-14 09:32:52.000,2976.8000,17128,0,821976120.000,0,-,-,-,-,2976.8000,2976.4000,2975.8000,2975.6000,2975.4000,2977.2000,2977.4000,2977.6000,2978.0000,2978.8000,1,1,2,1,1,18,1,1,1,3
SF,IH1911,2019-11-14 09:32:52.500,2977.2000,17126,-2,823762320.000,2,0,2,双平,S,2976.8000,2976.4000,2975.8000,2975.6000,2975.4000,2977.2000,2977.4000,2977.6000,2978.0000,2978.8000,1,1,2,1,1,17,1,1,1,3
SF,IH1911,2019-11-14 09:32:53.000,2976.8000,17125,-1,824655360.000,1,0,1,双平,S,2976.4000,2975.8000,2975.6000,2975.4000,2975.2000,2977.2000,2977.4000,2977.6000,2978.0000,2978.8000,1,2,1,1,3,17,1,1,1,3
SF,IH1911,2019-11-14 09:32:53.500,2976.8000,17124,-1,825548400.000,1,0,1,双平,S,2976.6000,2976.4000,2975.8000,2975.6000,2975.4000,2977.2000,2977.4000,2977.6000,2978.0000,2978.8000,1,1,2,1,1,17,1,1,1,3
SF,IH1911,2019-11-14 09:32:54.000,2977.0000,17120,-4,829120440.000,4,0,4,双平,S,2976.4000,2975.8000,2975.6000,2975.4000,2975.2000,2977.0000,2977.2000,2977.4000,2977.6000,2978.0000,1,2,1,1,3,1,17,1,1,1
SF,IH1911,2019-11-14 09:32:54.500,2976.4000,17119,-1,830906280.000,2,0,2,多平,S,2976.4000,2975.8000,2975.6000,2975.4000,2975.2000,2976.8000,2977.0000,2977.2000,2977.4000,2977.6000,3,2,1,1,3,1,1,20,1,1
SF,IH1911,2019-11-14 09:32:55.000,2976.4000,17119,0,830906280.000,0,-,-,-,-,2976.6000,2975.8000,2975.6000,2975.4000,2975.2000,2977.0000,2977.2000,2977.4000,2977.6000,2978.0000,1,2,1,1,3,1,20,1,1,1
SF,IH1911,2019-11-14 09:32:55.500,2977.0000,17118,-1,831799380.000,1,0,1,双平,S,2976.6000,2975.8000,2975.6000,2975.4000,2975.2000,2977.2000,2977.4000,2977.6000,2978.0000,2978.8000,1,2,1,1,3,20,1,1,1,3
SF,IH1911,2019-11-14 09:32:56.500,2976.6000,17116,-2,833585340.000,2,0,2,双平,S,2975.8000,2975.6000,2975.4000,2975.2000,2975.0000,2977.2000,2977.4000,2977.6000,2978.0000,2978.8000,2,1,1,3,3,20,1,1,1,3
SF,IH1911,2019-11-14 09:32:57.000,2976.6000,17116,0,833585340.000,0,-,-,-,-,2976.2000,2976.0000,2975.8000,2975.6000,2975.4000,2976.4000,2977.0000,2977.2000,2977.4000,2977.6000,1,8,5,1,1,1,1,18,1,1
SF,IH1911,2019-11-14 09:32:57.500,2976.6000,17113,-3,836264220.000,3,0,3,双平,S,2976.6000,2976.4000,2976.2000,2976.0000,2975.8000,2977.2000,2977.4000,2977.6000,2978.0000,2978.8000,1,15,1,4,2,18,1,1,1,3
SF,IH1911,2019-11-14 09:32:58.000,2976.6000,17113,0,836264220.000,0,-,-,-,-,2976.8000,2976.6000,2976.4000,2976.2000,2976.0000,2977.0000,2977.2000,2977.4000,2977.6000,2978.0000,1,1,9,1,2,1,17,1,1,1
SF,IH1911,2019-11-14 09:32:58.500,2976.8000,17112,-1,838050360.000,2,0,2,多平,S,2977.0000,2976.6000,2976.4000,2976.2000,2976.0000,2977.2000,2977.4000,2977.6000,2978.0000,2978.8000,2,1,6,1,2,17,1,1,1,3
SF,IH1911,2019-11-14 09:32:59.000,2977.0000,17110,-2,840729780.000,3,0,3,多平,S,2976.6000,2976.4000,2976.2000,2976.0000,2975.8000,2977.2000,2977.4000,2977.6000,2978.0000,2978.8000,1,5,2,3,2,15,1,1,1,3
SF,IH1911,2019-11-14 09:32:59.500,2977.2000,17108,-2,843409140.000,3,0,3,多平,S,2976.6000,2976.4000,2976.2000,2976.0000,2975.8000,2977.2000,2977.4000,2977.6000,2978.0000,2978.8000,1,5,2,2,2,13,1,1,1,3
SF,IH1911,2019-11-14 09:33:00.000,2976.8000,17108,0,845195340.000,2,1,1,多换,S,2977.0000,2976.8000,2976.6000,2976.4000,2976.2000,2977.2000,2977.4000,2977.6000,2978.0000,2978.8000,1,3,4,5,2,12,1,1,1,3
SF,IH1911,2019-11-14 09:33:00.500,2977.0000,17107,-1,846981540.000,2,0,2,多平,S,2977.0000,2976.8000,2976.6000,2976.4000,2976.2000,2977.2000,2977.4000,2977.6000,2978.0000,2978.8000,9,3,1,4,2,12,2,1,1,3
SF,IH1911,2019-11-14 09:33:01.000,2977.0000,17104,-3,850554060.000,4,0,4,多平,S,2977.0000,2976.8000,2976.6000,2976.4000,2976.2000,2977.2000,2977.4000,2977.6000,2978.0000,2978.8000,7,1,1,4,2,10,2,1,1,3
SF,IH1911,2019-11-14 09:33:01.500,2977.2000,17098,-6,856806180.000,7,0,7,多平,S,2977.0000,2976.8000,2976.6000,2976.4000,2976.2000,2977.2000,2977.4000,2977.6000,2978.0000,2978.8000,8,1,4,4,2,3,2,1,1,3
SF,IH1911,2019-11-14 09:33:02.000,2977.2000,17092,-6,862165140.000,6,0,6,双平,S,2977.2000,2977.0000,2976.8000,2976.6000,2976.4000,2977.4000,2977.6000,2978.0000,2978.8000,2979.0000,5,8,1,4,4,2,1,1,3,4
SF,IH1911,2019-11-14 09:33:02.500,2977.2000,17089,-3,866631060.000,5,1,4,多平,S,2977.2000,2977.0000,2976.8000,2976.6000,2976.4000,2977.6000,2978.0000,2978.8000,2979.0000,2979.2000,1,7,3,4,3,1,1,3,4,1
SF,IH1911,2019-11-14 09:33:03.000,2977.6000,17087,-2,868417620.000,2,0,2,双平,S,2977.4000,2977.2000,2977.0000,2976.8000,2976.6000,2978.0000,2978.4000,2978.8000,2979.0000,2979.2000,3,2,8,3,4,1,2,3,4,1
SF,IH1911,2019-11-14 09:33:03.500,2977.6000,17086,-1,869310900.000,1,0,1,双平,S,2977.4000,2977.2000,2977.0000,2976.8000,2976.6000,2977.8000,2978.0000,2978.4000,2978.8000,2979.0000,5,1,7,3,4,4,2,2,3,4
SF,IH1911,2019-11-14 09:33:04.000,2977.6000,17086,0,870204180.000,1,0,1,多换,S,2977.6000,2977.4000,2977.2000,2977.0000,2976.8000,2977.8000,2978.0000,2978.4000,2978.8000,2979.0000,2,2,1,7,3,9,3,2,3,4
SF,IH1911,2019-11-14 09:33:04.500,2977.6000,17083,-3,873777360.000,4,0,4,多平,S,2977.4000,2977.2000,2977.0000,2976.8000,2976.6000,2977.6000,2977.8000,2978.0000,2978.4000,2978.8000,2,1,7,3,4,1,2,3,2,3
SF,IH1911,2019-11-14 09:33:05.000,2977.8000,17079,-4,877350660.000,4,0,4,双平,S,2977.8000,2977.6000,2977.4000,2977.2000,2977.0000,2978.0000,2978.4000,2978.8000,2979.0000,2979.2000,1,5,2,1,7,3,2,3,4,1
SF,IH1911,2019-11-14 09:33:05.500,2978.0000,17070,-9,885391260.000,9,0,9,双平,S,2978.2000,2978.0000,2977.8000,2977.6000,2977.4000,2978.8000,2979.0000,2979.2000,2979.6000,2979.8000,3,4,1,4,2,3,4,1,4,4
SF,IH1911,2019-11-14 09:33:06.000,2978.2000,17063,-7,891645600.000,7,0,7,双平,S,2978.2000,2978.0000,2977.6000,2977.4000,2977.2000,2978.6000,2978.8000,2979.0000,2979.2000,2979.6000,1,3,3,2,1,4,6,4,1,4
SF,IH1911,2019-11-14 09:33:06.500,2978.6000,17059,-4,895219920.000,4,0,4,双平,S,2978.4000,2978.2000,2978.0000,2977.6000,2977.4000,2978.6000,2978.8000,2979.0000,2979.2000,2979.6000,1,1,4,4,3,2,6,4,1,4
SF,IH1911,2019-11-14 09:33:07.000,2978.4000,17056,-3,898794180.000,4,0,4,多平,S,2978.2000,2978.0000,2977.6000,2977.4000,2977.2000,2978.8000,2979.0000,2979.2000,2979.6000,2979.8000,1,4,2,3,1,3,4,1,4,4
SF,IH1911,2019-11-14 09:33:07.500,2978.8000,17055,-1,899687820.000,1,0,1,双平,S,2978.4000,2978.2000,2978.0000,2977.6000,2977.4000,2978.6000,2978.8000,2979.0000,2979.2000,2979.6000,1,1,3,2,1,1,3,4,1,4
SF,IH1911,2019-11-14 09:33:08.000,2978.4000,17054,-1,901474920.000,2,0,2,多平,S,2978.2000,2978.0000,2977.6000,2977.4000,2977.2000,2978.8000,2979.0000,2979.6000,2979.8000,2980.0000,1,3,2,1,1,3,4,4,4,3
SF,IH1911,2019-11-14 09:33:08.500,2978.8000,17054,0,903262080.000,2,1,1,多换,S,2978.2000,2978.0000,2977.6000,2977.4000,2977.2000,2978.8000,2979.0000,2979.6000,2979.8000,2980.0000,1,3,2,1,1,2,4,4,4,3
SF,IH1911,2019-11-14 09:33:09.000,2978.8000,17054,0,903262080.000,0,-,-,-,-,2978.4000,2978.2000,2978.0000,2977.6000,2977.4000,2978.8000,2979.0000,2979.6000,2979.8000,2980.0000,1,1,3,2,1,2,4,4,4,3
SF,IH1911,2019-11-14 09:33:09.500,2978.8000,17054,0,903262080.000,0,-,-,-,-,2978.4000,2978.2000,2978.0000,2977.6000,2977.4000,2978.8000,2979.0000,2979.6000,2979.8000,2980.0000,1,1,3,2,1,2,4,4,4,3
SF,IH1911,2019-11-14 09:33:10.000,2978.4000,17053,-1,905049120.000,2,0,2,多平,S,2978.0000,2977.6000,2977.4000,2977.2000,2977.0000,2978.4000,2978.6000,2978.8000,2979.0000,2979.6000,3,1,1,1,7,1,2,2,4,4
SF,IH1911,2019-11-14 09:33:10.500,2978.4000,17052,-1,905942640.000,1,0,1,双平,S,2978.4000,2978.2000,2978.0000,2977.6000,2977.4000,2978.8000,2979.0000,2979.6000,2979.8000,2980.0000,6,3,6,1,1,2,4,4,4,3
SF,IH1911,2019-11-14 09:33:11.000,2978.4000,17052,0,905942640.000,0,-,-,-,-,2978.4000,2978.2000,2978.0000,2977.6000,2977.4000,2978.8000,2979.0000,2979.6000,2979.8000,2980.0000,5,1,3,1,1,2,4,4,4,3
SF,IH1911,2019-11-14 09:33:11.500,2978.8000,17051,-1,908623500.000,3,1,2,多平,S,2978.6000,2978.4000,2978.0000,2977.6000,2977.4000,2979.0000,2979.6000,2979.8000,2980.0000,2980.2000,1,5,3,1,1,4,4,4,3,1
SF,IH1911,2019-11-14 09:33:12.000,2978.8000,17051,0,908623500.000,0,-,-,-,-,2978.8000,2978.6000,2978.4000,2978.0000,2977.8000,2979.0000,2979.6000,2979.8000,2980.0000,2980.2000,2,1,3,3,1,4,4,4,3,1
SF,IH1911,2019-11-14 09:33:12.500,2978.8000,17044,-7,915772980.000,8,0,8,多平,S,2978.8000,2978.6000,2978.4000,2978.0000,2977.8000,2979.6000,2979.8000,2980.0000,2980.2000,2980.4000,1,1,3,2,1,4,4,3,1,1
SF,IH1911,2019-11-14 09:33:13.000,2978.8000,17040,-4,919347480.000,4,0,4,双平,S,2978.4000,2978.0000,2977.8000,2977.6000,2977.4000,2978.8000,2979.0000,2979.2000,2979.4000,2979.6000,3,1,1,1,1,3,1,3,7,8
SF,IH1911,2019-11-14 09:33:13.500,2979.0000,17038,-2,921134820.000,2,0,2,双平,S,2979.0000,2978.8000,2978.6000,2978.4000,2978.0000,2979.4000,2979.6000,2979.8000,2980.0000,2980.2000,1,3,1,2,1,7,10,5,3,1
SF,IH1911,2019-11-14 09:33:14.000,2978.8000,17030,-8,930964080.000,11,1,10,多平,S,2978.4000,2977.6000,2977.4000,2977.2000,2977.0000,2979.0000,2979.2000,2979.4000,2979.6000,2979.8000,1,1,1,1,7,16,2,10,8,5
SF,IH1911,2019-11-14 09:33:14.500,2979.0000,17026,-4,934538880.000,4,0,4,双平,S,2978.6000,2978.4000,2977.6000,2977.4000,2977.2000,2979.2000,2979.4000,2979.6000,2979.8000,2980.0000,1,4,1,1,1,2,9,6,5,3
SF,IH1911,2019-11-14 09:33:15.000,2978.6000,17026,0,935432460.000,1,0,1,多换,S,2979.0000,2978.8000,2978.4000,2977.6000,2977.4000,2979.2000,2979.4000,2979.6000,2979.8000,2980.0000,1,2,1,1,1,3,9,6,5,3
SF,IH1911,2019-11-14 09:33:15.500,2978.8000,17024,-2,938113440.000,3,0,3,多平,S,2978.4000,2977.6000,2977.4000,2977.2000,2977.0000,2978.8000,2979.0000,2979.2000,2979.4000,2979.6000,1,1,1,1,6,2,9,3,10,6
SF,IH1911,2019-11-14 09:33:16.000,2978.4000,17022,-2,940794180.000,3,0,3,多平,S,2977.6000,2977.4000,2977.2000,2977.0000,2976.8000,2979.0000,2979.2000,2979.4000,2979.6000,2979.8000,1,1,1,6,3,1,4,9,6,5
SF,IH1911,2019-11-14 09:33:16.500,2978.4000,17021,-1,941687700.000,1,0,1,双平,S,2978.6000,2977.8000,2977.6000,2977.4000,2977.2000,2978.8000,2979.0000,2979.2000,2979.4000,2979.6000,1,15,1,1,1,1,2,3,9,8
SF,IH1911,2019-11-14 09:33:17.000,2978.6000,17019,-2,944368440.000,3,0,3,多平,S,2977.8000,2977.6000,2977.4000,2977.2000,2977.0000,2978.6000,2979.0000,2979.2000,2979.4000,2979.6000,10,1,1,1,6,1,3,3,9,8
SF,IH1911,2019-11-14 09:33:17.500,2978.6000,17018,-1,945262020.000,1,0,1,双平,S,2978.0000,2977.8000,2977.6000,2977.4000,2977.2000,2979.0000,2979.2000,2979.4000,2979.6000,2979.8000,2,6,1,1,1,3,4,9,8,5
SF,IH1911,2019-11-14 09:33:18.000,2978.6000,17018,0,945262020.000,0,-,-,-,-,2978.0000,2977.8000,2977.6000,2977.4000,2977.2000,2978.6000,2979.0000,2979.2000,2979.4000,2979.6000,5,6,1,1,1,1,3,4,9,8
SF,IH1911,2019-11-14 09:33:18.500,2978.6000,17018,0,946155600.000,1,0,1,多换,S,2978.6000,2978.2000,2978.0000,2977.8000,2977.6000,2979.0000,2979.2000,2979.4000,2979.6000,2979.8000,1,1,1,2,1,3,4,9,8,5
SF,IH1911,2019-11-14 09:33:19.000,2978.6000,17016,-2,947942760.000,2,0,2,双平,S,2977.8000,2977.6000,2977.4000,2977.2000,2977.0000,2978.6000,2979.0000,2979.2000,2979.4000,2979.6000,2,1,1,2,6,1,2,4,9,8
SF,IH1911,2019-11-14 09:33:19.500,2978.6000,17015,-1,948836340.000,1,0,1,双平,S,2978.0000,2977.8000,2977.6000,2977.4000,2977.2000,2978.6000,2979.0000,2979.2000,2979.4000,2979.6000,2,4,1,1,2,5,2,4,9,8
SF,IH1911,2019-11-14 09:33:20.000,2978.6000,17015,0,948836340.000,0,-,-,-,-,2978.2000,2978.0000,2977.8000,2977.6000,2977.4000,2978.6000,2979.0000,2979.2000,2979.4000,2979.6000,2,2,5,1,1,5,2,4,9,8
SF,IH1911,2019-11-14 09:33:20.500,2978.6000,17014,-1,949729920.000,1,0,1,双平,S,2978.4000,2978.2000,2978.0000,2977.8000,2977.6000,2978.6000,2979.0000,2979.2000,2979.4000,2979.6000,1,3,1,5,1,4,2,4,9,8
SF,IH1911,2019-11-14 09:33:21.000,2978.6000,17013,-1,951517020.000,2,0,2,多平,S,2978.2000,2978.0000,2977.8000,2977.6000,2977.4000,2978.6000,2979.0000,2979.2000,2979.4000,2979.6000,2,1,5,1,1,3,2,4,9,8
SF,IH1911,2019-11-14 09:33:21.500,2978.6000,17012,-1,952410600.000,1,0,1,双平,S,2978.4000,2978.2000,2978.0000,2977.8000,2977.6000,2978.6000,2979.0000,2979.2000,2979.4000,2979.6000,2,2,1,5,1,2,2,4,9,8
SF,IH1911,2019-11-14 09:33:22.000,2978.4000,17013,1,953304120.000,1,1,0,双开,S,2978.4000,2978.2000,2978.0000,2977.8000,2977.6000,2978.6000,2979.0000,2979.2000,2979.4000,2979.6000,1,2,1,5,1,2,2,4,7,8
SF,IH1911,2019-11-14 09:33:22.500,2978.6000,17012,-1,955091280.000,2,0,2,多平,S,2978.4000,2978.2000,2978.0000,2977.8000,2977.6000,2979.0000,2979.2000,2979.4000,2979.6000,2979.8000,1,1,1,5,1,2,4,7,8,6
SF,IH1911,2019-11-14 09:33:23.000,2978.4000,17010,-2,957771840.000,3,0,3,多平,S,2978.2000,2978.0000,2977.8000,2977.6000,2977.4000,2978.4000,2978.6000,2979.0000,2979.2000,2979.4000,1,1,5,1,1,1,3,2,4,7
SF,IH1911,2019-11-14 09:33:23.500,2978.4000,17009,-1,958665360.000,1,0,1,双平,S,2978.8000,2978.4000,2978.2000,2978.0000,2977.8000,2979.0000,2979.2000,2979.4000,2979.6000,2979.8000,1,3,1,1,5,2,4,7,8,6
SF,IH1911,2019-11-14 09:33:24.000,2978.8000,17008,-1,959559000.000,1,0,1,双平,S,2978.4000,2978.2000,2978.0000,2977.8000,2977.6000,2978.8000,2979.0000,2979.2000,2979.4000,2979.6000,2,1,1,4,1,7,2,4,7,8
SF,IH1911,2019-11-14 09:33:24.500,2978.8000,17008,0,959559000.000,0,-,-,-,-,2978.4000,2978.2000,2978.0000,2977.8000,2977.6000,2978.8000,2979.0000,2979.2000,2979.4000,2979.6000,1,1,1,4,1,4,2,4,8,8
SF,IH1911,2019-11-14 09:33:25.000,2978.8000,17008,0,962239920.000,3,1,2,多换,S,2978.6000,2978.4000,2978.2000,2978.0000,2977.8000,2978.8000,2979.0000,2979.2000,2979.4000,2979.6000,1,1,1,1,4,1,2,4,8,8
SF,IH1911,2019-11-14 09:33:25.500,2979.0000,17008,0,963133620.000,1,0,1,多换,S,2978.6000,2978.4000,2978.2000,2978.0000,2977.8000,2978.8000,2979.0000,2979.2000,2979.4000,2979.6000,1,1,1,1,4,1,1,4,8,8
SF,IH1911,2019-11-14 09:33:26.000,2978.8000,17007,-1,964027260.000,1,0,1,双平,S,2978.6000,2978.2000,2978.0000,2977.8000,2977.6000,2979.0000,2979.2000,2979.4000,2979.6000,2979.8000,1,1,1,4,1,1,4,8,8,6
SF,IH1911,2019-11-14 09:33:26.500,2978.8000,17007,0,964027260.000,0,-,-,-,-,2978.6000,2978.2000,2978.0000,2977.8000,2977.6000,2979.0000,2979.2000,2979.4000,2979.6000,2979.8000,1,1,1,4,1,2,4,8,8,6
SF,IH1911,2019-11-14 09:33:27.000,2978.8000,17006,-1,964920900.000,1,0,1,双平,S,2978.6000,2978.2000,2978.0000,2977.8000,2977.6000,2979.0000,2979.2000,2979.4000,2979.6000,2979.8000,1,1,1,4,1,2,3,8,8,6
SF,IH1911,2019-11-14 09:33:27.500,2979.0000,17005,-1,965814600.000,1,0,1,双平,S,2978.6000,2978.2000,2978.0000,2977.8000,2977.6000,2979.0000,2979.2000,2979.4000,2979.6000,2979.8000,1,1,1,4,1,1,3,8,8,6
SF,IH1911,2019-11-14 09:33:28.000,2979.0000,17005,0,965814600.000,0,-,-,-,-,2978.6000,2978.2000,2978.0000,2977.8000,2977.6000,2979.0000,2979.2000,2979.4000,2979.6000,2979.8000,1,1,2,4,1,1,3,8,8,6
SF,IH1911,2019-11-14 09:33:28.500,2979.0000,17005,0,965814600.000,0,-,-,-,-,2978.8000,2978.6000,2978.2000,2978.0000,2977.8000,2979.0000,2979.2000,2979.4000,2979.6000,2979.8000,2,1,1,2,4,1,3,8,8,6
SF,IH1911,2019-11-14 09:33:29.000,2979.0000,17004,-1,966708300.000,1,0,1,双平,S,2978.8000,2978.2000,2978.0000,2977.8000,2977.6000,2979.2000,2979.4000,2979.6000,2979.8000,2980.0000,2,1,2,3,1,3,8,8,6,3
SF,IH1911,2019-11-14 09:33:29.500,2979.2000,17003,-1,967602060.000,1,0,1,双平,S,2979.0000,2978.8000,2978.6000,2978.2000,2978.0000,2979.2000,2979.4000,2979.6000,2979.8000,2980.0000,1,2,1,1,2,2,7,8,6,3
SF,IH1911,2019-11-14 09:33:30.000,2979.0000,17003,0,968495760.000,1,0,1,多换,S,2978.8000,2978.6000,2978.2000,2978.0000,2977.8000,2979.0000,2979.2000,2979.4000,2979.6000,2979.8000,2,1,1,2,3,1,3,5,7,6
SF,IH1911,2019-11-14 09:33:30.500,2979.2000,17003,0,970283220.000,2,1,1,多换,S,2978.8000,2978.6000,2978.2000,2978.0000,2977.8000,2979.4000,2979.6000,2979.8000,2980.0000,2980.2000,2,1,1,2,3,5,7,6,3,1
SF,IH1911,2019-11-14 09:33:31.000,2979.2000,17003,0,970283220.000,0,-,-,-,-,2979.0000,2978.8000,2978.6000,2978.2000,2978.0000,2979.4000,2979.6000,2979.8000,2980.0000,2980.2000,2,3,1,1,2,8,7,6,3,1
SF,IH1911,2019-11-14 09:33:31.500,2979.2000,17003,0,970283220.000,0,-,-,-,-,2979.0000,2978.8000,2978.6000,2978.2000,2978.0000,2979.4000,2979.6000,2979.8000,2980.0000,2980.2000,2,3,1,1,2,8,6,6,3,1
SF,IH1911,2019-11-14 09:33:32.000,2979.2000,17003,0,970283220.000,0,-,-,-,-,2979.0000,2978.8000,2978.6000,2978.2000,2978.0000,2979.4000,2979.6000,2979.8000,2980.0000,2980.2000,3,3,1,1,2,7,6,6,3,1
SF,IH1911,2019-11-14 09:33:32.500,2979.4000,17001,-2,972070860.000,2,0,2,双平,S,2979.0000,2978.8000,2978.6000,2978.2000,2978.0000,2979.4000,2979.6000,2979.8000,2980.0000,2980.2000,3,3,1,1,2,5,6,6,3,1
SF,IH1911,2019-11-14 09:33:33.000,2979.6000,16994,-7,978327720.000,7,0,7,双平,S,2979.4000,2979.2000,2979.0000,2978.8000,2978.6000,2979.6000,2979.8000,2980.0000,2980.2000,2980.4000,5,3,3,3,1,4,6,4,1,1
SF,IH1911,2019-11-14 09:33:33.500,2979.2000,16990,-4,983690940.000,6,1,5,多平,S,2979.0000,2978.8000,2978.6000,2978.4000,2978.2000,2979.4000,2979.8000,2980.0000,2980.2000,2980.4000,3,3,1,1,1,1,5,4,1,1
SF,IH1911,2019-11-14 09:33:34.000,2979.4000,16989,-1,984584760.000,1,0,1,双平,S,2979.6000,2979.4000,2979.2000,2979.0000,2978.8000,2979.8000,2980.0000,2980.2000,2980.4000,2980.6000,1,5,2,5,3,5,4,1,1,2
SF,IH1911,2019-11-14 09:33:34.500,2979.8000,16988,-1,986372640.000,2,0,2,多平,S,2979.6000,2979.4000,2979.0000,2978.8000,2978.6000,2979.8000,2980.0000,2980.2000,2980.4000,2980.6000,1,3,5,3,1,4,4,1,1,2
SF,IH1911,2019-11-14 09:33:35.000,2980.0000,16982,-6,991736400.000,6,0,6,双平,S,2979.8000,2979.6000,2979.4000,2979.0000,2978.8000,2980.0000,2980.2000,2980.4000,2980.6000,2981.0000,3,1,2,4,3,2,2,1,2,3
SF,IH1911,2019-11-14 09:33:35.500,2980.0000,16980,-2,994418340.000,3,0,3,多平,S,2979.6000,2979.4000,2979.0000,2978.8000,2978.6000,2980.2000,2980.4000,2980.6000,2981.0000,2981.6000,1,2,4,3,1,2,1,2,4,1
SF,IH1911,2019-11-14 09:33:36.000,2980.2000,16978,-2,996206460.000,2,0,2,双平,S,2979.8000,2979.6000,2979.4000,2979.0000,2978.8000,2980.2000,2980.4000,2980.6000,2981.0000,2981.6000,1,1,2,4,2,1,1,2,4,1
SF,IH1911,2019-11-14 09:33:36.500,2980.2000,16978,0,996206460.000,0,-,-,-,-,2979.8000,2979.6000,2979.4000,2979.0000,2978.8000,2980.2000,2980.4000,2980.6000,2981.0000,2981.6000,1,1,2,4,2,1,1,2,4,1
SF,IH1911,2019-11-14 09:33:37.000,2979.8000,16978,0,997100400.000,1,0,1,多换,S,2979.6000,2979.4000,2979.0000,2978.8000,2978.6000,2979.8000,2980.2000,2980.4000,2980.6000,2981.0000,1,2,4,2,1,1,1,1,2,4
SF,IH1911,2019-11-14 09:33:37.500,2979.4000,16977,-1,999782040.000,3,1,2,多平,S,2979.4000,2979.0000,2978.8000,2978.6000,2978.2000,2979.6000,2979.8000,2980.2000,2980.4000,2980.6000,1,4,2,1,1,1,1,1,1,2
SF,IH1911,2019-11-14 09:33:38.000,2979.4000,16977,0,999782040.000,0,-,-,-,-,2979.6000,2979.0000,2978.8000,2978.6000,2978.2000,2979.8000,2980.2000,2980.4000,2980.6000,2981.0000,1,4,2,1,1,1,1,1,2,4
SF,IH1911,2019-11-14 09:33:38.500,2979.6000,16977,0,1001569740.000,2,1,1,多换,S,2979.0000,2978.8000,2978.6000,2978.2000,2978.0000,2979.6000,2979.8000,2980.2000,2980.4000,2980.6000,4,2,1,1,2,1,2,1,1,2
SF,IH1911,2019-11-14 09:33:39.000,2979.6000,16977,0,1001569740.000,0,-,-,-,-,2979.0000,2978.8000,2978.6000,2978.2000,2978.0000,2979.8000,2980.2000,2980.4000,2980.6000,2981.0000,5,2,1,1,2,2,1,1,2,4
SF,IH1911,2019-11-14 09:33:39.500,2979.6000,16977,0,1001569740.000,0,-,-,-,-,2979.0000,2978.8000,2978.6000,2978.2000,2978.0000,2979.8000,2980.2000,2980.4000,2980.6000,2981.0000,5,2,1,1,2,2,1,3,2,4
SF,IH1911,2019-11-14 09:33:40.000,2979.6000,16977,0,1001569740.000,0,-,-,-,-,2979.2000,2979.0000,2978.8000,2978.6000,2978.0000,2979.8000,2980.2000,2980.4000,2980.6000,2981.0000,1,5,2,1,2,2,1,3,2,4
SF,IH1911,2019-11-14 09:33:41.500,2979.8000,16970,-7,1007827140.000,7,0,7,双平,S,2979.8000,2979.0000,2978.8000,2978.6000,2978.0000,2980.2000,2980.4000,2980.6000,2981.0000,2981.6000,1,5,2,1,2,1,3,2,4,1
SF,IH1911,2019-11-14 09:33:42.000,2979.8000,16968,-2,1009615020.000,2,0,2,双平,S,2979.0000,2978.8000,2978.6000,2978.4000,2978.0000,2979.8000,2980.2000,2980.4000,2980.6000,2981.0000,5,2,1,2,2,11,3,3,2,4
SF,IH1911,2019-11-14 09:33:42.500,2979.8000,16968,0,1009615020.000,0,-,-,-,-,2979.0000,2978.8000,2978.6000,2978.4000,2978.0000,2979.6000,2980.0000,2980.2000,2980.4000,2980.6000,4,2,1,2,3,2,2,2,3,2
SF,IH1911,2019-11-14 09:33:43.000,2979.6000,16966,-2,1011402660.000,2,0,2,双平,S,2979.2000,2979.0000,2978.8000,2978.6000,2978.4000,2980.2000,2980.4000,2980.6000,2981.0000,2981.6000,2,4,2,1,2,2,3,2,4,1
SF,IH1911,2019-11-14 09:33:43.500,2979.6000,16965,-1,1012296540.000,1,0,1,双平,S,2979.0000,2978.8000,2978.6000,2978.4000,2978.0000,2979.6000,2980.0000,2980.2000,2980.4000,2980.6000,5,2,1,2,3,5,12,2,4,2
SF,IH1911,2019-11-14 09:33:44.000,2979.6000,16965,0,1012296540.000,0,-,-,-,-,2979.0000,2978.8000,2978.6000,2978.4000,2978.0000,2979.4000,2980.0000,2980.2000,2980.4000,2980.6000,7,2,1,2,3,1,3,2,4,2
SF,IH1911,2019-11-14 09:33:44.500,2979.6000,16965,0,1013190420.000,1,0,1,多换,S,2979.0000,2978.8000,2978.6000,2978.4000,2978.0000,2980.0000,2980.2000,2980.4000,2980.6000,2981.0000,5,2,1,2,3,2,2,4,2,4
SF,IH1911,2019-11-14 09:33:45.000,2979.6000,16965,0,1013190420.000,0,-,-,-,-,2979.2000,2979.0000,2978.6000,2978.4000,2978.0000,2979.6000,2980.0000,2980.4000,2980.6000,2981.0000,1,7,1,2,3,1,4,4,2,4
SF,IH1911,2019-11-14 09:33:45.500,2979.6000,16964,-1,1014084300.000,1,0,1,双平,S,2979.2000,2979.0000,2978.6000,2978.4000,2978.0000,2980.0000,2980.4000,2980.6000,2981.0000,2981.6000,1,7,1,2,3,4,4,2,4,1
SF,IH1911,2019-11-14 09:33:46.000,2979.6000,16964,0,1014084300.000,0,-,-,-,-,2979.4000,2979.0000,2978.6000,2978.4000,2978.0000,2980.0000,2980.4000,2980.6000,2981.0000,2981.6000,3,5,1,2,3,4,4,2,4,1
SF,IH1911,2019-11-14 09:33:46.500,2979.6000,16964,0,1014084300.000,0,-,-,-,-,2979.4000,2979.0000,2978.6000,2978.4000,2978.0000,2980.0000,2980.4000,2980.6000,2981.0000,2981.6000,3,5,1,2,3,4,4,2,4,1
SF,IH1911,2019-11-14 09:33:47.000,2979.6000,16964,0,1014084300.000,0,-,-,-,-,2979.4000,2979.0000,2978.6000,2978.4000,2978.0000,2979.6000,2980.0000,2980.4000,2980.6000,2981.0000,3,5,1,2,3,3,4,4,2,4
SF,IH1911,2019-11-14 09:33:47.500,2980.0000,16963,-1,1014978300.000,1,0,1,双平,S,2979.4000,2979.2000,2979.0000,2978.6000,2978.4000,2980.0000,2980.4000,2980.6000,2981.0000,2981.6000,3,1,5,1,2,3,4,2,4,1
SF,IH1911,2019-11-14 09:33:48.000,2980.0000,16963,0,1014978300.000,0,-,-,-,-,2979.4000,2979.2000,2979.0000,2978.6000,2978.4000,2980.0000,2980.4000,2980.6000,2981.0000,2981.6000,2,1,5,1,2,3,4,2,4,1
SF,IH1911,2019-11-14 09:33:48.500,2980.0000,16963,0,1014978300.000,0,-,-,-,-,2979.6000,2979.2000,2979.0000,2978.6000,2978.4000,2980.0000,2980.4000,2980.6000,2981.0000,2981.6000,1,1,5,1,2,7,4,2,4,1
SF,IH1911,2019-11-14 09:33:49.000,2979.6000,16962,-1,1015872180.000,1,0,1,双平,S,2979.2000,2979.0000,2978.6000,2978.4000,2978.2000,2979.6000,2979.8000,2980.0000,2980.4000,2980.6000,1,5,1,2,1,4,5,4,4,2
SF,IH1911,2019-11-14 09:33:49.500,2979.2000,16962,0,1016765940.000,1,0,1,多换,S,2979.0000,2978.6000,2978.4000,2978.2000,2978.0000,2979.2000,2979.8000,2980.0000,2980.4000,2980.6000,5,1,2,1,3,2,6,4,4,2
SF,IH1911,2019-11-14 09:33:50.000,2979.8000,16960,-2,1019447400.000,3,0,3,多平,S,2979.6000,2979.4000,2979.2000,2979.0000,2978.6000,2979.8000,2980.0000,2980.4000,2980.6000,2981.0000,1,2,3,5,1,5,4,4,2,4
SF,IH1911,2019-11-14 09:33:50.500,2979.4000,16958,-2,1022128920.000,3,0,3,多平,S,2979.2000,2979.0000,2978.6000,2978.4000,2978.2000,2979.6000,2979.8000,2980.0000,2980.4000,2980.6000,3,7,1,3,1,3,5,4,4,2
SF,IH1911,2019-11-14 09:33:51.000,2979.6000,16956,-2,1023916560.000,2,0,2,双平,S,2979.6000,2979.2000,2979.0000,2978.6000,2978.4000,2979.8000,2980.0000,2980.4000,2980.6000,2981.0000,4,2,5,1,3,5,5,4,2,4
SF,IH1911,2019-11-14 09:33:51.500,2979.8000,16955,-1,1024810500.000,1,0,1,双平,S,2979.6000,2979.2000,2979.0000,2978.6000,2978.4000,2979.8000,2980.0000,2980.4000,2980.6000,2981.0000,1,2,5,1,3,4,6,4,2,4
SF,IH1911,2019-11-14 09:33:52.000,2979.8000,16955,0,1024810500.000,0,-,-,-,-,2979.2000,2979.0000,2978.6000,2978.4000,2978.2000,2979.6000,2979.8000,2980.0000,2980.4000,2980.6000,2,5,2,3,1,2,4,6,4,2
SF,IH1911,2019-11-14 09:33:52.500,2979.4000,16955,0,1025704320.000,1,0,1,多换,S,2979.2000,2979.0000,2978.6000,2978.4000,2978.2000,2979.6000,2979.8000,2980.0000,2980.4000,2980.6000,2,5,2,3,1,2,3,6,4,2
SF,IH1911,2019-11-14 09:33:53.000,2979.4000,16955,0,1025704320.000,0,-,-,-,-,2979.2000,2979.0000,2978.6000,2978.4000,2978.2000,2979.8000,2980.0000,2980.4000,2980.6000,2981.0000,1,5,2,3,1,3,6,4,2,4
SF,IH1911,2019-11-14 09:33:53.500,2979.2000,16952,-3,1028385960.000,3,0,3,双平,S,2979.0000,2978.6000,2978.4000,2978.2000,2978.0000,2979.8000,2980.0000,2980.4000,2980.6000,2981.0000,5,2,3,1,3,1,6,4,2,4
SF,IH1911,2019-11-14 09:33:54.000,2979.8000,16952,0,1030173780.000,2,1,1,多换,S,2979.0000,2978.6000,2978.4000,2978.2000,2978.0000,2980.0000,2980.4000,2980.6000,2981.0000,2981.6000,5,2,3,1,3,6,4,2,4,1
SF,IH1911,2019-11-14 09:33:54.500,2979.0000,16948,-4,1033748580.000,4,0,4,双平,S,2979.2000,2979.0000,2978.6000,2978.4000,2978.2000,2979.4000,2979.8000,2980.0000,2980.4000,2980.6000,1,1,2,3,1,2,3,6,4,2
SF,IH1911,2019-11-14 09:33:55.000,2979.0000,16946,-2,1035536040.000,2,0,2,双平,S,2978.6000,2978.4000,2978.2000,2978.0000,2977.8000,2979.0000,2979.2000,2979.8000,2980.0000,2980.4000,2,3,1,3,4,1,9,1,9,4
SF,IH1911,2019-11-14 09:33:55.500,2979.0000,16946,0,1035536040.000,0,-,-,-,-,2978.8000,2978.6000,2978.4000,2978.2000,2978.0000,2979.2000,2979.6000,2979.8000,2980.0000,2980.4000,1,2,1,1,2,5,1,2,9,4
SF,IH1911,2019-11-14 09:33:56.000,2979.0000,16945,-1,1036429740.000,1,0,1,双平,S,2978.8000,2978.6000,2978.4000,2978.2000,2978.0000,2979.0000,2979.2000,2979.6000,2979.8000,2980.0000,1,2,1,1,2,1,3,1,2,9
SF,IH1911,2019-11-14 09:33:56.500,2979.0000,16945,0,1036429740.000,0,-,-,-,-,2978.8000,2978.6000,2978.4000,2978.2000,2978.0000,2979.0000,2979.2000,2979.6000,2979.8000,2980.0000,1,2,1,1,2,2,1,1,4,9
SF,IH1911,2019-11-14 09:33:57.000,2979.2000,16943,-2,1038217200.000,2,0,2,双平,S,2979.4000,2979.2000,2979.0000,2978.8000,2978.6000,2979.6000,2979.8000,2980.0000,2980.4000,2980.6000,1,2,1,1,2,1,4,9,4,2
SF,IH1911,2019-11-14 09:33:57.500,2979.4000,16942,-1,1039111020.000,1,0,1,双平,S,2979.0000,2978.6000,2978.4000,2978.2000,2978.0000,2979.4000,2979.6000,2979.8000,2980.0000,2980.4000,1,2,1,1,2,7,1,4,9,3
SF,IH1911,2019-11-14 09:33:58.000,2979.4000,16942,0,1039111020.000,0,-,-,-,-,2979.2000,2979.0000,2978.6000,2978.4000,2978.2000,2979.4000,2979.6000,2979.8000,2980.0000,2980.4000,1,1,2,1,1,1,1,4,9,3
SF,IH1911,2019-11-14 09:33:58.500,2979.4000,16941,-1,1040004840.000,1,0,1,双平,S,2979.2000,2979.0000,2978.6000,2978.4000,2978.2000,2979.6000,2979.8000,2980.0000,2980.4000,2980.6000,1,1,2,1,1,1,4,9,3,2
SF,IH1911,2019-11-14 09:34:00.000,2979.4000,16941,0,1040004840.000,0,-,-,-,-,2979.2000,2979.0000,2978.6000,2978.4000,2978.2000,2979.4000,2979.6000,2979.8000,2980.0000,2980.4000,1,1,2,1,1,5,2,4,9,3
SF,IH1911,2019-11-14 09:34:00.500,2979.2000,16940,-1,1040898600.000,1,0,1,双平,S,2979.0000,2978.6000,2978.4000,2978.2000,2978.0000,2979.4000,2979.6000,2979.8000,2980.0000,2980.4000,1,2,1,1,2,5,4,3,9,3
SF,IH1911,2019-11-14 09:34:01.000,2979.2000,16940,0,1040898600.000,0,-,-,-,-,2979.0000,2978.8000,2978.6000,2978.4000,2978.2000,2979.2000,2979.4000,2979.6000,2979.8000,2980.0000,1,1,2,1,1,1,7,1,3,9
SF,IH1911,2019-11-14 09:34:01.500,2979.2000,16940,0,1040898600.000,0,-,-,-,-,2979.0000,2978.8000,2978.6000,2978.4000,2978.2000,2979.2000,2979.4000,2979.6000,2979.8000,2980.0000,1,1,2,1,1,1,5,1,3,9
SF,IH1911,2019-11-14 09:34:02.000,2979.2000,16940,0,1041792360.000,1,0,1,多换,S,2979.0000,2978.8000,2978.6000,2978.4000,2978.2000,2979.2000,2979.4000,2979.6000,2979.8000,2980.0000,1,1,2,1,1,2,5,1,3,9
SF,IH1911,2019-11-14 09:34:02.500,2979.2000,16938,-2,1043579820.000,2,0,2,双平,S,2978.8000,2978.6000,2978.4000,2978.2000,2978.0000,2979.0000,2979.4000,2979.6000,2979.8000,2980.0000,1,2,1,1,2,1,5,1,3,9
SF,IH1911,2019-11-14 09:34:03.000,2979.0000,16935,-3,1046260980.000,3,0,3,双平,S,2978.8000,2978.6000,2978.4000,2978.2000,2978.0000,2979.4000,2979.6000,2979.8000,2980.0000,2980.4000,1,2,1,1,2,5,1,3,9,3
SF,IH1911,2019-11-14 09:34:03.500,2979.0000,16935,0,1046260980.000,0,-,-,-,-,2978.8000,2978.6000,2978.4000,2978.2000,2978.0000,2979.4000,2979.6000,2979.8000,2980.0000,2980.4000,1,2,1,1,2,5,1,3,9,3
SF,IH1911,2019-11-14 09:34:04.000,2979.0000,16935,0,1046260980.000,0,-,-,-,-,2979.0000,2978.8000,2978.6000,2978.4000,2978.2000,2979.4000,2979.6000,2979.8000,2980.0000,2980.4000,1,1,2,1,1,5,1,3,9,3
SF,IH1911,2019-11-14 09:34:04.500,2978.8000,16933,-2,1048048320.000,2,0,2,双平,S,2978.6000,2978.4000,2978.2000,2978.0000,2977.8000,2979.0000,2979.2000,2979.4000,2979.6000,2979.8000,2,1,1,2,4,5,2,5,1,3
SF,IH1911,2019-11-14 09:34:05.000,2979.0000,16933,0,1048942020.000,1,0,1,多换,S,2978.6000,2978.4000,2978.2000,2978.0000,2977.8000,2979.4000,2979.6000,2979.8000,2980.0000,2980.4000,2,1,1,2,4,5,1,3,9,3
SF,IH1911,2019-11-14 09:34:05.500,2978.6000,16932,-1,1049835600.000,1,0,1,双平,S,2978.6000,2978.4000,2978.2000,2978.0000,2977.8000,2979.0000,2979.2000,2979.4000,2979.6000,2979.8000,1,1,1,2,4,1,1,5,1,3
SF,IH1911,2019-11-14 09:34:06.000,2979.0000,16931,-1,1051622880.000,2,0,2,多平,S,2978.4000,2978.2000,2978.0000,2977.8000,2977.6000,2979.2000,2979.4000,2979.6000,2979.8000,2980.0000,1,1,2,4,3,1,5,1,3,9
SF,IH1911,2019-11-14 09:34:06.500,2979.0000,16931,0,1051622880.000,0,-,-,-,-,2978.4000,2978.2000,2978.0000,2977.8000,2977.6000,2979.2000,2979.4000,2979.6000,2979.8000,2980.0000,1,1,2,4,3,1,5,1,3,9
SF,IH1911,2019-11-14 09:34:07.000,2979.0000,16931,0,1051622880.000,0,-,-,-,-,2978.4000,2978.2000,2978.0000,2977.8000,2977.6000,2979.0000,2979.2000,2979.4000,2979.6000,2979.8000,1,1,2,4,3,1,1,5,1,3
SF,IH1911,2019-11-14 09:34:07.500,2978.4000,16930,-1,1052516400.000,1,0,1,双平,S,2978.2000,2978.0000,2977.8000,2977.6000,2977.4000,2979.0000,2979.2000,2979.4000,2979.6000,2979.8000,1,2,4,3,2,2,1,5,1,3
SF,IH1911,2019-11-14 09:34:08.000,2978.4000,16930,0,1052516400.000,0,-,-,-,-,2978.6000,2978.2000,2978.0000,2977.8000,2977.6000,2979.0000,2979.2000,2979.4000,2979.6000,2979.8000,1,1,2,4,3,2,1,5,1,3
SF,IH1911,2019-11-14 09:34:09.000,2978.6000,16929,-1,1053409980.000,1,0,1,双平,S,2978.8000,2978.2000,2978.0000,2977.8000,2977.6000,2979.0000,2979.2000,2979.4000,2979.6000,2979.8000,1,1,2,4,3,2,1,5,1,3
SF,IH1911,2019-11-14 09:34:09.500,2978.8000,16928,-1,1054303620.000,1,0,1,双平,S,2978.2000,2978.0000,2977.8000,2977.6000,2977.4000,2978.6000,2978.8000,2979.0000,2979.2000,2979.4000,1,2,4,3,2,1,2,2,1,5
SF,IH1911,2019-11-14 09:34:10.000,2978.6000,16927,-1,1055197200.000,1,0,1,双平,S,2978.2000,2978.0000,2977.8000,2977.6000,2977.4000,2979.0000,2979.4000,2979.6000,2979.8000,2980.0000,1,2,4,3,2,2,5,1,3,9
SF,IH1911,2019-11-14 09:34:10.500,2979.0000,16926,-1,1056090900.000,1,0,1,双平,S,2978.6000,2978.2000,2978.0000,2977.8000,2977.6000,2978.8000,2979.0000,2979.4000,2979.8000,2980.0000,1,1,2,4,3,2,1,5,3,9
SF,IH1911,2019-11-14 09:34:11.000,2978.8000,16925,-1,1056984540.000,1,0,1,双平,S,2978.6000,2978.4000,2978.2000,2978.0000,2977.8000,2978.8000,2979.0000,2979.4000,2979.8000,2980.0000,5,1,1,2,4,1,1,5,3,9
SF,IH1911,2019-11-14 09:34:11.500,2978.6000,16925,0,1057878120.000,1,0,1,多换,S,2978.6000,2978.4000,2978.2000,2978.0000,2977.8000,2978.8000,2979.0000,2979.4000,2979.8000,2980.0000,4,1,1,2,4,1,1,5,3,9
SF,IH1911,2019-11-14 09:34:12.000,2979.0000,16923,-2,1059665460.000,2,0,2,双平,S,2978.8000,2978.6000,2978.4000,2978.2000,2978.0000,2979.0000,2979.4000,2979.8000,2980.0000,2980.4000,1,5,1,1,2,1,5,3,9,3
SF,IH1911,2019-11-14 09:34:12.500,2979.0000,16923,0,1059665460.000,0,-,-,-,-,2978.8000,2978.6000,2978.4000,2978.2000,2978.0000,2979.0000,2979.4000,2979.8000,2980.0000,2980.4000,1,2,1,1,2,1,5,3,9,3
SF,IH1911,2019-11-14 09:34:13.000,2979.0000,16923,0,1059665460.000,0,-,-,-,-,2978.8000,2978.6000,2978.4000,2978.2000,2978.0000,2979.0000,2979.4000,2979.8000,2980.0000,2980.4000,3,2,1,1,2,1,5,3,9,3
SF,IH1911,2019-11-14 09:34:13.500,2978.8000,16919,-4,1063240080.000,4,0,4,双平,S,2978.6000,2978.4000,2978.2000,2978.0000,2977.8000,2978.8000,2979.4000,2979.8000,2980.0000,2980.4000,2,1,1,2,4,7,5,3,9,3
SF,IH1911,2019-11-14 09:34:14.000,2978.8000,16919,0,1063240080.000,0,-,-,-,-,2978.6000,2978.4000,2978.2000,2978.0000,2977.8000,2978.8000,2979.0000,2979.4000,2979.8000,2980.0000,2,1,1,2,4,7,1,5,3,8
SF,IH1911,2019-11-14 09:34:14.500,2978.8000,16919,0,1063240080.000,0,-,-,-,-,2978.6000,2978.4000,2978.2000,2978.0000,2977.8000,2978.8000,2979.0000,2979.4000,2979.8000,2980.0000,2,1,1,2,4,7,1,5,3,8
SF,IH1911,2019-11-14 09:34:15.000,2978.8000,16919,0,1064133720.000,1,0,1,多换,S,2978.6000,2978.4000,2978.2000,2978.0000,2977.8000,2978.8000,2979.0000,2979.4000,2979.8000,2980.0000,2,1,1,2,4,6,1,5,3,8
SF,IH1911,2019-11-14 09:34:15.500,2978.8000,16919,0,1064133720.000,0,-,-,-,-,2978.6000,2978.4000,2978.2000,2978.0000,2977.8000,2978.8000,2979.0000,2979.4000,2979.8000,2980.0000,4,1,1,2,4,6,1,5,3,8
SF,IH1911,2019-11-14 09:34:16.000,2978.8000,16917,-2,1065921000.000,2,0,2,双平,S,2978.6000,2978.4000,2978.2000,2978.0000,2977.8000,2978.8000,2979.0000,2979.4000,2979.8000,2980.0000,6,1,1,2,4,4,1,5,3,9
SF,IH1911,2019-11-14 09:34:16.500,2978.8000,16912,-5,1070389200.000,5,0,5,双平,S,2978.8000,2978.6000,2978.4000,2978.2000,2978.0000,2979.0000,2979.4000,2979.8000,2980.0000,2980.4000,6,6,1,1,2,1,5,3,9,2
SF,IH1911,2019-11-14 09:34:17.000,2979.0000,16910,-2,1072176600.000,2,0,2,双平,S,2979.0000,2978.8000,2978.6000,2978.4000,2978.2000,2979.4000,2979.8000,2980.0000,2980.4000,2980.6000,3,5,4,1,1,5,3,11,2,2
SF,IH1911,2019-11-14 09:34:17.500,2979.2000,16908,-2,1075751520.000,4,1,3,多平,S,2979.0000,2978.8000,2978.6000,2978.4000,2978.2000,2979.4000,2979.8000,2980.0000,2980.4000,2980.6000,1,5,4,1,1,7,3,8,2,2
SF,IH1911,2019-11-14 09:34:18.000,2979.4000,16907,-1,1078432980.000,3,1,2,多平,S,2979.0000,2978.8000,2978.6000,2978.4000,2978.2000,2979.4000,2979.8000,2980.0000,2980.4000,2980.6000,2,5,4,1,3,4,3,8,2,2
