市场代码,合约代码,时间,最新,持仓,增仓,成交额,成交量,开仓,平仓,成交类型,方向,买一价,买二价,买三价,买四价,买五价,卖一价,卖二价,卖三价,卖四价,卖五价,买一量,买二量,买三量,买四量,买五量,卖一量,卖二量,卖三量,卖四量,卖五量
SF,IH1912,2019-11-08 09:29:00.200,3048.4000,22145,0,18290400.000,20.000,-,-,-,-,3048.2000,3046.6000,3045.8000,3045.0000,3043.2000,3048.6000,3049.0000,3049.2000,3049.8000,3050.0000,1,1,10,1,1,1,1,1,1,11
SF,IH1912,2019-11-08 09:30:00.200,3050.0000,22145,0,32010780.000,15,7,8,多换,S,3048.2000,3046.6000,3045.8000,3045.0000,3042.0000,3050.0000,3050.8000,3052.0000,3052.2000,3052.4000,1,1,12,1,3,9,2,11,1,1
SF,IH1912,2019-11-08 09:30:00.700,3045.8000,22145,0,42066600.000,11,5,6,多换,S,3045.8000,3045.0000,3042.0000,3041.0000,3040.4000,3048.0000,3049.8000,3050.0000,3050.8000,3052.0000,7,1,3,1,2,1,1,10,2,11
SF,IH1912,2019-11-08 09:30:01.200,3048.6000,22145,0,44810520.000,3,1,2,多换,S,3048.0000,3047.4000,3047.2000,3047.0000,3046.8000,3048.2000,3050.0000,3050.8000,3052.0000,3052.2000,1,1,2,5,2,1,10,2,12,1
SF,IH1912,2019-11-08 09:30:01.700,3048.2000,22144,-1,49382820.000,5,2,3,多平,S,3048.6000,3048.2000,3048.0000,3046.8000,3046.6000,3050.0000,3050.8000,3051.2000,3052.0000,3052.2000,14,16,2,6,1,10,2,1,12,1
SF,IH1912,2019-11-08 09:30:02.200,3048.6000,22140,-4,61273020.000,13,4,9,多平,S,3048.6000,3048.2000,3048.0000,3046.8000,3046.6000,3050.0000,3050.8000,3051.2000,3052.0000,3052.2000,10,13,2,6,1,9,2,1,12,1
SF,IH1912,2019-11-08 09:30:02.700,3049.6000,22132,-8,69507720.000,9,0,9,多平,S,3049.4000,3049.2000,3048.8000,3048.6000,3048.2000,3050.0000,3050.8000,3051.2000,3052.0000,3052.2000,1,2,17,8,6,3,2,1,12,1
SF,IH1912,2019-11-08 09:30:03.200,3050.0000,22130,-2,73167720.000,4,1,3,多平,S,3050.0000,3049.6000,3049.4000,3049.2000,3048.8000,3050.8000,3051.2000,3052.0000,3052.2000,3052.4000,1,2,2,1,6,2,1,12,1,1
SF,IH1912,2019-11-08 09:30:03.700,3050.0000,22127,-3,76827360.000,4,0,4,多平,S,3050.0000,3048.8000,3048.6000,3048.2000,3048.0000,3050.6000,3050.8000,3051.2000,3052.0000,3052.2000,2,5,8,5,3,2,3,1,12,1
SF,IH1912,2019-11-08 09:30:04.200,3050.0000,22127,0,76827360.000,0,-,-,-,-,3050.0000,3048.8000,3048.6000,3048.2000,3048.0000,3050.4000,3050.6000,3050.8000,3051.2000,3052.0000,4,5,8,5,3,1,3,1,1,12
SF,IH1912,2019-11-08 09:30:04.700,3050.0000,22127,0,76827360.000,0,-,-,-,-,3050.0000,3048.8000,3048.6000,3048.2000,3048.0000,3050.4000,3050.6000,3050.8000,3051.2000,3052.0000,4,5,8,5,3,1,1,1,1,13
SF,IH1912,2019-11-08 09:30:05.200,3050.4000,22126,-1,78657600.000,2,0,2,多平,S,3050.0000,3048.8000,3048.6000,3048.2000,3048.0000,3050.8000,3051.2000,3052.0000,3052.2000,3052.4000,4,5,8,5,3,1,1,13,1,1
SF,IH1912,2019-11-08 09:30:05.700,3050.4000,22125,-1,79572720.000,1,0,1,双平,S,3050.8000,3050.2000,3050.0000,3048.8000,3048.6000,3051.2000,3052.0000,3052.2000,3052.4000,3053.0000,1,5,5,5,7,1,13,1,1,1
SF,IH1912,2019-11-08 09:30:06.200,3050.8000,22123,-2,84148860.000,5,1,4,多平,S,3050.4000,3050.2000,3050.0000,3048.8000,3048.6000,3052.0000,3052.2000,3052.4000,3053.0000,3054.0000,2,4,5,5,7,13,1,1,1,1
SF,IH1912,2019-11-08 09:30:06.700,3050.0000,22121,-2,87809100.000,4,1,3,多平,S,3050.0000,3048.8000,3048.6000,3048.2000,3048.0000,3051.6000,3051.8000,3052.0000,3052.2000,3052.4000,3,5,7,5,3,1,7,14,1,1
SF,IH1912,2019-11-08 09:30:07.200,3050.0000,22121,0,87809100.000,0,-,-,-,-,3051.0000,3050.6000,3050.2000,3050.0000,3048.8000,3051.4000,3051.6000,3051.8000,3052.0000,3052.2000,2,1,3,5,5,1,2,7,14,1
SF,IH1912,2019-11-08 09:30:07.700,3050.8000,22121,0,88724340.000,1,0,1,多换,S,3051.4000,3051.2000,3051.0000,3050.6000,3050.2000,3051.6000,3051.8000,3052.0000,3052.2000,3052.4000,10,1,3,1,3,2,6,14,1,1
SF,IH1912,2019-11-08 09:30:08.200,3051.0000,22122,1,90554940.000,2,1,1,空开,S,3051.4000,3051.2000,3051.0000,3050.6000,3050.2000,3051.6000,3051.8000,3052.0000,3052.2000,3052.4000,8,1,3,1,3,2,6,14,1,1
SF,IH1912,2019-11-08 09:30:08.700,3051.6000,22122,0,93301260.000,3,1,2,多换,S,3051.4000,3051.2000,3051.0000,3050.6000,3050.2000,3051.6000,3051.8000,3052.0000,3052.2000,3052.4000,6,1,3,1,3,1,6,14,1,1
SF,IH1912,2019-11-08 09:30:09.200,3051.6000,22122,0,95132160.000,2,1,1,多换,S,3051.6000,3051.4000,3051.2000,3051.0000,3050.6000,3051.8000,3052.0000,3052.2000,3052.4000,3053.0000,2,5,1,3,1,6,14,1,1,1
SF,IH1912,2019-11-08 09:30:09.700,3051.4000,22123,1,99709380.000,5,3,2,空开,S,3051.4000,3051.2000,3051.0000,3050.6000,3050.4000,3051.6000,3051.8000,3052.0000,3052.2000,3052.4000,2,1,3,1,1,2,6,14,1,1
SF,IH1912,2019-11-08 09:30:10.200,3051.4000,22122,-1,102455700.000,3,1,2,多平,S,3051.2000,3051.0000,3050.6000,3050.4000,3050.2000,3051.8000,3052.0000,3052.2000,3052.4000,3053.0000,1,3,1,1,3,5,14,1,1,1
SF,IH1912,2019-11-08 09:30:10.700,3051.4000,22122,0,102455700.000,0,-,-,-,-,3051.2000,3051.0000,3050.6000,3050.4000,3050.2000,3051.6000,3051.8000,3052.0000,3052.2000,3052.4000,1,3,1,1,1,2,5,14,1,1
SF,IH1912,2019-11-08 09:30:11.200,3051.4000,22122,0,102455700.000,0,-,-,-,-,3051.2000,3051.0000,3050.6000,3050.4000,3050.2000,3051.6000,3051.8000,3052.0000,3052.2000,3052.4000,1,3,1,1,1,1,5,14,1,1
SF,IH1912,2019-11-08 09:30:11.700,3051.6000,22118,-4,107033100.000,5,0,5,多平,S,3051.0000,3050.6000,3050.4000,3050.2000,3050.0000,3051.2000,3051.8000,3052.0000,3052.2000,3052.4000,3,1,1,1,3,1,1,13,1,1
SF,IH1912,2019-11-08 09:30:12.200,3051.6000,22118,0,108863940.000,2,1,1,多换,S,3051.2000,3051.0000,3050.6000,3050.4000,3050.2000,3051.8000,3052.0000,3052.2000,3052.4000,3053.0000,2,8,1,1,1,1,13,1,1,1
SF,IH1912,2019-11-08 09:30:12.700,3051.8000,22117,-1,111610140.000,3,1,2,多平,S,3051.8000,3051.6000,3051.0000,3050.6000,3050.4000,3052.0000,3052.2000,3052.4000,3053.0000,3054.0000,8,2,7,1,1,13,1,1,1,1
SF,IH1912,2019-11-08 09:30:13.200,3051.6000,22116,-1,120765420.000,10,4,6,多平,S,3051.6000,3051.0000,3050.6000,3050.4000,3050.2000,3051.8000,3052.0000,3052.2000,3052.4000,3053.0000,2,10,1,1,1,2,14,1,1,1
SF,IH1912,2019-11-08 09:30:13.700,3051.6000,22116,0,123511860.000,3,1,2,多换,S,3051.0000,3050.6000,3050.4000,3050.2000,3050.0000,3051.4000,3051.6000,3051.8000,3052.0000,3052.2000,10,1,1,1,3,1,1,1,14,1
SF,IH1912,2019-11-08 09:30:14.200,3051.6000,22115,-1,126258060.000,3,1,2,多平,S,3051.4000,3051.0000,3050.6000,3050.4000,3050.2000,3051.8000,3052.0000,3052.2000,3052.4000,3053.0000,4,9,1,1,1,1,14,1,1,1
SF,IH1912,2019-11-08 09:30:14.700,3051.6000,22114,-1,128088960.000,2,0,2,多平,S,3051.4000,3051.0000,3050.6000,3050.4000,3050.2000,3051.8000,3052.0000,3052.2000,3052.4000,3053.0000,3,9,1,1,1,1,14,1,1,1
SF,IH1912,2019-11-08 09:30:15.200,3051.6000,22114,0,128088960.000,0,-,-,-,-,3051.4000,3051.0000,3050.6000,3050.4000,3050.2000,3051.6000,3052.0000,3052.2000,3052.4000,3053.0000,3,9,1,1,1,1,14,1,1,1
SF,IH1912,2019-11-08 09:30:15.700,3051.6000,22112,-2,130835520.000,3,0,3,多平,S,3051.6000,3051.4000,3051.0000,3050.6000,3050.4000,3052.0000,3052.2000,3052.4000,3053.0000,3054.0000,2,5,9,1,1,14,1,2,1,1
SF,IH1912,2019-11-08 09:30:16.200,3051.8000,22110,-2,132666540.000,2,0,2,双平,S,3051.6000,3051.4000,3051.0000,3050.6000,3050.4000,3051.8000,3052.0000,3052.2000,3052.4000,3053.0000,1,5,9,1,1,12,15,2,2,1
SF,IH1912,2019-11-08 09:30:16.700,3051.8000,22108,-2,134497560.000,2,0,2,双平,S,3051.4000,3051.0000,3050.6000,3050.4000,3050.0000,3051.8000,3052.0000,3052.2000,3052.4000,3053.0000,5,9,1,1,2,11,14,2,2,1
SF,IH1912,2019-11-08 09:30:17.200,3051.8000,22108,0,135413100.000,1,0,1,多换,S,3051.4000,3051.0000,3050.6000,3050.4000,3050.0000,3051.8000,3052.0000,3052.2000,3052.4000,3053.0000,5,9,1,1,2,10,14,2,2,1
SF,IH1912,2019-11-08 09:30:17.700,3051.8000,22108,0,135413100.000,0,-,-,-,-,3051.6000,3051.4000,3051.0000,3050.6000,3050.4000,3051.8000,3052.0000,3052.2000,3052.4000,3053.0000,3,5,9,1,1,10,14,2,2,1
SF,IH1912,2019-11-08 09:30:18.200,3051.8000,22106,-2,141821700.000,7,2,5,多平,S,3051.4000,3051.0000,3050.6000,3050.4000,3050.0000,3051.8000,3052.0000,3052.2000,3052.4000,3053.0000,5,9,1,1,2,6,14,2,2,1
SF,IH1912,2019-11-08 09:30:18.700,3051.8000,22104,-2,145483800.000,4,1,3,多平,S,3051.4000,3051.0000,3050.6000,3050.4000,3050.0000,3051.8000,3052.0000,3052.2000,3052.4000,3053.0000,5,9,2,1,1,1,14,2,2,1
SF,IH1912,2019-11-08 09:30:19.200,3051.4000,22100,-4,150976680.000,6,1,5,多平,S,3051.4000,3051.0000,3050.6000,3050.4000,3050.0000,3052.0000,3052.2000,3052.4000,3053.0000,3054.0000,3,9,2,1,1,14,2,2,1,1
SF,IH1912,2019-11-08 09:30:20.200,3052.0000,22100,0,151892280.000,1,0,1,多换,S,3051.4000,3051.0000,3050.6000,3050.4000,3050.0000,3052.0000,3052.2000,3052.4000,3053.0000,3054.0000,3,9,2,1,1,13,2,2,1,1
SF,IH1912,2019-11-08 09:30:20.700,3052.0000,22099,-1,152807880.000,1,0,1,双平,S,3051.4000,3051.0000,3050.6000,3050.4000,3050.0000,3052.0000,3052.2000,3052.4000,3053.0000,3054.0000,3,9,2,1,1,12,2,2,1,1
SF,IH1912,2019-11-08 09:30:21.200,3051.4000,22098,-1,154638720.000,2,0,2,多平,S,3051.4000,3051.0000,3050.6000,3050.4000,3050.0000,3052.0000,3052.2000,3052.4000,3053.0000,3054.0000,1,9,2,1,1,11,2,2,2,1
SF,IH1912,2019-11-08 09:30:21.700,3051.0000,22090,-8,163791840.000,10,1,9,多平,S,3050.6000,3050.4000,3050.0000,3048.8000,3048.6000,3052.0000,3052.2000,3052.4000,3053.0000,3054.0000,2,1,1,3,7,11,2,2,2,1
SF,IH1912,2019-11-08 09:30:22.200,3051.0000,22090,0,163791840.000,0,-,-,-,-,3050.8000,3050.6000,3050.4000,3050.0000,3048.8000,3051.4000,3052.0000,3052.2000,3052.4000,3053.0000,2,2,1,1,3,1,11,2,2,2
SF,IH1912,2019-11-08 09:30:22.700,3051.4000,22090,0,164707260.000,1,0,1,多换,S,3050.8000,3050.6000,3050.4000,3050.0000,3048.8000,3052.0000,3052.2000,3052.4000,3053.0000,3054.0000,1,2,1,1,3,11,2,2,2,1
SF,IH1912,2019-11-08 09:30:23.200,3052.0000,22090,0,165622860.000,1,0,1,多换,S,3050.8000,3050.6000,3050.4000,3050.0000,3048.8000,3051.6000,3052.0000,3052.2000,3052.4000,3053.0000,1,2,1,1,3,1,10,1,2,2
SF,IH1912,2019-11-08 09:30:23.700,3052.0000,22090,0,165622860.000,0,-,-,-,-,3050.8000,3050.6000,3050.4000,3050.0000,3048.8000,3051.6000,3051.8000,3052.0000,3052.2000,3052.4000,1,2,1,1,3,2,1,10,1,2
SF,IH1912,2019-11-08 09:30:24.200,3052.0000,22090,0,165622860.000,0,-,-,-,-,3050.8000,3050.6000,3050.4000,3050.0000,3048.8000,3051.4000,3051.6000,3051.8000,3052.0000,3052.2000,1,2,1,1,3,1,2,1,10,1
SF,IH1912,2019-11-08 09:30:24.700,3051.0000,22090,0,166538160.000,1,0,1,多换,S,3050.8000,3050.6000,3050.4000,3050.0000,3048.8000,3051.4000,3051.6000,3051.8000,3052.0000,3052.2000,1,2,1,1,3,1,3,1,10,1
SF,IH1912,2019-11-08 09:30:25.200,3051.2000,22089,-1,168368760.000,2,0,2,多平,S,3050.6000,3050.4000,3050.0000,3048.8000,3048.6000,3051.4000,3051.6000,3051.8000,3052.0000,3052.2000,2,1,1,3,7,1,3,1,10,1
SF,IH1912,2019-11-08 09:30:25.700,3051.2000,22089,0,169284120.000,1,0,1,多换,S,3050.6000,3050.4000,3050.0000,3048.8000,3048.6000,3050.8000,3051.4000,3051.6000,3051.8000,3052.0000,2,1,1,3,7,1,1,3,1,10
SF,IH1912,2019-11-08 09:30:26.200,3051.0000,22087,-2,172030080.000,3,0,3,多平,S,3050.8000,3050.6000,3050.4000,3050.0000,3048.8000,3051.6000,3051.8000,3052.0000,3052.2000,3052.4000,1,2,1,1,3,3,1,10,1,2
SF,IH1912,2019-11-08 09:30:26.700,3050.8000,22086,-1,172945320.000,1,0,1,双平,S,3050.6000,3050.4000,3050.0000,3048.8000,3048.6000,3050.8000,3051.4000,3051.6000,3051.8000,3052.0000,2,1,1,3,7,2,1,2,1,10
SF,IH1912,2019-11-08 09:30:27.200,3050.6000,22085,-1,173860500.000,1,0,1,双平,S,3050.6000,3050.4000,3050.0000,3048.8000,3048.6000,3050.8000,3051.4000,3051.6000,3051.8000,3052.0000,1,1,2,3,7,3,1,2,1,11
SF,IH1912,2019-11-08 09:30:27.700,3050.4000,22084,-1,175690800.000,2,0,2,多平,S,3050.0000,3048.8000,3048.6000,3048.2000,3048.0000,3050.6000,3050.8000,3051.4000,3051.6000,3051.8000,2,3,7,1,1,2,3,1,2,2
SF,IH1912,2019-11-08 09:30:28.200,3050.6000,22083,-1,176605980.000,1,0,1,双平,S,3050.2000,3050.0000,3048.8000,3048.6000,3048.2000,3050.6000,3050.8000,3051.4000,3051.6000,3051.8000,1,2,3,7,1,1,3,1,2,2
SF,IH1912,2019-11-08 09:30:28.700,3050.6000,22083,0,176605980.000,0,-,-,-,-,3050.0000,3048.8000,3048.6000,3048.2000,3048.0000,3050.2000,3050.6000,3050.8000,3051.0000,3051.4000,2,3,7,1,1,1,1,3,1,1
SF,IH1912,2019-11-08 09:30:29.200,3050.6000,22083,0,176605980.000,0,-,-,-,-,3050.0000,3048.8000,3048.6000,3048.2000,3048.0000,3050.2000,3050.6000,3050.8000,3051.0000,3051.4000,3,3,7,1,1,1,1,3,1,1
SF,IH1912,2019-11-08 09:30:29.700,3050.2000,22082,-1,177521040.000,1,0,1,双平,S,3050.4000,3050.0000,3048.8000,3048.6000,3048.2000,3050.6000,3050.8000,3051.0000,3051.4000,3051.6000,1,3,3,7,1,1,3,1,1,2
SF,IH1912,2019-11-08 09:30:30.200,3050.8000,22083,1,183012180.000,6,3,3,空开,S,3050.8000,3050.0000,3048.8000,3048.6000,3048.2000,3051.0000,3051.4000,3051.6000,3051.8000,3052.0000,10,2,3,7,1,1,1,2,2,11
SF,IH1912,2019-11-08 09:30:30.700,3050.8000,22084,1,185757900.000,3,2,1,空开,S,3050.8000,3050.0000,3048.8000,3048.6000,3048.2000,3051.0000,3051.4000,3051.6000,3051.8000,3052.0000,7,2,3,7,1,1,1,2,2,11
SF,IH1912,2019-11-08 09:30:31.200,3050.8000,22084,0,185757900.000,0,-,-,-,-,3050.8000,3050.0000,3048.8000,3048.6000,3048.2000,3051.0000,3051.4000,3051.6000,3051.8000,3052.0000,7,2,3,7,1,1,1,3,2,11
SF,IH1912,2019-11-08 09:30:31.700,3050.8000,22084,0,192164580.000,7,3,4,多换,S,3050.0000,3048.8000,3048.6000,3048.2000,3048.0000,3051.0000,3051.4000,3051.6000,3051.8000,3052.0000,2,3,7,1,1,2,1,3,2,11
SF,IH1912,2019-11-08 09:30:32.200,3051.0000,22083,-1,193995180.000,2,0,2,多平,S,3050.2000,3050.0000,3048.8000,3048.6000,3048.2000,3051.4000,3051.6000,3051.8000,3052.0000,3052.2000,1,2,3,7,1,1,4,2,11,1
SF,IH1912,2019-11-08 09:30:32.700,3051.4000,22080,-3,197656740.000,4,0,4,多平,S,3051.4000,3051.0000,3050.2000,3050.0000,3048.8000,3051.6000,3051.8000,3052.0000,3052.2000,3052.4000,6,5,1,2,3,4,2,11,1,2
SF,IH1912,2019-11-08 09:30:33.200,3051.4000,22074,-6,203149260.000,6,0,6,双平,S,3051.0000,3050.0000,3048.8000,3048.6000,3048.2000,3051.4000,3051.6000,3051.8000,3052.0000,3052.2000,5,2,3,7,1,8,9,2,11,1
SF,IH1912,2019-11-08 09:30:33.700,3051.0000,22074,0,207725760.000,5,2,3,多换,S,3050.0000,3048.8000,3048.6000,3048.2000,3048.0000,3050.6000,3051.4000,3051.6000,3051.8000,3052.0000,2,3,7,1,1,3,5,5,2,11
SF,IH1912,2019-11-08 09:30:34.200,3050.6000,22074,0,208640940.000,1,0,1,多换,S,3050.2000,3050.0000,3048.8000,3048.6000,3048.2000,3050.6000,3051.0000,3051.4000,3051.6000,3051.8000,1,2,3,7,1,2,1,4,5,2
SF,IH1912,2019-11-08 09:30:34.700,3050.6000,22074,0,209556120.000,1,0,1,多换,S,3050.2000,3050.0000,3048.8000,3048.6000,3048.2000,3050.6000,3051.0000,3051.4000,3051.6000,3051.8000,1,2,3,7,1,1,1,4,4,2
SF,IH1912,2019-11-08 09:30:35.200,3050.6000,22074,0,209556120.000,0,-,-,-,-,3050.0000,3048.6000,3048.2000,3048.0000,3046.8000,3050.4000,3050.6000,3050.8000,3051.4000,3051.6000,2,7,1,1,6,1,1,1,4,4
SF,IH1912,2019-11-08 09:30:35.700,3050.2000,22073,-1,210471180.000,1,0,1,双平,S,3050.0000,3049.4000,3048.6000,3048.2000,3048.0000,3050.4000,3050.8000,3051.2000,3051.4000,3051.6000,2,1,7,1,1,2,1,1,4,4
SF,IH1912,2019-11-08 09:30:36.200,3050.2000,22071,-2,214131240.000,4,1,3,多平,S,3050.0000,3048.6000,3048.2000,3048.0000,3046.6000,3050.4000,3050.8000,3051.4000,3051.6000,3051.8000,2,7,1,1,3,2,1,4,4,2
SF,IH1912,2019-11-08 09:30:36.700,3050.0000,22070,-1,217791240.000,4,1,3,多平,S,3048.6000,3048.2000,3048.0000,3046.6000,3046.0000,3050.0000,3050.4000,3050.8000,3051.4000,3051.6000,7,1,1,3,4,1,2,1,4,4
SF,IH1912,2019-11-08 09:30:37.200,3050.0000,22069,-1,218706240.000,1,0,1,双平,S,3048.8000,3048.6000,3048.2000,3048.0000,3046.6000,3050.0000,3050.4000,3050.8000,3051.0000,3051.4000,5,7,1,1,3,1,1,1,1,4
SF,IH1912,2019-11-08 09:30:37.700,3050.0000,22069,0,218706240.000,0,-,-,-,-,3048.8000,3048.6000,3048.2000,3048.0000,3046.6000,3050.0000,3050.4000,3050.8000,3051.0000,3051.4000,4,7,1,1,3,1,1,1,2,4
SF,IH1912,2019-11-08 09:30:38.700,3050.0000,22069,0,218706240.000,0,-,-,-,-,3048.8000,3048.6000,3048.0000,3046.6000,3046.0000,3050.0000,3050.4000,3050.8000,3051.0000,3051.4000,2,7,1,3,4,3,1,1,2,4
SF,IH1912,2019-11-08 09:30:39.200,3050.0000,22069,0,218706240.000,0,-,-,-,-,3049.0000,3048.6000,3048.0000,3046.6000,3046.0000,3050.0000,3050.4000,3050.8000,3051.0000,3051.4000,1,7,1,3,4,4,1,1,2,4
SF,IH1912,2019-11-08 09:30:39.700,3050.0000,22069,0,218706240.000,0,-,-,-,-,3048.6000,3048.0000,3046.6000,3046.0000,3045.8000,3048.8000,3050.0000,3050.4000,3050.8000,3051.0000,7,1,3,4,7,2,4,1,1,2
SF,IH1912,2019-11-08 09:30:40.200,3050.0000,22066,-3,221450520.000,3,0,3,双平,S,3048.8000,3048.6000,3048.0000,3046.6000,3046.0000,3050.0000,3050.4000,3050.8000,3051.0000,3051.4000,6,7,1,3,4,3,1,1,2,4
SF,IH1912,2019-11-08 09:30:40.700,3050.0000,22066,0,221450520.000,0,-,-,-,-,3048.8000,3048.6000,3048.0000,3046.6000,3046.0000,3049.8000,3050.0000,3051.0000,3051.4000,3051.6000,3,7,1,3,4,1,3,2,4,3
SF,IH1912,2019-11-08 09:30:41.200,3048.8000,22064,-2,223279800.000,2,0,2,双平,S,3048.6000,3048.0000,3047.8000,3046.6000,3046.0000,3049.6000,3049.8000,3050.0000,3051.0000,3051.4000,7,1,1,3,4,1,1,1,2,4
SF,IH1912,2019-11-08 09:30:41.700,3048.8000,22064,0,223279800.000,0,-,-,-,-,3048.8000,3048.6000,3048.0000,3046.6000,3046.0000,3049.4000,3049.6000,3050.0000,3051.0000,3051.6000,1,7,1,3,4,6,3,1,2,3
SF,IH1912,2019-11-08 09:30:42.200,3048.8000,22062,-2,225109080.000,2,0,2,双平,S,3048.6000,3048.0000,3046.6000,3046.0000,3045.8000,3049.2000,3049.4000,3049.6000,3050.0000,3050.6000,7,1,3,4,7,3,6,1,1,1
SF,IH1912,2019-11-08 09:30:42.700,3049.0000,22062,0,234255540.000,10,5,5,多换,S,3048.6000,3048.4000,3048.0000,3046.6000,3046.0000,3049.0000,3049.2000,3049.6000,3050.0000,3050.2000,5,1,1,3,3,8,3,1,1,1
SF,IH1912,2019-11-08 09:30:43.200,3049.0000,22062,0,236084940.000,2,1,1,多换,S,3048.6000,3048.0000,3046.6000,3046.0000,3045.8000,3049.0000,3049.6000,3050.0000,3050.6000,3051.0000,3,2,3,3,7,2,1,1,2,2
SF,IH1912,2019-11-08 09:30:43.700,3048.8000,22060,-2,237914220.000,2,0,2,双平,S,3048.6000,3048.0000,3046.6000,3046.0000,3045.8000,3049.6000,3049.8000,3050.0000,3050.6000,3051.0000,3,3,3,3,7,1,2,1,2,2
SF,IH1912,2019-11-08 09:30:44.200,3048.6000,22060,0,238828800.000,1,0,1,多换,S,3048.6000,3048.0000,3046.6000,3046.0000,3045.8000,3049.4000,3049.6000,3049.8000,3050.0000,3050.6000,2,2,3,3,7,9,2,2,1,2
SF,IH1912,2019-11-08 09:30:44.700,3048.6000,22060,0,239743380.000,1,0,1,多换,S,3048.6000,3048.0000,3046.6000,3046.0000,3045.8000,3049.2000,3049.4000,3049.6000,3049.8000,3050.0000,1,2,3,3,7,3,7,2,2,1
SF,IH1912,2019-11-08 09:30:45.200,3048.6000,22060,0,239743380.000,0,-,-,-,-,3048.6000,3048.0000,3046.6000,3046.0000,3045.8000,3049.0000,3049.4000,3049.6000,3049.8000,3050.0000,1,2,3,3,7,2,4,2,2,1
SF,IH1912,2019-11-08 09:30:45.700,3049.4000,22061,1,245232060.000,6,3,3,空开,S,3049.4000,3048.6000,3048.0000,3046.6000,3046.0000,3049.6000,3049.8000,3050.0000,3050.6000,3051.0000,4,1,2,3,3,2,2,1,2,2
SF,IH1912,2019-11-08 09:30:46.200,3049.4000,22061,0,248891340.000,4,2,2,多换,S,3048.6000,3048.0000,3046.6000,3046.0000,3045.8000,3048.8000,3049.2000,3049.4000,3049.6000,3049.8000,1,2,3,3,7,1,1,4,5,2
SF,IH1912,2019-11-08 09:30:46.700,3049.6000,22059,-2,252550320.000,4,1,3,多平,S,3049.0000,3048.6000,3048.0000,3046.6000,3046.0000,3049.6000,3049.8000,3050.0000,3050.6000,3051.0000,2,1,2,3,3,1,2,1,2,2
SF,IH1912,2019-11-08 09:30:47.200,3049.0000,22058,-1,254379720.000,2,0,2,多平,S,3048.6000,3048.0000,3046.6000,3046.0000,3045.8000,3049.2000,3049.6000,3049.8000,3050.0000,3050.6000,1,2,3,3,7,2,1,2,1,3
SF,IH1912,2019-11-08 09:30:47.700,3048.6000,22059,1,255294300.000,1,1,0,双开,S,3048.0000,3046.6000,3046.0000,3045.8000,3045.0000,3049.6000,3049.8000,3050.0000,3050.6000,3051.0000,2,3,3,7,12,1,2,1,3,2
SF,IH1912,2019-11-08 09:30:48.200,3048.6000,22059,0,255294300.000,0,-,-,-,-,3048.2000,3048.0000,3046.6000,3046.0000,3045.8000,3048.6000,3049.0000,3049.4000,3049.6000,3049.8000,2,3,3,3,7,1,1,2,1,2
SF,IH1912,2019-11-08 09:30:48.700,3048.6000,22058,-1,256208880.000,1,0,1,双平,S,3048.2000,3048.0000,3046.6000,3046.0000,3045.8000,3048.6000,3049.0000,3049.6000,3049.8000,3050.0000,2,3,3,3,7,1,1,1,1,1
SF,IH1912,2019-11-08 09:30:49.200,3048.6000,22058,0,257123460.000,1,0,1,多换,S,3048.6000,3048.2000,3048.0000,3046.6000,3046.0000,3049.0000,3049.6000,3049.8000,3050.0000,3050.6000,3,2,3,3,3,1,1,1,1,3
SF,IH1912,2019-11-08 09:30:49.700,3048.6000,22058,0,257123460.000,0,-,-,-,-,3048.8000,3048.6000,3048.0000,3046.6000,3046.0000,3049.0000,3049.6000,3049.8000,3050.0000,3050.6000,1,1,3,3,3,1,1,1,1,3
SF,IH1912,2019-11-08 09:30:50.200,3048.6000,22059,1,258038040.000,1,1,0,双开,S,3048.0000,3046.6000,3046.0000,3045.8000,3045.0000,3048.2000,3049.0000,3049.6000,3049.8000,3050.0000,3,3,3,7,12,1,1,1,1,1
SF,IH1912,2019-11-08 09:30:50.700,3048.2000,22059,0,258952500.000,1,0,1,多换,S,3048.4000,3048.2000,3048.0000,3046.6000,3046.0000,3049.0000,3049.6000,3049.8000,3050.0000,3050.6000,2,5,3,3,3,1,1,1,1,3
SF,IH1912,2019-11-08 09:30:51.200,3048.2000,22059,0,258952500.000,0,-,-,-,-,3048.6000,3048.4000,3048.2000,3048.0000,3046.0000,3049.0000,3049.6000,3049.8000,3050.0000,3050.6000,1,1,3,3,3,1,3,1,1,3
SF,IH1912,2019-11-08 09:30:51.700,3048.6000,22059,0,259867080.000,1,0,1,多换,S,3048.2000,3048.0000,3046.0000,3045.8000,3045.0000,3049.0000,3049.6000,3049.8000,3050.0000,3050.6000,1,3,3,7,12,1,3,1,1,3
SF,IH1912,2019-11-08 09:30:52.200,3048.6000,22059,0,259867080.000,0,-,-,-,-,3048.4000,3048.2000,3048.0000,3046.0000,3045.8000,3049.0000,3049.6000,3049.8000,3050.0000,3050.6000,1,1,3,3,7,1,3,1,1,3
SF,IH1912,2019-11-08 09:30:52.700,3048.4000,22058,-1,260781600.000,1,0,1,双平,S,3048.2000,3048.0000,3047.8000,3046.0000,3045.8000,3049.0000,3049.6000,3049.8000,3050.0000,3050.6000,1,3,1,3,7,1,4,1,1,3
SF,IH1912,2019-11-08 09:30:53.200,3048.4000,22058,0,260781600.000,0,-,-,-,-,3048.0000,3046.0000,3045.8000,3045.0000,3043.8000,3049.0000,3049.6000,3049.8000,3050.0000,3050.6000,3,3,7,12,3,1,3,1,1,3
SF,IH1912,2019-11-08 09:30:53.700,3048.4000,22056,-2,262610640.000,2,0,2,双平,S,3048.0000,3046.0000,3045.8000,3045.0000,3043.8000,3049.0000,3049.6000,3049.8000,3050.0000,3050.6000,2,3,7,12,3,1,3,1,1,3
SF,IH1912,2019-11-08 09:30:54.200,3049.0000,22055,-1,264439980.000,2,0,2,多平,S,3048.0000,3047.8000,3046.0000,3045.8000,3045.0000,3049.6000,3049.8000,3050.0000,3050.6000,3051.0000,2,1,3,7,12,4,1,1,3,2
SF,IH1912,2019-11-08 09:30:54.700,3048.2000,22055,0,265354440.000,1,0,1,多换,S,3048.0000,3047.4000,3046.0000,3045.8000,3045.0000,3049.2000,3049.4000,3049.6000,3049.8000,3050.0000,2,1,3,7,12,2,1,4,2,1
SF,IH1912,2019-11-08 09:30:55.200,3048.2000,22054,-1,266268900.000,1,0,1,双平,S,3048.0000,3046.0000,3045.8000,3045.0000,3043.8000,3049.0000,3049.6000,3049.8000,3050.0000,3050.6000,3,3,7,12,3,1,3,1,2,3
SF,IH1912,2019-11-08 09:30:55.700,3048.2000,22054,0,266268900.000,0,-,-,-,-,3048.0000,3046.0000,3045.8000,3045.0000,3043.8000,3049.0000,3049.6000,3049.8000,3050.0000,3050.6000,3,3,7,12,3,1,3,1,2,3
SF,IH1912,2019-11-08 09:30:56.200,3049.0000,22053,-1,267183600.000,1,0,1,双平,S,3048.2000,3048.0000,3046.0000,3045.8000,3045.0000,3049.6000,3049.8000,3050.0000,3050.6000,3051.0000,1,3,3,7,12,3,2,2,3,2
SF,IH1912,2019-11-08 09:30:56.700,3048.4000,22052,-1,268098120.000,1,0,1,双平,S,3048.2000,3048.0000,3047.6000,3046.0000,3045.8000,3049.0000,3049.4000,3049.6000,3049.8000,3050.0000,1,2,1,3,7,1,3,3,2,2
SF,IH1912,2019-11-08 09:30:57.200,3049.0000,22049,-3,271756080.000,4,0,4,多平,S,3049.2000,3046.0000,3045.8000,3045.0000,3043.8000,3049.4000,3049.6000,3049.8000,3050.0000,3050.6000,1,3,7,12,3,2,3,2,2,3
SF,IH1912,2019-11-08 09:30:57.700,3049.2000,22048,-1,272670840.000,1,0,1,双平,S,3046.0000,3045.8000,3045.0000,3043.8000,3042.0000,3049.2000,3049.6000,3049.8000,3050.0000,3050.6000,3,7,12,3,7,3,3,1,2,3
SF,IH1912,2019-11-08 09:30:58.200,3049.2000,22048,0,272670840.000,0,-,-,-,-,3048.0000,3047.6000,3047.4000,3047.0000,3046.6000,3048.2000,3049.0000,3049.2000,3049.6000,3049.8000,3,5,5,4,2,2,1,3,3,1
SF,IH1912,2019-11-08 09:30:58.700,3048.2000,22043,-5,279986520.000,8,1,7,多平,S,3048.2000,3048.0000,3047.6000,3047.4000,3047.0000,3049.2000,3049.6000,3049.8000,3050.0000,3050.6000,4,3,2,2,3,1,3,1,2,3
SF,IH1912,2019-11-08 09:30:59.200,3048.2000,22043,0,279986520.000,0,-,-,-,-,3048.2000,3047.0000,3046.4000,3046.2000,3046.0000,3049.0000,3049.2000,3049.6000,3049.8000,3050.0000,4,1,1,25,8,1,1,3,1,2
SF,IH1912,2019-11-08 09:30:59.700,3048.2000,22043,0,281815440.000,2,1,1,多换,S,3047.0000,3046.2000,3046.0000,3045.8000,3045.6000,3049.0000,3049.2000,3049.6000,3049.8000,3050.0000,1,25,8,7,2,1,3,3,1,2
SF,IH1912,2019-11-08 09:31:00.200,3048.2000,22043,0,281815440.000,0,-,-,-,-,3048.2000,3047.8000,3047.6000,3047.4000,3047.2000,3049.2000,3049.6000,3049.8000,3050.0000,3050.6000,3,4,2,4,18,3,3,1,2,3
SF,IH1912,2019-11-08 09:31:00.700,3048.2000,22043,0,281815440.000,0,-,-,-,-,3047.4000,3047.2000,3047.0000,3046.2000,3046.0000,3049.0000,3049.2000,3049.6000,3050.0000,3050.6000,1,14,4,10,6,2,3,3,2,3
SF,IH1912,2019-11-08 09:31:01.200,3049.0000,22043,0,283644840.000,2,1,1,多换,S,3047.6000,3047.4000,3047.2000,3047.0000,3046.2000,3049.2000,3049.6000,3050.0000,3050.6000,3051.0000,3,1,14,4,9,3,4,2,3,2
SF,IH1912,2019-11-08 09:31:01.700,3047.8000,22042,-1,284559180.000,1,0,1,双平,S,3047.6000,3047.4000,3047.2000,3047.0000,3046.2000,3049.0000,3049.2000,3049.6000,3050.0000,3050.6000,3,1,14,4,9,3,3,3,2,3
SF,IH1912,2019-11-08 09:31:02.200,3047.8000,22042,0,284559180.000,0,-,-,-,-,3047.8000,3047.6000,3047.4000,3047.2000,3047.0000,3049.2000,3049.6000,3050.0000,3050.6000,3051.0000,12,3,1,4,3,3,3,2,3,2
SF,IH1912,2019-11-08 09:31:02.700,3047.8000,22042,0,284559180.000,0,-,-,-,-,3048.0000,3047.8000,3047.6000,3047.2000,3047.0000,3049.0000,3049.2000,3049.6000,3050.0000,3050.6000,1,1,1,4,2,1,4,3,3,3
SF,IH1912,2019-11-08 09:31:03.200,3047.8000,22042,0,284559180.000,0,-,-,-,-,3047.8000,3047.6000,3047.2000,3047.0000,3046.2000,3049.0000,3049.2000,3049.6000,3050.0000,3050.6000,1,1,4,2,8,2,4,3,3,3
SF,IH1912,2019-11-08 09:31:03.700,3047.8000,22042,0,284559180.000,0,-,-,-,-,3047.6000,3047.2000,3047.0000,3046.2000,3046.0000,3049.0000,3049.2000,3049.6000,3050.0000,3050.6000,1,4,2,7,6,2,4,3,3,3
SF,IH1912,2019-11-08 09:31:04.200,3047.8000,22042,0,284559180.000,0,-,-,-,-,3047.8000,3047.6000,3047.2000,3047.0000,3046.2000,3049.0000,3049.2000,3049.6000,3050.0000,3050.6000,1,1,4,2,7,3,4,3,3,3
SF,IH1912,2019-11-08 09:31:04.700,3047.8000,22042,0,284559180.000,0,-,-,-,-,3047.2000,3047.0000,3046.2000,3046.0000,3045.8000,3048.8000,3049.0000,3049.2000,3049.6000,3050.0000,4,2,7,6,7,3,3,5,3,3
SF,IH1912,2019-11-08 09:31:05.200,3047.8000,22042,0,284559180.000,0,-,-,-,-,3047.4000,3047.2000,3046.2000,3046.0000,3045.8000,3048.6000,3048.8000,3049.0000,3049.2000,3049.6000,1,6,7,6,7,2,4,1,6,3
SF,IH1912,2019-11-08 09:31:05.700,3048.4000,22042,0,285473700.000,1,0,1,多换,S,3047.2000,3046.2000,3046.0000,3045.8000,3045.6000,3048.4000,3048.6000,3048.8000,3049.0000,3049.2000,2,6,6,7,2,1,3,1,1,6
SF,IH1912,2019-11-08 09:31:06.200,3048.2000,22043,1,287302320.000,2,1,1,空开,S,3047.2000,3047.0000,3046.2000,3046.0000,3045.8000,3048.4000,3048.6000,3048.8000,3049.0000,3049.2000,1,1,5,6,7,1,1,2,2,6
SF,IH1912,2019-11-08 09:31:06.700,3047.2000,22044,1,288216480.000,1,1,0,双开,S,3046.2000,3046.0000,3045.8000,3045.6000,3045.0000,3047.0000,3048.2000,3048.4000,3048.6000,3048.8000,4,5,7,2,12,2,1,3,1,1
SF,IH1912,2019-11-08 09:31:07.200,3047.0000,22043,-1,290958780.000,3,1,2,多平,S,3047.2000,3046.4000,3046.2000,3046.0000,3045.8000,3048.6000,3048.8000,3049.0000,3049.2000,3049.6000,2,5,5,3,7,1,1,3,6,3
SF,IH1912,2019-11-08 09:31:07.700,3047.2000,22044,1,292787100.000,2,1,1,空开,S,3046.4000,3046.2000,3045.8000,3045.6000,3045.0000,3047.2000,3048.0000,3048.2000,3048.4000,3048.6000,2,4,7,2,12,2,2,5,3,1
SF,IH1912,2019-11-08 09:31:08.200,3047.2000,22043,-1,293701260.000,1,0,1,双平,S,3046.4000,3046.2000,3045.8000,3045.6000,3045.0000,3048.2000,3048.4000,3048.6000,3049.0000,3049.2000,1,4,7,2,12,2,2,1,3,6
SF,IH1912,2019-11-08 09:31:08.700,3047.2000,22043,0,293701260.000,0,-,-,-,-,3046.2000,3045.8000,3045.6000,3045.0000,3043.8000,3047.6000,3048.0000,3048.2000,3048.4000,3048.6000,4,7,2,12,3,2,6,2,2,1
SF,IH1912,2019-11-08 09:31:09.200,3047.2000,22043,0,293701260.000,0,-,-,-,-,3046.4000,3045.8000,3045.6000,3045.0000,3043.8000,3047.4000,3047.6000,3048.0000,3048.2000,3048.4000,1,7,2,12,3,2,1,3,2,2
SF,IH1912,2019-11-08 09:31:09.700,3047.2000,22042,-1,294615420.000,1,0,1,双平,S,3045.8000,3045.6000,3045.0000,3043.8000,3042.0000,3046.4000,3047.2000,3047.4000,3047.6000,3048.0000,5,2,12,3,7,1,1,2,2,3
SF,IH1912,2019-11-08 09:31:10.200,3046.4000,22043,1,295529340.000,1,1,0,双开,S,3046.4000,3046.0000,3045.8000,3045.6000,3045.0000,3047.6000,3048.0000,3048.2000,3048.4000,3048.6000,1,3,7,2,12,1,3,2,2,1
SF,IH1912,2019-11-08 09:31:10.700,3046.4000,22043,0,295529340.000,0,-,-,-,-,3046.4000,3046.2000,3046.0000,3045.8000,3045.6000,3047.4000,3047.6000,3048.0000,3048.2000,3048.4000,1,1,1,6,2,4,1,3,2,2
SF,IH1912,2019-11-08 09:31:11.200,3046.4000,22043,0,295529340.000,0,-,-,-,-,3046.4000,3046.2000,3045.8000,3045.6000,3045.0000,3047.4000,3047.6000,3048.0000,3048.2000,3048.4000,2,1,6,2,12,4,1,3,2,2
SF,IH1912,2019-11-08 09:31:11.700,3046.4000,22043,0,296443260.000,1,0,1,多换,S,3046.2000,3045.8000,3045.6000,3045.0000,3043.8000,3047.2000,3047.4000,3047.6000,3048.0000,3048.2000,1,5,2,12,3,1,4,1,3,2
SF,IH1912,2019-11-08 09:31:12.200,3046.4000,22043,0,296443260.000,0,-,-,-,-,3046.4000,3046.2000,3045.8000,3045.6000,3045.0000,3047.2000,3047.4000,3047.6000,3048.0000,3048.2000,1,1,5,2,12,1,2,1,3,2
SF,IH1912,2019-11-08 09:31:12.700,3046.4000,22043,0,297357180.000,1,0,1,多换,S,3046.2000,3045.8000,3045.6000,3045.2000,3045.0000,3046.4000,3047.0000,3047.2000,3047.6000,3048.0000,1,5,2,1,12,1,1,1,1,3
SF,IH1912,2019-11-08 09:31:13.200,3046.2000,22043,0,298271040.000,1,0,1,多换,S,3046.0000,3045.8000,3045.6000,3045.0000,3042.0000,3046.4000,3047.2000,3047.6000,3048.0000,3048.2000,1,5,2,12,7,1,1,1,3,2
SF,IH1912,2019-11-08 09:31:13.700,3046.2000,22043,0,298271040.000,0,-,-,-,-,3046.0000,3045.8000,3045.6000,3045.0000,3042.0000,3046.2000,3046.4000,3047.2000,3047.6000,3048.0000,1,5,2,12,7,1,1,1,1,3
SF,IH1912,2019-11-08 09:31:14.200,3046.2000,22043,0,298271040.000,0,-,-,-,-,3046.0000,3045.8000,3045.6000,3045.0000,3042.0000,3046.4000,3047.2000,3047.6000,3048.0000,3048.2000,1,5,2,12,7,1,1,1,3,2
SF,IH1912,2019-11-08 09:31:14.700,3046.2000,22043,0,298271040.000,0,-,-,-,-,3046.0000,3045.8000,3045.6000,3045.0000,3042.0000,3046.4000,3047.6000,3048.0000,3048.2000,3048.4000,1,5,2,12,7,1,1,3,2,2
SF,IH1912,2019-11-08 09:31:15.200,3046.0000,22042,-1,299184840.000,1,0,1,双平,S,3045.8000,3045.6000,3045.0000,3042.0000,3041.0000,3046.4000,3047.6000,3048.0000,3048.2000,3048.4000,5,2,12,7,1,1,1,3,2,2
SF,IH1912,2019-11-08 09:31:15.700,3046.0000,22041,-1,300098640.000,1,0,1,双平,S,3045.8000,3045.6000,3045.0000,3042.0000,3041.0000,3046.4000,3047.6000,3048.0000,3048.2000,3048.4000,5,2,12,7,1,1,1,3,2,2
SF,IH1912,2019-11-08 09:31:16.200,3045.8000,22041,0,301926120.000,2,1,1,多换,S,3045.8000,3045.6000,3045.0000,3042.0000,3041.0000,3046.2000,3046.4000,3047.6000,3048.0000,3048.2000,3,2,12,7,1,2,1,1,3,2
SF,IH1912,2019-11-08 09:31:16.700,3045.8000,22040,-1,305581200.000,4,1,3,多平,S,3045.6000,3045.2000,3045.0000,3042.0000,3041.0000,3046.0000,3046.2000,3046.4000,3047.0000,3047.6000,2,1,12,7,1,1,1,1,1,1
SF,IH1912,2019-11-08 09:31:17.200,3046.0000,22038,-2,307408800.000,2,0,2,双平,S,3045.8000,3045.6000,3045.0000,3042.0000,3041.0000,3046.0000,3046.2000,3046.4000,3047.6000,3048.0000,1,2,12,7,1,1,1,1,1,3
SF,IH1912,2019-11-08 09:31:17.700,3045.6000,22038,0,309236280.000,2,1,1,多换,S,3045.6000,3045.0000,3042.0000,3041.0000,3040.8000,3045.8000,3046.2000,3046.4000,3047.6000,3048.0000,1,12,7,1,3,1,1,1,1,3
SF,IH1912,2019-11-08 09:31:18.200,3045.6000,22038,0,309236280.000,0,-,-,-,-,3045.6000,3045.0000,3042.0000,3041.0000,3040.8000,3045.8000,3046.2000,3046.4000,3047.6000,3048.0000,1,12,7,1,3,6,1,1,1,3
SF,IH1912,2019-11-08 09:31:18.700,3045.8000,22039,1,311977440.000,3,2,1,空开,S,3045.0000,3042.0000,3041.0000,3040.8000,3040.0000,3045.8000,3046.2000,3046.4000,3046.8000,3047.6000,12,7,1,3,5,4,1,1,1,1
SF,IH1912,2019-11-08 09:31:19.200,3045.8000,22039,0,311977440.000,0,-,-,-,-,3045.2000,3045.0000,3042.0000,3041.0000,3040.8000,3045.8000,3046.4000,3046.8000,3047.6000,3048.0000,1,14,7,1,3,4,1,1,1,3
SF,IH1912,2019-11-08 09:31:19.700,3045.8000,22039,0,311977440.000,0,-,-,-,-,3045.2000,3045.0000,3042.0000,3041.0000,3040.8000,3045.8000,3046.0000,3046.4000,3046.8000,3047.6000,3,12,7,1,3,4,4,1,1,1
SF,IH1912,2019-11-08 09:31:20.200,3045.8000,22039,0,314718660.000,3,1,2,多换,S,3045.4000,3045.2000,3045.0000,3042.0000,3041.0000,3045.6000,3045.8000,3046.0000,3046.4000,3046.8000,2,3,12,7,1,1,1,4,1,1
SF,IH1912,2019-11-08 09:31:20.700,3046.0000,22037,-2,318373680.000,4,1,3,多平,S,3045.8000,3045.6000,3045.4000,3045.2000,3045.0000,3046.0000,3046.4000,3046.8000,3047.0000,3047.6000,2,3,2,2,12,2,1,1,1,1
SF,IH1912,2019-11-08 09:31:21.200,3046.0000,22033,-4,322028760.000,4,0,4,双平,S,3045.6000,3045.4000,3045.2000,3045.0000,3042.0000,3045.8000,3046.4000,3046.8000,3047.0000,3047.6000,2,2,3,12,7,1,1,1,2,1
SF,IH1912,2019-11-08 09:31:21.700,3046.4000,22032,-1,323856420.000,2,0,2,多平,S,3046.4000,3046.2000,3046.0000,3045.8000,3045.6000,3046.8000,3047.0000,3047.6000,3048.0000,3048.2000,1,2,3,3,1,1,1,1,3,3
SF,IH1912,2019-11-08 09:31:22.200,3046.8000,22026,-6,332082660.000,9,1,8,多平,S,3046.4000,3046.2000,3046.0000,3045.8000,3045.6000,3048.0000,3048.2000,3048.4000,3049.0000,3049.2000,1,2,3,3,1,3,3,2,3,3
SF,IH1912,2019-11-08 09:31:22.700,3046.8000,22026,0,332082660.000,0,-,-,-,-,3046.6000,3046.4000,3046.2000,3046.0000,3045.8000,3047.2000,3047.6000,3047.8000,3048.0000,3048.2000,1,2,2,3,3,2,3,6,6,3
SF,IH1912,2019-11-08 09:31:23.200,3047.2000,22024,-2,334825140.000,3,0,3,多平,S,3047.2000,3046.6000,3046.4000,3046.2000,3046.0000,3047.8000,3048.2000,3048.4000,3049.0000,3049.2000,1,2,1,3,1,2,3,3,3,3
SF,IH1912,2019-11-08 09:31:23.700,3047.2000,22025,1,336653640.000,2,1,1,空开,S,3047.2000,3046.4000,3046.2000,3046.0000,3045.8000,3047.4000,3047.8000,3048.2000,3048.4000,3049.0000,1,1,3,1,3,1,1,3,3,3
SF,IH1912,2019-11-08 09:31:24.200,3047.8000,22024,-1,338482200.000,2,0,2,多平,S,3047.2000,3046.4000,3046.2000,3046.0000,3045.8000,3048.2000,3048.4000,3049.0000,3049.2000,3049.6000,1,1,3,1,3,3,3,3,3,2
SF,IH1912,2019-11-08 09:31:24.700,3047.8000,22023,-1,339396540.000,1,0,1,双平,S,3047.2000,3046.4000,3046.2000,3046.0000,3045.8000,3048.0000,3048.2000,3048.4000,3049.0000,3049.2000,1,1,3,1,3,1,3,3,3,3
SF,IH1912,2019-11-08 09:31:25.200,3047.2000,22023,0,340310700.000,1,0,1,多换,S,3046.2000,3046.0000,3045.8000,3045.6000,3045.4000,3047.2000,3048.0000,3048.2000,3048.4000,3049.0000,3,1,3,1,1,1,2,3,3,3
SF,IH1912,2019-11-08 09:31:25.700,3047.2000,22023,0,340310700.000,0,-,-,-,-,3046.4000,3046.2000,3046.0000,3045.8000,3045.6000,3047.2000,3048.0000,3048.2000,3048.4000,3049.0000,3,3,1,3,1,1,1,3,3,3
SF,IH1912,2019-11-08 09:31:26.200,3047.2000,22023,0,340310700.000,0,-,-,-,-,3046.4000,3046.2000,3046.0000,3045.8000,3045.6000,3047.2000,3048.2000,3048.4000,3049.0000,3049.2000,3,3,1,3,1,2,3,3,3,3
SF,IH1912,2019-11-08 09:31:27.200,3047.2000,22023,0,341224860.000,1,0,1,多换,S,3046.4000,3046.2000,3046.0000,3045.8000,3045.6000,3047.2000,3048.2000,3048.4000,3049.0000,3049.2000,3,3,1,3,1,1,3,3,3,3
SF,IH1912,2019-11-08 09:31:27.700,3047.2000,22023,0,341224860.000,0,-,-,-,-,3047.2000,3046.4000,3046.2000,3046.0000,3045.8000,3048.2000,3048.4000,3049.0000,3049.2000,3049.6000,1,2,3,2,3,3,3,3,3,2
SF,IH1912,2019-11-08 09:31:28.200,3047.2000,22022,-1,342139020.000,1,0,1,双平,S,3046.2000,3046.0000,3045.8000,3045.6000,3045.4000,3047.6000,3047.8000,3048.0000,3048.2000,3048.4000,3,2,3,1,1,3,2,6,3,3
SF,IH1912,2019-11-08 09:31:28.700,3047.2000,22022,0,342139020.000,0,-,-,-,-,3047.4000,3046.4000,3046.2000,3046.0000,3045.8000,3047.8000,3048.0000,3048.2000,3048.4000,3049.0000,1,2,3,2,3,2,3,3,3,3
SF,IH1912,2019-11-08 09:31:29.200,3047.4000,22023,1,343053240.000,1,1,0,双开,S,3046.2000,3046.0000,3045.8000,3045.6000,3045.4000,3047.0000,3047.2000,3047.6000,3047.8000,3048.0000,3,2,1,1,1,2,1,1,2,3
SF,IH1912,2019-11-08 09:31:29.700,3046.2000,22018,-5,347622660.000,5,0,5,双平,S,3046.0000,3045.8000,3045.6000,3045.4000,3045.2000,3047.0000,3047.2000,3047.6000,3047.8000,3048.0000,3,1,1,1,2,2,1,1,3,3
SF,IH1912,2019-11-08 09:31:30.200,3046.2000,22018,0,348536520.000,1,0,1,多换,S,3046.0000,3045.8000,3045.6000,3045.4000,3045.2000,3046.4000,3047.0000,3047.2000,3047.6000,3047.8000,3,1,1,1,2,1,2,1,1,2
SF,IH1912,2019-11-08 09:31:30.700,3046.2000,22017,-1,350364300.000,2,0,2,多平,S,3046.0000,3045.8000,3045.6000,3045.4000,3045.2000,3047.0000,3047.2000,3047.6000,3047.8000,3048.0000,3,1,1,1,2,2,1,1,2,4
SF,IH1912,2019-11-08 09:31:31.200,3046.2000,22017,0,350364300.000,0,-,-,-,-,3046.0000,3045.8000,3045.6000,3045.4000,3045.2000,3047.0000,3047.2000,3047.4000,3047.6000,3047.8000,3,1,1,1,2,2,1,7,1,2
SF,IH1912,2019-11-08 09:31:31.700,3046.2000,22017,0,350364300.000,0,-,-,-,-,3046.0000,3045.8000,3045.6000,3045.4000,3045.2000,3046.8000,3047.0000,3047.2000,3047.4000,3047.6000,2,1,1,1,2,1,2,1,7,1
SF,IH1912,2019-11-08 09:31:32.200,3046.2000,22017,0,350364300.000,0,-,-,-,-,3046.0000,3045.8000,3045.6000,3045.4000,3045.2000,3046.8000,3047.0000,3047.2000,3047.4000,3047.8000,2,1,1,1,2,1,2,1,7,2
SF,IH1912,2019-11-08 09:31:32.700,3046.2000,22017,0,350364300.000,0,-,-,-,-,3046.0000,3045.8000,3045.6000,3045.4000,3045.2000,3046.6000,3046.8000,3047.0000,3047.2000,3047.4000,1,1,1,1,2,1,2,2,1,7
SF,IH1912,2019-11-08 09:31:33.200,3046.0000,22017,0,351278100.000,1,0,1,多换,S,3045.8000,3045.6000,3045.4000,3045.2000,3045.0000,3046.0000,3046.4000,3046.6000,3046.8000,3047.0000,1,1,1,2,12,1,1,1,1,2
SF,IH1912,2019-11-08 09:31:33.700,3045.8000,22018,1,352191840.000,1,1,0,双开,S,3045.6000,3045.4000,3045.2000,3045.0000,3042.0000,3046.0000,3046.6000,3046.8000,3047.0000,3047.2000,1,1,2,12,7,5,1,1,2,1
SF,IH1912,2019-11-08 09:31:34.200,3045.6000,22018,0,353105520.000,1,0,1,多换,S,3045.6000,3045.4000,3045.2000,3045.0000,3042.0000,3046.0000,3046.6000,3046.8000,3047.0000,3047.4000,1,1,1,12,7,4,1,1,2,7
SF,IH1912,2019-11-08 09:31:34.700,3045.8000,22018,0,354932940.000,2,1,1,多换,S,3045.4000,3045.2000,3045.0000,3042.0000,3041.0000,3046.0000,3046.8000,3047.0000,3047.4000,3047.8000,1,1,12,7,1,4,1,2,7,2
SF,IH1912,2019-11-08 09:31:35.200,3045.8000,22018,0,354932940.000,0,-,-,-,-,3045.4000,3045.2000,3045.0000,3042.0000,3041.0000,3045.8000,3046.0000,3047.0000,3047.4000,3047.8000,1,1,13,7,1,2,4,2,7,2
SF,IH1912,2019-11-08 09:31:35.700,3045.6000,22017,-1,356760240.000,2,0,2,多平,S,3045.2000,3045.0000,3042.0000,3041.0000,3040.8000,3045.6000,3045.8000,3046.0000,3047.0000,3047.4000,1,13,7,1,3,1,2,4,2,7
SF,IH1912,2019-11-08 09:31:36.200,3045.2000,22017,0,357673800.000,1,0,1,多换,S,3045.2000,3045.0000,3042.0000,3041.0000,3040.8000,3045.6000,3045.8000,3046.0000,3047.0000,3047.4000,1,13,7,1,3,1,2,5,2,7
SF,IH1912,2019-11-08 09:31:36.700,3045.0000,22018,1,363154860.000,6,3,3,空开,S,3045.0000,3042.0000,3041.0000,3040.8000,3040.0000,3045.6000,3045.8000,3046.0000,3047.0000,3047.4000,8,7,1,3,5,1,2,5,2,7
SF,IH1912,2019-11-08 09:31:37.200,3045.4000,22018,0,366808980.000,4,2,2,多换,S,3045.0000,3042.0000,3041.0000,3040.8000,3040.0000,3045.6000,3045.8000,3046.0000,3047.0000,3047.4000,5,7,1,3,5,2,1,5,2,7
SF,IH1912,2019-11-08 09:31:37.700,3045.0000,22019,1,371376480.000,5,3,2,空开,S,3042.0000,3041.0000,3040.8000,3040.0000,3039.8000,3045.0000,3045.4000,3045.6000,3045.8000,3046.0000,7,1,3,5,1,1,1,2,1,5
SF,IH1912,2019-11-08 09:31:38.200,3045.0000,22019,0,371376480.000,0,-,-,-,-,3044.6000,3044.4000,3044.0000,3043.6000,3043.2000,3045.4000,3045.8000,3046.0000,3047.0000,3047.4000,1,1,5,3,5,1,1,4,2,7
SF,IH1912,2019-11-08 09:31:38.700,3045.0000,22019,0,371376480.000,0,-,-,-,-,3044.6000,3044.4000,3044.0000,3043.6000,3043.2000,3045.2000,3045.4000,3045.8000,3046.0000,3047.0000,2,1,2,2,2,1,1,1,4,2
SF,IH1912,2019-11-08 09:31:39.200,3045.0000,22019,0,371376480.000,0,-,-,-,-,3044.6000,3044.4000,3043.6000,3043.2000,3042.6000,3045.8000,3046.0000,3047.0000,3047.4000,3047.6000,2,1,2,2,2,1,4,2,7,3
SF,IH1912,2019-11-08 09:31:39.700,3045.0000,22019,0,371376480.000,0,-,-,-,-,3044.6000,3044.4000,3043.6000,3043.2000,3042.6000,3045.6000,3045.8000,3046.0000,3047.0000,3047.4000,2,1,2,2,2,1,1,4,2,7
SF,IH1912,2019-11-08 09:31:40.200,3045.0000,22019,0,371376480.000,0,-,-,-,-,3044.6000,3044.4000,3043.6000,3043.2000,3042.6000,3045.6000,3045.8000,3046.0000,3047.0000,3047.4000,2,1,2,2,2,2,1,4,2,7
SF,IH1912,2019-11-08 09:31:41.200,3045.0000,22019,0,371376480.000,0,-,-,-,-,3044.6000,3044.4000,3043.6000,3043.2000,3042.6000,3045.6000,3045.8000,3046.0000,3047.0000,3047.4000,4,1,2,2,2,2,1,4,2,7
SF,IH1912,2019-11-08 09:31:41.700,3044.6000,22019,0,374116920.000,3,1,2,多换,S,3044.4000,3044.2000,3043.6000,3043.2000,3042.6000,3044.6000,3045.6000,3045.8000,3046.0000,3047.0000,1,1,2,2,2,4,1,1,5,2
SF,IH1912,2019-11-08 09:31:42.200,3044.6000,22020,1,377770440.000,4,2,2,空开,S,3044.6000,3044.4000,3043.6000,3043.2000,3042.6000,3045.6000,3045.8000,3046.0000,3047.4000,3047.6000,5,1,2,1,2,1,1,4,7,3
SF,IH1912,2019-11-08 09:31:42.700,3044.6000,22020,0,377770440.000,0,-,-,-,-,3044.6000,3044.4000,3043.6000,3043.2000,3042.6000,3045.6000,3045.8000,3046.0000,3047.0000,3047.6000,7,1,2,1,2,1,1,4,1,3
SF,IH1912,2019-11-08 09:31:43.200,3044.6000,22018,-2,379597200.000,2,0,2,双平,S,3044.6000,3044.4000,3043.8000,3043.6000,3043.2000,3045.2000,3045.6000,3045.8000,3046.0000,3047.0000,3,1,1,2,1,1,2,1,4,1
SF,IH1912,2019-11-08 09:31:43.700,3044.6000,22017,-1,380510580.000,1,0,1,双平,S,3044.6000,3044.4000,3043.6000,3043.2000,3042.6000,3045.2000,3045.8000,3046.0000,3047.0000,3047.2000,1,1,2,1,2,2,1,4,1,1
SF,IH1912,2019-11-08 09:31:44.200,3044.6000,22017,0,380510580.000,0,-,-,-,-,3044.6000,3044.4000,3043.6000,3043.2000,3042.6000,3045.2000,3046.0000,3047.0000,3047.2000,3047.6000,1,1,2,1,2,2,4,1,1,3
SF,IH1912,2019-11-08 09:31:44.700,3044.6000,22017,0,380510580.000,0,-,-,-,-,3044.6000,3044.4000,3043.6000,3043.2000,3042.6000,3045.0000,3045.2000,3046.0000,3047.0000,3047.2000,1,1,2,1,2,1,2,4,2,1
SF,IH1912,2019-11-08 09:31:45.200,3044.4000,22018,1,382337280.000,2,1,1,空开,S,3043.6000,3043.2000,3042.6000,3042.2000,3042.0000,3044.6000,3045.0000,3045.2000,3046.0000,3047.0000,2,1,2,28,15,6,1,2,4,2
SF,IH1912,2019-11-08 09:31:45.700,3045.0000,22011,-7,388731060.000,7,0,7,双平,S,3044.4000,3044.2000,3044.0000,3043.8000,3043.6000,3045.2000,3046.0000,3047.0000,3047.2000,3047.6000,2,1,3,26,6,2,4,2,1,4
SF,IH1912,2019-11-08 09:31:46.200,3045.0000,22011,0,388731060.000,0,-,-,-,-,3044.0000,3043.8000,3043.6000,3043.2000,3042.6000,3045.0000,3045.2000,3046.0000,3047.0000,3047.2000,2,19,6,1,3,1,2,4,2,1
SF,IH1912,2019-11-08 09:31:46.700,3045.0000,22011,0,388731060.000,0,-,-,-,-,3044.2000,3044.0000,3043.8000,3043.6000,3043.2000,3045.0000,3045.2000,3046.0000,3047.0000,3047.2000,5,5,18,3,1,1,2,4,2,1
SF,IH1912,2019-11-08 09:31:47.200,3045.0000,22011,0,388731060.000,0,-,-,-,-,3044.2000,3044.0000,3043.8000,3043.6000,3043.2000,3045.0000,3045.2000,3046.0000,3047.0000,3047.2000,3,5,16,3,1,1,2,4,2,1
SF,IH1912,2019-11-08 09:31:48.200,3045.0000,22011,0,388731060.000,0,-,-,-,-,3044.2000,3044.0000,3043.8000,3043.6000,3043.2000,3045.0000,3045.2000,3046.0000,3047.0000,3047.2000,4,4,16,3,1,1,2,4,2,1
SF,IH1912,2019-11-08 09:31:48.700,3045.0000,22011,0,388731060.000,0,-,-,-,-,3044.6000,3044.4000,3044.2000,3044.0000,3043.8000,3045.0000,3045.2000,3046.0000,3047.0000,3047.2000,2,3,5,2,16,1,1,4,2,1
SF,IH1912,2019-11-08 09:31:49.200,3045.0000,22011,0,388731060.000,0,-,-,-,-,3044.4000,3044.2000,3044.0000,3043.8000,3043.6000,3045.0000,3045.2000,3045.6000,3046.0000,3047.0000,1,4,2,16,3,1,2,1,4,2
SF,IH1912,2019-11-08 09:31:49.700,3045.0000,22011,0,388731060.000,0,-,-,-,-,3044.2000,3044.0000,3043.8000,3043.6000,3043.2000,3044.8000,3045.0000,3045.2000,3045.6000,3046.0000,4,2,16,3,1,1,1,2,1,4
SF,IH1912,2019-11-08 09:31:50.200,3045.0000,22011,0,388731060.000,0,-,-,-,-,3044.2000,3044.0000,3043.8000,3043.6000,3043.2000,3044.8000,3045.0000,3045.2000,3045.6000,3046.0000,3,1,15,3,1,1,1,2,1,4
SF,IH1912,2019-11-08 09:31:50.700,3045.0000,22011,0,389644560.000,1,0,1,多换,S,3044.2000,3044.0000,3043.8000,3043.6000,3043.2000,3045.0000,3045.2000,3045.6000,3046.0000,3047.0000,3,1,15,3,1,1,2,1,4,2
SF,IH1912,2019-11-08 09:31:51.200,3045.0000,22011,0,389644560.000,0,-,-,-,-,3044.4000,3044.2000,3044.0000,3043.8000,3043.6000,3045.2000,3045.6000,3046.0000,3047.0000,3047.2000,2,5,1,15,3,2,1,4,2,1
SF,IH1912,2019-11-08 09:31:51.700,3045.2000,22012,1,391471680.000,2,1,1,空开,S,3045.2000,3045.0000,3044.4000,3044.2000,3044.0000,3045.6000,3046.0000,3047.0000,3047.2000,3047.6000,1,1,2,5,1,1,4,2,1,4
SF,IH1912,2019-11-08 09:31:52.200,3045.6000,22011,-1,392385360.000,1,0,1,双平,S,3045.2000,3045.0000,3044.4000,3044.2000,3044.0000,3046.0000,3047.0000,3047.2000,3047.6000,3047.8000,1,1,2,3,1,4,2,1,4,2
SF,IH1912,2019-11-08 09:31:52.700,3046.0000,22008,-3,396040560.000,4,0,4,多平,S,3045.6000,3045.4000,3045.2000,3045.0000,3044.4000,3047.0000,3047.2000,3047.6000,3047.8000,3048.0000,1,1,3,1,2,2,1,4,2,5
SF,IH1912,2019-11-08 09:31:53.200,3045.6000,22008,0,396954240.000,1,0,1,多换,S,3045.4000,3045.2000,3045.0000,3044.4000,3044.2000,3046.8000,3047.0000,3047.2000,3047.6000,3047.8000,1,1,1,2,3,2,3,1,4,2
SF,IH1912,2019-11-08 09:31:53.700,3045.0000,22007,-1,399694920.000,3,1,2,多平,S,3044.4000,3044.2000,3044.0000,3043.8000,3043.6000,3046.6000,3046.8000,3047.0000,3047.2000,3047.6000,2,3,2,14,3,1,2,3,1,4
SF,IH1912,2019-11-08 09:31:54.200,3046.4000,22008,1,401522400.000,2,1,1,空开,S,3045.4000,3045.0000,3044.8000,3044.6000,3044.4000,3046.4000,3046.6000,3047.0000,3047.2000,3047.6000,2,1,3,24,4,1,1,4,1,4
SF,IH1912,2019-11-08 09:31:54.700,3046.4000,22008,0,401522400.000,0,-,-,-,-,3044.6000,3044.4000,3044.2000,3044.0000,3043.8000,3046.2000,3046.6000,3047.0000,3047.2000,3047.6000,10,4,1,1,1,2,1,3,1,4
SF,IH1912,2019-11-08 09:31:55.200,3045.0000,22007,-1,402435900.000,1,0,1,双平,S,3045.0000,3044.8000,3044.6000,3044.4000,3044.2000,3046.2000,3046.6000,3047.0000,3047.2000,3047.6000,1,15,10,2,1,2,1,3,1,4
SF,IH1912,2019-11-08 09:31:55.700,3045.0000,22007,0,402435900.000,0,-,-,-,-,3045.2000,3044.8000,3044.6000,3044.4000,3044.2000,3046.2000,3046.6000,3047.0000,3047.2000,3047.6000,1,12,10,2,1,1,1,3,1,4
SF,IH1912,2019-11-08 09:31:56.200,3045.0000,22007,0,402435900.000,0,-,-,-,-,3045.2000,3044.8000,3044.6000,3044.4000,3044.2000,3046.2000,3046.6000,3047.0000,3047.2000,3047.6000,1,12,10,2,1,2,1,3,1,4
SF,IH1912,2019-11-08 09:31:56.700,3045.0000,22007,0,402435900.000,0,-,-,-,-,3045.2000,3044.8000,3044.6000,3044.4000,3044.2000,3046.2000,3046.6000,3047.0000,3047.2000,3047.6000,1,12,9,2,1,1,1,4,1,4
SF,IH1912,2019-11-08 09:31:57.200,3045.2000,22006,-1,403349460.000,1,0,1,双平,S,3045.2000,3044.8000,3044.6000,3044.4000,3044.2000,3046.2000,3046.6000,3047.0000,3047.2000,3047.6000,1,12,9,2,1,1,1,4,1,4
SF,IH1912,2019-11-08 09:31:57.700,3045.2000,22006,0,403349460.000,0,-,-,-,-,3045.2000,3044.8000,3044.6000,3044.4000,3044.2000,3046.2000,3046.6000,3047.0000,3047.2000,3047.6000,1,12,9,2,1,2,1,4,1,4
SF,IH1912,2019-11-08 09:31:58.200,3045.2000,22006,0,403349460.000,0,-,-,-,-,3045.4000,3045.2000,3044.8000,3044.6000,3044.4000,3046.2000,3046.6000,3047.0000,3047.2000,3047.6000,1,3,12,9,2,1,1,4,1,4
SF,IH1912,2019-11-08 09:31:58.700,3046.2000,22005,-1,404263320.000,1,0,1,双平,S,3045.6000,3045.4000,3045.2000,3044.8000,3044.6000,3046.6000,3047.0000,3047.2000,3047.6000,3047.8000,1,1,2,12,9,1,4,1,4,2
SF,IH1912,2019-11-08 09:31:59.200,3045.8000,22004,-1,406091040.000,2,0,2,多平,S,3045.8000,3045.6000,3045.4000,3044.8000,3044.6000,3047.0000,3047.2000,3047.6000,3047.8000,3048.0000,14,1,1,1,8,4,1,4,2,5
SF,IH1912,2019-11-08 09:31:59.700,3045.8000,22004,0,406091040.000,0,-,-,-,-,3046.2000,3046.0000,3045.8000,3045.4000,3044.6000,3047.0000,3047.2000,3047.6000,3047.8000,3048.0000,1,5,14,1,8,3,1,4,2,3
SF,IH1912,2019-11-08 09:32:00.200,3045.8000,22004,0,406091040.000,0,-,-,-,-,3046.4000,3046.2000,3046.0000,3045.8000,3044.6000,3047.0000,3047.2000,3047.6000,3047.8000,3048.0000,2,1,3,12,8,3,1,4,2,3
SF,IH1912,2019-11-08 09:32:00.700,3046.2000,22002,-2,407919000.000,2,0,2,双平,S,3046.0000,3045.8000,3044.6000,3044.4000,3044.2000,3046.4000,3047.0000,3047.2000,3047.6000,3047.8000,2,2,8,2,6,1,2,1,4,2
SF,IH1912,2019-11-08 09:32:01.200,3046.4000,22001,-1,409746840.000,2,0,2,多平,S,3046.4000,3046.2000,3046.0000,3045.8000,3044.6000,3047.0000,3047.2000,3047.6000,3047.8000,3048.0000,3,5,2,2,8,2,1,4,2,3
SF,IH1912,2019-11-08 09:32:01.700,3047.2000,21998,-3,412489200.000,3,0,3,双平,S,3046.6000,3046.4000,3046.2000,3046.0000,3044.6000,3047.6000,3047.8000,3048.0000,3048.4000,3049.0000,13,2,3,2,8,4,2,3,1,2
SF,IH1912,2019-11-08 09:32:02.200,3047.2000,21998,0,412489200.000,0,-,-,-,-,3046.6000,3046.4000,3046.2000,3046.0000,3044.6000,3047.6000,3047.8000,3048.0000,3048.4000,3049.0000,3,1,3,2,8,4,2,3,1,2
SF,IH1912,2019-11-08 09:32:02.700,3047.2000,21998,0,412489200.000,0,-,-,-,-,3046.6000,3046.4000,3046.2000,3046.0000,3044.6000,3047.4000,3047.6000,3047.8000,3048.0000,3048.4000,5,1,3,2,8,1,4,2,3,1
SF,IH1912,2019-11-08 09:32:03.200,3047.2000,21998,0,412489200.000,0,-,-,-,-,3046.6000,3046.4000,3046.2000,3046.0000,3044.6000,3047.6000,3047.8000,3048.0000,3048.4000,3049.0000,3,1,3,2,8,4,2,3,1,2
SF,IH1912,2019-11-08 09:32:04.200,3047.6000,21998,0,413403480.000,1,0,1,多换,S,3046.6000,3046.4000,3046.2000,3046.0000,3044.6000,3047.6000,3047.8000,3048.0000,3048.4000,3049.0000,5,1,3,2,8,3,2,3,1,2
SF,IH1912,2019-11-08 09:32:04.700,3047.6000,21998,0,413403480.000,0,-,-,-,-,3046.6000,3046.4000,3046.2000,3046.0000,3044.6000,3047.6000,3047.8000,3048.0000,3048.4000,3049.0000,5,2,2,2,8,3,2,3,1,2
SF,IH1912,2019-11-08 09:32:05.200,3047.6000,21998,0,413403480.000,0,-,-,-,-,3046.6000,3046.4000,3046.2000,3046.0000,3044.6000,3047.4000,3047.6000,3047.8000,3048.0000,3048.4000,5,2,2,2,8,1,3,2,3,1
SF,IH1912,2019-11-08 09:32:05.700,3047.6000,21998,0,413403480.000,0,-,-,-,-,3046.6000,3046.4000,3046.2000,3046.0000,3044.6000,3047.4000,3047.6000,3047.8000,3048.0000,3048.4000,4,2,2,2,8,1,3,2,3,1
SF,IH1912,2019-11-08 09:32:06.700,3046.6000,21998,0,414317460.000,1,0,1,多换,S,3046.6000,3046.4000,3046.2000,3046.0000,3044.6000,3047.4000,3047.6000,3047.8000,3048.0000,3048.4000,3,2,1,2,8,1,3,3,3,1
SF,IH1912,2019-11-08 09:32:07.200,3046.6000,21998,0,414317460.000,0,-,-,-,-,3046.8000,3046.6000,3046.4000,3046.2000,3044.6000,3047.4000,3047.6000,3047.8000,3048.0000,3048.4000,12,5,2,1,8,1,3,3,3,1
SF,IH1912,2019-11-08 09:32:07.700,3046.6000,21998,0,414317460.000,0,-,-,-,-,3047.0000,3046.8000,3046.6000,3046.4000,3044.6000,3047.4000,3047.6000,3047.8000,3048.0000,3048.4000,1,12,3,2,8,1,3,3,3,1
SF,IH1912,2019-11-08 09:32:08.200,3047.4000,21997,-1,415231680.000,1,0,1,双平,S,3047.2000,3047.0000,3046.8000,3046.6000,3046.4000,3047.6000,3047.8000,3048.0000,3048.4000,3049.0000,4,1,11,3,1,3,3,3,1,2
SF,IH1912,2019-11-08 09:32:08.700,3047.4000,21997,0,415231680.000,0,-,-,-,-,3047.2000,3047.0000,3046.8000,3046.6000,3046.4000,3047.6000,3047.8000,3048.0000,3048.4000,3049.0000,1,1,1,3,1,3,3,3,1,2
SF,IH1912,2019-11-08 09:32:09.200,3047.0000,21996,-1,417059940.000,2,0,2,多平,S,3046.8000,3046.6000,3046.4000,3044.6000,3044.4000,3047.0000,3047.6000,3047.8000,3048.0000,3048.4000,1,3,1,8,2,1,3,3,3,1
SF,IH1912,2019-11-08 09:32:09.700,3047.0000,21995,-1,417974040.000,1,0,1,双平,S,3047.0000,3046.8000,3046.6000,3046.4000,3044.6000,3047.6000,3047.8000,3048.0000,3048.4000,3049.0000,3,3,3,1,8,3,3,3,1,2
SF,IH1912,2019-11-08 09:32:10.200,3047.0000,21995,0,417974040.000,0,-,-,-,-,3047.0000,3046.6000,3046.4000,3044.6000,3044.4000,3047.6000,3047.8000,3048.0000,3048.4000,3049.0000,1,3,1,8,2,3,3,3,1,2
SF,IH1912,2019-11-08 09:32:10.700,3047.0000,21995,0,417974040.000,0,-,-,-,-,3047.0000,3046.6000,3046.4000,3044.6000,3044.4000,3047.6000,3047.8000,3048.0000,3048.4000,3049.0000,1,3,1,8,2,3,3,3,1,2
SF,IH1912,2019-11-08 09:32:11.200,3047.0000,21995,0,417974040.000,0,-,-,-,-,3047.0000,3046.6000,3046.4000,3044.6000,3044.4000,3047.6000,3047.8000,3048.0000,3048.4000,3049.0000,4,3,1,8,2,3,3,3,1,2
SF,IH1912,2019-11-08 09:32:11.700,3047.0000,21995,0,417974040.000,0,-,-,-,-,3047.0000,3046.6000,3046.4000,3045.0000,3044.6000,3047.6000,3047.8000,3048.0000,3048.4000,3049.0000,4,3,1,1,8,3,3,3,1,2
SF,IH1912,2019-11-08 09:32:13.200,3047.0000,21995,0,418888140.000,1,0,1,多换,S,3047.0000,3046.6000,3046.4000,3045.0000,3044.6000,3047.6000,3047.8000,3048.0000,3048.4000,3049.0000,4,3,1,1,8,3,3,3,1,2
SF,IH1912,2019-11-08 09:32:13.700,3047.0000,21995,0,422544540.000,4,2,2,多换,S,3046.6000,3046.4000,3045.0000,3044.6000,3044.4000,3046.8000,3047.0000,3047.6000,3047.8000,3048.0000,3,1,1,8,2,2,3,3,3,3
SF,IH1912,2019-11-08 09:32:14.200,3046.6000,21994,-1,425286480.000,3,1,2,多平,S,3045.0000,3044.6000,3044.4000,3044.0000,3043.6000,3046.2000,3046.4000,3046.6000,3046.8000,3047.0000,1,8,2,2,1,1,2,5,1,2
SF,IH1912,2019-11-08 09:32:14.700,3046.2000,21993,-1,427114200.000,2,0,2,多平,S,3046.2000,3045.4000,3045.2000,3045.0000,3044.6000,3046.4000,3046.6000,3046.8000,3047.0000,3047.6000,1,2,13,3,7,2,3,1,2,3
SF,IH1912,2019-11-08 09:32:15.200,3046.2000,21991,-2,428941920.000,2,0,2,双平,S,3045.2000,3045.0000,3044.6000,3044.0000,3043.6000,3046.2000,3046.4000,3046.6000,3046.8000,3047.0000,11,3,6,2,1,1,2,3,1,4
SF,IH1912,2019-11-08 09:32:15.700,3046.2000,21990,-1,429855780.000,1,0,1,双平,S,3045.4000,3045.2000,3045.0000,3044.6000,3044.0000,3046.4000,3046.6000,3046.8000,3047.0000,3047.6000,4,13,3,6,2,2,3,1,7,3
SF,IH1912,2019-11-08 09:32:16.200,3046.2000,21990,0,429855780.000,0,-,-,-,-,3045.6000,3045.4000,3045.0000,3044.6000,3044.0000,3046.4000,3046.6000,3046.8000,3047.0000,3047.6000,13,3,2,6,2,2,3,1,7,3
SF,IH1912,2019-11-08 09:32:16.700,3046.2000,21990,0,429855780.000,0,-,-,-,-,3045.6000,3045.4000,3045.0000,3044.6000,3044.0000,3046.4000,3046.6000,3046.8000,3047.0000,3047.6000,13,3,2,6,2,2,3,1,7,3
SF,IH1912,2019-11-08 09:32:17.200,3046.2000,21990,0,429855780.000,0,-,-,-,-,3046.4000,3046.0000,3045.8000,3045.6000,3045.4000,3046.6000,3046.8000,3047.0000,3047.6000,3047.8000,1,1,1,13,2,3,1,7,3,2
SF,IH1912,2019-11-08 09:32:17.700,3046.4000,21990,0,430769700.000,1,0,1,多换,S,3046.0000,3045.8000,3045.6000,3045.4000,3045.0000,3046.6000,3046.8000,3047.0000,3047.6000,3047.8000,1,1,11,2,2,3,1,7,3,2
SF,IH1912,2019-11-08 09:32:18.200,3046.6000,21989,-1,431683680.000,1,0,1,双平,S,3046.2000,3046.0000,3045.8000,3045.4000,3045.0000,3046.8000,3047.0000,3047.6000,3047.8000,3048.0000,11,2,1,2,2,1,8,3,2,3
SF,IH1912,2019-11-08 09:32:18.700,3046.8000,21988,-1,432597720.000,1,0,1,双平,S,3046.4000,3046.2000,3046.0000,3045.8000,3045.4000,3047.0000,3047.6000,3047.8000,3048.0000,3048.4000,1,11,1,1,2,8,3,2,3,1
SF,IH1912,2019-11-08 09:32:19.200,3046.8000,21982,-6,438996360.000,7,0,7,多平,S,3046.8000,3046.6000,3046.4000,3046.2000,3046.0000,3047.0000,3047.6000,3047.8000,3048.0000,3048.4000,1,1,1,10,1,2,4,2,3,1
SF,IH1912,2019-11-08 09:32:19.700,3047.0000,21980,-2,440824560.000,2,0,2,双平,S,3047.2000,3047.0000,3046.8000,3046.4000,3046.2000,3047.4000,3047.6000,3047.8000,3048.0000,3048.4000,1,6,1,1,10,1,4,2,3,1
SF,IH1912,2019-11-08 09:32:20.200,3047.4000,21979,-1,441738780.000,1,0,1,双平,S,3047.4000,3047.0000,3046.8000,3046.4000,3046.2000,3047.6000,3047.8000,3048.0000,3048.4000,3049.0000,1,5,1,1,10,4,2,3,1,1
SF,IH1912,2019-11-08 09:32:20.700,3047.6000,21976,-3,446310180.000,5,1,4,多平,S,3047.6000,3047.0000,3046.8000,3046.4000,3046.2000,3047.8000,3048.0000,3048.4000,3049.0000,3049.2000,1,5,1,1,10,2,3,1,1,2
SF,IH1912,2019-11-08 09:32:21.200,3048.0000,21974,-2,449053260.000,3,0,3,多平,S,3047.0000,3046.8000,3046.4000,3046.2000,3046.0000,3048.0000,3048.4000,3049.0000,3049.2000,3049.4000,5,1,1,10,1,2,1,1,2,1
SF,IH1912,2019-11-08 09:32:21.700,3048.0000,21974,0,449053260.000,0,-,-,-,-,3047.2000,3047.0000,3046.8000,3046.2000,3046.0000,3048.0000,3048.4000,3049.0000,3049.2000,3049.4000,2,5,1,10,1,2,1,1,2,1
SF,IH1912,2019-11-08 09:32:22.200,3048.0000,21974,0,449053260.000,0,-,-,-,-,3047.2000,3047.0000,3046.8000,3046.2000,3046.0000,3048.0000,3048.4000,3049.0000,3049.2000,3049.4000,2,5,1,10,1,2,1,1,2,1
SF,IH1912,2019-11-08 09:32:22.700,3048.0000,21974,0,449053260.000,0,-,-,-,-,3047.2000,3047.0000,3046.8000,3046.2000,3046.0000,3048.0000,3048.4000,3049.0000,3049.2000,3049.4000,2,5,1,10,1,2,1,1,2,1
SF,IH1912,2019-11-08 09:32:23.200,3048.0000,21975,1,449967660.000,1,1,0,双开,S,3047.4000,3047.2000,3047.0000,3046.8000,3046.0000,3048.0000,3048.4000,3049.0000,3049.2000,3049.4000,10,4,4,1,1,1,1,2,2,1
SF,IH1912,2019-11-08 09:32:23.700,3048.0000,21976,1,450882060.000,1,1,0,双开,S,3047.6000,3047.4000,3047.2000,3047.0000,3046.8000,3049.0000,3049.2000,3049.4000,3050.0000,3050.6000,1,10,1,4,1,2,2,1,5,2
SF,IH1912,2019-11-08 09:32:24.200,3048.0000,21976,0,450882060.000,0,-,-,-,-,3047.6000,3047.2000,3047.0000,3046.8000,3046.0000,3049.0000,3049.2000,3049.4000,3050.0000,3050.6000,1,1,2,1,1,2,2,1,5,2
SF,IH1912,2019-11-08 09:32:24.700,3048.0000,21976,0,450882060.000,0,-,-,-,-,3047.6000,3047.0000,3046.8000,3046.0000,3045.8000,3049.0000,3049.2000,3049.4000,3050.0000,3050.6000,2,2,1,1,1,2,2,1,5,2
SF,IH1912,2019-11-08 09:32:25.200,3048.0000,21976,0,450882060.000,0,-,-,-,-,3047.6000,3047.0000,3046.8000,3046.0000,3045.8000,3049.0000,3049.2000,3049.4000,3050.0000,3050.6000,1,2,1,1,1,2,2,1,5,2
SF,IH1912,2019-11-08 09:32:25.700,3047.8000,21976,0,451796400.000,1,0,1,多换,S,3047.8000,3047.6000,3047.0000,3046.8000,3046.4000,3049.0000,3049.2000,3049.4000,3050.0000,3050.6000,9,4,1,1,6,2,2,1,5,2
SF,IH1912,2019-11-08 09:32:26.200,3047.8000,21976,0,451796400.000,0,-,-,-,-,3048.0000,3047.8000,3047.6000,3047.0000,3046.8000,3049.0000,3049.2000,3049.4000,3050.0000,3050.6000,2,9,3,1,1,2,2,1,5,2
SF,IH1912,2019-11-08 09:32:26.700,3047.8000,21976,0,451796400.000,0,-,-,-,-,3048.0000,3047.6000,3047.0000,3046.8000,3046.4000,3049.0000,3049.2000,3049.4000,3050.0000,3050.6000,3,2,1,1,6,2,2,1,5,2
SF,IH1912,2019-11-08 09:32:27.200,3049.0000,21977,1,453625800.000,2,1,1,空开,S,3048.0000,3047.0000,3046.8000,3046.4000,3046.0000,3049.2000,3049.4000,3050.0000,3050.6000,3050.8000,3,1,1,6,1,2,1,5,2,1
SF,IH1912,2019-11-08 09:32:27.700,3049.0000,21977,0,453625800.000,0,-,-,-,-,3048.2000,3048.0000,3047.0000,3046.8000,3046.4000,3049.2000,3049.4000,3050.0000,3050.6000,3050.8000,11,1,1,1,6,3,1,5,2,1
SF,IH1912,2019-11-08 09:32:28.200,3049.0000,21977,0,453625800.000,0,-,-,-,-,3048.4000,3048.2000,3047.0000,3046.8000,3046.4000,3049.2000,3049.4000,3050.0000,3050.6000,3050.8000,2,1,1,1,6,3,1,5,2,1
SF,IH1912,2019-11-08 09:32:28.700,3048.4000,21977,0,455454840.000,2,1,1,多换,S,3047.6000,3047.0000,3046.8000,3046.4000,3046.0000,3049.0000,3049.2000,3049.4000,3050.0000,3050.6000,1,1,1,6,1,1,3,2,5,2
SF,IH1912,2019-11-08 09:32:29.200,3048.4000,21977,0,455454840.000,0,-,-,-,-,3047.6000,3047.0000,3046.8000,3046.4000,3046.0000,3048.4000,3048.8000,3049.0000,3049.2000,3049.4000,1,1,1,6,1,1,1,1,3,1
SF,IH1912,2019-11-08 09:32:29.700,3047.8000,21975,-2,457283700.000,2,0,2,双平,S,3047.6000,3047.0000,3046.8000,3046.4000,3046.0000,3049.2000,3049.4000,3050.0000,3050.6000,3050.8000,2,1,1,6,1,2,1,5,2,1
SF,IH1912,2019-11-08 09:32:30.200,3047.8000,21975,0,457283700.000,0,-,-,-,-,3048.0000,3047.8000,3047.6000,3047.0000,3046.8000,3049.0000,3049.2000,3049.4000,3050.0000,3050.6000,1,11,5,1,1,1,2,1,5,2
SF,IH1912,2019-11-08 09:32:30.700,3047.8000,21975,0,457283700.000,0,-,-,-,-,3048.4000,3048.2000,3048.0000,3047.8000,3047.6000,3049.2000,3049.4000,3050.0000,3050.6000,3050.8000,1,1,2,11,1,2,1,5,2,1
SF,IH1912,2019-11-08 09:32:31.200,3048.4000,21977,2,460027740.000,3,2,1,空开,S,3048.0000,3047.8000,3047.6000,3047.0000,3046.8000,3049.4000,3050.0000,3050.6000,3050.8000,3051.0000,1,10,1,1,1,1,5,2,1,1
SF,IH1912,2019-11-08 09:32:31.700,3048.4000,21977,0,460027740.000,0,-,-,-,-,3048.0000,3047.8000,3047.6000,3047.4000,3047.0000,3049.2000,3049.4000,3050.0000,3050.6000,3050.8000,1,9,1,1,1,1,1,5,2,1
SF,IH1912,2019-11-08 09:32:32.200,3049.0000,21977,0,460942440.000,1,0,1,多换,S,3048.2000,3047.8000,3047.6000,3047.4000,3047.0000,3049.2000,3049.4000,3050.0000,3050.6000,3050.8000,1,1,1,1,1,1,1,5,2,1
SF,IH1912,2019-11-08 09:32:32.700,3049.2000,21977,0,461857200.000,1,0,1,多换,S,3048.0000,3047.8000,3047.6000,3047.4000,3047.0000,3049.4000,3049.8000,3050.0000,3050.6000,3050.8000,1,1,1,1,2,1,1,5,2,1
SF,IH1912,2019-11-08 09:32:33.200,3049.2000,21977,0,461857200.000,0,-,-,-,-,3048.2000,3048.0000,3047.8000,3047.6000,3047.4000,3049.4000,3050.0000,3050.6000,3050.8000,3051.0000,9,2,1,1,1,1,5,2,1,1
SF,IH1912,2019-11-08 09:32:33.700,3049.2000,21977,0,461857200.000,0,-,-,-,-,3049.2000,3048.4000,3048.2000,3047.8000,3047.6000,3049.4000,3050.0000,3050.6000,3050.8000,3051.0000,1,1,9,1,1,1,5,2,1,1
SF,IH1912,2019-11-08 09:32:34.200,3049.2000,21977,0,462771960.000,1,0,1,多换,S,3047.8000,3047.6000,3047.4000,3047.0000,3046.0000,3048.8000,3049.2000,3049.4000,3050.0000,3050.6000,1,1,1,3,1,2,8,1,5,2
SF,IH1912,2019-11-08 09:32:34.700,3049.2000,21977,0,462771960.000,0,-,-,-,-,3048.2000,3048.0000,3047.8000,3047.6000,3047.4000,3049.2000,3049.4000,3050.0000,3050.6000,3050.8000,2,12,4,1,1,5,1,5,2,1
SF,IH1912,2019-11-08 09:32:35.200,3049.2000,21978,1,463686720.000,1,1,0,双开,S,3048.4000,3048.2000,3048.0000,3047.8000,3047.6000,3049.2000,3049.4000,3050.0000,3050.6000,3050.8000,1,2,9,1,1,4,1,5,2,1
SF,IH1912,2019-11-08 09:32:35.700,3049.2000,21978,0,463686720.000,0,-,-,-,-,3048.4000,3048.2000,3048.0000,3047.8000,3047.6000,3049.2000,3049.4000,3050.0000,3050.6000,3050.8000,2,2,9,1,1,4,1,5,2,1
SF,IH1912,2019-11-08 09:32:36.200,3049.2000,21978,0,463686720.000,0,-,-,-,-,3048.6000,3048.4000,3048.2000,3047.8000,3047.6000,3049.2000,3049.4000,3050.0000,3050.6000,3050.8000,9,2,2,1,1,4,1,5,2,1
SF,IH1912,2019-11-08 09:32:36.700,3049.2000,21978,0,463686720.000,0,-,-,-,-,3048.8000,3048.2000,3047.8000,3047.6000,3047.4000,3049.2000,3049.4000,3050.0000,3050.6000,3050.8000,1,2,1,1,1,3,1,5,2,1
SF,IH1912,2019-11-08 09:32:37.200,3049.2000,21978,0,464601480.000,1,0,1,多换,S,3048.8000,3048.2000,3047.8000,3047.6000,3047.4000,3049.2000,3049.4000,3050.0000,3050.6000,3050.8000,1,2,1,1,1,2,1,5,2,1
SF,IH1912,2019-11-08 09:32:39.200,3049.2000,21978,0,465516240.000,1,0,1,多换,S,3048.8000,3048.2000,3047.8000,3047.6000,3047.4000,3049.2000,3049.4000,3050.0000,3050.6000,3050.8000,1,2,1,1,1,1,1,5,2,1
SF,IH1912,2019-11-08 09:32:39.700,3049.2000,21978,0,465516240.000,0,-,-,-,-,3049.0000,3048.8000,3048.2000,3047.8000,3047.6000,3049.2000,3049.4000,3050.0000,3050.6000,3050.8000,1,1,2,1,1,1,1,5,2,1
SF,IH1912,2019-11-08 09:32:40.200,3049.2000,21977,-1,466431000.000,1,0,1,双平,S,3049.2000,3049.0000,3048.8000,3048.2000,3047.8000,3049.4000,3050.0000,3050.6000,3050.8000,3051.0000,1,1,1,2,1,2,5,2,1,1
SF,IH1912,2019-11-08 09:32:40.700,3049.2000,21977,0,466431000.000,0,-,-,-,-,3049.2000,3049.0000,3048.8000,3048.2000,3047.8000,3049.4000,3050.0000,3050.6000,3050.8000,3051.0000,1,1,1,2,1,3,5,2,1,1
SF,IH1912,2019-11-08 09:32:41.200,3049.2000,21977,0,466431000.000,0,-,-,-,-,3049.2000,3049.0000,3048.8000,3048.2000,3047.8000,3049.4000,3050.0000,3050.6000,3050.8000,3051.0000,2,1,1,2,1,3,5,2,1,1
SF,IH1912,2019-11-08 09:32:42.200,3049.2000,21977,0,468260520.000,2,1,1,多换,S,3049.0000,3048.8000,3048.2000,3047.8000,3047.6000,3049.4000,3050.0000,3050.6000,3050.8000,3051.0000,1,2,2,1,1,3,5,2,1,1
SF,IH1912,2019-11-08 09:32:42.700,3049.4000,21977,0,469175340.000,1,0,1,多换,S,3049.0000,3048.8000,3048.2000,3047.8000,3047.6000,3049.4000,3050.0000,3050.6000,3050.8000,3051.0000,1,2,2,1,1,2,5,2,1,1
SF,IH1912,2019-11-08 09:32:43.700,3049.0000,21976,-1,470090040.000,1,0,1,双平,S,3048.8000,3048.2000,3047.8000,3047.6000,3047.4000,3049.4000,3050.0000,3050.6000,3050.8000,3051.0000,2,2,1,1,1,2,5,2,1,1
SF,IH1912,2019-11-08 09:32:44.700,3049.0000,21976,0,470090040.000,0,-,-,-,-,3048.8000,3048.2000,3047.8000,3047.6000,3047.4000,3049.4000,3050.0000,3050.6000,3050.8000,3051.0000,4,2,1,1,1,2,5,2,1,1
SF,IH1912,2019-11-08 09:32:45.200,3049.4000,21977,1,471004860.000,1,1,0,双开,S,3048.8000,3048.2000,3047.8000,3047.6000,3047.4000,3049.4000,3050.0000,3050.6000,3050.8000,3051.0000,2,2,1,1,1,1,5,2,1,1
SF,IH1912,2019-11-08 09:32:46.200,3049.4000,21977,0,471004860.000,0,-,-,-,-,3048.8000,3048.2000,3047.8000,3047.6000,3047.4000,3049.4000,3050.0000,3050.6000,3050.8000,3051.0000,2,3,1,1,1,1,5,2,1,1
SF,IH1912,2019-11-08 09:32:46.700,3049.4000,21977,0,471004860.000,0,-,-,-,-,3049.0000,3048.8000,3048.2000,3047.8000,3047.6000,3049.4000,3050.0000,3050.6000,3050.8000,3051.0000,1,2,3,1,1,1,5,2,1,1
SF,IH1912,2019-11-08 09:32:48.200,3049.4000,21977,0,472834380.000,2,1,1,多换,S,3048.8000,3048.2000,3047.8000,3047.6000,3047.4000,3050.0000,3050.6000,3050.8000,3051.0000,3051.6000,2,3,1,1,1,5,2,1,1,2
SF,IH1912,2019-11-08 09:32:48.700,3049.4000,21977,0,472834380.000,0,-,-,-,-,3049.2000,3048.8000,3048.2000,3047.8000,3047.6000,3049.8000,3050.0000,3050.6000,3050.8000,3051.0000,1,4,3,1,1,1,5,2,1,1
SF,IH1912,2019-11-08 09:32:49.200,3049.2000,21977,0,473749140.000,1,0,1,多换,S,3048.8000,3048.2000,3047.8000,3047.6000,3047.4000,3049.2000,3049.8000,3050.0000,3050.6000,3050.8000,2,3,1,1,1,2,1,6,2,1
SF,IH1912,2019-11-08 09:32:49.700,3049.2000,21977,0,473749140.000,0,-,-,-,-,3048.8000,3048.2000,3047.8000,3047.6000,3047.4000,3049.2000,3050.0000,3050.6000,3050.8000,3051.0000,2,3,1,1,1,1,6,2,1,1
SF,IH1912,2019-11-08 09:32:50.200,3049.2000,21977,0,475578660.000,2,1,1,多换,S,3048.8000,3048.2000,3047.8000,3047.6000,3047.4000,3050.0000,3050.6000,3050.8000,3051.0000,3051.6000,2,3,1,1,1,6,2,1,1,2
SF,IH1912,2019-11-08 09:32:50.700,3049.2000,21977,0,475578660.000,0,-,-,-,-,3048.8000,3048.2000,3047.8000,3047.6000,3047.4000,3049.8000,3050.0000,3050.6000,3050.8000,3051.0000,2,3,1,1,1,2,6,2,1,1
SF,IH1912,2019-11-08 09:32:51.200,3048.8000,21977,0,476493300.000,1,0,1,多换,S,3048.2000,3047.8000,3047.6000,3047.4000,3047.0000,3049.8000,3050.0000,3050.6000,3050.8000,3051.0000,3,1,1,1,2,2,6,2,1,1
SF,IH1912,2019-11-08 09:32:51.700,3048.8000,21977,0,476493300.000,0,-,-,-,-,3048.4000,3048.2000,3047.8000,3047.6000,3047.4000,3049.6000,3049.8000,3050.0000,3050.6000,3050.8000,11,5,1,1,1,1,2,6,2,1
SF,IH1912,2019-11-08 09:32:52.200,3048.8000,21977,0,476493300.000,0,-,-,-,-,3048.6000,3048.4000,3048.2000,3047.8000,3047.6000,3049.4000,3049.6000,3049.8000,3050.0000,3050.6000,1,10,3,1,1,1,1,1,6,2
SF,IH1912,2019-11-08 09:32:52.700,3048.6000,21976,-1,477407880.000,1,0,1,双平,S,3048.4000,3048.2000,3047.8000,3047.6000,3047.4000,3049.6000,3049.8000,3050.0000,3050.6000,3050.8000,9,3,1,1,1,1,1,6,2,1
SF,IH1912,2019-11-08 09:32:53.200,3048.6000,21976,0,477407880.000,0,-,-,-,-,3048.2000,3047.8000,3047.6000,3047.4000,3047.0000,3049.4000,3049.6000,3049.8000,3050.0000,3050.6000,3,1,1,1,2,1,1,1,6,2
SF,IH1912,2019-11-08 09:32:53.700,3048.6000,21976,0,477407880.000,0,-,-,-,-,3048.4000,3048.2000,3047.8000,3047.6000,3047.4000,3049.6000,3049.8000,3050.0000,3050.6000,3050.8000,10,3,1,1,1,1,1,6,2,1
SF,IH1912,2019-11-08 09:32:54.200,3048.6000,21976,0,477407880.000,0,-,-,-,-,3048.4000,3048.2000,3047.8000,3047.6000,3047.4000,3049.8000,3050.0000,3050.6000,3050.8000,3051.0000,10,1,1,1,1,1,6,2,1,1
SF,IH1912,2019-11-08 09:32:54.700,3048.6000,21976,0,477407880.000,0,-,-,-,-,3048.4000,3048.2000,3047.8000,3047.6000,3047.4000,3049.8000,3050.0000,3050.6000,3050.8000,3051.0000,12,1,1,1,1,1,6,2,1,1
SF,IH1912,2019-11-08 09:32:55.200,3048.6000,21976,0,477407880.000,0,-,-,-,-,3048.4000,3048.2000,3047.8000,3047.6000,3047.4000,3049.8000,3050.0000,3050.6000,3050.8000,3051.0000,12,1,1,1,1,1,7,2,1,1
SF,IH1912,2019-11-08 09:32:55.700,3048.6000,21976,0,477407880.000,0,-,-,-,-,3048.4000,3048.2000,3047.8000,3047.6000,3047.4000,3049.6000,3049.8000,3050.0000,3050.4000,3050.6000,10,1,1,1,1,1,1,7,1,2
SF,IH1912,2019-11-08 09:32:56.200,3048.6000,21976,0,477407880.000,0,-,-,-,-,3048.4000,3048.2000,3047.8000,3047.6000,3047.4000,3049.4000,3049.6000,3050.0000,3050.4000,3050.6000,1,1,1,1,1,2,1,7,2,2
SF,IH1912,2019-11-08 09:32:56.700,3048.6000,21976,0,477407880.000,0,-,-,-,-,3048.4000,3048.2000,3047.8000,3047.6000,3047.4000,3049.4000,3049.8000,3050.0000,3050.4000,3050.6000,2,1,1,1,1,2,1,7,2,2
SF,IH1912,2019-11-08 09:32:57.200,3048.6000,21976,0,477407880.000,0,-,-,-,-,3048.2000,3047.8000,3047.6000,3047.4000,3047.0000,3049.2000,3049.4000,3049.8000,3050.0000,3050.4000,1,1,1,1,2,2,1,1,7,2
SF,IH1912,2019-11-08 09:32:57.700,3048.6000,21976,0,477407880.000,0,-,-,-,-,3048.4000,3048.2000,3047.8000,3047.6000,3047.4000,3049.2000,3049.4000,3049.8000,3050.0000,3050.4000,1,1,1,1,1,1,1,1,7,2
SF,IH1912,2019-11-08 09:32:58.200,3048.6000,21976,0,477407880.000,0,-,-,-,-,3048.4000,3048.2000,3047.8000,3047.6000,3047.4000,3049.8000,3050.0000,3050.4000,3050.6000,3050.8000,1,1,1,1,1,1,7,2,2,1
SF,IH1912,2019-11-08 09:32:58.700,3048.6000,21976,0,477407880.000,0,-,-,-,-,3048.4000,3048.2000,3047.8000,3047.6000,3047.4000,3049.6000,3049.8000,3050.0000,3050.4000,3050.6000,1,1,1,1,1,7,2,7,2,2
SF,IH1912,2019-11-08 09:32:59.200,3049.4000,21975,-1,479237520.000,2,0,2,多平,S,3048.4000,3048.2000,3047.8000,3047.6000,3047.4000,3049.4000,3049.6000,3049.8000,3050.0000,3050.4000,1,1,1,1,1,1,6,2,7,2
SF,IH1912,2019-11-08 09:32:59.700,3049.4000,21975,0,479237520.000,0,-,-,-,-,3048.4000,3048.2000,3047.8000,3047.6000,3047.4000,3049.4000,3049.6000,3049.8000,3050.0000,3050.4000,1,1,1,1,1,1,5,2,7,2
SF,IH1912,2019-11-08 09:33:00.200,3048.2000,21975,0,480151980.000,1,0,1,多换,S,3047.8000,3047.4000,3047.0000,3046.0000,3045.0000,3048.6000,3048.8000,3049.0000,3049.2000,3049.6000,1,1,2,1,1,2,1,3,7,5
SF,IH1912,2019-11-08 09:33:00.700,3048.2000,21975,0,480151980.000,0,-,-,-,-,3048.6000,3048.0000,3047.8000,3047.4000,3047.0000,3049.2000,3049.6000,3049.8000,3050.0000,3050.4000,2,2,1,1,2,3,4,3,7,2
SF,IH1912,2019-11-08 09:33:01.200,3048.6000,21973,-2,484724880.000,5,1,4,多平,S,3048.0000,3047.8000,3047.4000,3047.0000,3046.0000,3049.0000,3049.2000,3049.6000,3049.8000,3050.0000,1,1,1,2,1,2,2,2,4,7
SF,IH1912,2019-11-08 09:33:01.700,3048.6000,21973,0,484724880.000,0,-,-,-,-,3048.0000,3047.8000,3047.4000,3047.0000,3046.0000,3049.2000,3049.6000,3049.8000,3050.0000,3050.4000,4,1,1,2,1,2,2,3,7,2
SF,IH1912,2019-11-08 09:33:02.200,3048.6000,21973,0,484724880.000,0,-,-,-,-,3048.0000,3047.8000,3047.4000,3047.0000,3046.0000,3049.2000,3049.6000,3049.8000,3050.0000,3050.4000,5,1,1,2,1,2,2,3,7,2
SF,IH1912,2019-11-08 09:33:02.700,3048.6000,21973,0,484724880.000,0,-,-,-,-,3048.2000,3048.0000,3047.8000,3047.4000,3047.0000,3049.2000,3049.6000,3049.8000,3050.0000,3050.4000,1,4,1,1,2,2,2,3,7,2
SF,IH1912,2019-11-08 09:33:03.200,3048.2000,21973,0,485639340.000,1,0,1,多换,S,3047.8000,3047.4000,3047.0000,3046.0000,3045.0000,3049.0000,3049.2000,3049.6000,3049.8000,3050.0000,1,1,2,1,1,2,2,2,3,7
SF,IH1912,2019-11-08 09:33:03.700,3048.2000,21973,0,485639340.000,0,-,-,-,-,3047.8000,3047.4000,3047.0000,3046.0000,3045.0000,3048.8000,3049.0000,3049.2000,3049.6000,3049.8000,1,1,2,1,1,2,3,1,2,3
SF,IH1912,2019-11-08 09:33:04.200,3048.6000,21972,-1,486553920.000,1,0,1,双平,S,3047.8000,3047.4000,3047.0000,3046.0000,3045.0000,3048.8000,3049.6000,3049.8000,3050.0000,3050.4000,3,1,2,1,1,3,2,3,8,2
SF,IH1912,2019-11-08 09:33:04.700,3048.6000,21972,0,486553920.000,0,-,-,-,-,3047.8000,3047.4000,3047.0000,3046.0000,3045.0000,3048.6000,3048.8000,3049.6000,3049.8000,3050.0000,1,1,2,1,1,2,2,2,3,7
SF,IH1912,2019-11-08 09:33:05.200,3048.6000,21972,0,486553920.000,0,-,-,-,-,3047.8000,3047.4000,3047.0000,3046.0000,3045.0000,3048.6000,3049.6000,3049.8000,3050.0000,3050.4000,1,1,2,1,1,1,2,3,7,2
SF,IH1912,2019-11-08 09:33:05.700,3048.6000,21972,0,486553920.000,0,-,-,-,-,3047.8000,3047.4000,3047.0000,3046.0000,3045.0000,3048.6000,3048.8000,3049.2000,3049.6000,3049.8000,1,1,2,1,1,1,1,7,2,3
SF,IH1912,2019-11-08 09:33:06.200,3047.8000,21971,-1,487468260.000,1,0,1,双平,S,3047.4000,3047.0000,3046.0000,3045.0000,3044.6000,3047.8000,3048.4000,3048.8000,3049.2000,3049.6000,1,2,1,1,5,2,1,1,7,2
SF,IH1912,2019-11-08 09:33:06.700,3047.8000,21971,0,487468260.000,0,-,-,-,-,3047.4000,3047.0000,3046.0000,3045.0000,3044.6000,3047.8000,3048.8000,3049.2000,3049.6000,3049.8000,1,2,1,1,5,2,1,7,2,3
SF,IH1912,2019-11-08 09:33:07.200,3047.8000,21970,-1,488382600.000,1,0,1,双平,S,3047.4000,3047.0000,3046.0000,3045.0000,3044.6000,3047.8000,3048.8000,3049.2000,3049.6000,3049.8000,1,2,1,1,5,1,1,7,2,3
SF,IH1912,2019-11-08 09:33:07.700,3047.8000,21970,0,488382600.000,0,-,-,-,-,3047.4000,3047.0000,3046.0000,3045.0000,3044.6000,3047.8000,3048.8000,3049.2000,3049.6000,3049.8000,1,2,1,1,5,2,1,7,2,3
SF,IH1912,2019-11-08 09:33:08.200,3047.4000,21969,-1,489296820.000,1,0,1,双平,S,3047.0000,3046.0000,3045.0000,3044.6000,3044.0000,3047.8000,3048.8000,3049.2000,3049.6000,3049.8000,2,1,1,5,1,3,1,7,2,3
SF,IH1912,2019-11-08 09:33:08.700,3047.4000,21969,0,489296820.000,0,-,-,-,-,3047.0000,3046.0000,3045.0000,3044.6000,3044.0000,3047.8000,3048.8000,3049.2000,3049.6000,3049.8000,4,1,1,5,1,3,1,7,2,3
SF,IH1912,2019-11-08 09:33:09.200,3047.4000,21969,0,489296820.000,0,-,-,-,-,3047.0000,3046.0000,3045.0000,3044.6000,3044.0000,3047.8000,3048.8000,3049.2000,3049.6000,3049.8000,2,1,1,5,1,3,1,7,2,3
SF,IH1912,2019-11-08 09:33:09.700,3047.4000,21969,0,489296820.000,0,-,-,-,-,3047.2000,3047.0000,3046.0000,3045.0000,3044.6000,3047.6000,3047.8000,3048.8000,3049.2000,3049.6000,9,4,1,1,5,1,3,1,7,2
SF,IH1912,2019-11-08 09:33:10.200,3047.0000,21968,-1,491125080.000,2,0,2,多平,S,3047.0000,3046.0000,3045.0000,3044.6000,3044.0000,3047.6000,3047.8000,3048.8000,3049.2000,3049.6000,3,1,1,5,1,1,3,1,7,2
SF,IH1912,2019-11-08 09:33:10.700,3047.0000,21967,-1,492039180.000,1,0,1,双平,S,3046.0000,3045.0000,3044.6000,3044.0000,3043.6000,3047.0000,3047.6000,3047.8000,3048.8000,3049.2000,1,1,5,1,1,1,1,3,1,7
SF,IH1912,2019-11-08 09:33:11.200,3047.0000,21967,0,492039180.000,0,-,-,-,-,3046.6000,3046.2000,3046.0000,3045.0000,3044.6000,3047.6000,3047.8000,3048.8000,3049.2000,3049.6000,2,15,7,1,1,1,3,1,7,2
SF,IH1912,2019-11-08 09:33:11.700,3046.6000,21965,-2,493867140.000,2,0,2,双平,S,3046.2000,3046.0000,3045.0000,3044.6000,3044.0000,3047.4000,3047.6000,3047.8000,3048.8000,3049.2000,4,7,1,1,1,3,1,3,1,7
SF,IH1912,2019-11-08 09:33:12.200,3046.4000,21964,-1,494781060.000,1,0,1,双平,S,3046.4000,3046.2000,3046.0000,3045.0000,3044.6000,3047.2000,3047.4000,3047.8000,3048.8000,3049.2000,8,7,4,1,1,1,3,3,1,7
SF,IH1912,2019-11-08 09:33:12.700,3046.4000,21960,-4,498436740.000,4,0,4,双平,S,3046.2000,3046.0000,3045.0000,3044.6000,3044.0000,3047.0000,3047.2000,3047.8000,3048.8000,3049.2000,4,1,1,1,1,3,3,3,1,7
SF,IH1912,2019-11-08 09:33:13.200,3046.8000,21959,-1,503006580.000,5,2,3,多平,S,3046.2000,3046.0000,3045.0000,3044.0000,3043.2000,3047.0000,3047.8000,3048.8000,3049.2000,3049.6000,1,1,1,1,1,1,3,1,7,2
SF,IH1912,2019-11-08 09:33:13.700,3046.4000,21957,-2,504834420.000,2,0,2,双平,S,3046.4000,3046.0000,3045.0000,3044.0000,3043.2000,3047.0000,3047.8000,3048.8000,3049.2000,3049.6000,1,1,1,1,1,2,3,1,7,2
SF,IH1912,2019-11-08 09:33:14.200,3046.4000,21957,0,504834420.000,0,-,-,-,-,3046.4000,3046.0000,3045.0000,3044.0000,3043.2000,3047.8000,3048.8000,3049.2000,3049.6000,3049.8000,1,1,1,1,1,3,1,7,2,3
SF,IH1912,2019-11-08 09:33:14.700,3046.4000,21957,0,504834420.000,0,-,-,-,-,3046.4000,3046.2000,3046.0000,3045.0000,3044.0000,3047.0000,3047.4000,3047.6000,3047.8000,3048.8000,2,1,1,1,1,1,1,7,3,1
SF,IH1912,2019-11-08 09:33:15.200,3046.4000,21957,0,504834420.000,0,-,-,-,-,3046.4000,3046.2000,3046.0000,3045.0000,3044.0000,3047.0000,3047.4000,3047.6000,3047.8000,3048.8000,2,1,2,1,1,1,1,4,3,1
SF,IH1912,2019-11-08 09:33:15.700,3046.4000,21957,0,504834420.000,0,-,-,-,-,3046.2000,3046.0000,3045.0000,3044.0000,3043.2000,3046.8000,3047.0000,3047.4000,3047.6000,3047.8000,1,3,1,1,1,1,1,1,2,3
SF,IH1912,2019-11-08 09:33:16.200,3046.4000,21957,0,504834420.000,0,-,-,-,-,3046.4000,3046.2000,3046.0000,3045.0000,3044.0000,3047.0000,3047.4000,3047.6000,3047.8000,3048.8000,1,1,3,1,1,1,1,1,3,1
SF,IH1912,2019-11-08 09:33:16.700,3046.4000,21957,0,504834420.000,0,-,-,-,-,3046.4000,3046.2000,3046.0000,3045.0000,3044.0000,3046.8000,3047.0000,3047.4000,3047.6000,3047.8000,1,1,3,1,1,1,1,1,1,2
SF,IH1912,2019-11-08 09:33:17.200,3046.4000,21956,-1,505748340.000,1,0,1,双平,S,3046.2000,3046.0000,3045.0000,3044.0000,3043.2000,3046.6000,3046.8000,3047.0000,3047.4000,3047.6000,1,3,1,1,1,1,1,1,1,1
SF,IH1912,2019-11-08 09:33:17.700,3046.4000,21955,-1,506662260.000,1,0,1,双平,S,3046.2000,3046.0000,3045.0000,3044.0000,3043.2000,3046.6000,3046.8000,3047.0000,3047.4000,3047.6000,1,3,1,1,1,1,2,1,1,1
SF,IH1912,2019-11-08 09:33:18.700,3046.4000,21955,0,506662260.000,0,-,-,-,-,3046.2000,3046.0000,3045.0000,3044.0000,3043.2000,3046.6000,3046.8000,3047.0000,3047.4000,3047.6000,1,3,2,1,1,1,2,2,1,1
SF,IH1912,2019-11-08 09:33:19.700,3046.4000,21955,0,506662260.000,0,-,-,-,-,3046.2000,3046.0000,3045.0000,3044.0000,3043.2000,3046.8000,3047.0000,3047.4000,3047.6000,3047.8000,1,3,2,1,1,2,2,1,1,2
SF,IH1912,2019-11-08 09:33:20.200,3046.2000,21954,-1,507576120.000,1,0,1,双平,S,3046.0000,3045.0000,3044.0000,3043.2000,3043.0000,3046.6000,3046.8000,3047.0000,3047.4000,3047.6000,3,2,1,1,1,1,2,2,1,1
SF,IH1912,2019-11-08 09:33:20.700,3046.2000,21954,0,507576120.000,0,-,-,-,-,3046.0000,3045.0000,3044.0000,3043.2000,3043.0000,3046.2000,3046.6000,3046.8000,3047.0000,3047.4000,3,2,1,1,1,2,1,2,2,1
SF,IH1912,2019-11-08 09:33:21.200,3047.0000,21944,-10,517629480.000,11,0,11,多平,S,3047.0000,3045.0000,3044.0000,3043.2000,3043.0000,3047.4000,3047.6000,3047.8000,3048.8000,3049.0000,2,2,1,1,1,1,1,2,1,1
SF,IH1912,2019-11-08 09:33:21.700,3047.0000,21942,-2,519457680.000,2,0,2,双平,S,3045.0000,3044.2000,3044.0000,3043.2000,3043.0000,3046.6000,3046.8000,3047.0000,3047.2000,3047.4000,2,1,2,1,1,2,3,5,12,2
SF,IH1912,2019-11-08 09:33:22.200,3047.0000,21942,0,519457680.000,0,-,-,-,-,3045.6000,3045.2000,3045.0000,3044.2000,3044.0000,3046.8000,3047.0000,3047.2000,3047.4000,3047.6000,1,16,3,1,2,2,3,7,2,2
SF,IH1912,2019-11-08 09:33:22.700,3047.0000,21942,0,519457680.000,0,-,-,-,-,3046.0000,3045.8000,3045.2000,3045.0000,3044.2000,3046.6000,3046.8000,3047.0000,3047.2000,3047.4000,1,1,11,3,1,1,2,3,7,2
SF,IH1912,2019-11-08 09:33:23.200,3047.0000,21942,0,519457680.000,0,-,-,-,-,3046.0000,3045.2000,3045.0000,3044.2000,3044.0000,3046.6000,3046.8000,3047.0000,3047.2000,3047.4000,1,11,3,1,2,1,2,3,7,2
SF,IH1912,2019-11-08 09:33:23.700,3047.0000,21942,0,519457680.000,0,-,-,-,-,3046.0000,3045.2000,3045.0000,3044.2000,3044.0000,3046.6000,3046.8000,3047.0000,3047.2000,3047.4000,1,11,3,1,2,1,2,3,7,2
SF,IH1912,2019-11-08 09:33:24.200,3045.2000,21943,1,521285040.000,2,1,1,空开,S,3045.2000,3045.0000,3044.2000,3044.0000,3043.2000,3046.6000,3046.8000,3047.0000,3047.2000,3047.4000,10,3,1,2,1,1,2,3,7,2
SF,IH1912,2019-11-08 09:33:24.700,3045.2000,21942,-1,522198600.000,1,0,1,双平,S,3045.4000,3045.2000,3045.0000,3044.2000,3044.0000,3047.0000,3047.2000,3047.4000,3047.6000,3047.8000,3,9,3,1,2,3,5,2,1,4
SF,IH1912,2019-11-08 09:33:25.200,3045.2000,21942,0,522198600.000,0,-,-,-,-,3045.4000,3045.2000,3045.0000,3044.2000,3044.0000,3046.6000,3046.8000,3047.0000,3047.2000,3047.4000,1,9,3,1,2,1,3,4,3,2
SF,IH1912,2019-11-08 09:33:25.700,3045.2000,21942,0,522198600.000,0,-,-,-,-,3045.2000,3045.0000,3044.2000,3044.0000,3043.2000,3046.4000,3046.6000,3046.8000,3047.0000,3047.2000,6,3,1,2,1,2,2,2,4,3
SF,IH1912,2019-11-08 09:33:26.200,3045.2000,21942,0,522198600.000,0,-,-,-,-,3045.4000,3045.2000,3045.0000,3044.2000,3044.0000,3046.4000,3046.6000,3047.0000,3047.2000,3047.4000,7,9,3,1,2,2,1,4,3,1
SF,IH1912,2019-11-08 09:33:26.700,3045.2000,21942,0,522198600.000,0,-,-,-,-,3045.4000,3045.2000,3045.0000,3044.2000,3044.0000,3046.4000,3047.0000,3047.2000,3047.4000,3047.6000,4,5,3,1,2,1,4,3,1,1
SF,IH1912,2019-11-08 09:33:27.200,3046.4000,21943,1,523112520.000,1,1,0,双开,S,3046.6000,3046.4000,3045.6000,3045.4000,3045.2000,3047.0000,3047.2000,3047.4000,3047.6000,3047.8000,1,2,2,4,3,4,3,1,1,4
SF,IH1912,2019-11-08 09:33:27.700,3045.6000,21942,-1,524940120.000,2,0,2,多平,S,3045.6000,3045.4000,3045.2000,3045.0000,3044.2000,3047.0000,3047.4000,3047.6000,3047.8000,3048.8000,1,1,2,3,1,4,1,1,4,1
SF,IH1912,2019-11-08 09:33:28.200,3045.6000,21942,0,524940120.000,0,-,-,-,-,3046.2000,3046.0000,3045.8000,3045.6000,3045.4000,3047.0000,3047.8000,3048.8000,3049.0000,3049.2000,1,4,11,8,1,2,2,1,1,7
SF,IH1912,2019-11-08 09:33:28.700,3047.0000,21941,-1,525854220.000,1,0,1,双平,S,3046.4000,3046.2000,3046.0000,3045.8000,3045.6000,3047.0000,3047.8000,3048.8000,3049.0000,3049.2000,2,1,4,7,7,1,2,1,1,7
SF,IH1912,2019-11-08 09:33:29.200,3047.0000,21940,-1,527682420.000,2,0,2,多平,S,3047.0000,3046.4000,3046.2000,3046.0000,3045.8000,3047.8000,3048.8000,3049.0000,3049.2000,3049.8000,1,2,1,3,7,2,1,1,7,3
SF,IH1912,2019-11-08 09:33:29.700,3047.0000,21940,0,527682420.000,0,-,-,-,-,3046.0000,3045.8000,3045.6000,3045.4000,3045.0000,3047.6000,3047.8000,3048.8000,3049.0000,3049.2000,4,7,7,1,2,2,2,1,1,7
SF,IH1912,2019-11-08 09:33:30.200,3047.0000,21940,0,527682420.000,0,-,-,-,-,3046.2000,3046.0000,3045.8000,3045.6000,3045.4000,3047.6000,3047.8000,3048.8000,3049.0000,3049.2000,3,3,2,3,1,3,2,1,1,7
SF,IH1912,2019-11-08 09:33:30.700,3047.0000,21940,0,527682420.000,0,-,-,-,-,3046.2000,3046.0000,3045.8000,3045.6000,3045.4000,3047.4000,3047.6000,3047.8000,3048.8000,3049.0000,3,3,2,3,1,1,3,2,1,1
SF,IH1912,2019-11-08 09:33:31.200,3047.0000,21940,0,527682420.000,0,-,-,-,-,3046.2000,3046.0000,3045.8000,3045.6000,3045.4000,3047.0000,3047.2000,3047.4000,3047.6000,3047.8000,3,3,2,3,1,1,1,1,2,2
SF,IH1912,2019-11-08 09:33:31.700,3047.0000,21940,0,527682420.000,0,-,-,-,-,3046.2000,3046.0000,3045.8000,3045.6000,3045.4000,3047.0000,3047.6000,3047.8000,3048.8000,3049.0000,2,2,2,3,1,1,2,3,1,1
SF,IH1912,2019-11-08 09:33:32.200,3047.0000,21940,0,527682420.000,0,-,-,-,-,3046.2000,3046.0000,3045.8000,3045.6000,3045.4000,3047.0000,3047.6000,3047.8000,3048.8000,3049.0000,1,2,3,3,1,2,1,3,1,1
SF,IH1912,2019-11-08 09:33:32.700,3047.0000,21940,0,528596520.000,1,0,1,多换,S,3046.4000,3046.0000,3045.8000,3045.6000,3045.4000,3047.6000,3047.8000,3048.8000,3049.0000,3049.2000,1,2,3,3,1,1,3,1,1,7
SF,IH1912,2019-11-08 09:33:33.200,3047.0000,21940,0,528596520.000,0,-,-,-,-,3046.6000,3046.0000,3045.8000,3045.6000,3045.4000,3047.4000,3047.6000,3047.8000,3048.8000,3049.0000,1,2,3,3,1,4,1,3,1,1
SF,IH1912,2019-11-08 09:33:33.700,3047.0000,21940,0,528596520.000,0,-,-,-,-,3046.8000,3046.0000,3045.8000,3045.6000,3045.4000,3047.2000,3047.4000,3047.8000,3048.8000,3049.0000,1,2,3,3,1,1,3,3,1,1
SF,IH1912,2019-11-08 09:33:34.200,3047.0000,21940,0,528596520.000,0,-,-,-,-,3046.0000,3045.8000,3045.6000,3045.4000,3045.0000,3046.8000,3047.0000,3047.2000,3047.4000,3047.8000,2,3,3,1,2,1,1,1,2,3
SF,IH1912,2019-11-08 09:33:34.700,3047.0000,21940,0,528596520.000,0,-,-,-,-,3046.2000,3046.0000,3045.8000,3045.6000,3045.4000,3047.0000,3047.2000,3047.8000,3048.8000,3049.0000,1,2,2,2,1,1,2,3,1,2
SF,IH1912,2019-11-08 09:33:35.200,3047.0000,21940,0,528596520.000,0,-,-,-,-,3046.4000,3046.0000,3045.8000,3045.6000,3045.4000,3047.0000,3047.2000,3047.8000,3048.8000,3049.0000,2,2,2,2,1,1,2,3,1,2
SF,IH1912,2019-11-08 09:33:35.700,3047.0000,21940,0,529510620.000,1,0,1,多换,S,3047.0000,3046.4000,3046.0000,3045.8000,3045.6000,3047.2000,3047.8000,3048.8000,3049.0000,3049.2000,1,1,2,2,2,2,3,1,2,7
SF,IH1912,2019-11-08 09:33:36.200,3047.8000,21940,0,532253220.000,3,1,2,多换,S,3046.0000,3045.8000,3045.6000,3045.4000,3045.0000,3047.8000,3048.8000,3049.0000,3049.2000,3049.8000,1,2,2,1,2,2,1,2,7,2
SF,IH1912,2019-11-08 09:33:36.700,3047.8000,21940,0,532253220.000,0,-,-,-,-,3046.4000,3046.2000,3046.0000,3045.8000,3045.6000,3047.6000,3047.8000,3048.8000,3049.0000,3049.2000,1,2,1,2,2,3,2,1,2,7
SF,IH1912,2019-11-08 09:33:37.200,3047.8000,21940,0,532253220.000,0,-,-,-,-,3046.6000,3046.4000,3046.0000,3045.8000,3045.6000,3047.4000,3047.6000,3047.8000,3048.8000,3049.0000,1,1,1,2,2,2,3,2,1,2
SF,IH1912,2019-11-08 09:33:37.700,3047.8000,21940,0,532253220.000,0,-,-,-,-,3046.4000,3046.0000,3045.8000,3045.6000,3045.4000,3047.2000,3047.4000,3047.6000,3047.8000,3048.8000,1,1,2,2,1,2,3,1,2,1
SF,IH1912,2019-11-08 09:33:38.200,3047.8000,21940,0,532253220.000,0,-,-,-,-,3046.6000,3046.4000,3046.0000,3045.8000,3045.6000,3047.2000,3047.4000,3047.6000,3047.8000,3048.8000,1,1,1,2,2,2,3,1,2,1
SF,IH1912,2019-11-08 09:33:38.700,3047.8000,21940,0,532253220.000,0,-,-,-,-,3046.4000,3046.0000,3045.8000,3045.6000,3045.4000,3046.6000,3047.2000,3047.6000,3047.8000,3048.8000,1,1,2,2,1,1,1,2,2,1
SF,IH1912,2019-11-08 09:33:39.200,3046.6000,21940,0,533167200.000,1,0,1,多换,S,3046.6000,3046.4000,3046.0000,3045.8000,3045.6000,3047.2000,3047.6000,3047.8000,3048.8000,3049.0000,3,1,1,2,2,1,2,2,1,2
SF,IH1912,2019-11-08 09:33:39.700,3046.6000,21940,0,533167200.000,0,-,-,-,-,3046.8000,3046.6000,3046.0000,3045.8000,3045.6000,3047.2000,3047.6000,3047.8000,3048.8000,3049.0000,1,3,1,2,2,1,2,2,1,2
SF,IH1912,2019-11-08 09:33:40.200,3046.6000,21940,0,533167200.000,0,-,-,-,-,3046.6000,3046.0000,3045.8000,3045.6000,3045.4000,3047.2000,3047.6000,3047.8000,3048.8000,3049.0000,3,1,2,2,1,1,2,2,1,2
SF,IH1912,2019-11-08 09:33:40.700,3046.6000,21939,-1,534081180.000,1,0,1,双平,S,3046.6000,3046.0000,3045.8000,3045.6000,3045.4000,3047.2000,3047.6000,3047.8000,3048.8000,3049.0000,1,1,2,2,1,1,2,2,1,2
SF,IH1912,2019-11-08 09:33:41.200,3046.6000,21939,0,534081180.000,0,-,-,-,-,3046.6000,3046.0000,3045.8000,3045.6000,3045.4000,3047.0000,3047.2000,3047.6000,3047.8000,3048.8000,1,1,2,1,1,1,1,2,2,1
SF,IH1912,2019-11-08 09:33:41.700,3046.6000,21938,-1,534995160.000,1,0,1,双平,S,3046.2000,3046.0000,3045.6000,3045.4000,3045.0000,3046.6000,3047.0000,3047.2000,3047.6000,3047.8000,1,1,1,1,2,1,1,1,2,2
SF,IH1912,2019-11-08 09:33:42.200,3046.6000,21937,-1,535909140.000,1,0,1,双平,S,3046.6000,3046.2000,3046.0000,3045.6000,3045.4000,3047.2000,3047.6000,3047.8000,3048.8000,3049.0000,1,1,1,1,1,1,2,2,1,2
SF,IH1912,2019-11-08 09:33:42.700,3046.6000,21937,0,535909140.000,0,-,-,-,-,3046.2000,3046.0000,3045.6000,3045.4000,3045.0000,3047.0000,3047.2000,3047.6000,3047.8000,3048.8000,1,1,1,1,2,1,1,2,2,1
SF,IH1912,2019-11-08 09:33:43.200,3046.6000,21937,0,535909140.000,0,-,-,-,-,3046.2000,3045.6000,3045.4000,3045.0000,3044.2000,3047.0000,3047.2000,3047.6000,3047.8000,3048.8000,1,1,1,2,1,1,1,2,2,1
SF,IH1912,2019-11-08 09:33:43.700,3046.6000,21937,0,535909140.000,0,-,-,-,-,3046.2000,3045.6000,3045.4000,3045.0000,3044.2000,3047.0000,3047.2000,3047.6000,3047.8000,3048.8000,1,1,1,2,1,1,1,2,2,1
SF,IH1912,2019-11-08 09:33:44.200,3046.2000,21936,-1,536823000.000,1,0,1,双平,S,3045.6000,3045.4000,3045.0000,3044.2000,3044.0000,3046.0000,3046.8000,3047.0000,3047.6000,3047.8000,1,1,2,1,2,1,2,2,1,2
SF,IH1912,2019-11-08 09:33:44.700,3046.0000,21935,-1,537736800.000,1,0,1,双平,S,3046.0000,3045.8000,3045.6000,3045.4000,3045.0000,3046.8000,3047.0000,3047.6000,3047.8000,3048.8000,2,1,1,1,2,2,1,1,2,1
SF,IH1912,2019-11-08 09:33:45.200,3046.0000,21935,0,537736800.000,0,-,-,-,-,3045.6000,3045.4000,3045.0000,3044.2000,3044.0000,3046.0000,3046.8000,3047.0000,3047.6000,3047.8000,1,1,2,1,2,1,3,10,1,2
SF,IH1912,2019-11-08 09:33:45.700,3046.0000,21935,0,537736800.000,0,-,-,-,-,3045.0000,3044.2000,3044.0000,3043.2000,3043.0000,3046.0000,3046.8000,3047.0000,3047.6000,3047.8000,2,1,2,1,2,1,3,10,1,2
SF,IH1912,2019-11-08 09:33:46.200,3046.0000,21935,0,537736800.000,0,-,-,-,-,3045.2000,3045.0000,3044.2000,3044.0000,3043.2000,3045.6000,3046.0000,3046.8000,3047.0000,3047.6000,3,3,1,2,1,4,2,2,10,1
SF,IH1912,2019-11-08 09:33:47.200,3046.0000,21935,0,537736800.000,0,-,-,-,-,3045.2000,3045.0000,3044.2000,3044.0000,3043.2000,3045.6000,3046.0000,3046.8000,3047.0000,3047.6000,2,3,1,2,1,4,2,2,10,1
SF,IH1912,2019-11-08 09:33:47.700,3046.0000,21935,0,537736800.000,0,-,-,-,-,3045.0000,3044.2000,3044.0000,3043.2000,3043.0000,3045.6000,3046.0000,3046.8000,3047.0000,3047.6000,3,1,2,1,2,4,2,2,10,1
SF,IH1912,2019-11-08 09:33:48.200,3046.0000,21935,0,537736800.000,0,-,-,-,-,3045.0000,3044.2000,3044.0000,3043.2000,3043.0000,3045.6000,3046.0000,3046.8000,3047.0000,3047.6000,3,1,2,1,2,4,2,2,10,1
SF,IH1912,2019-11-08 09:33:48.700,3045.2000,21934,-1,538650360.000,1,0,1,双平,S,3045.0000,3044.2000,3044.0000,3043.2000,3043.0000,3045.6000,3046.0000,3046.8000,3047.0000,3047.6000,3,1,2,1,2,4,2,2,10,1
SF,IH1912,2019-11-08 09:33:49.200,3045.2000,21934,0,538650360.000,0,-,-,-,-,3045.0000,3044.2000,3044.0000,3043.2000,3043.0000,3045.6000,3046.0000,3046.8000,3047.0000,3047.6000,3,1,2,1,2,4,2,2,10,1
SF,IH1912,2019-11-08 09:33:49.700,3045.2000,21934,0,538650360.000,0,-,-,-,-,3045.0000,3044.2000,3044.0000,3043.2000,3043.0000,3045.6000,3046.0000,3046.8000,3047.0000,3047.6000,2,1,2,1,2,4,2,2,10,1
SF,IH1912,2019-11-08 09:33:50.200,3045.2000,21934,0,538650360.000,0,-,-,-,-,3045.0000,3044.2000,3044.0000,3043.2000,3043.0000,3045.6000,3046.0000,3046.8000,3047.0000,3047.6000,2,1,2,1,2,4,2,2,10,1
SF,IH1912,2019-11-08 09:33:50.700,3045.2000,21934,0,538650360.000,0,-,-,-,-,3045.0000,3044.2000,3044.0000,3043.2000,3043.0000,3045.6000,3046.0000,3046.8000,3047.0000,3047.6000,2,1,2,1,2,4,1,2,10,1
SF,IH1912,2019-11-08 09:33:51.200,3045.0000,21933,-1,539563860.000,1,0,1,双平,S,3045.0000,3044.2000,3044.0000,3043.2000,3043.0000,3045.6000,3046.0000,3046.8000,3047.0000,3047.6000,1,1,2,1,2,4,1,2,10,1
SF,IH1912,2019-11-08 09:33:51.700,3045.0000,21933,0,540477360.000,1,0,1,多换,S,3044.2000,3044.0000,3043.2000,3043.0000,3042.4000,3045.6000,3046.0000,3046.8000,3047.0000,3047.6000,1,2,1,2,3,4,1,2,10,1
SF,IH1912,2019-11-08 09:33:52.200,3045.0000,21933,0,540477360.000,0,-,-,-,-,3044.8000,3044.4000,3044.2000,3044.0000,3043.2000,3045.4000,3045.6000,3046.0000,3046.8000,3047.0000,1,3,4,2,1,3,4,1,1,10
SF,IH1912,2019-11-08 09:33:52.700,3045.0000,21933,0,540477360.000,0,-,-,-,-,3044.8000,3044.4000,3044.2000,3044.0000,3043.2000,3045.4000,3045.6000,3046.0000,3046.8000,3047.0000,1,2,4,2,1,2,4,1,1,10
SF,IH1912,2019-11-08 09:33:53.200,3044.8000,21934,1,541390800.000,1,1,0,双开,S,3044.4000,3044.2000,3044.0000,3043.2000,3043.0000,3045.0000,3045.4000,3045.6000,3045.8000,3046.0000,2,4,2,1,2,1,2,4,1,1
SF,IH1912,2019-11-08 09:33:53.700,3044.8000,21934,0,542304240.000,1,0,1,多换,S,3044.4000,3044.2000,3044.0000,3043.8000,3043.2000,3045.0000,3045.4000,3045.6000,3045.8000,3046.0000,2,2,2,1,1,1,1,5,1,1
SF,IH1912,2019-11-08 09:33:54.200,3044.8000,21934,0,542304240.000,0,-,-,-,-,3044.0000,3043.2000,3043.0000,3042.4000,3042.2000,3044.4000,3044.8000,3045.0000,3045.4000,3045.6000,2,1,2,3,3,1,1,1,1,4
SF,IH1912,2019-11-08 09:33:54.700,3044.4000,21933,-1,543217560.000,1,0,1,双平,S,3044.0000,3043.2000,3043.0000,3042.4000,3042.2000,3044.8000,3045.0000,3045.4000,3045.6000,3045.8000,2,1,2,3,3,1,1,1,4,1
SF,IH1912,2019-11-08 09:33:55.200,3044.8000,21932,-1,544131000.000,1,0,1,双平,S,3044.0000,3043.2000,3043.0000,3042.4000,3042.2000,3045.0000,3045.4000,3045.6000,3045.8000,3046.0000,2,1,2,3,3,1,1,4,1,1
SF,IH1912,2019-11-08 09:33:55.700,3044.8000,21932,0,544131000.000,0,-,-,-,-,3044.0000,3043.2000,3043.0000,3042.4000,3042.2000,3044.8000,3045.0000,3045.4000,3045.6000,3045.8000,2,1,2,3,3,1,2,1,4,1
SF,IH1912,2019-11-08 09:33:56.200,3044.8000,21932,0,544131000.000,0,-,-,-,-,3044.0000,3043.2000,3043.0000,3042.4000,3042.2000,3044.8000,3045.0000,3045.6000,3045.8000,3046.0000,2,1,2,3,3,1,1,4,1,1
SF,IH1912,2019-11-08 09:33:56.700,3044.8000,21932,0,544131000.000,0,-,-,-,-,3044.0000,3043.2000,3043.0000,3042.4000,3042.2000,3044.6000,3044.8000,3045.0000,3045.6000,3045.8000,2,1,2,3,3,1,1,1,4,1
SF,IH1912,2019-11-08 09:33:57.200,3044.8000,21932,0,544131000.000,0,-,-,-,-,3044.0000,3043.2000,3043.0000,3042.4000,3042.2000,3044.6000,3044.8000,3045.0000,3045.6000,3045.8000,2,1,2,3,3,1,1,1,4,1
SF,IH1912,2019-11-08 09:33:57.700,3044.0000,21931,-1,545957400.000,2,0,2,多平,S,3043.2000,3043.0000,3042.4000,3042.2000,3042.0000,3044.6000,3044.8000,3045.0000,3045.6000,3045.8000,1,2,3,3,8,1,1,1,4,1
SF,IH1912,2019-11-08 09:33:58.200,3044.0000,21931,0,545957400.000,0,-,-,-,-,3043.4000,3043.2000,3043.0000,3042.4000,3042.2000,3044.6000,3045.0000,3045.6000,3045.8000,3046.0000,6,4,2,3,3,4,1,4,2,1
SF,IH1912,2019-11-08 09:33:58.700,3044.0000,21930,-1,546870600.000,1,0,1,双平,S,3043.4000,3043.2000,3043.0000,3042.4000,3042.2000,3044.4000,3044.6000,3045.0000,3045.6000,3045.8000,5,4,2,3,3,4,3,1,4,2
SF,IH1912,2019-11-08 09:33:59.200,3044.0000,21930,0,546870600.000,0,-,-,-,-,3043.4000,3043.2000,3043.0000,3042.4000,3042.2000,3044.2000,3044.4000,3044.6000,3045.0000,3045.6000,5,2,2,3,3,1,3,3,1,4
SF,IH1912,2019-11-08 09:33:59.700,3044.0000,21930,0,546870600.000,0,-,-,-,-,3043.4000,3043.2000,3043.0000,3042.4000,3042.2000,3044.2000,3044.4000,3044.6000,3045.0000,3045.6000,2,2,2,3,3,1,1,3,1,4
SF,IH1912,2019-11-08 09:34:00.200,3043.6000,21929,-1,547783680.000,1,0,1,双平,S,3043.2000,3043.0000,3042.4000,3042.2000,3042.0000,3043.4000,3044.0000,3044.2000,3044.4000,3044.6000,1,2,3,2,8,1,1,1,1,3
SF,IH1912,2019-11-08 09:34:00.700,3043.4000,21928,-1,548696700.000,1,0,1,双平,S,3043.4000,3043.2000,3043.0000,3042.4000,3042.2000,3044.0000,3044.2000,3044.6000,3045.0000,3045.6000,2,1,2,3,2,1,1,4,1,4
SF,IH1912,2019-11-08 09:34:01.200,3043.4000,21928,0,548696700.000,0,-,-,-,-,3043.2000,3043.0000,3042.4000,3042.2000,3042.0000,3043.4000,3043.8000,3044.0000,3044.2000,3044.6000,1,2,3,2,8,1,9,1,1,2
SF,IH1912,2019-11-08 09:34:01.700,3043.2000,21928,0,549609660.000,1,0,1,多换,S,3043.0000,3042.4000,3042.2000,3042.0000,3041.8000,3043.2000,3043.4000,3043.8000,3044.2000,3044.6000,2,3,2,8,1,1,2,8,2,2
SF,IH1912,2019-11-08 09:34:02.200,3043.0000,21925,-3,552348480.000,3,0,3,双平,S,3043.0000,3042.4000,3042.0000,3041.8000,3041.2000,3043.4000,3043.8000,3044.2000,3044.6000,3045.0000,1,3,11,1,1,2,8,2,2,1
SF,IH1912,2019-11-08 09:34:02.700,3043.0000,21925,0,552348480.000,0,-,-,-,-,3043.0000,3042.4000,3042.0000,3041.8000,3041.2000,3043.4000,3043.8000,3044.2000,3044.6000,3044.8000,1,3,11,1,1,2,1,2,2,1
SF,IH1912,2019-11-08 09:34:03.200,3043.4000,21924,-1,553261500.000,1,0,1,双平,S,3043.0000,3042.4000,3042.0000,3041.8000,3041.2000,3043.2000,3043.4000,3043.8000,3044.2000,3044.6000,1,3,11,1,1,1,1,1,2,2
SF,IH1912,2019-11-08 09:34:03.700,3043.2000,21923,-1,554174460.000,1,0,1,双平,S,3043.0000,3042.4000,3042.0000,3041.8000,3041.2000,3043.4000,3043.8000,3044.2000,3044.6000,3044.8000,1,3,11,1,1,1,1,2,2,1
SF,IH1912,2019-11-08 09:34:04.700,3043.2000,21923,0,554174460.000,0,-,-,-,-,3043.0000,3042.4000,3042.0000,3041.8000,3041.2000,3043.4000,3043.8000,3044.2000,3044.6000,3044.8000,1,3,11,1,1,1,1,2,2,1
SF,IH1912,2019-11-08 09:34:05.200,3043.2000,21923,0,554174460.000,0,-,-,-,-,3043.0000,3042.4000,3042.0000,3041.8000,3041.2000,3043.4000,3043.8000,3044.2000,3044.6000,3044.8000,1,3,11,1,1,1,1,2,2,1
SF,IH1912,2019-11-08 09:34:06.200,3043.2000,21923,0,554174460.000,0,-,-,-,-,3043.0000,3042.4000,3042.0000,3041.8000,3041.2000,3043.4000,3043.8000,3044.2000,3044.6000,3044.8000,1,3,11,1,1,1,2,2,2,1
SF,IH1912,2019-11-08 09:34:06.700,3043.0000,21923,0,556000260.000,2,1,1,多换,S,3042.4000,3042.0000,3041.8000,3041.2000,3041.0000,3043.4000,3043.8000,3044.2000,3044.6000,3044.8000,3,11,1,1,2,1,2,2,2,1
SF,IH1912,2019-11-08 09:34:07.200,3043.0000,21923,0,556000260.000,0,-,-,-,-,3042.6000,3042.4000,3042.0000,3041.8000,3041.2000,3043.4000,3043.8000,3044.2000,3044.6000,3044.8000,1,3,11,1,1,1,2,1,2,1
SF,IH1912,2019-11-08 09:34:07.700,3043.0000,21923,0,556000260.000,0,-,-,-,-,3042.6000,3042.4000,3042.0000,3041.8000,3041.2000,3043.4000,3043.8000,3044.2000,3044.6000,3044.8000,1,3,11,1,1,1,2,1,2,1
SF,IH1912,2019-11-08 09:34:08.200,3043.0000,21923,0,556000260.000,0,-,-,-,-,3042.4000,3042.0000,3041.8000,3041.2000,3041.0000,3043.4000,3043.8000,3044.2000,3044.6000,3044.8000,3,11,1,1,2,1,2,1,2,1
SF,IH1912,2019-11-08 09:34:08.700,3043.0000,21923,0,556000260.000,0,-,-,-,-,3042.6000,3042.4000,3042.0000,3041.8000,3041.2000,3043.4000,3043.8000,3044.2000,3044.8000,3045.0000,2,3,11,1,1,1,2,1,1,1
SF,IH1912,2019-11-08 09:34:09.200,3043.0000,21923,0,556000260.000,0,-,-,-,-,3042.6000,3042.4000,3042.0000,3041.8000,3041.2000,3043.4000,3043.8000,3044.2000,3044.8000,3045.0000,1,3,11,1,1,1,2,1,1,1
SF,IH1912,2019-11-08 09:34:09.700,3043.0000,21923,0,556000260.000,0,-,-,-,-,3042.6000,3042.4000,3042.0000,3041.8000,3041.2000,3043.4000,3043.8000,3044.2000,3044.8000,3045.0000,1,3,11,1,1,2,2,1,1,1
SF,IH1912,2019-11-08 09:34:10.200,3043.0000,21923,0,556000260.000,0,-,-,-,-,3042.6000,3042.4000,3042.0000,3041.8000,3041.2000,3043.4000,3043.8000,3044.2000,3044.8000,3045.0000,1,3,11,1,1,2,2,1,1,1
SF,IH1912,2019-11-08 09:34:10.700,3042.4000,21923,0,556912980.000,1,0,1,多换,S,3042.4000,3042.0000,3041.8000,3041.2000,3041.0000,3043.4000,3043.8000,3044.2000,3044.8000,3045.0000,2,11,1,1,2,2,2,1,1,1
SF,IH1912,2019-11-08 09:34:11.200,3042.4000,21923,0,557825700.000,1,0,1,多换,S,3042.4000,3042.0000,3041.8000,3041.2000,3041.0000,3043.0000,3043.4000,3043.8000,3044.2000,3044.8000,1,11,1,1,2,1,2,1,1,1
SF,IH1912,2019-11-08 09:34:12.200,3042.4000,21923,0,558738420.000,1,0,1,多换,S,3042.0000,3041.8000,3041.2000,3041.0000,3040.0000,3042.4000,3043.0000,3043.4000,3043.8000,3044.2000,11,1,1,2,3,1,1,2,1,1
SF,IH1912,2019-11-08 09:34:12.700,3042.0000,21924,1,559651020.000,1,1,0,双开,S,3042.0000,3041.8000,3041.2000,3041.0000,3040.0000,3042.4000,3043.4000,3043.8000,3044.2000,3044.8000,10,1,1,2,3,2,2,1,1,1
SF,IH1912,2019-11-08 09:34:13.200,3042.2000,21924,0,563301480.000,4,2,2,多换,S,3042.0000,3041.8000,3041.2000,3041.0000,3040.0000,3042.4000,3043.4000,3043.8000,3044.2000,3044.8000,8,1,1,2,3,2,2,1,1,1
SF,IH1912,2019-11-08 09:34:13.700,3042.2000,21924,0,563301480.000,0,-,-,-,-,3042.0000,3041.8000,3041.2000,3041.0000,3040.0000,3042.4000,3043.4000,3043.8000,3044.2000,3044.8000,8,1,1,2,3,2,2,1,1,1
SF,IH1912,2019-11-08 09:34:14.200,3042.0000,21924,0,564214080.000,1,0,1,多换,S,3042.0000,3041.8000,3041.2000,3041.0000,3040.0000,3042.4000,3043.4000,3043.8000,3044.2000,3044.8000,7,1,1,2,3,1,2,1,1,1
SF,IH1912,2019-11-08 09:34:14.700,3042.0000,21923,-1,566039280.000,2,0,2,多平,S,3042.0000,3041.8000,3041.2000,3041.0000,3040.0000,3042.2000,3042.4000,3042.6000,3043.4000,3043.8000,5,1,1,2,3,1,1,1,2,1
SF,IH1912,2019-11-08 09:34:15.200,3041.8000,21921,-2,571514820.000,6,2,4,多平,S,3041.2000,3041.0000,3040.0000,3039.8000,3039.4000,3041.8000,3042.0000,3042.2000,3042.4000,3042.6000,1,2,3,1,2,1,7,1,1,1
SF,IH1912,2019-11-08 09:34:15.700,3041.8000,21921,0,571514820.000,0,-,-,-,-,3041.2000,3041.0000,3040.0000,3039.8000,3039.4000,3041.8000,3042.0000,3042.2000,3042.4000,3042.6000,1,2,3,1,2,1,5,1,1,1
SF,IH1912,2019-11-08 09:34:16.200,3041.8000,21921,0,571514820.000,0,-,-,-,-,3041.2000,3041.0000,3040.0000,3039.8000,3039.4000,3041.6000,3041.8000,3042.0000,3042.2000,3042.4000,1,2,3,1,2,2,1,6,1,1
SF,IH1912,2019-11-08 09:34:16.700,3041.2000,21921,0,572427180.000,1,0,1,多换,S,3041.0000,3040.0000,3039.8000,3039.4000,3039.0000,3041.2000,3041.8000,3042.0000,3042.2000,3042.4000,2,3,1,2,2,1,1,6,1,1
SF,IH1912,2019-11-08 09:34:17.200,3041.2000,21919,-2,574251900.000,2,0,2,双平,S,3041.0000,3040.0000,3039.8000,3039.4000,3039.0000,3042.0000,3042.2000,3042.4000,3042.6000,3043.4000,2,3,1,2,2,6,1,1,1,2
SF,IH1912,2019-11-08 09:34:17.700,3041.0000,21918,-1,575164200.000,1,0,1,双平,S,3041.0000,3040.0000,3039.8000,3039.4000,3039.0000,3041.8000,3042.0000,3042.2000,3042.4000,3042.6000,1,3,1,2,2,11,6,1,1,1
SF,IH1912,2019-11-08 09:34:18.200,3041.0000,21918,0,576076500.000,1,0,1,多换,S,3040.0000,3039.8000,3039.4000,3039.0000,3038.8000,3041.0000,3041.8000,3042.0000,3042.2000,3042.4000,4,1,2,2,3,1,5,6,1,1
SF,IH1912,2019-11-08 09:34:18.700,3041.0000,21915,-3,578813400.000,3,0,3,双平,S,3041.0000,3040.2000,3040.0000,3039.8000,3039.4000,3041.6000,3041.8000,3042.0000,3042.2000,3042.4000,1,3,5,1,2,1,4,6,1,1
SF,IH1912,2019-11-08 09:34:19.200,3041.6000,21915,0,579725880.000,1,0,1,多换,S,3041.2000,3041.0000,3040.2000,3040.0000,3039.8000,3041.8000,3042.0000,3042.2000,3042.4000,3042.6000,1,1,2,5,1,2,6,1,1,1
SF,IH1912,2019-11-08 09:34:19.700,3041.2000,21915,0,580638240.000,1,0,1,多换,S,3041.0000,3040.6000,3040.2000,3040.0000,3039.8000,3042.0000,3042.2000,3042.4000,3042.6000,3043.0000,1,1,1,5,1,5,1,2,1,2
SF,IH1912,2019-11-08 09:34:20.200,3041.0000,21914,-1,581550540.000,1,0,1,双平,S,3040.2000,3040.0000,3039.8000,3039.4000,3039.0000,3041.0000,3041.8000,3042.0000,3042.2000,3042.4000,1,5,1,2,2,3,2,5,1,1
SF,IH1912,2019-11-08 09:34:20.700,3041.0000,21913,-1,584287440.000,3,1,2,多平,S,3041.2000,3040.8000,3040.6000,3040.4000,3040.2000,3041.8000,3042.0000,3042.2000,3042.4000,3042.6000,3,1,1,12,4,2,5,1,1,1
SF,IH1912,2019-11-08 09:34:21.200,3041.2000,21912,-1,585199800.000,1,0,1,双平,S,3041.2000,3041.0000,3040.6000,3040.4000,3040.2000,3041.8000,3042.0000,3042.2000,3042.4000,3042.6000,2,1,1,10,4,2,5,1,1,1
SF,IH1912,2019-11-08 09:34:22.200,3041.8000,21912,0,586112340.000,1,0,1,多换,S,3041.2000,3041.0000,3040.6000,3040.4000,3040.2000,3042.0000,3042.2000,3042.4000,3042.6000,3043.0000,2,1,1,10,3,5,1,1,1,2
SF,IH1912,2019-11-08 09:34:22.700,3042.0000,21912,0,588850140.000,3,1,2,多换,S,3041.4000,3041.2000,3041.0000,3040.4000,3040.2000,3042.0000,3042.2000,3042.4000,3042.6000,3043.0000,2,3,1,10,3,1,1,1,1,2
SF,IH1912,2019-11-08 09:34:23.200,3042.0000,21910,-2,590675340.000,2,0,2,双平,S,3042.0000,3041.4000,3041.2000,3041.0000,3040.4000,3042.2000,3042.4000,3042.6000,3043.0000,3043.8000,1,3,1,1,10,1,1,1,2,1
