市场代码,合约代码,时间,最新,持仓,增仓,成交额,成交量,开仓,平仓,成交类型,方向,买一价,买二价,买三价,买四价,买五价,卖一价,卖二价,卖三价,卖四价,卖五价,买一量,买二量,买三量,买四量,买五量,卖一量,卖二量,卖三量,卖四量,卖五量
SF,IH1912,2019-11-12 09:29:00.300,2974.0000,24154,0,20520600.000,23.000,-,-,-,-,2973.4000,2972.4000,2972.2000,2972.0000,2971.8000,2974.0000,2975.0000,2976.0000,2977.0000,2978.0000,1,1,2,1,1,4,4,1,1,3
SF,IH1912,2019-11-12 09:30:00.300,2976.2000,24140,-14,48195960.000,31,8,23,多平,S,2974.8000,2974.4000,2974.2000,2974.0000,2973.6000,2978.6000,2978.8000,2979.0000,2979.2000,2979.4000,1,2,9,6,15,2,1,1,1,1
SF,IH1912,2019-11-12 09:30:00.800,2978.0000,24136,-4,56232180.000,9,2,7,多平,S,2975.4000,2975.0000,2974.8000,2974.4000,2974.2000,2978.0000,2978.4000,2978.6000,2978.8000,2979.0000,1,24,1,6,10,2,2,8,3,1
SF,IH1912,2019-11-12 09:30:01.300,2976.6000,24135,-1,57125160.000,1,0,1,双平,S,2975.8000,2975.6000,2975.4000,2975.0000,2974.8000,2976.4000,2977.8000,2978.0000,2978.4000,2978.6000,2,20,1,4,1,1,1,5,1,5
SF,IH1912,2019-11-12 09:30:01.800,2976.0000,24133,-2,58910820.000,2,0,2,双平,S,2976.0000,2975.6000,2975.4000,2975.0000,2974.2000,2976.2000,2976.4000,2977.8000,2978.0000,2978.4000,15,4,1,2,5,1,1,1,5,1
SF,IH1912,2019-11-12 09:30:02.300,2977.8000,24127,-6,64268340.000,6,0,6,双平,S,2976.0000,2975.6000,2975.4000,2975.0000,2974.2000,2978.0000,2978.4000,2978.6000,2978.8000,2979.0000,12,4,1,2,1,5,1,4,3,2
SF,IH1912,2019-11-12 09:30:02.800,2976.0000,24123,-4,68732340.000,5,0,5,多平,S,2975.6000,2975.4000,2975.0000,2974.2000,2974.0000,2976.0000,2977.8000,2978.0000,2978.4000,2978.6000,3,1,2,1,2,1,9,7,1,4
SF,IH1912,2019-11-12 09:30:03.300,2975.8000,24122,-1,69625080.000,1,0,1,双平,S,2975.6000,2975.4000,2974.8000,2974.2000,2974.0000,2975.8000,2976.0000,2977.8000,2978.0000,2978.4000,2,1,6,1,2,1,2,8,7,1
SF,IH1912,2019-11-12 09:30:03.800,2975.6000,24122,0,71410440.000,2,1,1,多换,S,2975.4000,2974.8000,2974.2000,2974.0000,2972.2000,2975.6000,2975.8000,2976.0000,2977.8000,2978.0000,2,6,1,2,2,2,1,2,8,7
SF,IH1912,2019-11-12 09:30:04.300,2975.6000,24123,1,72303120.000,1,1,0,双开,S,2975.4000,2974.2000,2974.0000,2972.2000,2972.0000,2975.6000,2975.8000,2976.0000,2977.8000,2978.0000,3,1,2,2,1,2,1,2,8,7
SF,IH1912,2019-11-12 09:30:04.800,2975.4000,24123,0,73195740.000,1,0,1,多换,S,2974.2000,2974.0000,2972.2000,2972.0000,2971.8000,2974.6000,2975.6000,2975.8000,2976.0000,2977.8000,1,7,2,1,1,2,2,1,2,8
SF,IH1912,2019-11-12 09:30:05.300,2974.6000,24120,-3,77657640.000,5,1,4,多平,S,2974.6000,2974.4000,2974.2000,2974.0000,2973.0000,2975.6000,2975.8000,2976.0000,2977.8000,2978.0000,2,9,1,1,6,1,1,2,8,6
SF,IH1912,2019-11-12 09:30:05.800,2974.6000,24120,0,77657640.000,0,-,-,-,-,2974.6000,2974.2000,2974.0000,2973.0000,2972.2000,2975.6000,2976.0000,2977.8000,2978.0000,2978.4000,2,1,1,6,2,1,2,7,6,1
SF,IH1912,2019-11-12 09:30:06.300,2974.6000,24120,0,77657640.000,0,-,-,-,-,2974.8000,2974.6000,2974.2000,2974.0000,2973.0000,2975.4000,2975.6000,2976.0000,2977.8000,2978.0000,9,3,1,1,6,1,2,2,7,6
SF,IH1912,2019-11-12 09:30:06.800,2975.4000,24119,-1,78550260.000,1,0,1,双平,S,2975.4000,2975.0000,2974.8000,2974.6000,2974.2000,2975.6000,2976.0000,2977.8000,2978.0000,2978.4000,1,1,9,3,1,1,2,7,6,1
SF,IH1912,2019-11-12 09:30:07.300,2975.4000,24118,-1,79442880.000,1,0,1,双平,S,2974.8000,2974.6000,2974.2000,2974.0000,2973.0000,2975.4000,2975.6000,2976.0000,2977.8000,2978.0000,6,3,1,1,6,1,2,2,7,6
SF,IH1912,2019-11-12 09:30:07.800,2974.8000,24117,-1,80335320.000,1,0,1,双平,S,2974.8000,2974.6000,2974.2000,2974.0000,2973.0000,2975.4000,2975.6000,2976.0000,2977.0000,2977.8000,5,3,1,1,6,1,2,2,1,7
SF,IH1912,2019-11-12 09:30:08.300,2974.6000,24115,-2,83012580.000,3,0,3,多平,S,2974.6000,2974.2000,2974.0000,2972.2000,2972.0000,2974.8000,2975.2000,2975.6000,2976.0000,2977.0000,2,1,1,2,1,1,1,2,2,1
SF,IH1912,2019-11-12 09:30:08.800,2974.6000,24112,-3,85689720.000,3,0,3,双平,S,2974.2000,2974.0000,2972.2000,2972.0000,2971.8000,2974.8000,2975.2000,2975.6000,2976.0000,2977.0000,1,1,2,1,1,1,1,2,2,1
SF,IH1912,2019-11-12 09:30:09.300,2974.8000,24107,-5,91936020.000,7,1,6,多平,S,2974.0000,2973.4000,2972.2000,2972.0000,2971.8000,2975.2000,2975.6000,2976.0000,2977.0000,2977.8000,1,6,2,1,1,1,2,1,1,7
SF,IH1912,2019-11-12 09:30:09.800,2973.4000,24105,-2,94612500.000,3,0,3,多平,S,2972.2000,2972.0000,2971.8000,2970.2000,2970.0000,2975.0000,2975.2000,2975.4000,2975.6000,2976.0000,2,1,1,2,2,1,2,1,2,1
SF,IH1912,2019-11-12 09:30:10.300,2973.2000,24105,0,95504460.000,1,0,1,多换,S,2973.2000,2972.8000,2972.6000,2972.4000,2972.2000,2974.0000,2974.6000,2974.8000,2975.0000,2975.2000,1,1,2,10,6,2,2,2,1,2
SF,IH1912,2019-11-12 09:30:10.800,2973.6000,24104,-1,97288500.000,2,0,2,多平,S,2973.4000,2972.2000,2972.0000,2971.8000,2970.2000,2973.8000,2974.0000,2974.6000,2974.8000,2975.0000,7,5,1,6,2,1,2,1,1,1
SF,IH1912,2019-11-12 09:30:11.300,2973.4000,24101,-3,102641220.000,6,1,5,多平,S,2973.4000,2972.2000,2972.0000,2971.8000,2970.2000,2974.6000,2975.0000,2975.2000,2975.4000,2975.6000,1,4,1,6,2,1,1,1,1,2
SF,IH1912,2019-11-12 09:30:11.800,2974.4000,24101,0,104425560.000,2,1,1,多换,S,2973.6000,2973.4000,2972.2000,2972.0000,2971.8000,2974.2000,2974.4000,2974.6000,2975.2000,2975.4000,3,1,4,1,6,1,1,2,2,1
SF,IH1912,2019-11-12 09:30:12.300,2973.8000,24101,0,105317700.000,1,0,1,多换,S,2972.2000,2972.0000,2971.8000,2970.2000,2970.0000,2974.2000,2974.4000,2974.6000,2975.2000,2975.4000,3,1,6,2,2,1,1,1,2,1
SF,IH1912,2019-11-12 09:30:12.800,2973.8000,24101,0,105317700.000,0,-,-,-,-,2972.4000,2972.2000,2972.0000,2971.8000,2970.2000,2974.2000,2974.4000,2974.6000,2975.2000,2975.4000,6,3,1,6,2,1,1,1,2,1
SF,IH1912,2019-11-12 09:30:13.300,2973.8000,24101,0,105317700.000,0,-,-,-,-,2972.4000,2972.2000,2972.0000,2971.8000,2970.2000,2973.6000,2974.0000,2974.2000,2974.4000,2974.6000,7,2,1,6,2,1,2,2,1,1
SF,IH1912,2019-11-12 09:30:13.800,2972.4000,24101,0,106209420.000,1,0,1,多换,S,2972.6000,2972.4000,2972.2000,2972.0000,2971.8000,2973.2000,2973.6000,2973.8000,2974.0000,2974.2000,1,6,2,1,6,1,2,1,3,2
SF,IH1912,2019-11-12 09:30:14.300,2972.8000,24099,-2,108885060.000,3,0,3,多平,S,2972.8000,2972.6000,2972.4000,2972.2000,2972.0000,2973.6000,2974.0000,2974.2000,2974.4000,2974.6000,1,1,2,2,1,2,2,1,1,1
SF,IH1912,2019-11-12 09:30:14.800,2972.8000,24099,0,108885060.000,0,-,-,-,-,2973.2000,2972.8000,2972.6000,2972.4000,2972.2000,2973.4000,2973.6000,2974.0000,2974.2000,2975.2000,1,1,1,2,2,1,2,1,1,2
SF,IH1912,2019-11-12 09:30:15.300,2973.2000,24095,-4,114237180.000,6,1,5,多平,S,2973.6000,2972.8000,2972.4000,2972.2000,2972.0000,2974.0000,2974.2000,2975.2000,2975.4000,2975.6000,1,1,1,2,3,1,1,2,1,1
SF,IH1912,2019-11-12 09:30:15.800,2973.6000,24095,0,115129260.000,1,0,1,多换,S,2972.8000,2972.6000,2972.4000,2972.2000,2972.0000,2973.8000,2974.0000,2974.2000,2975.2000,2975.4000,1,1,6,2,1,1,1,1,2,1
SF,IH1912,2019-11-12 09:30:16.300,2973.8000,24094,-1,116913540.000,2,0,2,多平,S,2974.0000,2973.2000,2973.0000,2972.8000,2972.6000,2975.0000,2975.2000,2975.4000,2975.6000,2977.0000,1,3,5,4,1,1,2,1,1,1
SF,IH1912,2019-11-12 09:30:16.800,2973.8000,24094,0,116913540.000,0,-,-,-,-,2973.2000,2973.0000,2972.8000,2972.4000,2972.2000,2974.8000,2975.0000,2975.2000,2975.4000,2975.6000,3,2,3,6,2,2,1,2,1,1
SF,IH1912,2019-11-12 09:30:17.300,2974.8000,24093,-1,117805980.000,1,0,1,双平,S,2973.4000,2973.2000,2973.0000,2972.8000,2972.4000,2974.8000,2975.0000,2975.2000,2975.4000,2975.6000,5,3,2,3,6,1,1,1,1,1
SF,IH1912,2019-11-12 09:30:17.800,2974.8000,24093,0,117805980.000,0,-,-,-,-,2973.4000,2973.2000,2973.0000,2972.8000,2972.4000,2974.6000,2974.8000,2975.0000,2975.2000,2975.4000,5,3,2,3,6,1,1,1,1,1
SF,IH1912,2019-11-12 09:30:18.300,2974.8000,24093,0,117805980.000,0,-,-,-,-,2974.0000,2973.6000,2973.4000,2973.2000,2973.0000,2974.6000,2974.8000,2975.0000,2975.2000,2975.4000,1,1,5,2,2,1,1,1,1,1
SF,IH1912,2019-11-12 09:30:18.800,2974.0000,24092,-1,119590380.000,2,0,2,多平,S,2973.6000,2973.4000,2973.0000,2972.8000,2972.4000,2974.6000,2974.8000,2975.0000,2975.2000,2975.4000,1,2,2,2,1,1,1,1,1,1
SF,IH1912,2019-11-12 09:30:19.300,2974.0000,24092,0,119590380.000,0,-,-,-,-,2973.4000,2973.0000,2972.8000,2972.4000,2972.2000,2974.6000,2974.8000,2975.0000,2975.2000,2975.4000,2,2,2,1,2,1,2,1,1,1
SF,IH1912,2019-11-12 09:30:19.800,2974.4000,24091,-1,120482700.000,1,0,1,双平,S,2973.6000,2973.4000,2973.0000,2972.8000,2972.4000,2974.4000,2974.6000,2974.8000,2975.0000,2975.2000,1,2,3,2,1,1,2,2,1,1
SF,IH1912,2019-11-12 09:30:20.300,2974.4000,24091,0,120482700.000,0,-,-,-,-,2973.6000,2973.4000,2973.0000,2972.8000,2972.4000,2974.4000,2974.6000,2974.8000,2975.0000,2975.2000,2,2,3,2,1,1,1,2,1,1
SF,IH1912,2019-11-12 09:30:20.800,2973.6000,24090,-1,121374780.000,1,0,1,双平,S,2973.4000,2973.0000,2972.8000,2972.6000,2972.4000,2973.6000,2974.4000,2974.6000,2974.8000,2975.0000,2,3,2,5,1,3,1,1,1,1
SF,IH1912,2019-11-12 09:30:21.300,2973.6000,24087,-3,124051020.000,3,0,3,双平,S,2973.4000,2973.0000,2972.8000,2972.4000,2972.2000,2973.6000,2974.4000,2974.6000,2974.8000,2975.0000,1,3,2,1,2,1,1,1,1,1
SF,IH1912,2019-11-12 09:30:21.800,2973.4000,24083,-4,127619280.000,4,0,4,双平,S,2973.0000,2972.8000,2972.4000,2972.2000,2972.0000,2973.4000,2973.6000,2974.4000,2974.6000,2974.8000,3,2,1,2,1,7,1,1,1,1
SF,IH1912,2019-11-12 09:30:22.300,2973.4000,24081,-2,129403320.000,2,0,2,双平,S,2973.0000,2972.8000,2972.4000,2972.2000,2972.0000,2973.4000,2973.6000,2974.4000,2974.6000,2974.8000,2,2,1,2,1,6,1,1,1,1
SF,IH1912,2019-11-12 09:30:22.800,2973.0000,24079,-2,132971160.000,4,1,3,多平,S,2972.8000,2972.4000,2972.2000,2972.0000,2971.8000,2973.0000,2973.4000,2973.6000,2974.2000,2974.4000,2,1,2,1,1,2,4,1,1,1
SF,IH1912,2019-11-12 09:30:23.300,2973.0000,24075,-4,136538640.000,4,0,4,双平,S,2973.2000,2973.0000,2972.8000,2972.4000,2972.2000,2973.4000,2973.6000,2974.2000,2974.4000,2974.8000,1,5,1,1,2,4,1,1,1,2
SF,IH1912,2019-11-12 09:30:23.800,2973.0000,24073,-2,138322500.000,2,0,2,双平,S,2973.0000,2972.4000,2972.2000,2972.0000,2971.8000,2973.4000,2973.6000,2974.0000,2974.2000,2974.4000,2,1,2,1,1,5,1,1,1,1
SF,IH1912,2019-11-12 09:30:24.300,2973.0000,24073,0,138322500.000,0,-,-,-,-,2973.0000,2972.4000,2972.2000,2972.0000,2971.8000,2973.4000,2974.0000,2974.2000,2974.4000,2974.8000,2,1,2,1,1,5,1,1,1,2
SF,IH1912,2019-11-12 09:30:24.800,2973.0000,24071,-2,140106300.000,2,0,2,双平,S,2972.4000,2972.2000,2972.0000,2971.8000,2971.0000,2973.2000,2973.4000,2974.0000,2974.2000,2974.4000,1,2,1,1,1,1,6,1,1,1
SF,IH1912,2019-11-12 09:30:25.300,2973.0000,24071,0,140998200.000,1,0,1,多换,S,2972.6000,2972.4000,2972.2000,2972.0000,2971.8000,2973.2000,2973.4000,2974.0000,2974.2000,2974.4000,1,1,2,1,1,3,6,1,1,1
SF,IH1912,2019-11-12 09:30:25.800,2972.6000,24069,-2,143673900.000,3,0,3,多平,S,2972.4000,2972.2000,2972.0000,2971.8000,2971.0000,2973.0000,2973.2000,2973.4000,2974.0000,2974.2000,1,2,1,1,1,1,1,5,1,1
SF,IH1912,2019-11-12 09:30:26.300,2972.6000,24069,0,143673900.000,0,-,-,-,-,2972.4000,2972.2000,2972.0000,2971.8000,2971.0000,2972.8000,2973.0000,2973.4000,2974.0000,2974.2000,1,2,1,1,1,2,1,5,1,1
SF,IH1912,2019-11-12 09:30:26.800,2972.6000,24069,0,143673900.000,0,-,-,-,-,2972.4000,2972.2000,2972.0000,2971.8000,2971.0000,2972.8000,2973.0000,2973.4000,2974.0000,2974.2000,1,2,1,1,1,2,1,5,1,1
SF,IH1912,2019-11-12 09:30:27.800,2972.8000,24067,-2,145457580.000,2,0,2,双平,S,2972.4000,2972.2000,2972.0000,2971.8000,2971.0000,2973.0000,2973.4000,2974.0000,2974.2000,2974.4000,1,2,1,1,1,1,5,1,1,1
SF,IH1912,2019-11-12 09:30:28.300,2973.0000,24065,-2,147241320.000,2,0,2,双平,S,2972.2000,2972.0000,2971.8000,2971.0000,2970.2000,2973.4000,2974.0000,2974.2000,2974.4000,2974.8000,2,1,1,1,2,5,1,1,1,2
SF,IH1912,2019-11-12 09:30:28.800,2973.0000,24065,0,147241320.000,0,-,-,-,-,2972.4000,2972.2000,2972.0000,2971.8000,2971.4000,2973.2000,2973.4000,2974.0000,2974.2000,2974.4000,1,3,1,1,5,3,5,1,1,1
SF,IH1912,2019-11-12 09:30:29.300,2973.2000,24064,-1,149025240.000,2,0,2,多平,S,2972.4000,2972.2000,2972.0000,2971.8000,2971.4000,2973.4000,2974.0000,2974.2000,2974.4000,2974.8000,1,3,1,1,5,5,1,1,1,2
SF,IH1912,2019-11-12 09:30:29.800,2973.2000,24064,0,149025240.000,0,-,-,-,-,2972.8000,2972.6000,2972.4000,2972.2000,2972.0000,2973.2000,2973.4000,2974.0000,2974.2000,2974.4000,2,2,2,3,1,1,5,1,1,1
SF,IH1912,2019-11-12 09:30:30.300,2972.8000,24063,-1,149917080.000,1,0,1,双平,S,2972.4000,2972.2000,2972.0000,2971.8000,2971.4000,2973.2000,2973.4000,2974.0000,2974.2000,2974.4000,1,3,1,1,5,1,5,1,1,1
SF,IH1912,2019-11-12 09:30:30.800,2972.8000,24063,0,149917080.000,0,-,-,-,-,2972.4000,2972.2000,2972.0000,2971.8000,2971.4000,2973.2000,2973.4000,2974.0000,2974.2000,2974.4000,2,3,1,1,5,1,5,1,1,1
SF,IH1912,2019-11-12 09:30:31.800,2973.2000,24063,0,150809040.000,1,0,1,多换,S,2972.4000,2972.2000,2972.0000,2971.8000,2971.4000,2973.4000,2974.0000,2974.2000,2974.4000,2974.8000,2,3,1,1,5,5,1,1,1,2
SF,IH1912,2019-11-12 09:30:32.300,2972.4000,24063,0,151700760.000,1,0,1,多换,S,2972.2000,2972.0000,2971.8000,2971.0000,2970.2000,2973.2000,2973.4000,2974.0000,2974.2000,2974.4000,3,1,1,1,2,1,5,1,1,1
SF,IH1912,2019-11-12 09:30:32.800,2973.2000,24061,-2,153484440.000,2,0,2,双平,S,2972.2000,2972.0000,2971.8000,2971.2000,2971.0000,2973.2000,2973.4000,2974.0000,2974.2000,2974.4000,3,1,1,5,1,1,5,1,1,1
SF,IH1912,2019-11-12 09:30:33.300,2973.2000,24061,0,153484440.000,0,-,-,-,-,2972.4000,2972.2000,2972.0000,2971.8000,2971.2000,2973.4000,2974.0000,2974.2000,2974.4000,2974.8000,1,3,1,1,5,5,1,1,1,2
SF,IH1912,2019-11-12 09:30:33.800,2973.2000,24061,0,153484440.000,0,-,-,-,-,2972.4000,2972.2000,2972.0000,2971.8000,2971.0000,2973.0000,2973.2000,2973.4000,2974.0000,2974.2000,1,3,1,1,1,1,1,5,1,1
SF,IH1912,2019-11-12 09:30:34.800,2973.2000,24061,0,154376400.000,1,0,1,多换,S,2972.4000,2972.2000,2972.0000,2971.8000,2971.0000,2973.2000,2973.4000,2974.0000,2974.2000,2974.4000,1,3,1,1,1,1,5,1,1,1
SF,IH1912,2019-11-12 09:30:35.800,2973.2000,24061,0,154376400.000,0,-,-,-,-,2972.8000,2972.6000,2972.4000,2972.2000,2972.0000,2973.2000,2973.4000,2974.0000,2974.2000,2974.4000,1,2,2,3,1,1,5,1,1,1
SF,IH1912,2019-11-12 09:30:36.300,2973.2000,24060,-1,155268360.000,1,0,1,双平,S,2973.2000,2972.6000,2972.4000,2972.2000,2972.0000,2973.4000,2974.0000,2974.2000,2974.4000,2974.8000,1,1,1,3,1,5,1,1,1,2
SF,IH1912,2019-11-12 09:30:36.800,2973.2000,24060,0,155268360.000,0,-,-,-,-,2972.6000,2972.2000,2972.0000,2971.8000,2971.0000,2973.4000,2974.0000,2974.2000,2974.4000,2974.8000,1,3,1,1,1,4,1,1,1,2
SF,IH1912,2019-11-12 09:30:37.300,2973.4000,24059,-1,156160380.000,1,0,1,双平,S,2972.8000,2972.6000,2972.2000,2972.0000,2971.8000,2973.4000,2974.0000,2974.2000,2974.4000,2974.8000,2,3,3,1,1,3,1,1,1,2
SF,IH1912,2019-11-12 09:30:37.800,2973.4000,24056,-3,158836440.000,3,0,3,双平,S,2973.4000,2973.2000,2972.8000,2972.6000,2972.2000,2974.0000,2974.2000,2974.4000,2974.8000,2975.0000,1,1,2,2,3,1,1,1,2,1
SF,IH1912,2019-11-12 09:30:38.300,2973.4000,24056,0,158836440.000,0,-,-,-,-,2973.6000,2973.2000,2972.8000,2972.6000,2972.2000,2974.0000,2974.2000,2974.4000,2974.8000,2975.0000,1,2,1,2,3,1,1,1,2,1
SF,IH1912,2019-11-12 09:30:38.800,2973.6000,24055,-1,159728520.000,1,0,1,双平,S,2973.2000,2972.8000,2972.6000,2972.2000,2972.0000,2974.0000,2974.2000,2974.4000,2974.8000,2975.0000,2,1,2,3,1,1,1,1,2,1
SF,IH1912,2019-11-12 09:30:39.300,2973.6000,24055,0,159728520.000,0,-,-,-,-,2973.4000,2973.2000,2972.8000,2972.6000,2972.2000,2974.0000,2974.2000,2974.8000,2975.0000,2975.2000,1,2,1,2,3,1,1,2,1,2
SF,IH1912,2019-11-12 09:30:39.800,2973.6000,24055,0,159728520.000,0,-,-,-,-,2973.4000,2973.2000,2972.8000,2972.6000,2972.2000,2974.0000,2974.2000,2974.8000,2975.0000,2975.2000,1,2,1,2,3,1,1,1,1,2
SF,IH1912,2019-11-12 09:30:40.800,2974.0000,24055,0,160620720.000,1,0,1,多换,S,2973.4000,2973.2000,2972.8000,2972.6000,2972.2000,2974.2000,2974.8000,2975.0000,2975.2000,2975.4000,1,2,1,2,3,1,1,1,2,1
SF,IH1912,2019-11-12 09:30:41.300,2974.0000,24055,0,160620720.000,0,-,-,-,-,2973.4000,2973.2000,2972.8000,2972.6000,2972.2000,2974.2000,2974.4000,2974.8000,2975.0000,2975.2000,1,2,1,2,3,1,1,1,1,2
SF,IH1912,2019-11-12 09:30:41.800,2974.0000,24055,0,160620720.000,0,-,-,-,-,2973.4000,2973.2000,2972.8000,2972.6000,2972.2000,2974.0000,2974.2000,2974.4000,2974.8000,2975.0000,2,2,1,1,3,1,1,2,1,1
SF,IH1912,2019-11-12 09:30:42.300,2974.0000,24055,0,160620720.000,0,-,-,-,-,2974.0000,2973.4000,2973.2000,2972.8000,2972.6000,2974.2000,2974.4000,2974.8000,2975.0000,2975.2000,1,2,2,1,1,1,2,1,1,2
SF,IH1912,2019-11-12 09:30:42.800,2974.0000,24055,0,161512920.000,1,0,1,多换,S,2973.4000,2973.2000,2972.8000,2972.6000,2972.2000,2974.2000,2974.4000,2974.8000,2975.0000,2975.2000,1,2,1,1,3,1,1,1,1,2
SF,IH1912,2019-11-12 09:30:43.300,2974.0000,24055,0,161512920.000,0,-,-,-,-,2973.6000,2973.4000,2973.2000,2972.8000,2972.6000,2974.2000,2974.4000,2974.8000,2975.0000,2975.2000,1,1,2,1,1,1,1,1,1,2
SF,IH1912,2019-11-12 09:30:43.800,2974.0000,24055,0,163297200.000,2,1,1,多换,S,2973.2000,2972.8000,2972.6000,2972.2000,2972.0000,2974.2000,2974.4000,2974.8000,2975.0000,2975.2000,2,1,2,3,1,1,2,1,1,3
SF,IH1912,2019-11-12 09:30:44.300,2974.0000,24055,0,163297200.000,0,-,-,-,-,2973.4000,2973.2000,2972.8000,2972.6000,2972.2000,2974.0000,2974.2000,2974.4000,2974.8000,2975.0000,1,2,1,1,3,1,2,1,1,1
SF,IH1912,2019-11-12 09:30:44.800,2974.0000,24055,0,163297200.000,0,-,-,-,-,2973.2000,2972.8000,2972.6000,2972.2000,2972.0000,2973.4000,2974.2000,2974.4000,2974.8000,2975.0000,2,1,1,2,1,1,1,1,1,1
SF,IH1912,2019-11-12 09:30:45.300,2973.4000,24054,-1,164189220.000,1,0,1,双平,S,2974.0000,2973.2000,2972.8000,2972.2000,2972.0000,2974.2000,2974.4000,2974.8000,2975.0000,2975.2000,9,2,1,2,1,1,1,1,1,2
SF,IH1912,2019-11-12 09:30:45.800,2974.0000,24054,0,172219020.000,9,4,5,多换,S,2973.2000,2972.8000,2972.2000,2972.0000,2971.8000,2974.2000,2974.4000,2974.8000,2975.0000,2975.2000,2,1,2,1,1,1,1,1,1,2
SF,IH1912,2019-11-12 09:30:46.300,2974.0000,24054,0,172219020.000,0,-,-,-,-,2973.4000,2973.2000,2972.8000,2972.2000,2972.0000,2974.0000,2974.2000,2974.4000,2974.8000,2975.0000,2,3,1,2,1,1,1,2,1,1
SF,IH1912,2019-11-12 09:30:46.800,2973.4000,24054,0,173111040.000,1,0,1,多换,S,2973.2000,2972.2000,2972.0000,2971.8000,2971.0000,2974.0000,2974.2000,2974.4000,2974.8000,2975.0000,3,2,1,1,1,1,1,2,1,1
SF,IH1912,2019-11-12 09:30:47.300,2973.4000,24054,0,173111040.000,0,-,-,-,-,2973.4000,2973.2000,2972.2000,2972.0000,2971.8000,2974.0000,2974.2000,2974.4000,2974.8000,2975.0000,1,3,2,1,1,3,1,2,1,1
SF,IH1912,2019-11-12 09:30:47.800,2973.4000,24054,0,173111040.000,0,-,-,-,-,2973.2000,2972.2000,2972.0000,2971.8000,2971.0000,2973.4000,2974.0000,2974.2000,2974.4000,2974.8000,3,2,1,1,1,1,3,1,2,1
SF,IH1912,2019-11-12 09:30:48.300,2974.0000,24056,2,180247920.000,8,5,3,空开,S,2974.0000,2973.2000,2972.2000,2972.0000,2971.8000,2974.2000,2974.4000,2974.8000,2975.0000,2975.2000,2,1,2,1,1,1,2,1,2,2
SF,IH1912,2019-11-12 09:30:48.800,2974.0000,24056,0,182924520.000,3,1,2,多换,S,2973.2000,2972.2000,2972.0000,2971.8000,2971.0000,2973.6000,2973.8000,2974.0000,2974.2000,2974.4000,1,2,1,1,1,1,3,7,1,2
SF,IH1912,2019-11-12 09:30:49.300,2973.2000,24055,-1,183816480.000,1,0,1,双平,S,2972.2000,2972.0000,2971.8000,2971.0000,2970.2000,2973.8000,2974.0000,2974.2000,2974.4000,2974.6000,2,1,1,1,2,1,6,1,2,2
SF,IH1912,2019-11-12 09:30:49.800,2973.2000,24055,0,183816480.000,0,-,-,-,-,2972.4000,2972.2000,2972.0000,2971.8000,2971.0000,2973.6000,2973.8000,2974.0000,2974.2000,2974.4000,2,2,1,1,1,16,1,6,1,2
SF,IH1912,2019-11-12 09:30:50.300,2973.2000,24055,0,183816480.000,0,-,-,-,-,2972.4000,2972.2000,2972.0000,2971.8000,2971.0000,2973.4000,2973.6000,2974.0000,2974.2000,2974.4000,2,2,1,1,1,1,16,6,1,2
SF,IH1912,2019-11-12 09:30:50.800,2973.2000,24054,-1,184708440.000,1,0,1,双平,S,2973.0000,2972.4000,2972.2000,2972.0000,2971.8000,2973.4000,2973.6000,2974.0000,2974.2000,2974.4000,1,1,2,1,1,1,2,5,1,2
SF,IH1912,2019-11-12 09:30:51.300,2973.0000,24053,-1,185600340.000,1,0,1,双平,S,2972.2000,2972.0000,2971.8000,2971.0000,2970.2000,2973.2000,2973.4000,2973.6000,2974.0000,2974.2000,2,1,1,1,2,14,1,2,6,1
SF,IH1912,2019-11-12 09:30:51.800,2973.0000,24052,-1,187383900.000,2,0,2,多平,S,2972.4000,2972.2000,2972.0000,2971.8000,2971.0000,2973.0000,2973.2000,2973.6000,2974.0000,2974.2000,2,1,1,1,1,2,14,2,6,1
SF,IH1912,2019-11-12 09:30:52.300,2972.4000,24050,-2,189167340.000,2,0,2,双平,S,2972.2000,2972.0000,2971.8000,2971.4000,2971.0000,2972.8000,2973.0000,2973.6000,2974.0000,2974.2000,1,1,1,1,1,13,3,1,7,1
SF,IH1912,2019-11-12 09:30:52.800,2972.6000,24049,-1,190950780.000,2,0,2,多平,S,2972.0000,2971.8000,2971.0000,2970.2000,2970.0000,2972.8000,2973.0000,2973.6000,2974.0000,2974.2000,1,1,1,2,1,13,3,1,6,1
SF,IH1912,2019-11-12 09:30:53.300,2972.6000,24049,0,190950780.000,0,-,-,-,-,2972.0000,2971.8000,2971.0000,2970.2000,2970.0000,2972.6000,2972.8000,2973.0000,2973.6000,2974.0000,1,1,1,2,1,2,13,2,1,6
SF,IH1912,2019-11-12 09:30:53.800,2971.8000,24048,-1,192733920.000,2,0,2,多平,S,2971.0000,2970.2000,2970.0000,2968.4000,2968.2000,2972.4000,2972.6000,2973.0000,2973.6000,2974.0000,1,2,1,1,2,13,3,2,1,5
SF,IH1912,2019-11-12 09:30:54.300,2971.8000,24048,0,192733920.000,0,-,-,-,-,2971.2000,2971.0000,2970.2000,2970.0000,2968.4000,2972.2000,2972.4000,2972.6000,2973.0000,2973.6000,1,1,2,1,1,4,13,2,2,1
SF,IH1912,2019-11-12 09:30:54.800,2971.8000,24048,0,192733920.000,0,-,-,-,-,2971.0000,2970.2000,2970.0000,2968.4000,2968.2000,2971.8000,2972.0000,2972.2000,2972.6000,2973.0000,1,2,1,1,2,1,1,4,2,2
SF,IH1912,2019-11-12 09:30:55.300,2971.8000,24048,0,192733920.000,0,-,-,-,-,2971.0000,2970.2000,2970.0000,2968.4000,2968.2000,2971.6000,2971.8000,2972.2000,2972.6000,2973.0000,1,2,1,1,2,1,1,4,1,2
SF,IH1912,2019-11-12 09:30:55.800,2971.8000,24048,0,192733920.000,0,-,-,-,-,2971.0000,2970.2000,2970.0000,2968.4000,2968.2000,2971.6000,2971.8000,2972.2000,2972.6000,2973.0000,1,2,1,1,2,2,1,3,1,2
SF,IH1912,2019-11-12 09:30:56.300,2971.0000,24048,0,193625220.000,1,0,1,多换,S,2970.2000,2970.0000,2969.0000,2968.4000,2968.2000,2971.2000,2971.4000,2971.6000,2971.8000,2972.2000,2,1,1,1,2,2,13,4,1,3
SF,IH1912,2019-11-12 09:30:56.800,2971.0000,24048,0,193625220.000,0,-,-,-,-,2970.4000,2970.2000,2970.0000,2969.0000,2968.4000,2971.0000,2971.2000,2971.6000,2971.8000,2972.2000,2,3,1,1,1,1,1,2,1,3
SF,IH1912,2019-11-12 09:30:57.300,2971.0000,24047,-1,194516520.000,1,0,1,双平,S,2970.4000,2970.2000,2970.0000,2969.0000,2968.4000,2970.8000,2971.2000,2971.6000,2971.8000,2972.2000,1,3,1,1,1,12,3,2,1,3
SF,IH1912,2019-11-12 09:30:57.800,2970.8000,24044,-3,197190240.000,3,0,3,双平,S,2970.6000,2970.2000,2970.0000,2969.0000,2968.4000,2970.8000,2971.2000,2971.6000,2971.8000,2972.2000,2,3,1,1,1,1,1,2,1,3
SF,IH1912,2019-11-12 09:30:58.300,2970.8000,24044,0,197190240.000,0,-,-,-,-,2970.6000,2970.2000,2970.0000,2969.0000,2968.4000,2971.2000,2971.6000,2971.8000,2972.2000,2972.6000,1,2,1,1,1,1,2,1,3,1
SF,IH1912,2019-11-12 09:30:58.800,2970.8000,24044,0,197190240.000,0,-,-,-,-,2970.6000,2970.2000,2970.0000,2969.0000,2968.4000,2971.0000,2971.2000,2971.6000,2971.8000,2972.2000,1,2,1,1,1,1,3,2,1,3
SF,IH1912,2019-11-12 09:30:59.300,2970.8000,24044,0,197190240.000,0,-,-,-,-,2970.6000,2970.2000,2970.0000,2969.0000,2968.4000,2971.0000,2971.2000,2971.6000,2971.8000,2972.2000,1,2,1,1,1,1,3,2,1,3
SF,IH1912,2019-11-12 09:30:59.800,2971.0000,24041,-3,200755380.000,4,0,4,多平,S,2970.2000,2970.0000,2969.0000,2968.4000,2968.2000,2971.6000,2971.8000,2972.2000,2972.6000,2973.0000,2,1,1,1,2,2,1,3,1,2
SF,IH1912,2019-11-12 09:31:00.300,2971.8000,24038,-3,203429760.000,3,0,3,双平,S,2971.8000,2970.4000,2970.2000,2970.0000,2969.0000,2972.2000,2973.0000,2973.6000,2974.0000,2974.2000,1,2,2,1,1,3,2,1,2,1
SF,IH1912,2019-11-12 09:31:00.800,2972.0000,24036,-2,205212900.000,2,0,2,双平,S,2970.4000,2970.2000,2970.0000,2969.0000,2968.4000,2971.6000,2971.8000,2972.0000,2972.2000,2973.0000,1,2,1,1,1,1,2,1,4,2
SF,IH1912,2019-11-12 09:31:01.300,2971.8000,24035,-1,206996040.000,2,0,2,多平,S,2970.6000,2970.4000,2970.2000,2970.0000,2969.0000,2972.2000,2973.0000,2973.6000,2974.0000,2974.2000,7,4,2,1,1,4,2,1,3,1
SF,IH1912,2019-11-12 09:31:01.800,2972.2000,24034,-1,207887700.000,1,0,1,双平,S,2970.8000,2970.6000,2970.4000,2970.2000,2970.0000,2973.0000,2973.6000,2973.8000,2974.0000,2974.2000,4,7,3,2,1,2,1,1,3,1
SF,IH1912,2019-11-12 09:31:02.300,2972.2000,24034,0,207887700.000,0,-,-,-,-,2972.2000,2971.0000,2970.8000,2970.4000,2970.2000,2973.0000,2973.6000,2973.8000,2974.0000,2974.2000,1,9,3,3,2,3,1,1,3,1
SF,IH1912,2019-11-12 09:31:02.800,2972.2000,24034,0,207887700.000,0,-,-,-,-,2972.4000,2972.2000,2971.0000,2970.8000,2970.4000,2973.0000,2973.6000,2973.8000,2974.0000,2974.2000,2,1,5,2,2,2,1,1,3,1
SF,IH1912,2019-11-12 09:31:03.300,2972.4000,24032,-2,209671140.000,2,0,2,双平,S,2972.2000,2971.0000,2970.8000,2970.4000,2970.2000,2972.8000,2973.0000,2973.6000,2973.8000,2974.0000,1,5,2,2,2,1,2,1,1,3
SF,IH1912,2019-11-12 09:31:03.800,2972.2000,24031,-1,210562800.000,1,0,1,双平,S,2971.0000,2970.8000,2970.4000,2970.2000,2970.0000,2972.2000,2972.8000,2973.0000,2973.6000,2973.8000,5,2,2,2,2,1,1,2,1,1
SF,IH1912,2019-11-12 09:31:04.300,2972.2000,24031,0,210562800.000,0,-,-,-,-,2971.6000,2971.2000,2971.0000,2970.8000,2970.4000,2972.2000,2972.8000,2973.0000,2973.6000,2973.8000,2,4,5,2,1,1,1,2,1,1
SF,IH1912,2019-11-12 09:31:04.800,2972.2000,24031,0,210562800.000,0,-,-,-,-,2971.6000,2971.2000,2971.0000,2970.8000,2970.4000,2972.2000,2972.8000,2973.0000,2973.6000,2973.8000,2,3,5,2,1,2,1,2,1,1
SF,IH1912,2019-11-12 09:31:05.300,2972.2000,24031,0,210562800.000,0,-,-,-,-,2971.8000,2971.2000,2971.0000,2970.8000,2970.4000,2972.2000,2972.8000,2973.0000,2973.6000,2973.8000,1,3,5,1,1,2,1,2,1,1
SF,IH1912,2019-11-12 09:31:05.800,2972.2000,24031,0,210562800.000,0,-,-,-,-,2971.2000,2971.0000,2970.8000,2970.4000,2970.2000,2972.2000,2972.8000,2973.0000,2973.6000,2973.8000,2,6,1,1,3,2,1,2,1,1
SF,IH1912,2019-11-12 09:31:06.300,2972.2000,24031,0,210562800.000,0,-,-,-,-,2971.4000,2971.2000,2971.0000,2970.8000,2970.4000,2972.8000,2973.0000,2973.6000,2973.8000,2974.0000,3,2,5,1,1,1,2,1,1,3
SF,IH1912,2019-11-12 09:31:06.800,2972.2000,24031,0,210562800.000,0,-,-,-,-,2971.6000,2971.4000,2971.2000,2971.0000,2970.4000,2972.6000,2972.8000,2973.0000,2973.6000,2973.8000,4,3,3,3,1,1,2,2,1,1
SF,IH1912,2019-11-12 09:31:07.300,2972.2000,24031,0,210562800.000,0,-,-,-,-,2971.8000,2971.6000,2971.4000,2971.2000,2971.0000,2972.8000,2973.0000,2973.6000,2973.8000,2974.0000,1,2,1,3,3,1,2,1,1,3
SF,IH1912,2019-11-12 09:31:07.800,2972.2000,24031,0,210562800.000,0,-,-,-,-,2972.2000,2971.8000,2971.6000,2971.4000,2971.2000,2972.6000,2972.8000,2973.0000,2973.6000,2973.8000,1,1,2,1,2,1,1,2,1,1
SF,IH1912,2019-11-12 09:31:08.300,2972.2000,24031,0,211454460.000,1,0,1,多换,S,2971.8000,2971.6000,2971.2000,2971.0000,2970.4000,2972.8000,2973.0000,2973.6000,2973.8000,2974.0000,1,2,2,1,1,1,2,1,1,3
SF,IH1912,2019-11-12 09:31:08.800,2972.2000,24031,0,211454460.000,0,-,-,-,-,2971.8000,2971.2000,2971.0000,2970.4000,2970.2000,2972.6000,2972.8000,2973.0000,2973.6000,2973.8000,1,1,1,1,3,4,3,2,1,1
SF,IH1912,2019-11-12 09:31:09.300,2972.4000,24031,0,212346180.000,1,0,1,多换,S,2971.2000,2971.0000,2970.4000,2970.2000,2970.0000,2972.6000,2972.8000,2973.0000,2973.6000,2973.8000,1,1,1,3,2,1,2,2,1,1
SF,IH1912,2019-11-12 09:31:09.800,2972.4000,24031,0,212346180.000,0,-,-,-,-,2971.2000,2971.0000,2970.4000,2970.2000,2970.0000,2972.6000,2972.8000,2973.0000,2973.6000,2973.8000,2,1,1,3,2,1,2,2,1,1
SF,IH1912,2019-11-12 09:31:10.300,2972.6000,24030,-1,213237960.000,1,0,1,双平,S,2971.4000,2971.2000,2971.0000,2970.4000,2970.2000,2972.8000,2973.0000,2973.6000,2973.8000,2974.0000,9,2,1,1,3,2,2,1,1,3
SF,IH1912,2019-11-12 09:31:10.800,2972.6000,24030,0,213237960.000,0,-,-,-,-,2971.4000,2971.2000,2971.0000,2970.4000,2970.2000,2972.6000,2972.8000,2973.0000,2973.6000,2973.8000,1,2,1,1,3,3,2,2,1,1
SF,IH1912,2019-11-12 09:31:11.300,2971.4000,24030,0,214129380.000,1,0,1,多换,S,2971.0000,2970.2000,2970.0000,2969.0000,2968.4000,2971.4000,2971.6000,2972.2000,2972.4000,2972.6000,1,3,2,1,1,1,3,1,10,6
SF,IH1912,2019-11-12 09:31:11.800,2971.0000,24030,0,215912100.000,2,1,1,多换,S,2970.2000,2970.0000,2969.0000,2968.4000,2968.2000,2972.4000,2972.6000,2972.8000,2973.0000,2973.6000,3,2,1,1,1,8,2,2,2,1
SF,IH1912,2019-11-12 09:31:12.300,2971.6000,24030,0,216803580.000,1,0,1,多换,S,2970.4000,2970.2000,2970.0000,2969.0000,2968.4000,2971.6000,2972.2000,2972.4000,2972.6000,2972.8000,7,4,2,1,1,2,6,8,2,2
SF,IH1912,2019-11-12 09:31:12.800,2971.6000,24030,0,217695060.000,1,0,1,多换,S,2970.4000,2970.2000,2970.0000,2969.0000,2968.4000,2971.6000,2972.2000,2972.4000,2972.6000,2972.8000,7,4,2,1,1,1,2,8,3,2
SF,IH1912,2019-11-12 09:31:13.300,2971.6000,24030,0,219478020.000,2,1,1,多换,S,2970.4000,2970.2000,2970.0000,2969.0000,2968.4000,2972.2000,2972.4000,2972.6000,2972.8000,2973.6000,5,4,2,1,1,2,8,3,2,1
SF,IH1912,2019-11-12 09:31:13.800,2972.0000,24022,-8,226610580.000,8,0,8,双平,S,2970.4000,2970.2000,2970.0000,2969.0000,2968.4000,2972.0000,2972.2000,2972.6000,2972.8000,2973.0000,4,4,2,1,1,3,3,3,2,1
SF,IH1912,2019-11-12 09:31:14.300,2972.0000,24022,0,226610580.000,0,-,-,-,-,2970.6000,2970.4000,2970.2000,2970.0000,2969.0000,2971.8000,2972.0000,2972.2000,2972.6000,2972.8000,3,4,4,2,1,1,1,3,2,2
SF,IH1912,2019-11-12 09:31:14.800,2972.0000,24022,0,226610580.000,0,-,-,-,-,2970.8000,2970.6000,2970.4000,2970.2000,2970.0000,2971.8000,2972.0000,2972.2000,2972.6000,2972.8000,1,2,3,4,2,1,1,3,2,1
SF,IH1912,2019-11-12 09:31:15.300,2971.6000,24022,0,228393540.000,2,1,1,多换,S,2970.8000,2970.6000,2970.2000,2970.0000,2969.0000,2971.6000,2971.8000,2972.0000,2972.2000,2972.6000,1,1,4,2,1,3,1,1,3,1
SF,IH1912,2019-11-12 09:31:15.800,2971.6000,24022,0,228393540.000,0,-,-,-,-,2970.8000,2970.6000,2970.2000,2970.0000,2969.0000,2971.4000,2971.6000,2971.8000,2972.0000,2972.2000,1,1,4,2,1,1,3,1,1,2
SF,IH1912,2019-11-12 09:31:16.300,2971.6000,24022,0,228393540.000,0,-,-,-,-,2970.8000,2970.6000,2970.2000,2970.0000,2969.0000,2971.2000,2971.4000,2971.6000,2971.8000,2972.0000,1,1,4,2,1,2,1,3,1,1
SF,IH1912,2019-11-12 09:31:16.800,2970.8000,24021,-1,229284780.000,1,0,1,双平,S,2970.2000,2970.0000,2969.6000,2969.0000,2968.4000,2971.2000,2971.4000,2971.6000,2971.8000,2972.0000,4,2,1,1,1,3,1,3,1,1
SF,IH1912,2019-11-12 09:31:17.300,2970.8000,24021,0,229284780.000,0,-,-,-,-,2970.2000,2970.0000,2969.0000,2968.4000,2968.2000,2970.8000,2971.2000,2971.4000,2971.6000,2971.8000,3,3,1,1,1,1,3,1,3,1
SF,IH1912,2019-11-12 09:31:17.800,2970.8000,24021,0,229284780.000,0,-,-,-,-,2970.2000,2970.0000,2969.0000,2968.4000,2968.2000,2971.2000,2971.4000,2971.6000,2971.8000,2972.0000,3,4,1,1,1,3,1,3,1,1
SF,IH1912,2019-11-12 09:31:18.300,2970.8000,24021,0,229284780.000,0,-,-,-,-,2970.4000,2970.2000,2970.0000,2969.0000,2968.4000,2971.0000,2971.2000,2971.4000,2971.6000,2971.8000,1,3,4,1,1,1,3,1,3,1
SF,IH1912,2019-11-12 09:31:18.800,2970.8000,24021,0,229284780.000,0,-,-,-,-,2971.0000,2970.6000,2970.4000,2970.2000,2970.0000,2971.2000,2971.6000,2971.8000,2972.0000,2972.2000,2,1,1,3,4,1,1,1,1,2
SF,IH1912,2019-11-12 09:31:19.300,2970.8000,24021,0,229284780.000,0,-,-,-,-,2971.0000,2970.2000,2970.0000,2969.0000,2968.4000,2971.6000,2971.8000,2972.0000,2972.2000,2972.6000,1,3,4,1,1,1,1,2,2,1
SF,IH1912,2019-11-12 09:31:19.800,2970.8000,24021,0,229284780.000,0,-,-,-,-,2971.0000,2970.2000,2970.0000,2969.0000,2968.4000,2971.8000,2972.0000,2972.2000,2972.6000,2972.8000,2,3,4,1,1,1,2,2,1,1
SF,IH1912,2019-11-12 09:31:20.300,2971.0000,24020,-1,230176080.000,1,0,1,双平,S,2971.0000,2970.2000,2970.0000,2969.0000,2968.4000,2971.6000,2971.8000,2972.0000,2972.2000,2972.6000,3,3,4,1,1,1,1,2,2,1
SF,IH1912,2019-11-12 09:31:20.800,2971.2000,24018,-2,231958920.000,2,0,2,双平,S,2971.2000,2971.0000,2970.2000,2970.0000,2969.0000,2972.0000,2972.2000,2972.6000,2972.8000,2973.0000,1,2,3,4,1,2,1,1,1,2
SF,IH1912,2019-11-12 09:31:21.300,2971.2000,24017,-1,232850280.000,1,0,1,双平,S,2971.2000,2971.0000,2970.2000,2970.0000,2969.0000,2972.0000,2972.2000,2972.6000,2972.8000,2973.0000,2,2,3,4,1,2,1,1,1,2
SF,IH1912,2019-11-12 09:31:21.800,2971.2000,24017,0,232850280.000,0,-,-,-,-,2971.2000,2971.0000,2970.2000,2970.0000,2969.0000,2972.0000,2972.2000,2972.6000,2972.8000,2973.0000,2,2,2,4,1,2,1,1,1,1
SF,IH1912,2019-11-12 09:31:22.300,2971.2000,24017,0,232850280.000,0,-,-,-,-,2971.2000,2971.0000,2970.8000,2970.2000,2970.0000,2971.8000,2972.0000,2972.2000,2972.6000,2972.8000,4,2,1,2,4,1,2,1,1,1
SF,IH1912,2019-11-12 09:31:22.800,2972.0000,24016,-1,234633420.000,2,0,2,多平,S,2971.4000,2971.2000,2971.0000,2970.8000,2970.2000,2972.0000,2972.2000,2972.6000,2972.8000,2973.0000,1,3,2,1,2,1,1,1,1,1
SF,IH1912,2019-11-12 09:31:23.300,2972.0000,24016,0,234633420.000,0,-,-,-,-,2971.6000,2971.4000,2971.2000,2971.0000,2970.8000,2972.0000,2972.2000,2972.6000,2972.8000,2973.0000,1,1,3,3,1,1,1,1,1,1
SF,IH1912,2019-11-12 09:31:23.800,2972.0000,24016,0,234633420.000,0,-,-,-,-,2971.4000,2971.2000,2971.0000,2970.8000,2970.2000,2972.0000,2972.2000,2972.6000,2972.8000,2973.0000,1,3,3,1,2,1,1,1,1,1
SF,IH1912,2019-11-12 09:31:24.300,2971.4000,24015,-1,235524840.000,1,0,1,双平,S,2971.2000,2971.0000,2970.8000,2970.2000,2970.0000,2971.4000,2972.0000,2972.2000,2972.6000,2972.8000,3,3,1,2,4,1,1,1,1,1
SF,IH1912,2019-11-12 09:31:24.800,2971.0000,24012,-3,239981520.000,5,1,4,多平,S,2970.8000,2970.2000,2970.0000,2969.0000,2968.4000,2971.2000,2972.0000,2972.2000,2972.6000,2972.8000,1,2,4,1,1,1,1,1,1,1
SF,IH1912,2019-11-12 09:31:25.300,2971.2000,24011,-1,240872880.000,1,0,1,双平,S,2970.8000,2970.2000,2970.0000,2969.0000,2968.4000,2971.0000,2972.0000,2972.2000,2972.6000,2972.8000,1,2,4,1,1,1,1,1,1,1
SF,IH1912,2019-11-12 09:31:25.800,2971.0000,24010,-1,241764180.000,1,0,1,双平,S,2970.8000,2970.2000,2970.0000,2969.0000,2968.4000,2972.0000,2972.2000,2972.6000,2972.8000,2973.0000,1,2,4,1,1,1,1,1,1,1
SF,IH1912,2019-11-12 09:31:26.300,2971.0000,24010,0,241764180.000,0,-,-,-,-,2970.8000,2970.2000,2970.0000,2969.0000,2968.4000,2971.8000,2972.0000,2972.2000,2972.6000,2972.8000,1,2,4,1,1,3,2,2,1,1
SF,IH1912,2019-11-12 09:31:26.800,2971.0000,24010,0,241764180.000,0,-,-,-,-,2970.8000,2970.2000,2970.0000,2969.0000,2968.4000,2971.8000,2972.0000,2972.2000,2972.6000,2972.8000,1,2,4,1,1,3,1,2,1,1
SF,IH1912,2019-11-12 09:31:27.300,2971.0000,24010,0,241764180.000,0,-,-,-,-,2971.0000,2970.8000,2970.2000,2970.0000,2969.0000,2971.8000,2972.0000,2972.2000,2972.6000,2972.8000,1,1,2,3,1,3,1,2,1,1
SF,IH1912,2019-11-12 09:31:27.800,2971.0000,24010,0,241764180.000,0,-,-,-,-,2971.0000,2970.8000,2970.2000,2970.0000,2969.0000,2971.8000,2972.0000,2972.2000,2972.6000,2972.8000,1,1,2,3,1,1,1,2,1,1
SF,IH1912,2019-11-12 09:31:28.300,2971.0000,24010,0,241764180.000,0,-,-,-,-,2971.0000,2970.8000,2970.4000,2970.2000,2970.0000,2971.8000,2972.0000,2972.2000,2972.6000,2972.8000,1,1,1,2,3,1,1,2,1,1
SF,IH1912,2019-11-12 09:31:28.800,2971.0000,24010,0,241764180.000,0,-,-,-,-,2971.0000,2970.8000,2970.4000,2970.2000,2970.0000,2971.8000,2972.0000,2972.2000,2972.6000,2972.8000,1,1,1,2,3,1,2,2,1,2
SF,IH1912,2019-11-12 09:31:30.800,2971.0000,24010,0,241764180.000,0,-,-,-,-,2971.0000,2970.8000,2970.4000,2970.2000,2970.0000,2971.6000,2971.8000,2972.0000,2972.2000,2972.6000,1,1,1,2,3,1,1,2,2,1
SF,IH1912,2019-11-12 09:31:31.300,2970.8000,24008,-2,243546720.000,2,0,2,双平,S,2970.4000,2970.2000,2970.0000,2969.0000,2968.4000,2970.8000,2971.2000,2971.4000,2971.6000,2971.8000,1,2,3,1,1,1,2,7,2,1
SF,IH1912,2019-11-12 09:31:31.800,2970.8000,24007,-1,244437960.000,1,0,1,双平,S,2970.8000,2970.4000,2970.2000,2970.0000,2969.0000,2971.6000,2972.0000,2972.2000,2972.6000,2972.8000,1,1,2,3,1,1,2,2,1,4
SF,IH1912,2019-11-12 09:31:32.300,2970.8000,24007,0,244437960.000,0,-,-,-,-,2970.8000,2970.4000,2970.2000,2970.0000,2969.0000,2971.4000,2971.6000,2972.0000,2972.2000,2972.6000,1,1,2,3,1,6,2,2,2,1
SF,IH1912,2019-11-12 09:31:32.800,2970.8000,24007,0,244437960.000,0,-,-,-,-,2970.4000,2970.2000,2970.0000,2969.0000,2968.4000,2971.4000,2971.6000,2972.0000,2972.2000,2972.6000,1,2,2,1,1,6,2,2,2,1
SF,IH1912,2019-11-12 09:31:33.300,2970.8000,24007,0,244437960.000,0,-,-,-,-,2970.8000,2970.6000,2970.4000,2970.2000,2970.0000,2971.2000,2971.4000,2972.0000,2972.2000,2972.6000,1,5,1,2,2,1,1,2,2,1
SF,IH1912,2019-11-12 09:31:33.800,2971.2000,24005,-2,246220680.000,2,0,2,双平,S,2970.8000,2970.4000,2970.2000,2970.0000,2969.0000,2971.0000,2971.2000,2971.4000,2972.0000,2972.2000,1,1,2,2,1,2,2,1,2,2
SF,IH1912,2019-11-12 09:31:34.300,2970.8000,24004,-1,248003220.000,2,0,2,多平,S,2970.4000,2970.2000,2970.0000,2969.0000,2968.4000,2970.8000,2971.4000,2972.0000,2972.2000,2972.8000,1,2,2,1,1,1,1,2,1,2
SF,IH1912,2019-11-12 09:31:34.800,2970.8000,24004,0,248894460.000,1,0,1,多换,S,2970.4000,2970.2000,2970.0000,2969.0000,2968.4000,2972.0000,2972.2000,2972.8000,2973.0000,2973.8000,1,2,2,1,1,2,1,2,1,1
SF,IH1912,2019-11-12 09:31:35.300,2970.8000,24004,0,248894460.000,0,-,-,-,-,2970.6000,2970.4000,2970.2000,2970.0000,2969.0000,2971.2000,2971.6000,2971.8000,2972.0000,2972.2000,1,1,2,2,1,2,1,11,2,3
SF,IH1912,2019-11-12 09:31:35.800,2970.8000,24004,0,248894460.000,0,-,-,-,-,2970.6000,2970.4000,2970.2000,2970.0000,2969.0000,2971.2000,2971.6000,2971.8000,2972.0000,2972.2000,1,1,2,2,1,2,1,6,2,3
SF,IH1912,2019-11-12 09:31:36.300,2970.8000,24004,0,248894460.000,0,-,-,-,-,2970.6000,2970.4000,2970.2000,2970.0000,2969.0000,2971.2000,2971.6000,2971.8000,2972.0000,2972.2000,2,3,2,2,1,2,1,6,2,3
SF,IH1912,2019-11-12 09:31:36.800,2970.8000,24004,0,248894460.000,0,-,-,-,-,2970.6000,2970.4000,2970.2000,2970.0000,2969.0000,2971.2000,2971.6000,2971.8000,2972.0000,2972.2000,1,3,2,2,1,2,1,6,2,3
SF,IH1912,2019-11-12 09:31:37.300,2970.8000,24004,0,248894460.000,0,-,-,-,-,2970.8000,2970.6000,2970.4000,2970.2000,2970.0000,2971.0000,2971.2000,2971.6000,2971.8000,2972.0000,1,1,3,2,2,2,2,1,6,2
SF,IH1912,2019-11-12 09:31:37.800,2970.8000,24005,1,249785700.000,1,1,0,双开,S,2970.6000,2970.4000,2970.2000,2970.0000,2969.0000,2971.0000,2971.2000,2971.6000,2971.8000,2972.0000,1,3,2,2,1,1,2,1,6,2
SF,IH1912,2019-11-12 09:31:38.300,2970.8000,24005,0,249785700.000,0,-,-,-,-,2970.6000,2970.4000,2970.2000,2970.0000,2969.0000,2971.0000,2971.2000,2971.6000,2971.8000,2972.0000,1,3,2,2,1,1,2,1,6,2
SF,IH1912,2019-11-12 09:31:38.800,2970.8000,24005,0,249785700.000,0,-,-,-,-,2970.6000,2970.4000,2970.2000,2970.0000,2969.0000,2971.0000,2971.2000,2971.6000,2971.8000,2972.0000,1,4,2,2,1,1,2,1,6,2
SF,IH1912,2019-11-12 09:31:40.800,2970.8000,24005,0,249785700.000,0,-,-,-,-,2970.6000,2970.4000,2970.2000,2970.0000,2969.0000,2971.0000,2971.2000,2971.6000,2971.8000,2972.0000,1,4,2,2,1,1,2,1,6,3
SF,IH1912,2019-11-12 09:31:41.300,2970.8000,24005,0,249785700.000,0,-,-,-,-,2970.6000,2970.4000,2970.2000,2970.0000,2969.0000,2971.2000,2971.6000,2971.8000,2972.0000,2972.2000,1,4,2,2,1,2,1,6,3,4
SF,IH1912,2019-11-12 09:31:42.300,2970.8000,24005,0,249785700.000,0,-,-,-,-,2970.6000,2970.4000,2970.2000,2970.0000,2969.0000,2971.0000,2971.2000,2971.6000,2971.8000,2972.0000,1,4,2,2,1,1,2,1,6,3
SF,IH1912,2019-11-12 09:31:42.800,2970.8000,24005,0,249785700.000,0,-,-,-,-,2970.6000,2970.4000,2970.2000,2970.0000,2969.0000,2971.0000,2971.2000,2971.6000,2971.8000,2972.0000,1,4,2,2,1,1,2,1,6,3
SF,IH1912,2019-11-12 09:31:43.300,2970.8000,24005,0,249785700.000,0,-,-,-,-,2970.6000,2970.4000,2970.2000,2970.0000,2969.0000,2971.0000,2971.2000,2971.6000,2971.8000,2972.0000,1,4,2,2,1,1,2,1,6,3
SF,IH1912,2019-11-12 09:31:43.800,2970.8000,24005,0,249785700.000,0,-,-,-,-,2970.6000,2970.4000,2970.2000,2970.0000,2969.0000,2971.0000,2971.2000,2971.6000,2971.8000,2972.0000,1,4,2,2,1,2,2,1,6,3
SF,IH1912,2019-11-12 09:31:45.800,2970.6000,24004,-1,250676880.000,1,0,1,双平,S,2970.4000,2970.2000,2970.0000,2969.0000,2968.8000,2971.0000,2971.2000,2971.6000,2971.8000,2972.0000,4,2,2,1,1,2,2,1,6,3
SF,IH1912,2019-11-12 09:31:46.300,2970.4000,24005,1,251568000.000,1,1,0,双开,S,2970.4000,2970.2000,2970.0000,2969.0000,2968.8000,2970.8000,2971.0000,2971.2000,2971.6000,2971.8000,3,2,2,1,1,1,2,2,1,6
SF,IH1912,2019-11-12 09:31:47.800,2970.4000,24005,0,251568000.000,0,-,-,-,-,2970.4000,2970.2000,2970.0000,2969.0000,2968.8000,2970.8000,2971.0000,2971.2000,2971.6000,2971.8000,3,2,2,1,1,1,2,2,1,6
SF,IH1912,2019-11-12 09:31:48.300,2970.8000,24004,-1,252459240.000,1,0,1,双平,S,2970.4000,2970.2000,2970.0000,2969.0000,2968.8000,2971.0000,2971.2000,2971.6000,2971.8000,2972.0000,3,2,2,1,1,2,2,1,6,3
SF,IH1912,2019-11-12 09:31:49.300,2971.0000,24003,-1,253350540.000,1,0,1,双平,S,2971.0000,2970.6000,2970.4000,2970.2000,2970.0000,2971.2000,2971.6000,2971.8000,2972.0000,2972.2000,1,1,3,2,2,2,1,6,3,2
SF,IH1912,2019-11-12 09:31:49.800,2971.0000,24003,0,253350540.000,0,-,-,-,-,2971.0000,2970.6000,2970.4000,2970.2000,2970.0000,2971.2000,2971.6000,2971.8000,2972.0000,2972.2000,1,1,3,2,2,2,1,6,3,2
SF,IH1912,2019-11-12 09:31:50.300,2971.0000,24002,-1,254241840.000,1,0,1,双平,S,2970.6000,2970.4000,2970.2000,2970.0000,2969.0000,2970.8000,2971.0000,2971.2000,2971.6000,2971.8000,1,3,2,2,1,1,1,2,1,6
SF,IH1912,2019-11-12 09:31:50.800,2971.0000,24002,0,254241840.000,0,-,-,-,-,2970.4000,2970.2000,2970.0000,2969.0000,2968.8000,2971.0000,2971.2000,2971.6000,2971.8000,2972.0000,3,2,2,1,1,1,2,1,6,3
SF,IH1912,2019-11-12 09:31:51.300,2970.4000,23999,-3,256915200.000,3,0,3,双平,S,2970.2000,2970.0000,2969.0000,2968.8000,2968.4000,2970.6000,2970.8000,2971.0000,2971.2000,2971.8000,2,2,1,1,1,4,4,2,2,4
SF,IH1912,2019-11-12 09:31:51.800,2970.2000,23998,-1,258697320.000,2,0,2,多平,S,2970.0000,2969.0000,2968.8000,2968.4000,2968.2000,2970.4000,2970.6000,2970.8000,2971.0000,2971.2000,2,1,1,1,1,2,4,1,2,2
SF,IH1912,2019-11-12 09:31:52.300,2970.0000,23998,0,260479320.000,2,1,1,多换,S,2969.0000,2968.8000,2968.4000,2968.2000,2968.0000,2970.0000,2970.4000,2970.6000,2970.8000,2971.0000,1,1,1,1,2,1,2,4,1,2
SF,IH1912,2019-11-12 09:31:52.800,2970.0000,23997,-1,261370320.000,1,0,1,双平,S,2969.4000,2969.2000,2969.0000,2968.8000,2968.4000,2970.4000,2970.6000,2971.0000,2971.2000,2971.8000,1,6,2,2,1,2,4,2,2,4
SF,IH1912,2019-11-12 09:31:53.300,2970.0000,23997,0,261370320.000,0,-,-,-,-,2969.2000,2969.0000,2968.8000,2968.4000,2968.2000,2970.2000,2970.4000,2970.6000,2971.0000,2971.2000,1,2,1,1,1,3,4,6,2,2
SF,IH1912,2019-11-12 09:31:53.800,2969.2000,23996,-1,262261080.000,1,0,1,双平,S,2969.0000,2968.8000,2968.4000,2968.2000,2968.0000,2970.0000,2970.2000,2970.4000,2970.6000,2971.0000,1,1,1,1,2,7,3,1,6,2
SF,IH1912,2019-11-12 09:31:54.300,2969.2000,23996,0,262261080.000,0,-,-,-,-,2969.0000,2968.8000,2968.4000,2968.2000,2968.0000,2969.8000,2970.2000,2970.4000,2970.6000,2971.0000,1,1,1,1,2,3,2,1,4,2
SF,IH1912,2019-11-12 09:31:54.800,2969.2000,23996,0,262261080.000,0,-,-,-,-,2969.2000,2969.0000,2968.8000,2968.4000,2968.2000,2969.8000,2970.2000,2970.4000,2970.6000,2971.0000,1,1,1,1,1,1,2,1,4,2
SF,IH1912,2019-11-12 09:31:55.300,2969.2000,23996,0,262261080.000,0,-,-,-,-,2969.0000,2968.8000,2968.4000,2968.2000,2968.0000,2969.8000,2970.2000,2970.4000,2970.6000,2971.0000,1,1,1,1,2,1,2,3,4,1
SF,IH1912,2019-11-12 09:31:55.800,2970.2000,23996,0,264043080.000,2,1,1,多换,S,2969.6000,2969.4000,2969.2000,2969.0000,2968.8000,2970.4000,2970.6000,2971.0000,2971.2000,2971.8000,1,1,8,2,2,2,4,1,2,3
SF,IH1912,2019-11-12 09:31:56.300,2969.8000,23996,0,264934020.000,1,0,1,多换,S,2969.6000,2969.2000,2969.0000,2968.8000,2968.4000,2970.0000,2970.2000,2970.6000,2971.0000,2971.2000,1,3,1,1,1,1,3,4,1,2
SF,IH1912,2019-11-12 09:31:56.800,2970.0000,23995,-1,265825020.000,1,0,1,双平,S,2970.2000,2969.8000,2969.6000,2969.2000,2969.0000,2970.6000,2971.0000,2971.2000,2971.8000,2972.0000,1,2,1,3,1,4,3,2,3,3
SF,IH1912,2019-11-12 09:31:57.300,2970.0000,23995,0,265825020.000,0,-,-,-,-,2969.8000,2969.6000,2969.0000,2968.8000,2968.4000,2970.4000,2970.6000,2971.0000,2971.2000,2971.6000,1,1,1,1,1,2,4,3,2,3
SF,IH1912,2019-11-12 09:31:57.800,2969.8000,23995,0,266715960.000,1,0,1,多换,S,2969.6000,2969.0000,2968.8000,2968.4000,2968.2000,2970.4000,2970.6000,2971.0000,2971.2000,2971.8000,1,1,2,1,1,2,4,1,2,3
SF,IH1912,2019-11-12 09:31:58.300,2970.4000,23994,-1,267607080.000,1,0,1,双平,S,2969.6000,2969.4000,2969.0000,2968.8000,2968.4000,2970.4000,2970.6000,2971.0000,2971.2000,2971.8000,1,1,1,2,1,1,4,1,3,3
SF,IH1912,2019-11-12 09:31:58.800,2970.6000,23992,-2,269389380.000,2,0,2,双平,S,2970.0000,2969.8000,2969.6000,2969.0000,2968.8000,2970.6000,2971.0000,2971.2000,2971.8000,2972.0000,1,2,1,1,2,3,1,2,3,3
SF,IH1912,2019-11-12 09:31:59.300,2970.6000,23992,0,269389380.000,0,-,-,-,-,2970.0000,2969.8000,2969.0000,2968.8000,2968.4000,2970.6000,2971.0000,2971.2000,2971.8000,2972.0000,1,1,1,2,1,3,1,2,3,3
SF,IH1912,2019-11-12 09:31:59.800,2970.0000,23991,-1,270280380.000,1,0,1,双平,S,2969.8000,2969.0000,2968.8000,2968.4000,2968.2000,2970.6000,2971.0000,2971.2000,2971.8000,2972.0000,1,1,2,1,1,3,1,2,3,3
SF,IH1912,2019-11-12 09:32:00.300,2970.0000,23991,0,270280380.000,0,-,-,-,-,2969.8000,2969.0000,2968.8000,2968.4000,2968.2000,2970.4000,2970.6000,2971.0000,2971.2000,2971.8000,2,1,2,1,1,1,3,1,2,3
SF,IH1912,2019-11-12 09:32:00.800,2970.0000,23991,0,271171380.000,1,0,1,多换,S,2969.8000,2969.0000,2968.8000,2968.4000,2968.2000,2970.2000,2970.6000,2971.0000,2971.2000,2971.8000,2,1,2,1,1,2,3,1,2,3
SF,IH1912,2019-11-12 09:32:01.300,2970.2000,23990,-1,272062440.000,1,0,1,双平,S,2969.8000,2969.0000,2968.8000,2968.4000,2968.2000,2970.2000,2970.6000,2971.0000,2971.2000,2971.8000,2,1,2,1,1,1,3,1,2,3
SF,IH1912,2019-11-12 09:32:01.800,2970.2000,23990,0,272062440.000,0,-,-,-,-,2969.8000,2969.0000,2968.8000,2968.4000,2968.2000,2970.6000,2971.0000,2971.2000,2971.8000,2972.0000,2,1,2,1,1,3,1,2,3,3
SF,IH1912,2019-11-12 09:32:02.300,2969.8000,23990,0,272953380.000,1,0,1,多换,S,2969.8000,2969.0000,2968.8000,2968.4000,2968.2000,2970.4000,2970.6000,2971.0000,2971.2000,2971.8000,1,1,2,1,1,3,3,1,2,3
SF,IH1912,2019-11-12 09:32:02.800,2969.8000,23990,0,272953380.000,0,-,-,-,-,2969.8000,2969.0000,2968.8000,2968.4000,2968.2000,2970.4000,2970.6000,2971.0000,2971.2000,2971.8000,1,1,2,1,1,2,3,1,2,3
SF,IH1912,2019-11-12 09:32:03.300,2969.8000,23991,1,273844320.000,1,1,0,双开,S,2969.0000,2968.8000,2968.4000,2968.2000,2968.0000,2970.4000,2970.6000,2971.0000,2971.2000,2971.8000,1,2,1,1,2,2,3,1,2,3
SF,IH1912,2019-11-12 09:32:03.800,2969.8000,23991,0,273844320.000,0,-,-,-,-,2969.2000,2969.0000,2968.8000,2968.4000,2968.2000,2970.4000,2970.6000,2971.0000,2971.2000,2971.8000,2,1,2,1,1,2,3,1,2,3
SF,IH1912,2019-11-12 09:32:04.300,2969.8000,23991,0,273844320.000,0,-,-,-,-,2969.4000,2969.2000,2969.0000,2968.8000,2968.4000,2970.4000,2970.6000,2971.0000,2971.2000,2971.8000,1,2,1,2,1,1,3,1,2,3
SF,IH1912,2019-11-12 09:32:04.800,2969.6000,23992,1,274735200.000,1,1,0,双开,S,2969.4000,2969.2000,2969.0000,2968.8000,2968.4000,2970.4000,2970.6000,2971.0000,2971.2000,2971.8000,2,2,1,2,1,1,3,1,2,3
SF,IH1912,2019-11-12 09:32:05.300,2969.6000,23992,0,274735200.000,0,-,-,-,-,2969.6000,2969.4000,2969.2000,2969.0000,2968.8000,2970.4000,2970.6000,2971.0000,2971.2000,2971.8000,1,2,1,1,2,1,3,1,2,3
SF,IH1912,2019-11-12 09:32:05.800,2969.6000,23992,0,275626080.000,1,0,1,多换,S,2969.4000,2969.2000,2969.0000,2968.8000,2968.4000,2970.4000,2970.6000,2971.0000,2971.2000,2971.8000,1,1,1,3,1,1,4,1,2,3
SF,IH1912,2019-11-12 09:32:06.300,2970.2000,23992,0,276517140.000,1,0,1,多换,S,2969.4000,2969.2000,2969.0000,2968.8000,2968.4000,2970.2000,2970.4000,2970.6000,2970.8000,2971.0000,1,1,2,2,1,1,1,3,1,1
SF,IH1912,2019-11-12 09:32:06.800,2970.2000,23991,-1,277408200.000,1,0,1,双平,S,2969.6000,2969.4000,2969.2000,2969.0000,2968.8000,2970.4000,2970.6000,2971.0000,2971.2000,2971.8000,2,2,1,1,2,1,3,1,2,3
SF,IH1912,2019-11-12 09:32:07.300,2970.2000,23991,0,277408200.000,0,-,-,-,-,2969.6000,2969.4000,2969.2000,2969.0000,2968.8000,2970.4000,2970.6000,2971.0000,2971.2000,2971.6000,2,1,1,1,2,1,3,1,2,2
SF,IH1912,2019-11-12 09:32:07.800,2970.2000,23991,0,277408200.000,0,-,-,-,-,2969.6000,2969.4000,2969.2000,2969.0000,2968.8000,2970.4000,2970.6000,2971.0000,2971.2000,2971.6000,1,1,1,1,2,1,3,1,2,2
SF,IH1912,2019-11-12 09:32:08.300,2970.2000,23991,0,277408200.000,0,-,-,-,-,2969.4000,2969.2000,2969.0000,2968.8000,2968.4000,2969.6000,2970.4000,2970.6000,2971.0000,2971.2000,2,1,1,2,1,1,1,3,1,2
SF,IH1912,2019-11-12 09:32:08.800,2969.6000,23990,-1,278299080.000,1,0,1,双平,S,2969.6000,2969.4000,2969.2000,2969.0000,2968.8000,2970.6000,2971.0000,2971.2000,2971.6000,2971.8000,3,2,1,1,2,3,1,2,5,3
SF,IH1912,2019-11-12 09:32:09.300,2969.6000,23990,0,278299080.000,0,-,-,-,-,2969.4000,2969.2000,2969.0000,2968.8000,2968.4000,2970.4000,2970.6000,2971.0000,2971.2000,2971.6000,2,1,1,2,1,5,4,1,2,3
SF,IH1912,2019-11-12 09:32:09.800,2969.6000,23990,0,278299080.000,0,-,-,-,-,2969.6000,2969.4000,2969.2000,2969.0000,2968.8000,2970.4000,2970.6000,2971.0000,2971.2000,2971.6000,1,2,1,1,2,5,4,1,2,3
SF,IH1912,2019-11-12 09:32:10.800,2969.6000,23990,0,278299080.000,0,-,-,-,-,2969.6000,2969.4000,2969.2000,2969.0000,2968.8000,2970.4000,2970.6000,2971.0000,2971.2000,2971.6000,1,2,1,1,2,4,3,1,2,3
SF,IH1912,2019-11-12 09:32:11.300,2969.6000,23990,0,278299080.000,0,-,-,-,-,2969.6000,2969.4000,2969.2000,2969.0000,2968.8000,2970.4000,2970.6000,2971.0000,2971.2000,2971.6000,1,2,1,1,2,2,3,1,2,3
SF,IH1912,2019-11-12 09:32:11.800,2970.6000,23988,-2,280081380.000,2,0,2,双平,S,2969.8000,2969.6000,2969.4000,2969.2000,2969.0000,2970.6000,2971.0000,2971.2000,2971.8000,2972.0000,1,1,2,1,1,2,1,2,3,2
SF,IH1912,2019-11-12 09:32:12.300,2970.6000,23988,0,280972560.000,1,0,1,多换,S,2969.8000,2969.6000,2969.4000,2969.0000,2968.8000,2970.6000,2971.0000,2971.2000,2971.8000,2972.0000,2,1,2,1,2,1,1,2,3,2
SF,IH1912,2019-11-12 09:32:12.800,2970.6000,23987,-1,281863740.000,1,0,1,双平,S,2970.0000,2969.8000,2969.6000,2969.4000,2969.0000,2971.0000,2971.2000,2971.4000,2971.8000,2972.0000,1,2,1,2,1,1,2,2,3,2
SF,IH1912,2019-11-12 09:32:13.300,2970.6000,23987,0,281863740.000,0,-,-,-,-,2970.4000,2970.2000,2970.0000,2969.8000,2969.6000,2971.0000,2971.2000,2971.4000,2971.8000,2972.0000,1,1,1,1,1,1,2,2,3,5
SF,IH1912,2019-11-12 09:32:13.800,2970.4000,23987,0,282754860.000,1,0,1,多换,S,2970.0000,2969.8000,2969.6000,2969.4000,2969.0000,2971.0000,2971.2000,2971.8000,2972.0000,2972.2000,1,1,1,2,1,1,2,5,5,1
SF,IH1912,2019-11-12 09:32:14.300,2970.4000,23987,0,282754860.000,0,-,-,-,-,2970.2000,2970.0000,2969.8000,2969.6000,2969.4000,2971.0000,2971.2000,2971.8000,2972.0000,2972.2000,1,1,1,1,2,1,2,5,5,1
SF,IH1912,2019-11-12 09:32:15.300,2970.4000,23987,0,282754860.000,0,-,-,-,-,2970.2000,2970.0000,2969.8000,2969.6000,2969.4000,2970.8000,2971.0000,2971.2000,2971.8000,2972.0000,1,1,1,1,2,1,1,2,5,5
SF,IH1912,2019-11-12 09:32:15.800,2970.4000,23987,0,282754860.000,0,-,-,-,-,2970.0000,2969.6000,2969.4000,2969.0000,2968.8000,2970.6000,2970.8000,2971.0000,2971.2000,2971.8000,1,1,2,2,2,1,1,1,2,5
SF,IH1912,2019-11-12 09:32:16.300,2970.0000,23986,-1,283645860.000,1,0,1,双平,S,2969.6000,2969.4000,2969.0000,2968.8000,2968.4000,2970.6000,2970.8000,2971.0000,2971.2000,2971.4000,1,2,2,2,1,1,1,1,2,3
SF,IH1912,2019-11-12 09:32:16.800,2970.0000,23986,0,283645860.000,0,-,-,-,-,2969.8000,2969.6000,2969.4000,2969.0000,2968.8000,2970.4000,2970.8000,2971.0000,2971.2000,2971.4000,1,2,2,2,2,1,1,1,2,3
SF,IH1912,2019-11-12 09:32:17.300,2970.4000,23986,0,284536980.000,1,0,1,多换,S,2969.8000,2969.6000,2969.4000,2969.0000,2968.8000,2970.8000,2971.0000,2971.2000,2971.4000,2971.8000,1,1,2,2,2,1,1,2,3,5
SF,IH1912,2019-11-12 09:32:17.800,2970.4000,23986,0,284536980.000,0,-,-,-,-,2970.0000,2969.8000,2969.6000,2969.4000,2969.0000,2970.6000,2970.8000,2971.0000,2971.2000,2971.4000,1,2,1,2,2,1,1,1,2,3
SF,IH1912,2019-11-12 09:32:18.300,2970.8000,23987,1,286319400.000,2,1,1,空开,S,2970.6000,2970.2000,2970.0000,2969.8000,2969.6000,2971.2000,2971.8000,2972.0000,2972.2000,2972.6000,2,1,1,1,1,2,4,3,1,1
SF,IH1912,2019-11-12 09:32:18.800,2971.2000,23988,1,288102120.000,2,1,1,空开,S,2971.2000,2970.8000,2970.6000,2969.8000,2969.6000,2971.8000,2972.0000,2972.2000,2972.6000,2972.8000,1,2,1,1,1,4,3,1,1,2
SF,IH1912,2019-11-12 09:32:19.300,2971.8000,23986,-2,291668280.000,4,1,3,多平,S,2971.8000,2971.4000,2971.2000,2970.8000,2970.6000,2972.0000,2972.2000,2972.6000,2972.8000,2973.0000,1,1,1,1,1,3,1,1,1,1
SF,IH1912,2019-11-12 09:32:19.800,2971.8000,23985,-1,296126220.000,5,2,3,多平,S,2971.4000,2971.2000,2970.6000,2969.8000,2969.6000,2972.2000,2972.6000,2972.8000,2973.0000,2973.8000,1,1,1,1,1,1,1,1,1,1
SF,IH1912,2019-11-12 09:32:20.300,2972.2000,23984,-1,297017880.000,1,0,1,双平,S,2971.6000,2971.4000,2971.2000,2970.6000,2969.6000,2972.6000,2972.8000,2973.0000,2973.8000,2974.0000,15,2,1,1,1,1,1,1,1,2
SF,IH1912,2019-11-12 09:32:20.800,2972.2000,23984,0,297017880.000,0,-,-,-,-,2971.8000,2971.6000,2971.4000,2971.2000,2970.6000,2972.6000,2972.8000,2973.0000,2973.8000,2974.0000,6,15,1,1,1,1,1,1,1,2
SF,IH1912,2019-11-12 09:32:21.300,2972.2000,23984,0,297017880.000,0,-,-,-,-,2972.0000,2971.8000,2971.4000,2971.2000,2970.6000,2972.4000,2972.6000,2972.8000,2973.0000,2973.8000,4,5,1,1,1,1,1,1,1,1
SF,IH1912,2019-11-12 09:32:21.800,2972.4000,23982,-2,298801320.000,2,0,2,双平,S,2972.2000,2972.0000,2971.8000,2971.2000,2970.6000,2972.6000,2972.8000,2973.0000,2973.8000,2974.0000,1,1,5,1,1,1,1,1,1,2
SF,IH1912,2019-11-12 09:32:22.300,2972.6000,23982,0,299693100.000,1,0,1,多换,S,2972.2000,2972.0000,2971.8000,2971.2000,2970.6000,2972.8000,2973.0000,2973.8000,2974.0000,2974.6000,2,1,3,1,1,1,1,1,2,2
SF,IH1912,2019-11-12 09:32:22.800,2972.2000,23983,1,302367960.000,3,2,1,空开,S,2972.4000,2971.8000,2971.2000,2970.6000,2969.6000,2972.6000,2972.8000,2973.0000,2973.8000,2974.0000,1,1,1,1,1,1,1,1,1,2
SF,IH1912,2019-11-12 09:32:23.300,2972.4000,23982,-1,303259680.000,1,0,1,双平,S,2971.8000,2971.2000,2970.6000,2969.6000,2969.4000,2972.2000,2972.4000,2972.6000,2972.8000,2973.0000,1,1,1,1,2,1,2,1,1,1
SF,IH1912,2019-11-12 09:32:23.800,2972.2000,23982,0,304151340.000,1,0,1,多换,S,2971.8000,2971.2000,2970.6000,2969.6000,2969.4000,2972.4000,2972.8000,2973.0000,2973.8000,2974.0000,1,1,1,1,2,1,1,1,1,2
SF,IH1912,2019-11-12 09:32:24.300,2972.2000,23982,0,304151340.000,0,-,-,-,-,2972.0000,2971.8000,2971.2000,2970.6000,2969.6000,2972.8000,2973.0000,2973.8000,2974.0000,2974.4000,1,1,1,1,1,1,1,1,2,1
SF,IH1912,2019-11-12 09:32:24.800,2972.2000,23982,0,304151340.000,0,-,-,-,-,2971.2000,2970.6000,2969.6000,2969.4000,2969.0000,2972.6000,2972.8000,2973.0000,2973.8000,2974.0000,1,1,1,2,2,2,1,1,1,2
SF,IH1912,2019-11-12 09:32:25.300,2972.2000,23982,0,304151340.000,0,-,-,-,-,2971.4000,2971.2000,2970.6000,2969.6000,2969.4000,2972.4000,2972.6000,2972.8000,2973.0000,2973.8000,4,2,1,1,2,1,3,1,1,1
SF,IH1912,2019-11-12 09:32:25.800,2972.2000,23982,0,304151340.000,0,-,-,-,-,2971.4000,2971.2000,2970.6000,2969.6000,2969.4000,2972.2000,2972.4000,2972.6000,2972.8000,2973.0000,2,2,1,1,2,1,1,1,1,1
SF,IH1912,2019-11-12 09:32:26.300,2972.2000,23982,0,304151340.000,0,-,-,-,-,2971.4000,2971.2000,2970.6000,2969.6000,2969.4000,2972.2000,2972.4000,2972.6000,2972.8000,2973.0000,2,2,1,1,2,1,1,1,1,1
SF,IH1912,2019-11-12 09:32:26.800,2972.2000,23982,0,304151340.000,0,-,-,-,-,2971.6000,2971.4000,2971.2000,2970.6000,2969.6000,2972.2000,2972.4000,2972.6000,2972.8000,2973.0000,2,2,2,1,1,1,1,1,1,1
SF,IH1912,2019-11-12 09:32:27.300,2972.2000,23982,0,304151340.000,0,-,-,-,-,2971.4000,2971.2000,2970.6000,2969.6000,2969.4000,2972.2000,2972.4000,2972.6000,2972.8000,2973.0000,1,2,1,1,2,1,1,1,1,1
SF,IH1912,2019-11-12 09:32:27.800,2972.2000,23982,0,304151340.000,0,-,-,-,-,2971.8000,2971.6000,2971.4000,2971.2000,2970.6000,2972.2000,2972.4000,2972.6000,2972.8000,2973.0000,1,1,1,2,1,1,1,1,1,1
SF,IH1912,2019-11-12 09:32:28.300,2972.2000,23982,0,304151340.000,0,-,-,-,-,2972.0000,2971.4000,2971.2000,2970.6000,2969.6000,2972.2000,2972.4000,2972.6000,2972.8000,2973.0000,1,1,2,1,1,1,1,1,1,1
SF,IH1912,2019-11-12 09:32:28.800,2972.2000,23981,-1,305043000.000,1,0,1,双平,S,2972.0000,2971.2000,2970.6000,2970.0000,2969.6000,2972.4000,2972.6000,2972.8000,2973.0000,2973.8000,1,2,1,1,1,1,1,1,1,1
SF,IH1912,2019-11-12 09:32:29.300,2972.2000,23981,0,305043000.000,0,-,-,-,-,2972.2000,2972.0000,2971.2000,2970.6000,2970.0000,2972.4000,2972.8000,2973.0000,2973.8000,2974.0000,1,1,2,1,1,1,1,1,1,2
SF,IH1912,2019-11-12 09:32:29.800,2972.4000,23980,-1,307718100.000,3,1,2,多平,S,2971.2000,2970.6000,2970.0000,2969.6000,2969.4000,2972.8000,2973.0000,2973.8000,2974.0000,2974.4000,2,1,1,1,2,1,1,1,2,1
SF,IH1912,2019-11-12 09:32:30.300,2972.4000,23980,0,307718100.000,0,-,-,-,-,2971.4000,2971.2000,2970.6000,2970.0000,2969.6000,2972.6000,2972.8000,2973.0000,2973.8000,2974.0000,2,4,1,1,1,1,1,1,1,2
SF,IH1912,2019-11-12 09:32:30.800,2972.4000,23980,0,307718100.000,0,-,-,-,-,2971.6000,2971.4000,2971.2000,2970.6000,2970.0000,2972.6000,2972.8000,2973.0000,2973.8000,2974.0000,3,2,4,1,1,2,1,1,1,2
SF,IH1912,2019-11-12 09:32:31.300,2972.4000,23980,0,307718100.000,0,-,-,-,-,2971.8000,2971.6000,2971.4000,2971.2000,2970.6000,2972.6000,2972.8000,2973.0000,2973.8000,2974.0000,1,3,1,3,1,2,1,1,1,2
SF,IH1912,2019-11-12 09:32:31.800,2972.4000,23980,0,307718100.000,0,-,-,-,-,2972.0000,2971.8000,2971.4000,2971.2000,2970.6000,2972.6000,2972.8000,2973.0000,2973.8000,2974.0000,1,1,1,3,1,1,1,1,1,2
SF,IH1912,2019-11-12 09:32:32.300,2972.4000,23980,0,307718100.000,0,-,-,-,-,2972.0000,2971.8000,2971.2000,2970.6000,2970.0000,2972.6000,2972.8000,2973.0000,2973.8000,2974.0000,1,1,3,1,1,1,1,1,1,2
SF,IH1912,2019-11-12 09:32:32.800,2972.4000,23980,0,307718100.000,0,-,-,-,-,2972.0000,2971.8000,2971.2000,2970.6000,2970.0000,2972.6000,2972.8000,2973.0000,2973.8000,2974.0000,1,1,2,1,1,1,1,1,1,2
SF,IH1912,2019-11-12 09:32:33.800,2971.8000,23978,-2,309501240.000,2,0,2,双平,S,2971.2000,2970.6000,2970.0000,2969.6000,2969.4000,2972.4000,2972.6000,2972.8000,2973.0000,2973.8000,2,1,1,1,2,1,1,1,1,1
SF,IH1912,2019-11-12 09:32:34.300,2971.8000,23978,0,309501240.000,0,-,-,-,-,2971.2000,2970.6000,2970.0000,2969.6000,2969.4000,2972.2000,2972.4000,2972.8000,2973.0000,2973.8000,2,1,1,1,2,2,2,1,1,1
SF,IH1912,2019-11-12 09:32:34.800,2971.8000,23978,0,309501240.000,0,-,-,-,-,2970.6000,2970.0000,2969.6000,2969.4000,2969.0000,2972.0000,2972.2000,2972.4000,2972.8000,2973.0000,1,1,1,2,2,1,2,1,1,1
SF,IH1912,2019-11-12 09:32:35.300,2971.8000,23978,0,310392780.000,1,0,1,多换,S,2970.6000,2970.0000,2969.6000,2969.4000,2969.0000,2971.8000,2972.0000,2972.2000,2972.4000,2972.8000,1,1,1,2,2,5,1,1,1,1
SF,IH1912,2019-11-12 09:32:35.800,2971.8000,23978,0,310392780.000,0,-,-,-,-,2970.6000,2970.0000,2969.6000,2969.4000,2969.0000,2971.6000,2971.8000,2972.0000,2972.8000,2973.0000,1,1,1,2,2,2,6,1,1,1
SF,IH1912,2019-11-12 09:32:36.300,2971.8000,23978,0,311284320.000,1,0,1,多换,S,2970.4000,2970.0000,2969.6000,2969.4000,2969.0000,2971.4000,2971.6000,2971.8000,2972.0000,2972.2000,1,1,1,2,2,1,1,1,1,1
SF,IH1912,2019-11-12 09:32:36.800,2971.8000,23978,0,311284320.000,0,-,-,-,-,2970.6000,2970.4000,2970.0000,2969.6000,2969.4000,2971.6000,2971.8000,2972.8000,2973.0000,2973.8000,2,1,1,1,2,1,1,1,1,1
SF,IH1912,2019-11-12 09:32:37.300,2970.8000,23976,-2,313066800.000,2,0,2,双平,S,2970.8000,2970.6000,2970.0000,2969.6000,2969.4000,2971.8000,2972.8000,2973.0000,2973.8000,2974.0000,2,3,1,1,2,1,1,1,1,2
SF,IH1912,2019-11-12 09:32:37.800,2970.8000,23976,0,313066800.000,0,-,-,-,-,2970.8000,2970.6000,2970.0000,2969.6000,2969.4000,2971.8000,2972.8000,2973.0000,2973.8000,2974.0000,2,3,1,1,2,1,1,1,1,2
SF,IH1912,2019-11-12 09:32:38.300,2970.8000,23976,0,313066800.000,0,-,-,-,-,2970.8000,2970.6000,2970.0000,2969.6000,2969.4000,2971.8000,2972.8000,2973.0000,2973.8000,2974.0000,3,2,1,1,2,1,1,1,1,2
SF,IH1912,2019-11-12 09:32:38.800,2971.8000,23975,-1,313958340.000,1,0,1,双平,S,2971.0000,2970.8000,2970.6000,2970.0000,2969.6000,2972.8000,2973.0000,2973.8000,2974.0000,2974.4000,1,2,2,1,1,1,1,1,2,1
SF,IH1912,2019-11-12 09:32:39.300,2971.8000,23975,0,313958340.000,0,-,-,-,-,2971.2000,2971.0000,2970.6000,2970.0000,2969.6000,2972.6000,2972.8000,2973.0000,2973.8000,2974.0000,1,1,2,1,1,6,1,1,1,2
SF,IH1912,2019-11-12 09:32:39.800,2971.8000,23975,0,313958340.000,0,-,-,-,-,2971.8000,2971.2000,2971.0000,2970.6000,2970.0000,2972.6000,2972.8000,2973.0000,2973.8000,2974.0000,1,1,1,2,1,6,1,1,1,2
SF,IH1912,2019-11-12 09:32:40.300,2971.8000,23975,0,314849880.000,1,0,1,多换,S,2970.6000,2970.0000,2969.6000,2969.4000,2968.8000,2972.4000,2972.6000,2972.8000,2973.0000,2973.8000,2,1,1,2,1,1,6,1,1,1
SF,IH1912,2019-11-12 09:32:40.800,2971.8000,23975,0,314849880.000,0,-,-,-,-,2970.8000,2970.6000,2970.0000,2969.6000,2969.4000,2972.4000,2972.6000,2972.8000,2973.0000,2973.8000,2,3,1,1,2,1,4,1,1,1
SF,IH1912,2019-11-12 09:32:41.300,2971.8000,23975,0,314849880.000,0,-,-,-,-,2971.0000,2970.8000,2970.6000,2970.0000,2969.6000,2972.4000,2972.6000,2972.8000,2973.0000,2973.8000,2,2,2,1,1,1,3,1,1,1
SF,IH1912,2019-11-12 09:32:41.800,2971.8000,23975,0,314849880.000,0,-,-,-,-,2971.2000,2971.0000,2970.6000,2970.0000,2969.6000,2972.4000,2972.6000,2972.8000,2973.0000,2973.8000,2,2,2,1,1,1,3,1,1,1
SF,IH1912,2019-11-12 09:32:42.300,2971.8000,23975,0,314849880.000,0,-,-,-,-,2970.6000,2970.0000,2969.6000,2969.4000,2968.8000,2972.2000,2972.4000,2972.6000,2972.8000,2973.0000,2,2,1,2,1,3,2,3,1,1
SF,IH1912,2019-11-12 09:32:42.800,2971.8000,23975,0,314849880.000,0,-,-,-,-,2971.0000,2970.8000,2970.6000,2970.0000,2969.4000,2972.2000,2972.4000,2972.6000,2972.8000,2973.0000,1,3,2,2,2,2,2,3,1,1
SF,IH1912,2019-11-12 09:32:43.300,2971.2000,23974,-1,315741240.000,1,0,1,双平,S,2971.0000,2970.6000,2970.4000,2970.0000,2969.4000,2972.0000,2972.2000,2972.4000,2972.6000,2972.8000,1,2,1,2,2,1,3,2,3,1
SF,IH1912,2019-11-12 09:32:43.800,2970.6000,23972,-2,317523720.000,2,0,2,双平,S,2970.6000,2970.0000,2969.4000,2968.8000,2968.4000,2971.8000,2972.0000,2972.4000,2972.6000,2972.8000,1,2,2,1,2,19,2,1,3,1
SF,IH1912,2019-11-12 09:32:44.300,2970.6000,23971,-1,318414900.000,1,0,1,双平,S,2970.0000,2969.4000,2968.8000,2968.4000,2968.2000,2971.6000,2971.8000,2972.0000,2972.6000,2972.8000,6,2,1,2,1,2,15,1,3,1
SF,IH1912,2019-11-12 09:32:44.800,2970.6000,23971,0,318414900.000,0,-,-,-,-,2970.0000,2969.4000,2968.8000,2968.4000,2968.2000,2971.4000,2971.6000,2971.8000,2972.0000,2972.8000,6,2,1,2,1,16,3,3,1,1
SF,IH1912,2019-11-12 09:32:45.300,2970.6000,23971,0,318414900.000,0,-,-,-,-,2970.0000,2969.4000,2968.8000,2968.4000,2968.2000,2971.2000,2971.4000,2971.6000,2971.8000,2972.8000,6,2,1,2,1,2,16,3,3,1
SF,IH1912,2019-11-12 09:32:45.800,2970.6000,23971,0,318414900.000,0,-,-,-,-,2970.2000,2970.0000,2969.4000,2968.8000,2968.4000,2971.0000,2971.2000,2971.4000,2971.6000,2971.8000,1,6,2,1,2,1,2,13,2,2
SF,IH1912,2019-11-12 09:32:46.300,2970.6000,23971,0,318414900.000,0,-,-,-,-,2970.2000,2970.0000,2969.4000,2968.8000,2968.4000,2971.0000,2971.2000,2971.4000,2971.6000,2971.8000,1,6,2,1,2,2,1,2,1,2
SF,IH1912,2019-11-12 09:32:46.800,2971.0000,23971,0,319306200.000,1,0,1,多换,S,2970.0000,2969.4000,2968.8000,2968.4000,2968.2000,2971.2000,2971.4000,2971.6000,2971.8000,2972.8000,6,2,1,2,1,1,1,1,2,1
SF,IH1912,2019-11-12 09:32:47.300,2971.0000,23971,0,319306200.000,0,-,-,-,-,2970.0000,2969.4000,2968.8000,2968.4000,2968.2000,2971.0000,2971.2000,2971.4000,2971.6000,2971.8000,6,2,1,2,1,2,1,1,1,2
SF,IH1912,2019-11-12 09:32:47.800,2971.0000,23970,-1,320197500.000,1,0,1,双平,S,2970.2000,2970.0000,2969.4000,2968.8000,2968.4000,2971.0000,2971.2000,2971.4000,2971.6000,2971.8000,1,7,2,1,2,1,1,1,1,3
SF,IH1912,2019-11-12 09:32:48.300,2970.4000,23970,0,321088620.000,1,0,1,多换,S,2970.2000,2970.0000,2969.8000,2969.4000,2968.8000,2971.2000,2971.4000,2971.6000,2971.8000,2972.8000,1,6,1,2,1,1,1,2,2,1
SF,IH1912,2019-11-12 09:32:48.800,2970.0000,23971,1,322870680.000,2,1,1,空开,S,2970.0000,2969.4000,2968.8000,2968.4000,2968.2000,2971.0000,2971.2000,2971.4000,2971.6000,2971.8000,5,2,1,2,1,2,2,1,1,2
SF,IH1912,2019-11-12 09:32:49.300,2970.0000,23971,0,322870680.000,0,-,-,-,-,2970.0000,2969.4000,2968.8000,2968.4000,2968.2000,2970.8000,2971.0000,2971.2000,2971.6000,2971.8000,5,2,1,2,1,2,3,1,1,2
SF,IH1912,2019-11-12 09:32:49.800,2970.0000,23971,0,322870680.000,0,-,-,-,-,2970.0000,2969.4000,2968.8000,2968.4000,2968.2000,2970.6000,2970.8000,2971.0000,2971.2000,2971.6000,5,2,1,2,1,1,2,1,1,1
SF,IH1912,2019-11-12 09:32:50.300,2970.4000,23972,1,323761800.000,1,1,0,双开,S,2970.0000,2969.4000,2968.8000,2968.4000,2968.2000,2970.6000,2970.8000,2971.0000,2971.6000,2971.8000,5,2,1,2,1,1,2,1,1,2
SF,IH1912,2019-11-12 09:32:50.800,2970.4000,23972,0,323761800.000,0,-,-,-,-,2970.2000,2970.0000,2969.4000,2968.8000,2968.4000,2970.8000,2971.0000,2971.6000,2971.8000,2972.8000,1,5,2,1,2,2,1,1,2,1
SF,IH1912,2019-11-12 09:32:51.300,2970.4000,23972,0,323761800.000,0,-,-,-,-,2970.4000,2970.2000,2970.0000,2969.4000,2968.8000,2971.0000,2971.6000,2971.8000,2972.8000,2973.0000,1,1,5,2,1,1,1,2,1,1
SF,IH1912,2019-11-12 09:32:51.800,2970.4000,23972,0,323761800.000,0,-,-,-,-,2970.6000,2970.0000,2969.4000,2968.8000,2968.4000,2970.8000,2971.0000,2971.6000,2971.8000,2972.8000,1,5,2,1,2,3,1,1,2,1
SF,IH1912,2019-11-12 09:32:52.300,2970.6000,23971,-1,325544160.000,2,0,2,多平,S,2970.0000,2969.4000,2968.8000,2968.4000,2968.2000,2970.8000,2971.0000,2971.6000,2971.8000,2972.8000,5,2,1,2,1,3,1,1,2,1
SF,IH1912,2019-11-12 09:32:52.800,2970.8000,23970,-1,326435400.000,1,0,1,双平,S,2970.0000,2969.8000,2969.4000,2968.8000,2968.4000,2970.8000,2971.0000,2971.6000,2971.8000,2972.8000,5,1,2,1,2,2,1,2,2,1
SF,IH1912,2019-11-12 09:32:53.300,2970.8000,23970,0,326435400.000,0,-,-,-,-,2970.2000,2970.0000,2969.4000,2968.8000,2968.4000,2971.0000,2971.6000,2971.8000,2972.8000,2973.0000,2,5,2,1,2,1,1,2,1,1
SF,IH1912,2019-11-12 09:32:54.300,2970.8000,23970,0,326435400.000,0,-,-,-,-,2970.6000,2970.2000,2970.0000,2969.4000,2968.8000,2971.0000,2971.6000,2971.8000,2972.8000,2973.0000,1,2,5,2,1,1,1,2,1,1
SF,IH1912,2019-11-12 09:32:54.800,2970.8000,23970,0,326435400.000,0,-,-,-,-,2970.6000,2970.2000,2970.0000,2969.4000,2968.8000,2971.0000,2971.6000,2971.8000,2972.8000,2973.0000,1,1,5,2,1,1,1,2,1,1
SF,IH1912,2019-11-12 09:32:55.300,2971.0000,23969,-1,327326700.000,1,0,1,双平,S,2971.0000,2970.6000,2970.2000,2970.0000,2969.4000,2971.6000,2971.8000,2972.8000,2973.0000,2973.8000,1,1,2,5,2,1,2,1,1,1
SF,IH1912,2019-11-12 09:32:55.800,2971.6000,23968,-1,328218180.000,1,0,1,双平,S,2971.0000,2970.6000,2970.2000,2970.0000,2969.4000,2972.8000,2973.0000,2973.8000,2974.0000,2974.4000,2,1,1,5,2,1,1,1,3,1
SF,IH1912,2019-11-12 09:32:56.300,2971.6000,23968,0,328218180.000,0,-,-,-,-,2971.2000,2971.0000,2970.6000,2970.2000,2970.0000,2972.2000,2972.4000,2972.6000,2972.8000,2973.0000,1,2,1,1,5,5,1,27,1,1
SF,IH1912,2019-11-12 09:32:56.800,2971.6000,23968,0,328218180.000,0,-,-,-,-,2971.2000,2971.0000,2970.6000,2970.2000,2970.0000,2972.2000,2972.6000,2972.8000,2973.0000,2973.8000,2,1,1,1,5,2,9,1,1,1
SF,IH1912,2019-11-12 09:32:57.300,2971.6000,23968,0,328218180.000,0,-,-,-,-,2971.2000,2971.0000,2970.6000,2970.2000,2970.0000,2972.2000,2972.6000,2972.8000,2973.0000,2973.8000,2,1,1,1,5,2,5,1,1,1
SF,IH1912,2019-11-12 09:32:57.800,2971.6000,23968,0,328218180.000,0,-,-,-,-,2971.2000,2971.0000,2970.6000,2970.2000,2970.0000,2972.0000,2972.2000,2972.6000,2972.8000,2973.0000,2,1,1,1,5,1,2,5,1,1
SF,IH1912,2019-11-12 09:32:58.300,2971.6000,23968,0,328218180.000,0,-,-,-,-,2971.2000,2971.0000,2970.2000,2970.0000,2969.4000,2972.0000,2972.2000,2972.6000,2972.8000,2973.8000,2,1,1,5,2,1,2,4,1,1
SF,IH1912,2019-11-12 09:32:58.800,2971.6000,23968,0,328218180.000,0,-,-,-,-,2971.2000,2971.0000,2970.2000,2970.0000,2969.4000,2972.0000,2972.2000,2972.6000,2972.8000,2973.2000,2,1,1,7,2,1,2,4,1,1
SF,IH1912,2019-11-12 09:33:00.300,2971.6000,23968,0,328218180.000,0,-,-,-,-,2971.2000,2971.0000,2970.2000,2970.0000,2969.4000,2972.2000,2972.6000,2972.8000,2973.2000,2973.8000,2,1,1,7,2,2,4,1,1,1
SF,IH1912,2019-11-12 09:33:00.800,2971.6000,23968,0,328218180.000,0,-,-,-,-,2971.2000,2971.0000,2970.2000,2970.0000,2969.4000,2972.6000,2972.8000,2973.2000,2973.8000,2974.0000,2,1,1,9,2,4,1,1,1,3
SF,IH1912,2019-11-12 09:33:01.300,2971.6000,23968,0,328218180.000,0,-,-,-,-,2971.2000,2971.0000,2970.2000,2970.0000,2969.4000,2972.4000,2972.6000,2972.8000,2973.2000,2973.8000,2,1,1,9,2,4,5,1,1,1
SF,IH1912,2019-11-12 09:33:01.800,2972.2000,23968,0,329109840.000,1,0,1,多换,S,2971.2000,2971.0000,2970.2000,2970.0000,2969.4000,2972.2000,2972.4000,2972.6000,2972.8000,2973.2000,2,1,1,9,2,1,4,5,1,1
SF,IH1912,2019-11-12 09:33:02.300,2972.2000,23968,0,329109840.000,0,-,-,-,-,2971.2000,2971.0000,2970.2000,2970.0000,2969.4000,2972.2000,2972.4000,2972.6000,2972.8000,2973.2000,1,1,1,9,2,3,2,5,1,1
SF,IH1912,2019-11-12 09:33:02.800,2971.2000,23968,0,330001200.000,1,0,1,多换,S,2970.2000,2970.0000,2969.4000,2968.8000,2968.4000,2971.2000,2971.8000,2972.2000,2972.4000,2972.6000,1,9,2,1,2,2,1,3,2,5
SF,IH1912,2019-11-12 09:33:03.300,2971.2000,23968,0,330001200.000,0,-,-,-,-,2970.4000,2970.2000,2970.0000,2969.4000,2968.8000,2971.0000,2971.2000,2971.8000,2972.2000,2972.4000,2,1,9,2,1,1,1,1,3,2
SF,IH1912,2019-11-12 09:33:03.800,2970.4000,23968,0,331783440.000,2,1,1,多换,S,2970.2000,2970.0000,2969.4000,2968.8000,2968.4000,2971.0000,2971.2000,2971.8000,2972.2000,2972.4000,1,9,3,1,2,1,2,1,3,2
SF,IH1912,2019-11-12 09:33:04.300,2970.4000,23968,0,331783440.000,0,-,-,-,-,2970.2000,2970.0000,2969.4000,2968.8000,2968.4000,2970.4000,2970.8000,2971.0000,2971.2000,2971.8000,1,9,2,1,2,1,1,1,1,1
SF,IH1912,2019-11-12 09:33:04.800,2970.0000,23967,-1,333565500.000,2,0,2,多平,S,2970.0000,2969.4000,2968.8000,2968.4000,2968.2000,2970.2000,2970.4000,2971.0000,2971.2000,2971.8000,8,2,1,2,1,3,1,1,1,1
SF,IH1912,2019-11-12 09:33:05.300,2970.4000,23966,-1,336238740.000,3,1,2,多平,S,2970.2000,2970.0000,2969.4000,2968.8000,2968.4000,2971.0000,2971.2000,2971.8000,2972.2000,2972.4000,1,8,2,1,2,1,1,1,2,2
SF,IH1912,2019-11-12 09:33:05.800,2970.4000,23966,0,336238740.000,0,-,-,-,-,2970.2000,2970.0000,2969.4000,2968.8000,2968.4000,2970.8000,2971.0000,2971.2000,2971.8000,2972.2000,2,8,2,1,2,4,1,1,1,2
SF,IH1912,2019-11-12 09:33:06.300,2970.4000,23966,0,336238740.000,0,-,-,-,-,2970.2000,2970.0000,2969.4000,2968.8000,2968.4000,2970.8000,2971.2000,2971.8000,2972.2000,2972.4000,2,8,2,1,2,1,1,1,2,2
SF,IH1912,2019-11-12 09:33:06.800,2970.4000,23966,0,336238740.000,0,-,-,-,-,2970.8000,2970.4000,2970.2000,2970.0000,2969.4000,2971.0000,2971.8000,2972.2000,2972.4000,2972.6000,1,1,2,8,2,1,1,2,2,5
SF,IH1912,2019-11-12 09:33:07.300,2971.0000,23965,-1,337130040.000,1,0,1,双平,S,2971.0000,2970.8000,2970.4000,2970.2000,2970.0000,2971.8000,2972.2000,2972.4000,2972.6000,2972.8000,2,1,1,2,8,1,3,2,5,2
SF,IH1912,2019-11-12 09:33:07.800,2971.0000,23965,0,337130040.000,0,-,-,-,-,2970.8000,2970.2000,2970.0000,2969.4000,2968.8000,2971.0000,2971.6000,2971.8000,2972.2000,2972.6000,1,1,8,2,1,2,9,2,3,3
SF,IH1912,2019-11-12 09:33:08.300,2971.0000,23966,1,338912400.000,2,1,1,空开,S,2970.4000,2970.0000,2969.4000,2968.8000,2968.4000,2971.6000,2971.8000,2972.2000,2972.6000,2972.8000,1,8,2,1,2,6,2,3,3,2
SF,IH1912,2019-11-12 09:33:08.800,2971.0000,23966,0,338912400.000,0,-,-,-,-,2970.6000,2970.4000,2970.0000,2969.4000,2968.8000,2971.4000,2971.6000,2971.8000,2972.2000,2972.6000,1,2,8,2,1,9,6,2,3,3
SF,IH1912,2019-11-12 09:33:09.300,2971.0000,23966,0,338912400.000,0,-,-,-,-,2970.4000,2970.0000,2969.4000,2968.8000,2968.4000,2971.2000,2971.4000,2971.6000,2971.8000,2972.2000,1,8,2,1,2,2,9,4,2,3
SF,IH1912,2019-11-12 09:33:09.800,2971.0000,23966,0,338912400.000,0,-,-,-,-,2970.6000,2970.4000,2970.0000,2969.4000,2968.8000,2971.4000,2971.6000,2971.8000,2972.2000,2972.6000,1,2,8,2,1,1,4,2,3,3
SF,IH1912,2019-11-12 09:33:10.300,2971.0000,23966,0,338912400.000,0,-,-,-,-,2970.6000,2970.4000,2970.0000,2969.4000,2968.8000,2971.6000,2971.8000,2972.2000,2972.6000,2972.8000,1,2,8,2,1,2,2,3,3,2
SF,IH1912,2019-11-12 09:33:10.800,2971.0000,23966,0,338912400.000,0,-,-,-,-,2970.6000,2970.4000,2970.0000,2969.4000,2968.8000,2971.4000,2971.8000,2972.2000,2972.6000,2972.8000,1,2,8,2,1,1,2,3,3,2
SF,IH1912,2019-11-12 09:33:11.800,2971.0000,23966,0,338912400.000,0,-,-,-,-,2970.4000,2970.0000,2969.4000,2968.8000,2968.4000,2971.2000,2971.4000,2971.8000,2972.2000,2972.6000,2,8,2,1,2,1,1,2,3,3
SF,IH1912,2019-11-12 09:33:12.300,2971.0000,23965,-1,339803700.000,1,0,1,双平,S,2970.4000,2970.0000,2969.4000,2968.8000,2968.4000,2971.2000,2971.8000,2972.2000,2972.6000,2972.8000,2,9,2,1,2,1,3,3,3,2
SF,IH1912,2019-11-12 09:33:12.800,2971.0000,23965,0,339803700.000,0,-,-,-,-,2970.4000,2970.0000,2969.4000,2968.8000,2968.4000,2971.0000,2971.2000,2971.8000,2972.2000,2972.6000,2,8,2,1,2,2,1,2,3,3
SF,IH1912,2019-11-12 09:33:13.800,2971.0000,23965,0,339803700.000,0,-,-,-,-,2970.4000,2970.0000,2969.4000,2968.8000,2968.4000,2970.8000,2971.0000,2971.2000,2971.8000,2972.2000,2,8,2,1,2,1,2,1,2,3
SF,IH1912,2019-11-12 09:33:14.300,2971.0000,23965,0,339803700.000,0,-,-,-,-,2970.4000,2970.0000,2969.4000,2968.8000,2968.4000,2971.0000,2971.2000,2971.8000,2972.2000,2972.6000,2,8,2,1,2,1,1,1,3,3
SF,IH1912,2019-11-12 09:33:15.800,2971.0000,23965,0,339803700.000,0,-,-,-,-,2970.4000,2970.0000,2969.4000,2968.8000,2968.4000,2970.8000,2971.0000,2971.2000,2971.8000,2972.2000,2,9,2,1,2,1,1,1,1,3
SF,IH1912,2019-11-12 09:33:16.300,2970.8000,23964,-1,340694940.000,1,0,1,双平,S,2970.6000,2970.4000,2970.0000,2969.4000,2968.8000,2971.0000,2971.2000,2971.8000,2972.2000,2972.4000,1,2,10,2,1,1,1,1,3,1
SF,IH1912,2019-11-12 09:33:16.800,2970.8000,23964,0,340694940.000,0,-,-,-,-,2970.4000,2970.0000,2969.4000,2968.8000,2968.4000,2971.0000,2971.2000,2971.8000,2972.2000,2972.4000,2,10,2,1,2,1,1,1,3,1
SF,IH1912,2019-11-12 09:33:17.300,2970.8000,23964,0,340694940.000,0,-,-,-,-,2970.6000,2970.4000,2970.0000,2969.4000,2968.8000,2971.0000,2971.2000,2971.8000,2972.2000,2972.4000,1,2,10,2,1,1,1,1,3,1
SF,IH1912,2019-11-12 09:33:17.800,2970.8000,23964,0,340694940.000,0,-,-,-,-,2970.6000,2970.4000,2970.0000,2969.4000,2968.8000,2971.0000,2971.8000,2972.2000,2972.4000,2972.6000,2,2,10,2,1,1,1,3,1,3
SF,IH1912,2019-11-12 09:33:18.300,2970.8000,23964,0,340694940.000,0,-,-,-,-,2970.6000,2970.4000,2970.0000,2969.4000,2968.8000,2971.0000,2971.8000,2972.2000,2972.4000,2972.6000,1,2,10,2,1,1,1,3,1,3
SF,IH1912,2019-11-12 09:33:18.800,2970.8000,23964,0,340694940.000,0,-,-,-,-,2970.4000,2970.0000,2969.4000,2968.8000,2968.4000,2971.0000,2971.8000,2972.2000,2972.4000,2972.6000,2,10,2,1,2,1,1,3,1,3
SF,IH1912,2019-11-12 09:33:19.300,2970.8000,23964,0,340694940.000,0,-,-,-,-,2970.4000,2970.0000,2969.4000,2968.8000,2968.4000,2971.0000,2972.2000,2972.4000,2972.6000,2972.8000,2,10,2,1,2,3,3,1,3,2
SF,IH1912,2019-11-12 09:33:19.800,2970.8000,23964,0,340694940.000,0,-,-,-,-,2970.6000,2970.4000,2970.0000,2969.4000,2968.8000,2971.0000,2972.2000,2972.4000,2972.6000,2972.8000,1,2,10,2,1,1,3,1,3,2
SF,IH1912,2019-11-12 09:33:21.800,2970.6000,23963,-1,341586120.000,1,0,1,双平,S,2970.4000,2970.0000,2969.4000,2968.8000,2968.4000,2971.0000,2971.2000,2972.2000,2972.4000,2972.6000,2,10,3,1,2,1,1,3,1,3
SF,IH1912,2019-11-12 09:33:22.300,2970.4000,23962,-1,342477240.000,1,0,1,双平,S,2970.4000,2970.0000,2969.4000,2968.8000,2968.4000,2970.8000,2971.0000,2972.2000,2972.4000,2972.6000,1,10,2,1,2,1,3,3,1,3
SF,IH1912,2019-11-12 09:33:22.800,2970.4000,23962,0,342477240.000,0,-,-,-,-,2970.4000,2970.0000,2969.4000,2968.8000,2968.4000,2971.0000,2972.2000,2972.4000,2972.6000,2972.8000,1,10,2,1,2,1,3,1,3,2
SF,IH1912,2019-11-12 09:33:23.300,2970.4000,23962,0,342477240.000,0,-,-,-,-,2970.0000,2969.4000,2968.8000,2968.4000,2968.2000,2971.0000,2972.2000,2972.4000,2972.6000,2972.8000,10,2,1,2,3,1,3,1,3,2
SF,IH1912,2019-11-12 09:33:23.800,2970.4000,23962,0,342477240.000,0,-,-,-,-,2970.2000,2970.0000,2969.4000,2968.8000,2968.4000,2970.8000,2971.0000,2972.2000,2972.4000,2972.6000,1,10,2,1,2,1,1,3,1,3
SF,IH1912,2019-11-12 09:33:25.300,2970.4000,23962,0,342477240.000,0,-,-,-,-,2970.8000,2970.2000,2970.0000,2969.4000,2968.8000,2971.0000,2972.2000,2972.4000,2972.6000,2972.8000,2,1,10,2,1,1,3,1,3,2
SF,IH1912,2019-11-12 09:33:25.800,2970.8000,23960,-2,344259720.000,2,0,2,双平,S,2970.2000,2970.0000,2969.4000,2968.8000,2968.4000,2970.6000,2970.8000,2971.0000,2972.2000,2972.4000,1,10,2,1,2,1,4,1,3,1
SF,IH1912,2019-11-12 09:33:26.300,2970.6000,23960,0,345150900.000,1,0,1,多换,S,2970.6000,2970.2000,2970.0000,2969.4000,2968.8000,2970.8000,2971.0000,2972.2000,2972.4000,2972.6000,1,1,10,2,1,2,1,3,1,3
SF,IH1912,2019-11-12 09:33:26.800,2970.6000,23960,0,345150900.000,0,-,-,-,-,2970.2000,2970.0000,2969.4000,2968.8000,2968.4000,2970.6000,2970.8000,2971.0000,2972.2000,2972.4000,1,10,2,1,2,2,2,1,3,1
SF,IH1912,2019-11-12 09:33:27.300,2970.8000,23958,-2,347824500.000,3,0,3,多平,S,2970.2000,2970.0000,2969.4000,2968.8000,2968.4000,2970.8000,2971.0000,2972.2000,2972.4000,2972.6000,1,10,2,1,2,1,1,3,1,3
SF,IH1912,2019-11-12 09:33:27.800,2970.8000,23958,0,347824500.000,0,-,-,-,-,2970.2000,2970.0000,2969.4000,2968.8000,2968.4000,2970.8000,2971.0000,2972.2000,2972.4000,2972.6000,1,10,2,1,2,1,1,3,1,3
SF,IH1912,2019-11-12 09:33:28.800,2970.8000,23958,0,348715740.000,1,0,1,多换,S,2970.2000,2970.0000,2969.4000,2968.8000,2968.4000,2971.0000,2972.2000,2972.4000,2972.6000,2972.8000,1,10,2,1,2,1,3,1,3,2
SF,IH1912,2019-11-12 09:33:29.300,2970.8000,23958,0,348715740.000,0,-,-,-,-,2970.2000,2970.0000,2969.4000,2968.8000,2968.4000,2970.8000,2971.0000,2972.2000,2972.4000,2972.6000,1,10,2,1,2,2,1,3,1,3
SF,IH1912,2019-11-12 09:33:29.800,2970.8000,23958,0,348715740.000,0,-,-,-,-,2970.2000,2970.0000,2969.4000,2968.8000,2968.4000,2970.8000,2971.0000,2972.2000,2972.4000,2972.6000,1,10,2,1,2,3,1,3,1,3
SF,IH1912,2019-11-12 09:33:30.300,2970.8000,23958,0,348715740.000,0,-,-,-,-,2970.2000,2970.0000,2969.4000,2968.8000,2968.4000,2970.8000,2971.0000,2972.2000,2972.4000,2972.6000,1,10,2,1,2,3,1,3,1,3
SF,IH1912,2019-11-12 09:33:30.800,2970.8000,23958,0,348715740.000,0,-,-,-,-,2970.2000,2970.0000,2969.4000,2968.8000,2968.4000,2970.8000,2971.0000,2972.2000,2972.4000,2972.6000,3,10,2,1,2,3,1,3,1,3
SF,IH1912,2019-11-12 09:33:31.300,2970.8000,23957,-1,350498220.000,2,0,2,多平,S,2970.2000,2970.0000,2969.6000,2969.4000,2968.8000,2970.8000,2971.0000,2971.4000,2972.2000,2972.4000,3,10,1,2,1,1,1,1,3,1
SF,IH1912,2019-11-12 09:33:31.800,2970.8000,23957,0,350498220.000,0,-,-,-,-,2970.2000,2970.0000,2969.4000,2968.8000,2968.4000,2970.6000,2971.0000,2972.2000,2972.4000,2972.6000,3,10,2,1,2,1,1,3,1,3
SF,IH1912,2019-11-12 09:33:32.300,2970.8000,23957,0,350498220.000,0,-,-,-,-,2970.2000,2970.0000,2969.4000,2968.8000,2968.4000,2970.6000,2971.0000,2972.2000,2972.4000,2972.6000,3,10,2,1,2,1,1,3,1,3
SF,IH1912,2019-11-12 09:33:33.300,2970.8000,23957,0,350498220.000,0,-,-,-,-,2970.2000,2970.0000,2969.4000,2968.8000,2968.4000,2970.6000,2971.0000,2972.2000,2972.4000,2972.6000,2,10,2,1,2,1,1,3,1,3
SF,IH1912,2019-11-12 09:33:33.800,2970.2000,23955,-2,352280340.000,2,0,2,双平,S,2970.0000,2969.4000,2968.8000,2968.4000,2968.2000,2970.6000,2971.0000,2972.2000,2972.4000,2972.6000,10,2,1,2,4,3,1,3,1,3
SF,IH1912,2019-11-12 09:33:34.300,2970.2000,23955,0,352280340.000,0,-,-,-,-,2970.0000,2969.4000,2968.8000,2968.4000,2968.2000,2970.6000,2971.0000,2972.2000,2972.4000,2972.6000,10,2,1,2,4,1,1,3,1,3
SF,IH1912,2019-11-12 09:33:34.800,2970.2000,23955,0,352280340.000,0,-,-,-,-,2970.2000,2970.0000,2969.4000,2968.8000,2968.4000,2970.6000,2971.0000,2972.2000,2972.4000,2972.6000,3,11,2,1,2,1,1,3,1,3
SF,IH1912,2019-11-12 09:33:35.300,2970.6000,23954,-1,353171520.000,1,0,1,双平,S,2970.6000,2970.2000,2970.0000,2969.4000,2968.8000,2971.0000,2972.2000,2972.4000,2972.6000,2972.8000,1,2,11,2,1,1,3,1,3,1
SF,IH1912,2019-11-12 09:33:35.800,2971.0000,23953,-1,354062820.000,1,0,1,双平,S,2970.2000,2970.0000,2969.4000,2968.8000,2968.4000,2972.2000,2972.4000,2972.6000,2972.8000,2973.2000,2,11,2,1,2,3,1,3,1,1
SF,IH1912,2019-11-12 09:33:36.300,2971.0000,23953,0,354062820.000,0,-,-,-,-,2970.4000,2970.2000,2970.0000,2969.4000,2968.8000,2972.0000,2972.2000,2972.4000,2972.6000,2972.8000,1,2,11,2,1,15,5,1,3,1
SF,IH1912,2019-11-12 09:33:36.800,2971.0000,23953,0,354062820.000,0,-,-,-,-,2970.4000,2970.2000,2970.0000,2969.4000,2968.8000,2971.8000,2972.0000,2972.2000,2972.4000,2972.6000,1,2,11,2,1,2,15,5,1,3
SF,IH1912,2019-11-12 09:33:37.300,2971.0000,23953,0,354062820.000,0,-,-,-,-,2970.4000,2970.2000,2970.0000,2969.6000,2969.4000,2971.6000,2971.8000,2972.0000,2972.2000,2972.4000,1,2,11,2,2,2,2,12,3,1
SF,IH1912,2019-11-12 09:33:37.800,2971.0000,23953,0,354062820.000,0,-,-,-,-,2970.6000,2970.4000,2970.2000,2970.0000,2969.6000,2971.6000,2971.8000,2972.0000,2972.2000,2972.4000,2,5,2,7,2,2,2,12,3,1
SF,IH1912,2019-11-12 09:33:38.300,2971.0000,23953,0,354062820.000,0,-,-,-,-,2970.8000,2970.6000,2970.4000,2970.2000,2970.0000,2971.6000,2972.0000,2972.2000,2972.4000,2972.6000,1,2,4,1,7,1,3,3,1,3
SF,IH1912,2019-11-12 09:33:38.800,2971.0000,23953,0,354062820.000,0,-,-,-,-,2970.8000,2970.6000,2970.4000,2970.0000,2969.6000,2971.6000,2972.0000,2972.2000,2972.4000,2972.6000,1,1,4,7,2,1,3,3,1,3
SF,IH1912,2019-11-12 09:33:39.300,2971.0000,23953,0,354062820.000,0,-,-,-,-,2970.6000,2970.4000,2970.0000,2969.6000,2969.4000,2971.6000,2972.0000,2972.2000,2972.4000,2972.6000,1,4,7,2,2,1,3,3,1,3
SF,IH1912,2019-11-12 09:33:39.800,2971.0000,23953,0,354062820.000,0,-,-,-,-,2970.8000,2970.6000,2970.4000,2970.0000,2969.6000,2971.6000,2972.0000,2972.2000,2972.4000,2972.6000,1,1,4,7,2,1,3,3,1,3
SF,IH1912,2019-11-12 09:33:40.800,2971.0000,23953,0,354062820.000,0,-,-,-,-,2971.0000,2970.8000,2970.4000,2970.0000,2969.6000,2971.6000,2972.0000,2972.2000,2972.6000,2972.8000,1,1,4,7,2,1,3,3,3,1
SF,IH1912,2019-11-12 09:33:41.300,2971.0000,23953,0,354954120.000,1,0,1,多换,S,2971.0000,2970.8000,2970.4000,2970.0000,2969.6000,2972.0000,2972.2000,2972.6000,2972.8000,2973.2000,1,1,4,7,2,3,3,3,1,1
SF,IH1912,2019-11-12 09:33:41.800,2971.0000,23953,0,354954120.000,0,-,-,-,-,2971.0000,2970.8000,2970.4000,2970.0000,2969.6000,2972.0000,2972.2000,2972.6000,2972.8000,2973.2000,1,1,4,7,2,5,3,3,1,1
SF,IH1912,2019-11-12 09:33:42.300,2971.0000,23953,0,354954120.000,0,-,-,-,-,2971.0000,2970.8000,2970.4000,2970.0000,2969.6000,2972.0000,2972.2000,2972.6000,2972.8000,2973.2000,1,1,4,7,2,3,3,3,2,1
SF,IH1912,2019-11-12 09:33:42.800,2971.0000,23953,0,354954120.000,0,-,-,-,-,2971.0000,2970.8000,2970.4000,2970.0000,2969.6000,2971.8000,2972.0000,2972.2000,2972.6000,2972.8000,1,1,4,7,2,1,3,3,3,2
SF,IH1912,2019-11-12 09:33:43.300,2971.0000,23953,0,354954120.000,0,-,-,-,-,2971.0000,2970.8000,2970.4000,2970.0000,2969.6000,2971.8000,2972.0000,2972.2000,2972.6000,2972.8000,1,1,4,7,2,1,3,3,3,2
SF,IH1912,2019-11-12 09:33:43.800,2971.0000,23952,-1,355845420.000,1,0,1,双平,S,2970.8000,2970.4000,2970.0000,2969.6000,2969.4000,2971.8000,2972.0000,2972.2000,2972.6000,2972.8000,1,4,7,2,2,1,3,3,3,2
SF,IH1912,2019-11-12 09:33:44.300,2971.0000,23952,0,355845420.000,0,-,-,-,-,2971.0000,2970.8000,2970.4000,2970.0000,2969.6000,2971.8000,2972.0000,2972.2000,2972.6000,2972.8000,1,1,4,7,2,1,3,3,3,2
SF,IH1912,2019-11-12 09:33:45.300,2971.0000,23951,-1,356736720.000,1,0,1,双平,S,2970.8000,2970.4000,2970.0000,2969.8000,2969.6000,2971.6000,2971.8000,2972.0000,2972.2000,2972.6000,1,4,7,1,2,2,3,3,3,3
SF,IH1912,2019-11-12 09:33:45.800,2970.8000,23951,0,357627960.000,1,0,1,多换,S,2970.4000,2970.0000,2969.6000,2969.4000,2968.8000,2971.4000,2971.6000,2971.8000,2972.0000,2972.2000,4,7,2,2,1,1,2,1,3,3
SF,IH1912,2019-11-12 09:33:46.300,2970.4000,23948,-3,360301560.000,3,0,3,双平,S,2970.4000,2970.0000,2969.6000,2969.4000,2968.8000,2971.4000,2971.8000,2972.0000,2972.2000,2972.6000,2,8,2,2,1,2,2,3,3,3
SF,IH1912,2019-11-12 09:33:46.800,2970.4000,23946,-2,362083800.000,2,0,2,双平,S,2970.0000,2969.6000,2969.4000,2968.8000,2968.4000,2971.2000,2971.4000,2971.8000,2972.0000,2972.2000,7,2,2,1,2,2,2,1,3,3
SF,IH1912,2019-11-12 09:33:47.300,2970.4000,23946,0,362083800.000,0,-,-,-,-,2970.2000,2970.0000,2969.6000,2969.4000,2968.8000,2971.0000,2971.2000,2971.4000,2972.0000,2972.2000,1,7,2,2,1,1,2,2,3,3
SF,IH1912,2019-11-12 09:33:48.800,2970.4000,23946,0,362083800.000,0,-,-,-,-,2970.2000,2970.0000,2969.6000,2969.4000,2968.8000,2971.0000,2971.2000,2971.4000,2972.0000,2972.2000,1,8,2,2,1,1,2,2,3,3
SF,IH1912,2019-11-12 09:33:49.300,2970.4000,23946,0,362083800.000,0,-,-,-,-,2970.2000,2970.0000,2969.6000,2969.4000,2968.8000,2970.4000,2971.0000,2971.2000,2971.4000,2972.0000,1,8,2,2,1,1,1,2,2,3
SF,IH1912,2019-11-12 09:33:49.800,2970.4000,23946,0,362083800.000,0,-,-,-,-,2970.0000,2969.6000,2969.4000,2968.8000,2968.4000,2970.2000,2970.4000,2971.2000,2971.4000,2972.0000,9,2,2,1,2,1,1,2,1,3
SF,IH1912,2019-11-12 09:33:50.300,2970.2000,23945,-1,363865920.000,2,0,2,多平,S,2970.2000,2970.0000,2969.6000,2969.4000,2968.8000,2970.4000,2971.2000,2971.4000,2972.0000,2972.2000,1,9,2,2,1,1,2,1,3,3
SF,IH1912,2019-11-12 09:33:50.800,2970.2000,23944,-1,364756980.000,1,0,1,双平,S,2970.0000,2969.6000,2969.4000,2968.8000,2968.4000,2970.2000,2970.4000,2971.2000,2971.4000,2972.0000,9,2,2,1,2,2,1,2,1,3
SF,IH1912,2019-11-12 09:33:51.300,2970.0000,23944,0,368320980.000,4,2,2,多换,S,2970.0000,2969.6000,2969.4000,2968.8000,2968.4000,2970.4000,2971.2000,2971.4000,2972.0000,2972.2000,5,2,2,1,2,1,2,1,3,3
SF,IH1912,2019-11-12 09:33:51.800,2970.0000,23945,1,369211980.000,1,1,0,双开,S,2970.0000,2969.6000,2969.4000,2968.8000,2968.4000,2970.2000,2970.4000,2971.2000,2971.4000,2972.0000,3,2,2,1,2,1,1,2,1,3
SF,IH1912,2019-11-12 09:33:52.300,2970.0000,23943,-2,370993980.000,2,0,2,双平,S,2970.0000,2969.6000,2969.4000,2968.8000,2968.4000,2970.2000,2970.4000,2971.2000,2971.4000,2972.0000,1,2,2,1,2,1,1,2,1,3
SF,IH1912,2019-11-12 09:33:52.800,2970.0000,23943,0,371884980.000,1,0,1,多换,S,2969.6000,2969.4000,2968.8000,2968.4000,2968.2000,2970.0000,2970.2000,2970.4000,2971.2000,2971.4000,2,2,1,2,4,1,1,1,2,1
SF,IH1912,2019-11-12 09:33:53.300,2970.0000,23943,0,372775980.000,1,0,1,多换,S,2970.2000,2970.0000,2969.8000,2969.6000,2969.4000,2970.4000,2971.2000,2971.4000,2972.0000,2972.2000,2,2,1,3,2,1,2,1,3,3
SF,IH1912,2019-11-12 09:33:53.800,2970.0000,23943,0,372775980.000,0,-,-,-,-,2970.2000,2970.0000,2969.6000,2969.4000,2968.8000,2970.4000,2971.2000,2971.4000,2972.0000,2972.2000,2,2,3,2,1,1,2,1,3,3
SF,IH1912,2019-11-12 09:33:54.300,2970.2000,23941,-2,374558160.000,2,0,2,双平,S,2970.4000,2970.2000,2970.0000,2969.6000,2969.4000,2971.2000,2971.4000,2972.0000,2972.2000,2972.6000,1,1,2,3,2,2,1,3,3,3
SF,IH1912,2019-11-12 09:33:54.800,2970.2000,23940,-1,375449220.000,1,0,1,双平,S,2970.0000,2969.6000,2969.4000,2968.8000,2968.4000,2971.2000,2972.0000,2972.2000,2972.6000,2972.8000,2,3,2,1,2,2,3,3,3,2
SF,IH1912,2019-11-12 09:33:55.300,2970.2000,23940,0,375449220.000,0,-,-,-,-,2970.2000,2970.0000,2969.6000,2969.4000,2968.8000,2972.0000,2972.2000,2972.6000,2972.8000,2973.2000,4,3,3,2,1,3,3,3,2,1
SF,IH1912,2019-11-12 09:33:55.800,2970.2000,23940,0,375449220.000,0,-,-,-,-,2970.6000,2970.2000,2970.0000,2969.6000,2969.4000,2971.8000,2972.0000,2972.2000,2972.6000,2972.8000,1,4,3,2,2,3,3,3,3,2
SF,IH1912,2019-11-12 09:33:56.300,2970.2000,23940,0,375449220.000,0,-,-,-,-,2970.8000,2970.6000,2970.0000,2969.6000,2969.4000,2971.8000,2972.0000,2972.2000,2972.6000,2972.8000,3,2,2,2,2,3,3,3,3,2
SF,IH1912,2019-11-12 09:33:56.800,2970.2000,23940,0,375449220.000,0,-,-,-,-,2970.8000,2970.6000,2970.0000,2969.6000,2969.4000,2971.6000,2971.8000,2972.0000,2972.2000,2972.6000,3,1,2,2,2,1,1,3,3,3
SF,IH1912,2019-11-12 09:33:57.300,2970.2000,23940,0,375449220.000,0,-,-,-,-,2970.6000,2970.0000,2969.6000,2969.4000,2968.8000,2971.6000,2972.0000,2972.2000,2972.6000,2972.8000,1,2,2,2,1,2,3,3,3,2
SF,IH1912,2019-11-12 09:33:57.800,2970.2000,23940,0,375449220.000,0,-,-,-,-,2970.8000,2970.6000,2970.0000,2969.6000,2969.4000,2971.6000,2972.0000,2972.2000,2972.6000,2972.8000,1,1,2,2,2,2,3,3,3,2
SF,IH1912,2019-11-12 09:33:58.300,2970.2000,23940,0,375449220.000,0,-,-,-,-,2970.6000,2970.0000,2969.6000,2969.4000,2968.8000,2971.6000,2972.0000,2972.2000,2972.6000,2972.8000,1,2,2,2,1,2,3,3,3,2
SF,IH1912,2019-11-12 09:33:58.800,2970.2000,23940,0,375449220.000,0,-,-,-,-,2970.6000,2970.0000,2969.6000,2969.4000,2968.8000,2971.6000,2972.0000,2972.2000,2972.6000,2972.8000,1,2,2,2,1,2,3,3,3,2
SF,IH1912,2019-11-12 09:33:59.300,2970.2000,23939,-1,376340280.000,1,0,1,双平,S,2970.6000,2970.0000,2969.6000,2969.4000,2968.8000,2971.6000,2971.8000,2972.0000,2972.2000,2972.6000,1,3,2,2,1,2,1,3,3,3
SF,IH1912,2019-11-12 09:33:59.800,2970.2000,23939,0,376340280.000,0,-,-,-,-,2970.6000,2970.0000,2969.6000,2969.4000,2968.8000,2971.4000,2971.6000,2972.0000,2972.2000,2972.6000,1,2,2,2,1,1,2,3,3,3
SF,IH1912,2019-11-12 09:34:00.300,2970.2000,23939,0,376340280.000,0,-,-,-,-,2970.6000,2970.0000,2969.6000,2969.4000,2968.8000,2971.2000,2971.4000,2971.6000,2972.0000,2972.2000,1,2,2,2,1,1,1,2,3,3
SF,IH1912,2019-11-12 09:34:00.800,2971.2000,23939,0,377231640.000,1,0,1,多换,S,2971.4000,2971.2000,2970.6000,2970.0000,2969.6000,2971.6000,2972.0000,2972.2000,2972.6000,2972.8000,1,1,1,1,2,2,3,3,3,2
SF,IH1912,2019-11-12 09:34:01.300,2971.4000,23937,-2,380797320.000,4,1,3,多平,S,2971.2000,2970.6000,2970.2000,2970.0000,2969.6000,2971.4000,2971.6000,2972.0000,2972.2000,2972.6000,1,1,1,1,2,3,4,4,3,3
SF,IH1912,2019-11-12 09:34:01.800,2971.4000,23933,-4,384362940.000,4,0,4,双平,S,2971.4000,2970.6000,2970.0000,2969.6000,2969.4000,2971.6000,2972.0000,2972.2000,2972.6000,2972.8000,1,1,1,2,2,1,1,3,3,2
SF,IH1912,2019-11-12 09:34:02.300,2971.6000,23933,0,385254420.000,1,0,1,多换,S,2971.6000,2971.4000,2970.6000,2970.0000,2969.6000,2972.0000,2972.2000,2972.6000,2972.8000,2973.2000,1,1,1,1,2,1,3,3,2,1
SF,IH1912,2019-11-12 09:34:02.800,2972.0000,23933,0,386146020.000,1,0,1,多换,S,2971.6000,2971.4000,2970.6000,2970.0000,2969.6000,2972.2000,2972.6000,2972.8000,2973.2000,2973.8000,1,1,1,2,2,1,3,2,1,2
SF,IH1912,2019-11-12 09:34:03.300,2972.0000,23933,0,386146020.000,0,-,-,-,-,2971.6000,2971.4000,2970.6000,2970.0000,2969.6000,2972.2000,2972.6000,2972.8000,2973.2000,2973.8000,2,1,1,3,2,1,3,2,1,2
SF,IH1912,2019-11-12 09:34:04.300,2972.2000,23933,0,387037680.000,1,0,1,多换,S,2972.2000,2971.6000,2971.4000,2970.6000,2970.0000,2972.6000,2972.8000,2973.2000,2973.8000,2974.0000,1,2,1,1,3,2,2,1,2,4
SF,IH1912,2019-11-12 09:34:04.800,2972.2000,23933,0,387929340.000,1,0,1,多换,S,2971.6000,2971.4000,2970.6000,2970.0000,2969.6000,2972.0000,2972.2000,2972.6000,2972.8000,2973.8000,2,1,1,3,2,1,2,4,2,2
SF,IH1912,2019-11-12 09:34:05.300,2971.6000,23933,0,388820820.000,1,0,1,多换,S,2971.4000,2970.6000,2970.0000,2969.6000,2969.4000,2971.6000,2972.0000,2972.2000,2972.6000,2972.8000,1,1,3,2,2,3,1,1,2,2
SF,IH1912,2019-11-12 09:34:05.800,2971.6000,23933,0,388820820.000,0,-,-,-,-,2970.6000,2970.0000,2969.6000,2969.4000,2968.8000,2971.4000,2971.6000,2972.0000,2972.2000,2972.6000,1,3,2,2,1,2,1,1,1,2
SF,IH1912,2019-11-12 09:34:06.300,2970.8000,23932,-1,391494900.000,3,1,2,多平,S,2970.8000,2970.6000,2970.0000,2969.6000,2969.4000,2971.6000,2972.2000,2972.6000,2972.8000,2973.8000,15,1,3,2,2,1,1,2,2,2
SF,IH1912,2019-11-12 09:34:06.800,2971.4000,23932,0,392386320.000,1,0,1,多换,S,2971.0000,2970.8000,2970.6000,2970.0000,2969.6000,2971.6000,2972.2000,2972.6000,2972.8000,2973.8000,1,10,1,3,2,1,1,2,2,2
SF,IH1912,2019-11-12 09:34:07.300,2971.4000,23932,0,392386320.000,0,-,-,-,-,2970.8000,2970.6000,2970.0000,2969.6000,2969.4000,2971.4000,2972.2000,2972.6000,2972.8000,2973.8000,10,1,3,2,2,1,1,2,2,2
SF,IH1912,2019-11-12 09:34:07.800,2971.4000,23932,0,392386320.000,0,-,-,-,-,2971.4000,2970.8000,2970.6000,2970.0000,2969.6000,2972.2000,2972.6000,2972.8000,2973.8000,2974.0000,4,10,1,3,2,1,2,2,2,4
SF,IH1912,2019-11-12 09:34:08.300,2971.4000,23932,0,392386320.000,0,-,-,-,-,2971.4000,2971.0000,2970.8000,2970.6000,2970.0000,2972.0000,2972.6000,2972.8000,2973.8000,2974.0000,3,1,10,1,3,1,2,2,2,4
SF,IH1912,2019-11-12 09:34:08.800,2972.0000,23931,-1,393277920.000,1,0,1,双平,S,2972.0000,2971.4000,2971.0000,2970.8000,2970.6000,2972.6000,2972.8000,2973.8000,2974.0000,2974.4000,1,3,2,10,1,2,3,2,4,1
SF,IH1912,2019-11-12 09:34:09.300,2972.0000,23931,0,393277920.000,0,-,-,-,-,2971.4000,2970.8000,2970.6000,2970.0000,2969.6000,2972.4000,2972.6000,2972.8000,2973.8000,2974.0000,3,10,1,3,2,1,2,2,2,4
SF,IH1912,2019-11-12 09:34:09.800,2971.6000,23932,1,394169400.000,1,1,0,双开,S,2971.6000,2971.4000,2970.8000,2970.6000,2970.0000,2972.4000,2972.8000,2973.8000,2974.0000,2974.4000,1,3,10,1,3,1,2,2,4,1
SF,IH1912,2019-11-12 09:34:10.300,2971.6000,23932,0,394169400.000,0,-,-,-,-,2971.4000,2970.8000,2970.6000,2970.0000,2969.6000,2972.2000,2972.4000,2972.8000,2973.8000,2974.0000,3,10,1,3,2,1,1,2,2,4
SF,IH1912,2019-11-12 09:34:10.800,2971.6000,23932,0,394169400.000,0,-,-,-,-,2971.4000,2971.0000,2970.8000,2970.6000,2970.0000,2972.2000,2972.8000,2973.8000,2974.0000,2974.4000,3,1,3,1,3,2,2,2,4,1
SF,IH1912,2019-11-12 09:34:11.300,2971.6000,23932,0,394169400.000,0,-,-,-,-,2971.4000,2971.0000,2970.8000,2970.6000,2970.0000,2972.0000,2972.2000,2972.8000,2973.8000,2974.0000,2,1,1,1,3,1,2,2,2,4
SF,IH1912,2019-11-12 09:34:12.300,2971.6000,23932,0,394169400.000,0,-,-,-,-,2971.4000,2971.0000,2970.6000,2970.0000,2969.6000,2971.8000,2972.0000,2972.2000,2972.8000,2973.8000,2,1,1,3,2,1,1,2,2,2
SF,IH1912,2019-11-12 09:34:12.800,2971.6000,23932,0,394169400.000,0,-,-,-,-,2971.4000,2971.0000,2970.6000,2970.0000,2969.6000,2971.8000,2972.2000,2972.8000,2973.8000,2974.0000,1,1,1,3,2,1,3,2,2,4
SF,IH1912,2019-11-12 09:34:13.800,2971.4000,23932,0,395060820.000,1,0,1,多换,S,2971.0000,2970.6000,2970.0000,2969.6000,2969.4000,2971.4000,2971.8000,2972.2000,2972.8000,2973.8000,1,1,3,2,2,2,1,3,2,2
SF,IH1912,2019-11-12 09:34:14.300,2971.0000,23931,-1,395952120.000,1,0,1,双平,S,2970.6000,2970.0000,2969.6000,2969.4000,2969.0000,2971.0000,2971.2000,2971.4000,2971.8000,2972.2000,1,3,2,2,1,1,1,1,1,2
SF,IH1912,2019-11-12 09:34:14.800,2970.8000,23931,0,396843360.000,1,0,1,多换,S,2970.6000,2970.0000,2969.6000,2969.4000,2969.0000,2971.4000,2971.8000,2972.2000,2972.8000,2973.8000,1,4,2,2,1,1,1,2,2,2
SF,IH1912,2019-11-12 09:34:15.300,2970.8000,23931,0,396843360.000,0,-,-,-,-,2970.6000,2970.0000,2969.6000,2969.4000,2969.0000,2971.2000,2971.4000,2972.2000,2972.8000,2973.8000,1,3,2,2,1,2,1,2,2,2
SF,IH1912,2019-11-12 09:34:15.800,2970.8000,23931,0,396843360.000,0,-,-,-,-,2970.0000,2969.6000,2969.4000,2969.0000,2968.8000,2971.2000,2971.4000,2972.2000,2972.8000,2973.8000,3,2,2,1,1,2,1,2,2,2
SF,IH1912,2019-11-12 09:34:16.300,2970.8000,23931,0,396843360.000,0,-,-,-,-,2970.0000,2969.6000,2969.4000,2969.0000,2968.8000,2970.6000,2971.2000,2971.4000,2972.2000,2972.8000,5,2,2,1,1,1,3,1,1,2
SF,IH1912,2019-11-12 09:34:16.800,2970.8000,23931,0,396843360.000,0,-,-,-,-,2970.0000,2969.6000,2969.4000,2969.0000,2968.8000,2971.2000,2971.4000,2972.2000,2972.8000,2973.8000,5,2,2,1,1,1,1,1,2,2
SF,IH1912,2019-11-12 09:34:17.300,2970.8000,23931,0,396843360.000,0,-,-,-,-,2970.0000,2969.6000,2969.4000,2969.0000,2968.8000,2971.0000,2971.2000,2971.4000,2972.2000,2972.8000,5,2,2,1,1,2,1,1,1,2
SF,IH1912,2019-11-12 09:34:17.800,2970.8000,23931,0,396843360.000,0,-,-,-,-,2970.0000,2969.6000,2969.4000,2969.0000,2968.8000,2971.0000,2971.2000,2971.4000,2972.2000,2972.8000,4,2,2,1,1,2,1,1,1,2
SF,IH1912,2019-11-12 09:34:18.300,2970.0000,23930,-1,398625360.000,2,0,2,多平,S,2970.0000,2969.6000,2969.4000,2969.0000,2968.8000,2971.0000,2971.2000,2971.4000,2972.2000,2972.8000,2,2,2,1,1,2,1,1,1,2
SF,IH1912,2019-11-12 09:34:18.800,2970.0000,23930,0,399516360.000,1,0,1,多换,S,2969.6000,2969.4000,2969.0000,2968.8000,2968.4000,2970.8000,2971.0000,2971.2000,2971.4000,2972.2000,2,2,1,1,1,7,2,1,1,1
SF,IH1912,2019-11-12 09:34:19.300,2970.6000,23931,1,400407540.000,1,1,0,双开,S,2969.6000,2969.4000,2969.0000,2968.8000,2968.4000,2970.6000,2970.8000,2971.0000,2971.2000,2971.4000,4,2,1,1,1,1,4,1,1,1
SF,IH1912,2019-11-12 09:34:19.800,2970.6000,23931,0,400407540.000,0,-,-,-,-,2969.6000,2969.4000,2969.2000,2969.0000,2968.8000,2970.6000,2971.0000,2971.2000,2971.4000,2972.2000,4,2,1,1,1,2,1,1,1,1
SF,IH1912,2019-11-12 09:34:20.300,2970.6000,23931,0,400407540.000,0,-,-,-,-,2969.8000,2969.6000,2969.4000,2969.2000,2969.0000,2970.6000,2971.0000,2971.4000,2972.0000,2972.2000,2,4,2,1,1,1,1,1,1,1
SF,IH1912,2019-11-12 09:34:20.800,2970.6000,23931,0,400407540.000,0,-,-,-,-,2969.8000,2969.6000,2969.4000,2969.2000,2969.0000,2971.0000,2971.4000,2972.0000,2972.2000,2972.8000,2,4,2,1,1,1,1,1,1,2
SF,IH1912,2019-11-12 09:34:21.300,2970.6000,23931,0,400407540.000,0,-,-,-,-,2969.8000,2969.6000,2969.4000,2969.2000,2969.0000,2970.8000,2971.0000,2971.4000,2972.0000,2972.2000,2,4,2,1,1,1,1,1,1,1
SF,IH1912,2019-11-12 09:34:21.800,2970.6000,23931,0,400407540.000,0,-,-,-,-,2969.8000,2969.6000,2969.4000,2969.2000,2969.0000,2970.6000,2970.8000,2971.0000,2971.4000,2972.0000,1,4,2,1,1,1,2,1,1,1
SF,IH1912,2019-11-12 09:34:22.300,2970.6000,23931,0,400407540.000,0,-,-,-,-,2970.2000,2969.8000,2969.6000,2969.4000,2969.2000,2971.0000,2971.4000,2972.0000,2972.2000,2972.8000,1,1,4,2,1,1,1,1,1,2
SF,IH1912,2019-11-12 09:34:22.800,2970.6000,23931,0,400407540.000,0,-,-,-,-,2970.2000,2969.8000,2969.6000,2969.4000,2969.2000,2970.8000,2971.0000,2971.4000,2972.0000,2972.2000,1,1,4,2,1,1,1,1,1,1
SF,IH1912,2019-11-12 09:34:23.800,2970.6000,23931,0,400407540.000,0,-,-,-,-,2970.2000,2969.8000,2969.6000,2969.4000,2969.2000,2970.8000,2971.0000,2971.4000,2972.0000,2972.2000,1,1,3,2,1,1,1,1,1,1
SF,IH1912,2019-11-12 09:34:24.800,2970.6000,23931,0,400407540.000,0,-,-,-,-,2970.2000,2969.8000,2969.6000,2969.4000,2969.2000,2970.8000,2971.0000,2971.4000,2972.0000,2972.2000,1,1,3,2,1,3,1,1,1,1
SF,IH1912,2019-11-12 09:34:25.300,2970.6000,23931,0,400407540.000,0,-,-,-,-,2970.2000,2969.8000,2969.6000,2969.4000,2969.2000,2970.8000,2971.0000,2971.4000,2972.0000,2972.2000,1,1,3,2,1,1,1,1,1,1
SF,IH1912,2019-11-12 09:34:25.800,2970.8000,23930,-1,401298780.000,1,0,1,双平,S,2970.2000,2969.8000,2969.6000,2969.4000,2969.2000,2971.0000,2971.4000,2971.6000,2972.0000,2972.2000,1,2,3,2,1,1,1,1,1,1
SF,IH1912,2019-11-12 09:34:26.300,2970.8000,23930,0,401298780.000,0,-,-,-,-,2970.2000,2969.8000,2969.6000,2969.4000,2969.2000,2971.4000,2972.0000,2972.2000,2972.8000,2973.8000,1,1,3,2,1,1,1,1,2,2
SF,IH1912,2019-11-12 09:34:26.800,2970.8000,23930,0,401298780.000,0,-,-,-,-,2970.4000,2970.2000,2969.8000,2969.6000,2969.4000,2972.0000,2972.2000,2972.8000,2973.8000,2974.0000,12,2,1,3,2,1,1,2,2,4
SF,IH1912,2019-11-12 09:34:27.300,2970.8000,23930,0,401298780.000,0,-,-,-,-,2970.8000,2970.6000,2970.4000,2970.2000,2969.6000,2971.8000,2972.0000,2972.2000,2972.8000,2973.8000,1,4,10,2,2,1,1,1,2,2
SF,IH1912,2019-11-12 09:34:27.800,2970.8000,23931,1,402190020.000,1,1,0,双开,S,2970.8000,2970.6000,2970.2000,2969.6000,2969.4000,2971.4000,2971.6000,2971.8000,2972.0000,2972.2000,1,2,1,2,2,2,6,1,1,1
SF,IH1912,2019-11-12 09:34:28.300,2970.8000,23931,0,402190020.000,0,-,-,-,-,2970.6000,2970.2000,2969.8000,2969.6000,2969.4000,2971.2000,2971.4000,2971.6000,2971.8000,2972.0000,2,1,2,2,2,1,2,3,1,1
SF,IH1912,2019-11-12 09:34:28.800,2970.8000,23931,0,402190020.000,0,-,-,-,-,2970.6000,2970.2000,2969.8000,2969.6000,2969.4000,2971.6000,2971.8000,2972.0000,2972.2000,2972.8000,2,1,2,2,2,2,1,1,1,2
SF,IH1912,2019-11-12 09:34:29.300,2970.8000,23931,0,402190020.000,0,-,-,-,-,2970.6000,2970.2000,2969.8000,2969.6000,2969.4000,2971.4000,2971.6000,2971.8000,2972.0000,2972.2000,3,1,2,2,2,1,4,1,1,1
SF,IH1912,2019-11-12 09:34:29.800,2970.8000,23931,0,402190020.000,0,-,-,-,-,2970.2000,2969.8000,2969.6000,2969.4000,2969.2000,2971.4000,2971.6000,2971.8000,2972.0000,2972.2000,1,2,2,2,1,2,4,1,1,1
SF,IH1912,2019-11-12 09:34:30.300,2970.8000,23931,0,402190020.000,0,-,-,-,-,2970.4000,2970.2000,2969.8000,2969.6000,2969.4000,2971.4000,2971.6000,2971.8000,2972.0000,2972.2000,3,2,2,2,2,2,4,1,1,1
SF,IH1912,2019-11-12 09:34:30.800,2970.8000,23931,0,402190020.000,0,-,-,-,-,2970.4000,2970.2000,2969.8000,2969.6000,2969.4000,2971.4000,2971.6000,2971.8000,2972.0000,2972.2000,2,2,2,2,2,2,2,1,1,1
SF,IH1912,2019-11-12 09:34:31.300,2970.4000,23931,0,403081140.000,1,0,1,多换,S,2970.4000,2970.2000,2969.8000,2969.6000,2969.4000,2971.2000,2971.4000,2971.6000,2971.8000,2972.0000,1,2,2,2,2,3,3,2,1,1
SF,IH1912,2019-11-12 09:34:31.800,2970.4000,23931,0,403081140.000,0,-,-,-,-,2970.2000,2969.8000,2969.6000,2969.4000,2969.2000,2970.4000,2971.0000,2971.2000,2971.4000,2971.6000,2,2,2,2,1,1,3,3,1,2
SF,IH1912,2019-11-12 09:34:32.300,2970.4000,23931,0,404863380.000,2,1,1,多换,S,2970.2000,2969.8000,2969.6000,2969.4000,2969.2000,2971.0000,2971.2000,2971.6000,2971.8000,2972.0000,2,2,2,2,1,1,1,2,1,2
SF,IH1912,2019-11-12 09:34:32.800,2970.4000,23931,0,404863380.000,0,-,-,-,-,2970.2000,2969.8000,2969.6000,2969.4000,2969.2000,2970.8000,2971.0000,2971.2000,2971.6000,2971.8000,2,2,2,2,1,1,1,1,2,1
SF,IH1912,2019-11-12 09:34:33.300,2970.2000,23931,0,405754440.000,1,0,1,多换,S,2969.8000,2969.6000,2969.4000,2969.2000,2969.0000,2970.8000,2971.0000,2971.2000,2971.6000,2971.8000,2,2,2,1,1,1,1,1,2,1
