市场代码,合约代码,时间,最新,持仓,增仓,成交额,成交量,开仓,平仓,成交类型,方向,买一价,买二价,买三价,买四价,买五价,卖一价,卖二价,卖三价,卖四价,卖五价,买一量,买二量,买三量,买四量,买五量,卖一量,卖二量,卖三量,卖四量,卖五量
SF,IH1912,2019-11-05 09:29:00.100,3019.0000,21460,0,1811400.000,2.000,-,-,-,-,3018.4000,3017.4000,3016.4000,3016.0000,3015.4000,3020.0000,3020.4000,3021.6000,3022.0000,3022.8000,1,3,3,1,4,4,1,1,2,1
SF,IH1912,2019-11-05 09:30:00.100,3019.0000,21457,-3,6340740.000,5,1,4,多平,S,3018.8000,3018.4000,3017.8000,3017.4000,3016.8000,3019.0000,3019.8000,3020.0000,3020.4000,3021.0000,1,2,2,3,1,2,1,4,1,3
SF,IH1912,2019-11-05 09:30:00.600,3018.4000,21457,0,9057540.000,3,1,2,多换,S,3017.4000,3016.8000,3016.4000,3015.4000,3015.0000,3018.8000,3019.0000,3019.8000,3020.0000,3020.4000,3,1,3,3,3,2,2,1,4,1
SF,IH1912,2019-11-05 09:30:01.100,3018.4000,21457,0,11774100.000,3,1,2,多换,S,3017.4000,3016.8000,3016.4000,3015.6000,3015.4000,3018.4000,3018.6000,3018.8000,3019.0000,3019.2000,3,1,3,2,3,1,8,4,3,2
SF,IH1912,2019-11-05 09:30:01.600,3017.4000,21457,0,15394980.000,4,2,2,多换,S,3016.8000,3016.4000,3015.6000,3015.4000,3015.0000,3017.6000,3017.8000,3018.2000,3018.4000,3018.6000,1,3,2,3,3,1,2,10,3,7
SF,IH1912,2019-11-05 09:30:02.100,3017.4000,21457,0,16300200.000,1,0,1,多换,S,3016.8000,3016.4000,3015.6000,3015.4000,3015.0000,3017.4000,3017.6000,3018.2000,3018.4000,3018.6000,1,3,2,3,3,3,1,7,3,6
SF,IH1912,2019-11-05 09:30:02.600,3017.4000,21457,0,16300200.000,0,-,-,-,-,3016.8000,3016.4000,3015.6000,3015.4000,3015.0000,3017.4000,3017.6000,3018.2000,3018.4000,3018.6000,1,3,2,3,3,6,1,7,3,6
SF,IH1912,2019-11-05 09:30:03.100,3016.8000,21457,0,17205240.000,1,0,1,多换,S,3016.4000,3015.4000,3015.0000,3014.4000,3013.4000,3016.8000,3017.4000,3017.6000,3018.2000,3018.4000,3,3,3,3,3,5,9,1,7,1
SF,IH1912,2019-11-05 09:30:03.600,3016.4000,21457,0,18110160.000,1,0,1,多换,S,3016.4000,3015.4000,3015.0000,3014.4000,3013.4000,3016.6000,3016.8000,3017.4000,3017.6000,3018.2000,2,3,3,3,3,4,4,13,1,5
SF,IH1912,2019-11-05 09:30:04.100,3016.4000,21457,0,19015080.000,1,0,1,多换,S,3016.4000,3015.4000,3015.0000,3014.4000,3013.4000,3016.6000,3016.8000,3017.4000,3017.6000,3018.2000,1,3,3,3,3,4,4,13,1,5
SF,IH1912,2019-11-05 09:30:04.600,3016.4000,21457,0,19920000.000,1,0,1,多换,S,3015.4000,3015.0000,3014.4000,3013.4000,3013.0000,3016.0000,3016.2000,3016.6000,3016.8000,3017.4000,3,3,3,3,2,2,1,4,4,13
SF,IH1912,2019-11-05 09:30:05.100,3016.4000,21457,0,19920000.000,0,-,-,-,-,3015.6000,3015.4000,3015.0000,3014.4000,3013.4000,3016.0000,3016.6000,3017.4000,3017.6000,3018.2000,1,3,3,3,3,2,4,14,1,5
SF,IH1912,2019-11-05 09:30:05.600,3016.4000,21457,0,19920000.000,0,-,-,-,-,3015.4000,3015.0000,3014.4000,3013.4000,3013.0000,3015.6000,3015.8000,3016.0000,3016.6000,3017.4000,3,3,3,3,2,1,1,2,3,14
SF,IH1912,2019-11-05 09:30:06.100,3015.4000,21457,0,20824620.000,1,0,1,多换,S,3015.4000,3015.0000,3014.4000,3013.4000,3013.0000,3016.0000,3016.6000,3017.4000,3017.6000,3018.2000,2,3,3,3,2,2,4,14,1,5
SF,IH1912,2019-11-05 09:30:06.600,3016.0000,21456,-1,21729420.000,1,0,1,双平,S,3015.6000,3015.4000,3015.0000,3014.4000,3013.4000,3016.0000,3016.6000,3017.4000,3017.6000,3018.2000,1,2,3,3,3,1,4,14,1,5
SF,IH1912,2019-11-05 09:30:07.100,3015.4000,21456,0,22634040.000,1,0,1,多换,S,3015.4000,3015.0000,3014.4000,3013.4000,3013.0000,3015.6000,3016.0000,3016.6000,3017.4000,3017.6000,1,3,3,3,2,1,1,4,14,1
SF,IH1912,2019-11-05 09:30:07.600,3015.0000,21455,-1,24443160.000,2,0,2,多平,S,3015.0000,3014.4000,3013.4000,3013.0000,3012.4000,3015.4000,3015.6000,3016.0000,3016.6000,3017.4000,2,3,3,2,3,1,1,1,4,14
SF,IH1912,2019-11-05 09:30:08.100,3015.0000,21453,-2,26252160.000,2,0,2,双平,S,3014.4000,3013.4000,3013.0000,3012.4000,3012.2000,3016.0000,3016.6000,3017.4000,3017.6000,3018.2000,3,3,2,3,3,1,4,12,1,5
SF,IH1912,2019-11-05 09:30:08.600,3015.0000,21453,0,26252160.000,0,-,-,-,-,3014.4000,3013.4000,3013.0000,3012.4000,3012.2000,3015.8000,3016.0000,3016.4000,3016.6000,3017.4000,3,3,2,3,3,4,1,1,3,10
SF,IH1912,2019-11-05 09:30:09.100,3015.0000,21453,0,26252160.000,0,-,-,-,-,3015.4000,3014.4000,3013.4000,3013.0000,3012.4000,3015.6000,3015.8000,3016.0000,3016.4000,3016.6000,1,3,3,2,3,2,4,2,1,3
SF,IH1912,2019-11-05 09:30:09.600,3015.4000,21453,0,28061400.000,2,1,1,多换,S,3014.4000,3013.4000,3013.0000,3012.4000,3012.2000,3015.4000,3015.6000,3015.8000,3016.0000,3016.4000,3,3,2,3,1,6,3,2,1,1
SF,IH1912,2019-11-05 09:30:10.100,3014.4000,21453,0,30774360.000,3,1,2,多换,S,3013.4000,3013.0000,3012.4000,3012.2000,3011.8000,3014.4000,3015.4000,3015.6000,3015.8000,3016.0000,3,2,3,1,1,1,6,2,2,1
SF,IH1912,2019-11-05 09:30:10.600,3014.2000,21452,-1,35294700.000,5,2,3,多平,S,3013.0000,3012.4000,3012.2000,3011.8000,3011.4000,3014.2000,3014.4000,3015.4000,3015.6000,3015.8000,2,3,1,1,3,1,1,4,2,2
SF,IH1912,2019-11-05 09:30:11.100,3014.2000,21452,0,35294700.000,0,-,-,-,-,3013.0000,3012.4000,3012.2000,3011.8000,3011.4000,3014.2000,3014.4000,3015.4000,3015.6000,3015.8000,4,3,1,1,3,1,1,4,2,2
SF,IH1912,2019-11-05 09:30:11.600,3014.2000,21452,0,35294700.000,0,-,-,-,-,3013.8000,3013.2000,3013.0000,3012.4000,3012.2000,3014.0000,3014.2000,3014.4000,3015.4000,3015.6000,1,4,2,3,1,1,1,1,4,2
SF,IH1912,2019-11-05 09:30:12.100,3014.4000,21451,-1,37103220.000,2,0,2,多平,S,3014.0000,3013.8000,3013.2000,3013.0000,3012.4000,3015.4000,3015.6000,3015.8000,3016.0000,3016.4000,1,1,3,2,3,4,2,2,1,1
SF,IH1912,2019-11-05 09:30:12.600,3014.4000,21451,0,37103220.000,0,-,-,-,-,3014.2000,3013.2000,3013.0000,3012.4000,3012.2000,3015.2000,3015.4000,3015.6000,3015.8000,3016.0000,1,3,2,3,1,6,5,2,2,1
SF,IH1912,2019-11-05 09:30:13.100,3014.4000,21451,0,37103220.000,0,-,-,-,-,3014.2000,3013.2000,3013.0000,3012.4000,3012.2000,3015.0000,3015.2000,3015.4000,3015.6000,3016.0000,1,3,2,3,1,2,6,5,2,1
SF,IH1912,2019-11-05 09:30:13.600,3014.4000,21451,0,37103220.000,0,-,-,-,-,3014.2000,3013.2000,3013.0000,3012.4000,3012.2000,3014.8000,3015.0000,3015.2000,3015.4000,3015.6000,1,3,2,3,1,2,2,4,5,2
SF,IH1912,2019-11-05 09:30:14.100,3014.4000,21451,0,37103220.000,0,-,-,-,-,3014.2000,3013.2000,3013.0000,3012.4000,3012.2000,3014.6000,3014.8000,3015.0000,3015.2000,3015.4000,1,3,2,3,1,2,2,2,2,3
SF,IH1912,2019-11-05 09:30:14.600,3014.2000,21447,-4,45242640.000,9,2,7,多平,S,3013.2000,3013.0000,3012.4000,3012.2000,3011.8000,3013.8000,3014.2000,3015.2000,3015.4000,3015.6000,3,2,3,1,1,1,2,2,2,2
SF,IH1912,2019-11-05 09:30:15.100,3014.2000,21446,-1,47955300.000,3,1,2,多平,S,3014.4000,3014.0000,3013.8000,3013.6000,3013.4000,3015.4000,3016.6000,3017.4000,3017.6000,3018.2000,2,2,6,2,15,1,1,3,1,2
SF,IH1912,2019-11-05 09:30:15.600,3015.4000,21445,-1,48859920.000,1,0,1,双平,S,3015.4000,3014.6000,3014.4000,3014.0000,3013.8000,3016.6000,3017.4000,3017.6000,3018.2000,3018.6000,1,1,1,1,1,1,3,1,2,4
SF,IH1912,2019-11-05 09:30:16.100,3016.4000,21443,-2,50669460.000,2,0,2,双平,S,3014.4000,3014.0000,3013.8000,3013.4000,3013.2000,3016.4000,3016.6000,3016.8000,3017.4000,3017.6000,1,1,1,13,4,4,1,1,3,1
SF,IH1912,2019-11-05 09:30:16.600,3016.4000,21443,0,50669460.000,0,-,-,-,-,3014.6000,3014.4000,3014.0000,3013.8000,3013.4000,3016.0000,3016.2000,3016.4000,3016.6000,3016.8000,1,3,1,1,13,1,2,4,1,1
SF,IH1912,2019-11-05 09:30:17.100,3016.4000,21443,0,50669460.000,0,-,-,-,-,3014.6000,3014.4000,3014.0000,3013.8000,3013.4000,3016.0000,3016.2000,3016.4000,3016.6000,3016.8000,1,2,1,1,13,1,2,3,1,1
SF,IH1912,2019-11-05 09:30:17.600,3016.2000,21441,-2,52479120.000,2,0,2,双平,S,3014.8000,3014.6000,3014.4000,3014.0000,3013.8000,3016.4000,3016.6000,3016.8000,3017.4000,3017.6000,2,1,2,1,1,3,1,1,3,1
SF,IH1912,2019-11-05 09:30:18.100,3016.8000,21437,-4,57003900.000,5,0,5,多平,S,3015.0000,3014.4000,3014.0000,3013.8000,3013.4000,3017.4000,3017.6000,3018.8000,3019.0000,3019.2000,12,2,1,1,3,3,1,1,2,2
SF,IH1912,2019-11-05 09:30:18.600,3016.8000,21437,0,57003900.000,0,-,-,-,-,3015.4000,3015.2000,3015.0000,3014.4000,3014.0000,3017.0000,3017.2000,3017.4000,3017.6000,3018.8000,1,3,15,2,1,1,2,3,2,5
SF,IH1912,2019-11-05 09:30:19.100,3016.8000,21437,0,57003900.000,0,-,-,-,-,3015.4000,3015.2000,3015.0000,3014.4000,3014.0000,3016.8000,3017.0000,3017.2000,3017.4000,3017.6000,2,1,11,2,1,1,1,1,3,2
SF,IH1912,2019-11-05 09:30:19.600,3016.8000,21437,0,57003900.000,0,-,-,-,-,3015.4000,3015.0000,3014.4000,3014.0000,3013.8000,3016.4000,3016.8000,3017.2000,3017.4000,3017.6000,2,1,2,6,1,1,1,1,1,2
SF,IH1912,2019-11-05 09:30:20.100,3016.8000,21437,0,57003900.000,0,-,-,-,-,3015.4000,3015.0000,3014.4000,3014.0000,3013.8000,3016.4000,3017.2000,3017.4000,3017.6000,3018.8000,2,1,2,6,1,1,1,1,2,5
SF,IH1912,2019-11-05 09:30:20.600,3016.8000,21437,0,57003900.000,0,-,-,-,-,3015.4000,3015.0000,3014.4000,3014.0000,3013.8000,3016.4000,3017.0000,3017.2000,3017.4000,3017.6000,1,1,2,6,1,1,1,1,1,2
SF,IH1912,2019-11-05 09:30:21.100,3016.8000,21437,0,57003900.000,0,-,-,-,-,3015.4000,3015.0000,3014.4000,3014.0000,3013.8000,3016.4000,3017.0000,3017.2000,3017.4000,3017.6000,1,1,2,6,1,2,1,1,1,2
SF,IH1912,2019-11-05 09:30:21.600,3016.8000,21437,0,57003900.000,0,-,-,-,-,3015.4000,3015.0000,3014.4000,3014.0000,3013.8000,3016.4000,3017.0000,3017.2000,3017.4000,3017.6000,1,6,2,6,1,2,1,1,1,2
SF,IH1912,2019-11-05 09:30:22.100,3016.4000,21436,-1,58813740.000,2,0,2,多平,S,3016.0000,3015.6000,3015.4000,3015.0000,3014.4000,3017.0000,3017.4000,3017.6000,3018.8000,3019.0000,2,4,2,6,2,1,1,1,1,2
SF,IH1912,2019-11-05 09:30:22.600,3016.4000,21436,0,58813740.000,0,-,-,-,-,3016.4000,3016.2000,3015.6000,3015.4000,3015.0000,3016.8000,3017.0000,3017.2000,3017.4000,3017.6000,1,1,1,1,5,1,1,1,1,1
SF,IH1912,2019-11-05 09:30:23.100,3016.2000,21435,-1,60623520.000,2,0,2,多平,S,3015.6000,3015.4000,3015.0000,3014.4000,3014.0000,3016.0000,3016.2000,3016.4000,3017.0000,3017.4000,1,1,5,2,6,2,1,1,1,2
SF,IH1912,2019-11-05 09:30:23.600,3016.4000,21432,-3,64242900.000,4,0,4,多平,S,3016.2000,3015.6000,3015.4000,3015.0000,3014.4000,3017.0000,3017.4000,3017.6000,3018.8000,3019.0000,1,1,1,5,2,1,2,1,1,2
SF,IH1912,2019-11-05 09:30:24.100,3016.2000,21430,-2,66052620.000,2,0,2,双平,S,3016.0000,3015.6000,3015.4000,3015.0000,3014.4000,3016.2000,3016.4000,3016.6000,3016.8000,3017.0000,5,1,1,5,2,3,2,3,7,1
SF,IH1912,2019-11-05 09:30:24.600,3016.0000,21430,0,69671820.000,4,2,2,多换,S,3016.0000,3015.4000,3015.0000,3014.4000,3014.0000,3016.2000,3017.0000,3017.4000,3017.6000,3018.8000,1,1,5,2,6,4,1,2,1,1
SF,IH1912,2019-11-05 09:30:25.600,3016.0000,21430,0,70576620.000,1,0,1,多换,S,3015.4000,3015.0000,3014.4000,3014.0000,3013.4000,3016.2000,3017.0000,3017.4000,3017.6000,3018.8000,1,5,2,6,1,4,1,2,1,1
SF,IH1912,2019-11-05 09:30:26.100,3016.0000,21430,0,70576620.000,0,-,-,-,-,3015.6000,3015.4000,3015.0000,3014.4000,3014.0000,3015.8000,3016.2000,3017.0000,3017.4000,3017.6000,1,1,5,2,6,1,2,1,2,1
SF,IH1912,2019-11-05 09:30:26.600,3015.8000,21429,-1,71481360.000,1,0,1,双平,S,3015.6000,3015.4000,3015.0000,3014.4000,3014.0000,3016.2000,3017.0000,3017.4000,3017.6000,3018.8000,1,1,5,2,6,2,1,2,1,1
SF,IH1912,2019-11-05 09:30:27.100,3016.2000,21428,-1,72386220.000,1,0,1,双平,S,3015.6000,3015.4000,3015.0000,3014.4000,3014.2000,3016.0000,3016.2000,3017.0000,3017.4000,3017.6000,1,1,5,2,1,2,1,1,2,1
SF,IH1912,2019-11-05 09:30:27.600,3016.0000,21427,-1,73291020.000,1,0,1,双平,S,3015.6000,3015.0000,3014.4000,3014.2000,3014.0000,3016.0000,3016.2000,3017.0000,3017.4000,3017.6000,1,5,2,1,6,1,2,1,2,1
SF,IH1912,2019-11-05 09:30:28.600,3016.0000,21427,0,73291020.000,0,-,-,-,-,3015.6000,3015.0000,3014.4000,3014.2000,3014.0000,3016.0000,3016.2000,3017.0000,3017.4000,3017.6000,1,5,2,1,6,4,2,1,2,1
SF,IH1912,2019-11-05 09:30:29.100,3016.0000,21427,0,73291020.000,0,-,-,-,-,3015.0000,3014.4000,3014.2000,3014.0000,3013.4000,3016.0000,3016.2000,3017.0000,3017.4000,3017.6000,5,2,1,6,1,4,1,1,2,1
SF,IH1912,2019-11-05 09:30:29.600,3015.6000,21426,-1,75100380.000,2,0,2,多平,S,3015.2000,3015.0000,3014.4000,3014.2000,3014.0000,3016.0000,3016.2000,3017.0000,3017.4000,3017.6000,15,5,2,1,6,5,1,1,2,1
SF,IH1912,2019-11-05 09:30:30.100,3015.6000,21426,0,75100380.000,0,-,-,-,-,3015.4000,3015.2000,3015.0000,3014.4000,3014.2000,3016.0000,3016.2000,3017.0000,3017.4000,3017.6000,1,1,5,2,1,5,1,1,2,1
SF,IH1912,2019-11-05 09:30:30.600,3015.6000,21426,0,75100380.000,0,-,-,-,-,3015.4000,3015.2000,3015.0000,3014.4000,3014.2000,3016.0000,3016.2000,3017.0000,3017.4000,3017.6000,1,1,5,2,1,5,1,1,2,1
SF,IH1912,2019-11-05 09:30:32.100,3015.6000,21426,0,75100380.000,0,-,-,-,-,3015.4000,3015.2000,3015.0000,3014.4000,3014.2000,3016.0000,3016.2000,3017.0000,3017.4000,3017.6000,1,1,5,2,1,9,1,1,2,1
SF,IH1912,2019-11-05 09:30:32.600,3015.6000,21426,0,75100380.000,0,-,-,-,-,3015.4000,3015.2000,3015.0000,3014.4000,3014.2000,3016.0000,3016.2000,3017.0000,3017.4000,3017.6000,1,1,5,2,1,9,1,1,2,1
SF,IH1912,2019-11-05 09:30:33.100,3015.4000,21425,-1,76005000.000,1,0,1,双平,S,3015.6000,3015.0000,3014.4000,3014.2000,3014.0000,3016.0000,3016.2000,3016.6000,3017.0000,3017.4000,1,5,2,1,7,9,1,1,1,2
SF,IH1912,2019-11-05 09:30:33.600,3015.4000,21425,0,76005000.000,0,-,-,-,-,3015.6000,3015.0000,3014.4000,3014.2000,3014.0000,3016.0000,3016.2000,3017.0000,3017.4000,3017.6000,1,5,2,1,6,8,1,1,2,1
SF,IH1912,2019-11-05 09:30:34.100,3015.4000,21425,0,76005000.000,0,-,-,-,-,3015.6000,3015.2000,3015.0000,3014.4000,3014.2000,3016.0000,3016.2000,3017.0000,3017.4000,3017.6000,1,1,5,2,1,8,1,1,2,1
SF,IH1912,2019-11-05 09:30:35.100,3015.4000,21425,0,76005000.000,0,-,-,-,-,3015.2000,3015.0000,3014.4000,3014.2000,3014.0000,3016.0000,3016.2000,3017.0000,3017.4000,3017.6000,1,5,2,1,6,8,1,1,2,1
SF,IH1912,2019-11-05 09:30:35.600,3015.4000,21425,0,76005000.000,0,-,-,-,-,3015.2000,3015.0000,3014.4000,3014.2000,3014.0000,3016.0000,3017.0000,3017.4000,3017.6000,3018.8000,1,5,2,1,6,8,1,2,1,1
SF,IH1912,2019-11-05 09:30:36.100,3016.0000,21428,3,80529000.000,5,4,1,空开,S,3015.2000,3015.0000,3014.4000,3014.2000,3014.0000,3016.0000,3017.0000,3017.4000,3017.6000,3018.8000,1,5,2,1,6,3,1,2,1,1
SF,IH1912,2019-11-05 09:30:37.100,3016.0000,21428,0,83243400.000,3,1,2,多换,S,3016.0000,3015.2000,3015.0000,3014.4000,3014.2000,3017.0000,3017.4000,3017.6000,3018.8000,3019.0000,2,1,5,2,1,1,2,1,1,2
SF,IH1912,2019-11-05 09:30:37.600,3016.0000,21428,0,85053000.000,2,1,1,多换,S,3015.4000,3015.2000,3015.0000,3014.4000,3014.2000,3016.6000,3016.8000,3017.0000,3017.2000,3017.4000,1,2,5,2,1,2,3,1,1,2
SF,IH1912,2019-11-05 09:30:38.100,3016.0000,21428,0,85053000.000,0,-,-,-,-,3015.4000,3015.2000,3015.0000,3014.4000,3014.2000,3016.4000,3017.0000,3017.2000,3017.4000,3017.6000,1,2,5,2,1,1,1,1,2,1
SF,IH1912,2019-11-05 09:30:38.600,3016.0000,21428,0,85053000.000,0,-,-,-,-,3015.2000,3015.0000,3014.4000,3014.2000,3014.0000,3016.4000,3017.0000,3017.2000,3017.4000,3017.6000,2,5,2,1,6,1,1,1,2,1
SF,IH1912,2019-11-05 09:30:39.100,3016.0000,21428,0,85053000.000,0,-,-,-,-,3015.6000,3015.4000,3015.2000,3015.0000,3014.4000,3016.4000,3017.0000,3017.2000,3017.4000,3017.6000,1,1,2,5,2,1,1,1,2,1
SF,IH1912,2019-11-05 09:30:39.600,3016.0000,21428,0,85053000.000,0,-,-,-,-,3015.6000,3015.2000,3015.0000,3014.4000,3014.2000,3016.4000,3017.0000,3017.2000,3017.4000,3017.6000,1,2,5,2,1,1,1,1,2,1
SF,IH1912,2019-11-05 09:30:40.100,3016.0000,21428,0,85053000.000,0,-,-,-,-,3015.6000,3015.2000,3015.0000,3014.6000,3014.4000,3016.4000,3017.0000,3017.2000,3017.4000,3017.6000,1,2,5,1,2,1,1,1,2,1
SF,IH1912,2019-11-05 09:30:41.100,3015.6000,21427,-1,85957680.000,1,0,1,双平,S,3015.2000,3015.0000,3014.6000,3014.4000,3014.2000,3015.4000,3016.4000,3017.0000,3017.2000,3017.4000,2,5,1,2,1,1,1,1,1,2
SF,IH1912,2019-11-05 09:30:41.600,3015.4000,21426,-1,86862300.000,1,0,1,双平,S,3015.6000,3015.4000,3015.2000,3015.0000,3014.6000,3017.0000,3017.2000,3017.4000,3017.6000,3018.8000,3,4,2,5,1,1,1,2,1,1
SF,IH1912,2019-11-05 09:30:42.100,3015.4000,21426,0,86862300.000,0,-,-,-,-,3015.6000,3015.4000,3015.2000,3015.0000,3014.6000,3016.4000,3016.8000,3017.0000,3017.2000,3017.4000,3,2,2,5,1,2,7,1,1,2
SF,IH1912,2019-11-05 09:30:42.600,3015.4000,21426,0,86862300.000,0,-,-,-,-,3015.8000,3015.6000,3015.4000,3015.2000,3015.0000,3017.0000,3017.2000,3017.4000,3017.6000,3017.8000,1,3,2,2,5,1,1,2,1,1
SF,IH1912,2019-11-05 09:30:43.100,3015.4000,21426,0,86862300.000,0,-,-,-,-,3015.8000,3015.6000,3015.4000,3015.2000,3015.0000,3016.8000,3017.0000,3017.2000,3017.4000,3017.6000,1,3,2,2,5,1,1,1,2,1
SF,IH1912,2019-11-05 09:30:43.600,3015.4000,21426,0,86862300.000,0,-,-,-,-,3015.8000,3015.6000,3015.4000,3015.2000,3015.0000,3016.0000,3017.0000,3017.2000,3017.4000,3017.6000,1,3,2,2,5,1,1,1,2,1
SF,IH1912,2019-11-05 09:30:44.100,3016.0000,21426,0,87767100.000,1,0,1,多换,S,3016.0000,3015.8000,3015.6000,3015.4000,3015.2000,3017.0000,3017.2000,3017.4000,3017.6000,3017.8000,1,1,2,2,2,1,1,2,1,1
SF,IH1912,2019-11-05 09:30:44.600,3016.0000,21425,-1,88671900.000,1,0,1,双平,S,3015.6000,3015.4000,3015.2000,3015.0000,3014.6000,3016.6000,3016.8000,3017.0000,3017.2000,3017.4000,2,2,2,6,1,2,6,2,1,2
SF,IH1912,2019-11-05 09:30:45.100,3016.0000,21425,0,88671900.000,0,-,-,-,-,3015.8000,3015.6000,3015.4000,3015.2000,3015.0000,3016.8000,3017.0000,3017.2000,3017.4000,3017.6000,1,2,2,2,6,4,1,1,2,1
SF,IH1912,2019-11-05 09:30:46.100,3016.0000,21425,0,88671900.000,0,-,-,-,-,3015.8000,3015.6000,3015.4000,3015.2000,3015.0000,3017.0000,3017.2000,3017.4000,3017.6000,3017.8000,1,2,2,2,6,1,1,2,1,1
SF,IH1912,2019-11-05 09:30:47.100,3016.0000,21425,0,88671900.000,0,-,-,-,-,3015.8000,3015.6000,3015.4000,3015.2000,3015.0000,3016.8000,3017.0000,3017.2000,3017.4000,3017.6000,1,2,2,2,6,1,1,1,2,1
SF,IH1912,2019-11-05 09:30:47.600,3015.8000,21424,-1,90481680.000,2,0,2,多平,S,3015.6000,3015.4000,3015.2000,3015.0000,3014.6000,3015.8000,3017.0000,3017.2000,3017.4000,3017.6000,3,2,2,6,1,2,1,1,3,1
SF,IH1912,2019-11-05 09:30:48.100,3017.0000,21423,-1,93196260.000,3,1,2,多平,S,3016.0000,3015.8000,3015.6000,3015.4000,3015.2000,3017.2000,3017.4000,3017.6000,3018.4000,3018.8000,1,6,1,1,2,1,2,1,1,1
SF,IH1912,2019-11-05 09:30:48.600,3016.2000,21422,-1,95006280.000,2,0,2,多平,S,3016.0000,3015.8000,3015.6000,3015.4000,3015.2000,3017.4000,3017.6000,3018.4000,3018.8000,3019.0000,1,3,1,1,2,3,1,1,1,2
SF,IH1912,2019-11-05 09:30:49.100,3016.2000,21422,0,95006280.000,0,-,-,-,-,3017.2000,3016.0000,3015.8000,3015.4000,3015.2000,3017.4000,3017.6000,3018.4000,3018.8000,3019.0000,1,1,3,1,2,3,1,1,1,2
SF,IH1912,2019-11-05 09:30:49.600,3017.4000,21418,-4,98627100.000,4,0,4,双平,S,3015.8000,3015.6000,3015.4000,3015.2000,3015.0000,3017.2000,3017.4000,3018.4000,3019.0000,3019.2000,3,1,1,2,6,2,4,1,2,2
SF,IH1912,2019-11-05 09:30:50.100,3017.4000,21418,0,98627100.000,0,-,-,-,-,3017.2000,3016.0000,3015.8000,3015.6000,3015.4000,3017.4000,3018.4000,3019.0000,3019.2000,3019.8000,1,2,4,1,1,1,1,2,2,1
SF,IH1912,2019-11-05 09:30:50.600,3017.4000,21417,-1,99532320.000,1,0,1,双平,S,3017.6000,3017.4000,3015.8000,3015.6000,3015.4000,3018.4000,3019.0000,3019.2000,3019.8000,3020.0000,1,1,4,1,1,1,2,2,1,4
SF,IH1912,2019-11-05 09:30:51.100,3017.6000,21416,-1,100437600.000,1,0,1,双平,S,3017.4000,3015.8000,3015.6000,3015.4000,3015.2000,3017.6000,3017.8000,3018.2000,3018.4000,3018.6000,1,3,1,1,2,1,2,5,2,1
SF,IH1912,2019-11-05 09:30:51.600,3017.4000,21416,0,101342820.000,1,0,1,多换,S,3015.8000,3015.6000,3015.2000,3015.0000,3014.6000,3017.4000,3017.6000,3018.2000,3018.4000,3018.6000,3,1,2,7,1,1,1,1,2,1
SF,IH1912,2019-11-05 09:30:52.100,3017.4000,21416,0,101342820.000,0,-,-,-,-,3016.2000,3016.0000,3015.8000,3015.6000,3015.2000,3017.4000,3017.6000,3018.2000,3018.4000,3019.0000,3,3,3,1,2,2,1,1,1,2
SF,IH1912,2019-11-05 09:30:52.600,3017.4000,21416,0,101342820.000,0,-,-,-,-,3016.4000,3016.2000,3016.0000,3015.8000,3015.6000,3017.4000,3017.6000,3018.2000,3018.4000,3019.0000,2,4,2,3,1,2,1,1,1,2
SF,IH1912,2019-11-05 09:30:53.100,3017.4000,21416,0,101342820.000,0,-,-,-,-,3016.6000,3016.4000,3016.2000,3016.0000,3015.8000,3017.4000,3017.6000,3018.2000,3018.4000,3019.0000,1,2,1,1,3,2,2,1,1,2
SF,IH1912,2019-11-05 09:30:53.600,3017.4000,21416,0,101342820.000,0,-,-,-,-,3016.6000,3016.4000,3016.2000,3016.0000,3015.8000,3017.4000,3017.6000,3018.2000,3018.4000,3019.0000,1,1,1,1,3,2,2,1,1,2
SF,IH1912,2019-11-05 09:30:54.100,3017.4000,21416,0,101342820.000,0,-,-,-,-,3016.6000,3016.4000,3016.2000,3016.0000,3015.8000,3017.4000,3017.6000,3018.2000,3018.4000,3019.0000,1,1,1,1,3,2,2,1,2,2
SF,IH1912,2019-11-05 09:30:54.600,3017.4000,21416,0,101342820.000,0,-,-,-,-,3016.6000,3016.4000,3016.0000,3015.8000,3015.6000,3017.4000,3017.6000,3018.2000,3018.4000,3019.0000,1,1,1,3,1,2,2,1,2,2
SF,IH1912,2019-11-05 09:30:55.100,3017.4000,21416,0,101342820.000,0,-,-,-,-,3016.4000,3016.0000,3015.8000,3015.6000,3015.2000,3017.2000,3017.4000,3017.6000,3018.2000,3018.4000,1,1,3,1,2,1,2,3,1,2
SF,IH1912,2019-11-05 09:30:55.600,3017.4000,21416,0,101342820.000,0,-,-,-,-,3015.8000,3015.6000,3015.2000,3015.0000,3014.6000,3016.6000,3017.2000,3017.4000,3017.6000,3018.2000,3,1,3,7,1,1,1,2,3,1
SF,IH1912,2019-11-05 09:30:56.100,3017.4000,21416,0,101342820.000,0,-,-,-,-,3015.8000,3015.6000,3015.2000,3015.0000,3014.6000,3016.6000,3017.4000,3017.6000,3018.2000,3018.4000,2,1,3,7,1,1,2,3,1,2
SF,IH1912,2019-11-05 09:30:56.600,3017.4000,21416,0,101342820.000,0,-,-,-,-,3015.8000,3015.6000,3015.2000,3015.0000,3014.6000,3016.6000,3017.4000,3017.6000,3018.2000,3018.4000,1,1,3,7,1,1,2,3,1,2
SF,IH1912,2019-11-05 09:30:57.100,3017.4000,21416,0,101342820.000,0,-,-,-,-,3015.8000,3015.6000,3015.2000,3015.0000,3014.6000,3016.6000,3017.4000,3017.6000,3018.2000,3018.4000,1,1,3,7,1,3,2,3,1,2
SF,IH1912,2019-11-05 09:30:58.100,3017.4000,21416,0,101342820.000,0,-,-,-,-,3015.8000,3015.6000,3015.2000,3015.0000,3014.6000,3016.6000,3017.4000,3017.6000,3018.2000,3018.4000,1,1,3,6,1,3,2,3,1,2
SF,IH1912,2019-11-05 09:30:58.600,3017.4000,21416,0,101342820.000,0,-,-,-,-,3015.8000,3015.6000,3015.2000,3015.0000,3014.6000,3016.6000,3017.4000,3017.6000,3018.2000,3018.4000,1,1,3,6,1,3,2,3,1,2
SF,IH1912,2019-11-05 09:30:59.100,3017.4000,21416,0,101342820.000,0,-,-,-,-,3015.8000,3015.6000,3015.2000,3015.0000,3014.6000,3016.6000,3017.4000,3017.6000,3018.2000,3018.4000,1,1,3,6,1,3,2,3,1,2
SF,IH1912,2019-11-05 09:30:59.600,3016.6000,21416,0,102247800.000,1,0,1,多换,S,3015.8000,3015.6000,3015.2000,3015.0000,3014.6000,3016.6000,3017.4000,3017.6000,3018.2000,3018.4000,1,1,3,6,1,2,2,3,1,2
SF,IH1912,2019-11-05 09:31:00.100,3016.6000,21416,0,102247800.000,0,-,-,-,-,3015.8000,3015.6000,3015.2000,3015.0000,3014.6000,3016.6000,3017.4000,3017.6000,3018.2000,3018.4000,1,1,3,6,1,2,2,3,1,2
SF,IH1912,2019-11-05 09:31:00.600,3015.8000,21415,-1,103152540.000,1,0,1,双平,S,3015.6000,3015.2000,3015.0000,3014.6000,3014.4000,3015.8000,3016.6000,3017.4000,3017.6000,3018.2000,1,3,6,1,1,1,2,1,3,1
SF,IH1912,2019-11-05 09:31:01.600,3015.6000,21415,0,104057220.000,1,0,1,多换,S,3015.2000,3015.0000,3014.6000,3014.4000,3014.2000,3015.8000,3016.6000,3017.6000,3018.2000,3018.4000,3,6,1,1,1,1,2,3,1,2
SF,IH1912,2019-11-05 09:31:02.100,3015.6000,21415,0,104057220.000,0,-,-,-,-,3015.4000,3015.2000,3015.0000,3014.6000,3014.4000,3015.8000,3016.6000,3017.6000,3018.2000,3018.4000,1,4,7,1,1,1,2,3,1,2
SF,IH1912,2019-11-05 09:31:02.600,3015.8000,21415,0,104961960.000,1,0,1,多换,S,3015.4000,3015.2000,3015.0000,3014.6000,3014.4000,3016.6000,3017.6000,3018.2000,3018.4000,3019.0000,1,4,7,1,1,2,3,1,2,3
SF,IH1912,2019-11-05 09:31:03.100,3015.8000,21415,0,104961960.000,0,-,-,-,-,3015.2000,3015.0000,3014.6000,3014.4000,3014.2000,3016.4000,3016.6000,3017.6000,3018.2000,3018.4000,4,7,1,1,1,1,2,3,1,2
SF,IH1912,2019-11-05 09:31:04.100,3015.8000,21415,0,104961960.000,0,-,-,-,-,3015.2000,3015.0000,3014.6000,3014.4000,3014.2000,3016.4000,3016.6000,3017.6000,3018.2000,3018.4000,4,7,1,1,1,1,2,3,1,2
SF,IH1912,2019-11-05 09:31:04.600,3015.8000,21415,0,104961960.000,0,-,-,-,-,3015.2000,3015.0000,3014.6000,3014.4000,3014.2000,3016.4000,3016.6000,3017.4000,3017.6000,3018.2000,4,7,1,1,1,1,2,1,3,1
SF,IH1912,2019-11-05 09:31:05.100,3015.2000,21415,0,105866520.000,1,0,1,多换,S,3015.2000,3015.0000,3014.6000,3014.4000,3014.2000,3016.4000,3016.6000,3017.4000,3017.6000,3018.2000,3,7,1,1,1,1,2,1,3,1
SF,IH1912,2019-11-05 09:31:05.600,3016.4000,21414,-1,107676000.000,2,0,2,多平,S,3015.2000,3015.0000,3014.6000,3014.4000,3014.2000,3016.6000,3017.0000,3017.4000,3017.6000,3018.2000,3,7,1,1,1,2,1,1,3,1
SF,IH1912,2019-11-05 09:31:06.100,3016.4000,21414,0,107676000.000,0,-,-,-,-,3015.2000,3015.0000,3014.6000,3014.4000,3014.2000,3016.6000,3017.4000,3017.6000,3018.2000,3018.4000,3,7,1,1,1,2,1,3,1,2
SF,IH1912,2019-11-05 09:31:06.600,3016.4000,21414,0,107676000.000,0,-,-,-,-,3015.2000,3015.0000,3014.6000,3014.4000,3014.2000,3016.6000,3017.4000,3017.6000,3018.2000,3018.4000,3,7,1,1,1,2,1,3,1,2
SF,IH1912,2019-11-05 09:31:07.600,3016.4000,21414,0,107676000.000,0,-,-,-,-,3015.2000,3015.0000,3014.6000,3014.4000,3014.2000,3016.4000,3016.6000,3017.4000,3017.6000,3018.2000,3,7,1,1,1,1,2,1,3,1
SF,IH1912,2019-11-05 09:31:08.100,3016.4000,21414,0,107676000.000,0,-,-,-,-,3015.2000,3015.0000,3014.6000,3014.4000,3014.2000,3016.6000,3017.0000,3017.4000,3017.6000,3018.2000,3,7,1,1,1,2,1,1,3,1
SF,IH1912,2019-11-05 09:31:08.600,3015.2000,21413,-1,108580560.000,1,0,1,双平,S,3015.2000,3015.0000,3014.6000,3014.4000,3014.2000,3016.4000,3016.6000,3017.0000,3017.4000,3017.6000,2,7,1,1,1,1,2,1,1,3
SF,IH1912,2019-11-05 09:31:09.100,3015.2000,21413,0,108580560.000,0,-,-,-,-,3016.4000,3015.2000,3015.0000,3014.6000,3014.4000,3016.6000,3017.0000,3017.4000,3017.6000,3018.2000,2,2,7,1,1,2,1,1,3,1
SF,IH1912,2019-11-05 09:31:09.600,3016.4000,21413,0,110390400.000,2,1,1,多换,S,3015.2000,3015.0000,3014.6000,3014.4000,3014.2000,3016.0000,3016.4000,3016.6000,3017.0000,3017.4000,1,7,1,1,1,2,5,2,1,1
SF,IH1912,2019-11-05 09:31:10.100,3016.4000,21413,0,110390400.000,0,-,-,-,-,3015.4000,3015.2000,3015.0000,3014.6000,3014.4000,3016.0000,3016.4000,3016.6000,3017.0000,3017.4000,2,1,7,1,1,2,1,2,1,1
SF,IH1912,2019-11-05 09:31:10.600,3016.4000,21413,0,110390400.000,0,-,-,-,-,3015.0000,3014.6000,3014.4000,3014.2000,3014.0000,3016.0000,3016.4000,3016.6000,3017.0000,3017.4000,7,1,1,1,5,2,1,2,1,1
SF,IH1912,2019-11-05 09:31:11.100,3016.4000,21413,0,110390400.000,0,-,-,-,-,3015.2000,3015.0000,3014.6000,3014.4000,3014.2000,3016.4000,3016.6000,3017.0000,3017.4000,3017.6000,4,7,1,1,1,1,2,1,1,3
SF,IH1912,2019-11-05 09:31:11.600,3016.4000,21413,0,110390400.000,0,-,-,-,-,3015.2000,3015.0000,3014.6000,3014.2000,3014.0000,3016.4000,3016.6000,3017.0000,3017.4000,3017.6000,3,7,1,1,5,1,2,1,1,3
SF,IH1912,2019-11-05 09:31:12.100,3016.4000,21413,0,110390400.000,0,-,-,-,-,3015.2000,3015.0000,3014.6000,3014.2000,3014.0000,3016.2000,3016.4000,3016.6000,3017.0000,3017.4000,3,7,1,1,5,2,1,2,1,1
SF,IH1912,2019-11-05 09:31:12.600,3016.4000,21413,0,110390400.000,0,-,-,-,-,3015.2000,3015.0000,3014.6000,3014.2000,3014.0000,3016.2000,3016.4000,3016.6000,3017.0000,3017.4000,3,7,1,1,5,1,1,2,1,1
SF,IH1912,2019-11-05 09:31:13.100,3016.4000,21413,0,110390400.000,0,-,-,-,-,3015.2000,3015.0000,3014.6000,3014.2000,3014.0000,3016.4000,3016.6000,3017.0000,3017.4000,3017.6000,3,7,1,1,5,1,2,1,1,3
SF,IH1912,2019-11-05 09:31:13.600,3016.4000,21413,0,110390400.000,0,-,-,-,-,3015.2000,3015.0000,3014.6000,3014.2000,3014.0000,3016.4000,3016.6000,3017.0000,3017.4000,3017.6000,3,8,1,1,5,1,2,1,1,3
SF,IH1912,2019-11-05 09:31:14.100,3016.4000,21413,0,110390400.000,0,-,-,-,-,3015.2000,3015.0000,3014.8000,3014.6000,3014.2000,3016.4000,3016.6000,3017.0000,3017.4000,3017.6000,3,8,1,1,2,1,2,1,1,3
SF,IH1912,2019-11-05 09:31:14.600,3016.4000,21413,0,110390400.000,0,-,-,-,-,3015.2000,3015.0000,3014.8000,3014.6000,3014.2000,3016.2000,3016.4000,3016.6000,3017.0000,3017.4000,3,8,1,1,2,1,1,2,1,1
SF,IH1912,2019-11-05 09:31:15.100,3016.4000,21413,0,110390400.000,0,-,-,-,-,3015.2000,3015.0000,3014.8000,3014.6000,3014.2000,3016.2000,3016.4000,3016.6000,3017.0000,3017.4000,3,8,1,1,2,1,1,2,1,1
SF,IH1912,2019-11-05 09:31:15.600,3016.4000,21413,0,110390400.000,0,-,-,-,-,3015.2000,3015.0000,3014.8000,3014.6000,3014.2000,3016.4000,3016.6000,3017.0000,3017.4000,3017.6000,3,8,1,1,2,1,2,1,1,3
SF,IH1912,2019-11-05 09:31:16.100,3016.4000,21413,0,110390400.000,0,-,-,-,-,3015.2000,3015.0000,3014.8000,3014.6000,3014.2000,3016.6000,3017.0000,3017.6000,3018.2000,3018.4000,3,8,1,1,2,2,1,3,1,1
SF,IH1912,2019-11-05 09:31:17.100,3016.6000,21413,0,112200360.000,2,1,1,多换,S,3015.4000,3015.2000,3015.0000,3014.8000,3014.6000,3017.0000,3017.6000,3018.2000,3018.4000,3019.0000,3,3,8,1,1,1,3,1,1,4
SF,IH1912,2019-11-05 09:31:17.600,3017.0000,21414,1,113105460.000,1,1,0,双开,S,3015.6000,3015.4000,3015.2000,3015.0000,3014.8000,3017.6000,3018.2000,3018.4000,3019.0000,3019.2000,4,2,1,9,1,3,1,1,4,2
SF,IH1912,2019-11-05 09:31:18.100,3017.0000,21414,0,113105460.000,0,-,-,-,-,3015.8000,3015.6000,3015.4000,3015.2000,3015.0000,3017.4000,3017.6000,3018.4000,3019.0000,3019.2000,1,4,1,1,9,3,3,1,4,2
SF,IH1912,2019-11-05 09:31:18.600,3017.0000,21414,0,113105460.000,0,-,-,-,-,3016.0000,3015.6000,3015.4000,3015.2000,3015.0000,3017.2000,3017.4000,3017.6000,3018.4000,3019.0000,2,1,1,1,9,1,3,3,1,4
SF,IH1912,2019-11-05 09:31:19.100,3017.0000,21414,0,113105460.000,0,-,-,-,-,3016.0000,3015.6000,3015.4000,3015.2000,3015.0000,3017.2000,3017.4000,3017.6000,3018.4000,3019.0000,2,1,1,1,9,1,2,3,1,4
SF,IH1912,2019-11-05 09:31:19.600,3016.0000,21412,-2,114915060.000,2,0,2,双平,S,3015.6000,3015.4000,3015.2000,3015.0000,3014.8000,3017.0000,3017.2000,3017.4000,3017.6000,3018.4000,1,2,1,9,1,1,2,2,3,1
SF,IH1912,2019-11-05 09:31:20.100,3016.0000,21412,0,114915060.000,0,-,-,-,-,3015.8000,3015.6000,3015.4000,3015.2000,3015.0000,3017.0000,3017.2000,3017.4000,3017.6000,3018.4000,1,1,1,1,9,2,1,2,3,1
SF,IH1912,2019-11-05 09:31:20.600,3015.8000,21412,0,115819800.000,1,0,1,多换,S,3015.6000,3015.4000,3015.2000,3015.0000,3014.8000,3015.8000,3016.8000,3017.0000,3017.2000,3017.4000,1,1,1,10,1,1,1,2,1,2
SF,IH1912,2019-11-05 09:31:21.100,3015.8000,21412,0,116724540.000,1,0,1,多换,S,3016.2000,3015.8000,3015.4000,3015.2000,3015.0000,3017.0000,3017.4000,3017.6000,3018.4000,3019.0000,2,5,1,1,9,2,2,3,1,4
SF,IH1912,2019-11-05 09:31:21.600,3015.8000,21412,0,116724540.000,0,-,-,-,-,3015.8000,3015.4000,3015.2000,3015.0000,3014.8000,3016.8000,3017.0000,3017.4000,3017.6000,3018.4000,4,1,1,9,1,2,2,2,3,1
SF,IH1912,2019-11-05 09:31:22.100,3015.8000,21412,0,116724540.000,0,-,-,-,-,3015.8000,3015.4000,3015.2000,3015.0000,3014.8000,3016.8000,3017.0000,3017.4000,3017.6000,3018.4000,4,1,1,9,1,2,2,2,3,1
SF,IH1912,2019-11-05 09:31:22.600,3015.8000,21412,0,116724540.000,0,-,-,-,-,3015.8000,3015.4000,3015.2000,3015.0000,3014.8000,3016.8000,3017.0000,3017.4000,3017.6000,3018.4000,4,2,1,9,1,2,2,2,3,1
SF,IH1912,2019-11-05 09:31:23.100,3015.8000,21412,0,116724540.000,0,-,-,-,-,3015.8000,3015.4000,3015.2000,3015.0000,3014.8000,3016.4000,3016.6000,3016.8000,3017.0000,3017.4000,4,1,2,9,1,2,5,3,2,2
SF,IH1912,2019-11-05 09:31:23.600,3015.8000,21412,0,116724540.000,0,-,-,-,-,3015.8000,3015.4000,3015.2000,3015.0000,3014.8000,3017.0000,3017.4000,3017.6000,3018.4000,3019.0000,4,1,2,9,1,2,2,3,1,4
SF,IH1912,2019-11-05 09:31:24.100,3015.8000,21412,0,116724540.000,0,-,-,-,-,3015.8000,3015.4000,3015.2000,3015.0000,3014.8000,3016.8000,3017.0000,3017.4000,3017.6000,3018.4000,4,2,2,9,1,3,2,2,3,1
SF,IH1912,2019-11-05 09:31:24.600,3015.8000,21412,0,116724540.000,0,-,-,-,-,3015.8000,3015.6000,3015.4000,3015.2000,3015.0000,3016.8000,3017.0000,3017.4000,3017.6000,3018.4000,5,1,2,2,9,3,5,2,3,1
SF,IH1912,2019-11-05 09:31:26.100,3015.8000,21412,0,116724540.000,0,-,-,-,-,3015.8000,3015.6000,3015.4000,3015.2000,3015.0000,3016.8000,3017.0000,3017.4000,3017.6000,3018.4000,4,1,2,2,9,3,5,2,3,1
SF,IH1912,2019-11-05 09:31:26.600,3015.8000,21412,0,116724540.000,0,-,-,-,-,3015.8000,3015.6000,3015.4000,3015.2000,3015.0000,3017.0000,3017.4000,3017.6000,3018.4000,3019.0000,4,1,2,2,9,5,2,3,1,4
SF,IH1912,2019-11-05 09:31:27.100,3015.8000,21412,0,116724540.000,0,-,-,-,-,3015.8000,3015.6000,3015.4000,3015.2000,3015.0000,3016.6000,3016.8000,3017.0000,3017.4000,3017.6000,4,1,2,2,9,1,2,4,2,3
SF,IH1912,2019-11-05 09:31:27.600,3015.8000,21412,0,116724540.000,0,-,-,-,-,3015.8000,3015.6000,3015.4000,3015.2000,3015.0000,3016.6000,3017.0000,3017.4000,3017.6000,3018.4000,5,1,2,2,9,1,4,2,3,1
SF,IH1912,2019-11-05 09:31:28.100,3015.8000,21412,0,116724540.000,0,-,-,-,-,3015.8000,3015.6000,3015.4000,3015.2000,3015.0000,3016.6000,3017.0000,3017.4000,3017.6000,3018.4000,5,1,2,2,9,1,4,2,3,1
SF,IH1912,2019-11-05 09:31:28.600,3015.8000,21412,0,116724540.000,0,-,-,-,-,3015.8000,3015.6000,3015.4000,3015.2000,3015.0000,3016.6000,3017.0000,3017.4000,3017.6000,3018.0000,5,1,2,2,9,1,4,2,3,1
SF,IH1912,2019-11-05 09:31:29.100,3015.8000,21412,0,116724540.000,0,-,-,-,-,3016.0000,3015.8000,3015.6000,3015.4000,3015.2000,3016.6000,3017.0000,3017.4000,3017.6000,3018.0000,1,5,1,2,2,1,4,2,3,1
SF,IH1912,2019-11-05 09:31:29.600,3016.6000,21412,0,117629520.000,1,0,1,多换,S,3016.0000,3015.8000,3015.6000,3015.4000,3015.2000,3017.0000,3017.4000,3017.6000,3018.0000,3018.4000,1,5,1,2,2,4,2,3,1,1
SF,IH1912,2019-11-05 09:31:30.100,3016.6000,21412,0,117629520.000,0,-,-,-,-,3016.0000,3015.8000,3015.6000,3015.4000,3015.2000,3016.8000,3017.0000,3017.4000,3017.6000,3018.0000,6,5,1,2,2,2,4,2,3,1
SF,IH1912,2019-11-05 09:31:31.600,3016.6000,21412,0,117629520.000,0,-,-,-,-,3016.0000,3015.8000,3015.6000,3015.4000,3015.2000,3016.8000,3017.0000,3017.2000,3017.4000,3017.6000,6,5,1,1,2,2,4,1,2,3
SF,IH1912,2019-11-05 09:31:32.100,3016.6000,21412,0,117629520.000,0,-,-,-,-,3016.0000,3015.8000,3015.6000,3015.4000,3015.2000,3016.8000,3017.0000,3017.2000,3017.4000,3017.6000,5,5,1,1,2,2,4,1,2,3
SF,IH1912,2019-11-05 09:31:32.600,3016.8000,21412,0,118534560.000,1,0,1,多换,S,3016.0000,3015.8000,3015.6000,3015.2000,3015.0000,3016.8000,3017.0000,3017.2000,3017.4000,3017.6000,5,5,1,2,9,2,4,1,2,3
SF,IH1912,2019-11-05 09:31:33.600,3016.8000,21412,0,118534560.000,0,-,-,-,-,3016.0000,3015.8000,3015.6000,3015.2000,3015.0000,3016.8000,3017.0000,3017.2000,3017.4000,3017.6000,10,5,1,2,9,2,4,1,2,3
SF,IH1912,2019-11-05 09:31:34.600,3016.8000,21412,0,118534560.000,0,-,-,-,-,3016.0000,3015.8000,3015.6000,3015.2000,3015.0000,3016.6000,3016.8000,3017.0000,3017.2000,3017.4000,10,5,1,2,9,2,2,4,1,2
SF,IH1912,2019-11-05 09:31:35.100,3016.8000,21412,0,118534560.000,0,-,-,-,-,3016.0000,3015.8000,3015.6000,3015.2000,3015.0000,3016.4000,3016.6000,3016.8000,3017.0000,3017.2000,10,5,1,2,9,1,2,1,4,1
SF,IH1912,2019-11-05 09:31:36.100,3016.8000,21412,0,118534560.000,0,-,-,-,-,3016.0000,3015.8000,3015.6000,3015.2000,3015.0000,3016.4000,3016.6000,3016.8000,3017.0000,3017.2000,10,5,1,2,9,1,2,1,4,1
SF,IH1912,2019-11-05 09:31:38.600,3016.8000,21412,0,118534560.000,0,-,-,-,-,3016.0000,3015.8000,3015.6000,3015.2000,3015.0000,3016.4000,3016.6000,3016.8000,3017.0000,3017.2000,10,5,1,2,9,1,2,1,4,1
SF,IH1912,2019-11-05 09:31:39.100,3016.8000,21412,0,118534560.000,0,-,-,-,-,3016.0000,3015.8000,3015.6000,3015.2000,3015.0000,3016.4000,3016.6000,3016.8000,3017.0000,3017.2000,10,5,1,2,9,1,2,1,4,1
SF,IH1912,2019-11-05 09:31:40.100,3016.0000,21412,0,119439360.000,1,0,1,多换,S,3016.0000,3015.8000,3015.6000,3015.2000,3015.0000,3016.4000,3016.6000,3016.8000,3017.0000,3017.2000,9,5,1,2,9,1,2,1,4,1
SF,IH1912,2019-11-05 09:31:40.600,3016.0000,21416,4,127582560.000,9,6,3,空开,S,3015.8000,3015.6000,3015.2000,3015.0000,3014.8000,3016.2000,3016.4000,3016.6000,3016.8000,3017.0000,2,1,2,9,1,1,1,2,1,4
SF,IH1912,2019-11-05 09:31:41.100,3015.6000,21415,-1,130296720.000,3,1,2,多平,S,3015.2000,3015.0000,3014.8000,3014.6000,3014.2000,3016.0000,3016.2000,3016.6000,3016.8000,3017.0000,2,9,1,1,1,1,1,2,1,4
SF,IH1912,2019-11-05 09:31:41.600,3015.6000,21415,0,130296720.000,0,-,-,-,-,3015.2000,3015.0000,3014.8000,3014.6000,3014.2000,3016.0000,3016.2000,3016.6000,3016.8000,3017.0000,2,9,1,1,1,1,1,2,1,4
SF,IH1912,2019-11-05 09:31:42.100,3015.6000,21415,0,130296720.000,0,-,-,-,-,3015.2000,3015.0000,3014.8000,3014.6000,3014.2000,3016.0000,3016.2000,3016.6000,3016.8000,3017.0000,2,9,1,1,1,1,3,2,1,4
SF,IH1912,2019-11-05 09:31:42.600,3015.6000,21415,0,130296720.000,0,-,-,-,-,3015.2000,3015.0000,3014.8000,3014.6000,3014.2000,3016.0000,3016.2000,3016.6000,3016.8000,3017.0000,2,9,1,1,1,1,3,2,1,4
SF,IH1912,2019-11-05 09:31:43.100,3015.6000,21415,0,130296720.000,0,-,-,-,-,3015.2000,3015.0000,3014.8000,3014.6000,3014.2000,3016.0000,3016.2000,3016.6000,3016.8000,3017.0000,2,9,1,1,1,1,3,2,2,4
SF,IH1912,2019-11-05 09:31:43.600,3015.6000,21415,0,130296720.000,0,-,-,-,-,3015.2000,3015.0000,3014.8000,3014.6000,3014.2000,3016.0000,3016.2000,3016.6000,3016.8000,3017.0000,2,9,1,1,1,2,3,2,2,3
SF,IH1912,2019-11-05 09:31:46.100,3016.0000,21415,0,132106080.000,2,1,1,多换,S,3015.2000,3015.0000,3014.8000,3014.6000,3014.2000,3016.0000,3016.2000,3016.6000,3016.8000,3017.0000,1,10,1,1,1,2,3,2,2,3
SF,IH1912,2019-11-05 09:31:46.600,3015.2000,21415,0,133010640.000,1,0,1,多换,S,3015.0000,3014.8000,3014.6000,3014.2000,3014.0000,3015.8000,3016.0000,3016.2000,3016.6000,3016.8000,9,1,1,1,7,2,1,3,2,2
SF,IH1912,2019-11-05 09:31:47.100,3015.2000,21415,0,133010640.000,0,-,-,-,-,3015.2000,3015.0000,3014.8000,3014.6000,3014.2000,3016.0000,3016.2000,3016.6000,3016.8000,3017.0000,2,9,1,1,1,1,3,2,2,3
SF,IH1912,2019-11-05 09:31:47.600,3016.0000,21415,0,133915440.000,1,0,1,多换,S,3015.2000,3015.0000,3014.8000,3014.6000,3014.2000,3016.2000,3016.6000,3016.8000,3017.0000,3017.2000,2,9,1,1,1,3,2,2,3,1
SF,IH1912,2019-11-05 09:31:48.100,3016.0000,21415,0,133915440.000,0,-,-,-,-,3015.0000,3014.8000,3014.6000,3014.2000,3014.0000,3016.0000,3016.2000,3016.6000,3016.8000,3017.0000,9,1,1,1,7,2,3,2,2,3
SF,IH1912,2019-11-05 09:31:48.600,3016.0000,21415,0,133915440.000,0,-,-,-,-,3015.2000,3015.0000,3014.8000,3014.6000,3014.2000,3016.2000,3016.6000,3016.8000,3017.0000,3017.2000,2,9,1,1,1,3,2,2,3,1
SF,IH1912,2019-11-05 09:31:49.100,3016.0000,21415,0,134820240.000,1,0,1,多换,S,3015.0000,3014.8000,3014.6000,3014.2000,3014.0000,3016.0000,3016.2000,3016.6000,3016.8000,3017.0000,9,1,1,1,7,1,3,2,2,3
SF,IH1912,2019-11-05 09:31:49.600,3016.0000,21415,0,134820240.000,0,-,-,-,-,3015.4000,3015.2000,3015.0000,3014.8000,3014.6000,3016.0000,3016.2000,3016.6000,3016.8000,3017.0000,1,1,9,1,1,1,3,2,2,3
SF,IH1912,2019-11-05 09:31:50.100,3016.0000,21415,0,134820240.000,0,-,-,-,-,3015.4000,3015.0000,3014.8000,3014.6000,3014.2000,3016.2000,3016.6000,3016.8000,3017.0000,3017.2000,1,9,1,1,1,3,2,2,3,1
SF,IH1912,2019-11-05 09:31:50.600,3016.0000,21415,0,134820240.000,0,-,-,-,-,3015.4000,3015.0000,3014.8000,3014.6000,3014.2000,3016.0000,3016.2000,3016.6000,3016.8000,3017.0000,1,9,1,1,1,2,4,2,2,3
SF,IH1912,2019-11-05 09:31:51.100,3016.0000,21415,0,134820240.000,0,-,-,-,-,3015.4000,3015.0000,3014.8000,3014.6000,3014.2000,3016.0000,3016.2000,3016.6000,3016.8000,3017.0000,1,9,1,1,1,2,4,2,2,3
SF,IH1912,2019-11-05 09:31:51.600,3016.0000,21415,0,134820240.000,0,-,-,-,-,3015.4000,3015.0000,3014.8000,3014.6000,3014.2000,3016.0000,3016.2000,3016.6000,3016.8000,3017.0000,1,9,1,1,1,1,4,2,2,3
SF,IH1912,2019-11-05 09:31:52.600,3016.0000,21415,0,134820240.000,0,-,-,-,-,3015.4000,3015.0000,3014.8000,3014.6000,3014.2000,3016.2000,3016.6000,3016.8000,3017.0000,3017.2000,1,9,1,1,1,4,2,2,3,1
SF,IH1912,2019-11-05 09:31:53.100,3016.0000,21415,0,134820240.000,0,-,-,-,-,3015.4000,3015.0000,3014.8000,3014.6000,3014.2000,3016.0000,3016.2000,3016.6000,3016.8000,3017.0000,1,9,1,1,1,3,4,2,2,3
SF,IH1912,2019-11-05 09:31:53.600,3016.0000,21409,-6,143868540.000,10,2,8,多平,S,3016.0000,3015.6000,3015.4000,3015.0000,3014.8000,3016.6000,3016.8000,3017.2000,3017.4000,3017.6000,1,2,1,9,1,2,3,1,1,3
SF,IH1912,2019-11-05 09:31:54.100,3016.0000,21407,-2,145678140.000,2,0,2,双平,S,3015.8000,3015.4000,3015.0000,3014.8000,3014.6000,3016.0000,3016.6000,3016.8000,3017.2000,3017.4000,1,1,9,1,1,1,2,3,1,1
SF,IH1912,2019-11-05 09:31:54.600,3016.0000,21406,-1,146582940.000,1,0,1,双平,S,3016.0000,3015.8000,3015.4000,3015.0000,3014.8000,3016.6000,3016.8000,3017.2000,3017.4000,3017.6000,1,1,1,9,1,2,2,1,1,3
SF,IH1912,2019-11-05 09:31:55.100,3016.0000,21406,0,146582940.000,0,-,-,-,-,3015.4000,3015.0000,3014.8000,3014.6000,3014.2000,3016.4000,3016.6000,3016.8000,3017.2000,3017.4000,1,9,1,1,1,2,2,2,1,1
SF,IH1912,2019-11-05 09:31:55.600,3015.6000,21405,-1,147487620.000,1,0,1,双平,S,3016.0000,3015.4000,3015.2000,3015.0000,3014.8000,3016.4000,3016.6000,3016.8000,3017.2000,3017.4000,2,1,1,9,1,2,2,2,1,1
SF,IH1912,2019-11-05 09:31:56.100,3016.0000,21405,0,149297220.000,2,1,1,多换,S,3015.4000,3015.0000,3014.8000,3014.6000,3014.2000,3016.0000,3016.4000,3016.6000,3016.8000,3017.2000,1,9,1,1,1,1,2,2,2,1
SF,IH1912,2019-11-05 09:31:56.600,3016.0000,21405,0,149297220.000,0,-,-,-,-,3015.6000,3015.4000,3015.0000,3014.8000,3014.6000,3016.6000,3016.8000,3017.2000,3017.4000,3017.6000,1,1,9,1,1,2,2,1,1,3
SF,IH1912,2019-11-05 09:31:57.100,3016.0000,21405,0,149297220.000,0,-,-,-,-,3015.6000,3015.4000,3015.0000,3014.8000,3014.6000,3016.4000,3016.6000,3016.8000,3017.2000,3017.4000,1,1,9,1,1,2,2,2,1,1
SF,IH1912,2019-11-05 09:31:57.600,3016.0000,21405,0,149297220.000,0,-,-,-,-,3015.4000,3015.0000,3014.8000,3014.6000,3014.2000,3016.4000,3016.6000,3016.8000,3017.2000,3017.4000,1,9,1,1,1,2,2,2,1,1
SF,IH1912,2019-11-05 09:31:58.600,3016.0000,21405,0,149297220.000,0,-,-,-,-,3015.4000,3015.2000,3015.0000,3014.8000,3014.6000,3016.0000,3016.4000,3016.6000,3016.8000,3017.2000,1,3,9,1,1,1,2,2,2,1
SF,IH1912,2019-11-05 09:31:59.100,3016.0000,21404,-1,150202020.000,1,0,1,双平,S,3015.6000,3015.4000,3015.2000,3015.0000,3014.8000,3016.6000,3016.8000,3017.2000,3017.4000,3017.6000,1,1,3,9,1,2,2,1,1,3
SF,IH1912,2019-11-05 09:31:59.600,3016.0000,21404,0,150202020.000,0,-,-,-,-,3015.6000,3015.4000,3015.2000,3015.0000,3014.8000,3016.4000,3016.6000,3016.8000,3017.2000,3017.4000,1,1,3,9,1,2,2,2,1,1
SF,IH1912,2019-11-05 09:32:01.100,3016.4000,21404,0,151106940.000,1,0,1,多换,S,3015.6000,3015.4000,3015.2000,3015.0000,3014.8000,3016.4000,3016.6000,3016.8000,3017.2000,3017.4000,1,1,3,9,1,1,2,2,1,1
SF,IH1912,2019-11-05 09:32:01.600,3016.4000,21404,0,151106940.000,0,-,-,-,-,3015.4000,3015.2000,3015.0000,3014.8000,3014.6000,3016.4000,3016.6000,3016.8000,3017.2000,3017.4000,1,3,9,1,1,1,2,2,1,1
SF,IH1912,2019-11-05 09:32:02.100,3016.4000,21404,0,151106940.000,0,-,-,-,-,3016.0000,3015.6000,3015.4000,3015.2000,3015.0000,3016.4000,3016.6000,3016.8000,3017.2000,3017.4000,1,1,1,3,8,1,2,2,1,1
SF,IH1912,2019-11-05 09:32:02.600,3016.0000,21404,0,152011740.000,1,0,1,多换,S,3015.4000,3015.2000,3015.0000,3014.8000,3014.6000,3015.6000,3016.0000,3016.4000,3016.6000,3016.8000,1,3,8,1,1,2,4,1,2,2
SF,IH1912,2019-11-05 09:32:03.100,3015.4000,21403,-1,152916360.000,1,0,1,双平,S,3015.2000,3015.0000,3014.8000,3014.6000,3014.2000,3015.4000,3015.6000,3016.0000,3016.6000,3016.8000,3,8,1,1,1,1,2,3,2,2
SF,IH1912,2019-11-05 09:32:03.600,3015.2000,21402,-1,155630040.000,3,1,2,多平,S,3015.0000,3014.8000,3014.6000,3014.2000,3014.0000,3015.2000,3015.6000,3016.0000,3016.6000,3016.8000,8,1,1,1,7,1,2,3,2,2
SF,IH1912,2019-11-05 09:32:04.100,3015.0000,21402,0,156534540.000,1,0,1,多换,S,3015.0000,3014.8000,3014.6000,3014.2000,3014.0000,3015.2000,3015.6000,3016.0000,3016.6000,3016.8000,7,1,1,1,7,1,2,2,2,2
SF,IH1912,2019-11-05 09:32:04.600,3015.0000,21402,0,159248040.000,3,1,2,多换,S,3015.0000,3014.8000,3014.6000,3014.2000,3014.0000,3015.2000,3015.6000,3016.0000,3016.6000,3016.8000,4,1,1,1,7,1,2,2,2,2
SF,IH1912,2019-11-05 09:32:05.100,3015.0000,21401,-1,162866040.000,4,1,3,多平,S,3014.8000,3014.6000,3014.2000,3014.0000,3013.2000,3015.0000,3015.2000,3015.6000,3016.0000,3016.6000,1,1,1,7,4,2,1,2,1,2
SF,IH1912,2019-11-05 09:32:05.600,3014.8000,21401,0,163770480.000,1,0,1,多换,S,3014.6000,3014.2000,3014.0000,3013.2000,3013.0000,3015.0000,3015.2000,3015.6000,3016.0000,3016.6000,1,1,7,4,6,2,1,2,1,2
SF,IH1912,2019-11-05 09:32:06.100,3014.8000,21401,0,163770480.000,0,-,-,-,-,3014.6000,3014.2000,3014.0000,3013.2000,3013.0000,3015.0000,3015.2000,3015.6000,3016.0000,3016.6000,1,1,7,4,6,2,1,2,1,2
SF,IH1912,2019-11-05 09:32:06.600,3015.0000,21401,0,165579480.000,2,1,1,多换,S,3014.6000,3014.2000,3014.0000,3013.2000,3013.0000,3015.2000,3015.6000,3016.0000,3016.6000,3016.8000,1,1,7,4,6,1,2,1,2,2
SF,IH1912,2019-11-05 09:32:07.600,3015.2000,21400,-1,166484040.000,1,0,1,双平,S,3014.6000,3014.2000,3014.0000,3013.2000,3013.0000,3016.0000,3016.6000,3016.8000,3017.2000,3017.4000,1,1,7,4,6,1,2,2,1,1
SF,IH1912,2019-11-05 09:32:08.100,3015.2000,21400,0,166484040.000,0,-,-,-,-,3014.6000,3014.2000,3014.0000,3013.2000,3013.0000,3015.4000,3015.6000,3015.8000,3016.0000,3016.6000,1,1,7,4,6,3,7,7,2,2
SF,IH1912,2019-11-05 09:32:08.600,3015.2000,21400,0,166484040.000,0,-,-,-,-,3014.6000,3014.2000,3014.0000,3013.2000,3013.0000,3015.2000,3015.4000,3015.6000,3015.8000,3016.0000,1,1,7,4,6,1,1,4,5,2
SF,IH1912,2019-11-05 09:32:09.100,3014.6000,21399,-1,167388420.000,1,0,1,双平,S,3014.2000,3014.0000,3013.2000,3013.0000,3012.4000,3015.2000,3015.4000,3015.6000,3015.8000,3016.0000,1,7,4,6,3,1,1,4,5,2
SF,IH1912,2019-11-05 09:32:09.600,3014.6000,21399,0,167388420.000,0,-,-,-,-,3014.4000,3014.2000,3014.0000,3013.2000,3013.0000,3015.2000,3015.4000,3015.6000,3015.8000,3016.0000,2,1,7,4,6,1,1,3,5,2
SF,IH1912,2019-11-05 09:32:10.600,3014.4000,21397,-2,169197060.000,2,0,2,双平,S,3014.2000,3014.0000,3013.2000,3013.0000,3012.4000,3015.2000,3015.4000,3015.6000,3015.8000,3016.0000,1,8,4,6,3,1,1,3,5,2
SF,IH1912,2019-11-05 09:32:11.100,3014.2000,21396,-1,170101320.000,1,0,1,双平,S,3014.0000,3013.2000,3013.0000,3012.4000,3012.2000,3014.8000,3015.0000,3015.2000,3015.4000,3015.6000,7,3,6,3,1,2,2,2,1,3
SF,IH1912,2019-11-05 09:32:11.600,3014.2000,21396,0,170101320.000,0,-,-,-,-,3014.0000,3013.2000,3013.0000,3012.4000,3012.2000,3014.6000,3015.4000,3015.6000,3015.8000,3016.0000,7,3,6,3,1,1,1,3,4,2
SF,IH1912,2019-11-05 09:32:12.100,3014.0000,21396,0,171005520.000,1,0,1,多换,S,3014.0000,3013.2000,3013.0000,3012.4000,3012.2000,3014.6000,3015.4000,3015.6000,3015.8000,3016.0000,6,2,6,3,1,1,1,3,4,1
SF,IH1912,2019-11-05 09:32:12.600,3014.0000,21396,0,176430720.000,6,3,3,多换,S,3013.2000,3013.0000,3012.4000,3012.2000,3011.8000,3014.2000,3014.4000,3014.6000,3015.6000,3015.8000,1,6,3,1,1,3,1,1,4,4
SF,IH1912,2019-11-05 09:32:13.100,3014.2000,21396,0,177334980.000,1,0,1,多换,S,3013.4000,3013.2000,3013.0000,3012.4000,3012.2000,3014.4000,3015.6000,3015.8000,3016.0000,3016.6000,2,1,6,3,1,1,4,4,1,2
SF,IH1912,2019-11-05 09:32:13.600,3014.2000,21396,0,177334980.000,0,-,-,-,-,3013.2000,3013.0000,3012.4000,3012.2000,3011.8000,3014.2000,3014.4000,3015.6000,3015.8000,3016.0000,1,6,3,1,1,8,3,1,1,1
SF,IH1912,2019-11-05 09:32:14.100,3014.2000,21395,-1,178239240.000,1,0,1,双平,S,3013.4000,3013.2000,3013.0000,3012.4000,3012.2000,3014.2000,3014.4000,3015.6000,3015.8000,3016.0000,2,1,6,3,1,2,1,1,1,1
SF,IH1912,2019-11-05 09:32:14.600,3014.2000,21395,0,178239240.000,0,-,-,-,-,3013.4000,3013.2000,3013.0000,3012.4000,3012.2000,3014.2000,3015.6000,3015.8000,3016.0000,3016.6000,2,1,6,3,1,2,1,1,1,2
SF,IH1912,2019-11-05 09:32:15.100,3014.2000,21395,0,178239240.000,0,-,-,-,-,3013.4000,3013.2000,3013.0000,3012.4000,3012.2000,3014.2000,3015.6000,3015.8000,3016.0000,3016.6000,2,1,6,3,1,1,1,1,1,2
SF,IH1912,2019-11-05 09:32:15.600,3014.2000,21395,0,178239240.000,0,-,-,-,-,3013.4000,3013.2000,3013.0000,3012.4000,3012.2000,3015.6000,3015.8000,3016.0000,3016.6000,3016.8000,2,1,6,3,1,1,1,1,2,2
SF,IH1912,2019-11-05 09:32:16.100,3014.2000,21395,0,178239240.000,0,-,-,-,-,3013.2000,3013.0000,3012.4000,3012.2000,3011.8000,3014.2000,3014.4000,3014.6000,3015.0000,3015.2000,1,6,3,1,1,2,6,2,1,2
SF,IH1912,2019-11-05 09:32:16.600,3014.2000,21395,0,178239240.000,0,-,-,-,-,3014.2000,3013.4000,3013.2000,3013.0000,3012.4000,3015.0000,3015.2000,3015.4000,3015.6000,3015.8000,1,1,1,6,3,1,1,4,2,1
SF,IH1912,2019-11-05 09:32:17.100,3014.2000,21395,0,180047760.000,2,1,1,多换,S,3013.2000,3013.0000,3012.4000,3012.2000,3011.8000,3014.0000,3014.2000,3014.4000,3014.6000,3014.8000,1,6,3,1,1,2,15,7,1,3
SF,IH1912,2019-11-05 09:32:17.600,3014.2000,21395,0,180047760.000,0,-,-,-,-,3013.4000,3013.2000,3013.0000,3012.4000,3012.2000,3014.2000,3014.8000,3015.2000,3015.4000,3015.6000,3,1,6,3,1,5,2,1,3,6
SF,IH1912,2019-11-05 09:32:18.100,3014.2000,21394,-1,180952020.000,1,0,1,双平,S,3014.0000,3013.6000,3013.4000,3013.2000,3013.0000,3014.2000,3014.8000,3015.2000,3015.4000,3015.6000,1,1,3,1,6,4,2,1,2,2
SF,IH1912,2019-11-05 09:32:18.600,3014.2000,21392,-2,184569060.000,4,1,3,多平,S,3014.6000,3014.4000,3014.2000,3014.0000,3013.6000,3014.8000,3015.2000,3015.4000,3015.6000,3015.8000,2,2,6,1,1,2,1,1,1,1
SF,IH1912,2019-11-05 09:32:19.100,3014.6000,21390,-2,187282260.000,3,0,3,多平,S,3014.4000,3014.2000,3014.0000,3013.6000,3013.2000,3014.8000,3015.2000,3015.4000,3015.6000,3015.8000,2,4,1,1,1,1,1,1,1,1
SF,IH1912,2019-11-05 09:32:19.600,3014.6000,21388,-2,189091080.000,2,0,2,双平,S,3014.8000,3014.6000,3014.4000,3014.2000,3014.0000,3015.4000,3015.8000,3016.6000,3016.8000,3017.4000,1,1,2,4,1,1,1,2,2,1
SF,IH1912,2019-11-05 09:32:20.100,3014.8000,21388,0,189995520.000,1,0,1,多换,S,3014.4000,3014.2000,3014.0000,3013.6000,3013.2000,3014.8000,3015.0000,3015.2000,3015.8000,3016.6000,2,4,1,1,1,5,3,1,1,2
SF,IH1912,2019-11-05 09:32:20.600,3014.8000,21384,-4,193613100.000,4,0,4,双平,S,3014.4000,3014.2000,3014.0000,3013.6000,3013.2000,3014.8000,3015.0000,3015.4000,3015.8000,3016.6000,1,4,2,1,1,3,1,1,1,2
SF,IH1912,2019-11-05 09:32:21.100,3014.8000,21384,0,193613100.000,0,-,-,-,-,3014.2000,3014.0000,3013.6000,3013.2000,3013.0000,3014.8000,3015.4000,3015.8000,3016.6000,3016.8000,4,1,1,1,6,3,1,1,2,2
SF,IH1912,2019-11-05 09:32:21.600,3014.8000,21384,0,193613100.000,0,-,-,-,-,3014.4000,3014.2000,3014.0000,3013.2000,3013.0000,3014.8000,3015.4000,3015.8000,3016.6000,3016.8000,1,3,1,1,6,2,1,1,2,2
SF,IH1912,2019-11-05 09:32:22.100,3014.8000,21384,0,193613100.000,0,-,-,-,-,3014.2000,3014.0000,3013.2000,3013.0000,3012.4000,3014.4000,3014.8000,3015.2000,3015.4000,3015.8000,2,1,1,6,3,4,2,1,1,1
SF,IH1912,2019-11-05 09:32:22.600,3014.2000,21380,-4,197230320.000,4,0,4,双平,S,3014.0000,3013.2000,3013.0000,3012.4000,3012.2000,3014.2000,3014.8000,3015.2000,3015.8000,3016.6000,1,1,6,3,1,2,2,1,1,2
SF,IH1912,2019-11-05 09:32:23.100,3014.0000,21379,-1,198134520.000,1,0,1,双平,S,3013.2000,3013.0000,3012.4000,3012.2000,3011.8000,3014.0000,3014.2000,3015.2000,3015.8000,3016.6000,1,6,3,1,1,1,1,1,1,2
SF,IH1912,2019-11-05 09:32:23.600,3014.0000,21379,0,198134520.000,0,-,-,-,-,3013.4000,3013.2000,3013.0000,3012.4000,3012.2000,3014.0000,3014.2000,3015.2000,3015.8000,3016.6000,2,1,6,3,1,1,1,1,1,2
SF,IH1912,2019-11-05 09:32:24.600,3014.0000,21379,0,198134520.000,0,-,-,-,-,3013.8000,3013.4000,3013.2000,3013.0000,3012.4000,3014.0000,3014.2000,3015.2000,3015.8000,3016.6000,1,2,1,6,3,1,1,1,1,2
SF,IH1912,2019-11-05 09:32:25.100,3013.8000,21378,-1,199038660.000,1,0,1,双平,S,3013.2000,3013.0000,3012.4000,3012.2000,3011.8000,3014.0000,3014.2000,3015.2000,3015.8000,3016.6000,1,6,3,1,1,1,1,1,1,2
SF,IH1912,2019-11-05 09:32:25.600,3013.8000,21378,0,199038660.000,0,-,-,-,-,3013.4000,3013.2000,3013.0000,3012.4000,3012.2000,3014.2000,3015.2000,3015.8000,3016.6000,3016.8000,1,1,6,3,1,1,1,1,2,2
SF,IH1912,2019-11-05 09:32:26.100,3013.8000,21378,0,199038660.000,0,-,-,-,-,3013.4000,3013.2000,3013.0000,3012.4000,3012.2000,3014.2000,3015.2000,3015.8000,3016.6000,3016.8000,1,1,6,3,1,1,1,1,2,2
SF,IH1912,2019-11-05 09:32:26.600,3013.8000,21378,0,199038660.000,0,-,-,-,-,3013.4000,3013.2000,3013.0000,3012.4000,3012.2000,3014.0000,3015.2000,3015.8000,3016.6000,3016.8000,1,1,6,3,1,1,1,1,2,2
SF,IH1912,2019-11-05 09:32:27.100,3013.6000,21378,0,199942740.000,1,0,1,多换,S,3013.4000,3013.2000,3013.0000,3012.4000,3012.2000,3014.0000,3015.2000,3015.8000,3016.6000,3016.8000,2,1,6,3,1,1,1,1,2,2
SF,IH1912,2019-11-05 09:32:27.600,3014.0000,21377,-1,200846940.000,1,0,1,双平,S,3013.4000,3013.2000,3013.0000,3012.4000,3012.2000,3015.2000,3015.8000,3016.6000,3016.8000,3017.4000,2,1,6,3,1,1,1,2,2,1
SF,IH1912,2019-11-05 09:32:28.100,3014.0000,21377,0,200846940.000,0,-,-,-,-,3013.6000,3013.4000,3013.2000,3013.0000,3012.4000,3014.8000,3015.0000,3015.2000,3015.8000,3016.4000,3,2,1,6,3,3,1,1,1,1
SF,IH1912,2019-11-05 09:32:28.600,3014.0000,21377,0,200846940.000,0,-,-,-,-,3013.8000,3013.6000,3013.4000,3013.2000,3013.0000,3014.8000,3015.2000,3015.8000,3016.4000,3016.6000,2,1,1,1,6,3,1,1,1,2
SF,IH1912,2019-11-05 09:32:29.100,3014.0000,21377,0,200846940.000,0,-,-,-,-,3013.8000,3013.4000,3013.2000,3013.0000,3012.4000,3014.6000,3014.8000,3015.2000,3015.8000,3016.4000,1,1,1,6,3,1,3,1,1,1
SF,IH1912,2019-11-05 09:32:29.600,3013.8000,21377,0,201751080.000,1,0,1,多换,S,3013.4000,3013.2000,3013.0000,3012.4000,3012.2000,3014.4000,3014.6000,3015.2000,3015.8000,3016.4000,1,1,6,3,1,2,1,1,1,1
SF,IH1912,2019-11-05 09:32:30.100,3013.8000,21377,0,201751080.000,0,-,-,-,-,3013.6000,3013.4000,3013.2000,3013.0000,3012.4000,3014.4000,3014.6000,3015.2000,3015.8000,3016.4000,1,1,1,6,3,3,1,1,1,1
SF,IH1912,2019-11-05 09:32:30.600,3013.8000,21377,0,201751080.000,0,-,-,-,-,3013.6000,3013.4000,3013.2000,3013.0000,3012.4000,3014.4000,3014.6000,3015.2000,3015.8000,3016.4000,1,1,2,6,3,3,1,1,1,1
SF,IH1912,2019-11-05 09:32:31.100,3013.8000,21376,-1,202655220.000,1,0,1,双平,S,3013.6000,3013.2000,3013.0000,3012.4000,3012.2000,3014.4000,3014.6000,3015.2000,3015.8000,3016.4000,1,2,6,3,1,3,1,1,1,1
SF,IH1912,2019-11-05 09:32:31.600,3013.8000,21376,0,202655220.000,0,-,-,-,-,3013.6000,3013.2000,3013.0000,3012.4000,3012.2000,3014.4000,3014.6000,3015.2000,3015.8000,3016.4000,1,2,6,3,1,2,1,1,1,1
SF,IH1912,2019-11-05 09:32:33.600,3014.4000,21375,-1,203559540.000,1,0,1,双平,S,3013.6000,3013.2000,3013.0000,3012.4000,3012.2000,3014.4000,3014.6000,3015.2000,3015.8000,3016.4000,1,2,6,3,1,1,1,1,1,1
SF,IH1912,2019-11-05 09:32:34.100,3014.4000,21375,0,203559540.000,0,-,-,-,-,3013.6000,3013.2000,3013.0000,3012.4000,3012.2000,3014.6000,3015.2000,3015.8000,3016.4000,3016.6000,1,2,6,3,1,1,1,1,1,2
SF,IH1912,2019-11-05 09:32:34.600,3014.4000,21375,0,203559540.000,0,-,-,-,-,3013.2000,3013.0000,3012.4000,3012.2000,3011.8000,3014.4000,3014.6000,3014.8000,3015.2000,3015.8000,2,6,3,1,1,2,1,1,1,1
SF,IH1912,2019-11-05 09:32:35.100,3014.4000,21375,0,203559540.000,0,-,-,-,-,3013.6000,3013.4000,3013.2000,3013.0000,3012.4000,3014.4000,3014.6000,3014.8000,3015.2000,3015.8000,1,2,2,6,3,2,1,1,1,1
SF,IH1912,2019-11-05 09:32:35.600,3014.4000,21375,0,203559540.000,0,-,-,-,-,3013.6000,3013.2000,3013.0000,3012.4000,3012.2000,3014.4000,3014.6000,3014.8000,3015.2000,3015.8000,1,2,6,3,1,2,1,1,1,1
SF,IH1912,2019-11-05 09:32:36.600,3014.4000,21375,0,203559540.000,0,-,-,-,-,3013.6000,3013.4000,3013.2000,3013.0000,3012.4000,3014.4000,3014.6000,3014.8000,3015.2000,3015.8000,1,1,2,6,3,2,1,1,1,1
SF,IH1912,2019-11-05 09:32:37.100,3014.4000,21375,0,203559540.000,0,-,-,-,-,3013.6000,3013.4000,3013.2000,3013.0000,3012.4000,3014.4000,3014.8000,3015.2000,3015.8000,3016.4000,1,1,2,6,3,3,1,1,1,1
SF,IH1912,2019-11-05 09:32:37.600,3014.4000,21375,0,203559540.000,0,-,-,-,-,3013.6000,3013.4000,3013.2000,3013.0000,3012.4000,3014.2000,3014.4000,3014.8000,3015.2000,3015.8000,1,1,2,6,3,1,2,1,1,1
SF,IH1912,2019-11-05 09:32:39.600,3014.2000,21375,0,204463800.000,1,0,1,多换,S,3013.4000,3013.2000,3013.0000,3012.4000,3012.2000,3014.4000,3015.2000,3015.8000,3016.4000,3016.6000,1,2,6,3,1,2,1,1,1,2
SF,IH1912,2019-11-05 09:32:40.100,3014.4000,21373,-2,206272440.000,2,0,2,双平,S,3014.2000,3013.4000,3013.2000,3013.0000,3012.4000,3014.8000,3015.2000,3015.8000,3016.4000,3016.6000,2,3,2,6,3,1,1,1,1,2
SF,IH1912,2019-11-05 09:32:40.600,3014.2000,21370,-3,208985340.000,3,0,3,双平,S,3013.4000,3013.2000,3013.0000,3012.4000,3012.2000,3014.2000,3015.2000,3015.8000,3016.4000,3016.6000,1,2,6,3,1,1,1,1,1,2
SF,IH1912,2019-11-05 09:32:41.100,3014.2000,21369,-1,209889600.000,1,0,1,双平,S,3014.4000,3014.2000,3014.0000,3013.8000,3013.6000,3015.2000,3015.8000,3016.4000,3016.6000,3016.8000,1,2,5,2,16,1,1,1,2,2
SF,IH1912,2019-11-05 09:32:41.600,3014.2000,21369,0,209889600.000,0,-,-,-,-,3014.4000,3014.2000,3013.8000,3013.6000,3013.4000,3014.8000,3015.0000,3015.2000,3015.8000,3016.4000,1,2,1,3,2,1,1,1,1,1
SF,IH1912,2019-11-05 09:32:42.100,3014.2000,21369,0,209889600.000,0,-,-,-,-,3014.4000,3014.2000,3013.8000,3013.6000,3013.4000,3015.2000,3015.8000,3016.4000,3016.6000,3016.8000,1,2,1,3,2,1,1,1,2,2
SF,IH1912,2019-11-05 09:32:42.600,3014.2000,21369,0,209889600.000,0,-,-,-,-,3014.4000,3014.2000,3013.6000,3013.4000,3013.2000,3015.2000,3015.8000,3016.4000,3016.6000,3016.8000,1,2,2,2,2,1,1,1,2,2
SF,IH1912,2019-11-05 09:32:43.100,3015.2000,21368,-1,210794160.000,1,0,1,双平,S,3014.4000,3014.2000,3013.6000,3013.4000,3013.2000,3015.8000,3016.4000,3016.6000,3016.8000,3017.4000,1,2,3,2,2,1,1,2,2,1
SF,IH1912,2019-11-05 09:32:43.600,3015.2000,21368,0,210794160.000,0,-,-,-,-,3014.4000,3014.2000,3013.6000,3013.4000,3013.2000,3015.2000,3015.6000,3015.8000,3016.0000,3016.4000,1,2,3,1,2,1,5,1,1,1
SF,IH1912,2019-11-05 09:32:44.100,3015.2000,21368,0,210794160.000,0,-,-,-,-,3014.4000,3014.2000,3013.6000,3013.4000,3013.2000,3015.6000,3015.8000,3016.0000,3016.4000,3016.6000,1,2,3,1,2,2,1,1,1,2
SF,IH1912,2019-11-05 09:32:44.600,3015.2000,21368,0,210794160.000,0,-,-,-,-,3014.4000,3014.2000,3013.6000,3013.4000,3013.2000,3015.6000,3015.8000,3016.0000,3016.4000,3016.6000,1,2,3,1,3,2,1,1,1,2
SF,IH1912,2019-11-05 09:32:45.100,3015.2000,21368,0,210794160.000,0,-,-,-,-,3014.4000,3014.2000,3013.6000,3013.4000,3013.2000,3015.0000,3015.2000,3015.4000,3015.6000,3015.8000,1,2,3,1,3,1,1,3,2,1
SF,IH1912,2019-11-05 09:32:45.600,3015.2000,21368,0,210794160.000,0,-,-,-,-,3014.4000,3014.2000,3013.6000,3013.4000,3013.2000,3015.2000,3015.4000,3015.6000,3015.8000,3016.0000,1,2,3,1,3,1,2,2,1,1
SF,IH1912,2019-11-05 09:32:46.100,3015.2000,21368,0,210794160.000,0,-,-,-,-,3014.2000,3013.6000,3013.4000,3013.2000,3013.0000,3015.2000,3015.4000,3015.6000,3015.8000,3016.0000,2,3,1,3,6,1,1,2,1,1
SF,IH1912,2019-11-05 09:32:46.600,3015.2000,21368,0,210794160.000,0,-,-,-,-,3013.6000,3013.4000,3013.2000,3013.0000,3012.4000,3015.2000,3015.4000,3015.6000,3015.8000,3016.0000,3,1,3,6,3,1,1,2,1,1
SF,IH1912,2019-11-05 09:32:47.100,3015.2000,21368,0,210794160.000,0,-,-,-,-,3014.2000,3013.8000,3013.6000,3013.4000,3013.2000,3015.2000,3015.4000,3015.6000,3015.8000,3016.0000,3,4,3,2,3,1,1,2,1,1
SF,IH1912,2019-11-05 09:32:47.600,3015.2000,21368,0,210794160.000,0,-,-,-,-,3014.2000,3013.8000,3013.6000,3013.4000,3013.2000,3015.4000,3015.6000,3015.8000,3016.0000,3016.4000,3,2,3,2,3,1,2,1,1,2
SF,IH1912,2019-11-05 09:32:48.100,3015.2000,21368,0,210794160.000,0,-,-,-,-,3014.2000,3013.8000,3013.6000,3013.4000,3013.2000,3015.2000,3015.4000,3015.6000,3015.8000,3016.0000,3,2,3,2,3,1,1,2,1,1
SF,IH1912,2019-11-05 09:32:48.600,3014.0000,21363,-5,215315400.000,5,0,5,双平,S,3013.8000,3013.6000,3013.4000,3013.2000,3013.0000,3014.0000,3015.2000,3015.4000,3015.6000,3015.8000,3,2,2,3,6,5,2,1,2,1
SF,IH1912,2019-11-05 09:32:49.100,3014.0000,21358,-5,219836400.000,5,0,5,双平,S,3014.2000,3014.0000,3013.8000,3013.6000,3013.4000,3015.2000,3015.4000,3015.6000,3015.8000,3016.0000,3,9,3,2,2,1,1,2,1,1
SF,IH1912,2019-11-05 09:32:49.600,3014.0000,21358,0,219836400.000,0,-,-,-,-,3014.2000,3014.0000,3013.8000,3013.6000,3013.4000,3014.8000,3015.2000,3015.4000,3015.6000,3015.8000,3,5,1,2,1,3,1,1,2,1
SF,IH1912,2019-11-05 09:32:50.100,3014.0000,21358,0,219836400.000,0,-,-,-,-,3014.2000,3014.0000,3013.8000,3013.6000,3013.4000,3014.6000,3015.2000,3015.4000,3015.6000,3015.8000,3,5,1,2,1,1,1,1,2,1
SF,IH1912,2019-11-05 09:32:50.600,3014.6000,21357,-1,220740780.000,1,0,1,双平,S,3014.2000,3014.0000,3013.8000,3013.6000,3013.4000,3014.8000,3015.2000,3015.4000,3015.6000,3015.8000,3,6,2,2,3,1,1,1,2,1
SF,IH1912,2019-11-05 09:32:51.100,3014.6000,21357,0,220740780.000,0,-,-,-,-,3014.0000,3013.6000,3013.4000,3013.2000,3013.0000,3014.2000,3014.6000,3014.8000,3015.2000,3015.4000,6,1,3,3,6,1,2,1,1,1
SF,IH1912,2019-11-05 09:32:51.600,3014.2000,21356,-1,221645040.000,1,0,1,双平,S,3014.2000,3014.0000,3013.6000,3013.4000,3013.2000,3014.6000,3015.2000,3015.4000,3015.6000,3015.8000,1,4,1,3,3,1,1,1,2,1
SF,IH1912,2019-11-05 09:32:52.100,3014.2000,21356,0,221645040.000,0,-,-,-,-,3014.2000,3014.0000,3013.6000,3013.4000,3013.2000,3014.4000,3014.6000,3015.2000,3015.4000,3015.6000,1,4,1,3,3,1,1,1,1,2
SF,IH1912,2019-11-05 09:32:52.600,3014.2000,21355,-1,222549300.000,1,0,1,双平,S,3014.0000,3013.6000,3013.4000,3013.2000,3013.0000,3014.4000,3014.6000,3015.2000,3015.4000,3015.6000,4,1,1,3,6,1,1,1,1,2
SF,IH1912,2019-11-05 09:32:53.100,3014.2000,21355,0,222549300.000,0,-,-,-,-,3014.2000,3014.0000,3013.6000,3013.4000,3013.2000,3014.4000,3014.6000,3015.2000,3015.4000,3015.6000,1,4,1,1,3,1,1,1,1,2
SF,IH1912,2019-11-05 09:32:53.600,3014.4000,21354,-1,223453620.000,1,0,1,双平,S,3014.2000,3014.0000,3013.6000,3013.4000,3013.2000,3014.6000,3015.2000,3015.4000,3015.6000,3015.8000,2,4,1,1,3,1,2,1,2,1
SF,IH1912,2019-11-05 09:32:54.100,3014.4000,21354,0,223453620.000,0,-,-,-,-,3014.2000,3014.0000,3013.6000,3013.4000,3013.2000,3015.2000,3015.4000,3015.6000,3015.8000,3016.0000,2,4,1,1,3,1,1,2,1,1
SF,IH1912,2019-11-05 09:32:54.600,3014.4000,21354,0,223453620.000,0,-,-,-,-,3014.2000,3014.0000,3013.6000,3013.4000,3013.2000,3015.0000,3015.2000,3015.4000,3015.6000,3015.8000,2,5,1,1,3,1,1,1,2,1
SF,IH1912,2019-11-05 09:32:55.100,3014.4000,21354,0,223453620.000,0,-,-,-,-,3014.2000,3014.0000,3013.6000,3013.4000,3013.2000,3015.2000,3015.4000,3015.6000,3015.8000,3016.0000,2,4,1,1,3,1,1,2,1,1
SF,IH1912,2019-11-05 09:32:55.600,3014.4000,21354,0,223453620.000,0,-,-,-,-,3014.2000,3014.0000,3013.6000,3013.4000,3013.2000,3015.2000,3015.4000,3015.6000,3015.8000,3016.0000,2,4,1,1,3,1,1,2,1,1
SF,IH1912,2019-11-05 09:32:56.100,3014.4000,21354,0,223453620.000,0,-,-,-,-,3014.2000,3014.0000,3013.6000,3013.4000,3013.2000,3015.0000,3015.2000,3015.4000,3015.6000,3015.8000,2,4,1,1,3,1,1,1,2,1
SF,IH1912,2019-11-05 09:32:56.600,3014.4000,21354,0,223453620.000,0,-,-,-,-,3014.2000,3014.0000,3013.6000,3013.4000,3013.2000,3015.0000,3015.2000,3015.4000,3015.6000,3015.8000,3,4,1,1,3,1,1,1,2,1
SF,IH1912,2019-11-05 09:32:57.100,3014.4000,21354,0,223453620.000,0,-,-,-,-,3014.2000,3014.0000,3013.6000,3013.4000,3013.2000,3015.0000,3015.2000,3015.4000,3015.6000,3015.8000,3,4,1,1,3,1,2,1,2,1
SF,IH1912,2019-11-05 09:32:57.600,3014.4000,21354,0,223453620.000,0,-,-,-,-,3014.4000,3014.2000,3014.0000,3013.6000,3013.4000,3015.0000,3015.2000,3015.4000,3015.6000,3015.8000,1,3,4,1,1,1,2,1,2,1
SF,IH1912,2019-11-05 09:32:58.100,3014.4000,21354,0,223453620.000,0,-,-,-,-,3014.4000,3014.2000,3014.0000,3013.6000,3013.4000,3015.0000,3015.2000,3015.4000,3015.6000,3015.8000,1,2,4,1,1,1,2,1,2,1
SF,IH1912,2019-11-05 09:32:59.100,3014.4000,21354,0,224357940.000,1,0,1,多换,S,3014.2000,3014.0000,3013.6000,3013.4000,3013.2000,3015.0000,3015.2000,3015.4000,3015.6000,3015.8000,2,4,1,1,3,1,2,1,2,1
SF,IH1912,2019-11-05 09:32:59.600,3014.4000,21354,0,224357940.000,0,-,-,-,-,3014.2000,3014.0000,3013.6000,3013.4000,3013.2000,3015.0000,3015.2000,3015.4000,3015.6000,3015.8000,2,4,1,1,3,1,2,1,1,1
SF,IH1912,2019-11-05 09:33:00.100,3014.2000,21354,0,225262200.000,1,0,1,多换,S,3014.0000,3013.6000,3013.4000,3013.2000,3013.0000,3014.6000,3014.8000,3015.2000,3015.4000,3015.6000,2,1,1,3,6,1,3,1,1,1
SF,IH1912,2019-11-05 09:33:00.600,3014.2000,21354,0,225262200.000,0,-,-,-,-,3013.4000,3013.2000,3013.0000,3012.4000,3012.2000,3014.6000,3014.8000,3015.2000,3015.4000,3015.6000,1,3,6,3,1,1,2,1,1,1
SF,IH1912,2019-11-05 09:33:01.100,3014.2000,21354,0,225262200.000,0,-,-,-,-,3013.8000,3013.4000,3013.2000,3013.0000,3012.4000,3014.0000,3014.6000,3014.8000,3015.2000,3015.4000,3,1,3,6,3,1,2,2,1,1
SF,IH1912,2019-11-05 09:33:01.600,3014.2000,21354,0,225262200.000,0,-,-,-,-,3013.4000,3013.2000,3013.0000,3012.4000,3012.2000,3014.0000,3014.6000,3014.8000,3015.2000,3015.4000,1,3,6,3,1,1,2,2,1,1
SF,IH1912,2019-11-05 09:33:02.100,3014.2000,21354,0,225262200.000,0,-,-,-,-,3013.6000,3013.4000,3013.2000,3013.0000,3012.4000,3014.6000,3014.8000,3015.2000,3015.4000,3015.6000,3,1,3,6,3,1,4,1,1,1
SF,IH1912,2019-11-05 09:33:04.100,3014.2000,21354,0,225262200.000,0,-,-,-,-,3013.6000,3013.4000,3013.2000,3013.0000,3012.4000,3014.6000,3014.8000,3015.2000,3015.4000,3015.6000,3,1,3,6,3,1,4,1,1,2
SF,IH1912,2019-11-05 09:33:04.600,3014.2000,21354,0,225262200.000,0,-,-,-,-,3013.8000,3013.6000,3013.4000,3013.2000,3013.0000,3014.8000,3015.2000,3015.4000,3015.6000,3015.8000,1,3,1,3,6,4,1,1,2,1
SF,IH1912,2019-11-05 09:33:05.100,3014.2000,21354,0,225262200.000,0,-,-,-,-,3014.0000,3013.8000,3013.4000,3013.2000,3013.0000,3014.6000,3014.8000,3015.2000,3015.4000,3015.6000,2,1,1,3,6,1,3,1,1,2
SF,IH1912,2019-11-05 09:33:05.600,3014.0000,21353,-1,226166400.000,1,0,1,双平,S,3014.0000,3013.4000,3013.2000,3013.0000,3012.4000,3014.6000,3014.8000,3015.2000,3015.4000,3015.6000,1,1,3,6,3,1,3,1,1,2
SF,IH1912,2019-11-05 09:33:06.100,3014.0000,21353,0,226166400.000,0,-,-,-,-,3014.0000,3013.4000,3013.2000,3013.0000,3012.4000,3014.6000,3014.8000,3015.2000,3015.4000,3015.6000,1,1,3,6,3,1,3,1,1,2
SF,IH1912,2019-11-05 09:33:06.600,3014.0000,21353,0,226166400.000,0,-,-,-,-,3014.0000,3013.4000,3013.2000,3013.0000,3012.6000,3014.6000,3014.8000,3015.2000,3015.4000,3015.6000,1,1,3,6,1,1,3,1,1,2
SF,IH1912,2019-11-05 09:33:07.100,3014.0000,21351,-2,227974800.000,2,0,2,双平,S,3013.8000,3013.4000,3013.2000,3013.0000,3012.6000,3014.8000,3015.0000,3015.2000,3015.4000,3015.6000,1,1,3,6,1,4,1,1,1,2
SF,IH1912,2019-11-05 09:33:07.600,3014.0000,21351,0,228879000.000,1,0,1,多换,S,3013.8000,3013.4000,3013.2000,3013.0000,3012.6000,3014.8000,3015.0000,3015.2000,3015.4000,3015.6000,1,1,3,6,1,4,2,1,1,2
SF,IH1912,2019-11-05 09:33:08.100,3014.0000,21351,0,228879000.000,0,-,-,-,-,3014.0000,3013.8000,3013.4000,3013.2000,3013.0000,3014.8000,3015.0000,3015.2000,3015.4000,3015.6000,1,1,1,3,6,5,2,1,1,2
SF,IH1912,2019-11-05 09:33:08.600,3014.0000,21350,-1,229783200.000,1,0,1,双平,S,3013.4000,3013.2000,3013.0000,3012.6000,3012.4000,3014.6000,3014.8000,3015.0000,3015.2000,3015.4000,1,3,6,1,3,1,4,2,1,1
SF,IH1912,2019-11-05 09:33:09.100,3014.0000,21350,0,229783200.000,0,-,-,-,-,3013.6000,3013.4000,3013.2000,3013.0000,3012.6000,3014.4000,3014.6000,3014.8000,3015.0000,3015.2000,1,1,3,6,1,2,1,3,2,1
SF,IH1912,2019-11-05 09:33:09.600,3014.0000,21350,0,229783200.000,0,-,-,-,-,3013.6000,3013.4000,3013.2000,3013.0000,3012.6000,3014.6000,3014.8000,3015.0000,3015.2000,3015.4000,1,2,3,6,1,1,2,2,1,1
SF,IH1912,2019-11-05 09:33:10.100,3014.0000,21350,0,229783200.000,0,-,-,-,-,3013.6000,3013.4000,3013.2000,3013.0000,3012.6000,3014.2000,3014.4000,3014.8000,3015.0000,3015.2000,1,1,3,6,1,1,4,2,2,1
SF,IH1912,2019-11-05 09:33:10.600,3014.0000,21350,0,229783200.000,0,-,-,-,-,3013.6000,3013.4000,3013.2000,3013.0000,3012.6000,3014.4000,3014.8000,3015.0000,3015.2000,3015.6000,1,1,3,6,1,1,2,2,1,2
SF,IH1912,2019-11-05 09:33:11.100,3013.6000,21349,-1,231591360.000,2,0,2,多平,S,3013.4000,3013.2000,3013.0000,3012.6000,3012.4000,3013.6000,3014.2000,3014.4000,3014.8000,3015.0000,1,4,6,1,3,1,1,1,2,2
SF,IH1912,2019-11-05 09:33:11.600,3013.6000,21348,-1,232495440.000,1,0,1,双平,S,3013.8000,3013.6000,3013.4000,3013.2000,3013.0000,3014.4000,3014.8000,3015.0000,3015.2000,3015.6000,1,5,1,3,6,1,2,2,1,2
SF,IH1912,2019-11-05 09:33:12.100,3013.6000,21348,0,232495440.000,0,-,-,-,-,3013.6000,3013.4000,3013.2000,3013.0000,3012.6000,3014.2000,3014.4000,3014.8000,3015.0000,3015.2000,4,1,3,6,1,1,2,2,2,1
SF,IH1912,2019-11-05 09:33:12.600,3014.2000,21347,-1,233399700.000,1,0,1,双平,S,3013.6000,3013.4000,3013.2000,3013.0000,3012.6000,3014.4000,3014.8000,3015.0000,3015.2000,3015.6000,4,2,3,6,1,3,2,2,1,2
SF,IH1912,2019-11-05 09:33:13.100,3014.2000,21347,0,233399700.000,0,-,-,-,-,3013.6000,3013.4000,3013.2000,3013.0000,3012.6000,3014.4000,3014.8000,3015.0000,3015.2000,3015.6000,4,1,3,6,1,3,2,2,1,2
SF,IH1912,2019-11-05 09:33:14.100,3014.2000,21347,0,233399700.000,0,-,-,-,-,3013.8000,3013.6000,3013.4000,3013.2000,3013.0000,3014.4000,3014.8000,3015.0000,3015.2000,3015.6000,1,5,2,3,6,2,2,2,1,2
SF,IH1912,2019-11-05 09:33:14.600,3014.2000,21347,0,233399700.000,0,-,-,-,-,3014.0000,3013.6000,3013.4000,3013.2000,3013.0000,3014.2000,3014.4000,3014.8000,3015.0000,3015.2000,1,5,1,3,6,1,2,2,2,1
SF,IH1912,2019-11-05 09:33:15.100,3014.0000,21346,-1,234303900.000,1,0,1,双平,S,3013.6000,3013.4000,3013.2000,3013.0000,3012.6000,3014.0000,3014.2000,3014.4000,3014.8000,3015.0000,5,1,3,6,1,1,1,1,2,2
SF,IH1912,2019-11-05 09:33:15.600,3014.0000,21346,0,234303900.000,0,-,-,-,-,3013.6000,3013.4000,3013.2000,3013.0000,3012.6000,3014.0000,3014.2000,3014.4000,3014.8000,3015.0000,5,1,3,6,1,1,1,1,3,2
SF,IH1912,2019-11-05 09:33:16.100,3014.0000,21346,0,234303900.000,0,-,-,-,-,3013.6000,3013.4000,3013.2000,3013.0000,3012.6000,3014.0000,3014.2000,3014.4000,3014.8000,3015.0000,5,2,3,6,1,1,1,1,3,2
SF,IH1912,2019-11-05 09:33:16.600,3014.0000,21346,0,234303900.000,0,-,-,-,-,3013.6000,3013.4000,3013.2000,3013.0000,3012.6000,3014.2000,3014.4000,3014.8000,3015.0000,3015.2000,4,2,3,6,1,1,1,3,2,1
SF,IH1912,2019-11-05 09:33:17.100,3014.0000,21346,0,234303900.000,0,-,-,-,-,3013.6000,3013.4000,3013.2000,3013.0000,3012.6000,3014.2000,3014.4000,3014.8000,3015.0000,3015.2000,4,2,3,6,1,1,1,3,2,1
SF,IH1912,2019-11-05 09:33:17.600,3014.0000,21346,0,234303900.000,0,-,-,-,-,3013.6000,3013.4000,3013.2000,3013.0000,3012.6000,3014.0000,3014.2000,3014.8000,3015.0000,3015.2000,2,2,3,6,1,2,1,3,2,1
SF,IH1912,2019-11-05 09:33:18.100,3013.4000,21343,-3,237016020.000,3,0,3,双平,S,3013.2000,3013.0000,3012.6000,3012.4000,3012.2000,3013.6000,3014.0000,3014.2000,3014.8000,3015.0000,3,6,1,3,1,2,2,1,3,2
SF,IH1912,2019-11-05 09:33:18.600,3013.4000,21343,0,237016020.000,0,-,-,-,-,3013.2000,3013.0000,3012.6000,3012.4000,3012.2000,3013.4000,3013.6000,3014.0000,3014.2000,3014.8000,3,6,1,3,1,1,2,1,1,3
SF,IH1912,2019-11-05 09:33:19.100,3013.2000,21343,0,239727900.000,3,1,2,多换,S,3013.0000,3012.6000,3012.4000,3012.2000,3011.8000,3013.4000,3013.6000,3014.0000,3014.2000,3014.8000,6,1,3,1,2,1,2,1,1,3
SF,IH1912,2019-11-05 09:33:19.600,3013.2000,21343,0,239727900.000,0,-,-,-,-,3013.0000,3012.6000,3012.4000,3012.2000,3011.8000,3013.4000,3013.6000,3014.0000,3014.2000,3014.8000,6,1,3,1,2,1,2,3,1,1
SF,IH1912,2019-11-05 09:33:20.100,3013.0000,21342,-1,240631800.000,1,0,1,双平,S,3013.0000,3012.6000,3012.4000,3012.2000,3011.8000,3013.4000,3013.6000,3014.0000,3014.2000,3014.8000,5,1,3,1,2,1,2,4,1,1
SF,IH1912,2019-11-05 09:33:20.600,3012.4000,21341,-1,246958800.000,7,3,4,多平,S,3012.4000,3012.2000,3011.8000,3011.4000,3011.0000,3013.0000,3013.2000,3013.4000,3013.6000,3014.0000,2,1,2,4,1,1,1,1,2,4
SF,IH1912,2019-11-05 09:33:21.100,3012.8000,21340,-1,247862640.000,1,0,1,双平,S,3012.6000,3012.4000,3012.2000,3011.8000,3011.4000,3013.0000,3013.6000,3014.0000,3014.2000,3015.0000,2,2,1,2,4,1,2,4,1,2
SF,IH1912,2019-11-05 09:33:21.600,3012.8000,21340,0,247862640.000,0,-,-,-,-,3012.4000,3012.2000,3011.8000,3011.4000,3011.0000,3012.6000,3013.0000,3013.6000,3014.0000,3015.0000,2,1,2,4,1,1,2,2,4,2
SF,IH1912,2019-11-05 09:33:22.100,3012.4000,21340,0,249670080.000,2,1,1,多换,S,3012.2000,3011.8000,3011.4000,3011.0000,3010.4000,3012.4000,3012.6000,3013.0000,3013.2000,3013.6000,1,2,4,1,3,1,1,2,1,2
SF,IH1912,2019-11-05 09:33:22.600,3012.2000,21339,-1,250573740.000,1,0,1,双平,S,3011.8000,3011.4000,3011.0000,3010.4000,3010.2000,3012.4000,3012.6000,3013.0000,3013.2000,3013.6000,2,4,1,3,1,1,1,2,1,2
SF,IH1912,2019-11-05 09:33:23.100,3011.8000,21338,-1,251477280.000,1,0,1,双平,S,3011.8000,3011.4000,3011.0000,3010.4000,3010.2000,3012.2000,3012.4000,3012.6000,3013.0000,3013.2000,1,4,2,3,1,1,2,1,1,1
SF,IH1912,2019-11-05 09:33:23.600,3011.8000,21336,-2,253284360.000,2,0,2,双平,S,3011.4000,3011.0000,3010.4000,3010.2000,3010.0000,3011.8000,3012.2000,3012.4000,3012.6000,3013.2000,3,2,3,1,9,1,1,2,1,1
SF,IH1912,2019-11-05 09:33:24.100,3011.8000,21336,0,253284360.000,0,-,-,-,-,3011.4000,3011.0000,3010.4000,3010.2000,3010.0000,3011.8000,3012.2000,3012.4000,3012.6000,3013.2000,3,2,3,1,9,1,1,2,1,1
SF,IH1912,2019-11-05 09:33:24.600,3011.8000,21334,-2,255091440.000,2,0,2,双平,S,3011.4000,3011.0000,3010.4000,3010.2000,3010.0000,3011.8000,3012.2000,3012.4000,3012.6000,3013.2000,3,2,3,1,9,1,1,2,1,1
SF,IH1912,2019-11-05 09:33:25.600,3011.8000,21333,-1,255994980.000,1,0,1,双平,S,3011.8000,3011.4000,3011.0000,3010.4000,3010.2000,3012.4000,3012.6000,3013.2000,3014.0000,3014.4000,2,3,2,3,1,2,1,1,3,5
SF,IH1912,2019-11-05 09:33:26.100,3011.8000,21333,0,255994980.000,0,-,-,-,-,3011.8000,3011.4000,3011.0000,3010.4000,3010.2000,3012.2000,3012.4000,3012.6000,3013.2000,3014.0000,1,3,2,3,1,1,2,1,1,3
SF,IH1912,2019-11-05 09:33:26.600,3011.8000,21333,0,255994980.000,0,-,-,-,-,3011.8000,3011.6000,3011.4000,3011.0000,3010.4000,3012.2000,3012.4000,3012.6000,3013.2000,3014.0000,1,1,3,2,3,1,1,1,1,3
SF,IH1912,2019-11-05 09:33:27.100,3012.2000,21331,-2,258705900.000,3,0,3,多平,S,3011.8000,3011.6000,3011.4000,3011.0000,3010.4000,3012.4000,3012.6000,3013.2000,3014.0000,3014.4000,1,1,3,2,3,1,2,1,3,5
SF,IH1912,2019-11-05 09:33:27.600,3012.2000,21331,0,258705900.000,0,-,-,-,-,3012.0000,3011.8000,3011.4000,3011.0000,3010.4000,3012.2000,3012.4000,3012.6000,3013.2000,3014.0000,2,1,3,2,3,1,1,1,1,3
SF,IH1912,2019-11-05 09:33:28.100,3012.2000,21329,-2,261416940.000,3,0,3,多平,S,3012.6000,3012.4000,3012.2000,3012.0000,3011.8000,3014.0000,3014.4000,3015.0000,3015.2000,3015.6000,1,2,3,2,1,3,5,2,1,1
SF,IH1912,2019-11-05 09:33:28.600,3012.6000,21328,-1,262320720.000,1,0,1,双平,S,3012.4000,3012.2000,3011.8000,3011.4000,3011.0000,3013.2000,3013.4000,3013.6000,3013.8000,3014.0000,2,2,1,3,2,1,2,3,10,1
SF,IH1912,2019-11-05 09:33:29.100,3012.4000,21326,-2,264128160.000,2,0,2,双平,S,3012.2000,3011.8000,3011.4000,3011.0000,3010.4000,3013.2000,3013.4000,3013.6000,3013.8000,3014.0000,2,1,4,2,3,1,2,2,4,1
SF,IH1912,2019-11-05 09:33:29.600,3012.4000,21326,0,264128160.000,0,-,-,-,-,3012.4000,3012.2000,3011.8000,3011.4000,3011.0000,3013.2000,3013.4000,3013.6000,3013.8000,3014.0000,3,2,1,4,2,1,2,2,4,1
SF,IH1912,2019-11-05 09:33:30.100,3012.4000,21326,0,264128160.000,0,-,-,-,-,3012.4000,3012.2000,3011.8000,3011.4000,3011.0000,3013.2000,3013.4000,3013.6000,3013.8000,3014.0000,3,2,1,4,2,2,2,2,4,1
SF,IH1912,2019-11-05 09:33:30.600,3012.4000,21326,0,264128160.000,0,-,-,-,-,3012.4000,3012.2000,3011.8000,3011.4000,3011.0000,3013.2000,3013.4000,3013.6000,3013.8000,3014.0000,3,2,1,4,2,1,2,2,4,1
SF,IH1912,2019-11-05 09:33:31.600,3012.4000,21326,0,264128160.000,0,-,-,-,-,3012.4000,3012.2000,3011.8000,3011.4000,3011.0000,3013.2000,3013.4000,3013.6000,3013.8000,3014.0000,3,2,1,4,2,1,3,2,4,1
SF,IH1912,2019-11-05 09:33:32.100,3012.4000,21326,0,264128160.000,0,-,-,-,-,3012.4000,3012.2000,3011.8000,3011.4000,3011.0000,3013.2000,3013.4000,3013.6000,3013.8000,3014.0000,3,2,1,4,2,1,2,2,4,1
SF,IH1912,2019-11-05 09:33:32.600,3013.2000,21325,-1,265032120.000,1,0,1,双平,S,3012.6000,3012.4000,3012.2000,3011.8000,3011.4000,3013.4000,3013.6000,3013.8000,3014.0000,3014.6000,1,3,2,1,4,2,2,4,1,1
SF,IH1912,2019-11-05 09:33:33.100,3012.8000,21324,-1,265935960.000,1,0,1,双平,S,3012.8000,3012.2000,3011.8000,3011.4000,3011.0000,3013.2000,3013.4000,3013.6000,3013.8000,3014.0000,1,2,1,4,2,2,2,2,4,1
SF,IH1912,2019-11-05 09:33:33.600,3012.8000,21323,-1,266839800.000,1,0,1,双平,S,3012.2000,3011.8000,3011.4000,3011.0000,3010.4000,3012.8000,3013.2000,3013.4000,3013.6000,3013.8000,3,1,4,2,3,4,3,3,2,3
SF,IH1912,2019-11-05 09:33:34.100,3012.8000,21323,0,266839800.000,0,-,-,-,-,3012.2000,3011.8000,3011.4000,3011.0000,3010.4000,3012.8000,3013.0000,3013.2000,3013.4000,3013.6000,3,1,4,2,3,4,1,1,3,2
SF,IH1912,2019-11-05 09:33:34.600,3012.8000,21323,0,266839800.000,0,-,-,-,-,3012.2000,3011.8000,3011.4000,3011.0000,3010.4000,3012.8000,3013.0000,3013.2000,3013.4000,3013.6000,3,1,4,2,3,5,1,1,3,2
SF,IH1912,2019-11-05 09:33:35.100,3012.8000,21323,0,266839800.000,0,-,-,-,-,3012.2000,3011.8000,3011.4000,3011.0000,3010.4000,3012.8000,3013.0000,3013.2000,3013.4000,3013.6000,3,1,4,2,3,5,1,1,2,2
SF,IH1912,2019-11-05 09:33:35.600,3012.8000,21323,0,266839800.000,0,-,-,-,-,3012.2000,3011.8000,3011.4000,3011.0000,3010.4000,3012.8000,3013.0000,3013.2000,3013.4000,3013.6000,3,1,4,2,3,4,1,1,2,2
SF,IH1912,2019-11-05 09:33:36.100,3012.8000,21321,-2,268647480.000,2,0,2,双平,S,3012.2000,3011.8000,3011.4000,3011.0000,3010.4000,3012.8000,3013.0000,3013.2000,3013.4000,3013.6000,3,1,4,2,3,2,1,1,2,2
SF,IH1912,2019-11-05 09:33:36.600,3012.8000,21321,0,269551320.000,1,0,1,多换,S,3012.8000,3012.2000,3011.8000,3011.4000,3011.0000,3013.0000,3013.4000,3013.6000,3013.8000,3014.0000,3,2,1,4,2,1,2,2,3,1
SF,IH1912,2019-11-05 09:33:37.100,3012.8000,21317,-4,273166680.000,4,0,4,双平,S,3012.2000,3011.8000,3011.4000,3011.0000,3010.4000,3012.6000,3012.8000,3013.0000,3013.4000,3013.6000,1,1,4,2,3,2,3,1,2,2
SF,IH1912,2019-11-05 09:33:37.600,3013.0000,21314,-3,276781980.000,4,0,4,多平,S,3012.2000,3011.8000,3011.4000,3011.0000,3010.4000,3012.8000,3013.4000,3013.6000,3013.8000,3014.0000,1,1,4,2,3,1,2,2,3,1
SF,IH1912,2019-11-05 09:33:38.100,3012.8000,21313,-1,277685820.000,1,0,1,双平,S,3013.0000,3012.8000,3012.2000,3011.8000,3011.4000,3013.4000,3013.6000,3013.8000,3014.6000,3014.8000,2,2,1,1,4,2,2,3,1,1
SF,IH1912,2019-11-05 09:33:38.600,3013.0000,21311,-2,279493620.000,2,0,2,双平,S,3011.8000,3011.4000,3011.0000,3010.4000,3010.2000,3013.8000,3014.6000,3014.8000,3015.0000,3015.2000,1,4,2,3,1,2,1,1,2,1
SF,IH1912,2019-11-05 09:33:39.100,3013.0000,21311,0,279493620.000,0,-,-,-,-,3012.4000,3012.2000,3012.0000,3011.8000,3011.4000,3013.6000,3013.8000,3014.6000,3014.8000,3015.0000,3,1,6,3,4,1,2,1,1,2
SF,IH1912,2019-11-05 09:33:39.600,3013.0000,21311,0,279493620.000,0,-,-,-,-,3012.6000,3012.4000,3012.2000,3012.0000,3011.8000,3013.6000,3013.8000,3014.6000,3014.8000,3015.0000,1,3,1,4,2,1,2,2,1,2
SF,IH1912,2019-11-05 09:33:40.100,3013.0000,21311,0,279493620.000,0,-,-,-,-,3012.6000,3012.2000,3012.0000,3011.8000,3011.4000,3013.6000,3013.8000,3014.6000,3014.8000,3015.0000,2,1,4,2,4,1,2,2,1,2
SF,IH1912,2019-11-05 09:33:40.600,3013.0000,21311,0,279493620.000,0,-,-,-,-,3012.6000,3012.0000,3011.8000,3011.4000,3011.0000,3013.6000,3013.8000,3014.6000,3014.8000,3015.0000,2,3,2,4,2,1,2,2,1,2
SF,IH1912,2019-11-05 09:33:41.100,3013.0000,21311,0,279493620.000,0,-,-,-,-,3012.6000,3012.0000,3011.8000,3011.4000,3011.0000,3013.6000,3013.8000,3014.6000,3014.8000,3015.0000,2,3,2,4,2,1,2,2,1,2
SF,IH1912,2019-11-05 09:33:41.600,3013.0000,21311,0,279493620.000,0,-,-,-,-,3012.6000,3012.0000,3011.8000,3011.4000,3011.0000,3013.0000,3013.6000,3013.8000,3014.6000,3014.8000,2,3,2,4,2,1,1,2,2,1
SF,IH1912,2019-11-05 09:33:42.100,3013.0000,21310,-1,280397520.000,1,0,1,双平,S,3012.6000,3012.0000,3011.8000,3011.4000,3011.0000,3013.8000,3014.6000,3014.8000,3015.0000,3015.2000,2,3,2,4,2,2,2,1,2,1
SF,IH1912,2019-11-05 09:33:42.600,3013.0000,21310,0,280397520.000,0,-,-,-,-,3012.6000,3012.0000,3011.8000,3011.4000,3011.0000,3013.6000,3013.8000,3014.6000,3014.8000,3015.0000,2,3,2,4,2,3,4,2,1,2
SF,IH1912,2019-11-05 09:33:43.100,3013.0000,21310,0,280397520.000,0,-,-,-,-,3012.6000,3012.0000,3011.8000,3011.4000,3011.0000,3013.6000,3013.8000,3014.6000,3014.8000,3015.0000,1,3,2,4,2,3,2,2,1,2
SF,IH1912,2019-11-05 09:33:43.600,3012.6000,21309,-1,281301300.000,1,0,1,双平,S,3012.0000,3011.8000,3011.4000,3011.0000,3010.4000,3012.6000,3013.6000,3013.8000,3014.6000,3014.8000,3,2,4,2,3,2,3,2,2,1
SF,IH1912,2019-11-05 09:33:44.100,3012.6000,21307,-2,283108860.000,2,0,2,双平,S,3012.8000,3012.6000,3012.4000,3012.2000,3012.0000,3013.8000,3014.6000,3014.8000,3015.0000,3015.2000,1,8,1,3,5,2,2,1,2,1
SF,IH1912,2019-11-05 09:33:44.600,3012.6000,21307,0,283108860.000,0,-,-,-,-,3012.6000,3012.2000,3012.0000,3011.8000,3011.4000,3013.6000,3013.8000,3014.6000,3014.8000,3015.0000,5,1,5,2,4,3,3,2,1,2
SF,IH1912,2019-11-05 09:33:45.100,3012.6000,21305,-2,284916420.000,2,0,2,双平,S,3012.6000,3012.2000,3012.0000,3011.8000,3011.4000,3013.4000,3013.6000,3013.8000,3014.6000,3014.8000,3,1,5,2,4,1,3,2,2,1
SF,IH1912,2019-11-05 09:33:45.600,3012.6000,21305,0,284916420.000,0,-,-,-,-,3012.2000,3012.0000,3011.8000,3011.4000,3011.2000,3013.2000,3013.4000,3013.8000,3014.6000,3014.8000,1,5,2,4,1,1,1,2,2,1
SF,IH1912,2019-11-05 09:33:46.100,3012.6000,21305,0,284916420.000,0,-,-,-,-,3012.4000,3012.2000,3012.0000,3011.8000,3011.4000,3013.2000,3013.4000,3013.8000,3014.6000,3014.8000,2,1,5,2,4,1,1,2,2,1
SF,IH1912,2019-11-05 09:33:48.100,3012.6000,21305,0,284916420.000,0,-,-,-,-,3012.4000,3012.2000,3012.0000,3011.8000,3011.4000,3013.2000,3013.4000,3013.8000,3014.6000,3014.8000,2,1,5,2,4,1,1,2,2,1
SF,IH1912,2019-11-05 09:33:48.600,3012.6000,21305,0,284916420.000,0,-,-,-,-,3012.4000,3012.2000,3012.0000,3011.8000,3011.4000,3013.2000,3013.4000,3013.8000,3014.6000,3014.8000,2,2,5,2,4,1,1,2,2,1
SF,IH1912,2019-11-05 09:33:49.100,3012.6000,21305,0,284916420.000,0,-,-,-,-,3012.4000,3012.2000,3012.0000,3011.8000,3011.4000,3013.2000,3013.4000,3013.8000,3014.6000,3014.8000,2,2,4,3,4,1,1,2,2,1
SF,IH1912,2019-11-05 09:33:49.600,3012.6000,21305,0,284916420.000,0,-,-,-,-,3012.4000,3012.2000,3012.0000,3011.8000,3011.6000,3013.2000,3013.4000,3013.8000,3014.6000,3014.8000,2,2,4,3,1,1,1,2,2,1
SF,IH1912,2019-11-05 09:33:51.100,3012.6000,21305,0,284916420.000,0,-,-,-,-,3012.6000,3012.4000,3012.2000,3012.0000,3011.8000,3013.2000,3013.4000,3013.8000,3014.6000,3014.8000,2,2,2,4,3,1,1,2,2,1
SF,IH1912,2019-11-05 09:33:51.600,3012.6000,21305,0,284916420.000,0,-,-,-,-,3013.0000,3012.8000,3012.6000,3012.4000,3012.2000,3014.6000,3014.8000,3015.0000,3015.2000,3016.4000,1,2,2,1,2,2,1,2,1,1
SF,IH1912,2019-11-05 09:33:52.100,3012.6000,21305,0,284916420.000,0,-,-,-,-,3013.4000,3013.2000,3013.0000,3012.8000,3012.6000,3014.0000,3014.2000,3014.4000,3014.6000,3014.8000,1,1,1,1,2,3,1,6,1,1
SF,IH1912,2019-11-05 09:33:52.600,3012.6000,21305,0,284916420.000,0,-,-,-,-,3013.4000,3013.2000,3013.0000,3012.8000,3012.6000,3014.2000,3014.4000,3014.6000,3014.8000,3015.0000,1,1,1,1,2,1,3,1,1,2
SF,IH1912,2019-11-05 09:33:53.100,3014.2000,21305,0,286724880.000,2,1,1,多换,S,3013.4000,3013.2000,3012.8000,3012.6000,3012.4000,3014.4000,3014.6000,3014.8000,3015.0000,3015.2000,3,1,1,2,1,1,1,1,2,1
SF,IH1912,2019-11-05 09:33:53.600,3014.2000,21305,0,286724880.000,0,-,-,-,-,3013.6000,3013.4000,3013.2000,3012.6000,3012.4000,3014.4000,3014.6000,3014.8000,3015.0000,3015.2000,1,2,1,2,1,1,1,1,2,1
SF,IH1912,2019-11-05 09:33:54.100,3014.2000,21305,0,286724880.000,0,-,-,-,-,3013.6000,3013.4000,3013.2000,3012.6000,3012.4000,3014.4000,3014.6000,3014.8000,3015.0000,3015.2000,1,1,1,2,1,1,1,1,2,1
SF,IH1912,2019-11-05 09:33:54.600,3014.2000,21305,0,286724880.000,0,-,-,-,-,3013.6000,3013.4000,3013.2000,3012.6000,3012.4000,3014.4000,3014.6000,3014.8000,3015.0000,3015.2000,1,1,1,3,1,1,1,1,2,1
SF,IH1912,2019-11-05 09:33:55.100,3014.2000,21305,0,286724880.000,0,-,-,-,-,3013.6000,3013.4000,3013.2000,3012.8000,3012.6000,3014.4000,3014.6000,3014.8000,3015.0000,3015.2000,1,1,1,1,3,3,1,1,2,1
SF,IH1912,2019-11-05 09:33:55.600,3014.2000,21305,0,286724880.000,0,-,-,-,-,3013.4000,3013.2000,3012.8000,3012.6000,3012.4000,3014.4000,3014.6000,3014.8000,3015.0000,3015.2000,1,1,1,3,1,1,1,1,2,1
SF,IH1912,2019-11-05 09:33:56.100,3014.2000,21305,0,286724880.000,0,-,-,-,-,3013.2000,3012.8000,3012.6000,3012.4000,3012.2000,3014.4000,3014.6000,3014.8000,3015.0000,3015.2000,1,1,3,1,1,3,1,1,2,1
SF,IH1912,2019-11-05 09:33:56.600,3014.2000,21305,0,286724880.000,0,-,-,-,-,3013.0000,3012.8000,3012.6000,3012.4000,3012.2000,3014.2000,3014.4000,3014.6000,3014.8000,3015.0000,1,1,3,1,1,1,1,1,1,2
SF,IH1912,2019-11-05 09:33:57.100,3014.2000,21305,0,286724880.000,0,-,-,-,-,3013.0000,3012.8000,3012.6000,3012.4000,3012.2000,3013.8000,3014.0000,3014.2000,3014.6000,3014.8000,1,1,3,1,1,3,3,1,1,1
SF,IH1912,2019-11-05 09:33:57.600,3014.2000,21305,0,286724880.000,0,-,-,-,-,3013.2000,3013.0000,3012.8000,3012.6000,3012.4000,3013.6000,3014.6000,3014.8000,3015.0000,3015.2000,1,1,1,3,1,2,1,1,2,1
SF,IH1912,2019-11-05 09:33:58.100,3013.2000,21304,-1,287628840.000,1,0,1,双平,S,3013.0000,3012.8000,3012.6000,3012.4000,3012.2000,3013.2000,3013.6000,3014.6000,3014.8000,3015.0000,1,1,3,1,1,1,2,1,1,2
SF,IH1912,2019-11-05 09:33:58.600,3013.0000,21304,0,288532740.000,1,0,1,多换,S,3012.8000,3012.6000,3012.4000,3012.2000,3012.0000,3013.0000,3013.2000,3013.6000,3014.6000,3014.8000,1,1,1,1,3,1,1,1,1,1
SF,IH1912,2019-11-05 09:33:59.100,3013.0000,21303,-1,289436640.000,1,0,1,双平,S,3013.0000,3012.8000,3012.6000,3012.4000,3012.2000,3013.6000,3014.6000,3014.8000,3015.0000,3015.2000,3,1,1,1,1,2,1,1,2,1
SF,IH1912,2019-11-05 09:33:59.600,3013.0000,21303,0,289436640.000,0,-,-,-,-,3013.2000,3013.0000,3012.8000,3012.6000,3012.4000,3014.6000,3014.8000,3015.0000,3015.2000,3015.4000,2,3,1,1,1,1,1,2,1,1
SF,IH1912,2019-11-05 09:34:00.100,3013.0000,21303,0,289436640.000,0,-,-,-,-,3013.2000,3013.0000,3012.8000,3012.6000,3012.4000,3014.0000,3014.2000,3014.4000,3014.6000,3014.8000,1,3,1,1,1,3,3,8,1,1
SF,IH1912,2019-11-05 09:34:00.600,3013.0000,21303,0,289436640.000,0,-,-,-,-,3013.2000,3013.0000,3012.8000,3012.6000,3012.4000,3013.8000,3014.2000,3014.4000,3014.6000,3014.8000,1,3,1,1,1,1,3,5,1,1
SF,IH1912,2019-11-05 09:34:01.100,3013.2000,21303,0,290340600.000,1,0,1,多换,S,3013.0000,3012.8000,3012.6000,3012.4000,3012.2000,3013.2000,3013.8000,3014.2000,3014.4000,3014.6000,3,1,1,1,1,3,1,3,5,1
SF,IH1912,2019-11-05 09:34:01.600,3013.2000,21305,2,293956440.000,4,3,1,空开,S,3013.4000,3013.2000,3013.0000,3012.8000,3012.6000,3014.2000,3014.4000,3014.6000,3014.8000,3015.0000,1,3,2,1,1,3,5,1,1,2
SF,IH1912,2019-11-05 09:34:02.100,3013.2000,21305,0,293956440.000,0,-,-,-,-,3013.4000,3013.2000,3013.0000,3012.8000,3012.6000,3014.0000,3014.2000,3014.4000,3014.6000,3014.8000,1,3,2,1,1,2,5,5,1,1
SF,IH1912,2019-11-05 09:34:02.600,3013.2000,21305,0,293956440.000,0,-,-,-,-,3013.4000,3013.2000,3013.0000,3012.8000,3012.6000,3014.0000,3014.2000,3014.4000,3014.6000,3014.8000,1,3,2,1,1,2,3,5,1,1
SF,IH1912,2019-11-05 09:34:03.600,3013.2000,21305,0,293956440.000,0,-,-,-,-,3013.4000,3013.2000,3013.0000,3012.8000,3012.6000,3014.0000,3014.4000,3014.6000,3014.8000,3015.0000,1,3,2,1,1,2,5,1,1,2
SF,IH1912,2019-11-05 09:34:04.100,3013.2000,21305,0,293956440.000,0,-,-,-,-,3014.0000,3013.6000,3013.4000,3013.2000,3013.0000,3014.4000,3014.6000,3014.8000,3015.0000,3015.2000,1,1,1,3,2,1,1,1,2,1
SF,IH1912,2019-11-05 09:34:04.600,3014.0000,21304,-1,294860640.000,1,0,1,双平,S,3013.8000,3013.4000,3013.2000,3013.0000,3012.8000,3014.6000,3014.8000,3015.0000,3015.2000,3016.4000,1,1,3,3,1,1,1,2,1,1
SF,IH1912,2019-11-05 09:34:06.100,3014.0000,21304,0,294860640.000,0,-,-,-,-,3013.8000,3013.4000,3013.2000,3013.0000,3012.8000,3014.6000,3014.8000,3015.0000,3015.2000,3016.4000,1,1,4,3,1,1,1,2,1,1
SF,IH1912,2019-11-05 09:34:06.600,3014.0000,21304,0,294860640.000,0,-,-,-,-,3014.0000,3013.8000,3013.4000,3013.2000,3013.0000,3014.6000,3014.8000,3015.0000,3015.2000,3016.4000,1,1,1,4,3,1,1,2,1,1
SF,IH1912,2019-11-05 09:34:07.100,3014.0000,21304,0,294860640.000,0,-,-,-,-,3013.8000,3013.4000,3013.2000,3013.0000,3012.8000,3014.4000,3014.6000,3014.8000,3015.0000,3015.2000,1,1,4,3,1,1,1,1,2,1
SF,IH1912,2019-11-05 09:34:09.100,3014.0000,21304,0,294860640.000,0,-,-,-,-,3014.0000,3013.8000,3013.4000,3013.2000,3013.0000,3014.4000,3014.6000,3014.8000,3015.0000,3015.2000,1,1,1,4,3,1,1,1,2,1
SF,IH1912,2019-11-05 09:34:10.100,3014.0000,21304,0,294860640.000,0,-,-,-,-,3014.0000,3013.8000,3013.4000,3013.2000,3013.0000,3014.4000,3014.6000,3014.8000,3015.0000,3015.2000,1,1,1,4,3,1,1,1,2,1
SF,IH1912,2019-11-05 09:34:11.100,3014.4000,21304,0,295764960.000,1,0,1,多换,S,3014.4000,3014.0000,3013.8000,3013.4000,3013.2000,3014.6000,3014.8000,3015.0000,3015.2000,3016.4000,1,2,1,1,4,1,1,3,1,1
SF,IH1912,2019-11-05 09:34:11.600,3014.4000,21304,0,296669280.000,1,0,1,多换,S,3014.0000,3013.8000,3013.2000,3013.0000,3012.8000,3014.6000,3014.8000,3015.0000,3015.2000,3016.4000,1,1,3,3,1,1,1,2,1,1
SF,IH1912,2019-11-05 09:34:12.100,3014.4000,21304,0,296669280.000,0,-,-,-,-,3014.2000,3014.0000,3013.8000,3013.2000,3013.0000,3014.6000,3014.8000,3015.0000,3015.2000,3016.4000,1,1,1,3,3,1,1,2,1,1
SF,IH1912,2019-11-05 09:34:12.600,3014.2000,21304,0,297573540.000,1,0,1,多换,S,3014.0000,3013.8000,3013.2000,3013.0000,3012.8000,3014.6000,3014.8000,3015.0000,3015.2000,3016.4000,1,2,3,3,1,1,2,2,1,1
SF,IH1912,2019-11-05 09:34:13.100,3014.6000,21304,0,300286440.000,3,1,2,多换,S,3014.6000,3013.8000,3013.2000,3013.0000,3012.8000,3014.8000,3015.0000,3015.2000,3016.4000,3016.8000,1,1,3,3,1,1,2,1,1,2
SF,IH1912,2019-11-05 09:34:13.600,3014.6000,21303,-1,301190820.000,1,0,1,双平,S,3013.8000,3013.2000,3013.0000,3012.8000,3012.4000,3014.0000,3014.2000,3014.4000,3014.6000,3014.8000,1,3,3,1,1,2,1,1,6,3
SF,IH1912,2019-11-05 09:34:14.100,3014.6000,21303,0,301190820.000,0,-,-,-,-,3013.8000,3013.2000,3013.0000,3012.8000,3012.4000,3014.0000,3014.4000,3014.6000,3014.8000,3015.0000,1,3,3,1,1,2,1,4,1,2
SF,IH1912,2019-11-05 09:34:14.600,3014.0000,21301,-2,302999220.000,2,0,2,双平,S,3013.8000,3013.4000,3013.2000,3013.0000,3012.8000,3014.0000,3014.4000,3014.6000,3014.8000,3015.0000,1,1,3,3,1,1,1,4,1,2
SF,IH1912,2019-11-05 09:34:15.100,3013.8000,21301,0,304807560.000,2,1,1,多换,S,3013.2000,3013.0000,3012.8000,3012.4000,3012.2000,3014.6000,3014.8000,3015.0000,3015.2000,3016.4000,2,3,1,1,1,4,1,2,1,1
SF,IH1912,2019-11-05 09:34:15.600,3013.8000,21301,0,304807560.000,0,-,-,-,-,3013.2000,3013.0000,3012.8000,3012.4000,3012.2000,3014.2000,3014.4000,3014.6000,3014.8000,3015.0000,2,3,1,1,1,3,3,4,1,2
SF,IH1912,2019-11-05 09:34:16.100,3013.8000,21301,0,304807560.000,0,-,-,-,-,3013.0000,3012.8000,3012.4000,3012.2000,3012.0000,3014.2000,3014.6000,3014.8000,3015.0000,3015.2000,3,1,1,1,3,3,4,1,2,1
SF,IH1912,2019-11-05 09:34:16.600,3013.8000,21301,0,304807560.000,0,-,-,-,-,3013.2000,3013.0000,3012.4000,3012.2000,3012.0000,3014.0000,3014.2000,3014.6000,3014.8000,3015.0000,1,3,1,1,3,1,3,4,1,2
SF,IH1912,2019-11-05 09:34:17.100,3014.0000,21302,1,307520040.000,3,2,1,空开,S,3013.2000,3013.0000,3012.4000,3012.2000,3012.0000,3014.2000,3014.6000,3014.8000,3015.0000,3015.2000,1,3,1,1,3,1,4,1,2,1
SF,IH1912,2019-11-05 09:34:17.600,3014.0000,21302,0,307520040.000,0,-,-,-,-,3013.2000,3013.0000,3012.4000,3012.2000,3012.0000,3014.2000,3014.6000,3014.8000,3015.0000,3015.2000,1,3,1,1,3,1,4,1,2,1
SF,IH1912,2019-11-05 09:34:18.100,3014.0000,21302,0,307520040.000,0,-,-,-,-,3013.2000,3013.0000,3012.4000,3012.2000,3012.0000,3014.2000,3014.6000,3014.8000,3015.0000,3015.2000,2,3,1,1,3,1,4,1,2,1
SF,IH1912,2019-11-05 09:34:18.600,3014.0000,21302,0,307520040.000,0,-,-,-,-,3013.2000,3013.0000,3012.4000,3012.2000,3012.0000,3014.6000,3014.8000,3015.0000,3015.2000,3016.4000,2,3,1,1,3,4,1,2,1,1
SF,IH1912,2019-11-05 09:34:19.100,3014.0000,21302,0,307520040.000,0,-,-,-,-,3013.4000,3013.2000,3013.0000,3012.4000,3012.2000,3014.4000,3014.6000,3014.8000,3015.0000,3015.2000,3,3,3,1,1,1,3,1,2,1
SF,IH1912,2019-11-05 09:34:19.600,3013.6000,21302,0,308424120.000,1,0,1,多换,S,3013.4000,3013.2000,3013.0000,3012.4000,3012.2000,3014.4000,3014.6000,3014.8000,3015.0000,3015.2000,1,2,3,1,1,1,2,1,2,1
SF,IH1912,2019-11-05 09:34:20.100,3013.6000,21302,0,308424120.000,0,-,-,-,-,3013.4000,3013.0000,3012.6000,3012.4000,3012.2000,3014.2000,3014.4000,3014.6000,3014.8000,3015.0000,1,3,1,1,1,1,1,2,1,2
SF,IH1912,2019-11-05 09:34:20.600,3013.6000,21302,0,308424120.000,0,-,-,-,-,3013.4000,3013.0000,3012.6000,3012.4000,3012.2000,3014.0000,3014.2000,3014.6000,3014.8000,3015.0000,1,3,1,1,1,2,1,2,1,2
SF,IH1912,2019-11-05 09:34:21.100,3013.6000,21302,0,308424120.000,0,-,-,-,-,3014.4000,3013.4000,3013.0000,3012.6000,3012.4000,3014.6000,3014.8000,3015.0000,3015.2000,3015.4000,3,1,3,1,1,2,1,2,1,1
SF,IH1912,2019-11-05 09:34:21.600,3014.4000,21302,0,311137080.000,3,1,2,多换,S,3013.4000,3013.0000,3012.6000,3012.4000,3012.2000,3014.0000,3014.2000,3014.4000,3014.6000,3014.8000,1,3,1,1,1,2,3,4,3,1
SF,IH1912,2019-11-05 09:34:22.100,3014.0000,21301,-1,312041280.000,1,0,1,双平,S,3013.4000,3013.0000,3012.6000,3012.4000,3012.2000,3014.4000,3014.6000,3014.8000,3015.0000,3015.2000,2,3,1,1,1,3,1,1,2,1
SF,IH1912,2019-11-05 09:34:22.600,3014.0000,21301,0,312041280.000,0,-,-,-,-,3013.6000,3013.4000,3013.0000,3012.6000,3012.4000,3014.2000,3014.4000,3014.6000,3014.8000,3015.0000,1,1,3,1,1,4,5,1,1,2
SF,IH1912,2019-11-05 09:34:23.100,3014.0000,21301,0,312041280.000,0,-,-,-,-,3013.6000,3013.4000,3013.0000,3012.6000,3012.4000,3014.2000,3014.4000,3014.6000,3014.8000,3015.0000,1,1,3,1,1,4,3,1,1,2
SF,IH1912,2019-11-05 09:34:23.600,3014.0000,21301,0,312041280.000,0,-,-,-,-,3013.6000,3013.4000,3013.0000,3012.6000,3012.4000,3014.2000,3014.4000,3014.6000,3014.8000,3015.0000,1,1,3,1,1,4,3,1,1,2
SF,IH1912,2019-11-05 09:34:25.100,3014.0000,21301,0,312041280.000,0,-,-,-,-,3013.6000,3013.4000,3013.0000,3012.6000,3012.4000,3014.2000,3014.4000,3014.6000,3014.8000,3015.0000,1,1,3,1,1,3,3,1,1,2
SF,IH1912,2019-11-05 09:34:25.600,3013.6000,21302,1,312945360.000,1,1,0,双开,S,3013.6000,3013.0000,3012.6000,3012.4000,3012.2000,3014.0000,3014.4000,3014.6000,3014.8000,3015.0000,1,3,1,1,1,1,3,1,1,2
SF,IH1912,2019-11-05 09:34:26.100,3013.6000,21302,0,312945360.000,0,-,-,-,-,3013.6000,3013.0000,3012.6000,3012.4000,3012.2000,3014.0000,3014.4000,3014.6000,3014.8000,3015.0000,1,4,1,1,1,1,3,1,1,2
SF,IH1912,2019-11-05 09:34:26.600,3014.0000,21303,1,314753760.000,2,1,1,空开,S,3013.6000,3013.4000,3013.0000,3012.6000,3012.4000,3014.4000,3014.6000,3014.8000,3015.0000,3015.2000,1,1,4,1,1,2,1,1,2,1
SF,IH1912,2019-11-05 09:34:27.100,3014.0000,21303,0,314753760.000,0,-,-,-,-,3014.0000,3013.6000,3013.0000,3012.6000,3012.4000,3014.4000,3014.6000,3014.8000,3015.0000,3015.2000,2,1,4,1,1,2,1,1,2,1
SF,IH1912,2019-11-05 09:34:27.600,3014.0000,21303,0,316562160.000,2,1,1,多换,S,3013.6000,3013.0000,3012.6000,3012.4000,3012.2000,3014.0000,3014.4000,3014.6000,3014.8000,3015.0000,2,4,1,1,1,1,1,1,1,2
SF,IH1912,2019-11-05 09:34:28.100,3014.0000,21303,0,316562160.000,0,-,-,-,-,3013.6000,3013.0000,3012.6000,3012.4000,3012.2000,3014.0000,3014.6000,3014.8000,3015.0000,3015.2000,2,4,1,1,1,1,1,1,2,1
SF,IH1912,2019-11-05 09:34:29.100,3014.0000,21303,0,316562160.000,0,-,-,-,-,3013.6000,3013.0000,3012.6000,3012.4000,3012.2000,3014.6000,3014.8000,3015.0000,3015.2000,3015.4000,2,4,1,1,1,1,1,2,1,1
SF,IH1912,2019-11-05 09:34:29.600,3014.0000,21303,0,316562160.000,0,-,-,-,-,3013.8000,3013.6000,3013.0000,3012.6000,3012.4000,3014.4000,3014.6000,3014.8000,3015.0000,3015.2000,1,2,4,1,1,1,1,1,2,1
SF,IH1912,2019-11-05 09:34:30.100,3014.0000,21303,0,316562160.000,0,-,-,-,-,3014.4000,3013.8000,3013.6000,3013.0000,3012.6000,3014.6000,3014.8000,3015.0000,3015.2000,3015.4000,1,1,2,4,1,1,1,2,1,1
SF,IH1912,2019-11-05 09:34:30.600,3014.4000,21302,-1,317466480.000,1,0,1,双平,S,3013.6000,3013.0000,3012.6000,3012.4000,3012.2000,3014.8000,3015.0000,3015.2000,3015.4000,3016.4000,2,4,1,1,1,1,2,1,1,1
SF,IH1912,2019-11-05 09:34:31.100,3014.4000,21302,0,317466480.000,0,-,-,-,-,3014.4000,3013.8000,3013.6000,3013.4000,3013.0000,3014.8000,3015.0000,3015.2000,3015.4000,3016.4000,2,4,2,1,4,1,2,1,1,1
SF,IH1912,2019-11-05 09:34:31.600,3014.4000,21302,0,317466480.000,0,-,-,-,-,3014.4000,3013.6000,3013.4000,3013.0000,3012.6000,3014.8000,3015.0000,3015.2000,3015.4000,3016.4000,2,2,1,4,1,1,2,1,1,1
SF,IH1912,2019-11-05 09:34:32.100,3014.4000,21302,0,318370800.000,1,0,1,多换,S,3014.4000,3013.6000,3013.4000,3013.0000,3012.6000,3014.8000,3015.0000,3015.2000,3015.4000,3016.4000,1,2,1,4,1,1,2,1,1,1
SF,IH1912,2019-11-05 09:34:32.600,3014.4000,21302,0,319275120.000,1,0,1,多换,S,3013.6000,3013.4000,3013.0000,3012.6000,3012.4000,3014.8000,3015.0000,3015.2000,3015.4000,3016.4000,2,1,4,1,1,1,2,1,1,1
SF,IH1912,2019-11-05 09:34:33.100,3014.4000,21302,0,319275120.000,0,-,-,-,-,3013.8000,3013.6000,3013.0000,3012.6000,3012.4000,3014.6000,3014.8000,3015.0000,3015.2000,3015.4000,3,2,4,1,1,1,1,2,1,1
SF,IH1912,2019-11-05 09:34:33.600,3014.6000,21302,0,320179500.000,1,0,1,多换,S,3013.8000,3013.6000,3013.0000,3012.6000,3012.4000,3014.8000,3015.0000,3015.2000,3015.4000,3016.4000,2,2,4,1,1,1,2,1,1,1
SF,IH1912,2019-11-05 09:34:34.100,3014.8000,21302,0,321083940.000,1,0,1,多换,S,3013.8000,3013.6000,3013.0000,3012.6000,3012.4000,3014.8000,3015.0000,3015.2000,3015.4000,3016.4000,2,2,4,1,1,2,2,1,1,1
SF,IH1912,2019-11-05 09:34:34.600,3014.8000,21302,0,321083940.000,0,-,-,-,-,3014.0000,3013.8000,3013.6000,3013.0000,3012.6000,3015.0000,3015.2000,3015.4000,3016.4000,3016.8000,1,2,1,4,1,2,1,1,1,2
SF,IH1912,2019-11-05 09:34:35.100,3014.0000,21303,1,321988140.000,1,1,0,双开,S,3013.6000,3013.0000,3012.6000,3012.4000,3012.2000,3014.8000,3015.0000,3015.2000,3015.4000,3016.4000,1,4,1,1,1,11,3,1,1,1
SF,IH1912,2019-11-05 09:34:35.600,3014.0000,21303,0,321988140.000,0,-,-,-,-,3013.8000,3013.6000,3013.0000,3012.6000,3012.4000,3014.0000,3014.6000,3014.8000,3015.0000,3015.2000,3,1,4,1,1,1,1,3,2,1
SF,IH1912,2019-11-05 09:34:36.100,3014.0000,21302,-1,322892340.000,1,0,1,双平,S,3014.0000,3013.6000,3013.0000,3012.6000,3012.4000,3014.6000,3014.8000,3015.0000,3015.2000,3015.4000,1,1,4,1,1,1,2,2,1,1
SF,IH1912,2019-11-05 09:34:36.600,3014.0000,21302,0,322892340.000,0,-,-,-,-,3013.6000,3013.0000,3012.6000,3012.4000,3012.2000,3014.4000,3014.6000,3014.8000,3015.0000,3015.2000,1,4,1,1,1,1,1,2,2,1
SF,IH1912,2019-11-05 09:34:37.100,3013.6000,21302,0,323796420.000,1,0,1,多换,S,3013.0000,3012.6000,3012.4000,3012.2000,3012.0000,3013.6000,3014.4000,3014.6000,3014.8000,3015.0000,4,1,1,1,2,2,1,1,2,2
SF,IH1912,2019-11-05 09:34:37.600,3013.6000,21300,-2,325604580.000,2,0,2,双平,S,3013.6000,3013.2000,3013.0000,3012.6000,3012.4000,3014.6000,3014.8000,3015.0000,3015.2000,3015.4000,3,3,4,1,1,1,2,2,1,1
SF,IH1912,2019-11-05 09:34:38.100,3013.6000,21300,0,325604580.000,0,-,-,-,-,3013.6000,3013.0000,3012.6000,3012.4000,3012.2000,3014.4000,3014.6000,3014.8000,3015.0000,3015.2000,1,4,1,1,1,4,3,2,2,1
SF,IH1912,2019-11-05 09:34:38.600,3013.6000,21300,0,325604580.000,0,-,-,-,-,3013.6000,3013.0000,3012.6000,3012.4000,3012.2000,3014.4000,3014.8000,3015.0000,3015.2000,3015.4000,1,4,1,1,1,2,2,2,1,1
SF,IH1912,2019-11-05 09:34:39.100,3013.6000,21300,0,325604580.000,0,-,-,-,-,3013.8000,3013.6000,3013.0000,3012.6000,3012.4000,3014.4000,3014.8000,3015.0000,3015.2000,3015.4000,1,1,4,1,1,2,2,2,1,1
SF,IH1912,2019-11-05 09:34:39.600,3013.6000,21300,0,325604580.000,0,-,-,-,-,3013.6000,3013.0000,3012.6000,3012.4000,3012.2000,3014.2000,3014.4000,3014.8000,3015.0000,3015.2000,1,4,1,1,1,1,2,2,2,1
SF,IH1912,2019-11-05 09:34:40.600,3013.6000,21300,0,325604580.000,0,-,-,-,-,3013.6000,3013.4000,3013.0000,3012.6000,3012.4000,3014.2000,3014.4000,3014.8000,3015.0000,3015.2000,1,1,4,1,1,1,2,2,2,1
SF,IH1912,2019-11-05 09:34:41.100,3013.6000,21300,0,325604580.000,0,-,-,-,-,3013.6000,3013.4000,3013.0000,3012.6000,3012.4000,3014.0000,3014.2000,3014.4000,3014.8000,3015.0000,1,1,4,1,1,1,1,1,2,2
SF,IH1912,2019-11-05 09:34:41.600,3013.6000,21300,0,325604580.000,0,-,-,-,-,3013.6000,3013.4000,3013.0000,3012.6000,3012.4000,3014.0000,3014.4000,3014.8000,3015.0000,3015.2000,1,1,4,1,1,1,1,2,2,1
SF,IH1912,2019-11-05 09:34:42.100,3013.6000,21300,0,325604580.000,0,-,-,-,-,3013.6000,3013.4000,3013.0000,3012.6000,3012.4000,3014.2000,3014.4000,3014.8000,3015.0000,3015.2000,1,1,4,1,1,4,1,2,2,1
SF,IH1912,2019-11-05 09:34:42.600,3013.6000,21300,0,325604580.000,0,-,-,-,-,3013.6000,3013.4000,3013.0000,3012.6000,3012.4000,3014.2000,3014.4000,3014.8000,3015.0000,3015.2000,1,1,4,1,1,4,2,2,2,1
SF,IH1912,2019-11-05 09:34:43.100,3013.6000,21300,0,325604580.000,0,-,-,-,-,3013.6000,3013.4000,3013.0000,3012.6000,3012.4000,3014.0000,3014.2000,3014.4000,3014.8000,3015.0000,1,1,4,1,1,1,4,2,2,2
SF,IH1912,2019-11-05 09:34:44.100,3013.6000,21300,0,325604580.000,0,-,-,-,-,3013.4000,3013.0000,3012.6000,3012.4000,3012.2000,3014.0000,3014.2000,3014.4000,3014.8000,3015.0000,1,4,1,1,1,1,4,2,2,2
SF,IH1912,2019-11-05 09:34:50.600,3013.6000,21300,0,325604580.000,0,-,-,-,-,3013.4000,3013.0000,3012.6000,3012.4000,3012.2000,3013.6000,3014.0000,3014.2000,3014.4000,3014.8000,2,4,1,1,1,1,2,4,1,2
SF,IH1912,2019-11-05 09:34:51.100,3013.6000,21299,-1,326508660.000,1,0,1,双平,S,3013.8000,3013.6000,3013.4000,3013.0000,3012.6000,3014.0000,3014.2000,3014.4000,3014.8000,3015.0000,3,4,3,4,1,1,4,1,2,2
SF,IH1912,2019-11-05 09:34:51.600,3013.6000,21299,0,326508660.000,0,-,-,-,-,3013.6000,3013.4000,3013.0000,3012.6000,3012.4000,3014.0000,3014.2000,3014.4000,3014.8000,3015.0000,2,2,4,1,1,1,4,1,2,2
SF,IH1912,2019-11-05 09:34:52.100,3013.6000,21298,-1,327412740.000,1,0,1,双平,S,3013.6000,3013.4000,3013.0000,3012.6000,3012.4000,3014.0000,3014.2000,3014.4000,3014.8000,3015.0000,1,1,4,1,1,1,4,1,2,2
