市场代码,合约代码,时间,最新,持仓,增仓,成交额,成交量,开仓,平仓,成交类型,方向,买一价,买二价,买三价,买四价,买五价,卖一价,卖二价,卖三价,卖四价,卖五价,买一量,买二量,买三量,买四量,买五量,卖一量,卖二量,卖三量,卖四量,卖五量
SF,IH1912,2019-11-06 09:29:00.100,3035.0000,23044,0,5463000.000,6.000,-,-,-,-,3034.8000,3034.6000,3033.4000,3033.0000,3032.8000,3036.0000,3037.8000,3039.0000,3040.8000,3041.0000,1,4,2,1,2,1,1,1,2,3
SF,IH1912,2019-11-06 09:30:00.100,3034.8000,23043,-1,7283880.000,2,0,2,多平,S,3034.6000,3033.4000,3033.0000,3032.8000,3032.4000,3035.0000,3035.4000,3035.6000,3035.8000,3036.0000,4,2,1,4,4,2,2,1,9,1
SF,IH1912,2019-11-06 09:30:00.600,3034.6000,23043,0,10925520.000,4,2,2,多换,S,3034.6000,3033.4000,3033.0000,3032.8000,3032.4000,3035.0000,3035.4000,3035.6000,3035.8000,3036.0000,1,2,1,2,4,1,2,2,1,1
SF,IH1912,2019-11-06 09:30:01.100,3035.0000,23043,0,11836020.000,1,0,1,多换,S,3035.0000,3034.8000,3034.6000,3033.4000,3033.0000,3035.4000,3035.6000,3036.0000,3037.8000,3038.8000,1,6,1,4,1,2,2,1,1,1
SF,IH1912,2019-11-06 09:30:01.600,3035.0000,23043,0,11836020.000,0,-,-,-,-,3034.6000,3033.4000,3033.0000,3032.8000,3032.4000,3035.2000,3035.4000,3035.6000,3036.0000,3037.8000,1,2,1,2,4,12,2,2,1,1
SF,IH1912,2019-11-06 09:30:02.100,3034.8000,23042,-1,13656840.000,2,0,2,多平,S,3033.4000,3033.0000,3032.8000,3032.4000,3031.6000,3035.0000,3035.2000,3035.4000,3035.6000,3036.0000,2,1,2,4,1,3,9,2,2,1
SF,IH1912,2019-11-06 09:30:02.600,3034.8000,23040,-2,15477720.000,2,0,2,双平,S,3033.6000,3033.4000,3033.0000,3032.8000,3032.4000,3034.8000,3035.0000,3035.2000,3035.4000,3035.6000,2,3,1,2,4,1,3,8,2,2
SF,IH1912,2019-11-06 09:30:03.100,3034.8000,23040,0,15477720.000,0,-,-,-,-,3033.6000,3033.4000,3033.0000,3032.8000,3032.4000,3034.8000,3035.0000,3035.4000,3035.6000,3036.0000,4,2,1,2,4,1,2,2,2,1
SF,IH1912,2019-11-06 09:30:03.600,3035.4000,23041,1,19119900.000,4,2,2,空开,S,3035.4000,3033.8000,3033.6000,3033.4000,3033.0000,3035.6000,3036.0000,3037.8000,3039.0000,3039.8000,3,16,5,2,1,2,1,1,1,1
SF,IH1912,2019-11-06 09:30:04.100,3035.4000,23040,-1,22762380.000,4,1,3,多平,S,3034.6000,3033.8000,3033.6000,3033.4000,3033.0000,3035.6000,3036.0000,3037.8000,3039.0000,3039.8000,1,2,4,2,1,6,1,1,1,1
SF,IH1912,2019-11-06 09:30:04.600,3034.6000,23040,0,24583200.000,2,1,1,多换,S,3033.8000,3033.6000,3033.4000,3033.0000,3032.8000,3035.4000,3035.6000,3036.0000,3037.8000,3039.0000,3,3,2,1,2,3,5,1,1,1
SF,IH1912,2019-11-06 09:30:05.100,3034.6000,23040,0,24583200.000,0,-,-,-,-,3034.0000,3033.8000,3033.6000,3033.4000,3033.0000,3035.2000,3035.4000,3035.6000,3036.0000,3037.8000,22,2,3,2,1,1,1,3,1,1
SF,IH1912,2019-11-06 09:30:05.600,3034.6000,23040,0,24583200.000,0,-,-,-,-,3034.0000,3033.8000,3033.6000,3033.4000,3033.0000,3034.4000,3035.2000,3035.4000,3035.6000,3036.0000,11,2,3,2,1,1,1,1,3,1
SF,IH1912,2019-11-06 09:30:06.100,3034.4000,23039,-1,25493520.000,1,0,1,双平,S,3035.2000,3034.6000,3034.4000,3034.2000,3034.0000,3035.4000,3035.6000,3036.0000,3037.8000,3039.0000,1,1,2,1,10,1,3,1,1,1
SF,IH1912,2019-11-06 09:30:06.600,3034.2000,23039,0,26403780.000,1,0,1,多换,S,3034.0000,3033.8000,3033.6000,3033.4000,3033.0000,3035.4000,3035.6000,3036.0000,3037.8000,3039.0000,9,2,3,2,1,1,3,1,1,1
SF,IH1912,2019-11-06 09:30:07.100,3034.2000,23039,0,26403780.000,0,-,-,-,-,3034.2000,3034.0000,3033.8000,3033.6000,3033.4000,3035.4000,3035.6000,3036.0000,3037.8000,3039.0000,9,9,3,3,2,2,3,1,1,1
SF,IH1912,2019-11-06 09:30:07.600,3035.4000,23039,0,27314400.000,1,0,1,多换,S,3035.4000,3034.6000,3034.4000,3034.2000,3034.0000,3035.6000,3036.0000,3037.8000,3039.0000,3039.8000,1,1,1,2,3,3,1,1,1,1
SF,IH1912,2019-11-06 09:30:08.100,3035.4000,23038,-1,28225020.000,1,0,1,双平,S,3034.6000,3034.4000,3034.2000,3034.0000,3033.8000,3035.6000,3036.0000,3037.8000,3039.0000,3039.8000,1,3,2,3,2,3,1,1,1,1
SF,IH1912,2019-11-06 09:30:08.600,3035.4000,23038,0,28225020.000,0,-,-,-,-,3034.6000,3034.4000,3034.2000,3034.0000,3033.8000,3035.6000,3036.0000,3037.8000,3039.0000,3039.8000,1,2,3,3,2,3,1,1,1,1
SF,IH1912,2019-11-06 09:30:09.100,3035.4000,23038,0,28225020.000,0,-,-,-,-,3034.8000,3034.6000,3034.4000,3034.2000,3034.0000,3035.6000,3036.0000,3037.8000,3039.0000,3039.8000,1,1,2,3,3,3,1,1,1,1
SF,IH1912,2019-11-06 09:30:09.600,3035.4000,23038,0,28225020.000,0,-,-,-,-,3034.8000,3034.6000,3034.4000,3034.2000,3034.0000,3035.6000,3036.0000,3037.8000,3039.0000,3039.8000,1,1,1,3,3,2,1,1,1,1
SF,IH1912,2019-11-06 09:30:10.100,3035.4000,23038,0,28225020.000,0,-,-,-,-,3035.0000,3034.8000,3034.6000,3034.4000,3034.2000,3035.4000,3035.6000,3036.0000,3037.8000,3039.0000,2,2,1,1,3,1,2,1,1,1
SF,IH1912,2019-11-06 09:30:11.100,3035.4000,23038,0,28225020.000,0,-,-,-,-,3035.0000,3034.8000,3034.6000,3034.4000,3034.2000,3035.4000,3035.6000,3036.0000,3037.8000,3039.0000,2,2,1,1,3,1,2,1,1,1
SF,IH1912,2019-11-06 09:30:12.100,3035.0000,23037,-1,30046140.000,2,0,2,多平,S,3035.0000,3034.8000,3034.6000,3034.2000,3034.0000,3035.6000,3036.0000,3037.8000,3039.0000,3039.8000,1,1,1,3,2,2,1,1,1,1
SF,IH1912,2019-11-06 09:30:12.600,3035.4000,23037,0,30956760.000,1,0,1,多换,S,3035.0000,3034.6000,3034.2000,3034.0000,3033.8000,3035.4000,3035.6000,3036.0000,3037.8000,3039.0000,6,1,3,2,2,1,2,1,1,1
SF,IH1912,2019-11-06 09:30:13.100,3035.2000,23035,-2,32777940.000,2,0,2,双平,S,3035.0000,3034.6000,3034.2000,3034.0000,3033.8000,3035.6000,3036.0000,3037.8000,3039.0000,3039.8000,6,1,3,2,2,2,1,1,1,1
SF,IH1912,2019-11-06 09:30:13.600,3035.2000,23034,-1,33688500.000,1,0,1,双平,S,3035.0000,3034.6000,3034.2000,3034.0000,3033.8000,3035.6000,3036.0000,3037.8000,3039.0000,3039.8000,6,1,3,2,2,2,1,1,1,1
SF,IH1912,2019-11-06 09:30:14.100,3035.2000,23034,0,33688500.000,0,-,-,-,-,3035.0000,3034.6000,3034.2000,3034.0000,3033.8000,3035.6000,3036.0000,3037.8000,3039.0000,3039.8000,7,1,3,7,2,2,1,1,1,1
SF,IH1912,2019-11-06 09:30:15.100,3035.0000,23033,-1,34599000.000,1,0,1,双平,S,3035.0000,3034.6000,3034.2000,3034.0000,3033.8000,3035.6000,3036.0000,3037.8000,3039.0000,3039.8000,6,1,3,7,2,2,1,1,1,1
SF,IH1912,2019-11-06 09:30:15.600,3035.0000,23033,0,34599000.000,0,-,-,-,-,3035.2000,3035.0000,3034.6000,3034.2000,3034.0000,3035.6000,3036.0000,3037.8000,3039.0000,3039.8000,2,6,1,3,7,2,1,1,1,1
SF,IH1912,2019-11-06 09:30:16.100,3035.6000,23030,-3,37330800.000,3,0,3,双平,S,3035.0000,3034.6000,3034.2000,3034.0000,3033.8000,3035.6000,3036.0000,3037.8000,3039.0000,3039.8000,6,1,3,7,2,1,1,1,1,1
SF,IH1912,2019-11-06 09:30:16.600,3035.6000,23028,-2,39152160.000,2,0,2,双平,S,3035.6000,3035.0000,3034.6000,3034.2000,3034.0000,3036.0000,3037.8000,3039.0000,3039.8000,3040.0000,1,6,1,3,7,1,1,1,1,7
SF,IH1912,2019-11-06 09:30:17.100,3035.6000,23028,0,39152160.000,0,-,-,-,-,3035.0000,3034.6000,3034.2000,3034.0000,3033.8000,3035.8000,3036.0000,3037.8000,3039.0000,3039.8000,6,1,3,7,2,1,1,1,1,1
SF,IH1912,2019-11-06 09:30:17.600,3035.6000,23028,0,39152160.000,0,-,-,-,-,3035.2000,3035.0000,3034.6000,3034.2000,3034.0000,3035.8000,3036.0000,3037.8000,3039.0000,3039.8000,1,6,1,3,7,1,1,1,1,1
SF,IH1912,2019-11-06 09:30:18.100,3035.6000,23028,0,39152160.000,0,-,-,-,-,3035.0000,3034.6000,3034.2000,3034.0000,3033.8000,3035.8000,3036.0000,3037.8000,3039.0000,3039.8000,6,1,3,7,2,1,1,1,1,1
SF,IH1912,2019-11-06 09:30:18.600,3035.8000,23027,-1,40062900.000,1,0,1,双平,S,3035.2000,3035.0000,3034.6000,3034.2000,3034.0000,3036.0000,3037.8000,3039.0000,3039.8000,3040.0000,1,6,1,3,8,1,1,1,1,7
SF,IH1912,2019-11-06 09:30:19.600,3035.8000,23027,0,40062900.000,0,-,-,-,-,3035.0000,3034.6000,3034.2000,3034.0000,3033.8000,3036.0000,3037.8000,3039.0000,3039.8000,3040.0000,6,1,3,8,2,1,1,1,1,7
SF,IH1912,2019-11-06 09:30:20.100,3035.8000,23027,0,40062900.000,0,-,-,-,-,3035.2000,3035.0000,3034.6000,3034.2000,3034.0000,3036.0000,3037.8000,3039.0000,3039.8000,3040.0000,8,6,1,3,8,2,1,1,1,7
SF,IH1912,2019-11-06 09:30:20.600,3035.8000,23027,0,40062900.000,0,-,-,-,-,3035.2000,3035.0000,3034.6000,3034.2000,3034.0000,3035.6000,3035.8000,3036.0000,3037.8000,3039.0000,8,6,1,3,8,1,1,2,1,1
SF,IH1912,2019-11-06 09:30:21.100,3035.2000,23022,-5,44615700.000,5,0,5,双平,S,3035.0000,3034.6000,3034.2000,3034.0000,3033.8000,3035.6000,3035.8000,3036.0000,3037.8000,3039.0000,6,1,3,8,2,1,1,2,1,1
SF,IH1912,2019-11-06 09:30:21.600,3035.0000,23022,0,50078700.000,6,3,3,多换,S,3034.6000,3034.2000,3034.0000,3033.8000,3033.4000,3035.0000,3035.2000,3035.6000,3035.8000,3036.0000,1,3,8,2,2,1,2,1,1,2
SF,IH1912,2019-11-06 09:30:22.100,3035.0000,23022,0,50989200.000,1,0,1,多换,S,3034.6000,3034.2000,3034.0000,3033.8000,3033.4000,3035.2000,3035.6000,3035.8000,3036.0000,3037.8000,2,3,8,2,2,2,1,1,2,1
SF,IH1912,2019-11-06 09:30:22.600,3035.0000,23022,0,51899700.000,1,0,1,多换,S,3034.6000,3034.2000,3034.0000,3033.8000,3033.4000,3035.2000,3035.6000,3036.0000,3037.8000,3039.0000,1,3,8,2,2,2,1,2,1,1
SF,IH1912,2019-11-06 09:30:23.100,3034.6000,23022,0,52810080.000,1,0,1,多换,S,3034.2000,3034.0000,3033.8000,3033.4000,3033.0000,3035.0000,3035.2000,3035.6000,3036.0000,3037.8000,3,8,2,2,6,1,2,1,2,1
SF,IH1912,2019-11-06 09:30:23.600,3034.6000,23022,0,52810080.000,0,-,-,-,-,3034.4000,3034.2000,3034.0000,3033.8000,3033.4000,3035.0000,3035.2000,3035.6000,3036.0000,3037.8000,1,5,8,2,2,2,2,1,1,1
SF,IH1912,2019-11-06 09:30:24.100,3034.4000,23021,-1,53720400.000,1,0,1,双平,S,3034.2000,3034.0000,3033.8000,3033.4000,3033.0000,3034.4000,3035.0000,3035.2000,3035.6000,3036.0000,5,8,2,2,6,1,2,2,1,1
SF,IH1912,2019-11-06 09:30:24.600,3034.4000,23020,-1,54630720.000,1,0,1,双平,S,3034.4000,3034.2000,3034.0000,3033.8000,3033.4000,3035.0000,3035.2000,3035.6000,3036.0000,3037.8000,2,6,8,2,2,2,2,1,1,1
SF,IH1912,2019-11-06 09:30:25.100,3034.4000,23020,0,54630720.000,0,-,-,-,-,3034.4000,3034.2000,3034.0000,3033.8000,3033.4000,3035.0000,3035.2000,3035.6000,3036.0000,3037.8000,1,6,7,2,2,3,2,1,1,1
SF,IH1912,2019-11-06 09:30:25.600,3034.2000,23019,-1,57361560.000,3,1,2,多平,S,3034.0000,3033.8000,3033.4000,3033.0000,3032.8000,3034.8000,3035.0000,3035.2000,3035.6000,3036.0000,6,1,2,6,2,7,2,2,1,1
SF,IH1912,2019-11-06 09:30:26.100,3034.0000,23019,0,58271760.000,1,0,1,多换,S,3034.0000,3033.8000,3033.4000,3033.0000,3032.8000,3034.6000,3034.8000,3035.0000,3035.2000,3035.6000,5,1,2,6,2,1,5,2,2,1
SF,IH1912,2019-11-06 09:30:26.600,3033.0000,23016,-3,71012340.000,14,5,9,多平,S,3032.8000,3032.4000,3032.0000,3031.6000,3031.2000,3034.6000,3034.8000,3035.0000,3035.2000,3035.6000,2,4,6,1,2,1,5,2,2,1
SF,IH1912,2019-11-06 09:30:27.100,3034.0000,23016,0,71922540.000,1,0,1,多换,S,3033.2000,3033.0000,3032.8000,3032.4000,3032.0000,3034.4000,3034.6000,3034.8000,3035.0000,3035.2000,1,18,3,4,6,1,1,5,1,2
SF,IH1912,2019-11-06 09:30:27.600,3034.4000,23016,0,72832860.000,1,0,1,多换,S,3033.4000,3033.2000,3033.0000,3032.8000,3032.4000,3034.2000,3034.6000,3034.8000,3035.0000,3035.2000,2,2,14,2,4,1,1,5,1,2
SF,IH1912,2019-11-06 09:30:28.100,3033.6000,23015,-1,73742940.000,1,0,1,双平,S,3033.2000,3033.0000,3032.8000,3032.4000,3032.0000,3034.2000,3034.6000,3034.8000,3035.0000,3035.2000,2,14,3,4,6,1,2,5,1,2
SF,IH1912,2019-11-06 09:30:28.600,3033.6000,23015,0,73742940.000,0,-,-,-,-,3033.2000,3033.0000,3032.4000,3032.0000,3031.6000,3034.0000,3034.2000,3034.6000,3034.8000,3035.0000,1,5,4,6,1,1,1,1,5,1
SF,IH1912,2019-11-06 09:30:29.100,3033.6000,23015,0,73742940.000,0,-,-,-,-,3033.4000,3033.2000,3033.0000,3032.4000,3032.0000,3034.0000,3034.2000,3034.8000,3035.0000,3035.2000,1,1,2,4,6,2,1,5,1,2
SF,IH1912,2019-11-06 09:30:29.600,3033.6000,23015,0,73742940.000,0,-,-,-,-,3033.4000,3033.0000,3032.4000,3032.0000,3031.6000,3034.0000,3034.2000,3034.8000,3035.0000,3035.2000,1,1,4,6,1,2,1,5,1,2
SF,IH1912,2019-11-06 09:30:30.100,3033.6000,23015,0,73742940.000,0,-,-,-,-,3034.0000,3033.4000,3033.0000,3032.4000,3032.0000,3034.2000,3034.8000,3035.0000,3035.2000,3035.6000,1,1,1,4,6,1,5,1,2,1
SF,IH1912,2019-11-06 09:30:30.600,3033.4000,23012,-3,76473360.000,3,0,3,双平,S,3033.0000,3032.4000,3032.0000,3031.6000,3031.2000,3034.0000,3034.2000,3034.8000,3035.0000,3035.2000,1,4,6,1,2,1,1,5,1,2
SF,IH1912,2019-11-06 09:30:31.100,3033.4000,23012,0,76473360.000,0,-,-,-,-,3033.2000,3033.0000,3032.4000,3032.0000,3031.6000,3034.2000,3034.8000,3035.0000,3035.2000,3035.6000,3,2,4,6,1,1,5,1,2,1
SF,IH1912,2019-11-06 09:30:31.600,3033.4000,23012,0,76473360.000,0,-,-,-,-,3033.2000,3033.0000,3032.4000,3032.0000,3031.6000,3033.6000,3034.2000,3034.8000,3035.0000,3035.2000,3,2,4,6,1,1,1,5,1,2
SF,IH1912,2019-11-06 09:30:32.100,3033.6000,23011,-1,77383440.000,1,0,1,双平,S,3034.0000,3033.8000,3033.6000,3033.2000,3033.0000,3034.2000,3034.8000,3035.0000,3035.2000,3035.6000,4,2,2,1,2,1,5,1,2,1
SF,IH1912,2019-11-06 09:30:32.600,3033.8000,23006,-5,81934380.000,5,0,5,双平,S,3033.6000,3033.0000,3032.4000,3032.0000,3031.6000,3033.8000,3034.2000,3034.8000,3035.0000,3035.2000,1,2,4,6,1,1,1,5,2,2
SF,IH1912,2019-11-06 09:30:33.100,3033.6000,23005,-1,82844460.000,1,0,1,双平,S,3033.0000,3032.4000,3032.0000,3031.6000,3031.2000,3033.8000,3034.2000,3034.8000,3035.0000,3035.2000,2,4,6,1,2,1,1,5,2,2
SF,IH1912,2019-11-06 09:30:33.600,3033.8000,23005,0,83754600.000,1,0,1,多换,S,3033.2000,3033.0000,3032.4000,3032.0000,3031.6000,3034.2000,3034.8000,3035.0000,3035.2000,3035.6000,1,2,4,6,1,1,5,2,2,1
SF,IH1912,2019-11-06 09:30:34.100,3033.8000,23005,0,83754600.000,0,-,-,-,-,3033.0000,3032.4000,3032.0000,3031.6000,3031.2000,3034.0000,3034.2000,3035.0000,3035.2000,3035.6000,2,4,6,1,2,6,1,2,2,1
SF,IH1912,2019-11-06 09:30:34.600,3033.8000,23005,0,83754600.000,0,-,-,-,-,3033.2000,3033.0000,3032.4000,3032.0000,3031.6000,3035.0000,3035.2000,3035.6000,3035.8000,3036.0000,3,2,4,6,1,2,2,1,1,2
SF,IH1912,2019-11-06 09:30:35.100,3034.8000,23004,-1,84665040.000,1,0,1,双平,S,3033.0000,3032.4000,3032.0000,3031.6000,3031.2000,3034.8000,3035.0000,3035.2000,3035.6000,3035.8000,2,4,6,1,2,14,3,2,1,1
SF,IH1912,2019-11-06 09:30:35.600,3034.8000,23004,0,84665040.000,0,-,-,-,-,3033.8000,3033.2000,3033.0000,3032.4000,3032.0000,3034.6000,3034.8000,3035.0000,3035.2000,3035.6000,1,1,2,4,6,2,11,3,2,1
SF,IH1912,2019-11-06 09:30:36.100,3033.8000,23003,-1,85575180.000,1,0,1,双平,S,3033.0000,3032.4000,3032.0000,3031.6000,3031.2000,3034.4000,3034.6000,3034.8000,3035.0000,3035.2000,2,4,6,1,2,5,2,4,3,2
SF,IH1912,2019-11-06 09:30:36.600,3033.8000,23003,0,85575180.000,0,-,-,-,-,3033.2000,3033.0000,3032.4000,3032.0000,3031.6000,3034.2000,3034.8000,3035.0000,3035.2000,3035.8000,10,2,4,6,1,1,2,3,2,1
SF,IH1912,2019-11-06 09:30:37.100,3033.8000,23003,0,85575180.000,0,-,-,-,-,3034.0000,3033.2000,3033.0000,3032.4000,3032.0000,3034.2000,3034.8000,3035.0000,3035.2000,3035.8000,1,4,2,4,6,1,2,3,2,1
SF,IH1912,2019-11-06 09:30:37.600,3033.8000,23003,0,85575180.000,0,-,-,-,-,3034.0000,3033.2000,3033.0000,3032.4000,3032.0000,3034.2000,3034.8000,3035.0000,3035.2000,3035.8000,1,3,2,4,6,1,2,3,2,1
SF,IH1912,2019-11-06 09:30:38.100,3034.0000,23002,-1,86485380.000,1,0,1,双平,S,3033.2000,3033.0000,3032.4000,3032.0000,3031.6000,3034.0000,3034.2000,3034.8000,3035.0000,3035.2000,3,2,4,6,1,3,1,2,3,2
SF,IH1912,2019-11-06 09:30:38.600,3034.0000,23001,-1,87395580.000,1,0,1,双平,S,3033.2000,3033.0000,3032.4000,3032.0000,3031.6000,3034.2000,3034.8000,3035.0000,3035.2000,3035.8000,1,2,4,6,1,1,2,3,2,1
SF,IH1912,2019-11-06 09:30:39.100,3034.2000,23000,-1,88305840.000,1,0,1,双平,S,3033.2000,3033.0000,3032.4000,3032.0000,3031.6000,3034.8000,3035.0000,3035.2000,3035.8000,3036.0000,1,2,4,6,1,2,3,2,1,2
SF,IH1912,2019-11-06 09:30:39.600,3034.2000,23000,0,88305840.000,0,-,-,-,-,3033.4000,3033.2000,3033.0000,3032.4000,3032.0000,3034.6000,3034.8000,3035.0000,3035.2000,3035.8000,11,2,1,4,6,2,2,3,2,1
SF,IH1912,2019-11-06 09:30:40.100,3034.6000,22999,-1,89216220.000,1,0,1,双平,S,3033.6000,3033.4000,3033.2000,3033.0000,3032.4000,3034.4000,3035.0000,3035.2000,3035.8000,3036.0000,3,11,2,1,4,1,3,2,1,2
SF,IH1912,2019-11-06 09:30:40.600,3034.4000,22997,-2,91036860.000,2,0,2,双平,S,3034.8000,3034.6000,3034.4000,3033.8000,3033.4000,3035.0000,3035.2000,3035.8000,3036.0000,3037.8000,1,3,1,3,1,3,2,1,2,1
SF,IH1912,2019-11-06 09:30:41.100,3034.8000,22996,-1,91947300.000,1,0,1,双平,S,3034.6000,3033.8000,3033.4000,3033.2000,3033.0000,3034.8000,3035.0000,3035.2000,3035.8000,3036.0000,1,2,1,2,1,4,2,2,1,2
SF,IH1912,2019-11-06 09:30:41.600,3034.6000,22995,-1,92857680.000,1,0,1,双平,S,3033.8000,3033.4000,3033.2000,3033.0000,3032.4000,3035.0000,3035.2000,3035.8000,3036.0000,3037.8000,2,1,2,1,4,2,2,1,2,1
SF,IH1912,2019-11-06 09:30:42.100,3034.6000,22995,0,92857680.000,0,-,-,-,-,3034.4000,3034.0000,3033.8000,3033.2000,3033.0000,3035.0000,3035.2000,3036.0000,3037.8000,3039.0000,1,13,2,2,1,2,2,2,1,1
SF,IH1912,2019-11-06 09:30:42.600,3034.6000,22995,0,92857680.000,0,-,-,-,-,3034.0000,3033.8000,3033.2000,3033.0000,3032.4000,3035.0000,3035.2000,3036.0000,3037.8000,3039.0000,10,2,2,1,4,2,2,2,1,1
SF,IH1912,2019-11-06 09:30:43.100,3034.6000,22995,0,92857680.000,0,-,-,-,-,3034.2000,3034.0000,3033.2000,3033.0000,3032.4000,3035.0000,3035.2000,3036.0000,3037.8000,3039.0000,4,10,3,1,4,2,2,2,1,1
SF,IH1912,2019-11-06 09:30:43.600,3034.6000,22995,0,92857680.000,0,-,-,-,-,3034.2000,3034.0000,3033.2000,3033.0000,3032.4000,3035.0000,3035.2000,3036.0000,3037.8000,3039.0000,2,3,3,1,4,2,2,2,1,1
SF,IH1912,2019-11-06 09:30:44.100,3034.6000,22995,0,92857680.000,0,-,-,-,-,3034.2000,3034.0000,3033.2000,3033.0000,3032.4000,3035.0000,3035.2000,3036.0000,3037.8000,3039.0000,1,3,3,1,4,2,2,2,1,1
SF,IH1912,2019-11-06 09:30:44.600,3034.6000,22995,0,92857680.000,0,-,-,-,-,3034.2000,3034.0000,3033.2000,3033.0000,3032.4000,3035.0000,3035.2000,3036.0000,3037.8000,3039.0000,1,6,3,1,4,3,2,2,1,1
SF,IH1912,2019-11-06 09:30:45.100,3034.6000,22995,0,92857680.000,0,-,-,-,-,3034.6000,3034.2000,3034.0000,3033.2000,3033.0000,3035.0000,3035.2000,3036.0000,3037.8000,3039.0000,1,3,6,2,1,3,2,2,1,1
SF,IH1912,2019-11-06 09:30:45.600,3034.6000,22995,0,92857680.000,0,-,-,-,-,3034.0000,3033.2000,3033.0000,3032.4000,3032.0000,3035.0000,3035.2000,3036.0000,3037.8000,3039.0000,6,2,1,4,6,3,2,2,1,1
SF,IH1912,2019-11-06 09:30:46.100,3034.6000,22995,0,92857680.000,0,-,-,-,-,3034.0000,3033.4000,3033.2000,3033.0000,3032.4000,3035.0000,3035.2000,3036.0000,3037.8000,3039.0000,4,1,2,1,4,3,2,2,1,1
SF,IH1912,2019-11-06 09:30:46.600,3034.6000,22995,0,92857680.000,0,-,-,-,-,3034.0000,3033.4000,3033.2000,3033.0000,3032.4000,3035.0000,3035.2000,3036.0000,3037.8000,3039.0000,4,1,1,1,4,3,2,2,1,1
SF,IH1912,2019-11-06 09:30:47.600,3034.6000,22995,0,92857680.000,0,-,-,-,-,3034.0000,3033.4000,3033.2000,3033.0000,3032.4000,3035.0000,3035.2000,3036.0000,3037.8000,3039.0000,3,1,1,1,4,3,2,2,1,1
SF,IH1912,2019-11-06 09:30:48.100,3034.6000,22995,0,92857680.000,0,-,-,-,-,3034.0000,3033.4000,3033.2000,3033.0000,3032.4000,3034.8000,3035.0000,3035.2000,3036.0000,3037.8000,3,1,1,1,4,1,3,2,2,1
SF,IH1912,2019-11-06 09:30:49.100,3034.6000,22995,0,92857680.000,0,-,-,-,-,3034.0000,3033.4000,3033.2000,3033.0000,3032.4000,3034.8000,3035.0000,3035.2000,3035.8000,3036.0000,3,1,1,1,4,2,3,2,1,2
SF,IH1912,2019-11-06 09:30:49.600,3034.6000,22995,0,92857680.000,0,-,-,-,-,3034.2000,3033.4000,3033.2000,3033.0000,3032.4000,3034.8000,3035.0000,3035.2000,3035.8000,3036.0000,1,1,1,1,4,1,3,2,1,2
SF,IH1912,2019-11-06 09:30:50.100,3034.6000,22995,0,92857680.000,0,-,-,-,-,3033.4000,3033.2000,3033.0000,3032.4000,3032.0000,3034.8000,3035.0000,3035.2000,3035.8000,3036.0000,1,1,1,4,6,1,3,2,1,2
SF,IH1912,2019-11-06 09:30:50.600,3034.6000,22995,0,92857680.000,0,-,-,-,-,3034.2000,3034.0000,3033.6000,3033.4000,3033.2000,3034.8000,3035.0000,3035.2000,3035.8000,3036.0000,2,2,20,2,1,1,3,2,1,2
SF,IH1912,2019-11-06 09:30:51.100,3034.6000,22995,0,92857680.000,0,-,-,-,-,3034.4000,3034.2000,3034.0000,3033.6000,3033.4000,3034.8000,3035.0000,3035.2000,3035.8000,3036.0000,1,1,2,17,1,1,3,2,1,2
SF,IH1912,2019-11-06 09:30:51.600,3034.6000,22995,0,92857680.000,0,-,-,-,-,3034.4000,3033.6000,3033.4000,3033.2000,3032.4000,3034.8000,3035.0000,3035.2000,3035.8000,3036.0000,1,5,1,1,4,1,3,2,1,2
SF,IH1912,2019-11-06 09:30:52.100,3034.6000,22994,-1,93768060.000,1,0,1,双平,S,3033.8000,3033.6000,3033.2000,3032.4000,3032.0000,3034.8000,3035.0000,3035.2000,3035.8000,3036.0000,1,5,1,4,6,1,3,2,1,2
SF,IH1912,2019-11-06 09:30:52.600,3034.6000,22994,0,93768060.000,0,-,-,-,-,3034.0000,3033.8000,3033.6000,3033.2000,3032.4000,3034.8000,3035.0000,3035.2000,3035.8000,3036.0000,1,1,5,1,4,1,3,2,1,2
SF,IH1912,2019-11-06 09:30:53.100,3034.6000,22994,0,93768060.000,0,-,-,-,-,3034.4000,3034.2000,3034.0000,3033.8000,3033.6000,3034.8000,3035.0000,3035.2000,3035.8000,3036.0000,1,4,1,1,3,1,3,2,1,2
SF,IH1912,2019-11-06 09:30:53.600,3034.8000,22993,-1,94678500.000,1,0,1,双平,S,3034.8000,3034.6000,3034.2000,3033.6000,3033.2000,3035.0000,3035.2000,3035.8000,3036.0000,3037.8000,1,5,4,2,1,3,2,1,2,1
SF,IH1912,2019-11-06 09:30:54.100,3035.0000,22990,-3,97410000.000,3,0,3,双平,S,3034.8000,3034.6000,3034.2000,3033.6000,3033.2000,3035.2000,3035.8000,3036.0000,3037.8000,3039.0000,1,1,4,2,1,2,1,2,1,1
SF,IH1912,2019-11-06 09:30:54.600,3035.2000,22988,-2,99231120.000,2,0,2,双平,S,3035.2000,3035.0000,3034.2000,3033.6000,3033.2000,3035.8000,3036.0000,3037.8000,3039.0000,3039.8000,1,1,4,2,1,1,2,1,1,1
SF,IH1912,2019-11-06 09:30:55.100,3035.2000,22988,0,99231120.000,0,-,-,-,-,3035.4000,3035.2000,3034.2000,3033.6000,3033.2000,3035.8000,3036.0000,3037.8000,3039.0000,3039.8000,1,1,4,2,1,1,2,1,1,1
SF,IH1912,2019-11-06 09:30:55.600,3035.8000,22987,-1,100141860.000,1,0,1,双平,S,3035.4000,3035.2000,3034.2000,3034.0000,3033.6000,3036.0000,3037.8000,3039.0000,3039.8000,3040.0000,1,1,4,1,2,2,1,1,1,7
SF,IH1912,2019-11-06 09:30:56.100,3035.8000,22987,0,100141860.000,0,-,-,-,-,3035.4000,3035.2000,3034.2000,3034.0000,3033.6000,3036.0000,3037.8000,3039.0000,3039.8000,3040.0000,1,1,4,1,2,2,1,1,1,7
SF,IH1912,2019-11-06 09:30:56.600,3035.8000,22987,0,100141860.000,0,-,-,-,-,3035.4000,3035.2000,3034.2000,3034.0000,3033.6000,3036.0000,3037.8000,3039.0000,3039.8000,3040.0000,1,1,4,1,2,2,1,1,1,7
SF,IH1912,2019-11-06 09:30:57.100,3036.0000,22985,-2,101963460.000,2,0,2,双平,S,3035.4000,3035.2000,3034.2000,3034.0000,3033.6000,3037.8000,3039.0000,3039.8000,3040.0000,3040.2000,1,1,4,1,2,1,1,1,7,1
SF,IH1912,2019-11-06 09:30:57.600,3036.0000,22985,0,101963460.000,0,-,-,-,-,3035.6000,3035.4000,3035.2000,3034.2000,3034.0000,3037.0000,3037.6000,3037.8000,3038.4000,3039.0000,1,1,1,4,1,3,24,3,1,1
SF,IH1912,2019-11-06 09:30:58.100,3036.0000,22985,0,101963460.000,0,-,-,-,-,3035.4000,3035.2000,3034.2000,3034.0000,3033.6000,3036.8000,3037.6000,3037.8000,3038.4000,3039.0000,1,1,4,1,2,7,16,3,1,1
SF,IH1912,2019-11-06 09:30:59.600,3036.0000,22985,0,101963460.000,0,-,-,-,-,3035.4000,3035.2000,3034.2000,3034.0000,3033.6000,3036.8000,3037.6000,3037.8000,3038.4000,3039.0000,2,1,4,1,2,7,16,3,1,1
SF,IH1912,2019-11-06 09:31:00.100,3036.0000,22985,0,101963460.000,0,-,-,-,-,3035.6000,3035.4000,3035.2000,3034.2000,3034.0000,3037.6000,3037.8000,3038.4000,3039.0000,3039.8000,3,2,1,1,1,7,3,1,1,1
SF,IH1912,2019-11-06 09:31:00.600,3036.0000,22985,0,101963460.000,0,-,-,-,-,3036.8000,3036.2000,3036.0000,3035.8000,3035.6000,3037.6000,3037.8000,3039.0000,3039.8000,3040.0000,1,2,2,13,4,1,1,1,1,2
SF,IH1912,2019-11-06 09:31:01.100,3036.0000,22985,0,101963460.000,0,-,-,-,-,3037.0000,3036.8000,3036.2000,3036.0000,3035.8000,3037.8000,3039.0000,3039.8000,3040.0000,3040.2000,1,1,2,2,12,1,1,1,2,1
SF,IH1912,2019-11-06 09:31:01.600,3036.0000,22985,0,101963460.000,0,-,-,-,-,3037.0000,3036.2000,3036.0000,3035.8000,3035.2000,3037.6000,3037.8000,3039.0000,3039.8000,3040.0000,1,2,2,12,1,2,1,1,1,2
SF,IH1912,2019-11-06 09:31:02.100,3037.6000,22985,0,103786020.000,2,1,1,多换,S,3036.4000,3036.2000,3036.0000,3035.8000,3035.2000,3037.8000,3039.0000,3039.8000,3040.0000,3040.2000,1,2,2,12,1,1,1,1,2,1
SF,IH1912,2019-11-06 09:31:02.600,3037.6000,22985,0,103786020.000,0,-,-,-,-,3037.0000,3036.6000,3036.4000,3036.2000,3036.0000,3037.8000,3039.0000,3039.8000,3040.0000,3040.2000,1,16,1,3,2,1,1,1,2,1
SF,IH1912,2019-11-06 09:31:03.100,3037.6000,22985,0,103786020.000,0,-,-,-,-,3037.2000,3036.6000,3036.4000,3036.2000,3036.0000,3037.8000,3039.0000,3039.8000,3040.0000,3040.2000,3,12,1,3,2,1,1,1,2,1
SF,IH1912,2019-11-06 09:31:03.600,3037.6000,22985,0,103786020.000,0,-,-,-,-,3037.2000,3036.6000,3036.4000,3036.2000,3036.0000,3037.8000,3039.0000,3039.8000,3040.0000,3040.2000,3,12,1,3,2,1,1,1,2,1
SF,IH1912,2019-11-06 09:31:04.100,3037.6000,22985,0,103786020.000,0,-,-,-,-,3037.4000,3037.2000,3036.6000,3036.4000,3036.2000,3037.8000,3039.0000,3039.8000,3040.0000,3040.2000,1,3,12,1,3,1,1,1,2,1
SF,IH1912,2019-11-06 09:31:04.600,3037.8000,22984,-1,104697360.000,1,0,1,双平,S,3037.8000,3037.6000,3037.2000,3036.6000,3036.2000,3039.0000,3039.8000,3040.0000,3040.2000,3040.8000,1,1,2,12,3,1,1,2,1,1
SF,IH1912,2019-11-06 09:31:05.100,3037.8000,22984,0,104697360.000,0,-,-,-,-,3038.0000,3037.8000,3037.2000,3036.6000,3036.2000,3038.8000,3039.0000,3039.8000,3040.0000,3040.2000,1,1,2,12,3,8,3,1,2,1
SF,IH1912,2019-11-06 09:31:05.600,3038.0000,22983,-1,105608760.000,1,0,1,双平,S,3037.8000,3037.2000,3036.6000,3036.2000,3036.0000,3038.8000,3039.0000,3039.8000,3040.0000,3040.2000,1,2,12,3,2,8,2,1,2,1
SF,IH1912,2019-11-06 09:31:06.100,3037.8000,22982,-1,106520100.000,1,0,1,双平,S,3037.2000,3036.6000,3036.2000,3036.0000,3035.8000,3038.8000,3039.0000,3039.8000,3040.0000,3040.2000,2,12,3,2,2,8,2,1,2,1
SF,IH1912,2019-11-06 09:31:06.600,3037.8000,22982,0,106520100.000,0,-,-,-,-,3037.4000,3037.2000,3036.6000,3036.2000,3036.0000,3038.6000,3038.8000,3039.0000,3039.8000,3040.0000,2,2,12,3,2,1,8,2,1,2
SF,IH1912,2019-11-06 09:31:07.100,3037.8000,22982,0,106520100.000,0,-,-,-,-,3037.6000,3037.4000,3036.6000,3036.2000,3036.0000,3038.4000,3038.6000,3039.0000,3039.8000,3040.0000,9,2,5,3,2,1,1,2,1,2
SF,IH1912,2019-11-06 09:31:07.600,3037.8000,22982,0,106520100.000,0,-,-,-,-,3037.6000,3036.6000,3036.2000,3036.0000,3035.8000,3039.0000,3039.8000,3040.0000,3040.2000,3040.8000,9,5,3,2,2,2,1,2,1,1
SF,IH1912,2019-11-06 09:31:08.100,3037.8000,22982,0,107431440.000,1,0,1,多换,S,3037.8000,3037.6000,3036.6000,3036.2000,3035.8000,3038.8000,3039.0000,3039.8000,3040.0000,3040.2000,2,9,5,2,2,1,1,1,2,1
SF,IH1912,2019-11-06 09:31:08.600,3037.8000,22982,0,107431440.000,0,-,-,-,-,3038.0000,3037.8000,3037.6000,3036.6000,3036.2000,3038.8000,3039.0000,3039.8000,3040.0000,3040.2000,2,2,7,5,2,1,2,1,2,1
SF,IH1912,2019-11-06 09:31:09.100,3037.8000,22982,0,107431440.000,0,-,-,-,-,3038.6000,3038.4000,3038.2000,3038.0000,3036.6000,3039.0000,3039.8000,3040.0000,3040.2000,3040.8000,1,1,8,2,5,2,1,2,1,1
SF,IH1912,2019-11-06 09:31:09.600,3037.8000,22982,0,107431440.000,0,-,-,-,-,3038.6000,3038.2000,3038.0000,3036.6000,3036.2000,3038.8000,3039.0000,3039.8000,3040.0000,3040.2000,1,7,2,5,2,1,2,1,2,1
SF,IH1912,2019-11-06 09:31:10.100,3039.0000,22980,-2,110166480.000,3,0,3,多平,S,3039.0000,3038.8000,3038.6000,3038.4000,3036.6000,3039.8000,3040.0000,3040.2000,3040.8000,3041.0000,5,18,3,1,2,1,2,1,1,1
SF,IH1912,2019-11-06 09:31:10.600,3039.2000,22978,-2,112902060.000,3,0,3,多平,S,3038.8000,3038.6000,3036.6000,3036.2000,3035.0000,3040.0000,3040.2000,3040.4000,3040.8000,3041.0000,2,3,2,2,1,2,1,1,1,1
SF,IH1912,2019-11-06 09:31:11.100,3039.2000,22978,0,112902060.000,0,-,-,-,-,3039.0000,3038.6000,3036.6000,3036.2000,3035.0000,3040.0000,3040.2000,3040.8000,3041.0000,3042.0000,1,1,2,2,1,2,1,1,1,3
SF,IH1912,2019-11-06 09:31:11.600,3039.2000,22978,0,112902060.000,0,-,-,-,-,3038.6000,3036.6000,3036.2000,3035.0000,3034.0000,3038.8000,3039.8000,3040.0000,3040.2000,3040.8000,1,2,2,1,1,1,2,2,1,1
SF,IH1912,2019-11-06 09:31:12.100,3038.8000,22977,-1,113813700.000,1,0,1,双平,S,3039.0000,3038.8000,3038.6000,3036.6000,3036.2000,3039.8000,3040.0000,3040.2000,3040.8000,3041.0000,1,10,3,2,2,1,2,1,1,1
SF,IH1912,2019-11-06 09:31:12.600,3039.8000,22977,0,114725640.000,1,0,1,多换,S,3039.2000,3038.8000,3038.6000,3036.6000,3036.2000,3040.0000,3040.2000,3040.8000,3041.0000,3042.0000,1,6,3,2,2,2,1,1,1,3
SF,IH1912,2019-11-06 09:31:13.100,3040.0000,22977,0,115637640.000,1,0,1,多换,S,3039.2000,3038.8000,3038.6000,3036.6000,3036.2000,3040.0000,3040.2000,3040.8000,3041.0000,3042.0000,1,6,3,2,2,1,1,1,1,3
SF,IH1912,2019-11-06 09:31:13.600,3040.0000,22977,0,115637640.000,0,-,-,-,-,3039.2000,3038.8000,3038.6000,3036.6000,3036.2000,3040.0000,3040.2000,3040.8000,3041.0000,3042.0000,1,6,5,2,2,1,1,1,1,3
SF,IH1912,2019-11-06 09:31:14.100,3040.0000,22977,0,115637640.000,0,-,-,-,-,3039.2000,3038.8000,3038.6000,3036.6000,3036.2000,3040.0000,3040.2000,3040.8000,3041.0000,3042.0000,1,6,5,2,2,1,1,1,1,3
SF,IH1912,2019-11-06 09:31:14.600,3040.0000,22977,0,115637640.000,0,-,-,-,-,3039.2000,3038.8000,3038.6000,3036.6000,3036.2000,3040.0000,3040.2000,3040.8000,3041.0000,3042.0000,1,6,5,2,2,1,1,1,1,3
SF,IH1912,2019-11-06 09:31:15.100,3040.0000,22977,0,115637640.000,0,-,-,-,-,3038.8000,3038.6000,3036.6000,3036.2000,3035.0000,3040.0000,3040.2000,3040.8000,3041.0000,3042.0000,1,3,2,2,1,1,1,1,1,3
SF,IH1912,2019-11-06 09:31:15.600,3040.0000,22977,0,115637640.000,0,-,-,-,-,3039.0000,3038.6000,3036.6000,3036.2000,3035.0000,3040.0000,3040.2000,3040.8000,3041.0000,3042.0000,3,3,2,2,1,1,1,1,1,3
SF,IH1912,2019-11-06 09:31:16.100,3040.0000,22977,0,115637640.000,0,-,-,-,-,3039.0000,3038.6000,3036.6000,3036.2000,3035.0000,3040.0000,3040.2000,3040.8000,3041.0000,3042.0000,1,3,2,2,1,1,1,1,1,3
SF,IH1912,2019-11-06 09:31:16.600,3039.0000,22977,0,116549340.000,1,0,1,多换,S,3038.6000,3038.2000,3036.6000,3036.2000,3035.0000,3040.0000,3040.2000,3040.8000,3041.0000,3042.0000,3,1,2,2,1,2,1,1,1,3
SF,IH1912,2019-11-06 09:31:17.100,3040.0000,22977,0,117461340.000,1,0,1,多换,S,3038.6000,3036.6000,3036.2000,3035.0000,3034.2000,3040.0000,3040.2000,3040.8000,3041.0000,3042.0000,3,2,2,1,2,1,1,1,1,3
SF,IH1912,2019-11-06 09:31:17.600,3040.0000,22976,-1,118373340.000,1,0,1,双平,S,3040.0000,3038.8000,3038.6000,3036.6000,3036.2000,3040.2000,3040.8000,3041.0000,3042.0000,3043.0000,1,4,5,2,2,1,2,1,3,1
SF,IH1912,2019-11-06 09:31:18.100,3040.0000,22975,-1,119285340.000,1,0,1,双平,S,3038.6000,3036.6000,3036.2000,3035.0000,3034.2000,3039.8000,3040.0000,3040.2000,3040.8000,3041.0000,5,2,2,1,2,1,2,1,1,1
SF,IH1912,2019-11-06 09:31:18.600,3040.0000,22975,0,119285340.000,0,-,-,-,-,3038.8000,3038.6000,3037.8000,3036.6000,3036.2000,3040.0000,3040.2000,3040.8000,3041.0000,3042.0000,6,6,1,2,2,2,1,1,1,3
SF,IH1912,2019-11-06 09:31:19.100,3040.0000,22975,0,119285340.000,0,-,-,-,-,3038.8000,3038.6000,3037.8000,3036.6000,3036.2000,3040.0000,3040.2000,3040.8000,3041.0000,3042.0000,6,6,1,2,2,1,1,1,1,3
SF,IH1912,2019-11-06 09:31:19.600,3040.0000,22975,0,119285340.000,0,-,-,-,-,3038.8000,3038.6000,3037.8000,3036.6000,3036.2000,3040.0000,3040.2000,3040.8000,3041.0000,3042.0000,6,6,1,2,2,1,1,1,1,3
SF,IH1912,2019-11-06 09:31:20.100,3039.4000,22972,-3,122021220.000,3,0,3,双平,S,3039.0000,3038.8000,3038.6000,3037.8000,3036.6000,3040.2000,3040.8000,3041.0000,3042.0000,3043.0000,1,6,6,1,2,1,1,1,3,1
SF,IH1912,2019-11-06 09:31:20.600,3040.2000,22973,1,122933280.000,1,1,0,双开,S,3040.0000,3039.2000,3039.0000,3038.8000,3038.6000,3040.8000,3041.0000,3042.0000,3043.0000,3044.0000,1,1,1,3,6,1,1,3,1,2
SF,IH1912,2019-11-06 09:31:21.100,3040.0000,22972,-1,123845280.000,1,0,1,双平,S,3038.8000,3038.6000,3037.8000,3036.6000,3036.2000,3040.0000,3040.6000,3040.8000,3041.0000,3042.0000,1,6,1,2,2,2,11,2,1,3
SF,IH1912,2019-11-06 09:31:21.600,3040.0000,22972,0,123845280.000,0,-,-,-,-,3039.0000,3038.6000,3037.8000,3036.6000,3036.2000,3040.0000,3040.6000,3040.8000,3041.0000,3042.0000,1,6,1,2,2,2,9,2,1,3
SF,IH1912,2019-11-06 09:31:22.100,3039.0000,22971,-1,125668680.000,2,0,2,多平,S,3038.6000,3038.2000,3037.8000,3036.6000,3036.2000,3040.0000,3040.6000,3040.8000,3041.0000,3042.0000,6,1,1,2,2,3,9,2,1,3
SF,IH1912,2019-11-06 09:31:22.600,3039.0000,22971,0,125668680.000,0,-,-,-,-,3038.6000,3037.8000,3036.6000,3036.2000,3035.0000,3039.8000,3040.0000,3040.6000,3040.8000,3041.0000,2,1,2,2,1,6,3,4,2,1
SF,IH1912,2019-11-06 09:31:23.100,3038.6000,22971,0,127491840.000,2,1,1,多换,S,3037.8000,3036.6000,3036.2000,3035.0000,3034.2000,3038.4000,3038.6000,3039.6000,3039.8000,3040.0000,1,2,2,1,2,2,1,8,7,2
SF,IH1912,2019-11-06 09:31:23.600,3037.8000,22972,1,128403180.000,1,1,0,双开,S,3036.6000,3036.2000,3035.0000,3034.2000,3034.0000,3038.4000,3038.6000,3039.6000,3039.8000,3040.0000,2,2,1,2,1,2,1,5,6,2
SF,IH1912,2019-11-06 09:31:24.100,3037.8000,22972,0,128403180.000,0,-,-,-,-,3036.8000,3036.6000,3036.2000,3035.0000,3034.2000,3037.8000,3038.2000,3038.4000,3038.6000,3039.6000,4,4,2,1,2,1,8,3,1,5
SF,IH1912,2019-11-06 09:31:24.600,3037.8000,22972,0,128403180.000,0,-,-,-,-,3037.0000,3036.8000,3036.6000,3036.2000,3035.0000,3037.8000,3038.4000,3038.6000,3039.6000,3039.8000,10,2,4,2,1,1,3,1,5,1
SF,IH1912,2019-11-06 09:31:25.100,3037.8000,22972,0,128403180.000,0,-,-,-,-,3036.8000,3036.6000,3036.2000,3035.0000,3034.2000,3037.6000,3037.8000,3038.4000,3038.6000,3039.6000,1,4,2,1,2,1,1,3,1,5
SF,IH1912,2019-11-06 09:31:25.600,3037.8000,22972,0,128403180.000,0,-,-,-,-,3036.2000,3035.0000,3034.2000,3034.0000,3033.6000,3037.4000,3037.6000,3037.8000,3038.4000,3038.6000,1,1,2,1,1,5,1,1,3,1
SF,IH1912,2019-11-06 09:31:26.100,3037.8000,22972,0,128403180.000,0,-,-,-,-,3036.6000,3036.4000,3036.2000,3036.0000,3035.0000,3037.8000,3038.4000,3038.6000,3039.6000,3039.8000,1,5,1,2,1,1,3,1,5,1
SF,IH1912,2019-11-06 09:31:26.600,3037.8000,22971,-1,129314520.000,1,0,1,双平,S,3036.4000,3036.2000,3035.0000,3034.2000,3034.0000,3037.6000,3037.8000,3038.4000,3038.6000,3039.6000,2,1,1,2,1,5,1,3,1,4
SF,IH1912,2019-11-06 09:31:27.100,3037.8000,22971,0,129314520.000,0,-,-,-,-,3036.2000,3035.0000,3034.2000,3034.0000,3033.6000,3037.4000,3037.6000,3037.8000,3038.4000,3038.6000,1,1,2,1,1,1,5,1,3,1
SF,IH1912,2019-11-06 09:31:27.600,3037.8000,22971,0,129314520.000,0,-,-,-,-,3036.2000,3035.0000,3034.2000,3034.0000,3033.6000,3037.2000,3037.6000,3037.8000,3038.4000,3038.6000,1,1,2,1,1,1,4,1,3,1
SF,IH1912,2019-11-06 09:31:28.100,3037.2000,22971,0,130225680.000,1,0,1,多换,S,3037.2000,3036.4000,3036.2000,3035.0000,3034.2000,3037.8000,3038.2000,3038.4000,3038.6000,3039.6000,1,13,1,1,2,1,1,3,1,4
SF,IH1912,2019-11-06 09:31:28.600,3037.2000,22971,0,130225680.000,0,-,-,-,-,3037.2000,3036.4000,3036.2000,3035.0000,3034.2000,3037.8000,3038.4000,3038.6000,3039.6000,3039.8000,1,12,1,1,2,1,3,1,4,1
SF,IH1912,2019-11-06 09:31:29.100,3037.2000,22971,0,130225680.000,0,-,-,-,-,3036.4000,3036.2000,3035.0000,3034.2000,3034.0000,3037.8000,3038.4000,3038.6000,3039.6000,3039.8000,12,1,1,2,1,1,3,1,4,1
SF,IH1912,2019-11-06 09:31:29.600,3037.2000,22971,0,130225680.000,0,-,-,-,-,3037.0000,3036.8000,3036.6000,3036.4000,3036.2000,3037.8000,3038.4000,3038.6000,3039.6000,3039.8000,1,2,5,12,2,1,3,1,4,1
SF,IH1912,2019-11-06 09:31:30.100,3037.2000,22971,0,130225680.000,0,-,-,-,-,3037.2000,3037.0000,3036.8000,3036.6000,3036.4000,3038.4000,3038.6000,3039.6000,3039.8000,3040.0000,1,1,2,2,12,3,1,4,1,1
SF,IH1912,2019-11-06 09:31:30.600,3037.2000,22971,0,130225680.000,0,-,-,-,-,3036.6000,3036.4000,3036.2000,3035.0000,3034.2000,3038.2000,3038.4000,3038.6000,3039.6000,3039.8000,2,9,1,1,2,6,3,1,4,1
SF,IH1912,2019-11-06 09:31:31.100,3037.2000,22970,-1,131136840.000,1,0,1,双平,S,3037.2000,3036.8000,3036.6000,3036.2000,3035.0000,3038.0000,3038.2000,3038.4000,3038.6000,3039.6000,2,14,2,1,1,1,1,3,1,4
SF,IH1912,2019-11-06 09:31:31.600,3037.2000,22970,0,131136840.000,0,-,-,-,-,3037.2000,3036.8000,3036.6000,3036.2000,3035.0000,3038.4000,3038.6000,3039.6000,3039.8000,3040.0000,3,9,2,1,1,3,1,4,1,1
SF,IH1912,2019-11-06 09:31:32.100,3037.2000,22969,-1,132048000.000,1,0,1,双平,S,3037.2000,3036.8000,3036.6000,3036.2000,3035.0000,3038.2000,3038.4000,3038.6000,3039.6000,3039.8000,2,9,2,1,1,1,3,1,4,1
SF,IH1912,2019-11-06 09:31:32.600,3037.2000,22969,0,132048000.000,0,-,-,-,-,3037.0000,3036.8000,3036.6000,3036.2000,3035.0000,3038.2000,3038.4000,3038.6000,3039.6000,3039.8000,3,9,2,1,1,1,3,1,4,1
SF,IH1912,2019-11-06 09:31:33.100,3037.2000,22969,0,132048000.000,0,-,-,-,-,3037.2000,3037.0000,3036.8000,3036.6000,3036.2000,3038.2000,3038.4000,3038.6000,3039.6000,3039.8000,1,3,9,2,1,1,3,1,3,1
SF,IH1912,2019-11-06 09:31:33.600,3037.2000,22968,-1,133870320.000,2,0,2,多平,S,3037.2000,3037.0000,3036.8000,3036.6000,3036.2000,3038.4000,3038.6000,3039.6000,3039.8000,3040.0000,3,3,9,3,1,3,1,3,1,1
SF,IH1912,2019-11-06 09:31:34.100,3037.2000,22968,0,133870320.000,0,-,-,-,-,3037.4000,3037.2000,3037.0000,3036.8000,3036.6000,3038.4000,3038.6000,3039.6000,3039.8000,3040.0000,4,3,3,7,2,1,1,3,1,1
SF,IH1912,2019-11-06 09:31:34.600,3038.4000,22967,-1,134781840.000,1,0,1,双平,S,3037.4000,3037.2000,3037.0000,3036.8000,3036.6000,3037.8000,3038.6000,3039.0000,3039.6000,3039.8000,4,1,3,7,2,1,1,1,3,1
SF,IH1912,2019-11-06 09:31:35.100,3037.8000,22966,-1,136604520.000,2,0,2,多平,S,3038.0000,3037.8000,3037.6000,3037.4000,3037.0000,3038.6000,3039.6000,3039.8000,3040.0000,3040.6000,3,5,2,4,3,1,3,1,1,2
SF,IH1912,2019-11-06 09:31:35.600,3037.8000,22966,0,136604520.000,0,-,-,-,-,3038.4000,3038.0000,3037.8000,3037.6000,3037.4000,3038.6000,3039.6000,3039.8000,3040.0000,3040.6000,7,1,1,1,1,1,3,1,1,2
SF,IH1912,2019-11-06 09:31:36.100,3038.4000,22966,0,142073640.000,6,3,3,多换,S,3038.4000,3037.8000,3037.6000,3037.4000,3037.0000,3038.6000,3039.6000,3039.8000,3040.0000,3040.6000,1,1,1,1,3,1,3,1,1,2
SF,IH1912,2019-11-06 09:31:36.600,3038.4000,22966,0,142985160.000,1,0,1,多换,S,3037.8000,3037.6000,3037.4000,3037.0000,3036.8000,3038.6000,3039.6000,3039.8000,3040.0000,3040.6000,1,1,1,3,7,1,2,1,1,2
SF,IH1912,2019-11-06 09:31:37.100,3038.0000,22966,0,144808140.000,2,1,1,多换,S,3038.0000,3037.8000,3037.6000,3037.4000,3037.0000,3039.6000,3039.8000,3040.0000,3040.6000,3040.8000,3,1,1,1,3,2,1,1,2,2
SF,IH1912,2019-11-06 09:31:37.600,3038.0000,22966,0,144808140.000,0,-,-,-,-,3038.2000,3038.0000,3037.8000,3037.6000,3037.4000,3039.4000,3039.6000,3039.8000,3040.0000,3040.6000,2,3,1,1,1,4,2,1,1,2
SF,IH1912,2019-11-06 09:31:38.100,3038.0000,22966,0,144808140.000,0,-,-,-,-,3038.4000,3038.2000,3038.0000,3037.8000,3037.6000,3039.4000,3039.6000,3039.8000,3040.0000,3040.6000,1,2,1,1,1,4,2,1,1,2
SF,IH1912,2019-11-06 09:31:38.600,3038.0000,22966,0,144808140.000,0,-,-,-,-,3038.4000,3038.2000,3038.0000,3037.8000,3037.6000,3039.4000,3039.6000,3039.8000,3040.0000,3040.6000,1,1,1,1,1,2,2,1,1,2
SF,IH1912,2019-11-06 09:31:39.100,3038.4000,22965,-1,145719660.000,1,0,1,双平,S,3038.2000,3038.0000,3037.8000,3037.6000,3037.4000,3039.4000,3039.6000,3039.8000,3040.0000,3040.6000,1,1,1,2,1,2,2,1,1,2
SF,IH1912,2019-11-06 09:31:39.600,3038.4000,22965,0,145719660.000,0,-,-,-,-,3037.8000,3037.6000,3037.4000,3037.0000,3036.8000,3039.4000,3039.6000,3039.8000,3040.0000,3040.6000,1,1,1,3,7,2,2,1,1,2
SF,IH1912,2019-11-06 09:31:40.100,3038.4000,22965,0,145719660.000,0,-,-,-,-,3038.2000,3038.0000,3037.8000,3037.6000,3037.4000,3039.2000,3039.4000,3039.6000,3039.8000,3040.0000,1,8,2,1,1,1,2,1,1,1
SF,IH1912,2019-11-06 09:31:40.600,3038.4000,22965,0,145719660.000,0,-,-,-,-,3039.2000,3038.4000,3038.2000,3038.0000,3037.8000,3039.8000,3040.0000,3040.6000,3040.8000,3041.0000,1,2,1,4,2,1,1,2,2,1
SF,IH1912,2019-11-06 09:31:41.100,3038.4000,22965,0,145719660.000,0,-,-,-,-,3038.4000,3038.2000,3038.0000,3037.8000,3037.6000,3039.6000,3039.8000,3040.0000,3040.6000,3040.8000,1,1,4,2,1,1,1,1,2,2
SF,IH1912,2019-11-06 09:31:41.600,3038.4000,22965,0,145719660.000,0,-,-,-,-,3039.4000,3038.6000,3038.2000,3038.0000,3037.8000,3039.6000,3039.8000,3040.0000,3040.6000,3040.8000,1,1,1,4,2,1,1,1,2,2
SF,IH1912,2019-11-06 09:31:42.100,3039.4000,22964,-1,147543300.000,2,0,2,多平,S,3038.6000,3038.2000,3038.0000,3037.8000,3037.6000,3039.4000,3039.6000,3039.8000,3040.0000,3040.6000,1,1,4,2,1,1,1,1,1,2
SF,IH1912,2019-11-06 09:31:42.600,3039.4000,22964,0,147543300.000,0,-,-,-,-,3038.8000,3038.2000,3038.0000,3037.8000,3037.6000,3039.8000,3040.0000,3040.6000,3040.8000,3041.0000,1,5,4,2,1,1,2,2,2,1
SF,IH1912,2019-11-06 09:31:43.100,3039.4000,22964,0,147543300.000,0,-,-,-,-,3038.8000,3038.2000,3038.0000,3037.8000,3037.6000,3039.6000,3039.8000,3040.0000,3040.6000,3040.8000,1,5,4,2,1,1,1,2,2,2
SF,IH1912,2019-11-06 09:31:43.600,3039.4000,22964,0,147543300.000,0,-,-,-,-,3038.8000,3038.2000,3038.0000,3037.8000,3037.6000,3039.6000,3039.8000,3040.0000,3040.6000,3040.8000,1,5,4,2,1,2,1,2,2,2
SF,IH1912,2019-11-06 09:31:44.100,3039.4000,22964,0,147543300.000,0,-,-,-,-,3038.8000,3038.2000,3038.0000,3037.8000,3037.6000,3039.6000,3040.0000,3040.6000,3040.8000,3041.0000,1,5,4,1,1,2,2,2,2,1
SF,IH1912,2019-11-06 09:31:44.600,3039.4000,22964,0,147543300.000,0,-,-,-,-,3038.8000,3038.2000,3038.0000,3037.8000,3037.6000,3039.2000,3039.6000,3040.0000,3040.6000,3040.8000,1,5,4,1,1,1,2,2,2,2
SF,IH1912,2019-11-06 09:31:45.100,3039.2000,22963,-1,148455060.000,1,0,1,双平,S,3039.2000,3039.0000,3038.2000,3038.0000,3037.8000,3039.6000,3040.0000,3040.6000,3040.8000,3041.0000,2,2,5,4,1,1,2,2,2,1
SF,IH1912,2019-11-06 09:31:45.600,3039.6000,22962,-1,149366940.000,1,0,1,双平,S,3039.6000,3039.4000,3039.2000,3039.0000,3038.2000,3040.0000,3040.6000,3040.8000,3041.0000,3042.0000,1,2,1,1,5,2,2,2,1,2
SF,IH1912,2019-11-06 09:31:46.100,3039.4000,22960,-2,151190640.000,2,0,2,双平,S,3039.4000,3039.2000,3039.0000,3038.2000,3038.0000,3039.8000,3040.0000,3040.6000,3040.8000,3041.0000,1,1,1,5,4,7,3,2,2,1
SF,IH1912,2019-11-06 09:31:46.600,3039.4000,22960,0,151190640.000,0,-,-,-,-,3039.2000,3039.0000,3038.2000,3038.0000,3037.8000,3039.6000,3040.0000,3040.6000,3040.8000,3041.0000,1,1,5,4,1,2,3,2,2,1
SF,IH1912,2019-11-06 09:31:47.100,3039.4000,22960,0,151190640.000,0,-,-,-,-,3039.2000,3039.0000,3038.2000,3038.0000,3037.8000,3039.6000,3040.0000,3040.6000,3040.8000,3041.0000,1,1,5,4,1,1,3,2,2,1
SF,IH1912,2019-11-06 09:31:47.600,3039.2000,22959,-1,152102400.000,1,0,1,双平,S,3039.0000,3038.2000,3038.0000,3037.8000,3037.4000,3039.6000,3040.0000,3040.6000,3040.8000,3041.0000,1,5,4,1,1,1,3,2,2,1
SF,IH1912,2019-11-06 09:31:48.100,3039.2000,22959,0,152102400.000,0,-,-,-,-,3038.2000,3038.0000,3037.8000,3037.4000,3037.0000,3039.0000,3039.6000,3040.0000,3040.6000,3040.8000,5,4,1,1,4,1,1,3,2,2
SF,IH1912,2019-11-06 09:31:48.600,3039.2000,22959,0,152102400.000,0,-,-,-,-,3038.4000,3038.2000,3038.0000,3037.4000,3037.0000,3039.0000,3039.6000,3040.0000,3040.6000,3040.8000,2,6,4,1,4,1,1,3,2,2
SF,IH1912,2019-11-06 09:31:49.100,3039.2000,22959,0,153014160.000,1,0,1,多换,S,3038.4000,3038.2000,3038.0000,3037.4000,3037.0000,3039.6000,3040.0000,3040.6000,3040.8000,3041.0000,1,6,4,1,4,1,3,2,2,1
SF,IH1912,2019-11-06 09:31:49.600,3039.2000,22959,0,153014160.000,0,-,-,-,-,3038.2000,3037.4000,3037.0000,3036.8000,3036.6000,3039.0000,3039.4000,3039.6000,3040.0000,3040.6000,5,1,4,7,1,1,11,2,3,2
SF,IH1912,2019-11-06 09:31:50.100,3038.2000,22957,-2,157571460.000,5,1,4,多平,S,3037.4000,3037.0000,3036.8000,3036.6000,3036.2000,3038.2000,3038.4000,3039.0000,3039.4000,3039.6000,1,4,7,1,1,1,1,1,8,2
SF,IH1912,2019-11-06 09:31:50.600,3039.0000,22954,-3,160306140.000,3,0,3,双平,S,3038.2000,3037.6000,3037.4000,3037.0000,3036.8000,3039.4000,3039.6000,3040.0000,3040.6000,3040.8000,1,3,2,4,7,8,2,3,2,2
SF,IH1912,2019-11-06 09:31:51.100,3038.2000,22954,0,161217600.000,1,0,1,多换,S,3037.4000,3037.0000,3036.8000,3036.6000,3036.2000,3039.2000,3039.4000,3039.6000,3040.0000,3040.6000,2,4,7,1,1,3,8,2,3,2
SF,IH1912,2019-11-06 09:31:51.600,3038.2000,22954,0,161217600.000,0,-,-,-,-,3037.6000,3037.4000,3037.0000,3036.8000,3036.6000,3039.0000,3039.2000,3039.4000,3039.6000,3040.0000,2,2,4,7,1,6,3,2,2,3
SF,IH1912,2019-11-06 09:31:52.100,3038.2000,22954,0,161217600.000,0,-,-,-,-,3037.6000,3037.4000,3037.0000,3036.8000,3036.6000,3038.8000,3039.0000,3039.4000,3039.6000,3040.0000,2,2,4,7,1,3,6,2,2,3
SF,IH1912,2019-11-06 09:31:52.600,3038.2000,22954,0,161217600.000,0,-,-,-,-,3037.6000,3037.4000,3037.0000,3036.8000,3036.6000,3038.6000,3039.0000,3039.4000,3039.6000,3040.0000,3,2,4,7,1,5,1,2,2,3
SF,IH1912,2019-11-06 09:31:53.100,3038.2000,22954,0,161217600.000,0,-,-,-,-,3037.6000,3037.4000,3037.0000,3036.8000,3036.6000,3039.4000,3039.6000,3040.0000,3040.6000,3040.8000,2,2,4,7,1,2,2,3,2,2
SF,IH1912,2019-11-06 09:31:53.600,3038.2000,22954,0,161217600.000,0,-,-,-,-,3037.6000,3037.4000,3037.0000,3036.8000,3036.6000,3039.2000,3039.4000,3039.6000,3040.0000,3040.6000,2,2,4,7,1,9,2,2,3,2
SF,IH1912,2019-11-06 09:31:54.100,3038.2000,22954,0,161217600.000,0,-,-,-,-,3037.0000,3036.6000,3036.2000,3035.0000,3034.2000,3039.0000,3039.2000,3039.4000,3039.6000,3040.0000,4,1,1,2,2,12,10,2,2,3
SF,IH1912,2019-11-06 09:31:54.600,3038.2000,22954,0,161217600.000,0,-,-,-,-,3037.6000,3037.4000,3037.2000,3037.0000,3036.6000,3038.8000,3039.0000,3039.2000,3039.4000,3039.6000,1,2,15,7,1,2,3,1,2,2
SF,IH1912,2019-11-06 09:31:55.100,3038.2000,22954,0,161217600.000,0,-,-,-,-,3037.2000,3037.0000,3036.6000,3036.2000,3035.0000,3038.6000,3038.8000,3039.0000,3039.4000,3039.6000,4,7,1,1,2,7,1,3,2,2
SF,IH1912,2019-11-06 09:31:55.600,3038.2000,22954,0,161217600.000,0,-,-,-,-,3037.2000,3037.0000,3036.6000,3036.2000,3035.0000,3038.4000,3038.6000,3039.0000,3039.4000,3039.6000,3,4,1,1,2,1,7,3,2,2
SF,IH1912,2019-11-06 09:31:56.100,3038.2000,22954,0,161217600.000,0,-,-,-,-,3037.2000,3037.0000,3036.6000,3036.2000,3035.0000,3038.2000,3038.4000,3038.6000,3039.0000,3039.4000,3,4,1,1,2,5,1,1,3,2
SF,IH1912,2019-11-06 09:31:56.600,3038.2000,22954,0,161217600.000,0,-,-,-,-,3037.2000,3037.0000,3036.6000,3036.2000,3035.0000,3038.2000,3038.6000,3039.0000,3039.4000,3039.6000,3,4,1,1,2,5,1,3,2,1
SF,IH1912,2019-11-06 09:31:57.100,3038.2000,22954,0,161217600.000,0,-,-,-,-,3037.4000,3037.2000,3037.0000,3036.6000,3036.2000,3038.6000,3039.0000,3039.4000,3039.6000,3040.0000,2,3,4,1,1,1,3,2,1,3
SF,IH1912,2019-11-06 09:31:57.600,3038.6000,22954,0,162129180.000,1,0,1,多换,S,3037.4000,3037.2000,3037.0000,3036.6000,3036.2000,3039.0000,3039.4000,3039.6000,3040.0000,3040.8000,2,3,4,1,1,3,2,1,3,2
SF,IH1912,2019-11-06 09:31:58.100,3038.6000,22954,0,162129180.000,0,-,-,-,-,3037.6000,3037.4000,3037.2000,3037.0000,3036.6000,3038.4000,3038.8000,3039.0000,3039.4000,3039.6000,1,2,3,4,1,1,8,3,2,1
SF,IH1912,2019-11-06 09:31:58.600,3038.4000,22954,0,163040700.000,1,0,1,多换,S,3037.8000,3037.6000,3037.4000,3037.2000,3037.0000,3039.4000,3039.6000,3040.0000,3040.8000,3041.0000,5,1,1,2,4,1,1,3,2,1
SF,IH1912,2019-11-06 09:31:59.100,3038.4000,22954,0,163040700.000,0,-,-,-,-,3038.6000,3038.0000,3037.8000,3037.6000,3037.4000,3039.2000,3039.4000,3039.6000,3040.0000,3040.8000,10,1,5,1,1,1,1,1,3,2
SF,IH1912,2019-11-06 09:31:59.600,3038.4000,22954,0,163040700.000,0,-,-,-,-,3038.6000,3037.8000,3037.6000,3037.4000,3037.2000,3039.0000,3039.2000,3039.6000,3040.0000,3040.8000,10,4,1,1,2,1,1,1,3,2
SF,IH1912,2019-11-06 09:32:00.100,3038.4000,22954,0,163040700.000,0,-,-,-,-,3038.6000,3037.8000,3037.6000,3037.4000,3037.2000,3038.8000,3039.0000,3039.6000,3040.0000,3040.8000,10,4,5,1,2,1,1,1,3,2
SF,IH1912,2019-11-06 09:32:00.600,3039.0000,22952,-2,164864040.000,2,0,2,双平,S,3039.0000,3038.8000,3038.6000,3037.8000,3037.6000,3039.4000,3040.0000,3040.8000,3041.0000,3042.0000,1,1,10,4,5,1,3,2,1,2
SF,IH1912,2019-11-06 09:32:01.100,3038.8000,22951,-1,167599020.000,3,1,2,多平,S,3038.6000,3038.0000,3037.8000,3037.6000,3037.4000,3039.2000,3039.4000,3040.0000,3040.8000,3041.0000,10,1,1,5,1,10,2,3,2,1
SF,IH1912,2019-11-06 09:32:01.600,3039.0000,22951,0,168510720.000,1,0,1,多换,S,3038.8000,3038.6000,3038.0000,3037.6000,3037.4000,3039.4000,3040.0000,3040.8000,3041.0000,3042.0000,1,10,1,5,1,2,3,2,1,2
SF,IH1912,2019-11-06 09:32:02.100,3038.8000,22951,0,169422360.000,1,0,1,多换,S,3038.6000,3038.4000,3038.0000,3037.6000,3037.4000,3038.8000,3039.2000,3039.4000,3040.0000,3040.8000,10,1,1,5,1,1,5,2,3,2
SF,IH1912,2019-11-06 09:32:02.600,3039.2000,22938,-13,183096840.000,15,1,14,多平,S,3038.4000,3038.0000,3037.6000,3037.4000,3037.2000,3039.2000,3039.4000,3040.0000,3040.8000,3041.0000,1,1,5,1,2,1,2,3,2,1
SF,IH1912,2019-11-06 09:32:03.100,3039.2000,22938,0,183096840.000,0,-,-,-,-,3038.4000,3038.0000,3037.6000,3037.4000,3037.2000,3039.2000,3039.4000,3040.0000,3040.8000,3041.0000,1,1,4,1,2,1,2,5,2,1
SF,IH1912,2019-11-06 09:32:03.600,3039.2000,22938,0,183096840.000,0,-,-,-,-,3038.6000,3038.4000,3038.0000,3037.6000,3037.4000,3039.2000,3039.4000,3040.0000,3040.8000,3041.0000,1,1,1,4,1,1,2,5,2,1
SF,IH1912,2019-11-06 09:32:04.100,3039.2000,22938,0,184008600.000,1,0,1,多换,S,3038.6000,3038.4000,3038.0000,3037.6000,3037.4000,3039.4000,3040.0000,3040.8000,3041.0000,3042.0000,1,1,1,4,1,2,5,2,1,2
SF,IH1912,2019-11-06 09:32:05.100,3039.2000,22938,0,184008600.000,0,-,-,-,-,3038.6000,3038.4000,3038.0000,3037.6000,3037.4000,3039.4000,3040.0000,3040.8000,3041.0000,3042.0000,1,1,1,4,1,3,5,2,1,2
SF,IH1912,2019-11-06 09:32:05.600,3039.2000,22938,0,184008600.000,0,-,-,-,-,3038.6000,3038.4000,3038.0000,3037.6000,3037.4000,3039.4000,3040.0000,3040.4000,3040.8000,3041.0000,1,1,1,4,1,3,5,1,2,1
SF,IH1912,2019-11-06 09:32:07.100,3039.2000,22938,0,184008600.000,0,-,-,-,-,3038.6000,3038.4000,3038.0000,3037.6000,3037.4000,3039.2000,3039.4000,3040.0000,3040.4000,3040.8000,1,1,1,4,1,1,3,5,1,2
SF,IH1912,2019-11-06 09:32:08.100,3039.2000,22938,0,184008600.000,0,-,-,-,-,3038.6000,3038.4000,3038.0000,3037.6000,3037.4000,3039.2000,3039.4000,3040.0000,3040.4000,3040.8000,1,1,1,4,1,1,3,5,1,2
SF,IH1912,2019-11-06 09:32:09.600,3039.2000,22938,0,184920360.000,1,0,1,多换,S,3038.6000,3038.4000,3038.0000,3037.6000,3037.4000,3039.4000,3040.0000,3040.4000,3040.8000,3041.0000,1,1,1,4,1,3,5,1,2,1
SF,IH1912,2019-11-06 09:32:10.100,3039.4000,22938,0,185832180.000,1,0,1,多换,S,3038.6000,3038.4000,3038.0000,3037.6000,3037.4000,3039.4000,3040.0000,3040.4000,3040.8000,3041.0000,1,1,1,4,1,2,5,1,2,1
SF,IH1912,2019-11-06 09:32:10.600,3039.4000,22939,1,186744000.000,1,1,0,双开,S,3038.6000,3038.4000,3038.0000,3037.6000,3037.4000,3039.4000,3040.0000,3040.4000,3040.8000,3041.0000,1,1,1,4,1,1,5,1,1,1
SF,IH1912,2019-11-06 09:32:11.600,3039.4000,22939,0,186744000.000,0,-,-,-,-,3038.6000,3038.4000,3038.0000,3037.6000,3037.4000,3039.4000,3040.0000,3040.4000,3040.8000,3041.0000,1,1,1,4,1,1,5,2,1,1
SF,IH1912,2019-11-06 09:32:12.100,3039.4000,22939,0,187655820.000,1,0,1,多换,S,3038.6000,3038.4000,3038.0000,3037.6000,3037.4000,3040.0000,3040.4000,3040.8000,3041.0000,3042.0000,1,1,1,4,1,5,2,1,1,2
SF,IH1912,2019-11-06 09:32:12.600,3039.4000,22939,0,187655820.000,0,-,-,-,-,3038.6000,3038.4000,3038.0000,3037.6000,3037.4000,3039.8000,3040.0000,3040.4000,3040.8000,3041.0000,1,1,1,4,1,4,5,2,1,1
SF,IH1912,2019-11-06 09:32:13.100,3039.4000,22939,0,187655820.000,0,-,-,-,-,3038.8000,3038.6000,3038.4000,3038.0000,3037.6000,3040.0000,3040.4000,3040.8000,3041.0000,3042.0000,1,2,1,2,4,3,2,1,1,2
SF,IH1912,2019-11-06 09:32:13.600,3039.4000,22939,0,187655820.000,0,-,-,-,-,3039.0000,3038.6000,3038.4000,3038.0000,3037.6000,3040.0000,3040.4000,3040.8000,3041.0000,3042.0000,3,1,1,2,4,3,2,1,1,2
SF,IH1912,2019-11-06 09:32:14.100,3040.0000,22939,0,189479820.000,2,1,1,多换,S,3039.2000,3039.0000,3038.6000,3038.4000,3038.0000,3040.0000,3040.4000,3040.8000,3041.0000,3042.0000,1,3,1,1,2,1,2,1,1,2
SF,IH1912,2019-11-06 09:32:14.600,3039.4000,22938,-1,191303640.000,2,0,2,多平,S,3039.4000,3039.2000,3038.6000,3038.4000,3038.0000,3040.4000,3040.8000,3041.0000,3042.0000,3043.0000,1,1,1,1,2,2,1,1,2,1
SF,IH1912,2019-11-06 09:32:15.100,3039.4000,22938,0,191303640.000,0,-,-,-,-,3039.4000,3039.2000,3038.6000,3038.4000,3038.0000,3040.4000,3040.8000,3041.0000,3042.0000,3043.0000,1,1,1,1,2,2,1,1,2,1
SF,IH1912,2019-11-06 09:32:15.600,3039.4000,22938,0,191303640.000,0,-,-,-,-,3039.4000,3039.2000,3038.6000,3038.4000,3038.0000,3040.4000,3040.8000,3041.0000,3042.0000,3043.0000,1,1,1,1,2,2,1,1,2,1
SF,IH1912,2019-11-06 09:32:16.100,3039.4000,22938,0,191303640.000,0,-,-,-,-,3039.4000,3039.2000,3038.6000,3038.4000,3038.0000,3040.4000,3040.8000,3041.0000,3042.0000,3043.0000,1,1,1,1,2,2,1,1,2,1
SF,IH1912,2019-11-06 09:32:17.600,3039.4000,22938,0,191303640.000,0,-,-,-,-,3039.4000,3039.2000,3038.6000,3038.4000,3038.0000,3040.4000,3040.8000,3041.0000,3042.0000,3043.0000,1,1,1,1,2,2,1,1,2,1
SF,IH1912,2019-11-06 09:32:18.100,3040.4000,22938,0,192215760.000,1,0,1,多换,S,3039.4000,3039.2000,3038.6000,3038.4000,3038.0000,3040.4000,3040.8000,3041.0000,3042.0000,3043.0000,1,1,1,1,2,1,1,1,2,1
SF,IH1912,2019-11-06 09:32:18.600,3040.4000,22938,0,192215760.000,0,-,-,-,-,3039.4000,3039.2000,3038.6000,3038.4000,3038.0000,3040.4000,3040.8000,3041.0000,3042.0000,3043.0000,1,1,1,1,2,1,1,1,2,1
SF,IH1912,2019-11-06 09:32:20.100,3040.4000,22937,-1,193127880.000,1,0,1,双平,S,3039.4000,3039.2000,3039.0000,3038.6000,3038.4000,3040.8000,3041.0000,3042.0000,3043.0000,3044.0000,1,1,1,1,1,1,1,2,1,2
SF,IH1912,2019-11-06 09:32:20.600,3040.4000,22937,0,193127880.000,0,-,-,-,-,3039.4000,3039.2000,3039.0000,3038.6000,3038.4000,3040.6000,3040.8000,3041.0000,3042.0000,3043.0000,1,1,1,1,1,6,1,1,2,1
SF,IH1912,2019-11-06 09:32:21.100,3040.4000,22937,0,193127880.000,0,-,-,-,-,3039.4000,3039.2000,3039.0000,3038.6000,3038.4000,3040.4000,3040.6000,3040.8000,3041.0000,3042.0000,1,1,1,1,1,1,6,1,1,2
SF,IH1912,2019-11-06 09:32:21.600,3040.4000,22937,0,193127880.000,0,-,-,-,-,3039.4000,3039.2000,3039.0000,3038.6000,3038.4000,3040.2000,3040.4000,3040.6000,3040.8000,3041.0000,1,1,1,1,1,1,1,4,1,1
SF,IH1912,2019-11-06 09:32:22.100,3039.4000,22936,-1,194039700.000,1,0,1,双平,S,3039.2000,3039.0000,3038.6000,3038.4000,3038.0000,3040.2000,3040.4000,3040.6000,3040.8000,3041.0000,1,1,2,1,2,1,2,4,1,1
SF,IH1912,2019-11-06 09:32:22.600,3039.4000,22936,0,194039700.000,0,-,-,-,-,3039.2000,3039.0000,3038.6000,3038.4000,3038.0000,3040.0000,3040.2000,3040.6000,3040.8000,3041.0000,1,1,1,1,2,1,1,4,1,1
SF,IH1912,2019-11-06 09:32:23.100,3039.4000,22936,0,194039700.000,0,-,-,-,-,3039.0000,3038.6000,3038.4000,3038.0000,3037.6000,3040.0000,3040.6000,3040.8000,3041.0000,3042.0000,1,1,1,2,4,1,4,1,2,2
SF,IH1912,2019-11-06 09:32:23.600,3039.4000,22936,0,194039700.000,0,-,-,-,-,3039.0000,3038.6000,3038.4000,3038.0000,3037.6000,3040.0000,3040.6000,3040.8000,3041.0000,3042.0000,1,1,1,2,4,1,4,1,2,2
SF,IH1912,2019-11-06 09:32:24.100,3039.4000,22936,0,194039700.000,0,-,-,-,-,3039.0000,3038.6000,3038.4000,3038.0000,3037.6000,3040.0000,3040.6000,3040.8000,3041.0000,3042.0000,2,1,1,2,4,1,4,1,2,2
SF,IH1912,2019-11-06 09:32:24.600,3039.4000,22936,0,194039700.000,0,-,-,-,-,3039.0000,3038.6000,3038.4000,3038.0000,3037.6000,3040.0000,3040.6000,3040.8000,3041.0000,3042.0000,2,1,1,2,4,1,4,1,2,2
SF,IH1912,2019-11-06 09:32:26.100,3039.4000,22936,0,194039700.000,0,-,-,-,-,3039.2000,3039.0000,3038.6000,3038.4000,3038.0000,3040.0000,3040.6000,3040.8000,3041.0000,3042.0000,1,2,1,1,2,1,4,1,2,2
SF,IH1912,2019-11-06 09:32:26.600,3039.4000,22936,0,194039700.000,0,-,-,-,-,3039.2000,3039.0000,3038.6000,3038.4000,3038.0000,3040.0000,3040.6000,3040.8000,3041.0000,3042.0000,1,2,1,1,2,1,4,1,2,2
SF,IH1912,2019-11-06 09:32:27.100,3039.0000,22935,-1,195863160.000,2,0,2,多平,S,3039.0000,3038.6000,3038.4000,3038.0000,3037.6000,3039.2000,3040.0000,3040.6000,3040.8000,3041.0000,1,1,1,2,4,1,1,4,1,2
SF,IH1912,2019-11-06 09:32:27.600,3039.0000,22935,0,195863160.000,0,-,-,-,-,3039.0000,3038.6000,3038.4000,3038.0000,3037.6000,3039.2000,3040.0000,3040.6000,3040.8000,3041.0000,1,1,1,2,4,2,1,4,1,2
SF,IH1912,2019-11-06 09:32:28.100,3039.0000,22935,0,196774860.000,1,0,1,多换,S,3038.6000,3038.4000,3038.0000,3037.6000,3037.2000,3039.0000,3039.2000,3040.0000,3040.6000,3040.8000,1,1,2,4,2,1,2,1,4,1
SF,IH1912,2019-11-06 09:32:28.600,3039.0000,22935,0,196774860.000,0,-,-,-,-,3038.8000,3038.6000,3038.4000,3038.0000,3037.6000,3039.0000,3039.2000,3040.0000,3040.6000,3040.8000,1,4,1,2,4,1,2,1,4,1
SF,IH1912,2019-11-06 09:32:29.100,3039.0000,22935,0,196774860.000,0,-,-,-,-,3038.6000,3038.4000,3038.0000,3037.6000,3037.2000,3039.0000,3039.2000,3040.0000,3040.6000,3040.8000,4,1,2,4,2,1,2,1,4,1
SF,IH1912,2019-11-06 09:32:29.600,3039.0000,22935,0,196774860.000,0,-,-,-,-,3039.0000,3038.6000,3038.4000,3038.0000,3037.6000,3039.2000,3040.0000,3040.6000,3040.8000,3041.0000,1,4,1,2,4,2,1,4,1,2
SF,IH1912,2019-11-06 09:32:30.100,3039.0000,22935,0,197686560.000,1,0,1,多换,S,3038.6000,3038.4000,3038.0000,3037.6000,3037.2000,3039.0000,3039.2000,3040.0000,3040.6000,3040.8000,4,1,2,4,2,1,2,1,4,1
SF,IH1912,2019-11-06 09:32:30.600,3038.6000,22935,0,201332880.000,4,2,2,多换,S,3038.4000,3038.0000,3037.6000,3037.2000,3037.0000,3039.0000,3039.2000,3040.0000,3040.6000,3040.8000,1,2,4,2,4,1,2,1,4,1
SF,IH1912,2019-11-06 09:32:31.100,3038.4000,22934,-1,202244400.000,1,0,1,双平,S,3038.0000,3037.6000,3037.2000,3037.0000,3036.6000,3038.8000,3039.0000,3039.2000,3040.0000,3040.6000,2,4,2,4,1,1,1,2,1,4
SF,IH1912,2019-11-06 09:32:31.600,3038.4000,22934,0,202244400.000,0,-,-,-,-,3038.0000,3037.6000,3037.0000,3036.6000,3035.0000,3038.8000,3039.0000,3039.2000,3040.0000,3040.6000,2,4,4,1,2,1,1,2,1,4
SF,IH1912,2019-11-06 09:32:32.100,3038.4000,22934,0,202244400.000,0,-,-,-,-,3038.0000,3037.6000,3037.0000,3036.6000,3035.0000,3038.8000,3039.0000,3039.2000,3040.0000,3040.6000,2,4,4,1,2,1,1,1,1,4
SF,IH1912,2019-11-06 09:32:32.600,3038.4000,22934,0,202244400.000,0,-,-,-,-,3038.0000,3037.6000,3037.0000,3036.6000,3035.0000,3038.6000,3038.8000,3039.0000,3039.2000,3040.0000,2,4,4,1,2,1,1,1,1,1
SF,IH1912,2019-11-06 09:32:33.100,3038.4000,22934,0,202244400.000,0,-,-,-,-,3038.0000,3037.6000,3037.0000,3036.6000,3035.0000,3038.6000,3039.0000,3039.2000,3040.0000,3040.6000,2,4,4,1,2,1,2,1,1,4
SF,IH1912,2019-11-06 09:32:33.600,3038.4000,22934,0,202244400.000,0,-,-,-,-,3038.0000,3037.6000,3037.0000,3036.6000,3035.0000,3038.6000,3039.0000,3039.2000,3040.0000,3040.6000,2,4,4,1,2,1,2,1,1,4
SF,IH1912,2019-11-06 09:32:34.100,3038.4000,22934,0,202244400.000,0,-,-,-,-,3038.0000,3037.6000,3037.0000,3036.6000,3035.0000,3038.6000,3039.0000,3039.2000,3040.0000,3040.6000,2,4,4,1,2,1,2,1,1,4
SF,IH1912,2019-11-06 09:32:35.100,3038.4000,22934,0,202244400.000,0,-,-,-,-,3038.0000,3037.6000,3037.0000,3036.6000,3035.0000,3038.6000,3039.0000,3039.2000,3040.0000,3040.6000,2,4,4,1,2,1,2,1,1,4
SF,IH1912,2019-11-06 09:32:35.600,3038.4000,22934,0,202244400.000,0,-,-,-,-,3038.0000,3037.6000,3037.0000,3036.6000,3035.0000,3038.6000,3039.0000,3039.2000,3040.0000,3040.6000,2,4,4,1,2,1,2,1,1,4
SF,IH1912,2019-11-06 09:32:36.600,3038.0000,22933,-1,203155800.000,1,0,1,双平,S,3038.0000,3037.6000,3037.0000,3036.6000,3035.0000,3038.6000,3039.0000,3039.2000,3040.0000,3040.6000,1,4,4,1,2,1,2,1,1,4
SF,IH1912,2019-11-06 09:32:37.100,3038.0000,22933,0,203155800.000,0,-,-,-,-,3038.0000,3037.6000,3037.0000,3036.6000,3035.0000,3038.4000,3038.6000,3039.0000,3039.2000,3040.0000,1,4,4,1,2,1,1,2,1,1
SF,IH1912,2019-11-06 09:32:37.600,3038.0000,22933,0,203155800.000,0,-,-,-,-,3038.0000,3037.6000,3037.0000,3036.6000,3035.0000,3038.4000,3038.6000,3039.0000,3039.2000,3040.0000,1,4,4,1,2,1,1,2,1,1
SF,IH1912,2019-11-06 09:32:38.600,3038.4000,22933,0,204067320.000,1,0,1,多换,S,3038.0000,3037.6000,3037.0000,3036.6000,3035.0000,3038.6000,3039.0000,3039.2000,3040.0000,3040.6000,1,4,4,1,2,1,2,1,1,4
SF,IH1912,2019-11-06 09:32:39.100,3038.0000,22932,-1,204978720.000,1,0,1,双平,S,3037.6000,3037.0000,3036.6000,3035.0000,3034.2000,3038.6000,3039.0000,3039.2000,3040.0000,3040.6000,4,4,1,2,2,1,2,1,1,5
SF,IH1912,2019-11-06 09:32:39.600,3038.0000,22932,0,204978720.000,0,-,-,-,-,3037.8000,3037.6000,3037.0000,3036.6000,3035.0000,3038.6000,3039.0000,3039.2000,3040.0000,3040.6000,1,4,4,1,2,1,2,1,1,5
SF,IH1912,2019-11-06 09:32:41.100,3039.0000,22931,-1,206802000.000,2,0,2,多平,S,3039.0000,3038.6000,3037.8000,3037.6000,3037.0000,3040.0000,3040.6000,3040.8000,3041.0000,3042.0000,1,2,1,4,4,1,5,1,2,2
SF,IH1912,2019-11-06 09:32:41.600,3039.0000,22931,0,206802000.000,0,-,-,-,-,3038.6000,3037.6000,3037.0000,3036.6000,3035.0000,3039.8000,3040.0000,3040.6000,3040.8000,3041.0000,1,4,4,1,2,9,2,6,1,2
SF,IH1912,2019-11-06 09:32:42.100,3039.0000,22931,0,206802000.000,0,-,-,-,-,3038.6000,3037.6000,3037.0000,3036.6000,3035.0000,3039.6000,3039.8000,3040.0000,3040.6000,3040.8000,1,4,4,1,2,1,9,1,5,1
SF,IH1912,2019-11-06 09:32:42.600,3039.0000,22931,0,206802000.000,0,-,-,-,-,3038.6000,3037.6000,3037.0000,3036.6000,3035.0000,3039.6000,3039.8000,3040.0000,3040.6000,3040.8000,1,4,4,1,2,2,8,1,5,1
SF,IH1912,2019-11-06 09:32:43.100,3039.0000,22931,0,206802000.000,0,-,-,-,-,3038.6000,3037.6000,3037.0000,3036.6000,3035.0000,3039.6000,3039.8000,3040.0000,3040.6000,3040.8000,1,4,4,1,2,2,2,1,5,1
SF,IH1912,2019-11-06 09:32:43.600,3039.0000,22931,0,206802000.000,0,-,-,-,-,3038.8000,3038.6000,3037.6000,3037.0000,3036.6000,3039.6000,3039.8000,3040.0000,3040.6000,3040.8000,1,1,4,4,1,1,2,1,5,1
SF,IH1912,2019-11-06 09:32:44.100,3039.0000,22931,0,206802000.000,0,-,-,-,-,3039.0000,3038.6000,3037.6000,3037.0000,3036.6000,3039.6000,3039.8000,3040.0000,3040.6000,3040.8000,1,1,4,4,1,1,1,1,5,1
SF,IH1912,2019-11-06 09:32:44.600,3039.0000,22931,0,206802000.000,0,-,-,-,-,3039.0000,3038.6000,3037.6000,3037.0000,3036.6000,3039.4000,3039.6000,3039.8000,3040.0000,3040.6000,1,1,4,4,1,1,1,1,1,5
SF,IH1912,2019-11-06 09:32:45.100,3039.0000,22931,0,206802000.000,0,-,-,-,-,3039.0000,3038.6000,3037.6000,3037.0000,3036.6000,3039.4000,3039.8000,3040.0000,3040.6000,3040.8000,1,1,4,4,1,1,1,1,5,1
SF,IH1912,2019-11-06 09:32:45.600,3039.0000,22931,0,206802000.000,0,-,-,-,-,3039.0000,3038.6000,3037.6000,3037.0000,3036.6000,3039.4000,3039.8000,3040.0000,3040.6000,3040.8000,1,1,4,4,1,1,1,1,5,1
SF,IH1912,2019-11-06 09:32:46.600,3039.0000,22930,-1,207713700.000,1,0,1,双平,S,3038.6000,3037.6000,3037.0000,3036.6000,3035.0000,3039.4000,3039.8000,3040.0000,3040.6000,3040.8000,1,4,4,1,2,1,1,1,5,1
SF,IH1912,2019-11-06 09:32:47.100,3039.0000,22930,0,207713700.000,0,-,-,-,-,3038.6000,3037.6000,3037.0000,3036.6000,3035.0000,3039.2000,3039.4000,3039.8000,3040.0000,3040.6000,1,4,4,1,2,1,2,1,1,5
SF,IH1912,2019-11-06 09:32:48.100,3039.0000,22930,0,207713700.000,0,-,-,-,-,3038.6000,3037.6000,3037.0000,3036.6000,3035.0000,3039.2000,3039.4000,3039.8000,3040.0000,3040.6000,1,4,4,1,2,1,2,1,1,5
SF,IH1912,2019-11-06 09:32:48.600,3039.0000,22930,0,208625400.000,1,0,1,多换,S,3038.6000,3037.6000,3037.0000,3036.6000,3035.0000,3039.2000,3039.4000,3039.8000,3040.0000,3040.6000,1,4,4,1,2,1,1,1,1,5
SF,IH1912,2019-11-06 09:32:49.100,3039.0000,22930,0,208625400.000,0,-,-,-,-,3038.6000,3037.6000,3037.0000,3036.6000,3035.0000,3039.0000,3039.2000,3039.4000,3039.8000,3040.0000,1,4,4,1,2,1,1,1,1,1
SF,IH1912,2019-11-06 09:32:49.600,3039.0000,22930,0,208625400.000,0,-,-,-,-,3038.6000,3037.6000,3037.0000,3036.6000,3035.0000,3039.0000,3039.2000,3039.4000,3039.8000,3040.0000,1,4,4,1,2,3,1,1,1,1
SF,IH1912,2019-11-06 09:32:50.100,3039.0000,22927,-3,211360500.000,3,0,3,双平,S,3038.6000,3037.6000,3037.0000,3036.6000,3035.0000,3038.8000,3039.2000,3039.4000,3039.8000,3040.0000,1,4,4,1,2,1,1,1,1,1
SF,IH1912,2019-11-06 09:32:50.600,3038.8000,22926,-1,212272140.000,1,0,1,双平,S,3038.8000,3038.6000,3037.6000,3037.0000,3036.6000,3039.2000,3039.4000,3039.8000,3040.0000,3040.6000,4,1,4,4,1,1,1,1,1,5
SF,IH1912,2019-11-06 09:32:51.100,3038.8000,22926,0,212272140.000,0,-,-,-,-,3038.8000,3038.6000,3037.6000,3037.0000,3036.6000,3039.2000,3039.4000,3039.8000,3040.0000,3040.6000,1,1,4,4,1,1,1,1,1,5
SF,IH1912,2019-11-06 09:32:51.600,3038.8000,22926,0,213183780.000,1,0,1,多换,S,3037.6000,3037.0000,3036.6000,3035.0000,3034.2000,3039.2000,3039.4000,3039.8000,3040.0000,3040.6000,4,4,1,2,2,1,1,1,1,5
SF,IH1912,2019-11-06 09:32:52.100,3038.8000,22926,0,213183780.000,0,-,-,-,-,3038.2000,3038.0000,3037.8000,3037.6000,3037.0000,3039.2000,3039.4000,3039.8000,3040.0000,3040.6000,1,1,8,10,4,1,1,1,1,6
SF,IH1912,2019-11-06 09:32:52.600,3038.8000,22926,0,213183780.000,0,-,-,-,-,3038.4000,3038.0000,3037.8000,3037.6000,3037.0000,3039.0000,3039.2000,3039.4000,3039.8000,3040.0000,1,1,3,7,4,1,1,1,1,1
SF,IH1912,2019-11-06 09:32:53.100,3038.4000,22925,-1,214095300.000,1,0,1,双平,S,3037.8000,3037.6000,3037.0000,3036.6000,3035.0000,3039.0000,3039.2000,3039.4000,3039.8000,3040.0000,2,7,4,1,2,1,1,1,1,1
SF,IH1912,2019-11-06 09:32:53.600,3038.4000,22925,0,214095300.000,0,-,-,-,-,3038.0000,3037.8000,3037.6000,3037.0000,3036.6000,3038.8000,3039.0000,3039.2000,3039.4000,3039.8000,1,2,7,4,1,1,1,1,1,1
SF,IH1912,2019-11-06 09:32:54.100,3038.4000,22925,0,214095300.000,0,-,-,-,-,3038.0000,3037.8000,3037.6000,3037.0000,3036.6000,3038.8000,3039.2000,3039.4000,3039.8000,3040.0000,1,2,3,4,1,2,1,1,1,1
SF,IH1912,2019-11-06 09:32:54.600,3038.4000,22925,0,214095300.000,0,-,-,-,-,3038.4000,3037.8000,3037.6000,3037.0000,3036.6000,3038.8000,3039.2000,3039.4000,3039.8000,3040.0000,4,2,3,4,1,2,1,1,1,1
SF,IH1912,2019-11-06 09:32:55.100,3038.4000,22921,-4,217741380.000,4,0,4,双平,S,3037.8000,3037.6000,3037.0000,3036.6000,3035.0000,3038.2000,3038.4000,3038.6000,3038.8000,3039.2000,1,2,4,1,2,2,1,1,2,1
SF,IH1912,2019-11-06 09:32:55.600,3038.4000,22921,0,217741380.000,0,-,-,-,-,3037.0000,3036.6000,3035.0000,3034.2000,3034.0000,3038.2000,3038.4000,3038.8000,3039.2000,3039.4000,4,1,2,2,2,2,1,1,1,1
SF,IH1912,2019-11-06 09:32:56.100,3038.4000,22921,0,217741380.000,0,-,-,-,-,3037.4000,3037.2000,3037.0000,3036.6000,3035.0000,3038.4000,3038.8000,3039.2000,3039.4000,3039.8000,1,13,7,1,2,1,1,1,1,1
SF,IH1912,2019-11-06 09:32:56.600,3038.4000,22921,0,217741380.000,0,-,-,-,-,3037.2000,3037.0000,3036.6000,3035.0000,3034.2000,3038.2000,3038.4000,3038.8000,3039.2000,3039.4000,3,7,1,2,2,1,1,1,1,1
SF,IH1912,2019-11-06 09:32:57.100,3038.4000,22921,0,217741380.000,0,-,-,-,-,3037.2000,3037.0000,3035.0000,3034.2000,3034.0000,3038.2000,3038.4000,3038.8000,3039.2000,3039.4000,1,5,2,2,2,1,1,1,1,1
SF,IH1912,2019-11-06 09:32:57.600,3038.4000,22921,0,217741380.000,0,-,-,-,-,3037.2000,3037.0000,3035.0000,3034.2000,3034.0000,3038.2000,3038.4000,3038.8000,3039.2000,3039.4000,1,4,2,2,2,1,1,1,1,1
SF,IH1912,2019-11-06 09:32:58.100,3038.4000,22921,0,217741380.000,0,-,-,-,-,3037.0000,3035.0000,3034.2000,3034.0000,3033.6000,3038.0000,3038.2000,3038.4000,3038.8000,3039.2000,4,2,2,2,1,2,1,1,1,1
SF,IH1912,2019-11-06 09:32:58.600,3038.4000,22921,0,217741380.000,0,-,-,-,-,3037.0000,3035.0000,3034.2000,3034.0000,3033.6000,3038.0000,3038.4000,3038.8000,3039.2000,3039.6000,4,2,2,2,1,1,1,1,1,1
SF,IH1912,2019-11-06 09:32:59.100,3038.4000,22921,0,217741380.000,0,-,-,-,-,3037.2000,3037.0000,3035.0000,3034.2000,3034.0000,3038.4000,3039.2000,3039.6000,3039.8000,3040.0000,1,4,2,2,2,1,1,1,1,1
SF,IH1912,2019-11-06 09:32:59.600,3038.4000,22921,0,217741380.000,0,-,-,-,-,3037.2000,3037.0000,3035.0000,3034.2000,3034.0000,3038.2000,3038.4000,3039.2000,3039.6000,3039.8000,1,4,2,2,2,2,1,1,1,1
SF,IH1912,2019-11-06 09:33:00.100,3038.4000,22921,0,217741380.000,0,-,-,-,-,3037.2000,3037.0000,3035.0000,3034.2000,3034.0000,3038.0000,3038.2000,3038.4000,3039.2000,3039.6000,1,4,2,2,2,1,3,1,1,1
SF,IH1912,2019-11-06 09:33:01.100,3037.2000,22920,-1,218652540.000,1,0,1,双平,S,3037.0000,3036.4000,3035.0000,3034.2000,3034.0000,3038.0000,3038.2000,3038.4000,3039.2000,3039.6000,4,1,2,2,2,1,2,1,1,1
SF,IH1912,2019-11-06 09:33:01.600,3037.2000,22920,0,218652540.000,0,-,-,-,-,3037.2000,3037.0000,3035.0000,3034.2000,3034.0000,3037.8000,3038.0000,3038.2000,3038.4000,3039.2000,1,4,2,2,2,6,1,1,1,1
SF,IH1912,2019-11-06 09:33:02.100,3037.2000,22920,0,219563700.000,1,0,1,多换,S,3037.0000,3035.0000,3034.2000,3034.0000,3033.6000,3037.2000,3037.6000,3037.8000,3038.2000,3039.2000,4,2,2,2,1,1,1,5,1,1
SF,IH1912,2019-11-06 09:33:02.600,3037.2000,22920,0,219563700.000,0,-,-,-,-,3037.0000,3035.0000,3034.2000,3034.0000,3033.6000,3037.2000,3037.8000,3038.2000,3039.2000,3039.6000,5,2,2,2,1,2,3,1,1,1
SF,IH1912,2019-11-06 09:33:03.100,3037.0000,22919,-1,224119200.000,5,2,3,多平,S,3036.0000,3035.0000,3034.2000,3034.0000,3033.6000,3037.0000,3037.2000,3037.8000,3038.2000,3039.2000,1,2,2,2,1,1,2,3,1,1
SF,IH1912,2019-11-06 09:33:03.600,3037.0000,22919,0,224119200.000,0,-,-,-,-,3036.2000,3036.0000,3035.0000,3034.2000,3034.0000,3036.8000,3037.2000,3037.8000,3038.2000,3039.2000,5,4,2,2,2,1,1,3,1,1
SF,IH1912,2019-11-06 09:33:04.100,3036.8000,22918,-1,225030240.000,1,0,1,双平,S,3036.4000,3036.2000,3036.0000,3035.0000,3034.2000,3037.2000,3037.8000,3038.2000,3039.2000,3039.6000,1,5,3,2,2,1,3,1,1,1
SF,IH1912,2019-11-06 09:33:04.600,3036.8000,22918,0,225030240.000,0,-,-,-,-,3036.2000,3036.0000,3035.0000,3034.2000,3034.0000,3037.0000,3037.2000,3037.8000,3038.2000,3039.2000,4,3,2,2,2,1,1,3,1,1
SF,IH1912,2019-11-06 09:33:05.100,3036.8000,22918,0,225030240.000,0,-,-,-,-,3036.2000,3036.0000,3035.0000,3034.2000,3034.0000,3037.0000,3037.2000,3037.8000,3039.2000,3039.6000,4,3,2,2,2,1,1,3,1,1
SF,IH1912,2019-11-06 09:33:06.100,3036.8000,22918,0,225030240.000,0,-,-,-,-,3036.0000,3035.0000,3034.2000,3034.0000,3033.6000,3037.0000,3037.2000,3037.8000,3039.2000,3039.6000,2,2,2,2,1,2,1,3,1,1
SF,IH1912,2019-11-06 09:33:06.600,3036.8000,22918,0,225030240.000,0,-,-,-,-,3035.0000,3034.2000,3034.0000,3033.6000,3033.2000,3036.8000,3037.0000,3037.2000,3037.8000,3039.2000,2,2,2,1,1,1,2,1,3,1
SF,IH1912,2019-11-06 09:33:07.100,3036.8000,22918,0,225030240.000,0,-,-,-,-,3035.6000,3035.4000,3035.2000,3035.0000,3034.2000,3036.8000,3037.0000,3037.2000,3037.8000,3039.2000,2,1,16,6,2,1,2,1,3,1
SF,IH1912,2019-11-06 09:33:07.600,3036.8000,22918,0,225030240.000,0,-,-,-,-,3035.8000,3035.6000,3035.4000,3035.2000,3035.0000,3036.6000,3036.8000,3037.0000,3037.2000,3037.8000,2,3,1,13,5,1,1,2,1,3
SF,IH1912,2019-11-06 09:33:08.100,3036.8000,22918,0,225030240.000,0,-,-,-,-,3035.8000,3035.6000,3035.4000,3035.2000,3035.0000,3036.6000,3037.0000,3037.2000,3037.8000,3039.2000,2,2,1,7,5,1,2,1,3,1
SF,IH1912,2019-11-06 09:33:08.600,3036.8000,22918,0,225030240.000,0,-,-,-,-,3035.8000,3035.6000,3035.4000,3035.2000,3035.0000,3036.0000,3036.6000,3037.0000,3037.2000,3037.8000,2,2,1,7,5,1,1,2,1,3
SF,IH1912,2019-11-06 09:33:09.100,3036.0000,22917,-1,225941040.000,1,0,1,双平,S,3036.0000,3035.8000,3035.6000,3035.2000,3035.0000,3037.0000,3037.2000,3037.8000,3039.2000,3039.6000,6,1,2,5,5,2,1,3,1,1
SF,IH1912,2019-11-06 09:33:09.600,3036.0000,22917,0,225941040.000,0,-,-,-,-,3036.0000,3035.6000,3035.2000,3035.0000,3034.2000,3036.8000,3037.0000,3037.2000,3037.8000,3039.2000,5,2,5,5,2,1,2,1,3,1
SF,IH1912,2019-11-06 09:33:10.100,3036.0000,22917,0,225941040.000,0,-,-,-,-,3036.0000,3035.6000,3035.2000,3035.0000,3034.0000,3036.8000,3037.0000,3037.2000,3037.8000,3039.2000,4,2,5,5,2,1,2,1,3,1
SF,IH1912,2019-11-06 09:33:11.100,3036.0000,22917,0,225941040.000,0,-,-,-,-,3036.0000,3035.6000,3035.2000,3035.0000,3034.0000,3036.8000,3037.0000,3037.2000,3037.8000,3039.2000,4,2,5,5,2,1,1,1,3,1
SF,IH1912,2019-11-06 09:33:11.600,3036.0000,22917,0,225941040.000,0,-,-,-,-,3036.0000,3035.6000,3035.2000,3035.0000,3034.0000,3037.0000,3037.2000,3037.8000,3039.2000,3039.6000,4,2,5,5,2,1,1,3,1,1
SF,IH1912,2019-11-06 09:33:12.100,3036.0000,22917,0,225941040.000,0,-,-,-,-,3036.2000,3036.0000,3035.6000,3035.2000,3035.0000,3037.0000,3037.2000,3037.8000,3039.2000,3039.6000,1,4,2,5,5,2,1,3,1,1
SF,IH1912,2019-11-06 09:33:12.600,3036.0000,22917,0,225941040.000,0,-,-,-,-,3036.2000,3036.0000,3035.6000,3035.2000,3035.0000,3037.0000,3037.2000,3037.8000,3039.2000,3039.6000,1,4,2,5,5,2,1,3,1,1
SF,IH1912,2019-11-06 09:33:14.100,3036.2000,22917,0,226851900.000,1,0,1,多换,S,3036.0000,3035.6000,3035.4000,3035.2000,3035.0000,3037.0000,3037.2000,3037.8000,3039.2000,3039.6000,3,2,1,5,5,2,2,3,1,1
SF,IH1912,2019-11-06 09:33:14.600,3036.2000,22917,0,226851900.000,0,-,-,-,-,3036.0000,3035.6000,3035.2000,3035.0000,3034.0000,3036.8000,3037.0000,3037.2000,3037.8000,3039.2000,3,2,5,5,2,2,2,1,3,1
SF,IH1912,2019-11-06 09:33:15.100,3036.2000,22917,0,226851900.000,0,-,-,-,-,3036.0000,3035.6000,3035.2000,3035.0000,3034.0000,3036.8000,3037.0000,3037.2000,3037.8000,3039.2000,2,2,4,5,2,2,2,1,3,1
SF,IH1912,2019-11-06 09:33:15.600,3036.2000,22917,0,226851900.000,0,-,-,-,-,3036.0000,3035.6000,3035.2000,3035.0000,3034.0000,3036.8000,3037.0000,3037.2000,3037.8000,3039.2000,2,1,4,5,2,2,2,1,3,1
SF,IH1912,2019-11-06 09:33:16.600,3036.8000,22915,-2,228673980.000,2,0,2,双平,S,3036.8000,3036.6000,3036.0000,3035.6000,3035.2000,3037.0000,3037.2000,3037.6000,3037.8000,3039.2000,2,1,2,1,4,2,1,1,3,1
SF,IH1912,2019-11-06 09:33:17.100,3037.2000,22912,-3,231407340.000,3,0,3,双平,S,3037.2000,3037.0000,3036.8000,3036.0000,3035.6000,3037.8000,3039.2000,3039.8000,3040.0000,3040.6000,1,4,1,2,1,3,1,1,1,3
SF,IH1912,2019-11-06 09:33:17.600,3037.8000,22910,-2,235052700.000,4,1,3,多平,S,3037.4000,3037.2000,3037.0000,3036.8000,3036.0000,3039.2000,3039.8000,3040.0000,3040.6000,3040.8000,1,1,4,1,2,1,1,1,3,2
SF,IH1912,2019-11-06 09:33:18.100,3037.8000,22910,0,235052700.000,0,-,-,-,-,3037.4000,3037.2000,3037.0000,3036.8000,3036.0000,3039.0000,3039.2000,3039.4000,3039.8000,3040.0000,1,1,4,1,2,5,1,1,1,1
SF,IH1912,2019-11-06 09:33:18.600,3037.8000,22910,0,235052700.000,0,-,-,-,-,3037.6000,3037.4000,3037.2000,3037.0000,3036.8000,3039.0000,3039.2000,3039.8000,3040.0000,3040.6000,2,1,1,4,1,5,1,1,2,3
SF,IH1912,2019-11-06 09:33:19.100,3037.8000,22910,0,235052700.000,0,-,-,-,-,3037.8000,3037.6000,3037.2000,3037.0000,3036.8000,3039.0000,3039.2000,3039.8000,3040.0000,3040.6000,2,2,1,4,1,5,1,1,1,3
SF,IH1912,2019-11-06 09:33:19.600,3037.8000,22909,-1,235964040.000,1,0,1,双平,S,3037.8000,3037.6000,3037.2000,3037.0000,3036.8000,3039.0000,3039.2000,3039.8000,3040.0000,3040.6000,1,2,1,4,1,5,1,1,1,3
SF,IH1912,2019-11-06 09:33:20.100,3037.8000,22909,0,235964040.000,0,-,-,-,-,3037.6000,3037.2000,3037.0000,3036.8000,3035.6000,3039.0000,3039.2000,3039.8000,3040.0000,3040.6000,2,1,4,1,1,5,1,1,1,3
SF,IH1912,2019-11-06 09:33:20.600,3037.8000,22909,0,235964040.000,0,-,-,-,-,3037.8000,3037.6000,3037.2000,3037.0000,3036.8000,3039.0000,3039.2000,3039.8000,3040.0000,3040.6000,1,2,1,4,1,5,1,1,1,3
SF,IH1912,2019-11-06 09:33:21.100,3037.8000,22909,0,235964040.000,0,-,-,-,-,3037.2000,3037.0000,3036.8000,3035.6000,3035.2000,3038.4000,3038.8000,3039.0000,3039.2000,3039.8000,1,4,1,1,3,2,1,5,1,1
SF,IH1912,2019-11-06 09:33:21.600,3037.8000,22909,0,235964040.000,0,-,-,-,-,3037.4000,3037.2000,3037.0000,3036.8000,3035.6000,3038.2000,3039.0000,3039.2000,3039.8000,3040.0000,3,1,4,1,1,2,2,1,1,1
SF,IH1912,2019-11-06 09:33:22.100,3037.8000,22909,0,235964040.000,0,-,-,-,-,3037.4000,3037.2000,3037.0000,3036.8000,3035.6000,3038.2000,3039.0000,3039.2000,3039.8000,3040.0000,2,1,4,1,1,2,2,1,1,1
SF,IH1912,2019-11-06 09:33:22.600,3037.8000,22909,0,235964040.000,0,-,-,-,-,3038.2000,3037.4000,3037.2000,3037.0000,3036.8000,3039.0000,3039.2000,3039.8000,3040.0000,3040.6000,1,2,1,4,1,2,1,1,1,3
SF,IH1912,2019-11-06 09:33:23.100,3037.8000,22909,0,235964040.000,0,-,-,-,-,3038.2000,3037.4000,3037.2000,3037.0000,3036.8000,3038.8000,3039.0000,3039.2000,3039.8000,3040.6000,1,1,1,3,1,3,2,1,1,3
SF,IH1912,2019-11-06 09:33:23.600,3037.8000,22909,0,235964040.000,0,-,-,-,-,3038.8000,3038.2000,3037.4000,3037.2000,3037.0000,3039.0000,3039.2000,3039.8000,3040.6000,3040.8000,1,1,1,1,3,1,1,1,3,2
SF,IH1912,2019-11-06 09:33:24.100,3039.0000,22909,0,236875740.000,1,0,1,多换,S,3039.0000,3038.2000,3037.4000,3037.0000,3036.8000,3039.2000,3040.6000,3040.8000,3041.0000,3042.0000,2,1,1,1,1,1,3,2,2,2
SF,IH1912,2019-11-06 09:33:24.600,3039.0000,22907,-2,238699140.000,2,0,2,双平,S,3037.4000,3037.0000,3036.8000,3035.6000,3035.0000,3038.6000,3038.8000,3039.0000,3039.2000,3040.6000,1,1,1,1,3,5,5,7,1,3
SF,IH1912,2019-11-06 09:33:25.100,3039.0000,22907,0,238699140.000,0,-,-,-,-,3037.6000,3037.4000,3037.0000,3036.8000,3035.0000,3038.4000,3038.6000,3038.8000,3039.0000,3039.2000,6,2,1,1,3,1,3,2,2,1
SF,IH1912,2019-11-06 09:33:25.600,3039.0000,22907,0,238699140.000,0,-,-,-,-,3037.6000,3037.4000,3037.0000,3036.8000,3035.0000,3038.4000,3038.6000,3038.8000,3039.0000,3039.2000,5,1,1,1,3,1,3,2,2,1
SF,IH1912,2019-11-06 09:33:26.100,3039.0000,22907,0,238699140.000,0,-,-,-,-,3037.8000,3037.6000,3037.4000,3037.0000,3036.8000,3038.4000,3038.6000,3038.8000,3039.0000,3039.2000,1,1,1,1,1,1,3,2,2,1
SF,IH1912,2019-11-06 09:33:27.100,3038.4000,22907,0,239610660.000,1,0,1,多换,S,3037.8000,3037.6000,3037.4000,3037.0000,3036.8000,3038.6000,3038.8000,3039.0000,3039.2000,3040.6000,1,2,1,1,1,4,2,2,1,3
SF,IH1912,2019-11-06 09:33:27.600,3038.4000,22907,0,239610660.000,0,-,-,-,-,3038.0000,3037.8000,3037.6000,3037.4000,3036.8000,3038.6000,3038.8000,3039.0000,3039.2000,3040.6000,1,1,1,1,1,4,2,2,1,3
SF,IH1912,2019-11-06 09:33:28.100,3038.4000,22907,0,239610660.000,0,-,-,-,-,3038.0000,3037.8000,3037.4000,3036.8000,3035.0000,3038.6000,3038.8000,3039.0000,3039.2000,3040.6000,1,1,1,1,3,3,2,2,1,3
SF,IH1912,2019-11-06 09:33:28.600,3038.4000,22907,0,239610660.000,0,-,-,-,-,3038.0000,3037.8000,3037.4000,3036.8000,3035.0000,3038.4000,3038.6000,3038.8000,3039.0000,3039.2000,1,1,1,1,3,1,3,2,2,1
SF,IH1912,2019-11-06 09:33:29.100,3038.4000,22906,-1,240522180.000,1,0,1,双平,S,3038.4000,3038.0000,3037.4000,3036.8000,3035.0000,3038.6000,3038.8000,3039.0000,3039.2000,3040.6000,1,1,1,1,3,1,2,2,1,3
SF,IH1912,2019-11-06 09:33:29.600,3038.4000,22906,0,240522180.000,0,-,-,-,-,3038.0000,3037.4000,3036.8000,3035.0000,3034.0000,3038.6000,3038.8000,3039.0000,3039.2000,3040.6000,1,1,1,3,2,2,2,1,1,3
SF,IH1912,2019-11-06 09:33:30.100,3038.4000,22906,0,240522180.000,0,-,-,-,-,3038.2000,3038.0000,3037.4000,3036.8000,3035.0000,3038.4000,3038.6000,3038.8000,3039.2000,3040.6000,1,1,1,1,3,1,1,2,1,3
SF,IH1912,2019-11-06 09:33:30.600,3038.4000,22903,-3,244168260.000,4,0,4,多平,S,3038.0000,3036.8000,3035.0000,3034.0000,3033.6000,3038.2000,3038.4000,3038.6000,3038.8000,3039.2000,1,1,3,2,1,1,1,1,2,1
SF,IH1912,2019-11-06 09:33:31.100,3038.2000,22902,-1,245991180.000,2,0,2,多平,S,3038.2000,3038.0000,3036.8000,3035.0000,3034.0000,3038.6000,3038.8000,3039.2000,3040.6000,3040.8000,1,1,1,3,2,1,2,1,3,2
SF,IH1912,2019-11-06 09:33:32.100,3038.6000,22901,-1,246902760.000,1,0,1,双平,S,3038.2000,3038.0000,3036.8000,3035.0000,3034.0000,3039.2000,3040.6000,3040.8000,3041.0000,3042.0000,1,1,1,3,2,1,3,2,2,2
SF,IH1912,2019-11-06 09:33:32.600,3038.6000,22901,0,246902760.000,0,-,-,-,-,3038.2000,3038.0000,3036.8000,3035.0000,3034.0000,3039.2000,3040.6000,3040.8000,3041.0000,3042.0000,1,1,1,3,2,1,3,2,2,2
SF,IH1912,2019-11-06 09:33:33.100,3038.6000,22901,0,246902760.000,0,-,-,-,-,3038.2000,3038.0000,3036.8000,3035.0000,3034.0000,3039.2000,3040.6000,3040.8000,3041.0000,3042.0000,1,1,1,3,2,1,3,2,2,2
SF,IH1912,2019-11-06 09:33:34.100,3038.6000,22901,0,246902760.000,0,-,-,-,-,3038.4000,3038.2000,3038.0000,3036.8000,3035.0000,3039.0000,3039.2000,3040.6000,3040.8000,3041.0000,1,2,1,1,3,1,1,3,2,2
SF,IH1912,2019-11-06 09:33:34.600,3039.2000,22899,-2,248726220.000,2,0,2,双平,S,3039.0000,3038.6000,3038.4000,3038.0000,3036.8000,3040.6000,3040.8000,3041.0000,3042.0000,3042.4000,3,2,1,1,1,3,2,2,2,1
SF,IH1912,2019-11-06 09:33:35.100,3039.0000,22898,-1,249637920.000,1,0,1,双平,S,3038.4000,3038.0000,3036.8000,3035.0000,3034.0000,3039.6000,3039.8000,3040.0000,3040.2000,3040.4000,1,1,1,3,2,1,5,2,3,10
SF,IH1912,2019-11-06 09:33:35.600,3039.0000,22898,0,249637920.000,0,-,-,-,-,3038.6000,3038.4000,3038.0000,3036.8000,3035.0000,3040.4000,3040.6000,3040.8000,3041.0000,3041.2000,6,2,1,1,3,6,4,3,2,1
SF,IH1912,2019-11-06 09:33:36.100,3039.0000,22898,0,249637920.000,0,-,-,-,-,3038.8000,3038.6000,3038.4000,3038.0000,3036.8000,3039.8000,3040.2000,3040.4000,3040.6000,3040.8000,1,2,2,1,1,3,12,6,4,3
SF,IH1912,2019-11-06 09:33:36.600,3039.0000,22898,0,249637920.000,0,-,-,-,-,3038.8000,3038.6000,3038.4000,3038.0000,3036.8000,3039.6000,3040.2000,3040.4000,3040.6000,3040.8000,1,2,2,1,1,1,12,6,4,3
SF,IH1912,2019-11-06 09:33:38.100,3039.0000,22898,0,249637920.000,0,-,-,-,-,3038.8000,3038.6000,3038.4000,3038.0000,3036.8000,3039.6000,3040.2000,3040.4000,3040.6000,3040.8000,1,1,2,1,1,1,9,6,4,3
SF,IH1912,2019-11-06 09:33:38.600,3039.0000,22898,0,249637920.000,0,-,-,-,-,3038.8000,3038.6000,3038.4000,3038.0000,3036.8000,3039.6000,3040.2000,3040.4000,3040.6000,3040.8000,1,1,2,1,1,1,1,6,4,3
SF,IH1912,2019-11-06 09:33:39.100,3039.0000,22898,0,249637920.000,0,-,-,-,-,3038.8000,3038.4000,3038.0000,3036.8000,3035.0000,3039.6000,3040.2000,3040.4000,3040.6000,3040.8000,1,2,1,1,3,1,1,6,4,3
SF,IH1912,2019-11-06 09:33:39.600,3039.0000,22898,0,249637920.000,0,-,-,-,-,3038.8000,3038.4000,3038.0000,3036.8000,3035.0000,3040.2000,3040.4000,3040.6000,3040.8000,3041.0000,1,2,1,1,3,1,6,4,3,2
SF,IH1912,2019-11-06 09:33:40.100,3039.0000,22898,0,249637920.000,0,-,-,-,-,3038.8000,3038.4000,3038.0000,3036.8000,3035.0000,3040.0000,3040.2000,3040.4000,3040.6000,3040.8000,1,2,1,1,3,2,1,6,3,3
SF,IH1912,2019-11-06 09:33:40.600,3039.0000,22898,0,249637920.000,0,-,-,-,-,3038.8000,3038.4000,3038.0000,3036.8000,3035.0000,3040.0000,3040.2000,3040.4000,3040.6000,3040.8000,1,2,1,1,3,2,1,6,3,3
SF,IH1912,2019-11-06 09:33:41.100,3039.0000,22898,0,249637920.000,0,-,-,-,-,3038.8000,3038.4000,3038.0000,3036.8000,3035.0000,3040.0000,3040.2000,3040.4000,3040.6000,3040.8000,1,2,1,1,3,3,1,6,3,3
SF,IH1912,2019-11-06 09:33:41.600,3039.0000,22898,0,249637920.000,0,-,-,-,-,3039.0000,3038.8000,3038.4000,3038.0000,3036.8000,3039.8000,3040.0000,3040.2000,3040.4000,3040.6000,1,1,2,1,1,15,3,1,1,2
SF,IH1912,2019-11-06 09:33:42.100,3039.0000,22898,0,249637920.000,0,-,-,-,-,3038.0000,3036.8000,3035.0000,3034.0000,3033.6000,3039.0000,3039.2000,3039.6000,3039.8000,3040.0000,1,1,3,2,1,2,2,4,16,2
SF,IH1912,2019-11-06 09:33:42.600,3039.0000,22897,-1,250549620.000,1,0,1,双平,S,3038.6000,3038.2000,3038.0000,3036.8000,3035.0000,3039.8000,3040.0000,3040.2000,3040.6000,3040.8000,3,4,2,1,3,7,1,1,2,3
SF,IH1912,2019-11-06 09:33:43.100,3039.0000,22897,0,250549620.000,0,-,-,-,-,3038.8000,3038.2000,3038.0000,3036.8000,3035.0000,3039.6000,3039.8000,3040.0000,3040.2000,3040.6000,1,4,2,1,3,3,7,1,1,2
SF,IH1912,2019-11-06 09:33:44.100,3038.8000,22896,-1,251461260.000,1,0,1,双平,S,3038.4000,3038.2000,3038.0000,3036.8000,3035.0000,3039.6000,3039.8000,3040.0000,3040.2000,3040.6000,1,4,2,1,3,3,7,1,1,2
SF,IH1912,2019-11-06 09:33:44.600,3038.8000,22896,0,251461260.000,0,-,-,-,-,3038.6000,3038.4000,3038.2000,3038.0000,3036.8000,3039.6000,3039.8000,3040.0000,3040.2000,3040.6000,1,1,4,2,1,2,7,1,1,2
SF,IH1912,2019-11-06 09:33:45.100,3038.8000,22896,0,251461260.000,0,-,-,-,-,3038.8000,3038.2000,3038.0000,3036.8000,3035.0000,3039.4000,3039.6000,3039.8000,3040.0000,3040.2000,1,4,2,1,3,1,2,2,2,1
SF,IH1912,2019-11-06 09:33:45.600,3038.8000,22896,0,251461260.000,0,-,-,-,-,3038.2000,3038.0000,3036.8000,3035.0000,3034.0000,3038.6000,3039.2000,3039.4000,3039.8000,3040.0000,4,2,1,3,2,1,1,1,2,2
SF,IH1912,2019-11-06 09:33:46.100,3038.6000,22895,-1,252372840.000,1,0,1,双平,S,3038.6000,3038.4000,3038.2000,3038.0000,3036.8000,3039.4000,3039.8000,3040.0000,3040.2000,3040.6000,3,2,4,2,1,1,2,1,1,2
SF,IH1912,2019-11-06 09:33:46.600,3038.6000,22895,0,253284420.000,1,0,1,多换,S,3038.2000,3038.0000,3036.8000,3035.0000,3034.0000,3038.6000,3039.2000,3039.4000,3039.8000,3040.0000,3,2,1,3,2,1,2,1,2,1
SF,IH1912,2019-11-06 09:33:47.100,3038.0000,22894,-1,255107280.000,2,0,2,多平,S,3036.8000,3035.0000,3034.0000,3033.6000,3033.2000,3038.2000,3038.6000,3039.4000,3039.8000,3040.0000,1,3,2,1,1,3,2,1,2,1
SF,IH1912,2019-11-06 09:33:47.600,3038.0000,22894,0,255107280.000,0,-,-,-,-,3037.6000,3037.4000,3037.2000,3037.0000,3036.8000,3038.0000,3038.2000,3038.6000,3039.4000,3039.8000,1,5,1,24,5,1,2,2,1,2
SF,IH1912,2019-11-06 09:33:48.100,3037.6000,22894,0,256018560.000,1,0,1,多换,S,3037.4000,3037.0000,3036.8000,3035.0000,3034.0000,3038.0000,3038.2000,3038.6000,3039.4000,3039.8000,1,11,5,3,2,1,2,2,1,2
SF,IH1912,2019-11-06 09:33:48.600,3037.4000,22893,-1,256929780.000,1,0,1,双平,S,3037.0000,3036.8000,3035.0000,3034.0000,3033.6000,3037.4000,3037.8000,3038.0000,3038.2000,3038.6000,5,4,3,2,1,1,1,1,2,2
SF,IH1912,2019-11-06 09:33:49.100,3037.0000,22890,-3,263307780.000,7,2,5,多平,S,3036.8000,3035.0000,3034.0000,3033.6000,3033.2000,3038.6000,3039.4000,3039.8000,3040.0000,3040.2000,1,3,2,1,1,2,1,2,1,1
SF,IH1912,2019-11-06 09:33:49.600,3036.8000,22889,-1,264218820.000,1,0,1,双平,S,3035.0000,3034.0000,3033.6000,3033.2000,3032.4000,3037.4000,3037.6000,3037.8000,3038.2000,3038.4000,3,2,1,1,4,3,1,2,3,19
SF,IH1912,2019-11-06 09:33:50.100,3036.8000,22889,0,264218820.000,0,-,-,-,-,3036.2000,3035.8000,3035.6000,3035.2000,3035.0000,3037.2000,3037.4000,3038.2000,3038.4000,3038.6000,1,4,2,25,5,1,3,3,18,2
SF,IH1912,2019-11-06 09:33:50.600,3036.8000,22889,0,264218820.000,0,-,-,-,-,3037.2000,3036.4000,3035.8000,3035.6000,3035.2000,3038.2000,3038.4000,3038.6000,3039.2000,3039.8000,1,6,1,2,24,3,17,3,1,1
SF,IH1912,2019-11-06 09:33:51.100,3036.8000,22889,0,264218820.000,0,-,-,-,-,3036.4000,3035.8000,3035.6000,3035.2000,3035.0000,3037.8000,3038.0000,3038.2000,3038.4000,3038.6000,2,1,2,24,5,4,8,1,10,2
SF,IH1912,2019-11-06 09:33:51.600,3037.8000,22888,-1,265130160.000,1,0,1,双平,S,3036.6000,3036.4000,3035.8000,3035.6000,3035.2000,3037.8000,3038.0000,3038.2000,3038.4000,3038.6000,2,2,1,2,24,3,2,1,3,2
SF,IH1912,2019-11-06 09:33:52.100,3037.8000,22888,0,265130160.000,0,-,-,-,-,3036.6000,3036.4000,3035.8000,3035.6000,3035.2000,3037.8000,3038.0000,3038.2000,3038.4000,3038.6000,2,2,1,2,24,3,2,1,3,1
SF,IH1912,2019-11-06 09:33:52.600,3037.8000,22888,0,265130160.000,0,-,-,-,-,3036.8000,3036.6000,3036.4000,3035.8000,3035.6000,3037.6000,3037.8000,3038.2000,3038.4000,3038.6000,2,2,2,1,2,1,1,1,2,1
SF,IH1912,2019-11-06 09:33:53.100,3037.8000,22888,0,265130160.000,0,-,-,-,-,3036.8000,3036.6000,3036.4000,3035.8000,3035.6000,3037.6000,3037.8000,3038.2000,3038.4000,3038.6000,3,1,2,1,2,2,1,1,2,1
SF,IH1912,2019-11-06 09:33:53.600,3037.8000,22888,0,265130160.000,0,-,-,-,-,3036.8000,3036.6000,3036.4000,3035.8000,3035.6000,3037.6000,3037.8000,3038.2000,3038.4000,3038.6000,3,1,2,1,2,2,1,1,2,1
SF,IH1912,2019-11-06 09:33:54.100,3036.8000,22888,0,266041200.000,1,0,1,多换,S,3036.8000,3036.6000,3036.4000,3035.8000,3035.6000,3037.6000,3037.8000,3038.2000,3038.4000,3038.6000,1,1,1,1,2,2,1,1,2,1
SF,IH1912,2019-11-06 09:33:55.100,3036.8000,22888,0,266041200.000,0,-,-,-,-,3036.8000,3036.6000,3036.4000,3035.8000,3035.6000,3037.6000,3037.8000,3038.2000,3038.4000,3038.6000,1,1,2,1,2,2,1,1,2,1
SF,IH1912,2019-11-06 09:33:58.100,3036.8000,22888,0,266041200.000,0,-,-,-,-,3036.8000,3036.6000,3036.4000,3035.8000,3035.6000,3037.6000,3037.8000,3038.2000,3038.4000,3038.6000,1,1,2,1,2,1,1,1,2,1
SF,IH1912,2019-11-06 09:33:58.600,3036.8000,22888,0,266041200.000,0,-,-,-,-,3037.6000,3037.4000,3037.0000,3036.8000,3036.6000,3037.8000,3038.2000,3038.6000,3040.0000,3040.6000,1,1,5,3,1,1,1,1,1,2
SF,IH1912,2019-11-06 09:33:59.100,3037.8000,22887,-1,266952540.000,1,0,1,双平,S,3037.6000,3037.0000,3036.8000,3036.4000,3035.8000,3037.8000,3038.2000,3038.6000,3040.0000,3040.6000,1,3,3,2,1,1,1,1,1,2
SF,IH1912,2019-11-06 09:33:59.600,3037.8000,22887,0,266952540.000,0,-,-,-,-,3037.0000,3036.8000,3036.4000,3035.8000,3035.6000,3037.6000,3037.8000,3038.2000,3038.6000,3040.0000,3,3,2,1,2,1,1,1,1,1
SF,IH1912,2019-11-06 09:34:00.100,3037.8000,22887,0,266952540.000,0,-,-,-,-,3037.0000,3036.8000,3036.4000,3035.8000,3035.6000,3037.8000,3038.2000,3038.6000,3040.0000,3040.6000,3,3,2,1,2,1,1,1,1,2
SF,IH1912,2019-11-06 09:34:00.600,3037.8000,22887,0,266952540.000,0,-,-,-,-,3037.0000,3036.8000,3036.4000,3035.8000,3035.6000,3037.6000,3037.8000,3038.2000,3038.6000,3040.0000,1,1,2,1,2,1,1,1,1,1
SF,IH1912,2019-11-06 09:34:01.600,3037.8000,22887,0,266952540.000,0,-,-,-,-,3036.8000,3036.4000,3035.8000,3035.6000,3035.2000,3037.6000,3037.8000,3038.2000,3038.6000,3040.0000,1,2,1,2,21,1,1,1,1,1
SF,IH1912,2019-11-06 09:34:02.100,3037.6000,22886,-1,267863820.000,1,0,1,双平,S,3036.8000,3036.4000,3035.8000,3035.6000,3035.2000,3037.8000,3038.2000,3038.6000,3040.0000,3040.6000,2,2,1,2,21,2,1,1,1,2
SF,IH1912,2019-11-06 09:34:02.600,3037.6000,22886,0,267863820.000,0,-,-,-,-,3037.0000,3036.8000,3036.4000,3035.8000,3035.6000,3037.8000,3038.2000,3038.6000,3040.0000,3040.6000,1,1,2,1,2,2,1,1,1,2
SF,IH1912,2019-11-06 09:34:03.100,3037.6000,22886,0,267863820.000,0,-,-,-,-,3036.8000,3036.4000,3035.8000,3035.6000,3035.2000,3037.8000,3038.2000,3038.6000,3040.0000,3040.6000,1,2,1,2,21,2,1,1,1,2
SF,IH1912,2019-11-06 09:34:03.600,3037.6000,22886,0,267863820.000,0,-,-,-,-,3037.0000,3036.8000,3036.4000,3035.8000,3035.6000,3037.8000,3038.2000,3038.6000,3040.0000,3040.6000,2,1,2,1,2,2,1,1,1,2
SF,IH1912,2019-11-06 09:34:04.100,3037.6000,22886,0,267863820.000,0,-,-,-,-,3037.0000,3036.8000,3036.4000,3035.8000,3035.6000,3037.8000,3038.2000,3038.6000,3040.0000,3040.6000,1,1,2,1,2,1,1,1,1,2
SF,IH1912,2019-11-06 09:34:05.100,3037.6000,22886,0,267863820.000,0,-,-,-,-,3037.0000,3036.8000,3036.4000,3035.8000,3035.6000,3037.8000,3038.2000,3038.6000,3040.0000,3040.6000,1,1,2,1,2,2,1,1,1,2
SF,IH1912,2019-11-06 09:34:07.600,3037.6000,22886,0,267863820.000,0,-,-,-,-,3037.0000,3036.8000,3036.4000,3035.8000,3035.6000,3037.6000,3037.8000,3038.2000,3038.6000,3040.0000,1,1,2,1,2,2,2,1,1,1
SF,IH1912,2019-11-06 09:34:09.100,3037.6000,22886,0,267863820.000,0,-,-,-,-,3037.0000,3036.8000,3036.4000,3035.8000,3035.6000,3037.6000,3037.8000,3038.2000,3038.6000,3040.0000,2,1,2,1,2,2,2,1,1,1
SF,IH1912,2019-11-06 09:34:09.600,3037.6000,22886,0,267863820.000,0,-,-,-,-,3037.0000,3036.8000,3036.4000,3035.8000,3035.6000,3037.6000,3037.8000,3038.2000,3038.6000,3040.0000,2,1,2,1,2,2,1,1,1,1
SF,IH1912,2019-11-06 09:34:10.100,3037.6000,22886,0,267863820.000,0,-,-,-,-,3037.0000,3036.8000,3036.4000,3035.8000,3035.6000,3037.6000,3038.2000,3038.6000,3040.0000,3040.6000,2,1,2,1,2,2,1,1,1,2
SF,IH1912,2019-11-06 09:34:10.600,3037.6000,22886,0,267863820.000,0,-,-,-,-,3037.0000,3036.8000,3036.4000,3036.0000,3035.8000,3037.6000,3038.2000,3038.6000,3040.0000,3040.6000,2,1,2,1,1,2,1,1,1,2
SF,IH1912,2019-11-06 09:34:11.100,3037.6000,22886,0,267863820.000,0,-,-,-,-,3037.0000,3036.8000,3036.4000,3036.0000,3035.8000,3037.6000,3038.2000,3038.6000,3040.0000,3040.6000,2,1,2,1,1,3,1,1,1,2
SF,IH1912,2019-11-06 09:34:11.600,3037.6000,22886,0,267863820.000,0,-,-,-,-,3037.0000,3036.8000,3036.4000,3036.0000,3035.8000,3037.4000,3037.6000,3038.2000,3038.6000,3040.0000,2,1,2,1,1,1,3,1,1,1
SF,IH1912,2019-11-06 09:34:12.100,3037.0000,22886,0,268774920.000,1,0,1,多换,S,3037.0000,3036.8000,3036.4000,3036.0000,3035.8000,3037.4000,3037.6000,3038.2000,3038.6000,3040.0000,1,1,1,1,1,1,3,1,1,1
SF,IH1912,2019-11-06 09:34:12.600,3037.0000,22886,0,269686020.000,1,0,1,多换,S,3036.8000,3036.4000,3036.0000,3035.8000,3035.6000,3037.4000,3037.6000,3038.2000,3038.6000,3040.0000,1,1,1,1,2,1,3,1,1,1
SF,IH1912,2019-11-06 09:34:13.100,3037.0000,22886,0,269686020.000,0,-,-,-,-,3037.0000,3036.4000,3036.0000,3035.8000,3035.6000,3037.4000,3037.6000,3038.2000,3038.6000,3040.0000,1,1,1,1,2,1,3,1,1,1
SF,IH1912,2019-11-06 09:34:14.600,3037.0000,22885,-1,270597120.000,1,0,1,双平,S,3036.4000,3036.0000,3035.8000,3035.6000,3035.2000,3037.4000,3037.6000,3038.2000,3038.6000,3040.0000,1,1,1,2,21,1,3,1,1,1
SF,IH1912,2019-11-06 09:34:15.100,3037.0000,22885,0,270597120.000,0,-,-,-,-,3037.0000,3036.6000,3036.4000,3036.0000,3035.8000,3037.4000,3037.6000,3038.2000,3038.6000,3040.0000,1,2,2,1,1,1,3,1,1,1
SF,IH1912,2019-11-06 09:34:15.600,3037.0000,22884,-1,271508220.000,1,0,1,双平,S,3036.4000,3036.0000,3035.8000,3035.6000,3035.2000,3037.4000,3037.6000,3038.2000,3038.6000,3040.0000,2,1,1,2,21,1,3,1,1,1
SF,IH1912,2019-11-06 09:34:16.100,3037.0000,22884,0,271508220.000,0,-,-,-,-,3036.6000,3036.4000,3036.0000,3035.8000,3035.6000,3037.0000,3037.4000,3037.6000,3038.2000,3038.6000,1,2,1,1,2,1,2,2,1,1
SF,IH1912,2019-11-06 09:34:16.600,3037.0000,22884,0,271508220.000,0,-,-,-,-,3036.6000,3036.4000,3036.0000,3035.8000,3035.6000,3037.4000,3037.6000,3038.2000,3038.6000,3040.0000,1,2,1,1,2,1,2,1,1,1
SF,IH1912,2019-11-06 09:34:17.100,3037.0000,22884,0,271508220.000,0,-,-,-,-,3036.6000,3036.4000,3036.0000,3035.8000,3035.6000,3037.2000,3037.4000,3037.6000,3038.2000,3038.6000,1,1,1,1,2,1,2,2,1,1
SF,IH1912,2019-11-06 09:34:17.600,3037.0000,22884,0,271508220.000,0,-,-,-,-,3036.6000,3036.4000,3036.0000,3035.8000,3035.6000,3037.2000,3037.4000,3037.6000,3038.2000,3038.6000,1,1,1,1,2,1,1,2,1,1
SF,IH1912,2019-11-06 09:34:19.600,3036.6000,22883,-1,272419200.000,1,0,1,双平,S,3036.4000,3036.0000,3035.8000,3035.6000,3035.2000,3037.0000,3037.2000,3037.4000,3037.6000,3038.2000,1,2,1,2,21,1,1,1,2,1
SF,IH1912,2019-11-06 09:34:20.100,3036.6000,22883,0,272419200.000,0,-,-,-,-,3036.0000,3035.8000,3035.6000,3035.2000,3035.0000,3036.4000,3036.8000,3037.0000,3037.4000,3037.6000,1,1,2,18,4,1,2,1,1,2
SF,IH1912,2019-11-06 09:34:20.600,3036.6000,22883,0,272419200.000,0,-,-,-,-,3036.0000,3035.2000,3035.0000,3034.0000,3033.6000,3037.0000,3037.4000,3037.6000,3038.2000,3038.6000,1,8,4,2,1,1,1,2,1,1
SF,IH1912,2019-11-06 09:34:21.100,3036.6000,22883,0,272419200.000,0,-,-,-,-,3036.0000,3035.2000,3035.0000,3034.0000,3033.6000,3036.8000,3037.0000,3037.4000,3037.6000,3038.2000,1,8,4,2,1,3,2,1,2,1
SF,IH1912,2019-11-06 09:34:21.600,3036.8000,22882,-1,273330240.000,1,0,1,双平,S,3036.0000,3035.2000,3035.0000,3034.0000,3033.6000,3036.8000,3037.0000,3037.4000,3037.6000,3038.2000,1,8,4,2,1,2,2,1,2,1
SF,IH1912,2019-11-06 09:34:22.100,3036.8000,22882,0,273330240.000,0,-,-,-,-,3036.0000,3035.2000,3035.0000,3034.0000,3033.6000,3036.8000,3037.0000,3037.6000,3038.2000,3038.6000,1,8,3,2,1,4,1,2,1,1
SF,IH1912,2019-11-06 09:34:22.600,3036.0000,22882,0,274241040.000,1,0,1,多换,S,3035.0000,3034.0000,3033.6000,3033.2000,3032.4000,3036.6000,3036.8000,3037.0000,3037.6000,3038.2000,3,2,1,1,4,1,4,1,2,1
SF,IH1912,2019-11-06 09:34:23.100,3036.0000,22882,0,274241040.000,0,-,-,-,-,3035.4000,3035.2000,3035.0000,3034.0000,3033.6000,3036.4000,3036.6000,3036.8000,3037.0000,3037.6000,3,12,5,2,1,1,2,2,1,2
SF,IH1912,2019-11-06 09:34:23.600,3036.0000,22882,0,274241040.000,0,-,-,-,-,3035.6000,3035.4000,3035.2000,3035.0000,3034.0000,3036.4000,3036.6000,3036.8000,3037.0000,3037.6000,7,3,6,5,2,1,1,2,1,2
SF,IH1912,2019-11-06 09:34:24.100,3036.0000,22882,0,274241040.000,0,-,-,-,-,3035.6000,3035.4000,3035.2000,3035.0000,3034.0000,3036.4000,3036.6000,3036.8000,3037.0000,3037.6000,7,3,6,5,2,1,1,1,1,2
SF,IH1912,2019-11-06 09:34:24.600,3036.0000,22882,0,274241040.000,0,-,-,-,-,3035.6000,3035.2000,3035.0000,3034.0000,3033.6000,3036.4000,3036.6000,3036.8000,3037.0000,3037.6000,6,5,4,2,1,1,1,1,1,2
SF,IH1912,2019-11-06 09:34:25.100,3036.0000,22882,0,274241040.000,0,-,-,-,-,3035.8000,3035.2000,3035.0000,3034.0000,3033.6000,3036.4000,3036.6000,3036.8000,3037.0000,3037.6000,1,5,4,2,1,1,1,1,1,2
SF,IH1912,2019-11-06 09:34:25.600,3036.4000,22882,0,275151960.000,1,0,1,多换,S,3035.8000,3035.2000,3035.0000,3034.0000,3033.6000,3036.6000,3036.8000,3037.0000,3037.6000,3038.2000,1,5,4,2,1,1,2,1,2,1
SF,IH1912,2019-11-06 09:34:26.100,3036.4000,22882,0,275151960.000,0,-,-,-,-,3035.8000,3035.2000,3035.0000,3034.0000,3033.6000,3036.6000,3036.8000,3037.0000,3037.6000,3038.2000,2,5,4,2,1,1,1,1,2,1
SF,IH1912,2019-11-06 09:34:26.600,3036.4000,22882,0,275151960.000,0,-,-,-,-,3035.8000,3035.2000,3035.0000,3034.0000,3033.6000,3036.6000,3036.8000,3037.0000,3037.6000,3038.2000,2,5,4,2,1,1,1,1,2,1
SF,IH1912,2019-11-06 09:34:27.600,3036.4000,22882,0,275151960.000,0,-,-,-,-,3035.8000,3035.2000,3035.0000,3034.0000,3033.6000,3036.6000,3036.8000,3037.0000,3037.6000,3038.2000,3,5,4,2,1,1,1,1,2,1
SF,IH1912,2019-11-06 09:34:28.100,3036.4000,22882,0,275151960.000,0,-,-,-,-,3036.0000,3035.8000,3035.2000,3035.0000,3034.0000,3036.8000,3037.6000,3038.2000,3038.6000,3040.6000,1,3,4,4,2,1,2,1,1,2
SF,IH1912,2019-11-06 09:34:28.600,3036.4000,22882,0,275151960.000,0,-,-,-,-,3036.0000,3035.8000,3035.2000,3035.0000,3034.0000,3036.8000,3037.6000,3038.2000,3038.6000,3040.6000,1,2,4,4,2,1,2,1,1,2
SF,IH1912,2019-11-06 09:34:29.100,3036.4000,22882,0,275151960.000,0,-,-,-,-,3036.0000,3035.8000,3035.2000,3035.0000,3034.0000,3036.8000,3037.6000,3038.2000,3038.6000,3040.6000,2,2,4,4,2,2,2,1,1,2
SF,IH1912,2019-11-06 09:34:29.600,3036.4000,22882,0,275151960.000,0,-,-,-,-,3036.0000,3035.8000,3035.6000,3035.2000,3035.0000,3036.8000,3037.6000,3038.2000,3038.6000,3040.6000,2,1,1,4,4,2,2,1,1,2
SF,IH1912,2019-11-06 09:34:30.100,3036.4000,22882,0,275151960.000,0,-,-,-,-,3036.0000,3035.8000,3035.6000,3035.2000,3035.0000,3036.8000,3037.6000,3038.2000,3038.6000,3040.6000,1,1,1,4,4,3,2,1,1,2
SF,IH1912,2019-11-06 09:34:31.100,3036.4000,22882,0,275151960.000,0,-,-,-,-,3036.0000,3035.8000,3035.6000,3035.2000,3035.0000,3036.8000,3037.6000,3038.2000,3038.6000,3040.6000,1,1,1,4,4,3,2,1,1,2
SF,IH1912,2019-11-06 09:34:32.100,3036.4000,22882,0,275151960.000,0,-,-,-,-,3036.0000,3035.8000,3035.6000,3035.2000,3035.0000,3036.8000,3037.6000,3038.2000,3038.6000,3040.6000,1,1,1,4,4,3,2,1,1,2
SF,IH1912,2019-11-06 09:34:32.600,3036.4000,22882,0,275151960.000,0,-,-,-,-,3036.0000,3035.8000,3035.6000,3035.2000,3035.0000,3036.8000,3037.6000,3038.2000,3038.6000,3040.6000,2,1,1,4,4,3,2,1,1,2
SF,IH1912,2019-11-06 09:34:33.600,3036.4000,22882,0,275151960.000,0,-,-,-,-,3036.0000,3035.8000,3035.6000,3035.2000,3035.0000,3036.8000,3037.6000,3038.2000,3038.6000,3040.6000,2,1,1,4,4,3,2,1,1,2
SF,IH1912,2019-11-06 09:34:34.100,3036.4000,22882,0,275151960.000,0,-,-,-,-,3036.0000,3035.8000,3035.6000,3035.2000,3035.0000,3036.8000,3037.6000,3038.2000,3038.6000,3040.6000,2,1,1,4,4,2,2,1,1,2
SF,IH1912,2019-11-06 09:34:34.600,3036.4000,22882,0,275151960.000,0,-,-,-,-,3036.2000,3036.0000,3035.8000,3035.6000,3035.2000,3036.6000,3036.8000,3037.6000,3038.2000,3038.6000,1,2,1,1,4,1,2,2,1,1
SF,IH1912,2019-11-06 09:34:35.100,3036.4000,22882,0,275151960.000,0,-,-,-,-,3036.2000,3036.0000,3035.8000,3035.6000,3035.2000,3036.6000,3036.8000,3037.6000,3038.2000,3038.6000,1,2,1,1,4,2,2,2,1,1
SF,IH1912,2019-11-06 09:34:35.600,3036.0000,22881,-1,276973620.000,2,0,2,多平,S,3036.0000,3035.8000,3035.6000,3035.2000,3035.0000,3036.2000,3036.6000,3036.8000,3037.6000,3038.2000,1,1,1,4,4,1,2,2,2,1
SF,IH1912,2019-11-06 09:34:36.100,3036.0000,22882,1,277884420.000,1,1,0,双开,S,3035.8000,3035.6000,3035.2000,3035.0000,3034.0000,3036.6000,3036.8000,3037.6000,3038.2000,3040.6000,1,1,4,4,2,1,2,2,1,2
SF,IH1912,2019-11-06 09:34:36.600,3036.0000,22882,0,277884420.000,0,-,-,-,-,3035.8000,3035.6000,3035.2000,3035.0000,3034.0000,3036.4000,3036.6000,3036.8000,3037.6000,3038.2000,1,1,2,4,2,1,1,2,2,1
SF,IH1912,2019-11-06 09:34:37.100,3036.0000,22882,0,277884420.000,0,-,-,-,-,3035.8000,3035.6000,3035.2000,3035.0000,3034.0000,3036.4000,3036.6000,3036.8000,3037.6000,3038.0000,1,1,1,3,2,1,1,2,2,1
SF,IH1912,2019-11-06 09:34:38.100,3036.0000,22882,0,277884420.000,0,-,-,-,-,3035.8000,3035.6000,3035.2000,3035.0000,3034.0000,3036.4000,3036.6000,3036.8000,3037.6000,3038.0000,1,1,1,2,2,1,1,2,2,1
SF,IH1912,2019-11-06 09:34:38.600,3036.0000,22882,0,277884420.000,0,-,-,-,-,3035.8000,3035.6000,3035.2000,3035.0000,3034.0000,3036.2000,3036.4000,3036.6000,3036.8000,3037.6000,1,1,1,2,2,1,1,1,2,2
SF,IH1912,2019-11-06 09:34:39.100,3036.0000,22882,0,277884420.000,0,-,-,-,-,3035.8000,3035.6000,3035.2000,3035.0000,3034.0000,3036.2000,3036.6000,3036.8000,3037.6000,3038.0000,1,1,1,2,2,1,1,2,2,1
SF,IH1912,2019-11-06 09:34:40.100,3035.8000,22881,-1,278795160.000,1,0,1,双平,S,3035.6000,3035.2000,3035.0000,3034.0000,3033.6000,3036.0000,3036.2000,3036.8000,3037.6000,3038.0000,1,1,2,2,1,1,1,2,2,1
SF,IH1912,2019-11-06 09:34:40.600,3035.8000,22881,0,278795160.000,0,-,-,-,-,3035.6000,3035.0000,3034.0000,3033.6000,3033.2000,3036.0000,3036.2000,3036.8000,3037.6000,3038.0000,1,2,2,1,1,1,1,2,2,1
SF,IH1912,2019-11-06 09:34:41.100,3035.8000,22881,0,278795160.000,0,-,-,-,-,3035.6000,3035.0000,3034.0000,3033.6000,3033.2000,3036.0000,3036.2000,3036.8000,3037.6000,3038.0000,1,1,2,1,1,3,1,2,2,1
SF,IH1912,2019-11-06 09:34:41.600,3035.8000,22881,0,278795160.000,0,-,-,-,-,3035.6000,3035.0000,3034.0000,3033.6000,3033.2000,3036.0000,3036.2000,3036.8000,3037.6000,3038.0000,1,1,2,1,1,3,1,2,2,1
SF,IH1912,2019-11-06 09:34:42.100,3035.8000,22881,0,278795160.000,0,-,-,-,-,3035.6000,3035.0000,3034.0000,3033.6000,3033.2000,3035.8000,3036.0000,3036.2000,3036.8000,3037.6000,1,1,2,1,1,2,3,1,2,2
SF,IH1912,2019-11-06 09:34:42.600,3035.8000,22881,0,280616640.000,2,1,1,多换,S,3035.6000,3035.0000,3034.0000,3033.6000,3033.2000,3036.0000,3036.2000,3036.8000,3037.6000,3038.0000,1,1,2,1,1,3,1,1,2,1
SF,IH1912,2019-11-06 09:34:43.100,3035.8000,22881,0,280616640.000,0,-,-,-,-,3035.8000,3035.6000,3035.0000,3034.0000,3033.6000,3036.0000,3036.2000,3036.8000,3037.6000,3038.0000,2,1,1,2,1,3,1,1,2,1
SF,IH1912,2019-11-06 09:34:44.600,3035.8000,22879,-2,282438120.000,2,0,2,双平,S,3035.6000,3035.2000,3035.0000,3034.0000,3033.6000,3035.8000,3036.0000,3036.2000,3036.8000,3037.6000,1,1,1,2,1,1,3,2,1,2
SF,IH1912,2019-11-06 09:34:45.100,3035.8000,22879,0,282438120.000,0,-,-,-,-,3035.6000,3035.0000,3034.0000,3033.6000,3033.2000,3035.8000,3036.0000,3036.2000,3036.8000,3037.6000,1,1,2,1,1,1,3,1,1,2
