市场代码,合约代码,时间,最新,持仓,增仓,成交额,成交量,开仓,平仓,成交类型,方向,买一价,买二价,买三价,买四价,买五价,卖一价,卖二价,卖三价,卖四价,卖五价,买一量,买二量,买三量,买四量,买五量,卖一量,卖二量,卖三量,卖四量,卖五量
SF,IH1912,2019-12-10 09:29:00.400,2929.0000,35058,0,14937900.000,17.000,-,-,-,-,2929.0000,2928.4000,2928.2000,2927.6000,2927.4000,2929.2000,2929.6000,2929.8000,2930.0000,2930.4000,1,2,1,4,2,8,7,3,1,8
SF,IH1912,2019-12-10 09:30:00.400,2928.8000,35047,-11,25481340.000,12,0,12,多平,S,2928.0000,2927.6000,2927.4000,2927.2000,2927.0000,2929.0000,2929.2000,2929.6000,2929.8000,2930.0000,5,4,2,1,6,13,9,7,4,2
SF,IH1912,2019-12-10 09:30:00.900,2926.2000,35027,-20,54464040.000,33,6,27,多平,S,2926.0000,2925.8000,2925.6000,2925.2000,2925.0000,2927.8000,2928.0000,2928.8000,2929.0000,2929.2000,4,2,1,3,2,6,3,10,17,18
SF,IH1912,2019-12-10 09:30:01.400,2926.2000,35011,-16,70268280.000,18,1,17,多平,S,2926.2000,2926.0000,2925.8000,2925.6000,2925.4000,2927.6000,2927.8000,2928.0000,2928.6000,2929.0000,1,7,3,1,1,16,1,4,2,8
SF,IH1912,2019-12-10 09:30:01.900,2926.2000,34998,-13,83438280.000,15,1,14,多平,S,2926.4000,2926.2000,2926.0000,2925.8000,2925.6000,2927.4000,2927.6000,2928.0000,2929.0000,2929.4000,3,11,4,2,1,4,5,7,8,1
SF,IH1912,2019-12-10 09:30:02.400,2927.0000,34994,-4,87828840.000,5,0,5,多平,S,2927.2000,2926.6000,2926.4000,2926.2000,2926.0000,2927.4000,2927.6000,2928.0000,2929.0000,2929.4000,1,5,8,11,5,1,5,7,8,1
SF,IH1912,2019-12-10 09:30:02.900,2928.0000,34989,-5,100125060.000,14,4,10,多平,S,2927.4000,2927.2000,2926.6000,2926.4000,2926.2000,2928.0000,2929.0000,2929.4000,2929.8000,2930.0000,2,4,3,4,5,3,8,1,1,2
SF,IH1912,2019-12-10 09:30:03.400,2927.8000,34987,-2,104516700.000,5,1,4,多平,S,2927.4000,2927.2000,2926.6000,2926.4000,2926.2000,2927.8000,2928.0000,2928.8000,2929.0000,2929.4000,4,3,1,4,5,1,1,2,8,1
SF,IH1912,2019-12-10 09:30:03.900,2927.6000,34985,-2,107151600.000,3,0,3,多平,S,2927.6000,2927.4000,2927.2000,2927.0000,2926.6000,2928.0000,2928.2000,2929.0000,2929.4000,2929.8000,1,5,5,3,1,1,1,10,1,1
SF,IH1912,2019-12-10 09:30:04.400,2927.6000,34983,-2,110665200.000,4,1,3,多平,S,2927.6000,2927.4000,2927.2000,2927.0000,2926.6000,2929.0000,2929.4000,2929.8000,2930.0000,2930.8000,11,3,5,3,1,10,1,1,2,1
SF,IH1912,2019-12-10 09:30:04.900,2927.8000,34972,-11,123839940.000,15,2,13,多平,S,2927.8000,2927.6000,2927.4000,2927.2000,2927.0000,2928.6000,2928.8000,2929.0000,2929.4000,2929.6000,1,7,3,5,3,3,7,10,1,1
SF,IH1912,2019-12-10 09:30:05.400,2928.0000,34970,-2,127353540.000,4,1,3,多平,S,2927.8000,2927.6000,2927.4000,2927.2000,2927.0000,2928.4000,2928.6000,2928.8000,2929.0000,2929.4000,6,2,3,5,3,1,1,6,10,1
SF,IH1912,2019-12-10 09:30:05.900,2927.8000,34966,-4,130867200.000,4,0,4,双平,S,2927.8000,2927.6000,2927.4000,2927.2000,2927.0000,2928.6000,2928.8000,2929.0000,2929.4000,2929.6000,9,2,3,5,3,1,6,10,1,1
SF,IH1912,2019-12-10 09:30:06.400,2927.8000,34966,0,130867200.000,0,-,-,-,-,2928.0000,2927.8000,2927.6000,2927.4000,2927.2000,2928.6000,2928.8000,2929.0000,2929.4000,2929.6000,1,9,3,3,5,1,6,10,1,1
SF,IH1912,2019-12-10 09:30:06.900,2928.2000,34963,-3,138773220.000,9,3,6,多平,S,2928.6000,2928.0000,2927.8000,2927.6000,2927.4000,2928.8000,2929.0000,2929.4000,2929.6000,2929.8000,1,3,3,3,4,4,11,1,1,1
SF,IH1912,2019-12-10 09:30:07.400,2928.6000,34959,-4,144044640.000,6,1,5,多平,S,2928.4000,2927.8000,2927.6000,2927.4000,2927.2000,2928.6000,2928.8000,2929.0000,2929.4000,2929.6000,2,3,3,4,5,1,4,9,1,1
SF,IH1912,2019-12-10 09:30:07.900,2928.4000,34957,-2,148437360.000,5,1,4,多平,S,2928.2000,2927.8000,2927.6000,2927.4000,2927.2000,2928.8000,2929.0000,2929.4000,2929.6000,2929.8000,1,3,3,4,6,3,9,1,1,1
SF,IH1912,2019-12-10 09:30:08.400,2928.6000,34955,-2,150194520.000,2,0,2,双平,S,2928.2000,2928.0000,2927.8000,2927.6000,2927.4000,2928.8000,2929.0000,2929.4000,2929.6000,2929.8000,3,2,3,3,4,3,9,1,1,1
SF,IH1912,2019-12-10 09:30:08.900,2928.4000,34952,-3,152830080.000,3,0,3,双平,S,2928.4000,2928.2000,2928.0000,2927.8000,2927.6000,2928.6000,2928.8000,2929.0000,2929.4000,2929.6000,1,2,3,3,3,2,4,9,1,1
SF,IH1912,2019-12-10 09:30:09.400,2928.2000,34949,-3,158979720.000,7,2,5,多平,S,2928.0000,2927.8000,2927.6000,2927.4000,2927.2000,2928.8000,2929.0000,2929.4000,2929.6000,2929.8000,3,3,3,4,6,6,9,1,1,1
SF,IH1912,2019-12-10 09:30:09.900,2928.8000,34949,0,162494280.000,4,2,2,多换,S,2928.2000,2928.0000,2927.8000,2927.6000,2927.4000,2928.8000,2929.0000,2929.4000,2929.6000,2929.8000,5,4,4,3,4,1,9,1,1,1
SF,IH1912,2019-12-10 09:30:10.400,2928.6000,34945,-4,169522740.000,8,2,6,多平,S,2928.4000,2928.2000,2928.0000,2927.8000,2927.6000,2929.0000,2929.4000,2929.6000,2929.8000,2930.0000,1,7,4,4,3,9,1,1,1,2
SF,IH1912,2019-12-10 09:30:10.900,2928.6000,34944,-1,171279960.000,2,0,2,多平,S,2928.4000,2928.2000,2928.0000,2927.8000,2927.6000,2928.8000,2929.0000,2929.2000,2929.4000,2929.6000,7,6,6,4,3,2,9,1,1,1
SF,IH1912,2019-12-10 09:30:11.400,2928.4000,34941,-3,180943980.000,11,4,7,多平,S,2928.2000,2928.0000,2927.8000,2927.6000,2927.4000,2928.4000,2929.0000,2929.4000,2929.6000,2929.8000,6,6,4,3,4,1,9,1,1,1
SF,IH1912,2019-12-10 09:30:11.900,2928.4000,34940,-1,182701020.000,2,0,2,多平,S,2928.4000,2928.2000,2928.0000,2927.8000,2927.6000,2929.0000,2929.4000,2929.6000,2929.8000,2930.0000,4,6,6,4,3,9,1,1,1,2
SF,IH1912,2019-12-10 09:30:12.400,2928.2000,34934,-6,188850660.000,7,0,7,多平,S,2928.0000,2927.8000,2927.6000,2927.4000,2927.2000,2928.8000,2929.0000,2929.2000,2929.4000,2929.6000,6,4,3,4,6,1,9,1,1,1
SF,IH1912,2019-12-10 09:30:12.900,2928.2000,34934,0,188850660.000,0,-,-,-,-,2928.2000,2928.0000,2927.8000,2927.6000,2927.4000,2928.6000,2928.8000,2929.0000,2929.2000,2929.4000,1,5,4,3,4,5,1,9,1,1
SF,IH1912,2019-12-10 09:30:13.400,2928.0000,34933,-1,190607580.000,2,0,2,多平,S,2928.0000,2927.8000,2927.6000,2927.4000,2927.2000,2928.6000,2928.8000,2929.0000,2929.2000,2929.4000,4,4,3,4,6,5,1,9,2,1
SF,IH1912,2019-12-10 09:30:13.900,2928.6000,34931,-2,193243080.000,3,0,3,多平,S,2928.0000,2927.8000,2927.6000,2927.4000,2927.2000,2928.6000,2928.8000,2929.0000,2929.2000,2929.4000,3,4,3,4,5,4,1,9,2,1
SF,IH1912,2019-12-10 09:30:14.400,2928.2000,34930,-1,194121540.000,1,0,1,双平,S,2928.2000,2928.0000,2927.8000,2927.6000,2927.4000,2928.4000,2928.6000,2928.8000,2929.0000,2929.2000,1,3,4,3,4,1,1,1,9,2
SF,IH1912,2019-12-10 09:30:15.400,2928.2000,34929,-1,195000000.000,1,0,1,双平,S,2928.0000,2927.8000,2927.6000,2927.4000,2927.2000,2928.4000,2928.6000,2928.8000,2929.0000,2929.2000,4,4,3,4,5,1,1,4,9,2
SF,IH1912,2019-12-10 09:30:15.900,2928.2000,34929,0,195878460.000,1,0,1,多换,S,2928.0000,2927.8000,2927.6000,2927.4000,2927.2000,2928.4000,2928.6000,2928.8000,2929.0000,2929.2000,5,4,3,4,5,1,1,5,9,2
SF,IH1912,2019-12-10 09:30:16.400,2928.2000,34929,0,195878460.000,0,-,-,-,-,2928.2000,2928.0000,2927.8000,2927.6000,2927.4000,2928.4000,2928.6000,2928.8000,2929.0000,2929.2000,1,6,4,3,4,1,1,5,9,2
SF,IH1912,2019-12-10 09:30:16.900,2928.0000,34930,1,202027320.000,7,4,3,空开,S,2927.8000,2927.6000,2927.4000,2927.2000,2927.0000,2928.0000,2928.4000,2928.6000,2928.8000,2929.0000,4,3,4,5,4,1,1,1,5,9
SF,IH1912,2019-12-10 09:30:17.400,2928.0000,34930,0,202905720.000,1,0,1,多换,S,2927.8000,2927.6000,2927.4000,2927.2000,2927.0000,2928.8000,2929.0000,2929.2000,2929.4000,2929.6000,4,3,4,4,4,5,9,2,1,1
SF,IH1912,2019-12-10 09:30:17.900,2928.6000,34927,-3,206420040.000,4,0,4,多平,S,2928.0000,2927.8000,2927.6000,2927.4000,2927.2000,2928.8000,2929.0000,2929.2000,2929.4000,2929.6000,4,5,4,4,4,6,9,2,1,1
SF,IH1912,2019-12-10 09:30:18.400,2928.6000,34927,0,206420040.000,0,-,-,-,-,2928.0000,2927.8000,2927.6000,2927.4000,2927.2000,2928.6000,2928.8000,2929.0000,2929.2000,2929.4000,5,5,4,4,4,1,6,12,2,1
SF,IH1912,2019-12-10 09:30:18.900,2928.0000,34928,1,207298440.000,1,1,0,双开,S,2927.8000,2927.6000,2927.4000,2927.2000,2927.0000,2928.4000,2928.6000,2928.8000,2929.0000,2929.2000,5,4,4,4,4,1,2,7,11,2
SF,IH1912,2019-12-10 09:30:19.400,2927.8000,34928,0,208176780.000,1,0,1,多换,S,2927.8000,2927.6000,2927.4000,2927.2000,2927.0000,2928.2000,2928.6000,2928.8000,2929.0000,2929.2000,3,4,4,4,5,1,5,6,11,2
SF,IH1912,2019-12-10 09:30:19.900,2928.2000,34927,-1,209055240.000,1,0,1,双平,S,2927.8000,2927.6000,2927.4000,2927.2000,2927.0000,2928.0000,2928.2000,2928.6000,2928.8000,2929.0000,4,5,4,4,5,1,1,6,6,11
SF,IH1912,2019-12-10 09:30:20.400,2927.8000,34926,-1,209933580.000,1,0,1,双平,S,2927.8000,2927.6000,2927.4000,2927.2000,2927.0000,2928.0000,2928.2000,2928.6000,2928.8000,2929.0000,3,5,4,4,5,1,1,6,6,11
SF,IH1912,2019-12-10 09:30:20.900,2927.8000,34924,-2,215203800.000,6,2,4,多平,S,2927.6000,2927.4000,2927.2000,2927.0000,2926.8000,2928.0000,2928.6000,2928.8000,2929.0000,2929.2000,5,4,4,5,3,2,4,6,11,2
SF,IH1912,2019-12-10 09:30:21.400,2927.8000,34924,0,215203800.000,0,-,-,-,-,2927.8000,2927.6000,2927.4000,2927.2000,2927.0000,2928.0000,2928.2000,2928.6000,2928.8000,2929.0000,3,5,4,4,5,2,2,4,6,11
SF,IH1912,2019-12-10 09:30:21.900,2928.0000,34924,0,216082200.000,1,0,1,多换,S,2927.8000,2927.6000,2927.4000,2927.2000,2927.0000,2928.0000,2928.2000,2928.6000,2928.8000,2929.0000,4,5,4,4,5,2,2,4,6,11
SF,IH1912,2019-12-10 09:30:22.400,2928.0000,34923,-1,216960600.000,1,0,1,双平,S,2927.8000,2927.6000,2927.4000,2927.2000,2927.0000,2928.0000,2928.2000,2928.6000,2928.8000,2929.0000,5,5,4,4,5,3,2,4,6,11
SF,IH1912,2019-12-10 09:30:22.900,2928.0000,34923,0,216960600.000,0,-,-,-,-,2927.8000,2927.6000,2927.4000,2927.2000,2927.0000,2928.0000,2928.2000,2928.6000,2928.8000,2929.0000,5,5,4,4,5,4,2,4,6,11
SF,IH1912,2019-12-10 09:30:23.400,2928.0000,34922,-1,217839000.000,1,0,1,双平,S,2927.8000,2927.6000,2927.4000,2927.2000,2927.0000,2928.0000,2928.2000,2928.6000,2928.8000,2929.0000,5,5,4,4,5,3,2,4,6,11
SF,IH1912,2019-12-10 09:30:23.900,2928.0000,34920,-2,220474140.000,3,0,3,多平,S,2927.8000,2927.6000,2927.4000,2927.2000,2927.0000,2928.0000,2928.2000,2928.6000,2928.8000,2929.0000,5,6,4,4,5,2,2,4,6,11
SF,IH1912,2019-12-10 09:30:24.400,2928.0000,34917,-3,223109340.000,3,0,3,双平,S,2927.8000,2927.6000,2927.4000,2927.2000,2927.0000,2928.2000,2928.6000,2928.8000,2929.0000,2929.2000,5,6,4,4,5,2,4,6,11,2
SF,IH1912,2019-12-10 09:30:24.900,2928.2000,34918,1,223987800.000,1,1,0,双开,S,2928.0000,2927.8000,2927.6000,2927.4000,2927.2000,2928.2000,2928.6000,2928.8000,2929.0000,2929.2000,1,4,6,4,4,2,4,6,11,1
SF,IH1912,2019-12-10 09:30:25.400,2928.0000,34917,-1,226623120.000,3,1,2,多平,S,2927.8000,2927.6000,2927.4000,2927.2000,2927.0000,2928.0000,2928.6000,2928.8000,2929.0000,2929.2000,4,6,4,4,5,1,4,6,11,1
SF,IH1912,2019-12-10 09:30:25.900,2928.0000,34915,-2,228379920.000,2,0,2,双平,S,2927.8000,2927.6000,2927.4000,2927.2000,2927.0000,2928.0000,2928.6000,2928.8000,2929.0000,2929.2000,4,7,4,4,5,1,4,6,11,1
SF,IH1912,2019-12-10 09:30:26.400,2927.8000,34914,-1,230136600.000,2,0,2,多平,S,2927.8000,2927.6000,2927.4000,2927.2000,2927.0000,2928.0000,2928.6000,2928.8000,2929.0000,2929.2000,2,7,4,4,6,1,4,5,11,1
SF,IH1912,2019-12-10 09:30:26.900,2928.0000,34913,-1,231015000.000,1,0,1,双平,S,2927.8000,2927.6000,2927.4000,2927.2000,2927.0000,2928.0000,2928.6000,2928.8000,2929.0000,2929.2000,3,7,4,4,6,8,4,5,11,1
SF,IH1912,2019-12-10 09:30:27.400,2928.0000,34912,-1,232771740.000,2,0,2,多平,S,2927.8000,2927.6000,2927.4000,2927.2000,2927.0000,2928.0000,2928.6000,2928.8000,2929.0000,2929.2000,2,7,4,4,6,8,4,5,11,1
SF,IH1912,2019-12-10 09:30:27.900,2927.8000,34912,0,233650080.000,1,0,1,多换,S,2927.8000,2927.6000,2927.4000,2927.2000,2927.0000,2928.0000,2928.2000,2928.6000,2928.8000,2929.0000,1,7,4,4,6,9,1,4,5,11
SF,IH1912,2019-12-10 09:30:28.400,2928.0000,34910,-2,236285220.000,3,0,3,多平,S,2927.6000,2927.4000,2927.2000,2927.0000,2926.8000,2928.0000,2928.2000,2928.6000,2928.8000,2929.0000,7,4,4,6,3,7,1,4,5,11
SF,IH1912,2019-12-10 09:30:28.900,2928.0000,34909,-1,237163620.000,1,0,1,双平,S,2927.6000,2927.4000,2927.2000,2927.0000,2926.8000,2927.8000,2928.0000,2928.2000,2928.6000,2928.8000,7,4,4,6,3,1,8,1,4,5
SF,IH1912,2019-12-10 09:30:29.400,2928.0000,34908,-1,238920360.000,2,0,2,多平,S,2927.8000,2927.6000,2927.4000,2927.2000,2927.0000,2928.0000,2928.2000,2928.6000,2928.8000,2929.0000,2,7,4,4,6,12,1,4,5,12
SF,IH1912,2019-12-10 09:30:29.900,2928.0000,34900,-8,245947080.000,8,0,8,双平,S,2927.6000,2927.4000,2927.2000,2927.0000,2926.8000,2928.0000,2928.2000,2928.6000,2928.8000,2929.0000,6,4,4,6,3,12,1,4,5,12
SF,IH1912,2019-12-10 09:30:30.400,2927.8000,34893,-7,254731020.000,10,1,9,多平,S,2927.8000,2927.6000,2927.4000,2927.2000,2927.0000,2928.0000,2928.2000,2928.6000,2928.8000,2929.0000,7,6,4,4,6,4,1,4,5,12
SF,IH1912,2019-12-10 09:30:30.900,2928.2000,34889,-4,261758460.000,8,2,6,多平,S,2928.2000,2928.0000,2927.8000,2927.6000,2927.4000,2928.6000,2928.8000,2929.0000,2929.2000,2929.4000,2,2,9,6,4,4,5,11,1,1
SF,IH1912,2019-12-10 09:30:31.400,2928.2000,34889,0,262636920.000,1,0,1,多换,S,2928.0000,2927.8000,2927.6000,2927.4000,2927.2000,2928.2000,2928.6000,2928.8000,2929.0000,2929.2000,2,9,6,4,4,1,4,5,10,1
SF,IH1912,2019-12-10 09:30:31.900,2928.2000,34889,0,263515380.000,1,0,1,多换,S,2928.0000,2927.8000,2927.6000,2927.4000,2927.2000,2928.2000,2928.6000,2928.8000,2929.0000,2929.2000,2,9,6,4,4,2,4,5,10,1
SF,IH1912,2019-12-10 09:30:32.400,2928.0000,34886,-3,267907560.000,5,1,4,多平,S,2928.0000,2927.8000,2927.6000,2927.4000,2927.2000,2928.6000,2928.8000,2929.0000,2929.2000,2929.4000,2,9,7,4,4,4,5,10,1,1
SF,IH1912,2019-12-10 09:30:32.900,2928.0000,34884,-2,270542760.000,3,0,3,多平,S,2927.8000,2927.6000,2927.4000,2927.2000,2927.0000,2928.0000,2928.6000,2928.8000,2929.0000,2929.2000,1,7,4,4,7,1,5,6,10,1
SF,IH1912,2019-12-10 09:30:33.400,2928.0000,34884,0,270542760.000,0,-,-,-,-,2927.8000,2927.6000,2927.4000,2927.2000,2927.0000,2928.0000,2928.6000,2928.8000,2929.0000,2929.2000,1,7,4,4,7,2,5,6,10,1
SF,IH1912,2019-12-10 09:30:33.900,2928.0000,34884,0,270542760.000,0,-,-,-,-,2927.8000,2927.6000,2927.4000,2927.2000,2927.0000,2928.0000,2928.6000,2928.8000,2929.0000,2929.2000,1,7,4,4,7,3,5,6,10,1
SF,IH1912,2019-12-10 09:30:34.400,2928.0000,34884,0,270542760.000,0,-,-,-,-,2927.8000,2927.6000,2927.4000,2927.2000,2927.0000,2928.0000,2928.6000,2928.8000,2929.0000,2929.2000,1,7,4,4,7,3,5,6,10,1
SF,IH1912,2019-12-10 09:30:34.900,2928.0000,34884,0,270542760.000,0,-,-,-,-,2927.8000,2927.6000,2927.4000,2927.2000,2927.0000,2928.0000,2928.6000,2928.8000,2929.0000,2929.2000,1,7,4,4,7,5,4,6,10,1
SF,IH1912,2019-12-10 09:30:35.400,2928.0000,34884,0,272299560.000,2,1,1,多换,S,2927.8000,2927.6000,2927.4000,2927.2000,2927.0000,2928.0000,2928.6000,2928.8000,2929.0000,2929.2000,1,7,4,4,7,3,4,6,10,1
SF,IH1912,2019-12-10 09:30:35.900,2927.8000,34882,-2,275812980.000,4,1,3,多平,S,2927.6000,2927.4000,2927.2000,2927.0000,2926.8000,2928.0000,2928.6000,2928.8000,2929.0000,2929.2000,7,4,4,7,3,3,4,6,10,1
SF,IH1912,2019-12-10 09:30:36.400,2928.0000,34881,-1,276691380.000,1,0,1,双平,S,2927.8000,2927.6000,2927.4000,2927.2000,2927.0000,2928.0000,2928.6000,2928.8000,2929.0000,2929.2000,1,7,4,4,7,2,4,6,10,1
SF,IH1912,2019-12-10 09:30:36.900,2928.0000,34882,1,277569780.000,1,1,0,双开,S,2927.8000,2927.6000,2927.4000,2927.2000,2927.0000,2928.0000,2928.6000,2928.8000,2929.0000,2929.2000,10,7,4,4,7,2,4,6,10,1
SF,IH1912,2019-12-10 09:30:37.400,2928.0000,34880,-2,279326580.000,2,0,2,双平,S,2928.0000,2927.8000,2927.6000,2927.4000,2927.2000,2928.6000,2928.8000,2929.0000,2929.2000,2929.4000,1,2,7,4,4,4,6,10,1,1
SF,IH1912,2019-12-10 09:30:37.900,2928.0000,34880,0,279326580.000,0,-,-,-,-,2928.0000,2927.8000,2927.6000,2927.4000,2927.2000,2928.4000,2928.6000,2928.8000,2929.0000,2929.2000,3,2,7,4,4,3,5,6,10,1
SF,IH1912,2019-12-10 09:30:38.400,2928.0000,34880,0,279326580.000,0,-,-,-,-,2928.2000,2928.0000,2927.8000,2927.6000,2927.4000,2928.4000,2928.6000,2928.8000,2929.0000,2929.2000,1,3,2,7,4,2,5,6,10,1
SF,IH1912,2019-12-10 09:30:38.900,2928.2000,34881,1,281083500.000,2,1,1,空开,S,2928.0000,2927.8000,2927.6000,2927.4000,2927.2000,2928.2000,2928.4000,2928.6000,2928.8000,2929.0000,3,2,7,4,4,1,2,5,6,10
SF,IH1912,2019-12-10 09:30:39.400,2928.0000,34881,0,282840300.000,2,1,1,多换,S,2928.0000,2927.8000,2927.6000,2927.4000,2927.2000,2928.2000,2928.6000,2928.8000,2929.0000,2929.2000,1,2,7,4,4,2,5,6,10,1
SF,IH1912,2019-12-10 09:30:39.900,2928.0000,34879,-2,284597100.000,2,0,2,双平,S,2927.8000,2927.6000,2927.4000,2927.2000,2927.0000,2928.0000,2928.2000,2928.6000,2928.8000,2929.0000,2,7,4,4,7,1,1,4,6,10
SF,IH1912,2019-12-10 09:30:40.400,2928.0000,34879,0,284597100.000,0,-,-,-,-,2927.8000,2927.6000,2927.4000,2927.2000,2927.0000,2928.2000,2928.6000,2928.8000,2929.0000,2929.2000,20,5,1,1,4,1,6,6,10,1
SF,IH1912,2019-12-10 09:30:40.900,2928.0000,34879,0,284597100.000,0,-,-,-,-,2927.8000,2927.6000,2927.4000,2927.2000,2927.0000,2928.2000,2928.6000,2928.8000,2929.0000,2929.2000,20,5,1,1,4,2,6,6,10,1
SF,IH1912,2019-12-10 09:30:41.400,2928.0000,34879,0,285475500.000,1,0,1,多换,S,2927.8000,2927.6000,2927.4000,2927.2000,2927.0000,2928.2000,2928.6000,2928.8000,2929.0000,2929.2000,20,5,1,1,4,2,6,6,10,1
SF,IH1912,2019-12-10 09:30:41.900,2928.0000,34875,-4,289867260.000,5,0,5,多平,S,2927.8000,2927.6000,2927.4000,2927.2000,2927.0000,2928.0000,2928.2000,2928.6000,2928.8000,2929.0000,16,5,1,1,4,3,2,6,6,10
SF,IH1912,2019-12-10 09:30:42.400,2928.0000,34862,-13,302164080.000,14,0,14,多平,S,2927.8000,2927.6000,2927.4000,2927.2000,2927.0000,2928.0000,2928.2000,2928.6000,2928.8000,2929.0000,4,5,1,1,4,2,2,6,6,10
SF,IH1912,2019-12-10 09:30:42.900,2927.4000,34852,-10,313582080.000,13,1,12,多平,S,2927.2000,2927.0000,2926.6000,2926.2000,2926.0000,2927.8000,2928.0000,2928.2000,2928.6000,2928.8000,1,4,2,2,2,4,2,1,6,6
SF,IH1912,2019-12-10 09:30:43.400,2927.8000,34852,0,314460420.000,1,0,1,多换,S,2927.2000,2927.0000,2926.6000,2926.2000,2926.0000,2928.0000,2928.2000,2928.6000,2928.8000,2929.0000,1,4,2,2,3,2,1,6,6,11
SF,IH1912,2019-12-10 09:30:43.900,2927.8000,34852,0,314460420.000,0,-,-,-,-,2927.4000,2927.2000,2927.0000,2926.6000,2926.2000,2928.0000,2928.2000,2928.6000,2928.8000,2929.0000,9,2,5,2,2,3,1,6,6,12
SF,IH1912,2019-12-10 09:30:44.400,2928.0000,34852,0,315338820.000,1,0,1,多换,S,2927.6000,2927.2000,2927.0000,2926.6000,2926.2000,2928.0000,2928.2000,2928.6000,2928.8000,2929.0000,10,2,5,2,2,3,1,6,6,12
SF,IH1912,2019-12-10 09:30:44.900,2928.0000,34852,0,316217220.000,1,0,1,多换,S,2927.6000,2927.2000,2927.0000,2926.6000,2926.4000,2928.0000,2928.2000,2928.6000,2928.8000,2929.0000,10,2,5,2,1,2,1,6,6,12
SF,IH1912,2019-12-10 09:30:45.400,2927.6000,34851,-1,317095500.000,1,0,1,双平,S,2927.2000,2927.0000,2926.6000,2926.4000,2926.2000,2928.0000,2928.2000,2928.6000,2928.8000,2929.0000,2,5,2,1,2,2,1,6,6,12
SF,IH1912,2019-12-10 09:30:45.900,2927.4000,34850,-1,319730040.000,3,1,2,多平,S,2927.2000,2927.0000,2926.6000,2926.4000,2926.2000,2928.0000,2928.2000,2928.6000,2928.8000,2929.0000,1,5,2,1,2,2,1,6,6,12
SF,IH1912,2019-12-10 09:30:46.400,2927.4000,34850,0,319730040.000,0,-,-,-,-,2927.6000,2927.2000,2927.0000,2926.6000,2926.4000,2927.8000,2928.0000,2928.2000,2928.6000,2928.8000,9,1,5,2,1,2,4,1,6,6
SF,IH1912,2019-12-10 09:30:46.900,2927.8000,34846,-4,323243220.000,4,0,4,双平,S,2927.6000,2927.4000,2927.2000,2927.0000,2926.6000,2928.0000,2928.2000,2928.6000,2928.8000,2929.0000,6,3,1,5,2,4,1,6,6,12
SF,IH1912,2019-12-10 09:30:47.400,2927.8000,34846,0,323243220.000,0,-,-,-,-,2927.8000,2927.0000,2926.6000,2926.4000,2926.2000,2928.0000,2928.2000,2928.6000,2928.8000,2929.0000,6,4,2,1,2,4,1,6,6,12
SF,IH1912,2019-12-10 09:30:47.900,2927.8000,34840,-6,328513260.000,6,0,6,双平,S,2927.0000,2926.6000,2926.4000,2926.2000,2926.0000,2927.8000,2928.0000,2928.2000,2928.6000,2928.8000,4,2,1,2,3,3,4,1,6,6
SF,IH1912,2019-12-10 09:30:48.400,2927.8000,34840,0,328513260.000,0,-,-,-,-,2927.2000,2927.0000,2926.6000,2926.4000,2926.2000,2927.8000,2928.0000,2928.2000,2928.6000,2928.8000,4,4,2,1,2,4,4,1,6,6
SF,IH1912,2019-12-10 09:30:48.900,2927.8000,34840,0,328513260.000,0,-,-,-,-,2927.4000,2927.2000,2927.0000,2926.6000,2926.4000,2927.8000,2928.0000,2928.2000,2928.6000,2928.8000,3,4,4,2,1,4,4,1,6,6
SF,IH1912,2019-12-10 09:30:49.400,2927.8000,34840,0,328513260.000,0,-,-,-,-,2927.4000,2927.2000,2927.0000,2926.6000,2926.4000,2927.6000,2927.8000,2928.0000,2928.2000,2928.6000,4,3,4,2,1,1,4,5,1,6
SF,IH1912,2019-12-10 09:30:49.900,2927.8000,34840,0,329391600.000,1,0,1,多换,S,2927.4000,2927.2000,2927.0000,2926.6000,2926.4000,2927.8000,2928.0000,2928.2000,2928.6000,2928.8000,1,3,4,2,1,5,4,1,6,6
SF,IH1912,2019-12-10 09:30:50.400,2927.6000,34838,-2,331148160.000,2,0,2,双平,S,2927.4000,2927.2000,2927.0000,2926.6000,2926.4000,2927.8000,2928.0000,2928.2000,2928.6000,2928.8000,1,6,5,2,1,4,4,1,6,6
SF,IH1912,2019-12-10 09:30:50.900,2927.6000,34838,0,331148160.000,0,-,-,-,-,2927.4000,2927.2000,2927.0000,2926.6000,2926.4000,2927.6000,2927.8000,2928.0000,2928.2000,2928.6000,1,3,5,2,1,1,3,3,1,6
SF,IH1912,2019-12-10 09:30:51.400,2927.6000,34835,-3,335539740.000,5,1,4,多平,S,2927.4000,2927.2000,2927.0000,2926.6000,2926.4000,2928.0000,2928.2000,2928.6000,2928.8000,2929.0000,4,3,5,2,1,3,1,6,5,12
SF,IH1912,2019-12-10 09:30:51.900,2927.6000,34834,-1,337296240.000,2,0,2,多平,S,2927.2000,2927.0000,2926.6000,2926.4000,2926.2000,2928.0000,2928.2000,2928.6000,2928.8000,2929.0000,3,5,2,1,2,4,1,7,5,12
SF,IH1912,2019-12-10 09:30:52.400,2927.6000,34834,0,337296240.000,0,-,-,-,-,2927.2000,2927.0000,2926.6000,2926.4000,2926.2000,2927.8000,2928.0000,2928.2000,2928.6000,2928.8000,3,5,2,1,2,4,4,1,7,5
SF,IH1912,2019-12-10 09:30:52.900,2927.2000,34833,-1,339052740.000,2,0,2,多平,S,2927.4000,2927.2000,2927.0000,2926.6000,2926.4000,2927.8000,2928.0000,2928.2000,2928.6000,2928.8000,1,2,5,2,1,3,5,1,7,5
SF,IH1912,2019-12-10 09:30:53.400,2927.4000,34834,1,339930960.000,1,1,0,双开,S,2927.2000,2927.0000,2926.6000,2926.4000,2926.2000,2927.8000,2928.0000,2928.2000,2928.6000,2928.8000,2,5,2,1,2,3,5,1,7,5
SF,IH1912,2019-12-10 09:30:53.900,2927.8000,34833,-1,340809300.000,1,0,1,双平,S,2927.4000,2927.2000,2927.0000,2926.6000,2926.4000,2927.8000,2928.0000,2928.2000,2928.6000,2928.8000,1,2,5,2,1,2,5,1,7,5
SF,IH1912,2019-12-10 09:30:54.400,2927.4000,34832,-1,342565740.000,2,0,2,多平,S,2927.2000,2927.0000,2926.6000,2926.4000,2926.2000,2927.6000,2927.8000,2928.0000,2928.2000,2928.6000,2,5,2,1,2,1,1,5,1,7
SF,IH1912,2019-12-10 09:30:54.900,2927.6000,34831,-1,343444020.000,1,0,1,双平,S,2927.4000,2927.2000,2927.0000,2926.6000,2926.4000,2928.0000,2928.2000,2928.6000,2928.8000,2929.0000,2,3,5,2,1,5,1,7,5,12
SF,IH1912,2019-12-10 09:30:55.400,2927.6000,34831,0,343444020.000,0,-,-,-,-,2927.4000,2927.2000,2927.0000,2926.6000,2926.4000,2927.8000,2928.0000,2928.2000,2928.6000,2928.8000,2,3,8,2,1,1,5,1,7,5
SF,IH1912,2019-12-10 09:30:55.900,2928.0000,34831,0,344322420.000,1,0,1,多换,S,2927.4000,2927.2000,2927.0000,2926.6000,2926.4000,2928.0000,2928.2000,2928.6000,2928.8000,2929.0000,2,3,5,2,1,5,1,7,5,12
SF,IH1912,2019-12-10 09:30:56.400,2927.8000,34829,-2,346957200.000,3,0,3,多平,S,2927.2000,2927.0000,2926.6000,2926.4000,2926.2000,2928.0000,2928.2000,2928.6000,2928.8000,2929.0000,3,5,2,1,3,10,1,7,5,12
SF,IH1912,2019-12-10 09:30:56.900,2927.8000,34829,0,346957200.000,0,-,-,-,-,2927.2000,2927.0000,2926.6000,2926.4000,2926.2000,2927.8000,2928.0000,2928.2000,2928.6000,2928.8000,3,5,2,1,3,1,10,1,7,5
SF,IH1912,2019-12-10 09:30:57.400,2928.0000,34831,2,348714000.000,2,2,0,双开,S,2927.6000,2927.4000,2927.2000,2927.0000,2926.6000,2928.0000,2928.2000,2928.6000,2928.8000,2929.0000,3,2,1,5,2,8,1,7,5,12
SF,IH1912,2019-12-10 09:30:57.900,2928.0000,34831,0,348714000.000,0,-,-,-,-,2927.6000,2927.4000,2927.2000,2927.0000,2926.6000,2928.0000,2928.2000,2928.6000,2928.8000,2929.0000,3,2,1,5,2,9,1,7,4,12
SF,IH1912,2019-12-10 09:30:58.400,2928.0000,34828,-3,352227240.000,4,0,4,多平,S,2927.2000,2927.0000,2926.6000,2926.4000,2926.2000,2928.0000,2928.2000,2928.6000,2928.8000,2929.0000,1,5,2,1,3,7,1,7,4,12
SF,IH1912,2019-12-10 09:30:58.900,2928.0000,34827,-1,353105640.000,1,0,1,双平,S,2927.4000,2927.2000,2927.0000,2926.6000,2926.4000,2928.0000,2928.2000,2928.6000,2928.8000,2929.0000,3,1,5,2,1,6,4,7,3,9
SF,IH1912,2019-12-10 09:30:59.400,2928.0000,34826,-1,353984040.000,1,0,1,双平,S,2927.8000,2927.4000,2927.2000,2927.0000,2926.6000,2928.0000,2928.2000,2928.6000,2928.8000,2929.0000,4,3,1,6,2,5,4,7,3,9
SF,IH1912,2019-12-10 09:30:59.900,2928.0000,34810,-16,369792840.000,18,1,17,多平,S,2928.0000,2927.0000,2926.6000,2926.4000,2926.2000,2928.2000,2928.6000,2928.8000,2929.0000,2929.4000,1,2,2,1,3,4,7,3,9,2
SF,IH1912,2019-12-10 09:31:00.400,2928.0000,34808,-2,372428040.000,3,0,3,多平,S,2927.6000,2927.0000,2926.8000,2926.6000,2926.4000,2928.0000,2928.2000,2928.6000,2928.8000,2929.0000,1,2,1,2,1,9,5,7,3,9
SF,IH1912,2019-12-10 09:31:00.900,2928.2000,34803,-5,381212100.000,10,2,8,多平,S,2927.6000,2927.0000,2926.6000,2926.4000,2926.2000,2927.8000,2928.2000,2928.6000,2928.8000,2929.0000,2,2,2,1,3,2,3,7,3,9
SF,IH1912,2019-12-10 09:31:01.400,2928.0000,34795,-8,388239000.000,8,0,8,双平,S,2928.0000,2927.6000,2927.0000,2926.6000,2926.4000,2928.2000,2928.6000,2928.8000,2929.0000,2929.4000,1,2,2,2,1,3,7,3,9,2
SF,IH1912,2019-12-10 09:31:01.900,2928.0000,34791,-4,391752600.000,4,0,4,双平,S,2927.6000,2927.0000,2926.6000,2926.4000,2926.2000,2928.0000,2928.2000,2928.6000,2928.8000,2929.0000,2,2,2,1,3,1,3,7,3,9
SF,IH1912,2019-12-10 09:31:02.400,2927.2000,34787,-4,396144240.000,5,0,5,多平,S,2927.0000,2926.6000,2926.4000,2926.2000,2926.0000,2928.0000,2928.2000,2928.6000,2928.8000,2929.0000,2,2,1,3,5,1,3,7,3,9
SF,IH1912,2019-12-10 09:31:02.900,2927.6000,34786,-1,401412960.000,6,2,4,多平,S,2926.6000,2926.4000,2926.2000,2926.0000,2925.8000,2927.8000,2928.0000,2928.2000,2928.6000,2928.8000,2,1,3,5,2,1,2,3,7,3
SF,IH1912,2019-12-10 09:31:03.400,2926.8000,34785,-1,403169040.000,2,0,2,多平,S,2926.6000,2926.4000,2926.2000,2926.0000,2925.8000,2927.6000,2928.0000,2928.2000,2928.6000,2928.8000,6,1,3,6,2,3,2,3,7,3
SF,IH1912,2019-12-10 09:31:03.900,2927.2000,34784,-1,404047200.000,1,0,1,双平,S,2926.6000,2926.4000,2926.2000,2926.0000,2925.8000,2927.4000,2927.6000,2928.0000,2928.2000,2928.6000,5,1,3,6,2,3,3,2,3,7
SF,IH1912,2019-12-10 09:31:04.400,2927.2000,34784,0,404047200.000,0,-,-,-,-,2926.6000,2926.4000,2926.2000,2926.0000,2925.8000,2927.2000,2927.4000,2927.6000,2928.0000,2928.2000,2,1,3,6,2,1,4,1,2,3
SF,IH1912,2019-12-10 09:31:04.900,2927.2000,34784,0,404925360.000,1,0,1,多换,S,2927.2000,2927.0000,2926.6000,2926.4000,2926.2000,2927.4000,2927.6000,2928.0000,2928.2000,2928.4000,1,1,2,2,3,3,1,3,3,1
SF,IH1912,2019-12-10 09:31:05.400,2927.2000,34783,-1,405803520.000,1,0,1,双平,S,2927.0000,2926.6000,2926.4000,2926.2000,2926.0000,2927.6000,2927.8000,2928.0000,2928.2000,2928.4000,1,2,2,3,6,1,1,3,3,1
SF,IH1912,2019-12-10 09:31:05.900,2927.2000,34779,-4,409315740.000,4,0,4,双平,S,2926.4000,2926.2000,2926.0000,2925.8000,2925.2000,2927.4000,2927.6000,2927.8000,2928.0000,2928.2000,2,4,6,2,2,1,1,1,3,3
SF,IH1912,2019-12-10 09:31:06.400,2927.2000,34779,0,409315740.000,0,-,-,-,-,2926.6000,2926.4000,2926.2000,2926.0000,2925.8000,2927.2000,2927.4000,2927.6000,2927.8000,2928.0000,1,3,4,6,2,1,1,1,1,3
SF,IH1912,2019-12-10 09:31:06.900,2927.6000,34780,1,411072180.000,2,1,1,空开,S,2927.2000,2926.6000,2926.4000,2926.2000,2926.0000,2927.8000,2928.0000,2928.2000,2928.4000,2928.6000,1,1,2,4,6,1,3,3,1,8
SF,IH1912,2019-12-10 09:31:07.400,2927.6000,34780,0,411072180.000,0,-,-,-,-,2927.2000,2926.4000,2926.2000,2926.0000,2925.8000,2927.6000,2927.8000,2928.0000,2928.2000,2928.4000,1,2,4,6,2,2,3,3,3,1
SF,IH1912,2019-12-10 09:31:07.900,2927.4000,34777,-3,413706720.000,3,0,3,双平,S,2926.4000,2926.2000,2926.0000,2925.8000,2925.2000,2927.6000,2927.8000,2928.0000,2928.2000,2928.4000,2,4,6,2,2,3,3,4,3,1
SF,IH1912,2019-12-10 09:31:08.400,2927.4000,34777,0,413706720.000,0,-,-,-,-,2926.6000,2926.4000,2926.2000,2926.0000,2925.8000,2927.4000,2927.6000,2927.8000,2928.0000,2928.2000,4,6,4,6,2,1,3,2,4,3
SF,IH1912,2019-12-10 09:31:08.900,2927.6000,34775,-2,415463280.000,2,0,2,双平,S,2927.4000,2926.8000,2926.6000,2926.4000,2926.2000,2927.6000,2927.8000,2928.0000,2928.2000,2928.4000,2,1,7,4,4,1,1,3,3,1
SF,IH1912,2019-12-10 09:31:09.400,2927.6000,34774,-1,416341560.000,1,0,1,双平,S,2927.6000,2927.4000,2927.0000,2926.8000,2926.6000,2927.8000,2928.0000,2928.2000,2928.4000,2928.6000,6,1,1,1,3,1,3,3,1,8
SF,IH1912,2019-12-10 09:31:09.900,2927.8000,34770,-4,421611720.000,6,1,5,多平,S,2927.6000,2927.4000,2927.2000,2927.0000,2926.6000,2928.0000,2928.2000,2928.6000,2928.8000,2929.0000,2,1,1,1,3,1,3,8,3,9
SF,IH1912,2019-12-10 09:31:10.400,2928.0000,34769,-1,424246920.000,3,1,2,多平,S,2927.8000,2927.6000,2927.4000,2927.2000,2926.6000,2928.2000,2928.6000,2928.8000,2929.0000,2929.4000,1,2,2,1,3,3,8,3,9,2
SF,IH1912,2019-12-10 09:31:10.900,2927.8000,34768,-1,425125260.000,1,0,1,双平,S,2927.6000,2927.4000,2927.2000,2926.8000,2926.6000,2928.2000,2928.6000,2928.8000,2929.0000,2929.4000,2,2,1,1,4,3,8,3,9,2
SF,IH1912,2019-12-10 09:31:11.400,2926.6000,34760,-8,433028880.000,9,0,9,多平,S,2926.6000,2926.4000,2926.2000,2926.0000,2925.8000,2928.2000,2928.6000,2928.8000,2929.0000,2929.4000,2,3,4,6,3,2,8,3,9,2
SF,IH1912,2019-12-10 09:31:11.900,2928.0000,34744,-16,452344920.000,22,3,19,多平,S,2926.8000,2926.6000,2926.4000,2926.2000,2926.0000,2928.0000,2928.2000,2928.4000,2928.6000,2928.8000,1,2,2,4,6,7,2,1,9,3
SF,IH1912,2019-12-10 09:31:12.400,2928.0000,34744,0,452344920.000,0,-,-,-,-,2927.0000,2926.8000,2926.6000,2926.4000,2926.2000,2927.8000,2928.0000,2928.2000,2928.6000,2928.8000,1,2,1,1,4,5,5,2,9,3
SF,IH1912,2019-12-10 09:31:12.900,2927.0000,34744,0,453223020.000,1,0,1,多换,S,2926.8000,2926.6000,2926.4000,2926.2000,2926.0000,2927.6000,2927.8000,2928.0000,2928.2000,2928.6000,2,1,2,4,6,8,2,4,2,9
SF,IH1912,2019-12-10 09:31:13.400,2927.0000,34744,0,453223020.000,0,-,-,-,-,2926.8000,2926.6000,2926.4000,2926.2000,2926.0000,2927.4000,2927.6000,2927.8000,2928.0000,2928.2000,1,1,2,4,6,2,5,2,4,2
SF,IH1912,2019-12-10 09:31:13.900,2927.0000,34744,0,453223020.000,0,-,-,-,-,2927.0000,2926.8000,2926.6000,2926.4000,2926.2000,2927.2000,2927.4000,2927.6000,2927.8000,2928.0000,1,1,1,2,4,3,1,2,2,3
SF,IH1912,2019-12-10 09:31:14.400,2927.0000,34744,0,454979220.000,2,1,1,多换,S,2926.8000,2926.6000,2926.4000,2926.2000,2926.0000,2927.0000,2927.2000,2927.4000,2927.6000,2927.8000,2,1,2,4,6,1,1,1,2,1
SF,IH1912,2019-12-10 09:31:14.900,2927.2000,34744,0,456735480.000,2,1,1,多换,S,2927.2000,2927.0000,2926.8000,2926.6000,2926.4000,2927.4000,2927.6000,2927.8000,2928.0000,2928.2000,3,5,5,1,2,1,2,1,3,2
SF,IH1912,2019-12-10 09:31:15.400,2927.4000,34743,-1,457613700.000,1,0,1,双平,S,2927.4000,2927.0000,2926.8000,2926.6000,2926.4000,2927.6000,2927.8000,2928.0000,2928.2000,2928.4000,2,4,6,1,2,1,1,2,2,1
SF,IH1912,2019-12-10 09:31:15.900,2927.8000,34742,-1,461126880.000,4,1,3,多平,S,2927.8000,2927.0000,2926.8000,2926.6000,2926.4000,2928.0000,2928.2000,2928.4000,2928.6000,2928.8000,1,3,6,1,2,2,2,1,9,3
SF,IH1912,2019-12-10 09:31:16.400,2927.8000,34742,0,462005220.000,1,0,1,多换,S,2927.0000,2926.8000,2926.6000,2926.4000,2926.2000,2927.8000,2928.0000,2928.2000,2928.4000,2928.6000,4,6,2,2,3,1,2,2,1,9
SF,IH1912,2019-12-10 09:31:16.900,2928.0000,34741,-1,463762020.000,2,0,2,多平,S,2927.6000,2927.4000,2927.2000,2927.0000,2926.8000,2928.2000,2928.4000,2928.6000,2928.8000,2929.0000,1,3,6,5,6,2,1,9,3,9
SF,IH1912,2019-12-10 09:31:17.400,2927.4000,34741,0,465518520.000,2,1,1,多换,S,2927.4000,2927.2000,2927.0000,2926.8000,2926.6000,2928.0000,2928.2000,2928.4000,2928.6000,2928.8000,2,6,5,6,2,1,2,1,9,3
SF,IH1912,2019-12-10 09:31:17.900,2928.2000,34741,0,467275440.000,2,1,1,多换,S,2928.2000,2927.6000,2927.4000,2927.2000,2927.0000,2928.4000,2928.6000,2928.8000,2929.0000,2929.4000,1,1,2,6,5,1,9,3,9,2
SF,IH1912,2019-12-10 09:31:18.400,2928.2000,34741,0,468153900.000,1,0,1,多换,S,2927.6000,2927.4000,2927.2000,2927.0000,2926.8000,2928.0000,2928.2000,2928.4000,2928.6000,2928.8000,2,2,6,4,6,2,4,1,9,3
SF,IH1912,2019-12-10 09:31:18.900,2928.0000,34742,1,469910760.000,2,1,1,空开,S,2927.6000,2927.4000,2927.2000,2927.0000,2926.8000,2928.2000,2928.4000,2928.6000,2928.8000,2929.0000,2,2,6,4,6,3,1,9,3,8
SF,IH1912,2019-12-10 09:31:19.400,2927.8000,34742,0,470789100.000,1,0,1,多换,S,2927.6000,2927.4000,2927.2000,2927.0000,2926.8000,2928.0000,2928.2000,2928.4000,2928.6000,2928.8000,2,2,6,4,6,2,3,1,9,3
SF,IH1912,2019-12-10 09:31:19.900,2928.0000,34740,-2,472545900.000,2,0,2,双平,S,2927.6000,2927.4000,2927.2000,2927.0000,2926.8000,2928.2000,2928.4000,2928.6000,2928.8000,2929.0000,2,2,7,4,5,6,1,9,3,8
SF,IH1912,2019-12-10 09:31:20.400,2927.8000,34739,-1,473424240.000,1,0,1,双平,S,2927.8000,2927.6000,2927.4000,2927.2000,2927.0000,2928.2000,2928.4000,2928.6000,2928.8000,2929.0000,1,3,2,6,4,6,1,9,3,7
SF,IH1912,2019-12-10 09:31:20.900,2927.8000,34739,0,473424240.000,0,-,-,-,-,2927.8000,2927.6000,2927.4000,2927.2000,2927.0000,2928.2000,2928.4000,2928.6000,2928.8000,2929.0000,1,2,2,4,4,6,1,9,3,7
SF,IH1912,2019-12-10 09:31:21.400,2927.8000,34739,0,474302580.000,1,0,1,多换,S,2927.6000,2927.4000,2927.2000,2927.0000,2926.8000,2927.8000,2928.0000,2928.2000,2928.4000,2928.6000,3,2,4,4,5,3,3,6,1,9
SF,IH1912,2019-12-10 09:31:21.900,2927.4000,34734,-5,478693860.000,5,0,5,双平,S,2927.2000,2927.0000,2926.8000,2926.6000,2926.4000,2927.8000,2928.0000,2928.2000,2928.4000,2928.6000,4,4,5,3,1,1,3,6,1,8
SF,IH1912,2019-12-10 09:31:22.400,2927.2000,34734,0,479572020.000,1,0,1,多换,S,2927.2000,2927.0000,2926.8000,2926.6000,2926.4000,2927.6000,2927.8000,2928.0000,2928.2000,2928.4000,3,4,5,3,1,1,1,1,6,1
SF,IH1912,2019-12-10 09:31:22.900,2927.6000,34733,-1,480450300.000,1,0,1,双平,S,2927.2000,2927.0000,2926.8000,2926.6000,2926.4000,2927.8000,2928.0000,2928.2000,2928.4000,2928.6000,1,5,5,3,1,1,3,6,1,9
SF,IH1912,2019-12-10 09:31:23.400,2927.6000,34733,0,480450300.000,0,-,-,-,-,2927.2000,2927.0000,2926.8000,2926.6000,2926.4000,2927.6000,2927.8000,2928.0000,2928.2000,2928.4000,1,5,5,3,1,1,1,3,6,1
SF,IH1912,2019-12-10 09:31:23.900,2927.6000,34733,0,480450300.000,0,-,-,-,-,2927.2000,2927.0000,2926.8000,2926.6000,2926.4000,2927.6000,2927.8000,2928.0000,2928.2000,2928.4000,1,5,5,3,1,1,1,3,7,1
SF,IH1912,2019-12-10 09:31:24.400,2927.8000,34732,-1,481328640.000,1,0,1,双平,S,2927.2000,2927.0000,2926.8000,2926.6000,2926.4000,2928.0000,2928.2000,2928.4000,2928.6000,2928.8000,1,9,2,3,1,3,7,1,9,3
SF,IH1912,2019-12-10 09:31:24.900,2927.8000,34732,0,481328640.000,0,-,-,-,-,2927.4000,2927.2000,2927.0000,2926.8000,2926.6000,2927.6000,2927.8000,2928.0000,2928.2000,2928.4000,1,1,9,2,3,1,3,5,7,1
SF,IH1912,2019-12-10 09:31:25.400,2927.8000,34732,0,481328640.000,0,-,-,-,-,2927.4000,2927.2000,2927.0000,2926.8000,2926.6000,2927.6000,2927.8000,2928.0000,2928.2000,2928.4000,1,1,9,2,3,1,2,4,7,1
SF,IH1912,2019-12-10 09:31:25.900,2927.4000,34732,0,482206860.000,1,0,1,多换,S,2927.2000,2927.0000,2926.8000,2926.6000,2926.4000,2927.6000,2928.0000,2928.2000,2928.4000,2928.6000,1,9,2,3,1,1,4,6,1,9
SF,IH1912,2019-12-10 09:31:26.400,2927.2000,34731,-1,483963300.000,2,0,2,多平,S,2927.6000,2927.0000,2926.8000,2926.6000,2926.4000,2928.0000,2928.2000,2928.4000,2928.6000,2928.8000,1,9,2,3,1,4,6,1,9,3
SF,IH1912,2019-12-10 09:31:26.900,2927.2000,34731,0,483963300.000,0,-,-,-,-,2927.6000,2927.0000,2926.8000,2926.6000,2926.4000,2927.8000,2928.0000,2928.2000,2928.4000,2928.6000,2,9,2,3,1,4,3,6,1,9
SF,IH1912,2019-12-10 09:31:27.400,2927.8000,34731,0,484841640.000,1,0,1,多换,S,2927.6000,2927.0000,2926.8000,2926.6000,2926.4000,2927.8000,2928.0000,2928.2000,2928.4000,2928.6000,2,9,2,3,1,3,3,6,1,9
SF,IH1912,2019-12-10 09:31:27.900,2927.6000,34731,0,485719920.000,1,0,1,多换,S,2927.6000,2927.2000,2927.0000,2926.8000,2926.6000,2927.8000,2928.0000,2928.2000,2928.4000,2928.6000,1,1,9,2,3,1,3,6,1,9
SF,IH1912,2019-12-10 09:31:28.400,2927.6000,34731,0,485719920.000,0,-,-,-,-,2927.6000,2927.2000,2927.0000,2926.8000,2926.6000,2927.8000,2928.0000,2928.2000,2928.4000,2928.6000,1,3,9,2,3,1,3,6,1,9
SF,IH1912,2019-12-10 09:31:28.900,2927.8000,34731,0,486598260.000,1,0,1,多换,S,2927.6000,2927.2000,2927.0000,2926.8000,2926.6000,2928.0000,2928.2000,2928.4000,2928.6000,2928.8000,1,3,9,2,3,6,6,1,9,3
SF,IH1912,2019-12-10 09:31:29.400,2927.8000,34731,0,486598260.000,0,-,-,-,-,2927.6000,2927.2000,2927.0000,2926.8000,2926.6000,2927.8000,2928.0000,2928.2000,2928.4000,2928.6000,1,3,9,2,3,3,6,6,1,9
SF,IH1912,2019-12-10 09:31:29.900,2927.8000,34731,0,486598260.000,0,-,-,-,-,2927.6000,2927.2000,2927.0000,2926.8000,2926.6000,2927.8000,2928.0000,2928.2000,2928.4000,2928.6000,1,3,9,2,3,4,6,6,1,9
SF,IH1912,2019-12-10 09:31:30.400,2927.6000,34730,-1,487476540.000,1,0,1,双平,S,2927.2000,2927.0000,2926.8000,2926.6000,2926.4000,2927.6000,2927.8000,2928.0000,2928.2000,2928.4000,3,6,2,3,1,1,5,6,6,1
SF,IH1912,2019-12-10 09:31:30.900,2927.6000,34729,-1,488354820.000,1,0,1,双平,S,2927.2000,2927.0000,2926.8000,2926.6000,2926.4000,2927.8000,2928.0000,2928.2000,2928.4000,2928.6000,6,6,2,3,2,2,6,6,1,9
SF,IH1912,2019-12-10 09:31:31.400,2927.2000,34728,-1,490111320.000,2,0,2,多平,S,2927.2000,2927.0000,2926.8000,2926.6000,2926.4000,2927.8000,2928.0000,2928.2000,2928.4000,2928.6000,5,6,2,3,2,1,6,6,1,9
SF,IH1912,2019-12-10 09:31:31.900,2927.8000,34727,-1,490989660.000,1,0,1,双平,S,2927.2000,2927.0000,2926.8000,2926.6000,2926.4000,2928.0000,2928.2000,2928.4000,2928.6000,2928.8000,5,6,2,3,2,6,6,1,9,3
SF,IH1912,2019-12-10 09:31:32.400,2927.8000,34727,0,490989660.000,0,-,-,-,-,2927.2000,2927.0000,2926.8000,2926.6000,2926.4000,2927.8000,2928.0000,2928.2000,2928.4000,2928.6000,5,6,2,3,2,4,7,6,1,9
SF,IH1912,2019-12-10 09:31:32.900,2927.8000,34726,-1,491868000.000,1,0,1,双平,S,2927.2000,2927.0000,2926.8000,2926.6000,2926.4000,2927.8000,2928.0000,2928.2000,2928.4000,2928.6000,5,6,2,3,2,5,7,6,1,9
SF,IH1912,2019-12-10 09:31:33.400,2927.8000,34726,0,491868000.000,0,-,-,-,-,2927.2000,2927.0000,2926.8000,2926.6000,2926.4000,2927.6000,2927.8000,2928.0000,2928.2000,2928.4000,5,6,2,3,2,1,5,7,6,1
SF,IH1912,2019-12-10 09:31:33.900,2927.8000,34726,0,492746340.000,1,0,1,多换,S,2927.2000,2927.0000,2926.8000,2926.6000,2926.4000,2927.6000,2928.0000,2928.2000,2928.4000,2928.6000,5,6,2,3,2,1,7,6,1,9
SF,IH1912,2019-12-10 09:31:34.400,2927.2000,34725,-1,493624500.000,1,0,1,双平,S,2927.2000,2927.0000,2926.8000,2926.6000,2926.4000,2927.6000,2928.0000,2928.2000,2928.4000,2928.6000,4,6,2,3,2,1,6,6,1,9
SF,IH1912,2019-12-10 09:31:34.900,2927.2000,34722,-3,496259100.000,3,0,3,双平,S,2927.2000,2927.0000,2926.8000,2926.6000,2926.4000,2928.0000,2928.2000,2928.4000,2928.6000,2928.8000,2,6,2,3,2,6,6,1,9,3
SF,IH1912,2019-12-10 09:31:35.400,2927.2000,34722,0,496259100.000,0,-,-,-,-,2927.2000,2927.0000,2926.8000,2926.6000,2926.4000,2927.8000,2928.0000,2928.2000,2928.4000,2928.6000,2,5,2,3,2,5,8,6,1,9
SF,IH1912,2019-12-10 09:31:35.900,2927.8000,34721,-1,498015780.000,2,0,2,多平,S,2927.2000,2927.0000,2926.8000,2926.6000,2926.4000,2927.8000,2928.0000,2928.2000,2928.4000,2928.6000,2,5,2,3,2,3,8,6,1,9
SF,IH1912,2019-12-10 09:31:36.400,2927.8000,34721,0,498015780.000,0,-,-,-,-,2927.6000,2927.2000,2927.0000,2926.8000,2926.6000,2927.8000,2928.0000,2928.2000,2928.4000,2928.6000,1,3,5,2,3,1,7,6,1,9
SF,IH1912,2019-12-10 09:31:36.900,2927.8000,34720,-1,498894120.000,1,0,1,双平,S,2927.6000,2927.2000,2927.0000,2926.8000,2926.6000,2928.0000,2928.2000,2928.4000,2928.6000,2928.8000,1,3,5,2,3,7,6,1,9,3
SF,IH1912,2019-12-10 09:31:37.400,2927.8000,34720,0,498894120.000,0,-,-,-,-,2927.6000,2927.2000,2927.0000,2926.8000,2926.6000,2927.8000,2928.0000,2928.2000,2928.4000,2928.6000,1,3,5,2,3,3,7,6,1,9
SF,IH1912,2019-12-10 09:31:37.900,2927.8000,34720,0,498894120.000,0,-,-,-,-,2927.6000,2927.2000,2927.0000,2926.8000,2926.6000,2927.8000,2928.0000,2928.2000,2928.4000,2928.6000,1,3,4,2,3,3,7,6,1,9
SF,IH1912,2019-12-10 09:31:38.400,2927.8000,34720,0,498894120.000,0,-,-,-,-,2927.6000,2927.2000,2927.0000,2926.8000,2926.6000,2927.8000,2928.0000,2928.2000,2928.4000,2928.6000,1,3,4,2,3,3,7,6,1,9
SF,IH1912,2019-12-10 09:31:38.900,2927.6000,34719,-1,499772400.000,1,0,1,双平,S,2927.2000,2927.0000,2926.8000,2926.6000,2926.4000,2927.8000,2928.0000,2928.2000,2928.4000,2928.6000,4,4,2,3,2,3,7,6,1,9
SF,IH1912,2019-12-10 09:31:39.400,2927.8000,34718,-1,500650740.000,1,0,1,双平,S,2927.8000,2927.6000,2927.2000,2927.0000,2926.8000,2928.0000,2928.2000,2928.4000,2928.6000,2928.8000,1,1,4,4,2,7,6,1,9,3
SF,IH1912,2019-12-10 09:31:39.900,2928.0000,34717,-1,501529140.000,1,0,1,双平,S,2927.8000,2927.6000,2927.2000,2927.0000,2926.8000,2928.0000,2928.2000,2928.4000,2928.6000,2928.8000,2,1,4,4,2,6,6,1,9,3
SF,IH1912,2019-12-10 09:31:40.400,2927.8000,34716,-1,502407480.000,1,0,1,双平,S,2927.8000,2927.6000,2927.2000,2927.0000,2926.8000,2928.0000,2928.2000,2928.4000,2928.6000,2928.8000,1,1,4,4,2,6,6,1,9,3
SF,IH1912,2019-12-10 09:31:41.400,2927.8000,34716,0,502407480.000,0,-,-,-,-,2927.8000,2927.6000,2927.2000,2927.0000,2926.8000,2928.0000,2928.2000,2928.4000,2928.6000,2928.8000,1,1,4,4,2,6,6,1,9,3
SF,IH1912,2019-12-10 09:31:42.400,2927.6000,34715,-1,504164100.000,2,0,2,多平,S,2927.2000,2927.0000,2926.8000,2926.6000,2926.4000,2927.8000,2928.0000,2928.2000,2928.4000,2928.6000,5,4,2,3,2,1,6,6,1,9
SF,IH1912,2019-12-10 09:31:42.900,2927.6000,34715,0,504164100.000,0,-,-,-,-,2927.2000,2927.0000,2926.8000,2926.6000,2926.4000,2927.6000,2928.0000,2928.2000,2928.4000,2928.6000,5,4,2,3,2,1,6,6,1,9
SF,IH1912,2019-12-10 09:31:43.400,2927.6000,34714,-1,505042380.000,1,0,1,双平,S,2927.2000,2927.0000,2926.8000,2926.6000,2926.4000,2928.0000,2928.2000,2928.4000,2928.6000,2928.8000,5,4,2,3,2,6,6,1,9,3
SF,IH1912,2019-12-10 09:31:43.900,2927.6000,34714,0,505042380.000,0,-,-,-,-,2927.6000,2927.2000,2927.0000,2926.8000,2926.6000,2927.8000,2928.0000,2928.2000,2928.4000,2928.6000,1,5,3,2,3,4,7,6,1,8
SF,IH1912,2019-12-10 09:31:44.400,2927.6000,34713,-1,505920660.000,1,0,1,双平,S,2927.2000,2927.0000,2926.8000,2926.6000,2926.4000,2927.8000,2928.0000,2928.2000,2928.4000,2928.6000,5,3,2,4,2,4,6,6,1,8
SF,IH1912,2019-12-10 09:31:44.900,2927.2000,34711,-2,507677220.000,2,0,2,双平,S,2927.2000,2927.0000,2926.8000,2926.6000,2926.4000,2928.0000,2928.2000,2928.4000,2928.6000,2928.8000,5,3,2,4,2,5,6,1,8,3
SF,IH1912,2019-12-10 09:31:45.400,2927.2000,34711,0,507677220.000,0,-,-,-,-,2927.4000,2927.2000,2927.0000,2926.8000,2926.6000,2928.0000,2928.2000,2928.4000,2928.6000,2928.8000,4,5,3,2,4,6,5,1,8,3
SF,IH1912,2019-12-10 09:31:45.900,2927.2000,34711,0,507677220.000,0,-,-,-,-,2927.4000,2927.2000,2927.0000,2926.8000,2926.6000,2928.0000,2928.2000,2928.4000,2928.6000,2928.8000,4,5,3,2,4,5,5,1,8,3
SF,IH1912,2019-12-10 09:31:46.400,2928.0000,34711,0,508555620.000,1,0,1,多换,S,2927.6000,2927.2000,2927.0000,2926.8000,2926.6000,2928.0000,2928.2000,2928.4000,2928.6000,2928.8000,1,5,3,2,4,4,5,1,8,3
SF,IH1912,2019-12-10 09:31:46.900,2927.6000,34710,-1,509433900.000,1,0,1,双平,S,2927.2000,2927.0000,2926.8000,2926.6000,2926.4000,2927.8000,2928.0000,2928.2000,2928.4000,2928.6000,5,3,2,4,2,1,4,5,1,8
SF,IH1912,2019-12-10 09:31:47.400,2927.6000,34710,0,509433900.000,0,-,-,-,-,2927.4000,2927.2000,2927.0000,2926.8000,2926.6000,2927.8000,2928.0000,2928.2000,2928.4000,2928.6000,4,5,3,2,4,1,4,5,1,8
SF,IH1912,2019-12-10 09:31:47.900,2927.4000,34708,-2,511190460.000,2,0,2,双平,S,2927.4000,2927.2000,2927.0000,2926.8000,2926.6000,2928.0000,2928.2000,2928.4000,2928.6000,2928.8000,3,5,3,2,4,4,5,1,8,3
SF,IH1912,2019-12-10 09:31:48.400,2927.4000,34708,0,511190460.000,0,-,-,-,-,2927.8000,2927.4000,2927.2000,2927.0000,2926.8000,2928.0000,2928.2000,2928.4000,2928.6000,2928.8000,1,3,5,3,2,4,5,1,8,3
SF,IH1912,2019-12-10 09:31:48.900,2928.0000,34707,-1,512068860.000,1,0,1,双平,S,2927.8000,2927.4000,2927.2000,2927.0000,2926.8000,2928.0000,2928.2000,2928.4000,2928.6000,2928.8000,1,3,5,3,2,3,5,1,8,3
SF,IH1912,2019-12-10 09:31:49.400,2928.0000,34704,-3,514704060.000,3,0,3,双平,S,2927.8000,2927.4000,2927.2000,2927.0000,2926.8000,2928.2000,2928.4000,2928.6000,2928.8000,2929.0000,1,3,5,3,2,5,1,8,3,7
SF,IH1912,2019-12-10 09:31:50.400,2928.0000,34703,-1,515582460.000,1,0,1,双平,S,2927.8000,2927.4000,2927.2000,2927.0000,2926.8000,2928.2000,2928.4000,2928.6000,2928.8000,2929.0000,1,3,5,3,2,5,1,8,3,7
SF,IH1912,2019-12-10 09:31:50.900,2928.2000,34701,-2,517339260.000,2,0,2,双平,S,2927.2000,2927.0000,2926.8000,2926.6000,2926.4000,2928.2000,2928.4000,2928.6000,2928.8000,2929.0000,5,3,2,4,2,4,1,8,3,7
SF,IH1912,2019-12-10 09:31:51.400,2928.2000,34701,0,517339260.000,0,-,-,-,-,2927.4000,2927.2000,2927.0000,2926.8000,2926.6000,2928.0000,2928.2000,2928.4000,2928.6000,2928.8000,5,7,3,2,4,2,5,1,8,3
SF,IH1912,2019-12-10 09:31:51.900,2928.2000,34701,0,517339260.000,0,-,-,-,-,2927.4000,2927.2000,2927.0000,2926.8000,2926.6000,2928.2000,2928.4000,2928.6000,2928.8000,2929.0000,5,6,3,2,4,4,1,8,3,7
SF,IH1912,2019-12-10 09:31:52.400,2928.2000,34699,-2,519974640.000,3,0,3,多平,S,2927.6000,2927.4000,2927.2000,2927.0000,2926.8000,2928.2000,2928.4000,2928.6000,2928.8000,2929.0000,1,5,6,3,2,2,1,8,3,7
SF,IH1912,2019-12-10 09:31:52.900,2928.2000,34698,-1,520853100.000,1,0,1,双平,S,2927.8000,2927.6000,2927.4000,2927.2000,2927.0000,2928.2000,2928.4000,2928.6000,2928.8000,2929.0000,2,1,4,6,3,1,1,8,3,7
SF,IH1912,2019-12-10 09:31:53.400,2928.2000,34698,0,520853100.000,0,-,-,-,-,2928.0000,2927.8000,2927.6000,2927.2000,2927.0000,2928.2000,2928.4000,2928.6000,2928.8000,2929.0000,1,1,1,6,3,1,1,8,3,7
SF,IH1912,2019-12-10 09:31:53.900,2928.2000,34698,0,520853100.000,0,-,-,-,-,2928.0000,2927.8000,2927.6000,2927.2000,2927.0000,2928.2000,2928.4000,2928.6000,2928.8000,2929.0000,1,1,1,5,3,1,1,8,3,7
SF,IH1912,2019-12-10 09:31:54.400,2927.8000,34696,-2,523488300.000,3,0,3,多平,S,2927.6000,2927.2000,2927.0000,2926.8000,2926.6000,2928.2000,2928.4000,2928.6000,2928.8000,2929.0000,3,5,3,2,5,1,1,8,3,7
SF,IH1912,2019-12-10 09:31:54.900,2927.8000,34694,-2,525245100.000,2,0,2,双平,S,2927.6000,2927.2000,2927.0000,2926.8000,2926.6000,2928.4000,2928.6000,2928.8000,2929.0000,2929.4000,3,5,3,2,5,1,8,3,7,2
SF,IH1912,2019-12-10 09:31:55.400,2927.8000,34694,0,525245100.000,0,-,-,-,-,2927.6000,2927.2000,2927.0000,2926.8000,2926.6000,2928.0000,2928.4000,2928.6000,2928.8000,2929.0000,2,4,3,2,5,1,3,8,3,7
SF,IH1912,2019-12-10 09:31:55.900,2927.8000,34694,0,525245100.000,0,-,-,-,-,2927.6000,2927.2000,2927.0000,2926.8000,2926.6000,2928.0000,2928.4000,2928.6000,2928.8000,2929.0000,2,4,3,2,5,1,1,8,3,7
SF,IH1912,2019-12-10 09:31:56.400,2927.6000,34693,-1,526123380.000,1,0,1,双平,S,2927.6000,2927.2000,2927.0000,2926.8000,2926.6000,2928.0000,2928.4000,2928.6000,2928.8000,2929.0000,2,4,3,2,5,2,1,8,3,7
SF,IH1912,2019-12-10 09:31:56.900,2927.6000,34693,0,526123380.000,0,-,-,-,-,2927.6000,2927.4000,2927.2000,2927.0000,2926.8000,2928.0000,2928.4000,2928.6000,2928.8000,2929.0000,2,1,4,3,2,2,1,8,3,7
SF,IH1912,2019-12-10 09:31:57.400,2927.6000,34693,0,526123380.000,0,-,-,-,-,2927.6000,2927.4000,2927.2000,2927.0000,2926.8000,2928.0000,2928.4000,2928.6000,2928.8000,2929.0000,2,1,4,3,2,2,1,8,3,7
SF,IH1912,2019-12-10 09:31:57.900,2927.6000,34691,-2,527879940.000,2,0,2,双平,S,2927.6000,2927.4000,2927.2000,2927.0000,2926.8000,2927.8000,2928.0000,2928.4000,2928.6000,2928.8000,1,1,4,3,2,3,2,1,8,3
SF,IH1912,2019-12-10 09:31:58.400,2927.6000,34690,-1,528758220.000,1,0,1,双平,S,2927.4000,2927.2000,2927.0000,2926.8000,2926.6000,2927.6000,2927.8000,2928.0000,2928.4000,2928.6000,2,4,3,2,5,8,3,2,1,8
SF,IH1912,2019-12-10 09:31:58.900,2927.4000,34689,-1,529636440.000,1,0,1,双平,S,2927.4000,2927.2000,2927.0000,2926.8000,2926.6000,2927.6000,2927.8000,2928.0000,2928.4000,2928.6000,1,5,3,2,5,4,3,2,1,8
SF,IH1912,2019-12-10 09:31:59.400,2927.4000,34689,0,529636440.000,0,-,-,-,-,2927.4000,2927.2000,2927.0000,2926.8000,2926.6000,2927.6000,2927.8000,2928.0000,2928.4000,2928.6000,2,5,3,2,5,3,1,2,1,8
SF,IH1912,2019-12-10 09:31:59.900,2927.6000,34686,-3,532271160.000,3,0,3,双平,S,2927.2000,2927.0000,2926.8000,2926.6000,2926.4000,2927.6000,2927.8000,2928.0000,2928.4000,2928.6000,4,3,2,5,2,2,1,2,1,8
SF,IH1912,2019-12-10 09:32:00.400,2927.6000,34686,0,532271160.000,0,-,-,-,-,2927.2000,2927.0000,2926.8000,2926.6000,2926.4000,2927.4000,2927.6000,2927.8000,2928.0000,2928.4000,5,3,2,5,2,3,2,1,2,1
SF,IH1912,2019-12-10 09:32:00.900,2927.2000,34684,-2,534905760.000,3,0,3,多平,S,2927.2000,2927.0000,2926.8000,2926.6000,2926.4000,2927.4000,2927.6000,2927.8000,2928.0000,2928.4000,4,3,2,4,2,1,2,1,2,1
SF,IH1912,2019-12-10 09:32:01.400,2927.4000,34680,-4,539296620.000,5,0,5,多平,S,2927.2000,2927.0000,2926.8000,2926.6000,2926.4000,2927.4000,2927.6000,2927.8000,2928.0000,2928.4000,1,3,2,4,2,2,2,1,2,1
SF,IH1912,2019-12-10 09:32:01.900,2927.2000,34675,-5,544565400.000,6,0,6,多平,S,2927.0000,2926.8000,2926.6000,2926.4000,2926.2000,2927.4000,2927.6000,2927.8000,2928.0000,2928.4000,1,2,4,2,5,2,1,1,2,1
SF,IH1912,2019-12-10 09:32:02.400,2927.2000,34675,0,544565400.000,0,-,-,-,-,2927.0000,2926.8000,2926.6000,2926.4000,2926.2000,2927.4000,2927.6000,2927.8000,2928.0000,2928.4000,3,4,4,2,5,4,1,1,2,1
SF,IH1912,2019-12-10 09:32:02.900,2927.0000,34674,-1,545443500.000,1,0,1,双平,S,2927.0000,2926.8000,2926.6000,2926.4000,2926.2000,2927.4000,2927.6000,2928.0000,2928.4000,2928.6000,2,4,4,2,5,4,1,2,1,8
SF,IH1912,2019-12-10 09:32:03.400,2927.0000,34674,0,545443500.000,0,-,-,-,-,2927.0000,2926.8000,2926.6000,2926.4000,2926.2000,2927.4000,2927.6000,2928.0000,2928.4000,2928.6000,3,4,4,2,5,4,1,2,1,8
SF,IH1912,2019-12-10 09:32:03.900,2927.0000,34674,0,545443500.000,0,-,-,-,-,2927.0000,2926.8000,2926.6000,2926.4000,2926.2000,2927.4000,2927.6000,2928.0000,2928.4000,2928.6000,4,4,4,2,5,2,1,2,1,8
SF,IH1912,2019-12-10 09:32:04.400,2927.0000,34674,0,545443500.000,0,-,-,-,-,2927.2000,2927.0000,2926.8000,2926.6000,2926.4000,2927.4000,2927.6000,2928.0000,2928.4000,2928.6000,2,4,4,4,2,2,1,2,1,8
SF,IH1912,2019-12-10 09:32:04.900,2927.4000,34673,-1,546321720.000,1,0,1,双平,S,2927.2000,2927.0000,2926.8000,2926.6000,2926.4000,2927.6000,2928.0000,2928.4000,2928.6000,2928.8000,2,4,3,4,2,1,2,1,8,3
SF,IH1912,2019-12-10 09:32:05.400,2927.4000,34673,0,546321720.000,0,-,-,-,-,2927.4000,2927.2000,2927.0000,2926.8000,2926.6000,2928.0000,2928.4000,2928.6000,2928.8000,2929.0000,1,2,4,3,4,2,1,8,3,7
SF,IH1912,2019-12-10 09:32:05.900,2927.4000,34673,0,546321720.000,0,-,-,-,-,2927.2000,2927.0000,2926.8000,2926.6000,2926.4000,2927.8000,2928.0000,2928.2000,2928.4000,2928.6000,2,4,3,4,2,2,4,1,1,8
SF,IH1912,2019-12-10 09:32:06.900,2927.4000,34673,0,546321720.000,0,-,-,-,-,2927.2000,2927.0000,2926.8000,2926.6000,2926.4000,2927.8000,2928.0000,2928.2000,2928.4000,2928.6000,2,4,3,4,2,2,4,1,1,8
SF,IH1912,2019-12-10 09:32:07.400,2927.8000,34672,-1,547200060.000,1,0,1,双平,S,2927.2000,2927.0000,2926.8000,2926.6000,2926.4000,2927.8000,2928.0000,2928.2000,2928.4000,2928.6000,2,4,3,4,2,1,4,1,1,8
SF,IH1912,2019-12-10 09:32:07.900,2927.8000,34672,0,547200060.000,0,-,-,-,-,2927.2000,2927.0000,2926.8000,2926.6000,2926.4000,2927.8000,2928.0000,2928.2000,2928.4000,2928.6000,3,4,3,4,2,1,2,1,1,8
SF,IH1912,2019-12-10 09:32:08.400,2927.8000,34671,-1,548078400.000,1,0,1,双平,S,2927.6000,2927.4000,2927.2000,2927.0000,2926.8000,2928.0000,2928.2000,2928.4000,2928.6000,2928.8000,3,2,3,4,3,2,1,1,8,3
SF,IH1912,2019-12-10 09:32:08.900,2927.8000,34671,0,548078400.000,0,-,-,-,-,2927.6000,2927.4000,2927.2000,2927.0000,2926.8000,2928.0000,2928.2000,2928.4000,2928.6000,2928.8000,1,3,2,4,3,2,1,1,8,3
SF,IH1912,2019-12-10 09:32:09.400,2927.8000,34671,0,548078400.000,0,-,-,-,-,2927.6000,2927.4000,2927.2000,2927.0000,2926.8000,2928.0000,2928.2000,2928.4000,2928.6000,2928.8000,1,3,2,4,3,2,1,2,8,3
SF,IH1912,2019-12-10 09:32:09.900,2927.8000,34671,0,548078400.000,0,-,-,-,-,2927.6000,2927.4000,2927.2000,2927.0000,2926.8000,2928.0000,2928.2000,2928.4000,2928.6000,2928.8000,1,3,2,4,3,2,1,2,8,3
SF,IH1912,2019-12-10 09:32:10.900,2927.8000,34671,0,548078400.000,0,-,-,-,-,2927.6000,2927.4000,2927.2000,2927.0000,2926.8000,2928.0000,2928.2000,2928.4000,2928.6000,2928.8000,2,3,2,5,3,2,1,2,8,3
SF,IH1912,2019-12-10 09:32:11.400,2927.8000,34671,0,548078400.000,0,-,-,-,-,2927.6000,2927.4000,2927.2000,2927.0000,2926.8000,2928.0000,2928.2000,2928.4000,2928.6000,2928.8000,2,3,2,5,2,2,1,2,8,3
SF,IH1912,2019-12-10 09:32:11.900,2927.8000,34671,0,548078400.000,0,-,-,-,-,2927.6000,2927.4000,2927.2000,2927.0000,2926.8000,2928.0000,2928.2000,2928.4000,2928.6000,2928.8000,2,3,2,5,2,4,1,2,8,3
SF,IH1912,2019-12-10 09:32:12.400,2928.0000,34669,-2,549835080.000,2,0,2,双平,S,2927.6000,2927.4000,2927.2000,2927.0000,2926.8000,2928.0000,2928.2000,2928.4000,2928.6000,2928.8000,1,3,2,5,2,1,1,2,8,3
SF,IH1912,2019-12-10 09:32:12.900,2928.0000,34669,0,549835080.000,0,-,-,-,-,2927.6000,2927.4000,2927.2000,2927.0000,2926.8000,2928.0000,2928.2000,2928.4000,2928.6000,2928.8000,1,3,2,5,2,1,1,2,8,3
SF,IH1912,2019-12-10 09:32:13.400,2928.0000,34669,0,549835080.000,0,-,-,-,-,2927.6000,2927.4000,2927.2000,2927.0000,2926.8000,2928.0000,2928.2000,2928.4000,2928.6000,2928.8000,1,1,2,5,2,1,1,2,8,3
SF,IH1912,2019-12-10 09:32:13.900,2928.0000,34669,0,549835080.000,0,-,-,-,-,2927.6000,2927.4000,2927.2000,2927.0000,2926.8000,2928.0000,2928.2000,2928.4000,2928.6000,2928.8000,1,2,2,5,2,1,1,2,8,3
SF,IH1912,2019-12-10 09:32:14.900,2928.0000,34669,0,549835080.000,0,-,-,-,-,2927.6000,2927.4000,2927.2000,2927.0000,2926.8000,2928.0000,2928.2000,2928.4000,2928.6000,2928.8000,1,3,2,6,2,1,1,2,8,3
SF,IH1912,2019-12-10 09:32:15.400,2927.6000,34668,-1,550713360.000,1,0,1,双平,S,2927.6000,2927.4000,2927.2000,2927.0000,2926.8000,2928.0000,2928.2000,2928.4000,2928.6000,2928.8000,1,3,2,6,2,2,1,2,8,3
SF,IH1912,2019-12-10 09:32:15.900,2928.0000,34667,-1,552470160.000,2,0,2,多平,S,2928.0000,2927.6000,2927.4000,2927.2000,2927.0000,2928.2000,2928.4000,2928.6000,2928.8000,2929.0000,1,1,3,1,6,1,2,8,3,7
SF,IH1912,2019-12-10 09:32:16.400,2928.0000,34667,0,552470160.000,0,-,-,-,-,2927.6000,2927.4000,2927.2000,2927.0000,2926.8000,2928.4000,2928.6000,2928.8000,2929.0000,2929.4000,1,3,1,6,2,2,8,3,7,2
SF,IH1912,2019-12-10 09:32:16.900,2928.0000,34667,0,552470160.000,0,-,-,-,-,2927.6000,2927.4000,2927.2000,2927.0000,2926.8000,2928.4000,2928.6000,2928.8000,2929.0000,2929.4000,2,4,1,5,2,4,8,3,7,2
SF,IH1912,2019-12-10 09:32:17.400,2928.0000,34667,0,552470160.000,0,-,-,-,-,2927.8000,2927.6000,2927.4000,2927.2000,2927.0000,2928.4000,2928.6000,2928.8000,2929.0000,2929.4000,2,2,4,1,5,3,8,3,7,2
SF,IH1912,2019-12-10 09:32:17.900,2928.0000,34667,0,552470160.000,0,-,-,-,-,2927.8000,2927.6000,2927.4000,2927.2000,2927.0000,2928.4000,2928.6000,2928.8000,2929.0000,2929.4000,2,2,4,1,5,2,8,3,7,2
SF,IH1912,2019-12-10 09:32:18.400,2928.0000,34667,0,552470160.000,0,-,-,-,-,2927.8000,2927.6000,2927.4000,2927.2000,2927.0000,2928.2000,2928.4000,2928.6000,2928.8000,2929.0000,3,1,4,1,5,2,2,8,3,7
SF,IH1912,2019-12-10 09:32:18.900,2928.0000,34667,0,552470160.000,0,-,-,-,-,2928.0000,2927.8000,2927.6000,2927.4000,2927.2000,2928.2000,2928.4000,2928.6000,2928.8000,2929.0000,1,3,1,4,1,3,2,8,3,7
SF,IH1912,2019-12-10 09:32:19.400,2928.0000,34666,-1,553348560.000,1,0,1,双平,S,2927.8000,2927.6000,2927.4000,2927.2000,2927.0000,2928.2000,2928.4000,2928.6000,2928.8000,2929.0000,3,1,4,1,6,3,2,8,3,7
SF,IH1912,2019-12-10 09:32:19.900,2928.0000,34666,0,553348560.000,0,-,-,-,-,2927.8000,2927.6000,2927.4000,2927.2000,2927.0000,2928.2000,2928.4000,2928.6000,2928.8000,2929.0000,3,1,4,1,6,1,2,8,3,7
SF,IH1912,2019-12-10 09:32:20.400,2928.0000,34666,0,553348560.000,0,-,-,-,-,2927.8000,2927.6000,2927.4000,2927.2000,2927.0000,2928.2000,2928.4000,2928.6000,2928.8000,2929.0000,3,1,4,1,6,1,2,8,3,7
SF,IH1912,2019-12-10 09:32:21.900,2928.0000,34666,0,553348560.000,0,-,-,-,-,2928.0000,2927.8000,2927.6000,2927.4000,2927.2000,2928.2000,2928.4000,2928.6000,2928.8000,2929.0000,1,3,1,4,1,2,2,8,3,7
SF,IH1912,2019-12-10 09:32:23.400,2928.2000,34664,-2,555105480.000,2,0,2,双平,S,2928.0000,2927.8000,2927.6000,2927.4000,2927.2000,2928.4000,2928.6000,2928.8000,2929.0000,2929.4000,2,3,1,4,1,2,8,3,7,2
SF,IH1912,2019-12-10 09:32:23.900,2928.2000,34663,-1,555983940.000,1,0,1,双平,S,2928.0000,2927.8000,2927.6000,2927.4000,2927.2000,2928.2000,2928.4000,2928.6000,2928.8000,2929.0000,3,3,1,4,1,1,2,8,3,6
SF,IH1912,2019-12-10 09:32:24.400,2928.0000,34660,-3,558619140.000,3,0,3,双平,S,2927.8000,2927.6000,2927.4000,2927.2000,2927.0000,2928.0000,2928.2000,2928.4000,2928.6000,2928.8000,3,1,4,1,5,1,2,2,8,3
SF,IH1912,2019-12-10 09:32:24.900,2927.8000,34654,-6,563889180.000,6,0,6,双平,S,2927.6000,2927.4000,2927.2000,2927.0000,2926.8000,2928.0000,2928.2000,2928.4000,2928.6000,2928.8000,1,4,3,5,2,4,2,2,8,3
SF,IH1912,2019-12-10 09:32:25.400,2928.0000,34652,-2,565645980.000,2,0,2,双平,S,2927.6000,2927.4000,2927.2000,2927.0000,2926.8000,2928.2000,2928.4000,2928.6000,2928.8000,2929.0000,3,5,3,5,2,1,2,8,3,6
SF,IH1912,2019-12-10 09:32:25.900,2928.4000,34652,0,568281480.000,3,1,2,多换,S,2927.6000,2927.4000,2927.2000,2927.0000,2926.8000,2928.6000,2928.8000,2929.0000,2929.4000,2929.6000,3,5,3,5,2,8,3,6,2,21
SF,IH1912,2019-12-10 09:32:26.400,2928.4000,34652,0,569160000.000,1,0,1,多换,S,2927.8000,2927.6000,2927.4000,2927.2000,2927.0000,2928.6000,2928.8000,2929.0000,2929.4000,2929.6000,6,8,6,3,5,9,3,6,2,21
SF,IH1912,2019-12-10 09:32:26.900,2928.4000,34652,0,569160000.000,0,-,-,-,-,2928.0000,2927.8000,2927.6000,2927.4000,2927.2000,2928.6000,2928.8000,2929.0000,2929.4000,2929.6000,1,6,5,6,3,8,3,6,1,21
SF,IH1912,2019-12-10 09:32:27.400,2928.6000,34652,0,570038580.000,1,0,1,多换,S,2928.4000,2928.0000,2927.8000,2927.6000,2927.4000,2928.6000,2928.8000,2929.0000,2929.4000,2929.6000,1,2,5,5,6,7,3,6,1,21
SF,IH1912,2019-12-10 09:32:27.900,2928.4000,34651,-1,570917100.000,1,0,1,双平,S,2928.0000,2927.6000,2927.4000,2927.2000,2927.0000,2928.4000,2928.6000,2928.8000,2929.0000,2929.4000,3,4,6,3,6,9,7,3,6,1
SF,IH1912,2019-12-10 09:32:28.400,2928.0000,34649,-2,572673900.000,2,0,2,双平,S,2928.0000,2927.6000,2927.4000,2927.2000,2927.0000,2928.4000,2928.6000,2928.8000,2929.0000,2929.4000,1,5,6,3,6,9,7,3,6,1
SF,IH1912,2019-12-10 09:32:28.900,2928.0000,34647,-2,574430760.000,2,0,2,双平,S,2928.0000,2927.6000,2927.4000,2927.2000,2927.0000,2928.4000,2928.6000,2928.8000,2929.0000,2929.4000,1,5,6,3,6,9,7,3,6,1
SF,IH1912,2019-12-10 09:32:29.400,2928.4000,34644,-3,577066200.000,3,0,3,双平,S,2928.0000,2927.6000,2927.4000,2927.2000,2927.0000,2928.4000,2928.6000,2928.8000,2929.0000,2929.4000,1,5,6,3,6,7,7,3,6,1
SF,IH1912,2019-12-10 09:32:29.900,2928.0000,34644,0,577944600.000,1,0,1,多换,S,2927.8000,2927.6000,2927.4000,2927.2000,2927.0000,2928.4000,2928.6000,2928.8000,2929.0000,2929.4000,1,5,6,3,6,7,8,3,6,1
SF,IH1912,2019-12-10 09:32:30.400,2928.0000,34644,0,577944600.000,0,-,-,-,-,2927.8000,2927.6000,2927.4000,2927.2000,2927.0000,2928.2000,2928.4000,2928.6000,2928.8000,2929.0000,2,7,5,3,6,1,7,8,3,6
SF,IH1912,2019-12-10 09:32:30.900,2928.0000,34644,0,577944600.000,0,-,-,-,-,2928.0000,2927.8000,2927.6000,2927.4000,2927.2000,2928.2000,2928.4000,2928.6000,2928.8000,2929.0000,1,5,6,5,3,1,6,8,3,6
SF,IH1912,2019-12-10 09:32:31.400,2928.0000,34644,0,577944600.000,0,-,-,-,-,2928.0000,2927.8000,2927.6000,2927.4000,2927.2000,2928.2000,2928.4000,2928.6000,2928.8000,2929.0000,1,5,6,5,3,2,6,8,3,6
SF,IH1912,2019-12-10 09:32:31.900,2928.2000,34644,0,578823060.000,1,0,1,多换,S,2928.0000,2927.8000,2927.6000,2927.4000,2927.2000,2928.2000,2928.4000,2928.6000,2928.8000,2929.0000,2,5,6,5,3,1,6,8,3,6
SF,IH1912,2019-12-10 09:32:32.400,2928.2000,34644,0,579701520.000,1,0,1,多换,S,2928.0000,2927.8000,2927.6000,2927.4000,2927.2000,2928.4000,2928.6000,2928.8000,2929.0000,2929.4000,2,6,6,5,3,6,8,3,6,1
SF,IH1912,2019-12-10 09:32:32.900,2928.2000,34644,0,579701520.000,0,-,-,-,-,2928.2000,2928.0000,2927.8000,2927.6000,2927.4000,2928.4000,2928.6000,2928.8000,2929.0000,2929.4000,1,4,6,5,5,6,8,3,6,1
SF,IH1912,2019-12-10 09:32:33.400,2928.4000,34643,-1,581458500.000,2,0,2,多平,S,2928.0000,2927.8000,2927.6000,2927.4000,2927.2000,2928.4000,2928.6000,2928.8000,2929.0000,2929.4000,5,6,5,5,3,5,8,3,6,1
SF,IH1912,2019-12-10 09:32:33.900,2928.4000,34643,0,581458500.000,0,-,-,-,-,2928.2000,2928.0000,2927.8000,2927.6000,2927.4000,2928.4000,2928.6000,2928.8000,2929.0000,2929.4000,1,6,6,5,5,6,8,3,6,1
SF,IH1912,2019-12-10 09:32:34.900,2928.4000,34643,0,581458500.000,0,-,-,-,-,2928.2000,2928.0000,2927.8000,2927.6000,2927.4000,2928.4000,2928.6000,2928.8000,2929.0000,2929.4000,2,6,6,5,5,6,8,3,6,1
SF,IH1912,2019-12-10 09:32:35.400,2928.2000,34641,-2,583215420.000,2,0,2,双平,S,2928.0000,2927.8000,2927.6000,2927.4000,2927.2000,2928.4000,2928.6000,2928.8000,2929.0000,2929.4000,6,6,5,5,3,5,8,3,6,1
SF,IH1912,2019-12-10 09:32:35.900,2928.2000,34641,0,583215420.000,0,-,-,-,-,2928.0000,2927.8000,2927.6000,2927.4000,2927.2000,2928.4000,2928.6000,2928.8000,2929.0000,2929.4000,8,6,4,5,3,4,8,3,6,1
SF,IH1912,2019-12-10 09:32:36.400,2928.2000,34641,0,583215420.000,0,-,-,-,-,2928.0000,2927.8000,2927.6000,2927.4000,2927.2000,2928.4000,2928.6000,2928.8000,2929.0000,2929.4000,7,7,4,5,3,4,8,3,6,1
SF,IH1912,2019-12-10 09:32:36.900,2928.2000,34641,0,583215420.000,0,-,-,-,-,2928.0000,2927.8000,2927.6000,2927.4000,2927.2000,2928.4000,2928.6000,2928.8000,2929.0000,2929.4000,7,8,4,5,3,4,8,3,6,1
SF,IH1912,2019-12-10 09:32:37.400,2928.2000,34641,0,583215420.000,0,-,-,-,-,2928.0000,2927.8000,2927.6000,2927.4000,2927.2000,2928.4000,2928.6000,2928.8000,2929.0000,2929.4000,7,9,4,5,3,4,8,3,6,1
SF,IH1912,2019-12-10 09:32:37.900,2928.2000,34641,0,583215420.000,0,-,-,-,-,2928.0000,2927.8000,2927.6000,2927.4000,2927.2000,2928.4000,2928.6000,2928.8000,2929.0000,2929.4000,7,9,4,5,4,4,8,3,6,1
SF,IH1912,2019-12-10 09:32:38.400,2928.4000,34639,-2,584972460.000,2,0,2,双平,S,2928.2000,2928.0000,2927.8000,2927.6000,2927.4000,2928.4000,2928.6000,2928.8000,2929.0000,2929.4000,1,8,9,4,3,2,8,3,6,1
SF,IH1912,2019-12-10 09:32:38.900,2928.2000,34636,-3,587607960.000,3,0,3,双平,S,2928.0000,2927.8000,2927.6000,2927.4000,2927.2000,2928.6000,2928.8000,2929.0000,2929.4000,2929.6000,8,9,4,3,4,8,3,6,1,21
SF,IH1912,2019-12-10 09:32:39.400,2928.2000,34635,-1,588486420.000,1,0,1,双平,S,2928.0000,2927.8000,2927.6000,2927.4000,2927.2000,2928.6000,2928.8000,2929.0000,2929.4000,2929.6000,9,10,4,3,4,8,3,6,1,21
SF,IH1912,2019-12-10 09:32:39.900,2928.2000,34635,0,588486420.000,0,-,-,-,-,2928.0000,2927.8000,2927.6000,2927.4000,2927.2000,2928.6000,2928.8000,2929.0000,2929.4000,2929.6000,9,9,4,3,4,8,3,6,1,21
SF,IH1912,2019-12-10 09:32:40.400,2928.6000,34635,0,589365000.000,1,0,1,多换,S,2928.2000,2928.0000,2927.8000,2927.6000,2927.4000,2928.6000,2928.8000,2929.0000,2929.4000,2929.6000,1,9,9,4,3,7,3,6,1,21
SF,IH1912,2019-12-10 09:32:40.900,2928.6000,34635,0,591122160.000,2,1,1,多换,S,2928.2000,2928.0000,2927.8000,2927.6000,2927.4000,2928.6000,2928.8000,2929.0000,2929.4000,2929.6000,2,9,9,4,3,5,3,6,1,21
SF,IH1912,2019-12-10 09:32:41.400,2928.6000,34633,-2,592879320.000,2,0,2,双平,S,2928.4000,2928.2000,2928.0000,2927.8000,2927.6000,2928.6000,2928.8000,2929.0000,2929.4000,2929.6000,1,2,9,9,4,3,3,6,1,21
SF,IH1912,2019-12-10 09:32:41.900,2928.6000,34633,0,592879320.000,0,-,-,-,-,2928.4000,2928.2000,2928.0000,2927.8000,2927.6000,2928.6000,2928.8000,2929.0000,2929.4000,2929.6000,1,2,9,9,4,4,4,6,1,21
SF,IH1912,2019-12-10 09:32:42.400,2928.2000,34630,-3,596393280.000,4,0,4,多平,S,2928.0000,2927.8000,2927.6000,2927.4000,2927.2000,2928.6000,2928.8000,2929.0000,2929.4000,2929.6000,9,9,4,4,5,4,4,6,1,21
SF,IH1912,2019-12-10 09:32:42.900,2928.2000,34630,0,596393280.000,0,-,-,-,-,2928.0000,2927.8000,2927.6000,2927.4000,2927.2000,2928.4000,2928.6000,2928.8000,2929.0000,2929.4000,9,9,3,4,5,1,4,4,6,1
SF,IH1912,2019-12-10 09:32:43.400,2928.2000,34630,0,596393280.000,0,-,-,-,-,2928.0000,2927.8000,2927.6000,2927.4000,2927.2000,2928.4000,2928.6000,2928.8000,2929.0000,2929.4000,8,9,3,4,5,1,4,4,6,1
SF,IH1912,2019-12-10 09:32:43.900,2928.4000,34630,0,597271800.000,1,0,1,多换,S,2928.2000,2928.0000,2927.8000,2927.6000,2927.4000,2928.6000,2928.8000,2929.0000,2929.4000,2929.6000,1,8,9,3,4,4,4,6,1,21
SF,IH1912,2019-12-10 09:32:44.400,2928.2000,34629,-1,598150260.000,1,0,1,双平,S,2928.0000,2927.8000,2927.6000,2927.4000,2927.2000,2928.2000,2928.4000,2928.6000,2928.8000,2929.0000,8,9,3,4,5,1,1,4,4,6
SF,IH1912,2019-12-10 09:32:44.900,2928.0000,34627,-2,599907120.000,2,0,2,双平,S,2928.0000,2927.8000,2927.6000,2927.4000,2927.2000,2928.4000,2928.6000,2928.8000,2929.0000,2929.4000,7,9,3,4,5,1,4,4,6,1
SF,IH1912,2019-12-10 09:32:45.400,2928.0000,34627,0,599907120.000,0,-,-,-,-,2928.2000,2928.0000,2927.8000,2927.6000,2927.4000,2928.4000,2928.6000,2928.8000,2929.0000,2929.4000,1,9,8,3,4,1,4,4,6,1
SF,IH1912,2019-12-10 09:32:46.400,2928.4000,34626,-1,600785640.000,1,0,1,双平,S,2928.2000,2928.0000,2927.8000,2927.6000,2927.4000,2928.6000,2928.8000,2929.0000,2929.4000,2929.6000,1,9,8,3,4,4,4,6,1,21
SF,IH1912,2019-12-10 09:32:46.900,2928.4000,34626,0,600785640.000,0,-,-,-,-,2928.4000,2928.2000,2928.0000,2927.8000,2927.6000,2928.6000,2928.8000,2929.0000,2929.4000,2929.6000,1,1,9,8,3,4,4,6,1,21
SF,IH1912,2019-12-10 09:32:47.400,2928.4000,34625,-1,601664160.000,1,0,1,双平,S,2928.2000,2928.0000,2927.8000,2927.6000,2927.4000,2928.6000,2928.8000,2929.0000,2929.4000,2929.6000,1,8,8,3,4,4,4,6,1,21
SF,IH1912,2019-12-10 09:32:47.900,2928.4000,34625,0,601664160.000,0,-,-,-,-,2928.2000,2928.0000,2927.8000,2927.6000,2927.4000,2928.4000,2928.6000,2928.8000,2929.0000,2929.4000,1,8,7,3,4,3,4,4,6,1
SF,IH1912,2019-12-10 09:32:48.400,2928.4000,34625,0,601664160.000,0,-,-,-,-,2928.2000,2928.0000,2927.8000,2927.6000,2927.4000,2928.4000,2928.6000,2928.8000,2929.0000,2929.4000,1,8,7,3,4,2,4,4,6,1
SF,IH1912,2019-12-10 09:32:48.900,2928.4000,34625,0,601664160.000,0,-,-,-,-,2928.2000,2928.0000,2927.8000,2927.6000,2927.4000,2928.4000,2928.6000,2928.8000,2929.0000,2929.4000,1,8,7,3,4,4,4,4,6,1
SF,IH1912,2019-12-10 09:32:49.400,2928.4000,34625,0,601664160.000,0,-,-,-,-,2928.2000,2928.0000,2927.8000,2927.6000,2927.4000,2928.4000,2928.6000,2928.8000,2929.0000,2929.4000,1,8,7,3,4,2,4,4,6,1
SF,IH1912,2019-12-10 09:32:49.900,2928.4000,34625,0,601664160.000,0,-,-,-,-,2928.2000,2928.0000,2927.8000,2927.6000,2927.4000,2928.4000,2928.6000,2928.8000,2929.0000,2929.4000,2,8,7,3,4,2,4,4,6,1
SF,IH1912,2019-12-10 09:32:50.400,2928.4000,34625,0,601664160.000,0,-,-,-,-,2928.2000,2928.0000,2927.8000,2927.6000,2927.4000,2928.4000,2928.6000,2928.8000,2929.0000,2929.4000,2,8,7,3,4,2,4,4,3,1
SF,IH1912,2019-12-10 09:32:50.900,2928.2000,34624,-1,602542620.000,1,0,1,双平,S,2928.2000,2928.0000,2927.8000,2927.6000,2927.4000,2928.4000,2928.6000,2928.8000,2929.0000,2929.4000,1,8,7,3,4,3,7,4,3,1
SF,IH1912,2019-12-10 09:32:51.400,2928.2000,34624,0,602542620.000,0,-,-,-,-,2928.2000,2928.0000,2927.8000,2927.6000,2927.4000,2928.4000,2928.6000,2928.8000,2929.0000,2929.4000,1,9,7,3,4,3,7,4,3,1
SF,IH1912,2019-12-10 09:32:51.900,2928.2000,34624,0,602542620.000,0,-,-,-,-,2928.2000,2928.0000,2927.8000,2927.6000,2927.4000,2928.4000,2928.6000,2928.8000,2929.0000,2929.4000,1,9,7,3,4,3,7,4,3,1
SF,IH1912,2019-12-10 09:32:52.400,2928.2000,34624,0,602542620.000,0,-,-,-,-,2928.2000,2928.0000,2927.8000,2927.6000,2927.4000,2928.4000,2928.6000,2928.8000,2929.0000,2929.4000,3,9,7,3,4,3,7,4,3,1
SF,IH1912,2019-12-10 09:32:52.900,2928.2000,34624,0,602542620.000,0,-,-,-,-,2928.2000,2928.0000,2927.8000,2927.6000,2927.4000,2928.4000,2928.6000,2928.8000,2929.0000,2929.4000,3,9,7,3,4,3,6,3,3,1
SF,IH1912,2019-12-10 09:32:53.400,2928.2000,34624,0,602542620.000,0,-,-,-,-,2928.2000,2928.0000,2927.8000,2927.6000,2927.4000,2928.4000,2928.6000,2928.8000,2929.0000,2929.4000,3,9,7,3,4,3,6,3,3,1
SF,IH1912,2019-12-10 09:32:53.900,2928.2000,34624,0,602542620.000,0,-,-,-,-,2928.2000,2928.0000,2927.8000,2927.6000,2927.4000,2928.4000,2928.6000,2928.8000,2929.0000,2929.4000,3,8,7,3,4,3,6,3,3,1
SF,IH1912,2019-12-10 09:32:54.400,2928.2000,34624,0,602542620.000,0,-,-,-,-,2928.2000,2928.0000,2927.8000,2927.6000,2927.4000,2928.4000,2928.6000,2928.8000,2929.0000,2929.4000,4,8,7,3,4,3,6,3,3,1
SF,IH1912,2019-12-10 09:32:54.900,2928.4000,34623,-1,603421140.000,1,0,1,双平,S,2928.2000,2928.0000,2927.8000,2927.6000,2927.4000,2928.4000,2928.6000,2928.8000,2929.0000,2929.4000,5,7,7,3,4,2,6,3,3,1
SF,IH1912,2019-12-10 09:32:55.400,2928.4000,34621,-2,605178180.000,2,0,2,双平,S,2928.4000,2928.2000,2928.0000,2927.8000,2927.6000,2928.6000,2928.8000,2929.0000,2929.4000,2929.6000,2,5,7,7,3,6,3,3,1,21
SF,IH1912,2019-12-10 09:32:55.900,2928.4000,34619,-2,606935220.000,2,0,2,双平,S,2928.2000,2928.0000,2927.8000,2927.6000,2927.4000,2928.4000,2928.6000,2928.8000,2929.0000,2929.4000,5,7,7,2,4,3,8,3,3,1
SF,IH1912,2019-12-10 09:32:56.400,2928.2000,34615,-4,611327520.000,5,0,5,多平,S,2928.0000,2927.8000,2927.6000,2927.4000,2927.2000,2928.2000,2928.4000,2928.6000,2928.8000,2929.0000,6,6,2,4,5,1,5,6,3,3
SF,IH1912,2019-12-10 09:32:56.900,2928.2000,34615,0,611327520.000,0,-,-,-,-,2928.0000,2927.8000,2927.6000,2927.4000,2927.2000,2928.2000,2928.4000,2928.6000,2928.8000,2929.0000,8,7,2,4,5,1,6,6,3,3
SF,IH1912,2019-12-10 09:32:57.400,2928.2000,34614,-1,613084440.000,2,0,2,多平,S,2928.2000,2928.0000,2927.8000,2927.6000,2927.4000,2928.4000,2928.6000,2928.8000,2929.0000,2929.4000,1,6,7,2,4,5,6,3,3,1
SF,IH1912,2019-12-10 09:32:57.900,2928.2000,34614,0,613084440.000,0,-,-,-,-,2928.2000,2928.0000,2927.8000,2927.6000,2927.4000,2928.4000,2928.6000,2928.8000,2929.0000,2929.4000,1,6,6,2,4,5,6,3,3,1
SF,IH1912,2019-12-10 09:32:58.400,2928.4000,34613,-1,613962960.000,1,0,1,双平,S,2928.2000,2928.0000,2927.8000,2927.6000,2927.4000,2928.4000,2928.6000,2928.8000,2929.0000,2929.4000,2,6,6,2,4,2,6,3,3,1
SF,IH1912,2019-12-10 09:32:58.900,2928.4000,34608,-5,618355440.000,5,0,5,双平,S,2928.2000,2928.0000,2927.8000,2927.6000,2927.4000,2928.4000,2928.6000,2928.8000,2929.0000,2929.4000,1,6,6,2,4,1,6,3,3,1
SF,IH1912,2019-12-10 09:32:59.900,2928.4000,34608,0,618355440.000,0,-,-,-,-,2928.2000,2928.0000,2927.8000,2927.6000,2927.4000,2928.4000,2928.6000,2928.8000,2929.0000,2929.4000,1,6,6,2,4,2,6,3,3,1
SF,IH1912,2019-12-10 09:33:00.400,2928.2000,34608,0,619233900.000,1,0,1,多换,S,2928.0000,2927.8000,2927.6000,2927.4000,2927.2000,2928.4000,2928.6000,2928.8000,2929.0000,2929.4000,6,6,2,3,5,2,7,3,3,1
SF,IH1912,2019-12-10 09:33:00.900,2928.2000,34608,0,619233900.000,0,-,-,-,-,2928.0000,2927.8000,2927.6000,2927.4000,2927.2000,2928.2000,2928.4000,2928.6000,2928.8000,2929.0000,7,7,2,3,5,1,2,8,3,3
SF,IH1912,2019-12-10 09:33:01.400,2928.0000,34607,-1,620112300.000,1,0,1,双平,S,2928.0000,2927.8000,2927.6000,2927.4000,2927.2000,2928.2000,2928.6000,2928.8000,2929.0000,2929.4000,6,7,2,3,5,5,8,3,3,1
SF,IH1912,2019-12-10 09:33:01.900,2928.0000,34595,-12,630652980.000,12,0,12,双平,S,2927.8000,2927.6000,2927.4000,2927.2000,2927.0000,2928.0000,2928.2000,2928.4000,2928.6000,2928.8000,5,2,3,5,6,5,9,1,8,3
SF,IH1912,2019-12-10 09:33:02.400,2927.8000,34589,-6,636801300.000,7,0,7,多平,S,2927.6000,2927.4000,2927.2000,2927.0000,2926.8000,2927.8000,2928.0000,2928.2000,2928.4000,2928.6000,1,3,4,6,3,4,10,9,1,8
SF,IH1912,2019-12-10 09:33:02.900,2927.6000,34584,-5,642949260.000,7,1,6,多平,S,2927.4000,2927.2000,2927.0000,2926.8000,2926.6000,2927.6000,2927.8000,2928.0000,2928.2000,2928.4000,4,4,6,3,5,2,5,6,13,1
SF,IH1912,2019-12-10 09:33:03.400,2927.4000,34580,-4,646462140.000,4,0,4,双平,S,2927.4000,2927.2000,2927.0000,2926.8000,2926.6000,2927.6000,2927.8000,2928.0000,2928.2000,2928.4000,1,4,6,3,5,3,3,5,14,1
SF,IH1912,2019-12-10 09:33:03.900,2927.2000,34575,-5,650853060.000,5,0,5,双平,S,2927.2000,2927.0000,2926.8000,2926.6000,2926.4000,2927.4000,2927.6000,2927.8000,2928.0000,2928.2000,1,6,3,5,1,4,2,4,6,14
SF,IH1912,2019-12-10 09:33:04.400,2927.4000,34571,-4,655243920.000,5,0,5,多平,S,2927.0000,2926.8000,2926.6000,2926.4000,2926.2000,2927.4000,2927.6000,2927.8000,2928.0000,2928.2000,5,3,4,1,4,1,1,4,7,14
SF,IH1912,2019-12-10 09:33:04.900,2927.2000,34567,-4,658756620.000,4,0,4,双平,S,2927.2000,2927.0000,2926.8000,2926.6000,2926.4000,2927.4000,2927.6000,2927.8000,2928.0000,2928.2000,1,7,3,4,1,1,1,4,7,14
SF,IH1912,2019-12-10 09:33:05.400,2927.0000,34566,-1,660512880.000,2,0,2,多平,S,2927.2000,2927.0000,2926.8000,2926.6000,2926.4000,2927.6000,2927.8000,2928.0000,2928.2000,2928.6000,1,5,3,4,1,1,3,7,14,8
SF,IH1912,2019-12-10 09:33:05.900,2927.6000,34564,-2,664025640.000,4,1,3,多平,S,2927.0000,2926.8000,2926.6000,2926.4000,2926.2000,2927.6000,2927.8000,2928.0000,2928.2000,2928.6000,5,3,4,1,4,1,3,7,14,8
SF,IH1912,2019-12-10 09:33:06.400,2927.6000,34563,-1,664903920.000,1,0,1,双平,S,2927.0000,2926.8000,2926.6000,2926.4000,2926.2000,2927.2000,2927.8000,2928.0000,2928.2000,2928.6000,5,3,4,1,4,1,3,7,14,8
SF,IH1912,2019-12-10 09:33:06.900,2927.2000,34561,-2,666660240.000,2,0,2,双平,S,2927.0000,2926.8000,2926.6000,2926.4000,2926.2000,2927.2000,2927.8000,2928.0000,2928.2000,2928.6000,5,3,4,1,4,1,3,7,15,8
SF,IH1912,2019-12-10 09:33:07.400,2927.0000,34560,-1,667538340.000,1,0,1,双平,S,2927.0000,2926.8000,2926.6000,2926.4000,2926.2000,2927.2000,2927.8000,2928.0000,2928.2000,2928.4000,4,3,4,1,4,1,3,7,15,1
SF,IH1912,2019-12-10 09:33:07.900,2927.0000,34559,-1,668416440.000,1,0,1,双平,S,2927.0000,2926.8000,2926.6000,2926.4000,2926.2000,2927.2000,2927.8000,2928.0000,2928.2000,2928.4000,4,3,4,1,4,2,3,4,15,1
SF,IH1912,2019-12-10 09:33:08.400,2927.2000,34559,0,669294600.000,1,0,1,多换,S,2927.0000,2926.8000,2926.6000,2926.4000,2926.2000,2927.2000,2927.8000,2928.0000,2928.2000,2928.4000,4,3,4,1,4,1,3,4,15,1
SF,IH1912,2019-12-10 09:33:08.900,2927.0000,34558,-1,671929020.000,3,1,2,多平,S,2927.0000,2926.8000,2926.6000,2926.4000,2926.2000,2927.2000,2927.8000,2928.0000,2928.2000,2928.4000,5,4,4,1,4,2,3,4,12,1
SF,IH1912,2019-12-10 09:33:09.400,2927.0000,34557,-1,674563440.000,3,1,2,多平,S,2927.0000,2926.8000,2926.6000,2926.4000,2926.2000,2927.8000,2928.0000,2928.2000,2928.4000,2928.6000,5,4,4,1,4,3,4,12,1,8
SF,IH1912,2019-12-10 09:33:09.900,2927.0000,34557,0,674563440.000,0,-,-,-,-,2927.0000,2926.8000,2926.6000,2926.4000,2926.2000,2927.6000,2927.8000,2928.0000,2928.2000,2928.4000,4,4,4,1,4,3,5,4,12,1
SF,IH1912,2019-12-10 09:33:10.400,2927.0000,34557,0,674563440.000,0,-,-,-,-,2927.2000,2927.0000,2926.8000,2926.6000,2926.4000,2927.6000,2927.8000,2928.0000,2928.2000,2928.4000,2,4,4,4,1,3,4,4,12,1
SF,IH1912,2019-12-10 09:33:10.900,2927.0000,34557,0,674563440.000,0,-,-,-,-,2927.2000,2927.0000,2926.8000,2926.6000,2926.4000,2927.4000,2927.8000,2928.0000,2928.2000,2928.4000,1,5,4,4,1,1,3,4,12,1
SF,IH1912,2019-12-10 09:33:11.400,2927.0000,34554,-3,678076020.000,4,0,4,多平,S,2927.0000,2926.8000,2926.6000,2926.4000,2926.2000,2927.8000,2928.0000,2928.2000,2928.4000,2928.6000,3,4,4,1,4,3,4,8,1,8
SF,IH1912,2019-12-10 09:33:11.900,2927.0000,34553,-1,679832220.000,2,0,2,多平,S,2927.0000,2926.8000,2926.6000,2926.4000,2926.2000,2927.6000,2927.8000,2928.0000,2928.2000,2928.4000,1,4,4,1,4,4,6,3,8,1
SF,IH1912,2019-12-10 09:33:12.400,2927.0000,34553,0,679832220.000,0,-,-,-,-,2927.0000,2926.8000,2926.6000,2926.4000,2926.2000,2927.6000,2927.8000,2928.0000,2928.2000,2928.4000,1,4,4,1,4,4,5,3,9,1
SF,IH1912,2019-12-10 09:33:12.900,2927.0000,34553,0,680710320.000,1,0,1,多换,S,2927.2000,2926.8000,2926.6000,2926.4000,2926.2000,2927.6000,2927.8000,2928.0000,2928.2000,2928.4000,1,4,4,1,4,4,5,3,9,1
SF,IH1912,2019-12-10 09:33:13.400,2927.0000,34553,0,681588420.000,1,0,1,多换,S,2926.8000,2926.6000,2926.4000,2926.2000,2926.0000,2927.6000,2927.8000,2928.0000,2928.2000,2928.4000,4,4,1,4,9,4,5,3,9,1
SF,IH1912,2019-12-10 09:33:13.900,2927.0000,34553,0,681588420.000,0,-,-,-,-,2926.8000,2926.6000,2926.4000,2926.2000,2926.0000,2927.6000,2927.8000,2928.0000,2928.2000,2928.4000,7,5,1,4,9,6,3,3,9,1
SF,IH1912,2019-12-10 09:33:14.400,2927.0000,34553,0,681588420.000,0,-,-,-,-,2926.8000,2926.6000,2926.4000,2926.2000,2926.0000,2927.6000,2927.8000,2928.0000,2928.2000,2928.4000,7,5,1,4,9,3,3,3,9,1
SF,IH1912,2019-12-10 09:33:14.900,2927.0000,34553,0,681588420.000,0,-,-,-,-,2927.4000,2927.2000,2926.8000,2926.6000,2926.4000,2927.6000,2927.8000,2928.0000,2928.2000,2928.4000,2,1,8,6,1,2,3,3,8,1
SF,IH1912,2019-12-10 09:33:15.400,2927.0000,34553,0,681588420.000,0,-,-,-,-,2926.8000,2926.6000,2926.4000,2926.2000,2926.0000,2927.6000,2927.8000,2928.0000,2928.2000,2928.4000,8,6,1,4,9,2,3,3,8,1
SF,IH1912,2019-12-10 09:33:15.900,2927.8000,34552,-1,683345040.000,2,0,2,多平,S,2927.4000,2927.2000,2927.0000,2926.8000,2926.6000,2927.8000,2928.0000,2928.2000,2928.4000,2928.6000,5,4,8,10,6,2,3,8,1,7
SF,IH1912,2019-12-10 09:33:16.400,2927.8000,34552,0,683345040.000,0,-,-,-,-,2927.0000,2926.8000,2926.6000,2926.4000,2926.2000,2927.8000,2928.0000,2928.2000,2928.6000,2928.8000,7,10,6,1,4,3,3,8,7,3
SF,IH1912,2019-12-10 09:33:16.900,2927.8000,34552,0,683345040.000,0,-,-,-,-,2927.6000,2927.4000,2927.0000,2926.8000,2926.6000,2927.8000,2928.0000,2928.2000,2928.6000,2928.8000,5,2,8,10,6,3,3,8,7,3
SF,IH1912,2019-12-10 09:33:17.400,2927.8000,34552,0,683345040.000,0,-,-,-,-,2927.0000,2926.8000,2926.6000,2926.4000,2926.2000,2927.8000,2928.0000,2928.2000,2928.6000,2928.8000,3,9,6,1,4,3,5,8,7,3
SF,IH1912,2019-12-10 09:33:17.900,2927.6000,34551,-1,684223320.000,1,0,1,双平,S,2927.6000,2927.4000,2927.0000,2926.8000,2926.6000,2927.8000,2928.0000,2928.2000,2928.6000,2928.8000,4,2,4,8,6,2,5,8,7,3
SF,IH1912,2019-12-10 09:33:18.400,2927.8000,34550,-1,685101660.000,1,0,1,双平,S,2927.0000,2926.8000,2926.6000,2926.4000,2926.2000,2927.8000,2928.0000,2928.2000,2928.6000,2928.8000,3,8,6,1,4,2,5,8,7,3
SF,IH1912,2019-12-10 09:33:18.900,2927.8000,34550,0,685101660.000,0,-,-,-,-,2927.6000,2927.2000,2927.0000,2926.8000,2926.6000,2927.8000,2928.0000,2928.2000,2928.6000,2928.8000,14,3,4,8,6,2,5,8,7,3
SF,IH1912,2019-12-10 09:33:19.400,2927.8000,34550,0,686858340.000,2,1,1,多换,S,2927.2000,2927.0000,2926.8000,2926.6000,2926.4000,2928.0000,2928.2000,2928.6000,2928.8000,2929.0000,2,4,8,6,1,5,8,7,3,5
SF,IH1912,2019-12-10 09:33:19.900,2927.8000,34550,0,686858340.000,0,-,-,-,-,2927.2000,2927.0000,2926.8000,2926.6000,2926.4000,2928.0000,2928.2000,2928.6000,2928.8000,2929.0000,2,4,8,6,1,5,8,7,3,5
SF,IH1912,2019-12-10 09:33:20.400,2927.8000,34550,0,686858340.000,0,-,-,-,-,2927.2000,2927.0000,2926.8000,2926.6000,2926.4000,2928.0000,2928.2000,2928.6000,2928.8000,2929.0000,3,4,8,6,1,5,8,7,3,5
SF,IH1912,2019-12-10 09:33:20.900,2927.8000,34550,0,686858340.000,0,-,-,-,-,2927.8000,2927.6000,2927.4000,2927.2000,2927.0000,2928.0000,2928.2000,2928.6000,2928.8000,2929.0000,7,1,1,4,3,4,8,7,3,5
SF,IH1912,2019-12-10 09:33:21.400,2927.8000,34550,0,686858340.000,0,-,-,-,-,2927.4000,2927.2000,2927.0000,2926.8000,2926.6000,2928.0000,2928.2000,2928.6000,2928.8000,2929.0000,1,1,2,7,6,4,9,7,3,5
SF,IH1912,2019-12-10 09:33:21.900,2927.8000,34550,0,686858340.000,0,-,-,-,-,2927.4000,2927.2000,2927.0000,2926.8000,2926.6000,2928.0000,2928.2000,2928.6000,2928.8000,2929.0000,1,1,2,7,6,4,9,7,3,5
SF,IH1912,2019-12-10 09:33:22.400,2927.8000,34550,0,686858340.000,0,-,-,-,-,2927.8000,2927.4000,2927.2000,2927.0000,2926.8000,2928.0000,2928.2000,2928.6000,2928.8000,2929.0000,1,1,1,2,7,4,9,7,3,5
SF,IH1912,2019-12-10 09:33:22.900,2928.0000,34549,-1,687736740.000,1,0,1,双平,S,2927.4000,2927.2000,2927.0000,2926.8000,2926.6000,2927.8000,2928.0000,2928.2000,2928.6000,2928.8000,1,1,2,7,6,1,3,9,7,3
SF,IH1912,2019-12-10 09:33:23.400,2927.8000,34548,-1,689493420.000,2,0,2,多平,S,2927.8000,2927.6000,2927.4000,2927.2000,2927.0000,2928.0000,2928.2000,2928.6000,2928.8000,2929.0000,4,2,1,1,2,3,9,6,3,5
SF,IH1912,2019-12-10 09:33:23.900,2927.8000,34548,0,689493420.000,0,-,-,-,-,2927.4000,2927.2000,2927.0000,2926.8000,2926.6000,2928.0000,2928.2000,2928.6000,2928.8000,2929.0000,1,1,2,7,6,3,9,6,3,5
SF,IH1912,2019-12-10 09:33:24.400,2927.8000,34548,0,689493420.000,0,-,-,-,-,2927.8000,2927.4000,2927.2000,2927.0000,2926.8000,2928.0000,2928.2000,2928.6000,2928.8000,2929.0000,1,1,3,2,7,3,9,6,3,5
SF,IH1912,2019-12-10 09:33:24.900,2928.0000,34547,-1,690371820.000,1,0,1,双平,S,2927.4000,2927.2000,2927.0000,2926.8000,2926.6000,2928.0000,2928.2000,2928.6000,2928.8000,2929.0000,1,4,2,6,6,2,9,6,3,5
SF,IH1912,2019-12-10 09:33:25.400,2928.0000,34547,0,690371820.000,0,-,-,-,-,2927.8000,2927.4000,2927.2000,2927.0000,2926.8000,2928.0000,2928.2000,2928.6000,2928.8000,2929.0000,3,1,4,2,6,2,9,6,3,5
SF,IH1912,2019-12-10 09:33:25.900,2927.8000,34547,0,691250160.000,1,0,1,多换,S,2927.4000,2927.2000,2927.0000,2926.8000,2926.6000,2928.0000,2928.2000,2928.6000,2928.8000,2929.0000,1,4,2,6,6,2,9,6,3,5
SF,IH1912,2019-12-10 09:33:26.400,2927.8000,34547,0,691250160.000,0,-,-,-,-,2927.8000,2927.4000,2927.2000,2927.0000,2926.8000,2928.0000,2928.2000,2928.6000,2928.8000,2929.0000,1,1,4,2,6,2,9,6,3,5
SF,IH1912,2019-12-10 09:33:26.900,2927.8000,34546,-1,692128500.000,1,0,1,双平,S,2927.4000,2927.2000,2927.0000,2926.8000,2926.6000,2928.0000,2928.2000,2928.6000,2928.8000,2929.0000,1,4,2,6,6,2,9,6,3,5
SF,IH1912,2019-12-10 09:33:27.400,2927.8000,34546,0,692128500.000,0,-,-,-,-,2927.4000,2927.2000,2927.0000,2926.8000,2926.6000,2928.0000,2928.2000,2928.6000,2928.8000,2929.0000,1,4,2,6,6,2,9,6,3,5
SF,IH1912,2019-12-10 09:33:27.900,2927.8000,34546,0,692128500.000,0,-,-,-,-,2927.4000,2927.2000,2927.0000,2926.8000,2926.6000,2928.0000,2928.2000,2928.6000,2928.8000,2929.0000,1,4,2,6,6,4,9,6,3,5
SF,IH1912,2019-12-10 09:33:28.400,2927.8000,34546,0,692128500.000,0,-,-,-,-,2927.4000,2927.2000,2927.0000,2926.8000,2926.6000,2928.0000,2928.2000,2928.6000,2928.8000,2929.0000,2,4,2,6,6,4,9,6,3,5
SF,IH1912,2019-12-10 09:33:28.900,2927.8000,34546,0,692128500.000,0,-,-,-,-,2927.8000,2927.4000,2927.2000,2927.0000,2926.8000,2928.0000,2928.2000,2928.6000,2928.8000,2929.0000,1,2,4,3,6,4,7,6,3,5
SF,IH1912,2019-12-10 09:33:29.400,2927.8000,34544,-2,693885180.000,2,0,2,双平,S,2927.4000,2927.2000,2927.0000,2926.8000,2926.6000,2928.0000,2928.2000,2928.6000,2928.8000,2929.0000,2,4,3,6,6,4,7,6,3,5
SF,IH1912,2019-12-10 09:33:29.900,2927.8000,34544,0,693885180.000,0,-,-,-,-,2927.4000,2927.2000,2927.0000,2926.8000,2926.6000,2928.0000,2928.2000,2928.6000,2928.8000,2929.0000,2,4,3,6,6,4,7,6,3,5
SF,IH1912,2019-12-10 09:33:30.400,2927.8000,34544,0,693885180.000,0,-,-,-,-,2927.4000,2927.2000,2927.0000,2926.8000,2926.6000,2927.8000,2928.0000,2928.2000,2928.6000,2928.8000,1,4,3,6,6,3,4,7,5,3
SF,IH1912,2019-12-10 09:33:30.900,2927.8000,34541,-3,696520200.000,3,0,3,双平,S,2927.8000,2927.4000,2927.2000,2927.0000,2926.8000,2928.0000,2928.2000,2928.6000,2928.8000,2929.0000,3,1,4,3,6,3,7,5,3,5
SF,IH1912,2019-12-10 09:33:31.400,2928.0000,34540,-1,697398600.000,1,0,1,双平,S,2927.4000,2927.2000,2927.0000,2926.8000,2926.6000,2928.0000,2928.2000,2928.6000,2928.8000,2929.0000,1,4,3,6,6,3,7,5,3,5
SF,IH1912,2019-12-10 09:33:31.900,2928.0000,34540,0,697398600.000,0,-,-,-,-,2927.4000,2927.2000,2927.0000,2926.8000,2926.6000,2927.8000,2928.0000,2928.2000,2928.6000,2928.8000,1,4,3,6,6,1,3,7,5,3
SF,IH1912,2019-12-10 09:33:32.400,2927.4000,34538,-2,699155040.000,2,0,2,双平,S,2927.2000,2927.0000,2926.8000,2926.6000,2926.4000,2927.8000,2928.0000,2928.2000,2928.6000,2928.8000,4,3,6,6,1,1,3,7,5,3
SF,IH1912,2019-12-10 09:33:32.900,2927.4000,34538,0,699155040.000,0,-,-,-,-,2927.2000,2927.0000,2926.8000,2926.6000,2926.4000,2927.8000,2928.0000,2928.2000,2928.6000,2928.8000,4,3,6,6,1,1,4,7,5,3
SF,IH1912,2019-12-10 09:33:33.400,2927.4000,34538,0,699155040.000,0,-,-,-,-,2927.2000,2927.0000,2926.8000,2926.6000,2926.4000,2927.8000,2928.0000,2928.2000,2928.6000,2928.8000,5,3,6,6,1,1,4,7,5,3
SF,IH1912,2019-12-10 09:33:33.900,2927.2000,34537,-1,700911360.000,2,0,2,多平,S,2927.2000,2927.0000,2926.8000,2926.6000,2926.4000,2927.8000,2928.0000,2928.2000,2928.6000,2928.8000,3,3,6,6,1,2,3,7,5,3
SF,IH1912,2019-12-10 09:33:34.400,2927.2000,34537,0,700911360.000,0,-,-,-,-,2927.2000,2927.0000,2926.8000,2926.6000,2926.4000,2927.6000,2927.8000,2928.0000,2928.2000,2928.6000,3,3,6,6,1,2,2,3,7,5
SF,IH1912,2019-12-10 09:33:34.900,2927.2000,34537,0,700911360.000,0,-,-,-,-,2927.2000,2927.0000,2926.8000,2926.6000,2926.4000,2927.6000,2927.8000,2928.0000,2928.2000,2928.6000,3,3,5,6,1,2,1,3,7,5
SF,IH1912,2019-12-10 09:33:35.400,2927.8000,34535,-2,702667980.000,2,0,2,双平,S,2927.2000,2927.0000,2926.8000,2926.6000,2926.4000,2928.0000,2928.2000,2928.6000,2928.8000,2929.0000,3,3,5,6,1,3,7,5,3,5
SF,IH1912,2019-12-10 09:33:35.900,2928.2000,34530,-5,710573580.000,9,2,7,多平,S,2927.2000,2927.0000,2926.8000,2926.6000,2926.4000,2928.2000,2928.6000,2928.8000,2929.0000,2929.6000,3,2,5,6,1,4,5,3,5,2
SF,IH1912,2019-12-10 09:33:36.400,2927.8000,34530,0,711451920.000,1,0,1,多换,S,2927.8000,2927.4000,2927.2000,2927.0000,2926.8000,2928.2000,2928.6000,2928.8000,2929.0000,2929.6000,1,2,6,1,5,7,5,3,5,2
SF,IH1912,2019-12-10 09:33:36.900,2927.8000,34530,0,711451920.000,0,-,-,-,-,2927.4000,2927.2000,2927.0000,2926.8000,2926.6000,2927.8000,2928.2000,2928.6000,2928.8000,2929.0000,1,5,1,5,6,1,7,5,3,5
SF,IH1912,2019-12-10 09:33:37.400,2927.8000,34530,0,711451920.000,0,-,-,-,-,2927.4000,2927.2000,2927.0000,2926.8000,2926.6000,2927.8000,2928.2000,2928.6000,2928.8000,2929.0000,2,3,1,5,6,1,6,5,3,5
SF,IH1912,2019-12-10 09:33:38.400,2927.8000,34530,0,711451920.000,0,-,-,-,-,2927.4000,2927.2000,2927.0000,2926.8000,2926.6000,2927.8000,2928.2000,2928.6000,2928.8000,2929.0000,2,4,1,5,6,2,6,5,3,5
SF,IH1912,2019-12-10 09:33:38.900,2927.8000,34530,0,711451920.000,0,-,-,-,-,2927.6000,2927.4000,2927.2000,2927.0000,2926.8000,2927.8000,2928.2000,2928.6000,2928.8000,2929.0000,4,2,4,1,5,3,6,5,3,5
SF,IH1912,2019-12-10 09:33:39.400,2927.6000,34529,-1,712330200.000,1,0,1,双平,S,2927.4000,2927.2000,2927.0000,2926.8000,2926.6000,2927.8000,2928.2000,2928.6000,2928.8000,2929.0000,2,4,1,6,6,3,6,5,3,5
SF,IH1912,2019-12-10 09:33:39.900,2927.6000,34529,0,712330200.000,0,-,-,-,-,2927.4000,2927.2000,2927.0000,2926.8000,2926.6000,2927.8000,2928.2000,2928.6000,2928.8000,2929.0000,4,5,1,6,6,4,6,5,3,5
SF,IH1912,2019-12-10 09:33:40.400,2927.6000,34529,0,713208480.000,1,0,1,多换,S,2927.4000,2927.2000,2927.0000,2926.8000,2926.6000,2927.8000,2928.2000,2928.6000,2928.8000,2929.0000,3,5,1,6,6,5,6,5,3,5
SF,IH1912,2019-12-10 09:33:40.900,2927.8000,34526,-3,715843500.000,3,0,3,双平,S,2927.4000,2927.2000,2927.0000,2926.8000,2926.6000,2927.8000,2928.2000,2928.6000,2928.8000,2929.0000,3,5,1,6,6,2,6,5,3,5
SF,IH1912,2019-12-10 09:33:41.400,2927.6000,34525,-1,716721780.000,1,0,1,双平,S,2927.6000,2927.4000,2927.2000,2927.0000,2926.8000,2928.2000,2928.6000,2928.8000,2929.0000,2929.6000,4,3,5,1,6,6,5,3,5,2
SF,IH1912,2019-12-10 09:33:41.900,2927.6000,34525,0,716721780.000,0,-,-,-,-,2927.4000,2927.2000,2927.0000,2926.8000,2926.6000,2928.2000,2928.6000,2928.8000,2929.0000,2929.6000,3,5,1,6,6,8,5,3,5,2
SF,IH1912,2019-12-10 09:33:42.400,2927.6000,34524,-1,717600060.000,1,0,1,双平,S,2927.4000,2927.2000,2927.0000,2926.8000,2926.6000,2928.0000,2928.2000,2928.6000,2928.8000,2929.0000,4,5,1,6,6,1,10,5,3,5
SF,IH1912,2019-12-10 09:33:42.900,2927.6000,34524,0,717600060.000,0,-,-,-,-,2927.4000,2927.2000,2927.0000,2926.8000,2926.6000,2927.8000,2928.0000,2928.2000,2928.6000,2928.8000,2,5,1,6,6,4,3,9,5,3
SF,IH1912,2019-12-10 09:33:43.400,2927.6000,34524,0,717600060.000,0,-,-,-,-,2927.4000,2927.2000,2927.0000,2926.8000,2926.6000,2927.8000,2928.0000,2928.2000,2928.6000,2928.8000,3,5,1,6,6,4,3,9,5,3
SF,IH1912,2019-12-10 09:33:43.900,2927.6000,34524,0,717600060.000,0,-,-,-,-,2927.4000,2927.2000,2927.0000,2926.8000,2926.6000,2927.6000,2927.8000,2928.0000,2928.2000,2928.6000,3,5,1,6,6,3,4,2,29,5
SF,IH1912,2019-12-10 09:33:44.400,2927.4000,34522,-2,720234720.000,3,0,3,多平,S,2927.2000,2926.8000,2926.6000,2926.4000,2926.2000,2927.6000,2927.8000,2928.0000,2928.2000,2928.6000,5,6,6,1,4,5,2,1,29,5
SF,IH1912,2019-12-10 09:33:44.900,2927.4000,34522,0,720234720.000,0,-,-,-,-,2927.2000,2926.8000,2926.6000,2926.4000,2926.2000,2927.4000,2927.6000,2927.8000,2928.0000,2928.2000,5,6,6,1,4,2,5,2,1,29
SF,IH1912,2019-12-10 09:33:45.400,2927.2000,34523,1,721112880.000,1,1,0,双开,S,2927.2000,2926.8000,2926.6000,2926.4000,2926.2000,2927.4000,2927.6000,2927.8000,2928.0000,2928.2000,4,6,6,1,4,3,4,2,1,29
SF,IH1912,2019-12-10 09:33:45.900,2927.4000,34520,-3,725503740.000,5,1,4,多平,S,2926.8000,2926.6000,2926.4000,2926.2000,2926.0000,2927.4000,2927.6000,2927.8000,2928.0000,2928.2000,6,6,1,4,9,3,3,2,1,29
SF,IH1912,2019-12-10 09:33:46.400,2926.8000,34519,-1,726381780.000,1,0,1,双平,S,2926.8000,2926.6000,2926.4000,2926.2000,2926.0000,2927.4000,2927.6000,2928.0000,2928.2000,2928.6000,5,6,1,4,9,3,3,1,29,5
SF,IH1912,2019-12-10 09:33:46.900,2927.4000,34519,0,727260000.000,1,0,1,多换,S,2927.0000,2926.8000,2926.6000,2926.4000,2926.2000,2927.4000,2927.6000,2928.0000,2928.2000,2928.4000,1,5,6,1,4,1,3,1,29,1
SF,IH1912,2019-12-10 09:33:47.400,2927.2000,34519,0,728138160.000,1,0,1,多换,S,2927.0000,2926.8000,2926.6000,2926.4000,2926.2000,2927.4000,2927.6000,2928.0000,2928.2000,2928.4000,1,5,7,1,4,1,3,1,29,1
SF,IH1912,2019-12-10 09:33:47.900,2927.2000,34519,0,728138160.000,0,-,-,-,-,2927.2000,2927.0000,2926.8000,2926.6000,2926.4000,2927.4000,2927.6000,2928.0000,2928.2000,2928.4000,1,1,5,6,1,1,3,1,29,1
SF,IH1912,2019-12-10 09:33:48.400,2927.2000,34521,2,729894480.000,2,2,0,双开,S,2927.0000,2926.8000,2926.6000,2926.4000,2926.2000,2927.2000,2927.4000,2927.6000,2928.0000,2928.2000,1,5,6,1,4,2,1,3,1,28
SF,IH1912,2019-12-10 09:33:48.900,2927.2000,34520,-1,732528960.000,3,1,2,多平,S,2927.0000,2926.8000,2926.6000,2926.4000,2926.2000,2927.6000,2928.0000,2928.2000,2928.4000,2928.6000,1,5,6,1,4,3,1,28,1,5
SF,IH1912,2019-12-10 09:33:49.400,2927.4000,34520,0,733407180.000,1,0,1,多换,S,2927.0000,2926.8000,2926.6000,2926.4000,2926.2000,2927.6000,2928.0000,2928.2000,2928.4000,2928.6000,1,5,6,1,4,3,1,28,1,5
SF,IH1912,2019-12-10 09:33:49.900,2927.0000,34519,-1,734285280.000,1,0,1,双平,S,2926.8000,2926.6000,2926.4000,2926.2000,2926.0000,2927.6000,2928.0000,2928.2000,2928.4000,2928.6000,5,6,1,4,9,3,1,28,1,5
SF,IH1912,2019-12-10 09:33:50.400,2927.0000,34519,0,734285280.000,0,-,-,-,-,2926.8000,2926.6000,2926.4000,2926.2000,2926.0000,2927.6000,2928.0000,2928.2000,2928.4000,2928.6000,6,6,1,4,9,3,1,28,1,5
SF,IH1912,2019-12-10 09:33:50.900,2927.6000,34518,-1,735163560.000,1,0,1,双平,S,2927.0000,2926.8000,2926.6000,2926.4000,2926.2000,2927.6000,2928.0000,2928.2000,2928.4000,2928.6000,5,6,6,1,4,3,1,28,1,5
SF,IH1912,2019-12-10 09:33:51.400,2927.6000,34518,0,735163560.000,0,-,-,-,-,2927.2000,2927.0000,2926.8000,2926.6000,2926.4000,2927.6000,2928.0000,2928.2000,2928.4000,2928.6000,1,7,6,6,1,5,1,28,1,5
SF,IH1912,2019-12-10 09:33:51.900,2927.2000,34517,-1,741310980.000,7,3,4,多平,S,2927.0000,2926.8000,2926.6000,2926.4000,2926.2000,2927.6000,2928.0000,2928.2000,2928.4000,2928.6000,6,5,6,1,5,4,1,25,1,5
SF,IH1912,2019-12-10 09:33:52.400,2927.4000,34518,1,743067300.000,2,1,1,空开,S,2927.2000,2927.0000,2926.8000,2926.6000,2926.4000,2927.6000,2928.0000,2928.2000,2928.4000,2928.6000,3,5,5,6,1,4,1,28,1,5
SF,IH1912,2019-12-10 09:33:52.900,2927.2000,34519,1,743945460.000,1,1,0,双开,S,2927.2000,2927.0000,2926.8000,2926.6000,2926.4000,2927.6000,2928.0000,2928.2000,2928.4000,2928.6000,2,5,5,6,1,4,1,28,1,5
SF,IH1912,2019-12-10 09:33:53.400,2927.2000,34519,0,743945460.000,0,-,-,-,-,2927.2000,2927.0000,2926.8000,2926.6000,2926.4000,2927.6000,2928.0000,2928.2000,2928.4000,2928.6000,2,6,5,6,1,4,1,28,1,5
SF,IH1912,2019-12-10 09:33:53.900,2927.6000,34518,-1,744823740.000,1,0,1,双平,S,2927.2000,2927.0000,2926.8000,2926.6000,2926.4000,2927.6000,2928.0000,2928.2000,2928.4000,2928.6000,2,6,5,6,1,4,1,28,1,5
SF,IH1912,2019-12-10 09:33:54.400,2927.6000,34518,0,744823740.000,0,-,-,-,-,2927.2000,2927.0000,2926.8000,2926.6000,2926.4000,2927.6000,2928.0000,2928.2000,2928.4000,2928.6000,2,6,5,6,1,4,1,28,1,5
SF,IH1912,2019-12-10 09:33:54.900,2927.6000,34517,-1,747458580.000,3,1,2,多平,S,2927.2000,2927.0000,2926.8000,2926.6000,2926.4000,2927.6000,2928.0000,2928.2000,2928.4000,2928.6000,2,6,5,6,1,2,1,28,1,5
SF,IH1912,2019-12-10 09:33:55.400,2927.2000,34517,0,749215020.000,2,1,1,多换,S,2927.2000,2927.0000,2926.8000,2926.6000,2926.4000,2927.6000,2928.0000,2928.2000,2928.4000,2928.6000,1,6,5,6,1,1,1,28,1,5
SF,IH1912,2019-12-10 09:33:55.900,2927.6000,34516,-1,750093300.000,1,0,1,双平,S,2927.2000,2927.0000,2926.8000,2926.6000,2926.4000,2928.0000,2928.2000,2928.4000,2928.6000,2928.8000,1,6,5,6,1,1,28,1,5,3
SF,IH1912,2019-12-10 09:33:56.400,2927.6000,34516,0,750093300.000,0,-,-,-,-,2927.2000,2927.0000,2926.8000,2926.6000,2926.4000,2927.6000,2928.0000,2928.2000,2928.6000,2928.8000,1,6,5,6,1,5,4,28,5,3
SF,IH1912,2019-12-10 09:33:56.900,2927.6000,34516,0,750093300.000,0,-,-,-,-,2927.2000,2927.0000,2926.8000,2926.6000,2926.4000,2927.4000,2927.6000,2927.8000,2928.0000,2928.2000,2,6,5,6,1,1,5,2,2,28
SF,IH1912,2019-12-10 09:33:57.400,2927.6000,34516,0,750093300.000,0,-,-,-,-,2927.4000,2927.2000,2927.0000,2926.8000,2926.6000,2927.6000,2927.8000,2928.0000,2928.2000,2928.4000,1,4,7,5,6,5,1,2,28,1
SF,IH1912,2019-12-10 09:33:57.900,2927.2000,34516,0,752727960.000,3,1,2,多换,S,2927.2000,2927.0000,2926.8000,2926.6000,2926.4000,2927.6000,2927.8000,2928.0000,2928.2000,2928.4000,6,7,5,6,1,4,1,2,28,1
SF,IH1912,2019-12-10 09:33:58.400,2927.6000,34517,1,753606240.000,1,1,0,双开,S,2927.2000,2927.0000,2926.8000,2926.6000,2926.4000,2927.6000,2927.8000,2928.0000,2928.2000,2928.4000,6,7,5,6,1,3,1,2,28,1
SF,IH1912,2019-12-10 09:33:58.900,2927.6000,34517,0,753606240.000,0,-,-,-,-,2927.2000,2927.0000,2926.8000,2926.6000,2926.4000,2927.6000,2927.8000,2928.0000,2928.2000,2928.4000,6,7,5,6,1,3,1,2,28,1
SF,IH1912,2019-12-10 09:33:59.900,2927.6000,34517,0,755362800.000,2,1,1,多换,S,2927.2000,2927.0000,2926.8000,2926.6000,2926.4000,2927.8000,2928.0000,2928.2000,2928.4000,2928.6000,6,7,5,6,1,2,2,25,1,5
SF,IH1912,2019-12-10 09:34:00.400,2927.6000,34516,-1,756241080.000,1,0,1,双平,S,2927.6000,2927.2000,2927.0000,2926.8000,2926.6000,2927.8000,2928.0000,2928.2000,2928.4000,2928.6000,5,6,7,5,6,2,3,25,1,5
SF,IH1912,2019-12-10 09:34:00.900,2927.8000,34516,0,757119420.000,1,0,1,多换,S,2927.2000,2927.0000,2926.8000,2926.6000,2926.4000,2927.8000,2928.0000,2928.2000,2928.4000,2928.6000,6,7,5,6,1,1,4,25,1,5
SF,IH1912,2019-12-10 09:34:01.400,2928.0000,34514,-2,758876160.000,2,0,2,双平,S,2927.8000,2927.6000,2927.4000,2927.2000,2927.0000,2928.0000,2928.2000,2928.4000,2928.6000,2928.8000,1,7,3,6,7,3,25,1,5,3
SF,IH1912,2019-12-10 09:34:01.900,2928.0000,34514,0,758876160.000,0,-,-,-,-,2927.4000,2927.2000,2927.0000,2926.8000,2926.6000,2928.0000,2928.2000,2928.4000,2928.6000,2928.8000,3,6,7,5,6,3,25,1,5,3
SF,IH1912,2019-12-10 09:34:02.400,2928.0000,34510,-4,762389640.000,4,0,4,双平,S,2927.4000,2927.2000,2927.0000,2926.8000,2926.6000,2928.2000,2928.4000,2928.6000,2928.8000,2929.0000,4,8,5,5,6,25,1,5,3,4
SF,IH1912,2019-12-10 09:34:02.900,2927.6000,34508,-2,764146320.000,2,0,2,双平,S,2927.6000,2927.4000,2927.2000,2927.0000,2926.8000,2928.2000,2928.4000,2928.6000,2928.8000,2929.0000,1,5,8,5,5,25,1,5,3,4
SF,IH1912,2019-12-10 09:34:03.400,2928.0000,34507,-1,766781220.000,3,1,2,多平,S,2927.4000,2927.2000,2927.0000,2926.8000,2926.6000,2928.0000,2928.2000,2928.4000,2928.6000,2928.8000,5,8,5,5,7,1,25,1,5,3
SF,IH1912,2019-12-10 09:34:03.900,2928.2000,34507,0,767659680.000,1,0,1,多换,S,2928.0000,2927.6000,2927.4000,2927.2000,2927.0000,2928.2000,2928.4000,2928.6000,2928.8000,2929.0000,1,1,3,8,5,24,1,5,3,4
SF,IH1912,2019-12-10 09:34:04.400,2928.0000,34506,-1,768538080.000,1,0,1,双平,S,2927.4000,2927.2000,2927.0000,2926.8000,2926.6000,2928.0000,2928.2000,2928.4000,2928.6000,2928.8000,3,8,5,5,7,1,25,1,5,3
SF,IH1912,2019-12-10 09:34:04.900,2928.2000,34506,0,769416540.000,1,0,1,多换,S,2927.8000,2927.4000,2927.2000,2927.0000,2926.8000,2928.2000,2928.4000,2928.6000,2928.8000,2929.0000,4,3,8,5,5,24,1,5,3,4
SF,IH1912,2019-12-10 09:34:05.400,2928.2000,34506,0,769416540.000,0,-,-,-,-,2927.6000,2927.4000,2927.2000,2927.0000,2926.8000,2928.2000,2928.4000,2928.6000,2928.8000,2929.0000,2,6,8,5,5,23,1,5,3,4
SF,IH1912,2019-12-10 09:34:05.900,2928.2000,34506,0,769416540.000,0,-,-,-,-,2927.6000,2927.4000,2927.2000,2927.0000,2926.8000,2928.2000,2928.4000,2928.6000,2928.8000,2929.0000,3,6,9,5,5,23,1,5,3,4
SF,IH1912,2019-12-10 09:34:06.400,2928.2000,34506,0,769416540.000,0,-,-,-,-,2927.6000,2927.4000,2927.2000,2927.0000,2926.8000,2928.0000,2928.2000,2928.4000,2928.6000,2928.8000,5,6,9,5,5,1,23,1,5,3
SF,IH1912,2019-12-10 09:34:06.900,2928.0000,34504,-2,774687180.000,6,2,4,多平,S,2928.0000,2927.8000,2927.6000,2927.4000,2927.2000,2928.2000,2928.4000,2928.6000,2928.8000,2929.0000,7,5,6,6,9,19,2,4,3,4
SF,IH1912,2019-12-10 09:34:07.400,2928.4000,34483,-21,793134960.000,21,0,21,双平,S,2928.4000,2928.2000,2928.0000,2927.6000,2927.4000,2928.6000,2928.8000,2929.0000,2929.6000,2929.8000,1,20,1,7,6,4,3,4,2,1
SF,IH1912,2019-12-10 09:34:07.900,2928.6000,34475,-8,801042420.000,9,0,9,多平,S,2928.6000,2928.2000,2928.0000,2927.6000,2927.4000,2929.0000,2929.6000,2929.8000,2930.0000,2930.2000,5,15,2,7,6,3,2,1,1,1
SF,IH1912,2019-12-10 09:34:08.400,2929.0000,34475,0,802799820.000,2,1,1,多换,S,2928.8000,2928.6000,2928.2000,2928.0000,2927.6000,2929.0000,2929.6000,2929.8000,2930.0000,2930.2000,1,1,15,1,7,2,2,1,1,1
SF,IH1912,2019-12-10 09:34:08.900,2929.6000,34473,-2,805436100.000,3,0,3,多平,S,2929.0000,2928.8000,2928.6000,2928.4000,2928.2000,2929.8000,2930.0000,2930.2000,2930.8000,2931.0000,1,2,1,1,15,1,1,2,1,2
SF,IH1912,2019-12-10 09:34:09.400,2929.2000,34470,-3,808072380.000,3,0,3,双平,S,2929.0000,2928.8000,2928.6000,2928.4000,2928.2000,2929.2000,2929.6000,2929.8000,2930.0000,2930.2000,6,2,1,1,15,1,1,3,2,1
SF,IH1912,2019-12-10 09:34:09.900,2929.2000,34469,-1,808951140.000,1,0,1,双平,S,2929.4000,2929.2000,2929.0000,2928.8000,2928.4000,2929.8000,2930.0000,2930.2000,2930.8000,2931.0000,1,13,5,2,1,2,1,1,2,2
SF,IH1912,2019-12-10 09:34:10.400,2929.6000,34467,-2,811587660.000,3,0,3,多平,S,2929.2000,2929.0000,2928.8000,2928.4000,2928.2000,2929.4000,2929.8000,2930.0000,2930.2000,2930.8000,5,4,2,1,12,1,2,1,1,2
SF,IH1912,2019-12-10 09:34:10.900,2929.4000,34467,0,812466480.000,1,0,1,多换,S,2929.4000,2929.2000,2929.0000,2928.8000,2928.6000,2929.8000,2930.0000,2930.2000,2930.8000,2931.0000,3,5,4,2,1,2,1,1,2,2
SF,IH1912,2019-12-10 09:34:11.400,2929.6000,34466,-1,813345360.000,1,0,1,双平,S,2929.4000,2929.2000,2929.0000,2928.8000,2928.6000,2929.6000,2929.8000,2930.0000,2930.2000,2930.8000,3,4,3,2,1,3,2,1,1,2
SF,IH1912,2019-12-10 09:34:11.900,2929.8000,34464,-2,815103120.000,2,0,2,双平,S,2929.4000,2929.2000,2929.0000,2928.8000,2928.6000,2929.8000,2930.0000,2930.2000,2930.8000,2931.0000,3,4,3,2,1,1,1,1,2,2
SF,IH1912,2019-12-10 09:34:12.400,2929.8000,34464,0,815103120.000,0,-,-,-,-,2929.4000,2929.2000,2929.0000,2928.8000,2928.6000,2929.8000,2930.0000,2930.2000,2930.8000,2931.0000,3,4,3,2,4,2,1,1,2,2
SF,IH1912,2019-12-10 09:34:12.900,2929.8000,34464,0,815103120.000,0,-,-,-,-,2929.6000,2929.4000,2929.2000,2929.0000,2928.8000,2929.8000,2930.0000,2930.2000,2930.8000,2931.0000,1,2,4,3,2,2,1,1,2,2
SF,IH1912,2019-12-10 09:34:13.400,2929.6000,34464,0,815982000.000,1,0,1,多换,S,2929.4000,2929.2000,2929.0000,2928.8000,2928.6000,2929.6000,2929.8000,2930.0000,2930.2000,2930.8000,2,4,3,2,4,1,2,1,1,2
SF,IH1912,2019-12-10 09:34:13.900,2929.6000,34463,-1,816860880.000,1,0,1,双平,S,2929.4000,2929.2000,2929.0000,2928.8000,2928.6000,2929.8000,2930.0000,2930.2000,2930.8000,2931.0000,2,4,3,2,4,2,1,1,2,2
SF,IH1912,2019-12-10 09:34:14.400,2929.6000,34463,0,816860880.000,0,-,-,-,-,2929.4000,2929.2000,2929.0000,2928.8000,2928.6000,2929.8000,2930.0000,2930.2000,2930.8000,2931.0000,2,4,2,2,4,2,1,1,2,2
SF,IH1912,2019-12-10 09:34:14.900,2929.6000,34463,0,816860880.000,0,-,-,-,-,2929.6000,2929.4000,2929.2000,2929.0000,2928.8000,2929.8000,2930.0000,2930.2000,2930.8000,2931.0000,1,2,2,2,2,2,1,1,2,2
SF,IH1912,2019-12-10 09:34:15.400,2929.8000,34461,-2,819497520.000,3,0,3,多平,S,2929.4000,2929.2000,2929.0000,2928.8000,2928.6000,2929.8000,2930.0000,2930.2000,2930.8000,2931.0000,1,2,2,2,4,1,1,1,2,2
SF,IH1912,2019-12-10 09:34:15.900,2929.8000,34460,-1,820376460.000,1,0,1,双平,S,2929.8000,2929.4000,2929.2000,2929.0000,2928.8000,2930.0000,2930.2000,2930.8000,2931.0000,2931.2000,5,1,2,2,2,1,1,2,2,1
SF,IH1912,2019-12-10 09:34:16.400,2930.0000,34459,-1,821255460.000,1,0,1,双平,S,2929.8000,2929.4000,2929.2000,2929.0000,2928.8000,2930.2000,2930.8000,2931.0000,2931.2000,2931.8000,5,1,2,2,2,1,2,2,1,3
SF,IH1912,2019-12-10 09:34:16.900,2929.8000,34458,-1,823013460.000,2,0,2,多平,S,2930.0000,2929.8000,2929.4000,2929.2000,2929.0000,2930.8000,2931.0000,2931.2000,2931.8000,2932.0000,1,4,1,2,2,2,2,1,3,1
SF,IH1912,2019-12-10 09:34:17.400,2930.0000,34458,0,823892460.000,1,0,1,多换,S,2930.0000,2929.8000,2929.4000,2929.2000,2929.0000,2930.2000,2930.4000,2930.6000,2930.8000,2931.0000,4,4,1,2,2,1,1,5,3,2
SF,IH1912,2019-12-10 09:34:17.900,2930.2000,34459,1,824771520.000,1,1,0,双开,S,2930.0000,2929.8000,2929.4000,2929.2000,2929.0000,2930.2000,2930.4000,2930.6000,2930.8000,2931.0000,4,4,1,2,2,1,1,2,2,2
SF,IH1912,2019-12-10 09:34:18.400,2930.4000,34457,-2,826529700.000,2,0,2,双平,S,2930.2000,2930.0000,2929.8000,2929.4000,2929.2000,2930.6000,2930.8000,2931.0000,2931.2000,2931.4000,1,4,4,1,2,1,2,2,1,3
SF,IH1912,2019-12-10 09:34:18.900,2930.2000,34456,-1,827408760.000,1,0,1,双平,S,2930.2000,2930.0000,2929.8000,2929.4000,2929.2000,2930.8000,2931.0000,2931.2000,2931.4000,2931.8000,1,2,4,1,2,1,1,1,3,4
