市场代码,合约代码,时间,最新,持仓,增仓,成交额,成交量,开仓,平仓,成交类型,方向,买一价,买二价,买三价,买四价,买五价,卖一价,卖二价,卖三价,卖四价,卖五价,买一量,买二量,买三量,买四量,买五量,卖一量,卖二量,卖三量,卖四量,卖五量
SF,IH1911,2019-11-15 09:29:00.300,2970.4000,9971,0,37427040.000,42.000,-,-,-,-,2970.2000,2970.0000,2969.4000,2968.8000,2968.6000,2971.0000,2971.6000,2972.0000,2972.2000,2972.6000,2,13,1,7,2,13,1,2,1,2
SF,IH1911,2019-11-15 09:30:00.300,2971.0000,9956,-15,56144460.000,21,3,18,多平,S,2970.4000,2970.2000,2970.0000,2969.4000,2968.8000,2970.6000,2972.0000,2972.2000,2972.6000,2972.8000,14,3,13,1,7,1,2,1,2,5
SF,IH1911,2019-11-15 09:30:00.800,2971.2000,9939,-17,71299920.000,17,0,17,双平,S,2971.0000,2970.8000,2970.6000,2970.4000,2970.2000,2972.6000,2972.8000,2973.0000,2974.8000,2975.0000,15,2,10,20,5,3,5,1,20,1
SF,IH1911,2019-11-15 09:30:01.300,2971.4000,9929,-10,84676320.000,15,2,13,多平,S,2971.4000,2971.2000,2971.0000,2970.6000,2970.4000,2972.6000,2972.8000,2973.0000,2974.8000,2975.0000,1,22,16,7,8,4,4,1,20,1
SF,IH1911,2019-11-15 09:30:01.800,2972.8000,9924,-5,91810620.000,8,1,7,多平,S,2972.6000,2972.0000,2971.6000,2971.4000,2971.2000,2972.8000,2973.0000,2974.8000,2975.0000,2975.6000,4,1,17,2,9,3,1,20,1,1
SF,IH1911,2019-11-15 09:30:02.300,2972.8000,9913,-11,102512760.000,12,0,12,多平,S,2972.8000,2972.6000,2971.6000,2971.4000,2971.2000,2974.8000,2975.0000,2975.6000,2975.8000,2976.8000,20,7,4,1,5,21,1,1,1,1
SF,IH1911,2019-11-15 09:30:02.800,2974.4000,9912,-1,105189120.000,3,1,2,多平,S,2973.0000,2972.8000,2972.6000,2971.8000,2971.6000,2974.4000,2974.6000,2974.8000,2975.0000,2975.6000,7,19,4,1,4,3,8,21,1,1
SF,IH1911,2019-11-15 09:30:03.300,2974.4000,9910,-2,106973760.000,2,0,2,双平,S,2973.8000,2973.2000,2973.0000,2972.8000,2972.6000,2974.2000,2974.4000,2974.6000,2974.8000,2975.0000,2,18,5,8,4,6,3,1,21,1
SF,IH1911,2019-11-15 09:30:03.800,2974.0000,9905,-5,112327260.000,6,0,6,多平,S,2974.0000,2973.8000,2973.2000,2973.0000,2972.8000,2974.2000,2974.4000,2974.8000,2975.0000,2975.6000,14,3,10,1,5,1,3,21,1,1
SF,IH1911,2019-11-15 09:30:04.300,2974.2000,9904,-1,114111780.000,2,0,2,多平,S,2974.2000,2974.0000,2973.8000,2973.2000,2973.0000,2974.4000,2974.8000,2975.0000,2975.6000,2975.8000,4,14,2,10,1,3,21,1,1,1
SF,IH1911,2019-11-15 09:30:04.800,2974.4000,9901,-3,118573380.000,5,1,4,多平,S,2974.4000,2974.2000,2974.0000,2973.8000,2973.2000,2974.8000,2975.0000,2975.6000,2975.8000,2976.8000,7,8,4,2,6,21,1,1,1,1
SF,IH1911,2019-11-15 09:30:05.300,2974.4000,9897,-4,123035100.000,5,0,5,多平,S,2974.6000,2974.4000,2974.2000,2974.0000,2973.8000,2974.8000,2975.0000,2975.6000,2975.8000,2976.8000,1,6,6,4,3,21,1,1,1,1
SF,IH1911,2019-11-15 09:30:05.800,2974.6000,9893,-4,126604620.000,4,0,4,双平,S,2974.4000,2974.2000,2974.0000,2973.8000,2973.2000,2974.6000,2974.8000,2975.0000,2975.6000,2975.8000,3,6,2,3,2,1,21,1,1,1
SF,IH1911,2019-11-15 09:30:06.300,2974.2000,9891,-2,130173840.000,4,1,3,多平,S,2974.2000,2974.0000,2973.8000,2973.2000,2972.8000,2974.4000,2974.6000,2974.8000,2975.0000,2975.6000,5,2,3,2,5,2,2,21,1,1
SF,IH1911,2019-11-15 09:30:06.800,2974.2000,9887,-4,133743000.000,4,0,4,双平,S,2974.2000,2974.0000,2973.8000,2973.2000,2972.8000,2974.6000,2974.8000,2975.0000,2975.6000,2975.8000,4,2,3,2,5,2,21,1,1,1
SF,IH1911,2019-11-15 09:30:07.300,2974.2000,9883,-4,137312040.000,4,0,4,双平,S,2974.2000,2974.0000,2973.8000,2973.2000,2972.8000,2974.6000,2974.8000,2975.0000,2975.6000,2975.8000,2,2,2,3,4,1,21,1,1,1
SF,IH1911,2019-11-15 09:30:07.800,2974.2000,9883,0,138204300.000,1,0,1,多换,S,2974.2000,2974.0000,2973.8000,2973.2000,2972.8000,2974.4000,2974.6000,2974.8000,2975.0000,2975.6000,1,2,2,3,4,6,1,21,1,1
SF,IH1911,2019-11-15 09:30:08.300,2974.0000,9880,-3,141773280.000,4,0,4,多平,S,2973.8000,2973.2000,2972.8000,2972.6000,2971.8000,2974.2000,2974.4000,2974.6000,2974.8000,2975.0000,2,3,4,5,1,1,5,1,21,1
SF,IH1911,2019-11-15 09:30:08.800,2973.8000,9879,-1,142665420.000,1,0,1,双平,S,2974.0000,2973.8000,2973.2000,2972.8000,2972.6000,2974.2000,2974.4000,2974.6000,2974.8000,2975.0000,1,1,3,4,5,2,5,1,26,1
SF,IH1911,2019-11-15 09:30:09.300,2973.8000,9876,-3,145341840.000,3,0,3,双平,S,2973.2000,2972.8000,2972.6000,2971.2000,2971.0000,2973.4000,2973.8000,2974.0000,2974.2000,2974.4000,1,4,5,3,15,1,1,3,3,5
SF,IH1911,2019-11-15 09:30:09.800,2973.4000,9876,0,146233860.000,1,0,1,多换,S,2973.4000,2973.2000,2972.8000,2972.6000,2971.2000,2973.8000,2974.0000,2974.2000,2974.4000,2974.8000,7,1,4,5,3,1,3,1,5,26
SF,IH1911,2019-11-15 09:30:10.300,2973.4000,9868,-8,153370560.000,8,0,8,双平,S,2973.4000,2973.2000,2972.8000,2972.6000,2971.2000,2973.6000,2974.0000,2974.2000,2974.4000,2974.6000,1,1,4,4,3,1,2,1,5,1
SF,IH1911,2019-11-15 09:30:10.800,2974.4000,9860,-8,160508040.000,8,0,8,双平,S,2972.8000,2972.6000,2972.0000,2971.2000,2971.0000,2974.4000,2974.6000,2974.8000,2975.0000,2975.2000,4,4,3,3,15,3,1,26,1,2
SF,IH1911,2019-11-15 09:30:11.300,2973.6000,9858,-2,162292380.000,2,0,2,双平,S,2973.0000,2972.8000,2972.6000,2972.0000,2971.2000,2974.0000,2974.2000,2974.4000,2974.6000,2974.8000,3,4,4,3,3,1,2,4,1,26
SF,IH1911,2019-11-15 09:30:11.800,2973.2000,9857,-1,163184340.000,1,0,1,双平,S,2973.0000,2972.8000,2972.6000,2972.0000,2971.2000,2974.0000,2974.2000,2974.4000,2974.6000,2974.8000,6,4,4,3,3,1,2,4,2,26
SF,IH1911,2019-11-15 09:30:12.300,2973.2000,9856,-1,164076300.000,1,0,1,双平,S,2973.6000,2973.0000,2972.8000,2972.6000,2972.0000,2973.8000,2974.0000,2974.2000,2974.4000,2974.6000,1,3,4,4,3,1,2,1,3,2
SF,IH1911,2019-11-15 09:30:12.800,2973.8000,9853,-3,167644740.000,4,0,4,多平,S,2973.8000,2973.0000,2972.8000,2972.6000,2972.0000,2974.0000,2974.4000,2974.6000,2974.8000,2975.0000,1,3,4,4,3,1,3,2,26,1
SF,IH1911,2019-11-15 09:30:13.300,2973.8000,9853,0,168536880.000,1,0,1,多换,S,2973.0000,2972.8000,2972.6000,2972.0000,2971.2000,2973.2000,2974.0000,2974.4000,2974.6000,2974.8000,3,4,4,3,3,1,7,3,2,26
SF,IH1911,2019-11-15 09:30:13.800,2973.4000,9852,-1,169428900.000,1,0,1,双平,S,2973.4000,2973.2000,2973.0000,2972.8000,2972.6000,2974.0000,2974.4000,2974.6000,2974.8000,2975.0000,1,2,1,4,4,6,3,2,26,1
SF,IH1911,2019-11-15 09:30:14.300,2973.8000,9847,-5,173889480.000,5,0,5,双平,S,2973.2000,2973.0000,2972.8000,2972.6000,2972.0000,2973.8000,2974.0000,2974.4000,2974.6000,2974.8000,2,1,4,3,3,1,6,2,2,26
SF,IH1911,2019-11-15 09:30:14.800,2973.4000,9846,-1,174781500.000,1,0,1,双平,S,2973.2000,2973.0000,2972.8000,2972.6000,2972.0000,2973.6000,2973.8000,2974.0000,2974.4000,2974.6000,3,1,4,3,3,1,1,7,2,2
SF,IH1911,2019-11-15 09:30:15.300,2973.4000,9846,0,174781500.000,0,-,-,-,-,2973.2000,2973.0000,2972.8000,2972.6000,2972.0000,2973.8000,2974.0000,2974.4000,2974.6000,2974.8000,3,1,4,3,3,1,7,2,2,26
SF,IH1911,2019-11-15 09:30:15.800,2973.4000,9845,-1,175673520.000,1,0,1,双平,S,2973.2000,2973.0000,2972.8000,2972.6000,2972.0000,2973.8000,2974.0000,2974.4000,2974.6000,2974.8000,3,1,4,3,3,1,7,2,2,26
SF,IH1911,2019-11-15 09:30:16.300,2973.4000,9845,0,175673520.000,0,-,-,-,-,2973.2000,2973.0000,2972.8000,2972.6000,2972.0000,2973.6000,2973.8000,2974.0000,2974.4000,2974.6000,3,1,4,3,3,1,1,7,2,2
SF,IH1911,2019-11-15 09:30:16.800,2973.2000,9844,-1,177457440.000,2,0,2,多平,S,2973.2000,2973.0000,2972.8000,2972.6000,2972.0000,2973.8000,2974.0000,2974.4000,2974.6000,2974.8000,1,1,4,3,3,4,6,2,2,26
SF,IH1911,2019-11-15 09:30:17.300,2973.2000,9844,0,178349400.000,1,0,1,多换,S,2973.0000,2972.8000,2972.6000,2972.0000,2971.2000,2973.4000,2973.8000,2974.0000,2974.4000,2974.6000,1,4,3,3,3,1,4,6,2,2
SF,IH1911,2019-11-15 09:30:17.800,2973.8000,9841,-3,181025640.000,3,0,3,双平,S,2973.0000,2972.8000,2972.6000,2972.0000,2971.2000,2973.2000,2973.8000,2974.0000,2974.4000,2974.6000,1,4,3,3,3,3,1,6,2,2
SF,IH1911,2019-11-15 09:30:18.300,2973.2000,9839,-2,182809740.000,2,0,2,双平,S,2973.0000,2972.8000,2972.6000,2972.0000,2971.2000,2973.2000,2973.8000,2974.0000,2974.4000,2974.6000,1,4,3,3,3,1,1,6,2,2
SF,IH1911,2019-11-15 09:30:18.800,2973.0000,9836,-3,186377700.000,4,0,4,多平,S,2973.8000,2972.8000,2972.6000,2972.0000,2971.2000,2974.0000,2974.4000,2974.6000,2974.8000,2975.0000,1,4,3,3,3,6,2,2,26,1
SF,IH1911,2019-11-15 09:30:19.300,2973.8000,9835,-1,187269840.000,1,0,1,双平,S,2972.8000,2972.6000,2972.0000,2971.2000,2971.0000,2974.0000,2974.4000,2974.6000,2974.8000,2975.0000,4,3,3,3,15,7,2,2,26,1
SF,IH1911,2019-11-15 09:30:19.800,2973.8000,9835,0,187269840.000,0,-,-,-,-,2973.0000,2972.8000,2972.6000,2972.0000,2971.2000,2973.6000,2973.8000,2974.0000,2974.4000,2974.6000,1,4,3,2,3,1,3,6,2,2
SF,IH1911,2019-11-15 09:30:20.300,2973.8000,9835,0,187269840.000,0,-,-,-,-,2973.0000,2972.8000,2972.6000,2972.0000,2971.2000,2973.2000,2973.4000,2973.8000,2974.0000,2974.4000,1,4,3,2,3,2,1,7,6,1
SF,IH1911,2019-11-15 09:30:20.800,2972.8000,9834,-1,189053580.000,2,0,2,多平,S,2972.8000,2972.6000,2972.0000,2971.2000,2971.0000,2973.2000,2973.8000,2974.0000,2974.4000,2974.6000,3,3,2,3,15,2,4,6,1,2
SF,IH1911,2019-11-15 09:30:21.300,2972.8000,9832,-2,190837260.000,2,0,2,双平,S,2972.8000,2972.6000,2971.2000,2971.0000,2970.6000,2973.2000,2973.8000,2974.0000,2974.4000,2974.6000,1,3,3,15,2,2,4,6,1,2
SF,IH1911,2019-11-15 09:30:21.800,2972.6000,9830,-2,192620880.000,2,0,2,双平,S,2972.6000,2971.2000,2971.0000,2970.8000,2970.6000,2973.2000,2973.8000,2974.0000,2974.4000,2974.6000,2,3,15,1,2,2,4,6,1,2
SF,IH1911,2019-11-15 09:30:22.300,2972.8000,9828,-2,194404620.000,2,0,2,双平,S,2972.6000,2971.2000,2971.0000,2970.8000,2970.6000,2973.2000,2973.8000,2974.0000,2974.4000,2974.6000,2,3,15,1,2,2,4,6,1,2
SF,IH1911,2019-11-15 09:30:22.800,2973.0000,9825,-3,197080200.000,3,0,3,双平,S,2972.6000,2972.4000,2971.2000,2971.0000,2970.8000,2973.0000,2973.2000,2973.8000,2974.0000,2974.4000,1,2,3,15,1,1,3,4,6,1
SF,IH1911,2019-11-15 09:30:23.300,2972.6000,9823,-2,198863880.000,2,0,2,双平,S,2972.8000,2971.2000,2971.0000,2970.8000,2970.6000,2973.0000,2973.2000,2973.8000,2974.0000,2974.4000,1,3,15,1,2,1,3,4,6,1
SF,IH1911,2019-11-15 09:30:23.800,2972.8000,9820,-3,201539460.000,3,0,3,双平,S,2971.2000,2971.0000,2970.8000,2970.6000,2970.4000,2973.2000,2973.8000,2974.0000,2974.4000,2974.6000,3,15,1,2,6,3,4,6,1,2
SF,IH1911,2019-11-15 09:30:24.300,2972.8000,9820,0,201539460.000,0,-,-,-,-,2972.0000,2971.4000,2971.2000,2971.0000,2970.8000,2973.0000,2973.2000,2973.8000,2974.0000,2974.4000,1,11,3,15,1,3,3,4,6,1
SF,IH1911,2019-11-15 09:30:24.800,2972.8000,9820,0,201539460.000,0,-,-,-,-,2972.2000,2972.0000,2971.4000,2971.2000,2971.0000,2973.0000,2973.2000,2973.4000,2973.6000,2973.8000,1,1,9,2,15,6,3,1,10,3
SF,IH1911,2019-11-15 09:30:25.300,2972.8000,9820,0,201539460.000,0,-,-,-,-,2972.2000,2972.0000,2971.4000,2971.2000,2971.0000,2973.0000,2973.2000,2973.4000,2973.6000,2973.8000,3,1,3,2,15,6,3,1,10,3
SF,IH1911,2019-11-15 09:30:25.800,2972.6000,9816,-4,205106460.000,4,0,4,双平,S,2972.4000,2972.2000,2972.0000,2971.4000,2971.2000,2973.0000,2973.2000,2973.4000,2973.6000,2973.8000,3,3,1,2,2,6,1,1,10,3
SF,IH1911,2019-11-15 09:30:26.300,2972.4000,9814,-2,206889960.000,2,0,2,双平,S,2972.2000,2972.0000,2971.4000,2971.2000,2971.0000,2972.6000,2973.0000,2973.2000,2973.4000,2973.6000,3,1,2,2,15,1,5,1,1,10
SF,IH1911,2019-11-15 09:30:26.800,2972.4000,9814,0,206889960.000,0,-,-,-,-,2972.2000,2971.2000,2971.0000,2970.8000,2970.6000,2972.6000,2973.0000,2973.2000,2973.4000,2973.6000,3,2,15,1,2,1,5,1,1,10
SF,IH1911,2019-11-15 09:30:27.300,2972.4000,9814,0,206889960.000,0,-,-,-,-,2972.2000,2971.8000,2971.2000,2971.0000,2970.8000,2972.6000,2973.0000,2973.2000,2973.4000,2973.6000,3,1,2,15,1,1,5,1,1,10
SF,IH1911,2019-11-15 09:30:28.300,2972.4000,9814,0,206889960.000,0,-,-,-,-,2972.2000,2971.8000,2971.2000,2971.0000,2970.8000,2972.4000,2972.6000,2973.0000,2973.2000,2973.4000,3,1,2,15,1,1,1,5,1,1
SF,IH1911,2019-11-15 09:30:29.300,2972.4000,9814,0,206889960.000,0,-,-,-,-,2972.2000,2971.8000,2971.2000,2971.0000,2970.8000,2972.4000,2972.6000,2973.0000,2973.4000,2973.6000,5,1,2,15,1,1,1,5,1,10
SF,IH1911,2019-11-15 09:30:29.800,2972.2000,9811,-3,209564940.000,3,0,3,双平,S,2972.2000,2971.8000,2971.2000,2971.0000,2970.8000,2972.4000,2972.6000,2973.0000,2973.4000,2973.6000,2,1,2,15,1,1,1,5,1,10
SF,IH1911,2019-11-15 09:30:30.300,2972.4000,9810,-1,210456660.000,1,0,1,双平,S,2972.4000,2972.2000,2971.8000,2971.2000,2971.0000,2972.6000,2973.0000,2973.4000,2973.6000,2973.8000,4,1,1,2,15,1,5,1,10,3
SF,IH1911,2019-11-15 09:30:30.800,2972.6000,9808,-2,216698760.000,7,2,5,多平,S,2972.6000,2971.8000,2971.2000,2971.0000,2970.8000,2973.0000,2973.6000,2973.8000,2974.0000,2974.2000,2,1,2,15,1,5,10,3,5,1
SF,IH1911,2019-11-15 09:30:31.300,2972.6000,9804,-4,222049560.000,6,1,5,多平,S,2971.8000,2971.2000,2971.0000,2970.8000,2970.6000,2972.2000,2973.0000,2973.6000,2973.8000,2974.0000,1,2,15,1,2,3,4,10,3,5
SF,IH1911,2019-11-15 09:30:31.800,2972.0000,9802,-2,223832880.000,2,0,2,双平,S,2971.8000,2971.2000,2971.0000,2970.8000,2970.6000,2972.2000,2972.4000,2973.0000,2973.6000,2973.8000,1,2,15,1,2,2,1,4,10,3
SF,IH1911,2019-11-15 09:30:32.300,2971.8000,9800,-2,225616020.000,2,0,2,双平,S,2971.2000,2971.0000,2970.8000,2970.6000,2970.4000,2971.8000,2972.2000,2972.4000,2973.0000,2973.6000,2,15,1,2,6,2,2,1,4,10
SF,IH1911,2019-11-15 09:30:32.800,2971.8000,9799,-1,226507560.000,1,0,1,双平,S,2971.4000,2971.2000,2971.0000,2970.8000,2970.6000,2971.8000,2972.2000,2972.4000,2973.0000,2973.6000,4,2,15,1,2,1,2,1,4,10
SF,IH1911,2019-11-15 09:30:33.300,2971.8000,9799,0,226507560.000,0,-,-,-,-,2971.6000,2971.4000,2971.2000,2971.0000,2970.8000,2971.8000,2972.2000,2972.4000,2973.0000,2973.6000,2,2,2,15,1,1,2,1,4,10
SF,IH1911,2019-11-15 09:30:33.800,2971.8000,9798,-1,227399100.000,1,0,1,双平,S,2972.0000,2971.8000,2971.6000,2971.4000,2971.2000,2972.2000,2972.4000,2973.0000,2973.6000,2973.8000,2,4,2,1,2,2,1,4,10,3
SF,IH1911,2019-11-15 09:30:34.300,2972.2000,9795,-3,230965560.000,4,0,4,多平,S,2971.8000,2971.2000,2971.0000,2970.8000,2970.6000,2972.4000,2973.0000,2973.6000,2973.8000,2974.0000,4,2,15,1,2,1,4,10,3,5
SF,IH1911,2019-11-15 09:30:34.800,2972.4000,9794,-1,231857280.000,1,0,1,双平,S,2972.6000,2971.8000,2971.2000,2971.0000,2970.8000,2973.0000,2973.6000,2973.8000,2974.0000,2974.2000,1,4,2,15,1,4,10,3,5,1
SF,IH1911,2019-11-15 09:30:35.300,2972.6000,9793,-1,232749060.000,1,0,1,双平,S,2971.8000,2971.2000,2971.0000,2970.8000,2970.6000,2972.6000,2973.0000,2973.6000,2973.8000,2974.0000,2,2,15,1,2,3,5,10,4,5
SF,IH1911,2019-11-15 09:30:35.800,2973.0000,9789,-4,236316300.000,4,0,4,双平,S,2972.0000,2971.8000,2971.6000,2971.2000,2971.0000,2973.0000,2973.6000,2973.8000,2974.0000,2974.2000,2,1,2,2,15,4,10,4,5,1
SF,IH1911,2019-11-15 09:30:36.300,2973.0000,9789,0,236316300.000,0,-,-,-,-,2972.2000,2972.0000,2971.8000,2971.6000,2971.2000,2973.0000,2973.6000,2973.8000,2974.0000,2974.2000,1,1,1,2,2,4,10,4,5,1
SF,IH1911,2019-11-15 09:30:36.800,2973.0000,9789,0,236316300.000,0,-,-,-,-,2972.2000,2972.0000,2971.8000,2971.2000,2971.0000,2973.0000,2973.6000,2973.8000,2974.0000,2974.2000,1,1,1,2,15,4,10,4,5,1
SF,IH1911,2019-11-15 09:30:37.300,2972.2000,9788,-1,237207960.000,1,0,1,双平,S,2972.0000,2971.8000,2971.2000,2971.0000,2970.8000,2973.0000,2973.6000,2973.8000,2974.0000,2974.2000,1,1,2,15,1,4,10,4,5,1
SF,IH1911,2019-11-15 09:30:37.800,2972.2000,9788,0,237207960.000,0,-,-,-,-,2972.2000,2972.0000,2971.8000,2971.2000,2971.0000,2973.0000,2973.6000,2973.8000,2974.0000,2974.2000,1,1,3,2,15,4,10,4,5,1
SF,IH1911,2019-11-15 09:30:38.300,2973.0000,9787,-1,238099860.000,1,0,1,双平,S,2972.2000,2972.0000,2971.8000,2971.2000,2971.0000,2972.6000,2972.8000,2973.0000,2973.6000,2973.8000,1,1,1,2,15,3,3,3,10,4
SF,IH1911,2019-11-15 09:30:38.800,2973.0000,9787,0,238099860.000,0,-,-,-,-,2972.2000,2972.0000,2971.8000,2971.2000,2971.0000,2972.6000,2972.8000,2973.0000,2973.6000,2973.8000,1,1,1,2,15,3,6,3,10,4
SF,IH1911,2019-11-15 09:30:39.300,2972.6000,9784,-3,240775200.000,3,0,3,双平,S,2972.6000,2972.4000,2972.2000,2972.0000,2971.8000,2972.8000,2973.0000,2973.6000,2973.8000,2974.0000,2,1,1,3,1,6,3,10,4,5
SF,IH1911,2019-11-15 09:30:39.800,2972.6000,9781,-3,243450540.000,3,0,3,双平,S,2972.4000,2972.0000,2971.8000,2971.2000,2971.0000,2972.8000,2973.0000,2973.6000,2973.8000,2974.0000,1,3,1,2,15,9,3,10,4,5
SF,IH1911,2019-11-15 09:30:40.300,2972.8000,9772,-9,251477100.000,9,0,9,双平,S,2972.4000,2972.0000,2971.8000,2971.2000,2971.0000,2972.6000,2973.0000,2973.6000,2973.8000,2974.0000,1,3,1,2,15,1,3,10,4,5
SF,IH1911,2019-11-15 09:30:40.800,2972.6000,9771,-1,252368880.000,1,0,1,双平,S,2972.8000,2972.6000,2972.4000,2972.0000,2971.8000,2973.0000,2973.6000,2973.8000,2974.0000,2974.2000,3,1,1,3,1,3,10,4,5,3
SF,IH1911,2019-11-15 09:30:41.300,2972.6000,9767,-4,255936000.000,4,0,4,双平,S,2972.4000,2972.0000,2971.8000,2971.2000,2971.0000,2973.0000,2973.6000,2973.8000,2974.0000,2974.2000,1,3,1,2,17,3,10,4,5,3
SF,IH1911,2019-11-15 09:30:41.800,2972.6000,9767,0,255936000.000,0,-,-,-,-,2972.8000,2972.0000,2971.8000,2971.2000,2971.0000,2973.0000,2973.6000,2973.8000,2974.0000,2974.2000,1,3,1,2,17,3,10,4,5,3
SF,IH1911,2019-11-15 09:30:42.300,2972.8000,9766,-1,257719740.000,2,0,2,多平,S,2972.8000,2972.0000,2971.8000,2971.2000,2971.0000,2973.0000,2973.6000,2973.8000,2974.0000,2974.2000,2,3,1,2,17,2,10,4,5,3
SF,IH1911,2019-11-15 09:30:43.300,2973.0000,9766,0,258611640.000,1,0,1,多换,S,2972.8000,2972.0000,2971.8000,2971.2000,2971.0000,2973.0000,2973.6000,2973.8000,2974.0000,2974.2000,2,3,1,2,17,1,10,4,5,3
SF,IH1911,2019-11-15 09:30:43.800,2973.0000,9765,-1,259503540.000,1,0,1,双平,S,2973.0000,2972.8000,2972.0000,2971.8000,2971.2000,2973.6000,2973.8000,2974.0000,2974.2000,2974.6000,2,2,3,1,2,10,4,5,3,1
SF,IH1911,2019-11-15 09:30:44.300,2973.4000,9761,-4,263071740.000,4,0,4,双平,S,2973.0000,2972.0000,2971.8000,2971.2000,2971.0000,2973.2000,2973.6000,2973.8000,2974.0000,2974.2000,4,3,1,2,16,1,8,4,5,1
SF,IH1911,2019-11-15 09:30:44.800,2973.4000,9760,-1,263963760.000,1,0,1,双平,S,2973.0000,2972.0000,2971.2000,2971.0000,2970.8000,2973.6000,2973.8000,2974.0000,2974.2000,2974.6000,5,3,2,16,1,8,4,5,1,1
SF,IH1911,2019-11-15 09:30:45.300,2973.4000,9760,0,263963760.000,0,-,-,-,-,2973.2000,2973.0000,2972.0000,2971.2000,2971.0000,2973.6000,2973.8000,2974.0000,2974.2000,2974.6000,2,3,3,2,16,8,4,5,1,1
SF,IH1911,2019-11-15 09:30:45.800,2973.0000,9753,-7,271099080.000,8,0,8,多平,S,2972.0000,2971.2000,2971.0000,2970.8000,2970.6000,2973.0000,2973.6000,2973.8000,2974.2000,2974.6000,3,2,16,1,2,2,8,4,1,1
SF,IH1911,2019-11-15 09:30:46.300,2973.0000,9753,0,271099080.000,0,-,-,-,-,2972.2000,2972.0000,2971.2000,2971.0000,2970.8000,2973.0000,2973.6000,2973.8000,2974.2000,2974.6000,1,3,2,16,1,2,8,4,1,1
SF,IH1911,2019-11-15 09:30:46.800,2973.0000,9753,0,271099080.000,0,-,-,-,-,2972.2000,2972.0000,2971.2000,2971.0000,2970.8000,2973.0000,2973.6000,2973.8000,2974.2000,2974.6000,3,3,2,16,1,2,8,4,1,1
SF,IH1911,2019-11-15 09:30:47.300,2972.6000,9752,-1,271990860.000,1,0,1,双平,S,2972.2000,2972.0000,2971.2000,2971.0000,2970.8000,2973.0000,2973.6000,2973.8000,2974.2000,2974.6000,3,3,2,16,1,2,8,4,1,1
SF,IH1911,2019-11-15 09:30:47.800,2972.6000,9752,0,271990860.000,0,-,-,-,-,2972.2000,2972.0000,2971.2000,2971.0000,2970.8000,2973.0000,2973.6000,2973.8000,2974.2000,2974.6000,3,3,2,16,1,2,8,4,1,1
SF,IH1911,2019-11-15 09:30:48.300,2972.6000,9752,0,271990860.000,0,-,-,-,-,2972.2000,2972.0000,2971.2000,2971.0000,2970.8000,2973.0000,2973.6000,2973.8000,2974.2000,2974.6000,2,3,2,16,1,2,8,4,1,1
SF,IH1911,2019-11-15 09:30:48.800,2972.6000,9752,0,271990860.000,0,-,-,-,-,2972.2000,2972.0000,2971.2000,2971.0000,2970.8000,2973.0000,2973.6000,2973.8000,2974.2000,2974.6000,2,3,2,16,1,2,8,4,1,1
SF,IH1911,2019-11-15 09:30:49.300,2972.6000,9752,0,271990860.000,0,-,-,-,-,2972.8000,2972.2000,2972.0000,2971.2000,2971.0000,2973.0000,2973.6000,2973.8000,2974.2000,2974.6000,1,1,3,2,16,2,8,4,1,1
SF,IH1911,2019-11-15 09:30:49.800,2973.0000,9750,-2,273774660.000,2,0,2,双平,S,2972.8000,2972.2000,2972.0000,2971.2000,2971.0000,2973.6000,2973.8000,2974.2000,2974.6000,2974.8000,1,1,3,2,16,8,4,1,1,25
SF,IH1911,2019-11-15 09:30:50.300,2972.8000,9749,-1,274666500.000,1,0,1,双平,S,2972.2000,2972.0000,2971.2000,2971.0000,2970.8000,2973.6000,2973.8000,2974.2000,2974.6000,2974.8000,1,4,2,16,1,8,4,1,1,25
SF,IH1911,2019-11-15 09:30:50.800,2972.8000,9749,0,274666500.000,0,-,-,-,-,2972.2000,2972.0000,2971.2000,2971.0000,2970.8000,2973.2000,2973.4000,2973.6000,2973.8000,2974.2000,1,4,2,16,1,1,1,10,4,1
SF,IH1911,2019-11-15 09:30:51.300,2972.8000,9749,0,274666500.000,0,-,-,-,-,2972.2000,2972.0000,2971.2000,2971.0000,2970.8000,2972.8000,2973.2000,2973.4000,2973.6000,2973.8000,1,4,2,16,1,1,1,2,10,4
SF,IH1911,2019-11-15 09:30:51.800,2972.8000,9748,-1,275558340.000,1,0,1,双平,S,2973.0000,2972.2000,2972.0000,2971.2000,2971.0000,2973.2000,2973.4000,2973.6000,2973.8000,2974.2000,5,1,4,2,16,2,1,10,4,1
SF,IH1911,2019-11-15 09:30:52.300,2973.0000,9743,-5,280017900.000,5,0,5,双平,S,2973.0000,2972.2000,2972.0000,2971.2000,2971.0000,2973.2000,2973.4000,2973.6000,2973.8000,2974.2000,1,1,4,2,16,1,1,10,4,1
SF,IH1911,2019-11-15 09:30:52.800,2973.0000,9742,-1,280909800.000,1,0,1,双平,S,2972.2000,2972.0000,2971.2000,2971.0000,2970.8000,2972.8000,2973.0000,2973.2000,2973.4000,2973.6000,1,4,2,16,1,1,2,1,1,10
SF,IH1911,2019-11-15 09:30:53.300,2972.8000,9741,-1,281801640.000,1,0,1,双平,S,2972.4000,2972.2000,2972.0000,2971.2000,2971.0000,2973.0000,2973.2000,2973.4000,2973.6000,2973.8000,1,1,4,2,16,2,1,1,10,4
SF,IH1911,2019-11-15 09:30:53.800,2972.8000,9741,0,281801640.000,0,-,-,-,-,2972.4000,2972.2000,2972.0000,2971.2000,2971.0000,2972.6000,2973.0000,2973.2000,2973.4000,2973.6000,1,2,4,2,16,1,2,1,1,10
SF,IH1911,2019-11-15 09:30:54.300,2972.6000,9739,-2,283585200.000,2,0,2,双平,S,2972.6000,2972.4000,2972.2000,2972.0000,2971.2000,2973.0000,2973.2000,2973.4000,2973.6000,2973.8000,1,1,2,4,2,1,1,1,10,4
SF,IH1911,2019-11-15 09:30:54.800,2972.6000,9739,0,283585200.000,0,-,-,-,-,2972.4000,2972.2000,2972.0000,2971.2000,2971.0000,2973.0000,2973.2000,2973.4000,2973.6000,2973.8000,1,2,4,2,16,1,1,1,10,4
SF,IH1911,2019-11-15 09:30:55.300,2973.0000,9739,0,284477100.000,1,0,1,多换,S,2972.8000,2972.4000,2972.2000,2972.0000,2971.2000,2973.2000,2973.4000,2973.6000,2973.8000,2974.2000,2,1,2,5,2,1,1,10,4,1
SF,IH1911,2019-11-15 09:30:55.800,2973.0000,9739,0,284477100.000,0,-,-,-,-,2973.0000,2972.8000,2972.4000,2972.2000,2972.0000,2973.2000,2973.4000,2973.6000,2973.8000,2974.2000,1,2,1,2,5,1,1,8,4,1
SF,IH1911,2019-11-15 09:30:56.800,2972.8000,9737,-2,286260840.000,2,0,2,双平,S,2972.8000,2972.6000,2972.4000,2972.2000,2972.0000,2973.0000,2973.2000,2973.4000,2973.6000,2973.8000,1,1,6,2,5,1,1,1,8,4
SF,IH1911,2019-11-15 09:30:57.800,2973.0000,9736,-1,287152740.000,1,0,1,双平,S,2972.8000,2972.6000,2972.4000,2972.2000,2972.0000,2973.2000,2973.4000,2973.6000,2973.8000,2974.2000,3,1,6,2,5,1,1,8,4,1
SF,IH1911,2019-11-15 09:30:58.300,2973.0000,9736,0,287152740.000,0,-,-,-,-,2973.0000,2972.8000,2972.6000,2972.4000,2972.2000,2973.2000,2973.4000,2973.6000,2973.8000,2974.2000,1,3,1,6,2,1,1,8,4,1
SF,IH1911,2019-11-15 09:30:58.800,2973.0000,9735,-1,288044640.000,1,0,1,双平,S,2972.8000,2972.6000,2972.4000,2972.2000,2972.0000,2973.2000,2973.4000,2973.6000,2973.8000,2974.2000,3,1,6,2,5,1,1,8,4,1
SF,IH1911,2019-11-15 09:30:59.300,2973.0000,9735,0,288044640.000,0,-,-,-,-,2972.8000,2972.6000,2972.4000,2972.2000,2972.0000,2973.2000,2973.4000,2973.6000,2973.8000,2974.2000,3,1,6,2,5,1,1,8,4,1
SF,IH1911,2019-11-15 09:30:59.800,2972.8000,9732,-3,290720280.000,3,0,3,双平,S,2972.8000,2972.6000,2972.4000,2972.2000,2972.0000,2973.4000,2973.6000,2973.8000,2974.2000,2974.6000,2,1,6,2,5,1,8,4,1,1
SF,IH1911,2019-11-15 09:31:00.300,2972.8000,9732,0,290720280.000,0,-,-,-,-,2972.8000,2972.6000,2972.4000,2972.2000,2972.0000,2973.4000,2973.6000,2973.8000,2974.2000,2974.6000,2,1,5,2,5,1,8,4,1,1
SF,IH1911,2019-11-15 09:31:00.800,2972.8000,9732,0,291612120.000,1,0,1,多换,S,2973.0000,2972.8000,2972.6000,2972.4000,2972.2000,2973.2000,2973.4000,2973.6000,2973.8000,2974.2000,3,1,1,5,2,4,1,8,4,1
SF,IH1911,2019-11-15 09:31:01.300,2972.8000,9727,-5,296071440.000,5,0,5,双平,S,2972.6000,2972.4000,2972.2000,2972.0000,2971.2000,2972.8000,2973.0000,2973.2000,2973.4000,2973.6000,1,5,2,5,2,1,1,2,1,8
SF,IH1911,2019-11-15 09:31:01.800,2972.8000,9727,0,296071440.000,0,-,-,-,-,2972.6000,2972.4000,2972.2000,2972.0000,2971.2000,2972.8000,2973.0000,2973.2000,2973.4000,2973.6000,2,5,2,5,2,1,2,2,2,8
SF,IH1911,2019-11-15 09:31:02.300,2972.8000,9727,0,296071440.000,0,-,-,-,-,2972.6000,2972.4000,2972.2000,2972.0000,2971.2000,2973.0000,2973.2000,2973.4000,2973.6000,2973.8000,2,5,2,4,2,2,2,2,8,4
SF,IH1911,2019-11-15 09:31:02.800,2972.8000,9727,0,296071440.000,0,-,-,-,-,2972.8000,2972.6000,2972.4000,2972.2000,2972.0000,2973.2000,2973.4000,2973.6000,2973.8000,2974.2000,1,2,5,2,4,2,2,8,4,1
SF,IH1911,2019-11-15 09:31:03.300,2972.8000,9727,0,296071440.000,0,-,-,-,-,2972.8000,2972.6000,2972.4000,2972.2000,2972.0000,2973.0000,2973.2000,2973.4000,2973.6000,2973.8000,4,2,5,2,4,3,2,2,8,4
SF,IH1911,2019-11-15 09:31:03.800,2973.0000,9726,-1,296963340.000,1,0,1,双平,S,2972.8000,2972.6000,2972.4000,2972.2000,2972.0000,2973.0000,2973.4000,2973.6000,2973.8000,2974.2000,4,2,5,2,4,4,2,8,4,1
SF,IH1911,2019-11-15 09:31:04.300,2973.0000,9726,0,296963340.000,0,-,-,-,-,2972.8000,2972.6000,2972.4000,2972.2000,2972.0000,2973.0000,2973.4000,2973.6000,2973.8000,2974.2000,4,2,5,2,4,4,2,8,4,1
SF,IH1911,2019-11-15 09:31:04.800,2973.0000,9721,-5,301422780.000,5,0,5,双平,S,2972.8000,2972.6000,2972.4000,2972.2000,2972.0000,2973.4000,2973.6000,2973.8000,2974.2000,2974.6000,4,2,6,2,4,2,8,4,1,1
SF,IH1911,2019-11-15 09:31:05.300,2973.0000,9721,0,301422780.000,0,-,-,-,-,2972.8000,2972.6000,2972.4000,2972.2000,2972.0000,2973.0000,2973.4000,2973.6000,2973.8000,2974.2000,3,2,6,2,4,4,2,8,4,1
SF,IH1911,2019-11-15 09:31:05.800,2972.8000,9717,-4,304990260.000,4,0,4,双平,S,2972.8000,2972.6000,2972.4000,2972.2000,2972.0000,2973.0000,2973.2000,2973.4000,2973.6000,2973.8000,1,2,6,2,4,2,2,2,8,4
SF,IH1911,2019-11-15 09:31:06.300,2973.0000,9716,-1,305882160.000,1,0,1,双平,S,2972.8000,2972.6000,2972.4000,2972.2000,2972.0000,2973.0000,2973.4000,2973.6000,2973.8000,2974.2000,1,2,6,2,4,4,2,8,4,1
SF,IH1911,2019-11-15 09:31:06.800,2973.0000,9714,-2,307665960.000,2,0,2,双平,S,2972.8000,2972.6000,2972.4000,2972.2000,2972.0000,2973.0000,2973.4000,2973.6000,2973.8000,2974.2000,1,2,6,1,4,4,2,8,4,1
SF,IH1911,2019-11-15 09:31:07.300,2973.0000,9712,-2,309449700.000,2,0,2,双平,S,2972.6000,2972.4000,2972.2000,2972.0000,2971.2000,2973.0000,2973.4000,2973.6000,2973.8000,2974.2000,2,6,1,4,2,3,2,8,4,1
SF,IH1911,2019-11-15 09:31:07.800,2973.0000,9712,0,309449700.000,0,-,-,-,-,2972.6000,2972.4000,2972.2000,2972.0000,2971.2000,2973.0000,2973.2000,2973.4000,2973.6000,2973.8000,2,6,1,4,2,3,1,2,8,4
SF,IH1911,2019-11-15 09:31:08.800,2973.0000,9712,0,309449700.000,0,-,-,-,-,2972.6000,2972.4000,2972.2000,2972.0000,2971.2000,2973.0000,2973.2000,2973.4000,2973.6000,2973.8000,2,6,1,4,2,1,1,2,8,4
SF,IH1911,2019-11-15 09:31:09.300,2972.6000,9710,-2,311233260.000,2,0,2,双平,S,2972.4000,2972.2000,2972.0000,2971.2000,2971.0000,2972.6000,2972.8000,2973.0000,2973.2000,2973.4000,6,1,4,2,14,3,4,2,1,2
SF,IH1911,2019-11-15 09:31:09.800,2972.6000,9709,-1,312125040.000,1,0,1,双平,S,2972.4000,2972.2000,2972.0000,2971.2000,2971.0000,2972.6000,2972.8000,2973.0000,2973.2000,2973.4000,6,1,4,2,14,2,5,2,1,2
SF,IH1911,2019-11-15 09:31:10.300,2972.6000,9709,0,312125040.000,0,-,-,-,-,2972.4000,2972.2000,2972.0000,2971.2000,2971.0000,2972.6000,2972.8000,2973.0000,2973.2000,2973.4000,6,1,4,2,14,2,3,2,1,2
SF,IH1911,2019-11-15 09:31:10.800,2972.6000,9706,-3,314800320.000,3,0,3,双平,S,2972.4000,2972.2000,2972.0000,2971.2000,2971.0000,2972.6000,2972.8000,2973.0000,2973.2000,2973.4000,5,1,4,2,14,3,3,2,3,2
SF,IH1911,2019-11-15 09:31:11.300,2972.6000,9703,-3,317475660.000,3,0,3,双平,S,2972.4000,2972.2000,2972.0000,2971.2000,2971.0000,2972.8000,2973.0000,2973.2000,2973.4000,2973.6000,5,1,4,2,14,3,2,3,2,8
SF,IH1911,2019-11-15 09:31:11.800,2972.6000,9703,0,317475660.000,0,-,-,-,-,2972.6000,2972.4000,2972.2000,2972.0000,2971.2000,2972.8000,2973.0000,2973.2000,2973.4000,2973.6000,1,5,1,4,2,4,2,3,2,8
SF,IH1911,2019-11-15 09:31:12.800,2972.6000,9701,-2,319259280.000,2,0,2,双平,S,2972.4000,2972.2000,2972.0000,2971.2000,2971.0000,2972.8000,2973.0000,2973.2000,2973.4000,2973.6000,5,1,4,2,14,3,2,3,2,8
SF,IH1911,2019-11-15 09:31:13.300,2972.8000,9700,-1,320151120.000,1,0,1,双平,S,2972.4000,2972.2000,2972.0000,2971.2000,2971.0000,2972.8000,2973.0000,2973.2000,2973.4000,2973.6000,5,1,4,2,14,2,2,3,2,8
SF,IH1911,2019-11-15 09:31:13.800,2972.6000,9697,-3,322826520.000,3,0,3,双平,S,2972.6000,2972.4000,2972.2000,2972.0000,2971.2000,2972.8000,2973.0000,2973.2000,2973.4000,2973.6000,1,5,1,4,2,1,2,3,2,8
SF,IH1911,2019-11-15 09:31:14.300,2972.6000,9695,-2,324610140.000,2,0,2,双平,S,2972.4000,2972.2000,2972.0000,2971.2000,2971.0000,2973.0000,2973.2000,2973.4000,2973.6000,2973.8000,5,1,4,2,14,2,3,2,8,4
SF,IH1911,2019-11-15 09:31:14.800,2972.6000,9694,-1,325501920.000,1,0,1,双平,S,2972.4000,2972.2000,2972.0000,2971.2000,2971.0000,2973.0000,2973.2000,2973.4000,2973.6000,2973.8000,5,1,4,2,14,2,3,2,8,4
SF,IH1911,2019-11-15 09:31:15.300,2972.6000,9694,0,325501920.000,0,-,-,-,-,2972.4000,2972.2000,2972.0000,2971.2000,2971.0000,2973.0000,2973.2000,2973.4000,2973.6000,2973.8000,5,1,4,2,14,3,1,2,8,4
SF,IH1911,2019-11-15 09:31:15.800,2973.0000,9693,-1,326393820.000,1,0,1,双平,S,2972.4000,2972.2000,2972.0000,2971.2000,2971.0000,2973.0000,2973.2000,2973.4000,2973.6000,2973.8000,5,1,4,2,14,3,1,2,8,4
SF,IH1911,2019-11-15 09:31:16.300,2973.0000,9693,0,326393820.000,0,-,-,-,-,2972.8000,2972.4000,2972.2000,2972.0000,2971.2000,2973.0000,2973.2000,2973.4000,2973.6000,2973.8000,1,5,1,3,2,3,1,2,8,4
SF,IH1911,2019-11-15 09:31:16.800,2973.0000,9691,-2,328177560.000,2,0,2,双平,S,2972.4000,2972.2000,2972.0000,2971.2000,2971.0000,2973.0000,2973.2000,2973.4000,2973.6000,2973.8000,8,1,3,2,14,2,1,2,8,4
SF,IH1911,2019-11-15 09:31:17.300,2973.0000,9690,-1,329069460.000,1,0,1,双平,S,2972.4000,2972.2000,2972.0000,2971.2000,2971.0000,2973.0000,2973.2000,2973.4000,2973.6000,2973.8000,8,1,3,2,14,1,1,2,8,4
SF,IH1911,2019-11-15 09:31:18.300,2973.0000,9689,-1,329961360.000,1,0,1,双平,S,2972.4000,2972.2000,2972.0000,2971.2000,2971.0000,2973.2000,2973.4000,2973.6000,2973.8000,2974.2000,8,1,3,2,14,1,2,8,4,1
SF,IH1911,2019-11-15 09:31:18.800,2973.0000,9689,0,329961360.000,0,-,-,-,-,2972.4000,2972.2000,2972.0000,2971.2000,2971.0000,2973.2000,2973.4000,2973.6000,2973.8000,2974.2000,8,1,3,2,14,1,2,8,4,1
SF,IH1911,2019-11-15 09:31:19.300,2973.0000,9689,0,329961360.000,0,-,-,-,-,2972.4000,2972.2000,2972.0000,2971.2000,2971.0000,2973.2000,2973.4000,2973.6000,2973.8000,2974.2000,8,1,3,2,14,1,2,8,4,1
SF,IH1911,2019-11-15 09:31:19.800,2973.2000,9688,-1,330853320.000,1,0,1,双平,S,2972.4000,2972.2000,2972.0000,2971.2000,2971.0000,2973.2000,2973.4000,2973.6000,2973.8000,2974.2000,8,1,3,2,14,1,2,8,4,1
SF,IH1911,2019-11-15 09:31:20.300,2973.2000,9688,0,330853320.000,0,-,-,-,-,2972.4000,2972.2000,2972.0000,2971.2000,2971.0000,2973.2000,2973.4000,2973.6000,2973.8000,2974.2000,8,1,3,2,14,1,3,8,4,1
SF,IH1911,2019-11-15 09:31:20.800,2973.2000,9688,0,330853320.000,0,-,-,-,-,2972.6000,2972.4000,2972.2000,2972.0000,2971.2000,2973.2000,2973.4000,2973.6000,2973.8000,2974.2000,1,8,1,3,2,1,3,8,4,1
SF,IH1911,2019-11-15 09:31:21.300,2973.2000,9688,0,330853320.000,0,-,-,-,-,2972.6000,2972.4000,2972.2000,2972.0000,2971.2000,2973.2000,2973.4000,2973.6000,2973.8000,2974.2000,1,8,1,3,2,1,3,8,4,1
SF,IH1911,2019-11-15 09:31:21.800,2973.2000,9688,0,330853320.000,0,-,-,-,-,2972.6000,2972.4000,2972.2000,2972.0000,2971.2000,2973.2000,2973.4000,2973.6000,2973.8000,2974.2000,1,8,1,3,2,1,3,8,4,1
SF,IH1911,2019-11-15 09:31:22.800,2973.2000,9688,0,330853320.000,0,-,-,-,-,2972.8000,2972.4000,2972.2000,2972.0000,2971.2000,2973.2000,2973.4000,2973.6000,2973.8000,2974.2000,1,8,1,3,2,1,3,8,4,1
SF,IH1911,2019-11-15 09:31:23.300,2973.2000,9687,-1,331745280.000,1,0,1,双平,S,2972.8000,2972.4000,2972.2000,2972.0000,2971.2000,2973.4000,2973.6000,2973.8000,2974.2000,2974.4000,1,8,1,3,2,3,8,4,1,1
SF,IH1911,2019-11-15 09:31:23.800,2973.2000,9687,0,331745280.000,0,-,-,-,-,2972.8000,2972.4000,2972.2000,2972.0000,2971.2000,2973.4000,2973.6000,2973.8000,2974.2000,2974.4000,1,8,1,3,2,3,9,4,1,1
SF,IH1911,2019-11-15 09:31:24.300,2973.4000,9687,0,332637300.000,1,0,1,多换,S,2972.8000,2972.4000,2972.2000,2972.0000,2971.2000,2973.4000,2973.6000,2973.8000,2974.2000,2974.4000,1,8,1,3,2,2,8,4,1,1
SF,IH1911,2019-11-15 09:31:24.800,2973.4000,9687,0,332637300.000,0,-,-,-,-,2973.2000,2973.0000,2972.4000,2972.2000,2972.0000,2973.4000,2973.6000,2973.8000,2974.2000,2974.4000,1,1,5,1,3,2,8,4,1,1
SF,IH1911,2019-11-15 09:31:25.300,2973.4000,9686,-1,333529320.000,1,0,1,双平,S,2973.2000,2973.0000,2972.6000,2972.4000,2972.2000,2973.4000,2973.6000,2973.8000,2974.2000,2974.4000,1,1,3,5,1,1,8,4,1,1
SF,IH1911,2019-11-15 09:31:25.800,2973.4000,9685,-1,334421340.000,1,0,1,双平,S,2973.2000,2973.0000,2972.6000,2972.4000,2972.2000,2973.6000,2973.8000,2974.2000,2974.4000,2974.6000,1,1,3,5,1,8,4,1,1,1
SF,IH1911,2019-11-15 09:31:26.300,2972.6000,9680,-5,338880780.000,5,0,5,双平,S,2972.6000,2972.4000,2972.2000,2972.0000,2971.2000,2973.2000,2973.6000,2973.8000,2974.2000,2974.4000,1,5,1,1,2,3,8,4,1,1
SF,IH1911,2019-11-15 09:31:26.800,2973.2000,9677,-3,341556660.000,3,0,3,双平,S,2973.4000,2972.8000,2972.6000,2972.4000,2972.2000,2973.6000,2973.8000,2974.2000,2974.4000,2974.6000,1,1,1,5,1,8,4,1,1,1
SF,IH1911,2019-11-15 09:31:27.300,2973.2000,9677,0,341556660.000,0,-,-,-,-,2973.4000,2972.8000,2972.6000,2972.4000,2972.2000,2973.6000,2973.8000,2974.2000,2974.4000,2974.6000,1,2,1,5,1,8,4,1,1,1
SF,IH1911,2019-11-15 09:31:27.800,2973.4000,9675,-2,343340760.000,2,0,2,双平,S,2972.8000,2972.6000,2972.4000,2972.2000,2972.0000,2973.6000,2973.8000,2974.2000,2974.4000,2974.6000,2,1,5,1,1,7,4,1,1,1
SF,IH1911,2019-11-15 09:31:28.300,2973.4000,9675,0,343340760.000,0,-,-,-,-,2973.0000,2972.8000,2972.6000,2972.4000,2972.2000,2973.6000,2973.8000,2974.2000,2974.4000,2974.6000,2,2,3,4,1,7,4,1,1,1
SF,IH1911,2019-11-15 09:31:28.800,2973.6000,9671,-4,346909080.000,4,0,4,双平,S,2973.0000,2972.8000,2972.6000,2972.4000,2972.2000,2973.6000,2973.8000,2974.2000,2974.4000,2974.6000,2,2,4,4,1,3,4,1,1,1
SF,IH1911,2019-11-15 09:31:29.300,2973.6000,9668,-3,349585320.000,3,0,3,双平,S,2973.0000,2972.8000,2972.6000,2972.4000,2972.2000,2973.8000,2974.2000,2974.4000,2974.6000,2974.8000,2,1,2,4,1,4,1,1,1,26
SF,IH1911,2019-11-15 09:31:29.800,2973.6000,9666,-2,351369480.000,2,0,2,双平,S,2973.0000,2972.8000,2972.6000,2972.4000,2972.2000,2973.8000,2974.2000,2974.4000,2974.6000,2974.8000,2,1,2,4,1,4,1,1,1,26
SF,IH1911,2019-11-15 09:31:30.300,2973.8000,9663,-3,354938040.000,4,0,4,多平,S,2973.4000,2973.2000,2973.0000,2972.8000,2972.6000,2974.2000,2974.4000,2974.6000,2974.8000,2975.0000,1,1,2,3,2,1,1,1,26,4
SF,IH1911,2019-11-15 09:31:30.800,2973.8000,9663,0,354938040.000,0,-,-,-,-,2973.6000,2973.4000,2973.2000,2973.0000,2972.8000,2974.2000,2974.4000,2974.6000,2974.8000,2975.0000,1,1,1,2,3,1,1,1,26,4
SF,IH1911,2019-11-15 09:31:31.300,2974.2000,9662,-1,355830300.000,1,0,1,双平,S,2973.4000,2973.0000,2972.8000,2972.6000,2972.4000,2974.4000,2974.6000,2974.8000,2975.0000,2975.2000,1,1,1,2,4,1,1,26,4,2
SF,IH1911,2019-11-15 09:31:31.800,2973.6000,9655,-7,362074860.000,7,0,7,双平,S,2973.4000,2973.0000,2972.8000,2972.6000,2972.4000,2973.6000,2974.4000,2974.6000,2974.8000,2975.0000,1,2,3,2,4,8,1,1,26,4
SF,IH1911,2019-11-15 09:31:32.300,2973.6000,9653,-2,363858960.000,2,0,2,双平,S,2973.0000,2972.8000,2972.6000,2972.4000,2972.2000,2973.6000,2974.4000,2974.6000,2974.8000,2975.0000,2,3,2,4,1,7,1,1,26,4
SF,IH1911,2019-11-15 09:31:32.800,2973.6000,9652,-1,364751040.000,1,0,1,双平,S,2973.2000,2973.0000,2972.8000,2972.6000,2972.4000,2973.6000,2974.4000,2974.6000,2974.8000,2975.0000,1,2,5,3,4,7,1,1,26,4
SF,IH1911,2019-11-15 09:31:33.300,2973.6000,9651,-1,365643120.000,1,0,1,双平,S,2973.2000,2973.0000,2972.8000,2972.6000,2972.4000,2973.6000,2974.4000,2974.6000,2974.8000,2975.0000,2,2,1,3,4,6,1,1,26,4
SF,IH1911,2019-11-15 09:31:33.800,2973.6000,9651,0,365643120.000,0,-,-,-,-,2973.4000,2973.2000,2973.0000,2972.8000,2972.6000,2973.6000,2974.4000,2974.6000,2974.8000,2975.0000,1,2,2,1,5,6,1,1,26,4
SF,IH1911,2019-11-15 09:31:34.300,2973.6000,9650,-1,366535200.000,1,0,1,双平,S,2973.4000,2973.2000,2973.0000,2972.8000,2972.6000,2973.6000,2974.4000,2974.6000,2974.8000,2975.0000,1,1,2,1,5,5,1,1,26,4
SF,IH1911,2019-11-15 09:31:34.800,2973.6000,9649,-1,370995600.000,5,2,3,多平,S,2973.6000,2973.4000,2973.2000,2973.0000,2972.8000,2974.4000,2974.6000,2974.8000,2975.0000,2975.2000,2,1,1,2,1,1,1,26,4,2
SF,IH1911,2019-11-15 09:31:35.300,2973.6000,9649,0,370995600.000,0,-,-,-,-,2973.6000,2973.4000,2973.0000,2972.8000,2972.6000,2974.2000,2974.4000,2974.6000,2974.8000,2975.0000,2,1,2,1,5,1,1,1,26,4
SF,IH1911,2019-11-15 09:31:35.800,2973.6000,9649,0,371887680.000,1,0,1,多换,S,2973.6000,2973.4000,2973.0000,2972.8000,2972.6000,2974.2000,2974.4000,2974.6000,2974.8000,2975.0000,1,1,2,1,5,1,1,1,26,4
SF,IH1911,2019-11-15 09:31:36.800,2973.6000,9649,0,372779760.000,1,0,1,多换,S,2973.4000,2973.0000,2972.6000,2972.4000,2972.2000,2974.2000,2974.4000,2974.6000,2974.8000,2975.0000,1,2,5,4,1,1,2,1,26,4
SF,IH1911,2019-11-15 09:31:37.300,2973.6000,9649,0,372779760.000,0,-,-,-,-,2973.4000,2973.0000,2972.6000,2972.4000,2972.2000,2973.6000,2974.2000,2974.4000,2974.6000,2974.8000,1,2,5,4,1,1,1,2,1,26
SF,IH1911,2019-11-15 09:31:37.800,2973.6000,9648,-1,373671840.000,1,0,1,双平,S,2973.6000,2973.4000,2973.0000,2972.6000,2972.4000,2974.2000,2974.4000,2974.6000,2974.8000,2975.0000,4,1,3,4,4,1,1,2,26,4
SF,IH1911,2019-11-15 09:31:38.300,2973.6000,9645,-3,376348080.000,3,0,3,双平,S,2973.6000,2973.4000,2973.0000,2972.6000,2972.4000,2974.2000,2974.4000,2974.6000,2974.8000,2975.0000,1,1,3,2,4,1,2,2,26,4
SF,IH1911,2019-11-15 09:31:38.800,2974.0000,9644,-1,377240280.000,1,0,1,双平,S,2973.6000,2973.4000,2973.0000,2972.6000,2972.4000,2974.2000,2974.4000,2974.6000,2974.8000,2975.0000,1,1,3,2,4,1,2,2,26,4
SF,IH1911,2019-11-15 09:31:39.300,2973.6000,9643,-1,378132360.000,1,0,1,双平,S,2973.4000,2973.0000,2972.6000,2972.4000,2972.2000,2974.0000,2974.2000,2974.4000,2974.6000,2974.8000,1,3,2,4,1,1,1,2,2,26
SF,IH1911,2019-11-15 09:31:39.800,2974.2000,9634,-9,387054360.000,10,0,10,多平,S,2974.2000,2973.4000,2973.0000,2972.6000,2972.4000,2974.4000,2974.6000,2974.8000,2975.0000,2975.2000,5,1,3,2,4,2,2,26,4,2
SF,IH1911,2019-11-15 09:31:40.300,2974.2000,9628,-6,392407920.000,6,0,6,双平,S,2973.4000,2973.0000,2972.6000,2972.4000,2972.2000,2974.0000,2974.2000,2974.4000,2974.6000,2974.8000,1,3,2,4,1,3,10,3,2,26
SF,IH1911,2019-11-15 09:31:40.800,2973.4000,9626,-2,394192020.000,2,0,2,双平,S,2973.0000,2972.6000,2972.4000,2972.2000,2972.0000,2973.4000,2974.0000,2974.2000,2974.4000,2974.6000,3,2,4,1,5,2,2,11,3,2
SF,IH1911,2019-11-15 09:31:41.300,2973.0000,9625,-1,395083920.000,1,0,1,双平,S,2973.0000,2972.6000,2972.4000,2972.2000,2972.0000,2973.4000,2974.0000,2974.2000,2974.4000,2974.6000,2,1,4,1,5,3,2,9,3,2
SF,IH1911,2019-11-15 09:31:41.800,2973.0000,9623,-2,396867720.000,2,0,2,双平,S,2972.8000,2972.6000,2972.4000,2972.2000,2972.0000,2973.4000,2973.6000,2974.2000,2974.4000,2974.6000,1,1,4,1,5,3,1,9,3,2
SF,IH1911,2019-11-15 09:31:42.300,2973.0000,9623,0,396867720.000,0,-,-,-,-,2972.8000,2972.6000,2972.4000,2972.2000,2972.0000,2973.4000,2974.2000,2974.4000,2974.6000,2974.8000,1,1,4,1,5,3,9,3,2,26
SF,IH1911,2019-11-15 09:31:42.800,2972.8000,9621,-2,398651520.000,2,0,2,双平,S,2972.6000,2972.4000,2972.2000,2972.0000,2971.2000,2972.8000,2973.4000,2973.6000,2974.2000,2974.4000,2,4,1,5,2,1,1,1,9,3
SF,IH1911,2019-11-15 09:31:43.300,2972.8000,9620,-1,399543360.000,1,0,1,双平,S,2973.2000,2972.8000,2972.6000,2972.4000,2972.2000,2973.4000,2973.6000,2974.2000,2974.4000,2974.6000,2,3,2,4,1,1,1,9,4,2
SF,IH1911,2019-11-15 09:31:43.800,2973.2000,9618,-2,401327280.000,2,0,2,双平,S,2972.6000,2972.4000,2972.2000,2972.0000,2971.2000,2973.2000,2973.4000,2973.6000,2974.2000,2974.4000,2,4,1,3,2,2,1,1,9,4
SF,IH1911,2019-11-15 09:31:44.300,2973.2000,9618,0,401327280.000,0,-,-,-,-,2972.6000,2972.4000,2972.2000,2972.0000,2971.2000,2973.2000,2973.4000,2973.6000,2974.2000,2974.4000,2,4,1,3,2,1,1,1,9,4
SF,IH1911,2019-11-15 09:31:44.800,2972.6000,9615,-3,404002620.000,3,0,3,双平,S,2972.4000,2972.2000,2972.0000,2971.2000,2971.0000,2972.8000,2973.4000,2973.6000,2974.2000,2974.4000,4,1,3,2,12,6,1,1,9,4
SF,IH1911,2019-11-15 09:31:45.300,2972.6000,9615,0,404002620.000,0,-,-,-,-,2972.4000,2972.2000,2972.0000,2971.2000,2971.0000,2972.8000,2973.4000,2973.6000,2974.2000,2974.4000,4,1,3,2,12,6,1,1,9,4
SF,IH1911,2019-11-15 09:31:45.800,2972.6000,9615,0,404002620.000,0,-,-,-,-,2972.4000,2972.2000,2972.0000,2971.2000,2971.0000,2972.8000,2973.4000,2974.2000,2974.4000,2974.6000,4,1,3,2,12,6,1,9,4,4
SF,IH1911,2019-11-15 09:31:46.300,2972.8000,9614,-1,404894460.000,1,0,1,双平,S,2972.6000,2972.4000,2972.2000,2972.0000,2971.2000,2972.8000,2973.4000,2974.2000,2974.4000,2974.6000,1,4,1,3,2,5,1,9,4,4
SF,IH1911,2019-11-15 09:31:46.800,2972.8000,9614,0,404894460.000,0,-,-,-,-,2972.6000,2972.4000,2972.2000,2972.0000,2971.2000,2972.8000,2973.4000,2974.2000,2974.4000,2974.6000,1,6,1,2,2,5,1,9,4,4
SF,IH1911,2019-11-15 09:31:47.300,2972.8000,9614,0,404894460.000,0,-,-,-,-,2972.6000,2972.4000,2972.2000,2972.0000,2971.2000,2972.8000,2973.4000,2974.2000,2974.4000,2974.6000,1,6,1,2,2,5,1,9,4,4
SF,IH1911,2019-11-15 09:31:47.800,2972.8000,9613,-1,405786300.000,1,0,1,双平,S,2972.6000,2972.4000,2972.2000,2972.0000,2971.2000,2972.8000,2973.4000,2974.2000,2974.4000,2974.6000,1,6,1,2,2,4,1,9,4,4
SF,IH1911,2019-11-15 09:31:48.300,2972.8000,9610,-3,408461820.000,3,0,3,双平,S,2972.6000,2972.4000,2972.2000,2972.0000,2971.2000,2972.8000,2973.4000,2974.2000,2974.4000,2974.6000,1,6,1,2,2,1,1,9,4,4
SF,IH1911,2019-11-15 09:31:48.800,2972.8000,9609,-1,409353660.000,1,0,1,双平,S,2972.6000,2972.4000,2972.2000,2972.0000,2971.2000,2973.4000,2974.2000,2974.4000,2974.6000,2974.8000,1,6,1,3,2,1,9,4,4,23
SF,IH1911,2019-11-15 09:31:49.300,2972.8000,9609,0,409353660.000,0,-,-,-,-,2972.6000,2972.4000,2972.2000,2972.0000,2971.2000,2973.4000,2973.6000,2974.2000,2974.4000,2974.6000,1,6,1,3,2,1,1,9,4,4
SF,IH1911,2019-11-15 09:31:49.800,2972.8000,9609,0,409353660.000,0,-,-,-,-,2972.6000,2972.4000,2972.2000,2972.0000,2971.2000,2973.4000,2973.6000,2974.2000,2974.4000,2974.6000,1,6,1,3,2,1,1,8,4,4
SF,IH1911,2019-11-15 09:31:50.300,2972.8000,9609,0,409353660.000,0,-,-,-,-,2972.6000,2972.4000,2972.2000,2972.0000,2971.2000,2973.4000,2974.2000,2974.4000,2974.6000,2974.8000,1,6,1,3,2,1,8,4,4,23
SF,IH1911,2019-11-15 09:31:50.800,2972.8000,9609,0,409353660.000,0,-,-,-,-,2972.6000,2972.4000,2972.2000,2972.0000,2971.2000,2973.4000,2974.2000,2974.4000,2974.6000,2974.8000,1,6,1,3,2,1,8,4,4,23
SF,IH1911,2019-11-15 09:31:51.300,2972.8000,9609,0,409353660.000,0,-,-,-,-,2972.6000,2972.4000,2972.2000,2972.0000,2971.2000,2973.4000,2973.6000,2974.2000,2974.4000,2974.6000,1,6,2,3,2,1,1,8,4,4
SF,IH1911,2019-11-15 09:31:51.800,2972.8000,9609,0,409353660.000,0,-,-,-,-,2972.6000,2972.4000,2972.2000,2972.0000,2971.2000,2973.2000,2973.4000,2973.6000,2974.2000,2974.4000,1,6,2,3,2,1,1,1,8,4
SF,IH1911,2019-11-15 09:31:52.300,2972.8000,9609,0,409353660.000,0,-,-,-,-,2972.6000,2972.4000,2972.2000,2972.0000,2971.2000,2973.2000,2973.4000,2973.6000,2974.2000,2974.4000,1,6,2,3,2,1,1,1,8,4
SF,IH1911,2019-11-15 09:31:52.800,2972.8000,9609,0,409353660.000,0,-,-,-,-,2972.6000,2972.4000,2972.2000,2972.0000,2971.2000,2973.2000,2973.4000,2973.6000,2974.2000,2974.4000,1,6,2,3,2,1,2,1,8,4
SF,IH1911,2019-11-15 09:31:53.300,2972.6000,9608,-1,410245440.000,1,0,1,双平,S,2972.6000,2972.4000,2972.2000,2972.0000,2971.2000,2973.0000,2973.2000,2973.4000,2973.6000,2974.2000,1,6,2,3,2,1,1,2,1,8
SF,IH1911,2019-11-15 09:31:53.800,2972.6000,9608,0,411137220.000,1,0,1,多换,S,2972.4000,2972.2000,2972.0000,2971.2000,2971.0000,2972.6000,2973.0000,2973.2000,2973.4000,2973.6000,6,2,3,2,12,3,1,1,2,1
SF,IH1911,2019-11-15 09:31:54.300,2972.4000,9603,-5,416487540.000,6,0,6,多平,S,2972.2000,2972.0000,2971.2000,2971.0000,2970.8000,2972.4000,2972.6000,2973.0000,2973.2000,2973.4000,2,3,2,12,1,1,2,1,1,2
SF,IH1911,2019-11-15 09:31:54.800,2972.2000,9601,-2,418270860.000,2,0,2,双平,S,2972.0000,2971.2000,2971.0000,2970.8000,2970.6000,2972.2000,2972.4000,2973.0000,2973.2000,2973.4000,3,2,12,1,2,1,1,1,1,2
SF,IH1911,2019-11-15 09:31:55.300,2972.2000,9600,-1,419162520.000,1,0,1,双平,S,2972.0000,2971.2000,2971.0000,2970.8000,2970.6000,2972.2000,2973.0000,2973.2000,2973.4000,2973.6000,3,2,12,1,2,1,1,1,2,1
SF,IH1911,2019-11-15 09:31:55.800,2972.0000,9600,0,424512300.000,6,3,3,多换,S,2971.2000,2971.0000,2970.8000,2970.6000,2970.0000,2972.0000,2973.0000,2973.2000,2973.4000,2973.6000,2,12,1,2,1,3,1,1,2,1
SF,IH1911,2019-11-15 09:31:56.300,2971.8000,9599,-1,425403840.000,1,0,1,双平,S,2971.6000,2971.4000,2971.2000,2971.0000,2970.8000,2972.0000,2972.6000,2973.2000,2973.4000,2973.6000,1,3,2,10,1,3,10,1,2,1
SF,IH1911,2019-11-15 09:31:56.800,2972.0000,9599,0,426295440.000,1,0,1,多换,S,2971.8000,2971.6000,2971.4000,2971.2000,2971.0000,2972.0000,2972.6000,2973.2000,2973.4000,2973.6000,1,3,1,2,10,2,10,1,2,1
SF,IH1911,2019-11-15 09:31:57.300,2972.0000,9599,0,426295440.000,0,-,-,-,-,2972.0000,2971.8000,2971.6000,2971.4000,2971.2000,2972.6000,2973.2000,2973.4000,2973.6000,2974.2000,1,1,3,1,2,10,1,2,1,8
SF,IH1911,2019-11-15 09:31:57.800,2971.8000,9599,0,428970120.000,3,1,2,多换,S,2971.6000,2971.4000,2971.2000,2971.0000,2970.8000,2971.8000,2972.0000,2972.4000,2972.6000,2973.2000,3,1,2,11,1,1,3,1,10,1
SF,IH1911,2019-11-15 09:31:58.300,2971.8000,9599,0,429861660.000,1,0,1,多换,S,2971.8000,2971.6000,2971.4000,2971.2000,2971.0000,2972.0000,2972.6000,2973.2000,2973.4000,2973.6000,1,1,3,2,12,3,10,1,2,1
SF,IH1911,2019-11-15 09:31:58.800,2971.8000,9599,0,429861660.000,0,-,-,-,-,2971.6000,2971.4000,2971.2000,2971.0000,2970.8000,2972.0000,2972.6000,2972.8000,2973.0000,2973.2000,1,3,2,12,1,3,10,2,1,1
SF,IH1911,2019-11-15 09:31:59.300,2971.8000,9598,-1,430753200.000,1,0,1,双平,S,2971.6000,2971.4000,2971.2000,2971.0000,2970.8000,2972.6000,2972.8000,2973.0000,2973.2000,2973.4000,1,3,2,12,1,10,2,1,1,2
SF,IH1911,2019-11-15 09:31:59.800,2971.8000,9598,0,430753200.000,0,-,-,-,-,2971.6000,2971.4000,2971.2000,2971.0000,2970.8000,2972.6000,2972.8000,2973.0000,2973.2000,2973.4000,1,3,2,12,1,10,2,1,1,2
SF,IH1911,2019-11-15 09:32:00.300,2971.6000,9597,-1,434319480.000,4,1,3,多平,S,2971.6000,2971.4000,2971.2000,2971.0000,2970.8000,2972.6000,2972.8000,2973.0000,2973.2000,2973.4000,2,1,2,12,1,10,2,1,1,2
SF,IH1911,2019-11-15 09:32:00.800,2972.4000,9595,-2,436102920.000,2,0,2,双平,S,2971.6000,2971.4000,2971.2000,2971.0000,2970.8000,2972.6000,2972.8000,2973.0000,2973.2000,2973.4000,2,1,2,12,1,10,2,1,1,2
SF,IH1911,2019-11-15 09:32:01.300,2972.4000,9595,0,436102920.000,0,-,-,-,-,2971.4000,2971.2000,2971.0000,2970.8000,2970.6000,2972.6000,2972.8000,2973.0000,2973.4000,2973.6000,3,2,12,1,3,10,2,1,2,1
SF,IH1911,2019-11-15 09:32:01.800,2972.4000,9595,0,436102920.000,0,-,-,-,-,2971.4000,2971.2000,2971.0000,2970.8000,2970.6000,2973.0000,2973.4000,2973.6000,2974.2000,2974.4000,3,3,12,1,3,1,2,1,8,4
SF,IH1911,2019-11-15 09:32:02.300,2972.4000,9595,0,436102920.000,0,-,-,-,-,2971.6000,2971.4000,2971.2000,2971.0000,2970.8000,2972.8000,2973.0000,2973.4000,2973.6000,2974.2000,2,3,3,12,1,3,1,2,1,8
SF,IH1911,2019-11-15 09:32:02.800,2972.4000,9595,0,436102920.000,0,-,-,-,-,2971.6000,2971.4000,2971.2000,2971.0000,2970.8000,2972.8000,2973.0000,2973.4000,2973.6000,2974.2000,2,3,3,12,2,3,1,2,1,8
SF,IH1911,2019-11-15 09:32:03.300,2972.4000,9595,0,436102920.000,0,-,-,-,-,2971.6000,2971.4000,2971.2000,2971.0000,2970.8000,2972.8000,2973.0000,2973.4000,2973.6000,2974.2000,4,1,3,11,2,3,1,2,1,8
SF,IH1911,2019-11-15 09:32:03.800,2972.4000,9595,0,436102920.000,0,-,-,-,-,2972.4000,2971.6000,2971.4000,2971.2000,2971.0000,2972.8000,2973.0000,2973.4000,2973.6000,2974.2000,1,4,1,3,11,3,1,2,1,8
SF,IH1911,2019-11-15 09:32:04.300,2972.4000,9594,-1,436994640.000,1,0,1,双平,S,2971.6000,2971.4000,2971.2000,2971.0000,2970.8000,2972.4000,2972.8000,2973.0000,2973.4000,2973.6000,2,1,3,11,2,4,1,1,2,1
SF,IH1911,2019-11-15 09:32:04.800,2972.4000,9594,0,436994640.000,0,-,-,-,-,2971.6000,2971.4000,2971.2000,2971.0000,2970.8000,2972.4000,2973.0000,2973.4000,2973.6000,2974.2000,1,1,3,11,2,4,1,2,1,8
SF,IH1911,2019-11-15 09:32:05.300,2971.8000,9593,-1,437886180.000,1,0,1,双平,S,2971.8000,2971.6000,2971.4000,2971.2000,2971.0000,2972.4000,2973.0000,2973.4000,2973.6000,2974.2000,4,1,1,3,10,4,1,2,1,8
SF,IH1911,2019-11-15 09:32:05.800,2972.4000,9592,-1,438777900.000,1,0,1,双平,S,2972.0000,2971.8000,2971.4000,2971.2000,2971.0000,2972.4000,2972.6000,2973.0000,2973.4000,2973.6000,1,4,1,3,10,3,1,1,2,1
SF,IH1911,2019-11-15 09:32:06.300,2972.4000,9589,-3,441453060.000,3,0,3,双平,S,2972.0000,2971.8000,2971.4000,2971.2000,2971.0000,2972.6000,2973.0000,2973.4000,2973.6000,2974.2000,1,4,1,3,10,1,1,2,1,8
SF,IH1911,2019-11-15 09:32:06.800,2972.0000,9589,0,445911300.000,5,2,3,多换,S,2971.8000,2971.4000,2971.2000,2971.0000,2970.8000,2972.0000,2972.6000,2973.0000,2973.4000,2973.6000,4,1,3,10,2,1,1,1,2,1
SF,IH1911,2019-11-15 09:32:07.300,2972.0000,9589,0,446802900.000,1,0,1,多换,S,2972.2000,2972.0000,2971.8000,2971.2000,2971.0000,2972.6000,2973.0000,2973.4000,2973.6000,2974.2000,3,4,2,3,10,1,1,2,1,8
SF,IH1911,2019-11-15 09:32:07.800,2972.6000,9589,0,447694680.000,1,0,1,多换,S,2972.4000,2972.2000,2972.0000,2971.8000,2971.2000,2973.0000,2973.4000,2973.6000,2974.2000,2974.4000,1,3,3,2,3,2,2,1,8,4
SF,IH1911,2019-11-15 09:32:08.300,2972.6000,9589,0,447694680.000,0,-,-,-,-,2972.8000,2972.4000,2972.2000,2972.0000,2971.8000,2973.0000,2973.4000,2973.6000,2974.2000,2974.4000,1,1,3,1,1,2,2,1,8,4
SF,IH1911,2019-11-15 09:32:08.800,2972.4000,9587,-2,449478240.000,2,0,2,双平,S,2972.2000,2972.0000,2971.8000,2971.4000,2971.2000,2972.4000,2972.8000,2973.0000,2973.4000,2973.6000,3,1,1,1,3,1,4,2,2,1
SF,IH1911,2019-11-15 09:32:09.300,2972.0000,9584,-3,452153160.000,3,0,3,双平,S,2972.0000,2971.8000,2971.4000,2971.2000,2971.0000,2972.8000,2973.0000,2973.4000,2973.6000,2974.2000,2,1,1,3,10,3,2,2,1,8
SF,IH1911,2019-11-15 09:32:09.800,2972.0000,9584,0,452153160.000,0,-,-,-,-,2972.0000,2971.8000,2971.4000,2971.2000,2971.0000,2972.8000,2973.0000,2973.4000,2973.6000,2974.2000,2,1,1,3,10,3,2,2,1,8
SF,IH1911,2019-11-15 09:32:10.300,2972.0000,9584,0,452153160.000,0,-,-,-,-,2971.8000,2971.4000,2971.2000,2971.0000,2970.8000,2972.8000,2973.0000,2973.4000,2973.6000,2974.2000,3,1,3,10,2,3,2,2,1,8
SF,IH1911,2019-11-15 09:32:10.800,2972.0000,9584,0,452153160.000,0,-,-,-,-,2971.8000,2971.4000,2971.2000,2971.0000,2970.8000,2972.8000,2973.0000,2973.4000,2973.6000,2974.2000,3,1,3,10,2,3,2,2,1,8
SF,IH1911,2019-11-15 09:32:11.300,2972.0000,9584,0,452153160.000,0,-,-,-,-,2971.8000,2971.4000,2971.2000,2971.0000,2970.8000,2972.8000,2973.0000,2973.4000,2973.6000,2974.2000,3,1,3,10,2,3,2,2,1,8
SF,IH1911,2019-11-15 09:32:11.800,2972.0000,9582,-2,453936360.000,2,0,2,双平,S,2972.0000,2971.8000,2971.4000,2971.2000,2971.0000,2972.8000,2973.0000,2973.4000,2973.6000,2974.2000,1,3,1,3,11,2,2,2,1,8
SF,IH1911,2019-11-15 09:32:12.300,2972.0000,9582,0,453936360.000,0,-,-,-,-,2972.2000,2972.0000,2971.8000,2971.4000,2971.2000,2972.8000,2973.0000,2973.4000,2973.6000,2974.2000,1,1,3,1,3,2,2,2,1,8
SF,IH1911,2019-11-15 09:32:12.800,2972.0000,9582,0,453936360.000,0,-,-,-,-,2972.2000,2972.0000,2971.8000,2971.4000,2971.2000,2972.8000,2973.0000,2973.4000,2973.6000,2974.2000,1,1,3,1,3,2,2,2,1,8
SF,IH1911,2019-11-15 09:32:13.300,2972.0000,9582,0,453936360.000,0,-,-,-,-,2972.0000,2971.8000,2971.6000,2971.4000,2971.2000,2972.8000,2973.0000,2973.4000,2973.6000,2974.2000,1,1,1,2,3,2,2,2,1,8
SF,IH1911,2019-11-15 09:32:13.800,2972.6000,9581,-1,454828140.000,1,0,1,双平,S,2972.2000,2972.0000,2971.8000,2971.6000,2971.4000,2972.8000,2973.0000,2973.4000,2973.6000,2974.2000,1,1,1,1,2,2,2,2,1,8
SF,IH1911,2019-11-15 09:32:14.300,2972.0000,9580,-1,455719740.000,1,0,1,双平,S,2972.0000,2971.8000,2971.6000,2971.4000,2971.2000,2972.8000,2973.0000,2973.4000,2973.6000,2974.2000,2,1,1,2,3,2,2,2,1,8
SF,IH1911,2019-11-15 09:32:14.800,2972.0000,9580,0,455719740.000,0,-,-,-,-,2972.2000,2972.0000,2971.8000,2971.6000,2971.4000,2972.8000,2973.0000,2973.4000,2973.6000,2974.2000,1,2,1,1,2,2,2,2,1,8
SF,IH1911,2019-11-15 09:32:15.300,2972.0000,9580,0,455719740.000,0,-,-,-,-,2972.2000,2972.0000,2971.8000,2971.6000,2971.4000,2972.8000,2973.0000,2973.4000,2973.6000,2974.2000,1,2,1,1,2,2,3,2,1,8
SF,IH1911,2019-11-15 09:32:15.800,2972.0000,9580,0,455719740.000,0,-,-,-,-,2972.2000,2972.0000,2971.8000,2971.6000,2971.4000,2972.8000,2973.0000,2973.4000,2973.6000,2974.2000,1,3,1,1,2,2,3,2,1,8
SF,IH1911,2019-11-15 09:32:16.300,2972.0000,9580,0,455719740.000,0,-,-,-,-,2972.2000,2972.0000,2971.8000,2971.6000,2971.4000,2972.6000,2972.8000,2973.0000,2973.4000,2973.6000,1,3,1,1,2,3,3,3,2,1
SF,IH1911,2019-11-15 09:32:16.800,2972.0000,9580,0,455719740.000,0,-,-,-,-,2972.2000,2972.0000,2971.8000,2971.6000,2971.4000,2972.6000,2972.8000,2973.0000,2973.4000,2973.6000,1,3,1,1,4,3,3,3,2,1
SF,IH1911,2019-11-15 09:32:17.300,2972.2000,9577,-3,458394720.000,3,0,3,双平,S,2972.0000,2971.8000,2971.6000,2971.4000,2971.2000,2972.6000,2972.8000,2973.0000,2973.4000,2973.6000,1,1,1,4,3,3,3,3,2,1
SF,IH1911,2019-11-15 09:32:17.800,2972.4000,9576,-1,459286440.000,1,0,1,双平,S,2972.0000,2971.8000,2971.6000,2971.4000,2971.2000,2972.6000,2972.8000,2973.0000,2973.4000,2973.6000,1,1,1,4,3,3,3,3,2,1
SF,IH1911,2019-11-15 09:32:18.300,2972.4000,9576,0,459286440.000,0,-,-,-,-,2972.0000,2971.8000,2971.6000,2971.4000,2971.2000,2972.6000,2972.8000,2973.0000,2973.4000,2973.6000,1,1,1,4,3,3,3,3,2,1
SF,IH1911,2019-11-15 09:32:18.800,2972.4000,9576,0,459286440.000,0,-,-,-,-,2972.0000,2971.8000,2971.6000,2971.4000,2971.2000,2972.6000,2972.8000,2973.0000,2973.4000,2973.6000,1,1,1,4,3,3,3,3,2,1
SF,IH1911,2019-11-15 09:32:19.300,2972.4000,9576,0,459286440.000,0,-,-,-,-,2972.2000,2972.0000,2971.8000,2971.6000,2971.4000,2972.6000,2972.8000,2973.0000,2973.4000,2973.6000,1,1,1,1,4,3,3,3,2,1
SF,IH1911,2019-11-15 09:32:19.800,2972.2000,9575,-1,460178100.000,1,0,1,双平,S,2972.2000,2972.0000,2971.8000,2971.6000,2971.4000,2972.6000,2972.8000,2973.0000,2973.4000,2973.6000,3,1,1,1,4,3,3,3,2,1
SF,IH1911,2019-11-15 09:32:20.300,2972.2000,9575,0,460178100.000,0,-,-,-,-,2972.2000,2972.0000,2971.8000,2971.6000,2971.4000,2972.6000,2972.8000,2973.0000,2973.4000,2973.6000,3,1,1,1,4,3,3,3,2,1
SF,IH1911,2019-11-15 09:32:21.800,2972.2000,9575,0,460178100.000,0,-,-,-,-,2972.2000,2972.0000,2971.8000,2971.6000,2971.4000,2972.4000,2972.6000,2972.8000,2973.0000,2973.4000,3,1,1,1,4,1,3,3,3,2
SF,IH1911,2019-11-15 09:32:22.300,2972.4000,9572,-3,462853200.000,3,0,3,双平,S,2972.2000,2972.0000,2971.8000,2971.6000,2971.4000,2972.6000,2972.8000,2973.0000,2973.4000,2973.6000,2,1,1,1,4,3,3,3,2,1
SF,IH1911,2019-11-15 09:32:22.800,2972.6000,9570,-2,464636700.000,2,0,2,双平,S,2972.2000,2972.0000,2971.8000,2971.6000,2971.4000,2972.6000,2972.8000,2973.0000,2973.4000,2973.6000,2,1,1,1,4,2,3,3,2,1
SF,IH1911,2019-11-15 09:32:24.300,2972.2000,9569,-1,465528360.000,1,0,1,双平,S,2972.2000,2972.0000,2971.8000,2971.6000,2971.4000,2972.6000,2972.8000,2973.0000,2973.4000,2973.6000,1,1,1,1,4,2,3,3,2,1
SF,IH1911,2019-11-15 09:32:24.800,2972.2000,9568,-1,466420020.000,1,0,1,双平,S,2972.0000,2971.8000,2971.6000,2971.4000,2971.2000,2972.2000,2972.4000,2972.6000,2972.8000,2973.0000,1,1,1,4,3,2,1,2,3,3
SF,IH1911,2019-11-15 09:32:26.800,2972.0000,9568,0,467311620.000,1,0,1,多换,S,2971.8000,2971.6000,2971.4000,2971.2000,2971.0000,2972.0000,2972.6000,2972.8000,2973.0000,2973.4000,1,1,4,3,11,1,2,3,3,1
SF,IH1911,2019-11-15 09:32:27.300,2972.0000,9567,-1,468203220.000,1,0,1,双平,S,2972.2000,2971.8000,2971.6000,2971.4000,2971.2000,2972.6000,2972.8000,2973.0000,2973.4000,2973.6000,1,1,1,4,3,2,2,3,1,1
SF,IH1911,2019-11-15 09:32:27.800,2972.0000,9566,-1,469094820.000,1,0,1,双平,S,2971.8000,2971.6000,2971.4000,2971.2000,2971.0000,2972.0000,2972.4000,2972.6000,2972.8000,2973.0000,1,1,4,3,11,2,1,2,2,3
SF,IH1911,2019-11-15 09:32:28.300,2972.0000,9564,-2,470878020.000,2,0,2,双平,S,2971.6000,2971.4000,2971.2000,2971.0000,2970.8000,2972.4000,2972.6000,2972.8000,2973.0000,2973.4000,1,4,3,11,2,1,2,2,3,1
SF,IH1911,2019-11-15 09:32:28.800,2972.0000,9564,0,470878020.000,0,-,-,-,-,2971.6000,2971.4000,2971.2000,2971.0000,2970.8000,2972.4000,2972.6000,2972.8000,2973.0000,2973.4000,1,4,3,11,2,1,2,4,3,1
SF,IH1911,2019-11-15 09:32:29.300,2972.0000,9564,0,470878020.000,0,-,-,-,-,2971.8000,2971.6000,2971.4000,2971.2000,2971.0000,2972.4000,2972.6000,2972.8000,2973.0000,2973.4000,1,1,4,3,11,1,3,4,3,1
SF,IH1911,2019-11-15 09:32:29.800,2972.0000,9564,0,470878020.000,0,-,-,-,-,2971.8000,2971.6000,2971.4000,2971.2000,2971.0000,2972.4000,2972.6000,2972.8000,2973.0000,2973.2000,1,1,4,3,11,1,5,4,3,2
SF,IH1911,2019-11-15 09:32:30.300,2972.0000,9564,0,470878020.000,0,-,-,-,-,2971.8000,2971.6000,2971.4000,2971.2000,2971.0000,2972.0000,2972.4000,2972.6000,2972.8000,2973.0000,4,1,4,3,11,4,1,5,4,3
SF,IH1911,2019-11-15 09:32:30.800,2972.4000,9559,-5,475336140.000,5,0,5,双平,S,2972.0000,2971.8000,2971.6000,2971.4000,2971.2000,2972.6000,2972.8000,2973.0000,2973.2000,2973.4000,2,4,1,4,3,5,4,3,2,1
SF,IH1911,2019-11-15 09:32:31.300,2972.4000,9558,-1,476227860.000,1,0,1,双平,S,2972.0000,2971.8000,2971.6000,2971.4000,2971.2000,2972.6000,2972.8000,2973.0000,2973.2000,2973.4000,2,4,1,4,3,5,4,3,2,1
SF,IH1911,2019-11-15 09:32:31.800,2972.4000,9558,0,476227860.000,0,-,-,-,-,2972.0000,2971.8000,2971.6000,2971.4000,2971.2000,2972.6000,2972.8000,2973.0000,2973.2000,2973.4000,2,4,1,4,3,5,4,3,2,1
SF,IH1911,2019-11-15 09:32:32.300,2972.6000,9557,-1,477119640.000,1,0,1,双平,S,2972.0000,2971.8000,2971.6000,2971.4000,2971.2000,2972.6000,2972.8000,2973.0000,2973.2000,2973.4000,2,4,1,4,3,4,4,3,2,1
SF,IH1911,2019-11-15 09:32:32.800,2972.6000,9557,0,477119640.000,0,-,-,-,-,2972.2000,2972.0000,2971.8000,2971.6000,2971.4000,2972.6000,2972.8000,2973.0000,2973.2000,2973.4000,1,1,4,1,4,4,4,3,2,1
SF,IH1911,2019-11-15 09:32:33.300,2972.2000,9556,-1,478011300.000,1,0,1,双平,S,2971.8000,2971.6000,2971.4000,2971.2000,2971.0000,2972.6000,2972.8000,2973.0000,2973.2000,2973.4000,5,1,4,3,10,4,4,3,2,1
SF,IH1911,2019-11-15 09:32:33.800,2972.2000,9556,0,478011300.000,0,-,-,-,-,2971.8000,2971.6000,2971.4000,2971.2000,2971.0000,2972.6000,2972.8000,2973.0000,2973.2000,2973.4000,5,1,4,3,10,4,4,3,2,1
SF,IH1911,2019-11-15 09:32:34.300,2972.2000,9556,0,478011300.000,0,-,-,-,-,2971.8000,2971.6000,2971.4000,2971.2000,2971.0000,2972.4000,2972.6000,2972.8000,2973.0000,2973.2000,5,1,4,3,10,1,5,4,3,2
SF,IH1911,2019-11-15 09:32:34.800,2972.2000,9554,-2,479794620.000,2,0,2,双平,S,2972.2000,2972.0000,2971.8000,2971.6000,2971.4000,2972.4000,2972.6000,2972.8000,2973.0000,2973.2000,1,1,5,1,4,1,5,4,3,2
SF,IH1911,2019-11-15 09:32:35.300,2972.2000,9553,-1,480686280.000,1,0,1,双平,S,2972.0000,2971.8000,2971.6000,2971.4000,2971.2000,2972.4000,2972.6000,2972.8000,2973.0000,2973.2000,1,5,1,4,3,1,5,4,3,2
SF,IH1911,2019-11-15 09:32:36.300,2972.2000,9553,0,480686280.000,0,-,-,-,-,2972.0000,2971.8000,2971.6000,2971.4000,2971.2000,2972.4000,2972.6000,2972.8000,2973.0000,2973.2000,2,5,1,3,3,1,5,4,3,2
SF,IH1911,2019-11-15 09:32:36.800,2972.2000,9553,0,480686280.000,0,-,-,-,-,2972.0000,2971.8000,2971.6000,2971.4000,2971.2000,2972.4000,2972.6000,2972.8000,2973.0000,2973.2000,1,5,1,3,3,1,5,6,3,2
SF,IH1911,2019-11-15 09:32:37.300,2972.2000,9552,-1,481577940.000,1,0,1,双平,S,2972.0000,2971.8000,2971.6000,2971.4000,2971.2000,2972.4000,2972.6000,2972.8000,2973.0000,2973.2000,1,5,1,3,3,1,5,8,3,2
SF,IH1911,2019-11-15 09:32:37.800,2972.0000,9549,-3,484252680.000,3,0,3,双平,S,2971.8000,2971.6000,2971.4000,2971.2000,2971.0000,2972.4000,2972.6000,2972.8000,2973.0000,2973.2000,4,1,3,3,10,1,5,8,3,2
SF,IH1911,2019-11-15 09:32:38.300,2971.6000,9545,-4,488710320.000,5,0,5,多平,S,2971.4000,2971.2000,2971.0000,2970.8000,2970.6000,2972.2000,2972.4000,2972.6000,2972.8000,2973.0000,3,3,10,2,3,1,1,5,8,3
SF,IH1911,2019-11-15 09:32:38.800,2971.6000,9544,-1,489601800.000,1,0,1,双平,S,2971.6000,2971.4000,2971.2000,2971.0000,2970.8000,2972.2000,2972.4000,2972.6000,2972.8000,2973.0000,1,3,3,10,2,4,1,5,8,3
SF,IH1911,2019-11-15 09:32:39.300,2971.6000,9544,0,489601800.000,0,-,-,-,-,2971.6000,2971.4000,2971.2000,2971.0000,2970.8000,2972.0000,2972.2000,2972.4000,2972.6000,2972.8000,1,3,3,10,2,1,3,1,5,8
SF,IH1911,2019-11-15 09:32:39.800,2971.6000,9544,0,490493280.000,1,0,1,多换,S,2971.4000,2971.2000,2971.0000,2970.8000,2970.6000,2971.6000,2972.2000,2972.4000,2972.6000,2972.8000,3,3,10,2,3,2,4,1,5,8
SF,IH1911,2019-11-15 09:32:40.300,2971.6000,9544,0,490493280.000,0,-,-,-,-,2971.4000,2971.2000,2971.0000,2970.8000,2970.6000,2972.2000,2972.4000,2972.6000,2972.8000,2973.0000,3,3,10,2,3,4,1,5,8,3
SF,IH1911,2019-11-15 09:32:40.800,2971.6000,9544,0,490493280.000,0,-,-,-,-,2971.4000,2971.2000,2971.0000,2970.8000,2970.6000,2971.8000,2972.2000,2972.4000,2972.6000,2972.8000,3,3,10,2,3,1,4,1,5,8
SF,IH1911,2019-11-15 09:32:41.300,2971.4000,9543,-1,491384700.000,1,0,1,双平,S,2971.4000,2971.2000,2971.0000,2970.8000,2970.6000,2972.4000,2972.6000,2972.8000,2973.0000,2973.4000,2,3,10,2,3,1,5,8,5,1
SF,IH1911,2019-11-15 09:32:41.800,2971.4000,9543,0,491384700.000,0,-,-,-,-,2971.6000,2971.4000,2971.2000,2971.0000,2970.8000,2972.2000,2972.4000,2972.6000,2972.8000,2973.0000,1,2,3,10,2,16,1,5,8,5
SF,IH1911,2019-11-15 09:32:42.300,2971.6000,9543,0,492276180.000,1,0,1,多换,S,2971.4000,2971.2000,2971.0000,2970.8000,2970.6000,2971.6000,2972.0000,2972.2000,2972.4000,2972.6000,2,3,10,2,3,1,1,7,1,5
SF,IH1911,2019-11-15 09:32:42.800,2971.6000,9542,-1,493167660.000,1,0,1,双平,S,2971.4000,2971.2000,2971.0000,2970.8000,2970.6000,2972.2000,2972.4000,2972.6000,2972.8000,2973.0000,2,3,10,2,3,6,1,5,8,5
SF,IH1911,2019-11-15 09:32:43.300,2971.6000,9541,-1,494059140.000,1,0,1,双平,S,2971.4000,2971.2000,2971.0000,2970.8000,2970.6000,2972.0000,2972.2000,2972.4000,2972.6000,2972.8000,2,3,10,2,3,1,6,3,5,8
SF,IH1911,2019-11-15 09:32:43.800,2972.2000,9539,-2,495842460.000,2,0,2,双平,S,2971.4000,2971.2000,2971.0000,2970.8000,2970.6000,2972.2000,2972.4000,2972.6000,2972.8000,2973.0000,2,3,10,2,3,1,3,5,8,5
SF,IH1911,2019-11-15 09:32:44.300,2972.2000,9539,0,495842460.000,0,-,-,-,-,2971.6000,2971.4000,2971.2000,2971.0000,2970.8000,2972.2000,2972.4000,2972.6000,2972.8000,2973.0000,1,2,3,10,2,1,3,5,8,5
SF,IH1911,2019-11-15 09:32:44.800,2972.2000,9539,0,495842460.000,0,-,-,-,-,2971.4000,2971.2000,2971.0000,2970.8000,2970.6000,2972.0000,2972.2000,2972.4000,2972.6000,2972.8000,2,3,10,2,3,1,1,3,5,10
SF,IH1911,2019-11-15 09:32:45.300,2972.2000,9539,0,495842460.000,0,-,-,-,-,2971.6000,2971.4000,2971.2000,2971.0000,2970.8000,2972.0000,2972.4000,2972.6000,2972.8000,2973.0000,3,2,3,10,2,3,3,5,10,5
SF,IH1911,2019-11-15 09:32:45.800,2971.6000,9538,-1,496733940.000,1,0,1,双平,S,2971.4000,2971.2000,2971.0000,2970.8000,2970.6000,2971.6000,2972.0000,2972.4000,2972.6000,2972.8000,2,3,10,2,3,1,3,3,5,10
SF,IH1911,2019-11-15 09:32:46.300,2971.4000,9535,-3,499408260.000,3,0,3,双平,S,2971.2000,2971.0000,2970.8000,2970.6000,2970.0000,2972.0000,2972.4000,2972.6000,2972.8000,2973.0000,3,10,2,3,4,3,3,5,10,5
SF,IH1911,2019-11-15 09:32:46.800,2971.4000,9535,0,499408260.000,0,-,-,-,-,2971.4000,2971.2000,2971.0000,2970.8000,2970.6000,2972.0000,2972.4000,2972.6000,2972.8000,2973.0000,1,3,10,2,3,3,3,5,10,5
SF,IH1911,2019-11-15 09:32:47.300,2971.4000,9535,0,499408260.000,0,-,-,-,-,2971.4000,2971.2000,2971.0000,2970.8000,2970.6000,2972.0000,2972.2000,2972.4000,2972.6000,2972.8000,1,3,10,2,3,3,1,3,5,10
SF,IH1911,2019-11-15 09:32:48.300,2971.4000,9535,0,499408260.000,0,-,-,-,-,2971.4000,2971.2000,2971.0000,2970.8000,2970.6000,2971.8000,2972.0000,2972.2000,2972.4000,2972.6000,1,3,10,2,3,1,4,1,3,5
SF,IH1911,2019-11-15 09:32:48.800,2971.4000,9534,-1,500299680.000,1,0,1,双平,S,2971.2000,2971.0000,2970.8000,2970.6000,2970.0000,2971.8000,2972.0000,2972.2000,2972.4000,2972.6000,3,10,2,3,4,1,4,1,3,5
SF,IH1911,2019-11-15 09:32:49.300,2971.4000,9534,0,500299680.000,0,-,-,-,-,2971.2000,2971.0000,2970.8000,2970.6000,2970.0000,2971.8000,2972.0000,2972.4000,2972.6000,2972.8000,3,10,2,3,4,1,4,3,5,10
SF,IH1911,2019-11-15 09:32:49.800,2971.4000,9534,0,500299680.000,0,-,-,-,-,2971.2000,2971.0000,2970.8000,2970.6000,2970.0000,2971.8000,2972.0000,2972.4000,2972.6000,2972.8000,3,10,2,3,4,1,7,3,5,10
SF,IH1911,2019-11-15 09:32:50.800,2971.4000,9534,0,500299680.000,0,-,-,-,-,2971.2000,2971.0000,2970.8000,2970.6000,2970.0000,2971.8000,2972.0000,2972.2000,2972.4000,2972.6000,3,10,2,3,4,1,7,1,3,5
SF,IH1911,2019-11-15 09:32:51.300,2971.4000,9534,0,500299680.000,0,-,-,-,-,2971.2000,2971.0000,2970.8000,2970.6000,2970.0000,2972.0000,2972.2000,2972.4000,2972.6000,2972.8000,3,10,2,3,4,7,1,3,5,10
SF,IH1911,2019-11-15 09:32:51.800,2971.4000,9534,0,500299680.000,0,-,-,-,-,2971.2000,2971.0000,2970.8000,2970.6000,2970.0000,2971.4000,2971.8000,2972.0000,2972.2000,2972.4000,3,10,2,3,4,1,1,7,1,3
SF,IH1911,2019-11-15 09:32:52.300,2971.4000,9534,0,500299680.000,0,-,-,-,-,2971.2000,2971.0000,2970.8000,2970.6000,2970.0000,2971.4000,2971.8000,2972.0000,2972.2000,2972.4000,3,10,2,3,4,1,1,7,1,3
SF,IH1911,2019-11-15 09:32:52.800,2971.4000,9533,-1,501191100.000,1,0,1,双平,S,2971.2000,2971.0000,2970.8000,2970.6000,2970.0000,2971.8000,2972.0000,2972.2000,2972.4000,2972.6000,3,10,2,4,4,2,7,1,3,5
SF,IH1911,2019-11-15 09:32:53.300,2971.2000,9531,-2,503865180.000,3,0,3,多平,S,2971.0000,2970.8000,2970.6000,2970.0000,2969.8000,2971.8000,2972.0000,2972.2000,2972.4000,2972.6000,10,2,4,4,1,2,7,1,3,5
SF,IH1911,2019-11-15 09:32:53.800,2971.2000,9530,-1,504756540.000,1,0,1,双平,S,2971.0000,2970.8000,2970.6000,2970.0000,2969.8000,2971.8000,2972.0000,2972.2000,2972.4000,2972.6000,10,2,4,4,1,3,7,1,3,5
SF,IH1911,2019-11-15 09:32:54.300,2971.8000,9529,-1,505648080.000,1,0,1,双平,S,2971.2000,2971.0000,2970.8000,2970.6000,2970.0000,2971.8000,2972.0000,2972.2000,2972.4000,2972.6000,1,9,2,4,4,3,7,1,3,5
SF,IH1911,2019-11-15 09:32:54.800,2971.8000,9529,0,505648080.000,0,-,-,-,-,2971.2000,2971.0000,2970.8000,2970.6000,2970.0000,2971.8000,2972.0000,2972.2000,2972.4000,2972.6000,1,10,2,4,4,3,7,1,3,5
SF,IH1911,2019-11-15 09:32:55.300,2971.8000,9529,0,505648080.000,0,-,-,-,-,2971.2000,2971.0000,2970.8000,2970.6000,2970.0000,2971.8000,2972.0000,2972.2000,2972.4000,2972.6000,2,10,2,4,4,3,7,1,3,5
SF,IH1911,2019-11-15 09:32:55.800,2971.8000,9524,-5,510105600.000,5,0,5,双平,S,2971.2000,2971.0000,2970.8000,2970.6000,2970.0000,2971.8000,2972.0000,2972.2000,2972.4000,2972.6000,1,10,2,4,4,2,7,1,3,5
SF,IH1911,2019-11-15 09:32:56.300,2971.2000,9523,-1,510996960.000,1,0,1,双平,S,2971.0000,2970.8000,2970.6000,2970.0000,2969.8000,2971.8000,2972.0000,2972.2000,2972.4000,2972.6000,10,2,4,4,1,2,7,1,3,5
SF,IH1911,2019-11-15 09:32:56.800,2971.2000,9523,0,510996960.000,0,-,-,-,-,2971.6000,2971.0000,2970.8000,2970.6000,2970.0000,2971.8000,2972.0000,2972.2000,2972.4000,2972.6000,1,11,2,4,4,2,7,1,3,5
SF,IH1911,2019-11-15 09:32:57.300,2971.6000,9522,-1,511888440.000,1,0,1,双平,S,2971.0000,2970.8000,2970.6000,2970.0000,2969.8000,2971.8000,2972.0000,2972.2000,2972.4000,2972.6000,11,2,4,4,1,2,7,1,3,5
SF,IH1911,2019-11-15 09:32:57.800,2971.6000,9522,0,511888440.000,0,-,-,-,-,2971.2000,2971.0000,2970.8000,2970.6000,2970.0000,2971.6000,2971.8000,2972.0000,2972.2000,2972.4000,1,11,2,4,4,1,2,7,1,3
SF,IH1911,2019-11-15 09:32:58.300,2971.6000,9522,0,511888440.000,0,-,-,-,-,2971.2000,2971.0000,2970.8000,2970.6000,2970.0000,2971.6000,2971.8000,2972.0000,2972.2000,2972.4000,1,11,2,4,4,1,2,8,2,3
SF,IH1911,2019-11-15 09:32:59.800,2971.2000,9520,-2,513671280.000,2,0,2,双平,S,2971.0000,2970.8000,2970.6000,2970.0000,2969.8000,2971.6000,2971.8000,2972.0000,2972.2000,2972.4000,11,2,4,4,1,1,2,8,2,3
SF,IH1911,2019-11-15 09:33:00.300,2971.6000,9519,-1,514562760.000,1,0,1,双平,S,2971.4000,2971.2000,2971.0000,2970.8000,2970.6000,2971.6000,2971.8000,2972.0000,2972.2000,2972.4000,1,2,11,2,4,4,2,8,2,3
SF,IH1911,2019-11-15 09:33:00.800,2971.6000,9519,0,514562760.000,0,-,-,-,-,2971.2000,2971.0000,2970.8000,2970.6000,2970.0000,2971.4000,2971.6000,2971.8000,2972.0000,2972.2000,2,11,2,4,4,1,7,2,8,2
SF,IH1911,2019-11-15 09:33:01.300,2971.4000,9517,-2,516345600.000,2,0,2,双平,S,2971.2000,2971.0000,2970.8000,2970.6000,2970.0000,2971.6000,2971.8000,2972.0000,2972.2000,2972.4000,2,11,2,4,4,7,2,8,2,3
SF,IH1911,2019-11-15 09:33:01.800,2971.2000,9515,-2,518128320.000,2,0,2,双平,S,2971.0000,2970.8000,2970.6000,2970.0000,2969.8000,2971.2000,2971.6000,2971.8000,2972.0000,2972.2000,11,2,4,4,1,1,7,2,8,2
SF,IH1911,2019-11-15 09:33:02.300,2971.2000,9512,-3,520802280.000,3,0,3,双平,S,2971.0000,2970.8000,2970.6000,2970.0000,2969.8000,2971.4000,2971.6000,2971.8000,2972.0000,2972.2000,9,2,4,4,1,2,8,2,8,2
SF,IH1911,2019-11-15 09:33:02.800,2971.0000,9506,-6,528823980.000,9,1,8,多平,S,2970.8000,2970.6000,2970.0000,2969.8000,2969.4000,2971.2000,2971.4000,2971.6000,2971.8000,2972.0000,2,4,4,1,1,5,1,9,2,8
SF,IH1911,2019-11-15 09:33:03.300,2971.2000,9505,-1,529715340.000,1,0,1,双平,S,2970.8000,2970.6000,2970.0000,2969.8000,2969.4000,2971.2000,2971.4000,2971.6000,2971.8000,2972.0000,2,4,4,1,1,2,1,9,2,8
SF,IH1911,2019-11-15 09:33:03.800,2971.2000,9505,0,529715340.000,0,-,-,-,-,2970.8000,2970.6000,2970.0000,2969.8000,2969.4000,2971.4000,2971.6000,2971.8000,2972.0000,2972.2000,2,4,4,1,1,1,10,2,8,2
SF,IH1911,2019-11-15 09:33:04.300,2971.2000,9500,-5,535063320.000,6,0,6,多平,S,2970.8000,2970.6000,2970.0000,2969.8000,2969.4000,2971.4000,2971.6000,2971.8000,2972.0000,2972.2000,1,4,4,1,1,1,10,2,8,2
SF,IH1911,2019-11-15 09:33:04.800,2970.8000,9496,-4,538628280.000,4,0,4,双平,S,2971.0000,2970.6000,2970.0000,2969.8000,2969.6000,2971.2000,2971.6000,2971.8000,2972.0000,2972.2000,4,4,4,1,2,2,10,2,8,2
SF,IH1911,2019-11-15 09:33:05.300,2971.0000,9495,-1,539519580.000,1,0,1,双平,S,2971.0000,2970.6000,2970.0000,2969.8000,2969.6000,2971.2000,2971.6000,2971.8000,2972.0000,2972.2000,3,4,4,1,2,1,10,3,8,2
SF,IH1911,2019-11-15 09:33:05.800,2971.0000,9494,-1,540410880.000,1,0,1,双平,S,2971.0000,2970.6000,2970.0000,2969.8000,2969.6000,2971.2000,2971.6000,2971.8000,2972.0000,2972.2000,2,4,4,1,2,1,9,3,8,2
SF,IH1911,2019-11-15 09:33:06.300,2971.0000,9494,0,540410880.000,0,-,-,-,-,2970.6000,2970.0000,2969.8000,2969.6000,2969.4000,2971.2000,2971.6000,2971.8000,2972.0000,2972.2000,4,4,1,2,1,4,9,3,8,2
SF,IH1911,2019-11-15 09:33:06.800,2970.6000,9491,-3,543975600.000,4,0,4,多平,S,2970.0000,2969.8000,2969.6000,2969.4000,2969.2000,2970.8000,2971.0000,2971.2000,2971.6000,2971.8000,3,1,2,1,1,1,21,4,9,3
SF,IH1911,2019-11-15 09:33:07.300,2970.6000,9490,-1,544866780.000,1,0,1,双平,S,2970.2000,2970.0000,2969.8000,2969.4000,2969.2000,2970.6000,2971.0000,2971.2000,2971.6000,2971.8000,1,4,1,1,1,5,5,5,9,3
SF,IH1911,2019-11-15 09:33:07.800,2970.4000,9482,-8,551996100.000,8,0,8,双平,S,2970.2000,2970.0000,2969.8000,2969.4000,2969.2000,2971.0000,2971.2000,2971.6000,2971.8000,2972.0000,3,4,1,1,1,3,5,9,3,8
SF,IH1911,2019-11-15 09:33:08.300,2971.0000,9476,-6,557343180.000,6,0,6,双平,S,2970.2000,2970.0000,2969.8000,2969.4000,2969.2000,2971.0000,2971.2000,2971.6000,2971.8000,2972.0000,1,3,1,1,1,1,5,9,3,8
SF,IH1911,2019-11-15 09:33:08.800,2971.2000,9473,-3,560908440.000,4,0,4,多平,S,2970.2000,2970.0000,2969.8000,2969.4000,2969.2000,2971.2000,2971.6000,2971.8000,2972.0000,2972.2000,1,3,1,1,3,4,9,3,8,2
SF,IH1911,2019-11-15 09:33:09.300,2971.2000,9473,0,560908440.000,0,-,-,-,-,2970.2000,2970.0000,2969.8000,2969.4000,2969.2000,2971.2000,2971.6000,2971.8000,2972.0000,2972.2000,1,3,1,1,3,4,9,3,8,2
SF,IH1911,2019-11-15 09:33:09.800,2971.2000,9473,0,560908440.000,0,-,-,-,-,2970.4000,2970.2000,2970.0000,2969.8000,2969.4000,2971.0000,2971.2000,2971.6000,2971.8000,2972.0000,1,1,3,1,1,1,4,9,3,8
SF,IH1911,2019-11-15 09:33:10.300,2971.2000,9473,0,560908440.000,0,-,-,-,-,2970.4000,2970.0000,2969.8000,2969.4000,2969.2000,2970.8000,2971.0000,2971.2000,2971.6000,2971.8000,1,3,1,1,3,2,3,4,9,3
SF,IH1911,2019-11-15 09:33:10.800,2971.0000,9468,-5,565364940.000,5,0,5,双平,S,2971.0000,2970.4000,2970.0000,2969.8000,2969.4000,2971.2000,2971.6000,2971.8000,2972.0000,2972.2000,1,1,3,1,1,4,9,3,8,2
SF,IH1911,2019-11-15 09:33:11.300,2971.0000,9467,-1,566256240.000,1,0,1,双平,S,2970.4000,2970.0000,2969.8000,2969.4000,2969.2000,2971.0000,2971.2000,2971.6000,2971.8000,2972.0000,1,3,1,1,3,5,4,9,3,8
SF,IH1911,2019-11-15 09:33:11.800,2970.4000,9466,-1,567147360.000,1,0,1,双平,S,2970.2000,2970.0000,2969.8000,2969.4000,2969.2000,2970.4000,2971.0000,2971.2000,2971.6000,2971.8000,1,3,1,1,3,1,5,5,9,3
SF,IH1911,2019-11-15 09:33:12.300,2970.4000,9465,-1,568038480.000,1,0,1,双平,S,2970.2000,2970.0000,2969.8000,2969.4000,2969.2000,2971.0000,2971.2000,2971.6000,2971.8000,2972.0000,1,3,1,1,3,5,5,8,3,8
SF,IH1911,2019-11-15 09:33:12.800,2970.2000,9465,0,568929540.000,1,0,1,多换,S,2970.0000,2969.8000,2969.4000,2969.2000,2969.0000,2970.2000,2971.0000,2971.2000,2971.6000,2971.8000,3,1,1,3,3,2,8,5,8,3
SF,IH1911,2019-11-15 09:33:13.300,2970.2000,9455,-10,577841580.000,10,0,10,双平,S,2970.0000,2969.8000,2969.4000,2969.2000,2969.0000,2971.0000,2971.2000,2971.6000,2971.8000,2972.0000,3,1,1,1,3,3,5,8,3,8
SF,IH1911,2019-11-15 09:33:13.800,2970.2000,9455,0,577841580.000,0,-,-,-,-,2970.0000,2969.8000,2969.4000,2969.2000,2969.0000,2971.0000,2971.2000,2971.6000,2971.8000,2972.0000,3,1,1,1,3,3,5,8,3,8
SF,IH1911,2019-11-15 09:33:14.300,2970.2000,9453,-2,579623940.000,2,0,2,双平,S,2970.2000,2970.0000,2969.8000,2969.4000,2969.2000,2971.0000,2971.2000,2971.6000,2971.8000,2972.0000,3,3,1,1,1,2,5,8,3,8
SF,IH1911,2019-11-15 09:33:14.800,2970.2000,9453,0,579623940.000,0,-,-,-,-,2970.0000,2969.8000,2969.4000,2969.2000,2969.0000,2970.6000,2971.0000,2971.2000,2971.6000,2971.8000,3,1,1,1,3,2,2,5,8,5
SF,IH1911,2019-11-15 09:33:15.300,2970.6000,9452,-1,580515120.000,1,0,1,双平,S,2970.2000,2970.0000,2969.8000,2969.4000,2969.2000,2970.6000,2971.0000,2971.2000,2971.6000,2971.8000,1,3,1,1,1,2,2,5,8,5
SF,IH1911,2019-11-15 09:33:15.800,2970.6000,9450,-2,582297480.000,2,0,2,双平,S,2970.8000,2970.2000,2970.0000,2969.8000,2969.4000,2971.0000,2971.2000,2971.6000,2971.8000,2972.0000,3,1,7,1,1,2,5,8,5,8
SF,IH1911,2019-11-15 09:33:16.300,2970.8000,9447,-3,584971200.000,3,0,3,双平,S,2970.2000,2970.0000,2969.8000,2969.4000,2969.2000,2971.0000,2971.2000,2971.6000,2971.8000,2972.0000,1,7,1,1,2,2,5,8,5,7
SF,IH1911,2019-11-15 09:33:16.800,2970.8000,9447,0,584971200.000,0,-,-,-,-,2970.2000,2970.0000,2969.8000,2969.4000,2969.2000,2971.0000,2971.2000,2971.6000,2971.8000,2972.0000,1,7,1,1,2,2,4,8,5,7
SF,IH1911,2019-11-15 09:33:17.300,2970.4000,9445,-2,586753440.000,2,0,2,双平,S,2970.2000,2970.0000,2969.8000,2969.4000,2969.2000,2971.0000,2971.2000,2971.6000,2971.8000,2972.0000,1,7,1,1,2,2,4,7,5,7
SF,IH1911,2019-11-15 09:33:17.800,2971.0000,9440,-5,591209760.000,5,0,5,双平,S,2970.0000,2969.8000,2969.4000,2969.2000,2969.0000,2971.2000,2971.6000,2971.8000,2972.0000,2972.2000,7,1,1,2,3,4,7,5,7,1
SF,IH1911,2019-11-15 09:33:18.300,2971.0000,9440,0,591209760.000,0,-,-,-,-,2970.0000,2969.8000,2969.4000,2969.2000,2969.0000,2971.0000,2971.2000,2971.6000,2971.8000,2972.0000,7,1,1,2,3,1,4,5,5,7
SF,IH1911,2019-11-15 09:33:18.800,2970.2000,9439,-1,592100820.000,1,0,1,双平,S,2970.0000,2969.8000,2969.4000,2969.2000,2969.0000,2971.0000,2971.2000,2971.6000,2971.8000,2972.0000,7,1,1,2,3,1,4,5,5,6
SF,IH1911,2019-11-15 09:33:19.300,2970.2000,9439,0,592100820.000,0,-,-,-,-,2970.0000,2969.8000,2969.4000,2969.2000,2969.0000,2971.0000,2971.2000,2971.4000,2971.6000,2971.8000,7,1,1,2,3,1,3,1,5,5
SF,IH1911,2019-11-15 09:33:19.800,2970.2000,9439,0,592100820.000,0,-,-,-,-,2970.0000,2969.8000,2969.4000,2969.2000,2969.0000,2970.8000,2971.0000,2971.2000,2971.4000,2971.6000,7,1,1,2,3,1,1,3,1,5
SF,IH1911,2019-11-15 09:33:20.300,2970.2000,9439,0,592100820.000,0,-,-,-,-,2970.2000,2970.0000,2969.8000,2969.4000,2969.2000,2970.8000,2971.0000,2971.2000,2971.4000,2971.6000,1,7,1,1,2,1,1,3,1,5
SF,IH1911,2019-11-15 09:33:21.300,2970.2000,9438,-1,592991880.000,1,0,1,双平,S,2970.2000,2970.0000,2969.8000,2969.4000,2969.2000,2970.8000,2971.0000,2971.2000,2971.4000,2971.6000,1,7,1,1,2,1,1,1,1,2
SF,IH1911,2019-11-15 09:33:21.800,2970.8000,9437,-1,593883120.000,1,0,1,双平,S,2970.2000,2970.0000,2969.8000,2969.4000,2969.2000,2971.0000,2971.2000,2971.4000,2971.6000,2971.8000,2,7,1,1,2,1,1,1,2,5
SF,IH1911,2019-11-15 09:33:22.300,2970.4000,9434,-3,596556720.000,3,0,3,双平,S,2970.2000,2970.0000,2969.8000,2969.4000,2969.2000,2970.6000,2971.4000,2971.6000,2971.8000,2972.0000,2,7,1,1,2,1,1,2,5,2
SF,IH1911,2019-11-15 09:33:22.800,2970.6000,9431,-3,599230260.000,3,0,3,双平,S,2970.4000,2970.2000,2970.0000,2969.8000,2969.4000,2970.6000,2971.4000,2971.6000,2971.8000,2972.0000,1,2,7,1,1,1,1,2,5,2
SF,IH1911,2019-11-15 09:33:23.300,2970.6000,9428,-3,601903800.000,3,0,3,双平,S,2970.6000,2970.4000,2970.2000,2970.0000,2969.8000,2970.8000,2971.4000,2971.6000,2971.8000,2972.0000,4,2,2,7,1,1,1,2,5,2
SF,IH1911,2019-11-15 09:33:23.800,2970.8000,9423,-5,606360000.000,5,0,5,双平,S,2970.8000,2970.6000,2970.4000,2970.2000,2970.0000,2971.4000,2971.6000,2971.8000,2972.0000,2972.2000,1,6,1,2,7,1,2,5,2,1
SF,IH1911,2019-11-15 09:33:24.300,2970.8000,9422,-1,607251240.000,1,0,1,双平,S,2970.6000,2970.4000,2970.2000,2970.0000,2969.8000,2971.4000,2971.6000,2971.8000,2972.0000,2972.2000,6,1,2,7,1,1,2,5,2,1
SF,IH1911,2019-11-15 09:33:24.800,2970.8000,9422,0,607251240.000,0,-,-,-,-,2970.8000,2970.6000,2970.4000,2970.2000,2970.0000,2971.4000,2971.6000,2971.8000,2972.0000,2972.2000,1,5,1,3,6,1,2,5,2,1
SF,IH1911,2019-11-15 09:33:25.300,2970.8000,9422,0,607251240.000,0,-,-,-,-,2970.8000,2970.6000,2970.4000,2970.2000,2970.0000,2971.4000,2971.6000,2971.8000,2972.0000,2972.2000,1,5,1,3,6,1,3,5,2,1
SF,IH1911,2019-11-15 09:33:25.800,2970.8000,9422,0,607251240.000,0,-,-,-,-,2970.8000,2970.6000,2970.2000,2970.0000,2969.8000,2971.4000,2971.6000,2971.8000,2972.0000,2972.2000,1,4,3,6,1,1,3,5,2,1
SF,IH1911,2019-11-15 09:33:27.300,2970.8000,9422,0,607251240.000,0,-,-,-,-,2971.0000,2970.8000,2970.6000,2970.2000,2970.0000,2971.4000,2971.6000,2971.8000,2972.0000,2972.2000,1,1,4,3,6,1,3,5,2,1
SF,IH1911,2019-11-15 09:33:27.800,2970.8000,9420,-2,609033720.000,2,0,2,双平,S,2970.6000,2970.2000,2970.0000,2969.8000,2969.4000,2971.4000,2971.6000,2971.8000,2972.0000,2972.2000,4,3,6,1,1,2,2,5,2,1
SF,IH1911,2019-11-15 09:33:28.300,2971.2000,9418,-2,610816260.000,2,0,2,双平,S,2970.6000,2970.4000,2970.2000,2970.0000,2969.8000,2971.2000,2971.4000,2971.6000,2971.8000,2972.0000,3,1,3,7,1,1,2,2,5,2
SF,IH1911,2019-11-15 09:33:28.800,2971.2000,9418,0,610816260.000,0,-,-,-,-,2970.6000,2970.4000,2970.2000,2970.0000,2969.8000,2971.2000,2971.4000,2971.6000,2971.8000,2972.0000,2,1,3,7,1,1,2,1,5,2
SF,IH1911,2019-11-15 09:33:29.300,2971.2000,9418,0,610816260.000,0,-,-,-,-,2970.6000,2970.4000,2970.2000,2970.0000,2969.8000,2971.0000,2971.2000,2971.4000,2971.6000,2971.8000,1,1,3,7,1,1,1,2,2,5
SF,IH1911,2019-11-15 09:33:29.800,2971.4000,9416,-2,612599040.000,2,0,2,双平,S,2970.6000,2970.4000,2970.2000,2970.0000,2969.8000,2971.4000,2971.6000,2971.8000,2972.0000,2972.2000,1,1,3,7,1,1,2,5,2,1
SF,IH1911,2019-11-15 09:33:30.300,2971.4000,9416,0,612599040.000,0,-,-,-,-,2970.6000,2970.4000,2970.2000,2970.0000,2969.8000,2971.2000,2971.4000,2971.6000,2971.8000,2972.0000,1,1,3,7,1,1,1,3,5,2
SF,IH1911,2019-11-15 09:33:30.800,2970.6000,9415,-1,613490220.000,1,0,1,双平,S,2970.8000,2970.4000,2970.2000,2970.0000,2969.8000,2971.2000,2971.4000,2971.6000,2971.8000,2972.0000,1,1,3,7,1,1,1,3,5,2
SF,IH1911,2019-11-15 09:33:31.300,2970.8000,9415,0,614381460.000,1,0,1,多换,S,2970.4000,2970.2000,2970.0000,2969.8000,2969.4000,2971.2000,2971.4000,2971.6000,2971.8000,2972.0000,1,3,7,1,1,1,1,3,5,2
SF,IH1911,2019-11-15 09:33:31.800,2970.6000,9414,-1,615272640.000,1,0,1,双平,S,2970.4000,2970.2000,2970.0000,2969.8000,2969.4000,2971.2000,2971.4000,2971.6000,2971.8000,2972.0000,1,3,7,1,1,1,1,3,5,2
SF,IH1911,2019-11-15 09:33:32.300,2970.6000,9414,0,615272640.000,0,-,-,-,-,2970.8000,2970.6000,2970.4000,2970.2000,2970.0000,2971.2000,2971.4000,2971.6000,2971.8000,2972.0000,1,1,1,3,7,1,1,3,5,2
SF,IH1911,2019-11-15 09:33:32.800,2970.6000,9414,0,615272640.000,0,-,-,-,-,2970.8000,2970.6000,2970.4000,2970.2000,2970.0000,2971.2000,2971.4000,2971.6000,2971.8000,2972.0000,1,1,1,3,7,2,1,3,5,2
SF,IH1911,2019-11-15 09:33:33.300,2971.2000,9410,-4,618837960.000,4,0,4,双平,S,2970.8000,2970.6000,2970.4000,2970.2000,2970.0000,2971.4000,2971.6000,2971.8000,2972.0000,2972.2000,1,1,1,3,7,1,3,5,2,1
SF,IH1911,2019-11-15 09:33:34.300,2971.2000,9410,0,618837960.000,0,-,-,-,-,2970.8000,2970.6000,2970.4000,2970.2000,2970.0000,2971.2000,2971.4000,2971.6000,2971.8000,2972.0000,1,1,1,3,7,1,1,3,5,2
SF,IH1911,2019-11-15 09:33:34.800,2970.8000,9403,-7,625077300.000,7,0,7,双平,S,2970.6000,2970.4000,2970.2000,2970.0000,2969.8000,2970.8000,2971.2000,2971.4000,2971.6000,2971.8000,1,1,3,7,1,1,6,1,3,5
SF,IH1911,2019-11-15 09:33:35.300,2970.8000,9402,-1,625968540.000,1,0,1,双平,S,2970.6000,2970.4000,2970.2000,2970.0000,2969.8000,2971.4000,2971.6000,2971.8000,2972.0000,2972.2000,2,1,3,7,1,1,3,5,2,1
SF,IH1911,2019-11-15 09:33:35.800,2970.8000,9401,-1,626859780.000,1,0,1,双平,S,2970.6000,2970.4000,2970.2000,2970.0000,2969.8000,2971.4000,2971.6000,2971.8000,2972.0000,2972.2000,2,1,3,6,1,1,3,5,2,1
SF,IH1911,2019-11-15 09:33:36.300,2970.8000,9401,0,626859780.000,0,-,-,-,-,2970.6000,2970.4000,2970.2000,2970.0000,2969.8000,2971.4000,2971.6000,2971.8000,2972.0000,2972.2000,2,1,3,6,1,1,3,5,2,1
SF,IH1911,2019-11-15 09:33:36.800,2970.8000,9401,0,626859780.000,0,-,-,-,-,2970.8000,2970.6000,2970.4000,2970.2000,2970.0000,2971.4000,2971.6000,2971.8000,2972.0000,2972.2000,1,1,1,3,6,1,3,5,2,1
SF,IH1911,2019-11-15 09:33:37.300,2970.8000,9401,0,626859780.000,0,-,-,-,-,2970.8000,2970.6000,2970.4000,2970.2000,2970.0000,2971.4000,2971.6000,2971.8000,2972.0000,2972.2000,2,1,1,3,6,1,3,5,2,1
SF,IH1911,2019-11-15 09:33:37.800,2970.8000,9400,-1,627751020.000,1,0,1,双平,S,2970.8000,2970.6000,2970.4000,2970.2000,2970.0000,2971.2000,2971.4000,2971.6000,2971.8000,2972.0000,2,1,1,3,6,2,4,3,5,2
SF,IH1911,2019-11-15 09:33:38.300,2970.8000,9400,0,627751020.000,0,-,-,-,-,2970.8000,2970.6000,2970.4000,2970.2000,2970.0000,2971.2000,2971.4000,2971.6000,2971.8000,2972.0000,2,1,1,3,6,1,5,3,5,2
SF,IH1911,2019-11-15 09:33:38.800,2971.2000,9399,-1,628642380.000,1,0,1,双平,S,2970.8000,2970.6000,2970.4000,2970.2000,2970.0000,2971.4000,2971.6000,2971.8000,2972.0000,2972.2000,2,1,1,3,6,5,3,5,2,1
SF,IH1911,2019-11-15 09:33:39.800,2971.2000,9399,0,628642380.000,0,-,-,-,-,2970.8000,2970.6000,2970.4000,2970.2000,2970.0000,2971.4000,2971.6000,2971.8000,2972.0000,2972.2000,3,1,1,3,6,5,3,5,2,1
SF,IH1911,2019-11-15 09:33:40.800,2971.4000,9398,-1,629533800.000,1,0,1,双平,S,2970.8000,2970.6000,2970.4000,2970.2000,2970.0000,2971.4000,2971.6000,2971.8000,2972.0000,2972.2000,3,1,1,3,6,4,3,5,2,1
SF,IH1911,2019-11-15 09:33:41.800,2971.4000,9397,-1,630425220.000,1,0,1,双平,S,2970.8000,2970.6000,2970.2000,2970.0000,2969.8000,2971.4000,2971.6000,2971.8000,2972.0000,2972.2000,3,1,3,6,1,3,3,5,2,1
SF,IH1911,2019-11-15 09:33:42.800,2971.4000,9396,-1,631316640.000,1,0,1,双平,S,2970.8000,2970.6000,2970.2000,2970.0000,2969.8000,2971.2000,2971.4000,2971.6000,2971.8000,2972.0000,3,1,3,6,1,1,2,3,5,2
SF,IH1911,2019-11-15 09:33:43.300,2970.8000,9395,-1,632207880.000,1,0,1,双平,S,2970.8000,2970.6000,2970.2000,2970.0000,2969.8000,2971.2000,2971.4000,2971.6000,2971.8000,2972.0000,1,1,3,6,1,2,2,3,5,2
SF,IH1911,2019-11-15 09:33:43.800,2970.8000,9395,0,632207880.000,0,-,-,-,-,2970.8000,2970.2000,2970.0000,2969.8000,2969.4000,2971.2000,2971.4000,2971.6000,2971.8000,2972.0000,1,3,6,1,1,3,2,3,5,2
SF,IH1911,2019-11-15 09:33:44.300,2970.8000,9394,-1,633099120.000,1,0,1,双平,S,2970.2000,2970.0000,2969.8000,2969.4000,2969.2000,2971.2000,2971.4000,2971.6000,2971.8000,2972.0000,3,6,1,1,3,3,2,3,5,2
SF,IH1911,2019-11-15 09:33:44.800,2970.8000,9394,0,633099120.000,0,-,-,-,-,2970.2000,2970.0000,2969.8000,2969.4000,2969.2000,2971.2000,2971.4000,2971.6000,2971.8000,2972.0000,3,6,1,1,3,3,2,3,5,2
SF,IH1911,2019-11-15 09:33:45.300,2970.8000,9394,0,633099120.000,0,-,-,-,-,2970.2000,2970.0000,2969.8000,2969.4000,2969.2000,2971.2000,2971.4000,2971.6000,2971.8000,2972.0000,3,6,1,1,3,3,2,3,5,2
SF,IH1911,2019-11-15 09:33:45.800,2970.8000,9394,0,633099120.000,0,-,-,-,-,2970.2000,2970.0000,2969.8000,2969.4000,2969.2000,2970.6000,2971.0000,2971.2000,2971.4000,2971.6000,3,6,1,1,3,1,9,2,1,3
SF,IH1911,2019-11-15 09:33:46.300,2970.8000,9394,0,633099120.000,0,-,-,-,-,2970.2000,2970.0000,2969.8000,2969.4000,2969.2000,2970.6000,2971.0000,2971.2000,2971.4000,2971.6000,4,6,1,1,3,1,11,2,2,3
SF,IH1911,2019-11-15 09:33:46.800,2970.8000,9394,0,633099120.000,0,-,-,-,-,2970.2000,2970.0000,2969.8000,2969.4000,2969.2000,2970.6000,2971.0000,2971.2000,2971.4000,2971.6000,4,6,1,1,3,1,11,2,2,4
SF,IH1911,2019-11-15 09:33:47.300,2970.6000,9393,-1,633990300.000,1,0,1,双平,S,2970.6000,2970.2000,2970.0000,2969.8000,2969.4000,2971.0000,2971.2000,2971.4000,2971.6000,2971.8000,4,4,6,1,1,11,2,2,4,5
SF,IH1911,2019-11-15 09:33:47.800,2970.6000,9391,-2,635772660.000,2,0,2,双平,S,2970.6000,2970.2000,2970.0000,2969.8000,2969.4000,2970.8000,2971.0000,2971.2000,2971.4000,2971.6000,4,4,6,1,1,3,12,2,2,4
SF,IH1911,2019-11-15 09:33:48.300,2970.6000,9386,-5,640228560.000,5,0,5,双平,S,2970.2000,2970.0000,2969.8000,2969.4000,2969.2000,2970.8000,2971.0000,2971.2000,2971.4000,2971.6000,4,6,1,1,3,3,12,2,2,4
SF,IH1911,2019-11-15 09:33:48.800,2970.6000,9381,-5,644684220.000,5,0,5,双平,S,2970.2000,2970.0000,2969.8000,2969.4000,2969.2000,2970.6000,2970.8000,2971.0000,2971.2000,2971.4000,2,6,1,1,3,4,3,5,2,2
SF,IH1911,2019-11-15 09:33:49.300,2970.6000,9381,0,644684220.000,0,-,-,-,-,2970.2000,2970.0000,2969.8000,2969.4000,2969.2000,2970.8000,2971.0000,2971.2000,2971.4000,2971.6000,2,6,1,1,3,2,2,2,2,4
SF,IH1911,2019-11-15 09:33:50.300,2970.6000,9381,0,644684220.000,0,-,-,-,-,2970.2000,2970.0000,2969.8000,2969.4000,2969.2000,2970.8000,2971.0000,2971.2000,2971.4000,2971.6000,3,6,1,1,3,2,2,2,2,4
SF,IH1911,2019-11-15 09:33:50.800,2970.6000,9381,0,644684220.000,0,-,-,-,-,2970.2000,2970.0000,2969.8000,2969.4000,2969.2000,2970.8000,2971.0000,2971.2000,2971.4000,2971.6000,3,6,1,1,3,3,2,2,2,4
SF,IH1911,2019-11-15 09:33:51.300,2970.6000,9381,0,644684220.000,0,-,-,-,-,2970.2000,2970.0000,2969.8000,2969.4000,2969.2000,2970.8000,2971.0000,2971.2000,2971.4000,2971.6000,3,6,1,1,3,3,2,2,2,4
SF,IH1911,2019-11-15 09:33:51.800,2970.6000,9381,0,644684220.000,0,-,-,-,-,2970.2000,2970.0000,2969.8000,2969.4000,2969.2000,2970.8000,2971.0000,2971.2000,2971.4000,2971.6000,3,6,1,1,3,3,2,2,2,4
SF,IH1911,2019-11-15 09:33:52.300,2970.2000,9380,-1,645575280.000,1,0,1,双平,S,2970.2000,2970.0000,2969.8000,2969.4000,2969.2000,2970.4000,2970.6000,2970.8000,2971.0000,2971.2000,2,6,1,1,3,1,10,3,2,1
SF,IH1911,2019-11-15 09:33:52.800,2970.2000,9379,-1,647357400.000,2,0,2,多平,S,2970.0000,2969.8000,2969.4000,2969.2000,2969.0000,2970.2000,2970.6000,2970.8000,2971.0000,2971.2000,6,1,1,3,3,2,4,3,2,1
SF,IH1911,2019-11-15 09:33:53.300,2970.2000,9379,0,647357400.000,0,-,-,-,-,2970.0000,2969.8000,2969.4000,2969.2000,2969.0000,2970.2000,2970.6000,2970.8000,2971.0000,2971.2000,6,1,1,1,3,2,4,4,2,1
SF,IH1911,2019-11-15 09:33:53.800,2970.2000,9376,-3,650030580.000,3,0,3,双平,S,2970.0000,2969.8000,2969.4000,2969.2000,2968.2000,2970.6000,2970.8000,2971.0000,2971.2000,2971.4000,6,1,1,1,1,6,6,1,1,4
SF,IH1911,2019-11-15 09:33:54.300,2970.2000,9376,0,650030580.000,0,-,-,-,-,2970.0000,2969.8000,2969.4000,2969.2000,2968.2000,2970.6000,2970.8000,2971.0000,2971.2000,2971.4000,6,1,1,1,1,6,8,1,1,4
SF,IH1911,2019-11-15 09:33:55.800,2970.2000,9376,0,650030580.000,0,-,-,-,-,2970.0000,2969.8000,2969.4000,2969.2000,2969.0000,2970.4000,2970.6000,2970.8000,2971.2000,2971.4000,6,1,1,1,1,1,6,8,1,4
SF,IH1911,2019-11-15 09:33:56.300,2970.4000,9375,-1,650921700.000,1,0,1,双平,S,2970.0000,2969.8000,2969.4000,2969.2000,2969.0000,2970.6000,2970.8000,2971.2000,2971.4000,2971.6000,6,1,1,1,1,6,8,1,4,4
SF,IH1911,2019-11-15 09:33:56.800,2970.4000,9375,0,650921700.000,0,-,-,-,-,2970.0000,2969.8000,2969.4000,2969.2000,2969.0000,2970.4000,2970.6000,2970.8000,2971.2000,2971.4000,6,1,1,1,1,1,6,8,1,4
SF,IH1911,2019-11-15 09:33:57.300,2970.4000,9375,0,650921700.000,0,-,-,-,-,2970.0000,2969.8000,2969.4000,2969.2000,2969.0000,2970.4000,2970.6000,2970.8000,2971.2000,2971.4000,8,1,1,1,1,1,6,8,1,4
SF,IH1911,2019-11-15 09:33:57.800,2970.4000,9375,0,650921700.000,0,-,-,-,-,2970.0000,2969.8000,2969.4000,2969.2000,2969.0000,2970.4000,2970.6000,2970.8000,2971.2000,2971.4000,8,1,1,1,1,1,6,8,1,4
SF,IH1911,2019-11-15 09:33:58.300,2970.4000,9375,0,650921700.000,0,-,-,-,-,2970.2000,2970.0000,2969.8000,2969.4000,2969.2000,2970.4000,2970.6000,2970.8000,2971.2000,2971.4000,1,8,1,1,1,1,6,8,1,4
SF,IH1911,2019-11-15 09:33:58.800,2970.2000,9374,-1,651812760.000,1,0,1,双平,S,2970.2000,2970.0000,2969.8000,2969.4000,2969.2000,2970.4000,2970.6000,2970.8000,2971.2000,2971.4000,3,6,1,1,1,1,6,8,1,4
SF,IH1911,2019-11-15 09:33:59.300,2970.4000,9373,-1,652703880.000,1,0,1,双平,S,2970.4000,2970.2000,2970.0000,2969.8000,2969.4000,2970.6000,2970.8000,2971.2000,2971.4000,2971.6000,1,3,6,1,1,6,8,1,4,5
SF,IH1911,2019-11-15 09:33:59.800,2970.6000,9370,-3,655377420.000,3,0,3,双平,S,2970.4000,2970.2000,2970.0000,2969.8000,2969.4000,2970.6000,2970.8000,2971.2000,2971.4000,2971.6000,3,1,6,1,1,3,8,1,4,5
SF,IH1911,2019-11-15 09:34:00.300,2970.6000,9369,-1,656268600.000,1,0,1,双平,S,2970.4000,2970.0000,2969.8000,2969.4000,2969.2000,2970.6000,2970.8000,2971.2000,2971.4000,2971.6000,3,6,1,1,1,2,8,1,4,5
SF,IH1911,2019-11-15 09:34:00.800,2970.4000,9368,-1,657159720.000,1,0,1,双平,S,2970.4000,2970.0000,2969.8000,2969.4000,2969.2000,2970.6000,2970.8000,2971.2000,2971.4000,2971.6000,2,6,1,1,1,3,8,1,4,4
SF,IH1911,2019-11-15 09:34:01.300,2970.4000,9367,-1,658050840.000,1,0,1,双平,S,2970.0000,2969.8000,2969.4000,2969.2000,2969.0000,2970.4000,2970.6000,2970.8000,2971.2000,2971.4000,6,1,1,1,1,1,3,9,1,4
SF,IH1911,2019-11-15 09:34:01.800,2970.4000,9367,0,658050840.000,0,-,-,-,-,2970.0000,2969.8000,2969.4000,2969.2000,2969.0000,2970.4000,2970.6000,2970.8000,2971.2000,2971.4000,8,1,1,1,1,6,3,9,1,4
SF,IH1911,2019-11-15 09:34:02.300,2970.4000,9367,0,658050840.000,0,-,-,-,-,2970.0000,2969.8000,2969.4000,2969.2000,2969.0000,2970.4000,2970.6000,2970.8000,2971.2000,2971.4000,8,1,1,1,1,1,3,9,1,4
SF,IH1911,2019-11-15 09:34:02.800,2970.0000,9366,-1,659832840.000,2,0,2,多平,S,2970.0000,2969.8000,2969.6000,2969.4000,2969.2000,2970.4000,2970.6000,2970.8000,2971.2000,2971.4000,6,1,1,1,1,2,3,10,1,3
SF,IH1911,2019-11-15 09:34:03.300,2970.4000,9364,-2,662506200.000,3,0,3,多平,S,2970.4000,2970.0000,2969.8000,2969.6000,2969.4000,2970.6000,2970.8000,2971.2000,2971.4000,2971.6000,1,6,1,1,1,3,10,1,3,4
SF,IH1911,2019-11-15 09:34:03.800,2970.4000,9361,-3,665179560.000,3,0,3,双平,S,2970.0000,2969.8000,2969.6000,2969.4000,2969.2000,2970.4000,2970.6000,2970.8000,2971.4000,2971.6000,4,1,1,1,1,4,4,10,3,4
SF,IH1911,2019-11-15 09:34:04.300,2970.2000,9358,-3,667852740.000,3,0,3,双平,S,2970.2000,2970.0000,2969.8000,2969.6000,2969.4000,2970.4000,2970.6000,2970.8000,2971.4000,2971.6000,2,4,1,1,1,2,3,10,3,4
SF,IH1911,2019-11-15 09:34:04.800,2970.2000,9358,0,667852740.000,0,-,-,-,-,2970.0000,2969.8000,2969.6000,2969.4000,2969.2000,2970.2000,2970.6000,2970.8000,2971.4000,2971.6000,4,1,1,1,1,3,3,10,3,4
SF,IH1911,2019-11-15 09:34:05.300,2970.2000,9354,-4,672307920.000,5,0,5,多平,S,2970.2000,2970.0000,2969.8000,2969.6000,2969.4000,2970.6000,2970.8000,2971.4000,2971.6000,2971.8000,7,4,1,1,1,3,8,3,4,6
SF,IH1911,2019-11-15 09:34:05.800,2970.2000,9353,-1,673198980.000,1,0,1,双平,S,2970.2000,2970.0000,2969.8000,2969.6000,2969.4000,2970.6000,2970.8000,2971.4000,2971.6000,2971.8000,7,2,1,1,1,3,8,3,4,6
SF,IH1911,2019-11-15 09:34:06.300,2970.8000,9346,-7,680328360.000,8,0,8,多平,S,2970.4000,2970.2000,2970.0000,2969.8000,2969.6000,2970.8000,2971.4000,2971.6000,2971.8000,2972.0000,1,2,2,1,1,6,3,4,6,1
SF,IH1911,2019-11-15 09:34:06.800,2970.8000,9346,0,680328360.000,0,-,-,-,-,2970.4000,2970.2000,2970.0000,2969.8000,2969.6000,2970.6000,2970.8000,2971.4000,2971.6000,2971.8000,2,1,2,1,1,1,6,3,4,6
SF,IH1911,2019-11-15 09:34:07.300,2970.6000,9345,-1,681219540.000,1,0,1,双平,S,2970.6000,2970.4000,2970.2000,2970.0000,2969.8000,2970.8000,2971.4000,2971.6000,2971.8000,2972.0000,3,2,1,2,1,6,3,4,6,1
SF,IH1911,2019-11-15 09:34:07.800,2970.8000,9344,-1,682110780.000,1,0,1,双平,S,2970.6000,2970.2000,2970.0000,2969.8000,2969.6000,2970.8000,2971.0000,2971.4000,2971.6000,2971.8000,5,1,2,1,1,5,1,2,4,6
SF,IH1911,2019-11-15 09:34:08.800,2970.8000,9340,-4,685675740.000,4,0,4,双平,S,2970.6000,2970.2000,2970.0000,2969.8000,2969.6000,2970.8000,2971.0000,2971.4000,2971.6000,2971.8000,5,1,2,1,1,1,1,2,4,6
SF,IH1911,2019-11-15 09:34:09.300,2970.8000,9339,-1,686566980.000,1,0,1,双平,S,2970.8000,2970.6000,2970.2000,2970.0000,2969.8000,2971.0000,2971.4000,2971.6000,2971.8000,2972.0000,3,3,1,2,1,1,2,4,4,1
SF,IH1911,2019-11-15 09:34:09.800,2971.0000,9338,-1,687458280.000,1,0,1,双平,S,2971.0000,2970.8000,2970.6000,2970.2000,2970.0000,2971.4000,2971.6000,2971.8000,2972.0000,2972.2000,5,10,1,1,2,2,3,4,1,1
SF,IH1911,2019-11-15 09:34:10.300,2971.0000,9338,0,687458280.000,0,-,-,-,-,2971.2000,2971.0000,2970.8000,2970.6000,2970.2000,2971.4000,2971.6000,2971.8000,2972.0000,2972.2000,2,4,5,1,1,2,4,6,1,1
SF,IH1911,2019-11-15 09:34:10.800,2971.4000,9336,-2,689241120.000,2,0,2,双平,S,2971.4000,2971.2000,2971.0000,2970.8000,2970.6000,2971.6000,2971.8000,2972.0000,2972.2000,2972.4000,6,4,2,5,1,4,4,1,1,1
SF,IH1911,2019-11-15 09:34:11.300,2971.4000,9335,-1,690132540.000,1,0,1,双平,S,2971.4000,2971.0000,2970.8000,2970.6000,2970.2000,2971.6000,2971.8000,2972.0000,2972.2000,2972.4000,9,2,4,1,1,5,4,1,1,1
SF,IH1911,2019-11-15 09:34:11.800,2971.8000,9331,-4,695481480.000,6,1,5,多平,S,2971.4000,2971.0000,2970.8000,2970.6000,2970.2000,2971.8000,2972.0000,2972.2000,2972.4000,2972.6000,4,1,4,1,1,3,1,1,1,8
SF,IH1911,2019-11-15 09:34:12.300,2971.8000,9331,0,695481480.000,0,-,-,-,-,2971.4000,2971.0000,2970.8000,2970.6000,2970.2000,2971.8000,2972.0000,2972.2000,2972.4000,2972.6000,4,1,4,1,1,3,1,1,3,6
SF,IH1911,2019-11-15 09:34:13.300,2971.8000,9331,0,695481480.000,0,-,-,-,-,2971.4000,2971.0000,2970.8000,2970.6000,2970.2000,2971.8000,2972.0000,2972.2000,2972.4000,2972.6000,4,1,4,1,2,3,2,1,3,6
SF,IH1911,2019-11-15 09:34:13.800,2971.4000,9328,-3,698155740.000,3,0,3,双平,S,2971.4000,2971.0000,2970.8000,2970.6000,2970.2000,2971.8000,2972.0000,2972.2000,2972.4000,2972.6000,1,1,4,1,2,3,2,1,3,6
SF,IH1911,2019-11-15 09:34:14.300,2971.8000,9327,-1,699047280.000,1,0,1,双平,S,2971.4000,2971.0000,2970.8000,2970.6000,2970.2000,2971.8000,2972.0000,2972.2000,2972.4000,2972.6000,1,1,4,3,1,2,2,1,3,6
SF,IH1911,2019-11-15 09:34:14.800,2971.8000,9325,-2,700830360.000,2,0,2,双平,S,2971.8000,2971.6000,2971.4000,2971.0000,2970.8000,2972.0000,2972.2000,2972.4000,2972.6000,2972.8000,1,1,1,1,4,2,1,3,6,1
SF,IH1911,2019-11-15 09:34:15.300,2971.8000,9324,-1,701721900.000,1,0,1,双平,S,2971.8000,2971.6000,2971.4000,2970.8000,2970.6000,2972.0000,2972.2000,2972.4000,2972.6000,2972.8000,1,1,1,4,3,2,1,3,6,1
SF,IH1911,2019-11-15 09:34:15.800,2971.8000,9324,0,701721900.000,0,-,-,-,-,2971.8000,2971.4000,2970.8000,2970.6000,2970.2000,2972.0000,2972.2000,2972.4000,2972.6000,2972.8000,1,1,4,3,1,2,1,3,6,1
SF,IH1911,2019-11-15 09:34:16.300,2972.0000,9323,-1,702613500.000,1,0,1,双平,S,2971.4000,2970.8000,2970.6000,2970.2000,2970.0000,2972.0000,2972.2000,2972.4000,2972.6000,2972.8000,1,4,3,1,2,1,1,3,6,1
SF,IH1911,2019-11-15 09:34:16.800,2972.0000,9323,0,702613500.000,0,-,-,-,-,2971.6000,2971.4000,2970.8000,2970.6000,2970.2000,2972.0000,2972.2000,2972.4000,2972.6000,2972.8000,2,2,4,3,1,1,1,3,6,1
SF,IH1911,2019-11-15 09:34:17.300,2972.0000,9323,0,702613500.000,0,-,-,-,-,2971.6000,2971.4000,2970.8000,2970.6000,2970.2000,2972.0000,2972.2000,2972.4000,2972.6000,2972.8000,1,2,4,3,1,1,1,3,6,1
SF,IH1911,2019-11-15 09:34:18.800,2972.0000,9323,0,702613500.000,0,-,-,-,-,2971.6000,2971.4000,2970.8000,2970.6000,2970.2000,2972.0000,2972.2000,2972.4000,2972.6000,2972.8000,1,2,4,3,1,1,2,3,6,1
SF,IH1911,2019-11-15 09:34:19.300,2972.0000,9323,0,702613500.000,0,-,-,-,-,2971.6000,2971.4000,2970.8000,2970.6000,2970.2000,2972.0000,2972.2000,2972.4000,2972.6000,2972.8000,1,2,4,2,1,1,2,3,6,1
SF,IH1911,2019-11-15 09:34:19.800,2972.0000,9323,0,702613500.000,0,-,-,-,-,2971.6000,2971.4000,2970.8000,2970.6000,2970.2000,2972.0000,2972.2000,2972.4000,2972.6000,2972.8000,1,2,1,2,1,1,2,3,6,1
SF,IH1911,2019-11-15 09:34:20.300,2972.0000,9323,0,702613500.000,0,-,-,-,-,2971.6000,2971.4000,2970.8000,2970.6000,2970.2000,2971.8000,2972.0000,2972.2000,2972.4000,2972.6000,1,2,1,2,1,1,1,2,3,6
SF,IH1911,2019-11-15 09:34:20.800,2971.6000,9322,-1,703504980.000,1,0,1,双平,S,2971.4000,2970.8000,2970.6000,2970.2000,2970.0000,2971.8000,2972.0000,2972.2000,2972.4000,2972.6000,2,1,2,1,2,3,1,2,3,6
SF,IH1911,2019-11-15 09:34:21.300,2971.4000,9321,-1,704396400.000,1,0,1,双平,S,2971.4000,2970.8000,2970.6000,2970.2000,2970.0000,2971.6000,2971.8000,2972.0000,2972.2000,2972.4000,3,1,2,1,2,1,3,1,2,3
SF,IH1911,2019-11-15 09:34:21.800,2971.4000,9321,0,704396400.000,0,-,-,-,-,2971.6000,2971.4000,2970.8000,2970.6000,2970.2000,2971.8000,2972.0000,2972.2000,2972.4000,2972.6000,1,3,1,2,1,3,1,2,3,6
SF,IH1911,2019-11-15 09:34:22.300,2971.6000,9319,-2,706179360.000,2,0,2,双平,S,2971.6000,2971.4000,2970.8000,2970.2000,2970.0000,2971.8000,2972.0000,2972.2000,2972.4000,2972.6000,1,1,1,1,2,3,1,2,1,6
SF,IH1911,2019-11-15 09:34:22.800,2971.4000,9317,-2,707962260.000,2,0,2,双平,S,2970.8000,2970.2000,2970.0000,2969.8000,2969.6000,2971.6000,2971.8000,2972.0000,2972.2000,2972.4000,1,1,2,1,1,4,3,2,2,1
SF,IH1911,2019-11-15 09:34:23.800,2970.2000,9314,-3,710636040.000,3,0,3,双平,S,2970.0000,2969.8000,2969.6000,2969.4000,2969.0000,2971.6000,2971.8000,2972.0000,2972.2000,2972.4000,2,1,1,1,3,3,3,2,2,1
SF,IH1911,2019-11-15 09:34:24.300,2971.4000,9313,-1,711527460.000,1,0,1,双平,S,2970.8000,2970.6000,2970.4000,2970.2000,2970.0000,2971.4000,2971.6000,2971.8000,2972.0000,2972.2000,1,2,2,6,2,1,3,3,2,2
SF,IH1911,2019-11-15 09:34:24.800,2971.6000,9312,-1,712418940.000,1,0,1,双平,S,2971.0000,2970.8000,2970.6000,2970.4000,2970.2000,2971.6000,2971.8000,2972.0000,2972.2000,2972.4000,3,1,1,2,4,2,3,2,2,1
SF,IH1911,2019-11-15 09:34:25.300,2971.6000,9312,0,712418940.000,0,-,-,-,-,2971.0000,2970.8000,2970.6000,2970.4000,2970.2000,2971.4000,2971.6000,2971.8000,2972.0000,2972.2000,3,1,1,2,4,1,2,3,3,2
SF,IH1911,2019-11-15 09:34:25.800,2971.6000,9311,-1,713310420.000,1,0,1,双平,S,2971.0000,2970.8000,2970.6000,2970.4000,2970.2000,2971.6000,2971.8000,2972.0000,2972.2000,2972.4000,3,1,1,2,4,1,3,3,2,1
SF,IH1911,2019-11-15 09:34:26.300,2971.0000,9310,-1,714201720.000,1,0,1,双平,S,2971.0000,2970.8000,2970.6000,2970.4000,2970.2000,2971.4000,2971.6000,2971.8000,2972.0000,2972.2000,2,1,1,2,4,1,4,3,3,2
SF,IH1911,2019-11-15 09:34:26.800,2971.4000,9309,-1,715093140.000,1,0,1,双平,S,2971.4000,2971.0000,2970.8000,2970.6000,2970.4000,2971.6000,2971.8000,2972.0000,2972.2000,2972.4000,1,2,1,1,2,5,3,3,2,1
SF,IH1911,2019-11-15 09:34:27.300,2971.4000,9309,0,715093140.000,0,-,-,-,-,2971.4000,2971.0000,2970.8000,2970.6000,2970.4000,2971.6000,2971.8000,2972.0000,2972.2000,2972.4000,1,1,1,1,2,5,2,3,2,1
SF,IH1911,2019-11-15 09:34:27.800,2971.0000,9306,-3,717767280.000,3,0,3,双平,S,2970.8000,2970.6000,2970.4000,2970.2000,2970.0000,2971.6000,2971.8000,2972.0000,2972.2000,2972.4000,1,1,2,4,3,5,2,3,2,1
SF,IH1911,2019-11-15 09:34:28.300,2971.0000,9306,0,717767280.000,0,-,-,-,-,2971.0000,2970.8000,2970.6000,2970.4000,2970.2000,2971.6000,2971.8000,2972.0000,2972.2000,2972.4000,1,1,1,2,4,5,3,3,2,1
SF,IH1911,2019-11-15 09:34:28.800,2971.0000,9306,0,717767280.000,0,-,-,-,-,2971.0000,2970.8000,2970.6000,2970.4000,2970.2000,2971.6000,2971.8000,2972.0000,2972.2000,2972.4000,1,1,1,2,4,5,3,3,2,1
SF,IH1911,2019-11-15 09:34:29.300,2971.0000,9306,0,717767280.000,0,-,-,-,-,2971.2000,2971.0000,2970.8000,2970.6000,2970.4000,2971.6000,2972.0000,2972.2000,2972.4000,2972.6000,1,1,1,1,15,5,3,2,1,6
SF,IH1911,2019-11-15 09:34:29.800,2971.0000,9306,0,717767280.000,0,-,-,-,-,2970.8000,2970.6000,2970.4000,2970.2000,2970.0000,2971.6000,2972.0000,2972.2000,2972.4000,2972.6000,1,1,15,4,3,5,3,2,1,6
SF,IH1911,2019-11-15 09:34:30.300,2971.0000,9306,0,717767280.000,0,-,-,-,-,2971.0000,2970.8000,2970.6000,2970.4000,2970.2000,2971.6000,2972.0000,2972.2000,2972.4000,2972.6000,3,1,1,14,4,5,3,2,1,6
