市场代码,合约代码,时间,最新,持仓,增仓,成交额,成交量,开仓,平仓,成交类型,方向,买一价,买二价,买三价,买四价,买五价,卖一价,卖二价,卖三价,卖四价,卖五价,买一量,买二量,买三量,买四量,买五量,卖一量,卖二量,卖三量,卖四量,卖五量
SF,IH2005,2020-05-14 09:29:00.400,2850.0000,16728,0,141930000.000,166.000,-,-,-,-,2849.8000,2849.6000,2849.2000,2849.0000,2847.4000,2850.0000,2850.6000,2850.8000,2851.8000,2852.0000,11,11,2,1,1,8,4,6,6,1
SF,IH2005,2020-05-14 09:30:00.400,2850.8000,16721,-7,154755240.000,15,4,11,多平,S,2850.4000,2850.2000,2850.0000,2849.8000,2849.6000,2850.8000,2851.0000,2851.8000,2852.0000,2852.8000,11,13,32,10,11,5,2,6,1,6
SF,IH2005,2020-05-14 09:30:00.900,2850.8000,16704,-17,170149860.000,18,0,18,多平,S,2851.0000,2850.8000,2850.6000,2850.4000,2850.2000,2851.8000,2852.0000,2852.8000,2853.0000,2854.6000,3,4,6,13,13,2,1,6,3,2
SF,IH2005,2020-05-14 09:30:01.400,2851.0000,16700,-4,174427140.000,5,0,5,多平,S,2851.0000,2850.8000,2850.6000,2850.4000,2850.2000,2851.6000,2851.8000,2852.0000,2852.8000,2853.0000,1,10,1,13,13,20,1,1,6,3
SF,IH2005,2020-05-14 09:30:01.900,2851.4000,16698,-2,176137920.000,2,0,2,双平,S,2851.0000,2850.8000,2850.6000,2850.4000,2850.2000,2851.4000,2851.6000,2851.8000,2852.0000,2852.8000,3,9,1,11,13,4,21,1,1,6
SF,IH2005,2020-05-14 09:30:02.400,2850.4000,16681,-17,196663140.000,24,3,21,多平,S,2850.4000,2850.2000,2850.0000,2849.8000,2849.6000,2851.2000,2851.4000,2851.6000,2851.8000,2852.0000,4,13,28,11,11,19,8,6,1,1
SF,IH2005,2020-05-14 09:30:02.900,2850.4000,16679,-2,199228800.000,3,0,3,多平,S,2850.4000,2850.2000,2850.0000,2849.8000,2849.6000,2851.0000,2851.2000,2851.4000,2851.6000,2851.8000,5,21,28,11,11,7,16,6,6,1
SF,IH2005,2020-05-14 09:30:03.400,2850.4000,16673,-6,206070120.000,8,1,7,多平,S,2850.2000,2850.0000,2849.8000,2849.6000,2849.4000,2850.8000,2851.0000,2851.2000,2851.4000,2851.6000,21,28,11,11,12,15,11,1,2,5
SF,IH2005,2020-05-14 09:30:03.900,2850.2000,16669,-4,210345420.000,5,0,5,多平,S,2850.2000,2850.0000,2849.8000,2849.6000,2849.4000,2850.4000,2850.6000,2850.8000,2851.0000,2851.2000,16,28,11,11,12,3,4,17,9,1
SF,IH2005,2020-05-14 09:30:04.400,2850.2000,16654,-15,223171320.000,15,0,15,双平,S,2850.2000,2850.0000,2849.8000,2849.6000,2849.4000,2850.4000,2850.6000,2850.8000,2851.0000,2851.2000,1,28,11,11,12,8,4,2,6,5
SF,IH2005,2020-05-14 09:30:04.900,2850.0000,16648,-6,228301380.000,6,0,6,双平,S,2850.0000,2849.8000,2849.6000,2849.4000,2849.0000,2850.2000,2850.4000,2850.6000,2850.8000,2851.0000,23,11,11,12,1,2,9,4,2,6
SF,IH2005,2020-05-14 09:30:05.400,2850.0000,16648,0,229156380.000,1,0,1,多换,S,2850.0000,2849.8000,2849.6000,2849.4000,2849.0000,2850.2000,2850.4000,2850.6000,2850.8000,2851.0000,23,11,11,12,1,4,5,4,2,6
SF,IH2005,2020-05-14 09:30:05.900,2850.0000,16632,-16,243691380.000,17,0,17,多平,S,2850.0000,2849.8000,2849.6000,2849.4000,2849.0000,2850.2000,2850.4000,2850.6000,2850.8000,2851.0000,7,11,11,12,1,18,2,4,2,6
SF,IH2005,2020-05-14 09:30:06.400,2849.8000,16618,-14,259080780.000,18,2,16,多平,S,2849.8000,2849.6000,2849.4000,2849.0000,2848.6000,2850.0000,2850.2000,2850.4000,2850.6000,2851.0000,1,11,12,1,1,8,24,3,1,7
SF,IH2005,2020-05-14 09:30:06.900,2849.8000,16605,-13,271904940.000,15,1,14,多平,S,2849.6000,2849.4000,2849.0000,2848.6000,2848.2000,2849.8000,2850.0000,2850.2000,2850.4000,2850.6000,10,12,1,1,1,3,5,7,3,1
SF,IH2005,2020-05-14 09:30:07.400,2849.6000,16597,-8,279599340.000,9,0,9,多平,S,2849.6000,2849.4000,2849.0000,2848.6000,2848.2000,2849.8000,2850.0000,2850.2000,2850.4000,2850.6000,10,12,1,1,1,2,4,4,2,1
SF,IH2005,2020-05-14 09:30:07.900,2849.8000,16594,-3,283873860.000,5,1,4,多平,S,2849.6000,2849.4000,2849.0000,2848.6000,2848.2000,2849.8000,2850.0000,2850.2000,2850.4000,2850.6000,7,12,1,1,1,11,4,4,2,1
SF,IH2005,2020-05-14 09:30:08.400,2849.6000,16587,-7,292422780.000,10,1,9,多平,S,2849.4000,2849.0000,2848.6000,2848.2000,2848.0000,2849.6000,2849.8000,2850.0000,2850.2000,2850.4000,17,1,1,1,1,1,10,4,3,2
SF,IH2005,2020-05-14 09:30:08.900,2849.6000,16567,-20,309519360.000,20,0,20,双平,S,2849.2000,2849.0000,2848.6000,2848.2000,2848.0000,2849.6000,2849.8000,2850.0000,2850.2000,2850.4000,5,1,1,1,1,4,2,4,3,2
SF,IH2005,2020-05-14 09:30:09.400,2849.6000,16562,-5,315502980.000,7,1,6,多平,S,2849.2000,2849.0000,2848.6000,2848.2000,2848.0000,2849.6000,2849.8000,2850.0000,2850.2000,2850.4000,3,3,1,1,1,13,2,4,3,2
SF,IH2005,2020-05-14 09:30:09.900,2849.0000,16551,-11,324903060.000,11,0,11,双平,S,2847.2000,2846.0000,2845.8000,2845.4000,2845.2000,2849.4000,2849.6000,2849.8000,2850.0000,2850.2000,1,2,1,1,1,2,14,2,4,2
SF,IH2005,2020-05-14 09:30:10.400,2849.2000,16548,-3,329175780.000,5,1,4,多平,S,2847.8000,2847.4000,2847.2000,2847.0000,2846.2000,2849.2000,2849.4000,2849.6000,2849.8000,2850.0000,1,5,3,6,8,26,4,3,2,4
SF,IH2005,2020-05-14 09:30:10.900,2848.4000,16545,-3,331739280.000,3,0,3,双平,S,2848.0000,2847.8000,2847.6000,2847.4000,2847.2000,2848.4000,2848.6000,2849.0000,2849.2000,2849.4000,2,2,3,1,3,1,3,6,18,4
SF,IH2005,2020-05-14 09:30:11.400,2847.8000,16533,-12,345410640.000,16,2,14,多平,S,2847.8000,2847.6000,2847.2000,2847.0000,2846.6000,2848.0000,2848.2000,2848.6000,2849.0000,2849.2000,1,3,2,6,1,2,4,1,3,9
SF,IH2005,2020-05-14 09:30:11.900,2849.0000,16513,-20,365064000.000,23,1,22,多平,S,2847.8000,2847.6000,2847.2000,2847.0000,2846.6000,2849.2000,2849.4000,2849.6000,2849.8000,2850.0000,8,3,1,6,1,8,2,4,2,2
SF,IH2005,2020-05-14 09:30:12.400,2848.0000,16503,-10,374464320.000,11,0,11,多平,S,2848.2000,2848.0000,2847.8000,2847.6000,2847.2000,2849.0000,2849.2000,2849.4000,2849.6000,2849.8000,1,6,8,6,1,11,7,1,4,2
SF,IH2005,2020-05-14 09:30:12.900,2848.0000,16502,-1,375318720.000,1,0,1,双平,S,2848.4000,2848.2000,2848.0000,2847.8000,2847.6000,2848.8000,2849.0000,2849.2000,2849.4000,2849.6000,10,1,4,1,6,3,9,5,1,4
SF,IH2005,2020-05-14 09:30:13.400,2848.6000,16501,-1,377027700.000,2,0,2,多平,S,2848.4000,2848.2000,2848.0000,2847.6000,2847.2000,2848.6000,2848.8000,2849.0000,2849.2000,2849.4000,10,1,4,6,1,3,3,5,5,1
SF,IH2005,2020-05-14 09:30:14.400,2848.6000,16485,-16,394120140.000,20,2,18,多平,S,2848.6000,2848.4000,2848.2000,2848.0000,2847.6000,2849.2000,2849.4000,2849.6000,2849.8000,2850.0000,1,10,1,4,6,5,1,4,1,2
SF,IH2005,2020-05-14 09:30:14.900,2848.6000,16485,0,395829300.000,2,1,1,多换,S,2848.8000,2848.6000,2848.4000,2848.2000,2848.0000,2849.0000,2849.2000,2849.4000,2849.6000,2849.8000,8,3,4,1,5,9,4,1,4,1
SF,IH2005,2020-05-14 09:30:15.400,2848.8000,16476,-9,406085160.000,12,1,11,多平,S,2848.6000,2848.4000,2848.2000,2848.0000,2847.6000,2849.0000,2849.2000,2849.6000,2849.8000,2850.0000,9,4,1,5,6,7,4,4,1,2
SF,IH2005,2020-05-14 09:30:15.900,2849.0000,16469,-7,412068060.000,7,0,7,双平,S,2848.6000,2848.4000,2848.2000,2848.0000,2847.6000,2849.2000,2849.6000,2849.8000,2850.0000,2850.2000,9,3,1,5,6,4,4,1,2,2
SF,IH2005,2020-05-14 09:30:16.400,2848.8000,16466,-3,418051080.000,7,2,5,多平,S,2848.6000,2848.4000,2848.2000,2848.0000,2847.6000,2849.6000,2850.0000,2850.2000,2850.6000,2851.0000,9,3,1,5,6,4,2,2,1,6
SF,IH2005,2020-05-14 09:30:16.900,2848.8000,16462,-4,425743920.000,9,2,7,多平,S,2848.8000,2848.6000,2848.4000,2848.2000,2848.0000,2849.2000,2849.4000,2850.0000,2850.2000,2850.6000,6,9,3,1,5,1,1,2,2,1
SF,IH2005,2020-05-14 09:30:17.400,2850.2000,16458,-4,430018560.000,5,0,5,多平,S,2849.0000,2848.8000,2848.6000,2848.4000,2848.2000,2850.2000,2850.6000,2851.0000,2851.4000,2851.8000,1,6,14,3,1,1,1,6,1,1
SF,IH2005,2020-05-14 09:30:17.900,2849.2000,16455,-3,432583140.000,3,0,3,双平,S,2849.6000,2849.2000,2848.8000,2848.6000,2848.4000,2850.0000,2850.2000,2851.0000,2851.4000,2851.8000,1,1,6,14,3,5,1,6,1,1
SF,IH2005,2020-05-14 09:30:18.400,2850.0000,16453,-2,434293080.000,2,0,2,双平,S,2849.6000,2849.2000,2848.8000,2848.6000,2848.4000,2850.0000,2850.2000,2851.0000,2851.4000,2851.8000,1,1,5,14,3,5,1,6,1,1
SF,IH2005,2020-05-14 09:30:18.900,2849.6000,16448,-5,439422960.000,6,0,6,多平,S,2849.2000,2848.8000,2848.6000,2848.4000,2848.2000,2850.0000,2851.0000,2851.4000,2851.8000,2852.0000,1,5,14,3,1,1,6,1,1,2
SF,IH2005,2020-05-14 09:30:19.400,2849.8000,16447,-1,440277900.000,1,0,1,双平,S,2849.4000,2849.2000,2848.8000,2848.6000,2848.4000,2849.8000,2850.8000,2851.0000,2851.4000,2851.8000,1,1,5,14,3,2,7,6,1,1
SF,IH2005,2020-05-14 09:30:19.900,2849.8000,16445,-2,441987780.000,2,0,2,双平,S,2848.8000,2848.6000,2848.4000,2848.2000,2848.0000,2851.0000,2851.4000,2851.8000,2852.0000,2852.2000,5,14,3,1,6,6,1,1,2,1
SF,IH2005,2020-05-14 09:30:20.400,2849.8000,16445,0,441987780.000,0,-,-,-,-,2849.2000,2849.0000,2848.8000,2848.6000,2848.4000,2850.6000,2850.8000,2851.0000,2851.4000,2851.8000,1,12,10,20,3,1,8,7,1,1
SF,IH2005,2020-05-14 09:30:20.900,2849.4000,16445,0,443697720.000,2,1,1,多换,S,2849.4000,2849.2000,2849.0000,2848.8000,2848.6000,2850.4000,2850.6000,2850.8000,2851.0000,2851.4000,7,1,7,5,20,4,1,5,7,1
SF,IH2005,2020-05-14 09:30:21.400,2849.4000,16445,0,443697720.000,0,-,-,-,-,2849.4000,2849.2000,2849.0000,2848.8000,2848.6000,2850.2000,2850.4000,2850.6000,2850.8000,2851.0000,1,1,4,4,20,1,4,1,1,6
SF,IH2005,2020-05-14 09:30:21.900,2849.4000,16445,0,443697720.000,0,-,-,-,-,2849.4000,2849.2000,2849.0000,2848.8000,2848.6000,2849.6000,2850.0000,2850.2000,2850.6000,2850.8000,1,3,4,4,20,1,1,4,1,1
SF,IH2005,2020-05-14 09:30:22.400,2849.6000,16444,-1,444552600.000,1,0,1,双平,S,2849.8000,2849.6000,2849.2000,2849.0000,2848.8000,2850.0000,2850.2000,2850.6000,2850.8000,2851.0000,1,1,2,4,4,1,3,1,1,6
SF,IH2005,2020-05-14 09:30:22.900,2849.2000,16442,-2,447117300.000,3,0,3,多平,S,2849.2000,2849.0000,2848.8000,2848.6000,2848.4000,2849.4000,2849.6000,2849.8000,2851.0000,2851.4000,1,4,4,19,3,1,1,3,6,1
SF,IH2005,2020-05-14 09:30:23.400,2849.4000,16430,-12,457375500.000,12,0,12,双平,S,2849.4000,2849.2000,2849.0000,2848.8000,2848.6000,2851.0000,2851.4000,2851.8000,2852.0000,2852.2000,1,1,6,4,19,6,1,1,2,1
SF,IH2005,2020-05-14 09:30:23.900,2849.4000,16430,0,458230320.000,1,0,1,多换,S,2850.0000,2849.6000,2849.4000,2849.2000,2849.0000,2850.4000,2850.8000,2851.0000,2851.4000,2851.8000,1,9,1,4,6,1,14,7,1,1
SF,IH2005,2020-05-14 09:30:24.400,2850.2000,16424,-6,465925800.000,9,1,8,多平,S,2850.2000,2849.6000,2849.2000,2849.0000,2848.8000,2850.8000,2851.0000,2851.4000,2851.8000,2852.0000,1,4,4,6,4,8,7,1,1,2
SF,IH2005,2020-05-14 09:30:24.900,2850.2000,16416,-8,472766400.000,8,0,8,双平,S,2849.6000,2849.2000,2849.0000,2848.6000,2848.4000,2850.4000,2850.6000,2851.0000,2851.4000,2851.8000,2,4,6,19,3,5,3,6,1,1
SF,IH2005,2020-05-14 09:30:25.400,2850.2000,16412,-4,476186220.000,4,0,4,双平,S,2849.6000,2849.2000,2849.0000,2848.6000,2848.4000,2850.2000,2850.4000,2850.6000,2851.0000,2851.4000,1,4,6,19,3,7,5,2,6,1
SF,IH2005,2020-05-14 09:30:25.900,2850.2000,16410,-2,477896340.000,2,0,2,双平,S,2849.8000,2849.6000,2849.2000,2849.0000,2848.6000,2850.2000,2850.4000,2851.0000,2851.4000,2851.8000,1,1,4,6,19,6,5,6,1,1
SF,IH2005,2020-05-14 09:30:26.400,2849.8000,16408,-2,479606220.000,2,0,2,双平,S,2849.6000,2849.2000,2849.0000,2848.6000,2848.4000,2850.2000,2851.0000,2851.4000,2851.8000,2852.0000,4,4,6,19,3,6,6,1,1,2
SF,IH2005,2020-05-14 09:30:26.900,2850.0000,16407,-1,482171100.000,3,1,2,多平,S,2849.6000,2849.4000,2849.2000,2849.0000,2848.6000,2850.0000,2850.2000,2850.6000,2851.0000,2851.2000,3,3,4,6,19,3,6,1,6,1
SF,IH2005,2020-05-14 09:30:27.400,2850.0000,16407,0,482171100.000,0,-,-,-,-,2849.6000,2849.4000,2849.2000,2849.0000,2848.6000,2850.0000,2850.2000,2850.6000,2851.0000,2851.2000,3,3,4,6,19,4,6,1,6,1
SF,IH2005,2020-05-14 09:30:27.900,2850.0000,16407,0,482171100.000,0,-,-,-,-,2849.6000,2849.4000,2849.2000,2849.0000,2848.6000,2849.8000,2850.0000,2850.2000,2850.6000,2851.0000,3,3,4,6,19,1,4,6,1,6
SF,IH2005,2020-05-14 09:30:28.400,2849.8000,16406,-1,483026040.000,1,0,1,双平,S,2849.8000,2849.6000,2849.4000,2849.2000,2849.0000,2850.2000,2850.6000,2851.0000,2851.2000,2851.4000,4,3,3,4,6,6,1,6,1,1
SF,IH2005,2020-05-14 09:30:28.900,2849.8000,16406,0,483026040.000,0,-,-,-,-,2849.8000,2849.6000,2849.4000,2849.2000,2849.0000,2850.0000,2850.2000,2850.6000,2851.0000,2851.2000,4,3,3,4,6,1,6,1,6,1
SF,IH2005,2020-05-14 09:30:29.400,2850.0000,16405,-1,483881040.000,1,0,1,双平,S,2849.8000,2849.6000,2849.4000,2849.2000,2849.0000,2850.0000,2850.2000,2850.6000,2851.0000,2851.2000,4,7,3,4,6,1,6,1,6,1
SF,IH2005,2020-05-14 09:30:29.900,2849.8000,16401,-4,489865800.000,7,1,6,多平,S,2849.6000,2849.4000,2849.2000,2849.0000,2848.8000,2850.2000,2850.6000,2851.0000,2851.2000,2851.4000,7,3,4,7,1,6,1,6,1,1
SF,IH2005,2020-05-14 09:30:30.400,2850.0000,16393,-8,496706160.000,8,0,8,双平,S,2849.6000,2849.4000,2849.2000,2849.0000,2848.8000,2850.6000,2851.0000,2851.2000,2851.4000,2851.8000,7,9,4,7,1,1,6,1,1,1
SF,IH2005,2020-05-14 09:30:30.900,2850.4000,16389,-4,500126040.000,4,0,4,双平,S,2850.0000,2849.6000,2849.4000,2849.2000,2849.0000,2850.4000,2850.6000,2851.0000,2851.2000,2851.4000,1,6,8,4,7,5,1,6,1,1
SF,IH2005,2020-05-14 09:30:31.400,2850.0000,16389,0,500981040.000,1,0,1,多换,S,2849.6000,2849.4000,2849.2000,2849.0000,2848.8000,2849.8000,2850.0000,2850.2000,2850.4000,2850.6000,6,8,4,7,1,1,1,4,10,1
SF,IH2005,2020-05-14 09:30:31.900,2850.2000,16381,-8,508675440.000,9,0,9,多平,S,2849.6000,2849.4000,2849.2000,2849.0000,2848.8000,2850.2000,2850.4000,2850.6000,2851.0000,2851.2000,2,8,4,7,1,3,7,1,6,1
SF,IH2005,2020-05-14 09:30:32.400,2849.6000,16378,-3,512095020.000,4,0,4,多平,S,2849.4000,2849.2000,2849.0000,2848.8000,2848.6000,2850.0000,2850.2000,2850.4000,2850.6000,2851.0000,11,4,7,1,19,1,3,7,1,6
SF,IH2005,2020-05-14 09:30:32.900,2849.6000,16378,0,512095020.000,0,-,-,-,-,2849.6000,2849.4000,2849.2000,2849.0000,2848.8000,2849.8000,2850.0000,2850.2000,2850.4000,2850.6000,1,14,9,7,1,1,1,3,8,1
SF,IH2005,2020-05-14 09:30:33.400,2850.0000,16375,-3,515514780.000,4,0,4,多平,S,2849.4000,2849.2000,2849.0000,2848.8000,2848.6000,2850.2000,2850.4000,2850.6000,2851.0000,2851.2000,11,9,7,1,19,3,8,1,6,1
SF,IH2005,2020-05-14 09:30:33.900,2849.8000,16375,0,516369720.000,1,0,1,多换,S,2849.4000,2849.2000,2849.0000,2848.8000,2848.6000,2850.0000,2850.2000,2850.4000,2850.6000,2851.0000,11,10,7,1,18,3,3,8,1,6
SF,IH2005,2020-05-14 09:30:34.400,2850.0000,16374,-1,517224720.000,1,0,1,双平,S,2849.8000,2849.6000,2849.4000,2849.2000,2849.0000,2850.0000,2850.2000,2850.4000,2850.6000,2851.0000,1,3,14,10,7,2,3,6,1,6
SF,IH2005,2020-05-14 09:30:34.900,2850.0000,16373,-1,518079720.000,1,0,1,双平,S,2849.8000,2849.6000,2849.4000,2849.2000,2849.0000,2850.0000,2850.2000,2850.4000,2850.6000,2851.0000,3,1,12,10,7,3,3,6,1,6
SF,IH2005,2020-05-14 09:30:35.400,2850.0000,16373,0,518079720.000,0,-,-,-,-,2849.8000,2849.6000,2849.4000,2849.2000,2849.0000,2850.0000,2850.2000,2850.4000,2850.6000,2851.0000,3,3,12,10,7,5,3,6,1,6
SF,IH2005,2020-05-14 09:30:35.900,2849.8000,16372,-1,520644600.000,3,1,2,多平,S,2849.8000,2849.6000,2849.4000,2849.2000,2849.0000,2850.0000,2850.2000,2850.4000,2850.6000,2851.0000,1,3,12,10,7,4,3,6,1,6
SF,IH2005,2020-05-14 09:30:36.400,2849.8000,16371,-1,521499540.000,1,0,1,双平,S,2849.6000,2849.4000,2849.2000,2849.0000,2848.8000,2850.0000,2850.2000,2850.4000,2850.6000,2851.0000,3,12,9,7,1,4,3,6,1,6
SF,IH2005,2020-05-14 09:30:36.900,2849.8000,16365,-6,526629060.000,6,0,6,双平,S,2849.6000,2849.4000,2849.2000,2849.0000,2848.8000,2850.0000,2850.2000,2850.4000,2850.6000,2851.0000,1,12,9,7,1,4,3,6,1,6
SF,IH2005,2020-05-14 09:30:37.400,2850.0000,16364,-1,527484060.000,1,0,1,双平,S,2849.6000,2849.4000,2849.2000,2849.0000,2848.8000,2850.0000,2850.2000,2850.4000,2850.6000,2851.0000,1,12,9,7,1,3,3,6,1,6
SF,IH2005,2020-05-14 09:30:37.900,2849.6000,16363,-1,528338940.000,1,0,1,双平,S,2849.6000,2849.4000,2849.2000,2849.0000,2848.8000,2849.8000,2850.0000,2850.2000,2850.4000,2850.6000,5,12,9,7,1,6,3,3,1,1
SF,IH2005,2020-05-14 09:30:38.400,2849.6000,16363,0,528338940.000,0,-,-,-,-,2849.6000,2849.4000,2849.2000,2849.0000,2848.8000,2849.8000,2850.0000,2850.2000,2850.4000,2850.6000,7,12,9,7,1,6,3,3,1,1
SF,IH2005,2020-05-14 09:30:38.900,2849.6000,16358,-5,532613340.000,5,0,5,双平,S,2849.6000,2849.4000,2849.2000,2849.0000,2848.8000,2849.8000,2850.0000,2850.2000,2850.4000,2850.6000,2,13,9,7,1,6,3,3,1,1
SF,IH2005,2020-05-14 09:30:39.400,2849.6000,16356,-2,534323100.000,2,0,2,双平,S,2849.4000,2849.2000,2849.0000,2848.8000,2848.6000,2849.6000,2849.8000,2850.0000,2850.2000,2850.4000,13,9,7,1,19,1,9,3,3,1
SF,IH2005,2020-05-14 09:30:39.900,2849.4000,16352,-4,542016600.000,9,2,7,多平,S,2849.4000,2849.2000,2849.0000,2848.8000,2848.6000,2849.8000,2850.0000,2850.2000,2850.4000,2850.6000,6,9,7,1,18,8,3,3,1,1
SF,IH2005,2020-05-14 09:30:40.400,2849.4000,16348,-4,547145520.000,6,1,5,多平,S,2849.2000,2849.0000,2848.8000,2848.6000,2848.4000,2849.6000,2849.8000,2850.0000,2850.4000,2850.6000,9,7,1,18,3,2,8,3,1,1
SF,IH2005,2020-05-14 09:30:40.900,2849.2000,16342,-6,552274080.000,6,0,6,双平,S,2849.2000,2849.0000,2848.8000,2848.6000,2848.4000,2849.4000,2849.6000,2849.8000,2850.0000,2850.4000,3,7,1,18,3,5,4,8,4,1
SF,IH2005,2020-05-14 09:30:41.400,2849.0000,16334,-8,559111980.000,8,0,8,双平,S,2849.0000,2848.8000,2848.6000,2848.4000,2848.2000,2849.4000,2849.6000,2849.8000,2850.0000,2850.4000,3,1,18,3,2,4,3,8,4,1
SF,IH2005,2020-05-14 09:30:41.900,2849.0000,16334,0,559966680.000,1,0,1,多换,S,2849.0000,2848.8000,2848.6000,2848.4000,2848.2000,2849.2000,2849.4000,2849.6000,2849.8000,2850.0000,2,1,18,3,2,1,4,3,3,4
SF,IH2005,2020-05-14 09:30:42.400,2849.2000,16330,-4,563385540.000,4,0,4,双平,S,2848.8000,2848.6000,2848.4000,2848.2000,2848.0000,2849.2000,2849.4000,2849.6000,2849.8000,2850.0000,1,18,3,2,6,3,3,3,3,4
SF,IH2005,2020-05-14 09:30:42.900,2849.2000,16330,0,563385540.000,0,-,-,-,-,2848.8000,2848.6000,2848.4000,2848.2000,2848.0000,2849.0000,2849.2000,2849.4000,2849.6000,2849.8000,3,18,3,3,6,1,3,3,3,3
SF,IH2005,2020-05-14 09:30:43.400,2848.6000,16325,-5,568513380.000,6,0,6,多平,S,2848.6000,2848.4000,2848.2000,2848.0000,2847.8000,2849.0000,2849.2000,2849.4000,2849.6000,2849.8000,17,3,3,6,1,1,3,3,3,3
SF,IH2005,2020-05-14 09:30:43.900,2849.0000,16322,-3,571077240.000,3,0,3,双平,S,2848.8000,2848.6000,2848.4000,2848.2000,2848.0000,2849.2000,2849.4000,2849.6000,2849.8000,2850.0000,1,15,3,3,6,3,3,3,3,3
SF,IH2005,2020-05-14 09:30:44.400,2849.0000,16318,-4,577059480.000,7,1,6,多平,S,2848.6000,2848.4000,2848.2000,2848.0000,2847.8000,2849.0000,2849.2000,2849.4000,2849.6000,2849.8000,10,3,3,6,1,1,3,3,2,3
SF,IH2005,2020-05-14 09:30:44.900,2848.8000,16316,-2,579623520.000,3,0,3,多平,S,2848.6000,2848.4000,2848.2000,2848.0000,2847.8000,2849.0000,2849.2000,2849.4000,2849.6000,2849.8000,10,3,3,6,1,1,3,3,2,3
SF,IH2005,2020-05-14 09:30:45.400,2848.6000,16315,-1,580478100.000,1,0,1,双平,S,2848.6000,2848.4000,2848.2000,2848.0000,2847.8000,2848.8000,2849.0000,2849.2000,2849.4000,2849.6000,9,3,3,6,1,3,1,3,3,2
SF,IH2005,2020-05-14 09:30:45.900,2848.8000,16311,-4,584751360.000,5,0,5,多平,S,2848.6000,2848.4000,2848.2000,2848.0000,2847.8000,2849.2000,2849.4000,2849.6000,2849.8000,2850.0000,12,4,3,6,1,3,3,2,2,1
SF,IH2005,2020-05-14 09:30:46.400,2848.8000,16311,0,584751360.000,0,-,-,-,-,2848.8000,2848.6000,2848.4000,2848.2000,2848.0000,2849.0000,2849.2000,2849.4000,2849.6000,2849.8000,1,12,4,3,6,1,4,3,2,2
SF,IH2005,2020-05-14 09:30:46.900,2848.8000,16311,0,584751360.000,0,-,-,-,-,2848.8000,2848.6000,2848.4000,2848.2000,2848.0000,2849.0000,2849.2000,2849.4000,2849.6000,2849.8000,1,12,4,3,6,4,5,3,2,2
SF,IH2005,2020-05-14 09:30:47.400,2848.8000,16309,-2,586460640.000,2,0,2,双平,S,2848.6000,2848.4000,2848.2000,2848.0000,2847.8000,2848.8000,2849.0000,2849.2000,2849.4000,2849.8000,12,4,3,6,2,1,4,5,3,2
SF,IH2005,2020-05-14 09:30:47.900,2848.8000,16306,-3,589879140.000,4,0,4,多平,S,2848.6000,2848.4000,2848.2000,2848.0000,2847.8000,2848.8000,2849.0000,2849.2000,2849.4000,2849.8000,10,4,3,6,2,3,1,5,3,2
SF,IH2005,2020-05-14 09:30:48.400,2848.6000,16304,-2,591588300.000,2,0,2,双平,S,2848.6000,2848.4000,2848.2000,2848.0000,2847.8000,2848.8000,2849.0000,2849.2000,2849.4000,2849.8000,9,9,3,6,2,3,1,5,3,2
SF,IH2005,2020-05-14 09:30:48.900,2848.8000,16301,-3,595006860.000,4,0,4,多平,S,2848.6000,2848.4000,2848.2000,2848.0000,2847.8000,2849.0000,2849.2000,2849.4000,2849.8000,2850.0000,9,9,3,6,2,1,5,3,2,1
SF,IH2005,2020-05-14 09:30:49.400,2848.8000,16301,0,595006860.000,0,-,-,-,-,2848.6000,2848.4000,2848.2000,2848.0000,2847.8000,2848.8000,2849.0000,2849.2000,2849.4000,2849.8000,9,9,3,6,2,1,8,5,3,2
SF,IH2005,2020-05-14 09:30:49.900,2848.8000,16300,-1,596716140.000,2,0,2,多平,S,2848.6000,2848.4000,2848.2000,2848.0000,2847.8000,2848.8000,2849.0000,2849.2000,2849.4000,2849.8000,8,9,3,6,2,3,8,5,3,2
SF,IH2005,2020-05-14 09:30:50.400,2848.8000,16298,-2,599280060.000,3,0,3,多平,S,2848.8000,2848.6000,2848.4000,2848.2000,2848.0000,2849.0000,2849.2000,2849.4000,2849.8000,2850.0000,1,8,12,3,6,8,5,3,2,1
SF,IH2005,2020-05-14 09:30:50.900,2848.8000,16298,0,600134700.000,1,0,1,多换,S,2848.8000,2848.6000,2848.4000,2848.2000,2848.0000,2849.0000,2849.2000,2849.4000,2849.8000,2850.0000,1,11,12,3,6,8,5,3,2,1
SF,IH2005,2020-05-14 09:30:51.400,2848.6000,16285,-13,612099360.000,14,0,14,多平,S,2848.6000,2848.4000,2848.2000,2848.0000,2847.8000,2848.8000,2849.0000,2849.2000,2849.4000,2849.8000,3,12,4,6,1,4,5,5,3,2
SF,IH2005,2020-05-14 09:30:51.900,2848.4000,16281,-4,615517620.000,4,0,4,双平,S,2848.4000,2848.2000,2848.0000,2847.8000,2847.6000,2848.8000,2849.0000,2849.2000,2849.8000,2850.0000,13,4,6,1,1,1,5,5,2,1
SF,IH2005,2020-05-14 09:30:52.400,2848.4000,16281,0,615517620.000,0,-,-,-,-,2848.4000,2848.2000,2848.0000,2847.8000,2847.6000,2848.6000,2848.8000,2849.0000,2849.2000,2849.8000,14,10,6,1,1,4,1,5,5,2
SF,IH2005,2020-05-14 09:30:52.900,2848.4000,16276,-5,619790400.000,5,0,5,双平,S,2848.4000,2848.2000,2848.0000,2847.8000,2847.6000,2848.6000,2849.0000,2849.2000,2849.8000,2850.0000,12,10,6,1,1,1,5,5,2,1
SF,IH2005,2020-05-14 09:30:53.400,2848.6000,16275,-1,621499560.000,2,0,2,多平,S,2848.4000,2848.2000,2848.0000,2847.8000,2847.6000,2848.6000,2849.0000,2849.2000,2849.8000,2850.0000,11,10,6,1,1,3,5,5,2,1
SF,IH2005,2020-05-14 09:30:53.900,2848.6000,16273,-2,623208720.000,2,0,2,双平,S,2848.4000,2848.2000,2848.0000,2847.8000,2847.6000,2848.6000,2849.0000,2849.2000,2849.8000,2850.0000,11,10,6,1,1,1,5,5,2,1
SF,IH2005,2020-05-14 09:30:54.400,2848.6000,16272,-1,624063300.000,1,0,1,双平,S,2848.6000,2848.4000,2848.2000,2848.0000,2847.8000,2849.0000,2849.2000,2849.8000,2850.0000,2851.0000,2,10,10,6,1,5,2,2,1,5
SF,IH2005,2020-05-14 09:30:54.900,2848.8000,16268,-4,628336440.000,5,0,5,多平,S,2848.8000,2848.6000,2848.4000,2848.2000,2848.0000,2849.0000,2849.2000,2849.8000,2850.0000,2851.0000,1,1,13,10,6,5,2,2,1,5
SF,IH2005,2020-05-14 09:30:55.400,2849.0000,16264,-4,632609760.000,5,0,5,多平,S,2848.6000,2848.4000,2848.2000,2848.0000,2847.8000,2849.0000,2849.2000,2849.8000,2850.0000,2851.0000,8,13,10,6,1,6,2,2,1,5
SF,IH2005,2020-05-14 09:30:55.900,2849.0000,16263,-1,633464460.000,1,0,1,双平,S,2848.8000,2848.6000,2848.4000,2848.2000,2848.0000,2849.0000,2849.2000,2849.8000,2850.0000,2851.0000,1,8,13,10,6,5,2,2,1,5
SF,IH2005,2020-05-14 09:30:56.400,2849.2000,16256,-7,639447480.000,7,0,7,双平,S,2848.8000,2848.6000,2848.4000,2848.2000,2848.0000,2849.8000,2850.0000,2851.0000,2851.2000,2851.4000,1,8,13,10,6,2,1,5,1,1
SF,IH2005,2020-05-14 09:30:56.900,2849.2000,16256,0,639447480.000,0,-,-,-,-,2849.2000,2849.0000,2848.8000,2848.6000,2848.4000,2849.6000,2849.8000,2850.0000,2851.0000,2851.2000,1,1,1,9,13,2,3,1,5,1
SF,IH2005,2020-05-14 09:30:57.400,2849.2000,16256,0,639447480.000,0,-,-,-,-,2849.2000,2849.0000,2848.8000,2848.6000,2848.4000,2849.6000,2849.8000,2850.0000,2850.8000,2851.0000,1,4,1,9,13,2,3,1,1,5
SF,IH2005,2020-05-14 09:30:57.900,2849.0000,16254,-2,641156940.000,2,0,2,双平,S,2849.0000,2848.8000,2848.6000,2848.4000,2848.2000,2849.6000,2849.8000,2850.0000,2850.8000,2851.0000,3,1,9,13,9,2,3,1,1,5
SF,IH2005,2020-05-14 09:30:58.400,2849.0000,16252,-2,644575800.000,4,1,3,多平,S,2848.8000,2848.6000,2848.4000,2848.2000,2848.0000,2849.4000,2849.6000,2849.8000,2850.0000,2850.8000,1,9,13,9,6,3,11,3,1,1
SF,IH2005,2020-05-14 09:30:58.900,2848.6000,16250,-2,646285020.000,2,0,2,双平,S,2848.6000,2848.4000,2848.2000,2848.0000,2847.8000,2849.2000,2849.6000,2849.8000,2850.0000,2850.8000,9,13,9,6,1,1,3,3,1,1
SF,IH2005,2020-05-14 09:30:59.400,2848.6000,16248,-2,648848760.000,3,0,3,多平,S,2848.6000,2848.4000,2848.2000,2848.0000,2847.8000,2849.2000,2849.6000,2849.8000,2850.0000,2850.8000,6,13,9,6,1,1,3,3,1,1
SF,IH2005,2020-05-14 09:30:59.900,2849.0000,16246,-2,651412800.000,3,0,3,多平,S,2848.8000,2848.6000,2848.4000,2848.2000,2848.0000,2849.2000,2849.6000,2849.8000,2850.0000,2850.8000,3,6,13,9,6,3,3,3,1,1
SF,IH2005,2020-05-14 09:31:00.400,2849.2000,16244,-2,653976960.000,3,0,3,多平,S,2848.8000,2848.6000,2848.4000,2848.2000,2848.0000,2849.2000,2849.6000,2849.8000,2850.0000,2850.8000,3,7,13,9,6,4,3,3,1,1
SF,IH2005,2020-05-14 09:31:00.900,2848.8000,16240,-4,657395520.000,4,0,4,双平,S,2848.6000,2848.4000,2848.2000,2848.0000,2847.8000,2848.8000,2849.2000,2849.6000,2849.8000,2850.0000,9,13,9,6,1,1,4,3,3,1
SF,IH2005,2020-05-14 09:31:01.400,2848.8000,16238,-2,659959440.000,3,0,3,多平,S,2848.6000,2848.4000,2848.2000,2848.0000,2847.8000,2849.0000,2849.2000,2849.6000,2849.8000,2850.0000,10,13,9,6,1,2,1,3,3,1
SF,IH2005,2020-05-14 09:31:01.900,2848.8000,16238,0,659959440.000,0,-,-,-,-,2848.8000,2848.6000,2848.4000,2848.2000,2848.0000,2849.0000,2849.2000,2849.6000,2849.8000,2850.0000,1,9,13,9,6,3,1,3,3,1
SF,IH2005,2020-05-14 09:31:02.400,2848.8000,16238,0,660814080.000,1,0,1,多换,S,2848.6000,2848.4000,2848.2000,2848.0000,2847.8000,2848.8000,2849.0000,2849.6000,2849.8000,2850.0000,9,13,9,6,1,5,3,3,3,1
SF,IH2005,2020-05-14 09:31:02.900,2848.4000,16234,-4,677905080.000,20,8,12,多平,S,2848.4000,2848.2000,2848.0000,2847.8000,2847.6000,2848.6000,2848.8000,2849.6000,2849.8000,2850.0000,3,9,6,1,1,1,10,1,3,1
SF,IH2005,2020-05-14 09:31:03.400,2848.2000,16224,-10,688158780.000,12,1,11,多平,S,2848.2000,2848.0000,2847.8000,2847.6000,2847.2000,2848.4000,2848.6000,2848.8000,2849.6000,2849.8000,3,6,1,1,2,1,2,7,1,3
SF,IH2005,2020-05-14 09:31:03.900,2848.0000,16214,-10,700120800.000,14,2,12,多平,S,2848.0000,2847.8000,2847.6000,2847.2000,2846.4000,2848.2000,2848.4000,2848.6000,2848.8000,2849.6000,2,1,1,2,1,8,2,1,8,1
SF,IH2005,2020-05-14 09:31:04.400,2847.6000,16210,-4,705246900.000,6,1,5,多平,S,2847.2000,2846.4000,2846.2000,2846.0000,2845.8000,2847.8000,2848.0000,2848.2000,2848.4000,2848.6000,2,1,7,2,1,1,6,12,1,1
SF,IH2005,2020-05-14 09:31:04.900,2847.6000,16205,-5,711226560.000,7,1,6,多平,S,2847.4000,2847.2000,2846.4000,2846.2000,2846.0000,2847.8000,2848.0000,2848.2000,2848.4000,2848.6000,3,6,1,7,2,4,6,8,7,1
SF,IH2005,2020-05-14 09:31:05.400,2847.4000,16200,-5,715497900.000,5,0,5,双平,S,2847.4000,2847.2000,2846.4000,2846.2000,2846.0000,2847.6000,2847.8000,2848.0000,2848.2000,2848.4000,2,3,1,7,2,2,8,6,8,7
SF,IH2005,2020-05-14 09:31:05.900,2847.6000,16193,-7,722331720.000,8,0,8,多平,S,2847.4000,2847.2000,2846.4000,2846.0000,2845.8000,2847.6000,2847.8000,2848.0000,2848.2000,2848.4000,1,3,1,2,1,4,3,3,8,7
SF,IH2005,2020-05-14 09:31:06.400,2847.4000,16189,-4,726602820.000,5,0,5,多平,S,2847.4000,2847.2000,2846.4000,2846.0000,2845.8000,2847.6000,2847.8000,2848.0000,2848.2000,2848.4000,1,3,1,2,1,6,3,2,11,7
SF,IH2005,2020-05-14 09:31:06.900,2847.4000,16185,-4,730873920.000,5,0,5,多平,S,2847.2000,2846.4000,2846.0000,2845.8000,2845.4000,2847.6000,2847.8000,2848.0000,2848.2000,2848.4000,3,1,2,1,1,7,1,2,11,7
SF,IH2005,2020-05-14 09:31:07.400,2847.2000,16183,-2,733436460.000,3,0,3,多平,S,2847.2000,2846.4000,2846.0000,2845.8000,2845.4000,2847.4000,2847.6000,2847.8000,2848.0000,2848.2000,1,1,2,1,1,3,3,1,1,11
SF,IH2005,2020-05-14 09:31:07.900,2847.4000,16176,-7,739415940.000,7,0,7,双平,S,2846.4000,2846.0000,2845.8000,2845.4000,2845.2000,2847.6000,2847.8000,2848.0000,2848.2000,2848.4000,1,2,1,1,2,1,1,1,11,7
SF,IH2005,2020-05-14 09:31:08.400,2847.6000,16175,-1,741978660.000,3,1,2,多平,S,2847.2000,2846.8000,2846.6000,2846.4000,2846.0000,2847.6000,2847.8000,2848.0000,2848.2000,2848.4000,3,1,9,1,2,1,1,1,11,7
SF,IH2005,2020-05-14 09:31:08.900,2847.4000,16174,-1,743687280.000,2,0,2,多平,S,2847.4000,2847.2000,2846.8000,2846.6000,2846.4000,2848.2000,2848.4000,2848.6000,2848.8000,2849.0000,1,2,1,6,1,11,7,1,5,1
SF,IH2005,2020-05-14 09:31:09.400,2847.8000,16172,-2,747104340.000,4,1,3,多平,S,2847.6000,2847.2000,2846.8000,2846.6000,2846.4000,2847.8000,2848.0000,2848.2000,2848.4000,2848.6000,4,5,1,6,1,2,2,11,7,1
SF,IH2005,2020-05-14 09:31:09.900,2847.6000,16169,-3,749667300.000,3,0,3,双平,S,2847.6000,2847.2000,2846.8000,2846.6000,2846.4000,2847.8000,2848.0000,2848.2000,2848.4000,2848.6000,6,5,1,5,1,1,2,11,7,1
SF,IH2005,2020-05-14 09:31:10.400,2847.8000,16165,-4,753084660.000,4,0,4,双平,S,2847.8000,2847.6000,2847.4000,2847.2000,2846.8000,2848.0000,2848.2000,2848.4000,2848.6000,2848.8000,3,7,5,5,1,2,11,7,1,3
SF,IH2005,2020-05-14 09:31:10.900,2848.0000,16160,-5,757356420.000,5,0,5,双平,S,2847.8000,2847.6000,2847.4000,2847.2000,2846.8000,2848.0000,2848.2000,2848.4000,2848.6000,2848.8000,1,2,5,5,1,1,11,7,1,3
SF,IH2005,2020-05-14 09:31:11.400,2847.8000,16150,-10,766754220.000,11,0,11,多平,S,2847.8000,2847.6000,2847.4000,2847.2000,2846.8000,2848.2000,2848.4000,2848.6000,2848.8000,2849.0000,3,3,5,5,1,11,7,1,3,1
SF,IH2005,2020-05-14 09:31:11.900,2848.2000,16146,-4,771026040.000,5,0,5,多平,S,2847.8000,2847.6000,2847.4000,2847.2000,2846.8000,2848.2000,2848.4000,2848.6000,2848.8000,2849.0000,3,3,5,5,1,10,7,1,3,1
SF,IH2005,2020-05-14 09:31:12.400,2847.8000,16145,-1,771880380.000,1,0,1,双平,S,2848.0000,2847.8000,2847.6000,2847.4000,2847.2000,2848.2000,2848.4000,2848.6000,2848.8000,2849.0000,1,4,3,5,5,10,7,1,3,1
SF,IH2005,2020-05-14 09:31:12.900,2848.0000,16141,-4,775298160.000,4,0,4,双平,S,2847.8000,2847.6000,2847.4000,2847.2000,2846.8000,2848.2000,2848.4000,2848.6000,2848.8000,2849.0000,6,3,5,5,1,9,7,1,3,1
SF,IH2005,2020-05-14 09:31:13.400,2848.0000,16136,-5,779570220.000,5,0,5,双平,S,2848.0000,2847.8000,2847.6000,2847.4000,2847.2000,2848.2000,2848.4000,2848.6000,2848.8000,2849.0000,1,6,9,5,6,6,7,1,3,1
SF,IH2005,2020-05-14 09:31:13.900,2848.0000,16129,-7,786405780.000,8,0,8,多平,S,2848.0000,2847.8000,2847.6000,2847.4000,2847.2000,2848.4000,2848.6000,2848.8000,2849.0000,2849.8000,1,6,9,5,6,7,1,3,1,1
SF,IH2005,2020-05-14 09:31:14.400,2848.2000,16120,-9,794096340.000,9,0,9,双平,S,2848.0000,2847.8000,2847.6000,2847.4000,2847.2000,2848.6000,2848.8000,2849.0000,2849.8000,2850.0000,2,4,9,5,6,1,3,1,1,2
SF,IH2005,2020-05-14 09:31:14.900,2848.6000,16119,-1,795805380.000,2,0,2,多平,S,2848.0000,2847.8000,2847.6000,2847.4000,2847.2000,2848.6000,2848.8000,2849.0000,2849.4000,2849.8000,2,4,9,5,6,3,3,1,1,1
SF,IH2005,2020-05-14 09:31:15.400,2848.2000,16118,-1,796659840.000,1,0,1,双平,S,2848.0000,2847.8000,2847.6000,2847.4000,2847.2000,2848.8000,2849.0000,2849.4000,2849.8000,2850.0000,2,4,8,5,6,3,1,1,2,2
SF,IH2005,2020-05-14 09:31:15.900,2848.0000,16118,0,800932260.000,5,2,3,多换,S,2847.8000,2847.6000,2847.4000,2847.2000,2847.0000,2848.8000,2849.0000,2849.4000,2849.8000,2850.0000,4,8,5,6,1,3,1,1,2,2
SF,IH2005,2020-05-14 09:31:16.400,2848.0000,16117,-1,801786660.000,1,0,1,双平,S,2848.2000,2848.0000,2847.8000,2847.6000,2847.4000,2848.6000,2848.8000,2849.0000,2849.4000,2849.8000,1,1,5,8,5,2,3,1,1,2
SF,IH2005,2020-05-14 09:31:16.900,2848.2000,16116,-1,802641120.000,1,0,1,双平,S,2848.2000,2848.0000,2847.8000,2847.6000,2847.4000,2848.6000,2848.8000,2849.0000,2849.4000,2849.8000,1,3,5,8,5,3,3,1,1,2
SF,IH2005,2020-05-14 09:31:17.400,2848.0000,16113,-3,806059020.000,4,0,4,多平,S,2848.0000,2847.8000,2847.6000,2847.4000,2847.2000,2848.2000,2848.4000,2848.6000,2848.8000,2849.0000,3,5,8,5,6,1,1,3,3,1
SF,IH2005,2020-05-14 09:31:17.900,2848.6000,16108,-5,812894700.000,8,1,7,多平,S,2848.2000,2847.8000,2847.6000,2847.4000,2847.2000,2848.6000,2848.8000,2849.0000,2849.4000,2849.8000,1,4,8,5,6,2,3,1,1,2
SF,IH2005,2020-05-14 09:31:18.400,2848.2000,16107,-1,813749160.000,1,0,1,双平,S,2847.8000,2847.6000,2847.4000,2847.2000,2847.0000,2848.6000,2848.8000,2849.0000,2849.4000,2849.8000,4,8,5,6,1,1,3,1,1,2
SF,IH2005,2020-05-14 09:31:18.900,2848.2000,16105,-2,816312480.000,3,0,3,多平,S,2848.0000,2847.8000,2847.6000,2847.4000,2847.2000,2848.4000,2848.6000,2848.8000,2849.0000,2849.4000,1,4,9,5,6,2,1,3,1,1
SF,IH2005,2020-05-14 09:31:19.400,2848.0000,16104,-1,817166880.000,1,0,1,双平,S,2848.0000,2847.8000,2847.6000,2847.4000,2847.2000,2848.4000,2848.6000,2848.8000,2849.0000,2849.4000,1,4,9,5,6,1,1,4,1,1
SF,IH2005,2020-05-14 09:31:19.900,2848.0000,16104,0,817166880.000,0,-,-,-,-,2848.2000,2848.0000,2847.8000,2847.6000,2847.4000,2848.4000,2848.6000,2848.8000,2849.0000,2849.4000,1,1,4,9,5,1,1,4,1,1
SF,IH2005,2020-05-14 09:31:20.400,2848.2000,16104,0,818021340.000,1,0,1,多换,S,2848.2000,2847.8000,2847.6000,2847.4000,2847.2000,2848.4000,2848.6000,2848.8000,2849.0000,2849.4000,1,4,8,5,6,1,1,4,1,1
SF,IH2005,2020-05-14 09:31:20.900,2848.6000,16101,-3,821439360.000,4,0,4,多平,S,2848.0000,2847.8000,2847.6000,2847.4000,2847.2000,2848.8000,2849.0000,2849.4000,2849.8000,2850.0000,2,4,8,5,6,4,1,1,2,2
SF,IH2005,2020-05-14 09:31:21.400,2848.4000,16100,-1,822293880.000,1,0,1,双平,S,2848.4000,2848.2000,2848.0000,2847.8000,2847.6000,2848.6000,2848.8000,2849.0000,2849.4000,2849.8000,1,1,3,4,8,1,4,1,1,2
SF,IH2005,2020-05-14 09:31:21.900,2848.4000,16100,0,823148400.000,1,0,1,多换,S,2848.4000,2848.2000,2848.0000,2847.8000,2847.6000,2848.8000,2849.0000,2849.4000,2849.8000,2850.0000,2,1,3,4,8,4,1,1,2,1
SF,IH2005,2020-05-14 09:31:22.400,2848.6000,16099,-1,825712140.000,3,1,2,多平,S,2848.4000,2848.2000,2848.0000,2847.8000,2847.6000,2848.6000,2848.8000,2849.0000,2849.4000,2849.8000,2,1,4,4,8,1,3,1,1,2
SF,IH2005,2020-05-14 09:31:22.900,2848.4000,16098,-1,827421180.000,2,0,2,多平,S,2848.2000,2848.0000,2847.8000,2847.6000,2847.4000,2848.6000,2848.8000,2849.0000,2849.4000,2849.8000,1,4,4,8,5,1,3,1,1,2
SF,IH2005,2020-05-14 09:31:23.900,2848.6000,16096,-2,829130280.000,2,0,2,双平,S,2848.2000,2848.0000,2847.8000,2847.6000,2847.4000,2848.6000,2848.8000,2849.0000,2849.4000,2849.8000,1,4,4,8,5,1,3,1,1,2
SF,IH2005,2020-05-14 09:31:24.400,2848.6000,16096,0,829130280.000,0,-,-,-,-,2848.2000,2848.0000,2847.8000,2847.6000,2847.4000,2848.6000,2848.8000,2849.0000,2849.4000,2849.8000,2,4,4,8,5,2,3,3,1,2
SF,IH2005,2020-05-14 09:31:25.900,2848.6000,16094,-2,830839440.000,2,0,2,双平,S,2848.2000,2848.0000,2847.8000,2847.6000,2847.4000,2848.8000,2849.0000,2849.4000,2849.8000,2850.0000,5,4,4,8,5,3,3,1,2,1
SF,IH2005,2020-05-14 09:31:26.400,2848.4000,16093,-1,832548480.000,2,0,2,多平,S,2848.4000,2848.2000,2848.0000,2847.8000,2847.6000,2848.8000,2849.0000,2849.4000,2849.8000,2850.0000,1,5,4,4,8,2,3,1,2,1
SF,IH2005,2020-05-14 09:31:26.900,2848.2000,16092,-1,835112100.000,3,1,2,多平,S,2848.2000,2848.0000,2847.8000,2847.6000,2847.4000,2848.8000,2849.0000,2849.4000,2849.8000,2850.0000,4,4,4,8,5,2,1,1,1,1
SF,IH2005,2020-05-14 09:31:27.400,2848.2000,16092,0,835112100.000,0,-,-,-,-,2848.2000,2848.0000,2847.8000,2847.6000,2847.4000,2848.6000,2848.8000,2849.0000,2849.4000,2849.8000,4,4,4,8,6,1,2,1,1,1
SF,IH2005,2020-05-14 09:31:27.900,2848.2000,16091,-1,835966560.000,1,0,1,双平,S,2848.4000,2848.2000,2848.0000,2847.8000,2847.6000,2848.6000,2848.8000,2849.0000,2849.4000,2849.8000,1,3,4,4,8,1,2,1,1,1
SF,IH2005,2020-05-14 09:31:28.400,2848.4000,16088,-3,838530060.000,3,0,3,双平,S,2848.2000,2848.0000,2847.8000,2847.6000,2847.4000,2848.4000,2848.6000,2848.8000,2849.0000,2849.4000,8,4,4,8,6,8,1,2,2,1
SF,IH2005,2020-05-14 09:31:28.900,2848.0000,16083,-5,847074540.000,10,2,8,多平,S,2848.2000,2848.0000,2847.8000,2847.6000,2847.4000,2848.4000,2848.6000,2848.8000,2849.0000,2849.4000,1,2,4,8,6,8,1,2,2,1
SF,IH2005,2020-05-14 09:31:29.400,2848.2000,16081,-2,848783460.000,2,0,2,双平,S,2848.0000,2847.8000,2847.6000,2847.4000,2847.2000,2848.2000,2848.4000,2848.6000,2848.8000,2849.0000,2,4,8,6,6,1,1,2,2,2
SF,IH2005,2020-05-14 09:31:29.900,2847.6000,16077,-4,854763900.000,7,1,6,多平,S,2847.6000,2847.4000,2847.2000,2847.0000,2846.8000,2848.0000,2848.4000,2848.6000,2848.8000,2849.0000,7,6,6,2,1,1,1,2,2,2
SF,IH2005,2020-05-14 09:31:30.400,2848.0000,16075,-2,857326860.000,3,0,3,多平,S,2848.2000,2847.6000,2847.4000,2847.2000,2847.0000,2848.4000,2848.6000,2848.8000,2849.0000,2849.4000,1,5,7,6,2,1,1,3,2,1
SF,IH2005,2020-05-14 09:31:30.900,2848.2000,16074,-1,859035780.000,2,0,2,多平,S,2848.0000,2847.6000,2847.4000,2847.2000,2847.0000,2848.2000,2848.4000,2848.6000,2848.8000,2849.0000,3,5,7,6,2,2,2,2,3,2
SF,IH2005,2020-05-14 09:31:31.400,2848.0000,16070,-4,862453380.000,4,0,4,双平,S,2847.6000,2847.4000,2847.2000,2847.0000,2846.8000,2848.0000,2848.2000,2848.4000,2848.6000,2848.8000,5,7,6,2,1,2,7,2,2,3
SF,IH2005,2020-05-14 09:31:31.900,2847.6000,16068,-2,864161940.000,2,0,2,双平,S,2847.6000,2847.4000,2847.2000,2847.0000,2846.8000,2847.8000,2848.0000,2848.2000,2848.4000,2848.6000,3,10,6,2,1,3,1,7,2,2
SF,IH2005,2020-05-14 09:31:32.400,2847.8000,16065,-3,870142080.000,7,2,5,多平,S,2847.4000,2847.2000,2847.0000,2846.8000,2846.6000,2848.0000,2848.2000,2848.4000,2848.6000,2848.8000,11,6,2,1,3,1,7,2,2,3
SF,IH2005,2020-05-14 09:31:32.900,2847.8000,16065,0,870142080.000,0,-,-,-,-,2847.6000,2847.4000,2847.2000,2847.0000,2846.8000,2847.8000,2848.0000,2848.2000,2848.4000,2848.6000,1,11,6,2,1,4,1,7,2,2
SF,IH2005,2020-05-14 09:31:33.400,2847.6000,16065,0,870996360.000,1,0,1,多换,S,2847.6000,2847.4000,2847.2000,2847.0000,2846.8000,2847.8000,2848.0000,2848.2000,2848.4000,2848.6000,1,11,6,2,1,4,1,6,2,2
SF,IH2005,2020-05-14 09:31:33.900,2847.6000,16065,0,871850640.000,1,0,1,多换,S,2847.4000,2847.2000,2847.0000,2846.8000,2846.6000,2847.8000,2848.0000,2848.2000,2848.4000,2848.6000,11,6,2,1,3,4,1,6,2,2
SF,IH2005,2020-05-14 09:31:34.400,2847.4000,16063,-2,873559080.000,2,0,2,双平,S,2847.4000,2847.2000,2847.0000,2846.8000,2846.6000,2847.8000,2848.0000,2848.2000,2848.4000,2848.6000,9,6,2,1,3,4,1,6,2,2
SF,IH2005,2020-05-14 09:31:34.900,2847.8000,16061,-2,875267760.000,2,0,2,双平,S,2847.4000,2847.2000,2847.0000,2846.8000,2846.6000,2847.8000,2848.0000,2848.2000,2848.4000,2848.6000,9,10,2,1,3,2,1,6,2,2
SF,IH2005,2020-05-14 09:31:35.400,2847.6000,16058,-3,877830720.000,3,0,3,双平,S,2847.4000,2847.2000,2847.0000,2846.8000,2846.6000,2847.6000,2848.0000,2848.2000,2848.4000,2848.6000,9,15,2,1,3,1,1,2,2,3
SF,IH2005,2020-05-14 09:31:35.900,2847.4000,16058,0,884664780.000,8,4,4,多换,S,2847.4000,2847.2000,2847.0000,2846.8000,2846.6000,2847.6000,2848.0000,2848.2000,2848.4000,2848.6000,6,15,2,1,3,4,1,2,2,3
SF,IH2005,2020-05-14 09:31:36.400,2847.4000,16053,-5,890644620.000,7,1,6,多平,S,2847.4000,2847.2000,2847.0000,2846.8000,2846.6000,2847.6000,2848.0000,2848.2000,2848.4000,2848.6000,4,15,2,1,3,2,1,2,2,3
SF,IH2005,2020-05-14 09:31:36.900,2847.6000,16052,-1,893207340.000,3,1,2,多平,S,2847.4000,2847.2000,2847.0000,2846.8000,2846.6000,2847.6000,2848.0000,2848.2000,2848.4000,2848.6000,2,15,2,1,3,1,1,2,2,3
SF,IH2005,2020-05-14 09:31:37.400,2847.4000,16051,-1,894915780.000,2,0,2,多平,S,2847.2000,2847.0000,2846.8000,2846.6000,2846.4000,2847.4000,2847.6000,2848.0000,2848.2000,2848.4000,16,2,1,3,1,1,2,1,2,2
SF,IH2005,2020-05-14 09:31:37.900,2847.6000,16048,-3,900041040.000,6,1,5,多平,S,2847.2000,2847.0000,2846.8000,2846.6000,2846.4000,2847.8000,2848.0000,2848.2000,2848.4000,2848.6000,13,2,1,3,1,1,1,2,2,3
SF,IH2005,2020-05-14 09:31:38.400,2847.2000,16042,-6,905166000.000,6,0,6,双平,S,2847.4000,2847.2000,2847.0000,2846.8000,2846.6000,2847.6000,2847.8000,2848.0000,2848.2000,2848.4000,2,7,2,1,3,2,1,1,2,3
SF,IH2005,2020-05-14 09:31:38.900,2847.2000,16039,-3,907728600.000,3,0,3,双平,S,2847.2000,2847.0000,2846.8000,2846.6000,2846.4000,2847.4000,2847.6000,2847.8000,2848.0000,2848.2000,6,2,1,3,1,2,2,1,2,2
SF,IH2005,2020-05-14 09:31:39.400,2847.2000,16032,-7,915415920.000,9,1,8,多平,S,2846.8000,2846.6000,2846.4000,2846.2000,2846.0000,2847.2000,2847.4000,2847.6000,2847.8000,2848.0000,1,3,1,1,1,5,3,2,2,1
SF,IH2005,2020-05-14 09:31:39.900,2846.8000,16031,-1,916269960.000,1,0,1,双平,S,2846.6000,2846.4000,2846.2000,2846.0000,2845.8000,2846.8000,2847.0000,2847.2000,2847.4000,2847.6000,3,1,1,1,1,2,2,1,3,2
SF,IH2005,2020-05-14 09:31:40.400,2847.0000,16029,-2,921394140.000,6,2,4,多平,S,2846.8000,2846.4000,2846.2000,2846.0000,2845.8000,2847.2000,2847.4000,2847.6000,2847.8000,2848.0000,1,1,1,1,1,1,3,2,2,1
SF,IH2005,2020-05-14 09:31:40.900,2846.8000,16028,-1,923102220.000,2,0,2,多平,S,2846.8000,2846.6000,2846.2000,2846.0000,2845.8000,2847.2000,2847.4000,2847.6000,2847.8000,2848.0000,1,2,1,1,1,2,3,2,2,1
SF,IH2005,2020-05-14 09:31:41.400,2846.8000,16027,-1,923956260.000,1,0,1,双平,S,2846.6000,2846.2000,2846.0000,2845.4000,2845.2000,2846.8000,2847.2000,2847.4000,2847.6000,2847.8000,2,1,1,1,4,1,2,3,2,2
SF,IH2005,2020-05-14 09:31:41.900,2846.8000,16027,0,923956260.000,0,-,-,-,-,2846.6000,2846.2000,2846.0000,2845.4000,2845.2000,2846.8000,2847.2000,2847.4000,2847.6000,2847.8000,2,1,1,1,4,2,2,3,2,2
SF,IH2005,2020-05-14 09:31:42.400,2846.6000,16025,-2,925664220.000,2,0,2,双平,S,2846.2000,2846.0000,2845.4000,2845.2000,2845.0000,2846.6000,2846.8000,2847.2000,2847.4000,2847.6000,2,1,1,4,5,4,1,2,3,2
SF,IH2005,2020-05-14 09:31:42.900,2846.6000,16020,-5,934203420.000,10,2,8,多平,S,2846.2000,2846.0000,2845.4000,2845.2000,2845.0000,2846.6000,2846.8000,2847.2000,2847.4000,2847.8000,1,1,1,4,5,2,1,2,3,2
SF,IH2005,2020-05-14 09:31:43.400,2846.6000,16019,-1,935911380.000,2,0,2,多平,S,2846.2000,2846.0000,2845.4000,2845.2000,2845.0000,2846.4000,2846.8000,2847.2000,2847.4000,2847.8000,1,1,1,4,5,2,1,2,3,2
SF,IH2005,2020-05-14 09:31:43.900,2846.8000,16016,-3,939327120.000,4,0,4,多平,S,2846.0000,2845.4000,2845.2000,2845.0000,2844.4000,2847.2000,2847.4000,2847.8000,2848.0000,2848.2000,1,1,4,5,1,2,3,2,1,3
SF,IH2005,2020-05-14 09:31:44.400,2846.2000,16015,-1,940180980.000,1,0,1,双平,S,2846.2000,2846.0000,2845.4000,2845.2000,2845.0000,2847.0000,2847.2000,2847.4000,2847.8000,2848.0000,1,4,1,4,5,3,2,3,2,1
SF,IH2005,2020-05-14 09:31:44.900,2846.2000,16014,-1,941034840.000,1,0,1,双平,S,2846.2000,2846.0000,2845.4000,2845.2000,2845.0000,2847.0000,2847.2000,2847.4000,2847.8000,2848.0000,3,1,1,4,5,3,2,3,2,1
SF,IH2005,2020-05-14 09:31:45.400,2846.2000,16014,0,941034840.000,0,-,-,-,-,2846.4000,2846.2000,2846.0000,2845.4000,2845.2000,2846.8000,2847.0000,2847.2000,2847.4000,2847.8000,6,3,1,1,4,3,3,2,2,2
SF,IH2005,2020-05-14 09:31:45.900,2846.2000,16014,0,941034840.000,0,-,-,-,-,2846.4000,2846.2000,2846.0000,2845.4000,2845.2000,2846.8000,2847.0000,2847.2000,2847.4000,2847.8000,6,3,1,1,4,1,3,2,2,2
SF,IH2005,2020-05-14 09:31:46.400,2846.2000,16014,0,941034840.000,0,-,-,-,-,2846.4000,2846.2000,2846.0000,2845.4000,2845.2000,2846.8000,2847.0000,2847.2000,2847.4000,2847.8000,7,3,1,1,4,2,3,2,2,2
SF,IH2005,2020-05-14 09:31:46.900,2846.2000,16014,0,941034840.000,0,-,-,-,-,2846.4000,2846.2000,2846.0000,2845.4000,2845.2000,2846.6000,2846.8000,2847.0000,2847.2000,2847.4000,9,3,1,1,4,1,2,3,2,2
SF,IH2005,2020-05-14 09:31:47.400,2847.4000,16013,-1,953845620.000,15,7,8,多平,S,2846.6000,2846.4000,2846.2000,2846.0000,2845.4000,2847.8000,2848.0000,2848.2000,2848.4000,2848.6000,2,5,3,1,1,1,1,3,1,3
SF,IH2005,2020-05-14 09:31:47.900,2846.6000,16011,-2,955553640.000,2,0,2,双平,S,2846.6000,2846.4000,2846.2000,2846.0000,2845.4000,2847.6000,2847.8000,2848.0000,2848.2000,2848.4000,1,5,3,1,1,7,1,1,3,1
SF,IH2005,2020-05-14 09:31:48.400,2846.6000,16011,0,955553640.000,0,-,-,-,-,2846.8000,2846.6000,2846.4000,2846.2000,2846.0000,2847.4000,2847.6000,2847.8000,2848.0000,2848.2000,1,1,5,3,1,3,6,1,1,3
SF,IH2005,2020-05-14 09:31:48.900,2846.6000,16011,0,955553640.000,0,-,-,-,-,2846.8000,2846.6000,2846.4000,2846.2000,2846.0000,2847.2000,2847.4000,2847.6000,2847.8000,2848.2000,2,1,5,3,1,4,2,5,1,3
SF,IH2005,2020-05-14 09:31:49.400,2846.8000,16010,-1,957261660.000,2,0,2,多平,S,2846.6000,2846.4000,2846.2000,2846.0000,2845.4000,2847.2000,2847.4000,2847.6000,2847.8000,2848.2000,4,5,3,1,1,3,2,4,1,3
SF,IH2005,2020-05-14 09:31:49.900,2846.8000,16010,0,957261660.000,0,-,-,-,-,2846.8000,2846.6000,2846.4000,2846.2000,2846.0000,2847.0000,2847.2000,2847.4000,2847.6000,2847.8000,1,5,4,3,1,1,4,2,4,1
SF,IH2005,2020-05-14 09:31:50.400,2847.0000,16008,-2,958969800.000,2,0,2,双平,S,2846.6000,2846.4000,2846.2000,2846.0000,2845.4000,2847.2000,2847.4000,2847.6000,2847.8000,2848.2000,5,4,3,1,1,2,2,4,1,3
SF,IH2005,2020-05-14 09:31:50.900,2846.6000,16006,-2,960677760.000,2,0,2,双平,S,2846.6000,2846.4000,2846.2000,2846.0000,2845.4000,2847.2000,2847.4000,2847.6000,2847.8000,2848.2000,3,9,3,1,1,2,2,4,1,3
SF,IH2005,2020-05-14 09:31:51.400,2847.2000,16006,0,963240180.000,3,1,2,多换,S,2846.6000,2846.4000,2846.2000,2846.0000,2845.4000,2847.4000,2847.6000,2847.8000,2848.2000,2848.4000,3,9,3,1,1,2,4,1,4,1
SF,IH2005,2020-05-14 09:31:51.900,2847.2000,16006,0,963240180.000,0,-,-,-,-,2846.8000,2846.6000,2846.4000,2846.2000,2846.0000,2847.4000,2847.6000,2847.8000,2848.2000,2848.4000,1,3,9,3,1,1,4,1,4,1
SF,IH2005,2020-05-14 09:31:52.400,2847.2000,16006,0,963240180.000,0,-,-,-,-,2847.0000,2846.8000,2846.6000,2846.4000,2846.2000,2847.4000,2847.6000,2847.8000,2848.2000,2848.4000,1,1,3,9,3,1,4,1,4,1
SF,IH2005,2020-05-14 09:31:52.900,2847.2000,16006,0,963240180.000,0,-,-,-,-,2847.0000,2846.8000,2846.6000,2846.4000,2846.2000,2847.4000,2847.6000,2847.8000,2848.2000,2848.4000,1,4,3,9,3,1,4,1,4,1
SF,IH2005,2020-05-14 09:31:53.400,2847.0000,16006,0,964948380.000,2,1,1,多换,S,2846.8000,2846.6000,2846.4000,2846.2000,2846.0000,2847.2000,2847.6000,2847.8000,2848.2000,2848.4000,4,3,9,3,2,1,2,1,4,1
SF,IH2005,2020-05-14 09:31:53.900,2846.8000,16005,-1,965802420.000,1,0,1,双平,S,2846.8000,2846.6000,2846.4000,2846.2000,2846.0000,2847.2000,2847.6000,2847.8000,2848.2000,2848.4000,3,3,9,3,2,1,2,1,4,1
SF,IH2005,2020-05-14 09:31:54.400,2846.8000,16005,0,966656460.000,1,0,1,多换,S,2846.8000,2846.6000,2846.4000,2846.2000,2846.0000,2847.2000,2847.6000,2847.8000,2848.2000,2848.4000,2,3,9,3,2,1,2,1,4,1
SF,IH2005,2020-05-14 09:31:54.900,2846.8000,16005,0,966656460.000,0,-,-,-,-,2846.8000,2846.6000,2846.4000,2846.2000,2846.0000,2847.2000,2847.6000,2847.8000,2848.2000,2848.4000,2,3,9,3,2,2,2,1,4,1
SF,IH2005,2020-05-14 09:31:55.400,2846.8000,16004,-1,968364540.000,2,0,2,多平,S,2846.6000,2846.4000,2846.2000,2846.0000,2845.4000,2847.0000,2847.2000,2847.6000,2847.8000,2848.2000,3,9,3,2,1,2,3,3,1,4
SF,IH2005,2020-05-14 09:31:55.900,2846.8000,16004,0,968364540.000,0,-,-,-,-,2846.6000,2846.4000,2846.2000,2846.0000,2845.6000,2847.0000,2847.2000,2847.6000,2847.8000,2848.2000,4,9,3,2,1,4,2,3,1,4
SF,IH2005,2020-05-14 09:31:56.400,2846.6000,16003,-1,969218520.000,1,0,1,双平,S,2846.6000,2846.4000,2846.2000,2846.0000,2845.6000,2847.0000,2847.2000,2847.6000,2847.8000,2848.2000,3,9,3,2,1,4,2,3,1,4
SF,IH2005,2020-05-14 09:31:56.900,2846.6000,16003,0,970926480.000,2,1,1,多换,S,2846.6000,2846.4000,2846.2000,2846.0000,2845.6000,2847.0000,2847.2000,2847.6000,2847.8000,2848.2000,1,9,3,2,1,4,2,3,1,4
SF,IH2005,2020-05-14 09:31:57.400,2846.6000,16003,0,971780460.000,1,0,1,多换,S,2846.4000,2846.2000,2846.0000,2845.6000,2845.4000,2846.6000,2847.0000,2847.2000,2847.6000,2847.8000,9,3,2,1,1,1,5,2,3,1
SF,IH2005,2020-05-14 09:31:57.900,2846.4000,16002,-1,974342340.000,3,1,2,多平,S,2846.4000,2846.2000,2846.0000,2845.6000,2845.4000,2846.6000,2847.0000,2847.2000,2847.6000,2847.8000,8,2,2,1,1,2,2,2,2,1
SF,IH2005,2020-05-14 09:31:58.400,2846.6000,16001,-1,975196320.000,1,0,1,双平,S,2846.4000,2846.2000,2846.0000,2845.6000,2845.4000,2846.6000,2847.0000,2847.2000,2847.6000,2847.8000,9,2,2,1,1,1,2,2,2,1
SF,IH2005,2020-05-14 09:31:58.900,2846.4000,16000,-1,976904220.000,2,0,2,多平,S,2846.4000,2846.2000,2846.0000,2845.6000,2845.4000,2847.0000,2847.2000,2847.6000,2847.8000,2848.2000,10,2,2,1,1,2,1,2,1,4
SF,IH2005,2020-05-14 09:31:59.400,2846.6000,15999,-1,978612180.000,2,0,2,多平,S,2846.4000,2846.2000,2846.0000,2845.6000,2845.4000,2846.8000,2847.0000,2847.2000,2847.4000,2847.6000,10,2,2,1,1,2,2,1,1,1
SF,IH2005,2020-05-14 09:31:59.900,2846.4000,15998,-1,981174120.000,3,1,2,多平,S,2846.4000,2846.2000,2846.0000,2845.6000,2845.4000,2846.8000,2847.0000,2847.2000,2847.4000,2847.6000,9,2,2,1,1,2,2,1,2,1
SF,IH2005,2020-05-14 09:32:00.400,2846.8000,15994,-4,985444200.000,5,0,5,多平,S,2846.4000,2846.2000,2846.0000,2845.6000,2845.4000,2846.8000,2847.0000,2847.2000,2847.4000,2847.6000,8,2,2,1,1,1,2,1,2,1
SF,IH2005,2020-05-14 09:32:00.900,2846.8000,15989,-5,991422300.000,7,1,6,多平,S,2846.4000,2846.2000,2846.0000,2845.6000,2845.4000,2846.6000,2847.0000,2847.2000,2847.4000,2847.6000,5,2,2,1,1,4,2,1,2,1
SF,IH2005,2020-05-14 09:32:01.400,2846.6000,15976,-13,1002524460.000,13,0,13,双平,S,2846.6000,2846.4000,2846.2000,2846.0000,2845.6000,2847.4000,2848.2000,2848.4000,2848.6000,2848.8000,5,5,2,2,1,1,4,1,3,3
SF,IH2005,2020-05-14 09:32:01.900,2846.6000,15975,-1,1005940380.000,4,1,3,多平,S,2846.6000,2846.4000,2846.2000,2846.0000,2845.6000,2847.2000,2847.4000,2848.2000,2848.4000,2848.6000,5,5,2,2,1,2,2,4,1,3
SF,IH2005,2020-05-14 09:32:02.400,2846.6000,15975,0,1006794360.000,1,0,1,多换,S,2846.6000,2846.4000,2846.2000,2846.0000,2845.6000,2847.2000,2847.4000,2848.2000,2848.4000,2848.6000,5,5,2,2,1,3,1,4,1,3
SF,IH2005,2020-05-14 09:32:02.900,2846.6000,15975,0,1008502320.000,2,1,1,多换,S,2846.6000,2846.4000,2846.2000,2846.0000,2845.6000,2847.2000,2847.4000,2848.2000,2848.4000,2848.6000,4,5,2,2,1,5,1,4,1,3
SF,IH2005,2020-05-14 09:32:03.400,2846.4000,15972,-3,1012772160.000,5,1,4,多平,S,2846.4000,2846.2000,2846.0000,2845.6000,2845.4000,2847.0000,2847.2000,2847.4000,2848.2000,2848.4000,4,2,2,1,1,1,6,1,4,1
SF,IH2005,2020-05-14 09:32:03.900,2846.4000,15972,0,1014480000.000,2,1,1,多换,S,2846.4000,2846.2000,2846.0000,2845.6000,2845.4000,2846.8000,2847.0000,2847.2000,2847.4000,2848.2000,1,2,2,1,1,4,6,4,1,4
SF,IH2005,2020-05-14 09:32:04.400,2846.8000,15970,-2,1017895860.000,4,1,3,多平,S,2846.4000,2846.2000,2846.0000,2845.6000,2845.4000,2846.8000,2847.0000,2847.2000,2847.4000,2848.2000,1,1,2,1,1,2,4,4,1,4
SF,IH2005,2020-05-14 09:32:04.900,2846.6000,15968,-2,1019603760.000,2,0,2,双平,S,2846.6000,2846.2000,2846.0000,2845.6000,2845.4000,2846.8000,2847.0000,2847.2000,2847.4000,2848.2000,3,1,2,1,1,2,4,4,1,4
SF,IH2005,2020-05-14 09:32:05.400,2846.6000,15968,0,1019603760.000,0,-,-,-,-,2846.6000,2846.2000,2846.0000,2845.6000,2845.4000,2846.8000,2847.0000,2847.2000,2847.4000,2848.2000,3,2,2,1,1,2,4,4,1,4
SF,IH2005,2020-05-14 09:32:05.900,2846.8000,15968,0,1020457800.000,1,0,1,多换,S,2846.6000,2846.2000,2846.0000,2845.6000,2845.4000,2847.0000,2847.2000,2847.4000,2848.2000,2848.4000,3,2,2,1,1,1,4,1,4,1
SF,IH2005,2020-05-14 09:32:06.400,2846.6000,15965,-3,1023019740.000,3,0,3,双平,S,2846.2000,2846.0000,2845.6000,2845.4000,2845.2000,2846.6000,2847.0000,2847.2000,2847.4000,2848.2000,2,2,1,1,4,2,1,4,1,4
SF,IH2005,2020-05-14 09:32:06.900,2846.6000,15965,0,1023019740.000,0,-,-,-,-,2846.2000,2846.0000,2845.6000,2845.4000,2845.2000,2846.6000,2846.8000,2847.0000,2847.2000,2848.2000,3,2,1,1,4,2,1,1,4,4
SF,IH2005,2020-05-14 09:32:07.400,2846.6000,15965,0,1023019740.000,0,-,-,-,-,2846.4000,2846.2000,2846.0000,2845.6000,2845.4000,2846.6000,2846.8000,2847.0000,2847.2000,2848.2000,1,3,2,1,1,2,1,2,4,4
SF,IH2005,2020-05-14 09:32:07.900,2846.2000,15961,-4,1026435300.000,4,0,4,双平,S,2846.2000,2846.0000,2845.6000,2845.4000,2845.2000,2846.6000,2846.8000,2847.0000,2847.2000,2848.2000,1,2,1,1,4,2,1,2,4,4
SF,IH2005,2020-05-14 09:32:08.400,2846.2000,15961,0,1026435300.000,0,-,-,-,-,2846.4000,2846.2000,2846.0000,2845.6000,2845.4000,2846.6000,2847.0000,2847.2000,2848.2000,2848.4000,1,3,4,1,1,2,2,4,4,1
SF,IH2005,2020-05-14 09:32:08.900,2846.2000,15960,-1,1027289160.000,1,0,1,双平,S,2846.2000,2846.0000,2845.6000,2845.4000,2845.2000,2846.6000,2847.0000,2847.2000,2848.2000,2848.4000,3,4,1,1,4,1,2,4,4,1
SF,IH2005,2020-05-14 09:32:09.400,2846.2000,15960,0,1027289160.000,0,-,-,-,-,2846.2000,2846.0000,2845.6000,2845.4000,2845.2000,2846.4000,2846.6000,2847.0000,2847.2000,2848.2000,3,4,1,1,4,1,1,2,4,4
SF,IH2005,2020-05-14 09:32:09.900,2846.6000,15958,-2,1028997060.000,2,0,2,双平,S,2846.8000,2846.6000,2846.2000,2846.0000,2845.6000,2847.0000,2847.2000,2848.2000,2848.4000,2848.6000,1,1,3,4,1,2,4,4,1,3
SF,IH2005,2020-05-14 09:32:10.400,2846.8000,15957,-1,1029851100.000,1,0,1,双平,S,2846.6000,2846.4000,2846.2000,2846.0000,2845.6000,2846.8000,2847.0000,2847.2000,2848.2000,2848.4000,1,1,3,4,1,3,3,3,4,1
SF,IH2005,2020-05-14 09:32:10.900,2846.8000,15957,0,1029851100.000,0,-,-,-,-,2846.6000,2846.4000,2846.2000,2846.0000,2845.6000,2846.8000,2847.0000,2847.2000,2848.2000,2848.4000,1,4,3,4,1,1,4,3,4,1
SF,IH2005,2020-05-14 09:32:11.400,2846.8000,15957,0,1029851100.000,0,-,-,-,-,2846.8000,2846.6000,2846.4000,2846.2000,2846.0000,2847.0000,2847.2000,2848.2000,2848.4000,2848.6000,1,1,4,3,4,4,3,4,1,3
SF,IH2005,2020-05-14 09:32:11.900,2846.8000,15957,0,1029851100.000,0,-,-,-,-,2846.8000,2846.6000,2846.4000,2846.2000,2846.0000,2847.0000,2847.2000,2848.2000,2848.4000,2848.6000,1,1,5,3,4,3,3,4,1,3
SF,IH2005,2020-05-14 09:32:13.400,2847.0000,15955,-2,1031559300.000,2,0,2,双平,S,2846.8000,2846.6000,2846.4000,2846.2000,2846.0000,2847.2000,2848.2000,2848.4000,2848.6000,2848.8000,1,1,5,3,4,3,4,1,3,2
SF,IH2005,2020-05-14 09:32:13.900,2847.2000,15954,-1,1033267620.000,2,0,2,多平,S,2846.8000,2846.6000,2846.4000,2846.2000,2846.0000,2847.2000,2848.2000,2848.4000,2848.6000,2848.8000,1,2,5,3,4,1,4,1,3,2
SF,IH2005,2020-05-14 09:32:14.400,2847.2000,15953,-1,1034121780.000,1,0,1,双平,S,2846.8000,2846.6000,2846.4000,2846.2000,2846.0000,2848.2000,2848.4000,2848.6000,2848.8000,2850.6000,2,2,5,3,4,4,1,3,2,1
SF,IH2005,2020-05-14 09:32:14.900,2847.8000,15952,-1,1034976120.000,1,0,1,双平,S,2847.2000,2847.0000,2846.8000,2846.6000,2846.4000,2848.0000,2848.2000,2848.4000,2848.6000,2848.8000,1,4,4,2,5,11,4,1,3,2
SF,IH2005,2020-05-14 09:32:15.400,2847.8000,15952,0,1034976120.000,0,-,-,-,-,2847.4000,2847.2000,2847.0000,2846.8000,2846.6000,2847.8000,2848.0000,2848.2000,2848.4000,2848.6000,1,1,5,4,2,1,10,4,1,3
SF,IH2005,2020-05-14 09:32:15.900,2847.8000,15952,0,1034976120.000,0,-,-,-,-,2847.2000,2847.0000,2846.8000,2846.6000,2846.4000,2847.6000,2847.8000,2848.0000,2848.2000,2848.4000,1,4,4,3,5,3,2,6,4,1
SF,IH2005,2020-05-14 09:32:16.400,2847.2000,15952,0,1035830280.000,1,0,1,多换,S,2847.0000,2846.8000,2846.6000,2846.4000,2846.2000,2847.6000,2847.8000,2848.0000,2848.2000,2848.4000,4,4,3,5,4,3,2,6,4,1
SF,IH2005,2020-05-14 09:32:16.900,2847.2000,15952,0,1035830280.000,0,-,-,-,-,2847.0000,2846.8000,2846.6000,2846.4000,2846.2000,2847.6000,2847.8000,2848.0000,2848.2000,2848.4000,3,4,3,5,4,3,2,6,4,1
SF,IH2005,2020-05-14 09:32:17.400,2847.4000,15951,-1,1036684500.000,1,0,1,双平,S,2847.0000,2846.8000,2846.6000,2846.4000,2846.2000,2847.6000,2847.8000,2848.0000,2848.2000,2848.4000,4,4,3,5,4,3,2,6,4,1
SF,IH2005,2020-05-14 09:32:17.900,2847.2000,15951,0,1037538660.000,1,0,1,多换,S,2847.2000,2847.0000,2846.8000,2846.6000,2846.4000,2847.6000,2847.8000,2848.0000,2848.2000,2848.4000,1,4,4,3,5,4,2,6,4,1
SF,IH2005,2020-05-14 09:32:18.400,2847.2000,15951,0,1037538660.000,0,-,-,-,-,2847.2000,2847.0000,2846.8000,2846.6000,2846.4000,2847.6000,2847.8000,2848.0000,2848.2000,2848.4000,1,4,4,3,5,4,3,6,4,1
SF,IH2005,2020-05-14 09:32:18.900,2847.6000,15950,-1,1039247220.000,2,0,2,多平,S,2847.2000,2847.0000,2846.8000,2846.6000,2846.4000,2847.6000,2847.8000,2848.0000,2848.2000,2848.4000,1,4,4,3,5,2,3,6,4,1
SF,IH2005,2020-05-14 09:32:19.400,2847.6000,15948,-2,1040955780.000,2,0,2,双平,S,2847.2000,2847.0000,2846.8000,2846.6000,2846.4000,2847.8000,2848.0000,2848.2000,2848.4000,2848.6000,3,4,3,3,5,3,6,4,1,4
SF,IH2005,2020-05-14 09:32:19.900,2847.8000,15948,0,1041810120.000,1,0,1,多换,S,2847.6000,2847.2000,2847.0000,2846.8000,2846.6000,2847.8000,2848.0000,2848.2000,2848.4000,2848.6000,1,4,4,3,3,2,6,4,1,4
SF,IH2005,2020-05-14 09:32:20.400,2847.6000,15947,-1,1042664400.000,1,0,1,双平,S,2847.2000,2847.0000,2846.8000,2846.6000,2846.4000,2847.6000,2847.8000,2848.0000,2848.2000,2848.4000,4,4,3,3,5,2,2,6,4,1
SF,IH2005,2020-05-14 09:32:20.900,2847.2000,15946,-1,1044372720.000,2,0,2,多平,S,2847.2000,2847.0000,2846.8000,2846.6000,2846.4000,2847.6000,2847.8000,2848.0000,2848.2000,2848.4000,2,4,3,3,5,2,7,6,4,1
SF,IH2005,2020-05-14 09:32:21.400,2847.2000,15944,-2,1046081040.000,2,0,2,双平,S,2847.0000,2846.8000,2846.6000,2846.4000,2846.2000,2847.6000,2847.8000,2848.0000,2848.2000,2848.4000,4,3,3,5,3,2,2,6,4,1
SF,IH2005,2020-05-14 09:32:21.900,2847.2000,15944,0,1046081040.000,0,-,-,-,-,2847.0000,2846.8000,2846.6000,2846.4000,2846.2000,2847.6000,2847.8000,2848.0000,2848.2000,2848.4000,4,2,3,5,3,2,2,6,4,1
SF,IH2005,2020-05-14 09:32:22.400,2847.2000,15944,0,1046081040.000,0,-,-,-,-,2847.2000,2847.0000,2846.8000,2846.6000,2846.4000,2847.8000,2848.0000,2848.2000,2848.4000,2848.6000,1,4,2,3,5,2,6,4,1,4
SF,IH2005,2020-05-14 09:32:22.900,2847.2000,15944,0,1046081040.000,0,-,-,-,-,2847.4000,2847.2000,2847.0000,2846.8000,2846.6000,2847.8000,2848.0000,2848.2000,2848.4000,2848.6000,1,1,4,1,3,2,6,4,1,4
SF,IH2005,2020-05-14 09:32:23.400,2847.2000,15944,0,1046081040.000,0,-,-,-,-,2847.4000,2847.2000,2847.0000,2846.8000,2846.6000,2847.8000,2848.0000,2848.2000,2848.4000,2848.6000,1,1,4,1,3,2,6,4,1,4
SF,IH2005,2020-05-14 09:32:24.400,2847.8000,15942,-2,1047789720.000,2,0,2,双平,S,2847.4000,2847.2000,2847.0000,2846.8000,2846.6000,2848.0000,2848.2000,2848.4000,2848.6000,2848.8000,1,1,4,1,3,5,4,1,4,2
SF,IH2005,2020-05-14 09:32:24.900,2847.8000,15942,0,1047789720.000,0,-,-,-,-,2847.4000,2847.2000,2847.0000,2846.8000,2846.6000,2848.0000,2848.2000,2848.4000,2848.6000,2848.8000,3,2,4,1,2,5,4,1,4,2
SF,IH2005,2020-05-14 09:32:25.400,2847.6000,15933,-9,1055479320.000,9,0,9,双平,S,2847.6000,2847.4000,2847.2000,2847.0000,2846.6000,2848.6000,2848.8000,2849.2000,2849.6000,2850.6000,2,3,2,4,2,4,2,1,1,1
SF,IH2005,2020-05-14 09:32:25.900,2847.6000,15933,0,1055479320.000,0,-,-,-,-,2847.8000,2847.6000,2847.4000,2847.2000,2847.0000,2848.4000,2848.6000,2848.8000,2849.2000,2849.6000,5,2,4,2,3,4,4,2,1,1
SF,IH2005,2020-05-14 09:32:26.400,2848.4000,15931,-2,1057188360.000,2,0,2,双平,S,2848.0000,2847.8000,2847.6000,2847.4000,2847.2000,2848.6000,2848.8000,2849.2000,2849.6000,2850.0000,1,8,2,4,1,4,2,1,1,1
SF,IH2005,2020-05-14 09:32:26.900,2848.4000,15931,0,1057188360.000,0,-,-,-,-,2848.2000,2848.0000,2847.8000,2847.6000,2847.4000,2848.4000,2848.6000,2848.8000,2849.2000,2849.6000,1,1,7,1,3,1,4,2,1,2
SF,IH2005,2020-05-14 09:32:27.400,2848.4000,15931,0,1057188360.000,0,-,-,-,-,2848.2000,2848.0000,2847.8000,2847.6000,2847.4000,2848.4000,2848.6000,2848.8000,2849.2000,2849.6000,1,1,7,1,3,1,4,2,1,2
SF,IH2005,2020-05-14 09:32:27.900,2848.4000,15928,-3,1059751860.000,3,0,3,双平,S,2848.2000,2848.0000,2847.8000,2847.6000,2847.4000,2848.6000,2848.8000,2849.2000,2849.6000,2850.0000,1,2,6,1,3,4,2,1,2,1
SF,IH2005,2020-05-14 09:32:28.400,2848.4000,15928,0,1059751860.000,0,-,-,-,-,2848.2000,2848.0000,2847.8000,2847.6000,2847.4000,2848.6000,2848.8000,2849.2000,2849.6000,2850.0000,4,2,6,1,3,4,2,1,3,1
SF,IH2005,2020-05-14 09:32:28.900,2848.4000,15928,0,1059751860.000,0,-,-,-,-,2848.2000,2848.0000,2847.8000,2847.6000,2847.4000,2848.6000,2848.8000,2849.2000,2849.6000,2850.0000,4,2,5,1,3,4,2,1,3,1
SF,IH2005,2020-05-14 09:32:29.400,2848.4000,15928,0,1059751860.000,0,-,-,-,-,2848.2000,2848.0000,2847.8000,2847.6000,2847.4000,2848.6000,2848.8000,2849.2000,2849.6000,2850.0000,6,6,5,1,3,4,2,1,3,1
SF,IH2005,2020-05-14 09:32:29.900,2848.6000,15924,-4,1063170060.000,4,0,4,双平,S,2848.2000,2848.0000,2847.8000,2847.6000,2847.4000,2848.8000,2849.2000,2849.6000,2850.0000,2850.4000,5,6,5,1,3,2,1,3,1,1
SF,IH2005,2020-05-14 09:32:30.400,2848.8000,15923,-1,1064879340.000,2,0,2,多平,S,2848.4000,2848.2000,2848.0000,2847.8000,2847.6000,2849.2000,2849.6000,2850.0000,2850.4000,2850.6000,2,2,5,4,2,1,3,1,1,1
SF,IH2005,2020-05-14 09:32:30.900,2849.2000,15921,-2,1067443500.000,3,0,3,多平,S,2848.6000,2848.4000,2848.2000,2848.0000,2847.8000,2849.2000,2849.6000,2850.0000,2850.4000,2850.6000,1,2,1,5,2,1,3,1,1,1
SF,IH2005,2020-05-14 09:32:31.400,2848.4000,15917,-4,1071716160.000,5,0,5,多平,S,2848.4000,2848.2000,2848.0000,2847.8000,2847.6000,2849.0000,2849.2000,2849.6000,2850.0000,2850.4000,2,1,5,2,2,6,1,3,1,1
SF,IH2005,2020-05-14 09:32:31.900,2848.2000,15912,-5,1075988520.000,5,0,5,双平,S,2848.0000,2847.8000,2847.6000,2847.4000,2847.0000,2848.2000,2848.4000,2848.6000,2848.8000,2849.0000,4,2,2,3,2,8,18,1,4,6
SF,IH2005,2020-05-14 09:32:32.400,2848.2000,15903,-9,1084532580.000,10,0,10,多平,S,2847.8000,2847.6000,2847.4000,2847.0000,2846.8000,2848.4000,2848.6000,2848.8000,2849.0000,2849.2000,1,1,3,2,1,9,1,4,1,1
SF,IH2005,2020-05-14 09:32:32.900,2847.6000,15901,-2,1087095480.000,3,0,3,多平,S,2847.4000,2847.0000,2846.8000,2846.6000,2846.4000,2847.6000,2847.8000,2848.0000,2848.2000,2848.4000,3,2,1,1,4,2,2,2,5,9
SF,IH2005,2020-05-14 09:32:33.400,2847.8000,15898,-3,1089658380.000,3,0,3,双平,S,2847.6000,2847.4000,2847.0000,2846.8000,2846.6000,2848.0000,2848.2000,2848.4000,2848.6000,2848.8000,1,3,2,1,1,2,3,7,1,3
SF,IH2005,2020-05-14 09:32:33.900,2847.8000,15897,-1,1090512720.000,1,0,1,双平,S,2847.4000,2847.2000,2847.0000,2846.8000,2846.6000,2848.0000,2848.2000,2848.4000,2848.6000,2848.8000,3,1,2,1,1,2,3,7,1,3
SF,IH2005,2020-05-14 09:32:34.400,2847.8000,15897,0,1090512720.000,0,-,-,-,-,2847.4000,2847.2000,2847.0000,2846.8000,2846.6000,2847.8000,2848.0000,2848.2000,2848.4000,2848.6000,1,1,2,1,1,1,1,3,7,1
SF,IH2005,2020-05-14 09:32:34.900,2847.8000,15896,-1,1091367060.000,1,0,1,双平,S,2847.4000,2847.2000,2847.0000,2846.8000,2846.6000,2848.0000,2848.2000,2848.4000,2848.6000,2848.8000,1,1,2,1,1,1,3,7,1,3
SF,IH2005,2020-05-14 09:32:35.400,2847.8000,15896,0,1091367060.000,0,-,-,-,-,2847.4000,2847.2000,2847.0000,2846.8000,2846.6000,2848.0000,2848.2000,2848.4000,2848.6000,2848.8000,1,1,2,2,1,2,3,7,1,3
SF,IH2005,2020-05-14 09:32:35.900,2847.8000,15896,0,1091367060.000,0,-,-,-,-,2847.4000,2847.2000,2847.0000,2846.8000,2846.6000,2848.0000,2848.2000,2848.4000,2848.6000,2848.8000,1,1,2,2,1,1,3,7,1,3
SF,IH2005,2020-05-14 09:32:36.400,2848.0000,15895,-1,1092221460.000,1,0,1,双平,S,2847.4000,2847.2000,2847.0000,2846.8000,2846.6000,2848.2000,2848.4000,2848.6000,2848.8000,2849.0000,1,1,2,2,1,3,7,1,3,1
SF,IH2005,2020-05-14 09:32:36.900,2848.0000,15895,0,1092221460.000,0,-,-,-,-,2847.6000,2847.4000,2847.2000,2847.0000,2846.8000,2848.2000,2848.4000,2848.6000,2848.8000,2849.0000,2,2,1,2,2,2,7,1,3,1
SF,IH2005,2020-05-14 09:32:37.400,2848.0000,15895,0,1092221460.000,0,-,-,-,-,2847.6000,2847.4000,2847.2000,2847.0000,2846.8000,2848.2000,2848.4000,2848.6000,2848.8000,2849.0000,1,2,1,2,2,2,7,1,3,1
SF,IH2005,2020-05-14 09:32:37.900,2848.0000,15895,0,1092221460.000,0,-,-,-,-,2847.6000,2847.4000,2847.0000,2846.8000,2846.6000,2848.2000,2848.4000,2848.6000,2848.8000,2849.0000,3,2,2,2,1,2,7,1,3,1
SF,IH2005,2020-05-14 09:32:38.400,2848.0000,15895,0,1092221460.000,0,-,-,-,-,2847.6000,2847.4000,2847.0000,2846.8000,2846.6000,2848.0000,2848.2000,2848.4000,2848.6000,2848.8000,5,2,2,2,1,2,3,7,1,3
SF,IH2005,2020-05-14 09:32:38.900,2848.0000,15895,0,1093075860.000,1,0,1,多换,S,2847.6000,2847.4000,2847.0000,2846.8000,2846.6000,2848.0000,2848.2000,2848.4000,2848.6000,2848.8000,5,2,2,2,1,1,3,7,1,3
SF,IH2005,2020-05-14 09:32:39.400,2847.6000,15894,-1,1093930140.000,1,0,1,双平,S,2847.6000,2847.4000,2847.0000,2846.8000,2846.6000,2848.0000,2848.2000,2848.4000,2848.6000,2848.8000,4,2,2,2,1,1,3,7,1,3
SF,IH2005,2020-05-14 09:32:39.900,2847.6000,15894,0,1093930140.000,0,-,-,-,-,2847.6000,2847.4000,2847.0000,2846.8000,2846.6000,2848.0000,2848.2000,2848.4000,2848.6000,2848.8000,3,2,2,2,1,1,3,5,1,3
SF,IH2005,2020-05-14 09:32:40.400,2847.6000,15893,-1,1094784420.000,1,0,1,双平,S,2847.6000,2847.4000,2847.0000,2846.8000,2846.6000,2848.0000,2848.2000,2848.4000,2848.6000,2848.8000,2,1,2,2,1,1,3,5,1,3
SF,IH2005,2020-05-14 09:32:40.900,2847.6000,15893,0,1095638700.000,1,0,1,多换,S,2847.6000,2847.4000,2847.0000,2846.8000,2846.6000,2848.0000,2848.2000,2848.4000,2848.6000,2848.8000,1,1,2,2,1,1,3,5,1,3
SF,IH2005,2020-05-14 09:32:41.400,2847.6000,15893,0,1095638700.000,0,-,-,-,-,2847.6000,2847.4000,2847.0000,2846.8000,2846.6000,2848.0000,2848.2000,2848.4000,2848.6000,2848.8000,1,1,2,2,1,1,3,5,1,3
SF,IH2005,2020-05-14 09:32:42.900,2847.6000,15893,0,1095638700.000,0,-,-,-,-,2847.6000,2847.4000,2847.0000,2846.8000,2846.6000,2848.0000,2848.2000,2848.4000,2848.6000,2848.8000,1,1,2,2,1,1,3,5,1,3
SF,IH2005,2020-05-14 09:32:44.400,2847.6000,15893,0,1095638700.000,0,-,-,-,-,2847.6000,2847.4000,2847.0000,2846.8000,2846.6000,2848.0000,2848.2000,2848.4000,2848.6000,2848.8000,2,1,2,2,1,1,3,5,1,3
SF,IH2005,2020-05-14 09:32:44.900,2848.0000,15890,-3,1098201900.000,3,0,3,双平,S,2848.0000,2847.6000,2847.4000,2847.0000,2846.8000,2848.2000,2848.4000,2848.6000,2848.8000,2849.0000,1,2,1,2,2,3,6,1,3,1
SF,IH2005,2020-05-14 09:32:45.400,2848.0000,15890,0,1098201900.000,0,-,-,-,-,2847.6000,2847.4000,2847.0000,2846.8000,2846.6000,2848.2000,2848.4000,2848.6000,2848.8000,2849.0000,2,1,2,2,1,1,6,1,3,1
SF,IH2005,2020-05-14 09:32:45.900,2848.0000,15890,0,1098201900.000,0,-,-,-,-,2847.6000,2847.4000,2847.0000,2846.8000,2846.6000,2848.2000,2848.4000,2848.6000,2848.8000,2849.0000,3,1,2,2,1,1,6,1,3,1
SF,IH2005,2020-05-14 09:32:46.400,2848.0000,15890,0,1098201900.000,0,-,-,-,-,2847.6000,2847.4000,2847.0000,2846.8000,2846.6000,2848.2000,2848.4000,2848.6000,2848.8000,2849.0000,3,1,2,2,1,1,6,1,3,1
SF,IH2005,2020-05-14 09:32:46.900,2848.0000,15890,0,1098201900.000,0,-,-,-,-,2847.6000,2847.4000,2847.0000,2846.8000,2846.6000,2848.2000,2848.4000,2848.6000,2848.8000,2849.0000,3,1,2,2,2,1,6,1,3,1
SF,IH2005,2020-05-14 09:32:47.400,2848.0000,15890,0,1098201900.000,0,-,-,-,-,2847.6000,2847.4000,2847.0000,2846.8000,2846.6000,2848.2000,2848.4000,2848.6000,2848.8000,2849.0000,3,1,2,2,2,2,6,1,3,1
SF,IH2005,2020-05-14 09:32:48.400,2848.0000,15890,0,1098201900.000,0,-,-,-,-,2847.6000,2847.4000,2847.0000,2846.8000,2846.6000,2848.2000,2848.4000,2848.6000,2848.8000,2849.0000,3,3,2,2,2,2,6,1,3,1
SF,IH2005,2020-05-14 09:32:48.900,2848.2000,15889,-1,1099056360.000,1,0,1,双平,S,2847.8000,2847.6000,2847.4000,2847.0000,2846.8000,2848.2000,2848.4000,2848.6000,2848.8000,2849.0000,1,2,3,2,2,1,6,1,3,1
SF,IH2005,2020-05-14 09:32:49.400,2848.2000,15889,0,1099910820.000,1,0,1,多换,S,2848.2000,2848.0000,2847.8000,2847.6000,2847.4000,2848.4000,2848.6000,2848.8000,2849.0000,2849.4000,1,1,1,2,3,6,1,3,1,1
SF,IH2005,2020-05-14 09:32:49.900,2848.2000,15889,0,1100765280.000,1,0,1,多换,S,2848.0000,2847.8000,2847.6000,2847.4000,2847.0000,2848.4000,2848.6000,2848.8000,2849.0000,2849.4000,1,1,2,3,2,6,1,3,1,1
SF,IH2005,2020-05-14 09:32:50.400,2848.0000,15889,0,1101619680.000,1,0,1,多换,S,2848.2000,2848.0000,2847.8000,2847.6000,2847.4000,2848.4000,2848.6000,2848.8000,2849.0000,2849.4000,1,2,1,2,3,7,1,3,1,1
SF,IH2005,2020-05-14 09:32:50.900,2848.0000,15889,0,1101619680.000,0,-,-,-,-,2848.2000,2848.0000,2847.8000,2847.6000,2847.4000,2848.4000,2848.6000,2848.8000,2849.0000,2849.4000,4,5,2,2,3,6,1,3,1,1
SF,IH2005,2020-05-14 09:32:54.400,2848.0000,15889,0,1101619680.000,0,-,-,-,-,2848.2000,2848.0000,2847.8000,2847.6000,2847.4000,2848.4000,2848.6000,2848.8000,2849.0000,2849.4000,4,5,2,1,3,6,1,3,1,1
SF,IH2005,2020-05-14 09:32:54.900,2848.2000,15888,-1,1105037520.000,4,1,3,多平,S,2848.0000,2847.8000,2847.6000,2847.4000,2847.0000,2848.4000,2848.6000,2848.8000,2849.0000,2849.4000,5,2,1,3,2,9,1,2,1,1
SF,IH2005,2020-05-14 09:32:55.400,2848.0000,15887,-1,1105891920.000,1,0,1,双平,S,2848.0000,2847.8000,2847.6000,2847.4000,2846.8000,2848.2000,2848.4000,2848.6000,2848.8000,2849.0000,4,4,1,3,2,1,10,1,2,1
SF,IH2005,2020-05-14 09:32:55.900,2847.8000,15881,-6,1111018200.000,6,0,6,双平,S,2847.8000,2847.6000,2847.4000,2846.8000,2846.6000,2848.2000,2848.4000,2848.6000,2848.8000,2849.0000,2,1,3,2,2,3,9,1,2,1
SF,IH2005,2020-05-14 09:32:56.400,2848.2000,15879,-2,1113581340.000,3,0,3,多平,S,2847.6000,2847.4000,2846.8000,2846.6000,2846.4000,2848.2000,2848.4000,2848.6000,2848.8000,2849.0000,1,3,2,2,1,3,9,1,2,1
SF,IH2005,2020-05-14 09:32:56.900,2848.2000,15879,0,1113581340.000,0,-,-,-,-,2847.6000,2847.4000,2846.8000,2846.6000,2846.2000,2848.0000,2848.2000,2848.4000,2848.6000,2848.8000,1,3,2,2,2,2,3,9,1,2
SF,IH2005,2020-05-14 09:32:57.400,2847.6000,15878,-1,1114435620.000,1,0,1,双平,S,2847.4000,2846.8000,2846.6000,2846.2000,2846.0000,2848.0000,2848.2000,2848.4000,2848.6000,2848.8000,3,2,2,2,2,3,2,9,1,2
SF,IH2005,2020-05-14 09:32:57.900,2847.8000,15874,-4,1117852980.000,4,0,4,双平,S,2847.4000,2846.8000,2846.6000,2846.2000,2846.0000,2847.8000,2848.0000,2848.2000,2848.4000,2848.6000,3,2,3,2,2,5,2,2,9,1
SF,IH2005,2020-05-14 09:32:58.400,2847.6000,15873,-1,1119561600.000,2,0,2,多平,S,2847.4000,2846.8000,2846.6000,2846.2000,2846.0000,2847.6000,2847.8000,2848.0000,2848.2000,2848.4000,4,2,3,2,2,1,5,1,2,9
SF,IH2005,2020-05-14 09:32:58.900,2847.8000,15870,-3,1122124560.000,3,0,3,双平,S,2847.6000,2847.4000,2847.0000,2846.8000,2846.6000,2847.8000,2848.0000,2848.2000,2848.4000,2848.6000,1,3,1,2,3,2,1,2,9,1
SF,IH2005,2020-05-14 09:32:59.400,2847.6000,15869,-1,1122978840.000,1,0,1,双平,S,2847.4000,2847.2000,2847.0000,2846.8000,2846.6000,2847.8000,2848.0000,2848.2000,2848.4000,2848.6000,4,1,1,2,3,3,1,2,10,1
SF,IH2005,2020-05-14 09:32:59.900,2847.6000,15869,0,1122978840.000,0,-,-,-,-,2847.4000,2847.2000,2847.0000,2846.8000,2846.6000,2847.8000,2848.0000,2848.2000,2848.4000,2848.6000,4,1,1,3,3,3,1,2,10,1
SF,IH2005,2020-05-14 09:33:00.400,2847.6000,15869,0,1122978840.000,0,-,-,-,-,2847.4000,2847.2000,2847.0000,2846.8000,2846.6000,2847.8000,2848.0000,2848.2000,2848.4000,2848.6000,5,1,1,3,3,3,1,2,10,1
SF,IH2005,2020-05-14 09:33:00.900,2847.6000,15869,0,1122978840.000,0,-,-,-,-,2847.4000,2847.2000,2847.0000,2846.8000,2846.6000,2847.6000,2847.8000,2848.0000,2848.2000,2848.4000,7,1,1,3,3,2,8,1,2,10
SF,IH2005,2020-05-14 09:33:01.400,2847.6000,15869,0,1122978840.000,0,-,-,-,-,2847.4000,2847.2000,2847.0000,2846.8000,2846.6000,2847.6000,2847.8000,2848.0000,2848.2000,2848.4000,7,1,1,3,3,4,8,2,2,8
SF,IH2005,2020-05-14 09:33:01.900,2847.6000,15869,0,1123833120.000,1,0,1,多换,S,2847.4000,2847.2000,2847.0000,2846.8000,2846.6000,2847.6000,2847.8000,2848.0000,2848.2000,2848.4000,6,1,1,3,3,6,8,2,2,8
SF,IH2005,2020-05-14 09:33:02.400,2847.6000,15868,-1,1125541680.000,2,0,2,多平,S,2847.4000,2847.2000,2847.0000,2846.8000,2846.6000,2847.6000,2847.8000,2848.0000,2848.2000,2848.4000,6,1,2,3,3,6,8,2,2,8
SF,IH2005,2020-05-14 09:33:02.900,2847.6000,15858,-10,1134084480.000,10,0,10,双平,S,2847.4000,2847.2000,2847.0000,2846.8000,2846.6000,2847.6000,2847.8000,2848.0000,2848.2000,2848.4000,6,1,2,3,3,1,8,2,2,8
SF,IH2005,2020-05-14 09:33:03.400,2847.4000,15856,-2,1135792980.000,2,0,2,双平,S,2847.4000,2847.2000,2847.0000,2846.8000,2846.6000,2847.6000,2847.8000,2848.0000,2848.2000,2848.4000,7,1,2,3,3,1,8,2,2,8
SF,IH2005,2020-05-14 09:33:03.900,2847.4000,15855,-1,1137501420.000,2,0,2,多平,S,2847.4000,2847.2000,2847.0000,2846.8000,2846.6000,2847.6000,2847.8000,2848.0000,2848.2000,2848.4000,5,1,2,3,3,1,8,2,2,8
SF,IH2005,2020-05-14 09:33:04.400,2847.4000,15854,-1,1138355640.000,1,0,1,双平,S,2847.4000,2847.2000,2847.0000,2846.8000,2846.6000,2847.6000,2847.8000,2848.0000,2848.2000,2848.4000,3,1,2,3,2,1,8,2,2,8
SF,IH2005,2020-05-14 09:33:04.900,2847.6000,15853,-1,1139209920.000,1,0,1,双平,S,2847.4000,2847.2000,2847.0000,2846.8000,2846.6000,2847.6000,2847.8000,2848.0000,2848.2000,2848.4000,3,1,2,3,2,1,8,2,2,8
SF,IH2005,2020-05-14 09:33:05.900,2847.4000,15852,-1,1140064140.000,1,0,1,双平,S,2847.4000,2847.2000,2847.0000,2846.8000,2846.6000,2847.6000,2847.8000,2848.0000,2848.2000,2848.4000,2,1,2,3,2,1,8,2,2,8
SF,IH2005,2020-05-14 09:33:06.400,2847.0000,15848,-4,1143480900.000,4,0,4,双平,S,2847.0000,2846.8000,2846.6000,2846.4000,2846.2000,2847.6000,2847.8000,2848.0000,2848.2000,2848.4000,1,3,2,1,3,2,8,2,2,8
SF,IH2005,2020-05-14 09:33:06.900,2847.0000,15848,0,1143480900.000,0,-,-,-,-,2847.2000,2847.0000,2846.8000,2846.6000,2846.4000,2847.6000,2847.8000,2848.0000,2848.2000,2848.4000,1,2,3,3,1,2,8,2,2,8
SF,IH2005,2020-05-14 09:33:07.400,2847.0000,15848,0,1143480900.000,0,-,-,-,-,2847.0000,2846.8000,2846.6000,2846.4000,2846.2000,2847.6000,2847.8000,2848.0000,2848.2000,2848.4000,2,3,3,1,3,3,8,2,2,8
SF,IH2005,2020-05-14 09:33:07.900,2847.6000,15846,-2,1145189460.000,2,0,2,双平,S,2847.0000,2846.8000,2846.6000,2846.4000,2846.2000,2847.8000,2848.0000,2848.2000,2848.4000,2848.6000,2,3,3,1,3,8,3,2,8,1
SF,IH2005,2020-05-14 09:33:08.400,2847.6000,15846,0,1145189460.000,0,-,-,-,-,2847.2000,2847.0000,2846.8000,2846.6000,2846.4000,2847.8000,2848.0000,2848.2000,2848.4000,2848.6000,1,1,3,3,1,7,3,2,8,1
SF,IH2005,2020-05-14 09:33:08.900,2847.6000,15846,0,1146897900.000,2,1,1,多换,S,2847.0000,2846.8000,2846.6000,2846.4000,2846.2000,2847.6000,2847.8000,2848.0000,2848.2000,2848.4000,1,3,3,1,1,4,7,3,2,8
SF,IH2005,2020-05-14 09:33:09.400,2847.6000,15846,0,1146897900.000,0,-,-,-,-,2847.0000,2846.8000,2846.6000,2846.4000,2846.2000,2847.4000,2847.6000,2847.8000,2848.0000,2848.2000,1,3,3,1,2,1,4,7,3,2
SF,IH2005,2020-05-14 09:33:09.900,2847.0000,15845,-1,1147752000.000,1,0,1,双平,S,2846.8000,2846.6000,2846.4000,2846.2000,2846.0000,2847.2000,2847.4000,2847.6000,2847.8000,2848.0000,6,3,1,2,3,1,1,4,6,3
SF,IH2005,2020-05-14 09:33:10.400,2847.0000,15844,-1,1148606100.000,1,0,1,双平,S,2847.0000,2846.8000,2846.6000,2846.4000,2846.2000,2847.2000,2847.4000,2847.6000,2847.8000,2848.0000,1,6,3,1,2,1,1,4,6,3
SF,IH2005,2020-05-14 09:33:10.900,2847.0000,15844,0,1148606100.000,0,-,-,-,-,2847.0000,2846.8000,2846.6000,2846.4000,2846.2000,2847.2000,2847.6000,2847.8000,2848.0000,2848.2000,3,6,3,1,2,2,4,6,3,2
SF,IH2005,2020-05-14 09:33:11.400,2847.0000,15844,0,1148606100.000,0,-,-,-,-,2847.0000,2846.8000,2846.6000,2846.4000,2846.2000,2847.2000,2847.6000,2847.8000,2848.0000,2848.2000,3,6,3,1,2,3,4,6,3,2
SF,IH2005,2020-05-14 09:33:11.900,2847.0000,15843,-1,1149460200.000,1,0,1,双平,S,2847.0000,2846.8000,2846.6000,2846.4000,2846.2000,2847.2000,2847.6000,2847.8000,2848.0000,2848.2000,2,6,3,1,2,3,4,6,3,2
SF,IH2005,2020-05-14 09:33:12.400,2847.0000,15842,-1,1150314300.000,1,0,1,双平,S,2847.0000,2846.8000,2846.6000,2846.4000,2846.2000,2847.2000,2847.6000,2847.8000,2848.0000,2848.2000,1,6,3,1,2,3,4,6,3,2
SF,IH2005,2020-05-14 09:33:12.900,2847.0000,15839,-3,1152876600.000,3,0,3,双平,S,2846.8000,2846.6000,2846.4000,2846.2000,2846.0000,2847.0000,2847.2000,2847.6000,2847.8000,2848.0000,6,3,1,2,3,5,4,4,6,3
SF,IH2005,2020-05-14 09:33:13.400,2847.0000,15839,0,1152876600.000,0,-,-,-,-,2846.8000,2846.6000,2846.4000,2846.2000,2846.0000,2847.0000,2847.2000,2847.8000,2848.0000,2848.2000,7,7,1,2,3,4,3,6,3,2
SF,IH2005,2020-05-14 09:33:13.900,2847.0000,15839,0,1152876600.000,0,-,-,-,-,2846.8000,2846.6000,2846.4000,2846.2000,2846.0000,2847.0000,2847.2000,2847.8000,2848.0000,2848.2000,7,7,1,3,3,10,3,6,3,2
SF,IH2005,2020-05-14 09:33:14.400,2847.0000,15837,-2,1154584800.000,2,0,2,双平,S,2846.8000,2846.6000,2846.4000,2846.2000,2846.0000,2847.0000,2847.2000,2847.8000,2848.0000,2848.2000,7,7,1,3,3,8,3,6,3,2
SF,IH2005,2020-05-14 09:33:14.900,2847.0000,15836,-1,1155438900.000,1,0,1,双平,S,2846.8000,2846.6000,2846.4000,2846.2000,2846.0000,2847.0000,2847.2000,2847.8000,2848.0000,2848.2000,7,7,1,3,3,8,4,6,3,2
SF,IH2005,2020-05-14 09:33:15.400,2847.0000,15831,-5,1160563440.000,6,0,6,多平,S,2846.8000,2846.6000,2846.4000,2846.2000,2846.0000,2847.0000,2847.2000,2847.8000,2848.0000,2848.2000,6,7,1,3,3,3,4,6,3,2
SF,IH2005,2020-05-14 09:33:15.900,2847.0000,15829,-2,1163125740.000,3,0,3,多平,S,2846.8000,2846.6000,2846.4000,2846.2000,2846.0000,2847.0000,2847.2000,2847.8000,2848.0000,2848.2000,6,7,1,2,3,7,3,6,3,2
SF,IH2005,2020-05-14 09:33:16.900,2847.0000,15828,-1,1163979840.000,1,0,1,双平,S,2846.8000,2846.6000,2846.4000,2846.2000,2846.0000,2847.0000,2847.2000,2847.8000,2848.0000,2848.2000,6,7,1,2,3,6,3,6,3,2
SF,IH2005,2020-05-14 09:33:17.400,2847.0000,15827,-1,1164833940.000,1,0,1,双平,S,2846.8000,2846.6000,2846.4000,2846.2000,2846.0000,2847.0000,2847.2000,2847.8000,2848.0000,2848.2000,6,7,1,2,3,7,3,6,3,2
SF,IH2005,2020-05-14 09:33:17.900,2847.0000,15826,-1,1165688040.000,1,0,1,双平,S,2846.8000,2846.6000,2846.4000,2846.2000,2846.0000,2847.0000,2847.2000,2847.8000,2848.0000,2848.2000,6,7,1,2,3,7,3,6,3,2
SF,IH2005,2020-05-14 09:33:18.400,2846.8000,15824,-2,1167396120.000,2,0,2,双平,S,2846.8000,2846.6000,2846.4000,2846.2000,2846.0000,2847.0000,2847.2000,2847.8000,2848.0000,2848.2000,4,7,1,2,3,7,3,6,3,2
SF,IH2005,2020-05-14 09:33:18.900,2847.0000,15821,-3,1169958300.000,3,0,3,双平,S,2846.8000,2846.6000,2846.4000,2846.2000,2846.0000,2847.0000,2847.2000,2847.8000,2848.0000,2848.2000,2,7,1,2,3,8,3,6,3,2
SF,IH2005,2020-05-14 09:33:19.400,2846.8000,15819,-2,1172520480.000,3,0,3,多平,S,2846.6000,2846.4000,2846.2000,2846.0000,2845.8000,2846.8000,2847.0000,2847.2000,2847.8000,2848.0000,7,1,2,3,1,1,9,3,5,3
SF,IH2005,2020-05-14 09:33:19.900,2847.0000,15815,-4,1176790920.000,5,0,5,多平,S,2846.8000,2846.6000,2846.4000,2846.2000,2846.0000,2847.0000,2847.2000,2847.8000,2848.0000,2848.2000,2,9,1,2,3,4,3,5,3,1
SF,IH2005,2020-05-14 09:33:20.400,2847.0000,15815,0,1176790920.000,0,-,-,-,-,2846.8000,2846.6000,2846.4000,2846.2000,2846.0000,2847.0000,2847.2000,2847.8000,2848.0000,2848.2000,2,9,1,2,3,6,3,5,3,1
SF,IH2005,2020-05-14 09:33:20.900,2846.8000,15814,-1,1178499000.000,2,0,2,多平,S,2846.6000,2846.4000,2846.2000,2846.0000,2845.8000,2847.0000,2847.2000,2847.8000,2848.0000,2848.2000,9,1,2,3,1,6,3,5,3,1
SF,IH2005,2020-05-14 09:33:21.400,2846.8000,15813,-1,1179353040.000,1,0,1,双平,S,2846.6000,2846.4000,2846.2000,2846.0000,2845.8000,2846.8000,2847.0000,2847.2000,2847.8000,2848.0000,9,1,2,3,1,1,6,3,5,3
SF,IH2005,2020-05-14 09:33:21.900,2847.0000,15806,-7,1186185000.000,8,0,8,多平,S,2846.6000,2846.4000,2846.2000,2846.0000,2845.8000,2847.0000,2847.2000,2847.8000,2848.0000,2848.2000,1,1,2,3,1,5,3,5,3,1
SF,IH2005,2020-05-14 09:33:22.400,2846.4000,15804,-2,1187892900.000,2,0,2,双平,S,2846.2000,2846.0000,2845.8000,2845.6000,2845.4000,2846.6000,2846.8000,2847.0000,2847.2000,2847.8000,2,3,1,1,2,1,1,7,3,5
SF,IH2005,2020-05-14 09:33:22.900,2846.6000,15804,0,1188746880.000,1,0,1,多换,S,2846.4000,2846.2000,2846.0000,2845.8000,2845.6000,2846.6000,2846.8000,2847.0000,2847.2000,2847.8000,2,5,3,1,1,1,1,6,2,5
SF,IH2005,2020-05-14 09:33:23.400,2846.6000,15804,0,1188746880.000,0,-,-,-,-,2846.4000,2846.2000,2846.0000,2845.8000,2845.6000,2846.6000,2846.8000,2847.0000,2847.2000,2847.8000,4,5,3,1,1,1,1,6,2,5
SF,IH2005,2020-05-14 09:33:23.900,2846.6000,15804,0,1188746880.000,0,-,-,-,-,2846.4000,2846.2000,2846.0000,2845.8000,2845.6000,2846.6000,2846.8000,2847.0000,2847.2000,2848.0000,4,5,3,1,1,1,1,6,2,3
SF,IH2005,2020-05-14 09:33:24.400,2846.4000,15801,-3,1191308700.000,3,0,3,双平,S,2846.4000,2846.2000,2846.0000,2845.8000,2845.6000,2846.8000,2847.0000,2847.2000,2848.0000,2848.4000,2,5,3,1,1,1,6,2,3,5
SF,IH2005,2020-05-14 09:33:24.900,2846.4000,15801,0,1191308700.000,0,-,-,-,-,2846.4000,2846.2000,2846.0000,2845.8000,2845.6000,2846.8000,2847.0000,2847.2000,2848.0000,2848.4000,4,5,3,1,1,1,6,2,3,5
SF,IH2005,2020-05-14 09:33:25.400,2847.0000,15799,-2,1193870820.000,3,0,3,多平,S,2846.4000,2846.2000,2846.0000,2845.8000,2845.6000,2847.0000,2847.2000,2848.0000,2848.4000,2848.6000,4,5,3,1,1,5,2,3,5,1
SF,IH2005,2020-05-14 09:33:25.900,2847.0000,15799,0,1193870820.000,0,-,-,-,-,2846.6000,2846.4000,2846.2000,2846.0000,2845.8000,2847.0000,2847.2000,2848.0000,2848.4000,2848.6000,1,5,5,3,1,6,2,3,5,1
SF,IH2005,2020-05-14 09:33:26.400,2847.0000,15799,0,1195579020.000,2,1,1,多换,S,2846.6000,2846.4000,2846.2000,2846.0000,2845.8000,2847.0000,2847.2000,2848.0000,2848.4000,2848.6000,2,5,5,3,1,4,2,3,5,1
SF,IH2005,2020-05-14 09:33:26.900,2847.0000,15799,0,1195579020.000,0,-,-,-,-,2846.6000,2846.4000,2846.2000,2846.0000,2845.8000,2846.8000,2847.0000,2847.2000,2848.0000,2848.4000,2,5,5,3,1,2,3,2,3,5
SF,IH2005,2020-05-14 09:33:27.400,2847.0000,15799,0,1195579020.000,0,-,-,-,-,2846.6000,2846.4000,2846.2000,2846.0000,2845.8000,2846.8000,2847.0000,2847.2000,2848.0000,2848.4000,1,5,5,3,1,2,2,2,3,5
SF,IH2005,2020-05-14 09:33:27.900,2846.8000,15797,-2,1197287100.000,2,0,2,双平,S,2846.6000,2846.4000,2846.2000,2846.0000,2845.8000,2847.0000,2847.2000,2848.0000,2848.4000,2848.6000,2,5,5,3,1,2,2,3,5,1
SF,IH2005,2020-05-14 09:33:28.400,2847.0000,15794,-3,1200703320.000,4,0,4,多平,S,2846.8000,2846.6000,2846.4000,2846.2000,2846.0000,2847.2000,2848.0000,2848.4000,2848.6000,2848.8000,2,3,5,5,3,2,3,5,1,2
SF,IH2005,2020-05-14 09:33:28.900,2847.6000,15792,-2,1204119840.000,4,1,3,多平,S,2846.8000,2846.6000,2846.4000,2846.2000,2846.0000,2848.0000,2848.4000,2848.6000,2848.8000,2849.2000,1,3,5,5,3,3,5,1,2,2
SF,IH2005,2020-05-14 09:33:29.400,2847.6000,15792,0,1204119840.000,0,-,-,-,-,2846.8000,2846.6000,2846.4000,2846.2000,2846.0000,2847.8000,2848.0000,2848.4000,2848.6000,2848.8000,5,3,5,5,3,16,3,5,1,2
SF,IH2005,2020-05-14 09:33:29.900,2847.6000,15792,0,1204119840.000,0,-,-,-,-,2846.8000,2846.6000,2846.4000,2846.2000,2846.0000,2847.6000,2847.8000,2848.0000,2848.4000,2848.6000,5,3,5,5,3,2,14,3,5,1
SF,IH2005,2020-05-14 09:33:30.400,2847.6000,15792,0,1204119840.000,0,-,-,-,-,2846.8000,2846.6000,2846.4000,2846.2000,2846.0000,2847.4000,2847.6000,2847.8000,2848.0000,2848.4000,5,3,5,5,3,3,2,11,3,5
SF,IH2005,2020-05-14 09:33:30.900,2847.4000,15787,-5,1208390880.000,5,0,5,双平,S,2846.8000,2846.6000,2846.4000,2846.2000,2846.0000,2847.4000,2847.6000,2847.8000,2848.0000,2848.4000,4,3,4,5,3,1,2,11,3,5
SF,IH2005,2020-05-14 09:33:31.400,2847.4000,15787,0,1208390880.000,0,-,-,-,-,2846.8000,2846.6000,2846.4000,2846.2000,2846.0000,2847.4000,2847.6000,2847.8000,2848.0000,2848.4000,4,5,4,5,3,2,1,11,3,5
SF,IH2005,2020-05-14 09:33:32.900,2847.4000,15785,-2,1210099140.000,2,0,2,双平,S,2846.8000,2846.6000,2846.4000,2846.2000,2846.0000,2847.4000,2847.6000,2847.8000,2848.0000,2848.4000,3,5,4,5,3,2,1,11,3,5
SF,IH2005,2020-05-14 09:33:33.400,2846.8000,15782,-3,1212661260.000,3,0,3,双平,S,2846.6000,2846.4000,2846.2000,2846.0000,2845.8000,2846.8000,2847.0000,2847.2000,2847.4000,2847.6000,5,4,5,3,1,5,3,5,2,1
SF,IH2005,2020-05-14 09:33:33.900,2846.6000,15778,-4,1216077180.000,4,0,4,双平,S,2846.4000,2846.2000,2846.0000,2845.8000,2845.6000,2846.6000,2846.8000,2847.0000,2847.2000,2847.4000,4,5,3,1,1,1,1,3,5,1
SF,IH2005,2020-05-14 09:33:34.400,2846.6000,15774,-4,1219492980.000,4,0,4,双平,S,2846.2000,2846.0000,2845.8000,2845.6000,2845.4000,2846.6000,2846.8000,2847.2000,2847.4000,2847.6000,5,3,1,1,2,1,1,5,1,1
SF,IH2005,2020-05-14 09:33:35.400,2846.6000,15773,-1,1222908780.000,4,1,3,多平,S,2846.2000,2846.0000,2845.8000,2845.6000,2845.4000,2846.6000,2846.8000,2847.2000,2847.4000,2847.6000,4,3,1,1,2,1,1,5,1,1
SF,IH2005,2020-05-14 09:33:35.900,2846.4000,15772,-1,1223762700.000,1,0,1,双平,S,2846.4000,2846.2000,2846.0000,2845.8000,2845.6000,2846.6000,2846.8000,2847.2000,2847.4000,2847.6000,1,4,3,1,1,5,1,5,1,1
SF,IH2005,2020-05-14 09:33:36.400,2846.2000,15770,-2,1225470480.000,2,0,2,双平,S,2846.2000,2846.0000,2845.8000,2845.6000,2845.4000,2846.4000,2846.6000,2846.8000,2847.2000,2847.4000,2,3,1,1,2,1,5,1,5,1
SF,IH2005,2020-05-14 09:33:36.900,2846.6000,15765,-5,1229739900.000,5,0,5,双平,S,2846.0000,2845.8000,2845.6000,2845.4000,2845.2000,2846.2000,2846.6000,2846.8000,2847.2000,2847.4000,3,1,1,2,3,1,3,1,5,1
SF,IH2005,2020-05-14 09:33:37.400,2846.2000,15761,-4,1234009200.000,5,0,5,多平,S,2846.4000,2846.0000,2845.8000,2845.6000,2845.4000,2846.8000,2847.2000,2847.6000,2848.0000,2848.4000,2,3,1,1,2,1,5,1,3,3
SF,IH2005,2020-05-14 09:33:37.900,2846.2000,15760,-1,1234863060.000,1,0,1,双平,S,2846.4000,2846.0000,2845.8000,2845.6000,2845.4000,2846.8000,2847.2000,2847.6000,2848.0000,2848.4000,1,3,1,1,2,1,5,1,3,3
SF,IH2005,2020-05-14 09:33:38.900,2846.2000,15759,-1,1235716920.000,1,0,1,双平,S,2846.2000,2846.0000,2845.8000,2845.6000,2845.4000,2846.8000,2847.2000,2847.6000,2848.0000,2848.4000,1,3,1,1,2,6,5,1,3,3
SF,IH2005,2020-05-14 09:33:39.400,2846.2000,15758,-1,1236570780.000,1,0,1,双平,S,2846.0000,2845.8000,2845.6000,2845.4000,2845.2000,2846.4000,2846.8000,2847.2000,2847.6000,2848.0000,3,1,1,2,3,2,6,5,1,3
SF,IH2005,2020-05-14 09:33:39.900,2846.2000,15758,0,1236570780.000,0,-,-,-,-,2846.2000,2846.0000,2845.8000,2845.6000,2845.4000,2846.4000,2846.8000,2847.2000,2847.6000,2848.0000,1,5,1,1,2,2,5,5,1,3
SF,IH2005,2020-05-14 09:33:40.400,2846.2000,15755,-3,1239986220.000,4,0,4,多平,S,2846.2000,2846.0000,2845.8000,2845.6000,2845.4000,2846.4000,2846.8000,2847.2000,2847.6000,2848.0000,1,4,1,1,2,2,5,5,1,3
SF,IH2005,2020-05-14 09:33:40.900,2846.2000,15755,0,1239986220.000,0,-,-,-,-,2846.2000,2846.0000,2845.8000,2845.6000,2845.4000,2846.4000,2846.8000,2847.2000,2847.6000,2848.0000,2,4,1,2,2,2,5,5,1,3
SF,IH2005,2020-05-14 09:33:41.400,2846.4000,15755,0,1240840140.000,1,0,1,多换,S,2846.2000,2846.0000,2845.8000,2845.6000,2845.4000,2846.4000,2846.8000,2847.6000,2848.0000,2848.4000,2,4,1,2,2,1,5,1,3,3
SF,IH2005,2020-05-14 09:33:41.900,2846.8000,15752,-3,1243402140.000,3,0,3,双平,S,2846.4000,2846.2000,2846.0000,2845.8000,2845.6000,2846.8000,2847.6000,2848.0000,2848.4000,2848.6000,3,2,5,1,2,3,1,3,3,4
SF,IH2005,2020-05-14 09:33:42.400,2846.8000,15752,0,1243402140.000,0,-,-,-,-,2846.4000,2846.2000,2846.0000,2845.8000,2845.6000,2846.8000,2847.6000,2848.0000,2848.4000,2848.6000,4,2,5,1,2,3,1,3,3,4
SF,IH2005,2020-05-14 09:33:42.900,2846.8000,15752,0,1243402140.000,0,-,-,-,-,2846.6000,2846.4000,2846.2000,2846.0000,2845.8000,2846.8000,2847.6000,2848.0000,2848.4000,2848.6000,1,4,2,5,1,3,1,3,3,4
SF,IH2005,2020-05-14 09:33:43.400,2846.6000,15751,-1,1244256120.000,1,0,1,双平,S,2846.4000,2846.2000,2846.0000,2845.8000,2845.6000,2846.6000,2846.8000,2847.6000,2848.0000,2848.4000,4,2,5,1,2,3,3,1,3,3
SF,IH2005,2020-05-14 09:33:43.900,2846.6000,15750,-1,1245110100.000,1,0,1,双平,S,2846.4000,2846.2000,2846.0000,2845.8000,2845.6000,2846.8000,2847.6000,2848.0000,2848.4000,2848.6000,4,2,5,1,2,3,1,3,3,4
SF,IH2005,2020-05-14 09:33:44.400,2846.6000,15750,0,1245110100.000,0,-,-,-,-,2846.4000,2846.2000,2846.0000,2845.8000,2845.6000,2846.8000,2847.6000,2848.0000,2848.4000,2848.6000,5,2,5,1,2,3,1,3,3,4
SF,IH2005,2020-05-14 09:33:44.900,2846.6000,15751,1,1245964080.000,1,1,0,双开,S,2846.4000,2846.2000,2846.0000,2845.8000,2845.6000,2846.8000,2847.6000,2848.0000,2848.4000,2848.6000,5,2,5,1,2,3,1,3,3,4
SF,IH2005,2020-05-14 09:33:45.400,2846.8000,15750,-1,1246818120.000,1,0,1,双平,S,2846.4000,2846.2000,2846.0000,2845.8000,2845.6000,2846.8000,2847.6000,2847.8000,2848.0000,2848.4000,5,2,5,1,2,3,1,1,3,3
SF,IH2005,2020-05-14 09:33:45.900,2846.4000,15747,-3,1249379880.000,3,0,3,双平,S,2846.4000,2846.2000,2846.0000,2845.8000,2845.6000,2846.8000,2847.6000,2847.8000,2848.0000,2848.4000,2,2,5,1,2,3,1,1,3,3
SF,IH2005,2020-05-14 09:33:46.900,2846.8000,15747,0,1250233920.000,1,0,1,多换,S,2846.4000,2846.2000,2846.0000,2845.8000,2845.6000,2846.8000,2847.6000,2847.8000,2848.0000,2848.4000,2,2,5,1,2,2,1,1,3,3
SF,IH2005,2020-05-14 09:33:47.400,2846.8000,15746,-1,1251087960.000,1,0,1,双平,S,2846.4000,2846.2000,2846.0000,2845.8000,2845.6000,2846.6000,2846.8000,2847.6000,2847.8000,2848.0000,3,2,5,1,2,1,1,1,1,3
SF,IH2005,2020-05-14 09:33:47.900,2846.6000,15747,1,1251941940.000,1,1,0,双开,S,2846.4000,2846.2000,2846.0000,2845.8000,2845.6000,2846.6000,2847.6000,2847.8000,2848.0000,2848.4000,3,2,5,1,2,1,1,1,3,3
SF,IH2005,2020-05-14 09:33:48.400,2846.6000,15745,-2,1253649900.000,2,0,2,双平,S,2846.4000,2846.2000,2846.0000,2845.8000,2845.6000,2847.6000,2847.8000,2848.0000,2848.4000,2848.6000,3,2,5,1,2,1,1,3,3,4
SF,IH2005,2020-05-14 09:33:48.900,2846.6000,15745,0,1253649900.000,0,-,-,-,-,2846.6000,2846.4000,2846.2000,2846.0000,2845.8000,2847.4000,2847.6000,2847.8000,2848.0000,2848.4000,2,5,2,5,1,4,1,1,3,4
SF,IH2005,2020-05-14 09:33:49.400,2847.2000,15745,0,1254504060.000,1,0,1,多换,S,2846.6000,2846.4000,2846.2000,2846.0000,2845.8000,2847.2000,2847.4000,2847.6000,2847.8000,2848.0000,1,5,2,5,1,4,2,1,1,3
SF,IH2005,2020-05-14 09:33:49.900,2847.2000,15745,0,1255358220.000,1,0,1,多换,S,2846.6000,2846.4000,2846.2000,2846.0000,2845.8000,2847.2000,2847.4000,2847.6000,2847.8000,2848.0000,1,8,2,5,1,3,5,1,1,3
SF,IH2005,2020-05-14 09:33:50.400,2847.2000,15745,0,1255358220.000,0,-,-,-,-,2846.6000,2846.4000,2846.2000,2846.0000,2845.8000,2847.0000,2847.2000,2847.4000,2847.6000,2847.8000,2,8,2,5,1,4,3,5,1,1
SF,IH2005,2020-05-14 09:33:50.900,2847.2000,15745,0,1255358220.000,0,-,-,-,-,2846.6000,2846.4000,2846.2000,2846.0000,2845.8000,2847.0000,2847.4000,2847.6000,2847.8000,2848.0000,2,8,1,5,1,5,5,1,1,3
SF,IH2005,2020-05-14 09:33:51.400,2847.2000,15745,0,1255358220.000,0,-,-,-,-,2846.6000,2846.4000,2846.2000,2846.0000,2845.8000,2846.8000,2847.0000,2847.4000,2847.6000,2847.8000,3,8,1,5,1,2,5,2,1,1
SF,IH2005,2020-05-14 09:33:51.900,2847.2000,15745,0,1255358220.000,0,-,-,-,-,2846.6000,2846.4000,2846.2000,2846.0000,2845.8000,2846.8000,2847.0000,2847.4000,2847.6000,2847.8000,3,8,1,5,1,2,4,2,1,1
SF,IH2005,2020-05-14 09:33:52.400,2847.2000,15745,0,1255358220.000,0,-,-,-,-,2846.6000,2846.4000,2846.2000,2846.0000,2845.8000,2846.8000,2847.0000,2847.4000,2847.6000,2847.8000,3,8,1,5,1,2,4,1,1,1
SF,IH2005,2020-05-14 09:33:52.900,2847.0000,15740,-5,1259628540.000,5,0,5,双平,S,2846.6000,2846.4000,2846.2000,2846.0000,2845.8000,2847.0000,2847.4000,2847.6000,2847.8000,2848.0000,2,8,1,5,1,2,1,1,1,3
SF,IH2005,2020-05-14 09:33:53.400,2846.8000,15737,-3,1262190660.000,3,0,3,双平,S,2846.6000,2846.4000,2846.2000,2846.0000,2845.8000,2847.0000,2847.4000,2847.6000,2847.8000,2848.0000,2,8,1,5,1,2,1,1,1,3
SF,IH2005,2020-05-14 09:33:53.900,2846.8000,15737,0,1262190660.000,0,-,-,-,-,2846.8000,2846.6000,2846.4000,2846.2000,2846.0000,2847.0000,2847.4000,2847.6000,2847.8000,2848.0000,1,3,8,1,5,2,1,1,1,3
SF,IH2005,2020-05-14 09:33:54.400,2846.8000,15736,-1,1263044700.000,1,0,1,双平,S,2846.6000,2846.4000,2846.2000,2846.0000,2845.8000,2847.0000,2847.4000,2847.6000,2847.8000,2848.0000,2,7,1,5,1,2,1,1,1,3
SF,IH2005,2020-05-14 09:33:54.900,2846.8000,15735,-1,1263898740.000,1,0,1,双平,S,2846.6000,2846.4000,2846.2000,2846.0000,2845.8000,2847.0000,2847.4000,2847.6000,2847.8000,2848.0000,2,7,1,5,1,10,1,1,1,3
SF,IH2005,2020-05-14 09:33:55.400,2846.8000,15735,0,1263898740.000,0,-,-,-,-,2846.8000,2846.6000,2846.4000,2846.2000,2846.0000,2847.0000,2847.4000,2847.6000,2847.8000,2848.0000,1,2,7,1,5,6,1,1,1,3
SF,IH2005,2020-05-14 09:33:55.900,2846.8000,15733,-2,1265606820.000,2,0,2,双平,S,2846.6000,2846.4000,2846.2000,2846.0000,2845.8000,2847.0000,2847.4000,2847.6000,2847.8000,2848.0000,2,7,1,5,1,6,1,1,1,3
SF,IH2005,2020-05-14 09:33:56.400,2846.8000,15733,0,1265606820.000,0,-,-,-,-,2846.6000,2846.4000,2846.2000,2846.0000,2845.8000,2847.0000,2847.4000,2847.6000,2847.8000,2848.0000,2,7,1,5,1,3,1,1,1,3
SF,IH2005,2020-05-14 09:33:56.900,2847.0000,15732,-1,1266460920.000,1,0,1,双平,S,2846.6000,2846.4000,2846.2000,2846.0000,2845.8000,2847.0000,2847.4000,2847.6000,2847.8000,2848.0000,2,7,1,5,1,2,1,1,1,3
SF,IH2005,2020-05-14 09:33:57.400,2847.0000,15731,-1,1267315020.000,1,0,1,双平,S,2846.6000,2846.4000,2846.2000,2846.0000,2845.8000,2847.0000,2847.4000,2847.6000,2847.8000,2848.0000,2,7,1,5,1,3,1,1,1,3
SF,IH2005,2020-05-14 09:33:57.900,2846.8000,15730,-1,1268169060.000,1,0,1,双平,S,2846.6000,2846.4000,2846.2000,2846.0000,2845.8000,2846.8000,2847.0000,2847.4000,2847.6000,2847.8000,2,7,1,5,1,6,3,1,2,1
SF,IH2005,2020-05-14 09:33:58.400,2846.8000,15730,0,1270731180.000,3,1,2,多换,S,2846.6000,2846.4000,2846.2000,2846.0000,2845.8000,2846.8000,2847.0000,2847.4000,2847.6000,2847.8000,1,7,1,5,1,4,1,1,2,1
SF,IH2005,2020-05-14 09:33:59.400,2846.6000,15728,-2,1272439200.000,2,0,2,双平,S,2846.6000,2846.4000,2846.2000,2846.0000,2845.8000,2846.8000,2847.0000,2847.4000,2847.6000,2847.8000,1,7,1,5,1,3,1,1,2,1
SF,IH2005,2020-05-14 09:33:59.900,2846.8000,15727,-1,1274147220.000,2,0,2,多平,S,2846.4000,2846.2000,2846.0000,2845.8000,2845.6000,2846.6000,2846.8000,2847.0000,2847.4000,2847.6000,7,1,5,1,2,1,2,1,1,2
SF,IH2005,2020-05-14 09:34:00.400,2846.6000,15724,-3,1277563020.000,4,0,4,多平,S,2846.4000,2846.2000,2846.0000,2845.8000,2845.6000,2846.6000,2846.8000,2847.0000,2847.4000,2847.6000,6,1,5,1,2,2,1,1,1,2
SF,IH2005,2020-05-14 09:34:00.900,2846.6000,15721,-3,1280978880.000,4,0,4,多平,S,2846.4000,2846.2000,2846.0000,2845.8000,2845.6000,2846.6000,2846.8000,2847.0000,2847.4000,2847.6000,5,1,5,1,2,1,1,1,1,2
SF,IH2005,2020-05-14 09:34:01.400,2846.6000,15718,-3,1283540820.000,3,0,3,双平,S,2846.4000,2846.2000,2846.0000,2845.8000,2845.6000,2846.8000,2847.0000,2847.4000,2847.6000,2847.8000,5,1,5,1,2,1,1,1,2,1
SF,IH2005,2020-05-14 09:34:01.900,2846.6000,15718,0,1283540820.000,0,-,-,-,-,2846.6000,2846.4000,2846.2000,2846.0000,2845.8000,2846.8000,2847.0000,2847.4000,2847.6000,2847.8000,1,6,1,5,1,1,1,1,2,1
SF,IH2005,2020-05-14 09:34:02.400,2846.6000,15717,-1,1284394800.000,1,0,1,双平,S,2846.4000,2846.2000,2846.0000,2845.8000,2845.6000,2846.6000,2846.8000,2847.0000,2847.4000,2847.6000,6,1,5,1,2,1,2,1,1,2
SF,IH2005,2020-05-14 09:34:02.900,2846.4000,15715,-2,1286102640.000,2,0,2,双平,S,2846.4000,2846.2000,2846.0000,2845.8000,2845.6000,2846.8000,2847.0000,2847.4000,2847.6000,2847.8000,4,1,5,1,2,2,1,1,2,1
SF,IH2005,2020-05-14 09:34:03.400,2846.4000,15715,0,1286102640.000,0,-,-,-,-,2846.4000,2846.2000,2846.0000,2845.8000,2845.6000,2846.8000,2847.0000,2847.4000,2847.6000,2847.8000,3,1,5,1,2,2,1,1,2,1
SF,IH2005,2020-05-14 09:34:03.900,2846.4000,15715,0,1286102640.000,0,-,-,-,-,2846.4000,2846.2000,2846.0000,2845.8000,2845.6000,2846.8000,2847.0000,2847.4000,2847.6000,2847.8000,3,1,5,1,2,2,2,1,2,1
SF,IH2005,2020-05-14 09:34:04.900,2846.4000,15714,-1,1286956560.000,1,0,1,双平,S,2846.4000,2846.2000,2846.0000,2845.8000,2845.6000,2846.8000,2847.0000,2847.4000,2847.6000,2847.8000,2,1,5,1,2,3,2,1,2,1
SF,IH2005,2020-05-14 09:34:05.400,2846.4000,15714,0,1286956560.000,0,-,-,-,-,2846.4000,2846.2000,2846.0000,2845.8000,2845.6000,2846.8000,2847.0000,2847.4000,2847.6000,2847.8000,2,1,5,1,2,3,2,1,3,1
SF,IH2005,2020-05-14 09:34:06.400,2846.4000,15712,-2,1288664400.000,2,0,2,双平,S,2846.0000,2845.8000,2845.6000,2845.4000,2845.2000,2846.8000,2847.0000,2847.4000,2847.6000,2847.8000,5,1,2,2,1,3,2,1,3,1
SF,IH2005,2020-05-14 09:34:06.900,2846.4000,15712,0,1288664400.000,0,-,-,-,-,2846.2000,2846.0000,2845.8000,2845.6000,2845.4000,2846.8000,2847.0000,2847.4000,2847.6000,2847.8000,3,7,1,2,2,3,2,1,3,1
SF,IH2005,2020-05-14 09:34:07.400,2846.4000,15712,0,1288664400.000,0,-,-,-,-,2846.4000,2846.2000,2846.0000,2845.8000,2845.6000,2846.8000,2847.0000,2847.4000,2847.6000,2847.8000,1,3,7,1,2,3,2,1,3,1
SF,IH2005,2020-05-14 09:34:07.900,2846.4000,15712,0,1288664400.000,0,-,-,-,-,2846.2000,2846.0000,2845.8000,2845.6000,2845.4000,2846.8000,2847.0000,2847.4000,2847.6000,2847.8000,3,6,1,2,2,3,2,1,3,1
SF,IH2005,2020-05-14 09:34:08.400,2846.4000,15712,0,1288664400.000,0,-,-,-,-,2846.4000,2846.2000,2846.0000,2845.8000,2845.6000,2846.8000,2847.0000,2847.4000,2847.6000,2847.8000,1,3,6,1,1,3,2,1,3,1
SF,IH2005,2020-05-14 09:34:08.900,2846.8000,15709,-3,1291226520.000,3,0,3,双平,S,2846.8000,2846.4000,2846.2000,2846.0000,2845.8000,2847.0000,2847.4000,2847.6000,2847.8000,2848.0000,1,1,3,6,1,2,1,3,1,3
SF,IH2005,2020-05-14 09:34:09.400,2847.0000,15707,-2,1293788760.000,3,0,3,多平,S,2846.4000,2846.2000,2846.0000,2845.8000,2845.6000,2847.4000,2847.6000,2847.8000,2848.0000,2848.4000,2,3,6,1,1,1,3,1,3,4
SF,IH2005,2020-05-14 09:34:09.900,2847.0000,15707,0,1293788760.000,0,-,-,-,-,2846.6000,2846.4000,2846.2000,2846.0000,2845.8000,2847.4000,2847.6000,2847.8000,2848.0000,2848.4000,7,2,3,6,1,1,3,1,3,4
SF,IH2005,2020-05-14 09:34:10.400,2847.0000,15707,0,1293788760.000,0,-,-,-,-,2847.4000,2847.2000,2846.8000,2846.6000,2846.4000,2847.6000,2847.8000,2848.0000,2848.4000,2848.6000,3,7,2,6,2,3,1,3,4,4
SF,IH2005,2020-05-14 09:34:10.900,2847.6000,15705,-2,1295497320.000,2,0,2,双平,S,2846.8000,2846.6000,2846.4000,2846.2000,2846.0000,2847.6000,2847.8000,2848.0000,2848.4000,2848.6000,1,5,2,2,6,1,1,3,4,4
SF,IH2005,2020-05-14 09:34:11.400,2846.8000,15704,-1,1296351360.000,1,0,1,双平,S,2847.0000,2846.8000,2846.6000,2846.4000,2846.2000,2847.4000,2847.6000,2847.8000,2848.0000,2848.4000,3,1,5,1,2,1,1,1,3,4
SF,IH2005,2020-05-14 09:34:11.900,2846.8000,15704,0,1296351360.000,0,-,-,-,-,2847.0000,2846.8000,2846.6000,2846.4000,2846.2000,2847.4000,2847.6000,2847.8000,2848.0000,2848.4000,4,1,4,1,2,1,1,1,3,4
SF,IH2005,2020-05-14 09:34:12.400,2847.0000,15705,1,1298059560.000,2,1,1,空开,S,2847.0000,2846.8000,2846.6000,2846.4000,2846.2000,2847.4000,2847.6000,2847.8000,2848.0000,2848.4000,2,1,4,1,2,1,1,1,3,4
SF,IH2005,2020-05-14 09:34:12.900,2847.0000,15705,0,1298059560.000,0,-,-,-,-,2846.8000,2846.6000,2846.4000,2846.2000,2846.0000,2847.4000,2847.6000,2847.8000,2848.0000,2848.4000,1,4,1,2,6,2,1,1,3,4
SF,IH2005,2020-05-14 09:34:13.400,2846.8000,15704,-1,1298913600.000,1,0,1,双平,S,2846.8000,2846.6000,2846.4000,2846.2000,2846.0000,2847.4000,2847.6000,2847.8000,2848.0000,2848.4000,1,4,1,2,6,2,2,1,3,4
SF,IH2005,2020-05-14 09:34:14.400,2846.8000,15704,0,1298913600.000,0,-,-,-,-,2847.0000,2846.8000,2846.6000,2846.4000,2846.2000,2847.4000,2847.6000,2847.8000,2848.0000,2848.4000,1,1,4,1,2,2,2,1,3,4
SF,IH2005,2020-05-14 09:34:14.900,2846.8000,15704,0,1298913600.000,0,-,-,-,-,2847.0000,2846.8000,2846.6000,2846.4000,2846.2000,2847.4000,2847.6000,2847.8000,2848.0000,2848.4000,1,1,4,1,2,4,2,1,3,4
SF,IH2005,2020-05-14 09:34:15.400,2846.8000,15704,0,1298913600.000,0,-,-,-,-,2847.0000,2846.8000,2846.6000,2846.4000,2846.2000,2847.4000,2847.6000,2847.8000,2848.0000,2848.4000,1,1,2,1,2,4,2,1,3,4
SF,IH2005,2020-05-14 09:34:15.900,2847.4000,15703,-1,1299767820.000,1,0,1,双平,S,2847.0000,2846.8000,2846.6000,2846.4000,2846.2000,2847.4000,2847.6000,2847.8000,2848.0000,2848.4000,1,1,2,1,2,3,2,1,3,4
SF,IH2005,2020-05-14 09:34:16.900,2847.4000,15702,-1,1300622040.000,1,0,1,双平,S,2847.0000,2846.8000,2846.6000,2846.4000,2846.2000,2847.4000,2847.6000,2847.8000,2848.0000,2848.4000,1,1,2,1,2,2,2,1,3,4
SF,IH2005,2020-05-14 09:34:17.400,2847.4000,15702,0,1300622040.000,0,-,-,-,-,2847.0000,2846.8000,2846.6000,2846.4000,2846.2000,2847.4000,2847.6000,2847.8000,2848.0000,2848.4000,2,1,2,1,2,2,2,1,3,4
SF,IH2005,2020-05-14 09:34:17.900,2847.4000,15700,-2,1302330480.000,2,0,2,双平,S,2847.0000,2846.8000,2846.6000,2846.4000,2846.2000,2847.4000,2847.6000,2847.8000,2848.0000,2848.4000,2,1,2,1,2,2,2,1,3,4
SF,IH2005,2020-05-14 09:34:18.400,2847.4000,15694,-6,1307455980.000,6,0,6,双平,S,2847.0000,2846.8000,2846.6000,2846.4000,2846.2000,2847.8000,2848.0000,2848.4000,2848.6000,2848.8000,2,1,2,1,2,1,3,4,4,2
SF,IH2005,2020-05-14 09:34:18.900,2847.4000,15694,0,1307455980.000,0,-,-,-,-,2847.2000,2847.0000,2846.8000,2846.6000,2846.4000,2847.8000,2848.0000,2848.4000,2848.6000,2848.8000,1,2,1,2,1,1,3,4,4,2
SF,IH2005,2020-05-14 09:34:19.400,2847.4000,15694,0,1307455980.000,0,-,-,-,-,2847.2000,2847.0000,2846.8000,2846.6000,2846.4000,2847.8000,2848.0000,2848.4000,2848.6000,2848.8000,1,2,1,2,1,5,3,4,4,2
SF,IH2005,2020-05-14 09:34:19.900,2847.4000,15694,0,1307455980.000,0,-,-,-,-,2847.2000,2847.0000,2846.8000,2846.6000,2846.4000,2847.8000,2848.0000,2848.4000,2848.6000,2848.8000,1,2,1,2,1,5,3,4,4,2
SF,IH2005,2020-05-14 09:34:20.400,2847.4000,15694,0,1307455980.000,0,-,-,-,-,2847.2000,2847.0000,2846.8000,2846.6000,2846.4000,2847.8000,2848.0000,2848.4000,2848.6000,2848.8000,1,2,1,2,1,5,3,4,4,2
SF,IH2005,2020-05-14 09:34:20.900,2847.4000,15694,0,1307455980.000,0,-,-,-,-,2847.2000,2847.0000,2846.8000,2846.6000,2846.4000,2847.8000,2848.0000,2848.4000,2848.6000,2848.8000,1,2,1,2,1,6,3,4,4,2
SF,IH2005,2020-05-14 09:34:21.400,2847.8000,15692,-2,1309164660.000,2,0,2,双平,S,2847.2000,2847.0000,2846.8000,2846.6000,2846.4000,2847.8000,2848.0000,2848.4000,2848.6000,2848.8000,1,2,1,2,1,4,3,4,4,2
SF,IH2005,2020-05-14 09:34:21.900,2847.8000,15692,0,1309164660.000,0,-,-,-,-,2847.2000,2847.0000,2846.8000,2846.6000,2846.4000,2847.8000,2848.0000,2848.4000,2848.6000,2848.8000,1,2,1,2,2,3,3,4,4,2
SF,IH2005,2020-05-14 09:34:22.400,2847.2000,15691,-1,1310018820.000,1,0,1,双平,S,2847.0000,2846.8000,2846.6000,2846.4000,2846.2000,2847.8000,2848.0000,2848.4000,2848.6000,2848.8000,2,1,2,2,1,3,3,4,4,2
SF,IH2005,2020-05-14 09:34:22.900,2847.8000,15692,1,1313436180.000,4,2,2,空开,S,2847.4000,2847.2000,2847.0000,2846.8000,2846.6000,2848.0000,2848.4000,2848.6000,2848.8000,2849.0000,2,2,4,1,1,3,4,4,2,1
SF,IH2005,2020-05-14 09:34:23.400,2847.6000,15691,-1,1314290460.000,1,0,1,双平,S,2847.4000,2847.2000,2847.0000,2846.8000,2846.6000,2848.0000,2848.4000,2848.6000,2848.8000,2849.0000,2,2,4,1,1,3,4,4,2,1
SF,IH2005,2020-05-14 09:34:23.900,2847.4000,15691,0,1315144680.000,1,0,1,多换,S,2847.4000,2847.2000,2847.0000,2846.8000,2846.6000,2847.8000,2848.0000,2848.4000,2848.6000,2848.8000,2,2,4,1,1,1,3,4,4,2
SF,IH2005,2020-05-14 09:34:24.400,2847.8000,15690,-1,1315999020.000,1,0,1,双平,S,2847.4000,2847.2000,2847.0000,2846.8000,2846.6000,2847.8000,2848.0000,2848.4000,2848.6000,2848.8000,2,3,4,1,1,2,3,4,4,2
