市场代码,合约代码,时间,最新,持仓,增仓,成交额,成交量,开仓,平仓,成交类型,方向,买一价,买二价,买三价,买四价,买五价,卖一价,卖二价,卖三价,卖四价,卖五价,买一量,买二量,买三量,买四量,买五量,卖一量,卖二量,卖三量,卖四量,卖五量
SF,IH2003,2019-11-29 09:29:00.100,2922.0000,14087,0,3506400.000,4.000,-,-,-,-,2921.8000,2917.8000,2916.2000,2916.0000,2914.6000,2922.0000,2923.0000,2923.8000,2924.2000,2925.0000,1,1,1,1,1,1,1,1,1,1
SF,IH2003,2019-11-29 09:30:00.100,2917.8000,14087,0,5258280.000,2,1,1,多换,S,2919.0000,2916.2000,2916.0000,2913.0000,2912.6000,2921.8000,2923.0000,2925.2000,2928.0000,2928.4000,1,1,1,1,2,4,2,1,1,2
SF,IH2003,2019-11-29 09:30:00.600,2919.2000,14082,-5,10513440.000,6,0,6,多平,S,2920.0000,2919.2000,2918.8000,2916.2000,2916.0000,2921.6000,2921.8000,2923.0000,2925.2000,2928.0000,1,5,1,1,1,10,12,2,1,1
SF,IH2003,2019-11-29 09:30:01.100,2921.0000,14080,-2,14019240.000,4,1,3,多平,S,2920.8000,2920.4000,2920.2000,2920.0000,2919.4000,2921.8000,2926.0000,2928.4000,2929.6000,2929.8000,2,9,9,3,3,1,5,2,1,1
SF,IH2003,2019-11-29 09:30:01.600,2921.8000,14079,-1,14895780.000,1,0,1,双平,S,2921.8000,2921.6000,2921.2000,2921.0000,2920.4000,2926.0000,2928.4000,2929.6000,2929.8000,2930.0000,1,1,4,10,3,5,2,1,1,1
SF,IH2003,2019-11-29 09:30:02.100,2921.8000,14079,0,14895780.000,0,-,-,-,-,2922.2000,2922.0000,2921.6000,2921.2000,2921.0000,2923.6000,2923.8000,2924.6000,2925.0000,2925.6000,1,6,1,1,7,1,2,4,3,6
SF,IH2003,2019-11-29 09:30:02.600,2921.8000,14079,0,14895780.000,0,-,-,-,-,2922.2000,2921.6000,2921.0000,2920.2000,2920.0000,2923.4000,2923.8000,2924.6000,2925.0000,2925.6000,1,1,7,6,3,5,1,4,3,6
SF,IH2003,2019-11-29 09:30:03.100,2921.8000,14079,0,14895780.000,0,-,-,-,-,2921.6000,2921.0000,2920.8000,2920.2000,2920.0000,2922.8000,2923.4000,2923.8000,2924.6000,2925.0000,1,5,1,6,3,3,13,1,1,2
SF,IH2003,2019-11-29 09:30:04.100,2921.8000,14079,0,14895780.000,0,-,-,-,-,2921.8000,2921.6000,2921.0000,2920.8000,2920.2000,2922.8000,2923.4000,2923.8000,2924.6000,2925.0000,1,1,5,1,6,3,13,1,1,2
SF,IH2003,2019-11-29 09:30:05.100,2921.8000,14079,0,14895780.000,0,-,-,-,-,2921.6000,2921.0000,2920.8000,2920.2000,2920.0000,2922.6000,2922.8000,2923.4000,2923.8000,2924.6000,1,5,1,6,3,4,3,13,1,1
SF,IH2003,2019-11-29 09:30:05.600,2921.8000,14079,0,14895780.000,0,-,-,-,-,2921.6000,2921.0000,2920.8000,2920.2000,2920.0000,2922.6000,2922.8000,2923.4000,2923.8000,2924.6000,1,5,1,6,2,6,3,11,1,1
SF,IH2003,2019-11-29 09:30:06.100,2921.8000,14079,0,14895780.000,0,-,-,-,-,2921.6000,2920.8000,2920.2000,2920.0000,2918.8000,2922.2000,2922.4000,2922.6000,2922.8000,2923.4000,1,1,6,2,1,1,7,6,3,10
SF,IH2003,2019-11-29 09:30:06.600,2921.6000,14078,-1,15772260.000,1,0,1,双平,S,2920.8000,2920.0000,2918.8000,2916.0000,2915.6000,2921.4000,2922.0000,2922.4000,2922.6000,2922.8000,1,2,1,1,1,1,14,8,4,3
SF,IH2003,2019-11-29 09:30:07.100,2921.6000,14078,0,15772260.000,0,-,-,-,-,2920.8000,2920.0000,2918.8000,2916.0000,2915.6000,2921.6000,2922.0000,2922.4000,2922.6000,2922.8000,1,2,1,1,1,1,9,6,4,3
SF,IH2003,2019-11-29 09:30:07.600,2921.6000,14078,0,15772260.000,0,-,-,-,-,2920.8000,2920.0000,2918.8000,2916.0000,2915.6000,2921.4000,2921.6000,2922.0000,2922.4000,2922.8000,2,1,1,1,1,4,1,9,6,3
SF,IH2003,2019-11-29 09:30:08.100,2921.6000,14078,0,15772260.000,0,-,-,-,-,2920.8000,2920.0000,2918.8000,2916.0000,2915.6000,2921.4000,2921.6000,2922.0000,2922.4000,2922.8000,2,1,1,1,1,2,1,9,6,3
SF,IH2003,2019-11-29 09:30:08.600,2921.6000,14078,0,15772260.000,0,-,-,-,-,2920.8000,2920.0000,2918.8000,2916.0000,2915.6000,2921.6000,2922.0000,2922.4000,2922.8000,2923.8000,2,1,1,1,1,1,7,6,3,1
SF,IH2003,2019-11-29 09:30:09.600,2920.8000,14078,0,16648500.000,1,0,1,多换,S,2920.8000,2920.0000,2918.8000,2916.0000,2915.6000,2921.6000,2922.0000,2922.4000,2922.8000,2923.8000,3,1,1,1,1,1,7,6,3,1
SF,IH2003,2019-11-29 09:30:10.100,2920.8000,14075,-3,19277220.000,3,0,3,双平,S,2920.0000,2918.8000,2916.0000,2915.6000,2913.0000,2921.4000,2921.6000,2922.0000,2922.4000,2922.8000,1,1,1,1,1,6,1,5,6,3
SF,IH2003,2019-11-29 09:30:10.600,2920.8000,14075,0,19277220.000,0,-,-,-,-,2920.0000,2918.8000,2916.0000,2915.6000,2913.0000,2920.8000,2921.4000,2922.0000,2922.4000,2923.8000,1,1,1,1,1,1,9,5,6,1
SF,IH2003,2019-11-29 09:30:11.100,2920.8000,14075,0,19277220.000,0,-,-,-,-,2920.2000,2920.0000,2918.8000,2916.0000,2915.6000,2921.4000,2922.0000,2922.4000,2923.8000,2925.0000,2,1,1,1,1,9,5,6,1,2
SF,IH2003,2019-11-29 09:30:11.600,2920.8000,14075,0,19277220.000,0,-,-,-,-,2920.0000,2918.8000,2916.0000,2915.6000,2913.0000,2921.4000,2922.0000,2922.4000,2923.8000,2925.0000,1,1,1,1,1,9,5,6,1,2
SF,IH2003,2019-11-29 09:30:12.100,2920.8000,14075,0,19277220.000,0,-,-,-,-,2921.2000,2920.0000,2918.8000,2916.0000,2915.6000,2921.4000,2922.0000,2922.4000,2923.8000,2925.0000,1,1,1,1,1,9,5,6,1,2
SF,IH2003,2019-11-29 09:30:12.600,2921.2000,14075,0,20153580.000,1,0,1,多换,S,2920.2000,2920.0000,2918.8000,2916.0000,2915.6000,2921.0000,2921.2000,2921.4000,2922.0000,2922.4000,1,1,1,1,1,1,2,9,5,6
SF,IH2003,2019-11-29 09:30:13.100,2921.2000,14075,0,20153580.000,0,-,-,-,-,2920.4000,2920.2000,2920.0000,2918.8000,2916.0000,2921.0000,2921.2000,2921.4000,2921.8000,2922.0000,1,1,1,1,1,1,2,6,3,5
SF,IH2003,2019-11-29 09:30:13.600,2921.0000,14074,-1,21029880.000,1,0,1,双平,S,2920.2000,2920.0000,2918.8000,2916.0000,2915.6000,2921.2000,2921.4000,2921.8000,2922.0000,2922.4000,1,1,1,1,1,2,6,3,5,6
SF,IH2003,2019-11-29 09:30:14.100,2921.0000,14074,0,21029880.000,0,-,-,-,-,2920.4000,2920.2000,2920.0000,2918.8000,2916.0000,2921.2000,2921.4000,2921.8000,2922.0000,2922.4000,2,1,1,1,1,2,4,3,5,6
SF,IH2003,2019-11-29 09:30:14.600,2921.0000,14074,0,21029880.000,0,-,-,-,-,2920.6000,2920.4000,2920.2000,2920.0000,2918.8000,2921.4000,2921.8000,2922.0000,2922.4000,2925.0000,1,2,1,1,1,4,3,5,6,2
SF,IH2003,2019-11-29 09:30:15.100,2921.4000,14072,-2,22782720.000,2,0,2,双平,S,2921.2000,2920.6000,2920.2000,2920.0000,2918.8000,2922.0000,2922.4000,2925.0000,2925.6000,2925.8000,1,1,1,1,1,2,6,2,6,1
SF,IH2003,2019-11-29 09:30:15.600,2921.8000,14072,0,24535800.000,2,1,1,多换,S,2921.2000,2920.6000,2920.2000,2920.0000,2918.8000,2922.0000,2922.4000,2925.0000,2925.6000,2925.8000,1,1,1,1,1,2,6,2,6,1
SF,IH2003,2019-11-29 09:30:16.100,2921.8000,14072,0,24535800.000,0,-,-,-,-,2921.2000,2920.6000,2920.2000,2920.0000,2918.8000,2922.0000,2922.4000,2925.0000,2925.6000,2925.8000,1,1,1,1,1,3,6,2,6,1
SF,IH2003,2019-11-29 09:30:16.600,2922.0000,14070,-2,27165600.000,3,0,3,多平,S,2921.4000,2921.2000,2920.6000,2920.2000,2920.0000,2922.4000,2925.0000,2925.6000,2925.8000,2926.0000,1,1,1,1,1,6,2,6,1,5
SF,IH2003,2019-11-29 09:30:17.100,2922.0000,14070,0,27165600.000,0,-,-,-,-,2921.2000,2920.6000,2920.2000,2920.0000,2918.8000,2922.4000,2922.6000,2925.0000,2925.6000,2925.8000,1,1,1,1,1,6,1,2,6,1
SF,IH2003,2019-11-29 09:30:17.600,2922.0000,14070,0,27165600.000,0,-,-,-,-,2921.4000,2921.2000,2920.2000,2920.0000,2918.8000,2922.6000,2925.0000,2925.6000,2925.8000,2926.0000,2,1,1,1,1,1,2,6,1,5
SF,IH2003,2019-11-29 09:30:18.100,2922.0000,14070,0,27165600.000,0,-,-,-,-,2921.6000,2921.4000,2921.2000,2920.2000,2920.0000,2923.0000,2925.0000,2925.6000,2925.8000,2926.0000,1,4,1,1,1,1,2,6,1,5
SF,IH2003,2019-11-29 09:30:18.600,2922.0000,14070,0,27165600.000,0,-,-,-,-,2921.6000,2921.4000,2921.2000,2920.2000,2920.0000,2922.4000,2922.6000,2922.8000,2923.0000,2923.2000,1,1,1,1,1,1,1,12,1,1
SF,IH2003,2019-11-29 09:30:19.100,2922.0000,14070,0,27165600.000,0,-,-,-,-,2921.4000,2921.2000,2920.2000,2920.0000,2918.8000,2922.8000,2925.0000,2925.6000,2925.8000,2926.0000,1,1,1,1,1,10,2,6,1,5
SF,IH2003,2019-11-29 09:30:19.600,2922.0000,14070,0,27165600.000,0,-,-,-,-,2921.4000,2921.2000,2920.8000,2920.2000,2920.0000,2922.6000,2922.8000,2923.4000,2925.0000,2925.6000,1,1,1,1,1,2,10,1,2,6
SF,IH2003,2019-11-29 09:30:20.100,2922.0000,14070,0,27165600.000,0,-,-,-,-,2921.4000,2921.2000,2920.8000,2920.2000,2920.0000,2922.4000,2922.6000,2922.8000,2923.4000,2925.0000,1,1,1,1,1,1,2,10,1,2
SF,IH2003,2019-11-29 09:30:20.600,2922.0000,14070,0,27165600.000,0,-,-,-,-,2922.0000,2921.6000,2921.4000,2921.2000,2920.8000,2922.6000,2922.8000,2923.4000,2925.0000,2925.6000,1,1,1,1,1,1,10,1,2,6
SF,IH2003,2019-11-29 09:30:21.100,2922.0000,14070,0,27165600.000,0,-,-,-,-,2922.2000,2922.0000,2921.6000,2921.2000,2920.8000,2923.8000,2925.0000,2925.6000,2925.8000,2926.0000,1,1,8,1,1,1,2,6,1,5
SF,IH2003,2019-11-29 09:30:21.600,2922.0000,14070,0,27165600.000,0,-,-,-,-,2922.0000,2921.6000,2921.2000,2920.8000,2920.2000,2923.6000,2923.8000,2925.0000,2925.6000,2925.8000,1,6,1,1,1,12,1,2,6,1
SF,IH2003,2019-11-29 09:30:22.100,2922.0000,14070,0,27165600.000,0,-,-,-,-,2922.2000,2922.0000,2921.6000,2921.2000,2920.8000,2923.6000,2923.8000,2925.0000,2925.6000,2925.8000,2,1,6,1,1,12,1,2,6,1
SF,IH2003,2019-11-29 09:30:22.600,2922.0000,14070,0,27165600.000,0,-,-,-,-,2922.2000,2922.0000,2921.6000,2921.2000,2920.8000,2923.6000,2925.0000,2925.6000,2925.8000,2926.0000,5,1,6,1,1,12,2,6,1,5
SF,IH2003,2019-11-29 09:30:23.600,2922.0000,14070,0,27165600.000,0,-,-,-,-,2922.2000,2922.0000,2921.6000,2921.2000,2920.8000,2923.6000,2925.0000,2925.6000,2925.8000,2926.0000,4,1,6,1,1,12,2,6,1,5
SF,IH2003,2019-11-29 09:30:25.600,2922.0000,14070,0,27165600.000,0,-,-,-,-,2922.2000,2922.0000,2921.6000,2921.2000,2920.8000,2923.6000,2925.0000,2925.6000,2925.8000,2926.0000,4,1,6,1,1,12,2,6,1,5
SF,IH2003,2019-11-29 09:30:26.100,2922.0000,14070,0,27165600.000,0,-,-,-,-,2922.2000,2922.0000,2921.6000,2921.2000,2920.8000,2923.2000,2923.6000,2925.0000,2925.6000,2925.8000,1,1,6,1,1,1,12,2,6,1
SF,IH2003,2019-11-29 09:30:26.600,2922.8000,14069,-1,28042440.000,1,0,1,双平,S,2922.2000,2922.0000,2921.6000,2921.2000,2920.2000,2923.2000,2923.6000,2924.2000,2925.0000,2925.6000,1,1,6,1,1,1,11,1,2,6
SF,IH2003,2019-11-29 09:30:27.100,2922.8000,14069,0,28042440.000,0,-,-,-,-,2922.4000,2922.0000,2921.6000,2921.2000,2920.2000,2923.2000,2923.6000,2924.2000,2925.0000,2925.6000,1,1,6,1,1,1,11,1,2,6
SF,IH2003,2019-11-29 09:30:27.600,2922.4000,14069,0,28919160.000,1,0,1,多换,S,2922.0000,2921.6000,2921.2000,2920.2000,2920.0000,2923.2000,2923.6000,2924.2000,2925.0000,2925.6000,1,6,1,1,1,1,11,1,2,6
SF,IH2003,2019-11-29 09:30:29.100,2922.2000,14066,-3,31549140.000,3,0,3,双平,S,2922.2000,2922.0000,2921.6000,2921.2000,2920.2000,2923.6000,2924.2000,2925.0000,2925.6000,2925.8000,1,1,4,1,1,11,1,2,6,1
SF,IH2003,2019-11-29 09:30:29.600,2922.2000,14066,0,31549140.000,0,-,-,-,-,2922.4000,2922.0000,2921.6000,2921.2000,2920.2000,2923.4000,2923.6000,2924.2000,2925.0000,2925.6000,1,1,4,1,1,3,11,1,2,6
SF,IH2003,2019-11-29 09:30:30.100,2922.2000,14066,0,31549140.000,0,-,-,-,-,2922.0000,2921.6000,2921.2000,2920.2000,2920.0000,2923.4000,2923.6000,2925.0000,2925.6000,2925.8000,1,4,1,1,1,3,11,2,6,1
SF,IH2003,2019-11-29 09:30:30.600,2923.4000,14065,-1,32426160.000,1,0,1,双平,S,2921.6000,2921.2000,2920.2000,2920.0000,2915.6000,2923.4000,2923.6000,2925.0000,2925.6000,2925.8000,4,1,1,1,1,1,11,2,6,1
SF,IH2003,2019-11-29 09:30:31.100,2923.4000,14065,0,32426160.000,0,-,-,-,-,2921.8000,2921.6000,2921.2000,2920.2000,2920.0000,2923.6000,2924.2000,2925.0000,2925.6000,2925.8000,2,4,1,1,1,11,1,2,6,1
SF,IH2003,2019-11-29 09:30:31.600,2923.4000,14065,0,32426160.000,0,-,-,-,-,2921.8000,2921.6000,2921.2000,2920.2000,2920.0000,2923.4000,2923.6000,2924.2000,2925.0000,2925.6000,2,4,1,1,1,1,11,1,2,6
SF,IH2003,2019-11-29 09:30:32.100,2923.4000,14065,0,32426160.000,0,-,-,-,-,2921.8000,2921.2000,2920.2000,2920.0000,2915.6000,2923.0000,2923.2000,2923.6000,2924.2000,2925.0000,2,1,1,1,1,1,12,8,1,2
SF,IH2003,2019-11-29 09:30:32.600,2923.4000,14065,0,32426160.000,0,-,-,-,-,2921.8000,2921.2000,2920.2000,2920.0000,2915.6000,2923.2000,2923.6000,2924.2000,2925.0000,2925.6000,2,1,1,1,1,3,8,1,2,6
SF,IH2003,2019-11-29 09:30:34.100,2923.4000,14065,0,32426160.000,0,-,-,-,-,2921.8000,2921.2000,2920.2000,2920.0000,2915.6000,2923.2000,2923.6000,2924.2000,2925.0000,2925.6000,2,1,1,1,1,3,8,1,2,6
SF,IH2003,2019-11-29 09:30:34.600,2921.8000,14064,-1,34179300.000,2,0,2,多平,S,2921.8000,2921.2000,2920.2000,2920.0000,2915.6000,2923.2000,2923.6000,2924.2000,2925.0000,2925.6000,1,1,1,1,1,2,8,1,2,6
SF,IH2003,2019-11-29 09:30:35.100,2921.8000,14064,0,34179300.000,0,-,-,-,-,2922.0000,2921.2000,2920.2000,2920.0000,2915.6000,2923.0000,2923.2000,2923.6000,2925.0000,2925.6000,1,1,1,1,1,1,2,8,2,6
SF,IH2003,2019-11-29 09:30:35.600,2921.8000,14064,0,34179300.000,0,-,-,-,-,2921.2000,2920.2000,2920.0000,2915.6000,2913.0000,2923.2000,2923.6000,2925.0000,2925.6000,2925.8000,1,1,1,1,1,2,8,2,6,1
SF,IH2003,2019-11-29 09:30:36.100,2921.8000,14064,0,34179300.000,0,-,-,-,-,2921.4000,2921.2000,2920.2000,2920.0000,2915.6000,2923.0000,2923.2000,2923.6000,2925.0000,2925.6000,6,2,1,1,1,2,2,9,2,6
SF,IH2003,2019-11-29 09:30:36.600,2921.8000,14064,0,34179300.000,0,-,-,-,-,2921.4000,2921.2000,2920.2000,2920.0000,2915.6000,2923.0000,2923.2000,2923.6000,2925.0000,2925.6000,11,1,1,1,1,1,2,9,2,6
SF,IH2003,2019-11-29 09:30:37.600,2921.8000,14064,0,34179300.000,0,-,-,-,-,2921.4000,2921.2000,2920.2000,2920.0000,2915.6000,2922.0000,2923.0000,2923.2000,2923.6000,2925.0000,11,1,1,1,1,1,1,2,9,2
SF,IH2003,2019-11-29 09:30:38.100,2922.0000,14064,0,35055900.000,1,0,1,多换,S,2922.4000,2922.2000,2922.0000,2921.8000,2921.6000,2923.2000,2923.6000,2925.0000,2925.6000,2925.8000,2,1,4,1,2,2,9,2,6,1
SF,IH2003,2019-11-29 09:30:38.600,2922.0000,14064,0,35055900.000,0,-,-,-,-,2922.0000,2921.4000,2921.2000,2920.2000,2920.0000,2922.4000,2923.0000,2923.2000,2923.6000,2925.0000,1,10,1,1,1,2,1,2,9,2
SF,IH2003,2019-11-29 09:30:39.100,2922.4000,14062,-2,36809220.000,2,0,2,双平,S,2921.4000,2921.2000,2920.2000,2920.0000,2915.6000,2922.4000,2923.0000,2923.2000,2923.6000,2925.0000,10,1,1,1,1,1,1,2,9,2
SF,IH2003,2019-11-29 09:30:39.600,2922.4000,14062,0,36809220.000,0,-,-,-,-,2922.0000,2921.8000,2921.6000,2921.4000,2921.2000,2922.4000,2923.0000,2923.2000,2923.6000,2925.0000,1,2,1,10,1,1,1,2,9,2
SF,IH2003,2019-11-29 09:30:40.100,2922.4000,14061,-1,37685940.000,1,0,1,双平,S,2922.4000,2921.6000,2921.4000,2921.2000,2920.2000,2923.0000,2923.2000,2923.6000,2925.0000,2925.6000,3,1,10,1,1,1,2,9,2,6
SF,IH2003,2019-11-29 09:30:40.600,2922.4000,14061,0,37685940.000,0,-,-,-,-,2922.4000,2922.2000,2921.6000,2921.4000,2921.2000,2923.0000,2923.2000,2923.6000,2925.0000,2925.6000,2,1,1,10,1,1,2,9,2,6
SF,IH2003,2019-11-29 09:30:41.100,2922.4000,14061,0,37685940.000,0,-,-,-,-,2922.4000,2922.2000,2921.6000,2921.4000,2921.2000,2923.0000,2923.2000,2923.6000,2925.0000,2925.6000,1,1,1,10,1,1,2,9,2,6
SF,IH2003,2019-11-29 09:30:42.600,2922.4000,14060,-1,38562660.000,1,0,1,双平,S,2922.2000,2921.6000,2921.4000,2921.2000,2920.2000,2923.0000,2923.2000,2923.6000,2925.0000,2925.6000,1,1,10,1,1,1,2,9,2,6
SF,IH2003,2019-11-29 09:30:43.100,2922.4000,14060,0,38562660.000,0,-,-,-,-,2922.4000,2922.2000,2921.6000,2921.4000,2921.2000,2923.0000,2923.2000,2923.6000,2925.0000,2925.6000,1,1,1,10,1,1,2,9,2,6
SF,IH2003,2019-11-29 09:30:43.600,2922.2000,14059,-1,40316040.000,2,0,2,多平,S,2921.6000,2921.4000,2921.2000,2920.2000,2920.0000,2923.0000,2923.2000,2923.6000,2925.0000,2925.6000,1,6,1,1,1,1,2,9,2,6
SF,IH2003,2019-11-29 09:30:44.100,2922.2000,14059,0,40316040.000,0,-,-,-,-,2921.6000,2921.4000,2921.2000,2920.2000,2920.0000,2922.8000,2923.0000,2923.6000,2925.0000,2925.6000,2,5,1,1,1,2,1,9,2,6
SF,IH2003,2019-11-29 09:30:44.600,2922.2000,14059,0,40316040.000,0,-,-,-,-,2921.6000,2921.4000,2921.2000,2920.2000,2920.0000,2922.8000,2923.0000,2923.6000,2925.0000,2925.6000,2,5,1,1,2,2,1,9,2,6
SF,IH2003,2019-11-29 09:30:45.600,2922.2000,14059,0,40316040.000,0,-,-,-,-,2921.6000,2921.4000,2921.2000,2920.2000,2920.0000,2922.8000,2923.0000,2923.6000,2925.0000,2925.6000,2,1,1,1,2,2,1,9,2,6
SF,IH2003,2019-11-29 09:30:46.100,2922.2000,14059,0,40316040.000,0,-,-,-,-,2921.6000,2921.2000,2920.2000,2920.0000,2915.6000,2922.6000,2922.8000,2923.0000,2923.6000,2925.0000,1,1,1,2,1,1,2,1,9,2
SF,IH2003,2019-11-29 09:30:47.100,2921.6000,14058,-1,41192520.000,1,0,1,双平,S,2920.2000,2920.0000,2915.6000,2913.0000,2912.0000,2922.6000,2922.8000,2923.0000,2923.6000,2925.0000,1,2,1,1,6,1,2,1,9,2
SF,IH2003,2019-11-29 09:30:47.600,2922.4000,14057,-1,42069240.000,1,0,1,双平,S,2920.4000,2920.2000,2920.0000,2915.6000,2913.0000,2922.4000,2922.6000,2923.0000,2923.6000,2925.0000,15,1,3,1,1,2,1,1,9,2
SF,IH2003,2019-11-29 09:30:48.100,2922.4000,14057,0,42069240.000,0,-,-,-,-,2920.6000,2920.4000,2920.2000,2920.0000,2915.6000,2922.2000,2922.4000,2923.0000,2923.6000,2925.0000,1,14,1,2,1,1,2,1,9,2
SF,IH2003,2019-11-29 09:30:48.600,2922.4000,14057,0,42069240.000,0,-,-,-,-,2920.8000,2920.4000,2920.2000,2920.0000,2915.6000,2922.2000,2922.4000,2923.0000,2923.6000,2925.0000,2,13,1,2,1,1,2,1,9,2
SF,IH2003,2019-11-29 09:30:49.100,2922.4000,14057,0,42069240.000,0,-,-,-,-,2920.8000,2920.4000,2920.2000,2920.0000,2918.2000,2922.4000,2923.0000,2923.6000,2925.0000,2925.6000,8,11,1,3,1,2,1,9,2,6
SF,IH2003,2019-11-29 09:30:49.600,2922.4000,14057,0,42069240.000,0,-,-,-,-,2920.8000,2920.4000,2920.2000,2920.0000,2918.2000,2922.4000,2923.0000,2923.6000,2925.0000,2925.6000,6,11,1,3,1,2,1,9,2,6
SF,IH2003,2019-11-29 09:30:50.100,2922.4000,14057,0,42069240.000,0,-,-,-,-,2920.8000,2920.4000,2920.2000,2920.0000,2918.2000,2922.2000,2922.4000,2923.0000,2923.6000,2925.0000,6,11,1,3,1,1,2,1,9,2
SF,IH2003,2019-11-29 09:30:50.600,2922.4000,14057,0,42069240.000,0,-,-,-,-,2920.8000,2920.4000,2920.2000,2920.0000,2918.2000,2922.2000,2922.4000,2923.0000,2923.6000,2925.0000,6,11,1,3,1,1,2,1,9,1
SF,IH2003,2019-11-29 09:30:51.100,2922.4000,14057,0,42069240.000,0,-,-,-,-,2920.8000,2920.4000,2920.2000,2920.0000,2918.2000,2922.0000,2922.2000,2923.0000,2923.6000,2925.0000,1,8,1,3,1,2,1,1,9,1
SF,IH2003,2019-11-29 09:30:51.600,2922.4000,14057,0,42069240.000,0,-,-,-,-,2920.2000,2920.0000,2918.2000,2915.6000,2912.0000,2921.8000,2922.0000,2922.2000,2923.6000,2925.0000,1,3,1,1,6,1,11,1,8,1
SF,IH2003,2019-11-29 09:30:52.100,2922.0000,14057,0,42945840.000,1,0,1,多换,S,2920.2000,2920.0000,2918.2000,2915.6000,2912.0000,2921.6000,2921.8000,2922.0000,2922.8000,2923.6000,1,3,1,1,6,3,1,8,1,8
SF,IH2003,2019-11-29 09:30:52.600,2922.0000,14057,0,42945840.000,0,-,-,-,-,2920.4000,2920.2000,2920.0000,2918.2000,2915.6000,2921.4000,2921.6000,2921.8000,2922.0000,2923.6000,1,1,3,1,1,1,3,2,8,8
SF,IH2003,2019-11-29 09:30:53.100,2921.6000,14057,0,43822320.000,1,0,1,多换,S,2920.2000,2920.0000,2918.2000,2915.6000,2912.0000,2921.6000,2922.0000,2922.4000,2923.6000,2925.0000,1,3,1,1,6,2,8,1,8,1
SF,IH2003,2019-11-29 09:30:53.600,2921.6000,14057,0,43822320.000,0,-,-,-,-,2920.4000,2920.2000,2920.0000,2918.2000,2915.6000,2921.6000,2922.0000,2922.4000,2923.6000,2925.0000,2,1,3,1,1,2,8,1,8,1
SF,IH2003,2019-11-29 09:30:54.100,2921.6000,14057,0,43822320.000,0,-,-,-,-,2920.4000,2920.2000,2920.0000,2918.2000,2915.6000,2921.6000,2922.0000,2922.4000,2923.6000,2925.0000,1,1,3,1,1,2,8,1,8,1
SF,IH2003,2019-11-29 09:30:56.100,2921.6000,14057,0,43822320.000,0,-,-,-,-,2921.6000,2920.6000,2920.4000,2920.2000,2920.0000,2922.0000,2922.4000,2923.6000,2925.0000,2925.6000,1,1,1,1,3,8,1,8,1,6
SF,IH2003,2019-11-29 09:30:56.600,2921.6000,14056,-1,44698800.000,1,0,1,双平,S,2920.4000,2920.2000,2920.0000,2918.2000,2915.6000,2921.6000,2922.0000,2923.6000,2925.0000,2925.6000,1,1,3,1,1,1,8,8,1,6
SF,IH2003,2019-11-29 09:30:57.100,2921.6000,14056,0,45575280.000,1,0,1,多换,S,2921.8000,2920.6000,2920.4000,2920.2000,2920.0000,2922.6000,2923.6000,2925.0000,2925.6000,2925.8000,1,1,1,1,3,1,8,1,6,1
SF,IH2003,2019-11-29 09:30:57.600,2921.8000,14057,1,46451820.000,1,1,0,双开,S,2920.6000,2920.4000,2920.2000,2920.0000,2918.2000,2922.4000,2922.6000,2923.6000,2925.0000,2925.6000,4,1,1,3,1,8,1,8,1,6
SF,IH2003,2019-11-29 09:30:58.100,2922.4000,14056,-1,47328540.000,1,0,1,双平,S,2920.8000,2920.6000,2920.2000,2920.0000,2918.2000,2922.4000,2922.6000,2923.6000,2925.0000,2925.6000,2,4,1,3,1,7,1,8,1,6
SF,IH2003,2019-11-29 09:30:59.100,2922.4000,14056,0,47328540.000,0,-,-,-,-,2921.0000,2920.8000,2920.6000,2920.2000,2920.0000,2922.4000,2922.6000,2923.6000,2925.0000,2925.6000,1,2,4,1,3,7,1,8,1,6
SF,IH2003,2019-11-29 09:30:59.600,2922.4000,14056,0,47328540.000,0,-,-,-,-,2921.2000,2921.0000,2920.8000,2920.6000,2920.2000,2922.4000,2922.6000,2923.6000,2925.0000,2925.6000,1,1,1,4,1,7,1,8,1,6
SF,IH2003,2019-11-29 09:31:00.100,2922.4000,14056,0,47328540.000,0,-,-,-,-,2921.4000,2921.0000,2920.8000,2920.6000,2920.2000,2922.4000,2922.6000,2923.6000,2925.0000,2925.6000,1,1,1,4,1,7,1,8,1,6
SF,IH2003,2019-11-29 09:31:00.600,2922.4000,14056,0,47328540.000,0,-,-,-,-,2921.0000,2920.8000,2920.6000,2920.2000,2920.0000,2922.4000,2922.6000,2923.6000,2925.0000,2925.6000,1,1,4,1,3,7,1,8,1,6
SF,IH2003,2019-11-29 09:31:01.100,2922.4000,14056,0,47328540.000,0,-,-,-,-,2921.2000,2920.8000,2920.6000,2920.2000,2920.0000,2922.4000,2922.6000,2923.6000,2925.0000,2925.6000,2,1,4,1,3,7,1,8,1,6
SF,IH2003,2019-11-29 09:31:01.600,2922.4000,14056,0,47328540.000,0,-,-,-,-,2921.2000,2920.2000,2920.0000,2918.2000,2915.6000,2921.8000,2922.2000,2922.4000,2922.6000,2923.6000,1,1,3,1,1,1,5,7,1,8
SF,IH2003,2019-11-29 09:31:02.100,2921.2000,14056,0,49081260.000,2,1,1,多换,S,2920.2000,2920.0000,2918.2000,2915.6000,2912.0000,2922.4000,2922.6000,2923.6000,2925.0000,2925.6000,1,3,1,1,6,3,1,8,1,6
SF,IH2003,2019-11-29 09:31:02.600,2921.2000,14056,0,49081260.000,0,-,-,-,-,2920.4000,2920.2000,2920.0000,2918.2000,2915.6000,2922.4000,2922.6000,2923.6000,2925.0000,2925.6000,11,1,3,1,1,3,1,8,1,6
SF,IH2003,2019-11-29 09:31:03.100,2921.2000,14056,0,49081260.000,0,-,-,-,-,2920.6000,2920.4000,2920.2000,2920.0000,2918.2000,2922.2000,2922.4000,2923.0000,2923.6000,2925.0000,1,8,1,3,1,5,3,1,8,1
SF,IH2003,2019-11-29 09:31:03.600,2921.2000,14056,0,49081260.000,0,-,-,-,-,2920.2000,2920.0000,2918.2000,2915.6000,2912.0000,2921.4000,2921.8000,2922.0000,2922.2000,2923.6000,1,3,1,1,6,1,1,7,13,8
SF,IH2003,2019-11-29 09:31:04.100,2921.2000,14056,0,49081260.000,0,-,-,-,-,2920.2000,2920.0000,2918.2000,2915.6000,2912.0000,2921.2000,2921.4000,2921.6000,2921.8000,2922.0000,1,3,1,1,6,8,1,1,2,3
SF,IH2003,2019-11-29 09:31:04.600,2921.2000,14056,0,49081260.000,0,-,-,-,-,2920.2000,2920.0000,2918.2000,2915.6000,2912.0000,2921.2000,2921.4000,2921.8000,2922.0000,2922.2000,1,3,1,1,6,8,2,1,3,11
SF,IH2003,2019-11-29 09:31:05.100,2921.2000,14056,0,49957620.000,1,0,1,多换,S,2920.2000,2920.0000,2918.2000,2915.6000,2912.0000,2921.2000,2921.4000,2921.8000,2922.0000,2922.2000,1,3,1,1,6,7,1,1,3,11
SF,IH2003,2019-11-29 09:31:05.600,2921.2000,14053,-3,52586700.000,3,0,3,双平,S,2920.2000,2920.0000,2918.2000,2915.6000,2912.0000,2921.2000,2921.4000,2921.8000,2922.0000,2922.2000,1,3,1,1,6,4,1,1,3,11
SF,IH2003,2019-11-29 09:31:06.100,2921.4000,14048,-5,56968560.000,5,0,5,双平,S,2921.2000,2920.4000,2920.2000,2920.0000,2918.2000,2922.2000,2923.6000,2925.0000,2925.6000,2925.8000,2,5,1,3,1,4,4,1,3,1
SF,IH2003,2019-11-29 09:31:06.600,2921.4000,14048,0,56968560.000,0,-,-,-,-,2920.4000,2920.2000,2920.0000,2918.2000,2915.6000,2922.2000,2923.6000,2925.0000,2925.6000,2925.8000,4,1,3,1,1,4,4,1,3,1
SF,IH2003,2019-11-29 09:31:07.100,2921.4000,14048,0,56968560.000,0,-,-,-,-,2920.6000,2920.4000,2920.2000,2920.0000,2918.2000,2922.0000,2922.2000,2923.6000,2925.0000,2925.6000,2,4,1,3,1,1,4,4,1,3
SF,IH2003,2019-11-29 09:31:07.600,2921.4000,14048,0,56968560.000,0,-,-,-,-,2920.8000,2920.6000,2920.4000,2920.2000,2920.0000,2922.8000,2923.6000,2925.0000,2925.6000,2925.8000,4,6,4,1,3,1,4,1,3,1
SF,IH2003,2019-11-29 09:31:08.100,2921.0000,14046,-2,58721160.000,2,0,2,双平,S,2921.0000,2920.8000,2920.6000,2920.4000,2920.2000,2922.6000,2922.8000,2923.6000,2925.0000,2925.6000,1,4,4,4,1,6,1,4,1,3
SF,IH2003,2019-11-29 09:31:08.600,2921.0000,14046,0,58721160.000,0,-,-,-,-,2921.2000,2920.8000,2920.6000,2920.2000,2920.0000,2922.6000,2922.8000,2923.6000,2925.0000,2925.6000,5,4,4,1,3,1,1,4,1,3
SF,IH2003,2019-11-29 09:31:09.100,2921.0000,14046,0,58721160.000,0,-,-,-,-,2920.8000,2920.4000,2920.2000,2920.0000,2918.2000,2922.4000,2922.6000,2922.8000,2923.6000,2925.0000,4,1,1,3,1,5,1,1,4,1
SF,IH2003,2019-11-29 09:31:09.600,2921.0000,14046,0,59597460.000,1,0,1,多换,S,2920.8000,2920.4000,2920.2000,2920.0000,2918.2000,2922.2000,2922.4000,2922.8000,2923.6000,2925.0000,4,1,1,3,1,1,5,1,4,1
SF,IH2003,2019-11-29 09:31:10.100,2921.0000,14046,0,59597460.000,0,-,-,-,-,2920.8000,2920.4000,2920.2000,2920.0000,2918.2000,2922.2000,2922.8000,2923.6000,2925.0000,2925.6000,4,1,1,3,1,1,1,4,1,3
SF,IH2003,2019-11-29 09:31:10.600,2921.0000,14046,0,59597460.000,0,-,-,-,-,2920.8000,2920.4000,2920.2000,2920.0000,2918.2000,2922.0000,2922.2000,2922.8000,2923.6000,2925.0000,4,1,1,3,1,1,1,1,4,1
SF,IH2003,2019-11-29 09:31:11.100,2921.0000,14046,0,59597460.000,0,-,-,-,-,2920.8000,2920.4000,2920.2000,2920.0000,2918.2000,2922.2000,2922.8000,2923.6000,2925.0000,2925.6000,4,1,1,3,1,1,1,4,1,3
SF,IH2003,2019-11-29 09:31:11.600,2921.0000,14046,0,59597460.000,0,-,-,-,-,2920.4000,2920.2000,2920.0000,2918.2000,2915.6000,2922.0000,2922.2000,2922.8000,2923.6000,2925.0000,1,1,3,1,1,5,1,1,4,1
SF,IH2003,2019-11-29 09:31:12.100,2921.0000,14046,0,59597460.000,0,-,-,-,-,2920.6000,2920.4000,2920.2000,2920.0000,2918.2000,2922.0000,2922.2000,2922.8000,2923.6000,2925.0000,5,1,1,3,1,5,1,1,4,1
SF,IH2003,2019-11-29 09:31:12.600,2921.0000,14046,0,59597460.000,0,-,-,-,-,2920.6000,2920.4000,2920.2000,2920.0000,2918.2000,2922.0000,2922.2000,2922.8000,2923.6000,2925.0000,9,1,1,3,1,1,1,1,4,1
SF,IH2003,2019-11-29 09:31:13.100,2921.0000,14046,0,59597460.000,0,-,-,-,-,2920.6000,2920.4000,2920.2000,2920.0000,2918.2000,2922.2000,2922.8000,2923.6000,2925.0000,2925.6000,5,1,1,3,1,1,1,4,1,3
SF,IH2003,2019-11-29 09:31:13.600,2921.0000,14046,0,59597460.000,0,-,-,-,-,2920.6000,2920.4000,2920.2000,2920.0000,2918.2000,2922.0000,2922.2000,2922.8000,2923.6000,2925.0000,5,1,1,3,1,1,1,1,4,1
SF,IH2003,2019-11-29 09:31:14.100,2921.0000,14046,0,59597460.000,0,-,-,-,-,2920.6000,2920.4000,2920.2000,2920.0000,2918.2000,2922.2000,2922.8000,2923.6000,2925.0000,2925.6000,5,1,1,3,1,1,1,4,1,3
SF,IH2003,2019-11-29 09:31:14.600,2921.0000,14046,0,59597460.000,0,-,-,-,-,2920.6000,2920.4000,2920.2000,2920.0000,2918.2000,2922.0000,2922.2000,2922.8000,2923.6000,2925.0000,5,1,1,3,1,1,1,1,4,1
SF,IH2003,2019-11-29 09:31:15.100,2921.0000,14046,0,59597460.000,0,-,-,-,-,2920.6000,2920.4000,2920.2000,2920.0000,2918.2000,2922.2000,2922.8000,2923.6000,2925.0000,2925.6000,5,1,1,3,1,1,1,4,1,3
SF,IH2003,2019-11-29 09:31:15.600,2922.0000,14046,0,60474060.000,1,0,1,多换,S,2920.8000,2920.6000,2920.4000,2920.2000,2920.0000,2922.2000,2922.8000,2923.6000,2925.0000,2925.6000,1,5,1,1,3,1,1,4,1,3
SF,IH2003,2019-11-29 09:31:16.100,2922.0000,14046,0,60474060.000,0,-,-,-,-,2921.0000,2920.6000,2920.4000,2920.2000,2920.0000,2922.2000,2922.8000,2923.6000,2925.0000,2925.6000,4,5,1,1,3,1,1,4,1,3
SF,IH2003,2019-11-29 09:31:16.600,2921.0000,14045,-1,61350360.000,1,0,1,双平,S,2921.0000,2920.6000,2920.4000,2920.2000,2920.0000,2922.2000,2922.8000,2923.6000,2925.0000,2925.6000,3,5,1,1,3,1,1,4,1,3
SF,IH2003,2019-11-29 09:31:17.100,2921.0000,14045,0,61350360.000,0,-,-,-,-,2922.2000,2921.2000,2921.0000,2920.6000,2920.4000,2922.8000,2923.6000,2925.0000,2925.6000,2925.8000,1,1,3,4,1,1,4,1,3,1
SF,IH2003,2019-11-29 09:31:17.600,2922.2000,14044,-1,62227020.000,1,0,1,双平,S,2921.2000,2921.0000,2920.6000,2920.4000,2920.2000,2922.6000,2923.4000,2923.6000,2925.0000,2925.6000,1,3,4,1,1,6,1,4,1,3
SF,IH2003,2019-11-29 09:31:18.100,2922.2000,14044,0,62227020.000,0,-,-,-,-,2921.2000,2921.0000,2920.6000,2920.4000,2920.2000,2922.6000,2923.4000,2923.6000,2925.0000,2925.6000,1,3,4,1,1,6,1,4,1,3
SF,IH2003,2019-11-29 09:31:18.600,2922.2000,14044,0,62227020.000,0,-,-,-,-,2921.4000,2921.2000,2921.0000,2920.4000,2920.2000,2923.4000,2923.6000,2925.0000,2925.6000,2925.8000,5,1,3,1,1,1,4,1,3,1
SF,IH2003,2019-11-29 09:31:19.100,2922.2000,14044,0,62227020.000,0,-,-,-,-,2921.6000,2921.4000,2921.0000,2920.4000,2920.2000,2923.2000,2923.6000,2923.8000,2925.0000,2925.6000,1,5,3,1,1,8,4,1,1,3
SF,IH2003,2019-11-29 09:31:19.600,2922.2000,14044,0,62227020.000,0,-,-,-,-,2921.6000,2921.4000,2921.0000,2920.4000,2920.2000,2923.2000,2923.6000,2923.8000,2925.0000,2925.6000,1,4,3,1,1,8,4,1,1,3
SF,IH2003,2019-11-29 09:31:20.100,2921.8000,14042,-2,63980100.000,2,0,2,双平,S,2921.8000,2921.6000,2921.4000,2920.4000,2920.2000,2923.2000,2923.6000,2923.8000,2925.0000,2925.6000,2,1,2,1,1,8,4,1,1,3
SF,IH2003,2019-11-29 09:31:20.600,2921.8000,14041,-1,64856640.000,1,0,1,双平,S,2921.6000,2920.4000,2920.2000,2920.0000,2918.2000,2923.0000,2923.2000,2923.6000,2923.8000,2925.0000,1,1,1,3,1,2,8,4,1,1
SF,IH2003,2019-11-29 09:31:21.100,2921.8000,14041,0,64856640.000,0,-,-,-,-,2921.6000,2921.2000,2920.4000,2920.2000,2920.0000,2923.0000,2923.2000,2923.6000,2923.8000,2925.0000,1,1,1,1,3,2,7,4,1,1
SF,IH2003,2019-11-29 09:31:21.600,2921.8000,14041,0,64856640.000,0,-,-,-,-,2921.8000,2921.6000,2921.2000,2920.4000,2920.2000,2923.0000,2923.2000,2923.6000,2925.0000,2925.6000,1,1,1,1,1,2,7,4,1,3
SF,IH2003,2019-11-29 09:31:22.100,2921.8000,14041,0,64856640.000,0,-,-,-,-,2921.6000,2921.2000,2920.4000,2920.2000,2920.0000,2923.2000,2923.6000,2925.0000,2925.6000,2925.8000,1,1,1,1,3,7,4,1,3,1
SF,IH2003,2019-11-29 09:31:22.600,2921.8000,14041,0,64856640.000,0,-,-,-,-,2921.8000,2921.6000,2921.2000,2920.4000,2920.2000,2923.6000,2925.0000,2925.6000,2925.8000,2926.0000,5,1,1,1,1,4,1,3,1,5
SF,IH2003,2019-11-29 09:31:23.100,2921.8000,14041,0,64856640.000,0,-,-,-,-,2922.0000,2921.8000,2921.2000,2920.4000,2920.2000,2923.6000,2925.0000,2925.6000,2925.8000,2926.0000,1,9,1,1,2,4,1,3,1,5
SF,IH2003,2019-11-29 09:31:23.600,2921.8000,14041,0,64856640.000,0,-,-,-,-,2922.2000,2922.0000,2921.8000,2921.2000,2920.4000,2923.4000,2923.6000,2925.0000,2925.6000,2925.8000,1,1,8,1,1,1,4,1,3,1
SF,IH2003,2019-11-29 09:31:24.100,2921.8000,14041,0,64856640.000,0,-,-,-,-,2922.0000,2921.8000,2921.2000,2920.4000,2920.2000,2923.4000,2923.6000,2924.6000,2925.0000,2925.6000,1,8,1,1,2,1,4,1,1,3
SF,IH2003,2019-11-29 09:31:24.600,2921.8000,14041,0,64856640.000,0,-,-,-,-,2922.2000,2922.0000,2921.8000,2921.2000,2920.4000,2923.4000,2923.6000,2924.6000,2925.0000,2925.6000,1,1,8,1,1,1,4,1,1,3
SF,IH2003,2019-11-29 09:31:25.100,2921.8000,14041,0,64856640.000,0,-,-,-,-,2922.0000,2921.2000,2920.4000,2920.2000,2920.0000,2923.2000,2923.4000,2923.6000,2924.6000,2925.0000,1,1,1,2,3,1,1,4,1,1
SF,IH2003,2019-11-29 09:31:25.600,2921.8000,14041,0,64856640.000,0,-,-,-,-,2921.2000,2920.4000,2920.2000,2920.0000,2918.2000,2923.4000,2923.6000,2924.6000,2925.0000,2925.6000,1,1,2,3,1,1,4,1,1,3
SF,IH2003,2019-11-29 09:31:26.100,2921.8000,14041,0,64856640.000,0,-,-,-,-,2921.4000,2921.2000,2920.4000,2920.2000,2920.0000,2923.2000,2923.4000,2923.6000,2924.6000,2925.0000,5,1,1,2,3,4,1,4,1,1
SF,IH2003,2019-11-29 09:31:26.600,2921.8000,14041,0,64856640.000,0,-,-,-,-,2921.6000,2921.4000,2921.2000,2920.4000,2920.2000,2923.2000,2923.4000,2923.6000,2924.6000,2925.0000,1,9,1,1,2,4,1,4,1,1
SF,IH2003,2019-11-29 09:31:27.100,2921.8000,14041,0,64856640.000,0,-,-,-,-,2921.8000,2921.4000,2921.2000,2920.4000,2920.2000,2923.2000,2923.4000,2923.6000,2924.6000,2925.0000,2,8,1,1,2,4,1,4,1,1
SF,IH2003,2019-11-29 09:31:28.100,2921.8000,14041,0,65733180.000,1,0,1,多换,S,2921.8000,2921.4000,2921.2000,2920.4000,2920.2000,2923.2000,2923.4000,2923.6000,2924.6000,2925.0000,1,8,1,1,2,4,1,4,1,1
SF,IH2003,2019-11-29 09:31:28.600,2921.8000,14041,0,65733180.000,0,-,-,-,-,2922.0000,2921.4000,2921.2000,2920.4000,2920.2000,2923.0000,2923.2000,2923.6000,2924.6000,2925.0000,1,8,1,1,2,1,4,4,1,1
SF,IH2003,2019-11-29 09:31:29.100,2921.8000,14041,0,65733180.000,0,-,-,-,-,2921.4000,2921.2000,2920.4000,2920.2000,2920.0000,2923.0000,2923.2000,2923.6000,2925.0000,2925.6000,4,1,1,2,3,1,4,5,1,3
SF,IH2003,2019-11-29 09:31:29.600,2921.8000,14041,0,65733180.000,0,-,-,-,-,2921.6000,2921.4000,2921.2000,2920.4000,2920.2000,2923.0000,2923.2000,2923.6000,2925.0000,2925.6000,1,4,1,1,2,1,4,5,1,3
SF,IH2003,2019-11-29 09:31:30.100,2921.8000,14041,0,65733180.000,0,-,-,-,-,2921.8000,2921.4000,2921.2000,2920.4000,2920.2000,2923.0000,2923.2000,2923.6000,2925.0000,2925.6000,1,4,1,1,2,1,4,5,1,3
SF,IH2003,2019-11-29 09:31:30.600,2921.8000,14041,0,65733180.000,0,-,-,-,-,2921.4000,2921.2000,2920.4000,2920.2000,2920.0000,2923.0000,2923.2000,2923.6000,2925.0000,2925.6000,4,1,1,2,4,1,4,5,1,3
SF,IH2003,2019-11-29 09:31:31.100,2921.8000,14041,0,65733180.000,0,-,-,-,-,2921.6000,2921.4000,2921.2000,2920.4000,2920.2000,2923.0000,2923.2000,2923.6000,2925.0000,2925.6000,1,4,1,1,2,1,4,5,1,3
SF,IH2003,2019-11-29 09:31:31.600,2921.8000,14041,0,65733180.000,0,-,-,-,-,2921.4000,2921.2000,2920.4000,2920.2000,2920.0000,2923.0000,2923.2000,2923.6000,2925.0000,2925.6000,4,1,1,2,4,1,4,5,1,3
SF,IH2003,2019-11-29 09:31:32.100,2921.8000,14041,0,65733180.000,0,-,-,-,-,2921.6000,2921.4000,2921.2000,2920.4000,2920.2000,2923.0000,2923.2000,2923.6000,2925.0000,2925.6000,1,4,1,1,2,1,4,5,1,3
SF,IH2003,2019-11-29 09:31:32.600,2921.8000,14041,0,65733180.000,0,-,-,-,-,2921.8000,2921.4000,2921.2000,2920.4000,2920.2000,2923.0000,2923.2000,2923.6000,2924.0000,2925.0000,1,4,1,1,2,1,4,4,1,1
SF,IH2003,2019-11-29 09:31:33.100,2921.8000,14041,0,65733180.000,0,-,-,-,-,2921.4000,2921.2000,2920.4000,2920.2000,2920.0000,2923.0000,2923.2000,2923.6000,2924.0000,2925.0000,4,1,1,2,4,1,4,4,1,1
SF,IH2003,2019-11-29 09:31:33.600,2921.8000,14041,0,65733180.000,0,-,-,-,-,2922.2000,2921.6000,2921.4000,2921.2000,2920.4000,2923.0000,2923.6000,2924.0000,2925.0000,2925.6000,1,6,4,1,1,1,4,1,1,3
SF,IH2003,2019-11-29 09:31:34.100,2921.8000,14041,0,65733180.000,0,-,-,-,-,2921.6000,2921.4000,2921.2000,2920.4000,2920.2000,2923.0000,2923.6000,2924.0000,2925.0000,2925.6000,5,4,1,1,2,1,4,1,1,3
SF,IH2003,2019-11-29 09:31:34.600,2921.8000,14041,0,65733180.000,0,-,-,-,-,2921.8000,2921.6000,2921.4000,2921.2000,2920.4000,2923.0000,2923.6000,2924.4000,2925.0000,2925.6000,5,5,4,1,1,1,4,1,1,3
SF,IH2003,2019-11-29 09:31:35.100,2921.8000,14041,0,65733180.000,0,-,-,-,-,2921.8000,2921.6000,2921.4000,2921.2000,2920.4000,2923.6000,2924.4000,2925.0000,2925.6000,2925.8000,5,5,4,1,1,4,1,1,3,1
SF,IH2003,2019-11-29 09:31:35.600,2921.8000,14041,0,65733180.000,0,-,-,-,-,2922.0000,2921.8000,2921.6000,2921.4000,2921.2000,2923.4000,2924.4000,2925.0000,2925.6000,2925.8000,5,5,4,4,1,1,1,1,3,1
SF,IH2003,2019-11-29 09:31:36.100,2921.8000,14041,0,65733180.000,0,-,-,-,-,2922.2000,2922.0000,2921.8000,2921.6000,2921.4000,2923.4000,2924.4000,2925.0000,2925.6000,2925.8000,1,5,4,4,4,1,1,1,3,1
SF,IH2003,2019-11-29 09:31:36.600,2921.8000,14041,0,65733180.000,0,-,-,-,-,2922.8000,2922.4000,2922.2000,2922.0000,2921.8000,2923.4000,2924.4000,2925.6000,2925.8000,2929.0000,1,1,4,5,4,1,1,3,1,1
SF,IH2003,2019-11-29 09:31:37.100,2921.8000,14041,0,65733180.000,0,-,-,-,-,2922.2000,2922.0000,2921.8000,2921.6000,2920.4000,2923.4000,2924.4000,2925.6000,2925.8000,2929.0000,4,5,4,4,1,1,1,3,1,1
SF,IH2003,2019-11-29 09:31:37.600,2923.4000,14041,0,66610200.000,1,0,1,多换,S,2923.4000,2922.4000,2922.2000,2922.0000,2921.8000,2924.4000,2925.6000,2925.8000,2929.0000,2929.8000,1,2,4,4,4,1,3,1,1,6
SF,IH2003,2019-11-29 09:31:38.100,2923.4000,14041,0,66610200.000,0,-,-,-,-,2923.4000,2922.4000,2922.2000,2922.0000,2921.8000,2924.2000,2924.4000,2925.6000,2925.8000,2929.0000,1,1,4,4,4,5,1,3,1,1
SF,IH2003,2019-11-29 09:31:39.100,2923.4000,14041,0,66610200.000,0,-,-,-,-,2923.4000,2922.4000,2922.2000,2922.0000,2921.8000,2924.2000,2924.4000,2925.6000,2925.8000,2929.0000,1,1,4,4,4,5,1,2,1,1
SF,IH2003,2019-11-29 09:31:39.600,2923.4000,14041,0,66610200.000,0,-,-,-,-,2922.4000,2922.2000,2922.0000,2921.8000,2921.6000,2924.2000,2924.4000,2925.6000,2925.8000,2929.0000,1,4,4,4,4,5,1,2,1,1
SF,IH2003,2019-11-29 09:31:40.100,2923.4000,14041,0,66610200.000,0,-,-,-,-,2922.6000,2922.4000,2922.2000,2922.0000,2921.8000,2924.2000,2924.4000,2925.6000,2925.8000,2929.0000,1,1,4,4,4,5,1,2,1,1
SF,IH2003,2019-11-29 09:31:40.600,2924.2000,14042,1,67487460.000,1,1,0,双开,S,2922.8000,2922.2000,2922.0000,2921.8000,2921.6000,2924.2000,2924.4000,2925.6000,2925.8000,2929.0000,2,4,4,4,4,4,1,2,1,1
SF,IH2003,2019-11-29 09:31:41.100,2924.2000,14042,0,67487460.000,0,-,-,-,-,2922.8000,2922.2000,2922.0000,2921.8000,2921.6000,2924.2000,2924.4000,2925.6000,2925.8000,2929.0000,2,4,4,4,4,4,1,2,1,1
SF,IH2003,2019-11-29 09:31:41.600,2924.2000,14042,0,67487460.000,0,-,-,-,-,2922.8000,2922.2000,2922.0000,2921.8000,2921.6000,2924.2000,2924.4000,2925.6000,2925.8000,2929.0000,2,4,4,4,4,4,1,2,1,1
SF,IH2003,2019-11-29 09:31:42.100,2924.2000,14042,0,67487460.000,0,-,-,-,-,2922.8000,2922.2000,2922.0000,2921.8000,2921.6000,2924.4000,2925.6000,2925.8000,2929.0000,2929.8000,2,4,4,4,4,1,2,1,1,6
SF,IH2003,2019-11-29 09:31:42.600,2924.2000,14042,0,67487460.000,0,-,-,-,-,2922.8000,2922.2000,2922.0000,2921.8000,2921.6000,2924.2000,2925.2000,2925.6000,2925.8000,2929.0000,2,4,4,4,4,1,1,2,1,1
SF,IH2003,2019-11-29 09:31:43.100,2924.2000,14042,0,67487460.000,0,-,-,-,-,2922.8000,2922.2000,2922.0000,2921.8000,2921.6000,2924.2000,2925.2000,2925.6000,2925.8000,2929.0000,2,4,4,4,4,1,1,2,1,1
SF,IH2003,2019-11-29 09:31:45.600,2924.2000,14042,0,67487460.000,0,-,-,-,-,2922.8000,2922.2000,2922.0000,2921.8000,2921.6000,2924.2000,2925.2000,2925.6000,2925.8000,2929.0000,2,4,4,4,4,2,1,2,1,1
SF,IH2003,2019-11-29 09:31:46.100,2924.2000,14042,0,67487460.000,0,-,-,-,-,2922.8000,2922.2000,2922.0000,2921.8000,2921.6000,2924.2000,2925.2000,2925.6000,2925.8000,2929.0000,1,4,4,4,4,2,1,2,1,1
SF,IH2003,2019-11-29 09:31:46.600,2924.2000,14042,0,67487460.000,0,-,-,-,-,2923.0000,2922.2000,2922.0000,2921.8000,2921.6000,2924.2000,2925.6000,2925.8000,2929.0000,2929.8000,1,4,4,4,4,2,2,1,1,6
SF,IH2003,2019-11-29 09:31:47.100,2924.2000,14042,0,67487460.000,0,-,-,-,-,2922.2000,2922.0000,2921.8000,2921.6000,2920.4000,2924.2000,2925.6000,2925.8000,2929.0000,2929.8000,4,4,4,4,1,2,2,1,1,6
SF,IH2003,2019-11-29 09:31:47.600,2924.2000,14042,0,67487460.000,0,-,-,-,-,2922.4000,2922.2000,2922.0000,2921.8000,2921.6000,2924.0000,2924.2000,2925.0000,2925.6000,2925.8000,2,4,4,4,4,4,2,1,2,1
SF,IH2003,2019-11-29 09:31:48.100,2924.2000,14042,0,67487460.000,0,-,-,-,-,2922.4000,2922.2000,2922.0000,2921.8000,2921.6000,2923.8000,2924.0000,2924.2000,2925.0000,2925.6000,2,6,4,4,4,1,4,1,1,2
SF,IH2003,2019-11-29 09:31:48.600,2924.2000,14042,0,67487460.000,0,-,-,-,-,2922.4000,2922.2000,2922.0000,2921.8000,2921.6000,2923.8000,2924.0000,2924.2000,2925.0000,2925.6000,2,4,4,4,4,1,4,1,1,2
SF,IH2003,2019-11-29 09:31:49.600,2924.2000,14042,0,67487460.000,0,-,-,-,-,2922.4000,2922.2000,2922.0000,2921.8000,2921.6000,2923.8000,2924.0000,2924.2000,2925.0000,2925.6000,2,4,4,4,4,1,4,1,1,2
SF,IH2003,2019-11-29 09:31:50.100,2923.8000,14041,-1,68364600.000,1,0,1,双平,S,2922.4000,2922.2000,2922.0000,2921.8000,2921.6000,2924.0000,2924.2000,2925.0000,2925.6000,2925.8000,2,4,4,4,4,4,1,1,2,1
SF,IH2003,2019-11-29 09:31:52.600,2923.8000,14041,0,68364600.000,0,-,-,-,-,2922.4000,2922.0000,2921.8000,2921.6000,2920.8000,2923.8000,2924.0000,2924.2000,2925.0000,2925.6000,2,4,4,4,1,4,4,1,1,2
SF,IH2003,2019-11-29 09:31:53.100,2923.8000,14041,0,68364600.000,0,-,-,-,-,2922.4000,2922.0000,2921.8000,2921.6000,2920.8000,2923.8000,2924.0000,2924.2000,2925.6000,2925.8000,2,4,4,4,1,4,5,1,2,1
SF,IH2003,2019-11-29 09:31:53.600,2923.8000,14041,0,68364600.000,0,-,-,-,-,2922.4000,2922.0000,2921.8000,2921.6000,2920.8000,2924.0000,2924.2000,2925.6000,2925.8000,2929.0000,2,4,4,4,1,5,1,2,1,1
SF,IH2003,2019-11-29 09:31:54.100,2923.8000,14041,0,68364600.000,0,-,-,-,-,2922.4000,2922.0000,2921.8000,2921.6000,2920.8000,2923.8000,2924.0000,2924.2000,2925.6000,2925.8000,2,4,4,4,1,5,5,1,2,1
SF,IH2003,2019-11-29 09:31:55.600,2923.8000,14041,0,68364600.000,0,-,-,-,-,2922.4000,2921.8000,2921.6000,2920.8000,2920.4000,2923.6000,2923.8000,2924.0000,2924.2000,2925.6000,2,4,4,1,1,4,5,5,1,2
SF,IH2003,2019-11-29 09:31:56.100,2923.8000,14041,0,68364600.000,0,-,-,-,-,2922.4000,2921.8000,2921.6000,2920.8000,2920.4000,2923.6000,2923.8000,2924.0000,2924.2000,2925.6000,2,4,4,1,1,4,5,5,1,2
SF,IH2003,2019-11-29 09:31:56.600,2922.4000,14040,-1,70118040.000,2,0,2,多平,S,2921.8000,2921.6000,2920.8000,2920.4000,2920.2000,2923.6000,2923.8000,2924.0000,2924.2000,2925.6000,4,4,1,1,2,4,5,5,1,2
SF,IH2003,2019-11-29 09:31:57.100,2923.4000,14041,1,70995060.000,1,1,0,双开,S,2922.0000,2921.8000,2921.6000,2920.8000,2920.4000,2923.4000,2923.6000,2923.8000,2924.0000,2924.2000,2,5,4,1,1,1,4,4,5,1
SF,IH2003,2019-11-29 09:31:57.600,2923.4000,14041,0,70995060.000,0,-,-,-,-,2922.0000,2921.8000,2921.6000,2920.8000,2920.4000,2923.4000,2923.6000,2923.8000,2924.0000,2924.2000,3,4,4,1,1,1,4,4,5,1
SF,IH2003,2019-11-29 09:31:58.100,2923.4000,14041,0,70995060.000,0,-,-,-,-,2922.0000,2921.8000,2921.6000,2920.8000,2920.4000,2923.4000,2923.6000,2923.8000,2924.0000,2924.2000,3,4,4,1,1,1,5,4,5,1
SF,IH2003,2019-11-29 09:31:58.600,2923.4000,14041,0,70995060.000,0,-,-,-,-,2922.2000,2922.0000,2921.8000,2921.6000,2920.8000,2923.6000,2924.0000,2924.2000,2925.6000,2925.8000,4,5,4,4,1,1,5,1,2,1
SF,IH2003,2019-11-29 09:31:59.100,2923.4000,14041,0,70995060.000,0,-,-,-,-,2922.4000,2922.2000,2921.8000,2921.6000,2920.8000,2923.6000,2924.0000,2924.2000,2924.4000,2925.6000,2,5,4,4,1,1,4,1,1,2
SF,IH2003,2019-11-29 09:32:00.100,2923.4000,14041,0,70995060.000,0,-,-,-,-,2922.4000,2922.2000,2921.8000,2921.6000,2920.8000,2923.6000,2924.0000,2924.2000,2924.4000,2925.6000,2,1,4,4,1,1,4,1,1,2
SF,IH2003,2019-11-29 09:32:00.600,2923.4000,14041,0,70995060.000,0,-,-,-,-,2922.4000,2922.2000,2921.8000,2921.6000,2920.8000,2923.4000,2923.6000,2924.0000,2924.2000,2924.4000,2,1,4,4,1,1,1,4,1,1
SF,IH2003,2019-11-29 09:32:03.600,2923.4000,14041,0,70995060.000,0,-,-,-,-,2922.4000,2922.2000,2921.8000,2921.6000,2920.8000,2923.4000,2923.6000,2924.0000,2924.2000,2924.4000,2,1,4,4,1,1,1,4,1,1
SF,IH2003,2019-11-29 09:32:04.100,2923.4000,14041,0,70995060.000,0,-,-,-,-,2922.4000,2922.2000,2921.8000,2921.6000,2920.8000,2923.4000,2923.6000,2924.0000,2924.2000,2924.4000,2,1,4,4,1,1,1,4,1,1
SF,IH2003,2019-11-29 09:32:04.600,2923.4000,14041,0,70995060.000,0,-,-,-,-,2922.4000,2922.2000,2921.8000,2921.6000,2921.0000,2923.4000,2923.6000,2924.0000,2924.2000,2924.4000,2,1,4,4,1,1,1,4,1,1
SF,IH2003,2019-11-29 09:32:05.100,2923.4000,14041,0,72749100.000,2,1,1,多换,S,2923.4000,2922.4000,2922.2000,2921.8000,2921.6000,2923.6000,2924.0000,2924.2000,2924.4000,2925.6000,1,2,1,4,4,1,4,1,1,2
SF,IH2003,2019-11-29 09:32:05.600,2923.4000,14040,-1,73626120.000,1,0,1,双平,S,2922.4000,2922.2000,2921.8000,2921.6000,2921.0000,2923.2000,2923.4000,2923.6000,2924.0000,2924.2000,1,1,4,4,1,1,2,1,4,1
SF,IH2003,2019-11-29 09:32:06.100,2923.4000,14040,0,74503140.000,1,0,1,多换,S,2922.6000,2922.4000,2922.2000,2921.8000,2921.6000,2923.4000,2923.6000,2924.0000,2924.2000,2924.4000,1,1,1,4,4,4,1,4,1,1
SF,IH2003,2019-11-29 09:32:06.600,2923.4000,14040,0,74503140.000,0,-,-,-,-,2922.8000,2922.4000,2922.2000,2921.8000,2921.6000,2923.4000,2923.6000,2924.0000,2924.2000,2925.6000,1,1,1,4,4,5,1,4,1,2
SF,IH2003,2019-11-29 09:32:07.100,2923.4000,14040,0,74503140.000,0,-,-,-,-,2922.4000,2922.2000,2921.8000,2921.6000,2921.0000,2923.4000,2923.6000,2924.0000,2924.2000,2925.6000,1,1,4,4,1,5,1,4,1,2
SF,IH2003,2019-11-29 09:32:07.600,2923.4000,14040,0,74503140.000,0,-,-,-,-,2922.6000,2922.4000,2922.2000,2921.8000,2921.6000,2923.4000,2923.6000,2924.0000,2924.2000,2925.6000,1,1,1,4,4,5,1,4,1,2
SF,IH2003,2019-11-29 09:32:08.100,2923.4000,14040,0,74503140.000,0,-,-,-,-,2922.8000,2922.4000,2922.2000,2921.8000,2921.6000,2923.4000,2923.6000,2924.0000,2924.2000,2925.6000,1,1,1,4,4,5,1,4,1,2
SF,IH2003,2019-11-29 09:32:08.600,2923.4000,14040,0,74503140.000,0,-,-,-,-,2923.0000,2922.4000,2922.2000,2921.8000,2921.6000,2923.4000,2923.6000,2924.0000,2924.2000,2925.6000,1,1,1,4,4,5,1,4,1,2
SF,IH2003,2019-11-29 09:32:09.100,2923.4000,14040,0,74503140.000,0,-,-,-,-,2922.4000,2922.2000,2921.8000,2921.6000,2921.0000,2923.4000,2923.6000,2924.0000,2924.2000,2925.6000,1,1,4,4,1,5,1,4,1,2
SF,IH2003,2019-11-29 09:32:09.600,2923.4000,14040,0,74503140.000,0,-,-,-,-,2923.0000,2922.6000,2922.4000,2922.2000,2921.8000,2923.4000,2923.6000,2924.0000,2924.2000,2925.6000,1,1,1,1,4,5,1,4,1,2
SF,IH2003,2019-11-29 09:32:10.100,2923.4000,14040,0,74503140.000,0,-,-,-,-,2923.0000,2922.4000,2922.2000,2921.8000,2921.6000,2923.4000,2923.6000,2924.2000,2925.6000,2925.8000,1,1,1,4,4,5,1,1,2,1
SF,IH2003,2019-11-29 09:32:10.600,2923.0000,14039,-1,75380040.000,1,0,1,双平,S,2922.4000,2922.2000,2921.8000,2921.6000,2921.0000,2923.4000,2923.6000,2924.2000,2925.6000,2925.8000,1,1,4,4,1,5,1,1,2,1
SF,IH2003,2019-11-29 09:32:11.100,2923.0000,14039,0,75380040.000,0,-,-,-,-,2922.8000,2922.6000,2922.4000,2922.2000,2921.8000,2923.4000,2923.6000,2924.2000,2925.6000,2925.8000,1,1,1,1,4,3,1,1,2,1
SF,IH2003,2019-11-29 09:32:11.600,2923.0000,14039,0,75380040.000,0,-,-,-,-,2922.4000,2922.2000,2921.8000,2921.6000,2921.0000,2923.4000,2923.6000,2924.2000,2925.6000,2925.8000,1,1,4,4,1,3,1,1,2,1
SF,IH2003,2019-11-29 09:32:12.100,2923.0000,14039,0,75380040.000,0,-,-,-,-,2922.6000,2922.4000,2922.2000,2921.8000,2921.6000,2923.4000,2923.6000,2924.2000,2925.6000,2925.8000,1,1,1,4,4,3,1,1,2,1
SF,IH2003,2019-11-29 09:32:12.600,2923.0000,14039,0,75380040.000,0,-,-,-,-,2922.8000,2922.4000,2922.2000,2921.8000,2921.6000,2923.4000,2923.6000,2924.2000,2925.6000,2925.8000,1,1,1,4,4,3,1,1,2,1
SF,IH2003,2019-11-29 09:32:13.100,2923.4000,14039,0,77134080.000,2,1,1,多换,S,2922.4000,2922.2000,2921.8000,2921.6000,2921.0000,2923.4000,2923.6000,2924.2000,2925.6000,2925.8000,1,1,4,4,1,1,1,1,2,1
SF,IH2003,2019-11-29 09:32:13.600,2923.4000,14039,0,77134080.000,0,-,-,-,-,2922.8000,2922.6000,2922.4000,2921.8000,2921.6000,2923.6000,2924.0000,2924.2000,2925.6000,2925.8000,1,1,2,4,4,1,1,1,2,2
SF,IH2003,2019-11-29 09:32:14.100,2923.4000,14039,0,77134080.000,0,-,-,-,-,2923.0000,2922.6000,2922.4000,2921.8000,2921.6000,2923.6000,2924.0000,2924.2000,2925.6000,2925.8000,1,4,4,4,4,1,1,1,2,2
SF,IH2003,2019-11-29 09:32:14.600,2923.4000,14039,0,77134080.000,0,-,-,-,-,2922.6000,2922.4000,2921.8000,2921.6000,2921.0000,2923.6000,2924.0000,2924.2000,2925.6000,2925.8000,4,2,4,4,1,1,1,1,2,2
SF,IH2003,2019-11-29 09:32:15.100,2923.4000,14039,0,77134080.000,0,-,-,-,-,2922.8000,2922.6000,2922.4000,2921.8000,2921.6000,2923.0000,2923.6000,2924.0000,2924.2000,2925.6000,1,4,2,4,4,1,1,1,1,2
SF,IH2003,2019-11-29 09:32:15.600,2923.6000,14038,-1,78888060.000,2,0,2,多平,S,2923.6000,2923.2000,2923.0000,2922.8000,2922.6000,2924.0000,2924.2000,2925.6000,2925.8000,2929.0000,1,4,8,2,6,1,1,2,2,1
SF,IH2003,2019-11-29 09:32:16.100,2923.6000,14038,0,78888060.000,0,-,-,-,-,2923.2000,2923.0000,2922.6000,2922.4000,2921.8000,2924.0000,2924.2000,2925.6000,2925.8000,2929.0000,3,4,6,2,4,1,1,2,2,1
SF,IH2003,2019-11-29 09:32:16.600,2924.0000,14039,1,79765260.000,1,1,0,双开,S,2923.4000,2923.2000,2923.0000,2922.6000,2922.4000,2924.2000,2924.4000,2925.8000,2929.0000,2929.8000,1,3,4,4,2,1,3,2,1,6
SF,IH2003,2019-11-29 09:32:17.100,2924.0000,14039,0,79765260.000,0,-,-,-,-,2923.2000,2923.0000,2922.6000,2922.4000,2921.8000,2924.2000,2924.4000,2925.8000,2929.0000,2929.8000,3,4,4,2,4,1,3,2,1,6
SF,IH2003,2019-11-29 09:32:17.600,2924.0000,14039,0,79765260.000,0,-,-,-,-,2923.4000,2923.2000,2923.0000,2922.6000,2922.4000,2924.2000,2924.4000,2925.8000,2929.0000,2929.8000,1,3,4,4,2,1,3,2,1,6
SF,IH2003,2019-11-29 09:32:18.100,2924.0000,14039,0,79765260.000,0,-,-,-,-,2923.6000,2923.2000,2923.0000,2922.6000,2922.4000,2924.2000,2924.4000,2925.8000,2929.0000,2929.8000,1,3,4,4,2,1,3,2,1,6
SF,IH2003,2019-11-29 09:32:18.600,2924.0000,14039,0,79765260.000,0,-,-,-,-,2923.2000,2923.0000,2922.6000,2922.4000,2921.8000,2924.2000,2924.4000,2925.8000,2929.0000,2929.8000,3,4,4,2,4,1,3,2,1,6
SF,IH2003,2019-11-29 09:32:19.100,2924.0000,14039,0,79765260.000,0,-,-,-,-,2923.4000,2923.2000,2923.0000,2922.6000,2922.4000,2924.2000,2924.4000,2925.8000,2929.0000,2929.8000,1,3,4,4,2,1,3,2,1,6
SF,IH2003,2019-11-29 09:32:19.600,2924.0000,14039,0,79765260.000,0,-,-,-,-,2923.2000,2923.0000,2922.6000,2922.4000,2921.8000,2924.2000,2924.4000,2925.8000,2929.0000,2929.8000,3,4,4,2,4,1,3,2,1,6
SF,IH2003,2019-11-29 09:32:20.100,2924.0000,14039,0,79765260.000,0,-,-,-,-,2923.4000,2923.2000,2923.0000,2922.6000,2922.4000,2924.2000,2924.8000,2925.8000,2929.0000,2929.8000,1,2,4,4,2,1,3,2,1,6
SF,IH2003,2019-11-29 09:32:20.600,2924.0000,14039,0,79765260.000,0,-,-,-,-,2923.2000,2923.0000,2922.6000,2922.4000,2921.8000,2924.2000,2924.8000,2925.8000,2929.0000,2929.8000,2,4,4,2,4,1,3,2,1,6
SF,IH2003,2019-11-29 09:32:21.100,2924.0000,14039,0,79765260.000,0,-,-,-,-,2923.4000,2923.2000,2923.0000,2922.6000,2922.4000,2924.2000,2924.8000,2925.8000,2929.0000,2929.8000,1,2,4,4,2,1,3,2,1,6
SF,IH2003,2019-11-29 09:32:21.600,2924.0000,14039,0,79765260.000,0,-,-,-,-,2923.6000,2923.2000,2923.0000,2922.6000,2922.4000,2924.2000,2924.8000,2925.8000,2929.0000,2929.8000,1,2,4,4,2,1,3,2,1,6
SF,IH2003,2019-11-29 09:32:22.100,2924.0000,14039,0,79765260.000,0,-,-,-,-,2923.2000,2923.0000,2922.6000,2922.4000,2921.8000,2924.2000,2924.8000,2925.8000,2929.0000,2929.8000,2,4,4,2,4,1,3,2,1,6
SF,IH2003,2019-11-29 09:32:22.600,2924.0000,14039,0,79765260.000,0,-,-,-,-,2923.4000,2923.2000,2923.0000,2922.6000,2922.4000,2924.2000,2924.4000,2924.8000,2925.8000,2929.0000,1,2,4,4,2,1,1,3,2,1
SF,IH2003,2019-11-29 09:32:23.100,2924.0000,14039,0,79765260.000,0,-,-,-,-,2923.2000,2923.0000,2922.6000,2922.4000,2921.8000,2924.2000,2924.4000,2924.8000,2925.8000,2929.0000,2,4,4,2,4,1,1,3,2,1
SF,IH2003,2019-11-29 09:32:23.600,2924.0000,14039,0,79765260.000,0,-,-,-,-,2923.4000,2923.2000,2923.0000,2922.6000,2922.4000,2924.2000,2924.4000,2924.8000,2925.8000,2929.0000,1,2,4,4,2,1,1,3,2,1
SF,IH2003,2019-11-29 09:32:24.100,2924.0000,14039,0,79765260.000,0,-,-,-,-,2923.2000,2923.0000,2922.6000,2922.4000,2921.8000,2924.2000,2924.4000,2924.8000,2925.8000,2929.0000,2,4,4,2,4,1,1,3,2,1
SF,IH2003,2019-11-29 09:32:24.600,2924.0000,14039,0,79765260.000,0,-,-,-,-,2923.4000,2923.2000,2923.0000,2922.6000,2922.4000,2924.2000,2924.4000,2924.8000,2925.8000,2929.0000,1,2,4,4,2,1,1,3,2,1
SF,IH2003,2019-11-29 09:32:25.100,2924.0000,14039,0,79765260.000,0,-,-,-,-,2923.6000,2923.2000,2923.0000,2922.6000,2922.4000,2924.2000,2924.4000,2924.8000,2925.8000,2929.0000,1,2,4,4,2,1,1,3,2,1
SF,IH2003,2019-11-29 09:32:25.600,2924.0000,14039,0,79765260.000,0,-,-,-,-,2923.2000,2923.0000,2922.6000,2922.4000,2921.8000,2924.2000,2924.4000,2924.8000,2925.8000,2929.0000,2,4,4,2,4,1,1,3,2,1
SF,IH2003,2019-11-29 09:32:26.100,2924.0000,14039,0,79765260.000,0,-,-,-,-,2923.4000,2923.2000,2923.0000,2922.6000,2922.4000,2924.2000,2924.4000,2924.8000,2925.8000,2929.0000,1,2,4,4,2,1,1,3,2,1
SF,IH2003,2019-11-29 09:32:26.600,2924.0000,14039,0,79765260.000,0,-,-,-,-,2923.2000,2923.0000,2922.6000,2922.4000,2921.8000,2924.2000,2924.4000,2924.8000,2925.8000,2929.0000,2,4,4,2,4,1,1,3,2,1
SF,IH2003,2019-11-29 09:32:27.100,2924.0000,14039,0,79765260.000,0,-,-,-,-,2923.4000,2923.2000,2923.0000,2922.6000,2922.4000,2924.2000,2924.4000,2924.8000,2925.8000,2929.0000,1,2,4,4,2,1,1,3,2,1
SF,IH2003,2019-11-29 09:32:27.600,2924.0000,14039,0,79765260.000,0,-,-,-,-,2923.6000,2923.2000,2923.0000,2922.6000,2922.4000,2924.2000,2924.4000,2924.8000,2925.8000,2929.0000,1,2,4,4,2,1,1,3,2,1
SF,IH2003,2019-11-29 09:32:28.100,2924.0000,14039,0,79765260.000,0,-,-,-,-,2923.2000,2923.0000,2922.6000,2922.4000,2921.8000,2924.2000,2924.4000,2924.8000,2925.8000,2929.0000,2,4,4,2,4,1,1,3,2,1
SF,IH2003,2019-11-29 09:32:28.600,2924.0000,14039,0,79765260.000,0,-,-,-,-,2924.0000,2923.4000,2923.2000,2923.0000,2922.6000,2924.2000,2924.4000,2924.8000,2925.8000,2929.0000,1,1,2,4,4,1,1,3,2,1
SF,IH2003,2019-11-29 09:32:29.100,2924.0000,14039,0,80642460.000,1,0,1,多换,S,2923.0000,2922.6000,2922.4000,2921.8000,2921.6000,2923.6000,2923.8000,2924.0000,2924.2000,2924.4000,4,4,2,4,4,2,1,3,1,1
SF,IH2003,2019-11-29 09:32:29.600,2923.8000,14039,0,81519600.000,1,0,1,多换,S,2923.8000,2923.6000,2923.2000,2923.0000,2922.6000,2924.0000,2924.2000,2924.4000,2924.8000,2925.8000,1,1,1,5,4,3,1,1,3,2
SF,IH2003,2019-11-29 09:32:30.100,2923.8000,14039,0,82396740.000,1,0,1,多换,S,2923.0000,2922.6000,2922.4000,2921.8000,2921.6000,2923.6000,2923.8000,2924.2000,2924.4000,2924.8000,5,4,1,4,4,3,4,1,1,3
SF,IH2003,2019-11-29 09:32:30.600,2923.6000,14038,-1,83273820.000,1,0,1,双平,S,2923.2000,2923.0000,2922.6000,2922.4000,2921.8000,2923.6000,2923.8000,2924.2000,2924.4000,2925.8000,1,4,4,1,4,2,4,1,1,2
SF,IH2003,2019-11-29 09:32:31.100,2923.6000,14038,0,83273820.000,0,-,-,-,-,2923.4000,2923.0000,2922.6000,2922.4000,2921.8000,2923.6000,2923.8000,2924.2000,2924.4000,2925.8000,1,4,4,1,4,2,7,1,1,2
SF,IH2003,2019-11-29 09:32:31.600,2923.6000,14038,0,83273820.000,0,-,-,-,-,2923.0000,2922.6000,2922.4000,2921.8000,2921.6000,2923.6000,2923.8000,2924.2000,2924.4000,2925.8000,4,4,1,4,4,2,7,1,1,2
SF,IH2003,2019-11-29 09:32:32.100,2923.6000,14038,0,83273820.000,0,-,-,-,-,2923.2000,2923.0000,2922.6000,2922.4000,2921.8000,2923.6000,2923.8000,2924.2000,2924.4000,2925.8000,2,3,4,1,4,2,7,1,1,2
SF,IH2003,2019-11-29 09:32:32.600,2923.6000,14038,0,83273820.000,0,-,-,-,-,2923.2000,2923.0000,2922.6000,2922.4000,2921.8000,2923.6000,2923.8000,2924.2000,2924.4000,2925.8000,1,3,4,1,4,2,7,1,1,2
SF,IH2003,2019-11-29 09:32:33.100,2923.6000,14038,0,83273820.000,0,-,-,-,-,2923.0000,2922.6000,2922.4000,2921.8000,2921.6000,2923.6000,2923.8000,2924.2000,2924.4000,2925.8000,3,4,1,4,4,2,7,1,1,2
SF,IH2003,2019-11-29 09:32:33.600,2923.6000,14038,0,83273820.000,0,-,-,-,-,2923.2000,2923.0000,2922.6000,2922.4000,2921.8000,2923.6000,2923.8000,2924.2000,2924.4000,2925.8000,1,3,4,1,4,2,7,1,1,2
SF,IH2003,2019-11-29 09:32:34.100,2923.6000,14038,0,83273820.000,0,-,-,-,-,2923.0000,2922.6000,2922.4000,2921.8000,2921.6000,2923.6000,2923.8000,2924.2000,2924.4000,2925.8000,3,4,1,4,4,2,7,1,1,2
SF,IH2003,2019-11-29 09:32:34.600,2923.6000,14038,0,83273820.000,0,-,-,-,-,2923.2000,2923.0000,2922.6000,2922.4000,2921.8000,2923.6000,2923.8000,2924.2000,2924.4000,2925.8000,1,3,4,1,4,2,7,1,1,2
SF,IH2003,2019-11-29 09:32:35.100,2923.8000,14038,0,84150960.000,1,0,1,多换,S,2923.0000,2922.6000,2922.4000,2921.8000,2921.6000,2923.8000,2924.2000,2924.4000,2925.8000,2929.0000,3,4,1,4,4,6,1,1,2,1
SF,IH2003,2019-11-29 09:32:35.600,2923.8000,14038,0,84150960.000,0,-,-,-,-,2923.2000,2923.0000,2922.6000,2922.4000,2921.8000,2923.8000,2924.2000,2924.4000,2925.8000,2929.0000,1,3,4,1,4,5,1,1,2,1
SF,IH2003,2019-11-29 09:32:36.100,2923.8000,14038,0,84150960.000,0,-,-,-,-,2923.4000,2923.0000,2922.6000,2922.4000,2921.8000,2923.8000,2924.2000,2924.4000,2925.8000,2929.0000,1,3,4,1,4,3,1,1,2,1
SF,IH2003,2019-11-29 09:32:36.600,2923.8000,14038,0,84150960.000,0,-,-,-,-,2923.8000,2923.0000,2922.6000,2922.4000,2921.8000,2924.2000,2924.4000,2925.8000,2929.0000,2929.8000,1,3,4,1,4,1,1,2,1,6
SF,IH2003,2019-11-29 09:32:37.100,2923.8000,14038,0,85028100.000,1,0,1,多换,S,2923.0000,2922.6000,2922.4000,2921.8000,2921.6000,2923.8000,2924.2000,2924.4000,2925.8000,2929.0000,3,4,1,4,4,2,1,4,2,1
SF,IH2003,2019-11-29 09:32:37.600,2923.8000,14038,0,85028100.000,0,-,-,-,-,2923.2000,2923.0000,2922.6000,2922.4000,2921.8000,2924.2000,2924.4000,2925.8000,2929.0000,2929.8000,1,3,4,1,4,1,4,2,1,6
SF,IH2003,2019-11-29 09:32:38.100,2923.8000,14038,0,85028100.000,0,-,-,-,-,2923.4000,2923.0000,2922.6000,2922.4000,2921.8000,2924.2000,2924.4000,2925.8000,2929.0000,2929.8000,1,3,4,1,4,1,4,2,1,6
SF,IH2003,2019-11-29 09:32:38.600,2923.8000,14038,0,85028100.000,0,-,-,-,-,2923.0000,2922.6000,2922.4000,2921.8000,2921.6000,2924.2000,2924.4000,2925.8000,2929.0000,2929.8000,3,4,1,4,4,1,4,2,1,6
SF,IH2003,2019-11-29 09:32:39.100,2923.8000,14038,0,85028100.000,0,-,-,-,-,2923.2000,2923.0000,2922.6000,2922.4000,2921.8000,2924.2000,2924.4000,2925.8000,2929.0000,2929.8000,2,3,4,1,4,1,4,2,1,6
SF,IH2003,2019-11-29 09:32:39.600,2923.8000,14038,0,85028100.000,0,-,-,-,-,2923.2000,2923.0000,2922.6000,2922.4000,2921.8000,2924.2000,2924.4000,2925.8000,2929.0000,2929.8000,2,3,4,1,4,1,4,2,1,6
SF,IH2003,2019-11-29 09:32:40.100,2923.8000,14038,0,85028100.000,0,-,-,-,-,2923.2000,2923.0000,2922.6000,2922.4000,2921.8000,2924.2000,2924.4000,2925.8000,2929.0000,2929.8000,2,3,4,1,4,1,4,2,1,6
SF,IH2003,2019-11-29 09:32:44.100,2923.8000,14038,0,85028100.000,0,-,-,-,-,2923.2000,2923.0000,2922.6000,2922.4000,2921.8000,2924.2000,2924.4000,2925.8000,2929.0000,2929.8000,2,3,4,1,4,1,4,2,1,6
SF,IH2003,2019-11-29 09:32:45.600,2923.8000,14038,0,85028100.000,0,-,-,-,-,2923.2000,2923.0000,2922.6000,2922.4000,2921.8000,2924.2000,2924.4000,2925.8000,2929.0000,2929.8000,2,3,4,1,4,1,4,2,1,6
SF,IH2003,2019-11-29 09:32:46.100,2923.8000,14038,0,85028100.000,0,-,-,-,-,2923.2000,2923.0000,2922.6000,2922.4000,2921.8000,2924.2000,2924.4000,2924.8000,2925.8000,2929.0000,2,3,4,1,4,1,1,3,2,1
SF,IH2003,2019-11-29 09:32:46.600,2923.2000,14038,0,85905060.000,1,0,1,多换,S,2923.0000,2922.6000,2922.4000,2921.8000,2921.6000,2924.0000,2924.2000,2924.4000,2924.8000,2925.8000,3,4,1,4,4,1,1,1,3,2
SF,IH2003,2019-11-29 09:32:47.600,2923.2000,14038,0,85905060.000,0,-,-,-,-,2923.0000,2922.4000,2921.8000,2921.6000,2921.0000,2924.0000,2924.2000,2924.4000,2924.8000,2925.8000,3,1,4,4,1,1,1,1,3,2
SF,IH2003,2019-11-29 09:32:48.100,2923.2000,14038,0,85905060.000,0,-,-,-,-,2922.4000,2921.8000,2921.6000,2921.0000,2920.8000,2924.0000,2924.2000,2924.4000,2924.8000,2925.8000,1,4,4,1,1,2,1,1,3,2
SF,IH2003,2019-11-29 09:32:48.600,2923.2000,14038,0,85905060.000,0,-,-,-,-,2922.4000,2921.8000,2921.6000,2921.0000,2920.8000,2923.8000,2924.0000,2924.2000,2924.4000,2924.8000,2,4,4,1,1,1,2,1,1,3
SF,IH2003,2019-11-29 09:32:49.100,2923.2000,14038,0,85905060.000,0,-,-,-,-,2922.4000,2921.8000,2921.6000,2921.0000,2920.8000,2923.2000,2924.0000,2924.2000,2924.4000,2924.8000,2,4,4,1,1,1,2,1,1,3
SF,IH2003,2019-11-29 09:32:49.600,2923.2000,14038,0,86782020.000,1,0,1,多换,S,2922.4000,2921.8000,2921.6000,2921.0000,2920.8000,2924.0000,2924.2000,2924.4000,2924.8000,2925.8000,2,4,4,1,1,2,1,1,3,2
SF,IH2003,2019-11-29 09:32:50.100,2923.2000,14038,0,86782020.000,0,-,-,-,-,2922.4000,2921.8000,2921.6000,2921.0000,2920.8000,2923.8000,2924.0000,2924.2000,2924.4000,2924.8000,1,4,4,1,1,2,2,1,1,3
SF,IH2003,2019-11-29 09:32:50.600,2923.2000,14038,0,86782020.000,0,-,-,-,-,2922.6000,2922.4000,2921.8000,2921.6000,2921.0000,2923.6000,2923.8000,2924.0000,2924.2000,2924.4000,1,1,4,4,1,1,10,1,1,1
SF,IH2003,2019-11-29 09:32:51.100,2923.2000,14038,0,86782020.000,0,-,-,-,-,2922.6000,2921.8000,2921.6000,2921.0000,2920.8000,2923.4000,2923.6000,2923.8000,2924.0000,2924.2000,1,4,4,1,1,1,1,9,1,1
SF,IH2003,2019-11-29 09:32:51.600,2922.6000,14038,0,87658800.000,1,0,1,多换,S,2921.8000,2921.6000,2921.0000,2920.8000,2920.4000,2923.6000,2923.8000,2924.0000,2924.2000,2924.4000,4,4,1,1,1,1,9,1,1,4
SF,IH2003,2019-11-29 09:32:52.100,2922.6000,14038,0,87658800.000,0,-,-,-,-,2922.0000,2921.8000,2921.6000,2921.0000,2920.8000,2923.4000,2923.6000,2923.8000,2924.0000,2924.2000,3,4,4,1,1,1,1,9,1,1
SF,IH2003,2019-11-29 09:32:52.600,2922.6000,14038,0,87658800.000,0,-,-,-,-,2922.0000,2921.8000,2921.6000,2921.0000,2920.8000,2923.6000,2923.8000,2924.0000,2924.2000,2924.4000,2,4,4,1,1,1,9,1,1,4
SF,IH2003,2019-11-29 09:32:53.100,2922.6000,14038,0,87658800.000,0,-,-,-,-,2922.0000,2921.8000,2921.6000,2921.0000,2920.8000,2923.4000,2923.6000,2923.8000,2924.0000,2924.2000,2,4,4,1,1,1,1,9,1,1
SF,IH2003,2019-11-29 09:32:53.600,2922.6000,14038,0,87658800.000,0,-,-,-,-,2922.0000,2921.8000,2921.6000,2921.0000,2920.8000,2923.6000,2923.8000,2924.0000,2924.2000,2924.4000,2,4,4,1,1,1,9,1,1,4
SF,IH2003,2019-11-29 09:32:54.100,2922.6000,14038,0,87658800.000,0,-,-,-,-,2922.0000,2921.8000,2921.6000,2921.0000,2920.8000,2923.4000,2923.6000,2923.8000,2924.0000,2924.2000,2,4,4,1,1,1,1,9,1,1
SF,IH2003,2019-11-29 09:32:54.600,2922.6000,14038,0,87658800.000,0,-,-,-,-,2922.0000,2921.8000,2921.6000,2921.0000,2920.8000,2923.6000,2923.8000,2924.0000,2924.2000,2924.4000,2,4,4,1,1,1,9,1,1,4
SF,IH2003,2019-11-29 09:32:55.600,2922.6000,14038,0,87658800.000,0,-,-,-,-,2922.0000,2921.8000,2921.6000,2921.0000,2920.8000,2923.4000,2923.6000,2923.8000,2924.0000,2924.2000,2,4,4,1,1,1,1,9,1,1
SF,IH2003,2019-11-29 09:32:56.100,2922.6000,14038,0,87658800.000,0,-,-,-,-,2922.0000,2921.8000,2921.6000,2921.0000,2920.8000,2923.6000,2923.8000,2924.0000,2924.2000,2924.4000,2,4,4,1,1,1,9,1,1,4
SF,IH2003,2019-11-29 09:32:56.600,2922.6000,14038,0,87658800.000,0,-,-,-,-,2922.0000,2921.8000,2921.6000,2921.0000,2920.8000,2923.4000,2923.6000,2923.8000,2924.0000,2924.2000,2,4,4,1,1,1,1,9,1,1
SF,IH2003,2019-11-29 09:32:57.100,2922.6000,14038,0,87658800.000,0,-,-,-,-,2922.0000,2921.8000,2921.6000,2921.0000,2920.8000,2923.6000,2923.8000,2924.0000,2924.2000,2924.4000,2,4,4,1,1,1,9,1,1,4
SF,IH2003,2019-11-29 09:32:58.600,2922.6000,14038,0,87658800.000,0,-,-,-,-,2922.2000,2922.0000,2921.8000,2921.6000,2921.0000,2923.4000,2923.6000,2923.8000,2924.0000,2924.2000,1,2,4,4,1,1,1,9,1,1
SF,IH2003,2019-11-29 09:32:59.100,2922.6000,14038,0,87658800.000,0,-,-,-,-,2922.2000,2922.0000,2921.8000,2921.6000,2921.0000,2923.6000,2923.8000,2924.0000,2924.2000,2924.4000,1,1,4,4,1,1,9,1,1,4
SF,IH2003,2019-11-29 09:32:59.600,2922.6000,14038,0,87658800.000,0,-,-,-,-,2922.4000,2921.8000,2921.6000,2921.0000,2920.8000,2924.0000,2924.2000,2924.4000,2925.8000,2929.0000,2,4,4,1,1,1,1,4,2,1
SF,IH2003,2019-11-29 09:33:00.600,2922.6000,14038,0,87658800.000,0,-,-,-,-,2922.6000,2922.4000,2921.8000,2921.6000,2921.0000,2924.0000,2924.2000,2924.4000,2925.8000,2929.0000,1,2,4,4,1,1,1,4,2,1
SF,IH2003,2019-11-29 09:33:01.100,2922.6000,14038,0,87658800.000,0,-,-,-,-,2922.6000,2922.4000,2921.8000,2921.6000,2921.0000,2924.0000,2924.2000,2924.4000,2925.8000,2929.0000,1,1,4,4,1,1,1,4,2,1
SF,IH2003,2019-11-29 09:33:01.600,2922.6000,14038,0,87658800.000,0,-,-,-,-,2922.6000,2922.4000,2921.8000,2921.6000,2921.0000,2923.8000,2924.0000,2924.2000,2924.4000,2925.8000,1,1,4,4,1,1,1,1,4,2
SF,IH2003,2019-11-29 09:33:02.100,2922.6000,14038,0,87658800.000,0,-,-,-,-,2922.8000,2922.4000,2921.8000,2921.6000,2921.0000,2924.0000,2924.2000,2924.4000,2925.8000,2929.0000,3,1,4,4,1,1,1,4,2,1
SF,IH2003,2019-11-29 09:33:02.600,2922.6000,14038,0,87658800.000,0,-,-,-,-,2922.8000,2922.4000,2921.8000,2921.6000,2921.0000,2924.0000,2924.2000,2924.4000,2925.8000,2929.0000,2,1,4,4,1,1,1,4,2,1
SF,IH2003,2019-11-29 09:33:03.100,2922.6000,14038,0,87658800.000,0,-,-,-,-,2923.0000,2922.4000,2921.8000,2921.6000,2921.0000,2924.0000,2924.2000,2924.4000,2925.8000,2929.0000,2,1,4,4,1,1,1,4,2,1
SF,IH2003,2019-11-29 09:33:05.600,2922.6000,14038,0,87658800.000,0,-,-,-,-,2923.0000,2922.4000,2921.8000,2921.6000,2921.0000,2924.0000,2924.2000,2924.4000,2925.8000,2929.0000,3,1,4,4,1,1,1,4,2,1
SF,IH2003,2019-11-29 09:33:16.600,2923.0000,14037,-1,90289500.000,3,1,2,多平,S,2922.4000,2921.8000,2921.6000,2921.0000,2920.8000,2924.0000,2924.2000,2924.4000,2925.8000,2929.0000,1,4,4,1,1,1,1,4,2,1
SF,IH2003,2019-11-29 09:33:17.100,2923.0000,14037,0,90289500.000,0,-,-,-,-,2922.4000,2921.8000,2921.6000,2921.0000,2920.8000,2923.8000,2924.0000,2924.2000,2924.4000,2925.8000,1,4,4,1,1,8,1,1,4,2
SF,IH2003,2019-11-29 09:33:17.600,2923.0000,14037,0,90289500.000,0,-,-,-,-,2922.4000,2921.8000,2921.6000,2921.0000,2920.8000,2923.8000,2924.0000,2924.2000,2924.4000,2925.8000,1,4,4,1,1,12,1,1,4,2
SF,IH2003,2019-11-29 09:33:19.100,2922.4000,14037,0,91166220.000,1,0,1,多换,S,2921.8000,2921.6000,2921.0000,2920.8000,2920.4000,2923.8000,2924.0000,2924.2000,2924.4000,2925.8000,4,4,1,1,1,12,1,1,4,2
SF,IH2003,2019-11-29 09:33:19.600,2922.4000,14037,0,91166220.000,0,-,-,-,-,2922.0000,2921.8000,2921.6000,2921.0000,2920.8000,2923.4000,2923.6000,2923.8000,2924.0000,2924.2000,2,4,4,1,1,3,1,12,1,1
SF,IH2003,2019-11-29 09:33:20.100,2922.4000,14037,0,91166220.000,0,-,-,-,-,2922.0000,2921.8000,2921.6000,2921.0000,2920.8000,2923.4000,2923.6000,2923.8000,2924.0000,2924.2000,2,4,4,1,1,3,1,11,1,1
SF,IH2003,2019-11-29 09:33:20.600,2922.4000,14037,0,91166220.000,0,-,-,-,-,2922.2000,2922.0000,2921.8000,2921.6000,2921.0000,2923.4000,2923.8000,2924.0000,2924.2000,2924.4000,1,2,4,4,1,3,11,1,1,1
SF,IH2003,2019-11-29 09:33:21.100,2922.4000,14037,0,91166220.000,0,-,-,-,-,2922.2000,2922.0000,2921.8000,2921.6000,2921.0000,2923.4000,2923.8000,2924.0000,2924.2000,2924.4000,1,1,4,4,1,3,11,1,1,1
SF,IH2003,2019-11-29 09:33:21.600,2922.4000,14037,0,91166220.000,0,-,-,-,-,2922.2000,2922.0000,2921.8000,2921.6000,2921.0000,2923.4000,2923.8000,2924.0000,2924.2000,2924.4000,1,1,4,4,1,3,9,1,1,1
SF,IH2003,2019-11-29 09:33:25.100,2922.4000,14037,0,91166220.000,0,-,-,-,-,2922.2000,2922.0000,2921.8000,2921.6000,2921.0000,2923.2000,2923.4000,2923.8000,2924.0000,2924.2000,1,2,4,4,1,1,3,9,1,1
SF,IH2003,2019-11-29 09:33:25.600,2922.4000,14037,0,91166220.000,0,-,-,-,-,2922.2000,2922.0000,2921.8000,2921.6000,2921.0000,2923.2000,2923.8000,2924.0000,2924.2000,2924.4000,1,2,4,4,1,1,12,1,1,1
SF,IH2003,2019-11-29 09:33:27.600,2922.4000,14037,0,91166220.000,0,-,-,-,-,2922.8000,2922.2000,2922.0000,2921.8000,2921.6000,2923.2000,2923.8000,2924.0000,2924.2000,2924.4000,1,2,2,4,4,1,12,1,1,1
SF,IH2003,2019-11-29 09:33:29.100,2923.2000,14038,1,92043180.000,1,1,0,双开,S,2922.8000,2922.2000,2922.0000,2921.8000,2921.6000,2923.8000,2924.0000,2924.2000,2924.4000,2925.8000,1,2,2,4,4,12,1,1,1,2
SF,IH2003,2019-11-29 09:33:30.100,2923.2000,14038,0,92043180.000,0,-,-,-,-,2922.8000,2922.2000,2922.0000,2921.8000,2921.6000,2923.6000,2923.8000,2924.0000,2924.2000,2924.4000,1,2,2,4,4,1,12,1,1,1
SF,IH2003,2019-11-29 09:33:30.600,2923.2000,14038,0,92043180.000,0,-,-,-,-,2922.8000,2922.2000,2922.0000,2921.8000,2921.6000,2923.8000,2924.0000,2924.2000,2924.4000,2925.8000,1,2,2,4,4,5,1,4,1,2
SF,IH2003,2019-11-29 09:33:32.100,2923.2000,14038,0,92043180.000,0,-,-,-,-,2922.8000,2922.2000,2922.0000,2921.8000,2921.6000,2923.6000,2923.8000,2924.0000,2924.2000,2924.4000,1,2,2,4,4,1,5,1,4,1
SF,IH2003,2019-11-29 09:33:32.600,2923.2000,14038,0,92043180.000,0,-,-,-,-,2922.8000,2922.2000,2922.0000,2921.8000,2921.6000,2923.8000,2924.0000,2924.2000,2924.4000,2925.8000,1,1,2,4,4,5,1,3,1,2
SF,IH2003,2019-11-29 09:33:33.100,2923.2000,14038,0,92043180.000,0,-,-,-,-,2923.0000,2922.8000,2922.2000,2922.0000,2921.8000,2923.8000,2924.0000,2924.2000,2924.4000,2925.8000,1,1,1,2,4,5,1,3,1,2
SF,IH2003,2019-11-29 09:33:33.600,2923.2000,14038,0,92043180.000,0,-,-,-,-,2923.0000,2922.8000,2922.2000,2922.0000,2921.8000,2923.8000,2924.0000,2924.2000,2924.4000,2925.8000,1,1,1,1,4,5,1,3,1,2
SF,IH2003,2019-11-29 09:33:36.600,2923.2000,14038,0,92043180.000,0,-,-,-,-,2923.0000,2922.8000,2922.2000,2921.8000,2921.6000,2923.8000,2924.0000,2924.2000,2924.4000,2925.8000,1,1,1,4,4,5,1,3,1,2
SF,IH2003,2019-11-29 09:33:37.600,2923.0000,14038,0,92920080.000,1,0,1,多换,S,2922.8000,2922.2000,2921.8000,2921.6000,2921.0000,2923.8000,2924.0000,2924.2000,2924.4000,2925.8000,1,1,4,4,1,5,1,3,1,2
SF,IH2003,2019-11-29 09:33:38.100,2923.0000,14038,0,92920080.000,0,-,-,-,-,2923.0000,2922.8000,2922.2000,2922.0000,2921.8000,2923.8000,2924.0000,2924.2000,2924.4000,2925.8000,1,1,1,1,4,5,1,3,1,2
SF,IH2003,2019-11-29 09:33:40.100,2923.0000,14037,-1,93796980.000,1,0,1,双平,S,2922.8000,2922.2000,2922.0000,2921.8000,2921.6000,2923.8000,2924.0000,2924.2000,2924.4000,2925.8000,1,1,1,4,4,5,1,3,1,2
SF,IH2003,2019-11-29 09:33:40.600,2922.8000,14038,1,94673820.000,1,1,0,双开,S,2922.2000,2922.0000,2921.8000,2921.6000,2921.0000,2923.8000,2924.0000,2924.2000,2924.4000,2925.8000,1,1,4,4,1,5,1,3,1,2
SF,IH2003,2019-11-29 09:33:41.100,2922.8000,14038,0,94673820.000,0,-,-,-,-,2922.2000,2922.0000,2921.8000,2921.6000,2921.0000,2922.8000,2923.6000,2923.8000,2924.0000,2924.2000,1,1,4,4,1,2,1,5,1,3
SF,IH2003,2019-11-29 09:33:41.600,2922.8000,14040,2,97304160.000,3,2,1,空开,S,2922.0000,2921.8000,2921.6000,2921.0000,2920.8000,2923.0000,2923.6000,2923.8000,2924.0000,2924.4000,1,4,4,1,1,3,5,5,1,1
SF,IH2003,2019-11-29 09:33:42.100,2923.0000,14041,1,98181060.000,1,1,0,双开,S,2922.0000,2921.8000,2921.6000,2921.0000,2920.8000,2923.6000,2923.8000,2924.0000,2924.4000,2925.8000,1,4,4,1,1,4,5,1,1,2
SF,IH2003,2019-11-29 09:33:42.600,2923.0000,14041,0,98181060.000,0,-,-,-,-,2922.0000,2921.8000,2921.6000,2921.0000,2920.8000,2923.4000,2923.6000,2923.8000,2924.0000,2924.4000,1,4,4,1,1,8,4,5,1,1
SF,IH2003,2019-11-29 09:33:43.100,2923.0000,14041,0,98181060.000,0,-,-,-,-,2922.0000,2921.8000,2921.6000,2921.0000,2920.8000,2923.2000,2923.4000,2923.6000,2923.8000,2924.0000,1,4,4,1,1,1,8,4,4,1
SF,IH2003,2019-11-29 09:33:43.600,2923.0000,14041,0,98181060.000,0,-,-,-,-,2922.2000,2922.0000,2921.8000,2921.6000,2921.0000,2923.2000,2923.4000,2923.6000,2923.8000,2924.0000,1,1,4,4,1,1,4,4,6,1
SF,IH2003,2019-11-29 09:33:44.100,2923.0000,14041,0,98181060.000,0,-,-,-,-,2922.2000,2922.0000,2921.8000,2921.6000,2921.0000,2923.2000,2923.4000,2923.6000,2923.8000,2924.0000,1,1,4,4,1,1,4,4,6,1
SF,IH2003,2019-11-29 09:33:45.100,2923.0000,14041,0,98181060.000,0,-,-,-,-,2922.4000,2922.2000,2922.0000,2921.8000,2921.6000,2923.2000,2923.8000,2924.0000,2924.4000,2925.8000,1,1,1,4,4,1,6,1,1,2
SF,IH2003,2019-11-29 09:33:45.600,2923.0000,14041,0,98181060.000,0,-,-,-,-,2922.2000,2922.0000,2921.8000,2921.6000,2921.0000,2923.2000,2923.8000,2924.0000,2924.4000,2925.8000,1,1,4,4,1,1,6,1,1,2
SF,IH2003,2019-11-29 09:33:46.100,2923.0000,14041,0,98181060.000,0,-,-,-,-,2922.0000,2921.8000,2921.6000,2921.0000,2920.8000,2923.2000,2923.8000,2924.0000,2924.4000,2925.8000,1,4,4,1,1,1,6,1,1,2
SF,IH2003,2019-11-29 09:33:46.600,2923.0000,14041,0,98181060.000,0,-,-,-,-,2922.2000,2922.0000,2921.8000,2921.6000,2921.0000,2923.2000,2923.6000,2923.8000,2924.0000,2924.4000,1,1,4,4,1,1,1,6,1,1
SF,IH2003,2019-11-29 09:33:47.100,2923.0000,14041,0,98181060.000,0,-,-,-,-,2922.0000,2921.8000,2921.6000,2921.0000,2920.8000,2923.2000,2923.6000,2923.8000,2924.0000,2924.4000,1,4,4,1,1,1,1,6,1,1
SF,IH2003,2019-11-29 09:33:49.100,2923.0000,14041,0,98181060.000,0,-,-,-,-,2922.0000,2921.8000,2921.6000,2921.0000,2920.8000,2923.2000,2923.6000,2923.8000,2924.0000,2924.4000,1,4,4,1,1,1,1,6,1,1
SF,IH2003,2019-11-29 09:33:50.600,2923.0000,14041,0,98181060.000,0,-,-,-,-,2922.2000,2922.0000,2921.8000,2921.6000,2921.0000,2923.2000,2923.6000,2923.8000,2924.0000,2924.4000,14,1,5,4,1,1,1,2,1,1
SF,IH2003,2019-11-29 09:33:51.100,2923.0000,14042,1,99057960.000,1,1,0,双开,S,2922.0000,2921.0000,2920.8000,2920.4000,2920.2000,2923.2000,2923.6000,2923.8000,2924.0000,2924.4000,1,1,1,1,1,1,1,2,1,1
SF,IH2003,2019-11-29 09:33:51.600,2923.0000,14042,0,99057960.000,0,-,-,-,-,2922.2000,2922.0000,2921.0000,2920.8000,2920.4000,2923.2000,2923.6000,2923.8000,2924.0000,2924.4000,3,1,1,1,1,1,1,2,1,1
SF,IH2003,2019-11-29 09:33:53.100,2923.0000,14042,0,99057960.000,0,-,-,-,-,2922.2000,2922.0000,2921.0000,2920.8000,2920.4000,2923.2000,2923.6000,2923.8000,2924.0000,2924.4000,2,1,1,1,1,1,1,2,1,1
SF,IH2003,2019-11-29 09:34:00.100,2923.0000,14042,0,99057960.000,0,-,-,-,-,2922.2000,2922.0000,2921.0000,2920.8000,2920.4000,2923.2000,2923.8000,2924.0000,2924.4000,2925.8000,2,1,1,1,1,1,2,1,1,2
SF,IH2003,2019-11-29 09:34:00.600,2923.2000,14041,-1,99934920.000,1,0,1,双平,S,2922.4000,2922.2000,2922.0000,2921.0000,2920.8000,2923.0000,2923.8000,2924.0000,2924.4000,2925.8000,1,2,1,1,1,1,2,1,1,2
SF,IH2003,2019-11-29 09:34:01.100,2923.0000,14040,-1,100811820.000,1,0,1,双平,S,2922.2000,2922.0000,2921.0000,2920.8000,2920.4000,2923.6000,2923.8000,2924.0000,2924.4000,2925.8000,2,1,1,1,1,1,2,1,1,2
SF,IH2003,2019-11-29 09:34:01.600,2923.0000,14040,0,100811820.000,0,-,-,-,-,2922.4000,2922.2000,2922.0000,2921.0000,2920.8000,2924.0000,2924.2000,2924.4000,2925.8000,2929.0000,1,2,1,1,1,1,2,1,2,1
SF,IH2003,2019-11-29 09:34:02.100,2923.0000,14040,0,100811820.000,0,-,-,-,-,2922.2000,2922.0000,2921.0000,2920.8000,2920.4000,2923.8000,2924.0000,2924.2000,2924.4000,2925.8000,2,1,1,1,1,6,1,2,1,2
SF,IH2003,2019-11-29 09:34:02.600,2923.0000,14040,0,100811820.000,0,-,-,-,-,2922.4000,2922.0000,2921.0000,2920.8000,2920.4000,2923.8000,2924.0000,2924.2000,2924.4000,2925.8000,4,1,1,1,1,1,1,2,1,2
SF,IH2003,2019-11-29 09:34:03.100,2923.0000,14040,0,100811820.000,0,-,-,-,-,2922.6000,2922.4000,2922.0000,2921.0000,2920.8000,2924.0000,2924.2000,2924.4000,2925.8000,2929.0000,1,12,1,1,1,1,2,1,2,1
SF,IH2003,2019-11-29 09:34:03.600,2923.0000,14040,0,100811820.000,0,-,-,-,-,2922.8000,2922.6000,2922.4000,2922.0000,2921.0000,2924.0000,2924.4000,2924.6000,2925.8000,2929.0000,1,2,8,1,1,1,1,2,2,1
SF,IH2003,2019-11-29 09:34:04.100,2923.0000,14040,0,100811820.000,0,-,-,-,-,2923.0000,2922.8000,2922.6000,2922.4000,2922.0000,2924.0000,2924.4000,2924.6000,2925.8000,2929.0000,1,17,2,8,1,1,1,2,2,1
SF,IH2003,2019-11-29 09:34:04.600,2923.0000,14040,0,101688720.000,1,0,1,多换,S,2923.0000,2922.8000,2922.6000,2922.4000,2922.0000,2924.0000,2924.4000,2924.6000,2925.8000,2929.0000,2,13,2,8,1,1,1,2,2,1
SF,IH2003,2019-11-29 09:34:05.100,2923.0000,14040,0,101688720.000,0,-,-,-,-,2923.0000,2922.8000,2922.6000,2922.4000,2922.0000,2924.0000,2924.4000,2924.6000,2925.8000,2929.0000,2,5,2,8,1,1,1,2,2,1
SF,IH2003,2019-11-29 09:34:06.100,2923.0000,14040,0,101688720.000,0,-,-,-,-,2923.0000,2922.8000,2922.6000,2922.4000,2922.0000,2923.8000,2924.0000,2924.4000,2924.6000,2925.8000,2,5,2,8,1,1,1,1,2,2
SF,IH2003,2019-11-29 09:34:06.600,2923.0000,14040,0,101688720.000,0,-,-,-,-,2923.0000,2922.8000,2922.6000,2922.4000,2922.0000,2923.6000,2924.0000,2924.4000,2924.6000,2925.8000,2,1,2,8,1,1,1,1,2,2
SF,IH2003,2019-11-29 09:34:07.100,2923.6000,14040,0,102565800.000,1,0,1,多换,S,2923.6000,2923.0000,2922.8000,2922.6000,2922.4000,2924.0000,2924.4000,2924.6000,2925.8000,2929.0000,4,2,1,2,8,1,1,2,2,1
SF,IH2003,2019-11-29 09:34:07.600,2923.6000,14040,0,102565800.000,0,-,-,-,-,2922.8000,2922.6000,2922.4000,2922.0000,2921.0000,2924.0000,2924.4000,2924.6000,2925.8000,2929.0000,1,2,8,1,1,1,1,2,2,1
SF,IH2003,2019-11-29 09:34:08.600,2923.6000,14040,0,102565800.000,0,-,-,-,-,2923.0000,2922.8000,2922.6000,2922.4000,2922.0000,2924.0000,2924.4000,2924.6000,2925.8000,2929.0000,3,1,2,8,1,1,1,2,2,1
SF,IH2003,2019-11-29 09:34:10.100,2923.6000,14040,0,102565800.000,0,-,-,-,-,2923.0000,2922.8000,2922.6000,2922.4000,2922.0000,2924.0000,2924.4000,2924.6000,2925.8000,2929.0000,2,1,2,8,1,1,1,2,2,1
SF,IH2003,2019-11-29 09:34:14.600,2923.6000,14040,0,102565800.000,0,-,-,-,-,2922.8000,2922.6000,2922.4000,2922.0000,2921.0000,2924.0000,2924.4000,2924.6000,2925.8000,2929.0000,1,2,4,1,1,1,1,2,2,1
SF,IH2003,2019-11-29 09:34:15.100,2923.6000,14040,0,102565800.000,0,-,-,-,-,2922.6000,2922.4000,2922.0000,2921.0000,2920.8000,2924.0000,2924.4000,2924.6000,2925.8000,2929.0000,1,4,1,1,1,1,1,2,2,1
SF,IH2003,2019-11-29 09:34:16.100,2923.6000,14040,0,102565800.000,0,-,-,-,-,2922.6000,2922.4000,2922.0000,2921.0000,2920.8000,2924.0000,2924.4000,2924.6000,2925.8000,2929.0000,1,4,1,1,1,1,1,2,2,1
SF,IH2003,2019-11-29 09:34:17.100,2923.6000,14040,0,102565800.000,0,-,-,-,-,2922.8000,2922.6000,2922.4000,2922.0000,2921.0000,2924.0000,2924.4000,2924.6000,2925.8000,2929.0000,1,1,4,1,1,1,1,2,2,1
SF,IH2003,2019-11-29 09:34:17.600,2923.6000,14040,0,102565800.000,0,-,-,-,-,2922.6000,2922.4000,2922.0000,2921.0000,2920.8000,2924.0000,2924.4000,2924.6000,2925.8000,2929.0000,1,4,1,1,1,1,1,2,2,1
SF,IH2003,2019-11-29 09:34:18.600,2923.6000,14040,0,102565800.000,0,-,-,-,-,2922.8000,2922.6000,2922.4000,2922.0000,2921.0000,2924.0000,2924.4000,2924.6000,2925.8000,2929.0000,1,2,4,1,1,1,1,2,2,1
SF,IH2003,2019-11-29 09:34:19.100,2923.6000,14040,0,102565800.000,0,-,-,-,-,2923.0000,2922.6000,2922.4000,2922.0000,2921.0000,2924.0000,2924.4000,2924.6000,2925.8000,2929.0000,2,2,4,1,1,1,1,2,2,1
SF,IH2003,2019-11-29 09:34:23.600,2923.0000,14041,1,103442700.000,1,1,0,双开,S,2923.0000,2922.6000,2922.4000,2922.0000,2921.0000,2924.0000,2924.4000,2924.6000,2925.8000,2929.0000,1,2,4,1,1,1,1,2,2,1
SF,IH2003,2019-11-29 09:34:24.100,2923.0000,14041,0,103442700.000,0,-,-,-,-,2923.2000,2923.0000,2922.6000,2922.4000,2922.0000,2924.0000,2924.4000,2924.6000,2925.8000,2929.0000,1,1,2,6,1,1,1,2,2,1
SF,IH2003,2019-11-29 09:34:24.600,2923.0000,14041,0,103442700.000,0,-,-,-,-,2923.2000,2922.6000,2922.4000,2922.0000,2920.8000,2924.0000,2924.4000,2924.6000,2925.8000,2929.0000,1,2,6,2,1,1,1,2,2,1
SF,IH2003,2019-11-29 09:34:25.100,2923.0000,14041,0,103442700.000,0,-,-,-,-,2923.2000,2922.6000,2922.4000,2922.0000,2920.8000,2924.0000,2924.4000,2924.6000,2925.8000,2929.0000,1,2,6,2,1,1,1,2,2,1
SF,IH2003,2019-11-29 09:34:29.600,2923.0000,14041,0,103442700.000,0,-,-,-,-,2923.2000,2922.6000,2922.4000,2922.0000,2920.8000,2924.0000,2924.4000,2924.6000,2925.8000,2929.0000,1,1,6,2,1,1,1,2,2,1
SF,IH2003,2019-11-29 09:34:42.100,2924.0000,14041,0,104319900.000,1,0,1,多换,S,2923.2000,2922.6000,2922.4000,2922.0000,2920.8000,2924.4000,2924.6000,2925.8000,2929.0000,2929.8000,1,1,6,2,1,1,2,2,1,5
SF,IH2003,2019-11-29 09:34:42.600,2924.0000,14041,0,104319900.000,0,-,-,-,-,2923.4000,2923.2000,2922.6000,2922.4000,2922.0000,2924.4000,2925.0000,2925.8000,2929.0000,2929.8000,1,1,1,6,2,1,2,2,1,5
SF,IH2003,2019-11-29 09:34:47.600,2924.0000,14041,0,104319900.000,0,-,-,-,-,2923.6000,2923.4000,2923.2000,2922.6000,2922.4000,2924.4000,2925.0000,2925.8000,2929.0000,2929.8000,1,1,1,1,6,1,2,2,1,5
SF,IH2003,2019-11-29 09:34:48.100,2924.0000,14041,0,104319900.000,0,-,-,-,-,2923.4000,2923.2000,2922.4000,2922.0000,2920.8000,2924.4000,2925.0000,2925.8000,2929.0000,2929.8000,1,1,6,2,1,1,2,2,1,5
SF,IH2003,2019-11-29 09:34:48.600,2924.0000,14041,0,104319900.000,0,-,-,-,-,2923.6000,2923.4000,2923.2000,2922.4000,2922.0000,2924.4000,2925.0000,2925.8000,2929.0000,2929.8000,2,1,1,6,2,1,2,2,1,5
SF,IH2003,2019-11-29 09:34:49.100,2924.0000,14041,0,104319900.000,0,-,-,-,-,2923.6000,2923.4000,2923.2000,2922.4000,2922.0000,2924.4000,2925.0000,2925.8000,2929.0000,2929.8000,2,1,1,6,2,1,2,2,1,5
SF,IH2003,2019-11-29 09:34:49.600,2924.0000,14041,0,104319900.000,0,-,-,-,-,2923.6000,2923.2000,2922.4000,2922.0000,2920.8000,2924.4000,2925.0000,2925.8000,2929.0000,2929.8000,2,1,6,2,1,1,2,2,1,5
SF,IH2003,2019-11-29 09:34:50.100,2924.0000,14041,0,104319900.000,0,-,-,-,-,2923.8000,2923.6000,2923.2000,2922.4000,2922.0000,2924.4000,2925.0000,2925.8000,2929.0000,2929.8000,1,2,1,6,2,1,2,2,1,5
SF,IH2003,2019-11-29 09:34:50.600,2924.0000,14041,0,104319900.000,0,-,-,-,-,2923.8000,2923.6000,2923.2000,2922.4000,2922.0000,2924.4000,2925.0000,2925.8000,2929.0000,2929.8000,1,1,1,6,2,1,2,2,1,5
SF,IH2003,2019-11-29 09:34:53.100,2924.0000,14041,0,104319900.000,0,-,-,-,-,2923.8000,2923.6000,2923.2000,2922.4000,2922.0000,2924.4000,2925.0000,2925.8000,2929.0000,2929.8000,1,1,1,6,2,1,2,2,1,5
SF,IH2003,2019-11-29 09:34:53.600,2924.0000,14041,0,104319900.000,0,-,-,-,-,2923.8000,2923.6000,2922.4000,2922.0000,2920.8000,2924.4000,2925.0000,2925.8000,2929.0000,2929.8000,1,1,6,2,1,1,2,1,1,5
SF,IH2003,2019-11-29 09:34:54.100,2924.0000,14041,0,104319900.000,0,-,-,-,-,2924.0000,2923.8000,2923.6000,2922.4000,2922.0000,2924.4000,2925.0000,2925.8000,2929.0000,2929.8000,1,1,1,6,2,1,2,1,1,5
SF,IH2003,2019-11-29 09:34:54.600,2924.4000,14042,1,105197220.000,1,1,0,双开,S,2924.4000,2924.0000,2923.8000,2923.6000,2922.4000,2925.0000,2925.8000,2929.0000,2929.8000,2931.6000,4,1,1,1,6,2,1,1,5,1
SF,IH2003,2019-11-29 09:34:55.100,2924.4000,14042,0,105197220.000,0,-,-,-,-,2924.6000,2924.4000,2924.0000,2923.8000,2923.6000,2925.0000,2925.8000,2929.0000,2929.8000,2931.6000,1,3,1,1,1,2,1,1,5,1
SF,IH2003,2019-11-29 09:34:55.600,2925.0000,14042,0,106074720.000,1,0,1,多换,S,2924.6000,2924.4000,2923.8000,2923.6000,2922.4000,2925.0000,2925.8000,2929.0000,2929.8000,2931.6000,1,3,1,1,6,1,1,1,5,1
SF,IH2003,2019-11-29 09:34:56.100,2925.8000,14042,0,106952460.000,1,0,1,多换,S,2924.8000,2924.6000,2924.4000,2923.8000,2923.6000,2925.6000,2929.0000,2929.8000,2931.6000,2932.0000,1,1,3,1,1,1,1,5,1,1
SF,IH2003,2019-11-29 09:34:56.600,2925.8000,14042,0,106952460.000,0,-,-,-,-,2924.8000,2924.6000,2924.4000,2923.6000,2922.4000,2925.4000,2926.2000,2929.0000,2929.8000,2931.6000,1,1,3,1,6,4,1,1,5,1
SF,IH2003,2019-11-29 09:34:57.100,2925.8000,14042,0,106952460.000,0,-,-,-,-,2925.0000,2924.8000,2924.6000,2924.4000,2923.6000,2925.4000,2926.2000,2929.0000,2929.8000,2931.6000,1,1,1,3,1,4,1,1,5,1
SF,IH2003,2019-11-29 09:34:57.600,2925.0000,14041,-1,107829960.000,1,0,1,双平,S,2925.2000,2925.0000,2924.8000,2924.6000,2924.4000,2925.4000,2926.2000,2929.0000,2929.8000,2931.6000,1,1,1,1,3,4,1,1,5,1
SF,IH2003,2019-11-29 09:34:58.100,2925.2000,14041,0,108707520.000,1,0,1,多换,S,2925.0000,2924.8000,2924.6000,2924.4000,2923.6000,2925.2000,2925.4000,2926.2000,2929.0000,2929.8000,1,1,1,3,1,1,4,1,1,5
SF,IH2003,2019-11-29 09:34:58.600,2925.2000,14041,0,108707520.000,0,-,-,-,-,2925.0000,2924.8000,2924.6000,2924.4000,2923.6000,2925.2000,2926.2000,2929.0000,2929.8000,2931.6000,1,1,1,3,1,1,1,1,5,1
SF,IH2003,2019-11-29 09:34:59.100,2925.0000,14041,0,109585020.000,1,0,1,多换,S,2924.8000,2924.6000,2924.4000,2923.6000,2922.4000,2925.2000,2926.2000,2929.0000,2929.8000,2931.6000,1,1,3,1,6,1,1,1,5,1
SF,IH2003,2019-11-29 09:34:59.600,2925.2000,14041,0,110462580.000,1,0,1,多换,S,2925.2000,2924.8000,2924.6000,2924.4000,2923.6000,2926.2000,2929.0000,2929.8000,2931.6000,2932.0000,1,1,1,3,1,1,1,5,1,1
SF,IH2003,2019-11-29 09:35:00.100,2925.2000,14041,0,110462580.000,0,-,-,-,-,2924.8000,2924.6000,2924.4000,2923.6000,2922.4000,2926.0000,2926.2000,2929.0000,2929.8000,2931.6000,1,1,3,1,6,14,1,1,5,1
SF,IH2003,2019-11-29 09:35:00.600,2925.2000,14041,0,110462580.000,0,-,-,-,-,2924.8000,2924.6000,2924.4000,2923.6000,2922.4000,2926.0000,2926.2000,2929.0000,2929.8000,2931.6000,1,1,2,1,6,14,1,1,5,1
SF,IH2003,2019-11-29 09:35:01.100,2925.2000,14041,0,110462580.000,0,-,-,-,-,2925.2000,2924.8000,2924.6000,2924.4000,2923.6000,2926.0000,2926.2000,2929.0000,2929.8000,2931.6000,1,1,1,2,1,14,1,1,5,1
SF,IH2003,2019-11-29 09:35:01.600,2925.2000,14041,0,110462580.000,0,-,-,-,-,2925.2000,2924.8000,2924.6000,2924.4000,2923.6000,2926.0000,2926.2000,2929.0000,2929.8000,2931.6000,1,1,1,2,1,10,1,1,5,1
SF,IH2003,2019-11-29 09:35:02.100,2925.2000,14041,0,110462580.000,0,-,-,-,-,2925.2000,2924.8000,2924.6000,2924.4000,2923.6000,2925.8000,2926.0000,2926.2000,2929.0000,2929.8000,1,1,1,2,1,1,10,1,1,5
SF,IH2003,2019-11-29 09:35:02.600,2925.2000,14041,0,110462580.000,0,-,-,-,-,2925.2000,2924.8000,2924.6000,2924.4000,2923.6000,2925.8000,2926.0000,2926.2000,2929.0000,2929.8000,1,1,1,2,1,1,9,1,1,5
SF,IH2003,2019-11-29 09:35:03.100,2925.2000,14041,0,110462580.000,0,-,-,-,-,2925.2000,2924.8000,2924.6000,2924.4000,2923.6000,2925.8000,2926.0000,2926.2000,2929.0000,2929.8000,1,1,1,2,1,1,8,1,1,5
SF,IH2003,2019-11-29 09:35:03.600,2925.2000,14041,0,111340140.000,1,0,1,多换,S,2924.8000,2924.6000,2924.4000,2923.6000,2922.4000,2925.8000,2926.0000,2926.2000,2929.0000,2929.8000,1,1,2,1,6,1,8,1,1,5
SF,IH2003,2019-11-29 09:35:04.100,2925.2000,14041,0,111340140.000,0,-,-,-,-,2925.0000,2924.8000,2924.6000,2924.4000,2923.6000,2925.8000,2926.2000,2929.0000,2929.8000,2931.6000,1,1,1,2,1,1,1,1,5,1
SF,IH2003,2019-11-29 09:35:04.600,2925.2000,14041,0,111340140.000,0,-,-,-,-,2924.6000,2924.4000,2923.6000,2922.4000,2922.0000,2926.0000,2926.2000,2929.0000,2929.8000,2931.6000,1,2,1,6,2,1,1,1,5,1
SF,IH2003,2019-11-29 09:35:05.100,2925.2000,14041,0,111340140.000,0,-,-,-,-,2924.8000,2924.6000,2924.4000,2923.6000,2922.4000,2925.8000,2926.0000,2926.2000,2929.0000,2929.8000,1,1,2,1,6,1,1,1,1,5
SF,IH2003,2019-11-29 09:35:05.600,2925.2000,14041,0,111340140.000,0,-,-,-,-,2924.8000,2924.6000,2924.4000,2923.6000,2922.4000,2925.8000,2926.0000,2926.2000,2929.0000,2929.8000,1,1,2,1,6,9,1,1,1,5
SF,IH2003,2019-11-29 09:35:06.100,2924.8000,14040,-1,112217580.000,1,0,1,双平,S,2924.6000,2924.4000,2923.6000,2922.4000,2922.0000,2924.8000,2925.2000,2925.6000,2925.8000,2926.0000,1,2,1,6,2,2,2,6,9,2
SF,IH2003,2019-11-29 09:35:06.600,2924.8000,14039,-1,113972400.000,2,0,2,多平,S,2924.4000,2923.6000,2922.4000,2922.0000,2920.8000,2925.0000,2925.6000,2925.8000,2926.0000,2929.0000,2,1,6,2,1,1,1,9,1,1
SF,IH2003,2019-11-29 09:35:07.100,2924.8000,14039,0,113972400.000,0,-,-,-,-,2924.4000,2923.6000,2922.4000,2922.0000,2920.8000,2925.6000,2925.8000,2926.0000,2929.0000,2929.8000,2,1,6,2,1,2,9,1,1,5
SF,IH2003,2019-11-29 09:35:07.600,2924.8000,14039,0,113972400.000,0,-,-,-,-,2924.4000,2923.6000,2922.4000,2922.0000,2920.8000,2925.8000,2926.0000,2929.0000,2929.8000,2931.6000,2,1,6,2,1,9,2,1,5,1
SF,IH2003,2019-11-29 09:35:08.100,2924.8000,14039,0,113972400.000,0,-,-,-,-,2924.6000,2924.4000,2923.6000,2922.4000,2922.0000,2925.8000,2926.0000,2928.0000,2929.0000,2929.8000,2,2,1,6,2,9,2,1,1,5
SF,IH2003,2019-11-29 09:35:08.600,2924.8000,14039,0,113972400.000,0,-,-,-,-,2924.4000,2923.6000,2922.4000,2922.0000,2920.8000,2925.6000,2925.8000,2926.0000,2928.0000,2929.0000,2,1,6,2,1,2,9,2,1,1
SF,IH2003,2019-11-29 09:35:09.100,2924.8000,14039,0,113972400.000,0,-,-,-,-,2924.4000,2923.6000,2922.4000,2922.0000,2920.8000,2925.4000,2925.6000,2925.8000,2926.0000,2928.0000,2,1,6,2,1,5,1,9,3,1
SF,IH2003,2019-11-29 09:35:09.600,2924.8000,14039,0,113972400.000,0,-,-,-,-,2924.4000,2923.6000,2922.4000,2922.0000,2920.8000,2925.4000,2925.8000,2926.0000,2928.0000,2929.0000,2,1,6,2,1,9,9,3,1,1
SF,IH2003,2019-11-29 09:35:10.100,2924.8000,14039,0,113972400.000,0,-,-,-,-,2924.4000,2923.6000,2922.4000,2922.0000,2920.8000,2925.4000,2925.8000,2926.0000,2928.0000,2929.0000,2,1,6,2,1,9,10,2,1,1
SF,IH2003,2019-11-29 09:35:11.100,2924.8000,14039,0,113972400.000,0,-,-,-,-,2924.4000,2923.6000,2922.4000,2922.0000,2920.8000,2925.4000,2925.8000,2926.0000,2928.0000,2929.0000,1,1,6,2,1,9,10,2,1,1
SF,IH2003,2019-11-29 09:35:13.100,2924.8000,14039,0,113972400.000,0,-,-,-,-,2924.4000,2923.6000,2922.4000,2922.0000,2920.8000,2925.2000,2925.4000,2925.8000,2926.0000,2928.0000,1,1,6,2,1,1,9,10,2,1
SF,IH2003,2019-11-29 09:35:13.600,2924.4000,14039,0,114849720.000,1,0,1,多换,S,2923.6000,2922.4000,2922.0000,2920.8000,2920.4000,2925.4000,2925.8000,2926.0000,2928.0000,2929.0000,1,6,2,1,1,8,10,2,1,1
SF,IH2003,2019-11-29 09:35:14.100,2924.4000,14039,0,114849720.000,0,-,-,-,-,2923.8000,2923.6000,2922.4000,2922.0000,2920.8000,2925.4000,2925.8000,2926.0000,2928.0000,2929.0000,1,1,6,2,1,8,10,3,1,1
SF,IH2003,2019-11-29 09:35:14.600,2924.4000,14039,0,114849720.000,0,-,-,-,-,2923.6000,2922.4000,2922.0000,2920.8000,2920.4000,2925.2000,2925.4000,2925.8000,2926.0000,2928.0000,1,6,2,1,1,3,8,9,3,1
SF,IH2003,2019-11-29 09:35:15.100,2923.6000,14038,-1,115726800.000,1,0,1,双平,S,2922.4000,2922.0000,2920.8000,2920.4000,2920.2000,2925.2000,2925.4000,2925.8000,2926.0000,2928.0000,6,2,1,1,1,3,8,9,3,1
SF,IH2003,2019-11-29 09:35:15.600,2923.6000,14038,0,115726800.000,0,-,-,-,-,2922.6000,2922.4000,2922.0000,2920.8000,2920.4000,2924.8000,2925.0000,2925.2000,2925.4000,2925.8000,11,7,2,1,1,1,8,1,9,1
SF,IH2003,2019-11-29 09:35:16.100,2923.6000,14038,0,115726800.000,0,-,-,-,-,2922.8000,2922.6000,2922.4000,2922.0000,2920.8000,2924.6000,2924.8000,2925.0000,2925.4000,2925.8000,5,7,7,2,1,5,1,12,5,1
SF,IH2003,2019-11-29 09:35:16.600,2923.6000,14038,0,115726800.000,0,-,-,-,-,2924.2000,2923.0000,2922.8000,2922.6000,2922.4000,2924.4000,2924.6000,2924.8000,2925.0000,2925.4000,2,2,4,6,6,1,9,1,12,1
SF,IH2003,2019-11-29 09:35:17.100,2923.6000,14038,0,115726800.000,0,-,-,-,-,2924.2000,2923.0000,2922.8000,2922.6000,2922.4000,2924.6000,2925.0000,2925.2000,2925.4000,2925.8000,2,10,4,6,6,1,8,1,1,1
SF,IH2003,2019-11-29 09:35:17.600,2924.2000,14039,1,117481320.000,2,1,1,空开,S,2923.0000,2922.8000,2922.6000,2922.4000,2922.0000,2924.0000,2924.6000,2925.0000,2925.2000,2925.4000,5,4,6,6,2,1,1,8,1,1
SF,IH2003,2019-11-29 09:35:18.100,2924.0000,14038,-1,118358520.000,1,0,1,双平,S,2924.2000,2923.2000,2923.0000,2922.8000,2922.6000,2924.6000,2925.0000,2925.2000,2925.4000,2925.8000,1,1,5,4,6,1,8,1,1,1
SF,IH2003,2019-11-29 09:35:18.600,2924.0000,14038,0,119235720.000,1,0,1,多换,S,2922.6000,2922.4000,2922.0000,2920.8000,2920.4000,2924.0000,2924.2000,2924.4000,2924.6000,2925.0000,1,6,2,1,1,3,6,9,1,8
SF,IH2003,2019-11-29 09:35:19.100,2924.0000,14038,0,119235720.000,0,-,-,-,-,2922.8000,2922.4000,2922.0000,2920.8000,2920.4000,2924.0000,2924.2000,2924.4000,2924.6000,2925.0000,1,6,2,1,1,2,3,8,1,8
SF,IH2003,2019-11-29 09:35:19.600,2924.0000,14038,0,119235720.000,0,-,-,-,-,2922.4000,2922.0000,2920.8000,2920.4000,2920.2000,2923.8000,2924.0000,2924.2000,2924.4000,2925.0000,6,2,1,1,1,2,1,3,8,8
SF,IH2003,2019-11-29 09:35:20.100,2924.0000,14038,0,119235720.000,0,-,-,-,-,2922.6000,2922.4000,2922.0000,2920.8000,2920.4000,2923.8000,2924.0000,2924.2000,2924.4000,2924.8000,1,6,2,1,1,2,1,2,8,1
SF,IH2003,2019-11-29 09:35:20.600,2924.0000,14038,0,119235720.000,0,-,-,-,-,2922.8000,2922.4000,2922.0000,2920.8000,2920.4000,2923.6000,2923.8000,2924.0000,2924.2000,2924.4000,1,2,2,1,1,1,1,1,2,8
SF,IH2003,2019-11-29 09:35:21.100,2924.0000,14038,0,119235720.000,0,-,-,-,-,2923.0000,2922.4000,2922.0000,2920.8000,2920.4000,2923.6000,2923.8000,2924.0000,2924.2000,2924.4000,1,2,2,1,1,2,1,1,2,8
SF,IH2003,2019-11-29 09:35:21.600,2924.0000,14038,0,119235720.000,0,-,-,-,-,2923.0000,2922.4000,2922.0000,2920.8000,2920.4000,2923.8000,2924.0000,2924.2000,2924.4000,2925.0000,1,2,2,1,1,2,1,2,8,8
SF,IH2003,2019-11-29 09:35:22.100,2924.0000,14038,0,119235720.000,0,-,-,-,-,2923.0000,2922.4000,2922.0000,2920.8000,2920.4000,2923.8000,2924.0000,2924.2000,2924.4000,2925.0000,1,2,2,1,1,1,1,2,8,8
SF,IH2003,2019-11-29 09:35:22.600,2924.0000,14038,0,119235720.000,0,-,-,-,-,2923.0000,2922.4000,2922.0000,2920.8000,2920.4000,2923.8000,2924.0000,2924.2000,2924.4000,2925.0000,1,2,2,1,1,1,1,2,9,8
SF,IH2003,2019-11-29 09:35:24.100,2924.0000,14038,0,119235720.000,0,-,-,-,-,2923.0000,2922.4000,2922.0000,2920.8000,2920.4000,2923.8000,2924.0000,2924.2000,2924.4000,2925.0000,1,2,2,1,1,1,1,2,9,8
SF,IH2003,2019-11-29 09:35:24.600,2924.0000,14038,0,119235720.000,0,-,-,-,-,2923.2000,2922.4000,2922.0000,2920.8000,2920.4000,2923.8000,2924.2000,2924.4000,2925.0000,2925.4000,1,2,2,1,1,1,2,9,8,1
SF,IH2003,2019-11-29 09:35:25.600,2924.0000,14038,0,120112920.000,1,0,1,多换,S,2923.4000,2923.2000,2922.4000,2922.0000,2920.8000,2924.2000,2924.4000,2925.0000,2925.4000,2925.8000,1,1,2,2,1,2,9,8,1,2
SF,IH2003,2019-11-29 09:35:26.600,2924.0000,14038,0,120112920.000,0,-,-,-,-,2923.4000,2923.2000,2922.4000,2922.0000,2920.8000,2924.2000,2924.4000,2925.0000,2925.4000,2925.8000,1,1,2,2,1,1,9,8,1,2
SF,IH2003,2019-11-29 09:35:27.100,2924.0000,14038,0,120112920.000,0,-,-,-,-,2923.6000,2923.4000,2922.4000,2922.0000,2920.8000,2924.4000,2925.0000,2925.4000,2925.8000,2926.0000,1,1,2,2,1,1,8,1,2,3
SF,IH2003,2019-11-29 09:35:27.600,2924.0000,14038,0,120112920.000,0,-,-,-,-,2923.4000,2922.4000,2922.0000,2920.8000,2920.4000,2924.4000,2925.0000,2925.4000,2925.8000,2926.0000,1,2,2,1,1,1,8,1,2,3
SF,IH2003,2019-11-29 09:35:28.100,2924.0000,14038,0,120112920.000,0,-,-,-,-,2923.6000,2923.4000,2922.4000,2922.0000,2920.8000,2924.4000,2925.0000,2925.4000,2925.8000,2926.0000,1,1,2,2,1,1,8,1,2,3
SF,IH2003,2019-11-29 09:35:28.600,2924.0000,14038,0,120112920.000,0,-,-,-,-,2923.6000,2923.4000,2922.4000,2922.0000,2920.8000,2924.0000,2924.4000,2925.0000,2925.4000,2925.8000,1,1,2,2,1,1,1,8,1,2
SF,IH2003,2019-11-29 09:35:29.100,2924.0000,14039,1,120990120.000,1,1,0,双开,S,2923.4000,2922.4000,2922.0000,2920.8000,2920.4000,2924.4000,2925.0000,2925.4000,2925.8000,2926.0000,1,2,2,1,1,1,8,1,2,3
SF,IH2003,2019-11-29 09:35:32.600,2924.0000,14039,0,120990120.000,0,-,-,-,-,2923.6000,2923.4000,2922.4000,2922.0000,2920.8000,2924.4000,2925.0000,2925.4000,2925.8000,2926.0000,1,1,2,2,1,1,8,1,2,3
SF,IH2003,2019-11-29 09:35:33.600,2924.0000,14039,0,120990120.000,0,-,-,-,-,2923.8000,2923.4000,2922.4000,2922.0000,2920.8000,2924.4000,2925.0000,2925.4000,2925.8000,2926.0000,1,1,2,2,1,1,8,1,2,3
SF,IH2003,2019-11-29 09:35:34.100,2924.0000,14039,0,120990120.000,0,-,-,-,-,2923.8000,2923.4000,2922.4000,2922.0000,2920.8000,2924.4000,2925.0000,2925.4000,2925.8000,2926.0000,1,1,2,2,1,1,8,1,1,3
SF,IH2003,2019-11-29 09:35:35.600,2924.0000,14039,0,120990120.000,0,-,-,-,-,2923.4000,2922.4000,2922.0000,2920.8000,2920.4000,2924.4000,2925.0000,2925.4000,2925.8000,2926.0000,1,2,2,1,1,1,8,1,1,3
SF,IH2003,2019-11-29 09:35:36.100,2924.0000,14039,0,120990120.000,0,-,-,-,-,2923.4000,2923.0000,2922.4000,2922.0000,2920.8000,2924.4000,2925.0000,2925.4000,2925.8000,2926.0000,1,1,2,2,1,1,8,1,1,3
SF,IH2003,2019-11-29 09:35:38.100,2924.0000,14039,0,120990120.000,0,-,-,-,-,2923.6000,2923.4000,2923.0000,2922.4000,2922.0000,2924.4000,2925.0000,2925.4000,2925.8000,2926.0000,1,1,1,2,2,1,8,1,1,3
SF,IH2003,2019-11-29 09:35:38.600,2924.0000,14039,0,120990120.000,0,-,-,-,-,2923.4000,2923.0000,2922.4000,2922.0000,2920.8000,2924.4000,2925.0000,2925.4000,2925.8000,2926.0000,1,1,2,2,1,1,8,1,1,3
SF,IH2003,2019-11-29 09:35:39.600,2924.0000,14039,0,120990120.000,0,-,-,-,-,2923.4000,2923.0000,2922.4000,2922.0000,2920.8000,2924.2000,2924.4000,2924.6000,2925.0000,2925.4000,1,1,2,2,1,9,1,1,8,1
SF,IH2003,2019-11-29 09:35:42.100,2923.4000,14040,1,121867140.000,1,1,0,双开,S,2923.0000,2922.4000,2922.0000,2920.8000,2920.4000,2924.2000,2924.4000,2924.6000,2925.0000,2925.4000,1,2,2,1,1,9,1,1,8,1
SF,IH2003,2019-11-29 09:35:42.600,2923.4000,14040,0,121867140.000,0,-,-,-,-,2923.2000,2923.0000,2922.4000,2922.0000,2920.8000,2924.0000,2924.2000,2924.4000,2925.0000,2925.4000,1,1,2,2,1,1,9,1,8,1
SF,IH2003,2019-11-29 09:35:43.100,2923.4000,14040,0,121867140.000,0,-,-,-,-,2923.2000,2923.0000,2922.4000,2922.0000,2920.8000,2924.0000,2924.2000,2924.4000,2925.0000,2925.4000,1,1,2,2,1,2,8,1,8,1
SF,IH2003,2019-11-29 09:35:44.100,2923.4000,14040,0,121867140.000,0,-,-,-,-,2923.4000,2923.0000,2922.4000,2922.0000,2920.8000,2924.0000,2924.2000,2924.4000,2925.0000,2925.4000,1,1,2,2,1,2,8,1,8,1
SF,IH2003,2019-11-29 09:35:44.600,2923.4000,14040,0,121867140.000,0,-,-,-,-,2923.4000,2923.0000,2922.4000,2922.0000,2920.8000,2924.0000,2924.2000,2924.4000,2925.0000,2925.4000,1,1,2,2,1,1,8,1,8,1
SF,IH2003,2019-11-29 09:35:45.100,2923.4000,14040,0,121867140.000,0,-,-,-,-,2923.0000,2922.4000,2922.0000,2920.8000,2920.4000,2924.0000,2924.2000,2924.4000,2925.0000,2925.4000,1,2,2,1,1,1,8,1,8,1
SF,IH2003,2019-11-29 09:35:45.600,2923.4000,14040,0,121867140.000,0,-,-,-,-,2923.2000,2923.0000,2922.4000,2922.0000,2920.8000,2924.0000,2924.2000,2924.4000,2925.0000,2925.4000,1,1,2,2,1,1,8,1,8,1
SF,IH2003,2019-11-29 09:35:46.100,2923.4000,14040,0,121867140.000,0,-,-,-,-,2923.2000,2923.0000,2922.4000,2922.0000,2920.8000,2923.8000,2924.0000,2924.2000,2924.4000,2925.0000,1,1,2,2,1,1,1,8,1,8
SF,IH2003,2019-11-29 09:35:46.600,2923.4000,14040,0,121867140.000,0,-,-,-,-,2923.2000,2923.0000,2922.4000,2922.0000,2920.8000,2924.0000,2924.2000,2924.4000,2925.0000,2925.4000,1,1,2,2,1,1,8,1,8,1
SF,IH2003,2019-11-29 09:35:47.100,2923.4000,14040,0,121867140.000,0,-,-,-,-,2923.2000,2923.0000,2922.4000,2922.0000,2920.8000,2923.8000,2924.0000,2924.2000,2924.4000,2925.0000,1,1,2,2,1,1,1,8,1,8
SF,IH2003,2019-11-29 09:35:48.100,2923.4000,14040,0,121867140.000,0,-,-,-,-,2923.0000,2922.4000,2922.0000,2920.8000,2920.4000,2923.6000,2923.8000,2924.0000,2924.2000,2924.4000,1,2,2,1,1,8,1,1,8,1
SF,IH2003,2019-11-29 09:35:48.600,2923.4000,14040,0,121867140.000,0,-,-,-,-,2923.2000,2923.0000,2922.4000,2922.0000,2920.8000,2923.8000,2924.2000,2924.4000,2925.4000,2925.8000,1,1,2,2,1,1,8,1,1,1
SF,IH2003,2019-11-29 09:35:49.600,2923.4000,14040,0,121867140.000,0,-,-,-,-,2923.0000,2922.4000,2922.0000,2920.8000,2920.4000,2923.8000,2924.2000,2924.4000,2925.4000,2925.8000,1,2,2,1,1,1,8,1,1,1
SF,IH2003,2019-11-29 09:35:50.100,2923.4000,14040,0,121867140.000,0,-,-,-,-,2923.0000,2922.4000,2922.0000,2920.8000,2920.4000,2923.6000,2923.8000,2924.2000,2924.4000,2925.4000,1,2,2,1,1,4,1,8,1,1
SF,IH2003,2019-11-29 09:35:51.100,2923.4000,14040,0,121867140.000,0,-,-,-,-,2923.2000,2923.0000,2922.4000,2922.0000,2920.8000,2923.8000,2924.2000,2924.4000,2925.4000,2925.8000,1,1,2,2,1,1,8,1,1,1
SF,IH2003,2019-11-29 09:35:51.600,2923.4000,14040,0,121867140.000,0,-,-,-,-,2923.0000,2922.4000,2922.0000,2920.8000,2920.4000,2923.2000,2923.6000,2924.2000,2924.4000,2925.4000,1,2,2,1,1,1,6,8,1,1
SF,IH2003,2019-11-29 09:35:52.100,2923.2000,14040,0,122744100.000,1,0,1,多换,S,2923.2000,2923.0000,2922.4000,2922.0000,2920.8000,2923.6000,2924.2000,2924.4000,2925.4000,2925.8000,5,1,2,2,1,4,8,1,1,1
SF,IH2003,2019-11-29 09:35:52.600,2923.2000,14039,-1,123621060.000,1,0,1,双平,S,2923.2000,2923.0000,2922.4000,2922.0000,2920.8000,2923.6000,2924.2000,2924.4000,2925.4000,2925.8000,1,1,2,2,1,4,8,1,1,1
SF,IH2003,2019-11-29 09:35:53.100,2923.2000,14039,0,123621060.000,0,-,-,-,-,2923.0000,2922.4000,2922.0000,2920.8000,2920.4000,2923.4000,2923.6000,2924.2000,2924.4000,2925.4000,1,2,2,1,1,1,4,8,1,1
SF,IH2003,2019-11-29 09:35:53.600,2923.2000,14039,0,123621060.000,0,-,-,-,-,2923.2000,2923.0000,2922.4000,2922.0000,2920.8000,2923.4000,2924.2000,2924.4000,2925.4000,2925.8000,1,1,2,2,1,1,8,1,1,1
SF,IH2003,2019-11-29 09:35:54.100,2923.4000,14038,-1,124498080.000,1,0,1,双平,S,2923.4000,2923.2000,2923.0000,2922.4000,2922.0000,2924.2000,2924.4000,2925.4000,2925.8000,2926.0000,2,1,1,2,2,8,1,1,1,3
SF,IH2003,2019-11-29 09:35:55.600,2923.4000,14038,0,124498080.000,0,-,-,-,-,2923.4000,2923.2000,2923.0000,2922.4000,2922.0000,2924.2000,2924.4000,2925.4000,2925.8000,2926.0000,1,1,1,2,2,8,1,1,1,3
SF,IH2003,2019-11-29 09:35:58.600,2923.4000,14038,0,124498080.000,0,-,-,-,-,2923.4000,2923.2000,2923.0000,2922.4000,2922.0000,2924.0000,2924.2000,2924.4000,2925.4000,2925.8000,1,1,1,2,2,1,8,1,1,1
SF,IH2003,2019-11-29 09:35:59.100,2923.4000,14038,0,124498080.000,0,-,-,-,-,2923.4000,2923.2000,2923.0000,2922.4000,2922.0000,2924.2000,2924.4000,2925.4000,2925.8000,2926.0000,1,1,1,2,2,8,1,1,1,3
SF,IH2003,2019-11-29 09:36:00.100,2923.4000,14038,0,124498080.000,0,-,-,-,-,2923.4000,2923.2000,2923.0000,2922.4000,2922.0000,2924.0000,2924.2000,2924.4000,2925.4000,2925.8000,1,1,1,2,2,1,8,1,1,1
SF,IH2003,2019-11-29 09:36:00.600,2923.4000,14038,0,124498080.000,0,-,-,-,-,2923.2000,2923.0000,2922.4000,2922.0000,2920.8000,2923.8000,2924.2000,2924.4000,2925.4000,2925.8000,1,1,2,2,1,10,8,1,1,1
SF,IH2003,2019-11-29 09:36:01.100,2923.4000,14038,0,124498080.000,0,-,-,-,-,2923.2000,2923.0000,2922.4000,2922.0000,2920.8000,2923.8000,2924.2000,2924.4000,2925.4000,2925.8000,1,1,2,2,1,8,8,1,1,1
SF,IH2003,2019-11-29 09:36:02.100,2923.4000,14038,0,124498080.000,0,-,-,-,-,2923.2000,2923.0000,2922.4000,2922.0000,2920.8000,2923.8000,2924.2000,2924.4000,2925.4000,2925.8000,1,2,2,2,1,8,8,1,1,1
SF,IH2003,2019-11-29 09:36:02.600,2923.2000,14037,-1,125375040.000,1,0,1,双平,S,2923.0000,2922.4000,2922.0000,2920.8000,2920.4000,2923.8000,2924.2000,2924.4000,2925.4000,2925.8000,2,2,2,1,1,8,8,1,1,1
SF,IH2003,2019-11-29 09:36:04.600,2923.2000,14037,0,125375040.000,0,-,-,-,-,2923.0000,2922.4000,2922.0000,2920.8000,2920.4000,2923.8000,2924.2000,2924.4000,2925.4000,2925.8000,1,2,2,1,1,8,8,1,1,1
SF,IH2003,2019-11-29 09:36:05.100,2923.2000,14037,0,125375040.000,0,-,-,-,-,2923.0000,2922.4000,2922.0000,2920.8000,2920.4000,2923.4000,2923.6000,2923.8000,2924.2000,2924.4000,1,2,2,1,1,3,1,8,8,1
SF,IH2003,2019-11-29 09:36:05.600,2923.2000,14037,0,125375040.000,0,-,-,-,-,2923.0000,2922.4000,2922.0000,2920.8000,2920.4000,2923.4000,2923.8000,2924.2000,2924.4000,2925.4000,1,2,2,1,1,1,8,8,1,1
SF,IH2003,2019-11-29 09:36:06.600,2923.0000,14037,0,126251940.000,1,0,1,多换,S,2922.4000,2922.0000,2920.8000,2920.4000,2920.2000,2923.4000,2923.8000,2924.2000,2924.4000,2925.4000,2,2,1,1,1,1,8,8,1,1
SF,IH2003,2019-11-29 09:36:09.600,2923.0000,14037,0,126251940.000,0,-,-,-,-,2922.4000,2922.0000,2920.8000,2920.4000,2920.2000,2923.4000,2923.8000,2924.2000,2924.4000,2925.4000,2,2,1,1,1,1,8,8,1,1
SF,IH2003,2019-11-29 09:36:11.100,2922.4000,14037,0,127128660.000,1,0,1,多换,S,2922.4000,2922.0000,2920.8000,2920.4000,2920.2000,2923.4000,2923.8000,2924.2000,2924.4000,2925.4000,1,2,1,1,1,1,8,8,1,1
SF,IH2003,2019-11-29 09:36:11.600,2922.4000,14037,0,127128660.000,0,-,-,-,-,2922.4000,2922.0000,2920.8000,2920.4000,2920.2000,2923.2000,2923.4000,2923.8000,2924.4000,2925.4000,1,2,1,1,1,8,1,8,1,1
SF,IH2003,2019-11-29 09:36:12.100,2922.4000,14037,0,127128660.000,0,-,-,-,-,2922.4000,2922.0000,2920.8000,2920.4000,2920.2000,2923.2000,2923.4000,2923.8000,2925.4000,2925.8000,1,2,1,1,1,9,1,8,1,1
SF,IH2003,2019-11-29 09:36:13.600,2922.4000,14037,0,127128660.000,0,-,-,-,-,2922.4000,2922.0000,2920.8000,2920.4000,2920.2000,2923.2000,2923.4000,2923.8000,2925.4000,2925.8000,1,2,1,1,1,9,1,8,1,1
SF,IH2003,2019-11-29 09:36:18.100,2922.4000,14037,0,127128660.000,0,-,-,-,-,2922.4000,2922.0000,2920.8000,2920.4000,2920.2000,2923.2000,2923.4000,2923.8000,2925.4000,2925.8000,1,2,1,1,1,9,1,8,1,1
