市场代码,合约代码,时间,最新,持仓,增仓,成交额,成交量,开仓,平仓,成交类型,方向,买一价,买二价,买三价,买四价,买五价,卖一价,卖二价,卖三价,卖四价,卖五价,买一量,买二量,买三量,买四量,买五量,卖一量,卖二量,卖三量,卖四量,卖五量
SF,IH2012,2020-08-27 09:29:00.400,3267.6000,20075,0,15684480.000,16.000,-,-,-,-,3265.0000,3260.0000,3257.6000,3257.4000,3256.6000,3267.6000,3268.0000,3268.2000,3269.0000,3269.8000,1,1,3,3,1,1,1,1,1,1
SF,IH2012,2020-08-27 09:30:00.400,3264.8000,20068,-7,26454600.000,11,2,9,多平,S,3257.6000,3257.4000,3256.6000,3255.0000,3254.4000,3265.0000,3266.2000,3266.4000,3267.0000,3267.2000,2,3,1,1,1,3,2,1,2,6
SF,IH2012,2020-08-27 09:30:00.900,3264.8000,20068,0,26454600.000,0,-,-,-,-,3261.8000,3261.6000,3260.6000,3260.4000,3258.6000,3264.6000,3264.8000,3265.0000,3266.4000,3266.6000,2,1,3,3,1,1,1,3,1,1
SF,IH2012,2020-08-27 09:30:01.400,3264.8000,20068,0,26454600.000,0,-,-,-,-,3258.2000,3258.0000,3257.8000,3257.6000,3257.4000,3262.4000,3263.2000,3264.2000,3264.4000,3264.6000,1,5,4,2,3,1,4,1,1,7
SF,IH2012,2020-08-27 09:30:01.900,3264.8000,20067,-1,27434040.000,1,0,1,双平,S,3260.8000,3260.2000,3260.0000,3258.8000,3258.6000,3262.2000,3264.0000,3264.2000,3264.6000,3264.8000,2,3,1,2,7,2,2,2,7,1
SF,IH2012,2020-08-27 09:30:02.400,3264.8000,20067,0,27434040.000,0,-,-,-,-,3258.4000,3257.8000,3257.6000,3257.4000,3255.0000,3260.6000,3261.6000,3261.8000,3262.0000,3262.2000,1,3,2,3,1,3,2,1,5,2
SF,IH2012,2020-08-27 09:30:02.900,3260.4000,20061,-6,33300300.000,6,0,6,双平,S,3258.6000,3258.4000,3257.6000,3257.4000,3255.0000,3261.8000,3262.0000,3262.2000,3264.0000,3264.2000,1,1,2,3,1,1,6,1,1,2
SF,IH2012,2020-08-27 09:30:03.400,3258.6000,20059,-2,35255460.000,2,0,2,双平,S,3257.6000,3257.4000,3255.0000,3254.4000,3252.0000,3258.4000,3260.2000,3261.4000,3261.6000,3261.8000,2,3,1,1,1,2,1,5,2,1
SF,IH2012,2020-08-27 09:30:03.900,3258.6000,20056,-3,38188200.000,3,0,3,双平,S,3258.8000,3258.6000,3258.4000,3258.2000,3258.0000,3260.0000,3261.4000,3261.6000,3261.8000,3262.2000,1,8,2,1,5,1,5,1,1,1
SF,IH2012,2020-08-27 09:30:04.400,3258.6000,20054,-2,40143360.000,2,0,2,双平,S,3258.6000,3257.6000,3257.4000,3255.0000,3254.4000,3259.8000,3260.0000,3261.4000,3261.6000,3261.8000,5,2,3,1,1,2,1,4,1,1
SF,IH2012,2020-08-27 09:30:04.900,3258.6000,20053,-1,41120940.000,1,0,1,双平,S,3258.6000,3257.6000,3257.4000,3255.0000,3254.4000,3259.0000,3259.4000,3259.8000,3260.0000,3261.4000,4,2,3,1,1,1,1,2,1,4
SF,IH2012,2020-08-27 09:30:05.400,3258.6000,20051,-2,44053920.000,3,0,3,多平,S,3258.6000,3257.6000,3257.4000,3255.0000,3254.4000,3259.8000,3260.0000,3261.4000,3261.6000,3261.8000,2,2,3,1,1,2,1,4,1,1
SF,IH2012,2020-08-27 09:30:05.900,3259.2000,20053,2,47964960.000,4,3,1,空开,S,3258.6000,3257.6000,3257.4000,3255.0000,3254.4000,3259.6000,3259.8000,3260.0000,3261.4000,3261.6000,2,2,3,1,1,2,2,1,4,1
SF,IH2012,2020-08-27 09:30:06.400,3259.2000,20053,0,47964960.000,0,-,-,-,-,3259.0000,3258.8000,3258.6000,3257.6000,3257.4000,3260.0000,3261.4000,3261.6000,3261.8000,3262.2000,1,1,2,2,3,1,4,1,1,1
SF,IH2012,2020-08-27 09:30:06.900,3259.0000,20052,-1,48942660.000,1,0,1,双平,S,3258.6000,3257.6000,3257.4000,3255.0000,3254.4000,3258.8000,3259.6000,3260.0000,3261.4000,3261.6000,2,2,3,1,1,4,1,2,4,1
SF,IH2012,2020-08-27 09:30:07.400,3258.8000,20048,-4,53830860.000,5,0,5,多平,S,3259.6000,3258.8000,3258.6000,3257.6000,3257.4000,3260.0000,3261.4000,3261.6000,3261.8000,3262.2000,1,2,2,2,3,1,4,1,1,1
SF,IH2012,2020-08-27 09:30:07.900,3258.8000,20048,0,53830860.000,0,-,-,-,-,3259.6000,3258.8000,3258.6000,3257.6000,3257.4000,3260.0000,3261.4000,3261.6000,3261.8000,3262.2000,1,2,2,2,3,1,4,1,1,1
SF,IH2012,2020-08-27 09:30:08.400,3259.6000,20048,0,54808740.000,1,0,1,多换,S,3258.8000,3258.6000,3257.6000,3257.4000,3255.0000,3260.0000,3261.4000,3261.6000,3262.2000,3263.6000,2,2,2,3,1,1,4,1,1,4
SF,IH2012,2020-08-27 09:30:08.900,3260.0000,20047,-1,55786740.000,1,0,1,双平,S,3259.6000,3259.4000,3259.2000,3259.0000,3258.8000,3261.6000,3262.2000,3263.6000,3264.0000,3264.6000,2,1,2,3,2,1,1,4,1,5
SF,IH2012,2020-08-27 09:30:09.400,3260.0000,20047,0,55786740.000,0,-,-,-,-,3260.0000,3259.8000,3259.4000,3259.0000,3258.8000,3260.6000,3261.4000,3263.6000,3264.0000,3264.6000,1,3,1,1,2,1,2,1,1,5
SF,IH2012,2020-08-27 09:30:09.900,3260.0000,20047,0,55786740.000,0,-,-,-,-,3260.2000,3260.0000,3259.4000,3259.0000,3258.8000,3261.4000,3264.0000,3264.6000,3265.0000,3265.2000,2,3,1,1,1,1,1,5,3,1
SF,IH2012,2020-08-27 09:30:10.400,3261.4000,20046,-1,56765160.000,1,0,1,双平,S,3260.2000,3260.0000,3259.4000,3259.0000,3258.8000,3261.2000,3264.0000,3264.6000,3265.0000,3265.2000,2,3,1,1,1,1,1,5,3,1
SF,IH2012,2020-08-27 09:30:10.900,3261.2000,20045,-1,57743520.000,1,0,1,双平,S,3261.4000,3261.2000,3260.6000,3260.4000,3260.2000,3264.0000,3264.6000,3265.0000,3265.2000,3266.4000,1,1,3,1,2,1,5,3,1,3
SF,IH2012,2020-08-27 09:30:11.400,3261.2000,20044,-1,58721880.000,1,0,1,双平,S,3261.4000,3260.6000,3260.2000,3260.0000,3259.4000,3261.8000,3262.6000,3263.6000,3263.8000,3264.0000,1,2,2,2,1,1,1,5,4,1
SF,IH2012,2020-08-27 09:30:11.900,3261.8000,20043,-1,60678960.000,2,0,2,多平,S,3261.4000,3260.6000,3260.2000,3260.0000,3259.4000,3263.6000,3263.8000,3264.0000,3264.6000,3265.0000,1,2,2,2,1,4,4,1,5,3
SF,IH2012,2020-08-27 09:30:12.400,3261.8000,20043,0,60678960.000,0,-,-,-,-,3261.6000,3260.6000,3260.0000,3259.4000,3259.0000,3262.0000,3263.4000,3263.6000,3263.8000,3264.0000,2,2,2,1,1,1,3,4,2,1
SF,IH2012,2020-08-27 09:30:12.900,3262.0000,20039,-4,64593360.000,4,0,4,双平,S,3260.6000,3260.0000,3259.4000,3259.0000,3258.8000,3263.4000,3264.6000,3265.0000,3265.2000,3266.4000,1,2,1,1,1,3,5,3,1,3
SF,IH2012,2020-08-27 09:30:13.400,3262.0000,20039,0,64593360.000,0,-,-,-,-,3262.2000,3261.2000,3261.0000,3260.6000,3260.0000,3263.2000,3263.4000,3264.6000,3265.0000,3265.2000,1,1,2,1,1,1,1,5,3,1
SF,IH2012,2020-08-27 09:30:13.900,3263.2000,20038,-1,65572320.000,1,0,1,双平,S,3263.6000,3263.4000,3262.2000,3261.2000,3261.0000,3264.6000,3265.0000,3265.2000,3266.4000,3266.6000,1,1,1,1,3,5,3,1,4,1
SF,IH2012,2020-08-27 09:30:14.400,3262.8000,20034,-4,70466580.000,5,0,5,多平,S,3261.2000,3261.0000,3260.6000,3260.0000,3259.0000,3263.2000,3263.4000,3263.6000,3264.0000,3264.2000,1,2,1,1,1,3,3,3,7,5
SF,IH2012,2020-08-27 09:30:14.900,3261.2000,20034,0,71444940.000,1,0,1,多换,S,3260.6000,3260.0000,3259.0000,3258.6000,3257.6000,3263.0000,3264.0000,3264.2000,3264.4000,3264.6000,1,1,1,1,2,2,5,4,5,5
SF,IH2012,2020-08-27 09:30:15.400,3261.0000,20032,-2,73401540.000,2,0,2,双平,S,3260.6000,3260.0000,3259.0000,3258.6000,3257.6000,3263.0000,3263.8000,3264.0000,3264.2000,3264.4000,1,1,1,1,2,1,1,5,4,5
SF,IH2012,2020-08-27 09:30:15.900,3262.8000,20032,0,74380380.000,1,0,1,多换,S,3260.6000,3260.0000,3259.0000,3258.6000,3257.6000,3263.0000,3263.8000,3264.0000,3264.2000,3264.4000,1,1,1,1,2,1,1,5,4,5
SF,IH2012,2020-08-27 09:30:16.400,3263.0000,20032,0,75359280.000,1,0,1,多换,S,3260.8000,3260.6000,3260.0000,3259.0000,3258.6000,3263.8000,3264.0000,3264.2000,3264.4000,3264.6000,2,1,1,1,1,1,5,4,2,5
SF,IH2012,2020-08-27 09:30:16.900,3263.0000,20032,0,75359280.000,0,-,-,-,-,3263.0000,3261.0000,3260.8000,3260.6000,3260.0000,3263.4000,3263.6000,3263.8000,3264.0000,3264.2000,1,1,4,1,1,1,1,1,5,4
SF,IH2012,2020-08-27 09:30:17.400,3263.0000,20031,-1,76338180.000,1,0,1,双平,S,3261.4000,3260.8000,3260.6000,3260.0000,3259.0000,3262.8000,3263.0000,3263.2000,3263.4000,3263.8000,1,2,1,1,1,1,3,3,1,1
SF,IH2012,2020-08-27 09:30:17.900,3263.0000,20031,0,76338180.000,0,-,-,-,-,3261.6000,3261.4000,3260.8000,3260.6000,3260.0000,3263.2000,3263.4000,3263.8000,3264.0000,3264.2000,1,1,2,1,1,1,1,1,3,3
SF,IH2012,2020-08-27 09:30:18.400,3261.4000,20031,0,77316600.000,1,0,1,多换,S,3260.8000,3260.6000,3260.0000,3259.0000,3258.6000,3261.4000,3263.2000,3263.4000,3263.8000,3264.0000,1,1,1,1,1,1,1,1,1,3
SF,IH2012,2020-08-27 09:30:18.900,3261.4000,20030,-1,78295020.000,1,0,1,双平,S,3261.4000,3261.0000,3260.6000,3260.0000,3259.0000,3263.2000,3263.4000,3263.8000,3264.0000,3264.2000,1,1,1,1,1,1,1,1,3,3
SF,IH2012,2020-08-27 09:30:19.400,3261.4000,20030,0,78295020.000,0,-,-,-,-,3261.0000,3260.6000,3260.0000,3259.0000,3258.6000,3263.0000,3263.2000,3263.4000,3263.8000,3264.0000,1,1,1,1,1,1,1,1,1,3
SF,IH2012,2020-08-27 09:30:19.900,3261.4000,20030,0,78295020.000,0,-,-,-,-,3260.6000,3260.0000,3259.0000,3258.6000,3257.6000,3262.6000,3262.8000,3263.0000,3263.2000,3263.4000,1,1,1,1,2,1,2,2,1,1
SF,IH2012,2020-08-27 09:30:20.400,3261.4000,20030,0,79273440.000,1,0,1,多换,S,3260.6000,3260.0000,3259.0000,3258.6000,3257.6000,3261.4000,3262.4000,3262.6000,3262.8000,3263.0000,1,1,1,1,2,1,2,1,1,1
SF,IH2012,2020-08-27 09:30:20.900,3261.4000,20030,0,79273440.000,0,-,-,-,-,3260.8000,3260.6000,3260.0000,3259.0000,3258.6000,3261.4000,3262.4000,3262.6000,3263.0000,3263.4000,1,1,1,1,1,1,1,1,1,1
SF,IH2012,2020-08-27 09:30:21.400,3260.6000,20027,-3,82208280.000,3,0,3,双平,S,3260.0000,3259.0000,3258.6000,3257.6000,3257.4000,3260.6000,3262.4000,3262.6000,3263.0000,3263.4000,1,1,1,2,4,1,1,1,2,1
SF,IH2012,2020-08-27 09:30:21.900,3260.6000,20026,-1,83186460.000,1,0,1,双平,S,3260.0000,3259.0000,3258.6000,3257.6000,3257.4000,3262.4000,3262.6000,3263.0000,3263.4000,3263.8000,1,1,1,2,4,1,1,2,1,1
SF,IH2012,2020-08-27 09:30:22.400,3260.6000,20026,0,83186460.000,0,-,-,-,-,3260.0000,3259.0000,3258.6000,3257.6000,3257.4000,3260.6000,3261.8000,3262.2000,3262.4000,3262.6000,1,1,1,2,4,1,1,2,1,1
SF,IH2012,2020-08-27 09:30:22.900,3260.6000,20026,0,83186460.000,0,-,-,-,-,3260.2000,3260.0000,3258.6000,3257.6000,3257.4000,3260.6000,3261.8000,3262.2000,3262.4000,3262.6000,2,1,1,2,4,1,1,1,1,1
SF,IH2012,2020-08-27 09:30:23.400,3261.8000,20027,1,85143180.000,2,1,1,空开,S,3260.8000,3260.0000,3258.6000,3257.6000,3257.4000,3262.2000,3262.6000,3263.0000,3263.8000,3264.0000,1,1,1,2,4,2,1,2,1,3
SF,IH2012,2020-08-27 09:30:23.900,3262.2000,20025,-2,87100080.000,2,0,2,双平,S,3260.0000,3258.6000,3257.6000,3257.4000,3255.0000,3262.6000,3263.0000,3263.8000,3264.0000,3264.2000,1,1,2,4,2,1,2,1,3,3
SF,IH2012,2020-08-27 09:30:24.400,3262.2000,20025,0,87100080.000,0,-,-,-,-,3260.2000,3260.0000,3258.6000,3257.6000,3257.4000,3262.2000,3262.4000,3262.6000,3263.0000,3263.8000,1,1,1,2,4,1,2,1,3,1
SF,IH2012,2020-08-27 09:30:24.900,3260.4000,20024,-1,88078200.000,1,0,1,双平,S,3260.2000,3260.0000,3258.6000,3257.6000,3257.4000,3262.2000,3262.4000,3262.6000,3263.0000,3263.8000,3,2,1,2,4,1,1,1,3,1
SF,IH2012,2020-08-27 09:30:25.400,3260.4000,20024,0,88078200.000,0,-,-,-,-,3260.2000,3260.0000,3258.6000,3257.6000,3257.4000,3262.0000,3262.2000,3262.4000,3262.6000,3263.0000,1,1,1,2,4,1,1,1,1,3
SF,IH2012,2020-08-27 09:30:25.900,3260.4000,20024,0,88078200.000,0,-,-,-,-,3260.0000,3258.6000,3257.6000,3257.4000,3255.0000,3261.8000,3262.2000,3262.4000,3262.6000,3263.0000,1,1,2,4,2,3,1,1,1,3
SF,IH2012,2020-08-27 09:30:26.400,3260.0000,20023,-1,89056200.000,1,0,1,双平,S,3258.6000,3257.6000,3257.4000,3255.0000,3254.4000,3261.8000,3262.2000,3262.4000,3262.6000,3263.0000,1,2,4,2,1,3,1,1,1,3
SF,IH2012,2020-08-27 09:30:26.900,3260.0000,20023,0,89056200.000,0,-,-,-,-,3259.2000,3259.0000,3258.8000,3258.6000,3257.6000,3261.4000,3261.6000,3261.8000,3262.2000,3262.6000,1,3,1,3,2,1,1,1,1,1
SF,IH2012,2020-08-27 09:30:27.400,3260.0000,20023,0,89056200.000,0,-,-,-,-,3259.2000,3259.0000,3258.6000,3257.6000,3257.4000,3261.2000,3261.4000,3261.6000,3262.2000,3262.6000,1,1,3,2,4,1,1,1,1,1
SF,IH2012,2020-08-27 09:30:27.900,3260.0000,20023,0,89056200.000,0,-,-,-,-,3260.2000,3259.6000,3259.4000,3259.2000,3258.6000,3261.2000,3262.2000,3262.6000,3263.0000,3263.8000,2,1,3,1,1,1,1,1,2,1
SF,IH2012,2020-08-27 09:30:28.400,3261.0000,20020,-3,91990620.000,3,0,3,双平,S,3259.4000,3259.2000,3258.6000,3257.6000,3257.4000,3262.2000,3263.0000,3263.8000,3264.0000,3264.2000,1,1,1,2,4,1,2,1,3,3
SF,IH2012,2020-08-27 09:30:28.900,3262.0000,20018,-2,93947700.000,2,0,2,双平,S,3258.6000,3257.4000,3255.0000,3254.4000,3252.0000,3262.0000,3262.2000,3263.0000,3263.8000,3264.0000,1,4,2,1,1,2,1,2,1,2
SF,IH2012,2020-08-27 09:30:29.400,3262.0000,20018,0,93947700.000,0,-,-,-,-,3258.6000,3257.4000,3255.0000,3254.4000,3252.0000,3261.2000,3261.4000,3261.8000,3262.0000,3262.2000,1,4,2,1,1,1,2,5,2,1
SF,IH2012,2020-08-27 09:30:29.900,3262.0000,20018,0,93947700.000,0,-,-,-,-,3258.6000,3257.4000,3255.0000,3254.4000,3252.0000,3260.6000,3261.0000,3261.2000,3261.4000,3261.8000,1,4,2,1,1,1,3,1,2,3
SF,IH2012,2020-08-27 09:30:30.400,3261.0000,20016,-2,96882360.000,3,0,3,多平,S,3259.0000,3258.8000,3258.6000,3257.4000,3255.0000,3261.4000,3261.8000,3263.0000,3263.8000,3264.0000,3,4,2,1,2,1,1,2,1,2
SF,IH2012,2020-08-27 09:30:30.900,3259.2000,20015,-1,97860120.000,1,0,1,双平,S,3258.6000,3257.4000,3255.0000,3254.4000,3252.0000,3258.8000,3261.2000,3261.4000,3261.8000,3263.0000,1,1,2,1,1,2,1,1,1,2
SF,IH2012,2020-08-27 09:30:31.400,3258.8000,20010,-5,104703540.000,7,1,6,多平,S,3257.4000,3255.0000,3254.4000,3252.0000,3250.4000,3261.2000,3261.4000,3261.8000,3262.0000,3263.0000,1,2,1,1,1,1,1,1,2,2
SF,IH2012,2020-08-27 09:30:31.900,3258.8000,20010,0,104703540.000,0,-,-,-,-,3258.0000,3257.8000,3257.6000,3255.4000,3255.0000,3261.0000,3261.2000,3261.4000,3261.6000,3262.0000,2,7,2,1,2,3,1,1,1,2
SF,IH2012,2020-08-27 09:30:32.400,3258.8000,20010,0,104703540.000,0,-,-,-,-,3258.4000,3258.2000,3258.0000,3257.8000,3257.6000,3260.8000,3261.0000,3261.4000,3261.6000,3262.0000,1,3,2,2,4,1,3,1,1,2
SF,IH2012,2020-08-27 09:30:32.900,3258.6000,20009,-1,105681120.000,1,0,1,双平,S,3258.6000,3258.4000,3257.6000,3255.4000,3255.0000,3260.8000,3261.0000,3261.4000,3261.6000,3262.0000,2,2,3,1,2,1,1,1,1,2
SF,IH2012,2020-08-27 09:30:33.400,3258.6000,20009,0,105681120.000,0,-,-,-,-,3258.8000,3258.6000,3258.4000,3257.6000,3255.4000,3261.0000,3261.4000,3261.6000,3262.0000,3263.0000,3,2,1,3,1,1,1,1,2,2
SF,IH2012,2020-08-27 09:30:33.900,3258.6000,20009,0,105681120.000,0,-,-,-,-,3259.4000,3259.2000,3259.0000,3258.8000,3258.6000,3261.0000,3261.4000,3261.6000,3261.8000,3262.0000,2,1,1,4,2,1,1,1,1,2
SF,IH2012,2020-08-27 09:30:34.400,3259.4000,20007,-2,107636760.000,2,0,2,双平,S,3258.8000,3258.6000,3257.6000,3255.4000,3255.0000,3260.8000,3261.0000,3261.4000,3261.6000,3261.8000,2,1,3,1,2,1,1,1,1,1
SF,IH2012,2020-08-27 09:30:34.900,3259.4000,20007,0,107636760.000,0,-,-,-,-,3258.8000,3255.4000,3255.0000,3254.4000,3252.0000,3259.8000,3260.2000,3260.4000,3260.6000,3261.0000,2,1,2,1,1,1,1,3,8,1
SF,IH2012,2020-08-27 09:30:35.400,3258.8000,20007,0,108614400.000,1,0,1,多换,S,3255.4000,3255.0000,3254.4000,3252.0000,3250.4000,3258.6000,3260.6000,3261.0000,3261.4000,3261.6000,1,2,1,1,1,3,2,1,1,1
SF,IH2012,2020-08-27 09:30:35.900,3258.4000,20005,-2,112524180.000,4,1,3,多平,S,3258.8000,3257.0000,3256.0000,3255.8000,3255.6000,3260.6000,3261.0000,3261.4000,3261.6000,3261.8000,1,3,6,7,6,1,1,1,1,1
SF,IH2012,2020-08-27 09:30:36.400,3258.8000,20005,0,113501820.000,1,0,1,多换,S,3258.0000,3256.2000,3256.0000,3255.8000,3255.6000,3258.6000,3258.8000,3259.2000,3259.6000,3260.4000,1,1,3,5,3,3,1,1,6,4
SF,IH2012,2020-08-27 09:30:36.900,3258.0000,20004,-1,115456860.000,2,0,2,多平,S,3258.2000,3256.0000,3255.8000,3255.6000,3255.4000,3258.4000,3258.6000,3260.4000,3260.6000,3261.0000,1,3,4,3,1,1,1,1,1,1
SF,IH2012,2020-08-27 09:30:37.400,3258.2000,20003,-1,116434320.000,1,0,1,双平,S,3256.0000,3255.8000,3255.6000,3255.4000,3255.0000,3258.0000,3258.4000,3258.6000,3260.4000,3260.6000,3,4,3,1,2,3,1,1,1,1
SF,IH2012,2020-08-27 09:30:37.900,3258.2000,20003,0,116434320.000,0,-,-,-,-,3256.4000,3256.2000,3256.0000,3255.6000,3255.4000,3257.8000,3258.4000,3258.6000,3260.6000,3261.0000,4,1,3,3,1,1,1,1,1,1
SF,IH2012,2020-08-27 09:30:38.400,3256.4000,19999,-4,120342180.000,4,0,4,双平,S,3256.6000,3256.4000,3256.2000,3256.0000,3255.6000,3257.8000,3258.4000,3258.6000,3260.6000,3261.0000,1,2,1,5,3,1,1,1,1,1
SF,IH2012,2020-08-27 09:30:38.900,3256.4000,19999,0,121319100.000,1,0,1,多换,S,3255.6000,3255.4000,3255.0000,3254.4000,3252.0000,3257.0000,3258.4000,3258.6000,3260.6000,3261.0000,3,1,2,1,1,1,1,1,1,1
SF,IH2012,2020-08-27 09:30:39.400,3255.8000,19998,-1,122295840.000,1,0,1,双平,S,3255.8000,3255.0000,3254.4000,3253.0000,3252.0000,3257.0000,3258.4000,3258.6000,3260.6000,3261.0000,3,2,1,1,1,1,1,1,1,1
SF,IH2012,2020-08-27 09:30:39.900,3255.8000,19997,-1,123272580.000,1,0,1,双平,S,3255.0000,3254.4000,3253.0000,3252.0000,3251.2000,3257.0000,3258.4000,3258.6000,3260.6000,3261.0000,2,1,1,1,1,1,1,1,1,1
SF,IH2012,2020-08-27 09:30:40.400,3256.8000,19997,0,124249620.000,1,0,1,多换,S,3255.4000,3255.0000,3254.4000,3253.0000,3252.0000,3256.8000,3257.0000,3258.4000,3258.6000,3260.6000,3,2,1,1,1,1,1,1,1,1
SF,IH2012,2020-08-27 09:30:40.900,3256.8000,19997,0,125226660.000,1,0,1,多换,S,3255.0000,3254.4000,3253.0000,3252.0000,3251.2000,3257.0000,3258.4000,3258.6000,3260.6000,3261.0000,2,1,1,1,1,1,1,1,1,1
SF,IH2012,2020-08-27 09:30:41.400,3256.8000,19997,0,125226660.000,0,-,-,-,-,3255.2000,3255.0000,3254.4000,3253.0000,3252.0000,3256.8000,3257.0000,3258.4000,3258.6000,3260.6000,4,2,1,1,1,1,1,1,1,1
SF,IH2012,2020-08-27 09:30:41.900,3256.8000,19997,0,125226660.000,0,-,-,-,-,3255.4000,3255.2000,3255.0000,3254.4000,3253.0000,3256.6000,3257.0000,3258.4000,3258.6000,3261.2000,2,1,2,1,1,1,1,1,1,1
SF,IH2012,2020-08-27 09:30:42.400,3256.8000,19996,-1,126203700.000,1,0,1,双平,S,3255.6000,3255.4000,3255.2000,3255.0000,3254.4000,3257.0000,3258.4000,3258.6000,3261.2000,3261.4000,2,4,1,2,1,1,1,1,1,1
SF,IH2012,2020-08-27 09:30:42.900,3256.8000,19996,0,127180740.000,1,0,1,多换,S,3255.8000,3255.6000,3255.4000,3255.2000,3255.0000,3257.0000,3258.4000,3258.6000,3261.2000,3261.4000,2,2,2,1,2,1,1,1,1,1
SF,IH2012,2020-08-27 09:30:43.400,3257.0000,19996,0,128157840.000,1,0,1,多换,S,3257.0000,3256.0000,3255.8000,3255.6000,3255.4000,3258.4000,3258.6000,3261.2000,3261.4000,3261.6000,1,1,4,1,2,1,1,1,1,1
SF,IH2012,2020-08-27 09:30:43.900,3257.0000,19996,0,129134940.000,1,0,1,多换,S,3255.8000,3255.6000,3255.4000,3255.2000,3255.0000,3256.8000,3257.4000,3257.8000,3258.2000,3258.4000,2,1,2,1,2,1,1,4,2,1
SF,IH2012,2020-08-27 09:30:44.400,3256.8000,19995,-1,130111980.000,1,0,1,双平,S,3256.0000,3255.8000,3255.6000,3255.4000,3255.2000,3258.4000,3258.6000,3261.2000,3261.4000,3261.6000,1,2,1,2,1,1,1,1,1,1
SF,IH2012,2020-08-27 09:30:44.900,3256.8000,19995,0,130111980.000,0,-,-,-,-,3256.6000,3256.2000,3255.6000,3255.4000,3255.0000,3258.2000,3258.4000,3258.6000,3261.2000,3261.4000,2,3,1,2,2,1,1,1,1,1
SF,IH2012,2020-08-27 09:30:45.400,3256.8000,19995,0,130111980.000,0,-,-,-,-,3257.0000,3256.6000,3256.4000,3256.2000,3255.6000,3258.4000,3258.6000,3261.0000,3261.2000,3261.4000,1,2,3,2,1,1,1,1,1,1
SF,IH2012,2020-08-27 09:30:45.900,3256.8000,19995,0,130111980.000,0,-,-,-,-,3257.4000,3257.2000,3257.0000,3256.2000,3255.6000,3258.4000,3258.6000,3261.0000,3261.2000,3261.4000,2,1,5,2,1,1,1,1,1,1
SF,IH2012,2020-08-27 09:30:46.400,3256.8000,19995,0,130111980.000,0,-,-,-,-,3257.8000,3257.4000,3257.2000,3257.0000,3256.2000,3258.4000,3258.6000,3261.0000,3261.2000,3261.4000,2,2,1,4,2,1,1,1,1,1
SF,IH2012,2020-08-27 09:30:46.900,3256.8000,19995,0,130111980.000,0,-,-,-,-,3257.4000,3257.2000,3257.0000,3256.2000,3255.6000,3257.6000,3258.4000,3258.6000,3261.0000,3261.2000,2,1,4,2,1,1,1,1,1,1
SF,IH2012,2020-08-27 09:30:47.400,3257.4000,19994,-1,132066480.000,2,0,2,多平,S,3257.4000,3257.0000,3256.8000,3256.2000,3255.6000,3258.4000,3258.6000,3261.0000,3261.2000,3261.4000,4,4,1,2,1,1,1,1,1,1
SF,IH2012,2020-08-27 09:30:47.900,3257.4000,19994,0,132066480.000,0,-,-,-,-,3257.0000,3256.8000,3256.2000,3255.6000,3255.4000,3257.2000,3258.4000,3258.6000,3261.0000,3261.2000,1,1,2,1,2,2,1,1,1,1
SF,IH2012,2020-08-27 09:30:48.400,3257.2000,19993,-1,134020860.000,2,0,2,多平,S,3257.0000,3256.8000,3256.2000,3255.6000,3255.4000,3261.0000,3261.2000,3261.4000,3261.6000,3261.8000,2,1,1,1,2,1,1,1,1,1
SF,IH2012,2020-08-27 09:30:48.900,3257.2000,19993,0,134020860.000,0,-,-,-,-,3257.2000,3256.8000,3256.2000,3255.6000,3255.0000,3260.2000,3260.4000,3260.6000,3260.8000,3261.0000,2,1,1,1,2,1,5,10,5,1
SF,IH2012,2020-08-27 09:30:49.400,3257.2000,19993,0,134020860.000,0,-,-,-,-,3257.2000,3256.8000,3256.2000,3255.6000,3255.0000,3259.6000,3259.8000,3260.0000,3260.2000,3260.4000,2,1,1,1,3,1,5,3,2,4
SF,IH2012,2020-08-27 09:30:49.900,3257.2000,19993,0,134020860.000,0,-,-,-,-,3257.4000,3257.2000,3256.8000,3256.2000,3255.6000,3259.4000,3259.6000,3259.8000,3260.0000,3260.2000,1,1,1,1,1,3,1,1,2,2
SF,IH2012,2020-08-27 09:30:50.400,3257.2000,19992,-1,134998020.000,1,0,1,双平,S,3258.4000,3257.6000,3257.4000,3256.8000,3256.2000,3259.4000,3259.6000,3260.0000,3260.4000,3260.6000,1,5,2,1,1,1,1,1,2,1
SF,IH2012,2020-08-27 09:30:50.900,3258.4000,19991,-1,135975540.000,1,0,1,双平,S,3257.6000,3257.4000,3256.8000,3256.2000,3255.6000,3259.2000,3259.6000,3260.0000,3260.4000,3260.6000,5,2,1,1,1,1,1,1,2,1
SF,IH2012,2020-08-27 09:30:51.400,3258.4000,19991,0,135975540.000,0,-,-,-,-,3257.8000,3257.6000,3257.4000,3257.2000,3256.8000,3259.6000,3260.0000,3260.4000,3260.6000,3260.8000,3,5,2,1,1,1,1,2,1,1
SF,IH2012,2020-08-27 09:30:51.900,3257.8000,19989,-2,137930280.000,2,0,2,双平,S,3257.8000,3257.6000,3257.4000,3256.8000,3256.2000,3259.4000,3259.6000,3260.0000,3260.4000,3260.6000,2,4,2,1,1,1,1,1,2,1
SF,IH2012,2020-08-27 09:30:52.900,3257.8000,19987,-2,139884960.000,2,0,2,双平,S,3257.6000,3257.4000,3256.8000,3256.2000,3255.6000,3259.4000,3259.6000,3260.0000,3260.4000,3260.6000,4,1,1,1,1,1,1,1,2,1
SF,IH2012,2020-08-27 09:30:53.400,3257.8000,19987,0,139884960.000,0,-,-,-,-,3257.8000,3257.6000,3257.4000,3256.8000,3256.2000,3259.4000,3259.6000,3260.0000,3260.4000,3260.6000,1,4,1,1,1,1,1,1,2,1
SF,IH2012,2020-08-27 09:30:53.900,3257.8000,19987,0,139884960.000,0,-,-,-,-,3258.0000,3257.8000,3257.4000,3256.8000,3255.6000,3259.4000,3260.0000,3260.4000,3260.6000,3260.8000,5,2,1,1,1,1,1,2,1,1
SF,IH2012,2020-08-27 09:30:54.400,3257.8000,19987,0,140862300.000,1,0,1,多换,S,3258.0000,3257.8000,3257.4000,3256.8000,3255.6000,3260.0000,3260.4000,3260.8000,3261.0000,3261.2000,6,2,1,1,1,1,2,1,1,1
SF,IH2012,2020-08-27 09:30:54.900,3257.8000,19987,0,140862300.000,0,-,-,-,-,3258.2000,3258.0000,3257.8000,3257.4000,3256.8000,3260.0000,3260.4000,3261.0000,3261.2000,3261.6000,1,7,1,1,1,1,2,1,1,1
SF,IH2012,2020-08-27 09:30:55.400,3257.8000,19987,0,140862300.000,0,-,-,-,-,3258.4000,3258.2000,3258.0000,3257.8000,3257.4000,3260.0000,3261.0000,3261.2000,3261.6000,3261.8000,1,1,5,1,1,1,1,1,1,1
SF,IH2012,2020-08-27 09:30:55.900,3257.8000,19988,1,141839640.000,1,1,0,双开,S,3258.6000,3258.4000,3258.2000,3258.0000,3257.8000,3260.0000,3261.0000,3261.2000,3261.6000,3261.8000,1,6,2,2,1,1,1,1,1,1
SF,IH2012,2020-08-27 09:30:56.400,3257.8000,19988,0,141839640.000,0,-,-,-,-,3258.8000,3258.4000,3258.2000,3258.0000,3257.8000,3260.0000,3261.0000,3261.2000,3261.6000,3261.8000,1,7,2,3,1,2,1,1,1,1
SF,IH2012,2020-08-27 09:30:56.900,3257.8000,19988,0,141839640.000,0,-,-,-,-,3258.4000,3258.2000,3258.0000,3257.8000,3257.4000,3260.0000,3261.0000,3261.2000,3261.6000,3261.8000,5,2,3,1,1,2,1,1,1,1
SF,IH2012,2020-08-27 09:30:57.400,3258.0000,19987,-1,142817040.000,1,0,1,双平,S,3258.2000,3258.0000,3257.8000,3256.8000,3255.6000,3259.8000,3260.0000,3261.0000,3261.2000,3261.6000,1,1,1,1,1,3,2,1,1,1
SF,IH2012,2020-08-27 09:30:57.900,3258.0000,19987,0,142817040.000,0,-,-,-,-,3258.2000,3258.0000,3257.8000,3256.8000,3255.6000,3259.6000,3259.8000,3260.0000,3261.0000,3261.2000,1,3,1,1,1,1,3,2,1,1
SF,IH2012,2020-08-27 09:30:58.400,3258.2000,19987,0,143794500.000,1,0,1,多换,S,3258.0000,3257.8000,3256.8000,3255.6000,3255.0000,3258.2000,3259.6000,3259.8000,3260.0000,3261.0000,3,1,1,1,4,1,1,3,2,1
SF,IH2012,2020-08-27 09:30:58.900,3258.2000,19987,0,144771960.000,1,0,1,多换,S,3258.4000,3258.2000,3258.0000,3257.8000,3256.8000,3260.0000,3261.0000,3261.2000,3261.6000,3261.8000,1,1,6,1,1,2,1,1,1,1
SF,IH2012,2020-08-27 09:30:59.400,3260.0000,19986,-1,147705840.000,3,1,2,多平,S,3258.2000,3258.0000,3256.8000,3255.6000,3255.0000,3259.8000,3260.0000,3261.0000,3261.2000,3261.6000,1,3,1,1,4,1,1,1,1,1
SF,IH2012,2020-08-27 09:30:59.900,3260.0000,19986,0,147705840.000,0,-,-,-,-,3258.4000,3258.2000,3258.0000,3256.8000,3255.6000,3260.0000,3261.0000,3261.2000,3261.6000,3261.8000,1,1,3,1,1,1,1,1,1,1
SF,IH2012,2020-08-27 09:31:00.400,3260.0000,19986,0,147705840.000,0,-,-,-,-,3258.2000,3258.0000,3256.8000,3255.6000,3255.0000,3260.0000,3261.0000,3261.2000,3261.6000,3261.8000,1,3,1,1,4,1,1,1,1,1
SF,IH2012,2020-08-27 09:31:00.900,3260.0000,19986,0,147705840.000,0,-,-,-,-,3258.4000,3258.2000,3258.0000,3256.8000,3255.6000,3259.8000,3260.0000,3261.0000,3261.2000,3261.6000,1,1,3,1,1,1,1,1,1,1
SF,IH2012,2020-08-27 09:31:01.400,3260.0000,19986,0,147705840.000,0,-,-,-,-,3258.2000,3258.0000,3256.8000,3255.6000,3255.0000,3259.8000,3260.0000,3261.0000,3261.2000,3261.6000,1,3,1,1,4,1,1,1,1,1
SF,IH2012,2020-08-27 09:31:01.900,3259.8000,19985,-1,148683780.000,1,0,1,双平,S,3258.4000,3258.2000,3258.0000,3256.8000,3255.6000,3260.0000,3261.0000,3261.2000,3261.6000,3261.8000,1,1,3,1,1,1,1,1,1,1
SF,IH2012,2020-08-27 09:31:02.400,3259.8000,19985,0,148683780.000,0,-,-,-,-,3258.6000,3258.2000,3258.0000,3256.8000,3255.6000,3260.0000,3261.0000,3261.2000,3261.6000,3261.8000,1,1,3,1,1,1,1,1,1,1
SF,IH2012,2020-08-27 09:31:02.900,3259.8000,19985,0,148683780.000,0,-,-,-,-,3258.8000,3258.6000,3258.2000,3258.0000,3256.8000,3260.0000,3261.0000,3261.2000,3261.6000,3261.8000,1,1,1,3,1,1,1,1,1,1
SF,IH2012,2020-08-27 09:31:03.400,3259.8000,19985,0,148683780.000,0,-,-,-,-,3258.2000,3258.0000,3256.8000,3255.6000,3255.0000,3260.0000,3261.0000,3261.2000,3261.6000,3261.8000,1,3,1,1,4,1,1,1,1,1
SF,IH2012,2020-08-27 09:31:03.900,3259.8000,19985,0,148683780.000,0,-,-,-,-,3258.4000,3258.2000,3258.0000,3256.8000,3255.6000,3260.0000,3261.0000,3261.2000,3261.6000,3261.8000,2,1,3,1,1,1,1,1,1,1
SF,IH2012,2020-08-27 09:31:04.400,3259.8000,19985,0,148683780.000,0,-,-,-,-,3258.4000,3258.2000,3258.0000,3256.8000,3255.6000,3260.0000,3260.2000,3261.0000,3261.2000,3261.8000,2,1,3,1,1,1,1,1,1,1
SF,IH2012,2020-08-27 09:31:04.900,3259.8000,19985,0,148683780.000,0,-,-,-,-,3258.4000,3258.2000,3258.0000,3256.8000,3255.6000,3260.0000,3260.2000,3261.0000,3261.2000,3261.8000,2,2,3,1,1,1,1,1,1,1
SF,IH2012,2020-08-27 09:31:05.400,3260.0000,19985,0,149661780.000,1,0,1,多换,S,3258.6000,3258.4000,3258.2000,3258.0000,3256.8000,3260.2000,3261.0000,3261.2000,3261.8000,3262.0000,1,2,2,3,1,1,1,1,1,3
SF,IH2012,2020-08-27 09:31:05.900,3260.0000,19985,0,149661780.000,0,-,-,-,-,3258.8000,3258.4000,3258.2000,3258.0000,3256.8000,3260.2000,3261.0000,3261.2000,3261.8000,3262.0000,1,1,2,3,1,1,1,1,1,3
SF,IH2012,2020-08-27 09:31:06.400,3260.0000,19985,0,149661780.000,0,-,-,-,-,3259.0000,3258.4000,3258.2000,3258.0000,3256.8000,3260.0000,3260.2000,3261.0000,3261.2000,3261.8000,1,1,2,3,1,1,1,1,1,1
SF,IH2012,2020-08-27 09:31:06.900,3260.0000,19985,0,149661780.000,0,-,-,-,-,3259.2000,3258.4000,3258.2000,3258.0000,3256.8000,3260.0000,3260.2000,3261.0000,3261.2000,3261.8000,1,1,2,3,1,1,1,1,1,1
SF,IH2012,2020-08-27 09:31:07.400,3260.0000,19984,-1,150639780.000,1,0,1,双平,S,3259.4000,3258.4000,3258.2000,3258.0000,3256.8000,3260.2000,3261.0000,3261.2000,3261.8000,3262.0000,1,1,2,3,1,1,1,1,1,3
SF,IH2012,2020-08-27 09:31:07.900,3260.2000,19983,-1,151617840.000,1,0,1,双平,S,3258.4000,3258.2000,3258.0000,3256.8000,3256.2000,3261.0000,3261.2000,3261.8000,3262.0000,3264.6000,1,2,3,1,1,1,1,1,3,5
SF,IH2012,2020-08-27 09:31:08.400,3260.2000,19983,0,151617840.000,0,-,-,-,-,3258.6000,3258.4000,3258.2000,3258.0000,3256.8000,3260.8000,3261.0000,3261.2000,3261.8000,3262.0000,7,1,2,3,1,2,1,1,1,3
SF,IH2012,2020-08-27 09:31:08.900,3260.2000,19983,0,151617840.000,0,-,-,-,-,3258.8000,3258.6000,3258.2000,3258.0000,3256.8000,3260.8000,3261.0000,3261.2000,3261.8000,3262.0000,1,7,2,3,1,2,1,1,1,3
SF,IH2012,2020-08-27 09:31:09.400,3260.2000,19983,0,151617840.000,0,-,-,-,-,3259.0000,3258.8000,3258.6000,3258.2000,3258.0000,3260.8000,3261.0000,3261.2000,3261.8000,3262.0000,3,1,7,1,3,2,2,1,1,3
SF,IH2012,2020-08-27 09:31:09.900,3260.2000,19983,0,151617840.000,0,-,-,-,-,3259.2000,3259.0000,3258.6000,3258.2000,3258.0000,3260.8000,3261.0000,3261.2000,3261.8000,3262.0000,2,3,7,1,3,2,2,1,1,3
SF,IH2012,2020-08-27 09:31:10.400,3260.2000,19983,0,151617840.000,0,-,-,-,-,3259.4000,3259.2000,3258.6000,3258.2000,3258.0000,3260.8000,3261.0000,3261.2000,3261.8000,3262.0000,1,2,4,1,3,2,2,1,1,3
SF,IH2012,2020-08-27 09:31:10.900,3260.2000,19983,0,151617840.000,0,-,-,-,-,3259.6000,3259.2000,3258.6000,3258.2000,3258.0000,3260.8000,3261.0000,3261.2000,3261.8000,3262.0000,1,2,4,1,3,2,2,1,1,3
SF,IH2012,2020-08-27 09:31:11.400,3260.2000,19983,0,151617840.000,0,-,-,-,-,3259.2000,3258.6000,3258.2000,3258.0000,3256.8000,3260.8000,3261.0000,3261.2000,3261.8000,3262.0000,2,4,1,3,1,2,2,1,1,3
SF,IH2012,2020-08-27 09:31:11.900,3260.8000,19982,-1,152596080.000,1,0,1,双平,S,3259.4000,3259.2000,3258.6000,3258.2000,3258.0000,3261.0000,3261.2000,3261.8000,3262.0000,3264.6000,1,1,4,1,3,2,1,1,3,5
SF,IH2012,2020-08-27 09:31:12.400,3260.8000,19982,0,152596080.000,0,-,-,-,-,3259.6000,3259.4000,3259.2000,3258.6000,3258.2000,3261.0000,3261.2000,3261.8000,3262.0000,3264.6000,2,1,1,3,1,2,2,1,3,5
SF,IH2012,2020-08-27 09:31:12.900,3261.0000,19981,-1,153574380.000,1,0,1,双平,S,3259.8000,3259.6000,3259.4000,3259.2000,3258.6000,3261.0000,3261.2000,3261.8000,3262.0000,3264.6000,1,2,1,1,3,1,2,1,3,5
SF,IH2012,2020-08-27 09:31:13.400,3261.0000,19981,0,153574380.000,0,-,-,-,-,3260.0000,3259.8000,3259.6000,3259.2000,3258.6000,3260.6000,3261.0000,3261.2000,3261.8000,3262.0000,1,1,1,1,3,1,1,2,1,3
SF,IH2012,2020-08-27 09:31:13.900,3261.0000,19980,-1,155530860.000,2,0,2,多平,S,3259.8000,3259.6000,3259.2000,3258.6000,3258.2000,3261.2000,3261.8000,3262.0000,3264.6000,3265.0000,1,1,1,3,1,2,1,3,5,3
SF,IH2012,2020-08-27 09:31:14.400,3261.0000,19980,0,155530860.000,0,-,-,-,-,3260.0000,3259.8000,3259.6000,3259.2000,3258.6000,3261.2000,3261.8000,3262.0000,3264.6000,3265.0000,1,1,1,1,3,2,1,3,5,3
SF,IH2012,2020-08-27 09:31:14.900,3261.0000,19980,0,155530860.000,0,-,-,-,-,3260.2000,3259.8000,3259.6000,3259.2000,3258.6000,3261.2000,3261.8000,3262.0000,3264.6000,3265.0000,1,1,1,1,3,2,1,3,5,3
SF,IH2012,2020-08-27 09:31:15.400,3261.0000,19980,0,155530860.000,0,-,-,-,-,3260.4000,3259.8000,3259.6000,3259.2000,3258.6000,3261.2000,3261.8000,3262.0000,3264.6000,3265.0000,1,1,1,1,3,2,1,3,5,3
SF,IH2012,2020-08-27 09:31:15.900,3261.2000,19979,-1,156509220.000,1,0,1,双平,S,3259.8000,3259.6000,3259.2000,3258.6000,3258.2000,3261.2000,3261.4000,3261.8000,3262.0000,3264.6000,1,1,1,3,1,1,1,1,3,5
SF,IH2012,2020-08-27 09:31:16.400,3261.2000,19979,0,156509220.000,0,-,-,-,-,3260.0000,3259.8000,3259.6000,3258.6000,3258.2000,3261.2000,3261.4000,3261.8000,3262.0000,3264.6000,1,1,1,3,1,1,1,1,3,5
SF,IH2012,2020-08-27 09:31:16.900,3261.2000,19979,0,156509220.000,0,-,-,-,-,3260.2000,3259.8000,3259.6000,3258.6000,3258.2000,3261.2000,3261.4000,3261.8000,3262.0000,3264.6000,1,1,1,3,1,1,1,1,3,5
SF,IH2012,2020-08-27 09:31:17.400,3261.2000,19979,0,156509220.000,0,-,-,-,-,3260.4000,3259.8000,3259.6000,3258.6000,3258.2000,3261.2000,3261.4000,3261.8000,3262.0000,3264.6000,1,1,1,3,1,1,1,1,3,5
SF,IH2012,2020-08-27 09:31:17.900,3261.2000,19978,-1,157487580.000,1,0,1,双平,S,3259.8000,3259.6000,3258.6000,3258.2000,3258.0000,3261.4000,3261.8000,3262.0000,3264.6000,3265.0000,1,1,3,1,3,1,1,3,5,3
SF,IH2012,2020-08-27 09:31:18.400,3261.2000,19978,0,157487580.000,0,-,-,-,-,3260.0000,3259.8000,3259.6000,3258.6000,3258.2000,3261.4000,3261.8000,3262.0000,3264.6000,3265.0000,2,1,1,3,1,1,1,3,5,3
SF,IH2012,2020-08-27 09:31:18.900,3261.2000,19978,0,157487580.000,0,-,-,-,-,3260.0000,3259.8000,3259.6000,3258.6000,3258.2000,3261.4000,3261.8000,3262.0000,3264.6000,3265.0000,1,1,1,3,1,1,1,3,5,3
SF,IH2012,2020-08-27 09:31:19.400,3261.2000,19977,-1,158465940.000,1,0,1,双平,S,3260.2000,3259.8000,3259.6000,3258.6000,3258.2000,3261.4000,3261.8000,3262.0000,3264.6000,3265.0000,1,1,1,3,1,1,1,3,5,3
SF,IH2012,2020-08-27 09:31:19.900,3261.4000,19976,-1,159444360.000,1,0,1,双平,S,3260.4000,3259.8000,3259.6000,3258.6000,3258.2000,3261.8000,3262.0000,3264.6000,3265.0000,3265.2000,1,1,1,3,1,1,3,5,3,2
SF,IH2012,2020-08-27 09:31:20.400,3261.4000,19976,0,159444360.000,0,-,-,-,-,3260.6000,3259.8000,3259.6000,3258.8000,3258.6000,3261.8000,3262.0000,3264.6000,3265.0000,3265.2000,1,1,1,1,3,1,4,5,3,2
SF,IH2012,2020-08-27 09:31:20.900,3261.4000,19976,0,159444360.000,0,-,-,-,-,3259.8000,3259.6000,3258.8000,3258.6000,3258.2000,3260.0000,3261.6000,3261.8000,3262.0000,3264.6000,1,1,1,3,1,2,1,1,5,5
SF,IH2012,2020-08-27 09:31:21.400,3260.0000,19974,-2,161400360.000,2,0,2,双平,S,3260.6000,3260.4000,3260.2000,3260.0000,3259.8000,3261.6000,3261.8000,3262.0000,3264.6000,3265.0000,2,3,3,6,3,1,1,5,5,3
SF,IH2012,2020-08-27 09:31:21.900,3260.0000,19974,0,161400360.000,0,-,-,-,-,3260.6000,3260.0000,3259.8000,3258.8000,3258.6000,3261.6000,3261.8000,3262.0000,3264.6000,3265.0000,1,1,1,1,3,1,1,5,5,3
SF,IH2012,2020-08-27 09:31:23.900,3260.6000,19973,-1,162378540.000,1,0,1,双平,S,3260.0000,3259.8000,3258.8000,3258.6000,3258.2000,3261.6000,3261.8000,3262.0000,3264.6000,3265.0000,1,1,1,3,1,1,1,5,5,3
SF,IH2012,2020-08-27 09:31:24.400,3260.6000,19973,0,162378540.000,0,-,-,-,-,3260.2000,3260.0000,3259.8000,3258.8000,3258.6000,3261.8000,3262.0000,3264.6000,3265.0000,3265.2000,1,2,1,1,3,2,5,5,3,2
SF,IH2012,2020-08-27 09:31:24.900,3260.6000,19973,0,162378540.000,0,-,-,-,-,3260.0000,3259.8000,3258.8000,3258.6000,3258.2000,3261.8000,3262.0000,3264.6000,3265.0000,3265.2000,1,1,1,3,1,2,5,5,3,2
SF,IH2012,2020-08-27 09:31:25.400,3260.6000,19973,0,162378540.000,0,-,-,-,-,3261.6000,3260.2000,3260.0000,3259.8000,3258.8000,3261.8000,3262.0000,3264.6000,3265.0000,3265.2000,1,2,1,1,1,2,5,5,3,2
SF,IH2012,2020-08-27 09:31:25.900,3261.6000,19973,0,163357020.000,1,0,1,多换,S,3260.2000,3260.0000,3259.8000,3258.8000,3258.6000,3261.4000,3261.6000,3261.8000,3262.0000,3264.6000,1,1,1,1,3,1,2,2,6,5
SF,IH2012,2020-08-27 09:31:26.400,3261.6000,19973,0,166292460.000,3,1,2,多换,S,3260.4000,3260.0000,3259.8000,3258.8000,3258.6000,3261.4000,3261.6000,3261.8000,3262.0000,3263.0000,1,1,1,1,3,1,2,2,6,1
SF,IH2012,2020-08-27 09:31:26.900,3259.8000,19971,-2,169226520.000,3,0,3,多平,S,3258.8000,3258.6000,3258.2000,3258.0000,3257.0000,3261.0000,3261.2000,3261.4000,3261.6000,3261.8000,1,3,1,3,1,1,1,1,2,2
SF,IH2012,2020-08-27 09:31:27.400,3258.8000,19971,0,170204160.000,1,0,1,多换,S,3258.2000,3258.0000,3257.0000,3256.2000,3255.6000,3260.8000,3261.0000,3261.2000,3261.6000,3261.8000,1,3,1,1,1,1,5,2,1,2
SF,IH2012,2020-08-27 09:31:27.900,3258.8000,19971,0,170204160.000,0,-,-,-,-,3258.0000,3257.0000,3256.2000,3255.6000,3255.0000,3260.2000,3260.6000,3260.8000,3261.0000,3261.2000,3,1,1,1,3,1,3,3,4,2
SF,IH2012,2020-08-27 09:31:28.400,3258.8000,19971,0,170204160.000,0,-,-,-,-,3258.0000,3257.0000,3256.2000,3255.6000,3255.0000,3260.0000,3260.2000,3260.6000,3260.8000,3261.0000,3,1,1,1,3,1,1,2,1,1
SF,IH2012,2020-08-27 09:31:28.900,3260.0000,19971,0,171182160.000,1,0,1,多换,S,3258.2000,3258.0000,3257.0000,3256.2000,3255.6000,3260.2000,3260.6000,3260.8000,3261.0000,3261.2000,2,3,1,1,1,1,2,1,1,2
SF,IH2012,2020-08-27 09:31:29.400,3260.2000,19971,0,172160220.000,1,0,1,多换,S,3258.2000,3258.0000,3257.0000,3256.2000,3255.6000,3260.6000,3260.8000,3261.0000,3261.2000,3261.6000,2,3,1,1,1,2,1,1,2,1
SF,IH2012,2020-08-27 09:31:29.900,3260.2000,19971,0,172160220.000,0,-,-,-,-,3258.6000,3258.2000,3258.0000,3257.0000,3256.2000,3260.4000,3260.6000,3260.8000,3261.0000,3261.2000,1,1,3,1,1,1,2,1,1,2
SF,IH2012,2020-08-27 09:31:30.400,3260.2000,19971,0,172160220.000,0,-,-,-,-,3258.8000,3258.6000,3258.0000,3257.0000,3256.2000,3260.2000,3260.4000,3260.6000,3260.8000,3261.0000,1,1,2,1,1,1,1,2,1,1
SF,IH2012,2020-08-27 09:31:30.900,3260.2000,19971,0,172160220.000,0,-,-,-,-,3258.8000,3258.0000,3257.0000,3256.2000,3255.6000,3260.4000,3260.6000,3260.8000,3261.0000,3261.2000,1,2,1,1,1,1,2,1,1,2
SF,IH2012,2020-08-27 09:31:31.900,3260.2000,19971,0,172160220.000,0,-,-,-,-,3258.8000,3258.0000,3257.0000,3256.2000,3255.6000,3260.2000,3260.4000,3260.6000,3260.8000,3261.0000,1,2,1,1,1,2,1,2,1,1
SF,IH2012,2020-08-27 09:31:32.400,3260.2000,19971,0,172160220.000,0,-,-,-,-,3258.8000,3258.0000,3257.0000,3256.2000,3255.6000,3260.6000,3260.8000,3261.0000,3261.2000,3261.6000,1,2,1,1,1,2,1,1,2,1
SF,IH2012,2020-08-27 09:31:32.900,3260.2000,19971,0,172160220.000,0,-,-,-,-,3258.8000,3258.0000,3257.0000,3256.2000,3255.6000,3260.0000,3260.2000,3260.4000,3260.6000,3260.8000,1,2,1,1,1,1,1,3,2,1
SF,IH2012,2020-08-27 09:31:33.400,3260.2000,19971,0,173138280.000,1,0,1,多换,S,3258.0000,3257.0000,3255.6000,3255.0000,3254.4000,3260.2000,3260.4000,3260.6000,3260.8000,3261.0000,2,1,1,3,1,1,2,2,1,1
SF,IH2012,2020-08-27 09:31:33.900,3260.2000,19971,0,173138280.000,0,-,-,-,-,3258.2000,3258.0000,3257.0000,3255.6000,3255.0000,3259.8000,3260.0000,3260.2000,3260.4000,3260.6000,1,2,1,1,3,1,2,1,2,2
SF,IH2012,2020-08-27 09:31:34.400,3260.2000,19971,0,173138280.000,0,-,-,-,-,3258.2000,3258.0000,3257.0000,3255.6000,3255.0000,3259.8000,3260.0000,3260.2000,3260.4000,3260.6000,1,2,1,1,3,1,2,1,2,2
SF,IH2012,2020-08-27 09:31:34.900,3260.2000,19971,0,173138280.000,0,-,-,-,-,3258.2000,3258.0000,3257.0000,3255.6000,3255.0000,3260.0000,3260.4000,3260.6000,3260.8000,3261.0000,1,2,1,1,3,2,2,2,1,1
SF,IH2012,2020-08-27 09:31:35.900,3260.2000,19971,0,173138280.000,0,-,-,-,-,3258.2000,3258.0000,3257.0000,3255.6000,3255.0000,3260.0000,3260.4000,3260.6000,3260.8000,3261.0000,1,2,1,1,3,2,2,2,1,1
SF,IH2012,2020-08-27 09:31:36.900,3260.2000,19971,0,173138280.000,0,-,-,-,-,3258.2000,3258.0000,3257.0000,3255.6000,3255.0000,3259.8000,3260.0000,3260.4000,3260.6000,3260.8000,1,2,1,1,3,1,2,2,2,1
SF,IH2012,2020-08-27 09:31:37.400,3260.2000,19971,0,173138280.000,0,-,-,-,-,3258.2000,3258.0000,3257.0000,3255.6000,3255.0000,3260.0000,3260.4000,3260.6000,3260.8000,3261.0000,1,2,1,1,3,2,2,2,1,1
SF,IH2012,2020-08-27 09:31:37.900,3260.2000,19971,0,173138280.000,0,-,-,-,-,3258.2000,3258.0000,3257.0000,3255.6000,3255.0000,3260.0000,3260.4000,3260.6000,3260.8000,3261.0000,1,2,1,1,3,2,2,2,1,1
SF,IH2012,2020-08-27 09:31:38.400,3260.0000,19971,0,174116280.000,1,0,1,多换,S,3258.2000,3258.0000,3257.0000,3255.6000,3255.0000,3259.8000,3260.0000,3260.4000,3260.6000,3260.8000,1,2,1,1,3,3,3,2,1,1
SF,IH2012,2020-08-27 09:31:38.900,3260.0000,19971,0,174116280.000,0,-,-,-,-,3258.2000,3258.0000,3257.0000,3255.6000,3255.0000,3259.4000,3259.6000,3259.8000,3260.0000,3260.4000,1,2,1,1,3,1,2,3,2,2
SF,IH2012,2020-08-27 09:31:39.400,3258.0000,19970,-1,177048540.000,3,1,2,多平,S,3257.0000,3255.6000,3255.0000,3254.4000,3254.2000,3258.8000,3259.2000,3259.4000,3259.6000,3259.8000,1,1,3,1,1,1,2,6,2,3
SF,IH2012,2020-08-27 09:31:39.900,3257.2000,19969,-1,178025700.000,1,0,1,双平,S,3257.0000,3255.6000,3255.0000,3254.4000,3254.2000,3258.2000,3258.6000,3259.2000,3259.4000,3259.8000,1,1,3,1,1,1,1,1,6,3
SF,IH2012,2020-08-27 09:31:40.400,3260.0000,19970,1,185848200.000,8,4,4,空开,S,3260.0000,3257.0000,3255.6000,3255.0000,3254.4000,3260.4000,3260.6000,3260.8000,3261.2000,3261.8000,2,1,1,3,1,1,1,1,1,3
SF,IH2012,2020-08-27 09:31:40.900,3260.0000,19970,0,187804200.000,2,1,1,多换,S,3257.2000,3257.0000,3255.6000,3255.0000,3254.4000,3259.0000,3259.4000,3259.6000,3259.8000,3260.0000,1,1,1,3,1,1,1,1,2,13
SF,IH2012,2020-08-27 09:31:41.400,3257.4000,19969,-1,188781420.000,1,0,1,双平,S,3257.4000,3257.0000,3255.6000,3255.0000,3254.4000,3258.8000,3259.8000,3260.0000,3260.2000,3260.4000,1,1,1,3,1,1,1,5,1,3
SF,IH2012,2020-08-27 09:31:41.900,3257.4000,19969,0,188781420.000,0,-,-,-,-,3257.4000,3257.0000,3255.6000,3255.0000,3254.4000,3258.8000,3259.8000,3260.0000,3260.2000,3260.4000,1,1,1,3,1,1,1,5,1,3
SF,IH2012,2020-08-27 09:31:42.400,3257.4000,19969,0,188781420.000,0,-,-,-,-,3257.6000,3257.4000,3257.0000,3255.6000,3255.0000,3258.8000,3259.8000,3260.0000,3260.2000,3260.4000,1,1,1,1,3,1,1,1,1,3
SF,IH2012,2020-08-27 09:31:42.900,3257.4000,19969,0,188781420.000,0,-,-,-,-,3257.8000,3257.6000,3257.4000,3257.0000,3255.6000,3258.8000,3259.8000,3260.0000,3260.2000,3260.4000,1,5,1,1,1,1,1,1,1,1
SF,IH2012,2020-08-27 09:31:43.400,3257.4000,19968,-1,189758640.000,1,0,1,双平,S,3257.6000,3257.4000,3257.0000,3255.6000,3255.0000,3258.8000,3259.8000,3260.0000,3260.2000,3260.4000,5,1,1,1,3,1,1,1,1,1
SF,IH2012,2020-08-27 09:31:43.900,3257.4000,19968,0,189758640.000,0,-,-,-,-,3257.6000,3257.4000,3257.0000,3255.6000,3255.0000,3258.8000,3259.8000,3260.0000,3260.2000,3260.4000,1,1,1,1,3,1,1,1,1,1
SF,IH2012,2020-08-27 09:31:44.400,3257.4000,19968,0,189758640.000,0,-,-,-,-,3257.6000,3257.4000,3257.0000,3255.6000,3255.0000,3258.8000,3259.8000,3260.0000,3260.2000,3260.4000,1,1,1,1,3,1,1,1,1,2
SF,IH2012,2020-08-27 09:31:44.900,3257.4000,19968,0,189758640.000,0,-,-,-,-,3257.6000,3257.4000,3257.0000,3255.6000,3255.0000,3258.8000,3259.8000,3260.0000,3260.2000,3260.4000,1,1,1,1,3,1,1,1,1,2
SF,IH2012,2020-08-27 09:31:45.400,3257.4000,19968,0,189758640.000,0,-,-,-,-,3257.4000,3257.0000,3255.6000,3255.0000,3254.4000,3258.6000,3258.8000,3259.8000,3260.0000,3260.2000,1,1,1,3,1,1,1,1,1,1
SF,IH2012,2020-08-27 09:31:45.900,3257.6000,19968,0,190735920.000,1,0,1,多换,S,3257.6000,3257.0000,3255.6000,3255.0000,3254.4000,3258.4000,3258.6000,3260.0000,3260.2000,3260.4000,3,1,1,3,1,1,1,1,1,2
SF,IH2012,2020-08-27 09:31:46.400,3257.6000,19967,-1,191713200.000,1,0,1,双平,S,3257.8000,3257.6000,3257.0000,3255.6000,3255.0000,3258.4000,3258.6000,3260.0000,3260.2000,3260.4000,1,6,1,1,3,1,1,1,1,2
SF,IH2012,2020-08-27 09:31:46.900,3257.6000,19967,0,191713200.000,0,-,-,-,-,3258.2000,3257.8000,3257.6000,3257.0000,3255.6000,3258.4000,3258.6000,3260.0000,3260.2000,3260.4000,1,1,6,1,1,1,1,1,1,2
SF,IH2012,2020-08-27 09:31:47.400,3257.8000,19968,1,192690540.000,1,1,0,双开,S,3258.0000,3257.8000,3257.6000,3257.0000,3255.6000,3258.4000,3258.6000,3260.0000,3260.2000,3260.4000,3,2,3,1,1,5,1,1,1,2
SF,IH2012,2020-08-27 09:31:47.900,3258.4000,19968,0,193668060.000,1,0,1,多换,S,3257.8000,3257.6000,3257.0000,3255.6000,3255.0000,3258.4000,3258.6000,3260.0000,3260.2000,3260.4000,2,3,1,1,3,4,1,1,1,2
SF,IH2012,2020-08-27 09:31:48.400,3258.4000,19968,0,193668060.000,0,-,-,-,-,3257.8000,3257.0000,3255.6000,3255.0000,3254.4000,3258.2000,3258.4000,3258.6000,3260.0000,3260.2000,2,1,1,3,1,3,4,1,1,1
SF,IH2012,2020-08-27 09:31:48.900,3258.4000,19967,-1,194645580.000,1,0,1,双平,S,3257.8000,3257.0000,3255.6000,3255.0000,3254.4000,3258.2000,3258.4000,3258.6000,3260.0000,3260.2000,2,1,1,3,1,2,4,1,1,1
SF,IH2012,2020-08-27 09:31:49.400,3257.8000,19966,-1,196600260.000,2,0,2,多平,S,3257.0000,3255.6000,3255.0000,3254.4000,3254.2000,3258.2000,3258.4000,3258.6000,3260.0000,3260.2000,1,1,3,1,1,2,4,1,1,1
SF,IH2012,2020-08-27 09:31:49.900,3257.8000,19966,0,196600260.000,0,-,-,-,-,3257.2000,3257.0000,3255.6000,3255.0000,3254.4000,3258.2000,3258.4000,3260.0000,3260.2000,3260.4000,1,1,1,3,1,2,4,1,1,2
SF,IH2012,2020-08-27 09:31:50.400,3257.8000,19966,0,196600260.000,0,-,-,-,-,3257.2000,3257.0000,3255.6000,3255.0000,3254.4000,3258.4000,3260.0000,3260.2000,3260.4000,3260.6000,1,1,1,3,1,4,1,1,2,1
SF,IH2012,2020-08-27 09:31:50.900,3257.8000,19966,0,196600260.000,0,-,-,-,-,3257.4000,3257.2000,3257.0000,3255.6000,3255.0000,3258.4000,3260.0000,3260.2000,3260.4000,3260.6000,1,1,1,1,3,4,1,1,2,1
SF,IH2012,2020-08-27 09:31:51.400,3257.8000,19966,0,196600260.000,0,-,-,-,-,3258.2000,3257.4000,3257.2000,3257.0000,3255.6000,3258.4000,3260.0000,3260.2000,3260.4000,3260.6000,1,7,1,1,1,4,1,1,2,1
SF,IH2012,2020-08-27 09:31:51.900,3258.2000,19965,-1,197577720.000,1,0,1,双平,S,3257.4000,3257.2000,3257.0000,3255.0000,3254.4000,3258.2000,3258.4000,3260.0000,3260.2000,3260.4000,4,1,1,3,1,1,4,1,1,2
SF,IH2012,2020-08-27 09:31:52.400,3258.2000,19965,0,197577720.000,0,-,-,-,-,3257.4000,3257.2000,3257.0000,3255.0000,3254.4000,3258.2000,3260.0000,3260.2000,3260.4000,3260.6000,1,1,1,3,1,1,1,1,2,1
SF,IH2012,2020-08-27 09:31:52.900,3258.2000,19965,0,197577720.000,0,-,-,-,-,3257.4000,3257.2000,3257.0000,3255.0000,3254.4000,3258.2000,3260.0000,3260.2000,3260.4000,3260.6000,1,1,1,3,1,5,1,1,2,1
SF,IH2012,2020-08-27 09:31:53.400,3258.2000,19965,0,197577720.000,0,-,-,-,-,3257.4000,3257.2000,3257.0000,3255.0000,3254.4000,3258.2000,3260.0000,3260.2000,3260.4000,3260.6000,1,1,1,3,1,5,1,1,2,1
SF,IH2012,2020-08-27 09:31:54.400,3258.2000,19965,0,197577720.000,0,-,-,-,-,3257.6000,3257.4000,3257.2000,3257.0000,3255.0000,3258.2000,3260.0000,3260.2000,3260.4000,3260.6000,5,1,1,1,3,5,1,1,2,1
SF,IH2012,2020-08-27 09:31:54.900,3258.2000,19965,0,197577720.000,0,-,-,-,-,3257.4000,3257.2000,3257.0000,3255.0000,3254.4000,3258.2000,3260.0000,3260.2000,3260.4000,3260.6000,1,2,1,3,1,4,1,1,2,1
SF,IH2012,2020-08-27 09:31:55.400,3258.2000,19965,0,197577720.000,0,-,-,-,-,3257.4000,3257.2000,3257.0000,3255.0000,3254.4000,3258.2000,3260.0000,3260.2000,3260.4000,3260.6000,1,2,1,3,1,4,1,1,2,1
SF,IH2012,2020-08-27 09:31:55.900,3258.2000,19961,-4,201487560.000,4,0,4,双平,S,3258.6000,3257.6000,3257.4000,3257.2000,3257.0000,3260.0000,3260.2000,3260.4000,3260.6000,3261.4000,1,7,1,2,1,1,1,2,1,1
SF,IH2012,2020-08-27 09:31:56.400,3258.2000,19961,0,201487560.000,0,-,-,-,-,3258.6000,3257.6000,3257.4000,3257.2000,3257.0000,3260.0000,3260.2000,3260.4000,3261.8000,3262.0000,1,9,1,2,1,1,1,2,2,3
SF,IH2012,2020-08-27 09:31:56.900,3258.2000,19961,0,201487560.000,0,-,-,-,-,3258.6000,3257.6000,3257.4000,3257.2000,3257.0000,3260.0000,3260.4000,3261.8000,3262.0000,3263.0000,1,9,1,2,1,1,2,2,3,1
SF,IH2012,2020-08-27 09:31:57.400,3258.2000,19961,0,201487560.000,0,-,-,-,-,3258.6000,3257.6000,3257.4000,3257.2000,3257.0000,3259.8000,3260.0000,3260.4000,3261.8000,3262.0000,1,6,1,2,1,1,1,2,2,3
SF,IH2012,2020-08-27 09:31:58.900,3258.2000,19961,0,201487560.000,0,-,-,-,-,3258.6000,3257.6000,3257.4000,3257.2000,3257.0000,3259.8000,3260.0000,3260.4000,3261.8000,3262.0000,1,4,1,2,1,1,1,2,2,3
SF,IH2012,2020-08-27 09:31:59.400,3258.6000,19961,0,202465140.000,1,0,1,多换,S,3257.6000,3257.4000,3257.2000,3257.0000,3255.0000,3260.4000,3261.8000,3262.0000,3263.0000,3264.2000,4,1,2,1,3,2,2,3,1,1
SF,IH2012,2020-08-27 09:31:59.900,3258.6000,19961,0,202465140.000,0,-,-,-,-,3258.0000,3257.8000,3257.6000,3257.4000,3257.2000,3260.4000,3261.8000,3262.0000,3263.0000,3264.2000,3,3,4,1,1,2,2,3,1,1
SF,IH2012,2020-08-27 09:32:00.400,3258.6000,19961,0,202465140.000,0,-,-,-,-,3258.6000,3258.2000,3258.0000,3257.8000,3257.6000,3260.4000,3261.8000,3262.0000,3263.0000,3264.2000,3,1,3,4,1,2,2,3,1,1
SF,IH2012,2020-08-27 09:32:00.900,3258.6000,19961,0,202465140.000,0,-,-,-,-,3258.8000,3258.6000,3258.2000,3258.0000,3257.8000,3260.4000,3261.8000,3262.0000,3263.0000,3264.2000,1,3,2,3,4,2,2,3,1,1
SF,IH2012,2020-08-27 09:32:01.400,3258.6000,19961,0,202465140.000,0,-,-,-,-,3258.8000,3258.6000,3257.8000,3257.6000,3257.4000,3260.2000,3260.4000,3261.8000,3262.0000,3263.0000,1,3,4,1,2,1,2,2,3,1
SF,IH2012,2020-08-27 09:32:01.900,3258.6000,19961,0,202465140.000,0,-,-,-,-,3258.8000,3258.6000,3257.8000,3257.6000,3257.4000,3260.2000,3260.4000,3261.8000,3262.0000,3263.0000,1,3,4,1,2,1,2,2,3,1
SF,IH2012,2020-08-27 09:32:02.400,3258.6000,19961,0,202465140.000,0,-,-,-,-,3259.0000,3258.8000,3258.6000,3257.8000,3257.6000,3260.4000,3261.8000,3262.0000,3263.0000,3264.2000,5,1,1,4,1,2,2,3,1,1
SF,IH2012,2020-08-27 09:32:02.900,3258.6000,19961,0,202465140.000,0,-,-,-,-,3258.8000,3257.8000,3257.6000,3257.4000,3257.2000,3260.4000,3261.8000,3262.0000,3263.0000,3264.2000,1,4,1,2,1,2,2,3,1,1
SF,IH2012,2020-08-27 09:32:03.400,3258.6000,19961,0,202465140.000,0,-,-,-,-,3258.8000,3257.8000,3257.6000,3257.4000,3257.2000,3260.0000,3260.2000,3260.4000,3261.8000,3262.0000,1,4,1,2,1,1,2,2,2,3
SF,IH2012,2020-08-27 09:32:03.900,3259.8000,19960,-1,203443080.000,1,0,1,双平,S,3257.8000,3257.6000,3257.4000,3257.2000,3257.0000,3260.0000,3260.2000,3260.4000,3261.8000,3262.0000,4,1,2,1,1,1,1,2,2,3
SF,IH2012,2020-08-27 09:32:04.400,3259.8000,19960,0,203443080.000,0,-,-,-,-,3258.2000,3257.8000,3257.6000,3257.4000,3257.2000,3259.8000,3260.0000,3260.2000,3260.4000,3261.8000,3,1,1,2,1,1,1,1,2,2
SF,IH2012,2020-08-27 09:32:04.900,3259.8000,19960,0,203443080.000,0,-,-,-,-,3257.8000,3257.6000,3257.4000,3257.2000,3257.0000,3259.8000,3260.0000,3260.4000,3261.8000,3262.0000,1,1,2,1,1,1,1,2,2,3
SF,IH2012,2020-08-27 09:32:05.400,3259.8000,19960,0,203443080.000,0,-,-,-,-,3258.2000,3258.0000,3257.8000,3257.6000,3257.4000,3259.8000,3260.0000,3260.4000,3261.8000,3262.0000,3,3,1,1,2,1,1,2,2,3
SF,IH2012,2020-08-27 09:32:05.900,3259.8000,19960,0,203443080.000,0,-,-,-,-,3258.0000,3257.6000,3257.4000,3257.2000,3257.0000,3259.8000,3260.0000,3260.4000,3261.8000,3262.0000,1,1,2,1,1,1,1,2,2,3
SF,IH2012,2020-08-27 09:32:06.400,3259.8000,19960,0,203443080.000,0,-,-,-,-,3257.6000,3257.4000,3257.2000,3257.0000,3255.0000,3259.8000,3260.0000,3260.4000,3261.8000,3262.0000,1,2,1,1,3,1,1,2,2,3
SF,IH2012,2020-08-27 09:32:06.900,3259.8000,19960,0,203443080.000,0,-,-,-,-,3257.8000,3257.6000,3257.4000,3257.2000,3257.0000,3259.8000,3260.0000,3260.4000,3261.8000,3262.0000,3,1,2,1,1,1,1,2,2,3
SF,IH2012,2020-08-27 09:32:07.400,3259.8000,19960,0,203443080.000,0,-,-,-,-,3257.8000,3257.6000,3257.4000,3257.2000,3257.0000,3259.8000,3260.0000,3260.4000,3261.8000,3262.0000,3,1,2,1,1,1,1,2,2,3
SF,IH2012,2020-08-27 09:32:07.900,3259.8000,19960,0,203443080.000,0,-,-,-,-,3257.6000,3257.4000,3257.2000,3257.0000,3255.0000,3259.6000,3259.8000,3260.0000,3260.4000,3261.8000,1,2,1,1,3,1,1,1,2,2
SF,IH2012,2020-08-27 09:32:08.400,3259.8000,19960,0,203443080.000,0,-,-,-,-,3257.6000,3257.4000,3257.2000,3257.0000,3255.0000,3259.4000,3259.6000,3260.0000,3260.4000,3261.8000,1,2,1,1,3,2,1,1,2,1
SF,IH2012,2020-08-27 09:32:08.900,3259.8000,19960,0,203443080.000,0,-,-,-,-,3257.4000,3257.2000,3257.0000,3255.0000,3254.4000,3259.4000,3259.6000,3260.0000,3260.4000,3261.8000,2,1,1,3,1,3,1,1,2,1
SF,IH2012,2020-08-27 09:32:09.400,3259.8000,19960,0,203443080.000,0,-,-,-,-,3257.4000,3257.2000,3257.0000,3255.0000,3254.4000,3259.2000,3259.4000,3259.6000,3260.0000,3260.4000,2,1,1,3,1,3,3,1,1,2
SF,IH2012,2020-08-27 09:32:09.900,3259.8000,19960,0,203443080.000,0,-,-,-,-,3257.4000,3257.2000,3257.0000,3255.0000,3254.4000,3259.0000,3259.2000,3259.4000,3259.6000,3260.0000,2,1,1,3,1,1,3,2,1,1
SF,IH2012,2020-08-27 09:32:10.400,3259.8000,19960,0,203443080.000,0,-,-,-,-,3257.4000,3257.2000,3257.0000,3255.0000,3254.4000,3259.0000,3259.2000,3259.6000,3260.0000,3260.4000,2,1,1,3,1,1,3,1,1,2
SF,IH2012,2020-08-27 09:32:10.900,3257.4000,19959,-1,204420300.000,1,0,1,双平,S,3257.4000,3257.2000,3257.0000,3255.0000,3254.4000,3259.0000,3259.2000,3259.6000,3260.0000,3260.4000,1,1,1,3,1,1,3,1,1,2
SF,IH2012,2020-08-27 09:32:11.400,3257.4000,19959,0,204420300.000,0,-,-,-,-,3257.4000,3257.2000,3257.0000,3255.0000,3254.4000,3258.8000,3259.0000,3259.2000,3260.0000,3260.4000,1,1,1,3,1,3,1,3,1,2
SF,IH2012,2020-08-27 09:32:11.900,3257.4000,19959,0,204420300.000,0,-,-,-,-,3257.4000,3257.2000,3257.0000,3255.0000,3254.4000,3258.8000,3259.0000,3259.2000,3260.0000,3260.4000,1,1,1,3,1,3,1,3,1,2
SF,IH2012,2020-08-27 09:32:12.400,3257.4000,19959,0,205397520.000,1,0,1,多换,S,3257.2000,3257.0000,3255.0000,3254.4000,3254.2000,3258.8000,3259.0000,3259.2000,3260.0000,3260.4000,1,1,3,1,1,3,1,2,1,2
SF,IH2012,2020-08-27 09:32:12.900,3257.2000,19958,-1,206374680.000,1,0,1,双平,S,3257.0000,3255.0000,3254.4000,3254.2000,3252.8000,3258.6000,3258.8000,3259.0000,3259.2000,3260.0000,1,3,1,1,1,2,4,1,2,1
SF,IH2012,2020-08-27 09:32:13.400,3257.0000,19957,-1,207351780.000,1,0,1,双平,S,3255.0000,3254.4000,3254.2000,3252.8000,3251.2000,3258.4000,3258.6000,3258.8000,3259.0000,3259.2000,3,1,1,1,1,3,2,3,1,2
SF,IH2012,2020-08-27 09:32:13.900,3257.0000,19957,0,207351780.000,0,-,-,-,-,3255.6000,3255.4000,3255.2000,3255.0000,3254.4000,3258.0000,3258.2000,3258.4000,3258.8000,3259.2000,3,1,5,3,1,1,2,2,2,2
SF,IH2012,2020-08-27 09:32:14.400,3257.0000,19957,0,207351780.000,0,-,-,-,-,3255.6000,3255.4000,3255.2000,3255.0000,3254.4000,3257.8000,3258.4000,3258.8000,3260.0000,3260.4000,3,1,5,3,1,1,2,2,1,2
SF,IH2012,2020-08-27 09:32:14.900,3257.0000,19957,0,207351780.000,0,-,-,-,-,3255.8000,3255.6000,3255.4000,3255.2000,3255.0000,3257.8000,3258.4000,3258.8000,3260.0000,3260.4000,2,3,1,5,3,1,2,1,1,2
SF,IH2012,2020-08-27 09:32:15.400,3257.0000,19957,0,207351780.000,0,-,-,-,-,3256.2000,3256.0000,3255.4000,3255.2000,3255.0000,3257.8000,3258.4000,3258.8000,3260.0000,3260.4000,3,2,1,5,3,1,1,1,1,2
SF,IH2012,2020-08-27 09:32:15.900,3257.8000,19958,1,208329120.000,1,1,0,双开,S,3256.4000,3256.2000,3256.0000,3255.4000,3255.2000,3258.4000,3258.8000,3260.0000,3260.4000,3261.0000,4,4,2,1,5,1,1,1,2,1
SF,IH2012,2020-08-27 09:32:16.400,3257.8000,19958,0,208329120.000,0,-,-,-,-,3256.6000,3256.4000,3256.2000,3256.0000,3255.4000,3258.4000,3258.8000,3260.0000,3260.4000,3261.0000,4,4,1,2,1,1,1,1,2,1
SF,IH2012,2020-08-27 09:32:16.900,3257.8000,19958,0,208329120.000,0,-,-,-,-,3256.6000,3256.4000,3256.2000,3256.0000,3255.4000,3258.4000,3258.8000,3260.0000,3260.4000,3261.0000,4,2,2,2,1,1,1,1,2,1
SF,IH2012,2020-08-27 09:32:17.400,3257.8000,19958,0,208329120.000,0,-,-,-,-,3256.6000,3256.4000,3256.2000,3255.4000,3255.2000,3258.4000,3258.8000,3260.0000,3260.4000,3261.0000,4,2,2,1,5,1,1,1,2,1
SF,IH2012,2020-08-27 09:32:17.900,3257.8000,19958,0,208329120.000,0,-,-,-,-,3256.6000,3256.2000,3255.4000,3255.2000,3255.0000,3258.4000,3258.8000,3260.0000,3260.4000,3261.0000,1,2,1,5,3,1,1,1,2,1
SF,IH2012,2020-08-27 09:32:18.400,3257.8000,19958,0,208329120.000,0,-,-,-,-,3256.6000,3256.2000,3255.4000,3255.2000,3255.0000,3258.0000,3258.2000,3258.4000,3258.8000,3260.0000,1,1,1,1,3,1,1,1,1,2
SF,IH2012,2020-08-27 09:32:18.900,3257.8000,19958,0,208329120.000,0,-,-,-,-,3256.6000,3256.2000,3255.4000,3255.2000,3255.0000,3258.2000,3258.4000,3258.8000,3260.0000,3260.4000,1,1,1,1,3,1,1,1,2,2
SF,IH2012,2020-08-27 09:32:19.400,3257.8000,19958,0,208329120.000,0,-,-,-,-,3257.2000,3256.6000,3256.2000,3255.4000,3255.2000,3258.2000,3258.4000,3258.8000,3260.0000,3260.4000,1,1,1,1,1,1,1,1,2,2
SF,IH2012,2020-08-27 09:32:19.900,3257.8000,19958,0,208329120.000,0,-,-,-,-,3257.2000,3256.6000,3256.2000,3255.4000,3255.2000,3258.2000,3258.4000,3258.8000,3260.0000,3260.4000,1,1,1,1,1,1,1,1,2,2
SF,IH2012,2020-08-27 09:32:20.400,3257.8000,19958,0,208329120.000,0,-,-,-,-,3257.2000,3256.6000,3256.2000,3255.4000,3255.2000,3258.2000,3258.4000,3258.8000,3260.0000,3260.4000,1,1,1,1,1,1,1,1,2,2
SF,IH2012,2020-08-27 09:32:20.900,3257.8000,19958,0,208329120.000,0,-,-,-,-,3257.2000,3256.6000,3256.2000,3255.4000,3255.2000,3258.2000,3258.4000,3260.0000,3260.4000,3261.0000,1,1,1,1,1,6,1,2,2,1
SF,IH2012,2020-08-27 09:32:21.400,3257.8000,19958,0,208329120.000,0,-,-,-,-,3257.4000,3257.2000,3256.6000,3256.2000,3255.4000,3258.2000,3258.4000,3260.0000,3260.4000,3261.0000,1,1,1,1,1,5,1,2,2,1
SF,IH2012,2020-08-27 09:32:21.900,3257.6000,19956,-2,210283680.000,2,0,2,双平,S,3257.6000,3257.4000,3257.2000,3256.6000,3256.2000,3257.8000,3258.2000,3258.4000,3260.0000,3260.4000,2,1,1,1,1,1,5,1,2,2
SF,IH2012,2020-08-27 09:32:22.400,3257.8000,19956,0,211261020.000,1,0,1,多换,S,3258.0000,3257.8000,3257.6000,3257.2000,3256.2000,3258.2000,3258.4000,3260.0000,3260.4000,3261.0000,1,1,2,1,1,5,1,2,2,1
SF,IH2012,2020-08-27 09:32:23.400,3258.0000,19955,-1,212238420.000,1,0,1,双平,S,3257.8000,3257.2000,3256.2000,3255.4000,3255.2000,3258.2000,3258.4000,3260.0000,3260.4000,3261.0000,1,1,1,1,1,5,1,2,2,1
SF,IH2012,2020-08-27 09:32:23.900,3257.8000,19954,-1,213215760.000,1,0,1,双平,S,3257.2000,3256.2000,3255.4000,3255.2000,3255.0000,3257.8000,3258.2000,3260.0000,3260.4000,3261.0000,1,1,1,1,3,1,5,2,2,1
SF,IH2012,2020-08-27 09:32:24.400,3257.8000,19954,0,213215760.000,0,-,-,-,-,3257.2000,3256.2000,3255.4000,3255.2000,3255.0000,3257.8000,3258.0000,3258.2000,3260.0000,3260.4000,1,1,1,1,3,1,1,5,2,2
SF,IH2012,2020-08-27 09:32:24.900,3257.8000,19954,0,213215760.000,0,-,-,-,-,3257.2000,3256.2000,3255.4000,3255.2000,3255.0000,3258.0000,3258.2000,3260.0000,3260.4000,3261.0000,1,1,1,1,3,1,5,2,2,1
SF,IH2012,2020-08-27 09:32:25.400,3257.8000,19954,0,213215760.000,0,-,-,-,-,3257.2000,3256.2000,3255.4000,3255.2000,3255.0000,3258.0000,3258.2000,3260.0000,3260.4000,3261.0000,1,1,1,1,3,1,5,2,2,1
SF,IH2012,2020-08-27 09:32:25.900,3258.0000,19953,-1,214193160.000,1,0,1,双平,S,3257.2000,3256.2000,3255.4000,3255.2000,3255.0000,3260.0000,3260.4000,3261.0000,3261.8000,3262.0000,1,1,1,1,3,2,2,1,1,2
SF,IH2012,2020-08-27 09:32:26.400,3257.2000,19951,-2,219079200.000,5,1,4,多平,S,3256.2000,3255.4000,3255.2000,3255.0000,3254.2000,3259.4000,3259.6000,3259.8000,3260.0000,3260.4000,1,1,1,3,1,2,1,2,2,2
SF,IH2012,2020-08-27 09:32:26.900,3257.2000,19951,0,219079200.000,0,-,-,-,-,3257.4000,3256.6000,3256.4000,3256.2000,3255.4000,3259.4000,3259.6000,3259.8000,3260.0000,3260.4000,1,4,2,2,1,2,1,2,2,2
SF,IH2012,2020-08-27 09:32:27.400,3257.2000,19951,0,219079200.000,0,-,-,-,-,3257.6000,3256.6000,3256.4000,3256.2000,3255.4000,3258.4000,3259.2000,3259.4000,3259.6000,3259.8000,1,4,4,2,1,1,2,2,1,1
SF,IH2012,2020-08-27 09:32:27.900,3257.2000,19951,0,219079200.000,0,-,-,-,-,3256.6000,3256.4000,3256.2000,3255.4000,3255.2000,3258.4000,3259.2000,3259.4000,3259.6000,3259.8000,4,4,2,1,1,1,1,1,1,1
SF,IH2012,2020-08-27 09:32:28.400,3257.2000,19951,0,219079200.000,0,-,-,-,-,3256.8000,3256.4000,3256.2000,3255.4000,3255.2000,3258.4000,3259.2000,3259.4000,3259.6000,3259.8000,4,2,2,1,1,1,1,1,1,1
SF,IH2012,2020-08-27 09:32:28.900,3257.2000,19951,0,219079200.000,0,-,-,-,-,3257.0000,3256.8000,3256.4000,3256.2000,3255.2000,3257.6000,3258.4000,3259.2000,3259.4000,3259.6000,1,5,2,2,1,1,1,1,1,1
SF,IH2012,2020-08-27 09:32:29.400,3257.6000,19949,-2,221033760.000,2,0,2,双平,S,3256.4000,3256.2000,3255.2000,3255.0000,3254.2000,3258.4000,3259.2000,3259.4000,3259.6000,3259.8000,2,2,1,3,1,1,1,1,1,1
SF,IH2012,2020-08-27 09:32:29.900,3257.6000,19949,0,221033760.000,0,-,-,-,-,3256.6000,3256.4000,3256.2000,3255.2000,3255.0000,3258.4000,3259.2000,3259.4000,3259.6000,3259.8000,2,2,2,1,3,1,1,1,1,1
SF,IH2012,2020-08-27 09:32:30.400,3257.6000,19949,0,221033760.000,0,-,-,-,-,3256.6000,3256.4000,3256.2000,3255.2000,3255.0000,3258.4000,3259.2000,3259.4000,3259.6000,3259.8000,8,2,2,1,3,1,1,1,1,1
SF,IH2012,2020-08-27 09:32:30.900,3257.6000,19949,0,221033760.000,0,-,-,-,-,3257.0000,3256.6000,3256.4000,3256.2000,3255.2000,3258.4000,3259.2000,3259.4000,3259.6000,3259.8000,1,5,2,2,1,1,1,1,1,1
SF,IH2012,2020-08-27 09:32:31.400,3257.0000,19949,0,222010860.000,1,0,1,多换,S,3256.6000,3256.4000,3256.2000,3255.2000,3255.0000,3257.0000,3258.4000,3259.2000,3259.4000,3259.6000,4,2,2,1,3,1,1,1,1,1
SF,IH2012,2020-08-27 09:32:31.900,3257.0000,19948,-1,222987960.000,1,0,1,双平,S,3257.2000,3257.0000,3256.8000,3256.6000,3256.4000,3258.4000,3259.4000,3259.6000,3260.0000,3260.4000,1,1,3,3,2,1,1,1,2,2
SF,IH2012,2020-08-27 09:32:32.400,3257.0000,19948,0,222987960.000,0,-,-,-,-,3257.2000,3257.0000,3256.8000,3256.6000,3256.4000,3258.4000,3259.4000,3260.0000,3260.4000,3261.0000,1,4,1,1,2,1,1,2,2,1
SF,IH2012,2020-08-27 09:32:32.900,3257.0000,19947,-1,224942160.000,2,0,2,多平,S,3257.2000,3257.0000,3256.8000,3256.6000,3256.4000,3258.4000,3259.4000,3260.0000,3260.4000,3261.0000,1,4,1,1,2,1,1,2,2,1
SF,IH2012,2020-08-27 09:32:33.400,3257.0000,19947,0,224942160.000,0,-,-,-,-,3257.6000,3257.4000,3257.2000,3257.0000,3256.8000,3258.2000,3258.4000,3259.4000,3260.0000,3260.4000,3,1,1,1,1,2,1,1,2,2
SF,IH2012,2020-08-27 09:32:33.900,3258.4000,19946,-1,225919680.000,1,0,1,双平,S,3257.8000,3257.6000,3257.4000,3257.2000,3257.0000,3260.0000,3260.4000,3261.8000,3262.0000,3263.0000,3,3,1,1,2,2,2,1,2,1
SF,IH2012,2020-08-27 09:32:34.400,3258.4000,19946,0,225919680.000,0,-,-,-,-,3258.0000,3257.8000,3257.4000,3257.2000,3257.0000,3259.6000,3259.8000,3260.0000,3260.4000,3261.8000,1,1,1,1,1,1,2,2,2,1
SF,IH2012,2020-08-27 09:32:34.900,3258.4000,19946,0,225919680.000,0,-,-,-,-,3258.0000,3257.8000,3257.4000,3257.2000,3257.0000,3259.4000,3259.6000,3259.8000,3260.0000,3260.4000,1,1,1,1,1,2,1,1,2,2
SF,IH2012,2020-08-27 09:32:35.400,3258.4000,19946,0,225919680.000,0,-,-,-,-,3258.0000,3257.8000,3257.4000,3257.2000,3257.0000,3258.6000,3259.4000,3259.8000,3260.0000,3260.4000,1,1,1,1,1,1,2,1,2,2
SF,IH2012,2020-08-27 09:32:35.900,3258.6000,19945,-1,226897260.000,1,0,1,双平,S,3257.8000,3257.4000,3257.2000,3256.8000,3256.6000,3259.4000,3260.0000,3260.4000,3261.8000,3262.0000,1,1,1,1,1,1,2,2,1,2
SF,IH2012,2020-08-27 09:32:36.400,3258.6000,19945,0,226897260.000,0,-,-,-,-,3257.8000,3257.4000,3256.8000,3256.6000,3256.4000,3259.4000,3260.0000,3260.4000,3261.8000,3262.0000,1,1,1,1,1,1,2,2,1,2
SF,IH2012,2020-08-27 09:32:36.900,3258.6000,19945,0,226897260.000,0,-,-,-,-,3257.8000,3257.4000,3256.8000,3256.6000,3256.4000,3259.2000,3259.4000,3260.0000,3260.4000,3261.8000,1,1,1,2,1,1,1,2,2,1
SF,IH2012,2020-08-27 09:32:37.400,3258.6000,19945,0,226897260.000,0,-,-,-,-,3256.8000,3256.6000,3256.4000,3256.2000,3256.0000,3259.2000,3259.4000,3260.0000,3260.4000,3261.8000,1,2,1,2,1,2,1,2,2,1
SF,IH2012,2020-08-27 09:32:37.900,3258.6000,19945,0,226897260.000,0,-,-,-,-,3257.0000,3256.8000,3256.6000,3256.4000,3256.2000,3259.4000,3260.0000,3260.4000,3261.8000,3262.0000,2,1,2,1,2,1,2,2,1,2
SF,IH2012,2020-08-27 09:32:38.400,3258.6000,19945,0,226897260.000,0,-,-,-,-,3257.0000,3256.8000,3256.6000,3256.4000,3256.2000,3259.2000,3259.4000,3260.0000,3260.4000,3261.8000,2,1,2,1,2,3,1,2,2,1
SF,IH2012,2020-08-27 09:32:38.900,3258.6000,19945,0,226897260.000,0,-,-,-,-,3257.0000,3256.8000,3256.6000,3256.4000,3256.2000,3258.0000,3259.0000,3259.2000,3260.0000,3260.4000,2,1,2,1,2,1,1,3,2,2
SF,IH2012,2020-08-27 09:32:39.400,3258.6000,19945,0,226897260.000,0,-,-,-,-,3256.8000,3256.6000,3256.4000,3256.2000,3256.0000,3258.0000,3259.0000,3259.2000,3260.0000,3260.4000,1,2,1,2,1,1,1,1,2,2
SF,IH2012,2020-08-27 09:32:39.900,3258.6000,19945,0,226897260.000,0,-,-,-,-,3256.8000,3256.6000,3256.4000,3256.2000,3256.0000,3257.8000,3258.0000,3259.0000,3259.2000,3260.0000,1,2,1,2,1,1,1,1,1,2
SF,IH2012,2020-08-27 09:32:40.400,3258.6000,19945,0,226897260.000,0,-,-,-,-,3257.0000,3256.8000,3256.6000,3256.4000,3256.2000,3258.0000,3259.0000,3259.2000,3260.0000,3260.4000,1,1,2,1,2,1,1,1,2,2
SF,IH2012,2020-08-27 09:32:40.900,3258.6000,19945,0,226897260.000,0,-,-,-,-,3257.4000,3257.0000,3256.8000,3256.6000,3256.4000,3258.0000,3259.0000,3259.2000,3260.0000,3260.4000,2,1,1,2,1,1,1,1,2,2
SF,IH2012,2020-08-27 09:32:41.400,3258.6000,19945,0,226897260.000,0,-,-,-,-,3256.8000,3256.6000,3256.4000,3256.2000,3256.0000,3258.0000,3259.0000,3259.2000,3260.0000,3260.4000,1,2,1,2,1,1,1,1,2,2
SF,IH2012,2020-08-27 09:32:41.900,3258.6000,19945,0,226897260.000,0,-,-,-,-,3256.8000,3256.6000,3256.4000,3256.2000,3256.0000,3258.0000,3259.0000,3259.2000,3260.0000,3260.4000,1,2,1,2,1,1,1,1,2,2
SF,IH2012,2020-08-27 09:32:42.400,3258.6000,19945,0,226897260.000,0,-,-,-,-,3257.0000,3256.8000,3256.6000,3256.4000,3256.2000,3258.0000,3259.0000,3259.2000,3260.0000,3260.4000,2,1,2,1,2,1,1,1,2,2
SF,IH2012,2020-08-27 09:32:42.900,3258.6000,19945,0,226897260.000,0,-,-,-,-,3257.0000,3256.8000,3256.6000,3256.4000,3256.2000,3258.0000,3259.0000,3259.2000,3260.0000,3260.4000,1,1,2,1,2,1,1,1,2,2
SF,IH2012,2020-08-27 09:32:43.400,3258.2000,19946,1,227874720.000,1,1,0,双开,S,3257.4000,3257.2000,3257.0000,3256.8000,3256.6000,3259.0000,3260.0000,3260.4000,3261.8000,3262.0000,2,1,1,1,2,1,2,2,1,2
SF,IH2012,2020-08-27 09:32:43.900,3258.2000,19946,0,227874720.000,0,-,-,-,-,3257.2000,3257.0000,3256.8000,3256.6000,3256.4000,3258.8000,3259.0000,3259.2000,3260.0000,3260.4000,1,1,1,2,1,4,1,1,2,2
SF,IH2012,2020-08-27 09:32:44.400,3258.2000,19946,0,227874720.000,0,-,-,-,-,3257.2000,3257.0000,3256.8000,3256.6000,3256.4000,3258.8000,3259.0000,3259.2000,3259.8000,3260.0000,1,1,1,2,1,4,1,1,1,2
SF,IH2012,2020-08-27 09:32:44.900,3258.2000,19946,0,227874720.000,0,-,-,-,-,3257.2000,3257.0000,3256.8000,3256.6000,3256.4000,3258.6000,3258.8000,3259.0000,3259.2000,3259.8000,1,1,1,2,1,2,2,1,1,1
SF,IH2012,2020-08-27 09:32:45.400,3257.2000,19946,0,228851880.000,1,0,1,多换,S,3257.0000,3256.8000,3256.6000,3256.4000,3256.2000,3258.6000,3258.8000,3259.0000,3259.2000,3259.8000,1,1,2,1,2,2,1,1,1,1
SF,IH2012,2020-08-27 09:32:45.900,3257.2000,19946,0,228851880.000,0,-,-,-,-,3256.8000,3256.6000,3256.4000,3256.2000,3256.0000,3258.4000,3258.8000,3259.0000,3259.2000,3259.8000,1,2,1,2,1,3,1,1,1,1
SF,IH2012,2020-08-27 09:32:46.400,3257.2000,19946,0,228851880.000,0,-,-,-,-,3256.8000,3256.6000,3256.4000,3256.2000,3256.0000,3258.2000,3258.4000,3258.8000,3259.0000,3259.2000,1,2,1,1,1,2,1,1,1,1
SF,IH2012,2020-08-27 09:32:46.900,3257.2000,19946,0,228851880.000,0,-,-,-,-,3256.8000,3256.6000,3256.4000,3256.2000,3256.0000,3258.2000,3258.8000,3259.0000,3259.2000,3259.8000,1,2,1,1,1,2,1,1,1,1
SF,IH2012,2020-08-27 09:32:47.400,3257.2000,19946,0,228851880.000,0,-,-,-,-,3256.8000,3256.6000,3256.4000,3256.2000,3256.0000,3258.2000,3258.8000,3259.0000,3259.2000,3259.8000,1,1,1,1,1,2,1,1,1,1
SF,IH2012,2020-08-27 09:32:47.900,3257.2000,19946,0,228851880.000,0,-,-,-,-,3256.8000,3256.6000,3256.4000,3256.2000,3256.0000,3258.2000,3258.8000,3259.0000,3259.2000,3259.8000,1,1,1,1,1,2,1,1,1,1
SF,IH2012,2020-08-27 09:32:48.900,3257.2000,19946,0,228851880.000,0,-,-,-,-,3256.8000,3256.6000,3256.4000,3256.2000,3256.0000,3258.8000,3259.0000,3259.2000,3259.8000,3260.0000,1,1,1,1,1,1,1,1,1,2
SF,IH2012,2020-08-27 09:32:49.400,3257.2000,19946,0,228851880.000,0,-,-,-,-,3256.8000,3256.6000,3256.4000,3256.2000,3256.0000,3258.6000,3258.8000,3259.0000,3259.2000,3259.8000,1,1,1,1,1,5,1,1,1,1
SF,IH2012,2020-08-27 09:32:49.900,3257.2000,19946,0,228851880.000,0,-,-,-,-,3256.8000,3256.6000,3256.4000,3256.2000,3256.0000,3258.6000,3258.8000,3259.0000,3259.2000,3259.8000,1,1,1,1,2,5,1,1,1,1
SF,IH2012,2020-08-27 09:32:50.400,3257.2000,19946,0,228851880.000,0,-,-,-,-,3257.2000,3256.8000,3256.6000,3256.4000,3256.2000,3258.4000,3258.6000,3258.8000,3259.2000,3259.8000,1,1,1,1,1,4,5,1,1,1
SF,IH2012,2020-08-27 09:32:50.900,3257.2000,19947,1,229829040.000,1,1,0,双开,S,3256.6000,3256.4000,3256.2000,3256.0000,3255.2000,3257.0000,3257.2000,3258.2000,3258.4000,3258.6000,1,1,1,2,1,1,1,2,4,2
SF,IH2012,2020-08-27 09:32:51.400,3256.6000,19947,0,230806020.000,1,0,1,多换,S,3256.4000,3256.2000,3256.0000,3255.2000,3255.0000,3256.6000,3257.0000,3257.2000,3258.2000,3258.4000,1,1,2,1,2,1,1,1,1,4
SF,IH2012,2020-08-27 09:32:51.900,3256.4000,19946,-1,233736840.000,3,1,2,多平,S,3256.6000,3256.4000,3256.2000,3256.0000,3255.2000,3257.2000,3258.2000,3258.4000,3258.6000,3258.8000,1,1,1,2,1,1,1,1,1,1
SF,IH2012,2020-08-27 09:32:52.400,3256.4000,19945,-1,234713760.000,1,0,1,双平,S,3256.2000,3256.0000,3255.2000,3255.0000,3254.2000,3256.4000,3257.0000,3257.2000,3258.2000,3258.4000,1,2,1,2,1,2,1,1,1,1
SF,IH2012,2020-08-27 09:32:52.900,3256.2000,19944,-1,236667480.000,2,0,2,多平,S,3256.0000,3255.0000,3254.0000,3252.8000,3252.0000,3256.4000,3256.6000,3257.0000,3257.2000,3258.2000,2,2,1,1,1,2,1,1,1,1
SF,IH2012,2020-08-27 09:32:53.400,3256.0000,19942,-2,238621080.000,2,0,2,双平,S,3255.0000,3254.0000,3252.8000,3252.0000,3251.2000,3256.0000,3256.4000,3257.0000,3257.2000,3258.2000,2,1,1,1,1,2,2,1,1,1
SF,IH2012,2020-08-27 09:32:53.900,3256.0000,19942,0,238621080.000,0,-,-,-,-,3255.6000,3255.4000,3255.2000,3255.0000,3254.0000,3256.2000,3257.2000,3258.2000,3258.4000,3258.6000,1,2,1,2,1,1,1,1,1,1
SF,IH2012,2020-08-27 09:32:54.400,3256.0000,19942,0,238621080.000,0,-,-,-,-,3255.6000,3255.4000,3255.2000,3255.0000,3254.0000,3256.2000,3257.2000,3258.2000,3258.4000,3258.6000,1,1,3,2,1,1,1,1,1,1
SF,IH2012,2020-08-27 09:32:54.900,3256.0000,19942,0,238621080.000,0,-,-,-,-,3255.6000,3255.4000,3255.2000,3255.0000,3254.0000,3256.2000,3257.2000,3258.2000,3258.4000,3258.6000,1,1,3,2,1,1,1,1,1,1
SF,IH2012,2020-08-27 09:32:55.400,3256.0000,19942,0,238621080.000,0,-,-,-,-,3256.0000,3255.6000,3255.0000,3254.0000,3252.8000,3256.2000,3257.2000,3258.2000,3258.4000,3258.6000,5,1,2,1,1,1,1,1,1,1
SF,IH2012,2020-08-27 09:32:55.900,3256.0000,19937,-5,243505080.000,5,0,5,双平,S,3255.0000,3254.0000,3252.8000,3252.0000,3251.0000,3255.8000,3256.0000,3256.2000,3257.2000,3258.2000,2,1,1,2,3,2,3,1,1,1
SF,IH2012,2020-08-27 09:32:56.400,3256.0000,19937,0,243505080.000,0,-,-,-,-,3255.0000,3254.0000,3252.8000,3252.0000,3251.0000,3255.8000,3256.0000,3256.2000,3257.2000,3258.2000,2,1,1,2,3,2,5,1,1,1
SF,IH2012,2020-08-27 09:32:56.900,3255.0000,19937,0,244481580.000,1,0,1,多换,S,3255.0000,3254.0000,3252.8000,3252.0000,3251.0000,3255.8000,3256.0000,3256.2000,3257.2000,3258.2000,1,1,1,2,3,2,5,1,1,1
SF,IH2012,2020-08-27 09:32:57.400,3255.0000,19937,0,245458080.000,1,0,1,多换,S,3254.0000,3252.8000,3252.0000,3251.0000,3250.8000,3255.6000,3255.8000,3256.0000,3256.2000,3257.2000,1,1,2,3,1,1,2,5,1,1
SF,IH2012,2020-08-27 09:32:57.900,3255.0000,19937,0,245458080.000,0,-,-,-,-,3254.2000,3254.0000,3252.8000,3252.0000,3251.0000,3256.0000,3256.2000,3257.2000,3258.2000,3258.8000,1,1,1,2,3,3,1,1,1,1
SF,IH2012,2020-08-27 09:32:58.400,3255.0000,19937,0,245458080.000,0,-,-,-,-,3254.4000,3254.0000,3252.8000,3252.0000,3251.0000,3256.0000,3256.2000,3257.2000,3258.2000,3258.8000,2,1,1,2,3,3,1,1,1,1
SF,IH2012,2020-08-27 09:32:58.900,3255.0000,19937,0,245458080.000,0,-,-,-,-,3254.4000,3254.0000,3252.8000,3252.0000,3251.0000,3255.8000,3256.0000,3256.2000,3257.2000,3258.8000,1,1,1,2,3,2,3,1,1,1
SF,IH2012,2020-08-27 09:32:59.400,3255.0000,19937,0,245458080.000,0,-,-,-,-,3254.4000,3254.0000,3252.8000,3252.0000,3251.0000,3256.0000,3256.2000,3257.2000,3258.8000,3259.2000,1,1,1,2,3,3,1,1,1,1
SF,IH2012,2020-08-27 09:32:59.900,3255.0000,19937,0,245458080.000,0,-,-,-,-,3254.4000,3254.0000,3252.8000,3252.0000,3251.0000,3255.8000,3256.0000,3256.2000,3257.2000,3258.8000,1,1,1,2,3,2,3,1,1,1
SF,IH2012,2020-08-27 09:33:00.400,3255.0000,19937,0,245458080.000,0,-,-,-,-,3254.4000,3254.0000,3252.8000,3252.0000,3251.0000,3255.8000,3256.0000,3256.2000,3257.2000,3258.8000,1,1,1,2,3,3,3,1,1,1
SF,IH2012,2020-08-27 09:33:00.900,3255.0000,19937,0,245458080.000,0,-,-,-,-,3254.4000,3254.0000,3252.8000,3252.0000,3251.0000,3255.8000,3256.0000,3256.2000,3257.2000,3258.8000,1,1,1,2,3,2,3,1,1,1
SF,IH2012,2020-08-27 09:33:01.900,3255.0000,19937,0,245458080.000,0,-,-,-,-,3254.4000,3254.0000,3252.8000,3252.0000,3250.8000,3255.8000,3256.0000,3256.2000,3257.2000,3258.8000,1,1,1,2,1,2,3,1,1,1
SF,IH2012,2020-08-27 09:33:02.400,3255.0000,19937,0,245458080.000,0,-,-,-,-,3254.0000,3252.8000,3252.0000,3250.8000,3250.4000,3254.4000,3255.6000,3256.0000,3256.2000,3257.2000,1,1,2,1,1,1,4,2,1,1
SF,IH2012,2020-08-27 09:33:02.900,3254.0000,19936,-1,247410480.000,2,0,2,多平,S,3252.8000,3252.0000,3250.8000,3250.4000,3250.2000,3253.8000,3254.4000,3255.6000,3256.0000,3256.2000,1,2,1,1,1,1,1,2,2,1
SF,IH2012,2020-08-27 09:33:03.400,3252.8000,19936,0,249362280.000,2,1,1,多换,S,3252.0000,3250.8000,3250.4000,3250.2000,3250.0000,3254.0000,3254.4000,3255.6000,3256.0000,3256.2000,1,1,1,1,4,1,1,1,2,1
SF,IH2012,2020-08-27 09:33:03.900,3252.6000,19935,-1,250338060.000,1,0,1,双平,S,3252.6000,3252.4000,3252.2000,3252.0000,3250.8000,3253.8000,3254.0000,3254.4000,3255.6000,3256.0000,2,3,5,1,1,1,1,1,1,2
SF,IH2012,2020-08-27 09:33:04.400,3252.6000,19935,0,250338060.000,0,-,-,-,-,3252.8000,3252.2000,3252.0000,3250.8000,3250.4000,3253.6000,3254.0000,3254.4000,3255.6000,3256.0000,3,4,1,1,1,2,1,1,1,2
SF,IH2012,2020-08-27 09:33:04.900,3253.6000,19933,-2,252290220.000,2,0,2,双平,S,3253.0000,3252.8000,3252.2000,3252.0000,3250.8000,3254.0000,3254.4000,3255.6000,3256.0000,3257.2000,3,5,4,1,1,1,1,1,2,1
SF,IH2012,2020-08-27 09:33:05.400,3253.6000,19933,0,252290220.000,0,-,-,-,-,3253.2000,3253.0000,3252.8000,3252.2000,3252.0000,3254.0000,3254.4000,3255.6000,3256.0000,3257.2000,6,3,1,4,1,1,1,1,2,1
SF,IH2012,2020-08-27 09:33:05.900,3253.6000,19933,0,252290220.000,0,-,-,-,-,3253.2000,3253.0000,3252.8000,3252.2000,3252.0000,3254.0000,3254.4000,3255.6000,3256.0000,3257.2000,3,3,1,4,1,1,1,1,2,1
SF,IH2012,2020-08-27 09:33:06.400,3253.6000,19933,0,252290220.000,0,-,-,-,-,3253.0000,3252.2000,3252.0000,3250.8000,3250.4000,3254.0000,3254.4000,3255.6000,3256.0000,3257.2000,1,4,1,1,1,1,1,1,1,1
SF,IH2012,2020-08-27 09:33:06.900,3254.4000,19931,-2,254242740.000,2,0,2,双平,S,3253.4000,3253.2000,3253.0000,3252.2000,3252.0000,3255.6000,3256.0000,3257.2000,3258.8000,3259.2000,6,8,1,4,1,1,1,1,1,1
SF,IH2012,2020-08-27 09:33:07.400,3253.4000,19931,0,255218760.000,1,0,1,多换,S,3253.4000,3253.2000,3253.0000,3252.2000,3252.0000,3255.4000,3255.6000,3256.0000,3257.2000,3258.8000,2,3,1,4,1,1,1,1,1,1
SF,IH2012,2020-08-27 09:33:07.900,3253.4000,19931,0,255218760.000,0,-,-,-,-,3253.6000,3253.2000,3253.0000,3252.2000,3252.0000,3255.2000,3256.0000,3257.2000,3258.8000,3259.2000,1,1,1,4,1,2,1,1,1,1
SF,IH2012,2020-08-27 09:33:08.400,3253.4000,19931,0,255218760.000,0,-,-,-,-,3253.6000,3253.2000,3253.0000,3252.2000,3252.0000,3256.0000,3257.2000,3258.8000,3259.2000,3259.8000,6,1,1,4,1,1,1,1,1,1
SF,IH2012,2020-08-27 09:33:08.900,3253.4000,19931,0,255218760.000,0,-,-,-,-,3253.6000,3253.2000,3253.0000,3252.2000,3252.0000,3255.4000,3255.8000,3256.0000,3257.2000,3258.8000,1,1,1,3,1,1,5,1,1,1
SF,IH2012,2020-08-27 09:33:09.400,3253.4000,19931,0,255218760.000,0,-,-,-,-,3253.6000,3253.2000,3253.0000,3252.2000,3252.0000,3255.8000,3256.0000,3257.2000,3258.8000,3259.2000,1,1,1,3,1,3,1,1,1,1
SF,IH2012,2020-08-27 09:33:09.900,3253.4000,19931,0,255218760.000,0,-,-,-,-,3253.6000,3253.0000,3252.2000,3252.0000,3250.8000,3255.2000,3255.4000,3255.8000,3256.0000,3257.2000,1,1,3,1,1,1,1,3,1,1
SF,IH2012,2020-08-27 09:33:10.400,3253.4000,19931,0,255218760.000,0,-,-,-,-,3253.6000,3253.0000,3252.2000,3252.0000,3250.8000,3255.0000,3255.2000,3255.4000,3256.0000,3257.2000,1,1,3,1,1,1,1,1,1,1
SF,IH2012,2020-08-27 09:33:10.900,3253.4000,19931,0,255218760.000,0,-,-,-,-,3253.0000,3252.2000,3252.0000,3250.8000,3250.4000,3255.2000,3255.4000,3256.0000,3257.2000,3258.8000,1,3,1,1,1,1,1,1,1,1
SF,IH2012,2020-08-27 09:33:11.400,3253.4000,19931,0,255218760.000,0,-,-,-,-,3253.8000,3253.0000,3252.2000,3252.0000,3250.8000,3255.0000,3255.4000,3256.0000,3257.2000,3258.8000,1,1,3,1,1,2,1,1,1,1
SF,IH2012,2020-08-27 09:33:11.900,3253.4000,19931,0,255218760.000,0,-,-,-,-,3253.0000,3252.2000,3252.0000,3250.8000,3250.4000,3255.0000,3255.4000,3256.0000,3257.2000,3258.8000,1,3,1,1,1,1,1,1,1,1
SF,IH2012,2020-08-27 09:33:12.400,3253.4000,19931,0,255218760.000,0,-,-,-,-,3253.2000,3253.0000,3252.2000,3252.0000,3250.8000,3254.8000,3255.4000,3256.0000,3257.2000,3258.8000,3,1,3,1,1,1,1,1,1,1
SF,IH2012,2020-08-27 09:33:12.900,3253.4000,19931,0,255218760.000,0,-,-,-,-,3253.2000,3253.0000,3252.2000,3252.0000,3250.8000,3254.8000,3256.0000,3257.2000,3258.8000,3259.2000,1,1,3,1,1,1,1,1,1,1
SF,IH2012,2020-08-27 09:33:13.400,3253.4000,19931,0,255218760.000,0,-,-,-,-,3253.4000,3253.0000,3252.2000,3252.0000,3250.8000,3254.8000,3256.0000,3257.2000,3258.8000,3259.2000,2,1,3,1,1,1,1,1,1,1
SF,IH2012,2020-08-27 09:33:13.900,3253.4000,19931,0,255218760.000,0,-,-,-,-,3253.4000,3253.0000,3252.2000,3252.0000,3250.8000,3254.8000,3255.0000,3256.0000,3257.2000,3258.8000,2,1,3,1,1,1,1,1,1,1
SF,IH2012,2020-08-27 09:33:15.900,3253.4000,19931,0,255218760.000,0,-,-,-,-,3253.4000,3253.0000,3252.2000,3252.0000,3250.8000,3254.8000,3255.0000,3256.0000,3257.2000,3258.8000,2,1,3,1,1,1,1,1,1,1
SF,IH2012,2020-08-27 09:33:16.400,3253.4000,19931,0,255218760.000,0,-,-,-,-,3253.4000,3253.0000,3252.2000,3252.0000,3250.8000,3254.8000,3255.0000,3256.0000,3257.2000,3258.8000,2,1,3,1,1,1,2,1,1,1
SF,IH2012,2020-08-27 09:33:16.900,3253.4000,19931,0,255218760.000,0,-,-,-,-,3253.4000,3253.0000,3252.2000,3252.0000,3250.8000,3254.6000,3254.8000,3255.0000,3256.0000,3257.2000,2,1,3,1,1,3,1,2,1,1
SF,IH2012,2020-08-27 09:33:17.400,3253.4000,19931,0,255218760.000,0,-,-,-,-,3253.0000,3252.2000,3252.0000,3250.8000,3250.4000,3254.4000,3254.6000,3254.8000,3255.0000,3256.0000,1,3,1,1,1,1,1,1,2,1
SF,IH2012,2020-08-27 09:33:18.400,3254.6000,19929,-2,257171460.000,2,0,2,双平,S,3253.0000,3252.2000,3252.0000,3250.8000,3250.4000,3254.8000,3255.0000,3256.0000,3257.2000,3258.8000,1,3,1,1,1,1,2,1,1,1
SF,IH2012,2020-08-27 09:33:18.900,3254.6000,19929,0,257171460.000,0,-,-,-,-,3253.2000,3253.0000,3252.8000,3252.2000,3252.0000,3254.8000,3255.0000,3256.0000,3257.2000,3258.8000,1,1,1,3,1,1,3,1,1,1
SF,IH2012,2020-08-27 09:33:19.400,3254.6000,19929,0,257171460.000,0,-,-,-,-,3253.2000,3253.0000,3252.8000,3252.2000,3252.0000,3254.8000,3255.0000,3256.0000,3257.2000,3258.8000,1,1,1,3,1,1,3,1,1,1
SF,IH2012,2020-08-27 09:33:19.900,3254.6000,19929,0,257171460.000,0,-,-,-,-,3253.4000,3253.2000,3253.0000,3252.8000,3252.2000,3254.8000,3255.0000,3256.0000,3257.2000,3258.8000,2,1,1,1,3,1,3,1,1,1
SF,IH2012,2020-08-27 09:33:20.900,3254.6000,19929,0,257171460.000,0,-,-,-,-,3253.4000,3253.2000,3253.0000,3252.8000,3252.2000,3254.6000,3254.8000,3255.0000,3256.0000,3257.2000,2,1,1,1,3,1,1,3,1,1
SF,IH2012,2020-08-27 09:33:21.400,3254.6000,19929,0,257171460.000,0,-,-,-,-,3253.6000,3253.4000,3253.2000,3253.0000,3252.8000,3254.8000,3255.0000,3256.0000,3257.2000,3258.8000,2,2,1,1,1,1,3,1,1,1
SF,IH2012,2020-08-27 09:33:21.900,3254.6000,19929,0,257171460.000,0,-,-,-,-,3253.6000,3253.4000,3253.2000,3253.0000,3252.8000,3255.0000,3256.0000,3257.2000,3258.8000,3259.2000,2,1,1,1,1,3,1,1,1,1
SF,IH2012,2020-08-27 09:33:22.400,3254.6000,19929,0,257171460.000,0,-,-,-,-,3253.6000,3253.4000,3253.2000,3253.0000,3252.8000,3255.0000,3256.0000,3257.2000,3258.8000,3259.2000,2,1,1,1,1,3,1,1,1,1
SF,IH2012,2020-08-27 09:33:22.900,3254.6000,19929,0,257171460.000,0,-,-,-,-,3253.8000,3253.4000,3253.2000,3253.0000,3252.8000,3254.8000,3255.0000,3256.0000,3257.2000,3258.8000,1,1,1,1,1,1,3,1,1,1
SF,IH2012,2020-08-27 09:33:23.400,3254.6000,19929,0,257171460.000,0,-,-,-,-,3253.4000,3253.2000,3253.0000,3252.8000,3252.2000,3254.8000,3255.0000,3256.0000,3259.2000,3259.4000,1,1,1,1,3,1,3,1,1,1
SF,IH2012,2020-08-27 09:33:23.900,3254.6000,19929,0,257171460.000,0,-,-,-,-,3253.6000,3253.4000,3253.2000,3253.0000,3252.8000,3254.8000,3255.0000,3256.0000,3259.2000,3259.4000,2,1,1,1,1,1,4,1,1,1
SF,IH2012,2020-08-27 09:33:24.400,3254.6000,19929,0,257171460.000,0,-,-,-,-,3253.6000,3253.4000,3253.2000,3253.0000,3252.8000,3254.8000,3255.0000,3256.0000,3259.2000,3259.4000,5,1,1,1,1,1,4,1,1,1
SF,IH2012,2020-08-27 09:33:24.900,3254.6000,19929,0,257171460.000,0,-,-,-,-,3253.4000,3253.2000,3253.0000,3252.8000,3252.2000,3254.8000,3255.0000,3256.0000,3259.2000,3259.4000,1,1,1,1,3,1,4,1,1,1
SF,IH2012,2020-08-27 09:33:25.400,3254.6000,19929,0,257171460.000,0,-,-,-,-,3253.8000,3253.4000,3253.2000,3253.0000,3252.8000,3254.8000,3255.0000,3256.0000,3259.2000,3259.4000,2,1,1,1,1,1,4,1,1,1
SF,IH2012,2020-08-27 09:33:25.900,3254.6000,19929,0,257171460.000,0,-,-,-,-,3253.8000,3253.6000,3253.4000,3253.2000,3253.0000,3254.8000,3255.0000,3256.0000,3259.2000,3259.4000,2,3,1,1,1,1,4,1,1,1
SF,IH2012,2020-08-27 09:33:26.400,3254.6000,19929,0,257171460.000,0,-,-,-,-,3254.0000,3253.8000,3253.4000,3253.2000,3253.0000,3254.8000,3255.0000,3256.0000,3259.2000,3259.4000,2,2,1,1,1,1,4,1,1,1
SF,IH2012,2020-08-27 09:33:26.900,3254.6000,19929,0,257171460.000,0,-,-,-,-,3254.0000,3253.4000,3253.2000,3252.8000,3252.2000,3255.0000,3256.0000,3259.2000,3259.4000,3259.8000,2,1,1,1,3,4,1,1,1,1
SF,IH2012,2020-08-27 09:33:27.400,3254.6000,19929,0,257171460.000,0,-,-,-,-,3254.2000,3254.0000,3253.4000,3253.2000,3252.8000,3255.0000,3256.0000,3259.2000,3259.4000,3259.8000,1,2,1,1,1,4,1,1,1,1
SF,IH2012,2020-08-27 09:33:27.900,3254.6000,19929,0,257171460.000,0,-,-,-,-,3254.2000,3254.0000,3253.4000,3253.2000,3252.8000,3255.0000,3256.0000,3259.2000,3259.4000,3259.8000,2,2,1,1,1,4,1,1,1,1
SF,IH2012,2020-08-27 09:33:28.400,3255.0000,19926,-3,261077460.000,4,0,4,多平,S,3254.4000,3254.2000,3254.0000,3253.4000,3253.2000,3256.0000,3259.2000,3259.4000,3259.8000,3260.0000,4,2,2,2,1,1,1,1,1,2
SF,IH2012,2020-08-27 09:33:28.900,3255.0000,19926,0,261077460.000,0,-,-,-,-,3254.6000,3254.4000,3254.0000,3253.4000,3253.2000,3256.0000,3259.2000,3259.4000,3259.8000,3260.0000,3,4,2,2,1,1,1,1,1,2
SF,IH2012,2020-08-27 09:33:29.400,3255.0000,19926,0,261077460.000,0,-,-,-,-,3254.6000,3254.4000,3254.0000,3253.4000,3253.2000,3256.0000,3259.2000,3259.4000,3259.8000,3260.0000,3,4,2,2,1,1,1,1,1,2
SF,IH2012,2020-08-27 09:33:29.900,3255.0000,19926,0,261077460.000,0,-,-,-,-,3254.6000,3254.4000,3254.0000,3253.4000,3253.2000,3255.8000,3256.0000,3259.2000,3259.4000,3259.8000,3,4,2,2,1,1,1,1,1,1
SF,IH2012,2020-08-27 09:33:30.400,3255.0000,19926,0,261077460.000,0,-,-,-,-,3254.4000,3254.0000,3253.4000,3253.2000,3252.8000,3255.6000,3256.0000,3259.2000,3259.4000,3259.8000,1,2,2,1,1,1,1,1,1,1
SF,IH2012,2020-08-27 09:33:30.900,3255.0000,19926,0,261077460.000,0,-,-,-,-,3254.4000,3254.0000,3253.4000,3253.2000,3252.8000,3256.0000,3259.2000,3259.4000,3259.8000,3260.0000,1,2,2,1,1,1,1,1,1,2
SF,IH2012,2020-08-27 09:33:31.400,3255.0000,19926,0,261077460.000,0,-,-,-,-,3254.4000,3254.0000,3253.4000,3253.2000,3252.8000,3255.8000,3256.0000,3259.2000,3259.4000,3259.8000,1,2,2,1,1,1,1,1,1,1
SF,IH2012,2020-08-27 09:33:31.900,3255.0000,19926,0,261077460.000,0,-,-,-,-,3254.6000,3254.4000,3254.0000,3253.4000,3253.2000,3256.0000,3259.2000,3259.4000,3259.8000,3260.0000,1,1,2,2,1,1,1,1,1,2
SF,IH2012,2020-08-27 09:33:32.400,3255.0000,19926,0,261077460.000,0,-,-,-,-,3254.6000,3254.4000,3254.0000,3253.4000,3253.2000,3256.0000,3259.2000,3259.4000,3259.8000,3260.0000,1,1,2,2,1,1,1,1,1,2
SF,IH2012,2020-08-27 09:33:33.400,3255.0000,19926,0,261077460.000,0,-,-,-,-,3254.8000,3254.6000,3254.4000,3254.0000,3253.4000,3256.0000,3259.2000,3259.4000,3259.8000,3260.0000,1,1,1,2,2,1,1,1,1,2
SF,IH2012,2020-08-27 09:33:33.900,3255.0000,19926,0,261077460.000,0,-,-,-,-,3254.8000,3254.6000,3254.4000,3254.0000,3253.4000,3255.8000,3256.0000,3259.2000,3259.4000,3259.8000,1,1,1,2,2,1,1,1,1,1
SF,IH2012,2020-08-27 09:33:34.400,3255.0000,19926,0,261077460.000,0,-,-,-,-,3255.0000,3254.6000,3254.4000,3254.0000,3253.4000,3255.8000,3256.0000,3259.2000,3259.4000,3259.8000,2,1,1,2,2,1,1,1,1,1
SF,IH2012,2020-08-27 09:33:34.900,3255.0000,19926,0,261077460.000,0,-,-,-,-,3255.0000,3254.6000,3254.4000,3254.0000,3253.4000,3256.0000,3259.2000,3259.4000,3259.8000,3260.0000,3,1,1,2,2,1,1,1,1,2
SF,IH2012,2020-08-27 09:33:35.400,3255.0000,19926,0,262053960.000,1,0,1,多换,S,3255.8000,3255.0000,3254.6000,3254.4000,3254.0000,3256.0000,3259.2000,3259.4000,3259.8000,3260.0000,1,2,1,1,2,1,1,1,1,2
SF,IH2012,2020-08-27 09:33:35.900,3255.8000,19925,-1,263030700.000,1,0,1,双平,S,3255.0000,3254.6000,3254.4000,3254.0000,3253.4000,3255.8000,3256.0000,3259.2000,3259.4000,3259.8000,1,1,1,2,2,1,1,1,1,1
SF,IH2012,2020-08-27 09:33:37.400,3255.8000,19924,-1,264007440.000,1,0,1,双平,S,3255.0000,3254.6000,3254.4000,3254.0000,3253.4000,3256.0000,3259.2000,3259.4000,3259.8000,3260.0000,1,1,1,2,2,1,1,1,1,2
SF,IH2012,2020-08-27 09:33:37.900,3255.8000,19924,0,264007440.000,0,-,-,-,-,3255.2000,3255.0000,3254.6000,3254.4000,3254.0000,3256.0000,3259.2000,3259.4000,3259.8000,3260.0000,2,1,1,1,2,1,1,1,1,2
SF,IH2012,2020-08-27 09:33:38.400,3255.8000,19924,0,264007440.000,0,-,-,-,-,3255.2000,3255.0000,3254.6000,3254.4000,3253.4000,3256.0000,3259.2000,3259.4000,3259.8000,3260.0000,2,1,1,1,2,1,1,1,1,2
SF,IH2012,2020-08-27 09:33:39.400,3255.8000,19924,0,264007440.000,0,-,-,-,-,3255.0000,3254.6000,3254.4000,3253.4000,3252.8000,3256.0000,3259.2000,3259.4000,3259.8000,3260.0000,1,1,1,2,2,1,1,1,1,2
SF,IH2012,2020-08-27 09:33:39.900,3255.0000,19924,0,264983940.000,1,0,1,多换,S,3254.6000,3254.4000,3253.4000,3252.8000,3252.2000,3255.8000,3256.0000,3259.2000,3259.4000,3259.8000,1,1,2,2,3,1,2,1,1,1
SF,IH2012,2020-08-27 09:33:40.400,3255.0000,19924,0,264983940.000,0,-,-,-,-,3254.4000,3253.4000,3252.8000,3252.2000,3252.0000,3255.6000,3255.8000,3256.0000,3259.2000,3259.4000,1,2,2,3,1,1,1,2,1,1
SF,IH2012,2020-08-27 09:33:40.900,3255.0000,19924,0,264983940.000,0,-,-,-,-,3254.4000,3253.4000,3252.8000,3252.2000,3252.0000,3256.0000,3259.2000,3259.4000,3259.8000,3260.0000,1,2,2,3,1,2,1,1,1,2
SF,IH2012,2020-08-27 09:33:41.400,3255.0000,19924,0,264983940.000,0,-,-,-,-,3254.6000,3254.4000,3253.4000,3252.8000,3252.2000,3255.8000,3256.0000,3259.2000,3259.4000,3259.8000,3,1,2,2,3,1,2,1,1,1
SF,IH2012,2020-08-27 09:33:41.900,3255.0000,19924,0,264983940.000,0,-,-,-,-,3254.8000,3254.6000,3254.4000,3253.4000,3252.8000,3256.0000,3259.2000,3259.4000,3259.8000,3260.0000,2,2,1,2,2,2,1,1,1,2
SF,IH2012,2020-08-27 09:33:42.900,3255.0000,19924,0,264983940.000,0,-,-,-,-,3254.6000,3254.4000,3253.4000,3252.8000,3252.2000,3255.8000,3256.0000,3259.2000,3259.4000,3259.8000,2,1,2,2,3,2,2,1,1,1
SF,IH2012,2020-08-27 09:33:43.400,3255.0000,19924,0,264983940.000,0,-,-,-,-,3254.6000,3254.4000,3253.4000,3252.8000,3252.2000,3255.6000,3255.8000,3256.0000,3259.2000,3259.4000,1,1,2,2,3,2,2,2,1,1
SF,IH2012,2020-08-27 09:33:43.900,3254.4000,19922,-2,266936640.000,2,0,2,双平,S,3253.4000,3252.8000,3252.2000,3252.0000,3250.8000,3254.6000,3255.6000,3255.8000,3256.0000,3259.2000,2,2,3,1,1,2,2,1,2,1
SF,IH2012,2020-08-27 09:33:44.400,3253.4000,19921,-1,268888680.000,2,0,2,多平,S,3252.8000,3252.2000,3252.0000,3250.8000,3250.4000,3254.6000,3255.6000,3255.8000,3256.0000,3259.2000,2,3,1,1,1,1,2,1,2,1
SF,IH2012,2020-08-27 09:33:44.900,3254.4000,19922,1,269865000.000,1,1,0,双开,S,3253.0000,3252.8000,3252.2000,3252.0000,3250.8000,3254.4000,3255.6000,3255.8000,3256.0000,3259.2000,2,3,3,1,1,1,2,1,2,1
SF,IH2012,2020-08-27 09:33:45.400,3254.4000,19922,0,269865000.000,0,-,-,-,-,3253.0000,3252.8000,3252.2000,3252.0000,3250.8000,3255.6000,3255.8000,3256.0000,3259.2000,3259.4000,2,2,2,1,1,2,2,2,1,1
SF,IH2012,2020-08-27 09:33:45.900,3254.4000,19922,0,269865000.000,0,-,-,-,-,3253.0000,3252.8000,3252.2000,3252.0000,3250.8000,3255.2000,3255.4000,3255.8000,3256.0000,3259.2000,1,2,2,1,1,2,6,2,2,1
SF,IH2012,2020-08-27 09:33:46.400,3254.4000,19922,0,269865000.000,0,-,-,-,-,3253.0000,3252.8000,3252.2000,3252.0000,3250.8000,3255.0000,3255.2000,3255.4000,3255.8000,3256.0000,1,2,2,1,1,1,2,4,2,2
SF,IH2012,2020-08-27 09:33:46.900,3254.4000,19922,0,269865000.000,0,-,-,-,-,3253.4000,3253.2000,3253.0000,3252.8000,3252.2000,3254.8000,3255.0000,3255.2000,3255.4000,3255.8000,1,2,1,1,2,1,1,1,3,2
SF,IH2012,2020-08-27 09:33:47.400,3254.4000,19922,0,269865000.000,0,-,-,-,-,3253.4000,3253.2000,3253.0000,3252.8000,3252.2000,3254.8000,3255.2000,3255.4000,3255.8000,3256.0000,2,1,1,1,2,1,1,3,2,2
SF,IH2012,2020-08-27 09:33:47.900,3254.4000,19922,0,269865000.000,0,-,-,-,-,3253.6000,3253.4000,3253.0000,3252.8000,3252.2000,3255.2000,3255.4000,3255.8000,3256.0000,3259.2000,2,1,1,1,2,1,1,2,2,1
SF,IH2012,2020-08-27 09:33:48.400,3254.4000,19922,0,269865000.000,0,-,-,-,-,3253.8000,3253.4000,3253.0000,3252.8000,3252.2000,3255.4000,3255.8000,3256.0000,3259.2000,3259.4000,2,1,1,1,2,1,2,2,1,1
SF,IH2012,2020-08-27 09:33:48.900,3254.4000,19922,0,269865000.000,0,-,-,-,-,3253.8000,3253.4000,3253.0000,3252.8000,3252.2000,3255.2000,3255.4000,3255.8000,3256.0000,3259.2000,2,1,1,1,2,1,1,2,2,1
SF,IH2012,2020-08-27 09:33:49.400,3255.0000,19922,0,270841500.000,1,0,1,多换,S,3253.4000,3253.0000,3252.8000,3252.2000,3252.0000,3255.0000,3255.2000,3255.4000,3255.8000,3256.0000,1,1,1,2,1,1,1,1,2,2
SF,IH2012,2020-08-27 09:33:49.900,3255.0000,19922,0,271818000.000,1,0,1,多换,S,3253.4000,3253.0000,3252.8000,3252.2000,3252.0000,3255.2000,3255.4000,3255.8000,3256.0000,3259.2000,1,1,1,2,1,1,1,1,2,1
SF,IH2012,2020-08-27 09:33:50.400,3255.0000,19922,0,271818000.000,0,-,-,-,-,3253.6000,3253.4000,3252.8000,3252.2000,3252.0000,3255.4000,3255.8000,3256.0000,3259.2000,3259.4000,2,1,1,2,1,1,1,2,1,1
SF,IH2012,2020-08-27 09:33:50.900,3255.0000,19922,0,271818000.000,0,-,-,-,-,3253.6000,3253.4000,3252.8000,3252.2000,3252.0000,3255.2000,3255.4000,3255.8000,3256.0000,3259.2000,2,1,1,2,1,3,1,1,2,1
SF,IH2012,2020-08-27 09:33:51.900,3255.0000,19922,0,271818000.000,0,-,-,-,-,3253.8000,3253.6000,3253.4000,3252.8000,3252.2000,3255.2000,3255.4000,3255.8000,3256.0000,3259.2000,1,2,1,1,2,3,1,1,2,1
SF,IH2012,2020-08-27 09:33:52.400,3255.0000,19922,0,271818000.000,0,-,-,-,-,3253.6000,3252.8000,3252.2000,3252.0000,3250.8000,3254.8000,3255.0000,3255.2000,3255.4000,3255.8000,2,2,2,1,1,1,2,3,1,1
SF,IH2012,2020-08-27 09:33:52.900,3255.0000,19922,0,271818000.000,0,-,-,-,-,3253.6000,3252.8000,3252.2000,3252.0000,3250.8000,3254.8000,3255.0000,3255.2000,3255.4000,3255.8000,2,2,2,1,1,1,2,2,1,1
SF,IH2012,2020-08-27 09:33:53.400,3255.0000,19922,0,271818000.000,0,-,-,-,-,3253.6000,3252.8000,3252.2000,3252.0000,3250.8000,3254.6000,3254.8000,3255.0000,3255.2000,3255.4000,2,2,2,1,1,1,1,2,1,1
SF,IH2012,2020-08-27 09:33:53.900,3255.0000,19922,0,271818000.000,0,-,-,-,-,3253.6000,3252.8000,3252.2000,3252.0000,3250.8000,3254.6000,3254.8000,3255.0000,3255.2000,3255.4000,2,2,2,1,1,1,1,2,1,1
SF,IH2012,2020-08-27 09:33:54.400,3255.0000,19922,0,271818000.000,0,-,-,-,-,3253.6000,3252.8000,3252.2000,3252.0000,3251.6000,3254.4000,3254.6000,3254.8000,3255.0000,3255.2000,2,2,2,1,1,2,1,1,2,1
SF,IH2012,2020-08-27 09:33:54.900,3253.6000,19921,-1,273770160.000,2,0,2,多平,S,3252.8000,3252.2000,3252.0000,3251.6000,3250.8000,3254.2000,3254.4000,3254.8000,3255.0000,3255.2000,2,2,1,1,1,1,2,1,2,1
SF,IH2012,2020-08-27 09:33:55.400,3253.6000,19921,0,273770160.000,0,-,-,-,-,3252.8000,3252.2000,3252.0000,3251.8000,3251.6000,3254.2000,3254.4000,3254.8000,3255.0000,3255.2000,2,2,1,1,1,2,2,1,2,1
SF,IH2012,2020-08-27 09:33:55.900,3253.6000,19921,0,273770160.000,0,-,-,-,-,3252.8000,3252.2000,3252.0000,3251.8000,3251.6000,3254.2000,3254.4000,3254.8000,3255.0000,3255.2000,2,1,1,1,1,2,2,1,2,1
SF,IH2012,2020-08-27 09:33:56.900,3253.6000,19921,0,273770160.000,0,-,-,-,-,3252.8000,3252.2000,3252.0000,3251.8000,3251.6000,3254.2000,3254.4000,3254.8000,3255.0000,3255.2000,2,1,1,1,1,1,2,1,2,1
SF,IH2012,2020-08-27 09:33:57.400,3253.6000,19921,0,273770160.000,0,-,-,-,-,3252.8000,3252.2000,3252.0000,3251.8000,3251.6000,3254.2000,3254.4000,3254.8000,3255.0000,3255.2000,3,1,1,1,1,1,2,1,3,1
SF,IH2012,2020-08-27 09:33:57.900,3253.6000,19921,0,273770160.000,0,-,-,-,-,3252.8000,3252.2000,3252.0000,3251.8000,3251.6000,3254.2000,3254.4000,3254.8000,3255.0000,3255.2000,2,1,1,1,1,1,2,1,3,1
SF,IH2012,2020-08-27 09:33:58.400,3253.6000,19921,0,273770160.000,0,-,-,-,-,3253.0000,3252.8000,3252.2000,3252.0000,3251.8000,3254.2000,3254.4000,3254.8000,3255.0000,3255.2000,1,2,1,1,1,1,2,1,3,1
SF,IH2012,2020-08-27 09:33:58.900,3253.6000,19921,0,273770160.000,0,-,-,-,-,3252.8000,3252.2000,3252.0000,3251.8000,3251.6000,3254.2000,3254.4000,3254.8000,3255.0000,3255.2000,2,1,1,1,1,1,2,1,3,1
SF,IH2012,2020-08-27 09:33:59.400,3253.6000,19921,0,273770160.000,0,-,-,-,-,3252.8000,3252.2000,3252.0000,3251.8000,3251.6000,3254.2000,3254.4000,3254.8000,3255.0000,3255.2000,2,1,1,1,1,1,2,1,3,1
SF,IH2012,2020-08-27 09:33:59.900,3253.6000,19921,0,273770160.000,0,-,-,-,-,3252.8000,3252.2000,3252.0000,3251.8000,3251.6000,3254.2000,3254.4000,3254.8000,3255.0000,3255.2000,2,1,1,1,1,1,2,1,1,1
SF,IH2012,2020-08-27 09:34:00.400,3253.6000,19921,0,273770160.000,0,-,-,-,-,3252.8000,3252.2000,3252.0000,3251.8000,3251.6000,3254.2000,3254.4000,3254.8000,3255.0000,3255.2000,2,1,1,1,1,1,1,1,1,1
SF,IH2012,2020-08-27 09:34:00.900,3253.6000,19921,0,273770160.000,0,-,-,-,-,3253.6000,3253.0000,3252.8000,3252.2000,3252.0000,3254.2000,3254.4000,3254.8000,3255.0000,3255.2000,1,1,2,1,1,1,1,1,1,1
SF,IH2012,2020-08-27 09:34:01.400,3253.6000,19921,0,273770160.000,0,-,-,-,-,3253.6000,3253.0000,3252.8000,3252.0000,3251.8000,3254.2000,3254.4000,3254.8000,3255.0000,3255.2000,1,2,2,1,1,1,1,1,1,1
SF,IH2012,2020-08-27 09:34:01.900,3253.6000,19921,0,273770160.000,0,-,-,-,-,3253.8000,3253.6000,3252.8000,3252.0000,3251.8000,3254.4000,3254.8000,3255.0000,3255.2000,3255.4000,1,1,2,1,1,1,1,1,1,1
SF,IH2012,2020-08-27 09:34:02.400,3253.6000,19921,0,273770160.000,0,-,-,-,-,3253.8000,3253.6000,3252.8000,3252.0000,3251.8000,3255.0000,3255.2000,3255.4000,3255.8000,3256.0000,1,1,2,1,1,1,1,1,1,2
SF,IH2012,2020-08-27 09:34:02.900,3253.6000,19921,0,273770160.000,0,-,-,-,-,3253.8000,3253.6000,3252.8000,3252.0000,3251.8000,3254.8000,3255.0000,3255.2000,3255.4000,3255.8000,1,1,2,1,1,1,1,1,1,1
SF,IH2012,2020-08-27 09:34:04.400,3253.6000,19921,0,273770160.000,0,-,-,-,-,3254.0000,3253.8000,3253.6000,3252.8000,3252.0000,3254.8000,3255.0000,3255.2000,3255.4000,3255.8000,1,1,1,2,1,1,1,1,1,1
SF,IH2012,2020-08-27 09:34:04.900,3253.6000,19921,0,273770160.000,0,-,-,-,-,3254.0000,3253.8000,3253.6000,3252.8000,3252.0000,3254.6000,3255.0000,3255.2000,3255.4000,3255.8000,1,1,1,2,1,1,1,1,1,1
SF,IH2012,2020-08-27 09:34:05.400,3254.0000,19920,-1,274746360.000,1,0,1,双平,S,3253.8000,3253.6000,3252.8000,3252.0000,3251.8000,3254.6000,3255.2000,3255.4000,3255.8000,3256.0000,1,1,2,1,1,1,1,1,1,2
SF,IH2012,2020-08-27 09:34:05.900,3254.0000,19920,0,274746360.000,0,-,-,-,-,3253.8000,3253.6000,3252.8000,3252.0000,3251.8000,3254.6000,3255.2000,3255.8000,3256.0000,3256.8000,1,1,2,1,1,1,1,1,2,1
SF,IH2012,2020-08-27 09:34:06.900,3253.6000,19919,-1,276698580.000,2,0,2,多平,S,3252.8000,3252.0000,3251.8000,3251.6000,3250.8000,3254.6000,3255.2000,3255.8000,3256.0000,3256.8000,2,1,1,1,1,1,1,1,2,1
SF,IH2012,2020-08-27 09:34:07.400,3253.6000,19919,0,276698580.000,0,-,-,-,-,3253.0000,3252.8000,3252.0000,3251.8000,3251.6000,3254.6000,3255.2000,3255.8000,3256.0000,3256.8000,2,2,1,1,1,1,1,1,2,1
SF,IH2012,2020-08-27 09:34:07.900,3253.6000,19919,0,276698580.000,0,-,-,-,-,3253.0000,3252.8000,3252.0000,3251.8000,3251.6000,3254.4000,3254.6000,3255.2000,3255.8000,3256.0000,1,2,1,1,1,1,1,1,1,2
SF,IH2012,2020-08-27 09:34:08.400,3253.6000,19919,0,276698580.000,0,-,-,-,-,3253.0000,3252.8000,3252.0000,3251.8000,3251.6000,3254.2000,3254.4000,3255.2000,3255.8000,3256.0000,1,2,1,1,1,1,1,1,1,2
SF,IH2012,2020-08-27 09:34:08.900,3253.6000,19919,0,276698580.000,0,-,-,-,-,3253.2000,3252.8000,3252.0000,3251.8000,3251.6000,3254.2000,3255.2000,3255.8000,3256.0000,3256.8000,1,2,1,1,1,1,1,1,2,1
SF,IH2012,2020-08-27 09:34:09.400,3254.2000,19919,0,277674840.000,1,0,1,多换,S,3253.2000,3252.8000,3252.0000,3251.8000,3251.6000,3255.2000,3255.8000,3256.0000,3256.8000,3257.2000,1,2,1,1,1,1,1,2,1,1
SF,IH2012,2020-08-27 09:34:09.900,3254.2000,19919,0,277674840.000,0,-,-,-,-,3253.4000,3252.8000,3252.0000,3251.8000,3251.6000,3254.8000,3255.0000,3255.2000,3255.8000,3256.0000,1,2,1,1,1,1,4,1,1,2
SF,IH2012,2020-08-27 09:34:11.900,3254.2000,19919,0,277674840.000,0,-,-,-,-,3253.4000,3252.8000,3252.0000,3251.8000,3251.6000,3254.8000,3255.0000,3255.2000,3255.8000,3256.0000,1,2,1,1,1,1,4,1,1,2
SF,IH2012,2020-08-27 09:34:12.400,3254.2000,19919,0,277674840.000,0,-,-,-,-,3253.4000,3252.8000,3252.0000,3251.8000,3251.6000,3254.6000,3254.8000,3255.0000,3255.2000,3255.8000,1,2,2,1,1,1,1,4,1,1
SF,IH2012,2020-08-27 09:34:12.900,3254.2000,19919,0,277674840.000,0,-,-,-,-,3252.8000,3252.0000,3251.8000,3251.6000,3250.8000,3254.4000,3254.6000,3255.0000,3255.2000,3255.8000,2,2,1,1,1,3,1,2,1,1
SF,IH2012,2020-08-27 09:34:13.900,3254.2000,19919,0,277674840.000,0,-,-,-,-,3253.0000,3252.8000,3252.0000,3251.8000,3251.6000,3254.4000,3254.6000,3255.0000,3255.2000,3255.8000,1,2,2,1,1,2,1,2,1,1
SF,IH2012,2020-08-27 09:34:14.400,3254.2000,19919,0,277674840.000,0,-,-,-,-,3252.8000,3252.0000,3251.8000,3251.6000,3250.8000,3254.2000,3254.4000,3254.6000,3255.0000,3255.2000,2,2,1,1,1,2,2,1,2,1
SF,IH2012,2020-08-27 09:34:15.400,3254.2000,19919,0,277674840.000,0,-,-,-,-,3252.8000,3252.0000,3251.8000,3251.6000,3250.8000,3254.0000,3254.2000,3254.4000,3254.6000,3255.0000,2,2,1,1,1,2,2,1,1,2
SF,IH2012,2020-08-27 09:34:16.900,3254.2000,19919,0,277674840.000,0,-,-,-,-,3253.0000,3252.8000,3252.0000,3251.8000,3251.6000,3254.0000,3254.2000,3254.4000,3254.6000,3255.0000,1,2,2,1,1,2,1,1,1,2
SF,IH2012,2020-08-27 09:34:17.400,3254.2000,19919,0,277674840.000,0,-,-,-,-,3252.8000,3252.0000,3251.8000,3251.6000,3250.8000,3253.8000,3254.0000,3254.2000,3254.4000,3254.6000,2,2,1,1,1,3,3,1,1,1
SF,IH2012,2020-08-27 09:34:17.900,3254.2000,19919,0,277674840.000,0,-,-,-,-,3252.8000,3252.0000,3251.8000,3251.6000,3250.8000,3253.6000,3253.8000,3254.0000,3254.2000,3254.6000,2,2,1,1,1,3,3,3,1,1
SF,IH2012,2020-08-27 09:34:18.400,3254.2000,19919,0,277674840.000,0,-,-,-,-,3252.8000,3252.0000,3251.8000,3251.6000,3250.8000,3253.6000,3253.8000,3254.0000,3254.2000,3254.6000,2,2,1,1,1,2,2,2,1,1
SF,IH2012,2020-08-27 09:34:18.900,3252.8000,19919,0,279626520.000,2,1,1,多换,S,3252.0000,3251.8000,3251.6000,3250.8000,3250.4000,3252.8000,3253.4000,3253.6000,3253.8000,3254.0000,2,1,1,1,1,1,2,2,2,2
SF,IH2012,2020-08-27 09:34:19.400,3252.8000,19919,0,279626520.000,0,-,-,-,-,3252.0000,3251.8000,3251.6000,3250.8000,3250.4000,3252.8000,3253.4000,3253.6000,3253.8000,3254.0000,2,1,1,1,1,1,2,2,2,2
SF,IH2012,2020-08-27 09:34:20.400,3252.8000,19919,0,279626520.000,0,-,-,-,-,3252.0000,3251.8000,3251.6000,3250.8000,3250.4000,3252.8000,3253.4000,3253.6000,3253.8000,3254.0000,2,1,1,1,1,1,2,2,2,2
SF,IH2012,2020-08-27 09:34:21.400,3252.8000,19919,0,279626520.000,0,-,-,-,-,3252.0000,3251.8000,3251.6000,3250.8000,3250.4000,3252.8000,3253.4000,3253.6000,3253.8000,3254.0000,2,1,1,1,1,1,2,2,3,2
SF,IH2012,2020-08-27 09:34:21.900,3252.0000,19918,-1,281577720.000,2,0,2,多平,S,3251.8000,3251.6000,3250.8000,3250.4000,3250.2000,3252.0000,3252.8000,3253.4000,3253.6000,3253.8000,1,1,1,1,1,1,1,2,2,3
SF,IH2012,2020-08-27 09:34:22.400,3252.0000,19917,-1,282553320.000,1,0,1,双平,S,3251.8000,3251.6000,3250.8000,3250.4000,3250.2000,3252.0000,3252.8000,3253.4000,3253.6000,3253.8000,1,1,1,1,3,1,1,2,2,3
SF,IH2012,2020-08-27 09:34:22.900,3251.8000,19916,-1,284504400.000,2,0,2,多平,S,3251.6000,3250.8000,3250.4000,3250.2000,3250.0000,3252.0000,3252.8000,3253.4000,3253.8000,3254.0000,1,1,1,3,4,1,1,2,3,1
SF,IH2012,2020-08-27 09:34:23.400,3251.6000,19916,0,285479880.000,1,0,1,多换,S,3250.8000,3250.4000,3250.2000,3250.0000,3248.0000,3252.0000,3252.8000,3253.4000,3253.8000,3254.0000,1,1,3,4,2,1,1,2,3,1
SF,IH2012,2020-08-27 09:34:23.900,3251.6000,19916,0,285479880.000,0,-,-,-,-,3251.0000,3250.8000,3250.4000,3250.2000,3250.0000,3252.0000,3252.8000,3253.4000,3253.8000,3254.0000,1,1,1,3,4,1,1,2,3,1
SF,IH2012,2020-08-27 09:34:24.900,3251.6000,19916,0,285479880.000,0,-,-,-,-,3250.8000,3250.4000,3250.2000,3250.0000,3248.0000,3252.0000,3252.8000,3253.0000,3253.4000,3253.8000,1,1,3,4,2,1,1,1,2,3
SF,IH2012,2020-08-27 09:34:25.400,3251.6000,19916,0,285479880.000,0,-,-,-,-,3250.8000,3250.4000,3250.2000,3250.0000,3248.0000,3251.8000,3252.0000,3252.8000,3253.0000,3253.4000,1,1,3,4,2,1,1,1,1,2
SF,IH2012,2020-08-27 09:34:25.900,3251.6000,19916,0,285479880.000,0,-,-,-,-,3251.0000,3250.8000,3250.4000,3250.2000,3250.0000,3252.0000,3252.8000,3253.0000,3253.4000,3253.8000,1,1,1,3,4,1,1,1,2,3
SF,IH2012,2020-08-27 09:34:26.400,3251.6000,19916,0,285479880.000,0,-,-,-,-,3251.0000,3250.8000,3250.4000,3250.2000,3250.0000,3252.0000,3252.8000,3253.0000,3253.4000,3253.8000,1,1,1,3,4,1,1,1,2,2
SF,IH2012,2020-08-27 09:34:26.900,3251.6000,19916,0,285479880.000,0,-,-,-,-,3251.0000,3250.8000,3250.4000,3250.2000,3250.0000,3252.0000,3252.8000,3253.0000,3253.8000,3255.2000,1,1,1,3,4,1,1,1,2,1
SF,IH2012,2020-08-27 09:34:27.900,3251.6000,19916,0,285479880.000,0,-,-,-,-,3251.0000,3250.4000,3250.2000,3250.0000,3248.0000,3252.0000,3252.8000,3253.0000,3253.8000,3255.2000,1,1,3,4,2,1,1,1,2,1
SF,IH2012,2020-08-27 09:34:28.400,3251.6000,19916,0,285479880.000,0,-,-,-,-,3251.0000,3250.4000,3250.2000,3250.0000,3248.0000,3252.0000,3252.8000,3253.0000,3253.8000,3255.2000,1,1,3,4,2,1,1,1,2,1
SF,IH2012,2020-08-27 09:34:29.400,3251.0000,19915,-1,286455180.000,1,0,1,双平,S,3250.4000,3250.2000,3250.0000,3248.0000,3247.8000,3252.0000,3252.8000,3253.0000,3253.8000,3255.2000,1,3,4,2,1,1,1,1,2,1
SF,IH2012,2020-08-27 09:34:29.900,3251.0000,19915,0,286455180.000,0,-,-,-,-,3250.6000,3250.4000,3250.2000,3250.0000,3248.0000,3252.0000,3252.8000,3253.0000,3253.8000,3255.2000,5,1,3,4,2,1,1,1,2,1
SF,IH2012,2020-08-27 09:34:30.400,3251.0000,19915,0,286455180.000,0,-,-,-,-,3250.6000,3250.4000,3250.2000,3250.0000,3248.0000,3252.0000,3252.8000,3253.0000,3253.8000,3255.2000,5,1,3,4,2,1,1,1,2,1
SF,IH2012,2020-08-27 09:34:30.900,3251.0000,19915,0,286455180.000,0,-,-,-,-,3251.2000,3250.6000,3250.4000,3250.2000,3250.0000,3252.0000,3252.8000,3253.0000,3253.8000,3255.2000,2,5,1,3,4,1,1,1,1,1
SF,IH2012,2020-08-27 09:34:31.400,3251.0000,19915,0,286455180.000,0,-,-,-,-,3251.2000,3250.8000,3250.6000,3250.4000,3250.2000,3252.0000,3252.8000,3253.0000,3253.8000,3255.2000,2,1,5,1,3,1,1,1,1,1
SF,IH2012,2020-08-27 09:34:31.900,3251.0000,19915,0,286455180.000,0,-,-,-,-,3250.8000,3250.6000,3250.4000,3250.2000,3250.0000,3252.0000,3252.8000,3253.0000,3253.8000,3255.2000,1,3,1,3,4,1,1,1,1,1
