市场代码,合约代码,时间,最新,持仓,增仓,成交额,成交量,开仓,平仓,成交类型,方向,买一价,买二价,买三价,买四价,买五价,卖一价,卖二价,卖三价,卖四价,卖五价,买一量,买二量,买三量,买四量,买五量,卖一量,卖二量,卖三量,卖四量,卖五量
SF,IH2006,2019-11-07 09:29:00.100,3023.6000,900,0,907080.000,1.000,-,-,-,-,3023.2000,3023.0000,3022.8000,3022.6000,3013.0000,3028.4000,3029.4000,3030.0000,3030.2000,3033.6000,1,1,1,2,1,1,1,1,3,1
SF,IH2006,2019-11-07 09:30:00.100,3023.6000,900,0,907080.000,0,-,-,-,-,3023.2000,3023.0000,3022.8000,3022.6000,3013.0000,3029.4000,3030.0000,3033.6000,3045.0000,3048.4000,1,1,1,2,1,1,1,1,1,3
SF,IH2006,2019-11-07 09:30:00.600,3023.6000,900,0,907080.000,0,-,-,-,-,3023.2000,3023.0000,3022.8000,3022.6000,3012.8000,3028.6000,3029.2000,3029.4000,3030.0000,3033.6000,1,1,1,1,1,3,2,1,1,1
SF,IH2006,2019-11-07 09:30:01.100,3023.6000,900,0,907080.000,0,-,-,-,-,3023.2000,3023.0000,3022.8000,3022.6000,3012.8000,3028.2000,3028.4000,3028.6000,3029.2000,3029.4000,1,1,1,1,1,3,3,3,2,1
SF,IH2006,2019-11-07 09:30:01.600,3023.6000,900,0,907080.000,0,-,-,-,-,3023.2000,3023.0000,3022.8000,3022.6000,3012.8000,3028.0000,3028.2000,3028.4000,3029.2000,3029.4000,1,1,1,1,1,3,3,3,2,1
SF,IH2006,2019-11-07 09:30:02.100,3023.6000,900,0,907080.000,0,-,-,-,-,3023.2000,3023.0000,3022.8000,3022.6000,3012.8000,3027.8000,3028.0000,3028.2000,3028.4000,3029.2000,1,1,1,1,1,2,3,3,3,2
SF,IH2006,2019-11-07 09:30:02.600,3023.6000,900,0,907080.000,0,-,-,-,-,3023.2000,3023.0000,3022.8000,3022.6000,3012.8000,3027.6000,3027.8000,3028.0000,3028.2000,3028.4000,1,1,1,1,1,3,2,3,3,3
SF,IH2006,2019-11-07 09:30:03.100,3023.6000,900,0,907080.000,0,-,-,-,-,3023.2000,3023.0000,3022.8000,3022.6000,3003.8000,3027.4000,3027.6000,3028.0000,3028.2000,3028.4000,1,1,1,1,1,1,3,3,3,3
SF,IH2006,2019-11-07 09:30:03.600,3023.6000,900,0,907080.000,0,-,-,-,-,3023.2000,3023.0000,3022.8000,3022.6000,3003.8000,3027.2000,3027.4000,3027.6000,3028.0000,3028.2000,1,1,1,1,1,3,1,3,3,3
SF,IH2006,2019-11-07 09:30:04.100,3023.2000,900,0,1814040.000,1,0,1,多换,S,3023.0000,3022.8000,3022.6000,3003.8000,2992.2000,3026.8000,3027.2000,3027.6000,3028.0000,3028.2000,1,1,1,1,3,1,3,3,3,3
SF,IH2006,2019-11-07 09:30:04.600,3023.2000,900,0,1814040.000,0,-,-,-,-,3023.0000,3022.8000,3022.6000,3003.8000,2992.2000,3023.2000,3026.6000,3027.2000,3027.6000,3028.0000,1,1,1,1,3,2,3,3,3,2
SF,IH2006,2019-11-07 09:30:05.100,3023.2000,898,-2,4534860.000,3,0,3,多平,S,3022.8000,3022.6000,3003.8000,2992.2000,2985.2000,3026.6000,3027.2000,3027.6000,3028.0000,3028.4000,1,1,1,3,1,2,3,3,2,2
SF,IH2006,2019-11-07 09:30:05.600,3023.2000,898,0,4534860.000,0,-,-,-,-,3022.8000,3022.6000,3003.8000,2992.2000,2985.2000,3026.4000,3026.6000,3027.2000,3027.6000,3028.0000,1,1,1,3,1,1,2,3,3,2
SF,IH2006,2019-11-07 09:30:06.100,3023.2000,898,0,4534860.000,0,-,-,-,-,3022.8000,3022.6000,3003.8000,2992.2000,2985.2000,3026.2000,3026.4000,3026.6000,3027.2000,3027.6000,1,1,1,3,1,3,1,2,3,2
SF,IH2006,2019-11-07 09:30:06.600,3023.2000,898,0,4534860.000,0,-,-,-,-,3022.8000,3022.6000,3013.4000,3003.8000,2992.2000,3026.0000,3026.2000,3026.6000,3027.2000,3027.6000,1,1,5,1,3,1,3,2,3,2
SF,IH2006,2019-11-07 09:30:07.100,3023.2000,898,0,4534860.000,0,-,-,-,-,3022.8000,3022.6000,3013.4000,3003.8000,2992.2000,3025.8000,3026.0000,3026.2000,3026.6000,3027.2000,1,1,5,1,3,3,1,3,2,2
SF,IH2006,2019-11-07 09:30:07.600,3023.2000,898,0,4534860.000,0,-,-,-,-,3022.8000,3022.6000,3013.4000,3003.8000,2992.2000,3025.8000,3026.2000,3026.6000,3027.2000,3027.6000,1,1,5,1,3,3,3,2,2,2
SF,IH2006,2019-11-07 09:30:09.100,3022.8000,898,0,5441700.000,1,0,1,多换,S,3022.6000,3013.4000,3003.8000,2992.2000,2985.2000,3025.8000,3026.2000,3026.6000,3027.2000,3027.6000,1,5,1,3,1,3,3,2,2,2
SF,IH2006,2019-11-07 09:30:09.600,3022.8000,898,0,5441700.000,0,-,-,-,-,3022.6000,3013.4000,3003.8000,2992.2000,2985.2000,3025.6000,3025.8000,3026.2000,3026.6000,3027.2000,1,5,1,3,1,1,3,3,2,2
SF,IH2006,2019-11-07 09:30:10.100,3022.8000,898,0,5441700.000,0,-,-,-,-,3022.6000,3013.4000,3003.8000,2992.2000,2985.2000,3025.4000,3025.6000,3025.8000,3026.2000,3026.6000,1,5,1,3,1,3,1,3,3,1
SF,IH2006,2019-11-07 09:30:10.600,3022.8000,898,0,5441700.000,0,-,-,-,-,3022.6000,3013.4000,3003.8000,2992.2000,2985.2000,3025.2000,3025.4000,3025.8000,3026.2000,3026.6000,1,5,1,3,1,1,3,3,3,1
SF,IH2006,2019-11-07 09:30:11.100,3022.8000,898,0,5441700.000,0,-,-,-,-,3022.6000,3013.4000,3003.8000,2992.2000,2985.2000,3025.0000,3025.2000,3025.4000,3025.8000,3026.2000,1,5,1,3,1,3,1,3,3,2
SF,IH2006,2019-11-07 09:30:11.600,3022.8000,898,0,5441700.000,0,-,-,-,-,3022.6000,3013.4000,3003.8000,2992.2000,2985.2000,3024.8000,3025.0000,3025.4000,3025.8000,3026.2000,1,5,1,3,1,1,3,3,3,2
SF,IH2006,2019-11-07 09:30:12.100,3022.8000,898,0,5441700.000,0,-,-,-,-,3022.6000,3013.4000,3003.8000,2992.2000,2985.2000,3024.6000,3024.8000,3025.0000,3025.4000,3025.8000,1,5,1,3,1,3,1,3,3,2
SF,IH2006,2019-11-07 09:30:12.600,3022.8000,898,0,5441700.000,0,-,-,-,-,3022.6000,3013.4000,3003.8000,2992.2000,2985.2000,3024.4000,3024.6000,3025.0000,3025.4000,3025.8000,1,5,1,3,1,1,3,3,3,2
SF,IH2006,2019-11-07 09:30:13.100,3022.6000,898,0,6348480.000,1,0,1,多换,S,3013.4000,3003.8000,2992.2000,2985.2000,2963.6000,3024.2000,3024.4000,3024.6000,3025.0000,3025.4000,5,1,3,1,6,2,1,3,3,2
SF,IH2006,2019-11-07 09:30:13.600,3022.6000,898,0,6348480.000,0,-,-,-,-,3018.4000,3017.0000,3013.6000,3013.4000,3003.8000,3024.2000,3024.6000,3025.0000,3025.4000,3025.8000,3,1,1,5,1,2,3,3,2,2
SF,IH2006,2019-11-07 09:30:14.100,3022.6000,898,0,6348480.000,0,-,-,-,-,3018.6000,3018.4000,3017.0000,3013.6000,3013.4000,3024.0000,3024.2000,3024.6000,3025.0000,3025.4000,1,3,1,1,5,1,2,3,3,2
SF,IH2006,2019-11-07 09:30:14.600,3022.6000,898,0,6348480.000,0,-,-,-,-,3018.6000,3017.0000,3013.6000,3013.4000,3003.8000,3023.8000,3024.0000,3024.2000,3024.6000,3025.0000,1,1,1,5,1,3,1,2,3,2
SF,IH2006,2019-11-07 09:30:15.100,3022.6000,898,0,6348480.000,0,-,-,-,-,3018.8000,3018.6000,3017.0000,3013.6000,3013.4000,3023.8000,3024.2000,3024.6000,3025.0000,3025.4000,3,1,1,1,5,3,2,3,2,2
SF,IH2006,2019-11-07 09:30:15.600,3022.6000,898,0,6348480.000,0,-,-,-,-,3019.0000,3018.8000,3018.6000,3017.0000,3013.6000,3023.8000,3024.2000,3024.6000,3025.0000,3025.4000,1,4,1,1,1,3,2,3,2,2
SF,IH2006,2019-11-07 09:30:16.100,3022.6000,898,0,6348480.000,0,-,-,-,-,3019.0000,3018.8000,3018.6000,3017.0000,3013.6000,3023.6000,3023.8000,3024.2000,3024.6000,3025.0000,1,1,1,1,1,1,3,2,3,2
SF,IH2006,2019-11-07 09:30:16.600,3022.6000,898,0,6348480.000,0,-,-,-,-,3019.2000,3019.0000,3018.6000,3017.0000,3013.6000,3023.4000,3023.6000,3023.8000,3024.2000,3024.6000,3,1,1,1,1,2,1,3,2,2
SF,IH2006,2019-11-07 09:30:17.100,3022.6000,898,0,6348480.000,0,-,-,-,-,3019.4000,3019.2000,3019.0000,3018.6000,3017.0000,3023.4000,3023.8000,3024.2000,3024.6000,3025.0000,1,3,1,1,1,2,3,2,2,2
SF,IH2006,2019-11-07 09:30:17.600,3022.6000,898,0,6348480.000,0,-,-,-,-,3019.6000,3019.4000,3019.2000,3019.0000,3018.6000,3023.2000,3023.4000,3023.8000,3024.2000,3024.6000,1,1,1,1,1,1,2,3,2,2
SF,IH2006,2019-11-07 09:30:18.100,3022.6000,898,0,6348480.000,0,-,-,-,-,3019.6000,3019.4000,3019.2000,3019.0000,3018.6000,3023.0000,3023.2000,3023.4000,3023.8000,3024.2000,1,1,1,1,1,1,1,2,3,1
SF,IH2006,2019-11-07 09:30:19.100,3022.6000,898,0,6348480.000,0,-,-,-,-,3019.8000,3019.6000,3019.4000,3019.0000,3018.6000,3023.0000,3023.4000,3023.8000,3024.2000,3024.6000,2,1,1,1,1,1,2,3,1,2
SF,IH2006,2019-11-07 09:30:19.600,3022.6000,898,0,6348480.000,0,-,-,-,-,3020.0000,3019.8000,3019.4000,3019.0000,3018.6000,3023.0000,3023.4000,3023.8000,3024.2000,3024.6000,1,1,1,1,1,1,2,3,1,2
SF,IH2006,2019-11-07 09:30:21.100,3022.6000,898,0,6348480.000,0,-,-,-,-,3020.0000,3019.4000,3019.0000,3018.6000,3017.0000,3023.0000,3023.4000,3023.8000,3024.2000,3024.6000,1,1,1,1,1,1,2,3,1,2
SF,IH2006,2019-11-07 09:30:23.600,3020.0000,897,-1,7254480.000,1,0,1,双平,S,3019.4000,3019.0000,3018.6000,3017.0000,3013.4000,3023.0000,3023.4000,3023.8000,3024.2000,3024.4000,1,1,1,1,5,1,2,3,1,1
SF,IH2006,2019-11-07 09:30:24.100,3020.0000,897,0,7254480.000,0,-,-,-,-,3019.6000,3019.4000,3019.0000,3018.6000,3017.0000,3023.0000,3023.4000,3023.8000,3024.2000,3024.6000,1,1,1,1,1,1,2,3,1,2
SF,IH2006,2019-11-07 09:30:24.600,3020.0000,897,0,7254480.000,0,-,-,-,-,3019.8000,3019.6000,3019.4000,3019.0000,3018.6000,3023.0000,3023.4000,3023.8000,3024.2000,3024.6000,1,1,1,1,1,1,2,3,1,2
SF,IH2006,2019-11-07 09:30:25.100,3020.0000,897,0,7254480.000,0,-,-,-,-,3020.0000,3019.8000,3019.4000,3019.0000,3018.6000,3023.0000,3023.4000,3023.8000,3024.2000,3024.6000,1,1,1,1,1,1,2,3,1,2
SF,IH2006,2019-11-07 09:30:29.100,3020.0000,896,-1,8160480.000,1,0,1,双平,S,3019.8000,3019.4000,3019.0000,3018.6000,3017.0000,3023.0000,3023.4000,3023.8000,3024.2000,3024.6000,1,1,1,1,1,1,2,3,1,2
SF,IH2006,2019-11-07 09:30:29.600,3020.0000,896,0,8160480.000,0,-,-,-,-,3020.0000,3019.8000,3019.4000,3019.0000,3018.6000,3023.0000,3023.4000,3023.8000,3024.2000,3024.6000,1,1,1,1,1,1,2,3,1,2
SF,IH2006,2019-11-07 09:30:30.100,3020.0000,896,0,8160480.000,0,-,-,-,-,3020.0000,3019.8000,3019.4000,3019.0000,3018.6000,3022.8000,3023.0000,3023.4000,3023.8000,3024.2000,1,1,1,1,1,1,1,2,3,1
SF,IH2006,2019-11-07 09:30:30.600,3020.0000,896,0,8160480.000,0,-,-,-,-,3020.2000,3020.0000,3019.8000,3019.4000,3019.0000,3022.8000,3023.4000,3023.8000,3024.2000,3024.6000,2,1,1,1,1,1,1,3,1,2
SF,IH2006,2019-11-07 09:30:31.100,3020.0000,896,0,8160480.000,0,-,-,-,-,3020.2000,3019.8000,3019.4000,3019.0000,3018.8000,3022.8000,3023.4000,3023.8000,3024.2000,3024.6000,2,1,1,1,1,1,1,3,1,2
SF,IH2006,2019-11-07 09:30:32.600,3020.0000,896,0,8160480.000,0,-,-,-,-,3020.4000,3020.2000,3019.8000,3019.4000,3019.0000,3022.8000,3023.8000,3024.2000,3024.6000,3025.0000,1,1,1,1,1,1,1,1,2,2
SF,IH2006,2019-11-07 09:30:33.100,3020.0000,896,0,8160480.000,0,-,-,-,-,3022.8000,3020.6000,3020.4000,3020.2000,3019.8000,3023.8000,3024.2000,3024.6000,3025.0000,3025.4000,1,2,1,1,1,1,1,2,2,3
SF,IH2006,2019-11-07 09:30:33.600,3022.8000,896,0,9067320.000,1,0,1,多换,S,3020.6000,3020.4000,3020.2000,3019.8000,3019.4000,3023.6000,3023.8000,3024.2000,3024.6000,3025.0000,1,1,1,1,1,1,1,1,2,2
SF,IH2006,2019-11-07 09:30:34.100,3022.8000,896,0,9067320.000,0,-,-,-,-,3020.8000,3020.6000,3020.4000,3020.2000,3019.8000,3023.6000,3023.8000,3024.2000,3024.6000,3025.0000,1,1,1,1,1,1,1,1,2,2
SF,IH2006,2019-11-07 09:30:35.100,3022.8000,896,0,9067320.000,0,-,-,-,-,3021.0000,3020.8000,3020.6000,3020.2000,3019.8000,3023.6000,3024.6000,3025.0000,3025.4000,3025.8000,2,1,1,1,1,1,2,2,3,2
SF,IH2006,2019-11-07 09:30:35.600,3022.8000,896,0,9067320.000,0,-,-,-,-,3021.0000,3020.6000,3020.2000,3019.8000,3019.4000,3023.6000,3024.6000,3025.0000,3025.4000,3025.8000,2,1,1,1,1,1,2,2,3,2
SF,IH2006,2019-11-07 09:30:36.100,3022.8000,896,0,9067320.000,0,-,-,-,-,3021.2000,3021.0000,3020.6000,3020.2000,3019.8000,3023.6000,3025.0000,3025.4000,3025.8000,3026.2000,1,2,1,1,1,1,2,3,2,2
SF,IH2006,2019-11-07 09:30:36.600,3023.6000,896,0,9974400.000,1,0,1,多换,S,3021.4000,3021.2000,3021.0000,3020.6000,3020.2000,3025.0000,3025.4000,3025.8000,3026.2000,3026.6000,1,1,2,1,1,2,3,2,2,1
SF,IH2006,2019-11-07 09:30:37.100,3023.6000,896,0,9974400.000,0,-,-,-,-,3021.4000,3021.0000,3020.6000,3020.2000,3019.8000,3024.8000,3025.0000,3025.4000,3025.8000,3026.2000,1,2,1,1,1,4,2,3,2,2
SF,IH2006,2019-11-07 09:30:37.600,3023.6000,896,0,9974400.000,0,-,-,-,-,3021.6000,3021.4000,3021.0000,3020.6000,3020.2000,3024.8000,3025.0000,3025.4000,3025.8000,3026.2000,1,1,2,1,1,2,2,3,2,2
SF,IH2006,2019-11-07 09:30:38.100,3023.6000,896,0,9974400.000,0,-,-,-,-,3021.6000,3021.4000,3021.0000,3020.6000,3020.2000,3024.8000,3025.0000,3025.4000,3025.8000,3026.2000,2,1,1,1,1,2,2,3,2,2
SF,IH2006,2019-11-07 09:30:39.100,3023.6000,896,0,9974400.000,0,-,-,-,-,3021.8000,3021.6000,3021.4000,3021.0000,3020.6000,3024.8000,3025.0000,3025.4000,3025.8000,3026.2000,1,1,1,1,1,2,2,3,2,2
SF,IH2006,2019-11-07 09:30:39.600,3023.6000,896,0,9974400.000,0,-,-,-,-,3021.8000,3021.0000,3020.6000,3020.2000,3019.8000,3024.8000,3025.0000,3025.4000,3025.8000,3026.2000,1,1,1,1,1,2,2,3,2,2
SF,IH2006,2019-11-07 09:30:40.100,3023.6000,896,0,9974400.000,0,-,-,-,-,3022.0000,3021.0000,3020.6000,3020.2000,3019.8000,3024.8000,3025.0000,3025.4000,3025.8000,3026.2000,1,1,1,1,1,2,2,3,2,2
SF,IH2006,2019-11-07 09:30:41.600,3023.6000,896,0,9974400.000,0,-,-,-,-,3022.0000,3021.0000,3020.6000,3020.2000,3019.8000,3024.6000,3024.8000,3025.0000,3025.4000,3025.8000,1,1,1,1,1,1,2,2,3,2
SF,IH2006,2019-11-07 09:30:42.100,3023.6000,896,0,9974400.000,0,-,-,-,-,3021.0000,3020.6000,3020.2000,3019.8000,3018.8000,3024.4000,3024.6000,3024.8000,3025.0000,3025.4000,1,1,1,1,1,1,1,1,2,3
SF,IH2006,2019-11-07 09:30:42.600,3023.6000,896,0,9974400.000,0,-,-,-,-,3021.2000,3021.0000,3020.6000,3020.2000,3019.8000,3024.4000,3024.6000,3024.8000,3025.0000,3025.4000,1,1,1,1,1,1,1,1,2,3
SF,IH2006,2019-11-07 09:30:43.100,3023.6000,896,0,9974400.000,0,-,-,-,-,3021.2000,3021.0000,3020.6000,3020.2000,3019.8000,3024.2000,3024.4000,3024.6000,3024.8000,3025.0000,1,1,1,1,1,2,1,1,1,2
SF,IH2006,2019-11-07 09:30:44.600,3023.6000,896,0,9974400.000,0,-,-,-,-,3021.2000,3021.0000,3020.6000,3020.2000,3019.8000,3024.2000,3024.4000,3024.8000,3025.0000,3025.4000,1,1,1,1,1,1,1,1,2,3
SF,IH2006,2019-11-07 09:30:45.100,3023.6000,896,0,9974400.000,0,-,-,-,-,3021.4000,3021.2000,3021.0000,3020.6000,3020.2000,3024.2000,3024.4000,3024.8000,3025.0000,3025.4000,1,1,1,1,1,1,1,1,2,3
SF,IH2006,2019-11-07 09:30:45.600,3023.6000,896,0,9974400.000,0,-,-,-,-,3021.4000,3021.0000,3020.6000,3020.2000,3019.8000,3024.2000,3024.4000,3024.8000,3025.0000,3025.4000,1,1,1,1,1,1,1,1,2,3
SF,IH2006,2019-11-07 09:30:46.100,3023.6000,896,0,9974400.000,0,-,-,-,-,3021.6000,3021.4000,3021.0000,3020.6000,3020.2000,3024.2000,3024.4000,3024.8000,3025.0000,3025.4000,1,1,1,1,1,1,1,1,2,3
SF,IH2006,2019-11-07 09:30:46.600,3023.6000,896,0,9974400.000,0,-,-,-,-,3021.6000,3021.4000,3021.0000,3020.6000,3020.2000,3024.8000,3025.4000,3025.8000,3026.2000,3026.6000,1,1,1,1,1,1,3,2,2,1
SF,IH2006,2019-11-07 09:30:47.100,3023.6000,896,0,9974400.000,0,-,-,-,-,3021.6000,3021.4000,3021.0000,3020.6000,3020.2000,3024.6000,3024.8000,3025.4000,3025.8000,3026.2000,1,1,1,1,1,1,1,3,2,2
SF,IH2006,2019-11-07 09:30:48.100,3023.6000,896,0,9974400.000,0,-,-,-,-,3021.8000,3021.6000,3021.0000,3020.6000,3020.2000,3024.6000,3024.8000,3025.4000,3025.8000,3026.2000,1,1,1,1,1,1,1,3,2,2
SF,IH2006,2019-11-07 09:30:48.600,3023.6000,896,0,9974400.000,0,-,-,-,-,3021.8000,3021.0000,3020.6000,3020.2000,3019.8000,3024.6000,3024.8000,3025.4000,3025.8000,3026.2000,1,1,1,1,1,1,1,3,2,2
SF,IH2006,2019-11-07 09:30:51.600,3023.6000,896,0,9974400.000,0,-,-,-,-,3021.0000,3020.6000,3020.2000,3019.8000,3018.8000,3024.6000,3024.8000,3025.4000,3025.8000,3026.2000,1,1,1,1,1,1,1,3,2,2
SF,IH2006,2019-11-07 09:30:52.100,3023.6000,896,0,9974400.000,0,-,-,-,-,3021.2000,3021.0000,3020.6000,3020.2000,3019.8000,3024.6000,3024.8000,3025.4000,3025.8000,3026.2000,1,1,1,1,1,1,1,3,2,2
SF,IH2006,2019-11-07 09:30:52.600,3023.6000,896,0,9974400.000,0,-,-,-,-,3021.4000,3021.2000,3021.0000,3020.6000,3020.2000,3024.6000,3025.4000,3025.8000,3026.2000,3026.6000,2,1,1,1,1,1,3,2,2,1
SF,IH2006,2019-11-07 09:30:53.100,3023.6000,896,0,9974400.000,0,-,-,-,-,3021.4000,3021.0000,3020.6000,3020.2000,3019.8000,3024.6000,3025.8000,3026.2000,3026.6000,3027.2000,2,1,1,1,1,1,2,2,1,2
SF,IH2006,2019-11-07 09:30:53.600,3023.6000,896,0,9974400.000,0,-,-,-,-,3021.6000,3021.4000,3021.0000,3020.6000,3020.2000,3024.0000,3026.6000,3027.2000,3027.6000,3028.0000,1,2,1,1,1,1,1,2,2,2
SF,IH2006,2019-11-07 09:30:54.100,3024.0000,896,0,10881600.000,1,0,1,多换,S,3024.0000,3022.0000,3021.8000,3021.6000,3021.4000,3026.6000,3027.2000,3027.6000,3028.0000,3028.4000,1,1,1,1,1,1,2,2,2,2
SF,IH2006,2019-11-07 09:30:54.600,3024.0000,896,0,10881600.000,0,-,-,-,-,3022.0000,3021.8000,3021.4000,3021.0000,3020.6000,3026.4000,3026.6000,3027.2000,3027.6000,3028.0000,1,1,1,1,1,4,1,2,2,2
SF,IH2006,2019-11-07 09:30:55.100,3024.0000,896,0,10881600.000,0,-,-,-,-,3022.2000,3022.0000,3021.8000,3021.4000,3021.0000,3026.4000,3026.6000,3027.2000,3027.6000,3028.0000,1,1,1,1,1,4,1,2,2,2
SF,IH2006,2019-11-07 09:30:55.600,3024.0000,896,0,10881600.000,0,-,-,-,-,3022.4000,3022.2000,3022.0000,3021.8000,3021.4000,3026.4000,3026.6000,3027.2000,3027.6000,3028.0000,1,1,1,1,1,4,1,2,2,2
SF,IH2006,2019-11-07 09:30:56.100,3024.0000,896,0,10881600.000,0,-,-,-,-,3022.4000,3022.0000,3021.8000,3021.4000,3021.0000,3026.0000,3026.4000,3026.6000,3027.2000,3027.6000,1,1,1,1,1,1,4,1,2,2
SF,IH2006,2019-11-07 09:30:56.600,3024.0000,896,0,10881600.000,0,-,-,-,-,3022.6000,3022.4000,3021.8000,3021.4000,3021.0000,3026.0000,3026.4000,3026.6000,3027.2000,3027.6000,2,1,1,1,1,1,3,1,2,2
SF,IH2006,2019-11-07 09:30:57.100,3024.0000,896,0,10881600.000,0,-,-,-,-,3022.6000,3022.4000,3021.8000,3021.4000,3021.0000,3025.8000,3026.0000,3026.4000,3026.6000,3027.2000,2,1,1,1,1,1,1,3,1,2
SF,IH2006,2019-11-07 09:31:00.600,3024.0000,896,0,10881600.000,0,-,-,-,-,3022.6000,3022.4000,3021.8000,3021.4000,3021.0000,3025.8000,3026.0000,3026.4000,3026.6000,3027.2000,1,1,1,1,1,1,1,3,1,2
SF,IH2006,2019-11-07 09:31:02.100,3024.0000,896,0,10881600.000,0,-,-,-,-,3022.8000,3022.6000,3022.4000,3021.8000,3021.4000,3025.8000,3026.4000,3026.6000,3027.2000,3027.6000,1,1,1,1,1,1,3,1,2,2
SF,IH2006,2019-11-07 09:31:02.600,3024.0000,896,0,10881600.000,0,-,-,-,-,3022.8000,3022.4000,3021.8000,3021.4000,3021.0000,3025.8000,3026.4000,3026.6000,3027.2000,3027.6000,1,1,1,1,1,1,1,1,2,2
SF,IH2006,2019-11-07 09:31:03.100,3024.0000,896,0,10881600.000,0,-,-,-,-,3023.0000,3022.8000,3022.4000,3021.8000,3021.4000,3025.8000,3026.4000,3026.6000,3027.2000,3027.6000,1,1,1,1,1,1,1,1,2,2
SF,IH2006,2019-11-07 09:31:03.600,3024.0000,896,0,10881600.000,0,-,-,-,-,3023.2000,3023.0000,3022.8000,3022.4000,3021.8000,3025.8000,3027.2000,3027.6000,3028.0000,3028.4000,1,2,1,1,1,1,2,2,2,2
SF,IH2006,2019-11-07 09:31:04.100,3024.0000,896,0,10881600.000,0,-,-,-,-,3023.2000,3023.0000,3022.8000,3022.4000,3021.8000,3025.8000,3027.2000,3027.6000,3028.0000,3028.4000,1,1,1,1,1,1,2,2,2,2
SF,IH2006,2019-11-07 09:31:04.600,3024.0000,896,0,10881600.000,0,-,-,-,-,3023.4000,3023.2000,3023.0000,3022.8000,3022.4000,3025.8000,3027.2000,3027.6000,3028.0000,3028.4000,1,1,1,1,1,1,2,2,2,2
SF,IH2006,2019-11-07 09:31:05.600,3024.0000,896,0,10881600.000,0,-,-,-,-,3023.4000,3023.0000,3022.8000,3022.4000,3021.8000,3025.8000,3027.2000,3027.6000,3028.0000,3028.4000,1,1,1,1,1,1,2,2,2,2
SF,IH2006,2019-11-07 09:31:06.100,3024.0000,896,0,10881600.000,0,-,-,-,-,3023.4000,3022.8000,3022.4000,3021.8000,3021.4000,3025.8000,3027.2000,3027.6000,3028.0000,3028.4000,1,1,1,1,1,1,2,2,2,2
SF,IH2006,2019-11-07 09:31:08.600,3024.0000,896,0,10881600.000,0,-,-,-,-,3023.6000,3023.4000,3022.8000,3022.4000,3021.8000,3025.8000,3027.2000,3027.6000,3028.0000,3028.4000,1,1,1,1,1,1,2,2,2,2
SF,IH2006,2019-11-07 09:31:09.100,3024.0000,896,0,10881600.000,0,-,-,-,-,3023.6000,3022.8000,3022.4000,3021.8000,3021.4000,3025.8000,3027.2000,3027.6000,3028.0000,3028.4000,1,1,1,1,1,1,2,2,2,2
SF,IH2006,2019-11-07 09:31:09.600,3024.0000,896,0,10881600.000,0,-,-,-,-,3023.8000,3023.6000,3022.8000,3022.4000,3021.8000,3027.6000,3028.0000,3028.4000,3029.2000,3030.0000,1,1,1,1,1,2,2,2,2,1
SF,IH2006,2019-11-07 09:31:10.100,3024.0000,896,0,10881600.000,0,-,-,-,-,3023.8000,3023.6000,3022.8000,3022.4000,3021.8000,3027.4000,3027.6000,3028.0000,3028.4000,3029.2000,1,1,1,1,1,2,2,2,2,2
SF,IH2006,2019-11-07 09:31:10.600,3024.0000,896,0,10881600.000,0,-,-,-,-,3024.0000,3023.8000,3023.6000,3022.8000,3022.4000,3027.2000,3027.4000,3028.4000,3029.2000,3030.0000,1,1,1,1,1,1,1,2,2,1
SF,IH2006,2019-11-07 09:31:11.100,3024.0000,896,0,10881600.000,0,-,-,-,-,3023.6000,3022.8000,3022.4000,3021.8000,3018.8000,3028.4000,3029.2000,3030.0000,3032.4000,3033.6000,1,1,1,1,1,2,2,1,5,1
SF,IH2006,2019-11-07 09:31:11.600,3024.0000,896,0,10881600.000,0,-,-,-,-,3023.8000,3023.6000,3022.8000,3022.4000,3021.8000,3028.2000,3028.4000,3029.2000,3030.0000,3032.4000,1,1,1,1,1,1,2,2,1,5
SF,IH2006,2019-11-07 09:31:12.100,3024.0000,896,0,10881600.000,0,-,-,-,-,3023.8000,3023.6000,3022.8000,3022.4000,3021.8000,3028.0000,3028.2000,3028.4000,3029.2000,3030.0000,1,1,1,1,1,2,1,2,2,1
SF,IH2006,2019-11-07 09:31:12.600,3024.0000,896,0,10881600.000,0,-,-,-,-,3024.0000,3023.8000,3023.6000,3022.8000,3022.4000,3027.8000,3028.0000,3028.2000,3028.4000,3029.2000,1,1,1,1,1,1,2,1,2,2
SF,IH2006,2019-11-07 09:31:13.100,3024.0000,896,0,10881600.000,0,-,-,-,-,3024.0000,3023.6000,3022.8000,3022.4000,3021.8000,3027.6000,3027.8000,3028.0000,3028.2000,3028.4000,1,1,1,1,1,1,1,1,1,2
SF,IH2006,2019-11-07 09:31:13.600,3024.0000,896,0,10881600.000,0,-,-,-,-,3024.0000,3023.6000,3022.8000,3022.4000,3021.8000,3027.4000,3027.6000,3027.8000,3028.0000,3028.2000,1,1,1,1,1,2,1,1,1,1
SF,IH2006,2019-11-07 09:31:14.100,3024.0000,896,0,10881600.000,0,-,-,-,-,3024.0000,3023.6000,3022.8000,3022.4000,3021.8000,3027.2000,3027.4000,3027.6000,3027.8000,3028.0000,1,1,1,1,1,1,2,1,1,1
SF,IH2006,2019-11-07 09:31:14.600,3024.0000,896,0,10881600.000,0,-,-,-,-,3023.6000,3022.8000,3022.4000,3021.8000,3018.8000,3027.2000,3027.4000,3027.6000,3027.8000,3028.0000,1,1,1,1,1,1,1,1,1,1
SF,IH2006,2019-11-07 09:31:15.100,3024.0000,896,0,10881600.000,0,-,-,-,-,3023.8000,3023.6000,3022.8000,3022.4000,3021.8000,3027.2000,3027.4000,3027.6000,3027.8000,3028.0000,1,1,1,1,1,1,1,1,1,1
SF,IH2006,2019-11-07 09:31:15.600,3024.0000,896,0,10881600.000,0,-,-,-,-,3023.8000,3023.6000,3022.8000,3022.4000,3021.8000,3027.0000,3027.2000,3027.4000,3027.6000,3027.8000,1,1,1,1,1,1,1,1,1,1
SF,IH2006,2019-11-07 09:31:16.100,3024.0000,896,0,10881600.000,0,-,-,-,-,3023.8000,3023.6000,3022.8000,3022.4000,3021.8000,3027.0000,3027.2000,3027.6000,3027.8000,3028.0000,1,1,1,1,1,1,1,1,1,1
SF,IH2006,2019-11-07 09:31:17.100,3024.0000,896,0,10881600.000,0,-,-,-,-,3024.0000,3023.8000,3023.6000,3022.8000,3022.4000,3027.0000,3028.0000,3028.2000,3028.4000,3029.2000,1,1,1,1,1,1,1,1,2,2
SF,IH2006,2019-11-07 09:31:17.600,3024.0000,896,0,10881600.000,0,-,-,-,-,3024.2000,3024.0000,3023.6000,3022.8000,3022.4000,3028.0000,3028.2000,3028.4000,3029.2000,3030.0000,1,1,1,1,1,1,1,2,2,1
SF,IH2006,2019-11-07 09:31:18.100,3024.0000,896,0,10881600.000,0,-,-,-,-,3024.4000,3024.2000,3024.0000,3023.6000,3022.8000,3028.0000,3028.2000,3028.4000,3029.2000,3030.0000,2,1,1,1,1,1,1,2,2,1
SF,IH2006,2019-11-07 09:31:18.600,3024.0000,896,0,10881600.000,0,-,-,-,-,3024.8000,3024.4000,3024.0000,3023.6000,3022.8000,3027.8000,3028.0000,3028.2000,3028.4000,3029.2000,1,2,1,1,1,1,1,1,2,2
SF,IH2006,2019-11-07 09:31:19.100,3024.0000,896,0,10881600.000,0,-,-,-,-,3025.0000,3024.8000,3024.4000,3024.0000,3023.6000,3027.8000,3028.0000,3028.4000,3029.2000,3030.0000,1,1,1,1,1,1,1,2,2,1
SF,IH2006,2019-11-07 09:31:20.100,3024.0000,896,0,10881600.000,0,-,-,-,-,3025.0000,3024.8000,3024.4000,3024.0000,3023.6000,3027.8000,3029.2000,3030.0000,3032.4000,3033.6000,1,1,1,1,1,1,2,1,5,1
SF,IH2006,2019-11-07 09:31:20.600,3024.0000,896,0,10881600.000,0,-,-,-,-,3025.2000,3025.0000,3024.8000,3024.4000,3024.0000,3027.8000,3029.2000,3030.0000,3032.4000,3033.6000,1,1,1,1,1,1,2,1,5,1
SF,IH2006,2019-11-07 09:31:21.100,3024.0000,896,0,10881600.000,0,-,-,-,-,3025.4000,3025.2000,3025.0000,3024.8000,3024.4000,3027.8000,3029.2000,3030.0000,3032.4000,3033.6000,1,1,1,1,1,1,2,1,5,1
SF,IH2006,2019-11-07 09:31:21.600,3024.0000,896,0,10881600.000,0,-,-,-,-,3025.4000,3025.0000,3024.8000,3024.4000,3024.0000,3027.8000,3029.2000,3030.0000,3032.4000,3033.6000,1,1,1,1,1,1,2,1,5,1
SF,IH2006,2019-11-07 09:31:22.100,3024.0000,896,0,10881600.000,0,-,-,-,-,3025.6000,3025.4000,3025.0000,3024.4000,3024.0000,3030.0000,3032.4000,3033.6000,3035.0000,3036.0000,2,1,1,1,1,1,5,1,2,1
SF,IH2006,2019-11-07 09:31:22.600,3024.0000,896,0,10881600.000,0,-,-,-,-,3025.6000,3025.4000,3025.0000,3024.4000,3024.0000,3029.8000,3030.0000,3032.4000,3033.6000,3035.0000,2,1,1,1,1,2,1,5,1,2
SF,IH2006,2019-11-07 09:31:23.100,3024.0000,896,0,10881600.000,0,-,-,-,-,3025.6000,3025.4000,3025.0000,3024.4000,3024.0000,3029.6000,3029.8000,3030.0000,3032.4000,3033.6000,2,1,1,1,1,1,1,1,5,1
SF,IH2006,2019-11-07 09:31:23.600,3024.0000,896,0,10881600.000,0,-,-,-,-,3025.8000,3025.6000,3025.4000,3025.0000,3024.4000,3028.6000,3029.6000,3029.8000,3030.0000,3032.4000,1,2,1,1,1,1,1,1,1,5
SF,IH2006,2019-11-07 09:31:24.100,3024.0000,896,0,10881600.000,0,-,-,-,-,3025.8000,3025.6000,3025.4000,3025.0000,3024.4000,3028.6000,3029.6000,3029.8000,3030.0000,3032.4000,1,1,1,1,1,1,1,1,1,5
SF,IH2006,2019-11-07 09:31:24.600,3024.0000,896,0,10881600.000,0,-,-,-,-,3026.4000,3025.8000,3025.6000,3025.4000,3025.0000,3028.6000,3029.6000,3030.0000,3032.4000,3033.6000,1,1,1,1,1,1,1,1,5,1
SF,IH2006,2019-11-07 09:31:26.100,3024.0000,896,0,10881600.000,0,-,-,-,-,3026.4000,3025.8000,3025.4000,3025.0000,3024.4000,3028.6000,3029.6000,3030.0000,3032.4000,3033.6000,1,1,1,1,1,1,1,1,5,1
SF,IH2006,2019-11-07 09:31:26.600,3024.0000,896,0,10881600.000,0,-,-,-,-,3025.8000,3025.4000,3025.0000,3024.4000,3024.0000,3028.6000,3029.6000,3030.0000,3032.4000,3033.6000,1,1,1,1,1,1,1,1,5,1
SF,IH2006,2019-11-07 09:31:28.100,3024.0000,896,0,10881600.000,0,-,-,-,-,3025.4000,3025.0000,3024.4000,3024.0000,3021.0000,3028.6000,3029.6000,3030.0000,3032.4000,3033.6000,1,1,1,1,5,1,1,1,5,1
SF,IH2006,2019-11-07 09:31:28.600,3024.0000,896,0,10881600.000,0,-,-,-,-,3025.6000,3025.4000,3025.0000,3024.4000,3024.0000,3028.6000,3029.6000,3030.0000,3032.4000,3033.6000,1,1,1,1,1,1,1,1,5,1
SF,IH2006,2019-11-07 09:31:29.600,3024.0000,896,0,10881600.000,0,-,-,-,-,3025.6000,3025.4000,3025.0000,3024.4000,3024.0000,3028.6000,3029.6000,3030.0000,3032.4000,3033.6000,1,1,1,1,1,1,1,1,5,1
SF,IH2006,2019-11-07 09:31:30.100,3024.0000,896,0,10881600.000,0,-,-,-,-,3025.8000,3025.6000,3025.4000,3025.0000,3024.4000,3028.6000,3029.6000,3030.0000,3032.4000,3033.6000,1,1,1,1,1,1,1,1,5,1
SF,IH2006,2019-11-07 09:31:30.600,3024.0000,896,0,10881600.000,0,-,-,-,-,3025.8000,3025.4000,3025.0000,3024.4000,3024.0000,3028.6000,3029.6000,3030.0000,3032.4000,3033.6000,1,1,1,1,1,1,1,1,5,1
SF,IH2006,2019-11-07 09:31:31.100,3024.0000,896,0,10881600.000,0,-,-,-,-,3026.0000,3025.8000,3025.4000,3025.0000,3024.4000,3028.6000,3029.6000,3030.0000,3032.4000,3033.6000,1,1,1,1,1,1,1,1,5,1
SF,IH2006,2019-11-07 09:31:32.600,3024.0000,896,0,10881600.000,0,-,-,-,-,3026.2000,3026.0000,3025.8000,3025.4000,3025.0000,3028.6000,3029.6000,3030.0000,3032.4000,3033.6000,2,1,1,1,1,1,1,1,5,1
SF,IH2006,2019-11-07 09:31:33.100,3024.0000,896,0,10881600.000,0,-,-,-,-,3026.2000,3025.8000,3025.4000,3025.0000,3024.4000,3028.6000,3029.6000,3030.0000,3032.4000,3033.6000,1,1,1,1,1,1,1,1,5,1
SF,IH2006,2019-11-07 09:31:33.600,3024.0000,896,0,10881600.000,0,-,-,-,-,3026.4000,3026.2000,3025.8000,3025.4000,3025.0000,3028.6000,3029.6000,3030.0000,3032.4000,3033.6000,1,1,1,1,1,1,1,1,5,1
SF,IH2006,2019-11-07 09:31:34.100,3024.0000,896,0,10881600.000,0,-,-,-,-,3026.4000,3026.2000,3025.8000,3025.4000,3025.0000,3030.0000,3032.4000,3033.6000,3035.0000,3036.0000,1,1,1,1,1,1,5,1,2,1
SF,IH2006,2019-11-07 09:31:34.600,3024.0000,896,0,10881600.000,0,-,-,-,-,3026.4000,3026.2000,3025.8000,3025.4000,3025.0000,3029.2000,3030.0000,3032.4000,3033.6000,3035.0000,1,1,1,1,1,1,1,5,1,2
SF,IH2006,2019-11-07 09:31:35.100,3024.0000,896,0,10881600.000,0,-,-,-,-,3026.6000,3026.4000,3025.8000,3025.4000,3025.0000,3029.2000,3030.0000,3032.4000,3033.6000,3035.0000,1,1,1,1,1,1,1,5,1,2
SF,IH2006,2019-11-07 09:31:35.600,3024.0000,896,0,10881600.000,0,-,-,-,-,3026.6000,3025.8000,3025.4000,3025.0000,3024.4000,3029.2000,3030.0000,3032.4000,3033.6000,3035.0000,1,1,1,1,1,1,1,5,1,2
SF,IH2006,2019-11-07 09:31:36.100,3024.0000,896,0,10881600.000,0,-,-,-,-,3027.2000,3026.6000,3025.8000,3025.4000,3025.0000,3030.0000,3032.4000,3033.6000,3035.0000,3036.0000,1,1,1,1,1,1,5,1,2,1
SF,IH2006,2019-11-07 09:31:36.600,3024.0000,896,0,10881600.000,0,-,-,-,-,3027.2000,3026.6000,3025.8000,3025.4000,3025.0000,3029.6000,3030.0000,3032.4000,3033.6000,3035.0000,1,1,1,1,1,1,1,5,1,2
SF,IH2006,2019-11-07 09:31:37.600,3024.0000,896,0,10881600.000,0,-,-,-,-,3027.2000,3025.8000,3025.4000,3025.0000,3024.4000,3029.6000,3030.0000,3032.4000,3033.6000,3035.0000,1,1,1,1,1,1,1,5,1,2
SF,IH2006,2019-11-07 09:31:38.100,3024.0000,896,0,10881600.000,0,-,-,-,-,3025.8000,3025.4000,3025.0000,3024.4000,3021.0000,3029.4000,3029.6000,3030.0000,3032.4000,3033.6000,1,1,1,1,5,1,1,1,5,1
SF,IH2006,2019-11-07 09:31:38.600,3024.0000,896,0,10881600.000,0,-,-,-,-,3026.6000,3025.8000,3025.4000,3025.0000,3024.4000,3029.4000,3030.0000,3032.4000,3033.6000,3035.0000,1,1,1,1,1,1,1,5,1,2
SF,IH2006,2019-11-07 09:31:39.100,3024.0000,896,0,10881600.000,0,-,-,-,-,3026.6000,3025.8000,3025.4000,3025.0000,3024.4000,3029.2000,3029.4000,3030.0000,3032.4000,3033.6000,1,1,1,1,1,1,1,1,5,1
SF,IH2006,2019-11-07 09:31:42.600,3024.0000,896,0,10881600.000,0,-,-,-,-,3026.6000,3025.8000,3025.4000,3025.0000,3024.4000,3029.0000,3029.2000,3029.4000,3030.0000,3032.4000,1,1,1,1,1,1,1,1,1,5
SF,IH2006,2019-11-07 09:31:43.100,3024.0000,896,0,10881600.000,0,-,-,-,-,3026.6000,3025.8000,3025.4000,3025.0000,3024.4000,3029.0000,3029.4000,3030.0000,3032.4000,3033.6000,1,1,1,1,1,1,1,1,5,1
SF,IH2006,2019-11-07 09:31:43.600,3024.0000,896,0,10881600.000,0,-,-,-,-,3026.6000,3025.8000,3025.4000,3025.0000,3024.4000,3028.8000,3029.0000,3029.4000,3030.0000,3032.4000,1,1,1,1,1,1,1,1,1,5
SF,IH2006,2019-11-07 09:31:52.600,3024.0000,896,0,10881600.000,0,-,-,-,-,3026.6000,3025.8000,3025.4000,3025.0000,3024.4000,3028.8000,3029.0000,3029.4000,3030.0000,3032.4000,2,1,1,1,1,1,1,1,1,5
SF,IH2006,2019-11-07 09:31:57.100,3024.0000,896,0,10881600.000,0,-,-,-,-,3026.6000,3025.8000,3025.4000,3025.0000,3024.4000,3028.8000,3029.0000,3029.4000,3030.0000,3032.4000,2,1,1,1,1,1,1,1,1,5
SF,IH2006,2019-11-07 09:31:59.100,3024.0000,896,0,10881600.000,0,-,-,-,-,3026.6000,3025.4000,3025.0000,3024.4000,3021.0000,3028.6000,3028.8000,3029.0000,3029.4000,3030.0000,2,1,1,1,5,1,1,1,1,1
SF,IH2006,2019-11-07 09:31:59.600,3024.0000,896,0,10881600.000,0,-,-,-,-,3026.6000,3025.0000,3024.4000,3018.8000,3018.0000,3028.4000,3028.6000,3029.0000,3029.4000,3030.0000,1,1,1,1,1,1,1,1,1,1
SF,IH2006,2019-11-07 09:32:00.100,3024.0000,896,0,10881600.000,0,-,-,-,-,3026.6000,3024.4000,3018.8000,3018.0000,3017.2000,3027.6000,3028.2000,3028.4000,3028.6000,3029.0000,1,1,1,1,5,1,1,1,1,1
SF,IH2006,2019-11-07 09:32:00.600,3026.6000,896,0,11789580.000,1,0,1,多换,S,3024.4000,3018.8000,3018.0000,3017.2000,3003.8000,3026.6000,3027.4000,3027.6000,3028.2000,3028.4000,1,1,1,5,1,1,1,1,1,1
SF,IH2006,2019-11-07 09:32:01.100,3026.6000,896,0,11789580.000,0,-,-,-,-,3024.8000,3024.4000,3018.8000,3018.0000,3017.2000,3026.6000,3027.4000,3028.2000,3028.4000,3028.6000,1,1,1,1,5,1,1,1,1,1
SF,IH2006,2019-11-07 09:32:01.600,3026.6000,896,0,11789580.000,0,-,-,-,-,3024.8000,3018.8000,3018.0000,3017.2000,3003.8000,3026.6000,3027.4000,3028.2000,3028.4000,3028.6000,1,1,1,5,1,1,1,1,1,1
SF,IH2006,2019-11-07 09:32:02.100,3026.6000,896,0,11789580.000,0,-,-,-,-,3024.8000,3020.6000,3018.8000,3018.0000,3017.2000,3026.6000,3027.4000,3028.2000,3028.4000,3028.6000,1,1,1,1,5,1,1,1,1,1
SF,IH2006,2019-11-07 09:32:02.600,3026.6000,896,0,11789580.000,0,-,-,-,-,3024.8000,3020.6000,3018.8000,3018.0000,3017.2000,3027.4000,3028.2000,3028.4000,3028.6000,3030.0000,1,1,1,1,5,1,1,1,1,1
SF,IH2006,2019-11-07 09:32:04.600,3026.6000,896,0,11789580.000,0,-,-,-,-,3025.0000,3024.8000,3020.6000,3018.8000,3018.0000,3027.4000,3028.2000,3028.4000,3028.6000,3030.0000,1,1,1,1,1,1,1,1,1,1
SF,IH2006,2019-11-07 09:32:05.100,3026.6000,896,0,11789580.000,0,-,-,-,-,3025.0000,3020.6000,3018.8000,3018.0000,3017.2000,3027.4000,3028.2000,3028.6000,3030.0000,3032.4000,1,1,1,1,5,1,1,1,1,5
SF,IH2006,2019-11-07 09:32:05.600,3026.6000,896,0,11789580.000,0,-,-,-,-,3025.2000,3025.0000,3020.6000,3018.8000,3018.0000,3027.4000,3028.2000,3028.6000,3030.0000,3032.4000,1,1,1,1,1,1,1,1,1,5
SF,IH2006,2019-11-07 09:32:06.100,3026.6000,896,0,11789580.000,0,-,-,-,-,3025.2000,3025.0000,3020.6000,3018.8000,3018.0000,3028.6000,3030.0000,3032.4000,3033.6000,3035.0000,1,1,1,1,1,1,1,5,1,2
SF,IH2006,2019-11-07 09:32:06.600,3026.6000,896,0,11789580.000,0,-,-,-,-,3025.2000,3025.0000,3020.6000,3018.8000,3018.0000,3028.0000,3028.6000,3030.0000,3032.4000,3033.6000,1,1,1,1,1,1,1,1,5,1
SF,IH2006,2019-11-07 09:32:07.600,3026.6000,896,0,11789580.000,0,-,-,-,-,3025.2000,3020.6000,3018.8000,3018.0000,3017.2000,3028.0000,3028.6000,3030.0000,3032.4000,3033.6000,1,1,1,1,5,1,1,1,5,1
SF,IH2006,2019-11-07 09:32:10.100,3026.6000,896,0,11789580.000,0,-,-,-,-,3025.2000,3020.6000,3018.8000,3018.0000,3017.2000,3027.8000,3028.0000,3028.6000,3030.0000,3032.4000,1,1,1,1,5,1,1,1,1,5
SF,IH2006,2019-11-07 09:32:10.600,3026.6000,896,0,11789580.000,0,-,-,-,-,3025.2000,3020.6000,3018.8000,3018.0000,3017.2000,3027.8000,3028.6000,3030.0000,3032.4000,3033.6000,1,1,1,1,5,1,1,1,5,1
SF,IH2006,2019-11-07 09:32:11.100,3026.6000,896,0,11789580.000,0,-,-,-,-,3025.2000,3020.6000,3018.8000,3018.0000,3017.2000,3027.4000,3027.8000,3028.6000,3030.0000,3032.4000,1,1,1,1,5,1,1,1,1,5
SF,IH2006,2019-11-07 09:32:13.100,3025.2000,895,-1,12697140.000,1,0,1,双平,S,3020.6000,3018.8000,3018.0000,3017.2000,3003.8000,3027.4000,3027.8000,3028.6000,3030.0000,3032.4000,1,1,1,5,1,1,1,1,1,5
SF,IH2006,2019-11-07 09:32:13.600,3025.2000,895,0,12697140.000,0,-,-,-,-,3024.0000,3021.0000,3020.8000,3020.6000,3018.8000,3027.4000,3027.8000,3028.6000,3030.0000,3032.4000,1,3,1,1,1,1,1,1,1,5
SF,IH2006,2019-11-07 09:32:14.100,3025.2000,895,0,12697140.000,0,-,-,-,-,3024.8000,3024.2000,3024.0000,3021.0000,3020.8000,3027.4000,3027.8000,3028.6000,3030.0000,3032.4000,1,1,1,3,1,1,1,1,1,5
SF,IH2006,2019-11-07 09:32:14.600,3025.2000,895,0,12697140.000,0,-,-,-,-,3025.0000,3024.8000,3024.2000,3020.8000,3020.6000,3027.4000,3027.8000,3028.6000,3030.0000,3032.4000,1,1,1,1,1,1,1,1,1,5
SF,IH2006,2019-11-07 09:32:15.100,3025.2000,895,0,12697140.000,0,-,-,-,-,3024.8000,3024.2000,3020.8000,3020.6000,3018.8000,3027.4000,3027.8000,3028.6000,3030.0000,3032.4000,1,1,1,1,1,1,1,1,1,5
SF,IH2006,2019-11-07 09:32:15.600,3025.2000,895,0,12697140.000,0,-,-,-,-,3025.2000,3024.2000,3020.8000,3020.6000,3018.8000,3027.4000,3027.8000,3028.6000,3030.0000,3032.4000,1,1,1,1,1,1,1,1,1,5
SF,IH2006,2019-11-07 09:32:26.100,3025.2000,895,0,12697140.000,0,-,-,-,-,3024.2000,3020.8000,3020.6000,3018.8000,3018.0000,3027.4000,3027.8000,3028.6000,3030.0000,3032.4000,1,1,1,1,1,1,1,1,1,5
SF,IH2006,2019-11-07 09:32:27.600,3025.2000,895,0,12697140.000,0,-,-,-,-,3024.4000,3024.2000,3020.8000,3020.6000,3018.8000,3027.4000,3027.8000,3028.6000,3030.0000,3032.4000,1,1,1,1,1,1,1,1,1,5
SF,IH2006,2019-11-07 09:32:28.100,3025.2000,895,0,12697140.000,0,-,-,-,-,3024.6000,3024.4000,3024.2000,3020.8000,3020.6000,3027.4000,3027.8000,3028.6000,3030.0000,3032.4000,1,1,1,1,1,1,1,1,1,5
SF,IH2006,2019-11-07 09:32:32.100,3027.4000,895,0,13605360.000,1,0,1,多换,S,3025.2000,3024.6000,3024.2000,3020.8000,3020.6000,3027.8000,3028.6000,3030.0000,3032.4000,3033.6000,1,1,1,1,1,1,1,1,5,1
SF,IH2006,2019-11-07 09:32:32.600,3027.4000,895,0,13605360.000,0,-,-,-,-,3025.4000,3025.2000,3024.6000,3024.2000,3020.8000,3028.6000,3030.0000,3032.4000,3033.6000,3035.0000,1,1,1,1,1,1,1,5,1,2
SF,IH2006,2019-11-07 09:32:33.600,3027.4000,895,0,13605360.000,0,-,-,-,-,3025.8000,3025.4000,3024.6000,3024.2000,3020.8000,3028.6000,3030.0000,3032.4000,3033.6000,3035.0000,1,1,1,1,1,1,1,5,1,2
SF,IH2006,2019-11-07 09:32:37.100,3027.4000,895,0,13605360.000,0,-,-,-,-,3025.8000,3024.6000,3024.2000,3020.8000,3020.6000,3028.6000,3030.0000,3032.4000,3033.6000,3035.0000,1,1,1,1,1,1,1,5,1,2
SF,IH2006,2019-11-07 09:32:38.100,3028.6000,895,0,14513940.000,1,0,1,多换,S,3025.8000,3024.6000,3024.2000,3020.8000,3020.6000,3028.4000,3030.0000,3032.4000,3033.6000,3035.0000,1,1,1,1,1,1,1,5,1,2
SF,IH2006,2019-11-07 09:32:38.600,3028.6000,895,0,14513940.000,0,-,-,-,-,3026.0000,3025.8000,3024.6000,3024.2000,3020.8000,3028.4000,3030.0000,3032.4000,3033.6000,3035.0000,1,1,1,1,1,1,1,5,1,2
SF,IH2006,2019-11-07 09:32:41.100,3028.6000,895,0,14513940.000,0,-,-,-,-,3026.0000,3024.6000,3024.2000,3020.8000,3020.6000,3028.4000,3030.0000,3032.4000,3033.6000,3035.0000,1,1,1,1,1,1,1,5,1,2
SF,IH2006,2019-11-07 09:32:42.100,3028.4000,895,0,15422460.000,1,0,1,多换,S,3026.0000,3024.6000,3024.2000,3020.8000,3020.6000,3030.0000,3032.4000,3033.6000,3035.0000,3036.0000,1,1,1,1,1,1,5,1,2,1
SF,IH2006,2019-11-07 09:32:42.600,3028.4000,895,0,15422460.000,0,-,-,-,-,3026.0000,3024.6000,3024.2000,3020.8000,3020.6000,3029.8000,3030.0000,3032.4000,3033.6000,3035.0000,1,1,1,1,1,2,1,5,1,2
SF,IH2006,2019-11-07 09:32:46.600,3028.4000,895,0,15422460.000,0,-,-,-,-,3026.0000,3024.6000,3024.2000,3020.8000,3020.6000,3029.6000,3029.8000,3030.0000,3032.4000,3033.6000,1,1,1,1,1,1,2,1,5,1
SF,IH2006,2019-11-07 09:32:47.100,3028.4000,895,0,15422460.000,0,-,-,-,-,3026.0000,3024.6000,3024.2000,3020.8000,3020.6000,3029.4000,3029.6000,3029.8000,3030.0000,3032.4000,1,1,1,1,1,3,1,1,1,5
SF,IH2006,2019-11-07 09:32:48.100,3028.4000,895,0,15422460.000,0,-,-,-,-,3026.0000,3024.6000,3024.2000,3020.8000,3020.6000,3029.2000,3029.4000,3029.8000,3030.0000,3032.4000,1,1,1,1,1,1,3,1,1,5
SF,IH2006,2019-11-07 09:32:48.600,3028.4000,895,0,15422460.000,0,-,-,-,-,3026.0000,3024.6000,3024.2000,3020.8000,3020.6000,3029.0000,3029.2000,3029.4000,3029.8000,3030.0000,1,1,1,1,1,2,1,2,1,1
SF,IH2006,2019-11-07 09:32:50.100,3028.4000,895,0,15422460.000,0,-,-,-,-,3026.0000,3024.6000,3024.2000,3020.8000,3020.6000,3028.8000,3029.0000,3029.4000,3029.8000,3030.0000,1,1,1,1,1,1,2,2,1,1
SF,IH2006,2019-11-07 09:32:50.600,3028.4000,895,0,15422460.000,0,-,-,-,-,3026.0000,3024.6000,3024.2000,3020.8000,3020.6000,3028.6000,3028.8000,3029.0000,3029.4000,3029.8000,1,1,1,1,1,2,1,1,2,1
SF,IH2006,2019-11-07 09:32:52.100,3028.4000,895,0,15422460.000,0,-,-,-,-,3026.0000,3024.6000,3024.2000,3020.8000,3020.6000,3028.4000,3028.6000,3029.0000,3029.4000,3029.8000,1,1,1,1,1,1,2,1,2,1
SF,IH2006,2019-11-07 09:32:52.600,3026.0000,895,0,16330260.000,1,0,1,多换,S,3024.6000,3024.2000,3020.8000,3020.6000,3018.8000,3028.2000,3028.4000,3028.6000,3029.0000,3029.4000,1,1,1,1,1,1,1,1,1,2
SF,IH2006,2019-11-07 09:32:53.600,3026.0000,895,0,16330260.000,0,-,-,-,-,3024.6000,3024.2000,3020.8000,3020.6000,3018.8000,3028.2000,3028.6000,3029.0000,3029.4000,3029.8000,1,1,1,1,1,1,1,1,2,1
SF,IH2006,2019-11-07 09:32:54.100,3026.0000,895,0,16330260.000,0,-,-,-,-,3024.6000,3024.2000,3020.8000,3020.6000,3018.8000,3028.0000,3028.2000,3028.6000,3029.0000,3029.4000,1,1,1,1,1,2,1,1,1,2
SF,IH2006,2019-11-07 09:32:54.600,3026.0000,895,0,16330260.000,0,-,-,-,-,3024.6000,3024.2000,3020.8000,3020.6000,3018.8000,3027.8000,3028.2000,3028.6000,3029.0000,3029.4000,1,1,1,1,1,1,1,1,1,2
SF,IH2006,2019-11-07 09:32:55.100,3026.0000,895,0,16330260.000,0,-,-,-,-,3024.6000,3024.2000,3020.8000,3020.6000,3018.8000,3028.2000,3028.6000,3029.0000,3029.4000,3029.8000,1,1,1,1,1,1,1,1,2,1
SF,IH2006,2019-11-07 09:32:55.600,3026.0000,895,0,16330260.000,0,-,-,-,-,3024.6000,3024.2000,3020.8000,3020.6000,3018.8000,3028.0000,3028.2000,3028.6000,3029.0000,3029.4000,1,1,1,1,1,1,1,1,1,2
SF,IH2006,2019-11-07 09:32:56.100,3026.0000,895,0,16330260.000,0,-,-,-,-,3024.6000,3024.2000,3020.8000,3020.6000,3018.8000,3027.8000,3028.0000,3028.2000,3028.6000,3029.0000,1,1,1,1,1,1,1,1,1,1
SF,IH2006,2019-11-07 09:32:57.100,3026.0000,895,0,16330260.000,0,-,-,-,-,3024.6000,3024.2000,3020.8000,3020.6000,3018.8000,3027.6000,3027.8000,3028.0000,3028.2000,3028.6000,1,1,1,1,1,1,1,1,1,1
SF,IH2006,2019-11-07 09:32:57.600,3026.0000,895,0,16330260.000,0,-,-,-,-,3024.6000,3024.2000,3020.8000,3020.6000,3018.8000,3027.4000,3027.8000,3028.0000,3028.6000,3029.0000,1,1,1,1,1,1,1,1,1,1
SF,IH2006,2019-11-07 09:32:58.100,3026.0000,895,0,16330260.000,0,-,-,-,-,3025.2000,3024.6000,3024.2000,3020.8000,3020.6000,3027.8000,3028.6000,3029.0000,3029.4000,3029.8000,1,1,1,1,1,1,1,1,2,1
SF,IH2006,2019-11-07 09:32:58.600,3026.0000,895,0,16330260.000,0,-,-,-,-,3025.4000,3025.2000,3024.6000,3024.2000,3020.8000,3027.8000,3028.6000,3029.0000,3029.4000,3029.8000,1,1,1,1,1,1,1,1,2,1
SF,IH2006,2019-11-07 09:32:59.100,3026.0000,895,0,16330260.000,0,-,-,-,-,3025.4000,3025.2000,3024.6000,3024.2000,3020.8000,3028.6000,3029.0000,3029.4000,3029.8000,3030.0000,1,1,1,1,1,1,1,2,1,1
SF,IH2006,2019-11-07 09:32:59.600,3026.0000,895,0,16330260.000,0,-,-,-,-,3025.4000,3025.2000,3024.6000,3024.2000,3020.8000,3028.4000,3028.6000,3029.0000,3029.4000,3029.8000,1,1,1,1,1,2,1,1,2,1
SF,IH2006,2019-11-07 09:33:00.100,3026.0000,895,0,16330260.000,0,-,-,-,-,3025.4000,3024.6000,3024.2000,3020.8000,3020.6000,3028.2000,3028.4000,3028.6000,3029.0000,3029.4000,1,1,1,1,1,1,2,1,1,2
SF,IH2006,2019-11-07 09:33:02.600,3026.0000,895,0,16330260.000,0,-,-,-,-,3025.4000,3024.6000,3024.2000,3020.8000,3020.6000,3028.0000,3028.2000,3028.4000,3028.6000,3029.0000,1,1,1,1,1,1,1,2,1,1
SF,IH2006,2019-11-07 09:33:03.100,3026.0000,895,0,16330260.000,0,-,-,-,-,3025.4000,3024.6000,3024.2000,3020.8000,3020.6000,3027.8000,3028.0000,3028.2000,3028.4000,3028.6000,1,1,1,1,1,1,1,1,2,1
SF,IH2006,2019-11-07 09:33:04.100,3026.0000,895,0,16330260.000,0,-,-,-,-,3025.4000,3024.6000,3024.2000,3020.8000,3020.6000,3028.2000,3028.4000,3028.6000,3029.0000,3029.4000,1,1,1,1,1,1,2,1,1,2
SF,IH2006,2019-11-07 09:33:04.600,3025.4000,894,-1,17237880.000,1,0,1,双平,S,3024.6000,3024.2000,3020.8000,3020.6000,3018.8000,3027.8000,3028.2000,3028.4000,3028.6000,3029.0000,1,1,1,1,1,1,1,2,1,1
SF,IH2006,2019-11-07 09:33:05.100,3025.4000,894,0,17237880.000,0,-,-,-,-,3025.0000,3024.2000,3020.8000,3020.6000,3018.8000,3027.8000,3028.2000,3028.4000,3028.6000,3029.0000,1,1,1,1,1,1,1,2,1,1
SF,IH2006,2019-11-07 09:33:07.100,3025.4000,894,0,17237880.000,0,-,-,-,-,3025.0000,3024.2000,3020.8000,3020.6000,3018.8000,3027.8000,3028.2000,3028.6000,3029.0000,3029.4000,1,1,1,1,1,1,1,1,1,2
SF,IH2006,2019-11-07 09:33:07.600,3025.4000,894,0,17237880.000,0,-,-,-,-,3025.2000,3025.0000,3024.2000,3020.8000,3020.6000,3027.8000,3028.2000,3028.6000,3029.0000,3029.4000,1,1,1,1,1,1,1,1,1,2
SF,IH2006,2019-11-07 09:33:08.100,3025.4000,894,0,17237880.000,0,-,-,-,-,3026.0000,3025.4000,3025.2000,3024.2000,3020.8000,3029.0000,3029.4000,3029.8000,3030.0000,3032.4000,1,1,1,1,1,1,2,1,1,5
SF,IH2006,2019-11-07 09:33:08.600,3025.4000,894,0,17237880.000,0,-,-,-,-,3026.0000,3025.4000,3025.2000,3024.2000,3020.8000,3028.8000,3029.4000,3029.8000,3030.0000,3032.4000,1,1,1,1,1,1,2,1,1,5
SF,IH2006,2019-11-07 09:33:09.100,3025.4000,894,0,17237880.000,0,-,-,-,-,3026.0000,3025.2000,3024.2000,3020.8000,3020.6000,3028.6000,3028.8000,3029.4000,3029.8000,3030.0000,1,1,1,1,1,1,1,2,1,1
SF,IH2006,2019-11-07 09:33:09.600,3025.4000,894,0,17237880.000,0,-,-,-,-,3026.0000,3025.2000,3024.2000,3020.8000,3020.6000,3028.6000,3029.4000,3029.8000,3030.0000,3032.4000,1,1,1,1,1,1,2,1,1,5
SF,IH2006,2019-11-07 09:33:10.100,3025.4000,894,0,17237880.000,0,-,-,-,-,3026.0000,3025.2000,3024.2000,3020.8000,3020.6000,3028.4000,3028.6000,3029.4000,3029.8000,3030.0000,1,1,1,1,1,1,1,2,1,1
SF,IH2006,2019-11-07 09:33:11.600,3025.4000,894,0,17237880.000,0,-,-,-,-,3026.0000,3025.2000,3024.2000,3020.8000,3020.6000,3028.2000,3028.4000,3028.6000,3029.4000,3029.8000,1,1,1,1,1,1,1,1,2,1
SF,IH2006,2019-11-07 09:33:12.100,3025.4000,894,0,17237880.000,0,-,-,-,-,3026.0000,3025.2000,3024.2000,3020.8000,3020.6000,3028.2000,3028.6000,3029.4000,3029.8000,3030.0000,1,1,1,1,1,1,1,2,1,1
SF,IH2006,2019-11-07 09:33:16.600,3025.4000,894,0,17237880.000,0,-,-,-,-,3026.0000,3025.2000,3024.2000,3020.8000,3020.6000,3028.0000,3028.2000,3028.6000,3029.4000,3029.8000,1,1,1,1,1,1,1,1,2,1
SF,IH2006,2019-11-07 09:33:17.100,3025.4000,894,0,17237880.000,0,-,-,-,-,3025.2000,3024.2000,3020.8000,3020.6000,3018.8000,3027.8000,3028.2000,3028.6000,3029.4000,3029.8000,1,1,1,1,1,1,1,1,2,1
SF,IH2006,2019-11-07 09:33:17.600,3025.4000,894,0,17237880.000,0,-,-,-,-,3025.4000,3025.2000,3024.2000,3020.8000,3020.6000,3027.8000,3028.2000,3028.6000,3029.4000,3029.8000,1,1,1,1,1,1,1,1,2,1
SF,IH2006,2019-11-07 09:33:18.100,3025.4000,894,0,17237880.000,0,-,-,-,-,3025.4000,3024.2000,3020.8000,3020.6000,3018.8000,3027.8000,3028.2000,3028.6000,3029.4000,3029.8000,1,1,1,1,1,1,1,1,2,1
SF,IH2006,2019-11-07 09:33:24.600,3025.4000,894,0,17237880.000,0,-,-,-,-,3025.4000,3024.2000,3020.8000,3020.6000,3018.8000,3027.6000,3027.8000,3028.2000,3028.6000,3029.4000,1,1,1,1,1,2,1,1,1,2
SF,IH2006,2019-11-07 09:33:25.100,3025.4000,894,0,17237880.000,0,-,-,-,-,3024.2000,3020.8000,3020.6000,3018.8000,3018.0000,3027.2000,3027.4000,3027.6000,3027.8000,3028.2000,1,1,1,1,1,1,1,2,1,1
SF,IH2006,2019-11-07 09:33:25.600,3025.4000,894,0,17237880.000,0,-,-,-,-,3024.4000,3020.8000,3020.6000,3018.8000,3018.0000,3027.0000,3027.2000,3027.4000,3027.6000,3027.8000,1,1,1,1,1,1,1,1,2,1
SF,IH2006,2019-11-07 09:33:26.100,3025.4000,894,0,17237880.000,0,-,-,-,-,3024.4000,3020.8000,3020.6000,3018.8000,3018.0000,3027.0000,3027.4000,3027.6000,3027.8000,3029.4000,1,1,1,1,1,1,1,2,1,2
SF,IH2006,2019-11-07 09:33:27.600,3025.4000,894,0,17237880.000,0,-,-,-,-,3024.4000,3020.8000,3020.6000,3018.8000,3018.0000,3026.8000,3027.0000,3027.4000,3027.6000,3027.8000,1,1,1,1,1,1,1,1,2,1
SF,IH2006,2019-11-07 09:33:28.100,3025.4000,894,0,17237880.000,0,-,-,-,-,3024.4000,3020.8000,3020.6000,3018.8000,3018.0000,3026.6000,3027.0000,3027.4000,3027.6000,3029.4000,1,1,1,1,1,1,1,1,2,2
SF,IH2006,2019-11-07 09:33:28.600,3025.4000,894,0,17237880.000,0,-,-,-,-,3024.4000,3020.8000,3020.6000,3018.8000,3018.0000,3027.0000,3027.4000,3027.6000,3029.4000,3029.8000,1,1,1,1,1,1,1,2,2,1
SF,IH2006,2019-11-07 09:33:30.600,3025.4000,894,0,17237880.000,0,-,-,-,-,3024.4000,3020.8000,3020.6000,3018.8000,3018.0000,3027.0000,3027.4000,3029.4000,3029.8000,3030.0000,1,1,1,1,1,1,1,2,1,1
SF,IH2006,2019-11-07 09:33:31.600,3025.4000,894,0,17237880.000,0,-,-,-,-,3024.4000,3020.8000,3020.6000,3018.8000,3018.0000,3027.0000,3029.4000,3029.8000,3030.0000,3032.4000,1,1,1,1,1,1,2,1,1,5
SF,IH2006,2019-11-07 09:33:32.100,3025.4000,894,0,17237880.000,0,-,-,-,-,3024.6000,3024.4000,3020.8000,3020.6000,3018.8000,3027.0000,3029.4000,3029.8000,3030.0000,3032.4000,1,1,1,1,1,1,2,1,1,5
SF,IH2006,2019-11-07 09:33:32.600,3025.4000,894,0,17237880.000,0,-,-,-,-,3024.8000,3020.8000,3020.6000,3018.8000,3018.0000,3027.0000,3029.4000,3029.8000,3030.0000,3032.4000,1,1,1,1,1,1,2,1,1,5
SF,IH2006,2019-11-07 09:33:49.100,3025.4000,894,0,17237880.000,0,-,-,-,-,3025.0000,3024.8000,3020.8000,3020.6000,3018.8000,3027.0000,3029.4000,3029.8000,3030.0000,3032.4000,1,1,1,1,1,1,2,1,1,5
SF,IH2006,2019-11-07 09:33:49.600,3025.4000,894,0,17237880.000,0,-,-,-,-,3025.0000,3020.8000,3020.6000,3018.8000,3018.0000,3026.8000,3027.0000,3029.4000,3029.8000,3030.0000,1,1,1,1,1,1,1,2,1,1
SF,IH2006,2019-11-07 09:33:50.100,3025.4000,894,0,17237880.000,0,-,-,-,-,3025.0000,3020.8000,3020.6000,3018.8000,3018.0000,3026.6000,3026.8000,3027.0000,3029.4000,3029.8000,1,1,1,1,1,3,1,1,2,1
SF,IH2006,2019-11-07 09:33:50.600,3025.4000,894,0,17237880.000,0,-,-,-,-,3025.0000,3020.8000,3020.6000,3018.8000,3018.0000,3026.4000,3026.6000,3027.0000,3029.4000,3029.8000,1,1,1,1,1,1,3,1,2,1
SF,IH2006,2019-11-07 09:33:51.100,3025.4000,894,0,17237880.000,0,-,-,-,-,3025.0000,3020.8000,3020.6000,3018.8000,3018.0000,3026.2000,3026.4000,3026.6000,3027.0000,3029.4000,1,1,1,1,1,1,1,3,1,2
SF,IH2006,2019-11-07 09:33:51.600,3025.4000,894,0,17237880.000,0,-,-,-,-,3025.0000,3020.8000,3020.6000,3018.8000,3018.0000,3026.2000,3026.6000,3027.0000,3029.4000,3029.8000,1,1,1,1,1,1,3,1,2,1
SF,IH2006,2019-11-07 09:33:52.100,3025.4000,894,0,17237880.000,0,-,-,-,-,3020.8000,3020.6000,3018.8000,3018.0000,3017.2000,3026.2000,3026.6000,3027.0000,3029.4000,3029.8000,1,1,1,1,5,1,3,1,2,1
SF,IH2006,2019-11-07 09:33:52.600,3025.4000,894,0,17237880.000,0,-,-,-,-,3024.4000,3020.8000,3020.6000,3018.8000,3018.0000,3026.6000,3027.0000,3029.4000,3029.8000,3030.0000,1,1,1,1,1,1,1,2,1,1
SF,IH2006,2019-11-07 09:33:54.600,3025.4000,894,0,17237880.000,0,-,-,-,-,3024.6000,3024.4000,3020.8000,3020.6000,3018.8000,3026.6000,3027.0000,3029.4000,3029.8000,3030.0000,1,1,1,1,1,1,1,2,1,1
SF,IH2006,2019-11-07 09:33:55.100,3025.4000,894,0,17237880.000,0,-,-,-,-,3024.8000,3024.6000,3020.8000,3020.6000,3018.8000,3026.6000,3027.0000,3029.4000,3029.8000,3030.0000,1,1,1,1,1,1,1,2,1,1
SF,IH2006,2019-11-07 09:33:56.100,3025.4000,894,0,17237880.000,0,-,-,-,-,3025.2000,3024.8000,3020.8000,3020.6000,3018.8000,3025.4000,3026.6000,3027.0000,3029.4000,3029.8000,1,1,1,1,1,10,1,1,2,1
SF,IH2006,2019-11-07 09:33:56.600,3025.4000,892,-2,19053120.000,2,0,2,双平,S,3025.2000,3020.8000,3020.6000,3018.8000,3018.0000,3025.4000,3026.6000,3027.0000,3029.4000,3029.8000,1,1,1,1,1,8,1,1,2,1
SF,IH2006,2019-11-07 09:33:57.100,3025.4000,891,-1,19960740.000,1,0,1,双平,S,3025.2000,3020.8000,3020.6000,3018.8000,3018.0000,3025.4000,3026.6000,3027.0000,3029.4000,3029.8000,1,1,1,1,1,7,1,1,2,1
SF,IH2006,2019-11-07 09:33:57.600,3025.4000,890,-1,21775980.000,2,0,2,多平,S,3020.8000,3020.6000,3018.8000,3018.0000,3017.2000,3025.4000,3027.0000,3029.4000,3029.8000,3030.0000,1,1,1,1,5,5,1,2,1,1
SF,IH2006,2019-11-07 09:33:58.100,3025.4000,890,0,22683600.000,1,0,1,多换,S,3023.2000,3020.8000,3020.6000,3018.8000,3018.0000,3025.4000,3027.0000,3029.4000,3029.8000,3030.0000,1,1,1,1,1,4,1,2,1,1
SF,IH2006,2019-11-07 09:33:58.600,3025.4000,890,0,22683600.000,0,-,-,-,-,3023.4000,3023.2000,3020.8000,3020.6000,3018.8000,3025.4000,3027.0000,3029.4000,3029.8000,3030.0000,1,1,1,1,1,4,1,2,1,1
SF,IH2006,2019-11-07 09:33:59.100,3025.4000,890,0,22683600.000,0,-,-,-,-,3023.6000,3023.4000,3020.8000,3020.6000,3018.8000,3025.4000,3027.0000,3029.4000,3029.8000,3030.0000,1,1,1,1,1,4,1,2,1,1
SF,IH2006,2019-11-07 09:33:59.600,3025.4000,890,0,22683600.000,0,-,-,-,-,3023.8000,3023.6000,3023.4000,3020.8000,3020.6000,3025.4000,3027.0000,3029.4000,3029.8000,3030.0000,1,1,1,1,1,4,1,2,1,1
SF,IH2006,2019-11-07 09:34:01.100,3025.4000,890,0,22683600.000,0,-,-,-,-,3023.6000,3023.4000,3020.8000,3020.6000,3018.8000,3025.4000,3027.0000,3029.4000,3029.8000,3030.0000,1,1,1,1,1,4,1,2,1,1
SF,IH2006,2019-11-07 09:34:01.600,3025.0000,887,-3,25406100.000,3,0,3,双平,S,3023.8000,3023.6000,3023.4000,3020.8000,3020.6000,3025.4000,3027.0000,3029.4000,3029.8000,3030.0000,1,1,1,1,1,4,1,2,1,1
SF,IH2006,2019-11-07 09:34:02.600,3025.0000,887,0,25406100.000,0,-,-,-,-,3024.0000,3023.8000,3023.4000,3020.8000,3020.6000,3025.4000,3027.0000,3029.4000,3029.8000,3030.0000,1,1,1,1,1,4,1,2,1,1
SF,IH2006,2019-11-07 09:34:03.100,3025.0000,887,0,25406100.000,0,-,-,-,-,3024.2000,3024.0000,3023.8000,3023.4000,3020.8000,3025.4000,3029.4000,3029.8000,3030.0000,3032.4000,2,1,1,1,1,4,2,1,1,5
SF,IH2006,2019-11-07 09:34:03.600,3025.0000,887,0,25406100.000,0,-,-,-,-,3024.4000,3024.2000,3024.0000,3023.8000,3023.4000,3025.4000,3029.4000,3029.8000,3030.0000,3032.4000,1,2,1,1,1,4,2,1,1,5
SF,IH2006,2019-11-07 09:34:04.100,3025.0000,887,0,25406100.000,0,-,-,-,-,3024.6000,3024.4000,3024.2000,3024.0000,3023.8000,3025.4000,3029.4000,3029.8000,3030.0000,3032.4000,1,1,1,1,1,4,2,1,1,5
SF,IH2006,2019-11-07 09:34:04.600,3025.4000,886,-1,26313720.000,1,0,1,双平,S,3024.6000,3024.4000,3024.2000,3023.8000,3023.4000,3025.4000,3029.4000,3029.8000,3030.0000,3032.4000,1,1,1,1,1,3,2,1,1,5
SF,IH2006,2019-11-07 09:34:05.100,3025.4000,886,0,26313720.000,0,-,-,-,-,3024.8000,3024.6000,3024.2000,3023.8000,3023.4000,3025.4000,3029.4000,3029.8000,3030.0000,3032.4000,1,1,1,1,1,3,2,1,1,5
SF,IH2006,2019-11-07 09:34:05.600,3025.4000,885,-1,28128960.000,2,0,2,多平,S,3025.0000,3024.8000,3024.6000,3024.2000,3023.8000,3025.4000,3029.4000,3029.8000,3030.0000,3032.4000,1,1,1,1,1,1,2,1,1,5
SF,IH2006,2019-11-07 09:34:07.100,3025.4000,885,0,29036580.000,1,0,1,多换,S,3025.0000,3024.8000,3024.6000,3024.2000,3023.8000,3029.4000,3029.8000,3030.0000,3032.4000,3033.6000,1,1,1,1,1,2,1,1,5,1
SF,IH2006,2019-11-07 09:34:07.600,3025.4000,885,0,29036580.000,0,-,-,-,-,3024.2000,3023.8000,3023.4000,3020.6000,3018.8000,3026.2000,3029.2000,3029.4000,3029.8000,3030.0000,1,1,1,1,1,1,2,2,1,1
SF,IH2006,2019-11-07 09:34:11.100,3025.4000,885,0,29036580.000,0,-,-,-,-,3024.4000,3024.2000,3023.8000,3023.4000,3020.6000,3026.2000,3029.2000,3029.4000,3029.8000,3030.0000,1,1,1,1,1,1,2,2,1,1
SF,IH2006,2019-11-07 09:34:11.600,3025.4000,885,0,29036580.000,0,-,-,-,-,3024.6000,3024.4000,3024.2000,3023.8000,3023.4000,3026.2000,3029.2000,3029.4000,3029.8000,3030.0000,2,1,1,1,1,1,2,2,1,1
SF,IH2006,2019-11-07 09:34:13.100,3025.4000,885,0,29036580.000,0,-,-,-,-,3024.8000,3024.6000,3024.2000,3023.8000,3023.4000,3026.2000,3029.2000,3029.4000,3029.8000,3030.0000,1,2,1,1,1,1,2,2,1,1
SF,IH2006,2019-11-07 09:34:17.100,3025.4000,885,0,29036580.000,0,-,-,-,-,3024.6000,3024.2000,3023.8000,3023.4000,3020.6000,3026.2000,3029.2000,3029.4000,3029.8000,3030.0000,2,1,1,1,1,1,2,2,1,1
SF,IH2006,2019-11-07 09:34:20.100,3025.4000,885,0,29036580.000,0,-,-,-,-,3025.0000,3024.6000,3024.2000,3023.8000,3023.4000,3026.2000,3029.2000,3029.4000,3029.8000,3030.0000,1,2,1,1,1,1,2,2,1,1
SF,IH2006,2019-11-07 09:34:20.600,3025.4000,885,0,29036580.000,0,-,-,-,-,3025.2000,3025.0000,3024.6000,3024.2000,3023.8000,3026.2000,3029.2000,3029.4000,3029.8000,3030.0000,1,1,1,1,1,1,2,2,1,1
SF,IH2006,2019-11-07 09:34:21.100,3025.4000,885,0,29036580.000,0,-,-,-,-,3025.0000,3024.6000,3024.2000,3023.8000,3023.4000,3026.2000,3029.2000,3029.4000,3029.8000,3030.0000,1,1,1,1,1,1,2,2,1,1
SF,IH2006,2019-11-07 09:34:22.600,3025.4000,885,0,29036580.000,0,-,-,-,-,3024.6000,3024.2000,3023.8000,3023.4000,3020.6000,3026.2000,3029.2000,3029.4000,3029.8000,3030.0000,1,1,1,1,1,1,2,2,1,1
SF,IH2006,2019-11-07 09:34:25.100,3025.4000,885,0,29036580.000,0,-,-,-,-,3024.2000,3023.8000,3023.4000,3020.6000,3018.8000,3026.2000,3029.2000,3029.4000,3029.8000,3030.0000,1,1,1,1,1,1,2,2,1,1
SF,IH2006,2019-11-07 09:34:25.600,3025.4000,885,0,29036580.000,0,-,-,-,-,3023.8000,3023.4000,3020.6000,3018.8000,3018.0000,3026.2000,3029.2000,3029.4000,3029.8000,3030.0000,1,1,1,1,1,1,2,2,1,1
SF,IH2006,2019-11-07 09:34:28.600,3025.4000,885,0,29036580.000,0,-,-,-,-,3024.2000,3023.8000,3023.4000,3020.6000,3018.8000,3026.2000,3029.2000,3029.4000,3029.8000,3030.0000,1,1,1,1,1,1,2,2,1,1
SF,IH2006,2019-11-07 09:34:29.600,3025.4000,885,0,29036580.000,0,-,-,-,-,3024.4000,3024.2000,3023.8000,3023.4000,3020.6000,3026.2000,3029.2000,3029.4000,3029.8000,3030.0000,1,1,1,1,1,1,2,2,1,1
SF,IH2006,2019-11-07 09:34:34.100,3025.4000,885,0,29036580.000,0,-,-,-,-,3024.2000,3023.8000,3023.4000,3020.6000,3018.8000,3026.2000,3029.2000,3029.4000,3029.8000,3030.0000,1,1,1,1,1,1,2,2,1,1
SF,IH2006,2019-11-07 09:34:35.100,3025.4000,885,0,29036580.000,0,-,-,-,-,3024.4000,3023.8000,3023.4000,3020.6000,3018.8000,3026.2000,3029.2000,3029.4000,3029.8000,3030.0000,1,1,1,1,1,1,2,2,1,1
SF,IH2006,2019-11-07 09:34:35.600,3025.4000,885,0,29036580.000,0,-,-,-,-,3023.8000,3023.4000,3020.6000,3018.8000,3018.0000,3026.2000,3029.2000,3029.4000,3029.8000,3030.0000,1,1,1,1,1,1,2,2,1,1
SF,IH2006,2019-11-07 09:34:42.100,3025.4000,885,0,29036580.000,0,-,-,-,-,3023.8000,3023.4000,3020.6000,3018.8000,3018.0000,3026.0000,3026.2000,3029.2000,3029.4000,3029.8000,1,1,1,1,1,1,1,2,2,1
SF,IH2006,2019-11-07 09:34:42.600,3025.4000,885,0,29036580.000,0,-,-,-,-,3023.8000,3023.4000,3020.6000,3018.8000,3018.0000,3024.8000,3026.0000,3029.2000,3029.4000,3029.8000,1,1,1,1,1,1,1,2,2,1
SF,IH2006,2019-11-07 09:34:47.100,3025.4000,885,0,29036580.000,0,-,-,-,-,3023.4000,3020.6000,3018.8000,3018.0000,3017.2000,3024.8000,3026.0000,3029.2000,3029.4000,3029.8000,1,1,1,1,5,1,1,2,2,1
SF,IH2006,2019-11-07 09:34:47.600,3024.8000,884,-1,29944020.000,1,0,1,双平,S,3023.4000,3022.2000,3020.6000,3018.8000,3018.0000,3026.0000,3026.4000,3029.2000,3029.4000,3029.8000,1,1,1,1,1,1,1,2,2,1
SF,IH2006,2019-11-07 09:34:48.100,3024.8000,884,0,29944020.000,0,-,-,-,-,3023.4000,3020.6000,3018.8000,3018.0000,3017.2000,3025.6000,3026.0000,3029.2000,3029.4000,3029.8000,1,1,1,1,5,1,1,2,2,1
SF,IH2006,2019-11-07 09:34:53.600,3024.8000,884,0,29944020.000,0,-,-,-,-,3020.6000,3018.8000,3018.0000,3017.2000,3010.2000,3025.6000,3026.0000,3029.2000,3029.4000,3029.8000,1,1,1,5,1,1,1,2,2,1
SF,IH2006,2019-11-07 09:34:54.100,3024.8000,884,0,29944020.000,0,-,-,-,-,3022.4000,3020.6000,3018.8000,3018.0000,3017.2000,3025.6000,3026.0000,3029.2000,3029.4000,3029.8000,1,1,1,1,5,1,1,2,2,1
SF,IH2006,2019-11-07 09:34:54.600,3024.8000,884,0,29944020.000,0,-,-,-,-,3022.6000,3022.4000,3020.6000,3018.8000,3018.0000,3025.6000,3026.0000,3029.2000,3029.4000,3029.8000,1,1,1,1,1,1,1,2,2,1
SF,IH2006,2019-11-07 09:34:55.100,3024.8000,884,0,29944020.000,0,-,-,-,-,3022.6000,3020.6000,3018.8000,3018.0000,3017.2000,3025.6000,3026.0000,3029.2000,3029.4000,3029.8000,1,1,1,1,5,1,1,2,2,1
SF,IH2006,2019-11-07 09:34:59.100,3024.8000,884,0,29944020.000,0,-,-,-,-,3022.6000,3020.6000,3018.8000,3018.0000,3017.2000,3025.2000,3025.6000,3026.0000,3029.2000,3029.4000,1,1,1,1,5,1,1,1,2,2
SF,IH2006,2019-11-07 09:34:59.600,3024.8000,884,0,29944020.000,0,-,-,-,-,3022.6000,3020.6000,3018.8000,3018.0000,3017.2000,3025.0000,3025.2000,3026.0000,3029.2000,3029.4000,1,1,1,1,5,1,1,1,2,2
SF,IH2006,2019-11-07 09:35:05.600,3024.8000,884,0,29944020.000,0,-,-,-,-,3022.6000,3020.6000,3018.8000,3018.0000,3017.2000,3025.0000,3026.0000,3029.2000,3029.4000,3029.8000,1,1,1,1,5,1,1,2,2,1
SF,IH2006,2019-11-07 09:35:07.100,3024.8000,884,0,29944020.000,0,-,-,-,-,3022.6000,3020.6000,3018.8000,3018.0000,3017.2000,3024.8000,3025.0000,3026.0000,3029.2000,3029.4000,1,1,1,1,5,1,1,1,2,2
SF,IH2006,2019-11-07 09:35:07.600,3024.8000,884,0,29944020.000,0,-,-,-,-,3022.6000,3020.6000,3018.8000,3018.0000,3017.2000,3024.8000,3026.0000,3029.2000,3029.4000,3029.8000,1,1,1,1,5,1,1,2,2,1
SF,IH2006,2019-11-07 09:35:08.100,3024.8000,884,0,29944020.000,0,-,-,-,-,3022.6000,3020.6000,3018.8000,3018.0000,3017.2000,3024.6000,3024.8000,3026.0000,3029.2000,3029.4000,1,1,1,1,5,1,1,1,2,2
SF,IH2006,2019-11-07 09:35:09.600,3024.8000,884,0,29944020.000,0,-,-,-,-,3020.6000,3018.8000,3018.0000,3017.2000,3010.2000,3024.6000,3024.8000,3026.0000,3029.2000,3029.4000,1,1,1,5,1,1,1,1,2,2
SF,IH2006,2019-11-07 09:35:10.100,3024.8000,884,0,29944020.000,0,-,-,-,-,3021.6000,3020.6000,3018.8000,3018.0000,3017.2000,3024.6000,3024.8000,3026.0000,3029.2000,3029.4000,1,1,1,1,5,1,1,1,2,2
SF,IH2006,2019-11-07 09:35:10.600,3024.8000,884,0,29944020.000,0,-,-,-,-,3021.8000,3021.6000,3020.6000,3018.8000,3018.0000,3024.6000,3026.0000,3029.2000,3029.4000,3029.8000,1,1,1,1,1,1,1,2,2,1
SF,IH2006,2019-11-07 09:35:11.100,3024.8000,884,0,29944020.000,0,-,-,-,-,3021.8000,3020.6000,3018.8000,3018.0000,3017.2000,3024.2000,3024.6000,3026.0000,3029.2000,3029.4000,1,1,1,1,5,1,1,1,2,2
SF,IH2006,2019-11-07 09:35:11.600,3024.8000,884,0,29944020.000,0,-,-,-,-,3020.6000,3018.8000,3018.0000,3013.4000,3010.2000,3023.8000,3024.2000,3026.0000,3029.2000,3029.4000,1,1,1,5,1,1,1,1,2,2
SF,IH2006,2019-11-07 09:35:12.100,3024.8000,884,0,29944020.000,0,-,-,-,-,3021.4000,3020.6000,3018.8000,3018.0000,3013.4000,3023.8000,3024.2000,3026.0000,3029.2000,3029.4000,1,1,1,1,5,1,1,1,2,2
SF,IH2006,2019-11-07 09:35:14.600,3024.8000,884,0,29944020.000,0,-,-,-,-,3021.4000,3020.6000,3018.8000,3018.0000,3013.4000,3023.8000,3026.0000,3029.2000,3029.4000,3029.8000,1,1,1,1,5,1,1,2,2,1
SF,IH2006,2019-11-07 09:35:15.100,3024.8000,884,0,29944020.000,0,-,-,-,-,3021.4000,3020.6000,3018.8000,3018.0000,3013.4000,3023.6000,3023.8000,3026.0000,3029.2000,3029.4000,1,1,1,1,5,1,1,1,2,2
SF,IH2006,2019-11-07 09:35:15.600,3024.8000,884,0,29944020.000,0,-,-,-,-,3021.6000,3021.4000,3020.6000,3018.8000,3018.0000,3023.6000,3026.0000,3029.2000,3029.4000,3029.8000,1,1,1,1,1,1,1,2,2,1
SF,IH2006,2019-11-07 09:35:16.100,3024.8000,884,0,29944020.000,0,-,-,-,-,3021.6000,3020.6000,3018.8000,3018.0000,3013.4000,3023.6000,3026.0000,3029.2000,3029.4000,3029.8000,1,1,1,1,5,1,1,2,2,1
SF,IH2006,2019-11-07 09:35:23.100,3024.8000,884,0,29944020.000,0,-,-,-,-,3021.6000,3020.6000,3018.8000,3018.0000,3013.4000,3026.0000,3029.2000,3029.4000,3029.8000,3030.0000,1,1,1,1,5,1,2,2,1,1
SF,IH2006,2019-11-07 09:35:23.600,3024.8000,884,0,29944020.000,0,-,-,-,-,3021.8000,3021.6000,3020.6000,3018.8000,3018.0000,3024.4000,3025.8000,3026.0000,3029.2000,3029.4000,1,1,1,1,1,1,2,1,2,2
SF,IH2006,2019-11-07 09:35:24.100,3024.8000,884,0,29944020.000,0,-,-,-,-,3022.0000,3021.8000,3021.6000,3020.6000,3018.8000,3024.4000,3025.8000,3026.0000,3029.2000,3029.4000,1,1,1,1,1,1,2,1,2,2
SF,IH2006,2019-11-07 09:35:24.600,3024.8000,884,0,29944020.000,0,-,-,-,-,3022.0000,3021.6000,3020.6000,3018.8000,3018.0000,3024.4000,3025.8000,3026.0000,3029.2000,3029.4000,1,1,1,1,1,1,1,1,2,2
SF,IH2006,2019-11-07 09:35:25.600,3024.8000,884,0,29944020.000,0,-,-,-,-,3021.6000,3020.6000,3018.8000,3018.0000,3013.4000,3024.4000,3025.8000,3026.0000,3029.2000,3029.4000,1,1,1,1,5,1,1,1,2,2
SF,IH2006,2019-11-07 09:35:26.100,3024.8000,884,0,29944020.000,0,-,-,-,-,3021.8000,3021.6000,3020.6000,3018.8000,3018.0000,3024.4000,3025.8000,3026.0000,3029.2000,3029.4000,1,1,1,1,1,1,1,1,2,2
SF,IH2006,2019-11-07 09:35:26.600,3024.8000,884,0,29944020.000,0,-,-,-,-,3022.0000,3021.8000,3021.6000,3020.6000,3018.8000,3024.4000,3025.8000,3026.0000,3029.2000,3029.4000,1,1,1,1,1,1,1,1,2,2
SF,IH2006,2019-11-07 09:35:27.100,3024.8000,884,0,29944020.000,0,-,-,-,-,3022.0000,3021.6000,3020.6000,3018.8000,3018.0000,3024.0000,3024.4000,3026.0000,3029.2000,3029.4000,1,1,1,1,1,1,1,1,2,2
SF,IH2006,2019-11-07 09:35:27.600,3024.8000,884,0,29944020.000,0,-,-,-,-,3022.0000,3021.6000,3020.6000,3018.8000,3018.0000,3024.0000,3026.0000,3029.2000,3029.4000,3029.8000,1,1,1,1,1,1,1,2,2,1
SF,IH2006,2019-11-07 09:35:28.100,3024.8000,884,0,29944020.000,0,-,-,-,-,3021.6000,3020.6000,3018.8000,3018.0000,3013.4000,3024.0000,3026.0000,3029.2000,3029.4000,3029.8000,1,1,1,1,5,1,1,2,2,1
SF,IH2006,2019-11-07 09:35:41.600,3024.8000,884,0,29944020.000,0,-,-,-,-,3021.6000,3020.6000,3018.8000,3018.0000,3013.4000,3026.0000,3029.2000,3029.4000,3029.8000,3030.0000,1,1,1,1,5,1,2,2,1,1
SF,IH2006,2019-11-07 09:35:42.100,3024.8000,884,0,29944020.000,0,-,-,-,-,3022.2000,3021.6000,3020.6000,3018.8000,3018.0000,3024.8000,3026.0000,3029.2000,3029.4000,3029.8000,1,1,1,1,1,1,1,2,2,1
SF,IH2006,2019-11-07 09:35:42.600,3024.8000,884,0,29944020.000,0,-,-,-,-,3022.4000,3022.2000,3021.6000,3020.6000,3018.8000,3024.8000,3026.0000,3029.2000,3029.4000,3029.8000,1,1,1,1,1,1,1,2,2,1
SF,IH2006,2019-11-07 09:35:43.100,3024.8000,884,0,29944020.000,0,-,-,-,-,3022.4000,3021.6000,3020.6000,3018.8000,3018.0000,3024.8000,3026.0000,3029.2000,3029.4000,3029.8000,1,1,1,1,1,1,1,2,2,1
SF,IH2006,2019-11-07 09:35:45.100,3024.8000,884,0,29944020.000,0,-,-,-,-,3021.6000,3020.6000,3018.8000,3018.0000,3013.4000,3024.6000,3024.8000,3026.0000,3029.2000,3029.4000,1,1,1,1,5,1,1,1,2,2
SF,IH2006,2019-11-07 09:35:45.600,3024.8000,884,0,29944020.000,0,-,-,-,-,3021.8000,3021.6000,3020.6000,3018.8000,3018.0000,3024.4000,3024.6000,3026.0000,3029.2000,3029.4000,1,1,1,1,1,1,1,1,2,2
SF,IH2006,2019-11-07 09:35:46.100,3024.8000,884,0,29944020.000,0,-,-,-,-,3022.0000,3021.8000,3021.6000,3020.6000,3018.8000,3024.4000,3024.6000,3026.0000,3029.2000,3029.4000,1,1,1,1,1,1,1,1,2,2
SF,IH2006,2019-11-07 09:35:46.600,3024.8000,884,0,29944020.000,0,-,-,-,-,3022.0000,3021.6000,3020.6000,3018.8000,3018.0000,3024.4000,3024.6000,3026.0000,3029.2000,3029.4000,1,1,1,1,1,1,1,1,2,2
SF,IH2006,2019-11-07 09:35:47.600,3024.8000,884,0,29944020.000,0,-,-,-,-,3021.6000,3020.6000,3018.8000,3018.0000,3013.4000,3024.4000,3024.6000,3026.0000,3029.2000,3029.4000,1,1,1,1,5,1,1,1,2,2
SF,IH2006,2019-11-07 09:35:48.100,3024.8000,884,0,29944020.000,0,-,-,-,-,3021.6000,3020.6000,3018.8000,3018.0000,3013.4000,3024.0000,3024.4000,3024.6000,3026.0000,3029.2000,1,1,1,1,5,1,1,1,1,2
SF,IH2006,2019-11-07 09:35:50.600,3024.8000,884,0,29944020.000,0,-,-,-,-,3021.6000,3020.6000,3018.8000,3018.0000,3013.4000,3024.0000,3024.4000,3026.0000,3029.2000,3029.4000,1,1,1,1,5,1,1,1,2,2
SF,IH2006,2019-11-07 09:35:51.100,3024.8000,884,0,29944020.000,0,-,-,-,-,3021.6000,3020.6000,3018.8000,3018.0000,3013.4000,3024.0000,3026.0000,3029.2000,3029.4000,3029.8000,1,1,1,1,5,1,1,2,2,1
SF,IH2006,2019-11-07 09:36:26.100,3024.8000,884,0,29944020.000,0,-,-,-,-,3021.6000,3020.6000,3018.8000,3018.0000,3013.4000,3026.0000,3029.2000,3029.4000,3029.8000,3030.0000,1,1,1,1,5,1,2,2,1,1
SF,IH2006,2019-11-07 09:36:26.600,3024.8000,884,0,29944020.000,0,-,-,-,-,3021.6000,3020.6000,3018.8000,3018.0000,3013.4000,3024.2000,3025.8000,3026.0000,3029.2000,3029.4000,1,1,1,1,5,1,2,1,2,2
SF,IH2006,2019-11-07 09:36:30.100,3024.8000,884,0,29944020.000,0,-,-,-,-,3021.6000,3020.6000,3018.8000,3018.0000,3013.4000,3024.2000,3025.8000,3026.0000,3029.2000,3029.4000,1,1,1,1,5,1,2,1,2,2
SF,IH2006,2019-11-07 09:36:30.600,3024.8000,884,0,29944020.000,0,-,-,-,-,3022.0000,3021.6000,3020.6000,3018.8000,3018.0000,3024.2000,3025.8000,3026.0000,3029.2000,3029.4000,1,1,1,1,1,1,2,1,2,2
SF,IH2006,2019-11-07 09:36:31.100,3024.8000,884,0,29944020.000,0,-,-,-,-,3022.2000,3022.0000,3021.6000,3020.6000,3018.8000,3024.2000,3025.8000,3026.0000,3029.2000,3029.4000,1,1,1,1,1,1,2,1,2,2
SF,IH2006,2019-11-07 09:36:31.600,3024.8000,884,0,29944020.000,0,-,-,-,-,3022.4000,3022.2000,3021.6000,3020.6000,3018.8000,3024.2000,3026.0000,3029.2000,3029.4000,3029.8000,1,1,1,1,1,1,1,2,2,1
SF,IH2006,2019-11-07 09:36:32.100,3024.8000,884,0,29944020.000,0,-,-,-,-,3022.6000,3022.4000,3022.2000,3021.6000,3020.6000,3026.0000,3029.2000,3029.4000,3029.8000,3030.0000,1,1,1,1,1,1,2,2,1,1
SF,IH2006,2019-11-07 09:36:32.600,3024.8000,884,0,29944020.000,0,-,-,-,-,3022.6000,3022.2000,3021.6000,3020.6000,3018.8000,3024.8000,3026.0000,3029.2000,3029.4000,3029.8000,1,1,1,1,1,1,1,2,2,1
SF,IH2006,2019-11-07 09:36:33.100,3024.8000,884,0,29944020.000,0,-,-,-,-,3022.8000,3022.6000,3022.2000,3021.6000,3020.6000,3024.8000,3026.0000,3029.2000,3029.4000,3029.8000,1,1,1,1,1,1,1,2,2,1
SF,IH2006,2019-11-07 09:36:33.600,3024.8000,884,0,29944020.000,0,-,-,-,-,3023.0000,3022.8000,3022.6000,3022.2000,3021.6000,3024.8000,3026.0000,3029.2000,3029.4000,3029.8000,1,1,1,1,1,1,1,2,2,1
SF,IH2006,2019-11-07 09:36:34.100,3024.8000,884,0,29944020.000,0,-,-,-,-,3023.0000,3022.6000,3022.2000,3021.6000,3020.6000,3024.8000,3026.0000,3029.2000,3029.4000,3029.8000,1,1,1,1,1,1,1,2,2,1
SF,IH2006,2019-11-07 09:36:35.600,3024.8000,884,0,29944020.000,0,-,-,-,-,3023.0000,3022.6000,3022.2000,3021.6000,3020.6000,3024.8000,3026.0000,3029.2000,3029.4000,3029.8000,1,1,1,1,1,1,1,2,2,1
SF,IH2006,2019-11-07 09:36:36.600,3024.8000,884,0,29944020.000,0,-,-,-,-,3022.6000,3022.2000,3021.6000,3020.6000,3018.8000,3024.8000,3026.0000,3029.2000,3029.4000,3029.8000,1,1,1,1,1,1,1,2,2,1
SF,IH2006,2019-11-07 09:36:43.100,3024.8000,884,0,29944020.000,0,-,-,-,-,3022.6000,3022.2000,3021.6000,3020.6000,3018.8000,3024.8000,3026.0000,3029.2000,3029.4000,3029.8000,1,1,1,1,1,1,1,2,2,1
SF,IH2006,2019-11-07 09:36:43.600,3024.8000,884,0,29944020.000,0,-,-,-,-,3023.0000,3022.6000,3022.2000,3021.6000,3020.6000,3024.8000,3026.0000,3029.2000,3029.4000,3029.8000,1,1,1,1,1,1,1,2,2,1
SF,IH2006,2019-11-07 09:36:44.100,3024.8000,884,0,29944020.000,0,-,-,-,-,3023.2000,3023.0000,3022.6000,3022.2000,3021.6000,3024.8000,3026.0000,3029.2000,3029.4000,3029.8000,1,1,1,1,1,1,1,2,2,1
SF,IH2006,2019-11-07 09:36:44.600,3024.8000,884,0,29944020.000,0,-,-,-,-,3023.2000,3022.6000,3022.2000,3021.6000,3020.6000,3024.8000,3026.0000,3029.2000,3029.4000,3029.8000,1,1,1,1,1,1,1,2,2,1
SF,IH2006,2019-11-07 09:36:45.100,3024.8000,884,0,29944020.000,0,-,-,-,-,3023.2000,3022.6000,3022.2000,3021.6000,3020.6000,3026.0000,3029.2000,3029.4000,3029.8000,3030.0000,1,1,1,1,1,1,2,2,1,1
SF,IH2006,2019-11-07 09:36:45.600,3024.8000,884,0,29944020.000,0,-,-,-,-,3023.2000,3022.6000,3022.2000,3021.6000,3020.6000,3025.4000,3026.0000,3029.2000,3029.4000,3029.8000,1,1,1,1,1,1,1,2,2,1
SF,IH2006,2019-11-07 09:36:46.100,3024.8000,884,0,29944020.000,0,-,-,-,-,3023.6000,3023.2000,3022.6000,3022.2000,3021.6000,3025.4000,3026.0000,3029.2000,3029.4000,3029.8000,1,1,1,1,1,1,1,2,2,1
SF,IH2006,2019-11-07 09:36:46.600,3024.8000,884,0,29944020.000,0,-,-,-,-,3023.8000,3023.6000,3023.2000,3022.6000,3022.2000,3026.0000,3029.2000,3029.4000,3029.8000,3030.0000,1,1,1,1,1,1,2,2,1,1
SF,IH2006,2019-11-07 09:36:47.100,3024.8000,884,0,29944020.000,0,-,-,-,-,3024.2000,3023.8000,3023.2000,3022.6000,3022.2000,3026.0000,3029.2000,3029.4000,3029.8000,3030.0000,1,1,1,1,1,1,2,2,1,1
SF,IH2006,2019-11-07 09:36:47.600,3024.8000,884,0,29944020.000,0,-,-,-,-,3024.4000,3024.2000,3023.8000,3023.2000,3022.6000,3026.0000,3029.2000,3029.4000,3029.8000,3030.0000,1,1,1,1,1,1,2,2,1,1
SF,IH2006,2019-11-07 09:36:48.100,3024.8000,884,0,29944020.000,0,-,-,-,-,3023.8000,3023.2000,3022.6000,3022.2000,3020.6000,3026.0000,3029.2000,3029.4000,3029.8000,3030.0000,1,1,1,1,1,1,2,2,1,1
SF,IH2006,2019-11-07 09:36:48.600,3024.8000,884,0,29944020.000,0,-,-,-,-,3024.0000,3023.8000,3023.2000,3022.6000,3022.2000,3026.0000,3029.2000,3029.4000,3029.8000,3030.0000,1,1,1,1,1,1,2,2,1,1
SF,IH2006,2019-11-07 09:36:49.100,3024.8000,884,0,29944020.000,0,-,-,-,-,3024.2000,3024.0000,3023.8000,3023.2000,3022.6000,3026.0000,3029.2000,3029.4000,3029.8000,3030.0000,1,1,1,1,1,1,2,2,1,1
SF,IH2006,2019-11-07 09:36:49.600,3024.8000,884,0,29944020.000,0,-,-,-,-,3024.2000,3023.8000,3023.2000,3022.6000,3022.2000,3026.0000,3029.2000,3029.4000,3029.8000,3030.0000,1,1,1,1,1,1,2,2,1,1
SF,IH2006,2019-11-07 09:36:50.100,3024.8000,884,0,29944020.000,0,-,-,-,-,3024.4000,3024.2000,3023.8000,3023.2000,3022.6000,3026.0000,3029.2000,3029.4000,3029.8000,3030.0000,1,1,1,1,1,1,2,2,1,1
SF,IH2006,2019-11-07 09:36:50.600,3024.8000,884,0,29944020.000,0,-,-,-,-,3024.6000,3024.4000,3024.2000,3023.8000,3023.2000,3026.0000,3029.2000,3029.4000,3029.8000,3030.0000,1,1,1,1,1,1,2,2,1,1
SF,IH2006,2019-11-07 09:36:51.100,3024.8000,884,0,29944020.000,0,-,-,-,-,3024.2000,3023.8000,3023.2000,3022.6000,3020.6000,3026.0000,3029.2000,3029.4000,3029.8000,3030.0000,1,1,1,1,1,1,2,2,1,1
SF,IH2006,2019-11-07 09:36:51.600,3024.8000,884,0,29944020.000,0,-,-,-,-,3024.6000,3024.2000,3023.8000,3023.2000,3022.6000,3026.0000,3029.2000,3029.4000,3029.8000,3030.0000,1,1,1,1,1,1,2,2,1,1
SF,IH2006,2019-11-07 09:36:52.100,3024.8000,884,0,29944020.000,0,-,-,-,-,3024.8000,3024.6000,3024.2000,3023.8000,3023.2000,3026.0000,3029.2000,3029.4000,3029.8000,3030.0000,1,1,1,1,1,1,2,2,1,1
SF,IH2006,2019-11-07 09:36:52.600,3024.8000,884,0,29944020.000,0,-,-,-,-,3024.2000,3023.8000,3023.2000,3022.6000,3020.6000,3026.0000,3029.2000,3029.4000,3029.8000,3030.0000,1,1,1,1,1,1,2,2,1,1
SF,IH2006,2019-11-07 09:36:54.100,3024.8000,884,0,29944020.000,0,-,-,-,-,3023.8000,3023.2000,3022.6000,3020.6000,3018.8000,3026.0000,3029.2000,3029.4000,3029.8000,3030.0000,1,1,1,1,1,1,2,2,1,1
SF,IH2006,2019-11-07 09:36:54.600,3024.8000,884,0,29944020.000,0,-,-,-,-,3023.2000,3022.6000,3020.6000,3018.8000,3018.0000,3025.0000,3025.8000,3026.0000,3029.2000,3029.4000,1,1,1,1,1,1,1,1,2,2
SF,IH2006,2019-11-07 09:36:55.100,3024.8000,884,0,29944020.000,0,-,-,-,-,3022.6000,3020.6000,3018.8000,3018.0000,3013.4000,3025.0000,3025.8000,3026.0000,3029.2000,3029.4000,1,1,1,1,5,1,1,1,2,2
SF,IH2006,2019-11-07 09:36:59.100,3024.8000,884,0,29944020.000,0,-,-,-,-,3020.6000,3018.8000,3018.0000,3013.4000,3012.0000,3025.0000,3025.8000,3026.0000,3029.2000,3029.4000,1,1,1,5,1,1,1,1,2,2
SF,IH2006,2019-11-07 09:36:59.600,3024.8000,884,0,29944020.000,0,-,-,-,-,3022.0000,3020.6000,3018.8000,3018.0000,3013.4000,3024.8000,3025.0000,3025.8000,3026.0000,3029.2000,1,1,1,1,5,1,1,1,1,2
SF,IH2006,2019-11-07 09:37:00.100,3024.8000,884,0,29944020.000,0,-,-,-,-,3022.2000,3022.0000,3020.6000,3018.8000,3018.0000,3024.6000,3025.8000,3026.0000,3029.2000,3029.4000,1,1,1,1,1,1,1,1,2,2
SF,IH2006,2019-11-07 09:37:00.600,3024.8000,884,0,29944020.000,0,-,-,-,-,3022.6000,3022.2000,3020.6000,3018.8000,3018.0000,3024.6000,3025.8000,3026.0000,3029.2000,3029.4000,1,1,1,1,1,1,1,1,2,2
SF,IH2006,2019-11-07 09:37:03.100,3024.8000,884,0,29944020.000,0,-,-,-,-,3022.6000,3020.6000,3018.8000,3018.0000,3013.4000,3024.6000,3025.8000,3026.0000,3029.2000,3029.4000,1,1,1,1,5,1,1,1,2,2
SF,IH2006,2019-11-07 09:37:03.600,3024.8000,884,0,29944020.000,0,-,-,-,-,3020.6000,3018.8000,3018.0000,3013.4000,3012.0000,3024.6000,3025.8000,3026.0000,3029.2000,3029.4000,1,1,1,5,1,1,1,1,2,2
SF,IH2006,2019-11-07 09:37:04.100,3024.8000,884,0,29944020.000,0,-,-,-,-,3021.8000,3020.6000,3018.8000,3018.0000,3013.4000,3024.6000,3025.8000,3026.0000,3029.2000,3029.4000,1,1,1,1,5,1,1,1,2,2
SF,IH2006,2019-11-07 09:37:04.600,3024.8000,884,0,29944020.000,0,-,-,-,-,3022.0000,3021.8000,3020.6000,3018.8000,3018.0000,3024.6000,3025.8000,3026.0000,3029.2000,3029.4000,1,1,1,1,1,1,1,1,2,2
SF,IH2006,2019-11-07 09:37:05.100,3024.8000,884,0,29944020.000,0,-,-,-,-,3022.0000,3020.6000,3018.8000,3018.0000,3013.4000,3024.6000,3025.8000,3026.0000,3029.2000,3029.4000,1,1,1,1,5,1,1,1,2,2
SF,IH2006,2019-11-07 09:37:10.600,3024.8000,884,0,29944020.000,0,-,-,-,-,3022.0000,3020.6000,3018.8000,3018.0000,3013.4000,3024.6000,3025.8000,3026.0000,3029.2000,3029.4000,1,1,1,1,5,1,1,1,2,2
SF,IH2006,2019-11-07 09:37:11.100,3024.8000,884,0,29944020.000,0,-,-,-,-,3022.8000,3022.0000,3020.6000,3018.8000,3018.0000,3024.6000,3025.8000,3026.0000,3029.2000,3029.4000,1,1,1,1,1,1,1,1,2,2
SF,IH2006,2019-11-07 09:37:11.600,3024.8000,884,0,29944020.000,0,-,-,-,-,3023.0000,3022.8000,3022.0000,3020.6000,3018.8000,3024.6000,3025.8000,3026.0000,3029.2000,3029.4000,1,1,1,1,1,1,1,1,2,2
SF,IH2006,2019-11-07 09:37:12.100,3024.8000,884,0,29944020.000,0,-,-,-,-,3023.0000,3022.0000,3020.6000,3018.8000,3018.0000,3024.6000,3025.8000,3026.0000,3029.2000,3029.4000,1,1,1,1,1,1,1,1,2,2
SF,IH2006,2019-11-07 09:37:13.100,3024.8000,884,0,29944020.000,0,-,-,-,-,3022.0000,3020.6000,3018.8000,3018.0000,3013.4000,3024.6000,3025.8000,3026.0000,3029.2000,3029.4000,1,1,1,1,5,1,1,1,2,2
SF,IH2006,2019-11-07 09:37:13.600,3024.8000,884,0,29944020.000,0,-,-,-,-,3022.4000,3022.0000,3020.6000,3018.8000,3018.0000,3024.6000,3025.8000,3026.0000,3029.2000,3029.4000,1,1,1,1,1,1,1,1,2,2
SF,IH2006,2019-11-07 09:37:14.100,3024.8000,884,0,29944020.000,0,-,-,-,-,3022.6000,3022.4000,3022.0000,3020.6000,3018.8000,3024.6000,3025.8000,3026.0000,3029.2000,3029.4000,1,1,1,1,1,1,1,1,2,2
SF,IH2006,2019-11-07 09:37:14.600,3024.8000,884,0,29944020.000,0,-,-,-,-,3022.6000,3022.0000,3020.6000,3018.8000,3018.0000,3024.6000,3025.8000,3026.0000,3029.2000,3029.4000,1,1,1,1,1,1,1,1,2,2
SF,IH2006,2019-11-07 09:37:20.100,3024.8000,884,0,29944020.000,0,-,-,-,-,3022.6000,3022.0000,3020.6000,3018.8000,3018.0000,3024.6000,3026.0000,3029.2000,3029.4000,3029.8000,1,1,1,1,1,1,1,2,2,1
SF,IH2006,2019-11-07 09:37:20.600,3024.8000,884,0,29944020.000,0,-,-,-,-,3023.6000,3022.6000,3022.0000,3020.6000,3018.8000,3026.0000,3029.2000,3029.4000,3029.8000,3030.0000,1,1,1,1,1,1,2,2,1,1
SF,IH2006,2019-11-07 09:37:21.100,3024.8000,884,0,29944020.000,0,-,-,-,-,3023.8000,3023.6000,3022.6000,3022.0000,3020.6000,3025.8000,3026.0000,3029.2000,3029.4000,3029.8000,1,1,1,1,1,1,1,2,2,1
SF,IH2006,2019-11-07 09:37:21.600,3024.8000,884,0,29944020.000,0,-,-,-,-,3023.8000,3022.6000,3022.0000,3020.6000,3018.8000,3025.8000,3026.0000,3029.2000,3029.4000,3029.8000,1,1,1,1,1,1,1,2,2,1
SF,IH2006,2019-11-07 09:37:22.600,3024.8000,884,0,29944020.000,0,-,-,-,-,3023.8000,3022.6000,3022.0000,3020.6000,3018.8000,3025.8000,3026.0000,3029.2000,3029.4000,3029.8000,1,1,1,1,1,1,1,2,2,1
SF,IH2006,2019-11-07 09:37:34.600,3024.8000,884,0,29944020.000,0,-,-,-,-,3022.6000,3022.0000,3020.6000,3018.8000,3018.0000,3025.8000,3026.0000,3029.2000,3029.4000,3029.8000,1,1,1,1,1,1,1,2,2,1
SF,IH2006,2019-11-07 09:37:35.100,3024.8000,884,0,29944020.000,0,-,-,-,-,3023.0000,3022.6000,3022.0000,3020.6000,3018.8000,3025.8000,3026.0000,3029.2000,3029.4000,3029.8000,1,1,1,1,1,1,1,2,2,1
SF,IH2006,2019-11-07 09:37:35.600,3024.8000,884,0,29944020.000,0,-,-,-,-,3023.2000,3023.0000,3022.6000,3022.0000,3020.6000,3025.6000,3025.8000,3026.0000,3029.2000,3029.4000,1,1,1,1,1,1,1,1,2,2
SF,IH2006,2019-11-07 09:37:36.100,3024.8000,884,0,29944020.000,0,-,-,-,-,3022.6000,3022.0000,3020.6000,3018.8000,3018.0000,3024.6000,3025.6000,3026.0000,3029.2000,3029.4000,1,1,1,1,1,1,1,1,2,2
SF,IH2006,2019-11-07 09:37:38.100,3024.8000,884,0,29944020.000,0,-,-,-,-,3022.0000,3020.6000,3018.8000,3018.0000,3013.4000,3024.6000,3025.6000,3026.0000,3029.2000,3029.4000,1,1,1,1,5,1,1,1,2,2
SF,IH2006,2019-11-07 09:37:55.100,3024.8000,884,0,29944020.000,0,-,-,-,-,3022.0000,3020.6000,3018.8000,3018.0000,3013.4000,3024.6000,3026.0000,3029.2000,3029.4000,3029.8000,1,1,1,1,5,1,1,2,2,1
SF,IH2006,2019-11-07 09:37:55.600,3024.8000,884,0,29944020.000,0,-,-,-,-,3023.2000,3022.0000,3020.6000,3018.8000,3018.0000,3026.0000,3029.2000,3029.4000,3029.8000,3030.0000,1,1,1,1,1,1,2,2,1,1
SF,IH2006,2019-11-07 09:37:56.100,3024.8000,884,0,29944020.000,0,-,-,-,-,3023.4000,3023.2000,3022.0000,3020.6000,3018.8000,3025.4000,3026.0000,3029.2000,3029.4000,3029.8000,1,1,1,1,1,1,1,2,2,1
SF,IH2006,2019-11-07 09:37:56.600,3024.8000,884,0,29944020.000,0,-,-,-,-,3023.4000,3022.0000,3020.6000,3018.8000,3018.0000,3025.4000,3026.0000,3029.2000,3029.4000,3029.8000,1,1,1,1,1,1,1,2,2,1
SF,IH2006,2019-11-07 09:38:06.100,3024.8000,884,0,29944020.000,0,-,-,-,-,3022.0000,3020.6000,3018.8000,3018.0000,3013.4000,3025.4000,3026.0000,3029.2000,3029.4000,3029.8000,1,1,1,1,5,1,1,2,2,1
SF,IH2006,2019-11-07 09:38:06.600,3024.8000,884,0,29944020.000,0,-,-,-,-,3023.0000,3022.0000,3020.6000,3018.8000,3018.0000,3025.4000,3026.0000,3029.2000,3029.4000,3029.8000,1,1,1,1,1,1,1,2,2,1
SF,IH2006,2019-11-07 09:38:07.100,3024.8000,884,0,29944020.000,0,-,-,-,-,3023.2000,3023.0000,3022.0000,3020.6000,3018.8000,3025.4000,3026.0000,3029.2000,3029.4000,3029.8000,1,1,1,1,1,1,1,2,2,1
SF,IH2006,2019-11-07 09:38:07.600,3024.8000,884,0,29944020.000,0,-,-,-,-,3023.2000,3022.0000,3020.6000,3018.8000,3018.0000,3025.4000,3026.0000,3029.2000,3029.4000,3029.8000,1,1,1,1,1,1,1,2,2,1
SF,IH2006,2019-11-07 09:38:08.100,3024.8000,884,0,29944020.000,0,-,-,-,-,3022.0000,3020.6000,3018.8000,3018.0000,3013.4000,3025.4000,3026.0000,3029.2000,3029.4000,3029.8000,1,1,1,1,5,1,1,2,2,1
SF,IH2006,2019-11-07 09:38:08.600,3024.8000,884,0,29944020.000,0,-,-,-,-,3022.8000,3022.0000,3020.6000,3018.8000,3018.0000,3025.4000,3026.0000,3029.2000,3029.4000,3029.8000,1,1,1,1,1,1,1,2,2,1
SF,IH2006,2019-11-07 09:38:10.100,3024.8000,884,0,29944020.000,0,-,-,-,-,3023.0000,3022.8000,3022.0000,3020.6000,3018.8000,3025.4000,3026.0000,3029.2000,3029.4000,3029.8000,1,1,1,1,1,1,1,2,2,1
SF,IH2006,2019-11-07 09:38:10.600,3024.8000,884,0,29944020.000,0,-,-,-,-,3022.0000,3020.6000,3018.8000,3018.0000,3013.4000,3025.4000,3026.0000,3029.2000,3029.4000,3029.8000,1,1,1,1,5,1,1,2,2,1
SF,IH2006,2019-11-07 09:38:11.100,3024.8000,884,0,29944020.000,0,-,-,-,-,3022.8000,3022.0000,3020.6000,3018.8000,3018.0000,3025.4000,3026.0000,3029.2000,3029.4000,3029.8000,1,1,1,1,1,1,1,2,2,1
SF,IH2006,2019-11-07 09:38:11.600,3024.8000,884,0,29944020.000,0,-,-,-,-,3023.0000,3022.8000,3022.0000,3020.6000,3018.8000,3025.4000,3026.0000,3029.2000,3029.4000,3029.8000,1,1,1,1,1,1,1,2,2,1
SF,IH2006,2019-11-07 09:38:12.100,3024.8000,884,0,29944020.000,0,-,-,-,-,3023.0000,3022.0000,3020.6000,3018.8000,3018.0000,3025.4000,3026.0000,3029.2000,3029.4000,3029.8000,1,1,1,1,1,1,1,2,2,1
SF,IH2006,2019-11-07 09:38:16.100,3024.8000,884,0,29944020.000,0,-,-,-,-,3022.0000,3020.6000,3018.8000,3018.0000,3013.4000,3025.4000,3026.0000,3029.2000,3029.4000,3029.8000,1,1,1,1,5,1,1,2,2,1
SF,IH2006,2019-11-07 09:38:16.600,3024.8000,884,0,29944020.000,0,-,-,-,-,3022.6000,3022.0000,3020.6000,3018.8000,3018.0000,3025.4000,3026.0000,3029.2000,3029.4000,3029.8000,1,1,1,1,1,1,1,2,2,1
SF,IH2006,2019-11-07 09:38:17.100,3024.8000,884,0,29944020.000,0,-,-,-,-,3022.8000,3022.6000,3022.0000,3020.6000,3018.8000,3025.4000,3026.0000,3029.2000,3029.4000,3029.8000,1,1,1,1,1,1,1,2,2,1
SF,IH2006,2019-11-07 09:38:17.600,3024.8000,884,0,29944020.000,0,-,-,-,-,3022.8000,3022.0000,3020.6000,3018.8000,3018.0000,3025.4000,3026.0000,3029.2000,3029.4000,3029.8000,1,1,1,1,1,1,1,2,2,1
SF,IH2006,2019-11-07 09:38:22.600,3024.8000,884,0,29944020.000,0,-,-,-,-,3022.8000,3022.0000,3020.6000,3018.8000,3018.0000,3025.2000,3025.4000,3026.0000,3029.2000,3029.4000,1,1,1,1,1,1,1,1,2,2
SF,IH2006,2019-11-07 09:38:23.100,3024.8000,884,0,29944020.000,0,-,-,-,-,3022.0000,3020.6000,3018.8000,3018.0000,3013.4000,3024.2000,3025.2000,3026.0000,3029.2000,3029.4000,1,1,1,1,5,1,1,1,2,2
SF,IH2006,2019-11-07 09:38:25.600,3024.8000,884,0,29944020.000,0,-,-,-,-,3020.6000,3018.8000,3018.0000,3013.4000,3012.0000,3024.2000,3025.2000,3026.0000,3029.2000,3029.4000,1,1,1,5,1,1,1,1,2,2
SF,IH2006,2019-11-07 09:38:26.100,3024.8000,884,0,29944020.000,0,-,-,-,-,3021.0000,3020.6000,3018.8000,3018.0000,3013.4000,3024.2000,3025.2000,3026.0000,3029.2000,3029.4000,1,1,1,1,5,1,1,1,2,2
SF,IH2006,2019-11-07 09:38:26.600,3024.8000,884,0,29944020.000,0,-,-,-,-,3021.2000,3021.0000,3020.6000,3018.8000,3018.0000,3024.2000,3025.2000,3026.0000,3029.2000,3029.4000,1,1,1,1,1,1,1,1,2,2
SF,IH2006,2019-11-07 09:38:27.100,3024.8000,884,0,29944020.000,0,-,-,-,-,3021.6000,3021.2000,3020.6000,3018.8000,3018.0000,3024.2000,3025.2000,3026.0000,3029.2000,3029.4000,1,1,1,1,1,1,1,1,2,2
SF,IH2006,2019-11-07 09:38:27.600,3024.8000,884,0,29944020.000,0,-,-,-,-,3021.8000,3021.6000,3021.2000,3020.6000,3018.8000,3024.2000,3025.2000,3029.2000,3029.4000,3029.8000,1,1,1,1,1,1,1,2,2,1
SF,IH2006,2019-11-07 09:38:28.100,3024.8000,884,0,29944020.000,0,-,-,-,-,3021.8000,3021.2000,3020.6000,3018.8000,3018.0000,3024.2000,3025.2000,3029.2000,3029.4000,3029.8000,1,1,1,1,1,1,1,2,2,1
SF,IH2006,2019-11-07 09:38:28.600,3024.8000,884,0,29944020.000,0,-,-,-,-,3021.2000,3020.6000,3018.8000,3018.0000,3013.4000,3024.2000,3025.2000,3029.2000,3029.4000,3029.8000,1,1,1,1,5,1,1,2,2,1
SF,IH2006,2019-11-07 09:38:29.100,3024.8000,884,0,29944020.000,0,-,-,-,-,3021.4000,3021.2000,3020.6000,3018.8000,3018.0000,3024.2000,3025.2000,3029.2000,3029.4000,3029.8000,1,1,1,1,1,1,1,2,2,1
SF,IH2006,2019-11-07 09:38:29.600,3024.8000,884,0,29944020.000,0,-,-,-,-,3021.6000,3021.4000,3021.2000,3020.6000,3018.8000,3023.8000,3024.2000,3025.2000,3029.2000,3029.4000,1,1,1,1,1,1,1,1,2,2
SF,IH2006,2019-11-07 09:38:30.100,3024.8000,884,0,29944020.000,0,-,-,-,-,3021.6000,3021.2000,3020.6000,3018.8000,3018.0000,3023.6000,3023.8000,3025.2000,3029.2000,3029.4000,1,1,1,1,1,1,1,1,2,2
SF,IH2006,2019-11-07 09:38:38.600,3024.8000,884,0,29944020.000,0,-,-,-,-,3021.6000,3021.2000,3020.6000,3018.8000,3018.0000,3023.6000,3025.2000,3029.2000,3029.4000,3029.8000,1,1,1,1,1,1,1,2,2,1
SF,IH2006,2019-11-07 09:38:39.100,3024.8000,884,0,29944020.000,0,-,-,-,-,3021.2000,3020.6000,3018.8000,3018.0000,3013.4000,3023.6000,3025.2000,3029.2000,3029.4000,3029.8000,1,1,1,1,5,1,1,2,2,1
SF,IH2006,2019-11-07 09:38:40.100,3024.8000,884,0,29944020.000,0,-,-,-,-,3021.2000,3020.6000,3018.8000,3018.0000,3013.4000,3023.4000,3023.6000,3025.2000,3029.2000,3029.4000,1,1,1,1,5,1,1,1,2,2
SF,IH2006,2019-11-07 09:38:40.600,3024.8000,884,0,29944020.000,0,-,-,-,-,3021.2000,3020.6000,3018.8000,3018.0000,3013.4000,3023.2000,3023.4000,3025.2000,3029.2000,3029.4000,1,1,1,1,5,1,1,1,2,2
SF,IH2006,2019-11-07 09:38:43.600,3024.8000,884,0,29944020.000,0,-,-,-,-,3021.2000,3020.6000,3018.8000,3018.0000,3013.4000,3023.2000,3025.2000,3029.2000,3029.4000,3029.8000,1,1,1,1,5,1,1,2,2,1
SF,IH2006,2019-11-07 09:40:09.600,3024.8000,884,0,29944020.000,0,-,-,-,-,3021.2000,3020.6000,3018.8000,3018.0000,3013.4000,3023.2000,3029.2000,3029.4000,3029.8000,3030.0000,1,1,1,1,5,1,2,2,1,1
SF,IH2006,2019-11-07 09:40:10.100,3023.2000,883,-1,30850980.000,1,0,1,双平,S,3022.0000,3021.2000,3020.6000,3018.8000,3018.0000,3025.4000,3029.2000,3029.4000,3029.8000,3030.0000,1,1,1,1,1,1,2,2,1,1
SF,IH2006,2019-11-07 09:40:10.600,3023.2000,883,0,30850980.000,0,-,-,-,-,3022.2000,3022.0000,3021.2000,3020.6000,3018.8000,3025.2000,3025.4000,3029.2000,3029.4000,3029.8000,1,1,1,1,1,1,1,2,2,1
SF,IH2006,2019-11-07 09:40:11.100,3023.2000,883,0,30850980.000,0,-,-,-,-,3023.0000,3022.2000,3021.2000,3020.6000,3018.8000,3029.2000,3029.4000,3029.8000,3030.0000,3032.4000,1,1,1,1,1,2,2,1,1,5
SF,IH2006,2019-11-07 09:40:11.600,3023.2000,883,0,30850980.000,0,-,-,-,-,3023.0000,3022.2000,3021.2000,3020.6000,3018.8000,3025.2000,3029.0000,3029.2000,3029.4000,3029.8000,1,1,1,1,1,1,1,2,2,1
SF,IH2006,2019-11-07 09:40:14.100,3023.2000,883,0,30850980.000,0,-,-,-,-,3023.2000,3023.0000,3022.2000,3021.2000,3020.6000,3025.2000,3029.0000,3029.2000,3029.4000,3029.8000,1,1,1,1,1,1,1,2,2,1
SF,IH2006,2019-11-07 09:40:14.600,3023.2000,883,0,30850980.000,0,-,-,-,-,3023.2000,3022.2000,3021.2000,3020.6000,3018.8000,3025.2000,3029.0000,3029.2000,3029.4000,3029.8000,1,1,1,1,1,1,1,2,2,1
SF,IH2006,2019-11-07 09:40:15.600,3023.2000,883,0,30850980.000,0,-,-,-,-,3022.2000,3021.2000,3020.6000,3018.8000,3018.0000,3025.2000,3029.0000,3029.2000,3029.4000,3029.8000,1,1,1,1,1,1,1,2,2,1
SF,IH2006,2019-11-07 09:40:16.100,3023.2000,883,0,30850980.000,0,-,-,-,-,3023.2000,3022.2000,3021.2000,3020.6000,3018.8000,3025.2000,3029.0000,3029.2000,3029.4000,3029.8000,1,1,1,1,1,1,1,2,2,1
SF,IH2006,2019-11-07 09:40:16.600,3023.2000,883,0,30850980.000,0,-,-,-,-,3023.4000,3023.2000,3022.2000,3021.2000,3020.6000,3025.2000,3029.0000,3029.2000,3029.4000,3029.8000,1,1,1,1,1,1,1,2,2,1
SF,IH2006,2019-11-07 09:40:17.100,3023.2000,883,0,30850980.000,0,-,-,-,-,3022.2000,3021.2000,3020.6000,3018.8000,3018.0000,3025.2000,3029.0000,3029.2000,3029.4000,3029.8000,1,1,1,1,1,1,1,2,2,1
SF,IH2006,2019-11-07 09:40:17.600,3023.2000,883,0,30850980.000,0,-,-,-,-,3023.2000,3022.2000,3021.2000,3020.6000,3018.8000,3025.2000,3029.0000,3029.2000,3029.4000,3029.8000,1,1,1,1,1,1,1,2,2,1
SF,IH2006,2019-11-07 09:40:18.100,3023.2000,883,0,30850980.000,0,-,-,-,-,3023.4000,3023.2000,3022.2000,3021.2000,3020.6000,3025.2000,3029.0000,3029.2000,3029.4000,3029.8000,1,1,1,1,1,1,1,2,2,1
SF,IH2006,2019-11-07 09:40:18.600,3023.2000,883,0,30850980.000,0,-,-,-,-,3022.2000,3021.2000,3020.6000,3018.8000,3018.0000,3025.2000,3029.0000,3029.2000,3029.4000,3029.8000,1,1,1,1,1,1,1,2,2,1
SF,IH2006,2019-11-07 09:40:19.100,3023.2000,883,0,30850980.000,0,-,-,-,-,3023.0000,3022.2000,3021.2000,3020.6000,3018.8000,3025.2000,3029.0000,3029.2000,3029.4000,3029.8000,1,1,1,1,1,1,1,2,2,1
SF,IH2006,2019-11-07 09:40:19.600,3023.2000,883,0,30850980.000,0,-,-,-,-,3023.2000,3023.0000,3022.2000,3021.2000,3020.6000,3025.2000,3029.0000,3029.2000,3029.4000,3029.8000,1,1,1,1,1,1,1,2,2,1
SF,IH2006,2019-11-07 09:40:20.100,3023.2000,883,0,30850980.000,0,-,-,-,-,3022.2000,3021.2000,3020.6000,3018.8000,3018.0000,3025.2000,3029.0000,3029.2000,3029.4000,3029.8000,1,1,1,1,1,1,1,2,2,1
SF,IH2006,2019-11-07 09:40:20.600,3023.2000,883,0,30850980.000,0,-,-,-,-,3023.0000,3022.2000,3021.2000,3020.6000,3018.8000,3025.2000,3029.0000,3029.2000,3029.4000,3029.8000,1,1,1,1,1,1,1,2,2,1
SF,IH2006,2019-11-07 09:40:21.100,3023.2000,883,0,30850980.000,0,-,-,-,-,3023.2000,3023.0000,3022.2000,3021.2000,3020.6000,3025.2000,3029.0000,3029.2000,3029.4000,3029.8000,1,1,1,1,1,1,1,2,2,1
SF,IH2006,2019-11-07 09:40:21.600,3023.2000,883,0,30850980.000,0,-,-,-,-,3023.2000,3022.2000,3021.2000,3020.6000,3018.8000,3025.2000,3029.0000,3029.2000,3029.4000,3029.8000,1,1,1,1,1,1,1,2,2,1
SF,IH2006,2019-11-07 09:40:22.100,3023.2000,883,0,30850980.000,0,-,-,-,-,3023.4000,3023.2000,3022.2000,3021.2000,3020.6000,3025.2000,3029.0000,3029.2000,3029.4000,3029.8000,1,1,1,1,1,1,1,2,2,1
SF,IH2006,2019-11-07 09:40:26.600,3023.2000,883,0,30850980.000,0,-,-,-,-,3023.6000,3023.4000,3023.2000,3022.2000,3021.2000,3025.2000,3029.0000,3029.2000,3029.4000,3029.8000,1,1,1,1,1,1,1,2,2,1
SF,IH2006,2019-11-07 09:40:27.100,3023.2000,883,0,30850980.000,0,-,-,-,-,3024.2000,3024.0000,3023.6000,3023.2000,3022.2000,3029.0000,3029.2000,3029.4000,3029.8000,3030.0000,1,1,1,1,1,1,2,2,1,1
SF,IH2006,2019-11-07 09:40:27.600,3023.2000,883,0,30850980.000,0,-,-,-,-,3024.2000,3024.0000,3023.6000,3023.2000,3022.2000,3026.4000,3029.0000,3029.2000,3029.4000,3029.8000,1,1,1,1,1,1,1,2,2,1
SF,IH2006,2019-11-07 09:40:31.600,3023.2000,883,0,30850980.000,0,-,-,-,-,3024.2000,3024.0000,3023.2000,3022.2000,3021.2000,3026.4000,3029.0000,3029.2000,3029.4000,3029.8000,1,1,1,1,1,1,1,2,2,1
SF,IH2006,2019-11-07 09:40:34.100,3023.2000,883,0,30850980.000,0,-,-,-,-,3024.2000,3024.0000,3023.2000,3022.2000,3021.2000,3026.2000,3026.4000,3029.0000,3029.2000,3029.4000,1,1,1,1,1,1,1,1,2,2
SF,IH2006,2019-11-07 09:40:34.600,3023.2000,883,0,30850980.000,0,-,-,-,-,3024.2000,3024.0000,3023.2000,3022.2000,3021.2000,3026.0000,3026.2000,3029.0000,3029.2000,3029.4000,1,1,1,1,1,1,1,1,2,2
SF,IH2006,2019-11-07 09:40:35.100,3024.0000,882,-1,31758180.000,1,0,1,双平,S,3023.2000,3022.2000,3021.2000,3020.6000,3018.8000,3026.0000,3026.2000,3029.0000,3029.2000,3029.4000,1,1,1,1,1,1,1,1,2,2
SF,IH2006,2019-11-07 09:40:35.600,3024.0000,882,0,31758180.000,0,-,-,-,-,3023.2000,3022.2000,3021.2000,3020.6000,3018.8000,3025.8000,3026.0000,3026.2000,3029.0000,3029.2000,1,1,1,1,1,1,1,1,1,2
SF,IH2006,2019-11-07 09:40:36.100,3024.0000,882,0,31758180.000,0,-,-,-,-,3022.2000,3021.2000,3020.6000,3018.8000,3018.0000,3025.2000,3025.8000,3026.2000,3029.0000,3029.2000,1,1,1,1,1,1,1,1,1,2
SF,IH2006,2019-11-07 09:40:36.600,3024.0000,882,0,31758180.000,0,-,-,-,-,3023.0000,3022.2000,3021.2000,3020.6000,3018.8000,3025.2000,3025.8000,3026.2000,3029.0000,3029.2000,1,1,1,1,1,1,1,1,1,2
SF,IH2006,2019-11-07 09:40:37.600,3024.0000,882,0,31758180.000,0,-,-,-,-,3023.2000,3023.0000,3022.2000,3021.2000,3020.6000,3025.2000,3025.8000,3026.2000,3029.0000,3029.2000,1,1,1,1,1,1,1,1,1,2
SF,IH2006,2019-11-07 09:40:38.100,3024.0000,882,0,31758180.000,0,-,-,-,-,3023.6000,3023.2000,3022.2000,3021.2000,3020.6000,3025.8000,3026.2000,3029.0000,3029.2000,3029.4000,1,1,1,1,1,1,1,1,2,2
SF,IH2006,2019-11-07 09:40:42.600,3024.0000,882,0,31758180.000,0,-,-,-,-,3023.8000,3023.6000,3023.2000,3022.2000,3021.2000,3026.2000,3029.0000,3029.2000,3029.4000,3029.8000,1,1,1,1,1,1,1,2,2,1
SF,IH2006,2019-11-07 09:40:43.100,3024.0000,882,0,31758180.000,0,-,-,-,-,3024.6000,3023.8000,3023.2000,3022.2000,3021.2000,3029.0000,3029.2000,3029.4000,3029.8000,3030.0000,1,1,1,1,1,1,2,2,1,1
SF,IH2006,2019-11-07 09:40:43.600,3024.0000,882,0,31758180.000,0,-,-,-,-,3024.6000,3023.8000,3023.2000,3022.2000,3021.2000,3026.8000,3029.0000,3029.2000,3029.4000,3029.8000,1,1,1,1,1,1,1,2,2,1
SF,IH2006,2019-11-07 09:40:45.100,3024.6000,881,-1,32665560.000,1,0,1,双平,S,3023.8000,3023.2000,3022.8000,3022.2000,3021.2000,3026.6000,3026.8000,3029.0000,3029.2000,3029.4000,1,1,1,1,1,1,1,1,2,2
SF,IH2006,2019-11-07 09:40:45.600,3024.6000,881,0,32665560.000,0,-,-,-,-,3023.2000,3022.2000,3021.2000,3020.6000,3018.8000,3025.2000,3026.6000,3029.0000,3029.2000,3029.4000,1,1,1,1,1,1,1,1,2,2
SF,IH2006,2019-11-07 09:40:46.100,3024.6000,881,0,32665560.000,0,-,-,-,-,3023.4000,3023.2000,3022.2000,3021.2000,3020.6000,3025.2000,3026.6000,3029.0000,3029.2000,3029.4000,1,1,1,1,1,1,1,1,2,2
SF,IH2006,2019-11-07 09:40:49.600,3024.6000,881,0,32665560.000,0,-,-,-,-,3023.4000,3022.2000,3021.2000,3020.6000,3018.8000,3025.2000,3026.6000,3029.0000,3029.2000,3029.4000,1,1,1,1,1,1,1,1,2,2
SF,IH2006,2019-11-07 09:40:51.100,3024.6000,881,0,32665560.000,0,-,-,-,-,3023.4000,3022.2000,3021.2000,3020.6000,3018.8000,3025.0000,3025.2000,3026.6000,3029.0000,3029.2000,1,1,1,1,1,1,1,1,1,2
SF,IH2006,2019-11-07 09:40:51.600,3024.6000,881,0,32665560.000,0,-,-,-,-,3023.4000,3022.2000,3021.2000,3020.6000,3018.8000,3026.6000,3029.0000,3029.2000,3029.4000,3029.8000,1,1,1,1,1,1,1,2,2,1
SF,IH2006,2019-11-07 09:40:52.100,3024.6000,881,0,32665560.000,0,-,-,-,-,3022.2000,3021.2000,3020.6000,3018.8000,3018.0000,3025.0000,3026.4000,3026.6000,3029.0000,3029.2000,1,1,1,1,1,1,2,1,1,2
SF,IH2006,2019-11-07 09:40:52.600,3024.6000,881,0,32665560.000,0,-,-,-,-,3022.8000,3022.2000,3021.2000,3020.6000,3018.8000,3025.0000,3026.4000,3026.6000,3029.0000,3029.2000,1,1,1,1,1,1,2,1,1,2
SF,IH2006,2019-11-07 09:40:54.100,3024.6000,881,0,32665560.000,0,-,-,-,-,3023.0000,3022.8000,3022.2000,3021.2000,3020.6000,3025.0000,3026.4000,3026.6000,3029.0000,3029.2000,1,1,1,1,1,1,2,1,1,2
SF,IH2006,2019-11-07 09:40:54.600,3024.6000,881,0,32665560.000,0,-,-,-,-,3023.0000,3022.2000,3021.2000,3020.6000,3018.8000,3025.0000,3026.4000,3026.6000,3029.0000,3029.2000,1,1,1,1,1,1,2,1,1,2
SF,IH2006,2019-11-07 09:40:56.100,3024.6000,881,0,32665560.000,0,-,-,-,-,3022.2000,3021.2000,3020.6000,3018.8000,3018.0000,3025.0000,3026.4000,3026.6000,3029.0000,3029.2000,1,1,1,1,1,1,2,1,1,2
SF,IH2006,2019-11-07 09:40:56.600,3024.6000,881,0,32665560.000,0,-,-,-,-,3022.8000,3022.2000,3021.2000,3020.6000,3018.8000,3025.0000,3026.4000,3026.6000,3029.0000,3029.2000,1,1,1,1,1,1,2,1,1,2
SF,IH2006,2019-11-07 09:41:04.100,3024.6000,881,0,32665560.000,0,-,-,-,-,3022.8000,3022.2000,3021.2000,3020.6000,3018.8000,3024.8000,3025.0000,3026.4000,3026.6000,3029.0000,1,1,1,1,1,1,1,2,1,1
SF,IH2006,2019-11-07 09:41:04.600,3024.6000,881,0,32665560.000,0,-,-,-,-,3022.8000,3022.2000,3021.2000,3020.6000,3018.8000,3024.6000,3024.8000,3026.4000,3026.6000,3029.0000,1,1,1,1,1,1,1,2,1,1
SF,IH2006,2019-11-07 09:41:15.100,3024.6000,881,0,32665560.000,0,-,-,-,-,3022.8000,3022.2000,3021.2000,3020.6000,3018.8000,3024.6000,3026.4000,3026.6000,3029.0000,3029.2000,1,1,1,1,1,1,2,1,1,2
SF,IH2006,2019-11-07 09:41:19.100,3024.6000,881,0,32665560.000,0,-,-,-,-,3023.0000,3022.8000,3022.2000,3021.2000,3020.6000,3024.6000,3026.4000,3026.6000,3029.0000,3029.2000,1,1,1,1,1,1,2,1,1,2
SF,IH2006,2019-11-07 09:41:19.600,3024.6000,881,0,32665560.000,0,-,-,-,-,3022.2000,3021.2000,3020.6000,3018.8000,3018.0000,3024.6000,3026.4000,3026.6000,3029.0000,3029.2000,1,1,1,1,1,1,2,1,1,2
SF,IH2006,2019-11-07 09:41:20.100,3024.6000,881,0,32665560.000,0,-,-,-,-,3022.6000,3022.2000,3021.2000,3020.6000,3018.8000,3024.6000,3026.4000,3026.6000,3029.0000,3029.2000,1,1,1,1,1,1,2,1,1,2
SF,IH2006,2019-11-07 09:41:20.600,3024.6000,881,0,32665560.000,0,-,-,-,-,3022.6000,3022.2000,3021.2000,3020.6000,3018.8000,3024.4000,3024.6000,3026.4000,3026.6000,3029.0000,1,1,1,1,1,1,1,2,1,1
SF,IH2006,2019-11-07 09:41:21.100,3024.6000,881,0,32665560.000,0,-,-,-,-,3022.6000,3022.2000,3021.2000,3020.6000,3018.8000,3024.4000,3026.4000,3026.6000,3029.0000,3029.2000,1,1,1,1,1,1,2,1,1,2
SF,IH2006,2019-11-07 09:41:29.100,3024.6000,881,0,32665560.000,0,-,-,-,-,3022.8000,3022.6000,3022.2000,3021.2000,3020.6000,3024.4000,3026.4000,3026.6000,3029.0000,3029.2000,1,1,1,1,1,1,2,1,1,2
SF,IH2006,2019-11-07 09:41:30.100,3024.6000,881,0,32665560.000,0,-,-,-,-,3022.6000,3022.2000,3021.2000,3020.6000,3018.8000,3024.4000,3026.4000,3026.6000,3029.0000,3029.2000,1,1,1,1,1,1,2,1,1,2
SF,IH2006,2019-11-07 09:41:31.100,3024.6000,881,0,32665560.000,0,-,-,-,-,3022.8000,3022.6000,3022.2000,3021.2000,3020.6000,3024.4000,3026.4000,3026.6000,3029.0000,3029.2000,1,1,1,1,1,1,2,1,1,2
SF,IH2006,2019-11-07 09:41:31.600,3024.6000,881,0,32665560.000,0,-,-,-,-,3022.2000,3021.2000,3020.6000,3018.8000,3018.0000,3024.4000,3026.4000,3026.6000,3029.0000,3029.2000,1,1,1,1,1,1,2,1,1,2
SF,IH2006,2019-11-07 09:41:32.100,3024.6000,881,0,32665560.000,0,-,-,-,-,3022.6000,3022.2000,3021.2000,3020.6000,3018.8000,3024.4000,3026.4000,3026.6000,3029.0000,3029.2000,1,1,1,1,1,1,2,1,1,2
SF,IH2006,2019-11-07 09:41:41.100,3024.6000,881,0,32665560.000,0,-,-,-,-,3022.6000,3021.2000,3020.6000,3018.8000,3018.0000,3024.4000,3026.4000,3026.6000,3029.0000,3029.2000,1,1,1,1,1,1,2,1,1,2
SF,IH2006,2019-11-07 09:41:41.600,3024.6000,881,0,32665560.000,0,-,-,-,-,3021.2000,3020.6000,3018.8000,3018.0000,3013.4000,3024.2000,3024.4000,3026.4000,3026.6000,3029.0000,1,1,1,1,5,1,1,2,1,1
SF,IH2006,2019-11-07 09:41:42.100,3024.6000,881,0,32665560.000,0,-,-,-,-,3023.0000,3022.2000,3021.2000,3020.6000,3018.8000,3024.2000,3024.4000,3026.4000,3026.6000,3029.0000,1,1,1,1,1,1,1,2,1,1
SF,IH2006,2019-11-07 09:41:42.600,3024.6000,881,0,32665560.000,0,-,-,-,-,3023.0000,3021.2000,3020.6000,3018.8000,3018.0000,3024.2000,3024.4000,3026.4000,3026.6000,3029.0000,1,1,1,1,1,1,1,2,1,1
SF,IH2006,2019-11-07 09:41:45.100,3024.6000,881,0,32665560.000,0,-,-,-,-,3023.0000,3022.8000,3021.2000,3020.6000,3018.8000,3024.2000,3024.4000,3026.4000,3026.6000,3029.0000,1,1,1,1,1,1,1,2,1,1
SF,IH2006,2019-11-07 09:41:47.600,3023.0000,882,1,33572460.000,1,1,0,双开,S,3022.8000,3021.2000,3020.6000,3018.8000,3018.0000,3024.2000,3024.4000,3026.4000,3026.6000,3029.0000,1,1,1,1,1,1,1,2,1,1
SF,IH2006,2019-11-07 09:41:51.600,3022.8000,883,1,34479300.000,1,1,0,双开,S,3021.2000,3020.6000,3018.8000,3018.0000,3013.4000,3022.8000,3024.2000,3024.4000,3026.4000,3026.6000,1,1,1,1,5,1,1,1,2,1
SF,IH2006,2019-11-07 09:41:52.100,3022.8000,883,0,34479300.000,0,-,-,-,-,3021.4000,3021.2000,3020.6000,3018.8000,3018.0000,3022.8000,3024.4000,3026.4000,3026.6000,3029.0000,1,1,1,1,1,1,1,2,1,1
SF,IH2006,2019-11-07 09:41:53.600,3022.8000,883,0,34479300.000,0,-,-,-,-,3021.4000,3021.2000,3020.6000,3018.8000,3018.0000,3024.4000,3026.4000,3026.6000,3029.0000,3029.2000,1,1,1,1,1,1,2,1,1,1
SF,IH2006,2019-11-07 09:41:54.100,3022.8000,883,0,34479300.000,0,-,-,-,-,3021.4000,3021.2000,3020.6000,3018.8000,3018.0000,3023.2000,3024.2000,3024.4000,3026.4000,3026.6000,1,1,1,1,1,1,2,1,2,1
SF,IH2006,2019-11-07 09:41:54.600,3022.8000,883,0,34479300.000,0,-,-,-,-,3021.4000,3021.2000,3020.6000,3018.8000,3018.0000,3023.2000,3024.4000,3026.4000,3026.6000,3029.0000,1,1,1,1,1,1,1,2,1,1
SF,IH2006,2019-11-07 09:41:55.100,3022.8000,883,0,34479300.000,0,-,-,-,-,3021.4000,3020.6000,3018.8000,3018.0000,3013.4000,3023.2000,3024.4000,3026.4000,3026.6000,3029.0000,1,1,1,1,5,1,1,2,1,1
SF,IH2006,2019-11-07 09:42:11.600,3022.8000,883,0,34479300.000,0,-,-,-,-,3021.4000,3020.6000,3018.8000,3018.0000,3013.4000,3023.0000,3023.2000,3026.4000,3026.6000,3029.0000,1,1,1,1,5,1,1,2,1,1
SF,IH2006,2019-11-07 09:42:12.100,3022.8000,883,0,34479300.000,0,-,-,-,-,3021.4000,3020.6000,3018.8000,3018.0000,3013.4000,3023.0000,3026.4000,3026.6000,3029.0000,3029.2000,1,1,1,1,5,1,2,1,1,1
SF,IH2006,2019-11-07 09:42:13.100,3022.8000,883,0,34479300.000,0,-,-,-,-,3021.4000,3020.6000,3018.8000,3018.0000,3013.4000,3022.8000,3023.0000,3026.4000,3026.6000,3029.0000,1,1,1,1,5,1,1,2,1,1
SF,IH2006,2019-11-07 09:42:14.600,3022.8000,883,0,34479300.000,0,-,-,-,-,3021.4000,3020.6000,3018.8000,3018.0000,3013.4000,3023.0000,3026.4000,3026.6000,3029.0000,3029.2000,1,1,1,1,5,1,2,1,1,1
SF,IH2006,2019-11-07 09:42:17.100,3022.8000,883,0,34479300.000,0,-,-,-,-,3021.4000,3020.6000,3018.8000,3018.0000,3013.4000,3022.8000,3023.0000,3026.4000,3026.6000,3029.0000,1,1,1,1,5,1,1,2,1,1
SF,IH2006,2019-11-07 09:42:25.100,3022.8000,883,0,34479300.000,0,-,-,-,-,3021.4000,3020.6000,3018.8000,3018.0000,3013.4000,3023.0000,3026.4000,3026.6000,3029.0000,3029.2000,1,1,1,1,5,1,2,1,1,1
SF,IH2006,2019-11-07 09:42:26.600,3022.8000,883,0,34479300.000,0,-,-,-,-,3021.4000,3020.6000,3018.8000,3018.0000,3013.4000,3022.6000,3026.4000,3026.6000,3029.0000,3029.2000,1,1,1,1,5,1,2,1,1,1
SF,IH2006,2019-11-07 09:42:27.100,3022.6000,883,0,35386080.000,1,0,1,多换,S,3021.4000,3020.6000,3018.8000,3018.0000,3013.4000,3026.4000,3026.6000,3029.0000,3029.2000,3029.4000,1,1,1,1,5,2,1,1,1,2
SF,IH2006,2019-11-07 09:42:27.600,3022.6000,883,0,35386080.000,0,-,-,-,-,3021.4000,3020.6000,3018.8000,3018.0000,3013.4000,3023.8000,3026.2000,3026.4000,3026.6000,3029.0000,1,1,1,1,5,1,3,2,1,1
SF,IH2006,2019-11-07 09:42:29.100,3022.6000,883,0,35386080.000,0,-,-,-,-,3021.4000,3020.6000,3018.8000,3018.0000,3013.4000,3023.6000,3023.8000,3026.2000,3026.4000,3026.6000,1,1,1,1,5,1,1,3,2,1
SF,IH2006,2019-11-07 09:42:29.600,3022.6000,883,0,35386080.000,0,-,-,-,-,3021.4000,3020.6000,3018.8000,3018.0000,3013.4000,3023.6000,3026.2000,3026.4000,3026.6000,3029.0000,1,1,1,1,5,1,3,2,1,1
SF,IH2006,2019-11-07 09:42:37.100,3022.6000,883,0,35386080.000,0,-,-,-,-,3021.4000,3020.6000,3018.8000,3018.0000,3013.4000,3023.4000,3023.6000,3026.2000,3026.4000,3026.6000,1,1,1,1,5,1,1,3,2,1
SF,IH2006,2019-11-07 09:42:38.600,3022.6000,883,0,35386080.000,0,-,-,-,-,3021.4000,3020.6000,3018.8000,3018.0000,3013.4000,3023.4000,3026.2000,3026.4000,3026.6000,3029.0000,1,1,1,1,5,1,3,2,1,1
SF,IH2006,2019-11-07 09:42:39.600,3022.6000,883,0,35386080.000,0,-,-,-,-,3021.4000,3020.6000,3018.8000,3018.0000,3013.4000,3023.0000,3023.4000,3026.2000,3026.4000,3026.6000,1,1,1,1,5,1,1,3,2,1
SF,IH2006,2019-11-07 09:42:46.600,3022.6000,883,0,35386080.000,0,-,-,-,-,3021.4000,3020.6000,3018.8000,3018.0000,3013.4000,3023.0000,3026.2000,3026.4000,3026.6000,3029.0000,1,1,1,1,5,1,3,2,1,1
