市场代码,合约代码,时间,最新,持仓,增仓,成交额,成交量,开仓,平仓,成交类型,方向,买一价,买二价,买三价,买四价,买五价,卖一价,卖二价,卖三价,卖四价,卖五价,买一量,买二量,买三量,买四量,买五量,卖一量,卖二量,卖三量,卖四量,卖五量
SF,IH2009,2020-03-16 09:29:00.300,2750.0000,9219,0,5775000.000,7.000,-,-,-,-,2748.0000,2745.0000,2742.4000,2742.2000,2741.4000,2758.0000,2760.0000,2761.4000,2764.0000,2768.0000,6,1,1,1,1,1,2,1,1,1
SF,IH2009,2020-03-16 09:30:00.300,2738.2000,9227,8,18122100.000,15,11,4,空开,S,2736.4000,2735.0000,2730.0000,2723.6000,2720.0000,2744.6000,2744.8000,2746.0000,2746.6000,2747.2000,1,2,1,1,1,3,2,1,1,1
SF,IH2009,2020-03-16 09:30:00.800,2739.0000,9227,0,18943800.000,1,0,1,多换,S,2736.6000,2736.4000,2735.0000,2730.0000,2720.0000,2739.0000,2740.6000,2744.4000,2744.8000,2746.0000,1,1,2,1,1,1,1,5,2,1
SF,IH2009,2020-03-16 09:30:01.300,2736.4000,9226,-1,20586420.000,2,0,2,多平,S,2736.8000,2735.0000,2730.0000,2720.0000,2717.6000,2738.8000,2740.6000,2744.4000,2744.8000,2745.0000,5,2,1,1,1,3,1,2,2,10
SF,IH2009,2020-03-16 09:30:01.800,2736.8000,9226,0,24691380.000,5,2,3,多换,S,2735.0000,2730.0000,2720.0000,2713.0000,2712.8000,2738.8000,2739.0000,2744.8000,2745.0000,2746.0000,2,1,1,2,1,7,1,2,10,1
SF,IH2009,2020-03-16 09:30:02.300,2735.0000,9225,-1,25511880.000,1,0,1,双平,S,2735.0000,2730.0000,2720.0000,2713.0000,2712.8000,2735.4000,2736.0000,2736.4000,2736.8000,2738.8000,1,1,1,2,1,2,2,1,1,6
SF,IH2009,2020-03-16 09:30:02.800,2735.0000,9225,0,26332380.000,1,0,1,多换,S,2730.0000,2720.0000,2713.0000,2712.8000,2712.0000,2734.8000,2735.0000,2735.2000,2735.4000,2736.0000,1,1,2,1,1,1,3,1,2,2
SF,IH2009,2020-03-16 09:30:03.300,2735.0000,9225,0,26332380.000,0,-,-,-,-,2730.0000,2720.0000,2713.0000,2712.8000,2712.0000,2733.8000,2734.4000,2734.6000,2734.8000,2735.0000,1,1,2,1,1,2,1,3,1,2
SF,IH2009,2020-03-16 09:30:03.800,2735.0000,9225,0,26332380.000,0,-,-,-,-,2730.0000,2720.0000,2713.0000,2712.8000,2712.0000,2733.2000,2733.6000,2733.8000,2734.8000,2735.0000,1,1,2,1,1,1,5,2,1,2
SF,IH2009,2020-03-16 09:30:04.300,2730.0000,9225,0,27151380.000,1,0,1,多换,S,2720.0000,2713.0000,2712.8000,2712.0000,2703.0000,2729.0000,2730.0000,2732.8000,2733.0000,2733.2000,1,2,1,1,1,2,9,1,3,1
SF,IH2009,2020-03-16 09:30:04.800,2730.0000,9225,0,27151380.000,0,-,-,-,-,2723.0000,2722.4000,2721.6000,2721.0000,2720.2000,2728.8000,2729.0000,2730.0000,2733.2000,2735.0000,1,1,1,1,4,3,2,10,2,1
SF,IH2009,2020-03-16 09:30:05.300,2723.2000,9225,0,27968340.000,1,0,1,多换,S,2723.2000,2721.0000,2720.2000,2720.0000,2713.0000,2727.2000,2728.6000,2728.8000,2730.0000,2731.2000,1,1,1,1,2,2,3,2,9,1
SF,IH2009,2020-03-16 09:30:05.800,2723.2000,9225,0,27968340.000,0,-,-,-,-,2723.2000,2723.0000,2721.0000,2720.2000,2720.0000,2727.0000,2727.2000,2728.6000,2730.0000,2731.2000,2,1,1,1,1,2,2,2,9,1
SF,IH2009,2020-03-16 09:30:06.300,2723.2000,9225,0,27968340.000,0,-,-,-,-,2723.2000,2721.0000,2720.2000,2720.0000,2713.0000,2726.8000,2727.0000,2727.2000,2728.6000,2730.0000,2,1,1,1,2,1,2,2,2,9
SF,IH2009,2020-03-16 09:30:06.800,2723.2000,9225,0,27968340.000,0,-,-,-,-,2720.2000,2720.0000,2713.0000,2712.8000,2712.0000,2726.0000,2726.6000,2726.8000,2728.6000,2730.0000,1,1,2,1,1,2,2,2,2,9
SF,IH2009,2020-03-16 09:30:07.300,2723.2000,9225,0,27968340.000,0,-,-,-,-,2720.4000,2720.2000,2720.0000,2713.0000,2712.8000,2723.4000,2725.8000,2726.0000,2726.6000,2728.6000,1,1,1,2,1,1,3,2,3,2
SF,IH2009,2020-03-16 09:30:07.800,2723.2000,9225,0,28785300.000,1,0,1,多换,S,2720.6000,2720.4000,2720.2000,2720.0000,2713.0000,2723.2000,2725.8000,2726.0000,2728.6000,2730.0000,1,1,1,1,2,1,1,2,2,9
SF,IH2009,2020-03-16 09:30:08.300,2720.8000,9225,0,30418500.000,2,1,1,多换,S,2720.8000,2720.6000,2720.2000,2720.0000,2713.0000,2723.2000,2726.0000,2728.6000,2730.0000,2733.2000,3,1,1,1,2,1,2,2,9,1
SF,IH2009,2020-03-16 09:30:08.800,2720.6000,9221,-4,36132900.000,7,1,6,多平,S,2720.2000,2720.0000,2713.0000,2712.8000,2712.0000,2720.6000,2723.2000,2726.0000,2730.0000,2733.2000,1,1,2,1,1,5,1,2,9,1
SF,IH2009,2020-03-16 09:30:09.300,2720.6000,9217,-4,40213800.000,5,0,5,多平,S,2720.2000,2720.0000,2713.0000,2712.8000,2712.0000,2723.2000,2733.2000,2735.0000,2745.0000,2747.6000,2,1,2,1,1,1,1,1,10,1
SF,IH2009,2020-03-16 09:30:09.800,2723.0000,9216,-1,41847660.000,2,0,2,多平,S,2721.6000,2720.6000,2720.4000,2720.2000,2720.0000,2733.2000,2735.0000,2745.0000,2747.6000,2748.0000,1,1,2,1,1,1,1,10,1,4
SF,IH2009,2020-03-16 09:30:10.300,2723.0000,9216,0,41847660.000,0,-,-,-,-,2724.8000,2723.0000,2722.4000,2721.8000,2720.6000,2730.0000,2730.2000,2731.2000,2732.6000,2733.0000,1,2,1,3,2,1,1,1,1,4
SF,IH2009,2020-03-16 09:30:10.800,2723.0000,9216,0,41847660.000,0,-,-,-,-,2725.0000,2724.8000,2723.2000,2723.0000,2722.4000,2729.8000,2731.2000,2732.6000,2733.0000,2733.2000,2,1,1,2,1,3,1,1,2,1
SF,IH2009,2020-03-16 09:30:11.300,2731.2000,9212,-4,45123840.000,4,0,4,双平,S,2725.8000,2725.2000,2725.0000,2724.8000,2723.2000,2731.8000,2732.6000,2733.0000,2733.2000,2735.0000,1,3,3,1,1,1,1,1,1,1
SF,IH2009,2020-03-16 09:30:11.800,2732.6000,9211,-1,46763160.000,2,0,2,多平,S,2726.0000,2725.8000,2725.4000,2725.2000,2725.0000,2731.6000,2733.0000,2733.2000,2735.0000,2745.0000,4,1,1,2,1,2,1,1,1,10
SF,IH2009,2020-03-16 09:30:12.300,2732.6000,9211,0,46763160.000,0,-,-,-,-,2727.2000,2726.2000,2726.0000,2725.4000,2725.2000,2731.6000,2733.0000,2733.2000,2735.0000,2745.0000,1,2,4,1,2,2,1,1,1,10
SF,IH2009,2020-03-16 09:30:12.800,2731.6000,9209,-2,50037360.000,4,1,3,多平,S,2727.4000,2727.2000,2726.2000,2726.0000,2725.2000,2731.6000,2732.0000,2733.0000,2733.2000,2735.0000,4,1,2,1,2,1,1,1,1,1
SF,IH2009,2020-03-16 09:30:13.300,2731.6000,9208,-1,50856840.000,1,0,1,双平,S,2728.6000,2727.4000,2726.2000,2726.0000,2725.2000,2733.2000,2735.0000,2745.0000,2747.6000,2748.0000,1,3,2,1,2,1,1,10,1,4
SF,IH2009,2020-03-16 09:30:13.800,2731.6000,9208,0,50856840.000,0,-,-,-,-,2730.6000,2730.0000,2728.8000,2727.4000,2726.2000,2733.2000,2745.0000,2747.6000,2748.0000,2748.2000,1,3,4,1,2,1,10,1,4,1
SF,IH2009,2020-03-16 09:30:14.300,2731.6000,9208,0,50856840.000,0,-,-,-,-,2731.6000,2730.8000,2730.0000,2728.8000,2726.2000,2733.2000,2745.0000,2747.6000,2748.0000,2748.2000,1,2,1,2,2,1,10,1,4,1
SF,IH2009,2020-03-16 09:30:14.800,2731.6000,9208,0,50856840.000,0,-,-,-,-,2731.8000,2731.6000,2730.8000,2730.0000,2728.8000,2745.0000,2747.6000,2748.0000,2748.2000,2755.6000,1,2,1,1,1,10,1,4,1,1
SF,IH2009,2020-03-16 09:30:15.300,2731.6000,9208,0,50856840.000,0,-,-,-,-,2732.0000,2731.8000,2731.6000,2730.0000,2727.2000,2737.0000,2739.0000,2743.8000,2744.0000,2744.4000,2,2,2,1,1,1,1,1,1,1
SF,IH2009,2020-03-16 09:30:15.800,2731.6000,9208,0,50856840.000,0,-,-,-,-,2732.2000,2732.0000,2731.6000,2730.0000,2727.2000,2736.8000,2738.8000,2739.0000,2743.8000,2744.0000,2,1,2,1,1,1,1,1,1,1
SF,IH2009,2020-03-16 09:30:16.300,2731.6000,9208,0,50856840.000,0,-,-,-,-,2732.4000,2732.2000,2731.6000,2730.0000,2727.2000,2736.8000,2738.8000,2739.0000,2744.0000,2744.4000,1,2,2,1,1,1,1,1,1,1
SF,IH2009,2020-03-16 09:30:16.800,2732.0000,9207,-1,51676440.000,1,0,1,双平,S,2732.6000,2732.4000,2731.6000,2730.0000,2727.2000,2739.0000,2744.0000,2744.4000,2744.8000,2745.0000,2,1,2,1,1,1,1,1,3,10
SF,IH2009,2020-03-16 09:30:17.300,2732.0000,9207,0,51676440.000,0,-,-,-,-,2732.8000,2732.6000,2731.6000,2730.4000,2730.0000,2738.8000,2739.0000,2744.0000,2744.4000,2744.8000,1,2,2,1,1,1,1,1,1,3
SF,IH2009,2020-03-16 09:30:17.800,2732.0000,9207,0,51676440.000,0,-,-,-,-,2733.0000,2732.8000,2731.6000,2730.4000,2730.0000,2738.8000,2739.0000,2744.0000,2744.4000,2744.8000,2,1,2,1,2,1,1,1,1,3
SF,IH2009,2020-03-16 09:30:18.300,2732.0000,9207,0,51676440.000,0,-,-,-,-,2733.2000,2733.0000,2731.6000,2730.4000,2730.0000,2738.6000,2738.8000,2739.0000,2744.0000,2744.4000,1,1,2,1,2,1,1,1,1,1
SF,IH2009,2020-03-16 09:30:18.800,2732.0000,9207,0,52496040.000,1,0,1,多换,S,2733.4000,2733.2000,2731.6000,2730.4000,2730.0000,2738.4000,2738.6000,2739.0000,2744.0000,2744.4000,1,2,2,1,2,1,1,1,1,1
SF,IH2009,2020-03-16 09:30:19.300,2732.0000,9207,0,52496040.000,0,-,-,-,-,2733.6000,2733.4000,2731.6000,2730.4000,2730.0000,2738.2000,2738.4000,2738.6000,2739.0000,2744.0000,1,1,2,1,2,1,1,1,1,1
SF,IH2009,2020-03-16 09:30:19.800,2732.0000,9207,0,52496040.000,0,-,-,-,-,2733.6000,2731.6000,2730.4000,2730.0000,2727.2000,2738.0000,2738.2000,2739.0000,2744.0000,2744.4000,1,2,1,2,1,1,1,1,1,1
SF,IH2009,2020-03-16 09:30:20.300,2732.0000,9207,0,53315640.000,1,0,1,多换,S,2731.6000,2730.4000,2730.0000,2727.2000,2723.2000,2737.8000,2738.0000,2738.2000,2739.0000,2744.0000,2,1,2,1,1,2,1,1,1,1
SF,IH2009,2020-03-16 09:30:20.800,2737.6000,9207,0,54136920.000,1,0,1,多换,S,2732.6000,2731.8000,2731.6000,2730.4000,2730.0000,2737.8000,2739.0000,2744.0000,2744.4000,2744.8000,1,2,2,1,2,2,1,1,1,3
SF,IH2009,2020-03-16 09:30:21.300,2737.6000,9207,0,54136920.000,0,-,-,-,-,2732.8000,2732.6000,2731.6000,2730.4000,2730.0000,2737.6000,2737.8000,2739.0000,2744.0000,2744.4000,2,1,2,1,2,1,2,1,1,1
SF,IH2009,2020-03-16 09:30:21.800,2737.6000,9207,0,54136920.000,0,-,-,-,-,2732.8000,2732.6000,2731.6000,2730.4000,2730.0000,2733.2000,2737.4000,2737.6000,2739.0000,2744.0000,3,1,1,1,2,1,1,1,1,1
SF,IH2009,2020-03-16 09:30:22.300,2734.4000,9206,-1,54957240.000,1,0,1,双平,S,2732.8000,2732.6000,2731.6000,2730.4000,2730.0000,2737.4000,2739.0000,2744.0000,2744.4000,2744.8000,1,1,1,1,2,1,1,1,1,3
SF,IH2009,2020-03-16 09:30:22.800,2734.4000,9206,0,54957240.000,0,-,-,-,-,2733.0000,2732.8000,2732.6000,2731.6000,2730.4000,2735.0000,2737.2000,2737.4000,2739.0000,2744.0000,1,1,1,1,1,1,1,1,1,1
SF,IH2009,2020-03-16 09:30:23.300,2734.4000,9206,0,54957240.000,0,-,-,-,-,2733.2000,2733.0000,2732.8000,2732.6000,2732.0000,2735.0000,2737.4000,2739.0000,2744.0000,2744.4000,1,1,1,1,1,1,1,1,1,1
SF,IH2009,2020-03-16 09:30:23.800,2734.4000,9206,0,54957240.000,0,-,-,-,-,2733.4000,2733.2000,2732.8000,2732.6000,2732.0000,2735.0000,2737.4000,2739.0000,2744.0000,2744.4000,1,2,1,1,1,1,1,1,1,1
SF,IH2009,2020-03-16 09:30:24.300,2735.0000,9204,-2,56598180.000,2,0,2,双平,S,2733.2000,2732.6000,2732.0000,2730.4000,2730.0000,2737.4000,2739.0000,2744.0000,2744.4000,2744.8000,2,1,1,1,2,1,1,1,1,3
SF,IH2009,2020-03-16 09:30:24.800,2735.0000,9204,0,56598180.000,0,-,-,-,-,2733.4000,2733.2000,2732.6000,2732.0000,2730.4000,2737.2000,2737.4000,2739.0000,2744.0000,2744.4000,1,1,1,1,1,1,1,1,1,1
SF,IH2009,2020-03-16 09:30:25.300,2735.0000,9204,0,56598180.000,0,-,-,-,-,2733.4000,2733.2000,2732.6000,2732.0000,2730.0000,2737.0000,2737.2000,2739.0000,2744.0000,2744.4000,2,1,1,1,2,1,1,1,1,1
SF,IH2009,2020-03-16 09:30:25.800,2730.0000,9200,-4,62335560.000,7,1,6,多平,S,2723.2000,2722.6000,2720.0000,2713.0000,2712.8000,2725.0000,2736.8000,2737.0000,2739.0000,2744.0000,1,1,1,2,1,5,1,3,1,1
SF,IH2009,2020-03-16 09:30:26.300,2725.0000,9196,-4,66427560.000,5,0,5,多平,S,2735.0000,2730.0000,2726.0000,2725.8000,2725.4000,2736.8000,2737.0000,2739.0000,2744.0000,2744.8000,1,1,1,1,3,1,2,1,1,2
SF,IH2009,2020-03-16 09:30:26.800,2733.2000,9196,0,67247520.000,1,0,1,多换,S,2730.0000,2725.8000,2725.0000,2724.8000,2724.0000,2735.4000,2735.8000,2736.8000,2737.0000,2739.0000,1,1,2,1,1,1,1,1,1,1
SF,IH2009,2020-03-16 09:30:27.300,2733.2000,9196,0,67247520.000,0,-,-,-,-,2730.2000,2730.0000,2725.8000,2725.2000,2725.0000,2733.2000,2735.0000,2735.2000,2735.4000,2735.8000,2,1,1,1,1,10,2,1,1,1
SF,IH2009,2020-03-16 09:30:27.800,2733.2000,9196,0,67247520.000,0,-,-,-,-,2730.2000,2727.4000,2727.2000,2726.6000,2726.4000,2733.2000,2735.0000,2735.2000,2735.4000,2735.8000,1,1,1,2,2,10,2,1,1,1
SF,IH2009,2020-03-16 09:30:28.300,2733.2000,9196,0,67247520.000,0,-,-,-,-,2727.2000,2726.6000,2725.8000,2725.0000,2724.0000,2732.8000,2733.0000,2733.2000,2735.0000,2735.2000,1,2,1,1,1,1,2,10,2,1
SF,IH2009,2020-03-16 09:30:28.800,2733.2000,9196,0,67247520.000,0,-,-,-,-,2727.4000,2726.6000,2725.8000,2725.0000,2724.0000,2732.6000,2732.8000,2733.0000,2733.2000,2735.4000,2,2,1,1,1,3,1,1,10,1
SF,IH2009,2020-03-16 09:30:29.300,2727.6000,9196,0,68065800.000,1,0,1,多换,S,2727.4000,2726.6000,2725.8000,2725.0000,2724.0000,2732.2000,2732.4000,2732.6000,2733.0000,2733.2000,2,2,1,1,1,1,1,4,1,10
SF,IH2009,2020-03-16 09:30:29.800,2732.0000,9196,0,68885400.000,1,0,1,多换,S,2727.4000,2726.6000,2724.4000,2724.0000,2723.2000,2732.0000,2732.2000,2732.6000,2733.0000,2733.2000,2,2,1,1,1,2,1,3,1,10
SF,IH2009,2020-03-16 09:30:30.300,2732.0000,9196,0,68885400.000,0,-,-,-,-,2727.4000,2726.6000,2724.4000,2724.0000,2723.4000,2732.0000,2732.2000,2732.6000,2733.0000,2733.2000,2,2,1,1,1,2,1,3,1,10
SF,IH2009,2020-03-16 09:30:30.800,2732.0000,9196,0,68885400.000,0,-,-,-,-,2727.4000,2724.4000,2724.0000,2723.4000,2723.2000,2731.6000,2731.8000,2732.0000,2732.6000,2733.0000,2,1,3,1,1,2,1,2,1,1
SF,IH2009,2020-03-16 09:30:31.300,2732.0000,9196,0,68885400.000,0,-,-,-,-,2727.4000,2724.4000,2724.0000,2723.4000,2723.2000,2731.4000,2731.6000,2732.0000,2732.6000,2733.0000,1,1,3,1,1,2,2,2,1,1
SF,IH2009,2020-03-16 09:30:31.800,2732.0000,9196,0,68885400.000,0,-,-,-,-,2724.4000,2724.0000,2723.4000,2723.2000,2722.8000,2731.0000,2731.4000,2731.6000,2732.0000,2732.6000,1,3,1,1,1,1,2,1,2,1
SF,IH2009,2020-03-16 09:30:32.300,2732.0000,9196,0,68885400.000,0,-,-,-,-,2724.6000,2724.0000,2723.2000,2722.8000,2722.6000,2727.0000,2730.6000,2730.8000,2731.0000,2731.4000,2,2,3,1,1,1,1,2,1,1
SF,IH2009,2020-03-16 09:30:32.800,2730.6000,9195,-1,70522680.000,2,0,2,多平,S,2724.6000,2724.0000,2723.2000,2722.6000,2722.2000,2730.8000,2731.0000,2731.4000,2731.6000,2732.0000,1,2,3,1,1,1,1,1,1,2
SF,IH2009,2020-03-16 09:30:33.300,2724.8000,9194,-1,71340120.000,1,0,1,双平,S,2724.6000,2723.2000,2722.6000,2722.0000,2720.6000,2730.4000,2730.6000,2730.8000,2731.4000,2731.6000,1,3,1,1,1,1,1,1,1,1
SF,IH2009,2020-03-16 09:30:33.800,2730.2000,9194,0,72159180.000,1,0,1,多换,S,2727.0000,2725.4000,2724.6000,2723.2000,2722.6000,2730.2000,2730.4000,2730.8000,2731.4000,2732.0000,1,1,1,3,1,1,1,1,1,2
SF,IH2009,2020-03-16 09:30:34.300,2727.0000,9194,0,72977280.000,1,0,1,多换,S,2725.4000,2724.6000,2723.2000,2722.6000,2722.4000,2729.8000,2730.2000,2730.8000,2731.4000,2732.0000,1,1,3,1,2,1,1,1,1,2
SF,IH2009,2020-03-16 09:30:34.800,2727.0000,9194,0,72977280.000,0,-,-,-,-,2725.6000,2725.4000,2723.2000,2722.6000,2722.4000,2729.0000,2729.6000,2729.8000,2730.8000,2731.4000,1,1,1,1,2,1,1,1,1,1
SF,IH2009,2020-03-16 09:30:35.300,2725.8000,9193,-1,73795020.000,1,0,1,双平,S,2725.6000,2725.4000,2723.2000,2722.6000,2722.4000,2728.6000,2728.8000,2729.0000,2730.8000,2731.4000,1,1,1,1,2,1,1,1,1,1
SF,IH2009,2020-03-16 09:30:35.800,2725.8000,9193,0,73795020.000,0,-,-,-,-,2725.6000,2725.4000,2723.2000,2722.6000,2722.4000,2728.4000,2728.6000,2729.0000,2730.8000,2731.4000,1,1,1,1,2,1,1,1,1,1
SF,IH2009,2020-03-16 09:30:36.300,2725.8000,9193,0,73795020.000,0,-,-,-,-,2725.6000,2725.4000,2723.2000,2722.6000,2722.4000,2728.0000,2728.4000,2729.0000,2730.8000,2731.4000,1,1,1,1,2,1,1,1,1,1
SF,IH2009,2020-03-16 09:30:36.800,2725.8000,9193,0,73795020.000,0,-,-,-,-,2725.4000,2723.2000,2722.6000,2722.4000,2721.4000,2725.6000,2726.0000,2727.8000,2728.0000,2730.8000,1,1,1,2,2,10,1,1,2,1
SF,IH2009,2020-03-16 09:30:37.300,2725.6000,9192,-1,75430440.000,2,0,2,多平,S,2725.4000,2723.2000,2722.6000,2721.4000,2720.6000,2725.6000,2726.0000,2727.8000,2728.0000,2730.8000,1,1,1,2,2,8,1,1,1,1
SF,IH2009,2020-03-16 09:30:37.800,2725.6000,9191,-1,78701100.000,4,1,3,多平,S,2723.2000,2721.6000,2721.4000,2720.6000,2720.0000,2725.6000,2726.0000,2727.8000,2728.0000,2730.8000,1,2,2,2,1,5,1,1,1,1
SF,IH2009,2020-03-16 09:30:38.300,2725.6000,9191,0,78701100.000,0,-,-,-,-,2725.2000,2723.4000,2723.2000,2721.6000,2721.4000,2725.6000,2726.0000,2727.8000,2730.8000,2731.4000,1,1,1,2,2,15,1,1,1,1
SF,IH2009,2020-03-16 09:30:38.800,2725.2000,9191,0,79518660.000,1,0,1,多换,S,2723.4000,2723.2000,2721.6000,2720.6000,2720.0000,2725.2000,2725.6000,2726.0000,2730.8000,2731.4000,1,1,2,1,1,1,15,1,1,1
SF,IH2009,2020-03-16 09:30:39.300,2725.2000,9191,0,79518660.000,0,-,-,-,-,2723.4000,2723.2000,2721.6000,2720.0000,2718.2000,2725.0000,2725.2000,2725.6000,2726.0000,2727.0000,1,1,2,1,2,1,1,15,1,1
SF,IH2009,2020-03-16 09:30:39.800,2725.2000,9190,-1,80336220.000,1,0,1,双平,S,2723.2000,2721.6000,2720.0000,2718.2000,2718.0000,2725.2000,2725.6000,2726.0000,2727.0000,2730.8000,1,2,1,2,2,1,15,1,1,1
SF,IH2009,2020-03-16 09:30:40.300,2725.2000,9190,0,80336220.000,0,-,-,-,-,2723.2000,2721.6000,2720.0000,2718.2000,2718.0000,2723.4000,2725.0000,2725.2000,2725.6000,2726.0000,1,2,1,2,2,1,1,1,15,1
SF,IH2009,2020-03-16 09:30:40.800,2723.2000,9190,0,81153180.000,1,0,1,多换,S,2721.6000,2720.0000,2718.2000,2718.0000,2713.0000,2723.4000,2725.0000,2725.2000,2725.6000,2726.0000,2,1,2,2,2,1,1,1,15,1
SF,IH2009,2020-03-16 09:30:41.300,2723.4000,9189,-1,81970200.000,1,0,1,双平,S,2723.0000,2721.8000,2721.6000,2720.0000,2718.2000,2725.0000,2725.2000,2725.6000,2726.0000,2727.0000,1,1,2,1,2,1,1,15,1,1
SF,IH2009,2020-03-16 09:30:42.300,2723.0000,9188,-1,82787100.000,1,0,1,双平,S,2721.8000,2721.6000,2720.0000,2718.2000,2718.0000,2725.0000,2725.2000,2725.6000,2726.0000,2727.0000,1,2,1,2,2,1,1,15,1,1
SF,IH2009,2020-03-16 09:30:42.800,2723.0000,9188,0,82787100.000,0,-,-,-,-,2721.8000,2721.6000,2720.0000,2718.2000,2713.0000,2725.0000,2725.2000,2725.6000,2726.0000,2727.0000,1,2,1,2,2,1,1,15,1,1
SF,IH2009,2020-03-16 09:30:43.300,2723.0000,9188,0,82787100.000,0,-,-,-,-,2721.8000,2721.6000,2720.0000,2718.2000,2714.8000,2725.0000,2725.2000,2725.6000,2726.0000,2727.0000,1,2,1,2,1,1,1,15,1,1
SF,IH2009,2020-03-16 09:30:43.800,2725.0000,9188,0,83604600.000,1,0,1,多换,S,2722.0000,2721.8000,2721.6000,2720.0000,2718.2000,2725.2000,2725.6000,2726.0000,2727.0000,2730.8000,1,1,2,1,2,1,15,1,1,1
SF,IH2009,2020-03-16 09:30:44.300,2722.2000,9188,0,84421260.000,1,0,1,多换,S,2722.2000,2722.0000,2721.6000,2720.0000,2718.2000,2725.0000,2725.2000,2725.6000,2726.0000,2727.0000,1,1,2,1,2,2,1,15,1,1
SF,IH2009,2020-03-16 09:30:44.800,2722.2000,9188,0,84421260.000,0,-,-,-,-,2720.0000,2718.2000,2716.8000,2714.8000,2713.0000,2725.0000,2725.2000,2725.6000,2726.0000,2727.0000,1,2,1,1,2,2,1,15,1,1
SF,IH2009,2020-03-16 09:30:45.300,2722.2000,9188,0,84421260.000,0,-,-,-,-,2720.2000,2720.0000,2718.2000,2716.8000,2714.8000,2725.0000,2725.2000,2725.6000,2726.0000,2727.0000,2,1,2,1,1,2,1,10,1,1
SF,IH2009,2020-03-16 09:30:45.800,2722.2000,9188,0,84421260.000,0,-,-,-,-,2720.2000,2720.0000,2716.8000,2714.8000,2713.0000,2725.0000,2725.2000,2725.6000,2726.0000,2727.0000,2,1,1,1,2,2,1,10,1,1
SF,IH2009,2020-03-16 09:30:46.300,2722.2000,9188,0,84421260.000,0,-,-,-,-,2720.4000,2720.2000,2720.0000,2716.8000,2714.8000,2722.2000,2725.0000,2725.2000,2725.6000,2726.0000,1,2,1,1,1,1,2,1,10,1
SF,IH2009,2020-03-16 09:30:46.800,2722.2000,9187,-1,85237920.000,1,0,1,双平,S,2720.6000,2720.4000,2720.0000,2716.8000,2714.8000,2725.0000,2725.2000,2725.6000,2726.0000,2727.0000,2,3,1,1,1,1,1,10,1,1
SF,IH2009,2020-03-16 09:30:47.300,2722.2000,9187,0,85237920.000,0,-,-,-,-,2720.8000,2720.6000,2720.4000,2720.0000,2716.8000,2724.8000,2725.2000,2725.6000,2726.0000,2727.0000,2,3,3,1,1,1,1,10,1,1
SF,IH2009,2020-03-16 09:30:47.800,2722.2000,9187,0,85237920.000,0,-,-,-,-,2721.4000,2721.2000,2721.0000,2720.8000,2720.6000,2724.8000,2725.2000,2725.6000,2726.0000,2727.0000,1,1,1,2,1,1,1,10,1,1
SF,IH2009,2020-03-16 09:30:48.300,2722.2000,9187,0,85237920.000,0,-,-,-,-,2721.6000,2721.4000,2721.2000,2720.8000,2720.4000,2724.8000,2725.2000,2725.6000,2726.0000,2727.0000,2,1,2,1,3,1,1,10,1,1
SF,IH2009,2020-03-16 09:30:48.800,2722.2000,9187,0,85237920.000,0,-,-,-,-,2721.8000,2721.6000,2721.4000,2720.8000,2720.4000,2724.8000,2725.2000,2725.6000,2726.0000,2730.8000,1,3,1,1,3,1,1,10,1,1
SF,IH2009,2020-03-16 09:30:49.300,2721.4000,9185,-2,89320440.000,5,1,4,多平,S,2720.8000,2720.4000,2720.0000,2716.8000,2714.8000,2724.8000,2725.2000,2725.6000,2726.0000,2730.8000,1,3,1,1,2,1,1,10,1,1
SF,IH2009,2020-03-16 09:30:49.800,2724.8000,9185,0,90137880.000,1,0,1,多换,S,2722.0000,2720.8000,2720.4000,2720.0000,2716.8000,2724.6000,2725.2000,2725.6000,2726.0000,2730.8000,1,1,3,1,1,2,1,10,1,1
SF,IH2009,2020-03-16 09:30:50.300,2724.8000,9184,-1,90955320.000,1,0,1,双平,S,2722.0000,2720.4000,2720.0000,2714.8000,2714.0000,2724.6000,2725.2000,2725.6000,2726.0000,2730.8000,1,3,1,2,2,1,1,10,1,1
SF,IH2009,2020-03-16 09:30:50.800,2724.8000,9184,0,90955320.000,0,-,-,-,-,2722.4000,2722.2000,2722.0000,2720.4000,2720.0000,2724.6000,2724.8000,2725.2000,2725.6000,2726.0000,1,1,1,3,1,1,1,1,10,1
SF,IH2009,2020-03-16 09:30:51.300,2722.0000,9182,-2,93405300.000,3,0,3,多平,S,2720.4000,2720.0000,2714.8000,2714.0000,2713.8000,2724.8000,2725.2000,2725.6000,2726.0000,2730.8000,3,2,2,2,2,1,1,10,1,1
SF,IH2009,2020-03-16 09:30:51.800,2722.0000,9182,0,93405300.000,0,-,-,-,-,2721.4000,2720.6000,2720.4000,2720.0000,2714.8000,2724.6000,2724.8000,2725.2000,2725.6000,2726.0000,1,1,3,2,2,3,1,1,10,1
SF,IH2009,2020-03-16 09:30:52.300,2724.6000,9181,-1,94222680.000,1,0,1,双平,S,2721.4000,2720.4000,2720.0000,2714.8000,2714.0000,2724.6000,2724.8000,2725.2000,2725.6000,2726.0000,1,3,2,2,2,4,1,1,10,1
SF,IH2009,2020-03-16 09:30:52.800,2724.6000,9181,0,94222680.000,0,-,-,-,-,2721.6000,2721.4000,2720.4000,2720.0000,2714.8000,2724.6000,2724.8000,2725.2000,2725.6000,2726.0000,1,1,3,2,2,4,1,1,10,1
SF,IH2009,2020-03-16 09:30:53.300,2724.6000,9181,0,94222680.000,0,-,-,-,-,2721.6000,2721.4000,2720.4000,2720.0000,2714.8000,2724.4000,2724.6000,2724.8000,2725.2000,2725.6000,1,1,3,2,2,1,4,1,1,10
SF,IH2009,2020-03-16 09:30:53.800,2724.6000,9181,0,94222680.000,0,-,-,-,-,2721.4000,2720.4000,2720.0000,2714.8000,2714.0000,2724.4000,2724.6000,2724.8000,2725.2000,2725.6000,1,3,2,2,2,1,4,1,1,10
SF,IH2009,2020-03-16 09:30:54.300,2724.6000,9181,0,94222680.000,0,-,-,-,-,2721.8000,2721.4000,2720.4000,2720.0000,2714.8000,2724.0000,2724.2000,2724.4000,2724.6000,2724.8000,1,1,3,2,1,1,1,1,3,1
SF,IH2009,2020-03-16 09:30:54.800,2721.8000,9181,0,95039220.000,1,0,1,多换,S,2721.4000,2720.4000,2720.0000,2714.8000,2714.0000,2723.8000,2724.0000,2724.6000,2724.8000,2725.2000,1,3,2,1,2,2,1,3,1,1
SF,IH2009,2020-03-16 09:30:55.300,2721.4000,9181,0,95855640.000,1,0,1,多换,S,2720.4000,2720.0000,2714.8000,2714.0000,2713.8000,2723.8000,2724.6000,2724.8000,2725.2000,2725.6000,3,2,1,2,2,1,3,1,1,10
SF,IH2009,2020-03-16 09:30:55.800,2721.4000,9181,0,95855640.000,0,-,-,-,-,2720.4000,2720.0000,2714.8000,2714.0000,2713.8000,2723.4000,2723.6000,2723.8000,2724.6000,2724.8000,3,2,1,2,2,1,2,1,2,1
SF,IH2009,2020-03-16 09:30:56.300,2721.4000,9181,0,95855640.000,0,-,-,-,-,2720.6000,2720.4000,2720.0000,2714.0000,2713.8000,2723.2000,2723.4000,2723.6000,2724.6000,2724.8000,1,3,2,2,2,2,1,11,2,1
SF,IH2009,2020-03-16 09:30:56.800,2721.4000,9181,0,95855640.000,0,-,-,-,-,2720.6000,2720.4000,2720.0000,2717.8000,2714.0000,2722.8000,2723.2000,2723.6000,2724.6000,2724.8000,1,3,3,1,2,1,2,11,2,1
SF,IH2009,2020-03-16 09:30:57.300,2721.4000,9181,0,95855640.000,0,-,-,-,-,2720.6000,2720.4000,2720.0000,2717.8000,2714.0000,2722.6000,2722.8000,2723.2000,2723.6000,2724.6000,1,3,3,1,2,1,1,1,11,2
SF,IH2009,2020-03-16 09:30:57.800,2721.4000,9181,0,95855640.000,0,-,-,-,-,2720.6000,2720.0000,2717.8000,2714.0000,2713.8000,2722.2000,2722.6000,2723.6000,2724.6000,2724.8000,1,3,1,2,2,1,2,11,2,1
SF,IH2009,2020-03-16 09:30:58.300,2722.0000,9181,0,96672240.000,1,0,1,多换,S,2720.6000,2720.0000,2717.8000,2714.0000,2713.8000,2722.2000,2722.6000,2723.6000,2724.6000,2724.8000,1,3,1,2,2,1,1,11,2,1
SF,IH2009,2020-03-16 09:30:58.800,2722.0000,9181,0,96672240.000,0,-,-,-,-,2720.6000,2720.0000,2717.8000,2714.0000,2713.8000,2722.2000,2723.6000,2724.6000,2724.8000,2725.2000,1,3,1,2,2,1,11,2,1,1
SF,IH2009,2020-03-16 09:30:59.300,2722.0000,9181,0,96672240.000,0,-,-,-,-,2720.8000,2720.6000,2720.0000,2717.8000,2716.8000,2723.6000,2724.6000,2724.8000,2725.2000,2726.0000,1,1,3,1,2,11,2,1,1,1
SF,IH2009,2020-03-16 09:30:59.800,2722.0000,9181,0,96672240.000,0,-,-,-,-,2720.8000,2720.0000,2717.8000,2716.8000,2714.0000,2723.2000,2723.4000,2723.6000,2724.6000,2724.8000,1,3,1,2,2,1,1,11,2,1
SF,IH2009,2020-03-16 09:31:00.300,2721.2000,9181,0,97488600.000,1,0,1,多换,S,2720.8000,2720.0000,2717.8000,2716.8000,2714.0000,2723.0000,2723.2000,2723.6000,2724.6000,2724.8000,1,3,1,2,2,1,1,11,2,1
SF,IH2009,2020-03-16 09:31:00.800,2721.2000,9181,0,97488600.000,0,-,-,-,-,2720.8000,2720.0000,2717.8000,2716.8000,2714.0000,2723.0000,2723.6000,2724.6000,2724.8000,2726.0000,1,3,1,2,2,1,11,2,1,1
SF,IH2009,2020-03-16 09:31:01.300,2721.2000,9181,0,97488600.000,0,-,-,-,-,2720.8000,2720.0000,2717.8000,2716.8000,2714.0000,2722.8000,2723.0000,2723.6000,2724.6000,2724.8000,1,3,1,2,2,1,1,11,2,1
SF,IH2009,2020-03-16 09:31:01.800,2721.2000,9181,0,97488600.000,0,-,-,-,-,2720.0000,2717.8000,2716.8000,2714.0000,2713.8000,2722.6000,2722.8000,2723.6000,2724.6000,2724.8000,3,1,2,2,2,2,1,11,2,1
SF,IH2009,2020-03-16 09:31:02.300,2721.2000,9181,0,97488600.000,0,-,-,-,-,2720.0000,2717.8000,2716.8000,2714.0000,2713.8000,2722.2000,2722.6000,2723.6000,2724.6000,2724.8000,3,1,2,2,2,1,2,11,2,1
SF,IH2009,2020-03-16 09:31:02.800,2721.2000,9181,0,97488600.000,0,-,-,-,-,2720.0000,2717.8000,2716.8000,2714.0000,2713.8000,2722.0000,2722.2000,2722.6000,2723.6000,2724.6000,3,1,2,2,2,1,1,1,11,2
SF,IH2009,2020-03-16 09:31:03.300,2720.0000,9181,0,98304600.000,1,0,1,多换,S,2720.0000,2717.8000,2716.8000,2714.0000,2713.8000,2720.6000,2721.6000,2722.0000,2722.6000,2723.6000,2,1,2,2,2,1,1,1,1,11
SF,IH2009,2020-03-16 09:31:03.800,2720.0000,9181,0,99936600.000,2,1,1,多换,S,2717.8000,2716.8000,2714.0000,2713.8000,2713.2000,2720.6000,2721.6000,2722.0000,2722.6000,2723.6000,1,2,2,2,1,1,1,1,1,11
SF,IH2009,2020-03-16 09:31:04.300,2720.0000,9181,0,99936600.000,0,-,-,-,-,2718.0000,2717.8000,2716.8000,2713.8000,2713.2000,2720.6000,2721.6000,2722.0000,2723.6000,2724.6000,1,1,2,2,1,1,1,1,11,2
SF,IH2009,2020-03-16 09:31:04.800,2720.0000,9181,0,99936600.000,0,-,-,-,-,2718.0000,2717.8000,2716.8000,2713.8000,2713.2000,2720.6000,2721.6000,2723.6000,2724.6000,2724.8000,1,1,2,2,1,1,1,11,2,1
SF,IH2009,2020-03-16 09:31:05.300,2720.0000,9181,0,99936600.000,0,-,-,-,-,2718.0000,2717.8000,2716.8000,2713.8000,2713.2000,2720.6000,2721.6000,2723.6000,2724.6000,2724.8000,1,1,2,2,1,1,1,11,2,1
SF,IH2009,2020-03-16 09:31:05.800,2720.0000,9181,0,99936600.000,0,-,-,-,-,2718.0000,2717.8000,2713.8000,2713.2000,2713.0000,2720.6000,2721.6000,2723.6000,2724.6000,2724.8000,1,1,2,3,2,1,1,11,2,1
SF,IH2009,2020-03-16 09:31:06.300,2720.6000,9180,-1,100752780.000,1,0,1,双平,S,2718.0000,2717.8000,2713.8000,2713.2000,2713.0000,2721.6000,2723.6000,2724.6000,2724.8000,2726.0000,1,1,2,3,2,1,11,2,1,1
SF,IH2009,2020-03-16 09:31:06.800,2720.6000,9180,0,100752780.000,0,-,-,-,-,2718.0000,2717.8000,2713.8000,2713.2000,2713.0000,2721.4000,2721.6000,2723.6000,2724.6000,2724.8000,1,1,2,3,2,2,1,10,2,1
SF,IH2009,2020-03-16 09:31:07.300,2720.6000,9180,0,100752780.000,0,-,-,-,-,2718.0000,2717.8000,2713.8000,2713.2000,2713.0000,2721.0000,2721.4000,2723.6000,2724.6000,2724.8000,1,1,2,3,2,1,3,10,2,1
SF,IH2009,2020-03-16 09:31:07.800,2720.6000,9180,0,100752780.000,0,-,-,-,-,2718.2000,2718.0000,2717.8000,2713.8000,2713.2000,2721.0000,2721.4000,2723.6000,2724.6000,2724.8000,1,1,1,2,3,1,3,10,2,1
SF,IH2009,2020-03-16 09:31:08.300,2720.6000,9180,0,100752780.000,0,-,-,-,-,2718.4000,2718.2000,2717.8000,2713.8000,2713.2000,2720.8000,2721.0000,2721.4000,2723.6000,2724.6000,1,1,1,2,3,1,1,2,10,2
SF,IH2009,2020-03-16 09:31:08.800,2720.6000,9180,0,100752780.000,0,-,-,-,-,2718.4000,2718.2000,2717.8000,2713.8000,2713.2000,2720.6000,2721.4000,2723.6000,2724.6000,2724.8000,1,1,1,2,3,1,2,10,2,1
SF,IH2009,2020-03-16 09:31:09.300,2720.6000,9180,0,101568960.000,1,0,1,多换,S,2720.0000,2718.4000,2718.2000,2717.8000,2713.8000,2721.4000,2723.6000,2724.8000,2726.0000,2727.4000,1,1,1,1,2,1,10,1,1,1
SF,IH2009,2020-03-16 09:31:09.800,2720.6000,9179,-1,102385140.000,1,0,1,双平,S,2720.0000,2719.0000,2718.4000,2718.2000,2717.8000,2723.6000,2724.8000,2726.0000,2727.4000,2728.6000,1,1,1,1,1,10,1,1,1,1
SF,IH2009,2020-03-16 09:31:10.300,2720.6000,9179,0,102385140.000,0,-,-,-,-,2720.0000,2719.0000,2718.4000,2718.2000,2717.8000,2723.4000,2723.6000,2724.8000,2726.0000,2727.4000,1,1,1,1,1,3,10,1,1,1
SF,IH2009,2020-03-16 09:31:10.800,2720.6000,9179,0,102385140.000,0,-,-,-,-,2720.4000,2720.2000,2720.0000,2719.0000,2718.2000,2723.4000,2723.6000,2724.8000,2726.0000,2727.4000,2,1,1,1,1,3,10,1,1,1
SF,IH2009,2020-03-16 09:31:11.300,2720.6000,9179,0,103201320.000,1,0,1,多换,S,2720.4000,2720.0000,2719.0000,2718.2000,2717.8000,2723.4000,2723.6000,2724.8000,2726.0000,2727.4000,2,1,1,1,1,2,10,1,1,1
SF,IH2009,2020-03-16 09:31:11.800,2723.4000,9179,0,104018340.000,1,0,1,多换,S,2720.6000,2720.4000,2720.0000,2719.0000,2718.2000,2723.4000,2723.6000,2724.8000,2726.0000,2727.4000,2,2,1,1,1,1,10,1,1,1
SF,IH2009,2020-03-16 09:31:12.300,2723.4000,9179,0,104018340.000,0,-,-,-,-,2720.8000,2720.6000,2720.4000,2720.0000,2719.0000,2723.6000,2724.8000,2726.0000,2727.4000,2728.6000,3,2,2,1,1,10,1,1,1,1
SF,IH2009,2020-03-16 09:31:12.800,2723.4000,9179,0,104018340.000,0,-,-,-,-,2721.6000,2721.0000,2720.8000,2720.0000,2719.0000,2723.6000,2724.8000,2726.0000,2727.4000,2728.6000,2,1,3,1,1,10,1,1,1,1
SF,IH2009,2020-03-16 09:31:13.300,2723.4000,9179,0,104018340.000,0,-,-,-,-,2721.8000,2721.6000,2721.2000,2720.8000,2720.0000,2723.6000,2724.8000,2726.0000,2727.4000,2728.6000,1,2,1,3,1,10,1,1,1,1
SF,IH2009,2020-03-16 09:31:13.800,2723.4000,9179,0,104018340.000,0,-,-,-,-,2721.8000,2721.6000,2720.8000,2720.0000,2718.2000,2723.6000,2724.8000,2726.0000,2727.4000,2728.6000,2,2,3,1,1,10,1,1,1,1
SF,IH2009,2020-03-16 09:31:14.300,2723.4000,9179,0,104018340.000,0,-,-,-,-,2721.6000,2720.8000,2720.0000,2718.2000,2717.8000,2723.4000,2723.6000,2724.8000,2726.0000,2727.4000,2,3,1,1,1,1,10,1,1,1
SF,IH2009,2020-03-16 09:31:15.300,2721.6000,9178,-1,104834820.000,1,0,1,双平,S,2721.6000,2720.8000,2720.0000,2717.8000,2713.8000,2723.4000,2723.6000,2724.8000,2726.0000,2727.4000,1,3,1,1,2,1,10,1,1,1
SF,IH2009,2020-03-16 09:31:15.800,2721.6000,9178,0,104834820.000,0,-,-,-,-,2721.8000,2721.6000,2720.8000,2720.0000,2717.8000,2723.2000,2723.6000,2724.8000,2726.0000,2727.4000,1,1,3,1,1,1,10,1,1,1
SF,IH2009,2020-03-16 09:31:16.300,2723.0000,9175,-3,107284680.000,3,0,3,双平,S,2720.8000,2720.0000,2717.8000,2713.8000,2713.2000,2723.6000,2724.4000,2724.8000,2726.0000,2727.4000,4,1,1,2,1,10,1,1,1,1
SF,IH2009,2020-03-16 09:31:16.800,2722.0000,9174,-1,108101280.000,1,0,1,双平,S,2720.8000,2720.0000,2717.8000,2713.8000,2713.2000,2721.8000,2723.0000,2723.6000,2724.4000,2724.8000,4,1,1,2,1,1,1,10,1,1
SF,IH2009,2020-03-16 09:31:17.300,2721.8000,9173,-1,108917820.000,1,0,1,双平,S,2721.0000,2720.8000,2720.0000,2717.8000,2713.8000,2723.0000,2723.4000,2723.6000,2724.4000,2724.8000,1,4,1,1,2,1,1,10,1,1
SF,IH2009,2020-03-16 09:31:17.800,2721.8000,9173,0,108917820.000,0,-,-,-,-,2721.0000,2720.8000,2720.0000,2717.8000,2713.8000,2723.0000,2723.4000,2723.6000,2724.4000,2724.8000,1,4,1,1,2,1,1,10,1,1
SF,IH2009,2020-03-16 09:31:18.300,2722.8000,9173,0,111368340.000,3,1,2,多换,S,2721.0000,2720.8000,2720.0000,2717.8000,2713.8000,2722.8000,2723.0000,2723.4000,2723.6000,2724.4000,1,4,1,1,2,1,1,1,10,1
SF,IH2009,2020-03-16 09:31:18.800,2722.8000,9173,0,111368340.000,0,-,-,-,-,2721.0000,2720.8000,2720.0000,2717.8000,2713.8000,2722.8000,2723.0000,2723.4000,2723.6000,2724.4000,1,4,1,1,2,1,1,1,10,1
SF,IH2009,2020-03-16 09:31:19.300,2722.8000,9173,0,111368340.000,0,-,-,-,-,2721.8000,2721.0000,2720.8000,2720.0000,2717.8000,2722.6000,2722.8000,2723.0000,2723.6000,2724.4000,1,1,1,1,1,1,1,1,10,1
SF,IH2009,2020-03-16 09:31:19.800,2721.8000,9173,0,112184880.000,1,0,1,多换,S,2721.8000,2721.0000,2720.8000,2720.0000,2717.8000,2722.4000,2722.6000,2723.0000,2723.6000,2724.4000,1,1,1,1,1,1,1,2,10,1
SF,IH2009,2020-03-16 09:31:20.300,2721.8000,9173,0,112184880.000,0,-,-,-,-,2721.8000,2721.0000,2720.8000,2720.0000,2717.8000,2722.4000,2723.0000,2723.6000,2724.4000,2724.8000,1,1,1,1,1,1,2,10,1,1
SF,IH2009,2020-03-16 09:31:20.800,2721.8000,9173,0,112184880.000,0,-,-,-,-,2721.8000,2721.0000,2720.8000,2720.0000,2717.8000,2722.4000,2723.0000,2723.6000,2724.4000,2724.8000,1,1,1,1,1,1,2,10,1,1
SF,IH2009,2020-03-16 09:31:21.300,2721.8000,9173,0,112184880.000,0,-,-,-,-,2721.8000,2721.0000,2720.8000,2720.0000,2717.8000,2722.4000,2723.0000,2723.6000,2724.4000,2724.8000,1,1,1,1,1,1,2,10,1,1
SF,IH2009,2020-03-16 09:31:21.800,2721.8000,9173,0,112184880.000,0,-,-,-,-,2721.8000,2721.0000,2720.8000,2720.0000,2717.8000,2722.4000,2723.0000,2723.6000,2724.4000,2724.8000,1,1,1,1,1,1,2,10,1,1
SF,IH2009,2020-03-16 09:31:22.300,2721.8000,9173,0,112184880.000,0,-,-,-,-,2721.8000,2721.0000,2720.8000,2720.0000,2717.8000,2722.4000,2723.0000,2723.6000,2724.4000,2724.8000,1,1,1,1,1,1,1,10,1,1
SF,IH2009,2020-03-16 09:31:22.800,2721.8000,9173,0,113001420.000,1,0,1,多换,S,2721.0000,2720.8000,2720.0000,2717.8000,2713.8000,2722.4000,2723.0000,2723.6000,2724.4000,2724.8000,1,1,1,1,2,1,1,10,1,1
SF,IH2009,2020-03-16 09:31:23.800,2722.4000,9173,0,113818140.000,1,0,1,多换,S,2721.0000,2720.8000,2720.0000,2717.8000,2713.8000,2723.0000,2723.6000,2724.4000,2724.8000,2726.0000,1,1,1,1,2,1,10,1,1,1
SF,IH2009,2020-03-16 09:31:24.300,2722.4000,9173,0,113818140.000,0,-,-,-,-,2721.0000,2720.8000,2720.0000,2717.8000,2713.8000,2722.8000,2723.0000,2723.6000,2724.4000,2724.8000,1,1,1,1,2,2,1,10,1,1
SF,IH2009,2020-03-16 09:31:24.800,2722.4000,9173,0,113818140.000,0,-,-,-,-,2720.8000,2720.0000,2717.8000,2713.8000,2713.2000,2722.8000,2723.0000,2723.6000,2724.4000,2724.8000,1,1,1,2,1,2,1,10,1,1
SF,IH2009,2020-03-16 09:31:25.300,2722.4000,9173,0,113818140.000,0,-,-,-,-,2720.8000,2720.0000,2717.8000,2713.8000,2713.2000,2722.8000,2723.0000,2723.6000,2724.4000,2724.8000,1,1,1,2,1,2,1,10,1,1
SF,IH2009,2020-03-16 09:31:25.800,2720.8000,9173,0,114634380.000,1,0,1,多换,S,2720.0000,2717.8000,2713.8000,2713.2000,2713.0000,2722.8000,2723.0000,2723.6000,2724.4000,2724.8000,1,1,2,1,2,2,1,10,1,1
SF,IH2009,2020-03-16 09:31:26.300,2720.8000,9173,0,114634380.000,0,-,-,-,-,2720.0000,2717.8000,2713.8000,2713.2000,2713.0000,2722.8000,2723.0000,2723.6000,2724.4000,2724.8000,1,1,2,1,2,2,1,10,1,1
SF,IH2009,2020-03-16 09:31:26.800,2720.8000,9173,0,114634380.000,0,-,-,-,-,2720.0000,2717.8000,2713.2000,2713.0000,2712.0000,2722.4000,2722.8000,2723.0000,2723.6000,2724.4000,1,1,1,2,1,1,2,1,10,1
SF,IH2009,2020-03-16 09:31:27.300,2720.8000,9173,0,114634380.000,0,-,-,-,-,2720.0000,2717.8000,2713.2000,2713.0000,2712.0000,2722.2000,2722.8000,2723.0000,2723.6000,2724.4000,1,1,1,2,1,1,1,1,10,1
SF,IH2009,2020-03-16 09:31:27.800,2720.8000,9173,0,114634380.000,0,-,-,-,-,2720.2000,2720.0000,2717.8000,2713.2000,2713.0000,2722.2000,2723.0000,2723.6000,2724.4000,2724.8000,1,1,1,1,2,2,1,10,1,1
SF,IH2009,2020-03-16 09:31:28.800,2722.2000,9172,-1,115451040.000,1,0,1,双平,S,2720.2000,2720.0000,2717.8000,2713.2000,2713.0000,2722.2000,2723.0000,2723.6000,2724.4000,2724.8000,1,1,1,1,2,1,1,10,1,1
SF,IH2009,2020-03-16 09:31:29.300,2722.2000,9172,0,116267700.000,1,0,1,多换,S,2720.4000,2720.2000,2720.0000,2717.8000,2713.2000,2723.0000,2723.6000,2724.4000,2724.8000,2726.0000,1,1,1,1,1,1,10,1,1,1
SF,IH2009,2020-03-16 09:31:29.800,2722.2000,9172,0,116267700.000,0,-,-,-,-,2720.6000,2720.4000,2720.0000,2717.8000,2713.2000,2721.4000,2723.0000,2723.6000,2724.4000,2724.8000,3,1,1,1,1,1,1,10,1,1
SF,IH2009,2020-03-16 09:31:30.300,2722.2000,9171,-1,117084360.000,1,0,1,双平,S,2720.8000,2720.6000,2720.4000,2720.0000,2717.8000,2723.0000,2723.6000,2724.4000,2724.8000,2726.0000,1,3,1,1,1,1,10,1,1,1
SF,IH2009,2020-03-16 09:31:30.800,2722.2000,9171,0,117084360.000,0,-,-,-,-,2721.0000,2720.8000,2720.6000,2720.0000,2717.8000,2723.0000,2723.6000,2724.4000,2724.8000,2726.0000,2,1,3,1,1,1,10,1,1,1
SF,IH2009,2020-03-16 09:31:31.300,2721.2000,9167,-4,120349800.000,4,0,4,双平,S,2721.2000,2721.0000,2720.8000,2720.6000,2720.0000,2723.0000,2723.6000,2724.4000,2724.8000,2726.0000,4,2,1,1,1,1,10,1,1,1
SF,IH2009,2020-03-16 09:31:31.800,2721.2000,9167,0,120349800.000,0,-,-,-,-,2722.2000,2721.4000,2721.2000,2720.8000,2720.6000,2723.0000,2723.6000,2724.4000,2724.8000,2726.0000,1,2,5,1,1,1,10,1,1,1
SF,IH2009,2020-03-16 09:31:32.300,2721.2000,9167,0,120349800.000,0,-,-,-,-,2722.2000,2721.4000,2721.2000,2720.8000,2720.0000,2723.0000,2723.6000,2724.4000,2724.8000,2726.0000,1,2,5,1,1,1,10,1,1,1
SF,IH2009,2020-03-16 09:31:32.800,2723.0000,9166,-1,121166700.000,1,0,1,双平,S,2722.4000,2722.2000,2721.4000,2721.2000,2720.0000,2723.6000,2724.4000,2724.8000,2726.0000,2727.4000,1,1,1,2,1,10,1,1,1,1
SF,IH2009,2020-03-16 09:31:33.300,2721.2000,9161,-5,125249220.000,5,0,5,双平,S,2720.0000,2717.8000,2713.0000,2712.0000,2708.8000,2723.6000,2724.4000,2724.8000,2726.0000,2727.4000,1,1,2,1,2,10,1,1,1,1
SF,IH2009,2020-03-16 09:31:33.800,2721.2000,9161,0,125249220.000,0,-,-,-,-,2721.0000,2720.2000,2720.0000,2717.8000,2713.0000,2723.4000,2723.6000,2724.4000,2724.8000,2726.0000,1,1,1,1,2,2,10,1,1,1
SF,IH2009,2020-03-16 09:31:34.300,2721.2000,9161,0,125249220.000,0,-,-,-,-,2721.0000,2720.6000,2720.4000,2720.2000,2720.0000,2723.4000,2723.6000,2724.4000,2724.8000,2726.0000,1,1,3,1,1,3,10,1,1,1
SF,IH2009,2020-03-16 09:31:34.800,2721.2000,9161,0,125249220.000,0,-,-,-,-,2721.0000,2720.6000,2720.4000,2720.2000,2720.0000,2723.4000,2723.6000,2724.4000,2724.8000,2726.0000,1,1,3,1,1,3,10,1,1,1
SF,IH2009,2020-03-16 09:31:35.300,2721.2000,9161,0,125249220.000,0,-,-,-,-,2721.0000,2720.6000,2720.2000,2720.0000,2717.8000,2723.4000,2723.6000,2724.4000,2724.8000,2726.0000,1,1,1,1,1,3,10,1,1,1
SF,IH2009,2020-03-16 09:31:35.800,2720.2000,9160,-1,127697760.000,3,1,2,多平,S,2720.0000,2718.0000,2717.8000,2713.0000,2712.0000,2723.4000,2723.6000,2724.4000,2724.8000,2726.0000,1,1,1,2,1,3,10,1,1,1
SF,IH2009,2020-03-16 09:31:36.300,2723.2000,9158,-2,129331620.000,2,0,2,双平,S,2720.0000,2718.0000,2717.8000,2713.0000,2712.0000,2723.2000,2723.4000,2723.6000,2724.4000,2724.8000,1,1,1,2,1,1,3,10,1,1
SF,IH2009,2020-03-16 09:31:36.800,2723.2000,9158,0,129331620.000,0,-,-,-,-,2720.0000,2718.0000,2717.8000,2713.0000,2712.0000,2723.0000,2723.2000,2723.4000,2723.6000,2724.4000,21,1,1,2,1,3,1,1,10,1
SF,IH2009,2020-03-16 09:31:37.300,2723.2000,9158,0,129331620.000,0,-,-,-,-,2720.2000,2720.0000,2718.0000,2717.8000,2713.0000,2723.0000,2723.2000,2723.4000,2723.6000,2724.4000,1,21,1,1,2,3,1,1,10,1
SF,IH2009,2020-03-16 09:31:37.800,2723.0000,9157,-1,130148520.000,1,0,1,双平,S,2720.2000,2720.0000,2718.2000,2718.0000,2717.8000,2723.0000,2723.2000,2723.4000,2723.6000,2724.4000,1,21,1,1,1,1,1,1,10,1
SF,IH2009,2020-03-16 09:31:38.300,2723.0000,9157,0,130148520.000,0,-,-,-,-,2720.4000,2720.2000,2720.0000,2718.2000,2718.0000,2723.0000,2723.2000,2723.4000,2723.6000,2724.4000,1,1,21,1,1,1,1,1,10,1
SF,IH2009,2020-03-16 09:31:38.800,2723.0000,9157,0,130148520.000,0,-,-,-,-,2720.6000,2720.4000,2720.0000,2718.2000,2718.0000,2723.0000,2723.2000,2723.4000,2723.6000,2724.4000,1,1,21,1,1,1,1,1,10,1
SF,IH2009,2020-03-16 09:31:39.300,2723.0000,9156,-1,130965420.000,1,0,1,双平,S,2720.8000,2720.6000,2720.4000,2720.0000,2718.2000,2723.4000,2723.6000,2724.4000,2724.8000,2726.0000,1,1,1,21,1,1,10,1,1,1
SF,IH2009,2020-03-16 09:31:39.800,2723.0000,9156,0,130965420.000,0,-,-,-,-,2723.0000,2721.0000,2720.8000,2720.0000,2718.2000,2723.4000,2723.6000,2724.4000,2724.8000,2726.0000,2,1,1,21,1,1,10,1,1,1
SF,IH2009,2020-03-16 09:31:40.300,2723.0000,9156,0,130965420.000,0,-,-,-,-,2723.0000,2721.0000,2720.8000,2720.2000,2720.0000,2723.4000,2723.6000,2724.4000,2724.8000,2726.0000,2,1,1,1,21,1,10,1,1,1
SF,IH2009,2020-03-16 09:31:40.800,2723.4000,9155,-1,131782440.000,1,0,1,双平,S,2723.0000,2721.0000,2720.8000,2720.2000,2720.0000,2723.6000,2724.4000,2724.8000,2726.0000,2727.4000,2,1,1,1,21,10,1,1,1,1
SF,IH2009,2020-03-16 09:31:41.300,2723.6000,9154,-1,132599520.000,1,0,1,双平,S,2723.2000,2723.0000,2720.8000,2720.2000,2720.0000,2723.6000,2724.4000,2724.8000,2726.0000,2727.4000,1,2,1,1,21,9,1,1,1,1
SF,IH2009,2020-03-16 09:31:41.800,2723.6000,9153,-1,133416600.000,1,0,1,双平,S,2723.0000,2720.8000,2720.2000,2720.0000,2718.2000,2723.6000,2724.4000,2724.8000,2726.0000,2727.4000,2,1,1,21,1,8,1,1,1,1
SF,IH2009,2020-03-16 09:31:42.300,2723.6000,9153,0,133416600.000,0,-,-,-,-,2723.2000,2723.0000,2720.8000,2720.2000,2720.0000,2723.6000,2724.4000,2724.8000,2726.0000,2727.4000,1,2,1,1,21,8,1,1,1,1
SF,IH2009,2020-03-16 09:31:42.800,2723.6000,9149,-4,136684920.000,4,0,4,双平,S,2723.2000,2723.0000,2720.8000,2720.2000,2720.0000,2723.6000,2724.4000,2724.8000,2726.0000,2727.4000,1,2,1,1,21,4,1,1,1,1
SF,IH2009,2020-03-16 09:31:43.300,2723.2000,9148,-1,137501880.000,1,0,1,双平,S,2723.0000,2720.8000,2720.2000,2720.0000,2718.0000,2723.6000,2724.4000,2724.8000,2726.0000,2727.4000,2,1,1,21,1,4,1,1,1,1
SF,IH2009,2020-03-16 09:31:43.800,2723.6000,9146,-2,139136040.000,2,0,2,双平,S,2723.0000,2720.8000,2720.2000,2720.0000,2718.0000,2723.6000,2724.4000,2724.8000,2726.0000,2727.4000,1,1,1,21,1,2,1,1,1,1
SF,IH2009,2020-03-16 09:31:44.300,2723.6000,9145,-1,139953120.000,1,0,1,双平,S,2723.0000,2720.8000,2720.2000,2720.0000,2718.0000,2723.6000,2724.4000,2724.8000,2726.0000,2727.4000,1,1,1,21,1,1,1,1,1,1
SF,IH2009,2020-03-16 09:31:45.300,2723.0000,9145,0,140770020.000,1,0,1,多换,S,2720.8000,2720.2000,2720.0000,2718.0000,2717.8000,2723.6000,2724.4000,2724.8000,2726.0000,2727.4000,1,1,21,1,1,1,1,1,1,1
SF,IH2009,2020-03-16 09:31:45.800,2723.6000,9144,-1,141587100.000,1,0,1,双平,S,2721.0000,2720.8000,2720.2000,2720.0000,2718.0000,2724.4000,2724.8000,2726.0000,2727.4000,2727.6000,1,1,1,21,1,1,1,1,1,1
SF,IH2009,2020-03-16 09:31:46.300,2723.6000,9144,0,141587100.000,0,-,-,-,-,2721.2000,2721.0000,2720.2000,2720.0000,2718.0000,2724.2000,2724.4000,2724.8000,2726.0000,2727.4000,1,1,1,21,1,1,1,1,1,1
SF,IH2009,2020-03-16 09:31:46.800,2723.6000,9144,0,141587100.000,0,-,-,-,-,2721.2000,2721.0000,2720.2000,2720.0000,2718.0000,2724.0000,2724.2000,2724.4000,2724.8000,2726.0000,1,1,1,21,1,1,1,1,1,1
SF,IH2009,2020-03-16 09:31:47.800,2723.6000,9144,0,141587100.000,0,-,-,-,-,2723.8000,2721.2000,2721.0000,2720.2000,2720.0000,2724.0000,2724.2000,2724.4000,2724.8000,2726.0000,1,1,1,1,21,1,1,1,1,1
SF,IH2009,2020-03-16 09:31:48.300,2723.8000,9144,0,142404240.000,1,0,1,多换,S,2721.2000,2720.2000,2720.0000,2718.0000,2717.8000,2723.4000,2724.4000,2724.8000,2726.0000,2727.4000,1,1,21,1,1,1,1,1,1,1
SF,IH2009,2020-03-16 09:31:48.800,2723.8000,9144,0,142404240.000,0,-,-,-,-,2720.2000,2720.0000,2718.0000,2717.8000,2713.0000,2723.4000,2724.4000,2724.8000,2726.0000,2727.4000,1,21,1,1,2,1,1,1,1,1
SF,IH2009,2020-03-16 09:31:49.300,2723.8000,9144,0,142404240.000,0,-,-,-,-,2720.4000,2720.2000,2720.0000,2718.0000,2717.8000,2723.2000,2723.4000,2724.4000,2724.8000,2726.0000,2,1,21,1,1,1,1,1,1,1
SF,IH2009,2020-03-16 09:31:50.800,2723.8000,9145,1,143221380.000,1,1,0,双开,S,2720.4000,2720.2000,2720.0000,2718.0000,2717.8000,2723.4000,2724.4000,2724.8000,2726.0000,2727.4000,2,1,21,1,1,1,1,1,1,1
SF,IH2009,2020-03-16 09:31:51.300,2723.8000,9145,0,143221380.000,0,-,-,-,-,2720.4000,2720.2000,2720.0000,2718.0000,2717.8000,2723.2000,2723.4000,2724.4000,2724.8000,2726.0000,2,1,21,1,1,1,1,1,1,1
SF,IH2009,2020-03-16 09:31:51.800,2723.8000,9145,0,143221380.000,0,-,-,-,-,2720.4000,2720.2000,2720.0000,2718.0000,2717.8000,2723.2000,2723.4000,2724.4000,2724.8000,2726.0000,2,1,21,1,1,1,1,1,1,1
SF,IH2009,2020-03-16 09:31:52.300,2723.8000,9145,0,143221380.000,0,-,-,-,-,2720.4000,2720.2000,2720.0000,2718.0000,2717.8000,2723.4000,2724.4000,2724.8000,2726.0000,2727.4000,2,1,21,1,1,1,1,1,1,1
SF,IH2009,2020-03-16 09:31:52.800,2723.8000,9145,0,143221380.000,0,-,-,-,-,2720.4000,2720.2000,2720.0000,2718.0000,2717.8000,2724.4000,2724.8000,2726.0000,2727.4000,2727.6000,5,1,21,1,1,1,1,1,1,1
SF,IH2009,2020-03-16 09:31:53.300,2723.8000,9145,0,143221380.000,0,-,-,-,-,2720.6000,2720.4000,2720.2000,2720.0000,2718.0000,2724.2000,2724.4000,2724.8000,2726.0000,2727.4000,1,5,1,21,1,1,1,1,1,1
SF,IH2009,2020-03-16 09:31:53.800,2723.8000,9145,0,143221380.000,0,-,-,-,-,2720.8000,2720.6000,2720.4000,2720.2000,2720.0000,2724.2000,2724.4000,2724.8000,2726.0000,2727.4000,2,1,3,1,21,1,1,1,1,1
SF,IH2009,2020-03-16 09:31:54.300,2723.8000,9145,0,143221380.000,0,-,-,-,-,2721.0000,2720.8000,2720.6000,2720.4000,2720.2000,2724.0000,2724.2000,2724.4000,2724.8000,2726.0000,1,2,1,3,1,1,1,1,1,1
SF,IH2009,2020-03-16 09:31:54.800,2723.8000,9145,0,143221380.000,0,-,-,-,-,2721.2000,2721.0000,2720.6000,2720.4000,2720.2000,2723.8000,2724.0000,2724.4000,2724.8000,2726.0000,2,1,1,3,1,1,2,1,1,1
SF,IH2009,2020-03-16 09:31:55.800,2723.8000,9145,0,143221380.000,0,-,-,-,-,2721.2000,2721.0000,2720.6000,2720.4000,2720.2000,2723.8000,2724.0000,2724.4000,2724.8000,2725.2000,2,1,1,3,1,1,2,1,1,1
SF,IH2009,2020-03-16 09:31:56.300,2723.8000,9145,0,143221380.000,0,-,-,-,-,2721.2000,2721.0000,2720.6000,2720.4000,2720.2000,2724.0000,2724.4000,2724.8000,2725.2000,2726.0000,2,1,1,3,1,2,1,1,1,1
SF,IH2009,2020-03-16 09:31:56.800,2723.8000,9145,0,143221380.000,0,-,-,-,-,2721.2000,2721.0000,2720.6000,2720.4000,2720.2000,2723.8000,2724.0000,2724.4000,2724.8000,2725.2000,2,1,1,3,1,1,2,1,1,1
SF,IH2009,2020-03-16 09:31:57.300,2723.8000,9145,0,143221380.000,0,-,-,-,-,2721.2000,2721.0000,2720.6000,2720.4000,2720.2000,2723.8000,2724.0000,2724.4000,2724.8000,2725.2000,2,1,1,3,1,2,2,1,1,1
SF,IH2009,2020-03-16 09:31:57.800,2723.8000,9145,0,143221380.000,0,-,-,-,-,2721.2000,2721.0000,2720.6000,2720.4000,2720.2000,2723.8000,2724.0000,2724.4000,2724.8000,2725.2000,2,1,1,3,1,2,2,1,1,1
SF,IH2009,2020-03-16 09:31:58.300,2723.8000,9145,0,143221380.000,0,-,-,-,-,2721.2000,2721.0000,2720.6000,2720.4000,2720.2000,2723.6000,2723.8000,2724.0000,2724.4000,2724.8000,2,1,1,3,1,1,2,1,1,1
SF,IH2009,2020-03-16 09:31:58.800,2723.8000,9145,0,143221380.000,0,-,-,-,-,2721.2000,2720.6000,2720.4000,2720.2000,2720.0000,2723.4000,2723.6000,2723.8000,2724.0000,2724.4000,2,1,3,1,31,1,1,1,1,1
SF,IH2009,2020-03-16 09:31:59.800,2723.8000,9145,0,143221380.000,0,-,-,-,-,2721.2000,2720.6000,2720.4000,2720.2000,2720.0000,2723.4000,2723.6000,2723.8000,2724.0000,2724.4000,2,1,3,1,31,2,1,1,1,1
SF,IH2009,2020-03-16 09:32:00.800,2723.8000,9145,0,143221380.000,0,-,-,-,-,2721.2000,2720.6000,2720.4000,2720.2000,2720.0000,2723.4000,2723.6000,2724.0000,2724.4000,2724.8000,2,1,3,1,31,2,1,1,1,1
SF,IH2009,2020-03-16 09:32:01.300,2723.8000,9145,0,143221380.000,0,-,-,-,-,2721.2000,2720.6000,2720.4000,2720.2000,2720.0000,2723.4000,2723.6000,2724.0000,2724.4000,2724.8000,2,1,3,1,31,2,1,1,1,1
SF,IH2009,2020-03-16 09:32:01.800,2723.8000,9145,0,143221380.000,0,-,-,-,-,2721.2000,2720.6000,2720.4000,2720.2000,2720.0000,2723.4000,2723.6000,2724.0000,2724.4000,2724.8000,1,1,3,1,31,2,1,1,1,1
SF,IH2009,2020-03-16 09:32:02.300,2723.8000,9145,0,143221380.000,0,-,-,-,-,2721.2000,2720.6000,2720.4000,2720.2000,2720.0000,2723.2000,2723.4000,2724.0000,2724.4000,2724.8000,1,1,3,1,31,1,2,1,1,1
SF,IH2009,2020-03-16 09:32:02.800,2723.8000,9145,0,143221380.000,0,-,-,-,-,2721.2000,2720.6000,2720.4000,2720.2000,2720.0000,2723.0000,2723.2000,2724.0000,2724.4000,2724.8000,1,1,3,1,31,1,1,1,1,1
SF,IH2009,2020-03-16 09:32:03.300,2723.8000,9145,0,143221380.000,0,-,-,-,-,2720.6000,2720.4000,2720.2000,2720.0000,2718.0000,2721.6000,2723.0000,2723.2000,2724.0000,2724.4000,1,3,1,31,1,1,1,1,1,1
SF,IH2009,2020-03-16 09:32:03.800,2723.8000,9145,0,143221380.000,0,-,-,-,-,2720.6000,2720.4000,2720.2000,2720.0000,2718.0000,2721.6000,2723.0000,2723.2000,2724.0000,2724.4000,1,3,1,31,1,1,1,2,1,1
SF,IH2009,2020-03-16 09:32:04.300,2723.8000,9145,0,143221380.000,0,-,-,-,-,2720.6000,2720.2000,2720.0000,2718.0000,2717.8000,2721.6000,2723.0000,2723.2000,2724.0000,2724.4000,1,1,31,1,1,1,1,2,1,1
SF,IH2009,2020-03-16 09:32:04.800,2723.8000,9145,0,143221380.000,0,-,-,-,-,2720.6000,2720.2000,2720.0000,2718.0000,2717.8000,2721.6000,2723.0000,2723.2000,2724.0000,2724.4000,1,1,31,1,1,1,1,2,1,1
SF,IH2009,2020-03-16 09:32:05.300,2723.8000,9145,0,143221380.000,0,-,-,-,-,2720.6000,2720.2000,2720.0000,2718.0000,2717.8000,2721.6000,2723.0000,2723.2000,2724.0000,2724.4000,1,1,31,1,1,1,1,1,1,1
SF,IH2009,2020-03-16 09:32:05.800,2720.6000,9145,0,144037560.000,1,0,1,多换,S,2720.2000,2720.0000,2718.0000,2717.8000,2713.0000,2721.6000,2723.0000,2723.2000,2724.0000,2724.4000,1,31,1,1,2,1,1,1,1,1
SF,IH2009,2020-03-16 09:32:06.300,2720.6000,9145,0,144037560.000,0,-,-,-,-,2720.2000,2720.0000,2718.0000,2717.8000,2713.0000,2721.4000,2721.6000,2723.2000,2724.0000,2724.4000,1,31,1,1,2,1,1,1,1,1
SF,IH2009,2020-03-16 09:32:06.800,2720.2000,9145,0,144853620.000,1,0,1,多换,S,2720.0000,2718.0000,2717.8000,2713.0000,2712.0000,2721.4000,2724.0000,2724.4000,2725.2000,2726.0000,31,1,1,2,1,1,1,1,1,1
SF,IH2009,2020-03-16 09:32:07.300,2720.2000,9145,0,144853620.000,0,-,-,-,-,2720.0000,2718.0000,2717.8000,2713.0000,2712.0000,2720.6000,2721.4000,2724.0000,2724.4000,2725.2000,31,1,1,2,1,1,1,1,1,1
SF,IH2009,2020-03-16 09:32:07.800,2721.4000,9144,-1,145670040.000,1,0,1,双平,S,2720.0000,2718.0000,2717.8000,2713.0000,2712.0000,2724.0000,2724.4000,2725.2000,2726.0000,2727.4000,31,1,1,2,1,1,1,1,1,1
SF,IH2009,2020-03-16 09:32:08.300,2721.4000,9144,0,145670040.000,0,-,-,-,-,2720.2000,2720.0000,2718.0000,2717.8000,2713.0000,2721.2000,2723.6000,2723.8000,2724.0000,2724.4000,1,31,1,1,2,1,1,3,1,1
SF,IH2009,2020-03-16 09:32:08.800,2721.4000,9144,0,145670040.000,0,-,-,-,-,2720.2000,2720.0000,2718.0000,2717.8000,2713.0000,2723.8000,2724.0000,2724.4000,2725.2000,2726.0000,2,31,1,1,2,2,1,1,1,1
SF,IH2009,2020-03-16 09:32:09.300,2721.4000,9144,0,145670040.000,0,-,-,-,-,2720.4000,2720.2000,2720.0000,2718.0000,2717.8000,2721.6000,2723.8000,2724.0000,2724.4000,2725.2000,2,1,31,1,1,1,2,1,1,1
SF,IH2009,2020-03-16 09:32:09.800,2721.4000,9144,0,145670040.000,0,-,-,-,-,2720.6000,2720.4000,2720.0000,2718.0000,2717.8000,2723.8000,2724.0000,2724.4000,2725.2000,2726.0000,1,1,31,1,1,2,1,1,1,1
SF,IH2009,2020-03-16 09:32:10.300,2721.4000,9144,0,145670040.000,0,-,-,-,-,2720.8000,2720.6000,2720.0000,2718.0000,2717.8000,2722.6000,2723.8000,2724.0000,2724.4000,2725.2000,2,1,31,1,1,1,2,1,1,1
SF,IH2009,2020-03-16 09:32:10.800,2721.4000,9144,0,145670040.000,0,-,-,-,-,2721.6000,2721.0000,2720.8000,2720.0000,2718.0000,2722.6000,2723.8000,2724.0000,2724.4000,2725.2000,1,1,1,31,1,1,1,1,1,1
SF,IH2009,2020-03-16 09:32:11.300,2721.4000,9144,0,145670040.000,0,-,-,-,-,2721.8000,2721.6000,2720.8000,2720.0000,2718.0000,2722.6000,2723.8000,2724.0000,2724.4000,2725.2000,1,1,1,31,1,1,1,1,1,1
SF,IH2009,2020-03-16 09:32:12.300,2722.6000,9143,-1,146486820.000,1,0,1,双平,S,2721.8000,2721.6000,2720.8000,2720.0000,2718.0000,2723.8000,2724.0000,2724.4000,2725.2000,2726.0000,1,1,1,31,1,1,1,1,1,1
SF,IH2009,2020-03-16 09:32:12.800,2721.8000,9142,-1,147303360.000,1,0,1,双平,S,2721.6000,2720.8000,2720.0000,2718.0000,2717.8000,2723.4000,2723.6000,2724.0000,2724.4000,2725.2000,1,1,31,1,1,1,1,1,1,1
SF,IH2009,2020-03-16 09:32:13.300,2721.6000,9142,0,148119840.000,1,0,1,多换,S,2720.8000,2720.0000,2718.0000,2717.8000,2713.0000,2723.2000,2723.4000,2724.0000,2724.4000,2725.2000,1,31,1,1,2,1,1,1,1,1
SF,IH2009,2020-03-16 09:32:13.800,2721.6000,9142,0,148119840.000,0,-,-,-,-,2721.0000,2720.0000,2718.0000,2717.8000,2713.0000,2723.2000,2723.4000,2724.0000,2724.4000,2725.2000,1,31,1,1,2,1,1,1,1,1
SF,IH2009,2020-03-16 09:32:14.300,2721.6000,9142,0,148119840.000,0,-,-,-,-,2720.0000,2718.0000,2717.8000,2713.0000,2712.0000,2723.2000,2723.4000,2724.0000,2724.4000,2725.2000,31,1,1,2,1,1,1,1,1,1
SF,IH2009,2020-03-16 09:32:14.800,2720.2000,9142,0,148935900.000,1,0,1,多换,S,2720.2000,2720.0000,2718.0000,2717.8000,2713.0000,2723.2000,2723.4000,2724.0000,2724.4000,2725.2000,1,31,1,1,2,1,1,1,1,1
SF,IH2009,2020-03-16 09:32:15.300,2720.2000,9142,0,148935900.000,0,-,-,-,-,2720.4000,2720.0000,2718.0000,2717.8000,2713.0000,2723.2000,2723.4000,2724.0000,2724.4000,2725.2000,1,31,1,1,2,1,1,1,1,1
SF,IH2009,2020-03-16 09:32:15.800,2720.2000,9142,0,148935900.000,0,-,-,-,-,2720.0000,2718.0000,2717.8000,2713.0000,2712.0000,2723.0000,2723.2000,2723.4000,2724.0000,2724.4000,31,1,1,2,1,3,1,1,1,1
SF,IH2009,2020-03-16 09:32:16.300,2720.2000,9142,0,148935900.000,0,-,-,-,-,2720.0000,2718.0000,2717.8000,2713.0000,2712.0000,2722.8000,2723.0000,2724.0000,2724.4000,2725.2000,31,1,1,2,1,2,3,1,1,1
SF,IH2009,2020-03-16 09:32:16.800,2720.2000,9142,0,148935900.000,0,-,-,-,-,2720.0000,2718.0000,2717.8000,2713.0000,2712.0000,2721.6000,2722.4000,2722.6000,2722.8000,2723.0000,31,1,1,2,1,1,1,1,3,1
SF,IH2009,2020-03-16 09:32:17.300,2720.2000,9142,0,148935900.000,0,-,-,-,-,2720.0000,2718.0000,2717.8000,2713.0000,2712.0000,2721.4000,2721.6000,2722.4000,2722.6000,2722.8000,31,1,1,2,1,1,1,1,1,2
SF,IH2009,2020-03-16 09:32:17.800,2720.2000,9142,0,148935900.000,0,-,-,-,-,2720.0000,2718.0000,2717.8000,2713.0000,2712.0000,2721.4000,2721.6000,2722.6000,2722.8000,2723.0000,31,1,1,2,1,2,1,1,2,1
SF,IH2009,2020-03-16 09:32:18.300,2720.0000,9142,0,152199900.000,4,2,2,多换,S,2720.0000,2718.0000,2717.8000,2713.0000,2712.0000,2721.2000,2721.4000,2722.8000,2724.0000,2724.4000,27,1,1,2,1,1,2,1,1,1
SF,IH2009,2020-03-16 09:32:18.800,2720.0000,9142,0,155463900.000,4,2,2,多换,S,2720.0000,2718.0000,2717.8000,2713.0000,2712.0000,2720.8000,2721.2000,2722.8000,2724.0000,2724.4000,23,1,1,2,1,2,2,1,1,1
SF,IH2009,2020-03-16 09:32:19.300,2720.0000,9142,0,157095900.000,2,1,1,多换,S,2720.0000,2718.0000,2717.8000,2713.0000,2712.0000,2720.6000,2720.8000,2721.2000,2722.8000,2724.0000,21,1,1,2,1,1,2,2,1,1
SF,IH2009,2020-03-16 09:32:19.800,2720.0000,9142,0,159543900.000,3,1,2,多换,S,2720.0000,2718.0000,2717.8000,2713.0000,2712.0000,2720.2000,2720.6000,2721.2000,2722.8000,2724.0000,18,1,1,2,1,1,2,1,1,1
SF,IH2009,2020-03-16 09:32:20.300,2720.0000,9142,0,172599900.000,16,8,8,多换,S,2720.0000,2718.0000,2717.8000,2713.0000,2712.0000,2720.2000,2720.6000,2720.8000,2721.2000,2722.8000,2,1,1,2,1,1,2,1,1,1
SF,IH2009,2020-03-16 09:32:20.800,2720.0000,9142,0,175047900.000,3,1,2,多换,S,2718.0000,2717.8000,2713.0000,2712.0000,2708.8000,2720.2000,2720.6000,2720.8000,2721.2000,2722.8000,1,1,2,1,2,1,2,1,1,1
SF,IH2009,2020-03-16 09:32:21.300,2718.2000,9142,0,175863360.000,1,0,1,多换,S,2718.0000,2717.8000,2713.0000,2712.0000,2708.8000,2720.0000,2720.2000,2720.6000,2720.8000,2721.2000,1,1,2,1,2,1,1,1,1,1
SF,IH2009,2020-03-16 09:32:21.800,2718.2000,9142,0,176678820.000,1,0,1,多换,S,2718.0000,2717.8000,2713.0000,2712.0000,2708.8000,2719.4000,2719.8000,2720.0000,2720.2000,2720.8000,1,1,2,1,2,1,1,1,1,1
SF,IH2009,2020-03-16 09:32:22.300,2719.4000,9138,-4,179941920.000,4,0,4,双平,S,2718.0000,2717.8000,2713.0000,2712.0000,2708.8000,2719.8000,2720.8000,2721.2000,2722.8000,2724.0000,1,1,2,1,2,2,1,1,1,1
SF,IH2009,2020-03-16 09:32:22.800,2717.8000,9139,1,181572660.000,2,1,1,空开,S,2713.0000,2712.0000,2708.8000,2705.0000,2704.2000,2719.0000,2719.6000,2719.8000,2720.8000,2721.2000,2,1,2,1,1,1,1,1,1,1
SF,IH2009,2020-03-16 09:32:23.300,2717.8000,9139,0,181572660.000,0,-,-,-,-,2717.2000,2715.4000,2714.4000,2713.4000,2713.2000,2719.8000,2720.8000,2721.2000,2722.8000,2724.0000,1,1,3,1,5,1,1,1,1,1
SF,IH2009,2020-03-16 09:32:23.800,2717.2000,9138,-1,183203040.000,2,0,2,多平,S,2715.4000,2714.4000,2713.4000,2713.2000,2713.0000,2719.8000,2720.8000,2721.2000,2722.8000,2724.0000,1,3,1,3,2,1,1,1,1,1
SF,IH2009,2020-03-16 09:32:24.300,2717.2000,9138,0,183203040.000,0,-,-,-,-,2715.6000,2715.4000,2714.4000,2713.4000,2713.2000,2719.6000,2720.8000,2721.2000,2722.8000,2724.0000,4,1,3,1,1,1,1,1,1,1
SF,IH2009,2020-03-16 09:32:24.800,2717.2000,9138,0,183203040.000,0,-,-,-,-,2715.8000,2715.6000,2714.4000,2713.4000,2713.2000,2719.6000,2720.8000,2721.2000,2722.8000,2724.0000,1,4,3,1,1,1,1,1,1,1
SF,IH2009,2020-03-16 09:32:25.300,2717.2000,9138,0,183203040.000,0,-,-,-,-,2717.4000,2716.2000,2716.0000,2715.8000,2715.6000,2719.4000,2720.8000,2721.2000,2722.8000,2724.0000,1,1,4,1,1,2,1,1,1,1
SF,IH2009,2020-03-16 09:32:25.800,2719.4000,9136,-2,184834680.000,2,0,2,双平,S,2717.6000,2717.4000,2716.2000,2716.0000,2715.8000,2720.8000,2722.8000,2724.0000,2724.4000,2725.2000,3,1,2,2,1,1,1,1,1,1
SF,IH2009,2020-03-16 09:32:26.300,2719.4000,9136,0,184834680.000,0,-,-,-,-,2717.8000,2717.6000,2716.2000,2716.0000,2715.8000,2720.6000,2720.8000,2722.8000,2724.0000,2724.4000,1,3,2,1,1,1,1,1,1,1
SF,IH2009,2020-03-16 09:32:26.800,2719.4000,9136,0,184834680.000,0,-,-,-,-,2718.8000,2718.2000,2718.0000,2717.8000,2717.6000,2720.6000,2720.8000,2722.8000,2724.0000,2724.4000,1,1,3,3,1,1,1,1,1,1
SF,IH2009,2020-03-16 09:32:27.300,2719.4000,9136,0,184834680.000,0,-,-,-,-,2719.0000,2718.8000,2718.2000,2718.0000,2717.8000,2720.6000,2720.8000,2722.8000,2724.0000,2724.4000,1,1,1,2,3,1,1,1,1,1
SF,IH2009,2020-03-16 09:32:27.800,2719.4000,9136,0,184834680.000,0,-,-,-,-,2719.0000,2718.8000,2718.0000,2717.8000,2717.6000,2720.6000,2720.8000,2722.8000,2724.0000,2724.4000,1,1,2,1,1,1,1,1,1,1
SF,IH2009,2020-03-16 09:32:28.300,2719.4000,9136,0,184834680.000,0,-,-,-,-,2719.0000,2718.8000,2718.0000,2717.8000,2717.6000,2720.6000,2720.8000,2722.8000,2724.0000,2724.4000,1,1,2,1,1,1,1,1,1,1
SF,IH2009,2020-03-16 09:32:28.800,2719.4000,9136,0,184834680.000,0,-,-,-,-,2719.0000,2718.8000,2718.0000,2717.8000,2717.6000,2720.6000,2720.8000,2722.8000,2724.0000,2724.4000,1,1,1,1,1,1,1,1,1,1
SF,IH2009,2020-03-16 09:32:29.800,2718.8000,9135,-1,186466500.000,2,0,2,多平,S,2717.8000,2715.8000,2714.4000,2713.0000,2712.0000,2720.8000,2722.8000,2724.0000,2724.4000,2725.2000,1,1,3,2,1,1,1,1,1,1
SF,IH2009,2020-03-16 09:32:30.300,2718.8000,9135,0,186466500.000,0,-,-,-,-,2714.4000,2713.0000,2712.0000,2708.8000,2705.0000,2720.2000,2720.4000,2720.6000,2720.8000,2722.8000,3,2,1,2,1,2,2,1,1,1
SF,IH2009,2020-03-16 09:32:30.800,2718.8000,9135,0,186466500.000,0,-,-,-,-,2714.6000,2714.4000,2713.0000,2712.0000,2708.8000,2720.0000,2720.2000,2720.4000,2720.8000,2722.8000,2,3,2,1,2,1,2,1,1,1
SF,IH2009,2020-03-16 09:32:31.300,2718.8000,9135,0,186466500.000,0,-,-,-,-,2714.8000,2714.6000,2714.4000,2713.0000,2712.0000,2719.6000,2720.0000,2720.2000,2720.4000,2720.6000,1,2,4,2,1,1,2,1,1,1
SF,IH2009,2020-03-16 09:32:31.800,2718.8000,9135,0,186466500.000,0,-,-,-,-,2715.0000,2714.8000,2714.4000,2713.0000,2712.0000,2719.4000,2720.0000,2720.4000,2720.6000,2720.8000,2,2,3,2,1,1,1,1,1,1
SF,IH2009,2020-03-16 09:32:32.300,2719.2000,9135,0,187282260.000,1,0,1,多换,S,2715.6000,2715.4000,2715.2000,2715.0000,2714.8000,2719.4000,2720.0000,2720.4000,2720.6000,2720.8000,1,1,1,2,2,1,1,1,1,1
SF,IH2009,2020-03-16 09:32:32.800,2715.8000,9135,0,188097000.000,1,0,1,多换,S,2715.8000,2715.6000,2715.2000,2714.8000,2714.4000,2719.0000,2719.4000,2720.8000,2724.0000,2724.4000,2,1,1,1,3,1,1,1,1,1
SF,IH2009,2020-03-16 09:32:33.300,2715.8000,9135,0,188097000.000,0,-,-,-,-,2715.8000,2714.4000,2713.0000,2712.0000,2708.8000,2718.8000,2719.0000,2720.8000,2724.0000,2724.4000,3,3,2,1,2,1,1,1,1,1
SF,IH2009,2020-03-16 09:32:33.800,2715.8000,9135,0,188097000.000,0,-,-,-,-,2716.2000,2715.8000,2714.4000,2713.0000,2712.0000,2718.8000,2719.0000,2720.8000,2724.0000,2724.4000,2,3,3,2,1,1,1,1,1,1
SF,IH2009,2020-03-16 09:32:34.300,2715.8000,9135,0,188097000.000,0,-,-,-,-,2716.4000,2716.2000,2715.8000,2714.4000,2713.0000,2718.8000,2719.0000,2720.8000,2724.0000,2724.4000,2,1,1,3,2,1,1,1,1,1
SF,IH2009,2020-03-16 09:32:34.800,2715.8000,9135,0,188097000.000,0,-,-,-,-,2716.4000,2716.2000,2715.8000,2714.4000,2713.0000,2718.8000,2720.8000,2724.0000,2724.4000,2725.2000,2,1,1,3,2,1,1,1,1,1
SF,IH2009,2020-03-16 09:32:35.300,2715.8000,9135,0,188097000.000,0,-,-,-,-,2716.4000,2715.8000,2714.4000,2713.0000,2712.0000,2718.0000,2718.8000,2720.8000,2724.0000,2724.4000,2,1,3,2,1,1,1,1,1,1
SF,IH2009,2020-03-16 09:32:35.800,2715.8000,9135,0,188097000.000,0,-,-,-,-,2716.4000,2715.8000,2714.4000,2713.0000,2712.0000,2718.0000,2718.6000,2718.8000,2720.8000,2724.0000,1,1,3,2,1,1,1,1,1,1
SF,IH2009,2020-03-16 09:32:36.300,2715.8000,9135,0,188097000.000,0,-,-,-,-,2714.4000,2713.0000,2712.0000,2708.8000,2705.0000,2718.0000,2718.6000,2720.8000,2724.0000,2724.4000,3,2,1,2,1,1,1,1,1,1
SF,IH2009,2020-03-16 09:32:36.800,2715.8000,9135,0,188097000.000,0,-,-,-,-,2715.0000,2714.6000,2714.4000,2713.0000,2712.0000,2717.8000,2718.0000,2718.6000,2720.8000,2724.0000,1,2,3,2,1,2,1,1,1,1
SF,IH2009,2020-03-16 09:32:37.300,2715.8000,9135,0,188097000.000,0,-,-,-,-,2714.6000,2714.4000,2713.0000,2712.0000,2708.8000,2717.8000,2718.0000,2718.6000,2720.8000,2724.0000,1,3,2,1,2,2,1,1,1,1
SF,IH2009,2020-03-16 09:32:37.800,2715.8000,9135,0,188097000.000,0,-,-,-,-,2716.6000,2714.8000,2714.6000,2714.4000,2713.0000,2717.6000,2717.8000,2718.0000,2718.6000,2720.8000,1,1,1,3,2,1,3,1,1,1
SF,IH2009,2020-03-16 09:32:38.300,2716.0000,9135,0,188911800.000,1,0,1,多换,S,2714.4000,2713.0000,2712.0000,2708.8000,2705.0000,2716.6000,2717.0000,2717.2000,2717.8000,2718.6000,3,2,1,2,1,3,1,1,1,1
SF,IH2009,2020-03-16 09:32:38.800,2716.0000,9135,0,188911800.000,0,-,-,-,-,2714.4000,2713.0000,2712.0000,2708.8000,2705.0000,2716.4000,2716.6000,2717.0000,2717.2000,2717.8000,3,2,1,2,1,1,1,1,1,1
SF,IH2009,2020-03-16 09:32:39.300,2716.0000,9135,0,188911800.000,0,-,-,-,-,2713.0000,2712.0000,2708.8000,2705.0000,2704.2000,2716.2000,2716.4000,2716.6000,2717.0000,2717.8000,2,1,2,1,1,2,2,1,1,1
SF,IH2009,2020-03-16 09:32:39.800,2716.0000,9135,0,188911800.000,0,-,-,-,-,2713.0000,2712.0000,2708.8000,2705.0000,2704.2000,2716.0000,2716.2000,2716.4000,2716.6000,2717.0000,2,1,2,1,1,1,2,1,1,1
SF,IH2009,2020-03-16 09:32:40.300,2716.0000,9135,0,188911800.000,0,-,-,-,-,2713.2000,2713.0000,2712.0000,2708.8000,2705.0000,2716.0000,2716.2000,2716.4000,2716.6000,2717.0000,1,2,1,2,1,1,2,1,1,1
SF,IH2009,2020-03-16 09:32:40.800,2716.0000,9135,0,188911800.000,0,-,-,-,-,2713.2000,2713.0000,2712.0000,2710.0000,2708.8000,2716.0000,2716.2000,2716.4000,2716.6000,2717.0000,1,2,1,1,2,1,2,1,1,1
SF,IH2009,2020-03-16 09:32:41.300,2716.0000,9135,0,188911800.000,0,-,-,-,-,2713.2000,2713.0000,2712.0000,2710.0000,2708.8000,2715.6000,2715.8000,2716.0000,2716.2000,2716.4000,1,2,1,1,2,1,1,1,1,1
SF,IH2009,2020-03-16 09:32:41.800,2713.2000,9134,-1,190540560.000,2,0,2,多平,S,2713.0000,2712.0000,2710.0000,2708.8000,2707.8000,2715.6000,2715.8000,2716.2000,2716.4000,2716.6000,2,1,1,2,1,1,1,1,1,1
SF,IH2009,2020-03-16 09:32:42.300,2713.0000,9133,-1,192982260.000,3,1,2,多平,S,2712.0000,2710.0000,2708.8000,2707.8000,2705.0000,2715.4000,2715.6000,2715.8000,2716.2000,2716.4000,1,1,2,1,1,1,1,1,1,1
SF,IH2009,2020-03-16 09:32:42.800,2713.0000,9133,0,192982260.000,0,-,-,-,-,2712.0000,2710.0000,2708.8000,2707.8000,2705.0000,2715.0000,2715.4000,2715.8000,2716.2000,2716.6000,1,1,2,1,1,1,2,1,1,1
SF,IH2009,2020-03-16 09:32:43.300,2715.0000,9134,1,194611200.000,2,1,1,空开,S,2712.0000,2710.0000,2707.8000,2705.0000,2704.8000,2715.4000,2715.8000,2716.2000,2716.6000,2717.0000,1,1,1,1,2,1,1,1,1,1
SF,IH2009,2020-03-16 09:32:43.800,2715.0000,9134,0,194611200.000,0,-,-,-,-,2712.2000,2712.0000,2710.0000,2707.8000,2705.0000,2713.0000,2715.2000,2715.4000,2715.8000,2716.2000,2,1,1,1,1,17,1,1,1,1
SF,IH2009,2020-03-16 09:32:44.300,2713.0000,9129,-5,198680700.000,5,0,5,双平,S,2712.2000,2712.0000,2710.0000,2707.8000,2705.0000,2713.0000,2715.2000,2715.4000,2715.8000,2716.2000,1,1,1,1,1,12,1,1,1,1
SF,IH2009,2020-03-16 09:32:44.800,2713.0000,9129,0,198680700.000,0,-,-,-,-,2712.0000,2710.0000,2707.8000,2705.0000,2704.8000,2713.0000,2715.2000,2715.4000,2715.8000,2716.2000,1,1,1,1,2,12,1,1,1,1
SF,IH2009,2020-03-16 09:32:45.300,2713.0000,9129,0,198680700.000,0,-,-,-,-,2712.0000,2710.0000,2707.8000,2705.0000,2704.8000,2713.0000,2715.2000,2715.4000,2715.8000,2716.2000,3,1,1,1,2,12,1,1,1,1
SF,IH2009,2020-03-16 09:32:46.300,2713.0000,9129,0,198680700.000,0,-,-,-,-,2712.0000,2710.0000,2707.8000,2705.0000,2704.8000,2712.2000,2713.0000,2715.2000,2715.4000,2715.8000,1,1,1,1,2,1,12,1,1,1
SF,IH2009,2020-03-16 09:32:46.800,2712.2000,9128,-1,199494360.000,1,0,1,双平,S,2712.2000,2712.0000,2710.0000,2707.8000,2705.0000,2713.0000,2715.2000,2715.4000,2715.8000,2716.2000,1,1,1,1,1,12,1,1,1,1
SF,IH2009,2020-03-16 09:32:47.300,2712.2000,9128,0,199494360.000,0,-,-,-,-,2712.2000,2712.0000,2710.0000,2707.8000,2705.0000,2713.0000,2715.2000,2715.4000,2715.8000,2716.2000,1,1,1,1,1,12,1,1,1,1
SF,IH2009,2020-03-16 09:32:47.800,2712.2000,9128,0,199494360.000,0,-,-,-,-,2712.6000,2712.2000,2712.0000,2710.0000,2707.8000,2713.0000,2715.2000,2715.8000,2716.2000,2716.6000,1,1,1,1,1,12,1,1,1,1
SF,IH2009,2020-03-16 09:32:48.300,2713.0000,9127,-1,200308260.000,1,0,1,双平,S,2712.2000,2712.0000,2710.0000,2705.0000,2704.8000,2713.0000,2715.2000,2715.8000,2716.2000,2716.6000,1,1,1,1,2,11,1,1,1,1
SF,IH2009,2020-03-16 09:32:48.800,2713.0000,9127,0,200308260.000,0,-,-,-,-,2712.2000,2712.0000,2710.0000,2705.0000,2704.8000,2713.0000,2715.2000,2716.2000,2716.6000,2717.8000,2,1,1,1,2,11,1,1,1,1
SF,IH2009,2020-03-16 09:32:49.300,2713.0000,9127,0,200308260.000,0,-,-,-,-,2712.2000,2712.0000,2710.0000,2705.0000,2704.8000,2713.0000,2715.2000,2716.2000,2716.6000,2717.8000,4,1,1,1,2,11,1,1,1,1
SF,IH2009,2020-03-16 09:32:49.800,2713.0000,9123,-4,203563860.000,4,0,4,双平,S,2712.6000,2712.2000,2712.0000,2710.0000,2705.0000,2713.0000,2715.2000,2716.2000,2716.6000,2717.8000,1,4,1,1,1,7,1,1,1,1
SF,IH2009,2020-03-16 09:32:50.300,2713.0000,9119,-4,206819460.000,4,0,4,双平,S,2712.8000,2712.2000,2712.0000,2710.0000,2705.0000,2713.0000,2715.2000,2716.2000,2716.6000,2717.8000,1,4,1,1,1,3,1,1,1,1
SF,IH2009,2020-03-16 09:32:50.800,2713.0000,9116,-3,209261160.000,3,0,3,双平,S,2713.2000,2712.2000,2712.0000,2710.0000,2705.0000,2715.2000,2716.2000,2716.6000,2717.8000,2720.0000,1,2,1,1,1,1,1,1,1,1
SF,IH2009,2020-03-16 09:32:51.300,2713.0000,9114,-2,210888960.000,2,0,2,双平,S,2712.2000,2712.0000,2710.0000,2705.0000,2704.8000,2715.2000,2716.2000,2716.6000,2717.8000,2720.0000,1,1,1,1,2,1,1,1,1,1
SF,IH2009,2020-03-16 09:32:51.800,2712.0000,9113,-1,212516220.000,2,0,2,多平,S,2713.4000,2710.0000,2705.0000,2704.8000,2703.0000,2715.2000,2716.2000,2716.6000,2717.8000,2720.0000,1,1,1,2,1,1,1,1,1,1
SF,IH2009,2020-03-16 09:32:52.300,2713.4000,9112,-1,213330240.000,1,0,1,双平,S,2710.0000,2705.0000,2704.8000,2703.0000,2701.0000,2715.0000,2716.2000,2716.6000,2717.8000,2720.0000,1,1,2,1,1,1,1,1,1,1
SF,IH2009,2020-03-16 09:32:52.800,2713.4000,9112,0,213330240.000,0,-,-,-,-,2711.6000,2711.4000,2710.8000,2710.4000,2710.2000,2714.8000,2716.2000,2716.6000,2717.8000,2720.0000,1,1,3,1,3,2,1,1,1,1
SF,IH2009,2020-03-16 09:32:53.300,2713.4000,9112,0,213330240.000,0,-,-,-,-,2711.8000,2711.6000,2710.8000,2710.2000,2710.0000,2714.8000,2716.2000,2716.6000,2717.8000,2720.0000,3,1,3,2,1,1,1,1,1,1
SF,IH2009,2020-03-16 09:32:53.800,2713.4000,9112,0,213330240.000,0,-,-,-,-,2711.8000,2710.8000,2710.2000,2710.0000,2705.0000,2714.8000,2716.2000,2716.6000,2717.8000,2720.0000,4,3,1,1,1,1,1,1,1,1
SF,IH2009,2020-03-16 09:32:54.300,2713.4000,9112,0,213330240.000,0,-,-,-,-,2712.4000,2711.8000,2710.8000,2710.2000,2710.0000,2714.8000,2716.2000,2716.6000,2717.8000,2720.0000,1,4,3,1,1,1,1,1,1,1
SF,IH2009,2020-03-16 09:32:54.800,2713.4000,9112,0,213330240.000,0,-,-,-,-,2712.4000,2711.8000,2710.8000,2710.0000,2705.0000,2714.8000,2716.2000,2716.6000,2717.4000,2717.8000,1,3,3,1,1,1,1,1,1,1
SF,IH2009,2020-03-16 09:32:55.300,2713.4000,9112,0,213330240.000,0,-,-,-,-,2712.6000,2712.4000,2711.8000,2710.8000,2710.0000,2714.6000,2714.8000,2716.2000,2716.6000,2717.4000,2,1,2,3,1,1,1,1,1,1
SF,IH2009,2020-03-16 09:32:55.800,2713.4000,9112,0,213330240.000,0,-,-,-,-,2712.6000,2712.4000,2710.8000,2710.0000,2705.0000,2714.4000,2714.6000,2716.2000,2716.6000,2717.4000,4,1,3,1,1,1,1,1,1,1
SF,IH2009,2020-03-16 09:32:56.300,2713.4000,9112,0,213330240.000,0,-,-,-,-,2712.8000,2712.6000,2710.8000,2710.0000,2705.0000,2714.6000,2717.4000,2717.8000,2720.0000,2720.8000,1,3,3,1,1,1,1,1,1,5
SF,IH2009,2020-03-16 09:32:56.800,2713.4000,9112,0,213330240.000,0,-,-,-,-,2713.2000,2713.0000,2712.8000,2712.6000,2710.8000,2714.6000,2717.4000,2717.8000,2720.0000,2720.8000,1,3,4,1,3,1,1,1,1,5
SF,IH2009,2020-03-16 09:32:57.300,2713.4000,9112,0,213330240.000,0,-,-,-,-,2713.4000,2713.2000,2713.0000,2712.8000,2712.6000,2717.4000,2717.8000,2720.0000,2720.8000,2724.0000,1,1,3,3,1,1,1,1,5,1
SF,IH2009,2020-03-16 09:32:57.800,2713.4000,9112,0,214144260.000,1,0,1,多换,S,2714.4000,2713.6000,2713.4000,2713.0000,2712.8000,2717.2000,2717.4000,2720.0000,2724.0000,2724.4000,1,1,3,1,2,2,1,1,1,1
SF,IH2009,2020-03-16 09:32:58.300,2713.4000,9112,0,214144260.000,0,-,-,-,-,2714.4000,2713.8000,2713.6000,2713.4000,2713.0000,2717.0000,2717.2000,2717.4000,2720.0000,2724.0000,1,1,1,3,1,1,2,1,1,1
SF,IH2009,2020-03-16 09:32:58.800,2713.4000,9112,0,214144260.000,0,-,-,-,-,2714.6000,2714.4000,2713.6000,2713.4000,2713.0000,2716.8000,2717.4000,2720.0000,2724.0000,2724.4000,2,1,1,2,1,1,1,1,1,1
SF,IH2009,2020-03-16 09:32:59.300,2713.4000,9112,0,214144260.000,0,-,-,-,-,2715.2000,2715.0000,2714.6000,2714.4000,2713.6000,2717.4000,2720.0000,2724.0000,2724.4000,2724.6000,1,1,5,1,1,1,1,1,1,5
SF,IH2009,2020-03-16 09:32:59.800,2713.4000,9112,0,214144260.000,0,-,-,-,-,2715.4000,2715.2000,2714.6000,2714.4000,2713.6000,2716.6000,2717.2000,2717.4000,2720.0000,2724.0000,1,1,3,1,1,1,1,1,1,1
SF,IH2009,2020-03-16 09:33:00.300,2713.4000,9112,0,214144260.000,0,-,-,-,-,2715.4000,2714.6000,2714.4000,2713.6000,2713.4000,2717.2000,2717.4000,2720.0000,2724.0000,2724.4000,1,3,1,1,1,1,1,1,1,1
SF,IH2009,2020-03-16 09:33:00.800,2716.0000,9111,-1,214959060.000,1,0,1,双平,S,2715.4000,2714.6000,2714.4000,2713.6000,2713.4000,2717.2000,2717.4000,2720.0000,2724.0000,2724.4000,1,1,1,1,1,1,1,1,1,1
SF,IH2009,2020-03-16 09:33:01.300,2717.0000,9111,0,216589260.000,2,1,1,多换,S,2715.8000,2715.4000,2714.4000,2713.6000,2713.4000,2717.2000,2717.4000,2720.0000,2720.8000,2724.0000,2,1,1,1,1,1,1,1,1,1
SF,IH2009,2020-03-16 09:33:01.800,2717.0000,9107,-4,219848460.000,4,0,4,双平,S,2714.4000,2713.6000,2713.4000,2710.8000,2710.0000,2717.4000,2720.0000,2720.8000,2724.0000,2724.4000,1,1,1,3,1,1,1,1,1,1
SF,IH2009,2020-03-16 09:33:02.300,2717.0000,9107,0,219848460.000,0,-,-,-,-,2714.4000,2713.6000,2710.8000,2710.0000,2705.0000,2716.8000,2717.0000,2717.2000,2717.4000,2720.0000,1,1,3,1,1,1,2,1,1,1
SF,IH2009,2020-03-16 09:33:02.800,2714.4000,9106,-1,220662780.000,1,0,1,双平,S,2710.8000,2710.0000,2705.0000,2704.8000,2703.0000,2716.4000,2716.6000,2716.8000,2717.0000,2717.2000,3,1,1,2,1,1,2,1,1,1
SF,IH2009,2020-03-16 09:33:03.300,2714.4000,9106,0,220662780.000,0,-,-,-,-,2711.0000,2710.8000,2710.0000,2705.0000,2704.8000,2716.2000,2716.4000,2716.6000,2717.0000,2717.2000,4,3,1,1,2,2,1,2,1,1
SF,IH2009,2020-03-16 09:33:03.800,2715.4000,9105,-1,221477400.000,1,0,1,双平,S,2711.2000,2711.0000,2710.8000,2710.0000,2705.0000,2715.8000,2716.2000,2716.6000,2717.0000,2717.4000,2,1,3,1,1,1,2,2,1,1
SF,IH2009,2020-03-16 09:33:04.300,2715.4000,9105,0,221477400.000,0,-,-,-,-,2711.4000,2711.2000,2710.8000,2710.0000,2705.0000,2715.2000,2715.6000,2715.8000,2716.2000,2716.6000,1,2,3,1,1,1,2,1,1,2
SF,IH2009,2020-03-16 09:33:04.800,2715.4000,9105,0,221477400.000,0,-,-,-,-,2711.2000,2710.8000,2710.0000,2705.0000,2704.8000,2714.8000,2715.0000,2715.6000,2716.2000,2716.6000,1,3,1,1,2,1,2,1,1,2
SF,IH2009,2020-03-16 09:33:05.300,2715.4000,9105,0,221477400.000,0,-,-,-,-,2711.4000,2710.8000,2710.0000,2705.0000,2704.8000,2714.6000,2714.8000,2715.0000,2715.6000,2716.2000,1,3,1,1,2,2,1,2,1,1
SF,IH2009,2020-03-16 09:33:05.800,2715.4000,9105,0,221477400.000,0,-,-,-,-,2710.8000,2710.0000,2705.0000,2704.8000,2703.0000,2714.2000,2714.6000,2715.0000,2715.6000,2716.2000,3,1,1,2,1,1,2,1,1,1
SF,IH2009,2020-03-16 09:33:06.300,2715.4000,9105,0,221477400.000,0,-,-,-,-,2711.0000,2710.8000,2710.0000,2705.0000,2704.8000,2714.0000,2714.2000,2714.6000,2715.0000,2715.6000,1,3,1,1,2,2,1,1,1,1
SF,IH2009,2020-03-16 09:33:06.800,2715.4000,9105,0,221477400.000,0,-,-,-,-,2710.8000,2710.0000,2705.0000,2704.8000,2703.0000,2713.6000,2714.0000,2714.6000,2715.0000,2715.6000,3,1,1,2,1,1,3,1,1,1
SF,IH2009,2020-03-16 09:33:07.300,2714.0000,9104,-1,222291600.000,1,0,1,双平,S,2710.0000,2705.0000,2704.8000,2703.0000,2702.2000,2713.4000,2713.6000,2714.0000,2714.6000,2715.0000,1,1,2,1,1,2,1,2,1,1
SF,IH2009,2020-03-16 09:33:07.800,2714.0000,9104,0,222291600.000,0,-,-,-,-,2710.0000,2705.0000,2704.8000,2703.0000,2702.2000,2713.0000,2713.4000,2714.0000,2714.6000,2715.0000,1,1,2,1,1,1,2,1,1,1
SF,IH2009,2020-03-16 09:33:08.300,2714.0000,9104,0,222291600.000,0,-,-,-,-,2710.0000,2705.0000,2704.8000,2703.0000,2702.2000,2710.8000,2712.8000,2713.0000,2713.4000,2714.0000,1,1,2,1,1,1,2,1,1,1
SF,IH2009,2020-03-16 09:33:08.800,2711.0000,9103,-1,223104900.000,1,0,1,双平,S,2710.0000,2705.0000,2704.8000,2703.0000,2702.2000,2712.8000,2713.0000,2713.4000,2714.0000,2714.6000,1,1,2,1,1,3,1,1,1,1
SF,IH2009,2020-03-16 09:33:09.300,2711.0000,9103,0,223104900.000,0,-,-,-,-,2710.0000,2705.0000,2704.8000,2703.0000,2702.2000,2710.4000,2712.6000,2712.8000,2713.4000,2714.0000,1,1,2,1,1,1,1,3,1,1
SF,IH2009,2020-03-16 09:33:09.800,2710.0000,9103,0,223917900.000,1,0,1,多换,S,2705.0000,2704.8000,2703.0000,2702.2000,2701.0000,2712.6000,2712.8000,2713.4000,2714.0000,2714.6000,1,2,1,1,1,1,3,1,1,1
SF,IH2009,2020-03-16 09:33:10.300,2712.2000,9103,0,224731560.000,1,0,1,多换,S,2707.6000,2707.0000,2706.4000,2705.4000,2705.2000,2709.4000,2712.4000,2712.6000,2712.8000,2713.4000,1,1,3,1,3,2,2,1,2,1
SF,IH2009,2020-03-16 09:33:10.800,2709.4000,9101,-2,226357200.000,2,0,2,双平,S,2708.0000,2707.8000,2707.6000,2707.0000,2706.4000,2712.4000,2712.6000,2712.8000,2713.4000,2714.0000,1,2,1,1,3,3,1,1,1,1
SF,IH2009,2020-03-16 09:33:11.300,2709.4000,9101,0,226357200.000,0,-,-,-,-,2708.2000,2708.0000,2707.8000,2707.6000,2706.4000,2712.2000,2712.4000,2712.8000,2713.4000,2714.0000,2,1,1,1,3,1,2,1,1,1
SF,IH2009,2020-03-16 09:33:11.800,2709.4000,9101,0,226357200.000,0,-,-,-,-,2708.6000,2708.2000,2707.8000,2706.4000,2705.0000,2711.0000,2712.0000,2712.2000,2712.4000,2712.8000,1,1,1,3,1,1,1,2,1,1
SF,IH2009,2020-03-16 09:33:12.300,2709.4000,9101,0,226357200.000,0,-,-,-,-,2708.6000,2708.4000,2708.2000,2707.8000,2706.4000,2710.8000,2712.0000,2712.4000,2712.8000,2713.4000,2,2,1,1,3,1,1,1,1,1
SF,IH2009,2020-03-16 09:33:12.800,2712.0000,9099,-2,227984040.000,2,0,2,双平,S,2708.8000,2708.6000,2707.8000,2706.4000,2705.0000,2712.4000,2712.8000,2713.4000,2714.0000,2714.6000,1,1,1,3,1,1,1,1,1,1
SF,IH2009,2020-03-16 09:33:13.300,2712.0000,9099,0,227984040.000,0,-,-,-,-,2709.0000,2708.8000,2708.6000,2707.8000,2706.4000,2712.2000,2712.4000,2712.8000,2713.4000,2714.0000,2,1,1,1,3,3,1,1,1,1
SF,IH2009,2020-03-16 09:33:13.800,2712.0000,9099,0,227984040.000,0,-,-,-,-,2709.2000,2709.0000,2708.6000,2707.8000,2706.4000,2712.2000,2712.4000,2712.8000,2713.4000,2714.0000,1,1,1,1,3,3,1,1,1,1
SF,IH2009,2020-03-16 09:33:14.300,2712.2000,9098,-1,228797700.000,1,0,1,双平,S,2709.2000,2709.0000,2708.6000,2707.8000,2706.4000,2712.2000,2712.4000,2712.8000,2713.4000,2714.0000,1,1,1,1,3,2,1,1,1,1
SF,IH2009,2020-03-16 09:33:14.800,2712.2000,9098,0,228797700.000,0,-,-,-,-,2708.6000,2708.0000,2706.4000,2705.0000,2703.0000,2712.0000,2712.2000,2712.4000,2712.8000,2713.4000,1,1,3,1,1,1,2,1,1,1
SF,IH2009,2020-03-16 09:33:15.300,2712.2000,9097,-1,229611360.000,1,0,1,双平,S,2708.0000,2706.4000,2705.0000,2703.0000,2702.2000,2712.0000,2712.4000,2712.8000,2713.4000,2714.0000,1,3,1,1,1,1,1,1,1,1
SF,IH2009,2020-03-16 09:33:15.800,2712.2000,9097,0,229611360.000,0,-,-,-,-,2708.2000,2708.0000,2706.4000,2705.0000,2703.0000,2711.6000,2712.0000,2712.4000,2712.8000,2713.4000,2,1,3,1,1,1,1,1,1,1
SF,IH2009,2020-03-16 09:33:16.300,2708.2000,9096,-1,230423820.000,1,0,1,双平,S,2708.2000,2708.0000,2706.4000,2705.0000,2703.0000,2712.0000,2712.8000,2713.4000,2713.6000,2714.0000,2,1,3,1,1,1,1,1,1,1
SF,IH2009,2020-03-16 09:33:16.800,2708.2000,9096,0,230423820.000,0,-,-,-,-,2708.4000,2708.2000,2708.0000,2706.4000,2705.0000,2712.8000,2713.4000,2713.6000,2714.0000,2714.4000,3,2,1,3,1,1,1,1,1,1
SF,IH2009,2020-03-16 09:33:17.300,2708.2000,9096,0,230423820.000,0,-,-,-,-,2708.6000,2708.4000,2708.0000,2706.4000,2705.0000,2712.6000,2712.8000,2713.4000,2713.6000,2714.0000,2,3,1,3,1,1,1,1,1,1
SF,IH2009,2020-03-16 09:33:17.800,2708.2000,9095,-1,231236280.000,1,0,1,双平,S,2708.8000,2708.6000,2708.0000,2706.4000,2705.0000,2712.6000,2712.8000,2713.4000,2713.6000,2714.0000,2,2,1,3,1,1,1,1,1,1
SF,IH2009,2020-03-16 09:33:18.300,2712.2000,9094,-1,232049940.000,1,0,1,双平,S,2709.2000,2709.0000,2708.8000,2708.0000,2706.4000,2712.6000,2712.8000,2713.4000,2713.6000,2714.0000,1,2,2,1,3,1,1,1,1,1
SF,IH2009,2020-03-16 09:33:18.800,2712.2000,9094,0,232049940.000,0,-,-,-,-,2709.4000,2709.2000,2709.0000,2708.0000,2706.4000,2712.4000,2712.6000,2713.4000,2713.6000,2714.0000,3,1,1,1,3,1,1,1,1,1
SF,IH2009,2020-03-16 09:33:19.300,2712.2000,9094,0,232049940.000,0,-,-,-,-,2709.8000,2709.4000,2709.2000,2708.0000,2706.4000,2712.4000,2713.6000,2714.0000,2714.4000,2714.6000,1,4,1,1,3,1,1,1,1,1
SF,IH2009,2020-03-16 09:33:19.800,2712.2000,9094,0,232049940.000,0,-,-,-,-,2710.8000,2710.0000,2709.8000,2709.4000,2709.2000,2712.4000,2713.6000,2714.4000,2714.6000,2717.4000,1,2,1,2,1,1,1,1,1,1
SF,IH2009,2020-03-16 09:33:20.300,2712.2000,9094,0,232049940.000,0,-,-,-,-,2711.0000,2710.8000,2710.0000,2709.8000,2709.4000,2713.6000,2714.4000,2714.6000,2717.4000,2720.0000,2,1,2,1,2,1,1,1,1,1
SF,IH2009,2020-03-16 09:33:20.800,2712.2000,9094,0,232049940.000,0,-,-,-,-,2712.4000,2711.2000,2711.0000,2710.0000,2709.8000,2713.6000,2714.4000,2714.6000,2717.4000,2720.0000,1,1,1,1,1,1,1,1,1,1
SF,IH2009,2020-03-16 09:33:21.300,2712.4000,9093,-1,232863660.000,1,0,1,双平,S,2711.2000,2711.0000,2709.8000,2709.4000,2709.2000,2713.6000,2714.4000,2714.6000,2717.4000,2720.0000,1,1,1,2,1,1,1,1,1,1
SF,IH2009,2020-03-16 09:33:21.800,2712.4000,9093,0,232863660.000,0,-,-,-,-,2711.8000,2711.4000,2711.2000,2709.8000,2709.4000,2713.6000,2714.4000,2714.6000,2717.4000,2720.0000,1,1,1,1,2,1,1,1,1,1
SF,IH2009,2020-03-16 09:33:22.800,2712.4000,9093,0,232863660.000,0,-,-,-,-,2712.0000,2711.8000,2711.4000,2711.2000,2709.8000,2713.6000,2714.4000,2717.4000,2720.0000,2720.8000,1,1,1,1,1,1,1,1,1,6
SF,IH2009,2020-03-16 09:33:23.300,2713.6000,9093,0,233677740.000,1,0,1,多换,S,2712.2000,2712.0000,2711.8000,2711.4000,2709.8000,2714.4000,2717.4000,2720.0000,2720.8000,2724.0000,1,1,1,1,1,1,1,1,6,1
SF,IH2009,2020-03-16 09:33:23.800,2713.6000,9093,0,233677740.000,0,-,-,-,-,2712.4000,2712.2000,2712.0000,2711.4000,2709.8000,2714.4000,2717.4000,2720.0000,2720.8000,2724.0000,1,1,1,1,1,1,1,1,6,1
SF,IH2009,2020-03-16 09:33:24.300,2713.6000,9093,0,233677740.000,0,-,-,-,-,2712.6000,2712.4000,2711.4000,2709.8000,2709.4000,2714.4000,2717.4000,2720.0000,2720.8000,2724.0000,1,1,1,1,1,1,1,1,6,1
SF,IH2009,2020-03-16 09:33:24.800,2713.6000,9093,0,233677740.000,0,-,-,-,-,2712.8000,2712.6000,2712.4000,2709.8000,2709.4000,2714.4000,2717.4000,2720.0000,2720.8000,2724.0000,3,1,1,1,1,1,1,1,6,1
SF,IH2009,2020-03-16 09:33:25.300,2713.6000,9093,0,233677740.000,0,-,-,-,-,2712.8000,2712.6000,2709.8000,2709.4000,2709.2000,2714.4000,2717.4000,2720.0000,2720.8000,2724.0000,2,1,1,1,1,1,1,1,6,1
SF,IH2009,2020-03-16 09:33:25.800,2713.6000,9093,0,233677740.000,0,-,-,-,-,2712.6000,2709.8000,2709.2000,2708.0000,2706.4000,2714.4000,2717.4000,2720.0000,2720.8000,2724.0000,1,1,1,1,3,1,1,1,6,1
SF,IH2009,2020-03-16 09:33:26.300,2713.6000,9093,0,233677740.000,0,-,-,-,-,2709.8000,2709.2000,2708.0000,2706.4000,2705.8000,2714.4000,2717.4000,2720.0000,2720.8000,2724.0000,1,1,1,3,1,1,1,1,6,1
SF,IH2009,2020-03-16 09:33:26.800,2713.6000,9093,0,233677740.000,0,-,-,-,-,2711.4000,2710.0000,2709.8000,2708.0000,2706.4000,2714.4000,2717.4000,2720.0000,2720.8000,2724.0000,1,2,1,1,3,1,1,1,6,1
SF,IH2009,2020-03-16 09:33:27.300,2714.2000,9092,-1,234492000.000,1,0,1,双平,S,2711.6000,2711.4000,2710.0000,2709.8000,2708.0000,2714.2000,2714.4000,2717.4000,2720.0000,2720.8000,1,1,1,1,1,1,1,1,1,6
SF,IH2009,2020-03-16 09:33:27.800,2714.2000,9092,0,234492000.000,0,-,-,-,-,2711.6000,2711.4000,2709.8000,2708.0000,2706.4000,2714.2000,2714.4000,2717.4000,2720.0000,2720.8000,2,1,1,1,3,1,1,1,1,6
SF,IH2009,2020-03-16 09:33:28.300,2714.2000,9092,0,234492000.000,0,-,-,-,-,2711.8000,2711.6000,2709.8000,2708.0000,2706.4000,2714.2000,2714.4000,2717.4000,2720.0000,2720.8000,1,2,1,1,3,1,1,1,1,6
SF,IH2009,2020-03-16 09:33:28.800,2714.2000,9092,0,235306260.000,1,0,1,多换,S,2712.0000,2711.8000,2709.8000,2708.0000,2706.4000,2714.4000,2717.4000,2720.0000,2720.8000,2724.0000,1,1,1,1,3,1,1,1,6,1
SF,IH2009,2020-03-16 09:33:29.300,2714.2000,9092,0,235306260.000,0,-,-,-,-,2712.2000,2712.0000,2711.8000,2709.8000,2708.0000,2714.4000,2717.4000,2720.0000,2720.8000,2724.0000,1,2,1,1,1,1,1,1,6,1
SF,IH2009,2020-03-16 09:33:29.800,2714.2000,9092,0,235306260.000,0,-,-,-,-,2712.4000,2712.2000,2711.8000,2709.8000,2708.0000,2714.4000,2717.4000,2720.0000,2720.8000,2724.0000,3,1,1,1,1,1,1,1,6,1
SF,IH2009,2020-03-16 09:33:30.300,2714.4000,9091,-1,236120580.000,1,0,1,双平,S,2712.6000,2712.4000,2712.2000,2711.8000,2709.8000,2717.4000,2720.8000,2724.0000,2724.4000,2725.2000,2,3,1,1,1,1,6,1,1,1
SF,IH2009,2020-03-16 09:33:30.800,2714.4000,9091,0,236120580.000,0,-,-,-,-,2712.8000,2712.6000,2712.2000,2711.8000,2708.0000,2717.2000,2717.4000,2720.8000,2724.0000,2724.4000,4,2,1,1,1,1,1,6,1,1
SF,IH2009,2020-03-16 09:33:31.300,2714.4000,9091,0,236120580.000,0,-,-,-,-,2714.0000,2713.6000,2713.0000,2712.8000,2712.6000,2717.4000,2720.8000,2724.0000,2724.4000,2724.6000,1,1,2,5,2,1,1,1,1,5
SF,IH2009,2020-03-16 09:33:31.800,2717.4000,9090,-1,236935800.000,1,0,1,双平,S,2716.0000,2714.4000,2714.2000,2714.0000,2713.0000,2720.8000,2724.0000,2724.4000,2724.6000,2725.2000,1,1,3,1,2,1,1,1,5,1
SF,IH2009,2020-03-16 09:33:32.300,2717.4000,9090,0,236935800.000,0,-,-,-,-,2716.2000,2716.0000,2714.8000,2714.4000,2714.2000,2720.2000,2720.6000,2720.8000,2724.0000,2724.4000,3,1,4,1,2,1,2,1,1,1
SF,IH2009,2020-03-16 09:33:32.800,2717.4000,9090,0,236935800.000,0,-,-,-,-,2716.8000,2716.2000,2716.0000,2714.8000,2714.2000,2720.0000,2720.6000,2720.8000,2724.0000,2724.4000,1,4,1,4,2,1,1,1,1,1
SF,IH2009,2020-03-16 09:33:33.300,2717.4000,9090,0,236935800.000,0,-,-,-,-,2717.0000,2716.8000,2716.4000,2716.0000,2714.8000,2720.8000,2724.0000,2724.4000,2724.6000,2725.2000,5,1,1,1,4,1,1,1,5,1
SF,IH2009,2020-03-16 09:33:33.800,2717.4000,9090,0,236935800.000,0,-,-,-,-,2717.0000,2716.4000,2716.0000,2714.8000,2714.2000,2720.4000,2720.6000,2720.8000,2724.0000,2724.4000,4,1,1,4,2,1,1,1,1,1
SF,IH2009,2020-03-16 09:33:34.300,2717.4000,9090,0,236935800.000,0,-,-,-,-,2717.6000,2717.0000,2716.4000,2716.0000,2714.8000,2720.2000,2720.8000,2724.0000,2724.4000,2724.6000,1,4,1,1,4,1,1,1,1,5
SF,IH2009,2020-03-16 09:33:34.800,2720.2000,9089,-1,237751860.000,1,0,1,双平,S,2717.8000,2717.6000,2717.0000,2716.4000,2716.0000,2720.8000,2724.0000,2724.4000,2724.6000,2725.2000,3,1,2,1,1,1,1,1,5,1
SF,IH2009,2020-03-16 09:33:35.300,2720.2000,9089,0,237751860.000,0,-,-,-,-,2717.8000,2717.0000,2716.4000,2716.0000,2714.8000,2720.8000,2724.0000,2724.4000,2725.2000,2727.4000,3,2,1,1,4,1,1,1,1,1
SF,IH2009,2020-03-16 09:33:35.800,2720.2000,9089,0,237751860.000,0,-,-,-,-,2718.2000,2717.8000,2717.0000,2716.4000,2716.0000,2720.6000,2720.8000,2724.0000,2724.4000,2725.2000,1,3,2,1,1,1,1,1,1,1
SF,IH2009,2020-03-16 09:33:36.300,2720.2000,9089,0,237751860.000,0,-,-,-,-,2718.4000,2718.2000,2717.8000,2717.0000,2716.4000,2720.8000,2724.0000,2724.4000,2725.2000,2727.4000,3,1,1,2,1,1,1,1,1,1
SF,IH2009,2020-03-16 09:33:36.800,2720.8000,9088,-1,238568100.000,1,0,1,双平,S,2718.4000,2717.8000,2717.0000,2716.4000,2716.0000,2724.0000,2724.4000,2725.2000,2727.4000,2728.4000,3,1,2,1,1,1,1,1,1,5
SF,IH2009,2020-03-16 09:33:37.300,2720.8000,9088,0,238568100.000,0,-,-,-,-,2718.6000,2718.4000,2717.8000,2717.0000,2716.4000,2721.4000,2722.4000,2723.0000,2723.4000,2723.8000,3,1,1,1,1,1,1,1,1,2
SF,IH2009,2020-03-16 09:33:37.800,2720.8000,9088,0,238568100.000,0,-,-,-,-,2718.6000,2718.4000,2717.8000,2717.0000,2716.4000,2721.2000,2721.4000,2722.4000,2723.0000,2723.4000,3,1,1,1,1,2,1,1,2,1
SF,IH2009,2020-03-16 09:33:38.300,2720.8000,9088,0,238568100.000,0,-,-,-,-,2718.8000,2718.6000,2717.8000,2717.0000,2716.4000,2721.2000,2723.0000,2723.8000,2724.0000,2724.4000,1,3,1,1,1,1,1,1,2,1
SF,IH2009,2020-03-16 09:33:38.800,2720.8000,9088,0,238568100.000,0,-,-,-,-,2719.0000,2718.6000,2717.8000,2717.0000,2716.4000,2723.0000,2723.8000,2724.0000,2724.4000,2725.2000,4,2,1,1,1,1,1,2,1,1
SF,IH2009,2020-03-16 09:33:39.300,2720.8000,9088,0,238568100.000,0,-,-,-,-,2719.0000,2717.8000,2717.0000,2716.4000,2716.0000,2721.0000,2722.4000,2722.8000,2723.0000,2723.8000,1,1,1,1,1,2,1,1,1,1
SF,IH2009,2020-03-16 09:33:39.800,2719.0000,9087,-1,239383800.000,1,0,1,双平,S,2717.8000,2717.0000,2716.0000,2714.8000,2714.2000,2720.8000,2721.0000,2722.4000,2723.0000,2723.8000,1,1,1,4,1,1,2,1,3,1
SF,IH2009,2020-03-16 09:33:40.300,2719.0000,9087,0,239383800.000,0,-,-,-,-,2719.2000,2718.0000,2717.8000,2717.0000,2714.8000,2720.8000,2721.0000,2722.4000,2723.0000,2723.8000,1,1,1,1,4,1,2,1,1,1
SF,IH2009,2020-03-16 09:33:40.800,2719.0000,9086,-1,240199500.000,1,0,1,双平,S,2718.0000,2717.8000,2717.0000,2714.8000,2714.2000,2718.8000,2720.6000,2720.8000,2721.0000,2722.4000,1,1,1,4,1,19,1,1,1,1
SF,IH2009,2020-03-16 09:33:41.300,2719.0000,9086,0,240199500.000,0,-,-,-,-,2717.8000,2717.0000,2714.8000,2714.2000,2710.0000,2718.8000,2719.2000,2720.6000,2720.8000,2721.0000,1,1,3,1,1,19,1,2,1,1
SF,IH2009,2020-03-16 09:33:41.800,2717.8000,9085,-1,241014840.000,1,0,1,双平,S,2717.0000,2714.8000,2714.2000,2710.0000,2708.0000,2718.8000,2719.2000,2720.6000,2720.8000,2721.0000,1,3,1,1,1,19,1,2,1,1
SF,IH2009,2020-03-16 09:33:42.300,2717.8000,9085,0,241014840.000,0,-,-,-,-,2717.2000,2717.0000,2714.8000,2714.2000,2710.0000,2718.8000,2720.6000,2720.8000,2721.0000,2722.4000,1,1,3,1,1,19,2,1,1,1
SF,IH2009,2020-03-16 09:33:42.800,2717.8000,9085,0,241014840.000,0,-,-,-,-,2717.2000,2717.0000,2714.8000,2714.2000,2710.0000,2718.8000,2720.6000,2720.8000,2721.0000,2722.4000,1,1,3,1,1,19,2,1,1,1
SF,IH2009,2020-03-16 09:33:43.300,2717.8000,9085,0,241014840.000,0,-,-,-,-,2717.2000,2717.0000,2714.8000,2714.2000,2710.0000,2718.8000,2720.6000,2720.8000,2721.0000,2722.4000,1,1,3,1,1,19,2,1,1,1
SF,IH2009,2020-03-16 09:33:43.800,2717.8000,9085,0,241014840.000,0,-,-,-,-,2717.2000,2717.0000,2714.8000,2714.2000,2712.2000,2718.8000,2720.6000,2720.8000,2721.0000,2722.4000,1,1,3,1,1,19,1,1,1,1
SF,IH2009,2020-03-16 09:33:44.300,2718.8000,9081,-4,244277400.000,4,0,4,双平,S,2717.2000,2717.0000,2714.8000,2714.2000,2712.2000,2718.8000,2720.6000,2720.8000,2721.0000,2722.4000,1,1,3,1,1,15,1,1,1,1
SF,IH2009,2020-03-16 09:33:44.800,2718.8000,9079,-2,245908680.000,2,0,2,双平,S,2717.6000,2717.2000,2717.0000,2714.8000,2714.2000,2718.8000,2720.8000,2721.0000,2722.4000,2723.0000,1,3,1,3,1,13,1,1,1,1
SF,IH2009,2020-03-16 09:33:45.300,2718.8000,9076,-3,248355600.000,3,0,3,双平,S,2717.8000,2717.6000,2717.4000,2717.2000,2717.0000,2718.8000,2724.0000,2724.4000,2725.2000,2727.4000,2,3,1,2,1,10,1,1,1,1
SF,IH2009,2020-03-16 09:33:45.800,2718.8000,9074,-2,249986880.000,2,0,2,双平,S,2718.2000,2717.8000,2717.2000,2717.0000,2714.8000,2718.8000,2724.0000,2725.2000,2727.4000,2728.4000,1,2,2,1,3,8,1,1,1,5
SF,IH2009,2020-03-16 09:33:46.300,2718.8000,9073,-1,250802520.000,1,0,1,双平,S,2718.4000,2717.8000,2717.2000,2717.0000,2714.8000,2718.8000,2724.0000,2725.2000,2727.4000,2728.4000,1,1,2,1,3,7,1,1,1,5
SF,IH2009,2020-03-16 09:33:46.800,2718.8000,9073,0,250802520.000,0,-,-,-,-,2718.6000,2718.4000,2717.8000,2717.2000,2717.0000,2718.8000,2724.0000,2725.2000,2727.4000,2728.4000,2,1,1,2,1,7,1,1,1,5
SF,IH2009,2020-03-16 09:33:47.300,2718.8000,9073,0,263852760.000,16,8,8,多换,S,2718.6000,2717.8000,2717.2000,2717.0000,2714.8000,2718.8000,2724.0000,2725.2000,2727.4000,2728.4000,2,1,2,1,3,11,1,1,1,5
SF,IH2009,2020-03-16 09:33:47.800,2718.8000,9073,0,267930900.000,5,2,3,多换,S,2718.6000,2717.2000,2717.0000,2714.8000,2714.2000,2718.8000,2724.0000,2725.2000,2727.4000,2728.4000,1,2,1,3,1,7,1,1,1,5
SF,IH2009,2020-03-16 09:33:48.300,2718.6000,9072,-1,268746480.000,1,0,1,双平,S,2717.2000,2717.0000,2714.8000,2712.2000,2710.0000,2718.8000,2724.0000,2725.2000,2727.4000,2728.4000,2,1,3,1,1,7,1,1,1,5
SF,IH2009,2020-03-16 09:33:48.800,2718.8000,9072,0,269562120.000,1,0,1,多换,S,2718.0000,2717.2000,2717.0000,2714.8000,2712.2000,2718.8000,2724.0000,2725.2000,2728.4000,2731.6000,1,2,1,3,1,6,1,1,5,1
SF,IH2009,2020-03-16 09:33:49.300,2718.8000,9072,0,269562120.000,0,-,-,-,-,2718.0000,2717.2000,2714.8000,2712.2000,2710.0000,2718.8000,2724.0000,2725.2000,2728.4000,2731.6000,1,2,3,1,1,6,1,1,5,1
SF,IH2009,2020-03-16 09:33:49.800,2718.8000,9072,0,269562120.000,0,-,-,-,-,2717.2000,2714.8000,2712.2000,2710.0000,2708.0000,2718.8000,2724.0000,2725.2000,2728.4000,2731.6000,2,3,1,1,1,6,1,1,5,1
SF,IH2009,2020-03-16 09:33:50.300,2718.8000,9072,0,269562120.000,0,-,-,-,-,2717.2000,2714.8000,2712.2000,2710.0000,2708.0000,2718.6000,2718.8000,2724.0000,2725.2000,2728.4000,2,3,1,1,1,1,6,1,1,5
SF,IH2009,2020-03-16 09:33:50.800,2718.8000,9072,0,269562120.000,0,-,-,-,-,2717.2000,2715.8000,2714.8000,2712.2000,2710.0000,2718.6000,2718.8000,2724.0000,2725.2000,2728.4000,2,1,3,1,1,1,6,1,1,5
SF,IH2009,2020-03-16 09:33:53.800,2718.6000,9072,0,270377700.000,1,0,1,多换,S,2717.4000,2717.2000,2715.8000,2714.8000,2712.2000,2718.8000,2724.0000,2725.2000,2728.4000,2731.6000,1,2,1,3,1,6,1,1,5,1
SF,IH2009,2020-03-16 09:33:54.300,2718.6000,9072,0,270377700.000,0,-,-,-,-,2717.4000,2717.2000,2715.8000,2714.8000,2712.2000,2718.8000,2724.0000,2725.2000,2728.4000,2730.0000,1,2,1,3,1,6,1,1,5,1
SF,IH2009,2020-03-16 09:33:54.800,2718.6000,9072,0,270377700.000,0,-,-,-,-,2717.6000,2717.4000,2717.2000,2715.8000,2714.8000,2718.8000,2724.0000,2725.2000,2728.4000,2730.0000,1,1,2,1,3,6,1,1,5,1
SF,IH2009,2020-03-16 09:33:55.300,2718.8000,9072,0,271193340.000,1,0,1,多换,S,2717.2000,2715.8000,2714.8000,2712.2000,2710.0000,2718.8000,2724.0000,2725.2000,2728.4000,2730.0000,2,1,3,1,1,5,1,1,5,1
SF,IH2009,2020-03-16 09:33:55.800,2718.8000,9073,1,272008980.000,1,1,0,双开,S,2718.4000,2717.8000,2717.2000,2715.8000,2714.8000,2718.8000,2724.0000,2725.2000,2728.4000,2730.0000,1,1,2,1,3,4,1,1,5,1
SF,IH2009,2020-03-16 09:33:56.300,2718.8000,9073,0,275271540.000,4,2,2,多换,S,2718.8000,2718.4000,2717.4000,2717.2000,2715.8000,2724.0000,2725.2000,2728.4000,2730.0000,2731.6000,1,1,1,2,1,1,1,5,1,1
SF,IH2009,2020-03-16 09:33:56.800,2718.8000,9073,0,275271540.000,0,-,-,-,-,2717.4000,2717.2000,2715.8000,2714.8000,2712.2000,2723.8000,2724.0000,2725.2000,2728.4000,2730.0000,1,2,1,3,1,3,1,1,5,1
SF,IH2009,2020-03-16 09:33:57.300,2718.8000,9073,0,275271540.000,0,-,-,-,-,2719.2000,2717.8000,2717.6000,2717.4000,2717.2000,2723.6000,2723.8000,2724.0000,2725.2000,2728.4000,1,2,1,2,2,2,3,1,1,5
SF,IH2009,2020-03-16 09:33:57.800,2718.8000,9073,0,275271540.000,0,-,-,-,-,2719.4000,2719.2000,2717.8000,2717.4000,2717.2000,2723.4000,2724.0000,2725.2000,2728.4000,2730.0000,1,1,1,2,2,4,1,1,5,1
SF,IH2009,2020-03-16 09:33:58.300,2718.8000,9073,0,275271540.000,0,-,-,-,-,2720.0000,2719.4000,2717.8000,2717.4000,2717.2000,2723.4000,2724.0000,2725.2000,2730.0000,2731.6000,1,1,1,2,2,5,1,1,1,1
SF,IH2009,2020-03-16 09:33:58.800,2718.8000,9073,0,275271540.000,0,-,-,-,-,2720.6000,2720.2000,2720.0000,2717.8000,2717.4000,2723.4000,2724.0000,2725.2000,2730.0000,2731.6000,1,1,1,1,2,3,1,1,1,1
SF,IH2009,2020-03-16 09:33:59.300,2718.8000,9073,0,275271540.000,0,-,-,-,-,2720.2000,2720.0000,2717.8000,2717.4000,2717.2000,2723.4000,2724.0000,2725.2000,2730.0000,2731.6000,1,1,1,2,3,3,1,1,1,1
SF,IH2009,2020-03-16 09:33:59.800,2718.8000,9073,0,275271540.000,0,-,-,-,-,2720.2000,2720.0000,2717.4000,2717.2000,2715.8000,2723.2000,2723.4000,2724.0000,2725.2000,2730.0000,1,1,1,3,1,1,3,1,1,1
SF,IH2009,2020-03-16 09:34:00.300,2718.8000,9073,0,275271540.000,0,-,-,-,-,2720.4000,2720.2000,2717.4000,2717.2000,2715.8000,2723.0000,2723.2000,2724.0000,2725.2000,2730.0000,1,1,1,3,1,3,1,1,1,1
SF,IH2009,2020-03-16 09:34:00.800,2718.8000,9073,0,275271540.000,0,-,-,-,-,2720.4000,2720.2000,2717.4000,2717.2000,2715.8000,2722.8000,2723.0000,2724.0000,2725.2000,2730.0000,1,1,1,2,1,1,3,1,1,1
SF,IH2009,2020-03-16 09:34:01.300,2718.8000,9073,0,275271540.000,0,-,-,-,-,2720.4000,2717.4000,2717.2000,2715.8000,2714.8000,2722.6000,2722.8000,2723.0000,2724.0000,2725.2000,1,1,2,1,3,1,1,2,1,1
SF,IH2009,2020-03-16 09:34:01.800,2718.8000,9073,0,275271540.000,0,-,-,-,-,2720.4000,2717.4000,2717.2000,2715.8000,2714.8000,2722.4000,2722.6000,2724.0000,2725.2000,2730.0000,1,1,2,1,3,3,1,1,1,1
SF,IH2009,2020-03-16 09:34:02.300,2718.8000,9073,0,275271540.000,0,-,-,-,-,2720.0000,2717.6000,2717.4000,2717.2000,2715.8000,2722.2000,2722.4000,2724.0000,2725.2000,2730.0000,1,1,1,2,1,1,3,1,1,1
SF,IH2009,2020-03-16 09:34:02.800,2722.0000,9074,1,276088140.000,1,1,0,双开,S,2720.0000,2717.6000,2717.4000,2717.2000,2715.8000,2722.2000,2722.4000,2724.0000,2725.2000,2730.0000,1,1,1,2,1,1,3,1,1,1
SF,IH2009,2020-03-16 09:34:03.300,2720.0000,9073,-1,277720200.000,2,0,2,多平,S,2717.4000,2717.2000,2715.8000,2714.8000,2712.2000,2722.0000,2722.2000,2724.0000,2725.2000,2730.0000,1,2,1,3,1,3,1,1,1,1
SF,IH2009,2020-03-16 09:34:03.800,2720.0000,9073,0,277720200.000,0,-,-,-,-,2720.0000,2717.6000,2717.4000,2717.2000,2715.8000,2721.8000,2722.0000,2724.0000,2725.2000,2730.0000,1,1,1,2,1,2,1,1,1,1
SF,IH2009,2020-03-16 09:34:04.300,2720.0000,9073,0,278536200.000,1,0,1,多换,S,2717.4000,2717.2000,2715.8000,2714.8000,2712.2000,2721.6000,2721.8000,2724.0000,2725.2000,2730.0000,1,2,1,3,1,2,1,1,1,1
SF,IH2009,2020-03-16 09:34:04.800,2721.4000,9073,0,279352620.000,1,0,1,多换,S,2717.4000,2717.2000,2715.8000,2714.8000,2712.2000,2721.6000,2724.0000,2725.2000,2730.0000,2731.6000,1,2,1,3,1,2,1,1,1,1
SF,IH2009,2020-03-16 09:34:05.300,2721.4000,9073,0,279352620.000,0,-,-,-,-,2717.6000,2717.4000,2717.2000,2715.8000,2714.8000,2720.8000,2721.4000,2721.6000,2724.0000,2725.2000,1,2,2,1,3,1,1,1,1,1
SF,IH2009,2020-03-16 09:34:05.800,2721.4000,9073,0,280169040.000,1,0,1,多换,S,2717.6000,2717.4000,2717.2000,2715.8000,2714.8000,2720.6000,2720.8000,2724.0000,2725.2000,2730.0000,1,1,2,1,3,3,1,1,1,1
SF,IH2009,2020-03-16 09:34:06.300,2721.4000,9073,0,280169040.000,0,-,-,-,-,2717.6000,2717.4000,2717.2000,2715.8000,2714.8000,2720.4000,2720.6000,2724.0000,2725.2000,2730.0000,1,1,2,1,3,1,2,1,1,1
SF,IH2009,2020-03-16 09:34:06.800,2721.4000,9073,0,280169040.000,0,-,-,-,-,2717.6000,2717.4000,2717.2000,2715.8000,2714.8000,2720.6000,2724.0000,2725.2000,2730.0000,2731.6000,1,1,2,1,3,2,1,1,1,1
SF,IH2009,2020-03-16 09:34:07.300,2720.6000,9073,0,280985220.000,1,0,1,多换,S,2717.6000,2717.4000,2717.2000,2715.8000,2714.8000,2720.4000,2720.6000,2724.0000,2725.2000,2730.0000,1,1,2,1,3,1,2,1,1,1
SF,IH2009,2020-03-16 09:34:07.800,2720.6000,9073,0,280985220.000,0,-,-,-,-,2717.6000,2717.4000,2717.2000,2715.8000,2714.8000,2720.2000,2720.4000,2724.0000,2725.2000,2730.0000,1,1,2,1,3,1,1,1,1,1
SF,IH2009,2020-03-16 09:34:08.300,2720.6000,9073,0,280985220.000,0,-,-,-,-,2717.6000,2717.4000,2717.2000,2715.8000,2714.8000,2720.2000,2720.4000,2724.0000,2725.2000,2730.0000,1,1,2,1,3,1,1,1,1,1
SF,IH2009,2020-03-16 09:34:08.800,2720.6000,9073,0,280985220.000,0,-,-,-,-,2717.6000,2717.4000,2717.2000,2715.8000,2714.8000,2720.4000,2724.0000,2725.2000,2730.0000,2731.6000,1,1,2,1,3,1,1,1,1,1
SF,IH2009,2020-03-16 09:34:09.300,2720.4000,9072,-1,281801340.000,1,0,1,双平,S,2718.2000,2717.4000,2717.2000,2715.8000,2714.8000,2724.0000,2725.2000,2730.0000,2731.6000,2732.2000,1,1,2,1,3,1,1,1,1,5
SF,IH2009,2020-03-16 09:34:09.800,2720.4000,9072,0,281801340.000,0,-,-,-,-,2720.2000,2718.6000,2718.4000,2718.2000,2717.4000,2722.6000,2723.6000,2723.8000,2724.0000,2725.2000,1,1,2,1,1,1,1,2,1,1
SF,IH2009,2020-03-16 09:34:10.300,2720.4000,9072,0,281801340.000,0,-,-,-,-,2720.4000,2720.2000,2720.0000,2718.6000,2718.4000,2722.4000,2723.8000,2724.0000,2725.2000,2730.0000,1,1,1,1,2,3,1,1,1,1
SF,IH2009,2020-03-16 09:34:10.800,2720.4000,9072,0,281801340.000,0,-,-,-,-,2720.4000,2720.2000,2718.4000,2718.2000,2717.4000,2722.4000,2724.0000,2725.2000,2730.0000,2731.6000,1,1,2,1,1,2,1,1,1,1
SF,IH2009,2020-03-16 09:34:11.300,2720.4000,9072,0,281801340.000,0,-,-,-,-,2720.8000,2720.4000,2720.2000,2718.4000,2718.2000,2722.4000,2724.0000,2725.2000,2730.0000,2731.6000,1,1,1,2,1,2,1,1,1,1
SF,IH2009,2020-03-16 09:34:11.800,2720.4000,9072,0,281801340.000,0,-,-,-,-,2721.0000,2720.8000,2720.2000,2718.4000,2717.4000,2722.4000,2724.0000,2725.2000,2730.0000,2732.2000,1,1,1,2,1,2,1,1,1,5
SF,IH2009,2020-03-16 09:34:12.300,2722.4000,9071,-1,282618060.000,1,0,1,双平,S,2721.4000,2720.8000,2720.2000,2718.4000,2717.4000,2722.4000,2724.0000,2725.2000,2730.0000,2732.2000,1,1,1,2,1,1,1,1,1,5
SF,IH2009,2020-03-16 09:34:12.800,2722.4000,9070,-1,283434780.000,1,0,1,双平,S,2721.4000,2720.8000,2720.2000,2718.4000,2717.4000,2724.0000,2725.2000,2730.0000,2732.2000,2735.0000,1,1,1,2,1,1,1,1,5,2
SF,IH2009,2020-03-16 09:34:13.300,2722.4000,9070,0,283434780.000,0,-,-,-,-,2721.6000,2721.4000,2720.8000,2720.2000,2720.0000,2724.0000,2725.2000,2730.0000,2732.2000,2735.0000,1,1,1,1,1,1,1,1,5,2
SF,IH2009,2020-03-16 09:34:13.800,2722.4000,9070,0,283434780.000,0,-,-,-,-,2721.6000,2720.2000,2720.0000,2718.4000,2717.4000,2724.0000,2725.2000,2730.0000,2735.0000,2736.0000,1,1,1,1,1,1,1,1,2,5
SF,IH2009,2020-03-16 09:34:14.300,2722.4000,9070,0,283434780.000,0,-,-,-,-,2723.4000,2723.2000,2721.6000,2720.2000,2720.0000,2724.0000,2725.2000,2730.0000,2735.0000,2736.0000,1,1,1,1,1,1,1,1,2,5
SF,IH2009,2020-03-16 09:34:14.800,2724.0000,9069,-1,284251980.000,1,0,1,双平,S,2723.4000,2721.6000,2720.2000,2720.0000,2718.4000,2725.2000,2730.0000,2735.0000,2736.0000,2738.0000,1,1,1,1,1,1,1,2,5,1
SF,IH2009,2020-03-16 09:34:15.300,2724.0000,9069,0,284251980.000,0,-,-,-,-,2723.6000,2723.4000,2721.6000,2720.2000,2720.0000,2725.2000,2730.0000,2735.0000,2736.0000,2738.0000,3,2,1,1,1,1,1,2,5,1
SF,IH2009,2020-03-16 09:34:15.800,2724.0000,9069,0,284251980.000,0,-,-,-,-,2723.6000,2721.6000,2720.2000,2720.0000,2718.4000,2725.2000,2725.4000,2730.0000,2735.0000,2736.0000,3,1,1,1,1,1,1,1,2,5
SF,IH2009,2020-03-16 09:34:16.300,2723.6000,9066,-3,286703340.000,3,0,3,双平,S,2723.6000,2721.6000,2720.2000,2720.0000,2718.4000,2725.0000,2725.2000,2725.4000,2730.0000,2735.0000,1,1,1,1,1,1,1,1,1,2
SF,IH2009,2020-03-16 09:34:16.800,2723.6000,9065,-1,287520420.000,1,0,1,双平,S,2724.0000,2721.6000,2720.2000,2720.0000,2718.4000,2725.2000,2725.4000,2730.0000,2735.0000,2736.0000,6,1,1,1,1,1,1,1,2,5
SF,IH2009,2020-03-16 09:34:17.300,2724.0000,9059,-6,292423140.000,6,0,6,双平,S,2720.2000,2720.0000,2718.4000,2717.4000,2717.2000,2725.2000,2725.4000,2730.0000,2735.0000,2736.0000,1,1,1,1,2,1,1,1,2,5
SF,IH2009,2020-03-16 09:34:17.800,2724.0000,9059,0,292423140.000,0,-,-,-,-,2720.8000,2720.4000,2720.2000,2720.0000,2717.4000,2725.0000,2725.2000,2730.0000,2735.0000,2736.0000,1,2,1,1,1,3,1,1,2,5
SF,IH2009,2020-03-16 09:34:18.300,2724.0000,9059,0,292423140.000,0,-,-,-,-,2721.0000,2720.8000,2720.2000,2720.0000,2717.4000,2724.8000,2725.0000,2725.2000,2730.0000,2735.0000,2,1,1,1,1,1,2,1,1,2
SF,IH2009,2020-03-16 09:34:18.800,2720.8000,9057,-2,294871980.000,3,0,3,多平,S,2720.0000,2717.4000,2717.2000,2712.2000,2710.0000,2724.6000,2724.8000,2725.2000,2730.0000,2735.0000,1,1,2,1,2,3,3,1,1,2
SF,IH2009,2020-03-16 09:34:19.300,2720.8000,9057,0,294871980.000,0,-,-,-,-,2720.0000,2717.4000,2717.2000,2712.2000,2710.0000,2724.4000,2724.6000,2725.2000,2730.0000,2735.0000,1,1,2,1,2,1,3,1,1,2
SF,IH2009,2020-03-16 09:34:19.800,2720.8000,9057,0,294871980.000,0,-,-,-,-,2720.0000,2717.4000,2717.2000,2712.2000,2710.0000,2723.0000,2723.2000,2724.2000,2724.4000,2724.6000,1,1,2,1,2,1,1,2,1,1
SF,IH2009,2020-03-16 09:34:20.300,2720.8000,9057,0,294871980.000,0,-,-,-,-,2720.0000,2717.4000,2717.2000,2712.2000,2710.0000,2722.8000,2723.0000,2723.2000,2724.0000,2724.4000,1,1,2,1,2,3,1,1,1,1
SF,IH2009,2020-03-16 09:34:20.800,2720.8000,9057,0,294871980.000,0,-,-,-,-,2720.0000,2717.4000,2717.2000,2712.2000,2710.0000,2722.8000,2724.0000,2724.4000,2725.2000,2728.4000,1,1,2,1,2,3,1,1,1,5
SF,IH2009,2020-03-16 09:34:21.300,2720.8000,9057,0,294871980.000,0,-,-,-,-,2720.0000,2717.4000,2717.2000,2712.2000,2710.0000,2722.0000,2722.2000,2722.8000,2724.4000,2725.2000,1,1,2,1,2,1,1,3,1,1
SF,IH2009,2020-03-16 09:34:21.800,2720.8000,9057,0,294871980.000,0,-,-,-,-,2720.0000,2717.4000,2712.2000,2710.0000,2708.0000,2721.8000,2722.2000,2722.8000,2724.4000,2725.2000,1,1,1,2,1,2,1,1,1,1
SF,IH2009,2020-03-16 09:34:22.300,2721.8000,9055,-2,296505060.000,2,0,2,双平,S,2720.0000,2717.4000,2712.2000,2710.0000,2708.0000,2722.2000,2722.8000,2724.4000,2725.2000,2728.4000,1,1,1,2,1,1,1,1,1,5
SF,IH2009,2020-03-16 09:34:23.300,2722.2000,9054,-1,297321720.000,1,0,1,双平,S,2722.2000,2720.0000,2717.4000,2712.2000,2710.0000,2722.8000,2724.4000,2725.2000,2728.4000,2730.0000,1,1,1,1,2,1,1,1,5,1
