市场代码,合约代码,时间,最新,持仓,增仓,成交额,成交量,开仓,平仓,成交类型,方向,买一价,买二价,买三价,买四价,买五价,卖一价,卖二价,卖三价,卖四价,卖五价,买一量,买二量,买三量,买四量,买五量,卖一量,卖二量,卖三量,卖四量,卖五量
SF,IH2009,2020-04-10 09:29:00.100,2648.2000,10446,0,1588920.000,2.000,-,-,-,-,2648.2000,2647.2000,2646.0000,2644.2000,2644.0000,2649.4000,2650.4000,2652.0000,2652.2000,2654.0000,1,1,1,1,2,1,1,2,1,2
SF,IH2009,2020-04-10 09:30:00.100,2649.4000,10447,1,2383740.000,1,1,0,双开,S,2648.2000,2647.2000,2646.0000,2644.2000,2644.0000,2652.0000,2652.2000,2654.0000,2655.0000,2655.6000,1,1,1,1,2,2,1,1,2,4
SF,IH2009,2020-04-10 09:30:00.600,2649.4000,10447,0,2383740.000,0,-,-,-,-,2650.8000,2649.8000,2649.4000,2649.0000,2648.6000,2652.0000,2652.2000,2655.0000,2655.6000,2656.0000,2,15,1,2,8,2,1,2,4,1
SF,IH2009,2020-04-10 09:30:01.100,2650.8000,10446,-1,3974220.000,2,0,2,多平,S,2650.8000,2649.8000,2649.4000,2649.0000,2648.6000,2652.0000,2652.2000,2655.0000,2655.6000,2656.0000,2,24,2,2,10,2,1,2,4,1
SF,IH2009,2020-04-10 09:30:01.600,2652.0000,10445,-1,6361020.000,3,1,2,多平,S,2651.2000,2651.0000,2650.8000,2649.8000,2649.4000,2652.2000,2653.6000,2655.0000,2655.6000,2656.0000,5,2,2,24,2,1,1,2,4,1
SF,IH2009,2020-04-10 09:30:02.100,2651.4000,10443,-2,7952100.000,2,0,2,双平,S,2651.4000,2651.2000,2650.8000,2649.8000,2649.4000,2653.6000,2655.0000,2655.6000,2656.0000,2657.0000,1,1,1,24,2,1,2,4,1,1
SF,IH2009,2020-04-10 09:30:02.600,2651.4000,10442,-1,8747520.000,1,0,1,双平,S,2651.6000,2651.4000,2649.8000,2649.4000,2649.0000,2653.6000,2655.0000,2655.6000,2656.0000,2657.0000,1,1,24,2,2,1,2,4,1,1
SF,IH2009,2020-04-10 09:30:03.100,2651.4000,10442,0,8747520.000,0,-,-,-,-,2651.6000,2649.8000,2649.4000,2649.0000,2648.6000,2653.6000,2655.0000,2655.6000,2656.0000,2657.0000,1,24,2,2,2,1,2,4,1,1
SF,IH2009,2020-04-10 09:30:03.600,2651.4000,10442,0,8747520.000,0,-,-,-,-,2649.8000,2649.4000,2649.0000,2648.6000,2648.4000,2653.4000,2653.6000,2655.0000,2655.6000,2656.0000,24,2,1,2,1,2,1,2,4,1
SF,IH2009,2020-04-10 09:30:04.100,2651.4000,10442,0,8747520.000,0,-,-,-,-,2650.0000,2649.8000,2649.4000,2648.6000,2648.2000,2653.0000,2653.4000,2653.6000,2655.0000,2655.6000,1,24,2,1,1,1,3,1,2,4
SF,IH2009,2020-04-10 09:30:04.600,2651.4000,10442,0,8747520.000,0,-,-,-,-,2650.0000,2649.8000,2649.4000,2648.6000,2648.2000,2652.8000,2653.6000,2655.0000,2655.6000,2656.0000,1,24,2,1,1,2,1,2,4,1
SF,IH2009,2020-04-10 09:30:05.100,2651.4000,10442,0,8747520.000,0,-,-,-,-,2650.0000,2649.8000,2649.4000,2648.6000,2648.2000,2652.6000,2652.8000,2653.0000,2653.6000,2655.0000,1,24,2,1,1,1,1,1,1,2
SF,IH2009,2020-04-10 09:30:05.600,2651.4000,10442,0,8747520.000,0,-,-,-,-,2650.0000,2649.8000,2649.4000,2648.2000,2648.0000,2650.8000,2652.4000,2652.6000,2653.0000,2653.6000,1,24,2,1,1,1,3,1,1,1
SF,IH2009,2020-04-10 09:30:06.100,2651.4000,10442,0,8747520.000,0,-,-,-,-,2649.8000,2649.4000,2648.2000,2648.0000,2647.2000,2650.8000,2652.4000,2652.6000,2653.0000,2653.6000,24,2,1,1,1,1,3,1,1,1
SF,IH2009,2020-04-10 09:30:07.100,2650.8000,10442,0,9542760.000,1,0,1,多换,S,2649.8000,2649.4000,2648.2000,2648.0000,2647.2000,2652.4000,2652.6000,2653.0000,2653.4000,2653.6000,24,2,1,1,1,3,1,1,1,1
SF,IH2009,2020-04-10 09:30:07.600,2650.8000,10442,0,9542760.000,0,-,-,-,-,2649.8000,2649.4000,2648.2000,2648.0000,2647.2000,2652.2000,2652.4000,2653.0000,2653.4000,2653.6000,24,2,1,1,1,1,5,1,1,1
SF,IH2009,2020-04-10 09:30:08.100,2650.8000,10442,0,9542760.000,0,-,-,-,-,2649.8000,2649.4000,2648.2000,2648.0000,2647.2000,2652.0000,2652.2000,2652.4000,2653.0000,2653.4000,24,2,1,1,1,2,1,2,1,1
SF,IH2009,2020-04-10 09:30:08.600,2650.8000,10442,0,9542760.000,0,-,-,-,-,2649.8000,2649.4000,2648.2000,2648.0000,2647.2000,2651.8000,2652.0000,2652.4000,2653.0000,2653.4000,24,2,1,1,1,2,2,1,1,1
SF,IH2009,2020-04-10 09:30:09.100,2650.8000,10442,0,9542760.000,0,-,-,-,-,2650.0000,2649.8000,2649.4000,2648.2000,2648.0000,2651.4000,2651.8000,2652.0000,2652.4000,2653.0000,1,24,2,1,1,1,2,1,1,1
SF,IH2009,2020-04-10 09:30:09.600,2650.0000,10441,-1,10337760.000,1,0,1,双平,S,2649.8000,2649.4000,2648.2000,2648.0000,2647.2000,2650.8000,2651.2000,2651.4000,2651.6000,2651.8000,24,2,1,1,1,1,1,1,1,1
SF,IH2009,2020-04-10 09:30:10.100,2650.8000,10440,-1,11928240.000,2,0,2,多平,S,2650.0000,2649.8000,2649.4000,2648.2000,2648.0000,2651.4000,2651.6000,2651.8000,2652.4000,2653.0000,1,24,2,1,1,1,1,1,1,1
SF,IH2009,2020-04-10 09:30:10.600,2651.4000,10439,-1,12723660.000,1,0,1,双平,S,2651.2000,2650.0000,2649.8000,2649.4000,2648.2000,2651.6000,2651.8000,2652.4000,2653.0000,2653.4000,1,1,24,2,1,1,1,1,1,1
SF,IH2009,2020-04-10 09:30:11.100,2651.2000,10438,-1,13519020.000,1,0,1,双平,S,2650.0000,2649.8000,2649.4000,2648.2000,2648.0000,2650.8000,2651.8000,2652.4000,2653.0000,2653.4000,3,24,2,1,1,2,1,1,1,1
SF,IH2009,2020-04-10 09:30:11.600,2651.8000,10437,-1,14314560.000,1,0,1,双平,S,2650.0000,2649.8000,2649.4000,2648.2000,2648.0000,2653.4000,2653.6000,2655.0000,2656.0000,2657.0000,2,24,2,1,1,1,1,2,1,1
SF,IH2009,2020-04-10 09:30:12.100,2651.8000,10437,0,14314560.000,0,-,-,-,-,2652.4000,2650.2000,2650.0000,2649.8000,2649.4000,2653.0000,2653.2000,2653.4000,2653.6000,2655.0000,1,2,2,24,2,1,3,1,1,2
SF,IH2009,2020-04-10 09:30:12.600,2652.0000,10437,0,15110160.000,1,0,1,多换,S,2650.2000,2650.0000,2649.8000,2649.4000,2648.2000,2651.8000,2652.8000,2653.4000,2653.6000,2655.0000,2,2,24,2,1,2,1,1,1,2
SF,IH2009,2020-04-10 09:30:13.100,2652.0000,10437,0,15110160.000,0,-,-,-,-,2650.2000,2650.0000,2649.8000,2649.4000,2648.2000,2651.8000,2652.8000,2653.4000,2653.6000,2655.0000,2,2,24,2,1,2,2,1,1,2
SF,IH2009,2020-04-10 09:30:13.600,2650.2000,10436,-1,15905220.000,1,0,1,双平,S,2650.2000,2650.0000,2649.8000,2649.4000,2648.2000,2651.8000,2652.8000,2653.4000,2653.6000,2655.0000,1,2,24,2,1,2,1,1,1,2
SF,IH2009,2020-04-10 09:30:14.600,2650.2000,10435,-1,18290340.000,3,1,2,多平,S,2650.0000,2649.8000,2649.4000,2648.2000,2648.0000,2651.8000,2652.8000,2653.4000,2653.6000,2655.0000,1,24,2,1,1,2,1,1,1,2
SF,IH2009,2020-04-10 09:30:15.100,2650.2000,10435,0,18290340.000,0,-,-,-,-,2650.0000,2649.8000,2649.4000,2648.2000,2648.0000,2651.6000,2651.8000,2652.8000,2653.4000,2653.6000,1,24,2,1,1,2,2,1,1,1
SF,IH2009,2020-04-10 09:30:15.600,2650.2000,10435,0,18290340.000,0,-,-,-,-,2650.0000,2649.8000,2649.4000,2648.2000,2648.0000,2651.6000,2651.8000,2652.8000,2653.4000,2653.6000,1,24,2,1,1,3,2,1,1,1
SF,IH2009,2020-04-10 09:30:16.100,2650.0000,10434,-1,19085340.000,1,0,1,双平,S,2649.8000,2649.4000,2648.2000,2648.0000,2647.2000,2651.6000,2651.8000,2652.8000,2653.4000,2653.6000,24,2,1,1,1,3,2,1,1,1
SF,IH2009,2020-04-10 09:30:16.600,2649.8000,10433,-1,19880280.000,1,0,1,双平,S,2649.8000,2649.4000,2648.2000,2648.0000,2647.2000,2651.4000,2651.6000,2651.8000,2652.8000,2653.4000,23,2,1,1,1,1,3,2,1,1
SF,IH2009,2020-04-10 09:30:17.100,2649.8000,10432,-1,22265100.000,3,1,2,多平,S,2649.8000,2649.4000,2648.2000,2648.0000,2647.2000,2651.2000,2651.4000,2651.6000,2651.8000,2653.4000,20,2,1,1,1,2,1,2,2,1
SF,IH2009,2020-04-10 09:30:17.600,2649.8000,10432,0,22265100.000,0,-,-,-,-,2649.8000,2649.4000,2648.2000,2648.0000,2647.2000,2651.0000,2651.2000,2651.6000,2651.8000,2653.4000,20,2,1,1,1,1,5,1,2,1
SF,IH2009,2020-04-10 09:30:18.100,2649.8000,10431,-1,23060040.000,1,0,1,双平,S,2649.8000,2649.4000,2648.2000,2648.0000,2647.2000,2650.8000,2651.2000,2651.6000,2651.8000,2653.4000,19,2,1,1,1,2,3,1,2,1
SF,IH2009,2020-04-10 09:30:18.600,2649.8000,10430,-1,23854980.000,1,0,1,双平,S,2649.8000,2649.4000,2648.2000,2648.0000,2647.2000,2650.8000,2651.2000,2651.6000,2651.8000,2653.4000,18,2,1,1,1,2,3,1,2,1
SF,IH2009,2020-04-10 09:30:19.100,2649.8000,10430,0,23854980.000,0,-,-,-,-,2649.8000,2649.4000,2648.2000,2648.0000,2647.2000,2650.8000,2651.6000,2651.8000,2653.4000,2653.6000,18,1,1,1,1,1,1,2,1,1
SF,IH2009,2020-04-10 09:30:19.600,2649.8000,10425,-5,31009680.000,9,2,7,多平,S,2649.8000,2649.4000,2648.2000,2648.0000,2647.2000,2651.6000,2651.8000,2653.4000,2653.6000,2655.0000,10,1,1,1,1,1,2,1,1,2
SF,IH2009,2020-04-10 09:30:20.100,2649.8000,10425,0,32599560.000,2,1,1,多换,S,2649.8000,2649.4000,2648.2000,2648.0000,2647.2000,2651.4000,2651.6000,2651.8000,2653.4000,2653.6000,8,1,1,1,1,1,1,2,1,1
SF,IH2009,2020-04-10 09:30:20.600,2649.8000,10425,0,32599560.000,0,-,-,-,-,2649.8000,2649.4000,2648.2000,2648.0000,2647.2000,2651.2000,2651.4000,2651.6000,2651.8000,2653.4000,8,1,1,1,1,3,1,1,2,1
SF,IH2009,2020-04-10 09:30:21.100,2649.8000,10425,0,32599560.000,0,-,-,-,-,2650.8000,2649.8000,2649.4000,2648.2000,2648.0000,2651.0000,2651.2000,2651.6000,2651.8000,2653.4000,1,8,1,1,1,1,3,1,2,1
SF,IH2009,2020-04-10 09:30:21.600,2650.8000,10425,0,33394800.000,1,0,1,多换,S,2649.8000,2649.4000,2648.2000,2648.0000,2647.2000,2651.8000,2653.4000,2653.6000,2654.4000,2655.0000,8,1,1,1,1,2,1,1,1,2
SF,IH2009,2020-04-10 09:30:22.100,2650.8000,10425,0,33394800.000,0,-,-,-,-,2650.0000,2649.8000,2649.4000,2648.2000,2648.0000,2651.6000,2651.8000,2653.4000,2653.6000,2654.4000,1,8,1,1,1,1,2,1,1,1
SF,IH2009,2020-04-10 09:30:22.600,2650.8000,10425,0,33394800.000,0,-,-,-,-,2649.8000,2649.4000,2648.2000,2648.0000,2647.2000,2651.4000,2651.6000,2651.8000,2653.4000,2653.6000,8,1,1,1,1,1,1,2,1,1
SF,IH2009,2020-04-10 09:30:23.100,2650.8000,10425,0,33394800.000,0,-,-,-,-,2650.0000,2649.8000,2649.4000,2648.2000,2648.0000,2651.4000,2651.6000,2651.8000,2653.4000,2653.6000,5,8,1,1,1,1,1,2,1,1
SF,IH2009,2020-04-10 09:30:23.600,2650.8000,10425,0,33394800.000,0,-,-,-,-,2650.0000,2649.8000,2648.2000,2648.0000,2647.2000,2651.4000,2651.6000,2651.8000,2653.4000,2653.6000,5,8,1,1,1,1,1,2,1,1
SF,IH2009,2020-04-10 09:30:24.600,2651.4000,10424,-1,34190220.000,1,0,1,双平,S,2650.0000,2649.8000,2648.2000,2648.0000,2647.2000,2651.6000,2651.8000,2653.4000,2653.6000,2654.4000,5,8,1,1,1,1,2,1,1,1
SF,IH2009,2020-04-10 09:30:25.100,2651.4000,10424,0,34190220.000,0,-,-,-,-,2650.0000,2649.8000,2648.2000,2648.0000,2647.2000,2651.6000,2651.8000,2653.4000,2653.6000,2654.4000,5,8,1,1,1,1,2,1,1,1
SF,IH2009,2020-04-10 09:30:25.600,2651.4000,10424,0,34190220.000,0,-,-,-,-,2650.6000,2650.0000,2649.8000,2648.2000,2648.0000,2651.6000,2651.8000,2653.4000,2653.6000,2654.4000,2,5,8,1,1,1,2,1,1,1
SF,IH2009,2020-04-10 09:30:26.100,2651.4000,10424,0,34190220.000,0,-,-,-,-,2650.6000,2650.0000,2649.8000,2648.2000,2648.0000,2651.4000,2651.8000,2653.4000,2653.6000,2654.4000,2,4,8,1,1,1,2,1,1,1
SF,IH2009,2020-04-10 09:30:26.600,2651.4000,10424,0,34190220.000,0,-,-,-,-,2650.6000,2650.0000,2649.8000,2648.2000,2648.0000,2651.4000,2651.8000,2653.4000,2653.6000,2654.4000,2,4,8,1,2,2,2,1,1,1
SF,IH2009,2020-04-10 09:30:27.100,2651.4000,10423,-1,35781060.000,2,0,2,多平,S,2650.6000,2650.0000,2649.8000,2648.2000,2648.0000,2653.4000,2653.6000,2654.4000,2654.8000,2655.0000,2,4,8,1,2,1,1,1,1,2
SF,IH2009,2020-04-10 09:30:27.600,2651.4000,10423,0,35781060.000,0,-,-,-,-,2650.6000,2650.0000,2649.8000,2648.2000,2648.0000,2653.0000,2653.2000,2653.4000,2653.6000,2654.4000,2,4,8,1,2,1,3,1,1,1
SF,IH2009,2020-04-10 09:30:28.100,2651.4000,10423,0,35781060.000,0,-,-,-,-,2650.6000,2649.8000,2648.2000,2648.0000,2647.2000,2652.8000,2653.0000,2653.4000,2653.6000,2654.4000,2,8,1,2,1,3,1,1,1,1
SF,IH2009,2020-04-10 09:30:29.100,2651.4000,10423,0,35781060.000,0,-,-,-,-,2650.8000,2650.6000,2649.8000,2648.2000,2648.0000,2652.8000,2653.0000,2653.4000,2653.6000,2654.4000,2,2,8,1,2,3,1,1,1,1
SF,IH2009,2020-04-10 09:30:29.600,2651.4000,10423,0,35781060.000,0,-,-,-,-,2650.8000,2650.6000,2649.8000,2649.4000,2648.2000,2652.4000,2652.8000,2653.0000,2653.4000,2653.6000,2,2,8,1,1,1,3,1,1,1
SF,IH2009,2020-04-10 09:30:30.100,2651.4000,10423,0,35781060.000,0,-,-,-,-,2650.8000,2650.6000,2649.8000,2649.4000,2648.2000,2652.2000,2652.8000,2653.0000,2653.4000,2653.6000,2,2,8,1,1,1,2,1,1,1
SF,IH2009,2020-04-10 09:30:30.600,2651.4000,10423,0,35781060.000,0,-,-,-,-,2650.8000,2650.6000,2649.8000,2649.4000,2648.2000,2652.8000,2653.0000,2653.4000,2653.6000,2654.4000,2,2,8,1,1,2,1,1,1,1
SF,IH2009,2020-04-10 09:30:31.100,2650.8000,10422,-1,36576300.000,1,0,1,双平,S,2650.8000,2650.6000,2649.8000,2649.4000,2648.2000,2652.6000,2652.8000,2653.0000,2653.4000,2653.6000,1,2,8,1,1,1,2,1,1,1
SF,IH2009,2020-04-10 09:30:31.600,2650.8000,10422,0,36576300.000,0,-,-,-,-,2650.6000,2649.8000,2649.4000,2648.2000,2648.0000,2652.4000,2652.6000,2653.0000,2653.4000,2653.6000,2,8,1,1,3,2,1,1,1,1
SF,IH2009,2020-04-10 09:30:32.100,2650.8000,10422,0,36576300.000,0,-,-,-,-,2650.8000,2650.6000,2649.8000,2649.4000,2648.2000,2652.2000,2652.4000,2653.0000,2653.4000,2653.6000,1,2,8,1,1,1,2,1,1,1
SF,IH2009,2020-04-10 09:30:32.600,2650.8000,10422,0,36576300.000,0,-,-,-,-,2650.6000,2649.8000,2649.4000,2648.2000,2648.0000,2652.2000,2652.4000,2653.0000,2653.4000,2653.6000,2,8,1,1,3,1,2,1,1,1
SF,IH2009,2020-04-10 09:30:33.600,2650.8000,10422,0,36576300.000,0,-,-,-,-,2650.6000,2649.8000,2649.4000,2648.2000,2648.0000,2652.2000,2652.4000,2653.0000,2653.4000,2653.6000,2,8,1,1,3,1,2,1,1,1
SF,IH2009,2020-04-10 09:30:34.100,2650.8000,10422,0,36576300.000,0,-,-,-,-,2650.8000,2650.6000,2649.8000,2649.4000,2648.2000,2652.0000,2652.2000,2652.4000,2653.0000,2653.4000,1,2,8,1,1,1,1,2,1,1
SF,IH2009,2020-04-10 09:30:34.600,2650.8000,10422,0,36576300.000,0,-,-,-,-,2650.8000,2650.6000,2649.8000,2649.4000,2648.2000,2652.0000,2652.2000,2652.4000,2653.0000,2653.4000,1,2,8,1,1,1,1,2,1,1
SF,IH2009,2020-04-10 09:30:35.100,2650.8000,10422,0,36576300.000,0,-,-,-,-,2650.8000,2650.6000,2649.8000,2649.4000,2648.2000,2652.0000,2652.2000,2652.4000,2653.0000,2653.4000,1,2,8,1,1,1,1,2,1,1
SF,IH2009,2020-04-10 09:30:35.600,2650.8000,10422,0,36576300.000,0,-,-,-,-,2650.8000,2650.6000,2649.8000,2649.4000,2648.2000,2651.8000,2652.0000,2652.4000,2653.0000,2653.4000,1,2,8,1,1,1,1,2,1,1
SF,IH2009,2020-04-10 09:30:36.100,2650.8000,10422,0,36576300.000,0,-,-,-,-,2650.8000,2650.6000,2649.8000,2649.4000,2648.2000,2652.0000,2652.4000,2653.0000,2653.4000,2653.6000,1,2,8,1,1,1,2,1,1,1
SF,IH2009,2020-04-10 09:30:37.100,2650.8000,10422,0,36576300.000,0,-,-,-,-,2650.8000,2650.6000,2649.8000,2649.4000,2648.2000,2652.0000,2652.4000,2653.0000,2653.4000,2653.6000,1,2,8,1,1,1,2,1,1,1
SF,IH2009,2020-04-10 09:30:37.600,2650.8000,10422,0,37371540.000,1,0,1,多换,S,2650.6000,2649.8000,2649.4000,2648.2000,2648.0000,2652.0000,2652.4000,2653.0000,2653.4000,2653.6000,2,8,1,2,3,1,2,1,1,1
SF,IH2009,2020-04-10 09:30:38.100,2650.8000,10422,0,37371540.000,0,-,-,-,-,2650.6000,2649.8000,2649.4000,2648.2000,2648.0000,2652.0000,2652.4000,2653.0000,2653.4000,2653.6000,2,8,1,2,3,1,2,1,1,1
SF,IH2009,2020-04-10 09:30:39.600,2650.8000,10422,0,37371540.000,0,-,-,-,-,2650.6000,2649.8000,2649.4000,2648.2000,2648.0000,2651.8000,2652.0000,2652.4000,2653.0000,2653.4000,2,8,1,2,3,1,1,2,1,1
SF,IH2009,2020-04-10 09:30:40.600,2650.8000,10422,0,37371540.000,0,-,-,-,-,2650.6000,2649.8000,2649.4000,2648.2000,2648.0000,2651.0000,2651.6000,2651.8000,2652.0000,2652.4000,2,8,1,2,3,1,1,1,1,2
SF,IH2009,2020-04-10 09:30:41.100,2650.8000,10422,0,37371540.000,0,-,-,-,-,2650.6000,2649.8000,2649.4000,2648.2000,2648.0000,2651.0000,2651.6000,2652.0000,2652.4000,2653.0000,2,8,1,2,3,1,1,1,2,1
SF,IH2009,2020-04-10 09:30:41.600,2650.6000,10423,1,38961900.000,2,1,1,空开,S,2649.8000,2649.4000,2648.2000,2648.0000,2647.2000,2650.4000,2650.6000,2651.0000,2651.6000,2652.0000,8,1,2,3,1,3,2,1,1,1
SF,IH2009,2020-04-10 09:30:42.100,2650.6000,10423,0,38961900.000,0,-,-,-,-,2649.8000,2649.4000,2648.2000,2648.0000,2647.2000,2650.6000,2651.0000,2651.6000,2652.0000,2652.4000,8,1,2,3,1,2,1,1,1,2
SF,IH2009,2020-04-10 09:30:43.100,2650.6000,10423,0,38961900.000,0,-,-,-,-,2649.8000,2649.4000,2648.2000,2648.0000,2647.2000,2650.6000,2651.0000,2651.6000,2652.0000,2652.4000,8,1,2,3,1,2,1,1,1,2
SF,IH2009,2020-04-10 09:30:45.100,2650.6000,10423,0,38961900.000,0,-,-,-,-,2650.0000,2649.8000,2649.4000,2648.2000,2648.0000,2650.6000,2651.0000,2651.6000,2652.0000,2652.4000,1,8,1,2,3,1,1,1,1,2
SF,IH2009,2020-04-10 09:30:45.600,2650.6000,10423,0,39757080.000,1,0,1,多换,S,2649.8000,2649.4000,2648.2000,2648.0000,2647.2000,2651.0000,2651.6000,2652.0000,2652.4000,2653.0000,8,1,2,3,1,1,1,1,2,1
SF,IH2009,2020-04-10 09:30:46.600,2650.6000,10423,0,39757080.000,0,-,-,-,-,2650.0000,2649.8000,2649.4000,2648.2000,2648.0000,2651.0000,2651.6000,2652.0000,2652.4000,2653.0000,1,8,1,2,3,1,1,1,2,1
SF,IH2009,2020-04-10 09:30:47.100,2650.6000,10423,0,39757080.000,0,-,-,-,-,2650.2000,2649.8000,2649.4000,2648.2000,2648.0000,2651.0000,2651.6000,2652.0000,2652.4000,2653.0000,1,8,1,2,3,1,1,1,2,1
SF,IH2009,2020-04-10 09:30:47.600,2650.6000,10423,0,39757080.000,0,-,-,-,-,2649.8000,2649.4000,2648.2000,2648.0000,2647.2000,2651.0000,2651.6000,2652.0000,2652.4000,2653.0000,8,1,2,3,1,1,1,1,2,1
SF,IH2009,2020-04-10 09:30:48.100,2650.6000,10423,0,39757080.000,0,-,-,-,-,2650.0000,2649.8000,2649.4000,2648.2000,2648.0000,2651.0000,2651.6000,2652.0000,2652.4000,2653.0000,1,8,1,2,3,1,1,1,2,1
SF,IH2009,2020-04-10 09:30:48.600,2650.6000,10423,0,39757080.000,0,-,-,-,-,2650.2000,2649.8000,2649.4000,2648.2000,2648.0000,2651.0000,2651.6000,2652.0000,2652.4000,2653.0000,1,8,1,2,3,1,1,1,2,1
SF,IH2009,2020-04-10 09:30:49.100,2651.0000,10422,-1,40552380.000,1,0,1,双平,S,2651.2000,2649.8000,2649.4000,2648.2000,2648.0000,2651.6000,2652.0000,2652.4000,2653.0000,2653.4000,1,8,1,2,3,1,1,2,2,1
SF,IH2009,2020-04-10 09:30:49.600,2651.0000,10422,0,40552380.000,0,-,-,-,-,2649.8000,2649.4000,2648.2000,2648.0000,2647.2000,2651.4000,2652.0000,2652.4000,2653.0000,2653.4000,8,1,2,3,1,1,1,1,2,1
SF,IH2009,2020-04-10 09:30:50.100,2651.0000,10422,0,40552380.000,0,-,-,-,-,2650.0000,2649.8000,2649.4000,2648.2000,2648.0000,2651.0000,2651.4000,2652.0000,2652.4000,2653.0000,1,8,1,2,3,3,1,1,1,2
SF,IH2009,2020-04-10 09:30:50.600,2651.0000,10422,0,40552380.000,0,-,-,-,-,2650.2000,2649.8000,2649.4000,2648.2000,2648.0000,2651.4000,2652.0000,2652.4000,2653.0000,2653.4000,1,8,1,2,3,1,1,1,2,1
SF,IH2009,2020-04-10 09:30:51.100,2651.0000,10422,0,40552380.000,0,-,-,-,-,2650.4000,2649.8000,2649.4000,2648.2000,2648.0000,2650.8000,2651.4000,2652.0000,2652.4000,2653.0000,1,8,1,2,3,1,1,1,1,2
SF,IH2009,2020-04-10 09:30:51.600,2651.0000,10422,0,40552380.000,0,-,-,-,-,2649.8000,2649.4000,2648.2000,2648.0000,2647.2000,2650.8000,2651.4000,2652.0000,2652.4000,2653.0000,8,1,2,3,1,1,1,1,1,2
SF,IH2009,2020-04-10 09:30:52.100,2651.0000,10422,0,40552380.000,0,-,-,-,-,2650.0000,2649.8000,2649.4000,2648.2000,2648.0000,2650.2000,2650.8000,2652.0000,2652.4000,2653.0000,1,8,1,2,3,1,1,1,1,2
SF,IH2009,2020-04-10 09:30:52.600,2650.2000,10421,-1,41347440.000,1,0,1,双平,S,2650.2000,2649.8000,2649.4000,2648.2000,2648.0000,2652.0000,2652.4000,2653.0000,2653.4000,2653.6000,2,8,1,2,3,1,1,2,1,1
SF,IH2009,2020-04-10 09:30:53.100,2650.2000,10421,0,42937560.000,2,1,1,多换,S,2649.8000,2649.4000,2648.2000,2648.0000,2647.2000,2650.0000,2651.8000,2652.0000,2652.4000,2653.0000,8,1,2,3,1,2,4,1,1,2
SF,IH2009,2020-04-10 09:30:53.600,2650.0000,10421,0,44527560.000,2,1,1,多换,S,2650.0000,2649.8000,2649.4000,2648.2000,2648.0000,2651.8000,2652.0000,2652.4000,2653.0000,2653.4000,1,8,1,2,3,2,1,1,2,1
SF,IH2009,2020-04-10 09:30:54.100,2650.0000,10421,0,44527560.000,0,-,-,-,-,2650.2000,2650.0000,2649.8000,2649.4000,2648.2000,2651.6000,2651.8000,2652.0000,2652.4000,2653.0000,1,1,8,1,2,2,1,1,1,2
SF,IH2009,2020-04-10 09:30:55.100,2650.0000,10421,0,44527560.000,0,-,-,-,-,2650.0000,2649.8000,2649.4000,2648.2000,2648.0000,2651.4000,2651.6000,2651.8000,2652.0000,2652.4000,1,8,1,2,3,1,2,1,1,1
SF,IH2009,2020-04-10 09:30:55.600,2650.0000,10421,0,44527560.000,0,-,-,-,-,2650.0000,2649.8000,2649.4000,2648.2000,2648.0000,2651.2000,2651.4000,2651.6000,2651.8000,2652.0000,1,8,1,2,3,1,1,1,1,1
SF,IH2009,2020-04-10 09:30:56.100,2650.0000,10421,0,44527560.000,0,-,-,-,-,2650.0000,2649.8000,2649.4000,2648.4000,2648.2000,2651.2000,2651.4000,2651.8000,2652.0000,2652.4000,1,8,1,1,2,1,1,1,1,1
SF,IH2009,2020-04-10 09:30:56.600,2651.2000,10421,0,45322920.000,1,0,1,多换,S,2650.0000,2649.8000,2649.4000,2648.4000,2648.2000,2651.4000,2651.8000,2652.0000,2652.4000,2653.0000,1,8,1,1,2,1,1,1,1,2
SF,IH2009,2020-04-10 09:30:57.100,2651.2000,10421,0,45322920.000,0,-,-,-,-,2650.0000,2649.8000,2649.4000,2648.4000,2648.2000,2651.4000,2651.8000,2652.0000,2652.4000,2653.0000,1,8,1,1,2,1,1,1,1,2
SF,IH2009,2020-04-10 09:30:59.100,2650.0000,10420,-1,46117920.000,1,0,1,双平,S,2649.8000,2649.4000,2648.4000,2648.2000,2648.0000,2651.4000,2651.8000,2652.0000,2652.4000,2653.0000,8,1,1,2,3,1,1,1,1,2
SF,IH2009,2020-04-10 09:30:59.600,2650.0000,10420,0,46117920.000,0,-,-,-,-,2649.8000,2649.4000,2648.4000,2648.2000,2648.0000,2651.0000,2651.2000,2651.4000,2651.8000,2652.0000,8,1,1,2,3,3,1,1,1,1
SF,IH2009,2020-04-10 09:31:00.100,2650.0000,10420,0,46117920.000,0,-,-,-,-,2649.8000,2649.4000,2648.4000,2648.2000,2648.0000,2650.8000,2651.0000,2651.4000,2651.8000,2652.0000,8,1,1,2,3,1,3,1,1,1
SF,IH2009,2020-04-10 09:31:00.600,2650.0000,10420,0,46117920.000,0,-,-,-,-,2649.8000,2649.4000,2648.4000,2648.2000,2648.0000,2650.8000,2651.0000,2651.4000,2651.8000,2652.0000,8,1,1,2,3,1,3,1,1,1
SF,IH2009,2020-04-10 09:31:01.100,2650.0000,10420,0,46117920.000,0,-,-,-,-,2649.8000,2648.4000,2648.2000,2648.0000,2647.2000,2650.8000,2651.0000,2651.4000,2651.8000,2652.0000,8,1,2,3,1,1,3,1,1,1
SF,IH2009,2020-04-10 09:31:01.600,2650.0000,10420,0,46117920.000,0,-,-,-,-,2649.8000,2648.4000,2648.2000,2648.0000,2647.2000,2650.8000,2651.0000,2651.4000,2651.8000,2652.0000,8,1,2,3,1,1,3,1,1,1
SF,IH2009,2020-04-10 09:31:02.600,2650.0000,10420,0,46117920.000,0,-,-,-,-,2649.8000,2648.2000,2648.0000,2647.2000,2647.0000,2650.8000,2651.0000,2651.4000,2651.8000,2652.0000,8,2,3,1,1,1,3,1,1,1
SF,IH2009,2020-04-10 09:31:05.600,2650.0000,10420,0,46117920.000,0,-,-,-,-,2649.8000,2648.2000,2648.0000,2647.2000,2647.0000,2650.8000,2651.0000,2651.4000,2651.8000,2652.0000,8,2,3,1,1,1,3,1,2,1
SF,IH2009,2020-04-10 09:31:06.100,2649.8000,10420,0,46912860.000,1,0,1,多换,S,2649.8000,2648.2000,2648.0000,2647.2000,2647.0000,2650.6000,2650.8000,2651.0000,2651.4000,2651.8000,7,2,3,1,1,1,1,3,1,2
SF,IH2009,2020-04-10 09:31:06.600,2649.8000,10418,-2,52477440.000,7,2,5,多平,S,2648.2000,2648.0000,2647.2000,2647.0000,2646.6000,2649.6000,2650.8000,2651.0000,2651.4000,2651.8000,2,3,1,1,1,2,1,3,1,2
SF,IH2009,2020-04-10 09:31:07.100,2649.6000,10418,0,53272320.000,1,0,1,多换,S,2648.4000,2648.2000,2648.0000,2647.2000,2647.0000,2649.6000,2650.8000,2651.0000,2651.4000,2651.8000,3,2,3,1,1,2,1,3,1,2
SF,IH2009,2020-04-10 09:31:07.600,2649.6000,10418,0,54067200.000,1,0,1,多换,S,2648.4000,2648.2000,2648.0000,2647.2000,2647.0000,2650.8000,2651.0000,2651.8000,2652.0000,2652.4000,3,2,3,1,1,1,4,2,1,1
SF,IH2009,2020-04-10 09:31:08.100,2649.6000,10418,0,54067200.000,0,-,-,-,-,2648.6000,2648.4000,2648.2000,2648.0000,2647.2000,2650.6000,2651.0000,2651.8000,2652.0000,2652.4000,1,2,2,3,1,2,4,1,1,1
SF,IH2009,2020-04-10 09:31:08.600,2649.6000,10418,0,54067200.000,0,-,-,-,-,2648.8000,2648.6000,2648.2000,2648.0000,2647.2000,2650.4000,2650.6000,2651.0000,2651.8000,2652.0000,3,1,2,3,1,1,2,4,1,1
SF,IH2009,2020-04-10 09:31:09.100,2649.6000,10418,0,54067200.000,0,-,-,-,-,2648.8000,2648.6000,2648.2000,2648.0000,2647.2000,2650.2000,2650.6000,2651.0000,2651.8000,2652.0000,3,1,2,3,1,1,1,4,1,1
SF,IH2009,2020-04-10 09:31:09.600,2649.6000,10418,0,54067200.000,0,-,-,-,-,2648.8000,2648.6000,2648.2000,2648.0000,2647.2000,2650.2000,2650.6000,2651.0000,2651.8000,2652.0000,3,1,2,3,1,1,1,4,1,1
SF,IH2009,2020-04-10 09:31:11.600,2649.6000,10418,0,54067200.000,0,-,-,-,-,2648.8000,2648.6000,2648.2000,2648.0000,2647.2000,2650.2000,2650.6000,2651.0000,2651.8000,2652.0000,3,1,1,3,1,1,1,4,1,1
SF,IH2009,2020-04-10 09:31:13.100,2649.6000,10418,0,54067200.000,0,-,-,-,-,2648.8000,2648.6000,2648.2000,2648.0000,2647.2000,2650.0000,2650.2000,2650.6000,2651.0000,2651.8000,3,1,1,3,1,3,1,1,4,1
SF,IH2009,2020-04-10 09:31:13.600,2649.6000,10418,0,54067200.000,0,-,-,-,-,2648.8000,2648.6000,2648.2000,2648.0000,2647.2000,2650.0000,2650.2000,2650.6000,2651.0000,2651.8000,3,1,1,3,1,2,1,1,4,1
SF,IH2009,2020-04-10 09:31:14.100,2649.6000,10418,0,54067200.000,0,-,-,-,-,2648.8000,2648.6000,2648.2000,2648.0000,2647.2000,2650.0000,2650.2000,2650.6000,2651.0000,2651.8000,2,1,1,3,1,2,1,1,4,1
SF,IH2009,2020-04-10 09:31:14.600,2650.0000,10418,0,54862200.000,1,0,1,多换,S,2648.8000,2648.6000,2648.2000,2648.0000,2647.2000,2650.0000,2650.2000,2650.6000,2651.0000,2651.8000,2,1,1,3,1,1,1,1,4,1
SF,IH2009,2020-04-10 09:31:15.100,2650.0000,10418,0,54862200.000,0,-,-,-,-,2649.0000,2648.8000,2648.6000,2648.2000,2648.0000,2650.2000,2650.6000,2651.0000,2651.8000,2652.0000,1,2,1,1,3,1,1,4,1,1
SF,IH2009,2020-04-10 09:31:15.600,2650.0000,10418,0,54862200.000,0,-,-,-,-,2649.2000,2648.6000,2648.2000,2648.0000,2647.2000,2650.4000,2650.6000,2651.0000,2651.8000,2652.0000,2,1,1,3,1,1,1,4,1,1
SF,IH2009,2020-04-10 09:31:16.100,2650.0000,10418,0,54862200.000,0,-,-,-,-,2649.2000,2648.6000,2648.2000,2648.0000,2647.2000,2650.2000,2650.4000,2650.6000,2651.0000,2651.8000,1,1,1,3,1,1,1,1,4,1
SF,IH2009,2020-04-10 09:31:16.600,2650.0000,10418,0,54862200.000,0,-,-,-,-,2649.2000,2648.6000,2648.2000,2648.0000,2647.2000,2650.0000,2650.2000,2650.4000,2650.6000,2651.0000,1,1,1,3,1,1,1,1,1,4
SF,IH2009,2020-04-10 09:31:17.100,2650.0000,10418,0,54862200.000,0,-,-,-,-,2649.2000,2648.6000,2648.2000,2648.0000,2647.2000,2650.0000,2650.2000,2650.4000,2650.6000,2651.0000,1,1,1,3,1,1,1,1,1,4
SF,IH2009,2020-04-10 09:31:20.100,2650.0000,10418,0,54862200.000,0,-,-,-,-,2649.2000,2648.6000,2648.2000,2648.0000,2647.2000,2650.0000,2650.2000,2650.4000,2650.6000,2651.0000,1,1,1,3,1,2,1,1,1,4
SF,IH2009,2020-04-10 09:31:21.100,2650.0000,10418,0,54862200.000,0,-,-,-,-,2649.2000,2648.6000,2648.2000,2648.0000,2647.2000,2650.0000,2650.2000,2650.4000,2650.6000,2651.0000,1,1,1,3,1,2,1,1,1,4
SF,IH2009,2020-04-10 09:31:21.600,2649.2000,10417,-1,55656960.000,1,0,1,双平,S,2648.6000,2648.2000,2648.0000,2647.2000,2647.0000,2650.0000,2650.2000,2650.4000,2650.6000,2651.0000,1,1,3,1,1,2,1,1,1,4
SF,IH2009,2020-04-10 09:31:22.100,2649.2000,10417,0,55656960.000,0,-,-,-,-,2648.8000,2648.2000,2648.0000,2647.2000,2647.0000,2650.0000,2650.4000,2650.6000,2651.0000,2651.8000,1,1,3,1,1,2,1,1,4,1
SF,IH2009,2020-04-10 09:31:22.600,2649.2000,10417,0,55656960.000,0,-,-,-,-,2648.8000,2648.2000,2648.0000,2647.2000,2647.0000,2650.0000,2650.4000,2650.6000,2651.0000,2651.8000,1,1,3,1,1,2,1,1,4,1
SF,IH2009,2020-04-10 09:31:23.100,2649.2000,10417,0,55656960.000,0,-,-,-,-,2648.2000,2648.0000,2647.2000,2647.0000,2646.6000,2649.8000,2650.0000,2650.4000,2650.6000,2651.0000,1,3,1,1,1,1,2,1,1,4
SF,IH2009,2020-04-10 09:31:23.600,2649.2000,10417,0,55656960.000,0,-,-,-,-,2649.4000,2648.4000,2648.2000,2648.0000,2647.2000,2649.8000,2650.0000,2650.4000,2650.6000,2651.0000,1,2,1,3,1,1,2,1,1,4
SF,IH2009,2020-04-10 09:31:24.100,2649.4000,10416,-1,56451780.000,1,0,1,双平,S,2648.4000,2648.2000,2648.0000,2647.2000,2647.0000,2649.4000,2649.8000,2650.0000,2650.4000,2651.0000,1,1,3,1,1,1,1,2,1,4
SF,IH2009,2020-04-10 09:31:24.600,2649.4000,10416,0,56451780.000,0,-,-,-,-,2648.4000,2648.2000,2648.0000,2647.2000,2647.0000,2649.2000,2649.4000,2649.8000,2650.0000,2650.4000,1,1,3,1,1,2,1,1,2,1
SF,IH2009,2020-04-10 09:31:25.100,2649.4000,10416,0,56451780.000,0,-,-,-,-,2648.4000,2648.2000,2648.0000,2647.2000,2647.0000,2649.2000,2649.4000,2650.0000,2650.4000,2651.0000,1,1,3,1,1,2,1,2,2,4
SF,IH2009,2020-04-10 09:31:26.100,2649.4000,10416,0,56451780.000,0,-,-,-,-,2648.4000,2648.2000,2648.0000,2647.2000,2647.0000,2649.2000,2649.4000,2650.0000,2650.4000,2651.0000,1,1,3,1,1,2,1,2,2,4
SF,IH2009,2020-04-10 09:31:26.600,2649.4000,10416,0,56451780.000,0,-,-,-,-,2648.4000,2648.2000,2648.0000,2647.2000,2647.0000,2649.2000,2649.4000,2650.0000,2650.4000,2651.0000,1,1,3,1,1,2,1,2,2,4
SF,IH2009,2020-04-10 09:31:27.600,2649.4000,10416,0,56451780.000,0,-,-,-,-,2648.2000,2648.0000,2647.2000,2647.0000,2646.6000,2649.2000,2649.4000,2650.0000,2650.4000,2651.0000,1,3,1,1,1,2,1,2,2,4
SF,IH2009,2020-04-10 09:31:28.100,2649.4000,10416,0,56451780.000,0,-,-,-,-,2648.2000,2648.0000,2647.2000,2647.0000,2646.6000,2649.2000,2649.4000,2649.8000,2650.0000,2650.4000,1,3,1,1,1,1,1,1,2,2
SF,IH2009,2020-04-10 09:31:28.600,2649.4000,10416,0,56451780.000,0,-,-,-,-,2648.2000,2648.0000,2647.2000,2647.0000,2646.6000,2649.2000,2649.4000,2649.8000,2650.0000,2650.4000,1,3,1,1,1,1,1,1,2,2
SF,IH2009,2020-04-10 09:31:29.100,2649.4000,10416,0,56451780.000,0,-,-,-,-,2648.4000,2648.2000,2648.0000,2647.2000,2647.0000,2649.2000,2649.4000,2649.8000,2650.0000,2650.4000,2,1,3,1,1,1,1,1,2,2
SF,IH2009,2020-04-10 09:31:30.100,2649.4000,10416,0,56451780.000,0,-,-,-,-,2648.2000,2648.0000,2647.2000,2647.0000,2646.6000,2649.2000,2649.4000,2649.8000,2650.0000,2650.4000,1,3,1,1,1,1,1,1,2,2
SF,IH2009,2020-04-10 09:31:31.600,2649.4000,10416,0,56451780.000,0,-,-,-,-,2648.2000,2648.0000,2647.2000,2647.0000,2646.6000,2649.2000,2649.4000,2649.8000,2650.0000,2650.4000,1,3,1,1,1,1,1,1,2,2
SF,IH2009,2020-04-10 09:31:32.600,2649.4000,10416,0,56451780.000,0,-,-,-,-,2648.2000,2648.0000,2647.2000,2647.0000,2646.6000,2649.0000,2649.2000,2649.4000,2649.8000,2650.0000,2,3,1,1,1,1,1,1,1,2
SF,IH2009,2020-04-10 09:31:33.100,2648.2000,10416,0,57246240.000,1,0,1,多换,S,2648.2000,2648.0000,2647.2000,2647.0000,2646.6000,2649.2000,2649.4000,2649.8000,2650.0000,2650.4000,1,3,1,1,1,1,1,1,2,2
SF,IH2009,2020-04-10 09:31:33.600,2648.2000,10416,0,58040700.000,1,0,1,多换,S,2648.0000,2647.2000,2647.0000,2646.6000,2646.0000,2648.2000,2649.0000,2649.2000,2649.4000,2649.8000,3,1,1,1,2,3,2,1,1,1
SF,IH2009,2020-04-10 09:31:34.100,2648.0000,10414,-2,60423900.000,3,0,3,多平,S,2647.2000,2647.0000,2646.6000,2646.0000,2644.0000,2647.6000,2647.8000,2648.0000,2649.0000,2649.2000,1,1,1,2,2,2,1,3,2,1
SF,IH2009,2020-04-10 09:31:34.600,2647.4000,10413,-1,62012280.000,2,0,2,多平,S,2647.6000,2647.0000,2646.6000,2646.0000,2644.0000,2647.8000,2648.0000,2649.0000,2649.2000,2649.4000,1,1,1,2,2,1,1,2,1,1
SF,IH2009,2020-04-10 09:31:35.100,2647.8000,10412,-1,62806620.000,1,0,1,双平,S,2647.0000,2646.6000,2646.0000,2644.0000,2643.0000,2648.0000,2648.6000,2649.0000,2649.2000,2649.4000,2,1,2,2,1,1,1,1,1,1
SF,IH2009,2020-04-10 09:31:35.600,2647.8000,10412,0,62806620.000,0,-,-,-,-,2647.0000,2646.6000,2646.0000,2644.0000,2643.0000,2648.6000,2649.0000,2649.2000,2649.4000,2650.0000,2,2,2,2,1,1,1,1,1,2
SF,IH2009,2020-04-10 09:31:36.100,2647.8000,10412,0,62806620.000,0,-,-,-,-,2648.0000,2647.0000,2646.6000,2646.0000,2644.0000,2648.4000,2648.6000,2649.0000,2649.2000,2649.4000,1,2,2,2,2,1,1,1,1,1
SF,IH2009,2020-04-10 09:31:36.600,2647.8000,10412,0,62806620.000,0,-,-,-,-,2648.0000,2647.0000,2646.6000,2646.0000,2644.0000,2648.6000,2649.0000,2649.2000,2649.4000,2650.0000,1,2,2,2,2,1,1,1,1,2
SF,IH2009,2020-04-10 09:31:37.100,2647.8000,10412,0,62806620.000,0,-,-,-,-,2648.4000,2648.0000,2647.0000,2646.6000,2646.0000,2649.0000,2649.2000,2649.4000,2650.0000,2650.4000,1,1,2,2,2,1,1,1,2,1
SF,IH2009,2020-04-10 09:31:37.600,2648.2000,10411,-1,63601080.000,1,0,1,双平,S,2648.4000,2648.0000,2647.0000,2646.6000,2646.0000,2648.8000,2649.0000,2649.2000,2649.4000,2650.0000,1,1,2,2,2,1,1,1,1,2
SF,IH2009,2020-04-10 09:31:38.100,2648.2000,10411,0,64395540.000,1,0,1,多换,S,2648.0000,2647.0000,2646.6000,2646.0000,2644.0000,2649.0000,2649.2000,2649.4000,2650.0000,2650.4000,1,2,2,3,2,1,1,1,2,1
SF,IH2009,2020-04-10 09:31:38.600,2648.2000,10411,0,64395540.000,0,-,-,-,-,2648.0000,2647.0000,2646.6000,2646.0000,2644.0000,2648.8000,2649.0000,2649.2000,2649.4000,2650.0000,1,2,2,3,2,1,1,1,1,2
SF,IH2009,2020-04-10 09:31:39.100,2648.2000,10411,0,64395540.000,0,-,-,-,-,2648.0000,2647.0000,2646.6000,2646.0000,2644.0000,2649.0000,2649.2000,2649.4000,2650.0000,2650.4000,1,2,2,3,2,1,1,1,2,1
SF,IH2009,2020-04-10 09:31:41.600,2648.2000,10411,0,64395540.000,0,-,-,-,-,2648.0000,2647.0000,2646.6000,2646.0000,2644.0000,2649.0000,2649.2000,2649.4000,2650.0000,2650.4000,1,1,2,3,2,2,1,1,2,1
SF,IH2009,2020-04-10 09:31:43.100,2648.2000,10411,0,64395540.000,0,-,-,-,-,2648.0000,2647.0000,2646.6000,2646.0000,2644.0000,2649.0000,2649.2000,2649.4000,2650.0000,2650.4000,1,1,2,3,2,2,1,1,2,1
SF,IH2009,2020-04-10 09:31:43.600,2648.2000,10411,0,64395540.000,0,-,-,-,-,2648.0000,2647.0000,2646.6000,2646.0000,2644.0000,2649.0000,2649.2000,2649.4000,2650.0000,2650.4000,1,1,2,3,2,1,1,1,1,1
SF,IH2009,2020-04-10 09:31:44.100,2649.0000,10410,-1,65190240.000,1,0,1,双平,S,2648.2000,2648.0000,2647.0000,2646.6000,2646.0000,2649.2000,2649.4000,2650.0000,2650.4000,2651.0000,1,1,1,2,3,1,1,1,1,4
SF,IH2009,2020-04-10 09:31:44.600,2649.0000,10410,0,65190240.000,0,-,-,-,-,2648.4000,2648.0000,2647.0000,2646.6000,2646.0000,2649.2000,2649.4000,2650.0000,2650.4000,2651.0000,1,1,1,2,3,1,1,1,1,4
SF,IH2009,2020-04-10 09:31:45.100,2649.0000,10410,0,65190240.000,0,-,-,-,-,2648.0000,2647.0000,2646.6000,2646.0000,2644.0000,2648.4000,2649.2000,2649.4000,2650.0000,2650.4000,1,1,2,2,2,1,1,1,1,1
SF,IH2009,2020-04-10 09:31:45.600,2648.4000,10410,0,65984760.000,1,0,1,多换,S,2648.0000,2647.0000,2646.6000,2646.0000,2644.0000,2649.2000,2649.4000,2650.0000,2650.4000,2651.0000,1,1,2,2,2,1,1,1,1,4
SF,IH2009,2020-04-10 09:31:46.100,2648.4000,10410,0,65984760.000,0,-,-,-,-,2647.0000,2646.6000,2646.0000,2644.0000,2643.0000,2649.2000,2649.4000,2650.0000,2650.4000,2651.0000,1,2,2,2,1,1,1,1,1,4
SF,IH2009,2020-04-10 09:31:46.600,2648.4000,10410,0,65984760.000,0,-,-,-,-,2647.2000,2647.0000,2646.6000,2646.0000,2645.6000,2649.0000,2649.2000,2649.4000,2650.0000,2650.4000,1,1,2,2,1,2,1,1,1,1
SF,IH2009,2020-04-10 09:31:47.100,2648.4000,10410,0,65984760.000,0,-,-,-,-,2647.4000,2647.2000,2647.0000,2646.6000,2646.0000,2649.0000,2649.2000,2649.4000,2650.0000,2650.4000,2,1,1,2,2,2,1,1,1,1
SF,IH2009,2020-04-10 09:31:47.600,2648.4000,10410,0,65984760.000,0,-,-,-,-,2647.6000,2647.4000,2647.0000,2646.6000,2646.0000,2649.0000,2649.2000,2649.4000,2650.0000,2650.4000,1,2,1,2,2,2,1,1,1,1
SF,IH2009,2020-04-10 09:31:48.100,2648.4000,10410,0,65984760.000,0,-,-,-,-,2647.8000,2647.6000,2647.4000,2647.0000,2646.6000,2649.0000,2649.2000,2649.4000,2650.0000,2650.4000,1,1,1,1,2,2,1,1,1,1
SF,IH2009,2020-04-10 09:31:48.600,2648.4000,10410,0,65984760.000,0,-,-,-,-,2648.0000,2647.0000,2646.6000,2646.0000,2645.6000,2649.0000,2649.2000,2649.4000,2650.0000,2650.4000,1,1,2,2,1,1,1,1,1,1
SF,IH2009,2020-04-10 09:31:49.100,2648.4000,10410,0,65984760.000,0,-,-,-,-,2647.0000,2646.6000,2646.0000,2644.0000,2643.0000,2649.0000,2649.2000,2649.4000,2650.0000,2650.4000,1,2,2,2,1,1,1,1,1,1
SF,IH2009,2020-04-10 09:31:49.600,2648.4000,10410,0,65984760.000,0,-,-,-,-,2647.2000,2647.0000,2646.6000,2646.0000,2645.2000,2648.8000,2649.0000,2649.2000,2649.4000,2650.0000,3,1,2,2,1,2,1,1,1,1
SF,IH2009,2020-04-10 09:31:50.100,2648.4000,10410,0,65984760.000,0,-,-,-,-,2647.2000,2647.0000,2646.6000,2646.0000,2645.2000,2648.8000,2649.0000,2649.2000,2649.4000,2650.0000,3,1,2,2,1,2,2,1,1,1
SF,IH2009,2020-04-10 09:31:51.100,2648.4000,10410,0,65984760.000,0,-,-,-,-,2647.2000,2647.0000,2646.6000,2646.0000,2645.2000,2648.0000,2648.8000,2649.0000,2649.2000,2649.4000,3,1,2,2,1,1,2,2,1,1
SF,IH2009,2020-04-10 09:31:51.600,2648.0000,10409,-1,66779160.000,1,0,1,双平,S,2647.2000,2647.0000,2646.6000,2646.0000,2645.2000,2648.8000,2649.0000,2649.2000,2649.4000,2650.0000,3,1,2,2,1,2,2,1,1,1
SF,IH2009,2020-04-10 09:31:52.100,2648.0000,10409,0,66779160.000,0,-,-,-,-,2647.2000,2647.0000,2646.6000,2646.0000,2645.2000,2648.8000,2649.0000,2649.2000,2649.4000,2650.0000,3,1,2,2,1,2,2,1,1,1
SF,IH2009,2020-04-10 09:31:53.600,2648.0000,10409,0,66779160.000,0,-,-,-,-,2647.2000,2647.0000,2646.6000,2646.0000,2645.2000,2648.8000,2649.0000,2649.2000,2649.4000,2650.0000,3,1,2,2,1,2,2,1,1,1
SF,IH2009,2020-04-10 09:31:54.100,2648.0000,10409,0,66779160.000,0,-,-,-,-,2647.2000,2647.0000,2646.6000,2646.0000,2645.2000,2648.6000,2648.8000,2649.0000,2649.2000,2649.4000,3,1,2,2,1,1,2,1,1,1
SF,IH2009,2020-04-10 09:31:55.100,2648.0000,10409,0,66779160.000,0,-,-,-,-,2647.2000,2647.0000,2646.6000,2646.0000,2645.2000,2648.6000,2648.8000,2649.0000,2649.2000,2649.4000,2,1,2,2,1,1,2,1,1,1
SF,IH2009,2020-04-10 09:31:55.600,2648.0000,10409,0,66779160.000,0,-,-,-,-,2647.2000,2647.0000,2646.6000,2646.0000,2645.2000,2648.4000,2648.6000,2648.8000,2649.0000,2649.2000,2,1,2,2,1,1,1,2,1,1
SF,IH2009,2020-04-10 09:31:56.100,2648.0000,10409,0,66779160.000,0,-,-,-,-,2647.2000,2647.0000,2646.6000,2646.0000,2645.2000,2648.6000,2648.8000,2649.0000,2649.2000,2649.4000,2,1,2,2,1,1,2,1,1,1
SF,IH2009,2020-04-10 09:31:56.600,2648.0000,10409,0,66779160.000,0,-,-,-,-,2647.2000,2647.0000,2646.6000,2646.0000,2645.2000,2648.6000,2648.8000,2649.2000,2649.4000,2650.0000,2,1,2,2,1,1,2,1,1,1
SF,IH2009,2020-04-10 09:31:59.100,2648.0000,10409,0,66779160.000,0,-,-,-,-,2647.4000,2647.2000,2647.0000,2646.6000,2646.0000,2648.4000,2648.6000,2648.8000,2649.2000,2649.4000,1,2,1,2,2,1,1,2,1,1
SF,IH2009,2020-04-10 09:31:59.600,2648.0000,10409,0,66779160.000,0,-,-,-,-,2647.4000,2647.2000,2647.0000,2646.6000,2646.0000,2648.6000,2648.8000,2649.2000,2649.4000,2650.0000,1,1,1,2,2,1,2,1,1,1
SF,IH2009,2020-04-10 09:32:00.100,2648.0000,10409,0,66779160.000,0,-,-,-,-,2647.6000,2647.4000,2647.0000,2646.6000,2646.0000,2648.4000,2648.6000,2648.8000,2649.2000,2649.4000,1,1,1,2,2,1,1,2,1,1
SF,IH2009,2020-04-10 09:32:00.600,2648.0000,10409,0,66779160.000,0,-,-,-,-,2647.4000,2647.0000,2646.6000,2646.0000,2644.0000,2648.4000,2648.6000,2648.8000,2649.2000,2649.4000,1,1,2,2,2,1,1,1,1,1
SF,IH2009,2020-04-10 09:32:01.100,2648.0000,10409,0,66779160.000,0,-,-,-,-,2647.4000,2647.0000,2646.6000,2646.0000,2645.4000,2648.4000,2648.6000,2648.8000,2649.2000,2649.4000,1,1,2,2,1,1,1,1,1,1
SF,IH2009,2020-04-10 09:32:01.600,2648.0000,10409,0,66779160.000,0,-,-,-,-,2647.4000,2647.0000,2646.6000,2646.0000,2645.4000,2648.4000,2648.6000,2648.8000,2649.2000,2649.4000,1,1,2,2,1,1,1,1,1,1
SF,IH2009,2020-04-10 09:32:02.100,2647.4000,10409,0,67573380.000,1,0,1,多换,S,2646.6000,2646.0000,2645.4000,2644.0000,2643.0000,2648.2000,2648.4000,2648.6000,2648.8000,2649.2000,2,2,1,2,1,1,1,1,1,1
SF,IH2009,2020-04-10 09:32:02.600,2646.6000,10408,-1,68367360.000,1,0,1,双平,S,2646.0000,2645.4000,2644.0000,2643.0000,2641.0000,2647.4000,2648.0000,2648.4000,2648.8000,2649.2000,2,1,2,1,5,1,2,1,1,1
SF,IH2009,2020-04-10 09:32:03.100,2646.6000,10408,0,68367360.000,0,-,-,-,-,2646.0000,2645.4000,2644.0000,2643.0000,2641.0000,2647.4000,2648.0000,2648.4000,2648.8000,2649.2000,2,1,3,1,5,1,1,1,1,1
SF,IH2009,2020-04-10 09:32:03.600,2646.6000,10408,0,68367360.000,0,-,-,-,-,2646.0000,2645.4000,2644.0000,2643.0000,2641.0000,2647.2000,2647.4000,2648.0000,2648.4000,2648.8000,2,1,3,1,5,1,1,1,1,1
SF,IH2009,2020-04-10 09:32:04.100,2646.6000,10408,0,68367360.000,0,-,-,-,-,2646.0000,2645.4000,2644.0000,2643.0000,2641.0000,2647.4000,2648.0000,2649.2000,2649.4000,2650.0000,2,1,3,1,5,1,1,1,1,1
SF,IH2009,2020-04-10 09:32:04.600,2646.6000,10408,0,68367360.000,0,-,-,-,-,2646.0000,2645.4000,2644.0000,2643.0000,2641.0000,2647.4000,2648.0000,2649.2000,2649.4000,2650.0000,2,1,3,1,5,1,1,1,1,1
SF,IH2009,2020-04-10 09:32:05.100,2646.6000,10408,0,68367360.000,0,-,-,-,-,2646.2000,2646.0000,2645.4000,2644.0000,2643.0000,2647.4000,2648.0000,2649.2000,2649.4000,2650.0000,1,2,1,3,1,1,1,1,1,1
SF,IH2009,2020-04-10 09:32:05.600,2646.6000,10408,0,68367360.000,0,-,-,-,-,2646.4000,2646.0000,2645.4000,2644.0000,2643.0000,2647.4000,2648.0000,2649.2000,2649.4000,2650.0000,1,2,1,3,1,1,1,1,1,1
SF,IH2009,2020-04-10 09:32:06.100,2646.6000,10408,0,68367360.000,0,-,-,-,-,2646.0000,2645.4000,2644.0000,2643.0000,2641.0000,2647.4000,2648.0000,2649.2000,2649.4000,2650.0000,2,1,2,1,5,1,1,1,1,1
SF,IH2009,2020-04-10 09:32:06.600,2646.6000,10408,0,68367360.000,0,-,-,-,-,2646.0000,2645.4000,2644.2000,2644.0000,2643.0000,2647.4000,2648.0000,2649.2000,2649.4000,2650.0000,2,1,1,2,1,1,1,1,1,1
SF,IH2009,2020-04-10 09:32:08.100,2646.6000,10408,0,68367360.000,0,-,-,-,-,2646.0000,2645.4000,2644.2000,2644.0000,2643.0000,2647.2000,2647.4000,2648.0000,2649.2000,2649.4000,2,1,1,2,1,1,1,1,1,1
SF,IH2009,2020-04-10 09:32:08.600,2646.6000,10408,0,68367360.000,0,-,-,-,-,2646.0000,2645.4000,2644.2000,2644.0000,2643.0000,2647.2000,2647.4000,2648.0000,2649.2000,2649.4000,2,1,1,2,1,1,1,1,1,1
SF,IH2009,2020-04-10 09:32:09.100,2646.6000,10408,0,68367360.000,0,-,-,-,-,2646.0000,2645.4000,2644.2000,2644.0000,2643.0000,2647.2000,2647.4000,2647.6000,2648.0000,2649.2000,2,1,1,2,1,1,1,1,1,1
SF,IH2009,2020-04-10 09:32:10.100,2646.6000,10408,0,68367360.000,0,-,-,-,-,2646.0000,2645.4000,2644.2000,2644.0000,2643.0000,2647.0000,2647.2000,2647.4000,2647.6000,2648.0000,2,1,1,2,1,1,2,1,1,1
SF,IH2009,2020-04-10 09:32:10.600,2646.6000,10408,0,68367360.000,0,-,-,-,-,2646.0000,2645.4000,2644.2000,2644.0000,2643.0000,2647.0000,2647.2000,2647.4000,2647.6000,2648.0000,2,1,1,2,1,1,1,1,1,1
SF,IH2009,2020-04-10 09:32:11.100,2646.6000,10408,0,68367360.000,0,-,-,-,-,2646.0000,2645.4000,2644.2000,2644.0000,2643.0000,2646.8000,2647.2000,2647.4000,2647.6000,2648.0000,2,1,1,2,1,1,1,1,1,1
SF,IH2009,2020-04-10 09:32:11.600,2646.6000,10408,0,68367360.000,0,-,-,-,-,2646.0000,2645.4000,2644.2000,2644.0000,2643.0000,2646.8000,2647.2000,2647.4000,2647.6000,2648.0000,2,1,1,2,1,1,1,1,1,1
SF,IH2009,2020-04-10 09:32:12.600,2646.6000,10408,0,68367360.000,0,-,-,-,-,2646.0000,2645.4000,2644.2000,2644.0000,2643.0000,2646.6000,2646.8000,2647.2000,2647.4000,2647.6000,2,1,1,2,1,1,1,1,1,1
SF,IH2009,2020-04-10 09:32:13.100,2646.0000,10408,0,69161160.000,1,0,1,多换,S,2646.0000,2645.4000,2644.2000,2644.0000,2643.0000,2646.6000,2646.8000,2647.2000,2647.4000,2647.6000,1,1,1,2,1,1,1,1,1,1
SF,IH2009,2020-04-10 09:32:14.600,2646.0000,10408,0,69161160.000,0,-,-,-,-,2646.0000,2645.4000,2644.2000,2644.0000,2643.0000,2646.6000,2647.2000,2647.4000,2647.6000,2648.0000,1,1,1,2,1,1,1,1,1,1
SF,IH2009,2020-04-10 09:32:15.100,2646.0000,10408,0,69161160.000,0,-,-,-,-,2646.0000,2645.4000,2644.2000,2644.0000,2643.0000,2646.4000,2646.6000,2647.2000,2647.4000,2647.6000,1,1,1,2,1,1,1,1,1,1
SF,IH2009,2020-04-10 09:32:15.600,2646.0000,10408,0,69161160.000,0,-,-,-,-,2646.0000,2645.4000,2644.2000,2644.0000,2643.0000,2646.4000,2647.2000,2647.4000,2647.6000,2648.0000,1,1,1,2,1,1,1,1,1,1
SF,IH2009,2020-04-10 09:32:16.600,2646.4000,10407,-1,69955080.000,1,0,1,双平,S,2646.0000,2645.4000,2644.2000,2644.0000,2643.0000,2647.2000,2647.4000,2647.6000,2648.0000,2650.0000,1,1,1,2,1,1,1,1,1,1
SF,IH2009,2020-04-10 09:32:17.100,2646.4000,10407,0,69955080.000,0,-,-,-,-,2646.0000,2645.4000,2644.2000,2644.0000,2643.0000,2647.0000,2647.2000,2647.4000,2647.6000,2650.0000,1,1,1,2,1,1,1,1,1,1
SF,IH2009,2020-04-10 09:32:17.600,2646.0000,10407,0,70748880.000,1,0,1,多换,S,2645.4000,2644.2000,2644.0000,2643.0000,2641.0000,2647.0000,2647.2000,2647.4000,2647.6000,2650.0000,1,1,2,1,5,2,1,1,1,1
SF,IH2009,2020-04-10 09:32:18.100,2646.0000,10407,0,70748880.000,0,-,-,-,-,2645.6000,2645.4000,2644.2000,2644.0000,2643.4000,2647.0000,2647.2000,2647.4000,2647.6000,2650.0000,1,1,1,2,1,2,1,1,1,1
SF,IH2009,2020-04-10 09:32:18.600,2646.0000,10407,0,70748880.000,0,-,-,-,-,2645.4000,2644.2000,2644.0000,2643.4000,2643.0000,2647.0000,2647.2000,2647.4000,2647.6000,2650.0000,1,1,2,1,1,2,1,1,1,1
SF,IH2009,2020-04-10 09:32:19.100,2646.0000,10407,0,70748880.000,0,-,-,-,-,2645.6000,2645.4000,2644.2000,2644.0000,2643.4000,2647.0000,2647.2000,2647.4000,2647.6000,2650.0000,1,1,1,2,1,2,1,1,1,1
SF,IH2009,2020-04-10 09:32:19.600,2646.0000,10407,0,70748880.000,0,-,-,-,-,2645.8000,2645.4000,2644.2000,2644.0000,2643.4000,2647.0000,2647.2000,2647.4000,2647.6000,2650.0000,1,1,1,2,1,2,1,1,1,1
SF,IH2009,2020-04-10 09:32:20.100,2646.0000,10407,0,70748880.000,0,-,-,-,-,2645.4000,2644.2000,2644.0000,2643.0000,2641.0000,2647.0000,2647.2000,2647.4000,2647.6000,2650.0000,1,1,2,1,5,2,1,1,1,1
SF,IH2009,2020-04-10 09:32:20.600,2646.0000,10407,0,70748880.000,0,-,-,-,-,2645.6000,2645.4000,2644.2000,2644.0000,2643.0000,2647.0000,2647.2000,2647.4000,2647.6000,2650.0000,1,1,1,2,1,2,1,1,1,1
SF,IH2009,2020-04-10 09:32:21.100,2646.0000,10407,0,70748880.000,0,-,-,-,-,2645.4000,2644.2000,2644.0000,2643.0000,2641.0000,2647.0000,2647.4000,2647.6000,2650.0000,2651.0000,1,1,2,1,5,2,1,1,1,5
SF,IH2009,2020-04-10 09:32:21.600,2646.0000,10407,0,70748880.000,0,-,-,-,-,2645.6000,2645.4000,2644.2000,2644.0000,2643.0000,2647.0000,2647.4000,2647.6000,2650.0000,2651.0000,1,1,1,2,1,2,1,1,1,5
SF,IH2009,2020-04-10 09:32:22.100,2646.0000,10407,0,70748880.000,0,-,-,-,-,2645.4000,2644.2000,2644.0000,2643.0000,2641.0000,2647.0000,2647.4000,2647.6000,2650.0000,2651.0000,1,1,2,1,5,2,1,1,1,5
SF,IH2009,2020-04-10 09:32:22.600,2646.0000,10407,0,70748880.000,0,-,-,-,-,2645.6000,2645.4000,2644.2000,2644.0000,2643.0000,2647.0000,2647.4000,2647.6000,2650.0000,2651.0000,1,1,1,2,1,2,1,1,1,5
SF,IH2009,2020-04-10 09:32:23.100,2646.0000,10407,0,70748880.000,0,-,-,-,-,2645.8000,2645.4000,2644.2000,2644.0000,2643.0000,2647.0000,2647.4000,2647.6000,2650.0000,2651.0000,1,1,1,2,1,2,1,1,1,5
SF,IH2009,2020-04-10 09:32:23.600,2646.0000,10407,0,70748880.000,0,-,-,-,-,2645.4000,2644.2000,2644.0000,2643.0000,2641.0000,2647.0000,2647.4000,2647.6000,2650.0000,2651.0000,1,1,2,1,5,2,1,1,1,5
SF,IH2009,2020-04-10 09:32:24.100,2646.0000,10407,0,70748880.000,0,-,-,-,-,2645.6000,2645.4000,2644.2000,2644.0000,2643.0000,2647.0000,2647.4000,2647.6000,2650.0000,2651.0000,1,1,1,2,1,2,1,1,1,5
SF,IH2009,2020-04-10 09:32:24.600,2646.0000,10407,0,70748880.000,0,-,-,-,-,2645.8000,2645.4000,2644.2000,2644.0000,2643.0000,2647.0000,2647.4000,2647.6000,2650.0000,2651.0000,1,1,1,2,1,2,1,1,1,5
SF,IH2009,2020-04-10 09:32:25.100,2646.0000,10407,0,70748880.000,0,-,-,-,-,2646.0000,2645.4000,2644.2000,2644.0000,2643.0000,2647.0000,2647.4000,2647.6000,2650.0000,2651.0000,1,1,1,2,1,2,1,1,1,5
SF,IH2009,2020-04-10 09:32:29.600,2647.0000,10407,0,71542980.000,1,0,1,多换,S,2646.2000,2646.0000,2645.4000,2644.2000,2644.0000,2647.0000,2647.4000,2647.6000,2650.0000,2651.0000,1,1,1,1,2,1,1,1,1,5
SF,IH2009,2020-04-10 09:32:30.100,2647.0000,10407,0,71542980.000,0,-,-,-,-,2646.0000,2645.4000,2644.2000,2644.0000,2643.0000,2647.0000,2647.4000,2647.6000,2650.0000,2651.0000,1,1,1,2,1,1,1,1,1,5
SF,IH2009,2020-04-10 09:32:30.600,2647.0000,10407,0,71542980.000,0,-,-,-,-,2646.2000,2646.0000,2645.4000,2645.0000,2644.2000,2647.0000,2647.4000,2647.6000,2650.0000,2651.0000,1,1,1,1,1,1,1,1,1,5
SF,IH2009,2020-04-10 09:32:31.100,2647.0000,10407,0,71542980.000,0,-,-,-,-,2646.0000,2645.4000,2645.0000,2644.2000,2644.0000,2647.0000,2647.4000,2647.6000,2650.0000,2651.0000,1,1,1,1,2,1,1,1,1,5
SF,IH2009,2020-04-10 09:32:33.100,2647.0000,10407,0,72337080.000,1,0,1,多换,S,2646.0000,2645.4000,2645.0000,2644.2000,2644.0000,2647.4000,2647.6000,2650.0000,2651.0000,2652.0000,1,2,1,1,2,1,1,1,5,1
SF,IH2009,2020-04-10 09:32:33.600,2647.0000,10407,0,72337080.000,0,-,-,-,-,2646.0000,2645.4000,2645.0000,2644.2000,2644.0000,2647.2000,2647.4000,2647.6000,2650.0000,2651.0000,1,2,1,1,2,2,1,1,1,5
SF,IH2009,2020-04-10 09:32:34.100,2646.0000,10406,-1,73130880.000,1,0,1,双平,S,2645.4000,2645.0000,2644.2000,2644.0000,2643.0000,2647.2000,2647.4000,2647.6000,2650.0000,2651.0000,2,1,1,2,1,2,1,1,1,5
SF,IH2009,2020-04-10 09:32:34.600,2647.0000,10406,0,73924980.000,1,0,1,多换,S,2645.6000,2645.4000,2645.0000,2644.2000,2644.0000,2647.2000,2647.4000,2647.6000,2650.0000,2651.0000,3,2,1,1,2,2,1,1,1,5
SF,IH2009,2020-04-10 09:32:35.100,2647.0000,10406,0,73924980.000,0,-,-,-,-,2645.6000,2645.4000,2645.0000,2644.2000,2644.0000,2647.0000,2647.2000,2647.4000,2647.6000,2650.0000,3,2,1,1,2,1,1,1,1,1
SF,IH2009,2020-04-10 09:32:35.600,2647.0000,10406,0,73924980.000,0,-,-,-,-,2645.6000,2645.4000,2645.0000,2644.2000,2644.0000,2647.0000,2647.2000,2647.4000,2647.6000,2650.0000,3,2,1,1,2,2,1,1,1,1
SF,IH2009,2020-04-10 09:32:38.600,2647.0000,10406,0,73924980.000,0,-,-,-,-,2645.6000,2645.4000,2645.0000,2644.2000,2644.0000,2646.8000,2647.0000,2647.2000,2647.4000,2647.6000,2,2,1,1,2,1,2,1,1,1
SF,IH2009,2020-04-10 09:32:39.100,2647.0000,10406,0,73924980.000,0,-,-,-,-,2645.6000,2645.4000,2645.0000,2644.2000,2644.0000,2647.0000,2647.2000,2647.4000,2647.6000,2650.0000,1,2,1,1,2,2,1,1,1,1
SF,IH2009,2020-04-10 09:32:39.600,2647.0000,10406,0,73924980.000,0,-,-,-,-,2645.6000,2645.4000,2645.0000,2644.2000,2644.0000,2646.8000,2647.0000,2647.4000,2647.6000,2650.0000,1,2,1,1,2,2,2,1,1,1
SF,IH2009,2020-04-10 09:32:40.100,2647.0000,10406,0,73924980.000,0,-,-,-,-,2645.6000,2645.4000,2645.0000,2644.2000,2644.0000,2646.8000,2647.0000,2647.4000,2647.6000,2650.0000,1,2,1,1,2,1,2,1,1,1
SF,IH2009,2020-04-10 09:32:41.100,2645.6000,10405,-1,74718660.000,1,0,1,双平,S,2645.4000,2645.0000,2644.2000,2644.0000,2643.0000,2646.8000,2647.0000,2647.4000,2647.6000,2650.0000,2,1,1,2,1,1,2,1,1,1
SF,IH2009,2020-04-10 09:32:43.600,2645.6000,10405,0,74718660.000,0,-,-,-,-,2645.6000,2645.4000,2645.0000,2644.2000,2644.0000,2646.8000,2647.0000,2647.4000,2647.6000,2650.0000,1,2,1,1,2,1,2,1,1,1
SF,IH2009,2020-04-10 09:32:44.100,2645.6000,10405,0,74718660.000,0,-,-,-,-,2645.8000,2645.4000,2645.0000,2644.2000,2644.0000,2646.8000,2647.0000,2647.4000,2647.6000,2650.0000,1,2,1,1,2,1,2,1,1,1
SF,IH2009,2020-04-10 09:32:44.600,2645.6000,10405,0,74718660.000,0,-,-,-,-,2645.4000,2645.0000,2644.2000,2644.0000,2643.0000,2646.8000,2647.0000,2647.4000,2647.6000,2650.0000,2,1,1,2,1,1,2,1,1,1
SF,IH2009,2020-04-10 09:32:47.600,2645.6000,10405,0,74718660.000,0,-,-,-,-,2645.6000,2645.4000,2645.0000,2644.2000,2644.0000,2646.8000,2647.0000,2647.4000,2647.6000,2650.0000,1,2,1,1,2,1,2,1,1,1
SF,IH2009,2020-04-10 09:32:48.100,2645.6000,10405,0,74718660.000,0,-,-,-,-,2645.6000,2645.4000,2645.0000,2644.2000,2644.0000,2646.8000,2647.0000,2647.4000,2647.6000,2650.0000,1,2,1,1,2,1,2,1,1,1
SF,IH2009,2020-04-10 09:32:50.600,2645.6000,10405,0,74718660.000,0,-,-,-,-,2645.6000,2645.4000,2645.0000,2644.2000,2644.0000,2645.8000,2646.8000,2647.0000,2647.4000,2647.6000,1,2,1,1,2,1,1,1,1,1
SF,IH2009,2020-04-10 09:32:51.100,2645.8000,10405,0,75512400.000,1,0,1,多换,S,2646.2000,2645.8000,2645.6000,2645.4000,2645.0000,2646.8000,2647.0000,2647.4000,2647.6000,2650.0000,2,1,1,2,1,1,1,1,1,1
SF,IH2009,2020-04-10 09:32:51.600,2645.8000,10405,0,75512400.000,0,-,-,-,-,2646.2000,2645.8000,2645.6000,2645.4000,2645.0000,2646.8000,2647.0000,2647.4000,2647.6000,2650.0000,2,1,1,2,1,1,1,1,1,1
SF,IH2009,2020-04-10 09:32:53.600,2646.8000,10404,-1,76306440.000,1,0,1,双平,S,2646.8000,2646.2000,2645.8000,2645.6000,2645.4000,2647.4000,2647.6000,2650.0000,2651.0000,2652.0000,1,2,1,1,2,1,1,1,5,1
SF,IH2009,2020-04-10 09:32:54.100,2646.8000,10404,0,76306440.000,0,-,-,-,-,2646.2000,2645.8000,2645.6000,2645.4000,2645.0000,2647.4000,2647.6000,2650.0000,2651.0000,2652.0000,2,1,1,2,1,1,1,1,5,1
SF,IH2009,2020-04-10 09:32:54.600,2646.8000,10404,0,76306440.000,0,-,-,-,-,2646.2000,2645.8000,2645.6000,2645.4000,2645.0000,2647.4000,2647.6000,2650.0000,2651.0000,2652.0000,2,1,1,2,1,1,1,1,5,1
SF,IH2009,2020-04-10 09:32:55.100,2647.4000,10404,0,77100660.000,1,0,1,多换,S,2646.2000,2645.8000,2645.6000,2645.4000,2645.0000,2647.6000,2650.0000,2651.0000,2652.0000,2652.4000,2,1,1,2,1,1,1,5,1,1
SF,IH2009,2020-04-10 09:32:55.600,2647.4000,10404,0,77100660.000,0,-,-,-,-,2646.4000,2646.2000,2645.8000,2645.6000,2645.4000,2647.6000,2650.0000,2651.0000,2652.0000,2652.4000,4,2,1,1,2,1,1,5,1,1
SF,IH2009,2020-04-10 09:32:56.100,2646.4000,10403,-1,77894580.000,1,0,1,双平,S,2646.4000,2646.2000,2645.8000,2645.6000,2645.4000,2647.6000,2650.0000,2651.0000,2652.0000,2652.4000,3,2,1,1,2,1,1,5,1,1
SF,IH2009,2020-04-10 09:32:59.600,2647.6000,10402,-1,78688860.000,1,0,1,双平,S,2646.4000,2646.2000,2645.8000,2645.6000,2645.4000,2650.0000,2651.0000,2652.0000,2652.4000,2652.8000,3,2,1,1,2,1,5,1,1,1
SF,IH2009,2020-04-10 09:33:00.100,2647.6000,10402,0,78688860.000,0,-,-,-,-,2646.6000,2646.4000,2646.2000,2645.8000,2645.6000,2648.4000,2649.8000,2650.0000,2651.0000,2652.0000,1,1,2,1,1,1,1,1,5,1
SF,IH2009,2020-04-10 09:33:00.600,2647.6000,10402,0,78688860.000,0,-,-,-,-,2646.8000,2646.6000,2646.2000,2645.8000,2645.6000,2648.2000,2648.4000,2648.6000,2649.8000,2650.0000,1,1,2,1,1,3,1,1,1,1
SF,IH2009,2020-04-10 09:33:01.100,2647.6000,10402,0,78688860.000,0,-,-,-,-,2646.6000,2646.2000,2645.8000,2645.6000,2645.4000,2648.2000,2648.6000,2649.8000,2650.0000,2651.0000,1,2,1,1,1,3,1,1,1,5
SF,IH2009,2020-04-10 09:33:01.600,2647.6000,10402,0,78688860.000,0,-,-,-,-,2646.6000,2646.2000,2645.8000,2645.6000,2645.4000,2647.2000,2648.2000,2648.6000,2649.8000,2650.0000,1,2,1,1,1,1,3,1,1,1
SF,IH2009,2020-04-10 09:33:02.100,2647.4000,10401,-1,79483080.000,1,0,1,双平,S,2646.2000,2645.8000,2645.6000,2645.4000,2645.0000,2648.2000,2648.6000,2649.8000,2650.0000,2651.0000,2,1,1,1,1,2,1,1,1,5
SF,IH2009,2020-04-10 09:33:02.600,2647.4000,10401,0,79483080.000,0,-,-,-,-,2646.4000,2646.2000,2645.8000,2645.6000,2645.4000,2647.4000,2648.0000,2648.2000,2648.6000,2649.8000,1,2,1,1,1,1,1,2,1,1
SF,IH2009,2020-04-10 09:33:03.100,2647.4000,10400,-1,80277300.000,1,0,1,双平,S,2646.2000,2645.8000,2645.6000,2645.4000,2645.0000,2648.2000,2648.6000,2649.8000,2650.0000,2651.0000,2,1,1,1,1,1,1,1,1,5
SF,IH2009,2020-04-10 09:33:03.600,2647.4000,10400,0,80277300.000,0,-,-,-,-,2647.0000,2646.4000,2646.2000,2645.8000,2645.6000,2648.0000,2648.2000,2649.8000,2650.0000,2651.0000,1,3,2,1,1,1,1,1,1,5
SF,IH2009,2020-04-10 09:33:04.100,2647.4000,10400,0,80277300.000,0,-,-,-,-,2647.0000,2646.4000,2646.2000,2645.8000,2645.6000,2647.6000,2648.0000,2648.2000,2649.8000,2650.0000,1,2,2,1,1,1,1,1,1,1
SF,IH2009,2020-04-10 09:33:04.600,2647.6000,10399,-1,81071580.000,1,0,1,双平,S,2647.0000,2646.4000,2646.2000,2645.8000,2645.6000,2648.0000,2648.2000,2649.8000,2650.0000,2651.0000,1,1,2,1,1,1,1,1,1,5
SF,IH2009,2020-04-10 09:33:05.100,2647.6000,10399,0,81071580.000,0,-,-,-,-,2647.0000,2646.4000,2646.2000,2646.0000,2645.8000,2648.0000,2648.2000,2649.8000,2650.0000,2651.0000,1,1,2,1,1,1,1,1,1,5
SF,IH2009,2020-04-10 09:33:05.600,2647.6000,10399,0,81071580.000,0,-,-,-,-,2647.0000,2646.4000,2646.2000,2646.0000,2645.8000,2648.2000,2649.8000,2650.0000,2651.0000,2652.0000,1,1,2,1,1,1,1,1,5,1
SF,IH2009,2020-04-10 09:33:08.100,2647.6000,10399,0,81071580.000,0,-,-,-,-,2647.2000,2647.0000,2646.4000,2646.2000,2646.0000,2648.2000,2649.8000,2650.0000,2651.0000,2652.0000,1,1,1,2,1,1,1,1,5,1
SF,IH2009,2020-04-10 09:33:08.600,2647.6000,10399,0,81071580.000,0,-,-,-,-,2647.2000,2647.0000,2646.4000,2646.2000,2646.0000,2648.2000,2649.8000,2650.0000,2651.0000,2652.0000,1,1,1,2,1,1,1,1,5,1
SF,IH2009,2020-04-10 09:33:09.100,2647.2000,10398,-1,81865740.000,1,0,1,双平,S,2647.0000,2646.4000,2646.2000,2646.0000,2645.6000,2648.2000,2649.8000,2650.0000,2651.0000,2652.0000,1,1,2,1,1,1,1,1,5,1
SF,IH2009,2020-04-10 09:33:09.600,2647.2000,10398,0,81865740.000,0,-,-,-,-,2647.2000,2647.0000,2646.4000,2646.2000,2646.0000,2648.2000,2649.8000,2650.0000,2651.0000,2652.0000,1,1,1,2,1,1,1,1,5,1
SF,IH2009,2020-04-10 09:33:11.100,2647.2000,10398,0,81865740.000,0,-,-,-,-,2647.2000,2646.4000,2646.2000,2646.0000,2645.6000,2648.2000,2649.8000,2650.0000,2651.0000,2652.0000,1,1,2,1,1,1,1,1,5,1
SF,IH2009,2020-04-10 09:33:11.600,2647.2000,10398,0,81865740.000,0,-,-,-,-,2647.2000,2646.4000,2646.2000,2646.0000,2645.6000,2648.2000,2649.8000,2650.0000,2651.0000,2652.0000,2,1,2,1,1,1,1,1,5,1
SF,IH2009,2020-04-10 09:33:12.600,2647.2000,10398,0,81865740.000,0,-,-,-,-,2647.2000,2646.4000,2646.2000,2646.0000,2645.6000,2648.0000,2648.2000,2649.8000,2650.0000,2651.0000,1,1,2,1,1,1,1,1,1,5
SF,IH2009,2020-04-10 09:33:13.100,2647.2000,10397,-1,82659900.000,1,0,1,双平,S,2646.8000,2646.4000,2646.2000,2646.0000,2645.6000,2648.2000,2649.8000,2650.0000,2651.0000,2652.0000,1,1,2,1,1,1,1,1,5,1
SF,IH2009,2020-04-10 09:33:13.600,2647.2000,10397,0,82659900.000,0,-,-,-,-,2646.8000,2646.4000,2646.2000,2646.0000,2645.6000,2648.0000,2648.2000,2649.8000,2650.0000,2651.0000,1,1,2,1,1,1,1,1,1,5
SF,IH2009,2020-04-10 09:33:14.100,2647.2000,10397,0,82659900.000,0,-,-,-,-,2646.8000,2646.4000,2646.2000,2646.0000,2645.6000,2647.8000,2648.2000,2649.8000,2650.0000,2651.0000,1,1,2,1,1,1,1,1,1,5
SF,IH2009,2020-04-10 09:33:14.600,2647.2000,10397,0,82659900.000,0,-,-,-,-,2646.8000,2646.4000,2646.2000,2646.0000,2645.6000,2648.2000,2649.8000,2650.0000,2651.0000,2652.0000,1,1,2,1,1,1,1,1,5,1
SF,IH2009,2020-04-10 09:33:15.100,2647.2000,10397,0,82659900.000,0,-,-,-,-,2646.8000,2646.4000,2646.2000,2646.0000,2645.6000,2648.0000,2648.2000,2649.8000,2650.0000,2651.0000,1,1,2,1,1,1,1,1,1,5
SF,IH2009,2020-04-10 09:33:15.600,2647.2000,10397,0,82659900.000,0,-,-,-,-,2646.8000,2646.4000,2646.2000,2646.0000,2645.6000,2647.8000,2648.2000,2649.8000,2650.0000,2651.0000,1,1,2,1,1,1,1,1,1,5
SF,IH2009,2020-04-10 09:33:16.100,2647.2000,10397,0,82659900.000,0,-,-,-,-,2646.8000,2646.4000,2646.2000,2646.0000,2645.6000,2648.0000,2648.2000,2649.8000,2650.0000,2651.0000,1,1,2,1,1,1,1,1,1,5
SF,IH2009,2020-04-10 09:33:16.600,2647.2000,10397,0,82659900.000,0,-,-,-,-,2646.8000,2646.4000,2646.2000,2646.0000,2645.6000,2647.8000,2648.0000,2648.2000,2649.8000,2650.0000,1,1,2,1,1,1,1,1,1,1
SF,IH2009,2020-04-10 09:33:17.100,2647.2000,10397,0,82659900.000,0,-,-,-,-,2646.8000,2646.4000,2646.2000,2646.0000,2645.6000,2648.0000,2648.2000,2649.8000,2650.0000,2651.0000,1,1,2,1,1,1,1,1,1,5
SF,IH2009,2020-04-10 09:33:17.600,2647.2000,10397,0,82659900.000,0,-,-,-,-,2646.8000,2646.4000,2646.2000,2646.0000,2645.6000,2648.0000,2648.2000,2649.8000,2650.0000,2651.0000,1,1,2,1,1,1,1,1,1,5
SF,IH2009,2020-04-10 09:33:23.100,2647.2000,10397,0,82659900.000,0,-,-,-,-,2646.8000,2646.4000,2646.2000,2646.0000,2645.4000,2648.0000,2648.2000,2649.8000,2650.0000,2651.0000,1,1,2,1,1,1,1,1,1,5
SF,IH2009,2020-04-10 09:33:23.600,2647.2000,10397,0,82659900.000,0,-,-,-,-,2646.8000,2646.4000,2646.2000,2646.0000,2645.4000,2648.0000,2648.2000,2649.8000,2650.0000,2651.0000,1,1,2,1,1,1,1,1,1,5
SF,IH2009,2020-04-10 09:33:24.100,2647.2000,10397,0,82659900.000,0,-,-,-,-,2646.8000,2646.4000,2646.2000,2646.0000,2645.4000,2648.0000,2648.2000,2649.8000,2650.0000,2651.0000,1,1,2,1,1,1,1,1,1,5
SF,IH2009,2020-04-10 09:33:24.600,2648.0000,10397,0,83454300.000,1,0,1,多换,S,2647.0000,2646.8000,2646.4000,2646.2000,2646.0000,2648.2000,2649.8000,2650.0000,2651.0000,2652.0000,1,1,1,2,1,1,1,1,5,2
SF,IH2009,2020-04-10 09:33:25.100,2648.0000,10397,0,83454300.000,0,-,-,-,-,2646.4000,2646.2000,2646.0000,2645.4000,2645.2000,2648.0000,2648.2000,2649.8000,2650.0000,2651.0000,1,2,1,1,1,1,1,1,1,5
SF,IH2009,2020-04-10 09:33:25.600,2648.0000,10397,0,83454300.000,0,-,-,-,-,2647.0000,2646.6000,2646.4000,2646.2000,2646.0000,2648.2000,2649.8000,2650.0000,2651.0000,2652.0000,1,1,1,2,1,1,1,1,5,2
SF,IH2009,2020-04-10 09:33:26.100,2648.0000,10397,0,83454300.000,0,-,-,-,-,2647.0000,2646.4000,2646.2000,2646.0000,2645.4000,2648.2000,2649.8000,2650.0000,2651.0000,2652.0000,1,1,2,1,1,1,1,1,5,2
SF,IH2009,2020-04-10 09:33:28.600,2648.0000,10397,0,83454300.000,0,-,-,-,-,2647.0000,2646.4000,2646.2000,2645.4000,2645.2000,2648.2000,2649.8000,2650.0000,2651.0000,2652.0000,1,1,2,1,1,1,1,1,5,2
SF,IH2009,2020-04-10 09:33:30.600,2648.0000,10397,0,83454300.000,0,-,-,-,-,2647.0000,2646.4000,2646.2000,2645.4000,2645.2000,2648.0000,2648.2000,2649.8000,2650.0000,2651.0000,1,1,2,1,1,1,1,1,1,5
SF,IH2009,2020-04-10 09:33:31.100,2648.0000,10397,0,83454300.000,0,-,-,-,-,2647.0000,2646.4000,2646.2000,2645.4000,2645.2000,2648.2000,2649.8000,2650.0000,2651.0000,2652.0000,1,1,2,1,1,1,1,1,5,2
SF,IH2009,2020-04-10 09:33:31.600,2648.0000,10397,0,83454300.000,0,-,-,-,-,2647.0000,2646.4000,2646.2000,2645.4000,2645.2000,2648.0000,2648.2000,2649.8000,2650.0000,2651.0000,1,1,2,1,1,1,1,1,1,5
SF,IH2009,2020-04-10 09:33:32.100,2648.0000,10397,0,83454300.000,0,-,-,-,-,2647.0000,2646.4000,2646.2000,2645.4000,2645.2000,2648.2000,2649.8000,2650.0000,2651.0000,2652.0000,1,1,2,1,1,1,1,1,5,2
SF,IH2009,2020-04-10 09:33:32.600,2648.0000,10397,0,83454300.000,0,-,-,-,-,2647.0000,2646.4000,2646.2000,2645.4000,2645.2000,2648.0000,2648.2000,2649.8000,2650.0000,2651.0000,1,1,2,1,1,1,1,1,1,5
SF,IH2009,2020-04-10 09:33:33.100,2648.0000,10397,0,83454300.000,0,-,-,-,-,2647.4000,2646.4000,2646.2000,2645.4000,2645.2000,2648.2000,2649.8000,2650.0000,2651.0000,2652.0000,1,1,2,1,1,1,1,1,5,2
SF,IH2009,2020-04-10 09:33:33.600,2648.0000,10397,0,83454300.000,0,-,-,-,-,2647.4000,2646.4000,2646.2000,2645.4000,2645.2000,2648.0000,2648.2000,2649.8000,2650.0000,2651.0000,1,1,2,1,1,1,1,1,1,5
SF,IH2009,2020-04-10 09:33:34.100,2647.4000,10396,-1,84248520.000,1,0,1,双平,S,2646.4000,2646.2000,2645.4000,2645.2000,2645.0000,2647.4000,2648.2000,2649.8000,2650.0000,2651.0000,1,2,1,1,1,1,1,1,1,5
SF,IH2009,2020-04-10 09:33:34.600,2647.4000,10396,0,84248520.000,0,-,-,-,-,2646.6000,2646.2000,2645.4000,2645.2000,2645.0000,2647.4000,2648.2000,2648.6000,2649.8000,2650.0000,2,2,1,1,1,1,1,1,1,1
SF,IH2009,2020-04-10 09:33:35.100,2647.4000,10396,0,84248520.000,0,-,-,-,-,2646.6000,2646.2000,2645.4000,2645.2000,2645.0000,2647.4000,2648.2000,2648.6000,2649.8000,2650.0000,1,2,1,1,1,1,1,1,1,1
SF,IH2009,2020-04-10 09:33:37.600,2647.4000,10396,0,84248520.000,0,-,-,-,-,2646.6000,2646.2000,2645.4000,2645.2000,2645.0000,2647.4000,2648.2000,2648.6000,2649.8000,2650.0000,1,2,1,1,1,1,1,1,1,1
SF,IH2009,2020-04-10 09:33:38.100,2647.4000,10396,0,84248520.000,0,-,-,-,-,2646.6000,2646.2000,2645.4000,2645.2000,2645.0000,2647.4000,2648.2000,2648.6000,2649.8000,2650.0000,1,2,1,1,1,1,1,1,1,1
SF,IH2009,2020-04-10 09:33:44.100,2647.4000,10396,0,84248520.000,0,-,-,-,-,2646.8000,2646.6000,2646.2000,2645.4000,2645.2000,2647.4000,2648.2000,2648.6000,2649.8000,2650.0000,1,1,2,1,1,1,1,1,1,1
SF,IH2009,2020-04-10 09:33:44.600,2647.4000,10396,0,85042740.000,1,0,1,多换,S,2646.8000,2646.6000,2646.2000,2645.4000,2645.2000,2648.2000,2648.6000,2649.4000,2649.8000,2650.0000,1,1,2,1,1,1,1,1,1,1
SF,IH2009,2020-04-10 09:33:45.100,2647.4000,10396,0,85042740.000,0,-,-,-,-,2646.8000,2646.6000,2646.2000,2645.4000,2645.2000,2648.0000,2648.2000,2648.6000,2649.4000,2649.8000,1,1,2,1,1,1,1,1,1,1
SF,IH2009,2020-04-10 09:33:45.600,2647.4000,10396,0,85042740.000,0,-,-,-,-,2646.8000,2646.6000,2646.2000,2645.4000,2645.2000,2647.8000,2648.2000,2648.6000,2649.4000,2649.8000,1,1,2,1,1,1,1,1,1,1
SF,IH2009,2020-04-10 09:33:46.100,2647.4000,10396,0,85042740.000,0,-,-,-,-,2646.8000,2646.6000,2646.2000,2645.4000,2645.2000,2648.2000,2648.6000,2649.4000,2649.8000,2650.0000,1,1,2,1,1,1,1,1,1,1
SF,IH2009,2020-04-10 09:33:46.600,2647.4000,10396,0,85042740.000,0,-,-,-,-,2646.8000,2646.6000,2646.2000,2645.4000,2645.2000,2648.0000,2648.2000,2648.6000,2649.4000,2649.8000,1,1,2,1,1,1,1,1,1,1
SF,IH2009,2020-04-10 09:33:47.100,2647.4000,10396,0,85042740.000,0,-,-,-,-,2646.8000,2646.6000,2646.2000,2645.4000,2645.2000,2647.8000,2648.2000,2648.6000,2649.4000,2649.8000,1,1,2,1,1,1,1,1,1,1
SF,IH2009,2020-04-10 09:33:47.600,2647.4000,10396,0,85042740.000,0,-,-,-,-,2646.8000,2646.6000,2646.2000,2645.4000,2645.2000,2647.6000,2648.2000,2648.6000,2649.4000,2649.8000,1,1,2,1,1,1,1,1,1,1
SF,IH2009,2020-04-10 09:33:48.100,2647.4000,10396,0,85042740.000,0,-,-,-,-,2646.8000,2646.6000,2646.2000,2645.4000,2645.2000,2648.2000,2648.6000,2649.4000,2649.8000,2650.0000,1,1,2,1,1,1,1,1,1,1
SF,IH2009,2020-04-10 09:33:48.600,2646.8000,10395,-1,85836780.000,1,0,1,双平,S,2646.6000,2646.2000,2645.4000,2645.2000,2645.0000,2648.0000,2648.2000,2648.6000,2649.4000,2649.8000,1,2,1,1,1,2,1,1,1,1
SF,IH2009,2020-04-10 09:33:49.100,2646.8000,10395,0,85836780.000,0,-,-,-,-,2646.2000,2645.4000,2645.2000,2645.0000,2644.0000,2647.8000,2648.0000,2648.6000,2649.4000,2649.8000,2,1,1,1,2,1,3,1,1,1
SF,IH2009,2020-04-10 09:33:49.600,2646.8000,10395,0,85836780.000,0,-,-,-,-,2646.2000,2645.4000,2645.2000,2645.0000,2644.2000,2647.6000,2647.8000,2648.0000,2648.6000,2649.4000,2,1,1,1,1,2,1,1,1,1
SF,IH2009,2020-04-10 09:33:50.100,2646.8000,10395,0,85836780.000,0,-,-,-,-,2646.2000,2645.4000,2645.2000,2645.0000,2644.2000,2647.4000,2647.6000,2648.0000,2648.6000,2649.4000,2,1,1,1,1,1,3,1,1,1
SF,IH2009,2020-04-10 09:33:50.600,2646.8000,10395,0,85836780.000,0,-,-,-,-,2645.4000,2645.2000,2645.0000,2644.2000,2644.0000,2647.2000,2647.4000,2647.6000,2648.0000,2648.6000,1,1,1,1,2,1,2,2,1,1
SF,IH2009,2020-04-10 09:33:51.100,2646.8000,10395,0,85836780.000,0,-,-,-,-,2645.6000,2645.4000,2645.2000,2645.0000,2644.2000,2646.6000,2647.0000,2647.2000,2647.6000,2648.6000,1,1,1,1,1,1,3,1,1,1
SF,IH2009,2020-04-10 09:33:51.600,2646.8000,10395,0,85836780.000,0,-,-,-,-,2645.8000,2645.6000,2645.4000,2645.2000,2645.0000,2646.6000,2647.0000,2648.6000,2650.0000,2651.0000,1,2,1,1,1,1,1,1,1,4
SF,IH2009,2020-04-10 09:33:52.100,2646.6000,10394,-1,86630760.000,1,0,1,双平,S,2645.6000,2645.4000,2645.2000,2645.0000,2644.2000,2648.6000,2650.0000,2651.0000,2651.6000,2652.0000,1,1,1,1,1,1,1,4,1,2
SF,IH2009,2020-04-10 09:33:52.600,2646.6000,10394,0,86630760.000,0,-,-,-,-,2645.8000,2645.6000,2645.4000,2645.2000,2645.0000,2648.4000,2648.6000,2650.0000,2651.0000,2651.6000,2,1,1,1,2,1,3,2,4,1
SF,IH2009,2020-04-10 09:33:53.100,2646.6000,10394,0,86630760.000,0,-,-,-,-,2646.0000,2645.8000,2645.4000,2645.2000,2645.0000,2648.2000,2648.4000,2648.6000,2650.0000,2651.0000,1,2,1,1,2,1,2,3,2,4
SF,IH2009,2020-04-10 09:33:53.600,2646.6000,10394,0,86630760.000,0,-,-,-,-,2646.2000,2646.0000,2645.8000,2645.4000,2645.2000,2648.0000,2648.2000,2648.4000,2648.6000,2650.0000,1,1,1,1,1,1,2,1,3,2
SF,IH2009,2020-04-10 09:33:54.100,2646.6000,10394,0,86630760.000,0,-,-,-,-,2646.2000,2646.0000,2645.4000,2645.2000,2645.0000,2647.8000,2648.0000,2648.2000,2648.4000,2648.6000,1,1,1,1,2,3,1,1,1,3
SF,IH2009,2020-04-10 09:33:54.600,2646.6000,10394,0,86630760.000,0,-,-,-,-,2646.2000,2646.0000,2645.4000,2645.2000,2645.0000,2647.6000,2647.8000,2648.2000,2648.4000,2648.6000,1,1,1,1,2,1,3,1,1,3
SF,IH2009,2020-04-10 09:33:55.100,2646.6000,10394,0,86630760.000,0,-,-,-,-,2646.2000,2646.0000,2645.4000,2645.2000,2645.0000,2647.4000,2647.6000,2647.8000,2648.2000,2648.4000,1,1,1,1,2,2,1,2,1,1
SF,IH2009,2020-04-10 09:33:55.600,2646.6000,10394,0,86630760.000,0,-,-,-,-,2646.0000,2645.4000,2645.2000,2645.0000,2644.2000,2647.4000,2647.6000,2647.8000,2648.2000,2648.4000,1,1,1,2,1,2,1,2,1,1
SF,IH2009,2020-04-10 09:33:56.100,2646.6000,10394,0,86630760.000,0,-,-,-,-,2646.2000,2645.4000,2645.2000,2645.0000,2644.2000,2647.4000,2647.6000,2647.8000,2648.2000,2648.4000,1,1,1,2,1,2,1,1,1,1
SF,IH2009,2020-04-10 09:33:57.100,2645.4000,10394,0,88218240.000,2,1,1,多换,S,2645.2000,2645.0000,2644.2000,2644.0000,2643.0000,2647.4000,2647.6000,2647.8000,2648.2000,2648.4000,1,2,1,2,1,2,1,1,1,1
SF,IH2009,2020-04-10 09:33:57.600,2645.4000,10394,0,88218240.000,0,-,-,-,-,2645.4000,2645.2000,2645.0000,2644.2000,2644.0000,2647.2000,2647.4000,2647.8000,2648.4000,2648.6000,2,1,2,1,2,1,1,1,1,3
SF,IH2009,2020-04-10 09:33:58.100,2645.4000,10394,0,88218240.000,0,-,-,-,-,2645.6000,2645.4000,2645.2000,2645.0000,2644.2000,2647.0000,2647.2000,2647.4000,2648.4000,2648.6000,1,2,1,2,1,3,1,1,1,3
SF,IH2009,2020-04-10 09:33:58.600,2645.4000,10394,0,88218240.000,0,-,-,-,-,2645.4000,2645.2000,2645.0000,2644.2000,2644.0000,2647.0000,2647.2000,2647.4000,2648.4000,2648.6000,2,1,2,1,2,3,1,1,1,3
SF,IH2009,2020-04-10 09:33:59.100,2645.4000,10394,0,88218240.000,0,-,-,-,-,2645.4000,2645.2000,2645.0000,2644.2000,2644.0000,2646.8000,2647.0000,2647.4000,2648.4000,2648.6000,2,1,2,1,2,1,3,1,1,3
SF,IH2009,2020-04-10 09:33:59.600,2645.4000,10394,0,88218240.000,0,-,-,-,-,2645.4000,2645.2000,2645.0000,2644.2000,2644.0000,2646.8000,2647.0000,2647.4000,2648.4000,2648.6000,2,1,2,1,2,1,2,1,1,3
SF,IH2009,2020-04-10 09:34:00.100,2645.4000,10394,0,88218240.000,0,-,-,-,-,2646.4000,2645.4000,2645.2000,2645.0000,2644.2000,2646.8000,2647.0000,2647.4000,2648.4000,2648.6000,1,2,1,2,1,1,2,1,1,3
SF,IH2009,2020-04-10 09:34:01.100,2645.4000,10393,-1,89805780.000,2,0,2,多平,S,2645.4000,2645.2000,2645.0000,2644.2000,2644.0000,2646.6000,2646.8000,2647.0000,2647.4000,2648.4000,1,1,2,1,2,1,1,2,1,1
SF,IH2009,2020-04-10 09:34:01.600,2645.4000,10393,0,89805780.000,0,-,-,-,-,2645.6000,2645.4000,2645.2000,2645.0000,2644.2000,2646.6000,2647.0000,2647.4000,2648.6000,2650.0000,1,1,1,2,1,1,1,1,3,1
SF,IH2009,2020-04-10 09:34:02.100,2645.4000,10393,0,89805780.000,0,-,-,-,-,2645.4000,2645.2000,2645.0000,2644.2000,2644.0000,2646.6000,2647.0000,2647.4000,2648.6000,2650.0000,1,1,2,1,2,1,1,1,3,1
SF,IH2009,2020-04-10 09:34:02.600,2645.4000,10393,0,89805780.000,0,-,-,-,-,2645.6000,2645.2000,2645.0000,2644.2000,2644.0000,2646.6000,2647.0000,2647.4000,2648.6000,2650.0000,2,1,2,1,2,1,1,1,3,1
SF,IH2009,2020-04-10 09:34:03.100,2645.4000,10393,0,89805780.000,0,-,-,-,-,2645.6000,2645.2000,2645.0000,2644.2000,2644.0000,2646.6000,2647.0000,2647.4000,2648.6000,2650.0000,1,1,2,1,2,1,1,1,3,1
SF,IH2009,2020-04-10 09:34:03.600,2645.4000,10393,0,89805780.000,0,-,-,-,-,2645.2000,2645.0000,2644.2000,2644.0000,2643.0000,2646.6000,2647.0000,2647.4000,2648.6000,2650.0000,1,2,1,2,1,1,1,1,3,1
SF,IH2009,2020-04-10 09:34:04.100,2645.4000,10393,0,89805780.000,0,-,-,-,-,2645.4000,2645.2000,2645.0000,2644.2000,2644.0000,2646.4000,2646.6000,2647.0000,2648.6000,2650.0000,2,2,2,1,2,1,1,1,3,1
SF,IH2009,2020-04-10 09:34:04.600,2645.4000,10393,0,89805780.000,0,-,-,-,-,2645.2000,2645.0000,2644.2000,2644.0000,2643.0000,2646.4000,2646.6000,2647.0000,2648.6000,2650.0000,2,2,1,2,1,1,1,1,3,1
SF,IH2009,2020-04-10 09:34:05.100,2645.4000,10393,0,89805780.000,0,-,-,-,-,2645.2000,2645.0000,2644.2000,2644.0000,2643.0000,2646.4000,2646.6000,2647.0000,2648.6000,2650.0000,1,2,1,2,1,1,1,1,3,1
SF,IH2009,2020-04-10 09:34:08.100,2646.4000,10392,-1,90599700.000,1,0,1,双平,S,2646.4000,2645.2000,2645.0000,2644.2000,2644.0000,2646.6000,2647.0000,2648.6000,2650.0000,2651.0000,1,1,2,1,2,1,1,3,1,4
SF,IH2009,2020-04-10 09:34:08.600,2646.4000,10391,-1,91393620.000,1,0,1,双平,S,2645.2000,2645.0000,2644.2000,2644.0000,2643.0000,2646.2000,2646.4000,2646.6000,2647.0000,2648.6000,1,2,1,2,1,6,3,1,1,3
SF,IH2009,2020-04-10 09:34:09.100,2646.4000,10391,0,91393620.000,0,-,-,-,-,2645.2000,2645.0000,2644.2000,2644.0000,2643.0000,2646.2000,2646.4000,2646.6000,2648.6000,2650.0000,1,2,1,2,1,7,1,1,2,1
SF,IH2009,2020-04-10 09:34:09.600,2646.4000,10391,0,91393620.000,0,-,-,-,-,2645.2000,2645.0000,2644.2000,2644.0000,2643.0000,2646.2000,2646.4000,2646.6000,2647.4000,2648.6000,1,2,1,2,1,7,1,1,1,2
SF,IH2009,2020-04-10 09:34:10.100,2646.4000,10391,0,91393620.000,0,-,-,-,-,2645.2000,2645.0000,2644.2000,2644.0000,2643.0000,2646.2000,2646.4000,2646.6000,2647.4000,2648.6000,1,2,1,2,1,1,1,1,1,2
SF,IH2009,2020-04-10 09:34:11.600,2646.4000,10391,0,91393620.000,0,-,-,-,-,2645.2000,2645.0000,2644.2000,2644.0000,2643.0000,2646.0000,2646.2000,2646.4000,2646.6000,2647.4000,2,2,1,2,1,1,1,1,1,1
SF,IH2009,2020-04-10 09:34:12.100,2646.4000,10391,0,91393620.000,0,-,-,-,-,2645.2000,2645.0000,2644.2000,2644.0000,2643.2000,2646.0000,2646.2000,2646.4000,2646.6000,2647.4000,2,2,1,2,1,1,1,1,1,1
SF,IH2009,2020-04-10 09:34:12.600,2646.4000,10391,0,91393620.000,0,-,-,-,-,2645.2000,2645.0000,2644.2000,2644.0000,2643.2000,2646.0000,2646.2000,2646.4000,2647.4000,2648.6000,2,2,1,2,1,1,1,1,1,2
SF,IH2009,2020-04-10 09:34:13.100,2646.4000,10391,0,91393620.000,0,-,-,-,-,2645.2000,2645.0000,2644.2000,2644.0000,2643.2000,2645.8000,2646.0000,2646.2000,2646.4000,2647.4000,2,2,1,2,1,1,1,1,1,1
SF,IH2009,2020-04-10 09:34:13.600,2646.4000,10391,0,91393620.000,0,-,-,-,-,2645.2000,2645.0000,2644.2000,2644.0000,2643.2000,2645.8000,2646.2000,2646.4000,2647.4000,2648.6000,12,2,1,2,1,1,1,1,1,2
SF,IH2009,2020-04-10 09:34:14.100,2645.2000,10390,-1,94567860.000,4,1,3,多平,S,2645.2000,2645.0000,2644.2000,2644.0000,2643.2000,2645.8000,2646.0000,2646.2000,2646.4000,2647.4000,8,2,1,2,1,3,1,1,1,1
SF,IH2009,2020-04-10 09:34:14.600,2645.0000,10395,5,102503340.000,10,7,3,空开,S,2644.2000,2644.0000,2643.2000,2643.0000,2642.8000,2645.2000,2645.6000,2645.8000,2646.0000,2646.2000,1,2,1,1,1,6,1,3,1,1
SF,IH2009,2020-04-10 09:34:15.100,2645.0000,10395,0,102503340.000,0,-,-,-,-,2645.0000,2644.4000,2644.2000,2644.0000,2643.2000,2645.2000,2645.8000,2646.2000,2646.4000,2647.4000,1,1,1,2,1,6,1,1,1,1
SF,IH2009,2020-04-10 09:34:15.600,2645.2000,10389,-6,107264700.000,6,0,6,双平,S,2645.0000,2644.2000,2644.0000,2643.2000,2643.0000,2645.8000,2646.2000,2646.4000,2647.4000,2648.6000,1,1,2,1,1,1,1,1,1,2
SF,IH2009,2020-04-10 09:34:16.100,2645.8000,10388,-1,108058440.000,1,0,1,双平,S,2645.0000,2644.2000,2644.0000,2643.2000,2643.0000,2646.2000,2646.4000,2647.4000,2648.6000,2649.4000,1,1,2,1,1,1,1,1,2,1
SF,IH2009,2020-04-10 09:34:16.600,2645.8000,10388,0,108058440.000,0,-,-,-,-,2645.0000,2644.2000,2644.0000,2643.2000,2643.0000,2646.0000,2646.2000,2646.4000,2647.4000,2648.2000,1,1,2,1,1,1,2,1,1,1
SF,IH2009,2020-04-10 09:34:17.100,2645.8000,10388,0,108058440.000,0,-,-,-,-,2645.0000,2644.2000,2644.0000,2643.2000,2643.0000,2646.2000,2646.4000,2647.4000,2648.2000,2648.6000,1,1,3,1,1,2,1,1,1,2
SF,IH2009,2020-04-10 09:34:19.100,2645.8000,10388,0,108058440.000,0,-,-,-,-,2645.2000,2645.0000,2644.2000,2644.0000,2643.2000,2646.2000,2646.4000,2647.4000,2648.2000,2648.6000,1,1,1,3,1,2,1,1,1,2
SF,IH2009,2020-04-10 09:34:19.600,2645.8000,10388,0,108058440.000,0,-,-,-,-,2645.0000,2644.2000,2644.0000,2643.2000,2643.0000,2646.2000,2646.4000,2647.4000,2648.2000,2648.6000,1,1,3,1,1,2,1,1,1,2
SF,IH2009,2020-04-10 09:34:21.100,2645.8000,10388,0,108058440.000,0,-,-,-,-,2645.0000,2644.2000,2644.0000,2643.2000,2643.0000,2646.2000,2646.4000,2647.4000,2648.2000,2648.6000,1,1,3,1,1,2,1,1,1,2
SF,IH2009,2020-04-10 09:34:27.100,2645.0000,10389,1,108851940.000,1,1,0,双开,S,2644.2000,2644.0000,2643.2000,2643.0000,2642.8000,2646.2000,2646.4000,2647.4000,2648.2000,2648.6000,1,3,1,1,1,2,1,1,1,2
SF,IH2009,2020-04-10 09:34:27.600,2645.0000,10389,0,108851940.000,0,-,-,-,-,2644.4000,2644.2000,2644.0000,2643.2000,2643.0000,2646.0000,2646.2000,2646.4000,2647.4000,2648.2000,2,1,3,1,1,3,2,1,1,1
SF,IH2009,2020-04-10 09:34:28.100,2645.0000,10389,0,108851940.000,0,-,-,-,-,2644.6000,2644.4000,2644.2000,2644.0000,2643.2000,2646.0000,2646.2000,2646.4000,2647.4000,2648.2000,1,1,1,3,1,3,2,1,1,1
SF,IH2009,2020-04-10 09:34:28.600,2645.0000,10389,0,108851940.000,0,-,-,-,-,2644.6000,2644.2000,2644.0000,2643.2000,2643.0000,2646.0000,2646.2000,2646.4000,2647.4000,2648.2000,1,1,3,1,1,3,2,1,1,1
SF,IH2009,2020-04-10 09:34:29.100,2645.0000,10389,0,108851940.000,0,-,-,-,-,2644.2000,2644.0000,2643.2000,2643.0000,2642.8000,2646.0000,2646.2000,2646.4000,2647.4000,2648.2000,1,3,1,1,1,3,2,1,1,1
SF,IH2009,2020-04-10 09:34:29.600,2645.0000,10389,0,108851940.000,0,-,-,-,-,2644.4000,2644.2000,2644.0000,2643.2000,2643.0000,2646.0000,2646.2000,2646.4000,2647.4000,2648.2000,2,2,3,1,1,2,2,1,1,1
SF,IH2009,2020-04-10 09:34:30.100,2645.0000,10389,0,108851940.000,0,-,-,-,-,2644.4000,2644.2000,2644.0000,2643.2000,2643.0000,2646.0000,2646.2000,2646.4000,2647.4000,2648.2000,2,1,3,1,1,1,2,1,1,1
SF,IH2009,2020-04-10 09:34:30.600,2645.0000,10389,0,108851940.000,0,-,-,-,-,2644.4000,2644.2000,2644.0000,2643.2000,2643.0000,2646.0000,2646.2000,2646.4000,2647.4000,2648.2000,3,1,3,1,1,1,1,1,1,1
SF,IH2009,2020-04-10 09:34:31.100,2645.0000,10389,0,108851940.000,0,-,-,-,-,2644.4000,2644.2000,2644.0000,2643.2000,2643.0000,2646.0000,2646.2000,2646.4000,2647.4000,2648.2000,3,1,3,1,1,1,1,1,1,1
SF,IH2009,2020-04-10 09:34:31.600,2645.0000,10389,0,108851940.000,0,-,-,-,-,2644.4000,2644.2000,2644.0000,2643.2000,2643.0000,2646.0000,2646.2000,2646.4000,2647.4000,2648.2000,3,1,3,1,1,1,1,1,1,1
SF,IH2009,2020-04-10 09:34:34.100,2645.0000,10389,0,108851940.000,0,-,-,-,-,2644.4000,2644.2000,2644.0000,2643.2000,2643.0000,2646.0000,2646.2000,2646.4000,2647.4000,2648.2000,3,1,3,1,1,1,1,1,1,1
SF,IH2009,2020-04-10 09:34:39.100,2645.0000,10389,0,108851940.000,0,-,-,-,-,2644.4000,2644.2000,2644.0000,2643.2000,2643.0000,2645.8000,2646.0000,2646.2000,2646.4000,2647.4000,3,1,3,1,1,1,1,1,1,1
SF,IH2009,2020-04-10 09:34:39.600,2645.0000,10389,0,108851940.000,0,-,-,-,-,2644.4000,2644.2000,2644.0000,2643.2000,2643.0000,2646.0000,2646.2000,2646.4000,2647.4000,2648.6000,3,1,3,1,1,1,1,1,1,2
SF,IH2009,2020-04-10 09:34:40.100,2645.0000,10389,0,108851940.000,0,-,-,-,-,2644.4000,2644.2000,2644.0000,2643.2000,2643.0000,2645.8000,2646.0000,2646.2000,2646.4000,2647.4000,3,1,3,1,1,2,1,1,1,1
SF,IH2009,2020-04-10 09:34:40.600,2645.0000,10389,0,108851940.000,0,-,-,-,-,2644.8000,2644.4000,2644.2000,2644.0000,2643.2000,2645.8000,2646.0000,2646.2000,2646.4000,2647.4000,1,1,1,3,1,2,1,1,1,1
SF,IH2009,2020-04-10 09:34:41.100,2644.8000,10388,-1,109645380.000,1,0,1,双平,S,2644.2000,2644.0000,2643.2000,2643.0000,2642.8000,2645.8000,2646.2000,2646.4000,2647.4000,2648.6000,1,3,1,1,1,2,1,1,1,2
SF,IH2009,2020-04-10 09:34:41.600,2644.8000,10388,0,109645380.000,0,-,-,-,-,2644.4000,2644.2000,2644.0000,2643.2000,2643.0000,2645.8000,2646.2000,2646.4000,2647.4000,2648.6000,1,1,3,1,1,2,1,1,1,2
SF,IH2009,2020-04-10 09:34:42.100,2644.8000,10388,0,109645380.000,0,-,-,-,-,2644.2000,2644.0000,2643.2000,2643.0000,2642.8000,2645.8000,2646.0000,2646.2000,2646.4000,2647.4000,1,3,1,1,1,3,1,1,1,1
SF,IH2009,2020-04-10 09:34:42.600,2644.8000,10388,0,109645380.000,0,-,-,-,-,2644.2000,2644.0000,2643.2000,2643.0000,2642.8000,2645.8000,2646.2000,2646.4000,2647.4000,2648.6000,1,3,1,1,1,3,1,1,1,2
SF,IH2009,2020-04-10 09:34:43.100,2644.8000,10388,0,109645380.000,0,-,-,-,-,2644.2000,2644.0000,2643.2000,2643.0000,2642.8000,2645.8000,2646.2000,2646.4000,2647.4000,2648.6000,1,3,1,1,1,2,1,1,1,2
SF,IH2009,2020-04-10 09:34:44.600,2644.8000,10388,0,109645380.000,0,-,-,-,-,2644.4000,2644.2000,2644.0000,2643.2000,2643.0000,2645.8000,2646.2000,2646.4000,2647.4000,2648.6000,1,1,3,1,1,2,1,1,1,2
SF,IH2009,2020-04-10 09:34:45.100,2644.8000,10388,0,109645380.000,0,-,-,-,-,2644.6000,2644.2000,2644.0000,2643.2000,2643.0000,2645.8000,2646.2000,2646.4000,2647.4000,2648.6000,1,1,3,1,1,2,1,1,1,2
SF,IH2009,2020-04-10 09:34:45.600,2644.8000,10388,0,109645380.000,0,-,-,-,-,2644.2000,2644.0000,2643.2000,2643.0000,2642.8000,2645.8000,2646.2000,2646.4000,2647.4000,2648.6000,1,3,1,1,1,2,1,1,1,2
SF,IH2009,2020-04-10 09:34:46.600,2644.8000,10388,0,109645380.000,0,-,-,-,-,2644.4000,2644.2000,2644.0000,2643.2000,2643.0000,2645.8000,2646.2000,2646.4000,2647.4000,2648.6000,1,1,3,1,1,2,1,1,1,2
SF,IH2009,2020-04-10 09:34:47.100,2644.8000,10388,0,109645380.000,0,-,-,-,-,2644.2000,2644.0000,2643.2000,2643.0000,2642.8000,2645.8000,2646.2000,2646.4000,2647.4000,2648.6000,1,3,1,1,1,2,1,1,1,2
SF,IH2009,2020-04-10 09:34:48.100,2644.8000,10388,0,109645380.000,0,-,-,-,-,2644.2000,2644.0000,2643.2000,2643.0000,2642.8000,2644.6000,2645.8000,2646.2000,2646.4000,2647.4000,1,3,1,1,1,1,2,1,1,1
SF,IH2009,2020-04-10 09:34:48.600,2644.6000,10388,0,110438760.000,1,0,1,多换,S,2644.8000,2644.6000,2644.0000,2643.2000,2643.0000,2645.8000,2646.2000,2646.4000,2648.6000,2649.4000,2,1,3,1,1,1,1,1,2,1
SF,IH2009,2020-04-10 09:34:49.100,2644.6000,10388,0,110438760.000,0,-,-,-,-,2644.8000,2644.6000,2644.0000,2643.2000,2643.0000,2645.8000,2646.2000,2646.4000,2647.8000,2648.6000,2,1,3,1,1,1,1,1,1,2
SF,IH2009,2020-04-10 09:34:55.100,2644.8000,10388,0,112025940.000,2,1,1,多换,S,2644.6000,2644.0000,2643.2000,2643.0000,2642.8000,2646.2000,2646.4000,2647.8000,2648.6000,2649.4000,1,3,1,1,1,1,1,1,2,1
SF,IH2009,2020-04-10 09:34:55.600,2644.8000,10388,0,112025940.000,0,-,-,-,-,2644.8000,2644.6000,2644.0000,2643.2000,2643.0000,2646.2000,2646.4000,2647.8000,2648.6000,2649.4000,1,2,3,1,1,1,1,1,2,1
SF,IH2009,2020-04-10 09:34:56.100,2644.8000,10388,0,112025940.000,0,-,-,-,-,2644.6000,2644.0000,2643.2000,2643.0000,2642.8000,2646.2000,2646.4000,2647.8000,2648.6000,2649.4000,2,3,1,1,1,1,1,1,2,1
SF,IH2009,2020-04-10 09:34:56.600,2644.8000,10388,0,112025940.000,0,-,-,-,-,2644.8000,2644.6000,2644.0000,2643.2000,2643.0000,2646.0000,2646.2000,2646.4000,2647.8000,2648.6000,1,2,3,1,1,2,1,1,1,2
SF,IH2009,2020-04-10 09:34:57.100,2644.8000,10388,0,112025940.000,0,-,-,-,-,2644.6000,2644.0000,2643.2000,2643.0000,2642.8000,2646.0000,2646.2000,2646.4000,2647.8000,2648.6000,2,3,1,1,1,2,1,1,1,2
SF,IH2009,2020-04-10 09:34:58.100,2644.8000,10388,0,112025940.000,0,-,-,-,-,2644.6000,2644.0000,2643.2000,2643.0000,2642.8000,2646.0000,2646.2000,2646.4000,2647.8000,2648.6000,1,3,1,1,1,2,1,1,1,2
SF,IH2009,2020-04-10 09:34:58.600,2644.8000,10388,0,112025940.000,0,-,-,-,-,2644.0000,2643.2000,2643.0000,2642.8000,2641.2000,2646.0000,2646.2000,2646.4000,2647.8000,2648.6000,3,1,1,1,1,2,1,1,1,2
SF,IH2009,2020-04-10 09:34:59.100,2644.8000,10388,0,112025940.000,0,-,-,-,-,2644.2000,2644.0000,2643.2000,2643.0000,2642.8000,2645.8000,2646.0000,2646.2000,2646.4000,2647.8000,1,3,1,1,1,1,2,1,1,1
SF,IH2009,2020-04-10 09:34:59.600,2644.8000,10388,0,112025940.000,0,-,-,-,-,2644.4000,2644.0000,2643.2000,2643.0000,2642.8000,2645.8000,2646.0000,2646.2000,2646.4000,2647.8000,1,3,1,1,1,1,1,1,1,1
SF,IH2009,2020-04-10 09:35:00.100,2644.8000,10388,0,112025940.000,0,-,-,-,-,2644.0000,2643.2000,2643.0000,2642.8000,2641.2000,2645.8000,2646.0000,2646.2000,2646.4000,2647.8000,3,1,1,1,1,1,1,1,1,1
SF,IH2009,2020-04-10 09:35:00.600,2644.8000,10388,0,112025940.000,0,-,-,-,-,2644.2000,2644.0000,2643.2000,2643.0000,2642.8000,2645.6000,2645.8000,2646.2000,2646.4000,2647.8000,2,3,1,1,1,1,1,1,1,1
SF,IH2009,2020-04-10 09:35:01.100,2644.8000,10388,0,112025940.000,0,-,-,-,-,2644.4000,2644.2000,2644.0000,2643.2000,2643.0000,2645.6000,2645.8000,2646.2000,2646.4000,2647.8000,1,2,3,1,1,1,1,1,1,1
SF,IH2009,2020-04-10 09:35:01.600,2644.8000,10388,0,112025940.000,0,-,-,-,-,2644.6000,2644.4000,2644.2000,2644.0000,2643.2000,2645.8000,2646.2000,2646.4000,2647.8000,2648.6000,1,1,1,3,1,1,1,1,1,2
SF,IH2009,2020-04-10 09:35:02.100,2644.8000,10387,-1,112819380.000,1,0,1,双平,S,2644.2000,2644.0000,2643.2000,2643.0000,2642.8000,2646.2000,2646.4000,2647.8000,2648.6000,2649.4000,1,3,1,1,1,1,1,1,2,1
SF,IH2009,2020-04-10 09:35:02.600,2644.8000,10387,0,112819380.000,0,-,-,-,-,2644.2000,2644.0000,2643.2000,2643.0000,2642.8000,2646.0000,2646.2000,2646.4000,2647.8000,2648.6000,1,3,1,1,1,4,1,1,1,2
SF,IH2009,2020-04-10 09:35:03.100,2644.8000,10387,0,112819380.000,0,-,-,-,-,2644.2000,2644.0000,2643.2000,2643.0000,2642.8000,2645.8000,2646.0000,2646.2000,2646.4000,2647.8000,1,3,1,1,1,1,4,1,1,1
SF,IH2009,2020-04-10 09:35:03.600,2644.8000,10387,0,112819380.000,0,-,-,-,-,2644.4000,2644.2000,2644.0000,2643.2000,2643.0000,2645.6000,2645.8000,2646.0000,2646.2000,2646.4000,1,1,3,1,1,1,1,2,1,1
SF,IH2009,2020-04-10 09:35:04.100,2644.8000,10387,0,112819380.000,0,-,-,-,-,2644.0000,2643.2000,2643.0000,2642.8000,2641.2000,2645.6000,2645.8000,2646.0000,2646.2000,2646.4000,3,1,1,1,1,1,1,2,1,1
SF,IH2009,2020-04-10 09:35:04.600,2644.8000,10387,0,112819380.000,0,-,-,-,-,2644.2000,2644.0000,2643.2000,2643.0000,2642.8000,2645.6000,2645.8000,2646.0000,2646.2000,2646.4000,1,3,1,1,1,1,1,2,1,1
SF,IH2009,2020-04-10 09:35:05.100,2644.8000,10387,0,112819380.000,0,-,-,-,-,2644.4000,2644.0000,2643.2000,2643.0000,2642.8000,2645.6000,2645.8000,2646.0000,2646.2000,2646.4000,1,3,1,1,1,1,1,2,1,1
SF,IH2009,2020-04-10 09:35:05.600,2644.8000,10387,0,112819380.000,0,-,-,-,-,2644.0000,2643.2000,2643.0000,2642.8000,2641.2000,2645.6000,2646.0000,2646.2000,2646.4000,2647.8000,3,1,1,1,1,1,2,1,1,1
SF,IH2009,2020-04-10 09:35:06.100,2644.8000,10387,0,112819380.000,0,-,-,-,-,2644.2000,2644.0000,2643.2000,2643.0000,2642.8000,2645.6000,2646.0000,2646.2000,2646.4000,2647.8000,1,4,1,1,1,1,2,1,1,1
SF,IH2009,2020-04-10 09:35:06.600,2644.8000,10387,0,112819380.000,0,-,-,-,-,2644.4000,2644.0000,2643.2000,2643.0000,2642.8000,2645.6000,2646.0000,2646.2000,2646.4000,2647.8000,1,4,1,1,1,1,2,1,1,1
SF,IH2009,2020-04-10 09:35:07.100,2644.8000,10387,0,112819380.000,0,-,-,-,-,2644.0000,2643.2000,2643.0000,2642.8000,2641.2000,2645.4000,2645.6000,2646.0000,2646.2000,2646.4000,4,1,1,1,1,1,1,2,1,1
SF,IH2009,2020-04-10 09:35:07.600,2644.8000,10387,0,112819380.000,0,-,-,-,-,2644.0000,2643.2000,2643.0000,2642.8000,2641.2000,2645.2000,2646.0000,2646.2000,2646.4000,2648.6000,4,1,1,1,1,1,2,1,1,2
SF,IH2009,2020-04-10 09:35:08.100,2644.8000,10387,0,112819380.000,0,-,-,-,-,2644.0000,2643.2000,2643.0000,2642.8000,2641.2000,2645.2000,2646.0000,2646.2000,2646.4000,2648.6000,4,1,1,1,1,1,2,1,1,2
SF,IH2009,2020-04-10 09:35:09.100,2644.8000,10387,0,112819380.000,0,-,-,-,-,2644.0000,2643.2000,2643.0000,2642.8000,2641.2000,2645.2000,2646.0000,2646.2000,2646.4000,2648.6000,3,1,1,1,1,1,2,1,1,2
SF,IH2009,2020-04-10 09:35:09.600,2644.8000,10387,0,112819380.000,0,-,-,-,-,2644.0000,2643.2000,2643.0000,2642.8000,2642.0000,2645.0000,2645.2000,2646.0000,2646.2000,2646.4000,3,1,1,1,1,1,1,2,1,1
SF,IH2009,2020-04-10 09:35:10.100,2644.0000,10386,-1,115198980.000,3,1,2,多平,S,2643.2000,2643.0000,2642.8000,2642.0000,2641.2000,2644.8000,2646.0000,2646.2000,2646.4000,2648.6000,1,1,1,1,1,2,1,1,1,2
SF,IH2009,2020-04-10 09:35:10.600,2644.0000,10386,0,115198980.000,0,-,-,-,-,2643.2000,2643.0000,2642.8000,2642.0000,2641.2000,2644.8000,2645.0000,2646.0000,2646.2000,2646.4000,1,1,1,1,1,2,1,1,1,1
SF,IH2009,2020-04-10 09:35:11.100,2644.0000,10386,0,115198980.000,0,-,-,-,-,2643.2000,2643.0000,2642.8000,2642.0000,2641.2000,2644.6000,2644.8000,2646.0000,2646.2000,2646.4000,1,1,1,1,1,1,3,1,1,1
SF,IH2009,2020-04-10 09:35:11.600,2644.0000,10386,0,115198980.000,0,-,-,-,-,2643.2000,2643.0000,2642.0000,2641.2000,2640.2000,2644.4000,2644.8000,2646.0000,2646.2000,2646.4000,1,1,1,1,1,1,2,1,1,1
SF,IH2009,2020-04-10 09:35:12.100,2644.0000,10386,0,115198980.000,0,-,-,-,-,2643.2000,2643.0000,2642.0000,2641.2000,2640.2000,2644.8000,2646.0000,2646.2000,2646.4000,2648.6000,1,1,1,1,1,2,1,1,1,1
SF,IH2009,2020-04-10 09:35:12.600,2644.0000,10386,0,115198980.000,0,-,-,-,-,2643.2000,2643.0000,2642.0000,2641.2000,2640.2000,2644.6000,2644.8000,2646.0000,2646.2000,2646.4000,1,1,1,1,1,1,2,1,1,1
SF,IH2009,2020-04-10 09:35:13.100,2643.2000,10386,0,115991940.000,1,0,1,多换,S,2643.0000,2642.0000,2641.2000,2640.2000,2640.0000,2644.4000,2644.8000,2646.0000,2646.2000,2646.4000,1,1,1,1,3,2,1,1,1,1
SF,IH2009,2020-04-10 09:35:13.600,2643.2000,10386,0,115991940.000,0,-,-,-,-,2643.0000,2642.0000,2641.2000,2640.2000,2640.0000,2644.4000,2644.8000,2646.0000,2646.2000,2646.4000,1,1,1,1,3,3,1,1,1,1
SF,IH2009,2020-04-10 09:35:14.600,2643.2000,10386,0,115991940.000,0,-,-,-,-,2643.0000,2642.0000,2641.2000,2640.2000,2640.0000,2644.4000,2644.8000,2646.0000,2646.2000,2646.4000,2,1,1,1,3,3,1,1,1,1
SF,IH2009,2020-04-10 09:35:17.600,2643.2000,10386,0,115991940.000,0,-,-,-,-,2643.0000,2642.0000,2641.2000,2640.2000,2640.0000,2644.2000,2644.4000,2644.8000,2646.0000,2646.2000,2,1,1,1,3,1,3,1,1,1
SF,IH2009,2020-04-10 09:35:18.100,2643.2000,10386,0,115991940.000,0,-,-,-,-,2643.0000,2642.0000,2641.2000,2640.2000,2640.0000,2644.2000,2644.4000,2644.8000,2646.0000,2646.2000,2,1,1,1,3,1,2,1,1,1
SF,IH2009,2020-04-10 09:35:18.600,2643.2000,10386,0,115991940.000,0,-,-,-,-,2643.0000,2642.0000,2641.2000,2640.2000,2640.0000,2644.0000,2644.2000,2644.4000,2644.8000,2646.0000,2,1,1,1,3,1,1,2,1,1
SF,IH2009,2020-04-10 09:35:19.100,2643.2000,10386,0,115991940.000,0,-,-,-,-,2643.0000,2642.0000,2641.2000,2640.2000,2640.0000,2644.2000,2644.4000,2644.8000,2646.0000,2646.2000,2,1,1,1,3,1,2,1,1,1
SF,IH2009,2020-04-10 09:35:20.100,2643.2000,10386,0,115991940.000,0,-,-,-,-,2643.0000,2642.0000,2641.2000,2640.2000,2640.0000,2644.2000,2644.4000,2646.0000,2646.2000,2648.6000,2,1,1,1,3,1,2,1,1,6
SF,IH2009,2020-04-10 09:35:20.600,2643.2000,10386,0,115991940.000,0,-,-,-,-,2643.2000,2643.0000,2642.0000,2641.2000,2640.8000,2644.4000,2646.0000,2646.2000,2648.6000,2649.4000,1,2,1,1,1,1,1,1,6,1
SF,IH2009,2020-04-10 09:35:21.100,2643.2000,10386,0,115991940.000,0,-,-,-,-,2643.0000,2642.0000,2641.2000,2640.8000,2640.2000,2644.4000,2646.0000,2646.2000,2648.6000,2649.4000,2,1,1,1,1,1,1,1,6,1
SF,IH2009,2020-04-10 09:35:21.600,2643.2000,10386,0,115991940.000,0,-,-,-,-,2643.2000,2643.0000,2642.0000,2641.2000,2640.8000,2644.4000,2646.0000,2646.2000,2648.6000,2649.4000,1,2,1,1,1,1,1,1,6,1
SF,IH2009,2020-04-10 09:35:22.100,2643.2000,10386,0,115991940.000,0,-,-,-,-,2643.0000,2642.0000,2641.2000,2640.8000,2640.2000,2644.4000,2646.0000,2646.2000,2648.6000,2649.4000,2,1,1,1,1,1,1,1,6,1
SF,IH2009,2020-04-10 09:35:22.600,2643.2000,10386,0,115991940.000,0,-,-,-,-,2643.2000,2643.0000,2642.0000,2641.2000,2640.8000,2644.4000,2646.0000,2646.2000,2648.6000,2649.4000,1,2,1,1,2,1,1,1,6,1
SF,IH2009,2020-04-10 09:35:23.100,2643.2000,10386,0,115991940.000,0,-,-,-,-,2643.0000,2642.0000,2641.2000,2640.8000,2640.2000,2644.2000,2644.4000,2646.0000,2646.2000,2648.6000,2,1,1,2,1,2,1,1,1,6
SF,IH2009,2020-04-10 09:35:23.600,2643.2000,10386,0,115991940.000,0,-,-,-,-,2643.2000,2643.0000,2642.0000,2641.2000,2640.8000,2644.2000,2644.4000,2646.0000,2646.2000,2648.6000,1,2,1,1,2,2,1,1,1,6
SF,IH2009,2020-04-10 09:35:25.100,2643.2000,10386,0,115991940.000,0,-,-,-,-,2643.2000,2643.0000,2642.0000,2641.2000,2640.8000,2644.2000,2644.4000,2646.0000,2646.2000,2648.6000,1,2,1,1,2,1,1,1,1,6
SF,IH2009,2020-04-10 09:35:25.600,2643.2000,10386,0,115991940.000,0,-,-,-,-,2643.2000,2643.0000,2642.0000,2641.2000,2640.8000,2644.2000,2644.4000,2646.0000,2646.2000,2648.6000,1,2,1,1,2,1,1,1,1,6
SF,IH2009,2020-04-10 09:35:27.100,2643.2000,10386,0,115991940.000,0,-,-,-,-,2643.2000,2643.0000,2642.0000,2641.2000,2640.8000,2644.4000,2646.0000,2646.2000,2648.6000,2649.4000,1,2,1,1,2,1,1,1,6,1
SF,IH2009,2020-04-10 09:35:27.600,2643.2000,10386,0,115991940.000,0,-,-,-,-,2643.2000,2643.0000,2642.0000,2641.2000,2640.8000,2644.4000,2646.0000,2646.2000,2648.6000,2649.4000,1,3,1,1,2,1,1,1,6,1
SF,IH2009,2020-04-10 09:35:28.100,2643.2000,10386,0,115991940.000,0,-,-,-,-,2643.2000,2643.0000,2642.0000,2641.2000,2640.8000,2644.0000,2644.4000,2646.0000,2646.2000,2648.6000,1,3,1,1,2,2,1,1,1,6
SF,IH2009,2020-04-10 09:35:29.600,2644.0000,10386,0,116785140.000,1,0,1,多换,S,2643.2000,2643.0000,2642.0000,2641.2000,2640.8000,2644.0000,2644.4000,2646.0000,2646.2000,2648.6000,1,2,1,1,2,1,1,1,1,6
SF,IH2009,2020-04-10 09:35:30.100,2644.0000,10385,-1,117578340.000,1,0,1,双平,S,2643.2000,2643.0000,2642.0000,2641.2000,2640.8000,2644.4000,2646.0000,2646.2000,2648.6000,2649.4000,1,2,1,1,2,1,1,1,6,1
SF,IH2009,2020-04-10 09:35:30.600,2644.0000,10385,0,117578340.000,0,-,-,-,-,2643.2000,2643.0000,2642.0000,2640.8000,2640.2000,2644.4000,2646.0000,2646.2000,2648.6000,2649.4000,1,2,1,2,1,1,1,1,6,1
SF,IH2009,2020-04-10 09:35:33.100,2644.4000,10384,-1,118371660.000,1,0,1,双平,S,2643.2000,2643.0000,2642.0000,2640.8000,2640.2000,2646.0000,2646.2000,2648.6000,2649.4000,2650.0000,1,2,1,2,1,1,1,6,1,2
SF,IH2009,2020-04-10 09:35:33.600,2644.4000,10383,-1,119164980.000,1,0,1,双平,S,2643.2000,2643.0000,2642.0000,2640.8000,2640.2000,2645.8000,2646.0000,2646.2000,2648.6000,2649.4000,1,2,1,2,1,3,3,1,6,1
SF,IH2009,2020-04-10 09:35:34.100,2644.4000,10383,0,119164980.000,0,-,-,-,-,2643.2000,2643.0000,2642.0000,2640.8000,2640.2000,2645.4000,2645.6000,2645.8000,2646.0000,2646.2000,2,2,1,2,1,1,1,3,2,1
SF,IH2009,2020-04-10 09:35:34.600,2644.4000,10383,0,119164980.000,0,-,-,-,-,2643.2000,2643.0000,2642.0000,2640.8000,2640.2000,2645.2000,2645.4000,2646.0000,2646.2000,2648.6000,2,2,1,2,1,4,1,2,1,6
SF,IH2009,2020-04-10 09:35:35.100,2644.4000,10383,0,119164980.000,0,-,-,-,-,2643.4000,2643.2000,2643.0000,2642.0000,2640.8000,2645.0000,2645.2000,2646.0000,2646.2000,2648.6000,1,2,2,1,2,2,3,2,1,6
SF,IH2009,2020-04-10 09:35:35.600,2644.4000,10383,0,119164980.000,0,-,-,-,-,2643.6000,2643.2000,2643.0000,2642.0000,2640.8000,2644.8000,2645.0000,2645.2000,2646.0000,2646.2000,1,1,2,1,2,2,1,1,2,1
SF,IH2009,2020-04-10 09:35:36.100,2643.8000,10382,-1,119958120.000,1,0,1,双平,S,2643.2000,2643.0000,2642.0000,2640.8000,2640.2000,2643.6000,2644.8000,2645.2000,2646.0000,2646.2000,1,2,1,2,1,1,2,1,2,1
SF,IH2009,2020-04-10 09:35:36.600,2643.6000,10381,-1,120751200.000,1,0,1,双平,S,2643.2000,2643.0000,2642.0000,2640.8000,2640.2000,2644.8000,2645.2000,2646.0000,2648.6000,2649.4000,1,2,1,2,1,4,1,2,6,1
SF,IH2009,2020-04-10 09:35:37.100,2643.6000,10381,0,120751200.000,0,-,-,-,-,2643.2000,2643.0000,2642.0000,2640.8000,2640.2000,2644.6000,2644.8000,2645.2000,2646.0000,2648.6000,1,2,1,2,1,2,3,1,2,6
SF,IH2009,2020-04-10 09:35:37.600,2643.2000,10380,-1,121544160.000,1,0,1,双平,S,2643.0000,2642.0000,2640.8000,2640.2000,2640.0000,2643.2000,2644.4000,2644.6000,2644.8000,2645.2000,2,1,2,1,3,2,2,2,1,1
SF,IH2009,2020-04-10 09:35:38.100,2643.2000,10378,-2,123130080.000,2,0,2,双平,S,2643.4000,2643.2000,2643.0000,2642.0000,2640.8000,2643.6000,2644.4000,2644.6000,2644.8000,2645.2000,2,1,2,1,2,1,2,1,1,1
SF,IH2009,2020-04-10 09:35:38.600,2643.2000,10378,0,123130080.000,0,-,-,-,-,2643.4000,2643.2000,2643.0000,2642.0000,2640.8000,2644.4000,2644.6000,2644.8000,2645.2000,2646.0000,2,1,2,1,2,2,1,1,1,2
SF,IH2009,2020-04-10 09:35:39.100,2643.2000,10378,0,123130080.000,0,-,-,-,-,2643.4000,2643.2000,2643.0000,2642.0000,2640.8000,2644.2000,2644.4000,2644.8000,2645.2000,2646.0000,2,1,2,1,2,3,2,1,1,2
SF,IH2009,2020-04-10 09:35:39.600,2643.2000,10378,0,123130080.000,0,-,-,-,-,2643.4000,2643.2000,2643.0000,2642.0000,2640.8000,2644.2000,2644.4000,2644.8000,2645.2000,2646.0000,2,1,2,1,2,1,1,1,1,2
SF,IH2009,2020-04-10 09:35:40.100,2643.4000,10376,-2,124716120.000,2,0,2,双平,S,2643.2000,2643.0000,2642.0000,2641.2000,2640.8000,2644.0000,2644.2000,2644.4000,2644.8000,2645.2000,1,2,1,1,2,1,1,1,1,1
SF,IH2009,2020-04-10 09:35:40.600,2643.4000,10376,0,124716120.000,0,-,-,-,-,2643.2000,2643.0000,2642.0000,2641.2000,2640.8000,2644.2000,2644.4000,2644.8000,2645.2000,2646.0000,1,2,1,1,2,1,1,1,1,2
SF,IH2009,2020-04-10 09:35:41.100,2643.4000,10376,0,124716120.000,0,-,-,-,-,2643.2000,2643.0000,2642.0000,2641.2000,2640.8000,2644.4000,2644.8000,2645.2000,2646.0000,2648.6000,1,2,1,1,2,1,1,1,2,6
SF,IH2009,2020-04-10 09:35:41.600,2643.4000,10376,0,124716120.000,0,-,-,-,-,2643.2000,2643.0000,2642.0000,2641.2000,2640.8000,2644.0000,2644.2000,2644.4000,2644.8000,2645.2000,1,2,1,1,2,1,1,1,1,1
SF,IH2009,2020-04-10 09:35:42.100,2643.4000,10376,0,124716120.000,0,-,-,-,-,2643.2000,2643.0000,2642.0000,2641.2000,2640.8000,2644.0000,2644.4000,2644.8000,2645.2000,2646.0000,1,2,1,1,2,1,1,1,1,2
SF,IH2009,2020-04-10 09:35:43.600,2643.2000,10375,-1,125509080.000,1,0,1,双平,S,2643.0000,2642.0000,2641.2000,2640.8000,2640.2000,2644.0000,2644.4000,2644.8000,2645.2000,2646.0000,2,1,1,2,1,1,1,1,1,2
SF,IH2009,2020-04-10 09:35:44.100,2643.2000,10375,0,125509080.000,0,-,-,-,-,2643.0000,2642.0000,2641.2000,2640.8000,2640.2000,2644.0000,2644.4000,2644.8000,2645.2000,2646.0000,2,1,1,2,1,1,1,1,1,2
SF,IH2009,2020-04-10 09:35:45.600,2643.2000,10375,0,125509080.000,0,-,-,-,-,2643.0000,2642.0000,2641.2000,2640.8000,2640.2000,2644.0000,2644.4000,2644.8000,2645.2000,2646.0000,2,1,1,2,1,1,1,1,1,2
SF,IH2009,2020-04-10 09:35:46.600,2643.0000,10376,1,126301980.000,1,1,0,双开,S,2643.0000,2642.0000,2641.2000,2640.8000,2640.2000,2644.0000,2644.4000,2644.8000,2645.2000,2646.0000,1,1,1,2,1,1,1,1,1,2
SF,IH2009,2020-04-10 09:35:47.100,2643.0000,10376,0,126301980.000,0,-,-,-,-,2643.0000,2642.0000,2641.2000,2640.8000,2640.2000,2644.0000,2644.4000,2644.8000,2645.2000,2646.0000,1,1,1,2,1,1,1,1,1,2
SF,IH2009,2020-04-10 09:35:47.600,2643.0000,10375,-1,127094880.000,1,0,1,双平,S,2642.0000,2641.2000,2640.8000,2640.2000,2640.0000,2643.8000,2644.0000,2644.4000,2644.8000,2645.2000,1,1,2,1,3,1,1,1,1,1
SF,IH2009,2020-04-10 09:35:48.100,2643.0000,10375,0,127094880.000,0,-,-,-,-,2643.2000,2642.2000,2642.0000,2641.2000,2640.8000,2643.6000,2644.8000,2646.0000,2648.2000,2648.6000,1,1,1,1,2,4,1,2,1,6
SF,IH2009,2020-04-10 09:35:48.600,2643.2000,10375,0,127887840.000,1,0,1,多换,S,2642.0000,2641.2000,2640.8000,2640.2000,2640.0000,2643.2000,2643.6000,2644.8000,2646.0000,2648.2000,1,1,2,1,3,2,2,1,2,1
SF,IH2009,2020-04-10 09:35:49.100,2643.2000,10375,0,127887840.000,0,-,-,-,-,2642.0000,2641.2000,2640.8000,2640.2000,2640.0000,2643.2000,2643.6000,2644.4000,2644.8000,2646.0000,1,1,2,1,4,2,1,1,1,2
SF,IH2009,2020-04-10 09:35:49.600,2643.2000,10375,0,127887840.000,0,-,-,-,-,2642.0000,2641.2000,2640.8000,2640.2000,2640.0000,2643.2000,2643.6000,2644.4000,2644.8000,2646.0000,2,1,2,1,4,2,1,1,1,2
SF,IH2009,2020-04-10 09:35:52.100,2643.2000,10375,0,127887840.000,0,-,-,-,-,2642.0000,2641.2000,2640.8000,2640.2000,2640.0000,2643.2000,2643.6000,2644.4000,2644.8000,2646.0000,2,1,2,1,4,2,1,1,1,2
SF,IH2009,2020-04-10 09:35:52.600,2643.2000,10375,0,127887840.000,0,-,-,-,-,2642.0000,2641.2000,2640.8000,2640.2000,2640.0000,2643.2000,2643.6000,2644.4000,2644.8000,2646.0000,1,1,2,1,4,2,1,1,1,2
SF,IH2009,2020-04-10 09:35:53.600,2643.2000,10375,0,127887840.000,0,-,-,-,-,2642.0000,2641.2000,2640.8000,2640.2000,2640.0000,2643.0000,2643.2000,2643.6000,2644.4000,2644.8000,1,1,2,1,4,1,2,1,1,1
SF,IH2009,2020-04-10 09:35:54.100,2643.2000,10375,0,127887840.000,0,-,-,-,-,2642.0000,2641.2000,2640.8000,2640.2000,2640.0000,2643.2000,2643.6000,2644.4000,2644.8000,2646.0000,1,1,2,1,4,2,1,1,1,2
SF,IH2009,2020-04-10 09:35:54.600,2643.2000,10375,0,127887840.000,0,-,-,-,-,2642.0000,2641.2000,2640.8000,2640.2000,2640.0000,2643.2000,2643.6000,2644.4000,2644.8000,2646.0000,1,1,2,1,4,2,1,1,1,2
SF,IH2009,2020-04-10 09:35:55.100,2643.2000,10375,0,127887840.000,0,-,-,-,-,2642.2000,2642.0000,2641.2000,2640.8000,2640.2000,2643.2000,2643.6000,2644.4000,2644.8000,2646.0000,2,1,1,2,1,2,1,1,1,2
SF,IH2009,2020-04-10 09:35:55.600,2643.2000,10375,0,127887840.000,0,-,-,-,-,2642.2000,2642.0000,2641.2000,2640.8000,2640.2000,2643.2000,2643.6000,2644.4000,2644.8000,2646.0000,2,1,1,2,1,2,1,1,1,2
SF,IH2009,2020-04-10 09:35:56.100,2643.2000,10375,0,127887840.000,0,-,-,-,-,2642.2000,2642.0000,2641.2000,2640.8000,2640.2000,2643.2000,2643.6000,2644.4000,2644.8000,2646.0000,2,1,1,2,1,2,1,1,1,2
SF,IH2009,2020-04-10 09:35:56.600,2643.2000,10375,0,127887840.000,0,-,-,-,-,2642.4000,2642.2000,2642.0000,2641.2000,2640.8000,2643.2000,2643.6000,2644.4000,2644.8000,2646.0000,1,2,1,1,2,2,1,1,1,2
SF,IH2009,2020-04-10 09:35:57.100,2643.2000,10375,0,127887840.000,0,-,-,-,-,2642.0000,2641.2000,2640.8000,2640.2000,2640.0000,2643.2000,2643.6000,2644.4000,2644.8000,2646.0000,1,1,2,1,3,2,1,1,1,2
SF,IH2009,2020-04-10 09:35:57.600,2643.2000,10375,0,127887840.000,0,-,-,-,-,2642.4000,2642.2000,2642.0000,2641.2000,2640.8000,2643.2000,2643.6000,2644.4000,2644.8000,2646.0000,1,1,1,1,2,2,1,1,1,2
SF,IH2009,2020-04-10 09:35:58.100,2643.2000,10375,0,127887840.000,0,-,-,-,-,2642.6000,2642.4000,2642.0000,2641.2000,2640.8000,2643.2000,2643.6000,2644.4000,2644.8000,2646.0000,1,1,1,1,2,2,1,1,1,2
SF,IH2009,2020-04-10 09:35:58.600,2643.2000,10375,0,127887840.000,0,-,-,-,-,2642.4000,2642.0000,2641.2000,2640.8000,2640.2000,2643.2000,2643.6000,2644.4000,2644.8000,2646.0000,1,1,1,2,1,2,1,1,1,2
SF,IH2009,2020-04-10 09:35:59.100,2643.2000,10375,0,127887840.000,0,-,-,-,-,2642.0000,2641.2000,2640.8000,2640.4000,2640.2000,2643.2000,2643.6000,2644.4000,2644.8000,2646.0000,1,1,2,1,1,2,1,1,1,2
SF,IH2009,2020-04-10 09:35:59.600,2643.2000,10375,0,127887840.000,0,-,-,-,-,2642.6000,2642.2000,2642.0000,2641.2000,2640.8000,2643.2000,2643.6000,2644.4000,2644.8000,2646.0000,1,1,1,1,2,2,1,1,1,2
SF,IH2009,2020-04-10 09:36:00.100,2643.2000,10375,0,127887840.000,0,-,-,-,-,2642.6000,2642.0000,2641.2000,2640.8000,2640.4000,2643.2000,2643.6000,2644.4000,2644.8000,2646.0000,1,1,1,2,1,2,1,1,1,2
SF,IH2009,2020-04-10 09:36:01.100,2642.6000,10374,-1,128680620.000,1,0,1,双平,S,2642.0000,2641.2000,2640.8000,2640.4000,2640.2000,2643.2000,2643.6000,2644.4000,2644.8000,2646.0000,1,1,2,1,1,2,1,1,1,2
SF,IH2009,2020-04-10 09:36:01.600,2642.6000,10374,0,128680620.000,0,-,-,-,-,2642.2000,2642.0000,2641.2000,2640.8000,2640.4000,2642.6000,2643.2000,2643.6000,2644.4000,2644.8000,1,1,1,2,1,1,2,1,1,1
SF,IH2009,2020-04-10 09:36:02.100,2642.2000,10374,0,129473280.000,1,0,1,多换,S,2642.0000,2641.2000,2640.8000,2640.4000,2640.2000,2642.6000,2643.2000,2643.6000,2644.4000,2644.8000,1,1,2,1,1,1,2,1,1,1
SF,IH2009,2020-04-10 09:36:02.600,2642.2000,10374,0,129473280.000,0,-,-,-,-,2642.4000,2642.0000,2641.2000,2640.8000,2640.4000,2643.2000,2643.6000,2644.4000,2644.8000,2646.0000,1,1,1,2,1,2,1,1,1,2
SF,IH2009,2020-04-10 09:36:03.100,2642.4000,10374,0,130266000.000,1,0,1,多换,S,2642.0000,2641.2000,2640.8000,2640.4000,2640.2000,2643.2000,2643.6000,2644.4000,2644.8000,2646.0000,1,1,2,1,1,2,1,1,1,2
SF,IH2009,2020-04-10 09:36:03.600,2642.4000,10374,0,130266000.000,0,-,-,-,-,2642.0000,2641.2000,2640.8000,2640.4000,2640.2000,2643.0000,2643.2000,2643.6000,2644.4000,2644.8000,1,1,2,1,1,1,3,1,1,1
SF,IH2009,2020-04-10 09:36:04.100,2642.4000,10374,0,130266000.000,0,-,-,-,-,2642.0000,2641.2000,2640.8000,2640.4000,2640.2000,2643.2000,2643.6000,2644.4000,2644.8000,2646.0000,1,1,2,1,1,2,1,1,1,2
