市场代码,合约代码,时间,最新,持仓,增仓,成交额,成交量,开仓,平仓,成交类型,方向,买一价,买二价,买三价,买四价,买五价,卖一价,卖二价,卖三价,卖四价,卖五价,买一量,买二量,买三量,买四量,买五量,卖一量,卖二量,卖三量,卖四量,卖五量
SF,IH2009,2020-05-14 09:29:00.400,2737.0000,12668,0,821100.000,1.000,-,-,-,-,2737.0000,2736.8000,2733.8000,2733.0000,2732.2000,2738.4000,2738.6000,2740.0000,2740.4000,2742.6000,1,1,1,1,1,4,1,1,1,1
SF,IH2009,2020-05-14 09:30:00.400,2735.6000,12668,0,3283920.000,3,1,2,多换,S,2733.8000,2733.0000,2732.2000,2731.2000,2730.8000,2736.0000,2736.6000,2736.8000,2737.0000,2737.8000,1,1,1,1,1,1,9,15,2,1
SF,IH2009,2020-05-14 09:30:00.900,2735.8000,12668,0,4104660.000,1,0,1,多换,S,2734.0000,2733.8000,2733.0000,2732.2000,2731.2000,2735.8000,2736.0000,2736.6000,2737.0000,2737.8000,1,1,1,1,1,2,5,9,2,1
SF,IH2009,2020-05-14 09:30:01.400,2735.8000,12668,0,4104660.000,0,-,-,-,-,2734.0000,2733.8000,2733.0000,2732.2000,2731.2000,2735.8000,2736.0000,2736.6000,2737.0000,2737.8000,1,1,1,1,1,2,3,1,1,1
SF,IH2009,2020-05-14 09:30:01.900,2735.8000,12668,0,4104660.000,0,-,-,-,-,2734.0000,2733.8000,2733.0000,2732.2000,2731.2000,2735.6000,2735.8000,2736.0000,2736.6000,2736.8000,1,1,1,1,1,1,2,3,1,5
SF,IH2009,2020-05-14 09:30:02.400,2734.2000,12667,-1,4924920.000,1,0,1,双平,S,2734.0000,2733.8000,2733.0000,2732.2000,2731.2000,2735.0000,2735.4000,2735.6000,2736.0000,2736.8000,1,1,1,1,1,1,2,2,2,5
SF,IH2009,2020-05-14 09:30:02.900,2733.8000,12666,-1,6565260.000,2,0,2,多平,S,2733.0000,2732.2000,2731.2000,2730.8000,2730.4000,2735.0000,2735.2000,2735.4000,2735.6000,2736.0000,1,1,1,1,1,2,1,2,1,2
SF,IH2009,2020-05-14 09:30:03.400,2733.8000,12666,0,6565260.000,0,-,-,-,-,2733.2000,2733.0000,2732.2000,2731.2000,2730.8000,2734.0000,2734.8000,2735.0000,2736.0000,2736.8000,2,1,1,1,1,1,3,2,2,5
SF,IH2009,2020-05-14 09:30:03.900,2734.0000,12665,-1,7385460.000,1,0,1,双平,S,2733.2000,2733.0000,2732.2000,2731.2000,2730.8000,2734.0000,2734.8000,2735.0000,2735.6000,2736.0000,2,1,1,1,1,1,3,1,7,2
SF,IH2009,2020-05-14 09:30:04.400,2734.0000,12665,0,7385460.000,0,-,-,-,-,2733.4000,2733.2000,2733.0000,2732.2000,2731.2000,2734.0000,2734.8000,2735.0000,2735.6000,2736.0000,2,1,2,1,1,1,3,1,7,2
SF,IH2009,2020-05-14 09:30:04.900,2733.2000,12664,-1,9845460.000,3,1,2,多平,S,2733.0000,2732.2000,2731.2000,2730.8000,2730.4000,2734.0000,2734.8000,2735.0000,2735.6000,2736.0000,2,1,1,1,1,1,3,1,7,2
SF,IH2009,2020-05-14 09:30:05.400,2733.2000,12664,0,9845460.000,0,-,-,-,-,2733.2000,2733.0000,2732.2000,2731.2000,2730.8000,2734.0000,2734.8000,2735.0000,2735.6000,2736.0000,1,2,1,1,1,1,3,1,7,2
SF,IH2009,2020-05-14 09:30:05.900,2733.2000,12663,-1,11485380.000,2,0,2,多平,S,2733.0000,2732.2000,2731.2000,2730.8000,2730.4000,2734.0000,2734.8000,2735.0000,2735.6000,2736.0000,2,1,1,1,1,1,3,1,7,2
SF,IH2009,2020-05-14 09:30:06.400,2733.2000,12663,0,11485380.000,0,-,-,-,-,2733.0000,2732.2000,2731.2000,2730.8000,2730.4000,2734.8000,2735.0000,2735.6000,2736.0000,2736.8000,2,1,1,1,1,3,1,7,2,5
SF,IH2009,2020-05-14 09:30:06.900,2733.2000,12663,0,11485380.000,0,-,-,-,-,2733.2000,2733.0000,2732.2000,2731.2000,2730.8000,2734.0000,2734.6000,2734.8000,2735.0000,2735.6000,1,2,1,1,1,1,1,3,1,7
SF,IH2009,2020-05-14 09:30:07.400,2733.2000,12663,0,11485380.000,0,-,-,-,-,2733.2000,2733.0000,2732.2000,2731.2000,2730.8000,2734.0000,2734.2000,2734.6000,2734.8000,2735.0000,1,2,1,1,1,1,1,1,3,1
SF,IH2009,2020-05-14 09:30:07.900,2733.2000,12663,0,11485380.000,0,-,-,-,-,2733.0000,2732.2000,2731.2000,2730.8000,2730.4000,2733.2000,2734.0000,2734.2000,2734.6000,2734.8000,2,1,1,1,1,6,1,1,1,3
SF,IH2009,2020-05-14 09:30:08.400,2733.0000,12661,-2,13125180.000,2,0,2,双平,S,2732.2000,2731.2000,2730.8000,2730.4000,2730.2000,2733.2000,2734.0000,2734.2000,2734.6000,2734.8000,1,1,1,1,2,6,1,1,1,3
SF,IH2009,2020-05-14 09:30:09.400,2731.2000,12663,2,14764200.000,2,2,0,双开,S,2730.8000,2730.4000,2730.2000,2730.0000,2729.6000,2731.2000,2733.2000,2734.0000,2734.2000,2734.6000,1,1,2,2,1,5,6,1,1,1
SF,IH2009,2020-05-14 09:30:09.900,2731.2000,12664,1,18861000.000,5,3,2,空开,S,2732.0000,2731.8000,2731.2000,2730.8000,2730.4000,2733.2000,2734.0000,2734.2000,2734.6000,2734.8000,2,2,1,1,1,6,1,1,1,3
SF,IH2009,2020-05-14 09:30:10.400,2732.8000,12660,-4,22958640.000,5,0,5,多平,S,2730.8000,2730.4000,2730.2000,2730.0000,2729.6000,2732.8000,2733.0000,2733.2000,2734.0000,2734.2000,1,1,2,2,1,5,4,6,1,1
SF,IH2009,2020-05-14 09:30:10.900,2730.8000,12660,0,23777880.000,1,0,1,多换,S,2732.0000,2731.0000,2730.4000,2730.2000,2730.0000,2732.6000,2733.0000,2733.2000,2734.0000,2734.2000,10,2,1,2,2,3,1,6,1,1
SF,IH2009,2020-05-14 09:30:11.400,2732.0000,12654,-6,31973880.000,10,2,8,多平,S,2731.0000,2730.4000,2730.2000,2730.0000,2729.6000,2732.4000,2732.6000,2733.0000,2733.2000,2734.0000,1,1,2,2,1,2,1,1,6,1
SF,IH2009,2020-05-14 09:30:11.900,2732.4000,12654,0,33613260.000,2,1,1,多换,S,2731.2000,2731.0000,2730.4000,2730.2000,2730.0000,2732.2000,2732.4000,2733.2000,2734.0000,2734.2000,1,1,1,2,2,2,1,6,1,1
SF,IH2009,2020-05-14 09:30:12.400,2732.2000,12654,0,34432920.000,1,0,1,多换,S,2731.4000,2731.2000,2730.4000,2730.2000,2730.0000,2733.2000,2734.0000,2734.2000,2734.6000,2735.0000,1,1,1,2,2,6,1,1,1,1
SF,IH2009,2020-05-14 09:30:12.900,2731.2000,12655,1,39349560.000,6,3,3,空开,S,2730.4000,2730.2000,2730.0000,2729.6000,2729.2000,2730.6000,2733.0000,2733.2000,2734.0000,2734.2000,1,2,2,1,1,1,4,6,1,1
SF,IH2009,2020-05-14 09:30:13.400,2730.6000,12655,0,40168740.000,1,0,1,多换,S,2731.6000,2730.6000,2730.4000,2730.2000,2730.0000,2733.0000,2733.2000,2734.0000,2734.2000,2735.6000,2,1,2,2,2,3,6,1,1,7
SF,IH2009,2020-05-14 09:30:13.900,2730.6000,12655,0,40168740.000,0,-,-,-,-,2731.8000,2731.6000,2730.6000,2730.4000,2730.2000,2732.4000,2732.8000,2733.0000,2733.2000,2734.0000,1,2,1,1,2,1,1,5,6,1
SF,IH2009,2020-05-14 09:30:14.400,2732.4000,12654,-1,40988460.000,1,0,1,双平,S,2731.6000,2730.6000,2730.4000,2730.2000,2730.0000,2732.8000,2733.0000,2733.2000,2734.0000,2734.2000,2,1,1,2,2,1,4,6,1,1
SF,IH2009,2020-05-14 09:30:14.900,2732.4000,12654,0,40988460.000,0,-,-,-,-,2731.8000,2731.6000,2730.6000,2730.4000,2730.2000,2732.6000,2733.0000,2733.2000,2734.0000,2734.2000,2,2,1,1,2,1,1,6,1,1
SF,IH2009,2020-05-14 09:30:15.400,2732.4000,12654,0,40988460.000,0,-,-,-,-,2732.0000,2731.8000,2731.6000,2730.6000,2730.4000,2733.0000,2733.2000,2734.0000,2734.2000,2735.6000,1,1,2,1,1,1,6,1,1,7
SF,IH2009,2020-05-14 09:30:15.900,2732.4000,12654,0,40988460.000,0,-,-,-,-,2732.0000,2731.6000,2730.6000,2730.4000,2730.2000,2733.0000,2733.2000,2734.0000,2734.2000,2735.6000,1,2,1,1,2,1,6,1,1,7
SF,IH2009,2020-05-14 09:30:16.400,2732.0000,12654,0,41808060.000,1,0,1,多换,S,2731.6000,2730.6000,2730.4000,2730.2000,2730.0000,2733.0000,2733.2000,2734.0000,2734.2000,2735.6000,2,1,1,2,2,1,6,1,1,7
SF,IH2009,2020-05-14 09:30:16.900,2732.0000,12654,0,41808060.000,0,-,-,-,-,2731.8000,2731.6000,2730.6000,2730.4000,2730.2000,2732.8000,2733.2000,2734.0000,2734.2000,2735.6000,1,2,1,1,2,1,6,1,1,7
SF,IH2009,2020-05-14 09:30:17.400,2732.8000,12655,1,42627900.000,1,1,0,双开,S,2731.8000,2731.6000,2730.6000,2730.4000,2730.2000,2733.2000,2734.0000,2734.2000,2735.6000,2738.4000,1,2,1,1,2,6,1,1,7,5
SF,IH2009,2020-05-14 09:30:17.900,2733.2000,12655,0,47547660.000,6,3,3,多换,S,2732.2000,2732.0000,2731.8000,2731.6000,2730.4000,2734.0000,2735.6000,2738.4000,2739.8000,2745.0000,1,1,1,3,1,1,7,5,5,1
SF,IH2009,2020-05-14 09:30:18.400,2733.2000,12655,0,47547660.000,0,-,-,-,-,2732.4000,2732.0000,2731.6000,2730.4000,2730.2000,2734.0000,2735.6000,2738.4000,2739.8000,2745.0000,5,1,3,1,2,1,7,5,5,1
SF,IH2009,2020-05-14 09:30:18.900,2733.2000,12655,0,47547660.000,0,-,-,-,-,2732.4000,2732.0000,2731.6000,2731.2000,2730.4000,2735.6000,2738.4000,2739.8000,2745.0000,2751.0000,3,1,3,1,1,7,5,5,1,1
SF,IH2009,2020-05-14 09:30:19.400,2733.2000,12655,0,47547660.000,0,-,-,-,-,2733.8000,2732.6000,2732.4000,2732.0000,2731.6000,2735.4000,2735.6000,2738.4000,2739.8000,2745.0000,1,1,2,1,3,2,7,5,5,1
SF,IH2009,2020-05-14 09:30:19.900,2733.8000,12654,-1,48367800.000,1,0,1,双平,S,2732.4000,2732.0000,2731.6000,2731.2000,2730.4000,2734.2000,2735.2000,2735.4000,2735.6000,2738.4000,2,1,3,1,1,1,6,2,8,5
SF,IH2009,2020-05-14 09:30:20.400,2733.8000,12654,0,48367800.000,0,-,-,-,-,2732.8000,2732.4000,2732.0000,2731.6000,2731.2000,2735.2000,2735.4000,2735.6000,2738.4000,2739.8000,1,2,1,3,1,1,2,8,5,5
SF,IH2009,2020-05-14 09:30:20.900,2733.8000,12654,0,48367800.000,0,-,-,-,-,2733.0000,2732.0000,2731.6000,2731.2000,2730.4000,2734.2000,2735.0000,2735.2000,2735.6000,2738.4000,2,1,3,1,1,1,2,1,8,5
SF,IH2009,2020-05-14 09:30:21.400,2733.8000,12654,0,48367800.000,0,-,-,-,-,2733.2000,2733.0000,2732.0000,2731.6000,2731.2000,2735.0000,2735.6000,2738.4000,2739.8000,2745.0000,1,1,1,4,1,2,8,5,5,1
SF,IH2009,2020-05-14 09:30:21.900,2733.8000,12654,0,48367800.000,0,-,-,-,-,2733.4000,2732.0000,2731.6000,2731.2000,2730.4000,2734.8000,2735.0000,2735.6000,2738.4000,2739.8000,2,1,4,1,1,1,2,8,5,5
SF,IH2009,2020-05-14 09:30:22.400,2733.8000,12654,0,48367800.000,0,-,-,-,-,2733.4000,2732.0000,2731.6000,2731.2000,2730.4000,2734.2000,2734.6000,2735.6000,2738.4000,2739.8000,1,1,4,1,1,1,3,8,5,5
SF,IH2009,2020-05-14 09:30:22.900,2733.8000,12654,0,48367800.000,0,-,-,-,-,2732.0000,2731.6000,2731.2000,2730.4000,2730.2000,2734.6000,2735.6000,2738.4000,2739.8000,2745.0000,1,4,1,1,2,2,8,5,5,1
SF,IH2009,2020-05-14 09:30:23.400,2733.8000,12654,0,48367800.000,0,-,-,-,-,2732.2000,2732.0000,2731.6000,2731.2000,2730.4000,2734.2000,2734.6000,2735.6000,2738.4000,2739.8000,2,1,4,1,1,2,2,8,5,5
SF,IH2009,2020-05-14 09:30:23.900,2733.8000,12654,0,48367800.000,0,-,-,-,-,2732.6000,2732.4000,2732.2000,2732.0000,2731.6000,2734.2000,2734.6000,2735.6000,2738.4000,2739.8000,1,3,2,1,3,1,2,8,5,5
SF,IH2009,2020-05-14 09:30:24.400,2733.8000,12654,0,48367800.000,0,-,-,-,-,2732.8000,2732.4000,2732.2000,2732.0000,2731.6000,2733.4000,2734.6000,2735.6000,2738.4000,2739.8000,4,1,1,1,3,1,2,8,5,5
SF,IH2009,2020-05-14 09:30:24.900,2733.4000,12652,-2,50007840.000,2,0,2,双平,S,2733.0000,2732.8000,2732.4000,2732.0000,2731.6000,2734.6000,2735.6000,2738.4000,2739.8000,2745.0000,1,2,1,1,3,2,8,5,5,1
SF,IH2009,2020-05-14 09:30:25.400,2733.4000,12652,0,50007840.000,0,-,-,-,-,2733.2000,2733.0000,2732.8000,2732.4000,2732.0000,2733.4000,2734.4000,2734.6000,2735.6000,2738.4000,1,1,1,1,1,1,1,2,8,5
SF,IH2009,2020-05-14 09:30:25.900,2732.8000,12650,-2,52467600.000,3,0,3,多平,S,2733.4000,2732.4000,2732.0000,2731.6000,2731.2000,2734.4000,2734.6000,2735.6000,2738.4000,2739.8000,1,1,2,3,2,1,2,8,5,5
SF,IH2009,2020-05-14 09:30:26.400,2732.8000,12650,0,52467600.000,0,-,-,-,-,2733.4000,2732.4000,2732.0000,2731.6000,2731.2000,2734.2000,2734.4000,2735.6000,2738.4000,2739.8000,1,1,2,3,2,2,2,8,5,5
SF,IH2009,2020-05-14 09:30:26.900,2732.8000,12650,0,52467600.000,0,-,-,-,-,2733.4000,2732.4000,2732.0000,2731.6000,2731.2000,2734.2000,2734.4000,2735.6000,2738.4000,2739.8000,1,1,2,3,2,2,1,8,5,5
SF,IH2009,2020-05-14 09:30:27.900,2732.8000,12650,0,52467600.000,0,-,-,-,-,2733.4000,2732.4000,2732.0000,2731.6000,2731.2000,2734.2000,2735.6000,2738.4000,2739.8000,2745.0000,1,1,2,3,2,2,8,5,5,1
SF,IH2009,2020-05-14 09:30:28.400,2732.8000,12650,0,52467600.000,0,-,-,-,-,2733.4000,2732.4000,2732.0000,2731.6000,2731.2000,2734.0000,2734.2000,2735.6000,2738.4000,2739.8000,1,1,2,3,2,1,3,8,5,5
SF,IH2009,2020-05-14 09:30:28.900,2732.8000,12650,0,52467600.000,0,-,-,-,-,2733.4000,2732.4000,2732.0000,2731.6000,2731.2000,2734.0000,2734.2000,2735.6000,2738.4000,2739.8000,1,1,2,3,2,1,2,8,5,5
SF,IH2009,2020-05-14 09:30:29.900,2732.8000,12650,0,52467600.000,0,-,-,-,-,2733.4000,2733.0000,2732.4000,2732.0000,2731.6000,2734.0000,2734.2000,2735.6000,2738.4000,2739.8000,1,1,1,2,3,1,2,8,5,5
SF,IH2009,2020-05-14 09:30:30.400,2733.8000,12649,-1,53287740.000,1,0,1,双平,S,2733.4000,2733.0000,2732.4000,2732.0000,2731.6000,2734.0000,2734.2000,2735.6000,2738.4000,2739.8000,1,1,1,2,3,2,1,8,5,5
SF,IH2009,2020-05-14 09:30:30.900,2733.8000,12649,0,53287740.000,0,-,-,-,-,2733.4000,2733.0000,2732.4000,2732.0000,2731.6000,2734.0000,2735.6000,2738.4000,2739.8000,2745.0000,1,1,1,2,3,1,8,5,5,1
SF,IH2009,2020-05-14 09:30:31.900,2733.8000,12649,0,53287740.000,0,-,-,-,-,2733.4000,2733.0000,2732.4000,2732.0000,2731.6000,2734.0000,2734.2000,2735.6000,2738.4000,2739.8000,1,1,1,3,3,1,1,8,5,5
SF,IH2009,2020-05-14 09:30:32.400,2733.8000,12649,0,53287740.000,0,-,-,-,-,2733.4000,2733.0000,2732.4000,2732.0000,2731.6000,2734.0000,2735.6000,2738.4000,2739.8000,2745.0000,1,1,1,3,3,1,8,5,5,1
SF,IH2009,2020-05-14 09:30:32.900,2733.8000,12649,0,53287740.000,0,-,-,-,-,2733.6000,2733.4000,2733.0000,2732.0000,2731.6000,2734.0000,2735.6000,2738.4000,2739.8000,2745.0000,1,1,1,3,3,1,8,5,5,1
SF,IH2009,2020-05-14 09:30:33.400,2733.8000,12649,0,53287740.000,0,-,-,-,-,2733.6000,2733.4000,2733.0000,2732.0000,2731.6000,2734.0000,2734.2000,2735.6000,2738.4000,2739.8000,1,1,1,3,3,1,1,8,5,5
SF,IH2009,2020-05-14 09:30:33.900,2733.6000,12648,-1,54107820.000,1,0,1,双平,S,2733.4000,2733.0000,2732.0000,2731.6000,2731.2000,2734.0000,2735.6000,2738.4000,2739.8000,2745.0000,1,1,3,3,1,1,8,5,5,1
SF,IH2009,2020-05-14 09:30:35.400,2734.0000,12648,0,54928020.000,1,0,1,多换,S,2733.4000,2733.0000,2732.0000,2731.6000,2730.4000,2735.6000,2738.4000,2739.8000,2745.0000,2751.0000,1,1,3,3,1,8,5,5,1,1
SF,IH2009,2020-05-14 09:30:35.900,2734.0000,12648,0,54928020.000,0,-,-,-,-,2733.6000,2733.4000,2733.0000,2732.0000,2731.6000,2735.4000,2735.6000,2738.4000,2739.8000,2745.0000,1,1,2,3,3,10,8,5,5,1
SF,IH2009,2020-05-14 09:30:36.400,2734.0000,12648,0,54928020.000,0,-,-,-,-,2733.6000,2733.4000,2733.0000,2732.0000,2731.6000,2734.2000,2734.8000,2735.2000,2735.4000,2735.6000,1,1,2,3,3,2,1,2,10,7
SF,IH2009,2020-05-14 09:30:36.900,2733.6000,12647,-1,55748100.000,1,0,1,双平,S,2733.0000,2732.0000,2731.6000,2730.4000,2730.2000,2733.6000,2734.2000,2734.8000,2735.0000,2735.2000,2,3,3,1,2,1,2,1,1,2
SF,IH2009,2020-05-14 09:30:37.400,2733.6000,12647,0,55748100.000,0,-,-,-,-,2733.6000,2733.0000,2732.0000,2731.6000,2730.4000,2734.0000,2734.2000,2734.8000,2735.0000,2735.2000,1,2,3,3,1,1,2,1,1,2
SF,IH2009,2020-05-14 09:30:37.900,2733.6000,12647,0,56568180.000,1,0,1,多换,S,2733.6000,2733.0000,2732.0000,2731.6000,2730.4000,2734.0000,2734.2000,2734.8000,2735.0000,2735.2000,3,2,3,3,1,1,2,1,1,2
SF,IH2009,2020-05-14 09:30:38.400,2733.6000,12647,0,59028420.000,3,1,2,多换,S,2733.0000,2732.0000,2731.6000,2730.4000,2730.2000,2734.0000,2734.2000,2734.8000,2735.0000,2735.2000,2,3,3,1,2,1,3,1,1,2
SF,IH2009,2020-05-14 09:30:38.900,2733.6000,12647,0,59028420.000,0,-,-,-,-,2733.0000,2732.0000,2731.6000,2730.4000,2730.2000,2734.0000,2734.2000,2734.8000,2735.0000,2735.4000,2,3,3,1,2,1,3,1,1,6
SF,IH2009,2020-05-14 09:30:39.400,2733.6000,12647,0,59028420.000,0,-,-,-,-,2733.0000,2732.0000,2731.6000,2730.4000,2730.2000,2734.0000,2734.2000,2734.8000,2735.0000,2735.4000,2,3,3,1,2,2,3,1,1,6
SF,IH2009,2020-05-14 09:30:39.900,2733.6000,12647,0,59028420.000,0,-,-,-,-,2733.0000,2732.0000,2731.6000,2730.4000,2730.2000,2733.8000,2734.0000,2734.2000,2734.8000,2735.4000,2,3,3,1,2,1,2,3,1,6
SF,IH2009,2020-05-14 09:30:40.400,2733.6000,12647,0,59028420.000,0,-,-,-,-,2733.0000,2732.0000,2731.6000,2730.4000,2730.2000,2733.4000,2733.8000,2734.0000,2734.2000,2734.8000,2,3,3,1,2,1,1,1,3,1
SF,IH2009,2020-05-14 09:30:40.900,2733.0000,12646,-1,60668220.000,2,0,2,多平,S,2732.0000,2731.6000,2730.4000,2730.2000,2730.0000,2733.0000,2733.4000,2733.8000,2734.2000,2734.8000,3,3,1,2,2,1,1,2,3,1
SF,IH2009,2020-05-14 09:30:41.400,2733.0000,12646,0,60668220.000,0,-,-,-,-,2732.2000,2732.0000,2731.6000,2730.4000,2730.2000,2733.0000,2733.2000,2733.4000,2733.8000,2734.2000,1,3,3,1,2,2,1,1,1,1
SF,IH2009,2020-05-14 09:30:41.900,2733.0000,12646,0,60668220.000,0,-,-,-,-,2732.0000,2731.6000,2730.4000,2730.2000,2730.0000,2733.0000,2733.2000,2733.4000,2733.8000,2734.2000,3,3,1,2,2,3,1,1,1,1
SF,IH2009,2020-05-14 09:30:42.400,2732.0000,12646,0,61487820.000,1,0,1,多换,S,2732.0000,2731.6000,2730.4000,2730.2000,2730.0000,2733.0000,2733.2000,2733.4000,2733.8000,2734.2000,2,3,1,2,2,2,1,1,1,1
SF,IH2009,2020-05-14 09:30:42.900,2732.0000,12646,0,61487820.000,0,-,-,-,-,2732.0000,2731.6000,2730.4000,2730.2000,2730.0000,2732.8000,2733.0000,2733.2000,2733.4000,2734.2000,2,3,1,2,2,2,2,1,1,1
SF,IH2009,2020-05-14 09:30:43.400,2732.0000,12646,0,61487820.000,0,-,-,-,-,2732.0000,2731.6000,2730.4000,2730.2000,2730.0000,2732.8000,2733.0000,2733.2000,2733.4000,2734.2000,2,3,1,2,2,3,2,1,1,1
SF,IH2009,2020-05-14 09:30:43.900,2732.0000,12646,0,61487820.000,0,-,-,-,-,2732.0000,2731.6000,2730.4000,2730.2000,2730.0000,2732.8000,2733.0000,2733.2000,2733.4000,2734.2000,3,3,1,2,2,3,2,1,1,1
SF,IH2009,2020-05-14 09:30:44.400,2732.0000,12646,0,61487820.000,0,-,-,-,-,2732.2000,2732.0000,2731.6000,2730.4000,2730.2000,2732.6000,2732.8000,2733.0000,2733.2000,2733.4000,1,2,3,1,2,1,3,2,1,1
SF,IH2009,2020-05-14 09:30:44.900,2732.0000,12646,0,61487820.000,0,-,-,-,-,2732.2000,2732.0000,2731.6000,2730.4000,2730.2000,2732.8000,2733.0000,2733.2000,2733.4000,2734.2000,1,2,3,1,2,1,2,1,1,1
SF,IH2009,2020-05-14 09:30:45.400,2732.0000,12646,0,61487820.000,0,-,-,-,-,2732.2000,2732.0000,2731.6000,2730.4000,2730.2000,2732.4000,2732.8000,2733.0000,2733.2000,2733.4000,1,2,3,1,2,1,1,2,1,1
SF,IH2009,2020-05-14 09:30:45.900,2732.4000,12645,-1,62307540.000,1,0,1,双平,S,2732.4000,2732.2000,2732.0000,2731.6000,2730.4000,2732.8000,2733.0000,2733.2000,2733.4000,2734.2000,1,1,2,3,1,1,2,1,1,1
SF,IH2009,2020-05-14 09:30:46.400,2732.4000,12645,0,62307540.000,0,-,-,-,-,2732.2000,2732.0000,2731.6000,2730.4000,2730.2000,2732.8000,2733.0000,2733.2000,2734.2000,2734.8000,1,2,3,1,2,1,2,1,1,1
SF,IH2009,2020-05-14 09:30:46.900,2732.8000,12644,-1,63127380.000,1,0,1,双平,S,2732.2000,2732.0000,2731.6000,2730.4000,2730.2000,2733.0000,2733.2000,2734.2000,2734.8000,2735.4000,1,2,3,1,2,2,1,1,1,6
SF,IH2009,2020-05-14 09:30:47.400,2732.8000,12644,0,63127380.000,0,-,-,-,-,2732.2000,2732.0000,2731.6000,2730.4000,2730.2000,2732.8000,2733.0000,2733.2000,2734.2000,2734.8000,1,2,3,1,2,1,2,1,1,1
SF,IH2009,2020-05-14 09:30:47.900,2732.2000,12644,0,63947040.000,1,0,1,多换,S,2732.0000,2731.6000,2730.4000,2730.2000,2730.0000,2732.8000,2733.0000,2733.2000,2734.2000,2734.8000,2,3,1,2,2,1,2,1,1,1
SF,IH2009,2020-05-14 09:30:48.900,2732.2000,12644,0,63947040.000,0,-,-,-,-,2732.0000,2731.6000,2730.4000,2730.2000,2730.0000,2733.0000,2733.2000,2734.2000,2734.8000,2735.4000,2,3,1,2,2,2,1,1,1,6
SF,IH2009,2020-05-14 09:30:49.400,2732.0000,12643,-1,65586240.000,2,0,2,多平,S,2731.6000,2730.4000,2730.2000,2730.0000,2729.6000,2732.8000,2733.0000,2733.2000,2734.2000,2734.8000,3,1,2,2,1,1,2,1,1,1
SF,IH2009,2020-05-14 09:30:49.900,2732.0000,12643,0,65586240.000,0,-,-,-,-,2731.8000,2731.6000,2730.4000,2730.2000,2730.0000,2733.0000,2733.2000,2734.2000,2734.8000,2735.4000,1,3,1,2,2,2,1,1,1,6
SF,IH2009,2020-05-14 09:30:50.400,2732.0000,12643,0,65586240.000,0,-,-,-,-,2731.6000,2730.4000,2730.2000,2730.0000,2729.6000,2733.0000,2733.2000,2734.2000,2734.8000,2735.4000,3,1,2,2,1,2,1,1,1,6
SF,IH2009,2020-05-14 09:30:50.900,2732.0000,12643,0,65586240.000,0,-,-,-,-,2731.8000,2731.6000,2730.4000,2730.2000,2730.0000,2733.0000,2733.2000,2734.2000,2734.8000,2735.4000,1,3,1,2,2,2,1,1,1,6
SF,IH2009,2020-05-14 09:30:51.400,2732.0000,12643,0,65586240.000,0,-,-,-,-,2731.8000,2731.6000,2730.4000,2730.2000,2730.0000,2732.2000,2733.0000,2733.2000,2734.2000,2734.8000,1,3,1,2,2,1,2,1,1,1
SF,IH2009,2020-05-14 09:30:52.900,2732.2000,12644,1,66405900.000,1,1,0,双开,S,2731.8000,2731.6000,2730.4000,2730.2000,2730.0000,2733.0000,2733.2000,2734.2000,2734.8000,2735.4000,1,3,1,2,2,2,1,1,1,6
SF,IH2009,2020-05-14 09:30:53.400,2733.0000,12647,3,72961020.000,8,5,3,空开,S,2730.0000,2729.6000,2729.2000,2728.8000,2728.4000,2733.0000,2733.2000,2734.2000,2734.8000,2735.4000,2,1,1,1,1,3,1,1,1,6
SF,IH2009,2020-05-14 09:30:53.900,2733.0000,12647,0,72961020.000,0,-,-,-,-,2731.4000,2730.4000,2730.2000,2730.0000,2729.6000,2732.8000,2733.0000,2734.2000,2734.8000,2735.4000,1,1,2,2,1,2,3,1,1,5
SF,IH2009,2020-05-14 09:30:54.400,2733.0000,12647,0,72961020.000,0,-,-,-,-,2731.6000,2730.4000,2730.2000,2730.0000,2729.6000,2732.8000,2733.0000,2734.2000,2734.8000,2735.4000,1,1,2,2,1,5,3,1,1,5
SF,IH2009,2020-05-14 09:30:54.900,2733.0000,12647,0,72961020.000,0,-,-,-,-,2730.4000,2730.2000,2730.0000,2729.6000,2729.2000,2732.8000,2733.0000,2734.2000,2734.8000,2735.4000,1,2,2,1,1,4,1,1,1,5
SF,IH2009,2020-05-14 09:30:55.400,2733.0000,12647,0,72961020.000,0,-,-,-,-,2731.8000,2730.6000,2730.4000,2730.0000,2729.6000,2732.6000,2732.8000,2733.0000,2734.2000,2734.8000,1,2,1,2,1,1,1,1,1,1
SF,IH2009,2020-05-14 09:30:55.900,2733.0000,12647,0,72961020.000,0,-,-,-,-,2730.6000,2730.4000,2730.0000,2729.6000,2729.2000,2732.8000,2733.0000,2734.2000,2734.8000,2735.4000,2,1,2,1,1,1,1,1,1,5
SF,IH2009,2020-05-14 09:30:56.400,2733.0000,12647,0,72961020.000,0,-,-,-,-,2731.0000,2730.6000,2730.0000,2729.6000,2729.2000,2732.6000,2732.8000,2733.0000,2734.2000,2734.8000,1,2,2,1,1,1,1,1,1,1
SF,IH2009,2020-05-14 09:30:56.900,2733.0000,12647,0,72961020.000,0,-,-,-,-,2732.2000,2731.2000,2731.0000,2730.6000,2730.0000,2732.6000,2732.8000,2733.0000,2734.2000,2734.8000,1,1,1,2,2,1,1,1,1,1
SF,IH2009,2020-05-14 09:30:57.400,2732.6000,12646,-1,73780800.000,1,0,1,双平,S,2730.6000,2730.0000,2729.6000,2729.2000,2728.8000,2732.8000,2733.0000,2734.2000,2734.8000,2735.4000,2,2,1,1,1,1,1,1,1,5
SF,IH2009,2020-05-14 09:30:57.900,2732.6000,12646,0,73780800.000,0,-,-,-,-,2731.0000,2730.8000,2730.0000,2729.6000,2729.2000,2733.0000,2734.2000,2734.8000,2735.4000,2738.4000,1,3,2,1,1,1,1,1,5,5
SF,IH2009,2020-05-14 09:30:58.400,2732.6000,12646,0,73780800.000,0,-,-,-,-,2732.2000,2731.2000,2731.0000,2730.0000,2729.6000,2733.0000,2734.2000,2734.8000,2735.4000,2738.4000,1,4,1,2,1,1,1,1,5,5
SF,IH2009,2020-05-14 09:30:58.900,2732.6000,12646,0,73780800.000,0,-,-,-,-,2731.2000,2731.0000,2730.0000,2729.6000,2729.2000,2733.0000,2734.2000,2734.8000,2735.4000,2738.4000,3,1,2,1,1,2,1,1,5,5
SF,IH2009,2020-05-14 09:30:59.400,2732.6000,12646,0,73780800.000,0,-,-,-,-,2731.4000,2731.2000,2730.0000,2729.6000,2729.2000,2732.8000,2733.0000,2734.2000,2734.8000,2735.2000,2,1,2,1,1,1,1,1,1,1
SF,IH2009,2020-05-14 09:30:59.900,2732.6000,12646,0,73780800.000,0,-,-,-,-,2731.4000,2731.2000,2730.0000,2729.6000,2729.2000,2732.8000,2733.0000,2734.2000,2734.8000,2735.2000,2,1,2,1,1,2,1,1,1,1
SF,IH2009,2020-05-14 09:31:00.400,2732.0000,12646,0,74600400.000,1,0,1,多换,S,2731.4000,2731.2000,2730.0000,2729.6000,2729.2000,2732.8000,2733.0000,2734.2000,2734.8000,2735.2000,2,1,2,1,1,2,1,1,1,1
SF,IH2009,2020-05-14 09:31:00.900,2732.8000,12645,-1,75420240.000,1,0,1,双平,S,2731.4000,2731.2000,2730.0000,2729.6000,2729.2000,2732.6000,2733.0000,2734.2000,2734.8000,2735.2000,2,1,2,1,1,1,1,1,1,1
SF,IH2009,2020-05-14 09:31:01.400,2732.8000,12645,0,76240080.000,1,0,1,多换,S,2731.4000,2731.2000,2730.0000,2729.6000,2729.2000,2732.6000,2733.0000,2734.2000,2734.8000,2735.2000,2,1,2,1,1,1,1,1,1,1
SF,IH2009,2020-05-14 09:31:01.900,2732.8000,12645,0,76240080.000,0,-,-,-,-,2731.6000,2731.4000,2731.2000,2730.0000,2729.6000,2733.0000,2734.2000,2734.8000,2735.2000,2735.4000,1,2,1,2,1,1,1,1,1,5
SF,IH2009,2020-05-14 09:31:02.400,2732.8000,12645,0,76240080.000,0,-,-,-,-,2731.8000,2731.6000,2731.4000,2731.2000,2730.0000,2733.0000,2734.2000,2734.8000,2735.2000,2735.4000,1,1,1,1,2,1,1,1,1,5
SF,IH2009,2020-05-14 09:31:02.900,2732.8000,12645,0,76240080.000,0,-,-,-,-,2731.6000,2731.2000,2730.0000,2729.6000,2729.2000,2733.0000,2734.2000,2734.8000,2735.2000,2735.4000,1,1,2,1,1,2,1,1,1,5
SF,IH2009,2020-05-14 09:31:03.400,2731.6000,12645,0,77059560.000,1,0,1,多换,S,2731.2000,2730.0000,2729.6000,2729.2000,2728.8000,2731.6000,2732.8000,2733.0000,2734.2000,2734.8000,1,2,1,1,1,1,3,4,1,1
SF,IH2009,2020-05-14 09:31:03.900,2731.6000,12645,0,77059560.000,0,-,-,-,-,2730.0000,2729.6000,2729.2000,2728.8000,2728.4000,2731.2000,2731.6000,2732.8000,2733.0000,2734.2000,2,1,1,1,1,2,1,2,4,1
SF,IH2009,2020-05-14 09:31:04.400,2731.6000,12645,0,77059560.000,0,-,-,-,-,2730.2000,2730.0000,2729.6000,2729.2000,2728.8000,2731.0000,2731.2000,2731.6000,2732.6000,2732.8000,1,2,1,1,1,1,2,1,1,1
SF,IH2009,2020-05-14 09:31:04.900,2731.6000,12645,0,77059560.000,0,-,-,-,-,2730.0000,2729.6000,2729.2000,2728.8000,2728.4000,2731.0000,2731.2000,2731.6000,2732.6000,2732.8000,2,1,1,1,1,1,2,1,1,1
SF,IH2009,2020-05-14 09:31:05.400,2730.2000,12644,-1,77878620.000,1,0,1,双平,S,2730.0000,2729.6000,2729.2000,2728.8000,2728.4000,2731.0000,2731.2000,2731.6000,2732.6000,2732.8000,2,1,1,1,1,1,2,1,1,1
SF,IH2009,2020-05-14 09:31:05.900,2730.0000,12644,0,78697620.000,1,0,1,多换,S,2730.0000,2729.6000,2729.2000,2728.8000,2728.4000,2731.2000,2731.6000,2732.6000,2732.8000,2733.0000,1,1,1,1,1,2,1,1,1,3
SF,IH2009,2020-05-14 09:31:06.400,2730.0000,12644,0,78697620.000,0,-,-,-,-,2730.0000,2729.6000,2729.2000,2728.8000,2728.4000,2731.0000,2731.2000,2731.6000,2732.6000,2733.0000,1,1,1,1,1,2,2,1,2,3
SF,IH2009,2020-05-14 09:31:06.900,2730.0000,12644,0,78697620.000,0,-,-,-,-,2730.0000,2729.6000,2729.2000,2728.8000,2728.4000,2731.0000,2731.2000,2731.6000,2732.6000,2733.0000,1,1,1,1,1,3,2,1,2,3
SF,IH2009,2020-05-14 09:31:07.400,2731.0000,12644,0,80336220.000,2,1,1,多换,S,2730.0000,2729.6000,2729.2000,2728.8000,2728.4000,2731.2000,2731.6000,2732.6000,2733.0000,2734.2000,1,1,1,1,1,2,1,2,3,1
SF,IH2009,2020-05-14 09:31:07.900,2731.0000,12644,0,80336220.000,0,-,-,-,-,2730.0000,2729.6000,2729.2000,2728.8000,2728.4000,2730.8000,2731.2000,2731.6000,2732.6000,2733.0000,1,1,1,1,1,1,2,1,2,3
SF,IH2009,2020-05-14 09:31:08.400,2731.0000,12644,0,80336220.000,0,-,-,-,-,2730.0000,2729.6000,2729.2000,2728.8000,2728.4000,2731.2000,2731.6000,2732.6000,2733.0000,2734.2000,1,1,1,1,1,2,1,2,3,1
SF,IH2009,2020-05-14 09:31:08.900,2731.0000,12644,0,80336220.000,0,-,-,-,-,2730.2000,2730.0000,2729.6000,2729.2000,2728.8000,2731.2000,2731.6000,2732.6000,2733.0000,2734.2000,1,1,1,1,1,2,1,2,3,1
SF,IH2009,2020-05-14 09:31:09.400,2731.0000,12644,0,80336220.000,0,-,-,-,-,2730.0000,2729.6000,2729.2000,2728.8000,2728.4000,2731.2000,2731.6000,2732.6000,2733.0000,2734.2000,1,1,1,1,1,2,1,2,3,1
SF,IH2009,2020-05-14 09:31:09.900,2731.0000,12644,0,80336220.000,0,-,-,-,-,2730.2000,2730.0000,2729.6000,2729.2000,2728.8000,2731.2000,2731.6000,2732.6000,2733.0000,2734.2000,1,1,1,1,1,2,1,2,3,1
SF,IH2009,2020-05-14 09:31:10.400,2731.0000,12644,0,80336220.000,0,-,-,-,-,2731.0000,2730.2000,2730.0000,2729.6000,2729.2000,2731.2000,2731.6000,2732.6000,2733.0000,2734.2000,1,1,1,1,1,2,1,2,3,1
SF,IH2009,2020-05-14 09:31:10.900,2731.0000,12643,-1,81155520.000,1,0,1,双平,S,2730.2000,2730.0000,2729.6000,2729.2000,2728.8000,2730.8000,2731.0000,2731.2000,2731.6000,2732.6000,1,1,1,1,1,1,2,2,1,2
SF,IH2009,2020-05-14 09:31:11.400,2731.0000,12643,0,81974820.000,1,0,1,多换,S,2730.2000,2730.0000,2729.6000,2729.2000,2728.8000,2731.2000,2731.6000,2732.6000,2733.0000,2734.2000,1,1,1,1,1,2,1,2,3,1
SF,IH2009,2020-05-14 09:31:11.900,2731.2000,12643,0,82794180.000,1,0,1,多换,S,2730.4000,2730.2000,2730.0000,2729.6000,2729.2000,2731.2000,2731.6000,2732.6000,2733.0000,2733.2000,1,1,1,1,1,1,1,2,3,1
SF,IH2009,2020-05-14 09:31:12.400,2731.2000,12643,0,82794180.000,0,-,-,-,-,2730.2000,2730.0000,2729.6000,2729.2000,2728.8000,2731.6000,2732.6000,2733.0000,2733.2000,2734.2000,1,1,1,1,1,1,2,3,1,1
SF,IH2009,2020-05-14 09:31:12.900,2731.6000,12643,0,83613660.000,1,0,1,多换,S,2731.6000,2730.4000,2730.2000,2730.0000,2729.6000,2732.6000,2733.0000,2733.2000,2734.0000,2734.2000,1,3,1,1,1,2,3,1,1,1
SF,IH2009,2020-05-14 09:31:13.400,2731.6000,12643,0,84433140.000,1,0,1,多换,S,2730.4000,2730.2000,2730.0000,2729.6000,2729.2000,2731.6000,2732.2000,2732.4000,2732.6000,2733.0000,2,1,1,1,1,1,1,2,3,3
SF,IH2009,2020-05-14 09:31:13.900,2731.6000,12643,0,84433140.000,0,-,-,-,-,2731.6000,2730.6000,2730.4000,2730.2000,2730.0000,2732.4000,2732.6000,2733.0000,2733.2000,2734.2000,1,1,2,1,1,2,3,3,1,1
SF,IH2009,2020-05-14 09:31:14.400,2731.6000,12643,0,84433140.000,0,-,-,-,-,2731.6000,2730.4000,2730.2000,2730.0000,2729.6000,2732.4000,2732.6000,2733.0000,2733.2000,2734.2000,1,2,1,1,1,2,3,3,1,1
SF,IH2009,2020-05-14 09:31:14.900,2731.6000,12643,0,84433140.000,0,-,-,-,-,2731.6000,2730.4000,2730.2000,2730.0000,2729.6000,2732.2000,2732.4000,2732.6000,2733.0000,2733.2000,1,2,1,1,1,1,2,3,3,1
SF,IH2009,2020-05-14 09:31:15.400,2731.6000,12643,0,84433140.000,0,-,-,-,-,2731.6000,2730.4000,2730.2000,2730.0000,2729.6000,2732.2000,2732.4000,2732.6000,2733.0000,2733.2000,1,2,1,1,1,1,1,3,3,1
SF,IH2009,2020-05-14 09:31:15.900,2731.6000,12643,0,84433140.000,0,-,-,-,-,2731.6000,2730.4000,2730.2000,2730.0000,2729.6000,2732.2000,2732.4000,2732.6000,2733.0000,2733.2000,1,2,1,1,1,1,1,2,1,1
SF,IH2009,2020-05-14 09:31:16.400,2731.6000,12644,1,85252620.000,1,1,0,双开,S,2730.4000,2730.2000,2730.0000,2729.6000,2729.2000,2732.2000,2732.4000,2732.6000,2733.0000,2733.2000,2,1,1,1,1,1,1,2,1,1
SF,IH2009,2020-05-14 09:31:16.900,2731.6000,12644,0,85252620.000,0,-,-,-,-,2730.8000,2730.6000,2730.4000,2730.2000,2730.0000,2732.4000,2732.6000,2733.0000,2733.2000,2734.2000,1,3,2,2,1,1,2,1,1,2
SF,IH2009,2020-05-14 09:31:17.400,2731.6000,12644,0,85252620.000,0,-,-,-,-,2731.0000,2730.8000,2730.6000,2730.2000,2730.0000,2732.2000,2732.4000,2732.6000,2733.0000,2733.2000,4,1,1,2,1,1,1,2,1,1
SF,IH2009,2020-05-14 09:31:17.900,2731.6000,12644,0,85252620.000,0,-,-,-,-,2731.0000,2730.6000,2730.2000,2730.0000,2729.6000,2732.2000,2732.4000,2732.6000,2733.0000,2733.2000,2,1,2,1,1,1,1,2,1,1
SF,IH2009,2020-05-14 09:31:19.900,2731.6000,12644,0,85252620.000,0,-,-,-,-,2731.0000,2730.6000,2730.2000,2730.0000,2729.6000,2732.2000,2732.4000,2732.6000,2733.0000,2733.2000,2,1,2,1,1,2,1,2,1,1
SF,IH2009,2020-05-14 09:31:20.400,2732.2000,12644,0,86072280.000,1,0,1,多换,S,2732.2000,2731.0000,2730.6000,2730.2000,2730.0000,2732.4000,2732.6000,2733.0000,2733.2000,2734.2000,1,2,1,2,1,1,2,1,1,2
SF,IH2009,2020-05-14 09:31:20.900,2732.2000,12643,-1,86891940.000,1,0,1,双平,S,2731.2000,2731.0000,2730.6000,2730.2000,2730.0000,2732.2000,2732.4000,2732.6000,2733.0000,2733.2000,1,1,1,2,1,2,1,2,1,1
SF,IH2009,2020-05-14 09:31:21.400,2732.2000,12643,0,86891940.000,0,-,-,-,-,2731.2000,2731.0000,2730.6000,2730.2000,2730.0000,2732.2000,2732.6000,2733.0000,2733.2000,2734.2000,2,1,1,2,1,1,2,1,1,2
SF,IH2009,2020-05-14 09:31:22.400,2732.2000,12643,0,86891940.000,0,-,-,-,-,2731.2000,2731.0000,2730.6000,2730.2000,2730.0000,2732.2000,2732.6000,2733.0000,2733.2000,2734.2000,1,1,1,2,1,1,2,1,1,2
SF,IH2009,2020-05-14 09:31:22.900,2732.2000,12643,0,87711600.000,1,0,1,多换,S,2731.2000,2731.0000,2730.6000,2730.2000,2730.0000,2732.6000,2733.0000,2733.2000,2734.2000,2734.8000,1,1,1,2,1,2,1,1,2,1
SF,IH2009,2020-05-14 09:31:23.400,2732.2000,12643,0,87711600.000,0,-,-,-,-,2731.2000,2731.0000,2730.2000,2730.0000,2729.6000,2732.6000,2733.0000,2733.2000,2734.2000,2734.8000,1,1,2,1,1,3,1,1,2,1
SF,IH2009,2020-05-14 09:31:23.900,2732.2000,12643,0,87711600.000,0,-,-,-,-,2731.2000,2731.0000,2730.2000,2730.0000,2729.6000,2732.4000,2732.6000,2733.0000,2733.2000,2734.2000,1,1,2,1,1,2,3,1,1,2
SF,IH2009,2020-05-14 09:31:24.400,2732.2000,12643,0,87711600.000,0,-,-,-,-,2731.2000,2731.0000,2730.2000,2730.0000,2729.6000,2732.2000,2732.4000,2732.6000,2733.0000,2733.2000,1,1,2,1,1,1,3,3,1,1
SF,IH2009,2020-05-14 09:31:24.900,2732.2000,12643,0,87711600.000,0,-,-,-,-,2731.2000,2731.0000,2730.2000,2730.0000,2729.6000,2732.4000,2732.6000,2733.0000,2733.2000,2734.2000,1,1,2,1,1,1,3,1,1,2
SF,IH2009,2020-05-14 09:31:25.400,2732.2000,12643,0,87711600.000,0,-,-,-,-,2731.2000,2731.0000,2730.2000,2730.0000,2729.6000,2732.4000,2732.6000,2733.0000,2733.2000,2734.2000,2,1,2,1,1,1,3,1,1,2
SF,IH2009,2020-05-14 09:31:25.900,2732.2000,12643,0,87711600.000,0,-,-,-,-,2731.2000,2731.0000,2730.2000,2730.0000,2729.6000,2732.6000,2733.0000,2733.2000,2734.2000,2734.8000,2,1,2,1,1,3,1,1,2,1
SF,IH2009,2020-05-14 09:31:26.400,2732.2000,12643,0,87711600.000,0,-,-,-,-,2731.4000,2731.2000,2730.2000,2730.0000,2729.6000,2732.6000,2733.0000,2733.2000,2734.2000,2734.8000,1,2,3,1,1,3,1,1,2,1
SF,IH2009,2020-05-14 09:31:27.400,2732.2000,12643,0,87711600.000,0,-,-,-,-,2731.4000,2731.2000,2730.2000,2730.0000,2729.6000,2732.6000,2733.0000,2733.2000,2734.2000,2734.8000,2,1,3,1,1,3,1,1,2,1
SF,IH2009,2020-05-14 09:31:27.900,2732.2000,12643,0,87711600.000,0,-,-,-,-,2731.4000,2731.2000,2730.2000,2730.0000,2729.6000,2732.2000,2732.6000,2733.0000,2733.2000,2734.2000,2,1,3,1,1,2,3,1,1,2
SF,IH2009,2020-05-14 09:31:28.400,2732.2000,12643,0,87711600.000,0,-,-,-,-,2731.4000,2731.2000,2730.2000,2730.0000,2729.6000,2732.2000,2732.6000,2733.0000,2733.2000,2734.2000,2,1,3,1,1,2,3,1,1,2
SF,IH2009,2020-05-14 09:31:28.900,2732.2000,12643,0,87711600.000,0,-,-,-,-,2731.2000,2730.2000,2730.0000,2729.6000,2729.4000,2732.2000,2732.6000,2733.0000,2733.2000,2734.2000,1,3,1,1,1,2,2,1,1,2
SF,IH2009,2020-05-14 09:31:29.400,2732.2000,12643,0,87711600.000,0,-,-,-,-,2731.2000,2730.2000,2730.0000,2729.6000,2729.4000,2732.2000,2732.6000,2733.0000,2733.2000,2734.2000,1,3,1,1,1,2,1,1,1,2
SF,IH2009,2020-05-14 09:31:29.900,2732.2000,12643,0,87711600.000,0,-,-,-,-,2731.2000,2730.2000,2730.0000,2729.6000,2729.4000,2732.0000,2732.2000,2732.6000,2733.0000,2733.2000,1,3,1,1,1,1,2,1,1,1
SF,IH2009,2020-05-14 09:31:30.900,2731.2000,12642,-1,88530960.000,1,0,1,双平,S,2730.2000,2730.0000,2729.6000,2729.4000,2729.2000,2732.0000,2732.2000,2732.6000,2733.0000,2733.2000,3,1,1,1,1,2,2,1,1,1
SF,IH2009,2020-05-14 09:31:31.400,2731.2000,12642,0,88530960.000,0,-,-,-,-,2730.6000,2730.4000,2730.2000,2730.0000,2729.6000,2732.0000,2732.2000,2732.6000,2733.0000,2733.2000,1,4,3,1,1,1,2,1,1,1
SF,IH2009,2020-05-14 09:31:31.900,2731.2000,12642,0,88530960.000,0,-,-,-,-,2730.4000,2730.2000,2730.0000,2729.6000,2729.4000,2731.8000,2732.6000,2733.0000,2733.2000,2734.2000,2,3,1,1,1,1,1,1,1,2
SF,IH2009,2020-05-14 09:31:32.400,2730.4000,12642,0,89350080.000,1,0,1,多换,S,2730.4000,2730.2000,2730.0000,2729.6000,2729.4000,2731.8000,2732.0000,2732.6000,2733.0000,2733.2000,1,3,1,1,1,1,1,1,1,1
SF,IH2009,2020-05-14 09:31:32.900,2730.4000,12642,0,89350080.000,0,-,-,-,-,2730.4000,2730.2000,2730.0000,2729.6000,2729.4000,2731.6000,2731.8000,2732.0000,2732.6000,2733.0000,1,3,1,1,1,1,1,1,1,1
SF,IH2009,2020-05-14 09:31:34.400,2730.4000,12642,0,89350080.000,0,-,-,-,-,2730.4000,2730.2000,2730.0000,2729.6000,2729.4000,2731.8000,2732.0000,2732.6000,2733.0000,2733.2000,1,3,1,1,1,1,1,1,1,1
SF,IH2009,2020-05-14 09:31:34.900,2730.4000,12642,0,89350080.000,0,-,-,-,-,2730.4000,2730.2000,2730.0000,2729.6000,2729.4000,2731.6000,2731.8000,2732.0000,2732.6000,2733.0000,1,3,1,1,1,1,1,1,1,1
SF,IH2009,2020-05-14 09:31:35.400,2730.4000,12642,0,90169200.000,1,0,1,多换,S,2730.2000,2730.0000,2729.6000,2729.4000,2729.2000,2731.6000,2731.8000,2732.0000,2732.6000,2733.0000,3,1,1,1,1,1,1,1,1,1
SF,IH2009,2020-05-14 09:31:35.900,2730.4000,12642,0,90169200.000,0,-,-,-,-,2730.2000,2730.0000,2729.6000,2729.4000,2729.2000,2731.4000,2731.6000,2731.8000,2732.0000,2732.6000,3,1,1,1,1,1,1,1,1,1
SF,IH2009,2020-05-14 09:31:36.900,2730.4000,12642,0,90169200.000,0,-,-,-,-,2730.2000,2730.0000,2729.6000,2729.4000,2729.2000,2731.2000,2731.4000,2731.6000,2731.8000,2732.6000,3,1,1,1,1,2,1,1,1,1
SF,IH2009,2020-05-14 09:31:37.400,2730.4000,12642,0,90169200.000,0,-,-,-,-,2730.4000,2730.2000,2730.0000,2729.6000,2729.4000,2731.2000,2731.4000,2731.6000,2731.8000,2732.6000,1,3,1,1,1,2,1,1,1,1
SF,IH2009,2020-05-14 09:31:37.900,2730.4000,12642,0,90169200.000,0,-,-,-,-,2730.4000,2730.2000,2730.0000,2729.6000,2729.4000,2731.2000,2731.4000,2731.8000,2732.6000,2733.0000,1,3,1,1,1,2,1,1,1,1
SF,IH2009,2020-05-14 09:31:39.400,2730.4000,12642,0,90169200.000,0,-,-,-,-,2730.2000,2730.0000,2729.6000,2729.4000,2729.2000,2731.2000,2731.4000,2731.8000,2732.6000,2733.0000,3,1,1,1,1,2,1,1,1,1
SF,IH2009,2020-05-14 09:31:39.900,2730.4000,12642,0,90169200.000,0,-,-,-,-,2730.2000,2730.0000,2729.6000,2729.4000,2729.2000,2731.0000,2731.2000,2731.4000,2732.6000,2733.0000,3,1,1,1,1,1,3,1,1,1
SF,IH2009,2020-05-14 09:31:40.400,2730.2000,12641,-1,91807380.000,2,0,2,多平,S,2730.2000,2730.0000,2729.6000,2729.4000,2729.2000,2730.8000,2731.0000,2731.2000,2731.4000,2732.6000,2,1,1,1,1,2,1,3,1,1
SF,IH2009,2020-05-14 09:31:40.900,2730.2000,12641,0,91807380.000,0,-,-,-,-,2730.2000,2730.0000,2729.6000,2729.4000,2729.2000,2730.8000,2731.0000,2731.2000,2731.4000,2732.6000,2,1,1,1,1,2,1,3,1,1
SF,IH2009,2020-05-14 09:31:41.400,2730.2000,12641,0,91807380.000,0,-,-,-,-,2730.2000,2730.0000,2729.6000,2729.4000,2729.2000,2730.8000,2731.0000,2731.2000,2731.4000,2732.6000,2,1,1,1,1,2,1,3,1,1
SF,IH2009,2020-05-14 09:31:42.400,2730.2000,12641,0,93445680.000,2,1,1,多换,S,2730.2000,2730.0000,2729.6000,2729.4000,2729.2000,2730.8000,2731.0000,2731.2000,2731.4000,2732.6000,1,1,1,1,1,1,1,2,1,1
SF,IH2009,2020-05-14 09:31:42.900,2730.2000,12641,0,93445680.000,0,-,-,-,-,2730.2000,2730.0000,2729.6000,2729.4000,2729.2000,2730.6000,2730.8000,2731.0000,2731.2000,2731.4000,1,1,1,1,1,2,1,1,2,1
SF,IH2009,2020-05-14 09:31:43.400,2730.2000,12641,0,93445680.000,0,-,-,-,-,2730.2000,2730.0000,2729.6000,2729.4000,2729.2000,2730.6000,2731.0000,2731.2000,2731.4000,2732.6000,1,1,1,1,1,1,2,2,1,1
SF,IH2009,2020-05-14 09:31:43.900,2730.2000,12641,0,93445680.000,0,-,-,-,-,2730.2000,2730.0000,2729.6000,2729.4000,2729.2000,2730.6000,2731.0000,2731.4000,2732.6000,2733.0000,1,1,1,1,1,1,2,1,1,1
SF,IH2009,2020-05-14 09:31:46.900,2730.2000,12641,0,93445680.000,0,-,-,-,-,2730.2000,2730.0000,2729.6000,2729.4000,2729.2000,2730.6000,2731.0000,2731.4000,2732.6000,2733.0000,1,1,1,1,1,1,1,1,1,1
SF,IH2009,2020-05-14 09:31:47.400,2731.0000,12642,1,95084160.000,2,1,1,空开,S,2730.2000,2730.0000,2729.6000,2729.4000,2729.2000,2731.4000,2732.6000,2733.0000,2734.2000,2734.4000,1,1,1,1,1,1,1,1,1,1
SF,IH2009,2020-05-14 09:31:47.900,2731.0000,12642,0,95084160.000,0,-,-,-,-,2730.2000,2730.0000,2729.6000,2729.4000,2729.2000,2731.2000,2732.6000,2733.0000,2734.2000,2734.4000,1,1,1,1,1,1,1,2,1,1
SF,IH2009,2020-05-14 09:31:49.900,2731.0000,12642,0,95084160.000,0,-,-,-,-,2730.2000,2730.0000,2729.6000,2729.4000,2729.2000,2730.6000,2731.2000,2732.6000,2733.0000,2734.2000,1,1,1,1,1,2,1,1,2,1
SF,IH2009,2020-05-14 09:31:50.400,2730.6000,12642,0,96722520.000,2,1,1,多换,S,2730.6000,2730.2000,2730.0000,2729.6000,2729.4000,2731.2000,2732.6000,2733.0000,2734.2000,2734.4000,1,1,1,1,1,1,1,1,1,1
SF,IH2009,2020-05-14 09:31:50.900,2730.6000,12642,0,96722520.000,0,-,-,-,-,2730.6000,2730.2000,2730.0000,2729.6000,2729.4000,2731.0000,2731.2000,2732.6000,2733.0000,2734.2000,1,1,1,1,1,1,1,1,1,1
SF,IH2009,2020-05-14 09:31:51.400,2731.0000,12641,-1,97541820.000,1,0,1,双平,S,2730.2000,2730.0000,2729.6000,2729.4000,2729.2000,2731.2000,2732.6000,2733.0000,2734.2000,2734.4000,1,1,1,1,1,1,1,1,1,1
SF,IH2009,2020-05-14 09:31:51.900,2731.0000,12641,0,97541820.000,0,-,-,-,-,2730.2000,2730.0000,2729.6000,2729.4000,2729.2000,2732.6000,2733.0000,2733.2000,2734.2000,2734.4000,1,1,1,1,1,1,1,1,1,1
SF,IH2009,2020-05-14 09:31:52.400,2731.0000,12641,0,97541820.000,0,-,-,-,-,2730.4000,2730.2000,2730.0000,2729.6000,2729.4000,2731.4000,2731.8000,2732.4000,2732.6000,2733.0000,2,1,1,1,1,1,1,3,1,1
SF,IH2009,2020-05-14 09:31:52.900,2731.0000,12641,0,97541820.000,0,-,-,-,-,2730.4000,2730.2000,2730.0000,2729.6000,2729.4000,2731.4000,2731.8000,2732.4000,2732.6000,2733.0000,2,1,1,1,1,1,1,3,2,1
SF,IH2009,2020-05-14 09:31:53.400,2731.0000,12641,0,97541820.000,0,-,-,-,-,2730.4000,2730.2000,2730.0000,2729.6000,2729.4000,2731.0000,2731.4000,2731.8000,2732.4000,2732.6000,2,1,1,1,1,2,1,1,3,2
SF,IH2009,2020-05-14 09:31:53.900,2731.0000,12641,0,97541820.000,0,-,-,-,-,2730.4000,2730.2000,2730.0000,2729.6000,2729.4000,2730.8000,2731.0000,2731.4000,2731.8000,2732.4000,2,1,1,1,1,1,2,1,1,3
SF,IH2009,2020-05-14 09:31:54.400,2731.0000,12642,1,98361120.000,1,1,0,双开,S,2730.2000,2730.0000,2729.6000,2729.4000,2729.2000,2731.0000,2731.4000,2731.8000,2732.4000,2732.6000,1,1,1,1,1,2,1,1,2,2
SF,IH2009,2020-05-14 09:31:55.900,2731.0000,12642,0,98361120.000,0,-,-,-,-,2730.2000,2730.0000,2729.6000,2729.4000,2729.2000,2730.8000,2731.4000,2731.8000,2732.4000,2732.6000,1,1,1,1,1,1,1,1,2,2
SF,IH2009,2020-05-14 09:31:57.400,2731.0000,12642,0,98361120.000,0,-,-,-,-,2730.2000,2730.0000,2729.6000,2729.4000,2729.2000,2730.6000,2730.8000,2731.4000,2731.8000,2732.4000,1,1,1,1,1,1,1,1,1,2
SF,IH2009,2020-05-14 09:32:00.900,2730.6000,12641,-1,99180300.000,1,0,1,双平,S,2730.2000,2730.0000,2729.6000,2729.4000,2729.2000,2730.8000,2731.4000,2731.8000,2732.4000,2732.6000,1,1,1,1,1,1,1,1,2,2
SF,IH2009,2020-05-14 09:32:01.400,2730.6000,12641,0,99180300.000,0,-,-,-,-,2730.2000,2730.0000,2729.6000,2729.4000,2729.2000,2731.4000,2731.8000,2732.4000,2732.6000,2733.0000,1,1,1,1,1,1,1,2,2,1
SF,IH2009,2020-05-14 09:32:01.900,2730.6000,12641,0,99180300.000,0,-,-,-,-,2730.2000,2730.0000,2729.6000,2729.4000,2729.2000,2731.0000,2731.4000,2731.8000,2732.4000,2732.6000,1,1,1,1,1,2,2,1,2,2
SF,IH2009,2020-05-14 09:32:02.400,2730.6000,12641,0,99180300.000,0,-,-,-,-,2730.2000,2730.0000,2729.6000,2729.4000,2729.2000,2731.0000,2731.4000,2731.8000,2732.4000,2732.6000,1,1,1,1,1,2,1,1,2,2
SF,IH2009,2020-05-14 09:32:02.900,2730.6000,12641,0,99180300.000,0,-,-,-,-,2730.4000,2730.2000,2730.0000,2729.6000,2729.4000,2730.8000,2731.0000,2731.4000,2731.8000,2732.4000,1,1,1,1,1,1,2,1,1,2
SF,IH2009,2020-05-14 09:32:03.400,2730.6000,12641,0,99180300.000,0,-,-,-,-,2730.4000,2730.2000,2730.0000,2729.6000,2729.4000,2730.8000,2731.0000,2731.4000,2731.8000,2732.4000,1,1,1,1,1,1,2,1,1,2
SF,IH2009,2020-05-14 09:32:03.900,2730.4000,12640,-1,99999420.000,1,0,1,双平,S,2730.2000,2730.0000,2729.6000,2729.4000,2729.2000,2730.8000,2731.0000,2731.4000,2731.8000,2732.4000,3,1,1,1,1,1,2,1,1,2
SF,IH2009,2020-05-14 09:32:04.400,2730.4000,12640,0,99999420.000,0,-,-,-,-,2730.2000,2730.0000,2729.6000,2729.4000,2729.2000,2730.8000,2731.0000,2731.4000,2731.8000,2732.4000,3,2,1,1,1,1,2,1,1,2
SF,IH2009,2020-05-14 09:32:04.900,2730.4000,12640,0,99999420.000,0,-,-,-,-,2730.2000,2730.0000,2729.6000,2729.4000,2729.2000,2731.0000,2731.4000,2731.8000,2732.4000,2732.6000,3,2,1,1,1,2,1,1,2,2
SF,IH2009,2020-05-14 09:32:05.400,2730.2000,12640,0,100818480.000,1,0,1,多换,S,2730.2000,2730.0000,2729.6000,2729.4000,2729.2000,2731.4000,2731.8000,2732.4000,2732.6000,2733.0000,2,2,1,1,1,1,1,2,2,1
SF,IH2009,2020-05-14 09:32:05.900,2730.2000,12641,1,102456600.000,2,1,1,空开,S,2730.0000,2729.6000,2729.4000,2729.2000,2728.8000,2731.2000,2731.4000,2731.8000,2732.4000,2732.6000,2,1,1,1,1,2,1,1,1,2
SF,IH2009,2020-05-14 09:32:06.400,2730.2000,12641,0,102456600.000,0,-,-,-,-,2730.0000,2729.6000,2729.4000,2729.2000,2728.8000,2731.0000,2731.2000,2731.4000,2731.8000,2732.6000,2,1,1,1,1,1,3,1,1,2
SF,IH2009,2020-05-14 09:32:06.900,2730.2000,12641,0,102456600.000,0,-,-,-,-,2730.0000,2729.6000,2729.4000,2729.2000,2728.8000,2730.6000,2731.0000,2731.2000,2731.4000,2731.8000,2,1,1,1,1,1,1,3,1,1
SF,IH2009,2020-05-14 09:32:07.400,2730.2000,12641,0,102456600.000,0,-,-,-,-,2730.0000,2729.6000,2729.4000,2729.2000,2728.8000,2731.0000,2731.2000,2731.4000,2731.8000,2732.6000,2,1,1,1,1,1,3,1,1,1
SF,IH2009,2020-05-14 09:32:07.900,2730.2000,12641,0,102456600.000,0,-,-,-,-,2730.2000,2730.0000,2729.6000,2729.4000,2729.2000,2731.0000,2731.2000,2731.4000,2731.8000,2732.6000,1,2,1,1,1,1,2,1,1,1
SF,IH2009,2020-05-14 09:32:08.400,2730.6000,12640,-1,103275780.000,1,0,1,双平,S,2730.2000,2730.0000,2729.6000,2729.4000,2729.2000,2731.0000,2731.2000,2731.4000,2731.8000,2732.6000,1,2,1,1,1,1,1,1,1,1
SF,IH2009,2020-05-14 09:32:08.900,2730.6000,12640,0,103275780.000,0,-,-,-,-,2730.0000,2729.6000,2729.4000,2729.2000,2728.8000,2731.0000,2731.2000,2731.4000,2731.8000,2732.6000,2,1,1,1,1,1,1,1,1,1
SF,IH2009,2020-05-14 09:32:09.400,2730.6000,12640,0,103275780.000,0,-,-,-,-,2730.0000,2729.6000,2729.4000,2729.2000,2728.8000,2731.0000,2731.2000,2731.4000,2732.6000,2733.0000,2,1,1,1,1,1,1,1,1,1
SF,IH2009,2020-05-14 09:32:09.900,2730.8000,12640,0,104095020.000,1,0,1,多换,S,2730.0000,2729.6000,2729.4000,2729.2000,2728.8000,2731.0000,2731.2000,2731.4000,2732.6000,2733.0000,2,1,1,1,1,1,1,1,1,1
SF,IH2009,2020-05-14 09:32:10.400,2730.8000,12640,0,104095020.000,0,-,-,-,-,2730.2000,2730.0000,2729.6000,2729.4000,2729.2000,2731.0000,2731.2000,2731.4000,2732.6000,2733.0000,1,2,1,1,1,1,1,1,1,1
SF,IH2009,2020-05-14 09:32:10.900,2730.8000,12640,0,104095020.000,0,-,-,-,-,2730.2000,2730.0000,2729.6000,2729.4000,2729.2000,2731.2000,2731.4000,2732.6000,2733.0000,2734.0000,1,2,1,1,1,1,1,1,1,1
SF,IH2009,2020-05-14 09:32:11.900,2730.8000,12640,0,104095020.000,0,-,-,-,-,2730.2000,2730.0000,2729.6000,2729.4000,2729.2000,2731.2000,2731.4000,2732.6000,2733.0000,2734.0000,1,3,1,1,1,1,1,1,1,1
SF,IH2009,2020-05-14 09:32:12.400,2730.8000,12640,0,104095020.000,0,-,-,-,-,2730.2000,2730.0000,2729.6000,2729.4000,2729.2000,2731.4000,2732.6000,2733.0000,2734.0000,2734.2000,1,2,1,1,1,1,1,1,1,1
SF,IH2009,2020-05-14 09:32:12.900,2730.4000,12640,0,104914140.000,1,0,1,多换,S,2730.2000,2730.0000,2729.6000,2729.4000,2729.2000,2731.0000,2731.4000,2732.6000,2733.0000,2734.0000,1,2,1,1,1,2,1,1,1,1
SF,IH2009,2020-05-14 09:32:13.400,2731.0000,12640,0,106552740.000,2,1,1,多换,S,2730.2000,2730.0000,2729.6000,2729.4000,2729.2000,2731.4000,2732.6000,2733.0000,2734.0000,2734.2000,1,2,1,1,1,1,1,1,1,1
SF,IH2009,2020-05-14 09:32:13.900,2731.0000,12640,0,106552740.000,0,-,-,-,-,2730.4000,2730.2000,2730.0000,2729.6000,2729.4000,2731.4000,2732.6000,2733.0000,2734.0000,2734.2000,1,1,2,1,1,1,1,1,1,1
SF,IH2009,2020-05-14 09:32:14.400,2731.0000,12640,0,106552740.000,0,-,-,-,-,2730.4000,2730.2000,2730.0000,2729.6000,2729.4000,2731.4000,2732.6000,2734.0000,2734.2000,2734.4000,1,1,2,1,1,1,1,1,1,1
SF,IH2009,2020-05-14 09:32:14.900,2731.4000,12639,-1,107372160.000,1,0,1,双平,S,2730.6000,2730.4000,2730.2000,2730.0000,2729.6000,2732.6000,2734.0000,2734.2000,2734.4000,2735.2000,1,1,1,2,1,1,1,1,1,1
SF,IH2009,2020-05-14 09:32:15.400,2731.4000,12639,0,107372160.000,0,-,-,-,-,2730.8000,2730.6000,2730.2000,2730.0000,2729.6000,2732.0000,2732.4000,2732.6000,2734.0000,2734.2000,3,1,1,2,1,1,2,1,1,1
SF,IH2009,2020-05-14 09:32:15.900,2731.4000,12639,0,107372160.000,0,-,-,-,-,2730.8000,2730.2000,2730.0000,2729.6000,2729.4000,2732.0000,2732.4000,2732.6000,2734.0000,2734.2000,2,1,2,1,1,1,1,1,1,1
SF,IH2009,2020-05-14 09:32:16.400,2731.4000,12639,0,107372160.000,0,-,-,-,-,2731.0000,2730.8000,2730.2000,2730.0000,2729.8000,2732.0000,2732.4000,2732.6000,2734.0000,2734.2000,1,1,1,2,1,2,1,1,1,1
SF,IH2009,2020-05-14 09:32:16.900,2731.4000,12639,0,107372160.000,0,-,-,-,-,2730.2000,2730.0000,2729.8000,2729.6000,2729.4000,2731.8000,2732.0000,2732.4000,2732.6000,2734.0000,1,2,1,1,1,1,2,1,1,1
SF,IH2009,2020-05-14 09:32:17.400,2731.4000,12639,0,107372160.000,0,-,-,-,-,2730.4000,2730.2000,2730.0000,2729.8000,2729.6000,2731.6000,2731.8000,2732.0000,2732.4000,2732.6000,3,1,2,1,1,1,1,2,1,1
SF,IH2009,2020-05-14 09:32:17.900,2731.4000,12639,0,107372160.000,0,-,-,-,-,2730.4000,2730.2000,2730.0000,2729.8000,2729.6000,2731.6000,2731.8000,2732.0000,2732.4000,2732.6000,3,1,2,1,1,2,1,1,1,1
SF,IH2009,2020-05-14 09:32:18.400,2731.4000,12639,0,107372160.000,0,-,-,-,-,2730.4000,2730.2000,2730.0000,2729.8000,2729.6000,2731.6000,2732.4000,2732.6000,2733.8000,2734.0000,3,1,2,1,1,2,1,1,1,1
SF,IH2009,2020-05-14 09:32:18.900,2731.4000,12639,0,107372160.000,0,-,-,-,-,2730.4000,2730.2000,2730.0000,2729.8000,2729.6000,2731.6000,2732.4000,2732.6000,2733.8000,2734.0000,3,1,2,1,1,1,1,1,1,1
SF,IH2009,2020-05-14 09:32:22.400,2731.4000,12639,0,107372160.000,0,-,-,-,-,2730.4000,2730.2000,2730.0000,2729.8000,2729.6000,2732.4000,2732.6000,2733.8000,2734.0000,2734.2000,3,1,2,1,1,1,1,1,1,1
SF,IH2009,2020-05-14 09:32:22.900,2731.4000,12639,0,107372160.000,0,-,-,-,-,2730.4000,2730.2000,2730.0000,2729.8000,2729.6000,2732.0000,2732.2000,2732.4000,2732.6000,2733.8000,3,1,2,1,1,1,3,1,1,1
SF,IH2009,2020-05-14 09:32:23.400,2731.4000,12639,0,107372160.000,0,-,-,-,-,2730.4000,2730.2000,2730.0000,2729.8000,2729.6000,2731.8000,2732.0000,2732.2000,2732.6000,2733.8000,3,1,2,1,1,2,1,1,1,1
SF,IH2009,2020-05-14 09:32:24.400,2731.4000,12639,0,107372160.000,0,-,-,-,-,2731.0000,2730.4000,2730.2000,2730.0000,2729.8000,2731.8000,2732.0000,2732.2000,2732.6000,2733.8000,1,3,1,2,1,2,1,1,1,1
SF,IH2009,2020-05-14 09:32:24.900,2731.4000,12639,0,107372160.000,0,-,-,-,-,2731.0000,2730.4000,2730.2000,2730.0000,2729.8000,2731.8000,2732.0000,2732.2000,2732.6000,2733.8000,1,2,1,2,1,2,1,1,1,1
SF,IH2009,2020-05-14 09:32:25.400,2732.0000,12638,-1,110650320.000,4,1,3,多平,S,2731.8000,2731.0000,2730.4000,2730.2000,2730.0000,2732.2000,2732.6000,2733.8000,2734.0000,2734.2000,1,1,2,1,2,1,1,1,1,1
SF,IH2009,2020-05-14 09:32:25.900,2731.8000,12636,-2,112289520.000,2,0,2,双平,S,2731.0000,2730.4000,2730.2000,2730.0000,2729.8000,2732.6000,2733.8000,2734.0000,2734.2000,2734.4000,2,2,1,2,1,1,1,1,1,1
SF,IH2009,2020-05-14 09:32:26.400,2731.8000,12636,0,112289520.000,0,-,-,-,-,2731.2000,2731.0000,2730.2000,2730.0000,2729.8000,2731.8000,2732.6000,2733.8000,2734.0000,2734.2000,2,2,1,3,1,1,1,1,1,1
SF,IH2009,2020-05-14 09:32:26.900,2731.8000,12635,-1,113109060.000,1,0,1,双平,S,2731.8000,2731.6000,2731.2000,2731.0000,2730.2000,2732.6000,2733.8000,2734.0000,2734.2000,2734.4000,1,1,2,2,1,1,1,1,1,1
SF,IH2009,2020-05-14 09:32:30.400,2732.6000,12634,-1,113928840.000,1,0,1,双平,S,2731.8000,2731.6000,2731.2000,2731.0000,2730.2000,2733.8000,2734.0000,2734.2000,2734.4000,2734.6000,2,1,1,2,1,1,1,1,1,1
SF,IH2009,2020-05-14 09:32:30.900,2732.0000,12633,-1,115568040.000,2,0,2,多平,S,2731.8000,2731.0000,2730.2000,2730.0000,2729.8000,2733.6000,2733.8000,2734.0000,2734.2000,2734.4000,2,2,1,3,1,4,1,1,1,1
SF,IH2009,2020-05-14 09:32:31.400,2732.0000,12633,0,115568040.000,0,-,-,-,-,2732.2000,2732.0000,2731.8000,2731.0000,2730.2000,2733.6000,2733.8000,2734.0000,2734.2000,2734.4000,1,2,2,2,1,3,1,1,1,1
SF,IH2009,2020-05-14 09:32:31.900,2732.0000,12631,-2,117207300.000,2,0,2,双平,S,2731.8000,2731.0000,2730.2000,2730.0000,2729.8000,2732.2000,2733.4000,2733.6000,2733.8000,2734.0000,1,2,1,3,1,2,1,3,1,1
SF,IH2009,2020-05-14 09:32:32.400,2731.8000,12632,1,118026840.000,1,1,0,双开,S,2731.0000,2730.2000,2730.0000,2729.8000,2729.6000,2732.2000,2733.6000,2733.8000,2734.0000,2734.2000,2,1,3,1,1,2,2,1,1,1
SF,IH2009,2020-05-14 09:32:32.900,2731.8000,12632,0,118026840.000,0,-,-,-,-,2731.0000,2730.2000,2730.0000,2729.8000,2729.6000,2732.2000,2733.6000,2733.8000,2734.0000,2734.2000,1,1,3,1,1,1,2,1,1,1
SF,IH2009,2020-05-14 09:32:33.400,2731.8000,12632,0,118026840.000,0,-,-,-,-,2731.0000,2730.2000,2730.0000,2729.8000,2729.6000,2732.0000,2732.2000,2733.6000,2733.8000,2734.0000,1,1,3,1,1,2,1,1,1,1
SF,IH2009,2020-05-14 09:32:33.900,2731.8000,12632,0,118026840.000,0,-,-,-,-,2731.0000,2730.2000,2730.0000,2729.8000,2729.6000,2732.0000,2732.2000,2733.6000,2733.8000,2734.0000,1,1,2,1,1,2,1,1,1,1
SF,IH2009,2020-05-14 09:32:34.400,2731.8000,12632,0,118026840.000,0,-,-,-,-,2731.0000,2730.2000,2730.0000,2729.8000,2729.6000,2732.0000,2732.2000,2733.8000,2734.0000,2734.2000,2,1,2,1,1,2,1,1,1,1
SF,IH2009,2020-05-14 09:32:36.900,2731.8000,12632,0,118026840.000,0,-,-,-,-,2731.0000,2730.2000,2730.0000,2729.8000,2729.6000,2732.0000,2732.2000,2733.8000,2734.0000,2734.2000,2,1,2,1,1,2,1,1,1,1
SF,IH2009,2020-05-14 09:32:37.400,2731.8000,12632,0,118026840.000,0,-,-,-,-,2731.0000,2730.2000,2730.0000,2729.8000,2729.6000,2732.0000,2732.2000,2733.8000,2734.0000,2734.2000,1,1,2,1,1,2,1,1,1,1
SF,IH2009,2020-05-14 09:32:37.900,2731.8000,12632,0,118026840.000,0,-,-,-,-,2731.2000,2731.0000,2730.2000,2730.0000,2729.8000,2732.0000,2732.2000,2733.8000,2734.0000,2734.2000,2,2,1,2,1,2,1,1,1,1
SF,IH2009,2020-05-14 09:32:38.400,2731.8000,12632,0,118026840.000,0,-,-,-,-,2731.2000,2731.0000,2730.2000,2730.0000,2729.8000,2732.0000,2732.2000,2733.8000,2734.0000,2734.2000,2,1,1,2,1,2,1,1,1,1
SF,IH2009,2020-05-14 09:32:38.900,2732.0000,12631,-1,118846440.000,1,0,1,双平,S,2731.4000,2731.2000,2731.0000,2730.2000,2730.0000,2732.0000,2732.2000,2733.8000,2734.0000,2734.2000,1,3,1,1,2,1,1,1,1,1
SF,IH2009,2020-05-14 09:32:39.400,2732.0000,12631,0,118846440.000,0,-,-,-,-,2731.4000,2731.0000,2730.2000,2730.0000,2729.8000,2732.0000,2732.2000,2733.8000,2734.0000,2734.2000,1,1,1,2,1,1,1,1,1,1
SF,IH2009,2020-05-14 09:32:41.400,2732.0000,12631,0,118846440.000,0,-,-,-,-,2731.4000,2731.0000,2730.2000,2730.0000,2729.8000,2732.0000,2732.2000,2733.8000,2734.2000,2734.4000,1,1,1,2,1,1,1,1,1,1
SF,IH2009,2020-05-14 09:32:41.900,2731.4000,12631,0,119665860.000,1,0,1,多换,S,2731.0000,2730.2000,2730.0000,2729.8000,2729.6000,2732.0000,2732.2000,2732.8000,2733.8000,2734.2000,1,1,2,1,1,1,1,1,1,1
SF,IH2009,2020-05-14 09:32:42.400,2731.4000,12631,0,119665860.000,0,-,-,-,-,2731.0000,2730.2000,2730.0000,2729.8000,2729.6000,2732.0000,2732.2000,2732.8000,2733.8000,2734.2000,2,1,2,1,1,1,1,1,1,1
SF,IH2009,2020-05-14 09:32:42.900,2732.0000,12630,-1,120485460.000,1,0,1,双平,S,2731.0000,2730.2000,2730.0000,2729.8000,2729.6000,2732.2000,2732.8000,2733.8000,2734.2000,2734.4000,2,1,2,1,1,1,1,1,1,1
SF,IH2009,2020-05-14 09:32:43.400,2732.0000,12630,0,120485460.000,0,-,-,-,-,2731.2000,2731.0000,2730.2000,2730.0000,2729.8000,2732.2000,2732.8000,2733.8000,2734.2000,2734.4000,1,2,1,2,1,1,1,1,1,1
SF,IH2009,2020-05-14 09:32:44.400,2732.0000,12630,0,120485460.000,0,-,-,-,-,2731.0000,2730.2000,2730.0000,2729.6000,2729.4000,2732.2000,2732.8000,2733.8000,2734.2000,2734.4000,2,1,2,1,2,1,1,1,1,1
SF,IH2009,2020-05-14 09:32:44.900,2732.0000,12630,0,120485460.000,0,-,-,-,-,2731.0000,2730.8000,2730.2000,2730.0000,2729.6000,2732.2000,2732.8000,2733.8000,2734.2000,2734.4000,2,1,1,2,1,1,1,1,1,1
SF,IH2009,2020-05-14 09:32:45.400,2732.0000,12630,0,120485460.000,0,-,-,-,-,2731.2000,2731.0000,2730.8000,2730.2000,2730.0000,2732.0000,2732.2000,2732.8000,2733.8000,2734.2000,1,1,1,1,2,1,1,1,1,1
SF,IH2009,2020-05-14 09:32:45.900,2732.0000,12630,0,120485460.000,0,-,-,-,-,2731.2000,2731.0000,2730.8000,2730.2000,2730.0000,2732.0000,2732.2000,2732.8000,2733.8000,2734.2000,1,1,1,1,2,1,1,1,1,1
SF,IH2009,2020-05-14 09:32:46.400,2732.0000,12630,0,120485460.000,0,-,-,-,-,2731.2000,2731.0000,2730.8000,2730.2000,2730.0000,2732.0000,2732.2000,2732.8000,2733.8000,2734.2000,1,2,1,1,2,1,1,1,1,1
SF,IH2009,2020-05-14 09:32:47.400,2732.0000,12630,0,120485460.000,0,-,-,-,-,2731.2000,2731.0000,2730.8000,2730.2000,2730.0000,2731.8000,2732.0000,2732.2000,2732.8000,2733.8000,1,2,1,1,2,1,1,1,1,1
SF,IH2009,2020-05-14 09:32:48.400,2731.2000,12631,1,121304820.000,1,1,0,双开,S,2731.0000,2730.8000,2730.2000,2730.0000,2729.6000,2731.8000,2732.0000,2732.2000,2732.8000,2733.8000,2,1,1,2,1,1,1,1,1,1
SF,IH2009,2020-05-14 09:32:48.900,2731.2000,12631,0,121304820.000,0,-,-,-,-,2731.0000,2730.8000,2730.2000,2730.0000,2729.6000,2731.8000,2732.2000,2732.8000,2733.8000,2734.2000,2,1,1,2,1,1,1,1,1,1
SF,IH2009,2020-05-14 09:32:49.400,2731.2000,12631,0,121304820.000,0,-,-,-,-,2731.0000,2730.8000,2730.2000,2730.0000,2729.6000,2731.8000,2732.2000,2732.8000,2733.8000,2734.2000,2,1,1,2,1,2,1,1,1,1
SF,IH2009,2020-05-14 09:32:50.900,2731.2000,12631,0,121304820.000,0,-,-,-,-,2731.0000,2730.8000,2730.2000,2730.0000,2729.6000,2731.8000,2732.2000,2732.8000,2733.8000,2734.2000,2,1,1,2,1,1,1,1,1,1
SF,IH2009,2020-05-14 09:32:52.400,2731.8000,12630,-1,122124360.000,1,0,1,双平,S,2731.0000,2730.8000,2730.2000,2730.0000,2729.6000,2732.2000,2732.8000,2733.8000,2734.2000,2734.4000,2,1,1,2,1,1,1,1,1,1
SF,IH2009,2020-05-14 09:32:52.900,2731.8000,12630,0,122124360.000,0,-,-,-,-,2731.2000,2731.0000,2730.8000,2730.2000,2730.0000,2732.2000,2732.8000,2733.8000,2734.2000,2734.4000,1,2,1,1,3,1,1,1,1,1
SF,IH2009,2020-05-14 09:32:53.400,2731.8000,12630,0,122124360.000,0,-,-,-,-,2731.0000,2730.8000,2730.2000,2730.0000,2729.6000,2732.2000,2732.8000,2733.8000,2734.2000,2734.4000,2,1,1,3,1,1,1,1,1,1
SF,IH2009,2020-05-14 09:32:53.900,2731.8000,12630,0,122124360.000,0,-,-,-,-,2731.2000,2731.0000,2730.8000,2730.2000,2730.0000,2732.2000,2732.8000,2733.8000,2734.2000,2734.4000,1,2,1,1,3,1,1,1,1,1
SF,IH2009,2020-05-14 09:32:54.400,2731.8000,12630,0,122124360.000,0,-,-,-,-,2731.0000,2730.8000,2730.2000,2730.0000,2729.6000,2732.2000,2732.8000,2733.8000,2734.2000,2734.4000,2,1,1,3,1,1,1,1,1,1
SF,IH2009,2020-05-14 09:32:54.900,2731.8000,12630,0,122124360.000,0,-,-,-,-,2731.2000,2731.0000,2730.8000,2730.2000,2730.0000,2732.2000,2732.8000,2733.8000,2734.2000,2734.4000,1,2,1,1,3,1,1,1,1,1
SF,IH2009,2020-05-14 09:32:55.900,2731.8000,12630,0,122124360.000,0,-,-,-,-,2731.0000,2730.8000,2730.2000,2730.0000,2729.6000,2732.2000,2732.8000,2733.8000,2734.2000,2734.4000,2,1,1,3,1,1,1,1,1,1
SF,IH2009,2020-05-14 09:32:56.900,2731.8000,12630,0,122124360.000,0,-,-,-,-,2731.0000,2730.8000,2730.2000,2730.0000,2729.6000,2732.0000,2732.2000,2732.8000,2733.8000,2734.2000,2,1,1,3,1,1,2,1,1,1
SF,IH2009,2020-05-14 09:32:57.400,2731.8000,12630,0,122124360.000,0,-,-,-,-,2731.0000,2730.8000,2730.2000,2730.0000,2729.6000,2732.0000,2732.2000,2732.8000,2733.8000,2734.2000,2,1,1,3,1,1,1,1,1,1
SF,IH2009,2020-05-14 09:32:57.900,2731.8000,12630,0,122124360.000,0,-,-,-,-,2731.0000,2730.8000,2730.2000,2730.0000,2729.6000,2732.0000,2732.2000,2732.8000,2733.8000,2734.2000,2,1,1,3,1,2,1,1,1,1
SF,IH2009,2020-05-14 09:32:58.400,2732.0000,12630,0,122943960.000,1,0,1,多换,S,2731.0000,2730.8000,2730.2000,2730.0000,2729.6000,2732.2000,2732.8000,2733.8000,2734.2000,2734.4000,2,1,1,3,1,1,1,1,1,1
SF,IH2009,2020-05-14 09:32:58.900,2732.0000,12630,0,122943960.000,0,-,-,-,-,2731.0000,2730.8000,2730.2000,2730.0000,2729.6000,2731.8000,2732.2000,2732.8000,2733.8000,2734.2000,2,1,1,3,1,1,1,1,1,1
SF,IH2009,2020-05-14 09:32:59.400,2732.0000,12630,0,122943960.000,0,-,-,-,-,2731.0000,2730.8000,2730.2000,2730.0000,2729.6000,2732.2000,2732.8000,2733.8000,2734.2000,2734.4000,2,1,1,3,1,1,1,1,1,1
SF,IH2009,2020-05-14 09:32:59.900,2732.0000,12630,0,122943960.000,0,-,-,-,-,2731.0000,2730.8000,2730.2000,2730.0000,2729.6000,2731.8000,2732.2000,2732.8000,2733.8000,2734.2000,2,1,1,3,1,1,1,1,1,1
SF,IH2009,2020-05-14 09:33:00.400,2732.0000,12630,0,122943960.000,0,-,-,-,-,2731.0000,2730.8000,2730.2000,2730.0000,2729.6000,2732.2000,2732.8000,2733.8000,2734.2000,2734.4000,2,1,1,3,1,1,1,1,1,1
SF,IH2009,2020-05-14 09:33:01.400,2732.0000,12630,0,122943960.000,0,-,-,-,-,2731.0000,2730.8000,2730.2000,2730.0000,2729.6000,2732.2000,2732.8000,2733.8000,2734.2000,2734.4000,2,1,1,3,1,2,1,1,1,1
SF,IH2009,2020-05-14 09:33:01.900,2732.0000,12630,0,122943960.000,0,-,-,-,-,2731.0000,2730.8000,2730.2000,2730.0000,2729.6000,2732.0000,2732.2000,2732.8000,2733.8000,2734.2000,2,1,1,3,1,1,1,1,1,1
SF,IH2009,2020-05-14 09:33:02.400,2731.0000,12630,0,123763260.000,1,0,1,多换,S,2731.0000,2730.8000,2730.2000,2730.0000,2729.6000,2732.0000,2732.2000,2732.8000,2733.8000,2734.2000,1,1,1,3,1,2,1,1,1,1
SF,IH2009,2020-05-14 09:33:02.900,2729.6000,12635,5,129496740.000,7,6,1,空开,S,2729.4000,2729.2000,2728.8000,2728.4000,2728.2000,2732.0000,2732.2000,2732.8000,2733.8000,2734.2000,2,1,1,2,1,2,1,1,1,1
SF,IH2009,2020-05-14 09:33:03.400,2729.6000,12635,0,129496740.000,0,-,-,-,-,2729.8000,2729.6000,2729.4000,2729.2000,2728.8000,2731.8000,2732.0000,2732.2000,2732.8000,2733.8000,1,4,2,1,1,2,1,1,1,1
SF,IH2009,2020-05-14 09:33:03.900,2729.6000,12635,0,129496740.000,0,-,-,-,-,2730.0000,2729.8000,2729.4000,2729.2000,2728.8000,2731.6000,2731.8000,2732.0000,2732.2000,2732.8000,5,1,2,1,1,1,2,1,1,1
SF,IH2009,2020-05-14 09:33:04.400,2729.6000,12635,0,129496740.000,0,-,-,-,-,2730.0000,2729.8000,2729.4000,2729.2000,2728.8000,2731.4000,2731.8000,2732.0000,2732.2000,2732.8000,5,1,2,1,1,1,1,1,1,1
SF,IH2009,2020-05-14 09:33:04.900,2729.6000,12635,0,129496740.000,0,-,-,-,-,2730.2000,2730.0000,2729.8000,2729.6000,2729.4000,2731.4000,2731.8000,2732.0000,2732.2000,2732.8000,1,4,1,1,2,1,1,1,1,1
SF,IH2009,2020-05-14 09:33:05.400,2729.6000,12635,0,129496740.000,0,-,-,-,-,2730.4000,2730.2000,2730.0000,2729.8000,2729.6000,2731.4000,2731.8000,2732.0000,2732.2000,2732.8000,1,1,2,1,1,1,1,1,1,1
SF,IH2009,2020-05-14 09:33:05.900,2729.6000,12635,0,129496740.000,0,-,-,-,-,2730.4000,2730.2000,2730.0000,2729.8000,2729.6000,2731.4000,2731.8000,2732.0000,2732.2000,2732.8000,2,1,3,1,1,1,1,1,1,1
SF,IH2009,2020-05-14 09:33:06.400,2729.6000,12635,0,129496740.000,0,-,-,-,-,2730.4000,2730.2000,2730.0000,2729.6000,2729.4000,2731.4000,2731.8000,2732.0000,2732.2000,2732.8000,2,2,3,1,2,1,1,1,1,1
SF,IH2009,2020-05-14 09:33:06.900,2729.6000,12635,0,129496740.000,0,-,-,-,-,2730.4000,2730.2000,2730.0000,2729.6000,2729.4000,2731.4000,2731.8000,2732.0000,2732.2000,2732.8000,2,1,3,1,2,1,1,1,1,1
SF,IH2009,2020-05-14 09:33:08.400,2729.6000,12635,0,129496740.000,0,-,-,-,-,2730.4000,2730.2000,2730.0000,2729.4000,2729.2000,2731.4000,2731.8000,2732.0000,2732.2000,2732.8000,2,1,3,2,1,1,1,1,1,1
SF,IH2009,2020-05-14 09:33:09.400,2729.6000,12635,0,129496740.000,0,-,-,-,-,2730.2000,2730.0000,2729.4000,2729.2000,2728.8000,2731.4000,2731.8000,2732.0000,2732.2000,2732.8000,1,3,2,1,1,1,1,1,1,1
SF,IH2009,2020-05-14 09:33:09.900,2729.6000,12635,0,129496740.000,0,-,-,-,-,2730.4000,2730.2000,2730.0000,2729.4000,2729.2000,2731.4000,2731.8000,2732.0000,2732.2000,2732.8000,1,1,3,2,1,1,1,1,1,1
SF,IH2009,2020-05-14 09:33:10.400,2729.6000,12635,0,129496740.000,0,-,-,-,-,2730.4000,2730.0000,2729.4000,2729.2000,2728.8000,2731.4000,2731.8000,2732.0000,2732.2000,2732.8000,2,3,2,1,1,1,1,1,1,1
SF,IH2009,2020-05-14 09:33:10.900,2729.6000,12635,0,129496740.000,0,-,-,-,-,2730.4000,2730.0000,2729.4000,2729.2000,2728.8000,2731.4000,2731.8000,2732.0000,2732.2000,2732.8000,2,2,2,1,1,1,1,1,1,1
SF,IH2009,2020-05-14 09:33:11.900,2729.6000,12635,0,129496740.000,0,-,-,-,-,2730.4000,2730.0000,2729.8000,2729.4000,2729.2000,2731.4000,2731.8000,2732.0000,2732.2000,2732.8000,2,2,1,2,1,1,1,1,1,1
SF,IH2009,2020-05-14 09:33:12.400,2729.6000,12635,0,129496740.000,0,-,-,-,-,2730.4000,2730.0000,2729.8000,2729.4000,2729.2000,2731.4000,2731.8000,2732.0000,2732.2000,2732.8000,1,2,1,2,1,1,1,1,1,1
SF,IH2009,2020-05-14 09:33:12.900,2730.4000,12635,0,130315860.000,1,0,1,多换,S,2730.0000,2729.8000,2729.4000,2729.2000,2728.8000,2731.4000,2731.8000,2732.0000,2732.2000,2732.8000,2,1,2,1,1,1,1,1,1,1
SF,IH2009,2020-05-14 09:33:13.400,2730.4000,12635,0,130315860.000,0,-,-,-,-,2729.8000,2729.4000,2729.2000,2728.8000,2728.4000,2731.4000,2731.8000,2732.0000,2732.2000,2732.8000,1,2,1,1,3,1,1,1,1,1
SF,IH2009,2020-05-14 09:33:13.900,2730.4000,12635,0,130315860.000,0,-,-,-,-,2730.0000,2729.4000,2729.2000,2728.8000,2728.4000,2731.2000,2731.4000,2731.8000,2732.0000,2732.2000,1,2,1,1,3,1,1,1,1,1
SF,IH2009,2020-05-14 09:33:14.400,2730.4000,12635,0,130315860.000,0,-,-,-,-,2729.4000,2729.2000,2728.8000,2728.4000,2728.2000,2731.4000,2731.8000,2732.0000,2732.2000,2732.8000,2,1,1,3,1,1,1,1,1,1
SF,IH2009,2020-05-14 09:33:14.900,2730.4000,12635,0,130315860.000,0,-,-,-,-,2729.6000,2729.4000,2729.2000,2728.8000,2728.4000,2731.2000,2731.4000,2732.0000,2732.2000,2732.8000,3,2,1,1,3,2,1,1,1,1
SF,IH2009,2020-05-14 09:33:15.400,2730.4000,12635,0,130315860.000,0,-,-,-,-,2729.8000,2729.6000,2729.4000,2729.2000,2728.8000,2731.0000,2731.2000,2731.4000,2732.0000,2732.2000,1,3,2,1,1,1,2,1,1,1
SF,IH2009,2020-05-14 09:33:15.900,2730.4000,12635,0,130315860.000,0,-,-,-,-,2729.8000,2729.6000,2729.4000,2729.2000,2728.8000,2731.0000,2731.2000,2731.4000,2732.0000,2732.2000,1,2,2,1,1,1,1,1,1,1
SF,IH2009,2020-05-14 09:33:16.400,2730.4000,12635,0,130315860.000,0,-,-,-,-,2729.8000,2729.6000,2729.4000,2729.2000,2728.8000,2731.0000,2731.2000,2731.4000,2732.0000,2732.2000,1,2,2,1,1,1,1,1,1,1
SF,IH2009,2020-05-14 09:33:18.400,2731.0000,12635,0,131954100.000,2,1,1,多换,S,2729.6000,2729.4000,2729.2000,2728.8000,2728.4000,2731.2000,2731.4000,2732.0000,2732.2000,2732.8000,2,2,1,1,3,1,1,1,1,1
SF,IH2009,2020-05-14 09:33:18.900,2731.0000,12635,0,131954100.000,0,-,-,-,-,2729.8000,2729.6000,2729.4000,2729.2000,2728.8000,2731.0000,2731.2000,2732.0000,2732.2000,2732.8000,1,2,2,1,1,1,2,1,1,1
SF,IH2009,2020-05-14 09:33:19.400,2731.0000,12635,0,131954100.000,0,-,-,-,-,2729.6000,2729.4000,2729.2000,2728.8000,2728.4000,2731.0000,2731.2000,2732.0000,2732.2000,2732.8000,2,2,1,1,3,1,1,1,1,1
SF,IH2009,2020-05-14 09:33:19.900,2731.0000,12635,0,131954100.000,0,-,-,-,-,2729.8000,2729.6000,2729.4000,2729.2000,2728.8000,2731.0000,2731.2000,2732.0000,2732.2000,2732.8000,1,2,2,1,1,1,1,1,1,1
SF,IH2009,2020-05-14 09:33:20.400,2731.0000,12635,0,131954100.000,0,-,-,-,-,2729.6000,2729.4000,2729.2000,2728.8000,2728.4000,2731.0000,2731.2000,2732.0000,2732.2000,2732.8000,2,2,1,1,2,1,1,1,1,1
SF,IH2009,2020-05-14 09:33:20.900,2731.0000,12635,0,131954100.000,0,-,-,-,-,2729.8000,2729.6000,2729.4000,2729.2000,2728.8000,2731.0000,2731.2000,2732.0000,2732.2000,2732.8000,1,2,2,1,1,2,1,1,1,1
SF,IH2009,2020-05-14 09:33:21.400,2731.0000,12635,0,131954100.000,0,-,-,-,-,2729.6000,2729.4000,2729.2000,2728.8000,2728.4000,2731.0000,2731.2000,2732.0000,2732.2000,2732.8000,2,2,1,1,2,2,1,1,1,1
SF,IH2009,2020-05-14 09:33:21.900,2731.0000,12635,0,131954100.000,0,-,-,-,-,2729.8000,2729.6000,2729.4000,2729.2000,2728.8000,2731.0000,2731.2000,2732.0000,2732.2000,2732.8000,1,2,2,1,1,2,1,1,1,1
SF,IH2009,2020-05-14 09:33:22.400,2731.0000,12635,0,131954100.000,0,-,-,-,-,2729.6000,2729.4000,2729.2000,2728.8000,2728.4000,2731.0000,2731.2000,2732.0000,2732.2000,2732.8000,2,1,1,1,2,2,1,1,1,1
SF,IH2009,2020-05-14 09:33:22.900,2731.0000,12635,0,131954100.000,0,-,-,-,-,2729.6000,2729.4000,2729.2000,2728.8000,2728.4000,2730.8000,2731.0000,2731.2000,2732.0000,2732.2000,1,1,1,1,2,1,2,1,1,1
SF,IH2009,2020-05-14 09:33:23.400,2731.0000,12635,0,131954100.000,0,-,-,-,-,2729.6000,2729.4000,2729.2000,2728.8000,2728.4000,2731.0000,2731.2000,2732.0000,2732.2000,2732.8000,1,1,1,1,2,1,1,1,1,1
SF,IH2009,2020-05-14 09:33:23.900,2731.0000,12635,0,131954100.000,0,-,-,-,-,2729.8000,2729.6000,2729.4000,2729.2000,2728.8000,2731.0000,2731.2000,2732.0000,2732.2000,2732.8000,1,1,1,1,1,1,1,1,1,1
SF,IH2009,2020-05-14 09:33:24.400,2731.0000,12635,0,131954100.000,0,-,-,-,-,2729.6000,2729.4000,2729.2000,2728.8000,2728.4000,2731.0000,2731.2000,2732.0000,2732.2000,2732.8000,1,1,1,1,2,1,1,1,1,1
SF,IH2009,2020-05-14 09:33:25.900,2731.0000,12635,0,131954100.000,0,-,-,-,-,2729.8000,2729.6000,2729.4000,2729.2000,2728.8000,2731.0000,2731.2000,2732.0000,2732.2000,2732.8000,1,1,1,1,1,1,1,1,1,1
SF,IH2009,2020-05-14 09:33:26.400,2731.0000,12635,0,131954100.000,0,-,-,-,-,2729.6000,2729.4000,2729.2000,2728.8000,2728.4000,2731.0000,2731.2000,2732.0000,2732.2000,2732.8000,1,1,1,1,2,1,1,1,1,1
SF,IH2009,2020-05-14 09:33:26.900,2731.0000,12635,0,131954100.000,0,-,-,-,-,2729.8000,2729.6000,2729.4000,2729.2000,2728.8000,2731.0000,2731.2000,2732.0000,2732.2000,2732.8000,1,2,1,1,1,1,1,1,1,1
SF,IH2009,2020-05-14 09:33:27.400,2731.0000,12635,0,131954100.000,0,-,-,-,-,2729.6000,2729.4000,2729.2000,2728.8000,2728.4000,2731.0000,2731.2000,2732.0000,2732.2000,2732.8000,2,1,1,1,2,2,1,1,1,1
SF,IH2009,2020-05-14 09:33:27.900,2731.0000,12635,0,131954100.000,0,-,-,-,-,2729.8000,2729.6000,2729.4000,2729.2000,2728.8000,2731.0000,2731.2000,2732.0000,2732.2000,2732.8000,1,2,1,1,1,2,1,1,1,1
SF,IH2009,2020-05-14 09:33:28.400,2731.0000,12635,0,131954100.000,0,-,-,-,-,2729.6000,2729.4000,2729.2000,2728.8000,2728.4000,2730.8000,2731.0000,2731.2000,2732.0000,2732.2000,2,1,1,1,2,1,1,1,1,1
SF,IH2009,2020-05-14 09:33:28.900,2731.0000,12635,0,131954100.000,0,-,-,-,-,2729.8000,2729.6000,2729.4000,2729.2000,2728.8000,2730.8000,2731.2000,2732.0000,2732.2000,2732.8000,2,2,1,1,1,1,1,1,1,1
SF,IH2009,2020-05-14 09:33:29.400,2731.0000,12635,0,131954100.000,0,-,-,-,-,2730.4000,2730.0000,2729.8000,2729.6000,2729.4000,2730.8000,2731.2000,2732.0000,2732.2000,2732.8000,1,1,2,2,1,2,1,1,1,1
SF,IH2009,2020-05-14 09:33:29.900,2731.0000,12635,0,131954100.000,0,-,-,-,-,2730.0000,2729.6000,2729.4000,2729.2000,2728.8000,2730.8000,2732.0000,2732.2000,2732.8000,2734.2000,1,2,1,1,1,2,1,1,1,1
SF,IH2009,2020-05-14 09:33:30.400,2731.0000,12635,0,131954100.000,0,-,-,-,-,2729.6000,2729.4000,2729.2000,2728.8000,2728.4000,2730.8000,2732.0000,2732.2000,2732.8000,2734.2000,2,1,1,1,2,2,1,1,1,1
SF,IH2009,2020-05-14 09:33:30.900,2731.0000,12635,0,131954100.000,0,-,-,-,-,2729.8000,2729.6000,2729.4000,2729.2000,2728.8000,2730.8000,2732.0000,2732.2000,2732.8000,2734.2000,2,2,1,1,1,2,1,1,1,1
SF,IH2009,2020-05-14 09:33:31.400,2731.0000,12635,0,131954100.000,0,-,-,-,-,2729.8000,2729.6000,2729.4000,2729.2000,2728.8000,2730.8000,2732.0000,2732.2000,2732.8000,2734.2000,2,2,1,1,1,1,1,1,1,1
SF,IH2009,2020-05-14 09:33:32.900,2731.0000,12635,0,131954100.000,0,-,-,-,-,2729.8000,2729.6000,2729.4000,2729.2000,2728.8000,2730.8000,2732.0000,2732.2000,2732.8000,2734.2000,2,2,1,1,1,2,1,1,1,1
SF,IH2009,2020-05-14 09:33:33.900,2731.0000,12635,0,131954100.000,0,-,-,-,-,2729.8000,2729.6000,2729.4000,2729.2000,2728.8000,2730.8000,2732.0000,2732.2000,2732.8000,2734.2000,1,2,1,1,1,2,1,1,1,1
SF,IH2009,2020-05-14 09:33:34.400,2731.0000,12635,0,131954100.000,0,-,-,-,-,2729.6000,2729.4000,2729.2000,2728.8000,2728.4000,2730.6000,2730.8000,2732.0000,2732.2000,2732.8000,1,1,1,1,2,1,2,1,1,1
SF,IH2009,2020-05-14 09:33:34.900,2731.0000,12635,0,131954100.000,0,-,-,-,-,2729.6000,2729.4000,2729.2000,2728.8000,2728.4000,2730.6000,2730.8000,2732.0000,2732.2000,2732.8000,1,1,1,1,2,2,1,1,1,1
SF,IH2009,2020-05-14 09:33:35.400,2729.6000,12635,0,133592160.000,2,1,1,多换,S,2729.4000,2729.2000,2728.8000,2728.4000,2728.2000,2730.6000,2730.8000,2732.0000,2732.2000,2732.8000,1,1,1,2,2,2,1,1,1,1
SF,IH2009,2020-05-14 09:33:35.900,2729.6000,12635,0,133592160.000,0,-,-,-,-,2729.6000,2729.4000,2729.2000,2728.8000,2728.4000,2730.6000,2730.8000,2732.0000,2732.2000,2732.8000,1,1,1,1,2,2,1,1,1,1
SF,IH2009,2020-05-14 09:33:36.900,2729.6000,12635,0,133592160.000,0,-,-,-,-,2729.6000,2729.4000,2729.2000,2728.8000,2728.4000,2730.6000,2730.8000,2732.0000,2732.2000,2732.8000,1,1,1,1,2,2,1,1,1,1
SF,IH2009,2020-05-14 09:33:39.900,2729.6000,12635,0,133592160.000,0,-,-,-,-,2729.6000,2729.4000,2729.2000,2728.8000,2728.6000,2730.6000,2730.8000,2732.0000,2732.2000,2732.8000,1,1,1,1,1,2,1,1,1,1
SF,IH2009,2020-05-14 09:33:40.400,2729.6000,12635,0,133592160.000,0,-,-,-,-,2729.4000,2729.2000,2728.8000,2728.6000,2728.4000,2730.4000,2730.6000,2730.8000,2732.0000,2732.2000,1,1,1,1,2,1,1,1,1,1
SF,IH2009,2020-05-14 09:33:40.900,2729.6000,12635,0,133592160.000,0,-,-,-,-,2729.2000,2728.8000,2728.6000,2728.4000,2728.2000,2730.4000,2730.6000,2730.8000,2732.0000,2732.2000,1,1,1,2,1,1,1,1,1,1
SF,IH2009,2020-05-14 09:33:41.400,2729.6000,12635,0,133592160.000,0,-,-,-,-,2729.2000,2728.8000,2728.6000,2728.4000,2728.2000,2730.4000,2730.6000,2730.8000,2732.0000,2732.2000,1,1,1,2,1,2,1,1,1,1
SF,IH2009,2020-05-14 09:33:41.900,2729.6000,12635,0,133592160.000,0,-,-,-,-,2729.2000,2728.8000,2728.6000,2728.4000,2728.2000,2730.4000,2730.6000,2730.8000,2732.0000,2732.2000,1,1,1,2,1,1,1,1,1,1
SF,IH2009,2020-05-14 09:33:42.400,2729.6000,12635,0,133592160.000,0,-,-,-,-,2729.4000,2729.2000,2728.8000,2728.6000,2728.4000,2730.6000,2732.0000,2732.2000,2734.2000,2734.4000,3,1,1,1,2,1,1,1,1,1
SF,IH2009,2020-05-14 09:33:42.900,2729.6000,12635,0,133592160.000,0,-,-,-,-,2729.6000,2729.4000,2729.2000,2728.8000,2728.6000,2730.6000,2732.0000,2732.2000,2734.2000,2734.4000,2,3,1,1,1,2,1,1,1,1
SF,IH2009,2020-05-14 09:33:43.400,2729.6000,12635,0,133592160.000,0,-,-,-,-,2729.6000,2729.4000,2729.2000,2728.8000,2728.6000,2730.6000,2732.0000,2732.2000,2734.2000,2734.4000,2,2,1,1,1,2,1,1,1,1
SF,IH2009,2020-05-14 09:33:43.900,2729.6000,12635,0,133592160.000,0,-,-,-,-,2729.6000,2729.4000,2729.2000,2728.8000,2728.6000,2730.6000,2732.0000,2732.2000,2734.2000,2734.4000,2,1,1,1,1,2,1,1,1,1
SF,IH2009,2020-05-14 09:33:44.400,2728.4000,12638,3,139323240.000,7,5,2,空开,S,2728.4000,2728.2000,2728.0000,2727.4000,2725.0000,2730.6000,2732.0000,2732.2000,2734.2000,2734.4000,1,1,2,1,2,2,1,1,1,1
SF,IH2009,2020-05-14 09:33:44.900,2728.4000,12639,1,140141760.000,1,1,0,双开,S,2728.8000,2728.6000,2728.4000,2728.2000,2728.0000,2730.4000,2730.6000,2732.0000,2732.2000,2734.2000,2,3,2,1,2,1,2,1,1,1
SF,IH2009,2020-05-14 09:33:45.400,2728.4000,12639,0,140141760.000,0,-,-,-,-,2729.0000,2728.8000,2728.4000,2728.2000,2728.0000,2730.4000,2730.6000,2732.0000,2732.2000,2734.2000,4,2,2,1,2,1,1,1,1,1
SF,IH2009,2020-05-14 09:33:45.900,2730.4000,12639,0,140960880.000,1,0,1,多换,S,2729.4000,2729.0000,2728.8000,2728.6000,2728.4000,2730.6000,2732.0000,2732.2000,2734.2000,2734.4000,2,4,1,2,3,1,1,1,1,1
SF,IH2009,2020-05-14 09:33:46.400,2730.6000,12639,0,141780060.000,1,0,1,多换,S,2729.4000,2729.0000,2728.8000,2728.6000,2728.4000,2732.0000,2732.2000,2734.2000,2734.4000,2735.2000,2,3,3,2,4,1,1,1,1,1
SF,IH2009,2020-05-14 09:33:46.900,2730.6000,12639,0,141780060.000,0,-,-,-,-,2729.6000,2729.4000,2729.0000,2728.8000,2728.6000,2731.8000,2732.0000,2732.2000,2733.6000,2734.2000,1,2,3,5,2,2,2,1,1,1
SF,IH2009,2020-05-14 09:33:47.400,2730.6000,12639,0,141780060.000,0,-,-,-,-,2729.6000,2729.4000,2729.0000,2728.8000,2728.6000,2730.8000,2731.2000,2731.4000,2731.6000,2731.8000,1,2,3,5,3,1,1,1,1,2
SF,IH2009,2020-05-14 09:33:47.900,2730.6000,12639,0,141780060.000,0,-,-,-,-,2729.4000,2729.0000,2728.8000,2728.6000,2728.4000,2731.2000,2731.4000,2731.6000,2731.8000,2732.0000,2,3,5,3,4,3,1,1,1,1
SF,IH2009,2020-05-14 09:33:48.400,2729.6000,12639,0,142598940.000,1,0,1,多换,S,2729.6000,2729.4000,2729.2000,2729.0000,2728.8000,2731.0000,2731.2000,2731.4000,2732.0000,2732.2000,1,2,1,3,5,5,3,1,1,1
SF,IH2009,2020-05-14 09:33:48.900,2729.6000,12639,0,142598940.000,0,-,-,-,-,2729.8000,2729.4000,2729.2000,2729.0000,2728.8000,2730.6000,2731.0000,2731.2000,2732.0000,2732.2000,1,2,1,2,5,1,5,3,1,1
SF,IH2009,2020-05-14 09:33:49.400,2729.6000,12639,0,142598940.000,0,-,-,-,-,2729.4000,2729.2000,2729.0000,2728.8000,2728.6000,2730.6000,2730.8000,2731.0000,2731.2000,2732.0000,2,1,2,5,3,1,2,3,3,1
SF,IH2009,2020-05-14 09:33:49.900,2729.6000,12639,0,142598940.000,0,-,-,-,-,2729.6000,2729.4000,2729.2000,2729.0000,2728.8000,2730.6000,2730.8000,2731.0000,2731.2000,2732.0000,1,2,1,2,5,1,2,3,3,1
SF,IH2009,2020-05-14 09:33:50.400,2729.6000,12639,0,142598940.000,0,-,-,-,-,2729.6000,2729.4000,2729.2000,2729.0000,2728.8000,2730.6000,2731.0000,2731.2000,2732.0000,2732.2000,1,2,1,2,5,1,2,3,1,1
SF,IH2009,2020-05-14 09:33:50.900,2729.6000,12639,0,142598940.000,0,-,-,-,-,2729.6000,2729.4000,2729.2000,2729.0000,2728.8000,2730.6000,2731.0000,2731.2000,2732.0000,2732.2000,1,1,1,2,5,1,2,3,1,1
SF,IH2009,2020-05-14 09:33:52.400,2729.6000,12639,0,142598940.000,0,-,-,-,-,2729.6000,2729.4000,2729.2000,2729.0000,2728.8000,2730.6000,2731.0000,2731.2000,2732.0000,2732.2000,1,1,1,2,5,1,2,3,1,1
SF,IH2009,2020-05-14 09:33:53.900,2729.6000,12639,0,142598940.000,0,-,-,-,-,2729.6000,2729.4000,2729.2000,2729.0000,2728.8000,2730.6000,2731.0000,2731.2000,2732.0000,2732.2000,1,1,1,2,5,2,2,3,1,1
SF,IH2009,2020-05-14 09:33:54.900,2729.6000,12639,0,142598940.000,0,-,-,-,-,2729.6000,2729.4000,2729.2000,2729.0000,2728.8000,2730.6000,2731.0000,2731.2000,2732.0000,2732.2000,1,1,1,2,5,2,2,3,1,1
SF,IH2009,2020-05-14 09:33:56.400,2730.6000,12638,-1,144237300.000,2,0,2,多平,S,2730.6000,2729.6000,2729.4000,2729.2000,2729.0000,2731.0000,2731.2000,2732.0000,2732.2000,2734.2000,1,1,1,1,2,2,3,1,1,1
SF,IH2009,2020-05-14 09:33:56.900,2730.6000,12637,-1,145056480.000,1,0,1,双平,S,2729.6000,2729.4000,2729.2000,2729.0000,2728.8000,2730.6000,2731.0000,2731.2000,2732.0000,2732.2000,1,1,1,2,5,1,1,3,1,1
SF,IH2009,2020-05-14 09:33:57.400,2730.6000,12637,0,145056480.000,0,-,-,-,-,2729.6000,2729.4000,2729.2000,2729.0000,2728.8000,2730.6000,2731.0000,2731.2000,2732.0000,2732.2000,1,1,1,2,5,3,1,3,1,1
SF,IH2009,2020-05-14 09:33:57.900,2730.6000,12637,0,145056480.000,0,-,-,-,-,2729.8000,2729.6000,2729.4000,2729.2000,2729.0000,2730.6000,2731.0000,2731.2000,2732.0000,2732.2000,1,1,1,1,2,3,1,3,1,1
SF,IH2009,2020-05-14 09:33:58.900,2730.6000,12637,0,145056480.000,0,-,-,-,-,2729.8000,2729.6000,2729.4000,2729.2000,2729.0000,2730.6000,2731.0000,2731.2000,2732.0000,2732.2000,1,1,1,1,2,3,1,3,1,1
SF,IH2009,2020-05-14 09:33:59.400,2730.6000,12637,0,145056480.000,0,-,-,-,-,2729.8000,2729.6000,2729.4000,2729.2000,2729.0000,2730.6000,2731.0000,2731.2000,2732.0000,2732.2000,1,1,1,1,2,3,1,3,1,1
SF,IH2009,2020-05-14 09:33:59.900,2729.8000,12637,0,145875420.000,1,0,1,多换,S,2729.6000,2729.4000,2729.2000,2729.0000,2728.8000,2729.8000,2730.6000,2731.0000,2732.0000,2732.2000,1,1,1,2,7,1,3,1,1,1
SF,IH2009,2020-05-14 09:34:00.400,2729.8000,12636,-1,146694360.000,1,0,1,双平,S,2729.6000,2729.4000,2729.2000,2729.0000,2728.8000,2730.6000,2731.0000,2732.0000,2734.2000,2734.4000,1,1,1,2,6,3,1,1,1,1
SF,IH2009,2020-05-14 09:34:00.900,2729.8000,12636,0,146694360.000,0,-,-,-,-,2729.8000,2729.6000,2729.4000,2729.2000,2729.0000,2730.6000,2731.0000,2732.0000,2734.2000,2734.4000,2,2,1,1,2,3,1,1,1,1
SF,IH2009,2020-05-14 09:34:01.400,2729.8000,12636,0,146694360.000,0,-,-,-,-,2729.8000,2729.6000,2729.4000,2729.2000,2729.0000,2730.6000,2731.0000,2732.0000,2734.2000,2734.4000,2,1,1,1,2,3,1,1,1,1
SF,IH2009,2020-05-14 09:34:01.900,2730.6000,12637,1,148332720.000,2,1,1,空开,S,2730.0000,2729.4000,2729.2000,2729.0000,2728.8000,2730.6000,2731.0000,2732.0000,2734.2000,2734.4000,2,1,1,2,6,1,1,1,1,1
SF,IH2009,2020-05-14 09:34:02.400,2730.6000,12637,0,148332720.000,0,-,-,-,-,2730.0000,2729.4000,2729.2000,2729.0000,2728.8000,2730.6000,2731.0000,2732.0000,2734.2000,2734.4000,1,1,1,2,6,1,1,1,1,1
SF,IH2009,2020-05-14 09:34:03.400,2730.6000,12637,0,148332720.000,0,-,-,-,-,2730.0000,2729.4000,2729.2000,2729.0000,2728.8000,2730.4000,2730.6000,2731.0000,2732.0000,2734.2000,1,1,1,2,6,1,1,1,1,1
SF,IH2009,2020-05-14 09:34:03.900,2730.6000,12637,0,148332720.000,0,-,-,-,-,2729.6000,2729.4000,2729.2000,2729.0000,2728.8000,2730.4000,2730.6000,2731.0000,2732.0000,2734.2000,1,1,1,2,6,1,1,1,1,1
SF,IH2009,2020-05-14 09:34:04.400,2730.6000,12637,0,148332720.000,0,-,-,-,-,2729.6000,2729.4000,2729.2000,2729.0000,2728.8000,2730.4000,2730.6000,2731.0000,2732.0000,2734.2000,1,1,1,2,6,1,1,1,1,1
SF,IH2009,2020-05-14 09:34:05.400,2730.6000,12637,0,148332720.000,0,-,-,-,-,2729.6000,2729.4000,2729.2000,2729.0000,2728.8000,2730.4000,2730.6000,2731.0000,2732.0000,2734.2000,1,1,1,2,6,1,1,1,1,1
SF,IH2009,2020-05-14 09:34:05.900,2730.6000,12637,0,148332720.000,0,-,-,-,-,2729.6000,2729.4000,2729.2000,2729.0000,2728.8000,2730.6000,2731.0000,2732.0000,2734.2000,2734.4000,1,1,1,2,6,1,1,1,1,1
SF,IH2009,2020-05-14 09:34:06.400,2730.6000,12637,0,148332720.000,0,-,-,-,-,2729.6000,2729.4000,2729.2000,2729.0000,2728.8000,2730.2000,2730.6000,2731.0000,2732.0000,2734.2000,1,1,1,2,6,1,1,1,1,1
SF,IH2009,2020-05-14 09:34:07.400,2730.6000,12637,0,148332720.000,0,-,-,-,-,2729.6000,2729.4000,2729.2000,2729.0000,2728.8000,2730.2000,2730.6000,2731.0000,2732.0000,2734.2000,1,1,1,2,4,1,1,1,1,1
SF,IH2009,2020-05-14 09:34:08.400,2730.6000,12637,0,148332720.000,0,-,-,-,-,2729.6000,2729.4000,2729.2000,2729.0000,2728.8000,2730.6000,2731.0000,2732.0000,2734.2000,2734.4000,1,1,1,2,4,1,1,1,1,1
SF,IH2009,2020-05-14 09:34:09.400,2730.6000,12637,0,148332720.000,0,-,-,-,-,2729.6000,2729.4000,2729.2000,2729.0000,2728.8000,2730.6000,2731.0000,2732.0000,2734.2000,2734.4000,1,1,1,2,4,1,1,1,1,1
SF,IH2009,2020-05-14 09:34:09.900,2730.6000,12637,0,148332720.000,0,-,-,-,-,2729.8000,2729.6000,2729.4000,2729.2000,2729.0000,2730.6000,2731.0000,2732.0000,2734.2000,2734.4000,1,1,1,1,2,1,1,1,1,1
SF,IH2009,2020-05-14 09:34:10.400,2730.6000,12637,0,149151900.000,1,0,1,多换,S,2729.8000,2729.6000,2729.4000,2729.2000,2729.0000,2731.0000,2732.0000,2734.2000,2734.4000,2735.2000,1,1,1,1,2,1,1,1,1,1
SF,IH2009,2020-05-14 09:34:10.900,2730.6000,12637,0,149151900.000,0,-,-,-,-,2730.0000,2729.8000,2729.6000,2729.2000,2729.0000,2731.0000,2732.0000,2734.2000,2734.4000,2735.2000,3,1,1,1,2,1,1,1,1,1
SF,IH2009,2020-05-14 09:34:11.400,2730.6000,12637,0,149151900.000,0,-,-,-,-,2730.2000,2730.0000,2729.8000,2729.6000,2729.2000,2732.0000,2734.2000,2734.4000,2735.2000,2735.4000,1,2,1,1,1,1,2,1,1,4
SF,IH2009,2020-05-14 09:34:11.900,2730.6000,12637,0,149151900.000,0,-,-,-,-,2730.0000,2729.8000,2729.6000,2729.2000,2729.0000,2731.4000,2731.8000,2732.0000,2734.2000,2734.4000,1,1,1,1,2,1,4,1,2,1
SF,IH2009,2020-05-14 09:34:12.400,2730.6000,12637,0,149151900.000,0,-,-,-,-,2730.0000,2729.8000,2729.6000,2729.2000,2729.0000,2731.2000,2731.4000,2731.8000,2732.0000,2734.2000,1,1,1,2,4,2,1,1,1,2
SF,IH2009,2020-05-14 09:34:12.900,2730.6000,12637,0,149151900.000,0,-,-,-,-,2730.0000,2729.8000,2729.4000,2729.2000,2729.0000,2731.2000,2731.4000,2731.8000,2732.0000,2734.2000,1,1,1,2,4,2,1,1,1,2
SF,IH2009,2020-05-14 09:34:13.400,2730.6000,12637,0,149151900.000,0,-,-,-,-,2729.8000,2729.4000,2729.2000,2729.0000,2728.8000,2731.2000,2731.4000,2731.8000,2732.0000,2734.2000,1,1,2,4,5,2,1,1,1,2
SF,IH2009,2020-05-14 09:34:14.400,2730.6000,12637,0,149151900.000,0,-,-,-,-,2729.8000,2729.2000,2729.0000,2728.8000,2728.6000,2731.2000,2731.4000,2731.8000,2732.0000,2734.2000,1,2,4,5,4,2,1,1,1,2
SF,IH2009,2020-05-14 09:34:14.900,2730.6000,12637,0,149151900.000,0,-,-,-,-,2729.8000,2729.2000,2729.0000,2728.8000,2728.6000,2731.2000,2731.8000,2732.0000,2734.2000,2734.4000,2,2,4,5,4,2,1,1,2,1
SF,IH2009,2020-05-14 09:34:15.400,2730.6000,12637,0,149151900.000,0,-,-,-,-,2730.0000,2729.8000,2729.2000,2729.0000,2728.8000,2731.2000,2731.8000,2732.0000,2734.2000,2734.4000,1,2,2,4,5,2,1,1,2,1
SF,IH2009,2020-05-14 09:34:15.900,2730.6000,12637,0,149151900.000,0,-,-,-,-,2730.0000,2729.8000,2729.2000,2729.0000,2728.8000,2731.2000,2731.8000,2732.0000,2734.2000,2734.4000,1,1,2,4,5,2,1,1,2,1
SF,IH2009,2020-05-14 09:34:17.400,2730.6000,12637,0,149151900.000,0,-,-,-,-,2730.0000,2729.8000,2729.2000,2729.0000,2728.8000,2731.2000,2731.8000,2732.0000,2734.2000,2734.4000,3,1,2,4,5,2,1,1,2,1
SF,IH2009,2020-05-14 09:34:17.900,2731.2000,12636,-1,149971260.000,1,0,1,双平,S,2730.0000,2729.8000,2729.2000,2729.0000,2728.8000,2731.2000,2731.8000,2732.0000,2734.2000,2734.4000,3,1,2,4,5,1,1,1,2,1
SF,IH2009,2020-05-14 09:34:18.400,2731.2000,12635,-1,150790620.000,1,0,1,双平,S,2731.2000,2730.0000,2729.8000,2729.2000,2729.0000,2731.8000,2732.0000,2734.2000,2734.4000,2735.2000,1,3,1,2,4,1,1,2,1,1
SF,IH2009,2020-05-14 09:34:18.900,2731.2000,12634,-1,151609980.000,1,0,1,双平,S,2730.2000,2730.0000,2729.8000,2729.2000,2729.0000,2731.6000,2732.0000,2734.2000,2734.4000,2735.2000,1,2,1,2,4,1,1,2,1,1
SF,IH2009,2020-05-14 09:34:19.400,2731.2000,12634,0,151609980.000,0,-,-,-,-,2730.4000,2730.2000,2730.0000,2729.8000,2729.2000,2732.0000,2734.2000,2734.4000,2735.2000,2735.4000,1,1,2,1,2,1,2,1,1,4
SF,IH2009,2020-05-14 09:34:19.900,2731.2000,12634,0,151609980.000,0,-,-,-,-,2730.6000,2730.4000,2730.0000,2729.8000,2729.2000,2731.8000,2732.0000,2734.2000,2734.4000,2735.2000,1,1,2,1,2,2,1,2,1,1
SF,IH2009,2020-05-14 09:34:20.400,2731.2000,12634,0,151609980.000,0,-,-,-,-,2730.4000,2730.0000,2729.8000,2729.4000,2729.2000,2731.8000,2732.0000,2734.2000,2734.4000,2735.2000,1,2,1,2,2,2,1,2,1,1
SF,IH2009,2020-05-14 09:34:20.900,2731.2000,12634,0,151609980.000,0,-,-,-,-,2730.4000,2730.0000,2729.8000,2729.6000,2729.4000,2731.8000,2732.0000,2734.2000,2734.4000,2735.2000,1,2,1,1,2,2,1,2,1,1
SF,IH2009,2020-05-14 09:34:23.400,2731.2000,12634,0,151609980.000,0,-,-,-,-,2730.6000,2730.4000,2730.0000,2729.8000,2729.6000,2731.8000,2732.0000,2734.2000,2734.4000,2735.2000,1,1,2,1,1,1,1,2,1,1
SF,IH2009,2020-05-14 09:34:23.900,2731.2000,12634,0,151609980.000,0,-,-,-,-,2730.4000,2730.0000,2729.8000,2729.6000,2729.4000,2731.8000,2734.2000,2734.4000,2735.2000,2735.4000,1,2,1,1,2,1,2,1,1,4
SF,IH2009,2020-05-14 09:34:24.400,2731.2000,12634,0,151609980.000,0,-,-,-,-,2730.0000,2729.8000,2729.6000,2729.4000,2729.2000,2731.8000,2734.2000,2734.4000,2735.2000,2735.4000,2,1,1,2,2,1,2,1,1,4
SF,IH2009,2020-05-14 09:34:24.900,2731.2000,12634,0,151609980.000,0,-,-,-,-,2730.2000,2730.0000,2729.8000,2729.6000,2729.4000,2731.6000,2731.8000,2734.2000,2734.4000,2735.2000,4,2,1,1,2,1,1,2,1,1
SF,IH2009,2020-05-14 09:34:25.400,2731.2000,12634,0,151609980.000,0,-,-,-,-,2730.4000,2730.2000,2730.0000,2729.8000,2729.6000,2731.6000,2731.8000,2734.2000,2734.4000,2735.2000,1,4,2,1,1,1,1,2,1,1
SF,IH2009,2020-05-14 09:34:25.900,2731.2000,12634,0,151609980.000,0,-,-,-,-,2730.6000,2730.4000,2730.2000,2730.0000,2729.8000,2731.8000,2734.2000,2734.4000,2735.2000,2735.4000,1,1,2,2,1,1,2,1,1,4
SF,IH2009,2020-05-14 09:34:26.400,2731.2000,12634,0,151609980.000,0,-,-,-,-,2730.6000,2730.2000,2730.0000,2729.8000,2729.6000,2731.8000,2734.2000,2734.4000,2735.2000,2735.4000,2,2,2,1,1,1,2,1,1,4
SF,IH2009,2020-05-14 09:34:26.900,2731.2000,12634,0,151609980.000,0,-,-,-,-,2730.8000,2730.6000,2730.2000,2730.0000,2729.8000,2734.2000,2734.4000,2735.2000,2735.4000,2736.0000,3,1,1,2,1,2,1,1,4,10
SF,IH2009,2020-05-14 09:34:27.400,2731.2000,12634,0,151609980.000,0,-,-,-,-,2731.0000,2730.8000,2730.6000,2730.2000,2730.0000,2732.6000,2733.2000,2733.8000,2734.0000,2734.2000,1,2,1,2,2,1,1,4,4,2
SF,IH2009,2020-05-14 09:34:27.900,2731.2000,12634,0,151609980.000,0,-,-,-,-,2731.0000,2730.8000,2730.2000,2730.0000,2729.8000,2732.4000,2734.0000,2734.2000,2734.4000,2735.2000,1,2,2,2,1,2,3,2,1,1
SF,IH2009,2020-05-14 09:34:28.400,2731.2000,12634,0,151609980.000,0,-,-,-,-,2731.0000,2730.8000,2730.2000,2730.0000,2729.8000,2732.4000,2734.0000,2734.2000,2734.4000,2735.2000,1,2,2,2,1,2,3,2,1,1
SF,IH2009,2020-05-14 09:34:28.900,2731.2000,12634,0,151609980.000,0,-,-,-,-,2731.0000,2730.8000,2730.2000,2730.0000,2729.8000,2732.4000,2734.0000,2734.2000,2734.4000,2735.2000,1,2,2,2,1,2,3,2,1,1
SF,IH2009,2020-05-14 09:34:29.400,2731.2000,12634,0,151609980.000,0,-,-,-,-,2731.0000,2730.8000,2730.2000,2730.0000,2729.8000,2732.4000,2734.0000,2734.2000,2734.4000,2735.2000,1,2,2,4,1,2,3,2,1,1
SF,IH2009,2020-05-14 09:34:29.900,2731.2000,12634,0,151609980.000,0,-,-,-,-,2731.8000,2730.8000,2730.2000,2730.0000,2729.8000,2732.4000,2734.0000,2734.2000,2734.4000,2735.2000,1,2,2,4,1,2,3,2,1,1
SF,IH2009,2020-05-14 09:34:30.400,2731.8000,12633,-1,152429520.000,1,0,1,双平,S,2731.0000,2730.8000,2730.2000,2730.0000,2729.8000,2732.4000,2734.0000,2734.2000,2734.4000,2735.2000,1,2,2,4,1,2,3,2,1,1
SF,IH2009,2020-05-14 09:34:30.900,2731.8000,12633,0,152429520.000,0,-,-,-,-,2731.0000,2730.8000,2730.2000,2730.0000,2729.8000,2732.4000,2734.0000,2734.2000,2734.4000,2735.2000,1,2,2,4,1,2,3,2,1,1
SF,IH2009,2020-05-14 09:34:31.400,2731.8000,12633,0,152429520.000,0,-,-,-,-,2731.0000,2730.8000,2730.2000,2730.0000,2729.8000,2732.4000,2734.0000,2734.2000,2734.4000,2735.0000,1,2,2,4,1,2,3,2,1,1
SF,IH2009,2020-05-14 09:34:33.400,2731.8000,12633,0,152429520.000,0,-,-,-,-,2731.0000,2730.8000,2730.2000,2730.0000,2729.8000,2732.4000,2734.0000,2734.2000,2734.4000,2735.0000,1,1,2,4,1,2,3,2,1,1
SF,IH2009,2020-05-14 09:34:33.900,2731.8000,12633,0,152429520.000,0,-,-,-,-,2730.8000,2730.2000,2730.0000,2729.8000,2729.6000,2732.4000,2734.0000,2734.2000,2734.4000,2735.0000,1,2,4,1,3,2,3,2,1,1
SF,IH2009,2020-05-14 09:34:34.400,2731.8000,12633,0,152429520.000,0,-,-,-,-,2731.0000,2730.8000,2730.2000,2730.0000,2729.8000,2732.4000,2734.0000,2734.2000,2734.4000,2735.0000,3,1,2,4,1,2,3,2,1,1
SF,IH2009,2020-05-14 09:34:34.900,2731.8000,12633,0,152429520.000,0,-,-,-,-,2731.0000,2730.8000,2730.2000,2730.0000,2729.8000,2732.4000,2734.0000,2734.2000,2734.4000,2735.0000,3,1,2,2,3,2,3,2,1,1
SF,IH2009,2020-05-14 09:34:35.400,2731.8000,12633,0,152429520.000,0,-,-,-,-,2731.2000,2731.0000,2730.2000,2730.0000,2729.8000,2732.4000,2734.0000,2734.2000,2734.4000,2735.0000,3,2,1,2,3,1,3,2,1,1
SF,IH2009,2020-05-14 09:34:35.900,2731.8000,12633,0,152429520.000,0,-,-,-,-,2731.4000,2731.2000,2730.2000,2730.0000,2729.8000,2732.4000,2734.0000,2734.2000,2734.4000,2735.0000,1,1,1,2,3,1,3,2,1,1
SF,IH2009,2020-05-14 09:34:36.400,2731.8000,12633,0,152429520.000,0,-,-,-,-,2731.4000,2731.2000,2730.4000,2730.2000,2730.0000,2732.4000,2734.0000,2734.2000,2734.4000,2735.0000,1,1,2,1,2,1,3,2,1,1
SF,IH2009,2020-05-14 09:34:36.900,2731.8000,12633,0,152429520.000,0,-,-,-,-,2731.4000,2731.2000,2730.4000,2730.2000,2730.0000,2732.4000,2734.0000,2734.2000,2734.4000,2735.0000,1,1,2,1,2,1,3,2,1,1
SF,IH2009,2020-05-14 09:34:37.400,2731.8000,12633,0,152429520.000,0,-,-,-,-,2731.4000,2731.2000,2730.8000,2730.4000,2730.2000,2732.4000,2734.0000,2734.2000,2734.4000,2735.0000,1,1,1,2,1,1,3,2,1,1
SF,IH2009,2020-05-14 09:34:37.900,2731.8000,12633,0,152429520.000,0,-,-,-,-,2731.4000,2731.2000,2730.8000,2730.2000,2730.0000,2732.4000,2734.0000,2734.2000,2734.4000,2735.0000,1,1,1,1,2,1,3,2,1,1
SF,IH2009,2020-05-14 09:34:38.400,2731.8000,12633,0,152429520.000,0,-,-,-,-,2731.2000,2730.8000,2730.2000,2730.0000,2729.8000,2732.4000,2734.0000,2734.2000,2734.4000,2735.0000,1,2,1,2,1,1,3,2,1,1
SF,IH2009,2020-05-14 09:34:38.900,2731.8000,12633,0,152429520.000,0,-,-,-,-,2731.4000,2731.2000,2730.8000,2730.2000,2730.0000,2732.4000,2734.0000,2734.2000,2734.4000,2735.0000,1,2,2,1,4,1,3,2,1,1
SF,IH2009,2020-05-14 09:34:39.400,2731.8000,12633,0,152429520.000,0,-,-,-,-,2731.4000,2731.2000,2730.8000,2730.2000,2730.0000,2732.4000,2734.0000,2734.2000,2734.4000,2735.0000,1,2,2,1,4,1,2,2,1,1
SF,IH2009,2020-05-14 09:34:39.900,2731.8000,12633,0,152429520.000,0,-,-,-,-,2731.2000,2730.8000,2730.2000,2730.0000,2729.8000,2732.4000,2734.0000,2734.2000,2734.4000,2735.0000,1,2,1,4,1,1,2,2,1,1
SF,IH2009,2020-05-14 09:34:40.400,2731.8000,12633,0,152429520.000,0,-,-,-,-,2731.4000,2731.2000,2730.8000,2730.2000,2730.0000,2732.4000,2734.0000,2734.2000,2734.4000,2735.0000,1,1,2,1,4,1,2,2,1,1
SF,IH2009,2020-05-14 09:34:40.900,2731.8000,12633,0,152429520.000,0,-,-,-,-,2731.4000,2731.2000,2730.8000,2730.2000,2730.0000,2732.4000,2734.0000,2734.2000,2734.4000,2735.0000,2,1,2,1,4,1,2,2,1,1
SF,IH2009,2020-05-14 09:34:41.400,2731.8000,12633,0,152429520.000,0,-,-,-,-,2731.4000,2731.2000,2730.8000,2730.2000,2730.0000,2732.4000,2734.0000,2734.2000,2734.4000,2735.0000,1,1,2,1,4,1,2,2,1,1
SF,IH2009,2020-05-14 09:34:41.900,2731.8000,12633,0,152429520.000,0,-,-,-,-,2731.4000,2731.2000,2730.8000,2730.2000,2730.0000,2732.4000,2734.0000,2734.2000,2734.4000,2735.0000,2,1,2,1,4,1,2,2,1,1
SF,IH2009,2020-05-14 09:34:42.400,2731.8000,12633,0,152429520.000,0,-,-,-,-,2731.4000,2731.2000,2730.8000,2730.2000,2730.0000,2732.4000,2734.0000,2734.2000,2734.4000,2735.0000,1,1,2,1,4,1,2,2,1,1
SF,IH2009,2020-05-14 09:34:43.900,2731.8000,12633,0,153249060.000,1,0,1,多换,S,2731.4000,2731.2000,2730.8000,2730.2000,2730.0000,2732.4000,2734.0000,2734.2000,2734.4000,2735.0000,1,1,2,1,4,1,2,2,1,1
SF,IH2009,2020-05-14 09:34:44.400,2731.8000,12633,0,153249060.000,0,-,-,-,-,2731.6000,2731.4000,2731.2000,2730.8000,2730.2000,2732.4000,2734.0000,2734.2000,2734.4000,2735.0000,1,2,1,2,1,1,2,2,1,1
SF,IH2009,2020-05-14 09:34:44.900,2731.8000,12633,0,153249060.000,0,-,-,-,-,2731.6000,2731.4000,2731.2000,2730.8000,2730.2000,2732.4000,2734.0000,2734.2000,2734.4000,2735.0000,1,1,1,2,1,1,2,2,1,1
SF,IH2009,2020-05-14 09:34:45.400,2731.8000,12633,0,153249060.000,0,-,-,-,-,2731.6000,2731.2000,2730.8000,2730.2000,2730.0000,2732.4000,2734.0000,2734.2000,2734.4000,2735.0000,1,1,1,1,6,1,2,2,1,1
SF,IH2009,2020-05-14 09:34:46.400,2731.8000,12633,0,153249060.000,0,-,-,-,-,2731.6000,2731.2000,2730.8000,2730.2000,2730.0000,2732.4000,2734.0000,2734.2000,2734.4000,2735.0000,1,1,1,1,6,1,2,2,1,1
SF,IH2009,2020-05-14 09:34:47.400,2732.4000,12632,-1,154068780.000,1,0,1,双平,S,2731.6000,2731.2000,2730.8000,2730.2000,2730.0000,2734.0000,2734.2000,2734.4000,2735.0000,2735.2000,2,1,1,1,6,2,2,1,1,1
SF,IH2009,2020-05-14 09:34:47.900,2732.4000,12632,0,154068780.000,0,-,-,-,-,2731.8000,2731.6000,2730.8000,2730.2000,2730.0000,2733.6000,2734.0000,2734.2000,2734.4000,2735.0000,1,2,1,1,6,1,2,2,1,1
SF,IH2009,2020-05-14 09:34:48.400,2732.4000,12632,0,154068780.000,0,-,-,-,-,2731.8000,2731.6000,2730.8000,2730.2000,2730.0000,2733.4000,2733.6000,2734.2000,2734.4000,2735.0000,1,2,1,1,6,4,1,2,1,1
SF,IH2009,2020-05-14 09:34:48.900,2732.4000,12632,0,154068780.000,0,-,-,-,-,2731.8000,2731.6000,2730.8000,2730.2000,2730.0000,2733.2000,2733.4000,2733.6000,2734.2000,2734.4000,2,1,1,1,6,1,3,1,2,1
SF,IH2009,2020-05-14 09:34:49.400,2732.4000,12632,0,154068780.000,0,-,-,-,-,2732.0000,2731.8000,2731.6000,2730.8000,2730.2000,2733.2000,2733.4000,2733.6000,2734.2000,2734.4000,1,2,1,1,1,1,2,1,2,1
SF,IH2009,2020-05-14 09:34:49.900,2732.4000,12632,0,154068780.000,0,-,-,-,-,2732.0000,2731.8000,2731.6000,2730.8000,2730.2000,2733.4000,2734.2000,2734.4000,2735.0000,2735.2000,1,1,1,1,1,2,2,1,1,1
SF,IH2009,2020-05-14 09:34:50.400,2732.4000,12632,0,154068780.000,0,-,-,-,-,2732.4000,2732.2000,2732.0000,2731.6000,2730.8000,2733.4000,2734.2000,2734.4000,2735.0000,2735.2000,1,2,1,1,1,2,2,1,1,1
SF,IH2009,2020-05-14 09:34:50.900,2732.4000,12632,0,154068780.000,0,-,-,-,-,2732.4000,2732.2000,2731.6000,2730.8000,2730.2000,2733.4000,2734.2000,2734.4000,2735.0000,2735.2000,2,2,1,1,1,1,2,1,1,1
SF,IH2009,2020-05-14 09:34:51.400,2732.4000,12632,0,154068780.000,0,-,-,-,-,2732.6000,2732.4000,2732.2000,2731.6000,2730.8000,2734.2000,2734.4000,2735.0000,2735.2000,2736.0000,1,2,2,1,1,1,1,1,1,10
SF,IH2009,2020-05-14 09:34:51.900,2732.4000,12632,0,154068780.000,0,-,-,-,-,2732.8000,2732.6000,2732.4000,2731.6000,2730.8000,2734.0000,2734.2000,2734.4000,2735.0000,2735.2000,3,1,2,1,1,1,1,1,1,1
SF,IH2009,2020-05-14 09:34:52.400,2732.4000,12632,0,154068780.000,0,-,-,-,-,2732.6000,2732.4000,2731.6000,2730.8000,2730.2000,2733.8000,2734.2000,2734.4000,2735.0000,2735.2000,1,1,1,1,1,1,1,1,1,1
SF,IH2009,2020-05-14 09:34:52.900,2732.4000,12632,0,154068780.000,0,-,-,-,-,2731.6000,2731.0000,2730.8000,2730.2000,2730.0000,2733.6000,2733.8000,2734.2000,2734.4000,2735.0000,3,2,1,1,2,1,1,1,1,1
SF,IH2009,2020-05-14 09:34:53.400,2732.4000,12632,0,154068780.000,0,-,-,-,-,2731.8000,2731.6000,2731.0000,2730.8000,2730.2000,2733.4000,2734.2000,2734.4000,2735.0000,2735.2000,3,3,2,1,1,3,1,1,1,1
SF,IH2009,2020-05-14 09:34:53.900,2732.4000,12632,0,154068780.000,0,-,-,-,-,2731.8000,2731.6000,2730.8000,2730.2000,2730.0000,2733.2000,2733.4000,2734.2000,2734.4000,2735.0000,2,3,1,1,4,1,2,1,1,1
SF,IH2009,2020-05-14 09:34:54.400,2732.4000,12632,0,154068780.000,0,-,-,-,-,2731.8000,2731.6000,2730.8000,2730.2000,2730.0000,2733.0000,2733.2000,2733.4000,2734.2000,2734.4000,2,1,3,4,4,1,1,1,1,1
SF,IH2009,2020-05-14 09:34:54.900,2732.4000,12632,0,154068780.000,0,-,-,-,-,2731.8000,2731.6000,2730.8000,2730.2000,2730.0000,2733.2000,2733.4000,2734.2000,2734.4000,2735.0000,1,1,3,4,4,1,1,1,1,1
SF,IH2009,2020-05-14 09:34:55.400,2732.4000,12632,0,154068780.000,0,-,-,-,-,2731.6000,2730.8000,2730.2000,2730.0000,2729.8000,2733.0000,2733.2000,2733.4000,2734.2000,2734.4000,1,3,4,4,1,1,1,1,1,1
SF,IH2009,2020-05-14 09:34:55.900,2732.4000,12632,0,154068780.000,0,-,-,-,-,2731.6000,2730.8000,2730.2000,2730.0000,2729.8000,2732.8000,2733.2000,2733.4000,2734.2000,2734.4000,2,3,4,4,1,2,1,1,1,1
SF,IH2009,2020-05-14 09:34:56.400,2732.4000,12632,0,154068780.000,0,-,-,-,-,2731.6000,2730.8000,2730.2000,2730.0000,2729.8000,2732.8000,2733.2000,2733.4000,2734.2000,2734.4000,2,3,4,4,1,1,1,1,1,1
SF,IH2009,2020-05-14 09:34:56.900,2732.4000,12632,0,154068780.000,0,-,-,-,-,2731.6000,2730.8000,2730.2000,2730.0000,2729.8000,2733.2000,2733.4000,2734.2000,2734.4000,2735.0000,2,3,4,4,1,1,1,1,1,1
SF,IH2009,2020-05-14 09:34:57.400,2732.4000,12632,0,154068780.000,0,-,-,-,-,2731.8000,2731.6000,2730.8000,2730.2000,2730.0000,2733.0000,2733.2000,2733.4000,2734.2000,2734.4000,2,2,3,1,4,1,1,1,1,1
SF,IH2009,2020-05-14 09:34:57.900,2732.4000,12632,0,154068780.000,0,-,-,-,-,2732.0000,2731.8000,2730.8000,2730.2000,2730.0000,2733.2000,2733.4000,2734.2000,2734.4000,2735.0000,1,2,3,1,4,1,1,1,1,1
SF,IH2009,2020-05-14 09:34:58.400,2732.4000,12632,0,154068780.000,0,-,-,-,-,2732.0000,2731.8000,2730.8000,2730.2000,2730.0000,2733.0000,2733.2000,2733.4000,2734.2000,2734.4000,1,1,3,1,4,2,1,1,1,1
SF,IH2009,2020-05-14 09:34:58.900,2732.0000,12632,0,154888380.000,1,0,1,多换,S,2732.0000,2731.8000,2730.8000,2730.2000,2730.0000,2733.0000,2733.2000,2733.4000,2734.2000,2734.4000,1,1,3,1,4,2,1,1,1,1
SF,IH2009,2020-05-14 09:34:59.400,2732.0000,12632,0,154888380.000,0,-,-,-,-,2732.0000,2730.8000,2730.2000,2730.0000,2729.8000,2732.8000,2733.0000,2733.4000,2734.2000,2734.4000,1,3,1,4,1,2,2,1,1,1
SF,IH2009,2020-05-14 09:34:59.900,2732.0000,12631,-1,155707980.000,1,0,1,双平,S,2730.8000,2730.2000,2730.0000,2729.8000,2729.6000,2732.8000,2733.4000,2734.2000,2734.4000,2735.0000,1,1,6,1,3,1,1,1,1,1
SF,IH2009,2020-05-14 09:35:00.400,2732.0000,12631,0,155707980.000,0,-,-,-,-,2732.0000,2731.0000,2730.8000,2730.2000,2730.0000,2732.6000,2732.8000,2734.2000,2734.4000,2735.0000,1,2,1,1,6,3,1,1,1,1
SF,IH2009,2020-05-14 09:35:00.900,2732.0000,12631,0,156527580.000,1,0,1,多换,S,2731.0000,2730.8000,2730.2000,2730.0000,2729.8000,2732.0000,2732.4000,2732.6000,2732.8000,2734.2000,1,1,1,6,1,1,1,1,1,1
SF,IH2009,2020-05-14 09:35:01.400,2731.0000,12630,-1,157346880.000,1,0,1,双平,S,2730.8000,2730.2000,2730.0000,2729.8000,2729.6000,2732.0000,2732.6000,2732.8000,2734.2000,2734.4000,1,1,6,1,3,2,1,1,1,1
SF,IH2009,2020-05-14 09:35:01.900,2731.0000,12630,0,157346880.000,0,-,-,-,-,2730.8000,2730.2000,2730.0000,2729.8000,2729.2000,2731.8000,2732.0000,2734.2000,2734.4000,2735.0000,1,1,4,1,1,2,2,1,1,1
SF,IH2009,2020-05-14 09:35:02.400,2730.8000,12629,-1,158166120.000,1,0,1,双平,S,2730.2000,2730.0000,2729.8000,2729.2000,2728.8000,2730.8000,2731.4000,2731.6000,2731.8000,2734.2000,1,2,1,3,5,1,1,2,2,1
SF,IH2009,2020-05-14 09:35:02.900,2730.8000,12629,0,158166120.000,0,-,-,-,-,2730.2000,2730.0000,2729.8000,2729.2000,2728.8000,2730.8000,2731.6000,2731.8000,2734.2000,2734.4000,1,2,1,3,4,1,1,1,1,1
SF,IH2009,2020-05-14 09:35:03.400,2730.8000,12629,0,158166120.000,0,-,-,-,-,2730.2000,2730.0000,2729.8000,2729.2000,2728.8000,2730.8000,2731.6000,2731.8000,2734.2000,2734.4000,1,2,1,3,4,2,1,1,1,1
SF,IH2009,2020-05-14 09:35:03.900,2730.8000,12629,0,158166120.000,0,-,-,-,-,2730.2000,2730.0000,2729.8000,2729.2000,2728.8000,2730.8000,2731.6000,2731.8000,2734.2000,2734.4000,1,2,1,1,5,1,1,1,1,1
SF,IH2009,2020-05-14 09:35:04.400,2730.8000,12630,1,158985360.000,1,1,0,双开,S,2730.2000,2730.0000,2729.8000,2729.2000,2728.8000,2731.6000,2731.8000,2734.2000,2734.4000,2735.0000,1,2,1,1,5,1,1,1,1,1
SF,IH2009,2020-05-14 09:35:04.900,2730.8000,12630,0,158985360.000,0,-,-,-,-,2730.2000,2730.0000,2729.8000,2729.2000,2728.8000,2730.8000,2731.4000,2731.6000,2734.2000,2734.4000,1,2,1,1,5,1,3,1,1,1
SF,IH2009,2020-05-14 09:35:05.400,2730.8000,12630,0,158985360.000,0,-,-,-,-,2730.2000,2730.0000,2729.2000,2728.8000,2728.6000,2731.4000,2731.6000,2734.2000,2734.4000,2735.0000,2,2,1,5,2,2,1,1,1,1
SF,IH2009,2020-05-14 09:35:05.900,2730.8000,12630,0,158985360.000,0,-,-,-,-,2730.2000,2730.0000,2729.2000,2728.8000,2728.6000,2731.2000,2731.4000,2734.2000,2734.4000,2735.0000,1,2,1,5,2,1,2,1,1,1
SF,IH2009,2020-05-14 09:35:06.400,2730.8000,12630,0,158985360.000,0,-,-,-,-,2730.4000,2730.2000,2730.0000,2729.2000,2728.8000,2731.0000,2731.4000,2734.2000,2734.4000,2735.0000,1,1,2,1,5,1,1,1,1,1
SF,IH2009,2020-05-14 09:35:06.900,2730.4000,12631,1,159804480.000,1,1,0,双开,S,2730.2000,2730.0000,2729.2000,2728.8000,2728.6000,2731.0000,2731.4000,2734.2000,2734.4000,2735.0000,1,2,1,5,2,1,1,1,1,1
SF,IH2009,2020-05-14 09:35:07.400,2730.0000,12631,0,161442540.000,2,1,1,多换,S,2730.0000,2729.2000,2728.8000,2728.6000,2728.4000,2730.8000,2731.0000,2733.0000,2734.2000,2734.4000,1,1,5,2,1,3,2,1,1,1
SF,IH2009,2020-05-14 09:35:07.900,2730.0000,12631,0,162261540.000,1,0,1,多换,S,2729.2000,2728.8000,2728.6000,2728.4000,2728.0000,2730.4000,2730.6000,2730.8000,2733.0000,2734.2000,1,3,2,1,2,1,1,3,1,1
SF,IH2009,2020-05-14 09:35:08.400,2730.0000,12631,0,162261540.000,0,-,-,-,-,2730.0000,2729.4000,2729.2000,2728.8000,2728.6000,2730.2000,2730.8000,2733.0000,2734.2000,2734.4000,1,1,1,3,2,3,1,1,1,1
SF,IH2009,2020-05-14 09:35:08.900,2730.0000,12631,0,163080540.000,1,0,1,多换,S,2729.4000,2729.2000,2728.8000,2728.6000,2728.4000,2730.0000,2730.2000,2730.8000,2733.0000,2734.2000,1,1,1,2,1,3,1,1,1,1
SF,IH2009,2020-05-14 09:35:09.400,2730.0000,12631,0,163080540.000,0,-,-,-,-,2729.4000,2729.2000,2728.8000,2728.4000,2728.0000,2730.2000,2731.0000,2733.0000,2734.2000,2734.4000,1,1,1,1,2,1,1,1,1,1
SF,IH2009,2020-05-14 09:35:09.900,2730.0000,12631,0,163080540.000,0,-,-,-,-,2729.6000,2729.4000,2729.2000,2728.8000,2728.4000,2730.2000,2731.0000,2731.8000,2733.0000,2734.2000,1,1,1,1,1,1,1,1,1,1
SF,IH2009,2020-05-14 09:35:10.400,2729.6000,12631,0,163899420.000,1,0,1,多换,S,2729.4000,2729.2000,2728.8000,2728.4000,2728.0000,2730.2000,2731.0000,2731.8000,2733.0000,2734.2000,1,1,1,1,2,2,1,1,1,1
