市场代码,合约代码,时间,最新,持仓,增仓,成交额,成交量,开仓,平仓,成交类型,方向,买一价,买二价,买三价,买四价,买五价,卖一价,卖二价,卖三价,卖四价,卖五价,买一量,买二量,买三量,买四量,买五量,卖一量,卖二量,卖三量,卖四量,卖五量
SF,IH2012,2020-06-16 09:29:00.300,2714.8000,6362,0,21989880.000,27.000,-,-,-,-,2702.4000,2702.0000,2701.4000,2700.4000,2700.0000,2714.8000,2716.0000,2717.0000,2720.0000,2724.0000,3,1,1,1,1,3,5,5,1,2
SF,IH2012,2020-06-16 09:30:00.300,2718.6000,6369,7,38292000.000,20,13,7,空开,S,2718.6000,2718.0000,2717.2000,2716.6000,2716.4000,2720.0000,2724.0000,2724.2000,2725.0000,2726.0000,1,1,1,1,1,1,2,1,2,1
SF,IH2012,2020-06-16 09:30:00.800,2720.0000,6368,-1,39924000.000,2,0,2,多平,S,2719.0000,2718.8000,2718.6000,2718.0000,2717.2000,2724.0000,2724.2000,2725.0000,2726.0000,2727.0000,2,4,1,1,1,2,1,2,1,1
SF,IH2012,2020-06-16 09:30:01.300,2719.0000,6367,-1,42371160.000,3,1,2,多平,S,2720.2000,2719.0000,2718.8000,2718.0000,2717.2000,2723.8000,2724.0000,2724.2000,2725.0000,2726.0000,3,4,4,1,1,3,2,1,1,1
SF,IH2012,2020-06-16 09:30:01.800,2719.0000,6367,0,42371160.000,0,-,-,-,-,2720.2000,2719.0000,2718.0000,2717.2000,2717.0000,2723.6000,2723.8000,2724.0000,2724.2000,2725.0000,4,4,1,1,1,3,3,2,1,1
SF,IH2012,2020-06-16 09:30:02.300,2720.2000,6366,-1,45635400.000,4,1,3,多平,S,2720.6000,2718.0000,2717.2000,2717.0000,2716.6000,2723.4000,2723.6000,2724.0000,2724.2000,2725.0000,2,1,1,6,1,3,3,2,1,1
SF,IH2012,2020-06-16 09:30:02.800,2720.2000,6366,0,45635400.000,0,-,-,-,-,2720.6000,2718.0000,2717.2000,2717.0000,2716.6000,2722.6000,2723.2000,2723.4000,2724.0000,2724.2000,2,1,1,6,1,1,3,3,2,1
SF,IH2012,2020-06-16 09:30:03.300,2720.6000,6366,0,46451580.000,1,0,1,多换,S,2720.6000,2718.0000,2717.2000,2717.0000,2716.6000,2722.4000,2722.6000,2724.0000,2724.2000,2725.0000,3,1,1,5,1,6,1,2,1,1
SF,IH2012,2020-06-16 09:30:03.800,2720.6000,6366,0,46451580.000,0,-,-,-,-,2720.6000,2718.0000,2717.2000,2717.0000,2716.6000,2722.4000,2722.6000,2724.0000,2724.2000,2725.0000,3,1,1,5,1,6,1,2,1,1
SF,IH2012,2020-06-16 09:30:04.300,2722.2000,6365,-1,51350580.000,6,2,4,多平,S,2720.6000,2718.0000,2717.2000,2717.0000,2716.6000,2722.4000,2722.6000,2724.0000,2724.2000,2725.0000,1,1,1,5,1,6,1,2,1,1
SF,IH2012,2020-06-16 09:30:04.800,2720.6000,6366,1,52982940.000,2,1,1,空开,S,2717.0000,2716.6000,2716.2000,2716.0000,2715.4000,2720.6000,2722.4000,2724.0000,2724.2000,2725.0000,5,1,2,1,8,3,6,2,1,1
SF,IH2012,2020-06-16 09:30:05.300,2720.6000,6366,0,52982940.000,0,-,-,-,-,2717.0000,2716.2000,2715.4000,2715.0000,2714.8000,2720.4000,2720.6000,2724.0000,2724.2000,2725.0000,5,2,8,1,2,6,3,2,1,1
SF,IH2012,2020-06-16 09:30:05.800,2720.6000,6366,0,52982940.000,0,-,-,-,-,2717.0000,2716.2000,2715.4000,2715.0000,2714.8000,2720.4000,2720.6000,2724.0000,2724.2000,2725.0000,5,2,8,1,2,4,3,2,1,1
SF,IH2012,2020-06-16 09:30:06.300,2720.6000,6365,-1,54615300.000,2,0,2,多平,S,2717.0000,2716.2000,2715.4000,2715.0000,2714.8000,2720.2000,2720.6000,2724.0000,2724.2000,2725.0000,4,2,8,1,2,2,3,2,1,1
SF,IH2012,2020-06-16 09:30:06.800,2720.6000,6365,0,54615300.000,0,-,-,-,-,2716.2000,2715.4000,2715.0000,2714.8000,2713.2000,2720.0000,2720.2000,2720.6000,2724.0000,2724.2000,2,8,1,2,5,1,2,3,2,1
SF,IH2012,2020-06-16 09:30:07.300,2720.6000,6365,0,54615300.000,0,-,-,-,-,2717.0000,2716.4000,2716.2000,2715.4000,2715.0000,2717.8000,2719.8000,2720.0000,2720.6000,2724.0000,4,1,2,8,1,5,2,1,3,2
SF,IH2012,2020-06-16 09:30:07.800,2717.0000,6356,-9,62767800.000,10,0,10,多平,S,2716.2000,2715.4000,2715.0000,2714.8000,2713.2000,2720.0000,2720.6000,2724.0000,2724.2000,2725.0000,2,8,1,2,5,1,3,2,1,1
SF,IH2012,2020-06-16 09:30:08.300,2717.0000,6356,0,62767800.000,0,-,-,-,-,2716.2000,2715.4000,2715.0000,2714.8000,2713.2000,2720.0000,2720.6000,2724.0000,2724.2000,2725.0000,2,8,1,1,5,1,3,2,1,1
SF,IH2012,2020-06-16 09:30:08.800,2717.0000,6356,0,62767800.000,0,-,-,-,-,2716.2000,2715.4000,2715.0000,2714.8000,2713.2000,2719.2000,2720.0000,2720.6000,2724.0000,2724.2000,2,8,1,1,5,1,1,3,2,1
SF,IH2012,2020-06-16 09:30:09.300,2717.0000,6356,0,62767800.000,0,-,-,-,-,2716.2000,2715.4000,2715.0000,2714.8000,2713.2000,2719.0000,2719.2000,2720.6000,2724.0000,2724.2000,2,8,1,1,5,1,1,3,2,1
SF,IH2012,2020-06-16 09:30:09.800,2717.0000,6356,0,62767800.000,0,-,-,-,-,2716.2000,2715.4000,2715.0000,2714.8000,2713.2000,2719.0000,2719.2000,2720.6000,2724.0000,2724.2000,2,8,1,1,5,1,1,3,2,1
SF,IH2012,2020-06-16 09:30:10.300,2717.0000,6356,0,62767800.000,0,-,-,-,-,2716.4000,2716.2000,2715.4000,2715.0000,2714.8000,2719.0000,2720.6000,2724.0000,2724.2000,2725.0000,5,6,8,1,1,1,3,2,1,1
SF,IH2012,2020-06-16 09:30:10.800,2717.0000,6356,0,62767800.000,0,-,-,-,-,2716.4000,2716.2000,2715.4000,2715.0000,2714.8000,2719.0000,2724.0000,2724.2000,2725.0000,2725.8000,5,6,8,1,1,1,2,1,1,1
SF,IH2012,2020-06-16 09:30:11.300,2717.0000,6356,0,62767800.000,0,-,-,-,-,2716.8000,2716.4000,2716.2000,2715.4000,2715.0000,2719.0000,2724.0000,2724.2000,2725.0000,2725.8000,1,1,2,8,1,1,2,1,1,1
SF,IH2012,2020-06-16 09:30:11.800,2717.0000,6356,0,62767800.000,0,-,-,-,-,2717.0000,2716.8000,2716.4000,2716.2000,2715.4000,2718.0000,2719.0000,2719.2000,2720.2000,2724.0000,1,1,1,2,8,1,1,1,1,2
SF,IH2012,2020-06-16 09:30:12.300,2719.0000,6354,-2,64398900.000,2,0,2,双平,S,2717.0000,2716.8000,2716.4000,2716.2000,2715.4000,2719.2000,2720.2000,2724.0000,2724.2000,2725.0000,1,5,1,2,8,1,1,2,1,1
SF,IH2012,2020-06-16 09:30:12.800,2719.2000,6354,0,65214660.000,1,0,1,多换,S,2719.2000,2717.2000,2717.0000,2716.8000,2716.4000,2720.2000,2724.0000,2724.2000,2725.0000,2725.8000,1,3,5,5,1,1,2,1,1,1
SF,IH2012,2020-06-16 09:30:13.300,2720.0000,6353,-1,66846420.000,2,0,2,多平,S,2717.2000,2717.0000,2716.8000,2716.4000,2716.2000,2720.2000,2724.0000,2724.2000,2725.0000,2725.8000,3,5,5,1,2,1,2,1,1,1
SF,IH2012,2020-06-16 09:30:13.800,2720.2000,6352,-1,67662480.000,1,0,1,双平,S,2717.6000,2717.4000,2717.2000,2717.0000,2716.8000,2724.0000,2724.2000,2725.0000,2725.8000,2726.0000,1,2,3,5,5,2,1,1,1,1
SF,IH2012,2020-06-16 09:30:14.300,2720.2000,6352,0,67662480.000,0,-,-,-,-,2717.8000,2717.6000,2717.4000,2717.2000,2717.0000,2723.8000,2724.0000,2724.2000,2725.0000,2725.8000,1,1,2,2,1,2,2,1,1,1
SF,IH2012,2020-06-16 09:30:14.800,2720.2000,6352,0,67662480.000,0,-,-,-,-,2719.2000,2717.8000,2717.4000,2717.2000,2717.0000,2720.0000,2723.8000,2724.0000,2724.2000,2725.0000,1,1,2,2,1,1,2,2,1,1
SF,IH2012,2020-06-16 09:30:15.300,2723.8000,6353,1,70111380.000,3,2,1,空开,S,2720.0000,2718.4000,2717.8000,2717.4000,2717.2000,2723.8000,2724.0000,2724.2000,2725.0000,2725.8000,1,1,1,2,2,1,2,1,1,1
SF,IH2012,2020-06-16 09:30:15.800,2723.8000,6353,0,70111380.000,0,-,-,-,-,2720.2000,2720.0000,2718.4000,2717.2000,2717.0000,2723.6000,2723.8000,2724.0000,2724.2000,2725.0000,1,1,1,2,1,2,1,2,1,1
SF,IH2012,2020-06-16 09:30:16.300,2723.4000,6351,-2,71744460.000,2,0,2,双平,S,2720.0000,2718.4000,2717.2000,2717.0000,2716.8000,2723.4000,2723.6000,2724.0000,2724.2000,2725.0000,1,1,1,1,5,2,3,2,1,1
SF,IH2012,2020-06-16 09:30:16.800,2723.4000,6351,0,71744460.000,0,-,-,-,-,2720.4000,2720.2000,2720.0000,2717.2000,2717.0000,2723.2000,2723.4000,2723.6000,2724.0000,2724.2000,1,2,1,1,1,1,3,2,2,1
SF,IH2012,2020-06-16 09:30:17.300,2720.2000,6353,2,74192700.000,3,2,1,空开,S,2720.0000,2717.2000,2717.0000,2716.8000,2716.2000,2723.0000,2723.2000,2723.4000,2723.6000,2724.0000,1,1,1,5,2,2,2,1,2,2
SF,IH2012,2020-06-16 09:30:17.800,2720.2000,6353,0,74192700.000,0,-,-,-,-,2720.0000,2717.2000,2717.0000,2716.8000,2716.2000,2723.0000,2723.2000,2723.6000,2724.0000,2724.2000,1,1,1,5,2,2,2,2,2,1
SF,IH2012,2020-06-16 09:30:18.300,2722.8000,6352,-1,75009540.000,1,0,1,双平,S,2720.0000,2717.2000,2717.0000,2716.8000,2716.2000,2723.0000,2723.2000,2723.6000,2724.0000,2724.2000,1,1,1,5,2,2,2,2,2,1
SF,IH2012,2020-06-16 09:30:18.800,2720.0000,6352,0,75825540.000,1,0,1,多换,S,2717.2000,2717.0000,2716.8000,2716.2000,2715.6000,2722.8000,2723.0000,2723.2000,2723.6000,2724.0000,1,1,5,2,1,1,2,1,2,2
SF,IH2012,2020-06-16 09:30:19.300,2720.0000,6352,0,75825540.000,0,-,-,-,-,2717.2000,2717.0000,2716.8000,2715.6000,2715.4000,2722.6000,2722.8000,2723.2000,2723.6000,2724.0000,1,1,5,1,8,2,2,1,1,2
SF,IH2012,2020-06-16 09:30:19.800,2717.2000,6351,-1,76640700.000,1,0,1,双平,S,2717.0000,2716.8000,2715.6000,2715.4000,2715.0000,2722.0000,2722.4000,2722.6000,2722.8000,2723.6000,1,5,1,8,1,1,1,2,2,1
SF,IH2012,2020-06-16 09:30:20.300,2717.2000,6351,0,76640700.000,0,-,-,-,-,2718.0000,2717.0000,2716.8000,2715.6000,2715.4000,2721.6000,2721.8000,2722.0000,2722.8000,2723.6000,1,1,1,1,8,1,2,2,2,1
SF,IH2012,2020-06-16 09:30:20.800,2717.2000,6351,0,76640700.000,0,-,-,-,-,2718.0000,2717.2000,2715.6000,2715.4000,2715.0000,2721.4000,2721.6000,2722.0000,2722.8000,2723.2000,2,1,1,8,1,2,1,2,1,1
SF,IH2012,2020-06-16 09:30:21.300,2718.0000,6352,1,77456100.000,1,1,0,双开,S,2718.0000,2717.2000,2715.6000,2715.4000,2715.0000,2721.2000,2721.4000,2722.0000,2722.8000,2723.2000,1,1,1,8,1,1,2,2,1,1
SF,IH2012,2020-06-16 09:30:21.800,2718.0000,6349,-3,79902060.000,3,0,3,双平,S,2715.6000,2715.4000,2715.0000,2714.8000,2713.2000,2721.0000,2721.2000,2721.4000,2722.0000,2722.8000,1,8,1,1,5,2,2,1,1,1
SF,IH2012,2020-06-16 09:30:22.300,2718.0000,6349,0,79902060.000,0,-,-,-,-,2718.2000,2716.0000,2715.8000,2715.6000,2715.4000,2720.2000,2721.0000,2721.2000,2722.0000,2722.8000,1,4,4,1,8,5,2,2,1,1
SF,IH2012,2020-06-16 09:30:22.800,2718.0000,6348,-1,80717460.000,1,0,1,双平,S,2716.0000,2715.8000,2715.6000,2715.4000,2715.0000,2718.0000,2720.0000,2720.2000,2720.6000,2721.0000,4,4,1,8,1,1,1,5,1,1
SF,IH2012,2020-06-16 09:30:23.300,2720.2000,6345,-3,83164320.000,3,0,3,双平,S,2716.6000,2716.2000,2716.0000,2715.8000,2715.6000,2720.2000,2720.6000,2721.0000,2721.2000,2722.0000,1,2,4,4,1,4,1,1,1,1
SF,IH2012,2020-06-16 09:30:23.800,2720.2000,6344,-1,83980380.000,1,0,1,双平,S,2716.8000,2716.6000,2716.2000,2716.0000,2715.8000,2720.2000,2721.0000,2721.2000,2722.0000,2722.8000,1,1,1,4,4,3,1,1,1,1
SF,IH2012,2020-06-16 09:30:24.300,2720.2000,6344,0,83980380.000,0,-,-,-,-,2717.6000,2717.2000,2716.8000,2716.2000,2716.0000,2720.2000,2721.0000,2721.2000,2722.0000,2722.8000,1,1,1,1,4,3,1,1,1,1
SF,IH2012,2020-06-16 09:30:24.800,2720.2000,6344,0,83980380.000,0,-,-,-,-,2717.8000,2717.6000,2717.2000,2716.2000,2716.0000,2720.2000,2721.0000,2722.0000,2722.8000,2723.2000,1,1,1,1,4,3,1,1,1,1
SF,IH2012,2020-06-16 09:30:25.300,2720.2000,6344,0,83980380.000,0,-,-,-,-,2718.0000,2717.8000,2717.6000,2716.2000,2716.0000,2720.2000,2721.0000,2722.0000,2722.8000,2723.2000,1,1,1,1,4,3,1,1,1,1
SF,IH2012,2020-06-16 09:30:25.800,2720.2000,6344,0,83980380.000,0,-,-,-,-,2718.2000,2718.0000,2716.2000,2716.0000,2715.8000,2720.2000,2721.0000,2722.0000,2722.8000,2723.0000,1,1,1,4,4,3,1,1,1,1
SF,IH2012,2020-06-16 09:30:26.300,2720.2000,6343,-1,84796440.000,1,0,1,双平,S,2718.2000,2718.0000,2716.2000,2716.0000,2715.8000,2720.2000,2721.0000,2722.0000,2722.8000,2723.0000,1,1,1,4,4,2,1,1,1,1
SF,IH2012,2020-06-16 09:30:27.800,2720.2000,6343,0,84796440.000,0,-,-,-,-,2718.6000,2718.2000,2716.2000,2716.0000,2715.8000,2720.0000,2720.2000,2721.0000,2722.0000,2722.8000,1,1,1,4,4,1,2,1,1,1
SF,IH2012,2020-06-16 09:30:28.300,2718.6000,6342,-1,85612020.000,1,0,1,双平,S,2718.2000,2716.2000,2716.0000,2715.8000,2715.6000,2718.4000,2720.0000,2720.2000,2721.0000,2722.0000,1,1,5,4,1,1,1,2,1,1
SF,IH2012,2020-06-16 09:30:28.800,2718.2000,6341,-1,86427480.000,1,0,1,双平,S,2718.6000,2716.2000,2716.0000,2715.8000,2715.6000,2720.0000,2720.2000,2721.0000,2722.0000,2722.8000,2,1,5,4,1,1,2,1,1,1
SF,IH2012,2020-06-16 09:30:29.300,2718.2000,6341,0,86427480.000,0,-,-,-,-,2716.0000,2715.8000,2715.6000,2715.4000,2714.8000,2720.0000,2720.2000,2721.0000,2722.0000,2722.8000,5,4,1,8,1,1,2,1,1,1
SF,IH2012,2020-06-16 09:30:29.800,2718.2000,6341,0,86427480.000,0,-,-,-,-,2716.0000,2715.8000,2715.6000,2715.4000,2714.8000,2719.8000,2720.2000,2721.0000,2722.0000,2722.8000,5,4,1,8,1,1,2,1,1,1
SF,IH2012,2020-06-16 09:30:30.300,2718.2000,6341,0,86427480.000,0,-,-,-,-,2716.2000,2716.0000,2715.8000,2715.6000,2715.4000,2719.8000,2720.2000,2721.0000,2722.0000,2722.8000,1,5,4,1,8,1,2,1,1,1
SF,IH2012,2020-06-16 09:30:30.800,2719.8000,6341,0,87243420.000,1,0,1,多换,S,2716.6000,2716.4000,2716.2000,2716.0000,2715.8000,2720.2000,2721.0000,2722.0000,2722.8000,2723.0000,1,1,1,5,4,2,1,1,1,1
SF,IH2012,2020-06-16 09:30:31.300,2719.8000,6341,0,87243420.000,0,-,-,-,-,2716.8000,2716.6000,2716.2000,2716.0000,2715.8000,2720.2000,2721.0000,2722.0000,2722.8000,2723.0000,1,1,1,5,4,2,1,1,1,1
SF,IH2012,2020-06-16 09:30:32.300,2719.8000,6341,0,87243420.000,0,-,-,-,-,2716.8000,2716.2000,2716.0000,2715.8000,2715.6000,2720.0000,2720.2000,2721.0000,2722.0000,2722.8000,1,1,5,4,1,1,2,1,1,1
SF,IH2012,2020-06-16 09:30:32.800,2719.8000,6341,0,87243420.000,0,-,-,-,-,2717.2000,2716.8000,2716.2000,2716.0000,2715.8000,2720.0000,2720.2000,2721.0000,2722.0000,2722.8000,1,1,1,5,4,1,2,1,1,1
SF,IH2012,2020-06-16 09:30:33.300,2719.8000,6341,0,87243420.000,0,-,-,-,-,2719.0000,2717.4000,2717.2000,2716.2000,2716.0000,2720.0000,2720.2000,2720.4000,2721.0000,2722.0000,1,1,1,1,1,1,2,1,1,1
SF,IH2012,2020-06-16 09:30:33.800,2719.0000,6341,0,88059120.000,1,0,1,多换,S,2717.4000,2717.2000,2716.0000,2715.6000,2715.4000,2718.8000,2719.8000,2720.0000,2720.2000,2720.4000,1,1,1,1,8,1,1,1,3,1
SF,IH2012,2020-06-16 09:30:34.300,2719.0000,6341,0,88059120.000,0,-,-,-,-,2717.6000,2717.4000,2717.2000,2716.0000,2715.6000,2718.8000,2719.6000,2719.8000,2720.2000,2720.4000,1,1,1,1,1,1,1,1,3,1
SF,IH2012,2020-06-16 09:30:34.800,2719.0000,6341,0,88059120.000,0,-,-,-,-,2717.6000,2717.4000,2716.0000,2715.6000,2715.4000,2718.8000,2719.6000,2719.8000,2720.2000,2720.4000,1,1,1,1,6,1,1,1,3,1
SF,IH2012,2020-06-16 09:30:35.800,2719.0000,6341,0,88059120.000,0,-,-,-,-,2717.6000,2717.4000,2716.0000,2715.6000,2715.4000,2718.8000,2719.6000,2719.8000,2720.2000,2720.4000,1,1,1,1,6,1,1,1,3,1
SF,IH2012,2020-06-16 09:30:36.300,2719.0000,6341,0,88059120.000,0,-,-,-,-,2717.6000,2717.4000,2716.0000,2715.6000,2715.4000,2718.8000,2719.6000,2719.8000,2720.2000,2720.4000,1,1,1,1,6,1,1,1,3,1
SF,IH2012,2020-06-16 09:30:36.800,2719.0000,6341,0,88059120.000,0,-,-,-,-,2717.6000,2717.4000,2716.0000,2715.6000,2715.4000,2718.8000,2719.6000,2719.8000,2720.2000,2720.4000,1,1,1,1,6,1,1,1,3,1
SF,IH2012,2020-06-16 09:30:37.300,2719.0000,6341,0,88059120.000,0,-,-,-,-,2717.4000,2716.0000,2715.6000,2715.4000,2715.0000,2718.8000,2719.6000,2719.8000,2720.2000,2720.4000,1,1,1,6,1,1,1,1,3,1
SF,IH2012,2020-06-16 09:30:37.800,2717.4000,6340,-1,88874340.000,1,0,1,双平,S,2716.0000,2715.6000,2715.4000,2715.0000,2714.8000,2718.8000,2719.6000,2719.8000,2720.2000,2720.4000,3,1,6,1,1,1,1,1,3,1
SF,IH2012,2020-06-16 09:30:38.300,2717.4000,6340,0,88874340.000,0,-,-,-,-,2716.0000,2715.6000,2715.4000,2715.0000,2714.8000,2718.6000,2718.8000,2719.6000,2719.8000,2720.2000,3,1,6,1,1,2,1,1,1,3
SF,IH2012,2020-06-16 09:30:38.800,2718.6000,6339,-1,89689920.000,1,0,1,双平,S,2716.0000,2715.6000,2715.4000,2715.0000,2714.8000,2718.6000,2718.8000,2719.6000,2719.8000,2720.2000,3,1,6,1,1,1,1,1,1,3
SF,IH2012,2020-06-16 09:30:39.300,2718.6000,6339,0,89689920.000,0,-,-,-,-,2716.2000,2716.0000,2715.6000,2715.4000,2715.0000,2718.6000,2718.8000,2719.6000,2719.8000,2720.2000,2,3,1,6,1,1,1,1,1,3
SF,IH2012,2020-06-16 09:30:39.800,2718.6000,6339,0,89689920.000,0,-,-,-,-,2716.4000,2716.2000,2716.0000,2715.6000,2715.4000,2718.2000,2718.6000,2718.8000,2719.8000,2720.2000,1,2,2,1,6,1,1,1,1,3
SF,IH2012,2020-06-16 09:30:40.300,2718.2000,6337,-2,91320960.000,2,0,2,双平,S,2716.6000,2716.4000,2716.2000,2716.0000,2715.6000,2718.8000,2719.8000,2720.2000,2720.4000,2722.0000,1,1,2,2,1,1,1,3,1,1
SF,IH2012,2020-06-16 09:30:40.800,2718.2000,6337,0,91320960.000,0,-,-,-,-,2716.6000,2716.4000,2716.2000,2716.0000,2715.6000,2718.8000,2719.0000,2719.8000,2720.2000,2720.4000,1,1,2,2,1,1,1,1,3,1
SF,IH2012,2020-06-16 09:30:41.300,2718.2000,6337,0,91320960.000,0,-,-,-,-,2716.6000,2716.0000,2715.6000,2715.4000,2715.0000,2718.8000,2719.0000,2719.8000,2720.2000,2720.4000,1,2,1,6,1,1,1,1,3,1
SF,IH2012,2020-06-16 09:30:41.800,2718.2000,6337,0,91320960.000,0,-,-,-,-,2716.6000,2716.0000,2715.6000,2715.4000,2715.0000,2718.8000,2719.0000,2719.8000,2720.2000,2722.0000,1,2,1,6,1,2,1,1,3,1
SF,IH2012,2020-06-16 09:30:42.300,2718.2000,6337,0,91320960.000,0,-,-,-,-,2716.8000,2716.6000,2716.0000,2715.6000,2715.4000,2718.8000,2719.0000,2719.8000,2720.2000,2722.0000,1,1,2,1,6,2,1,1,3,1
SF,IH2012,2020-06-16 09:30:42.800,2718.2000,6337,0,91320960.000,0,-,-,-,-,2717.0000,2716.8000,2716.0000,2715.6000,2715.4000,2718.6000,2718.8000,2719.0000,2719.8000,2720.2000,1,1,2,1,6,1,2,1,1,3
SF,IH2012,2020-06-16 09:30:43.300,2718.2000,6337,0,91320960.000,0,-,-,-,-,2716.0000,2715.6000,2715.4000,2715.0000,2714.8000,2718.6000,2718.8000,2719.0000,2719.8000,2720.2000,2,1,6,1,1,1,2,1,1,3
SF,IH2012,2020-06-16 09:30:43.800,2718.2000,6337,0,91320960.000,0,-,-,-,-,2716.0000,2715.6000,2715.4000,2715.0000,2714.8000,2718.4000,2718.6000,2718.8000,2719.0000,2719.8000,2,1,6,1,1,1,1,2,1,1
SF,IH2012,2020-06-16 09:30:44.300,2718.2000,6337,0,91320960.000,0,-,-,-,-,2716.2000,2716.0000,2715.6000,2715.4000,2715.0000,2718.8000,2719.0000,2719.8000,2720.2000,2722.0000,1,2,1,6,1,2,1,1,3,1
SF,IH2012,2020-06-16 09:30:44.800,2718.2000,6337,0,91320960.000,0,-,-,-,-,2716.2000,2716.0000,2715.6000,2715.4000,2715.0000,2718.8000,2719.0000,2719.8000,2720.2000,2722.0000,1,2,1,6,1,2,1,1,3,1
SF,IH2012,2020-06-16 09:30:45.300,2718.2000,6337,0,91320960.000,0,-,-,-,-,2716.2000,2716.0000,2715.6000,2715.4000,2715.0000,2718.8000,2719.0000,2719.8000,2720.0000,2720.2000,1,2,1,6,1,2,1,1,1,3
SF,IH2012,2020-06-16 09:30:45.800,2718.2000,6337,0,91320960.000,0,-,-,-,-,2716.2000,2716.0000,2715.6000,2715.4000,2715.0000,2718.6000,2718.8000,2719.0000,2719.8000,2720.0000,1,2,1,6,1,1,2,1,1,1
SF,IH2012,2020-06-16 09:30:46.300,2718.2000,6337,0,91320960.000,0,-,-,-,-,2716.2000,2716.0000,2715.6000,2715.4000,2715.0000,2718.0000,2718.6000,2718.8000,2719.0000,2719.8000,1,2,1,6,1,1,1,2,1,1
SF,IH2012,2020-06-16 09:30:47.800,2718.2000,6337,0,91320960.000,0,-,-,-,-,2716.2000,2716.0000,2715.6000,2715.4000,2714.8000,2718.0000,2718.6000,2718.8000,2719.0000,2719.8000,1,2,1,6,1,1,1,2,1,1
SF,IH2012,2020-06-16 09:30:48.300,2718.2000,6337,0,91320960.000,0,-,-,-,-,2716.0000,2715.6000,2715.4000,2714.8000,2712.0000,2717.8000,2718.0000,2718.6000,2718.8000,2719.0000,2,1,6,1,1,1,1,1,2,1
SF,IH2012,2020-06-16 09:30:53.300,2718.2000,6337,0,91320960.000,0,-,-,-,-,2716.2000,2716.0000,2715.6000,2715.4000,2714.8000,2717.8000,2718.0000,2718.6000,2718.8000,2719.0000,1,2,1,6,1,1,1,1,2,1
SF,IH2012,2020-06-16 09:30:53.800,2718.2000,6337,0,91320960.000,0,-,-,-,-,2716.2000,2716.0000,2715.6000,2715.4000,2714.8000,2717.8000,2718.0000,2718.8000,2719.0000,2719.8000,1,2,1,6,1,1,1,2,1,1
SF,IH2012,2020-06-16 09:30:54.300,2718.2000,6337,0,91320960.000,0,-,-,-,-,2716.2000,2716.0000,2715.6000,2715.4000,2714.8000,2717.8000,2718.0000,2718.8000,2719.0000,2719.8000,1,2,1,6,1,1,1,2,1,1
SF,IH2012,2020-06-16 09:30:56.300,2718.2000,6337,0,91320960.000,0,-,-,-,-,2716.2000,2716.0000,2715.6000,2715.4000,2714.8000,2717.8000,2718.8000,2719.0000,2719.8000,2720.0000,1,2,1,6,1,1,2,1,1,1
SF,IH2012,2020-06-16 09:30:56.800,2718.2000,6337,0,91320960.000,0,-,-,-,-,2716.2000,2716.0000,2715.6000,2715.4000,2714.8000,2717.0000,2717.6000,2717.8000,2718.8000,2719.0000,1,2,1,6,1,1,1,1,2,1
SF,IH2012,2020-06-16 09:30:57.800,2718.2000,6337,0,91320960.000,0,-,-,-,-,2716.8000,2716.2000,2716.0000,2715.6000,2715.4000,2717.0000,2717.6000,2717.8000,2718.8000,2719.0000,1,1,2,1,6,1,1,1,3,1
SF,IH2012,2020-06-16 09:30:58.300,2716.8000,6336,-1,92136000.000,1,0,1,双平,S,2716.2000,2716.0000,2715.6000,2715.4000,2714.8000,2717.0000,2717.6000,2718.8000,2719.0000,2719.8000,1,2,1,6,1,1,1,3,1,1
SF,IH2012,2020-06-16 09:30:59.300,2717.0000,6336,0,92951100.000,1,0,1,多换,S,2716.2000,2716.0000,2715.6000,2715.4000,2714.8000,2718.8000,2719.0000,2719.8000,2720.0000,2720.2000,1,2,1,6,1,3,1,1,1,2
SF,IH2012,2020-06-16 09:30:59.800,2717.0000,6336,0,92951100.000,0,-,-,-,-,2716.4000,2716.0000,2715.6000,2715.4000,2714.8000,2718.6000,2718.8000,2719.0000,2719.8000,2720.0000,1,2,1,6,1,2,3,1,1,1
SF,IH2012,2020-06-16 09:31:00.300,2717.0000,6336,0,92951100.000,0,-,-,-,-,2716.8000,2716.0000,2715.6000,2715.4000,2714.8000,2718.4000,2718.6000,2718.8000,2719.0000,2719.8000,1,2,1,4,1,1,2,3,1,1
SF,IH2012,2020-06-16 09:31:00.800,2716.8000,6335,-1,93766140.000,1,0,1,双平,S,2716.0000,2715.6000,2715.4000,2714.8000,2712.0000,2716.8000,2718.2000,2718.4000,2718.6000,2718.8000,2,1,4,1,1,1,1,1,2,3
SF,IH2012,2020-06-16 09:31:01.300,2716.8000,6334,-1,94581180.000,1,0,1,双平,S,2716.8000,2716.0000,2715.6000,2715.4000,2714.8000,2718.2000,2718.4000,2718.8000,2719.0000,2719.8000,2,2,1,4,1,1,1,3,1,1
SF,IH2012,2020-06-16 09:31:01.800,2716.8000,6334,0,94581180.000,0,-,-,-,-,2716.8000,2716.0000,2715.6000,2715.4000,2714.8000,2718.2000,2718.4000,2718.8000,2719.0000,2719.8000,2,2,1,4,1,1,1,3,1,1
SF,IH2012,2020-06-16 09:31:02.300,2716.8000,6334,0,94581180.000,0,-,-,-,-,2716.8000,2716.0000,2715.6000,2715.4000,2714.8000,2718.0000,2718.2000,2718.4000,2718.8000,2719.0000,2,2,1,4,1,1,1,1,3,1
SF,IH2012,2020-06-16 09:31:02.800,2716.8000,6334,0,94581180.000,0,-,-,-,-,2716.8000,2716.0000,2715.6000,2715.4000,2714.8000,2718.0000,2718.2000,2718.4000,2718.8000,2719.0000,2,2,1,4,1,1,1,1,3,1
SF,IH2012,2020-06-16 09:31:03.300,2716.8000,6332,-2,96211260.000,2,0,2,双平,S,2716.0000,2715.6000,2715.4000,2714.8000,2712.0000,2718.0000,2718.2000,2718.4000,2718.8000,2719.0000,2,1,4,1,1,1,1,1,3,1
SF,IH2012,2020-06-16 09:31:03.800,2716.8000,6332,0,96211260.000,0,-,-,-,-,2716.8000,2716.0000,2715.6000,2715.4000,2714.8000,2717.8000,2718.0000,2718.2000,2718.8000,2719.0000,1,2,1,4,1,1,1,1,3,1
SF,IH2012,2020-06-16 09:31:04.300,2716.8000,6332,0,96211260.000,0,-,-,-,-,2716.8000,2716.0000,2715.6000,2715.4000,2714.8000,2718.0000,2718.2000,2718.8000,2719.0000,2719.8000,1,2,1,4,1,1,1,3,1,1
SF,IH2012,2020-06-16 09:31:04.800,2716.8000,6332,0,96211260.000,0,-,-,-,-,2716.8000,2716.0000,2715.6000,2715.4000,2714.8000,2718.0000,2718.2000,2718.8000,2719.0000,2719.8000,1,2,1,4,1,1,1,3,1,1
SF,IH2012,2020-06-16 09:31:05.800,2716.8000,6332,0,96211260.000,0,-,-,-,-,2717.0000,2716.8000,2716.0000,2715.6000,2715.4000,2718.2000,2718.8000,2719.0000,2719.8000,2720.0000,1,1,2,1,4,1,3,1,1,12
SF,IH2012,2020-06-16 09:31:06.300,2716.8000,6332,0,96211260.000,0,-,-,-,-,2717.0000,2716.8000,2716.0000,2715.6000,2715.4000,2718.0000,2718.2000,2718.8000,2719.0000,2719.8000,1,1,2,1,4,1,1,3,1,1
SF,IH2012,2020-06-16 09:31:06.800,2718.0000,6331,-1,97026660.000,1,0,1,双平,S,2717.0000,2716.8000,2716.0000,2715.6000,2715.4000,2718.2000,2718.8000,2719.0000,2719.8000,2720.0000,1,1,2,1,4,1,3,1,1,12
SF,IH2012,2020-06-16 09:31:07.300,2718.0000,6331,0,97026660.000,0,-,-,-,-,2717.0000,2716.8000,2716.0000,2715.6000,2715.4000,2718.2000,2718.8000,2719.0000,2719.8000,2720.0000,1,1,2,1,4,1,3,1,1,12
SF,IH2012,2020-06-16 09:31:08.300,2717.0000,6331,0,97841760.000,1,0,1,多换,S,2716.8000,2716.0000,2715.6000,2715.4000,2714.8000,2718.2000,2718.8000,2719.0000,2719.8000,2720.0000,1,2,1,4,1,1,3,1,1,12
SF,IH2012,2020-06-16 09:31:09.800,2717.0000,6331,0,97841760.000,0,-,-,-,-,2717.2000,2716.8000,2716.0000,2715.6000,2715.4000,2718.2000,2718.8000,2719.0000,2719.8000,2720.0000,1,1,2,1,4,1,3,1,1,12
SF,IH2012,2020-06-16 09:31:10.300,2717.0000,6331,0,97841760.000,0,-,-,-,-,2716.8000,2716.0000,2715.6000,2715.4000,2714.8000,2717.2000,2718.0000,2718.2000,2718.8000,2719.0000,1,2,1,4,1,1,3,1,3,1
SF,IH2012,2020-06-16 09:31:10.800,2717.2000,6330,-1,98656920.000,1,0,1,双平,S,2717.2000,2716.8000,2716.0000,2715.6000,2715.4000,2718.0000,2718.2000,2718.8000,2719.0000,2719.8000,1,1,2,1,4,3,1,3,1,1
SF,IH2012,2020-06-16 09:31:11.300,2717.2000,6327,-3,101918280.000,4,0,4,多平,S,2716.8000,2716.0000,2715.6000,2715.4000,2715.0000,2718.2000,2718.8000,2719.0000,2719.8000,2720.0000,1,3,1,4,1,1,3,1,1,12
SF,IH2012,2020-06-16 09:31:12.300,2717.2000,6327,0,101918280.000,0,-,-,-,-,2717.0000,2716.8000,2716.0000,2715.6000,2715.4000,2718.2000,2718.8000,2719.0000,2719.8000,2720.0000,1,1,3,1,4,1,3,1,1,12
SF,IH2012,2020-06-16 09:31:13.300,2717.2000,6327,0,101918280.000,0,-,-,-,-,2717.0000,2716.8000,2716.0000,2715.6000,2715.4000,2718.2000,2718.8000,2719.0000,2719.8000,2720.0000,2,1,3,1,4,1,3,1,1,12
SF,IH2012,2020-06-16 09:31:13.800,2717.2000,6327,0,101918280.000,0,-,-,-,-,2717.0000,2716.0000,2715.6000,2715.4000,2715.0000,2718.2000,2718.8000,2719.0000,2719.8000,2720.0000,1,3,1,4,1,1,3,1,1,12
SF,IH2012,2020-06-16 09:31:14.300,2717.2000,6327,0,101918280.000,0,-,-,-,-,2716.0000,2715.6000,2715.4000,2715.0000,2714.8000,2718.2000,2718.8000,2719.0000,2719.8000,2720.0000,3,1,4,1,1,1,3,1,1,12
SF,IH2012,2020-06-16 09:31:14.800,2717.2000,6327,0,101918280.000,0,-,-,-,-,2716.0000,2715.6000,2715.4000,2715.0000,2714.8000,2718.0000,2718.2000,2718.8000,2719.0000,2719.8000,3,1,4,1,1,1,1,3,1,1
SF,IH2012,2020-06-16 09:31:15.300,2716.0000,6327,0,102733080.000,1,0,1,多换,S,2716.0000,2715.6000,2715.4000,2715.0000,2714.8000,2718.0000,2718.2000,2718.8000,2719.0000,2719.8000,2,1,4,1,1,1,1,3,1,1
SF,IH2012,2020-06-16 09:31:15.800,2716.0000,6327,0,102733080.000,0,-,-,-,-,2716.0000,2715.6000,2715.4000,2715.0000,2714.8000,2717.8000,2718.0000,2718.8000,2719.0000,2719.8000,2,1,4,1,1,1,1,3,1,1
SF,IH2012,2020-06-16 09:31:16.300,2716.0000,6327,0,102733080.000,0,-,-,-,-,2716.0000,2715.6000,2715.4000,2715.0000,2714.8000,2717.6000,2717.8000,2718.8000,2719.0000,2719.8000,2,1,4,1,1,1,1,3,1,1
SF,IH2012,2020-06-16 09:31:16.800,2716.0000,6327,0,102733080.000,0,-,-,-,-,2716.0000,2715.6000,2715.4000,2715.0000,2714.8000,2717.6000,2717.8000,2718.8000,2719.0000,2719.8000,2,1,4,1,1,1,1,3,1,1
SF,IH2012,2020-06-16 09:31:17.800,2716.0000,6327,0,102733080.000,0,-,-,-,-,2716.2000,2716.0000,2715.6000,2715.4000,2715.0000,2717.6000,2717.8000,2718.8000,2719.0000,2719.8000,1,2,1,4,1,1,1,3,1,1
SF,IH2012,2020-06-16 09:31:18.300,2716.0000,6327,0,102733080.000,0,-,-,-,-,2716.2000,2716.0000,2715.6000,2715.4000,2715.0000,2717.6000,2717.8000,2718.8000,2719.0000,2719.8000,1,2,1,4,1,1,1,3,1,1
SF,IH2012,2020-06-16 09:31:18.800,2716.0000,6327,0,102733080.000,0,-,-,-,-,2716.2000,2716.0000,2715.6000,2715.4000,2715.0000,2717.6000,2717.8000,2718.8000,2719.0000,2719.8000,1,2,1,4,1,1,1,3,1,1
SF,IH2012,2020-06-16 09:31:19.300,2716.0000,6327,0,102733080.000,0,-,-,-,-,2716.2000,2716.0000,2715.6000,2715.4000,2715.0000,2717.6000,2717.8000,2718.8000,2719.0000,2719.8000,1,2,1,4,1,1,1,3,1,1
SF,IH2012,2020-06-16 09:31:20.800,2716.0000,6327,0,102733080.000,0,-,-,-,-,2716.2000,2716.0000,2715.6000,2715.4000,2715.0000,2717.6000,2717.8000,2718.8000,2719.0000,2719.8000,1,2,1,4,1,1,1,3,1,1
SF,IH2012,2020-06-16 09:31:22.300,2716.0000,6327,0,102733080.000,0,-,-,-,-,2716.4000,2716.2000,2716.0000,2715.6000,2715.4000,2717.6000,2717.8000,2718.8000,2719.0000,2719.8000,1,1,2,1,4,1,1,3,1,1
SF,IH2012,2020-06-16 09:31:22.800,2716.4000,6326,-1,103548000.000,1,0,1,双平,S,2716.2000,2716.0000,2715.6000,2715.4000,2715.0000,2717.8000,2718.8000,2719.0000,2719.8000,2720.0000,1,2,1,4,1,1,3,1,1,11
SF,IH2012,2020-06-16 09:31:23.300,2716.4000,6326,0,103548000.000,0,-,-,-,-,2716.2000,2716.0000,2715.6000,2715.4000,2715.0000,2717.8000,2718.8000,2719.0000,2719.8000,2720.0000,1,2,1,4,1,1,3,1,1,11
SF,IH2012,2020-06-16 09:31:23.800,2716.2000,6325,-1,104362860.000,1,0,1,双平,S,2716.0000,2715.6000,2715.4000,2715.0000,2714.8000,2717.8000,2718.8000,2719.0000,2719.8000,2720.0000,2,1,4,1,2,1,3,1,1,11
SF,IH2012,2020-06-16 09:31:24.300,2716.2000,6325,0,104362860.000,0,-,-,-,-,2716.0000,2715.6000,2715.4000,2715.0000,2714.8000,2717.6000,2717.8000,2718.8000,2719.0000,2719.8000,2,1,4,1,2,1,1,3,1,1
SF,IH2012,2020-06-16 09:31:24.800,2716.2000,6325,0,104362860.000,0,-,-,-,-,2716.2000,2716.0000,2715.6000,2715.4000,2715.0000,2717.6000,2717.8000,2718.8000,2719.0000,2719.8000,1,2,1,4,1,1,1,3,1,1
SF,IH2012,2020-06-16 09:31:25.300,2716.2000,6324,-1,105177720.000,1,0,1,双平,S,2716.2000,2716.0000,2715.6000,2715.4000,2715.0000,2717.0000,2717.6000,2717.8000,2718.8000,2719.0000,1,2,1,4,1,1,1,1,3,1
SF,IH2012,2020-06-16 09:31:25.800,2717.0000,6323,-1,105992820.000,1,0,1,双平,S,2717.0000,2716.2000,2716.0000,2715.6000,2715.4000,2717.6000,2717.8000,2718.8000,2719.0000,2719.8000,1,1,2,1,4,1,2,3,1,1
SF,IH2012,2020-06-16 09:31:26.300,2717.0000,6323,0,105992820.000,0,-,-,-,-,2717.0000,2716.4000,2716.2000,2716.0000,2715.6000,2717.8000,2718.8000,2719.0000,2719.8000,2720.0000,1,1,1,2,1,1,3,1,1,11
SF,IH2012,2020-06-16 09:31:26.800,2717.0000,6323,0,105992820.000,0,-,-,-,-,2716.4000,2716.2000,2716.0000,2715.6000,2715.4000,2717.8000,2718.8000,2719.0000,2719.8000,2720.0000,1,1,2,1,4,1,3,1,1,11
SF,IH2012,2020-06-16 09:31:27.300,2717.0000,6323,0,105992820.000,0,-,-,-,-,2716.4000,2716.2000,2716.0000,2715.6000,2715.4000,2717.8000,2718.8000,2719.0000,2719.8000,2720.0000,1,1,3,1,4,1,3,1,1,11
SF,IH2012,2020-06-16 09:31:27.800,2717.0000,6323,0,105992820.000,0,-,-,-,-,2716.2000,2716.0000,2715.6000,2715.4000,2715.0000,2717.8000,2718.8000,2719.0000,2719.8000,2720.0000,1,3,1,4,1,1,3,1,1,11
SF,IH2012,2020-06-16 09:31:28.800,2717.0000,6323,0,105992820.000,0,-,-,-,-,2716.2000,2716.0000,2715.6000,2715.4000,2715.0000,2717.8000,2718.8000,2719.0000,2719.8000,2720.0000,1,3,1,4,1,1,3,1,1,11
SF,IH2012,2020-06-16 09:31:30.300,2717.0000,6323,0,105992820.000,0,-,-,-,-,2716.2000,2716.0000,2715.6000,2715.4000,2715.0000,2717.8000,2718.8000,2719.0000,2719.8000,2720.0000,1,3,1,4,1,1,3,1,1,11
SF,IH2012,2020-06-16 09:31:30.800,2717.0000,6323,0,105992820.000,0,-,-,-,-,2716.2000,2716.0000,2715.6000,2715.4000,2715.0000,2717.6000,2717.8000,2718.8000,2719.0000,2719.8000,1,3,1,4,1,1,1,3,1,1
SF,IH2012,2020-06-16 09:31:31.800,2717.0000,6323,0,105992820.000,0,-,-,-,-,2716.2000,2716.0000,2715.6000,2715.4000,2715.0000,2717.4000,2717.6000,2717.8000,2718.8000,2719.0000,1,3,1,4,1,1,1,1,3,1
SF,IH2012,2020-06-16 09:31:32.300,2716.2000,6322,-1,106807680.000,1,0,1,双平,S,2716.0000,2715.6000,2715.4000,2715.0000,2714.8000,2717.4000,2717.6000,2717.8000,2718.8000,2719.0000,3,1,4,1,2,1,1,1,3,1
SF,IH2012,2020-06-16 09:31:32.800,2716.2000,6322,0,106807680.000,0,-,-,-,-,2716.0000,2715.6000,2715.4000,2715.0000,2714.8000,2717.2000,2717.4000,2717.6000,2718.8000,2719.0000,2,1,4,1,2,1,1,1,3,1
SF,IH2012,2020-06-16 09:31:33.300,2716.0000,6322,0,107622480.000,1,0,1,多换,S,2716.0000,2715.6000,2715.4000,2715.0000,2714.8000,2717.2000,2717.4000,2717.6000,2718.8000,2719.0000,1,1,4,1,2,1,1,1,3,1
SF,IH2012,2020-06-16 09:31:33.800,2716.0000,6322,0,108437280.000,1,0,1,多换,S,2715.6000,2715.4000,2715.0000,2714.8000,2711.0000,2716.0000,2717.0000,2717.2000,2717.6000,2718.8000,1,4,1,2,1,1,4,1,1,3
SF,IH2012,2020-06-16 09:31:34.300,2715.6000,6323,1,109251960.000,1,1,0,双开,S,2715.4000,2715.0000,2714.8000,2711.0000,2710.0000,2716.0000,2717.0000,2717.2000,2717.6000,2718.8000,4,1,2,1,1,1,4,1,1,2
SF,IH2012,2020-06-16 09:31:34.800,2715.6000,6323,0,109251960.000,0,-,-,-,-,2715.4000,2715.0000,2714.8000,2713.8000,2711.0000,2716.0000,2717.0000,2717.2000,2717.6000,2718.8000,4,1,2,1,1,1,4,2,1,2
SF,IH2012,2020-06-16 09:31:35.300,2715.4000,6322,-1,112510440.000,4,1,3,多平,S,2715.0000,2714.8000,2713.8000,2711.0000,2710.0000,2715.4000,2716.0000,2717.0000,2717.2000,2717.6000,1,2,1,1,1,2,1,4,2,1
SF,IH2012,2020-06-16 09:31:35.800,2714.8000,6320,-2,114139380.000,2,0,2,双平,S,2714.8000,2713.8000,2713.0000,2711.0000,2710.0000,2716.0000,2717.0000,2717.2000,2717.6000,2718.8000,1,1,1,1,1,1,4,2,1,2
SF,IH2012,2020-06-16 09:31:36.300,2714.8000,6320,0,114139380.000,0,-,-,-,-,2714.8000,2713.8000,2713.0000,2711.0000,2710.0000,2715.8000,2716.0000,2717.0000,2717.2000,2717.6000,1,1,1,1,1,1,1,4,2,1
SF,IH2012,2020-06-16 09:31:36.800,2714.8000,6320,0,114953820.000,1,0,1,多换,S,2713.8000,2713.0000,2711.0000,2710.0000,2709.4000,2714.8000,2715.8000,2716.0000,2717.0000,2717.2000,1,1,1,1,5,1,1,1,4,2
SF,IH2012,2020-06-16 09:31:37.300,2714.8000,6320,0,115768260.000,1,0,1,多换,S,2714.8000,2714.0000,2713.8000,2713.0000,2711.0000,2715.8000,2716.0000,2717.0000,2717.2000,2717.4000,1,1,1,1,1,1,1,4,1,1
SF,IH2012,2020-06-16 09:31:37.800,2714.8000,6320,0,115768260.000,0,-,-,-,-,2714.8000,2714.0000,2713.8000,2713.0000,2711.0000,2715.4000,2716.0000,2717.0000,2717.2000,2717.4000,1,1,1,1,1,1,1,4,1,1
SF,IH2012,2020-06-16 09:31:38.300,2714.8000,6320,0,115768260.000,0,-,-,-,-,2714.8000,2714.0000,2713.8000,2713.0000,2711.0000,2715.4000,2715.6000,2716.0000,2717.0000,2717.2000,1,1,1,1,1,1,1,1,4,1
SF,IH2012,2020-06-16 09:31:38.800,2714.8000,6320,0,115768260.000,0,-,-,-,-,2715.0000,2714.8000,2714.0000,2713.8000,2713.0000,2715.4000,2715.6000,2716.0000,2717.0000,2717.2000,3,1,1,1,1,1,1,1,4,1
SF,IH2012,2020-06-16 09:31:39.300,2715.4000,6320,0,116582880.000,1,0,1,多换,S,2715.6000,2715.0000,2714.8000,2713.8000,2713.0000,2716.0000,2717.0000,2717.2000,2717.4000,2717.6000,1,3,1,1,1,1,4,1,1,1
SF,IH2012,2020-06-16 09:31:39.800,2715.4000,6320,0,116582880.000,0,-,-,-,-,2715.0000,2714.8000,2713.8000,2711.0000,2710.0000,2716.0000,2717.0000,2717.2000,2717.4000,2717.6000,3,1,1,1,1,1,4,1,1,1
SF,IH2012,2020-06-16 09:31:40.300,2715.4000,6320,0,116582880.000,0,-,-,-,-,2715.0000,2714.8000,2713.8000,2713.2000,2711.0000,2716.0000,2717.0000,2717.2000,2717.4000,2717.6000,3,1,1,1,1,1,4,1,1,1
SF,IH2012,2020-06-16 09:31:40.800,2715.4000,6320,0,116582880.000,0,-,-,-,-,2715.0000,2714.8000,2713.8000,2713.2000,2711.0000,2715.8000,2716.0000,2717.0000,2717.2000,2717.4000,3,1,1,1,1,1,1,4,1,1
SF,IH2012,2020-06-16 09:31:41.800,2715.4000,6320,0,116582880.000,0,-,-,-,-,2715.0000,2714.8000,2713.8000,2713.2000,2711.0000,2715.6000,2715.8000,2716.0000,2717.0000,2717.2000,3,1,1,1,1,1,1,1,4,1
SF,IH2012,2020-06-16 09:31:42.300,2715.0000,6319,-1,117397380.000,1,0,1,双平,S,2715.0000,2714.8000,2713.8000,2713.2000,2711.0000,2715.6000,2715.8000,2716.0000,2717.0000,2717.2000,2,1,1,1,1,1,1,1,4,1
SF,IH2012,2020-06-16 09:31:42.800,2715.6000,6318,-1,118212060.000,1,0,1,双平,S,2715.6000,2714.8000,2713.8000,2713.2000,2711.0000,2715.8000,2716.0000,2717.0000,2717.2000,2717.4000,1,1,1,1,1,1,1,4,1,1
SF,IH2012,2020-06-16 09:31:43.300,2715.6000,6317,-1,119026740.000,1,0,1,双平,S,2714.8000,2714.0000,2713.8000,2711.0000,2710.0000,2715.8000,2716.0000,2717.0000,2717.4000,2717.6000,1,1,1,1,1,1,1,4,1,1
SF,IH2012,2020-06-16 09:31:43.800,2715.6000,6317,0,119026740.000,0,-,-,-,-,2714.8000,2714.0000,2713.8000,2713.0000,2711.0000,2715.8000,2716.0000,2717.0000,2717.4000,2717.6000,1,1,1,1,1,1,1,4,1,1
SF,IH2012,2020-06-16 09:31:44.300,2714.8000,6317,0,119841180.000,1,0,1,多换,S,2714.0000,2713.8000,2713.0000,2711.0000,2710.0000,2714.6000,2715.8000,2716.0000,2717.0000,2717.4000,1,1,1,1,1,1,1,1,4,1
SF,IH2012,2020-06-16 09:31:44.800,2714.8000,6317,0,119841180.000,0,-,-,-,-,2714.6000,2714.0000,2713.8000,2713.0000,2711.0000,2715.6000,2715.8000,2716.0000,2717.0000,2717.6000,2,1,1,1,1,1,1,1,4,1
SF,IH2012,2020-06-16 09:31:45.300,2714.8000,6317,0,119841180.000,0,-,-,-,-,2714.6000,2714.0000,2713.8000,2713.0000,2711.0000,2715.6000,2716.0000,2716.8000,2717.0000,2717.6000,2,1,1,1,1,1,1,1,4,1
SF,IH2012,2020-06-16 09:31:46.300,2714.8000,6317,0,119841180.000,0,-,-,-,-,2714.6000,2714.0000,2713.8000,2713.0000,2711.0000,2716.0000,2716.8000,2717.0000,2717.6000,2718.4000,2,1,1,1,1,1,1,4,1,1
SF,IH2012,2020-06-16 09:31:46.800,2714.8000,6317,0,119841180.000,0,-,-,-,-,2714.6000,2714.0000,2713.8000,2713.0000,2711.0000,2715.8000,2716.0000,2716.8000,2717.0000,2717.6000,2,1,1,1,1,1,1,1,4,1
SF,IH2012,2020-06-16 09:31:47.800,2715.8000,6316,-1,120655920.000,1,0,1,双平,S,2715.8000,2714.6000,2714.0000,2713.8000,2713.0000,2716.8000,2717.0000,2717.6000,2717.8000,2718.4000,1,2,1,1,1,1,4,1,1,1
SF,IH2012,2020-06-16 09:31:48.300,2715.8000,6316,0,120655920.000,0,-,-,-,-,2714.6000,2714.0000,2713.8000,2711.0000,2710.0000,2715.8000,2716.6000,2716.8000,2717.0000,2717.6000,2,1,1,1,1,1,1,1,4,1
SF,IH2012,2020-06-16 09:31:48.800,2715.8000,6316,0,120655920.000,0,-,-,-,-,2714.6000,2714.0000,2713.8000,2712.6000,2711.0000,2715.8000,2716.6000,2716.8000,2717.0000,2717.6000,2,1,1,1,1,1,1,1,4,1
SF,IH2012,2020-06-16 09:31:50.300,2715.8000,6315,-1,121470660.000,1,0,1,双平,S,2714.6000,2714.0000,2713.8000,2712.6000,2711.0000,2716.6000,2716.8000,2717.0000,2717.6000,2717.8000,2,1,1,1,1,1,1,4,1,1
SF,IH2012,2020-06-16 09:31:50.800,2715.8000,6314,-1,122285400.000,1,0,1,双平,S,2714.8000,2714.6000,2714.0000,2713.8000,2712.6000,2716.4000,2716.6000,2716.8000,2717.0000,2717.6000,1,2,1,1,1,1,1,1,4,1
SF,IH2012,2020-06-16 09:31:51.300,2714.8000,6313,-1,123099840.000,1,0,1,双平,S,2714.8000,2714.6000,2714.0000,2713.8000,2712.6000,2716.2000,2716.4000,2716.6000,2716.8000,2717.0000,3,2,1,1,1,1,1,1,1,4
SF,IH2012,2020-06-16 09:31:51.800,2714.8000,6313,0,123099840.000,0,-,-,-,-,2714.8000,2714.6000,2714.0000,2713.8000,2712.6000,2716.0000,2716.2000,2716.6000,2716.8000,2717.0000,3,2,1,1,1,1,1,1,1,4
SF,IH2012,2020-06-16 09:31:52.300,2714.8000,6311,-2,124728720.000,2,0,2,双平,S,2714.8000,2714.6000,2714.0000,2713.8000,2712.6000,2716.0000,2716.2000,2716.6000,2716.8000,2717.0000,1,2,1,1,1,1,1,1,1,4
SF,IH2012,2020-06-16 09:31:52.800,2714.8000,6310,-1,125543160.000,1,0,1,双平,S,2714.6000,2714.0000,2713.8000,2712.6000,2711.0000,2714.8000,2716.0000,2716.2000,2716.6000,2716.8000,2,1,1,1,1,1,1,1,1,1
SF,IH2012,2020-06-16 09:31:53.300,2714.6000,6308,-2,127171920.000,2,0,2,双平,S,2714.0000,2713.8000,2712.6000,2711.0000,2710.0000,2716.0000,2716.2000,2716.6000,2716.8000,2717.0000,1,1,1,1,1,1,1,1,1,4
SF,IH2012,2020-06-16 09:31:53.800,2714.6000,6308,0,127171920.000,0,-,-,-,-,2715.0000,2714.0000,2713.8000,2712.6000,2711.0000,2715.8000,2716.0000,2716.2000,2716.6000,2716.8000,2,1,1,1,1,1,1,1,1,1
SF,IH2012,2020-06-16 09:31:54.300,2714.6000,6308,0,127171920.000,0,-,-,-,-,2715.0000,2714.0000,2713.8000,2712.6000,2711.0000,2715.4000,2716.0000,2716.2000,2716.6000,2716.8000,2,1,1,1,1,1,1,1,1,1
SF,IH2012,2020-06-16 09:31:54.800,2715.4000,6307,-1,127986540.000,1,0,1,双平,S,2715.0000,2714.0000,2713.8000,2711.0000,2710.0000,2716.0000,2716.2000,2716.6000,2716.8000,2717.0000,2,1,1,1,1,1,1,1,1,4
SF,IH2012,2020-06-16 09:31:55.300,2715.4000,6307,0,127986540.000,0,-,-,-,-,2715.0000,2714.0000,2713.8000,2711.0000,2710.0000,2716.0000,2716.2000,2716.6000,2716.8000,2717.0000,2,1,1,1,1,1,1,1,1,4
SF,IH2012,2020-06-16 09:31:55.800,2715.4000,6307,0,127986540.000,0,-,-,-,-,2715.0000,2714.0000,2713.8000,2711.0000,2710.0000,2716.0000,2716.2000,2716.6000,2716.8000,2717.0000,2,1,1,1,1,1,1,1,1,4
SF,IH2012,2020-06-16 09:31:56.300,2715.4000,6307,0,127986540.000,0,-,-,-,-,2715.0000,2714.0000,2713.8000,2711.0000,2710.0000,2716.0000,2716.2000,2716.6000,2716.8000,2717.0000,2,1,1,1,1,1,1,1,1,4
SF,IH2012,2020-06-16 09:31:56.800,2715.4000,6307,0,127986540.000,0,-,-,-,-,2714.0000,2713.8000,2711.0000,2710.0000,2709.4000,2714.8000,2715.0000,2716.0000,2716.2000,2716.6000,1,1,1,1,5,2,1,1,1,1
SF,IH2012,2020-06-16 09:31:57.300,2715.2000,6306,-1,128801100.000,1,0,1,双平,S,2714.0000,2713.8000,2711.0000,2710.0000,2709.4000,2716.0000,2716.2000,2716.6000,2716.8000,2717.0000,1,1,1,1,5,1,1,1,1,4
SF,IH2012,2020-06-16 09:31:57.800,2715.2000,6306,0,128801100.000,0,-,-,-,-,2714.0000,2713.8000,2711.0000,2710.0000,2709.4000,2715.8000,2716.0000,2716.2000,2716.6000,2716.8000,1,1,1,1,5,1,1,1,1,1
SF,IH2012,2020-06-16 09:31:58.300,2715.2000,6306,0,128801100.000,0,-,-,-,-,2714.0000,2713.8000,2711.0000,2710.0000,2709.4000,2715.8000,2716.0000,2716.2000,2716.6000,2716.8000,1,1,1,1,5,1,1,1,1,1
SF,IH2012,2020-06-16 09:31:58.800,2715.2000,6306,0,128801100.000,0,-,-,-,-,2714.0000,2713.8000,2711.0000,2710.0000,2709.4000,2715.6000,2715.8000,2716.2000,2716.6000,2716.8000,1,1,1,1,5,1,1,1,1,1
SF,IH2012,2020-06-16 09:31:59.300,2715.2000,6306,0,128801100.000,0,-,-,-,-,2714.0000,2713.8000,2711.0000,2710.0000,2709.4000,2715.6000,2715.8000,2716.2000,2716.6000,2716.8000,1,1,1,1,5,2,1,1,1,1
SF,IH2012,2020-06-16 09:31:59.800,2715.2000,6306,0,128801100.000,0,-,-,-,-,2714.0000,2713.8000,2711.0000,2710.0000,2709.4000,2715.6000,2715.8000,2716.2000,2716.6000,2716.8000,1,1,1,1,5,2,1,1,1,1
SF,IH2012,2020-06-16 09:32:00.300,2715.2000,6306,0,128801100.000,0,-,-,-,-,2714.0000,2713.8000,2711.0000,2710.0000,2709.4000,2715.6000,2715.8000,2716.2000,2716.6000,2716.8000,1,1,1,1,5,2,1,1,1,1
SF,IH2012,2020-06-16 09:32:00.800,2715.2000,6306,0,128801100.000,0,-,-,-,-,2714.0000,2713.8000,2711.0000,2710.0000,2709.4000,2715.6000,2715.8000,2716.2000,2716.6000,2716.8000,1,1,1,1,5,2,1,1,1,1
SF,IH2012,2020-06-16 09:32:01.300,2715.2000,6306,0,128801100.000,0,-,-,-,-,2714.0000,2713.8000,2711.0000,2710.0000,2709.4000,2715.4000,2715.6000,2715.8000,2716.2000,2716.6000,1,1,1,1,5,1,1,1,1,1
SF,IH2012,2020-06-16 09:32:01.800,2715.2000,6306,0,128801100.000,0,-,-,-,-,2714.0000,2713.8000,2711.0000,2710.0000,2709.4000,2715.2000,2715.4000,2715.8000,2716.2000,2716.6000,1,1,1,1,5,1,1,1,1,1
SF,IH2012,2020-06-16 09:32:02.300,2715.2000,6306,0,128801100.000,0,-,-,-,-,2714.0000,2713.8000,2711.0000,2710.0000,2709.4000,2715.2000,2715.4000,2715.8000,2716.2000,2716.6000,1,1,1,1,5,1,1,1,1,1
SF,IH2012,2020-06-16 09:32:02.800,2715.2000,6306,0,128801100.000,0,-,-,-,-,2714.0000,2713.8000,2711.0000,2710.0000,2709.4000,2715.0000,2715.2000,2715.8000,2716.2000,2716.6000,1,1,1,1,5,1,1,1,1,1
SF,IH2012,2020-06-16 09:32:03.300,2715.2000,6306,0,128801100.000,0,-,-,-,-,2714.0000,2713.8000,2711.0000,2710.0000,2709.4000,2715.0000,2715.2000,2715.8000,2716.2000,2716.8000,1,1,1,1,5,1,1,1,1,1
SF,IH2012,2020-06-16 09:32:03.800,2715.2000,6306,0,128801100.000,0,-,-,-,-,2714.0000,2713.8000,2711.0000,2710.0000,2709.4000,2715.8000,2716.8000,2717.0000,2717.6000,2718.4000,1,1,1,1,5,1,1,4,1,1
SF,IH2012,2020-06-16 09:32:04.300,2715.2000,6306,0,128801100.000,0,-,-,-,-,2714.2000,2714.0000,2713.8000,2711.0000,2710.0000,2715.8000,2716.8000,2717.0000,2717.6000,2718.4000,3,1,1,1,1,1,1,4,1,1
SF,IH2012,2020-06-16 09:32:04.800,2715.2000,6306,0,128801100.000,0,-,-,-,-,2714.2000,2714.0000,2713.8000,2712.4000,2711.0000,2715.6000,2715.8000,2716.8000,2717.0000,2717.6000,3,1,1,1,1,1,1,1,4,1
SF,IH2012,2020-06-16 09:32:05.300,2715.2000,6306,0,128801100.000,0,-,-,-,-,2714.2000,2714.0000,2713.8000,2712.4000,2711.0000,2715.6000,2715.8000,2716.8000,2717.0000,2717.6000,3,1,1,1,1,1,1,1,4,1
SF,IH2012,2020-06-16 09:32:06.800,2715.2000,6306,0,128801100.000,0,-,-,-,-,2714.2000,2714.0000,2713.8000,2712.4000,2711.0000,2715.6000,2715.8000,2716.8000,2717.0000,2717.6000,3,1,1,1,1,1,1,1,4,1
SF,IH2012,2020-06-16 09:32:08.300,2715.2000,6306,0,128801100.000,0,-,-,-,-,2714.2000,2714.0000,2713.8000,2712.4000,2711.0000,2715.6000,2715.8000,2716.8000,2717.0000,2717.6000,3,1,1,1,1,1,1,1,4,1
SF,IH2012,2020-06-16 09:32:08.800,2715.2000,6306,0,128801100.000,0,-,-,-,-,2714.4000,2714.2000,2714.0000,2713.8000,2712.4000,2715.8000,2716.8000,2717.0000,2717.6000,2718.4000,1,3,1,1,1,1,1,4,1,1
SF,IH2012,2020-06-16 09:32:11.300,2715.8000,6305,-1,129615840.000,1,0,1,双平,S,2715.8000,2714.4000,2714.0000,2713.8000,2712.4000,2716.8000,2717.0000,2717.6000,2718.4000,2718.8000,2,1,1,1,1,1,4,1,1,2
SF,IH2012,2020-06-16 09:32:11.800,2715.8000,6303,-2,131245320.000,2,0,2,双平,S,2714.0000,2713.8000,2711.0000,2710.2000,2710.0000,2715.6000,2715.8000,2716.8000,2717.0000,2717.6000,1,1,1,1,1,1,1,1,1,1
SF,IH2012,2020-06-16 09:32:12.300,2715.8000,6303,0,131245320.000,0,-,-,-,-,2714.2000,2714.0000,2713.8000,2712.6000,2711.0000,2715.6000,2715.8000,2716.0000,2716.8000,2717.0000,1,1,1,1,1,1,1,3,1,1
SF,IH2012,2020-06-16 09:32:12.800,2715.8000,6303,0,131245320.000,0,-,-,-,-,2714.2000,2714.0000,2713.8000,2712.6000,2711.0000,2715.8000,2716.0000,2716.8000,2717.0000,2717.6000,2,1,1,1,1,1,3,1,1,1
SF,IH2012,2020-06-16 09:32:13.800,2715.8000,6303,0,131245320.000,0,-,-,-,-,2714.2000,2714.0000,2713.8000,2712.6000,2711.0000,2715.6000,2715.8000,2716.0000,2716.8000,2717.0000,2,1,1,1,1,1,1,3,1,1
SF,IH2012,2020-06-16 09:32:14.300,2715.8000,6303,0,131245320.000,0,-,-,-,-,2714.2000,2714.0000,2713.8000,2712.6000,2711.0000,2715.6000,2715.8000,2716.0000,2716.8000,2717.0000,1,1,1,1,1,1,1,3,1,1
SF,IH2012,2020-06-16 09:32:15.300,2715.8000,6302,-1,132060060.000,1,0,1,双平,S,2714.2000,2714.0000,2713.8000,2712.6000,2711.0000,2715.8000,2716.0000,2716.8000,2717.0000,2717.6000,1,1,1,1,1,1,3,1,1,1
SF,IH2012,2020-06-16 09:32:16.800,2715.8000,6302,0,132060060.000,0,-,-,-,-,2714.2000,2714.0000,2713.8000,2712.6000,2711.0000,2715.6000,2715.8000,2716.0000,2716.8000,2717.0000,1,1,1,1,1,1,1,3,1,1
SF,IH2012,2020-06-16 09:32:18.300,2714.2000,6301,-1,132874320.000,1,0,1,双平,S,2714.0000,2713.8000,2712.6000,2711.0000,2710.2000,2715.6000,2715.8000,2716.0000,2716.8000,2717.0000,1,1,1,1,1,1,1,3,1,1
SF,IH2012,2020-06-16 09:32:18.800,2714.2000,6301,0,132874320.000,0,-,-,-,-,2714.0000,2713.8000,2712.6000,2711.0000,2710.2000,2715.4000,2715.8000,2716.0000,2716.8000,2717.0000,1,1,1,1,1,2,1,3,1,1
SF,IH2012,2020-06-16 09:32:19.300,2714.0000,6297,-4,136947000.000,5,0,5,多平,S,2713.8000,2712.6000,2711.0000,2710.2000,2710.0000,2714.0000,2715.8000,2716.0000,2716.8000,2717.0000,1,1,1,1,1,1,1,3,1,1
SF,IH2012,2020-06-16 09:32:19.800,2714.0000,6296,-1,137761200.000,1,0,1,双平,S,2714.4000,2714.2000,2714.0000,2712.6000,2711.0000,2715.8000,2716.0000,2717.0000,2717.6000,2718.4000,2,1,1,1,1,1,3,1,1,1
SF,IH2012,2020-06-16 09:32:21.300,2714.0000,6296,0,137761200.000,0,-,-,-,-,2714.4000,2714.0000,2712.6000,2711.0000,2710.2000,2715.8000,2716.0000,2717.0000,2717.6000,2718.4000,2,1,1,1,1,1,3,1,1,1
SF,IH2012,2020-06-16 09:32:21.800,2716.0000,6294,-2,139390680.000,2,0,2,双平,S,2714.4000,2712.6000,2711.0000,2710.2000,2710.0000,2716.0000,2717.0000,2717.6000,2718.4000,2718.8000,2,1,1,1,1,2,1,1,1,2
SF,IH2012,2020-06-16 09:32:22.300,2716.0000,6294,0,139390680.000,0,-,-,-,-,2714.6000,2714.4000,2712.6000,2711.0000,2710.2000,2716.0000,2717.0000,2717.6000,2718.4000,2718.8000,4,2,1,1,1,2,1,1,1,2
SF,IH2012,2020-06-16 09:32:24.300,2716.0000,6294,0,139390680.000,0,-,-,-,-,2714.6000,2714.4000,2712.6000,2711.0000,2710.2000,2716.0000,2717.0000,2717.6000,2718.4000,2718.8000,4,3,1,1,1,2,1,1,1,2
SF,IH2012,2020-06-16 09:32:24.800,2716.0000,6294,0,139390680.000,0,-,-,-,-,2714.6000,2714.4000,2712.6000,2711.0000,2710.2000,2716.0000,2717.0000,2717.6000,2718.4000,2718.8000,4,3,1,1,1,2,1,1,1,2
SF,IH2012,2020-06-16 09:32:25.300,2716.0000,6292,-2,141020280.000,2,0,2,双平,S,2714.6000,2714.4000,2712.6000,2711.0000,2710.2000,2717.0000,2717.6000,2718.4000,2718.8000,2719.0000,4,2,1,1,1,1,1,1,2,1
SF,IH2012,2020-06-16 09:32:25.800,2716.0000,6292,0,141020280.000,0,-,-,-,-,2714.8000,2714.6000,2714.4000,2712.6000,2711.0000,2717.0000,2717.6000,2718.4000,2718.8000,2719.0000,2,4,2,1,1,1,1,1,2,1
SF,IH2012,2020-06-16 09:32:26.300,2716.0000,6292,0,141020280.000,0,-,-,-,-,2715.0000,2714.8000,2714.6000,2714.4000,2712.6000,2717.0000,2717.6000,2718.4000,2718.8000,2719.0000,2,2,3,2,1,1,1,1,2,1
SF,IH2012,2020-06-16 09:32:26.800,2716.0000,6292,0,141020280.000,0,-,-,-,-,2715.2000,2715.0000,2714.6000,2714.4000,2711.0000,2717.0000,2717.6000,2718.4000,2718.8000,2719.0000,1,1,3,2,1,1,1,1,2,1
SF,IH2012,2020-06-16 09:32:27.300,2716.0000,6292,0,141020280.000,0,-,-,-,-,2715.2000,2715.0000,2714.6000,2714.4000,2711.0000,2717.0000,2717.6000,2718.4000,2718.8000,2719.0000,2,1,3,2,1,1,1,1,2,1
SF,IH2012,2020-06-16 09:32:27.800,2716.0000,6292,0,141020280.000,0,-,-,-,-,2715.4000,2715.2000,2715.0000,2714.6000,2714.4000,2717.0000,2717.6000,2718.4000,2718.8000,2719.0000,1,2,1,3,2,1,1,1,2,1
SF,IH2012,2020-06-16 09:32:28.300,2716.0000,6292,0,141020280.000,0,-,-,-,-,2715.4000,2715.2000,2715.0000,2714.6000,2714.4000,2717.0000,2717.6000,2718.4000,2718.8000,2719.0000,1,2,1,3,2,2,1,1,2,1
SF,IH2012,2020-06-16 09:32:31.300,2716.0000,6292,0,141020280.000,0,-,-,-,-,2715.4000,2715.2000,2715.0000,2714.6000,2714.4000,2717.0000,2717.6000,2718.4000,2718.8000,2719.0000,1,1,1,3,2,2,1,1,2,1
SF,IH2012,2020-06-16 09:32:31.800,2716.0000,6292,0,141020280.000,0,-,-,-,-,2715.4000,2715.2000,2715.0000,2714.6000,2714.4000,2717.0000,2717.6000,2718.4000,2718.8000,2719.0000,1,1,1,3,2,2,1,1,2,1
SF,IH2012,2020-06-16 09:32:32.300,2716.0000,6292,0,141020280.000,0,-,-,-,-,2715.6000,2715.2000,2714.6000,2714.4000,2711.0000,2717.0000,2717.6000,2718.4000,2718.8000,2719.0000,2,1,3,2,1,2,1,1,2,1
SF,IH2012,2020-06-16 09:32:32.800,2716.0000,6292,0,141020280.000,0,-,-,-,-,2715.6000,2714.6000,2714.4000,2711.0000,2710.2000,2717.0000,2717.6000,2718.4000,2718.8000,2719.0000,2,3,2,1,1,2,1,1,2,1
SF,IH2012,2020-06-16 09:32:33.300,2716.0000,6292,0,141020280.000,0,-,-,-,-,2715.8000,2715.6000,2714.6000,2714.4000,2711.0000,2717.0000,2717.6000,2718.4000,2718.8000,2719.0000,1,3,3,2,1,2,1,1,2,1
SF,IH2012,2020-06-16 09:32:33.800,2716.0000,6292,0,141020280.000,0,-,-,-,-,2715.6000,2714.6000,2714.4000,2711.0000,2710.2000,2717.0000,2717.6000,2718.4000,2718.8000,2719.0000,3,3,2,1,1,2,1,1,2,1
SF,IH2012,2020-06-16 09:32:34.300,2717.0000,6290,-2,142650480.000,2,0,2,双平,S,2715.6000,2714.6000,2714.4000,2711.0000,2710.2000,2717.6000,2718.4000,2718.8000,2719.0000,2719.8000,3,3,2,1,1,1,1,2,1,1
SF,IH2012,2020-06-16 09:32:34.800,2717.0000,6290,0,142650480.000,0,-,-,-,-,2715.8000,2715.6000,2714.6000,2714.4000,2711.0000,2717.6000,2718.4000,2718.8000,2719.0000,2719.8000,2,3,3,2,1,1,1,2,1,1
SF,IH2012,2020-06-16 09:32:35.300,2716.0000,6290,0,143465280.000,1,0,1,多换,S,2716.0000,2715.8000,2715.6000,2714.6000,2714.4000,2717.6000,2718.4000,2718.8000,2719.0000,2719.8000,1,1,2,3,2,1,1,2,1,1
SF,IH2012,2020-06-16 09:32:35.800,2716.0000,6290,0,143465280.000,0,-,-,-,-,2716.0000,2715.8000,2715.6000,2714.6000,2714.4000,2717.6000,2718.4000,2718.8000,2719.0000,2719.8000,1,1,1,3,2,1,1,2,1,1
SF,IH2012,2020-06-16 09:32:36.300,2716.0000,6290,0,144280080.000,1,0,1,多换,S,2715.8000,2715.6000,2714.6000,2714.4000,2711.0000,2717.6000,2718.4000,2718.8000,2719.0000,2719.8000,1,1,3,2,1,1,1,2,1,1
SF,IH2012,2020-06-16 09:32:37.800,2715.8000,6290,0,145094820.000,1,0,1,多换,S,2715.6000,2714.6000,2714.4000,2711.0000,2710.2000,2715.8000,2717.4000,2717.6000,2718.4000,2718.8000,1,3,2,1,1,1,1,1,1,2
SF,IH2012,2020-06-16 09:32:38.300,2715.8000,6290,0,145909560.000,1,0,1,多换,S,2716.2000,2716.0000,2715.6000,2714.6000,2714.4000,2717.4000,2717.6000,2718.4000,2718.8000,2719.0000,1,1,1,3,2,1,1,1,2,1
SF,IH2012,2020-06-16 09:32:38.800,2715.8000,6290,0,145909560.000,0,-,-,-,-,2716.2000,2716.0000,2715.6000,2714.6000,2714.4000,2717.6000,2718.4000,2718.8000,2719.0000,2719.8000,1,1,1,3,2,1,1,2,1,1
SF,IH2012,2020-06-16 09:32:39.300,2715.8000,6290,0,145909560.000,0,-,-,-,-,2716.2000,2716.0000,2715.6000,2714.6000,2714.4000,2717.6000,2718.4000,2718.8000,2719.0000,2719.8000,1,1,1,3,2,1,1,2,1,1
SF,IH2012,2020-06-16 09:32:39.800,2715.8000,6290,0,145909560.000,0,-,-,-,-,2716.2000,2716.0000,2715.6000,2714.6000,2714.4000,2717.6000,2718.4000,2718.8000,2719.8000,2720.0000,1,1,1,3,2,1,1,2,1,12
SF,IH2012,2020-06-16 09:32:40.300,2715.8000,6290,0,145909560.000,0,-,-,-,-,2716.2000,2716.0000,2715.6000,2714.6000,2714.4000,2717.6000,2718.4000,2718.8000,2719.8000,2720.0000,1,1,1,3,2,1,1,2,1,12
SF,IH2012,2020-06-16 09:32:40.800,2716.2000,6289,-1,146724420.000,1,0,1,双平,S,2716.4000,2716.2000,2716.0000,2715.6000,2714.4000,2717.6000,2718.4000,2718.8000,2719.8000,2720.0000,2,1,1,1,2,1,1,2,1,12
SF,IH2012,2020-06-16 09:32:42.800,2717.6000,6288,-1,147539700.000,1,0,1,双平,S,2716.4000,2716.2000,2716.0000,2715.6000,2714.4000,2717.4000,2718.4000,2718.8000,2719.8000,2720.0000,2,1,1,1,2,3,1,2,1,12
SF,IH2012,2020-06-16 09:32:43.300,2717.6000,6288,0,147539700.000,0,-,-,-,-,2716.6000,2716.4000,2716.2000,2716.0000,2715.6000,2717.4000,2718.4000,2718.8000,2719.8000,2720.0000,1,2,1,1,1,3,1,2,1,12
SF,IH2012,2020-06-16 09:32:46.300,2716.6000,6287,-1,148354680.000,1,0,1,双平,S,2716.4000,2716.2000,2716.0000,2715.6000,2714.4000,2717.4000,2718.4000,2718.8000,2719.8000,2720.0000,2,1,1,1,2,3,1,2,1,12
SF,IH2012,2020-06-16 09:32:47.800,2716.6000,6287,0,148354680.000,0,-,-,-,-,2716.6000,2716.4000,2716.2000,2716.0000,2715.6000,2717.4000,2718.4000,2718.8000,2719.8000,2720.0000,1,2,1,1,1,3,1,2,1,12
SF,IH2012,2020-06-16 09:32:48.800,2717.4000,6288,1,149169900.000,1,1,0,双开,S,2716.6000,2716.4000,2716.0000,2715.6000,2714.4000,2717.4000,2718.0000,2718.4000,2718.8000,2719.8000,1,2,1,1,2,2,1,1,2,1
SF,IH2012,2020-06-16 09:32:49.300,2717.4000,6288,0,149169900.000,0,-,-,-,-,2716.4000,2716.0000,2715.6000,2714.4000,2711.0000,2717.4000,2718.0000,2718.4000,2718.8000,2719.8000,2,1,1,2,1,2,1,1,2,1
SF,IH2012,2020-06-16 09:32:50.800,2717.4000,6288,0,149169900.000,0,-,-,-,-,2716.4000,2716.0000,2715.6000,2714.4000,2711.0000,2717.4000,2718.0000,2718.4000,2718.8000,2719.8000,2,1,1,2,1,2,1,1,2,1
SF,IH2012,2020-06-16 09:32:51.800,2717.4000,6289,1,149985120.000,1,1,0,双开,S,2716.4000,2716.0000,2715.6000,2714.4000,2711.0000,2717.4000,2718.0000,2718.4000,2718.8000,2719.8000,2,1,1,2,1,1,1,1,2,1
SF,IH2012,2020-06-16 09:32:52.300,2717.4000,6289,0,150800340.000,1,0,1,多换,S,2716.6000,2716.4000,2716.0000,2715.6000,2714.4000,2718.0000,2718.4000,2718.8000,2719.8000,2720.0000,1,2,1,1,2,1,1,2,1,13
SF,IH2012,2020-06-16 09:32:54.300,2717.4000,6289,0,150800340.000,0,-,-,-,-,2717.4000,2716.6000,2716.4000,2716.0000,2715.6000,2718.0000,2718.4000,2718.8000,2719.8000,2720.0000,1,1,2,1,1,1,1,2,1,13
SF,IH2012,2020-06-16 09:32:54.800,2717.4000,6289,0,151615560.000,1,0,1,多换,S,2716.6000,2716.4000,2716.0000,2711.0000,2710.2000,2718.0000,2718.4000,2718.8000,2719.8000,2720.0000,1,2,1,1,1,1,1,2,1,13
SF,IH2012,2020-06-16 09:32:55.300,2717.4000,6289,0,151615560.000,0,-,-,-,-,2716.6000,2716.4000,2711.0000,2710.2000,2710.0000,2718.0000,2718.4000,2718.8000,2719.8000,2720.0000,1,2,1,1,1,1,1,2,1,13
SF,IH2012,2020-06-16 09:32:55.800,2717.4000,6289,0,151615560.000,0,-,-,-,-,2716.4000,2711.0000,2710.2000,2710.0000,2709.4000,2718.0000,2718.4000,2718.8000,2719.8000,2720.0000,2,1,1,1,5,1,1,2,1,13
SF,IH2012,2020-06-16 09:32:56.300,2717.4000,6289,0,151615560.000,0,-,-,-,-,2716.6000,2711.0000,2710.2000,2710.0000,2709.4000,2718.0000,2718.4000,2718.8000,2719.8000,2720.0000,2,1,1,1,5,1,1,2,1,13
SF,IH2012,2020-06-16 09:32:56.800,2717.4000,6289,0,151615560.000,0,-,-,-,-,2716.6000,2711.0000,2710.2000,2710.0000,2709.4000,2718.0000,2718.4000,2718.8000,2719.8000,2720.0000,2,1,1,1,5,1,1,2,1,13
SF,IH2012,2020-06-16 09:32:57.300,2717.4000,6289,0,151615560.000,0,-,-,-,-,2716.6000,2711.0000,2710.2000,2710.0000,2709.4000,2718.0000,2718.4000,2718.8000,2719.8000,2720.0000,2,1,1,1,5,1,1,2,1,13
SF,IH2012,2020-06-16 09:32:57.800,2717.4000,6289,0,151615560.000,0,-,-,-,-,2716.6000,2711.0000,2710.2000,2710.0000,2709.4000,2718.0000,2718.4000,2718.8000,2719.8000,2720.0000,2,1,1,1,5,1,1,2,1,13
SF,IH2012,2020-06-16 09:32:58.300,2717.4000,6289,0,151615560.000,0,-,-,-,-,2716.6000,2711.0000,2710.2000,2710.0000,2709.4000,2718.0000,2718.4000,2718.8000,2719.8000,2720.0000,2,1,1,1,5,1,1,2,1,13
SF,IH2012,2020-06-16 09:32:58.800,2716.6000,6287,-2,153245520.000,2,0,2,双平,S,2711.0000,2710.2000,2710.0000,2709.4000,2708.0000,2717.8000,2718.0000,2718.4000,2718.8000,2719.8000,1,1,1,5,1,1,1,1,2,1
SF,IH2012,2020-06-16 09:32:59.300,2716.6000,6287,0,153245520.000,0,-,-,-,-,2712.6000,2711.6000,2711.2000,2711.0000,2710.2000,2717.6000,2717.8000,2718.0000,2718.4000,2718.8000,4,4,1,1,1,1,1,1,1,2
SF,IH2012,2020-06-16 09:32:59.800,2716.6000,6287,0,153245520.000,0,-,-,-,-,2712.8000,2712.6000,2711.6000,2711.0000,2710.2000,2717.4000,2717.6000,2718.0000,2718.4000,2718.8000,3,4,4,1,1,1,1,1,1,2
SF,IH2012,2020-06-16 09:33:00.300,2716.6000,6287,0,153245520.000,0,-,-,-,-,2712.8000,2712.6000,2711.6000,2711.0000,2710.2000,2717.2000,2717.4000,2718.0000,2718.4000,2718.8000,3,4,4,1,1,1,1,1,1,2
SF,IH2012,2020-06-16 09:33:00.800,2716.6000,6287,0,153245520.000,0,-,-,-,-,2712.8000,2712.6000,2711.6000,2711.0000,2710.2000,2717.0000,2717.2000,2718.0000,2718.4000,2718.8000,3,4,4,1,1,1,1,1,1,2
SF,IH2012,2020-06-16 09:33:01.300,2716.6000,6287,0,153245520.000,0,-,-,-,-,2712.8000,2712.6000,2711.6000,2711.0000,2710.2000,2716.8000,2717.0000,2718.0000,2718.4000,2718.8000,1,4,4,1,1,1,1,1,1,2
SF,IH2012,2020-06-16 09:33:01.800,2716.6000,6287,0,153245520.000,0,-,-,-,-,2712.8000,2712.6000,2711.6000,2711.0000,2710.2000,2716.6000,2716.8000,2718.0000,2718.4000,2718.8000,1,4,4,1,1,1,1,1,1,2
SF,IH2012,2020-06-16 09:33:02.300,2716.6000,6287,0,154060500.000,1,0,1,多换,S,2713.0000,2712.8000,2712.6000,2711.6000,2711.0000,2716.6000,2718.0000,2718.4000,2718.8000,2719.8000,1,1,4,4,1,2,1,1,2,1
SF,IH2012,2020-06-16 09:33:02.800,2716.6000,6287,0,154060500.000,0,-,-,-,-,2713.2000,2713.0000,2712.6000,2711.6000,2711.0000,2716.6000,2718.0000,2718.4000,2718.8000,2719.8000,1,1,4,4,1,2,1,1,2,1
SF,IH2012,2020-06-16 09:33:03.300,2716.6000,6287,0,154875480.000,1,0,1,多换,S,2713.4000,2713.2000,2712.6000,2711.6000,2711.0000,2718.0000,2718.4000,2718.8000,2719.8000,2720.0000,1,1,4,4,1,1,1,2,1,13
SF,IH2012,2020-06-16 09:33:03.800,2716.6000,6287,0,154875480.000,0,-,-,-,-,2717.0000,2716.6000,2713.6000,2713.4000,2712.6000,2717.8000,2718.0000,2718.4000,2718.8000,2719.8000,1,1,1,1,4,1,1,1,2,1
SF,IH2012,2020-06-16 09:33:04.300,2716.6000,6287,0,156505560.000,2,1,1,多换,S,2713.6000,2713.4000,2712.6000,2711.6000,2711.0000,2717.6000,2718.0000,2718.4000,2718.8000,2719.8000,2,1,4,4,1,6,1,1,2,1
SF,IH2012,2020-06-16 09:33:04.800,2716.6000,6287,0,156505560.000,0,-,-,-,-,2713.8000,2713.6000,2712.6000,2711.6000,2711.0000,2717.4000,2717.6000,2718.0000,2718.4000,2718.8000,1,2,4,4,1,1,1,1,1,2
SF,IH2012,2020-06-16 09:33:05.300,2717.6000,6285,-2,158136060.000,2,0,2,双平,S,2714.0000,2713.8000,2713.6000,2712.6000,2711.6000,2718.0000,2718.4000,2718.8000,2719.8000,2720.0000,1,1,1,4,4,1,1,2,1,13
SF,IH2012,2020-06-16 09:33:05.800,2717.6000,6285,0,158136060.000,0,-,-,-,-,2714.2000,2714.0000,2713.6000,2712.6000,2711.6000,2717.8000,2718.0000,2718.4000,2718.8000,2719.8000,2,1,1,4,4,1,1,1,2,1
SF,IH2012,2020-06-16 09:33:06.300,2717.6000,6285,0,158136060.000,0,-,-,-,-,2714.4000,2714.2000,2714.0000,2713.6000,2712.6000,2717.6000,2717.8000,2718.0000,2718.4000,2718.8000,1,1,2,1,4,1,1,1,1,2
SF,IH2012,2020-06-16 09:33:06.800,2717.6000,6285,0,158136060.000,0,-,-,-,-,2714.6000,2714.4000,2714.0000,2713.6000,2712.6000,2717.4000,2717.6000,2718.0000,2718.4000,2718.8000,1,1,2,1,4,1,1,1,1,2
SF,IH2012,2020-06-16 09:33:07.300,2717.6000,6285,0,158136060.000,0,-,-,-,-,2714.6000,2714.4000,2713.6000,2712.6000,2711.6000,2717.2000,2717.4000,2718.0000,2718.4000,2718.8000,1,1,1,4,4,1,1,1,1,2
SF,IH2012,2020-06-16 09:33:07.800,2717.6000,6285,0,158136060.000,0,-,-,-,-,2714.8000,2714.6000,2714.4000,2713.6000,2712.6000,2717.0000,2717.2000,2718.0000,2718.4000,2718.8000,1,1,1,1,4,1,1,1,1,2
SF,IH2012,2020-06-16 09:33:08.300,2717.6000,6285,0,158136060.000,0,-,-,-,-,2714.8000,2714.4000,2713.6000,2712.6000,2711.0000,2716.8000,2717.0000,2718.0000,2718.4000,2718.8000,1,1,1,4,1,1,1,1,1,2
SF,IH2012,2020-06-16 09:33:08.800,2717.6000,6285,0,158136060.000,0,-,-,-,-,2715.0000,2714.8000,2713.6000,2712.6000,2711.0000,2716.8000,2717.0000,2718.0000,2718.4000,2718.8000,2,1,1,4,1,1,1,1,1,2
SF,IH2012,2020-06-16 09:33:09.800,2717.6000,6285,0,158136060.000,0,-,-,-,-,2715.0000,2713.6000,2712.6000,2711.0000,2710.2000,2716.8000,2717.0000,2718.0000,2718.4000,2718.8000,2,1,4,1,1,1,1,1,1,2
SF,IH2012,2020-06-16 09:33:11.800,2717.6000,6285,0,158136060.000,0,-,-,-,-,2715.0000,2713.6000,2712.6000,2711.0000,2710.2000,2716.8000,2717.0000,2717.4000,2718.0000,2718.4000,2,1,4,1,1,1,1,1,1,1
SF,IH2012,2020-06-16 09:33:12.800,2717.6000,6285,0,158136060.000,0,-,-,-,-,2715.0000,2713.6000,2712.6000,2711.0000,2710.2000,2716.8000,2717.0000,2717.4000,2718.0000,2718.4000,1,1,4,1,1,2,1,1,1,1
SF,IH2012,2020-06-16 09:33:13.300,2717.6000,6285,0,158136060.000,0,-,-,-,-,2715.2000,2715.0000,2713.6000,2712.6000,2711.0000,2716.8000,2717.0000,2717.4000,2718.0000,2718.4000,1,1,1,4,1,2,1,1,1,1
SF,IH2012,2020-06-16 09:33:13.800,2717.2000,6284,-1,158951220.000,1,0,1,双平,S,2715.0000,2713.6000,2712.6000,2711.0000,2710.2000,2716.8000,2717.0000,2717.4000,2718.0000,2718.4000,1,1,4,1,1,2,1,1,1,1
SF,IH2012,2020-06-16 09:33:14.300,2717.2000,6283,-1,159766380.000,1,0,1,双平,S,2715.2000,2715.0000,2713.6000,2712.6000,2711.0000,2716.8000,2717.0000,2717.4000,2718.0000,2718.4000,1,1,1,4,1,1,1,1,1,1
SF,IH2012,2020-06-16 09:33:14.800,2717.2000,6283,0,159766380.000,0,-,-,-,-,2715.2000,2715.0000,2713.6000,2712.6000,2711.0000,2716.8000,2717.0000,2717.4000,2717.6000,2718.0000,1,1,1,4,1,1,1,1,1,1
SF,IH2012,2020-06-16 09:33:15.300,2717.2000,6283,0,160581540.000,1,0,1,多换,S,2715.2000,2715.0000,2713.6000,2712.6000,2711.0000,2716.8000,2717.0000,2717.4000,2717.6000,2718.0000,1,1,1,4,1,1,1,1,1,1
SF,IH2012,2020-06-16 09:33:15.800,2717.2000,6283,0,160581540.000,0,-,-,-,-,2715.2000,2715.0000,2713.6000,2712.6000,2711.0000,2716.8000,2717.0000,2717.4000,2717.6000,2718.0000,1,1,1,4,1,1,1,1,1,1
SF,IH2012,2020-06-16 09:33:16.300,2717.2000,6283,0,160581540.000,0,-,-,-,-,2715.4000,2715.2000,2715.0000,2713.6000,2712.6000,2716.8000,2717.0000,2717.4000,2717.6000,2718.0000,1,1,1,1,4,1,1,1,1,1
SF,IH2012,2020-06-16 09:33:16.800,2717.2000,6283,0,160581540.000,0,-,-,-,-,2715.2000,2715.0000,2713.6000,2712.6000,2711.0000,2716.8000,2717.0000,2717.4000,2717.6000,2718.0000,1,1,1,4,1,1,1,1,1,1
SF,IH2012,2020-06-16 09:33:17.300,2717.2000,6283,0,160581540.000,0,-,-,-,-,2715.2000,2715.0000,2713.6000,2711.0000,2710.2000,2716.8000,2717.0000,2717.4000,2717.6000,2718.0000,1,1,1,1,1,1,1,1,1,1
SF,IH2012,2020-06-16 09:33:19.300,2717.2000,6283,0,160581540.000,0,-,-,-,-,2715.2000,2715.0000,2713.6000,2711.0000,2710.2000,2716.8000,2717.0000,2717.4000,2717.6000,2718.0000,1,1,1,1,1,1,1,1,1,1
SF,IH2012,2020-06-16 09:33:20.800,2717.2000,6283,0,160581540.000,0,-,-,-,-,2715.2000,2715.0000,2713.6000,2711.0000,2710.2000,2716.8000,2717.0000,2717.4000,2717.6000,2718.0000,1,1,1,1,1,1,1,1,1,1
SF,IH2012,2020-06-16 09:33:21.300,2717.2000,6283,0,160581540.000,0,-,-,-,-,2715.2000,2715.0000,2713.6000,2711.0000,2710.2000,2716.8000,2717.0000,2717.4000,2717.6000,2718.0000,1,1,1,1,1,1,1,1,1,1
SF,IH2012,2020-06-16 09:33:23.800,2717.2000,6283,0,160581540.000,0,-,-,-,-,2715.2000,2715.0000,2713.6000,2711.0000,2710.2000,2716.8000,2717.0000,2717.4000,2717.6000,2718.0000,1,1,1,1,1,1,1,1,1,1
SF,IH2012,2020-06-16 09:33:24.800,2717.2000,6283,0,160581540.000,0,-,-,-,-,2715.4000,2715.2000,2715.0000,2713.6000,2711.0000,2716.8000,2717.0000,2717.4000,2717.6000,2718.0000,1,1,1,1,1,1,1,1,1,1
SF,IH2012,2020-06-16 09:33:25.300,2717.2000,6283,0,160581540.000,0,-,-,-,-,2715.4000,2715.2000,2715.0000,2713.6000,2711.0000,2716.8000,2717.0000,2717.4000,2717.6000,2718.0000,1,1,1,1,1,1,1,1,1,1
SF,IH2012,2020-06-16 09:33:25.800,2717.2000,6283,0,160581540.000,0,-,-,-,-,2715.2000,2715.0000,2713.6000,2711.0000,2710.2000,2716.8000,2717.0000,2717.4000,2717.6000,2718.0000,1,1,1,1,1,1,1,1,1,1
SF,IH2012,2020-06-16 09:33:26.300,2717.2000,6283,0,160581540.000,0,-,-,-,-,2715.4000,2715.2000,2715.0000,2713.6000,2711.0000,2716.8000,2717.0000,2717.4000,2717.6000,2718.0000,1,1,1,1,1,1,1,1,1,1
SF,IH2012,2020-06-16 09:33:27.800,2717.2000,6283,0,160581540.000,0,-,-,-,-,2715.2000,2715.0000,2713.6000,2711.0000,2710.2000,2716.8000,2717.0000,2717.4000,2717.6000,2718.0000,1,1,1,1,1,1,1,1,1,1
SF,IH2012,2020-06-16 09:33:28.300,2717.2000,6283,0,160581540.000,0,-,-,-,-,2715.4000,2715.2000,2715.0000,2713.6000,2711.0000,2716.8000,2717.0000,2717.4000,2717.6000,2718.0000,1,1,1,1,1,1,1,1,1,1
SF,IH2012,2020-06-16 09:33:31.300,2717.2000,6283,0,160581540.000,0,-,-,-,-,2715.4000,2715.2000,2715.0000,2713.6000,2711.0000,2716.8000,2717.0000,2717.4000,2717.6000,2718.0000,1,1,1,1,1,1,1,1,1,1
SF,IH2012,2020-06-16 09:33:31.800,2717.2000,6283,0,160581540.000,0,-,-,-,-,2715.4000,2715.2000,2715.0000,2713.6000,2711.0000,2716.8000,2717.4000,2717.6000,2718.0000,2718.4000,1,1,1,1,1,1,1,1,1,1
SF,IH2012,2020-06-16 09:33:32.800,2717.2000,6283,0,160581540.000,0,-,-,-,-,2715.2000,2715.0000,2713.6000,2711.0000,2710.2000,2716.8000,2717.4000,2717.6000,2718.0000,2718.4000,1,1,1,1,1,1,1,1,1,1
SF,IH2012,2020-06-16 09:33:33.300,2717.2000,6283,0,160581540.000,0,-,-,-,-,2715.4000,2715.2000,2713.6000,2711.0000,2710.2000,2716.8000,2717.4000,2717.6000,2718.0000,2718.4000,1,1,1,1,1,1,1,1,1,1
SF,IH2012,2020-06-16 09:33:33.800,2717.2000,6283,0,160581540.000,0,-,-,-,-,2715.4000,2715.2000,2713.6000,2711.0000,2710.2000,2716.8000,2717.4000,2717.6000,2718.0000,2718.4000,1,1,1,1,1,1,1,1,1,1
SF,IH2012,2020-06-16 09:33:34.300,2716.8000,6282,-1,161396580.000,1,0,1,双平,S,2715.4000,2715.2000,2713.6000,2711.0000,2710.2000,2717.4000,2717.6000,2718.0000,2718.4000,2718.8000,1,1,1,1,1,1,1,1,1,2
SF,IH2012,2020-06-16 09:33:34.800,2715.6000,6281,-1,162211260.000,1,0,1,双平,S,2715.4000,2713.6000,2711.0000,2710.2000,2710.0000,2717.4000,2717.6000,2718.0000,2718.4000,2718.8000,1,1,1,1,1,1,1,1,1,2
SF,IH2012,2020-06-16 09:33:35.300,2715.6000,6281,0,162211260.000,0,-,-,-,-,2715.6000,2715.4000,2713.6000,2711.0000,2710.2000,2717.4000,2717.6000,2718.0000,2718.4000,2718.8000,1,1,1,1,1,1,1,1,1,2
SF,IH2012,2020-06-16 09:33:36.300,2715.6000,6281,0,162211260.000,0,-,-,-,-,2715.8000,2715.6000,2715.4000,2713.6000,2711.0000,2717.4000,2717.6000,2718.0000,2718.4000,2718.8000,1,1,1,1,1,1,1,1,1,2
SF,IH2012,2020-06-16 09:33:36.800,2715.6000,6281,0,162211260.000,0,-,-,-,-,2715.8000,2715.6000,2715.4000,2713.6000,2711.0000,2717.4000,2717.6000,2718.0000,2718.4000,2718.8000,1,1,1,1,1,1,1,1,1,2
SF,IH2012,2020-06-16 09:33:38.800,2715.8000,6280,-1,163026000.000,1,0,1,双平,S,2715.6000,2715.4000,2713.6000,2711.0000,2710.2000,2715.8000,2717.4000,2717.6000,2718.0000,2718.4000,1,1,1,1,1,7,1,1,1,1
SF,IH2012,2020-06-16 09:33:39.300,2715.8000,6279,-1,168729180.000,7,3,4,多平,S,2716.2000,2716.0000,2713.6000,2711.0000,2710.2000,2717.4000,2717.6000,2718.0000,2718.4000,2718.8000,2,1,1,1,1,1,1,1,1,2
SF,IH2012,2020-06-16 09:33:43.800,2716.2000,6279,0,169544040.000,1,0,1,多换,S,2716.2000,2716.0000,2713.6000,2711.0000,2710.2000,2717.4000,2717.6000,2718.0000,2718.4000,2718.8000,1,1,1,1,1,1,1,1,1,2
SF,IH2012,2020-06-16 09:33:44.300,2716.2000,6279,0,169544040.000,0,-,-,-,-,2716.2000,2713.6000,2711.0000,2710.2000,2710.0000,2717.4000,2717.6000,2718.0000,2718.4000,2718.8000,1,1,1,1,1,1,1,1,1,2
SF,IH2012,2020-06-16 09:33:44.800,2716.2000,6279,0,169544040.000,0,-,-,-,-,2716.2000,2713.6000,2711.0000,2710.2000,2710.0000,2717.4000,2717.6000,2718.0000,2718.4000,2718.8000,1,1,1,1,1,1,1,1,1,2
SF,IH2012,2020-06-16 09:33:45.300,2716.2000,6279,0,169544040.000,0,-,-,-,-,2716.2000,2713.6000,2711.0000,2710.2000,2710.0000,2717.2000,2717.4000,2717.6000,2718.0000,2718.4000,1,1,1,1,1,1,3,1,1,1
SF,IH2012,2020-06-16 09:33:45.800,2716.2000,6279,0,170358900.000,1,0,1,多换,S,2716.4000,2713.6000,2711.0000,2710.2000,2710.0000,2717.2000,2717.4000,2717.6000,2718.0000,2718.4000,1,1,1,1,1,1,3,1,1,1
SF,IH2012,2020-06-16 09:33:46.300,2716.4000,6278,-1,171173820.000,1,0,1,双平,S,2713.6000,2711.0000,2710.2000,2710.0000,2709.4000,2717.2000,2717.4000,2717.6000,2718.0000,2718.4000,1,1,1,1,5,1,3,1,1,1
SF,IH2012,2020-06-16 09:33:46.800,2716.4000,6278,0,171173820.000,0,-,-,-,-,2713.8000,2713.6000,2711.0000,2710.2000,2710.0000,2717.2000,2717.4000,2717.6000,2718.0000,2718.4000,6,1,1,1,1,1,3,1,1,1
SF,IH2012,2020-06-16 09:33:47.300,2716.4000,6278,0,171173820.000,0,-,-,-,-,2713.8000,2713.6000,2711.0000,2710.2000,2710.0000,2717.4000,2717.6000,2718.0000,2718.4000,2718.8000,6,1,1,1,1,3,1,1,1,1
SF,IH2012,2020-06-16 09:33:47.800,2717.2000,6277,-1,171988980.000,1,0,1,双平,S,2713.8000,2713.6000,2711.0000,2710.2000,2710.0000,2717.4000,2717.6000,2718.0000,2718.4000,2718.8000,6,1,1,1,1,3,1,1,1,1
SF,IH2012,2020-06-16 09:33:48.300,2717.2000,6277,0,171988980.000,0,-,-,-,-,2713.8000,2713.6000,2711.0000,2710.2000,2710.0000,2717.0000,2717.2000,2717.4000,2717.6000,2718.0000,6,1,1,1,1,2,2,3,1,1
SF,IH2012,2020-06-16 09:33:48.800,2717.2000,6277,0,172804140.000,1,0,1,多换,S,2714.0000,2713.8000,2713.6000,2711.0000,2710.2000,2717.0000,2717.2000,2717.4000,2717.6000,2718.0000,1,6,1,1,1,1,2,3,1,1
SF,IH2012,2020-06-16 09:33:49.300,2717.2000,6277,0,172804140.000,0,-,-,-,-,2714.2000,2714.0000,2713.8000,2713.6000,2711.0000,2717.0000,2717.2000,2717.4000,2717.6000,2718.0000,2,1,4,1,1,1,2,3,1,1
SF,IH2012,2020-06-16 09:33:49.800,2717.2000,6277,0,172804140.000,0,-,-,-,-,2714.2000,2714.0000,2713.6000,2711.0000,2710.2000,2717.0000,2717.2000,2717.4000,2717.6000,2718.0000,2,1,1,1,1,1,2,3,1,1
SF,IH2012,2020-06-16 09:33:51.300,2717.2000,6277,0,172804140.000,0,-,-,-,-,2714.2000,2714.0000,2713.6000,2711.0000,2710.2000,2716.8000,2717.0000,2717.2000,2717.4000,2717.6000,2,1,1,1,1,1,1,2,3,1
SF,IH2012,2020-06-16 09:33:51.800,2717.2000,6275,-2,175249620.000,3,0,3,多平,S,2714.4000,2714.2000,2714.0000,2713.6000,2711.0000,2717.2000,2717.4000,2717.6000,2718.0000,2718.4000,2,1,1,1,1,2,3,1,1,1
SF,IH2012,2020-06-16 09:33:52.300,2717.2000,6275,0,175249620.000,0,-,-,-,-,2714.6000,2714.4000,2714.0000,2713.6000,2711.0000,2717.2000,2717.4000,2717.6000,2718.0000,2718.4000,1,2,1,1,1,2,3,1,1,1
SF,IH2012,2020-06-16 09:33:52.800,2717.2000,6275,0,175249620.000,0,-,-,-,-,2714.8000,2714.6000,2714.4000,2714.0000,2713.6000,2717.2000,2717.4000,2717.6000,2718.0000,2718.4000,1,1,1,1,1,2,3,1,1,1
SF,IH2012,2020-06-16 09:33:53.300,2717.2000,6275,0,175249620.000,0,-,-,-,-,2715.0000,2714.8000,2714.4000,2714.0000,2713.6000,2717.2000,2717.4000,2717.6000,2718.0000,2718.4000,1,1,1,1,1,2,3,1,1,1
SF,IH2012,2020-06-16 09:33:53.800,2717.2000,6275,0,175249620.000,0,-,-,-,-,2715.2000,2715.0000,2714.4000,2714.0000,2713.6000,2717.2000,2717.4000,2717.6000,2718.0000,2718.4000,1,1,1,1,1,1,3,1,1,1
SF,IH2012,2020-06-16 09:33:54.300,2715.4000,6274,-1,176064240.000,1,0,1,双平,S,2715.4000,2715.2000,2714.4000,2714.0000,2713.6000,2717.2000,2717.4000,2717.6000,2718.0000,2718.4000,1,1,1,1,1,1,3,1,1,1
SF,IH2012,2020-06-16 09:33:54.800,2715.4000,6274,0,176064240.000,0,-,-,-,-,2715.6000,2715.4000,2714.4000,2714.0000,2713.6000,2717.2000,2717.4000,2717.6000,2718.0000,2718.4000,1,1,1,1,1,1,3,1,1,1
SF,IH2012,2020-06-16 09:33:56.800,2715.4000,6274,0,176064240.000,0,-,-,-,-,2715.6000,2715.4000,2713.6000,2711.0000,2710.2000,2717.0000,2717.2000,2717.4000,2717.6000,2718.0000,1,1,1,1,1,1,1,3,1,1
SF,IH2012,2020-06-16 09:33:58.300,2715.4000,6274,0,176064240.000,0,-,-,-,-,2715.6000,2715.4000,2713.6000,2711.0000,2710.2000,2717.0000,2717.2000,2717.4000,2717.6000,2717.8000,1,1,1,1,1,1,1,3,1,1
SF,IH2012,2020-06-16 09:33:59.300,2717.0000,6274,0,176879340.000,1,0,1,多换,S,2715.6000,2715.4000,2713.6000,2711.0000,2710.2000,2717.2000,2717.4000,2717.6000,2717.8000,2718.0000,1,1,1,1,1,1,3,1,1,1
SF,IH2012,2020-06-16 09:33:59.800,2717.0000,6274,0,176879340.000,0,-,-,-,-,2715.6000,2715.4000,2713.6000,2711.0000,2710.2000,2717.2000,2717.4000,2717.6000,2717.8000,2718.0000,1,1,1,1,1,1,3,1,1,1
SF,IH2012,2020-06-16 09:34:00.800,2717.2000,6274,0,177694500.000,1,0,1,多换,S,2715.6000,2715.4000,2713.6000,2711.0000,2710.2000,2717.4000,2717.6000,2717.8000,2718.0000,2718.4000,1,1,1,1,1,3,1,1,1,1
SF,IH2012,2020-06-16 09:34:01.300,2717.2000,6274,0,177694500.000,0,-,-,-,-,2715.6000,2715.4000,2713.6000,2711.0000,2710.2000,2717.4000,2717.6000,2717.8000,2718.0000,2718.4000,1,1,1,1,1,3,1,1,1,1
SF,IH2012,2020-06-16 09:34:02.300,2717.2000,6274,0,177694500.000,0,-,-,-,-,2715.8000,2715.6000,2713.6000,2711.0000,2710.2000,2717.4000,2717.6000,2717.8000,2718.0000,2718.4000,1,1,1,1,1,3,1,1,1,1
SF,IH2012,2020-06-16 09:34:02.800,2717.2000,6274,0,177694500.000,0,-,-,-,-,2715.8000,2715.6000,2713.6000,2711.0000,2710.2000,2717.2000,2717.4000,2717.6000,2717.8000,2718.0000,1,1,1,1,1,1,3,1,1,1
SF,IH2012,2020-06-16 09:34:03.300,2717.2000,6274,0,178509660.000,1,0,1,多换,S,2715.8000,2715.6000,2713.6000,2711.0000,2710.2000,2717.4000,2717.6000,2717.8000,2718.0000,2718.4000,1,1,1,1,1,3,1,1,1,1
SF,IH2012,2020-06-16 09:34:03.800,2717.2000,6274,0,178509660.000,0,-,-,-,-,2716.0000,2715.8000,2715.6000,2713.6000,2711.0000,2717.4000,2717.6000,2717.8000,2718.0000,2718.4000,1,1,1,1,1,3,1,1,1,1
SF,IH2012,2020-06-16 09:34:05.300,2717.2000,6274,0,178509660.000,0,-,-,-,-,2716.0000,2715.8000,2715.6000,2713.6000,2711.0000,2717.2000,2717.4000,2717.6000,2717.8000,2718.0000,1,1,1,1,1,1,3,1,1,1
SF,IH2012,2020-06-16 09:34:05.800,2717.2000,6274,0,178509660.000,0,-,-,-,-,2716.2000,2716.0000,2715.8000,2715.6000,2713.6000,2717.2000,2717.4000,2717.6000,2717.8000,2718.0000,1,1,1,1,1,1,3,1,1,1
SF,IH2012,2020-06-16 09:34:06.300,2717.2000,6274,0,178509660.000,0,-,-,-,-,2716.2000,2716.0000,2715.8000,2715.6000,2713.6000,2717.2000,2717.4000,2717.6000,2717.8000,2718.0000,1,1,1,1,1,1,3,1,1,1
SF,IH2012,2020-06-16 09:34:07.300,2717.4000,6272,-2,180955260.000,3,0,3,多平,S,2716.2000,2716.0000,2715.8000,2715.6000,2713.6000,2717.4000,2717.6000,2717.8000,2718.0000,2718.4000,1,1,1,1,1,1,1,1,1,1
SF,IH2012,2020-06-16 09:34:07.800,2717.6000,6269,-3,183400980.000,3,0,3,双平,S,2716.2000,2715.8000,2715.6000,2713.6000,2711.0000,2717.8000,2718.0000,2718.4000,2718.8000,2719.8000,1,1,1,1,1,1,1,1,1,1
SF,IH2012,2020-06-16 09:34:08.300,2717.6000,6269,0,183400980.000,0,-,-,-,-,2716.4000,2716.2000,2715.8000,2715.6000,2713.6000,2717.8000,2718.0000,2718.4000,2718.8000,2719.8000,2,1,1,1,1,1,1,1,1,1
SF,IH2012,2020-06-16 09:34:09.300,2717.6000,6269,0,183400980.000,0,-,-,-,-,2716.8000,2716.4000,2716.2000,2715.6000,2713.6000,2717.8000,2718.0000,2718.4000,2718.8000,2719.8000,1,2,1,1,1,1,1,1,1,1
SF,IH2012,2020-06-16 09:34:09.800,2717.8000,6268,-1,184216320.000,1,0,1,双平,S,2716.8000,2716.4000,2716.2000,2715.6000,2713.6000,2718.0000,2718.4000,2718.8000,2719.8000,2720.0000,1,1,1,1,1,1,1,1,1,13
SF,IH2012,2020-06-16 09:34:10.300,2718.4000,6267,-1,185847240.000,2,0,2,多平,S,2717.0000,2716.8000,2716.4000,2716.2000,2715.6000,2718.8000,2719.8000,2720.0000,2720.2000,2721.8000,1,1,1,1,1,1,1,13,2,1
SF,IH2012,2020-06-16 09:34:10.800,2718.4000,6267,0,185847240.000,0,-,-,-,-,2717.2000,2717.0000,2716.8000,2716.2000,2713.6000,2718.8000,2719.8000,2720.0000,2720.2000,2721.8000,1,1,1,1,1,1,1,13,2,1
SF,IH2012,2020-06-16 09:34:11.300,2718.4000,6267,0,185847240.000,0,-,-,-,-,2717.4000,2717.2000,2717.0000,2716.2000,2713.6000,2718.8000,2719.8000,2720.0000,2720.2000,2721.8000,1,2,1,1,1,1,1,13,2,1
SF,IH2012,2020-06-16 09:34:13.800,2718.4000,6267,0,185847240.000,0,-,-,-,-,2717.4000,2717.2000,2717.0000,2716.2000,2713.6000,2718.8000,2719.8000,2720.0000,2720.2000,2721.8000,1,2,1,1,1,1,1,13,2,1
SF,IH2012,2020-06-16 09:34:15.300,2718.4000,6267,0,185847240.000,0,-,-,-,-,2717.6000,2717.4000,2717.2000,2717.0000,2716.2000,2718.8000,2719.8000,2720.0000,2720.2000,2721.8000,3,1,2,1,1,1,1,13,2,1
SF,IH2012,2020-06-16 09:34:15.800,2718.4000,6267,0,185847240.000,0,-,-,-,-,2717.6000,2717.4000,2717.2000,2717.0000,2716.2000,2718.4000,2718.8000,2719.8000,2720.0000,2720.2000,3,1,1,1,1,1,1,1,13,2
SF,IH2012,2020-06-16 09:34:16.300,2717.6000,6264,-3,188293080.000,3,0,3,双平,S,2717.4000,2717.0000,2716.2000,2713.6000,2711.0000,2718.4000,2718.8000,2719.8000,2720.0000,2720.2000,1,1,1,1,1,1,1,1,13,2
SF,IH2012,2020-06-16 09:34:16.800,2717.0000,6263,-1,189923400.000,2,0,2,多平,S,2716.2000,2713.6000,2711.0000,2710.2000,2710.0000,2718.4000,2718.8000,2719.8000,2720.0000,2720.2000,1,1,1,1,1,1,1,1,13,2
SF,IH2012,2020-06-16 09:34:17.300,2717.0000,6263,0,189923400.000,0,-,-,-,-,2716.4000,2716.2000,2713.6000,2711.0000,2710.2000,2718.2000,2718.4000,2718.8000,2719.8000,2720.0000,1,1,1,1,1,1,1,1,1,13
SF,IH2012,2020-06-16 09:34:17.800,2717.0000,6263,0,189923400.000,0,-,-,-,-,2716.4000,2716.2000,2716.0000,2713.6000,2711.0000,2718.2000,2718.4000,2718.8000,2719.8000,2720.0000,1,1,1,1,1,1,1,1,1,13
SF,IH2012,2020-06-16 09:34:19.300,2717.0000,6263,0,189923400.000,0,-,-,-,-,2716.4000,2716.2000,2716.0000,2713.6000,2711.0000,2718.2000,2718.4000,2718.8000,2719.8000,2720.0000,1,1,1,1,1,1,1,1,1,13
SF,IH2012,2020-06-16 09:34:19.800,2717.0000,6263,0,189923400.000,0,-,-,-,-,2716.6000,2716.4000,2716.2000,2716.0000,2713.6000,2718.4000,2718.8000,2719.8000,2720.0000,2720.2000,1,1,1,1,1,1,1,1,13,2
SF,IH2012,2020-06-16 09:34:20.300,2717.0000,6263,0,189923400.000,0,-,-,-,-,2716.8000,2716.6000,2716.2000,2716.0000,2713.6000,2718.4000,2718.8000,2719.8000,2720.0000,2720.2000,2,1,1,1,1,1,1,1,13,2
SF,IH2012,2020-06-16 09:34:20.800,2718.4000,6262,-1,190738920.000,1,0,1,双平,S,2716.8000,2716.6000,2716.2000,2716.0000,2713.6000,2718.8000,2719.8000,2720.0000,2720.2000,2721.8000,2,1,1,1,1,1,1,13,2,1
SF,IH2012,2020-06-16 09:34:21.300,2718.8000,6262,0,191554560.000,1,0,1,多换,S,2717.0000,2716.8000,2716.6000,2716.2000,2716.0000,2719.8000,2720.0000,2720.2000,2721.8000,2722.0000,1,2,1,1,1,1,13,2,1,2
SF,IH2012,2020-06-16 09:34:21.800,2718.8000,6262,0,191554560.000,0,-,-,-,-,2717.2000,2717.0000,2716.6000,2716.2000,2716.0000,2719.6000,2719.8000,2720.0000,2720.2000,2721.8000,2,1,1,1,1,1,1,13,2,1
SF,IH2012,2020-06-16 09:34:22.300,2718.8000,6262,0,191554560.000,0,-,-,-,-,2717.2000,2717.0000,2716.2000,2716.0000,2713.6000,2719.4000,2719.6000,2720.0000,2720.2000,2721.8000,2,1,1,1,1,1,1,13,2,1
SF,IH2012,2020-06-16 09:34:22.800,2718.8000,6262,0,191554560.000,0,-,-,-,-,2717.2000,2716.0000,2713.6000,2711.0000,2710.2000,2719.2000,2719.4000,2720.0000,2720.2000,2721.8000,1,1,1,1,1,1,1,13,2,1
SF,IH2012,2020-06-16 09:34:23.300,2718.8000,6262,0,191554560.000,0,-,-,-,-,2717.2000,2716.0000,2713.6000,2711.0000,2710.2000,2719.0000,2719.2000,2720.0000,2720.2000,2721.8000,1,1,1,1,1,1,1,13,2,1
SF,IH2012,2020-06-16 09:34:23.800,2718.8000,6262,0,191554560.000,0,-,-,-,-,2717.2000,2716.0000,2713.6000,2711.0000,2710.2000,2718.8000,2719.0000,2720.0000,2720.2000,2721.8000,1,1,1,1,1,1,1,13,2,1
SF,IH2012,2020-06-16 09:34:24.300,2718.8000,6262,0,191554560.000,0,-,-,-,-,2717.4000,2717.2000,2716.0000,2713.6000,2711.0000,2718.8000,2719.0000,2720.0000,2720.2000,2721.8000,1,1,1,1,1,1,1,13,2,1
SF,IH2012,2020-06-16 09:34:24.800,2718.8000,6262,0,191554560.000,0,-,-,-,-,2717.4000,2717.2000,2716.0000,2713.6000,2711.0000,2719.0000,2720.0000,2720.2000,2721.8000,2722.0000,1,1,1,1,1,1,13,2,1,2
SF,IH2012,2020-06-16 09:34:25.300,2719.0000,6262,0,192370260.000,1,0,1,多换,S,2717.6000,2717.4000,2717.2000,2716.0000,2713.6000,2720.0000,2720.2000,2721.8000,2722.0000,2722.8000,1,1,1,1,1,13,2,1,2,1
SF,IH2012,2020-06-16 09:34:25.800,2719.8000,6261,-1,194002140.000,2,0,2,多平,S,2717.8000,2717.6000,2717.4000,2716.0000,2713.6000,2719.8000,2720.0000,2720.2000,2721.8000,2722.0000,1,1,1,1,1,1,13,2,1,2
SF,IH2012,2020-06-16 09:34:26.300,2719.8000,6261,0,194002140.000,0,-,-,-,-,2717.8000,2717.6000,2717.4000,2716.0000,2713.6000,2719.8000,2720.0000,2720.2000,2721.8000,2722.0000,1,1,1,1,1,2,13,2,1,2
SF,IH2012,2020-06-16 09:34:26.800,2719.8000,6261,0,194818080.000,1,0,1,多换,S,2717.8000,2717.6000,2717.4000,2716.0000,2713.6000,2719.8000,2720.0000,2720.2000,2721.8000,2722.0000,1,1,1,1,1,1,13,2,1,2
SF,IH2012,2020-06-16 09:34:27.300,2719.8000,6261,0,194818080.000,0,-,-,-,-,2718.0000,2717.8000,2717.6000,2717.4000,2716.0000,2719.8000,2720.0000,2720.2000,2721.8000,2722.0000,2,1,1,1,1,1,13,2,1,2
SF,IH2012,2020-06-16 09:34:27.800,2719.8000,6261,0,194818080.000,0,-,-,-,-,2718.2000,2718.0000,2717.6000,2717.4000,2716.0000,2719.8000,2720.0000,2720.2000,2721.8000,2722.0000,1,2,1,1,1,1,13,2,1,2
SF,IH2012,2020-06-16 09:34:28.300,2719.8000,6261,0,195634020.000,1,0,1,多换,S,2718.4000,2718.2000,2718.0000,2717.6000,2717.4000,2720.0000,2720.2000,2721.8000,2722.0000,2722.8000,1,1,1,1,1,13,2,1,2,2
SF,IH2012,2020-06-16 09:34:28.800,2720.0000,6261,0,196450020.000,1,0,1,多换,S,2718.4000,2718.2000,2718.0000,2717.6000,2717.4000,2720.0000,2720.2000,2721.8000,2722.0000,2722.8000,1,1,1,1,1,12,2,1,2,2
SF,IH2012,2020-06-16 09:34:29.800,2720.0000,6261,0,196450020.000,0,-,-,-,-,2718.6000,2718.4000,2718.2000,2718.0000,2717.6000,2720.0000,2720.2000,2721.8000,2722.0000,2722.8000,1,1,1,1,1,12,2,1,2,2
SF,IH2012,2020-06-16 09:34:30.300,2720.0000,6261,0,196450020.000,0,-,-,-,-,2718.8000,2718.6000,2718.2000,2718.0000,2717.6000,2720.0000,2720.2000,2721.8000,2722.0000,2722.8000,1,1,1,1,1,12,2,1,2,2
SF,IH2012,2020-06-16 09:34:30.800,2720.0000,6261,0,196450020.000,0,-,-,-,-,2718.8000,2718.6000,2718.2000,2718.0000,2717.6000,2720.0000,2720.2000,2721.8000,2722.0000,2722.8000,1,1,1,1,1,13,2,1,2,2
SF,IH2012,2020-06-16 09:34:31.300,2720.0000,6261,0,196450020.000,0,-,-,-,-,2718.8000,2718.6000,2718.2000,2718.0000,2716.0000,2720.0000,2720.2000,2721.8000,2722.0000,2722.8000,1,1,1,1,1,13,2,1,2,2
SF,IH2012,2020-06-16 09:34:32.300,2720.0000,6261,0,196450020.000,0,-,-,-,-,2719.0000,2718.8000,2718.6000,2718.2000,2718.0000,2720.0000,2720.2000,2721.8000,2722.0000,2722.8000,1,1,1,1,1,13,2,1,2,2
SF,IH2012,2020-06-16 09:34:32.800,2720.0000,6262,1,197266020.000,1,1,0,双开,S,2719.0000,2718.8000,2718.6000,2718.2000,2718.0000,2720.0000,2720.2000,2721.8000,2722.0000,2722.8000,1,1,1,1,1,12,2,1,2,2
SF,IH2012,2020-06-16 09:34:33.300,2720.0000,6262,0,198898020.000,2,1,1,多换,S,2719.0000,2718.8000,2718.6000,2718.2000,2718.0000,2720.0000,2720.2000,2721.8000,2722.0000,2722.8000,1,1,1,1,1,10,2,1,2,2
SF,IH2012,2020-06-16 09:34:33.800,2720.0000,6262,0,198898020.000,0,-,-,-,-,2719.0000,2718.8000,2718.6000,2718.2000,2718.0000,2720.0000,2720.2000,2720.4000,2721.8000,2722.0000,1,1,1,1,1,10,2,1,1,2
SF,IH2012,2020-06-16 09:34:34.300,2720.0000,6262,0,198898020.000,0,-,-,-,-,2719.2000,2719.0000,2718.8000,2718.6000,2718.2000,2720.0000,2720.2000,2720.4000,2721.8000,2722.0000,1,1,1,1,1,10,2,1,1,2
SF,IH2012,2020-06-16 09:34:36.300,2720.0000,6263,1,199714020.000,1,1,0,双开,S,2719.2000,2719.0000,2718.8000,2718.6000,2718.2000,2720.0000,2720.2000,2720.4000,2721.8000,2722.0000,1,1,1,1,1,9,2,1,1,2
SF,IH2012,2020-06-16 09:34:36.800,2720.0000,6264,1,200530020.000,1,1,0,双开,S,2719.2000,2719.0000,2718.8000,2718.6000,2718.2000,2720.0000,2720.2000,2720.4000,2721.8000,2722.0000,1,1,1,1,1,8,2,1,1,2
SF,IH2012,2020-06-16 09:34:37.300,2720.0000,6265,1,201346020.000,1,1,0,双开,S,2719.2000,2719.0000,2718.8000,2718.6000,2718.2000,2720.0000,2720.2000,2720.4000,2721.8000,2722.0000,1,1,1,1,1,7,2,1,1,2
SF,IH2012,2020-06-16 09:34:37.800,2720.0000,6265,0,201346020.000,0,-,-,-,-,2719.2000,2719.0000,2718.8000,2718.6000,2718.2000,2720.0000,2720.2000,2720.4000,2721.8000,2722.0000,1,1,1,1,1,7,2,1,1,2
SF,IH2012,2020-06-16 09:34:38.800,2720.0000,6265,0,201346020.000,0,-,-,-,-,2719.2000,2719.0000,2718.8000,2718.6000,2718.2000,2720.0000,2720.2000,2720.4000,2721.8000,2722.0000,1,1,1,1,1,7,2,1,1,2
SF,IH2012,2020-06-16 09:34:39.300,2720.0000,6265,0,201346020.000,0,-,-,-,-,2719.2000,2718.8000,2718.6000,2718.2000,2718.0000,2720.0000,2720.2000,2720.4000,2721.8000,2722.0000,1,1,1,1,1,7,2,1,1,2
SF,IH2012,2020-06-16 09:34:40.800,2720.0000,6265,0,201346020.000,0,-,-,-,-,2719.2000,2718.8000,2718.6000,2718.2000,2718.0000,2720.0000,2720.2000,2720.4000,2721.8000,2722.0000,1,1,1,1,1,7,2,1,1,2
SF,IH2012,2020-06-16 09:34:41.300,2720.0000,6265,0,202162020.000,1,0,1,多换,S,2718.8000,2718.6000,2718.2000,2718.0000,2716.0000,2720.0000,2720.2000,2720.4000,2721.0000,2721.8000,1,1,1,1,1,6,2,1,1,1
SF,IH2012,2020-06-16 09:34:41.800,2720.0000,6265,0,202162020.000,0,-,-,-,-,2718.8000,2718.6000,2718.2000,2716.0000,2713.6000,2720.0000,2720.2000,2720.4000,2721.0000,2721.8000,1,1,1,1,1,6,2,1,1,1
SF,IH2012,2020-06-16 09:34:42.300,2720.0000,6265,0,202162020.000,0,-,-,-,-,2718.2000,2716.0000,2713.6000,2711.0000,2710.2000,2720.0000,2720.2000,2720.4000,2721.0000,2721.8000,1,1,1,1,1,6,2,1,1,1
SF,IH2012,2020-06-16 09:34:42.800,2720.0000,6265,0,202162020.000,0,-,-,-,-,2718.2000,2716.0000,2713.6000,2711.0000,2710.2000,2720.0000,2720.2000,2720.4000,2721.0000,2721.2000,1,1,1,1,1,6,2,1,1,1
SF,IH2012,2020-06-16 09:34:44.800,2720.0000,6265,0,202162020.000,0,-,-,-,-,2718.4000,2718.2000,2716.0000,2713.6000,2711.0000,2720.0000,2720.2000,2720.4000,2721.0000,2721.2000,1,1,1,1,1,6,2,1,1,1
SF,IH2012,2020-06-16 09:34:45.300,2718.2000,6264,-1,202977480.000,1,0,1,双平,S,2716.0000,2713.6000,2711.0000,2710.2000,2710.0000,2720.0000,2720.2000,2720.4000,2721.0000,2721.2000,1,1,1,1,1,6,2,1,1,1
SF,IH2012,2020-06-16 09:34:45.800,2720.0000,6265,1,203793480.000,1,1,0,双开,S,2718.6000,2716.2000,2716.0000,2713.6000,2711.0000,2720.0000,2720.2000,2720.4000,2721.0000,2721.2000,1,2,1,1,1,5,2,1,1,1
SF,IH2012,2020-06-16 09:34:46.300,2720.0000,6266,1,205425480.000,2,1,1,空开,S,2716.2000,2716.0000,2713.6000,2711.0000,2710.2000,2719.8000,2720.0000,2720.2000,2720.4000,2721.0000,2,5,1,1,1,1,5,2,1,1
SF,IH2012,2020-06-16 09:34:46.800,2720.0000,6266,0,205425480.000,0,-,-,-,-,2718.8000,2716.4000,2716.2000,2716.0000,2713.6000,2720.0000,2720.2000,2720.4000,2721.2000,2721.8000,1,1,2,5,1,5,2,1,1,1
SF,IH2012,2020-06-16 09:34:47.300,2720.0000,6266,0,205425480.000,0,-,-,-,-,2717.6000,2716.4000,2716.2000,2716.0000,2713.6000,2719.8000,2720.0000,2720.2000,2720.4000,2721.2000,1,2,2,1,1,1,6,2,1,1
SF,IH2012,2020-06-16 09:34:47.800,2720.0000,6266,0,205425480.000,0,-,-,-,-,2717.6000,2716.4000,2716.2000,2716.0000,2713.6000,2719.6000,2719.8000,2720.0000,2720.2000,2720.4000,1,1,1,1,1,1,1,6,2,1
SF,IH2012,2020-06-16 09:34:48.300,2720.0000,6266,0,205425480.000,0,-,-,-,-,2717.8000,2717.6000,2716.2000,2716.0000,2713.6000,2719.6000,2719.8000,2720.0000,2720.2000,2720.4000,1,1,1,1,1,1,1,6,2,1
SF,IH2012,2020-06-16 09:34:48.800,2720.0000,6266,0,205425480.000,0,-,-,-,-,2718.0000,2717.8000,2716.2000,2716.0000,2713.6000,2719.8000,2720.0000,2720.2000,2720.4000,2721.2000,1,1,1,1,1,1,6,2,1,1
SF,IH2012,2020-06-16 09:34:49.300,2720.0000,6266,0,205425480.000,0,-,-,-,-,2718.0000,2717.8000,2716.2000,2716.0000,2713.6000,2719.8000,2720.0000,2720.2000,2720.4000,2721.2000,1,1,1,1,1,1,6,2,1,1
SF,IH2012,2020-06-16 09:34:49.800,2720.0000,6266,0,205425480.000,0,-,-,-,-,2718.2000,2718.0000,2717.8000,2716.2000,2716.0000,2719.8000,2720.0000,2720.2000,2720.4000,2721.2000,1,1,1,1,1,1,6,2,1,1
SF,IH2012,2020-06-16 09:34:50.300,2720.0000,6266,0,205425480.000,0,-,-,-,-,2718.2000,2718.0000,2717.8000,2716.2000,2716.0000,2719.8000,2720.0000,2720.2000,2720.4000,2721.2000,1,1,1,1,1,1,6,2,1,1
SF,IH2012,2020-06-16 09:34:50.800,2719.8000,6266,0,206241420.000,1,0,1,多换,S,2718.4000,2718.2000,2718.0000,2717.8000,2716.2000,2720.0000,2720.2000,2720.4000,2721.2000,2721.8000,1,1,1,1,1,6,2,1,1,1
SF,IH2012,2020-06-16 09:34:51.300,2719.8000,6266,0,206241420.000,0,-,-,-,-,2718.6000,2718.4000,2718.2000,2718.0000,2716.0000,2720.0000,2720.2000,2720.4000,2721.2000,2721.8000,1,2,1,1,1,6,2,1,1,1
SF,IH2012,2020-06-16 09:34:52.300,2719.8000,6266,0,206241420.000,0,-,-,-,-,2718.8000,2718.6000,2718.4000,2718.2000,2718.0000,2720.0000,2720.2000,2720.4000,2721.2000,2721.8000,1,1,1,1,1,6,2,1,1,1
SF,IH2012,2020-06-16 09:34:52.800,2719.8000,6266,0,206241420.000,0,-,-,-,-,2719.0000,2718.8000,2718.4000,2718.2000,2718.0000,2720.0000,2720.2000,2720.4000,2721.2000,2721.8000,1,1,1,1,1,6,2,1,1,1
SF,IH2012,2020-06-16 09:34:53.300,2720.0000,6266,0,207057420.000,1,0,1,多换,S,2719.0000,2718.8000,2718.4000,2718.0000,2716.0000,2720.0000,2720.2000,2720.4000,2721.2000,2721.8000,1,1,1,1,1,5,2,1,1,1
SF,IH2012,2020-06-16 09:34:53.800,2720.0000,6265,-1,208689420.000,2,0,2,多平,S,2719.2000,2718.4000,2718.0000,2716.0000,2713.6000,2720.0000,2720.2000,2720.4000,2721.2000,2721.8000,3,1,1,1,1,3,2,1,1,1
SF,IH2012,2020-06-16 09:34:54.300,2720.2000,6264,-1,211953480.000,4,1,3,多平,S,2719.2000,2718.4000,2718.0000,2716.0000,2713.6000,2720.2000,2720.4000,2721.2000,2721.8000,2722.0000,2,1,1,1,1,1,1,1,1,3
SF,IH2012,2020-06-16 09:34:54.800,2720.2000,6263,-1,212769540.000,1,0,1,双平,S,2720.2000,2719.4000,2719.2000,2718.0000,2716.0000,2720.4000,2721.2000,2721.8000,2722.0000,2722.8000,1,1,2,1,1,1,1,1,3,2
SF,IH2012,2020-06-16 09:34:55.300,2720.4000,6262,-1,213585660.000,1,0,1,双平,S,2720.6000,2719.4000,2719.2000,2718.0000,2717.0000,2721.2000,2721.8000,2722.0000,2722.8000,2723.0000,1,1,2,1,5,1,1,3,2,2
SF,IH2012,2020-06-16 09:34:55.800,2720.6000,6262,0,214401840.000,1,0,1,多换,S,2719.4000,2718.0000,2717.0000,2716.0000,2713.6000,2721.2000,2721.8000,2722.0000,2722.8000,2723.0000,1,1,5,1,1,1,1,3,2,2
SF,IH2012,2020-06-16 09:34:56.300,2720.6000,6262,0,214401840.000,0,-,-,-,-,2719.6000,2719.4000,2717.0000,2716.0000,2713.6000,2721.2000,2721.8000,2722.0000,2722.8000,2723.0000,2,1,5,1,1,1,1,3,2,2
SF,IH2012,2020-06-16 09:34:56.800,2720.6000,6262,0,214401840.000,0,-,-,-,-,2719.6000,2719.4000,2717.0000,2716.0000,2713.6000,2721.2000,2721.8000,2722.0000,2722.8000,2723.0000,3,1,5,1,1,1,1,3,2,2
SF,IH2012,2020-06-16 09:34:57.300,2720.6000,6262,0,214401840.000,0,-,-,-,-,2719.6000,2719.4000,2717.0000,2716.0000,2713.6000,2721.2000,2721.8000,2722.0000,2722.8000,2723.0000,3,1,5,1,1,1,1,3,2,2
SF,IH2012,2020-06-16 09:34:57.800,2720.6000,6262,0,214401840.000,0,-,-,-,-,2719.6000,2719.4000,2717.0000,2716.0000,2713.6000,2721.2000,2721.8000,2722.0000,2722.8000,2723.0000,3,1,5,1,1,1,1,3,2,2
SF,IH2012,2020-06-16 09:34:58.300,2720.6000,6262,0,214401840.000,0,-,-,-,-,2719.6000,2719.4000,2717.0000,2716.0000,2713.6000,2720.6000,2721.8000,2722.0000,2722.8000,2723.0000,3,1,5,1,1,1,1,3,2,2
SF,IH2012,2020-06-16 09:34:58.800,2720.6000,6261,-1,215218020.000,1,0,1,双平,S,2719.6000,2719.4000,2717.0000,2716.0000,2713.6000,2721.8000,2722.0000,2722.8000,2723.0000,2724.0000,2,1,5,1,1,1,3,2,2,2
SF,IH2012,2020-06-16 09:34:59.300,2720.6000,6261,0,215218020.000,0,-,-,-,-,2719.8000,2719.6000,2719.4000,2717.0000,2716.0000,2721.8000,2722.0000,2722.8000,2723.0000,2724.0000,1,2,1,5,1,1,3,2,2,2
SF,IH2012,2020-06-16 09:34:59.800,2720.6000,6261,0,215218020.000,0,-,-,-,-,2720.0000,2719.8000,2719.6000,2719.4000,2717.0000,2721.8000,2722.0000,2722.8000,2723.0000,2724.0000,1,1,1,1,5,1,3,2,2,2
SF,IH2012,2020-06-16 09:35:00.300,2720.6000,6261,0,215218020.000,0,-,-,-,-,2720.2000,2720.0000,2719.6000,2717.0000,2716.0000,2721.8000,2722.0000,2722.8000,2723.0000,2724.0000,2,2,1,5,1,1,3,2,2,2
SF,IH2012,2020-06-16 09:35:01.300,2720.6000,6261,0,215218020.000,0,-,-,-,-,2720.4000,2720.2000,2720.0000,2719.6000,2717.0000,2721.8000,2722.0000,2722.8000,2723.0000,2724.0000,2,2,2,1,5,1,3,2,2,2
SF,IH2012,2020-06-16 09:35:01.800,2721.8000,6260,-1,216034560.000,1,0,1,双平,S,2720.6000,2720.4000,2720.2000,2720.0000,2719.6000,2722.0000,2722.8000,2723.0000,2724.0000,2724.2000,1,3,2,1,1,3,2,2,2,1
SF,IH2012,2020-06-16 09:35:02.300,2721.8000,6260,0,216034560.000,0,-,-,-,-,2720.6000,2720.4000,2720.2000,2720.0000,2717.0000,2722.0000,2722.8000,2723.0000,2724.0000,2724.2000,1,3,2,1,5,3,2,2,2,1
SF,IH2012,2020-06-16 09:35:02.800,2721.8000,6260,0,216034560.000,0,-,-,-,-,2721.8000,2720.8000,2720.6000,2720.4000,2720.2000,2722.0000,2722.8000,2723.0000,2724.0000,2724.2000,1,1,1,3,1,3,2,2,2,1
SF,IH2012,2020-06-16 09:35:03.800,2722.0000,6259,-1,216851160.000,1,0,1,双平,S,2721.8000,2720.8000,2720.6000,2720.4000,2720.2000,2722.0000,2722.8000,2723.0000,2724.0000,2724.2000,1,1,1,3,1,2,2,2,2,1
SF,IH2012,2020-06-16 09:35:04.300,2722.0000,6258,-1,218484360.000,2,0,2,多平,S,2722.6000,2721.8000,2720.8000,2720.6000,2720.4000,2722.8000,2723.0000,2724.0000,2724.2000,2726.0000,1,1,1,1,3,2,2,2,1,1
SF,IH2012,2020-06-16 09:35:04.800,2722.0000,6258,0,218484360.000,0,-,-,-,-,2722.6000,2722.4000,2722.2000,2721.8000,2720.4000,2722.8000,2723.0000,2724.0000,2724.2000,2726.0000,1,1,1,1,1,1,2,2,1,1
SF,IH2012,2020-06-16 09:35:05.300,2722.8000,6257,-1,219301200.000,1,0,1,双平,S,2722.6000,2722.4000,2721.8000,2720.4000,2720.2000,2723.0000,2724.0000,2724.2000,2726.0000,2726.6000,1,1,1,1,1,2,2,1,1,1
SF,IH2012,2020-06-16 09:35:05.800,2723.0000,6255,-2,220935000.000,2,0,2,双平,S,2722.6000,2721.8000,2720.4000,2720.2000,2720.0000,2724.0000,2724.2000,2726.0000,2726.6000,2728.6000,1,2,1,1,1,2,1,1,1,1
SF,IH2012,2020-06-16 09:35:06.300,2723.0000,6255,0,220935000.000,0,-,-,-,-,2722.8000,2722.6000,2721.8000,2720.4000,2720.2000,2724.0000,2724.2000,2726.0000,2726.6000,2728.6000,1,1,2,1,1,2,1,1,1,1
SF,IH2012,2020-06-16 09:35:06.800,2723.0000,6255,0,220935000.000,0,-,-,-,-,2723.0000,2722.8000,2722.6000,2721.8000,2720.2000,2724.0000,2724.2000,2726.0000,2726.6000,2728.6000,3,1,1,1,1,2,1,1,1,1
SF,IH2012,2020-06-16 09:35:07.300,2723.0000,6255,0,220935000.000,0,-,-,-,-,2723.0000,2722.8000,2722.6000,2721.8000,2720.2000,2724.0000,2724.2000,2726.0000,2726.6000,2728.6000,2,1,1,1,1,2,1,1,1,1
SF,IH2012,2020-06-16 09:35:08.300,2724.0000,6254,-1,222569400.000,2,0,2,多平,S,2723.0000,2722.8000,2722.6000,2721.8000,2720.2000,2724.2000,2726.0000,2726.6000,2728.6000,2730.0000,2,1,1,1,1,1,1,1,1,2
SF,IH2012,2020-06-16 09:35:08.800,2724.0000,6254,0,222569400.000,0,-,-,-,-,2723.2000,2723.0000,2722.8000,2722.6000,2720.2000,2724.2000,2726.0000,2726.6000,2728.6000,2730.0000,2,2,1,1,1,1,1,1,1,2
SF,IH2012,2020-06-16 09:35:09.300,2724.0000,6254,0,222569400.000,0,-,-,-,-,2723.4000,2723.2000,2723.0000,2722.8000,2722.6000,2724.2000,2726.0000,2726.6000,2728.6000,2730.0000,1,2,1,1,1,1,1,1,1,2
SF,IH2012,2020-06-16 09:35:09.800,2724.2000,6254,0,223386660.000,1,0,1,多换,S,2723.2000,2723.0000,2722.8000,2722.6000,2720.2000,2726.0000,2726.6000,2728.6000,2730.0000,2730.2000,2,1,1,1,1,1,1,1,2,2
SF,IH2012,2020-06-16 09:35:10.300,2724.2000,6254,0,223386660.000,0,-,-,-,-,2724.8000,2723.4000,2722.8000,2722.6000,2717.8000,2726.0000,2726.6000,2728.6000,2730.0000,2730.2000,1,7,1,1,1,1,1,1,2,2
SF,IH2012,2020-06-16 09:35:13.300,2726.0000,6253,-1,224204460.000,1,0,1,双平,S,2724.8000,2723.4000,2722.8000,2722.6000,2717.8000,2726.6000,2728.6000,2730.0000,2730.2000,2733.0000,1,7,1,1,1,1,1,2,2,1
SF,IH2012,2020-06-16 09:35:13.800,2725.0000,6253,0,225839880.000,2,1,1,多换,S,2724.8000,2723.4000,2722.6000,2717.8000,2717.0000,2726.4000,2726.6000,2728.6000,2730.0000,2730.2000,1,5,1,1,5,1,1,1,2,2
SF,IH2012,2020-06-16 09:35:14.300,2725.0000,6253,0,225839880.000,0,-,-,-,-,2725.0000,2724.8000,2723.4000,2722.6000,2717.8000,2726.4000,2726.6000,2728.6000,2730.0000,2730.2000,2,1,5,1,1,1,1,1,2,2
SF,IH2012,2020-06-16 09:35:14.800,2726.2000,6252,-1,228292740.000,3,1,2,多平,S,2724.8000,2723.4000,2717.8000,2717.0000,2713.6000,2726.2000,2726.4000,2726.6000,2728.6000,2730.0000,1,5,1,5,1,1,1,1,1,2
SF,IH2012,2020-06-16 09:35:15.300,2724.8000,6252,0,229110180.000,1,0,1,多换,S,2717.8000,2717.0000,2713.6000,2711.0000,2710.2000,2726.0000,2726.2000,2726.4000,2726.6000,2728.6000,1,5,1,1,1,1,1,1,1,1
SF,IH2012,2020-06-16 09:35:15.800,2725.8000,6251,-1,229927920.000,1,0,1,双平,S,2719.8000,2718.6000,2718.0000,2717.8000,2717.0000,2725.8000,2726.0000,2726.6000,2728.6000,2730.0000,4,4,1,1,5,1,1,1,1,2
SF,IH2012,2020-06-16 09:35:16.300,2725.8000,6251,0,229927920.000,0,-,-,-,-,2725.0000,2720.0000,2719.8000,2718.6000,2717.8000,2725.6000,2725.8000,2726.0000,2726.6000,2728.6000,1,1,4,4,1,1,1,1,1,1
SF,IH2012,2020-06-16 09:35:16.800,2725.0000,6251,0,230745420.000,1,0,1,多换,S,2720.0000,2719.8000,2718.6000,2717.8000,2717.0000,2725.6000,2726.6000,2728.6000,2730.0000,2730.2000,1,4,4,1,5,1,1,1,2,2
SF,IH2012,2020-06-16 09:35:17.300,2725.0000,6251,0,230745420.000,0,-,-,-,-,2722.0000,2721.0000,2720.0000,2719.8000,2718.6000,2725.4000,2726.6000,2728.6000,2730.0000,2730.2000,1,1,1,4,4,1,1,1,2,2
SF,IH2012,2020-06-16 09:35:17.800,2725.4000,6251,0,231563040.000,1,0,1,多换,S,2722.2000,2722.0000,2721.0000,2720.2000,2719.8000,2726.6000,2728.6000,2730.0000,2730.2000,2733.0000,1,1,1,1,4,1,1,2,2,1
SF,IH2012,2020-06-16 09:35:18.300,2725.4000,6251,0,231563040.000,0,-,-,-,-,2722.8000,2722.2000,2722.0000,2720.4000,2720.2000,2726.4000,2726.6000,2728.6000,2730.0000,2730.2000,1,2,1,1,1,2,1,1,2,2
SF,IH2012,2020-06-16 09:35:18.800,2725.4000,6251,0,231563040.000,0,-,-,-,-,2723.0000,2722.8000,2722.2000,2722.0000,2720.4000,2726.6000,2728.6000,2730.0000,2730.2000,2733.0000,2,1,1,1,1,1,1,2,2,1
SF,IH2012,2020-06-16 09:35:19.300,2725.4000,6251,0,231563040.000,0,-,-,-,-,2723.6000,2723.0000,2722.2000,2722.0000,2720.4000,2726.4000,2726.6000,2728.6000,2730.0000,2730.2000,1,2,1,1,1,1,1,1,2,2
SF,IH2012,2020-06-16 09:35:19.800,2725.4000,6251,0,231563040.000,0,-,-,-,-,2723.8000,2723.6000,2723.0000,2722.2000,2722.0000,2726.4000,2726.6000,2728.6000,2730.0000,2730.2000,1,1,1,1,1,1,1,1,2,2
SF,IH2012,2020-06-16 09:35:20.300,2725.4000,6251,0,231563040.000,0,-,-,-,-,2724.0000,2723.8000,2723.6000,2722.2000,2722.0000,2726.4000,2726.6000,2728.6000,2730.0000,2730.2000,1,1,1,1,1,1,1,1,2,2
SF,IH2012,2020-06-16 09:35:20.800,2725.4000,6251,0,231563040.000,0,-,-,-,-,2724.2000,2724.0000,2722.2000,2722.0000,2720.4000,2726.4000,2726.6000,2728.6000,2730.0000,2730.2000,1,1,1,1,1,1,1,1,2,2
SF,IH2012,2020-06-16 09:35:21.300,2725.4000,6251,0,231563040.000,0,-,-,-,-,2724.2000,2724.0000,2722.2000,2722.0000,2720.4000,2726.4000,2726.6000,2728.6000,2730.0000,2730.2000,2,1,1,1,1,1,1,1,2,2
SF,IH2012,2020-06-16 09:35:22.300,2725.4000,6251,0,231563040.000,0,-,-,-,-,2724.2000,2724.0000,2722.2000,2722.0000,2720.2000,2726.4000,2726.6000,2728.6000,2730.0000,2730.2000,2,1,1,1,1,1,1,1,2,2
SF,IH2012,2020-06-16 09:35:22.800,2725.4000,6251,0,231563040.000,0,-,-,-,-,2724.4000,2724.2000,2722.2000,2722.0000,2720.2000,2726.4000,2726.6000,2728.6000,2730.0000,2730.2000,1,2,1,1,1,1,1,1,2,2
SF,IH2012,2020-06-16 09:35:23.300,2725.4000,6251,0,231563040.000,0,-,-,-,-,2724.6000,2724.4000,2724.2000,2722.2000,2722.0000,2726.4000,2726.6000,2728.6000,2730.0000,2730.2000,1,1,1,1,1,1,1,1,2,2
SF,IH2012,2020-06-16 09:35:23.800,2725.4000,6251,0,231563040.000,0,-,-,-,-,2724.8000,2724.6000,2724.2000,2722.2000,2722.0000,2726.6000,2728.6000,2730.0000,2730.2000,2733.0000,1,1,1,1,1,1,1,2,2,1
SF,IH2012,2020-06-16 09:35:24.300,2725.4000,6251,0,231563040.000,0,-,-,-,-,2725.0000,2724.8000,2724.2000,2722.2000,2722.0000,2726.6000,2728.6000,2730.0000,2730.2000,2733.0000,1,1,1,1,1,1,1,2,2,1
SF,IH2012,2020-06-16 09:35:24.800,2725.4000,6251,0,231563040.000,0,-,-,-,-,2725.0000,2724.8000,2722.2000,2722.0000,2720.2000,2726.6000,2728.6000,2730.0000,2730.2000,2733.0000,1,1,1,1,1,1,1,2,2,1
SF,IH2012,2020-06-16 09:35:25.300,2725.4000,6251,0,231563040.000,0,-,-,-,-,2725.2000,2725.0000,2722.2000,2722.0000,2720.2000,2726.6000,2728.6000,2730.0000,2730.2000,2733.0000,2,1,1,1,1,1,1,2,2,1
SF,IH2012,2020-06-16 09:35:26.800,2726.6000,6250,-1,232381020.000,1,0,1,双平,S,2725.2000,2725.0000,2722.2000,2722.0000,2720.2000,2728.6000,2730.0000,2730.2000,2733.0000,2735.0000,2,1,1,1,1,1,2,2,1,1
SF,IH2012,2020-06-16 09:35:27.300,2725.4000,6249,-1,233198640.000,1,0,1,双平,S,2725.2000,2722.2000,2722.0000,2720.2000,2719.8000,2727.8000,2728.4000,2728.6000,2730.0000,2730.2000,2,1,1,1,4,1,2,1,1,2
SF,IH2012,2020-06-16 09:35:27.800,2725.4000,6249,0,233198640.000,0,-,-,-,-,2725.2000,2722.2000,2722.0000,2720.2000,2719.8000,2727.6000,2727.8000,2728.4000,2728.6000,2730.0000,2,1,1,1,4,1,1,1,1,1
SF,IH2012,2020-06-16 09:35:28.300,2725.2000,6249,0,234016200.000,1,0,1,多换,S,2725.2000,2722.2000,2722.0000,2720.2000,2719.8000,2727.6000,2727.8000,2728.4000,2728.6000,2730.0000,1,1,1,1,4,1,1,1,1,1
SF,IH2012,2020-06-16 09:35:28.800,2725.2000,6249,0,234016200.000,0,-,-,-,-,2725.2000,2722.0000,2720.2000,2719.8000,2718.6000,2727.4000,2727.6000,2727.8000,2728.6000,2730.0000,1,1,1,4,4,1,1,1,1,1
SF,IH2012,2020-06-16 09:35:29.300,2727.2000,6248,-1,234834360.000,1,0,1,双平,S,2725.4000,2725.2000,2722.0000,2719.8000,2718.6000,2727.2000,2727.4000,2727.8000,2728.6000,2730.0000,1,1,1,4,4,1,1,1,1,1
SF,IH2012,2020-06-16 09:35:29.800,2727.2000,6248,0,234834360.000,0,-,-,-,-,2725.4000,2725.2000,2722.0000,2719.8000,2718.6000,2727.2000,2727.4000,2727.8000,2728.6000,2730.0000,2,1,1,4,4,1,1,1,1,1
SF,IH2012,2020-06-16 09:35:30.300,2727.2000,6248,0,234834360.000,0,-,-,-,-,2725.4000,2725.0000,2722.0000,2719.8000,2718.6000,2727.2000,2727.4000,2727.8000,2728.6000,2730.0000,2,1,1,4,4,1,1,1,1,1
SF,IH2012,2020-06-16 09:35:30.800,2727.2000,6248,0,234834360.000,0,-,-,-,-,2726.0000,2725.4000,2725.0000,2722.0000,2719.8000,2727.2000,2727.4000,2727.8000,2728.6000,2729.6000,1,2,1,1,4,1,1,1,1,1
SF,IH2012,2020-06-16 09:35:31.300,2727.2000,6248,0,234834360.000,0,-,-,-,-,2726.0000,2725.4000,2725.0000,2722.0000,2719.8000,2727.4000,2727.8000,2728.6000,2729.6000,2730.0000,1,2,1,1,4,1,1,1,1,1
SF,IH2012,2020-06-16 09:35:32.300,2727.4000,6247,-1,235652580.000,1,0,1,双平,S,2726.2000,2726.0000,2725.4000,2725.0000,2722.0000,2727.8000,2728.6000,2729.6000,2730.0000,2730.2000,1,1,2,1,1,1,1,1,1,2
SF,IH2012,2020-06-16 09:35:32.800,2727.4000,6247,0,235652580.000,0,-,-,-,-,2726.2000,2726.0000,2725.4000,2725.0000,2722.0000,2727.8000,2728.6000,2729.6000,2730.0000,2730.2000,1,1,1,1,1,1,1,1,1,2
SF,IH2012,2020-06-16 09:35:33.300,2726.2000,6246,-1,236470440.000,1,0,1,双平,S,2726.0000,2725.4000,2725.0000,2722.0000,2719.8000,2727.8000,2728.6000,2729.6000,2730.0000,2730.2000,1,1,1,1,4,1,1,1,1,2
SF,IH2012,2020-06-16 09:35:33.800,2727.6000,6245,-1,237288720.000,1,0,1,双平,S,2726.4000,2726.2000,2726.0000,2725.4000,2725.0000,2727.8000,2728.6000,2729.6000,2730.0000,2730.2000,1,2,1,1,1,1,1,1,1,2
SF,IH2012,2020-06-16 09:35:34.800,2727.6000,6245,0,237288720.000,0,-,-,-,-,2726.4000,2726.2000,2726.0000,2725.4000,2725.0000,2727.8000,2728.6000,2729.6000,2730.0000,2730.2000,1,2,1,1,1,1,1,1,1,2
SF,IH2012,2020-06-16 09:35:35.300,2727.6000,6245,0,237288720.000,0,-,-,-,-,2726.4000,2726.2000,2726.0000,2725.4000,2725.0000,2727.8000,2728.6000,2729.6000,2730.0000,2730.2000,1,2,1,1,1,1,1,1,1,2
SF,IH2012,2020-06-16 09:35:35.800,2727.6000,6245,0,237288720.000,0,-,-,-,-,2726.4000,2726.2000,2726.0000,2725.4000,2725.0000,2727.8000,2728.6000,2729.6000,2730.0000,2730.2000,1,2,1,1,1,1,1,1,1,2
