市场代码,合约代码,时间,最新,持仓,增仓,成交额,成交量,开仓,平仓,成交类型,方向,买一价,买二价,买三价,买四价,买五价,卖一价,卖二价,卖三价,卖四价,卖五价,买一量,买二量,买三量,买四量,买五量,卖一量,卖二量,卖三量,卖四量,卖五量
SF,IH2006,2019-12-20 09:29:00.400,3031.0000,5296,0,0.000,0.000,-,-,-,-,3033.0000,3030.6000,3027.8000,3026.6000,3026.0000,3037.0000,3039.0000,3039.4000,3040.0000,3040.8000,1,1,1,2,1,1,3,3,1,1
SF,IH2006,2019-12-20 09:30:00.400,3031.0000,5296,0,0.000,0,-,-,-,-,3033.0000,3032.6000,3030.6000,3027.8000,3026.6000,3036.6000,3037.0000,3039.0000,3040.8000,3041.0000,1,1,1,1,2,1,1,3,1,1
SF,IH2006,2019-12-20 09:30:00.900,3031.0000,5296,0,0.000,0,-,-,-,-,3033.2000,3033.0000,3032.6000,3027.8000,3026.6000,3036.4000,3039.0000,3040.8000,3041.0000,3042.4000,1,1,1,1,2,4,3,1,1,1
SF,IH2006,2019-12-20 09:30:01.400,3031.0000,5296,0,0.000,0,-,-,-,-,3033.2000,3033.0000,3032.6000,3027.8000,3026.0000,3036.4000,3039.0000,3040.8000,3041.0000,3042.4000,1,1,1,1,1,3,3,1,1,1
SF,IH2006,2019-12-20 09:30:02.400,3031.0000,5296,0,0.000,0,-,-,-,-,3033.4000,3033.2000,3033.0000,3032.6000,3027.8000,3036.4000,3039.0000,3040.8000,3041.0000,3042.4000,1,1,1,1,1,1,3,1,1,1
SF,IH2006,2019-12-20 09:30:02.900,3031.0000,5296,0,0.000,0,-,-,-,-,3033.6000,3033.0000,3032.6000,3027.8000,3020.2000,3036.4000,3039.0000,3040.8000,3041.0000,3042.4000,1,1,1,1,2,1,3,1,1,1
SF,IH2006,2019-12-20 09:30:03.900,3031.0000,5296,0,0.000,0,-,-,-,-,3033.8000,3033.6000,3033.0000,3032.6000,3027.8000,3036.2000,3036.4000,3039.0000,3040.8000,3041.0000,1,1,1,1,1,2,1,3,1,1
SF,IH2006,2019-12-20 09:30:04.400,3031.0000,5296,0,0.000,0,-,-,-,-,3034.0000,3033.8000,3033.0000,3032.6000,3027.8000,3036.0000,3036.2000,3039.0000,3040.8000,3041.0000,1,1,1,1,1,1,2,3,1,1
SF,IH2006,2019-12-20 09:30:04.900,3031.0000,5296,0,0.000,0,-,-,-,-,3034.0000,3033.8000,3033.0000,3032.6000,3027.8000,3036.0000,3039.0000,3040.8000,3041.0000,3042.4000,1,1,1,1,1,1,3,1,1,1
SF,IH2006,2019-12-20 09:30:05.400,3031.0000,5296,0,0.000,0,-,-,-,-,3034.0000,3033.8000,3033.0000,3032.6000,3027.8000,3039.0000,3040.8000,3041.0000,3042.4000,3045.2000,1,1,1,1,1,3,1,1,1,1
SF,IH2006,2019-12-20 09:30:05.900,3031.0000,5296,0,0.000,0,-,-,-,-,3034.0000,3033.8000,3033.0000,3032.6000,3027.8000,3038.8000,3039.0000,3040.8000,3041.0000,3042.4000,1,1,1,1,1,3,3,1,1,1
SF,IH2006,2019-12-20 09:30:06.400,3031.0000,5296,0,0.000,0,-,-,-,-,3034.0000,3033.8000,3033.0000,3032.6000,3027.8000,3038.6000,3038.8000,3039.0000,3040.8000,3041.0000,1,1,1,1,1,1,3,3,1,1
SF,IH2006,2019-12-20 09:30:06.900,3031.0000,5296,0,0.000,0,-,-,-,-,3034.0000,3033.8000,3033.0000,3032.6000,3027.8000,3038.4000,3038.6000,3038.8000,3039.0000,3040.8000,1,1,1,1,1,2,1,2,3,1
SF,IH2006,2019-12-20 09:30:07.400,3031.0000,5296,0,0.000,0,-,-,-,-,3034.0000,3033.8000,3033.0000,3032.6000,3027.8000,3038.2000,3038.4000,3038.6000,3038.8000,3039.0000,1,1,1,1,1,1,2,1,2,3
SF,IH2006,2019-12-20 09:30:07.900,3031.0000,5296,0,0.000,0,-,-,-,-,3034.0000,3033.8000,3033.0000,3032.6000,3027.8000,3038.0000,3038.2000,3038.4000,3038.6000,3038.8000,1,1,1,1,1,3,1,1,1,2
SF,IH2006,2019-12-20 09:30:08.400,3031.0000,5296,0,0.000,0,-,-,-,-,3034.2000,3034.0000,3033.0000,3032.6000,3027.8000,3037.8000,3038.0000,3038.2000,3038.4000,3038.6000,1,1,1,1,1,1,3,1,1,1
SF,IH2006,2019-12-20 09:30:08.900,3031.0000,5296,0,0.000,0,-,-,-,-,3034.4000,3034.2000,3033.0000,3032.6000,3027.8000,3037.6000,3037.8000,3038.0000,3038.2000,3038.4000,1,1,1,1,1,3,1,2,1,1
SF,IH2006,2019-12-20 09:30:09.400,3031.0000,5296,0,0.000,0,-,-,-,-,3034.4000,3034.2000,3033.0000,3032.6000,3027.8000,3037.4000,3037.6000,3037.8000,3038.0000,3038.2000,1,1,1,1,1,1,3,1,2,1
SF,IH2006,2019-12-20 09:30:09.900,3031.0000,5296,0,0.000,0,-,-,-,-,3034.4000,3033.0000,3032.6000,3027.8000,3020.2000,3037.2000,3037.4000,3037.6000,3037.8000,3038.0000,1,1,1,1,2,3,1,2,1,2
SF,IH2006,2019-12-20 09:30:10.400,3031.0000,5296,0,0.000,0,-,-,-,-,3034.4000,3033.0000,3032.6000,3027.8000,3020.2000,3037.0000,3037.2000,3037.4000,3037.6000,3037.8000,1,1,1,1,2,2,3,1,2,1
SF,IH2006,2019-12-20 09:30:10.900,3031.0000,5296,0,0.000,0,-,-,-,-,3034.4000,3033.0000,3032.6000,3027.8000,3020.2000,3036.8000,3037.0000,3037.2000,3037.4000,3037.6000,1,1,1,1,2,3,2,2,1,2
SF,IH2006,2019-12-20 09:30:11.900,3031.0000,5296,0,0.000,0,-,-,-,-,3034.6000,3034.4000,3033.0000,3032.6000,3027.8000,3036.8000,3037.2000,3037.4000,3037.6000,3037.8000,1,1,1,1,1,1,2,1,2,1
SF,IH2006,2019-12-20 09:30:12.400,3031.0000,5296,0,0.000,0,-,-,-,-,3034.8000,3034.6000,3033.0000,3032.6000,3027.8000,3036.8000,3037.6000,3037.8000,3038.0000,3038.2000,1,1,1,1,1,1,2,1,2,1
SF,IH2006,2019-12-20 09:30:12.900,3031.0000,5296,0,0.000,0,-,-,-,-,3035.0000,3034.8000,3034.6000,3033.0000,3032.6000,3037.6000,3037.8000,3038.0000,3038.2000,3038.4000,1,1,1,2,1,2,1,2,1,1
SF,IH2006,2019-12-20 09:30:13.400,3031.0000,5296,0,0.000,0,-,-,-,-,3035.2000,3035.0000,3034.6000,3033.0000,3032.6000,3037.4000,3037.6000,3037.8000,3038.0000,3038.2000,1,1,1,2,1,1,2,1,2,1
SF,IH2006,2019-12-20 09:30:14.400,3031.0000,5296,0,0.000,0,-,-,-,-,3036.8000,3035.2000,3035.0000,3033.0000,3032.6000,3037.2000,3037.4000,3038.0000,3038.2000,3038.4000,1,1,1,2,1,1,1,2,1,1
SF,IH2006,2019-12-20 09:30:14.900,3036.8000,5296,0,911040.000,1,0,1,多换,S,3035.2000,3033.0000,3032.6000,3027.8000,3020.2000,3036.8000,3037.2000,3037.4000,3038.0000,3038.2000,1,2,1,1,2,1,1,1,2,1
SF,IH2006,2019-12-20 09:30:15.400,3036.8000,5296,0,911040.000,0,-,-,-,-,3035.2000,3033.0000,3032.6000,3027.8000,3020.2000,3035.8000,3036.6000,3036.8000,3037.2000,3037.4000,1,2,1,1,2,1,1,2,1,1
SF,IH2006,2019-12-20 09:30:15.900,3035.8000,5296,0,1821780.000,1,0,1,多换,S,3035.2000,3033.0000,3032.6000,3027.8000,3020.2000,3036.6000,3036.8000,3037.4000,3038.0000,3038.2000,1,2,1,1,2,1,2,1,2,1
SF,IH2006,2019-12-20 09:30:16.400,3035.8000,5296,0,1821780.000,0,-,-,-,-,3035.2000,3033.0000,3032.6000,3027.8000,3020.2000,3036.6000,3036.8000,3037.4000,3038.0000,3038.2000,1,2,1,1,2,1,1,1,2,1
SF,IH2006,2019-12-20 09:30:16.900,3035.8000,5296,0,1821780.000,0,-,-,-,-,3035.2000,3033.0000,3032.6000,3027.8000,3020.2000,3036.6000,3036.8000,3037.4000,3038.0000,3038.2000,1,2,1,1,2,1,1,1,2,1
SF,IH2006,2019-12-20 09:30:17.400,3035.8000,5296,0,1821780.000,0,-,-,-,-,3035.2000,3033.0000,3032.6000,3027.8000,3020.2000,3036.6000,3036.8000,3037.4000,3038.0000,3038.2000,1,2,1,1,2,1,1,1,2,1
SF,IH2006,2019-12-20 09:30:17.900,3036.6000,5295,-1,2732760.000,1,0,1,双平,S,3035.2000,3033.0000,3032.6000,3027.8000,3020.2000,3036.8000,3037.4000,3038.0000,3038.2000,3038.4000,1,2,1,1,2,1,1,2,1,1
SF,IH2006,2019-12-20 09:30:18.400,3036.6000,5295,0,2732760.000,0,-,-,-,-,3035.4000,3035.2000,3033.0000,3032.6000,3027.8000,3036.8000,3037.4000,3038.0000,3038.2000,3038.4000,1,1,2,1,1,1,1,2,1,1
SF,IH2006,2019-12-20 09:30:18.900,3036.6000,5295,0,2732760.000,0,-,-,-,-,3035.4000,3033.0000,3032.6000,3027.8000,3020.2000,3036.6000,3036.8000,3038.0000,3038.2000,3038.4000,1,2,1,1,2,1,1,2,1,1
SF,IH2006,2019-12-20 09:30:19.400,3036.6000,5295,0,2732760.000,0,-,-,-,-,3033.0000,3032.6000,3027.8000,3020.2000,3017.2000,3036.6000,3036.8000,3038.0000,3038.2000,3038.4000,2,1,1,2,1,1,1,2,1,1
SF,IH2006,2019-12-20 09:30:19.900,3036.6000,5295,0,2732760.000,0,-,-,-,-,3033.2000,3033.0000,3032.6000,3027.8000,3020.2000,3036.6000,3036.8000,3038.0000,3038.2000,3038.4000,2,2,1,1,2,1,1,2,1,1
SF,IH2006,2019-12-20 09:30:20.400,3036.6000,5295,0,2732760.000,0,-,-,-,-,3033.4000,3033.2000,3033.0000,3032.6000,3027.8000,3036.6000,3036.8000,3038.0000,3038.2000,3038.4000,1,2,2,1,1,1,1,2,1,1
SF,IH2006,2019-12-20 09:30:20.900,3036.6000,5295,0,2732760.000,0,-,-,-,-,3033.6000,3033.4000,3033.2000,3033.0000,3032.6000,3036.6000,3036.8000,3038.0000,3038.2000,3038.4000,3,1,1,2,1,1,1,3,1,1
SF,IH2006,2019-12-20 09:30:21.400,3036.6000,5295,0,2732760.000,0,-,-,-,-,3033.8000,3033.6000,3033.4000,3033.2000,3033.0000,3036.6000,3036.8000,3038.0000,3038.2000,3038.4000,1,3,1,1,2,1,1,3,1,1
SF,IH2006,2019-12-20 09:30:21.900,3036.6000,5295,0,2732760.000,0,-,-,-,-,3034.0000,3033.8000,3033.6000,3033.4000,3033.2000,3036.6000,3036.8000,3038.0000,3038.2000,3038.4000,3,1,1,1,1,1,1,3,1,1
SF,IH2006,2019-12-20 09:30:22.400,3036.6000,5295,0,2732760.000,0,-,-,-,-,3034.0000,3033.8000,3033.6000,3033.4000,3033.2000,3036.6000,3036.8000,3038.0000,3038.2000,3038.4000,3,1,2,1,1,1,1,3,1,1
SF,IH2006,2019-12-20 09:30:22.900,3036.6000,5295,0,2732760.000,0,-,-,-,-,3034.0000,3033.6000,3033.4000,3033.2000,3033.0000,3036.6000,3036.8000,3038.0000,3038.2000,3038.4000,3,1,1,1,2,1,1,3,1,1
SF,IH2006,2019-12-20 09:30:23.400,3036.6000,5295,0,2732760.000,0,-,-,-,-,3034.0000,3033.8000,3033.6000,3033.4000,3033.2000,3036.6000,3036.8000,3038.0000,3038.2000,3038.4000,3,1,1,1,1,1,1,3,1,1
SF,IH2006,2019-12-20 09:30:23.900,3036.6000,5295,0,2732760.000,0,-,-,-,-,3034.2000,3034.0000,3033.6000,3033.2000,3033.0000,3036.6000,3036.8000,3038.0000,3038.2000,3038.4000,2,2,1,1,2,1,1,3,1,1
SF,IH2006,2019-12-20 09:30:24.400,3036.6000,5295,0,2732760.000,0,-,-,-,-,3034.4000,3034.2000,3034.0000,3033.6000,3033.2000,3036.6000,3036.8000,3038.0000,3038.2000,3038.4000,1,2,1,1,1,1,1,3,1,1
SF,IH2006,2019-12-20 09:30:24.900,3036.6000,5295,0,2732760.000,0,-,-,-,-,3034.4000,3034.2000,3034.0000,3033.6000,3033.2000,3036.6000,3036.8000,3038.0000,3038.2000,3038.4000,1,1,1,1,1,1,1,3,1,1
SF,IH2006,2019-12-20 09:30:25.400,3036.6000,5295,0,2732760.000,0,-,-,-,-,3034.4000,3034.0000,3033.6000,3033.2000,3033.0000,3036.6000,3036.8000,3038.0000,3038.2000,3038.4000,1,1,1,1,2,1,1,3,1,1
SF,IH2006,2019-12-20 09:30:25.900,3036.6000,5295,0,2732760.000,0,-,-,-,-,3034.4000,3033.2000,3033.0000,3032.6000,3027.8000,3036.6000,3036.8000,3038.0000,3038.2000,3038.4000,1,1,2,1,1,1,1,3,1,1
SF,IH2006,2019-12-20 09:30:26.400,3036.6000,5295,0,2732760.000,0,-,-,-,-,3034.4000,3033.2000,3033.0000,3032.6000,3027.8000,3036.4000,3036.6000,3036.8000,3038.0000,3038.2000,1,1,2,1,1,2,1,1,3,1
SF,IH2006,2019-12-20 09:30:26.900,3036.6000,5295,0,2732760.000,0,-,-,-,-,3034.6000,3034.4000,3033.2000,3033.0000,3032.6000,3036.2000,3036.4000,3036.8000,3038.0000,3038.2000,2,1,1,2,1,1,2,1,3,1
SF,IH2006,2019-12-20 09:30:27.400,3036.6000,5295,0,3643740.000,1,0,1,多换,S,3034.6000,3034.4000,3033.2000,3033.0000,3032.6000,3036.4000,3036.8000,3038.0000,3038.2000,3038.4000,1,1,1,2,1,1,1,3,1,1
SF,IH2006,2019-12-20 09:30:27.900,3036.6000,5295,0,3643740.000,0,-,-,-,-,3034.8000,3034.6000,3034.4000,3033.2000,3033.0000,3036.4000,3036.8000,3038.0000,3038.2000,3038.4000,1,1,1,1,2,1,1,3,1,1
SF,IH2006,2019-12-20 09:30:28.400,3036.6000,5295,0,3643740.000,0,-,-,-,-,3035.0000,3034.8000,3034.6000,3034.4000,3033.2000,3036.4000,3036.8000,3038.0000,3038.2000,3038.4000,1,1,1,1,1,1,1,3,1,1
SF,IH2006,2019-12-20 09:30:28.900,3036.6000,5295,0,3643740.000,0,-,-,-,-,3035.2000,3035.0000,3034.4000,3033.2000,3033.0000,3036.4000,3036.8000,3038.0000,3038.2000,3038.4000,1,1,1,1,2,1,1,2,1,1
SF,IH2006,2019-12-20 09:30:29.400,3035.4000,5294,-1,4554360.000,1,0,1,双平,S,3034.4000,3033.2000,3033.0000,3032.6000,3027.8000,3036.2000,3036.4000,3036.8000,3037.8000,3038.0000,1,1,2,1,1,2,1,1,1,2
SF,IH2006,2019-12-20 09:30:29.900,3035.4000,5294,0,4554360.000,0,-,-,-,-,3034.6000,3034.4000,3033.2000,3033.0000,3032.6000,3036.4000,3036.8000,3038.0000,3038.2000,3038.4000,1,1,1,2,1,1,1,2,1,1
SF,IH2006,2019-12-20 09:30:30.400,3035.4000,5294,0,4554360.000,0,-,-,-,-,3034.6000,3034.4000,3033.0000,3032.6000,3027.8000,3036.2000,3036.4000,3036.8000,3037.4000,3038.0000,1,1,2,1,1,2,1,1,1,2
SF,IH2006,2019-12-20 09:30:30.900,3035.4000,5294,0,4554360.000,0,-,-,-,-,3034.6000,3034.4000,3033.0000,3032.6000,3027.8000,3036.2000,3036.4000,3036.8000,3037.4000,3038.0000,1,1,2,1,1,1,1,1,1,2
SF,IH2006,2019-12-20 09:30:31.400,3035.4000,5294,0,4554360.000,0,-,-,-,-,3034.8000,3034.6000,3034.4000,3033.0000,3032.6000,3036.0000,3036.4000,3036.8000,3038.0000,3038.2000,1,1,1,2,1,3,1,1,2,1
SF,IH2006,2019-12-20 09:30:31.900,3035.4000,5294,0,4554360.000,0,-,-,-,-,3035.0000,3034.8000,3034.4000,3033.0000,3032.6000,3036.4000,3036.8000,3038.0000,3038.2000,3038.4000,1,1,1,2,1,1,2,2,1,1
SF,IH2006,2019-12-20 09:30:32.900,3035.4000,5294,0,4554360.000,0,-,-,-,-,3035.0000,3034.4000,3033.0000,3032.6000,3027.8000,3036.2000,3036.4000,3036.8000,3038.0000,3038.2000,1,1,2,1,1,1,1,2,2,1
SF,IH2006,2019-12-20 09:30:33.400,3036.2000,5294,0,5465220.000,1,0,1,多换,S,3036.2000,3035.0000,3034.4000,3033.0000,3032.6000,3036.4000,3036.8000,3038.0000,3038.2000,3038.4000,1,1,1,2,1,1,2,2,1,1
SF,IH2006,2019-12-20 09:30:33.900,3036.2000,5294,0,6376080.000,1,0,1,多换,S,3035.0000,3034.4000,3033.0000,3032.6000,3027.8000,3036.4000,3036.8000,3038.0000,3038.2000,3038.4000,1,1,2,1,1,1,2,2,1,1
SF,IH2006,2019-12-20 09:30:34.400,3036.4000,5293,-1,7287000.000,1,0,1,双平,S,3035.2000,3035.0000,3034.4000,3033.0000,3032.6000,3036.8000,3038.0000,3038.2000,3038.4000,3038.6000,1,1,1,2,1,2,2,1,1,1
SF,IH2006,2019-12-20 09:30:34.900,3036.4000,5293,0,7287000.000,0,-,-,-,-,3035.4000,3035.2000,3034.4000,3033.0000,3032.6000,3036.6000,3036.8000,3038.0000,3038.2000,3038.4000,1,1,1,2,1,3,2,2,1,1
SF,IH2006,2019-12-20 09:30:35.400,3036.4000,5293,0,7287000.000,0,-,-,-,-,3035.6000,3035.4000,3035.2000,3034.4000,3033.0000,3036.8000,3038.0000,3038.2000,3038.4000,3038.6000,1,1,1,1,2,2,2,1,1,1
SF,IH2006,2019-12-20 09:30:36.400,3036.4000,5293,0,7287000.000,0,-,-,-,-,3035.6000,3035.4000,3034.4000,3033.0000,3032.6000,3036.8000,3038.0000,3038.2000,3038.4000,3038.6000,1,1,1,2,1,2,2,1,1,1
SF,IH2006,2019-12-20 09:30:37.400,3036.4000,5293,0,7287000.000,0,-,-,-,-,3035.4000,3034.4000,3033.0000,3032.6000,3027.8000,3036.8000,3038.0000,3038.2000,3038.4000,3038.6000,1,1,2,1,1,2,2,1,1,1
SF,IH2006,2019-12-20 09:30:37.900,3036.4000,5293,0,7287000.000,0,-,-,-,-,3035.4000,3034.4000,3033.0000,3032.6000,3027.8000,3036.6000,3036.8000,3038.0000,3038.2000,3038.4000,1,1,2,1,1,3,2,2,1,1
SF,IH2006,2019-12-20 09:30:38.400,3036.4000,5293,0,7287000.000,0,-,-,-,-,3035.4000,3034.4000,3033.0000,3032.6000,3027.8000,3036.6000,3036.8000,3038.0000,3038.2000,3038.4000,1,1,2,1,1,2,2,2,1,1
SF,IH2006,2019-12-20 09:30:38.900,3036.4000,5293,0,7287000.000,0,-,-,-,-,3034.4000,3033.0000,3032.6000,3027.8000,3020.2000,3036.6000,3036.8000,3038.0000,3038.2000,3038.4000,1,2,1,1,2,2,2,2,1,1
SF,IH2006,2019-12-20 09:30:39.400,3036.4000,5293,0,7287000.000,0,-,-,-,-,3034.6000,3034.4000,3033.0000,3032.6000,3027.8000,3036.6000,3036.8000,3038.0000,3038.2000,3038.4000,1,1,2,1,1,2,2,2,1,1
SF,IH2006,2019-12-20 09:30:39.900,3036.4000,5293,0,7287000.000,0,-,-,-,-,3034.6000,3034.4000,3033.0000,3032.6000,3027.8000,3036.6000,3036.8000,3038.0000,3038.2000,3038.4000,1,1,2,1,1,2,2,2,1,1
SF,IH2006,2019-12-20 09:30:40.400,3036.6000,5294,1,8197980.000,1,1,0,双开,S,3034.6000,3034.4000,3033.0000,3032.6000,3027.8000,3036.6000,3036.8000,3038.0000,3038.2000,3038.4000,1,1,2,1,1,1,2,2,1,1
SF,IH2006,2019-12-20 09:30:40.900,3036.6000,5294,0,8197980.000,0,-,-,-,-,3034.8000,3034.6000,3034.4000,3033.0000,3032.6000,3036.4000,3036.8000,3038.0000,3038.2000,3038.4000,1,1,1,2,1,1,2,2,1,1
SF,IH2006,2019-12-20 09:30:41.400,3036.6000,5294,0,8197980.000,0,-,-,-,-,3035.0000,3034.8000,3034.4000,3033.0000,3032.6000,3036.8000,3038.0000,3038.2000,3038.4000,3038.6000,1,1,1,2,1,2,2,1,1,1
SF,IH2006,2019-12-20 09:30:41.900,3036.6000,5294,0,8197980.000,0,-,-,-,-,3035.2000,3035.0000,3034.4000,3033.0000,3032.6000,3036.6000,3036.8000,3038.0000,3038.2000,3038.4000,1,1,1,2,1,3,2,2,1,1
SF,IH2006,2019-12-20 09:30:42.400,3036.6000,5294,0,8197980.000,0,-,-,-,-,3035.4000,3035.2000,3034.4000,3033.0000,3032.6000,3036.6000,3036.8000,3038.0000,3038.2000,3038.4000,1,1,1,2,1,3,2,2,1,1
SF,IH2006,2019-12-20 09:30:42.900,3036.6000,5294,0,8197980.000,0,-,-,-,-,3035.6000,3035.4000,3035.2000,3034.4000,3033.0000,3036.6000,3036.8000,3038.0000,3038.2000,3038.4000,1,1,1,1,2,3,2,2,1,1
SF,IH2006,2019-12-20 09:30:43.400,3036.6000,5294,0,8197980.000,0,-,-,-,-,3035.6000,3035.4000,3035.2000,3034.4000,3033.0000,3036.4000,3036.6000,3036.8000,3038.0000,3038.2000,1,1,1,1,2,1,2,2,2,1
SF,IH2006,2019-12-20 09:30:44.400,3036.6000,5294,0,8197980.000,0,-,-,-,-,3035.6000,3035.4000,3035.2000,3034.4000,3033.0000,3036.2000,3036.4000,3036.6000,3036.8000,3038.0000,1,1,1,1,2,1,1,2,2,2
SF,IH2006,2019-12-20 09:30:45.400,3036.6000,5294,0,8197980.000,0,-,-,-,-,3035.4000,3035.2000,3034.4000,3033.0000,3032.6000,3036.2000,3036.6000,3036.8000,3038.0000,3038.2000,1,1,1,2,1,1,2,2,2,1
SF,IH2006,2019-12-20 09:30:45.900,3036.6000,5294,0,8197980.000,0,-,-,-,-,3035.4000,3034.4000,3033.0000,3032.6000,3027.8000,3036.2000,3036.6000,3036.8000,3038.0000,3038.2000,1,1,2,1,1,1,2,2,2,1
SF,IH2006,2019-12-20 09:30:49.400,3036.6000,5294,0,8197980.000,0,-,-,-,-,3035.4000,3034.4000,3033.0000,3032.6000,3027.8000,3036.0000,3036.2000,3036.6000,3036.8000,3038.0000,1,1,2,1,1,1,1,2,1,2
SF,IH2006,2019-12-20 09:30:49.900,3036.6000,5294,0,8197980.000,0,-,-,-,-,3035.4000,3034.4000,3033.0000,3032.6000,3027.8000,3036.2000,3036.6000,3036.8000,3038.0000,3038.2000,1,1,2,1,1,1,2,2,2,1
SF,IH2006,2019-12-20 09:30:50.400,3035.4000,5293,-1,9108600.000,1,0,1,双平,S,3034.4000,3033.0000,3032.6000,3027.8000,3020.2000,3036.2000,3036.6000,3036.8000,3038.0000,3038.2000,1,2,1,1,2,1,2,2,2,1
SF,IH2006,2019-12-20 09:30:50.900,3035.4000,5293,0,9108600.000,0,-,-,-,-,3034.6000,3034.4000,3033.0000,3032.6000,3027.8000,3036.0000,3036.2000,3036.6000,3036.8000,3038.0000,1,1,2,1,1,1,1,2,2,2
SF,IH2006,2019-12-20 09:30:51.400,3035.4000,5293,0,9108600.000,0,-,-,-,-,3034.6000,3033.0000,3032.6000,3027.8000,3020.2000,3036.0000,3036.2000,3036.6000,3036.8000,3038.0000,1,2,1,1,2,1,1,2,2,2
SF,IH2006,2019-12-20 09:30:51.900,3035.4000,5293,0,9108600.000,0,-,-,-,-,3034.6000,3033.0000,3032.6000,3027.8000,3020.2000,3036.0000,3036.2000,3036.6000,3036.8000,3038.0000,1,2,1,1,2,1,1,2,1,2
SF,IH2006,2019-12-20 09:30:52.400,3035.4000,5293,0,9108600.000,0,-,-,-,-,3034.6000,3033.0000,3032.6000,3027.8000,3020.2000,3036.2000,3036.6000,3036.8000,3038.0000,3038.2000,1,2,1,1,2,1,2,2,2,1
SF,IH2006,2019-12-20 09:30:52.900,3035.4000,5293,0,9108600.000,0,-,-,-,-,3034.6000,3033.0000,3032.6000,3027.8000,3020.2000,3036.2000,3036.6000,3036.8000,3038.0000,3038.2000,1,2,1,1,2,1,2,1,2,1
SF,IH2006,2019-12-20 09:30:53.400,3035.4000,5293,0,9108600.000,0,-,-,-,-,3034.6000,3033.0000,3032.6000,3027.8000,3020.2000,3036.2000,3036.6000,3036.8000,3038.0000,3038.2000,1,2,1,1,2,1,3,1,2,1
SF,IH2006,2019-12-20 09:30:53.900,3035.4000,5293,0,9108600.000,0,-,-,-,-,3034.6000,3033.0000,3027.8000,3020.2000,3017.2000,3036.0000,3036.2000,3036.6000,3036.8000,3038.0000,1,2,1,2,1,1,1,2,1,2
SF,IH2006,2019-12-20 09:30:54.400,3035.4000,5293,0,9108600.000,0,-,-,-,-,3034.6000,3033.0000,3027.8000,3020.2000,3017.2000,3036.0000,3036.2000,3036.6000,3036.8000,3038.0000,1,2,1,2,1,1,1,3,1,2
SF,IH2006,2019-12-20 09:30:54.900,3035.4000,5293,0,9108600.000,0,-,-,-,-,3034.6000,3033.0000,3027.8000,3020.2000,3017.2000,3036.0000,3036.2000,3036.6000,3036.8000,3038.0000,1,2,1,2,1,1,1,3,1,2
SF,IH2006,2019-12-20 09:30:55.400,3035.4000,5293,0,9108600.000,0,-,-,-,-,3034.6000,3033.0000,3027.8000,3020.2000,3017.2000,3035.8000,3036.0000,3036.2000,3036.6000,3036.8000,1,2,1,2,1,1,1,1,3,1
SF,IH2006,2019-12-20 09:30:55.900,3034.6000,5293,0,10018980.000,1,0,1,多换,S,3033.0000,3027.8000,3020.2000,3017.2000,3003.0000,3036.0000,3036.2000,3036.6000,3036.8000,3038.0000,2,1,2,1,1,1,1,2,1,2
SF,IH2006,2019-12-20 09:30:56.400,3034.6000,5293,0,10018980.000,0,-,-,-,-,3033.2000,3033.0000,3032.0000,3027.8000,3020.2000,3036.0000,3036.2000,3036.6000,3036.8000,3038.0000,2,2,1,1,2,1,1,3,1,2
SF,IH2006,2019-12-20 09:30:56.900,3034.6000,5293,0,10018980.000,0,-,-,-,-,3033.2000,3033.0000,3027.8000,3020.2000,3017.2000,3036.0000,3036.2000,3036.6000,3036.8000,3038.0000,2,2,1,2,1,1,1,2,1,2
SF,IH2006,2019-12-20 09:30:57.400,3034.6000,5293,0,10018980.000,0,-,-,-,-,3033.2000,3033.0000,3032.0000,3027.8000,3020.2000,3036.0000,3036.2000,3036.6000,3036.8000,3038.0000,2,2,1,1,2,1,2,2,1,2
SF,IH2006,2019-12-20 09:30:58.900,3034.6000,5293,0,10018980.000,0,-,-,-,-,3033.2000,3033.0000,3032.0000,3027.8000,3020.2000,3036.0000,3036.2000,3036.6000,3036.8000,3038.0000,1,2,1,1,2,1,2,2,1,2
SF,IH2006,2019-12-20 09:30:59.400,3034.6000,5293,0,10018980.000,0,-,-,-,-,3033.2000,3033.0000,3032.0000,3027.8000,3020.2000,3036.0000,3036.2000,3036.6000,3036.8000,3038.0000,1,2,1,1,2,1,2,2,1,2
SF,IH2006,2019-12-20 09:30:59.900,3034.6000,5293,0,10018980.000,0,-,-,-,-,3033.2000,3033.0000,3032.0000,3027.8000,3020.2000,3036.0000,3036.2000,3036.6000,3036.8000,3038.0000,1,2,1,1,2,1,2,2,1,2
SF,IH2006,2019-12-20 09:31:00.400,3034.6000,5293,0,10018980.000,0,-,-,-,-,3033.2000,3033.0000,3032.0000,3027.8000,3020.2000,3035.8000,3036.0000,3036.2000,3036.6000,3036.8000,1,2,1,1,2,1,1,2,2,1
SF,IH2006,2019-12-20 09:31:00.900,3035.6000,5293,0,10929660.000,1,0,1,多换,S,3036.0000,3033.8000,3033.2000,3033.0000,3032.0000,3036.2000,3036.6000,3036.8000,3038.0000,3038.2000,4,1,1,2,1,2,2,1,2,1
SF,IH2006,2019-12-20 09:31:01.400,3036.0000,5293,0,14572860.000,4,2,2,多换,S,3033.8000,3033.2000,3033.0000,3032.0000,3027.8000,3036.0000,3036.2000,3036.6000,3036.8000,3038.0000,2,2,2,1,1,3,3,2,1,2
SF,IH2006,2019-12-20 09:31:01.900,3034.0000,5292,-1,15483060.000,1,0,1,双平,S,3034.0000,3033.8000,3033.2000,3033.0000,3032.0000,3035.8000,3036.0000,3036.2000,3036.6000,3036.8000,1,2,1,2,1,1,4,2,2,1
SF,IH2006,2019-12-20 09:31:02.400,3034.0000,5292,0,15483060.000,0,-,-,-,-,3034.0000,3033.8000,3033.2000,3033.0000,3032.0000,3035.6000,3035.8000,3036.0000,3036.2000,3036.6000,1,2,1,2,1,1,1,4,2,2
SF,IH2006,2019-12-20 09:31:02.900,3034.0000,5292,0,15483060.000,0,-,-,-,-,3034.0000,3033.8000,3033.2000,3033.0000,3032.0000,3035.4000,3036.0000,3036.2000,3036.6000,3036.8000,1,2,1,2,1,1,3,2,2,1
SF,IH2006,2019-12-20 09:31:03.400,3034.0000,5292,0,15483060.000,0,-,-,-,-,3034.0000,3033.8000,3033.2000,3033.0000,3032.0000,3035.4000,3036.0000,3036.2000,3036.6000,3036.8000,1,2,1,2,1,2,2,2,2,1
SF,IH2006,2019-12-20 09:31:03.900,3034.0000,5292,0,15483060.000,0,-,-,-,-,3033.8000,3033.2000,3033.0000,3032.0000,3027.8000,3035.4000,3036.0000,3036.2000,3036.6000,3036.8000,2,1,2,1,1,2,2,2,2,1
SF,IH2006,2019-12-20 09:31:04.900,3034.0000,5292,0,15483060.000,0,-,-,-,-,3033.8000,3033.2000,3033.0000,3032.0000,3027.8000,3035.4000,3036.0000,3036.2000,3036.6000,3036.8000,2,1,2,1,1,2,2,2,2,2
SF,IH2006,2019-12-20 09:31:05.900,3034.0000,5292,0,15483060.000,0,-,-,-,-,3034.0000,3033.8000,3033.2000,3033.0000,3032.0000,3035.4000,3036.0000,3036.2000,3036.6000,3036.8000,1,1,1,2,1,2,2,2,2,2
SF,IH2006,2019-12-20 09:31:06.900,3034.0000,5292,0,15483060.000,0,-,-,-,-,3033.8000,3033.2000,3033.0000,3032.0000,3027.8000,3035.4000,3036.0000,3036.2000,3036.6000,3036.8000,1,1,2,1,1,2,2,2,2,2
SF,IH2006,2019-12-20 09:31:07.400,3034.0000,5292,0,15483060.000,0,-,-,-,-,3034.0000,3033.8000,3033.2000,3033.0000,3027.8000,3035.4000,3036.0000,3036.2000,3036.6000,3036.8000,1,1,1,2,1,2,2,2,2,2
SF,IH2006,2019-12-20 09:31:08.400,3034.0000,5292,0,15483060.000,0,-,-,-,-,3034.0000,3033.8000,3033.2000,3033.0000,3027.8000,3035.4000,3036.0000,3036.2000,3036.6000,3036.8000,1,1,1,2,1,1,2,2,2,2
SF,IH2006,2019-12-20 09:31:08.900,3034.0000,5292,0,15483060.000,0,-,-,-,-,3034.0000,3033.8000,3033.2000,3033.0000,3032.8000,3035.4000,3036.0000,3036.2000,3036.6000,3036.8000,1,1,1,2,1,1,2,2,2,2
SF,IH2006,2019-12-20 09:31:09.400,3034.0000,5292,0,15483060.000,0,-,-,-,-,3033.8000,3033.2000,3033.0000,3032.8000,3027.8000,3035.4000,3036.0000,3036.2000,3036.6000,3036.8000,1,1,2,1,1,1,2,2,2,2
SF,IH2006,2019-12-20 09:31:09.900,3034.0000,5292,0,15483060.000,0,-,-,-,-,3034.0000,3033.8000,3033.2000,3033.0000,3032.8000,3035.4000,3036.2000,3036.6000,3036.8000,3038.0000,1,1,1,2,1,1,2,2,2,2
SF,IH2006,2019-12-20 09:31:11.400,3034.0000,5292,0,15483060.000,0,-,-,-,-,3034.2000,3034.0000,3033.8000,3033.2000,3033.0000,3035.4000,3036.2000,3036.6000,3036.8000,3038.0000,1,1,1,1,2,1,2,2,2,2
SF,IH2006,2019-12-20 09:31:11.900,3034.0000,5292,0,15483060.000,0,-,-,-,-,3034.4000,3034.2000,3034.0000,3033.8000,3033.0000,3035.4000,3036.2000,3036.6000,3036.8000,3038.0000,1,1,1,1,2,1,2,2,2,2
SF,IH2006,2019-12-20 09:31:12.900,3034.0000,5292,0,15483060.000,0,-,-,-,-,3034.4000,3034.2000,3033.8000,3033.0000,3032.8000,3035.4000,3036.2000,3036.6000,3036.8000,3038.0000,1,1,1,2,1,1,2,2,2,2
SF,IH2006,2019-12-20 09:31:13.400,3034.0000,5292,0,15483060.000,0,-,-,-,-,3034.2000,3033.8000,3033.0000,3032.8000,3027.8000,3035.4000,3036.2000,3036.6000,3036.8000,3038.0000,1,1,2,1,1,1,2,2,2,2
SF,IH2006,2019-12-20 09:31:13.900,3034.2000,5291,-1,16393320.000,1,0,1,双平,S,3034.4000,3033.8000,3033.0000,3032.8000,3027.8000,3035.2000,3035.4000,3036.2000,3036.6000,3036.8000,1,1,2,1,1,1,1,2,2,2
SF,IH2006,2019-12-20 09:31:14.400,3034.4000,5290,-1,17303640.000,1,0,1,双平,S,3033.8000,3033.0000,3032.8000,3027.8000,3020.2000,3035.0000,3035.2000,3036.2000,3036.6000,3036.8000,1,2,1,1,2,1,1,2,2,1
SF,IH2006,2019-12-20 09:31:14.900,3034.4000,5290,0,17303640.000,0,-,-,-,-,3034.0000,3033.8000,3033.0000,3032.8000,3027.8000,3035.0000,3035.2000,3036.2000,3036.6000,3036.8000,1,1,2,1,1,1,1,2,2,1
SF,IH2006,2019-12-20 09:31:15.400,3034.4000,5290,0,17303640.000,0,-,-,-,-,3034.0000,3033.8000,3033.0000,3032.8000,3027.8000,3035.0000,3036.2000,3036.6000,3036.8000,3038.0000,1,1,2,1,1,1,2,2,1,2
SF,IH2006,2019-12-20 09:31:15.900,3034.4000,5290,0,17303640.000,0,-,-,-,-,3034.2000,3034.0000,3033.0000,3032.8000,3027.8000,3035.0000,3036.2000,3036.6000,3036.8000,3038.0000,1,1,2,1,1,1,2,2,1,2
SF,IH2006,2019-12-20 09:31:16.400,3034.4000,5290,0,17303640.000,0,-,-,-,-,3034.2000,3034.0000,3033.0000,3032.8000,3027.8000,3034.8000,3035.0000,3036.2000,3036.6000,3036.8000,1,1,2,1,1,1,1,2,2,1
SF,IH2006,2019-12-20 09:31:16.900,3034.4000,5290,0,17303640.000,0,-,-,-,-,3034.2000,3034.0000,3033.0000,3032.8000,3027.8000,3034.6000,3036.2000,3036.6000,3036.8000,3038.0000,1,1,2,1,1,1,2,2,1,2
SF,IH2006,2019-12-20 09:31:17.400,3034.6000,5289,-1,19124280.000,2,0,2,多平,S,3034.0000,3033.0000,3032.8000,3027.8000,3020.2000,3036.2000,3036.6000,3036.8000,3038.0000,3038.2000,1,2,1,1,2,2,2,1,2,1
SF,IH2006,2019-12-20 09:31:17.900,3034.6000,5289,0,19124280.000,0,-,-,-,-,3033.0000,3032.8000,3027.8000,3020.2000,3017.2000,3036.0000,3036.2000,3036.6000,3036.8000,3038.0000,2,1,1,2,1,5,2,2,1,2
SF,IH2006,2019-12-20 09:31:18.400,3034.6000,5289,0,19124280.000,0,-,-,-,-,3033.2000,3033.0000,3032.8000,3027.8000,3020.2000,3036.0000,3036.2000,3036.6000,3036.8000,3038.0000,1,2,1,1,2,5,2,2,1,2
SF,IH2006,2019-12-20 09:31:18.900,3034.6000,5289,0,19124280.000,0,-,-,-,-,3033.4000,3033.2000,3033.0000,3032.8000,3027.8000,3036.0000,3036.2000,3036.6000,3036.8000,3038.0000,1,1,2,1,1,4,2,2,1,2
SF,IH2006,2019-12-20 09:31:19.400,3034.6000,5289,0,19124280.000,0,-,-,-,-,3033.6000,3033.4000,3033.0000,3032.8000,3027.8000,3036.0000,3036.2000,3036.6000,3036.8000,3038.0000,1,1,2,1,1,4,2,2,1,2
SF,IH2006,2019-12-20 09:31:19.900,3034.6000,5289,0,19124280.000,0,-,-,-,-,3033.8000,3033.6000,3033.4000,3033.0000,3032.8000,3036.0000,3036.2000,3036.6000,3036.8000,3038.0000,1,1,1,2,1,4,2,2,1,2
SF,IH2006,2019-12-20 09:31:20.400,3034.6000,5289,0,19124280.000,0,-,-,-,-,3034.0000,3033.8000,3033.4000,3033.0000,3032.8000,3036.0000,3036.2000,3036.6000,3036.8000,3038.0000,1,1,1,2,1,4,2,2,1,2
SF,IH2006,2019-12-20 09:31:20.900,3034.6000,5289,0,19124280.000,0,-,-,-,-,3034.2000,3034.0000,3033.8000,3033.4000,3033.0000,3036.0000,3036.2000,3036.6000,3036.8000,3038.0000,1,1,1,1,2,4,2,2,1,2
SF,IH2006,2019-12-20 09:31:21.400,3034.6000,5289,0,19124280.000,0,-,-,-,-,3034.2000,3033.8000,3033.0000,3032.8000,3027.8000,3036.0000,3036.2000,3036.6000,3036.8000,3038.0000,1,1,2,1,1,4,2,2,1,2
SF,IH2006,2019-12-20 09:31:21.900,3034.6000,5289,0,19124280.000,0,-,-,-,-,3034.2000,3033.0000,3032.8000,3027.8000,3020.2000,3035.8000,3036.0000,3036.2000,3036.6000,3036.8000,1,2,1,1,2,1,4,2,2,1
SF,IH2006,2019-12-20 09:31:22.400,3034.6000,5289,0,19124280.000,0,-,-,-,-,3033.0000,3032.8000,3027.8000,3020.2000,3017.2000,3035.6000,3035.8000,3036.0000,3036.2000,3036.6000,2,1,1,2,1,3,1,3,2,2
SF,IH2006,2019-12-20 09:31:22.900,3034.6000,5289,0,19124280.000,0,-,-,-,-,3033.2000,3033.0000,3032.8000,3027.8000,3020.2000,3035.6000,3036.0000,3036.2000,3036.6000,3036.8000,2,2,1,1,2,3,3,2,2,1
SF,IH2006,2019-12-20 09:31:23.400,3034.6000,5289,0,19124280.000,0,-,-,-,-,3033.4000,3033.2000,3033.0000,3032.8000,3027.8000,3035.6000,3036.0000,3036.2000,3036.6000,3036.8000,1,2,2,1,1,1,3,2,2,1
SF,IH2006,2019-12-20 09:31:23.900,3034.6000,5289,0,19124280.000,0,-,-,-,-,3033.6000,3033.4000,3033.2000,3033.0000,3032.8000,3035.6000,3036.0000,3036.2000,3036.6000,3036.8000,1,1,1,2,1,1,3,2,2,1
SF,IH2006,2019-12-20 09:31:24.400,3034.6000,5289,0,19124280.000,0,-,-,-,-,3033.8000,3033.6000,3033.2000,3033.0000,3032.8000,3035.6000,3036.0000,3036.2000,3036.6000,3036.8000,2,1,1,2,1,1,3,2,2,1
SF,IH2006,2019-12-20 09:31:24.900,3034.6000,5289,0,19124280.000,0,-,-,-,-,3034.0000,3033.8000,3033.2000,3033.0000,3032.8000,3035.6000,3036.0000,3036.2000,3036.6000,3036.8000,1,2,1,2,1,1,3,2,2,1
SF,IH2006,2019-12-20 09:31:25.400,3034.6000,5289,0,19124280.000,0,-,-,-,-,3034.2000,3034.0000,3033.8000,3033.2000,3033.0000,3035.6000,3036.0000,3036.2000,3036.6000,3036.8000,1,1,2,1,2,1,3,2,2,1
SF,IH2006,2019-12-20 09:31:29.900,3034.6000,5289,0,19124280.000,0,-,-,-,-,3034.2000,3034.0000,3033.8000,3033.2000,3033.0000,3035.6000,3036.0000,3036.2000,3036.6000,3036.8000,1,1,2,1,2,1,1,2,2,1
SF,IH2006,2019-12-20 09:31:30.400,3034.6000,5289,0,19124280.000,0,-,-,-,-,3034.4000,3034.2000,3033.8000,3033.2000,3033.0000,3035.6000,3036.0000,3036.2000,3036.6000,3036.8000,1,1,2,1,2,1,1,2,2,1
SF,IH2006,2019-12-20 09:31:30.900,3034.6000,5289,0,19124280.000,0,-,-,-,-,3034.4000,3034.2000,3033.8000,3033.0000,3032.8000,3035.4000,3035.6000,3036.0000,3036.2000,3036.6000,1,1,2,2,1,1,1,1,2,2
SF,IH2006,2019-12-20 09:31:31.400,3034.6000,5289,0,19124280.000,0,-,-,-,-,3034.4000,3034.2000,3033.8000,3033.0000,3032.8000,3035.4000,3035.6000,3036.0000,3036.2000,3036.6000,1,1,1,2,1,1,1,1,2,2
SF,IH2006,2019-12-20 09:31:31.900,3034.6000,5289,0,19124280.000,0,-,-,-,-,3033.8000,3033.0000,3032.8000,3027.8000,3020.2000,3035.4000,3035.6000,3036.0000,3036.2000,3036.6000,1,2,1,1,2,1,1,1,2,2
SF,IH2006,2019-12-20 09:31:32.400,3034.6000,5289,0,19124280.000,0,-,-,-,-,3034.0000,3033.8000,3033.0000,3032.8000,3027.8000,3035.6000,3036.0000,3036.2000,3036.6000,3036.8000,3,1,2,1,1,1,1,2,2,1
SF,IH2006,2019-12-20 09:31:32.900,3034.6000,5289,0,19124280.000,0,-,-,-,-,3034.2000,3034.0000,3033.0000,3032.8000,3027.8000,3035.4000,3035.6000,3036.0000,3036.2000,3036.6000,1,3,2,1,1,1,1,1,2,2
SF,IH2006,2019-12-20 09:31:33.400,3034.6000,5289,0,19124280.000,0,-,-,-,-,3034.4000,3034.2000,3034.0000,3033.0000,3032.8000,3035.4000,3035.6000,3036.0000,3036.2000,3036.6000,1,1,3,2,1,1,1,1,2,2
SF,IH2006,2019-12-20 09:31:35.400,3034.4000,5289,0,20034600.000,1,0,1,多换,S,3034.2000,3034.0000,3033.0000,3032.8000,3027.8000,3035.4000,3035.6000,3036.0000,3036.2000,3036.6000,1,4,2,1,1,1,1,1,2,2
SF,IH2006,2019-12-20 09:31:35.900,3034.4000,5289,0,20034600.000,0,-,-,-,-,3034.4000,3034.2000,3034.0000,3033.0000,3032.8000,3035.2000,3035.4000,3035.6000,3036.0000,3036.2000,1,1,2,2,1,1,1,1,1,2
SF,IH2006,2019-12-20 09:31:36.400,3034.4000,5289,0,20034600.000,0,-,-,-,-,3034.4000,3034.2000,3034.0000,3033.0000,3032.8000,3035.2000,3035.4000,3035.6000,3036.0000,3036.2000,1,1,2,2,1,1,1,1,1,2
SF,IH2006,2019-12-20 09:31:36.900,3034.2000,5290,1,21855180.000,2,1,1,空开,S,3034.0000,3033.0000,3032.8000,3027.8000,3020.2000,3035.2000,3035.4000,3035.6000,3036.0000,3036.2000,2,2,1,1,2,1,1,1,1,2
SF,IH2006,2019-12-20 09:31:37.400,3034.2000,5290,0,21855180.000,0,-,-,-,-,3034.0000,3033.0000,3032.8000,3027.8000,3020.2000,3034.2000,3035.0000,3035.4000,3036.0000,3036.2000,2,2,1,1,2,1,1,1,1,2
SF,IH2006,2019-12-20 09:31:37.900,3034.0000,5291,1,25496100.000,4,2,2,空开,S,3033.0000,3032.8000,3027.8000,3020.2000,3017.2000,3035.0000,3035.4000,3036.0000,3036.2000,3036.6000,2,1,1,2,1,1,1,1,2,2
SF,IH2006,2019-12-20 09:31:38.400,3034.0000,5291,0,25496100.000,0,-,-,-,-,3033.2000,3033.0000,3032.8000,3027.8000,3020.2000,3034.0000,3035.0000,3035.4000,3036.2000,3036.6000,1,2,1,1,2,2,1,1,2,2
SF,IH2006,2019-12-20 09:31:38.900,3034.0000,5291,0,27316500.000,2,1,1,多换,S,3033.2000,3033.0000,3032.8000,3027.8000,3020.2000,3035.4000,3036.2000,3036.6000,3036.8000,3038.0000,1,2,1,1,2,1,2,2,1,2
SF,IH2006,2019-12-20 09:31:39.400,3034.0000,5291,0,27316500.000,0,-,-,-,-,3033.2000,3033.0000,3032.8000,3027.8000,3020.2000,3035.2000,3035.4000,3036.2000,3036.6000,3036.8000,1,2,1,1,2,1,1,2,2,1
SF,IH2006,2019-12-20 09:31:46.900,3034.0000,5291,0,27316500.000,0,-,-,-,-,3033.6000,3033.4000,3033.2000,3033.0000,3032.8000,3035.2000,3035.4000,3036.2000,3036.6000,3036.8000,1,1,1,2,1,1,1,2,2,1
SF,IH2006,2019-12-20 09:31:47.400,3034.0000,5291,0,27316500.000,0,-,-,-,-,3035.0000,3033.6000,3033.4000,3033.2000,3033.0000,3035.2000,3035.4000,3036.2000,3036.6000,3036.8000,1,1,1,1,2,1,1,2,2,1
SF,IH2006,2019-12-20 09:31:47.900,3035.0000,5291,0,28227000.000,1,0,1,多换,S,3033.6000,3033.4000,3033.2000,3033.0000,3032.8000,3035.2000,3035.4000,3036.2000,3036.6000,3036.8000,1,1,1,2,1,1,1,2,2,1
SF,IH2006,2019-12-20 09:31:50.400,3035.2000,5291,0,29137560.000,1,0,1,多换,S,3033.6000,3033.4000,3033.2000,3033.0000,3032.8000,3035.4000,3036.2000,3036.6000,3036.8000,3038.0000,1,1,1,2,1,1,2,2,1,2
SF,IH2006,2019-12-20 09:31:50.900,3035.2000,5291,0,29137560.000,0,-,-,-,-,3033.8000,3033.6000,3033.4000,3033.0000,3032.8000,3035.4000,3036.2000,3036.6000,3036.8000,3038.0000,1,1,1,2,1,1,2,2,1,2
SF,IH2006,2019-12-20 09:31:51.400,3035.2000,5291,0,29137560.000,0,-,-,-,-,3033.8000,3033.6000,3033.4000,3033.0000,3032.8000,3035.2000,3035.4000,3036.2000,3036.6000,3036.8000,1,1,1,2,1,1,1,2,2,1
SF,IH2006,2019-12-20 09:31:51.900,3035.2000,5291,0,29137560.000,0,-,-,-,-,3034.0000,3033.8000,3033.4000,3033.0000,3032.8000,3035.4000,3036.2000,3036.6000,3036.8000,3038.0000,1,1,1,2,1,1,2,2,1,2
SF,IH2006,2019-12-20 09:31:52.400,3035.2000,5291,0,29137560.000,0,-,-,-,-,3034.2000,3034.0000,3033.4000,3033.0000,3032.8000,3035.4000,3036.2000,3036.6000,3036.8000,3038.0000,1,1,1,2,1,1,1,2,1,2
SF,IH2006,2019-12-20 09:31:52.900,3035.2000,5291,0,29137560.000,0,-,-,-,-,3034.2000,3034.0000,3033.4000,3033.0000,3032.8000,3035.4000,3036.2000,3036.6000,3036.8000,3038.0000,1,1,1,2,1,1,2,2,1,2
SF,IH2006,2019-12-20 09:31:53.400,3035.2000,5291,0,29137560.000,0,-,-,-,-,3033.4000,3033.0000,3032.8000,3027.8000,3020.2000,3035.2000,3035.4000,3036.2000,3036.6000,3036.8000,1,2,1,1,2,1,1,2,2,1
SF,IH2006,2019-12-20 09:31:53.900,3035.2000,5291,0,29137560.000,0,-,-,-,-,3033.6000,3033.4000,3033.0000,3032.8000,3027.8000,3035.2000,3035.4000,3036.2000,3036.6000,3036.8000,1,1,2,1,1,1,1,2,2,1
SF,IH2006,2019-12-20 09:31:54.400,3035.2000,5291,0,29137560.000,0,-,-,-,-,3033.6000,3033.4000,3033.0000,3032.8000,3027.8000,3035.0000,3035.2000,3035.4000,3036.2000,3036.6000,1,1,2,1,1,1,1,1,2,2
SF,IH2006,2019-12-20 09:31:58.400,3035.2000,5291,0,29137560.000,0,-,-,-,-,3033.6000,3033.4000,3033.0000,3032.8000,3027.8000,3035.0000,3035.2000,3035.4000,3036.2000,3036.6000,2,1,2,1,1,1,1,1,2,2
SF,IH2006,2019-12-20 09:31:58.900,3035.2000,5291,0,29137560.000,0,-,-,-,-,3033.6000,3033.4000,3033.0000,3032.8000,3027.8000,3035.2000,3035.4000,3036.2000,3036.6000,3036.8000,2,1,2,1,1,1,1,2,2,1
SF,IH2006,2019-12-20 09:32:01.400,3035.2000,5291,0,29137560.000,0,-,-,-,-,3033.6000,3033.4000,3033.0000,3032.8000,3027.8000,3035.2000,3035.4000,3036.2000,3036.6000,3036.8000,2,1,2,1,1,1,1,1,2,1
SF,IH2006,2019-12-20 09:32:01.900,3035.2000,5291,0,29137560.000,0,-,-,-,-,3033.6000,3033.4000,3033.0000,3032.8000,3027.8000,3035.0000,3035.4000,3036.2000,3036.6000,3036.8000,2,1,2,1,1,1,1,2,2,1
SF,IH2006,2019-12-20 09:32:04.400,3035.2000,5291,0,29137560.000,0,-,-,-,-,3033.6000,3033.4000,3033.0000,3032.8000,3027.8000,3035.0000,3035.4000,3036.2000,3036.6000,3036.8000,2,1,2,1,1,1,1,1,2,1
SF,IH2006,2019-12-20 09:32:05.400,3035.2000,5291,0,29137560.000,0,-,-,-,-,3033.6000,3033.4000,3033.0000,3032.8000,3027.8000,3035.0000,3035.4000,3036.0000,3036.2000,3036.6000,2,1,2,1,1,1,1,1,1,2
SF,IH2006,2019-12-20 09:32:06.900,3035.2000,5291,0,29137560.000,0,-,-,-,-,3033.6000,3033.4000,3033.0000,3032.8000,3027.8000,3035.0000,3035.4000,3036.2000,3036.6000,3036.8000,2,1,2,1,1,1,1,1,2,1
SF,IH2006,2019-12-20 09:32:07.900,3035.2000,5291,0,29137560.000,0,-,-,-,-,3033.6000,3033.4000,3033.0000,3032.8000,3027.8000,3035.0000,3035.4000,3036.0000,3036.2000,3036.6000,2,1,2,1,1,1,1,1,1,2
SF,IH2006,2019-12-20 09:32:08.400,3035.2000,5291,0,29137560.000,0,-,-,-,-,3033.6000,3033.4000,3033.0000,3032.8000,3027.8000,3035.4000,3036.2000,3036.6000,3036.8000,3038.0000,2,1,2,1,1,1,1,2,1,2
SF,IH2006,2019-12-20 09:32:08.900,3035.2000,5291,0,29137560.000,0,-,-,-,-,3033.6000,3033.4000,3033.0000,3032.8000,3027.8000,3035.2000,3035.4000,3035.6000,3036.2000,3036.6000,2,1,2,1,1,2,1,1,1,2
SF,IH2006,2019-12-20 09:32:09.400,3035.2000,5291,0,29137560.000,0,-,-,-,-,3033.6000,3033.4000,3033.0000,3032.8000,3027.8000,3035.2000,3035.6000,3036.2000,3036.6000,3036.8000,2,1,2,1,1,2,1,1,2,1
SF,IH2006,2019-12-20 09:32:09.900,3035.2000,5291,0,29137560.000,0,-,-,-,-,3033.6000,3033.4000,3033.0000,3032.8000,3027.8000,3034.6000,3035.2000,3035.6000,3036.2000,3036.6000,2,1,2,1,1,1,2,1,1,2
SF,IH2006,2019-12-20 09:32:10.400,3035.2000,5291,0,29137560.000,0,-,-,-,-,3033.6000,3033.4000,3033.0000,3032.8000,3027.8000,3034.6000,3035.2000,3035.6000,3036.2000,3036.6000,2,1,2,1,1,1,1,1,1,2
SF,IH2006,2019-12-20 09:32:10.900,3035.2000,5291,0,29137560.000,0,-,-,-,-,3033.6000,3033.4000,3033.0000,3032.8000,3027.8000,3035.2000,3035.6000,3036.2000,3036.6000,3036.8000,1,1,2,1,1,1,1,1,2,1
SF,IH2006,2019-12-20 09:32:11.400,3035.2000,5291,0,29137560.000,0,-,-,-,-,3033.6000,3033.4000,3033.0000,3032.8000,3027.8000,3035.0000,3035.2000,3035.6000,3036.2000,3036.6000,1,1,2,1,1,2,1,1,1,2
SF,IH2006,2019-12-20 09:32:11.900,3035.2000,5291,0,29137560.000,0,-,-,-,-,3033.4000,3033.0000,3032.8000,3027.8000,3020.2000,3034.8000,3035.0000,3035.6000,3036.2000,3036.6000,1,2,1,1,2,1,2,1,1,2
SF,IH2006,2019-12-20 09:32:12.400,3035.2000,5291,0,29137560.000,0,-,-,-,-,3033.4000,3033.0000,3032.8000,3027.8000,3020.2000,3034.8000,3035.0000,3035.6000,3036.2000,3036.6000,1,2,1,1,2,1,2,1,1,2
SF,IH2006,2019-12-20 09:32:12.900,3035.2000,5291,0,29137560.000,0,-,-,-,-,3033.6000,3033.4000,3033.0000,3032.8000,3027.8000,3034.6000,3034.8000,3035.0000,3035.6000,3036.2000,1,1,2,1,1,1,1,1,1,1
SF,IH2006,2019-12-20 09:32:14.400,3035.2000,5291,0,29137560.000,0,-,-,-,-,3033.8000,3033.6000,3033.4000,3033.0000,3032.8000,3034.8000,3035.0000,3035.6000,3036.2000,3036.6000,1,1,1,2,1,1,1,1,1,2
SF,IH2006,2019-12-20 09:32:14.900,3035.2000,5291,0,29137560.000,0,-,-,-,-,3033.8000,3033.6000,3033.4000,3033.0000,3032.8000,3035.0000,3035.6000,3036.2000,3036.6000,3036.8000,1,1,1,2,1,1,1,1,2,1
SF,IH2006,2019-12-20 09:32:15.900,3035.2000,5291,0,29137560.000,0,-,-,-,-,3033.8000,3033.6000,3033.4000,3033.0000,3032.8000,3034.8000,3035.0000,3035.6000,3036.2000,3036.6000,1,1,1,2,1,1,1,1,1,2
SF,IH2006,2019-12-20 09:32:16.400,3035.2000,5291,0,29137560.000,0,-,-,-,-,3033.8000,3033.6000,3033.4000,3033.0000,3032.8000,3034.8000,3035.0000,3035.6000,3036.2000,3036.6000,1,1,1,2,1,2,1,1,1,2
SF,IH2006,2019-12-20 09:32:16.900,3035.2000,5291,0,29137560.000,0,-,-,-,-,3033.8000,3033.6000,3033.4000,3033.0000,3032.8000,3034.8000,3035.6000,3036.2000,3036.6000,3036.8000,1,1,1,2,1,2,1,1,2,1
SF,IH2006,2019-12-20 09:32:17.400,3035.2000,5291,0,29137560.000,0,-,-,-,-,3033.8000,3033.6000,3033.4000,3033.0000,3032.8000,3034.6000,3034.8000,3035.6000,3036.2000,3036.6000,1,1,1,2,1,1,2,1,1,2
SF,IH2006,2019-12-20 09:32:18.900,3035.2000,5291,0,29137560.000,0,-,-,-,-,3033.8000,3033.6000,3033.4000,3033.0000,3032.8000,3034.6000,3034.8000,3035.6000,3036.2000,3036.6000,1,1,1,2,1,1,1,1,1,2
SF,IH2006,2019-12-20 09:32:22.900,3035.2000,5291,0,29137560.000,0,-,-,-,-,3033.8000,3033.6000,3033.4000,3033.0000,3032.8000,3034.6000,3035.6000,3036.2000,3036.6000,3036.8000,1,1,1,1,1,1,1,1,2,1
SF,IH2006,2019-12-20 09:32:23.400,3035.2000,5291,0,29137560.000,0,-,-,-,-,3033.8000,3033.6000,3033.4000,3033.0000,3032.8000,3035.6000,3036.2000,3036.6000,3036.8000,3038.0000,1,1,1,1,1,1,1,2,1,2
SF,IH2006,2019-12-20 09:32:23.900,3035.2000,5291,0,29137560.000,0,-,-,-,-,3033.8000,3033.6000,3033.4000,3033.0000,3032.8000,3035.2000,3035.4000,3035.6000,3036.2000,3036.6000,1,1,1,1,1,1,4,1,1,2
SF,IH2006,2019-12-20 09:32:24.400,3035.2000,5291,0,29137560.000,0,-,-,-,-,3033.8000,3033.6000,3033.4000,3033.0000,3032.8000,3035.0000,3035.2000,3035.4000,3035.6000,3036.2000,1,1,1,1,1,1,1,3,1,1
SF,IH2006,2019-12-20 09:32:25.400,3035.2000,5291,0,29137560.000,0,-,-,-,-,3033.8000,3033.6000,3033.4000,3033.0000,3032.8000,3034.8000,3035.0000,3035.2000,3035.4000,3035.6000,1,1,1,1,1,1,1,1,1,1
SF,IH2006,2019-12-20 09:32:25.900,3035.2000,5291,0,29137560.000,0,-,-,-,-,3033.8000,3033.6000,3033.4000,3033.0000,3032.8000,3034.8000,3035.0000,3035.6000,3036.2000,3036.6000,1,1,1,1,1,1,1,1,1,2
SF,IH2006,2019-12-20 09:32:26.900,3033.8000,5292,1,30047700.000,1,1,0,双开,S,3033.6000,3033.4000,3033.0000,3032.8000,3027.8000,3035.0000,3035.6000,3036.2000,3036.6000,3036.8000,1,1,1,1,1,1,1,1,2,1
SF,IH2006,2019-12-20 09:32:27.900,3033.8000,5292,0,30047700.000,0,-,-,-,-,3033.6000,3033.4000,3033.0000,3032.8000,3027.8000,3034.8000,3035.0000,3035.6000,3036.2000,3036.6000,1,1,1,1,1,1,1,1,1,2
SF,IH2006,2019-12-20 09:32:29.400,3033.8000,5292,0,30047700.000,0,-,-,-,-,3033.6000,3033.4000,3033.0000,3032.8000,3027.8000,3035.0000,3035.6000,3036.2000,3036.6000,3036.8000,1,1,1,1,1,1,1,1,2,1
SF,IH2006,2019-12-20 09:32:29.900,3033.8000,5292,0,30047700.000,0,-,-,-,-,3033.6000,3033.4000,3033.0000,3032.8000,3027.8000,3034.8000,3035.0000,3035.6000,3036.2000,3036.6000,1,1,1,1,1,1,1,1,1,2
SF,IH2006,2019-12-20 09:32:30.400,3034.8000,5292,0,30958140.000,1,0,1,多换,S,3033.6000,3033.4000,3033.0000,3032.8000,3027.8000,3035.0000,3035.6000,3036.2000,3036.6000,3036.8000,1,1,1,1,1,1,1,1,2,1
SF,IH2006,2019-12-20 09:32:30.900,3034.8000,5292,0,30958140.000,0,-,-,-,-,3033.8000,3033.6000,3033.4000,3033.0000,3032.8000,3035.0000,3035.6000,3036.2000,3036.6000,3036.8000,1,1,1,1,1,1,1,1,2,1
SF,IH2006,2019-12-20 09:32:31.900,3034.8000,5292,0,30958140.000,0,-,-,-,-,3033.6000,3033.4000,3033.0000,3032.8000,3027.8000,3034.8000,3035.0000,3035.6000,3036.2000,3036.6000,1,1,1,1,1,1,1,1,1,2
SF,IH2006,2019-12-20 09:32:33.900,3033.6000,5291,-1,31868220.000,1,0,1,双平,S,3033.4000,3033.0000,3032.8000,3027.8000,3020.2000,3034.8000,3035.0000,3035.6000,3036.2000,3036.6000,1,1,1,1,2,1,1,1,1,2
SF,IH2006,2019-12-20 09:32:34.400,3033.6000,5291,0,31868220.000,0,-,-,-,-,3033.4000,3033.0000,3032.8000,3027.8000,3020.2000,3034.4000,3034.6000,3034.8000,3035.6000,3036.2000,1,1,1,1,2,1,1,1,1,1
SF,IH2006,2019-12-20 09:32:34.900,3033.6000,5291,0,31868220.000,0,-,-,-,-,3033.4000,3033.0000,3032.8000,3027.8000,3020.2000,3034.2000,3034.8000,3035.6000,3036.2000,3036.6000,1,1,1,1,2,1,1,1,1,2
SF,IH2006,2019-12-20 09:32:35.400,3033.6000,5291,0,31868220.000,0,-,-,-,-,3033.4000,3033.0000,3027.8000,3020.2000,3017.2000,3034.2000,3034.8000,3035.6000,3036.2000,3036.6000,1,1,1,2,1,1,1,1,1,2
SF,IH2006,2019-12-20 09:32:35.900,3033.6000,5291,0,31868220.000,0,-,-,-,-,3033.4000,3033.0000,3027.8000,3020.2000,3017.2000,3034.0000,3034.2000,3034.8000,3035.6000,3036.2000,1,1,1,2,1,1,1,1,1,1
SF,IH2006,2019-12-20 09:32:36.400,3033.4000,5291,0,32778240.000,1,0,1,多换,S,3033.0000,3027.8000,3020.2000,3017.2000,3003.0000,3033.8000,3034.8000,3035.6000,3036.2000,3036.6000,1,1,2,1,1,1,1,1,1,2
SF,IH2006,2019-12-20 09:32:36.900,3033.4000,5291,0,32778240.000,0,-,-,-,-,3033.0000,3027.8000,3020.2000,3017.2000,3003.0000,3033.8000,3035.6000,3036.6000,3036.8000,3038.0000,1,1,2,1,1,1,1,2,1,2
SF,IH2006,2019-12-20 09:32:37.400,3033.6000,5290,-1,33688320.000,1,0,1,双平,S,3033.0000,3027.8000,3020.2000,3017.2000,3003.0000,3033.8000,3034.6000,3035.6000,3036.6000,3036.8000,1,1,2,1,1,1,1,1,2,1
SF,IH2006,2019-12-20 09:32:37.900,3033.6000,5290,0,33688320.000,0,-,-,-,-,3033.0000,3027.8000,3020.2000,3017.2000,3003.0000,3033.8000,3034.6000,3035.6000,3036.6000,3036.8000,1,1,2,1,1,1,1,1,2,1
SF,IH2006,2019-12-20 09:32:38.400,3033.0000,5290,0,34598220.000,1,0,1,多换,S,3027.8000,3020.2000,3017.2000,3003.0000,3000.0000,3033.8000,3034.6000,3035.6000,3036.6000,3036.8000,1,2,1,1,2,1,1,1,2,1
SF,IH2006,2019-12-20 09:32:38.900,3033.0000,5290,0,34598220.000,0,-,-,-,-,3028.6000,3028.2000,3028.0000,3027.8000,3020.2000,3033.8000,3034.6000,3035.6000,3036.6000,3036.8000,3,1,6,1,2,1,1,1,2,1
SF,IH2006,2019-12-20 09:32:39.400,3033.0000,5290,0,34598220.000,0,-,-,-,-,3029.0000,3028.8000,3028.6000,3028.2000,3028.0000,3033.8000,3034.6000,3035.6000,3036.6000,3036.8000,1,5,3,1,4,1,1,1,2,1
SF,IH2006,2019-12-20 09:32:39.900,3033.0000,5290,0,34598220.000,0,-,-,-,-,3029.2000,3029.0000,3028.8000,3028.6000,3028.2000,3033.8000,3034.6000,3035.6000,3036.6000,3036.8000,5,1,3,3,1,1,1,1,2,1
SF,IH2006,2019-12-20 09:32:40.400,3033.0000,5290,0,34598220.000,0,-,-,-,-,3030.2000,3029.2000,3029.0000,3028.8000,3028.6000,3033.8000,3034.6000,3035.6000,3036.6000,3036.8000,1,5,1,3,3,1,1,1,2,1
SF,IH2006,2019-12-20 09:32:40.900,3033.0000,5290,0,34598220.000,0,-,-,-,-,3030.4000,3030.2000,3029.2000,3029.0000,3028.8000,3033.8000,3034.6000,3035.6000,3036.6000,3036.8000,6,1,3,1,3,1,1,1,2,1
SF,IH2006,2019-12-20 09:32:41.400,3033.0000,5290,0,34598220.000,0,-,-,-,-,3030.6000,3030.4000,3029.2000,3029.0000,3028.8000,3033.8000,3034.6000,3035.6000,3036.6000,3036.8000,1,6,3,1,3,1,1,1,2,1
SF,IH2006,2019-12-20 09:32:41.900,3033.0000,5290,0,34598220.000,0,-,-,-,-,3031.0000,3030.8000,3030.6000,3030.4000,3029.2000,3033.8000,3034.6000,3035.6000,3036.6000,3036.8000,1,3,1,5,3,1,1,1,2,1
SF,IH2006,2019-12-20 09:32:42.400,3033.0000,5290,0,34598220.000,0,-,-,-,-,3031.2000,3031.0000,3030.8000,3030.6000,3030.4000,3033.8000,3034.6000,3035.6000,3036.6000,3036.8000,4,1,2,1,5,1,1,1,2,1
SF,IH2006,2019-12-20 09:32:42.900,3033.0000,5290,0,34598220.000,0,-,-,-,-,3031.4000,3031.2000,3030.8000,3030.6000,3030.4000,3033.8000,3034.6000,3035.6000,3036.6000,3036.8000,1,4,2,1,5,1,1,1,2,1
SF,IH2006,2019-12-20 09:32:43.400,3033.0000,5290,0,34598220.000,0,-,-,-,-,3031.6000,3031.4000,3031.2000,3030.8000,3030.6000,3033.8000,3034.6000,3035.6000,3036.6000,3036.8000,4,1,3,2,1,1,1,1,2,1
SF,IH2006,2019-12-20 09:32:43.900,3033.0000,5290,0,34598220.000,0,-,-,-,-,3031.6000,3031.2000,3030.8000,3030.6000,3030.4000,3033.8000,3034.6000,3035.6000,3036.6000,3036.8000,4,3,2,1,3,1,1,1,2,1
SF,IH2006,2019-12-20 09:32:44.400,3033.0000,5290,0,34598220.000,0,-,-,-,-,3031.8000,3031.6000,3031.2000,3030.8000,3030.6000,3033.8000,3034.6000,3035.6000,3036.6000,3036.8000,1,4,3,2,1,1,1,1,2,1
SF,IH2006,2019-12-20 09:32:44.900,3033.0000,5290,0,34598220.000,0,-,-,-,-,3032.0000,3031.8000,3031.6000,3031.2000,3030.8000,3033.8000,3034.6000,3035.6000,3036.6000,3036.8000,4,1,4,4,2,1,1,1,2,1
SF,IH2006,2019-12-20 09:32:45.400,3033.0000,5290,0,34598220.000,0,-,-,-,-,3032.0000,3031.8000,3031.6000,3031.2000,3030.8000,3033.8000,3034.6000,3035.6000,3036.6000,3036.8000,4,1,4,4,2,1,1,1,2,1
SF,IH2006,2019-12-20 09:32:45.900,3033.0000,5290,0,34598220.000,0,-,-,-,-,3032.0000,3031.8000,3031.6000,3031.2000,3030.8000,3033.6000,3033.8000,3034.6000,3035.6000,3036.6000,4,1,3,3,2,1,1,1,1,2
SF,IH2006,2019-12-20 09:32:46.400,3033.0000,5290,0,34598220.000,0,-,-,-,-,3032.2000,3032.0000,3031.6000,3031.2000,3030.8000,3033.4000,3033.6000,3034.6000,3035.6000,3036.6000,1,5,3,3,2,1,1,1,1,2
SF,IH2006,2019-12-20 09:32:46.900,3033.0000,5290,0,34598220.000,0,-,-,-,-,3032.4000,3032.2000,3032.0000,3031.6000,3031.2000,3033.4000,3034.6000,3035.6000,3036.6000,3036.8000,1,1,5,3,3,1,1,1,2,1
SF,IH2006,2019-12-20 09:32:47.400,3033.0000,5290,0,34598220.000,0,-,-,-,-,3032.4000,3032.2000,3032.0000,3031.6000,3031.2000,3033.4000,3034.6000,3035.6000,3036.6000,3036.8000,1,2,4,3,3,1,1,1,2,1
SF,IH2006,2019-12-20 09:32:47.900,3033.0000,5290,0,34598220.000,0,-,-,-,-,3032.6000,3032.4000,3032.2000,3032.0000,3031.6000,3033.4000,3034.6000,3035.6000,3036.6000,3036.8000,1,1,2,4,3,1,1,1,2,1
SF,IH2006,2019-12-20 09:32:48.400,3033.0000,5290,0,34598220.000,0,-,-,-,-,3032.6000,3032.4000,3032.2000,3032.0000,3031.8000,3033.4000,3034.6000,3035.6000,3036.6000,3036.8000,1,1,2,4,1,1,1,1,2,1
SF,IH2006,2019-12-20 09:32:48.900,3033.0000,5290,0,34598220.000,0,-,-,-,-,3032.6000,3032.4000,3032.2000,3032.0000,3031.8000,3033.4000,3034.6000,3035.6000,3036.6000,3036.8000,1,1,2,4,1,1,1,1,2,1
SF,IH2006,2019-12-20 09:32:49.400,3033.0000,5290,0,34598220.000,0,-,-,-,-,3032.6000,3032.4000,3032.2000,3032.0000,3031.8000,3033.4000,3034.6000,3035.6000,3036.6000,3036.8000,1,1,1,1,1,1,1,1,2,1
SF,IH2006,2019-12-20 09:32:49.900,3033.0000,5290,0,34598220.000,0,-,-,-,-,3032.6000,3032.2000,3032.0000,3031.8000,3031.6000,3033.4000,3034.6000,3035.6000,3036.6000,3036.8000,1,1,1,1,3,1,1,1,2,1
SF,IH2006,2019-12-20 09:32:50.400,3033.0000,5290,0,34598220.000,0,-,-,-,-,3032.6000,3032.2000,3032.0000,3031.8000,3031.6000,3033.4000,3034.6000,3035.6000,3036.6000,3036.8000,1,1,1,1,3,1,1,1,2,1
SF,IH2006,2019-12-20 09:32:50.900,3033.0000,5290,0,34598220.000,0,-,-,-,-,3032.6000,3032.2000,3032.0000,3031.8000,3031.6000,3033.4000,3034.6000,3035.6000,3036.6000,3036.8000,1,1,1,1,3,1,1,1,2,1
SF,IH2006,2019-12-20 09:32:53.900,3033.0000,5290,0,34598220.000,0,-,-,-,-,3032.6000,3032.2000,3032.0000,3031.8000,3031.6000,3033.4000,3034.6000,3035.6000,3036.6000,3036.8000,1,1,1,1,3,1,1,1,2,1
SF,IH2006,2019-12-20 09:32:57.900,3032.6000,5289,-1,35508000.000,1,0,1,双平,S,3032.2000,3032.0000,3031.8000,3031.6000,3031.2000,3033.4000,3034.6000,3035.6000,3036.6000,3036.8000,1,1,1,3,2,1,1,1,2,1
SF,IH2006,2019-12-20 09:32:58.400,3032.6000,5289,0,35508000.000,0,-,-,-,-,3032.2000,3032.0000,3031.8000,3031.6000,3031.2000,3033.2000,3033.4000,3034.6000,3035.6000,3036.6000,1,1,1,2,2,1,1,1,1,2
SF,IH2006,2019-12-20 09:32:58.900,3032.6000,5289,0,35508000.000,0,-,-,-,-,3032.2000,3031.8000,3031.6000,3031.2000,3030.8000,3033.0000,3033.2000,3034.6000,3035.6000,3036.6000,1,1,2,2,2,1,1,1,1,2
SF,IH2006,2019-12-20 09:32:59.900,3032.6000,5289,0,35508000.000,0,-,-,-,-,3031.8000,3031.6000,3031.2000,3030.8000,3030.6000,3033.0000,3033.2000,3034.6000,3035.6000,3036.6000,1,2,2,2,1,1,1,1,1,2
SF,IH2006,2019-12-20 09:33:00.400,3032.6000,5289,0,35508000.000,0,-,-,-,-,3031.8000,3031.6000,3031.2000,3030.8000,3030.6000,3032.8000,3033.0000,3033.2000,3034.6000,3035.6000,1,2,2,2,1,1,1,1,1,1
SF,IH2006,2019-12-20 09:33:01.400,3032.8000,5288,-1,36417840.000,1,0,1,双平,S,3032.0000,3031.8000,3031.6000,3031.2000,3030.8000,3033.0000,3033.2000,3034.6000,3035.6000,3036.6000,1,1,2,2,2,1,1,1,1,2
SF,IH2006,2019-12-20 09:33:01.900,3032.8000,5288,0,36417840.000,0,-,-,-,-,3032.0000,3031.8000,3031.6000,3031.2000,3030.8000,3033.0000,3033.2000,3034.6000,3035.6000,3036.6000,1,1,2,2,2,1,1,1,1,2
SF,IH2006,2019-12-20 09:33:02.400,3032.8000,5288,0,36417840.000,0,-,-,-,-,3032.6000,3032.0000,3031.8000,3031.6000,3031.2000,3033.0000,3033.2000,3034.6000,3035.6000,3036.6000,2,1,1,2,2,1,1,1,1,2
SF,IH2006,2019-12-20 09:33:02.900,3032.6000,5288,0,38237400.000,2,1,1,多换,S,3032.2000,3032.0000,3031.8000,3031.6000,3031.2000,3033.0000,3033.2000,3034.6000,3035.6000,3036.6000,1,1,1,2,2,1,1,1,1,2
SF,IH2006,2019-12-20 09:33:03.900,3032.6000,5288,0,38237400.000,0,-,-,-,-,3032.4000,3032.2000,3032.0000,3031.8000,3031.6000,3033.0000,3033.2000,3034.6000,3035.6000,3036.6000,1,1,1,1,2,1,1,1,1,2
SF,IH2006,2019-12-20 09:33:04.400,3032.4000,5288,0,39147120.000,1,0,1,多换,S,3032.2000,3032.0000,3031.8000,3031.6000,3031.2000,3033.0000,3033.2000,3034.6000,3035.6000,3036.6000,1,1,1,2,2,1,1,1,1,2
SF,IH2006,2019-12-20 09:33:05.400,3032.4000,5288,0,39147120.000,0,-,-,-,-,3032.4000,3032.2000,3032.0000,3031.8000,3031.6000,3033.0000,3033.2000,3034.6000,3035.6000,3036.6000,1,1,1,1,2,1,1,1,1,2
SF,IH2006,2019-12-20 09:33:06.900,3032.4000,5288,0,39147120.000,0,-,-,-,-,3032.4000,3032.2000,3031.8000,3031.6000,3031.2000,3033.0000,3034.6000,3035.6000,3036.6000,3036.8000,1,1,1,2,2,1,1,1,2,1
SF,IH2006,2019-12-20 09:33:09.400,3032.4000,5288,0,39147120.000,0,-,-,-,-,3032.6000,3032.4000,3031.8000,3031.6000,3031.2000,3033.0000,3034.6000,3035.6000,3036.6000,3036.8000,1,1,1,2,2,1,1,1,2,1
SF,IH2006,2019-12-20 09:33:09.900,3033.0000,5288,0,40057020.000,1,0,1,多换,S,3032.6000,3032.4000,3031.8000,3031.6000,3031.2000,3034.6000,3035.6000,3036.6000,3036.8000,3038.0000,1,1,1,2,2,1,1,2,1,2
SF,IH2006,2019-12-20 09:33:10.400,3033.0000,5288,0,40057020.000,0,-,-,-,-,3032.6000,3032.4000,3031.8000,3031.6000,3031.2000,3034.4000,3034.6000,3035.6000,3036.6000,3036.8000,1,1,1,2,2,2,1,1,2,1
SF,IH2006,2019-12-20 09:33:10.900,3033.0000,5288,0,40057020.000,0,-,-,-,-,3032.6000,3032.4000,3031.8000,3031.6000,3031.2000,3034.4000,3034.6000,3035.6000,3036.6000,3036.8000,1,1,1,2,2,2,1,1,2,1
SF,IH2006,2019-12-20 09:33:11.400,3033.0000,5288,0,40057020.000,0,-,-,-,-,3032.6000,3032.4000,3031.8000,3031.6000,3031.2000,3034.4000,3034.6000,3035.6000,3036.6000,3036.8000,1,1,1,2,2,2,1,1,2,1
SF,IH2006,2019-12-20 09:33:11.900,3033.0000,5288,0,40057020.000,0,-,-,-,-,3032.4000,3031.8000,3031.6000,3031.2000,3030.8000,3034.4000,3034.6000,3035.6000,3036.6000,3036.8000,1,1,2,2,2,2,1,1,2,1
SF,IH2006,2019-12-20 09:33:13.900,3033.0000,5288,0,40057020.000,0,-,-,-,-,3033.4000,3032.4000,3031.8000,3031.6000,3031.2000,3034.4000,3034.6000,3035.6000,3036.6000,3036.8000,1,1,1,2,2,2,1,1,2,1
SF,IH2006,2019-12-20 09:33:14.400,3033.4000,5288,0,40967040.000,1,0,1,多换,S,3032.4000,3031.8000,3031.2000,3030.8000,3030.6000,3034.4000,3034.6000,3035.6000,3036.6000,3036.8000,1,1,2,2,1,2,1,1,2,1
SF,IH2006,2019-12-20 09:33:16.900,3033.4000,5288,0,40967040.000,0,-,-,-,-,3032.4000,3031.8000,3031.2000,3030.8000,3030.6000,3034.2000,3034.4000,3034.6000,3035.6000,3036.6000,2,1,2,2,1,2,2,1,1,2
SF,IH2006,2019-12-20 09:33:17.400,3033.4000,5288,0,40967040.000,0,-,-,-,-,3032.4000,3031.8000,3031.2000,3030.8000,3030.6000,3034.0000,3034.4000,3034.6000,3035.6000,3036.6000,2,1,2,2,1,1,1,1,1,2
SF,IH2006,2019-12-20 09:33:24.900,3033.4000,5288,0,40967040.000,0,-,-,-,-,3033.0000,3032.4000,3031.8000,3031.2000,3030.8000,3034.0000,3034.4000,3034.6000,3035.6000,3036.6000,1,2,1,2,2,1,1,1,1,2
SF,IH2006,2019-12-20 09:33:26.400,3033.0000,5288,0,41876940.000,1,0,1,多换,S,3032.4000,3031.8000,3031.2000,3030.8000,3030.6000,3034.0000,3034.4000,3034.6000,3035.6000,3036.6000,2,1,2,2,1,1,1,1,1,2
SF,IH2006,2019-12-20 09:33:26.900,3033.0000,5288,0,41876940.000,0,-,-,-,-,3032.6000,3032.4000,3031.8000,3031.2000,3030.8000,3034.0000,3034.4000,3034.6000,3035.6000,3036.6000,1,2,1,2,2,1,1,1,1,2
SF,IH2006,2019-12-20 09:33:28.900,3033.0000,5288,0,41876940.000,0,-,-,-,-,3032.6000,3032.4000,3031.8000,3031.2000,3030.8000,3034.0000,3034.4000,3034.6000,3035.6000,3036.6000,1,1,1,2,2,1,1,1,1,2
SF,IH2006,2019-12-20 09:33:31.900,3033.0000,5288,0,41876940.000,0,-,-,-,-,3032.6000,3032.4000,3031.8000,3031.2000,3030.8000,3034.0000,3034.4000,3035.6000,3036.6000,3036.8000,1,1,1,2,2,1,1,1,2,1
SF,IH2006,2019-12-20 09:33:32.400,3033.0000,5288,0,41876940.000,0,-,-,-,-,3032.8000,3032.6000,3032.4000,3031.8000,3031.2000,3033.8000,3034.4000,3035.6000,3036.6000,3036.8000,1,1,1,1,2,1,1,1,2,1
SF,IH2006,2019-12-20 09:33:33.400,3033.0000,5288,0,41876940.000,0,-,-,-,-,3032.6000,3032.4000,3031.8000,3031.2000,3030.8000,3033.8000,3034.4000,3035.6000,3036.6000,3036.8000,1,1,1,2,2,1,1,1,2,1
SF,IH2006,2019-12-20 09:33:33.900,3033.0000,5288,0,41876940.000,0,-,-,-,-,3032.8000,3032.6000,3032.4000,3031.8000,3031.2000,3033.8000,3034.4000,3035.6000,3036.6000,3036.8000,1,1,1,1,2,1,1,1,2,1
SF,IH2006,2019-12-20 09:33:34.400,3033.0000,5288,0,41876940.000,0,-,-,-,-,3033.0000,3032.8000,3032.4000,3031.8000,3031.2000,3033.8000,3034.4000,3035.6000,3036.6000,3036.8000,1,1,1,1,2,1,1,1,2,1
SF,IH2006,2019-12-20 09:33:35.400,3033.0000,5288,0,41876940.000,0,-,-,-,-,3033.0000,3032.8000,3032.4000,3031.8000,3031.2000,3033.8000,3034.4000,3035.6000,3036.6000,3036.8000,1,2,1,1,2,1,1,1,2,1
SF,IH2006,2019-12-20 09:33:35.900,3033.0000,5288,0,41876940.000,0,-,-,-,-,3033.0000,3032.8000,3032.4000,3031.8000,3031.2000,3033.8000,3034.4000,3035.6000,3036.6000,3036.8000,1,2,1,1,2,1,1,1,2,1
SF,IH2006,2019-12-20 09:33:36.400,3033.0000,5288,0,41876940.000,0,-,-,-,-,3033.0000,3032.8000,3032.4000,3031.8000,3031.2000,3033.8000,3034.4000,3035.6000,3036.6000,3036.8000,1,2,1,1,2,1,1,1,2,1
SF,IH2006,2019-12-20 09:33:36.900,3033.8000,5287,-1,42787080.000,1,0,1,双平,S,3033.0000,3032.8000,3032.4000,3031.8000,3031.2000,3034.4000,3035.6000,3036.6000,3036.8000,3038.0000,1,2,1,1,2,1,1,2,1,2
SF,IH2006,2019-12-20 09:33:37.400,3033.8000,5287,0,42787080.000,0,-,-,-,-,3033.2000,3033.0000,3032.8000,3032.4000,3031.2000,3035.6000,3036.6000,3036.8000,3038.0000,3038.4000,1,1,2,1,2,1,2,1,2,1
SF,IH2006,2019-12-20 09:33:37.900,3033.8000,5287,0,42787080.000,0,-,-,-,-,3033.4000,3033.2000,3032.8000,3032.4000,3032.2000,3035.2000,3035.4000,3035.6000,3036.6000,3036.8000,1,1,2,1,1,1,1,1,2,1
SF,IH2006,2019-12-20 09:33:38.400,3033.8000,5287,0,42787080.000,0,-,-,-,-,3033.6000,3033.4000,3033.2000,3032.8000,3032.4000,3035.2000,3035.6000,3036.6000,3036.8000,3038.0000,1,1,1,2,1,1,1,2,1,2
SF,IH2006,2019-12-20 09:33:38.900,3033.8000,5287,0,42787080.000,0,-,-,-,-,3033.8000,3033.6000,3033.2000,3032.8000,3032.4000,3035.2000,3035.6000,3036.6000,3036.8000,3038.0000,1,1,1,1,1,1,1,2,1,2
SF,IH2006,2019-12-20 09:33:39.400,3033.8000,5287,0,42787080.000,0,-,-,-,-,3033.8000,3033.6000,3032.8000,3032.4000,3031.2000,3035.2000,3035.6000,3036.6000,3036.8000,3038.0000,1,1,1,1,2,1,1,2,1,2
SF,IH2006,2019-12-20 09:33:39.900,3033.8000,5287,0,42787080.000,0,-,-,-,-,3033.8000,3032.8000,3032.4000,3031.2000,3030.8000,3035.2000,3035.6000,3036.6000,3036.8000,3038.0000,1,1,1,2,2,1,1,2,1,2
SF,IH2006,2019-12-20 09:33:48.400,3033.8000,5287,0,42787080.000,0,-,-,-,-,3033.8000,3032.8000,3032.4000,3031.8000,3031.2000,3035.2000,3035.6000,3036.6000,3036.8000,3038.0000,1,1,1,1,2,2,1,2,1,2
SF,IH2006,2019-12-20 09:33:48.900,3033.8000,5287,0,42787080.000,0,-,-,-,-,3033.8000,3032.8000,3032.4000,3031.8000,3031.2000,3035.0000,3035.2000,3035.6000,3036.6000,3036.8000,1,1,1,1,2,1,2,1,2,1
SF,IH2006,2019-12-20 09:33:50.400,3033.8000,5287,0,42787080.000,0,-,-,-,-,3033.8000,3032.8000,3032.4000,3031.8000,3031.2000,3035.0000,3035.2000,3035.6000,3036.6000,3036.8000,1,1,1,1,2,1,2,1,2,1
SF,IH2006,2019-12-20 09:33:53.400,3033.8000,5287,0,42787080.000,0,-,-,-,-,3033.8000,3032.4000,3031.8000,3031.2000,3030.8000,3035.0000,3035.2000,3035.6000,3036.6000,3036.8000,1,1,1,2,2,1,2,1,2,1
SF,IH2006,2019-12-20 09:33:53.900,3033.8000,5287,0,42787080.000,0,-,-,-,-,3033.8000,3031.8000,3031.2000,3030.8000,3030.6000,3035.0000,3035.2000,3035.6000,3036.6000,3036.8000,1,1,2,2,1,1,2,1,2,1
SF,IH2006,2019-12-20 09:33:54.400,3033.8000,5287,0,42787080.000,0,-,-,-,-,3031.8000,3031.2000,3030.8000,3030.6000,3030.4000,3035.0000,3035.2000,3035.6000,3036.6000,3036.8000,1,2,2,1,2,1,2,1,2,1
SF,IH2006,2019-12-20 09:33:54.900,3033.8000,5287,0,42787080.000,0,-,-,-,-,3032.0000,3031.8000,3031.2000,3030.8000,3030.6000,3035.0000,3035.2000,3035.6000,3036.6000,3036.8000,4,1,2,2,1,1,2,1,2,1
SF,IH2006,2019-12-20 09:33:55.400,3033.8000,5287,0,42787080.000,0,-,-,-,-,3032.0000,3031.8000,3031.2000,3030.8000,3030.6000,3035.0000,3035.2000,3035.6000,3036.6000,3036.8000,4,1,2,2,1,1,2,1,2,1
SF,IH2006,2019-12-20 09:33:55.900,3033.8000,5287,0,42787080.000,0,-,-,-,-,3032.6000,3032.2000,3032.0000,3031.8000,3031.2000,3035.0000,3035.2000,3035.6000,3036.6000,3036.8000,1,2,4,1,2,1,2,1,2,1
SF,IH2006,2019-12-20 09:33:56.400,3033.8000,5287,0,42787080.000,0,-,-,-,-,3032.6000,3032.2000,3032.0000,3031.8000,3031.2000,3035.0000,3035.2000,3035.6000,3036.6000,3036.8000,1,2,4,1,2,1,2,1,2,1
SF,IH2006,2019-12-20 09:33:56.900,3033.8000,5287,0,42787080.000,0,-,-,-,-,3033.0000,3032.8000,3032.6000,3032.2000,3032.0000,3035.0000,3035.2000,3035.6000,3036.6000,3036.8000,1,4,1,2,3,1,2,1,2,1
SF,IH2006,2019-12-20 09:33:57.400,3033.8000,5287,0,42787080.000,0,-,-,-,-,3033.2000,3033.0000,3032.8000,3032.6000,3032.2000,3035.0000,3035.2000,3035.6000,3036.6000,3036.8000,1,2,4,1,1,1,2,1,2,1
SF,IH2006,2019-12-20 09:33:57.900,3033.8000,5287,0,42787080.000,0,-,-,-,-,3033.4000,3033.2000,3033.0000,3032.8000,3032.6000,3035.2000,3035.6000,3036.6000,3036.8000,3037.6000,1,2,2,3,1,2,1,2,1,1
SF,IH2006,2019-12-20 09:33:58.400,3033.8000,5287,0,42787080.000,0,-,-,-,-,3033.6000,3033.4000,3033.2000,3033.0000,3032.8000,3035.0000,3035.2000,3035.6000,3036.6000,3036.8000,1,1,1,2,3,1,2,1,2,1
SF,IH2006,2019-12-20 09:33:58.900,3033.8000,5287,0,42787080.000,0,-,-,-,-,3033.6000,3033.2000,3033.0000,3032.8000,3032.6000,3035.0000,3035.2000,3035.6000,3036.6000,3036.8000,1,1,2,1,1,1,2,1,2,1
SF,IH2006,2019-12-20 09:33:59.400,3033.8000,5287,0,42787080.000,0,-,-,-,-,3033.8000,3033.6000,3033.2000,3033.0000,3032.6000,3035.0000,3035.2000,3035.6000,3036.6000,3036.8000,1,1,1,2,1,1,2,1,2,1
SF,IH2006,2019-12-20 09:34:00.900,3033.8000,5287,0,42787080.000,0,-,-,-,-,3033.6000,3033.2000,3033.0000,3032.6000,3032.2000,3035.0000,3035.2000,3035.6000,3036.6000,3036.8000,1,1,1,1,1,1,2,1,2,1
SF,IH2006,2019-12-20 09:34:01.400,3033.8000,5287,0,42787080.000,0,-,-,-,-,3033.8000,3033.6000,3033.2000,3033.0000,3032.6000,3035.0000,3035.2000,3035.6000,3036.6000,3036.8000,1,1,1,1,1,1,2,1,2,1
SF,IH2006,2019-12-20 09:34:01.900,3033.8000,5287,0,42787080.000,0,-,-,-,-,3033.8000,3033.6000,3033.2000,3033.0000,3032.6000,3034.0000,3035.0000,3035.2000,3035.6000,3036.6000,1,1,1,1,1,1,1,2,1,2
SF,IH2006,2019-12-20 09:34:02.400,3034.0000,5286,-1,43697280.000,1,0,1,双平,S,3033.8000,3033.6000,3033.2000,3033.0000,3032.6000,3035.0000,3035.2000,3035.6000,3036.6000,3036.8000,1,1,1,1,1,1,2,1,2,1
SF,IH2006,2019-12-20 09:34:02.900,3034.0000,5286,0,43697280.000,0,-,-,-,-,3034.0000,3033.6000,3033.2000,3033.0000,3032.6000,3035.0000,3035.2000,3035.6000,3036.6000,3036.8000,1,1,1,1,1,1,2,1,2,1
SF,IH2006,2019-12-20 09:34:04.900,3034.0000,5286,0,43697280.000,0,-,-,-,-,3034.0000,3033.6000,3033.2000,3032.6000,3032.4000,3035.0000,3035.2000,3035.6000,3036.6000,3036.8000,1,1,1,1,1,1,2,1,2,1
SF,IH2006,2019-12-20 09:34:06.400,3034.0000,5286,0,43697280.000,0,-,-,-,-,3034.0000,3033.6000,3033.2000,3033.0000,3032.6000,3035.0000,3035.2000,3035.6000,3036.6000,3036.8000,1,1,1,1,1,1,2,1,2,1
SF,IH2006,2019-12-20 09:34:11.900,3035.0000,5285,-1,44607780.000,1,0,1,双平,S,3034.0000,3033.6000,3033.2000,3033.0000,3032.6000,3035.2000,3035.6000,3036.6000,3036.8000,3037.6000,1,1,1,1,1,2,1,2,1,1
SF,IH2006,2019-12-20 09:34:12.400,3035.0000,5285,0,44607780.000,0,-,-,-,-,3035.0000,3034.2000,3034.0000,3033.6000,3033.2000,3035.2000,3035.6000,3036.6000,3036.8000,3037.6000,1,1,1,1,1,2,1,2,1,1
SF,IH2006,2019-12-20 09:34:12.900,3035.0000,5285,0,45518280.000,1,0,1,多换,S,3034.2000,3034.0000,3033.6000,3033.2000,3033.0000,3035.2000,3035.6000,3036.6000,3036.8000,3037.6000,1,1,1,1,1,2,1,2,1,1
SF,IH2006,2019-12-20 09:34:13.400,3035.0000,5285,0,45518280.000,0,-,-,-,-,3034.4000,3034.2000,3034.0000,3033.2000,3033.0000,3035.2000,3035.6000,3036.6000,3036.8000,3037.6000,1,1,1,1,1,2,1,2,1,1
SF,IH2006,2019-12-20 09:34:13.900,3035.0000,5285,0,45518280.000,0,-,-,-,-,3034.4000,3034.2000,3034.0000,3033.0000,3032.6000,3035.2000,3035.6000,3036.6000,3036.8000,3037.6000,1,1,1,1,1,2,1,2,1,1
SF,IH2006,2019-12-20 09:34:14.400,3035.0000,5285,0,45518280.000,0,-,-,-,-,3034.4000,3034.2000,3034.0000,3033.0000,3032.4000,3035.2000,3035.6000,3036.6000,3036.8000,3037.6000,1,1,1,1,1,2,1,2,1,1
SF,IH2006,2019-12-20 09:34:16.400,3034.4000,5285,0,46428600.000,1,0,1,多换,S,3034.2000,3034.0000,3033.0000,3032.4000,3032.2000,3035.2000,3035.6000,3036.6000,3036.8000,3037.6000,1,1,1,1,1,2,1,2,1,1
SF,IH2006,2019-12-20 09:34:16.900,3034.4000,5285,0,46428600.000,0,-,-,-,-,3034.0000,3033.0000,3032.4000,3032.2000,3032.0000,3035.0000,3035.2000,3035.6000,3036.6000,3036.8000,1,1,1,1,2,2,2,1,2,1
SF,IH2006,2019-12-20 09:34:17.900,3034.4000,5285,0,46428600.000,0,-,-,-,-,3033.0000,3032.4000,3032.2000,3032.0000,3031.2000,3035.0000,3035.2000,3035.6000,3036.6000,3036.8000,1,1,1,2,2,2,1,1,2,1
SF,IH2006,2019-12-20 09:34:18.400,3034.4000,5285,0,46428600.000,0,-,-,-,-,3033.2000,3033.0000,3032.4000,3032.2000,3032.0000,3035.0000,3035.2000,3035.6000,3036.6000,3036.8000,1,1,1,1,2,2,1,1,2,1
SF,IH2006,2019-12-20 09:34:18.900,3034.4000,5285,0,46428600.000,0,-,-,-,-,3033.2000,3033.0000,3032.4000,3032.2000,3032.0000,3035.0000,3035.2000,3035.6000,3036.6000,3036.8000,1,1,1,1,2,2,1,1,2,1
SF,IH2006,2019-12-20 09:34:19.400,3035.0000,5285,0,48249600.000,2,1,1,多换,S,3033.2000,3033.0000,3032.4000,3032.2000,3032.0000,3034.0000,3035.2000,3035.6000,3036.6000,3036.8000,1,1,1,1,2,1,1,1,2,1
SF,IH2006,2019-12-20 09:34:19.900,3034.0000,5285,0,49159800.000,1,0,1,多换,S,3033.4000,3033.2000,3033.0000,3032.4000,3032.2000,3035.2000,3035.6000,3036.6000,3036.8000,3037.6000,1,1,1,1,1,1,1,2,1,1
SF,IH2006,2019-12-20 09:34:20.400,3034.0000,5285,0,49159800.000,0,-,-,-,-,3033.6000,3033.4000,3033.2000,3033.0000,3032.4000,3035.2000,3035.6000,3036.6000,3036.8000,3037.6000,1,1,1,1,1,1,1,2,1,1
SF,IH2006,2019-12-20 09:34:20.900,3034.0000,5285,0,49159800.000,0,-,-,-,-,3033.8000,3033.6000,3033.2000,3033.0000,3032.2000,3035.6000,3036.6000,3036.8000,3037.6000,3038.0000,1,1,1,1,1,1,2,1,1,2
SF,IH2006,2019-12-20 09:34:21.400,3034.0000,5285,0,49159800.000,0,-,-,-,-,3034.0000,3033.8000,3033.6000,3033.0000,3032.4000,3035.4000,3035.6000,3036.6000,3036.8000,3037.6000,1,1,1,1,1,2,1,2,1,1
SF,IH2006,2019-12-20 09:34:21.900,3034.0000,5285,0,49159800.000,0,-,-,-,-,3034.2000,3034.0000,3033.6000,3033.0000,3032.4000,3035.4000,3035.6000,3036.6000,3036.8000,3037.6000,1,1,2,1,1,2,1,2,1,1
SF,IH2006,2019-12-20 09:34:22.400,3034.0000,5285,0,49159800.000,0,-,-,-,-,3034.4000,3034.2000,3034.0000,3033.6000,3033.0000,3035.4000,3035.6000,3036.6000,3036.8000,3037.6000,1,1,1,1,1,2,1,2,1,1
SF,IH2006,2019-12-20 09:34:24.400,3034.0000,5285,0,49159800.000,0,-,-,-,-,3034.4000,3034.2000,3034.0000,3033.6000,3033.0000,3035.4000,3035.6000,3036.6000,3036.8000,3037.6000,1,1,1,1,1,2,1,2,1,1
SF,IH2006,2019-12-20 09:34:24.900,3034.0000,5285,0,49159800.000,0,-,-,-,-,3034.4000,3034.2000,3034.0000,3033.6000,3033.0000,3035.6000,3036.6000,3036.8000,3037.6000,3038.0000,1,1,1,1,1,1,2,1,1,2
SF,IH2006,2019-12-20 09:34:25.400,3034.0000,5285,0,49159800.000,0,-,-,-,-,3034.4000,3034.2000,3034.0000,3033.6000,3033.0000,3035.4000,3035.6000,3036.6000,3036.8000,3037.6000,1,1,1,1,1,1,1,2,1,1
SF,IH2006,2019-12-20 09:34:25.900,3034.0000,5285,0,49159800.000,0,-,-,-,-,3034.4000,3034.2000,3034.0000,3033.6000,3033.2000,3036.6000,3036.8000,3037.6000,3038.0000,3038.4000,1,1,1,1,1,2,1,1,2,1
SF,IH2006,2019-12-20 09:34:26.400,3034.0000,5285,0,49159800.000,0,-,-,-,-,3034.6000,3034.0000,3033.6000,3033.2000,3033.0000,3036.0000,3036.4000,3036.6000,3036.8000,3037.6000,1,1,1,1,1,1,4,3,1,1
SF,IH2006,2019-12-20 09:34:26.900,3034.0000,5285,0,49159800.000,0,-,-,-,-,3034.6000,3033.6000,3033.2000,3033.0000,3032.2000,3035.8000,3036.0000,3036.4000,3036.6000,3036.8000,1,1,1,1,1,1,1,4,3,1
SF,IH2006,2019-12-20 09:34:27.400,3034.0000,5285,0,49159800.000,0,-,-,-,-,3033.6000,3033.2000,3033.0000,3032.2000,3032.0000,3035.6000,3035.8000,3036.0000,3036.4000,3036.6000,1,1,1,1,2,2,1,1,3,3
SF,IH2006,2019-12-20 09:34:27.900,3034.0000,5285,0,49159800.000,0,-,-,-,-,3033.8000,3033.6000,3033.2000,3033.0000,3032.2000,3035.4000,3035.6000,3035.8000,3036.4000,3036.6000,2,1,1,1,1,1,1,1,3,3
SF,IH2006,2019-12-20 09:34:28.400,3034.0000,5285,0,49159800.000,0,-,-,-,-,3033.8000,3033.6000,3033.2000,3033.0000,3032.2000,3035.2000,3035.4000,3035.6000,3035.8000,3036.4000,2,1,1,1,1,1,1,1,1,3
SF,IH2006,2019-12-20 09:34:34.400,3034.0000,5285,0,49159800.000,0,-,-,-,-,3033.8000,3033.6000,3033.2000,3033.0000,3032.2000,3035.2000,3035.4000,3035.6000,3035.8000,3036.4000,2,1,1,1,1,1,1,1,1,3
SF,IH2006,2019-12-20 09:34:35.900,3033.8000,5285,0,50069940.000,1,0,1,多换,S,3033.8000,3033.6000,3033.2000,3033.0000,3032.2000,3035.2000,3035.4000,3035.6000,3035.8000,3036.4000,1,1,1,1,1,1,1,1,1,3
SF,IH2006,2019-12-20 09:34:36.400,3033.8000,5285,0,50069940.000,0,-,-,-,-,3033.6000,3033.2000,3033.0000,3032.2000,3032.0000,3035.4000,3035.6000,3035.8000,3036.4000,3036.6000,1,1,1,1,2,1,1,1,3,3
SF,IH2006,2019-12-20 09:34:36.900,3033.8000,5285,0,50069940.000,0,-,-,-,-,3033.6000,3033.2000,3033.0000,3032.2000,3032.0000,3035.4000,3035.6000,3035.8000,3036.4000,3036.6000,1,1,1,1,2,1,1,1,3,3
SF,IH2006,2019-12-20 09:34:37.400,3033.8000,5285,0,50069940.000,0,-,-,-,-,3033.8000,3033.6000,3033.2000,3033.0000,3032.2000,3035.2000,3035.4000,3035.6000,3035.8000,3036.4000,2,1,1,1,1,2,1,1,1,3
SF,IH2006,2019-12-20 09:34:41.900,3033.8000,5285,0,50069940.000,0,-,-,-,-,3033.8000,3033.6000,3033.2000,3033.0000,3032.2000,3035.0000,3035.2000,3035.4000,3035.6000,3035.8000,2,1,1,1,1,1,2,1,1,1
SF,IH2006,2019-12-20 09:34:42.400,3033.8000,5285,0,50069940.000,0,-,-,-,-,3033.8000,3033.6000,3033.2000,3033.0000,3032.2000,3035.0000,3035.4000,3035.6000,3035.8000,3036.4000,2,1,1,1,1,1,1,1,1,3
SF,IH2006,2019-12-20 09:34:43.400,3033.8000,5285,0,50069940.000,0,-,-,-,-,3033.8000,3033.6000,3033.2000,3033.0000,3032.2000,3035.0000,3035.6000,3035.8000,3036.4000,3036.6000,2,1,1,1,1,1,1,1,3,3
SF,IH2006,2019-12-20 09:34:44.400,3033.8000,5285,0,50069940.000,0,-,-,-,-,3034.0000,3033.8000,3033.6000,3033.2000,3033.0000,3035.0000,3035.6000,3035.8000,3036.4000,3036.6000,1,2,1,1,1,1,1,1,3,3
SF,IH2006,2019-12-20 09:34:44.900,3033.8000,5285,0,50069940.000,0,-,-,-,-,3034.2000,3034.0000,3033.8000,3033.6000,3033.2000,3035.0000,3035.6000,3035.8000,3036.4000,3036.6000,1,2,1,1,1,1,1,1,3,3
SF,IH2006,2019-12-20 09:34:45.400,3033.8000,5285,0,50069940.000,0,-,-,-,-,3034.2000,3034.0000,3033.8000,3033.6000,3033.2000,3035.0000,3035.6000,3035.8000,3036.4000,3036.6000,1,2,1,1,1,1,1,1,3,3
SF,IH2006,2019-12-20 09:34:45.900,3033.8000,5285,0,50069940.000,0,-,-,-,-,3034.2000,3034.0000,3033.6000,3033.2000,3033.0000,3035.0000,3035.6000,3035.8000,3036.4000,3036.6000,1,2,1,1,1,1,1,1,3,3
SF,IH2006,2019-12-20 09:34:46.900,3034.2000,5285,0,50980200.000,1,0,1,多换,S,3034.0000,3033.6000,3033.2000,3033.0000,3032.2000,3035.0000,3035.6000,3035.8000,3036.4000,3036.6000,2,1,1,1,1,1,1,1,3,3
SF,IH2006,2019-12-20 09:34:47.400,3034.2000,5285,0,50980200.000,0,-,-,-,-,3034.0000,3033.6000,3033.2000,3033.0000,3032.0000,3035.0000,3035.6000,3035.8000,3036.4000,3036.6000,1,1,1,1,2,1,1,1,3,3
SF,IH2006,2019-12-20 09:34:47.900,3034.2000,5285,0,50980200.000,0,-,-,-,-,3034.0000,3033.6000,3033.2000,3033.0000,3032.0000,3034.8000,3035.0000,3035.8000,3036.4000,3036.6000,1,1,1,1,2,1,1,1,3,3
SF,IH2006,2019-12-20 09:34:50.400,3034.2000,5285,0,50980200.000,0,-,-,-,-,3034.0000,3033.6000,3033.2000,3033.0000,3032.0000,3034.8000,3035.0000,3035.8000,3036.4000,3036.6000,1,1,1,2,2,1,1,1,3,3
SF,IH2006,2019-12-20 09:34:54.400,3034.2000,5285,0,50980200.000,0,-,-,-,-,3034.2000,3034.0000,3033.6000,3033.2000,3033.0000,3034.8000,3035.0000,3035.8000,3036.4000,3036.6000,1,1,1,1,2,1,1,1,3,3
SF,IH2006,2019-12-20 09:34:55.900,3034.2000,5285,0,50980200.000,0,-,-,-,-,3034.2000,3034.0000,3033.6000,3033.2000,3033.0000,3034.8000,3035.0000,3035.8000,3036.4000,3036.6000,1,1,1,1,2,1,1,1,3,3
SF,IH2006,2019-12-20 09:34:57.400,3034.2000,5284,-1,51890460.000,1,0,1,双平,S,3034.0000,3033.6000,3033.2000,3033.0000,3032.0000,3034.8000,3035.0000,3035.8000,3036.4000,3036.6000,1,1,1,2,2,1,1,1,3,3
SF,IH2006,2019-12-20 09:34:57.900,3034.0000,5284,0,52800660.000,1,0,1,多换,S,3033.6000,3033.2000,3033.0000,3032.0000,3031.2000,3034.8000,3035.0000,3035.8000,3036.4000,3036.6000,1,1,2,2,2,1,1,1,3,3
SF,IH2006,2019-12-20 09:34:59.400,3034.0000,5284,0,52800660.000,0,-,-,-,-,3034.0000,3033.6000,3033.2000,3033.0000,3032.0000,3034.8000,3035.0000,3035.8000,3036.4000,3036.6000,1,1,1,2,2,1,1,1,3,2
SF,IH2006,2019-12-20 09:34:59.900,3034.0000,5284,0,53710860.000,1,0,1,多换,S,3033.6000,3033.2000,3033.0000,3032.0000,3031.2000,3034.6000,3034.8000,3035.0000,3035.8000,3036.2000,1,1,2,2,2,1,1,1,1,1
SF,IH2006,2019-12-20 09:35:00.400,3034.0000,5284,0,53710860.000,0,-,-,-,-,3033.6000,3033.2000,3033.0000,3032.0000,3031.2000,3034.4000,3034.6000,3035.0000,3035.8000,3036.2000,1,1,2,2,2,1,1,1,1,1
SF,IH2006,2019-12-20 09:35:01.900,3034.0000,5284,0,53710860.000,0,-,-,-,-,3033.8000,3033.6000,3033.2000,3033.0000,3032.0000,3034.4000,3034.6000,3035.0000,3035.8000,3036.2000,1,1,1,2,2,1,1,1,1,1
SF,IH2006,2019-12-20 09:35:02.400,3033.8000,5284,0,54621000.000,1,0,1,多换,S,3033.6000,3033.2000,3033.0000,3031.2000,3030.8000,3034.4000,3034.6000,3035.0000,3035.8000,3036.4000,1,1,2,2,2,1,1,1,1,3
SF,IH2006,2019-12-20 09:35:02.900,3033.6000,5284,0,55531080.000,1,0,1,多换,S,3033.2000,3033.0000,3031.2000,3030.8000,3030.4000,3034.4000,3034.6000,3035.0000,3035.8000,3036.4000,1,2,2,2,2,1,1,1,2,3
SF,IH2006,2019-12-20 09:35:03.400,3033.6000,5284,0,55531080.000,0,-,-,-,-,3033.4000,3033.2000,3033.0000,3031.2000,3030.8000,3034.4000,3034.6000,3035.0000,3035.8000,3036.4000,1,1,2,2,2,1,1,1,2,3
SF,IH2006,2019-12-20 09:35:03.900,3033.4000,5284,0,56441100.000,1,0,1,多换,S,3033.2000,3033.0000,3031.2000,3030.8000,3030.4000,3034.2000,3034.4000,3034.6000,3035.0000,3035.8000,1,2,2,2,2,3,1,1,1,2
SF,IH2006,2019-12-20 09:35:04.400,3033.2000,5283,-1,57351060.000,1,0,1,双平,S,3033.0000,3031.2000,3030.8000,3030.4000,3030.0000,3034.0000,3035.0000,3035.6000,3035.8000,3036.4000,2,2,2,2,1,1,1,1,2,3
SF,IH2006,2019-12-20 09:35:04.900,3033.2000,5283,0,57351060.000,0,-,-,-,-,3033.2000,3033.0000,3031.2000,3030.8000,3030.4000,3033.8000,3034.0000,3035.0000,3035.6000,3035.8000,1,2,2,2,2,1,1,1,1,2
SF,IH2006,2019-12-20 09:35:05.400,3033.2000,5283,0,57351060.000,0,-,-,-,-,3033.2000,3033.0000,3031.2000,3030.8000,3030.4000,3033.6000,3035.0000,3035.6000,3035.8000,3036.4000,1,2,2,2,2,1,1,1,1,3
SF,IH2006,2019-12-20 09:35:06.900,3033.0000,5284,1,58260960.000,1,1,0,双开,S,3033.0000,3031.2000,3030.8000,3030.4000,3030.0000,3033.6000,3035.0000,3035.6000,3035.8000,3036.4000,1,2,2,2,1,1,1,1,1,3
SF,IH2006,2019-12-20 09:35:07.400,3033.0000,5284,0,59170860.000,1,0,1,多换,S,3030.8000,3030.4000,3030.0000,3029.2000,3028.8000,3033.6000,3035.0000,3035.6000,3035.8000,3036.4000,2,2,1,2,2,1,1,1,1,3
SF,IH2006,2019-12-20 09:35:07.900,3033.0000,5284,0,59170860.000,0,-,-,-,-,3031.4000,3031.0000,3030.8000,3030.4000,3030.0000,3033.6000,3035.0000,3035.6000,3035.8000,3036.4000,1,2,2,2,1,1,1,1,1,3
SF,IH2006,2019-12-20 09:35:08.400,3033.0000,5284,0,59170860.000,0,-,-,-,-,3031.6000,3031.4000,3031.0000,3030.8000,3030.4000,3033.6000,3035.6000,3035.8000,3036.4000,3036.6000,1,1,1,2,2,1,1,1,3,2
SF,IH2006,2019-12-20 09:35:08.900,3033.0000,5284,0,59170860.000,0,-,-,-,-,3031.8000,3031.4000,3030.8000,3030.4000,3030.0000,3033.4000,3033.6000,3035.6000,3035.8000,3036.4000,1,1,2,2,1,1,1,1,1,3
SF,IH2006,2019-12-20 09:35:09.400,3033.0000,5284,0,59170860.000,0,-,-,-,-,3032.0000,3031.8000,3031.4000,3030.8000,3030.4000,3033.2000,3033.4000,3035.6000,3035.8000,3036.4000,1,1,1,2,2,1,1,1,1,3
SF,IH2006,2019-12-20 09:35:10.400,3033.0000,5284,0,59170860.000,0,-,-,-,-,3032.2000,3032.0000,3031.8000,3031.4000,3030.8000,3033.2000,3033.4000,3035.6000,3035.8000,3036.4000,1,1,1,1,2,1,1,1,1,3
SF,IH2006,2019-12-20 09:35:10.900,3033.0000,5284,0,59170860.000,0,-,-,-,-,3032.2000,3032.0000,3031.4000,3030.8000,3030.4000,3033.2000,3033.4000,3035.6000,3035.8000,3036.4000,1,1,1,2,2,1,1,1,1,3
SF,IH2006,2019-12-20 09:35:11.400,3033.0000,5284,0,59170860.000,0,-,-,-,-,3032.0000,3031.4000,3030.8000,3030.4000,3030.0000,3033.2000,3033.4000,3035.6000,3035.8000,3036.4000,1,1,2,2,1,1,1,1,1,3
SF,IH2006,2019-12-20 09:35:11.900,3033.0000,5284,0,59170860.000,0,-,-,-,-,3031.4000,3030.8000,3030.4000,3030.0000,3029.2000,3033.2000,3033.4000,3035.6000,3035.8000,3036.4000,1,2,2,1,2,1,1,1,1,3
SF,IH2006,2019-12-20 09:35:12.400,3033.0000,5284,0,59170860.000,0,-,-,-,-,3031.6000,3031.4000,3030.8000,3030.4000,3030.0000,3033.2000,3033.4000,3035.6000,3035.8000,3036.4000,2,1,2,2,1,1,1,1,1,3
SF,IH2006,2019-12-20 09:35:12.900,3033.0000,5284,0,59170860.000,0,-,-,-,-,3031.8000,3031.6000,3031.4000,3030.8000,3030.4000,3033.2000,3035.6000,3035.8000,3036.4000,3036.6000,1,2,1,2,2,1,1,1,3,2
SF,IH2006,2019-12-20 09:35:13.400,3033.0000,5284,0,59170860.000,0,-,-,-,-,3031.8000,3031.4000,3030.8000,3030.4000,3030.0000,3033.2000,3035.6000,3035.8000,3036.4000,3036.6000,1,1,2,2,1,1,1,1,3,2
SF,IH2006,2019-12-20 09:35:13.900,3033.0000,5284,0,59170860.000,0,-,-,-,-,3031.8000,3031.4000,3030.8000,3030.4000,3030.0000,3033.2000,3035.8000,3036.4000,3036.6000,3036.8000,1,1,2,2,1,1,1,3,2,1
SF,IH2006,2019-12-20 09:35:14.400,3033.0000,5284,0,59170860.000,0,-,-,-,-,3031.8000,3031.4000,3030.4000,3030.0000,3029.2000,3033.0000,3033.2000,3035.8000,3036.4000,3036.6000,1,1,2,1,2,1,1,1,3,2
SF,IH2006,2019-12-20 09:35:14.900,3033.0000,5284,0,59170860.000,0,-,-,-,-,3031.8000,3031.4000,3030.4000,3030.0000,3029.2000,3032.8000,3033.0000,3035.8000,3036.4000,3036.6000,1,1,2,1,2,1,1,1,3,2
SF,IH2006,2019-12-20 09:35:16.900,3033.0000,5284,0,59170860.000,0,-,-,-,-,3031.4000,3030.4000,3030.0000,3029.2000,3028.8000,3032.8000,3033.0000,3035.8000,3036.4000,3036.6000,1,2,1,2,2,1,1,1,3,2
SF,IH2006,2019-12-20 09:35:17.400,3033.0000,5284,0,59170860.000,0,-,-,-,-,3031.6000,3031.4000,3030.0000,3029.2000,3028.8000,3032.8000,3033.0000,3035.8000,3036.4000,3036.6000,1,1,1,2,2,1,1,1,3,2
SF,IH2006,2019-12-20 09:35:18.400,3033.0000,5284,0,59170860.000,0,-,-,-,-,3030.0000,3029.2000,3028.8000,3028.2000,3028.0000,3032.8000,3033.0000,3034.2000,3035.8000,3036.4000,1,2,2,1,2,1,1,1,1,3
SF,IH2006,2019-12-20 09:35:18.900,3033.0000,5284,0,59170860.000,0,-,-,-,-,3030.2000,3030.0000,3029.2000,3028.8000,3028.2000,3032.8000,3033.0000,3034.2000,3035.8000,3036.4000,2,1,2,2,1,1,1,1,1,3
SF,IH2006,2019-12-20 09:35:19.400,3033.0000,5284,0,59170860.000,0,-,-,-,-,3031.2000,3030.4000,3030.2000,3030.0000,3029.2000,3032.8000,3033.0000,3034.2000,3035.8000,3036.4000,1,1,2,1,2,1,1,1,1,3
SF,IH2006,2019-12-20 09:35:19.900,3033.0000,5284,0,59170860.000,0,-,-,-,-,3031.2000,3030.4000,3030.2000,3030.0000,3029.2000,3032.8000,3033.0000,3034.2000,3035.8000,3036.4000,1,1,1,1,2,1,1,1,1,3
SF,IH2006,2019-12-20 09:35:20.400,3033.0000,5284,0,59170860.000,0,-,-,-,-,3031.2000,3030.2000,3030.0000,3029.2000,3028.8000,3032.8000,3033.0000,3034.2000,3035.8000,3036.4000,1,1,1,2,2,1,1,1,1,3
SF,IH2006,2019-12-20 09:35:22.400,3033.0000,5284,0,59170860.000,0,-,-,-,-,3031.2000,3030.2000,3030.0000,3029.2000,3028.8000,3032.6000,3032.8000,3033.0000,3034.2000,3035.8000,1,1,1,2,2,2,1,1,1,1
SF,IH2006,2019-12-20 09:35:22.900,3033.0000,5284,0,59170860.000,0,-,-,-,-,3031.2000,3030.0000,3029.2000,3028.8000,3028.2000,3032.4000,3032.6000,3033.0000,3034.2000,3035.8000,1,1,2,2,1,1,2,1,1,1
SF,IH2006,2019-12-20 09:35:23.400,3033.0000,5284,0,59170860.000,0,-,-,-,-,3031.2000,3030.0000,3029.2000,3028.8000,3028.2000,3032.4000,3032.6000,3034.2000,3035.8000,3036.4000,1,1,2,2,1,1,2,1,1,3
SF,IH2006,2019-12-20 09:35:23.900,3031.2000,5284,0,60080220.000,1,0,1,多换,S,3030.0000,3029.2000,3028.8000,3028.2000,3028.0000,3032.2000,3032.4000,3032.6000,3034.2000,3035.8000,1,2,2,1,2,1,1,2,1,1
SF,IH2006,2019-12-20 09:35:24.400,3031.2000,5284,0,60080220.000,0,-,-,-,-,3030.2000,3030.0000,3028.8000,3028.0000,3027.8000,3031.2000,3032.0000,3032.2000,3032.6000,3034.2000,1,1,2,2,1,1,1,1,2,1
SF,IH2006,2019-12-20 09:35:24.900,3032.6000,5286,2,64628160.000,5,3,2,空开,S,3033.0000,3030.2000,3030.0000,3028.0000,3027.8000,3034.2000,3035.8000,3036.4000,3036.6000,3036.8000,10,1,1,2,1,1,1,3,2,1
SF,IH2006,2019-12-20 09:35:25.400,3033.0000,5291,5,73727160.000,10,7,3,空开,S,3030.2000,3030.0000,3028.0000,3027.8000,3020.2000,3034.2000,3035.8000,3036.4000,3036.8000,3037.6000,1,1,2,1,2,1,1,1,1,1
SF,IH2006,2019-12-20 09:35:25.900,3033.0000,5291,0,73727160.000,0,-,-,-,-,3030.4000,3030.0000,3028.0000,3027.8000,3020.2000,3034.0000,3034.2000,3035.8000,3036.4000,3036.8000,1,1,2,1,2,4,1,1,1,1
SF,IH2006,2019-12-20 09:35:26.400,3033.0000,5291,0,73727160.000,0,-,-,-,-,3030.4000,3030.0000,3028.0000,3027.8000,3020.2000,3033.6000,3034.0000,3034.2000,3035.8000,3036.4000,1,1,2,1,2,1,4,1,1,1
SF,IH2006,2019-12-20 09:35:26.900,3033.0000,5291,0,73727160.000,0,-,-,-,-,3030.4000,3030.0000,3028.0000,3027.8000,3020.2000,3033.4000,3033.6000,3034.0000,3034.2000,3035.8000,1,1,2,1,2,3,2,3,1,1
SF,IH2006,2019-12-20 09:35:27.400,3033.0000,5291,0,73727160.000,0,-,-,-,-,3030.6000,3030.4000,3030.0000,3028.0000,3027.8000,3033.2000,3033.4000,3033.6000,3034.0000,3034.2000,1,1,1,2,1,1,3,3,3,1
SF,IH2006,2019-12-20 09:35:27.900,3033.0000,5291,0,73727160.000,0,-,-,-,-,3030.8000,3030.6000,3030.0000,3028.0000,3027.8000,3033.0000,3033.2000,3033.4000,3033.6000,3034.0000,1,1,1,2,1,3,1,2,2,3
SF,IH2006,2019-12-20 09:35:28.400,3033.0000,5291,0,73727160.000,0,-,-,-,-,3031.0000,3030.8000,3030.6000,3030.0000,3028.0000,3032.8000,3033.0000,3033.2000,3033.4000,3033.6000,1,1,1,1,2,1,4,2,2,2
SF,IH2006,2019-12-20 09:35:28.900,3033.0000,5291,0,73727160.000,0,-,-,-,-,3031.0000,3030.8000,3030.0000,3028.0000,3027.8000,3032.6000,3032.8000,3033.0000,3033.2000,3033.4000,1,1,1,2,1,3,1,2,2,2
SF,IH2006,2019-12-20 09:35:29.400,3033.0000,5291,0,73727160.000,0,-,-,-,-,3030.0000,3028.0000,3027.8000,3020.2000,3018.0000,3032.4000,3032.6000,3032.8000,3033.0000,3033.2000,1,2,1,2,1,1,3,2,2,2
SF,IH2006,2019-12-20 09:35:29.900,3033.0000,5291,0,73727160.000,0,-,-,-,-,3030.2000,3030.0000,3028.0000,3027.8000,3020.2000,3032.2000,3032.4000,3032.6000,3032.8000,3033.0000,1,1,2,1,2,3,2,3,2,2
SF,IH2006,2019-12-20 09:35:30.400,3033.0000,5291,0,73727160.000,0,-,-,-,-,3030.4000,3030.2000,3030.0000,3028.0000,3027.8000,3032.2000,3032.4000,3032.6000,3032.8000,3033.0000,1,1,1,2,1,3,1,4,2,2
SF,IH2006,2019-12-20 09:35:30.900,3033.0000,5291,0,73727160.000,0,-,-,-,-,3030.6000,3030.4000,3030.0000,3028.0000,3027.8000,3032.2000,3032.4000,3032.6000,3032.8000,3033.0000,1,1,1,2,1,2,1,4,2,2
SF,IH2006,2019-12-20 09:35:31.400,3033.0000,5291,0,73727160.000,0,-,-,-,-,3030.6000,3030.4000,3030.0000,3028.0000,3027.8000,3032.2000,3032.4000,3032.6000,3032.8000,3033.0000,1,1,1,2,1,2,1,4,3,2
SF,IH2006,2019-12-20 09:35:31.900,3033.0000,5291,0,73727160.000,0,-,-,-,-,3030.8000,3030.6000,3030.0000,3028.0000,3027.8000,3032.2000,3032.4000,3032.6000,3032.8000,3033.0000,1,1,1,2,1,2,1,4,3,2
SF,IH2006,2019-12-20 09:35:32.400,3033.0000,5291,0,73727160.000,0,-,-,-,-,3031.0000,3030.8000,3030.0000,3028.0000,3027.8000,3032.2000,3032.4000,3032.6000,3032.8000,3033.0000,1,1,1,2,1,2,1,4,2,2
SF,IH2006,2019-12-20 09:35:32.900,3033.0000,5291,0,73727160.000,0,-,-,-,-,3031.0000,3030.8000,3030.0000,3028.0000,3027.8000,3032.2000,3032.4000,3032.6000,3032.8000,3033.0000,1,1,1,2,1,2,1,4,2,2
SF,IH2006,2019-12-20 09:35:33.400,3031.2000,5291,0,74636520.000,1,0,1,多换,S,3031.0000,3030.8000,3030.0000,3028.0000,3027.8000,3032.2000,3032.6000,3032.8000,3033.0000,3033.4000,1,1,1,2,1,2,3,3,2,2
SF,IH2006,2019-12-20 09:35:33.900,3031.2000,5290,-1,76455240.000,2,0,2,多平,S,3031.0000,3030.8000,3030.0000,3028.0000,3027.8000,3032.2000,3032.6000,3032.8000,3033.0000,3033.4000,1,1,1,2,1,2,3,3,2,2
SF,IH2006,2019-12-20 09:35:34.400,3031.2000,5290,0,77364600.000,1,0,1,多换,S,3031.2000,3031.0000,3030.8000,3030.0000,3028.0000,3032.2000,3032.6000,3032.8000,3033.0000,3033.4000,1,1,1,1,2,1,3,3,2,2
SF,IH2006,2019-12-20 09:35:34.900,3031.2000,5290,0,77364600.000,0,-,-,-,-,3031.4000,3031.2000,3030.8000,3030.0000,3028.0000,3032.6000,3032.8000,3033.0000,3033.4000,3034.0000,1,1,1,1,2,2,2,2,2,2
SF,IH2006,2019-12-20 09:35:35.400,3031.2000,5290,0,77364600.000,0,-,-,-,-,3031.4000,3031.2000,3030.0000,3028.0000,3027.8000,3032.6000,3033.0000,3033.4000,3034.0000,3035.0000,1,1,1,2,1,2,2,2,2,1
SF,IH2006,2019-12-20 09:35:35.900,3031.2000,5290,0,77364600.000,0,-,-,-,-,3031.4000,3030.0000,3028.0000,3027.8000,3020.2000,3032.4000,3032.6000,3033.0000,3033.4000,3033.8000,1,1,2,1,2,1,2,2,2,2
SF,IH2006,2019-12-20 09:35:36.400,3031.2000,5290,0,77364600.000,0,-,-,-,-,3031.4000,3030.0000,3028.0000,3027.8000,3020.2000,3032.4000,3032.6000,3033.0000,3033.4000,3033.8000,1,1,2,1,2,1,1,1,1,2
SF,IH2006,2019-12-20 09:35:36.900,3031.2000,5290,0,77364600.000,0,-,-,-,-,3031.4000,3030.0000,3028.0000,3027.8000,3020.2000,3032.2000,3032.4000,3032.6000,3033.0000,3033.4000,1,1,2,1,2,1,1,1,1,1
SF,IH2006,2019-12-20 09:35:37.400,3031.2000,5290,0,77364600.000,0,-,-,-,-,3031.4000,3030.0000,3028.0000,3027.8000,3020.2000,3032.2000,3032.4000,3032.6000,3033.0000,3033.4000,1,1,2,1,2,1,1,1,1,1
SF,IH2006,2019-12-20 09:35:37.900,3031.2000,5290,0,77364600.000,0,-,-,-,-,3031.4000,3030.0000,3028.0000,3027.8000,3020.2000,3032.2000,3032.4000,3032.6000,3033.0000,3033.4000,1,1,2,1,2,1,1,1,1,1
SF,IH2006,2019-12-20 09:35:38.400,3031.2000,5290,0,77364600.000,0,-,-,-,-,3031.4000,3030.0000,3028.0000,3027.8000,3020.2000,3032.2000,3032.4000,3032.6000,3033.0000,3033.4000,1,1,2,1,2,1,1,1,1,1
SF,IH2006,2019-12-20 09:35:38.900,3031.2000,5290,0,77364600.000,0,-,-,-,-,3031.4000,3030.0000,3028.0000,3027.8000,3020.2000,3032.6000,3033.0000,3033.4000,3033.8000,3034.0000,1,1,2,1,2,1,1,1,1,2
SF,IH2006,2019-12-20 09:35:39.400,3031.2000,5290,0,77364600.000,0,-,-,-,-,3031.6000,3031.4000,3030.0000,3028.0000,3027.8000,3032.6000,3033.0000,3033.4000,3033.8000,3034.0000,1,1,1,2,1,1,1,1,1,2
SF,IH2006,2019-12-20 09:35:39.900,3031.4000,5290,0,78274020.000,1,0,1,多换,S,3031.6000,3030.0000,3028.0000,3027.8000,3020.2000,3032.6000,3033.0000,3033.4000,3033.8000,3034.0000,1,1,2,1,2,1,1,1,1,2
SF,IH2006,2019-12-20 09:35:40.400,3031.4000,5290,0,78274020.000,0,-,-,-,-,3031.6000,3030.0000,3028.0000,3027.8000,3020.2000,3032.6000,3033.0000,3033.4000,3033.8000,3034.0000,1,1,2,1,2,1,1,1,1,2
SF,IH2006,2019-12-20 09:35:40.900,3031.4000,5290,0,78274020.000,0,-,-,-,-,3030.0000,3028.0000,3027.8000,3020.2000,3018.0000,3032.4000,3032.6000,3033.0000,3033.4000,3033.8000,1,2,1,2,1,1,2,1,1,1
SF,IH2006,2019-12-20 09:35:41.400,3031.4000,5290,0,78274020.000,0,-,-,-,-,3030.2000,3030.0000,3028.0000,3027.8000,3020.2000,3032.2000,3032.4000,3032.6000,3033.0000,3033.4000,1,1,2,1,2,1,1,2,1,1
SF,IH2006,2019-12-20 09:35:41.900,3031.4000,5290,0,78274020.000,0,-,-,-,-,3030.2000,3030.0000,3028.0000,3027.8000,3020.2000,3032.0000,3032.2000,3032.6000,3033.0000,3033.4000,1,1,2,1,2,3,1,2,1,1
SF,IH2006,2019-12-20 09:35:42.400,3031.4000,5290,0,78274020.000,0,-,-,-,-,3030.4000,3030.2000,3030.0000,3028.0000,3027.8000,3032.0000,3032.6000,3033.0000,3033.4000,3033.8000,1,1,1,2,1,1,1,1,1,1
SF,IH2006,2019-12-20 09:35:42.900,3031.4000,5290,0,78274020.000,0,-,-,-,-,3030.6000,3030.4000,3030.0000,3028.0000,3027.8000,3032.0000,3032.6000,3033.0000,3033.4000,3033.8000,1,1,1,2,1,1,1,1,1,1
SF,IH2006,2019-12-20 09:35:43.400,3031.4000,5290,0,78274020.000,0,-,-,-,-,3030.8000,3030.6000,3030.4000,3030.0000,3028.0000,3032.0000,3032.6000,3033.0000,3033.4000,3033.8000,1,1,1,1,2,1,1,1,1,1
SF,IH2006,2019-12-20 09:35:43.900,3031.4000,5290,0,78274020.000,0,-,-,-,-,3031.0000,3030.8000,3030.4000,3030.0000,3028.0000,3032.0000,3032.6000,3033.0000,3033.4000,3033.8000,1,1,1,1,2,1,1,1,1,1
SF,IH2006,2019-12-20 09:35:44.400,3031.4000,5290,0,78274020.000,0,-,-,-,-,3031.0000,3030.8000,3030.0000,3028.0000,3027.8000,3032.0000,3032.6000,3033.0000,3033.4000,3033.8000,1,1,1,2,1,1,1,1,1,1
SF,IH2006,2019-12-20 09:35:44.900,3031.4000,5290,0,78274020.000,0,-,-,-,-,3031.0000,3030.0000,3028.0000,3027.8000,3020.2000,3032.0000,3032.6000,3033.0000,3033.4000,3033.8000,1,1,2,1,2,1,1,1,1,1
SF,IH2006,2019-12-20 09:35:47.400,3031.0000,5289,-1,79183320.000,1,0,1,双平,S,3030.0000,3028.0000,3027.8000,3020.2000,3018.0000,3032.0000,3032.6000,3033.0000,3033.4000,3033.8000,1,2,1,2,1,1,1,1,1,1
SF,IH2006,2019-12-20 09:35:47.900,3031.0000,5289,0,79183320.000,0,-,-,-,-,3030.0000,3028.0000,3027.8000,3020.2000,3018.0000,3031.8000,3032.0000,3032.6000,3033.0000,3033.4000,1,2,1,2,1,2,1,1,1,1
SF,IH2006,2019-12-20 09:35:48.400,3031.0000,5289,0,79183320.000,0,-,-,-,-,3030.0000,3028.0000,3027.8000,3020.2000,3018.0000,3031.8000,3032.0000,3032.4000,3032.6000,3033.0000,1,2,1,2,1,2,1,1,1,1
SF,IH2006,2019-12-20 09:35:48.900,3031.0000,5289,0,79183320.000,0,-,-,-,-,3030.2000,3030.0000,3028.0000,3027.8000,3020.2000,3031.8000,3032.0000,3032.4000,3032.6000,3033.0000,2,1,2,1,2,1,1,1,1,1
SF,IH2006,2019-12-20 09:35:50.400,3031.0000,5289,0,79183320.000,0,-,-,-,-,3030.2000,3030.0000,3028.0000,3027.8000,3020.2000,3031.6000,3031.8000,3032.0000,3032.4000,3032.6000,1,1,2,1,2,1,1,1,1,1
SF,IH2006,2019-12-20 09:35:50.900,3031.0000,5289,0,79183320.000,0,-,-,-,-,3030.0000,3028.0000,3027.8000,3020.2000,3018.0000,3031.4000,3031.6000,3032.0000,3032.4000,3032.6000,1,2,1,2,1,1,1,1,1,1
SF,IH2006,2019-12-20 09:35:51.400,3031.0000,5289,0,79183320.000,0,-,-,-,-,3030.0000,3028.0000,3027.8000,3020.2000,3018.0000,3031.4000,3031.6000,3032.0000,3032.4000,3032.6000,1,2,1,2,1,1,1,1,1,1
SF,IH2006,2019-12-20 09:35:51.900,3031.0000,5289,0,79183320.000,0,-,-,-,-,3030.0000,3028.0000,3027.8000,3020.2000,3018.0000,3031.2000,3031.4000,3031.6000,3032.0000,3032.4000,1,2,1,2,1,1,1,1,2,1
SF,IH2006,2019-12-20 09:35:52.400,3031.0000,5289,0,79183320.000,0,-,-,-,-,3030.0000,3028.0000,3027.8000,3020.2000,3018.0000,3031.0000,3031.2000,3031.6000,3032.0000,3032.4000,1,2,1,2,1,1,1,1,2,1
SF,IH2006,2019-12-20 09:35:52.900,3031.0000,5289,0,79183320.000,0,-,-,-,-,3030.0000,3028.0000,3027.8000,3020.2000,3018.0000,3031.0000,3031.2000,3032.0000,3032.4000,3032.6000,1,2,1,2,1,1,1,2,1,1
SF,IH2006,2019-12-20 09:35:53.400,3031.0000,5289,0,79183320.000,0,-,-,-,-,3030.0000,3028.0000,3027.8000,3020.2000,3018.0000,3031.0000,3032.0000,3032.4000,3032.6000,3033.0000,1,2,1,2,1,1,2,1,1,1
SF,IH2006,2019-12-20 09:35:53.900,3031.0000,5289,0,79183320.000,0,-,-,-,-,3030.0000,3028.0000,3027.8000,3020.2000,3018.0000,3031.0000,3032.0000,3032.4000,3032.6000,3033.0000,1,2,1,2,1,1,2,1,1,1
SF,IH2006,2019-12-20 09:35:56.400,3031.0000,5289,0,79183320.000,0,-,-,-,-,3030.0000,3027.8000,3020.2000,3018.0000,3017.2000,3031.0000,3032.0000,3032.4000,3032.6000,3033.0000,1,1,2,1,1,1,2,1,1,1
SF,IH2006,2019-12-20 09:35:56.900,3031.0000,5289,0,79183320.000,0,-,-,-,-,3030.0000,3027.8000,3020.2000,3018.0000,3017.2000,3031.0000,3032.0000,3032.4000,3032.6000,3033.0000,1,1,2,1,1,1,2,1,1,1
SF,IH2006,2019-12-20 09:35:57.400,3031.0000,5289,0,79183320.000,0,-,-,-,-,3030.0000,3027.8000,3020.2000,3018.0000,3017.2000,3031.0000,3032.0000,3032.4000,3032.6000,3033.0000,1,1,2,1,1,1,2,1,1,1
SF,IH2006,2019-12-20 09:35:57.900,3031.0000,5289,0,79183320.000,0,-,-,-,-,3030.0000,3027.8000,3020.2000,3018.0000,3017.2000,3031.0000,3032.0000,3032.4000,3032.6000,3033.0000,1,1,2,1,1,1,2,1,1,1
SF,IH2006,2019-12-20 09:35:58.400,3031.0000,5289,0,79183320.000,0,-,-,-,-,3030.0000,3027.8000,3020.2000,3018.0000,3017.2000,3031.0000,3031.2000,3032.0000,3032.4000,3032.6000,1,1,2,1,1,1,1,2,1,1
SF,IH2006,2019-12-20 09:35:58.900,3031.0000,5289,0,79183320.000,0,-,-,-,-,3030.0000,3027.8000,3020.2000,3018.0000,3017.2000,3031.0000,3031.2000,3032.0000,3032.4000,3032.6000,1,1,2,1,1,1,1,2,1,1
SF,IH2006,2019-12-20 09:35:59.400,3031.0000,5289,0,79183320.000,0,-,-,-,-,3030.0000,3027.8000,3020.2000,3018.0000,3017.2000,3031.0000,3031.2000,3032.0000,3032.4000,3032.6000,1,1,2,1,1,1,1,2,1,1
SF,IH2006,2019-12-20 09:35:59.900,3031.0000,5289,0,79183320.000,0,-,-,-,-,3030.0000,3027.8000,3020.2000,3018.0000,3017.2000,3031.0000,3031.2000,3032.0000,3032.4000,3032.6000,1,1,2,1,1,1,1,2,1,1
SF,IH2006,2019-12-20 09:36:00.400,3030.0000,5289,0,80092320.000,1,0,1,多换,S,3027.8000,3020.2000,3018.0000,3017.2000,3003.0000,3031.0000,3031.2000,3032.0000,3032.4000,3032.6000,1,2,1,1,1,1,1,2,1,1
SF,IH2006,2019-12-20 09:36:00.900,3030.0000,5289,0,80092320.000,0,-,-,-,-,3028.4000,3028.0000,3027.8000,3020.2000,3018.0000,3031.0000,3031.2000,3032.0000,3032.4000,3032.6000,1,4,1,2,1,1,1,2,1,1
SF,IH2006,2019-12-20 09:36:01.400,3030.0000,5289,0,80092320.000,0,-,-,-,-,3028.6000,3028.4000,3028.0000,3027.8000,3020.2000,3031.0000,3031.2000,3032.0000,3032.4000,3032.6000,2,1,3,1,2,1,1,2,1,1
SF,IH2006,2019-12-20 09:36:01.900,3030.0000,5289,0,80092320.000,0,-,-,-,-,3028.8000,3028.6000,3028.4000,3028.0000,3027.8000,3031.0000,3031.2000,3032.0000,3032.4000,3032.6000,1,2,1,3,1,1,1,2,1,1
SF,IH2006,2019-12-20 09:36:02.400,3030.0000,5289,0,80092320.000,0,-,-,-,-,3029.0000,3028.8000,3028.6000,3028.4000,3028.0000,3031.0000,3031.2000,3032.0000,3032.4000,3032.6000,2,1,1,1,2,1,1,2,1,1
SF,IH2006,2019-12-20 09:36:02.900,3030.0000,5289,0,80092320.000,0,-,-,-,-,3029.2000,3029.0000,3028.8000,3028.6000,3028.4000,3031.0000,3031.2000,3032.0000,3032.4000,3032.6000,1,2,1,1,1,1,1,2,1,1
SF,IH2006,2019-12-20 09:36:03.400,3030.0000,5289,0,80092320.000,0,-,-,-,-,3029.4000,3029.2000,3029.0000,3028.8000,3028.6000,3031.0000,3031.2000,3032.0000,3032.4000,3032.6000,1,1,1,1,1,1,1,2,1,1
SF,IH2006,2019-12-20 09:36:03.900,3030.0000,5289,0,80092320.000,0,-,-,-,-,3029.6000,3029.2000,3029.0000,3028.8000,3028.6000,3031.0000,3031.2000,3032.0000,3032.4000,3032.6000,1,1,1,1,1,1,1,2,1,1
SF,IH2006,2019-12-20 09:36:04.400,3030.0000,5289,0,80092320.000,0,-,-,-,-,3029.6000,3029.2000,3029.0000,3028.8000,3028.6000,3031.0000,3031.2000,3032.0000,3032.4000,3032.6000,1,1,1,1,1,1,1,2,1,1
SF,IH2006,2019-12-20 09:36:08.400,3030.0000,5289,0,80092320.000,0,-,-,-,-,3029.6000,3029.2000,3029.0000,3028.8000,3028.6000,3030.8000,3031.0000,3031.2000,3032.0000,3032.4000,1,1,1,1,1,1,1,1,1,1
SF,IH2006,2019-12-20 09:36:08.900,3030.0000,5289,0,80092320.000,0,-,-,-,-,3029.6000,3029.2000,3029.0000,3028.8000,3028.6000,3030.6000,3030.8000,3031.2000,3032.0000,3032.4000,1,1,1,1,1,1,1,1,1,1
SF,IH2006,2019-12-20 09:36:09.400,3030.0000,5289,0,80092320.000,0,-,-,-,-,3029.6000,3029.2000,3029.0000,3028.8000,3028.6000,3030.6000,3030.8000,3031.0000,3031.2000,3032.0000,1,1,1,1,1,1,1,1,1,1
SF,IH2006,2019-12-20 09:36:10.400,3030.6000,5288,-1,81001500.000,1,0,1,双平,S,3029.6000,3029.2000,3029.0000,3028.8000,3028.6000,3030.8000,3031.0000,3031.2000,3032.0000,3032.4000,1,1,1,1,1,1,1,1,1,1
SF,IH2006,2019-12-20 09:36:10.900,3030.6000,5288,0,81001500.000,0,-,-,-,-,3029.8000,3029.6000,3029.2000,3029.0000,3028.8000,3030.8000,3031.0000,3031.2000,3032.0000,3032.4000,1,1,1,1,1,1,1,1,1,1
SF,IH2006,2019-12-20 09:36:12.900,3030.8000,5287,-1,81910740.000,1,0,1,双平,S,3029.8000,3029.6000,3029.2000,3029.0000,3028.8000,3031.0000,3031.2000,3032.0000,3032.4000,3032.6000,1,1,1,1,1,1,1,1,1,1
SF,IH2006,2019-12-20 09:36:13.400,3030.8000,5287,0,81910740.000,0,-,-,-,-,3030.0000,3029.8000,3029.6000,3029.2000,3029.0000,3031.0000,3031.2000,3032.0000,3032.4000,3032.6000,2,1,1,1,1,1,1,1,1,1
SF,IH2006,2019-12-20 09:36:13.900,3031.0000,5286,-1,82820040.000,1,0,1,双平,S,3030.2000,3030.0000,3029.6000,3029.2000,3029.0000,3031.2000,3032.0000,3032.4000,3032.6000,3033.0000,1,2,1,1,1,1,1,1,1,1
SF,IH2006,2019-12-20 09:36:14.900,3031.0000,5286,0,82820040.000,0,-,-,-,-,3030.2000,3030.0000,3029.6000,3029.2000,3029.0000,3031.2000,3032.0000,3032.4000,3032.6000,3033.0000,1,2,1,1,1,1,1,1,1,1
SF,IH2006,2019-12-20 09:36:20.900,3031.0000,5286,0,82820040.000,0,-,-,-,-,3030.2000,3030.0000,3029.6000,3029.2000,3029.0000,3031.2000,3031.4000,3032.0000,3032.4000,3032.6000,1,2,1,1,1,1,1,1,1,1
SF,IH2006,2019-12-20 09:36:21.400,3031.0000,5286,0,82820040.000,0,-,-,-,-,3030.0000,3029.6000,3029.2000,3029.0000,3028.8000,3031.0000,3031.2000,3031.4000,3032.0000,3032.4000,2,1,1,1,1,1,1,1,1,1
SF,IH2006,2019-12-20 09:36:22.400,3031.0000,5286,0,82820040.000,0,-,-,-,-,3030.0000,3029.6000,3029.2000,3029.0000,3028.6000,3031.0000,3031.2000,3031.4000,3032.0000,3032.4000,2,1,1,1,1,1,1,1,1,1
SF,IH2006,2019-12-20 09:36:24.400,3031.0000,5286,0,82820040.000,0,-,-,-,-,3030.0000,3029.6000,3029.2000,3029.0000,3028.6000,3031.0000,3031.2000,3031.4000,3032.0000,3032.4000,2,1,1,1,1,1,1,1,1,1
SF,IH2006,2019-12-20 09:36:24.900,3031.0000,5286,0,82820040.000,0,-,-,-,-,3030.0000,3029.6000,3029.2000,3029.0000,3028.6000,3031.0000,3031.2000,3031.4000,3032.0000,3032.4000,2,1,1,1,1,2,1,1,1,1
SF,IH2006,2019-12-20 09:36:26.400,3031.0000,5286,0,82820040.000,0,-,-,-,-,3030.0000,3029.6000,3029.2000,3029.0000,3028.6000,3031.0000,3031.2000,3031.4000,3032.0000,3032.4000,2,1,1,1,1,2,1,1,1,1
SF,IH2006,2019-12-20 09:36:26.900,3031.0000,5286,0,82820040.000,0,-,-,-,-,3030.0000,3029.6000,3029.2000,3029.0000,3028.6000,3031.0000,3031.2000,3031.4000,3032.0000,3032.4000,2,1,1,1,1,1,1,1,1,1
SF,IH2006,2019-12-20 09:36:28.900,3031.0000,5286,0,82820040.000,0,-,-,-,-,3030.0000,3029.6000,3029.2000,3029.0000,3028.6000,3031.0000,3031.2000,3031.4000,3032.0000,3032.4000,3,1,1,1,1,1,1,1,1,1
SF,IH2006,2019-12-20 09:36:31.400,3031.0000,5285,-1,83729340.000,1,0,1,双平,S,3030.0000,3029.6000,3029.2000,3029.0000,3028.6000,3031.2000,3031.4000,3032.0000,3032.4000,3032.6000,3,1,1,1,1,1,1,1,1,1
SF,IH2006,2019-12-20 09:36:31.900,3031.0000,5285,0,83729340.000,0,-,-,-,-,3030.2000,3030.0000,3029.6000,3029.2000,3029.0000,3031.2000,3031.4000,3032.0000,3032.4000,3032.6000,1,3,1,1,1,1,1,1,1,1
SF,IH2006,2019-12-20 09:36:32.400,3031.2000,5284,-1,84638700.000,1,0,1,双平,S,3030.2000,3030.0000,3029.6000,3029.2000,3029.0000,3031.4000,3032.0000,3032.4000,3032.6000,3033.0000,1,3,1,1,1,1,1,1,1,1
SF,IH2006,2019-12-20 09:36:32.900,3031.2000,5284,0,84638700.000,0,-,-,-,-,3030.4000,3030.2000,3030.0000,3029.6000,3029.2000,3031.4000,3032.0000,3032.4000,3032.6000,3033.0000,1,1,3,1,1,1,1,1,1,1
SF,IH2006,2019-12-20 09:36:34.400,3031.2000,5284,0,84638700.000,0,-,-,-,-,3030.4000,3030.2000,3030.0000,3029.6000,3029.2000,3031.4000,3032.0000,3032.6000,3033.0000,3033.4000,1,1,3,1,1,1,1,1,1,1
SF,IH2006,2019-12-20 09:36:34.900,3031.2000,5284,0,84638700.000,0,-,-,-,-,3030.4000,3030.2000,3030.0000,3029.6000,3029.2000,3031.4000,3032.0000,3032.6000,3033.0000,3033.4000,1,1,2,1,1,1,1,1,1,1
SF,IH2006,2019-12-20 09:36:35.400,3031.2000,5284,0,84638700.000,0,-,-,-,-,3031.0000,3030.4000,3030.2000,3030.0000,3029.6000,3031.4000,3032.0000,3032.6000,3033.0000,3033.4000,1,1,1,2,1,1,1,1,1,1
SF,IH2006,2019-12-20 09:36:35.900,3031.2000,5284,0,84638700.000,0,-,-,-,-,3031.0000,3030.2000,3030.0000,3029.6000,3029.2000,3031.4000,3032.0000,3032.6000,3033.0000,3033.4000,1,1,2,1,1,1,1,1,1,1
SF,IH2006,2019-12-20 09:36:36.400,3031.2000,5284,0,84638700.000,0,-,-,-,-,3031.0000,3030.2000,3030.0000,3029.6000,3029.0000,3031.4000,3032.0000,3032.6000,3033.0000,3033.4000,1,1,2,1,1,1,1,1,1,1
SF,IH2006,2019-12-20 09:36:36.900,3031.2000,5284,0,84638700.000,0,-,-,-,-,3031.0000,3030.2000,3030.0000,3029.6000,3029.0000,3031.4000,3032.6000,3033.0000,3033.4000,3034.0000,1,1,2,1,1,1,1,1,1,2
SF,IH2006,2019-12-20 09:36:37.400,3031.2000,5284,0,84638700.000,0,-,-,-,-,3030.2000,3030.0000,3029.6000,3029.0000,3028.6000,3031.4000,3032.6000,3033.0000,3033.4000,3034.0000,1,2,1,1,1,1,1,1,1,2
SF,IH2006,2019-12-20 09:36:37.900,3031.2000,5284,0,84638700.000,0,-,-,-,-,3030.6000,3030.4000,3030.2000,3030.0000,3029.6000,3031.4000,3032.6000,3033.0000,3033.4000,3034.0000,1,1,1,2,1,1,1,1,1,2
SF,IH2006,2019-12-20 09:36:39.400,3031.2000,5284,0,84638700.000,0,-,-,-,-,3030.6000,3030.4000,3030.2000,3030.0000,3029.6000,3031.4000,3032.6000,3032.8000,3033.0000,3033.4000,1,1,1,2,1,1,1,1,1,1
SF,IH2006,2019-12-20 09:36:39.900,3031.2000,5284,0,84638700.000,0,-,-,-,-,3030.4000,3030.2000,3030.0000,3029.6000,3029.0000,3031.4000,3032.6000,3032.8000,3033.0000,3033.4000,1,1,2,1,1,1,1,1,1,1
SF,IH2006,2019-12-20 09:36:44.900,3031.4000,5283,-1,85548120.000,1,0,1,双平,S,3030.4000,3030.2000,3030.0000,3029.6000,3029.0000,3032.6000,3032.8000,3033.0000,3033.4000,3034.0000,1,1,2,1,1,1,1,1,1,2
SF,IH2006,2019-12-20 09:36:45.400,3031.4000,5283,0,85548120.000,0,-,-,-,-,3030.6000,3030.4000,3030.0000,3029.6000,3029.0000,3032.4000,3032.6000,3032.8000,3033.0000,3033.4000,2,1,2,1,1,2,1,1,1,1
SF,IH2006,2019-12-20 09:36:45.900,3031.4000,5283,0,85548120.000,0,-,-,-,-,3030.8000,3030.6000,3030.4000,3030.0000,3029.6000,3032.4000,3032.6000,3032.8000,3033.0000,3033.4000,1,1,1,2,1,1,1,1,1,1
SF,IH2006,2019-12-20 09:36:46.400,3031.4000,5283,0,85548120.000,0,-,-,-,-,3030.8000,3030.6000,3030.0000,3029.6000,3029.0000,3032.2000,3032.4000,3032.6000,3032.8000,3033.0000,1,1,2,1,1,1,1,1,1,1
SF,IH2006,2019-12-20 09:36:46.900,3031.4000,5283,0,85548120.000,0,-,-,-,-,3030.6000,3030.0000,3029.6000,3029.0000,3028.6000,3032.0000,3032.2000,3032.6000,3032.8000,3033.0000,1,2,1,1,1,2,1,1,1,1
SF,IH2006,2019-12-20 09:36:47.400,3031.4000,5283,0,85548120.000,0,-,-,-,-,3030.6000,3030.0000,3029.0000,3028.6000,3027.8000,3032.0000,3032.2000,3032.6000,3032.8000,3033.0000,1,2,1,1,1,2,1,1,1,1
SF,IH2006,2019-12-20 09:36:47.900,3031.4000,5283,0,85548120.000,0,-,-,-,-,3030.6000,3030.0000,3029.0000,3028.6000,3027.8000,3032.0000,3032.2000,3032.6000,3032.8000,3033.0000,1,1,1,1,1,2,1,1,1,1
SF,IH2006,2019-12-20 09:36:48.400,3031.8000,5283,0,86457660.000,1,0,1,多换,S,3030.0000,3029.0000,3028.6000,3027.8000,3024.8000,3032.0000,3032.2000,3032.6000,3032.8000,3033.0000,1,1,1,1,1,2,1,1,1,1
SF,IH2006,2019-12-20 09:36:48.900,3031.8000,5283,0,86457660.000,0,-,-,-,-,3030.2000,3030.0000,3029.0000,3028.6000,3027.8000,3032.0000,3032.2000,3032.6000,3032.8000,3033.0000,1,1,1,1,1,2,1,1,1,1
