市场代码,合约代码,时间,最新,持仓,增仓,成交额,成交量,开仓,平仓,成交类型,方向,买一价,买二价,买三价,买四价,买五价,卖一价,卖二价,卖三价,卖四价,卖五价,买一量,买二量,买三量,买四量,买五量,卖一量,卖二量,卖三量,卖四量,卖五量
SF,IH2003,2019-12-02 09:29:00.100,2895.8000,15234,0,4343700.000,5.000,-,-,-,-,2895.8000,2895.0000,2894.8000,2893.4000,2892.8000,2899.6000,2900.0000,2901.8000,2904.2000,2905.8000,1,1,1,2,1,2,2,1,1,1
SF,IH2003,2019-12-02 09:30:00.100,2895.8000,15233,-1,5212440.000,1,0,1,双平,S,2896.0000,2895.8000,2895.0000,2894.8000,2894.0000,2898.2000,2899.2000,2899.4000,2899.6000,2900.0000,4,1,1,1,1,1,7,5,2,2
SF,IH2003,2019-12-02 09:30:00.600,2896.0000,15231,-2,6950040.000,2,0,2,双平,S,2896.0000,2895.8000,2895.0000,2893.4000,2892.8000,2898.2000,2899.0000,2899.2000,2899.4000,2899.6000,8,4,1,2,1,1,1,4,8,2
SF,IH2003,2019-12-02 09:30:01.100,2896.0000,15231,0,7818840.000,1,0,1,多换,S,2896.6000,2896.2000,2896.0000,2895.8000,2895.0000,2897.8000,2898.0000,2898.2000,2899.0000,2899.2000,2,1,6,4,1,1,4,2,1,3
SF,IH2003,2019-12-02 09:30:01.600,2896.0000,15231,0,7818840.000,0,-,-,-,-,2896.6000,2896.4000,2896.2000,2896.0000,2895.8000,2897.6000,2897.8000,2898.0000,2898.2000,2899.0000,1,1,1,6,4,1,1,3,2,1
SF,IH2003,2019-12-02 09:30:02.100,2897.6000,15230,-1,8688120.000,1,0,1,双平,S,2896.6000,2896.4000,2896.2000,2896.0000,2895.8000,2898.0000,2898.2000,2899.0000,2899.2000,2899.4000,2,1,1,6,4,1,2,1,3,6
SF,IH2003,2019-12-02 09:30:02.600,2896.8000,15231,1,11295900.000,3,2,1,空开,S,2896.8000,2896.6000,2896.4000,2896.2000,2896.0000,2898.2000,2898.8000,2899.0000,2899.2000,2899.4000,4,2,1,1,6,2,1,1,3,6
SF,IH2003,2019-12-02 09:30:03.100,2896.8000,15231,0,11295900.000,0,-,-,-,-,2897.8000,2897.0000,2896.8000,2896.6000,2896.4000,2898.2000,2898.8000,2899.0000,2899.2000,2899.4000,1,1,4,1,1,2,1,1,3,6
SF,IH2003,2019-12-02 09:30:03.600,2896.8000,15231,0,11295900.000,0,-,-,-,-,2897.8000,2897.6000,2897.2000,2897.0000,2896.8000,2898.2000,2898.8000,2899.0000,2899.2000,2899.4000,1,1,1,1,4,2,1,1,3,6
SF,IH2003,2019-12-02 09:30:04.100,2898.2000,15230,-1,13034820.000,2,0,2,多平,S,2897.8000,2897.6000,2897.0000,2896.8000,2896.6000,2898.8000,2899.0000,2899.2000,2899.4000,2900.0000,1,1,1,4,4,1,1,3,4,2
SF,IH2003,2019-12-02 09:30:04.600,2897.8000,15229,-1,13904160.000,1,0,1,双平,S,2898.2000,2897.6000,2897.0000,2896.8000,2896.6000,2898.4000,2898.6000,2898.8000,2899.0000,2899.4000,1,1,1,4,4,1,2,1,1,4
SF,IH2003,2019-12-02 09:30:05.100,2898.2000,15228,-1,15643140.000,2,0,2,多平,S,2898.2000,2897.6000,2897.0000,2896.8000,2896.6000,2898.6000,2898.8000,2899.0000,2899.4000,2900.0000,1,1,1,4,4,2,1,1,4,2
SF,IH2003,2019-12-02 09:30:05.600,2898.2000,15228,0,15643140.000,0,-,-,-,-,2898.2000,2897.6000,2897.0000,2896.8000,2896.6000,2898.8000,2899.0000,2899.4000,2900.0000,2900.4000,1,1,1,4,4,1,1,4,2,1
SF,IH2003,2019-12-02 09:30:06.100,2898.2000,15227,-1,16512600.000,1,0,1,双平,S,2898.6000,2898.4000,2897.6000,2897.0000,2896.8000,2898.8000,2899.0000,2900.0000,2900.4000,2903.2000,1,1,1,1,4,1,1,2,1,2
SF,IH2003,2019-12-02 09:30:06.600,2898.8000,15226,-1,17382240.000,1,0,1,双平,S,2898.6000,2898.4000,2897.8000,2897.6000,2897.0000,2899.0000,2900.0000,2903.2000,2904.4000,2905.0000,2,3,3,1,1,1,2,2,1,1
SF,IH2003,2019-12-02 09:30:07.100,2899.0000,15225,-1,18251940.000,1,0,1,双平,S,2899.0000,2898.6000,2898.4000,2897.8000,2897.6000,2900.0000,2903.2000,2904.4000,2905.0000,2905.2000,1,1,3,3,1,2,2,1,1,1
SF,IH2003,2019-12-02 09:30:07.600,2899.0000,15225,0,18251940.000,0,-,-,-,-,2899.2000,2899.0000,2898.8000,2898.6000,2898.4000,2900.0000,2903.0000,2903.2000,2904.4000,2905.0000,2,2,1,1,3,2,1,2,1,1
SF,IH2003,2019-12-02 09:30:08.100,2900.0000,15222,-3,20861340.000,3,0,3,双平,S,2899.0000,2898.8000,2898.6000,2898.4000,2897.8000,2900.0000,2903.0000,2903.2000,2904.4000,2905.0000,1,1,1,3,3,1,1,2,1,1
SF,IH2003,2019-12-02 09:30:08.600,2900.0000,15222,0,20861340.000,0,-,-,-,-,2899.4000,2899.2000,2899.0000,2898.8000,2898.6000,2900.0000,2903.0000,2903.2000,2904.4000,2905.0000,1,5,2,1,1,1,1,2,1,1
SF,IH2003,2019-12-02 09:30:09.100,2900.0000,15221,-1,21731340.000,1,0,1,双平,S,2899.6000,2899.2000,2899.0000,2898.8000,2898.6000,2903.0000,2903.2000,2904.4000,2905.0000,2905.2000,3,4,2,3,1,1,2,1,1,1
SF,IH2003,2019-12-02 09:30:09.600,2900.0000,15221,0,21731340.000,0,-,-,-,-,2900.0000,2899.8000,2899.6000,2899.2000,2899.0000,2902.0000,2902.6000,2902.8000,2903.0000,2903.2000,1,1,2,4,2,1,8,13,2,2
SF,IH2003,2019-12-02 09:30:10.100,2900.0000,15220,-1,22601340.000,1,0,1,双平,S,2900.0000,2899.2000,2899.0000,2898.8000,2898.6000,2901.6000,2901.8000,2902.0000,2902.6000,2902.8000,1,4,2,3,1,5,13,1,3,7
SF,IH2003,2019-12-02 09:30:10.600,2900.0000,15220,0,23471340.000,1,0,1,多换,S,2899.2000,2899.0000,2898.8000,2898.6000,2898.4000,2901.4000,2901.6000,2901.8000,2902.0000,2902.2000,4,2,3,1,1,12,6,7,1,1
SF,IH2003,2019-12-02 09:30:11.100,2900.0000,15220,0,23471340.000,0,-,-,-,-,2900.2000,2899.4000,2899.2000,2899.0000,2898.8000,2901.0000,2901.2000,2901.4000,2901.6000,2901.8000,1,3,4,3,3,5,1,9,1,6
SF,IH2003,2019-12-02 09:30:11.600,2900.0000,15219,-1,24341340.000,1,0,1,双平,S,2899.2000,2899.0000,2898.8000,2898.6000,2898.4000,2900.8000,2901.0000,2901.2000,2901.4000,2901.6000,4,3,3,1,1,5,5,2,7,1
SF,IH2003,2019-12-02 09:30:12.100,2900.4000,15218,-1,25211460.000,1,0,1,双平,S,2899.4000,2899.2000,2899.0000,2898.8000,2898.6000,2900.6000,2900.8000,2901.2000,2901.4000,2901.6000,2,4,3,3,1,4,4,2,7,1
SF,IH2003,2019-12-02 09:30:12.600,2899.2000,15216,-2,27820860.000,3,0,3,多平,S,2899.2000,2899.0000,2898.8000,2898.6000,2898.4000,2900.0000,2900.4000,2900.6000,2900.8000,2901.2000,3,3,3,1,1,1,4,5,2,2
SF,IH2003,2019-12-02 09:30:13.100,2899.2000,15216,0,27820860.000,0,-,-,-,-,2899.0000,2898.8000,2898.6000,2898.4000,2896.8000,2899.8000,2900.0000,2900.4000,2900.6000,2900.8000,3,3,1,1,3,2,1,4,4,2
SF,IH2003,2019-12-02 09:30:13.600,2899.2000,15216,0,27820860.000,0,-,-,-,-,2899.0000,2898.8000,2898.6000,2898.4000,2896.8000,2899.6000,2899.8000,2900.0000,2900.4000,2901.2000,2,3,1,1,3,5,12,1,4,2
SF,IH2003,2019-12-02 09:30:14.100,2899.2000,15216,0,27820860.000,0,-,-,-,-,2899.0000,2898.6000,2898.4000,2898.2000,2896.8000,2899.4000,2899.6000,2899.8000,2900.0000,2900.4000,2,1,1,3,3,2,5,5,1,4
SF,IH2003,2019-12-02 09:30:14.600,2899.4000,15216,0,28690680.000,1,0,1,多换,S,2899.0000,2898.6000,2898.4000,2898.2000,2896.8000,2899.4000,2899.6000,2899.8000,2900.0000,2900.4000,2,1,1,3,3,1,5,5,1,4
SF,IH2003,2019-12-02 09:30:15.100,2899.4000,15215,-1,29560500.000,1,0,1,双平,S,2899.0000,2898.6000,2898.4000,2898.2000,2896.8000,2899.6000,2899.8000,2900.0000,2900.4000,2901.0000,2,1,1,3,3,5,5,1,4,1
SF,IH2003,2019-12-02 09:30:15.600,2899.0000,15215,0,30430200.000,1,0,1,多换,S,2898.6000,2898.4000,2898.2000,2896.8000,2896.4000,2899.6000,2899.8000,2900.0000,2900.4000,2901.0000,1,1,3,3,1,5,4,2,4,1
SF,IH2003,2019-12-02 09:30:16.100,2899.0000,15215,0,30430200.000,0,-,-,-,-,2898.8000,2898.6000,2898.4000,2898.2000,2896.8000,2899.4000,2899.6000,2899.8000,2900.0000,2900.4000,1,1,1,3,3,1,5,4,2,4
SF,IH2003,2019-12-02 09:30:16.600,2898.8000,15214,-1,31299840.000,1,0,1,双平,S,2898.6000,2898.4000,2898.2000,2896.8000,2896.4000,2899.0000,2899.2000,2899.4000,2899.6000,2899.8000,1,1,3,3,1,4,1,4,1,4
SF,IH2003,2019-12-02 09:30:17.100,2898.6000,15214,0,32169420.000,1,0,1,多换,S,2898.4000,2898.2000,2896.8000,2896.4000,2896.0000,2899.4000,2899.6000,2899.8000,2900.0000,2901.0000,1,3,3,1,2,4,1,4,2,1
SF,IH2003,2019-12-02 09:30:17.600,2898.6000,15214,0,32169420.000,0,-,-,-,-,2898.4000,2898.2000,2896.8000,2896.4000,2896.0000,2898.6000,2899.6000,2899.8000,2900.0000,2901.0000,1,3,3,1,2,1,1,4,2,1
SF,IH2003,2019-12-02 09:30:18.100,2898.6000,15213,-1,33039000.000,1,0,1,双平,S,2898.6000,2898.4000,2898.2000,2896.8000,2896.4000,2899.6000,2899.8000,2900.0000,2901.0000,2901.2000,1,2,3,3,1,1,4,3,1,2
SF,IH2003,2019-12-02 09:30:18.600,2898.6000,15213,0,33039000.000,0,-,-,-,-,2898.8000,2898.6000,2898.4000,2898.2000,2896.8000,2900.0000,2900.6000,2901.0000,2901.2000,2901.4000,1,5,1,3,3,3,1,1,2,5
SF,IH2003,2019-12-02 09:30:19.100,2898.6000,15213,0,33039000.000,0,-,-,-,-,2898.8000,2898.6000,2898.4000,2898.2000,2896.8000,2899.8000,2900.0000,2900.6000,2901.0000,2901.2000,1,4,1,3,3,1,3,1,1,2
SF,IH2003,2019-12-02 09:30:19.600,2898.6000,15213,0,33039000.000,0,-,-,-,-,2898.8000,2898.6000,2898.4000,2898.2000,2896.8000,2900.0000,2900.6000,2901.0000,2901.2000,2901.4000,1,4,1,3,3,3,1,1,2,5
SF,IH2003,2019-12-02 09:30:20.100,2899.8000,15212,-1,33908940.000,1,0,1,双平,S,2898.8000,2898.6000,2898.4000,2898.2000,2896.8000,2900.0000,2900.6000,2901.0000,2901.2000,2901.4000,1,4,1,3,3,3,1,1,2,5
SF,IH2003,2019-12-02 09:30:20.600,2899.8000,15212,0,33908940.000,0,-,-,-,-,2898.8000,2898.6000,2898.4000,2898.2000,2896.8000,2899.6000,2900.0000,2900.6000,2901.0000,2901.2000,1,4,1,3,3,4,3,1,1,2
SF,IH2003,2019-12-02 09:30:21.100,2898.6000,15211,-1,34778520.000,1,0,1,双平,S,2898.4000,2897.8000,2896.8000,2896.4000,2896.0000,2898.8000,2899.4000,2899.6000,2899.8000,2900.0000,1,3,3,1,2,1,5,5,13,3
SF,IH2003,2019-12-02 09:30:21.600,2899.4000,15209,-2,36517980.000,2,0,2,双平,S,2898.4000,2897.8000,2896.8000,2896.4000,2896.0000,2899.4000,2899.6000,2899.8000,2900.0000,2900.6000,1,3,3,1,2,2,5,11,4,1
SF,IH2003,2019-12-02 09:30:22.100,2899.4000,15209,0,36517980.000,0,-,-,-,-,2898.4000,2897.8000,2896.8000,2896.4000,2896.0000,2899.0000,2899.2000,2899.4000,2899.6000,2899.8000,1,3,3,1,2,4,1,2,1,11
SF,IH2003,2019-12-02 09:30:22.600,2898.4000,15208,-1,38257020.000,2,0,2,多平,S,2897.8000,2896.8000,2896.4000,2896.0000,2895.8000,2899.0000,2899.4000,2899.6000,2899.8000,2900.0000,3,3,1,2,1,4,2,1,11,4
SF,IH2003,2019-12-02 09:30:23.100,2898.4000,15208,0,38257020.000,0,-,-,-,-,2898.0000,2897.8000,2896.8000,2896.4000,2896.0000,2899.0000,2899.4000,2899.6000,2899.8000,2900.0000,2,3,3,1,2,4,2,1,11,4
SF,IH2003,2019-12-02 09:30:23.600,2898.4000,15208,0,38257020.000,0,-,-,-,-,2899.0000,2898.0000,2897.4000,2896.8000,2896.4000,2899.4000,2899.6000,2899.8000,2900.0000,2900.6000,1,2,3,3,1,2,1,11,4,1
SF,IH2003,2019-12-02 09:30:24.100,2899.0000,15208,0,39126720.000,1,0,1,多换,S,2898.0000,2897.4000,2896.8000,2896.4000,2896.0000,2898.8000,2899.0000,2899.4000,2899.6000,2899.8000,2,3,3,1,2,1,3,2,1,11
SF,IH2003,2019-12-02 09:30:24.600,2899.0000,15208,0,39126720.000,0,-,-,-,-,2898.0000,2897.4000,2896.8000,2896.4000,2896.0000,2898.8000,2899.4000,2899.6000,2899.8000,2900.0000,2,3,3,1,2,1,2,1,11,4
SF,IH2003,2019-12-02 09:30:25.100,2899.0000,15208,0,39126720.000,0,-,-,-,-,2898.0000,2897.4000,2896.8000,2896.4000,2896.0000,2899.4000,2899.6000,2899.8000,2900.0000,2900.6000,1,3,3,1,2,2,1,11,4,1
SF,IH2003,2019-12-02 09:30:25.600,2898.2000,15207,-1,39996180.000,1,0,1,双平,S,2898.2000,2898.0000,2897.4000,2896.8000,2896.4000,2899.2000,2899.4000,2899.6000,2899.8000,2900.0000,1,2,3,3,1,4,2,1,11,4
SF,IH2003,2019-12-02 09:30:26.100,2898.2000,15206,-1,40865640.000,1,0,1,双平,S,2897.4000,2896.8000,2896.4000,2896.0000,2895.8000,2899.0000,2899.2000,2899.4000,2899.8000,2900.0000,3,3,1,2,1,3,6,2,9,2
SF,IH2003,2019-12-02 09:30:26.600,2898.8000,15206,0,41735280.000,1,0,1,多换,S,2897.6000,2897.4000,2896.8000,2896.4000,2896.0000,2898.8000,2899.0000,2899.2000,2899.4000,2899.8000,1,3,3,1,2,1,3,5,2,9
SF,IH2003,2019-12-02 09:30:27.100,2898.8000,15206,0,41735280.000,0,-,-,-,-,2897.6000,2897.4000,2896.8000,2896.4000,2896.0000,2899.0000,2899.2000,2899.4000,2899.8000,2900.0000,5,3,3,1,2,4,3,2,9,2
SF,IH2003,2019-12-02 09:30:27.600,2898.8000,15206,0,41735280.000,0,-,-,-,-,2897.8000,2897.6000,2897.4000,2896.8000,2896.4000,2898.8000,2899.0000,2899.2000,2899.4000,2899.8000,1,5,3,3,1,3,3,1,2,15
SF,IH2003,2019-12-02 09:30:28.100,2898.8000,15206,0,41735280.000,0,-,-,-,-,2897.8000,2897.6000,2897.4000,2896.8000,2896.4000,2898.8000,2899.0000,2899.4000,2899.6000,2899.8000,1,5,3,3,1,4,2,2,1,15
SF,IH2003,2019-12-02 09:30:28.600,2898.8000,15206,0,41735280.000,0,-,-,-,-,2897.8000,2897.6000,2897.4000,2896.8000,2896.4000,2898.8000,2899.4000,2899.6000,2899.8000,2900.0000,1,5,3,3,1,1,2,1,15,3
SF,IH2003,2019-12-02 09:30:29.100,2898.8000,15206,0,41735280.000,0,-,-,-,-,2897.8000,2897.6000,2897.4000,2896.8000,2896.4000,2899.4000,2899.6000,2899.8000,2900.0000,2900.6000,1,4,3,3,1,2,1,15,3,1
SF,IH2003,2019-12-02 09:30:29.600,2898.8000,15206,0,41735280.000,0,-,-,-,-,2898.0000,2897.8000,2897.6000,2897.4000,2896.8000,2899.0000,2899.2000,2899.4000,2899.6000,2899.8000,1,1,4,3,3,3,2,2,1,15
SF,IH2003,2019-12-02 09:30:30.100,2898.2000,15206,0,42604740.000,1,0,1,多换,S,2898.0000,2897.8000,2897.6000,2897.4000,2896.8000,2898.8000,2899.0000,2899.2000,2899.4000,2899.6000,1,1,4,3,3,1,3,1,2,1
SF,IH2003,2019-12-02 09:30:30.600,2899.0000,15204,-2,44344080.000,2,0,2,双平,S,2898.0000,2897.8000,2897.6000,2897.4000,2896.8000,2899.2000,2899.4000,2899.8000,2900.0000,2900.6000,1,1,4,3,3,1,2,15,2,1
SF,IH2003,2019-12-02 09:30:31.100,2899.0000,15204,0,44344080.000,0,-,-,-,-,2898.0000,2897.8000,2897.6000,2897.4000,2896.8000,2899.4000,2899.8000,2900.0000,2900.6000,2901.2000,1,1,4,3,3,2,10,2,1,2
SF,IH2003,2019-12-02 09:30:31.600,2899.0000,15204,0,44344080.000,0,-,-,-,-,2898.0000,2897.8000,2897.6000,2897.4000,2896.8000,2899.2000,2899.4000,2899.8000,2900.0000,2900.6000,1,1,4,3,3,4,2,10,2,1
SF,IH2003,2019-12-02 09:30:32.600,2899.0000,15204,0,44344080.000,0,-,-,-,-,2898.0000,2897.8000,2897.6000,2897.4000,2896.8000,2899.0000,2899.2000,2899.4000,2899.8000,2900.0000,1,1,4,3,3,2,4,2,10,2
SF,IH2003,2019-12-02 09:30:33.100,2899.0000,15204,0,44344080.000,0,-,-,-,-,2898.0000,2897.8000,2897.6000,2897.4000,2896.8000,2899.0000,2899.2000,2899.4000,2899.8000,2900.0000,1,1,4,3,3,2,4,2,10,2
SF,IH2003,2019-12-02 09:30:33.600,2898.0000,15204,0,45213480.000,1,0,1,多换,S,2897.8000,2897.6000,2897.4000,2896.8000,2896.4000,2899.2000,2899.4000,2899.8000,2900.0000,2900.6000,1,4,3,3,1,1,2,10,3,1
SF,IH2003,2019-12-02 09:30:34.100,2899.2000,15204,0,46083240.000,1,0,1,多换,S,2899.2000,2898.0000,2897.8000,2897.6000,2897.0000,2899.4000,2899.8000,2900.0000,2900.6000,2901.2000,2,5,2,4,3,2,10,3,1,2
SF,IH2003,2019-12-02 09:30:34.600,2899.2000,15204,0,47822760.000,2,1,1,多换,S,2899.0000,2898.2000,2898.0000,2897.8000,2897.6000,2899.2000,2899.4000,2899.8000,2900.0000,2900.6000,2,3,4,2,4,4,2,10,3,1
SF,IH2003,2019-12-02 09:30:35.100,2899.0000,15204,0,49562160.000,2,1,1,多换,S,2898.2000,2898.0000,2897.8000,2897.6000,2896.8000,2899.0000,2899.2000,2899.4000,2899.8000,2900.0000,3,4,2,4,3,2,2,2,10,3
SF,IH2003,2019-12-02 09:30:36.100,2899.0000,15203,-1,50431860.000,1,0,1,双平,S,2898.4000,2898.2000,2898.0000,2897.8000,2897.6000,2899.0000,2899.2000,2899.4000,2899.8000,2900.0000,1,3,4,2,4,1,2,2,10,3
SF,IH2003,2019-12-02 09:30:36.600,2899.4000,15199,-4,53910960.000,4,0,4,双平,S,2899.6000,2899.2000,2899.0000,2898.6000,2898.4000,2899.8000,2900.0000,2900.6000,2901.2000,2902.6000,2,2,2,3,1,8,3,1,2,3
SF,IH2003,2019-12-02 09:30:37.100,2899.2000,15198,-1,54780720.000,1,0,1,双平,S,2899.2000,2899.0000,2898.6000,2898.4000,2898.2000,2899.8000,2900.0000,2900.6000,2901.2000,2902.6000,1,2,3,1,3,6,3,1,2,3
SF,IH2003,2019-12-02 09:30:37.600,2899.2000,15198,0,54780720.000,0,-,-,-,-,2899.2000,2899.0000,2898.6000,2898.4000,2898.2000,2899.6000,2899.8000,2900.0000,2900.6000,2901.2000,1,2,3,1,3,1,6,3,1,2
SF,IH2003,2019-12-02 09:30:38.100,2899.2000,15198,0,54780720.000,0,-,-,-,-,2899.0000,2898.6000,2898.4000,2898.2000,2898.0000,2899.6000,2899.8000,2900.0000,2900.6000,2901.2000,2,3,1,3,4,1,6,3,1,2
SF,IH2003,2019-12-02 09:30:38.600,2899.2000,15198,0,54780720.000,0,-,-,-,-,2899.2000,2899.0000,2898.6000,2898.4000,2898.2000,2899.6000,2899.8000,2900.0000,2900.6000,2901.2000,1,2,3,1,3,1,6,3,1,2
SF,IH2003,2019-12-02 09:30:39.100,2899.2000,15197,-1,55650480.000,1,0,1,双平,S,2899.0000,2898.6000,2898.4000,2898.2000,2898.0000,2899.6000,2899.8000,2900.0000,2900.6000,2901.2000,2,3,1,3,4,1,6,3,1,2
SF,IH2003,2019-12-02 09:30:39.600,2899.2000,15197,0,55650480.000,0,-,-,-,-,2899.2000,2899.0000,2898.6000,2898.4000,2898.2000,2899.6000,2899.8000,2900.0000,2900.6000,2901.2000,3,2,3,1,3,1,6,3,1,2
SF,IH2003,2019-12-02 09:30:40.100,2899.6000,15193,-4,62608860.000,8,2,6,多平,S,2899.0000,2898.6000,2898.4000,2898.2000,2898.0000,2899.8000,2900.0000,2900.6000,2901.2000,2902.6000,2,1,1,3,2,6,3,1,2,3
SF,IH2003,2019-12-02 09:30:40.600,2899.0000,15189,-4,66087660.000,4,0,4,双平,S,2898.6000,2898.4000,2898.2000,2897.8000,2897.6000,2899.0000,2899.4000,2899.6000,2899.8000,2900.0000,1,1,3,1,4,2,2,10,6,3
SF,IH2003,2019-12-02 09:30:41.100,2898.6000,15189,0,66957240.000,1,0,1,多换,S,2898.8000,2898.4000,2897.6000,2892.8000,2892.0000,2899.0000,2899.4000,2899.6000,2899.8000,2900.0000,2,1,2,6,1,2,4,9,6,3
SF,IH2003,2019-12-02 09:30:41.600,2898.8000,15187,-2,68696520.000,2,0,2,双平,S,2897.6000,2892.8000,2892.0000,2891.0000,2889.0000,2899.0000,2899.2000,2899.4000,2899.6000,2899.8000,2,6,1,2,1,3,1,4,9,6
SF,IH2003,2019-12-02 09:30:42.100,2899.0000,15187,0,70435920.000,2,1,1,多换,S,2897.8000,2897.6000,2892.8000,2892.0000,2891.0000,2899.0000,2899.2000,2899.4000,2899.6000,2899.8000,4,5,6,1,2,1,1,4,9,6
SF,IH2003,2019-12-02 09:30:42.600,2899.0000,15187,0,71305620.000,1,0,1,多换,S,2899.0000,2898.6000,2897.8000,2897.6000,2892.8000,2899.2000,2899.4000,2899.6000,2899.8000,2900.0000,2,1,4,3,6,1,4,9,6,3
SF,IH2003,2019-12-02 09:30:43.100,2899.2000,15187,0,73914780.000,3,1,2,多换,S,2898.6000,2897.8000,2897.6000,2892.8000,2892.0000,2899.4000,2899.6000,2899.8000,2900.0000,2900.6000,1,4,3,6,1,4,9,6,3,1
SF,IH2003,2019-12-02 09:30:43.600,2899.2000,15187,0,73914780.000,0,-,-,-,-,2898.6000,2897.8000,2897.6000,2892.8000,2892.0000,2899.2000,2899.4000,2899.6000,2899.8000,2900.0000,1,4,3,6,1,1,3,9,6,3
SF,IH2003,2019-12-02 09:30:44.100,2899.2000,15187,0,73914780.000,0,-,-,-,-,2898.6000,2897.8000,2897.6000,2892.8000,2892.0000,2899.0000,2899.4000,2899.6000,2899.8000,2900.0000,1,4,3,6,1,1,3,8,6,3
SF,IH2003,2019-12-02 09:30:44.600,2899.6000,15187,0,77394060.000,4,2,2,多换,S,2898.6000,2897.8000,2897.6000,2892.8000,2892.0000,2899.6000,2899.8000,2900.0000,2900.6000,2901.2000,1,4,3,6,1,7,6,3,1,2
SF,IH2003,2019-12-02 09:30:45.100,2899.6000,15187,0,77394060.000,0,-,-,-,-,2898.6000,2897.8000,2897.6000,2892.8000,2892.0000,2899.4000,2899.6000,2899.8000,2900.0000,2900.6000,1,4,3,6,1,2,7,6,3,1
SF,IH2003,2019-12-02 09:30:45.600,2899.6000,15187,0,77394060.000,0,-,-,-,-,2898.6000,2897.8000,2897.6000,2892.8000,2892.0000,2899.4000,2899.6000,2899.8000,2900.0000,2900.6000,1,4,3,6,1,2,7,6,3,1
SF,IH2003,2019-12-02 09:30:46.100,2898.6000,15187,0,78263640.000,1,0,1,多换,S,2897.8000,2897.6000,2892.8000,2892.0000,2891.0000,2898.6000,2899.4000,2899.6000,2899.8000,2900.0000,4,3,6,1,2,1,2,7,6,3
SF,IH2003,2019-12-02 09:30:46.600,2899.2000,15187,0,81742500.000,4,2,2,多换,S,2898.8000,2897.8000,2897.6000,2892.8000,2892.0000,2899.2000,2899.4000,2899.6000,2899.8000,2900.0000,2,3,3,6,1,2,1,2,6,3
SF,IH2003,2019-12-02 09:30:47.100,2899.2000,15187,0,81742500.000,0,-,-,-,-,2899.0000,2898.8000,2898.6000,2897.8000,2897.6000,2899.2000,2899.4000,2899.6000,2899.8000,2900.0000,1,1,2,3,3,2,1,2,6,3
SF,IH2003,2019-12-02 09:30:47.600,2899.2000,15186,-1,82612260.000,1,0,1,双平,S,2899.0000,2898.8000,2898.6000,2897.8000,2897.6000,2899.2000,2899.4000,2899.6000,2899.8000,2900.0000,1,1,2,3,3,1,1,2,6,3
SF,IH2003,2019-12-02 09:30:48.100,2899.2000,15185,-1,83482020.000,1,0,1,双平,S,2899.2000,2899.0000,2898.8000,2898.6000,2897.8000,2899.4000,2899.6000,2899.8000,2900.0000,2900.6000,1,1,1,1,3,1,2,6,3,1
SF,IH2003,2019-12-02 09:30:48.600,2899.0000,15183,-2,85221540.000,2,0,2,双平,S,2898.8000,2898.6000,2897.8000,2892.8000,2892.0000,2899.6000,2899.8000,2900.0000,2900.6000,2901.2000,1,4,3,6,1,2,6,4,1,2
SF,IH2003,2019-12-02 09:30:49.100,2899.0000,15183,0,85221540.000,0,-,-,-,-,2899.0000,2898.8000,2898.6000,2897.8000,2892.8000,2899.6000,2899.8000,2900.0000,2900.6000,2901.2000,1,1,4,3,6,2,6,4,1,2
SF,IH2003,2019-12-02 09:30:50.100,2899.0000,15183,0,85221540.000,0,-,-,-,-,2899.0000,2898.6000,2898.4000,2897.8000,2892.8000,2899.6000,2899.8000,2900.0000,2900.6000,2901.2000,1,1,3,3,6,2,6,4,1,2
SF,IH2003,2019-12-02 09:30:50.600,2899.0000,15182,-1,86091240.000,1,0,1,双平,S,2898.6000,2898.4000,2897.8000,2892.8000,2892.0000,2899.0000,2899.6000,2899.8000,2900.0000,2900.6000,1,3,3,6,1,2,2,6,4,1
SF,IH2003,2019-12-02 09:30:51.100,2899.0000,15178,-4,89569620.000,4,0,4,双平,S,2897.8000,2892.8000,2892.0000,2891.0000,2889.0000,2899.6000,2899.8000,2900.0000,2900.6000,2901.2000,3,6,1,2,1,2,6,4,1,2
SF,IH2003,2019-12-02 09:30:51.600,2899.0000,15178,0,89569620.000,0,-,-,-,-,2897.8000,2897.6000,2892.8000,2892.0000,2891.0000,2899.4000,2899.6000,2899.8000,2900.0000,2900.6000,3,1,6,1,2,5,2,6,4,1
SF,IH2003,2019-12-02 09:30:52.100,2899.0000,15178,0,89569620.000,0,-,-,-,-,2898.0000,2897.8000,2897.6000,2892.8000,2892.0000,2899.2000,2899.4000,2899.6000,2899.8000,2900.0000,1,3,1,6,1,2,5,2,6,4
SF,IH2003,2019-12-02 09:30:52.600,2899.0000,15178,0,89569620.000,0,-,-,-,-,2898.2000,2897.8000,2897.6000,2892.8000,2892.0000,2899.4000,2899.6000,2899.8000,2900.0000,2900.6000,1,2,1,6,1,3,2,6,4,1
SF,IH2003,2019-12-02 09:30:53.100,2899.0000,15178,0,89569620.000,0,-,-,-,-,2898.2000,2897.8000,2897.6000,2892.8000,2892.0000,2899.2000,2899.4000,2899.6000,2899.8000,2900.0000,1,2,1,6,1,3,2,2,6,4
SF,IH2003,2019-12-02 09:30:54.600,2899.0000,15178,0,89569620.000,0,-,-,-,-,2898.2000,2897.8000,2897.6000,2892.8000,2892.0000,2899.2000,2899.4000,2899.6000,2899.8000,2900.0000,1,2,1,6,1,3,2,2,6,4
SF,IH2003,2019-12-02 09:30:55.600,2899.0000,15178,0,89569620.000,0,-,-,-,-,2898.2000,2897.8000,2897.6000,2892.8000,2892.0000,2899.0000,2899.2000,2899.4000,2899.6000,2899.8000,1,2,1,6,1,1,3,2,2,6
SF,IH2003,2019-12-02 09:30:56.100,2899.0000,15178,0,89569620.000,0,-,-,-,-,2898.2000,2897.8000,2897.6000,2892.8000,2892.0000,2899.0000,2899.2000,2899.4000,2899.6000,2899.8000,1,2,1,6,1,1,2,2,2,6
SF,IH2003,2019-12-02 09:30:56.600,2899.0000,15178,0,89569620.000,0,-,-,-,-,2898.2000,2897.8000,2897.6000,2892.8000,2892.0000,2899.0000,2899.2000,2899.4000,2899.6000,2899.8000,1,2,1,6,1,1,2,2,2,6
SF,IH2003,2019-12-02 09:30:57.600,2899.0000,15178,0,89569620.000,0,-,-,-,-,2898.2000,2897.8000,2897.6000,2892.8000,2892.0000,2899.0000,2899.2000,2899.4000,2899.6000,2899.8000,1,2,1,6,1,1,2,2,2,6
SF,IH2003,2019-12-02 09:30:58.600,2899.0000,15178,0,89569620.000,0,-,-,-,-,2898.2000,2897.8000,2897.6000,2892.8000,2892.0000,2899.0000,2899.2000,2899.4000,2899.6000,2899.8000,1,2,1,6,1,1,2,2,2,6
SF,IH2003,2019-12-02 09:30:59.600,2899.0000,15178,0,89569620.000,0,-,-,-,-,2898.2000,2897.8000,2897.6000,2892.8000,2892.0000,2899.4000,2899.6000,2899.8000,2900.0000,2900.6000,1,2,1,6,1,2,2,6,7,1
SF,IH2003,2019-12-02 09:31:00.100,2899.0000,15178,0,89569620.000,0,-,-,-,-,2898.2000,2897.8000,2897.6000,2892.8000,2892.0000,2899.4000,2899.6000,2899.8000,2900.0000,2900.6000,1,2,1,6,1,2,2,6,7,1
SF,IH2003,2019-12-02 09:31:00.600,2898.2000,15177,-1,90439080.000,1,0,1,双平,S,2897.8000,2897.6000,2892.8000,2892.0000,2891.0000,2899.0000,2899.4000,2899.6000,2899.8000,2900.0000,2,1,6,1,2,1,2,2,6,7
SF,IH2003,2019-12-02 09:31:01.100,2898.2000,15177,0,90439080.000,0,-,-,-,-,2898.0000,2897.8000,2897.6000,2892.8000,2892.0000,2899.0000,2899.2000,2899.4000,2899.6000,2899.8000,1,2,1,6,1,1,2,2,2,6
SF,IH2003,2019-12-02 09:31:01.600,2898.2000,15177,0,90439080.000,0,-,-,-,-,2898.0000,2897.6000,2892.8000,2892.0000,2891.0000,2899.0000,2899.2000,2899.4000,2899.6000,2899.8000,1,1,6,1,2,1,2,2,2,6
SF,IH2003,2019-12-02 09:31:02.100,2899.0000,15177,0,91308780.000,1,0,1,多换,S,2898.0000,2897.6000,2892.8000,2892.0000,2891.0000,2899.2000,2899.4000,2899.6000,2899.8000,2900.0000,1,1,6,1,2,2,2,2,6,8
SF,IH2003,2019-12-02 09:31:03.600,2899.0000,15177,0,91308780.000,0,-,-,-,-,2898.0000,2897.6000,2892.8000,2892.0000,2891.0000,2899.0000,2899.2000,2899.6000,2899.8000,2900.0000,1,1,6,1,2,1,3,2,6,8
SF,IH2003,2019-12-02 09:31:05.600,2899.0000,15177,0,91308780.000,0,-,-,-,-,2898.0000,2897.6000,2892.8000,2892.0000,2891.0000,2899.0000,2899.2000,2899.6000,2899.8000,2900.0000,1,1,6,1,2,1,3,2,6,8
SF,IH2003,2019-12-02 09:31:08.100,2899.0000,15177,0,91308780.000,0,-,-,-,-,2898.0000,2897.6000,2892.8000,2892.0000,2891.0000,2898.8000,2899.0000,2899.2000,2899.8000,2900.0000,1,1,6,1,2,2,1,3,6,8
SF,IH2003,2019-12-02 09:31:08.600,2899.0000,15177,0,91308780.000,0,-,-,-,-,2898.0000,2897.6000,2892.8000,2892.0000,2891.0000,2898.8000,2899.0000,2899.2000,2899.8000,2900.0000,1,1,6,1,2,3,1,3,6,8
SF,IH2003,2019-12-02 09:31:09.100,2899.0000,15177,0,91308780.000,0,-,-,-,-,2898.0000,2897.6000,2892.8000,2892.0000,2891.0000,2898.8000,2899.0000,2899.2000,2899.8000,2900.0000,1,1,6,1,2,4,1,3,6,8
SF,IH2003,2019-12-02 09:31:09.600,2899.0000,15177,0,91308780.000,0,-,-,-,-,2898.0000,2897.6000,2892.8000,2892.0000,2891.0000,2898.6000,2899.2000,2899.8000,2900.0000,2900.6000,2,1,6,1,2,2,3,6,8,1
SF,IH2003,2019-12-02 09:31:10.100,2899.0000,15177,0,91308780.000,0,-,-,-,-,2898.0000,2897.6000,2892.8000,2892.0000,2891.0000,2898.6000,2899.2000,2899.8000,2900.0000,2900.6000,2,1,6,1,2,4,3,6,8,1
SF,IH2003,2019-12-02 09:31:10.600,2898.8000,15175,-2,93048060.000,2,0,2,双平,S,2898.8000,2898.0000,2897.6000,2892.8000,2892.0000,2899.2000,2899.8000,2900.0000,2900.6000,2902.6000,1,1,1,6,1,3,6,8,1,3
SF,IH2003,2019-12-02 09:31:11.100,2898.6000,15174,-1,94787280.000,2,0,2,多平,S,2898.0000,2897.6000,2892.8000,2892.0000,2891.0000,2898.8000,2899.2000,2899.8000,2900.0000,2900.6000,1,1,6,1,2,1,3,6,8,1
SF,IH2003,2019-12-02 09:31:11.600,2898.6000,15174,0,94787280.000,0,-,-,-,-,2898.0000,2897.6000,2892.8000,2892.0000,2891.0000,2898.6000,2899.2000,2899.8000,2900.0000,2900.6000,1,1,6,1,2,2,3,6,8,1
SF,IH2003,2019-12-02 09:31:12.600,2898.6000,15174,0,94787280.000,0,-,-,-,-,2898.0000,2897.6000,2892.8000,2892.0000,2891.0000,2898.6000,2899.2000,2899.8000,2900.0000,2900.6000,1,1,6,1,2,2,3,6,8,1
SF,IH2003,2019-12-02 09:31:14.100,2898.0000,15174,0,95656680.000,1,0,1,多换,S,2897.6000,2892.8000,2892.0000,2891.0000,2889.0000,2898.4000,2898.6000,2899.2000,2899.8000,2900.0000,1,6,1,2,1,4,2,3,6,8
SF,IH2003,2019-12-02 09:31:14.600,2898.0000,15174,0,95656680.000,0,-,-,-,-,2897.6000,2892.8000,2892.0000,2891.0000,2889.0000,2898.4000,2898.6000,2899.2000,2899.8000,2900.0000,1,6,1,2,1,1,2,3,6,8
SF,IH2003,2019-12-02 09:31:18.600,2898.4000,15174,0,96526200.000,1,0,1,多换,S,2897.6000,2892.8000,2892.0000,2891.0000,2889.0000,2898.6000,2899.2000,2899.8000,2900.0000,2900.6000,1,6,1,2,1,2,3,6,8,1
SF,IH2003,2019-12-02 09:31:19.100,2898.4000,15174,0,96526200.000,0,-,-,-,-,2897.8000,2897.6000,2892.8000,2892.0000,2891.0000,2898.6000,2899.2000,2899.8000,2900.0000,2900.6000,1,1,6,1,2,2,3,6,8,1
SF,IH2003,2019-12-02 09:31:19.600,2898.4000,15174,0,96526200.000,0,-,-,-,-,2897.8000,2897.6000,2892.8000,2892.0000,2891.0000,2898.0000,2898.6000,2899.2000,2899.8000,2900.0000,1,1,6,1,2,2,2,3,6,8
SF,IH2003,2019-12-02 09:31:20.100,2898.0000,15172,-2,98265000.000,2,0,2,双平,S,2898.2000,2898.0000,2897.8000,2897.2000,2892.8000,2898.6000,2899.2000,2899.8000,2900.0000,2900.6000,5,5,1,1,6,2,3,6,8,1
SF,IH2003,2019-12-02 09:31:20.600,2898.0000,15172,0,98265000.000,0,-,-,-,-,2898.2000,2898.0000,2897.8000,2897.2000,2892.8000,2898.6000,2899.2000,2899.8000,2900.0000,2900.6000,4,3,1,1,6,2,3,6,8,1
SF,IH2003,2019-12-02 09:31:21.600,2898.0000,15172,0,98265000.000,0,-,-,-,-,2898.2000,2898.0000,2897.8000,2897.2000,2892.8000,2898.6000,2899.2000,2899.8000,2900.0000,2900.6000,2,3,1,1,6,2,3,6,8,1
SF,IH2003,2019-12-02 09:31:22.100,2898.2000,15171,-1,100004040.000,2,0,2,多平,S,2898.2000,2898.0000,2897.8000,2897.2000,2892.8000,2898.6000,2899.2000,2899.8000,2900.0000,2900.6000,1,3,1,1,6,1,3,6,8,1
SF,IH2003,2019-12-02 09:31:22.600,2898.2000,15171,0,100004040.000,0,-,-,-,-,2898.0000,2897.8000,2897.2000,2892.8000,2892.0000,2898.6000,2899.2000,2899.8000,2900.0000,2900.6000,3,1,1,6,1,1,3,6,8,1
SF,IH2003,2019-12-02 09:31:23.100,2898.2000,15171,0,100004040.000,0,-,-,-,-,2898.0000,2897.8000,2897.2000,2892.8000,2892.0000,2898.2000,2898.6000,2899.2000,2899.8000,2900.0000,3,1,1,6,1,2,1,3,6,8
SF,IH2003,2019-12-02 09:31:23.600,2898.2000,15171,0,101742960.000,2,1,1,多换,S,2898.4000,2898.2000,2898.0000,2897.8000,2897.2000,2898.6000,2899.2000,2899.8000,2900.0000,2900.6000,4,3,3,1,1,1,3,6,8,1
SF,IH2003,2019-12-02 09:31:24.100,2898.6000,15170,-1,102612540.000,1,0,1,双平,S,2898.8000,2898.6000,2898.4000,2898.2000,2898.0000,2899.2000,2899.8000,2900.0000,2900.6000,2902.6000,1,4,4,2,3,3,6,8,1,3
SF,IH2003,2019-12-02 09:31:24.600,2899.0000,15165,-5,106961160.000,5,0,5,双平,S,2899.0000,2898.8000,2898.6000,2898.4000,2898.2000,2899.2000,2899.8000,2900.0000,2900.6000,2902.6000,1,1,4,4,2,1,6,8,1,3
SF,IH2003,2019-12-02 09:31:25.100,2899.2000,15164,-1,107830920.000,1,0,1,双平,S,2899.0000,2898.8000,2898.6000,2898.4000,2898.2000,2899.8000,2900.0000,2900.6000,2902.6000,2902.8000,1,1,4,4,2,6,8,1,3,1
SF,IH2003,2019-12-02 09:31:25.600,2899.2000,15164,0,107830920.000,0,-,-,-,-,2899.0000,2898.8000,2898.6000,2898.4000,2898.2000,2899.4000,2899.6000,2899.8000,2900.0000,2900.6000,1,1,4,2,2,3,3,6,8,1
SF,IH2003,2019-12-02 09:31:26.100,2899.2000,15164,0,107830920.000,0,-,-,-,-,2899.0000,2898.8000,2898.6000,2898.4000,2898.2000,2899.4000,2899.6000,2899.8000,2900.0000,2900.6000,1,1,4,2,2,3,2,6,8,1
SF,IH2003,2019-12-02 09:31:26.600,2899.2000,15164,0,107830920.000,0,-,-,-,-,2898.8000,2898.6000,2898.4000,2898.2000,2898.0000,2899.4000,2899.6000,2899.8000,2900.0000,2900.6000,1,4,2,2,3,3,2,6,8,1
SF,IH2003,2019-12-02 09:31:27.100,2899.2000,15164,0,107830920.000,0,-,-,-,-,2898.8000,2898.6000,2898.4000,2898.2000,2898.0000,2899.2000,2899.4000,2899.6000,2899.8000,2900.0000,1,4,2,2,3,1,3,1,6,8
SF,IH2003,2019-12-02 09:31:27.600,2899.2000,15164,0,107830920.000,0,-,-,-,-,2899.2000,2898.8000,2898.6000,2898.4000,2898.2000,2899.4000,2899.6000,2899.8000,2900.0000,2900.6000,1,1,4,2,2,1,1,6,8,1
SF,IH2003,2019-12-02 09:31:28.100,2899.2000,15162,-2,109570500.000,2,0,2,双平,S,2898.6000,2898.4000,2898.2000,2898.0000,2897.8000,2899.2000,2899.6000,2899.8000,2900.0000,2900.6000,4,2,2,3,1,1,1,6,8,1
SF,IH2003,2019-12-02 09:31:28.600,2899.2000,15162,0,109570500.000,0,-,-,-,-,2898.6000,2898.4000,2898.2000,2898.0000,2897.8000,2899.6000,2899.8000,2900.0000,2900.6000,2902.6000,4,2,2,3,1,1,6,8,1,1
SF,IH2003,2019-12-02 09:31:29.100,2899.2000,15162,0,109570500.000,0,-,-,-,-,2898.6000,2898.4000,2898.2000,2898.0000,2897.8000,2899.2000,2899.4000,2899.6000,2899.8000,2900.0000,4,2,2,3,1,1,2,1,6,8
SF,IH2003,2019-12-02 09:31:29.600,2899.2000,15162,0,109570500.000,0,-,-,-,-,2898.6000,2898.4000,2898.2000,2898.0000,2897.8000,2899.4000,2899.6000,2899.8000,2900.0000,2900.6000,2,2,2,3,1,1,1,6,8,1
SF,IH2003,2019-12-02 09:31:30.100,2899.2000,15162,0,109570500.000,0,-,-,-,-,2898.6000,2898.4000,2898.2000,2898.0000,2897.8000,2899.6000,2899.8000,2900.0000,2900.6000,2902.6000,2,2,2,2,1,1,6,8,1,1
SF,IH2003,2019-12-02 09:31:31.100,2899.2000,15162,0,109570500.000,0,-,-,-,-,2898.6000,2898.4000,2898.2000,2898.0000,2897.8000,2899.4000,2899.6000,2899.8000,2900.0000,2900.6000,2,2,2,2,1,1,1,6,8,1
SF,IH2003,2019-12-02 09:31:31.600,2899.2000,15162,0,109570500.000,0,-,-,-,-,2898.6000,2898.4000,2898.2000,2898.0000,2897.8000,2899.2000,2899.4000,2899.6000,2899.8000,2900.0000,2,2,2,2,1,1,1,1,6,8
SF,IH2003,2019-12-02 09:31:32.100,2899.2000,15161,-1,110440260.000,1,0,1,双平,S,2898.6000,2898.4000,2898.2000,2898.0000,2897.8000,2899.4000,2899.6000,2899.8000,2900.0000,2900.6000,2,2,2,2,1,1,1,6,8,1
SF,IH2003,2019-12-02 09:31:33.100,2899.2000,15161,0,110440260.000,0,-,-,-,-,2898.6000,2898.4000,2898.2000,2898.0000,2897.8000,2899.4000,2899.6000,2899.8000,2900.0000,2900.6000,2,2,2,2,1,1,1,7,8,1
SF,IH2003,2019-12-02 09:31:33.600,2899.2000,15161,0,110440260.000,0,-,-,-,-,2898.4000,2898.2000,2898.0000,2897.8000,2892.8000,2899.4000,2899.6000,2899.8000,2900.0000,2900.6000,2,2,2,1,6,1,1,7,8,1
SF,IH2003,2019-12-02 09:31:34.100,2899.2000,15161,0,110440260.000,0,-,-,-,-,2898.6000,2898.4000,2898.2000,2898.0000,2892.8000,2899.4000,2899.6000,2899.8000,2900.0000,2900.6000,1,2,2,2,6,1,1,7,8,1
SF,IH2003,2019-12-02 09:31:34.600,2899.2000,15161,0,110440260.000,0,-,-,-,-,2898.6000,2898.4000,2898.2000,2898.0000,2892.8000,2899.2000,2899.6000,2899.8000,2900.0000,2900.6000,1,2,2,2,6,1,1,7,8,1
SF,IH2003,2019-12-02 09:31:35.600,2899.2000,15161,0,110440260.000,0,-,-,-,-,2898.6000,2898.4000,2898.2000,2898.0000,2892.8000,2899.2000,2899.6000,2899.8000,2900.0000,2900.6000,1,2,2,2,6,2,1,7,8,1
SF,IH2003,2019-12-02 09:31:37.600,2899.2000,15161,0,110440260.000,0,-,-,-,-,2898.6000,2898.4000,2898.2000,2898.0000,2892.8000,2899.2000,2899.6000,2899.8000,2900.0000,2900.6000,1,2,2,2,6,3,1,6,8,1
SF,IH2003,2019-12-02 09:31:39.600,2899.2000,15161,0,110440260.000,0,-,-,-,-,2898.6000,2898.4000,2898.2000,2898.0000,2892.8000,2899.2000,2899.6000,2899.8000,2900.0000,2900.6000,1,2,2,2,6,3,1,6,8,1
SF,IH2003,2019-12-02 09:31:40.100,2898.6000,15160,-1,111309840.000,1,0,1,双平,S,2898.2000,2898.0000,2892.8000,2892.0000,2891.0000,2899.0000,2899.2000,2899.6000,2899.8000,2900.0000,2,2,6,1,2,1,2,1,6,8
SF,IH2003,2019-12-02 09:31:40.600,2898.6000,15160,0,111309840.000,0,-,-,-,-,2898.2000,2898.0000,2892.8000,2892.0000,2891.0000,2899.0000,2899.2000,2899.6000,2899.8000,2900.0000,1,3,6,1,2,1,2,1,6,8
SF,IH2003,2019-12-02 09:31:41.100,2898.6000,15160,0,111309840.000,0,-,-,-,-,2898.0000,2892.8000,2892.0000,2891.0000,2889.0000,2899.0000,2899.2000,2899.6000,2899.8000,2900.0000,3,6,1,2,1,1,2,1,6,8
SF,IH2003,2019-12-02 09:31:41.600,2898.6000,15160,0,111309840.000,0,-,-,-,-,2898.0000,2892.8000,2892.0000,2891.0000,2889.0000,2899.0000,2899.2000,2899.6000,2899.8000,2900.0000,3,6,1,2,1,1,2,1,6,8
SF,IH2003,2019-12-02 09:31:42.100,2898.6000,15160,0,111309840.000,0,-,-,-,-,2898.2000,2898.0000,2892.8000,2892.0000,2891.0000,2899.0000,2899.2000,2899.6000,2899.8000,2900.0000,1,3,6,1,2,1,2,1,6,8
SF,IH2003,2019-12-02 09:31:43.100,2898.6000,15160,0,111309840.000,0,-,-,-,-,2898.2000,2898.0000,2892.8000,2892.0000,2891.0000,2899.2000,2899.6000,2899.8000,2900.0000,2900.6000,1,3,6,1,2,2,1,6,8,2
SF,IH2003,2019-12-02 09:31:43.600,2898.6000,15160,0,111309840.000,0,-,-,-,-,2898.2000,2898.0000,2892.8000,2892.0000,2891.0000,2898.8000,2899.2000,2899.6000,2899.8000,2900.0000,1,3,6,1,2,1,2,1,6,8
SF,IH2003,2019-12-02 09:31:45.600,2898.6000,15160,0,111309840.000,0,-,-,-,-,2898.2000,2898.0000,2892.8000,2892.0000,2891.0000,2899.2000,2899.6000,2899.8000,2900.0000,2900.6000,1,3,6,1,2,2,1,6,8,2
SF,IH2003,2019-12-02 09:31:46.100,2898.6000,15160,0,111309840.000,0,-,-,-,-,2898.2000,2898.0000,2892.8000,2892.0000,2891.0000,2899.2000,2899.6000,2899.8000,2900.0000,2900.6000,1,1,6,1,2,2,1,6,8,2
SF,IH2003,2019-12-02 09:31:47.600,2898.6000,15160,0,111309840.000,0,-,-,-,-,2898.2000,2898.0000,2892.8000,2892.0000,2891.0000,2899.2000,2899.6000,2899.8000,2900.0000,2900.6000,1,1,6,1,2,2,1,6,8,2
SF,IH2003,2019-12-02 09:31:48.100,2898.6000,15160,0,111309840.000,0,-,-,-,-,2898.2000,2897.6000,2892.8000,2892.0000,2891.0000,2899.2000,2899.6000,2899.8000,2900.0000,2900.6000,1,1,6,1,2,2,1,6,8,2
SF,IH2003,2019-12-02 09:31:50.100,2898.6000,15160,0,111309840.000,0,-,-,-,-,2898.2000,2897.6000,2892.8000,2892.0000,2891.0000,2898.8000,2899.2000,2899.6000,2899.8000,2900.0000,1,1,6,1,2,1,2,1,6,8
SF,IH2003,2019-12-02 09:31:51.100,2898.8000,15159,-1,112179480.000,1,0,1,双平,S,2898.8000,2898.2000,2897.6000,2892.8000,2892.0000,2899.2000,2899.6000,2899.8000,2900.0000,2900.6000,1,1,1,6,1,2,1,6,8,2
SF,IH2003,2019-12-02 09:31:51.600,2899.2000,15157,-2,113918880.000,2,0,2,双平,S,2898.2000,2897.6000,2892.8000,2892.0000,2891.0000,2899.2000,2899.6000,2899.8000,2900.0000,2900.6000,1,1,6,1,2,1,1,6,8,2
SF,IH2003,2019-12-02 09:31:52.600,2899.2000,15157,0,113918880.000,0,-,-,-,-,2898.2000,2897.6000,2892.8000,2892.0000,2891.0000,2899.0000,2899.2000,2899.6000,2899.8000,2900.0000,1,1,6,1,2,1,1,1,6,8
SF,IH2003,2019-12-02 09:31:53.100,2899.2000,15157,0,113918880.000,0,-,-,-,-,2898.2000,2897.6000,2892.8000,2892.0000,2891.0000,2899.0000,2899.2000,2899.6000,2899.8000,2900.0000,1,1,6,1,2,1,2,1,6,8
SF,IH2003,2019-12-02 09:31:53.600,2899.2000,15157,0,113918880.000,0,-,-,-,-,2898.2000,2897.6000,2892.8000,2892.0000,2891.0000,2899.0000,2899.2000,2899.6000,2899.8000,2900.0000,1,1,6,1,2,1,2,1,6,8
SF,IH2003,2019-12-02 09:31:55.100,2899.2000,15157,0,113918880.000,0,-,-,-,-,2898.2000,2897.6000,2892.8000,2892.0000,2891.0000,2899.0000,2899.2000,2899.6000,2899.8000,2900.0000,1,1,6,1,2,2,2,1,6,7
SF,IH2003,2019-12-02 09:31:55.600,2899.2000,15157,0,113918880.000,0,-,-,-,-,2898.2000,2897.6000,2892.8000,2892.0000,2891.0000,2899.0000,2899.2000,2899.6000,2899.8000,2900.0000,1,1,6,1,2,2,2,1,6,7
SF,IH2003,2019-12-02 09:31:56.100,2899.2000,15157,0,113918880.000,0,-,-,-,-,2898.4000,2898.2000,2897.6000,2892.8000,2892.0000,2899.0000,2899.2000,2899.6000,2899.8000,2900.0000,1,1,1,6,1,2,2,1,6,7
SF,IH2003,2019-12-02 09:31:56.600,2899.2000,15157,0,113918880.000,0,-,-,-,-,2898.4000,2898.2000,2897.6000,2892.8000,2892.0000,2899.0000,2899.2000,2899.6000,2899.8000,2900.0000,1,1,1,6,1,1,2,1,6,7
SF,IH2003,2019-12-02 09:31:57.100,2899.0000,15157,0,114788580.000,1,0,1,多换,S,2899.0000,2898.4000,2898.2000,2897.6000,2892.8000,2899.2000,2899.6000,2899.8000,2900.0000,2900.6000,1,1,1,1,6,2,1,6,7,1
SF,IH2003,2019-12-02 09:31:57.600,2899.2000,15154,-3,117397800.000,3,0,3,双平,S,2898.4000,2898.2000,2897.6000,2892.8000,2892.0000,2899.6000,2899.8000,2900.0000,2900.6000,2900.8000,1,1,1,6,1,1,6,7,1,1
SF,IH2003,2019-12-02 09:32:00.600,2899.2000,15154,0,117397800.000,0,-,-,-,-,2899.0000,2898.6000,2898.4000,2898.2000,2897.6000,2899.8000,2900.0000,2900.6000,2900.8000,2902.6000,1,2,1,1,1,6,7,1,1,1
SF,IH2003,2019-12-02 09:32:01.100,2899.2000,15154,0,117397800.000,0,-,-,-,-,2899.0000,2898.6000,2898.4000,2898.2000,2897.6000,2899.8000,2900.0000,2900.6000,2900.8000,2902.6000,1,1,1,1,1,6,7,1,1,1
SF,IH2003,2019-12-02 09:32:03.100,2899.8000,15154,0,118267740.000,1,0,1,多换,S,2899.0000,2898.6000,2898.4000,2898.2000,2897.6000,2899.2000,2899.6000,2899.8000,2900.0000,2900.6000,1,1,1,1,1,1,1,5,7,1
SF,IH2003,2019-12-02 09:32:03.600,2899.2000,15153,-1,119137500.000,1,0,1,双平,S,2899.2000,2899.0000,2898.6000,2898.4000,2898.2000,2899.6000,2899.8000,2900.0000,2900.6000,2900.8000,5,1,2,1,1,1,5,7,1,1
SF,IH2003,2019-12-02 09:32:04.100,2899.6000,15152,-1,120007380.000,1,0,1,双平,S,2899.6000,2899.2000,2899.0000,2898.6000,2898.4000,2899.8000,2900.0000,2900.6000,2900.8000,2902.6000,1,5,1,1,1,5,6,1,1,1
SF,IH2003,2019-12-02 09:32:04.600,2899.8000,15148,-4,123487140.000,4,0,4,双平,S,2899.6000,2899.4000,2899.2000,2899.0000,2898.6000,2899.8000,2900.0000,2900.6000,2900.8000,2902.6000,1,1,3,1,1,1,6,1,1,1
SF,IH2003,2019-12-02 09:32:05.100,2899.8000,15147,-1,124357080.000,1,0,1,双平,S,2899.8000,2899.6000,2899.4000,2899.2000,2899.0000,2900.0000,2900.6000,2900.8000,2902.6000,2902.8000,1,1,1,3,1,6,1,1,1,1
SF,IH2003,2019-12-02 09:32:05.600,2899.8000,15145,-2,126097020.000,2,0,2,双平,S,2899.8000,2899.6000,2899.4000,2899.2000,2899.0000,2900.0000,2900.6000,2900.8000,2902.6000,2902.8000,1,1,1,3,1,5,1,1,1,1
SF,IH2003,2019-12-02 09:32:07.100,2900.0000,15145,0,130447020.000,5,2,3,多换,S,2899.8000,2899.6000,2899.4000,2899.2000,2899.0000,2900.6000,2900.8000,2902.6000,2902.8000,2905.0000,1,1,1,3,1,1,1,1,1,2
SF,IH2003,2019-12-02 09:32:07.600,2899.8000,15144,-1,131316960.000,1,0,1,双平,S,2899.6000,2899.4000,2899.2000,2899.0000,2898.6000,2900.6000,2900.8000,2902.6000,2902.8000,2905.0000,1,1,3,1,1,1,1,1,1,2
SF,IH2003,2019-12-02 09:32:08.100,2899.8000,15144,0,131316960.000,0,-,-,-,-,2899.8000,2899.4000,2899.2000,2899.0000,2898.6000,2900.6000,2900.8000,2902.6000,2902.8000,2905.0000,1,1,3,1,1,1,1,1,1,2
SF,IH2003,2019-12-02 09:32:12.600,2899.8000,15144,0,131316960.000,0,-,-,-,-,2899.8000,2899.4000,2899.2000,2899.0000,2898.6000,2900.6000,2900.8000,2901.0000,2902.6000,2902.8000,1,1,3,1,1,1,1,1,1,1
SF,IH2003,2019-12-02 09:32:13.600,2899.8000,15144,0,131316960.000,0,-,-,-,-,2899.8000,2899.4000,2899.2000,2899.0000,2898.6000,2900.6000,2900.8000,2901.0000,2902.6000,2902.8000,1,1,2,1,1,1,1,1,1,1
SF,IH2003,2019-12-02 09:32:14.600,2899.8000,15143,-1,132186900.000,1,0,1,双平,S,2899.4000,2899.2000,2899.0000,2898.6000,2898.2000,2900.6000,2900.8000,2901.0000,2902.6000,2902.8000,1,2,1,1,1,1,1,1,1,1
SF,IH2003,2019-12-02 09:32:15.100,2899.8000,15143,0,132186900.000,0,-,-,-,-,2899.6000,2899.4000,2899.2000,2899.0000,2898.6000,2900.6000,2900.8000,2901.0000,2902.6000,2902.8000,2,1,2,1,1,1,1,1,1,1
SF,IH2003,2019-12-02 09:32:17.600,2900.6000,15143,0,133057080.000,1,0,1,多换,S,2899.6000,2899.4000,2899.2000,2899.0000,2898.6000,2900.8000,2901.0000,2902.6000,2902.8000,2905.0000,2,1,2,1,1,1,1,1,1,2
SF,IH2003,2019-12-02 09:32:18.100,2900.8000,15143,0,133927320.000,1,0,1,多换,S,2900.8000,2899.8000,2899.6000,2899.4000,2899.2000,2901.0000,2902.6000,2902.8000,2905.0000,2905.2000,1,1,1,1,2,1,1,1,2,1
SF,IH2003,2019-12-02 09:32:18.600,2900.8000,15143,0,134797560.000,1,0,1,多换,S,2899.8000,2899.6000,2899.2000,2899.0000,2898.2000,2900.6000,2900.8000,2901.0000,2902.6000,2902.8000,1,1,2,1,1,1,8,1,1,1
SF,IH2003,2019-12-02 09:32:19.100,2900.8000,15143,0,134797560.000,0,-,-,-,-,2899.8000,2899.2000,2899.0000,2898.2000,2892.8000,2900.8000,2901.0000,2902.6000,2902.8000,2905.0000,1,2,1,1,6,6,1,1,1,2
SF,IH2003,2019-12-02 09:32:19.600,2900.8000,15143,0,134797560.000,0,-,-,-,-,2900.0000,2899.8000,2899.2000,2899.0000,2898.2000,2900.8000,2901.0000,2902.6000,2902.8000,2905.0000,1,1,2,1,1,6,1,1,1,2
SF,IH2003,2019-12-02 09:32:21.100,2900.8000,15143,0,134797560.000,0,-,-,-,-,2900.0000,2899.8000,2899.2000,2899.0000,2898.2000,2900.6000,2900.8000,2901.0000,2902.6000,2902.8000,1,1,2,1,1,1,6,1,1,1
SF,IH2003,2019-12-02 09:32:22.100,2900.6000,15143,0,135667740.000,1,0,1,多换,S,2900.6000,2900.0000,2899.8000,2899.2000,2899.0000,2900.8000,2901.0000,2902.6000,2902.8000,2905.0000,9,1,1,2,1,6,1,1,1,2
SF,IH2003,2019-12-02 09:32:22.600,2900.6000,15143,0,140018640.000,5,2,3,多换,S,2900.6000,2900.0000,2899.8000,2899.2000,2899.0000,2900.8000,2901.0000,2902.6000,2902.8000,2905.0000,4,1,1,2,1,2,1,1,1,2
SF,IH2003,2019-12-02 09:32:23.600,2900.6000,15143,0,140888820.000,1,0,1,多换,S,2900.6000,2900.0000,2899.8000,2899.2000,2899.0000,2900.8000,2901.0000,2902.6000,2902.8000,2905.0000,3,1,1,2,1,2,1,1,1,2
SF,IH2003,2019-12-02 09:32:24.100,2900.6000,15141,-2,144369660.000,4,1,3,多平,S,2900.6000,2900.0000,2899.8000,2899.2000,2899.0000,2901.0000,2902.6000,2902.8000,2905.0000,2905.2000,1,1,1,2,1,1,1,1,2,1
SF,IH2003,2019-12-02 09:32:24.600,2900.6000,15141,0,144369660.000,0,-,-,-,-,2900.8000,2900.6000,2900.0000,2899.8000,2899.2000,2901.0000,2902.6000,2902.8000,2905.0000,2905.2000,10,1,1,1,2,1,1,1,2,1
SF,IH2003,2019-12-02 09:32:25.100,2900.6000,15141,0,144369660.000,0,-,-,-,-,2900.8000,2900.6000,2900.0000,2899.8000,2899.2000,2901.0000,2902.6000,2902.8000,2905.0000,2905.2000,10,1,1,1,2,1,1,1,2,1
SF,IH2003,2019-12-02 09:32:26.600,2901.0000,15140,-1,145239960.000,1,0,1,双平,S,2900.8000,2900.6000,2900.0000,2899.8000,2899.2000,2902.6000,2902.8000,2905.0000,2905.2000,2905.8000,10,1,1,1,2,1,1,2,1,2
SF,IH2003,2019-12-02 09:32:27.100,2901.0000,15140,0,145239960.000,0,-,-,-,-,2901.0000,2900.8000,2900.6000,2900.0000,2899.8000,2901.6000,2901.8000,2902.2000,2902.4000,2902.6000,1,10,1,1,1,2,1,4,5,1
SF,IH2003,2019-12-02 09:32:27.600,2901.0000,15140,0,145239960.000,0,-,-,-,-,2901.0000,2900.8000,2900.6000,2899.8000,2899.2000,2901.6000,2902.2000,2902.4000,2902.6000,2905.0000,1,10,1,1,2,1,4,3,1,2
SF,IH2003,2019-12-02 09:32:28.100,2901.0000,15140,0,146110260.000,1,0,1,多换,S,2901.2000,2900.8000,2900.6000,2899.8000,2899.2000,2901.6000,2902.2000,2902.4000,2902.6000,2905.0000,1,10,1,1,2,1,4,3,2,2
SF,IH2003,2019-12-02 09:32:28.600,2901.0000,15140,0,146110260.000,0,-,-,-,-,2901.2000,2900.8000,2900.6000,2899.8000,2899.2000,2901.6000,2902.2000,2902.4000,2902.6000,2905.0000,1,10,1,1,2,1,4,2,2,2
SF,IH2003,2019-12-02 09:32:29.600,2901.0000,15140,0,146110260.000,0,-,-,-,-,2901.2000,2900.8000,2900.6000,2899.8000,2899.2000,2902.2000,2902.4000,2902.6000,2905.0000,2905.2000,1,10,1,1,2,3,2,2,2,1
SF,IH2003,2019-12-02 09:32:30.100,2901.0000,15140,0,146110260.000,0,-,-,-,-,2901.2000,2900.8000,2900.6000,2899.8000,2899.2000,2901.8000,2902.0000,2902.2000,2902.4000,2902.6000,1,10,1,1,2,1,3,3,1,2
SF,IH2003,2019-12-02 09:32:30.600,2901.0000,15140,0,146110260.000,0,-,-,-,-,2901.2000,2900.8000,2900.6000,2899.8000,2899.2000,2901.8000,2902.0000,2902.2000,2902.4000,2902.6000,1,10,1,1,2,1,2,3,1,2
SF,IH2003,2019-12-02 09:32:31.100,2901.0000,15140,0,146110260.000,0,-,-,-,-,2901.6000,2901.2000,2900.8000,2900.6000,2899.8000,2901.8000,2902.0000,2902.2000,2902.4000,2902.6000,1,1,10,1,1,1,2,3,1,2
SF,IH2003,2019-12-02 09:32:31.600,2901.6000,15140,0,146980740.000,1,0,1,多换,S,2901.2000,2900.8000,2900.6000,2899.0000,2898.2000,2901.6000,2901.8000,2902.0000,2902.2000,2902.4000,1,11,1,1,1,1,1,2,3,1
SF,IH2003,2019-12-02 09:32:32.600,2901.6000,15140,0,147851220.000,1,0,1,多换,S,2901.2000,2900.8000,2900.6000,2899.0000,2898.2000,2901.8000,2902.0000,2902.2000,2902.4000,2902.6000,1,11,1,1,1,1,2,3,1,2
SF,IH2003,2019-12-02 09:32:33.600,2901.6000,15140,0,147851220.000,0,-,-,-,-,2901.2000,2900.8000,2900.6000,2899.0000,2898.2000,2901.8000,2902.0000,2902.2000,2902.4000,2902.6000,1,11,1,1,1,1,2,3,1,2
SF,IH2003,2019-12-02 09:32:34.100,2901.6000,15140,0,147851220.000,0,-,-,-,-,2901.2000,2900.8000,2900.6000,2899.0000,2898.2000,2901.8000,2902.0000,2902.2000,2902.4000,2902.6000,1,11,1,1,1,1,2,1,1,1
SF,IH2003,2019-12-02 09:32:35.100,2901.6000,15140,0,147851220.000,0,-,-,-,-,2901.2000,2900.8000,2900.6000,2899.0000,2898.2000,2901.8000,2902.0000,2902.2000,2902.4000,2902.6000,1,11,1,1,1,1,2,1,1,1
SF,IH2003,2019-12-02 09:32:37.600,2901.8000,15139,-1,148721760.000,1,0,1,双平,S,2901.2000,2900.8000,2900.6000,2899.0000,2898.2000,2902.0000,2902.2000,2902.6000,2905.0000,2905.2000,1,11,1,1,1,2,1,1,2,1
SF,IH2003,2019-12-02 09:32:38.100,2901.8000,15139,0,148721760.000,0,-,-,-,-,2901.4000,2901.2000,2900.8000,2900.6000,2899.0000,2902.2000,2902.6000,2905.0000,2905.2000,2905.8000,1,1,11,1,1,1,1,2,1,2
SF,IH2003,2019-12-02 09:32:38.600,2901.8000,15139,0,148721760.000,0,-,-,-,-,2902.2000,2901.4000,2901.2000,2900.8000,2900.6000,2902.6000,2905.0000,2905.2000,2905.8000,2906.0000,1,1,1,11,1,1,2,1,2,2
SF,IH2003,2019-12-02 09:32:39.100,2902.2000,15139,0,149592420.000,1,0,1,多换,S,2901.4000,2901.2000,2900.8000,2900.6000,2899.0000,2902.2000,2902.4000,2902.6000,2905.0000,2905.2000,1,1,11,1,1,8,3,1,2,1
SF,IH2003,2019-12-02 09:32:39.600,2902.2000,15139,0,151333740.000,2,1,1,多换,S,2901.4000,2901.2000,2900.8000,2900.6000,2899.0000,2902.2000,2902.6000,2905.0000,2905.2000,2905.8000,1,1,11,1,1,3,1,2,1,2
SF,IH2003,2019-12-02 09:32:40.100,2901.4000,15138,-1,152204160.000,1,0,1,双平,S,2901.2000,2900.8000,2900.6000,2899.0000,2898.2000,2902.2000,2902.6000,2905.0000,2905.2000,2905.8000,1,11,1,1,1,3,1,2,1,2
SF,IH2003,2019-12-02 09:32:40.600,2902.2000,15139,1,161780700.000,11,6,5,空开,S,2901.4000,2900.8000,2900.6000,2899.0000,2898.2000,2902.0000,2902.6000,2905.0000,2905.2000,2905.8000,1,11,1,1,1,2,1,2,1,2
SF,IH2003,2019-12-02 09:32:41.100,2902.2000,15139,0,163522020.000,2,1,1,多换,S,2901.4000,2900.8000,2900.6000,2899.0000,2898.2000,2902.6000,2905.0000,2905.2000,2905.8000,2906.0000,1,11,1,1,1,1,2,1,2,2
SF,IH2003,2019-12-02 09:32:41.600,2902.2000,15139,0,163522020.000,0,-,-,-,-,2901.4000,2900.8000,2900.6000,2899.0000,2898.2000,2902.4000,2902.6000,2903.6000,2905.0000,2905.2000,1,11,1,1,1,4,1,1,2,1
SF,IH2003,2019-12-02 09:32:42.100,2902.2000,15139,0,163522020.000,0,-,-,-,-,2901.4000,2900.8000,2900.6000,2899.0000,2898.2000,2902.4000,2902.6000,2903.6000,2905.0000,2905.2000,1,11,1,1,1,3,1,1,2,1
SF,IH2003,2019-12-02 09:32:43.600,2902.2000,15139,0,163522020.000,0,-,-,-,-,2901.4000,2900.8000,2900.6000,2899.0000,2898.2000,2902.4000,2903.6000,2905.0000,2905.2000,2905.8000,1,11,1,1,1,1,1,2,1,2
SF,IH2003,2019-12-02 09:32:44.100,2902.2000,15139,0,163522020.000,0,-,-,-,-,2901.4000,2900.8000,2900.6000,2899.0000,2898.2000,2902.2000,2902.4000,2903.6000,2905.0000,2905.2000,1,11,1,1,1,1,1,1,2,1
SF,IH2003,2019-12-02 09:32:44.600,2902.2000,15139,0,163522020.000,0,-,-,-,-,2901.4000,2900.8000,2900.6000,2899.0000,2898.2000,2902.2000,2903.6000,2905.0000,2905.2000,2905.8000,1,11,1,1,1,1,1,2,1,2
SF,IH2003,2019-12-02 09:32:45.600,2902.2000,15139,0,163522020.000,0,-,-,-,-,2901.4000,2900.8000,2900.6000,2899.0000,2898.2000,2902.2000,2903.6000,2905.0000,2905.2000,2905.8000,1,11,1,1,1,2,1,2,1,2
SF,IH2003,2019-12-02 09:32:46.100,2902.2000,15139,0,163522020.000,0,-,-,-,-,2901.4000,2900.8000,2900.6000,2899.0000,2898.2000,2902.2000,2903.6000,2905.0000,2905.2000,2905.8000,1,11,1,1,1,2,1,2,1,2
SF,IH2003,2019-12-02 09:32:47.600,2902.2000,15139,0,163522020.000,0,-,-,-,-,2901.4000,2900.8000,2900.6000,2899.0000,2898.2000,2902.2000,2903.6000,2905.0000,2905.2000,2905.8000,1,11,1,1,1,1,1,2,1,2
SF,IH2003,2019-12-02 09:32:48.100,2902.2000,15139,0,163522020.000,0,-,-,-,-,2901.4000,2900.8000,2900.6000,2899.0000,2898.2000,2903.6000,2905.0000,2905.2000,2905.8000,2906.0000,1,11,1,1,1,1,2,1,2,2
SF,IH2003,2019-12-02 09:32:48.600,2902.2000,15139,0,163522020.000,0,-,-,-,-,2901.6000,2901.4000,2900.8000,2900.6000,2899.0000,2903.2000,2903.4000,2903.6000,2905.0000,2905.2000,1,1,11,1,1,3,3,3,2,1
SF,IH2003,2019-12-02 09:32:49.100,2902.2000,15139,0,163522020.000,0,-,-,-,-,2901.4000,2900.8000,2900.6000,2900.4000,2899.0000,2902.4000,2903.0000,2903.2000,2903.4000,2903.6000,1,1,1,10,1,1,3,5,1,3
SF,IH2003,2019-12-02 09:32:49.600,2902.2000,15139,0,163522020.000,0,-,-,-,-,2901.4000,2900.8000,2900.6000,2900.4000,2899.0000,2902.2000,2902.4000,2902.8000,2903.0000,2903.2000,1,1,1,10,1,1,1,1,2,4
SF,IH2003,2019-12-02 09:32:53.100,2902.2000,15139,0,163522020.000,0,-,-,-,-,2901.4000,2900.8000,2900.6000,2900.4000,2899.0000,2902.0000,2902.8000,2903.0000,2903.2000,2903.4000,1,1,1,10,1,1,1,2,4,1
SF,IH2003,2019-12-02 09:32:53.600,2902.2000,15139,0,163522020.000,0,-,-,-,-,2901.4000,2900.8000,2900.6000,2900.4000,2899.0000,2902.0000,2902.8000,2903.0000,2903.2000,2903.4000,1,1,1,10,1,1,1,2,4,1
SF,IH2003,2019-12-02 09:32:55.100,2902.2000,15139,0,163522020.000,0,-,-,-,-,2901.4000,2900.8000,2900.6000,2900.4000,2899.0000,2902.0000,2902.8000,2903.0000,2903.2000,2903.4000,1,1,1,10,1,1,1,2,3,1
SF,IH2003,2019-12-02 09:32:55.600,2902.2000,15139,0,163522020.000,0,-,-,-,-,2901.4000,2900.8000,2900.6000,2900.4000,2899.0000,2902.0000,2903.0000,2903.2000,2903.4000,2903.6000,1,1,1,10,1,1,2,3,1,2
SF,IH2003,2019-12-02 09:32:56.100,2902.2000,15139,0,163522020.000,0,-,-,-,-,2901.4000,2900.8000,2900.6000,2900.4000,2899.0000,2902.0000,2902.8000,2903.0000,2903.2000,2903.4000,1,1,1,10,1,1,1,2,3,1
SF,IH2003,2019-12-02 09:33:00.100,2902.2000,15138,-1,164392680.000,1,0,1,双平,S,2902.0000,2901.4000,2900.8000,2900.6000,2900.4000,2902.8000,2903.0000,2903.2000,2903.4000,2903.6000,1,1,1,1,10,1,2,3,1,2
SF,IH2003,2019-12-02 09:33:00.600,2902.0000,15137,-1,165263280.000,1,0,1,双平,S,2901.4000,2900.8000,2900.6000,2900.4000,2899.0000,2902.0000,2902.6000,2902.8000,2903.0000,2903.2000,1,1,1,10,1,1,1,1,2,3
SF,IH2003,2019-12-02 09:33:01.100,2902.0000,15136,-1,166133880.000,1,0,1,双平,S,2902.0000,2901.6000,2901.4000,2900.8000,2900.6000,2902.6000,2902.8000,2903.0000,2903.2000,2903.4000,4,1,1,1,1,1,2,2,3,1
SF,IH2003,2019-12-02 09:33:01.600,2902.0000,15136,0,166133880.000,0,-,-,-,-,2902.0000,2901.4000,2900.8000,2900.6000,2900.4000,2902.4000,2902.8000,2903.0000,2903.2000,2903.4000,2,1,1,1,10,1,1,2,3,1
SF,IH2003,2019-12-02 09:33:02.600,2902.4000,15136,0,167875200.000,2,1,1,多换,S,2902.0000,2901.4000,2900.8000,2900.6000,2900.4000,2902.8000,2903.0000,2903.2000,2903.4000,2903.6000,1,1,1,1,10,1,2,3,1,2
SF,IH2003,2019-12-02 09:33:03.100,2902.0000,15135,-1,168745800.000,1,0,1,双平,S,2901.4000,2900.8000,2900.6000,2900.4000,2899.0000,2902.8000,2903.0000,2903.2000,2903.4000,2903.6000,1,1,1,10,1,1,2,3,1,2
SF,IH2003,2019-12-02 09:33:03.600,2901.4000,15134,-1,169616220.000,1,0,1,双平,S,2901.6000,2900.8000,2900.6000,2900.4000,2899.0000,2902.6000,2902.8000,2903.0000,2903.2000,2903.4000,1,1,1,10,1,2,1,1,3,1
SF,IH2003,2019-12-02 09:33:04.100,2901.4000,15134,0,169616220.000,0,-,-,-,-,2901.8000,2900.8000,2900.6000,2900.4000,2899.0000,2902.2000,2902.6000,2902.8000,2903.0000,2903.2000,1,1,1,10,1,1,3,2,2,3
SF,IH2003,2019-12-02 09:33:04.600,2901.8000,15133,-1,170486760.000,1,0,1,双平,S,2900.8000,2900.6000,2900.4000,2899.0000,2898.0000,2901.2000,2901.8000,2902.6000,2902.8000,2903.0000,1,1,10,1,2,1,1,2,2,2
SF,IH2003,2019-12-02 09:33:05.100,2901.2000,15133,0,171357120.000,1,0,1,多换,S,2901.2000,2901.0000,2900.8000,2900.6000,2900.4000,2902.8000,2903.0000,2903.2000,2903.4000,2903.6000,6,3,1,1,10,2,2,3,1,2
SF,IH2003,2019-12-02 09:33:05.600,2901.2000,15133,0,171357120.000,0,-,-,-,-,2901.4000,2901.2000,2901.0000,2900.8000,2900.6000,2902.6000,2902.8000,2903.0000,2903.2000,2903.4000,1,5,2,1,1,3,2,2,3,1
SF,IH2003,2019-12-02 09:33:06.100,2901.2000,15133,0,171357120.000,0,-,-,-,-,2901.2000,2901.0000,2900.6000,2900.4000,2899.0000,2902.4000,2902.6000,2902.8000,2903.0000,2903.2000,5,2,1,11,1,1,2,2,3,3
SF,IH2003,2019-12-02 09:33:06.600,2901.2000,15133,0,172227480.000,1,0,1,多换,S,2901.2000,2901.0000,2900.6000,2900.4000,2899.0000,2902.2000,2902.6000,2902.8000,2903.0000,2903.2000,3,2,1,11,1,1,2,2,3,3
SF,IH2003,2019-12-02 09:33:07.100,2901.2000,15132,-1,173968440.000,2,0,2,多平,S,2901.2000,2900.6000,2900.4000,2899.0000,2898.0000,2902.0000,2902.2000,2902.6000,2902.8000,2903.0000,1,1,11,1,2,1,2,2,2,4
SF,IH2003,2019-12-02 09:33:07.600,2901.8000,15130,-2,175709340.000,2,0,2,双平,S,2900.6000,2900.4000,2899.0000,2898.0000,2892.8000,2901.6000,2901.8000,2902.0000,2902.2000,2902.6000,1,11,1,2,6,1,1,2,1,2
SF,IH2003,2019-12-02 09:33:08.100,2901.8000,15130,0,175709340.000,0,-,-,-,-,2900.6000,2900.4000,2900.0000,2899.0000,2898.0000,2901.0000,2901.8000,2902.0000,2902.2000,2902.6000,1,10,1,1,2,1,1,2,1,2
SF,IH2003,2019-12-02 09:33:08.600,2900.4000,15130,0,178319760.000,3,1,2,多换,S,2900.4000,2899.4000,2899.0000,2898.0000,2892.8000,2900.6000,2901.0000,2901.8000,2902.0000,2902.2000,8,1,1,2,6,1,1,1,2,1
SF,IH2003,2019-12-02 09:33:09.100,2900.4000,15129,-1,180060000.000,2,0,2,多平,S,2900.6000,2900.4000,2899.4000,2899.0000,2898.0000,2901.8000,2902.0000,2902.2000,2902.6000,2902.8000,4,7,1,1,2,3,2,1,2,2
SF,IH2003,2019-12-02 09:33:09.600,2900.4000,15129,0,180060000.000,0,-,-,-,-,2900.8000,2900.6000,2900.4000,2899.4000,2899.0000,2901.4000,2901.6000,2901.8000,2902.2000,2902.6000,1,6,7,1,1,2,2,2,2,2
SF,IH2003,2019-12-02 09:33:10.100,2900.4000,15129,0,180060000.000,0,-,-,-,-,2900.8000,2900.6000,2900.4000,2899.4000,2899.0000,2901.4000,2901.6000,2901.8000,2902.2000,2902.6000,1,5,7,1,1,2,2,2,2,2
SF,IH2003,2019-12-02 09:33:10.600,2900.4000,15129,0,180060000.000,0,-,-,-,-,2900.6000,2900.4000,2899.4000,2899.0000,2898.0000,2901.6000,2901.8000,2902.2000,2902.6000,2902.8000,5,7,1,1,2,2,2,2,2,2
SF,IH2003,2019-12-02 09:33:11.100,2900.4000,15129,0,180060000.000,0,-,-,-,-,2900.6000,2900.4000,2899.4000,2899.0000,2898.0000,2901.4000,2901.8000,2902.2000,2902.6000,2902.8000,5,7,1,1,2,1,2,2,2,2
SF,IH2003,2019-12-02 09:33:12.100,2900.4000,15129,0,180060000.000,0,-,-,-,-,2900.8000,2900.6000,2900.4000,2899.4000,2899.0000,2901.8000,2902.2000,2902.6000,2902.8000,2903.0000,1,5,7,1,1,2,2,2,2,4
SF,IH2003,2019-12-02 09:33:12.600,2900.4000,15129,0,180060000.000,0,-,-,-,-,2900.6000,2900.4000,2899.4000,2899.0000,2898.0000,2901.6000,2901.8000,2902.2000,2902.6000,2902.8000,5,7,1,1,2,1,1,1,2,2
SF,IH2003,2019-12-02 09:33:13.100,2900.4000,15129,0,180060000.000,0,-,-,-,-,2900.6000,2900.4000,2899.4000,2899.0000,2898.0000,2901.4000,2901.8000,2902.2000,2902.6000,2902.8000,5,7,1,1,2,1,1,1,2,2
SF,IH2003,2019-12-02 09:33:13.600,2900.4000,15129,0,180060000.000,0,-,-,-,-,2900.6000,2900.4000,2899.4000,2899.0000,2898.0000,2901.4000,2901.8000,2902.2000,2902.6000,2902.8000,3,7,1,1,2,1,1,1,2,2
SF,IH2003,2019-12-02 09:33:14.100,2900.4000,15129,0,180930120.000,1,0,1,多换,S,2900.6000,2900.4000,2899.0000,2898.0000,2892.8000,2901.4000,2901.8000,2902.2000,2902.6000,2902.8000,1,7,1,2,6,1,1,1,2,2
SF,IH2003,2019-12-02 09:33:14.600,2900.4000,15129,0,182670360.000,2,1,1,多换,S,2900.4000,2899.4000,2899.0000,2898.0000,2892.8000,2901.2000,2901.8000,2902.2000,2902.6000,2902.8000,5,1,1,2,6,1,1,1,2,2
SF,IH2003,2019-12-02 09:33:15.100,2900.4000,15129,0,186150840.000,4,2,2,多换,S,2900.4000,2899.4000,2899.0000,2898.0000,2892.8000,2900.6000,2901.0000,2901.8000,2902.2000,2902.6000,1,1,1,2,6,1,1,1,1,2
SF,IH2003,2019-12-02 09:33:15.600,2900.6000,15129,0,187891140.000,2,1,1,多换,S,2899.4000,2899.0000,2898.0000,2892.8000,2892.0000,2901.0000,2901.8000,2902.2000,2902.6000,2902.8000,1,1,2,6,1,1,1,1,2,2
SF,IH2003,2019-12-02 09:33:16.100,2900.6000,15129,0,187891140.000,0,-,-,-,-,2899.6000,2899.4000,2899.0000,2896.2000,2892.8000,2900.4000,2900.8000,2901.8000,2902.2000,2902.6000,4,2,1,2,6,1,1,1,1,2
SF,IH2003,2019-12-02 09:33:16.600,2900.6000,15129,0,187891140.000,0,-,-,-,-,2900.4000,2899.8000,2899.6000,2899.4000,2899.0000,2900.8000,2901.8000,2902.2000,2902.6000,2902.8000,3,1,5,2,1,1,1,1,2,1
SF,IH2003,2019-12-02 09:33:17.100,2900.6000,15129,0,187891140.000,0,-,-,-,-,2900.4000,2899.8000,2899.6000,2899.4000,2899.0000,2900.8000,2901.8000,2902.2000,2902.6000,2902.8000,1,1,3,2,1,1,1,1,2,1
SF,IH2003,2019-12-02 09:33:17.600,2900.6000,15129,0,187891140.000,0,-,-,-,-,2899.8000,2899.6000,2899.4000,2899.0000,2896.2000,2901.8000,2902.2000,2902.6000,2902.8000,2903.0000,1,3,2,1,2,1,1,2,1,4
SF,IH2003,2019-12-02 09:33:18.100,2900.6000,15129,0,187891140.000,0,-,-,-,-,2900.0000,2899.8000,2899.6000,2899.4000,2899.0000,2900.4000,2901.4000,2901.6000,2901.8000,2902.2000,3,1,1,2,1,1,2,3,2,1
SF,IH2003,2019-12-02 09:33:18.600,2900.6000,15129,0,187891140.000,0,-,-,-,-,2900.0000,2899.8000,2899.6000,2899.4000,2899.0000,2900.4000,2901.4000,2901.6000,2901.8000,2902.2000,2,1,1,2,1,1,3,2,2,1
SF,IH2003,2019-12-02 09:33:19.100,2900.6000,15129,0,187891140.000,0,-,-,-,-,2900.8000,2900.2000,2900.0000,2899.8000,2899.6000,2901.4000,2901.6000,2901.8000,2902.2000,2902.8000,1,1,2,1,1,2,2,2,1,1
SF,IH2003,2019-12-02 09:33:19.600,2900.8000,15130,1,188761380.000,1,1,0,双开,S,2899.8000,2899.6000,2899.4000,2899.0000,2896.2000,2900.6000,2900.8000,2901.0000,2901.4000,2901.6000,1,1,2,1,2,1,8,1,2,1
SF,IH2003,2019-12-02 09:33:20.100,2900.8000,15130,0,188761380.000,0,-,-,-,-,2900.0000,2899.8000,2899.6000,2899.4000,2899.0000,2900.8000,2901.4000,2901.6000,2901.8000,2902.2000,1,1,1,2,1,4,2,1,2,1
SF,IH2003,2019-12-02 09:33:20.600,2900.8000,15130,0,188761380.000,0,-,-,-,-,2899.8000,2899.6000,2899.4000,2899.0000,2896.2000,2900.8000,2901.4000,2901.6000,2901.8000,2902.2000,1,1,1,1,2,4,2,1,2,1
SF,IH2003,2019-12-02 09:33:21.100,2900.8000,15130,0,188761380.000,0,-,-,-,-,2899.8000,2899.6000,2899.0000,2896.2000,2892.8000,2900.8000,2901.4000,2901.6000,2901.8000,2902.2000,1,1,2,2,6,4,2,1,2,1
SF,IH2003,2019-12-02 09:33:22.100,2900.8000,15130,0,188761380.000,0,-,-,-,-,2900.0000,2899.8000,2899.6000,2899.0000,2896.2000,2900.6000,2900.8000,2901.4000,2901.8000,2902.2000,1,1,1,1,2,1,4,2,2,1
SF,IH2003,2019-12-02 09:33:22.600,2900.8000,15130,0,188761380.000,0,-,-,-,-,2900.0000,2899.8000,2899.6000,2899.0000,2896.2000,2900.6000,2900.8000,2901.4000,2901.8000,2902.8000,1,1,1,1,2,1,4,2,1,1
SF,IH2003,2019-12-02 09:33:24.100,2900.8000,15130,0,188761380.000,0,-,-,-,-,2900.2000,2900.0000,2899.8000,2899.6000,2899.0000,2900.8000,2901.4000,2901.8000,2902.8000,2903.0000,1,1,1,1,1,4,2,1,1,4
SF,IH2003,2019-12-02 09:33:24.600,2900.8000,15130,0,188761380.000,0,-,-,-,-,2900.0000,2899.8000,2899.6000,2899.0000,2896.2000,2900.6000,2900.8000,2901.4000,2901.8000,2902.8000,1,1,1,1,2,2,4,2,1,1
SF,IH2003,2019-12-02 09:33:25.100,2900.8000,15130,0,188761380.000,0,-,-,-,-,2900.0000,2899.8000,2899.6000,2899.0000,2896.2000,2900.8000,2901.4000,2901.8000,2902.8000,2903.0000,1,1,1,1,2,4,2,1,1,4
SF,IH2003,2019-12-02 09:33:26.100,2900.8000,15130,0,188761380.000,0,-,-,-,-,2900.0000,2899.8000,2899.6000,2899.0000,2896.2000,2900.2000,2900.6000,2900.8000,2901.4000,2901.8000,1,1,1,1,2,1,1,4,2,1
SF,IH2003,2019-12-02 09:33:26.600,2900.2000,15129,-1,189631440.000,1,0,1,双平,S,2900.4000,2900.2000,2900.0000,2899.8000,2899.6000,2900.6000,2900.8000,2901.4000,2901.8000,2902.8000,2,2,1,1,1,1,4,2,1,1
SF,IH2003,2019-12-02 09:33:27.100,2900.2000,15129,0,189631440.000,0,-,-,-,-,2900.2000,2900.0000,2899.8000,2899.6000,2899.0000,2900.6000,2900.8000,2901.4000,2901.8000,2902.8000,2,1,1,1,1,2,4,2,1,1
SF,IH2003,2019-12-02 09:33:27.600,2900.6000,15128,-1,190501620.000,1,0,1,双平,S,2900.6000,2900.4000,2900.2000,2900.0000,2899.8000,2900.8000,2901.4000,2901.8000,2902.8000,2903.0000,1,1,2,1,1,4,2,1,1,4
SF,IH2003,2019-12-02 09:33:28.100,2900.6000,15128,0,190501620.000,0,-,-,-,-,2900.6000,2900.2000,2900.0000,2899.8000,2899.6000,2900.8000,2901.4000,2901.8000,2902.8000,2903.0000,1,2,1,1,1,2,2,1,1,4
SF,IH2003,2019-12-02 09:33:28.600,2900.8000,15126,-2,192242100.000,2,0,2,双平,S,2900.8000,2900.6000,2900.2000,2900.0000,2899.8000,2901.4000,2901.8000,2902.8000,2903.0000,2903.6000,1,1,2,1,1,2,1,1,4,2
SF,IH2003,2019-12-02 09:33:29.100,2900.8000,15126,0,192242100.000,0,-,-,-,-,2900.6000,2900.2000,2900.0000,2899.6000,2899.0000,2901.2000,2901.4000,2901.8000,2902.8000,2903.0000,1,2,1,1,1,1,2,1,1,4
SF,IH2003,2019-12-02 09:33:29.600,2900.8000,15126,0,192242100.000,0,-,-,-,-,2900.2000,2900.0000,2899.6000,2899.0000,2896.2000,2901.0000,2901.4000,2901.8000,2902.8000,2903.0000,2,1,1,1,2,1,2,1,1,4
SF,IH2003,2019-12-02 09:33:30.100,2900.8000,15126,0,192242100.000,0,-,-,-,-,2900.4000,2900.2000,2900.0000,2899.6000,2899.0000,2901.8000,2902.8000,2903.0000,2903.6000,2905.0000,2,2,1,1,1,1,1,4,2,3
SF,IH2003,2019-12-02 09:33:30.600,2900.8000,15126,0,192242100.000,0,-,-,-,-,2900.4000,2900.2000,2900.0000,2899.6000,2899.0000,2901.2000,2901.4000,2901.6000,2901.8000,2902.8000,1,2,1,1,1,1,2,4,1,1
SF,IH2003,2019-12-02 09:33:31.100,2900.8000,15126,0,192242100.000,0,-,-,-,-,2900.6000,2900.2000,2900.0000,2899.6000,2899.0000,2901.4000,2901.6000,2901.8000,2902.8000,2903.0000,1,2,1,1,1,2,4,1,1,4
SF,IH2003,2019-12-02 09:33:31.600,2900.8000,15126,0,192242100.000,0,-,-,-,-,2900.2000,2900.0000,2899.6000,2899.0000,2896.2000,2901.2000,2901.4000,2901.6000,2901.8000,2902.8000,2,1,1,1,2,1,2,2,1,1
SF,IH2003,2019-12-02 09:33:32.100,2900.8000,15126,0,192242100.000,0,-,-,-,-,2900.4000,2900.2000,2900.0000,2899.6000,2899.0000,2901.2000,2901.4000,2901.6000,2901.8000,2902.8000,1,2,1,1,1,1,2,2,1,1
SF,IH2003,2019-12-02 09:33:32.600,2900.8000,15126,0,192242100.000,0,-,-,-,-,2900.2000,2900.0000,2899.6000,2899.0000,2896.2000,2901.0000,2901.4000,2901.6000,2901.8000,2902.8000,2,1,1,1,2,1,2,2,1,1
SF,IH2003,2019-12-02 09:33:33.100,2900.8000,15126,0,192242100.000,0,-,-,-,-,2900.4000,2900.2000,2900.0000,2899.6000,2899.0000,2901.0000,2901.4000,2901.6000,2901.8000,2902.8000,1,2,1,1,1,1,2,2,1,1
SF,IH2003,2019-12-02 09:33:33.600,2900.8000,15126,0,192242100.000,0,-,-,-,-,2900.2000,2900.0000,2899.6000,2899.0000,2896.2000,2901.0000,2901.4000,2901.6000,2901.8000,2902.8000,2,1,1,1,2,1,2,2,1,1
SF,IH2003,2019-12-02 09:33:34.100,2900.8000,15126,0,192242100.000,0,-,-,-,-,2900.4000,2900.2000,2900.0000,2899.6000,2899.0000,2901.0000,2901.4000,2901.6000,2901.8000,2902.8000,1,2,1,1,1,1,2,2,1,1
SF,IH2003,2019-12-02 09:33:34.600,2900.8000,15126,0,192242100.000,0,-,-,-,-,2900.2000,2900.0000,2899.6000,2899.0000,2896.2000,2901.0000,2901.4000,2901.6000,2901.8000,2902.8000,2,1,1,1,2,1,2,2,1,1
SF,IH2003,2019-12-02 09:33:35.100,2900.8000,15126,0,192242100.000,0,-,-,-,-,2900.4000,2900.2000,2900.0000,2899.6000,2899.0000,2901.0000,2901.4000,2901.6000,2901.8000,2902.8000,1,2,1,1,1,1,2,2,1,1
SF,IH2003,2019-12-02 09:33:35.600,2900.8000,15126,0,192242100.000,0,-,-,-,-,2900.2000,2900.0000,2899.6000,2899.0000,2896.2000,2901.0000,2901.4000,2901.6000,2901.8000,2902.8000,2,1,1,1,2,1,2,2,1,1
SF,IH2003,2019-12-02 09:33:36.100,2900.4000,15125,-1,193112220.000,1,0,1,双平,S,2900.2000,2900.0000,2899.6000,2899.0000,2896.2000,2901.0000,2901.4000,2901.6000,2901.8000,2902.8000,2,1,1,1,2,1,2,2,1,1
SF,IH2003,2019-12-02 09:33:36.600,2900.4000,15125,0,193112220.000,0,-,-,-,-,2900.2000,2900.0000,2899.6000,2899.0000,2896.2000,2901.4000,2901.6000,2901.8000,2902.8000,2903.0000,2,1,1,1,2,2,2,1,1,4
SF,IH2003,2019-12-02 09:33:37.100,2900.4000,15125,0,193112220.000,0,-,-,-,-,2900.2000,2900.0000,2899.6000,2899.0000,2896.2000,2901.2000,2901.4000,2901.6000,2901.8000,2902.8000,2,1,1,1,2,4,2,2,1,1
SF,IH2003,2019-12-02 09:33:37.600,2900.4000,15125,0,193112220.000,0,-,-,-,-,2900.2000,2900.0000,2899.6000,2899.0000,2896.2000,2901.0000,2901.2000,2901.4000,2901.6000,2901.8000,2,1,1,1,2,1,2,2,2,1
SF,IH2003,2019-12-02 09:33:38.100,2900.4000,15125,0,193112220.000,0,-,-,-,-,2900.2000,2900.0000,2899.6000,2899.0000,2896.2000,2901.0000,2901.2000,2901.4000,2901.6000,2901.8000,2,1,1,1,2,1,1,2,2,1
SF,IH2003,2019-12-02 09:33:39.100,2900.4000,15125,0,193112220.000,0,-,-,-,-,2900.2000,2900.0000,2899.6000,2899.0000,2896.2000,2901.0000,2901.4000,2901.6000,2901.8000,2902.8000,2,1,1,1,2,2,2,2,1,1
SF,IH2003,2019-12-02 09:33:40.100,2900.4000,15125,0,193112220.000,0,-,-,-,-,2900.2000,2900.0000,2899.6000,2899.0000,2896.2000,2901.0000,2901.4000,2901.6000,2901.8000,2902.8000,2,1,1,1,2,1,2,2,1,1
SF,IH2003,2019-12-02 09:33:42.600,2900.4000,15125,0,193112220.000,0,-,-,-,-,2900.2000,2900.0000,2899.6000,2899.0000,2896.2000,2901.6000,2901.8000,2902.8000,2903.0000,2903.6000,2,1,1,1,2,2,1,1,4,2
SF,IH2003,2019-12-02 09:33:43.100,2900.4000,15125,0,193112220.000,0,-,-,-,-,2901.0000,2900.4000,2900.2000,2900.0000,2899.6000,2901.4000,2901.8000,2902.8000,2903.0000,2903.6000,1,3,2,1,1,1,1,1,4,2
SF,IH2003,2019-12-02 09:33:43.600,2900.4000,15125,0,193112220.000,0,-,-,-,-,2900.4000,2900.2000,2900.0000,2899.6000,2899.0000,2901.2000,2901.8000,2902.8000,2903.0000,2903.6000,3,1,1,1,1,1,1,1,4,2
SF,IH2003,2019-12-02 09:33:44.100,2901.2000,15125,0,193982580.000,1,0,1,多换,S,2900.4000,2900.2000,2900.0000,2899.0000,2896.2000,2900.8000,2901.8000,2902.8000,2903.0000,2903.6000,4,1,1,1,2,1,1,1,4,2
SF,IH2003,2019-12-02 09:33:44.600,2900.8000,15124,-1,194852820.000,1,0,1,双平,S,2901.2000,2901.0000,2900.8000,2900.6000,2900.4000,2901.8000,2902.8000,2903.0000,2903.6000,2905.0000,1,3,7,1,4,1,1,4,2,3
SF,IH2003,2019-12-02 09:33:45.100,2901.8000,15125,1,195723360.000,1,1,0,双开,S,2901.2000,2901.0000,2900.8000,2900.6000,2900.4000,2902.8000,2903.0000,2903.6000,2905.0000,2905.2000,1,1,6,1,4,1,4,2,3,1
SF,IH2003,2019-12-02 09:33:45.600,2901.8000,15125,0,195723360.000,0,-,-,-,-,2901.4000,2901.2000,2901.0000,2900.8000,2900.6000,2902.4000,2902.6000,2902.8000,2903.0000,2903.6000,2,1,1,6,1,2,1,1,4,2
SF,IH2003,2019-12-02 09:33:46.100,2901.8000,15125,0,195723360.000,0,-,-,-,-,2901.4000,2901.2000,2901.0000,2900.8000,2900.6000,2902.4000,2902.8000,2903.0000,2903.6000,2905.0000,2,1,1,6,1,2,1,3,2,3
SF,IH2003,2019-12-02 09:33:46.600,2901.8000,15125,0,195723360.000,0,-,-,-,-,2901.4000,2901.2000,2901.0000,2900.8000,2900.6000,2902.4000,2902.8000,2903.0000,2903.6000,2905.0000,2,1,1,6,1,2,1,3,2,3
SF,IH2003,2019-12-02 09:33:47.600,2901.8000,15125,0,195723360.000,0,-,-,-,-,2901.4000,2901.2000,2900.8000,2900.6000,2900.4000,2902.4000,2902.8000,2903.0000,2903.6000,2905.0000,2,1,6,1,2,2,1,3,2,3
SF,IH2003,2019-12-02 09:33:48.100,2901.8000,15125,0,195723360.000,0,-,-,-,-,2901.6000,2901.4000,2901.2000,2900.8000,2900.6000,2902.4000,2902.8000,2903.0000,2903.6000,2905.0000,1,2,1,5,1,2,1,3,2,3
SF,IH2003,2019-12-02 09:33:48.600,2901.8000,15125,0,195723360.000,0,-,-,-,-,2901.2000,2900.8000,2900.6000,2900.4000,2900.2000,2901.6000,2902.4000,2902.8000,2903.0000,2903.6000,1,5,1,1,2,1,2,1,3,2
SF,IH2003,2019-12-02 09:33:49.100,2902.4000,15125,0,198335280.000,3,1,2,多换,S,2901.8000,2901.2000,2900.8000,2900.6000,2900.4000,2902.8000,2903.0000,2903.6000,2905.0000,2905.2000,1,1,5,1,1,1,3,2,3,1
SF,IH2003,2019-12-02 09:33:49.600,2901.8000,15124,-1,199205820.000,1,0,1,双平,S,2901.2000,2900.8000,2900.6000,2900.4000,2900.2000,2901.8000,2902.4000,2902.6000,2902.8000,2903.0000,1,3,1,1,2,1,2,3,1,3
SF,IH2003,2019-12-02 09:33:50.100,2901.8000,15124,0,199205820.000,0,-,-,-,-,2901.2000,2900.8000,2900.6000,2900.4000,2900.2000,2902.6000,2902.8000,2903.0000,2903.6000,2904.0000,1,3,1,1,2,2,1,3,2,1
SF,IH2003,2019-12-02 09:33:51.100,2901.8000,15124,0,199205820.000,0,-,-,-,-,2901.2000,2900.8000,2900.6000,2900.4000,2900.2000,2902.4000,2902.6000,2902.8000,2903.0000,2903.6000,1,3,1,1,2,1,2,1,3,2
SF,IH2003,2019-12-02 09:33:51.600,2901.8000,15124,0,199205820.000,0,-,-,-,-,2902.4000,2901.2000,2900.8000,2900.6000,2900.4000,2902.6000,2902.8000,2903.0000,2903.6000,2904.0000,1,1,3,1,1,2,1,3,2,1
SF,IH2003,2019-12-02 09:33:52.100,2902.4000,15123,-1,200076540.000,1,0,1,双平,S,2901.2000,2900.8000,2900.6000,2900.4000,2900.2000,2902.0000,2902.2000,2902.4000,2902.6000,2902.8000,1,3,1,1,2,2,2,8,2,1
SF,IH2003,2019-12-02 09:33:52.600,2902.4000,15123,0,200076540.000,0,-,-,-,-,2901.2000,2900.8000,2900.6000,2900.4000,2900.2000,2902.0000,2902.2000,2902.4000,2902.6000,2902.8000,1,3,1,1,2,2,1,5,2,1
SF,IH2003,2019-12-02 09:33:53.100,2902.4000,15123,0,200076540.000,0,-,-,-,-,2900.8000,2900.6000,2900.4000,2900.2000,2900.0000,2901.2000,2902.0000,2902.2000,2902.4000,2902.6000,3,1,1,2,1,1,2,1,4,2
SF,IH2003,2019-12-02 09:33:53.600,2901.2000,15123,0,200946900.000,1,0,1,多换,S,2901.4000,2901.2000,2900.8000,2900.6000,2900.4000,2902.0000,2902.4000,2902.6000,2902.8000,2903.0000,3,2,3,1,1,2,2,2,1,3
SF,IH2003,2019-12-02 09:33:54.100,2901.2000,15123,0,200946900.000,0,-,-,-,-,2901.4000,2901.2000,2900.8000,2900.6000,2900.4000,2902.0000,2902.4000,2902.6000,2902.8000,2903.0000,2,2,3,1,1,2,3,2,1,3
SF,IH2003,2019-12-02 09:33:54.600,2901.2000,15123,0,200946900.000,0,-,-,-,-,2901.2000,2900.8000,2900.6000,2900.4000,2900.2000,2902.0000,2902.4000,2902.6000,2902.8000,2903.0000,2,2,1,1,2,2,3,2,1,3
SF,IH2003,2019-12-02 09:33:55.100,2901.2000,15123,0,200946900.000,0,-,-,-,-,2900.8000,2900.6000,2900.4000,2900.2000,2900.0000,2902.0000,2902.4000,2902.6000,2902.8000,2903.0000,2,1,1,2,1,2,3,2,1,3
SF,IH2003,2019-12-02 09:33:55.600,2901.2000,15123,0,200946900.000,0,-,-,-,-,2900.8000,2900.6000,2900.4000,2900.2000,2900.0000,2901.8000,2902.0000,2902.4000,2902.6000,2902.8000,2,1,1,2,1,1,2,3,2,1
SF,IH2003,2019-12-02 09:33:56.600,2901.2000,15123,0,200946900.000,0,-,-,-,-,2900.8000,2900.6000,2900.4000,2900.2000,2896.2000,2901.8000,2902.0000,2902.4000,2902.6000,2902.8000,2,1,1,2,2,1,2,3,2,1
SF,IH2003,2019-12-02 09:33:57.100,2901.2000,15123,0,200946900.000,0,-,-,-,-,2900.8000,2900.6000,2900.4000,2900.2000,2896.2000,2901.8000,2902.0000,2902.4000,2902.6000,2902.8000,2,1,1,2,2,1,3,3,2,1
SF,IH2003,2019-12-02 09:33:58.100,2900.8000,15122,-1,201817140.000,1,0,1,双平,S,2900.8000,2900.6000,2900.4000,2900.2000,2896.2000,2901.8000,2902.0000,2902.4000,2902.6000,2902.8000,2,1,1,2,2,1,3,3,2,1
SF,IH2003,2019-12-02 09:33:58.600,2900.8000,15122,0,201817140.000,0,-,-,-,-,2900.8000,2900.6000,2900.4000,2900.2000,2896.2000,2901.8000,2902.0000,2902.4000,2902.6000,2902.8000,1,1,1,2,2,1,4,3,2,1
SF,IH2003,2019-12-02 09:33:59.100,2900.8000,15122,0,201817140.000,0,-,-,-,-,2900.8000,2900.6000,2900.4000,2900.2000,2896.2000,2901.8000,2902.0000,2902.4000,2902.6000,2902.8000,1,1,1,2,2,1,3,3,2,1
SF,IH2003,2019-12-02 09:34:00.600,2901.8000,15121,-1,202687680.000,1,0,1,双平,S,2900.8000,2900.6000,2900.4000,2900.2000,2896.2000,2902.0000,2902.4000,2902.6000,2902.8000,2903.0000,2,1,1,2,2,3,3,2,1,3
SF,IH2003,2019-12-02 09:34:01.100,2901.8000,15121,0,202687680.000,0,-,-,-,-,2901.0000,2900.8000,2900.6000,2900.4000,2900.2000,2902.0000,2902.4000,2902.8000,2903.0000,2903.6000,6,2,1,1,2,3,2,1,3,2
SF,IH2003,2019-12-02 09:34:01.600,2901.8000,15121,0,202687680.000,0,-,-,-,-,2901.2000,2901.0000,2900.8000,2900.6000,2900.2000,2902.0000,2902.4000,2902.8000,2903.0000,2903.6000,1,6,2,1,2,3,2,1,3,2
SF,IH2003,2019-12-02 09:34:02.100,2901.8000,15121,0,202687680.000,0,-,-,-,-,2901.4000,2901.2000,2901.0000,2900.8000,2900.6000,2902.0000,2902.4000,2902.8000,2903.0000,2903.6000,1,1,3,2,1,3,2,1,3,2
SF,IH2003,2019-12-02 09:34:02.600,2901.8000,15121,0,202687680.000,0,-,-,-,-,2901.6000,2901.4000,2901.2000,2901.0000,2900.8000,2902.0000,2902.4000,2902.8000,2903.0000,2903.6000,1,1,1,2,1,3,2,1,3,2
SF,IH2003,2019-12-02 09:34:03.100,2901.8000,15121,0,202687680.000,0,-,-,-,-,2901.6000,2901.4000,2901.2000,2901.0000,2900.8000,2902.0000,2902.4000,2902.8000,2903.0000,2903.6000,1,1,1,2,1,3,2,1,3,2
SF,IH2003,2019-12-02 09:34:03.600,2901.6000,15120,-1,203558160.000,1,0,1,双平,S,2901.4000,2901.2000,2901.0000,2900.8000,2900.2000,2902.0000,2902.4000,2902.8000,2903.0000,2903.6000,1,1,2,1,2,3,2,1,3,2
SF,IH2003,2019-12-02 09:34:04.100,2901.4000,15119,-1,204428580.000,1,0,1,双平,S,2901.2000,2901.0000,2900.8000,2900.2000,2896.2000,2902.0000,2902.4000,2902.8000,2903.0000,2903.6000,1,2,1,2,2,3,2,1,3,2
SF,IH2003,2019-12-02 09:34:04.600,2901.4000,15119,0,204428580.000,0,-,-,-,-,2901.4000,2901.2000,2901.0000,2900.8000,2900.2000,2902.0000,2902.4000,2902.8000,2903.0000,2903.6000,1,1,2,1,2,3,2,1,3,2
SF,IH2003,2019-12-02 09:34:05.600,2901.4000,15119,0,204428580.000,0,-,-,-,-,2901.4000,2901.2000,2901.0000,2900.8000,2900.2000,2902.0000,2902.4000,2902.8000,2903.0000,2903.6000,1,1,2,1,2,3,2,1,3,2
SF,IH2003,2019-12-02 09:34:06.100,2901.4000,15119,0,204428580.000,0,-,-,-,-,2901.4000,2901.2000,2901.0000,2900.8000,2900.2000,2902.0000,2902.4000,2902.8000,2903.0000,2903.6000,1,1,2,1,2,4,2,1,3,2
SF,IH2003,2019-12-02 09:34:06.600,2901.4000,15119,0,204428580.000,0,-,-,-,-,2901.4000,2901.2000,2901.0000,2900.8000,2900.2000,2902.0000,2902.4000,2902.8000,2903.0000,2903.6000,1,1,2,1,2,4,2,1,3,2
SF,IH2003,2019-12-02 09:34:07.600,2901.4000,15119,0,204428580.000,0,-,-,-,-,2901.4000,2901.2000,2901.0000,2900.8000,2900.2000,2902.0000,2902.4000,2902.8000,2903.0000,2903.6000,1,1,2,1,2,2,2,1,3,2
SF,IH2003,2019-12-02 09:34:09.600,2901.4000,15119,0,204428580.000,0,-,-,-,-,2901.4000,2901.2000,2901.0000,2900.8000,2900.2000,2902.0000,2902.4000,2902.8000,2903.0000,2903.6000,1,1,2,1,2,2,2,1,3,2
SF,IH2003,2019-12-02 09:34:10.100,2901.4000,15119,0,204428580.000,0,-,-,-,-,2901.4000,2901.2000,2901.0000,2900.2000,2896.2000,2902.0000,2902.4000,2902.8000,2903.0000,2903.6000,1,1,2,2,2,2,2,1,3,2
SF,IH2003,2019-12-02 09:34:11.100,2901.4000,15119,0,204428580.000,0,-,-,-,-,2901.4000,2901.2000,2901.0000,2900.2000,2896.2000,2902.0000,2902.4000,2902.8000,2903.0000,2903.6000,1,1,2,2,2,2,2,1,4,2
SF,IH2003,2019-12-02 09:34:11.600,2901.4000,15119,0,205299000.000,1,0,1,多换,S,2901.2000,2901.0000,2900.2000,2896.2000,2892.8000,2902.0000,2902.4000,2902.8000,2903.0000,2903.6000,1,2,2,2,6,2,2,1,4,2
SF,IH2003,2019-12-02 09:34:12.100,2901.2000,15120,1,206169360.000,1,1,0,双开,S,2901.4000,2901.0000,2900.2000,2896.2000,2892.8000,2902.0000,2902.4000,2902.8000,2903.0000,2903.2000,1,2,2,2,6,2,2,1,4,1
SF,IH2003,2019-12-02 09:34:12.600,2901.4000,15119,-1,207039780.000,1,0,1,双平,S,2900.2000,2896.2000,2892.8000,2892.0000,2891.0000,2901.4000,2901.6000,2902.0000,2902.4000,2902.8000,2,2,6,1,2,1,1,2,2,1
SF,IH2003,2019-12-02 09:34:13.100,2901.4000,15119,0,207039780.000,0,-,-,-,-,2900.4000,2900.2000,2896.2000,2892.8000,2892.0000,2901.4000,2901.6000,2902.0000,2902.4000,2902.8000,3,2,2,6,1,1,1,2,2,1
SF,IH2003,2019-12-02 09:34:13.600,2901.4000,15119,0,207039780.000,0,-,-,-,-,2900.4000,2900.2000,2896.2000,2892.8000,2892.0000,2901.6000,2902.0000,2902.4000,2902.8000,2903.0000,3,2,2,6,1,1,2,2,1,4
SF,IH2003,2019-12-02 09:34:14.600,2901.4000,15119,0,207039780.000,0,-,-,-,-,2900.6000,2900.4000,2900.2000,2896.2000,2892.8000,2901.6000,2902.0000,2902.4000,2902.8000,2903.0000,2,3,2,2,6,1,2,2,1,4
SF,IH2003,2019-12-02 09:34:15.100,2901.4000,15119,0,207039780.000,0,-,-,-,-,2900.6000,2900.4000,2900.2000,2896.2000,2892.8000,2901.6000,2902.0000,2902.4000,2902.8000,2903.0000,2,2,2,2,6,1,2,2,1,4
SF,IH2003,2019-12-02 09:34:15.600,2901.4000,15119,0,207039780.000,0,-,-,-,-,2900.8000,2900.6000,2900.2000,2896.2000,2892.8000,2901.6000,2902.0000,2902.4000,2902.8000,2903.0000,3,2,2,2,6,1,2,2,1,4
SF,IH2003,2019-12-02 09:34:16.100,2901.4000,15119,0,207039780.000,0,-,-,-,-,2900.8000,2900.6000,2900.2000,2896.2000,2892.8000,2901.6000,2902.0000,2902.4000,2902.8000,2903.0000,2,2,2,2,6,1,2,2,1,4
SF,IH2003,2019-12-02 09:34:16.600,2901.6000,15118,-1,207910260.000,1,0,1,双平,S,2900.8000,2900.6000,2900.2000,2896.2000,2892.8000,2901.0000,2902.0000,2902.4000,2902.8000,2903.0000,2,1,2,2,6,1,2,2,1,4
SF,IH2003,2019-12-02 09:34:17.100,2901.0000,15118,0,208780560.000,1,0,1,多换,S,2901.2000,2901.0000,2900.8000,2900.2000,2896.2000,2902.0000,2902.4000,2902.8000,2903.0000,2903.2000,3,7,3,2,2,2,2,1,4,1
SF,IH2003,2019-12-02 09:34:17.600,2901.0000,15118,0,208780560.000,0,-,-,-,-,2901.2000,2901.0000,2900.8000,2900.2000,2896.2000,2902.0000,2902.4000,2902.8000,2903.0000,2903.2000,1,5,2,2,2,2,2,1,4,1
SF,IH2003,2019-12-02 09:34:19.600,2902.0000,15116,-2,210521760.000,2,0,2,双平,S,2902.0000,2901.2000,2901.0000,2900.8000,2900.2000,2902.4000,2902.8000,2903.0000,2903.2000,2903.6000,1,1,5,2,2,2,1,4,1,2
SF,IH2003,2019-12-02 09:34:20.100,2902.4000,15116,0,211392480.000,1,0,1,多换,S,2902.0000,2901.2000,2901.0000,2900.8000,2900.2000,2902.8000,2903.0000,2903.2000,2903.6000,2905.0000,1,1,5,2,1,1,4,1,2,3
SF,IH2003,2019-12-02 09:34:20.600,2902.4000,15116,0,211392480.000,0,-,-,-,-,2902.0000,2901.2000,2901.0000,2900.8000,2900.2000,2902.8000,2903.0000,2903.2000,2903.6000,2905.0000,1,1,3,2,1,1,4,1,2,3
SF,IH2003,2019-12-02 09:34:21.600,2902.8000,15116,0,212263320.000,1,0,1,多换,S,2902.2000,2902.0000,2901.2000,2901.0000,2900.8000,2903.0000,2903.2000,2903.6000,2905.0000,2905.2000,1,1,1,2,2,4,1,1,3,1
SF,IH2003,2019-12-02 09:34:22.100,2902.2000,15117,1,213133980.000,1,1,0,双开,S,2902.0000,2901.2000,2901.0000,2900.8000,2900.2000,2903.0000,2903.2000,2903.6000,2905.0000,2905.2000,1,1,2,2,1,4,1,1,3,1
SF,IH2003,2019-12-02 09:34:22.600,2902.2000,15117,0,213133980.000,0,-,-,-,-,2902.0000,2901.2000,2901.0000,2900.8000,2900.2000,2903.0000,2903.2000,2903.6000,2905.0000,2905.2000,1,1,2,2,1,4,1,1,3,1
SF,IH2003,2019-12-02 09:34:24.100,2902.2000,15115,-2,214875540.000,2,0,2,双平,S,2902.0000,2901.2000,2901.0000,2900.8000,2900.2000,2903.0000,2903.2000,2903.6000,2905.0000,2905.2000,1,1,2,2,1,3,1,1,3,1
SF,IH2003,2019-12-02 09:34:24.600,2903.0000,15114,-1,215746440.000,1,0,1,双平,S,2902.2000,2902.0000,2901.2000,2901.0000,2900.2000,2903.0000,2903.2000,2903.6000,2905.0000,2905.2000,2,1,1,1,1,2,1,1,3,1
SF,IH2003,2019-12-02 09:34:25.100,2903.0000,15114,0,215746440.000,0,-,-,-,-,2902.2000,2902.0000,2901.2000,2901.0000,2900.2000,2903.0000,2903.2000,2905.0000,2905.2000,2905.8000,3,1,1,1,1,2,1,3,1,4
SF,IH2003,2019-12-02 09:34:25.600,2903.0000,15114,0,215746440.000,0,-,-,-,-,2902.2000,2902.0000,2901.0000,2900.2000,2896.2000,2903.0000,2903.2000,2905.0000,2905.2000,2905.8000,3,1,1,1,2,2,1,3,1,4
SF,IH2003,2019-12-02 09:34:26.100,2903.0000,15114,0,215746440.000,0,-,-,-,-,2902.2000,2902.0000,2901.0000,2900.2000,2896.2000,2903.0000,2903.2000,2905.0000,2905.2000,2905.8000,2,1,1,1,2,2,1,3,1,4
SF,IH2003,2019-12-02 09:34:26.600,2903.0000,15114,0,215746440.000,0,-,-,-,-,2902.4000,2902.2000,2902.0000,2901.8000,2901.0000,2903.0000,2903.2000,2905.0000,2905.2000,2905.8000,1,2,1,1,1,2,1,3,1,4
SF,IH2003,2019-12-02 09:34:27.100,2903.0000,15114,0,215746440.000,0,-,-,-,-,2902.2000,2902.0000,2901.8000,2900.2000,2896.2000,2903.0000,2903.2000,2905.0000,2905.2000,2905.8000,2,1,1,1,2,2,1,3,1,4
SF,IH2003,2019-12-02 09:34:27.600,2903.0000,15114,0,215746440.000,0,-,-,-,-,2902.2000,2902.0000,2901.8000,2900.2000,2896.2000,2903.0000,2903.2000,2905.0000,2905.2000,2905.8000,2,1,1,1,2,2,1,3,1,4
SF,IH2003,2019-12-02 09:34:28.100,2903.0000,15114,0,215746440.000,0,-,-,-,-,2902.0000,2901.8000,2900.2000,2896.2000,2892.8000,2903.0000,2903.2000,2905.0000,2905.2000,2905.8000,1,1,1,2,6,2,1,3,1,4
SF,IH2003,2019-12-02 09:34:28.600,2903.0000,15114,0,215746440.000,0,-,-,-,-,2900.2000,2896.2000,2892.8000,2892.0000,2891.0000,2903.0000,2903.2000,2905.0000,2905.2000,2905.8000,1,2,6,1,2,2,1,3,1,4
SF,IH2003,2019-12-02 09:34:29.100,2903.0000,15114,0,215746440.000,0,-,-,-,-,2900.8000,2900.6000,2900.4000,2900.2000,2900.0000,2902.8000,2903.0000,2903.2000,2905.0000,2905.2000,1,6,14,2,1,1,2,1,3,1
SF,IH2003,2019-12-02 09:34:29.600,2903.0000,15114,0,215746440.000,0,-,-,-,-,2901.2000,2901.0000,2900.8000,2900.6000,2900.4000,2902.8000,2903.0000,2903.2000,2905.0000,2905.2000,1,8,1,6,12,1,2,1,3,1
SF,IH2003,2019-12-02 09:34:30.100,2903.0000,15114,0,215746440.000,0,-,-,-,-,2901.4000,2901.2000,2901.0000,2900.8000,2900.6000,2902.8000,2903.0000,2903.2000,2905.0000,2905.2000,3,1,7,1,1,1,2,1,3,1
SF,IH2003,2019-12-02 09:34:30.600,2901.6000,15114,0,217487400.000,2,1,1,多换,S,2901.6000,2901.4000,2901.2000,2901.0000,2900.8000,2902.8000,2903.0000,2903.2000,2905.0000,2905.2000,1,7,1,7,1,1,2,1,3,1
SF,IH2003,2019-12-02 09:34:31.100,2901.6000,15114,0,217487400.000,0,-,-,-,-,2901.4000,2901.2000,2901.0000,2900.8000,2900.6000,2902.6000,2903.0000,2903.2000,2905.0000,2905.2000,4,1,5,2,1,1,2,1,3,1
SF,IH2003,2019-12-02 09:34:31.600,2901.6000,15113,-1,218357880.000,1,0,1,双平,S,2901.4000,2901.0000,2900.8000,2900.6000,2900.4000,2903.0000,2903.2000,2905.0000,2905.2000,2905.8000,4,5,2,1,6,2,1,3,1,4
SF,IH2003,2019-12-02 09:34:32.100,2901.6000,15113,0,218357880.000,0,-,-,-,-,2901.8000,2901.6000,2901.4000,2901.0000,2900.8000,2902.8000,2903.0000,2903.2000,2905.0000,2905.2000,1,1,4,4,2,1,2,1,3,1
SF,IH2003,2019-12-02 09:34:32.600,2901.6000,15113,0,218357880.000,0,-,-,-,-,2901.8000,2901.6000,2901.4000,2901.0000,2900.8000,2903.0000,2903.2000,2905.0000,2905.2000,2905.8000,1,2,4,4,2,2,1,3,1,4
SF,IH2003,2019-12-02 09:34:33.100,2901.8000,15112,-1,219228420.000,1,0,1,双平,S,2901.8000,2901.6000,2901.4000,2901.0000,2900.8000,2903.0000,2903.2000,2905.0000,2905.2000,2905.8000,1,2,4,4,2,2,1,3,1,4
SF,IH2003,2019-12-02 09:34:33.600,2901.8000,15112,0,219228420.000,0,-,-,-,-,2901.8000,2901.6000,2901.4000,2901.0000,2900.8000,2903.0000,2903.2000,2905.0000,2905.2000,2905.8000,1,2,4,4,2,2,1,3,1,4
SF,IH2003,2019-12-02 09:34:34.100,2901.8000,15112,0,220098960.000,1,0,1,多换,S,2901.4000,2901.0000,2900.8000,2900.6000,2900.4000,2902.8000,2903.0000,2903.2000,2905.0000,2905.2000,4,4,2,1,6,1,2,1,3,1
SF,IH2003,2019-12-02 09:34:34.600,2901.8000,15112,0,220098960.000,0,-,-,-,-,2901.6000,2901.4000,2901.0000,2900.8000,2900.6000,2902.8000,2903.0000,2903.2000,2905.0000,2905.2000,3,4,4,2,1,1,2,1,3,1
SF,IH2003,2019-12-02 09:34:36.600,2901.8000,15112,0,220098960.000,0,-,-,-,-,2901.8000,2901.4000,2901.0000,2900.8000,2900.6000,2903.0000,2903.2000,2905.0000,2905.2000,2905.8000,1,4,4,2,1,2,1,3,1,4
SF,IH2003,2019-12-02 09:34:37.100,2901.8000,15112,0,220098960.000,0,-,-,-,-,2901.4000,2901.0000,2900.8000,2900.6000,2900.4000,2903.0000,2903.2000,2905.0000,2905.2000,2905.8000,4,4,2,1,6,2,1,3,1,4
SF,IH2003,2019-12-02 09:34:37.600,2901.8000,15112,0,220098960.000,0,-,-,-,-,2901.4000,2901.0000,2900.8000,2900.6000,2900.4000,2902.8000,2903.0000,2903.2000,2905.0000,2905.2000,4,4,2,1,6,2,2,1,3,1
SF,IH2003,2019-12-02 09:34:39.100,2901.8000,15112,0,220098960.000,0,-,-,-,-,2901.6000,2901.4000,2901.0000,2900.8000,2900.6000,2902.8000,2903.0000,2903.2000,2905.0000,2905.2000,1,4,4,2,1,1,2,1,3,1
SF,IH2003,2019-12-02 09:34:39.600,2901.8000,15112,0,220098960.000,0,-,-,-,-,2901.4000,2901.0000,2900.8000,2900.6000,2900.4000,2902.8000,2903.0000,2903.2000,2905.0000,2905.2000,4,4,2,1,6,1,2,1,3,1
SF,IH2003,2019-12-02 09:34:40.100,2901.8000,15112,0,220098960.000,0,-,-,-,-,2901.6000,2901.4000,2901.0000,2900.8000,2900.6000,2902.8000,2903.0000,2903.2000,2905.0000,2905.2000,1,4,4,2,1,1,2,1,3,1
SF,IH2003,2019-12-02 09:34:40.600,2901.8000,15112,0,220098960.000,0,-,-,-,-,2901.4000,2901.0000,2900.8000,2900.6000,2900.4000,2902.8000,2903.0000,2903.2000,2905.0000,2905.2000,4,4,2,1,6,1,2,1,3,1
SF,IH2003,2019-12-02 09:34:41.100,2901.8000,15112,0,220098960.000,0,-,-,-,-,2902.6000,2901.4000,2901.0000,2900.8000,2900.6000,2903.0000,2903.2000,2905.0000,2905.2000,2905.8000,1,4,4,2,1,2,1,3,1,4
SF,IH2003,2019-12-02 09:34:41.600,2902.6000,15111,-1,220969740.000,1,0,1,双平,S,2901.6000,2901.4000,2901.0000,2900.8000,2900.6000,2902.6000,2903.0000,2903.2000,2905.0000,2905.2000,1,4,4,2,1,4,2,1,3,1
SF,IH2003,2019-12-02 09:34:42.100,2902.6000,15111,0,220969740.000,0,-,-,-,-,2901.6000,2901.4000,2901.0000,2900.8000,2900.6000,2902.6000,2903.0000,2903.2000,2905.0000,2905.2000,1,4,4,2,1,4,2,1,3,1
SF,IH2003,2019-12-02 09:34:42.600,2902.6000,15111,0,220969740.000,0,-,-,-,-,2901.4000,2901.0000,2900.8000,2900.6000,2900.4000,2902.6000,2903.0000,2903.2000,2904.0000,2905.0000,4,4,2,1,5,3,2,1,2,3
SF,IH2003,2019-12-02 09:34:43.100,2902.6000,15111,0,220969740.000,0,-,-,-,-,2901.4000,2901.0000,2900.8000,2900.6000,2900.4000,2901.6000,2902.6000,2903.0000,2903.2000,2904.0000,4,4,2,1,5,1,3,2,1,2
SF,IH2003,2019-12-02 09:34:43.600,2901.6000,15111,0,221840220.000,1,0,1,多换,S,2901.6000,2901.4000,2901.0000,2900.8000,2900.6000,2902.4000,2902.6000,2903.0000,2903.2000,2904.0000,2,2,4,2,1,1,3,2,1,2
SF,IH2003,2019-12-02 09:34:44.100,2901.6000,15113,2,223581180.000,2,2,0,双开,S,2901.4000,2901.0000,2900.8000,2900.4000,2900.2000,2901.6000,2902.2000,2902.4000,2902.6000,2903.0000,2,4,2,5,1,1,2,1,3,2
SF,IH2003,2019-12-02 09:34:44.600,2901.6000,15113,0,224451660.000,1,0,1,多换,S,2901.4000,2901.0000,2900.8000,2900.4000,2900.2000,2902.2000,2902.4000,2902.6000,2903.0000,2903.2000,2,2,2,5,1,1,1,4,2,1
SF,IH2003,2019-12-02 09:34:45.100,2901.4000,15113,0,225322080.000,1,0,1,多换,S,2901.4000,2901.0000,2900.8000,2900.4000,2900.2000,2902.4000,2902.6000,2903.0000,2903.2000,2904.0000,1,2,2,5,1,1,4,2,1,2
SF,IH2003,2019-12-02 09:34:45.600,2901.4000,15113,0,225322080.000,0,-,-,-,-,2901.6000,2900.8000,2900.4000,2900.2000,2896.2000,2902.2000,2902.4000,2902.6000,2903.0000,2903.2000,1,2,5,1,2,2,1,4,2,1
SF,IH2003,2019-12-02 09:34:46.100,2901.6000,15112,-1,226192560.000,1,0,1,双平,S,2900.8000,2900.4000,2900.2000,2896.2000,2892.8000,2901.6000,2902.0000,2902.2000,2902.4000,2902.6000,1,5,1,2,5,2,1,1,1,4
SF,IH2003,2019-12-02 09:34:46.600,2901.6000,15112,0,226192560.000,0,-,-,-,-,2900.8000,2900.4000,2900.2000,2896.2000,2892.8000,2901.6000,2902.0000,2902.4000,2902.6000,2903.0000,1,5,1,2,5,2,1,1,4,2
SF,IH2003,2019-12-02 09:34:47.100,2901.6000,15112,0,226192560.000,0,-,-,-,-,2900.8000,2900.4000,2896.2000,2892.8000,2892.0000,2901.6000,2902.0000,2902.4000,2902.6000,2903.0000,1,5,2,5,1,1,1,1,4,2
SF,IH2003,2019-12-02 09:34:48.100,2901.6000,15113,1,227063040.000,1,1,0,双开,S,2900.8000,2900.4000,2896.2000,2892.8000,2892.0000,2902.0000,2902.4000,2902.6000,2903.0000,2903.2000,1,5,2,5,1,1,1,4,2,1
SF,IH2003,2019-12-02 09:34:48.600,2901.6000,15113,0,227063040.000,0,-,-,-,-,2900.8000,2900.4000,2896.2000,2892.8000,2892.0000,2901.8000,2902.4000,2902.6000,2903.0000,2903.2000,1,5,2,5,1,2,1,4,2,1
SF,IH2003,2019-12-02 09:34:49.100,2901.6000,15113,0,227063040.000,0,-,-,-,-,2900.8000,2900.4000,2896.2000,2892.8000,2892.0000,2902.4000,2902.6000,2903.0000,2903.2000,2904.0000,1,5,2,5,1,1,4,2,1,2
SF,IH2003,2019-12-02 09:34:49.600,2901.6000,15113,0,227063040.000,0,-,-,-,-,2900.8000,2900.4000,2896.2000,2892.8000,2892.0000,2902.2000,2902.4000,2902.6000,2903.0000,2903.2000,1,5,2,5,1,5,2,4,2,1
SF,IH2003,2019-12-02 09:34:50.100,2901.6000,15113,0,227063040.000,0,-,-,-,-,2900.8000,2900.4000,2896.2000,2892.8000,2892.0000,2902.0000,2902.2000,2902.4000,2902.6000,2903.0000,1,5,2,5,1,1,4,2,4,2
SF,IH2003,2019-12-02 09:34:50.600,2901.6000,15113,0,227063040.000,0,-,-,-,-,2901.0000,2900.8000,2900.4000,2896.2000,2892.8000,2902.2000,2902.4000,2902.6000,2903.0000,2903.2000,1,1,5,2,5,3,2,4,2,1
SF,IH2003,2019-12-02 09:34:51.100,2901.6000,15113,0,227063040.000,0,-,-,-,-,2900.8000,2900.4000,2896.2000,2892.8000,2892.0000,2902.0000,2902.2000,2902.4000,2902.6000,2903.0000,1,5,2,5,1,2,3,2,4,2
SF,IH2003,2019-12-02 09:34:51.600,2901.6000,15113,0,227063040.000,0,-,-,-,-,2900.8000,2896.2000,2892.8000,2892.0000,2891.0000,2901.8000,2902.0000,2902.2000,2902.4000,2902.6000,1,2,5,1,2,1,2,4,2,4
SF,IH2003,2019-12-02 09:34:52.100,2901.6000,15113,0,227063040.000,0,-,-,-,-,2900.4000,2896.2000,2892.8000,2892.0000,2891.0000,2902.0000,2902.2000,2902.4000,2902.6000,2903.0000,1,2,5,1,2,1,4,2,4,2
SF,IH2003,2019-12-02 09:34:52.600,2901.6000,15113,0,227063040.000,0,-,-,-,-,2900.6000,2900.4000,2896.2000,2892.8000,2892.0000,2901.8000,2902.0000,2902.2000,2902.4000,2902.6000,1,1,2,5,1,3,1,2,2,4
SF,IH2003,2019-12-02 09:34:53.100,2901.6000,15113,0,227063040.000,0,-,-,-,-,2900.4000,2896.2000,2892.8000,2892.0000,2891.0000,2901.6000,2901.8000,2902.0000,2902.2000,2902.4000,1,2,5,1,2,1,2,1,2,2
SF,IH2003,2019-12-02 09:34:53.600,2901.6000,15113,0,227063040.000,0,-,-,-,-,2900.4000,2896.2000,2892.8000,2892.0000,2891.0000,2901.8000,2902.2000,2902.4000,2902.6000,2903.0000,1,2,5,1,2,2,2,2,4,2
SF,IH2003,2019-12-02 09:34:54.100,2901.6000,15113,0,227063040.000,0,-,-,-,-,2900.4000,2896.2000,2892.8000,2892.0000,2891.0000,2901.4000,2901.6000,2901.8000,2902.2000,2902.4000,1,2,5,1,2,1,2,2,2,2
SF,IH2003,2019-12-02 09:34:54.600,2901.6000,15113,0,227063040.000,0,-,-,-,-,2900.6000,2900.4000,2896.2000,2892.8000,2892.0000,2901.4000,2901.6000,2901.8000,2902.2000,2902.4000,1,1,2,5,1,1,1,2,2,2
SF,IH2003,2019-12-02 09:34:55.100,2901.6000,15113,0,227063040.000,0,-,-,-,-,2900.4000,2896.2000,2892.8000,2892.0000,2891.0000,2901.4000,2901.6000,2901.8000,2902.2000,2902.4000,2,2,5,1,2,1,1,2,2,2
SF,IH2003,2019-12-02 09:34:55.600,2901.6000,15113,0,227063040.000,0,-,-,-,-,2900.4000,2896.2000,2892.8000,2892.0000,2891.0000,2901.4000,2901.6000,2901.8000,2902.2000,2902.4000,2,2,5,1,2,1,1,2,2,2
SF,IH2003,2019-12-02 09:34:56.600,2901.4000,15112,-1,227933460.000,1,0,1,双平,S,2900.4000,2896.2000,2892.8000,2892.0000,2891.0000,2901.6000,2901.8000,2902.2000,2902.4000,2902.6000,2,2,5,1,2,1,2,2,2,4
SF,IH2003,2019-12-02 09:34:57.100,2901.4000,15112,0,227933460.000,0,-,-,-,-,2900.4000,2896.2000,2892.8000,2892.0000,2891.0000,2901.4000,2901.8000,2902.2000,2902.4000,2902.6000,2,2,5,1,2,1,2,2,2,4
SF,IH2003,2019-12-02 09:34:57.600,2901.4000,15112,0,227933460.000,0,-,-,-,-,2900.8000,2900.6000,2900.4000,2896.2000,2892.8000,2901.4000,2901.8000,2902.2000,2902.4000,2902.6000,1,1,1,2,5,1,2,2,2,4
SF,IH2003,2019-12-02 09:34:58.100,2901.4000,15112,0,227933460.000,0,-,-,-,-,2900.8000,2900.6000,2900.4000,2896.2000,2892.8000,2901.8000,2902.2000,2902.4000,2902.6000,2903.0000,1,2,1,2,5,2,2,2,4,2
SF,IH2003,2019-12-02 09:34:58.600,2901.4000,15112,0,227933460.000,0,-,-,-,-,2900.8000,2900.6000,2900.4000,2896.2000,2892.8000,2901.6000,2901.8000,2902.2000,2902.4000,2902.6000,1,1,1,2,5,1,2,2,2,4
SF,IH2003,2019-12-02 09:34:59.100,2901.4000,15112,0,227933460.000,0,-,-,-,-,2900.8000,2900.6000,2900.4000,2896.2000,2892.8000,2901.8000,2902.2000,2902.4000,2902.6000,2903.0000,1,1,1,2,5,2,2,2,4,2
SF,IH2003,2019-12-02 09:34:59.600,2901.4000,15112,0,227933460.000,0,-,-,-,-,2900.8000,2900.6000,2900.4000,2896.2000,2892.8000,2901.6000,2901.8000,2902.2000,2902.4000,2902.6000,1,1,1,2,5,1,2,2,2,4
SF,IH2003,2019-12-02 09:35:00.100,2901.4000,15112,0,227933460.000,0,-,-,-,-,2900.8000,2900.6000,2900.4000,2896.2000,2892.8000,2901.8000,2902.2000,2902.4000,2902.6000,2903.0000,1,1,1,2,5,2,2,2,4,2
SF,IH2003,2019-12-02 09:35:00.600,2901.4000,15112,0,227933460.000,0,-,-,-,-,2901.6000,2901.0000,2900.8000,2900.6000,2900.4000,2902.4000,2902.6000,2903.0000,2903.2000,2904.0000,3,1,1,1,1,2,4,2,1,2
SF,IH2003,2019-12-02 09:35:01.100,2901.4000,15112,0,227933460.000,0,-,-,-,-,2901.6000,2901.0000,2900.8000,2900.6000,2900.4000,2902.4000,2902.6000,2903.0000,2903.2000,2904.0000,1,4,1,1,1,1,4,2,1,2
SF,IH2003,2019-12-02 09:35:01.600,2902.4000,15113,1,228804180.000,1,1,0,双开,S,2901.6000,2901.0000,2900.8000,2900.6000,2900.4000,2902.6000,2903.0000,2903.2000,2904.0000,2905.0000,1,4,1,1,1,4,2,1,2,3
SF,IH2003,2019-12-02 09:35:02.100,2902.6000,15113,0,229674960.000,1,0,1,多换,S,2901.8000,2901.6000,2901.0000,2900.8000,2900.6000,2902.6000,2903.0000,2903.2000,2904.0000,2905.0000,1,1,4,1,1,3,3,1,2,3
SF,IH2003,2019-12-02 09:35:02.600,2902.6000,15113,0,229674960.000,0,-,-,-,-,2902.0000,2901.8000,2901.6000,2901.0000,2900.8000,2902.6000,2903.0000,2903.2000,2904.0000,2905.0000,1,4,1,4,1,3,3,1,2,3
SF,IH2003,2019-12-02 09:35:03.100,2902.6000,15110,-3,232287300.000,3,0,3,双平,S,2902.8000,2902.6000,2902.0000,2901.8000,2901.6000,2903.0000,2903.2000,2904.0000,2905.0000,2905.2000,1,1,1,4,1,3,1,2,3,1
SF,IH2003,2019-12-02 09:35:03.600,2903.0000,15108,-2,234900000.000,3,0,3,多平,S,2903.0000,2902.6000,2902.2000,2902.0000,2901.8000,2903.2000,2904.0000,2905.0000,2905.2000,2905.8000,3,1,4,2,4,1,2,3,1,4
SF,IH2003,2019-12-02 09:35:04.100,2903.2000,15107,-1,235770960.000,1,0,1,双平,S,2903.2000,2903.0000,2902.6000,2902.2000,2902.0000,2904.0000,2905.0000,2905.2000,2905.8000,2906.0000,3,1,1,4,2,2,3,1,4,1
SF,IH2003,2019-12-02 09:35:04.600,2903.2000,15107,0,235770960.000,0,-,-,-,-,2903.2000,2903.0000,2902.6000,2902.2000,2902.0000,2903.8000,2904.0000,2905.0000,2905.2000,2905.8000,3,1,1,4,1,1,2,3,1,4
SF,IH2003,2019-12-02 09:35:05.100,2903.2000,15107,0,235770960.000,0,-,-,-,-,2903.2000,2903.0000,2902.6000,2902.2000,2902.0000,2904.0000,2905.0000,2905.2000,2905.8000,2906.0000,3,2,1,4,1,2,3,1,4,1
SF,IH2003,2019-12-02 09:35:05.600,2903.2000,15107,0,235770960.000,0,-,-,-,-,2903.4000,2903.2000,2903.0000,2902.6000,2902.2000,2904.0000,2905.0000,2905.2000,2905.8000,2906.0000,1,1,2,1,4,2,3,1,4,1
SF,IH2003,2019-12-02 09:35:06.100,2903.2000,15107,0,235770960.000,0,-,-,-,-,2903.4000,2903.2000,2903.0000,2902.6000,2902.2000,2904.0000,2905.0000,2905.2000,2905.8000,2906.0000,1,1,2,1,4,2,3,1,4,1
SF,IH2003,2019-12-02 09:35:06.600,2903.4000,15108,1,236641980.000,1,1,0,双开,S,2903.2000,2903.0000,2902.6000,2902.2000,2901.8000,2904.0000,2905.0000,2905.2000,2905.8000,2906.0000,1,2,1,4,4,2,3,1,4,1
SF,IH2003,2019-12-02 09:35:07.100,2903.2000,15108,0,237512940.000,1,0,1,多换,S,2903.0000,2902.6000,2902.2000,2901.8000,2901.6000,2903.8000,2904.0000,2905.0000,2905.2000,2905.8000,1,2,4,4,1,1,2,3,1,4
SF,IH2003,2019-12-02 09:35:07.600,2903.2000,15108,0,237512940.000,0,-,-,-,-,2902.6000,2902.2000,2901.8000,2901.6000,2901.0000,2904.0000,2905.0000,2905.2000,2905.8000,2906.0000,2,4,4,1,2,2,3,1,4,1
SF,IH2003,2019-12-02 09:35:08.100,2903.2000,15108,0,237512940.000,0,-,-,-,-,2902.6000,2902.2000,2901.8000,2901.6000,2901.0000,2903.8000,2904.0000,2905.0000,2905.2000,2905.8000,1,5,4,1,2,4,3,3,1,4
SF,IH2003,2019-12-02 09:35:08.600,2903.2000,15108,0,237512940.000,0,-,-,-,-,2902.8000,2902.6000,2902.2000,2901.8000,2901.6000,2903.8000,2904.0000,2905.0000,2905.2000,2905.8000,1,1,5,4,1,2,2,3,1,4
SF,IH2003,2019-12-02 09:35:09.100,2903.2000,15108,0,237512940.000,0,-,-,-,-,2902.6000,2902.2000,2901.8000,2901.6000,2901.0000,2903.6000,2903.8000,2904.0000,2905.0000,2905.2000,1,1,4,1,2,2,2,2,3,1
SF,IH2003,2019-12-02 09:35:09.600,2903.2000,15108,0,237512940.000,0,-,-,-,-,2902.6000,2902.2000,2901.8000,2901.6000,2901.0000,2903.8000,2904.0000,2905.0000,2905.2000,2905.8000,1,1,4,1,2,2,2,3,1,4
SF,IH2003,2019-12-02 09:35:10.100,2903.6000,15107,-1,238384020.000,1,0,1,双平,S,2902.6000,2902.2000,2901.8000,2901.6000,2901.0000,2903.8000,2904.0000,2905.0000,2905.2000,2905.8000,1,1,4,1,2,2,2,3,1,4
SF,IH2003,2019-12-02 09:35:11.100,2903.8000,15107,0,240126300.000,2,1,1,多换,S,2903.8000,2902.6000,2902.2000,2901.8000,2901.6000,2904.0000,2905.0000,2905.2000,2905.8000,2906.0000,2,1,1,4,1,2,3,1,4,1
SF,IH2003,2019-12-02 09:35:11.600,2903.8000,15107,0,242739720.000,3,1,2,多换,S,2902.8000,2902.6000,2902.2000,2901.8000,2901.6000,2903.8000,2904.0000,2905.0000,2905.2000,2905.8000,5,1,1,4,1,3,2,3,1,4
SF,IH2003,2019-12-02 09:35:12.100,2903.8000,15107,0,242739720.000,0,-,-,-,-,2902.6000,2902.2000,2901.8000,2901.6000,2901.0000,2903.8000,2904.0000,2905.0000,2905.2000,2905.8000,1,1,4,1,2,1,2,3,1,4
SF,IH2003,2019-12-02 09:35:12.600,2903.8000,15107,0,242739720.000,0,-,-,-,-,2901.8000,2901.0000,2900.6000,2900.4000,2900.0000,2903.8000,2904.0000,2905.0000,2905.2000,2905.8000,4,2,1,1,2,1,3,3,1,4
SF,IH2003,2019-12-02 09:35:13.100,2903.8000,15107,0,242739720.000,0,-,-,-,-,2902.0000,2901.8000,2901.0000,2900.6000,2900.4000,2903.6000,2903.8000,2904.0000,2905.0000,2905.2000,2,4,2,1,1,5,2,4,3,1
SF,IH2003,2019-12-02 09:35:13.600,2903.8000,15107,0,242739720.000,0,-,-,-,-,2902.0000,2901.8000,2901.0000,2900.6000,2900.4000,2903.6000,2903.8000,2904.0000,2905.0000,2905.2000,2,4,2,1,1,6,2,4,3,1
SF,IH2003,2019-12-02 09:35:14.100,2903.8000,15107,0,242739720.000,0,-,-,-,-,2902.0000,2901.8000,2901.0000,2900.6000,2900.4000,2903.4000,2903.6000,2903.8000,2904.0000,2905.0000,2,4,2,1,1,1,6,2,4,3
SF,IH2003,2019-12-02 09:35:14.600,2903.8000,15107,0,242739720.000,0,-,-,-,-,2902.0000,2901.8000,2901.0000,2900.6000,2900.0000,2903.4000,2903.6000,2903.8000,2904.0000,2905.0000,2,1,2,1,2,2,5,2,4,3
SF,IH2003,2019-12-02 09:35:15.100,2903.8000,15107,0,242739720.000,0,-,-,-,-,2902.0000,2901.8000,2901.0000,2900.6000,2900.0000,2903.4000,2903.6000,2903.8000,2904.0000,2905.0000,2,1,2,1,2,1,5,2,4,3
SF,IH2003,2019-12-02 09:35:16.600,2903.8000,15107,0,242739720.000,0,-,-,-,-,2902.0000,2901.8000,2901.0000,2900.6000,2900.0000,2903.6000,2903.8000,2904.0000,2905.0000,2905.2000,2,1,2,1,2,4,2,2,3,1
SF,IH2003,2019-12-02 09:35:17.100,2903.8000,15107,0,242739720.000,0,-,-,-,-,2902.0000,2901.8000,2901.0000,2900.6000,2900.0000,2903.6000,2903.8000,2904.0000,2905.0000,2905.2000,2,1,2,1,2,2,2,2,3,1
SF,IH2003,2019-12-02 09:35:17.600,2903.8000,15107,0,242739720.000,0,-,-,-,-,2902.2000,2902.0000,2901.8000,2901.0000,2900.6000,2903.6000,2903.8000,2904.0000,2905.0000,2905.2000,12,2,1,2,1,1,2,2,3,1
SF,IH2003,2019-12-02 09:35:18.100,2903.8000,15107,0,242739720.000,0,-,-,-,-,2902.4000,2902.2000,2901.8000,2901.0000,2900.6000,2903.6000,2903.8000,2904.0000,2905.0000,2905.2000,2,13,1,2,1,1,1,2,3,1
SF,IH2003,2019-12-02 09:35:18.600,2903.8000,15107,0,242739720.000,0,-,-,-,-,2902.6000,2902.4000,2902.2000,2901.8000,2901.0000,2903.8000,2904.0000,2905.0000,2905.2000,2905.8000,4,2,11,1,2,1,2,3,1,4
SF,IH2003,2019-12-02 09:35:19.100,2903.8000,15107,0,242739720.000,0,-,-,-,-,2902.8000,2902.6000,2902.2000,2901.8000,2901.0000,2903.8000,2904.0000,2905.0000,2905.2000,2905.8000,2,4,11,1,2,1,2,3,1,4
SF,IH2003,2019-12-02 09:35:19.600,2903.8000,15107,0,242739720.000,0,-,-,-,-,2902.8000,2902.6000,2902.2000,2901.8000,2901.0000,2903.8000,2904.0000,2905.0000,2905.2000,2905.8000,2,4,11,1,2,1,2,3,1,4
SF,IH2003,2019-12-02 09:35:20.100,2903.8000,15107,0,242739720.000,0,-,-,-,-,2902.8000,2902.6000,2902.2000,2901.8000,2901.0000,2904.0000,2905.0000,2905.2000,2905.8000,2906.0000,2,2,11,1,2,2,3,1,4,1
SF,IH2003,2019-12-02 09:35:20.600,2903.8000,15107,0,242739720.000,0,-,-,-,-,2903.0000,2902.8000,2902.2000,2901.8000,2901.0000,2904.0000,2905.0000,2905.2000,2905.8000,2906.0000,1,2,11,1,2,3,3,1,4,1
SF,IH2003,2019-12-02 09:35:21.100,2903.8000,15107,0,242739720.000,0,-,-,-,-,2903.0000,2902.8000,2902.2000,2901.8000,2901.0000,2904.0000,2905.0000,2905.2000,2905.8000,2906.0000,1,2,11,1,2,2,3,1,4,1
SF,IH2003,2019-12-02 09:35:23.100,2903.8000,15107,0,242739720.000,0,-,-,-,-,2903.0000,2902.8000,2902.2000,2901.8000,2901.0000,2903.8000,2904.0000,2905.0000,2905.2000,2905.8000,1,2,11,1,2,2,2,3,1,4
SF,IH2003,2019-12-02 09:35:24.100,2903.8000,15107,0,242739720.000,0,-,-,-,-,2903.0000,2902.8000,2902.2000,2901.8000,2901.0000,2903.8000,2904.0000,2905.0000,2905.2000,2905.8000,1,2,5,1,2,2,2,3,1,4
SF,IH2003,2019-12-02 09:35:24.600,2903.0000,15107,0,243610620.000,1,0,1,多换,S,2902.8000,2902.2000,2901.8000,2901.0000,2900.6000,2903.8000,2904.0000,2905.0000,2905.2000,2905.8000,2,5,1,2,1,2,2,3,1,4
SF,IH2003,2019-12-02 09:35:25.600,2903.0000,15107,0,243610620.000,0,-,-,-,-,2902.8000,2902.2000,2901.8000,2901.0000,2900.6000,2903.8000,2904.0000,2905.0000,2905.2000,2905.8000,2,5,1,2,1,2,3,3,1,4
SF,IH2003,2019-12-02 09:35:26.600,2903.0000,15107,0,243610620.000,0,-,-,-,-,2902.8000,2902.2000,2901.8000,2901.6000,2901.0000,2903.8000,2904.0000,2905.0000,2905.2000,2905.8000,2,5,1,1,2,2,2,3,1,4
SF,IH2003,2019-12-02 09:35:27.100,2903.8000,15107,0,244481760.000,1,0,1,多换,S,2902.8000,2902.2000,2901.8000,2901.6000,2901.0000,2903.8000,2904.0000,2905.0000,2905.2000,2905.8000,2,5,1,1,2,1,2,3,1,4
SF,IH2003,2019-12-02 09:35:29.600,2903.8000,15107,0,244481760.000,0,-,-,-,-,2903.4000,2902.8000,2902.2000,2901.6000,2901.0000,2903.8000,2904.0000,2905.0000,2905.2000,2905.8000,1,2,5,1,2,1,2,3,1,4
SF,IH2003,2019-12-02 09:35:30.100,2903.4000,15107,0,245352780.000,1,0,1,多换,S,2902.8000,2902.2000,2901.6000,2901.0000,2900.6000,2903.0000,2903.2000,2903.8000,2904.0000,2905.0000,2,5,1,2,1,1,1,1,2,3
SF,IH2003,2019-12-02 09:35:30.600,2902.8000,15107,0,246223620.000,1,0,1,多换,S,2901.6000,2901.0000,2900.6000,2900.4000,2900.0000,2902.8000,2903.2000,2903.6000,2903.8000,2904.0000,1,2,1,2,2,1,1,1,1,2
SF,IH2003,2019-12-02 09:35:31.100,2902.8000,15106,-1,247094460.000,1,0,1,双平,S,2901.8000,2901.6000,2901.4000,2901.0000,2900.6000,2903.6000,2903.8000,2904.0000,2905.0000,2905.2000,8,2,1,2,1,1,1,2,3,1
SF,IH2003,2019-12-02 09:35:31.600,2903.4000,15106,0,249707520.000,3,1,2,多换,S,2901.8000,2901.6000,2901.4000,2901.0000,2900.6000,2903.4000,2903.6000,2903.8000,2904.0000,2905.0000,8,2,1,2,1,1,2,1,2,3
