市场代码,合约代码,时间,最新,持仓,增仓,成交额,成交量,开仓,平仓,成交类型,方向,买一价,买二价,买三价,买四价,买五价,卖一价,卖二价,卖三价,卖四价,卖五价,买一量,买二量,买三量,买四量,买五量,卖一量,卖二量,卖三量,卖四量,卖五量
SF,IH2006,2020-02-11 09:29:00.100,2835.0000,10512,0,5953500.000,7.000,-,-,-,-,2833.8000,2832.2000,2831.0000,2830.2000,2830.0000,2837.6000,2838.0000,2839.0000,2843.8000,2844.0000,1,1,1,1,11,2,1,1,1,2
SF,IH2006,2020-02-11 09:30:00.100,2835.0000,10512,0,5953500.000,0,-,-,-,-,2833.8000,2831.0000,2830.0000,2828.0000,2825.0000,2836.0000,2837.2000,2837.6000,2838.0000,2838.8000,1,1,11,10,1,1,1,2,1,1
SF,IH2006,2020-02-11 09:30:00.600,2836.0000,10511,-1,7655100.000,2,0,2,多平,S,2834.2000,2834.0000,2833.8000,2831.0000,2830.2000,2836.8000,2837.6000,2838.0000,2838.8000,2839.0000,1,2,1,1,1,1,2,1,1,1
SF,IH2006,2020-02-11 09:30:01.100,2834.4000,10510,-1,9356460.000,2,0,2,多平,S,2834.4000,2834.2000,2833.8000,2831.0000,2830.2000,2835.4000,2838.0000,2838.8000,2839.0000,2844.0000,1,1,1,1,1,1,1,1,1,1
SF,IH2006,2020-02-11 09:30:01.600,2835.4000,10509,-1,10207080.000,1,0,1,双平,S,2834.8000,2834.4000,2833.8000,2831.0000,2830.2000,2838.0000,2838.8000,2839.0000,2844.0000,2845.0000,1,1,1,1,1,1,1,1,1,2
SF,IH2006,2020-02-11 09:30:02.100,2835.0000,10507,-2,11908140.000,2,0,2,双平,S,2835.0000,2833.8000,2831.0000,2830.2000,2830.0000,2837.8000,2838.0000,2838.8000,2839.0000,2842.4000,1,1,6,1,11,1,1,1,1,5
SF,IH2006,2020-02-11 09:30:02.600,2835.0000,10507,0,11908140.000,0,-,-,-,-,2836.8000,2835.0000,2833.8000,2831.0000,2830.8000,2837.6000,2837.8000,2838.0000,2838.8000,2839.0000,2,1,1,6,1,1,1,1,1,1
SF,IH2006,2020-02-11 09:30:03.100,2837.6000,10507,0,13610460.000,2,1,1,多换,S,2837.6000,2837.0000,2836.8000,2833.8000,2831.0000,2838.0000,2838.8000,2839.0000,2842.4000,2844.0000,1,1,1,1,6,1,1,1,5,1
SF,IH2006,2020-02-11 09:30:03.600,2837.6000,10506,-1,15313020.000,2,0,2,多平,S,2836.8000,2833.8000,2831.0000,2830.8000,2830.2000,2838.0000,2838.8000,2839.0000,2842.4000,2844.0000,1,1,6,1,1,1,1,1,5,1
SF,IH2006,2020-02-11 09:30:04.100,2836.8000,10506,0,16164060.000,1,0,1,多换,S,2833.8000,2831.0000,2830.8000,2830.2000,2830.0000,2835.4000,2838.0000,2838.8000,2839.0000,2842.4000,1,6,1,1,11,1,1,1,1,5
SF,IH2006,2020-02-11 09:30:04.600,2835.4000,10505,-1,17014680.000,1,0,1,双平,S,2835.0000,2834.2000,2834.0000,2833.8000,2833.6000,2838.0000,2838.8000,2839.0000,2842.4000,2844.0000,2,3,2,1,1,1,1,1,5,1
SF,IH2006,2020-02-11 09:30:05.100,2837.8000,10503,-2,18716580.000,2,0,2,双平,S,2833.8000,2833.6000,2831.0000,2830.8000,2830.2000,2837.8000,2838.0000,2838.8000,2839.0000,2842.4000,1,1,1,1,1,1,1,1,1,5
SF,IH2006,2020-02-11 09:30:05.600,2837.8000,10503,0,18716580.000,0,-,-,-,-,2834.0000,2833.8000,2833.6000,2831.0000,2830.8000,2835.0000,2837.8000,2838.0000,2838.8000,2839.0000,1,4,1,1,1,1,1,1,1,1
SF,IH2006,2020-02-11 09:30:06.100,2835.0000,10502,-1,19567080.000,1,0,1,双平,S,2836.2000,2835.0000,2834.4000,2834.2000,2833.8000,2837.8000,2838.0000,2838.8000,2839.0000,2842.4000,2,2,1,1,4,1,1,1,1,5
SF,IH2006,2020-02-11 09:30:06.600,2835.0000,10502,0,19567080.000,0,-,-,-,-,2836.2000,2835.0000,2834.4000,2834.2000,2833.8000,2837.8000,2838.0000,2838.8000,2839.0000,2844.0000,2,1,1,1,4,1,1,1,1,1
SF,IH2006,2020-02-11 09:30:07.100,2838.0000,10500,-2,21269820.000,2,0,2,双平,S,2836.4000,2836.2000,2835.0000,2834.4000,2834.2000,2838.8000,2839.0000,2844.0000,2845.0000,2846.0000,1,2,1,1,1,1,1,1,2,1
SF,IH2006,2020-02-11 09:30:07.600,2838.0000,10500,0,21269820.000,0,-,-,-,-,2836.6000,2836.4000,2836.2000,2835.0000,2834.4000,2838.8000,2839.0000,2844.0000,2845.0000,2846.0000,1,1,2,1,1,1,1,1,2,1
SF,IH2006,2020-02-11 09:30:08.100,2836.6000,10499,-1,22120800.000,1,0,1,双平,S,2836.2000,2835.0000,2834.4000,2834.2000,2833.8000,2838.6000,2838.8000,2839.0000,2844.0000,2845.0000,2,1,1,1,3,1,1,1,1,2
SF,IH2006,2020-02-11 09:30:08.600,2838.8000,10497,-2,23824020.000,2,0,2,双平,S,2836.6000,2836.4000,2836.2000,2835.0000,2834.2000,2839.0000,2844.0000,2845.0000,2846.0000,2846.2000,1,2,2,1,1,1,1,2,1,5
SF,IH2006,2020-02-11 09:30:09.100,2838.8000,10497,0,23824020.000,0,-,-,-,-,2836.8000,2836.6000,2836.2000,2835.0000,2834.2000,2839.0000,2843.4000,2844.0000,2845.0000,2846.0000,1,1,2,1,1,1,1,1,2,1
SF,IH2006,2020-02-11 09:30:09.600,2838.8000,10497,0,23824020.000,0,-,-,-,-,2836.8000,2836.2000,2835.0000,2834.2000,2833.8000,2839.0000,2843.4000,2844.0000,2845.0000,2846.0000,1,2,1,1,3,1,1,1,2,1
SF,IH2006,2020-02-11 09:30:10.100,2838.8000,10496,-1,24675660.000,1,0,1,双平,S,2837.0000,2836.8000,2836.2000,2835.0000,2834.2000,2839.0000,2843.4000,2844.0000,2845.0000,2846.0000,1,1,2,1,1,1,1,1,2,1
SF,IH2006,2020-02-11 09:30:10.600,2839.0000,10495,-1,25527360.000,1,0,1,双平,S,2839.0000,2837.4000,2837.2000,2836.2000,2835.0000,2843.4000,2844.0000,2845.0000,2846.0000,2846.2000,1,1,1,2,1,1,1,2,1,5
SF,IH2006,2020-02-11 09:30:11.100,2839.0000,10495,0,25527360.000,0,-,-,-,-,2839.2000,2839.0000,2835.0000,2834.2000,2833.8000,2843.0000,2843.2000,2843.4000,2844.0000,2845.0000,2,1,1,1,3,3,3,1,1,2
SF,IH2006,2020-02-11 09:30:11.600,2839.0000,10494,-1,26379060.000,1,0,1,双平,S,2839.2000,2839.0000,2835.0000,2834.2000,2833.8000,2840.0000,2842.8000,2843.0000,2843.4000,2844.0000,1,1,1,1,3,1,4,3,1,1
SF,IH2006,2020-02-11 09:30:12.100,2842.8000,10493,-1,28083900.000,2,0,2,多平,S,2839.0000,2835.0000,2834.2000,2833.8000,2831.0000,2842.8000,2843.0000,2843.4000,2844.0000,2845.0000,2,1,1,3,5,3,3,1,1,1
SF,IH2006,2020-02-11 09:30:12.600,2842.8000,10493,0,28083900.000,0,-,-,-,-,2839.2000,2839.0000,2834.2000,2833.8000,2831.0000,2842.6000,2842.8000,2843.0000,2843.4000,2844.0000,1,2,1,3,5,3,1,1,1,1
SF,IH2006,2020-02-11 09:30:13.100,2842.6000,10492,-1,28936680.000,1,0,1,双平,S,2839.2000,2839.0000,2834.2000,2833.8000,2831.0000,2842.4000,2842.6000,2843.0000,2843.4000,2844.0000,1,2,1,3,5,1,3,1,1,1
SF,IH2006,2020-02-11 09:30:13.600,2842.6000,10491,-1,29789460.000,1,0,1,双平,S,2839.4000,2839.0000,2834.2000,2833.8000,2831.0000,2842.2000,2842.4000,2842.6000,2843.0000,2843.4000,1,2,1,3,5,1,1,1,1,1
SF,IH2006,2020-02-11 09:30:14.100,2842.6000,10491,0,29789460.000,0,-,-,-,-,2839.4000,2839.0000,2834.2000,2833.8000,2831.0000,2842.0000,2842.2000,2842.6000,2843.0000,2843.4000,1,2,1,3,5,1,1,1,1,1
SF,IH2006,2020-02-11 09:30:14.600,2842.2000,10490,-1,30642120.000,1,0,1,双平,S,2840.0000,2839.6000,2839.4000,2839.0000,2834.2000,2842.6000,2843.0000,2843.4000,2844.0000,2845.0000,1,1,1,2,1,1,1,1,1,1
SF,IH2006,2020-02-11 09:30:15.100,2840.0000,10489,-1,32346840.000,2,0,2,多平,S,2839.6000,2839.4000,2839.0000,2834.2000,2831.0000,2842.6000,2843.4000,2844.0000,2845.0000,2846.0000,1,1,2,1,5,1,1,1,1,1
SF,IH2006,2020-02-11 09:30:15.600,2840.0000,10489,0,32346840.000,0,-,-,-,-,2839.6000,2839.4000,2839.0000,2834.2000,2831.0000,2842.6000,2843.4000,2844.0000,2845.0000,2846.0000,1,1,2,1,5,1,1,1,2,1
SF,IH2006,2020-02-11 09:30:16.100,2840.0000,10489,0,32346840.000,0,-,-,-,-,2839.6000,2839.0000,2834.2000,2831.0000,2830.8000,2842.2000,2842.4000,2842.6000,2843.4000,2844.0000,1,2,1,5,1,2,2,1,1,1
SF,IH2006,2020-02-11 09:30:16.600,2842.0000,10488,-1,33199440.000,1,0,1,双平,S,2839.0000,2834.2000,2831.0000,2830.8000,2830.2000,2842.0000,2842.2000,2842.4000,2843.4000,2844.0000,2,1,5,1,1,3,2,1,1,1
SF,IH2006,2020-02-11 09:30:17.100,2839.0000,10487,-1,34902840.000,2,0,2,多平,S,2839.0000,2834.2000,2831.0000,2830.8000,2830.2000,2841.6000,2841.8000,2842.0000,2843.4000,2843.6000,1,1,5,1,1,2,1,4,1,1
SF,IH2006,2020-02-11 09:30:17.600,2839.0000,10487,0,35754540.000,1,0,1,多换,S,2834.2000,2831.0000,2830.8000,2830.2000,2830.0000,2841.4000,2841.6000,2842.0000,2843.4000,2843.6000,1,5,1,1,12,3,2,2,1,1
SF,IH2006,2020-02-11 09:30:18.100,2839.0000,10487,0,35754540.000,0,-,-,-,-,2835.6000,2835.0000,2834.6000,2834.4000,2834.2000,2841.0000,2841.2000,2841.4000,2842.0000,2843.4000,2,2,5,1,1,2,2,3,1,1
SF,IH2006,2020-02-11 09:30:18.600,2839.0000,10487,0,35754540.000,0,-,-,-,-,2835.8000,2835.6000,2835.0000,2834.6000,2834.2000,2839.6000,2840.8000,2841.0000,2841.2000,2841.4000,1,1,2,4,1,1,3,2,2,1
SF,IH2006,2020-02-11 09:30:19.100,2839.6000,10487,0,36606420.000,1,0,1,多换,S,2836.0000,2835.6000,2835.0000,2834.6000,2834.2000,2840.8000,2841.0000,2841.2000,2841.4000,2842.0000,1,1,2,4,1,3,2,2,1,1
SF,IH2006,2020-02-11 09:30:19.600,2840.6000,10486,-1,37458600.000,1,0,1,双平,S,2836.0000,2835.6000,2835.0000,2834.6000,2834.2000,2840.6000,2840.8000,2841.2000,2841.4000,2842.0000,1,1,2,4,1,2,3,2,1,1
SF,IH2006,2020-02-11 09:30:20.100,2840.6000,10486,0,37458600.000,0,-,-,-,-,2836.0000,2835.6000,2835.0000,2834.6000,2834.2000,2840.4000,2840.6000,2840.8000,2841.2000,2841.4000,1,1,2,4,1,1,2,2,2,1
SF,IH2006,2020-02-11 09:30:20.600,2840.6000,10486,0,37458600.000,0,-,-,-,-,2836.0000,2835.6000,2835.0000,2834.6000,2834.2000,2840.0000,2840.2000,2840.4000,2840.8000,2841.2000,1,1,2,4,1,2,2,1,1,2
SF,IH2006,2020-02-11 09:30:21.100,2840.6000,10486,0,37458600.000,0,-,-,-,-,2836.0000,2835.6000,2835.0000,2834.6000,2834.2000,2839.8000,2840.0000,2840.2000,2840.4000,2840.8000,1,1,2,4,1,1,2,1,1,1
SF,IH2006,2020-02-11 09:30:21.600,2840.6000,10486,0,37458600.000,0,-,-,-,-,2836.0000,2835.6000,2835.0000,2834.6000,2834.2000,2839.4000,2839.6000,2839.8000,2840.2000,2840.4000,1,1,1,1,1,2,1,1,1,1
SF,IH2006,2020-02-11 09:30:22.100,2840.6000,10486,0,37458600.000,0,-,-,-,-,2836.2000,2836.0000,2835.6000,2835.0000,2834.6000,2839.8000,2840.4000,2840.6000,2841.2000,2841.4000,1,2,1,1,1,1,1,1,2,1
SF,IH2006,2020-02-11 09:30:22.600,2840.6000,10486,0,37458600.000,0,-,-,-,-,2836.2000,2836.0000,2835.6000,2835.0000,2834.6000,2839.8000,2840.6000,2841.2000,2841.4000,2843.6000,1,1,1,1,1,1,1,2,1,1
SF,IH2006,2020-02-11 09:30:23.100,2840.6000,10486,0,37458600.000,0,-,-,-,-,2836.4000,2836.2000,2835.6000,2835.4000,2835.0000,2840.6000,2841.2000,2841.4000,2843.6000,2844.0000,1,1,1,1,1,1,2,1,1,1
SF,IH2006,2020-02-11 09:30:23.600,2840.6000,10486,0,37458600.000,0,-,-,-,-,2836.6000,2836.4000,2835.6000,2835.4000,2835.0000,2840.4000,2840.6000,2841.2000,2841.4000,2843.6000,1,1,1,1,1,1,1,2,1,1
SF,IH2006,2020-02-11 09:30:24.100,2840.6000,10486,0,37458600.000,0,-,-,-,-,2836.6000,2835.6000,2835.4000,2835.0000,2834.6000,2840.4000,2840.6000,2841.2000,2841.4000,2843.6000,1,1,1,1,1,1,1,2,1,1
SF,IH2006,2020-02-11 09:30:24.600,2840.6000,10485,-1,38310780.000,1,0,1,双平,S,2836.8000,2836.6000,2835.6000,2835.4000,2835.0000,2840.0000,2840.4000,2840.6000,2841.2000,2841.4000,1,1,1,1,1,1,1,1,2,1
SF,IH2006,2020-02-11 09:30:25.100,2840.6000,10485,0,38310780.000,0,-,-,-,-,2837.0000,2836.8000,2836.6000,2835.6000,2835.4000,2840.4000,2840.6000,2841.2000,2841.4000,2843.6000,1,1,1,1,1,1,1,2,1,1
SF,IH2006,2020-02-11 09:30:25.600,2840.6000,10485,0,38310780.000,0,-,-,-,-,2837.0000,2836.8000,2835.6000,2835.4000,2835.0000,2839.6000,2840.0000,2840.4000,2840.6000,2841.2000,1,2,1,1,1,1,2,1,1,2
SF,IH2006,2020-02-11 09:30:26.100,2837.0000,10484,-1,39161880.000,1,0,1,双平,S,2835.6000,2835.4000,2835.0000,2834.6000,2834.2000,2839.6000,2840.0000,2840.4000,2840.6000,2841.2000,1,1,1,1,1,1,2,1,1,2
SF,IH2006,2020-02-11 09:30:26.600,2839.6000,10484,0,40013760.000,1,0,1,多换,S,2835.8000,2835.6000,2835.4000,2835.0000,2834.6000,2840.0000,2840.4000,2840.6000,2841.2000,2841.4000,2,2,1,1,1,2,1,1,2,1
SF,IH2006,2020-02-11 09:30:27.100,2836.2000,10484,0,41716620.000,2,1,1,多换,S,2835.8000,2835.6000,2835.4000,2835.0000,2834.6000,2839.8000,2840.0000,2840.6000,2841.2000,2841.4000,2,2,1,1,1,1,1,1,2,1
SF,IH2006,2020-02-11 09:30:27.600,2836.2000,10484,0,41716620.000,0,-,-,-,-,2836.2000,2835.8000,2835.6000,2835.4000,2835.0000,2839.6000,2839.8000,2840.0000,2840.6000,2841.2000,1,2,1,1,1,1,1,1,1,2
SF,IH2006,2020-02-11 09:30:28.100,2836.2000,10484,0,41716620.000,0,-,-,-,-,2836.2000,2835.6000,2835.4000,2835.0000,2834.6000,2839.4000,2839.6000,2840.0000,2840.6000,2841.2000,1,1,1,1,1,1,1,1,1,2
SF,IH2006,2020-02-11 09:30:28.600,2836.2000,10484,0,41716620.000,0,-,-,-,-,2836.4000,2836.2000,2835.6000,2835.4000,2835.0000,2839.4000,2839.6000,2840.6000,2841.2000,2841.4000,1,1,1,1,1,1,1,1,2,1
SF,IH2006,2020-02-11 09:30:29.100,2836.2000,10484,0,41716620.000,0,-,-,-,-,2836.6000,2836.4000,2836.2000,2835.6000,2835.4000,2840.6000,2841.2000,2841.4000,2842.0000,2843.6000,1,1,1,1,1,1,2,1,1,1
SF,IH2006,2020-02-11 09:30:29.600,2836.2000,10484,0,41716620.000,0,-,-,-,-,2836.6000,2835.6000,2835.4000,2835.0000,2834.6000,2840.2000,2840.4000,2840.6000,2841.2000,2842.0000,2,1,1,1,1,2,3,1,2,1
SF,IH2006,2020-02-11 09:30:30.100,2836.2000,10484,0,41716620.000,0,-,-,-,-,2836.6000,2835.6000,2835.4000,2835.0000,2834.6000,2840.0000,2840.2000,2840.6000,2841.2000,2842.0000,1,1,1,1,1,2,2,1,2,1
SF,IH2006,2020-02-11 09:30:30.600,2836.2000,10484,0,41716620.000,0,-,-,-,-,2837.0000,2836.8000,2836.6000,2835.6000,2835.4000,2839.8000,2840.0000,2840.2000,2840.6000,2841.2000,1,1,1,1,1,1,2,2,1,2
SF,IH2006,2020-02-11 09:30:31.100,2839.8000,10484,0,44272320.000,3,1,2,多换,S,2837.0000,2836.8000,2836.6000,2835.6000,2835.4000,2840.0000,2840.2000,2840.6000,2841.2000,2842.0000,1,1,1,1,1,2,2,1,2,1
SF,IH2006,2020-02-11 09:30:31.600,2837.2000,10483,-1,45123480.000,1,0,1,双平,S,2837.0000,2836.8000,2835.6000,2835.4000,2835.0000,2839.6000,2840.0000,2840.6000,2841.2000,2842.0000,1,1,1,1,1,2,1,1,2,1
SF,IH2006,2020-02-11 09:30:32.100,2837.2000,10483,0,45123480.000,0,-,-,-,-,2837.2000,2837.0000,2835.6000,2835.4000,2835.0000,2840.0000,2840.6000,2841.2000,2842.0000,2843.6000,1,1,1,1,1,3,1,2,1,1
SF,IH2006,2020-02-11 09:30:32.600,2839.8000,10484,1,45975420.000,1,1,0,双开,S,2837.6000,2837.2000,2837.0000,2835.6000,2835.4000,2839.8000,2840.0000,2840.6000,2841.2000,2842.0000,1,1,3,1,1,1,3,1,2,1
SF,IH2006,2020-02-11 09:30:33.100,2839.8000,10484,0,45975420.000,0,-,-,-,-,2837.8000,2837.6000,2837.4000,2837.2000,2837.0000,2840.0000,2840.6000,2841.2000,2842.0000,2843.6000,1,1,1,1,3,3,1,1,1,1
SF,IH2006,2020-02-11 09:30:33.600,2839.8000,10484,0,45975420.000,0,-,-,-,-,2837.8000,2837.6000,2837.4000,2837.2000,2837.0000,2840.0000,2840.6000,2841.2000,2842.0000,2843.6000,1,1,1,1,3,4,1,1,1,1
SF,IH2006,2020-02-11 09:30:34.100,2840.0000,10485,1,46827420.000,1,1,0,双开,S,2838.0000,2837.8000,2837.6000,2837.2000,2837.0000,2840.0000,2840.6000,2841.2000,2842.0000,2843.6000,1,1,1,1,3,4,1,1,1,1
SF,IH2006,2020-02-11 09:30:34.600,2840.0000,10485,0,46827420.000,0,-,-,-,-,2838.2000,2838.0000,2837.8000,2837.6000,2837.2000,2839.8000,2840.0000,2840.6000,2842.0000,2843.6000,1,1,1,1,1,1,4,1,1,1
SF,IH2006,2020-02-11 09:30:35.100,2840.0000,10485,0,47679420.000,1,0,1,多换,S,2838.4000,2838.2000,2838.0000,2837.8000,2837.6000,2840.0000,2840.6000,2842.0000,2843.6000,2844.0000,1,1,1,1,1,4,1,1,1,1
SF,IH2006,2020-02-11 09:30:35.600,2840.0000,10485,0,47679420.000,0,-,-,-,-,2838.6000,2838.2000,2838.0000,2837.8000,2837.6000,2840.0000,2840.6000,2842.0000,2843.6000,2844.0000,2,1,1,1,1,4,1,1,1,1
SF,IH2006,2020-02-11 09:30:36.100,2840.0000,10485,0,48531420.000,1,0,1,多换,S,2838.6000,2838.2000,2838.0000,2837.8000,2837.6000,2840.0000,2840.6000,2842.0000,2843.6000,2844.0000,2,1,1,1,1,3,1,1,1,1
SF,IH2006,2020-02-11 09:30:36.600,2840.0000,10485,0,48531420.000,0,-,-,-,-,2838.6000,2838.2000,2838.0000,2837.8000,2837.6000,2840.0000,2840.6000,2842.0000,2843.6000,2844.0000,2,1,1,1,1,3,1,1,1,1
SF,IH2006,2020-02-11 09:30:37.100,2840.0000,10485,0,48531420.000,0,-,-,-,-,2838.6000,2838.2000,2838.0000,2837.8000,2837.6000,2840.0000,2840.6000,2842.0000,2843.6000,2844.0000,3,1,1,1,1,3,1,1,1,1
SF,IH2006,2020-02-11 09:30:38.600,2840.0000,10485,0,50235420.000,2,1,1,多换,S,2838.6000,2838.2000,2838.0000,2837.8000,2837.6000,2840.0000,2840.6000,2842.0000,2843.6000,2844.0000,3,1,1,1,1,1,1,1,1,1
SF,IH2006,2020-02-11 09:30:39.100,2838.8000,10484,-1,51087060.000,1,0,1,双平,S,2838.8000,2838.6000,2838.2000,2838.0000,2837.8000,2840.0000,2840.6000,2842.0000,2843.6000,2844.0000,1,2,1,1,1,1,1,1,1,1
SF,IH2006,2020-02-11 09:30:39.600,2839.0000,10482,-2,52790760.000,2,0,2,双平,S,2839.0000,2838.8000,2838.2000,2837.8000,2837.6000,2840.0000,2840.6000,2842.0000,2843.6000,2844.0000,1,1,1,1,1,1,1,1,1,1
SF,IH2006,2020-02-11 09:30:40.100,2840.6000,10482,0,54494940.000,2,1,1,多换,S,2839.2000,2838.8000,2838.2000,2837.8000,2837.2000,2842.0000,2843.6000,2844.0000,2844.4000,2845.0000,1,1,1,1,1,1,1,1,1,2
SF,IH2006,2020-02-11 09:30:40.600,2840.6000,10482,0,54494940.000,0,-,-,-,-,2839.6000,2839.4000,2839.0000,2838.8000,2838.2000,2840.0000,2841.8000,2842.0000,2843.6000,2844.0000,1,1,1,1,1,1,1,1,1,1
SF,IH2006,2020-02-11 09:30:41.100,2840.0000,10481,-1,55346940.000,1,0,1,双平,S,2840.0000,2839.8000,2839.0000,2838.8000,2838.2000,2841.8000,2842.0000,2843.6000,2844.0000,2844.4000,1,1,1,1,1,1,1,1,1,1
SF,IH2006,2020-02-11 09:30:41.600,2840.0000,10481,0,55346940.000,0,-,-,-,-,2840.2000,2840.0000,2838.8000,2838.2000,2837.0000,2841.8000,2842.0000,2843.6000,2844.0000,2844.4000,2,1,1,1,3,1,1,1,1,1
SF,IH2006,2020-02-11 09:30:42.100,2840.4000,10480,-1,57051540.000,2,0,2,多平,S,2840.2000,2840.0000,2838.8000,2837.0000,2835.6000,2842.0000,2843.6000,2844.0000,2844.4000,2845.0000,2,1,1,3,1,1,1,1,1,2
SF,IH2006,2020-02-11 09:30:42.600,2842.0000,10481,1,57904140.000,1,1,0,双开,S,2840.2000,2840.0000,2838.8000,2837.0000,2835.6000,2843.0000,2843.6000,2844.0000,2844.4000,2845.0000,2,1,1,3,1,1,1,1,1,2
SF,IH2006,2020-02-11 09:30:43.100,2842.0000,10481,0,57904140.000,0,-,-,-,-,2841.8000,2840.2000,2840.0000,2837.0000,2835.6000,2842.6000,2842.8000,2843.0000,2843.6000,2844.0000,1,1,1,3,1,1,3,1,1,1
SF,IH2006,2020-02-11 09:30:43.600,2841.8000,10481,0,58756680.000,1,0,1,多换,S,2840.2000,2840.0000,2837.0000,2835.4000,2834.6000,2841.0000,2841.8000,2842.4000,2842.6000,2842.8000,1,1,3,1,1,2,1,1,1,2
SF,IH2006,2020-02-11 09:30:44.100,2841.8000,10481,0,58756680.000,0,-,-,-,-,2840.4000,2840.0000,2837.0000,2835.4000,2834.6000,2841.8000,2842.6000,2842.8000,2843.0000,2843.6000,1,1,3,1,1,1,1,1,1,1
SF,IH2006,2020-02-11 09:30:44.600,2841.8000,10481,0,58756680.000,0,-,-,-,-,2840.6000,2840.0000,2837.0000,2835.4000,2834.6000,2841.8000,2842.6000,2843.0000,2843.6000,2844.0000,1,1,3,1,1,1,1,1,1,1
SF,IH2006,2020-02-11 09:30:45.100,2841.8000,10481,0,58756680.000,0,-,-,-,-,2841.0000,2840.8000,2840.0000,2837.0000,2835.4000,2841.8000,2843.0000,2843.6000,2844.0000,2844.4000,1,1,1,3,1,1,1,1,1,1
SF,IH2006,2020-02-11 09:30:45.600,2841.8000,10481,0,58756680.000,0,-,-,-,-,2841.0000,2840.0000,2837.0000,2835.4000,2834.6000,2843.0000,2843.6000,2844.0000,2844.4000,2845.0000,1,1,3,1,1,1,1,1,1,2
SF,IH2006,2020-02-11 09:30:46.100,2841.8000,10481,0,58756680.000,0,-,-,-,-,2841.2000,2841.0000,2840.4000,2840.0000,2837.0000,2842.6000,2842.8000,2843.0000,2843.6000,2844.0000,2,1,1,1,3,1,1,1,1,1
SF,IH2006,2020-02-11 09:30:46.600,2841.8000,10481,0,58756680.000,0,-,-,-,-,2841.2000,2841.0000,2840.4000,2840.0000,2837.0000,2842.8000,2843.0000,2843.6000,2844.0000,2844.4000,2,1,1,1,3,1,1,1,1,1
SF,IH2006,2020-02-11 09:30:47.100,2841.8000,10481,0,58756680.000,0,-,-,-,-,2841.4000,2841.2000,2841.0000,2840.4000,2840.0000,2843.0000,2843.6000,2844.0000,2844.4000,2845.0000,1,2,1,1,1,1,1,1,1,2
SF,IH2006,2020-02-11 09:30:47.600,2841.8000,10481,0,58756680.000,0,-,-,-,-,2841.4000,2841.2000,2841.0000,2840.4000,2840.0000,2843.0000,2843.6000,2844.0000,2844.4000,2845.0000,1,1,1,1,1,1,1,1,1,2
SF,IH2006,2020-02-11 09:30:48.100,2841.6000,10481,0,59609160.000,1,0,1,多换,S,2841.4000,2841.2000,2841.0000,2840.4000,2840.0000,2842.8000,2843.0000,2843.6000,2844.0000,2844.4000,1,1,1,1,1,1,1,1,1,1
SF,IH2006,2020-02-11 09:30:48.600,2841.6000,10481,0,59609160.000,0,-,-,-,-,2841.6000,2841.4000,2841.2000,2841.0000,2840.4000,2843.0000,2843.6000,2844.0000,2844.4000,2845.0000,1,1,1,1,1,1,1,1,1,2
SF,IH2006,2020-02-11 09:30:49.100,2841.6000,10481,0,59609160.000,0,-,-,-,-,2841.8000,2841.6000,2841.4000,2841.2000,2841.0000,2843.0000,2843.6000,2844.0000,2844.4000,2845.0000,1,1,1,1,1,1,1,1,1,2
SF,IH2006,2020-02-11 09:30:49.600,2841.6000,10481,0,59609160.000,0,-,-,-,-,2841.6000,2841.4000,2841.2000,2841.0000,2840.4000,2843.0000,2843.6000,2844.0000,2844.4000,2845.0000,1,1,1,1,1,1,1,1,1,2
SF,IH2006,2020-02-11 09:30:50.100,2843.0000,10480,-1,60462060.000,1,0,1,双平,S,2841.8000,2841.6000,2841.2000,2841.0000,2840.4000,2843.6000,2844.0000,2845.0000,2845.8000,2846.0000,1,1,1,1,1,1,1,2,1,1
SF,IH2006,2020-02-11 09:30:50.600,2843.0000,10480,0,60462060.000,0,-,-,-,-,2842.0000,2841.0000,2840.4000,2840.0000,2837.0000,2843.4000,2843.6000,2844.0000,2845.0000,2845.8000,2,1,1,1,3,1,1,1,2,1
SF,IH2006,2020-02-11 09:30:51.100,2842.0000,10479,-1,61314660.000,1,0,1,双平,S,2841.8000,2841.0000,2840.4000,2840.0000,2837.0000,2843.0000,2843.2000,2843.4000,2843.6000,2844.0000,1,1,1,1,3,1,1,1,1,1
SF,IH2006,2020-02-11 09:30:51.600,2842.0000,10479,0,61314660.000,0,-,-,-,-,2841.8000,2841.0000,2840.4000,2840.0000,2837.0000,2843.0000,2843.4000,2843.6000,2844.0000,2845.0000,1,1,1,1,3,1,1,1,1,2
SF,IH2006,2020-02-11 09:30:52.100,2841.8000,10478,-1,62167200.000,1,0,1,双平,S,2841.0000,2840.4000,2840.0000,2837.0000,2835.4000,2843.0000,2843.4000,2843.6000,2844.0000,2844.6000,1,1,1,3,1,2,1,1,1,1
SF,IH2006,2020-02-11 09:30:52.600,2841.8000,10478,0,62167200.000,0,-,-,-,-,2841.0000,2840.4000,2840.0000,2837.0000,2835.4000,2842.8000,2843.0000,2843.4000,2843.6000,2844.0000,1,1,1,3,1,2,2,1,1,1
SF,IH2006,2020-02-11 09:30:53.100,2843.0000,10479,1,65578500.000,4,2,2,空开,S,2843.0000,2841.2000,2841.0000,2840.4000,2840.0000,2843.4000,2843.6000,2844.0000,2844.6000,2845.0000,6,1,1,1,1,1,1,1,1,2
SF,IH2006,2020-02-11 09:30:53.600,2843.0000,10479,0,70695900.000,6,3,3,多换,S,2841.0000,2840.4000,2837.0000,2835.4000,2834.0000,2842.8000,2843.0000,2843.2000,2843.4000,2843.6000,1,1,3,1,1,1,1,2,1,1
SF,IH2006,2020-02-11 09:30:54.100,2843.0000,10479,0,70695900.000,0,-,-,-,-,2841.2000,2841.0000,2840.4000,2837.0000,2835.4000,2842.8000,2843.0000,2843.6000,2844.0000,2844.6000,1,1,1,3,1,1,1,1,1,1
SF,IH2006,2020-02-11 09:30:54.600,2843.0000,10479,0,70695900.000,0,-,-,-,-,2841.0000,2840.4000,2837.0000,2835.4000,2834.0000,2842.6000,2842.8000,2843.0000,2843.6000,2844.0000,1,1,3,1,1,3,1,1,1,1
SF,IH2006,2020-02-11 09:30:55.100,2843.0000,10479,0,70695900.000,0,-,-,-,-,2841.2000,2841.0000,2840.4000,2837.0000,2835.4000,2842.4000,2842.6000,2842.8000,2843.0000,2843.6000,1,1,1,3,1,1,3,1,1,1
SF,IH2006,2020-02-11 09:30:55.600,2843.0000,10479,0,70695900.000,0,-,-,-,-,2841.4000,2841.0000,2840.4000,2837.0000,2835.4000,2842.4000,2842.6000,2842.8000,2843.0000,2843.6000,1,1,1,3,1,1,3,1,2,1
SF,IH2006,2020-02-11 09:30:56.100,2842.4000,10478,-1,72401100.000,2,0,2,多平,S,2841.0000,2840.4000,2837.0000,2835.4000,2834.0000,2842.6000,2842.8000,2843.0000,2843.6000,2844.0000,1,1,3,1,1,3,1,2,1,1
SF,IH2006,2020-02-11 09:30:56.600,2842.4000,10478,0,72401100.000,0,-,-,-,-,2841.2000,2841.0000,2840.4000,2837.0000,2835.4000,2842.4000,2842.6000,2843.0000,2843.6000,2844.0000,2,1,1,3,1,1,3,2,1,1
SF,IH2006,2020-02-11 09:30:57.100,2842.4000,10478,0,72401100.000,0,-,-,-,-,2841.2000,2841.0000,2840.4000,2837.0000,2835.4000,2842.6000,2843.0000,2843.6000,2844.0000,2844.6000,2,1,1,3,1,3,2,1,1,2
SF,IH2006,2020-02-11 09:30:57.600,2842.6000,10478,0,74106660.000,2,1,1,多换,S,2841.4000,2841.0000,2840.4000,2837.0000,2835.4000,2843.0000,2843.6000,2844.0000,2844.6000,2845.0000,1,1,1,3,1,2,1,1,2,2
SF,IH2006,2020-02-11 09:30:58.100,2842.6000,10478,0,74106660.000,0,-,-,-,-,2841.4000,2841.0000,2840.4000,2837.0000,2835.4000,2842.8000,2843.0000,2843.6000,2844.0000,2844.6000,1,1,1,3,1,2,2,1,1,2
SF,IH2006,2020-02-11 09:30:58.600,2842.6000,10478,0,74106660.000,0,-,-,-,-,2841.0000,2840.4000,2837.0000,2835.4000,2834.0000,2842.8000,2843.0000,2843.6000,2844.0000,2844.6000,1,1,3,1,1,2,2,1,1,2
SF,IH2006,2020-02-11 09:30:59.100,2842.6000,10478,0,74106660.000,0,-,-,-,-,2841.2000,2841.0000,2840.4000,2837.0000,2835.4000,2842.8000,2843.0000,2843.6000,2844.0000,2844.6000,2,1,1,3,1,3,2,1,1,2
SF,IH2006,2020-02-11 09:30:59.600,2842.8000,10479,1,75812340.000,2,1,1,空开,S,2842.8000,2841.2000,2841.0000,2840.4000,2837.0000,2843.0000,2843.6000,2844.0000,2844.6000,2845.0000,8,2,1,1,3,2,1,1,2,2
SF,IH2006,2020-02-11 09:31:00.100,2843.0000,10477,-2,81782340.000,7,2,5,多平,S,2842.8000,2841.2000,2841.0000,2840.4000,2837.0000,2843.0000,2843.6000,2844.0000,2844.6000,2845.0000,3,1,1,1,3,1,1,1,2,2
SF,IH2006,2020-02-11 09:31:00.600,2842.8000,10479,2,84340860.000,3,2,1,空开,S,2841.2000,2841.0000,2840.4000,2837.0000,2835.4000,2842.4000,2842.8000,2843.0000,2843.6000,2844.0000,1,1,1,3,1,1,1,1,1,1
SF,IH2006,2020-02-11 09:31:01.100,2842.4000,10478,-1,85193580.000,1,0,1,双平,S,2842.8000,2842.6000,2841.4000,2841.2000,2841.0000,2843.0000,2843.6000,2844.0000,2844.6000,2845.0000,1,1,2,1,1,1,1,1,2,2
SF,IH2006,2020-02-11 09:31:01.600,2843.0000,10477,-1,86046480.000,1,0,1,双平,S,2842.8000,2842.6000,2841.4000,2841.2000,2841.0000,2843.6000,2844.0000,2844.6000,2845.0000,2845.8000,1,1,1,1,1,1,1,2,2,1
SF,IH2006,2020-02-11 09:31:02.100,2843.0000,10477,0,86046480.000,0,-,-,-,-,2843.0000,2842.8000,2842.6000,2841.4000,2841.2000,2843.6000,2844.0000,2844.6000,2845.0000,2845.8000,10,1,1,1,1,1,1,2,2,1
SF,IH2006,2020-02-11 09:31:02.600,2843.6000,10476,-1,86899560.000,1,0,1,双平,S,2843.6000,2843.2000,2843.0000,2842.8000,2842.6000,2844.0000,2844.6000,2845.0000,2845.8000,2846.0000,1,1,10,1,1,1,2,2,1,1
SF,IH2006,2020-02-11 09:31:03.100,2843.6000,10476,0,86899560.000,0,-,-,-,-,2843.6000,2843.0000,2842.8000,2842.6000,2841.4000,2843.8000,2844.0000,2844.6000,2845.0000,2845.8000,1,10,1,1,1,1,1,2,2,1
SF,IH2006,2020-02-11 09:31:03.600,2844.0000,10474,-2,88605900.000,2,0,2,双平,S,2843.8000,2843.0000,2842.8000,2842.6000,2841.4000,2844.6000,2845.0000,2845.8000,2846.0000,2847.0000,1,10,1,1,1,2,2,1,1,1
SF,IH2006,2020-02-11 09:31:04.100,2844.0000,10474,0,88605900.000,0,-,-,-,-,2843.0000,2842.8000,2841.4000,2841.0000,2840.4000,2844.4000,2844.6000,2845.0000,2845.8000,2846.0000,10,1,1,1,1,1,2,2,1,1
SF,IH2006,2020-02-11 09:31:04.600,2844.0000,10474,0,88605900.000,0,-,-,-,-,2843.2000,2843.0000,2842.8000,2841.4000,2841.0000,2844.4000,2844.6000,2845.0000,2845.8000,2846.0000,4,10,1,1,1,1,2,2,1,1
SF,IH2006,2020-02-11 09:31:05.600,2843.2000,10474,0,89458860.000,1,0,1,多换,S,2843.4000,2843.2000,2843.0000,2842.8000,2841.4000,2844.2000,2844.6000,2845.0000,2845.8000,2846.0000,1,3,10,1,1,1,2,2,1,1
SF,IH2006,2020-02-11 09:31:06.100,2844.2000,10474,0,90312120.000,1,0,1,多换,S,2844.2000,2843.0000,2842.8000,2841.4000,2841.0000,2844.6000,2845.0000,2845.8000,2846.0000,2847.0000,9,10,1,1,1,2,2,1,1,1
SF,IH2006,2020-02-11 09:31:06.600,2844.2000,10474,0,97991460.000,9,4,5,多换,S,2843.0000,2842.8000,2841.4000,2841.0000,2840.4000,2844.4000,2844.6000,2845.0000,2845.8000,2846.0000,10,1,1,1,1,1,3,2,1,1
SF,IH2006,2020-02-11 09:31:07.100,2844.2000,10474,0,97991460.000,0,-,-,-,-,2843.2000,2843.0000,2842.8000,2841.4000,2841.0000,2843.8000,2844.6000,2845.0000,2845.8000,2846.0000,4,10,1,1,1,1,3,2,1,1
SF,IH2006,2020-02-11 09:31:07.600,2844.6000,10473,-1,99697980.000,2,0,2,多平,S,2843.8000,2843.2000,2843.0000,2842.8000,2841.4000,2844.6000,2845.0000,2845.8000,2846.0000,2847.0000,1,4,10,1,1,2,2,1,1,1
SF,IH2006,2020-02-11 09:31:08.100,2844.6000,10473,0,99697980.000,0,-,-,-,-,2843.8000,2843.2000,2843.0000,2842.8000,2841.4000,2844.4000,2844.6000,2845.0000,2845.8000,2846.0000,1,3,10,1,1,2,2,2,1,1
SF,IH2006,2020-02-11 09:31:08.600,2844.6000,10473,0,99697980.000,0,-,-,-,-,2843.8000,2843.2000,2843.0000,2842.8000,2841.4000,2844.4000,2844.6000,2845.0000,2845.8000,2846.0000,1,1,10,1,1,2,2,2,1,1
SF,IH2006,2020-02-11 09:31:09.100,2844.6000,10473,0,101404740.000,2,1,1,多换,S,2843.8000,2843.2000,2843.0000,2842.8000,2841.0000,2844.6000,2845.0000,2845.8000,2846.0000,2847.0000,1,1,10,1,1,2,2,1,1,1
SF,IH2006,2020-02-11 09:31:09.600,2844.6000,10473,0,101404740.000,0,-,-,-,-,2843.2000,2843.0000,2842.8000,2841.0000,2840.4000,2844.0000,2844.6000,2845.0000,2845.8000,2846.0000,1,10,1,1,1,1,2,2,1,1
SF,IH2006,2020-02-11 09:31:10.100,2843.2000,10472,-1,102257700.000,1,0,1,双平,S,2843.0000,2842.8000,2841.0000,2840.4000,2837.0000,2843.8000,2844.0000,2844.6000,2845.0000,2845.8000,10,1,1,1,3,1,1,2,2,1
SF,IH2006,2020-02-11 09:31:10.600,2843.0000,10471,-1,106522380.000,5,2,3,多平,S,2843.0000,2842.8000,2841.0000,2840.4000,2837.0000,2843.8000,2844.0000,2844.6000,2845.0000,2845.8000,6,1,1,1,3,1,1,2,2,1
SF,IH2006,2020-02-11 09:31:11.100,2842.8000,10470,-1,112492620.000,7,3,4,多平,S,2840.4000,2837.0000,2835.0000,2834.0000,2831.0000,2842.8000,2843.0000,2843.4000,2843.8000,2844.0000,1,3,1,1,5,1,1,2,1,1
SF,IH2006,2020-02-11 09:31:11.600,2842.8000,10470,0,112492620.000,0,-,-,-,-,2840.6000,2840.4000,2837.0000,2835.0000,2834.0000,2842.8000,2843.0000,2843.4000,2843.8000,2844.0000,3,1,3,1,1,1,1,2,1,2
SF,IH2006,2020-02-11 09:31:12.600,2842.8000,10470,0,112492620.000,0,-,-,-,-,2840.8000,2840.6000,2840.4000,2837.0000,2835.0000,2842.8000,2843.0000,2843.8000,2844.0000,2844.6000,2,3,1,3,1,1,2,1,2,2
SF,IH2006,2020-02-11 09:31:13.100,2841.0000,10470,0,113344920.000,1,0,1,多换,S,2841.0000,2840.8000,2840.4000,2837.0000,2835.0000,2842.6000,2842.8000,2843.0000,2843.8000,2844.0000,3,2,1,3,1,1,1,3,1,2
SF,IH2006,2020-02-11 09:31:13.600,2842.4000,10469,-1,114197640.000,1,0,1,双平,S,2841.0000,2840.8000,2840.4000,2837.0000,2835.0000,2843.0000,2844.0000,2844.6000,2845.0000,2845.8000,2,2,1,3,1,3,2,2,2,1
SF,IH2006,2020-02-11 09:31:14.100,2842.4000,10469,0,114197640.000,0,-,-,-,-,2841.2000,2841.0000,2840.8000,2840.4000,2837.0000,2843.0000,2844.0000,2844.6000,2845.0000,2845.8000,2,2,2,1,3,3,2,2,2,1
SF,IH2006,2020-02-11 09:31:14.600,2843.0000,10467,-2,115903440.000,2,0,2,双平,S,2841.4000,2841.2000,2840.8000,2840.4000,2837.0000,2844.0000,2844.6000,2845.0000,2845.8000,2846.0000,4,2,2,1,3,2,2,2,1,1
SF,IH2006,2020-02-11 09:31:15.100,2843.0000,10467,0,115903440.000,0,-,-,-,-,2841.4000,2841.2000,2840.8000,2840.4000,2837.0000,2844.0000,2844.6000,2845.0000,2845.8000,2846.0000,2,2,2,1,3,2,2,2,1,1
SF,IH2006,2020-02-11 09:31:15.600,2841.6000,10466,-1,116755920.000,1,0,1,双平,S,2841.6000,2841.4000,2841.2000,2840.8000,2840.4000,2844.0000,2844.6000,2845.0000,2845.8000,2846.0000,2,2,2,2,1,3,2,2,1,1
SF,IH2006,2020-02-11 09:31:16.100,2844.0000,10466,0,117609120.000,1,0,1,多换,S,2841.8000,2841.6000,2841.2000,2840.8000,2840.4000,2844.0000,2844.6000,2845.0000,2845.8000,2846.0000,2,2,2,2,1,2,2,2,1,1
SF,IH2006,2020-02-11 09:31:16.600,2844.0000,10466,0,117609120.000,0,-,-,-,-,2842.0000,2841.8000,2841.6000,2841.2000,2840.8000,2844.0000,2844.6000,2845.0000,2845.8000,2846.0000,2,2,2,2,2,2,2,2,1,1
SF,IH2006,2020-02-11 09:31:17.100,2844.0000,10466,0,117609120.000,0,-,-,-,-,2842.2000,2842.0000,2841.6000,2841.2000,2840.4000,2843.8000,2844.0000,2844.6000,2845.0000,2845.8000,2,2,2,2,1,1,2,2,2,1
SF,IH2006,2020-02-11 09:31:17.600,2844.0000,10466,0,117609120.000,0,-,-,-,-,2842.4000,2842.2000,2842.0000,2841.6000,2841.2000,2844.0000,2844.6000,2845.0000,2845.8000,2846.0000,1,2,2,2,2,2,2,2,1,1
SF,IH2006,2020-02-11 09:31:18.100,2844.0000,10466,0,117609120.000,0,-,-,-,-,2842.6000,2842.4000,2842.2000,2842.0000,2841.6000,2843.8000,2844.0000,2844.6000,2845.0000,2845.8000,1,1,1,2,2,1,2,2,2,1
SF,IH2006,2020-02-11 09:31:18.600,2844.0000,10466,0,117609120.000,0,-,-,-,-,2842.6000,2842.4000,2842.2000,2842.0000,2841.6000,2844.0000,2844.6000,2845.0000,2845.8000,2846.0000,1,1,1,2,2,2,2,2,1,1
SF,IH2006,2020-02-11 09:31:19.100,2844.0000,10465,-1,119315520.000,2,0,2,多平,S,2842.6000,2842.4000,2842.2000,2842.0000,2841.6000,2844.0000,2844.6000,2845.0000,2845.8000,2846.0000,1,1,1,2,2,1,2,2,1,1
SF,IH2006,2020-02-11 09:31:19.600,2844.0000,10464,-1,120168720.000,1,0,1,双平,S,2842.6000,2842.4000,2842.2000,2842.0000,2841.6000,2844.6000,2845.0000,2845.8000,2846.0000,2847.8000,1,1,1,2,2,1,2,1,1,1
SF,IH2006,2020-02-11 09:31:20.100,2844.0000,10464,0,120168720.000,0,-,-,-,-,2842.8000,2842.6000,2842.4000,2842.0000,2841.6000,2844.6000,2845.0000,2845.8000,2846.0000,2847.8000,2,1,1,2,2,1,2,1,1,1
SF,IH2006,2020-02-11 09:31:20.600,2844.0000,10464,0,120168720.000,0,-,-,-,-,2843.0000,2842.8000,2842.4000,2842.0000,2841.6000,2844.6000,2845.0000,2845.8000,2846.0000,2847.8000,1,2,1,2,2,1,2,1,1,1
SF,IH2006,2020-02-11 09:31:21.100,2843.0000,10464,0,121021620.000,1,0,1,多换,S,2843.2000,2842.8000,2842.4000,2842.0000,2841.6000,2844.6000,2845.0000,2845.8000,2846.0000,2847.8000,1,2,1,2,2,1,2,1,1,1
SF,IH2006,2020-02-11 09:31:22.600,2843.0000,10464,0,121021620.000,0,-,-,-,-,2842.8000,2842.4000,2842.0000,2841.6000,2841.2000,2844.6000,2845.0000,2845.8000,2846.0000,2847.8000,2,1,2,2,3,1,2,1,1,1
SF,IH2006,2020-02-11 09:31:23.100,2844.6000,10464,0,121875000.000,1,0,1,多换,S,2844.6000,2843.0000,2842.8000,2842.4000,2842.0000,2845.0000,2845.8000,2846.0000,2847.8000,2848.4000,1,1,2,1,2,2,1,1,1,5
SF,IH2006,2020-02-11 09:31:23.600,2844.6000,10464,0,121875000.000,0,-,-,-,-,2843.0000,2842.8000,2842.4000,2842.0000,2841.6000,2844.6000,2845.0000,2845.8000,2846.0000,2847.8000,1,2,1,2,2,1,2,1,1,1
SF,IH2006,2020-02-11 09:31:24.100,2844.6000,10464,0,121875000.000,0,-,-,-,-,2843.2000,2843.0000,2842.8000,2842.4000,2842.0000,2844.6000,2845.0000,2845.8000,2846.0000,2847.8000,1,1,2,1,2,1,2,1,1,1
SF,IH2006,2020-02-11 09:31:24.600,2844.6000,10464,0,121875000.000,0,-,-,-,-,2843.4000,2843.2000,2842.8000,2842.4000,2842.0000,2844.6000,2845.0000,2845.8000,2846.0000,2847.8000,1,1,2,1,2,1,2,1,1,1
SF,IH2006,2020-02-11 09:31:25.100,2843.4000,10464,0,122728020.000,1,0,1,多换,S,2843.2000,2842.8000,2842.4000,2842.0000,2841.6000,2844.6000,2845.0000,2845.8000,2846.0000,2847.8000,1,2,1,2,2,1,2,1,1,1
SF,IH2006,2020-02-11 09:31:28.600,2843.4000,10464,0,122728020.000,0,-,-,-,-,2843.2000,2842.8000,2842.4000,2842.0000,2841.6000,2844.4000,2844.6000,2845.0000,2845.8000,2846.0000,1,2,1,2,2,1,1,2,1,1
SF,IH2006,2020-02-11 09:31:29.100,2843.4000,10464,0,122728020.000,0,-,-,-,-,2843.2000,2842.8000,2842.0000,2841.6000,2841.2000,2844.4000,2844.6000,2845.0000,2845.8000,2846.0000,1,2,2,2,3,1,1,2,1,1
SF,IH2006,2020-02-11 09:31:29.600,2843.4000,10464,0,122728020.000,0,-,-,-,-,2843.2000,2842.8000,2842.0000,2841.6000,2841.2000,2844.4000,2844.6000,2845.0000,2845.8000,2846.0000,1,2,2,2,1,1,1,2,1,1
SF,IH2006,2020-02-11 09:31:30.100,2843.2000,10463,-1,123580980.000,1,0,1,双平,S,2842.8000,2842.0000,2841.2000,2840.4000,2837.0000,2843.2000,2844.4000,2844.6000,2845.0000,2845.8000,2,2,1,1,3,1,1,1,2,1
SF,IH2006,2020-02-11 09:31:30.600,2842.8000,10461,-2,125286780.000,2,0,2,双平,S,2841.2000,2840.4000,2837.0000,2835.0000,2831.0000,2842.6000,2844.4000,2844.6000,2845.0000,2845.8000,1,1,3,1,5,1,1,1,2,1
SF,IH2006,2020-02-11 09:31:31.100,2842.6000,10460,-1,126139560.000,1,0,1,双平,S,2841.2000,2840.4000,2837.0000,2835.0000,2831.0000,2844.4000,2844.6000,2845.0000,2845.8000,2846.0000,1,1,3,1,5,1,1,2,1,1
SF,IH2006,2020-02-11 09:31:31.600,2842.6000,10460,0,126139560.000,0,-,-,-,-,2841.4000,2841.2000,2840.4000,2837.0000,2835.0000,2844.2000,2844.4000,2844.6000,2845.0000,2845.8000,1,1,1,3,1,1,2,2,2,1
SF,IH2006,2020-02-11 09:31:32.100,2842.6000,10460,0,126139560.000,0,-,-,-,-,2842.6000,2841.4000,2841.2000,2840.4000,2837.0000,2844.0000,2844.2000,2844.4000,2844.6000,2845.0000,1,1,1,1,3,2,1,1,2,2
SF,IH2006,2020-02-11 09:31:32.600,2842.6000,10460,0,126139560.000,0,-,-,-,-,2842.6000,2841.4000,2841.2000,2840.4000,2837.0000,2844.0000,2844.4000,2844.6000,2845.0000,2845.8000,1,1,1,1,3,2,1,2,2,1
SF,IH2006,2020-02-11 09:31:33.100,2844.6000,10460,0,135524520.000,11,5,6,多换,S,2841.4000,2841.2000,2840.4000,2837.0000,2835.0000,2843.8000,2845.0000,2845.8000,2846.0000,2847.8000,1,1,1,3,1,1,2,1,1,1
SF,IH2006,2020-02-11 09:31:33.600,2844.6000,10460,0,135524520.000,0,-,-,-,-,2841.6000,2841.4000,2841.2000,2840.4000,2837.0000,2843.8000,2845.0000,2845.8000,2846.0000,2847.8000,1,1,1,1,3,1,2,1,1,1
SF,IH2006,2020-02-11 09:31:34.100,2844.6000,10460,0,135524520.000,0,-,-,-,-,2841.8000,2841.2000,2840.4000,2837.0000,2835.0000,2843.2000,2843.6000,2843.8000,2845.0000,2845.8000,1,1,1,2,1,1,1,1,2,1
SF,IH2006,2020-02-11 09:31:34.600,2843.2000,10459,-1,136377480.000,1,0,1,双平,S,2841.8000,2841.2000,2840.4000,2837.0000,2835.0000,2843.6000,2843.8000,2845.0000,2845.8000,2846.0000,1,1,1,2,1,1,1,2,1,1
SF,IH2006,2020-02-11 09:31:35.100,2843.2000,10459,0,136377480.000,0,-,-,-,-,2842.0000,2841.8000,2841.2000,2840.4000,2837.0000,2843.8000,2845.0000,2845.8000,2846.0000,2847.8000,1,1,1,1,2,1,2,1,1,1
SF,IH2006,2020-02-11 09:31:35.600,2843.2000,10459,0,136377480.000,0,-,-,-,-,2843.0000,2842.2000,2842.0000,2841.2000,2840.4000,2843.8000,2845.0000,2845.8000,2846.0000,2847.8000,1,1,1,1,1,1,2,1,1,1
SF,IH2006,2020-02-11 09:31:36.100,2843.2000,10459,0,136377480.000,0,-,-,-,-,2843.0000,2842.2000,2841.2000,2840.4000,2837.0000,2843.8000,2845.0000,2845.8000,2846.0000,2847.8000,1,1,1,1,2,1,2,1,1,1
SF,IH2006,2020-02-11 09:31:36.600,2843.0000,10458,-1,137230380.000,1,0,1,双平,S,2842.2000,2841.2000,2840.4000,2837.0000,2835.0000,2843.8000,2845.0000,2845.8000,2846.0000,2847.8000,1,1,1,2,1,1,2,1,1,1
SF,IH2006,2020-02-11 09:31:37.100,2843.0000,10458,0,137230380.000,0,-,-,-,-,2842.4000,2842.2000,2841.2000,2840.4000,2837.0000,2843.8000,2845.0000,2845.8000,2846.0000,2847.8000,1,1,1,1,2,1,2,1,1,1
SF,IH2006,2020-02-11 09:31:38.100,2843.0000,10458,0,137230380.000,0,-,-,-,-,2842.2000,2841.2000,2840.4000,2837.0000,2835.0000,2843.8000,2845.0000,2845.8000,2846.0000,2847.8000,1,1,1,2,1,1,2,1,1,1
SF,IH2006,2020-02-11 09:31:38.600,2843.0000,10458,0,137230380.000,0,-,-,-,-,2842.2000,2841.2000,2840.4000,2837.0000,2835.0000,2843.6000,2843.8000,2845.0000,2845.8000,2846.0000,1,1,1,2,1,1,2,2,1,1
SF,IH2006,2020-02-11 09:31:39.100,2843.0000,10458,0,137230380.000,0,-,-,-,-,2841.2000,2840.4000,2837.0000,2835.0000,2831.0000,2843.4000,2843.6000,2843.8000,2845.0000,2845.8000,1,1,2,1,8,1,1,1,2,1
SF,IH2006,2020-02-11 09:31:39.600,2843.0000,10458,0,137230380.000,0,-,-,-,-,2841.2000,2840.4000,2837.0000,2835.0000,2831.0000,2843.2000,2843.4000,2843.6000,2843.8000,2845.0000,1,1,2,1,8,1,1,1,1,2
SF,IH2006,2020-02-11 09:31:40.100,2843.0000,10458,0,137230380.000,0,-,-,-,-,2841.2000,2840.4000,2837.0000,2835.0000,2831.0000,2843.0000,2843.2000,2843.6000,2843.8000,2845.0000,1,1,2,1,8,1,1,1,1,2
SF,IH2006,2020-02-11 09:31:40.600,2843.0000,10458,0,137230380.000,0,-,-,-,-,2841.4000,2841.2000,2840.4000,2837.0000,2835.0000,2843.0000,2843.2000,2843.8000,2845.0000,2845.8000,1,1,1,2,1,1,1,1,2,1
SF,IH2006,2020-02-11 09:31:41.100,2843.0000,10458,0,137230380.000,0,-,-,-,-,2841.4000,2841.2000,2840.4000,2835.0000,2831.0000,2843.0000,2843.8000,2845.0000,2845.8000,2846.0000,1,1,1,1,8,1,1,3,1,1
SF,IH2006,2020-02-11 09:31:42.100,2843.0000,10458,0,137230380.000,0,-,-,-,-,2841.2000,2840.4000,2835.0000,2831.0000,2830.8000,2842.8000,2843.0000,2843.8000,2845.0000,2845.8000,1,1,1,8,1,1,1,1,3,1
SF,IH2006,2020-02-11 09:31:42.600,2843.0000,10458,0,137230380.000,0,-,-,-,-,2841.2000,2840.4000,2835.0000,2831.0000,2830.8000,2842.8000,2843.0000,2843.8000,2845.0000,2845.8000,1,1,3,8,1,1,1,1,3,1
SF,IH2006,2020-02-11 09:31:45.100,2843.0000,10458,0,137230380.000,0,-,-,-,-,2841.2000,2840.4000,2835.0000,2831.0000,2830.8000,2842.8000,2843.8000,2845.0000,2845.8000,2846.0000,1,1,3,8,1,1,1,3,1,1
SF,IH2006,2020-02-11 09:31:45.600,2843.0000,10458,0,137230380.000,0,-,-,-,-,2841.2000,2840.4000,2835.0000,2831.0000,2830.8000,2842.8000,2843.0000,2843.8000,2845.0000,2845.8000,1,1,3,8,1,1,1,1,3,1
SF,IH2006,2020-02-11 09:31:46.100,2843.0000,10458,0,137230380.000,0,-,-,-,-,2841.4000,2841.2000,2840.4000,2835.0000,2831.0000,2843.0000,2843.8000,2845.0000,2845.8000,2846.0000,1,1,1,3,8,1,1,3,1,1
SF,IH2006,2020-02-11 09:31:47.100,2843.0000,10458,0,137230380.000,0,-,-,-,-,2841.4000,2841.2000,2840.4000,2835.0000,2831.0000,2842.8000,2843.0000,2843.8000,2845.0000,2845.8000,1,1,1,3,8,1,1,1,3,1
SF,IH2006,2020-02-11 09:31:47.600,2843.0000,10458,0,137230380.000,0,-,-,-,-,2841.2000,2840.4000,2835.0000,2831.0000,2830.8000,2842.8000,2843.0000,2843.8000,2845.0000,2845.8000,1,1,3,8,1,1,1,1,3,1
SF,IH2006,2020-02-11 09:31:48.100,2843.0000,10458,0,137230380.000,0,-,-,-,-,2841.2000,2840.4000,2835.0000,2831.0000,2830.8000,2842.6000,2842.8000,2843.0000,2843.8000,2845.0000,1,1,3,8,1,1,1,1,1,3
SF,IH2006,2020-02-11 09:31:48.600,2842.8000,10458,0,138083220.000,1,0,1,多换,S,2841.2000,2840.4000,2835.0000,2831.0000,2830.8000,2842.8000,2843.0000,2843.8000,2844.0000,2845.0000,1,1,3,8,1,1,1,1,1,3
SF,IH2006,2020-02-11 09:31:49.100,2842.8000,10458,0,138083220.000,0,-,-,-,-,2841.2000,2840.4000,2835.0000,2831.0000,2830.8000,2842.6000,2842.8000,2843.0000,2843.8000,2844.0000,1,1,3,8,1,1,1,1,1,1
SF,IH2006,2020-02-11 09:31:49.600,2842.8000,10458,0,138083220.000,0,-,-,-,-,2841.2000,2840.4000,2835.0000,2831.0000,2830.8000,2842.4000,2842.6000,2843.0000,2843.8000,2844.0000,1,1,3,8,1,1,1,1,1,1
SF,IH2006,2020-02-11 09:31:51.100,2841.2000,10458,0,138935580.000,1,0,1,多换,S,2840.4000,2835.0000,2831.0000,2830.8000,2830.6000,2842.4000,2842.6000,2843.0000,2843.8000,2844.0000,1,3,8,1,1,2,1,1,1,1
SF,IH2006,2020-02-11 09:31:51.600,2841.2000,10458,0,138935580.000,0,-,-,-,-,2840.4000,2835.0000,2831.0000,2830.8000,2830.6000,2842.0000,2842.2000,2842.4000,2842.6000,2843.0000,1,3,8,1,1,2,1,3,1,1
SF,IH2006,2020-02-11 09:31:52.100,2841.2000,10458,0,138935580.000,0,-,-,-,-,2840.4000,2835.0000,2831.0000,2830.8000,2830.6000,2841.8000,2842.4000,2842.6000,2843.0000,2844.0000,1,3,8,1,1,3,2,1,1,1
SF,IH2006,2020-02-11 09:31:52.600,2841.2000,10458,0,138935580.000,0,-,-,-,-,2840.4000,2835.0000,2831.0000,2830.8000,2830.6000,2841.8000,2842.4000,2843.0000,2844.0000,2845.0000,1,3,8,1,1,3,2,1,1,3
SF,IH2006,2020-02-11 09:31:53.100,2841.2000,10458,0,138935580.000,0,-,-,-,-,2840.4000,2835.0000,2831.0000,2830.8000,2830.6000,2841.8000,2842.4000,2843.0000,2844.0000,2845.0000,1,3,8,1,1,3,1,1,1,3
SF,IH2006,2020-02-11 09:31:54.600,2841.2000,10458,0,138935580.000,0,-,-,-,-,2840.4000,2835.0000,2831.0000,2830.8000,2830.6000,2841.6000,2841.8000,2842.4000,2843.0000,2844.0000,1,3,8,1,1,2,3,1,1,1
SF,IH2006,2020-02-11 09:31:55.100,2841.2000,10458,0,138935580.000,0,-,-,-,-,2840.4000,2835.0000,2831.0000,2830.8000,2830.6000,2841.4000,2842.4000,2843.0000,2844.0000,2845.0000,1,3,8,1,1,2,1,1,1,3
SF,IH2006,2020-02-11 09:31:55.600,2841.2000,10458,0,138935580.000,0,-,-,-,-,2840.4000,2835.0000,2831.0000,2830.8000,2830.6000,2841.4000,2842.0000,2842.4000,2843.0000,2844.0000,1,3,8,1,1,2,2,1,1,1
SF,IH2006,2020-02-11 09:31:56.600,2841.2000,10458,0,138935580.000,0,-,-,-,-,2840.4000,2835.0000,2831.0000,2830.8000,2830.6000,2841.4000,2842.0000,2843.0000,2844.0000,2845.0000,1,3,8,1,1,3,2,1,1,3
SF,IH2006,2020-02-11 09:31:58.600,2841.2000,10458,0,138935580.000,0,-,-,-,-,2840.4000,2835.0000,2831.0000,2830.8000,2830.6000,2841.4000,2842.0000,2843.0000,2844.0000,2845.0000,1,3,8,1,1,2,2,1,1,3
SF,IH2006,2020-02-11 09:31:59.100,2841.2000,10458,0,138935580.000,0,-,-,-,-,2840.4000,2835.0000,2831.0000,2830.8000,2830.6000,2841.4000,2842.0000,2843.0000,2844.0000,2845.0000,1,3,8,1,1,2,2,1,1,3
SF,IH2006,2020-02-11 09:31:59.600,2841.2000,10458,0,138935580.000,0,-,-,-,-,2840.4000,2835.0000,2831.0000,2830.8000,2830.6000,2841.4000,2842.0000,2843.0000,2844.0000,2845.0000,1,3,8,1,1,1,2,1,1,3
SF,IH2006,2020-02-11 09:32:00.100,2841.2000,10458,0,138935580.000,0,-,-,-,-,2840.6000,2840.4000,2835.0000,2831.0000,2830.8000,2841.4000,2842.0000,2843.0000,2844.0000,2845.0000,1,1,3,8,1,1,2,1,1,3
SF,IH2006,2020-02-11 09:32:00.600,2841.4000,10457,-1,139788000.000,1,0,1,双平,S,2840.6000,2840.4000,2835.0000,2831.0000,2830.8000,2842.0000,2843.0000,2844.0000,2845.0000,2845.8000,1,1,3,8,1,2,1,1,3,1
SF,IH2006,2020-02-11 09:32:01.100,2842.0000,10455,-2,141493140.000,2,0,2,双平,S,2840.8000,2840.4000,2835.0000,2831.0000,2830.8000,2842.0000,2843.0000,2844.0000,2845.0000,2845.8000,2,1,3,8,1,1,1,1,3,1
SF,IH2006,2020-02-11 09:32:01.600,2840.8000,10454,-1,143197980.000,2,0,2,多平,S,2840.8000,2840.4000,2835.0000,2831.0000,2830.8000,2843.0000,2844.0000,2845.0000,2845.8000,2846.0000,1,1,3,8,1,1,1,3,1,1
SF,IH2006,2020-02-11 09:32:02.100,2840.8000,10454,0,143197980.000,0,-,-,-,-,2841.2000,2841.0000,2840.4000,2835.0000,2831.0000,2842.8000,2843.0000,2844.0000,2845.0000,2845.8000,2,1,1,3,8,1,1,1,3,1
SF,IH2006,2020-02-11 09:32:02.600,2840.8000,10454,0,143197980.000,0,-,-,-,-,2841.4000,2841.2000,2841.0000,2840.4000,2835.0000,2842.8000,2843.0000,2844.0000,2845.0000,2845.8000,1,2,1,1,3,1,1,1,3,1
SF,IH2006,2020-02-11 09:32:03.100,2840.8000,10454,0,143197980.000,0,-,-,-,-,2841.4000,2841.0000,2840.4000,2835.0000,2831.0000,2842.8000,2843.0000,2844.0000,2845.0000,2845.8000,1,1,1,3,8,1,1,1,3,1
SF,IH2006,2020-02-11 09:32:03.600,2840.8000,10454,0,143197980.000,0,-,-,-,-,2841.6000,2841.4000,2840.4000,2835.0000,2831.0000,2842.8000,2843.0000,2844.0000,2845.0000,2845.8000,1,1,1,3,8,1,1,1,3,1
SF,IH2006,2020-02-11 09:32:04.100,2840.8000,10454,0,143197980.000,0,-,-,-,-,2841.6000,2840.4000,2835.0000,2831.0000,2830.8000,2842.8000,2843.0000,2844.0000,2845.0000,2845.8000,1,1,3,8,1,1,2,1,3,1
SF,IH2006,2020-02-11 09:32:04.600,2840.8000,10454,0,143197980.000,0,-,-,-,-,2841.6000,2840.4000,2835.0000,2831.0000,2830.8000,2842.6000,2842.8000,2843.0000,2844.0000,2845.0000,1,1,3,8,1,3,1,2,1,3
SF,IH2006,2020-02-11 09:32:05.100,2840.8000,10454,0,143197980.000,0,-,-,-,-,2841.6000,2840.4000,2835.0000,2831.0000,2830.8000,2842.4000,2842.6000,2843.0000,2844.0000,2845.0000,1,1,3,8,1,1,3,2,1,3
SF,IH2006,2020-02-11 09:32:05.600,2841.6000,10453,-1,144050460.000,1,0,1,双平,S,2840.4000,2835.0000,2831.0000,2830.8000,2830.6000,2841.4000,2842.4000,2843.0000,2844.0000,2845.0000,1,3,8,1,1,3,1,3,1,3
SF,IH2006,2020-02-11 09:32:06.100,2841.4000,10452,-1,144902880.000,1,0,1,双平,S,2840.8000,2840.4000,2835.0000,2831.0000,2830.8000,2841.4000,2842.4000,2843.0000,2844.0000,2845.0000,1,1,3,8,1,2,1,3,1,3
SF,IH2006,2020-02-11 09:32:06.600,2841.4000,10452,0,144902880.000,0,-,-,-,-,2840.8000,2840.4000,2835.0000,2831.0000,2830.8000,2841.4000,2842.4000,2843.0000,2844.0000,2845.0000,1,1,3,8,1,2,1,3,1,3
SF,IH2006,2020-02-11 09:32:07.600,2841.4000,10452,0,144902880.000,0,-,-,-,-,2840.8000,2840.4000,2835.0000,2831.0000,2830.8000,2841.4000,2842.4000,2843.0000,2844.0000,2845.0000,1,1,3,8,1,2,1,3,1,3
SF,IH2006,2020-02-11 09:32:08.100,2841.4000,10452,0,144902880.000,0,-,-,-,-,2840.8000,2840.4000,2835.0000,2831.0000,2830.8000,2841.4000,2842.4000,2843.0000,2844.0000,2845.0000,1,1,3,8,1,2,1,3,1,3
SF,IH2006,2020-02-11 09:32:09.600,2841.4000,10452,0,144902880.000,0,-,-,-,-,2840.8000,2840.4000,2835.0000,2831.0000,2830.8000,2841.4000,2842.4000,2843.0000,2844.0000,2845.0000,1,1,3,8,1,2,1,3,2,3
SF,IH2006,2020-02-11 09:32:10.100,2841.4000,10452,0,146607720.000,2,1,1,多换,S,2841.4000,2840.4000,2835.0000,2831.0000,2830.8000,2842.4000,2843.0000,2844.0000,2845.0000,2845.8000,8,1,3,8,1,1,3,3,3,1
SF,IH2006,2020-02-11 09:32:10.600,2841.4000,10452,0,146607720.000,0,-,-,-,-,2841.4000,2840.4000,2835.0000,2831.0000,2830.8000,2842.2000,2842.4000,2843.0000,2844.0000,2845.0000,8,1,3,8,1,2,2,3,3,3
SF,IH2006,2020-02-11 09:32:11.600,2841.4000,10452,0,146607720.000,0,-,-,-,-,2841.4000,2840.4000,2835.0000,2831.0000,2830.8000,2842.2000,2843.0000,2844.0000,2845.0000,2845.8000,8,1,3,8,1,2,3,3,3,1
SF,IH2006,2020-02-11 09:32:12.100,2842.2000,10451,-1,147460380.000,1,0,1,双平,S,2841.4000,2840.4000,2835.0000,2831.0000,2830.8000,2842.0000,2842.2000,2843.0000,2844.0000,2845.0000,8,1,3,8,1,1,1,3,3,3
SF,IH2006,2020-02-11 09:32:12.600,2842.0000,10450,-1,148312980.000,1,0,1,双平,S,2842.0000,2841.6000,2841.4000,2840.4000,2835.0000,2843.0000,2844.0000,2845.0000,2845.8000,2846.0000,1,1,8,1,3,3,3,3,1,1
SF,IH2006,2020-02-11 09:32:13.100,2842.0000,10450,0,148312980.000,0,-,-,-,-,2842.0000,2841.4000,2840.4000,2835.0000,2831.0000,2842.8000,2843.0000,2844.0000,2845.0000,2845.8000,1,8,1,3,8,1,3,3,3,1
SF,IH2006,2020-02-11 09:32:14.600,2842.8000,10449,-1,149165820.000,1,0,1,双平,S,2842.0000,2841.4000,2840.4000,2835.0000,2831.0000,2843.0000,2844.0000,2845.0000,2845.8000,2846.0000,1,8,1,3,8,3,3,3,1,1
SF,IH2006,2020-02-11 09:32:15.100,2842.8000,10449,0,149165820.000,0,-,-,-,-,2842.2000,2842.0000,2841.4000,2840.4000,2835.0000,2843.0000,2844.0000,2845.0000,2845.8000,2846.0000,2,2,8,1,3,3,3,3,1,1
SF,IH2006,2020-02-11 09:32:16.100,2842.8000,10449,0,149165820.000,0,-,-,-,-,2842.2000,2842.0000,2841.4000,2840.4000,2835.0000,2842.8000,2843.0000,2844.0000,2845.0000,2845.8000,2,1,8,1,3,1,3,3,3,1
SF,IH2006,2020-02-11 09:32:16.600,2842.8000,10449,0,149165820.000,0,-,-,-,-,2842.0000,2841.4000,2840.4000,2835.0000,2831.0000,2842.2000,2842.8000,2843.0000,2844.0000,2845.0000,1,8,1,3,8,1,1,3,3,3
SF,IH2006,2020-02-11 09:32:17.100,2842.2000,10448,-1,150018480.000,1,0,1,双平,S,2842.0000,2841.4000,2840.4000,2835.0000,2831.0000,2842.8000,2843.0000,2844.0000,2845.0000,2845.8000,1,8,1,3,8,1,3,3,3,1
SF,IH2006,2020-02-11 09:32:17.600,2842.2000,10448,0,150018480.000,0,-,-,-,-,2841.4000,2840.4000,2835.0000,2831.0000,2830.8000,2842.8000,2843.0000,2844.0000,2845.0000,2845.8000,8,1,3,8,1,1,4,3,3,1
SF,IH2006,2020-02-11 09:32:18.100,2842.2000,10448,0,150018480.000,0,-,-,-,-,2841.4000,2840.4000,2835.0000,2831.0000,2830.8000,2842.8000,2843.0000,2844.0000,2845.0000,2845.8000,8,1,3,8,1,2,4,3,3,1
SF,IH2006,2020-02-11 09:32:19.600,2842.2000,10448,0,150018480.000,0,-,-,-,-,2841.6000,2841.4000,2840.4000,2835.0000,2831.0000,2842.8000,2843.0000,2844.0000,2845.0000,2845.8000,1,8,1,3,8,1,4,3,3,1
SF,IH2006,2020-02-11 09:32:20.600,2842.2000,10448,0,150018480.000,0,-,-,-,-,2841.4000,2840.4000,2835.0000,2831.0000,2830.8000,2842.8000,2843.0000,2844.0000,2845.0000,2845.8000,8,1,3,8,1,1,4,3,3,1
SF,IH2006,2020-02-11 09:32:21.100,2842.2000,10448,0,150018480.000,0,-,-,-,-,2841.6000,2841.4000,2840.4000,2835.0000,2831.0000,2842.0000,2842.8000,2843.0000,2844.0000,2845.0000,3,8,1,3,8,1,1,4,3,3
SF,IH2006,2020-02-11 09:32:21.600,2842.0000,10447,-1,150871080.000,1,0,1,双平,S,2841.6000,2841.4000,2840.4000,2835.0000,2831.0000,2842.8000,2843.0000,2844.0000,2845.0000,2845.8000,3,8,1,3,8,1,4,3,3,1
SF,IH2006,2020-02-11 09:32:22.100,2842.0000,10447,0,150871080.000,0,-,-,-,-,2841.6000,2841.4000,2840.4000,2835.0000,2831.0000,2842.8000,2843.0000,2844.0000,2845.0000,2845.8000,2,8,1,3,8,4,4,3,3,1
SF,IH2006,2020-02-11 09:32:23.100,2842.0000,10447,0,150871080.000,0,-,-,-,-,2841.6000,2841.4000,2840.4000,2835.0000,2831.0000,2842.8000,2843.0000,2844.0000,2845.0000,2845.8000,2,8,1,3,8,3,4,3,3,1
SF,IH2006,2020-02-11 09:32:23.600,2841.6000,10446,-1,151723560.000,1,0,1,双平,S,2841.6000,2841.4000,2840.4000,2835.0000,2831.0000,2842.8000,2843.0000,2844.0000,2845.0000,2845.8000,1,8,1,4,8,3,4,3,3,1
SF,IH2006,2020-02-11 09:32:24.100,2841.6000,10446,0,151723560.000,0,-,-,-,-,2841.6000,2841.4000,2840.4000,2835.0000,2831.0000,2842.8000,2843.0000,2844.0000,2845.0000,2845.8000,1,8,1,4,8,3,3,3,3,1
SF,IH2006,2020-02-11 09:32:24.600,2841.6000,10446,0,151723560.000,0,-,-,-,-,2841.6000,2841.4000,2840.4000,2835.0000,2831.0000,2842.6000,2842.8000,2843.0000,2844.0000,2845.0000,1,8,1,4,8,1,3,3,3,3
SF,IH2006,2020-02-11 09:32:25.100,2841.4000,10446,0,155985660.000,5,2,3,多换,S,2841.4000,2840.4000,2835.0000,2831.0000,2830.8000,2841.6000,2842.4000,2842.6000,2842.8000,2843.0000,3,1,4,8,1,1,2,1,2,3
SF,IH2006,2020-02-11 09:32:25.600,2841.4000,10446,0,158542920.000,3,1,2,多换,S,2840.4000,2835.0000,2831.0000,2830.8000,2830.6000,2841.2000,2841.6000,2842.4000,2842.6000,2842.8000,1,4,8,1,1,1,1,1,1,2
SF,IH2006,2020-02-11 09:32:26.600,2841.4000,10446,0,158542920.000,0,-,-,-,-,2840.4000,2835.0000,2831.0000,2830.8000,2830.6000,2841.2000,2841.6000,2842.4000,2842.8000,2843.0000,1,4,8,1,1,1,1,1,2,3
SF,IH2006,2020-02-11 09:32:27.100,2841.4000,10446,0,158542920.000,0,-,-,-,-,2840.4000,2835.0000,2831.0000,2830.8000,2830.6000,2841.0000,2841.6000,2842.8000,2843.0000,2844.0000,1,4,8,1,1,1,1,2,3,3
SF,IH2006,2020-02-11 09:32:27.600,2841.0000,10446,0,159395220.000,1,0,1,多换,S,2841.0000,2840.4000,2835.0000,2831.0000,2830.8000,2842.8000,2843.0000,2844.0000,2845.0000,2845.8000,1,1,4,8,1,2,3,3,3,1
SF,IH2006,2020-02-11 09:32:28.100,2841.0000,10446,0,159395220.000,0,-,-,-,-,2841.0000,2840.4000,2835.0000,2831.0000,2830.8000,2842.2000,2842.6000,2842.8000,2843.0000,2844.0000,1,1,4,8,1,1,3,3,3,3
SF,IH2006,2020-02-11 09:32:29.100,2841.0000,10446,0,159395220.000,0,-,-,-,-,2840.4000,2835.0000,2831.0000,2830.8000,2830.6000,2842.0000,2842.2000,2842.6000,2842.8000,2843.0000,1,4,8,1,1,1,1,2,3,3
SF,IH2006,2020-02-11 09:32:29.600,2841.0000,10446,0,159395220.000,0,-,-,-,-,2840.4000,2835.0000,2831.0000,2830.8000,2830.6000,2841.8000,2842.0000,2842.2000,2842.8000,2843.0000,1,4,8,1,1,1,1,1,3,3
SF,IH2006,2020-02-11 09:32:30.100,2841.0000,10446,0,159395220.000,0,-,-,-,-,2840.4000,2835.0000,2831.0000,2830.8000,2830.6000,2841.0000,2841.8000,2842.0000,2842.2000,2842.8000,1,4,8,1,1,1,1,1,1,3
SF,IH2006,2020-02-11 09:32:30.600,2841.0000,10446,0,159395220.000,0,-,-,-,-,2840.4000,2835.0000,2831.0000,2830.8000,2830.6000,2841.0000,2842.0000,2842.2000,2842.8000,2843.0000,1,4,8,1,1,1,1,1,3,3
SF,IH2006,2020-02-11 09:32:32.100,2841.0000,10446,0,159395220.000,0,-,-,-,-,2840.4000,2835.0000,2831.0000,2830.8000,2830.6000,2841.0000,2842.0000,2842.2000,2842.8000,2843.0000,1,4,8,1,1,3,1,1,3,3
SF,IH2006,2020-02-11 09:32:32.600,2840.4000,10446,0,160247340.000,1,0,1,多换,S,2835.0000,2831.0000,2830.8000,2830.6000,2830.0000,2841.0000,2842.0000,2842.2000,2842.8000,2843.0000,4,8,1,1,11,3,1,1,3,3
SF,IH2006,2020-02-11 09:32:33.100,2840.4000,10446,0,160247340.000,0,-,-,-,-,2837.8000,2835.6000,2835.4000,2835.2000,2835.0000,2840.8000,2841.0000,2842.0000,2842.8000,2843.0000,1,3,3,3,8,2,3,1,3,3
SF,IH2006,2020-02-11 09:32:33.600,2841.0000,10446,0,162804240.000,3,1,2,多换,S,2841.0000,2838.2000,2838.0000,2837.8000,2835.6000,2842.0000,2842.8000,2843.0000,2844.0000,2845.0000,7,1,1,1,3,1,3,3,3,3
SF,IH2006,2020-02-11 09:32:34.100,2841.0000,10446,0,165361140.000,3,1,2,多换,S,2841.0000,2838.0000,2837.8000,2835.6000,2835.4000,2841.8000,2842.0000,2842.8000,2843.0000,2844.0000,4,1,1,2,3,1,3,2,3,3
SF,IH2006,2020-02-11 09:32:34.600,2841.0000,10446,0,165361140.000,0,-,-,-,-,2841.0000,2838.0000,2837.8000,2835.6000,2835.4000,2841.6000,2841.8000,2842.0000,2842.8000,2843.0000,4,1,1,2,3,1,1,2,2,3
SF,IH2006,2020-02-11 09:32:35.100,2841.0000,10446,0,165361140.000,0,-,-,-,-,2841.0000,2838.0000,2837.8000,2835.6000,2835.4000,2841.6000,2842.0000,2842.8000,2843.0000,2844.0000,4,1,1,2,3,1,2,2,3,3
SF,IH2006,2020-02-11 09:32:35.600,2841.6000,10445,-1,166213620.000,1,0,1,双平,S,2841.0000,2838.0000,2837.8000,2835.6000,2835.4000,2842.0000,2842.8000,2843.0000,2844.0000,2845.0000,4,1,1,2,3,1,2,3,3,3
SF,IH2006,2020-02-11 09:32:36.600,2841.0000,10445,0,167065920.000,1,0,1,多换,S,2841.0000,2838.0000,2837.8000,2835.6000,2835.4000,2841.8000,2842.0000,2842.8000,2843.0000,2844.0000,3,1,1,2,3,2,2,2,3,3
SF,IH2006,2020-02-11 09:32:37.100,2841.0000,10445,0,167065920.000,0,-,-,-,-,2841.0000,2838.0000,2837.8000,2835.6000,2835.4000,2841.8000,2842.0000,2842.8000,2843.0000,2844.0000,3,1,1,2,3,2,2,2,3,3
SF,IH2006,2020-02-11 09:32:37.600,2841.0000,10445,0,167065920.000,0,-,-,-,-,2841.0000,2838.0000,2837.8000,2835.6000,2835.4000,2841.8000,2842.0000,2842.8000,2843.0000,2844.0000,3,1,1,2,3,1,2,2,3,3
SF,IH2006,2020-02-11 09:32:38.100,2841.0000,10445,0,167065920.000,0,-,-,-,-,2841.0000,2838.0000,2837.8000,2835.6000,2835.4000,2841.6000,2841.8000,2842.0000,2842.8000,2843.0000,3,1,1,2,3,1,1,2,2,2
SF,IH2006,2020-02-11 09:32:39.600,2841.0000,10445,0,167065920.000,0,-,-,-,-,2841.0000,2838.0000,2837.8000,2835.6000,2835.4000,2841.6000,2842.0000,2842.8000,2843.0000,2844.0000,3,1,1,2,3,1,2,2,2,3
SF,IH2006,2020-02-11 09:32:40.100,2841.0000,10445,0,167065920.000,0,-,-,-,-,2841.0000,2838.0000,2837.8000,2835.6000,2835.4000,2842.0000,2842.8000,2843.0000,2844.0000,2845.0000,3,1,1,2,3,1,2,2,3,3
SF,IH2006,2020-02-11 09:32:40.600,2841.0000,10445,0,167065920.000,0,-,-,-,-,2841.0000,2838.0000,2837.8000,2835.6000,2835.4000,2841.8000,2842.0000,2842.8000,2843.0000,2844.0000,3,1,1,2,3,1,1,2,2,3
SF,IH2006,2020-02-11 09:32:41.600,2841.0000,10445,0,167065920.000,0,-,-,-,-,2841.0000,2838.0000,2837.8000,2835.6000,2835.4000,2841.8000,2842.0000,2842.8000,2843.0000,2844.0000,3,1,1,2,3,2,1,2,2,2
SF,IH2006,2020-02-11 09:32:42.600,2841.0000,10445,0,167065920.000,0,-,-,-,-,2841.0000,2838.0000,2837.8000,2835.6000,2835.4000,2841.6000,2841.8000,2842.0000,2842.8000,2843.0000,3,1,1,2,3,1,2,1,2,2
SF,IH2006,2020-02-11 09:32:43.600,2841.0000,10445,0,168770520.000,2,1,1,多换,S,2841.0000,2838.0000,2837.8000,2835.6000,2835.4000,2841.4000,2841.6000,2841.8000,2842.0000,2842.8000,1,1,1,2,3,1,1,1,2,2
SF,IH2006,2020-02-11 09:32:44.100,2841.0000,10445,0,169622820.000,1,0,1,多换,S,2838.0000,2837.8000,2835.6000,2835.4000,2835.2000,2841.0000,2841.4000,2841.6000,2841.8000,2842.0000,1,1,2,2,1,2,2,1,1,2
SF,IH2006,2020-02-11 09:32:44.600,2841.0000,10445,0,169622820.000,0,-,-,-,-,2838.4000,2838.2000,2838.0000,2837.8000,2835.6000,2841.0000,2841.4000,2841.6000,2841.8000,2842.0000,1,1,1,1,1,2,2,1,1,2
SF,IH2006,2020-02-11 09:32:45.100,2841.0000,10445,0,169622820.000,0,-,-,-,-,2838.8000,2838.6000,2835.6000,2835.4000,2835.2000,2840.8000,2841.0000,2841.6000,2841.8000,2842.0000,1,2,1,2,1,1,2,1,1,2
SF,IH2006,2020-02-11 09:32:45.600,2841.0000,10445,0,169622820.000,0,-,-,-,-,2839.0000,2838.8000,2838.6000,2835.4000,2835.2000,2840.8000,2841.0000,2841.6000,2841.8000,2842.0000,1,1,1,2,1,1,2,1,1,2
SF,IH2006,2020-02-11 09:32:46.100,2841.0000,10445,0,169622820.000,0,-,-,-,-,2839.0000,2838.6000,2835.4000,2835.2000,2835.0000,2840.6000,2840.8000,2841.0000,2841.6000,2841.8000,1,1,2,1,6,1,1,2,1,1
SF,IH2006,2020-02-11 09:32:46.600,2841.0000,10445,0,169622820.000,0,-,-,-,-,2839.0000,2835.4000,2835.2000,2835.0000,2831.0000,2840.4000,2840.6000,2841.0000,2841.6000,2841.8000,1,2,2,6,9,1,1,2,1,1
SF,IH2006,2020-02-11 09:32:47.100,2841.0000,10445,0,169622820.000,0,-,-,-,-,2839.0000,2835.4000,2835.2000,2835.0000,2831.0000,2840.2000,2840.4000,2841.0000,2841.6000,2841.8000,1,2,2,6,9,1,1,2,1,1
SF,IH2006,2020-02-11 09:32:47.600,2841.0000,10445,0,169622820.000,0,-,-,-,-,2835.2000,2835.0000,2831.0000,2830.8000,2830.6000,2839.8000,2840.0000,2840.2000,2841.0000,2841.6000,2,5,9,1,1,2,1,1,2,1
SF,IH2006,2020-02-11 09:32:48.100,2840.2000,10446,1,170474880.000,1,1,0,双开,S,2837.0000,2835.6000,2835.4000,2835.2000,2835.0000,2841.0000,2841.6000,2841.8000,2842.0000,2842.4000,1,1,3,2,5,2,1,1,1,5
SF,IH2006,2020-02-11 09:32:48.600,2840.2000,10446,0,170474880.000,0,-,-,-,-,2837.2000,2837.0000,2835.6000,2835.4000,2835.2000,2840.6000,2841.0000,2841.6000,2841.8000,2842.0000,1,1,1,2,2,2,3,1,1,1
SF,IH2006,2020-02-11 09:32:49.100,2840.2000,10446,0,170474880.000,0,-,-,-,-,2837.2000,2837.0000,2835.6000,2835.2000,2835.0000,2840.6000,2841.0000,2841.6000,2841.8000,2842.0000,1,1,1,2,5,2,3,1,1,1
SF,IH2006,2020-02-11 09:32:49.600,2840.6000,10447,1,172179120.000,2,1,1,空开,S,2837.2000,2837.0000,2835.6000,2835.2000,2835.0000,2840.6000,2841.0000,2841.6000,2841.8000,2842.0000,1,1,1,2,4,2,2,1,1,1
SF,IH2006,2020-02-11 09:32:50.100,2840.6000,10447,0,172179120.000,0,-,-,-,-,2837.4000,2837.2000,2837.0000,2835.6000,2835.2000,2840.4000,2840.6000,2841.0000,2841.6000,2841.8000,1,1,1,1,2,1,1,2,1,1
SF,IH2006,2020-02-11 09:32:50.600,2840.6000,10447,0,172179120.000,0,-,-,-,-,2837.6000,2837.4000,2837.0000,2835.6000,2835.2000,2840.0000,2840.4000,2841.0000,2841.6000,2841.8000,1,1,1,1,2,1,1,2,1,1
SF,IH2006,2020-02-11 09:32:51.600,2840.6000,10447,0,172179120.000,0,-,-,-,-,2837.6000,2837.0000,2835.6000,2835.2000,2835.0000,2840.0000,2840.4000,2841.0000,2841.6000,2841.8000,1,1,1,2,4,1,1,2,1,1
SF,IH2006,2020-02-11 09:32:52.100,2840.6000,10447,0,172179120.000,0,-,-,-,-,2837.6000,2837.0000,2835.6000,2835.4000,2835.2000,2840.0000,2840.4000,2841.0000,2841.6000,2841.8000,1,1,1,1,2,1,1,2,1,1
SF,IH2006,2020-02-11 09:32:52.600,2840.6000,10447,0,172179120.000,0,-,-,-,-,2837.6000,2837.0000,2835.6000,2835.4000,2835.2000,2840.0000,2840.4000,2841.0000,2841.6000,2841.8000,1,1,1,1,2,1,1,2,1,1
SF,IH2006,2020-02-11 09:32:53.100,2840.6000,10447,0,172179120.000,0,-,-,-,-,2837.0000,2835.6000,2835.4000,2835.2000,2835.0000,2839.4000,2840.0000,2841.0000,2841.6000,2841.8000,1,1,1,2,4,1,1,2,1,1
SF,IH2006,2020-02-11 09:32:53.600,2840.6000,10447,0,172179120.000,0,-,-,-,-,2837.2000,2835.6000,2835.4000,2835.2000,2835.0000,2839.4000,2840.0000,2840.6000,2841.0000,2841.6000,1,1,1,2,4,1,1,1,2,1
SF,IH2006,2020-02-11 09:32:54.600,2840.0000,10447,0,173031120.000,1,0,1,多换,S,2838.2000,2837.6000,2837.2000,2835.6000,2835.4000,2840.6000,2841.0000,2841.6000,2841.8000,2842.0000,1,1,1,1,1,1,2,1,1,1
SF,IH2006,2020-02-11 09:32:55.100,2840.0000,10447,0,173031120.000,0,-,-,-,-,2838.2000,2837.2000,2835.6000,2835.4000,2835.2000,2839.8000,2840.2000,2840.6000,2841.0000,2841.6000,1,1,1,1,2,1,1,2,2,1
SF,IH2006,2020-02-11 09:32:56.100,2840.0000,10447,0,173031120.000,0,-,-,-,-,2838.2000,2837.2000,2835.6000,2835.4000,2835.2000,2839.6000,2839.8000,2840.6000,2841.0000,2841.6000,1,1,1,1,2,1,1,2,2,2
SF,IH2006,2020-02-11 09:32:56.600,2838.2000,10447,0,173882580.000,1,0,1,多换,S,2837.2000,2835.6000,2835.4000,2835.2000,2835.0000,2839.0000,2839.4000,2839.6000,2840.6000,2841.0000,1,1,1,2,4,1,1,1,2,2
SF,IH2006,2020-02-11 09:32:57.100,2838.8000,10446,-1,175585860.000,2,0,2,多平,S,2837.2000,2835.6000,2835.4000,2835.2000,2835.0000,2839.0000,2840.6000,2841.0000,2841.6000,2841.8000,1,1,1,1,4,1,2,2,2,1
SF,IH2006,2020-02-11 09:32:57.600,2838.8000,10446,0,175585860.000,0,-,-,-,-,2835.6000,2835.4000,2835.2000,2835.0000,2831.0000,2839.0000,2840.6000,2841.0000,2841.6000,2841.8000,1,1,1,4,4,2,2,2,2,1
SF,IH2006,2020-02-11 09:32:58.100,2838.8000,10446,0,175585860.000,0,-,-,-,-,2835.8000,2835.6000,2835.4000,2835.2000,2835.0000,2838.0000,2838.8000,2839.0000,2840.6000,2841.0000,2,1,1,1,4,1,2,2,1,2
SF,IH2006,2020-02-11 09:32:58.600,2838.8000,10446,0,175585860.000,0,-,-,-,-,2835.8000,2835.4000,2835.2000,2835.0000,2831.0000,2838.0000,2838.8000,2839.0000,2840.6000,2841.6000,2,1,1,4,4,2,1,2,1,2
SF,IH2006,2020-02-11 09:32:59.100,2838.8000,10446,0,175585860.000,0,-,-,-,-,2835.8000,2835.4000,2835.2000,2835.0000,2831.0000,2838.0000,2838.8000,2839.0000,2840.6000,2841.6000,1,1,1,4,4,2,1,2,1,2
SF,IH2006,2020-02-11 09:32:59.600,2838.8000,10446,0,175585860.000,0,-,-,-,-,2835.4000,2835.2000,2835.0000,2831.0000,2830.8000,2837.4000,2838.0000,2838.8000,2839.0000,2840.6000,1,1,4,4,1,1,1,1,2,1
SF,IH2006,2020-02-11 09:33:00.100,2838.8000,10446,0,175585860.000,0,-,-,-,-,2835.4000,2835.2000,2835.0000,2831.0000,2830.8000,2836.6000,2837.0000,2837.4000,2838.0000,2839.0000,1,1,4,4,1,1,1,1,1,2
SF,IH2006,2020-02-11 09:33:00.600,2836.6000,10445,-1,176436840.000,1,0,1,双平,S,2836.8000,2836.6000,2835.2000,2835.0000,2831.0000,2837.4000,2838.0000,2839.0000,2840.6000,2841.6000,1,1,1,4,4,1,1,2,1,2
SF,IH2006,2020-02-11 09:33:01.100,2836.6000,10445,0,176436840.000,0,-,-,-,-,2836.6000,2835.2000,2835.0000,2831.0000,2830.8000,2838.0000,2839.0000,2840.6000,2841.6000,2841.8000,1,1,4,4,1,1,2,1,2,1
SF,IH2006,2020-02-11 09:33:01.600,2836.6000,10445,0,176436840.000,0,-,-,-,-,2836.6000,2835.2000,2835.0000,2831.0000,2830.8000,2837.2000,2838.0000,2838.8000,2839.0000,2840.6000,1,1,4,4,1,1,1,1,2,1
SF,IH2006,2020-02-11 09:33:02.100,2837.2000,10445,0,177288000.000,1,0,1,多换,S,2837.2000,2836.6000,2835.2000,2835.0000,2834.4000,2838.0000,2838.8000,2839.0000,2840.6000,2841.6000,1,1,1,4,1,1,1,2,1,2
SF,IH2006,2020-02-11 09:33:03.100,2838.0000,10444,-1,178139400.000,1,0,1,双平,S,2837.2000,2836.8000,2836.6000,2835.2000,2835.0000,2838.8000,2839.0000,2840.6000,2841.6000,2841.8000,1,1,1,1,4,1,1,1,1,1
SF,IH2006,2020-02-11 09:33:03.600,2838.0000,10444,0,178139400.000,0,-,-,-,-,2837.2000,2836.8000,2836.6000,2835.2000,2835.0000,2838.8000,2839.0000,2840.6000,2841.6000,2841.8000,1,1,1,1,4,2,1,1,1,1
SF,IH2006,2020-02-11 09:33:04.100,2838.0000,10444,0,178139400.000,0,-,-,-,-,2837.2000,2836.8000,2836.6000,2835.2000,2835.0000,2838.8000,2840.6000,2841.6000,2841.8000,2842.4000,1,1,1,1,5,1,1,1,1,5
SF,IH2006,2020-02-11 09:33:05.100,2838.0000,10444,0,178139400.000,0,-,-,-,-,2837.2000,2836.8000,2836.6000,2835.2000,2835.0000,2838.6000,2838.8000,2840.6000,2841.6000,2841.8000,1,1,1,1,5,1,1,1,1,1
SF,IH2006,2020-02-11 09:33:05.600,2838.0000,10444,0,178139400.000,0,-,-,-,-,2837.4000,2837.2000,2836.8000,2836.6000,2835.2000,2838.6000,2838.8000,2840.6000,2841.6000,2841.8000,1,1,1,1,1,1,1,1,1,1
SF,IH2006,2020-02-11 09:33:06.600,2838.0000,10444,0,178139400.000,0,-,-,-,-,2837.4000,2837.2000,2836.8000,2836.6000,2835.2000,2838.6000,2838.8000,2840.6000,2841.6000,2841.8000,1,1,1,1,1,1,1,1,1,1
SF,IH2006,2020-02-11 09:33:07.600,2837.2000,10442,-2,181545000.000,4,1,3,多平,S,2836.8000,2836.6000,2835.2000,2835.0000,2834.4000,2840.6000,2841.6000,2841.8000,2842.4000,2843.0000,1,1,1,5,1,1,1,1,5,1
SF,IH2006,2020-02-11 09:33:08.100,2837.2000,10442,0,181545000.000,0,-,-,-,-,2837.0000,2836.8000,2836.6000,2835.2000,2835.0000,2838.6000,2839.4000,2840.2000,2840.6000,2841.6000,1,1,1,1,5,2,1,1,2,1
SF,IH2006,2020-02-11 09:33:08.600,2837.2000,10439,-3,184098480.000,3,0,3,双平,S,2837.0000,2836.8000,2836.6000,2835.2000,2835.0000,2838.6000,2839.4000,2840.2000,2840.6000,2841.6000,1,1,1,1,5,2,1,1,2,1
SF,IH2006,2020-02-11 09:33:09.100,2837.2000,10439,0,184098480.000,0,-,-,-,-,2837.0000,2836.8000,2836.6000,2835.2000,2835.0000,2838.6000,2839.4000,2840.2000,2840.6000,2841.6000,1,1,1,1,5,1,1,1,2,1
SF,IH2006,2020-02-11 09:33:10.100,2837.2000,10439,0,184098480.000,0,-,-,-,-,2837.2000,2837.0000,2836.8000,2836.6000,2835.2000,2838.6000,2838.8000,2839.4000,2840.2000,2840.6000,1,1,1,1,1,2,2,1,1,2
SF,IH2006,2020-02-11 09:33:10.600,2837.2000,10439,0,184098480.000,0,-,-,-,-,2837.4000,2837.2000,2837.0000,2836.8000,2836.6000,2838.6000,2838.8000,2839.4000,2840.2000,2840.6000,1,1,1,1,1,2,2,1,1,2
SF,IH2006,2020-02-11 09:33:11.100,2837.2000,10439,0,184098480.000,0,-,-,-,-,2837.4000,2837.0000,2836.8000,2836.6000,2835.4000,2838.6000,2838.8000,2839.4000,2840.6000,2841.6000,1,1,1,1,1,2,2,1,2,1
SF,IH2006,2020-02-11 09:33:12.100,2837.2000,10439,0,184098480.000,0,-,-,-,-,2837.4000,2837.0000,2836.8000,2836.6000,2835.4000,2838.6000,2838.8000,2840.6000,2841.6000,2841.8000,1,1,1,1,1,2,2,1,1,1
SF,IH2006,2020-02-11 09:33:12.600,2837.4000,10439,0,184949700.000,1,0,1,多换,S,2837.4000,2837.0000,2836.8000,2836.6000,2835.4000,2838.6000,2838.8000,2840.6000,2841.6000,2841.8000,1,1,1,1,1,1,2,1,1,1
SF,IH2006,2020-02-11 09:33:15.100,2837.4000,10439,0,184949700.000,0,-,-,-,-,2837.4000,2837.0000,2836.8000,2836.6000,2835.4000,2838.6000,2838.8000,2840.6000,2841.6000,2841.8000,1,1,1,1,1,1,2,1,1,1
SF,IH2006,2020-02-11 09:33:15.600,2837.4000,10439,0,184949700.000,0,-,-,-,-,2838.0000,2837.4000,2837.0000,2836.8000,2836.6000,2838.6000,2838.8000,2840.6000,2841.6000,2841.8000,1,1,1,1,1,1,2,1,1,1
SF,IH2006,2020-02-11 09:33:16.100,2837.4000,10439,0,184949700.000,0,-,-,-,-,2838.0000,2837.0000,2836.8000,2836.6000,2835.4000,2838.6000,2838.8000,2840.6000,2841.6000,2841.8000,1,1,1,1,1,1,2,1,1,1
SF,IH2006,2020-02-11 09:33:16.600,2838.6000,10439,0,185801280.000,1,0,1,多换,S,2838.0000,2837.0000,2836.8000,2836.6000,2835.4000,2838.8000,2840.6000,2841.6000,2841.8000,2842.4000,1,1,1,1,1,2,1,1,1,5
SF,IH2006,2020-02-11 09:33:17.100,2838.0000,10439,0,186652680.000,1,0,1,多换,S,2837.0000,2836.8000,2836.6000,2835.4000,2835.2000,2838.8000,2840.6000,2841.6000,2841.8000,2842.4000,1,1,1,1,1,2,1,1,1,5
SF,IH2006,2020-02-11 09:33:17.600,2838.0000,10439,0,186652680.000,0,-,-,-,-,2837.2000,2837.0000,2836.8000,2836.6000,2835.4000,2838.0000,2838.8000,2840.6000,2841.6000,2841.8000,3,1,1,1,1,1,2,1,1,1
SF,IH2006,2020-02-11 09:33:18.100,2838.0000,10437,-2,188355480.000,2,0,2,双平,S,2837.4000,2837.2000,2836.8000,2836.6000,2835.4000,2838.8000,2840.6000,2841.6000,2841.8000,2842.4000,1,3,1,1,1,3,1,1,1,5
SF,IH2006,2020-02-11 09:33:18.600,2837.4000,10436,-1,189206700.000,1,0,1,双平,S,2837.2000,2836.8000,2836.6000,2835.4000,2835.2000,2838.8000,2840.6000,2841.6000,2841.8000,2842.4000,1,1,1,1,1,2,1,1,1,5
SF,IH2006,2020-02-11 09:33:19.100,2837.4000,10436,0,189206700.000,0,-,-,-,-,2837.4000,2837.2000,2836.8000,2836.6000,2835.4000,2838.8000,2840.6000,2841.6000,2841.8000,2842.4000,1,1,1,1,1,2,1,1,1,5
SF,IH2006,2020-02-11 09:33:19.600,2837.4000,10436,0,189206700.000,0,-,-,-,-,2837.4000,2836.8000,2836.6000,2835.4000,2835.2000,2838.8000,2840.6000,2841.6000,2841.8000,2842.4000,1,1,1,1,1,2,1,1,1,5
SF,IH2006,2020-02-11 09:33:20.100,2837.4000,10436,0,189206700.000,0,-,-,-,-,2836.8000,2836.6000,2835.4000,2835.2000,2835.0000,2838.6000,2838.8000,2840.6000,2841.6000,2841.8000,1,1,1,1,5,1,3,1,1,1
SF,IH2006,2020-02-11 09:33:20.600,2837.4000,10436,0,189206700.000,0,-,-,-,-,2837.0000,2836.8000,2836.6000,2835.4000,2835.2000,2838.8000,2840.6000,2841.6000,2841.8000,2842.4000,1,1,1,1,1,3,1,1,1,5
SF,IH2006,2020-02-11 09:33:21.100,2837.4000,10436,0,189206700.000,0,-,-,-,-,2836.8000,2836.6000,2835.4000,2835.2000,2835.0000,2838.6000,2838.8000,2840.6000,2841.6000,2841.8000,1,1,1,1,5,1,3,1,1,1
SF,IH2006,2020-02-11 09:33:21.600,2837.4000,10436,0,189206700.000,0,-,-,-,-,2837.0000,2836.8000,2836.6000,2835.4000,2835.2000,2838.8000,2840.6000,2841.6000,2841.8000,2842.4000,1,1,1,1,1,3,1,1,1,5
SF,IH2006,2020-02-11 09:33:22.100,2837.4000,10436,0,189206700.000,0,-,-,-,-,2836.8000,2836.6000,2835.4000,2835.2000,2835.0000,2838.8000,2840.6000,2841.6000,2841.8000,2842.4000,1,1,1,1,5,3,1,1,1,5
SF,IH2006,2020-02-11 09:33:22.600,2837.4000,10436,0,189206700.000,0,-,-,-,-,2837.0000,2836.8000,2836.6000,2835.4000,2835.2000,2838.8000,2840.6000,2841.6000,2841.8000,2842.4000,2,1,1,1,1,3,1,1,1,5
SF,IH2006,2020-02-11 09:33:23.600,2837.4000,10436,0,189206700.000,0,-,-,-,-,2837.0000,2836.8000,2836.6000,2835.4000,2835.2000,2838.8000,2840.6000,2841.6000,2841.8000,2842.4000,2,1,1,1,1,3,1,1,1,5
SF,IH2006,2020-02-11 09:33:24.600,2837.4000,10436,0,189206700.000,0,-,-,-,-,2837.2000,2837.0000,2836.8000,2836.6000,2835.4000,2838.8000,2840.6000,2841.6000,2841.8000,2842.4000,2,2,1,1,1,3,1,1,1,5
SF,IH2006,2020-02-11 09:33:26.100,2837.4000,10436,0,189206700.000,0,-,-,-,-,2837.0000,2836.8000,2836.6000,2835.4000,2835.2000,2838.8000,2840.6000,2841.6000,2841.8000,2842.4000,2,1,1,1,1,3,1,1,1,5
SF,IH2006,2020-02-11 09:33:26.600,2837.4000,10436,0,189206700.000,0,-,-,-,-,2837.0000,2836.8000,2836.6000,2835.4000,2835.2000,2838.6000,2838.8000,2840.6000,2841.6000,2841.8000,2,1,1,1,1,2,2,1,1,1
SF,IH2006,2020-02-11 09:33:27.100,2837.4000,10436,0,189206700.000,0,-,-,-,-,2837.0000,2836.8000,2836.6000,2835.4000,2835.2000,2838.6000,2838.8000,2840.0000,2840.6000,2841.6000,2,1,1,1,1,2,2,1,1,1
SF,IH2006,2020-02-11 09:33:27.600,2837.4000,10436,0,189206700.000,0,-,-,-,-,2837.0000,2836.8000,2836.6000,2835.4000,2835.2000,2837.4000,2838.6000,2838.8000,2840.0000,2840.6000,2,1,1,1,1,1,2,2,1,1
SF,IH2006,2020-02-11 09:33:28.100,2837.0000,10434,-2,190909020.000,2,0,2,双平,S,2837.0000,2836.8000,2836.6000,2835.4000,2835.2000,2838.6000,2838.8000,2840.0000,2840.4000,2840.6000,1,1,1,1,1,1,2,1,4,1
SF,IH2006,2020-02-11 09:33:30.100,2837.0000,10434,0,190909020.000,0,-,-,-,-,2837.0000,2836.8000,2836.6000,2835.4000,2835.2000,2838.6000,2838.8000,2840.0000,2840.4000,2840.6000,1,1,1,1,1,1,2,1,4,1
SF,IH2006,2020-02-11 09:33:30.600,2837.0000,10434,0,190909020.000,0,-,-,-,-,2837.0000,2836.8000,2836.6000,2835.4000,2835.2000,2838.8000,2840.0000,2840.4000,2840.6000,2841.6000,1,1,1,1,1,2,1,4,1,1
SF,IH2006,2020-02-11 09:33:31.100,2837.0000,10434,0,190909020.000,0,-,-,-,-,2837.2000,2837.0000,2836.8000,2836.6000,2835.4000,2838.8000,2840.0000,2840.4000,2840.6000,2841.6000,1,1,1,1,1,2,1,4,1,1
SF,IH2006,2020-02-11 09:33:31.600,2837.0000,10434,0,191760120.000,1,0,1,多换,S,2837.2000,2837.0000,2836.8000,2836.6000,2835.4000,2838.8000,2840.0000,2840.4000,2840.6000,2841.6000,1,1,1,1,1,2,1,4,1,1
SF,IH2006,2020-02-11 09:33:32.600,2837.0000,10434,0,191760120.000,0,-,-,-,-,2837.2000,2837.0000,2836.8000,2836.6000,2835.4000,2838.6000,2838.8000,2840.0000,2840.4000,2840.6000,1,1,1,1,1,1,2,1,4,1
SF,IH2006,2020-02-11 09:33:33.600,2837.0000,10434,0,191760120.000,0,-,-,-,-,2837.0000,2836.8000,2836.6000,2835.4000,2835.2000,2838.6000,2838.8000,2840.0000,2840.4000,2840.6000,1,1,1,1,1,1,2,1,4,1
SF,IH2006,2020-02-11 09:33:34.600,2837.0000,10434,0,191760120.000,0,-,-,-,-,2837.0000,2836.8000,2836.6000,2835.4000,2835.2000,2837.2000,2838.6000,2838.8000,2840.0000,2840.4000,1,1,1,1,1,1,1,2,1,4
SF,IH2006,2020-02-11 09:33:35.100,2837.0000,10432,-2,193462380.000,2,0,2,双平,S,2836.8000,2836.6000,2835.4000,2835.2000,2835.0000,2837.0000,2838.6000,2838.8000,2840.0000,2840.4000,1,1,1,1,6,1,1,2,1,4
SF,IH2006,2020-02-11 09:33:35.600,2836.8000,10431,-1,195164520.000,2,0,2,多平,S,2836.6000,2835.4000,2835.2000,2835.0000,2834.4000,2838.6000,2838.8000,2840.0000,2840.4000,2840.6000,1,1,1,6,1,1,2,1,4,1
SF,IH2006,2020-02-11 09:33:36.100,2836.8000,10431,0,195164520.000,0,-,-,-,-,2836.6000,2835.4000,2835.2000,2835.0000,2834.4000,2838.4000,2838.6000,2838.8000,2840.0000,2840.4000,1,1,1,6,1,1,1,2,1,4
SF,IH2006,2020-02-11 09:33:36.600,2836.8000,10431,0,195164520.000,0,-,-,-,-,2835.4000,2835.2000,2835.0000,2834.4000,2831.0000,2838.2000,2838.4000,2838.6000,2838.8000,2840.0000,1,1,6,1,4,1,1,1,2,1
SF,IH2006,2020-02-11 09:33:37.100,2836.8000,10431,0,195164520.000,0,-,-,-,-,2835.6000,2835.4000,2835.2000,2835.0000,2834.4000,2837.2000,2838.2000,2838.4000,2838.6000,2838.8000,1,1,1,6,1,1,1,1,1,2
SF,IH2006,2020-02-11 09:33:37.600,2836.8000,10431,0,195164520.000,0,-,-,-,-,2835.6000,2835.4000,2835.2000,2835.0000,2834.4000,2837.2000,2838.4000,2838.6000,2838.8000,2840.0000,1,1,1,6,1,1,1,1,2,1
SF,IH2006,2020-02-11 09:33:38.100,2836.8000,10431,0,195164520.000,0,-,-,-,-,2835.6000,2835.4000,2835.2000,2835.0000,2834.4000,2837.0000,2837.2000,2838.4000,2838.6000,2838.8000,1,1,1,6,1,1,1,1,1,2
SF,IH2006,2020-02-11 09:33:40.100,2836.8000,10431,0,195164520.000,0,-,-,-,-,2835.4000,2835.2000,2835.0000,2834.4000,2831.0000,2836.8000,2837.0000,2837.2000,2838.4000,2838.6000,1,1,6,1,4,1,1,1,1,1
SF,IH2006,2020-02-11 09:33:41.100,2836.8000,10431,0,195164520.000,0,-,-,-,-,2835.4000,2835.2000,2835.0000,2834.4000,2831.0000,2836.6000,2837.2000,2838.4000,2838.6000,2838.8000,1,1,6,1,4,3,1,1,1,2
SF,IH2006,2020-02-11 09:33:41.600,2835.4000,10430,-1,196015140.000,1,0,1,双平,S,2835.2000,2835.0000,2831.0000,2830.8000,2830.6000,2836.6000,2836.8000,2837.2000,2838.4000,2838.6000,1,6,4,1,1,3,1,1,1,1
SF,IH2006,2020-02-11 09:33:42.100,2835.0000,10429,-1,198566700.000,3,1,2,多平,S,2835.0000,2831.0000,2830.8000,2830.6000,2830.0000,2835.2000,2836.4000,2836.6000,2836.8000,2837.2000,4,4,1,1,11,2,1,2,1,1
SF,IH2006,2020-02-11 09:33:42.600,2835.0000,10427,-2,201968700.000,4,1,3,多平,S,2831.0000,2830.8000,2830.6000,2830.0000,2828.0000,2834.8000,2835.0000,2835.2000,2836.2000,2836.8000,4,1,1,11,10,2,1,2,1,1
SF,IH2006,2020-02-11 09:33:43.100,2835.0000,10427,0,201968700.000,0,-,-,-,-,2831.4000,2831.2000,2831.0000,2830.8000,2830.6000,2834.8000,2835.0000,2835.2000,2836.2000,2836.8000,2,1,4,1,1,2,1,2,1,1
SF,IH2006,2020-02-11 09:33:43.600,2835.0000,10427,0,201968700.000,0,-,-,-,-,2831.6000,2831.4000,2831.0000,2830.8000,2830.6000,2834.8000,2835.0000,2835.2000,2836.8000,2837.2000,1,2,4,1,1,2,1,2,1,1
SF,IH2006,2020-02-11 09:33:44.100,2835.0000,10427,0,201968700.000,0,-,-,-,-,2832.0000,2831.6000,2831.0000,2830.8000,2830.6000,2834.8000,2835.0000,2835.2000,2836.8000,2837.2000,2,1,4,1,1,2,1,2,1,1
SF,IH2006,2020-02-11 09:33:44.600,2835.0000,10427,0,201968700.000,0,-,-,-,-,2832.2000,2832.0000,2831.0000,2830.8000,2830.6000,2834.8000,2835.0000,2835.2000,2836.8000,2837.2000,1,2,4,1,1,2,1,2,1,1
SF,IH2006,2020-02-11 09:33:45.100,2835.0000,10427,0,201968700.000,0,-,-,-,-,2832.6000,2832.4000,2832.2000,2831.0000,2830.8000,2834.8000,2835.0000,2835.2000,2836.8000,2837.2000,1,1,1,4,1,2,1,2,1,1
SF,IH2006,2020-02-11 09:33:45.600,2835.0000,10427,0,201968700.000,0,-,-,-,-,2833.0000,2832.8000,2831.0000,2830.8000,2830.6000,2834.8000,2835.0000,2835.2000,2836.8000,2837.2000,1,2,4,1,1,2,1,2,1,1
SF,IH2006,2020-02-11 09:33:46.100,2834.8000,10427,0,202819140.000,1,0,1,多换,S,2833.2000,2831.0000,2830.8000,2830.6000,2830.0000,2834.8000,2835.0000,2835.2000,2836.8000,2837.2000,4,4,1,1,11,1,1,2,1,1
SF,IH2006,2020-02-11 09:33:47.100,2833.2000,10427,0,203669100.000,1,0,1,多换,S,2833.2000,2831.0000,2830.8000,2830.6000,2830.0000,2834.8000,2835.0000,2835.2000,2836.8000,2837.2000,3,4,1,1,11,1,1,1,1,1
SF,IH2006,2020-02-11 09:33:47.600,2833.2000,10427,0,203669100.000,0,-,-,-,-,2833.4000,2833.2000,2831.0000,2830.8000,2830.6000,2834.8000,2835.0000,2835.2000,2836.8000,2837.2000,1,3,4,1,1,1,1,1,1,1
SF,IH2006,2020-02-11 09:33:48.100,2833.2000,10427,0,203669100.000,0,-,-,-,-,2833.4000,2833.2000,2831.0000,2830.8000,2830.6000,2834.8000,2835.0000,2835.2000,2836.8000,2837.2000,1,1,4,1,1,1,1,1,1,1
SF,IH2006,2020-02-11 09:33:49.100,2833.2000,10427,0,203669100.000,0,-,-,-,-,2833.6000,2833.4000,2833.2000,2831.0000,2830.8000,2834.8000,2835.0000,2835.2000,2836.8000,2837.2000,1,1,1,4,1,1,1,1,1,1
SF,IH2006,2020-02-11 09:33:49.600,2833.2000,10427,0,203669100.000,0,-,-,-,-,2833.4000,2833.2000,2831.0000,2830.8000,2830.6000,2834.8000,2835.0000,2835.2000,2836.8000,2837.2000,1,1,4,1,1,1,1,1,1,1
SF,IH2006,2020-02-11 09:33:50.100,2833.2000,10427,0,203669100.000,0,-,-,-,-,2833.2000,2831.0000,2830.8000,2830.6000,2830.2000,2834.6000,2834.8000,2835.0000,2835.2000,2836.8000,1,4,1,1,1,1,1,1,1,1
SF,IH2006,2020-02-11 09:33:50.600,2833.2000,10427,0,203669100.000,0,-,-,-,-,2833.2000,2831.0000,2830.8000,2830.6000,2830.2000,2834.4000,2834.8000,2835.0000,2835.2000,2836.8000,1,4,1,1,1,1,1,1,1,1
SF,IH2006,2020-02-11 09:33:51.100,2833.2000,10427,0,203669100.000,0,-,-,-,-,2831.0000,2830.8000,2830.6000,2830.2000,2830.0000,2834.2000,2834.4000,2834.8000,2835.0000,2835.2000,4,1,1,1,11,1,1,1,1,1
SF,IH2006,2020-02-11 09:33:51.600,2833.2000,10427,0,203669100.000,0,-,-,-,-,2831.4000,2831.2000,2831.0000,2830.8000,2830.6000,2834.4000,2834.8000,2835.0000,2835.2000,2836.8000,2,2,4,1,1,1,1,1,1,1
SF,IH2006,2020-02-11 09:33:52.100,2833.2000,10427,0,203669100.000,0,-,-,-,-,2831.8000,2831.6000,2831.4000,2831.0000,2830.8000,2834.8000,2835.0000,2835.2000,2836.8000,2837.2000,1,2,2,4,1,1,1,1,1,1
SF,IH2006,2020-02-11 09:33:52.600,2833.2000,10427,0,203669100.000,0,-,-,-,-,2832.2000,2832.0000,2831.8000,2831.0000,2830.8000,2834.8000,2835.0000,2835.2000,2836.8000,2837.2000,3,3,1,4,1,1,1,1,1,1
SF,IH2006,2020-02-11 09:33:53.100,2833.2000,10427,0,203669100.000,0,-,-,-,-,2832.4000,2832.2000,2832.0000,2831.8000,2831.0000,2834.8000,2835.0000,2835.2000,2836.8000,2837.2000,2,2,1,1,4,1,1,1,1,1
SF,IH2006,2020-02-11 09:33:53.600,2833.2000,10427,0,203669100.000,0,-,-,-,-,2832.6000,2832.4000,2831.0000,2830.8000,2830.6000,2834.8000,2835.0000,2835.2000,2836.8000,2837.2000,3,2,4,1,1,1,1,1,1,1
SF,IH2006,2020-02-11 09:33:54.100,2833.2000,10427,0,203669100.000,0,-,-,-,-,2833.0000,2832.8000,2832.6000,2831.0000,2830.8000,2834.6000,2834.8000,2835.0000,2835.2000,2836.8000,1,2,4,4,1,1,1,1,1,1
SF,IH2006,2020-02-11 09:33:54.600,2833.2000,10427,0,203669100.000,0,-,-,-,-,2833.2000,2833.0000,2832.8000,2832.6000,2831.0000,2834.6000,2834.8000,2835.0000,2835.2000,2836.8000,3,1,1,1,4,1,1,1,1,1
SF,IH2006,2020-02-11 09:33:55.100,2834.6000,10426,-1,204519480.000,1,0,1,双平,S,2833.4000,2833.2000,2832.8000,2832.6000,2831.0000,2835.0000,2835.2000,2836.8000,2837.2000,2838.4000,4,3,1,1,4,1,1,1,1,1
SF,IH2006,2020-02-11 09:33:55.600,2834.6000,10426,0,204519480.000,0,-,-,-,-,2833.6000,2833.4000,2833.2000,2832.8000,2831.0000,2835.0000,2835.2000,2836.8000,2837.2000,2838.4000,1,4,2,1,4,1,1,1,1,1
SF,IH2006,2020-02-11 09:33:56.100,2834.6000,10426,0,204519480.000,0,-,-,-,-,2833.6000,2833.4000,2832.8000,2831.0000,2830.8000,2834.8000,2835.0000,2835.2000,2836.8000,2837.2000,1,1,1,4,1,1,1,1,1,1
SF,IH2006,2020-02-11 09:33:56.600,2834.6000,10426,0,204519480.000,0,-,-,-,-,2833.6000,2833.4000,2832.8000,2831.0000,2830.8000,2834.8000,2835.0000,2835.2000,2836.8000,2837.2000,2,1,1,4,1,1,1,1,1,1
SF,IH2006,2020-02-11 09:33:58.100,2834.6000,10426,0,204519480.000,0,-,-,-,-,2833.6000,2833.4000,2832.8000,2831.0000,2830.8000,2834.8000,2835.0000,2835.2000,2836.8000,2837.2000,1,1,1,4,1,1,1,1,1,1
SF,IH2006,2020-02-11 09:33:58.600,2834.6000,10426,0,204519480.000,0,-,-,-,-,2833.6000,2833.4000,2832.8000,2831.0000,2830.8000,2834.8000,2835.0000,2835.2000,2836.8000,2837.2000,1,1,1,4,1,1,1,1,1,1
SF,IH2006,2020-02-11 09:33:59.100,2834.6000,10426,0,204519480.000,0,-,-,-,-,2833.6000,2833.4000,2832.8000,2831.0000,2830.8000,2834.8000,2835.0000,2835.2000,2836.8000,2837.2000,1,1,1,4,1,1,2,1,1,1
SF,IH2006,2020-02-11 09:34:01.100,2834.6000,10426,0,204519480.000,0,-,-,-,-,2834.0000,2833.6000,2833.4000,2832.8000,2831.0000,2834.8000,2835.0000,2835.2000,2835.8000,2836.8000,1,1,1,1,4,1,2,1,2,1
SF,IH2006,2020-02-11 09:34:01.600,2834.8000,10424,-2,206220300.000,2,0,2,双平,S,2834.8000,2834.0000,2833.6000,2833.4000,2831.0000,2835.0000,2835.2000,2835.8000,2836.8000,2837.2000,1,1,1,1,4,2,1,2,1,1
SF,IH2006,2020-02-11 09:34:02.100,2835.2000,10421,-3,208771800.000,3,0,3,双平,S,2834.0000,2833.8000,2833.6000,2833.4000,2831.0000,2835.8000,2836.8000,2837.2000,2838.0000,2838.4000,1,1,1,1,4,2,1,1,1,1
SF,IH2006,2020-02-11 09:34:02.600,2835.2000,10421,0,208771800.000,0,-,-,-,-,2834.2000,2834.0000,2833.8000,2833.6000,2833.4000,2835.6000,2835.8000,2836.8000,2837.2000,2838.0000,3,1,1,1,1,1,2,1,1,1
SF,IH2006,2020-02-11 09:34:03.100,2835.2000,10421,0,208771800.000,0,-,-,-,-,2834.4000,2834.2000,2834.0000,2833.8000,2833.4000,2835.6000,2835.8000,2836.8000,2837.2000,2838.0000,4,1,1,1,1,1,2,1,1,1
SF,IH2006,2020-02-11 09:34:03.600,2834.4000,10419,-2,210472440.000,2,0,2,双平,S,2834.4000,2834.2000,2834.0000,2833.8000,2833.4000,2835.6000,2835.8000,2836.8000,2837.2000,2838.0000,2,1,1,1,1,1,2,1,1,1
SF,IH2006,2020-02-11 09:34:04.100,2834.4000,10419,0,210472440.000,0,-,-,-,-,2834.6000,2834.4000,2834.0000,2833.8000,2833.4000,2835.6000,2835.8000,2836.8000,2837.2000,2838.0000,1,2,1,1,1,1,2,1,1,1
SF,IH2006,2020-02-11 09:34:05.100,2834.4000,10418,-1,211322760.000,1,0,1,双平,S,2834.4000,2834.0000,2833.8000,2833.4000,2831.0000,2835.6000,2835.8000,2836.8000,2837.2000,2838.0000,1,1,1,1,4,1,2,1,1,2
SF,IH2006,2020-02-11 09:34:06.100,2834.4000,10418,0,211322760.000,0,-,-,-,-,2834.4000,2834.0000,2833.8000,2833.4000,2833.0000,2835.6000,2835.8000,2836.8000,2837.2000,2838.0000,1,1,1,1,1,1,2,1,1,2
SF,IH2006,2020-02-11 09:34:06.600,2834.4000,10418,0,211322760.000,0,-,-,-,-,2834.0000,2833.8000,2833.4000,2833.0000,2831.0000,2835.6000,2835.8000,2836.8000,2837.2000,2838.0000,1,1,1,1,4,1,2,1,1,2
SF,IH2006,2020-02-11 09:34:07.100,2834.4000,10418,0,211322760.000,0,-,-,-,-,2834.0000,2833.8000,2833.4000,2833.0000,2831.0000,2835.8000,2836.8000,2837.2000,2838.0000,2838.4000,1,1,1,1,4,2,1,1,2,1
SF,IH2006,2020-02-11 09:34:07.600,2834.4000,10418,0,211322760.000,0,-,-,-,-,2834.2000,2834.0000,2833.8000,2833.4000,2833.0000,2835.6000,2835.8000,2836.8000,2837.2000,2838.0000,1,1,1,1,1,2,2,1,1,2
SF,IH2006,2020-02-11 09:34:08.100,2834.4000,10418,0,211322760.000,0,-,-,-,-,2834.2000,2834.0000,2833.8000,2833.4000,2833.0000,2835.4000,2835.8000,2836.8000,2837.2000,2838.0000,1,1,1,1,1,2,2,1,1,2
SF,IH2006,2020-02-11 09:34:08.600,2834.4000,10418,0,211322760.000,0,-,-,-,-,2834.4000,2834.0000,2833.8000,2833.4000,2833.0000,2835.4000,2835.8000,2836.8000,2837.2000,2838.0000,1,1,1,1,1,2,2,1,1,2
SF,IH2006,2020-02-11 09:34:09.100,2834.4000,10418,0,211322760.000,0,-,-,-,-,2834.4000,2834.0000,2833.8000,2833.4000,2833.0000,2835.2000,2835.8000,2836.8000,2837.2000,2838.0000,1,1,1,1,1,2,2,1,1,2
SF,IH2006,2020-02-11 09:34:11.100,2835.2000,10416,-2,213023880.000,2,0,2,双平,S,2834.4000,2834.0000,2833.8000,2833.4000,2833.0000,2835.8000,2836.8000,2837.2000,2838.0000,2838.4000,1,1,1,1,1,2,1,1,2,1
SF,IH2006,2020-02-11 09:34:11.600,2835.2000,10416,0,213023880.000,0,-,-,-,-,2834.6000,2834.4000,2834.0000,2833.8000,2833.4000,2835.8000,2836.8000,2837.2000,2838.0000,2838.4000,3,1,1,1,1,2,1,1,2,1
SF,IH2006,2020-02-11 09:34:12.600,2835.2000,10416,0,213023880.000,0,-,-,-,-,2834.6000,2834.0000,2833.8000,2833.4000,2833.0000,2835.8000,2836.8000,2837.2000,2838.0000,2838.4000,3,1,1,1,1,2,1,1,2,1
SF,IH2006,2020-02-11 09:34:13.100,2835.2000,10416,0,213023880.000,0,-,-,-,-,2834.6000,2834.0000,2833.8000,2833.4000,2833.0000,2835.8000,2836.8000,2837.2000,2838.0000,2838.4000,2,1,1,1,1,2,1,1,2,1
SF,IH2006,2020-02-11 09:34:13.600,2834.6000,10415,-1,213874260.000,1,0,1,双平,S,2834.6000,2834.0000,2833.8000,2833.4000,2833.0000,2835.8000,2836.8000,2837.2000,2838.0000,2838.4000,1,1,1,1,1,2,1,1,2,1
SF,IH2006,2020-02-11 09:34:14.100,2834.6000,10415,0,213874260.000,0,-,-,-,-,2834.6000,2833.8000,2833.4000,2833.0000,2831.0000,2835.8000,2836.8000,2837.2000,2838.0000,2838.4000,1,1,1,1,4,2,1,1,2,1
SF,IH2006,2020-02-11 09:34:15.600,2834.6000,10415,0,213874260.000,0,-,-,-,-,2833.8000,2833.4000,2833.0000,2831.0000,2830.8000,2834.6000,2835.8000,2836.8000,2837.2000,2838.0000,1,1,1,4,1,1,2,1,1,2
SF,IH2006,2020-02-11 09:34:16.100,2834.6000,10415,0,213874260.000,0,-,-,-,-,2833.8000,2833.4000,2833.0000,2831.0000,2830.8000,2834.6000,2835.8000,2836.8000,2837.2000,2838.0000,1,1,1,4,1,1,2,1,1,2
SF,IH2006,2020-02-11 09:34:16.600,2833.8000,10415,0,214724400.000,1,0,1,多换,S,2833.4000,2833.0000,2831.0000,2830.8000,2830.6000,2834.6000,2835.0000,2835.8000,2836.8000,2837.2000,1,1,4,1,1,1,1,2,1,1
SF,IH2006,2020-02-11 09:34:20.100,2833.4000,10414,-1,215574420.000,1,0,1,双平,S,2833.0000,2831.0000,2830.8000,2830.6000,2830.2000,2833.4000,2834.6000,2835.0000,2835.8000,2836.8000,1,4,1,1,1,1,1,1,2,1
SF,IH2006,2020-02-11 09:34:20.600,2833.4000,10413,-1,216424440.000,1,0,1,双平,S,2833.0000,2831.0000,2830.8000,2830.6000,2830.2000,2834.6000,2835.0000,2835.8000,2836.8000,2837.2000,1,4,1,1,1,1,1,2,1,1
SF,IH2006,2020-02-11 09:34:21.100,2833.4000,10413,0,216424440.000,0,-,-,-,-,2833.0000,2831.0000,2830.8000,2830.6000,2830.2000,2834.4000,2834.6000,2835.0000,2835.8000,2836.8000,1,4,1,1,1,1,1,1,2,1
SF,IH2006,2020-02-11 09:34:21.600,2833.4000,10413,0,216424440.000,0,-,-,-,-,2833.0000,2831.0000,2830.8000,2830.6000,2830.2000,2834.2000,2834.4000,2834.6000,2835.0000,2835.8000,1,4,1,1,1,1,1,1,1,2
SF,IH2006,2020-02-11 09:34:22.100,2833.0000,10413,0,217274340.000,1,0,1,多换,S,2831.0000,2830.8000,2830.6000,2830.2000,2830.0000,2834.2000,2834.4000,2834.6000,2835.0000,2835.8000,4,1,1,1,12,1,1,1,1,2
SF,IH2006,2020-02-11 09:34:22.600,2833.0000,10413,0,217274340.000,0,-,-,-,-,2831.2000,2831.0000,2830.8000,2830.6000,2830.2000,2834.0000,2834.2000,2834.6000,2835.0000,2835.8000,3,4,1,1,1,1,1,1,1,2
SF,IH2006,2020-02-11 09:34:23.100,2833.0000,10413,0,217274340.000,0,-,-,-,-,2831.2000,2831.0000,2830.8000,2830.6000,2830.2000,2834.0000,2834.2000,2834.6000,2835.0000,2835.8000,1,4,1,1,1,1,1,1,1,2
SF,IH2006,2020-02-11 09:34:23.600,2833.0000,10413,0,217274340.000,0,-,-,-,-,2831.2000,2831.0000,2830.8000,2830.6000,2830.2000,2834.0000,2834.2000,2834.6000,2835.0000,2835.8000,1,4,1,1,1,1,1,1,1,2
SF,IH2006,2020-02-11 09:34:24.100,2833.0000,10413,0,217274340.000,0,-,-,-,-,2831.2000,2831.0000,2830.8000,2830.6000,2830.2000,2834.0000,2834.2000,2834.6000,2835.0000,2835.8000,1,4,1,1,1,1,1,1,1,2
SF,IH2006,2020-02-11 09:34:24.600,2833.0000,10413,0,217274340.000,0,-,-,-,-,2831.2000,2831.0000,2830.8000,2830.6000,2830.2000,2833.8000,2834.0000,2834.2000,2834.6000,2835.0000,1,4,1,1,1,1,1,1,1,1
SF,IH2006,2020-02-11 09:34:25.100,2833.0000,10413,0,217274340.000,0,-,-,-,-,2831.2000,2831.0000,2830.8000,2830.6000,2830.2000,2833.4000,2833.6000,2833.8000,2834.6000,2835.0000,1,4,1,1,1,1,1,1,1,1
SF,IH2006,2020-02-11 09:34:25.600,2833.0000,10413,0,217274340.000,0,-,-,-,-,2831.2000,2831.0000,2830.8000,2830.6000,2830.2000,2833.0000,2833.2000,2834.6000,2835.0000,2835.8000,1,4,1,1,1,1,1,1,1,2
SF,IH2006,2020-02-11 09:34:26.100,2833.0000,10413,0,217274340.000,0,-,-,-,-,2831.0000,2830.8000,2830.6000,2830.2000,2830.0000,2832.8000,2834.6000,2835.0000,2835.8000,2836.8000,4,1,1,1,12,2,1,1,2,1
SF,IH2006,2020-02-11 09:34:26.600,2833.0000,10413,0,217274340.000,0,-,-,-,-,2831.2000,2831.0000,2830.8000,2830.6000,2830.2000,2834.6000,2835.0000,2835.8000,2836.8000,2838.0000,1,4,1,1,1,1,1,2,1,2
SF,IH2006,2020-02-11 09:34:27.100,2833.0000,10413,0,217274340.000,0,-,-,-,-,2831.0000,2830.8000,2830.6000,2830.2000,2830.0000,2833.8000,2834.0000,2834.4000,2834.6000,2835.0000,4,1,1,1,12,1,1,2,1,1
SF,IH2006,2020-02-11 09:34:27.600,2833.0000,10413,0,217274340.000,0,-,-,-,-,2831.2000,2831.0000,2830.8000,2830.6000,2830.2000,2833.6000,2834.0000,2834.4000,2834.6000,2835.0000,1,4,1,1,1,1,1,1,1,1
SF,IH2006,2020-02-11 09:34:28.600,2833.0000,10413,0,217274340.000,0,-,-,-,-,2831.0000,2830.8000,2830.6000,2830.2000,2830.0000,2833.6000,2834.0000,2834.6000,2835.0000,2835.8000,4,1,1,1,12,2,1,1,1,2
SF,IH2006,2020-02-11 09:34:29.100,2833.0000,10413,0,217274340.000,0,-,-,-,-,2831.2000,2831.0000,2830.8000,2830.6000,2830.2000,2833.2000,2833.6000,2834.6000,2835.0000,2835.8000,1,4,1,1,1,1,1,1,1,2
SF,IH2006,2020-02-11 09:34:29.600,2833.0000,10413,0,217274340.000,0,-,-,-,-,2831.4000,2831.2000,2831.0000,2830.8000,2830.6000,2833.2000,2833.6000,2834.6000,2835.0000,2835.8000,1,1,4,1,1,1,1,1,1,2
SF,IH2006,2020-02-11 09:34:30.100,2833.0000,10413,0,217274340.000,0,-,-,-,-,2831.6000,2831.4000,2831.2000,2831.0000,2830.8000,2833.2000,2833.6000,2834.6000,2835.0000,2835.8000,1,1,1,4,1,1,1,1,1,2
SF,IH2006,2020-02-11 09:34:30.600,2833.0000,10413,0,217274340.000,0,-,-,-,-,2831.6000,2831.4000,2831.0000,2830.8000,2830.6000,2833.0000,2833.2000,2834.6000,2835.0000,2835.8000,1,1,4,1,1,1,1,1,1,2
SF,IH2006,2020-02-11 09:34:31.100,2833.0000,10413,0,217274340.000,0,-,-,-,-,2831.6000,2831.4000,2831.0000,2830.8000,2830.6000,2833.0000,2834.6000,2835.0000,2835.8000,2836.8000,1,1,5,1,1,1,1,1,2,1
SF,IH2006,2020-02-11 09:34:31.600,2833.0000,10413,0,217274340.000,0,-,-,-,-,2831.6000,2831.4000,2831.0000,2830.8000,2830.6000,2832.8000,2833.0000,2834.6000,2835.0000,2835.8000,1,1,5,1,1,1,1,1,1,2
SF,IH2006,2020-02-11 09:34:32.100,2833.0000,10413,0,217274340.000,0,-,-,-,-,2831.0000,2830.8000,2830.6000,2830.2000,2830.0000,2832.6000,2832.8000,2834.6000,2835.0000,2835.8000,5,1,1,1,12,1,1,1,1,2
SF,IH2006,2020-02-11 09:34:33.600,2833.0000,10413,0,217274340.000,0,-,-,-,-,2831.0000,2830.8000,2830.6000,2830.2000,2830.0000,2832.4000,2832.6000,2832.8000,2834.6000,2835.0000,5,1,1,1,12,1,1,1,1,1
SF,IH2006,2020-02-11 09:34:34.100,2833.0000,10413,0,217274340.000,0,-,-,-,-,2831.0000,2830.8000,2830.6000,2830.2000,2830.0000,2832.2000,2832.4000,2832.6000,2834.6000,2835.0000,5,1,1,1,12,1,1,1,1,1
SF,IH2006,2020-02-11 09:34:34.600,2833.0000,10413,0,217274340.000,0,-,-,-,-,2831.8000,2831.0000,2830.8000,2830.6000,2830.2000,2832.2000,2832.4000,2832.6000,2835.0000,2835.8000,1,5,1,1,1,1,1,1,1,2
SF,IH2006,2020-02-11 09:34:35.100,2832.0000,10412,-1,218973480.000,2,0,2,多平,S,2831.0000,2830.8000,2830.6000,2830.2000,2830.0000,2832.2000,2832.4000,2832.6000,2835.0000,2835.8000,5,1,1,1,12,1,1,1,1,2
SF,IH2006,2020-02-11 09:34:35.600,2832.4000,10411,-1,220672860.000,2,0,2,多平,S,2831.0000,2830.8000,2830.6000,2830.2000,2830.0000,2832.6000,2835.0000,2835.8000,2838.0000,2838.8000,5,1,1,1,12,1,1,2,2,2
SF,IH2006,2020-02-11 09:34:36.100,2832.6000,10410,-1,222372420.000,2,0,2,多平,S,2831.2000,2831.0000,2830.8000,2830.6000,2830.2000,2832.8000,2835.0000,2835.8000,2838.0000,2838.8000,3,5,1,1,1,1,1,2,2,2
SF,IH2006,2020-02-11 09:34:36.600,2832.6000,10410,0,222372420.000,0,-,-,-,-,2831.2000,2831.0000,2830.8000,2830.6000,2830.2000,2832.8000,2835.0000,2835.8000,2838.0000,2838.8000,4,5,1,1,1,1,1,2,2,2
SF,IH2006,2020-02-11 09:34:37.100,2832.6000,10410,0,222372420.000,0,-,-,-,-,2831.4000,2831.2000,2831.0000,2830.8000,2830.6000,2832.8000,2835.0000,2835.8000,2838.0000,2838.8000,1,3,5,1,1,1,1,2,2,2
SF,IH2006,2020-02-11 09:34:37.600,2832.8000,10409,-1,223222260.000,1,0,1,双平,S,2831.6000,2831.4000,2831.0000,2830.8000,2830.6000,2835.0000,2835.8000,2838.0000,2838.8000,2840.0000,3,1,5,1,1,1,2,2,2,2
SF,IH2006,2020-02-11 09:34:38.100,2832.8000,10409,0,223222260.000,0,-,-,-,-,2831.8000,2831.6000,2831.4000,2831.0000,2830.8000,2834.2000,2834.6000,2835.0000,2835.8000,2838.0000,1,1,1,5,1,1,1,1,2,2
SF,IH2006,2020-02-11 09:34:38.600,2832.8000,10409,0,223222260.000,0,-,-,-,-,2832.0000,2831.8000,2831.6000,2831.4000,2831.0000,2834.2000,2834.6000,2835.0000,2835.8000,2838.0000,1,1,1,1,5,1,1,1,2,2
SF,IH2006,2020-02-11 09:34:39.100,2832.8000,10409,0,223222260.000,0,-,-,-,-,2832.2000,2832.0000,2831.4000,2831.0000,2830.8000,2834.2000,2835.0000,2835.8000,2838.0000,2838.8000,2,1,1,5,1,1,1,2,2,2
SF,IH2006,2020-02-11 09:34:39.600,2832.8000,10409,0,223222260.000,0,-,-,-,-,2832.4000,2832.2000,2832.0000,2831.0000,2830.8000,2834.2000,2835.0000,2835.8000,2838.0000,2838.8000,1,3,1,5,1,1,1,2,2,2
SF,IH2006,2020-02-11 09:34:40.100,2832.8000,10409,0,223222260.000,0,-,-,-,-,2832.6000,2832.4000,2832.2000,2832.0000,2831.0000,2835.0000,2835.8000,2838.0000,2838.8000,2840.0000,1,1,2,1,5,1,2,2,2,2
SF,IH2006,2020-02-11 09:34:40.600,2832.8000,10409,0,223222260.000,0,-,-,-,-,2832.8000,2832.6000,2832.4000,2832.2000,2832.0000,2834.6000,2835.0000,2835.8000,2838.0000,2838.8000,1,1,1,2,1,1,1,2,2,2
SF,IH2006,2020-02-11 09:34:41.100,2832.8000,10409,0,223222260.000,0,-,-,-,-,2833.0000,2832.8000,2832.4000,2832.2000,2832.0000,2835.0000,2835.8000,2838.0000,2838.8000,2840.0000,3,1,1,1,1,1,2,2,2,2
SF,IH2006,2020-02-11 09:34:41.600,2832.8000,10409,0,224921940.000,2,1,1,多换,S,2833.0000,2832.8000,2832.4000,2832.2000,2832.0000,2835.0000,2835.8000,2838.0000,2838.8000,2840.0000,3,1,1,1,1,1,2,2,2,2
SF,IH2006,2020-02-11 09:34:42.100,2832.8000,10409,0,224921940.000,0,-,-,-,-,2833.2000,2833.0000,2832.8000,2832.4000,2831.0000,2835.0000,2835.8000,2838.0000,2838.8000,2840.0000,1,3,1,1,5,1,2,2,2,2
SF,IH2006,2020-02-11 09:34:42.600,2832.8000,10409,0,224921940.000,0,-,-,-,-,2833.4000,2833.2000,2832.8000,2832.4000,2831.0000,2835.0000,2835.8000,2838.0000,2838.8000,2840.0000,1,2,1,1,5,1,2,2,2,2
SF,IH2006,2020-02-11 09:34:43.100,2832.8000,10409,0,224921940.000,0,-,-,-,-,2833.4000,2833.2000,2832.8000,2831.0000,2830.8000,2834.8000,2835.0000,2835.8000,2838.0000,2838.8000,1,2,1,5,1,1,1,2,2,2
SF,IH2006,2020-02-11 09:34:43.600,2832.8000,10409,0,224921940.000,0,-,-,-,-,2833.6000,2833.4000,2833.2000,2832.8000,2831.0000,2834.8000,2835.0000,2835.8000,2838.0000,2838.8000,2,1,1,1,5,1,1,2,2,2
SF,IH2006,2020-02-11 09:34:44.100,2832.8000,10409,0,224921940.000,0,-,-,-,-,2833.6000,2833.4000,2833.2000,2831.0000,2830.8000,2834.8000,2835.0000,2835.8000,2838.0000,2838.8000,2,1,1,5,1,1,1,2,2,2
SF,IH2006,2020-02-11 09:34:45.100,2832.8000,10409,0,224921940.000,0,-,-,-,-,2833.6000,2833.4000,2831.0000,2830.8000,2830.6000,2834.8000,2835.0000,2835.8000,2837.0000,2838.0000,2,1,5,1,1,1,1,2,2,2
SF,IH2006,2020-02-11 09:34:45.600,2832.8000,10409,0,224921940.000,0,-,-,-,-,2833.6000,2833.4000,2831.0000,2830.8000,2830.6000,2834.6000,2834.8000,2835.0000,2835.8000,2837.0000,2,1,5,1,1,1,1,1,2,2
SF,IH2006,2020-02-11 09:34:46.100,2832.8000,10409,0,224921940.000,0,-,-,-,-,2831.0000,2830.8000,2830.6000,2830.2000,2830.0000,2834.6000,2835.0000,2835.8000,2837.0000,2838.0000,5,1,1,1,12,1,1,2,2,2
SF,IH2006,2020-02-11 09:34:46.600,2832.8000,10409,0,224921940.000,0,-,-,-,-,2831.4000,2831.2000,2831.0000,2830.8000,2830.6000,2835.0000,2835.8000,2837.0000,2838.0000,2838.8000,2,4,5,1,1,1,2,2,2,2
SF,IH2006,2020-02-11 09:34:47.100,2832.8000,10409,0,224921940.000,0,-,-,-,-,2832.0000,2831.6000,2831.4000,2831.2000,2831.0000,2834.8000,2835.0000,2835.8000,2837.0000,2838.0000,1,2,2,2,5,1,1,2,2,2
SF,IH2006,2020-02-11 09:34:47.600,2832.8000,10409,0,224921940.000,0,-,-,-,-,2832.2000,2832.0000,2831.8000,2831.2000,2831.0000,2835.0000,2835.8000,2837.0000,2838.0000,2838.8000,4,1,1,2,5,1,2,2,2,2
SF,IH2006,2020-02-11 09:34:48.100,2832.8000,10409,0,224921940.000,0,-,-,-,-,2832.4000,2832.2000,2831.0000,2830.8000,2830.6000,2833.8000,2834.8000,2835.0000,2835.8000,2837.0000,1,4,5,1,1,1,2,1,2,2
SF,IH2006,2020-02-11 09:34:48.600,2832.8000,10409,0,224921940.000,0,-,-,-,-,2832.6000,2832.4000,2832.2000,2831.0000,2830.8000,2833.8000,2834.8000,2835.0000,2835.8000,2837.0000,4,1,3,5,1,1,2,1,2,2
SF,IH2006,2020-02-11 09:34:49.100,2833.0000,10410,1,225771840.000,1,1,0,双开,S,2832.6000,2832.4000,2832.2000,2831.0000,2830.8000,2833.8000,2835.0000,2835.8000,2837.0000,2838.0000,4,1,3,5,1,1,1,2,2,2
SF,IH2006,2020-02-11 09:34:49.600,2833.0000,10410,0,225771840.000,0,-,-,-,-,2832.6000,2832.2000,2831.0000,2830.8000,2830.6000,2833.8000,2835.0000,2835.8000,2837.0000,2838.0000,2,1,5,1,1,2,1,2,2,2
SF,IH2006,2020-02-11 09:34:50.600,2833.0000,10410,0,225771840.000,0,-,-,-,-,2832.2000,2831.0000,2830.8000,2830.6000,2830.2000,2833.8000,2835.0000,2835.8000,2837.0000,2838.0000,1,5,2,1,1,2,1,2,2,2
SF,IH2006,2020-02-11 09:34:51.100,2833.0000,10410,0,225771840.000,0,-,-,-,-,2831.0000,2830.8000,2830.6000,2830.2000,2830.0000,2833.8000,2835.0000,2835.8000,2837.0000,2838.0000,5,2,1,1,12,2,1,2,2,2
SF,IH2006,2020-02-11 09:34:51.600,2833.0000,10410,0,225771840.000,0,-,-,-,-,2831.4000,2831.2000,2831.0000,2830.8000,2830.6000,2833.6000,2833.8000,2835.0000,2835.8000,2837.0000,2,1,5,2,1,1,2,1,2,2
SF,IH2006,2020-02-11 09:34:52.100,2833.0000,10410,0,225771840.000,0,-,-,-,-,2831.6000,2831.0000,2830.8000,2830.6000,2830.2000,2833.4000,2833.6000,2833.8000,2835.0000,2835.8000,1,5,2,1,1,1,1,2,1,2
SF,IH2006,2020-02-11 09:34:53.100,2833.0000,10410,0,225771840.000,0,-,-,-,-,2831.0000,2830.8000,2830.6000,2830.2000,2830.0000,2833.4000,2833.6000,2833.8000,2835.0000,2835.8000,5,2,1,1,12,1,1,2,1,2
SF,IH2006,2020-02-11 09:34:53.600,2833.0000,10410,0,225771840.000,0,-,-,-,-,2831.2000,2831.0000,2830.8000,2830.6000,2830.2000,2833.4000,2833.6000,2833.8000,2835.0000,2835.8000,1,5,2,1,1,1,1,2,1,2
SF,IH2006,2020-02-11 09:34:54.100,2833.0000,10410,0,225771840.000,0,-,-,-,-,2831.2000,2831.0000,2830.8000,2830.6000,2830.2000,2833.4000,2833.6000,2833.8000,2835.0000,2835.8000,1,5,2,1,1,1,1,2,1,2
SF,IH2006,2020-02-11 09:34:54.600,2833.0000,10410,0,225771840.000,0,-,-,-,-,2831.2000,2831.0000,2830.8000,2830.6000,2830.2000,2833.4000,2833.6000,2833.8000,2835.0000,2835.8000,1,5,2,1,1,1,1,2,1,2
SF,IH2006,2020-02-11 09:34:55.100,2833.0000,10410,0,225771840.000,0,-,-,-,-,2831.2000,2831.0000,2830.8000,2830.6000,2830.2000,2833.4000,2833.6000,2833.8000,2835.0000,2835.8000,1,5,2,1,1,1,1,2,1,2
SF,IH2006,2020-02-11 09:34:55.600,2833.0000,10410,0,225771840.000,0,-,-,-,-,2831.0000,2830.8000,2830.6000,2830.2000,2830.0000,2831.2000,2833.4000,2833.6000,2833.8000,2835.0000,5,2,1,1,12,1,2,1,2,1
SF,IH2006,2020-02-11 09:34:56.100,2831.6000,10409,-1,228320700.000,3,1,2,多平,S,2831.2000,2831.0000,2830.8000,2830.6000,2830.2000,2833.4000,2833.6000,2833.8000,2834.8000,2835.0000,3,5,2,1,1,1,1,2,5,1
SF,IH2006,2020-02-11 09:34:56.600,2831.6000,10409,0,228320700.000,0,-,-,-,-,2831.2000,2831.0000,2830.8000,2830.6000,2830.2000,2833.2000,2833.4000,2833.6000,2833.8000,2834.8000,3,5,2,1,1,1,1,1,2,5
SF,IH2006,2020-02-11 09:34:57.100,2831.6000,10409,0,228320700.000,0,-,-,-,-,2831.2000,2831.0000,2830.8000,2830.6000,2830.2000,2832.8000,2833.2000,2833.8000,2834.8000,2835.0000,3,5,2,1,1,1,1,2,5,1
SF,IH2006,2020-02-11 09:34:57.600,2832.6000,10409,0,231718560.000,4,2,2,多换,S,2831.0000,2830.8000,2830.6000,2830.2000,2830.0000,2832.6000,2832.8000,2833.2000,2833.8000,2834.8000,5,2,1,1,12,2,1,1,2,5
SF,IH2006,2020-02-11 09:34:58.100,2831.0000,10408,-1,232567860.000,1,0,1,双平,S,2831.0000,2830.8000,2830.6000,2830.2000,2830.0000,2832.6000,2832.8000,2833.2000,2833.8000,2834.8000,4,2,1,1,12,2,1,1,2,5
SF,IH2006,2020-02-11 09:34:58.600,2831.0000,10408,0,232567860.000,0,-,-,-,-,2831.0000,2830.8000,2830.6000,2830.2000,2830.0000,2832.2000,2832.6000,2832.8000,2833.2000,2833.8000,4,2,1,1,12,1,2,2,1,2
SF,IH2006,2020-02-11 09:34:59.100,2831.0000,10408,0,232567860.000,0,-,-,-,-,2831.0000,2830.8000,2830.6000,2830.2000,2830.0000,2832.2000,2832.6000,2832.8000,2833.2000,2833.8000,4,2,1,1,12,2,2,2,1,2
SF,IH2006,2020-02-11 09:34:59.600,2831.0000,10408,0,233417160.000,1,0,1,多换,S,2831.0000,2830.8000,2830.6000,2830.2000,2830.0000,2832.2000,2832.6000,2832.8000,2833.2000,2833.8000,3,2,1,1,12,2,1,2,1,1
SF,IH2006,2020-02-11 09:35:00.100,2831.0000,10406,-2,235116060.000,2,0,2,双平,S,2831.0000,2830.8000,2830.6000,2830.2000,2830.0000,2832.2000,2832.8000,2833.8000,2834.8000,2835.0000,2,2,1,1,12,2,3,1,5,1
SF,IH2006,2020-02-11 09:35:00.600,2831.0000,10405,-1,235965360.000,1,0,1,双平,S,2831.0000,2830.8000,2830.6000,2830.2000,2830.0000,2832.8000,2833.8000,2834.8000,2835.0000,2835.8000,2,2,1,1,12,3,1,5,1,2
SF,IH2006,2020-02-11 09:35:01.100,2831.0000,10405,0,235965360.000,0,-,-,-,-,2831.2000,2831.0000,2830.8000,2830.6000,2830.2000,2832.8000,2833.8000,2834.8000,2835.0000,2835.8000,1,2,2,1,1,4,1,5,1,2
SF,IH2006,2020-02-11 09:35:01.600,2831.0000,10405,0,235965360.000,0,-,-,-,-,2831.2000,2831.0000,2830.8000,2830.6000,2830.2000,2832.8000,2833.8000,2834.8000,2835.0000,2835.8000,2,2,2,1,1,4,1,5,1,2
SF,IH2006,2020-02-11 09:35:02.100,2831.0000,10404,-1,236814660.000,1,0,1,双平,S,2831.4000,2831.0000,2830.8000,2830.6000,2830.2000,2832.6000,2832.8000,2833.8000,2834.8000,2835.0000,1,1,2,1,1,1,4,1,5,1
SF,IH2006,2020-02-11 09:35:02.600,2831.4000,10403,-1,237664080.000,1,0,1,双平,S,2831.0000,2830.8000,2830.6000,2830.2000,2830.0000,2832.6000,2832.8000,2833.8000,2834.8000,2835.0000,1,2,1,1,12,1,4,1,5,1
SF,IH2006,2020-02-11 09:35:03.100,2831.4000,10403,0,237664080.000,0,-,-,-,-,2831.0000,2830.8000,2830.6000,2830.2000,2830.0000,2832.6000,2832.8000,2833.8000,2834.8000,2835.0000,2,2,1,1,12,1,3,1,5,1
