市场代码,合约代码,时间,最新,持仓,增仓,成交额,成交量,开仓,平仓,成交类型,方向,买一价,买二价,买三价,买四价,买五价,卖一价,卖二价,卖三价,卖四价,卖五价,买一量,买二量,买三量,买四量,买五量,卖一量,卖二量,卖三量,卖四量,卖五量
SF,IH2003,2019-11-19 09:29:00.200,2975.0000,12736,0,4462500.000,5.000,-,-,-,-,2971.8000,2969.0000,2967.2000,2965.8000,2965.0000,2975.0000,2975.6000,2976.0000,2976.6000,2976.8000,1,1,1,2,2,1,1,1,2,1
SF,IH2003,2019-11-19 09:30:00.200,2971.8000,12736,0,5354040.000,1,0,1,多换,S,2969.0000,2967.8000,2967.2000,2967.0000,2966.4000,2971.2000,2972.2000,2972.4000,2972.8000,2973.0000,2,1,1,2,1,2,1,2,1,2
SF,IH2003,2019-11-19 09:30:00.700,2969.0000,12736,0,8026200.000,3,1,2,多换,S,2967.8000,2967.2000,2967.0000,2966.4000,2965.8000,2969.0000,2970.6000,2970.8000,2971.0000,2971.2000,1,1,2,1,1,1,2,1,9,2
SF,IH2003,2019-11-19 09:30:01.200,2969.0000,12736,0,9807600.000,2,1,1,多换,S,2969.2000,2969.0000,2968.6000,2968.4000,2968.0000,2970.6000,2970.8000,2971.0000,2971.8000,2972.2000,1,2,2,3,8,2,3,8,1,1
SF,IH2003,2019-11-19 09:30:01.700,2969.0000,12736,0,9807600.000,0,-,-,-,-,2969.2000,2969.0000,2968.4000,2968.0000,2967.8000,2969.8000,2970.4000,2970.6000,2970.8000,2971.0000,1,3,2,6,1,2,6,2,4,8
SF,IH2003,2019-11-19 09:30:02.200,2969.0000,12736,0,9807600.000,0,-,-,-,-,2969.2000,2969.0000,2967.8000,2967.2000,2967.0000,2969.4000,2969.6000,2970.2000,2970.4000,2970.6000,1,2,1,1,2,1,7,3,7,2
SF,IH2003,2019-11-19 09:30:02.700,2969.0000,12735,-1,12479760.000,3,1,2,多平,S,2967.8000,2967.2000,2967.0000,2966.4000,2965.8000,2968.4000,2969.2000,2969.4000,2969.6000,2970.2000,1,1,2,1,1,2,8,1,5,3
SF,IH2003,2019-11-19 09:30:03.200,2968.4000,12734,-1,14260800.000,2,0,2,多平,S,2968.2000,2968.0000,2967.8000,2967.2000,2967.0000,2969.2000,2969.6000,2970.8000,2971.8000,2972.4000,2,2,1,1,2,1,5,2,1,2
SF,IH2003,2019-11-19 09:30:03.700,2969.2000,12733,-1,15151560.000,1,0,1,双平,S,2968.4000,2968.0000,2967.8000,2967.2000,2967.0000,2970.8000,2971.8000,2972.4000,2972.8000,2973.4000,1,6,1,1,2,2,1,2,1,1
SF,IH2003,2019-11-19 09:30:04.200,2969.2000,12733,0,15151560.000,0,-,-,-,-,2969.2000,2968.4000,2968.0000,2967.8000,2967.2000,2970.6000,2970.8000,2971.8000,2972.4000,2972.8000,1,6,6,1,1,1,1,1,2,1
SF,IH2003,2019-11-19 09:30:04.700,2969.2000,12733,0,15151560.000,0,-,-,-,-,2968.4000,2968.0000,2967.8000,2967.2000,2967.0000,2970.6000,2972.4000,2972.8000,2973.4000,2974.6000,5,6,1,1,2,6,2,1,1,1
SF,IH2003,2019-11-19 09:30:05.200,2970.6000,12732,-1,16042740.000,1,0,1,双平,S,2968.0000,2967.8000,2967.2000,2967.0000,2965.8000,2969.6000,2970.2000,2970.4000,2970.6000,2970.8000,8,1,1,2,1,2,4,2,5,1
SF,IH2003,2019-11-19 09:30:05.700,2969.6000,12731,-1,16933620.000,1,0,1,双平,S,2969.4000,2969.2000,2969.0000,2968.8000,2968.6000,2972.4000,2972.8000,2973.4000,2974.6000,2975.6000,2,1,1,1,5,2,1,1,1,1
SF,IH2003,2019-11-19 09:30:06.200,2969.6000,12731,0,16933620.000,0,-,-,-,-,2968.6000,2968.0000,2967.8000,2967.2000,2967.0000,2971.2000,2971.4000,2972.0000,2972.2000,2972.4000,5,7,1,1,2,2,1,11,6,2
SF,IH2003,2019-11-19 09:30:06.700,2969.6000,12731,0,16933620.000,0,-,-,-,-,2968.8000,2968.6000,2968.0000,2967.8000,2967.2000,2970.8000,2971.0000,2971.2000,2971.4000,2972.0000,2,5,7,1,1,1,7,2,1,7
SF,IH2003,2019-11-19 09:30:07.200,2969.6000,12731,0,16933620.000,0,-,-,-,-,2968.8000,2968.6000,2968.0000,2967.8000,2967.2000,2970.6000,2971.0000,2971.2000,2971.4000,2972.0000,2,5,7,1,1,4,5,2,1,7
SF,IH2003,2019-11-19 09:30:07.700,2969.6000,12731,0,17824500.000,1,0,1,多换,S,2969.6000,2968.8000,2968.6000,2968.0000,2967.8000,2970.6000,2971.0000,2972.0000,2972.2000,2972.4000,1,2,5,7,1,4,5,6,3,2
SF,IH2003,2019-11-19 09:30:08.200,2969.6000,12731,0,17824500.000,0,-,-,-,-,2969.8000,2968.6000,2968.0000,2967.8000,2967.2000,2970.6000,2971.0000,2972.0000,2972.2000,2972.4000,1,5,7,1,1,4,5,6,3,2
SF,IH2003,2019-11-19 09:30:08.700,2969.6000,12731,0,17824500.000,0,-,-,-,-,2968.6000,2968.0000,2967.8000,2967.2000,2967.0000,2970.6000,2971.0000,2972.0000,2972.2000,2972.4000,5,7,1,1,2,3,5,6,3,2
SF,IH2003,2019-11-19 09:30:09.200,2969.6000,12731,0,17824500.000,0,-,-,-,-,2969.6000,2968.8000,2968.6000,2968.0000,2967.8000,2970.0000,2970.6000,2971.0000,2972.0000,2972.2000,1,1,5,7,1,1,3,5,6,3
SF,IH2003,2019-11-19 09:30:09.700,2969.8000,12729,-2,19606440.000,2,0,2,双平,S,2969.6000,2968.6000,2968.0000,2967.8000,2967.2000,2971.0000,2972.0000,2972.2000,2972.4000,2972.8000,1,5,7,1,1,5,6,3,2,1
SF,IH2003,2019-11-19 09:30:10.200,2969.8000,12729,0,19606440.000,0,-,-,-,-,2970.0000,2969.6000,2968.6000,2968.0000,2967.8000,2970.8000,2971.0000,2972.0000,2972.2000,2972.4000,2,1,5,7,1,1,5,6,3,2
SF,IH2003,2019-11-19 09:30:10.700,2970.6000,12728,-1,20497620.000,1,0,1,双平,S,2970.8000,2969.8000,2969.6000,2968.6000,2968.0000,2972.0000,2972.2000,2972.4000,2972.8000,2975.6000,1,1,1,5,7,4,3,2,1,1
SF,IH2003,2019-11-19 09:30:11.200,2970.6000,12728,0,20497620.000,0,-,-,-,-,2970.8000,2969.8000,2969.6000,2968.6000,2968.0000,2971.2000,2971.6000,2971.8000,2972.0000,2972.2000,1,1,1,5,7,2,2,8,2,3
SF,IH2003,2019-11-19 09:30:11.700,2971.0000,12727,-1,21388920.000,1,0,1,双平,S,2969.8000,2969.6000,2968.6000,2968.0000,2967.8000,2971.8000,2972.2000,2972.4000,2975.6000,2976.0000,1,1,5,7,1,6,2,2,1,5
SF,IH2003,2019-11-19 09:30:12.200,2971.0000,12727,0,21388920.000,0,-,-,-,-,2970.8000,2970.2000,2970.0000,2969.8000,2969.6000,2971.6000,2971.8000,2972.2000,2975.6000,2979.2000,3,1,7,1,1,1,1,2,1,5
SF,IH2003,2019-11-19 09:30:12.700,2971.6000,12725,-2,23171880.000,2,0,2,双平,S,2970.0000,2969.8000,2969.6000,2968.6000,2968.0000,2971.4000,2971.8000,2972.2000,2975.6000,2979.2000,5,1,1,5,2,1,1,2,1,5
SF,IH2003,2019-11-19 09:30:13.200,2971.8000,12724,-1,25846320.000,3,1,2,多平,S,2970.6000,2970.2000,2970.0000,2969.8000,2969.6000,2972.2000,2975.6000,2979.2000,2980.0000,2989.0000,1,3,5,1,1,2,1,5,1,1
SF,IH2003,2019-11-19 09:30:13.700,2972.0000,12724,0,27629520.000,2,1,1,多换,S,2971.8000,2971.4000,2970.8000,2970.4000,2970.2000,2975.6000,2979.2000,2980.0000,2989.0000,2998.8000,3,1,8,2,2,1,5,1,1,1
SF,IH2003,2019-11-19 09:30:14.200,2972.0000,12724,0,27629520.000,0,-,-,-,-,2970.8000,2970.4000,2970.2000,2970.0000,2969.8000,2972.8000,2973.6000,2973.8000,2974.0000,2974.4000,6,2,2,6,1,2,6,3,1,1
SF,IH2003,2019-11-19 09:30:14.700,2972.0000,12724,0,27629520.000,0,-,-,-,-,2970.8000,2970.4000,2970.2000,2970.0000,2969.8000,2972.6000,2973.6000,2973.8000,2974.0000,2974.4000,5,2,2,5,1,1,2,1,1,1
SF,IH2003,2019-11-19 09:30:15.200,2972.0000,12724,0,27629520.000,0,-,-,-,-,2971.6000,2971.2000,2971.0000,2970.8000,2970.4000,2973.6000,2973.8000,2974.0000,2974.4000,2975.0000,3,1,3,5,1,2,1,1,1,2
SF,IH2003,2019-11-19 09:30:15.700,2972.0000,12724,0,27629520.000,0,-,-,-,-,2971.0000,2970.8000,2970.4000,2970.2000,2970.0000,2972.6000,2973.4000,2973.6000,2973.8000,2974.4000,1,5,1,1,5,2,7,3,1,1
SF,IH2003,2019-11-19 09:30:16.200,2972.0000,12724,0,27629520.000,0,-,-,-,-,2972.0000,2971.2000,2971.0000,2970.8000,2970.4000,2973.4000,2973.6000,2973.8000,2974.4000,2975.0000,1,6,1,5,1,5,2,1,1,2
SF,IH2003,2019-11-19 09:30:16.700,2972.0000,12724,0,27629520.000,0,-,-,-,-,2971.0000,2970.8000,2970.4000,2970.2000,2969.8000,2972.8000,2973.2000,2973.4000,2973.6000,2973.8000,1,5,1,1,1,1,3,5,3,1
SF,IH2003,2019-11-19 09:30:17.200,2972.0000,12724,0,27629520.000,0,-,-,-,-,2970.4000,2970.2000,2969.8000,2969.6000,2968.0000,2972.0000,2972.6000,2973.0000,2973.4000,2973.6000,1,1,1,2,1,3,8,2,5,3
SF,IH2003,2019-11-19 09:30:17.700,2972.0000,12724,0,27629520.000,0,-,-,-,-,2970.6000,2970.4000,2970.2000,2969.8000,2969.6000,2971.8000,2972.0000,2972.6000,2973.0000,2973.4000,1,1,1,1,2,1,1,6,2,5
SF,IH2003,2019-11-19 09:30:18.200,2972.0000,12724,0,27629520.000,0,-,-,-,-,2971.2000,2970.6000,2970.4000,2970.2000,2969.8000,2971.8000,2972.0000,2972.6000,2973.0000,2973.4000,1,1,1,1,1,1,1,6,2,5
SF,IH2003,2019-11-19 09:30:18.700,2972.0000,12724,0,27629520.000,0,-,-,-,-,2970.4000,2970.2000,2969.8000,2969.6000,2968.0000,2971.2000,2971.6000,2971.8000,2972.0000,2972.6000,1,1,1,2,1,1,1,1,1,5
SF,IH2003,2019-11-19 09:30:19.200,2972.0000,12724,0,27629520.000,0,-,-,-,-,2970.8000,2970.4000,2970.2000,2969.8000,2969.6000,2971.6000,2971.8000,2972.0000,2972.6000,2973.0000,3,1,1,1,2,1,1,1,5,2
SF,IH2003,2019-11-19 09:30:19.700,2972.0000,12724,0,27629520.000,0,-,-,-,-,2970.4000,2970.2000,2969.8000,2969.6000,2969.0000,2971.6000,2971.8000,2972.0000,2972.6000,2973.0000,1,1,1,2,1,1,1,1,5,2
SF,IH2003,2019-11-19 09:30:20.200,2972.0000,12724,0,27629520.000,0,-,-,-,-,2971.2000,2970.6000,2970.4000,2970.2000,2969.8000,2971.6000,2971.8000,2972.0000,2972.6000,2973.0000,1,1,1,1,1,1,1,1,5,1
SF,IH2003,2019-11-19 09:30:20.700,2971.8000,12722,-2,29412600.000,2,0,2,双平,S,2971.6000,2970.6000,2970.4000,2970.2000,2969.8000,2972.6000,2973.0000,2973.4000,2973.6000,2973.8000,1,1,1,1,1,5,1,5,3,1
SF,IH2003,2019-11-19 09:30:21.200,2971.8000,12722,0,29412600.000,0,-,-,-,-,2971.6000,2970.6000,2970.4000,2970.2000,2969.8000,2972.2000,2972.6000,2973.4000,2973.6000,2973.8000,1,1,1,1,1,2,5,5,3,1
SF,IH2003,2019-11-19 09:30:21.700,2971.6000,12721,-1,30304080.000,1,0,1,双平,S,2970.6000,2970.4000,2970.2000,2969.8000,2969.6000,2972.6000,2973.4000,2973.6000,2973.8000,2974.4000,1,1,1,1,2,5,5,3,1,1
SF,IH2003,2019-11-19 09:30:22.200,2971.6000,12721,0,30304080.000,0,-,-,-,-,2971.2000,2970.8000,2970.6000,2970.4000,2970.2000,2972.6000,2973.4000,2973.6000,2973.8000,2974.4000,1,1,1,1,1,5,5,3,1,1
SF,IH2003,2019-11-19 09:30:22.700,2971.6000,12721,0,30304080.000,0,-,-,-,-,2972.0000,2971.4000,2971.2000,2970.8000,2970.6000,2972.6000,2973.4000,2973.6000,2973.8000,2974.4000,1,1,1,6,1,2,5,2,1,1
SF,IH2003,2019-11-19 09:30:23.200,2972.0000,12720,-1,31195680.000,1,0,1,双平,S,2971.2000,2970.8000,2970.6000,2970.4000,2970.2000,2973.4000,2973.6000,2973.8000,2974.4000,2975.0000,1,5,1,1,1,5,2,1,1,1
SF,IH2003,2019-11-19 09:30:23.700,2972.0000,12720,0,31195680.000,0,-,-,-,-,2971.2000,2970.8000,2970.6000,2970.4000,2970.2000,2972.4000,2973.2000,2973.4000,2973.6000,2973.8000,1,5,1,1,1,2,4,5,3,1
SF,IH2003,2019-11-19 09:30:24.200,2972.0000,12720,0,31195680.000,0,-,-,-,-,2971.6000,2971.2000,2970.8000,2970.6000,2970.4000,2972.2000,2973.2000,2973.4000,2973.6000,2973.8000,1,1,5,1,1,1,1,5,3,1
SF,IH2003,2019-11-19 09:30:24.700,2971.6000,12720,0,32087160.000,1,0,1,多换,S,2971.2000,2970.8000,2970.6000,2970.4000,2970.2000,2972.2000,2973.2000,2973.4000,2973.6000,2973.8000,1,5,1,1,2,1,1,5,3,1
SF,IH2003,2019-11-19 09:30:25.200,2971.6000,12720,0,32087160.000,0,-,-,-,-,2971.2000,2970.8000,2970.6000,2970.4000,2970.2000,2972.0000,2972.2000,2973.2000,2973.4000,2973.6000,1,5,1,1,2,1,1,1,5,3
SF,IH2003,2019-11-19 09:30:25.700,2971.2000,12719,-1,32978520.000,1,0,1,双平,S,2970.8000,2970.6000,2970.4000,2970.2000,2969.8000,2971.8000,2972.0000,2973.2000,2973.4000,2973.6000,2,1,1,2,1,1,1,1,5,3
SF,IH2003,2019-11-19 09:30:26.200,2971.2000,12719,0,32978520.000,0,-,-,-,-,2970.6000,2970.4000,2970.2000,2969.8000,2969.6000,2971.8000,2973.4000,2973.6000,2973.8000,2974.4000,1,1,2,1,1,1,5,3,1,1
SF,IH2003,2019-11-19 09:30:26.700,2971.2000,12719,0,32978520.000,0,-,-,-,-,2970.4000,2970.2000,2969.8000,2969.6000,2969.0000,2971.8000,2973.4000,2973.6000,2973.8000,2974.4000,1,2,1,1,1,1,5,3,1,1
SF,IH2003,2019-11-19 09:30:27.700,2971.2000,12719,0,32978520.000,0,-,-,-,-,2970.4000,2970.2000,2969.8000,2969.0000,2968.8000,2971.8000,2973.4000,2973.6000,2973.8000,2974.4000,1,2,1,1,1,1,5,3,1,1
SF,IH2003,2019-11-19 09:30:28.200,2971.2000,12719,0,32978520.000,0,-,-,-,-,2970.4000,2970.2000,2969.8000,2969.0000,2968.8000,2971.6000,2971.8000,2973.4000,2973.6000,2973.8000,1,2,1,1,1,1,1,5,3,1
SF,IH2003,2019-11-19 09:30:28.700,2971.0000,12718,-1,33869820.000,1,0,1,双平,S,2971.0000,2970.6000,2970.4000,2970.2000,2969.8000,2971.4000,2973.4000,2973.6000,2973.8000,2974.4000,2,5,1,2,1,1,5,3,1,1
SF,IH2003,2019-11-19 09:30:29.200,2971.4000,12718,0,34761240.000,1,0,1,多换,S,2971.6000,2970.6000,2970.4000,2970.2000,2969.8000,2973.4000,2973.6000,2973.8000,2974.4000,2975.0000,2,7,1,2,1,5,3,1,1,1
SF,IH2003,2019-11-19 09:30:29.700,2971.4000,12718,0,34761240.000,0,-,-,-,-,2971.6000,2970.6000,2970.4000,2970.2000,2969.8000,2972.2000,2972.6000,2973.2000,2973.4000,2973.6000,1,7,1,2,1,3,1,3,5,3
SF,IH2003,2019-11-19 09:30:30.200,2971.4000,12718,0,34761240.000,0,-,-,-,-,2971.6000,2970.6000,2970.4000,2970.2000,2969.8000,2973.2000,2973.4000,2973.6000,2973.8000,2974.4000,1,7,1,2,1,1,5,3,1,1
SF,IH2003,2019-11-19 09:30:30.700,2971.6000,12717,-1,35652720.000,1,0,1,双平,S,2970.6000,2970.4000,2970.2000,2969.8000,2969.0000,2972.8000,2973.0000,2973.4000,2973.6000,2974.4000,6,1,2,1,1,1,10,5,1,1
SF,IH2003,2019-11-19 09:30:31.200,2971.6000,12717,0,35652720.000,0,-,-,-,-,2970.6000,2970.4000,2970.2000,2969.8000,2969.0000,2972.6000,2972.8000,2973.0000,2973.6000,2974.4000,6,1,2,1,1,7,1,5,1,1
SF,IH2003,2019-11-19 09:30:32.700,2971.6000,12717,0,35652720.000,0,-,-,-,-,2970.6000,2970.4000,2970.2000,2969.8000,2969.0000,2972.4000,2972.6000,2972.8000,2973.0000,2973.6000,6,1,2,1,1,1,7,1,5,1
SF,IH2003,2019-11-19 09:30:33.200,2971.6000,12717,0,35652720.000,0,-,-,-,-,2970.8000,2970.6000,2970.4000,2970.2000,2969.8000,2972.2000,2972.4000,2972.6000,2972.8000,2973.0000,1,3,1,2,1,4,1,5,1,2
SF,IH2003,2019-11-19 09:30:33.700,2971.6000,12717,0,35652720.000,0,-,-,-,-,2970.8000,2970.6000,2970.4000,2970.2000,2969.8000,2972.0000,2972.2000,2972.6000,2972.8000,2973.0000,1,3,1,2,1,1,4,5,1,2
SF,IH2003,2019-11-19 09:30:34.200,2971.6000,12717,0,35652720.000,0,-,-,-,-,2970.8000,2970.6000,2970.4000,2970.2000,2969.8000,2972.0000,2972.2000,2972.6000,2972.8000,2973.0000,1,3,1,2,1,1,2,5,1,2
SF,IH2003,2019-11-19 09:30:34.700,2971.6000,12717,0,35652720.000,0,-,-,-,-,2971.0000,2970.8000,2970.6000,2970.4000,2970.2000,2972.0000,2972.6000,2972.8000,2973.0000,2973.6000,1,1,3,1,2,1,5,1,2,1
SF,IH2003,2019-11-19 09:30:35.200,2971.6000,12717,0,35652720.000,0,-,-,-,-,2971.0000,2970.6000,2970.4000,2970.2000,2969.8000,2972.0000,2972.6000,2972.8000,2973.0000,2973.6000,1,3,1,2,1,1,5,1,2,1
SF,IH2003,2019-11-19 09:30:35.700,2971.6000,12717,0,35652720.000,0,-,-,-,-,2971.4000,2971.2000,2971.0000,2970.6000,2970.4000,2972.0000,2972.6000,2973.0000,2973.6000,2974.4000,2,1,1,3,1,1,2,2,1,1
SF,IH2003,2019-11-19 09:30:36.200,2971.6000,12717,0,35652720.000,0,-,-,-,-,2971.0000,2970.6000,2970.4000,2970.2000,2969.8000,2972.0000,2972.6000,2973.0000,2973.6000,2974.4000,1,3,1,2,1,1,2,2,1,1
SF,IH2003,2019-11-19 09:30:37.700,2971.6000,12717,0,35652720.000,0,-,-,-,-,2971.0000,2970.6000,2970.4000,2970.2000,2969.8000,2972.0000,2972.6000,2973.0000,2973.6000,2974.4000,1,3,1,2,1,1,2,2,1,1
SF,IH2003,2019-11-19 09:30:38.200,2971.6000,12717,0,35652720.000,0,-,-,-,-,2971.4000,2971.2000,2971.0000,2970.6000,2970.4000,2972.0000,2972.6000,2973.0000,2973.6000,2974.4000,2,1,2,3,1,1,2,2,1,1
SF,IH2003,2019-11-19 09:30:38.700,2971.6000,12717,0,35652720.000,0,-,-,-,-,2971.0000,2970.6000,2970.4000,2970.2000,2969.8000,2972.0000,2972.6000,2973.0000,2973.6000,2974.4000,2,3,1,2,1,1,2,2,1,1
SF,IH2003,2019-11-19 09:30:39.200,2971.6000,12717,0,35652720.000,0,-,-,-,-,2971.2000,2971.0000,2970.6000,2970.4000,2970.2000,2971.8000,2972.0000,2973.0000,2973.6000,2974.4000,4,2,3,1,2,1,1,2,1,1
SF,IH2003,2019-11-19 09:30:39.700,2971.6000,12715,-2,38327220.000,3,0,3,多平,S,2971.2000,2971.0000,2970.6000,2970.4000,2970.2000,2973.0000,2973.6000,2974.4000,2975.0000,2975.2000,4,2,3,1,2,2,1,1,1,5
SF,IH2003,2019-11-19 09:30:40.200,2971.6000,12715,0,38327220.000,0,-,-,-,-,2971.8000,2971.4000,2971.2000,2971.0000,2970.6000,2972.8000,2973.0000,2973.6000,2974.4000,2975.0000,1,1,3,2,3,2,2,1,1,1
SF,IH2003,2019-11-19 09:30:40.700,2971.8000,12715,0,39218760.000,1,0,1,多换,S,2971.0000,2970.6000,2970.4000,2970.2000,2969.8000,2972.4000,2972.8000,2973.0000,2973.6000,2974.4000,2,3,1,2,1,5,5,2,1,1
SF,IH2003,2019-11-19 09:30:41.200,2971.8000,12715,0,39218760.000,0,-,-,-,-,2971.0000,2970.6000,2970.4000,2970.2000,2969.8000,2972.8000,2973.0000,2973.6000,2974.4000,2975.0000,2,3,1,2,1,4,2,1,1,1
SF,IH2003,2019-11-19 09:30:41.700,2971.8000,12715,0,39218760.000,0,-,-,-,-,2971.0000,2970.6000,2970.4000,2970.2000,2969.8000,2972.6000,2972.8000,2973.0000,2973.6000,2974.4000,2,3,1,2,1,1,4,2,1,1
SF,IH2003,2019-11-19 09:30:42.200,2971.8000,12715,0,39218760.000,0,-,-,-,-,2971.0000,2970.6000,2970.4000,2970.2000,2969.8000,2972.6000,2972.8000,2973.0000,2973.6000,2974.4000,2,3,1,2,1,3,4,2,1,1
SF,IH2003,2019-11-19 09:30:42.700,2971.8000,12715,0,39218760.000,0,-,-,-,-,2971.0000,2970.6000,2970.4000,2970.2000,2969.8000,2972.4000,2972.6000,2972.8000,2973.0000,2973.6000,2,3,1,2,1,4,3,3,2,1
SF,IH2003,2019-11-19 09:30:43.200,2971.8000,12715,0,39218760.000,0,-,-,-,-,2971.0000,2970.6000,2970.4000,2970.2000,2969.8000,2971.8000,2972.2000,2972.4000,2972.6000,2972.8000,1,1,1,2,1,5,4,4,2,3
SF,IH2003,2019-11-19 09:30:43.700,2971.8000,12714,-1,40110300.000,1,0,1,双平,S,2971.0000,2970.6000,2970.4000,2970.2000,2969.8000,2971.6000,2972.2000,2972.4000,2972.6000,2972.8000,1,1,1,2,1,1,1,4,2,3
SF,IH2003,2019-11-19 09:30:46.200,2971.8000,12714,0,40110300.000,0,-,-,-,-,2971.2000,2971.0000,2970.6000,2970.4000,2970.2000,2971.6000,2972.2000,2972.4000,2972.6000,2972.8000,1,1,1,1,2,1,1,4,2,3
SF,IH2003,2019-11-19 09:30:46.700,2971.6000,12714,0,41001780.000,1,0,1,多换,S,2971.2000,2971.0000,2970.6000,2970.4000,2970.2000,2972.2000,2972.4000,2972.6000,2972.8000,2973.6000,1,1,1,1,2,1,3,2,3,1
SF,IH2003,2019-11-19 09:30:47.700,2971.6000,12714,0,41001780.000,0,-,-,-,-,2971.2000,2971.0000,2970.6000,2970.4000,2970.2000,2972.2000,2972.4000,2972.6000,2972.8000,2973.6000,1,1,1,1,2,1,2,2,3,1
SF,IH2003,2019-11-19 09:30:48.200,2971.6000,12714,0,41001780.000,0,-,-,-,-,2971.6000,2971.2000,2971.0000,2970.6000,2970.4000,2972.2000,2972.8000,2973.6000,2974.4000,2975.0000,1,1,1,1,1,1,3,1,1,1
SF,IH2003,2019-11-19 09:30:48.700,2971.6000,12714,0,41001780.000,0,-,-,-,-,2971.2000,2971.0000,2970.6000,2970.4000,2970.2000,2972.2000,2972.8000,2973.6000,2974.4000,2975.0000,1,1,1,1,2,1,3,1,1,1
SF,IH2003,2019-11-19 09:30:49.200,2971.6000,12714,0,41001780.000,0,-,-,-,-,2971.2000,2971.0000,2970.6000,2970.4000,2970.2000,2972.2000,2972.8000,2974.4000,2975.0000,2975.2000,1,1,1,1,2,1,3,1,1,5
SF,IH2003,2019-11-19 09:30:49.700,2971.6000,12714,0,41001780.000,0,-,-,-,-,2971.6000,2971.2000,2971.0000,2970.6000,2970.4000,2972.2000,2972.8000,2974.4000,2975.0000,2975.2000,1,1,1,1,1,1,3,1,1,5
SF,IH2003,2019-11-19 09:30:50.200,2972.2000,12713,-1,41893440.000,1,0,1,双平,S,2971.2000,2971.0000,2970.6000,2970.4000,2970.2000,2972.8000,2974.4000,2975.0000,2975.2000,2975.4000,1,1,1,1,2,2,1,1,5,1
SF,IH2003,2019-11-19 09:30:50.700,2972.2000,12713,0,41893440.000,0,-,-,-,-,2971.4000,2971.2000,2971.0000,2970.6000,2970.4000,2972.6000,2974.4000,2975.0000,2975.2000,2975.4000,5,1,1,1,1,2,1,1,5,1
SF,IH2003,2019-11-19 09:30:51.200,2972.2000,12713,0,41893440.000,0,-,-,-,-,2972.0000,2971.4000,2971.2000,2971.0000,2970.6000,2972.6000,2974.4000,2975.0000,2975.2000,2975.4000,1,7,1,1,1,2,1,1,5,1
SF,IH2003,2019-11-19 09:30:51.700,2972.2000,12713,0,41893440.000,0,-,-,-,-,2971.4000,2971.2000,2971.0000,2970.6000,2970.4000,2972.6000,2974.4000,2975.0000,2975.2000,2975.4000,6,1,1,1,1,2,1,1,5,1
SF,IH2003,2019-11-19 09:30:52.200,2972.2000,12713,0,41893440.000,0,-,-,-,-,2971.6000,2971.4000,2971.2000,2971.0000,2970.6000,2972.6000,2974.4000,2975.0000,2975.2000,2975.4000,1,6,1,3,1,2,1,1,5,1
SF,IH2003,2019-11-19 09:30:52.700,2972.2000,12713,0,41893440.000,0,-,-,-,-,2972.0000,2971.8000,2971.4000,2971.2000,2971.0000,2972.6000,2974.4000,2975.0000,2975.2000,2975.4000,1,2,6,1,3,2,1,1,5,1
SF,IH2003,2019-11-19 09:30:53.200,2972.2000,12713,0,41893440.000,0,-,-,-,-,2971.8000,2971.4000,2971.2000,2971.0000,2970.6000,2972.6000,2974.4000,2975.0000,2975.2000,2975.4000,2,6,1,3,1,2,1,1,5,1
SF,IH2003,2019-11-19 09:30:56.200,2971.8000,12712,-1,43676760.000,2,0,2,多平,S,2971.8000,2971.4000,2971.2000,2971.0000,2970.6000,2972.6000,2974.4000,2975.0000,2975.2000,2975.4000,1,6,1,3,1,1,1,1,5,1
SF,IH2003,2019-11-19 09:30:56.700,2971.8000,12712,0,43676760.000,0,-,-,-,-,2972.2000,2971.8000,2971.4000,2971.2000,2971.0000,2972.4000,2972.6000,2974.4000,2975.0000,2975.2000,1,1,6,1,3,1,1,1,1,5
SF,IH2003,2019-11-19 09:30:57.200,2972.2000,12711,-1,45460140.000,2,0,2,多平,S,2971.8000,2971.4000,2971.2000,2971.0000,2970.6000,2974.4000,2975.0000,2975.2000,2975.4000,2979.2000,1,6,1,3,1,1,1,5,1,5
SF,IH2003,2019-11-19 09:30:57.700,2972.2000,12711,0,45460140.000,0,-,-,-,-,2971.8000,2971.4000,2971.2000,2971.0000,2970.6000,2973.2000,2973.6000,2973.8000,2974.0000,2974.2000,1,6,1,3,1,4,2,1,2,8
SF,IH2003,2019-11-19 09:30:58.200,2972.2000,12711,0,45460140.000,0,-,-,-,-,2971.8000,2971.4000,2971.2000,2971.0000,2970.6000,2973.6000,2973.8000,2974.0000,2974.2000,2974.4000,1,6,1,3,1,2,1,1,5,1
SF,IH2003,2019-11-19 09:30:58.700,2972.2000,12711,0,45460140.000,0,-,-,-,-,2972.0000,2971.8000,2971.4000,2971.2000,2971.0000,2973.4000,2973.6000,2973.8000,2974.0000,2974.2000,1,1,6,1,3,2,2,1,1,5
SF,IH2003,2019-11-19 09:30:59.200,2972.2000,12711,0,45460140.000,0,-,-,-,-,2972.0000,2971.8000,2971.4000,2971.2000,2971.0000,2973.4000,2973.6000,2973.8000,2974.0000,2974.2000,1,1,6,1,3,2,2,1,1,5
SF,IH2003,2019-11-19 09:30:59.700,2972.2000,12711,0,45460140.000,0,-,-,-,-,2972.0000,2971.8000,2971.4000,2971.2000,2971.0000,2973.4000,2974.0000,2974.2000,2974.4000,2975.0000,1,1,6,1,3,2,1,5,1,1
SF,IH2003,2019-11-19 09:31:00.700,2972.2000,12711,0,45460140.000,0,-,-,-,-,2972.0000,2971.8000,2971.4000,2971.2000,2971.0000,2973.2000,2973.4000,2974.0000,2974.2000,2974.4000,1,1,6,1,3,1,2,1,5,1
SF,IH2003,2019-11-19 09:31:01.200,2972.2000,12711,0,45460140.000,0,-,-,-,-,2972.0000,2971.4000,2971.2000,2971.0000,2970.6000,2973.0000,2973.2000,2974.0000,2974.2000,2974.4000,1,5,1,3,1,1,4,1,5,1
SF,IH2003,2019-11-19 09:31:01.700,2972.2000,12711,0,45460140.000,0,-,-,-,-,2971.4000,2971.2000,2971.0000,2970.6000,2970.4000,2972.8000,2973.0000,2974.0000,2974.2000,2974.4000,5,1,2,1,1,1,1,1,5,1
SF,IH2003,2019-11-19 09:31:02.200,2972.2000,12711,0,45460140.000,0,-,-,-,-,2972.0000,2971.6000,2971.4000,2971.2000,2971.0000,2972.8000,2974.0000,2974.2000,2974.4000,2975.0000,3,1,5,1,2,1,1,5,1,1
SF,IH2003,2019-11-19 09:31:02.700,2972.2000,12711,0,45460140.000,0,-,-,-,-,2972.0000,2971.4000,2971.2000,2971.0000,2970.6000,2972.8000,2973.0000,2974.2000,2974.4000,2975.0000,1,5,1,2,1,1,1,5,1,1
SF,IH2003,2019-11-19 09:31:04.200,2972.8000,12711,0,46351980.000,1,0,1,多换,S,2972.0000,2971.4000,2971.2000,2971.0000,2970.6000,2973.0000,2974.2000,2974.4000,2975.0000,2975.2000,1,5,1,2,1,1,5,1,1,4
SF,IH2003,2019-11-19 09:31:04.700,2972.8000,12711,0,46351980.000,0,-,-,-,-,2972.2000,2972.0000,2971.4000,2971.2000,2971.0000,2973.0000,2974.2000,2974.4000,2975.0000,2975.2000,1,1,5,1,2,1,5,1,1,4
SF,IH2003,2019-11-19 09:31:05.200,2972.8000,12711,0,46351980.000,0,-,-,-,-,2972.2000,2972.0000,2971.4000,2971.2000,2971.0000,2973.0000,2974.2000,2974.4000,2975.0000,2975.2000,1,1,5,1,2,1,5,1,1,4
SF,IH2003,2019-11-19 09:31:05.700,2973.0000,12711,0,47243880.000,1,0,1,多换,S,2972.6000,2972.4000,2972.2000,2972.0000,2971.4000,2974.2000,2974.4000,2975.0000,2975.2000,2979.2000,2,2,1,1,5,5,1,1,2,5
SF,IH2003,2019-11-19 09:31:06.200,2973.0000,12711,0,47243880.000,0,-,-,-,-,2972.4000,2972.0000,2971.4000,2971.2000,2971.0000,2974.0000,2974.2000,2974.4000,2975.0000,2975.2000,1,1,5,1,2,1,5,1,1,2
SF,IH2003,2019-11-19 09:31:06.700,2973.0000,12711,0,47243880.000,0,-,-,-,-,2972.4000,2972.0000,2971.4000,2971.0000,2970.6000,2973.8000,2974.0000,2974.2000,2975.0000,2975.2000,1,1,5,2,1,3,1,5,1,2
SF,IH2003,2019-11-19 09:31:07.200,2973.0000,12711,0,47243880.000,0,-,-,-,-,2972.4000,2972.0000,2971.4000,2971.0000,2970.6000,2973.6000,2973.8000,2974.2000,2975.0000,2975.2000,1,1,5,2,1,1,3,5,1,2
SF,IH2003,2019-11-19 09:31:07.700,2973.0000,12711,0,47243880.000,0,-,-,-,-,2972.4000,2972.0000,2971.4000,2971.0000,2970.6000,2973.4000,2973.6000,2973.8000,2974.2000,2975.0000,1,1,5,2,1,1,1,3,5,1
SF,IH2003,2019-11-19 09:31:08.200,2973.0000,12711,0,47243880.000,0,-,-,-,-,2972.4000,2972.0000,2971.4000,2971.0000,2970.6000,2973.4000,2973.8000,2974.2000,2975.0000,2975.2000,1,1,5,2,1,1,3,5,1,2
SF,IH2003,2019-11-19 09:31:08.700,2973.0000,12711,0,47243880.000,0,-,-,-,-,2972.4000,2972.0000,2971.4000,2971.0000,2970.6000,2973.4000,2973.8000,2974.2000,2975.0000,2975.2000,1,1,5,2,1,1,3,5,1,2
SF,IH2003,2019-11-19 09:31:09.200,2973.0000,12711,0,47243880.000,0,-,-,-,-,2972.4000,2972.0000,2971.4000,2971.0000,2970.6000,2973.4000,2973.8000,2974.2000,2975.0000,2975.2000,1,1,5,2,1,1,3,5,1,2
SF,IH2003,2019-11-19 09:31:09.700,2973.0000,12711,0,47243880.000,0,-,-,-,-,2972.4000,2972.0000,2971.4000,2971.0000,2970.6000,2973.4000,2973.8000,2974.2000,2975.0000,2975.2000,1,1,5,2,1,1,2,5,1,2
SF,IH2003,2019-11-19 09:31:10.200,2973.0000,12711,0,47243880.000,0,-,-,-,-,2972.4000,2972.0000,2971.4000,2971.0000,2970.6000,2973.0000,2973.4000,2974.2000,2975.0000,2975.2000,1,1,5,2,1,1,1,5,1,2
SF,IH2003,2019-11-19 09:31:10.700,2973.0000,12710,-1,48135780.000,1,0,1,双平,S,2972.6000,2972.4000,2972.0000,2971.4000,2971.0000,2972.8000,2974.2000,2975.0000,2975.2000,2979.2000,3,1,1,5,2,1,5,1,2,5
SF,IH2003,2019-11-19 09:31:11.200,2972.8000,12710,0,49027620.000,1,0,1,多换,S,2972.8000,2972.6000,2972.4000,2972.0000,2971.4000,2974.2000,2979.2000,2980.0000,2989.0000,2998.8000,2,5,1,1,5,2,5,1,1,1
SF,IH2003,2019-11-19 09:31:11.700,2972.8000,12710,0,49027620.000,0,-,-,-,-,2972.8000,2972.6000,2972.4000,2972.0000,2971.4000,2974.0000,2974.2000,2979.2000,2980.0000,2989.0000,2,3,1,1,5,1,2,5,1,1
SF,IH2003,2019-11-19 09:31:12.200,2972.8000,12710,0,49027620.000,0,-,-,-,-,2973.0000,2972.8000,2972.6000,2972.4000,2972.0000,2979.2000,2980.0000,2989.0000,2998.8000,2999.6000,1,2,3,1,1,5,1,1,1,1
SF,IH2003,2019-11-19 09:31:12.700,2972.8000,12710,0,49027620.000,0,-,-,-,-,2973.2000,2973.0000,2972.8000,2972.6000,2972.0000,2975.2000,2975.6000,2976.0000,2976.2000,2976.4000,2,11,1,3,1,5,4,1,4,1
SF,IH2003,2019-11-19 09:31:13.200,2972.8000,12710,0,49027620.000,0,-,-,-,-,2973.4000,2973.2000,2973.0000,2972.8000,2972.0000,2975.0000,2976.2000,2976.4000,2976.6000,2977.0000,5,1,9,1,1,1,2,2,1,1
SF,IH2003,2019-11-19 09:31:14.200,2972.8000,12710,0,49027620.000,0,-,-,-,-,2973.4000,2973.2000,2973.0000,2972.8000,2972.0000,2975.0000,2976.2000,2976.4000,2976.6000,2977.0000,3,1,9,1,1,1,2,2,1,1
SF,IH2003,2019-11-19 09:31:14.700,2972.8000,12710,0,49027620.000,0,-,-,-,-,2973.4000,2973.2000,2973.0000,2972.8000,2972.0000,2974.8000,2975.0000,2976.2000,2976.4000,2976.6000,3,1,9,1,1,1,1,2,2,1
SF,IH2003,2019-11-19 09:31:15.200,2972.8000,12710,0,49027620.000,0,-,-,-,-,2973.4000,2973.2000,2973.0000,2972.8000,2972.0000,2974.6000,2974.8000,2976.2000,2976.4000,2976.6000,1,1,9,1,1,1,1,2,2,1
SF,IH2003,2019-11-19 09:31:15.700,2974.6000,12711,1,50812320.000,2,1,1,空开,S,2973.4000,2973.2000,2973.0000,2972.8000,2972.0000,2976.2000,2976.4000,2976.6000,2977.0000,2978.4000,1,1,7,1,1,2,2,1,1,1
SF,IH2003,2019-11-19 09:31:16.200,2974.6000,12711,0,50812320.000,0,-,-,-,-,2973.6000,2973.4000,2973.0000,2972.8000,2972.0000,2974.8000,2975.2000,2975.6000,2976.0000,2976.2000,1,1,7,1,1,5,1,1,10,2
SF,IH2003,2019-11-19 09:31:16.700,2974.6000,12711,0,50812320.000,0,-,-,-,-,2973.6000,2973.4000,2973.0000,2972.8000,2972.0000,2975.6000,2976.0000,2976.2000,2976.4000,2977.0000,1,1,7,1,1,1,7,2,2,1
SF,IH2003,2019-11-19 09:31:17.200,2974.6000,12711,0,50812320.000,0,-,-,-,-,2973.6000,2973.4000,2973.0000,2972.8000,2972.0000,2975.4000,2975.6000,2976.0000,2976.2000,2976.4000,1,1,6,1,1,6,1,7,2,2
SF,IH2003,2019-11-19 09:31:18.200,2974.6000,12711,0,50812320.000,0,-,-,-,-,2973.8000,2973.6000,2973.4000,2973.0000,2972.8000,2975.4000,2976.0000,2976.2000,2976.4000,2977.0000,1,1,1,6,1,6,5,2,2,1
SF,IH2003,2019-11-19 09:31:18.700,2974.6000,12711,0,50812320.000,0,-,-,-,-,2974.0000,2973.8000,2973.4000,2973.0000,2972.8000,2976.0000,2976.2000,2976.4000,2977.0000,2978.4000,1,6,1,6,1,5,2,2,1,1
SF,IH2003,2019-11-19 09:31:19.200,2974.6000,12711,0,50812320.000,0,-,-,-,-,2974.0000,2973.8000,2973.4000,2973.0000,2972.8000,2976.0000,2976.2000,2976.4000,2977.0000,2978.4000,1,6,1,6,1,5,2,1,1,1
SF,IH2003,2019-11-19 09:31:19.700,2974.6000,12711,0,50812320.000,0,-,-,-,-,2974.2000,2974.0000,2973.8000,2973.4000,2973.0000,2975.8000,2976.0000,2976.2000,2976.4000,2977.0000,4,1,6,1,3,1,5,2,1,1
SF,IH2003,2019-11-19 09:31:20.200,2974.6000,12711,0,50812320.000,0,-,-,-,-,2974.4000,2974.2000,2973.8000,2973.4000,2973.0000,2975.8000,2976.0000,2976.2000,2976.4000,2977.0000,1,5,5,1,3,1,5,2,1,1
SF,IH2003,2019-11-19 09:31:20.700,2974.6000,12711,0,50812320.000,0,-,-,-,-,2974.4000,2974.2000,2973.8000,2973.4000,2973.0000,2975.8000,2976.0000,2977.0000,2978.4000,2978.8000,7,5,5,1,2,1,5,1,1,6
SF,IH2003,2019-11-19 09:31:21.200,2974.6000,12711,0,50812320.000,0,-,-,-,-,2974.6000,2974.4000,2974.2000,2973.8000,2973.4000,2975.8000,2977.0000,2978.4000,2978.8000,2979.0000,3,7,5,2,1,1,1,1,6,2
SF,IH2003,2019-11-19 09:31:21.700,2975.8000,12711,0,51705060.000,1,0,1,多换,S,2974.8000,2974.6000,2974.4000,2974.2000,2973.8000,2977.0000,2978.4000,2978.8000,2979.0000,2980.0000,3,6,6,3,2,1,1,6,2,1
SF,IH2003,2019-11-19 09:31:22.200,2975.8000,12711,0,51705060.000,0,-,-,-,-,2975.0000,2974.8000,2974.6000,2974.4000,2974.2000,2976.8000,2977.0000,2978.4000,2978.8000,2979.0000,1,1,6,6,3,6,1,1,6,2
SF,IH2003,2019-11-19 09:31:22.700,2975.8000,12711,0,51705060.000,0,-,-,-,-,2975.0000,2974.6000,2974.4000,2974.2000,2973.8000,2976.0000,2976.8000,2978.4000,2978.8000,2979.0000,1,5,6,3,2,5,6,1,6,2
SF,IH2003,2019-11-19 09:31:23.200,2975.8000,12711,0,51705060.000,0,-,-,-,-,2975.0000,2974.6000,2974.4000,2974.2000,2973.8000,2976.8000,2978.4000,2978.8000,2979.0000,2980.0000,1,5,6,3,2,5,1,6,2,1
SF,IH2003,2019-11-19 09:31:23.700,2975.8000,12711,0,51705060.000,0,-,-,-,-,2975.0000,2974.6000,2974.4000,2974.2000,2973.8000,2976.6000,2976.8000,2978.4000,2978.8000,2979.0000,1,5,6,3,2,1,5,1,6,2
SF,IH2003,2019-11-19 09:31:24.200,2975.8000,12711,0,51705060.000,0,-,-,-,-,2975.0000,2974.6000,2974.4000,2974.2000,2973.8000,2976.4000,2976.6000,2976.8000,2978.4000,2978.8000,1,5,6,3,2,3,1,5,1,6
SF,IH2003,2019-11-19 09:31:24.700,2975.8000,12711,0,51705060.000,0,-,-,-,-,2975.0000,2974.6000,2974.4000,2974.2000,2973.8000,2976.2000,2976.4000,2976.8000,2978.4000,2978.8000,1,5,6,3,2,1,3,5,1,6
SF,IH2003,2019-11-19 09:31:25.200,2975.8000,12711,0,51705060.000,0,-,-,-,-,2975.0000,2974.6000,2974.4000,2974.2000,2973.8000,2976.2000,2976.4000,2976.8000,2978.4000,2978.8000,1,2,6,3,2,1,3,5,1,6
SF,IH2003,2019-11-19 09:31:25.700,2975.8000,12711,0,51705060.000,0,-,-,-,-,2975.0000,2974.4000,2974.2000,2973.8000,2973.4000,2976.2000,2976.4000,2976.8000,2978.4000,2978.8000,1,6,3,2,1,1,3,5,1,6
SF,IH2003,2019-11-19 09:31:26.200,2975.8000,12711,0,51705060.000,0,-,-,-,-,2975.0000,2974.4000,2974.2000,2973.8000,2973.4000,2976.0000,2976.2000,2976.4000,2976.8000,2978.4000,1,6,3,2,1,3,1,3,2,1
SF,IH2003,2019-11-19 09:31:26.700,2975.8000,12711,0,51705060.000,0,-,-,-,-,2975.0000,2974.4000,2974.2000,2973.8000,2973.4000,2975.8000,2976.0000,2976.4000,2976.8000,2978.4000,1,6,3,2,1,1,3,3,2,1
SF,IH2003,2019-11-19 09:31:27.200,2975.8000,12711,0,51705060.000,0,-,-,-,-,2975.0000,2974.4000,2974.2000,2973.8000,2973.4000,2975.8000,2976.0000,2976.4000,2976.8000,2978.4000,1,6,3,2,1,1,2,3,2,1
SF,IH2003,2019-11-19 09:31:28.700,2975.0000,12710,-1,52597560.000,1,0,1,双平,S,2974.4000,2974.2000,2973.8000,2973.4000,2972.8000,2975.0000,2975.8000,2976.0000,2976.4000,2976.8000,6,3,2,1,1,1,1,2,4,2
SF,IH2003,2019-11-19 09:31:29.200,2975.0000,12709,-1,53490060.000,1,0,1,双平,S,2974.4000,2974.2000,2973.8000,2973.4000,2972.8000,2974.8000,2976.0000,2976.4000,2976.8000,2978.4000,6,3,2,1,1,1,2,3,2,1
SF,IH2003,2019-11-19 09:31:29.700,2974.8000,12709,0,54382500.000,1,0,1,多换,S,2974.4000,2974.2000,2973.8000,2973.4000,2972.8000,2976.0000,2976.4000,2976.8000,2978.4000,2978.8000,6,3,2,1,1,2,3,2,1,6
SF,IH2003,2019-11-19 09:31:30.200,2974.8000,12709,0,54382500.000,0,-,-,-,-,2974.4000,2974.2000,2973.8000,2973.4000,2972.8000,2975.8000,2976.0000,2976.4000,2976.8000,2978.4000,6,2,2,1,1,3,2,3,2,1
SF,IH2003,2019-11-19 09:31:31.200,2974.8000,12709,0,54382500.000,0,-,-,-,-,2974.4000,2973.8000,2973.4000,2972.8000,2972.0000,2975.6000,2975.8000,2976.0000,2976.4000,2976.8000,6,2,1,1,1,2,3,2,1,2
SF,IH2003,2019-11-19 09:31:31.700,2974.8000,12709,0,54382500.000,0,-,-,-,-,2974.4000,2973.8000,2973.4000,2972.8000,2972.0000,2975.6000,2975.8000,2976.0000,2976.4000,2976.8000,6,2,1,1,1,2,2,2,1,2
SF,IH2003,2019-11-19 09:31:32.200,2974.8000,12709,0,54382500.000,0,-,-,-,-,2974.4000,2973.8000,2973.4000,2972.8000,2972.0000,2975.6000,2975.8000,2976.0000,2976.4000,2976.8000,6,2,1,1,1,2,2,2,1,2
SF,IH2003,2019-11-19 09:31:32.700,2974.8000,12709,0,54382500.000,0,-,-,-,-,2974.4000,2973.8000,2973.4000,2972.8000,2972.0000,2975.4000,2975.6000,2975.8000,2976.0000,2976.4000,6,2,1,1,1,1,2,2,2,1
SF,IH2003,2019-11-19 09:31:33.200,2974.8000,12709,0,54382500.000,0,-,-,-,-,2974.4000,2973.4000,2972.8000,2972.0000,2971.0000,2975.4000,2975.6000,2975.8000,2976.0000,2976.8000,6,1,1,1,3,2,2,2,2,2
SF,IH2003,2019-11-19 09:31:33.700,2974.4000,12704,-5,59736420.000,6,0,6,多平,S,2973.4000,2972.8000,2972.0000,2971.0000,2970.0000,2975.0000,2975.2000,2975.4000,2975.6000,2975.8000,1,1,1,3,1,5,2,2,2,1
SF,IH2003,2019-11-19 09:31:34.200,2974.4000,12704,0,59736420.000,0,-,-,-,-,2973.4000,2972.8000,2972.0000,2971.0000,2970.0000,2974.8000,2975.2000,2975.4000,2975.6000,2975.8000,1,1,1,3,1,1,7,1,2,1
SF,IH2003,2019-11-19 09:31:34.700,2974.4000,12704,0,59736420.000,0,-,-,-,-,2973.4000,2972.8000,2972.0000,2971.0000,2970.0000,2974.6000,2974.8000,2975.2000,2975.4000,2978.4000,2,1,1,3,1,1,6,7,1,1
SF,IH2003,2019-11-19 09:31:35.200,2974.4000,12704,0,59736420.000,0,-,-,-,-,2973.4000,2972.8000,2972.0000,2971.0000,2970.0000,2974.8000,2975.2000,2975.4000,2978.4000,2978.8000,2,1,1,3,1,5,7,1,1,6
SF,IH2003,2019-11-19 09:31:35.700,2974.4000,12704,0,59736420.000,0,-,-,-,-,2973.4000,2972.8000,2972.0000,2971.0000,2970.0000,2974.6000,2974.8000,2975.2000,2975.4000,2978.4000,2,1,1,3,1,3,5,5,1,1
SF,IH2003,2019-11-19 09:31:36.200,2974.4000,12704,0,59736420.000,0,-,-,-,-,2973.4000,2972.8000,2971.0000,2970.0000,2969.0000,2974.4000,2974.6000,2974.8000,2975.2000,2975.4000,2,1,3,1,2,1,2,5,5,1
SF,IH2003,2019-11-19 09:31:36.700,2974.4000,12704,0,60628740.000,1,0,1,多换,S,2973.4000,2972.8000,2971.0000,2970.0000,2969.0000,2974.6000,2974.8000,2975.2000,2975.4000,2978.4000,2,1,3,1,2,1,5,5,1,1
SF,IH2003,2019-11-19 09:31:37.200,2974.4000,12704,0,60628740.000,0,-,-,-,-,2973.6000,2973.4000,2972.8000,2971.0000,2970.0000,2974.8000,2975.2000,2975.4000,2978.4000,2978.8000,1,2,1,3,1,2,5,1,1,6
SF,IH2003,2019-11-19 09:31:37.700,2974.4000,12704,0,60628740.000,0,-,-,-,-,2973.6000,2973.4000,2972.8000,2971.0000,2970.0000,2975.2000,2975.4000,2978.4000,2978.8000,2979.0000,1,2,1,3,1,5,1,1,6,2
SF,IH2003,2019-11-19 09:31:38.700,2974.4000,12704,0,60628740.000,0,-,-,-,-,2973.6000,2973.4000,2972.8000,2971.0000,2970.0000,2975.0000,2975.2000,2975.4000,2978.4000,2978.8000,1,2,1,3,1,2,5,1,1,6
SF,IH2003,2019-11-19 09:31:39.200,2974.4000,12704,0,60628740.000,0,-,-,-,-,2973.6000,2973.4000,2972.8000,2971.0000,2970.0000,2975.0000,2975.2000,2975.4000,2978.4000,2978.8000,1,2,1,3,1,1,5,1,1,6
SF,IH2003,2019-11-19 09:31:39.700,2974.4000,12704,0,60628740.000,0,-,-,-,-,2973.6000,2973.4000,2972.8000,2971.0000,2970.0000,2974.8000,2975.0000,2975.2000,2975.4000,2978.4000,1,2,1,3,1,3,1,5,1,1
SF,IH2003,2019-11-19 09:31:40.200,2974.4000,12704,0,60628740.000,0,-,-,-,-,2973.4000,2972.8000,2971.0000,2970.0000,2969.0000,2974.6000,2974.8000,2975.0000,2975.2000,2975.4000,2,1,3,1,2,1,3,1,5,1
SF,IH2003,2019-11-19 09:31:41.200,2974.8000,12702,-2,62413560.000,2,0,2,双平,S,2973.6000,2973.4000,2972.8000,2971.0000,2970.0000,2974.8000,2975.2000,2975.4000,2976.0000,2978.4000,2,3,1,3,1,2,5,1,1,1
SF,IH2003,2019-11-19 09:31:41.700,2974.8000,12702,0,62413560.000,0,-,-,-,-,2973.8000,2973.6000,2973.4000,2972.8000,2971.0000,2975.2000,2975.4000,2978.4000,2978.8000,2979.0000,1,2,2,1,3,5,1,1,6,2
SF,IH2003,2019-11-19 09:31:42.200,2974.8000,12702,0,62413560.000,0,-,-,-,-,2973.8000,2973.6000,2973.4000,2972.8000,2971.0000,2975.0000,2975.2000,2975.4000,2978.4000,2978.8000,1,2,2,1,2,1,5,1,1,6
SF,IH2003,2019-11-19 09:31:42.700,2974.8000,12702,0,62413560.000,0,-,-,-,-,2973.8000,2973.6000,2973.4000,2972.8000,2971.0000,2975.0000,2975.2000,2975.4000,2978.4000,2978.8000,1,2,2,1,2,2,5,1,1,6
SF,IH2003,2019-11-19 09:31:43.200,2974.8000,12702,0,62413560.000,0,-,-,-,-,2973.8000,2973.6000,2973.4000,2972.8000,2971.0000,2975.0000,2975.2000,2975.4000,2978.4000,2978.8000,1,2,2,1,2,1,5,1,1,6
SF,IH2003,2019-11-19 09:31:43.700,2974.8000,12702,0,62413560.000,0,-,-,-,-,2973.8000,2973.6000,2973.4000,2972.8000,2971.0000,2974.8000,2975.2000,2975.4000,2978.4000,2978.8000,1,2,2,1,2,1,5,1,1,6
SF,IH2003,2019-11-19 09:31:44.200,2974.8000,12702,0,62413560.000,0,-,-,-,-,2973.8000,2973.6000,2973.4000,2972.8000,2971.0000,2975.2000,2975.4000,2978.4000,2978.8000,2979.0000,1,2,2,1,2,5,1,1,6,2
SF,IH2003,2019-11-19 09:31:44.700,2974.8000,12702,0,62413560.000,0,-,-,-,-,2973.8000,2973.6000,2973.4000,2972.8000,2971.0000,2975.2000,2975.4000,2978.4000,2978.8000,2979.0000,1,2,2,1,2,5,1,1,6,2
SF,IH2003,2019-11-19 09:31:45.200,2974.8000,12702,0,62413560.000,0,-,-,-,-,2973.8000,2973.6000,2973.4000,2972.8000,2971.0000,2974.6000,2975.0000,2975.2000,2975.4000,2978.4000,1,2,2,1,2,5,1,5,1,1
SF,IH2003,2019-11-19 09:31:45.700,2974.8000,12702,0,62413560.000,0,-,-,-,-,2973.8000,2973.6000,2973.4000,2972.8000,2971.0000,2975.0000,2975.2000,2975.4000,2978.4000,2978.8000,1,2,2,1,2,1,5,1,1,6
SF,IH2003,2019-11-19 09:31:46.200,2974.8000,12702,0,62413560.000,0,-,-,-,-,2974.0000,2973.8000,2973.6000,2973.4000,2972.8000,2975.2000,2975.4000,2978.4000,2978.8000,2979.0000,2,1,2,2,1,5,1,1,6,2
SF,IH2003,2019-11-19 09:31:46.700,2974.8000,12702,0,62413560.000,0,-,-,-,-,2974.8000,2974.2000,2974.0000,2973.6000,2973.4000,2975.2000,2975.4000,2978.4000,2978.8000,2979.0000,2,1,2,2,2,5,1,1,6,2
SF,IH2003,2019-11-19 09:31:47.200,2974.8000,12702,0,62413560.000,0,-,-,-,-,2974.8000,2974.0000,2973.6000,2973.4000,2972.8000,2975.0000,2975.2000,2975.4000,2978.4000,2978.8000,2,2,2,2,1,5,5,1,1,6
SF,IH2003,2019-11-19 09:31:47.700,2974.8000,12703,1,63306000.000,1,1,0,双开,S,2974.8000,2974.0000,2973.6000,2973.4000,2972.8000,2975.0000,2975.2000,2975.4000,2978.4000,2978.8000,1,3,2,2,1,5,5,1,1,6
SF,IH2003,2019-11-19 09:31:48.200,2974.8000,12703,0,64198440.000,1,0,1,多换,S,2974.0000,2973.6000,2973.4000,2972.8000,2971.0000,2974.8000,2975.0000,2975.2000,2975.4000,2978.4000,3,2,2,1,2,1,5,5,1,1
SF,IH2003,2019-11-19 09:31:48.700,2974.8000,12703,0,64198440.000,0,-,-,-,-,2974.8000,2974.2000,2974.0000,2973.6000,2973.4000,2975.2000,2978.4000,2978.8000,2979.0000,2980.0000,1,1,3,2,2,1,1,6,2,1
SF,IH2003,2019-11-19 09:31:49.200,2974.8000,12703,0,64198440.000,0,-,-,-,-,2974.0000,2973.6000,2973.4000,2972.8000,2971.0000,2978.4000,2978.8000,2979.0000,2980.0000,2982.4000,3,2,2,1,2,1,6,2,1,5
SF,IH2003,2019-11-19 09:31:49.700,2974.8000,12703,0,64198440.000,0,-,-,-,-,2974.4000,2974.2000,2974.0000,2973.6000,2973.4000,2975.4000,2975.8000,2976.0000,2976.2000,2976.4000,1,1,3,2,2,5,1,2,2,2
SF,IH2003,2019-11-19 09:31:50.200,2974.8000,12703,0,64198440.000,0,-,-,-,-,2974.6000,2974.4000,2974.0000,2973.6000,2973.4000,2976.0000,2976.2000,2976.4000,2976.8000,2978.0000,1,1,3,2,2,2,1,2,1,7
SF,IH2003,2019-11-19 09:31:50.700,2974.8000,12703,0,64198440.000,0,-,-,-,-,2974.6000,2974.4000,2974.0000,2973.6000,2973.4000,2975.8000,2976.0000,2976.2000,2976.4000,2976.8000,7,1,3,2,2,2,2,1,2,1
SF,IH2003,2019-11-19 09:31:51.200,2974.8000,12703,0,64198440.000,0,-,-,-,-,2974.6000,2974.4000,2974.0000,2973.6000,2973.4000,2975.8000,2976.0000,2976.2000,2976.4000,2976.8000,7,1,3,2,2,5,2,1,2,1
SF,IH2003,2019-11-19 09:31:51.700,2974.6000,12697,-6,69552720.000,6,0,6,双平,S,2974.6000,2974.4000,2974.0000,2973.6000,2973.4000,2975.8000,2976.0000,2976.2000,2976.4000,2976.8000,1,1,3,2,2,5,2,2,2,1
SF,IH2003,2019-11-19 09:31:52.200,2974.4000,12695,-2,71337420.000,2,0,2,双平,S,2974.0000,2973.6000,2973.4000,2972.8000,2971.0000,2974.6000,2975.0000,2975.6000,2975.8000,2976.0000,3,2,2,2,2,4,5,14,5,2
SF,IH2003,2019-11-19 09:31:52.700,2974.0000,12692,-3,74014020.000,3,0,3,双平,S,2973.4000,2972.8000,2972.0000,2971.0000,2970.0000,2974.6000,2975.6000,2975.8000,2976.0000,2976.2000,2,2,1,2,1,2,1,6,2,1
SF,IH2003,2019-11-19 09:31:53.200,2974.0000,12692,0,74014020.000,0,-,-,-,-,2973.6000,2973.4000,2972.8000,2972.0000,2971.0000,2974.6000,2975.6000,2975.8000,2976.0000,2976.2000,1,2,2,1,2,1,1,6,2,1
SF,IH2003,2019-11-19 09:31:53.700,2974.0000,12692,0,74014020.000,0,-,-,-,-,2974.0000,2973.8000,2973.6000,2973.4000,2972.8000,2974.6000,2975.6000,2975.8000,2976.0000,2976.2000,2,1,6,2,2,1,1,6,2,1
SF,IH2003,2019-11-19 09:31:54.200,2974.6000,12691,-1,74906400.000,1,0,1,双平,S,2974.6000,2974.2000,2973.8000,2973.6000,2973.4000,2975.6000,2975.8000,2976.0000,2976.2000,2976.4000,1,1,1,5,2,1,6,2,1,2
SF,IH2003,2019-11-19 09:31:54.700,2974.6000,12691,0,74906400.000,0,-,-,-,-,2973.8000,2973.6000,2973.4000,2972.8000,2972.0000,2975.2000,2975.4000,2975.6000,2975.8000,2976.0000,1,5,2,2,1,3,6,1,6,2
SF,IH2003,2019-11-19 09:31:55.200,2974.6000,12691,0,74906400.000,0,-,-,-,-,2974.0000,2973.8000,2973.6000,2973.4000,2972.8000,2975.0000,2975.4000,2975.6000,2975.8000,2976.0000,1,1,5,2,2,2,5,1,6,2
SF,IH2003,2019-11-19 09:31:55.700,2974.6000,12691,0,74906400.000,0,-,-,-,-,2973.4000,2972.8000,2972.0000,2971.0000,2970.0000,2974.8000,2975.0000,2975.4000,2975.6000,2975.8000,2,2,1,2,1,1,2,5,1,6
SF,IH2003,2019-11-19 09:31:56.200,2974.6000,12691,0,74906400.000,0,-,-,-,-,2973.6000,2973.4000,2972.8000,2972.0000,2971.0000,2974.8000,2975.0000,2975.4000,2975.6000,2975.8000,1,2,2,1,2,1,2,5,1,6
SF,IH2003,2019-11-19 09:31:57.700,2974.6000,12691,0,74906400.000,0,-,-,-,-,2973.6000,2973.4000,2972.8000,2972.0000,2971.0000,2974.6000,2974.8000,2975.0000,2975.4000,2975.6000,1,2,2,1,2,8,1,2,3,1
SF,IH2003,2019-11-19 09:31:58.200,2974.6000,12691,0,74906400.000,0,-,-,-,-,2973.4000,2972.8000,2972.0000,2971.0000,2970.0000,2974.6000,2975.0000,2975.4000,2975.6000,2975.8000,2,2,1,2,1,8,2,3,1,3
SF,IH2003,2019-11-19 09:31:58.700,2974.6000,12691,0,74906400.000,0,-,-,-,-,2973.4000,2972.8000,2972.0000,2971.0000,2970.0000,2974.6000,2975.0000,2975.4000,2975.6000,2975.8000,2,2,1,2,1,8,2,3,1,3
SF,IH2003,2019-11-19 09:31:59.200,2974.6000,12691,0,74906400.000,0,-,-,-,-,2973.4000,2972.8000,2972.0000,2971.0000,2970.0000,2974.4000,2974.6000,2975.0000,2975.4000,2975.6000,2,2,1,2,1,1,8,2,3,1
SF,IH2003,2019-11-19 09:31:59.700,2974.6000,12691,0,74906400.000,0,-,-,-,-,2973.4000,2972.8000,2972.0000,2971.0000,2970.0000,2974.2000,2974.4000,2974.6000,2975.4000,2975.6000,2,2,1,2,1,2,1,7,3,1
SF,IH2003,2019-11-19 09:32:00.200,2973.4000,12690,-1,75798420.000,1,0,1,双平,S,2973.4000,2972.8000,2972.0000,2971.0000,2970.0000,2974.0000,2974.2000,2974.6000,2975.4000,2975.6000,1,2,1,2,1,1,2,7,3,1
SF,IH2003,2019-11-19 09:32:00.700,2973.4000,12690,0,75798420.000,0,-,-,-,-,2973.4000,2972.8000,2972.0000,2971.0000,2970.0000,2974.2000,2974.6000,2975.4000,2975.6000,2975.8000,1,2,1,2,1,2,7,3,1,3
SF,IH2003,2019-11-19 09:32:01.200,2973.4000,12690,0,75798420.000,0,-,-,-,-,2973.4000,2972.8000,2972.0000,2971.0000,2970.0000,2974.2000,2974.6000,2975.4000,2975.6000,2975.8000,1,2,1,2,1,2,7,3,1,3
SF,IH2003,2019-11-19 09:32:01.700,2973.4000,12690,0,75798420.000,0,-,-,-,-,2973.4000,2972.8000,2972.0000,2971.0000,2970.0000,2974.2000,2974.6000,2975.4000,2975.6000,2975.8000,1,2,1,2,1,2,7,3,1,3
SF,IH2003,2019-11-19 09:32:02.200,2973.4000,12690,0,75798420.000,0,-,-,-,-,2973.4000,2972.8000,2972.0000,2971.0000,2970.0000,2974.2000,2974.6000,2975.4000,2975.6000,2975.8000,1,2,1,2,1,2,7,3,1,3
SF,IH2003,2019-11-19 09:32:02.700,2973.4000,12690,0,76690440.000,1,0,1,多换,S,2972.8000,2972.0000,2971.0000,2970.0000,2969.0000,2974.0000,2974.2000,2974.6000,2975.4000,2975.6000,2,1,2,1,2,1,2,7,3,1
SF,IH2003,2019-11-19 09:32:03.200,2973.4000,12690,0,76690440.000,0,-,-,-,-,2972.8000,2972.0000,2971.0000,2970.0000,2969.0000,2973.8000,2974.0000,2974.2000,2974.6000,2975.4000,2,1,2,1,2,2,2,2,5,3
SF,IH2003,2019-11-19 09:32:03.700,2973.4000,12690,0,76690440.000,0,-,-,-,-,2973.0000,2972.8000,2972.0000,2971.0000,2970.0000,2973.8000,2974.0000,2974.2000,2974.6000,2975.4000,1,2,1,2,1,2,1,2,5,3
SF,IH2003,2019-11-19 09:32:04.200,2973.4000,12690,0,76690440.000,0,-,-,-,-,2972.8000,2972.0000,2971.0000,2970.0000,2969.0000,2973.8000,2974.0000,2974.2000,2974.6000,2975.4000,2,1,2,1,2,2,1,2,5,3
SF,IH2003,2019-11-19 09:32:04.700,2973.4000,12690,0,76690440.000,0,-,-,-,-,2973.0000,2972.8000,2972.0000,2971.0000,2970.0000,2973.8000,2974.0000,2974.2000,2974.6000,2975.4000,1,2,1,2,1,2,1,2,5,3
SF,IH2003,2019-11-19 09:32:05.700,2973.4000,12690,0,76690440.000,0,-,-,-,-,2973.0000,2972.8000,2972.0000,2971.0000,2970.0000,2973.8000,2974.2000,2974.6000,2975.4000,2975.6000,1,2,1,2,1,2,2,5,3,1
SF,IH2003,2019-11-19 09:32:06.700,2973.4000,12690,0,76690440.000,0,-,-,-,-,2973.0000,2972.8000,2972.0000,2971.0000,2970.0000,2974.2000,2974.6000,2975.4000,2975.6000,2975.8000,1,2,1,2,1,2,5,3,1,3
SF,IH2003,2019-11-19 09:32:07.200,2973.4000,12690,0,76690440.000,0,-,-,-,-,2973.0000,2972.8000,2972.0000,2971.0000,2970.0000,2974.0000,2974.2000,2974.6000,2975.4000,2975.6000,1,2,1,2,1,1,2,5,3,1
SF,IH2003,2019-11-19 09:32:07.700,2973.4000,12690,0,76690440.000,0,-,-,-,-,2973.0000,2972.8000,2972.0000,2971.0000,2970.0000,2974.2000,2974.6000,2975.4000,2975.6000,2975.8000,1,2,1,2,1,2,5,3,1,3
SF,IH2003,2019-11-19 09:32:08.200,2973.4000,12690,0,76690440.000,0,-,-,-,-,2973.2000,2973.0000,2972.8000,2972.0000,2971.0000,2975.4000,2975.6000,2975.8000,2976.0000,2976.2000,1,1,2,1,2,3,1,3,2,1
SF,IH2003,2019-11-19 09:32:08.700,2973.4000,12690,0,76690440.000,0,-,-,-,-,2973.2000,2972.8000,2972.0000,2971.0000,2970.0000,2975.0000,2975.2000,2975.4000,2975.8000,2976.0000,1,2,1,2,1,1,7,3,3,2
SF,IH2003,2019-11-19 09:32:09.200,2973.4000,12690,0,76690440.000,0,-,-,-,-,2973.4000,2973.2000,2972.8000,2972.0000,2971.0000,2974.8000,2975.0000,2975.2000,2975.4000,2975.8000,2,1,2,1,2,3,1,5,3,3
SF,IH2003,2019-11-19 09:32:09.700,2973.4000,12690,0,76690440.000,0,-,-,-,-,2973.4000,2973.2000,2972.8000,2972.0000,2971.0000,2974.8000,2975.2000,2975.4000,2975.8000,2976.0000,1,1,2,1,2,6,4,3,3,2
SF,IH2003,2019-11-19 09:32:10.200,2973.4000,12690,0,76690440.000,0,-,-,-,-,2973.2000,2972.8000,2972.0000,2971.0000,2970.0000,2974.6000,2974.8000,2975.2000,2975.4000,2975.8000,1,2,1,2,1,1,6,4,3,3
SF,IH2003,2019-11-19 09:32:10.700,2973.4000,12690,0,76690440.000,0,-,-,-,-,2973.4000,2973.2000,2972.8000,2972.0000,2971.0000,2974.8000,2975.2000,2975.4000,2975.8000,2976.0000,3,1,2,1,2,5,4,3,3,2
SF,IH2003,2019-11-19 09:32:11.200,2973.4000,12690,0,76690440.000,0,-,-,-,-,2973.4000,2973.2000,2972.8000,2972.0000,2971.0000,2974.6000,2974.8000,2975.2000,2975.4000,2975.8000,2,1,2,1,2,1,5,4,3,3
SF,IH2003,2019-11-19 09:32:11.700,2973.4000,12690,0,76690440.000,0,-,-,-,-,2973.2000,2972.8000,2972.0000,2971.0000,2970.0000,2974.4000,2974.6000,2974.8000,2975.0000,2975.2000,1,2,1,2,1,5,4,5,1,2
SF,IH2003,2019-11-19 09:32:12.200,2973.4000,12690,0,76690440.000,0,-,-,-,-,2973.4000,2972.8000,2972.0000,2971.0000,2970.0000,2974.4000,2974.6000,2974.8000,2975.2000,2975.8000,2,2,1,2,1,2,1,4,2,1
SF,IH2003,2019-11-19 09:32:12.700,2973.4000,12690,0,76690440.000,0,-,-,-,-,2973.6000,2973.4000,2972.8000,2972.0000,2971.0000,2974.8000,2975.2000,2975.8000,2976.0000,2976.2000,1,5,2,1,2,2,2,1,2,1
SF,IH2003,2019-11-19 09:32:13.200,2973.4000,12690,0,76690440.000,0,-,-,-,-,2973.4000,2972.8000,2972.0000,2971.0000,2970.0000,2974.6000,2974.8000,2975.2000,2975.8000,2976.0000,3,2,1,2,1,1,2,2,1,2
SF,IH2003,2019-11-19 09:32:14.200,2973.4000,12690,0,76690440.000,0,-,-,-,-,2973.4000,2972.8000,2972.0000,2971.0000,2970.0000,2974.6000,2974.8000,2975.2000,2975.8000,2976.0000,2,2,1,2,1,1,2,2,1,2
SF,IH2003,2019-11-19 09:32:14.700,2973.4000,12690,0,76690440.000,0,-,-,-,-,2973.6000,2973.4000,2972.8000,2972.0000,2971.0000,2974.8000,2975.2000,2975.8000,2976.0000,2976.2000,3,2,2,1,2,2,2,1,2,1
SF,IH2003,2019-11-19 09:32:15.200,2973.4000,12690,0,76690440.000,0,-,-,-,-,2973.6000,2973.4000,2972.8000,2972.0000,2971.0000,2974.6000,2974.8000,2975.2000,2975.8000,2976.0000,3,2,2,1,2,1,2,2,1,2
SF,IH2003,2019-11-19 09:32:15.700,2973.4000,12690,0,76690440.000,0,-,-,-,-,2973.6000,2973.4000,2972.8000,2972.0000,2971.0000,2974.6000,2974.8000,2975.2000,2975.8000,2976.0000,2,2,2,1,2,1,2,2,1,2
SF,IH2003,2019-11-19 09:32:16.200,2973.4000,12690,0,76690440.000,0,-,-,-,-,2973.6000,2973.4000,2972.8000,2972.0000,2971.0000,2974.8000,2975.2000,2975.8000,2976.0000,2976.2000,2,2,2,1,2,2,2,1,2,1
SF,IH2003,2019-11-19 09:32:17.200,2973.4000,12690,0,76690440.000,0,-,-,-,-,2973.8000,2973.6000,2973.4000,2972.8000,2972.0000,2975.8000,2976.0000,2976.2000,2976.4000,2976.8000,4,1,2,2,1,1,2,1,1,1
SF,IH2003,2019-11-19 09:32:17.700,2973.4000,12690,0,76690440.000,0,-,-,-,-,2974.0000,2973.8000,2973.4000,2972.8000,2972.0000,2975.6000,2975.8000,2976.0000,2976.2000,2976.4000,2,4,2,2,1,7,1,2,1,1
SF,IH2003,2019-11-19 09:32:18.200,2973.4000,12690,0,76690440.000,0,-,-,-,-,2974.0000,2973.4000,2972.8000,2972.0000,2971.0000,2975.4000,2975.6000,2975.8000,2976.0000,2976.2000,1,2,2,1,2,1,9,1,3,1
SF,IH2003,2019-11-19 09:32:18.700,2973.4000,12690,0,76690440.000,0,-,-,-,-,2973.4000,2972.8000,2972.0000,2971.0000,2970.0000,2975.2000,2975.4000,2975.6000,2975.8000,2976.0000,2,2,1,2,1,1,2,4,1,2
SF,IH2003,2019-11-19 09:32:19.200,2973.4000,12690,0,76690440.000,0,-,-,-,-,2973.6000,2973.4000,2972.8000,2972.0000,2971.0000,2975.2000,2975.4000,2975.6000,2975.8000,2976.0000,6,2,2,1,2,4,1,4,1,2
SF,IH2003,2019-11-19 09:32:19.700,2973.4000,12690,0,76690440.000,0,-,-,-,-,2973.8000,2973.6000,2973.4000,2972.8000,2972.0000,2975.2000,2975.4000,2975.6000,2975.8000,2976.0000,2,9,2,2,1,3,1,4,1,2
SF,IH2003,2019-11-19 09:32:20.200,2973.4000,12690,0,76690440.000,0,-,-,-,-,2973.8000,2973.6000,2973.4000,2972.8000,2972.0000,2975.2000,2975.4000,2975.6000,2975.8000,2976.0000,2,6,2,2,1,2,1,4,1,2
SF,IH2003,2019-11-19 09:32:20.700,2973.4000,12690,0,76690440.000,0,-,-,-,-,2974.0000,2973.8000,2973.6000,2973.4000,2972.8000,2975.2000,2975.4000,2975.6000,2975.8000,2976.0000,4,2,5,2,2,2,1,4,1,2
SF,IH2003,2019-11-19 09:32:21.200,2973.4000,12690,0,76690440.000,0,-,-,-,-,2974.0000,2973.8000,2973.6000,2973.4000,2972.8000,2975.6000,2975.8000,2976.0000,2976.2000,2976.4000,7,2,5,2,2,2,1,2,1,1
SF,IH2003,2019-11-19 09:32:21.700,2973.4000,12690,0,76690440.000,0,-,-,-,-,2974.2000,2974.0000,2973.8000,2973.6000,2973.4000,2975.4000,2975.6000,2975.8000,2976.0000,2976.2000,1,6,2,5,2,1,2,1,2,1
SF,IH2003,2019-11-19 09:32:22.200,2973.4000,12690,0,76690440.000,0,-,-,-,-,2974.4000,2974.2000,2974.0000,2973.8000,2973.6000,2975.4000,2975.6000,2975.8000,2976.4000,2976.8000,1,2,5,2,5,1,2,1,1,1
SF,IH2003,2019-11-19 09:32:22.700,2973.4000,12690,0,76690440.000,0,-,-,-,-,2974.4000,2974.2000,2974.0000,2973.8000,2973.6000,2975.4000,2975.6000,2975.8000,2976.8000,2978.0000,1,2,5,2,5,1,2,1,1,6
SF,IH2003,2019-11-19 09:32:24.200,2973.4000,12690,0,76690440.000,0,-,-,-,-,2974.4000,2974.0000,2973.8000,2973.6000,2972.8000,2975.4000,2975.6000,2975.8000,2976.8000,2978.0000,1,5,2,3,2,1,2,1,1,6
SF,IH2003,2019-11-19 09:32:24.700,2974.4000,12689,-1,77582760.000,1,0,1,双平,S,2974.0000,2973.8000,2973.6000,2972.8000,2972.0000,2975.4000,2975.6000,2975.8000,2976.8000,2978.0000,5,2,3,2,1,1,2,1,1,6
SF,IH2003,2019-11-19 09:32:25.200,2974.4000,12689,0,77582760.000,0,-,-,-,-,2974.2000,2974.0000,2973.8000,2973.6000,2972.8000,2975.4000,2975.6000,2975.8000,2976.8000,2978.0000,3,5,2,3,2,1,2,1,1,6
SF,IH2003,2019-11-19 09:32:25.700,2974.4000,12689,0,77582760.000,0,-,-,-,-,2974.0000,2973.8000,2973.6000,2972.8000,2972.0000,2975.2000,2975.4000,2975.6000,2975.8000,2976.8000,2,2,3,2,1,5,1,2,1,1
SF,IH2003,2019-11-19 09:32:26.200,2974.4000,12689,0,77582760.000,0,-,-,-,-,2972.8000,2972.0000,2971.0000,2970.0000,2969.0000,2974.0000,2974.6000,2975.0000,2975.2000,2975.6000,2,1,2,1,2,1,2,2,6,2
SF,IH2003,2019-11-19 09:32:26.700,2974.0000,12688,-1,78474960.000,1,0,1,双平,S,2974.0000,2973.8000,2973.6000,2973.4000,2973.2000,2975.2000,2975.6000,2975.8000,2978.0000,2978.2000,3,1,1,2,5,2,2,1,6,3
SF,IH2003,2019-11-19 09:32:27.200,2974.0000,12688,0,78474960.000,0,-,-,-,-,2974.0000,2973.4000,2973.2000,2973.0000,2972.8000,2975.0000,2975.2000,2975.6000,2975.8000,2978.0000,2,1,2,8,2,2,2,2,1,6
SF,IH2003,2019-11-19 09:32:27.700,2974.0000,12688,0,78474960.000,0,-,-,-,-,2974.0000,2973.4000,2973.2000,2973.0000,2972.8000,2974.8000,2975.0000,2975.2000,2975.6000,2975.8000,2,1,2,8,2,1,1,2,2,1
SF,IH2003,2019-11-19 09:32:28.200,2974.0000,12688,0,78474960.000,0,-,-,-,-,2974.0000,2973.4000,2973.2000,2973.0000,2972.8000,2974.8000,2975.2000,2975.6000,2975.8000,2978.0000,2,1,2,8,2,1,2,2,1,6
SF,IH2003,2019-11-19 09:32:28.700,2974.0000,12688,0,78474960.000,0,-,-,-,-,2974.0000,2973.4000,2973.2000,2973.0000,2972.8000,2974.8000,2975.2000,2975.6000,2975.8000,2978.0000,2,1,2,9,2,1,2,2,1,6
SF,IH2003,2019-11-19 09:32:32.200,2974.0000,12688,0,78474960.000,0,-,-,-,-,2974.0000,2973.4000,2973.2000,2973.0000,2972.8000,2974.8000,2975.2000,2975.6000,2975.8000,2978.0000,1,1,2,9,2,1,2,2,1,6
SF,IH2003,2019-11-19 09:32:32.700,2974.0000,12688,0,78474960.000,0,-,-,-,-,2974.0000,2973.4000,2973.2000,2973.0000,2972.8000,2975.2000,2975.6000,2975.8000,2978.0000,2978.2000,1,1,2,9,2,2,2,1,6,2
SF,IH2003,2019-11-19 09:32:33.200,2974.0000,12687,-1,79367160.000,1,0,1,双平,S,2973.4000,2973.2000,2973.0000,2972.8000,2972.0000,2975.2000,2975.6000,2975.8000,2978.0000,2978.2000,1,2,9,2,1,3,2,1,6,2
SF,IH2003,2019-11-19 09:32:33.700,2974.0000,12687,0,79367160.000,0,-,-,-,-,2973.6000,2973.4000,2973.2000,2973.0000,2972.8000,2975.2000,2975.6000,2975.8000,2978.0000,2978.2000,4,1,2,9,2,3,2,1,6,2
SF,IH2003,2019-11-19 09:32:34.200,2974.0000,12687,0,79367160.000,0,-,-,-,-,2973.6000,2973.4000,2973.2000,2973.0000,2972.8000,2975.2000,2975.6000,2975.8000,2978.0000,2978.2000,5,1,1,9,2,3,2,1,6,2
SF,IH2003,2019-11-19 09:32:34.700,2974.0000,12687,0,79367160.000,0,-,-,-,-,2974.0000,2973.6000,2973.2000,2973.0000,2972.8000,2975.2000,2975.6000,2975.8000,2978.0000,2978.2000,1,4,1,9,2,3,2,1,6,2
SF,IH2003,2019-11-19 09:32:35.200,2974.0000,12687,0,79367160.000,0,-,-,-,-,2974.0000,2973.6000,2973.2000,2973.0000,2972.8000,2975.2000,2975.6000,2975.8000,2978.0000,2978.2000,1,3,1,9,2,3,2,1,6,2
SF,IH2003,2019-11-19 09:32:35.700,2975.2000,12686,-1,82044840.000,3,1,2,多平,S,2974.0000,2973.6000,2973.2000,2973.0000,2972.8000,2975.4000,2975.8000,2978.0000,2978.2000,2978.4000,1,1,1,7,2,1,1,6,2,1
SF,IH2003,2019-11-19 09:32:36.200,2975.2000,12686,0,82044840.000,0,-,-,-,-,2974.2000,2974.0000,2973.6000,2973.2000,2973.0000,2975.4000,2975.8000,2978.0000,2978.2000,2978.4000,2,1,1,1,7,1,1,6,2,1
SF,IH2003,2019-11-19 09:32:36.700,2975.2000,12686,0,82044840.000,0,-,-,-,-,2974.2000,2974.0000,2973.6000,2973.2000,2973.0000,2975.4000,2975.8000,2978.0000,2978.2000,2978.4000,3,1,1,1,6,1,1,6,2,1
SF,IH2003,2019-11-19 09:32:37.700,2975.2000,12686,0,82044840.000,0,-,-,-,-,2974.2000,2974.0000,2973.6000,2973.2000,2973.0000,2975.4000,2975.8000,2978.0000,2978.2000,2978.4000,2,1,1,1,6,1,1,6,2,1
SF,IH2003,2019-11-19 09:32:38.200,2974.2000,12687,1,82937100.000,1,1,0,双开,S,2974.0000,2973.6000,2973.2000,2973.0000,2972.8000,2975.4000,2975.8000,2978.0000,2978.2000,2978.4000,1,1,1,6,2,1,1,6,2,1
SF,IH2003,2019-11-19 09:32:38.700,2974.2000,12687,0,82937100.000,0,-,-,-,-,2974.2000,2974.0000,2973.6000,2973.2000,2973.0000,2975.4000,2975.8000,2978.0000,2978.2000,2978.4000,1,1,1,1,6,1,1,6,2,1
SF,IH2003,2019-11-19 09:32:40.200,2974.2000,12687,0,83829360.000,1,0,1,多换,S,2974.0000,2973.6000,2973.2000,2973.0000,2972.8000,2975.4000,2975.8000,2978.0000,2978.2000,2978.4000,1,1,1,6,2,1,1,6,2,1
SF,IH2003,2019-11-19 09:32:40.700,2974.2000,12687,0,83829360.000,0,-,-,-,-,2974.0000,2973.6000,2973.2000,2973.0000,2972.8000,2975.2000,2975.4000,2975.8000,2978.0000,2978.2000,1,1,1,6,2,1,1,1,6,2
SF,IH2003,2019-11-19 09:32:41.200,2974.2000,12687,0,83829360.000,0,-,-,-,-,2974.2000,2974.0000,2973.6000,2973.2000,2973.0000,2975.0000,2975.2000,2975.8000,2978.0000,2978.2000,1,1,1,1,6,1,1,1,6,2
SF,IH2003,2019-11-19 09:32:41.700,2974.2000,12687,0,83829360.000,0,-,-,-,-,2974.0000,2973.6000,2973.2000,2973.0000,2972.8000,2975.0000,2975.2000,2975.8000,2978.0000,2978.2000,1,1,1,6,2,1,1,1,6,2
SF,IH2003,2019-11-19 09:32:42.700,2974.2000,12687,0,83829360.000,0,-,-,-,-,2974.0000,2973.2000,2973.0000,2972.8000,2972.0000,2975.0000,2975.2000,2975.8000,2978.0000,2978.2000,1,1,6,2,1,1,1,1,6,2
SF,IH2003,2019-11-19 09:32:43.200,2974.2000,12687,0,83829360.000,0,-,-,-,-,2974.0000,2973.2000,2973.0000,2972.8000,2972.0000,2975.0000,2975.2000,2975.4000,2975.8000,2978.0000,1,1,6,2,1,1,1,1,1,6
SF,IH2003,2019-11-19 09:32:46.200,2974.2000,12687,0,83829360.000,0,-,-,-,-,2973.2000,2973.0000,2972.8000,2972.0000,2971.0000,2975.0000,2975.2000,2975.4000,2975.8000,2978.0000,1,6,2,1,2,1,1,1,1,6
SF,IH2003,2019-11-19 09:32:46.700,2974.2000,12687,0,83829360.000,0,-,-,-,-,2973.4000,2973.2000,2973.0000,2972.8000,2972.0000,2975.0000,2975.2000,2975.4000,2975.8000,2978.0000,5,1,6,2,1,2,1,1,1,6
SF,IH2003,2019-11-19 09:32:47.200,2974.2000,12687,0,83829360.000,0,-,-,-,-,2973.4000,2973.2000,2973.0000,2972.8000,2972.0000,2975.0000,2975.2000,2975.4000,2975.8000,2978.0000,5,1,6,2,1,2,1,1,1,6
SF,IH2003,2019-11-19 09:32:48.200,2974.2000,12687,0,83829360.000,0,-,-,-,-,2973.4000,2973.2000,2973.0000,2972.8000,2972.0000,2974.8000,2975.0000,2975.2000,2975.4000,2975.8000,6,1,6,2,1,2,2,1,1,1
SF,IH2003,2019-11-19 09:32:48.700,2974.2000,12687,0,83829360.000,0,-,-,-,-,2973.4000,2973.2000,2973.0000,2972.8000,2972.0000,2974.6000,2974.8000,2975.0000,2975.2000,2975.4000,6,1,6,2,1,1,2,1,1,1
SF,IH2003,2019-11-19 09:32:49.200,2974.2000,12687,0,83829360.000,0,-,-,-,-,2973.4000,2973.2000,2973.0000,2972.8000,2972.0000,2974.6000,2975.0000,2975.2000,2975.4000,2975.8000,5,1,5,2,1,1,1,1,1,1
SF,IH2003,2019-11-19 09:32:50.200,2974.2000,12687,0,83829360.000,0,-,-,-,-,2973.4000,2973.2000,2973.0000,2972.8000,2972.0000,2974.6000,2975.0000,2975.2000,2975.4000,2975.8000,2,1,4,2,1,1,1,1,1,1
SF,IH2003,2019-11-19 09:32:50.700,2974.2000,12687,0,83829360.000,0,-,-,-,-,2973.4000,2973.0000,2972.8000,2972.0000,2971.0000,2974.4000,2974.6000,2975.0000,2975.2000,2975.4000,1,4,2,1,2,1,1,1,1,1
SF,IH2003,2019-11-19 09:32:51.200,2974.2000,12687,0,83829360.000,0,-,-,-,-,2973.4000,2973.0000,2972.8000,2972.0000,2971.0000,2974.2000,2974.4000,2975.0000,2975.2000,2975.4000,1,4,2,1,2,1,1,1,1,1
SF,IH2003,2019-11-19 09:32:51.700,2974.2000,12687,0,83829360.000,0,-,-,-,-,2973.4000,2973.0000,2972.8000,2972.0000,2971.0000,2974.2000,2975.0000,2975.2000,2975.4000,2975.8000,1,4,2,1,2,1,1,1,1,1
SF,IH2003,2019-11-19 09:32:52.200,2974.2000,12687,0,83829360.000,0,-,-,-,-,2973.4000,2973.0000,2972.8000,2972.0000,2971.0000,2975.0000,2975.2000,2975.4000,2975.8000,2978.0000,1,4,2,1,2,1,1,1,1,6
SF,IH2003,2019-11-19 09:32:52.700,2974.2000,12687,0,83829360.000,0,-,-,-,-,2973.4000,2973.0000,2972.8000,2972.0000,2971.0000,2974.8000,2975.0000,2975.2000,2975.4000,2975.8000,1,4,2,1,2,4,1,1,1,1
SF,IH2003,2019-11-19 09:32:53.200,2974.2000,12687,0,83829360.000,0,-,-,-,-,2973.4000,2973.0000,2972.8000,2972.0000,2971.0000,2974.8000,2975.0000,2975.2000,2975.4000,2975.8000,1,4,2,1,2,4,1,1,1,1
SF,IH2003,2019-11-19 09:32:53.700,2974.2000,12687,0,83829360.000,0,-,-,-,-,2973.4000,2973.0000,2972.8000,2972.0000,2971.0000,2974.6000,2974.8000,2975.0000,2975.2000,2975.4000,2,4,2,1,2,1,4,1,1,1
SF,IH2003,2019-11-19 09:32:54.200,2974.2000,12687,0,83829360.000,0,-,-,-,-,2973.4000,2973.0000,2972.8000,2972.0000,2971.0000,2974.4000,2974.6000,2974.8000,2975.0000,2975.2000,2,4,2,1,2,2,1,2,1,1
SF,IH2003,2019-11-19 09:32:55.200,2974.2000,12687,0,83829360.000,0,-,-,-,-,2973.4000,2973.0000,2972.8000,2972.0000,2971.0000,2974.4000,2974.6000,2974.8000,2975.0000,2975.2000,2,4,2,1,2,2,1,3,1,1
SF,IH2003,2019-11-19 09:32:59.200,2974.2000,12687,0,83829360.000,0,-,-,-,-,2973.4000,2973.0000,2972.8000,2972.0000,2971.0000,2974.4000,2974.6000,2974.8000,2975.0000,2975.2000,1,4,2,1,2,2,1,3,1,1
SF,IH2003,2019-11-19 09:33:03.200,2974.4000,12685,-2,85614000.000,2,0,2,双平,S,2973.4000,2973.0000,2972.8000,2972.0000,2971.0000,2974.6000,2974.8000,2975.0000,2975.2000,2975.4000,1,4,2,1,2,1,1,1,1,2
SF,IH2003,2019-11-19 09:33:03.700,2974.4000,12685,0,85614000.000,0,-,-,-,-,2973.6000,2973.4000,2973.0000,2972.8000,2972.0000,2974.6000,2974.8000,2975.0000,2975.2000,2975.4000,3,1,4,2,1,1,1,1,1,1
SF,IH2003,2019-11-19 09:33:05.200,2974.4000,12685,0,85614000.000,0,-,-,-,-,2973.6000,2973.0000,2972.8000,2972.0000,2971.0000,2974.6000,2974.8000,2975.0000,2975.2000,2975.4000,3,4,2,1,2,1,1,1,1,1
SF,IH2003,2019-11-19 09:33:05.700,2974.4000,12685,0,85614000.000,0,-,-,-,-,2973.6000,2973.0000,2972.8000,2972.0000,2971.0000,2974.6000,2974.8000,2975.0000,2975.2000,2975.4000,4,4,2,1,2,1,1,1,1,1
SF,IH2003,2019-11-19 09:33:06.200,2974.4000,12685,0,85614000.000,0,-,-,-,-,2973.6000,2973.0000,2972.8000,2972.0000,2971.0000,2974.6000,2974.8000,2975.0000,2975.2000,2975.4000,4,4,2,1,2,1,1,1,1,1
SF,IH2003,2019-11-19 09:33:06.700,2974.4000,12685,0,85614000.000,0,-,-,-,-,2973.6000,2973.0000,2972.8000,2972.0000,2971.0000,2974.6000,2974.8000,2975.0000,2975.2000,2975.4000,3,4,2,1,2,1,1,1,1,1
SF,IH2003,2019-11-19 09:33:07.200,2974.4000,12685,0,85614000.000,0,-,-,-,-,2973.8000,2973.6000,2973.0000,2972.8000,2972.0000,2974.6000,2974.8000,2975.0000,2975.2000,2975.4000,1,1,4,2,1,1,1,1,1,1
SF,IH2003,2019-11-19 09:33:07.700,2974.4000,12685,0,85614000.000,0,-,-,-,-,2973.8000,2973.6000,2973.0000,2972.8000,2972.0000,2974.6000,2974.8000,2975.0000,2975.2000,2975.4000,1,1,4,2,1,1,1,1,1,1
SF,IH2003,2019-11-19 09:33:08.200,2973.8000,12685,0,86506140.000,1,0,1,多换,S,2973.6000,2973.0000,2972.8000,2972.0000,2971.0000,2973.8000,2974.6000,2974.8000,2975.0000,2975.2000,1,4,2,1,2,1,1,2,1,1
SF,IH2003,2019-11-19 09:33:08.700,2973.6000,12684,-1,87398220.000,1,0,1,双平,S,2973.0000,2972.8000,2972.0000,2971.0000,2970.0000,2973.4000,2973.8000,2974.6000,2974.8000,2975.0000,4,2,1,2,1,1,1,1,1,1
SF,IH2003,2019-11-19 09:33:09.200,2973.6000,12684,0,87398220.000,0,-,-,-,-,2973.0000,2972.8000,2972.0000,2971.0000,2970.0000,2973.4000,2973.8000,2974.6000,2974.8000,2975.0000,2,2,1,2,1,1,1,1,1,1
SF,IH2003,2019-11-19 09:33:09.700,2973.6000,12684,0,87398220.000,0,-,-,-,-,2972.8000,2972.0000,2971.0000,2970.0000,2969.0000,2973.4000,2973.8000,2974.6000,2974.8000,2975.0000,2,1,2,1,2,1,1,1,1,1
SF,IH2003,2019-11-19 09:33:13.200,2974.6000,12684,0,90074820.000,3,1,2,多换,S,2972.8000,2972.0000,2971.0000,2970.0000,2969.0000,2974.8000,2975.0000,2975.2000,2975.4000,2975.8000,2,1,2,1,2,1,1,1,1,1
SF,IH2003,2019-11-19 09:33:13.700,2974.6000,12684,0,90074820.000,0,-,-,-,-,2972.8000,2972.0000,2971.0000,2970.0000,2969.0000,2973.8000,2974.4000,2974.6000,2974.8000,2975.0000,2,1,2,1,2,3,6,11,1,3
SF,IH2003,2019-11-19 09:33:14.200,2972.8000,12684,0,90966660.000,1,0,1,多换,S,2972.0000,2971.0000,2970.0000,2969.0000,2968.0000,2973.6000,2974.4000,2974.6000,2974.8000,2975.0000,1,2,1,2,1,1,3,10,1,3
SF,IH2003,2019-11-19 09:33:14.700,2972.8000,12684,0,90966660.000,0,-,-,-,-,2972.0000,2971.0000,2970.0000,2969.0000,2968.0000,2973.6000,2974.4000,2974.6000,2974.8000,2975.0000,1,2,1,2,1,4,3,10,1,3
SF,IH2003,2019-11-19 09:33:15.200,2972.8000,12684,0,90966660.000,0,-,-,-,-,2972.2000,2972.0000,2971.0000,2970.0000,2969.0000,2973.4000,2973.6000,2974.4000,2974.6000,2974.8000,1,1,2,1,2,1,3,3,10,1
SF,IH2003,2019-11-19 09:33:15.700,2972.8000,12684,0,90966660.000,0,-,-,-,-,2972.2000,2972.0000,2971.0000,2970.0000,2969.0000,2973.6000,2974.4000,2974.6000,2974.8000,2975.0000,1,1,2,1,2,2,3,9,1,3
SF,IH2003,2019-11-19 09:33:16.200,2972.8000,12684,0,90966660.000,0,-,-,-,-,2972.4000,2972.2000,2972.0000,2971.0000,2970.0000,2973.4000,2974.4000,2974.6000,2974.8000,2975.0000,5,1,2,2,1,1,3,9,1,2
SF,IH2003,2019-11-19 09:33:16.700,2972.8000,12684,0,90966660.000,0,-,-,-,-,2972.6000,2972.0000,2971.0000,2970.0000,2969.0000,2973.4000,2974.4000,2974.6000,2974.8000,2975.0000,1,1,2,1,2,1,3,9,1,2
SF,IH2003,2019-11-19 09:33:17.200,2972.8000,12684,0,90966660.000,0,-,-,-,-,2972.6000,2972.0000,2971.0000,2970.0000,2969.0000,2973.4000,2974.4000,2974.6000,2974.8000,2975.0000,1,1,2,1,2,1,4,9,1,2
SF,IH2003,2019-11-19 09:33:18.200,2973.4000,12683,-1,91858680.000,1,0,1,双平,S,2972.6000,2972.0000,2971.0000,2970.0000,2969.0000,2974.4000,2974.6000,2974.8000,2975.0000,2975.2000,1,1,2,1,2,4,9,1,2,1
SF,IH2003,2019-11-19 09:33:18.700,2973.4000,12683,0,91858680.000,0,-,-,-,-,2972.6000,2972.0000,2971.0000,2970.0000,2969.0000,2974.2000,2974.4000,2974.6000,2974.8000,2975.0000,1,1,2,1,2,1,4,8,1,2
SF,IH2003,2019-11-19 09:33:19.200,2973.4000,12683,0,91858680.000,0,-,-,-,-,2972.6000,2972.0000,2971.0000,2970.0000,2969.0000,2974.2000,2974.4000,2974.6000,2974.8000,2975.0000,1,1,2,1,2,1,4,8,1,2
SF,IH2003,2019-11-19 09:33:19.700,2973.4000,12683,0,91858680.000,0,-,-,-,-,2972.0000,2971.0000,2970.0000,2969.0000,2968.0000,2973.2000,2973.8000,2974.0000,2974.2000,2974.4000,1,2,1,2,1,1,1,5,1,4
SF,IH2003,2019-11-19 09:33:20.200,2973.4000,12683,0,91858680.000,0,-,-,-,-,2972.2000,2972.0000,2971.8000,2971.0000,2970.0000,2973.2000,2974.0000,2974.4000,2974.6000,2974.8000,7,1,1,2,1,1,2,4,8,1
SF,IH2003,2019-11-19 09:33:20.700,2973.4000,12683,0,91858680.000,0,-,-,-,-,2972.2000,2972.0000,2971.0000,2970.0000,2969.0000,2973.2000,2974.0000,2974.4000,2974.6000,2974.8000,4,1,2,1,2,1,2,4,8,1
SF,IH2003,2019-11-19 09:33:24.200,2973.4000,12683,0,91858680.000,0,-,-,-,-,2972.2000,2972.0000,2971.0000,2970.0000,2969.0000,2973.2000,2974.0000,2974.4000,2974.6000,2974.8000,4,1,2,1,2,1,2,4,8,1
SF,IH2003,2019-11-19 09:33:24.700,2973.4000,12683,0,91858680.000,0,-,-,-,-,2972.2000,2972.0000,2971.0000,2970.0000,2969.0000,2973.0000,2973.2000,2974.0000,2974.4000,2974.6000,4,1,2,1,2,1,1,2,4,8
SF,IH2003,2019-11-19 09:33:26.200,2973.2000,12683,0,93642540.000,2,1,1,多换,S,2973.0000,2972.2000,2972.0000,2971.0000,2970.0000,2974.0000,2974.4000,2974.6000,2974.8000,2975.0000,2,4,1,2,1,2,4,8,1,3
SF,IH2003,2019-11-19 09:33:26.700,2973.2000,12683,0,93642540.000,0,-,-,-,-,2973.2000,2973.0000,2972.4000,2972.2000,2972.0000,2974.0000,2974.4000,2974.6000,2974.8000,2975.0000,2,3,1,2,1,2,4,8,1,3
SF,IH2003,2019-11-19 09:33:27.200,2973.2000,12683,0,93642540.000,0,-,-,-,-,2973.2000,2973.0000,2972.4000,2972.2000,2972.0000,2974.4000,2974.6000,2974.8000,2975.0000,2975.2000,2,3,1,2,1,4,8,1,3,1
SF,IH2003,2019-11-19 09:33:27.700,2973.2000,12683,0,93642540.000,0,-,-,-,-,2973.2000,2973.0000,2972.4000,2972.2000,2972.0000,2974.6000,2974.8000,2975.0000,2975.2000,2975.8000,2,3,1,2,1,7,1,1,1,1
SF,IH2003,2019-11-19 09:33:28.200,2973.2000,12683,0,93642540.000,0,-,-,-,-,2973.2000,2973.0000,2972.4000,2972.2000,2972.0000,2974.4000,2974.6000,2974.8000,2975.0000,2975.2000,2,3,1,2,1,1,3,1,1,1
SF,IH2003,2019-11-19 09:33:30.700,2973.2000,12683,0,93642540.000,0,-,-,-,-,2973.2000,2973.0000,2972.4000,2972.2000,2972.0000,2974.2000,2974.4000,2974.6000,2974.8000,2975.0000,2,3,1,2,1,1,1,3,1,1
SF,IH2003,2019-11-19 09:33:31.200,2973.2000,12683,0,93642540.000,0,-,-,-,-,2973.2000,2973.0000,2972.4000,2972.2000,2972.0000,2974.2000,2974.6000,2974.8000,2975.0000,2975.2000,2,3,1,2,1,1,3,1,1,1
SF,IH2003,2019-11-19 09:33:31.700,2973.2000,12683,0,93642540.000,0,-,-,-,-,2973.2000,2973.0000,2972.4000,2972.2000,2972.0000,2973.8000,2974.0000,2974.2000,2974.6000,2974.8000,1,2,1,2,1,3,1,2,3,1
SF,IH2003,2019-11-19 09:33:32.200,2973.2000,12683,0,93642540.000,0,-,-,-,-,2973.2000,2973.0000,2972.4000,2972.2000,2972.0000,2974.2000,2974.6000,2974.8000,2975.2000,2975.8000,1,2,1,2,1,2,3,1,1,1
SF,IH2003,2019-11-19 09:33:32.700,2973.2000,12683,0,93642540.000,0,-,-,-,-,2973.2000,2973.0000,2972.4000,2972.2000,2972.0000,2974.0000,2974.2000,2974.6000,2974.8000,2975.2000,1,2,1,2,1,1,2,3,1,1
SF,IH2003,2019-11-19 09:33:33.200,2973.2000,12683,0,93642540.000,0,-,-,-,-,2973.0000,2972.4000,2972.2000,2972.0000,2971.0000,2974.0000,2974.2000,2974.6000,2974.8000,2975.2000,2,1,2,1,2,1,2,3,1,1
SF,IH2003,2019-11-19 09:33:35.700,2973.2000,12683,0,93642540.000,0,-,-,-,-,2973.0000,2972.4000,2972.2000,2972.0000,2971.0000,2974.0000,2974.2000,2974.6000,2974.8000,2975.0000,2,1,2,1,2,1,2,3,1,1
SF,IH2003,2019-11-19 09:33:36.700,2973.2000,12683,0,93642540.000,0,-,-,-,-,2973.0000,2972.4000,2972.2000,2972.0000,2971.0000,2974.0000,2974.2000,2974.6000,2975.0000,2975.2000,2,1,2,1,2,1,2,3,1,1
SF,IH2003,2019-11-19 09:33:37.200,2973.2000,12683,0,93642540.000,0,-,-,-,-,2973.0000,2972.4000,2972.2000,2972.0000,2971.0000,2973.8000,2974.0000,2974.2000,2974.6000,2975.0000,2,1,2,1,2,1,1,2,3,1
SF,IH2003,2019-11-19 09:33:37.700,2973.2000,12683,0,93642540.000,0,-,-,-,-,2973.0000,2972.4000,2972.2000,2972.0000,2971.0000,2973.8000,2974.2000,2974.6000,2975.0000,2975.2000,2,1,2,1,2,1,2,3,1,1
SF,IH2003,2019-11-19 09:33:38.200,2973.2000,12683,0,93642540.000,0,-,-,-,-,2973.0000,2972.4000,2972.2000,2972.0000,2971.0000,2973.8000,2974.2000,2974.6000,2975.0000,2975.2000,2,1,2,1,2,1,1,3,1,1
SF,IH2003,2019-11-19 09:33:39.200,2973.2000,12683,0,93642540.000,0,-,-,-,-,2972.2000,2972.0000,2971.0000,2970.0000,2969.0000,2973.8000,2974.2000,2974.6000,2975.0000,2975.2000,2,1,2,1,2,1,1,3,1,1
SF,IH2003,2019-11-19 09:33:39.700,2973.2000,12683,0,93642540.000,0,-,-,-,-,2972.4000,2972.2000,2972.0000,2971.0000,2970.0000,2973.8000,2974.2000,2974.6000,2975.0000,2975.2000,2,2,1,2,1,1,1,3,1,1
SF,IH2003,2019-11-19 09:33:40.200,2973.2000,12683,0,93642540.000,0,-,-,-,-,2972.6000,2972.2000,2972.0000,2971.0000,2970.0000,2973.6000,2973.8000,2974.2000,2974.6000,2975.0000,1,2,1,2,1,2,1,1,3,1
SF,IH2003,2019-11-19 09:33:40.700,2973.2000,12683,0,93642540.000,0,-,-,-,-,2972.6000,2972.2000,2972.0000,2971.0000,2970.0000,2973.6000,2973.8000,2974.2000,2974.6000,2975.0000,1,2,1,2,1,1,1,1,3,1
SF,IH2003,2019-11-19 09:33:42.700,2973.2000,12683,0,93642540.000,0,-,-,-,-,2972.6000,2972.0000,2971.0000,2970.0000,2969.0000,2973.6000,2973.8000,2974.2000,2974.6000,2975.0000,1,1,2,1,2,1,1,1,3,1
SF,IH2003,2019-11-19 09:33:43.200,2973.2000,12683,0,93642540.000,0,-,-,-,-,2972.0000,2971.0000,2970.0000,2969.0000,2968.0000,2973.2000,2973.4000,2973.8000,2974.2000,2974.6000,1,2,1,2,1,3,3,1,1,3
SF,IH2003,2019-11-19 09:33:43.700,2973.2000,12683,0,93642540.000,0,-,-,-,-,2972.2000,2972.0000,2971.0000,2970.0000,2969.0000,2973.0000,2973.4000,2973.8000,2974.2000,2974.6000,1,1,2,1,2,2,5,1,1,3
SF,IH2003,2019-11-19 09:33:44.200,2973.2000,12683,0,93642540.000,0,-,-,-,-,2972.2000,2972.0000,2971.0000,2970.0000,2969.0000,2973.0000,2973.4000,2973.8000,2974.2000,2974.6000,1,1,2,1,2,2,4,1,1,3
SF,IH2003,2019-11-19 09:33:48.200,2973.2000,12683,0,93642540.000,0,-,-,-,-,2973.0000,2972.2000,2972.0000,2971.0000,2970.0000,2973.4000,2973.8000,2974.2000,2974.6000,2975.0000,1,1,1,2,1,2,1,1,3,1
SF,IH2003,2019-11-19 09:33:48.700,2973.4000,12681,-2,95426580.000,2,0,2,双平,S,2973.6000,2973.4000,2973.0000,2972.4000,2972.0000,2973.8000,2974.2000,2974.6000,2975.0000,2975.2000,2,1,1,3,1,1,1,3,1,1
SF,IH2003,2019-11-19 09:33:49.200,2973.8000,12681,0,96318720.000,1,0,1,多换,S,2973.6000,2973.4000,2973.0000,2972.4000,2972.0000,2974.2000,2974.6000,2975.0000,2975.2000,2975.8000,2,1,1,3,1,1,3,1,1,1
SF,IH2003,2019-11-19 09:33:49.700,2973.8000,12681,0,96318720.000,0,-,-,-,-,2973.6000,2973.4000,2973.0000,2972.4000,2972.0000,2974.2000,2974.6000,2975.0000,2975.2000,2975.8000,2,1,1,3,1,1,1,1,1,1
SF,IH2003,2019-11-19 09:33:51.200,2973.8000,12681,0,96318720.000,0,-,-,-,-,2973.4000,2973.0000,2972.4000,2972.0000,2971.0000,2974.2000,2974.6000,2975.0000,2975.2000,2975.8000,1,1,3,1,2,1,1,1,1,1
SF,IH2003,2019-11-19 09:33:51.700,2973.8000,12681,0,97210860.000,1,0,1,多换,S,2973.4000,2973.0000,2972.4000,2972.0000,2971.0000,2973.8000,2974.2000,2974.6000,2975.0000,2975.2000,1,1,3,1,2,2,1,1,1,1
SF,IH2003,2019-11-19 09:33:52.200,2973.8000,12679,-2,98995140.000,2,0,2,双平,S,2973.8000,2973.6000,2973.4000,2972.4000,2972.0000,2974.2000,2974.6000,2975.0000,2975.2000,2975.8000,2,3,1,3,1,2,1,1,1,1
SF,IH2003,2019-11-19 09:33:52.700,2973.8000,12679,0,98995140.000,0,-,-,-,-,2973.8000,2973.6000,2973.4000,2972.4000,2972.0000,2974.2000,2974.6000,2975.0000,2975.2000,2975.8000,1,2,1,3,1,2,1,1,1,1
SF,IH2003,2019-11-19 09:33:53.200,2973.8000,12678,-1,99887280.000,1,0,1,双平,S,2973.6000,2973.4000,2972.4000,2972.0000,2971.0000,2974.2000,2974.6000,2975.0000,2975.2000,2975.8000,2,1,3,1,2,1,1,1,1,1
SF,IH2003,2019-11-19 09:33:54.200,2973.6000,12676,-2,101671440.000,2,0,2,双平,S,2972.4000,2972.0000,2971.0000,2970.0000,2969.0000,2974.2000,2974.6000,2975.0000,2975.2000,2975.8000,3,1,2,1,2,1,1,1,1,1
SF,IH2003,2019-11-19 09:33:54.700,2973.6000,12676,0,101671440.000,0,-,-,-,-,2972.6000,2972.4000,2972.0000,2971.0000,2970.0000,2974.0000,2974.2000,2974.6000,2975.0000,2975.2000,4,3,1,2,1,1,1,1,1,1
SF,IH2003,2019-11-19 09:33:55.700,2973.6000,12676,0,101671440.000,0,-,-,-,-,2972.8000,2972.6000,2972.4000,2972.0000,2971.0000,2973.8000,2974.0000,2974.2000,2974.6000,2975.0000,3,4,3,1,2,1,1,1,1,1
SF,IH2003,2019-11-19 09:33:56.200,2973.6000,12676,0,101671440.000,0,-,-,-,-,2973.0000,2972.4000,2972.0000,2971.0000,2970.0000,2973.8000,2974.2000,2974.6000,2975.0000,2975.2000,1,3,1,2,1,1,1,1,1,1
SF,IH2003,2019-11-19 09:33:57.700,2973.6000,12676,0,101671440.000,0,-,-,-,-,2973.0000,2972.4000,2972.0000,2971.0000,2970.0000,2973.8000,2974.2000,2974.6000,2975.0000,2975.2000,1,3,1,2,1,1,1,1,1,1
SF,IH2003,2019-11-19 09:33:58.700,2973.8000,12675,-1,102563580.000,1,0,1,双平,S,2973.0000,2972.4000,2972.0000,2971.0000,2970.0000,2974.2000,2974.6000,2975.0000,2975.2000,2975.8000,1,3,1,2,1,1,1,1,1,1
SF,IH2003,2019-11-19 09:33:59.200,2973.8000,12675,0,102563580.000,0,-,-,-,-,2973.8000,2973.0000,2972.4000,2972.0000,2971.0000,2974.2000,2974.6000,2975.0000,2975.2000,2975.8000,1,1,3,1,2,1,1,1,1,1
SF,IH2003,2019-11-19 09:33:59.700,2973.8000,12675,0,102563580.000,0,-,-,-,-,2972.4000,2972.0000,2971.0000,2970.0000,2969.0000,2974.2000,2974.6000,2975.0000,2975.2000,2975.8000,3,1,2,1,2,1,1,1,1,1
SF,IH2003,2019-11-19 09:34:00.200,2973.8000,12675,0,102563580.000,0,-,-,-,-,2972.6000,2972.4000,2972.0000,2971.0000,2970.0000,2974.2000,2974.6000,2975.0000,2975.2000,2975.8000,4,3,1,2,1,1,1,1,1,1
SF,IH2003,2019-11-19 09:34:01.200,2973.8000,12675,0,102563580.000,0,-,-,-,-,2972.6000,2972.4000,2972.0000,2971.0000,2970.0000,2974.0000,2974.2000,2974.6000,2975.0000,2975.2000,4,3,1,2,1,1,1,1,1,1
SF,IH2003,2019-11-19 09:34:01.700,2973.8000,12675,0,102563580.000,0,-,-,-,-,2972.8000,2972.4000,2972.0000,2971.0000,2970.0000,2973.8000,2974.0000,2974.2000,2974.6000,2975.0000,1,2,1,2,1,1,5,1,1,1
SF,IH2003,2019-11-19 09:34:02.200,2973.8000,12675,0,102563580.000,0,-,-,-,-,2973.2000,2972.8000,2972.4000,2972.0000,2971.0000,2974.0000,2974.2000,2974.6000,2975.0000,2975.2000,2,4,2,1,2,2,1,1,1,1
SF,IH2003,2019-11-19 09:34:02.700,2973.8000,12675,0,102563580.000,0,-,-,-,-,2972.8000,2972.4000,2972.0000,2971.0000,2970.0000,2974.0000,2974.2000,2974.6000,2975.0000,2975.2000,4,2,1,2,1,2,1,1,1,1
SF,IH2003,2019-11-19 09:34:03.200,2973.8000,12675,0,102563580.000,0,-,-,-,-,2973.0000,2972.8000,2972.4000,2972.0000,2971.0000,2974.2000,2974.6000,2975.0000,2975.2000,2975.8000,1,4,2,1,2,1,1,1,1,1
SF,IH2003,2019-11-19 09:34:03.700,2973.8000,12675,0,102563580.000,0,-,-,-,-,2973.0000,2972.8000,2972.4000,2972.0000,2971.0000,2974.2000,2974.6000,2975.0000,2975.2000,2975.8000,1,1,2,1,2,1,1,1,1,1
SF,IH2003,2019-11-19 09:34:04.700,2973.8000,12675,0,102563580.000,0,-,-,-,-,2973.2000,2973.0000,2972.8000,2972.4000,2972.0000,2974.0000,2974.2000,2974.6000,2975.0000,2975.2000,3,1,1,2,1,1,1,1,1,1
SF,IH2003,2019-11-19 09:34:05.200,2974.0000,12675,0,103455780.000,1,0,1,多换,S,2973.8000,2973.4000,2973.2000,2972.8000,2972.4000,2974.2000,2975.2000,2975.8000,2978.0000,2978.2000,2,4,5,2,2,1,1,1,6,1
SF,IH2003,2019-11-19 09:34:05.700,2974.2000,12675,0,104348040.000,1,0,1,多换,S,2973.4000,2973.2000,2972.8000,2972.4000,2972.0000,2975.2000,2975.8000,2978.0000,2978.2000,2978.4000,2,5,2,2,1,1,1,6,1,1
SF,IH2003,2019-11-19 09:34:06.200,2974.2000,12675,0,104348040.000,0,-,-,-,-,2973.6000,2973.4000,2973.2000,2972.8000,2972.4000,2975.0000,2975.2000,2975.8000,2978.0000,2978.2000,2,2,5,2,2,1,1,1,6,1
SF,IH2003,2019-11-19 09:34:06.700,2974.2000,12675,0,104348040.000,0,-,-,-,-,2973.6000,2973.4000,2973.2000,2972.8000,2972.0000,2975.0000,2975.2000,2975.8000,2978.0000,2978.2000,5,2,5,2,1,1,1,1,6,1
SF,IH2003,2019-11-19 09:34:07.200,2974.2000,12675,0,104348040.000,0,-,-,-,-,2973.6000,2973.4000,2973.2000,2972.8000,2972.0000,2975.0000,2975.2000,2975.8000,2978.0000,2978.2000,5,1,5,2,1,1,1,1,6,1
SF,IH2003,2019-11-19 09:34:07.700,2974.2000,12675,0,104348040.000,0,-,-,-,-,2974.4000,2973.8000,2973.6000,2973.2000,2972.8000,2975.2000,2975.8000,2978.0000,2978.2000,2978.4000,2,3,5,5,2,1,1,6,1,1
SF,IH2003,2019-11-19 09:34:08.200,2974.2000,12675,0,104348040.000,0,-,-,-,-,2973.8000,2973.6000,2973.2000,2972.8000,2972.0000,2975.2000,2975.8000,2978.0000,2978.2000,2978.4000,5,3,5,1,1,1,1,6,1,1
SF,IH2003,2019-11-19 09:34:08.700,2974.2000,12675,0,104348040.000,0,-,-,-,-,2974.0000,2973.8000,2973.6000,2973.2000,2972.8000,2975.2000,2975.8000,2978.0000,2978.2000,2978.4000,6,5,3,2,1,1,1,6,1,1
SF,IH2003,2019-11-19 09:34:09.200,2974.2000,12675,0,104348040.000,0,-,-,-,-,2974.6000,2974.0000,2973.8000,2973.6000,2973.2000,2975.2000,2975.8000,2978.0000,2978.2000,2978.4000,2,6,4,4,2,1,1,6,1,1
SF,IH2003,2019-11-19 09:34:09.700,2974.2000,12675,0,104348040.000,0,-,-,-,-,2974.0000,2973.8000,2973.6000,2973.2000,2972.8000,2975.2000,2975.8000,2978.0000,2978.2000,2978.4000,4,4,3,2,1,1,1,6,1,1
SF,IH2003,2019-11-19 09:34:10.200,2974.2000,12675,0,104348040.000,0,-,-,-,-,2974.2000,2974.0000,2973.8000,2973.6000,2973.2000,2975.2000,2975.8000,2978.0000,2978.2000,2978.4000,2,4,4,3,2,1,1,6,1,1
SF,IH2003,2019-11-19 09:34:10.700,2974.2000,12675,0,104348040.000,0,-,-,-,-,2974.6000,2974.2000,2974.0000,2973.8000,2973.6000,2975.2000,2975.8000,2978.0000,2978.2000,2978.4000,2,2,4,4,3,1,1,6,1,1
SF,IH2003,2019-11-19 09:34:11.200,2974.2000,12675,0,104348040.000,0,-,-,-,-,2974.4000,2974.2000,2974.0000,2973.8000,2973.2000,2975.2000,2975.8000,2978.0000,2978.2000,2978.4000,3,1,4,4,2,1,1,6,1,1
SF,IH2003,2019-11-19 09:34:11.700,2974.2000,12675,0,104348040.000,0,-,-,-,-,2974.4000,2974.2000,2974.0000,2973.8000,2973.2000,2975.2000,2975.8000,2978.0000,2978.2000,2978.4000,2,1,4,4,2,1,1,6,1,1
SF,IH2003,2019-11-19 09:34:12.200,2975.2000,12674,-1,105240600.000,1,0,1,双平,S,2975.2000,2974.8000,2974.6000,2974.4000,2974.0000,2975.8000,2978.0000,2978.2000,2978.4000,2979.6000,1,2,1,2,4,1,6,1,1,1
SF,IH2003,2019-11-19 09:34:12.700,2975.2000,12674,0,105240600.000,0,-,-,-,-,2975.2000,2974.4000,2974.0000,2973.8000,2973.2000,2978.0000,2978.2000,2978.4000,2979.6000,2980.0000,1,2,4,4,2,6,1,1,1,1
SF,IH2003,2019-11-19 09:34:13.200,2975.2000,12674,0,105240600.000,0,-,-,-,-,2975.2000,2974.4000,2974.0000,2973.8000,2973.2000,2976.2000,2976.6000,2976.8000,2977.0000,2977.4000,1,2,4,4,2,3,3,4,1,1
SF,IH2003,2019-11-19 09:34:13.700,2975.2000,12674,0,105240600.000,0,-,-,-,-,2975.2000,2974.4000,2974.0000,2973.8000,2973.2000,2976.0000,2976.6000,2976.8000,2977.0000,2977.4000,1,2,4,4,2,1,2,1,1,1
SF,IH2003,2019-11-19 09:34:15.700,2975.2000,12674,0,105240600.000,0,-,-,-,-,2975.2000,2974.4000,2974.0000,2973.8000,2973.2000,2976.0000,2976.6000,2976.8000,2977.0000,2977.4000,1,2,4,4,2,1,2,1,1,1
SF,IH2003,2019-11-19 09:34:16.200,2976.0000,12674,0,106133400.000,1,0,1,多换,S,2976.0000,2975.2000,2974.4000,2974.0000,2973.8000,2976.6000,2976.8000,2977.0000,2977.4000,2977.6000,3,1,2,4,4,3,1,1,1,1
SF,IH2003,2019-11-19 09:34:16.700,2976.0000,12675,1,108811800.000,3,2,1,空开,S,2975.2000,2974.4000,2974.0000,2973.8000,2973.2000,2975.8000,2976.0000,2976.2000,2976.4000,2976.6000,1,2,4,4,2,1,8,2,8,3
SF,IH2003,2019-11-19 09:34:17.200,2976.0000,12675,0,108811800.000,0,-,-,-,-,2975.4000,2975.2000,2974.4000,2974.0000,2973.8000,2975.8000,2976.0000,2976.4000,2976.6000,2976.8000,1,1,2,4,4,1,3,7,2,1
SF,IH2003,2019-11-19 09:34:17.700,2975.4000,12674,-1,109704420.000,1,0,1,双平,S,2975.2000,2974.4000,2974.0000,2973.8000,2973.2000,2975.8000,2976.0000,2976.2000,2976.4000,2976.6000,1,2,4,4,2,1,3,1,7,2
SF,IH2003,2019-11-19 09:34:18.200,2975.4000,12674,0,109704420.000,0,-,-,-,-,2975.4000,2975.2000,2974.4000,2974.0000,2973.8000,2976.0000,2976.4000,2976.8000,2977.4000,2977.6000,3,1,2,4,4,3,2,1,1,1
SF,IH2003,2019-11-19 09:34:18.700,2975.4000,12674,0,109704420.000,0,-,-,-,-,2975.2000,2974.4000,2974.0000,2973.8000,2973.2000,2976.0000,2976.4000,2976.8000,2977.4000,2977.6000,1,2,4,4,2,3,2,1,1,1
SF,IH2003,2019-11-19 09:34:20.200,2975.4000,12674,0,109704420.000,0,-,-,-,-,2975.4000,2975.2000,2974.4000,2974.0000,2973.8000,2976.0000,2976.4000,2976.8000,2977.4000,2977.6000,1,1,2,4,4,3,2,1,1,1
SF,IH2003,2019-11-19 09:34:23.200,2975.4000,12674,0,109704420.000,0,-,-,-,-,2975.4000,2975.2000,2974.4000,2974.0000,2973.8000,2976.0000,2976.4000,2976.8000,2977.4000,2977.6000,1,1,2,4,4,2,2,1,1,1
SF,IH2003,2019-11-19 09:34:26.700,2975.4000,12674,0,109704420.000,0,-,-,-,-,2975.4000,2975.2000,2974.4000,2974.0000,2973.8000,2976.0000,2976.4000,2977.4000,2977.6000,2977.8000,1,1,2,4,4,2,2,1,1,9
SF,IH2003,2019-11-19 09:34:27.200,2975.4000,12674,0,109704420.000,0,-,-,-,-,2976.0000,2975.4000,2975.2000,2974.4000,2974.0000,2976.4000,2977.4000,2977.6000,2977.8000,2978.0000,1,1,1,2,4,2,1,1,9,5
SF,IH2003,2019-11-19 09:34:27.700,2975.4000,12674,0,109704420.000,0,-,-,-,-,2976.0000,2975.4000,2975.2000,2974.4000,2974.0000,2976.4000,2977.4000,2977.6000,2977.8000,2978.0000,1,1,1,2,4,2,1,1,9,3
SF,IH2003,2019-11-19 09:34:28.700,2976.0000,12674,0,110597220.000,1,0,1,多换,S,2975.4000,2975.2000,2974.4000,2974.0000,2973.8000,2976.4000,2977.4000,2977.6000,2977.8000,2978.0000,1,1,2,4,4,2,1,1,9,3
SF,IH2003,2019-11-19 09:34:29.200,2976.0000,12674,0,110597220.000,0,-,-,-,-,2975.6000,2975.4000,2975.2000,2974.4000,2974.0000,2976.4000,2977.4000,2977.6000,2977.8000,2978.0000,1,1,1,2,4,2,1,1,9,3
SF,IH2003,2019-11-19 09:34:30.200,2976.0000,12674,0,110597220.000,0,-,-,-,-,2975.6000,2975.4000,2975.2000,2974.4000,2974.0000,2976.4000,2977.4000,2977.6000,2977.8000,2978.0000,1,1,1,2,4,1,1,1,8,3
SF,IH2003,2019-11-19 09:34:30.700,2976.4000,12673,-1,111490140.000,1,0,1,双平,S,2975.6000,2975.4000,2975.2000,2974.4000,2974.0000,2977.4000,2977.6000,2977.8000,2978.0000,2978.4000,1,1,1,2,4,1,1,8,3,1
SF,IH2003,2019-11-19 09:34:31.200,2976.4000,12673,0,111490140.000,0,-,-,-,-,2975.6000,2975.4000,2975.2000,2974.4000,2974.0000,2976.6000,2977.2000,2977.4000,2977.6000,2977.8000,1,1,1,2,4,1,9,1,1,8
SF,IH2003,2019-11-19 09:34:31.700,2976.4000,12673,0,111490140.000,0,-,-,-,-,2975.6000,2975.4000,2975.2000,2974.4000,2974.0000,2977.2000,2977.6000,2977.8000,2978.0000,2978.4000,1,1,1,2,4,8,1,8,3,1
SF,IH2003,2019-11-19 09:34:32.200,2976.4000,12673,0,111490140.000,0,-,-,-,-,2975.6000,2975.4000,2975.2000,2974.4000,2974.0000,2977.0000,2977.2000,2977.6000,2977.8000,2978.0000,1,1,1,2,4,1,8,1,8,3
SF,IH2003,2019-11-19 09:34:32.700,2976.4000,12673,0,111490140.000,0,-,-,-,-,2975.6000,2975.4000,2975.2000,2974.4000,2974.0000,2976.8000,2977.0000,2977.2000,2977.6000,2977.8000,1,1,1,2,4,3,3,8,1,5
SF,IH2003,2019-11-19 09:34:33.200,2976.4000,12673,0,111490140.000,0,-,-,-,-,2975.6000,2975.4000,2975.2000,2974.4000,2974.0000,2976.8000,2977.0000,2977.2000,2977.6000,2977.8000,1,1,1,2,4,3,2,8,1,5
SF,IH2003,2019-11-19 09:34:34.700,2976.4000,12673,0,111490140.000,0,-,-,-,-,2975.6000,2975.4000,2975.2000,2974.4000,2974.0000,2976.8000,2977.2000,2977.6000,2977.8000,2978.0000,1,1,1,2,4,3,8,1,5,3
SF,IH2003,2019-11-19 09:34:35.200,2976.4000,12673,0,111490140.000,0,-,-,-,-,2975.6000,2975.4000,2975.2000,2974.4000,2974.0000,2976.8000,2977.2000,2977.8000,2978.0000,2978.4000,1,1,1,2,4,2,8,5,1,1
SF,IH2003,2019-11-19 09:34:36.200,2976.4000,12673,0,111490140.000,0,-,-,-,-,2975.6000,2975.4000,2975.2000,2974.4000,2974.0000,2977.2000,2977.8000,2978.0000,2978.4000,2979.6000,1,1,1,2,4,8,5,1,1,1
SF,IH2003,2019-11-19 09:34:36.700,2976.4000,12673,0,111490140.000,0,-,-,-,-,2975.6000,2975.4000,2975.2000,2974.4000,2974.2000,2977.0000,2977.2000,2977.8000,2978.0000,2978.4000,1,1,1,2,1,2,8,5,1,1
SF,IH2003,2019-11-19 09:34:37.200,2976.4000,12673,0,111490140.000,0,-,-,-,-,2975.6000,2975.4000,2975.2000,2974.4000,2974.2000,2976.8000,2977.0000,2977.2000,2977.8000,2978.0000,1,1,1,2,1,3,2,8,5,1
SF,IH2003,2019-11-19 09:34:37.700,2976.4000,12673,0,111490140.000,0,-,-,-,-,2975.6000,2975.4000,2975.2000,2974.4000,2974.2000,2976.6000,2976.8000,2977.0000,2977.2000,2977.8000,1,1,1,2,1,1,3,1,8,5
SF,IH2003,2019-11-19 09:34:38.200,2976.4000,12673,0,111490140.000,0,-,-,-,-,2975.6000,2975.4000,2975.2000,2974.4000,2974.2000,2976.6000,2976.8000,2977.0000,2977.2000,2977.8000,1,1,1,2,1,2,3,1,8,5
SF,IH2003,2019-11-19 09:34:39.200,2976.4000,12673,0,111490140.000,0,-,-,-,-,2975.6000,2975.4000,2975.2000,2974.4000,2974.2000,2976.6000,2976.8000,2977.0000,2977.2000,2977.8000,1,1,1,2,1,3,2,1,8,5
SF,IH2003,2019-11-19 09:34:40.700,2976.4000,12673,0,111490140.000,0,-,-,-,-,2975.6000,2975.4000,2975.2000,2974.4000,2974.2000,2976.6000,2977.0000,2977.2000,2977.8000,2978.0000,1,1,1,2,1,3,1,8,5,1
SF,IH2003,2019-11-19 09:34:41.200,2976.4000,12673,0,111490140.000,0,-,-,-,-,2975.6000,2975.4000,2975.2000,2974.4000,2974.2000,2976.6000,2977.2000,2977.8000,2978.0000,2978.4000,1,1,1,2,1,1,8,5,1,1
SF,IH2003,2019-11-19 09:34:49.200,2976.4000,12673,0,111490140.000,0,-,-,-,-,2975.6000,2975.4000,2975.2000,2974.4000,2974.2000,2976.6000,2977.2000,2977.8000,2978.0000,2978.4000,1,1,1,2,1,1,8,5,1,1
SF,IH2003,2019-11-19 09:34:51.700,2976.4000,12673,0,111490140.000,0,-,-,-,-,2975.6000,2975.2000,2974.4000,2974.2000,2974.0000,2976.6000,2977.2000,2977.8000,2978.0000,2978.4000,1,1,2,1,4,1,8,5,1,1
SF,IH2003,2019-11-19 09:34:55.700,2976.4000,12673,0,111490140.000,0,-,-,-,-,2975.6000,2975.2000,2974.4000,2974.2000,2974.0000,2976.4000,2976.6000,2977.2000,2977.8000,2978.0000,1,1,2,1,4,1,1,8,5,1
SF,IH2003,2019-11-19 09:34:56.700,2976.4000,12673,0,111490140.000,0,-,-,-,-,2975.6000,2975.2000,2974.4000,2974.2000,2974.0000,2976.4000,2977.2000,2977.8000,2978.0000,2978.4000,1,1,2,1,4,1,8,5,1,1
SF,IH2003,2019-11-19 09:34:57.700,2976.4000,12672,-1,112383060.000,1,0,1,双平,S,2976.4000,2975.6000,2975.2000,2974.4000,2974.2000,2977.2000,2977.8000,2978.0000,2978.4000,2979.6000,1,1,1,2,1,8,4,1,1,1
SF,IH2003,2019-11-19 09:34:58.200,2976.4000,12672,0,112383060.000,0,-,-,-,-,2975.2000,2974.4000,2974.2000,2974.0000,2973.8000,2976.8000,2977.2000,2977.8000,2978.0000,2978.4000,1,2,1,4,4,1,8,4,1,1
SF,IH2003,2019-11-19 09:34:58.700,2976.4000,12672,0,112383060.000,0,-,-,-,-,2975.6000,2975.4000,2975.2000,2974.4000,2974.2000,2977.2000,2977.8000,2978.0000,2978.4000,2979.6000,3,1,1,2,1,8,4,1,1,1
SF,IH2003,2019-11-19 09:34:59.200,2976.4000,12672,0,112383060.000,0,-,-,-,-,2975.8000,2975.4000,2975.2000,2974.4000,2974.2000,2977.2000,2977.8000,2978.0000,2978.4000,2979.6000,2,4,1,2,1,8,4,1,1,1
SF,IH2003,2019-11-19 09:35:01.200,2976.4000,12672,0,112383060.000,0,-,-,-,-,2975.8000,2975.4000,2975.2000,2974.4000,2974.2000,2977.2000,2977.8000,2978.0000,2978.4000,2979.6000,2,4,1,2,1,6,3,1,1,1
SF,IH2003,2019-11-19 09:35:01.700,2976.4000,12672,0,112383060.000,0,-,-,-,-,2975.8000,2975.4000,2975.2000,2974.4000,2974.2000,2977.2000,2977.8000,2978.0000,2978.4000,2979.6000,2,3,1,2,1,6,3,1,1,1
SF,IH2003,2019-11-19 09:35:03.200,2976.4000,12672,0,112383060.000,0,-,-,-,-,2975.8000,2975.4000,2975.2000,2974.4000,2974.2000,2977.2000,2977.8000,2978.0000,2978.4000,2979.6000,3,3,1,2,1,6,3,1,1,1
SF,IH2003,2019-11-19 09:35:03.700,2976.4000,12672,0,112383060.000,0,-,-,-,-,2976.0000,2975.8000,2975.4000,2975.2000,2974.4000,2977.0000,2977.2000,2977.8000,2978.0000,2978.4000,1,1,3,1,2,1,6,3,1,1
SF,IH2003,2019-11-19 09:35:04.200,2976.4000,12672,0,112383060.000,0,-,-,-,-,2976.0000,2975.8000,2975.4000,2975.2000,2974.4000,2977.2000,2977.8000,2978.0000,2978.4000,2979.6000,1,1,3,1,2,6,3,1,1,1
SF,IH2003,2019-11-19 09:35:04.700,2976.4000,12672,0,112383060.000,0,-,-,-,-,2976.0000,2975.8000,2975.4000,2975.2000,2974.4000,2976.6000,2976.8000,2977.0000,2977.2000,2977.8000,1,1,1,1,2,1,3,2,6,3
SF,IH2003,2019-11-19 09:35:05.200,2976.6000,12672,0,113276040.000,1,0,1,多换,S,2976.8000,2976.2000,2976.0000,2975.8000,2975.4000,2977.2000,2977.8000,2979.6000,2980.0000,2982.4000,1,2,1,1,1,2,2,1,1,5
SF,IH2003,2019-11-19 09:35:05.700,2976.6000,12672,0,113276040.000,0,-,-,-,-,2977.2000,2976.6000,2975.8000,2975.4000,2975.2000,2977.8000,2979.6000,2980.0000,2982.4000,2988.8000,1,1,1,1,1,2,1,1,5,1
SF,IH2003,2019-11-19 09:35:06.200,2977.8000,12672,0,114169380.000,1,0,1,多换,S,2976.6000,2975.8000,2975.4000,2975.2000,2974.4000,2977.8000,2979.6000,2980.0000,2982.4000,2988.8000,1,1,1,1,2,1,1,1,5,1
SF,IH2003,2019-11-19 09:35:06.700,2977.8000,12671,-1,115062720.000,1,0,1,双平,S,2977.2000,2976.8000,2976.6000,2975.8000,2975.4000,2979.6000,2980.0000,2982.4000,2988.8000,2989.0000,1,1,1,1,1,1,1,5,1,1
SF,IH2003,2019-11-19 09:35:07.200,2977.8000,12671,0,115062720.000,0,-,-,-,-,2977.2000,2976.8000,2976.6000,2975.8000,2975.4000,2978.2000,2978.4000,2978.6000,2978.8000,2979.0000,1,2,1,1,1,2,5,2,5,2
SF,IH2003,2019-11-19 09:35:07.700,2977.8000,12671,0,115062720.000,0,-,-,-,-,2977.4000,2977.2000,2976.8000,2976.6000,2975.8000,2978.8000,2979.2000,2979.4000,2979.6000,2980.0000,1,1,2,1,1,1,5,6,2,1
SF,IH2003,2019-11-19 09:35:08.200,2977.8000,12671,0,115062720.000,0,-,-,-,-,2977.4000,2977.2000,2976.8000,2976.6000,2975.8000,2978.6000,2978.8000,2979.2000,2979.4000,2979.6000,1,1,2,1,1,5,1,3,6,2
SF,IH2003,2019-11-19 09:35:08.700,2977.8000,12671,0,115062720.000,0,-,-,-,-,2977.4000,2977.2000,2976.8000,2976.6000,2975.8000,2978.6000,2978.8000,2979.2000,2979.4000,2979.6000,1,1,2,1,1,4,1,3,6,2
SF,IH2003,2019-11-19 09:35:09.200,2977.8000,12671,0,115062720.000,0,-,-,-,-,2977.2000,2976.8000,2976.6000,2975.8000,2975.4000,2978.6000,2978.8000,2979.2000,2979.4000,2979.6000,1,2,1,1,1,4,1,3,6,2
SF,IH2003,2019-11-19 09:35:09.700,2977.8000,12671,0,115062720.000,0,-,-,-,-,2977.2000,2976.8000,2976.6000,2975.8000,2975.4000,2978.4000,2978.6000,2978.8000,2979.2000,2979.4000,1,2,1,1,1,1,4,1,3,6
SF,IH2003,2019-11-19 09:35:10.200,2977.8000,12671,0,115062720.000,0,-,-,-,-,2977.2000,2976.8000,2976.6000,2975.8000,2975.4000,2978.2000,2978.6000,2978.8000,2979.2000,2979.4000,1,2,1,1,1,1,3,1,3,6
SF,IH2003,2019-11-19 09:35:10.700,2977.8000,12671,0,115062720.000,0,-,-,-,-,2977.2000,2976.8000,2976.6000,2975.8000,2975.4000,2978.6000,2978.8000,2979.2000,2979.4000,2979.6000,1,2,1,1,1,3,1,2,6,2
SF,IH2003,2019-11-19 09:35:11.200,2977.2000,12671,0,115955880.000,1,0,1,多换,S,2976.8000,2976.6000,2975.8000,2975.4000,2975.2000,2977.2000,2978.4000,2978.6000,2978.8000,2979.2000,2,1,1,1,1,1,2,3,1,2
SF,IH2003,2019-11-19 09:35:11.700,2977.2000,12671,0,115955880.000,0,-,-,-,-,2976.6000,2975.8000,2975.4000,2975.2000,2974.4000,2978.4000,2978.6000,2978.8000,2979.2000,2979.4000,1,1,1,1,2,4,3,1,1,6
SF,IH2003,2019-11-19 09:35:12.200,2977.2000,12671,0,115955880.000,0,-,-,-,-,2977.2000,2977.0000,2976.8000,2975.8000,2975.4000,2978.2000,2978.4000,2978.6000,2978.8000,2979.2000,1,2,2,1,1,2,1,3,1,1
SF,IH2003,2019-11-19 09:35:12.700,2977.2000,12671,0,115955880.000,0,-,-,-,-,2977.0000,2975.8000,2975.4000,2975.2000,2974.4000,2978.2000,2978.4000,2978.6000,2978.8000,2979.2000,2,1,1,1,2,4,1,3,1,1
SF,IH2003,2019-11-19 09:35:13.200,2977.2000,12671,0,115955880.000,0,-,-,-,-,2977.2000,2977.0000,2975.8000,2975.4000,2975.2000,2978.2000,2978.4000,2978.6000,2978.8000,2979.2000,1,2,1,1,1,2,1,3,1,1
SF,IH2003,2019-11-19 09:35:14.200,2977.2000,12671,0,115955880.000,0,-,-,-,-,2977.2000,2977.0000,2975.8000,2975.4000,2975.2000,2978.4000,2978.6000,2978.8000,2979.2000,2979.4000,1,2,1,1,1,1,3,1,1,3
SF,IH2003,2019-11-19 09:35:15.200,2977.2000,12671,0,115955880.000,0,-,-,-,-,2977.4000,2977.2000,2977.0000,2975.8000,2975.4000,2978.6000,2978.8000,2979.4000,2979.6000,2980.0000,2,1,2,1,1,2,1,3,2,1
SF,IH2003,2019-11-19 09:35:15.700,2977.2000,12671,0,115955880.000,0,-,-,-,-,2977.6000,2977.4000,2977.0000,2975.8000,2975.4000,2978.8000,2979.4000,2979.6000,2980.0000,2982.4000,1,2,2,1,1,1,3,2,1,5
SF,IH2003,2019-11-19 09:35:16.200,2977.2000,12671,0,115955880.000,0,-,-,-,-,2977.6000,2977.4000,2977.0000,2975.8000,2975.4000,2978.6000,2979.4000,2979.6000,2980.0000,2982.4000,1,2,2,1,1,1,3,2,1,5
SF,IH2003,2019-11-19 09:35:16.700,2977.2000,12671,0,115955880.000,0,-,-,-,-,2977.0000,2975.8000,2975.4000,2974.4000,2974.2000,2978.6000,2979.4000,2979.6000,2980.0000,2982.4000,2,1,1,2,1,7,3,2,1,5
SF,IH2003,2019-11-19 09:35:17.200,2977.2000,12671,0,115955880.000,0,-,-,-,-,2977.2000,2977.0000,2975.8000,2975.4000,2974.4000,2978.6000,2979.4000,2979.6000,2980.0000,2982.4000,1,2,1,1,2,4,3,2,1,5
SF,IH2003,2019-11-19 09:35:19.700,2977.2000,12671,0,115955880.000,0,-,-,-,-,2977.4000,2977.2000,2977.0000,2975.8000,2975.4000,2978.6000,2979.4000,2979.6000,2980.0000,2982.4000,2,1,2,1,1,1,3,2,1,5
SF,IH2003,2019-11-19 09:35:20.200,2977.2000,12671,0,115955880.000,0,-,-,-,-,2977.0000,2975.8000,2975.4000,2974.4000,2974.2000,2978.6000,2979.4000,2979.6000,2980.0000,2982.4000,2,1,1,2,1,1,3,2,1,5
SF,IH2003,2019-11-19 09:35:20.700,2977.2000,12671,0,115955880.000,0,-,-,-,-,2977.2000,2977.0000,2975.8000,2975.4000,2974.4000,2978.6000,2979.4000,2979.6000,2980.0000,2982.4000,1,2,1,1,2,1,3,2,1,5
SF,IH2003,2019-11-19 09:35:23.200,2978.4000,12671,0,116849400.000,1,0,1,多换,S,2977.2000,2977.0000,2975.8000,2975.4000,2974.4000,2978.4000,2978.6000,2979.4000,2979.6000,2980.0000,1,2,1,1,2,3,1,3,2,1
SF,IH2003,2019-11-19 09:35:23.700,2978.4000,12671,0,116849400.000,0,-,-,-,-,2977.2000,2977.0000,2975.8000,2975.4000,2974.4000,2978.4000,2979.4000,2979.6000,2980.0000,2982.4000,1,2,1,1,2,3,3,2,1,5
SF,IH2003,2019-11-19 09:35:24.200,2978.4000,12671,0,116849400.000,0,-,-,-,-,2977.2000,2977.0000,2975.8000,2975.4000,2974.4000,2978.2000,2978.4000,2979.4000,2979.6000,2980.0000,1,2,1,1,2,1,3,3,2,1
SF,IH2003,2019-11-19 09:35:26.200,2978.4000,12671,0,116849400.000,0,-,-,-,-,2977.2000,2975.8000,2975.4000,2974.4000,2974.2000,2978.2000,2978.4000,2979.4000,2979.6000,2980.0000,1,1,1,2,1,1,3,3,2,1
SF,IH2003,2019-11-19 09:35:27.700,2978.4000,12671,0,116849400.000,0,-,-,-,-,2977.4000,2977.2000,2975.8000,2975.4000,2974.4000,2978.2000,2978.4000,2979.4000,2979.6000,2980.0000,1,1,1,1,2,1,1,3,2,1
SF,IH2003,2019-11-19 09:35:28.200,2978.4000,12671,0,116849400.000,0,-,-,-,-,2977.4000,2975.8000,2975.4000,2974.4000,2974.2000,2978.4000,2979.4000,2979.6000,2980.0000,2982.4000,1,1,1,2,1,1,3,2,1,5
SF,IH2003,2019-11-19 09:35:31.200,2978.4000,12671,0,116849400.000,0,-,-,-,-,2975.8000,2975.4000,2974.4000,2974.2000,2972.0000,2978.4000,2979.4000,2979.6000,2980.0000,2982.4000,1,1,2,1,1,1,3,2,1,5
SF,IH2003,2019-11-19 09:35:31.700,2978.4000,12671,0,116849400.000,0,-,-,-,-,2976.2000,2976.0000,2975.8000,2975.4000,2974.4000,2977.4000,2978.2000,2978.4000,2979.4000,2979.6000,4,6,2,1,2,1,3,1,3,2
SF,IH2003,2019-11-19 09:35:32.200,2978.4000,12671,0,116849400.000,0,-,-,-,-,2976.4000,2976.2000,2976.0000,2975.8000,2975.4000,2978.2000,2978.4000,2979.4000,2979.6000,2980.0000,3,3,7,1,1,2,1,3,2,1
SF,IH2003,2019-11-19 09:35:32.700,2978.4000,12671,0,116849400.000,0,-,-,-,-,2977.4000,2976.6000,2976.4000,2976.0000,2975.8000,2978.4000,2979.4000,2979.6000,2980.0000,2982.4000,3,3,6,7,1,1,3,2,1,5
SF,IH2003,2019-11-19 09:35:33.200,2978.4000,12671,0,116849400.000,0,-,-,-,-,2976.6000,2976.4000,2976.0000,2975.8000,2974.2000,2978.2000,2978.4000,2979.4000,2979.6000,2980.0000,1,6,7,1,1,1,1,2,2,1
SF,IH2003,2019-11-19 09:35:33.700,2978.4000,12671,0,116849400.000,0,-,-,-,-,2976.8000,2976.6000,2976.4000,2976.0000,2975.8000,2978.0000,2978.2000,2978.4000,2979.4000,2979.6000,2,1,5,6,1,1,3,1,2,2
SF,IH2003,2019-11-19 09:35:34.200,2978.4000,12671,0,116849400.000,0,-,-,-,-,2976.8000,2976.6000,2976.4000,2976.0000,2975.8000,2978.0000,2978.2000,2978.4000,2979.4000,2979.6000,4,1,5,4,1,1,2,1,2,2
SF,IH2003,2019-11-19 09:35:34.700,2978.4000,12671,0,116849400.000,0,-,-,-,-,2977.0000,2976.8000,2976.4000,2976.0000,2975.8000,2977.8000,2978.2000,2978.4000,2979.4000,2979.6000,1,1,3,4,1,3,2,1,2,2
SF,IH2003,2019-11-19 09:35:35.200,2978.4000,12671,0,116849400.000,0,-,-,-,-,2977.0000,2976.4000,2976.0000,2975.8000,2974.2000,2977.8000,2978.2000,2978.4000,2979.4000,2979.6000,1,3,4,1,1,3,2,1,2,2
SF,IH2003,2019-11-19 09:35:35.700,2978.4000,12671,0,116849400.000,0,-,-,-,-,2977.0000,2976.4000,2976.0000,2975.8000,2974.2000,2977.8000,2978.2000,2978.4000,2979.4000,2979.6000,1,3,4,1,1,2,2,1,2,2
SF,IH2003,2019-11-19 09:35:38.200,2977.0000,12671,0,117742500.000,1,0,1,多换,S,2976.4000,2976.0000,2975.8000,2974.2000,2972.0000,2977.8000,2978.2000,2978.4000,2979.4000,2979.6000,3,4,1,1,1,2,2,1,2,2
SF,IH2003,2019-11-19 09:35:38.700,2977.0000,12671,0,117742500.000,0,-,-,-,-,2976.6000,2976.4000,2976.0000,2975.8000,2974.2000,2977.8000,2978.2000,2978.4000,2979.4000,2979.6000,1,3,4,1,1,2,2,1,2,2
SF,IH2003,2019-11-19 09:35:39.700,2976.6000,12670,-1,118635480.000,1,0,1,双平,S,2976.4000,2976.0000,2975.8000,2974.2000,2972.0000,2977.4000,2977.6000,2978.2000,2978.4000,2979.4000,3,4,1,1,1,1,4,2,1,2
SF,IH2003,2019-11-19 09:35:40.200,2976.4000,12670,0,119528400.000,1,0,1,多换,S,2976.0000,2975.8000,2974.2000,2972.0000,2971.0000,2977.4000,2977.6000,2978.2000,2978.4000,2979.4000,2,1,1,1,2,1,5,2,1,2
SF,IH2003,2019-11-19 09:35:40.700,2976.4000,12670,0,119528400.000,0,-,-,-,-,2975.8000,2974.2000,2972.0000,2971.0000,2970.0000,2976.8000,2977.2000,2977.4000,2977.6000,2978.4000,1,1,1,2,1,2,6,1,3,1
SF,IH2003,2019-11-19 09:35:41.200,2976.4000,12670,0,119528400.000,0,-,-,-,-,2975.8000,2974.2000,2972.0000,2971.0000,2970.0000,2976.6000,2977.2000,2977.6000,2978.4000,2979.4000,1,1,1,2,1,1,7,3,1,2
SF,IH2003,2019-11-19 09:35:41.700,2976.4000,12670,0,119528400.000,0,-,-,-,-,2975.8000,2974.2000,2972.0000,2971.0000,2970.0000,2976.6000,2977.2000,2977.6000,2978.4000,2979.4000,1,1,1,2,1,1,6,3,1,2
SF,IH2003,2019-11-19 09:35:42.700,2976.4000,12670,0,119528400.000,0,-,-,-,-,2976.0000,2975.8000,2974.2000,2972.0000,2971.0000,2976.6000,2977.2000,2977.6000,2978.4000,2979.4000,1,1,1,1,2,1,6,3,1,2
SF,IH2003,2019-11-19 09:35:43.200,2976.4000,12670,0,119528400.000,0,-,-,-,-,2976.0000,2975.8000,2974.2000,2972.0000,2971.0000,2977.2000,2977.6000,2978.4000,2979.4000,2979.6000,3,1,1,1,2,3,3,1,2,2
SF,IH2003,2019-11-19 09:35:43.700,2976.4000,12670,0,119528400.000,0,-,-,-,-,2976.0000,2975.8000,2974.2000,2972.0000,2971.0000,2977.0000,2977.2000,2977.6000,2978.4000,2979.4000,3,1,1,1,2,1,2,3,1,2
SF,IH2003,2019-11-19 09:35:44.200,2976.4000,12670,0,119528400.000,0,-,-,-,-,2976.0000,2975.8000,2974.2000,2972.0000,2971.0000,2977.0000,2977.6000,2978.4000,2979.4000,2979.6000,3,1,1,1,2,1,3,1,2,2
SF,IH2003,2019-11-19 09:35:51.700,2976.4000,12670,0,119528400.000,0,-,-,-,-,2976.0000,2974.2000,2972.0000,2971.0000,2970.0000,2977.0000,2977.6000,2978.4000,2979.4000,2979.6000,3,1,1,2,1,1,3,1,2,2
SF,IH2003,2019-11-19 09:35:56.700,2976.4000,12670,0,119528400.000,0,-,-,-,-,2976.2000,2976.0000,2974.2000,2972.0000,2971.0000,2977.0000,2977.6000,2978.4000,2979.4000,2979.6000,1,3,1,1,2,1,3,1,2,2
SF,IH2003,2019-11-19 09:35:57.200,2976.4000,12670,0,119528400.000,0,-,-,-,-,2976.4000,2976.2000,2976.0000,2974.2000,2972.0000,2977.0000,2977.6000,2978.4000,2979.4000,2979.6000,2,1,3,1,1,1,1,1,2,2
SF,IH2003,2019-11-19 09:36:00.700,2976.4000,12670,0,119528400.000,0,-,-,-,-,2976.4000,2976.2000,2976.0000,2974.2000,2972.0000,2977.0000,2978.4000,2979.4000,2979.6000,2980.0000,2,1,3,1,1,1,1,2,2,1
SF,IH2003,2019-11-19 09:36:01.200,2977.0000,12669,-1,120421500.000,1,0,1,双平,S,2976.8000,2976.6000,2976.4000,2976.2000,2976.0000,2978.4000,2979.4000,2979.6000,2980.0000,2982.4000,3,2,3,1,3,1,2,2,1,5
SF,IH2003,2019-11-19 09:36:01.700,2977.0000,12669,0,120421500.000,0,-,-,-,-,2976.6000,2976.4000,2976.2000,2976.0000,2974.2000,2978.2000,2978.4000,2979.4000,2979.6000,2980.0000,2,2,1,3,1,6,1,2,2,1
SF,IH2003,2019-11-19 09:36:02.200,2977.0000,12669,0,120421500.000,0,-,-,-,-,2976.4000,2976.2000,2976.0000,2974.2000,2972.0000,2978.0000,2978.2000,2978.4000,2979.4000,2979.6000,2,1,3,1,1,1,8,1,2,1
SF,IH2003,2019-11-19 09:36:02.700,2977.0000,12669,0,120421500.000,0,-,-,-,-,2976.8000,2976.6000,2976.4000,2976.2000,2974.2000,2978.0000,2978.2000,2978.4000,2979.4000,2979.6000,3,1,2,1,1,1,4,1,2,1
SF,IH2003,2019-11-19 09:36:03.200,2977.0000,12669,0,120421500.000,0,-,-,-,-,2976.8000,2976.4000,2976.2000,2974.2000,2972.0000,2977.8000,2978.0000,2978.2000,2978.4000,2979.4000,3,2,1,1,1,1,1,4,1,2
SF,IH2003,2019-11-19 09:36:06.200,2977.0000,12669,0,120421500.000,0,-,-,-,-,2976.8000,2976.4000,2976.2000,2974.2000,2972.0000,2977.8000,2978.0000,2978.2000,2978.4000,2979.4000,3,2,1,1,1,1,1,2,1,2
SF,IH2003,2019-11-19 09:36:06.700,2977.0000,12669,0,120421500.000,0,-,-,-,-,2977.0000,2976.8000,2976.4000,2976.2000,2974.2000,2978.0000,2978.2000,2978.4000,2979.4000,2979.6000,1,3,2,1,1,1,2,1,2,1
SF,IH2003,2019-11-19 09:36:09.200,2978.0000,12669,0,121314900.000,1,0,1,多换,S,2977.0000,2976.8000,2976.4000,2976.2000,2974.2000,2978.2000,2978.4000,2979.4000,2979.6000,2980.0000,1,3,2,1,1,2,1,2,1,1
