市场代码,合约代码,时间,最新,持仓,增仓,成交额,成交量,开仓,平仓,成交类型,方向,买一价,买二价,买三价,买四价,买五价,卖一价,卖二价,卖三价,卖四价,卖五价,买一量,买二量,买三量,买四量,买五量,卖一量,卖二量,卖三量,卖四量,卖五量
SF,IH2006,2020-03-27 09:29:00.100,2651.6000,17434,0,8750280.000,11.000,-,-,-,-,2651.0000,2650.0000,2649.0000,2648.8000,2645.6000,2651.8000,2654.0000,2656.0000,2656.6000,2656.8000,3,5,1,1,1,1,1,1,6,7
SF,IH2006,2020-03-27 09:30:00.100,2655.2000,17431,-3,17512980.000,11,4,7,多平,S,2655.2000,2655.0000,2654.4000,2654.2000,2654.0000,2656.6000,2656.8000,2659.6000,2660.0000,2661.4000,5,2,1,1,1,3,7,1,1,1
SF,IH2006,2020-03-27 09:30:00.600,2656.8000,17423,-8,31860180.000,18,5,13,多平,S,2656.8000,2656.2000,2655.6000,2655.4000,2655.2000,2659.6000,2660.0000,2661.4000,2662.0000,2663.0000,12,1,6,10,1,1,10,1,1,1
SF,IH2006,2020-03-27 09:30:01.100,2658.8000,17422,-1,34252500.000,3,1,2,多平,S,2657.2000,2657.0000,2656.8000,2656.6000,2656.2000,2659.2000,2659.4000,2659.6000,2660.0000,2661.4000,1,2,12,3,1,1,2,1,10,1
SF,IH2006,2020-03-27 09:30:01.600,2658.0000,17411,-11,48601020.000,18,3,15,多平,S,2656.8000,2656.6000,2656.2000,2655.4000,2655.2000,2658.0000,2658.6000,2658.8000,2659.0000,2659.2000,8,3,6,2,1,1,4,5,8,1
SF,IH2006,2020-03-27 09:30:02.100,2656.2000,17410,-1,59759220.000,14,6,8,多平,S,2656.2000,2655.4000,2655.2000,2654.2000,2653.0000,2656.8000,2657.2000,2657.4000,2657.8000,2658.6000,5,2,1,1,1,3,1,1,4,2
SF,IH2006,2020-03-27 09:30:02.600,2656.8000,17411,1,62946720.000,4,2,2,空开,S,2655.4000,2655.2000,2654.2000,2653.0000,2652.8000,2656.8000,2657.2000,2657.8000,2658.0000,2658.6000,1,1,1,1,1,2,2,4,1,1
SF,IH2006,2020-03-27 09:30:03.100,2656.8000,17410,-1,66134880.000,4,1,3,多平,S,2655.4000,2655.2000,2655.0000,2652.8000,2652.4000,2656.6000,2656.8000,2657.2000,2658.0000,2658.6000,1,1,4,1,5,1,2,2,1,1
SF,IH2006,2020-03-27 09:30:03.600,2656.8000,17411,1,67728960.000,2,1,1,空开,S,2655.4000,2655.2000,2655.0000,2653.0000,2652.8000,2656.4000,2656.6000,2656.8000,2657.2000,2658.0000,1,1,4,1,1,1,1,2,2,1
SF,IH2006,2020-03-27 09:30:04.100,2656.2000,17410,-1,68525820.000,1,0,1,双平,S,2655.8000,2655.6000,2655.2000,2655.0000,2653.0000,2656.4000,2656.6000,2656.8000,2657.2000,2658.0000,1,1,1,7,1,1,1,2,2,1
SF,IH2006,2020-03-27 09:30:04.600,2657.2000,17407,-3,72510720.000,5,1,4,多平,S,2655.2000,2655.0000,2652.8000,2652.4000,2652.2000,2657.2000,2658.0000,2658.6000,2659.0000,2659.6000,1,7,1,5,8,1,1,1,2,1
SF,IH2006,2020-03-27 09:30:05.100,2657.2000,17405,-2,74902200.000,3,0,3,多平,S,2655.4000,2655.2000,2655.0000,2652.8000,2652.4000,2655.8000,2657.0000,2657.2000,2658.0000,2658.6000,4,1,7,1,5,6,1,1,1,1
SF,IH2006,2020-03-27 09:30:05.600,2655.6000,17401,-4,78089160.000,4,0,4,双平,S,2655.4000,2655.2000,2655.0000,2652.8000,2652.4000,2655.8000,2656.8000,2657.0000,2657.2000,2658.0000,1,1,7,1,5,3,1,1,1,1
SF,IH2006,2020-03-27 09:30:06.100,2655.8000,17398,-3,82072260.000,5,1,4,多平,S,2654.8000,2652.8000,2652.4000,2652.2000,2652.0000,2655.2000,2655.4000,2655.8000,2656.8000,2657.0000,7,1,5,8,2,1,1,3,1,1
SF,IH2006,2020-03-27 09:30:06.600,2655.4000,17388,-10,91631220.000,12,1,11,多平,S,2656.2000,2655.4000,2655.2000,2655.0000,2654.8000,2656.8000,2657.0000,2658.0000,2658.6000,2659.6000,1,1,7,6,3,1,1,1,1,1
SF,IH2006,2020-03-27 09:30:07.100,2655.2000,17386,-2,96412020.000,6,2,4,多平,S,2655.8000,2655.2000,2655.0000,2654.8000,2652.8000,2657.0000,2658.0000,2658.2000,2658.6000,2659.6000,3,4,2,3,1,1,1,1,1,1
SF,IH2006,2020-03-27 09:30:07.600,2655.8000,17386,0,97208760.000,1,0,1,多换,S,2656.0000,2655.8000,2654.8000,2652.8000,2652.4000,2656.8000,2657.0000,2657.2000,2658.0000,2658.2000,1,3,7,1,5,1,1,1,1,1
SF,IH2006,2020-03-27 09:30:08.100,2656.0000,17385,-1,98005560.000,1,0,1,双平,S,2656.8000,2655.8000,2655.2000,2655.0000,2654.8000,2657.2000,2658.0000,2658.2000,2658.6000,2659.6000,1,3,1,1,7,1,2,1,1,1
SF,IH2006,2020-03-27 09:30:08.600,2656.8000,17384,-1,100396380.000,3,1,2,多平,S,2655.8000,2655.2000,2655.0000,2654.8000,2652.8000,2656.8000,2657.0000,2657.2000,2658.0000,2658.2000,3,1,1,7,1,2,3,2,2,1
SF,IH2006,2020-03-27 09:30:09.100,2656.6000,17385,1,104380200.000,5,3,2,空开,S,2655.2000,2652.8000,2652.4000,2652.2000,2652.0000,2656.6000,2656.8000,2657.2000,2658.0000,2658.2000,1,1,5,8,2,4,1,1,2,1
SF,IH2006,2020-03-27 09:30:09.600,2655.2000,17385,0,106770720.000,3,1,2,多换,S,2652.8000,2652.4000,2652.2000,2652.0000,2651.8000,2656.2000,2656.4000,2656.6000,2658.0000,2658.2000,1,5,8,2,9,1,1,4,2,1
SF,IH2006,2020-03-27 09:30:10.100,2656.0000,17383,-2,108364320.000,2,0,2,双平,S,2654.6000,2653.6000,2653.2000,2653.0000,2652.8000,2656.0000,2656.2000,2656.6000,2658.0000,2658.2000,1,1,10,6,1,4,1,1,2,1
SF,IH2006,2020-03-27 09:30:10.600,2656.0000,17383,0,108364320.000,0,-,-,-,-,2654.8000,2653.6000,2653.2000,2653.0000,2652.8000,2655.8000,2656.0000,2656.2000,2656.6000,2658.0000,2,1,10,3,1,1,1,1,1,2
SF,IH2006,2020-03-27 09:30:11.100,2653.2000,17377,-6,113142960.000,6,0,6,双平,S,2653.2000,2653.0000,2652.8000,2652.2000,2652.0000,2654.2000,2656.0000,2656.2000,2656.6000,2658.0000,9,2,1,8,1,3,1,1,1,2
SF,IH2006,2020-03-27 09:30:11.600,2656.2000,17373,-4,117125400.000,5,0,5,多平,S,2654.6000,2654.0000,2653.6000,2653.4000,2653.2000,2656.0000,2656.6000,2658.0000,2658.2000,2658.6000,1,1,3,4,9,1,1,2,2,1
SF,IH2006,2020-03-27 09:30:12.100,2654.8000,17371,-2,118718280.000,2,0,2,双平,S,2654.2000,2653.4000,2653.2000,2653.0000,2652.8000,2655.4000,2655.8000,2656.0000,2658.0000,2658.2000,1,2,9,1,1,2,6,1,2,2
SF,IH2006,2020-03-27 09:30:12.600,2655.2000,17368,-3,121107540.000,3,0,3,双平,S,2654.2000,2653.4000,2653.2000,2653.0000,2652.8000,2655.2000,2655.8000,2656.0000,2657.0000,2658.0000,1,2,7,1,6,1,2,1,1,2
SF,IH2006,2020-03-27 09:30:13.100,2655.2000,17368,0,121904100.000,1,0,1,多换,S,2654.6000,2654.4000,2654.2000,2653.6000,2653.4000,2655.8000,2656.0000,2657.0000,2658.0000,2658.2000,1,2,1,1,1,1,1,1,2,2
SF,IH2006,2020-03-27 09:30:13.600,2654.4000,17367,-1,123497040.000,2,0,2,多平,S,2654.4000,2654.2000,2653.6000,2653.4000,2653.2000,2655.8000,2656.0000,2657.0000,2658.0000,2658.2000,1,1,1,1,7,2,1,1,2,2
SF,IH2006,2020-03-27 09:30:14.100,2654.4000,17368,1,124293360.000,1,1,0,双开,S,2654.4000,2654.2000,2653.4000,2653.2000,2653.0000,2655.6000,2655.8000,2656.0000,2657.0000,2657.6000,1,2,1,7,1,1,1,1,1,1
SF,IH2006,2020-03-27 09:30:14.600,2655.4000,17368,0,125089980.000,1,0,1,多换,S,2654.4000,2654.2000,2653.4000,2653.2000,2653.0000,2655.6000,2655.8000,2656.0000,2657.0000,2657.6000,1,1,1,7,1,1,1,1,1,1
SF,IH2006,2020-03-27 09:30:15.100,2655.8000,17366,-2,127480020.000,3,0,3,多平,S,2655.8000,2654.4000,2654.2000,2653.4000,2653.2000,2656.0000,2657.0000,2657.6000,2658.0000,2658.2000,1,1,1,1,7,1,6,1,2,2
SF,IH2006,2020-03-27 09:30:15.600,2655.8000,17365,-1,128276760.000,1,0,1,双平,S,2654.4000,2654.2000,2653.2000,2653.0000,2652.8000,2655.4000,2655.8000,2656.0000,2657.0000,2657.6000,1,2,7,1,6,1,1,1,6,1
SF,IH2006,2020-03-27 09:30:16.100,2655.8000,17365,0,128276760.000,0,-,-,-,-,2655.0000,2654.8000,2654.6000,2654.4000,2654.2000,2655.4000,2656.0000,2657.0000,2657.6000,2658.0000,1,1,1,1,3,1,1,6,1,2
SF,IH2006,2020-03-27 09:30:16.600,2655.0000,17364,-1,129869880.000,2,0,2,多平,S,2654.4000,2654.2000,2653.2000,2653.0000,2652.8000,2656.0000,2657.0000,2657.6000,2658.0000,2658.2000,1,2,7,1,6,1,6,1,2,2
SF,IH2006,2020-03-27 09:30:17.100,2655.0000,17364,0,129869880.000,0,-,-,-,-,2654.6000,2654.2000,2653.2000,2653.0000,2652.8000,2656.0000,2657.0000,2657.6000,2658.0000,2658.2000,1,2,7,1,6,1,6,1,2,2
SF,IH2006,2020-03-27 09:30:17.600,2655.8000,17362,-2,133853580.000,5,1,4,多平,S,2655.4000,2654.8000,2654.6000,2654.2000,2654.0000,2655.8000,2656.0000,2657.0000,2657.6000,2658.0000,1,1,1,2,1,1,1,6,1,2
SF,IH2006,2020-03-27 09:30:18.100,2655.4000,17361,-1,136243440.000,3,1,2,多平,S,2654.8000,2654.2000,2654.0000,2653.2000,2652.8000,2656.0000,2657.0000,2657.6000,2658.0000,2658.2000,1,2,1,7,6,1,6,1,2,2
SF,IH2006,2020-03-27 09:30:18.600,2656.0000,17361,0,137040240.000,1,0,1,多换,S,2655.0000,2654.8000,2654.2000,2654.0000,2653.2000,2655.6000,2657.0000,2657.6000,2658.0000,2658.2000,2,1,2,1,7,1,6,1,2,2
SF,IH2006,2020-03-27 09:30:19.100,2655.2000,17360,-1,137836800.000,1,0,1,双平,S,2655.4000,2655.2000,2655.0000,2654.8000,2654.2000,2655.6000,2657.0000,2657.6000,2658.0000,2658.2000,1,2,1,1,2,1,6,1,2,2
SF,IH2006,2020-03-27 09:30:19.600,2655.2000,17357,-3,140226540.000,3,0,3,双平,S,2654.8000,2654.2000,2654.0000,2653.2000,2652.8000,2655.0000,2655.2000,2655.4000,2655.6000,2657.0000,1,2,1,7,6,1,1,1,2,6
SF,IH2006,2020-03-27 09:30:20.100,2654.8000,17357,0,141819420.000,2,1,1,多换,S,2654.2000,2654.0000,2653.6000,2653.2000,2652.8000,2654.8000,2655.6000,2657.0000,2657.6000,2658.0000,2,1,7,7,6,4,1,6,1,2
SF,IH2006,2020-03-27 09:30:20.600,2654.2000,17355,-2,143412000.000,2,0,2,双平,S,2654.2000,2654.0000,2653.6000,2653.4000,2653.2000,2654.8000,2655.6000,2657.0000,2657.6000,2658.0000,1,1,7,3,4,4,1,6,1,2
SF,IH2006,2020-03-27 09:30:21.100,2654.8000,17353,-2,145004700.000,2,0,2,双平,S,2654.2000,2654.0000,2653.6000,2653.2000,2652.8000,2654.8000,2655.0000,2655.6000,2657.0000,2657.6000,1,1,7,4,7,3,5,1,6,1
SF,IH2006,2020-03-27 09:30:21.600,2654.6000,17353,0,147393720.000,3,1,2,多换,S,2654.0000,2653.6000,2653.2000,2652.8000,2652.6000,2654.8000,2655.0000,2655.6000,2657.0000,2657.6000,1,10,4,7,3,2,5,1,6,1
SF,IH2006,2020-03-27 09:30:22.100,2654.6000,17353,0,147393720.000,0,-,-,-,-,2654.0000,2653.6000,2653.2000,2652.8000,2652.6000,2654.8000,2655.0000,2655.6000,2657.0000,2657.6000,1,10,4,7,3,1,5,1,7,1
SF,IH2006,2020-03-27 09:30:22.600,2654.6000,17353,0,147393720.000,0,-,-,-,-,2654.0000,2653.6000,2653.2000,2652.8000,2652.6000,2654.2000,2654.4000,2654.6000,2654.8000,2655.0000,1,10,4,7,3,1,1,1,1,5
SF,IH2006,2020-03-27 09:30:23.100,2654.6000,17351,-2,148986420.000,2,0,2,双平,S,2654.0000,2653.6000,2653.2000,2652.8000,2652.6000,2654.8000,2655.0000,2655.6000,2657.0000,2657.6000,1,10,4,7,3,1,5,1,7,1
SF,IH2006,2020-03-27 09:30:23.600,2654.6000,17351,0,148986420.000,0,-,-,-,-,2654.0000,2653.6000,2653.2000,2652.8000,2652.6000,2654.8000,2655.0000,2655.6000,2657.0000,2657.6000,1,10,4,6,3,1,5,1,7,1
SF,IH2006,2020-03-27 09:30:24.100,2654.6000,17351,0,148986420.000,0,-,-,-,-,2654.0000,2653.6000,2653.2000,2652.8000,2652.6000,2654.2000,2654.8000,2655.0000,2655.6000,2657.0000,1,10,4,6,3,1,1,5,1,7
SF,IH2006,2020-03-27 09:30:24.600,2654.0000,17349,-2,150578880.000,2,0,2,双平,S,2653.6000,2653.2000,2652.8000,2652.6000,2652.2000,2654.8000,2655.0000,2655.6000,2657.0000,2657.6000,10,4,6,3,8,1,5,1,7,1
SF,IH2006,2020-03-27 09:30:25.100,2654.8000,17347,-2,153764340.000,4,1,3,多平,S,2653.8000,2653.6000,2653.2000,2652.8000,2652.6000,2654.8000,2655.0000,2655.6000,2657.0000,2657.6000,4,7,4,6,3,3,5,1,7,1
SF,IH2006,2020-03-27 09:30:25.600,2654.8000,17347,0,153764340.000,0,-,-,-,-,2653.8000,2653.6000,2653.2000,2652.8000,2652.6000,2654.8000,2655.0000,2655.6000,2656.0000,2657.0000,1,7,4,6,3,3,5,1,1,7
SF,IH2006,2020-03-27 09:30:26.100,2654.8000,17347,0,153764340.000,0,-,-,-,-,2653.8000,2653.6000,2653.2000,2652.8000,2652.6000,2654.0000,2655.0000,2655.6000,2656.0000,2657.0000,1,10,4,7,3,1,5,1,1,7
SF,IH2006,2020-03-27 09:30:26.600,2654.2000,17346,-1,155356860.000,2,0,2,多平,S,2654.8000,2654.0000,2653.8000,2653.6000,2653.2000,2655.0000,2655.6000,2656.0000,2657.0000,2657.6000,1,1,1,10,4,6,1,1,7,1
SF,IH2006,2020-03-27 09:30:27.100,2654.8000,17346,0,156949740.000,2,1,1,多换,S,2654.0000,2653.8000,2653.6000,2653.2000,2652.8000,2654.4000,2654.6000,2655.0000,2655.6000,2656.0000,1,1,10,4,7,1,8,6,1,1
SF,IH2006,2020-03-27 09:30:27.600,2654.8000,17346,0,156949740.000,0,-,-,-,-,2654.4000,2653.8000,2653.6000,2653.2000,2652.8000,2655.0000,2655.6000,2656.0000,2657.0000,2657.6000,1,1,10,4,7,6,1,1,7,1
SF,IH2006,2020-03-27 09:30:28.100,2654.8000,17346,0,156949740.000,0,-,-,-,-,2653.8000,2653.6000,2653.2000,2652.8000,2652.6000,2654.0000,2654.4000,2655.0000,2655.6000,2656.0000,1,11,4,7,3,1,1,6,1,1
SF,IH2006,2020-03-27 09:30:28.600,2654.0000,17345,-1,158542140.000,2,0,2,多平,S,2654.4000,2654.0000,2653.8000,2653.6000,2653.2000,2655.0000,2655.6000,2656.0000,2657.0000,2657.6000,1,6,1,11,4,6,1,1,7,1
SF,IH2006,2020-03-27 09:30:29.100,2654.0000,17345,0,158542140.000,0,-,-,-,-,2654.0000,2653.8000,2653.6000,2653.2000,2652.8000,2655.0000,2655.6000,2656.0000,2657.0000,2657.6000,6,1,11,4,7,6,1,1,7,1
SF,IH2006,2020-03-27 09:30:29.600,2654.0000,17342,-3,160930740.000,3,0,3,双平,S,2654.0000,2653.8000,2653.6000,2653.2000,2652.8000,2655.0000,2655.6000,2656.0000,2657.0000,2657.6000,3,1,11,4,7,6,1,1,7,1
SF,IH2006,2020-03-27 09:30:30.100,2654.0000,17342,0,160930740.000,0,-,-,-,-,2654.2000,2654.0000,2653.6000,2653.2000,2652.8000,2655.0000,2655.6000,2656.0000,2657.0000,2657.6000,1,4,11,4,6,6,1,1,7,1
SF,IH2006,2020-03-27 09:30:30.600,2655.0000,17341,-1,161727240.000,1,0,1,双平,S,2654.0000,2653.6000,2653.2000,2652.8000,2652.6000,2655.0000,2655.6000,2656.0000,2657.0000,2657.6000,4,11,4,6,3,5,1,1,7,1
SF,IH2006,2020-03-27 09:30:31.100,2655.0000,17340,-1,162523740.000,1,0,1,双平,S,2654.0000,2653.8000,2653.6000,2653.2000,2652.8000,2655.0000,2655.6000,2656.0000,2657.0000,2657.6000,4,1,11,4,6,4,1,1,7,1
SF,IH2006,2020-03-27 09:30:31.600,2655.0000,17334,-6,167302440.000,6,0,6,双平,S,2655.2000,2655.0000,2654.2000,2654.0000,2653.8000,2655.6000,2656.0000,2657.0000,2657.6000,2658.0000,1,1,2,4,1,1,1,7,1,2
SF,IH2006,2020-03-27 09:30:32.100,2655.0000,17334,0,167302440.000,0,-,-,-,-,2655.2000,2655.0000,2654.2000,2654.0000,2653.8000,2655.6000,2656.0000,2657.0000,2657.6000,2658.0000,1,2,3,4,1,1,1,7,1,2
SF,IH2006,2020-03-27 09:30:32.600,2655.2000,17334,0,168099000.000,1,0,1,多换,S,2655.0000,2654.2000,2654.0000,2653.8000,2653.6000,2655.2000,2655.6000,2656.0000,2657.0000,2657.6000,1,3,4,1,11,2,1,1,7,1
SF,IH2006,2020-03-27 09:30:33.100,2655.4000,17333,-1,171285420.000,4,1,3,多平,S,2655.4000,2655.2000,2655.0000,2654.2000,2654.0000,2656.0000,2657.0000,2657.6000,2658.0000,2658.2000,1,2,1,3,4,1,7,1,2,2
SF,IH2006,2020-03-27 09:30:33.600,2655.4000,17333,0,171285420.000,0,-,-,-,-,2655.4000,2655.2000,2655.0000,2654.2000,2654.0000,2656.0000,2657.0000,2657.6000,2658.0000,2658.2000,1,3,1,3,4,1,7,1,2,2
SF,IH2006,2020-03-27 09:30:34.100,2655.4000,17333,0,171285420.000,0,-,-,-,-,2655.4000,2655.2000,2655.0000,2654.2000,2654.0000,2656.0000,2657.0000,2657.6000,2658.0000,2658.2000,1,3,1,3,4,2,7,1,2,2
SF,IH2006,2020-03-27 09:30:34.600,2655.0000,17330,-3,175268220.000,5,1,4,多平,S,2654.2000,2654.0000,2653.8000,2653.6000,2653.2000,2656.0000,2657.0000,2657.6000,2658.0000,2658.2000,3,4,1,11,4,2,7,1,2,2
SF,IH2006,2020-03-27 09:30:35.100,2655.4000,17331,1,176064840.000,1,1,0,双开,S,2654.4000,2654.2000,2654.0000,2653.8000,2653.6000,2655.8000,2656.0000,2657.0000,2657.6000,2658.0000,6,2,4,1,11,3,2,7,1,2
SF,IH2006,2020-03-27 09:30:35.600,2656.0000,17328,-3,178455180.000,3,0,3,双平,S,2656.0000,2654.6000,2654.4000,2654.0000,2653.8000,2657.0000,2657.6000,2658.0000,2658.2000,2658.6000,2,3,6,4,1,7,1,2,2,1
SF,IH2006,2020-03-27 09:30:36.100,2656.8000,17328,0,180846060.000,3,1,2,多换,S,2654.6000,2654.4000,2654.0000,2653.8000,2653.6000,2655.8000,2656.8000,2657.0000,2657.6000,2658.0000,3,3,4,1,11,1,4,7,1,2
SF,IH2006,2020-03-27 09:30:36.600,2655.8000,17328,0,181642800.000,1,0,1,多换,S,2655.8000,2654.8000,2654.6000,2654.4000,2654.0000,2656.8000,2657.0000,2657.6000,2658.0000,2658.2000,2,9,3,3,4,5,7,1,2,2
SF,IH2006,2020-03-27 09:30:37.100,2655.8000,17328,0,181642800.000,0,-,-,-,-,2656.0000,2655.8000,2654.8000,2654.6000,2654.4000,2656.6000,2656.8000,2657.0000,2657.6000,2658.0000,1,1,7,3,3,1,3,7,1,2
SF,IH2006,2020-03-27 09:30:37.600,2656.0000,17327,-1,183236400.000,2,0,2,多平,S,2656.0000,2655.8000,2654.8000,2654.6000,2654.4000,2656.6000,2657.0000,2657.6000,2658.0000,2658.2000,1,1,2,3,3,1,7,1,2,2
SF,IH2006,2020-03-27 09:30:38.100,2656.0000,17327,0,183236400.000,0,-,-,-,-,2656.0000,2655.8000,2654.8000,2654.6000,2654.4000,2657.0000,2657.6000,2658.0000,2658.2000,2658.6000,1,1,2,3,1,7,1,2,2,1
SF,IH2006,2020-03-27 09:30:38.600,2656.0000,17327,0,183236400.000,0,-,-,-,-,2656.8000,2656.6000,2656.0000,2655.8000,2654.8000,2657.0000,2657.6000,2658.0000,2658.2000,2658.6000,10,1,1,1,2,7,1,2,2,1
SF,IH2006,2020-03-27 09:30:39.100,2657.0000,17321,-6,188018820.000,6,0,6,双平,S,2656.8000,2656.6000,2656.0000,2655.8000,2655.0000,2657.0000,2657.6000,2658.0000,2658.2000,2658.6000,14,1,1,1,1,4,1,2,2,1
SF,IH2006,2020-03-27 09:30:39.600,2657.0000,17317,-4,191207220.000,4,0,4,双平,S,2656.8000,2656.6000,2656.0000,2655.8000,2655.0000,2657.6000,2658.0000,2658.2000,2658.6000,2658.8000,14,2,1,1,1,1,2,2,1,1
SF,IH2006,2020-03-27 09:30:40.100,2657.0000,17317,0,192004320.000,1,0,1,多换,S,2656.8000,2656.6000,2656.0000,2655.8000,2655.0000,2657.4000,2657.6000,2658.0000,2658.2000,2658.6000,14,2,2,1,1,4,1,2,2,1
SF,IH2006,2020-03-27 09:30:40.600,2657.0000,17317,0,192004320.000,0,-,-,-,-,2656.8000,2656.6000,2656.0000,2655.8000,2655.0000,2657.4000,2657.6000,2658.0000,2658.2000,2658.6000,14,2,2,1,1,4,1,2,1,1
SF,IH2006,2020-03-27 09:30:41.100,2657.0000,17317,0,192004320.000,0,-,-,-,-,2656.8000,2656.6000,2656.0000,2655.8000,2655.0000,2657.2000,2657.4000,2657.6000,2658.0000,2658.2000,14,2,2,1,1,1,4,1,2,1
SF,IH2006,2020-03-27 09:30:41.600,2657.0000,17317,0,192004320.000,0,-,-,-,-,2656.8000,2656.6000,2656.0000,2655.8000,2655.0000,2657.4000,2657.6000,2658.0000,2658.2000,2658.8000,14,2,2,1,1,1,1,2,1,1
SF,IH2006,2020-03-27 09:30:42.100,2657.0000,17317,0,192004320.000,0,-,-,-,-,2657.0000,2656.8000,2656.6000,2656.0000,2655.8000,2657.4000,2657.6000,2658.0000,2658.2000,2658.8000,2,14,2,2,1,1,1,2,1,1
SF,IH2006,2020-03-27 09:30:42.600,2657.0000,17317,0,192004320.000,0,-,-,-,-,2657.4000,2657.0000,2656.8000,2656.6000,2656.0000,2657.6000,2658.0000,2658.2000,2658.8000,2659.6000,2,1,7,9,2,1,2,1,1,1
SF,IH2006,2020-03-27 09:30:43.100,2657.4000,17314,-3,194395980.000,3,0,3,双平,S,2657.0000,2656.8000,2656.6000,2656.0000,2655.8000,2657.4000,2657.6000,2658.0000,2658.2000,2658.8000,1,7,9,2,1,1,1,2,1,1
SF,IH2006,2020-03-27 09:30:43.600,2657.6000,17313,-1,195193260.000,1,0,1,双平,S,2657.4000,2657.0000,2656.8000,2656.6000,2656.0000,2657.8000,2658.0000,2658.2000,2658.8000,2659.6000,2,1,7,9,2,1,2,1,1,1
SF,IH2006,2020-03-27 09:30:44.100,2657.6000,17310,-3,197585160.000,3,0,3,双平,S,2657.4000,2657.0000,2656.8000,2656.6000,2656.0000,2658.0000,2658.2000,2658.8000,2659.6000,2659.8000,2,1,7,9,2,2,1,1,1,1
SF,IH2006,2020-03-27 09:30:44.600,2657.6000,17310,0,197585160.000,0,-,-,-,-,2657.6000,2657.4000,2657.0000,2656.8000,2656.6000,2658.0000,2658.2000,2658.8000,2659.6000,2659.8000,1,2,1,7,9,2,1,1,1,1
SF,IH2006,2020-03-27 09:30:45.100,2657.8000,17307,-3,201572040.000,5,1,4,多平,S,2658.0000,2657.6000,2657.4000,2657.0000,2656.8000,2658.8000,2659.6000,2659.8000,2660.0000,2662.0000,1,1,3,1,7,1,1,1,12,1
SF,IH2006,2020-03-27 09:30:45.600,2657.8000,17306,-1,202369380.000,1,0,1,双平,S,2658.0000,2657.8000,2657.6000,2657.4000,2657.0000,2658.6000,2658.8000,2659.6000,2659.8000,2660.0000,2,1,1,3,1,1,1,1,1,12
SF,IH2006,2020-03-27 09:30:46.100,2657.8000,17305,-1,203166720.000,1,0,1,双平,S,2658.2000,2658.0000,2657.8000,2657.4000,2657.0000,2658.6000,2658.8000,2659.6000,2659.8000,2660.0000,7,2,1,3,1,1,1,1,1,12
SF,IH2006,2020-03-27 09:30:46.600,2658.2000,17300,-5,207951600.000,6,0,6,多平,S,2658.0000,2657.8000,2657.4000,2656.8000,2656.6000,2658.6000,2658.8000,2659.6000,2659.8000,2660.0000,2,1,3,7,7,1,1,1,1,12
SF,IH2006,2020-03-27 09:30:47.100,2658.8000,17298,-2,209546820.000,2,0,2,双平,S,2658.8000,2658.0000,2657.8000,2657.4000,2656.8000,2659.6000,2659.8000,2660.0000,2662.0000,2663.0000,8,2,1,3,7,1,1,12,1,1
SF,IH2006,2020-03-27 09:30:47.600,2658.0000,17290,-8,217522740.000,10,1,9,多平,S,2657.8000,2657.4000,2656.8000,2656.6000,2656.0000,2658.2000,2659.4000,2659.6000,2659.8000,2660.0000,1,3,7,7,2,2,3,1,1,12
SF,IH2006,2020-03-27 09:30:48.100,2659.4000,17289,-1,219915840.000,3,1,2,多平,S,2658.6000,2657.8000,2657.4000,2656.8000,2656.6000,2659.4000,2659.6000,2659.8000,2660.0000,2662.0000,1,1,3,7,7,1,1,1,12,1
SF,IH2006,2020-03-27 09:30:48.600,2657.8000,17288,-1,221510760.000,2,0,2,多平,S,2657.4000,2656.8000,2656.6000,2656.0000,2655.0000,2658.0000,2658.2000,2658.4000,2658.6000,2658.8000,3,7,7,2,1,2,2,12,1,5
SF,IH2006,2020-03-27 09:30:49.100,2657.4000,17286,-2,226294080.000,6,2,4,多平,S,2656.8000,2656.6000,2656.0000,2655.0000,2654.8000,2657.8000,2658.0000,2658.4000,2658.6000,2659.0000,7,7,2,1,2,1,1,11,1,2
SF,IH2006,2020-03-27 09:30:49.600,2657.6000,17286,0,227888640.000,2,1,1,多换,S,2657.0000,2656.8000,2656.6000,2656.0000,2655.0000,2657.8000,2658.0000,2658.4000,2658.6000,2659.0000,1,7,7,2,1,1,1,11,1,2
SF,IH2006,2020-03-27 09:30:50.100,2657.8000,17285,-1,230280540.000,3,1,2,多平,S,2657.0000,2656.8000,2656.6000,2656.0000,2655.0000,2658.0000,2658.4000,2658.6000,2659.0000,2659.2000,1,7,7,2,1,1,11,1,1,4
SF,IH2006,2020-03-27 09:30:50.600,2657.0000,17286,1,231874980.000,2,1,1,空开,S,2656.8000,2656.6000,2656.0000,2655.0000,2654.8000,2658.0000,2658.4000,2658.6000,2659.0000,2659.2000,7,7,2,1,2,1,11,1,1,4
SF,IH2006,2020-03-27 09:30:51.100,2657.8000,17285,-1,233469360.000,2,0,2,多平,S,2656.8000,2656.6000,2656.0000,2655.0000,2654.8000,2657.8000,2658.0000,2658.4000,2658.6000,2659.0000,6,7,2,1,2,6,3,11,1,1
SF,IH2006,2020-03-27 09:30:51.600,2656.8000,17284,-1,234266400.000,1,0,1,双平,S,2656.8000,2656.6000,2656.0000,2655.0000,2654.8000,2657.8000,2658.0000,2658.4000,2658.6000,2659.0000,5,7,2,1,2,6,1,11,1,1
SF,IH2006,2020-03-27 09:30:52.100,2656.8000,17283,-1,235063440.000,1,0,1,双平,S,2656.8000,2656.6000,2656.0000,2655.0000,2654.8000,2657.8000,2658.0000,2658.2000,2658.4000,2658.6000,4,7,2,1,2,3,1,1,11,1
SF,IH2006,2020-03-27 09:30:52.600,2656.8000,17283,0,235063440.000,0,-,-,-,-,2656.8000,2656.6000,2656.0000,2655.0000,2654.8000,2657.6000,2657.8000,2658.0000,2658.2000,2658.4000,4,7,2,1,2,3,3,1,1,11
SF,IH2006,2020-03-27 09:30:53.100,2657.6000,17281,-2,236657760.000,2,0,2,双平,S,2656.8000,2656.6000,2656.0000,2655.0000,2654.8000,2657.6000,2657.8000,2658.0000,2658.2000,2658.4000,3,4,2,1,2,2,3,1,1,2
SF,IH2006,2020-03-27 09:30:53.600,2657.6000,17280,-1,238252320.000,2,0,2,多平,S,2657.0000,2656.8000,2656.4000,2656.0000,2655.0000,2657.8000,2658.0000,2658.2000,2658.4000,2658.6000,1,3,7,2,1,3,1,1,2,1
SF,IH2006,2020-03-27 09:30:54.100,2657.8000,17278,-2,240643800.000,3,0,3,多平,S,2657.8000,2656.8000,2656.4000,2656.0000,2655.0000,2658.0000,2658.2000,2658.4000,2658.6000,2659.0000,1,3,7,2,1,1,1,2,1,1
SF,IH2006,2020-03-27 09:30:54.600,2657.8000,17279,1,243035820.000,3,2,1,空开,S,2656.8000,2656.4000,2656.0000,2655.0000,2654.8000,2657.6000,2657.8000,2658.0000,2658.2000,2658.4000,3,7,2,1,2,11,3,4,1,1
SF,IH2006,2020-03-27 09:30:55.100,2657.8000,17279,0,243035820.000,0,-,-,-,-,2656.8000,2656.4000,2656.0000,2655.0000,2654.8000,2657.4000,2657.6000,2657.8000,2658.2000,2658.4000,3,7,2,1,2,3,10,1,1,1
SF,IH2006,2020-03-27 09:30:55.600,2657.6000,17271,-8,249413640.000,8,0,8,双平,S,2657.6000,2656.8000,2656.4000,2656.0000,2655.0000,2657.8000,2658.2000,2658.4000,2658.6000,2659.0000,9,3,7,2,1,1,1,1,1,1
SF,IH2006,2020-03-27 09:30:56.100,2657.6000,17265,-6,257386500.000,10,2,8,多平,S,2656.8000,2656.4000,2656.0000,2655.0000,2654.8000,2657.4000,2657.6000,2658.2000,2658.4000,2658.6000,3,7,2,1,2,3,2,1,1,1
SF,IH2006,2020-03-27 09:30:56.600,2657.0000,17264,-1,258183600.000,1,0,1,双平,S,2656.8000,2656.4000,2656.0000,2655.0000,2654.8000,2657.6000,2657.8000,2658.2000,2658.4000,2658.6000,3,7,2,1,2,1,1,1,1,1
SF,IH2006,2020-03-27 09:30:57.100,2657.6000,17264,0,258980880.000,1,0,1,多换,S,2657.4000,2656.8000,2656.4000,2656.0000,2655.0000,2657.8000,2658.2000,2658.4000,2658.6000,2658.8000,1,3,7,2,1,2,1,1,1,1
SF,IH2006,2020-03-27 09:30:57.600,2657.4000,17264,0,259778100.000,1,0,1,多换,S,2656.8000,2656.4000,2656.0000,2655.0000,2654.8000,2657.4000,2657.8000,2658.2000,2658.4000,2658.6000,3,7,2,1,2,4,3,1,1,1
SF,IH2006,2020-03-27 09:30:58.100,2656.8000,17263,-1,260575140.000,1,0,1,双平,S,2656.8000,2656.4000,2656.0000,2655.0000,2654.8000,2657.2000,2657.4000,2657.8000,2658.2000,2658.4000,2,7,2,1,2,3,3,3,1,1
SF,IH2006,2020-03-27 09:30:58.600,2656.8000,17261,-2,262169220.000,2,0,2,双平,S,2656.4000,2656.0000,2655.0000,2654.8000,2653.8000,2657.2000,2657.4000,2657.8000,2658.2000,2658.4000,7,2,1,2,1,3,3,3,1,1
SF,IH2006,2020-03-27 09:30:59.100,2656.8000,17261,0,262966260.000,1,0,1,多换,S,2656.6000,2656.4000,2656.0000,2655.0000,2654.8000,2657.2000,2657.4000,2657.8000,2658.2000,2658.4000,4,3,2,1,2,3,3,2,1,1
SF,IH2006,2020-03-27 09:30:59.600,2656.8000,17261,0,263763300.000,1,0,1,多换,S,2656.0000,2655.0000,2654.8000,2653.8000,2653.6000,2657.4000,2657.8000,2658.2000,2658.4000,2658.6000,2,1,2,1,13,1,2,1,1,1
SF,IH2006,2020-03-27 09:31:00.100,2657.4000,17259,-2,266154720.000,3,0,3,多平,S,2656.2000,2656.0000,2655.0000,2654.8000,2653.8000,2657.4000,2657.8000,2658.2000,2658.4000,2658.6000,1,9,1,1,1,2,2,1,1,1
SF,IH2006,2020-03-27 09:31:00.600,2657.4000,17256,-3,268546380.000,3,0,3,双平,S,2657.2000,2656.4000,2656.2000,2656.0000,2655.0000,2657.8000,2658.2000,2658.4000,2658.6000,2658.8000,2,6,1,8,1,2,1,1,1,1
SF,IH2006,2020-03-27 09:31:01.100,2658.2000,17253,-3,270938520.000,3,0,3,双平,S,2658.2000,2657.2000,2656.4000,2656.0000,2655.0000,2658.4000,2658.6000,2658.8000,2659.0000,2659.6000,1,2,5,8,1,1,1,1,1,1
SF,IH2006,2020-03-27 09:31:01.600,2658.2000,17252,-1,271735980.000,1,0,1,双平,S,2657.2000,2656.4000,2656.0000,2655.0000,2654.8000,2658.0000,2658.2000,2658.6000,2658.8000,2659.0000,2,5,8,1,1,3,3,1,1,1
SF,IH2006,2020-03-27 09:31:02.100,2658.2000,17249,-3,274925760.000,4,0,4,多平,S,2658.4000,2658.2000,2658.0000,2657.4000,2657.2000,2658.8000,2659.6000,2659.8000,2660.0000,2662.0000,2,1,1,2,2,1,1,1,13,1
SF,IH2006,2020-03-27 09:31:02.600,2658.8000,17249,0,275723400.000,1,0,1,多换,S,2659.2000,2659.0000,2658.8000,2658.6000,2658.4000,2659.6000,2659.8000,2660.0000,2662.0000,2663.0000,5,3,1,11,2,1,1,13,1,1
SF,IH2006,2020-03-27 09:31:03.100,2659.8000,17247,-2,277319220.000,2,0,2,双平,S,2659.6000,2659.0000,2658.8000,2658.6000,2658.4000,2660.0000,2662.0000,2663.0000,2664.0000,2665.0000,1,2,1,4,2,13,1,1,1,2
SF,IH2006,2020-03-27 09:31:03.600,2660.0000,17242,-5,282107100.000,6,0,6,多平,S,2659.6000,2659.0000,2658.8000,2658.6000,2658.4000,2660.0000,2662.0000,2663.0000,2664.0000,2665.0000,3,2,5,4,2,9,1,1,1,2
SF,IH2006,2020-03-27 09:31:04.100,2660.0000,17238,-4,285299100.000,4,0,4,双平,S,2659.8000,2659.6000,2659.2000,2658.8000,2658.6000,2660.0000,2662.0000,2663.0000,2664.0000,2665.0000,3,3,3,4,1,5,1,1,1,2
SF,IH2006,2020-03-27 09:31:04.600,2659.8000,17233,-5,290087040.000,6,0,6,多平,S,2659.8000,2659.6000,2659.2000,2658.8000,2658.6000,2662.0000,2663.0000,2664.0000,2665.0000,2666.0000,2,3,3,4,1,1,2,1,2,5
SF,IH2006,2020-03-27 09:31:05.100,2659.8000,17233,0,290087040.000,0,-,-,-,-,2660.0000,2659.8000,2659.2000,2658.8000,2658.4000,2661.0000,2661.4000,2661.6000,2661.8000,2662.0000,8,2,3,4,2,2,1,9,5,1
SF,IH2006,2020-03-27 09:31:05.600,2659.8000,17233,0,290087040.000,0,-,-,-,-,2660.0000,2659.8000,2659.2000,2658.8000,2658.4000,2660.8000,2661.4000,2661.6000,2661.8000,2662.0000,7,2,3,4,2,2,1,9,4,1
SF,IH2006,2020-03-27 09:31:06.100,2660.8000,17231,-2,292481460.000,3,0,3,多平,S,2660.0000,2659.8000,2659.2000,2658.8000,2658.4000,2660.8000,2661.4000,2661.6000,2661.8000,2662.0000,6,2,3,4,2,1,1,9,4,1
SF,IH2006,2020-03-27 09:31:06.600,2659.8000,17229,-2,299663280.000,9,3,6,多平,S,2658.8000,2658.4000,2658.2000,2657.8000,2656.0000,2660.0000,2660.2000,2660.4000,2660.6000,2660.8000,4,2,1,1,1,2,2,2,3,4
SF,IH2006,2020-03-27 09:31:07.100,2660.0000,17229,0,300461280.000,1,0,1,多换,S,2659.2000,2659.0000,2658.8000,2658.4000,2658.2000,2660.6000,2660.8000,2661.8000,2662.0000,2662.2000,3,2,4,2,1,2,3,3,1,2
SF,IH2006,2020-03-27 09:31:07.600,2660.0000,17229,0,300461280.000,0,-,-,-,-,2660.0000,2659.4000,2659.2000,2658.8000,2658.4000,2660.4000,2660.6000,2660.8000,2661.8000,2662.0000,2,4,3,4,2,2,2,3,2,1
SF,IH2006,2020-03-27 09:31:08.100,2660.4000,17227,-2,303653400.000,4,1,3,多平,S,2659.4000,2658.4000,2658.2000,2658.0000,2657.8000,2660.4000,2660.6000,2660.8000,2661.8000,2662.0000,3,2,1,1,1,1,3,3,2,1
SF,IH2006,2020-03-27 09:31:08.600,2660.0000,17227,0,304451400.000,1,0,1,多换,S,2659.6000,2659.4000,2658.6000,2658.4000,2658.2000,2660.2000,2660.4000,2660.6000,2660.8000,2661.8000,1,1,4,5,1,2,1,2,2,2
SF,IH2006,2020-03-27 09:31:09.100,2660.2000,17227,0,305249460.000,1,0,1,多换,S,2659.4000,2658.6000,2658.4000,2658.2000,2658.0000,2660.2000,2660.4000,2660.6000,2660.8000,2661.8000,1,4,5,1,1,1,1,2,2,2
SF,IH2006,2020-03-27 09:31:09.600,2660.6000,17225,-2,306845760.000,2,0,2,双平,S,2660.4000,2660.2000,2659.6000,2659.4000,2658.6000,2660.6000,2660.8000,2661.8000,2662.0000,2662.2000,1,3,1,1,4,1,2,2,1,2
SF,IH2006,2020-03-27 09:31:10.100,2660.2000,17222,-3,309240120.000,3,0,3,双平,S,2660.2000,2659.6000,2659.4000,2659.2000,2658.6000,2660.8000,2661.8000,2662.0000,2662.2000,2663.0000,2,1,1,1,4,2,2,1,2,2
SF,IH2006,2020-03-27 09:31:10.600,2660.8000,17222,0,310038360.000,1,0,1,多换,S,2660.2000,2659.8000,2659.6000,2659.4000,2659.2000,2660.8000,2661.8000,2662.0000,2662.2000,2663.0000,2,1,1,1,1,1,2,1,2,2
SF,IH2006,2020-03-27 09:31:11.100,2660.8000,17220,-2,311634840.000,2,0,2,双平,S,2660.4000,2660.2000,2659.8000,2659.6000,2659.4000,2661.8000,2662.0000,2663.0000,2664.0000,2665.0000,1,2,1,1,1,1,1,2,1,2
SF,IH2006,2020-03-27 09:31:11.600,2660.8000,17221,1,313231260.000,2,1,1,空开,S,2660.6000,2660.2000,2659.8000,2659.6000,2659.2000,2661.8000,2662.0000,2663.0000,2664.0000,2665.0000,4,2,1,1,1,1,2,2,1,2
SF,IH2006,2020-03-27 09:31:12.100,2660.8000,17221,0,313231260.000,0,-,-,-,-,2660.6000,2660.2000,2659.8000,2659.2000,2658.6000,2661.8000,2662.0000,2663.0000,2664.0000,2665.0000,4,2,1,1,4,1,2,2,1,2
SF,IH2006,2020-03-27 09:31:12.600,2661.8000,17221,0,314029800.000,1,0,1,多换,S,2661.8000,2660.6000,2660.2000,2659.8000,2659.2000,2662.0000,2663.0000,2664.0000,2665.0000,2666.0000,1,4,2,1,1,2,2,1,2,5
SF,IH2006,2020-03-27 09:31:13.100,2661.8000,17221,0,314828340.000,1,0,1,多换,S,2660.6000,2660.2000,2659.8000,2658.6000,2658.4000,2661.8000,2662.0000,2663.0000,2664.0000,2665.0000,4,2,1,4,3,2,2,2,1,2
SF,IH2006,2020-03-27 09:31:13.600,2661.8000,17220,-1,316425420.000,2,0,2,多平,S,2660.8000,2660.6000,2660.2000,2659.8000,2658.6000,2661.8000,2662.0000,2662.6000,2663.0000,2663.4000,5,3,2,1,4,1,2,1,2,1
SF,IH2006,2020-03-27 09:31:14.100,2661.8000,17220,0,316425420.000,0,-,-,-,-,2660.8000,2660.6000,2660.2000,2659.8000,2658.6000,2661.6000,2661.8000,2662.0000,2662.6000,2663.0000,4,3,2,1,4,2,1,2,1,2
SF,IH2006,2020-03-27 09:31:14.600,2660.6000,17217,-3,318820080.000,3,0,3,双平,S,2660.6000,2660.2000,2659.8000,2658.6000,2658.4000,2661.4000,2661.6000,2661.8000,2662.0000,2662.6000,2,2,1,4,3,1,1,1,7,1
SF,IH2006,2020-03-27 09:31:15.100,2660.6000,17217,0,318820080.000,0,-,-,-,-,2660.2000,2659.8000,2658.6000,2658.4000,2658.0000,2661.2000,2661.4000,2661.6000,2661.8000,2662.0000,2,1,4,3,1,1,1,1,1,7
SF,IH2006,2020-03-27 09:31:15.600,2661.2000,17213,-4,322013520.000,4,0,4,双平,S,2660.4000,2660.2000,2659.8000,2658.6000,2658.4000,2661.6000,2661.8000,2662.0000,2662.6000,2663.0000,1,2,1,4,3,1,1,7,1,2
SF,IH2006,2020-03-27 09:31:16.100,2661.2000,17213,0,322013520.000,0,-,-,-,-,2661.6000,2660.6000,2660.4000,2659.8000,2658.6000,2662.0000,2662.6000,2663.0000,2663.4000,2663.6000,1,4,1,1,4,7,1,2,1,1
SF,IH2006,2020-03-27 09:31:16.600,2661.6000,17212,-1,322812000.000,1,0,1,双平,S,2660.6000,2660.4000,2659.8000,2658.6000,2658.4000,2662.0000,2662.6000,2663.0000,2663.4000,2663.6000,4,1,1,4,3,7,2,2,1,1
SF,IH2006,2020-03-27 09:31:17.100,2661.6000,17212,0,322812000.000,0,-,-,-,-,2660.8000,2660.6000,2660.4000,2659.8000,2658.6000,2661.0000,2662.0000,2662.6000,2663.0000,2663.4000,6,4,1,1,4,1,8,2,2,1
SF,IH2006,2020-03-27 09:31:17.600,2661.0000,17211,-1,325206900.000,3,1,2,多平,S,2661.0000,2660.8000,2660.6000,2660.4000,2659.8000,2662.0000,2662.6000,2663.0000,2663.6000,2664.0000,1,1,1,1,1,8,2,2,1,1
SF,IH2006,2020-03-27 09:31:18.100,2660.8000,17210,-1,327601680.000,3,1,2,多平,S,2659.8000,2658.6000,2658.4000,2658.0000,2657.8000,2660.8000,2661.0000,2661.8000,2662.0000,2662.6000,1,4,3,1,1,2,1,2,8,2
SF,IH2006,2020-03-27 09:31:18.600,2660.8000,17210,0,327601680.000,0,-,-,-,-,2660.2000,2660.0000,2659.8000,2658.6000,2658.4000,2660.6000,2661.0000,2661.8000,2662.0000,2662.6000,5,2,1,4,3,1,1,2,8,2
SF,IH2006,2020-03-27 09:31:19.100,2660.6000,17209,-1,328399860.000,1,0,1,双平,S,2660.8000,2660.0000,2659.8000,2658.6000,2658.4000,2661.8000,2662.0000,2662.6000,2663.0000,2663.6000,1,1,1,4,3,2,8,2,2,1
SF,IH2006,2020-03-27 09:31:19.600,2660.6000,17209,0,328399860.000,0,-,-,-,-,2660.0000,2659.8000,2658.6000,2658.4000,2658.0000,2661.6000,2661.8000,2662.0000,2662.6000,2663.0000,1,1,4,3,1,2,1,8,2,2
SF,IH2006,2020-03-27 09:31:20.100,2660.6000,17209,0,328399860.000,0,-,-,-,-,2660.2000,2660.0000,2659.8000,2658.6000,2658.4000,2661.4000,2661.6000,2662.0000,2662.6000,2663.0000,6,1,1,4,3,1,2,7,2,2
SF,IH2006,2020-03-27 09:31:20.600,2660.6000,17209,0,328399860.000,0,-,-,-,-,2660.4000,2660.2000,2659.8000,2658.6000,2658.4000,2661.4000,2661.6000,2662.0000,2662.6000,2663.0000,2,6,1,4,3,1,2,7,2,2
SF,IH2006,2020-03-27 09:31:21.100,2660.6000,17209,0,328399860.000,0,-,-,-,-,2660.6000,2660.4000,2660.2000,2659.8000,2658.6000,2661.2000,2661.4000,2661.6000,2662.0000,2662.6000,1,1,1,1,4,1,1,2,7,2
SF,IH2006,2020-03-27 09:31:21.600,2660.4000,17206,-3,330794280.000,3,0,3,双平,S,2660.2000,2660.0000,2659.8000,2658.6000,2658.4000,2660.6000,2661.0000,2661.4000,2661.6000,2662.0000,1,1,1,4,3,1,2,1,2,7
SF,IH2006,2020-03-27 09:31:22.100,2660.4000,17205,-1,331592400.000,1,0,1,双平,S,2660.0000,2659.8000,2658.6000,2658.4000,2658.0000,2661.0000,2661.4000,2661.6000,2662.0000,2662.6000,1,1,4,3,1,1,1,2,7,2
SF,IH2006,2020-03-27 09:31:22.600,2660.8000,17205,0,333188640.000,2,1,1,多换,S,2659.8000,2658.6000,2658.4000,2658.0000,2657.8000,2660.8000,2661.4000,2661.6000,2662.0000,2662.6000,1,4,3,1,1,2,1,2,8,2
SF,IH2006,2020-03-27 09:31:23.100,2660.8000,17205,0,333188640.000,0,-,-,-,-,2659.8000,2658.6000,2658.4000,2658.0000,2657.8000,2660.8000,2661.4000,2661.6000,2662.0000,2662.6000,1,4,3,1,1,3,1,2,8,2
SF,IH2006,2020-03-27 09:31:23.600,2659.8000,17204,-1,334784520.000,2,0,2,多平,S,2658.6000,2658.4000,2658.0000,2657.8000,2656.8000,2659.8000,2660.8000,2661.4000,2661.6000,2662.0000,4,3,1,1,5,1,4,1,2,8
SF,IH2006,2020-03-27 09:31:24.100,2659.8000,17204,0,334784520.000,0,-,-,-,-,2658.8000,2658.6000,2658.4000,2658.0000,2657.8000,2659.8000,2660.0000,2660.8000,2661.2000,2661.4000,11,4,3,1,1,1,1,3,1,1
SF,IH2006,2020-03-27 09:31:24.600,2659.8000,17204,0,334784520.000,0,-,-,-,-,2658.8000,2658.6000,2658.4000,2658.0000,2657.8000,2659.8000,2660.0000,2660.4000,2660.8000,2661.2000,6,4,3,1,1,1,1,1,2,1
SF,IH2006,2020-03-27 09:31:25.100,2659.8000,17203,-1,335582460.000,1,0,1,双平,S,2658.8000,2658.6000,2658.4000,2658.0000,2657.8000,2659.8000,2660.0000,2660.4000,2660.8000,2661.2000,5,4,3,1,1,2,1,1,2,1
SF,IH2006,2020-03-27 09:31:25.600,2659.8000,17203,0,335582460.000,0,-,-,-,-,2658.8000,2658.6000,2658.4000,2658.0000,2657.8000,2659.6000,2659.8000,2660.0000,2660.4000,2660.8000,4,4,3,1,1,1,2,1,1,3
SF,IH2006,2020-03-27 09:31:26.100,2659.8000,17203,0,336380400.000,1,0,1,多换,S,2658.8000,2658.6000,2658.4000,2658.0000,2657.8000,2659.8000,2660.0000,2660.4000,2660.8000,2661.2000,2,4,3,1,1,2,1,1,3,1
SF,IH2006,2020-03-27 09:31:26.600,2660.4000,17199,-4,339572400.000,4,0,4,双平,S,2660.0000,2659.4000,2659.2000,2659.0000,2658.8000,2660.8000,2661.2000,2661.4000,2661.6000,2662.0000,6,3,1,4,7,3,1,1,2,9
SF,IH2006,2020-03-27 09:31:27.100,2659.8000,17199,0,342764280.000,4,2,2,多换,S,2659.8000,2659.0000,2658.8000,2658.6000,2658.4000,2660.6000,2660.8000,2661.2000,2661.4000,2661.6000,3,4,2,4,3,1,2,1,1,2
SF,IH2006,2020-03-27 09:31:27.600,2659.8000,17199,0,345158100.000,3,1,2,多换,S,2659.0000,2658.8000,2658.0000,2657.8000,2656.8000,2659.6000,2659.8000,2660.6000,2660.8000,2661.2000,4,2,1,1,5,2,1,1,2,1
SF,IH2006,2020-03-27 09:31:28.100,2659.8000,17199,0,345158100.000,0,-,-,-,-,2659.2000,2658.8000,2658.0000,2657.8000,2656.8000,2659.6000,2659.8000,2660.2000,2660.6000,2660.8000,1,1,1,1,5,2,1,1,1,2
SF,IH2006,2020-03-27 09:31:28.600,2658.8000,17196,-3,348349260.000,4,0,4,多平,S,2658.0000,2657.8000,2656.8000,2656.0000,2655.2000,2659.0000,2659.2000,2660.0000,2660.2000,2660.6000,1,1,5,2,7,2,1,1,1,1
SF,IH2006,2020-03-27 09:31:29.100,2659.0000,17195,-1,350742120.000,3,1,2,多平,S,2658.2000,2657.8000,2657.6000,2657.4000,2656.8000,2659.2000,2660.0000,2660.2000,2660.6000,2660.8000,1,1,4,3,5,1,1,1,1,2
SF,IH2006,2020-03-27 09:31:29.600,2659.0000,17195,0,350742120.000,0,-,-,-,-,2658.4000,2658.2000,2657.8000,2657.6000,2657.4000,2658.8000,2659.2000,2660.0000,2660.2000,2660.6000,3,1,1,4,3,2,1,1,1,1
SF,IH2006,2020-03-27 09:31:30.100,2659.0000,17191,-4,354730140.000,5,0,5,多平,S,2658.8000,2658.0000,2657.8000,2656.8000,2656.0000,2659.2000,2660.0000,2660.2000,2660.6000,2660.8000,2,7,1,5,2,1,1,1,1,1
SF,IH2006,2020-03-27 09:31:30.600,2658.8000,17190,-1,357123060.000,3,1,2,多平,S,2658.0000,2657.8000,2656.8000,2656.0000,2655.2000,2658.4000,2660.0000,2660.2000,2660.6000,2660.8000,7,1,5,2,7,2,1,1,1,1
SF,IH2006,2020-03-27 09:31:31.100,2658.8000,17187,-3,360313440.000,4,0,4,多平,S,2658.4000,2658.2000,2658.0000,2657.8000,2656.8000,2659.0000,2660.0000,2660.2000,2660.6000,2660.8000,8,1,3,1,5,1,1,1,1,1
SF,IH2006,2020-03-27 09:31:31.600,2659.0000,17186,-1,361111140.000,1,0,1,双平,S,2659.6000,2659.0000,2658.6000,2658.4000,2658.2000,2660.0000,2660.2000,2660.6000,2660.8000,2661.2000,2,2,1,6,1,3,1,1,1,1
SF,IH2006,2020-03-27 09:31:32.100,2659.0000,17186,0,361111140.000,0,-,-,-,-,2659.0000,2658.6000,2658.4000,2658.2000,2658.0000,2660.0000,2660.2000,2660.6000,2660.8000,2661.2000,1,1,6,1,3,3,1,1,1,1
SF,IH2006,2020-03-27 09:31:32.600,2658.6000,17185,-1,364302420.000,4,1,3,多平,S,2658.4000,2658.2000,2658.0000,2657.8000,2656.8000,2660.0000,2660.2000,2660.6000,2660.8000,2661.2000,6,1,3,1,5,1,1,1,1,1
SF,IH2006,2020-03-27 09:31:33.100,2658.6000,17185,0,365100000.000,1,0,1,多换,S,2658.6000,2658.4000,2658.2000,2658.0000,2657.8000,2659.0000,2660.0000,2660.2000,2660.6000,2660.8000,8,3,1,3,1,2,1,1,1,1
SF,IH2006,2020-03-27 09:31:33.600,2658.6000,17183,-2,368290920.000,4,1,3,多平,S,2658.6000,2658.4000,2658.2000,2658.0000,2657.8000,2660.0000,2660.2000,2660.6000,2660.8000,2661.2000,2,3,1,3,1,1,1,1,1,1
SF,IH2006,2020-03-27 09:31:34.100,2658.6000,17183,0,368290920.000,0,-,-,-,-,2659.0000,2658.6000,2658.4000,2658.2000,2658.0000,2660.0000,2660.2000,2660.6000,2660.8000,2661.2000,3,1,3,5,3,1,1,1,1,1
SF,IH2006,2020-03-27 09:31:34.600,2659.0000,17182,-1,369088620.000,1,0,1,双平,S,2659.0000,2658.8000,2658.6000,2658.4000,2658.2000,2660.0000,2660.2000,2660.6000,2660.8000,2661.2000,2,2,1,3,5,1,1,1,1,1
SF,IH2006,2020-03-27 09:31:35.100,2659.0000,17182,0,370684020.000,2,1,1,多换,S,2658.8000,2658.6000,2658.4000,2658.2000,2658.0000,2659.0000,2659.8000,2660.0000,2660.2000,2660.8000,2,1,2,1,4,1,3,1,1,1
SF,IH2006,2020-03-27 09:31:35.600,2658.4000,17179,-3,374671920.000,5,1,4,多平,S,2658.2000,2657.8000,2656.8000,2656.0000,2655.2000,2658.8000,2659.0000,2659.8000,2660.0000,2660.2000,1,1,5,2,7,1,1,3,2,1
SF,IH2006,2020-03-27 09:31:36.100,2658.2000,17178,-1,375469380.000,1,0,1,双平,S,2657.8000,2657.4000,2657.2000,2656.8000,2656.0000,2658.2000,2658.4000,2658.6000,2659.0000,2659.8000,1,4,3,5,2,3,1,1,2,2
SF,IH2006,2020-03-27 09:31:36.600,2657.8000,17177,-1,376266720.000,1,0,1,双平,S,2657.4000,2657.2000,2656.8000,2656.0000,2655.2000,2657.8000,2658.2000,2658.4000,2658.6000,2659.0000,4,3,5,2,7,1,3,1,1,2
SF,IH2006,2020-03-27 09:31:37.100,2657.6000,17172,-5,380253060.000,5,0,5,双平,S,2657.6000,2657.2000,2656.8000,2656.0000,2655.2000,2657.8000,2658.2000,2658.4000,2659.0000,2659.8000,1,3,5,2,7,1,2,1,3,2
SF,IH2006,2020-03-27 09:31:37.600,2658.0000,17169,-3,382645080.000,3,0,3,双平,S,2657.2000,2656.8000,2656.0000,2655.2000,2655.0000,2658.2000,2658.4000,2659.0000,2659.8000,2660.0000,3,10,2,7,2,2,1,3,2,1
SF,IH2006,2020-03-27 09:31:38.100,2658.0000,17169,0,382645080.000,0,-,-,-,-,2657.2000,2656.8000,2656.0000,2655.2000,2655.0000,2658.2000,2658.4000,2659.0000,2659.8000,2660.0000,3,10,2,7,2,2,1,3,2,1
SF,IH2006,2020-03-27 09:31:38.600,2658.0000,17169,0,382645080.000,0,-,-,-,-,2657.4000,2657.2000,2656.8000,2656.0000,2655.2000,2658.2000,2658.4000,2659.0000,2659.8000,2660.0000,1,3,10,2,7,2,1,3,2,1
SF,IH2006,2020-03-27 09:31:39.100,2658.0000,17169,0,382645080.000,0,-,-,-,-,2657.8000,2657.4000,2657.2000,2657.0000,2656.8000,2658.2000,2658.4000,2659.0000,2659.8000,2660.0000,2,1,1,3,10,2,1,3,2,1
SF,IH2006,2020-03-27 09:31:39.600,2658.2000,17168,-1,384240000.000,2,0,2,多平,S,2658.2000,2657.8000,2657.4000,2657.0000,2656.8000,2658.4000,2659.0000,2659.8000,2660.0000,2660.2000,1,1,1,3,10,1,3,2,1,1
SF,IH2006,2020-03-27 09:31:40.100,2658.4000,17166,-2,385834980.000,2,0,2,双平,S,2658.2000,2657.8000,2657.0000,2656.8000,2656.2000,2659.0000,2659.8000,2660.0000,2660.2000,2660.8000,1,1,3,10,1,3,2,1,1,1
SF,IH2006,2020-03-27 09:31:40.600,2659.0000,17164,-2,387430380.000,2,0,2,双平,S,2657.8000,2657.0000,2656.8000,2656.2000,2656.0000,2659.0000,2659.8000,2660.0000,2660.2000,2660.8000,1,3,10,1,2,1,2,1,1,1
SF,IH2006,2020-03-27 09:31:41.100,2658.0000,17164,0,388227780.000,1,0,1,多换,S,2658.0000,2657.8000,2657.0000,2656.8000,2656.2000,2658.8000,2659.0000,2659.8000,2660.0000,2660.2000,2,2,3,10,1,1,1,2,1,1
SF,IH2006,2020-03-27 09:31:41.600,2658.0000,17162,-2,391417980.000,4,1,3,多平,S,2658.0000,2657.8000,2657.0000,2656.8000,2656.2000,2658.2000,2658.4000,2659.8000,2660.0000,2660.2000,1,2,3,10,1,1,1,2,1,1
SF,IH2006,2020-03-27 09:31:42.100,2658.4000,17161,-1,393012960.000,2,0,2,多平,S,2658.2000,2658.0000,2657.8000,2657.0000,2656.8000,2659.8000,2660.0000,2660.2000,2660.8000,2661.0000,2,1,1,3,10,2,1,1,1,1
SF,IH2006,2020-03-27 09:31:42.600,2658.4000,17161,0,393012960.000,0,-,-,-,-,2658.2000,2658.0000,2657.8000,2657.4000,2657.0000,2659.6000,2659.8000,2660.0000,2660.2000,2660.8000,2,1,1,1,3,5,2,1,1,1
SF,IH2006,2020-03-27 09:31:43.100,2658.0000,17159,-2,394607820.000,2,0,2,双平,S,2657.8000,2657.4000,2657.0000,2656.8000,2656.2000,2659.4000,2659.6000,2659.8000,2660.0000,2660.2000,1,1,3,10,2,1,5,1,1,1
SF,IH2006,2020-03-27 09:31:43.600,2657.8000,17158,-1,395405160.000,1,0,1,双平,S,2657.4000,2656.8000,2656.2000,2656.0000,2655.2000,2659.2000,2659.4000,2659.6000,2659.8000,2660.0000,1,5,2,2,7,3,2,2,1,1
SF,IH2006,2020-03-27 09:31:44.100,2657.6000,17157,-1,396202440.000,1,0,1,双平,S,2656.8000,2656.6000,2656.2000,2656.0000,2655.2000,2657.8000,2659.0000,2659.2000,2659.4000,2659.6000,5,3,7,2,7,1,2,3,1,2
SF,IH2006,2020-03-27 09:31:44.600,2657.8000,17156,-1,397797120.000,2,0,2,多平,S,2657.2000,2657.0000,2656.8000,2656.6000,2656.2000,2659.0000,2659.2000,2659.4000,2659.8000,2660.0000,1,6,5,3,7,3,3,1,1,1
SF,IH2006,2020-03-27 09:31:45.100,2657.8000,17156,0,397797120.000,0,-,-,-,-,2657.4000,2657.2000,2657.0000,2656.8000,2656.6000,2658.4000,2658.8000,2659.0000,2659.4000,2659.8000,3,1,3,5,3,1,4,2,1,1
SF,IH2006,2020-03-27 09:31:45.600,2657.8000,17156,0,397797120.000,0,-,-,-,-,2657.4000,2656.8000,2656.6000,2656.2000,2656.0000,2658.4000,2658.8000,2659.0000,2659.4000,2659.8000,1,5,3,7,2,1,4,2,1,1
SF,IH2006,2020-03-27 09:31:46.100,2658.2000,17155,-1,398594580.000,1,0,1,双平,S,2656.8000,2656.6000,2656.2000,2656.0000,2655.2000,2658.2000,2658.4000,2658.6000,2658.8000,2659.0000,5,3,7,2,7,3,1,1,1,1
SF,IH2006,2020-03-27 09:31:46.600,2658.2000,17155,0,398594580.000,0,-,-,-,-,2657.0000,2656.8000,2656.6000,2656.2000,2656.0000,2658.2000,2658.8000,2659.0000,2659.4000,2659.8000,5,5,3,7,2,3,1,2,1,1
SF,IH2006,2020-03-27 09:31:47.100,2657.0000,17155,0,399391680.000,1,0,1,多换,S,2657.0000,2656.8000,2656.6000,2656.2000,2656.0000,2658.8000,2659.0000,2659.4000,2659.8000,2660.0000,4,5,3,7,2,1,2,1,1,1
SF,IH2006,2020-03-27 09:31:47.600,2657.0000,17155,0,399391680.000,0,-,-,-,-,2657.0000,2656.8000,2656.6000,2656.2000,2656.0000,2657.2000,2658.6000,2659.0000,2659.4000,2659.8000,1,5,3,7,2,1,6,2,1,1
SF,IH2006,2020-03-27 09:31:48.100,2657.2000,17154,-1,400188840.000,1,0,1,双平,S,2657.4000,2657.2000,2657.0000,2656.8000,2656.2000,2658.6000,2659.0000,2659.4000,2659.8000,2660.0000,2,3,1,5,10,7,2,1,1,1
SF,IH2006,2020-03-27 09:31:48.600,2657.2000,17154,0,400188840.000,0,-,-,-,-,2657.4000,2657.2000,2657.0000,2656.8000,2656.2000,2658.4000,2658.6000,2659.0000,2659.4000,2659.8000,2,3,1,5,10,1,7,2,1,1
SF,IH2006,2020-03-27 09:31:49.100,2657.2000,17154,0,400188840.000,0,-,-,-,-,2657.2000,2657.0000,2656.8000,2656.2000,2656.0000,2658.2000,2658.4000,2658.6000,2659.0000,2659.4000,3,1,5,10,2,6,1,3,2,1
SF,IH2006,2020-03-27 09:31:49.600,2657.2000,17153,-1,400986000.000,1,0,1,双平,S,2657.2000,2657.0000,2656.8000,2656.2000,2656.0000,2658.2000,2658.4000,2658.6000,2659.0000,2659.4000,1,1,5,10,2,6,1,2,2,1
SF,IH2006,2020-03-27 09:31:50.100,2658.2000,17154,1,402580920.000,2,1,1,空开,S,2657.2000,2657.0000,2656.8000,2656.2000,2656.0000,2658.2000,2658.4000,2658.6000,2659.0000,2659.4000,1,1,5,10,2,4,1,1,2,1
SF,IH2006,2020-03-27 09:31:50.600,2658.2000,17154,0,404175840.000,2,1,1,多换,S,2657.2000,2657.0000,2656.8000,2656.2000,2656.0000,2658.2000,2658.4000,2658.6000,2659.0000,2659.4000,1,1,5,10,2,1,1,1,2,1
SF,IH2006,2020-03-27 09:31:51.100,2658.2000,17154,0,404973300.000,1,0,1,多换,S,2657.4000,2657.2000,2657.0000,2656.8000,2656.2000,2658.4000,2659.0000,2659.4000,2659.8000,2660.0000,2,1,1,5,10,1,2,1,1,1
SF,IH2006,2020-03-27 09:31:51.600,2657.6000,17152,-2,406568100.000,2,0,2,双平,S,2658.4000,2657.4000,2657.2000,2657.0000,2656.8000,2659.0000,2659.4000,2659.6000,2659.8000,2660.0000,2,2,1,1,5,2,1,1,1,1
SF,IH2006,2020-03-27 09:31:52.100,2657.0000,17148,-4,411351660.000,6,1,5,多平,S,2656.8000,2656.2000,2656.0000,2655.2000,2655.0000,2657.0000,2658.8000,2659.0000,2659.4000,2659.6000,5,10,2,7,4,1,3,2,1,1
SF,IH2006,2020-03-27 09:31:52.600,2657.0000,17147,-1,412148760.000,1,0,1,双平,S,2658.0000,2657.4000,2657.0000,2656.8000,2656.2000,2658.4000,2658.8000,2659.0000,2659.6000,2659.8000,2,1,5,5,10,1,2,2,1,1
SF,IH2006,2020-03-27 09:31:53.100,2658.4000,17146,-1,412946280.000,1,0,1,双平,S,2658.0000,2657.0000,2656.8000,2656.2000,2656.0000,2658.8000,2659.0000,2659.6000,2659.8000,2660.0000,2,5,5,10,2,2,2,1,1,1
SF,IH2006,2020-03-27 09:31:53.600,2658.2000,17144,-2,414541200.000,2,0,2,双平,S,2657.0000,2656.8000,2656.2000,2656.0000,2655.2000,2658.6000,2658.8000,2659.0000,2659.6000,2659.8000,6,5,10,2,7,4,2,2,1,1
SF,IH2006,2020-03-27 09:31:54.100,2658.2000,17144,0,414541200.000,0,-,-,-,-,2657.2000,2657.0000,2656.8000,2656.2000,2656.0000,2658.6000,2658.8000,2659.0000,2659.6000,2659.8000,1,6,5,10,2,3,2,2,1,1
SF,IH2006,2020-03-27 09:31:54.600,2658.2000,17144,0,414541200.000,0,-,-,-,-,2657.4000,2657.2000,2657.0000,2656.8000,2656.2000,2658.0000,2658.6000,2658.8000,2659.0000,2659.6000,2,1,4,5,10,1,3,2,2,1
SF,IH2006,2020-03-27 09:31:55.100,2658.0000,17144,0,415338600.000,1,0,1,多换,S,2657.4000,2657.2000,2657.0000,2656.8000,2656.2000,2658.6000,2658.8000,2659.0000,2659.6000,2659.8000,2,1,4,5,10,1,2,2,2,1
SF,IH2006,2020-03-27 09:31:55.600,2658.0000,17144,0,415338600.000,0,-,-,-,-,2657.6000,2657.4000,2657.2000,2657.0000,2656.8000,2658.4000,2658.6000,2658.8000,2659.0000,2659.6000,1,2,1,3,5,1,1,1,2,2
SF,IH2006,2020-03-27 09:31:56.100,2658.0000,17144,0,415338600.000,0,-,-,-,-,2657.6000,2657.4000,2657.2000,2657.0000,2656.8000,2657.8000,2658.2000,2658.4000,2658.6000,2658.8000,1,2,1,2,5,1,1,1,1,1
SF,IH2006,2020-03-27 09:31:56.600,2657.4000,17144,0,416933040.000,2,1,1,多换,S,2657.2000,2657.0000,2656.8000,2656.2000,2656.0000,2657.8000,2658.2000,2658.4000,2658.6000,2658.8000,1,2,5,11,2,1,1,2,1,1
SF,IH2006,2020-03-27 09:31:57.100,2657.0000,17143,-1,419324400.000,3,1,2,多平,S,2656.8000,2656.2000,2656.0000,2655.2000,2655.0000,2657.6000,2658.2000,2658.4000,2658.6000,2658.8000,5,11,2,7,4,1,1,2,1,1
SF,IH2006,2020-03-27 09:31:57.600,2657.0000,17143,0,419324400.000,0,-,-,-,-,2656.8000,2656.2000,2656.0000,2655.2000,2655.0000,2657.6000,2658.2000,2658.4000,2658.6000,2658.8000,5,11,2,7,4,1,1,2,1,1
SF,IH2006,2020-03-27 09:31:58.100,2657.0000,17143,0,419324400.000,0,-,-,-,-,2656.8000,2656.2000,2656.0000,2655.2000,2655.0000,2657.6000,2658.2000,2658.4000,2658.6000,2658.8000,5,10,2,7,4,2,1,2,1,1
SF,IH2006,2020-03-27 09:31:58.600,2658.2000,17140,-3,421716420.000,3,0,3,双平,S,2657.0000,2656.8000,2656.2000,2656.0000,2655.2000,2658.4000,2658.6000,2658.8000,2659.0000,2659.6000,3,5,10,2,7,2,1,2,2,2
SF,IH2006,2020-03-27 09:31:59.100,2657.2000,17139,-1,422513580.000,1,0,1,双平,S,2657.0000,2656.8000,2656.2000,2656.0000,2655.2000,2658.2000,2658.4000,2658.6000,2658.8000,2659.0000,4,5,10,2,7,3,2,1,1,2
SF,IH2006,2020-03-27 09:31:59.600,2657.2000,17139,0,422513580.000,0,-,-,-,-,2658.2000,2657.2000,2657.0000,2656.8000,2656.2000,2658.4000,2658.6000,2658.8000,2659.0000,2659.2000,2,1,4,5,10,2,1,1,2,1
SF,IH2006,2020-03-27 09:32:00.100,2658.2000,17139,0,424108500.000,2,1,1,多换,S,2657.2000,2657.0000,2656.8000,2656.2000,2656.0000,2658.2000,2658.4000,2658.6000,2658.8000,2659.0000,2,1,5,10,2,2,1,1,1,2
SF,IH2006,2020-03-27 09:32:00.600,2658.2000,17137,-2,425703420.000,2,0,2,双平,S,2657.2000,2657.0000,2656.8000,2656.2000,2656.0000,2658.0000,2658.4000,2658.6000,2658.8000,2659.0000,1,1,5,10,2,1,1,1,1,2
SF,IH2006,2020-03-27 09:32:01.100,2658.2000,17136,-1,426500880.000,1,0,1,双平,S,2657.2000,2657.0000,2656.8000,2656.2000,2656.0000,2658.4000,2658.6000,2658.8000,2659.0000,2659.2000,1,1,5,10,2,1,1,1,2,1
SF,IH2006,2020-03-27 09:32:01.600,2658.2000,17136,0,426500880.000,0,-,-,-,-,2657.2000,2657.0000,2656.8000,2656.6000,2656.2000,2658.2000,2658.4000,2658.6000,2658.8000,2659.0000,1,1,5,1,10,2,2,2,1,2
SF,IH2006,2020-03-27 09:32:02.100,2658.2000,17136,0,426500880.000,0,-,-,-,-,2657.4000,2657.0000,2656.8000,2656.6000,2656.2000,2658.0000,2658.2000,2658.4000,2658.6000,2658.8000,1,1,5,1,10,4,1,2,1,1
SF,IH2006,2020-03-27 09:32:02.600,2658.2000,17136,0,426500880.000,0,-,-,-,-,2657.4000,2657.0000,2656.8000,2656.6000,2656.2000,2658.0000,2658.2000,2658.4000,2658.8000,2659.0000,1,1,5,1,10,1,1,1,1,2
SF,IH2006,2020-03-27 09:32:03.100,2658.2000,17136,0,426500880.000,0,-,-,-,-,2657.6000,2657.4000,2656.8000,2656.6000,2656.2000,2658.0000,2658.2000,2658.4000,2658.8000,2659.0000,1,1,5,1,10,1,1,1,1,2
SF,IH2006,2020-03-27 09:32:03.600,2657.6000,17135,-1,427298160.000,1,0,1,双平,S,2656.8000,2656.6000,2656.2000,2656.0000,2655.6000,2658.0000,2658.2000,2658.4000,2658.8000,2659.0000,5,1,10,2,1,1,1,1,1,2
SF,IH2006,2020-03-27 09:32:04.100,2657.6000,17135,0,427298160.000,0,-,-,-,-,2657.0000,2656.8000,2656.2000,2656.0000,2655.6000,2657.4000,2657.8000,2658.0000,2658.4000,2658.8000,2,5,10,2,1,1,5,2,1,1
SF,IH2006,2020-03-27 09:32:04.600,2657.4000,17135,0,428095380.000,1,0,1,多换,S,2657.4000,2657.0000,2656.8000,2656.2000,2656.0000,2657.8000,2658.0000,2658.4000,2658.8000,2659.0000,1,2,5,10,2,4,2,1,2,2
SF,IH2006,2020-03-27 09:32:05.100,2657.4000,17135,0,428095380.000,0,-,-,-,-,2657.4000,2656.8000,2656.2000,2656.0000,2655.6000,2658.0000,2658.4000,2658.8000,2659.0000,2659.2000,1,5,10,2,1,2,1,2,2,1
SF,IH2006,2020-03-27 09:32:05.600,2657.4000,17135,0,428892600.000,1,0,1,多换,S,2656.8000,2656.2000,2656.0000,2655.6000,2655.2000,2657.4000,2658.0000,2658.4000,2658.8000,2659.0000,5,10,2,1,7,1,1,1,2,2
SF,IH2006,2020-03-27 09:32:06.100,2657.4000,17134,-1,429689820.000,1,0,1,双平,S,2657.0000,2656.8000,2656.2000,2656.0000,2655.6000,2658.0000,2658.4000,2658.8000,2659.0000,2659.2000,3,5,10,2,1,1,1,2,2,1
SF,IH2006,2020-03-27 09:32:07.100,2657.4000,17134,0,429689820.000,0,-,-,-,-,2657.0000,2656.8000,2656.2000,2656.0000,2655.6000,2657.8000,2658.0000,2658.4000,2658.8000,2659.0000,3,5,10,2,1,1,1,1,2,2
SF,IH2006,2020-03-27 09:32:07.600,2657.4000,17134,0,429689820.000,0,-,-,-,-,2657.0000,2656.8000,2656.2000,2656.0000,2655.6000,2657.4000,2657.8000,2658.0000,2658.4000,2658.8000,3,5,10,2,1,1,2,1,1,2
SF,IH2006,2020-03-27 09:32:08.100,2657.4000,17134,0,430487040.000,1,0,1,多换,S,2657.0000,2656.8000,2656.2000,2656.0000,2655.6000,2657.8000,2658.0000,2658.4000,2658.8000,2659.0000,3,5,10,2,1,2,1,1,2,2
SF,IH2006,2020-03-27 09:32:08.600,2656.8000,17132,-2,432878280.000,3,0,3,多平,S,2656.8000,2656.2000,2656.0000,2655.6000,2655.2000,2657.8000,2658.0000,2658.4000,2658.8000,2659.0000,4,10,2,1,7,2,2,1,2,2
SF,IH2006,2020-03-27 09:32:09.100,2656.8000,17132,0,432878280.000,0,-,-,-,-,2657.0000,2656.8000,2656.2000,2656.0000,2655.6000,2657.4000,2657.6000,2657.8000,2658.0000,2658.4000,1,4,10,2,1,1,9,2,1,1
SF,IH2006,2020-03-27 09:32:09.600,2656.8000,17132,0,436863480.000,5,2,3,多换,S,2656.2000,2656.0000,2655.6000,2655.2000,2655.0000,2656.8000,2657.0000,2657.4000,2657.6000,2657.8000,4,2,1,7,4,1,8,2,9,1
SF,IH2006,2020-03-27 09:32:10.100,2656.2000,17131,-1,440050920.000,4,1,3,多平,S,2656.0000,2655.6000,2655.2000,2655.0000,2653.6000,2656.6000,2657.0000,2657.4000,2657.6000,2657.8000,2,1,7,4,5,1,6,2,5,1
SF,IH2006,2020-03-27 09:32:10.600,2656.0000,17131,0,440847720.000,1,0,1,多换,S,2656.0000,2655.6000,2655.2000,2655.0000,2653.6000,2656.6000,2657.0000,2657.4000,2657.6000,2657.8000,1,11,7,4,5,1,3,2,5,1
SF,IH2006,2020-03-27 09:32:11.100,2656.0000,17131,0,440847720.000,0,-,-,-,-,2656.2000,2656.0000,2655.6000,2655.2000,2655.0000,2656.4000,2656.6000,2657.0000,2657.4000,2657.6000,1,1,11,7,4,1,2,3,2,4
SF,IH2006,2020-03-27 09:32:11.600,2656.4000,17130,-1,441644640.000,1,0,1,双平,S,2656.2000,2656.0000,2655.6000,2655.2000,2655.0000,2656.6000,2657.0000,2657.4000,2657.6000,2657.8000,1,1,11,7,4,2,2,2,4,2
SF,IH2006,2020-03-27 09:32:12.100,2656.2000,17128,-2,443238480.000,2,0,2,双平,S,2656.0000,2655.6000,2655.2000,2655.0000,2653.6000,2656.6000,2657.0000,2657.4000,2657.6000,2657.8000,1,11,7,4,5,1,2,2,4,2
SF,IH2006,2020-03-27 09:32:12.600,2656.6000,17127,-1,444832440.000,2,0,2,多平,S,2656.0000,2655.6000,2655.2000,2655.0000,2653.6000,2657.0000,2657.4000,2657.6000,2657.8000,2658.0000,1,1,17,4,5,2,2,4,2,1
SF,IH2006,2020-03-27 09:32:13.100,2657.0000,17125,-2,446426640.000,2,0,2,双平,S,2656.2000,2656.0000,2655.6000,2655.2000,2655.0000,2657.4000,2657.6000,2657.8000,2658.0000,2658.4000,1,1,1,17,4,2,4,2,1,1
SF,IH2006,2020-03-27 09:32:13.600,2657.2000,17124,-1,448020960.000,2,0,2,多平,S,2656.4000,2656.2000,2656.0000,2655.6000,2655.2000,2657.2000,2657.4000,2657.6000,2657.8000,2658.0000,1,1,1,1,17,3,2,1,2,1
SF,IH2006,2020-03-27 09:32:14.100,2657.2000,17124,0,449615280.000,2,1,1,多换,S,2656.4000,2656.2000,2656.0000,2655.6000,2655.2000,2656.8000,2657.2000,2657.4000,2657.6000,2657.8000,1,1,1,1,17,1,1,2,1,2
SF,IH2006,2020-03-27 09:32:14.600,2657.4000,17121,-3,452803920.000,4,0,4,多平,S,2656.8000,2656.4000,2656.2000,2656.0000,2655.6000,2657.8000,2658.0000,2658.4000,2658.8000,2659.0000,2,1,1,1,1,2,1,1,2,2
SF,IH2006,2020-03-27 09:32:15.100,2656.8000,17121,0,453600960.000,1,0,1,多换,S,2656.8000,2656.4000,2656.2000,2656.0000,2655.6000,2657.0000,2657.8000,2658.0000,2658.4000,2658.8000,1,1,1,1,1,1,1,1,1,2
SF,IH2006,2020-03-27 09:32:15.600,2657.0000,17120,-1,454398060.000,1,0,1,双平,S,2657.2000,2657.0000,2656.8000,2656.4000,2656.2000,2657.8000,2658.0000,2658.4000,2658.8000,2659.0000,1,4,1,2,1,1,1,1,2,2
SF,IH2006,2020-03-27 09:32:16.100,2657.0000,17120,0,454398060.000,0,-,-,-,-,2657.0000,2656.8000,2656.4000,2656.0000,2655.6000,2657.8000,2658.0000,2658.4000,2658.8000,2659.0000,3,1,1,1,1,1,1,1,2,2
SF,IH2006,2020-03-27 09:32:16.600,2657.0000,17120,0,455195160.000,1,0,1,多换,S,2657.0000,2656.8000,2656.4000,2656.0000,2655.6000,2657.8000,2658.0000,2658.4000,2658.8000,2659.0000,2,2,1,1,1,1,1,1,2,2
SF,IH2006,2020-03-27 09:32:17.100,2656.8000,17120,0,455992200.000,1,0,1,多换,S,2656.8000,2656.4000,2656.0000,2655.6000,2655.2000,2657.8000,2658.0000,2658.4000,2658.8000,2659.0000,1,1,1,1,17,1,1,1,2,2
SF,IH2006,2020-03-27 09:32:17.600,2656.8000,17120,0,455992200.000,0,-,-,-,-,2656.8000,2656.4000,2656.0000,2655.6000,2655.2000,2657.8000,2658.0000,2658.4000,2658.8000,2659.0000,1,1,1,1,17,1,2,1,2,2
SF,IH2006,2020-03-27 09:32:18.100,2656.8000,17120,0,455992200.000,0,-,-,-,-,2656.8000,2656.4000,2656.0000,2655.6000,2655.2000,2657.0000,2657.6000,2657.8000,2658.0000,2658.4000,1,1,1,1,17,3,1,1,2,1
SF,IH2006,2020-03-27 09:32:18.600,2656.8000,17116,-4,459180540.000,4,0,4,双平,S,2656.4000,2656.0000,2655.6000,2655.2000,2655.0000,2656.8000,2657.6000,2657.8000,2658.0000,2658.4000,1,1,1,17,4,1,1,1,2,1
SF,IH2006,2020-03-27 09:32:19.100,2656.8000,17115,-1,459977580.000,1,0,1,双平,S,2656.4000,2656.0000,2655.6000,2655.2000,2655.0000,2657.2000,2657.8000,2658.0000,2658.4000,2658.8000,1,1,1,17,4,1,1,2,1,2
SF,IH2006,2020-03-27 09:32:19.600,2656.8000,17115,0,459977580.000,0,-,-,-,-,2656.6000,2656.4000,2656.0000,2655.6000,2655.2000,2657.2000,2657.8000,2658.0000,2658.4000,2658.8000,1,1,1,1,17,1,1,2,1,2
SF,IH2006,2020-03-27 09:32:20.100,2656.6000,17114,-1,460774560.000,1,0,1,双平,S,2656.4000,2656.0000,2655.6000,2655.2000,2655.0000,2657.0000,2657.2000,2657.8000,2658.0000,2658.4000,1,1,1,17,4,2,1,1,2,1
SF,IH2006,2020-03-27 09:32:20.600,2656.4000,17114,0,461571480.000,1,0,1,多换,S,2656.0000,2655.6000,2655.2000,2655.0000,2653.6000,2657.0000,2657.2000,2657.8000,2658.0000,2658.4000,1,1,17,4,5,2,1,1,2,1
SF,IH2006,2020-03-27 09:32:21.100,2656.4000,17114,0,461571480.000,0,-,-,-,-,2656.4000,2656.2000,2656.0000,2655.6000,2655.2000,2657.0000,2657.2000,2657.6000,2657.8000,2658.0000,5,2,1,1,17,2,1,1,1,2
SF,IH2006,2020-03-27 09:32:21.600,2656.4000,17114,0,461571480.000,0,-,-,-,-,2656.2000,2656.0000,2655.6000,2655.2000,2655.0000,2656.8000,2657.0000,2657.2000,2657.6000,2657.8000,2,1,1,17,4,2,1,1,1,1
SF,IH2006,2020-03-27 09:32:22.100,2655.6000,17115,1,464758680.000,4,2,2,空开,S,2655.2000,2655.0000,2653.6000,2653.0000,2652.8000,2656.0000,2656.2000,2656.6000,2656.8000,2657.6000,17,4,5,1,2,19,7,5,4,1
SF,IH2006,2020-03-27 09:32:22.600,2655.8000,17116,1,467945280.000,4,2,2,空开,S,2655.4000,2655.2000,2655.0000,2653.6000,2653.0000,2656.6000,2656.8000,2657.6000,2657.8000,2658.0000,6,15,4,5,1,1,2,1,1,2
SF,IH2006,2020-03-27 09:32:23.100,2655.8000,17116,0,467945280.000,0,-,-,-,-,2655.6000,2655.4000,2655.2000,2655.0000,2653.6000,2656.8000,2657.6000,2657.8000,2658.0000,2658.4000,4,6,15,4,5,2,1,1,2,1
SF,IH2006,2020-03-27 09:32:23.600,2655.8000,17116,0,467945280.000,0,-,-,-,-,2655.8000,2655.6000,2655.4000,2655.2000,2655.0000,2656.2000,2656.4000,2656.8000,2657.6000,2657.8000,1,2,6,15,4,1,1,1,1,1
SF,IH2006,2020-03-27 09:32:24.100,2656.2000,17115,-1,468742140.000,1,0,1,双平,S,2656.2000,2656.0000,2655.8000,2655.6000,2655.4000,2656.4000,2656.8000,2657.6000,2657.8000,2658.0000,1,1,1,1,6,1,1,1,1,2
SF,IH2006,2020-03-27 09:32:24.600,2656.4000,17114,-1,469539060.000,1,0,1,双平,S,2656.4000,2656.2000,2656.0000,2655.8000,2655.6000,2656.8000,2657.6000,2657.8000,2658.0000,2658.4000,2,1,1,1,1,1,1,1,2,1
SF,IH2006,2020-03-27 09:32:25.100,2656.4000,17113,-1,470335980.000,1,0,1,双平,S,2656.0000,2655.8000,2655.6000,2655.2000,2655.0000,2656.8000,2657.6000,2657.8000,2658.0000,2658.4000,1,1,1,15,4,1,1,1,2,1
SF,IH2006,2020-03-27 09:32:25.600,2656.0000,17112,-1,471132780.000,1,0,1,双平,S,2655.8000,2655.6000,2655.2000,2655.0000,2653.6000,2656.8000,2657.6000,2657.8000,2658.0000,2658.4000,1,1,15,4,5,1,1,1,2,1
SF,IH2006,2020-03-27 09:32:26.100,2656.0000,17112,0,471132780.000,0,-,-,-,-,2655.6000,2655.2000,2655.0000,2653.6000,2653.0000,2656.8000,2657.6000,2657.8000,2658.0000,2658.4000,1,15,4,5,1,1,1,1,2,1
SF,IH2006,2020-03-27 09:32:26.600,2656.0000,17112,0,471132780.000,0,-,-,-,-,2655.6000,2655.2000,2655.0000,2653.0000,2652.8000,2656.8000,2657.4000,2657.6000,2657.8000,2658.0000,1,15,4,1,2,1,1,1,1,3
SF,IH2006,2020-03-27 09:32:27.100,2656.0000,17112,0,471132780.000,0,-,-,-,-,2656.0000,2655.8000,2655.6000,2655.2000,2655.0000,2656.8000,2657.4000,2657.6000,2657.8000,2658.0000,5,2,1,15,4,1,1,1,1,3
SF,IH2006,2020-03-27 09:32:27.600,2656.0000,17112,0,471132780.000,0,-,-,-,-,2655.8000,2655.6000,2655.2000,2655.0000,2653.0000,2656.6000,2656.8000,2657.4000,2657.6000,2657.8000,1,1,15,4,1,1,1,1,1,1
SF,IH2006,2020-03-27 09:32:28.600,2655.6000,17111,-1,474320160.000,4,1,3,多平,S,2655.2000,2655.0000,2653.0000,2652.8000,2652.6000,2655.6000,2656.8000,2657.4000,2657.6000,2657.8000,15,4,1,2,3,12,1,1,1,1
SF,IH2006,2020-03-27 09:32:29.100,2655.6000,17100,-11,483880320.000,12,0,12,多平,S,2655.6000,2655.4000,2655.2000,2655.0000,2653.0000,2656.6000,2656.8000,2657.4000,2657.6000,2657.8000,2,1,15,4,1,1,1,1,1,1
SF,IH2006,2020-03-27 09:32:29.600,2656.6000,17100,0,484677300.000,1,0,1,多换,S,2656.0000,2655.8000,2655.6000,2655.2000,2655.0000,2656.8000,2657.4000,2657.6000,2657.8000,2658.0000,6,1,3,5,14,1,1,1,1,3
SF,IH2006,2020-03-27 09:32:30.100,2656.8000,17100,0,486271380.000,2,1,1,多换,S,2656.2000,2656.0000,2655.8000,2655.6000,2655.2000,2657.0000,2657.4000,2657.6000,2657.8000,2658.0000,5,6,2,3,5,1,1,1,1,3
SF,IH2006,2020-03-27 09:32:30.600,2657.0000,17099,-1,487068480.000,1,0,1,双平,S,2656.4000,2656.2000,2656.0000,2655.8000,2655.6000,2657.4000,2657.6000,2657.8000,2658.0000,2658.2000,5,5,5,2,3,1,1,1,3,1
SF,IH2006,2020-03-27 09:32:31.100,2657.0000,17099,0,487068480.000,0,-,-,-,-,2656.4000,2656.2000,2656.0000,2655.8000,2655.6000,2657.4000,2657.6000,2657.8000,2658.0000,2658.2000,6,5,5,2,3,1,1,1,3,1
SF,IH2006,2020-03-27 09:32:31.600,2657.4000,17098,-1,488662620.000,2,0,2,多平,S,2657.4000,2656.2000,2656.0000,2655.8000,2655.6000,2657.6000,2657.8000,2658.0000,2658.2000,2658.4000,1,5,5,2,3,1,1,3,1,1
SF,IH2006,2020-03-27 09:32:32.100,2657.4000,17097,-1,489459840.000,1,0,1,双平,S,2655.8000,2655.6000,2655.2000,2655.0000,2654.8000,2657.4000,2657.6000,2657.8000,2658.0000,2658.2000,2,2,5,14,1,11,1,1,3,1
SF,IH2006,2020-03-27 09:32:32.600,2657.4000,17097,0,489459840.000,0,-,-,-,-,2656.8000,2656.0000,2655.6000,2655.2000,2655.0000,2657.2000,2657.4000,2657.6000,2657.8000,2658.0000,5,2,2,5,14,4,10,1,1,3
SF,IH2006,2020-03-27 09:32:33.100,2656.8000,17092,-5,493445040.000,5,0,5,双平,S,2655.6000,2655.2000,2655.0000,2653.0000,2652.8000,2656.8000,2657.2000,2657.4000,2657.6000,2657.8000,2,5,14,1,2,1,4,10,1,1
SF,IH2006,2020-03-27 09:32:33.600,2656.8000,17092,0,493445040.000,0,-,-,-,-,2655.8000,2655.6000,2655.2000,2655.0000,2653.0000,2656.6000,2657.2000,2657.4000,2657.6000,2657.8000,2,2,5,14,1,1,3,9,1,1
SF,IH2006,2020-03-27 09:32:34.100,2656.8000,17092,0,493445040.000,0,-,-,-,-,2655.8000,2655.6000,2655.2000,2655.0000,2653.0000,2657.2000,2657.4000,2657.6000,2657.8000,2658.0000,2,2,5,14,1,3,9,1,1,3
SF,IH2006,2020-03-27 09:32:34.600,2657.2000,17091,-1,496633500.000,4,1,3,多平,S,2656.0000,2655.8000,2655.6000,2655.2000,2655.0000,2657.2000,2657.4000,2657.6000,2657.8000,2658.0000,4,3,2,5,14,2,8,1,1,3
SF,IH2006,2020-03-27 09:32:35.100,2657.4000,17090,-1,499025040.000,3,1,2,多平,S,2656.2000,2656.0000,2655.8000,2655.6000,2655.2000,2657.4000,2657.6000,2657.8000,2658.0000,2658.2000,9,4,2,2,5,4,1,1,3,1
SF,IH2006,2020-03-27 09:32:35.600,2657.4000,17090,0,499025040.000,0,-,-,-,-,2656.4000,2656.2000,2656.0000,2655.8000,2655.6000,2657.4000,2657.6000,2657.8000,2658.0000,2658.2000,8,7,2,2,2,4,1,1,3,2
SF,IH2006,2020-03-27 09:32:36.100,2657.4000,17090,0,499025040.000,0,-,-,-,-,2657.2000,2656.6000,2656.4000,2656.2000,2656.0000,2657.4000,2657.6000,2657.8000,2658.0000,2658.2000,1,1,8,6,2,4,1,1,3,2
SF,IH2006,2020-03-27 09:32:36.600,2657.2000,17089,-1,501416520.000,3,1,2,多平,S,2656.6000,2656.4000,2656.2000,2656.0000,2655.8000,2657.2000,2657.4000,2657.6000,2657.8000,2658.0000,1,7,6,2,2,1,3,1,1,3
SF,IH2006,2020-03-27 09:32:37.100,2656.8000,17088,-1,502213560.000,1,0,1,双平,S,2656.6000,2656.4000,2656.2000,2656.0000,2655.8000,2657.2000,2657.4000,2657.6000,2657.8000,2658.0000,1,6,6,2,2,1,1,1,1,3
SF,IH2006,2020-03-27 09:32:37.600,2656.4000,17085,-3,505401300.000,4,0,4,多平,S,2656.4000,2656.2000,2656.0000,2655.8000,2655.6000,2656.6000,2657.4000,2657.6000,2657.8000,2658.0000,3,1,2,1,2,1,1,1,1,3
SF,IH2006,2020-03-27 09:32:38.100,2656.4000,17084,-1,506198220.000,1,0,1,双平,S,2656.6000,2656.4000,2656.0000,2655.8000,2655.6000,2657.4000,2657.6000,2657.8000,2658.0000,2658.2000,2,2,2,1,2,1,1,1,3,2
SF,IH2006,2020-03-27 09:32:38.600,2656.4000,17082,-2,509386020.000,4,1,3,多平,S,2655.8000,2655.6000,2655.2000,2655.0000,2652.8000,2657.2000,2657.4000,2657.6000,2657.8000,2658.0000,1,2,5,14,2,2,1,1,1,3
SF,IH2006,2020-03-27 09:32:39.100,2656.4000,17082,0,509386020.000,0,-,-,-,-,2656.0000,2655.8000,2655.6000,2655.2000,2655.0000,2657.2000,2657.4000,2657.6000,2657.8000,2658.0000,3,1,2,5,14,2,1,1,1,3
SF,IH2006,2020-03-27 09:32:39.600,2656.4000,17082,0,509386020.000,0,-,-,-,-,2656.4000,2656.2000,2656.0000,2655.8000,2655.6000,2657.2000,2657.4000,2657.6000,2657.8000,2658.0000,2,3,3,2,2,2,1,1,1,3
SF,IH2006,2020-03-27 09:32:40.100,2656.4000,17082,0,509386020.000,0,-,-,-,-,2656.0000,2655.8000,2655.6000,2655.2000,2655.0000,2657.2000,2657.4000,2657.6000,2657.8000,2658.0000,3,1,2,5,14,1,1,1,1,3
SF,IH2006,2020-03-27 09:32:40.600,2656.4000,17082,0,509386020.000,0,-,-,-,-,2656.2000,2656.0000,2655.8000,2655.6000,2655.2000,2657.2000,2657.4000,2657.6000,2657.8000,2658.0000,1,3,1,2,5,1,1,1,1,3
SF,IH2006,2020-03-27 09:32:41.100,2656.4000,17082,0,509386020.000,0,-,-,-,-,2656.2000,2656.0000,2655.8000,2655.6000,2655.2000,2657.2000,2657.4000,2657.6000,2657.8000,2658.0000,1,3,1,2,5,1,1,1,1,3
SF,IH2006,2020-03-27 09:32:41.600,2657.2000,17081,-1,510183180.000,1,0,1,双平,S,2656.2000,2656.0000,2655.8000,2655.6000,2655.2000,2657.4000,2657.6000,2657.8000,2658.0000,2658.2000,1,3,1,2,5,1,1,1,3,2
SF,IH2006,2020-03-27 09:32:42.100,2657.6000,17081,0,511777680.000,2,1,1,多换,S,2656.6000,2656.4000,2656.0000,2655.8000,2655.6000,2657.8000,2658.0000,2658.2000,2658.4000,2658.8000,5,6,2,1,2,1,3,2,1,1
SF,IH2006,2020-03-27 09:32:42.600,2656.8000,17080,-1,513371760.000,2,0,2,多平,S,2656.8000,2656.6000,2656.4000,2656.0000,2655.8000,2657.8000,2658.0000,2658.2000,2658.4000,2658.8000,4,5,2,2,1,1,3,2,1,1
SF,IH2006,2020-03-27 09:32:43.100,2656.8000,17080,0,513371760.000,0,-,-,-,-,2656.8000,2656.6000,2656.4000,2656.0000,2655.8000,2657.8000,2658.0000,2658.2000,2658.4000,2658.8000,4,5,2,2,1,1,3,2,1,1
SF,IH2006,2020-03-27 09:32:43.600,2656.8000,17080,0,513371760.000,0,-,-,-,-,2657.0000,2656.8000,2656.6000,2656.4000,2656.0000,2657.8000,2658.0000,2658.2000,2658.4000,2658.8000,5,2,5,2,2,1,3,2,1,1
SF,IH2006,2020-03-27 09:32:44.100,2656.6000,17077,-3,515762820.000,3,0,3,双平,S,2656.6000,2656.4000,2656.0000,2655.8000,2655.6000,2657.6000,2657.8000,2658.0000,2658.2000,2658.4000,4,2,1,1,2,1,1,3,2,1
SF,IH2006,2020-03-27 09:32:44.600,2656.6000,17076,-1,516559800.000,1,0,1,双平,S,2656.0000,2655.8000,2655.6000,2655.2000,2655.0000,2657.4000,2657.6000,2657.8000,2658.0000,2658.2000,1,1,2,5,14,5,1,1,3,2
SF,IH2006,2020-03-27 09:32:45.100,2656.6000,17076,0,516559800.000,0,-,-,-,-,2656.2000,2656.0000,2655.8000,2655.6000,2655.2000,2657.4000,2657.6000,2657.8000,2658.0000,2658.2000,1,1,1,2,5,5,1,1,3,2
SF,IH2006,2020-03-27 09:32:45.600,2656.6000,17076,0,516559800.000,0,-,-,-,-,2656.2000,2655.8000,2655.6000,2655.2000,2655.0000,2657.4000,2657.6000,2657.8000,2658.0000,2658.2000,1,1,2,5,14,5,1,1,3,2
SF,IH2006,2020-03-27 09:32:46.100,2656.6000,17076,0,516559800.000,0,-,-,-,-,2656.2000,2655.8000,2655.6000,2655.2000,2655.0000,2657.4000,2657.6000,2657.8000,2658.0000,2658.2000,1,1,2,5,14,5,1,1,3,2
SF,IH2006,2020-03-27 09:32:46.600,2656.6000,17076,0,516559800.000,0,-,-,-,-,2656.2000,2655.8000,2655.6000,2655.2000,2655.0000,2657.2000,2657.4000,2657.6000,2657.8000,2658.0000,1,1,2,5,14,1,5,1,1,3
SF,IH2006,2020-03-27 09:32:47.100,2656.6000,17076,0,516559800.000,0,-,-,-,-,2656.2000,2655.8000,2655.6000,2655.2000,2655.0000,2657.2000,2657.4000,2657.6000,2657.8000,2658.0000,1,1,2,5,14,1,4,1,1,3
SF,IH2006,2020-03-27 09:32:47.600,2657.4000,17075,-1,518951400.000,3,1,2,多平,S,2656.4000,2656.2000,2655.8000,2655.6000,2655.2000,2657.6000,2657.8000,2658.0000,2658.2000,2658.4000,5,1,1,2,5,1,1,3,2,1
SF,IH2006,2020-03-27 09:32:48.100,2657.4000,17075,0,518951400.000,0,-,-,-,-,2657.6000,2656.8000,2656.6000,2656.4000,2656.2000,2657.8000,2658.0000,2658.2000,2658.4000,2658.8000,1,5,6,5,1,1,3,2,1,1
SF,IH2006,2020-03-27 09:32:48.600,2657.8000,17074,-1,519748740.000,1,0,1,双平,S,2657.6000,2656.8000,2656.6000,2656.2000,2655.8000,2658.0000,2658.2000,2658.4000,2658.8000,2659.0000,1,5,4,1,1,4,2,1,2,3
SF,IH2006,2020-03-27 09:32:49.100,2657.8000,17074,0,519748740.000,0,-,-,-,-,2657.6000,2656.8000,2656.6000,2656.2000,2655.8000,2658.0000,2658.2000,2658.4000,2658.8000,2659.0000,1,5,3,1,1,4,2,1,2,3
SF,IH2006,2020-03-27 09:32:49.600,2656.8000,17072,-2,521343060.000,2,0,2,双平,S,2657.2000,2656.8000,2656.6000,2656.2000,2655.8000,2657.6000,2658.0000,2658.2000,2658.4000,2658.8000,1,4,3,1,1,1,5,2,1,2
SF,IH2006,2020-03-27 09:32:50.100,2657.2000,17071,-1,522140220.000,1,0,1,双平,S,2656.6000,2656.2000,2655.8000,2655.6000,2655.2000,2657.2000,2658.0000,2658.2000,2658.4000,2658.8000,2,1,1,2,5,1,5,2,1,2
SF,IH2006,2020-03-27 09:32:50.600,2657.2000,17071,0,522140220.000,0,-,-,-,-,2656.2000,2655.8000,2655.6000,2655.2000,2655.0000,2657.2000,2658.0000,2658.2000,2658.4000,2658.8000,1,1,2,5,14,1,5,2,1,2
SF,IH2006,2020-03-27 09:32:51.100,2657.2000,17071,0,522937380.000,1,0,1,多换,S,2656.6000,2656.4000,2656.2000,2655.8000,2655.6000,2658.0000,2658.2000,2658.4000,2658.8000,2659.0000,1,7,1,1,2,5,2,1,2,3
SF,IH2006,2020-03-27 09:32:51.600,2657.2000,17071,0,522937380.000,0,-,-,-,-,2656.8000,2656.4000,2656.2000,2655.8000,2655.6000,2657.8000,2658.0000,2658.2000,2658.4000,2658.8000,2,5,1,1,2,1,5,2,1,2
SF,IH2006,2020-03-27 09:32:52.100,2657.2000,17071,0,522937380.000,0,-,-,-,-,2656.4000,2656.2000,2655.8000,2655.6000,2655.2000,2657.8000,2658.0000,2658.2000,2658.4000,2658.8000,5,1,1,2,5,1,5,2,1,2
SF,IH2006,2020-03-27 09:32:52.600,2657.2000,17071,0,522937380.000,0,-,-,-,-,2656.6000,2656.4000,2656.2000,2655.8000,2655.6000,2657.6000,2657.8000,2658.0000,2658.2000,2658.4000,2,5,1,1,2,1,1,5,2,1
SF,IH2006,2020-03-27 09:32:53.100,2657.2000,17071,0,522937380.000,0,-,-,-,-,2656.4000,2656.2000,2655.8000,2655.6000,2655.2000,2657.6000,2657.8000,2658.0000,2658.2000,2658.4000,5,1,1,2,5,1,1,5,2,1
SF,IH2006,2020-03-27 09:32:53.600,2657.2000,17071,0,522937380.000,0,-,-,-,-,2656.4000,2656.2000,2655.8000,2655.6000,2655.0000,2657.6000,2657.8000,2658.0000,2658.2000,2658.4000,5,1,1,7,14,1,1,5,2,1
SF,IH2006,2020-03-27 09:32:54.100,2657.2000,17071,0,522937380.000,0,-,-,-,-,2656.6000,2656.4000,2656.2000,2655.8000,2655.6000,2657.6000,2657.8000,2658.0000,2658.2000,2658.4000,6,5,1,1,7,1,1,5,2,1
SF,IH2006,2020-03-27 09:32:54.600,2657.2000,17071,0,522937380.000,0,-,-,-,-,2656.6000,2656.4000,2656.2000,2655.8000,2655.6000,2657.6000,2657.8000,2658.0000,2658.2000,2658.4000,6,5,1,1,7,1,1,5,2,1
SF,IH2006,2020-03-27 09:32:55.600,2657.6000,17070,-1,523734660.000,1,0,1,双平,S,2656.6000,2656.4000,2656.2000,2655.8000,2655.6000,2657.8000,2658.0000,2658.2000,2658.4000,2658.8000,2,5,1,1,7,1,5,2,1,2
SF,IH2006,2020-03-27 09:32:56.600,2657.6000,17070,0,523734660.000,0,-,-,-,-,2656.6000,2656.4000,2656.2000,2655.8000,2655.6000,2657.8000,2658.0000,2658.2000,2658.4000,2658.8000,2,5,1,1,7,1,5,2,1,2
SF,IH2006,2020-03-27 09:32:58.600,2657.6000,17070,0,523734660.000,0,-,-,-,-,2656.6000,2656.4000,2656.2000,2655.8000,2655.6000,2657.8000,2658.0000,2658.2000,2658.4000,2658.8000,2,5,1,6,2,1,5,2,1,2
SF,IH2006,2020-03-27 09:32:59.100,2658.8000,17071,1,533304000.000,12,6,6,空开,S,2658.8000,2656.8000,2656.6000,2656.4000,2656.2000,2659.0000,2659.2000,2659.6000,2660.0000,2660.2000,5,1,2,5,1,3,1,2,1,2
SF,IH2006,2020-03-27 09:32:59.600,2658.8000,17072,1,538089840.000,6,3,3,空开,S,2656.8000,2656.6000,2655.8000,2655.6000,2655.0000,2658.6000,2658.8000,2659.0000,2659.2000,2659.6000,1,2,6,2,14,1,15,3,1,2
SF,IH2006,2020-03-27 09:33:00.100,2656.8000,17072,0,538886880.000,1,0,1,多换,S,2656.6000,2655.8000,2655.6000,2655.0000,2653.0000,2657.6000,2658.4000,2658.8000,2659.0000,2659.2000,2,6,2,14,1,1,5,12,3,1
SF,IH2006,2020-03-27 09:33:00.600,2656.8000,17072,0,538886880.000,0,-,-,-,-,2657.0000,2656.8000,2656.6000,2655.8000,2655.6000,2657.6000,2658.4000,2658.8000,2659.0000,2659.2000,1,1,1,6,2,1,5,6,3,1
SF,IH2006,2020-03-27 09:33:01.100,2657.0000,17071,-1,540481080.000,2,0,2,多平,S,2656.6000,2655.8000,2655.6000,2655.0000,2653.0000,2657.6000,2658.4000,2658.8000,2659.0000,2659.2000,1,6,2,14,1,1,5,6,3,1
SF,IH2006,2020-03-27 09:33:02.100,2657.0000,17071,0,540481080.000,0,-,-,-,-,2656.6000,2655.8000,2655.6000,2655.0000,2653.0000,2657.6000,2658.4000,2658.8000,2659.0000,2659.2000,1,6,2,14,1,1,6,6,3,1
SF,IH2006,2020-03-27 09:33:02.600,2657.0000,17071,0,540481080.000,0,-,-,-,-,2656.6000,2655.8000,2655.6000,2655.0000,2653.0000,2657.6000,2658.4000,2658.8000,2659.0000,2659.2000,1,6,2,14,1,1,7,5,3,1
SF,IH2006,2020-03-27 09:33:03.600,2657.0000,17071,0,540481080.000,0,-,-,-,-,2656.6000,2655.8000,2655.6000,2655.0000,2653.0000,2658.4000,2658.8000,2659.0000,2659.2000,2659.6000,1,6,2,14,1,7,5,3,1,2
SF,IH2006,2020-03-27 09:33:04.100,2657.0000,17071,0,540481080.000,0,-,-,-,-,2656.8000,2656.6000,2655.8000,2655.6000,2655.0000,2657.6000,2658.2000,2658.4000,2658.8000,2659.0000,1,1,6,2,14,1,1,7,5,3
SF,IH2006,2020-03-27 09:33:04.600,2657.6000,17070,-1,541278360.000,1,0,1,双平,S,2656.8000,2656.6000,2655.8000,2655.6000,2655.0000,2658.4000,2658.8000,2659.0000,2659.2000,2659.6000,1,1,6,2,14,7,5,3,1,2
SF,IH2006,2020-03-27 09:33:05.100,2657.6000,17070,0,541278360.000,0,-,-,-,-,2657.0000,2656.8000,2656.6000,2655.8000,2655.6000,2658.4000,2658.8000,2659.0000,2659.2000,2659.6000,1,1,1,6,2,6,5,3,1,2
SF,IH2006,2020-03-27 09:33:05.600,2657.6000,17070,0,541278360.000,0,-,-,-,-,2657.0000,2656.8000,2656.6000,2655.8000,2655.6000,2658.2000,2658.4000,2658.8000,2659.0000,2659.2000,1,1,1,6,2,3,5,4,3,1
SF,IH2006,2020-03-27 09:33:06.100,2657.6000,17070,0,541278360.000,0,-,-,-,-,2656.8000,2656.6000,2655.8000,2655.6000,2655.0000,2658.0000,2658.2000,2658.4000,2658.8000,2659.0000,1,1,6,2,14,6,3,1,4,3
SF,IH2006,2020-03-27 09:33:06.600,2657.6000,17070,0,541278360.000,0,-,-,-,-,2657.0000,2656.8000,2656.6000,2655.8000,2655.6000,2658.0000,2658.4000,2658.8000,2659.0000,2659.2000,2,1,1,6,2,5,1,4,3,1
SF,IH2006,2020-03-27 09:33:07.100,2657.6000,17070,0,541278360.000,0,-,-,-,-,2657.0000,2656.8000,2656.6000,2655.8000,2655.6000,2658.0000,2658.4000,2658.8000,2659.0000,2659.2000,2,1,1,6,2,3,1,4,3,1
SF,IH2006,2020-03-27 09:33:07.600,2657.6000,17070,0,541278360.000,0,-,-,-,-,2657.0000,2656.8000,2656.6000,2655.8000,2655.6000,2658.0000,2658.8000,2659.0000,2659.2000,2659.6000,2,1,1,6,2,3,4,3,1,2
SF,IH2006,2020-03-27 09:33:08.100,2657.6000,17070,0,541278360.000,0,-,-,-,-,2657.0000,2656.8000,2656.6000,2655.8000,2655.6000,2658.0000,2658.8000,2659.0000,2659.2000,2659.6000,2,1,1,6,2,3,4,3,2,2
SF,IH2006,2020-03-27 09:33:09.100,2657.0000,17069,-1,542075460.000,1,0,1,双平,S,2657.0000,2656.8000,2656.6000,2655.8000,2655.6000,2658.0000,2658.8000,2659.0000,2659.2000,2659.6000,1,1,1,6,2,2,4,3,2,2
SF,IH2006,2020-03-27 09:33:09.600,2657.0000,17069,0,542075460.000,0,-,-,-,-,2657.0000,2656.8000,2656.6000,2655.8000,2655.6000,2658.0000,2658.8000,2659.0000,2659.2000,2659.6000,1,1,1,6,2,3,4,3,2,2
SF,IH2006,2020-03-27 09:33:10.100,2657.0000,17069,0,542075460.000,0,-,-,-,-,2657.2000,2657.0000,2656.8000,2656.6000,2655.8000,2658.0000,2658.8000,2659.0000,2659.2000,2659.6000,5,1,2,1,6,2,4,3,2,2
SF,IH2006,2020-03-27 09:33:10.600,2657.0000,17069,0,542075460.000,0,-,-,-,-,2656.8000,2656.6000,2655.8000,2655.6000,2655.0000,2657.0000,2658.0000,2658.8000,2659.0000,2659.2000,1,1,6,2,14,1,2,4,3,2
SF,IH2006,2020-03-27 09:33:11.100,2657.0000,17068,-1,542872560.000,1,0,1,双平,S,2657.6000,2657.4000,2657.2000,2657.0000,2656.8000,2658.0000,2658.8000,2659.0000,2659.2000,2659.6000,1,6,3,5,2,1,1,3,2,2
SF,IH2006,2020-03-27 09:33:11.600,2658.0000,17067,-1,543669960.000,1,0,1,双平,S,2658.0000,2657.4000,2657.2000,2657.0000,2656.8000,2658.8000,2659.0000,2659.2000,2659.6000,2660.2000,2,6,1,4,1,1,3,2,2,2
SF,IH2006,2020-03-27 09:33:12.100,2658.0000,17067,0,545264760.000,2,1,1,多换,S,2657.0000,2656.8000,2655.8000,2655.6000,2655.0000,2658.6000,2658.8000,2659.0000,2659.2000,2659.6000,4,1,6,2,14,1,1,4,2,2
SF,IH2006,2020-03-27 09:33:12.600,2658.0000,17067,0,545264760.000,0,-,-,-,-,2657.2000,2657.0000,2655.8000,2655.6000,2655.0000,2658.4000,2658.6000,2658.8000,2659.0000,2659.2000,8,2,6,2,14,2,1,1,4,2
SF,IH2006,2020-03-27 09:33:13.100,2658.0000,17067,0,545264760.000,0,-,-,-,-,2657.2000,2657.0000,2655.8000,2655.6000,2655.0000,2658.2000,2658.4000,2658.6000,2658.8000,2659.0000,1,2,6,2,14,6,2,1,1,4
SF,IH2006,2020-03-27 09:33:13.600,2658.0000,17067,0,545264760.000,0,-,-,-,-,2657.0000,2655.8000,2655.6000,2655.0000,2653.0000,2658.0000,2658.2000,2658.4000,2658.6000,2658.8000,2,6,2,14,1,4,5,1,1,1
SF,IH2006,2020-03-27 09:33:14.100,2658.0000,17067,0,545264760.000,0,-,-,-,-,2657.0000,2655.8000,2655.6000,2655.0000,2653.0000,2658.0000,2658.2000,2658.4000,2658.6000,2658.8000,2,6,2,14,1,4,5,1,1,1
SF,IH2006,2020-03-27 09:33:14.600,2658.0000,17066,-1,546062160.000,1,0,1,双平,S,2657.0000,2655.8000,2655.6000,2655.0000,2653.0000,2657.8000,2658.0000,2658.2000,2658.4000,2658.6000,2,6,2,14,1,3,2,5,2,1
SF,IH2006,2020-03-27 09:33:15.100,2658.0000,17066,0,546062160.000,0,-,-,-,-,2657.0000,2655.8000,2655.6000,2655.0000,2653.0000,2657.6000,2657.8000,2658.0000,2658.2000,2658.4000,2,6,2,14,1,1,3,1,5,2
SF,IH2006,2020-03-27 09:33:15.600,2658.0000,17065,-1,546859560.000,1,0,1,双平,S,2657.0000,2655.8000,2655.6000,2655.0000,2653.0000,2657.8000,2658.0000,2658.2000,2658.4000,2658.6000,2,6,2,14,1,3,1,5,2,1
SF,IH2006,2020-03-27 09:33:16.100,2658.0000,17065,0,546859560.000,0,-,-,-,-,2655.8000,2655.6000,2655.0000,2653.0000,2652.8000,2657.8000,2658.0000,2658.2000,2658.4000,2658.6000,6,2,14,1,2,3,1,5,2,1
SF,IH2006,2020-03-27 09:33:16.600,2658.0000,17065,0,546859560.000,0,-,-,-,-,2656.2000,2656.0000,2655.8000,2655.6000,2655.0000,2657.6000,2658.2000,2658.4000,2658.8000,2659.0000,5,6,7,2,14,3,1,2,2,4
SF,IH2006,2020-03-27 09:33:17.100,2658.0000,17065,0,546859560.000,0,-,-,-,-,2656.4000,2656.2000,2656.0000,2655.8000,2655.6000,2658.2000,2658.4000,2658.8000,2659.0000,2659.2000,9,5,1,7,2,1,2,2,4,2
SF,IH2006,2020-03-27 09:33:17.600,2658.0000,17065,0,546859560.000,0,-,-,-,-,2656.4000,2656.2000,2656.0000,2655.8000,2655.6000,2658.0000,2658.2000,2658.4000,2658.8000,2659.0000,9,5,1,7,2,6,1,1,2,4
SF,IH2006,2020-03-27 09:33:18.100,2657.8000,17065,0,547656900.000,1,0,1,多换,S,2657.0000,2656.4000,2656.2000,2656.0000,2655.8000,2658.0000,2658.2000,2658.4000,2658.8000,2659.0000,1,9,5,1,7,5,1,1,2,4
SF,IH2006,2020-03-27 09:33:18.600,2657.8000,17065,0,547656900.000,0,-,-,-,-,2657.0000,2656.4000,2656.2000,2656.0000,2655.8000,2658.0000,2658.2000,2658.4000,2658.8000,2659.0000,1,9,5,1,7,4,1,1,2,4
SF,IH2006,2020-03-27 09:33:19.100,2657.0000,17065,0,548454000.000,1,0,1,多换,S,2656.4000,2656.2000,2656.0000,2655.8000,2655.6000,2658.2000,2658.4000,2658.8000,2659.0000,2659.2000,9,5,1,7,2,1,1,2,4,2
SF,IH2006,2020-03-27 09:33:19.600,2657.0000,17065,0,548454000.000,0,-,-,-,-,2656.4000,2656.2000,2656.0000,2655.8000,2655.6000,2658.0000,2658.2000,2658.4000,2658.8000,2659.0000,9,5,1,7,2,2,1,1,1,4
SF,IH2006,2020-03-27 09:33:20.600,2657.0000,17065,0,548454000.000,0,-,-,-,-,2656.6000,2656.4000,2656.2000,2656.0000,2655.8000,2658.0000,2658.2000,2658.4000,2658.8000,2659.0000,1,9,5,1,7,2,1,1,1,4
SF,IH2006,2020-03-27 09:33:21.100,2657.0000,17065,0,548454000.000,0,-,-,-,-,2656.8000,2656.6000,2656.4000,2656.2000,2656.0000,2657.8000,2658.0000,2658.2000,2658.4000,2658.8000,5,1,4,5,1,1,2,1,1,1
SF,IH2006,2020-03-27 09:33:21.600,2657.0000,17065,0,548454000.000,0,-,-,-,-,2656.8000,2656.6000,2656.4000,2656.2000,2656.0000,2657.6000,2657.8000,2658.0000,2658.2000,2658.4000,5,1,4,5,1,1,1,1,1,1
SF,IH2006,2020-03-27 09:33:22.100,2657.0000,17065,0,548454000.000,0,-,-,-,-,2657.0000,2656.8000,2656.4000,2656.2000,2656.0000,2657.4000,2657.8000,2658.0000,2658.2000,2658.4000,1,6,4,5,1,1,1,1,1,1
SF,IH2006,2020-03-27 09:33:22.600,2656.8000,17064,-1,550845240.000,3,1,2,多平,S,2656.8000,2656.4000,2656.2000,2656.0000,2655.8000,2657.4000,2657.8000,2658.0000,2658.2000,2658.4000,3,4,5,1,8,1,1,1,1,1
SF,IH2006,2020-03-27 09:33:23.100,2656.8000,17064,0,552439320.000,2,1,1,多换,S,2656.2000,2656.0000,2655.8000,2655.6000,2655.0000,2656.8000,2657.4000,2657.8000,2658.0000,2658.2000,5,1,8,2,14,1,1,1,1,1
SF,IH2006,2020-03-27 09:33:23.600,2656.8000,17064,0,552439320.000,0,-,-,-,-,2656.0000,2655.8000,2655.6000,2655.0000,2653.0000,2656.6000,2656.8000,2657.2000,2657.8000,2658.0000,1,7,2,14,1,2,3,1,1,1
SF,IH2006,2020-03-27 09:33:24.100,2656.8000,17064,0,552439320.000,0,-,-,-,-,2655.8000,2655.6000,2655.0000,2653.0000,2652.8000,2656.4000,2656.6000,2656.8000,2657.2000,2657.8000,6,2,14,1,2,1,1,3,1,2
SF,IH2006,2020-03-27 09:33:24.600,2656.6000,17062,-2,554033220.000,2,0,2,双平,S,2655.8000,2655.6000,2655.0000,2653.0000,2652.8000,2656.8000,2657.2000,2657.8000,2658.0000,2658.4000,6,2,14,1,2,2,1,1,1,1
SF,IH2006,2020-03-27 09:33:25.100,2656.6000,17062,0,554033220.000,0,-,-,-,-,2655.8000,2655.6000,2655.0000,2653.0000,2652.8000,2656.8000,2657.2000,2657.8000,2658.0000,2658.4000,6,2,14,1,2,2,1,1,1,1
SF,IH2006,2020-03-27 09:33:25.600,2656.6000,17062,0,554033220.000,0,-,-,-,-,2655.8000,2655.6000,2655.0000,2653.0000,2652.8000,2656.6000,2656.8000,2657.2000,2657.8000,2658.0000,6,2,14,1,2,3,2,1,1,1
SF,IH2006,2020-03-27 09:33:26.100,2655.8000,17062,0,554829960.000,1,0,1,多换,S,2655.8000,2655.6000,2655.0000,2653.0000,2652.8000,2656.4000,2656.6000,2656.8000,2657.2000,2657.8000,5,2,14,1,2,1,3,2,1,1
SF,IH2006,2020-03-27 09:33:26.600,2656.4000,17061,-1,555626880.000,1,0,1,双平,S,2655.8000,2655.6000,2655.0000,2653.0000,2652.8000,2656.4000,2656.6000,2656.8000,2657.8000,2658.0000,5,2,14,1,2,2,3,2,1,1
SF,IH2006,2020-03-27 09:33:27.100,2656.4000,17061,0,555626880.000,0,-,-,-,-,2655.8000,2655.6000,2655.0000,2653.0000,2652.8000,2656.2000,2656.4000,2656.6000,2656.8000,2657.8000,5,2,14,1,2,1,2,3,2,1
SF,IH2006,2020-03-27 09:33:27.600,2655.6000,17060,-1,561203940.000,7,3,4,多平,S,2655.0000,2653.0000,2652.8000,2652.6000,2652.2000,2655.8000,2656.0000,2656.2000,2656.4000,2656.6000,4,1,2,4,9,1,1,1,2,3
SF,IH2006,2020-03-27 09:33:28.100,2655.8000,17056,-4,565187640.000,5,0,5,多平,S,2655.2000,2655.0000,2653.0000,2652.8000,2652.6000,2656.0000,2656.2000,2656.4000,2656.6000,2656.8000,1,4,1,2,4,1,1,2,3,2
SF,IH2006,2020-03-27 09:33:28.600,2655.0000,17055,-1,566780700.000,2,0,2,多平,S,2655.0000,2654.6000,2653.0000,2652.8000,2652.6000,2655.2000,2655.8000,2656.0000,2656.2000,2656.4000,3,10,1,2,4,1,5,1,1,2
SF,IH2006,2020-03-27 09:33:29.100,2655.0000,17051,-4,569966700.000,4,0,4,双平,S,2654.6000,2653.0000,2652.8000,2652.6000,2652.2000,2655.0000,2655.2000,2655.8000,2656.0000,2656.2000,10,1,2,4,9,5,1,4,1,1
SF,IH2006,2020-03-27 09:33:29.600,2655.0000,17049,-2,571559700.000,2,0,2,双平,S,2654.6000,2653.0000,2652.8000,2652.6000,2652.2000,2655.8000,2656.0000,2656.2000,2656.8000,2657.8000,10,1,2,4,9,4,1,1,2,1
SF,IH2006,2020-03-27 09:33:30.100,2654.6000,17048,-1,572356080.000,1,0,1,双平,S,2654.6000,2654.4000,2653.0000,2652.8000,2652.6000,2655.6000,2655.8000,2656.0000,2656.8000,2657.8000,5,4,1,2,4,5,4,1,2,1
SF,IH2006,2020-03-27 09:33:30.600,2654.6000,17045,-3,574745220.000,3,0,3,双平,S,2654.6000,2654.4000,2653.0000,2652.8000,2652.6000,2655.4000,2655.6000,2655.8000,2656.0000,2657.8000,1,5,1,2,4,3,5,1,1,1
SF,IH2006,2020-03-27 09:33:31.100,2654.6000,17044,-1,575541600.000,1,0,1,双平,S,2654.2000,2654.0000,2653.0000,2652.8000,2652.6000,2654.6000,2655.2000,2655.4000,2655.6000,2656.0000,5,5,1,2,4,1,4,2,6,1
SF,IH2006,2020-03-27 09:33:31.600,2654.6000,17044,0,576337980.000,1,0,1,多换,S,2654.0000,2653.0000,2652.8000,2652.6000,2652.2000,2655.2000,2655.4000,2655.6000,2656.0000,2657.8000,5,1,2,4,9,4,2,6,1,1
SF,IH2006,2020-03-27 09:33:32.100,2654.0000,17044,0,577134180.000,1,0,1,多换,S,2654.2000,2654.0000,2653.0000,2652.8000,2652.6000,2654.6000,2655.0000,2655.2000,2655.6000,2656.0000,4,5,1,2,4,1,2,4,5,1
SF,IH2006,2020-03-27 09:33:32.600,2654.2000,17044,0,580319220.000,4,2,2,多换,S,2654.0000,2653.0000,2652.8000,2652.6000,2652.2000,2654.6000,2655.0000,2655.2000,2655.6000,2656.0000,5,1,2,4,9,3,2,4,5,1
SF,IH2006,2020-03-27 09:33:33.100,2654.2000,17044,0,580319220.000,0,-,-,-,-,2653.8000,2653.0000,2652.8000,2652.6000,2652.2000,2654.0000,2654.4000,2654.6000,2655.0000,2655.2000,5,1,2,4,9,1,1,4,2,4
SF,IH2006,2020-03-27 09:33:33.600,2653.8000,17040,-4,583503840.000,4,0,4,双平,S,2654.0000,2653.0000,2652.8000,2652.6000,2652.2000,2654.4000,2654.6000,2655.0000,2655.2000,2655.6000,1,1,2,4,9,1,4,2,4,4
SF,IH2006,2020-03-27 09:33:34.100,2653.0000,17040,0,585095940.000,2,1,1,多换,S,2653.0000,2652.8000,2652.6000,2652.2000,2652.0000,2654.0000,2654.4000,2654.6000,2655.0000,2655.2000,2,2,4,9,1,1,1,4,2,4
SF,IH2006,2020-03-27 09:33:34.600,2653.0000,17040,0,585095940.000,0,-,-,-,-,2652.8000,2652.6000,2652.2000,2652.0000,2651.8000,2654.0000,2654.4000,2654.6000,2655.0000,2655.2000,2,6,9,1,1,1,1,3,2,4
SF,IH2006,2020-03-27 09:33:35.100,2654.0000,17039,-1,585892140.000,1,0,1,双平,S,2653.2000,2653.0000,2652.8000,2652.6000,2652.4000,2654.4000,2654.6000,2655.0000,2655.2000,2655.6000,1,4,2,4,2,1,3,2,4,4
SF,IH2006,2020-03-27 09:33:35.600,2654.0000,17039,0,585892140.000,0,-,-,-,-,2653.4000,2652.8000,2652.6000,2652.4000,2652.2000,2654.4000,2654.6000,2655.0000,2655.2000,2655.6000,1,2,4,2,9,1,3,2,4,4
SF,IH2006,2020-03-27 09:33:36.100,2653.4000,17039,0,586688160.000,1,0,1,多换,S,2652.8000,2652.6000,2652.4000,2652.2000,2652.0000,2654.6000,2655.0000,2655.2000,2655.6000,2656.0000,2,4,2,9,1,4,2,4,4,1
SF,IH2006,2020-03-27 09:33:36.600,2653.4000,17039,0,586688160.000,0,-,-,-,-,2654.0000,2653.0000,2652.8000,2652.6000,2652.4000,2654.2000,2654.4000,2654.6000,2655.2000,2655.6000,1,1,2,4,2,1,5,4,2,3
SF,IH2006,2020-03-27 09:33:37.100,2654.0000,17038,-1,587484360.000,1,0,1,双平,S,2653.0000,2652.8000,2652.6000,2652.4000,2652.2000,2653.2000,2654.0000,2654.2000,2654.4000,2654.6000,1,2,4,2,9,1,1,1,5,4
SF,IH2006,2020-03-27 09:33:37.600,2653.2000,17038,0,588280320.000,1,0,1,多换,S,2653.2000,2653.0000,2652.8000,2652.6000,2652.4000,2654.0000,2654.4000,2654.6000,2655.2000,2655.6000,2,1,2,4,2,2,5,4,2,3
SF,IH2006,2020-03-27 09:33:38.100,2653.2000,17038,0,588280320.000,0,-,-,-,-,2653.2000,2653.0000,2652.8000,2652.6000,2652.4000,2653.8000,2654.0000,2654.4000,2654.6000,2655.2000,3,1,2,4,2,1,2,5,4,2
SF,IH2006,2020-03-27 09:33:38.600,2654.0000,17035,-3,590668860.000,3,0,3,双平,S,2653.6000,2653.2000,2653.0000,2652.8000,2652.6000,2654.4000,2654.6000,2655.2000,2655.6000,2657.8000,5,1,1,2,4,5,4,2,3,1
SF,IH2006,2020-03-27 09:33:39.100,2654.0000,17035,0,590668860.000,0,-,-,-,-,2653.8000,2653.6000,2653.2000,2653.0000,2652.8000,2654.0000,2654.6000,2655.2000,2655.6000,2657.8000,5,5,1,1,2,1,3,2,3,1
SF,IH2006,2020-03-27 09:33:39.600,2654.0000,17033,-2,592261260.000,2,0,2,双平,S,2654.0000,2653.8000,2653.6000,2653.2000,2653.0000,2654.6000,2655.2000,2655.6000,2657.8000,2658.0000,1,5,5,1,1,3,2,3,1,2
SF,IH2006,2020-03-27 09:33:40.100,2654.0000,17032,-1,593057460.000,1,0,1,双平,S,2653.6000,2653.2000,2653.0000,2652.8000,2652.6000,2654.4000,2654.6000,2655.2000,2655.6000,2657.8000,5,1,1,2,4,1,4,2,3,1
SF,IH2006,2020-03-27 09:33:40.600,2654.0000,17032,0,593057460.000,0,-,-,-,-,2653.2000,2653.0000,2652.8000,2652.6000,2652.4000,2654.4000,2654.6000,2655.2000,2655.6000,2657.8000,1,1,2,4,2,1,4,2,3,1
SF,IH2006,2020-03-27 09:33:41.100,2654.0000,17032,0,593057460.000,0,-,-,-,-,2653.4000,2653.2000,2652.8000,2652.6000,2652.2000,2654.2000,2654.4000,2654.6000,2655.2000,2655.6000,5,1,2,4,9,6,1,4,2,3
SF,IH2006,2020-03-27 09:33:41.600,2653.4000,17031,-1,593853480.000,1,0,1,双平,S,2653.2000,2652.8000,2652.6000,2652.2000,2652.0000,2654.2000,2654.4000,2654.6000,2655.2000,2655.6000,1,2,4,9,1,5,1,3,2,3
SF,IH2006,2020-03-27 09:33:42.100,2654.2000,17030,-1,596242260.000,3,1,2,多平,S,2654.2000,2653.8000,2653.4000,2653.2000,2653.0000,2654.4000,2654.6000,2655.2000,2655.6000,2657.8000,4,1,2,2,2,1,3,2,3,1
SF,IH2006,2020-03-27 09:33:42.600,2654.2000,17029,-1,597038520.000,1,0,1,双平,S,2653.8000,2653.4000,2653.2000,2652.8000,2652.6000,2654.4000,2654.6000,2654.8000,2655.2000,2655.6000,1,1,1,2,4,1,3,1,2,3
SF,IH2006,2020-03-27 09:33:43.100,2653.8000,17028,-1,597834660.000,1,0,1,双平,S,2653.4000,2653.2000,2652.8000,2652.6000,2652.2000,2654.4000,2654.6000,2654.8000,2655.2000,2655.6000,1,1,2,4,9,1,4,1,2,3
SF,IH2006,2020-03-27 09:33:43.600,2653.8000,17028,0,597834660.000,0,-,-,-,-,2653.2000,2652.8000,2652.6000,2652.4000,2652.2000,2654.2000,2654.4000,2654.6000,2655.2000,2655.6000,1,2,4,2,9,4,2,4,2,3
SF,IH2006,2020-03-27 09:33:44.100,2654.2000,17028,0,599427180.000,2,1,1,多换,S,2653.2000,2652.8000,2652.6000,2652.4000,2652.2000,2654.2000,2654.4000,2654.6000,2657.8000,2658.0000,1,2,4,2,9,2,2,2,1,2
SF,IH2006,2020-03-27 09:33:44.600,2654.2000,17028,0,599427180.000,0,-,-,-,-,2653.8000,2653.4000,2653.2000,2653.0000,2652.8000,2654.4000,2654.6000,2657.8000,2658.0000,2658.4000,5,5,1,1,2,2,2,1,2,2
SF,IH2006,2020-03-27 09:33:45.100,2654.2000,17028,0,599427180.000,0,-,-,-,-,2653.4000,2653.2000,2652.8000,2652.6000,2652.4000,2654.2000,2654.4000,2654.6000,2657.8000,2658.0000,5,1,2,4,2,1,2,2,1,2
SF,IH2006,2020-03-27 09:33:45.600,2654.2000,17028,0,600223440.000,1,0,1,多换,S,2654.2000,2653.8000,2653.4000,2653.2000,2652.8000,2654.4000,2654.6000,2657.8000,2658.0000,2658.4000,5,1,5,2,2,2,2,1,2,2
SF,IH2006,2020-03-27 09:33:46.100,2654.2000,17024,-4,604204920.000,5,0,5,多平,S,2653.8000,2653.4000,2653.2000,2652.8000,2652.6000,2654.6000,2657.8000,2658.0000,2658.4000,2658.8000,1,3,1,3,4,2,1,2,2,1
SF,IH2006,2020-03-27 09:33:46.600,2654.2000,17024,0,604204920.000,0,-,-,-,-,2654.0000,2653.8000,2653.4000,2653.2000,2653.0000,2654.6000,2657.8000,2658.0000,2658.4000,2658.8000,2,1,1,1,1,2,1,2,2,1
SF,IH2006,2020-03-27 09:33:47.100,2654.2000,17024,0,604204920.000,0,-,-,-,-,2653.8000,2653.4000,2653.2000,2653.0000,2652.8000,2654.6000,2657.8000,2658.0000,2658.4000,2658.8000,1,1,1,1,3,2,1,2,2,1
SF,IH2006,2020-03-27 09:33:47.600,2654.2000,17024,0,604204920.000,0,-,-,-,-,2653.8000,2653.4000,2653.2000,2653.0000,2652.8000,2654.4000,2654.6000,2657.8000,2658.0000,2658.4000,1,1,1,1,3,1,2,1,2,2
SF,IH2006,2020-03-27 09:33:48.100,2654.6000,17023,-1,606594000.000,3,1,2,多平,S,2653.8000,2653.4000,2653.2000,2653.0000,2652.8000,2657.8000,2658.0000,2658.4000,2658.8000,2659.0000,1,1,1,1,3,1,2,2,1,4
SF,IH2006,2020-03-27 09:33:48.600,2654.6000,17023,0,606594000.000,0,-,-,-,-,2654.0000,2653.8000,2653.2000,2653.0000,2652.8000,2654.4000,2655.2000,2655.6000,2655.8000,2656.0000,4,1,1,1,3,1,1,3,1,1
SF,IH2006,2020-03-27 09:33:49.100,2654.4000,17022,-1,608186640.000,2,0,2,多平,S,2654.4000,2654.0000,2653.8000,2653.2000,2653.0000,2655.2000,2655.8000,2656.0000,2656.4000,2656.6000,2,1,1,1,1,1,1,1,1,1
SF,IH2006,2020-03-27 09:33:49.600,2654.4000,17022,0,608186640.000,0,-,-,-,-,2654.4000,2654.0000,2653.8000,2653.2000,2653.0000,2655.2000,2655.8000,2656.0000,2656.4000,2656.6000,1,1,1,1,1,1,1,1,1,1
SF,IH2006,2020-03-27 09:33:50.100,2654.4000,17022,0,608186640.000,0,-,-,-,-,2654.0000,2653.8000,2653.4000,2653.2000,2653.0000,2654.4000,2655.0000,2655.2000,2655.8000,2656.0000,1,1,1,1,1,1,1,1,1,1
SF,IH2006,2020-03-27 09:33:50.600,2654.4000,17022,0,608186640.000,0,-,-,-,-,2654.0000,2653.8000,2653.4000,2653.2000,2653.0000,2654.4000,2655.0000,2655.2000,2655.8000,2656.0000,1,1,1,1,1,1,1,1,1,1
SF,IH2006,2020-03-27 09:33:51.100,2654.4000,17022,0,608186640.000,0,-,-,-,-,2653.8000,2653.4000,2653.2000,2653.0000,2652.8000,2654.0000,2654.4000,2655.0000,2655.8000,2656.0000,1,1,1,1,3,1,1,1,1,1
SF,IH2006,2020-03-27 09:33:51.600,2654.0000,17022,0,608982840.000,1,0,1,多换,S,2654.0000,2653.8000,2653.4000,2653.2000,2653.0000,2654.4000,2655.0000,2655.8000,2656.0000,2656.4000,1,1,1,1,1,1,1,1,1,1
SF,IH2006,2020-03-27 09:33:52.100,2654.2000,17022,0,609779100.000,1,0,1,多换,S,2653.8000,2653.4000,2653.2000,2653.0000,2652.8000,2654.4000,2655.0000,2655.8000,2656.0000,2656.4000,1,1,1,1,3,1,1,1,1,1
SF,IH2006,2020-03-27 09:33:52.600,2654.0000,17023,1,610575300.000,1,1,0,双开,S,2653.8000,2653.4000,2653.2000,2653.0000,2652.8000,2654.4000,2655.0000,2655.8000,2656.0000,2656.4000,1,1,1,1,3,1,1,1,1,1
SF,IH2006,2020-03-27 09:33:53.100,2654.0000,17023,0,610575300.000,0,-,-,-,-,2654.0000,2653.8000,2653.4000,2653.2000,2653.0000,2654.4000,2655.0000,2655.8000,2656.0000,2656.4000,3,1,1,1,1,1,1,1,1,1
SF,IH2006,2020-03-27 09:33:53.600,2654.4000,17024,1,611371620.000,1,1,0,双开,S,2654.0000,2653.8000,2653.4000,2653.2000,2653.0000,2655.0000,2655.8000,2656.0000,2656.4000,2656.6000,3,1,1,1,1,1,1,1,1,1
SF,IH2006,2020-03-27 09:33:54.100,2654.4000,17024,0,611371620.000,0,-,-,-,-,2654.0000,2653.8000,2653.4000,2653.2000,2653.0000,2655.0000,2655.8000,2656.0000,2656.4000,2656.6000,3,1,1,1,1,1,1,1,1,1
SF,IH2006,2020-03-27 09:33:54.600,2654.4000,17024,0,611371620.000,0,-,-,-,-,2654.0000,2653.8000,2653.4000,2653.2000,2653.0000,2655.0000,2655.8000,2656.0000,2656.4000,2656.6000,4,1,1,1,1,1,1,1,1,1
SF,IH2006,2020-03-27 09:33:55.100,2654.4000,17024,0,611371620.000,0,-,-,-,-,2654.0000,2653.8000,2653.4000,2653.2000,2653.0000,2654.6000,2655.0000,2655.8000,2656.0000,2656.4000,4,1,1,1,1,2,1,1,1,1
SF,IH2006,2020-03-27 09:33:55.600,2654.0000,17025,1,612964020.000,2,1,1,空开,S,2654.0000,2653.8000,2653.4000,2653.2000,2653.0000,2654.4000,2654.6000,2654.8000,2655.0000,2655.8000,2,1,1,1,1,1,2,1,1,1
SF,IH2006,2020-03-27 09:33:56.100,2653.8000,17025,0,615352560.000,3,1,2,多换,S,2653.4000,2653.2000,2653.0000,2652.8000,2652.6000,2654.0000,2654.2000,2654.4000,2654.6000,2654.8000,1,1,1,3,4,2,1,1,2,1
SF,IH2006,2020-03-27 09:33:56.600,2653.4000,17024,-1,616148580.000,1,0,1,双平,S,2653.2000,2653.0000,2652.8000,2652.6000,2652.2000,2654.2000,2654.4000,2654.6000,2655.8000,2656.0000,1,1,3,4,9,1,1,2,1,1
SF,IH2006,2020-03-27 09:33:57.100,2653.8000,17024,0,616944720.000,1,0,1,多换,S,2653.2000,2653.0000,2652.8000,2652.6000,2652.4000,2654.2000,2654.6000,2655.8000,2656.0000,2656.4000,1,1,3,4,2,1,2,1,1,1
SF,IH2006,2020-03-27 09:33:57.600,2654.2000,17024,0,618537240.000,2,1,1,多换,S,2653.4000,2653.2000,2653.0000,2652.8000,2652.6000,2654.6000,2655.8000,2656.0000,2656.4000,2656.6000,2,1,1,3,4,2,1,1,1,1
SF,IH2006,2020-03-27 09:33:58.100,2654.2000,17024,0,618537240.000,0,-,-,-,-,2653.6000,2653.4000,2653.2000,2653.0000,2652.8000,2653.8000,2655.8000,2656.0000,2656.4000,2656.6000,2,2,1,1,3,1,1,1,1,1
SF,IH2006,2020-03-27 09:33:58.600,2653.8000,17023,-1,619333380.000,1,0,1,双平,S,2653.8000,2653.4000,2653.2000,2653.0000,2652.8000,2656.0000,2656.4000,2656.6000,2656.8000,2657.0000,3,1,1,1,3,1,1,1,3,1
SF,IH2006,2020-03-27 09:33:59.100,2653.8000,17023,0,619333380.000,0,-,-,-,-,2654.0000,2653.8000,2653.2000,2653.0000,2652.8000,2654.8000,2655.8000,2656.0000,2656.6000,2656.8000,2,1,1,1,3,1,8,1,1,3
SF,IH2006,2020-03-27 09:33:59.600,2653.8000,17023,0,619333380.000,0,-,-,-,-,2653.8000,2653.2000,2653.0000,2652.8000,2652.6000,2654.8000,2655.8000,2656.0000,2656.6000,2656.8000,1,1,1,3,4,1,8,1,1,3
SF,IH2006,2020-03-27 09:34:00.100,2653.8000,17023,0,619333380.000,0,-,-,-,-,2653.2000,2653.0000,2652.8000,2652.6000,2652.2000,2654.8000,2655.8000,2656.0000,2656.6000,2656.8000,1,1,3,4,9,1,6,1,1,3
SF,IH2006,2020-03-27 09:34:00.600,2653.8000,17023,0,619333380.000,0,-,-,-,-,2654.0000,2653.4000,2653.2000,2653.0000,2652.8000,2654.6000,2654.8000,2655.8000,2656.0000,2656.6000,1,4,1,1,3,2,1,4,1,1
SF,IH2006,2020-03-27 09:34:01.100,2654.0000,17022,-1,620129580.000,1,0,1,双平,S,2653.4000,2653.2000,2653.0000,2652.8000,2652.6000,2653.8000,2654.0000,2654.4000,2654.6000,2654.8000,2,1,1,3,4,1,1,2,3,1
SF,IH2006,2020-03-27 09:34:01.600,2654.0000,17022,0,620925780.000,1,0,1,多换,S,2653.4000,2653.2000,2653.0000,2652.8000,2652.6000,2654.0000,2654.6000,2654.8000,2655.8000,2656.0000,1,1,1,3,4,1,3,1,4,1
SF,IH2006,2020-03-27 09:34:02.100,2654.0000,17022,0,620925780.000,0,-,-,-,-,2653.4000,2653.2000,2653.0000,2652.8000,2652.6000,2654.0000,2654.6000,2654.8000,2655.8000,2656.0000,1,1,1,3,4,1,2,1,3,1
SF,IH2006,2020-03-27 09:34:02.600,2654.0000,17023,1,621721980.000,1,1,0,双开,S,2653.6000,2653.4000,2653.2000,2653.0000,2652.8000,2654.6000,2654.8000,2655.8000,2656.0000,2656.6000,1,1,1,1,3,2,1,3,1,1
SF,IH2006,2020-03-27 09:34:03.100,2653.6000,17022,-1,622518060.000,1,0,1,双平,S,2653.2000,2653.0000,2652.8000,2652.6000,2652.2000,2654.4000,2654.6000,2654.8000,2655.8000,2656.0000,1,1,3,4,9,2,2,1,3,1
SF,IH2006,2020-03-27 09:34:03.600,2653.6000,17022,0,622518060.000,0,-,-,-,-,2653.2000,2653.0000,2652.8000,2652.6000,2652.2000,2654.0000,2654.2000,2654.4000,2654.8000,2655.8000,1,1,3,4,9,1,4,4,1,1
SF,IH2006,2020-03-27 09:34:04.100,2653.6000,17022,0,622518060.000,0,-,-,-,-,2653.2000,2653.0000,2652.8000,2652.6000,2652.2000,2653.6000,2653.8000,2654.0000,2654.2000,2654.4000,1,1,3,4,9,2,2,1,4,3
SF,IH2006,2020-03-27 09:34:04.600,2653.6000,17022,0,622518060.000,0,-,-,-,-,2653.2000,2653.0000,2652.8000,2652.6000,2652.2000,2653.6000,2653.8000,2654.0000,2654.2000,2654.4000,1,1,3,4,9,2,1,1,4,3
SF,IH2006,2020-03-27 09:34:05.100,2653.2000,17021,-1,623314020.000,1,0,1,双平,S,2653.0000,2652.8000,2652.6000,2652.2000,2652.0000,2653.6000,2653.8000,2654.0000,2654.2000,2654.4000,1,3,4,9,1,3,1,1,4,2
SF,IH2006,2020-03-27 09:34:05.600,2653.2000,17021,0,623314020.000,0,-,-,-,-,2653.0000,2652.8000,2652.6000,2652.2000,2652.0000,2653.2000,2653.6000,2653.8000,2654.0000,2654.2000,1,3,4,9,1,1,3,1,1,3
SF,IH2006,2020-03-27 09:34:06.100,2653.2000,17020,-1,624905940.000,2,0,2,多平,S,2653.2000,2653.0000,2652.8000,2652.6000,2652.2000,2653.6000,2653.8000,2654.0000,2654.2000,2654.4000,1,1,3,4,9,3,1,1,3,2
SF,IH2006,2020-03-27 09:34:06.600,2653.2000,17019,-1,625701900.000,1,0,1,双平,S,2653.0000,2652.8000,2652.6000,2652.2000,2652.0000,2653.6000,2653.8000,2654.0000,2654.2000,2654.4000,1,3,4,9,1,3,1,1,3,2
SF,IH2006,2020-03-27 09:34:07.100,2653.2000,17019,0,625701900.000,0,-,-,-,-,2653.0000,2652.8000,2652.6000,2652.2000,2652.0000,2653.6000,2653.8000,2654.0000,2654.2000,2654.4000,1,3,4,9,1,3,1,1,3,2
SF,IH2006,2020-03-27 09:34:07.600,2653.2000,17019,0,625701900.000,0,-,-,-,-,2653.0000,2652.8000,2652.6000,2652.2000,2652.0000,2653.6000,2653.8000,2654.0000,2654.2000,2654.4000,1,3,4,9,1,1,1,1,3,1
SF,IH2006,2020-03-27 09:34:08.100,2653.0000,17018,-1,626497800.000,1,0,1,双平,S,2652.8000,2652.6000,2652.2000,2652.0000,2651.8000,2653.6000,2653.8000,2654.0000,2654.2000,2654.4000,3,4,9,1,3,1,1,1,3,1
SF,IH2006,2020-03-27 09:34:08.600,2652.8000,17018,0,627293640.000,1,0,1,多换,S,2652.8000,2652.6000,2652.2000,2652.0000,2651.8000,2653.6000,2653.8000,2654.0000,2654.2000,2654.4000,2,4,9,1,3,1,1,1,3,1
SF,IH2006,2020-03-27 09:34:09.100,2652.8000,17018,0,627293640.000,0,-,-,-,-,2652.8000,2652.6000,2652.2000,2652.0000,2651.8000,2653.6000,2653.8000,2654.0000,2654.2000,2654.4000,2,4,9,1,3,1,1,1,3,1
SF,IH2006,2020-03-27 09:34:09.600,2652.8000,17018,0,627293640.000,0,-,-,-,-,2652.8000,2652.6000,2652.2000,2652.0000,2651.8000,2653.4000,2653.6000,2653.8000,2654.0000,2654.2000,2,4,9,1,3,1,1,1,2,3
SF,IH2006,2020-03-27 09:34:10.100,2653.4000,17017,-1,628089660.000,1,0,1,双平,S,2652.8000,2652.6000,2652.2000,2652.0000,2651.8000,2653.4000,2653.6000,2653.8000,2654.0000,2654.2000,2,4,9,1,3,1,1,1,2,3
SF,IH2006,2020-03-27 09:34:11.600,2653.4000,17017,0,628885680.000,1,0,1,多换,S,2653.0000,2652.8000,2652.6000,2652.2000,2652.0000,2653.6000,2653.8000,2654.0000,2654.2000,2654.4000,1,2,4,9,3,1,1,2,3,1
SF,IH2006,2020-03-27 09:34:12.100,2653.6000,17017,0,629681760.000,1,0,1,多换,S,2653.2000,2653.0000,2652.8000,2652.6000,2652.2000,2653.8000,2654.0000,2654.2000,2654.4000,2654.8000,1,1,2,4,9,1,2,3,1,1
SF,IH2006,2020-03-27 09:34:12.600,2654.0000,17014,-3,632070300.000,3,0,3,双平,S,2653.8000,2653.2000,2653.0000,2652.8000,2652.6000,2654.2000,2654.4000,2654.8000,2655.8000,2656.0000,2,1,1,2,4,3,1,1,1,1
SF,IH2006,2020-03-27 09:34:13.100,2654.0000,17011,-3,637644120.000,7,2,5,多平,S,2653.8000,2653.4000,2653.2000,2652.8000,2652.6000,2655.8000,2656.0000,2656.6000,2656.8000,2657.0000,2,1,1,2,4,1,1,1,3,1
SF,IH2006,2020-03-27 09:34:13.600,2654.0000,17010,-1,638440320.000,1,0,1,双平,S,2654.0000,2653.8000,2652.8000,2652.6000,2652.2000,2654.8000,2655.4000,2655.6000,2655.8000,2656.0000,2,2,2,4,9,5,8,5,3,1
SF,IH2006,2020-03-27 09:34:14.100,2654.0000,17009,-1,640032720.000,2,0,2,多平,S,2653.8000,2652.8000,2652.6000,2652.2000,2652.0000,2654.4000,2654.6000,2655.4000,2655.6000,2655.8000,2,2,4,9,1,2,8,7,5,2
SF,IH2006,2020-03-27 09:34:14.600,2653.8000,17008,-1,641625000.000,2,0,2,多平,S,2652.8000,2652.6000,2652.2000,2652.0000,2651.8000,2654.2000,2654.6000,2655.4000,2655.6000,2655.8000,2,4,9,1,3,1,1,7,4,2
SF,IH2006,2020-03-27 09:34:15.100,2653.8000,17008,0,641625000.000,0,-,-,-,-,2653.0000,2652.8000,2652.6000,2652.2000,2652.0000,2654.2000,2654.6000,2655.4000,2655.6000,2655.8000,5,2,4,9,1,1,1,7,4,2
SF,IH2006,2020-03-27 09:34:15.600,2653.8000,17008,0,641625000.000,0,-,-,-,-,2653.2000,2653.0000,2652.8000,2652.6000,2652.2000,2654.4000,2654.6000,2655.4000,2655.6000,2655.8000,1,7,2,4,9,1,1,7,3,2
SF,IH2006,2020-03-27 09:34:16.100,2653.8000,17008,0,641625000.000,0,-,-,-,-,2653.4000,2653.0000,2652.8000,2652.6000,2652.2000,2654.2000,2654.6000,2655.4000,2655.6000,2655.8000,2,5,2,4,9,1,1,7,3,2
SF,IH2006,2020-03-27 09:34:16.600,2653.8000,17008,0,641625000.000,0,-,-,-,-,2653.4000,2653.0000,2652.8000,2652.6000,2652.2000,2654.2000,2654.4000,2654.6000,2655.4000,2655.6000,3,3,2,4,9,1,2,1,7,3
SF,IH2006,2020-03-27 09:34:17.100,2653.4000,17008,0,642421020.000,1,0,1,多换,S,2653.4000,2653.0000,2652.8000,2652.6000,2652.2000,2654.0000,2654.2000,2654.4000,2654.6000,2655.4000,1,3,1,4,9,6,2,2,1,7
