市场代码,合约代码,时间,最新,持仓,增仓,成交额,成交量,开仓,平仓,成交类型,方向,买一价,买二价,买三价,买四价,买五价,卖一价,卖二价,卖三价,卖四价,卖五价,买一量,买二量,买三量,买四量,买五量,卖一量,卖二量,卖三量,卖四量,卖五量
SF,IH2006,2019-11-13 09:29:00.400,2958.8000,1345,0,0.000,0.000,-,-,-,-,2949.4000,2945.2000,2945.0000,2942.8000,2942.6000,2954.4000,2955.8000,2956.4000,2958.8000,2959.4000,1,1,1,1,1,1,1,1,2,2
SF,IH2006,2019-11-13 09:30:00.400,2949.4000,1345,0,884820.000,1,0,1,多换,S,2945.2000,2945.0000,2940.8000,2938.2000,2756.0000,2955.0000,2955.8000,2956.4000,2958.8000,2972.0000,1,1,1,1,1,2,1,1,1,1
SF,IH2006,2019-11-13 09:30:00.900,2949.4000,1345,0,884820.000,0,-,-,-,-,2947.0000,2945.4000,2945.2000,2945.0000,2940.8000,2954.0000,2954.8000,2955.0000,2955.8000,2972.0000,3,3,1,1,1,3,1,2,1,1
SF,IH2006,2019-11-13 09:30:01.400,2949.4000,1345,0,884820.000,0,-,-,-,-,2945.2000,2945.0000,2940.8000,2938.2000,2937.4000,2951.6000,2952.0000,2953.8000,2954.0000,2954.8000,1,1,1,1,5,1,1,4,3,1
SF,IH2006,2019-11-13 09:30:01.900,2949.4000,1345,0,884820.000,0,-,-,-,-,2945.2000,2945.0000,2940.8000,2938.2000,2937.4000,2951.4000,2953.8000,2954.0000,2954.8000,2955.0000,1,1,1,1,5,1,1,3,1,2
SF,IH2006,2019-11-13 09:30:02.400,2949.4000,1345,0,884820.000,0,-,-,-,-,2945.2000,2945.0000,2940.8000,2914.8000,2903.6000,2953.8000,2954.0000,2954.8000,2955.0000,2955.8000,1,6,1,1,5,1,3,1,2,1
SF,IH2006,2019-11-13 09:30:03.400,2949.4000,1345,0,884820.000,0,-,-,-,-,2947.0000,2945.2000,2945.0000,2940.8000,2914.8000,2952.0000,2953.8000,2954.0000,2954.8000,2955.0000,3,1,6,1,1,1,1,3,1,2
SF,IH2006,2019-11-13 09:30:03.900,2949.4000,1345,0,884820.000,0,-,-,-,-,2947.0000,2945.2000,2945.0000,2940.8000,2914.8000,2951.8000,2953.8000,2954.0000,2954.8000,2955.0000,3,1,6,1,1,1,1,3,1,2
SF,IH2006,2019-11-13 09:30:04.900,2949.4000,1345,0,884820.000,0,-,-,-,-,2947.0000,2945.2000,2945.0000,2940.8000,2914.8000,2953.8000,2954.0000,2954.8000,2955.0000,2955.8000,3,1,6,1,1,1,3,1,2,1
SF,IH2006,2019-11-13 09:30:06.400,2949.4000,1345,0,884820.000,0,-,-,-,-,2945.2000,2945.0000,2940.8000,2914.8000,2903.6000,2952.0000,2953.8000,2954.0000,2954.8000,2955.0000,1,6,1,1,5,1,1,3,1,2
SF,IH2006,2019-11-13 09:30:06.900,2949.4000,1345,0,884820.000,0,-,-,-,-,2947.0000,2945.8000,2945.4000,2945.2000,2945.0000,2951.8000,2953.8000,2954.0000,2954.8000,2955.0000,3,3,1,1,6,1,1,3,1,2
SF,IH2006,2019-11-13 09:30:07.400,2949.4000,1345,0,884820.000,0,-,-,-,-,2947.0000,2945.2000,2945.0000,2940.8000,2914.8000,2953.8000,2954.0000,2954.8000,2955.0000,2955.8000,3,1,6,1,1,1,3,1,2,1
SF,IH2006,2019-11-13 09:30:10.400,2949.4000,1345,0,884820.000,0,-,-,-,-,2945.2000,2945.0000,2940.8000,2914.8000,2903.6000,2953.8000,2954.0000,2954.8000,2955.0000,2955.8000,1,6,1,1,5,1,3,1,2,1
SF,IH2006,2019-11-13 09:30:10.900,2949.4000,1345,0,884820.000,0,-,-,-,-,2947.0000,2945.4000,2945.0000,2940.8000,2914.8000,2953.8000,2954.0000,2954.8000,2955.0000,2955.8000,3,1,6,1,1,1,3,1,2,1
SF,IH2006,2019-11-13 09:30:11.400,2949.4000,1345,0,884820.000,0,-,-,-,-,2947.0000,2945.0000,2940.8000,2914.8000,2903.6000,2953.6000,2953.8000,2954.0000,2954.8000,2955.0000,3,6,1,1,5,1,1,3,1,2
SF,IH2006,2019-11-13 09:30:11.900,2949.4000,1345,0,884820.000,0,-,-,-,-,2947.0000,2945.0000,2940.8000,2914.8000,2903.6000,2953.4000,2953.6000,2953.8000,2954.0000,2954.8000,3,6,1,1,5,1,1,1,3,1
SF,IH2006,2019-11-13 09:30:12.400,2949.4000,1345,0,884820.000,0,-,-,-,-,2947.0000,2945.0000,2940.8000,2914.8000,2903.6000,2953.2000,2953.4000,2953.8000,2954.0000,2954.8000,3,6,1,1,5,1,1,1,3,1
SF,IH2006,2019-11-13 09:30:12.900,2949.4000,1345,0,884820.000,0,-,-,-,-,2947.0000,2945.0000,2940.8000,2914.8000,2903.6000,2953.0000,2953.2000,2953.4000,2953.8000,2954.0000,3,6,1,1,5,1,1,1,1,3
SF,IH2006,2019-11-13 09:30:13.400,2949.4000,1345,0,884820.000,0,-,-,-,-,2947.0000,2945.0000,2940.8000,2914.8000,2903.6000,2952.0000,2952.8000,2953.0000,2953.4000,2953.8000,1,6,1,1,5,1,1,1,1,1
SF,IH2006,2019-11-13 09:30:13.900,2949.4000,1345,0,884820.000,0,-,-,-,-,2945.0000,2940.8000,2914.8000,2903.6000,2756.0000,2951.6000,2951.8000,2952.0000,2953.0000,2953.4000,6,1,1,5,1,1,2,1,1,1
SF,IH2006,2019-11-13 09:30:14.400,2949.4000,1345,0,884820.000,0,-,-,-,-,2947.0000,2945.2000,2945.0000,2940.8000,2914.8000,2951.4000,2951.8000,2952.0000,2953.0000,2953.4000,3,1,6,1,1,1,1,1,1,1
SF,IH2006,2019-11-13 09:30:14.900,2949.4000,1345,0,884820.000,0,-,-,-,-,2945.0000,2940.8000,2914.8000,2903.6000,2756.0000,2951.4000,2951.6000,2951.8000,2952.0000,2953.0000,6,1,1,5,1,1,1,1,1,1
SF,IH2006,2019-11-13 09:30:15.400,2949.4000,1345,0,884820.000,0,-,-,-,-,2945.2000,2945.0000,2940.8000,2914.8000,2903.6000,2951.4000,2951.6000,2951.8000,2952.0000,2953.0000,2,6,1,1,5,1,1,1,1,1
SF,IH2006,2019-11-13 09:30:15.900,2949.4000,1345,0,884820.000,0,-,-,-,-,2945.2000,2945.0000,2940.8000,2914.8000,2903.6000,2951.2000,2951.4000,2951.6000,2951.8000,2952.0000,2,6,1,1,5,1,1,1,1,1
SF,IH2006,2019-11-13 09:30:16.400,2949.4000,1345,0,884820.000,0,-,-,-,-,2945.2000,2945.0000,2940.8000,2914.8000,2903.6000,2951.0000,2951.2000,2951.4000,2951.6000,2951.8000,2,6,1,1,5,1,1,1,1,1
SF,IH2006,2019-11-13 09:30:16.900,2949.4000,1345,0,884820.000,0,-,-,-,-,2945.2000,2945.0000,2940.8000,2914.8000,2903.6000,2951.0000,2951.4000,2951.6000,2951.8000,2952.0000,2,6,1,1,5,1,1,1,1,1
SF,IH2006,2019-11-13 09:30:18.900,2949.4000,1345,0,884820.000,0,-,-,-,-,2947.0000,2945.2000,2945.0000,2940.8000,2914.8000,2951.0000,2951.4000,2951.6000,2951.8000,2952.0000,1,2,6,1,1,1,1,1,1,1
SF,IH2006,2019-11-13 09:30:19.400,2949.4000,1345,0,884820.000,0,-,-,-,-,2947.2000,2945.0000,2940.8000,2914.8000,2903.6000,2951.0000,2951.4000,2951.6000,2951.8000,2952.0000,1,6,1,1,5,1,1,1,1,1
SF,IH2006,2019-11-13 09:30:19.900,2949.4000,1345,0,884820.000,0,-,-,-,-,2947.2000,2947.0000,2945.0000,2940.8000,2914.8000,2950.8000,2951.0000,2951.4000,2951.6000,2951.8000,1,1,6,1,1,1,1,1,1,1
SF,IH2006,2019-11-13 09:30:20.900,2949.4000,1345,0,884820.000,0,-,-,-,-,2947.2000,2945.0000,2940.8000,2914.8000,2903.6000,2950.8000,2951.0000,2951.4000,2951.6000,2951.8000,1,6,1,1,5,1,1,1,1,1
SF,IH2006,2019-11-13 09:30:22.900,2949.4000,1345,0,884820.000,0,-,-,-,-,2947.2000,2945.0000,2940.8000,2914.8000,2903.6000,2950.8000,2951.0000,2951.4000,2951.8000,2952.0000,1,6,1,1,5,1,1,1,1,1
SF,IH2006,2019-11-13 09:30:23.400,2949.4000,1345,0,884820.000,0,-,-,-,-,2947.2000,2947.0000,2945.0000,2940.8000,2914.8000,2951.8000,2953.0000,2953.4000,2954.0000,2955.0000,1,2,6,1,1,1,1,1,3,2
SF,IH2006,2019-11-13 09:30:23.900,2949.4000,1345,0,884820.000,0,-,-,-,-,2947.2000,2947.0000,2945.0000,2940.8000,2914.8000,2953.0000,2953.4000,2954.0000,2955.0000,2955.8000,1,2,6,1,1,1,1,3,2,1
SF,IH2006,2019-11-13 09:30:24.400,2949.4000,1345,0,884820.000,0,-,-,-,-,2947.2000,2947.0000,2945.0000,2940.8000,2914.8000,2952.8000,2953.0000,2953.4000,2954.0000,2955.0000,1,2,6,1,1,2,1,1,3,2
SF,IH2006,2019-11-13 09:30:24.900,2949.4000,1345,0,884820.000,0,-,-,-,-,2947.2000,2947.0000,2945.0000,2940.8000,2914.8000,2952.6000,2952.8000,2953.0000,2953.4000,2954.0000,1,2,6,1,1,1,2,1,1,3
SF,IH2006,2019-11-13 09:30:25.400,2949.4000,1345,0,884820.000,0,-,-,-,-,2947.2000,2947.0000,2945.0000,2940.8000,2914.8000,2952.4000,2952.6000,2953.0000,2953.4000,2954.0000,1,2,6,1,1,1,1,1,1,3
SF,IH2006,2019-11-13 09:30:25.900,2949.4000,1345,0,884820.000,0,-,-,-,-,2947.2000,2947.0000,2945.0000,2940.8000,2914.8000,2952.0000,2952.2000,2952.4000,2952.6000,2953.0000,1,2,6,1,1,1,1,1,1,1
SF,IH2006,2019-11-13 09:30:26.400,2949.4000,1345,0,884820.000,0,-,-,-,-,2947.2000,2947.0000,2945.0000,2940.8000,2914.8000,2951.8000,2952.2000,2952.6000,2953.0000,2953.4000,1,2,6,1,1,2,1,1,1,1
SF,IH2006,2019-11-13 09:30:26.900,2949.4000,1345,0,884820.000,0,-,-,-,-,2947.2000,2947.0000,2945.0000,2940.8000,2914.8000,2951.8000,2952.2000,2952.6000,2953.0000,2953.4000,1,2,6,1,1,1,1,1,1,1
SF,IH2006,2019-11-13 09:30:27.900,2949.4000,1345,0,884820.000,0,-,-,-,-,2947.2000,2945.0000,2940.8000,2914.8000,2903.6000,2951.6000,2951.8000,2952.2000,2952.6000,2953.0000,1,6,1,1,5,1,1,1,1,1
SF,IH2006,2019-11-13 09:30:28.400,2949.4000,1345,0,884820.000,0,-,-,-,-,2947.2000,2947.0000,2945.0000,2940.8000,2914.8000,2951.4000,2951.6000,2952.2000,2952.6000,2953.0000,1,1,5,1,1,1,1,1,1,1
SF,IH2006,2019-11-13 09:30:28.900,2949.4000,1345,0,884820.000,0,-,-,-,-,2947.2000,2947.0000,2945.0000,2940.8000,2914.8000,2951.4000,2951.6000,2952.2000,2952.6000,2953.0000,1,1,5,1,1,1,1,1,1,1
SF,IH2006,2019-11-13 09:30:29.400,2949.4000,1345,0,884820.000,0,-,-,-,-,2947.2000,2947.0000,2945.0000,2940.8000,2914.8000,2951.2000,2951.4000,2951.6000,2952.2000,2952.6000,1,1,5,1,1,1,1,2,1,1
SF,IH2006,2019-11-13 09:30:29.900,2949.4000,1345,0,884820.000,0,-,-,-,-,2947.2000,2947.0000,2945.0000,2940.8000,2914.8000,2951.0000,2951.2000,2951.6000,2952.2000,2952.6000,1,1,5,1,1,1,1,2,1,1
SF,IH2006,2019-11-13 09:30:30.400,2949.4000,1345,0,884820.000,0,-,-,-,-,2947.2000,2947.0000,2945.0000,2940.8000,2914.8000,2950.8000,2951.0000,2951.2000,2951.6000,2952.2000,1,1,5,1,1,1,1,1,2,1
SF,IH2006,2019-11-13 09:30:30.900,2949.4000,1345,0,884820.000,0,-,-,-,-,2947.2000,2947.0000,2941.2000,2940.8000,2914.8000,2950.6000,2950.8000,2951.2000,2951.6000,2952.2000,1,1,5,1,1,1,1,1,2,1
SF,IH2006,2019-11-13 09:30:31.400,2949.4000,1345,0,884820.000,0,-,-,-,-,2947.2000,2947.0000,2941.2000,2940.8000,2914.8000,2950.4000,2950.6000,2950.8000,2951.2000,2951.6000,1,1,5,1,1,1,1,1,1,2
SF,IH2006,2019-11-13 09:30:31.900,2949.4000,1345,0,884820.000,0,-,-,-,-,2947.2000,2947.0000,2941.2000,2940.8000,2914.8000,2950.8000,2951.2000,2951.6000,2952.2000,2954.0000,1,1,5,1,1,1,1,2,1,3
SF,IH2006,2019-11-13 09:30:32.400,2949.4000,1345,0,884820.000,0,-,-,-,-,2947.2000,2947.0000,2941.2000,2940.8000,2914.8000,2951.2000,2951.6000,2952.2000,2954.0000,2955.0000,1,3,5,1,1,1,1,1,3,2
SF,IH2006,2019-11-13 09:30:32.900,2949.4000,1345,0,884820.000,0,-,-,-,-,2947.2000,2947.0000,2941.2000,2940.8000,2914.8000,2951.0000,2951.2000,2951.6000,2952.2000,2954.0000,1,3,5,1,1,1,1,1,1,3
SF,IH2006,2019-11-13 09:30:33.400,2949.4000,1345,0,884820.000,0,-,-,-,-,2947.2000,2947.0000,2941.2000,2940.8000,2914.8000,2951.0000,2951.2000,2951.6000,2952.2000,2954.0000,1,1,5,1,1,1,1,1,1,3
SF,IH2006,2019-11-13 09:30:33.900,2949.4000,1345,0,884820.000,0,-,-,-,-,2947.2000,2947.0000,2941.2000,2940.8000,2914.8000,2950.8000,2951.0000,2951.2000,2951.6000,2952.2000,1,1,5,1,1,1,1,1,1,1
SF,IH2006,2019-11-13 09:30:34.400,2949.4000,1345,0,884820.000,0,-,-,-,-,2947.2000,2947.0000,2941.2000,2940.8000,2914.8000,2950.6000,2950.8000,2951.2000,2951.6000,2952.2000,1,1,5,1,1,1,1,1,1,1
SF,IH2006,2019-11-13 09:30:34.900,2949.4000,1345,0,884820.000,0,-,-,-,-,2947.2000,2947.0000,2941.2000,2940.8000,2914.8000,2950.6000,2951.2000,2951.6000,2952.2000,2954.0000,1,2,5,1,1,1,1,1,1,3
SF,IH2006,2019-11-13 09:30:35.400,2949.4000,1345,0,884820.000,0,-,-,-,-,2947.2000,2947.0000,2941.2000,2940.8000,2914.8000,2952.2000,2954.0000,2955.0000,2955.8000,2960.2000,1,3,5,1,1,1,3,2,1,5
SF,IH2006,2019-11-13 09:30:35.900,2949.4000,1345,0,884820.000,0,-,-,-,-,2947.2000,2947.0000,2941.2000,2940.8000,2914.8000,2952.0000,2952.2000,2954.0000,2955.0000,2955.8000,1,3,5,1,1,1,1,3,2,1
SF,IH2006,2019-11-13 09:30:36.900,2949.4000,1345,0,884820.000,0,-,-,-,-,2947.2000,2947.0000,2941.2000,2940.8000,2914.8000,2951.8000,2952.0000,2952.2000,2954.0000,2955.0000,1,3,5,1,1,1,1,1,3,2
SF,IH2006,2019-11-13 09:30:37.400,2949.4000,1345,0,884820.000,0,-,-,-,-,2947.2000,2947.0000,2941.2000,2940.8000,2914.8000,2951.6000,2951.8000,2952.0000,2952.2000,2954.0000,1,1,5,1,1,2,1,1,1,3
SF,IH2006,2019-11-13 09:30:37.900,2949.4000,1345,0,884820.000,0,-,-,-,-,2947.2000,2947.0000,2941.2000,2940.8000,2914.8000,2951.4000,2951.6000,2951.8000,2952.2000,2954.0000,1,2,5,1,1,1,2,1,1,3
SF,IH2006,2019-11-13 09:30:38.400,2949.4000,1345,0,884820.000,0,-,-,-,-,2947.2000,2947.0000,2941.2000,2940.8000,2914.8000,2951.2000,2951.8000,2952.2000,2954.0000,2955.0000,1,3,5,1,1,1,1,1,3,2
SF,IH2006,2019-11-13 09:30:38.900,2949.4000,1345,0,884820.000,0,-,-,-,-,2947.2000,2947.0000,2941.2000,2940.8000,2914.8000,2951.2000,2951.8000,2952.2000,2954.0000,2955.0000,1,1,5,1,1,1,1,1,3,2
SF,IH2006,2019-11-13 09:30:41.400,2949.4000,1345,0,884820.000,0,-,-,-,-,2947.2000,2947.0000,2941.2000,2940.8000,2914.8000,2951.0000,2951.2000,2951.8000,2952.2000,2954.0000,1,2,5,1,1,1,1,1,1,3
SF,IH2006,2019-11-13 09:30:41.900,2949.4000,1345,0,884820.000,0,-,-,-,-,2947.2000,2947.0000,2941.2000,2940.8000,2914.8000,2950.8000,2951.0000,2951.8000,2952.2000,2954.0000,1,1,5,1,1,1,1,1,1,3
SF,IH2006,2019-11-13 09:30:45.900,2949.4000,1345,0,884820.000,0,-,-,-,-,2947.2000,2947.0000,2941.2000,2940.8000,2914.8000,2950.8000,2951.0000,2951.8000,2952.2000,2954.0000,1,2,5,1,1,1,1,1,1,3
SF,IH2006,2019-11-13 09:30:46.400,2949.4000,1345,0,884820.000,0,-,-,-,-,2947.2000,2947.0000,2941.2000,2940.8000,2914.8000,2950.8000,2951.8000,2952.2000,2954.0000,2955.0000,1,2,5,1,1,1,1,1,3,2
SF,IH2006,2019-11-13 09:30:46.900,2949.4000,1345,0,884820.000,0,-,-,-,-,2947.2000,2941.2000,2940.8000,2914.8000,2903.6000,2950.8000,2951.8000,2952.2000,2954.0000,2955.0000,1,5,1,1,5,1,1,1,3,2
SF,IH2006,2019-11-13 09:30:47.400,2949.4000,1345,0,884820.000,0,-,-,-,-,2947.2000,2947.0000,2941.2000,2940.8000,2914.8000,2950.8000,2951.8000,2952.2000,2954.0000,2955.0000,2,1,5,1,1,1,1,1,3,2
SF,IH2006,2019-11-13 09:30:49.900,2949.4000,1345,0,884820.000,0,-,-,-,-,2947.2000,2947.0000,2941.2000,2940.8000,2914.8000,2950.8000,2951.8000,2952.2000,2954.0000,2955.0000,2,2,5,1,1,1,1,1,3,2
SF,IH2006,2019-11-13 09:30:50.400,2949.4000,1345,0,884820.000,0,-,-,-,-,2947.2000,2947.0000,2941.2000,2940.8000,2914.8000,2950.8000,2951.8000,2952.2000,2954.0000,2955.0000,2,1,5,1,1,1,1,1,3,2
SF,IH2006,2019-11-13 09:30:50.900,2949.4000,1345,0,884820.000,0,-,-,-,-,2947.2000,2947.0000,2941.2000,2940.8000,2914.8000,2950.8000,2951.8000,2952.2000,2954.0000,2955.0000,2,2,5,1,1,1,1,1,3,2
SF,IH2006,2019-11-13 09:30:51.400,2949.4000,1345,0,884820.000,0,-,-,-,-,2947.2000,2947.0000,2941.2000,2940.8000,2914.8000,2950.8000,2951.8000,2952.2000,2954.0000,2955.0000,2,1,5,1,1,1,1,1,3,2
SF,IH2006,2019-11-13 09:30:51.900,2949.4000,1345,0,884820.000,0,-,-,-,-,2947.2000,2947.0000,2941.2000,2940.8000,2914.8000,2950.8000,2951.8000,2952.2000,2954.0000,2955.0000,2,2,5,1,1,1,1,1,3,2
SF,IH2006,2019-11-13 09:30:52.900,2949.4000,1345,0,884820.000,0,-,-,-,-,2947.2000,2947.0000,2941.2000,2940.8000,2914.8000,2950.8000,2951.8000,2952.2000,2954.0000,2955.0000,2,1,5,1,1,1,1,1,3,2
SF,IH2006,2019-11-13 09:30:53.900,2949.4000,1345,0,884820.000,0,-,-,-,-,2947.2000,2941.2000,2940.8000,2914.8000,2903.6000,2950.8000,2951.8000,2952.2000,2954.0000,2955.0000,2,5,1,1,5,1,1,1,3,2
SF,IH2006,2019-11-13 09:30:54.400,2949.4000,1345,0,884820.000,0,-,-,-,-,2947.2000,2947.0000,2941.2000,2940.8000,2914.8000,2950.8000,2951.8000,2952.2000,2954.0000,2955.0000,2,1,5,1,1,1,1,1,3,2
SF,IH2006,2019-11-13 09:30:54.900,2949.4000,1345,0,884820.000,0,-,-,-,-,2948.0000,2947.2000,2941.2000,2940.8000,2914.8000,2950.8000,2951.8000,2952.2000,2954.0000,2955.0000,1,2,5,1,1,1,1,1,3,2
SF,IH2006,2019-11-13 09:30:55.400,2949.4000,1345,0,884820.000,0,-,-,-,-,2948.2000,2948.0000,2947.2000,2941.2000,2940.8000,2950.8000,2951.8000,2952.2000,2954.0000,2955.0000,1,1,1,5,1,1,1,1,3,2
SF,IH2006,2019-11-13 09:31:06.400,2949.4000,1345,0,884820.000,0,-,-,-,-,2948.2000,2948.0000,2947.2000,2941.2000,2940.8000,2950.8000,2952.2000,2954.0000,2955.0000,2955.8000,1,1,1,5,1,1,1,3,2,1
SF,IH2006,2019-11-13 09:31:06.900,2949.4000,1345,0,884820.000,0,-,-,-,-,2948.2000,2948.0000,2947.2000,2941.2000,2940.8000,2952.2000,2954.0000,2955.0000,2955.8000,2960.2000,1,1,1,5,1,1,3,2,1,5
SF,IH2006,2019-11-13 09:31:07.400,2949.4000,1345,0,884820.000,0,-,-,-,-,2948.2000,2948.0000,2947.2000,2941.2000,2940.8000,2952.0000,2952.2000,2954.0000,2955.0000,2955.8000,1,1,1,5,1,1,1,3,2,1
SF,IH2006,2019-11-13 09:31:08.400,2949.4000,1345,0,884820.000,0,-,-,-,-,2948.2000,2948.0000,2947.2000,2941.2000,2940.8000,2952.0000,2954.0000,2955.0000,2955.8000,2960.2000,1,1,1,5,1,1,3,2,1,5
SF,IH2006,2019-11-13 09:31:08.900,2949.4000,1345,0,884820.000,0,-,-,-,-,2948.2000,2948.0000,2947.2000,2941.2000,2940.8000,2952.0000,2955.0000,2955.8000,2960.2000,2972.0000,1,1,1,5,1,1,2,1,5,1
SF,IH2006,2019-11-13 09:31:17.900,2949.4000,1345,0,884820.000,0,-,-,-,-,2948.2000,2948.0000,2941.2000,2940.8000,2914.8000,2952.0000,2955.0000,2955.8000,2960.2000,2972.0000,1,1,5,1,1,1,2,1,5,1
SF,IH2006,2019-11-13 09:31:18.400,2949.4000,1345,0,884820.000,0,-,-,-,-,2948.2000,2948.0000,2947.6000,2941.2000,2940.8000,2952.0000,2955.0000,2955.8000,2960.2000,2972.0000,1,1,1,5,1,1,2,1,5,1
SF,IH2006,2019-11-13 09:31:18.900,2949.4000,1345,0,884820.000,0,-,-,-,-,2948.2000,2948.0000,2947.6000,2941.2000,2940.8000,2951.8000,2952.0000,2955.0000,2955.8000,2960.2000,1,1,1,5,1,1,1,2,1,5
SF,IH2006,2019-11-13 09:31:19.400,2949.4000,1345,0,884820.000,0,-,-,-,-,2948.2000,2948.0000,2947.6000,2941.2000,2940.8000,2951.6000,2955.0000,2955.8000,2960.2000,2972.0000,1,1,1,5,1,1,2,1,5,1
SF,IH2006,2019-11-13 09:31:22.900,2949.4000,1345,0,884820.000,0,-,-,-,-,2948.2000,2948.0000,2947.6000,2941.2000,2940.8000,2951.4000,2951.6000,2955.0000,2955.8000,2960.2000,1,1,1,5,1,1,2,2,1,5
SF,IH2006,2019-11-13 09:31:23.400,2949.4000,1345,0,884820.000,0,-,-,-,-,2949.0000,2948.2000,2948.0000,2947.6000,2941.2000,2951.2000,2951.4000,2951.6000,2955.0000,2955.8000,1,1,1,1,5,2,1,1,2,1
SF,IH2006,2019-11-13 09:31:23.900,2949.4000,1345,0,884820.000,0,-,-,-,-,2949.0000,2948.0000,2947.6000,2941.2000,2940.8000,2951.0000,2951.2000,2951.4000,2951.6000,2955.0000,1,1,1,5,1,1,2,1,1,2
SF,IH2006,2019-11-13 09:31:24.400,2949.4000,1345,0,884820.000,0,-,-,-,-,2949.0000,2948.0000,2947.6000,2941.2000,2940.8000,2950.8000,2955.0000,2955.8000,2960.2000,2972.0000,1,1,1,5,1,1,2,1,5,1
SF,IH2006,2019-11-13 09:31:27.400,2949.4000,1345,0,884820.000,0,-,-,-,-,2949.0000,2948.0000,2941.2000,2940.8000,2914.8000,2950.8000,2955.0000,2955.8000,2960.2000,2972.0000,1,1,5,1,1,1,2,1,5,1
SF,IH2006,2019-11-13 09:31:27.900,2949.4000,1345,0,884820.000,0,-,-,-,-,2949.0000,2948.2000,2948.0000,2941.2000,2940.8000,2950.8000,2955.0000,2955.8000,2960.2000,2972.0000,1,1,1,5,1,1,2,1,5,1
SF,IH2006,2019-11-13 09:31:28.400,2949.4000,1345,0,884820.000,0,-,-,-,-,2949.0000,2948.2000,2948.0000,2941.2000,2940.8000,2955.0000,2955.8000,2960.2000,2972.0000,2972.8000,1,1,1,5,1,2,1,5,1,1
SF,IH2006,2019-11-13 09:31:28.900,2949.4000,1345,0,884820.000,0,-,-,-,-,2949.0000,2948.2000,2948.0000,2941.2000,2940.8000,2952.8000,2954.0000,2955.0000,2955.8000,2960.2000,1,1,1,5,1,3,3,2,1,5
SF,IH2006,2019-11-13 09:31:29.400,2949.4000,1345,0,884820.000,0,-,-,-,-,2949.0000,2948.2000,2948.0000,2941.2000,2940.8000,2952.6000,2952.8000,2954.0000,2955.0000,2955.8000,1,1,1,5,1,1,3,3,2,1
SF,IH2006,2019-11-13 09:31:29.900,2949.4000,1345,0,884820.000,0,-,-,-,-,2949.0000,2948.2000,2948.0000,2945.0000,2941.2000,2952.6000,2954.0000,2955.0000,2955.8000,2960.2000,1,1,1,1,5,1,3,2,1,5
SF,IH2006,2019-11-13 09:31:30.400,2949.4000,1345,0,884820.000,0,-,-,-,-,2949.0000,2948.2000,2948.0000,2945.0000,2941.2000,2952.4000,2952.6000,2954.0000,2955.0000,2955.8000,1,1,1,1,5,2,1,3,2,1
SF,IH2006,2019-11-13 09:31:31.400,2949.4000,1345,0,884820.000,0,-,-,-,-,2949.0000,2948.2000,2948.0000,2945.0000,2941.2000,2952.2000,2952.4000,2952.6000,2954.0000,2955.0000,1,1,1,1,5,1,2,1,3,2
SF,IH2006,2019-11-13 09:31:31.900,2949.4000,1345,0,884820.000,0,-,-,-,-,2949.2000,2949.0000,2948.2000,2948.0000,2945.0000,2952.2000,2952.6000,2954.0000,2955.0000,2955.8000,1,1,1,1,1,1,1,3,2,1
SF,IH2006,2019-11-13 09:31:32.400,2949.4000,1345,0,884820.000,0,-,-,-,-,2949.2000,2949.0000,2948.2000,2948.0000,2945.0000,2952.0000,2954.0000,2955.0000,2955.8000,2960.2000,1,1,1,1,1,1,3,2,1,5
SF,IH2006,2019-11-13 09:31:33.400,2949.4000,1345,0,884820.000,0,-,-,-,-,2949.2000,2949.0000,2948.2000,2948.0000,2945.0000,2951.8000,2952.0000,2954.0000,2955.0000,2955.8000,1,1,1,1,1,1,1,3,2,1
SF,IH2006,2019-11-13 09:31:33.900,2949.4000,1345,0,884820.000,0,-,-,-,-,2949.0000,2948.2000,2948.0000,2945.0000,2941.2000,2951.6000,2954.0000,2955.0000,2955.8000,2960.2000,1,1,1,1,5,1,3,2,1,5
SF,IH2006,2019-11-13 09:31:34.400,2949.4000,1345,0,884820.000,0,-,-,-,-,2949.0000,2948.0000,2945.0000,2941.2000,2940.8000,2951.6000,2954.0000,2955.0000,2955.8000,2960.2000,1,1,1,5,1,1,3,2,1,5
SF,IH2006,2019-11-13 09:31:34.900,2949.4000,1345,0,884820.000,0,-,-,-,-,2949.0000,2948.0000,2945.0000,2941.2000,2940.8000,2951.6000,2954.0000,2955.0000,2955.8000,2960.2000,2,1,1,5,1,1,3,2,1,5
SF,IH2006,2019-11-13 09:31:38.400,2949.4000,1345,0,884820.000,0,-,-,-,-,2949.0000,2948.0000,2945.0000,2941.2000,2940.8000,2951.6000,2954.0000,2955.0000,2955.8000,2960.2000,2,1,1,5,1,1,3,2,1,5
SF,IH2006,2019-11-13 09:31:40.900,2949.4000,1345,0,884820.000,0,-,-,-,-,2949.0000,2948.0000,2945.0000,2941.2000,2940.8000,2951.4000,2951.6000,2954.0000,2955.0000,2955.8000,2,1,1,5,1,1,2,3,2,1
SF,IH2006,2019-11-13 09:31:41.400,2949.4000,1345,0,884820.000,0,-,-,-,-,2949.0000,2948.0000,2945.0000,2941.2000,2940.8000,2951.2000,2951.4000,2951.6000,2954.0000,2955.0000,2,1,1,5,1,2,1,1,3,2
SF,IH2006,2019-11-13 09:31:41.900,2949.4000,1345,0,884820.000,0,-,-,-,-,2949.0000,2948.0000,2945.0000,2941.2000,2940.8000,2951.0000,2951.2000,2951.4000,2954.0000,2955.0000,2,1,1,5,1,1,2,1,3,2
SF,IH2006,2019-11-13 09:31:42.400,2949.4000,1345,0,884820.000,0,-,-,-,-,2949.0000,2948.0000,2945.0000,2941.2000,2940.8000,2950.8000,2951.4000,2954.0000,2955.0000,2955.8000,2,1,1,5,1,1,1,3,2,1
SF,IH2006,2019-11-13 09:31:49.400,2949.4000,1345,0,884820.000,0,-,-,-,-,2949.0000,2948.0000,2945.0000,2941.2000,2940.8000,2950.6000,2950.8000,2951.4000,2954.0000,2955.0000,2,1,1,5,1,1,1,1,3,2
SF,IH2006,2019-11-13 09:31:49.900,2949.4000,1345,0,884820.000,0,-,-,-,-,2949.0000,2948.0000,2945.0000,2941.2000,2940.8000,2950.4000,2950.6000,2951.4000,2954.0000,2955.0000,2,1,1,5,1,1,1,1,3,2
SF,IH2006,2019-11-13 09:31:50.400,2949.0000,1344,-1,2654220.000,2,0,2,多平,S,2948.0000,2945.0000,2941.2000,2940.8000,2914.8000,2950.4000,2950.6000,2951.4000,2954.0000,2955.0000,1,1,5,1,1,1,1,1,3,2
SF,IH2006,2019-11-13 09:31:50.900,2949.0000,1344,0,2654220.000,0,-,-,-,-,2948.0000,2945.0000,2941.2000,2940.8000,2914.8000,2950.2000,2950.4000,2950.6000,2951.4000,2954.0000,1,1,5,1,1,1,1,1,1,3
SF,IH2006,2019-11-13 09:31:51.400,2949.0000,1344,0,2654220.000,0,-,-,-,-,2948.0000,2945.0000,2941.2000,2940.8000,2914.8000,2950.0000,2950.2000,2950.6000,2951.4000,2954.0000,1,1,5,1,1,1,1,1,1,3
SF,IH2006,2019-11-13 09:31:51.900,2949.8000,1344,0,3539160.000,1,0,1,多换,S,2948.0000,2945.0000,2941.2000,2940.8000,2914.8000,2950.0000,2950.2000,2950.6000,2951.4000,2954.0000,1,1,5,1,1,1,1,1,1,3
SF,IH2006,2019-11-13 09:31:52.400,2949.8000,1344,0,3539160.000,0,-,-,-,-,2948.0000,2945.0000,2941.2000,2940.8000,2914.8000,2949.8000,2950.0000,2950.2000,2950.6000,2951.4000,1,1,5,1,1,2,1,1,1,1
SF,IH2006,2019-11-13 09:31:52.900,2949.8000,1344,0,3539160.000,0,-,-,-,-,2948.0000,2945.0000,2941.2000,2940.8000,2914.8000,2949.6000,2949.8000,2950.2000,2950.6000,2951.4000,1,1,5,1,1,1,2,1,1,1
SF,IH2006,2019-11-13 09:31:53.400,2948.0000,1344,0,4423560.000,1,0,1,多换,S,2945.0000,2941.2000,2940.8000,2914.8000,2903.6000,2948.0000,2949.4000,2949.6000,2949.8000,2950.2000,1,5,1,1,5,1,1,1,2,1
SF,IH2006,2019-11-13 09:31:53.900,2948.0000,1344,0,4423560.000,0,-,-,-,-,2945.4000,2945.2000,2945.0000,2941.2000,2940.8000,2948.0000,2949.4000,2949.8000,2950.2000,2950.6000,3,1,1,5,1,1,1,2,1,1
SF,IH2006,2019-11-13 09:31:54.400,2948.0000,1344,0,4423560.000,0,-,-,-,-,2945.6000,2945.4000,2945.0000,2941.2000,2940.8000,2949.4000,2949.8000,2950.2000,2950.6000,2951.4000,1,3,1,5,1,1,2,1,1,1
SF,IH2006,2019-11-13 09:31:54.900,2948.0000,1344,0,4423560.000,0,-,-,-,-,2945.6000,2945.0000,2941.2000,2940.8000,2914.8000,2949.2000,2949.8000,2950.2000,2950.6000,2951.4000,1,1,5,1,1,1,1,1,1,1
SF,IH2006,2019-11-13 09:31:55.400,2948.0000,1344,0,4423560.000,0,-,-,-,-,2946.0000,2945.6000,2945.0000,2941.2000,2940.8000,2949.2000,2949.8000,2950.2000,2950.6000,2951.4000,3,1,1,5,1,1,1,1,1,1
SF,IH2006,2019-11-13 09:31:55.900,2948.0000,1344,0,4423560.000,0,-,-,-,-,2946.2000,2946.0000,2945.0000,2941.2000,2940.8000,2949.2000,2949.8000,2950.2000,2950.6000,2951.4000,1,3,1,5,1,1,1,1,1,1
SF,IH2006,2019-11-13 09:31:56.400,2948.0000,1344,0,4423560.000,0,-,-,-,-,2946.2000,2945.0000,2941.2000,2940.8000,2914.8000,2949.2000,2949.8000,2950.2000,2950.6000,2951.4000,1,1,5,1,1,1,1,1,1,1
SF,IH2006,2019-11-13 09:31:56.900,2948.0000,1344,0,4423560.000,0,-,-,-,-,2946.4000,2946.2000,2945.0000,2941.2000,2940.8000,2949.2000,2949.8000,2950.2000,2950.6000,2951.4000,2,1,1,5,1,1,1,1,1,1
SF,IH2006,2019-11-13 09:32:01.900,2948.0000,1344,0,4423560.000,0,-,-,-,-,2946.4000,2946.2000,2945.0000,2941.2000,2940.8000,2949.0000,2949.2000,2950.2000,2950.6000,2951.4000,2,1,1,5,1,1,1,1,1,1
SF,IH2006,2019-11-13 09:32:02.400,2948.0000,1344,0,4423560.000,0,-,-,-,-,2945.0000,2941.2000,2940.8000,2914.8000,2903.6000,2948.6000,2949.0000,2950.2000,2950.6000,2951.4000,1,5,1,1,5,2,1,1,1,1
SF,IH2006,2019-11-13 09:32:02.900,2948.0000,1344,0,4423560.000,0,-,-,-,-,2945.2000,2945.0000,2941.2000,2940.8000,2914.8000,2948.4000,2948.6000,2949.0000,2950.2000,2950.6000,1,1,5,1,1,1,2,1,1,1
SF,IH2006,2019-11-13 09:32:03.400,2948.0000,1344,0,4423560.000,0,-,-,-,-,2945.2000,2945.0000,2941.2000,2940.8000,2914.8000,2948.2000,2948.4000,2949.0000,2950.2000,2950.6000,1,1,5,1,1,1,1,1,1,1
SF,IH2006,2019-11-13 09:32:06.400,2948.0000,1344,0,4423560.000,0,-,-,-,-,2945.2000,2945.0000,2941.2000,2940.8000,2914.8000,2948.0000,2948.2000,2948.4000,2949.0000,2950.2000,1,1,5,1,1,2,1,1,1,1
SF,IH2006,2019-11-13 09:32:06.900,2948.0000,1344,0,4423560.000,0,-,-,-,-,2945.2000,2945.0000,2941.2000,2940.8000,2914.8000,2947.8000,2948.0000,2948.4000,2949.0000,2950.2000,1,1,5,1,1,2,2,1,1,1
SF,IH2006,2019-11-13 09:32:07.400,2948.0000,1344,0,4423560.000,0,-,-,-,-,2945.2000,2945.0000,2941.2000,2940.8000,2914.8000,2947.6000,2947.8000,2948.0000,2948.4000,2949.0000,1,1,5,1,1,1,2,2,1,1
SF,IH2006,2019-11-13 09:32:07.900,2948.0000,1344,0,4423560.000,0,-,-,-,-,2945.2000,2945.0000,2941.2000,2940.8000,2914.8000,2947.4000,2948.0000,2948.4000,2949.0000,2950.2000,1,1,5,1,1,1,2,1,1,1
SF,IH2006,2019-11-13 09:32:11.400,2948.0000,1344,0,4423560.000,0,-,-,-,-,2945.2000,2945.0000,2941.2000,2940.8000,2914.8000,2947.2000,2947.4000,2948.0000,2948.4000,2949.0000,1,1,5,1,1,1,1,2,1,1
SF,IH2006,2019-11-13 09:32:11.900,2948.0000,1344,0,4423560.000,0,-,-,-,-,2945.2000,2945.0000,2941.2000,2940.8000,2914.8000,2948.0000,2948.4000,2949.0000,2950.2000,2952.6000,1,1,5,1,1,2,1,1,1,5
SF,IH2006,2019-11-13 09:32:12.400,2948.0000,1344,0,4423560.000,0,-,-,-,-,2945.2000,2945.0000,2941.2000,2940.8000,2914.8000,2947.8000,2948.0000,2948.4000,2949.0000,2950.2000,1,1,5,1,1,2,2,1,1,1
SF,IH2006,2019-11-13 09:32:12.900,2948.0000,1344,0,4423560.000,0,-,-,-,-,2945.2000,2945.0000,2941.2000,2940.8000,2914.8000,2947.6000,2947.8000,2948.0000,2948.4000,2949.0000,1,1,5,1,1,1,2,2,1,1
SF,IH2006,2019-11-13 09:32:13.400,2948.0000,1344,0,4423560.000,0,-,-,-,-,2945.2000,2945.0000,2941.2000,2940.8000,2914.8000,2947.4000,2947.6000,2948.0000,2948.4000,2949.0000,1,1,5,1,1,1,1,2,1,1
SF,IH2006,2019-11-13 09:32:13.900,2948.0000,1344,0,4423560.000,0,-,-,-,-,2945.2000,2945.0000,2941.2000,2940.8000,2933.2000,2947.2000,2947.4000,2947.6000,2948.0000,2948.4000,1,1,5,1,1,1,1,1,2,1
SF,IH2006,2019-11-13 09:32:14.400,2948.0000,1344,0,4423560.000,0,-,-,-,-,2945.2000,2945.0000,2941.2000,2940.8000,2933.2000,2947.0000,2947.6000,2948.0000,2948.4000,2949.0000,1,1,5,1,1,1,1,2,1,1
SF,IH2006,2019-11-13 09:32:15.400,2948.0000,1344,0,4423560.000,0,-,-,-,-,2945.2000,2945.0000,2941.2000,2940.8000,2933.2000,2947.0000,2947.6000,2948.0000,2948.4000,2949.0000,1,1,5,1,1,1,1,1,1,1
SF,IH2006,2019-11-13 09:32:16.900,2948.0000,1344,0,4423560.000,0,-,-,-,-,2945.2000,2945.0000,2941.2000,2933.2000,2931.8000,2947.0000,2947.6000,2948.0000,2948.4000,2949.0000,1,1,5,1,1,1,1,1,1,1
SF,IH2006,2019-11-13 09:32:17.400,2948.0000,1344,0,4423560.000,0,-,-,-,-,2945.2000,2945.0000,2941.2000,2933.2000,2931.8000,2947.0000,2947.6000,2948.0000,2948.4000,2949.0000,1,1,5,1,1,1,1,1,1,1
SF,IH2006,2019-11-13 09:32:18.900,2948.0000,1344,0,4423560.000,0,-,-,-,-,2945.2000,2945.0000,2941.2000,2933.2000,2931.8000,2947.0000,2948.0000,2948.4000,2949.0000,2952.6000,1,1,5,1,1,1,1,1,1,5
SF,IH2006,2019-11-13 09:32:19.400,2948.0000,1344,0,4423560.000,0,-,-,-,-,2945.2000,2945.0000,2941.2000,2933.2000,2931.8000,2948.0000,2948.4000,2949.0000,2952.6000,2954.0000,1,1,5,1,1,1,1,1,5,3
SF,IH2006,2019-11-13 09:32:19.900,2948.0000,1344,0,4423560.000,0,-,-,-,-,2945.2000,2945.0000,2941.2000,2933.2000,2931.8000,2947.8000,2948.0000,2948.4000,2949.0000,2952.6000,1,1,5,1,1,1,1,1,1,5
SF,IH2006,2019-11-13 09:32:20.400,2948.0000,1344,0,4423560.000,0,-,-,-,-,2945.2000,2945.0000,2941.2000,2933.2000,2931.8000,2947.8000,2948.0000,2948.4000,2949.0000,2952.6000,1,1,5,1,1,1,1,1,1,5
SF,IH2006,2019-11-13 09:32:20.900,2948.0000,1344,0,4423560.000,0,-,-,-,-,2945.2000,2945.0000,2941.2000,2933.2000,2931.8000,2947.6000,2947.8000,2948.0000,2948.4000,2949.0000,1,1,5,1,1,1,2,1,1,1
SF,IH2006,2019-11-13 09:32:21.400,2948.0000,1344,0,4423560.000,0,-,-,-,-,2945.2000,2945.0000,2941.2000,2933.2000,2931.8000,2947.8000,2948.0000,2948.4000,2949.0000,2952.6000,1,1,5,1,1,1,1,1,1,5
SF,IH2006,2019-11-13 09:32:21.900,2948.0000,1344,0,4423560.000,0,-,-,-,-,2945.2000,2945.0000,2941.2000,2933.2000,2931.8000,2947.6000,2947.8000,2948.0000,2948.4000,2949.0000,1,1,5,1,1,1,1,1,1,1
SF,IH2006,2019-11-13 09:32:29.400,2948.0000,1344,0,4423560.000,0,-,-,-,-,2945.2000,2945.0000,2941.2000,2933.2000,2931.8000,2947.4000,2947.6000,2947.8000,2948.0000,2948.4000,1,1,5,1,1,1,1,1,1,1
SF,IH2006,2019-11-13 09:32:29.900,2948.0000,1344,0,4423560.000,0,-,-,-,-,2945.2000,2945.0000,2941.2000,2933.2000,2931.8000,2947.2000,2947.4000,2947.8000,2948.0000,2948.4000,1,1,5,1,1,1,1,1,1,1
SF,IH2006,2019-11-13 09:32:33.900,2948.0000,1344,0,4423560.000,0,-,-,-,-,2945.2000,2945.0000,2941.2000,2933.2000,2931.8000,2947.2000,2947.8000,2948.0000,2948.4000,2949.0000,1,1,5,1,1,1,1,1,1,1
SF,IH2006,2019-11-13 09:32:58.400,2948.0000,1344,0,4423560.000,0,-,-,-,-,2945.2000,2945.0000,2941.2000,2933.2000,2931.8000,2947.2000,2948.0000,2948.4000,2949.0000,2952.6000,1,1,5,1,1,1,1,1,1,5
SF,IH2006,2019-11-13 09:33:05.400,2948.0000,1344,0,4423560.000,0,-,-,-,-,2945.4000,2945.2000,2945.0000,2941.2000,2933.2000,2947.2000,2948.0000,2948.4000,2949.0000,2952.6000,1,1,1,5,1,1,1,1,1,5
SF,IH2006,2019-11-13 09:33:05.900,2948.0000,1344,0,4423560.000,0,-,-,-,-,2945.6000,2945.4000,2945.0000,2941.2000,2933.2000,2948.4000,2949.0000,2952.6000,2954.0000,2955.0000,2,1,1,5,1,1,1,5,3,3
SF,IH2006,2019-11-13 09:33:06.400,2948.0000,1344,0,4423560.000,0,-,-,-,-,2945.6000,2945.4000,2945.0000,2941.2000,2933.2000,2948.2000,2948.4000,2949.0000,2952.6000,2954.0000,2,1,1,5,1,1,1,1,5,3
SF,IH2006,2019-11-13 09:33:07.900,2948.0000,1344,0,4423560.000,0,-,-,-,-,2945.8000,2945.6000,2945.4000,2945.0000,2941.2000,2948.2000,2948.4000,2949.0000,2952.6000,2954.0000,1,2,1,1,5,1,1,1,5,3
SF,IH2006,2019-11-13 09:33:08.400,2948.0000,1344,0,4423560.000,0,-,-,-,-,2946.0000,2945.8000,2945.4000,2945.0000,2941.2000,2954.0000,2955.0000,2956.4000,2972.0000,2972.8000,1,1,1,1,5,3,3,5,1,1
SF,IH2006,2019-11-13 09:33:08.900,2948.0000,1344,0,4423560.000,0,-,-,-,-,2946.0000,2945.8000,2945.4000,2945.0000,2941.2000,2949.8000,2951.6000,2952.0000,2952.8000,2953.8000,1,1,1,1,5,3,1,1,3,1
SF,IH2006,2019-11-13 09:33:09.400,2948.0000,1344,0,4423560.000,0,-,-,-,-,2946.2000,2946.0000,2945.8000,2945.4000,2945.0000,2949.6000,2949.8000,2951.6000,2952.0000,2954.0000,1,1,1,1,1,1,3,1,1,3
SF,IH2006,2019-11-13 09:33:09.900,2948.0000,1344,0,4423560.000,0,-,-,-,-,2946.4000,2946.2000,2945.8000,2945.4000,2945.0000,2949.6000,2951.6000,2952.0000,2954.0000,2955.0000,2,1,1,1,1,1,1,1,3,2
SF,IH2006,2019-11-13 09:33:10.400,2948.0000,1344,0,4423560.000,0,-,-,-,-,2946.4000,2946.2000,2945.8000,2945.4000,2945.0000,2949.4000,2949.6000,2951.6000,2952.0000,2954.0000,2,1,1,1,1,2,1,1,1,3
SF,IH2006,2019-11-13 09:33:10.900,2948.0000,1344,0,4423560.000,0,-,-,-,-,2946.6000,2946.4000,2946.2000,2945.8000,2945.0000,2949.2000,2949.4000,2949.6000,2951.6000,2952.0000,1,2,1,1,1,1,2,1,1,1
SF,IH2006,2019-11-13 09:33:11.400,2948.0000,1344,0,4423560.000,0,-,-,-,-,2946.8000,2946.6000,2946.2000,2945.8000,2945.0000,2949.2000,2949.6000,2951.6000,2952.0000,2954.0000,1,1,1,1,1,1,1,1,1,3
SF,IH2006,2019-11-13 09:33:11.900,2948.0000,1344,0,4423560.000,0,-,-,-,-,2946.8000,2946.6000,2946.2000,2945.8000,2945.0000,2949.0000,2949.2000,2949.6000,2951.6000,2952.0000,1,1,1,1,1,1,1,1,1,1
SF,IH2006,2019-11-13 09:33:15.400,2948.0000,1344,0,4423560.000,0,-,-,-,-,2946.8000,2946.2000,2945.8000,2945.0000,2941.2000,2948.8000,2949.0000,2949.2000,2949.6000,2951.6000,1,1,1,1,5,1,1,1,1,1
SF,IH2006,2019-11-13 09:33:15.900,2948.0000,1344,0,4423560.000,0,-,-,-,-,2946.2000,2945.8000,2945.0000,2941.2000,2933.2000,2948.6000,2948.8000,2949.2000,2949.6000,2951.6000,1,1,1,5,1,2,1,1,1,1
SF,IH2006,2019-11-13 09:33:16.400,2948.0000,1344,0,4423560.000,0,-,-,-,-,2945.8000,2945.0000,2941.2000,2933.2000,2931.8000,2948.4000,2948.6000,2948.8000,2949.2000,2949.6000,1,1,5,1,1,1,2,1,1,1
SF,IH2006,2019-11-13 09:33:16.900,2948.0000,1344,0,4423560.000,0,-,-,-,-,2946.0000,2945.8000,2945.0000,2941.2000,2933.2000,2948.4000,2948.8000,2949.2000,2949.6000,2951.6000,1,1,1,5,1,1,1,1,1,1
SF,IH2006,2019-11-13 09:33:17.400,2948.0000,1344,0,4423560.000,0,-,-,-,-,2946.0000,2945.8000,2945.0000,2941.2000,2933.2000,2948.2000,2948.4000,2948.8000,2949.2000,2949.6000,1,1,1,5,1,1,1,1,1,1
SF,IH2006,2019-11-13 09:33:18.900,2948.0000,1344,0,4423560.000,0,-,-,-,-,2946.0000,2945.8000,2945.0000,2941.2000,2933.2000,2948.2000,2948.8000,2949.2000,2949.6000,2951.6000,1,1,1,5,1,1,1,1,1,1
SF,IH2006,2019-11-13 09:33:20.900,2948.0000,1344,0,4423560.000,0,-,-,-,-,2946.0000,2945.0000,2941.2000,2933.2000,2931.8000,2948.2000,2948.8000,2949.2000,2949.6000,2951.6000,1,1,5,1,1,1,1,1,1,1
SF,IH2006,2019-11-13 09:33:22.400,2948.0000,1344,0,4423560.000,0,-,-,-,-,2946.0000,2945.0000,2941.2000,2933.2000,2931.8000,2948.0000,2948.2000,2948.8000,2949.2000,2949.6000,1,1,5,1,1,2,1,1,1,1
SF,IH2006,2019-11-13 09:33:22.900,2948.0000,1344,0,4423560.000,0,-,-,-,-,2945.0000,2941.2000,2933.2000,2931.8000,2930.0000,2947.8000,2948.0000,2948.8000,2949.2000,2949.6000,1,5,1,1,1,1,2,1,1,1
SF,IH2006,2019-11-13 09:33:23.400,2948.0000,1344,0,4423560.000,0,-,-,-,-,2945.2000,2945.0000,2941.2000,2933.2000,2931.8000,2947.6000,2947.8000,2948.0000,2948.8000,2949.2000,1,1,5,1,1,1,1,2,1,1
SF,IH2006,2019-11-13 09:33:23.900,2948.0000,1344,0,4423560.000,0,-,-,-,-,2945.0000,2941.2000,2933.2000,2931.8000,2930.0000,2947.4000,2947.6000,2948.0000,2948.8000,2949.2000,1,5,1,1,1,2,1,2,1,1
SF,IH2006,2019-11-13 09:33:24.400,2948.0000,1344,0,4423560.000,0,-,-,-,-,2945.0000,2941.2000,2933.2000,2931.8000,2930.0000,2947.2000,2947.4000,2947.6000,2948.0000,2948.8000,1,5,1,1,1,1,2,1,2,1
SF,IH2006,2019-11-13 09:33:24.900,2948.0000,1344,0,4423560.000,0,-,-,-,-,2945.0000,2941.2000,2933.2000,2931.8000,2930.0000,2947.0000,2947.2000,2947.6000,2948.0000,2948.8000,1,5,1,1,1,1,1,1,2,1
SF,IH2006,2019-11-13 09:33:25.400,2948.0000,1344,0,4423560.000,0,-,-,-,-,2945.0000,2941.2000,2933.2000,2931.8000,2930.0000,2946.8000,2947.2000,2947.6000,2948.0000,2948.8000,1,5,1,1,1,2,1,1,2,1
SF,IH2006,2019-11-13 09:33:25.900,2948.0000,1344,0,4423560.000,0,-,-,-,-,2945.0000,2941.2000,2933.2000,2931.8000,2930.0000,2946.8000,2947.2000,2947.6000,2948.0000,2948.8000,1,5,1,1,1,1,1,1,1,1
SF,IH2006,2019-11-13 09:33:30.900,2948.0000,1344,0,4423560.000,0,-,-,-,-,2945.0000,2941.2000,2933.2000,2931.8000,2930.0000,2946.8000,2948.0000,2948.8000,2951.6000,2952.0000,1,5,1,1,1,1,1,1,1,1
SF,IH2006,2019-11-13 09:33:31.400,2948.0000,1344,0,4423560.000,0,-,-,-,-,2945.2000,2945.0000,2941.2000,2933.2000,2931.8000,2948.8000,2951.6000,2952.0000,2954.0000,2955.0000,2,1,5,1,1,1,1,1,3,2
SF,IH2006,2019-11-13 09:33:31.900,2948.0000,1344,0,4423560.000,0,-,-,-,-,2945.4000,2945.2000,2945.0000,2941.2000,2933.2000,2948.6000,2948.8000,2951.6000,2952.0000,2954.0000,1,2,1,5,1,2,1,1,1,3
SF,IH2006,2019-11-13 09:33:32.400,2948.0000,1344,0,4423560.000,0,-,-,-,-,2945.6000,2945.0000,2941.2000,2933.2000,2931.8000,2948.6000,2948.8000,2951.6000,2952.0000,2954.0000,1,1,5,1,1,2,1,1,1,3
SF,IH2006,2019-11-13 09:33:33.400,2948.0000,1344,0,4423560.000,0,-,-,-,-,2945.6000,2945.0000,2941.2000,2933.2000,2931.8000,2948.4000,2948.6000,2948.8000,2951.6000,2952.0000,1,1,5,1,1,1,2,1,1,1
SF,IH2006,2019-11-13 09:33:33.900,2948.0000,1344,0,4423560.000,0,-,-,-,-,2945.6000,2945.0000,2941.2000,2933.2000,2931.8000,2948.2000,2948.4000,2948.8000,2951.6000,2952.0000,1,1,5,1,1,2,1,1,1,1
SF,IH2006,2019-11-13 09:33:34.400,2948.0000,1344,0,4423560.000,0,-,-,-,-,2945.6000,2945.0000,2941.2000,2933.2000,2931.8000,2948.0000,2948.2000,2948.4000,2948.8000,2951.6000,1,1,5,1,1,1,2,1,1,1
SF,IH2006,2019-11-13 09:33:34.900,2948.0000,1344,0,4423560.000,0,-,-,-,-,2945.6000,2945.0000,2941.2000,2933.2000,2931.8000,2947.8000,2948.0000,2948.2000,2948.4000,2948.8000,1,1,5,1,1,2,1,1,1,1
SF,IH2006,2019-11-13 09:33:35.400,2948.0000,1344,0,4423560.000,0,-,-,-,-,2945.6000,2945.0000,2941.2000,2933.2000,2931.8000,2947.6000,2947.8000,2948.0000,2948.2000,2948.4000,1,1,5,1,1,1,2,1,1,1
SF,IH2006,2019-11-13 09:33:35.900,2948.0000,1344,0,4423560.000,0,-,-,-,-,2945.6000,2945.0000,2941.2000,2933.2000,2931.8000,2947.4000,2948.0000,2948.2000,2948.4000,2948.8000,1,1,5,1,1,1,1,1,1,1
SF,IH2006,2019-11-13 09:33:41.400,2948.0000,1344,0,4423560.000,0,-,-,-,-,2945.6000,2945.0000,2941.2000,2933.2000,2931.8000,2947.2000,2947.4000,2948.0000,2948.4000,2948.8000,1,1,5,1,1,1,2,1,1,1
SF,IH2006,2019-11-13 09:33:41.900,2948.0000,1344,0,4423560.000,0,-,-,-,-,2945.0000,2941.2000,2933.2000,2931.8000,2930.0000,2947.0000,2947.2000,2947.4000,2948.0000,2948.4000,1,5,1,1,1,1,1,1,1,1
SF,IH2006,2019-11-13 09:33:44.900,2948.0000,1344,0,4423560.000,0,-,-,-,-,2946.0000,2945.0000,2941.2000,2933.2000,2931.8000,2947.0000,2947.2000,2947.4000,2948.0000,2948.4000,1,1,5,1,1,1,1,1,1,1
SF,IH2006,2019-11-13 09:33:45.400,2946.0000,1344,0,5307360.000,1,0,1,多换,S,2945.0000,2941.2000,2933.2000,2931.8000,2930.0000,2947.0000,2947.2000,2947.4000,2948.0000,2948.4000,1,5,1,1,1,1,1,1,1,1
SF,IH2006,2019-11-13 09:33:45.900,2946.0000,1344,0,5307360.000,0,-,-,-,-,2946.6000,2945.0000,2941.2000,2933.2000,2931.8000,2947.0000,2947.2000,2947.4000,2948.0000,2948.4000,1,1,5,1,1,1,1,1,1,1
SF,IH2006,2019-11-13 09:33:46.400,2946.6000,1344,0,6191340.000,1,0,1,多换,S,2945.0000,2941.2000,2933.2000,2931.8000,2930.0000,2947.0000,2947.2000,2947.4000,2948.0000,2948.4000,1,5,1,1,1,1,1,1,1,1
SF,IH2006,2019-11-13 09:33:46.900,2946.6000,1344,0,6191340.000,0,-,-,-,-,2945.2000,2945.0000,2941.2000,2933.2000,2931.8000,2947.2000,2947.4000,2948.0000,2948.4000,2948.8000,1,1,5,1,1,1,1,1,1,1
SF,IH2006,2019-11-13 09:33:59.400,2945.2000,1344,0,7074900.000,1,0,1,多换,S,2945.0000,2941.2000,2933.2000,2931.8000,2930.0000,2947.2000,2947.4000,2948.0000,2948.4000,2948.8000,1,5,1,1,1,1,1,1,1,1
SF,IH2006,2019-11-13 09:34:02.900,2945.2000,1344,0,7074900.000,0,-,-,-,-,2945.2000,2945.0000,2941.2000,2933.2000,2931.8000,2948.0000,2948.4000,2948.8000,2951.6000,2952.0000,1,1,5,1,1,1,1,1,1,1
SF,IH2006,2019-11-13 09:34:03.400,2945.2000,1344,0,7074900.000,0,-,-,-,-,2945.8000,2945.4000,2945.2000,2945.0000,2941.2000,2947.8000,2948.0000,2948.4000,2948.8000,2951.6000,1,1,1,1,5,1,1,1,1,1
SF,IH2006,2019-11-13 09:34:03.900,2945.2000,1344,0,7074900.000,0,-,-,-,-,2945.8000,2945.2000,2945.0000,2941.2000,2933.2000,2947.6000,2948.0000,2948.4000,2948.8000,2951.6000,1,1,1,5,1,1,1,1,1,1
SF,IH2006,2019-11-13 09:34:06.900,2945.2000,1344,0,7074900.000,0,-,-,-,-,2945.8000,2945.2000,2945.0000,2941.2000,2933.2000,2947.6000,2948.4000,2948.8000,2951.6000,2952.0000,1,1,1,5,1,1,1,1,1,1
SF,IH2006,2019-11-13 09:34:07.400,2945.2000,1344,0,7074900.000,0,-,-,-,-,2946.0000,2945.8000,2945.2000,2945.0000,2941.2000,2948.4000,2948.8000,2951.6000,2952.0000,2954.0000,1,1,1,1,5,1,1,1,1,3
SF,IH2006,2019-11-13 09:34:07.900,2945.2000,1344,0,7074900.000,0,-,-,-,-,2946.0000,2945.8000,2945.2000,2945.0000,2941.2000,2948.2000,2948.4000,2948.8000,2951.6000,2952.0000,1,1,1,1,5,2,1,1,1,1
SF,IH2006,2019-11-13 09:34:08.400,2945.2000,1344,0,7074900.000,0,-,-,-,-,2946.0000,2945.8000,2945.2000,2945.0000,2941.2000,2948.2000,2948.4000,2948.8000,2951.6000,2952.0000,1,1,1,1,5,1,1,1,1,1
SF,IH2006,2019-11-13 09:34:13.900,2945.2000,1344,0,7074900.000,0,-,-,-,-,2946.0000,2945.8000,2945.2000,2945.0000,2941.2000,2948.2000,2948.8000,2951.6000,2952.0000,2954.0000,1,1,1,1,5,1,1,1,1,3
SF,IH2006,2019-11-13 09:34:14.400,2945.2000,1344,0,7074900.000,0,-,-,-,-,2946.2000,2946.0000,2945.8000,2945.4000,2945.2000,2948.2000,2948.8000,2951.6000,2952.0000,2954.0000,1,1,1,1,1,1,1,1,1,3
SF,IH2006,2019-11-13 09:34:14.900,2945.2000,1344,0,7074900.000,0,-,-,-,-,2946.4000,2946.2000,2945.4000,2945.2000,2945.0000,2948.2000,2948.8000,2951.6000,2952.0000,2954.0000,1,1,1,1,1,1,1,1,1,3
SF,IH2006,2019-11-13 09:34:15.400,2945.2000,1344,0,7074900.000,0,-,-,-,-,2946.6000,2946.4000,2946.2000,2945.4000,2945.2000,2948.2000,2948.8000,2951.6000,2952.0000,2954.0000,1,1,1,1,1,1,1,1,1,3
SF,IH2006,2019-11-13 09:34:15.900,2945.2000,1344,0,7074900.000,0,-,-,-,-,2946.6000,2946.2000,2945.4000,2945.2000,2945.0000,2948.2000,2948.8000,2951.6000,2952.0000,2954.0000,1,1,1,1,1,1,1,1,1,3
SF,IH2006,2019-11-13 09:34:18.900,2945.2000,1344,0,7074900.000,0,-,-,-,-,2946.6000,2945.4000,2945.2000,2945.0000,2941.2000,2948.0000,2948.2000,2948.8000,2951.6000,2952.0000,1,1,1,1,5,1,1,1,1,1
SF,IH2006,2019-11-13 09:34:19.400,2945.2000,1344,0,7074900.000,0,-,-,-,-,2945.4000,2945.2000,2945.0000,2941.2000,2933.2000,2947.8000,2948.0000,2948.8000,2951.6000,2952.0000,1,1,1,5,1,2,1,1,1,1
SF,IH2006,2019-11-13 09:34:19.900,2945.2000,1344,0,7074900.000,0,-,-,-,-,2945.4000,2945.2000,2945.0000,2941.2000,2933.2000,2947.6000,2947.8000,2948.0000,2948.8000,2951.6000,1,1,1,5,1,1,2,1,1,1
SF,IH2006,2019-11-13 09:34:20.400,2945.2000,1344,0,7074900.000,0,-,-,-,-,2945.6000,2945.4000,2945.2000,2945.0000,2941.2000,2947.8000,2948.0000,2948.8000,2951.6000,2952.0000,1,1,1,1,5,1,1,1,1,1
SF,IH2006,2019-11-13 09:34:20.900,2945.2000,1344,0,7074900.000,0,-,-,-,-,2945.6000,2945.4000,2945.2000,2945.0000,2941.2000,2947.6000,2947.8000,2948.8000,2951.6000,2952.0000,1,1,1,1,5,1,1,1,1,1
SF,IH2006,2019-11-13 09:34:30.900,2945.2000,1344,0,7074900.000,0,-,-,-,-,2945.6000,2945.4000,2945.0000,2941.2000,2933.2000,2947.6000,2947.8000,2948.8000,2951.6000,2952.0000,1,1,1,5,1,1,1,1,1,1
SF,IH2006,2019-11-13 09:34:31.400,2945.2000,1344,0,7074900.000,0,-,-,-,-,2945.4000,2945.0000,2941.2000,2933.2000,2931.8000,2947.6000,2947.8000,2948.8000,2951.6000,2952.0000,1,1,5,1,1,1,1,1,1,1
SF,IH2006,2019-11-13 09:34:34.400,2945.2000,1344,0,7074900.000,0,-,-,-,-,2945.4000,2945.0000,2941.2000,2933.2000,2931.8000,2947.4000,2947.6000,2947.8000,2948.8000,2951.6000,1,1,5,1,1,1,1,1,1,1
SF,IH2006,2019-11-13 09:34:34.900,2945.2000,1344,0,7074900.000,0,-,-,-,-,2945.4000,2945.0000,2941.2000,2933.2000,2931.8000,2947.2000,2947.4000,2948.8000,2951.6000,2952.0000,1,1,5,1,1,1,1,1,1,1
SF,IH2006,2019-11-13 09:34:36.900,2945.2000,1344,0,7074900.000,0,-,-,-,-,2945.4000,2945.0000,2941.2000,2933.2000,2931.8000,2947.2000,2948.8000,2951.6000,2952.0000,2954.0000,1,1,5,1,1,1,1,1,1,3
SF,IH2006,2019-11-13 09:34:37.400,2945.2000,1344,0,7074900.000,0,-,-,-,-,2945.6000,2945.4000,2945.0000,2941.2000,2933.2000,2947.2000,2948.8000,2951.6000,2952.0000,2954.0000,2,1,1,5,1,1,1,1,1,3
SF,IH2006,2019-11-13 09:34:50.900,2945.2000,1344,0,7074900.000,0,-,-,-,-,2945.8000,2945.6000,2945.0000,2941.2000,2933.2000,2947.2000,2948.8000,2951.6000,2952.0000,2954.0000,1,2,1,5,1,1,1,1,1,3
SF,IH2006,2019-11-13 09:34:51.400,2945.2000,1344,0,7074900.000,0,-,-,-,-,2945.8000,2945.6000,2945.0000,2941.2000,2933.2000,2948.8000,2951.6000,2952.0000,2954.0000,2955.0000,1,1,1,5,1,1,1,1,3,2
SF,IH2006,2019-11-13 09:34:51.900,2945.2000,1344,0,7074900.000,0,-,-,-,-,2945.8000,2945.6000,2945.0000,2941.2000,2933.2000,2948.6000,2948.8000,2951.6000,2952.0000,2954.0000,1,1,1,5,1,2,1,1,1,3
SF,IH2006,2019-11-13 09:34:52.400,2945.2000,1344,0,7074900.000,0,-,-,-,-,2946.0000,2945.8000,2945.6000,2945.0000,2941.2000,2948.2000,2948.4000,2948.6000,2948.8000,2951.6000,1,1,1,1,5,1,1,2,1,1
SF,IH2006,2019-11-13 09:34:52.900,2945.2000,1344,0,7074900.000,0,-,-,-,-,2946.0000,2945.8000,2945.6000,2945.0000,2941.2000,2948.4000,2948.8000,2951.6000,2952.0000,2954.0000,1,1,1,1,5,1,1,1,1,3
SF,IH2006,2019-11-13 09:34:53.400,2945.2000,1344,0,7074900.000,0,-,-,-,-,2946.0000,2945.8000,2945.0000,2941.2000,2933.2000,2948.4000,2948.8000,2951.6000,2952.0000,2954.0000,1,1,1,5,1,1,1,1,1,3
SF,IH2006,2019-11-13 09:34:53.900,2945.2000,1344,0,7074900.000,0,-,-,-,-,2946.4000,2946.0000,2945.8000,2945.0000,2941.2000,2948.4000,2948.8000,2951.6000,2952.0000,2954.0000,1,1,1,1,5,1,1,1,1,3
SF,IH2006,2019-11-13 09:34:54.400,2945.2000,1344,0,7074900.000,0,-,-,-,-,2946.6000,2946.4000,2945.8000,2945.0000,2941.2000,2948.4000,2948.8000,2951.6000,2952.0000,2954.0000,1,1,1,1,5,1,1,1,1,3
SF,IH2006,2019-11-13 09:34:54.900,2945.2000,1344,0,7074900.000,0,-,-,-,-,2946.6000,2946.4000,2945.8000,2945.0000,2941.2000,2948.8000,2951.6000,2952.0000,2954.0000,2955.0000,1,1,1,1,5,1,1,1,3,2
SF,IH2006,2019-11-13 09:34:55.400,2945.2000,1344,0,7074900.000,0,-,-,-,-,2946.6000,2946.4000,2945.8000,2945.0000,2941.2000,2951.6000,2952.0000,2954.0000,2955.0000,2956.4000,1,1,1,1,5,1,1,3,2,5
SF,IH2006,2019-11-13 09:34:55.900,2945.2000,1344,0,7074900.000,0,-,-,-,-,2946.6000,2946.4000,2945.8000,2945.0000,2941.2000,2949.8000,2951.6000,2952.0000,2954.0000,2955.0000,1,1,1,1,5,2,1,1,3,2
SF,IH2006,2019-11-13 09:34:56.400,2945.2000,1344,0,7074900.000,0,-,-,-,-,2946.6000,2946.4000,2945.8000,2945.0000,2941.2000,2948.8000,2949.6000,2949.8000,2951.6000,2952.0000,1,1,1,1,5,1,1,2,1,1
SF,IH2006,2019-11-13 09:34:56.900,2945.2000,1344,0,7074900.000,0,-,-,-,-,2946.6000,2946.4000,2945.8000,2945.0000,2941.2000,2948.6000,2949.6000,2951.6000,2952.0000,2954.0000,1,1,1,1,5,1,1,1,1,3
SF,IH2006,2019-11-13 09:34:57.400,2945.2000,1344,0,7074900.000,0,-,-,-,-,2946.6000,2946.4000,2945.8000,2945.0000,2941.2000,2948.4000,2948.6000,2949.6000,2951.6000,2952.0000,1,1,1,1,5,2,1,1,1,1
SF,IH2006,2019-11-13 09:34:57.900,2945.2000,1344,0,7074900.000,0,-,-,-,-,2946.6000,2946.4000,2945.8000,2945.0000,2941.2000,2948.4000,2948.6000,2949.6000,2951.6000,2952.0000,1,1,1,1,5,1,1,1,1,1
SF,IH2006,2019-11-13 09:34:58.400,2945.2000,1344,0,7074900.000,0,-,-,-,-,2946.6000,2946.4000,2945.8000,2945.0000,2941.2000,2948.2000,2948.4000,2948.6000,2949.6000,2951.6000,1,1,1,1,5,1,1,1,1,1
SF,IH2006,2019-11-13 09:34:58.900,2945.2000,1344,0,7074900.000,0,-,-,-,-,2945.8000,2945.0000,2941.2000,2933.2000,2931.8000,2948.0000,2948.6000,2949.6000,2951.6000,2952.0000,1,1,5,1,1,1,1,1,1,1
SF,IH2006,2019-11-13 09:34:59.400,2945.2000,1344,0,7074900.000,0,-,-,-,-,2946.0000,2945.8000,2945.0000,2941.2000,2933.2000,2948.0000,2948.6000,2949.6000,2951.6000,2952.0000,2,1,1,5,1,1,1,1,1,1
SF,IH2006,2019-11-13 09:35:00.900,2945.2000,1344,0,7074900.000,0,-,-,-,-,2946.0000,2945.8000,2945.0000,2941.2000,2933.2000,2948.0000,2949.6000,2951.6000,2952.0000,2954.0000,2,1,1,5,1,1,1,1,1,3
SF,IH2006,2019-11-13 09:35:01.400,2945.2000,1344,0,7074900.000,0,-,-,-,-,2946.2000,2946.0000,2945.8000,2945.0000,2941.2000,2949.6000,2951.6000,2952.0000,2954.0000,2955.0000,1,2,1,1,5,1,1,1,3,2
SF,IH2006,2019-11-13 09:35:01.900,2945.2000,1344,0,7074900.000,0,-,-,-,-,2946.4000,2946.2000,2946.0000,2945.8000,2945.0000,2949.0000,2949.6000,2951.6000,2952.0000,2954.0000,1,1,1,1,1,1,1,1,1,3
SF,IH2006,2019-11-13 09:35:02.400,2945.2000,1344,0,7074900.000,0,-,-,-,-,2946.4000,2946.2000,2945.8000,2945.0000,2941.2000,2949.6000,2951.6000,2952.0000,2954.0000,2955.0000,1,1,1,1,5,1,1,1,3,2
SF,IH2006,2019-11-13 09:35:02.900,2945.2000,1344,0,7074900.000,0,-,-,-,-,2946.8000,2946.6000,2946.4000,2946.2000,2945.8000,2949.2000,2949.4000,2949.6000,2951.6000,2952.0000,1,1,1,1,1,1,1,1,1,1
SF,IH2006,2019-11-13 09:35:03.400,2945.2000,1344,0,7074900.000,0,-,-,-,-,2947.0000,2946.8000,2946.6000,2946.2000,2945.8000,2949.6000,2951.6000,2952.0000,2954.0000,2955.0000,1,1,1,1,1,1,1,1,3,2
SF,IH2006,2019-11-13 09:35:03.900,2945.2000,1344,0,7074900.000,0,-,-,-,-,2947.0000,2946.8000,2946.6000,2946.2000,2945.8000,2949.2000,2949.4000,2949.6000,2951.6000,2952.0000,1,1,1,1,1,1,1,1,1,1
SF,IH2006,2019-11-13 09:35:04.400,2945.2000,1344,0,7074900.000,0,-,-,-,-,2947.0000,2946.8000,2946.6000,2946.2000,2945.8000,2949.0000,2949.6000,2951.6000,2952.0000,2954.0000,1,1,1,1,1,2,1,1,1,3
SF,IH2006,2019-11-13 09:35:04.900,2945.2000,1344,0,7074900.000,0,-,-,-,-,2947.0000,2946.8000,2946.6000,2946.2000,2945.8000,2948.8000,2949.0000,2949.6000,2951.6000,2952.0000,1,1,1,1,1,1,2,1,1,1
SF,IH2006,2019-11-13 09:35:05.400,2945.2000,1344,0,7074900.000,0,-,-,-,-,2947.0000,2946.8000,2946.6000,2946.2000,2945.8000,2949.0000,2949.6000,2951.6000,2952.0000,2954.0000,1,1,1,1,1,1,1,1,1,3
SF,IH2006,2019-11-13 09:35:05.900,2945.2000,1344,0,7074900.000,0,-,-,-,-,2946.2000,2945.8000,2945.0000,2941.2000,2933.2000,2948.6000,2948.8000,2949.0000,2949.6000,2951.6000,1,1,1,5,1,1,1,1,1,1
SF,IH2006,2019-11-13 09:35:06.400,2945.2000,1344,0,7074900.000,0,-,-,-,-,2946.4000,2946.2000,2945.8000,2945.0000,2941.2000,2947.8000,2948.6000,2949.0000,2949.6000,2951.6000,1,1,1,1,5,1,1,1,1,1
SF,IH2006,2019-11-13 09:35:11.400,2947.8000,1343,-1,7959240.000,1,0,1,双平,S,2947.8000,2946.4000,2946.2000,2945.8000,2945.0000,2948.6000,2949.0000,2949.6000,2951.6000,2952.0000,1,1,1,1,1,1,1,1,1,1
SF,IH2006,2019-11-13 09:35:11.900,2947.8000,1343,0,7959240.000,0,-,-,-,-,2947.8000,2946.2000,2945.8000,2945.0000,2941.2000,2948.6000,2949.0000,2949.6000,2951.6000,2952.0000,1,1,1,1,5,1,1,1,1,1
SF,IH2006,2019-11-13 09:35:12.400,2947.8000,1343,0,7959240.000,0,-,-,-,-,2946.2000,2945.8000,2945.0000,2941.2000,2933.2000,2949.0000,2949.6000,2951.6000,2952.0000,2954.0000,1,1,1,5,1,1,1,1,1,3
SF,IH2006,2019-11-13 09:35:12.900,2947.8000,1343,0,7959240.000,0,-,-,-,-,2946.4000,2946.2000,2945.8000,2945.0000,2941.2000,2948.8000,2949.0000,2949.6000,2951.6000,2952.0000,2,1,1,1,5,1,1,1,1,1
SF,IH2006,2019-11-13 09:35:14.900,2947.8000,1343,0,7959240.000,0,-,-,-,-,2946.4000,2946.2000,2945.8000,2945.0000,2941.2000,2948.8000,2949.6000,2951.6000,2952.0000,2954.0000,2,1,1,1,5,1,1,1,1,3
SF,IH2006,2019-11-13 09:35:15.400,2947.8000,1343,0,7959240.000,0,-,-,-,-,2946.4000,2946.2000,2945.8000,2945.0000,2941.2000,2948.6000,2948.8000,2949.6000,2951.6000,2952.0000,2,1,1,1,5,1,1,1,1,1
SF,IH2006,2019-11-13 09:35:15.900,2947.8000,1343,0,7959240.000,0,-,-,-,-,2946.4000,2946.2000,2945.8000,2945.0000,2941.2000,2948.8000,2949.6000,2951.6000,2952.0000,2954.0000,2,1,1,1,5,1,1,1,1,3
SF,IH2006,2019-11-13 09:35:16.900,2947.8000,1343,0,7959240.000,0,-,-,-,-,2946.6000,2946.4000,2946.2000,2945.8000,2945.0000,2948.8000,2949.6000,2951.6000,2952.0000,2954.0000,1,2,1,1,1,1,1,1,1,3
SF,IH2006,2019-11-13 09:35:17.400,2947.8000,1343,0,7959240.000,0,-,-,-,-,2946.6000,2946.2000,2945.8000,2945.0000,2941.2000,2948.8000,2949.6000,2951.6000,2952.0000,2954.0000,1,1,1,1,5,1,1,1,1,3
SF,IH2006,2019-11-13 09:35:17.900,2947.8000,1343,0,7959240.000,0,-,-,-,-,2946.8000,2946.6000,2946.2000,2945.8000,2945.0000,2948.8000,2949.6000,2951.6000,2952.0000,2954.0000,1,1,1,1,1,1,1,1,1,3
SF,IH2006,2019-11-13 09:35:23.400,2947.8000,1343,0,7959240.000,0,-,-,-,-,2946.8000,2946.2000,2945.8000,2945.0000,2941.2000,2948.8000,2949.6000,2951.6000,2952.0000,2954.0000,1,1,1,1,5,1,1,1,1,3
SF,IH2006,2019-11-13 09:35:23.900,2947.8000,1343,0,7959240.000,0,-,-,-,-,2946.8000,2946.2000,2945.8000,2945.0000,2941.2000,2948.6000,2948.8000,2949.6000,2951.6000,2952.0000,1,1,1,1,5,1,1,1,1,1
SF,IH2006,2019-11-13 09:35:29.900,2947.8000,1343,0,7959240.000,0,-,-,-,-,2946.8000,2945.8000,2945.0000,2941.2000,2933.2000,2948.4000,2948.6000,2948.8000,2949.6000,2951.6000,1,1,1,5,1,1,1,1,1,1
SF,IH2006,2019-11-13 09:35:30.400,2947.8000,1343,0,7959240.000,0,-,-,-,-,2945.8000,2945.0000,2941.2000,2933.2000,2931.8000,2948.2000,2948.4000,2949.6000,2951.6000,2952.0000,1,1,5,1,1,1,1,1,1,1
SF,IH2006,2019-11-13 09:35:30.900,2947.8000,1343,0,7959240.000,0,-,-,-,-,2946.0000,2945.8000,2945.0000,2941.2000,2933.2000,2948.0000,2948.2000,2948.4000,2949.6000,2951.6000,2,1,1,5,1,1,1,1,1,1
SF,IH2006,2019-11-13 09:35:31.400,2947.8000,1343,0,7959240.000,0,-,-,-,-,2946.0000,2945.8000,2945.0000,2941.2000,2933.2000,2948.4000,2949.6000,2951.6000,2952.0000,2954.0000,2,1,1,5,1,1,1,1,1,3
SF,IH2006,2019-11-13 09:35:31.900,2947.8000,1343,0,7959240.000,0,-,-,-,-,2946.0000,2945.8000,2945.0000,2941.2000,2933.2000,2948.2000,2948.4000,2949.6000,2951.6000,2952.0000,2,1,1,5,1,2,1,1,1,1
SF,IH2006,2019-11-13 09:35:32.400,2947.8000,1343,0,7959240.000,0,-,-,-,-,2946.0000,2945.8000,2945.0000,2941.2000,2933.2000,2948.2000,2948.4000,2949.6000,2951.6000,2952.0000,2,1,1,5,1,1,1,1,1,1
SF,IH2006,2019-11-13 09:35:32.900,2947.8000,1343,0,7959240.000,0,-,-,-,-,2946.0000,2945.8000,2945.0000,2941.2000,2933.2000,2948.0000,2948.2000,2948.4000,2949.6000,2951.6000,2,1,1,5,1,1,1,1,1,1
SF,IH2006,2019-11-13 09:35:33.400,2947.8000,1343,0,7959240.000,0,-,-,-,-,2946.0000,2945.8000,2945.0000,2941.2000,2933.2000,2947.8000,2948.4000,2949.6000,2951.6000,2952.0000,2,1,1,5,1,1,1,1,1,1
SF,IH2006,2019-11-13 09:35:33.900,2947.8000,1343,0,7959240.000,0,-,-,-,-,2946.0000,2945.8000,2945.0000,2941.2000,2933.2000,2947.6000,2947.8000,2948.4000,2949.6000,2951.6000,1,1,1,5,1,1,1,1,1,1
SF,IH2006,2019-11-13 09:35:34.400,2947.8000,1343,0,7959240.000,0,-,-,-,-,2945.8000,2945.0000,2941.2000,2933.2000,2931.8000,2947.4000,2947.6000,2948.4000,2949.6000,2951.6000,1,1,5,1,1,1,1,1,1,1
SF,IH2006,2019-11-13 09:35:35.900,2947.8000,1343,0,7959240.000,0,-,-,-,-,2945.8000,2945.0000,2941.2000,2933.2000,2931.8000,2947.2000,2947.4000,2947.6000,2948.4000,2949.6000,1,1,5,1,1,1,1,1,1,1
SF,IH2006,2019-11-13 09:35:36.400,2947.8000,1343,0,7959240.000,0,-,-,-,-,2945.8000,2945.0000,2941.2000,2933.2000,2931.8000,2947.0000,2947.2000,2948.4000,2949.6000,2951.6000,1,1,5,1,1,1,2,1,1,1
SF,IH2006,2019-11-13 09:35:36.900,2947.8000,1343,0,7959240.000,0,-,-,-,-,2945.8000,2945.0000,2941.2000,2933.2000,2931.8000,2946.8000,2947.0000,2947.2000,2948.4000,2949.6000,1,1,5,1,1,1,1,2,1,1
SF,IH2006,2019-11-13 09:35:37.400,2947.8000,1343,0,7959240.000,0,-,-,-,-,2945.8000,2945.0000,2941.2000,2933.2000,2931.8000,2946.8000,2947.2000,2948.4000,2949.6000,2951.6000,1,1,5,1,1,1,2,1,1,1
SF,IH2006,2019-11-13 09:35:39.400,2947.8000,1343,0,7959240.000,0,-,-,-,-,2945.8000,2945.0000,2941.2000,2933.2000,2931.8000,2946.8000,2947.2000,2948.4000,2949.6000,2949.8000,1,1,5,1,1,1,2,1,1,1
SF,IH2006,2019-11-13 09:35:39.900,2947.8000,1343,0,7959240.000,0,-,-,-,-,2945.8000,2945.0000,2941.2000,2933.2000,2931.8000,2946.6000,2946.8000,2947.2000,2948.4000,2949.6000,1,1,5,1,1,1,1,2,1,1
SF,IH2006,2019-11-13 09:35:40.400,2946.6000,1341,-2,9726960.000,2,0,2,双平,S,2945.0000,2937.4000,2933.2000,2931.8000,2930.0000,2946.6000,2946.8000,2947.2000,2948.4000,2949.6000,1,5,1,1,1,1,1,1,1,1
SF,IH2006,2019-11-13 09:35:42.400,2946.6000,1341,0,9726960.000,0,-,-,-,-,2945.0000,2937.4000,2933.2000,2931.8000,2930.0000,2946.4000,2946.6000,2946.8000,2947.2000,2948.4000,1,5,1,1,1,1,1,1,1,1
SF,IH2006,2019-11-13 09:35:42.900,2946.6000,1341,0,9726960.000,0,-,-,-,-,2945.0000,2937.4000,2933.2000,2931.8000,2930.0000,2946.2000,2946.4000,2946.6000,2947.2000,2948.4000,1,5,1,1,1,1,1,1,1,1
SF,IH2006,2019-11-13 09:35:43.400,2946.6000,1341,0,9726960.000,0,-,-,-,-,2945.0000,2937.4000,2933.2000,2931.8000,2930.0000,2946.0000,2946.2000,2946.4000,2946.6000,2947.2000,1,5,1,1,1,1,1,1,1,1
SF,IH2006,2019-11-13 09:35:43.900,2946.6000,1341,0,9726960.000,0,-,-,-,-,2945.0000,2937.4000,2933.2000,2931.8000,2930.0000,2946.0000,2946.4000,2946.6000,2947.2000,2948.4000,1,5,1,1,1,1,1,1,1,1
SF,IH2006,2019-11-13 09:35:45.900,2946.6000,1341,0,9726960.000,0,-,-,-,-,2945.0000,2937.4000,2933.2000,2931.8000,2930.0000,2945.8000,2946.0000,2946.4000,2946.6000,2947.2000,1,5,1,1,1,1,1,1,1,1
SF,IH2006,2019-11-13 09:35:47.400,2946.6000,1341,0,9726960.000,0,-,-,-,-,2945.0000,2937.4000,2933.2000,2931.8000,2930.0000,2945.8000,2946.0000,2946.4000,2947.2000,2948.4000,1,5,1,1,1,1,1,1,1,1
SF,IH2006,2019-11-13 09:35:48.900,2946.6000,1341,0,9726960.000,0,-,-,-,-,2945.0000,2937.4000,2933.2000,2931.8000,2930.0000,2946.0000,2946.4000,2947.2000,2948.4000,2949.8000,1,5,1,1,1,1,1,1,1,1
SF,IH2006,2019-11-13 09:35:50.400,2946.6000,1341,0,9726960.000,0,-,-,-,-,2945.0000,2937.4000,2933.2000,2931.8000,2930.0000,2946.0000,2947.2000,2948.4000,2949.8000,2951.6000,1,5,1,1,1,1,1,1,1,1
SF,IH2006,2019-11-13 09:35:50.900,2946.6000,1341,0,9726960.000,0,-,-,-,-,2945.2000,2945.0000,2937.4000,2933.2000,2931.8000,2947.2000,2948.4000,2949.8000,2951.6000,2952.0000,1,1,5,1,1,1,1,1,1,1
SF,IH2006,2019-11-13 09:35:51.400,2946.6000,1341,0,9726960.000,0,-,-,-,-,2945.0000,2937.4000,2933.2000,2931.8000,2930.0000,2946.4000,2947.0000,2947.2000,2948.4000,2949.8000,1,5,1,1,1,1,5,1,1,1
SF,IH2006,2019-11-13 09:35:51.900,2946.6000,1341,0,9726960.000,0,-,-,-,-,2945.0000,2937.4000,2933.2000,2931.8000,2930.0000,2946.2000,2946.4000,2947.0000,2947.2000,2948.4000,1,5,1,1,1,1,1,2,1,1
SF,IH2006,2019-11-13 09:35:52.900,2946.6000,1341,0,9726960.000,0,-,-,-,-,2945.0000,2937.4000,2933.2000,2931.8000,2930.0000,2946.4000,2947.0000,2947.2000,2948.4000,2949.8000,1,5,1,1,1,1,1,1,1,1
SF,IH2006,2019-11-13 09:35:53.400,2946.6000,1341,0,9726960.000,0,-,-,-,-,2945.2000,2945.0000,2937.4000,2933.2000,2931.8000,2947.0000,2947.2000,2948.4000,2949.8000,2951.6000,1,1,5,1,1,1,1,1,1,1
SF,IH2006,2019-11-13 09:35:53.900,2946.6000,1341,0,9726960.000,0,-,-,-,-,2945.2000,2945.0000,2937.4000,2933.2000,2931.8000,2946.8000,2947.0000,2947.2000,2948.4000,2949.8000,1,1,5,1,1,1,1,1,1,1
SF,IH2006,2019-11-13 09:35:54.400,2946.6000,1341,0,9726960.000,0,-,-,-,-,2945.4000,2945.2000,2945.0000,2937.4000,2933.2000,2947.0000,2947.2000,2948.4000,2949.8000,2951.6000,1,1,1,5,1,1,1,1,1,1
SF,IH2006,2019-11-13 09:35:54.900,2946.6000,1341,0,9726960.000,0,-,-,-,-,2945.6000,2945.4000,2945.0000,2937.4000,2933.2000,2947.0000,2947.2000,2948.4000,2949.8000,2951.6000,1,1,1,5,1,1,1,1,1,1
SF,IH2006,2019-11-13 09:35:55.400,2946.6000,1341,0,9726960.000,0,-,-,-,-,2945.6000,2945.4000,2945.0000,2937.4000,2933.2000,2947.2000,2948.4000,2949.8000,2951.6000,2952.0000,1,1,1,5,1,1,1,1,1,1
SF,IH2006,2019-11-13 09:36:04.400,2946.6000,1341,0,9726960.000,0,-,-,-,-,2945.6000,2945.4000,2945.0000,2937.4000,2933.2000,2947.0000,2947.2000,2948.4000,2949.8000,2951.6000,1,1,1,5,1,1,1,1,1,1
SF,IH2006,2019-11-13 09:36:04.900,2946.6000,1341,0,9726960.000,0,-,-,-,-,2945.0000,2937.4000,2933.2000,2931.8000,2930.0000,2946.4000,2946.8000,2947.0000,2947.2000,2948.4000,1,5,1,1,1,1,1,1,1,1
SF,IH2006,2019-11-13 09:36:05.400,2946.6000,1341,0,9726960.000,0,-,-,-,-,2945.2000,2945.0000,2937.4000,2933.2000,2931.8000,2946.2000,2946.4000,2946.8000,2947.0000,2947.2000,1,1,5,1,1,1,1,1,1,1
SF,IH2006,2019-11-13 09:36:05.900,2946.6000,1341,0,9726960.000,0,-,-,-,-,2945.2000,2945.0000,2937.4000,2933.2000,2931.8000,2946.4000,2946.8000,2947.0000,2947.2000,2948.4000,1,1,5,1,1,1,1,1,1,1
SF,IH2006,2019-11-13 09:36:06.400,2946.6000,1341,0,9726960.000,0,-,-,-,-,2945.2000,2945.0000,2937.4000,2933.2000,2931.8000,2946.2000,2946.4000,2946.8000,2947.0000,2947.2000,1,1,5,1,1,1,1,1,1,1
SF,IH2006,2019-11-13 09:36:07.400,2946.6000,1341,0,9726960.000,0,-,-,-,-,2945.2000,2945.0000,2937.4000,2933.2000,2931.8000,2946.2000,2946.4000,2946.8000,2947.2000,2948.4000,1,2,5,1,1,1,1,1,1,1
SF,IH2006,2019-11-13 09:36:08.400,2946.6000,1341,0,9726960.000,0,-,-,-,-,2945.2000,2945.0000,2937.4000,2933.2000,2931.8000,2946.2000,2946.4000,2946.8000,2947.2000,2948.4000,1,2,5,1,1,2,1,1,1,1
SF,IH2006,2019-11-13 09:36:08.900,2946.6000,1341,0,9726960.000,0,-,-,-,-,2945.2000,2945.0000,2937.4000,2933.2000,2931.8000,2946.2000,2946.8000,2947.2000,2948.4000,2949.8000,1,2,5,1,1,2,1,1,1,1
SF,IH2006,2019-11-13 09:36:09.400,2946.6000,1341,0,9726960.000,0,-,-,-,-,2945.2000,2945.0000,2937.4000,2933.2000,2931.8000,2946.0000,2946.2000,2946.8000,2947.2000,2948.4000,1,2,5,1,1,2,2,1,1,1
SF,IH2006,2019-11-13 09:36:10.900,2946.6000,1341,0,9726960.000,0,-,-,-,-,2945.2000,2945.0000,2937.4000,2933.2000,2931.8000,2945.8000,2946.0000,2946.2000,2946.8000,2947.2000,1,2,5,1,1,1,2,2,1,1
SF,IH2006,2019-11-13 09:36:13.400,2946.6000,1341,0,9726960.000,0,-,-,-,-,2945.2000,2945.0000,2937.4000,2933.2000,2931.8000,2946.0000,2946.2000,2946.8000,2947.2000,2948.4000,1,2,5,1,1,2,2,1,1,1
SF,IH2006,2019-11-13 09:36:15.400,2946.6000,1341,0,9726960.000,0,-,-,-,-,2945.2000,2945.0000,2937.4000,2933.2000,2931.8000,2945.8000,2946.0000,2946.2000,2946.8000,2947.2000,1,2,5,1,1,1,2,2,1,1
SF,IH2006,2019-11-13 09:36:15.900,2946.6000,1341,0,9726960.000,0,-,-,-,-,2945.2000,2945.0000,2937.4000,2933.2000,2931.8000,2946.0000,2946.2000,2946.8000,2947.2000,2948.4000,1,2,5,1,1,2,2,1,1,1
SF,IH2006,2019-11-13 09:36:16.900,2946.6000,1341,0,9726960.000,0,-,-,-,-,2945.2000,2945.0000,2937.4000,2933.2000,2931.8000,2945.8000,2946.0000,2946.2000,2946.8000,2947.2000,1,2,5,1,1,1,2,2,1,1
SF,IH2006,2019-11-13 09:36:17.400,2946.6000,1341,0,9726960.000,0,-,-,-,-,2945.2000,2945.0000,2937.4000,2933.2000,2931.8000,2946.0000,2946.2000,2946.8000,2947.2000,2948.4000,1,2,5,1,1,2,2,1,1,1
SF,IH2006,2019-11-13 09:36:17.900,2946.6000,1341,0,9726960.000,0,-,-,-,-,2945.0000,2937.4000,2933.2000,2931.8000,2930.0000,2945.8000,2946.0000,2946.2000,2946.8000,2947.2000,2,5,1,1,1,1,2,2,1,1
SF,IH2006,2019-11-13 09:36:18.400,2946.6000,1341,0,9726960.000,0,-,-,-,-,2945.0000,2937.4000,2933.2000,2931.8000,2930.0000,2946.0000,2946.2000,2946.8000,2947.2000,2948.4000,2,5,1,1,1,2,2,1,1,1
SF,IH2006,2019-11-13 09:36:19.900,2946.6000,1341,0,9726960.000,0,-,-,-,-,2945.0000,2937.4000,2933.2000,2931.8000,2930.0000,2945.8000,2946.0000,2946.2000,2946.8000,2947.2000,2,5,1,1,1,1,2,2,1,1
SF,IH2006,2019-11-13 09:36:20.900,2946.6000,1341,0,9726960.000,0,-,-,-,-,2945.0000,2937.4000,2933.2000,2931.8000,2930.0000,2946.0000,2946.2000,2946.8000,2947.2000,2948.4000,2,5,1,1,1,2,2,1,1,1
SF,IH2006,2019-11-13 09:36:21.400,2946.6000,1341,0,9726960.000,0,-,-,-,-,2945.2000,2945.0000,2937.4000,2933.2000,2931.8000,2946.0000,2946.2000,2946.8000,2947.2000,2948.4000,1,2,5,1,1,2,2,1,1,1
SF,IH2006,2019-11-13 09:36:21.900,2946.6000,1341,0,9726960.000,0,-,-,-,-,2945.2000,2945.0000,2937.4000,2933.2000,2931.8000,2946.0000,2946.2000,2946.8000,2947.2000,2948.4000,1,2,5,1,1,1,2,1,1,1
SF,IH2006,2019-11-13 09:36:22.900,2946.6000,1341,0,9726960.000,0,-,-,-,-,2945.2000,2945.0000,2937.4000,2933.2000,2931.8000,2945.8000,2946.0000,2946.2000,2946.8000,2947.2000,1,2,5,1,1,1,1,2,1,1
SF,IH2006,2019-11-13 09:36:23.400,2946.6000,1341,0,9726960.000,0,-,-,-,-,2945.2000,2945.0000,2937.4000,2933.2000,2931.8000,2946.0000,2946.2000,2946.8000,2947.2000,2948.4000,1,2,5,1,1,1,2,1,1,1
SF,IH2006,2019-11-13 09:36:26.900,2945.0000,1342,1,12377520.000,3,2,1,空开,S,2937.4000,2933.2000,2931.8000,2930.0000,2914.8000,2945.8000,2946.0000,2946.2000,2946.8000,2947.2000,5,1,1,1,1,1,1,2,1,1
SF,IH2006,2019-11-13 09:36:27.400,2945.0000,1342,0,12377520.000,0,-,-,-,-,2942.8000,2940.0000,2937.8000,2937.6000,2937.4000,2945.0000,2945.8000,2946.0000,2946.2000,2946.8000,1,3,1,3,5,1,1,1,2,1
SF,IH2006,2019-11-13 09:36:27.900,2945.0000,1342,0,12377520.000,0,-,-,-,-,2943.4000,2943.0000,2942.8000,2940.0000,2937.8000,2945.0000,2945.8000,2946.0000,2946.2000,2946.8000,1,1,1,3,1,1,1,1,1,1
SF,IH2006,2019-11-13 09:36:28.400,2945.0000,1342,0,12377520.000,0,-,-,-,-,2943.4000,2943.0000,2940.0000,2937.8000,2937.6000,2945.0000,2945.8000,2946.0000,2946.2000,2946.8000,1,1,3,1,3,1,1,1,1,1
SF,IH2006,2019-11-13 09:36:28.900,2945.0000,1342,0,12377520.000,0,-,-,-,-,2943.6000,2943.4000,2943.0000,2940.0000,2937.8000,2945.0000,2945.8000,2946.0000,2946.2000,2946.8000,1,1,1,3,1,1,1,1,1,1
SF,IH2006,2019-11-13 09:36:29.900,2945.0000,1342,0,12377520.000,0,-,-,-,-,2943.6000,2943.4000,2943.0000,2940.0000,2937.8000,2945.8000,2946.0000,2946.2000,2946.8000,2947.2000,1,1,1,3,1,1,1,1,1,1
SF,IH2006,2019-11-13 09:36:35.400,2945.0000,1342,0,12377520.000,0,-,-,-,-,2943.6000,2943.4000,2940.0000,2937.8000,2937.6000,2945.6000,2945.8000,2946.0000,2946.2000,2946.8000,1,1,3,1,3,1,1,1,1,1
SF,IH2006,2019-11-13 09:36:35.900,2945.0000,1342,0,12377520.000,0,-,-,-,-,2940.0000,2937.6000,2937.4000,2933.2000,2931.8000,2945.4000,2945.6000,2945.8000,2946.0000,2946.2000,3,3,5,1,1,3,1,1,1,1
SF,IH2006,2019-11-13 09:36:36.400,2945.0000,1342,0,12377520.000,0,-,-,-,-,2942.0000,2940.0000,2937.6000,2937.4000,2933.2000,2945.4000,2945.6000,2945.8000,2946.0000,2946.2000,1,3,2,5,1,3,1,1,1,1
SF,IH2006,2019-11-13 09:36:36.900,2945.0000,1342,0,12377520.000,0,-,-,-,-,2942.2000,2942.0000,2940.0000,2937.6000,2937.4000,2945.4000,2945.6000,2945.8000,2946.0000,2946.2000,1,1,3,2,5,2,1,1,1,1
SF,IH2006,2019-11-13 09:36:37.400,2945.0000,1342,0,12377520.000,0,-,-,-,-,2937.6000,2937.4000,2933.2000,2931.8000,2930.0000,2945.2000,2945.4000,2945.6000,2945.8000,2946.0000,1,5,1,1,1,1,2,1,1,1
SF,IH2006,2019-11-13 09:36:37.900,2945.0000,1342,0,12377520.000,0,-,-,-,-,2942.2000,2940.0000,2937.6000,2937.4000,2933.2000,2945.0000,2945.2000,2945.4000,2945.6000,2945.8000,1,3,1,5,1,1,1,2,1,1
SF,IH2006,2019-11-13 09:36:38.400,2945.0000,1342,0,12377520.000,0,-,-,-,-,2942.2000,2940.0000,2937.6000,2937.4000,2933.2000,2945.0000,2945.4000,2945.8000,2946.0000,2946.2000,1,3,1,5,1,1,1,1,1,1
SF,IH2006,2019-11-13 09:36:38.900,2945.0000,1342,0,12377520.000,0,-,-,-,-,2942.8000,2942.4000,2942.2000,2940.0000,2937.6000,2944.8000,2945.0000,2945.4000,2945.8000,2946.0000,1,1,1,3,1,1,1,1,1,1
SF,IH2006,2019-11-13 09:36:39.400,2945.0000,1342,0,12377520.000,0,-,-,-,-,2942.8000,2942.4000,2940.0000,2937.6000,2937.4000,2945.0000,2945.4000,2945.8000,2946.0000,2946.2000,1,1,3,1,5,1,1,1,1,1
SF,IH2006,2019-11-13 09:36:39.900,2945.0000,1342,0,12377520.000,0,-,-,-,-,2943.0000,2942.8000,2942.4000,2940.0000,2937.6000,2944.8000,2945.0000,2945.4000,2945.8000,2946.0000,1,1,1,3,1,2,1,1,1,1
SF,IH2006,2019-11-13 09:36:40.400,2945.0000,1342,0,12377520.000,0,-,-,-,-,2943.0000,2942.8000,2942.4000,2940.0000,2937.6000,2945.0000,2945.4000,2945.8000,2946.0000,2946.2000,1,1,1,3,1,1,1,1,1,1
SF,IH2006,2019-11-13 09:36:42.400,2945.0000,1342,0,12377520.000,0,-,-,-,-,2943.0000,2942.8000,2942.4000,2940.0000,2937.6000,2944.8000,2945.0000,2945.4000,2945.8000,2946.0000,1,1,1,3,1,1,1,1,1,1
SF,IH2006,2019-11-13 09:36:47.900,2945.0000,1342,0,12377520.000,0,-,-,-,-,2943.0000,2942.8000,2940.0000,2937.6000,2937.4000,2944.6000,2944.8000,2945.4000,2945.8000,2946.0000,1,1,3,1,5,1,1,1,1,1
SF,IH2006,2019-11-13 09:36:48.400,2945.0000,1342,0,12377520.000,0,-,-,-,-,2940.0000,2937.6000,2937.4000,2933.2000,2931.8000,2944.4000,2944.6000,2944.8000,2945.4000,2945.8000,3,1,5,1,1,3,1,1,1,1
SF,IH2006,2019-11-13 09:36:48.900,2945.0000,1342,0,12377520.000,0,-,-,-,-,2941.4000,2940.0000,2937.6000,2937.4000,2933.2000,2944.4000,2944.6000,2944.8000,2945.4000,2945.8000,1,3,1,5,1,3,1,1,1,1
SF,IH2006,2019-11-13 09:36:49.400,2945.0000,1342,0,12377520.000,0,-,-,-,-,2941.6000,2940.0000,2937.6000,2937.4000,2933.2000,2944.4000,2944.6000,2944.8000,2945.4000,2945.8000,1,3,1,5,1,3,1,1,1,1
SF,IH2006,2019-11-13 09:36:49.900,2945.0000,1342,0,12377520.000,0,-,-,-,-,2941.8000,2941.6000,2940.0000,2937.6000,2937.4000,2944.4000,2944.6000,2944.8000,2945.4000,2945.8000,1,1,3,1,5,3,1,1,1,1
SF,IH2006,2019-11-13 09:36:50.400,2945.0000,1342,0,12377520.000,0,-,-,-,-,2941.6000,2940.0000,2937.6000,2937.4000,2933.2000,2944.4000,2944.6000,2944.8000,2945.4000,2945.8000,1,3,1,5,1,3,1,1,1,1
SF,IH2006,2019-11-13 09:36:50.900,2945.0000,1342,0,12377520.000,0,-,-,-,-,2941.8000,2941.6000,2937.6000,2937.4000,2933.2000,2944.4000,2944.6000,2944.8000,2945.4000,2945.8000,1,1,1,5,1,3,1,1,1,1
SF,IH2006,2019-11-13 09:36:51.400,2945.0000,1342,0,12377520.000,0,-,-,-,-,2941.8000,2937.6000,2933.6000,2933.2000,2931.8000,2944.2000,2944.4000,2944.8000,2945.4000,2945.8000,1,1,5,1,1,1,3,1,1,1
SF,IH2006,2019-11-13 09:36:51.900,2945.0000,1342,0,12377520.000,0,-,-,-,-,2941.8000,2937.6000,2933.6000,2933.2000,2931.8000,2944.2000,2944.4000,2944.8000,2945.4000,2945.8000,1,1,5,1,1,1,2,1,1,1
SF,IH2006,2019-11-13 09:36:53.400,2945.0000,1342,0,12377520.000,0,-,-,-,-,2941.8000,2937.6000,2933.6000,2933.2000,2931.8000,2944.2000,2944.4000,2945.4000,2945.8000,2946.0000,1,1,5,1,1,1,1,1,1,1
SF,IH2006,2019-11-13 09:36:54.900,2945.0000,1342,0,12377520.000,0,-,-,-,-,2941.8000,2937.6000,2933.6000,2933.2000,2931.8000,2944.4000,2945.4000,2945.8000,2946.0000,2946.2000,1,1,5,1,1,1,1,1,1,1
SF,IH2006,2019-11-13 09:36:55.400,2945.0000,1342,0,12377520.000,0,-,-,-,-,2942.0000,2941.8000,2937.6000,2933.6000,2933.2000,2945.4000,2945.8000,2946.0000,2946.2000,2949.8000,1,1,1,5,1,1,1,1,1,1
SF,IH2006,2019-11-13 09:36:55.900,2945.0000,1342,0,12377520.000,0,-,-,-,-,2942.8000,2942.0000,2937.6000,2933.6000,2933.2000,2945.2000,2945.4000,2945.8000,2946.0000,2946.2000,1,1,1,5,1,1,1,1,1,1
SF,IH2006,2019-11-13 09:36:56.400,2945.0000,1342,0,12377520.000,0,-,-,-,-,2942.8000,2942.0000,2937.6000,2933.6000,2933.2000,2945.0000,2945.2000,2945.4000,2945.8000,2946.0000,1,1,1,5,1,2,1,1,1,1
SF,IH2006,2019-11-13 09:36:56.900,2945.0000,1342,0,12377520.000,0,-,-,-,-,2942.8000,2942.0000,2937.6000,2933.6000,2933.2000,2945.0000,2945.4000,2945.8000,2946.0000,2946.2000,1,1,1,5,1,2,1,1,1,1
SF,IH2006,2019-11-13 09:36:57.400,2945.0000,1342,0,12377520.000,0,-,-,-,-,2943.0000,2942.8000,2942.0000,2937.6000,2933.6000,2945.0000,2945.8000,2946.0000,2946.2000,2949.8000,1,1,1,1,5,1,1,1,1,1
SF,IH2006,2019-11-13 09:36:59.900,2945.0000,1342,0,12377520.000,0,-,-,-,-,2943.0000,2942.8000,2942.0000,2937.6000,2933.6000,2945.8000,2946.0000,2946.2000,2949.8000,2951.6000,1,1,1,1,5,1,1,1,1,1
SF,IH2006,2019-11-13 09:37:00.400,2945.0000,1342,0,12377520.000,0,-,-,-,-,2943.0000,2942.8000,2942.0000,2937.6000,2933.6000,2945.6000,2945.8000,2946.0000,2946.2000,2949.8000,1,1,1,1,5,1,1,1,1,1
SF,IH2006,2019-11-13 09:37:02.900,2945.0000,1342,0,12377520.000,0,-,-,-,-,2943.2000,2943.0000,2942.8000,2942.0000,2937.6000,2945.6000,2945.8000,2946.0000,2946.2000,2949.8000,1,1,1,1,1,1,1,1,1,1
SF,IH2006,2019-11-13 09:37:03.400,2945.0000,1342,0,12377520.000,0,-,-,-,-,2943.2000,2942.0000,2937.6000,2933.6000,2933.2000,2945.6000,2945.8000,2946.0000,2946.2000,2949.8000,1,1,1,5,1,1,1,1,1,1
SF,IH2006,2019-11-13 09:37:03.900,2945.0000,1342,0,12377520.000,0,-,-,-,-,2943.8000,2943.4000,2943.2000,2942.0000,2937.6000,2945.6000,2945.8000,2946.0000,2946.2000,2949.8000,1,1,1,1,1,1,1,1,1,1
SF,IH2006,2019-11-13 09:37:04.400,2945.0000,1342,0,12377520.000,0,-,-,-,-,2943.8000,2943.2000,2942.0000,2937.6000,2933.6000,2945.6000,2945.8000,2946.0000,2946.2000,2949.8000,1,1,1,1,5,1,1,1,1,1
SF,IH2006,2019-11-13 09:37:06.400,2945.0000,1342,0,12377520.000,0,-,-,-,-,2943.8000,2942.0000,2937.6000,2933.6000,2933.2000,2945.4000,2945.6000,2945.8000,2946.0000,2946.2000,1,1,1,5,1,1,1,1,1,1
SF,IH2006,2019-11-13 09:37:06.900,2945.0000,1342,0,12377520.000,0,-,-,-,-,2942.0000,2937.6000,2933.6000,2933.2000,2931.8000,2945.2000,2945.4000,2945.8000,2946.0000,2946.2000,1,1,5,1,1,1,1,1,1,1
SF,IH2006,2019-11-13 09:37:07.400,2945.0000,1342,0,12377520.000,0,-,-,-,-,2942.4000,2942.0000,2937.6000,2933.6000,2933.2000,2945.2000,2945.8000,2946.0000,2946.2000,2949.8000,1,1,1,5,1,1,1,1,1,1
SF,IH2006,2019-11-13 09:37:07.900,2945.0000,1342,0,12377520.000,0,-,-,-,-,2942.6000,2942.4000,2942.0000,2937.6000,2933.6000,2945.8000,2946.0000,2946.2000,2949.8000,2951.6000,1,1,1,1,5,1,1,1,1,1
SF,IH2006,2019-11-13 09:37:08.400,2945.0000,1342,0,12377520.000,0,-,-,-,-,2943.4000,2942.6000,2942.0000,2937.6000,2933.6000,2945.6000,2945.8000,2946.0000,2946.2000,2949.8000,1,1,1,1,5,1,1,1,1,1
SF,IH2006,2019-11-13 09:37:08.900,2945.0000,1342,0,12377520.000,0,-,-,-,-,2943.6000,2943.4000,2942.6000,2942.0000,2937.6000,2945.6000,2945.8000,2946.0000,2946.2000,2949.8000,1,1,1,1,1,1,1,1,1,1
SF,IH2006,2019-11-13 09:37:12.900,2945.0000,1342,0,12377520.000,0,-,-,-,-,2943.8000,2943.6000,2943.4000,2942.6000,2942.0000,2945.6000,2946.0000,2946.2000,2949.8000,2951.6000,1,1,1,1,1,1,1,1,1,1
SF,IH2006,2019-11-13 09:37:13.400,2945.0000,1342,0,12377520.000,0,-,-,-,-,2943.8000,2942.6000,2942.0000,2933.6000,2933.2000,2946.0000,2949.8000,2951.6000,2952.0000,2952.6000,1,1,1,5,1,1,1,1,1,5
SF,IH2006,2019-11-13 09:37:13.900,2945.0000,1342,0,12377520.000,0,-,-,-,-,2944.4000,2944.0000,2943.8000,2942.6000,2942.0000,2946.0000,2949.8000,2951.6000,2952.0000,2952.6000,1,1,1,1,1,1,1,1,1,5
SF,IH2006,2019-11-13 09:37:26.900,2945.0000,1342,0,12377520.000,0,-,-,-,-,2944.4000,2944.0000,2943.8000,2942.6000,2942.0000,2945.8000,2946.0000,2949.8000,2951.6000,2952.0000,1,1,1,1,1,1,1,1,1,1
SF,IH2006,2019-11-13 09:37:27.400,2945.0000,1342,0,12377520.000,0,-,-,-,-,2943.8000,2942.6000,2942.0000,2933.6000,2933.2000,2945.6000,2945.8000,2946.0000,2949.8000,2951.6000,1,1,1,5,1,2,1,1,1,1
SF,IH2006,2019-11-13 09:37:27.900,2945.0000,1342,0,12377520.000,0,-,-,-,-,2942.6000,2942.0000,2933.6000,2933.2000,2931.8000,2945.4000,2945.6000,2945.8000,2946.0000,2949.8000,1,1,5,1,1,1,2,1,1,1
SF,IH2006,2019-11-13 09:37:28.400,2945.0000,1342,0,12377520.000,0,-,-,-,-,2942.8000,2942.6000,2942.0000,2933.6000,2933.2000,2945.6000,2945.8000,2946.0000,2949.8000,2951.6000,1,1,1,5,1,1,1,1,1,1
SF,IH2006,2019-11-13 09:37:28.900,2945.0000,1342,0,12377520.000,0,-,-,-,-,2943.0000,2942.8000,2942.6000,2942.0000,2933.6000,2945.4000,2945.6000,2945.8000,2946.0000,2949.8000,1,1,1,1,5,1,1,1,1,1
SF,IH2006,2019-11-13 09:37:29.400,2945.0000,1342,0,12377520.000,0,-,-,-,-,2943.0000,2942.6000,2942.0000,2933.6000,2933.2000,2945.4000,2945.6000,2945.8000,2946.0000,2949.8000,1,1,1,5,1,1,1,1,1,1
SF,IH2006,2019-11-13 09:37:29.900,2945.0000,1342,0,12377520.000,0,-,-,-,-,2943.2000,2943.0000,2942.6000,2942.0000,2933.6000,2945.4000,2945.6000,2945.8000,2946.0000,2949.8000,1,1,1,1,5,1,1,1,1,1
SF,IH2006,2019-11-13 09:37:31.400,2945.0000,1342,0,12377520.000,0,-,-,-,-,2943.4000,2943.2000,2943.0000,2942.6000,2933.6000,2945.4000,2945.6000,2946.0000,2949.8000,2951.6000,1,1,1,1,5,1,1,1,1,1
SF,IH2006,2019-11-13 09:37:31.900,2945.0000,1342,0,12377520.000,0,-,-,-,-,2943.4000,2943.0000,2942.6000,2933.6000,2933.2000,2945.4000,2946.0000,2949.8000,2951.6000,2952.0000,1,1,1,5,1,1,1,1,1,1
SF,IH2006,2019-11-13 09:37:32.400,2945.0000,1342,0,12377520.000,0,-,-,-,-,2943.8000,2943.6000,2943.4000,2943.0000,2942.6000,2945.4000,2946.0000,2949.8000,2951.6000,2952.0000,1,1,1,1,1,1,1,1,1,1
SF,IH2006,2019-11-13 09:37:32.900,2945.0000,1342,0,12377520.000,0,-,-,-,-,2943.8000,2943.4000,2943.0000,2942.6000,2933.6000,2946.0000,2949.8000,2951.6000,2952.0000,2952.6000,1,1,1,1,5,1,1,1,1,5
SF,IH2006,2019-11-13 09:37:33.400,2945.0000,1342,0,12377520.000,0,-,-,-,-,2943.8000,2943.4000,2943.0000,2942.6000,2933.6000,2945.8000,2946.0000,2949.8000,2951.6000,2952.0000,1,1,1,1,5,1,1,1,1,1
SF,IH2006,2019-11-13 09:37:34.400,2945.0000,1342,0,12377520.000,0,-,-,-,-,2944.0000,2943.8000,2943.4000,2943.0000,2933.6000,2945.8000,2946.0000,2949.8000,2951.6000,2952.0000,1,1,1,1,5,1,1,1,1,1
SF,IH2006,2019-11-13 09:37:38.400,2945.0000,1342,0,12377520.000,0,-,-,-,-,2944.2000,2944.0000,2943.8000,2943.4000,2943.0000,2945.8000,2946.0000,2949.8000,2951.6000,2952.0000,1,1,1,1,1,1,1,1,1,1
SF,IH2006,2019-11-13 09:37:38.900,2945.0000,1342,0,12377520.000,0,-,-,-,-,2944.2000,2944.0000,2943.4000,2943.0000,2933.6000,2945.8000,2946.0000,2949.8000,2951.6000,2952.0000,1,1,1,1,5,1,1,1,1,1
SF,IH2006,2019-11-13 09:37:55.900,2945.0000,1342,0,12377520.000,0,-,-,-,-,2944.4000,2944.2000,2944.0000,2943.4000,2933.6000,2945.8000,2946.0000,2949.8000,2951.6000,2952.0000,1,1,1,1,5,1,1,1,1,1
SF,IH2006,2019-11-13 09:37:56.400,2945.0000,1342,0,12377520.000,0,-,-,-,-,2944.6000,2944.4000,2944.2000,2944.0000,2943.4000,2945.8000,2946.0000,2949.8000,2951.6000,2952.0000,1,1,1,1,1,1,1,1,1,1
SF,IH2006,2019-11-13 09:37:57.900,2945.0000,1342,0,12377520.000,0,-,-,-,-,2944.6000,2944.4000,2944.2000,2944.0000,2943.4000,2945.8000,2946.0000,2949.8000,2951.6000,2952.0000,1,1,1,2,1,1,1,1,1,1
SF,IH2006,2019-11-13 09:37:58.400,2945.0000,1342,0,12377520.000,0,-,-,-,-,2944.6000,2944.4000,2944.2000,2944.0000,2943.4000,2946.0000,2949.8000,2951.6000,2952.0000,2952.6000,1,1,1,2,1,1,1,1,1,5
SF,IH2006,2019-11-13 09:37:58.900,2945.0000,1342,0,12377520.000,0,-,-,-,-,2944.8000,2944.6000,2944.4000,2944.2000,2944.0000,2946.0000,2949.8000,2951.6000,2952.0000,2952.6000,1,1,1,1,2,1,1,1,1,5
SF,IH2006,2019-11-13 09:37:59.400,2946.0000,1341,-1,13261320.000,1,0,1,双平,S,2944.8000,2944.6000,2944.4000,2944.2000,2944.0000,2949.8000,2951.6000,2952.0000,2952.6000,2955.0000,1,1,1,1,2,1,1,1,5,2
SF,IH2006,2019-11-13 09:37:59.900,2946.0000,1341,0,13261320.000,0,-,-,-,-,2944.8000,2944.6000,2944.4000,2944.2000,2944.0000,2948.0000,2949.6000,2949.8000,2951.6000,2952.0000,1,1,1,1,2,1,3,1,1,1
SF,IH2006,2019-11-13 09:38:00.400,2946.0000,1341,0,13261320.000,0,-,-,-,-,2945.0000,2944.8000,2944.6000,2944.4000,2944.2000,2947.2000,2947.8000,2948.0000,2949.6000,2949.8000,1,1,1,1,1,1,1,1,1,1
SF,IH2006,2019-11-13 09:38:00.900,2946.0000,1341,0,13261320.000,0,-,-,-,-,2945.0000,2944.4000,2944.2000,2944.0000,2941.2000,2947.8000,2949.6000,2949.8000,2951.6000,2952.0000,1,1,1,2,5,1,1,1,1,1
SF,IH2006,2019-11-13 09:38:01.400,2946.0000,1341,0,13261320.000,0,-,-,-,-,2945.2000,2945.0000,2944.4000,2944.2000,2944.0000,2947.2000,2947.6000,2947.8000,2949.6000,2949.8000,1,1,1,1,2,1,1,1,1,1
SF,IH2006,2019-11-13 09:38:01.900,2946.0000,1341,0,13261320.000,0,-,-,-,-,2945.2000,2945.0000,2944.4000,2944.2000,2944.0000,2947.8000,2949.6000,2949.8000,2951.6000,2952.0000,1,1,1,1,2,1,1,1,1,1
SF,IH2006,2019-11-13 09:38:02.400,2946.0000,1341,0,13261320.000,0,-,-,-,-,2945.2000,2945.0000,2944.4000,2944.2000,2944.0000,2947.2000,2947.6000,2947.8000,2949.6000,2949.8000,1,1,1,1,2,1,1,1,1,1
SF,IH2006,2019-11-13 09:38:02.900,2946.0000,1341,0,13261320.000,0,-,-,-,-,2945.2000,2945.0000,2944.4000,2944.2000,2944.0000,2947.8000,2949.6000,2949.8000,2951.6000,2952.0000,1,1,1,1,2,1,1,1,1,1
SF,IH2006,2019-11-13 09:38:03.400,2946.0000,1341,0,13261320.000,0,-,-,-,-,2945.2000,2945.0000,2944.4000,2944.2000,2944.0000,2947.2000,2947.6000,2947.8000,2949.6000,2949.8000,1,1,1,1,2,1,1,1,1,1
SF,IH2006,2019-11-13 09:38:03.900,2946.0000,1341,0,13261320.000,0,-,-,-,-,2945.2000,2945.0000,2944.4000,2944.2000,2944.0000,2947.8000,2949.6000,2949.8000,2951.6000,2952.0000,1,1,1,1,2,1,1,1,1,1
SF,IH2006,2019-11-13 09:38:04.400,2946.0000,1341,0,13261320.000,0,-,-,-,-,2945.2000,2945.0000,2944.4000,2944.2000,2944.0000,2947.4000,2947.6000,2947.8000,2949.6000,2949.8000,1,1,1,1,2,1,1,1,1,1
SF,IH2006,2019-11-13 09:38:04.900,2946.0000,1341,0,13261320.000,0,-,-,-,-,2945.4000,2945.2000,2945.0000,2944.4000,2944.2000,2947.8000,2949.6000,2949.8000,2951.6000,2952.0000,1,1,1,1,1,1,1,1,1,1
SF,IH2006,2019-11-13 09:38:05.900,2946.0000,1341,0,13261320.000,0,-,-,-,-,2945.4000,2945.2000,2945.0000,2944.4000,2944.2000,2947.8000,2949.6000,2949.8000,2951.6000,2952.0000,1,1,1,1,1,1,1,1,1,1
SF,IH2006,2019-11-13 09:38:06.400,2946.0000,1341,0,13261320.000,0,-,-,-,-,2945.4000,2945.2000,2945.0000,2944.4000,2944.2000,2947.4000,2947.6000,2947.8000,2949.6000,2949.8000,1,1,1,1,1,1,1,1,1,1
SF,IH2006,2019-11-13 09:38:06.900,2946.0000,1341,0,13261320.000,0,-,-,-,-,2945.4000,2945.2000,2945.0000,2944.4000,2944.2000,2947.8000,2949.6000,2949.8000,2951.6000,2952.0000,1,1,1,1,1,1,1,1,1,1
SF,IH2006,2019-11-13 09:38:07.400,2946.0000,1341,0,13261320.000,0,-,-,-,-,2945.4000,2945.2000,2945.0000,2944.4000,2944.2000,2947.4000,2947.6000,2947.8000,2949.6000,2949.8000,1,1,1,1,1,1,1,1,1,1
SF,IH2006,2019-11-13 09:38:07.900,2946.0000,1341,0,13261320.000,0,-,-,-,-,2945.4000,2945.2000,2945.0000,2944.4000,2944.2000,2947.8000,2949.6000,2949.8000,2951.6000,2952.0000,1,1,1,1,1,1,1,1,1,1
SF,IH2006,2019-11-13 09:38:08.400,2946.0000,1341,0,13261320.000,0,-,-,-,-,2945.4000,2945.2000,2945.0000,2944.4000,2944.2000,2947.4000,2947.6000,2947.8000,2949.6000,2949.8000,1,1,1,1,1,1,1,1,1,1
SF,IH2006,2019-11-13 09:38:08.900,2946.0000,1341,0,13261320.000,0,-,-,-,-,2945.4000,2945.2000,2945.0000,2944.4000,2944.2000,2947.8000,2949.6000,2949.8000,2951.6000,2952.0000,1,1,1,1,1,1,1,1,1,1
SF,IH2006,2019-11-13 09:38:09.400,2946.0000,1341,0,13261320.000,0,-,-,-,-,2945.4000,2945.2000,2945.0000,2944.4000,2944.2000,2947.2000,2947.6000,2947.8000,2949.6000,2949.8000,1,1,1,1,1,1,1,1,1,1
SF,IH2006,2019-11-13 09:38:09.900,2946.0000,1341,0,13261320.000,0,-,-,-,-,2945.4000,2945.2000,2945.0000,2944.4000,2944.2000,2947.8000,2949.6000,2949.8000,2951.6000,2952.0000,1,1,1,1,1,1,1,1,1,1
SF,IH2006,2019-11-13 09:38:10.400,2946.0000,1341,0,13261320.000,0,-,-,-,-,2945.4000,2945.0000,2944.4000,2944.2000,2944.0000,2947.2000,2947.6000,2947.8000,2949.6000,2949.8000,1,1,1,1,2,1,1,1,1,1
SF,IH2006,2019-11-13 09:38:10.900,2946.0000,1341,0,13261320.000,0,-,-,-,-,2945.4000,2945.0000,2944.4000,2944.2000,2944.0000,2947.2000,2947.8000,2949.6000,2949.8000,2951.6000,1,1,1,1,2,1,1,1,1,1
SF,IH2006,2019-11-13 09:38:11.400,2946.0000,1341,0,13261320.000,0,-,-,-,-,2945.4000,2945.0000,2944.4000,2944.2000,2944.0000,2947.0000,2947.2000,2947.8000,2949.6000,2949.8000,1,1,1,1,2,1,1,1,1,1
SF,IH2006,2019-11-13 09:38:26.400,2946.0000,1341,0,13261320.000,0,-,-,-,-,2945.6000,2945.4000,2945.0000,2944.4000,2944.2000,2947.0000,2947.2000,2947.8000,2949.6000,2949.8000,1,1,1,1,1,1,1,1,1,1
SF,IH2006,2019-11-13 09:38:26.900,2946.0000,1341,0,13261320.000,0,-,-,-,-,2945.8000,2945.6000,2945.4000,2945.0000,2944.4000,2947.8000,2949.6000,2949.8000,2951.6000,2952.0000,1,1,1,1,1,1,1,1,1,1
SF,IH2006,2019-11-13 09:38:27.400,2946.0000,1341,0,13261320.000,0,-,-,-,-,2946.0000,2945.8000,2945.6000,2945.4000,2945.0000,2947.8000,2949.6000,2949.8000,2951.6000,2952.0000,1,1,1,1,1,1,1,1,1,1
SF,IH2006,2019-11-13 09:38:27.900,2946.0000,1341,0,13261320.000,0,-,-,-,-,2946.0000,2945.6000,2945.4000,2945.0000,2944.4000,2947.8000,2949.6000,2949.8000,2951.6000,2952.0000,1,1,1,1,1,1,1,1,1,1
SF,IH2006,2019-11-13 09:38:29.400,2946.0000,1341,0,13261320.000,0,-,-,-,-,2946.0000,2945.6000,2945.4000,2945.0000,2944.4000,2949.6000,2949.8000,2951.6000,2952.0000,2952.6000,1,1,1,1,1,1,1,1,1,5
SF,IH2006,2019-11-13 09:38:29.900,2946.0000,1341,0,13261320.000,0,-,-,-,-,2946.2000,2946.0000,2945.6000,2945.4000,2945.0000,2949.6000,2949.8000,2951.6000,2952.0000,2952.6000,1,1,1,1,1,1,1,1,1,5
SF,IH2006,2019-11-13 09:38:30.400,2946.0000,1341,0,13261320.000,0,-,-,-,-,2946.2000,2946.0000,2945.6000,2945.4000,2945.0000,2948.4000,2949.2000,2949.6000,2949.8000,2951.6000,1,1,1,1,1,1,1,1,1,1
SF,IH2006,2019-11-13 09:38:30.900,2946.0000,1341,0,13261320.000,0,-,-,-,-,2946.2000,2946.0000,2945.6000,2945.4000,2945.0000,2948.2000,2949.6000,2949.8000,2951.6000,2952.0000,1,1,1,1,1,1,1,1,1,1
SF,IH2006,2019-11-13 09:38:31.400,2946.0000,1341,0,13261320.000,0,-,-,-,-,2946.2000,2946.0000,2945.6000,2945.4000,2945.0000,2947.8000,2948.0000,2948.2000,2949.6000,2949.8000,1,1,1,1,1,1,1,1,1,1
SF,IH2006,2019-11-13 09:38:31.900,2946.0000,1341,0,13261320.000,0,-,-,-,-,2946.2000,2946.0000,2945.6000,2945.0000,2944.4000,2948.2000,2949.6000,2949.8000,2951.6000,2952.0000,1,1,1,1,1,1,1,1,1,1
SF,IH2006,2019-11-13 09:38:38.900,2946.0000,1341,0,13261320.000,0,-,-,-,-,2946.2000,2946.0000,2945.0000,2944.4000,2944.2000,2948.2000,2949.6000,2949.8000,2951.6000,2952.0000,1,1,1,1,1,1,1,1,1,1
SF,IH2006,2019-11-13 09:38:39.400,2946.0000,1341,0,13261320.000,0,-,-,-,-,2945.0000,2944.4000,2944.2000,2944.0000,2943.2000,2947.6000,2948.0000,2948.2000,2949.6000,2949.8000,1,1,1,1,1,1,1,1,1,1
SF,IH2006,2019-11-13 09:38:39.900,2946.0000,1341,0,13261320.000,0,-,-,-,-,2945.2000,2945.0000,2944.4000,2944.2000,2944.0000,2947.6000,2948.2000,2949.6000,2949.8000,2951.6000,1,1,1,1,1,1,1,1,1,1
SF,IH2006,2019-11-13 09:38:40.400,2946.0000,1341,0,13261320.000,0,-,-,-,-,2945.2000,2945.0000,2944.4000,2944.2000,2944.0000,2947.4000,2947.6000,2948.2000,2949.6000,2949.8000,1,1,1,1,1,1,1,1,1,1
SF,IH2006,2019-11-13 09:38:41.900,2946.0000,1341,0,13261320.000,0,-,-,-,-,2945.2000,2945.0000,2944.4000,2944.2000,2944.0000,2947.2000,2947.4000,2947.6000,2948.2000,2949.6000,1,1,1,1,1,1,1,1,1,1
SF,IH2006,2019-11-13 09:38:42.400,2946.0000,1341,0,13261320.000,0,-,-,-,-,2945.2000,2945.0000,2944.4000,2944.2000,2944.0000,2947.2000,2948.2000,2949.6000,2949.8000,2951.6000,1,1,1,1,1,1,1,1,1,1
SF,IH2006,2019-11-13 09:38:42.900,2946.0000,1341,0,13261320.000,0,-,-,-,-,2945.2000,2945.0000,2944.4000,2944.2000,2944.0000,2947.0000,2948.2000,2949.6000,2949.8000,2951.6000,1,1,1,1,1,1,1,1,1,1
SF,IH2006,2019-11-13 09:38:46.900,2946.0000,1341,0,13261320.000,0,-,-,-,-,2945.4000,2945.2000,2945.0000,2944.4000,2944.2000,2947.0000,2948.2000,2949.6000,2949.8000,2951.6000,1,1,1,1,1,1,1,1,1,1
SF,IH2006,2019-11-13 09:38:47.400,2946.0000,1341,0,13261320.000,0,-,-,-,-,2945.4000,2945.0000,2944.4000,2944.2000,2944.0000,2948.2000,2949.6000,2949.8000,2951.6000,2952.0000,1,1,1,2,1,1,1,1,1,1
SF,IH2006,2019-11-13 09:38:56.400,2946.0000,1341,0,13261320.000,0,-,-,-,-,2945.4000,2945.0000,2944.4000,2944.2000,2944.0000,2948.2000,2949.6000,2949.8000,2951.6000,2952.0000,1,1,1,1,1,1,1,1,1,1
SF,IH2006,2019-11-13 09:38:56.900,2946.0000,1341,0,13261320.000,0,-,-,-,-,2945.8000,2945.6000,2945.4000,2945.0000,2944.4000,2947.8000,2948.2000,2949.6000,2949.8000,2951.6000,1,1,1,1,1,1,1,1,1,1
SF,IH2006,2019-11-13 09:38:57.400,2946.0000,1341,0,13261320.000,0,-,-,-,-,2945.8000,2945.4000,2945.0000,2944.4000,2944.2000,2948.2000,2949.6000,2949.8000,2951.6000,2952.0000,1,1,1,1,1,1,1,1,1,1
SF,IH2006,2019-11-13 09:38:57.900,2946.0000,1341,0,13261320.000,0,-,-,-,-,2946.0000,2945.8000,2945.4000,2945.0000,2944.4000,2947.8000,2948.2000,2949.6000,2949.8000,2951.6000,1,1,1,1,1,1,1,1,1,1
SF,IH2006,2019-11-13 09:38:58.400,2946.0000,1341,0,13261320.000,0,-,-,-,-,2946.0000,2945.8000,2945.4000,2945.0000,2944.4000,2948.2000,2949.6000,2949.8000,2951.6000,2952.0000,1,1,1,1,1,1,1,1,1,1
SF,IH2006,2019-11-13 09:38:58.900,2946.0000,1341,0,13261320.000,0,-,-,-,-,2946.0000,2945.8000,2945.4000,2945.0000,2944.4000,2947.8000,2948.0000,2948.2000,2949.6000,2949.8000,2,1,1,1,1,1,1,1,1,1
SF,IH2006,2019-11-13 09:38:59.400,2946.0000,1341,0,13261320.000,0,-,-,-,-,2946.0000,2945.8000,2945.4000,2945.0000,2944.4000,2948.2000,2949.6000,2949.8000,2951.6000,2952.0000,2,1,1,1,1,1,1,1,1,1
SF,IH2006,2019-11-13 09:38:59.900,2946.0000,1341,0,13261320.000,0,-,-,-,-,2946.0000,2945.8000,2945.4000,2945.0000,2944.4000,2948.0000,2948.2000,2949.6000,2949.8000,2951.6000,2,1,1,1,1,2,1,1,1,1
SF,IH2006,2019-11-13 09:39:00.400,2946.0000,1341,0,13261320.000,0,-,-,-,-,2946.0000,2945.8000,2945.4000,2945.0000,2944.4000,2948.0000,2948.2000,2949.6000,2949.8000,2951.6000,2,1,1,1,1,1,1,1,1,1
SF,IH2006,2019-11-13 09:39:00.900,2946.0000,1341,0,13261320.000,0,-,-,-,-,2946.0000,2945.8000,2945.4000,2945.0000,2944.4000,2947.8000,2948.0000,2948.2000,2949.6000,2949.8000,2,1,1,1,1,1,1,1,1,1
SF,IH2006,2019-11-13 09:39:01.400,2946.0000,1341,0,13261320.000,0,-,-,-,-,2946.0000,2945.8000,2945.4000,2945.0000,2944.4000,2948.2000,2949.6000,2949.8000,2951.6000,2952.0000,2,1,1,1,1,1,1,1,1,1
SF,IH2006,2019-11-13 09:39:01.900,2946.0000,1341,0,13261320.000,0,-,-,-,-,2946.0000,2945.8000,2945.4000,2945.0000,2944.4000,2947.8000,2948.0000,2948.2000,2949.6000,2949.8000,2,1,1,1,1,1,1,1,1,1
SF,IH2006,2019-11-13 09:39:02.400,2946.0000,1341,0,13261320.000,0,-,-,-,-,2946.0000,2945.8000,2945.4000,2945.0000,2944.4000,2948.2000,2949.6000,2949.8000,2951.6000,2952.0000,2,1,1,1,1,1,1,1,1,1
SF,IH2006,2019-11-13 09:39:02.900,2946.0000,1341,0,13261320.000,0,-,-,-,-,2946.0000,2945.8000,2945.4000,2945.0000,2944.4000,2947.8000,2948.0000,2948.2000,2949.6000,2949.8000,2,1,1,1,1,1,1,1,1,1
SF,IH2006,2019-11-13 09:39:03.400,2946.0000,1341,0,13261320.000,0,-,-,-,-,2946.0000,2945.8000,2945.4000,2945.0000,2944.4000,2948.2000,2949.6000,2949.8000,2951.6000,2952.0000,2,1,1,1,1,1,1,1,1,1
SF,IH2006,2019-11-13 09:39:03.900,2946.0000,1341,0,13261320.000,0,-,-,-,-,2946.0000,2945.8000,2945.4000,2945.0000,2944.4000,2947.8000,2948.0000,2948.2000,2949.6000,2949.8000,2,1,1,1,1,1,1,1,1,1
SF,IH2006,2019-11-13 09:39:04.400,2946.0000,1341,0,13261320.000,0,-,-,-,-,2946.0000,2945.8000,2945.4000,2945.0000,2944.4000,2948.2000,2949.6000,2949.8000,2951.6000,2952.0000,2,1,1,1,1,1,1,1,1,1
SF,IH2006,2019-11-13 09:39:04.900,2946.0000,1341,0,13261320.000,0,-,-,-,-,2946.0000,2945.8000,2945.4000,2945.0000,2944.4000,2947.8000,2948.0000,2948.2000,2949.6000,2949.8000,2,1,1,1,1,1,1,1,1,1
SF,IH2006,2019-11-13 09:39:05.400,2946.0000,1341,0,13261320.000,0,-,-,-,-,2946.0000,2945.4000,2945.0000,2944.4000,2944.2000,2948.2000,2949.6000,2949.8000,2951.6000,2952.0000,2,1,1,1,1,1,1,1,1,1
SF,IH2006,2019-11-13 09:39:05.900,2946.0000,1341,0,13261320.000,0,-,-,-,-,2946.2000,2946.0000,2945.4000,2945.0000,2944.4000,2947.6000,2948.0000,2948.2000,2949.6000,2949.8000,1,2,1,1,1,1,1,1,1,1
SF,IH2006,2019-11-13 09:39:06.400,2946.0000,1341,0,13261320.000,0,-,-,-,-,2946.2000,2946.0000,2945.4000,2945.0000,2944.4000,2947.6000,2948.2000,2949.6000,2949.8000,2951.6000,1,1,1,1,1,1,1,1,1,1
SF,IH2006,2019-11-13 09:39:11.900,2946.0000,1341,0,13261320.000,0,-,-,-,-,2946.2000,2946.0000,2945.4000,2945.0000,2944.4000,2947.4000,2947.6000,2948.2000,2949.6000,2949.8000,1,1,1,1,1,1,1,1,1,1
SF,IH2006,2019-11-13 09:39:12.900,2946.0000,1341,0,13261320.000,0,-,-,-,-,2946.2000,2946.0000,2945.0000,2944.4000,2944.2000,2947.4000,2947.6000,2948.2000,2949.6000,2949.8000,1,1,1,1,1,1,1,1,1,1
SF,IH2006,2019-11-13 09:39:13.400,2946.2000,1341,0,14145180.000,1,0,1,多换,S,2946.0000,2945.0000,2944.4000,2944.2000,2944.0000,2947.2000,2947.4000,2947.6000,2948.2000,2949.6000,1,1,1,1,1,1,1,1,1,1
SF,IH2006,2019-11-13 09:39:13.900,2946.2000,1341,0,14145180.000,0,-,-,-,-,2946.0000,2945.0000,2944.4000,2944.2000,2944.0000,2947.2000,2947.4000,2948.2000,2949.6000,2949.8000,1,1,1,1,1,1,1,1,1,1
SF,IH2006,2019-11-13 09:39:14.400,2946.2000,1341,0,14145180.000,0,-,-,-,-,2946.0000,2945.0000,2944.4000,2944.2000,2944.0000,2947.0000,2947.2000,2947.4000,2948.2000,2949.6000,1,1,1,1,1,1,1,1,1,1
SF,IH2006,2019-11-13 09:39:14.900,2946.2000,1341,0,14145180.000,0,-,-,-,-,2946.0000,2944.4000,2944.2000,2944.0000,2943.2000,2947.0000,2947.4000,2948.2000,2949.6000,2949.8000,1,1,1,1,1,1,1,1,1,1
SF,IH2006,2019-11-13 09:39:16.400,2946.2000,1341,0,14145180.000,0,-,-,-,-,2946.0000,2944.4000,2944.2000,2944.0000,2943.2000,2946.8000,2947.0000,2947.4000,2948.2000,2949.6000,1,1,1,1,1,1,1,1,1,1
SF,IH2006,2019-11-13 09:39:16.900,2946.0000,1342,1,15028980.000,1,1,0,双开,S,2944.2000,2944.0000,2943.2000,2937.4000,2933.2000,2946.0000,2946.6000,2946.8000,2947.0000,2947.4000,1,1,1,5,1,1,1,1,3,1
SF,IH2006,2019-11-13 09:39:17.400,2946.0000,1342,0,15028980.000,0,-,-,-,-,2944.2000,2944.0000,2943.2000,2937.4000,2933.2000,2945.8000,2946.0000,2946.6000,2946.8000,2947.4000,1,1,1,5,1,1,1,1,1,1
SF,IH2006,2019-11-13 09:39:17.900,2946.0000,1342,0,15028980.000,0,-,-,-,-,2944.4000,2944.2000,2944.0000,2943.2000,2937.4000,2945.6000,2946.0000,2946.6000,2946.8000,2947.4000,1,1,1,1,5,1,1,1,1,1
SF,IH2006,2019-11-13 09:39:18.400,2946.0000,1342,0,15028980.000,0,-,-,-,-,2944.4000,2944.0000,2943.2000,2937.4000,2933.2000,2945.6000,2946.0000,2946.6000,2946.8000,2947.4000,1,1,1,5,1,1,1,1,1,1
SF,IH2006,2019-11-13 09:39:18.900,2946.0000,1342,0,15028980.000,0,-,-,-,-,2944.4000,2944.0000,2943.2000,2937.4000,2933.2000,2946.0000,2946.6000,2946.8000,2947.4000,2948.2000,1,1,1,5,1,1,1,1,1,1
SF,IH2006,2019-11-13 09:39:26.900,2946.0000,1342,0,15028980.000,0,-,-,-,-,2944.4000,2944.0000,2943.2000,2937.4000,2933.2000,2946.6000,2946.8000,2947.4000,2948.2000,2949.8000,1,1,1,5,1,1,1,1,1,1
SF,IH2006,2019-11-13 09:39:27.400,2946.0000,1342,0,15028980.000,0,-,-,-,-,2944.4000,2944.0000,2943.2000,2937.4000,2933.2000,2946.4000,2946.6000,2946.8000,2947.4000,2948.2000,1,1,1,5,1,2,1,1,1,1
SF,IH2006,2019-11-13 09:39:28.400,2946.0000,1342,0,15028980.000,0,-,-,-,-,2944.6000,2944.4000,2944.0000,2943.2000,2937.4000,2946.4000,2946.8000,2947.4000,2948.2000,2949.8000,1,1,1,1,5,2,1,1,1,1
SF,IH2006,2019-11-13 09:39:28.900,2946.0000,1342,0,15028980.000,0,-,-,-,-,2944.6000,2944.0000,2943.2000,2937.4000,2933.2000,2946.8000,2947.4000,2948.2000,2949.8000,2951.6000,1,1,1,5,1,1,1,1,1,1
SF,IH2006,2019-11-13 09:39:29.400,2946.0000,1342,0,15028980.000,0,-,-,-,-,2945.0000,2944.8000,2944.6000,2944.0000,2943.2000,2947.4000,2948.2000,2949.8000,2951.6000,2952.0000,1,1,1,1,1,1,1,1,1,1
SF,IH2006,2019-11-13 09:39:29.900,2946.0000,1342,0,15028980.000,0,-,-,-,-,2945.0000,2944.6000,2944.0000,2943.2000,2937.4000,2947.2000,2947.4000,2948.2000,2949.8000,2951.6000,1,1,1,1,5,1,1,1,1,1
SF,IH2006,2019-11-13 09:39:30.400,2946.0000,1342,0,15028980.000,0,-,-,-,-,2945.2000,2945.0000,2944.6000,2944.0000,2943.2000,2947.0000,2947.2000,2947.4000,2948.2000,2949.8000,1,1,1,1,1,1,1,1,1,1
SF,IH2006,2019-11-13 09:39:30.900,2946.0000,1342,0,15028980.000,0,-,-,-,-,2945.2000,2945.0000,2944.6000,2944.0000,2943.2000,2948.2000,2949.8000,2951.6000,2952.0000,2952.6000,1,1,1,1,1,1,1,1,1,5
SF,IH2006,2019-11-13 09:39:31.400,2946.0000,1342,0,15028980.000,0,-,-,-,-,2945.2000,2945.0000,2944.6000,2944.0000,2943.2000,2947.2000,2948.0000,2948.2000,2949.8000,2951.6000,1,1,1,1,1,1,1,1,1,1
SF,IH2006,2019-11-13 09:39:31.900,2946.0000,1342,0,15028980.000,0,-,-,-,-,2945.2000,2945.0000,2944.6000,2944.0000,2943.2000,2947.0000,2948.2000,2949.8000,2951.6000,2952.0000,1,1,1,1,1,1,1,1,1,1
SF,IH2006,2019-11-13 09:39:32.400,2946.0000,1342,0,15028980.000,0,-,-,-,-,2945.2000,2945.0000,2944.6000,2944.0000,2943.2000,2946.8000,2947.0000,2948.2000,2949.8000,2951.6000,1,1,1,1,1,1,1,1,1,1
SF,IH2006,2019-11-13 09:39:32.900,2946.0000,1342,0,15028980.000,0,-,-,-,-,2944.0000,2943.2000,2937.4000,2933.2000,2931.8000,2946.6000,2946.8000,2947.0000,2948.2000,2949.8000,1,1,5,1,1,2,1,1,1,1
SF,IH2006,2019-11-13 09:39:33.400,2946.0000,1342,0,15028980.000,0,-,-,-,-,2944.2000,2944.0000,2943.2000,2937.4000,2933.2000,2946.6000,2947.0000,2948.2000,2949.8000,2951.6000,1,1,1,5,1,2,1,1,1,1
SF,IH2006,2019-11-13 09:39:33.900,2946.0000,1342,0,15028980.000,0,-,-,-,-,2944.4000,2944.2000,2944.0000,2943.2000,2937.4000,2946.6000,2948.2000,2949.8000,2951.6000,2952.0000,1,1,1,1,5,1,1,1,1,1
SF,IH2006,2019-11-13 09:39:34.400,2946.0000,1342,0,15028980.000,0,-,-,-,-,2944.0000,2943.2000,2937.4000,2933.2000,2931.8000,2946.6000,2948.2000,2949.8000,2951.6000,2952.0000,1,1,5,1,1,1,1,1,1,1
SF,IH2006,2019-11-13 09:39:34.900,2946.0000,1342,0,15028980.000,0,-,-,-,-,2944.2000,2944.0000,2943.2000,2937.4000,2933.2000,2946.6000,2948.2000,2949.8000,2951.6000,2952.0000,2,1,1,5,1,1,1,1,1,1
SF,IH2006,2019-11-13 09:39:35.400,2946.0000,1342,0,15028980.000,0,-,-,-,-,2944.2000,2944.0000,2943.2000,2937.4000,2933.2000,2948.2000,2949.8000,2951.6000,2952.0000,2952.6000,2,1,1,5,1,1,1,1,1,5
SF,IH2006,2019-11-13 09:39:35.900,2946.0000,1342,0,15028980.000,0,-,-,-,-,2944.8000,2944.2000,2944.0000,2943.2000,2937.4000,2947.4000,2948.0000,2948.2000,2949.8000,2951.6000,1,2,1,1,5,1,1,1,1,1
SF,IH2006,2019-11-13 09:39:36.400,2946.0000,1342,0,15028980.000,0,-,-,-,-,2944.8000,2944.2000,2944.0000,2943.2000,2937.4000,2947.2000,2947.4000,2948.0000,2948.2000,2949.8000,1,2,1,1,5,1,1,1,1,1
SF,IH2006,2019-11-13 09:39:36.900,2946.0000,1342,0,15028980.000,0,-,-,-,-,2944.8000,2944.2000,2944.0000,2943.2000,2937.4000,2947.2000,2948.2000,2949.8000,2951.6000,2952.0000,1,1,1,1,5,1,1,1,1,1
SF,IH2006,2019-11-13 09:39:37.400,2946.0000,1342,0,15028980.000,0,-,-,-,-,2945.0000,2944.8000,2944.2000,2944.0000,2943.2000,2947.0000,2947.2000,2948.2000,2949.8000,2951.6000,1,1,1,1,1,1,1,1,1,1
SF,IH2006,2019-11-13 09:39:37.900,2946.0000,1342,0,15028980.000,0,-,-,-,-,2945.0000,2944.8000,2944.2000,2944.0000,2943.2000,2947.2000,2948.2000,2949.8000,2951.6000,2952.0000,1,1,1,1,1,1,1,1,1,1
SF,IH2006,2019-11-13 09:39:38.400,2946.0000,1342,0,15028980.000,0,-,-,-,-,2945.0000,2944.8000,2944.2000,2944.0000,2943.2000,2947.0000,2947.2000,2948.2000,2949.8000,2951.6000,1,1,1,1,1,2,1,1,1,1
SF,IH2006,2019-11-13 09:39:38.900,2946.0000,1342,0,15028980.000,0,-,-,-,-,2945.0000,2944.8000,2944.2000,2944.0000,2943.2000,2946.8000,2947.0000,2947.2000,2948.2000,2949.8000,1,1,1,1,1,1,1,1,1,1
SF,IH2006,2019-11-13 09:39:39.400,2946.0000,1342,0,15028980.000,0,-,-,-,-,2945.0000,2944.8000,2944.2000,2944.0000,2943.2000,2946.6000,2946.8000,2947.2000,2948.2000,2949.8000,1,1,1,1,1,1,1,1,1,1
SF,IH2006,2019-11-13 09:39:39.900,2946.0000,1342,0,15028980.000,0,-,-,-,-,2945.0000,2944.8000,2944.2000,2944.0000,2943.2000,2946.8000,2947.2000,2948.2000,2949.8000,2951.6000,1,1,1,1,1,1,1,1,1,1
SF,IH2006,2019-11-13 09:39:40.400,2946.0000,1342,0,15028980.000,0,-,-,-,-,2945.0000,2944.8000,2944.2000,2944.0000,2943.2000,2947.2000,2948.2000,2949.8000,2951.6000,2952.0000,1,1,1,1,1,1,1,1,1,1
SF,IH2006,2019-11-13 09:39:40.900,2946.0000,1342,0,15028980.000,0,-,-,-,-,2945.0000,2944.8000,2944.2000,2944.0000,2943.2000,2947.0000,2947.2000,2948.2000,2949.8000,2951.6000,1,1,1,1,1,1,1,1,1,1
SF,IH2006,2019-11-13 09:39:41.400,2946.0000,1342,0,15028980.000,0,-,-,-,-,2945.0000,2944.8000,2944.2000,2944.0000,2943.2000,2947.2000,2948.2000,2949.8000,2951.6000,2952.0000,1,1,1,1,1,1,1,1,1,1
SF,IH2006,2019-11-13 09:39:41.900,2946.0000,1342,0,15028980.000,0,-,-,-,-,2945.0000,2944.8000,2944.2000,2944.0000,2943.2000,2947.0000,2947.2000,2948.2000,2949.8000,2951.6000,1,1,1,1,1,2,1,1,1,1
SF,IH2006,2019-11-13 09:39:42.400,2946.0000,1342,0,15028980.000,0,-,-,-,-,2945.0000,2944.8000,2944.2000,2944.0000,2943.2000,2946.8000,2947.0000,2947.2000,2948.2000,2949.8000,1,1,1,1,1,1,1,1,1,1
SF,IH2006,2019-11-13 09:39:42.900,2946.0000,1342,0,15028980.000,0,-,-,-,-,2945.0000,2944.8000,2944.2000,2944.0000,2943.2000,2946.8000,2947.2000,2948.2000,2949.8000,2951.6000,1,1,1,1,1,1,1,1,1,1
SF,IH2006,2019-11-13 09:39:43.400,2946.0000,1342,0,15028980.000,0,-,-,-,-,2945.0000,2944.8000,2944.2000,2944.0000,2943.2000,2946.6000,2946.8000,2947.2000,2948.2000,2949.8000,1,1,1,1,1,1,1,1,1,1
SF,IH2006,2019-11-13 09:39:43.900,2946.0000,1342,0,15028980.000,0,-,-,-,-,2945.0000,2944.8000,2944.2000,2944.0000,2943.2000,2946.8000,2947.2000,2948.2000,2949.8000,2951.6000,1,1,1,1,1,1,1,1,1,1
SF,IH2006,2019-11-13 09:39:45.900,2946.0000,1342,0,15028980.000,0,-,-,-,-,2945.0000,2944.8000,2944.2000,2944.0000,2943.2000,2947.2000,2948.2000,2949.8000,2951.6000,2952.0000,1,1,1,1,1,1,1,1,1,1
SF,IH2006,2019-11-13 09:39:46.400,2946.0000,1342,0,15028980.000,0,-,-,-,-,2945.0000,2944.8000,2944.2000,2944.0000,2943.2000,2947.0000,2947.2000,2948.2000,2949.8000,2951.6000,1,1,1,1,1,2,1,1,1,1
SF,IH2006,2019-11-13 09:39:46.900,2946.0000,1342,0,15028980.000,0,-,-,-,-,2945.0000,2944.8000,2944.2000,2944.0000,2943.2000,2947.0000,2947.2000,2948.2000,2949.8000,2951.6000,1,1,1,1,1,1,1,1,1,1
SF,IH2006,2019-11-13 09:39:47.400,2946.0000,1342,0,15028980.000,0,-,-,-,-,2944.8000,2944.2000,2944.0000,2943.2000,2937.4000,2946.6000,2946.8000,2947.0000,2947.2000,2948.2000,1,1,1,1,5,1,1,1,1,1
SF,IH2006,2019-11-13 09:39:47.900,2946.0000,1342,0,15028980.000,0,-,-,-,-,2944.2000,2944.0000,2943.2000,2937.4000,2933.2000,2946.8000,2947.2000,2948.2000,2949.8000,2951.6000,1,1,1,5,1,1,1,1,1,1
SF,IH2006,2019-11-13 09:39:48.400,2946.0000,1342,0,15028980.000,0,-,-,-,-,2944.4000,2944.2000,2944.0000,2943.2000,2937.4000,2946.6000,2946.8000,2947.2000,2948.2000,2949.8000,2,1,1,1,5,1,1,1,1,1
SF,IH2006,2019-11-13 09:39:48.900,2946.0000,1342,0,15028980.000,0,-,-,-,-,2944.4000,2944.2000,2944.0000,2943.2000,2937.4000,2946.4000,2946.8000,2947.2000,2948.2000,2949.8000,2,1,1,1,5,1,1,1,1,1
SF,IH2006,2019-11-13 09:39:49.400,2946.0000,1342,0,15028980.000,0,-,-,-,-,2944.4000,2944.2000,2944.0000,2943.2000,2937.4000,2947.2000,2948.2000,2949.8000,2951.6000,2952.0000,2,1,1,1,5,1,1,1,1,1
SF,IH2006,2019-11-13 09:39:49.900,2946.0000,1342,0,15028980.000,0,-,-,-,-,2944.4000,2944.2000,2944.0000,2943.2000,2937.4000,2946.8000,2947.0000,2947.2000,2948.2000,2949.8000,2,1,1,1,5,1,1,1,1,1
SF,IH2006,2019-11-13 09:39:50.400,2946.0000,1342,0,15028980.000,0,-,-,-,-,2944.4000,2944.2000,2944.0000,2943.2000,2937.4000,2947.2000,2948.2000,2949.8000,2951.6000,2952.0000,2,1,1,1,5,1,1,1,1,1
SF,IH2006,2019-11-13 09:39:50.900,2946.0000,1342,0,15028980.000,0,-,-,-,-,2944.4000,2944.2000,2944.0000,2943.2000,2937.4000,2947.0000,2947.2000,2948.2000,2949.8000,2951.6000,2,1,1,1,5,2,1,1,1,1
SF,IH2006,2019-11-13 09:39:51.400,2946.0000,1342,0,15028980.000,0,-,-,-,-,2944.4000,2944.2000,2944.0000,2943.2000,2937.4000,2947.0000,2947.2000,2948.2000,2949.8000,2951.6000,2,1,1,1,5,1,1,1,1,1
SF,IH2006,2019-11-13 09:39:51.900,2946.0000,1342,0,15028980.000,0,-,-,-,-,2944.6000,2944.4000,2944.2000,2944.0000,2943.2000,2947.0000,2947.2000,2948.2000,2949.8000,2951.6000,1,2,1,1,1,1,1,1,1,1
SF,IH2006,2019-11-13 09:39:52.400,2946.0000,1342,0,15028980.000,0,-,-,-,-,2944.6000,2944.4000,2944.2000,2944.0000,2943.2000,2947.0000,2947.2000,2948.2000,2949.8000,2951.6000,1,1,1,1,1,1,1,1,1,1
