市场代码,合约代码,时间,最新,持仓,增仓,成交额,成交量,开仓,平仓,成交类型,方向,买一价,买二价,买三价,买四价,买五价,卖一价,卖二价,卖三价,卖四价,卖五价,买一量,买二量,买三量,买四量,买五量,卖一量,卖二量,卖三量,卖四量,卖五量
SF,IH2003,2019-11-27 09:29:00.100,2937.6000,13629,0,881280.000,1.000,-,-,-,-,2935.2000,2934.0000,2933.2000,2931.6000,2930.4000,2940.0000,2942.2000,2943.6000,2945.0000,2947.6000,1,1,1,2,1,1,2,2,3,2
SF,IH2003,2019-11-27 09:30:00.100,2937.6000,13629,0,881280.000,0,-,-,-,-,2935.2000,2934.0000,2933.2000,2931.6000,2930.4000,2938.6000,2939.6000,2940.0000,2945.0000,2947.6000,1,2,1,2,1,2,13,4,3,2
SF,IH2003,2019-11-27 09:30:00.600,2937.6000,13629,0,881280.000,0,-,-,-,-,2935.2000,2934.0000,2931.6000,2930.4000,2927.0000,2937.6000,2938.2000,2938.4000,2938.6000,2939.8000,1,1,2,1,1,1,13,8,2,4
SF,IH2003,2019-11-27 09:30:01.100,2937.6000,13629,0,881280.000,0,-,-,-,-,2935.2000,2934.0000,2933.0000,2930.4000,2928.0000,2936.2000,2936.4000,2937.2000,2937.4000,2937.6000,1,1,1,1,5,1,1,3,10,2
SF,IH2003,2019-11-27 09:30:01.600,2937.6000,13629,0,881280.000,0,-,-,-,-,2935.6000,2935.4000,2935.2000,2934.0000,2933.6000,2937.2000,2937.4000,2937.6000,2938.2000,2938.4000,1,4,1,1,1,3,4,5,1,5
SF,IH2003,2019-11-27 09:30:02.100,2937.6000,13629,0,881280.000,0,-,-,-,-,2935.4000,2935.2000,2934.0000,2933.6000,2933.0000,2937.2000,2937.4000,2937.6000,2938.2000,2938.4000,4,1,1,1,1,3,4,5,1,6
SF,IH2003,2019-11-27 09:30:02.600,2937.6000,13629,0,881280.000,0,-,-,-,-,2935.8000,2935.6000,2935.4000,2935.2000,2934.0000,2937.6000,2938.4000,2938.6000,2939.4000,2940.0000,4,7,4,1,1,2,6,2,1,3
SF,IH2003,2019-11-27 09:30:03.100,2937.6000,13629,0,881280.000,0,-,-,-,-,2936.6000,2936.2000,2936.0000,2935.8000,2935.6000,2938.4000,2938.6000,2939.4000,2940.0000,2945.0000,1,5,2,9,1,6,4,1,2,7
SF,IH2003,2019-11-27 09:30:03.600,2937.6000,13629,0,881280.000,0,-,-,-,-,2936.8000,2936.2000,2935.8000,2935.6000,2935.4000,2938.0000,2938.4000,2938.6000,2939.4000,2940.0000,1,5,7,1,4,1,6,4,1,2
SF,IH2003,2019-11-27 09:30:04.100,2937.6000,13629,0,881280.000,0,-,-,-,-,2937.2000,2936.8000,2936.2000,2935.8000,2935.6000,2938.4000,2938.6000,2939.4000,2940.0000,2945.0000,1,1,5,7,1,5,4,1,2,7
SF,IH2003,2019-11-27 09:30:06.600,2937.2000,13629,0,1762440.000,1,0,1,多换,S,2936.8000,2936.2000,2935.8000,2935.6000,2935.4000,2938.4000,2938.6000,2939.4000,2940.0000,2945.0000,1,5,7,1,4,5,4,1,2,7
SF,IH2003,2019-11-27 09:30:07.100,2937.2000,13629,0,1762440.000,0,-,-,-,-,2936.2000,2935.8000,2935.6000,2935.4000,2935.2000,2936.8000,2938.2000,2938.4000,2938.6000,2939.4000,5,7,1,4,1,1,1,5,4,1
SF,IH2003,2019-11-27 09:30:07.600,2936.8000,13628,-1,2643480.000,1,0,1,双平,S,2937.0000,2936.2000,2935.8000,2935.6000,2935.4000,2938.0000,2938.2000,2938.4000,2938.6000,2939.4000,1,5,7,1,4,1,1,5,5,1
SF,IH2003,2019-11-27 09:30:08.100,2938.0000,13627,-1,3524880.000,1,0,1,双平,S,2936.4000,2936.2000,2935.8000,2935.6000,2935.4000,2937.2000,2938.2000,2938.4000,2938.6000,2939.4000,2,5,7,1,2,43,1,5,4,1
SF,IH2003,2019-11-27 09:30:08.600,2938.0000,13627,0,3524880.000,0,-,-,-,-,2936.2000,2935.8000,2935.6000,2935.4000,2935.2000,2937.2000,2937.4000,2938.2000,2938.4000,2938.6000,5,7,1,2,1,43,3,1,5,1
SF,IH2003,2019-11-27 09:30:09.100,2938.0000,13627,0,3524880.000,0,-,-,-,-,2936.6000,2936.4000,2935.8000,2935.6000,2935.2000,2937.0000,2937.2000,2937.4000,2938.2000,2938.4000,6,5,6,1,1,1,43,3,1,5
SF,IH2003,2019-11-27 09:30:09.600,2936.6000,13624,-3,6167820.000,3,0,3,双平,S,2936.4000,2935.8000,2935.6000,2935.2000,2934.0000,2936.6000,2937.0000,2937.2000,2938.0000,2938.2000,2,6,1,1,1,1,1,43,3,1
SF,IH2003,2019-11-27 09:30:10.100,2936.4000,13622,-2,7929660.000,2,0,2,双平,S,2935.8000,2935.6000,2935.2000,2934.0000,2933.6000,2936.2000,2936.6000,2937.0000,2937.2000,2938.0000,4,1,1,1,1,1,1,1,43,3
SF,IH2003,2019-11-27 09:30:10.600,2936.2000,13621,-1,8810520.000,1,0,1,双平,S,2936.4000,2936.2000,2936.0000,2935.8000,2935.6000,2936.6000,2937.0000,2937.2000,2938.2000,2938.4000,1,5,2,4,1,1,4,43,1,3
SF,IH2003,2019-11-27 09:30:11.100,2936.2000,13620,-1,9691380.000,1,0,1,双平,S,2936.2000,2935.8000,2935.6000,2935.2000,2934.0000,2936.4000,2937.0000,2937.2000,2938.2000,2938.4000,2,4,1,1,1,1,4,43,1,3
SF,IH2003,2019-11-27 09:30:13.600,2936.2000,13620,0,9691380.000,0,-,-,-,-,2935.8000,2935.6000,2935.2000,2934.0000,2933.6000,2936.4000,2937.0000,2937.2000,2938.2000,2938.4000,2,1,1,1,1,1,4,43,1,3
SF,IH2003,2019-11-27 09:30:14.100,2936.2000,13620,0,9691380.000,0,-,-,-,-,2936.0000,2935.8000,2935.6000,2935.2000,2935.0000,2936.4000,2937.0000,2937.2000,2938.2000,2938.4000,2,2,1,1,1,1,4,43,1,3
SF,IH2003,2019-11-27 09:30:14.600,2936.2000,13620,0,9691380.000,0,-,-,-,-,2935.8000,2935.6000,2935.2000,2935.0000,2934.0000,2936.4000,2937.0000,2937.2000,2938.2000,2938.4000,2,1,1,1,1,1,4,43,1,3
SF,IH2003,2019-11-27 09:30:15.100,2936.2000,13620,0,9691380.000,0,-,-,-,-,2936.0000,2935.8000,2935.6000,2935.2000,2935.0000,2936.4000,2937.0000,2937.2000,2938.2000,2938.4000,2,2,1,1,1,1,4,43,1,3
SF,IH2003,2019-11-27 09:30:17.600,2936.2000,13620,0,9691380.000,0,-,-,-,-,2936.0000,2935.8000,2935.6000,2935.2000,2935.0000,2937.0000,2937.2000,2938.2000,2938.4000,2938.6000,3,2,1,1,1,4,43,1,3,1
SF,IH2003,2019-11-27 09:30:18.600,2936.2000,13620,0,9691380.000,0,-,-,-,-,2936.0000,2935.8000,2935.6000,2935.2000,2935.0000,2936.6000,2937.0000,2937.2000,2938.2000,2938.4000,3,2,1,1,1,1,4,43,1,3
SF,IH2003,2019-11-27 09:30:19.100,2936.6000,13619,-1,10572360.000,1,0,1,双平,S,2936.0000,2935.8000,2935.6000,2935.2000,2935.0000,2937.0000,2937.2000,2938.2000,2938.4000,2938.6000,3,2,1,1,1,1,46,1,3,1
SF,IH2003,2019-11-27 09:30:19.600,2936.6000,13619,0,10572360.000,0,-,-,-,-,2936.6000,2936.2000,2936.0000,2935.8000,2935.6000,2937.0000,2937.2000,2938.2000,2938.4000,2938.6000,1,4,3,3,1,1,46,1,3,1
SF,IH2003,2019-11-27 09:30:20.100,2936.6000,13618,-1,11453340.000,1,0,1,双平,S,2936.0000,2935.8000,2935.6000,2935.2000,2935.0000,2937.0000,2937.2000,2938.4000,2938.6000,2939.4000,3,2,1,1,1,1,46,3,1,1
SF,IH2003,2019-11-27 09:30:24.600,2936.6000,13618,0,11453340.000,0,-,-,-,-,2936.0000,2935.8000,2935.6000,2935.2000,2935.0000,2937.0000,2937.2000,2938.4000,2938.6000,2939.4000,3,3,1,1,1,1,46,3,1,1
SF,IH2003,2019-11-27 09:30:25.600,2936.6000,13618,0,11453340.000,0,-,-,-,-,2936.2000,2936.0000,2935.8000,2935.6000,2935.2000,2937.0000,2937.2000,2938.4000,2938.6000,2939.4000,2,3,3,1,1,1,46,3,1,1
SF,IH2003,2019-11-27 09:30:26.100,2936.6000,13618,0,11453340.000,0,-,-,-,-,2936.2000,2936.0000,2935.8000,2935.6000,2935.2000,2937.0000,2937.2000,2938.4000,2938.6000,2939.4000,3,3,3,1,1,1,46,3,1,1
SF,IH2003,2019-11-27 09:30:26.600,2936.2000,13615,-3,15857820.000,5,1,4,多平,S,2936.2000,2936.0000,2935.8000,2935.6000,2935.2000,2937.0000,2937.2000,2938.4000,2938.6000,2939.4000,1,1,1,1,1,1,46,1,1,1
SF,IH2003,2019-11-27 09:30:27.100,2936.0000,13616,1,16738620.000,1,1,0,双开,S,2935.8000,2935.6000,2935.2000,2935.0000,2934.0000,2937.0000,2937.2000,2938.6000,2939.4000,2940.0000,1,1,1,1,1,1,46,1,1,2
SF,IH2003,2019-11-27 09:30:27.600,2936.2000,13616,0,17619480.000,1,0,1,多换,S,2936.0000,2935.8000,2935.6000,2935.2000,2935.0000,2937.0000,2937.2000,2938.6000,2939.4000,2940.0000,4,1,1,1,1,1,46,1,1,2
SF,IH2003,2019-11-27 09:30:28.100,2936.2000,13616,0,17619480.000,0,-,-,-,-,2936.0000,2935.8000,2935.2000,2935.0000,2934.0000,2937.0000,2937.2000,2938.6000,2939.4000,2940.0000,4,1,1,1,1,1,46,1,1,2
SF,IH2003,2019-11-27 09:30:28.600,2936.2000,13616,0,17619480.000,0,-,-,-,-,2936.4000,2936.0000,2935.8000,2935.2000,2935.0000,2936.8000,2937.0000,2937.2000,2938.6000,2939.4000,1,4,1,1,1,2,1,46,1,1
SF,IH2003,2019-11-27 09:30:29.100,2936.2000,13616,0,17619480.000,0,-,-,-,-,2936.0000,2935.8000,2935.2000,2935.0000,2934.0000,2936.8000,2937.0000,2937.2000,2938.6000,2939.4000,2,1,1,1,1,2,1,46,1,1
SF,IH2003,2019-11-27 09:30:30.600,2936.8000,13615,-1,18500520.000,1,0,1,双平,S,2936.2000,2935.8000,2935.2000,2935.0000,2933.6000,2936.8000,2937.0000,2937.2000,2938.6000,2939.4000,1,1,1,1,1,1,1,46,1,1
SF,IH2003,2019-11-27 09:30:31.100,2936.2000,13614,-1,19381380.000,1,0,1,双平,S,2935.2000,2935.0000,2933.6000,2933.0000,2930.4000,2936.8000,2937.0000,2937.2000,2938.6000,2939.4000,1,1,1,1,1,1,1,46,1,1
SF,IH2003,2019-11-27 09:30:31.600,2936.2000,13614,0,19381380.000,0,-,-,-,-,2936.2000,2935.6000,2935.4000,2935.2000,2935.0000,2936.8000,2937.0000,2937.2000,2938.6000,2939.4000,1,4,4,1,2,1,1,46,1,1
SF,IH2003,2019-11-27 09:30:32.100,2936.2000,13614,0,19381380.000,0,-,-,-,-,2935.6000,2935.4000,2935.2000,2935.0000,2933.6000,2936.8000,2937.0000,2937.2000,2938.6000,2939.4000,2,2,1,2,1,1,1,46,1,1
SF,IH2003,2019-11-27 09:30:32.600,2936.0000,13613,-1,20262180.000,1,0,1,双平,S,2935.8000,2935.6000,2935.4000,2935.2000,2935.0000,2936.8000,2937.0000,2937.2000,2938.6000,2939.4000,3,2,2,1,2,2,1,46,1,1
SF,IH2003,2019-11-27 09:30:33.100,2936.0000,13613,0,20262180.000,0,-,-,-,-,2936.4000,2936.0000,2935.8000,2935.4000,2935.2000,2936.8000,2937.0000,2937.2000,2938.6000,2939.4000,1,2,3,2,1,3,1,46,1,1
SF,IH2003,2019-11-27 09:30:33.600,2936.0000,13613,0,20262180.000,0,-,-,-,-,2936.0000,2935.8000,2935.4000,2935.2000,2935.0000,2936.8000,2937.0000,2937.2000,2938.6000,2939.4000,2,1,2,1,2,3,1,46,1,1
SF,IH2003,2019-11-27 09:30:34.100,2936.0000,13613,0,20262180.000,0,-,-,-,-,2936.0000,2935.8000,2935.4000,2935.2000,2935.0000,2936.8000,2937.0000,2937.2000,2938.6000,2939.4000,2,1,2,1,2,3,1,43,1,1
SF,IH2003,2019-11-27 09:30:34.600,2936.8000,13611,-2,22024260.000,2,0,2,双平,S,2936.4000,2936.0000,2935.8000,2935.4000,2935.2000,2936.8000,2937.0000,2937.2000,2938.6000,2939.4000,1,2,1,2,1,1,1,43,1,1
SF,IH2003,2019-11-27 09:30:35.100,2937.0000,13611,0,23786400.000,2,1,1,多换,S,2936.8000,2936.0000,2935.8000,2935.4000,2935.2000,2937.2000,2937.8000,2938.6000,2939.4000,2940.0000,3,2,1,2,1,43,3,1,1,2
SF,IH2003,2019-11-27 09:30:35.600,2937.2000,13609,-2,27311040.000,4,1,3,多平,S,2936.8000,2936.0000,2935.8000,2935.4000,2935.2000,2937.2000,2937.8000,2938.6000,2939.4000,2940.0000,3,2,1,2,1,39,3,1,1,2
SF,IH2003,2019-11-27 09:30:36.100,2937.2000,13609,0,27311040.000,0,-,-,-,-,2936.0000,2935.8000,2935.4000,2935.2000,2935.0000,2937.2000,2937.8000,2938.6000,2939.4000,2940.0000,2,1,2,1,2,39,3,1,1,2
SF,IH2003,2019-11-27 09:30:36.600,2937.2000,13609,0,27311040.000,0,-,-,-,-,2936.2000,2936.0000,2935.8000,2935.4000,2935.2000,2937.2000,2937.8000,2938.6000,2939.4000,2940.0000,1,2,1,2,1,39,3,1,1,2
SF,IH2003,2019-11-27 09:30:37.100,2937.2000,13609,0,27311040.000,0,-,-,-,-,2936.6000,2936.2000,2935.8000,2935.4000,2935.2000,2937.2000,2937.8000,2938.6000,2939.4000,2940.0000,3,2,1,2,1,39,3,1,1,2
SF,IH2003,2019-11-27 09:30:37.600,2937.2000,13609,0,27311040.000,0,-,-,-,-,2936.6000,2936.2000,2935.8000,2935.4000,2935.2000,2937.2000,2937.8000,2938.6000,2939.4000,2940.0000,2,2,1,2,1,39,3,1,1,2
SF,IH2003,2019-11-27 09:30:38.100,2936.6000,13608,-1,29073000.000,2,0,2,多平,S,2936.2000,2935.8000,2935.4000,2935.2000,2935.0000,2936.6000,2937.2000,2937.8000,2938.6000,2939.4000,2,1,2,1,2,1,39,3,1,1
SF,IH2003,2019-11-27 09:30:38.600,2936.6000,13607,-1,29953980.000,1,0,1,双平,S,2936.4000,2936.2000,2935.8000,2935.4000,2935.2000,2937.2000,2937.8000,2938.6000,2939.4000,2940.0000,1,2,1,2,1,39,3,1,1,2
SF,IH2003,2019-11-27 09:30:39.100,2936.6000,13607,0,29953980.000,0,-,-,-,-,2936.2000,2935.8000,2935.4000,2935.2000,2935.0000,2937.2000,2937.8000,2938.6000,2939.4000,2940.0000,2,1,2,1,2,39,3,1,1,2
SF,IH2003,2019-11-27 09:30:39.600,2936.6000,13607,0,29953980.000,0,-,-,-,-,2936.6000,2935.8000,2935.4000,2935.2000,2935.0000,2937.2000,2937.8000,2938.6000,2939.4000,2940.0000,2,1,2,1,2,39,3,1,1,2
SF,IH2003,2019-11-27 09:30:40.100,2936.6000,13607,0,31715940.000,2,1,1,多换,S,2935.8000,2935.4000,2935.2000,2935.0000,2933.6000,2937.2000,2937.8000,2938.6000,2939.4000,2940.0000,1,2,1,2,1,39,3,1,1,2
SF,IH2003,2019-11-27 09:30:40.600,2936.6000,13607,0,31715940.000,0,-,-,-,-,2936.4000,2936.0000,2935.8000,2935.4000,2935.2000,2937.2000,2937.8000,2938.6000,2939.4000,2940.0000,1,1,1,2,1,39,3,1,1,2
SF,IH2003,2019-11-27 09:30:41.100,2936.6000,13607,0,31715940.000,0,-,-,-,-,2935.8000,2935.4000,2935.2000,2935.0000,2933.6000,2937.2000,2937.8000,2938.6000,2939.4000,2940.0000,1,2,1,2,1,39,3,1,1,2
SF,IH2003,2019-11-27 09:30:41.600,2936.6000,13607,0,31715940.000,0,-,-,-,-,2936.0000,2935.8000,2935.4000,2935.2000,2935.0000,2937.2000,2937.8000,2938.6000,2939.4000,2940.0000,1,1,2,1,2,39,3,1,1,2
SF,IH2003,2019-11-27 09:30:42.100,2936.6000,13607,0,31715940.000,0,-,-,-,-,2936.6000,2936.2000,2935.8000,2935.4000,2935.2000,2937.2000,2937.8000,2938.6000,2939.4000,2940.0000,1,1,1,2,1,39,3,1,1,2
SF,IH2003,2019-11-27 09:30:42.600,2936.6000,13607,0,31715940.000,0,-,-,-,-,2936.2000,2935.8000,2935.4000,2935.2000,2935.0000,2937.2000,2937.8000,2938.6000,2939.4000,2940.0000,1,1,2,1,2,39,3,1,1,2
SF,IH2003,2019-11-27 09:30:43.100,2936.6000,13607,0,31715940.000,0,-,-,-,-,2936.6000,2936.4000,2936.2000,2935.8000,2935.4000,2937.2000,2937.8000,2938.6000,2939.4000,2940.0000,1,1,1,1,2,39,3,1,1,2
SF,IH2003,2019-11-27 09:30:43.600,2936.6000,13607,0,31715940.000,0,-,-,-,-,2936.8000,2936.2000,2935.8000,2935.4000,2935.2000,2937.2000,2937.8000,2938.6000,2939.4000,2940.0000,1,2,1,2,1,39,3,1,1,2
SF,IH2003,2019-11-27 09:30:44.100,2936.8000,13606,-1,32596980.000,1,0,1,双平,S,2936.2000,2935.8000,2935.4000,2935.2000,2935.0000,2936.8000,2937.0000,2937.2000,2937.8000,2938.6000,2,1,2,1,2,1,1,39,3,1
SF,IH2003,2019-11-27 09:30:44.600,2936.8000,13605,-1,33478020.000,1,0,1,双平,S,2936.2000,2935.8000,2935.4000,2935.2000,2935.0000,2937.0000,2937.2000,2937.8000,2938.6000,2939.4000,2,1,2,1,2,1,39,3,1,1
SF,IH2003,2019-11-27 09:30:45.100,2936.8000,13605,0,33478020.000,0,-,-,-,-,2936.2000,2935.8000,2935.4000,2935.2000,2935.0000,2937.0000,2937.2000,2937.8000,2938.6000,2939.4000,1,1,2,1,2,1,39,3,1,1
SF,IH2003,2019-11-27 09:30:46.100,2936.8000,13605,0,33478020.000,0,-,-,-,-,2935.8000,2935.4000,2935.2000,2935.0000,2933.6000,2937.0000,2937.2000,2937.8000,2938.6000,2939.4000,1,2,1,2,1,1,39,3,1,1
SF,IH2003,2019-11-27 09:30:46.600,2936.8000,13605,0,33478020.000,0,-,-,-,-,2936.0000,2935.8000,2935.4000,2935.2000,2935.0000,2937.0000,2937.2000,2937.8000,2938.6000,2939.4000,1,1,2,1,2,1,39,3,1,1
SF,IH2003,2019-11-27 09:30:47.100,2936.8000,13605,0,33478020.000,0,-,-,-,-,2935.8000,2935.4000,2935.2000,2935.0000,2933.6000,2936.8000,2937.0000,2937.2000,2937.8000,2938.6000,1,2,1,2,1,1,1,39,3,1
SF,IH2003,2019-11-27 09:30:48.600,2936.8000,13605,0,33478020.000,0,-,-,-,-,2935.4000,2935.2000,2935.0000,2933.6000,2933.0000,2936.8000,2937.0000,2937.2000,2937.8000,2938.6000,2,1,2,1,1,1,1,39,3,1
SF,IH2003,2019-11-27 09:30:49.100,2936.8000,13605,0,33478020.000,0,-,-,-,-,2935.6000,2935.4000,2935.2000,2935.0000,2933.6000,2936.8000,2937.0000,2937.2000,2937.8000,2938.6000,1,2,1,2,1,1,1,39,3,1
SF,IH2003,2019-11-27 09:30:49.600,2936.8000,13605,0,33478020.000,0,-,-,-,-,2935.4000,2935.2000,2935.0000,2933.6000,2933.0000,2936.8000,2937.0000,2937.2000,2937.8000,2938.6000,2,1,2,1,1,1,1,39,3,1
SF,IH2003,2019-11-27 09:30:50.600,2936.8000,13605,0,33478020.000,0,-,-,-,-,2936.2000,2935.4000,2935.2000,2935.0000,2933.6000,2936.8000,2937.0000,2937.2000,2937.8000,2938.6000,2,2,1,2,1,1,1,39,3,1
SF,IH2003,2019-11-27 09:30:52.100,2936.8000,13605,0,33478020.000,0,-,-,-,-,2936.2000,2935.4000,2935.2000,2935.0000,2933.6000,2936.6000,2936.8000,2937.0000,2937.2000,2937.8000,2,1,1,2,1,1,1,1,39,3
SF,IH2003,2019-11-27 09:30:52.600,2936.2000,13604,-1,34358880.000,1,0,1,双平,S,2936.2000,2935.4000,2935.2000,2935.0000,2933.6000,2936.6000,2936.8000,2937.0000,2937.2000,2937.8000,1,1,1,2,1,1,1,1,39,3
SF,IH2003,2019-11-27 09:30:53.100,2936.2000,13604,0,34358880.000,0,-,-,-,-,2936.2000,2935.4000,2935.2000,2935.0000,2933.6000,2936.6000,2937.0000,2937.2000,2937.8000,2938.6000,1,1,1,2,1,1,1,39,3,1
SF,IH2003,2019-11-27 09:30:53.600,2936.2000,13604,0,34358880.000,0,-,-,-,-,2936.2000,2935.8000,2935.4000,2935.2000,2935.0000,2936.6000,2937.0000,2937.2000,2937.8000,2938.6000,1,1,1,1,2,2,1,39,3,1
SF,IH2003,2019-11-27 09:30:54.100,2936.2000,13604,0,34358880.000,0,-,-,-,-,2936.2000,2935.8000,2935.4000,2935.2000,2935.0000,2936.6000,2937.0000,2937.2000,2938.6000,2939.4000,1,1,1,1,2,5,1,39,1,1
SF,IH2003,2019-11-27 09:30:54.600,2936.6000,13603,-1,35239860.000,1,0,1,双平,S,2936.2000,2935.8000,2935.4000,2935.2000,2935.0000,2936.6000,2937.0000,2937.2000,2938.6000,2939.4000,1,1,1,1,2,4,1,39,1,1
SF,IH2003,2019-11-27 09:30:55.100,2936.2000,13602,-1,36120720.000,1,0,1,双平,S,2935.8000,2935.4000,2935.2000,2935.0000,2933.6000,2936.6000,2937.0000,2937.2000,2938.6000,2939.4000,1,1,1,2,1,1,1,39,1,1
SF,IH2003,2019-11-27 09:30:55.600,2936.2000,13602,0,36120720.000,0,-,-,-,-,2935.8000,2935.4000,2935.2000,2935.0000,2933.6000,2936.4000,2936.6000,2937.0000,2937.2000,2938.6000,1,1,1,2,1,2,1,1,42,1
SF,IH2003,2019-11-27 09:30:56.100,2936.2000,13602,0,36120720.000,0,-,-,-,-,2935.8000,2935.2000,2935.0000,2933.6000,2933.0000,2936.4000,2936.6000,2937.0000,2937.2000,2938.6000,1,1,2,1,1,2,1,1,42,1
SF,IH2003,2019-11-27 09:30:56.600,2935.8000,13603,1,37001460.000,1,1,0,双开,S,2935.2000,2935.0000,2933.6000,2933.0000,2930.4000,2936.4000,2936.6000,2937.0000,2937.2000,2938.6000,1,2,1,1,1,2,1,1,42,1
SF,IH2003,2019-11-27 09:30:57.100,2935.8000,13603,0,37001460.000,0,-,-,-,-,2935.6000,2935.2000,2935.0000,2933.6000,2933.0000,2936.2000,2936.4000,2936.6000,2937.0000,2937.2000,2,1,1,1,1,2,2,1,1,42
SF,IH2003,2019-11-27 09:30:57.600,2935.8000,13603,0,37001460.000,0,-,-,-,-,2935.6000,2935.2000,2935.0000,2933.6000,2933.2000,2936.2000,2936.4000,2936.6000,2937.0000,2937.2000,2,1,1,1,1,1,2,1,1,42
SF,IH2003,2019-11-27 09:30:58.100,2935.8000,13603,0,37001460.000,0,-,-,-,-,2935.6000,2935.2000,2935.0000,2933.6000,2933.2000,2936.2000,2936.4000,2936.6000,2937.0000,2937.2000,2,1,1,1,1,1,2,1,1,42
SF,IH2003,2019-11-27 09:30:58.600,2936.2000,13602,-1,37882320.000,1,0,1,双平,S,2936.2000,2935.2000,2935.0000,2934.6000,2933.6000,2936.4000,2936.6000,2937.0000,2937.2000,2937.6000,1,1,1,1,1,2,1,1,42,1
SF,IH2003,2019-11-27 09:30:59.100,2936.2000,13601,-1,38763180.000,1,0,1,双平,S,2935.2000,2935.0000,2933.6000,2933.2000,2933.0000,2936.0000,2936.2000,2936.4000,2936.6000,2937.0000,1,1,1,1,1,3,6,2,1,1
SF,IH2003,2019-11-27 09:30:59.600,2936.2000,13601,0,38763180.000,0,-,-,-,-,2935.2000,2935.0000,2933.6000,2933.2000,2933.0000,2936.0000,2936.2000,2936.4000,2936.6000,2937.0000,1,1,1,1,1,2,8,2,1,1
SF,IH2003,2019-11-27 09:31:01.100,2935.2000,13601,0,39643740.000,1,0,1,多换,S,2935.0000,2933.6000,2933.2000,2933.0000,2930.4000,2935.2000,2936.0000,2936.2000,2936.4000,2936.6000,1,1,1,1,1,38,2,8,2,1
SF,IH2003,2019-11-27 09:31:01.600,2935.0000,13601,0,41404740.000,2,1,1,多换,S,2933.6000,2933.2000,2933.0000,2930.4000,2930.0000,2935.0000,2935.2000,2936.0000,2936.2000,2936.4000,1,1,1,1,1,3,39,2,6,2
SF,IH2003,2019-11-27 09:31:02.100,2935.0000,13601,0,41404740.000,0,-,-,-,-,2934.6000,2933.8000,2933.6000,2933.0000,2930.4000,2935.0000,2935.2000,2936.0000,2936.2000,2936.4000,2,2,1,1,1,2,42,2,3,2
SF,IH2003,2019-11-27 09:31:02.600,2934.6000,13598,-3,44045880.000,3,0,3,双平,S,2933.6000,2933.0000,2930.4000,2930.0000,2929.4000,2935.0000,2935.2000,2935.6000,2936.0000,2936.2000,1,1,1,1,1,2,39,3,2,3
SF,IH2003,2019-11-27 09:31:03.100,2932.6000,13596,-2,46685880.000,3,0,3,多平,S,2932.0000,2930.4000,2930.0000,2929.4000,2929.0000,2933.6000,2934.6000,2934.8000,2935.2000,2935.6000,1,1,1,1,2,1,1,5,39,4
SF,IH2003,2019-11-27 09:31:03.600,2933.8000,13593,-3,50206380.000,4,0,4,多平,S,2933.8000,2933.6000,2933.0000,2932.6000,2932.2000,2934.0000,2934.6000,2934.8000,2935.2000,2936.0000,2,2,2,1,5,2,1,4,39,2
SF,IH2003,2019-11-27 09:31:04.100,2934.0000,13589,-4,54607140.000,5,0,5,多平,S,2933.6000,2933.0000,2932.6000,2932.2000,2930.4000,2934.6000,2935.2000,2936.0000,2936.2000,2936.4000,1,1,1,4,1,4,39,2,2,2
SF,IH2003,2019-11-27 09:31:04.600,2933.6000,13588,-1,55487220.000,1,0,1,双平,S,2932.6000,2932.2000,2930.4000,2930.0000,2929.4000,2933.6000,2933.8000,2934.4000,2934.6000,2935.2000,1,4,1,1,1,1,1,2,1,39
SF,IH2003,2019-11-27 09:31:05.100,2933.6000,13588,0,55487220.000,0,-,-,-,-,2932.6000,2932.2000,2930.4000,2930.0000,2929.4000,2933.6000,2933.8000,2934.4000,2934.6000,2935.2000,1,4,1,1,1,2,1,7,1,39
SF,IH2003,2019-11-27 09:31:05.600,2932.6000,13588,0,56367000.000,1,0,1,多换,S,2932.2000,2930.4000,2930.0000,2929.4000,2929.0000,2933.4000,2933.6000,2933.8000,2934.4000,2934.6000,3,1,1,1,2,2,39,1,7,1
SF,IH2003,2019-11-27 09:31:06.100,2932.6000,13588,0,56367000.000,0,-,-,-,-,2932.2000,2930.4000,2930.0000,2929.4000,2929.0000,2933.4000,2933.6000,2933.8000,2934.4000,2934.6000,3,1,1,1,2,2,39,1,7,1
SF,IH2003,2019-11-27 09:31:06.600,2932.6000,13588,0,56367000.000,0,-,-,-,-,2932.8000,2932.2000,2930.4000,2930.0000,2929.4000,2933.4000,2933.6000,2933.8000,2934.4000,2934.6000,1,3,1,1,1,2,39,1,7,1
SF,IH2003,2019-11-27 09:31:07.100,2932.8000,13587,-1,57246840.000,1,0,1,双平,S,2932.2000,2930.4000,2930.0000,2929.4000,2929.0000,2932.6000,2932.8000,2933.4000,2933.6000,2934.4000,1,1,1,1,2,1,3,2,39,7
SF,IH2003,2019-11-27 09:31:07.600,2932.2000,13586,-1,58126500.000,1,0,1,双平,S,2930.4000,2930.0000,2929.4000,2929.0000,2928.0000,2932.2000,2932.4000,2932.8000,2933.0000,2933.2000,1,1,1,2,5,1,1,1,6,4
SF,IH2003,2019-11-27 09:31:08.100,2932.2000,13584,-2,59885820.000,2,0,2,双平,S,2930.6000,2930.4000,2930.2000,2930.0000,2929.4000,2932.0000,2932.2000,2933.0000,2933.2000,2933.4000,2,1,2,1,1,1,2,6,5,3
SF,IH2003,2019-11-27 09:31:08.600,2932.2000,13584,0,59885820.000,0,-,-,-,-,2930.6000,2930.4000,2930.0000,2929.0000,2926.8000,2931.8000,2932.0000,2932.2000,2933.0000,2933.2000,1,1,1,2,1,1,5,40,6,4
SF,IH2003,2019-11-27 09:31:09.100,2932.2000,13584,0,59885820.000,0,-,-,-,-,2930.6000,2930.4000,2930.0000,2929.0000,2926.8000,2931.6000,2932.0000,2932.2000,2933.0000,2933.2000,1,1,1,2,1,1,5,40,6,7
SF,IH2003,2019-11-27 09:31:09.600,2932.2000,13584,0,59885820.000,0,-,-,-,-,2930.8000,2930.4000,2930.0000,2929.0000,2928.6000,2932.0000,2932.2000,2933.0000,2933.2000,2933.6000,1,1,1,2,1,5,40,6,7,1
SF,IH2003,2019-11-27 09:31:10.100,2932.2000,13584,0,59885820.000,0,-,-,-,-,2930.8000,2930.4000,2930.0000,2929.0000,2928.6000,2931.8000,2932.0000,2932.2000,2933.0000,2933.2000,1,1,1,2,1,1,5,40,6,7
SF,IH2003,2019-11-27 09:31:10.600,2930.8000,13583,-1,60765060.000,1,0,1,双平,S,2930.4000,2930.0000,2929.0000,2928.6000,2926.8000,2931.6000,2932.0000,2932.2000,2933.0000,2933.2000,1,1,2,1,1,2,5,40,6,7
SF,IH2003,2019-11-27 09:31:11.100,2930.4000,13583,0,62523300.000,2,1,1,多换,S,2930.0000,2929.0000,2928.6000,2926.8000,2926.4000,2931.6000,2932.0000,2932.2000,2933.0000,2933.2000,1,2,1,1,1,1,3,40,6,7
SF,IH2003,2019-11-27 09:31:11.600,2930.4000,13583,0,62523300.000,0,-,-,-,-,2930.2000,2930.0000,2929.0000,2928.6000,2926.8000,2931.4000,2931.6000,2932.0000,2932.2000,2933.0000,1,1,2,1,1,1,1,6,2,6
SF,IH2003,2019-11-27 09:31:12.100,2930.2000,13582,-1,63402360.000,1,0,1,双平,S,2930.2000,2930.0000,2929.0000,2928.6000,2926.8000,2930.8000,2932.0000,2932.2000,2933.0000,2933.2000,1,1,2,1,1,38,6,2,6,4
SF,IH2003,2019-11-27 09:31:12.600,2930.8000,13581,-1,64281600.000,1,0,1,双平,S,2930.4000,2930.2000,2930.0000,2929.0000,2928.6000,2930.8000,2932.0000,2932.2000,2933.0000,2933.2000,1,1,1,2,1,37,3,2,6,4
SF,IH2003,2019-11-27 09:31:13.100,2930.8000,13578,-3,66919320.000,3,0,3,双平,S,2930.4000,2930.2000,2930.0000,2929.0000,2926.8000,2930.8000,2932.0000,2932.2000,2933.0000,2933.2000,1,1,1,2,1,34,3,2,6,4
SF,IH2003,2019-11-27 09:31:13.600,2930.8000,13573,-5,73074000.000,7,1,6,多平,S,2930.6000,2930.4000,2930.2000,2930.0000,2929.0000,2930.8000,2932.0000,2932.2000,2933.0000,2933.2000,1,1,2,1,2,27,3,1,6,4
SF,IH2003,2019-11-27 09:31:14.100,2930.8000,13548,-25,96813480.000,27,1,26,多平,S,2930.6000,2930.4000,2930.2000,2930.0000,2929.0000,2932.0000,2932.2000,2933.0000,2933.2000,2933.6000,1,1,2,1,2,1,1,6,4,1
SF,IH2003,2019-11-27 09:31:14.600,2932.0000,13547,-1,97693080.000,1,0,1,双平,S,2930.8000,2930.4000,2930.2000,2930.0000,2929.0000,2933.2000,2933.6000,2934.6000,2936.0000,2936.4000,1,1,2,1,2,4,1,1,2,2
SF,IH2003,2019-11-27 09:31:15.100,2930.8000,13546,-1,98572320.000,1,0,1,双平,S,2930.4000,2930.2000,2930.0000,2929.6000,2929.0000,2933.0000,2933.2000,2933.6000,2934.6000,2936.0000,1,2,1,1,2,3,5,1,1,2
SF,IH2003,2019-11-27 09:31:15.600,2930.8000,13546,0,98572320.000,0,-,-,-,-,2930.4000,2930.2000,2930.0000,2929.6000,2929.0000,2932.8000,2933.0000,2933.2000,2933.6000,2934.6000,1,2,2,1,2,4,3,5,1,1
SF,IH2003,2019-11-27 09:31:16.100,2930.8000,13546,0,98572320.000,0,-,-,-,-,2931.0000,2930.4000,2930.2000,2930.0000,2929.6000,2932.6000,2932.8000,2933.2000,2933.6000,2934.6000,1,1,2,2,1,2,4,5,1,1
SF,IH2003,2019-11-27 09:31:16.600,2930.8000,13546,0,98572320.000,0,-,-,-,-,2931.0000,2930.4000,2930.2000,2930.0000,2929.6000,2932.4000,2932.6000,2932.8000,2933.2000,2933.6000,1,1,2,2,1,1,2,4,5,1
SF,IH2003,2019-11-27 09:31:17.100,2930.8000,13546,0,98572320.000,0,-,-,-,-,2931.0000,2930.4000,2930.2000,2930.0000,2929.6000,2932.2000,2932.4000,2932.8000,2933.2000,2933.6000,1,1,2,2,1,3,4,4,1,4
SF,IH2003,2019-11-27 09:31:18.100,2930.8000,13546,0,98572320.000,0,-,-,-,-,2931.0000,2930.4000,2930.2000,2930.0000,2929.6000,2932.2000,2932.8000,2933.2000,2933.6000,2934.6000,1,1,3,2,1,2,4,1,4,1
SF,IH2003,2019-11-27 09:31:18.600,2930.8000,13546,0,98572320.000,0,-,-,-,-,2931.0000,2930.4000,2930.2000,2930.0000,2929.6000,2932.2000,2932.8000,2933.2000,2933.6000,2934.6000,1,2,3,2,1,2,4,1,4,1
SF,IH2003,2019-11-27 09:31:19.100,2930.8000,13546,0,98572320.000,0,-,-,-,-,2931.0000,2930.4000,2930.2000,2930.0000,2929.6000,2932.2000,2932.8000,2933.2000,2933.6000,2934.6000,1,2,3,2,1,2,4,1,1,1
SF,IH2003,2019-11-27 09:31:19.600,2930.8000,13546,0,98572320.000,0,-,-,-,-,2931.2000,2931.0000,2930.4000,2930.2000,2930.0000,2932.0000,2932.8000,2933.2000,2933.6000,2934.6000,1,1,2,3,2,1,4,1,1,1
SF,IH2003,2019-11-27 09:31:20.100,2930.8000,13546,0,98572320.000,0,-,-,-,-,2931.2000,2931.0000,2930.4000,2930.2000,2930.0000,2932.0000,2932.8000,2933.2000,2933.6000,2934.6000,1,1,2,3,2,1,4,1,1,1
SF,IH2003,2019-11-27 09:31:20.600,2930.8000,13546,0,98572320.000,0,-,-,-,-,2931.2000,2931.0000,2930.4000,2930.2000,2930.0000,2932.0000,2932.8000,2933.2000,2933.6000,2934.6000,1,1,2,3,2,1,4,1,1,1
SF,IH2003,2019-11-27 09:31:21.100,2930.8000,13546,0,98572320.000,0,-,-,-,-,2931.2000,2931.0000,2930.4000,2930.2000,2930.0000,2932.0000,2932.8000,2933.2000,2933.4000,2933.6000,1,1,2,3,2,1,4,1,3,1
SF,IH2003,2019-11-27 09:31:21.600,2931.0000,13544,-2,100330980.000,2,0,2,双平,S,2930.4000,2930.2000,2930.0000,2929.6000,2929.0000,2931.2000,2931.8000,2932.0000,2932.8000,2933.2000,2,2,2,1,2,1,1,1,4,1
SF,IH2003,2019-11-27 09:31:22.100,2931.2000,13543,-1,101210340.000,1,0,1,双平,S,2931.0000,2930.6000,2930.4000,2930.2000,2930.0000,2932.8000,2933.2000,2933.4000,2933.6000,2934.6000,2,2,1,3,2,4,1,3,1,1
SF,IH2003,2019-11-27 09:31:22.600,2931.2000,13543,0,101210340.000,0,-,-,-,-,2930.4000,2930.2000,2930.0000,2929.6000,2929.0000,2932.6000,2932.8000,2933.2000,2933.4000,2933.6000,1,2,2,1,2,10,4,1,3,1
SF,IH2003,2019-11-27 09:31:23.100,2931.2000,13543,0,101210340.000,0,-,-,-,-,2930.4000,2930.2000,2930.0000,2929.6000,2929.0000,2932.4000,2932.6000,2932.8000,2933.2000,2933.4000,1,2,2,1,2,4,9,4,1,3
SF,IH2003,2019-11-27 09:31:23.600,2931.2000,13543,0,101210340.000,0,-,-,-,-,2930.4000,2930.2000,2930.0000,2929.6000,2929.0000,2932.2000,2932.4000,2932.6000,2932.8000,2933.2000,1,2,2,1,2,4,4,6,4,1
SF,IH2003,2019-11-27 09:31:24.100,2932.0000,13543,0,102089940.000,1,0,1,多换,S,2930.4000,2930.2000,2930.0000,2929.6000,2929.0000,2932.2000,2932.4000,2932.6000,2932.8000,2933.2000,1,2,2,1,2,4,4,6,4,1
SF,IH2003,2019-11-27 09:31:24.600,2932.0000,13543,0,102089940.000,0,-,-,-,-,2930.6000,2930.4000,2930.2000,2930.0000,2929.6000,2932.2000,2932.4000,2932.8000,2933.2000,2933.4000,1,1,3,2,1,4,4,4,1,3
SF,IH2003,2019-11-27 09:31:25.100,2932.0000,13543,0,102089940.000,0,-,-,-,-,2930.4000,2930.2000,2930.0000,2929.6000,2929.0000,2932.2000,2932.4000,2932.8000,2933.2000,2933.4000,1,3,2,1,2,4,4,4,1,3
SF,IH2003,2019-11-27 09:31:25.600,2932.0000,13543,0,102089940.000,0,-,-,-,-,2930.6000,2930.4000,2930.2000,2930.0000,2929.6000,2932.2000,2932.4000,2932.8000,2933.2000,2933.4000,1,1,3,2,1,4,4,4,1,3
SF,IH2003,2019-11-27 09:31:26.100,2932.0000,13543,0,102089940.000,0,-,-,-,-,2930.4000,2930.2000,2930.0000,2929.6000,2929.0000,2932.2000,2932.4000,2932.8000,2933.2000,2933.4000,1,3,2,1,2,4,4,4,1,3
SF,IH2003,2019-11-27 09:31:26.600,2932.0000,13543,0,102089940.000,0,-,-,-,-,2930.6000,2930.4000,2930.2000,2930.0000,2929.6000,2932.2000,2932.4000,2932.8000,2933.2000,2933.4000,1,1,3,2,1,4,4,4,1,3
SF,IH2003,2019-11-27 09:31:27.100,2932.0000,13542,-1,102969540.000,1,0,1,双平,S,2930.4000,2930.2000,2930.0000,2929.6000,2929.0000,2932.0000,2932.2000,2932.4000,2933.2000,2933.4000,1,2,2,1,2,4,4,4,1,3
SF,IH2003,2019-11-27 09:31:27.600,2932.0000,13542,0,102969540.000,0,-,-,-,-,2930.8000,2930.6000,2930.4000,2930.2000,2930.0000,2931.8000,2932.4000,2933.2000,2933.4000,2933.6000,1,1,1,3,2,2,4,1,3,1
SF,IH2003,2019-11-27 09:31:28.100,2932.0000,13542,0,102969540.000,0,-,-,-,-,2930.8000,2930.4000,2930.2000,2930.0000,2929.6000,2931.8000,2932.4000,2933.2000,2933.4000,2933.6000,1,1,3,2,1,1,4,1,3,1
SF,IH2003,2019-11-27 09:31:28.600,2932.0000,13542,0,102969540.000,0,-,-,-,-,2930.8000,2930.4000,2930.2000,2930.0000,2929.6000,2931.8000,2932.4000,2933.2000,2933.6000,2934.6000,1,1,2,2,1,1,4,1,1,1
SF,IH2003,2019-11-27 09:31:29.100,2931.8000,13541,-1,103849080.000,1,0,1,双平,S,2931.8000,2930.8000,2930.4000,2930.2000,2930.0000,2932.4000,2933.2000,2933.6000,2934.6000,2936.0000,1,1,1,3,2,4,2,1,1,2
SF,IH2003,2019-11-27 09:31:29.600,2931.8000,13541,0,103849080.000,0,-,-,-,-,2930.8000,2930.2000,2930.0000,2929.6000,2929.0000,2933.2000,2933.6000,2934.6000,2936.0000,2936.4000,1,2,2,1,2,1,1,1,2,2
SF,IH2003,2019-11-27 09:31:30.100,2931.8000,13541,0,103849080.000,0,-,-,-,-,2931.0000,2930.8000,2930.2000,2930.0000,2929.6000,2933.6000,2934.0000,2934.6000,2936.0000,2936.4000,2,1,2,3,1,1,3,1,2,2
SF,IH2003,2019-11-27 09:31:30.600,2931.8000,13541,0,103849080.000,0,-,-,-,-,2931.2000,2931.0000,2930.8000,2930.2000,2930.0000,2933.2000,2933.4000,2933.6000,2934.0000,2934.6000,1,1,1,2,3,6,5,1,3,1
SF,IH2003,2019-11-27 09:31:31.100,2931.8000,13541,0,103849080.000,0,-,-,-,-,2931.4000,2931.2000,2931.0000,2930.8000,2930.2000,2933.0000,2933.2000,2933.4000,2933.6000,2934.0000,1,1,1,2,2,2,6,4,1,3
SF,IH2003,2019-11-27 09:31:31.600,2931.8000,13541,0,103849080.000,0,-,-,-,-,2930.8000,2930.2000,2930.0000,2929.6000,2929.0000,2933.0000,2933.2000,2933.4000,2933.6000,2934.0000,1,2,3,1,2,6,6,4,1,3
SF,IH2003,2019-11-27 09:31:32.100,2931.8000,13541,0,103849080.000,0,-,-,-,-,2931.0000,2930.8000,2930.2000,2930.0000,2929.6000,2933.0000,2933.2000,2933.4000,2933.6000,2934.0000,1,1,2,3,1,5,6,4,1,3
SF,IH2003,2019-11-27 09:31:32.600,2931.8000,13541,0,103849080.000,0,-,-,-,-,2931.2000,2931.0000,2930.8000,2930.2000,2930.0000,2932.8000,2933.0000,2933.4000,2933.6000,2934.6000,1,1,1,2,3,1,5,4,1,1
SF,IH2003,2019-11-27 09:31:33.100,2931.8000,13541,0,103849080.000,0,-,-,-,-,2931.0000,2930.8000,2930.2000,2930.0000,2929.6000,2932.6000,2933.0000,2933.4000,2933.6000,2934.2000,1,1,2,3,1,1,4,4,1,3
SF,IH2003,2019-11-27 09:31:33.600,2931.8000,13541,0,103849080.000,0,-,-,-,-,2931.2000,2931.0000,2930.8000,2930.2000,2930.0000,2933.0000,2933.4000,2933.6000,2934.2000,2934.6000,2,2,1,2,3,4,4,1,3,1
SF,IH2003,2019-11-27 09:31:34.100,2931.8000,13541,0,103849080.000,0,-,-,-,-,2931.2000,2931.0000,2930.8000,2930.2000,2930.0000,2932.8000,2933.0000,2933.4000,2933.6000,2934.2000,2,1,1,3,3,1,4,4,1,3
SF,IH2003,2019-11-27 09:31:34.600,2931.8000,13541,0,103849080.000,0,-,-,-,-,2931.2000,2931.0000,2930.8000,2930.2000,2930.0000,2932.6000,2933.0000,2933.4000,2933.6000,2934.2000,2,1,1,3,3,3,4,2,1,3
SF,IH2003,2019-11-27 09:31:35.100,2931.8000,13541,0,103849080.000,0,-,-,-,-,2931.2000,2931.0000,2930.8000,2930.2000,2930.0000,2932.6000,2933.0000,2933.4000,2933.6000,2934.2000,2,1,1,2,3,3,4,2,1,3
SF,IH2003,2019-11-27 09:31:36.100,2932.6000,13541,0,104728860.000,1,0,1,多换,S,2931.2000,2931.0000,2930.8000,2930.2000,2930.0000,2932.6000,2933.0000,2933.4000,2933.6000,2934.2000,2,2,1,2,1,2,4,2,1,3
SF,IH2003,2019-11-27 09:31:36.600,2932.6000,13541,0,104728860.000,0,-,-,-,-,2931.2000,2931.0000,2930.8000,2930.2000,2930.0000,2933.0000,2933.4000,2933.6000,2934.2000,2934.6000,2,2,1,2,1,4,2,1,3,1
SF,IH2003,2019-11-27 09:31:37.600,2932.6000,13541,0,104728860.000,0,-,-,-,-,2931.4000,2931.2000,2931.0000,2930.8000,2930.2000,2933.0000,2933.4000,2933.6000,2934.2000,2934.6000,1,2,2,1,2,4,2,1,3,1
SF,IH2003,2019-11-27 09:31:38.100,2932.6000,13541,0,104728860.000,0,-,-,-,-,2931.6000,2931.4000,2931.0000,2930.8000,2930.2000,2933.0000,2933.4000,2933.6000,2934.2000,2934.6000,2,1,2,1,2,4,2,1,3,1
SF,IH2003,2019-11-27 09:31:38.600,2932.6000,13541,0,104728860.000,0,-,-,-,-,2931.6000,2931.4000,2931.0000,2930.8000,2930.2000,2932.8000,2933.4000,2933.6000,2934.2000,2934.6000,2,1,2,1,2,1,2,1,3,1
SF,IH2003,2019-11-27 09:31:39.600,2932.6000,13541,0,104728860.000,0,-,-,-,-,2931.6000,2931.4000,2931.0000,2930.8000,2930.2000,2932.8000,2933.4000,2933.6000,2934.2000,2934.6000,2,1,1,1,2,1,2,1,3,1
SF,IH2003,2019-11-27 09:31:40.100,2932.6000,13541,0,104728860.000,0,-,-,-,-,2931.8000,2931.6000,2931.4000,2931.0000,2930.8000,2932.8000,2933.4000,2933.6000,2934.2000,2934.6000,1,2,1,1,1,1,2,1,3,1
SF,IH2003,2019-11-27 09:31:40.600,2932.6000,13541,0,104728860.000,0,-,-,-,-,2931.8000,2931.4000,2931.0000,2930.8000,2930.2000,2932.8000,2933.4000,2933.6000,2934.2000,2934.6000,1,1,1,1,2,1,2,1,3,1
SF,IH2003,2019-11-27 09:31:42.600,2932.6000,13541,0,104728860.000,0,-,-,-,-,2932.0000,2931.8000,2931.6000,2931.4000,2931.0000,2932.8000,2933.4000,2933.6000,2934.2000,2934.6000,1,1,1,1,1,1,2,1,3,1
SF,IH2003,2019-11-27 09:31:43.100,2932.6000,13541,0,104728860.000,0,-,-,-,-,2931.8000,2931.4000,2931.0000,2930.8000,2930.4000,2932.8000,2933.4000,2933.6000,2934.2000,2934.6000,1,1,1,1,1,1,2,1,3,1
SF,IH2003,2019-11-27 09:31:43.600,2932.6000,13541,0,104728860.000,0,-,-,-,-,2931.8000,2931.4000,2931.0000,2930.8000,2930.4000,2932.8000,2933.4000,2933.6000,2934.2000,2934.6000,1,1,1,1,1,1,2,1,3,1
SF,IH2003,2019-11-27 09:31:44.100,2932.6000,13541,0,104728860.000,0,-,-,-,-,2932.0000,2931.8000,2931.4000,2931.0000,2930.8000,2932.8000,2933.4000,2933.6000,2934.2000,2934.6000,1,1,1,1,1,1,2,1,3,1
SF,IH2003,2019-11-27 09:31:44.600,2932.6000,13541,0,104728860.000,0,-,-,-,-,2932.0000,2931.8000,2931.4000,2931.0000,2930.8000,2932.8000,2933.4000,2933.6000,2934.2000,2934.6000,1,1,1,1,1,1,2,1,3,1
SF,IH2003,2019-11-27 09:31:45.100,2932.6000,13541,0,104728860.000,0,-,-,-,-,2932.2000,2932.0000,2931.8000,2931.4000,2931.0000,2932.8000,2933.4000,2933.6000,2934.2000,2934.6000,1,1,1,1,1,2,2,1,3,1
SF,IH2003,2019-11-27 09:31:45.600,2932.6000,13541,0,104728860.000,0,-,-,-,-,2932.0000,2931.8000,2931.4000,2931.0000,2930.8000,2932.8000,2933.4000,2933.6000,2934.2000,2934.6000,1,1,1,1,1,2,2,1,3,1
SF,IH2003,2019-11-27 09:31:46.100,2932.8000,13541,0,105608700.000,1,0,1,多换,S,2932.0000,2931.8000,2931.4000,2931.0000,2930.8000,2932.8000,2933.4000,2933.6000,2934.2000,2934.6000,1,1,1,1,1,1,2,1,3,1
SF,IH2003,2019-11-27 09:31:46.600,2932.8000,13540,-1,106488540.000,1,0,1,双平,S,2932.2000,2932.0000,2931.8000,2931.4000,2931.0000,2933.4000,2933.6000,2934.6000,2936.0000,2936.4000,2,1,1,1,1,2,1,1,2,2
SF,IH2003,2019-11-27 09:31:47.600,2932.8000,13540,0,106488540.000,0,-,-,-,-,2932.2000,2932.0000,2931.8000,2931.4000,2931.0000,2934.6000,2936.0000,2936.4000,2938.6000,2939.4000,2,2,1,1,1,1,2,2,1,1
SF,IH2003,2019-11-27 09:31:48.100,2932.8000,13540,0,106488540.000,0,-,-,-,-,2932.2000,2932.0000,2931.8000,2931.4000,2931.0000,2934.4000,2935.0000,2936.0000,2936.4000,2938.6000,1,2,1,1,1,4,3,2,2,1
SF,IH2003,2019-11-27 09:31:48.600,2932.8000,13540,0,106488540.000,0,-,-,-,-,2932.4000,2932.2000,2932.0000,2931.8000,2931.4000,2934.4000,2935.0000,2936.0000,2936.4000,2938.6000,1,1,2,1,1,4,3,2,2,1
SF,IH2003,2019-11-27 09:31:49.100,2932.8000,13540,0,106488540.000,0,-,-,-,-,2932.6000,2932.4000,2932.0000,2931.8000,2931.4000,2934.4000,2935.0000,2936.0000,2936.4000,2938.6000,2,1,2,1,1,4,3,2,2,1
SF,IH2003,2019-11-27 09:31:49.600,2932.8000,13540,0,106488540.000,0,-,-,-,-,2932.6000,2932.4000,2932.0000,2931.8000,2931.4000,2934.4000,2935.0000,2936.0000,2936.4000,2938.6000,2,1,2,1,1,4,3,2,2,1
SF,IH2003,2019-11-27 09:31:50.100,2932.8000,13540,0,106488540.000,0,-,-,-,-,2932.6000,2932.4000,2932.0000,2931.8000,2931.4000,2934.4000,2935.0000,2936.0000,2936.4000,2938.6000,2,1,2,1,1,4,3,2,2,1
SF,IH2003,2019-11-27 09:31:50.600,2932.8000,13540,0,106488540.000,0,-,-,-,-,2932.6000,2932.4000,2932.0000,2931.8000,2931.4000,2934.0000,2934.2000,2934.4000,2935.0000,2936.0000,1,1,2,1,1,12,1,4,3,2
SF,IH2003,2019-11-27 09:31:51.100,2932.8000,13540,0,106488540.000,0,-,-,-,-,2932.4000,2932.0000,2931.8000,2931.0000,2930.4000,2933.8000,2934.4000,2935.0000,2936.0000,2936.4000,1,2,1,1,1,4,4,3,2,2
SF,IH2003,2019-11-27 09:31:51.600,2932.8000,13540,0,106488540.000,0,-,-,-,-,2932.4000,2932.0000,2931.8000,2931.0000,2930.4000,2933.8000,2934.4000,2935.0000,2936.0000,2936.4000,1,2,1,1,1,4,4,3,2,2
SF,IH2003,2019-11-27 09:31:52.100,2932.8000,13540,0,106488540.000,0,-,-,-,-,2932.0000,2931.8000,2931.0000,2930.4000,2930.2000,2933.4000,2933.8000,2934.4000,2935.0000,2936.0000,2,1,1,1,2,1,4,4,3,2
SF,IH2003,2019-11-27 09:31:52.600,2932.8000,13540,0,106488540.000,0,-,-,-,-,2932.2000,2932.0000,2931.8000,2931.0000,2930.4000,2933.4000,2933.8000,2934.4000,2935.0000,2936.0000,2,2,1,1,1,1,4,4,3,2
SF,IH2003,2019-11-27 09:31:53.100,2932.8000,13540,0,106488540.000,0,-,-,-,-,2932.2000,2932.0000,2931.8000,2931.0000,2930.4000,2933.4000,2933.8000,2934.4000,2935.0000,2936.0000,2,2,1,1,1,1,4,5,3,2
SF,IH2003,2019-11-27 09:31:54.600,2932.8000,13540,0,106488540.000,0,-,-,-,-,2932.2000,2932.0000,2931.8000,2931.2000,2931.0000,2933.4000,2933.8000,2934.4000,2935.0000,2936.0000,2,2,1,1,1,1,4,5,3,2
SF,IH2003,2019-11-27 09:31:55.100,2932.8000,13540,0,106488540.000,0,-,-,-,-,2932.4000,2932.2000,2932.0000,2931.8000,2931.2000,2933.4000,2933.8000,2934.4000,2935.0000,2936.0000,1,2,2,1,1,1,4,5,3,2
SF,IH2003,2019-11-27 09:31:55.600,2932.8000,13540,0,106488540.000,0,-,-,-,-,2932.4000,2932.0000,2931.8000,2931.2000,2931.0000,2933.2000,2933.4000,2933.8000,2934.0000,2934.4000,1,2,1,1,1,4,1,4,1,1
SF,IH2003,2019-11-27 09:31:56.600,2932.4000,13540,0,107368260.000,1,0,1,多换,S,2932.0000,2931.8000,2931.2000,2931.0000,2930.4000,2933.2000,2933.4000,2933.8000,2934.0000,2934.4000,2,1,1,1,1,4,1,4,1,1
SF,IH2003,2019-11-27 09:31:59.100,2932.0000,13540,0,108247860.000,1,0,1,多换,S,2932.0000,2931.8000,2931.2000,2931.0000,2930.4000,2933.2000,2933.4000,2933.8000,2934.0000,2934.4000,1,1,1,1,1,4,1,4,1,1
SF,IH2003,2019-11-27 09:31:59.600,2932.0000,13540,0,109127460.000,1,0,1,多换,S,2931.8000,2931.2000,2931.0000,2930.4000,2930.2000,2932.0000,2933.2000,2933.8000,2934.0000,2934.4000,1,1,1,1,2,1,4,4,1,1
SF,IH2003,2019-11-27 09:32:00.100,2931.8000,13539,-1,110007000.000,1,0,1,双平,S,2931.2000,2931.0000,2930.2000,2930.0000,2929.6000,2931.8000,2932.0000,2932.8000,2933.0000,2933.2000,1,1,2,1,1,1,3,1,2,4
SF,IH2003,2019-11-27 09:32:00.600,2931.2000,13539,0,111765780.000,2,1,1,多换,S,2931.0000,2930.2000,2930.0000,2929.6000,2929.0000,2931.8000,2932.0000,2932.8000,2933.0000,2933.2000,1,2,1,1,2,5,1,1,3,4
SF,IH2003,2019-11-27 09:32:01.100,2931.0000,13538,-1,112645080.000,1,0,1,双平,S,2930.2000,2930.0000,2929.6000,2929.0000,2926.8000,2931.0000,2931.8000,2932.0000,2932.8000,2933.0000,2,1,1,2,1,1,5,1,1,3
SF,IH2003,2019-11-27 09:32:01.600,2931.0000,13537,-1,115282980.000,3,1,2,多平,S,2931.2000,2930.6000,2930.4000,2930.2000,2930.0000,2931.8000,2932.0000,2932.8000,2933.0000,2933.2000,1,1,3,2,2,5,1,1,3,4
SF,IH2003,2019-11-27 09:32:02.100,2931.2000,13536,-1,116162340.000,1,0,1,双平,S,2930.2000,2930.0000,2929.6000,2929.0000,2926.8000,2931.0000,2931.2000,2931.8000,2932.0000,2932.8000,2,2,1,2,1,2,9,4,1,1
SF,IH2003,2019-11-27 09:32:02.600,2931.2000,13536,0,116162340.000,0,-,-,-,-,2930.2000,2930.0000,2929.6000,2929.0000,2926.8000,2931.0000,2931.2000,2931.8000,2932.0000,2932.8000,2,2,1,2,1,1,8,4,1,1
SF,IH2003,2019-11-27 09:32:03.100,2931.2000,13536,0,116162340.000,0,-,-,-,-,2930.4000,2930.2000,2930.0000,2929.6000,2929.0000,2931.0000,2931.2000,2931.8000,2932.0000,2932.8000,1,1,1,1,2,1,8,4,1,1
SF,IH2003,2019-11-27 09:32:03.600,2931.2000,13536,0,116162340.000,0,-,-,-,-,2931.0000,2930.4000,2930.2000,2930.0000,2929.6000,2931.2000,2931.8000,2932.0000,2932.8000,2933.0000,3,1,2,1,1,5,4,1,1,3
SF,IH2003,2019-11-27 09:32:04.100,2931.0000,13536,0,117041640.000,1,0,1,多换,S,2931.0000,2930.4000,2930.2000,2930.0000,2929.6000,2931.8000,2932.0000,2932.8000,2933.0000,2933.2000,3,2,2,1,1,4,1,1,3,4
SF,IH2003,2019-11-27 09:32:04.600,2931.0000,13536,0,117041640.000,0,-,-,-,-,2931.0000,2930.4000,2930.2000,2930.0000,2929.6000,2931.8000,2932.0000,2932.8000,2933.0000,2933.2000,3,1,2,1,2,4,1,1,3,4
SF,IH2003,2019-11-27 09:32:05.600,2931.0000,13536,0,117041640.000,0,-,-,-,-,2931.0000,2930.4000,2930.2000,2930.0000,2929.6000,2931.8000,2932.0000,2932.8000,2933.0000,2933.2000,3,1,2,1,2,3,1,1,3,4
SF,IH2003,2019-11-27 09:32:06.100,2931.0000,13536,0,117041640.000,0,-,-,-,-,2931.0000,2930.4000,2930.2000,2930.0000,2929.6000,2931.8000,2932.0000,2932.8000,2933.2000,2933.8000,3,1,2,1,2,3,1,1,4,4
SF,IH2003,2019-11-27 09:32:06.600,2931.8000,13536,0,118800720.000,2,1,1,多换,S,2931.4000,2931.0000,2930.4000,2930.2000,2930.0000,2932.0000,2932.8000,2933.2000,2933.8000,2934.0000,1,2,1,2,1,1,1,4,4,1
SF,IH2003,2019-11-27 09:32:07.100,2931.8000,13535,-1,119680260.000,1,0,1,双平,S,2931.4000,2931.0000,2930.4000,2930.2000,2930.0000,2932.8000,2933.2000,2933.8000,2934.0000,2934.4000,1,2,1,2,1,1,4,4,1,1
SF,IH2003,2019-11-27 09:32:07.600,2931.8000,13535,0,119680260.000,0,-,-,-,-,2931.4000,2931.0000,2930.4000,2930.2000,2930.0000,2932.6000,2932.8000,2933.2000,2933.8000,2934.0000,1,2,1,2,1,1,1,4,7,1
SF,IH2003,2019-11-27 09:32:08.100,2931.8000,13535,0,119680260.000,0,-,-,-,-,2931.6000,2931.4000,2931.0000,2930.4000,2930.2000,2932.8000,2933.2000,2933.8000,2934.0000,2934.4000,1,1,2,1,2,1,4,7,1,1
SF,IH2003,2019-11-27 09:32:08.600,2931.6000,13534,-1,120559740.000,1,0,1,双平,S,2931.4000,2931.0000,2930.4000,2930.2000,2930.0000,2932.6000,2932.8000,2933.2000,2933.8000,2934.0000,1,2,1,2,1,2,1,4,7,1
SF,IH2003,2019-11-27 09:32:09.100,2931.6000,13534,0,120559740.000,0,-,-,-,-,2931.6000,2931.4000,2931.0000,2930.4000,2930.2000,2932.2000,2932.6000,2932.8000,2933.2000,2933.8000,2,1,2,1,2,1,2,1,4,7
SF,IH2003,2019-11-27 09:32:09.600,2931.6000,13534,0,120559740.000,0,-,-,-,-,2931.6000,2931.4000,2931.0000,2930.4000,2930.2000,2932.2000,2932.8000,2933.2000,2933.8000,2934.0000,2,1,2,1,2,1,1,4,7,1
SF,IH2003,2019-11-27 09:32:10.600,2931.6000,13532,-2,122318700.000,2,0,2,双平,S,2931.4000,2931.0000,2930.4000,2930.2000,2930.0000,2932.2000,2932.8000,2933.2000,2933.8000,2934.0000,1,2,1,2,1,1,4,4,4,1
SF,IH2003,2019-11-27 09:32:11.100,2931.6000,13532,0,122318700.000,0,-,-,-,-,2931.4000,2931.0000,2930.4000,2930.2000,2930.0000,2932.0000,2932.2000,2932.8000,2933.2000,2933.8000,1,2,1,2,1,1,1,4,4,4
SF,IH2003,2019-11-27 09:32:11.600,2931.4000,13533,1,123198120.000,1,1,0,双开,S,2931.0000,2930.4000,2930.2000,2930.0000,2929.6000,2931.2000,2931.4000,2932.0000,2932.2000,2932.8000,2,1,2,1,2,1,2,4,1,4
SF,IH2003,2019-11-27 09:32:12.100,2931.0000,13533,0,124077420.000,1,0,1,多换,S,2930.4000,2930.2000,2930.0000,2929.6000,2929.0000,2931.4000,2932.0000,2932.2000,2932.8000,2933.2000,1,2,1,2,2,1,2,1,4,4
SF,IH2003,2019-11-27 09:32:13.100,2931.0000,13533,0,124077420.000,0,-,-,-,-,2930.6000,2930.4000,2930.2000,2930.0000,2929.6000,2932.2000,2932.8000,2933.2000,2934.0000,2934.4000,1,1,2,1,2,1,4,4,1,1
SF,IH2003,2019-11-27 09:32:13.600,2931.0000,13533,0,124077420.000,0,-,-,-,-,2931.2000,2930.8000,2930.4000,2930.2000,2930.0000,2932.2000,2932.8000,2933.2000,2934.0000,2934.4000,1,1,1,2,1,1,4,4,1,1
SF,IH2003,2019-11-27 09:32:14.100,2931.0000,13533,0,124077420.000,0,-,-,-,-,2931.2000,2930.4000,2930.2000,2930.0000,2929.6000,2932.0000,2932.2000,2932.8000,2933.2000,2934.0000,1,1,2,1,2,1,1,4,4,1
SF,IH2003,2019-11-27 09:32:14.600,2931.0000,13533,0,124077420.000,0,-,-,-,-,2931.2000,2930.4000,2930.2000,2930.0000,2929.6000,2932.2000,2932.8000,2933.2000,2934.0000,2934.4000,1,1,2,1,2,1,4,4,1,1
SF,IH2003,2019-11-27 09:32:15.100,2931.0000,13533,0,124077420.000,0,-,-,-,-,2931.2000,2930.4000,2930.2000,2930.0000,2929.6000,2932.2000,2932.8000,2933.2000,2934.0000,2934.4000,1,1,2,1,2,1,4,4,1,1
SF,IH2003,2019-11-27 09:32:15.600,2931.0000,13533,0,124077420.000,0,-,-,-,-,2931.2000,2930.4000,2930.2000,2930.0000,2929.6000,2932.2000,2932.8000,2933.2000,2934.0000,2934.4000,1,1,2,1,2,1,4,4,1,1
SF,IH2003,2019-11-27 09:32:17.100,2931.0000,13533,0,124077420.000,0,-,-,-,-,2931.2000,2930.4000,2930.2000,2930.0000,2929.6000,2932.2000,2932.8000,2933.2000,2934.0000,2934.4000,1,1,2,1,2,1,1,7,1,1
SF,IH2003,2019-11-27 09:32:18.100,2931.0000,13533,0,124077420.000,0,-,-,-,-,2931.2000,2931.0000,2930.4000,2930.2000,2930.0000,2932.2000,2932.8000,2933.2000,2934.0000,2934.4000,1,1,1,2,1,1,1,7,1,1
SF,IH2003,2019-11-27 09:32:20.100,2931.2000,13532,-1,124956780.000,1,0,1,双平,S,2931.0000,2930.4000,2930.2000,2930.0000,2929.6000,2932.2000,2932.8000,2933.2000,2934.0000,2934.4000,1,1,2,1,2,1,1,7,1,1
SF,IH2003,2019-11-27 09:32:22.600,2931.2000,13532,0,124956780.000,0,-,-,-,-,2931.2000,2931.0000,2930.4000,2930.2000,2930.0000,2932.2000,2932.8000,2933.2000,2934.0000,2934.4000,1,1,1,2,1,1,1,7,1,1
SF,IH2003,2019-11-27 09:32:23.100,2931.2000,13532,0,124956780.000,0,-,-,-,-,2931.2000,2931.0000,2930.4000,2930.2000,2930.0000,2932.2000,2932.8000,2933.2000,2934.0000,2934.4000,1,2,1,2,1,1,1,7,1,1
SF,IH2003,2019-11-27 09:32:24.100,2931.2000,13532,0,124956780.000,0,-,-,-,-,2931.2000,2931.0000,2930.4000,2930.2000,2930.0000,2932.2000,2932.8000,2933.2000,2934.0000,2934.4000,1,2,1,2,1,1,1,7,1,1
SF,IH2003,2019-11-27 09:32:25.100,2931.2000,13532,0,124956780.000,0,-,-,-,-,2931.2000,2931.0000,2930.4000,2930.2000,2930.0000,2932.2000,2932.8000,2933.2000,2934.0000,2934.4000,1,2,1,2,1,2,1,7,1,1
SF,IH2003,2019-11-27 09:32:25.600,2931.2000,13532,0,124956780.000,0,-,-,-,-,2931.2000,2931.0000,2930.4000,2930.2000,2930.0000,2932.2000,2932.8000,2933.2000,2934.0000,2934.4000,1,2,1,2,1,2,1,7,1,1
SF,IH2003,2019-11-27 09:32:27.100,2931.2000,13532,0,124956780.000,0,-,-,-,-,2931.2000,2931.0000,2930.4000,2930.2000,2930.0000,2932.2000,2932.8000,2933.2000,2934.0000,2934.4000,2,2,1,2,1,2,1,7,1,1
SF,IH2003,2019-11-27 09:32:27.600,2931.2000,13532,0,124956780.000,0,-,-,-,-,2931.4000,2931.2000,2931.0000,2930.4000,2930.2000,2932.2000,2932.8000,2933.2000,2934.0000,2934.4000,1,2,2,1,2,2,1,7,1,1
SF,IH2003,2019-11-27 09:32:28.100,2931.2000,13532,0,124956780.000,0,-,-,-,-,2931.4000,2931.2000,2931.0000,2930.4000,2930.2000,2932.2000,2932.8000,2933.2000,2934.4000,2936.0000,1,2,2,1,2,2,1,7,1,2
SF,IH2003,2019-11-27 09:32:28.600,2931.2000,13532,0,124956780.000,0,-,-,-,-,2931.4000,2931.2000,2931.0000,2930.4000,2930.2000,2932.2000,2932.8000,2933.2000,2934.4000,2936.0000,1,1,2,1,2,2,1,7,1,2
SF,IH2003,2019-11-27 09:32:29.100,2931.2000,13532,0,124956780.000,0,-,-,-,-,2931.4000,2931.2000,2931.0000,2930.4000,2930.2000,2932.2000,2932.8000,2933.2000,2934.4000,2936.0000,2,1,2,1,2,2,1,7,1,2
SF,IH2003,2019-11-27 09:32:30.100,2932.2000,13530,-2,126716100.000,2,0,2,双平,S,2931.4000,2931.2000,2931.0000,2930.4000,2930.2000,2932.8000,2933.2000,2934.4000,2936.0000,2936.4000,2,1,2,1,2,1,7,1,2,2
SF,IH2003,2019-11-27 09:32:31.600,2932.2000,13530,0,126716100.000,0,-,-,-,-,2931.6000,2931.4000,2931.2000,2931.0000,2930.4000,2932.8000,2933.2000,2934.4000,2936.0000,2936.4000,1,2,1,2,1,1,7,1,2,2
SF,IH2003,2019-11-27 09:32:33.100,2932.2000,13530,0,126716100.000,0,-,-,-,-,2931.6000,2931.4000,2931.2000,2931.0000,2930.4000,2932.8000,2933.2000,2934.4000,2936.0000,2936.4000,1,1,1,2,1,1,7,1,2,2
SF,IH2003,2019-11-27 09:32:33.600,2932.2000,13530,0,126716100.000,0,-,-,-,-,2931.6000,2931.4000,2931.2000,2931.0000,2930.4000,2932.6000,2932.8000,2933.2000,2934.4000,2936.0000,2,1,1,2,1,1,1,7,1,2
SF,IH2003,2019-11-27 09:32:34.100,2932.2000,13530,0,126716100.000,0,-,-,-,-,2931.6000,2931.4000,2931.2000,2931.0000,2930.4000,2932.6000,2932.8000,2933.2000,2934.4000,2936.0000,2,1,1,2,1,5,1,7,1,2
SF,IH2003,2019-11-27 09:32:34.600,2932.2000,13530,0,126716100.000,0,-,-,-,-,2931.6000,2931.4000,2931.2000,2931.0000,2930.4000,2932.4000,2932.6000,2932.8000,2933.2000,2934.4000,2,1,1,2,1,1,5,1,7,1
SF,IH2003,2019-11-27 09:32:35.100,2932.2000,13530,0,126716100.000,0,-,-,-,-,2931.6000,2931.4000,2931.2000,2931.0000,2930.4000,2932.6000,2932.8000,2933.2000,2934.4000,2936.0000,1,1,1,2,1,5,1,7,1,2
SF,IH2003,2019-11-27 09:32:37.600,2932.2000,13530,0,126716100.000,0,-,-,-,-,2931.6000,2931.4000,2931.2000,2931.0000,2930.4000,2932.6000,2933.2000,2934.4000,2936.0000,2936.4000,1,1,1,2,1,1,7,1,2,2
SF,IH2003,2019-11-27 09:32:38.600,2932.2000,13530,0,126716100.000,0,-,-,-,-,2931.6000,2931.4000,2931.2000,2931.0000,2930.2000,2932.6000,2933.2000,2934.4000,2936.0000,2936.4000,1,1,1,2,2,1,7,1,2,2
SF,IH2003,2019-11-27 09:32:39.100,2931.6000,13529,-1,127595580.000,1,0,1,双平,S,2931.2000,2931.0000,2930.2000,2930.0000,2929.6000,2931.6000,2932.4000,2932.6000,2933.2000,2934.4000,1,2,2,1,2,1,1,1,7,1
SF,IH2003,2019-11-27 09:32:39.600,2931.2000,13528,-1,128474940.000,1,0,1,双平,S,2931.4000,2931.0000,2930.2000,2930.0000,2929.6000,2931.6000,2932.4000,2932.6000,2933.2000,2934.4000,1,2,2,1,2,2,4,1,7,1
SF,IH2003,2019-11-27 09:32:40.100,2931.2000,13528,0,128474940.000,0,-,-,-,-,2931.4000,2931.0000,2930.2000,2930.0000,2929.6000,2932.4000,2932.6000,2933.2000,2934.4000,2936.0000,1,2,2,1,2,4,1,7,1,2
SF,IH2003,2019-11-27 09:32:40.600,2931.2000,13528,0,128474940.000,0,-,-,-,-,2931.4000,2931.0000,2930.2000,2930.0000,2929.6000,2932.2000,2932.4000,2932.6000,2933.2000,2934.4000,1,2,2,1,2,4,4,1,4,1
SF,IH2003,2019-11-27 09:32:41.100,2931.2000,13528,0,128474940.000,0,-,-,-,-,2931.4000,2931.0000,2930.2000,2930.0000,2929.6000,2932.0000,2932.4000,2932.6000,2933.2000,2934.4000,1,2,2,1,2,3,4,1,4,1
SF,IH2003,2019-11-27 09:32:41.600,2931.2000,13528,0,128474940.000,0,-,-,-,-,2931.4000,2931.0000,2930.2000,2930.0000,2929.6000,2932.2000,2932.4000,2932.6000,2933.2000,2934.4000,1,2,2,1,2,3,4,1,4,1
SF,IH2003,2019-11-27 09:32:42.600,2931.2000,13528,0,128474940.000,0,-,-,-,-,2931.6000,2931.4000,2931.0000,2930.2000,2930.0000,2932.2000,2932.4000,2932.6000,2933.2000,2934.4000,1,1,2,2,1,3,4,1,4,1
SF,IH2003,2019-11-27 09:32:43.100,2931.2000,13528,0,128474940.000,0,-,-,-,-,2931.6000,2931.4000,2931.0000,2930.2000,2930.0000,2932.2000,2932.4000,2932.6000,2933.2000,2934.4000,1,1,2,2,1,3,2,1,4,1
SF,IH2003,2019-11-27 09:32:43.600,2931.2000,13528,0,128474940.000,0,-,-,-,-,2931.6000,2931.4000,2931.0000,2930.2000,2930.0000,2932.4000,2932.6000,2933.2000,2934.4000,2936.0000,1,1,2,2,1,2,1,4,1,2
SF,IH2003,2019-11-27 09:32:44.100,2931.2000,13528,0,128474940.000,0,-,-,-,-,2931.6000,2931.4000,2931.0000,2930.2000,2930.0000,2932.4000,2932.6000,2933.2000,2934.4000,2936.0000,1,1,2,2,1,2,4,4,1,2
SF,IH2003,2019-11-27 09:32:44.600,2931.2000,13528,0,128474940.000,0,-,-,-,-,2932.4000,2931.6000,2931.4000,2931.0000,2930.2000,2932.6000,2933.2000,2934.4000,2936.0000,2936.4000,1,1,1,2,2,1,4,1,2,2
SF,IH2003,2019-11-27 09:32:45.100,2933.2000,13527,-1,130234680.000,2,0,2,多平,S,2932.8000,2932.6000,2932.4000,2931.6000,2931.4000,2933.2000,2933.4000,2934.4000,2936.0000,2936.4000,1,3,1,1,1,3,3,1,2,2
SF,IH2003,2019-11-27 09:32:45.600,2932.8000,13526,-1,131114520.000,1,0,1,双平,S,2933.2000,2932.6000,2932.4000,2931.6000,2931.4000,2934.4000,2936.0000,2936.4000,2938.6000,2939.4000,1,3,1,1,1,1,2,2,1,1
SF,IH2003,2019-11-27 09:32:46.100,2932.8000,13526,0,131114520.000,0,-,-,-,-,2932.6000,2932.4000,2931.6000,2931.4000,2931.0000,2934.2000,2934.4000,2936.0000,2936.4000,2938.6000,3,1,1,1,2,10,4,2,2,1
SF,IH2003,2019-11-27 09:32:46.600,2932.8000,13526,0,131114520.000,0,-,-,-,-,2933.4000,2932.6000,2932.4000,2931.6000,2931.4000,2934.0000,2934.2000,2934.4000,2936.0000,2936.4000,1,2,1,1,1,1,10,4,2,2
SF,IH2003,2019-11-27 09:32:47.100,2933.4000,13525,-1,131994540.000,1,0,1,双平,S,2932.6000,2932.4000,2931.6000,2931.4000,2931.0000,2933.4000,2934.0000,2934.2000,2934.4000,2936.0000,2,1,1,1,2,2,1,9,4,2
SF,IH2003,2019-11-27 09:32:47.600,2933.4000,13525,0,131994540.000,0,-,-,-,-,2932.6000,2932.4000,2931.6000,2931.0000,2930.2000,2933.4000,2934.2000,2934.4000,2936.0000,2936.4000,2,1,1,2,1,2,9,4,2,2
SF,IH2003,2019-11-27 09:32:48.100,2933.4000,13525,0,131994540.000,0,-,-,-,-,2932.8000,2932.6000,2932.4000,2931.6000,2931.0000,2933.4000,2934.2000,2934.4000,2936.0000,2936.4000,1,2,1,1,2,2,9,4,2,2
SF,IH2003,2019-11-27 09:32:48.600,2933.4000,13525,0,131994540.000,0,-,-,-,-,2932.8000,2932.6000,2932.4000,2931.6000,2931.0000,2933.4000,2934.2000,2934.4000,2936.0000,2936.4000,1,2,1,1,2,1,9,4,2,2
SF,IH2003,2019-11-27 09:32:49.100,2933.4000,13525,0,131994540.000,0,-,-,-,-,2932.8000,2932.6000,2932.4000,2931.6000,2931.0000,2934.2000,2934.4000,2936.0000,2936.4000,2938.6000,1,2,1,1,2,3,4,2,2,1
SF,IH2003,2019-11-27 09:32:49.600,2933.4000,13525,0,131994540.000,0,-,-,-,-,2932.8000,2932.6000,2932.4000,2931.6000,2931.0000,2933.4000,2934.2000,2934.4000,2936.0000,2936.4000,1,2,1,1,2,1,3,4,2,2
SF,IH2003,2019-11-27 09:32:50.100,2933.4000,13525,0,131994540.000,0,-,-,-,-,2932.8000,2932.6000,2932.4000,2931.6000,2931.0000,2933.4000,2934.2000,2934.4000,2936.0000,2936.4000,1,2,1,1,2,1,3,4,2,2
SF,IH2003,2019-11-27 09:32:50.600,2933.4000,13525,0,131994540.000,0,-,-,-,-,2933.0000,2932.8000,2932.6000,2932.4000,2931.6000,2933.4000,2934.2000,2934.4000,2936.0000,2936.4000,1,1,2,1,1,1,3,4,2,2
SF,IH2003,2019-11-27 09:32:51.600,2933.4000,13525,0,131994540.000,0,-,-,-,-,2933.0000,2932.8000,2932.6000,2932.4000,2931.6000,2933.4000,2933.8000,2934.2000,2934.4000,2936.0000,1,1,2,1,1,1,1,3,4,2
SF,IH2003,2019-11-27 09:32:52.100,2933.4000,13525,0,131994540.000,0,-,-,-,-,2933.0000,2932.8000,2932.6000,2932.4000,2931.6000,2933.4000,2933.8000,2934.2000,2934.4000,2936.0000,1,1,2,1,1,1,2,3,4,2
SF,IH2003,2019-11-27 09:32:52.600,2933.4000,13525,0,131994540.000,0,-,-,-,-,2933.0000,2932.8000,2932.6000,2932.4000,2931.6000,2933.4000,2933.8000,2934.2000,2934.4000,2936.0000,1,1,2,1,1,1,2,3,4,2
SF,IH2003,2019-11-27 09:32:55.600,2933.4000,13525,0,132874560.000,1,0,1,多换,S,2933.0000,2932.8000,2932.6000,2932.4000,2931.6000,2933.8000,2934.2000,2934.4000,2936.0000,2936.4000,1,1,2,1,1,2,3,4,2,2
SF,IH2003,2019-11-27 09:32:56.600,2933.0000,13525,0,133754460.000,1,0,1,多换,S,2932.8000,2932.6000,2932.4000,2931.6000,2931.0000,2933.0000,2933.6000,2933.8000,2934.2000,2934.4000,1,2,1,1,2,2,3,2,3,4
SF,IH2003,2019-11-27 09:32:57.100,2932.8000,13524,-1,134634300.000,1,0,1,双平,S,2932.4000,2931.6000,2931.0000,2930.2000,2930.0000,2933.0000,2933.2000,2933.6000,2933.8000,2934.2000,1,1,2,1,1,1,3,4,2,3
SF,IH2003,2019-11-27 09:32:57.600,2932.8000,13524,0,134634300.000,0,-,-,-,-,2931.6000,2931.0000,2930.2000,2930.0000,2929.6000,2932.8000,2933.0000,2933.6000,2933.8000,2934.2000,1,2,1,1,2,2,1,7,2,3
SF,IH2003,2019-11-27 09:32:58.100,2932.8000,13524,0,134634300.000,0,-,-,-,-,2931.8000,2931.6000,2931.0000,2930.2000,2930.0000,2932.8000,2933.0000,2933.6000,2933.8000,2934.2000,3,1,2,1,1,2,1,7,2,3
SF,IH2003,2019-11-27 09:32:58.600,2932.6000,13523,-1,135514080.000,1,0,1,双平,S,2931.8000,2931.6000,2931.0000,2930.2000,2930.0000,2932.8000,2933.0000,2933.6000,2933.8000,2934.2000,2,1,2,1,1,2,1,7,2,3
SF,IH2003,2019-11-27 09:32:59.600,2932.6000,13523,0,135514080.000,0,-,-,-,-,2931.8000,2931.6000,2931.0000,2930.2000,2930.0000,2932.8000,2933.0000,2933.6000,2933.8000,2934.2000,2,1,2,1,1,3,1,7,2,3
SF,IH2003,2019-11-27 09:33:00.100,2932.6000,13523,0,135514080.000,0,-,-,-,-,2932.2000,2931.6000,2931.0000,2930.2000,2930.0000,2932.8000,2933.0000,2933.6000,2933.8000,2934.2000,1,1,2,1,1,3,1,7,2,3
SF,IH2003,2019-11-27 09:33:00.600,2932.2000,13522,-1,136393740.000,1,0,1,双平,S,2931.6000,2931.0000,2930.2000,2930.0000,2929.6000,2932.2000,2932.8000,2933.0000,2933.6000,2933.8000,1,2,1,1,2,2,3,1,7,2
SF,IH2003,2019-11-27 09:33:01.100,2931.6000,13521,-1,137273220.000,1,0,1,双平,S,2931.0000,2930.2000,2930.0000,2929.6000,2929.0000,2932.2000,2932.4000,2932.6000,2933.0000,2933.6000,2,1,1,2,2,2,3,1,1,4
SF,IH2003,2019-11-27 09:33:01.600,2931.6000,13521,0,137273220.000,0,-,-,-,-,2931.0000,2930.2000,2930.0000,2929.6000,2929.0000,2932.2000,2932.6000,2932.8000,2933.0000,2933.6000,3,1,1,2,2,3,1,3,1,4
SF,IH2003,2019-11-27 09:33:02.100,2931.6000,13521,0,137273220.000,0,-,-,-,-,2931.2000,2931.0000,2930.2000,2930.0000,2929.6000,2932.2000,2932.6000,2932.8000,2933.0000,2933.6000,5,2,1,1,2,3,1,3,1,4
SF,IH2003,2019-11-27 09:33:02.600,2931.6000,13521,0,137273220.000,0,-,-,-,-,2931.2000,2931.0000,2930.2000,2930.0000,2929.6000,2932.2000,2932.6000,2932.8000,2933.0000,2933.6000,3,2,1,1,2,3,1,3,1,4
SF,IH2003,2019-11-27 09:33:03.100,2931.6000,13521,0,137273220.000,0,-,-,-,-,2931.2000,2931.0000,2930.2000,2930.0000,2929.6000,2932.2000,2932.6000,2932.8000,2933.0000,2933.6000,4,2,1,1,2,3,1,3,1,4
SF,IH2003,2019-11-27 09:33:03.600,2931.6000,13521,0,137273220.000,0,-,-,-,-,2931.2000,2931.0000,2930.2000,2930.0000,2929.6000,2932.2000,2932.6000,2932.8000,2933.0000,2933.6000,5,2,1,1,2,3,1,3,1,4
SF,IH2003,2019-11-27 09:33:04.100,2931.6000,13521,0,137273220.000,0,-,-,-,-,2931.4000,2931.2000,2931.0000,2930.2000,2930.0000,2932.2000,2932.6000,2932.8000,2933.0000,2933.6000,1,5,2,1,1,3,1,3,1,4
SF,IH2003,2019-11-27 09:33:04.600,2931.6000,13521,0,137273220.000,0,-,-,-,-,2931.2000,2931.0000,2930.2000,2930.0000,2929.6000,2932.2000,2932.6000,2932.8000,2933.0000,2933.6000,4,2,1,1,2,3,1,3,1,4
SF,IH2003,2019-11-27 09:33:05.100,2931.6000,13521,0,137273220.000,0,-,-,-,-,2931.2000,2931.0000,2930.2000,2930.0000,2929.6000,2932.2000,2932.6000,2932.8000,2933.0000,2933.6000,4,2,1,1,2,3,1,3,1,4
SF,IH2003,2019-11-27 09:33:05.600,2931.6000,13521,0,137273220.000,0,-,-,-,-,2931.2000,2931.0000,2930.2000,2930.0000,2929.6000,2932.2000,2932.6000,2932.8000,2933.0000,2933.6000,3,2,1,1,2,2,1,3,1,4
SF,IH2003,2019-11-27 09:33:07.600,2931.6000,13521,0,137273220.000,0,-,-,-,-,2931.2000,2931.0000,2930.2000,2930.0000,2929.6000,2932.2000,2932.6000,2932.8000,2933.0000,2933.6000,4,2,1,1,2,2,1,3,1,4
SF,IH2003,2019-11-27 09:33:08.100,2931.6000,13521,0,137273220.000,0,-,-,-,-,2931.2000,2931.0000,2930.2000,2930.0000,2929.6000,2932.2000,2932.6000,2932.8000,2933.0000,2933.6000,4,2,1,1,2,2,1,3,1,4
SF,IH2003,2019-11-27 09:33:08.600,2931.6000,13521,0,137273220.000,0,-,-,-,-,2931.4000,2931.2000,2931.0000,2930.2000,2930.0000,2932.2000,2932.6000,2932.8000,2933.0000,2933.6000,1,3,2,1,1,2,1,3,1,4
SF,IH2003,2019-11-27 09:33:09.100,2931.4000,13522,1,138152640.000,1,1,0,双开,S,2931.2000,2931.0000,2930.2000,2930.0000,2929.6000,2932.2000,2932.6000,2932.8000,2933.0000,2933.6000,1,2,1,1,2,2,1,3,1,4
SF,IH2003,2019-11-27 09:33:09.600,2931.2000,13522,0,139032000.000,1,0,1,多换,S,2931.0000,2930.2000,2930.0000,2929.6000,2929.0000,2932.0000,2932.2000,2932.6000,2932.8000,2933.0000,2,1,1,2,2,1,2,1,3,1
SF,IH2003,2019-11-27 09:33:10.100,2931.0000,13521,-1,139911300.000,1,0,1,双平,S,2931.4000,2931.0000,2930.2000,2930.0000,2929.6000,2931.8000,2932.0000,2932.2000,2932.6000,2932.8000,1,1,1,1,2,1,3,1,1,3
SF,IH2003,2019-11-27 09:33:10.600,2931.4000,13520,-1,140790720.000,1,0,1,双平,S,2931.2000,2931.0000,2930.2000,2930.0000,2929.6000,2931.8000,2932.0000,2932.2000,2932.6000,2932.8000,1,1,1,1,1,1,3,1,1,3
SF,IH2003,2019-11-27 09:33:11.600,2931.4000,13520,0,140790720.000,0,-,-,-,-,2931.2000,2931.0000,2930.2000,2930.0000,2929.6000,2931.8000,2932.0000,2932.2000,2932.6000,2932.8000,1,1,1,1,1,1,3,1,1,3
SF,IH2003,2019-11-27 09:33:12.100,2931.4000,13520,0,140790720.000,0,-,-,-,-,2931.2000,2931.0000,2930.2000,2930.0000,2929.6000,2931.8000,2932.0000,2932.2000,2932.6000,2932.8000,1,1,1,1,1,1,3,1,1,3
SF,IH2003,2019-11-27 09:33:12.600,2931.4000,13520,0,140790720.000,0,-,-,-,-,2931.4000,2931.2000,2931.0000,2930.2000,2930.0000,2931.8000,2932.0000,2932.2000,2932.6000,2932.8000,1,1,1,1,1,1,3,1,1,3
SF,IH2003,2019-11-27 09:33:13.100,2931.4000,13520,0,140790720.000,0,-,-,-,-,2931.4000,2931.2000,2931.0000,2930.2000,2930.0000,2931.8000,2932.0000,2932.2000,2932.6000,2932.8000,1,1,1,1,1,1,3,1,1,3
SF,IH2003,2019-11-27 09:33:13.600,2931.4000,13520,0,140790720.000,0,-,-,-,-,2931.4000,2931.2000,2931.0000,2930.2000,2930.0000,2931.8000,2932.0000,2932.2000,2932.6000,2932.8000,1,1,1,1,1,1,3,1,1,3
SF,IH2003,2019-11-27 09:33:14.100,2931.4000,13519,-1,142549560.000,2,0,2,多平,S,2931.2000,2931.0000,2930.2000,2930.0000,2929.6000,2931.8000,2932.0000,2932.2000,2932.6000,2932.8000,1,1,1,1,1,1,3,1,1,3
SF,IH2003,2019-11-27 09:33:14.600,2931.4000,13519,0,142549560.000,0,-,-,-,-,2931.2000,2931.0000,2930.2000,2930.0000,2929.6000,2931.8000,2932.0000,2932.2000,2932.6000,2932.8000,1,1,1,1,1,1,3,1,1,3
SF,IH2003,2019-11-27 09:33:15.100,2931.2000,13519,0,143428920.000,1,0,1,多换,S,2931.0000,2930.2000,2930.0000,2929.6000,2929.0000,2931.8000,2932.0000,2932.2000,2932.6000,2932.8000,1,1,1,1,2,1,3,1,1,3
SF,IH2003,2019-11-27 09:33:15.600,2931.2000,13519,0,143428920.000,0,-,-,-,-,2931.0000,2930.2000,2930.0000,2929.6000,2929.0000,2931.8000,2932.0000,2932.2000,2932.6000,2932.8000,1,1,1,1,2,1,3,1,1,3
SF,IH2003,2019-11-27 09:33:16.100,2931.0000,13519,0,144308220.000,1,0,1,多换,S,2930.2000,2930.0000,2929.6000,2929.0000,2926.8000,2931.8000,2932.0000,2932.2000,2932.6000,2932.8000,1,1,1,2,1,1,3,1,1,3
SF,IH2003,2019-11-27 09:33:16.600,2931.0000,13519,0,144308220.000,0,-,-,-,-,2930.2000,2930.0000,2929.6000,2929.0000,2926.8000,2931.6000,2931.8000,2932.0000,2932.2000,2932.6000,1,1,1,2,1,2,1,3,1,1
SF,IH2003,2019-11-27 09:33:17.100,2931.0000,13519,0,144308220.000,0,-,-,-,-,2930.2000,2930.0000,2929.6000,2929.0000,2926.8000,2931.6000,2931.8000,2932.0000,2932.2000,2933.0000,1,1,1,2,1,2,3,3,1,2
SF,IH2003,2019-11-27 09:33:17.600,2931.0000,13519,0,144308220.000,0,-,-,-,-,2930.2000,2930.0000,2929.6000,2929.0000,2926.8000,2931.6000,2931.8000,2932.0000,2932.2000,2933.0000,2,1,1,2,1,2,3,3,1,2
SF,IH2003,2019-11-27 09:33:18.100,2931.0000,13519,0,144308220.000,0,-,-,-,-,2930.2000,2930.0000,2929.6000,2929.0000,2927.0000,2931.6000,2932.0000,2932.2000,2933.0000,2933.6000,2,1,1,2,1,2,3,1,2,4
SF,IH2003,2019-11-27 09:33:18.600,2931.0000,13519,0,144308220.000,0,-,-,-,-,2930.2000,2930.0000,2929.6000,2929.0000,2927.0000,2931.6000,2932.0000,2932.2000,2933.0000,2933.6000,2,1,1,2,1,2,3,4,2,4
SF,IH2003,2019-11-27 09:33:19.100,2931.0000,13519,0,144308220.000,0,-,-,-,-,2930.2000,2930.0000,2929.6000,2929.0000,2927.0000,2931.6000,2932.0000,2932.2000,2933.0000,2933.6000,2,1,1,2,1,2,3,4,1,4
SF,IH2003,2019-11-27 09:33:19.600,2931.0000,13519,0,144308220.000,0,-,-,-,-,2930.2000,2930.0000,2929.6000,2929.0000,2927.0000,2931.6000,2932.0000,2932.2000,2933.0000,2933.6000,1,1,1,2,1,2,4,4,1,4
SF,IH2003,2019-11-27 09:33:20.600,2931.0000,13519,0,144308220.000,0,-,-,-,-,2930.4000,2930.2000,2930.0000,2929.6000,2929.0000,2931.6000,2932.0000,2932.2000,2933.0000,2933.6000,2,2,1,1,2,1,4,4,1,4
SF,IH2003,2019-11-27 09:33:21.100,2931.0000,13519,0,144308220.000,0,-,-,-,-,2930.4000,2930.2000,2930.0000,2929.6000,2929.0000,2931.6000,2932.0000,2932.2000,2933.0000,2933.6000,1,1,1,1,2,1,4,4,1,4
SF,IH2003,2019-11-27 09:33:21.600,2931.0000,13519,0,144308220.000,0,-,-,-,-,2930.4000,2930.2000,2930.0000,2929.6000,2929.0000,2931.4000,2931.6000,2932.0000,2932.2000,2933.0000,1,1,1,1,2,6,1,4,4,1
SF,IH2003,2019-11-27 09:33:22.100,2931.0000,13519,0,144308220.000,0,-,-,-,-,2930.2000,2930.0000,2929.6000,2929.0000,2927.0000,2931.4000,2932.0000,2932.2000,2933.0000,2933.8000,1,1,1,2,1,6,4,4,1,2
SF,IH2003,2019-11-27 09:33:22.600,2931.0000,13519,0,144308220.000,0,-,-,-,-,2930.2000,2930.0000,2929.6000,2929.0000,2927.0000,2931.2000,2931.4000,2932.0000,2932.2000,2933.0000,1,1,1,2,1,1,6,4,4,1
SF,IH2003,2019-11-27 09:33:23.100,2931.0000,13519,0,144308220.000,0,-,-,-,-,2930.2000,2930.0000,2929.6000,2929.0000,2927.0000,2931.0000,2931.2000,2931.4000,2932.0000,2932.2000,1,1,1,2,1,4,1,4,1,4
SF,IH2003,2019-11-27 09:33:23.600,2931.0000,13519,0,144308220.000,0,-,-,-,-,2930.2000,2930.0000,2929.0000,2927.0000,2926.8000,2931.0000,2931.4000,2932.0000,2932.2000,2933.0000,1,1,2,1,1,5,4,1,1,1
SF,IH2003,2019-11-27 09:33:24.100,2931.0000,13519,0,144308220.000,0,-,-,-,-,2930.2000,2930.0000,2929.0000,2927.0000,2926.8000,2931.0000,2931.2000,2931.4000,2932.0000,2932.2000,1,1,2,1,1,5,3,4,1,1
SF,IH2003,2019-11-27 09:33:25.600,2930.2000,13518,-1,145187280.000,1,0,1,双平,S,2930.0000,2929.0000,2927.0000,2926.8000,2926.4000,2931.0000,2931.2000,2931.4000,2932.0000,2932.2000,1,2,1,1,1,5,3,4,1,1
SF,IH2003,2019-11-27 09:33:26.100,2930.2000,13518,0,145187280.000,0,-,-,-,-,2930.4000,2930.0000,2929.0000,2927.0000,2926.8000,2931.0000,2931.2000,2931.4000,2932.0000,2932.2000,1,1,2,1,1,5,3,4,1,1
SF,IH2003,2019-11-27 09:33:26.600,2930.4000,13517,-1,146066400.000,1,0,1,双平,S,2930.0000,2929.0000,2927.0000,2926.8000,2926.4000,2930.4000,2931.0000,2931.2000,2931.4000,2932.0000,1,2,1,1,1,2,5,3,4,1
SF,IH2003,2019-11-27 09:33:27.100,2930.4000,13517,0,146066400.000,0,-,-,-,-,2930.0000,2929.0000,2927.0000,2926.8000,2926.4000,2930.2000,2930.4000,2931.0000,2931.2000,2931.4000,1,2,1,1,1,6,2,3,3,4
SF,IH2003,2019-11-27 09:33:27.600,2930.0000,13517,0,146945400.000,1,0,1,多换,S,2929.0000,2927.0000,2926.8000,2926.4000,2925.0000,2930.2000,2930.4000,2931.0000,2931.2000,2931.4000,2,1,1,1,1,7,2,3,3,4
SF,IH2003,2019-11-27 09:33:28.100,2930.0000,13517,0,146945400.000,0,-,-,-,-,2929.2000,2929.0000,2928.8000,2927.0000,2926.8000,2930.2000,2930.4000,2931.0000,2931.2000,2931.4000,2,3,1,1,1,7,2,3,3,4
SF,IH2003,2019-11-27 09:33:28.600,2930.0000,13517,0,146945400.000,0,-,-,-,-,2929.2000,2929.0000,2927.0000,2926.8000,2926.4000,2930.2000,2930.4000,2931.0000,2931.2000,2931.4000,1,2,1,1,1,7,2,3,3,4
SF,IH2003,2019-11-27 09:33:29.100,2930.0000,13517,0,146945400.000,0,-,-,-,-,2929.2000,2929.0000,2927.0000,2926.8000,2926.4000,2930.2000,2930.4000,2931.0000,2931.2000,2931.4000,1,3,1,1,1,7,2,3,3,4
SF,IH2003,2019-11-27 09:33:29.600,2930.0000,13517,0,146945400.000,0,-,-,-,-,2929.2000,2929.0000,2927.0000,2926.8000,2926.4000,2930.0000,2930.2000,2930.4000,2931.0000,2931.2000,1,3,1,1,1,5,7,2,3,3
SF,IH2003,2019-11-27 09:33:30.100,2930.0000,13515,-2,148703400.000,2,0,2,双平,S,2929.2000,2929.0000,2927.0000,2926.8000,2926.4000,2930.2000,2930.4000,2931.0000,2931.2000,2932.0000,1,3,1,1,1,6,2,1,3,1
SF,IH2003,2019-11-27 09:33:30.600,2930.0000,13515,0,148703400.000,0,-,-,-,-,2929.4000,2929.2000,2929.0000,2927.0000,2926.8000,2930.2000,2930.4000,2931.0000,2931.2000,2932.0000,2,1,3,1,1,7,2,1,3,1
SF,IH2003,2019-11-27 09:33:31.600,2930.0000,13515,0,148703400.000,0,-,-,-,-,2929.0000,2927.0000,2926.8000,2926.4000,2925.0000,2930.2000,2930.4000,2931.0000,2931.2000,2932.0000,3,1,1,1,1,7,2,1,3,1
SF,IH2003,2019-11-27 09:33:32.100,2930.0000,13515,0,148703400.000,0,-,-,-,-,2929.2000,2929.0000,2928.8000,2927.0000,2926.8000,2930.2000,2930.4000,2931.0000,2931.2000,2932.0000,6,4,1,1,1,7,2,1,3,1
SF,IH2003,2019-11-27 09:33:32.600,2930.2000,13515,0,149582460.000,1,0,1,多换,S,2929.2000,2929.0000,2927.0000,2926.8000,2926.4000,2930.2000,2930.4000,2931.0000,2931.2000,2932.0000,3,3,1,1,1,6,2,1,3,1
SF,IH2003,2019-11-27 09:33:33.600,2930.2000,13515,0,149582460.000,0,-,-,-,-,2929.0000,2927.0000,2926.8000,2926.4000,2925.0000,2930.0000,2930.2000,2930.4000,2931.0000,2931.2000,3,1,1,1,1,5,6,2,1,3
SF,IH2003,2019-11-27 09:33:34.100,2930.2000,13515,0,149582460.000,0,-,-,-,-,2929.0000,2927.0000,2926.8000,2926.4000,2925.0000,2930.2000,2930.4000,2931.0000,2931.2000,2932.0000,3,1,1,1,1,5,2,1,3,1
SF,IH2003,2019-11-27 09:33:34.600,2930.2000,13515,0,149582460.000,0,-,-,-,-,2929.2000,2929.0000,2927.0000,2926.8000,2926.4000,2930.2000,2930.4000,2931.0000,2931.2000,2932.0000,1,3,1,1,1,6,2,1,3,1
SF,IH2003,2019-11-27 09:33:36.600,2930.2000,13515,0,149582460.000,0,-,-,-,-,2929.2000,2929.0000,2927.0000,2926.8000,2926.4000,2930.2000,2930.4000,2931.0000,2931.2000,2932.0000,1,2,1,1,1,6,2,1,3,1
SF,IH2003,2019-11-27 09:33:37.600,2930.2000,13515,0,149582460.000,0,-,-,-,-,2929.2000,2929.0000,2927.0000,2926.8000,2926.4000,2930.0000,2930.2000,2930.4000,2931.0000,2931.2000,1,2,1,1,1,3,6,2,1,3
SF,IH2003,2019-11-27 09:33:38.100,2930.2000,13515,0,149582460.000,0,-,-,-,-,2929.0000,2927.0000,2926.8000,2926.4000,2925.0000,2930.0000,2930.2000,2930.4000,2931.0000,2931.2000,2,1,1,1,1,3,5,2,1,3
SF,IH2003,2019-11-27 09:33:38.600,2930.2000,13515,0,149582460.000,0,-,-,-,-,2929.8000,2929.0000,2927.0000,2926.8000,2926.4000,2930.0000,2930.2000,2930.4000,2931.0000,2931.2000,1,2,1,1,1,4,5,2,1,3
SF,IH2003,2019-11-27 09:33:39.100,2929.8000,13514,-1,150461400.000,1,0,1,双平,S,2929.0000,2927.0000,2926.8000,2926.4000,2925.0000,2929.8000,2930.0000,2930.2000,2930.4000,2931.0000,2,1,1,1,1,2,3,6,1,1
SF,IH2003,2019-11-27 09:33:39.600,2929.8000,13514,0,150461400.000,0,-,-,-,-,2929.0000,2927.0000,2926.8000,2926.4000,2925.0000,2929.8000,2930.2000,2930.4000,2931.0000,2931.2000,2,1,1,1,1,2,6,1,1,3
SF,IH2003,2019-11-27 09:33:40.100,2929.8000,13514,0,150461400.000,0,-,-,-,-,2929.0000,2927.0000,2926.8000,2926.4000,2925.0000,2929.8000,2930.2000,2930.4000,2931.0000,2931.2000,2,1,1,1,1,3,6,1,1,3
SF,IH2003,2019-11-27 09:33:46.600,2929.0000,13514,0,151340100.000,1,0,1,多换,S,2929.0000,2927.0000,2926.8000,2926.4000,2925.0000,2929.8000,2930.2000,2930.4000,2931.0000,2931.2000,1,1,1,1,1,3,6,1,1,3
SF,IH2003,2019-11-27 09:33:47.100,2929.0000,13513,-1,152218800.000,1,0,1,双平,S,2927.0000,2926.8000,2925.0000,2924.8000,2922.6000,2929.8000,2930.2000,2930.4000,2931.0000,2931.2000,1,1,1,5,2,3,6,1,1,3
SF,IH2003,2019-11-27 09:33:47.600,2929.0000,13513,0,152218800.000,0,-,-,-,-,2929.2000,2927.4000,2927.2000,2927.0000,2926.8000,2929.8000,2930.2000,2930.4000,2931.0000,2931.2000,1,1,9,3,1,3,6,1,1,3
SF,IH2003,2019-11-27 09:33:48.100,2929.2000,13513,0,153097560.000,1,0,1,多换,S,2927.4000,2927.2000,2927.0000,2926.8000,2925.0000,2929.8000,2930.2000,2930.4000,2931.0000,2931.2000,1,7,3,1,1,3,6,1,1,3
SF,IH2003,2019-11-27 09:33:48.600,2929.2000,13513,0,153097560.000,0,-,-,-,-,2927.6000,2927.4000,2927.2000,2927.0000,2926.8000,2929.6000,2929.8000,2930.2000,2930.4000,2931.0000,8,1,5,3,1,3,3,6,1,1
SF,IH2003,2019-11-27 09:33:49.100,2929.2000,13513,0,153097560.000,0,-,-,-,-,2928.2000,2928.0000,2927.8000,2927.6000,2927.4000,2929.6000,2929.8000,2930.2000,2930.4000,2931.0000,1,1,2,7,1,1,2,6,1,1
SF,IH2003,2019-11-27 09:33:49.600,2929.2000,13513,0,153097560.000,0,-,-,-,-,2928.4000,2928.2000,2928.0000,2927.8000,2927.6000,2929.6000,2929.8000,2930.2000,2930.4000,2931.0000,6,2,1,1,6,1,2,6,1,1
SF,IH2003,2019-11-27 09:33:50.100,2929.2000,13513,0,153097560.000,0,-,-,-,-,2928.4000,2928.2000,2928.0000,2927.6000,2927.4000,2929.6000,2929.8000,2930.2000,2930.4000,2931.0000,5,2,1,6,1,1,2,6,1,1
SF,IH2003,2019-11-27 09:33:50.600,2929.2000,13513,0,153097560.000,0,-,-,-,-,2928.4000,2928.2000,2927.6000,2927.4000,2927.2000,2929.6000,2929.8000,2930.2000,2930.4000,2931.0000,5,1,6,1,1,1,2,1,1,1
SF,IH2003,2019-11-27 09:33:51.600,2929.2000,13513,0,153097560.000,0,-,-,-,-,2928.6000,2928.4000,2928.2000,2927.6000,2927.4000,2929.6000,2929.8000,2930.2000,2930.4000,2931.0000,1,5,1,6,1,1,2,1,1,1
SF,IH2003,2019-11-27 09:33:52.100,2929.2000,13513,0,153097560.000,0,-,-,-,-,2928.6000,2928.4000,2928.2000,2927.6000,2927.4000,2929.6000,2929.8000,2930.2000,2930.4000,2931.0000,1,4,1,6,1,1,2,1,1,1
SF,IH2003,2019-11-27 09:33:53.600,2928.6000,13513,0,153976140.000,1,0,1,多换,S,2928.4000,2928.2000,2927.6000,2927.4000,2927.2000,2929.6000,2929.8000,2930.2000,2930.4000,2931.0000,4,1,6,1,1,1,2,1,1,1
SF,IH2003,2019-11-27 09:33:54.100,2928.6000,13513,0,154854720.000,1,0,1,多换,S,2928.6000,2928.4000,2928.2000,2927.6000,2927.4000,2929.6000,2929.8000,2930.2000,2930.4000,2931.0000,1,4,1,6,1,1,2,1,1,1
SF,IH2003,2019-11-27 09:33:54.600,2928.6000,13513,0,154854720.000,0,-,-,-,-,2928.4000,2928.2000,2927.6000,2927.4000,2927.2000,2929.6000,2929.8000,2930.4000,2931.0000,2931.2000,4,1,6,1,1,1,2,1,1,3
SF,IH2003,2019-11-27 09:33:55.100,2928.6000,13513,0,154854720.000,0,-,-,-,-,2928.6000,2928.4000,2928.2000,2927.6000,2927.4000,2929.6000,2929.8000,2930.4000,2931.0000,2931.2000,1,4,1,6,1,1,2,1,1,3
SF,IH2003,2019-11-27 09:33:55.600,2928.6000,13513,0,154854720.000,0,-,-,-,-,2928.8000,2928.4000,2928.2000,2927.6000,2927.4000,2929.6000,2929.8000,2930.4000,2931.0000,2931.2000,2,4,1,4,1,1,2,1,1,3
SF,IH2003,2019-11-27 09:33:56.100,2928.6000,13513,0,154854720.000,0,-,-,-,-,2928.8000,2928.4000,2928.2000,2927.6000,2927.4000,2929.6000,2929.8000,2930.4000,2931.0000,2931.2000,2,4,1,4,1,1,2,1,1,3
SF,IH2003,2019-11-27 09:33:56.600,2928.6000,13513,0,155733300.000,1,0,1,多换,S,2928.8000,2928.4000,2928.2000,2927.6000,2927.4000,2929.6000,2929.8000,2930.4000,2931.0000,2931.2000,1,4,1,4,1,1,2,1,1,3
SF,IH2003,2019-11-27 09:34:00.100,2928.6000,13513,0,155733300.000,0,-,-,-,-,2928.8000,2928.4000,2928.2000,2927.6000,2927.4000,2929.6000,2929.8000,2930.4000,2931.0000,2931.2000,2,4,1,4,1,1,2,1,1,3
SF,IH2003,2019-11-27 09:34:01.100,2928.6000,13513,0,155733300.000,0,-,-,-,-,2928.8000,2928.4000,2928.2000,2927.6000,2927.4000,2929.6000,2929.8000,2930.4000,2931.0000,2931.2000,1,4,1,4,1,1,3,1,1,3
SF,IH2003,2019-11-27 09:34:01.600,2928.6000,13513,0,155733300.000,0,-,-,-,-,2928.8000,2928.4000,2928.2000,2927.6000,2927.4000,2929.4000,2929.6000,2929.8000,2930.4000,2931.0000,1,4,1,4,1,1,1,3,1,1
SF,IH2003,2019-11-27 09:34:02.100,2928.6000,13513,0,155733300.000,0,-,-,-,-,2928.8000,2928.4000,2928.2000,2927.6000,2927.4000,2929.4000,2929.8000,2930.4000,2931.0000,2931.2000,1,4,1,3,1,1,3,1,1,3
SF,IH2003,2019-11-27 09:34:02.600,2928.6000,13513,0,155733300.000,0,-,-,-,-,2928.8000,2928.4000,2928.2000,2927.6000,2927.4000,2929.4000,2929.6000,2929.8000,2930.4000,2931.0000,1,4,1,3,1,1,1,3,1,1
SF,IH2003,2019-11-27 09:34:03.600,2929.4000,13513,0,156612120.000,1,0,1,多换,S,2929.4000,2928.8000,2928.4000,2928.2000,2927.6000,2929.6000,2929.8000,2930.4000,2931.0000,2931.2000,2,1,4,1,3,1,3,1,1,3
SF,IH2003,2019-11-27 09:34:04.100,2929.6000,13513,0,157491000.000,1,0,1,多换,S,2929.6000,2929.4000,2929.0000,2928.8000,2928.4000,2929.8000,2930.4000,2931.0000,2931.2000,2932.0000,2,1,1,1,4,3,1,1,3,1
SF,IH2003,2019-11-27 09:34:04.600,2929.8000,13511,-2,159248880.000,2,0,2,双平,S,2929.6000,2929.4000,2929.0000,2928.8000,2928.4000,2929.8000,2930.4000,2931.0000,2931.2000,2932.0000,2,1,1,1,4,1,1,1,3,1
SF,IH2003,2019-11-27 09:34:05.100,2929.8000,13510,-1,160127820.000,1,0,1,双平,S,2930.0000,2929.8000,2929.6000,2929.4000,2929.0000,2931.0000,2932.0000,2933.8000,2934.4000,2938.6000,3,3,1,1,1,1,1,2,1,1
SF,IH2003,2019-11-27 09:34:05.600,2929.8000,13509,-1,161006760.000,1,0,1,双平,S,2930.0000,2929.8000,2929.6000,2929.4000,2929.0000,2930.8000,2931.0000,2931.4000,2932.0000,2933.8000,2,1,1,1,1,5,1,3,1,2
SF,IH2003,2019-11-27 09:34:06.100,2930.0000,13508,-1,161885760.000,1,0,1,双平,S,2930.0000,2929.8000,2929.6000,2929.4000,2929.0000,2930.8000,2931.0000,2932.0000,2933.8000,2934.4000,1,1,1,1,1,4,1,1,2,1
SF,IH2003,2019-11-27 09:34:06.600,2930.0000,13508,0,161885760.000,0,-,-,-,-,2929.8000,2929.6000,2929.4000,2929.0000,2928.8000,2930.8000,2931.0000,2932.0000,2933.8000,2934.4000,1,1,1,1,1,4,1,1,2,1
SF,IH2003,2019-11-27 09:34:08.100,2930.0000,13508,0,161885760.000,0,-,-,-,-,2929.8000,2929.6000,2929.4000,2929.0000,2928.8000,2930.8000,2931.0000,2932.0000,2933.8000,2934.4000,1,1,1,1,1,4,1,1,2,1
SF,IH2003,2019-11-27 09:34:08.600,2930.0000,13508,0,161885760.000,0,-,-,-,-,2929.8000,2929.6000,2929.4000,2929.0000,2928.8000,2930.8000,2931.0000,2932.0000,2933.8000,2934.4000,1,1,1,1,1,4,1,1,2,1
SF,IH2003,2019-11-27 09:34:09.100,2930.0000,13508,0,161885760.000,0,-,-,-,-,2929.6000,2929.4000,2929.0000,2928.8000,2928.4000,2930.8000,2931.0000,2932.0000,2933.8000,2934.4000,1,1,1,1,4,4,1,1,2,1
SF,IH2003,2019-11-27 09:34:09.600,2930.0000,13508,0,161885760.000,0,-,-,-,-,2929.6000,2929.4000,2929.0000,2928.8000,2928.4000,2930.0000,2930.6000,2930.8000,2931.0000,2932.0000,1,1,1,1,4,5,1,4,1,1
SF,IH2003,2019-11-27 09:34:10.100,2930.0000,13508,0,161885760.000,0,-,-,-,-,2929.6000,2929.4000,2929.0000,2928.8000,2928.4000,2930.0000,2930.6000,2930.8000,2931.0000,2932.0000,1,1,1,1,4,5,1,3,1,1
SF,IH2003,2019-11-27 09:34:10.600,2930.0000,13508,0,161885760.000,0,-,-,-,-,2929.6000,2929.4000,2929.0000,2928.8000,2928.4000,2930.0000,2930.8000,2931.0000,2932.0000,2933.8000,1,1,1,1,4,5,3,1,1,2
SF,IH2003,2019-11-27 09:34:11.100,2929.6000,13508,0,162764640.000,1,0,1,多换,S,2929.0000,2928.8000,2928.4000,2928.2000,2927.8000,2930.0000,2930.8000,2931.0000,2932.0000,2933.8000,1,1,4,1,1,5,3,1,1,2
SF,IH2003,2019-11-27 09:34:12.100,2929.6000,13508,0,162764640.000,0,-,-,-,-,2929.0000,2928.8000,2928.4000,2928.2000,2927.8000,2930.0000,2930.8000,2931.0000,2932.0000,2933.8000,1,1,4,1,1,5,3,1,1,2
SF,IH2003,2019-11-27 09:34:13.100,2929.6000,13508,0,162764640.000,0,-,-,-,-,2929.0000,2928.8000,2928.4000,2928.2000,2927.8000,2929.6000,2930.0000,2930.8000,2931.0000,2932.0000,1,1,4,1,1,1,5,3,1,1
SF,IH2003,2019-11-27 09:34:13.600,2929.6000,13508,0,162764640.000,0,-,-,-,-,2929.0000,2928.8000,2928.4000,2928.2000,2927.8000,2929.6000,2930.0000,2930.8000,2931.0000,2932.0000,1,1,4,1,1,1,5,2,1,1
SF,IH2003,2019-11-27 09:34:14.100,2929.6000,13508,0,163643520.000,1,0,1,多换,S,2929.0000,2928.8000,2928.4000,2928.2000,2927.8000,2930.0000,2930.8000,2931.0000,2932.0000,2933.8000,1,1,4,1,1,5,2,1,1,2
SF,IH2003,2019-11-27 09:34:14.600,2929.6000,13508,0,163643520.000,0,-,-,-,-,2929.0000,2928.8000,2928.4000,2928.2000,2927.8000,2930.0000,2930.8000,2931.0000,2932.0000,2933.8000,1,2,4,1,1,5,2,1,1,2
SF,IH2003,2019-11-27 09:34:15.100,2929.6000,13508,0,163643520.000,0,-,-,-,-,2929.4000,2929.2000,2929.0000,2928.8000,2928.4000,2930.0000,2930.8000,2931.0000,2932.0000,2933.8000,3,3,1,2,4,5,2,1,1,2
SF,IH2003,2019-11-27 09:34:15.600,2929.6000,13508,0,163643520.000,0,-,-,-,-,2929.0000,2928.8000,2928.4000,2928.2000,2927.8000,2930.0000,2930.8000,2931.0000,2932.0000,2933.8000,1,1,4,1,1,5,2,1,1,2
SF,IH2003,2019-11-27 09:34:17.100,2929.6000,13508,0,163643520.000,0,-,-,-,-,2929.0000,2928.8000,2928.4000,2928.2000,2927.8000,2930.0000,2930.8000,2931.0000,2932.0000,2933.8000,1,2,4,1,1,5,2,1,1,2
SF,IH2003,2019-11-27 09:34:17.600,2929.6000,13508,0,163643520.000,0,-,-,-,-,2929.0000,2928.8000,2928.4000,2928.2000,2927.8000,2930.0000,2930.8000,2931.0000,2932.0000,2933.8000,1,1,4,1,1,5,2,1,1,2
SF,IH2003,2019-11-27 09:34:18.100,2929.6000,13508,0,163643520.000,0,-,-,-,-,2929.0000,2928.8000,2928.4000,2928.2000,2927.8000,2930.0000,2930.8000,2931.0000,2932.0000,2933.8000,1,2,4,1,1,5,2,1,1,2
SF,IH2003,2019-11-27 09:34:18.600,2929.6000,13508,0,163643520.000,0,-,-,-,-,2929.2000,2929.0000,2928.8000,2928.4000,2928.2000,2930.0000,2930.8000,2931.0000,2932.0000,2933.8000,2,1,2,4,1,5,2,1,1,2
SF,IH2003,2019-11-27 09:34:19.100,2930.0000,13508,0,166280520.000,3,1,2,多换,S,2929.4000,2929.2000,2929.0000,2928.8000,2928.4000,2930.0000,2930.8000,2931.0000,2932.0000,2933.8000,2,3,1,2,2,2,2,1,1,2
SF,IH2003,2019-11-27 09:34:19.600,2930.0000,13506,-2,168038520.000,2,0,2,双平,S,2930.0000,2929.4000,2929.2000,2929.0000,2928.8000,2930.8000,2931.0000,2932.0000,2933.8000,2934.4000,2,2,2,1,2,2,1,1,2,1
SF,IH2003,2019-11-27 09:34:20.100,2930.8000,13506,0,168917760.000,1,0,1,多换,S,2929.4000,2929.2000,2929.0000,2928.8000,2928.4000,2931.0000,2932.0000,2933.8000,2934.4000,2938.6000,2,2,1,2,2,1,1,2,1,1
SF,IH2003,2019-11-27 09:34:20.600,2930.8000,13506,0,168917760.000,0,-,-,-,-,2929.6000,2929.4000,2929.2000,2929.0000,2928.8000,2930.8000,2931.0000,2932.0000,2932.2000,2933.8000,3,2,2,2,2,1,1,1,3,2
SF,IH2003,2019-11-27 09:34:21.600,2930.8000,13506,0,168917760.000,0,-,-,-,-,2929.6000,2929.4000,2929.2000,2929.0000,2928.8000,2930.8000,2931.0000,2932.0000,2932.2000,2933.8000,3,2,2,2,2,1,1,1,3,2
SF,IH2003,2019-11-27 09:34:22.600,2930.8000,13506,0,168917760.000,0,-,-,-,-,2929.6000,2929.4000,2929.2000,2929.0000,2928.8000,2930.8000,2931.0000,2932.0000,2932.2000,2933.8000,4,2,2,2,2,1,1,1,3,2
SF,IH2003,2019-11-27 09:34:23.100,2930.8000,13506,0,168917760.000,0,-,-,-,-,2929.6000,2929.4000,2929.2000,2929.0000,2928.8000,2930.8000,2931.0000,2932.0000,2932.2000,2933.8000,3,2,2,2,2,1,1,1,3,2
SF,IH2003,2019-11-27 09:34:24.600,2930.8000,13506,0,168917760.000,0,-,-,-,-,2929.6000,2929.4000,2929.2000,2929.0000,2928.8000,2930.8000,2931.0000,2932.0000,2932.2000,2933.8000,3,2,2,2,2,1,1,1,3,2
SF,IH2003,2019-11-27 09:34:25.100,2930.8000,13506,0,168917760.000,0,-,-,-,-,2929.6000,2929.4000,2929.2000,2929.0000,2928.8000,2930.8000,2931.0000,2932.0000,2932.2000,2933.8000,3,2,2,2,2,1,1,1,3,2
SF,IH2003,2019-11-27 09:34:25.600,2930.8000,13506,0,168917760.000,0,-,-,-,-,2929.6000,2929.4000,2929.2000,2929.0000,2928.8000,2930.6000,2930.8000,2931.0000,2932.0000,2932.2000,3,2,2,2,2,2,1,1,1,3
SF,IH2003,2019-11-27 09:34:26.100,2930.8000,13506,0,168917760.000,0,-,-,-,-,2929.4000,2929.2000,2929.0000,2928.8000,2927.8000,2930.6000,2930.8000,2931.0000,2932.0000,2932.2000,2,2,2,2,1,3,1,1,1,3
SF,IH2003,2019-11-27 09:34:26.600,2930.8000,13506,0,168917760.000,0,-,-,-,-,2929.4000,2929.2000,2929.0000,2928.8000,2927.8000,2930.4000,2930.6000,2930.8000,2931.0000,2932.0000,2,2,2,2,1,2,1,4,1,1
SF,IH2003,2019-11-27 09:34:27.100,2930.8000,13506,0,168917760.000,0,-,-,-,-,2929.2000,2929.0000,2928.8000,2927.8000,2927.6000,2930.4000,2930.8000,2931.0000,2931.4000,2932.0000,2,2,2,1,1,2,1,1,3,1
SF,IH2003,2019-11-27 09:34:27.600,2930.8000,13506,0,168917760.000,0,-,-,-,-,2929.2000,2929.0000,2928.8000,2927.8000,2927.6000,2930.2000,2930.4000,2930.8000,2931.0000,2931.4000,2,2,2,1,1,1,2,1,1,3
SF,IH2003,2019-11-27 09:34:28.100,2930.8000,13506,0,168917760.000,0,-,-,-,-,2929.0000,2928.8000,2927.8000,2927.6000,2927.2000,2930.2000,2930.8000,2931.0000,2931.4000,2932.0000,2,1,1,1,1,1,1,1,3,1
SF,IH2003,2019-11-27 09:34:28.600,2930.8000,13506,0,168917760.000,0,-,-,-,-,2929.2000,2929.0000,2928.8000,2927.8000,2927.6000,2930.2000,2930.8000,2931.0000,2931.4000,2932.0000,1,2,1,1,1,1,1,1,3,1
SF,IH2003,2019-11-27 09:34:29.100,2930.8000,13506,0,168917760.000,0,-,-,-,-,2929.0000,2928.8000,2927.8000,2927.6000,2927.2000,2930.0000,2930.2000,2930.8000,2931.0000,2931.4000,2,1,1,1,1,1,1,1,1,3
SF,IH2003,2019-11-27 09:34:29.600,2930.8000,13506,0,168917760.000,0,-,-,-,-,2929.0000,2928.8000,2927.8000,2927.6000,2927.2000,2930.0000,2930.8000,2931.0000,2931.4000,2932.0000,2,1,1,1,1,1,1,1,3,1
SF,IH2003,2019-11-27 09:34:32.100,2930.8000,13506,0,168917760.000,0,-,-,-,-,2929.0000,2928.8000,2927.8000,2927.6000,2927.2000,2930.0000,2930.8000,2931.0000,2931.4000,2932.0000,3,2,1,1,1,1,1,1,3,1
SF,IH2003,2019-11-27 09:34:32.600,2930.8000,13506,0,168917760.000,0,-,-,-,-,2929.2000,2929.0000,2928.8000,2927.8000,2927.6000,2930.0000,2930.8000,2931.0000,2931.4000,2932.0000,1,3,2,1,1,1,1,1,3,1
SF,IH2003,2019-11-27 09:34:34.100,2930.8000,13506,0,168917760.000,0,-,-,-,-,2929.2000,2929.0000,2928.8000,2927.8000,2927.6000,2930.8000,2931.0000,2931.4000,2932.0000,2933.8000,1,2,1,1,1,1,1,3,1,2
SF,IH2003,2019-11-27 09:34:34.600,2930.8000,13506,0,168917760.000,0,-,-,-,-,2929.4000,2929.2000,2929.0000,2928.8000,2927.8000,2930.6000,2930.8000,2931.0000,2931.4000,2932.0000,3,2,2,1,1,1,1,1,3,1
SF,IH2003,2019-11-27 09:34:35.600,2930.8000,13506,0,168917760.000,0,-,-,-,-,2929.4000,2929.2000,2929.0000,2928.8000,2927.8000,2930.6000,2930.8000,2931.0000,2931.4000,2932.0000,3,2,2,1,1,1,1,1,3,1
SF,IH2003,2019-11-27 09:34:36.100,2930.8000,13506,0,168917760.000,0,-,-,-,-,2929.6000,2929.4000,2929.2000,2929.0000,2928.8000,2930.6000,2930.8000,2931.0000,2931.4000,2932.0000,1,3,1,2,1,1,1,1,3,1
SF,IH2003,2019-11-27 09:34:36.600,2930.8000,13506,0,168917760.000,0,-,-,-,-,2929.6000,2929.2000,2929.0000,2928.8000,2927.8000,2930.4000,2930.6000,2930.8000,2931.0000,2931.4000,1,1,2,1,1,5,1,1,1,3
SF,IH2003,2019-11-27 09:34:37.100,2929.6000,13506,0,169796640.000,1,0,1,多换,S,2929.2000,2929.0000,2928.8000,2927.8000,2927.6000,2930.2000,2930.4000,2930.8000,2931.0000,2931.4000,1,2,1,1,1,6,5,1,1,3
SF,IH2003,2019-11-27 09:34:37.600,2929.6000,13506,0,169796640.000,0,-,-,-,-,2929.2000,2929.0000,2928.8000,2927.8000,2927.6000,2930.4000,2930.8000,2931.0000,2931.4000,2932.0000,1,2,2,1,1,4,1,1,3,1
SF,IH2003,2019-11-27 09:34:38.100,2929.6000,13506,0,169796640.000,0,-,-,-,-,2929.2000,2929.0000,2928.8000,2927.8000,2927.6000,2930.2000,2930.4000,2930.8000,2931.0000,2932.0000,1,2,2,1,1,3,2,1,1,1
SF,IH2003,2019-11-27 09:34:38.600,2929.6000,13506,0,169796640.000,0,-,-,-,-,2929.2000,2929.0000,2928.8000,2927.8000,2927.6000,2930.2000,2930.4000,2930.8000,2931.0000,2932.0000,1,2,2,1,1,3,5,1,1,1
SF,IH2003,2019-11-27 09:34:39.100,2929.6000,13506,0,169796640.000,0,-,-,-,-,2929.2000,2928.8000,2927.8000,2927.6000,2927.2000,2930.2000,2930.4000,2930.8000,2931.0000,2932.0000,1,2,1,1,1,3,5,1,1,1
SF,IH2003,2019-11-27 09:34:39.600,2929.6000,13506,0,169796640.000,0,-,-,-,-,2929.2000,2928.8000,2927.8000,2927.6000,2927.2000,2930.2000,2930.4000,2930.8000,2931.0000,2932.0000,1,2,1,1,1,3,5,1,1,1
SF,IH2003,2019-11-27 09:34:40.100,2929.6000,13506,0,169796640.000,0,-,-,-,-,2929.2000,2928.8000,2927.8000,2927.6000,2927.2000,2930.0000,2930.2000,2930.4000,2930.8000,2932.0000,1,2,1,1,1,2,3,5,1,1
SF,IH2003,2019-11-27 09:34:40.600,2929.6000,13506,0,169796640.000,0,-,-,-,-,2929.2000,2928.8000,2927.8000,2927.6000,2927.2000,2929.8000,2930.0000,2930.4000,2930.8000,2932.0000,1,2,1,1,1,1,2,5,1,1
SF,IH2003,2019-11-27 09:34:41.100,2929.6000,13506,0,169796640.000,0,-,-,-,-,2929.2000,2928.8000,2927.8000,2927.6000,2927.2000,2930.0000,2930.4000,2930.8000,2932.0000,2933.8000,1,2,1,1,1,1,5,1,1,2
SF,IH2003,2019-11-27 09:34:41.600,2929.6000,13506,0,169796640.000,0,-,-,-,-,2929.2000,2928.8000,2927.8000,2927.6000,2927.2000,2930.0000,2930.4000,2930.8000,2932.0000,2933.8000,1,2,1,1,1,1,5,1,1,2
SF,IH2003,2019-11-27 09:34:43.600,2929.6000,13506,0,169796640.000,0,-,-,-,-,2929.2000,2928.8000,2927.8000,2927.6000,2927.2000,2929.8000,2930.0000,2930.4000,2930.8000,2932.0000,1,2,1,1,1,1,1,5,1,1
SF,IH2003,2019-11-27 09:34:44.100,2929.6000,13506,0,169796640.000,0,-,-,-,-,2929.6000,2929.2000,2928.8000,2927.8000,2927.6000,2930.0000,2930.4000,2930.8000,2932.0000,2933.8000,1,1,2,1,1,1,5,1,1,2
SF,IH2003,2019-11-27 09:34:44.600,2929.6000,13506,0,170675520.000,1,0,1,多换,S,2929.2000,2928.8000,2927.8000,2927.6000,2927.2000,2929.6000,2930.0000,2930.4000,2930.8000,2932.0000,1,2,1,1,1,2,1,5,1,1
SF,IH2003,2019-11-27 09:34:47.600,2929.6000,13506,0,170675520.000,0,-,-,-,-,2929.2000,2928.8000,2927.8000,2927.6000,2927.2000,2929.6000,2930.0000,2930.4000,2930.8000,2932.0000,1,2,1,1,1,1,1,5,1,1
SF,IH2003,2019-11-27 09:34:50.100,2929.6000,13506,0,170675520.000,0,-,-,-,-,2929.2000,2928.8000,2927.8000,2927.6000,2927.2000,2929.6000,2930.0000,2930.4000,2930.8000,2932.0000,1,2,1,1,1,1,1,5,1,1
SF,IH2003,2019-11-27 09:34:51.600,2929.6000,13506,0,171554400.000,1,0,1,多换,S,2929.2000,2928.8000,2927.8000,2927.6000,2927.2000,2930.0000,2930.4000,2930.8000,2932.0000,2933.8000,1,2,1,1,1,1,5,1,1,2
SF,IH2003,2019-11-27 09:34:53.100,2929.6000,13506,0,171554400.000,0,-,-,-,-,2929.6000,2929.2000,2928.8000,2927.8000,2927.6000,2930.0000,2930.4000,2930.8000,2932.0000,2933.8000,1,1,2,1,1,1,5,1,1,2
SF,IH2003,2019-11-27 09:34:53.600,2929.6000,13505,-1,172433280.000,1,0,1,双平,S,2929.2000,2928.8000,2927.8000,2927.6000,2927.2000,2929.4000,2930.0000,2930.4000,2930.8000,2932.0000,1,2,1,1,1,1,1,5,1,1
SF,IH2003,2019-11-27 09:34:55.100,2929.2000,13506,1,173312040.000,1,1,0,双开,S,2928.8000,2927.8000,2927.6000,2927.2000,2927.0000,2929.4000,2930.0000,2930.4000,2930.8000,2932.0000,2,1,1,1,2,1,1,5,1,1
SF,IH2003,2019-11-27 09:34:55.600,2929.4000,13506,0,174190860.000,1,0,1,多换,S,2928.8000,2927.8000,2927.6000,2927.2000,2927.0000,2930.0000,2930.4000,2930.8000,2932.0000,2933.8000,2,1,1,1,2,1,5,1,1,2
SF,IH2003,2019-11-27 09:34:56.100,2929.4000,13506,0,174190860.000,0,-,-,-,-,2929.4000,2928.8000,2927.8000,2927.6000,2927.2000,2929.8000,2930.0000,2930.4000,2930.8000,2932.0000,1,2,1,1,1,1,1,2,4,1
SF,IH2003,2019-11-27 09:34:56.600,2929.4000,13506,0,174190860.000,0,-,-,-,-,2929.4000,2929.0000,2928.8000,2927.8000,2927.6000,2930.4000,2930.8000,2932.0000,2933.8000,2934.4000,1,2,3,1,1,2,3,1,2,1
SF,IH2003,2019-11-27 09:34:57.100,2929.4000,13506,0,174190860.000,0,-,-,-,-,2929.4000,2928.8000,2927.8000,2927.6000,2927.2000,2930.0000,2930.2000,2930.4000,2932.0000,2933.8000,1,2,1,1,1,6,7,2,1,2
SF,IH2003,2019-11-27 09:34:57.600,2929.4000,13506,0,174190860.000,0,-,-,-,-,2929.4000,2928.8000,2927.8000,2927.6000,2927.2000,2930.4000,2932.0000,2933.8000,2934.4000,2935.0000,1,2,1,1,1,2,1,2,1,1
SF,IH2003,2019-11-27 09:34:58.100,2929.4000,13505,-1,175069680.000,1,0,1,双平,S,2928.8000,2927.8000,2927.6000,2927.2000,2927.0000,2930.2000,2930.4000,2932.0000,2933.8000,2934.4000,2,1,1,1,2,8,5,1,2,1
SF,IH2003,2019-11-27 09:34:58.600,2929.4000,13505,0,175069680.000,0,-,-,-,-,2928.8000,2927.8000,2927.6000,2927.2000,2927.0000,2930.0000,2930.2000,2930.4000,2932.0000,2933.8000,2,1,1,1,2,1,8,5,1,2
SF,IH2003,2019-11-27 09:34:59.100,2929.4000,13505,0,175069680.000,0,-,-,-,-,2928.8000,2927.8000,2927.6000,2927.2000,2927.0000,2930.0000,2930.2000,2930.4000,2932.0000,2933.8000,2,1,1,1,2,1,6,5,1,2
SF,IH2003,2019-11-27 09:35:00.600,2929.4000,13505,0,175069680.000,0,-,-,-,-,2929.4000,2928.8000,2927.8000,2927.6000,2927.2000,2929.8000,2930.0000,2930.4000,2930.8000,2932.0000,1,2,1,1,1,2,1,2,3,1
SF,IH2003,2019-11-27 09:35:01.100,2929.4000,13505,0,175948500.000,1,0,1,多换,S,2928.8000,2927.8000,2927.6000,2927.2000,2927.0000,2929.2000,2930.0000,2930.4000,2930.8000,2932.0000,2,1,1,1,2,1,1,2,3,1
SF,IH2003,2019-11-27 09:35:01.600,2929.2000,13504,-1,176827260.000,1,0,1,双平,S,2929.2000,2928.8000,2927.8000,2927.6000,2927.2000,2929.8000,2930.0000,2930.4000,2930.8000,2932.0000,1,2,1,1,1,1,1,2,3,1
SF,IH2003,2019-11-27 09:35:02.100,2929.2000,13504,0,176827260.000,0,-,-,-,-,2929.2000,2928.8000,2927.8000,2927.6000,2927.2000,2929.8000,2930.0000,2930.4000,2930.8000,2932.0000,1,2,1,1,1,2,1,2,3,1
SF,IH2003,2019-11-27 09:35:02.600,2929.2000,13503,-1,177706020.000,1,0,1,双平,S,2928.8000,2927.8000,2927.6000,2927.2000,2927.0000,2929.8000,2930.0000,2930.4000,2930.8000,2932.0000,2,1,1,1,2,2,1,2,3,1
SF,IH2003,2019-11-27 09:35:03.100,2929.2000,13503,0,177706020.000,0,-,-,-,-,2928.8000,2927.8000,2927.6000,2927.2000,2927.0000,2929.6000,2929.8000,2930.0000,2930.8000,2932.0000,2,1,1,1,2,2,2,1,3,1
SF,IH2003,2019-11-27 09:35:04.100,2929.2000,13503,0,177706020.000,0,-,-,-,-,2928.8000,2927.8000,2927.6000,2927.2000,2927.0000,2929.6000,2929.8000,2930.0000,2930.8000,2932.0000,2,1,1,1,2,2,2,1,3,1
SF,IH2003,2019-11-27 09:35:04.600,2929.2000,13503,0,177706020.000,0,-,-,-,-,2928.8000,2927.8000,2927.6000,2927.2000,2927.0000,2929.6000,2929.8000,2930.0000,2930.8000,2932.0000,2,1,1,1,2,2,2,1,3,1
SF,IH2003,2019-11-27 09:35:05.100,2929.2000,13503,0,177706020.000,0,-,-,-,-,2928.8000,2927.8000,2927.6000,2927.2000,2927.0000,2929.6000,2929.8000,2930.0000,2930.8000,2932.0000,2,1,1,1,2,2,2,1,3,1
SF,IH2003,2019-11-27 09:35:07.600,2929.2000,13503,0,177706020.000,0,-,-,-,-,2928.8000,2927.8000,2927.6000,2927.2000,2927.0000,2929.8000,2930.0000,2930.8000,2932.0000,2933.8000,2,1,1,1,2,2,1,3,1,2
SF,IH2003,2019-11-27 09:35:10.100,2929.2000,13503,0,177706020.000,0,-,-,-,-,2929.0000,2928.8000,2927.8000,2927.6000,2927.2000,2929.8000,2930.0000,2930.8000,2932.0000,2933.8000,1,3,1,1,1,2,1,3,1,2
SF,IH2003,2019-11-27 09:35:10.600,2929.2000,13503,0,177706020.000,0,-,-,-,-,2928.8000,2927.8000,2927.6000,2927.2000,2927.0000,2929.8000,2930.0000,2930.8000,2932.0000,2933.8000,2,1,1,1,2,2,1,3,1,2
SF,IH2003,2019-11-27 09:35:13.100,2929.2000,13503,0,177706020.000,0,-,-,-,-,2929.0000,2928.8000,2927.8000,2927.6000,2927.2000,2929.8000,2930.0000,2930.8000,2932.0000,2933.8000,1,2,1,1,1,2,1,3,1,2
SF,IH2003,2019-11-27 09:35:13.600,2929.8000,13502,-1,178584960.000,1,0,1,双平,S,2928.8000,2927.6000,2927.2000,2927.0000,2925.0000,2929.8000,2930.0000,2930.8000,2932.0000,2933.8000,3,1,1,2,1,1,1,3,1,2
SF,IH2003,2019-11-27 09:35:14.100,2929.8000,13502,0,178584960.000,0,-,-,-,-,2929.0000,2928.8000,2927.6000,2927.2000,2927.0000,2929.8000,2930.0000,2930.8000,2932.0000,2933.8000,1,3,1,1,2,1,1,3,1,2
SF,IH2003,2019-11-27 09:35:14.600,2929.8000,13502,0,178584960.000,0,-,-,-,-,2928.8000,2927.6000,2927.2000,2927.0000,2925.0000,2929.8000,2930.0000,2930.8000,2932.0000,2933.8000,3,1,1,2,1,1,1,3,1,2
SF,IH2003,2019-11-27 09:35:15.100,2929.8000,13502,0,179463900.000,1,0,1,多换,S,2929.0000,2928.8000,2927.6000,2927.2000,2927.0000,2930.8000,2932.0000,2933.8000,2934.4000,2935.0000,1,3,1,1,2,3,1,2,1,1
SF,IH2003,2019-11-27 09:35:15.600,2929.8000,13502,0,179463900.000,0,-,-,-,-,2928.8000,2927.6000,2927.2000,2927.0000,2925.0000,2930.4000,2930.6000,2930.8000,2932.0000,2933.8000,3,1,1,2,1,6,12,3,1,2
SF,IH2003,2019-11-27 09:35:16.100,2929.8000,13502,0,179463900.000,0,-,-,-,-,2929.0000,2928.8000,2927.6000,2927.2000,2927.0000,2930.2000,2930.4000,2930.6000,2932.0000,2933.8000,2,3,1,1,2,1,6,9,1,2
SF,IH2003,2019-11-27 09:35:16.600,2929.8000,13502,0,179463900.000,0,-,-,-,-,2928.8000,2927.6000,2927.2000,2927.0000,2925.0000,2930.2000,2930.4000,2930.6000,2931.2000,2932.0000,2,1,1,2,1,3,6,9,3,1
SF,IH2003,2019-11-27 09:35:17.100,2929.8000,13502,0,179463900.000,0,-,-,-,-,2928.8000,2927.6000,2927.2000,2927.0000,2925.0000,2930.0000,2930.2000,2930.4000,2930.6000,2931.2000,2,1,1,2,1,1,3,6,9,3
SF,IH2003,2019-11-27 09:35:17.600,2929.8000,13502,0,179463900.000,0,-,-,-,-,2928.8000,2927.6000,2927.2000,2927.0000,2925.0000,2930.2000,2930.6000,2931.2000,2932.0000,2932.8000,2,1,1,2,1,3,3,3,1,1
SF,IH2003,2019-11-27 09:35:18.600,2929.8000,13502,0,179463900.000,0,-,-,-,-,2928.8000,2927.6000,2927.2000,2927.0000,2925.0000,2930.0000,2930.2000,2930.6000,2931.2000,2932.0000,2,1,1,2,1,1,3,3,3,1
SF,IH2003,2019-11-27 09:35:19.100,2929.8000,13502,0,179463900.000,0,-,-,-,-,2928.8000,2927.6000,2927.2000,2927.0000,2925.0000,2930.0000,2930.2000,2930.6000,2931.2000,2932.0000,2,1,1,2,1,1,2,3,3,1
SF,IH2003,2019-11-27 09:35:19.600,2929.8000,13502,0,179463900.000,0,-,-,-,-,2928.8000,2927.6000,2927.2000,2927.0000,2925.0000,2930.0000,2930.2000,2930.6000,2931.2000,2932.0000,2,1,1,2,1,1,2,3,3,1
SF,IH2003,2019-11-27 09:35:21.100,2929.8000,13502,0,179463900.000,0,-,-,-,-,2928.8000,2927.6000,2927.2000,2927.0000,2925.0000,2930.0000,2930.2000,2930.6000,2931.2000,2932.0000,3,1,1,2,1,1,2,3,3,1
SF,IH2003,2019-11-27 09:35:21.600,2929.8000,13502,0,179463900.000,0,-,-,-,-,2928.8000,2927.6000,2927.2000,2927.0000,2925.0000,2929.8000,2930.0000,2930.2000,2930.6000,2931.2000,2,1,1,2,1,2,1,2,3,3
SF,IH2003,2019-11-27 09:35:22.600,2929.8000,13502,0,179463900.000,0,-,-,-,-,2929.0000,2928.8000,2927.6000,2927.2000,2927.0000,2929.8000,2930.0000,2930.2000,2930.6000,2931.2000,1,2,1,1,2,2,1,2,3,3
SF,IH2003,2019-11-27 09:35:23.600,2929.8000,13502,0,179463900.000,0,-,-,-,-,2929.0000,2928.8000,2927.6000,2927.2000,2927.0000,2930.0000,2930.2000,2930.6000,2931.2000,2932.0000,1,2,1,1,2,1,2,3,3,1
SF,IH2003,2019-11-27 09:35:24.100,2929.8000,13502,0,179463900.000,0,-,-,-,-,2929.0000,2928.8000,2927.6000,2927.2000,2927.0000,2930.0000,2930.2000,2930.6000,2931.2000,2931.8000,1,2,1,1,2,1,2,3,3,1
SF,IH2003,2019-11-27 09:35:27.100,2929.8000,13502,0,179463900.000,0,-,-,-,-,2929.0000,2928.8000,2927.6000,2927.2000,2927.0000,2930.0000,2930.2000,2930.6000,2931.2000,2931.8000,1,2,1,1,2,1,2,3,3,1
SF,IH2003,2019-11-27 09:35:27.600,2929.8000,13502,0,179463900.000,0,-,-,-,-,2929.0000,2928.8000,2927.6000,2927.2000,2927.0000,2930.0000,2930.2000,2930.6000,2931.2000,2931.8000,1,2,1,1,2,1,2,3,3,1
SF,IH2003,2019-11-27 09:35:28.600,2929.8000,13502,0,179463900.000,0,-,-,-,-,2929.0000,2928.8000,2927.6000,2927.2000,2927.0000,2930.0000,2930.2000,2930.6000,2931.2000,2931.8000,2,2,1,1,2,1,2,3,3,1
SF,IH2003,2019-11-27 09:35:29.100,2929.8000,13502,0,179463900.000,0,-,-,-,-,2929.0000,2928.8000,2927.6000,2927.2000,2927.0000,2930.2000,2930.6000,2931.2000,2931.8000,2932.0000,2,2,1,1,2,2,3,3,1,1
SF,IH2003,2019-11-27 09:35:29.600,2929.8000,13502,0,179463900.000,0,-,-,-,-,2929.0000,2928.8000,2927.6000,2927.2000,2927.0000,2930.2000,2930.6000,2931.2000,2931.8000,2932.0000,1,2,1,1,2,2,3,3,1,1
SF,IH2003,2019-11-27 09:35:30.100,2929.8000,13502,0,179463900.000,0,-,-,-,-,2929.0000,2928.8000,2927.6000,2927.2000,2927.0000,2930.0000,2930.2000,2930.6000,2931.2000,2931.8000,1,2,1,1,2,1,2,3,3,1
SF,IH2003,2019-11-27 09:35:33.100,2929.8000,13502,0,179463900.000,0,-,-,-,-,2929.0000,2928.8000,2927.6000,2927.2000,2927.0000,2930.0000,2930.2000,2930.6000,2931.2000,2931.8000,1,2,1,1,2,2,2,3,3,1
SF,IH2003,2019-11-27 09:35:33.600,2929.8000,13502,0,179463900.000,0,-,-,-,-,2929.0000,2928.8000,2927.6000,2927.2000,2927.0000,2930.0000,2930.2000,2930.6000,2931.8000,2932.0000,1,2,1,1,2,2,5,3,1,1
SF,IH2003,2019-11-27 09:35:34.100,2929.8000,13502,0,179463900.000,0,-,-,-,-,2929.0000,2928.8000,2927.6000,2927.2000,2927.0000,2930.0000,2930.2000,2930.6000,2931.8000,2932.0000,2,2,1,1,2,2,3,1,1,1
SF,IH2003,2019-11-27 09:35:34.600,2929.8000,13502,0,179463900.000,0,-,-,-,-,2929.0000,2928.8000,2927.6000,2927.2000,2927.0000,2930.0000,2930.6000,2931.8000,2932.0000,2933.8000,2,2,1,1,2,2,4,1,1,2
SF,IH2003,2019-11-27 09:35:35.100,2929.0000,13503,1,180342600.000,1,1,0,双开,S,2928.8000,2927.6000,2927.2000,2927.0000,2925.0000,2930.0000,2930.6000,2931.8000,2932.0000,2933.8000,2,1,1,2,1,2,4,1,1,2
SF,IH2003,2019-11-27 09:35:35.600,2930.0000,13503,0,181221600.000,1,0,1,多换,S,2930.0000,2928.8000,2927.6000,2927.2000,2927.0000,2930.6000,2931.8000,2932.0000,2933.8000,2934.4000,1,3,1,1,2,4,1,1,2,1
SF,IH2003,2019-11-27 09:35:36.100,2930.0000,13502,-1,182100600.000,1,0,1,双平,S,2928.8000,2927.6000,2927.2000,2927.0000,2925.0000,2930.4000,2930.6000,2931.8000,2932.0000,2933.8000,3,1,1,2,1,7,1,1,1,2
SF,IH2003,2019-11-27 09:35:36.600,2930.0000,13502,0,182100600.000,0,-,-,-,-,2928.8000,2927.6000,2927.2000,2927.0000,2925.0000,2930.0000,2930.2000,2930.4000,2930.6000,2931.8000,3,1,1,2,1,1,2,7,1,1
SF,IH2003,2019-11-27 09:35:37.100,2929.0000,13502,0,182979300.000,1,0,1,多换,S,2929.0000,2928.8000,2927.6000,2927.2000,2927.0000,2930.0000,2930.2000,2930.4000,2930.6000,2930.8000,1,3,1,1,2,1,3,1,1,3
SF,IH2003,2019-11-27 09:35:37.600,2929.0000,13502,0,182979300.000,0,-,-,-,-,2928.8000,2927.6000,2927.2000,2927.0000,2925.0000,2929.8000,2930.0000,2930.2000,2930.4000,2930.6000,2,1,1,2,1,2,1,3,1,1
SF,IH2003,2019-11-27 09:35:38.600,2929.0000,13502,0,182979300.000,0,-,-,-,-,2928.8000,2927.6000,2927.2000,2927.0000,2925.0000,2929.6000,2929.8000,2930.0000,2930.2000,2930.4000,2,1,1,2,1,1,2,1,3,1
SF,IH2003,2019-11-27 09:35:39.100,2929.0000,13502,0,182979300.000,0,-,-,-,-,2928.8000,2927.6000,2927.2000,2927.0000,2925.0000,2929.8000,2930.0000,2930.2000,2930.4000,2930.8000,2,1,1,2,1,2,1,3,1,3
SF,IH2003,2019-11-27 09:35:39.600,2929.0000,13502,0,182979300.000,0,-,-,-,-,2928.8000,2927.6000,2927.2000,2927.0000,2925.0000,2929.8000,2930.0000,2930.2000,2930.4000,2930.8000,2,1,1,2,1,2,1,3,1,3
SF,IH2003,2019-11-27 09:35:40.100,2929.6000,13502,0,183858180.000,1,0,1,多换,S,2928.8000,2927.6000,2927.2000,2927.0000,2925.0000,2929.8000,2930.0000,2930.2000,2930.4000,2930.8000,2,1,1,2,1,2,1,3,1,3
SF,IH2003,2019-11-27 09:35:42.100,2929.6000,13502,0,183858180.000,0,-,-,-,-,2928.8000,2927.6000,2927.2000,2927.0000,2925.0000,2930.0000,2930.2000,2930.4000,2930.8000,2931.8000,2,1,1,2,1,1,3,1,3,1
SF,IH2003,2019-11-27 09:35:43.600,2929.6000,13502,0,183858180.000,0,-,-,-,-,2928.8000,2927.6000,2927.2000,2927.0000,2925.0000,2930.2000,2930.4000,2930.8000,2931.8000,2932.0000,2,1,1,2,1,3,1,3,1,1
SF,IH2003,2019-11-27 09:35:44.100,2929.6000,13502,0,183858180.000,0,-,-,-,-,2928.8000,2927.6000,2927.2000,2927.0000,2925.0000,2930.0000,2930.2000,2930.4000,2930.8000,2931.8000,2,1,1,2,1,2,3,1,3,1
SF,IH2003,2019-11-27 09:35:44.600,2929.6000,13502,0,183858180.000,0,-,-,-,-,2929.0000,2928.8000,2927.6000,2927.2000,2927.0000,2930.2000,2930.4000,2930.8000,2931.8000,2932.0000,1,3,1,1,2,3,1,3,1,1
SF,IH2003,2019-11-27 09:35:45.600,2929.6000,13502,0,183858180.000,0,-,-,-,-,2929.0000,2928.8000,2927.6000,2927.2000,2927.0000,2930.2000,2930.4000,2930.8000,2931.8000,2932.0000,2,3,1,1,2,3,1,3,1,1
SF,IH2003,2019-11-27 09:35:46.600,2929.6000,13502,0,183858180.000,0,-,-,-,-,2929.2000,2928.8000,2927.6000,2927.2000,2927.0000,2930.0000,2930.2000,2930.4000,2930.8000,2931.8000,1,2,1,1,2,2,3,1,3,1
SF,IH2003,2019-11-27 09:35:48.600,2929.6000,13502,0,183858180.000,0,-,-,-,-,2928.8000,2927.6000,2927.2000,2927.0000,2925.0000,2930.0000,2930.2000,2930.4000,2930.8000,2931.8000,2,1,1,2,1,2,3,1,3,1
SF,IH2003,2019-11-27 09:35:49.100,2929.6000,13502,0,183858180.000,0,-,-,-,-,2929.0000,2928.8000,2927.6000,2927.2000,2927.0000,2930.2000,2930.4000,2930.8000,2931.8000,2932.0000,1,2,1,1,2,3,1,3,1,1
SF,IH2003,2019-11-27 09:35:49.600,2929.6000,13502,0,183858180.000,0,-,-,-,-,2929.0000,2928.8000,2927.6000,2927.2000,2927.0000,2930.2000,2930.4000,2930.8000,2931.8000,2932.0000,1,3,1,1,2,3,1,3,1,1
SF,IH2003,2019-11-27 09:35:50.100,2929.6000,13502,0,183858180.000,0,-,-,-,-,2928.8000,2927.6000,2927.2000,2927.0000,2925.0000,2930.0000,2930.2000,2930.4000,2930.8000,2931.8000,2,1,1,2,1,2,3,1,3,1
