市场代码,合约代码,时间,最新,持仓,增仓,成交额,成交量,开仓,平仓,成交类型,方向,买一价,买二价,买三价,买四价,买五价,卖一价,卖二价,卖三价,卖四价,卖五价,买一量,买二量,买三量,买四量,买五量,卖一量,卖二量,卖三量,卖四量,卖五量
SF,IH2012,2020-07-13 09:29:00.400,3325.0000,12898,0,8977500.000,9.000,-,-,-,-,3323.0000,3322.4000,3320.4000,3320.2000,3320.0000,3329.0000,3334.0000,3335.0000,3336.0000,3338.8000,1,1,11,1,1,1,2,1,1,1
SF,IH2012,2020-07-13 09:30:00.400,3329.0000,12897,-1,12972300.000,4,1,3,多平,S,3329.0000,3323.4000,3320.4000,3320.2000,3320.0000,3334.0000,3335.0000,3336.0000,3338.8000,3343.6000,1,2,11,1,1,2,1,1,1,1
SF,IH2012,2020-07-13 09:30:00.900,3329.0000,12897,0,16967100.000,4,2,2,多换,S,3325.0000,3323.4000,3320.8000,3320.4000,3320.2000,3333.6000,3334.0000,3335.0000,3336.0000,3338.8000,1,2,1,11,1,3,2,1,1,1
SF,IH2012,2020-07-13 09:30:01.400,3329.0000,12897,0,16967100.000,0,-,-,-,-,3326.0000,3325.4000,3325.2000,3325.0000,3320.8000,3333.4000,3334.0000,3335.0000,3336.0000,3338.8000,1,4,1,1,1,1,2,1,1,1
SF,IH2012,2020-07-13 09:30:01.900,3329.0000,12897,0,16967100.000,0,-,-,-,-,3326.4000,3326.0000,3325.0000,3320.8000,3320.4000,3333.2000,3333.4000,3334.0000,3335.0000,3336.0000,4,1,1,1,10,1,1,2,1,1
SF,IH2012,2020-07-13 09:30:02.400,3329.0000,12897,0,16967100.000,0,-,-,-,-,3326.6000,3326.4000,3325.0000,3320.8000,3320.4000,3333.2000,3334.0000,3335.0000,3336.0000,3338.8000,2,5,1,1,10,1,2,1,1,1
SF,IH2012,2020-07-13 09:30:02.900,3333.0000,12896,-1,17967000.000,1,0,1,双平,S,3327.0000,3326.6000,3326.4000,3325.0000,3323.0000,3333.2000,3334.0000,3335.0000,3336.0000,3338.8000,4,2,1,1,1,1,2,1,1,1
SF,IH2012,2020-07-13 09:30:03.400,3327.2000,12897,1,22959540.000,5,3,2,空开,S,3327.2000,3327.0000,3326.6000,3325.0000,3323.0000,3334.0000,3335.0000,3336.0000,3338.8000,3344.0000,3,4,2,1,6,2,1,1,1,1
SF,IH2012,2020-07-13 09:30:03.900,3334.0000,12897,0,23959740.000,1,0,1,多换,S,3329.2000,3327.6000,3327.4000,3327.2000,3326.6000,3334.0000,3335.0000,3336.0000,3338.8000,3344.0000,1,4,1,3,2,1,1,1,1,1
SF,IH2012,2020-07-13 09:30:04.400,3334.0000,12897,0,23959740.000,0,-,-,-,-,3329.6000,3329.4000,3329.2000,3328.0000,3327.4000,3334.0000,3335.0000,3336.0000,3338.8000,3344.0000,4,3,1,2,1,1,1,1,1,1
SF,IH2012,2020-07-13 09:30:04.900,3334.0000,12897,0,23959740.000,0,-,-,-,-,3329.8000,3329.6000,3329.4000,3329.2000,3328.0000,3334.0000,3335.0000,3336.0000,3338.8000,3344.0000,3,5,2,1,2,1,1,1,1,1
SF,IH2012,2020-07-13 09:30:05.400,3334.0000,12896,-1,24959940.000,1,0,1,双平,S,3330.2000,3329.8000,3329.6000,3329.4000,3328.0000,3335.0000,3336.0000,3338.8000,3344.0000,3344.2000,4,4,1,2,1,1,1,1,1,1
SF,IH2012,2020-07-13 09:30:05.900,3334.0000,12896,0,24959940.000,0,-,-,-,-,3330.4000,3330.2000,3329.8000,3329.6000,3329.4000,3335.0000,3336.0000,3338.8000,3344.0000,3344.2000,2,4,2,1,2,1,1,1,1,1
SF,IH2012,2020-07-13 09:30:06.400,3334.0000,12896,0,24959940.000,0,-,-,-,-,3331.2000,3330.8000,3330.4000,3329.8000,3329.4000,3335.0000,3336.0000,3338.8000,3344.0000,3344.2000,1,5,2,2,2,1,1,1,1,1
SF,IH2012,2020-07-13 09:30:06.900,3334.0000,12896,0,24959940.000,0,-,-,-,-,3331.6000,3331.4000,3331.2000,3330.8000,3330.4000,3335.0000,3336.0000,3338.8000,3344.0000,3344.2000,3,2,1,1,1,1,1,1,1,1
SF,IH2012,2020-07-13 09:30:07.400,3331.8000,12895,-1,26959980.000,2,0,2,多平,S,3331.8000,3331.6000,3331.2000,3331.0000,3330.4000,3334.8000,3336.0000,3338.8000,3344.0000,3344.2000,3,3,1,1,1,1,1,1,1,1
SF,IH2012,2020-07-13 09:30:07.900,3331.8000,12895,0,26959980.000,0,-,-,-,-,3332.2000,3331.2000,3330.4000,3329.8000,3329.2000,3334.8000,3336.0000,3338.8000,3344.0000,3344.2000,3,1,1,1,1,1,1,1,1,1
SF,IH2012,2020-07-13 09:30:08.400,3332.2000,12889,-6,32958900.000,6,0,6,双平,S,3331.2000,3330.4000,3329.8000,3329.2000,3327.4000,3334.6000,3336.0000,3338.8000,3344.0000,3344.2000,1,1,1,1,1,1,1,1,1,1
SF,IH2012,2020-07-13 09:30:08.900,3334.6000,12888,-1,33959280.000,1,0,1,双平,S,3332.6000,3331.6000,3331.4000,3330.4000,3329.8000,3336.0000,3338.8000,3344.0000,3344.2000,3349.0000,1,1,3,1,1,1,1,1,1,1
SF,IH2012,2020-07-13 09:30:09.400,3336.0000,12887,-1,34960080.000,1,0,1,双平,S,3333.0000,3332.8000,3331.4000,3329.8000,3329.2000,3335.0000,3338.8000,3344.0000,3344.2000,3349.0000,1,3,2,1,1,1,1,1,1,1
SF,IH2012,2020-07-13 09:30:09.900,3335.0000,12887,0,35960580.000,1,0,1,多换,S,3334.6000,3333.2000,3333.0000,3332.8000,3331.4000,3338.8000,3344.0000,3344.2000,3349.0000,3349.6000,1,2,1,3,2,1,1,1,1,1
SF,IH2012,2020-07-13 09:30:10.400,3335.0000,12887,0,35960580.000,0,-,-,-,-,3334.8000,3334.6000,3333.6000,3333.2000,3333.0000,3338.4000,3338.6000,3338.8000,3344.0000,3344.2000,2,1,1,3,1,2,1,1,1,1
SF,IH2012,2020-07-13 09:30:10.900,3335.0000,12887,0,35960580.000,0,-,-,-,-,3335.0000,3334.8000,3334.6000,3333.6000,3333.2000,3338.4000,3338.8000,3344.0000,3344.2000,3349.0000,1,2,1,1,3,1,1,1,1,1
SF,IH2012,2020-07-13 09:30:11.400,3338.4000,12886,-1,36962100.000,1,0,1,双平,S,3335.4000,3335.2000,3335.0000,3334.8000,3334.6000,3338.8000,3344.0000,3344.2000,3349.0000,3349.6000,2,1,1,2,1,1,1,1,1,1
SF,IH2012,2020-07-13 09:30:11.900,3338.8000,12885,-1,37963740.000,1,0,1,双平,S,3335.8000,3335.6000,3335.4000,3335.0000,3334.8000,3344.0000,3344.2000,3349.0000,3349.6000,3350.0000,1,3,2,1,2,1,1,1,1,1
SF,IH2012,2020-07-13 09:30:12.400,3342.6000,12885,0,38966520.000,1,0,1,多换,S,3336.2000,3336.0000,3335.8000,3335.6000,3335.0000,3343.0000,3343.2000,3343.6000,3343.8000,3344.0000,2,3,1,2,1,1,1,4,1,1
SF,IH2012,2020-07-13 09:30:12.900,3342.6000,12885,0,38966520.000,0,-,-,-,-,3337.0000,3336.8000,3336.4000,3336.2000,3336.0000,3342.6000,3342.8000,3343.0000,3343.6000,3343.8000,1,1,3,2,2,2,1,1,2,1
SF,IH2012,2020-07-13 09:30:13.400,3342.6000,12885,0,38966520.000,0,-,-,-,-,3337.4000,3337.2000,3337.0000,3336.8000,3336.6000,3342.2000,3342.6000,3343.6000,3343.8000,3344.0000,2,4,1,1,1,1,1,2,1,1
SF,IH2012,2020-07-13 09:30:13.900,3342.6000,12885,0,38966520.000,0,-,-,-,-,3337.8000,3337.6000,3337.4000,3337.2000,3337.0000,3342.0000,3343.6000,3343.8000,3344.0000,3344.2000,1,3,2,3,1,3,2,1,1,1
SF,IH2012,2020-07-13 09:30:14.400,3342.6000,12885,0,38966520.000,0,-,-,-,-,3342.2000,3338.2000,3338.0000,3337.8000,3337.6000,3343.6000,3343.8000,3344.0000,3344.2000,3349.0000,1,2,3,1,2,2,1,1,1,1
SF,IH2012,2020-07-13 09:30:14.900,3338.2000,12882,-3,42976560.000,4,0,4,多平,S,3338.2000,3338.0000,3337.8000,3337.0000,3334.8000,3343.2000,3343.4000,3343.8000,3344.0000,3344.2000,1,3,1,1,2,1,1,1,1,1
SF,IH2012,2020-07-13 09:30:15.400,3338.2000,12882,0,42976560.000,0,-,-,-,-,3338.6000,3338.4000,3338.2000,3338.0000,3337.8000,3343.0000,3343.2000,3343.4000,3343.8000,3344.0000,2,1,1,2,1,1,1,1,1,1
SF,IH2012,2020-07-13 09:30:15.900,3338.2000,12882,0,42976560.000,0,-,-,-,-,3339.4000,3339.0000,3338.8000,3338.6000,3338.0000,3342.6000,3343.0000,3343.4000,3343.8000,3344.0000,1,2,6,2,1,1,1,1,1,1
SF,IH2012,2020-07-13 09:30:16.400,3339.4000,12882,0,43978380.000,1,0,1,多换,S,3339.8000,3339.6000,3339.4000,3339.0000,3338.8000,3343.8000,3344.0000,3344.2000,3349.0000,3349.6000,2,2,2,1,3,1,1,1,1,1
SF,IH2012,2020-07-13 09:30:16.900,3339.4000,12882,0,43978380.000,0,-,-,-,-,3340.0000,3339.8000,3339.6000,3339.4000,3334.8000,3343.4000,3343.6000,3343.8000,3344.0000,3344.2000,2,2,1,2,2,1,2,1,1,1
SF,IH2012,2020-07-13 09:30:17.400,3339.4000,12882,0,43978380.000,0,-,-,-,-,3341.2000,3340.4000,3340.2000,3340.0000,3339.4000,3343.0000,3343.2000,3343.4000,3343.6000,3343.8000,1,1,1,1,1,1,1,1,1,1
SF,IH2012,2020-07-13 09:30:17.900,3341.0000,12881,-1,44980680.000,1,0,1,双平,S,3341.4000,3340.4000,3340.0000,3339.6000,3334.8000,3342.6000,3342.8000,3343.0000,3343.2000,3343.6000,1,1,1,1,1,1,1,1,1,1
SF,IH2012,2020-07-13 09:30:18.400,3341.4000,12878,-3,47987940.000,3,0,3,双平,S,3340.4000,3340.0000,3339.4000,3334.8000,3334.6000,3342.4000,3342.6000,3342.8000,3343.2000,3343.6000,1,1,1,1,1,1,1,1,1,1
SF,IH2012,2020-07-13 09:30:18.900,3342.2000,12878,0,49993200.000,2,1,1,多换,S,3340.0000,3339.4000,3334.8000,3334.6000,3330.4000,3342.4000,3342.8000,3343.2000,3343.6000,3343.8000,1,1,1,1,1,1,1,1,1,1
SF,IH2012,2020-07-13 09:30:19.400,3340.0000,12877,-1,50995200.000,1,0,1,双平,S,3340.2000,3339.4000,3334.8000,3334.6000,3330.4000,3341.4000,3342.2000,3342.4000,3342.8000,3343.2000,1,1,1,1,1,4,1,1,1,1
SF,IH2012,2020-07-13 09:30:19.900,3342.2000,12876,-1,57009540.000,6,2,4,多平,S,3340.0000,3339.4000,3334.8000,3334.6000,3330.4000,3342.4000,3342.8000,3343.2000,3344.0000,3344.2000,2,1,1,1,1,1,1,1,1,1
SF,IH2012,2020-07-13 09:30:20.400,3342.2000,12876,0,57009540.000,0,-,-,-,-,3340.0000,3334.8000,3334.6000,3330.4000,3329.2000,3342.2000,3342.4000,3342.8000,3343.2000,3344.0000,2,1,1,1,1,2,1,1,1,1
SF,IH2012,2020-07-13 09:30:20.900,3342.2000,12876,0,58012200.000,1,0,1,多换,S,3340.2000,3340.0000,3335.6000,3334.8000,3334.6000,3342.2000,3342.8000,3343.2000,3344.0000,3344.2000,1,2,1,1,1,1,1,1,1,1
SF,IH2012,2020-07-13 09:30:21.400,3342.2000,12876,0,59014860.000,1,0,1,多换,S,3340.4000,3340.2000,3340.0000,3335.6000,3334.8000,3342.8000,3343.2000,3344.0000,3344.2000,3345.0000,2,1,2,1,1,1,1,1,1,1
SF,IH2012,2020-07-13 09:30:21.900,3340.6000,12875,-1,60017040.000,1,0,1,双平,S,3340.2000,3340.0000,3335.6000,3334.8000,3330.4000,3342.6000,3342.8000,3343.2000,3344.0000,3344.2000,1,2,1,1,1,2,1,1,1,1
SF,IH2012,2020-07-13 09:30:22.400,3340.6000,12875,0,60017040.000,0,-,-,-,-,3342.2000,3340.2000,3340.0000,3335.6000,3334.8000,3342.6000,3342.8000,3343.2000,3344.2000,3345.0000,1,1,2,1,1,2,1,1,1,1
SF,IH2012,2020-07-13 09:30:22.900,3342.4000,12875,0,62022360.000,2,1,1,多换,S,3340.2000,3340.0000,3335.6000,3334.8000,3330.4000,3342.2000,3342.6000,3342.8000,3343.2000,3344.2000,1,2,1,1,1,1,2,1,1,1
SF,IH2012,2020-07-13 09:30:23.400,3342.4000,12875,0,63025080.000,1,0,1,多换,S,3340.4000,3340.2000,3340.0000,3335.6000,3334.8000,3342.6000,3342.8000,3343.2000,3344.2000,3345.0000,1,1,2,1,1,1,1,1,1,1
SF,IH2012,2020-07-13 09:30:23.900,3342.6000,12875,0,64027860.000,1,0,1,多换,S,3342.6000,3340.8000,3340.6000,3340.2000,3340.0000,3342.8000,3343.2000,3344.2000,3345.0000,3349.4000,1,1,1,1,2,1,1,1,1,1
SF,IH2012,2020-07-13 09:30:24.400,3342.6000,12875,0,65030640.000,1,0,1,多换,S,3342.2000,3340.8000,3340.6000,3340.2000,3340.0000,3342.6000,3342.8000,3343.2000,3344.2000,3345.0000,1,1,1,1,2,2,1,1,1,1
SF,IH2012,2020-07-13 09:30:24.900,3342.8000,12872,-3,68039040.000,3,0,3,双平,S,3342.2000,3340.8000,3340.2000,3340.0000,3335.6000,3344.2000,3345.0000,3349.4000,3349.6000,3350.0000,1,1,1,3,1,1,1,1,1,1
SF,IH2012,2020-07-13 09:30:25.400,3342.4000,12871,-1,69041760.000,1,0,1,双平,S,3342.2000,3340.8000,3340.2000,3340.0000,3335.6000,3344.0000,3344.2000,3345.0000,3349.4000,3349.6000,1,1,1,3,1,1,1,1,1,1
SF,IH2012,2020-07-13 09:30:25.900,3342.4000,12871,0,69041760.000,0,-,-,-,-,3342.2000,3340.8000,3340.2000,3340.0000,3335.6000,3343.8000,3344.2000,3345.0000,3349.4000,3349.6000,1,1,1,3,1,1,1,1,1,1
SF,IH2012,2020-07-13 09:30:26.400,3344.2000,12871,0,70045020.000,1,0,1,多换,S,3342.8000,3342.2000,3340.8000,3340.2000,3340.0000,3345.0000,3349.4000,3349.6000,3350.0000,3354.2000,2,1,1,1,3,1,1,1,1,1
SF,IH2012,2020-07-13 09:30:26.900,3344.2000,12871,0,70045020.000,0,-,-,-,-,3343.0000,3342.8000,3342.2000,3340.8000,3340.2000,3345.0000,3349.4000,3349.6000,3350.0000,3354.2000,1,2,1,1,1,1,1,1,1,1
SF,IH2012,2020-07-13 09:30:27.400,3344.2000,12871,0,70045020.000,0,-,-,-,-,3344.0000,3343.0000,3342.8000,3342.2000,3340.8000,3344.8000,3345.0000,3349.4000,3349.6000,3350.0000,1,1,2,1,1,1,1,1,1,1
SF,IH2012,2020-07-13 09:30:27.900,3345.0000,12871,0,71048520.000,1,0,1,多换,S,3345.0000,3344.0000,3343.0000,3342.8000,3342.2000,3349.4000,3349.6000,3350.0000,3354.2000,3355.0000,2,1,1,2,1,1,1,1,1,3
SF,IH2012,2020-07-13 09:30:28.400,3345.0000,12871,0,72052020.000,1,0,1,多换,S,3345.0000,3344.8000,3344.0000,3343.8000,3342.8000,3347.4000,3349.0000,3349.2000,3349.4000,3349.6000,2,1,1,3,2,1,3,1,1,1
SF,IH2012,2020-07-13 09:30:28.900,3345.0000,12871,0,72052020.000,0,-,-,-,-,3345.0000,3344.8000,3344.0000,3343.8000,3342.8000,3347.2000,3347.4000,3349.4000,3349.6000,3350.0000,3,1,1,3,2,1,1,1,1,1
SF,IH2012,2020-07-13 09:30:29.400,3345.0000,12871,0,72052020.000,0,-,-,-,-,3345.0000,3344.8000,3344.0000,3343.8000,3342.8000,3347.2000,3349.4000,3349.6000,3350.0000,3354.2000,3,1,1,3,2,1,1,1,1,1
SF,IH2012,2020-07-13 09:30:29.900,3345.0000,12871,0,72052020.000,0,-,-,-,-,3345.6000,3345.0000,3344.8000,3344.0000,3343.8000,3347.2000,3349.4000,3349.6000,3350.0000,3354.2000,1,3,1,1,3,1,1,1,1,1
SF,IH2012,2020-07-13 09:30:30.400,3345.6000,12871,0,73055700.000,1,0,1,多换,S,3347.2000,3345.0000,3344.8000,3344.0000,3343.8000,3349.4000,3349.6000,3350.0000,3354.2000,3355.0000,1,3,1,1,3,1,1,1,1,3
SF,IH2012,2020-07-13 09:30:30.900,3347.2000,12871,0,74059860.000,1,0,1,多换,S,3347.2000,3345.0000,3344.8000,3344.0000,3343.8000,3349.0000,3349.2000,3349.4000,3349.6000,3350.0000,1,3,1,1,3,3,1,1,1,1
SF,IH2012,2020-07-13 09:30:31.400,3347.2000,12871,0,74059860.000,0,-,-,-,-,3347.2000,3345.0000,3344.8000,3344.0000,3343.8000,3348.8000,3349.0000,3349.2000,3349.4000,3349.6000,2,3,1,1,3,1,3,1,1,1
SF,IH2012,2020-07-13 09:30:31.900,3348.4000,12873,2,77073420.000,3,2,1,空开,S,3349.0000,3347.2000,3345.0000,3344.8000,3344.0000,3349.2000,3349.4000,3349.6000,3350.0000,3354.2000,2,2,3,1,1,1,1,1,1,1
SF,IH2012,2020-07-13 09:30:32.400,3349.2000,12873,0,80087580.000,3,1,2,多换,S,3347.2000,3345.0000,3344.8000,3344.0000,3343.8000,3349.4000,3349.6000,3350.0000,3354.2000,3355.0000,2,3,1,1,3,1,1,1,1,3
SF,IH2012,2020-07-13 09:30:32.900,3349.2000,12873,0,80087580.000,0,-,-,-,-,3347.4000,3347.2000,3345.0000,3344.8000,3344.0000,3349.6000,3350.0000,3354.2000,3355.0000,3356.0000,1,2,3,1,1,1,1,1,3,1
SF,IH2012,2020-07-13 09:30:33.400,3349.2000,12873,0,80087580.000,0,-,-,-,-,3347.4000,3347.2000,3345.0000,3344.8000,3344.0000,3349.6000,3350.0000,3354.2000,3355.0000,3356.0000,1,2,3,1,1,1,1,1,3,1
SF,IH2012,2020-07-13 09:30:34.400,3349.6000,12873,0,81092460.000,1,0,1,多换,S,3347.4000,3347.2000,3345.0000,3344.8000,3344.0000,3350.0000,3354.2000,3355.0000,3356.0000,3365.0000,1,2,3,1,1,1,1,3,1,1
SF,IH2012,2020-07-13 09:30:34.900,3349.6000,12873,0,81092460.000,0,-,-,-,-,3347.4000,3347.2000,3345.0000,3344.8000,3344.2000,3350.0000,3355.0000,3356.0000,3365.0000,3366.0000,1,2,3,1,1,1,3,1,1,1
SF,IH2012,2020-07-13 09:30:35.400,3349.6000,12873,0,81092460.000,0,-,-,-,-,3349.6000,3349.2000,3347.4000,3347.2000,3345.0000,3349.8000,3350.0000,3355.0000,3356.0000,3360.4000,1,1,1,2,3,1,1,3,1,1
SF,IH2012,2020-07-13 09:30:35.900,3349.2000,12872,-1,83102100.000,2,0,2,多平,S,3347.4000,3347.2000,3345.0000,3344.8000,3344.2000,3349.8000,3350.0000,3355.0000,3356.0000,3360.4000,1,2,3,1,1,1,1,3,1,1
SF,IH2012,2020-07-13 09:30:36.400,3349.2000,12872,0,83102100.000,0,-,-,-,-,3347.4000,3347.2000,3345.0000,3344.8000,3344.2000,3349.8000,3350.0000,3355.0000,3356.0000,3360.4000,1,2,3,1,1,1,1,3,1,1
SF,IH2012,2020-07-13 09:30:36.900,3349.2000,12872,0,83102100.000,0,-,-,-,-,3347.4000,3347.2000,3345.0000,3344.8000,3344.2000,3349.8000,3350.0000,3355.0000,3356.0000,3359.0000,1,2,3,1,1,1,1,3,1,1
SF,IH2012,2020-07-13 09:30:37.400,3349.2000,12872,0,83102100.000,0,-,-,-,-,3347.4000,3347.2000,3345.0000,3344.8000,3344.2000,3349.8000,3350.0000,3355.0000,3356.0000,3359.0000,1,2,3,1,1,1,1,3,1,1
SF,IH2012,2020-07-13 09:30:37.900,3349.2000,12872,0,83102100.000,0,-,-,-,-,3347.4000,3347.2000,3347.0000,3345.0000,3344.8000,3349.8000,3350.0000,3355.0000,3356.0000,3359.0000,1,2,1,3,1,1,1,3,1,1
SF,IH2012,2020-07-13 09:30:38.400,3349.2000,12872,0,83102100.000,0,-,-,-,-,3347.4000,3347.2000,3347.0000,3345.0000,3344.8000,3350.0000,3355.0000,3356.0000,3359.0000,3360.4000,1,2,1,3,1,1,3,1,1,1
SF,IH2012,2020-07-13 09:30:38.900,3349.2000,12872,0,83102100.000,0,-,-,-,-,3349.8000,3347.4000,3347.2000,3347.0000,3345.0000,3350.0000,3350.8000,3355.0000,3356.0000,3359.0000,1,1,2,1,3,1,1,3,1,1
SF,IH2012,2020-07-13 09:30:39.400,3349.8000,12871,-1,84107040.000,1,0,1,双平,S,3347.4000,3347.2000,3347.0000,3345.0000,3344.8000,3349.4000,3349.8000,3350.0000,3350.8000,3355.0000,1,2,1,3,1,2,2,1,1,3
SF,IH2012,2020-07-13 09:30:39.900,3349.8000,12871,0,84107040.000,0,-,-,-,-,3347.4000,3347.2000,3347.0000,3345.0000,3344.8000,3349.2000,3349.4000,3349.8000,3350.0000,3350.8000,1,2,1,3,1,1,2,2,1,1
SF,IH2012,2020-07-13 09:30:40.400,3349.8000,12871,0,84107040.000,0,-,-,-,-,3347.4000,3347.2000,3347.0000,3345.0000,3344.2000,3349.2000,3349.4000,3349.8000,3350.0000,3350.8000,1,2,1,3,1,1,2,2,1,1
SF,IH2012,2020-07-13 09:30:40.900,3349.8000,12871,0,84107040.000,0,-,-,-,-,3347.2000,3347.0000,3345.0000,3344.2000,3343.8000,3347.4000,3349.0000,3349.2000,3349.4000,3349.8000,2,1,3,1,2,1,2,1,2,2
SF,IH2012,2020-07-13 09:30:41.400,3347.2000,12870,-1,87119580.000,3,1,2,多平,S,3347.0000,3345.0000,3344.2000,3343.8000,3342.2000,3349.0000,3349.2000,3349.4000,3349.8000,3350.0000,1,3,1,2,1,1,1,2,2,1
SF,IH2012,2020-07-13 09:30:41.900,3347.2000,12870,0,87119580.000,0,-,-,-,-,3347.4000,3347.0000,3345.0000,3344.2000,3343.8000,3348.8000,3349.0000,3349.2000,3349.4000,3349.8000,1,1,2,1,2,1,1,1,2,2
SF,IH2012,2020-07-13 09:30:42.400,3347.2000,12870,0,87119580.000,0,-,-,-,-,3347.4000,3347.0000,3345.0000,3344.2000,3343.8000,3349.2000,3349.4000,3349.8000,3350.0000,3350.8000,1,1,2,1,2,1,2,2,1,1
SF,IH2012,2020-07-13 09:30:42.900,3347.4000,12869,-1,88123800.000,1,0,1,双平,S,3347.4000,3347.0000,3345.0000,3344.2000,3343.8000,3349.2000,3349.4000,3349.8000,3350.0000,3350.8000,2,1,2,1,2,1,2,2,1,1
SF,IH2012,2020-07-13 09:30:43.400,3347.4000,12869,0,88123800.000,0,-,-,-,-,3347.6000,3347.4000,3347.0000,3345.0000,3344.2000,3348.8000,3349.4000,3349.8000,3350.0000,3350.8000,1,2,1,2,1,1,2,1,1,1
SF,IH2012,2020-07-13 09:30:43.900,3348.8000,12868,-1,89128440.000,1,0,1,双平,S,3347.6000,3347.4000,3347.0000,3345.0000,3344.2000,3349.8000,3350.0000,3350.8000,3355.0000,3356.0000,1,2,1,3,1,1,1,1,3,1
SF,IH2012,2020-07-13 09:30:44.400,3347.8000,12868,0,90132780.000,1,0,1,多换,S,3347.6000,3347.4000,3347.0000,3345.0000,3344.2000,3349.6000,3349.8000,3350.0000,3350.8000,3355.0000,1,2,1,3,1,1,1,1,1,3
SF,IH2012,2020-07-13 09:30:44.900,3347.8000,12868,0,90132780.000,0,-,-,-,-,3347.4000,3347.0000,3345.0000,3344.2000,3343.8000,3349.6000,3349.8000,3350.0000,3350.8000,3355.0000,2,1,3,1,2,1,1,1,1,3
SF,IH2012,2020-07-13 09:30:45.400,3347.8000,12868,0,90132780.000,0,-,-,-,-,3347.4000,3347.0000,3345.0000,3344.2000,3343.8000,3349.4000,3349.6000,3349.8000,3350.0000,3350.8000,2,1,3,1,2,1,1,1,1,1
SF,IH2012,2020-07-13 09:30:45.900,3349.2000,12868,0,91137540.000,1,0,1,多换,S,3347.6000,3347.4000,3347.0000,3345.0000,3344.2000,3349.4000,3349.6000,3349.8000,3350.0000,3350.8000,1,2,2,3,1,1,1,1,1,1
SF,IH2012,2020-07-13 09:30:46.400,3349.6000,12868,0,92142420.000,1,0,1,多换,S,3347.8000,3347.4000,3347.0000,3345.0000,3344.2000,3349.8000,3350.0000,3350.8000,3355.0000,3356.0000,2,2,2,3,1,1,1,1,3,1
SF,IH2012,2020-07-13 09:30:46.900,3349.6000,12868,0,92142420.000,0,-,-,-,-,3348.2000,3347.8000,3347.4000,3347.0000,3345.0000,3349.8000,3350.0000,3350.8000,3355.0000,3356.0000,3,3,2,2,3,1,1,1,3,1
SF,IH2012,2020-07-13 09:30:47.400,3349.4000,12868,0,93147240.000,1,0,1,多换,S,3348.4000,3348.2000,3347.8000,3347.4000,3347.0000,3349.8000,3350.0000,3350.8000,3355.0000,3356.0000,1,3,1,2,2,1,1,1,3,1
SF,IH2012,2020-07-13 09:30:47.900,3349.4000,12868,0,93147240.000,0,-,-,-,-,3348.6000,3348.2000,3347.8000,3347.4000,3347.0000,3349.8000,3350.0000,3350.8000,3355.0000,3356.0000,1,3,1,2,2,1,1,1,3,1
SF,IH2012,2020-07-13 09:30:48.900,3349.4000,12868,0,93147240.000,0,-,-,-,-,3348.6000,3348.2000,3347.8000,3347.4000,3347.0000,3349.8000,3350.0000,3350.8000,3355.0000,3356.0000,1,3,1,2,1,1,1,1,3,1
SF,IH2012,2020-07-13 09:30:49.400,3349.6000,12867,-1,94152120.000,1,0,1,双平,S,3348.6000,3348.2000,3347.8000,3347.4000,3347.0000,3349.8000,3350.0000,3350.8000,3355.0000,3356.0000,1,3,1,2,1,1,1,1,3,1
SF,IH2012,2020-07-13 09:30:49.900,3349.6000,12867,0,94152120.000,0,-,-,-,-,3348.6000,3348.2000,3347.8000,3347.4000,3347.0000,3349.6000,3349.8000,3350.0000,3350.8000,3355.0000,1,3,1,2,1,1,1,1,1,3
SF,IH2012,2020-07-13 09:30:50.400,3349.6000,12867,0,94152120.000,0,-,-,-,-,3348.6000,3348.2000,3347.8000,3347.4000,3347.0000,3349.8000,3350.0000,3350.8000,3355.0000,3356.0000,1,3,1,1,1,1,1,1,3,1
SF,IH2012,2020-07-13 09:30:50.900,3349.6000,12867,0,94152120.000,0,-,-,-,-,3349.6000,3348.6000,3348.2000,3347.8000,3347.4000,3349.8000,3350.0000,3350.8000,3355.0000,3356.0000,1,1,3,1,1,1,1,1,3,1
SF,IH2012,2020-07-13 09:30:51.400,3349.6000,12864,-3,97166940.000,3,0,3,双平,S,3348.6000,3348.2000,3348.0000,3347.8000,3347.4000,3350.8000,3355.0000,3356.0000,3359.0000,3360.4000,1,3,1,1,1,1,3,1,1,1
SF,IH2012,2020-07-13 09:30:51.900,3349.6000,12864,0,97166940.000,0,-,-,-,-,3348.8000,3348.6000,3348.2000,3348.0000,3347.8000,3350.8000,3353.4000,3355.0000,3356.0000,3359.0000,1,1,3,1,1,1,1,3,1,1
SF,IH2012,2020-07-13 09:30:52.400,3349.6000,12864,0,97166940.000,0,-,-,-,-,3350.0000,3349.0000,3348.8000,3348.6000,3348.2000,3350.8000,3353.4000,3355.0000,3356.0000,3359.0000,1,1,1,1,3,1,1,3,1,1
SF,IH2012,2020-07-13 09:30:52.900,3350.8000,12863,-1,98172180.000,1,0,1,双平,S,3350.2000,3350.0000,3348.8000,3348.6000,3348.2000,3353.4000,3355.0000,3356.0000,3359.0000,3360.4000,1,1,2,1,3,1,3,1,1,1
SF,IH2012,2020-07-13 09:30:53.400,3350.8000,12863,0,98172180.000,0,-,-,-,-,3350.4000,3350.0000,3348.8000,3348.6000,3348.2000,3353.4000,3355.0000,3356.0000,3359.0000,3360.4000,1,1,1,1,3,1,3,1,1,1
SF,IH2012,2020-07-13 09:30:54.400,3350.8000,12863,0,98172180.000,0,-,-,-,-,3350.8000,3350.4000,3350.0000,3348.8000,3348.6000,3353.4000,3355.0000,3356.0000,3359.0000,3360.4000,1,1,1,1,1,1,3,1,1,1
SF,IH2012,2020-07-13 09:30:54.900,3350.8000,12863,0,98172180.000,0,-,-,-,-,3351.0000,3350.8000,3348.8000,3348.6000,3348.2000,3353.4000,3355.0000,3356.0000,3359.0000,3360.4000,1,1,1,1,3,1,3,1,1,1
SF,IH2012,2020-07-13 09:30:55.400,3350.8000,12863,0,98172180.000,0,-,-,-,-,3351.0000,3350.8000,3348.8000,3348.6000,3348.2000,3353.4000,3355.0000,3356.0000,3359.0000,3360.4000,1,2,1,1,3,1,3,1,1,1
SF,IH2012,2020-07-13 09:30:55.900,3350.8000,12863,0,98172180.000,0,-,-,-,-,3351.0000,3350.8000,3348.8000,3348.6000,3348.2000,3353.4000,3355.0000,3356.0000,3359.0000,3360.4000,1,2,1,1,3,1,3,1,1,1
SF,IH2012,2020-07-13 09:30:56.400,3350.8000,12862,-1,100182720.000,2,0,2,多平,S,3350.8000,3348.8000,3348.6000,3348.2000,3348.0000,3353.2000,3353.4000,3355.0000,3356.0000,3357.6000,1,1,1,3,1,2,1,3,1,1
SF,IH2012,2020-07-13 09:30:56.900,3353.0000,12860,-2,103199760.000,3,0,3,多平,S,3348.8000,3348.2000,3348.0000,3345.0000,3343.8000,3351.6000,3353.0000,3353.2000,3353.4000,3355.0000,1,3,1,3,2,1,1,2,1,3
SF,IH2012,2020-07-13 09:30:57.400,3353.0000,12860,0,103199760.000,0,-,-,-,-,3348.8000,3348.2000,3348.0000,3345.0000,3343.8000,3351.4000,3351.6000,3353.0000,3353.2000,3353.4000,1,3,1,3,2,1,1,2,1,1
SF,IH2012,2020-07-13 09:30:58.400,3353.0000,12860,0,103199760.000,0,-,-,-,-,3348.8000,3348.2000,3348.0000,3345.0000,3343.8000,3351.2000,3351.4000,3351.6000,3353.0000,3353.4000,1,3,1,3,2,3,1,1,1,1
SF,IH2012,2020-07-13 09:30:58.900,3348.8000,12859,-1,104204400.000,1,0,1,双平,S,3348.2000,3348.0000,3345.0000,3343.8000,3342.2000,3351.0000,3351.2000,3351.6000,3352.0000,3353.0000,3,1,3,2,1,1,3,1,1,1
SF,IH2012,2020-07-13 09:30:59.400,3348.8000,12859,0,104204400.000,0,-,-,-,-,3348.2000,3348.0000,3345.0000,3343.8000,3342.2000,3351.0000,3351.2000,3351.6000,3352.0000,3353.0000,3,1,3,2,1,1,3,1,1,1
SF,IH2012,2020-07-13 09:30:59.900,3351.0000,12860,1,106214220.000,2,1,1,空开,S,3348.4000,3348.2000,3348.0000,3345.0000,3343.8000,3351.2000,3351.6000,3352.0000,3353.0000,3353.4000,1,3,1,3,2,3,1,1,1,1
SF,IH2012,2020-07-13 09:31:00.400,3351.0000,12860,0,106214220.000,0,-,-,-,-,3348.4000,3348.2000,3348.0000,3345.0000,3343.8000,3350.8000,3351.2000,3351.6000,3352.0000,3353.0000,1,3,1,3,2,1,3,1,1,1
SF,IH2012,2020-07-13 09:31:00.900,3348.4000,12860,0,107218740.000,1,0,1,多换,S,3350.0000,3348.2000,3348.0000,3345.0000,3343.8000,3350.6000,3350.8000,3351.2000,3351.6000,3352.0000,1,3,1,3,2,1,1,3,1,1
SF,IH2012,2020-07-13 09:31:01.400,3348.2000,12858,-2,109228200.000,2,0,2,双平,S,3348.2000,3348.0000,3345.0000,3343.8000,3342.2000,3350.0000,3350.4000,3351.2000,3351.6000,3352.0000,2,1,3,2,1,1,2,2,1,1
SF,IH2012,2020-07-13 09:31:01.900,3348.2000,12858,0,109228200.000,0,-,-,-,-,3348.2000,3348.0000,3345.0000,3343.8000,3342.2000,3349.8000,3350.4000,3351.6000,3352.4000,3352.8000,2,1,3,2,1,2,1,1,1,1
SF,IH2012,2020-07-13 09:31:02.400,3349.8000,12857,-1,111238080.000,2,0,2,多平,S,3348.2000,3348.0000,3345.0000,3343.8000,3342.2000,3350.0000,3351.6000,3352.4000,3352.8000,3353.4000,2,1,3,2,1,1,1,1,1,1
SF,IH2012,2020-07-13 09:31:02.900,3349.8000,12857,0,111238080.000,0,-,-,-,-,3348.4000,3348.2000,3348.0000,3345.0000,3343.8000,3349.8000,3350.0000,3351.6000,3352.4000,3352.8000,1,2,1,3,2,1,1,1,1,1
SF,IH2012,2020-07-13 09:31:03.400,3350.0000,12855,-2,113248020.000,2,0,2,双平,S,3350.6000,3350.0000,3348.6000,3348.2000,3348.0000,3351.6000,3352.4000,3352.8000,3353.4000,3355.0000,2,1,1,2,1,1,1,1,1,3
SF,IH2012,2020-07-13 09:31:03.900,3350.0000,12855,0,113248020.000,0,-,-,-,-,3350.0000,3348.2000,3348.0000,3345.0000,3343.8000,3351.6000,3352.4000,3352.6000,3353.4000,3355.0000,1,2,1,3,2,1,1,1,1,3
SF,IH2012,2020-07-13 09:31:04.400,3350.0000,12854,-1,114253020.000,1,0,1,双平,S,3350.6000,3350.2000,3350.0000,3348.4000,3348.2000,3351.6000,3352.4000,3352.6000,3353.4000,3355.0000,1,1,1,1,2,1,1,1,1,3
SF,IH2012,2020-07-13 09:31:04.900,3350.0000,12854,0,114253020.000,0,-,-,-,-,3350.8000,3350.6000,3350.0000,3348.4000,3348.2000,3352.4000,3352.6000,3353.4000,3355.0000,3356.0000,1,1,2,1,2,1,1,1,3,1
SF,IH2012,2020-07-13 09:31:05.400,3350.0000,12854,0,114253020.000,0,-,-,-,-,3350.6000,3350.0000,3348.2000,3348.0000,3345.0000,3351.6000,3352.4000,3352.6000,3353.4000,3355.0000,1,2,2,2,3,1,1,1,1,3
SF,IH2012,2020-07-13 09:31:05.900,3350.0000,12854,0,114253020.000,0,-,-,-,-,3350.8000,3350.6000,3350.0000,3348.6000,3348.2000,3352.4000,3352.6000,3353.4000,3355.0000,3356.0000,1,1,2,1,2,1,1,1,3,1
SF,IH2012,2020-07-13 09:31:06.400,3350.0000,12854,0,114253020.000,0,-,-,-,-,3350.6000,3350.0000,3348.6000,3348.2000,3348.0000,3350.8000,3352.4000,3352.6000,3353.4000,3355.0000,1,2,1,2,2,1,1,1,1,3
SF,IH2012,2020-07-13 09:31:06.900,3352.2000,12853,-1,117269100.000,3,1,2,多平,S,3350.0000,3348.6000,3348.2000,3348.0000,3345.0000,3350.6000,3352.4000,3352.6000,3353.4000,3355.0000,1,1,2,2,3,1,1,1,1,3
SF,IH2012,2020-07-13 09:31:07.400,3350.6000,12852,-1,118274280.000,1,0,1,双平,S,3350.0000,3348.6000,3348.2000,3348.0000,3345.0000,3352.4000,3352.6000,3353.4000,3355.0000,3356.0000,1,1,2,2,3,1,1,1,3,1
SF,IH2012,2020-07-13 09:31:07.900,3350.6000,12852,0,118274280.000,0,-,-,-,-,3350.2000,3350.0000,3348.6000,3348.2000,3348.0000,3352.4000,3352.6000,3353.4000,3355.0000,3356.0000,1,1,1,2,2,1,1,1,3,1
SF,IH2012,2020-07-13 09:31:08.900,3350.6000,12852,0,118274280.000,0,-,-,-,-,3350.2000,3350.0000,3348.6000,3348.2000,3348.0000,3352.0000,3352.2000,3352.4000,3353.0000,3353.4000,1,1,1,2,2,1,1,1,1,1
SF,IH2012,2020-07-13 09:31:09.400,3352.2000,12850,-2,120285540.000,2,0,2,双平,S,3350.4000,3350.2000,3350.0000,3348.6000,3348.2000,3352.4000,3353.4000,3355.0000,3356.0000,3357.6000,1,1,1,1,2,1,1,3,1,1
SF,IH2012,2020-07-13 09:31:09.900,3352.4000,12849,-1,122296920.000,2,0,2,多平,S,3350.6000,3350.4000,3350.2000,3350.0000,3348.6000,3353.4000,3355.0000,3356.0000,3357.6000,3359.0000,1,1,1,1,1,1,3,1,1,1
SF,IH2012,2020-07-13 09:31:10.400,3352.4000,12849,0,122296920.000,0,-,-,-,-,3350.8000,3350.4000,3350.0000,3348.6000,3348.2000,3353.4000,3355.0000,3356.0000,3357.6000,3359.0000,1,1,1,1,2,1,3,1,1,1
SF,IH2012,2020-07-13 09:31:10.900,3352.4000,12849,0,122296920.000,0,-,-,-,-,3352.4000,3350.8000,3350.0000,3348.6000,3348.2000,3353.4000,3355.0000,3356.0000,3359.0000,3360.4000,1,1,1,1,2,1,3,1,1,1
SF,IH2012,2020-07-13 09:31:11.400,3352.4000,12849,0,124308360.000,2,1,1,多换,S,3352.4000,3350.8000,3350.0000,3348.2000,3348.0000,3353.4000,3355.0000,3356.0000,3359.0000,3360.4000,1,1,1,2,2,1,3,1,1,1
SF,IH2012,2020-07-13 09:31:11.900,3352.4000,12849,0,124308360.000,0,-,-,-,-,3352.4000,3350.8000,3350.0000,3348.2000,3348.0000,3353.4000,3354.6000,3355.0000,3356.0000,3359.0000,1,1,1,2,2,1,1,3,1,1
SF,IH2012,2020-07-13 09:31:12.400,3353.4000,12849,0,125314380.000,1,0,1,多换,S,3353.4000,3352.4000,3350.8000,3350.0000,3348.2000,3355.0000,3356.0000,3359.0000,3360.4000,3365.0000,1,1,1,1,2,3,1,1,1,1
SF,IH2012,2020-07-13 09:31:12.900,3352.4000,12848,-1,127326120.000,2,0,2,多平,S,3350.8000,3350.0000,3348.2000,3348.0000,3345.0000,3352.4000,3353.8000,3354.8000,3355.0000,3356.0000,1,1,2,2,3,1,1,1,3,1
SF,IH2012,2020-07-13 09:31:13.400,3352.4000,12847,-1,128331840.000,1,0,1,双平,S,3350.0000,3348.2000,3348.0000,3345.0000,3343.8000,3353.8000,3355.0000,3356.0000,3359.0000,3360.4000,1,2,2,3,2,1,3,1,1,1
SF,IH2012,2020-07-13 09:31:13.900,3352.4000,12847,0,128331840.000,0,-,-,-,-,3350.2000,3350.0000,3348.2000,3348.0000,3345.0000,3351.8000,3353.8000,3355.0000,3356.0000,3359.0000,1,1,2,2,3,1,1,3,1,1
SF,IH2012,2020-07-13 09:31:14.400,3351.8000,12846,-1,129337380.000,1,0,1,双平,S,3353.4000,3350.6000,3350.0000,3348.2000,3348.0000,3353.8000,3355.0000,3356.0000,3359.0000,3365.0000,1,1,1,2,2,1,3,1,1,1
SF,IH2012,2020-07-13 09:31:14.900,3350.6000,12845,-1,133360740.000,4,1,3,多平,S,3351.6000,3350.0000,3348.2000,3348.0000,3345.0000,3353.4000,3353.8000,3355.0000,3356.0000,3359.0000,1,3,2,2,3,1,1,3,1,1
SF,IH2012,2020-07-13 09:31:15.400,3350.6000,12845,0,133360740.000,0,-,-,-,-,3351.6000,3350.0000,3348.2000,3348.0000,3345.0000,3353.4000,3353.8000,3355.0000,3356.0000,3359.0000,1,3,2,2,3,1,1,3,1,1
SF,IH2012,2020-07-13 09:31:15.900,3350.6000,12845,0,133360740.000,0,-,-,-,-,3351.6000,3350.0000,3348.2000,3348.0000,3345.0000,3353.4000,3353.8000,3355.0000,3356.0000,3359.0000,1,3,2,2,3,1,1,3,1,1
SF,IH2012,2020-07-13 09:31:16.400,3353.4000,12845,0,134366760.000,1,0,1,多换,S,3351.6000,3350.6000,3350.0000,3348.2000,3348.0000,3353.8000,3355.0000,3356.0000,3359.0000,3365.0000,1,2,3,2,2,1,3,1,1,1
SF,IH2012,2020-07-13 09:31:16.900,3353.4000,12845,0,134366760.000,0,-,-,-,-,3351.8000,3351.6000,3350.6000,3350.0000,3348.2000,3353.8000,3355.0000,3356.0000,3359.0000,3365.0000,1,1,2,3,2,1,3,1,1,1
SF,IH2012,2020-07-13 09:31:17.400,3352.0000,12844,-1,135372360.000,1,0,1,双平,S,3351.8000,3351.6000,3350.6000,3350.0000,3348.2000,3353.6000,3353.8000,3355.0000,3356.0000,3359.0000,1,1,2,3,2,1,1,3,1,1
SF,IH2012,2020-07-13 09:31:17.900,3352.0000,12844,0,135372360.000,0,-,-,-,-,3351.8000,3351.6000,3350.6000,3350.0000,3348.2000,3353.8000,3355.0000,3356.0000,3359.0000,3365.0000,1,1,2,3,2,1,3,1,1,1
SF,IH2012,2020-07-13 09:31:18.400,3355.0000,12845,1,137385000.000,2,1,1,空开,S,3353.4000,3351.8000,3351.6000,3350.6000,3350.0000,3355.0000,3356.0000,3359.0000,3365.0000,3366.0000,1,1,1,2,3,2,1,1,1,1
SF,IH2012,2020-07-13 09:31:18.900,3355.0000,12845,0,137385000.000,0,-,-,-,-,3353.6000,3353.4000,3351.8000,3351.6000,3350.6000,3354.8000,3355.0000,3356.0000,3359.0000,3365.0000,1,1,1,1,2,1,2,1,1,1
SF,IH2012,2020-07-13 09:31:19.400,3353.6000,12846,1,138391080.000,1,1,0,双开,S,3353.4000,3351.8000,3351.6000,3350.6000,3350.0000,3355.0000,3356.0000,3359.0000,3365.0000,3366.0000,1,1,1,2,3,2,1,1,1,1
SF,IH2012,2020-07-13 09:31:19.900,3353.6000,12846,0,138391080.000,0,-,-,-,-,3353.4000,3351.6000,3350.6000,3350.0000,3348.2000,3354.8000,3355.0000,3356.0000,3359.0000,3365.0000,1,1,1,3,2,1,2,1,1,1
SF,IH2012,2020-07-13 09:31:20.400,3353.6000,12846,0,138391080.000,0,-,-,-,-,3353.4000,3351.6000,3350.6000,3350.0000,3348.2000,3355.0000,3356.0000,3359.0000,3365.0000,3366.0000,1,1,1,3,2,2,1,1,1,1
SF,IH2012,2020-07-13 09:31:20.900,3353.6000,12846,0,138391080.000,0,-,-,-,-,3353.4000,3351.6000,3350.6000,3350.0000,3348.2000,3354.8000,3355.0000,3356.0000,3359.0000,3365.0000,1,1,1,3,2,1,2,1,1,1
SF,IH2012,2020-07-13 09:31:21.400,3353.6000,12846,0,138391080.000,0,-,-,-,-,3353.4000,3351.6000,3350.6000,3350.0000,3348.2000,3355.0000,3356.0000,3359.0000,3365.0000,3366.0000,1,1,1,3,2,2,1,1,1,1
SF,IH2012,2020-07-13 09:31:21.900,3353.6000,12846,0,138391080.000,0,-,-,-,-,3353.4000,3351.6000,3350.6000,3350.0000,3348.2000,3355.0000,3356.0000,3359.0000,3365.0000,3366.0000,1,1,1,3,2,2,1,1,1,1
SF,IH2012,2020-07-13 09:31:22.400,3353.6000,12846,0,138391080.000,0,-,-,-,-,3354.8000,3353.4000,3351.6000,3350.0000,3348.2000,3355.0000,3356.0000,3359.0000,3365.0000,3366.0000,1,1,1,3,2,2,1,1,1,1
SF,IH2012,2020-07-13 09:31:22.900,3354.8000,12844,-2,141410520.000,3,0,3,多平,S,3353.4000,3351.6000,3350.2000,3350.0000,3348.2000,3354.8000,3356.0000,3359.0000,3365.0000,3366.0000,1,1,2,3,2,1,1,1,1,1
SF,IH2012,2020-07-13 09:31:23.400,3354.8000,12844,0,141410520.000,0,-,-,-,-,3353.4000,3351.6000,3350.2000,3350.0000,3348.2000,3355.0000,3356.0000,3359.0000,3365.0000,3366.0000,1,1,2,3,2,1,1,1,1,1
SF,IH2012,2020-07-13 09:31:23.900,3354.8000,12844,0,141410520.000,0,-,-,-,-,3353.4000,3351.6000,3350.2000,3350.0000,3348.2000,3355.0000,3356.0000,3359.0000,3365.0000,3366.0000,1,1,2,3,2,2,1,1,1,1
SF,IH2012,2020-07-13 09:31:24.400,3354.8000,12844,0,141410520.000,0,-,-,-,-,3353.4000,3351.6000,3350.2000,3350.0000,3348.2000,3354.8000,3355.0000,3356.0000,3359.0000,3365.0000,1,1,2,3,2,1,2,1,1,1
SF,IH2012,2020-07-13 09:31:24.900,3354.8000,12844,0,141410520.000,0,-,-,-,-,3353.4000,3351.6000,3350.2000,3350.0000,3348.2000,3355.0000,3356.0000,3359.0000,3365.0000,3366.0000,1,1,2,3,2,2,1,1,1,1
SF,IH2012,2020-07-13 09:31:25.400,3354.8000,12844,0,141410520.000,0,-,-,-,-,3353.4000,3351.6000,3350.2000,3350.0000,3348.2000,3354.8000,3355.0000,3356.0000,3359.0000,3365.0000,1,1,2,3,2,1,2,1,1,1
SF,IH2012,2020-07-13 09:31:25.900,3354.8000,12844,0,141410520.000,0,-,-,-,-,3351.6000,3350.2000,3350.0000,3348.2000,3348.0000,3354.6000,3355.0000,3356.0000,3359.0000,3365.0000,1,2,3,2,2,1,2,1,1,1
SF,IH2012,2020-07-13 09:31:26.400,3354.8000,12844,0,141410520.000,0,-,-,-,-,3351.8000,3350.2000,3350.0000,3348.2000,3348.0000,3355.0000,3356.0000,3359.0000,3365.0000,3366.0000,1,2,3,2,2,2,1,1,1,1
SF,IH2012,2020-07-13 09:31:26.900,3354.8000,12844,0,141410520.000,0,-,-,-,-,3351.8000,3350.2000,3350.0000,3348.2000,3348.0000,3355.0000,3356.0000,3359.0000,3365.0000,3366.0000,1,2,3,2,2,2,1,1,1,1
SF,IH2012,2020-07-13 09:31:27.400,3354.8000,12844,0,141410520.000,0,-,-,-,-,3351.8000,3350.4000,3350.2000,3350.0000,3348.2000,3354.4000,3355.0000,3356.0000,3359.0000,3365.0000,1,1,2,3,2,1,2,1,1,1
SF,IH2012,2020-07-13 09:31:27.900,3354.8000,12844,0,141410520.000,0,-,-,-,-,3351.8000,3350.4000,3350.2000,3350.0000,3348.2000,3354.4000,3355.0000,3356.0000,3359.0000,3365.0000,1,1,2,3,2,1,2,1,1,1
SF,IH2012,2020-07-13 09:31:28.400,3351.8000,12845,1,142416060.000,1,1,0,双开,S,3350.4000,3350.2000,3350.0000,3348.2000,3348.0000,3354.2000,3354.4000,3355.0000,3356.0000,3359.0000,1,2,3,2,2,1,1,8,1,1
SF,IH2012,2020-07-13 09:31:28.900,3351.8000,12845,0,142416060.000,0,-,-,-,-,3353.2000,3352.2000,3350.6000,3350.2000,3350.0000,3354.2000,3354.4000,3355.0000,3356.0000,3359.0000,1,1,1,2,3,1,1,8,1,1
SF,IH2012,2020-07-13 09:31:29.400,3353.2000,12843,-2,146439900.000,4,1,3,多平,S,3350.6000,3350.2000,3350.0000,3348.2000,3348.0000,3354.0000,3354.4000,3355.0000,3356.0000,3359.0000,1,2,3,2,2,1,1,8,1,1
SF,IH2012,2020-07-13 09:31:29.900,3353.2000,12843,0,146439900.000,0,-,-,-,-,3350.8000,3350.6000,3350.2000,3350.0000,3348.2000,3351.8000,3354.4000,3355.0000,3356.0000,3359.0000,3,1,2,3,2,1,1,8,1,1
SF,IH2012,2020-07-13 09:31:30.400,3351.8000,12842,-1,147445440.000,1,0,1,双平,S,3351.8000,3351.0000,3350.6000,3350.2000,3350.0000,3354.4000,3355.0000,3356.0000,3359.0000,3365.0000,2,1,1,2,3,1,8,1,1,1
SF,IH2012,2020-07-13 09:31:30.900,3351.8000,12842,0,147445440.000,0,-,-,-,-,3352.0000,3351.8000,3351.0000,3350.2000,3350.0000,3354.4000,3355.0000,3356.0000,3359.0000,3360.0000,1,1,1,2,3,1,8,1,1,2
SF,IH2012,2020-07-13 09:31:31.400,3351.8000,12842,0,147445440.000,0,-,-,-,-,3351.8000,3351.0000,3350.2000,3350.0000,3348.2000,3354.2000,3354.4000,3355.0000,3356.0000,3359.0000,1,1,2,3,2,1,1,8,1,1
SF,IH2012,2020-07-13 09:31:32.400,3351.8000,12842,0,147445440.000,0,-,-,-,-,3352.0000,3351.8000,3351.0000,3350.2000,3350.0000,3354.2000,3354.4000,3355.0000,3356.0000,3359.0000,1,1,1,2,3,1,1,8,1,1
SF,IH2012,2020-07-13 09:31:32.900,3351.8000,12841,-1,148450980.000,1,0,1,双平,S,3351.0000,3350.2000,3350.0000,3348.2000,3348.0000,3351.8000,3354.2000,3354.4000,3355.0000,3356.0000,1,2,3,2,2,2,1,1,8,1
SF,IH2012,2020-07-13 09:31:33.400,3354.2000,12839,-2,151468320.000,3,0,3,多平,S,3354.2000,3351.0000,3350.2000,3350.0000,3348.2000,3354.4000,3355.0000,3356.0000,3359.0000,3360.0000,5,1,2,3,2,1,8,1,1,2
SF,IH2012,2020-07-13 09:31:33.900,3354.2000,12834,-5,156499620.000,5,0,5,双平,S,3351.8000,3351.0000,3350.2000,3350.0000,3348.2000,3354.0000,3354.2000,3354.4000,3355.0000,3356.0000,6,1,2,3,2,1,1,1,8,1
SF,IH2012,2020-07-13 09:31:34.400,3354.2000,12834,0,156499620.000,0,-,-,-,-,3352.0000,3351.8000,3351.0000,3350.2000,3350.0000,3354.0000,3354.4000,3355.0000,3356.0000,3359.0000,1,6,1,2,3,1,1,8,1,1
SF,IH2012,2020-07-13 09:31:34.900,3354.2000,12834,0,156499620.000,0,-,-,-,-,3352.0000,3351.8000,3351.0000,3350.2000,3350.0000,3353.8000,3354.4000,3355.0000,3356.0000,3359.0000,1,6,1,2,3,1,1,8,1,1
SF,IH2012,2020-07-13 09:31:35.400,3354.2000,12834,0,156499620.000,0,-,-,-,-,3354.2000,3352.0000,3351.8000,3351.0000,3350.2000,3354.4000,3355.0000,3356.0000,3359.0000,3360.0000,1,1,6,1,2,1,8,1,1,2
SF,IH2012,2020-07-13 09:31:35.900,3354.2000,12833,-1,157505880.000,1,0,1,双平,S,3352.0000,3351.8000,3351.0000,3350.2000,3350.0000,3354.2000,3354.4000,3355.0000,3356.0000,3359.0000,1,6,1,2,3,4,1,8,1,1
SF,IH2012,2020-07-13 09:31:36.400,3354.2000,12833,0,157505880.000,0,-,-,-,-,3352.0000,3351.8000,3351.0000,3350.2000,3350.0000,3354.2000,3354.4000,3355.0000,3356.0000,3359.0000,1,6,1,2,3,2,1,8,1,1
SF,IH2012,2020-07-13 09:31:36.900,3354.2000,12833,0,158512140.000,1,0,1,多换,S,3352.0000,3351.8000,3351.0000,3350.2000,3350.0000,3354.2000,3354.4000,3355.0000,3356.0000,3359.0000,1,6,1,2,3,1,1,8,1,1
SF,IH2012,2020-07-13 09:31:37.400,3354.2000,12833,0,158512140.000,0,-,-,-,-,3352.2000,3352.0000,3351.8000,3350.2000,3350.0000,3354.2000,3354.4000,3355.0000,3356.0000,3359.0000,1,1,6,2,1,1,1,8,1,1
SF,IH2012,2020-07-13 09:31:37.900,3354.2000,12833,0,158512140.000,0,-,-,-,-,3352.4000,3352.2000,3352.0000,3351.8000,3350.2000,3354.0000,3354.2000,3354.4000,3355.0000,3356.0000,1,1,2,6,2,2,1,1,8,1
SF,IH2012,2020-07-13 09:31:38.400,3352.4000,12832,-1,159517860.000,1,0,1,双平,S,3352.0000,3351.8000,3350.2000,3350.0000,3348.2000,3354.0000,3354.2000,3354.4000,3355.0000,3356.0000,2,6,2,1,2,2,1,1,8,1
SF,IH2012,2020-07-13 09:31:38.900,3352.4000,12832,0,159517860.000,0,-,-,-,-,3352.0000,3351.8000,3350.2000,3350.0000,3348.2000,3354.0000,3354.2000,3354.4000,3355.0000,3356.0000,2,6,2,1,2,2,1,1,8,1
SF,IH2012,2020-07-13 09:31:39.400,3353.6000,12832,0,160523940.000,1,0,1,多换,S,3352.0000,3351.8000,3350.2000,3350.0000,3348.2000,3354.0000,3354.2000,3354.4000,3355.0000,3356.0000,2,6,2,1,2,1,1,1,8,1
SF,IH2012,2020-07-13 09:31:39.900,3353.6000,12832,0,160523940.000,0,-,-,-,-,3352.0000,3351.8000,3350.2000,3350.0000,3348.2000,3354.2000,3354.4000,3355.0000,3356.0000,3358.8000,2,6,2,1,2,1,1,8,1,1
SF,IH2012,2020-07-13 09:31:40.400,3353.6000,12832,0,160523940.000,0,-,-,-,-,3352.0000,3351.8000,3351.0000,3350.2000,3350.0000,3354.2000,3354.4000,3355.0000,3356.0000,3358.8000,2,6,1,2,1,1,1,8,1,1
SF,IH2012,2020-07-13 09:31:40.900,3353.6000,12832,0,160523940.000,0,-,-,-,-,3352.4000,3352.0000,3351.8000,3351.0000,3350.2000,3354.2000,3354.4000,3355.0000,3356.0000,3358.8000,1,2,6,1,2,1,1,8,1,1
SF,IH2012,2020-07-13 09:31:41.400,3353.6000,12832,0,160523940.000,0,-,-,-,-,3352.4000,3352.0000,3351.8000,3351.0000,3350.2000,3354.0000,3354.2000,3354.4000,3355.0000,3356.0000,1,2,6,1,2,1,1,1,8,1
SF,IH2012,2020-07-13 09:31:41.900,3354.0000,12830,-2,163542600.000,3,0,3,多平,S,3352.4000,3352.0000,3351.8000,3351.0000,3350.2000,3354.0000,3354.4000,3355.0000,3356.0000,3358.8000,1,2,6,1,2,4,1,2,1,1
SF,IH2012,2020-07-13 09:31:42.400,3354.0000,12830,0,163542600.000,0,-,-,-,-,3352.4000,3352.0000,3351.8000,3351.0000,3350.2000,3353.8000,3354.0000,3354.4000,3355.0000,3356.0000,1,2,6,1,2,2,4,1,2,1
SF,IH2012,2020-07-13 09:31:42.900,3354.0000,12829,-1,165555000.000,2,0,2,多平,S,3352.6000,3352.4000,3352.0000,3351.8000,3351.0000,3354.0000,3354.4000,3355.0000,3356.0000,3358.8000,1,1,2,6,1,4,1,2,1,1
SF,IH2012,2020-07-13 09:31:43.400,3352.4000,12828,-1,166560720.000,1,0,1,双平,S,3352.0000,3351.8000,3351.0000,3350.2000,3350.0000,3354.0000,3354.4000,3355.0000,3356.0000,3358.8000,2,6,1,2,1,4,1,2,1,1
SF,IH2012,2020-07-13 09:31:43.900,3352.4000,12828,0,166560720.000,0,-,-,-,-,3352.0000,3351.8000,3351.0000,3350.2000,3350.0000,3353.8000,3354.0000,3354.4000,3355.0000,3356.0000,3,6,1,2,1,1,4,1,2,1
SF,IH2012,2020-07-13 09:31:44.400,3352.4000,12828,0,166560720.000,0,-,-,-,-,3352.0000,3351.8000,3351.0000,3350.2000,3350.0000,3353.6000,3354.0000,3354.4000,3355.0000,3356.0000,3,6,1,2,1,1,4,1,2,1
SF,IH2012,2020-07-13 09:31:44.900,3351.8000,12826,-2,174605160.000,8,3,5,多平,S,3351.0000,3350.2000,3350.0000,3348.2000,3348.0000,3353.4000,3354.0000,3354.4000,3355.0000,3356.0000,1,2,1,2,2,1,4,1,2,1
SF,IH2012,2020-07-13 09:31:45.400,3351.2000,12826,0,175610520.000,1,0,1,多换,S,3351.0000,3350.2000,3350.0000,3348.2000,3348.0000,3352.0000,3354.0000,3354.4000,3355.0000,3356.0000,1,2,1,2,2,1,4,1,2,1
SF,IH2012,2020-07-13 09:31:45.900,3351.2000,12826,0,175610520.000,0,-,-,-,-,3351.0000,3350.2000,3350.0000,3348.2000,3348.0000,3351.8000,3352.0000,3354.0000,3354.4000,3355.0000,1,2,1,2,2,1,1,4,1,2
SF,IH2012,2020-07-13 09:31:46.400,3351.0000,12826,0,176615820.000,1,0,1,多换,S,3350.2000,3350.0000,3348.2000,3348.0000,3345.0000,3351.6000,3354.0000,3354.4000,3355.0000,3356.0000,2,1,2,2,3,1,4,1,2,1
SF,IH2012,2020-07-13 09:31:46.900,3350.2000,12828,2,179631360.000,3,2,1,空开,S,3350.0000,3348.2000,3348.0000,3345.0000,3339.8000,3350.8000,3354.0000,3354.4000,3355.0000,3356.0000,1,2,2,3,4,1,4,1,2,1
SF,IH2012,2020-07-13 09:31:47.400,3350.0000,12827,-1,181641600.000,2,0,2,多平,S,3353.4000,3348.2000,3348.0000,3345.0000,3339.8000,3354.0000,3354.2000,3354.4000,3355.0000,3356.0000,1,2,2,3,4,4,1,1,2,1
SF,IH2012,2020-07-13 09:31:47.900,3353.4000,12827,0,182647620.000,1,0,1,多换,S,3348.2000,3348.0000,3345.0000,3339.8000,3330.4000,3350.2000,3351.8000,3353.4000,3354.0000,3354.2000,2,2,3,4,1,6,1,4,5,1
SF,IH2012,2020-07-13 09:31:48.400,3351.8000,12829,2,184658700.000,2,2,0,双开,S,3348.4000,3348.2000,3348.0000,3345.0000,3339.8000,3350.2000,3351.8000,3353.4000,3354.0000,3354.2000,1,2,2,3,4,4,1,2,4,1
SF,IH2012,2020-07-13 09:31:48.900,3351.8000,12829,0,184658700.000,0,-,-,-,-,3348.2000,3348.0000,3345.0000,3339.8000,3330.4000,3350.2000,3351.8000,3353.4000,3353.6000,3354.0000,2,2,3,4,1,4,1,2,1,4
SF,IH2012,2020-07-13 09:31:49.400,3351.8000,12829,0,184658700.000,0,-,-,-,-,3348.6000,3348.2000,3348.0000,3345.0000,3339.8000,3350.0000,3350.2000,3351.8000,3353.0000,3353.4000,1,2,2,3,4,3,4,2,1,2
SF,IH2012,2020-07-13 09:31:49.900,3348.0000,12826,-3,189681000.000,5,1,4,多平,S,3345.0000,3339.8000,3330.4000,3325.0000,3320.4000,3348.4000,3350.0000,3350.2000,3351.8000,3352.4000,3,4,1,1,10,1,3,4,2,1
SF,IH2012,2020-07-13 09:31:50.400,3348.4000,12825,-1,190685520.000,1,0,1,双平,S,3345.2000,3345.0000,3339.8000,3330.4000,3325.0000,3348.2000,3350.0000,3350.2000,3351.2000,3351.8000,2,3,4,1,1,1,3,4,1,2
SF,IH2012,2020-07-13 09:31:50.900,3348.2000,12826,1,191689980.000,1,1,0,双开,S,3348.2000,3345.4000,3345.0000,3339.8000,3330.4000,3350.0000,3350.2000,3351.2000,3351.8000,3352.4000,9,1,3,4,1,3,4,1,2,2
SF,IH2012,2020-07-13 09:31:51.400,3348.2000,12826,0,192694440.000,1,0,1,多换,S,3348.2000,3345.4000,3345.0000,3339.8000,3330.4000,3350.0000,3350.2000,3350.8000,3351.8000,3352.4000,8,1,3,4,1,3,4,1,2,1
SF,IH2012,2020-07-13 09:31:51.900,3348.2000,12826,0,193698900.000,1,0,1,多换,S,3348.2000,3345.4000,3345.0000,3339.8000,3330.4000,3350.0000,3350.2000,3350.8000,3351.8000,3352.4000,7,1,3,4,1,3,4,1,2,1
SF,IH2012,2020-07-13 09:31:52.400,3348.2000,12826,0,194703360.000,1,0,1,多换,S,3348.4000,3348.2000,3345.4000,3345.0000,3339.8000,3349.8000,3350.0000,3350.2000,3350.8000,3351.8000,1,7,1,3,4,1,3,4,1,2
SF,IH2012,2020-07-13 09:31:52.900,3348.2000,12826,0,194703360.000,0,-,-,-,-,3348.2000,3345.4000,3345.0000,3339.8000,3330.4000,3349.6000,3350.0000,3350.2000,3351.8000,3352.4000,7,1,3,4,1,2,3,4,2,1
SF,IH2012,2020-07-13 09:31:53.400,3348.2000,12826,0,194703360.000,0,-,-,-,-,3348.2000,3345.4000,3345.0000,3339.8000,3330.4000,3349.6000,3350.0000,3350.2000,3351.8000,3352.4000,7,1,3,4,1,2,3,4,2,1
SF,IH2012,2020-07-13 09:31:53.900,3348.2000,12831,5,199725660.000,5,5,0,双开,S,3348.2000,3345.4000,3345.0000,3339.8000,3330.4000,3349.6000,3350.0000,3350.2000,3351.8000,3352.4000,2,1,3,4,1,2,3,4,2,1
SF,IH2012,2020-07-13 09:31:54.400,3348.2000,12831,0,199725660.000,0,-,-,-,-,3348.2000,3345.4000,3345.0000,3339.8000,3330.4000,3349.6000,3350.0000,3350.2000,3351.8000,3352.8000,2,1,3,4,1,2,3,4,2,1
SF,IH2012,2020-07-13 09:31:54.900,3348.2000,12831,0,199725660.000,0,-,-,-,-,3348.2000,3345.4000,3345.0000,3339.8000,3330.4000,3349.6000,3350.0000,3350.2000,3351.8000,3352.8000,2,1,3,4,1,2,3,4,2,1
SF,IH2012,2020-07-13 09:31:55.400,3348.2000,12831,0,201734580.000,2,1,1,多换,S,3345.4000,3345.0000,3339.8000,3330.4000,3325.0000,3349.6000,3350.0000,3350.2000,3351.8000,3352.8000,1,3,4,1,1,2,3,4,2,1
SF,IH2012,2020-07-13 09:31:55.900,3348.2000,12831,0,201734580.000,0,-,-,-,-,3345.4000,3345.0000,3339.8000,3330.4000,3325.0000,3348.2000,3350.2000,3351.8000,3352.8000,3353.4000,1,3,4,1,1,2,4,2,1,1
SF,IH2012,2020-07-13 09:31:56.900,3348.2000,12831,0,201734580.000,0,-,-,-,-,3345.4000,3345.0000,3339.8000,3330.4000,3325.0000,3348.0000,3348.2000,3350.2000,3351.8000,3352.8000,1,3,4,1,1,1,2,4,2,1
SF,IH2012,2020-07-13 09:31:57.400,3345.4000,12831,0,202738200.000,1,0,1,多换,S,3345.0000,3339.8000,3330.4000,3325.0000,3320.4000,3347.8000,3348.0000,3348.2000,3350.2000,3351.8000,1,3,1,1,10,1,1,2,4,2
SF,IH2012,2020-07-13 09:31:57.900,3345.4000,12832,1,204745320.000,2,1,1,空开,S,3339.8000,3333.2000,3330.4000,3325.0000,3320.4000,3347.4000,3347.8000,3348.0000,3348.2000,3350.2000,3,1,1,1,10,1,1,1,2,4
SF,IH2012,2020-07-13 09:31:58.400,3345.4000,12832,0,204745320.000,0,-,-,-,-,3340.4000,3340.2000,3339.8000,3333.2000,3330.4000,3347.2000,3348.0000,3348.2000,3350.2000,3351.8000,1,6,3,1,1,1,1,2,4,2
SF,IH2012,2020-07-13 09:31:58.900,3345.4000,12833,1,205748940.000,1,1,0,双开,S,3340.8000,3340.4000,3340.2000,3339.8000,3333.2000,3347.0000,3347.2000,3348.0000,3348.2000,3350.2000,4,1,2,3,1,1,1,1,2,4
SF,IH2012,2020-07-13 09:31:59.400,3341.0000,12831,-2,207753540.000,2,0,2,双平,S,3340.8000,3340.4000,3340.2000,3339.8000,3333.2000,3346.8000,3347.0000,3348.0000,3348.2000,3350.2000,4,1,2,3,1,1,1,1,2,4
SF,IH2012,2020-07-13 09:31:59.900,3341.0000,12830,-1,209758140.000,2,0,2,多平,S,3341.0000,3340.8000,3340.4000,3340.2000,3339.8000,3346.2000,3346.6000,3346.8000,3347.0000,3347.4000,2,4,1,2,3,1,2,1,1,1
SF,IH2012,2020-07-13 09:32:00.400,3341.0000,12830,0,209758140.000,0,-,-,-,-,3341.4000,3341.2000,3341.0000,3340.4000,3340.2000,3346.2000,3346.6000,3347.0000,3348.0000,3348.2000,4,2,2,1,2,1,3,1,1,2
SF,IH2012,2020-07-13 09:32:00.900,3341.0000,12830,0,209758140.000,0,-,-,-,-,3341.6000,3341.4000,3341.2000,3341.0000,3340.4000,3345.6000,3346.2000,3346.6000,3347.0000,3348.0000,1,5,1,2,1,1,1,2,1,1
SF,IH2012,2020-07-13 09:32:01.400,3345.6000,12829,-1,210761820.000,1,0,1,双平,S,3342.0000,3341.8000,3341.6000,3341.4000,3341.2000,3346.6000,3347.0000,3348.2000,3350.0000,3350.2000,4,1,1,1,1,2,1,2,2,4
SF,IH2012,2020-07-13 09:32:01.900,3345.6000,12829,0,210761820.000,0,-,-,-,-,3342.4000,3342.2000,3342.0000,3341.8000,3341.4000,3346.6000,3348.2000,3350.0000,3350.2000,3350.6000,3,1,5,2,1,2,2,2,4,1
SF,IH2012,2020-07-13 09:32:02.400,3342.8000,12827,-2,212767500.000,2,0,2,双平,S,3343.2000,3342.8000,3342.6000,3342.4000,3342.0000,3346.0000,3346.2000,3346.6000,3348.2000,3350.0000,1,2,1,1,1,4,1,2,2,2
SF,IH2012,2020-07-13 09:32:02.900,3345.8000,12826,-1,214774140.000,2,0,2,多平,S,3343.4000,3343.2000,3343.0000,3342.4000,3342.0000,3346.0000,3346.6000,3348.2000,3350.0000,3350.2000,2,1,1,1,1,4,2,2,2,4
SF,IH2012,2020-07-13 09:32:03.900,3343.4000,12827,1,216780180.000,2,1,1,空开,S,3343.2000,3343.0000,3342.4000,3342.0000,3341.8000,3345.8000,3346.0000,3346.6000,3348.2000,3350.0000,1,1,1,1,1,2,4,2,2,2
SF,IH2012,2020-07-13 09:32:04.400,3343.4000,12827,0,216780180.000,0,-,-,-,-,3343.0000,3342.0000,3341.8000,3341.2000,3340.4000,3345.8000,3346.0000,3346.6000,3348.2000,3350.0000,1,1,1,1,1,2,4,2,2,2
SF,IH2012,2020-07-13 09:32:04.900,3343.4000,12827,0,216780180.000,0,-,-,-,-,3343.0000,3342.0000,3341.2000,3340.4000,3340.2000,3345.6000,3345.8000,3346.0000,3346.6000,3348.2000,1,1,1,1,2,1,2,4,2,2
SF,IH2012,2020-07-13 09:32:05.400,3343.4000,12827,0,216780180.000,0,-,-,-,-,3343.0000,3342.0000,3341.2000,3340.4000,3340.2000,3345.2000,3345.4000,3345.6000,3346.0000,3346.6000,1,1,1,1,2,1,1,1,4,2
SF,IH2012,2020-07-13 09:32:05.900,3343.0000,12826,-1,217783080.000,1,0,1,双平,S,3341.2000,3340.4000,3340.2000,3339.8000,3333.2000,3343.0000,3345.0000,3345.2000,3346.0000,3346.6000,1,1,2,3,1,1,2,1,4,2
SF,IH2012,2020-07-13 09:32:06.400,3343.0000,12827,1,218785980.000,1,1,0,双开,S,3341.4000,3339.8000,3333.2000,3330.4000,3325.0000,3345.0000,3345.2000,3346.0000,3346.6000,3348.2000,1,3,1,1,1,3,1,4,2,2
SF,IH2012,2020-07-13 09:32:06.900,3343.0000,12827,0,218785980.000,0,-,-,-,-,3339.8000,3333.2000,3330.4000,3325.0000,3320.4000,3344.6000,3345.0000,3346.0000,3346.6000,3348.2000,3,1,1,1,10,1,3,4,2,2
SF,IH2012,2020-07-13 09:32:07.400,3343.0000,12827,0,218785980.000,0,-,-,-,-,3340.0000,3339.8000,3333.2000,3330.4000,3325.0000,3344.2000,3344.4000,3344.6000,3345.0000,3346.0000,1,3,1,1,1,1,1,1,1,4
SF,IH2012,2020-07-13 09:32:07.900,3343.0000,12827,0,218785980.000,0,-,-,-,-,3339.8000,3333.2000,3330.4000,3325.0000,3320.4000,3343.0000,3343.8000,3344.0000,3344.2000,3345.0000,3,1,1,1,10,1,1,1,1,1
SF,IH2012,2020-07-13 09:32:08.400,3343.0000,12827,0,218785980.000,0,-,-,-,-,3340.2000,3339.8000,3333.2000,3330.4000,3325.0000,3342.8000,3343.0000,3344.0000,3344.2000,3346.0000,1,3,1,1,1,1,1,1,1,4
SF,IH2012,2020-07-13 09:32:08.900,3343.0000,12827,0,218785980.000,0,-,-,-,-,3340.2000,3339.8000,3333.2000,3330.4000,3325.0000,3342.8000,3343.0000,3344.2000,3346.0000,3346.6000,1,3,1,1,1,1,1,1,4,2
SF,IH2012,2020-07-13 09:32:09.400,3343.0000,12827,0,218785980.000,0,-,-,-,-,3340.2000,3339.8000,3333.2000,3330.4000,3325.0000,3342.8000,3343.0000,3344.2000,3346.0000,3346.6000,1,3,1,1,1,1,1,1,4,2
SF,IH2012,2020-07-13 09:32:09.900,3340.4000,12828,1,220791000.000,2,1,1,空开,S,3340.2000,3339.8000,3333.2000,3330.4000,3325.0000,3342.6000,3343.0000,3344.2000,3346.0000,3346.6000,1,3,1,1,1,1,1,1,4,2
SF,IH2012,2020-07-13 09:32:10.400,3340.4000,12828,0,220791000.000,0,-,-,-,-,3341.0000,3340.2000,3339.8000,3333.2000,3330.4000,3342.6000,3343.0000,3344.2000,3346.0000,3346.6000,1,1,3,1,1,1,1,1,4,2
SF,IH2012,2020-07-13 09:32:10.900,3340.4000,12828,0,220791000.000,0,-,-,-,-,3341.0000,3340.2000,3339.8000,3333.2000,3330.4000,3342.4000,3343.0000,3344.2000,3346.0000,3346.6000,1,1,3,1,1,1,1,1,4,2
SF,IH2012,2020-07-13 09:32:11.400,3342.2000,12828,0,222796320.000,2,1,1,多换,S,3341.0000,3340.8000,3340.2000,3339.8000,3333.2000,3343.0000,3344.2000,3346.0000,3346.6000,3348.2000,1,1,1,3,1,1,1,4,2,2
SF,IH2012,2020-07-13 09:32:11.900,3343.0000,12827,-1,223799220.000,1,0,1,双平,S,3342.8000,3341.2000,3341.0000,3340.8000,3340.2000,3344.2000,3346.0000,3346.6000,3348.2000,3350.0000,1,2,1,1,2,1,4,2,2,2
SF,IH2012,2020-07-13 09:32:12.400,3343.0000,12827,0,223799220.000,0,-,-,-,-,3343.0000,3342.8000,3341.2000,3341.0000,3340.8000,3346.0000,3346.6000,3348.2000,3350.0000,3354.2000,1,1,1,1,1,4,2,2,2,1
SF,IH2012,2020-07-13 09:32:12.900,3343.0000,12827,0,223799220.000,0,-,-,-,-,3342.8000,3341.2000,3341.0000,3340.8000,3340.2000,3345.6000,3345.8000,3346.0000,3346.6000,3348.2000,1,1,1,1,2,1,2,4,2,2
SF,IH2012,2020-07-13 09:32:13.400,3343.0000,12827,0,223799220.000,0,-,-,-,-,3342.8000,3341.2000,3341.0000,3340.8000,3340.2000,3345.2000,3345.4000,3345.6000,3346.0000,3346.6000,1,1,1,1,2,1,1,1,4,2
SF,IH2012,2020-07-13 09:32:13.900,3343.0000,12827,0,223799220.000,0,-,-,-,-,3342.8000,3341.2000,3341.0000,3340.2000,3333.2000,3344.8000,3345.0000,3345.2000,3346.0000,3346.6000,1,1,1,2,1,1,1,1,4,2
SF,IH2012,2020-07-13 09:32:14.400,3343.0000,12827,0,223799220.000,0,-,-,-,-,3342.8000,3341.2000,3341.0000,3340.2000,3333.2000,3344.8000,3345.0000,3345.2000,3346.0000,3346.6000,1,1,1,2,1,1,1,1,4,2
SF,IH2012,2020-07-13 09:32:14.900,3343.0000,12827,0,223799220.000,0,-,-,-,-,3342.8000,3341.2000,3341.0000,3340.2000,3333.2000,3344.8000,3345.0000,3345.2000,3346.0000,3346.6000,1,1,1,2,1,1,1,1,4,2
SF,IH2012,2020-07-13 09:32:15.400,3343.0000,12827,0,223799220.000,0,-,-,-,-,3342.8000,3341.2000,3340.2000,3333.2000,3330.4000,3344.8000,3345.0000,3345.2000,3346.0000,3346.6000,1,1,2,1,1,1,1,1,4,2
SF,IH2012,2020-07-13 09:32:15.900,3344.6000,12824,-3,226809360.000,3,0,3,双平,S,3343.0000,3342.8000,3341.2000,3340.8000,3340.2000,3344.8000,3345.0000,3345.2000,3346.0000,3346.6000,1,1,1,1,2,1,1,1,4,2
SF,IH2012,2020-07-13 09:32:16.400,3344.6000,12824,0,226809360.000,0,-,-,-,-,3343.2000,3342.8000,3341.2000,3340.8000,3340.2000,3345.0000,3345.2000,3346.0000,3348.2000,3350.0000,2,1,1,1,2,1,1,4,2,2
SF,IH2012,2020-07-13 09:32:16.900,3345.0000,12824,0,227812860.000,1,0,1,多换,S,3345.0000,3343.2000,3341.2000,3340.8000,3340.2000,3346.0000,3348.2000,3350.0000,3352.0000,3354.2000,1,2,1,1,2,4,2,2,1,1
SF,IH2012,2020-07-13 09:32:17.400,3346.0000,12822,-2,229820460.000,2,0,2,双平,S,3345.2000,3343.2000,3341.2000,3340.8000,3340.2000,3346.0000,3348.2000,3350.0000,3352.0000,3354.2000,1,1,1,1,2,2,2,2,1,1
SF,IH2012,2020-07-13 09:32:17.900,3346.0000,12820,-2,231828060.000,2,0,2,双平,S,3346.2000,3346.0000,3345.4000,3343.2000,3341.2000,3348.2000,3350.0000,3352.0000,3354.2000,3355.0000,1,1,1,1,1,2,2,1,1,2
SF,IH2012,2020-07-13 09:32:18.400,3346.0000,12820,0,231828060.000,0,-,-,-,-,3346.4000,3346.2000,3346.0000,3345.8000,3341.2000,3347.8000,3348.2000,3350.0000,3352.0000,3354.2000,1,1,1,1,1,1,2,2,1,1
SF,IH2012,2020-07-13 09:32:18.900,3346.0000,12820,0,231828060.000,0,-,-,-,-,3346.2000,3346.0000,3345.8000,3341.2000,3340.8000,3347.8000,3348.2000,3350.0000,3352.0000,3354.2000,1,1,1,2,1,1,2,2,1,1
SF,IH2012,2020-07-13 09:32:19.400,3346.0000,12820,0,231828060.000,0,-,-,-,-,3346.4000,3346.2000,3346.0000,3345.8000,3344.6000,3348.2000,3350.0000,3352.0000,3354.2000,3355.0000,2,1,2,1,1,2,2,1,1,2
SF,IH2012,2020-07-13 09:32:19.900,3346.4000,12821,1,237852780.000,6,3,3,空开,S,3346.6000,3346.2000,3346.0000,3345.8000,3344.6000,3350.0000,3352.0000,3354.2000,3355.0000,3356.0000,1,1,2,1,1,2,1,1,2,1
SF,IH2012,2020-07-13 09:32:20.400,3346.4000,12821,0,237852780.000,0,-,-,-,-,3346.8000,3346.2000,3346.0000,3345.8000,3344.6000,3349.6000,3350.0000,3352.0000,3354.2000,3355.0000,1,1,2,1,1,2,2,1,1,2
SF,IH2012,2020-07-13 09:32:20.900,3346.4000,12821,0,237852780.000,0,-,-,-,-,3346.8000,3346.2000,3346.0000,3345.8000,3344.6000,3349.4000,3349.6000,3350.0000,3352.0000,3354.2000,1,1,2,1,1,1,2,2,1,1
SF,IH2012,2020-07-13 09:32:21.400,3349.0000,12820,-1,240865260.000,3,1,2,多平,S,3346.0000,3345.8000,3344.6000,3344.2000,3344.0000,3349.0000,3349.2000,3349.4000,3352.0000,3354.2000,2,1,1,1,1,1,1,1,1,1
SF,IH2012,2020-07-13 09:32:21.900,3349.0000,12820,0,240865260.000,0,-,-,-,-,3346.0000,3345.8000,3344.6000,3344.2000,3344.0000,3348.8000,3349.0000,3352.0000,3354.2000,3355.0000,2,1,1,1,1,1,1,1,1,2
SF,IH2012,2020-07-13 09:32:22.400,3349.0000,12821,1,245888760.000,5,3,2,空开,S,3346.2000,3346.0000,3345.8000,3344.6000,3344.2000,3352.0000,3354.2000,3355.0000,3356.0000,3358.8000,1,2,1,1,1,1,1,2,1,1
SF,IH2012,2020-07-13 09:32:22.900,3349.0000,12821,0,245888760.000,0,-,-,-,-,3346.6000,3346.4000,3346.2000,3346.0000,3345.8000,3351.6000,3352.0000,3354.2000,3355.0000,3356.0000,2,1,1,2,1,2,1,1,2,1
SF,IH2012,2020-07-13 09:32:23.400,3349.0000,12821,0,245888760.000,0,-,-,-,-,3346.8000,3346.6000,3346.4000,3346.0000,3345.8000,3350.0000,3351.4000,3351.6000,3352.0000,3354.2000,1,2,1,2,1,1,2,2,1,1
SF,IH2012,2020-07-13 09:32:23.900,3349.0000,12821,0,245888760.000,0,-,-,-,-,3346.8000,3346.0000,3345.8000,3344.6000,3344.0000,3350.0000,3351.2000,3351.4000,3351.6000,3352.0000,1,2,1,1,1,1,1,3,2,1
SF,IH2012,2020-07-13 09:32:24.400,3349.0000,12821,0,245888760.000,0,-,-,-,-,3347.0000,3346.8000,3346.0000,3345.8000,3344.6000,3350.0000,3351.2000,3351.4000,3351.6000,3352.0000,1,1,2,1,1,1,1,1,2,1
SF,IH2012,2020-07-13 09:32:24.900,3349.0000,12821,0,245888760.000,0,-,-,-,-,3347.2000,3347.0000,3346.0000,3345.8000,3344.0000,3350.0000,3351.2000,3351.4000,3351.6000,3352.0000,1,1,2,1,1,1,1,1,2,1
SF,IH2012,2020-07-13 09:32:25.400,3349.0000,12821,0,245888760.000,0,-,-,-,-,3347.2000,3347.0000,3346.0000,3345.8000,3344.0000,3350.0000,3351.2000,3351.4000,3351.6000,3352.0000,2,1,2,1,1,1,1,1,2,1
SF,IH2012,2020-07-13 09:32:25.900,3349.0000,12821,0,245888760.000,0,-,-,-,-,3347.4000,3347.2000,3347.0000,3346.0000,3345.8000,3350.0000,3351.2000,3351.4000,3351.6000,3352.0000,1,1,1,2,1,1,1,1,2,1
SF,IH2012,2020-07-13 09:32:26.400,3349.0000,12821,0,245888760.000,0,-,-,-,-,3347.6000,3347.4000,3347.0000,3346.0000,3345.8000,3350.0000,3351.2000,3351.4000,3351.6000,3352.0000,1,1,1,2,1,1,1,1,2,1
SF,IH2012,2020-07-13 09:32:26.900,3349.0000,12821,0,245888760.000,0,-,-,-,-,3347.8000,3347.6000,3347.4000,3347.0000,3346.0000,3350.0000,3351.2000,3351.4000,3351.6000,3352.0000,1,1,1,1,2,1,1,1,2,1
SF,IH2012,2020-07-13 09:32:27.400,3349.0000,12821,0,245888760.000,0,-,-,-,-,3348.0000,3347.8000,3347.4000,3346.0000,3345.8000,3350.0000,3351.2000,3351.4000,3351.6000,3352.0000,1,1,1,2,1,1,1,1,2,1
SF,IH2012,2020-07-13 09:32:27.900,3349.0000,12821,0,245888760.000,0,-,-,-,-,3348.2000,3348.0000,3346.6000,3346.0000,3345.8000,3349.8000,3350.0000,3351.2000,3351.4000,3351.6000,1,1,1,1,1,1,1,1,1,1
SF,IH2012,2020-07-13 09:32:28.400,3348.0000,12821,0,246893160.000,1,0,1,多换,S,3346.6000,3346.0000,3345.8000,3344.0000,3343.8000,3347.6000,3349.6000,3350.0000,3351.2000,3351.6000,1,1,1,1,1,6,1,1,1,1
SF,IH2012,2020-07-13 09:32:28.900,3350.0000,12815,-6,253923840.000,7,0,7,多平,S,3350.0000,3347.6000,3346.6000,3346.0000,3345.8000,3351.2000,3351.6000,3352.0000,3354.2000,3355.0000,1,3,1,1,1,1,1,1,1,2
SF,IH2012,2020-07-13 09:32:29.400,3350.0000,12815,0,254928840.000,1,0,1,多换,S,3346.6000,3346.0000,3345.8000,3344.0000,3343.8000,3349.8000,3350.0000,3351.0000,3351.2000,3351.6000,1,1,1,1,1,1,7,1,1,1
SF,IH2012,2020-07-13 09:32:29.900,3350.0000,12815,0,254928840.000,0,-,-,-,-,3346.6000,3346.0000,3345.8000,3344.0000,3343.8000,3349.6000,3349.8000,3350.0000,3351.2000,3351.6000,1,1,1,1,1,1,1,2,1,1
SF,IH2012,2020-07-13 09:32:30.400,3346.6000,12814,-1,255932820.000,1,0,1,双平,S,3346.0000,3345.8000,3344.0000,3343.8000,3341.2000,3349.4000,3349.6000,3349.8000,3350.0000,3351.2000,1,1,1,1,2,1,1,1,2,1
SF,IH2012,2020-07-13 09:32:30.900,3347.4000,12813,-1,257940840.000,2,0,2,多平,S,3345.8000,3344.0000,3343.8000,3341.2000,3340.8000,3349.2000,3349.4000,3349.8000,3350.0000,3351.2000,1,1,1,2,1,1,1,1,2,1
SF,IH2012,2020-07-13 09:32:31.400,3347.4000,12813,0,257940840.000,0,-,-,-,-,3345.8000,3344.0000,3343.8000,3341.2000,3340.8000,3349.0000,3349.2000,3349.4000,3349.8000,3350.0000,1,1,1,2,1,1,1,1,1,2
SF,IH2012,2020-07-13 09:32:31.900,3347.4000,12813,0,257940840.000,0,-,-,-,-,3345.8000,3344.0000,3343.8000,3341.2000,3340.8000,3348.8000,3349.0000,3349.4000,3349.8000,3350.0000,1,1,1,2,1,1,1,1,1,2
SF,IH2012,2020-07-13 09:32:32.400,3347.4000,12813,0,257940840.000,0,-,-,-,-,3345.8000,3344.0000,3343.8000,3341.2000,3340.8000,3348.2000,3348.8000,3349.0000,3349.4000,3350.0000,1,1,1,2,1,1,1,1,1,2
SF,IH2012,2020-07-13 09:32:32.900,3345.8000,12813,0,258944580.000,1,0,1,多换,S,3344.0000,3343.8000,3341.2000,3340.8000,3340.2000,3346.8000,3348.0000,3348.2000,3349.0000,3349.4000,1,1,2,1,2,1,1,1,1,1
SF,IH2012,2020-07-13 09:32:33.400,3345.8000,12813,0,258944580.000,0,-,-,-,-,3344.0000,3343.8000,3341.2000,3340.8000,3340.2000,3346.6000,3348.2000,3349.0000,3349.4000,3350.0000,1,1,2,1,2,1,1,1,1,2
SF,IH2012,2020-07-13 09:32:33.900,3345.8000,12813,0,258944580.000,0,-,-,-,-,3344.0000,3343.8000,3341.2000,3340.8000,3340.2000,3345.8000,3346.6000,3348.2000,3349.0000,3349.4000,1,1,2,1,2,1,1,1,1,1
SF,IH2012,2020-07-13 09:32:34.400,3345.8000,12813,0,258944580.000,0,-,-,-,-,3344.2000,3343.8000,3341.2000,3340.8000,3340.2000,3345.8000,3346.6000,3348.2000,3349.4000,3349.8000,1,1,2,1,2,1,1,1,1,1
SF,IH2012,2020-07-13 09:32:34.900,3345.8000,12813,0,258944580.000,0,-,-,-,-,3344.4000,3343.8000,3341.2000,3340.8000,3340.2000,3345.8000,3346.6000,3348.2000,3349.4000,3349.8000,1,1,2,1,2,1,1,1,1,1
SF,IH2012,2020-07-13 09:32:35.400,3344.6000,12812,-1,259947960.000,1,0,1,双平,S,3344.6000,3343.8000,3341.2000,3340.8000,3340.2000,3345.6000,3345.8000,3346.6000,3348.2000,3349.4000,1,1,2,1,2,1,1,1,1,1
SF,IH2012,2020-07-13 09:32:35.900,3344.6000,12812,0,259947960.000,0,-,-,-,-,3343.8000,3341.2000,3340.8000,3340.2000,3337.6000,3345.4000,3345.6000,3345.8000,3346.6000,3348.2000,1,2,1,2,3,1,1,1,1,1
SF,IH2012,2020-07-13 09:32:36.400,3344.6000,12812,0,259947960.000,0,-,-,-,-,3344.0000,3343.8000,3341.2000,3340.8000,3340.2000,3345.6000,3345.8000,3346.6000,3348.2000,3349.4000,1,1,2,1,2,1,1,1,1,1
SF,IH2012,2020-07-13 09:32:36.900,3345.6000,12812,0,260951640.000,1,0,1,多换,S,3345.6000,3344.2000,3343.8000,3341.2000,3340.8000,3345.8000,3346.6000,3348.2000,3349.4000,3349.8000,1,1,1,2,1,1,1,1,1,1
SF,IH2012,2020-07-13 09:32:37.400,3345.8000,12811,-1,261955380.000,1,0,1,双平,S,3345.8000,3343.8000,3341.2000,3340.8000,3340.2000,3348.2000,3349.4000,3349.8000,3350.0000,3351.2000,2,1,2,1,2,1,1,1,1,1
SF,IH2012,2020-07-13 09:32:37.900,3345.8000,12809,-2,263962860.000,2,0,2,双平,S,3344.4000,3343.8000,3341.2000,3340.8000,3340.2000,3348.0000,3348.2000,3349.4000,3349.8000,3350.0000,1,1,2,1,2,1,1,1,1,1
SF,IH2012,2020-07-13 09:32:38.400,3345.8000,12809,0,263962860.000,0,-,-,-,-,3345.4000,3344.6000,3344.4000,3343.8000,3341.2000,3348.0000,3349.4000,3349.8000,3350.0000,3351.2000,2,2,1,1,2,1,1,1,1,1
SF,IH2012,2020-07-13 09:32:38.900,3345.8000,12809,0,263962860.000,0,-,-,-,-,3345.6000,3345.4000,3344.4000,3343.8000,3341.2000,3348.0000,3349.4000,3349.8000,3350.0000,3351.2000,2,2,1,1,2,1,1,1,1,1
SF,IH2012,2020-07-13 09:32:39.400,3345.8000,12809,0,263962860.000,0,-,-,-,-,3345.4000,3344.4000,3343.8000,3341.2000,3340.8000,3348.0000,3349.8000,3350.0000,3351.2000,3352.0000,2,1,1,2,1,1,1,1,1,2
SF,IH2012,2020-07-13 09:32:40.400,3345.8000,12809,0,263962860.000,0,-,-,-,-,3345.4000,3345.0000,3344.4000,3343.8000,3341.2000,3348.0000,3349.8000,3350.0000,3351.2000,3352.0000,2,1,1,1,2,1,1,1,1,2
SF,IH2012,2020-07-13 09:32:40.900,3345.8000,12809,0,263962860.000,0,-,-,-,-,3345.6000,3345.4000,3345.0000,3344.4000,3343.8000,3348.0000,3349.8000,3350.0000,3351.2000,3352.0000,3,2,1,1,1,1,1,1,1,2
SF,IH2012,2020-07-13 09:32:41.400,3345.4000,12804,-5,271992480.000,8,1,7,多平,S,3345.0000,3344.4000,3343.8000,3341.2000,3340.8000,3345.4000,3348.0000,3350.0000,3351.2000,3352.0000,1,1,1,2,1,2,1,1,1,2
SF,IH2012,2020-07-13 09:32:41.900,3345.4000,12802,-2,273999720.000,2,0,2,双平,S,3345.4000,3345.2000,3345.0000,3344.4000,3343.8000,3348.0000,3350.0000,3351.2000,3352.0000,3354.2000,2,2,1,1,1,1,1,1,2,1
SF,IH2012,2020-07-13 09:32:42.400,3345.4000,12802,0,273999720.000,0,-,-,-,-,3345.8000,3345.6000,3345.4000,3345.0000,3344.4000,3348.0000,3350.0000,3351.2000,3352.0000,3354.2000,1,1,1,1,1,1,1,1,2,1
SF,IH2012,2020-07-13 09:32:42.900,3345.4000,12802,0,273999720.000,0,-,-,-,-,3345.6000,3345.4000,3345.0000,3344.4000,3343.8000,3348.0000,3350.0000,3351.2000,3352.0000,3354.2000,1,1,2,1,1,1,1,1,2,1
SF,IH2012,2020-07-13 09:32:43.400,3345.4000,12802,0,273999720.000,0,-,-,-,-,3345.4000,3345.0000,3344.4000,3343.8000,3341.2000,3348.0000,3350.0000,3351.2000,3352.0000,3354.2000,1,1,1,1,2,1,1,1,2,1
SF,IH2012,2020-07-13 09:32:43.900,3345.4000,12802,0,273999720.000,0,-,-,-,-,3345.4000,3345.0000,3344.4000,3343.8000,3341.2000,3347.8000,3348.0000,3350.0000,3351.2000,3352.0000,1,1,1,1,2,2,1,1,1,2
SF,IH2012,2020-07-13 09:32:44.400,3345.4000,12801,-1,275003340.000,1,0,1,双平,S,3345.0000,3344.4000,3343.8000,3341.2000,3340.8000,3347.6000,3347.8000,3350.0000,3351.2000,3352.0000,1,1,1,2,1,1,2,1,1,2
SF,IH2012,2020-07-13 09:32:44.900,3345.4000,12801,0,275003340.000,0,-,-,-,-,3345.0000,3344.4000,3343.8000,3341.2000,3340.8000,3347.6000,3347.8000,3350.0000,3351.2000,3352.0000,1,1,1,2,1,1,2,1,1,2
SF,IH2012,2020-07-13 09:32:45.400,3345.4000,12801,0,275003340.000,0,-,-,-,-,3345.0000,3344.4000,3343.8000,3341.2000,3340.8000,3347.6000,3347.8000,3350.0000,3351.2000,3352.0000,1,1,1,2,1,1,2,1,1,2
SF,IH2012,2020-07-13 09:32:45.900,3345.4000,12801,0,275003340.000,0,-,-,-,-,3345.0000,3344.4000,3343.8000,3341.2000,3340.8000,3347.6000,3347.8000,3350.0000,3351.2000,3352.0000,1,1,1,2,1,1,1,1,1,2
SF,IH2012,2020-07-13 09:32:46.400,3345.4000,12801,0,275003340.000,0,-,-,-,-,3345.0000,3344.4000,3343.8000,3341.2000,3340.8000,3347.4000,3347.6000,3347.8000,3350.0000,3351.2000,1,1,1,2,1,1,1,1,1,1
SF,IH2012,2020-07-13 09:32:46.900,3345.4000,12801,0,275003340.000,0,-,-,-,-,3345.4000,3345.0000,3344.4000,3343.8000,3341.2000,3347.2000,3347.4000,3347.8000,3350.0000,3351.2000,1,1,1,1,2,1,1,1,1,1
SF,IH2012,2020-07-13 09:32:47.400,3345.4000,12801,0,275003340.000,0,-,-,-,-,3345.4000,3345.0000,3344.4000,3343.8000,3341.2000,3347.0000,3347.2000,3347.4000,3347.8000,3350.0000,1,1,1,1,2,1,1,1,1,1
SF,IH2012,2020-07-13 09:32:47.900,3345.4000,12801,0,275003340.000,0,-,-,-,-,3345.4000,3345.0000,3344.4000,3343.8000,3341.2000,3346.8000,3347.2000,3347.4000,3347.8000,3350.0000,1,1,1,1,2,1,1,1,1,1
SF,IH2012,2020-07-13 09:32:48.400,3345.4000,12801,0,275003340.000,0,-,-,-,-,3345.4000,3345.0000,3344.4000,3343.8000,3341.2000,3346.6000,3347.2000,3347.4000,3347.8000,3350.0000,1,1,1,1,2,1,1,1,1,1
SF,IH2012,2020-07-13 09:32:48.900,3345.4000,12801,0,275003340.000,0,-,-,-,-,3345.4000,3345.0000,3344.4000,3343.8000,3341.2000,3346.4000,3347.2000,3347.4000,3347.8000,3350.0000,1,2,1,1,2,1,1,1,1,1
SF,IH2012,2020-07-13 09:32:49.400,3345.0000,12799,-2,277010460.000,2,0,2,双平,S,3345.0000,3344.4000,3343.8000,3341.2000,3341.0000,3346.2000,3347.2000,3347.4000,3347.8000,3350.0000,1,1,1,2,1,1,1,1,1,1
SF,IH2012,2020-07-13 09:32:49.900,3345.0000,12799,0,278013960.000,1,0,1,多换,S,3344.4000,3343.8000,3342.8000,3341.2000,3341.0000,3346.0000,3347.2000,3347.4000,3347.8000,3350.0000,1,1,1,2,1,1,1,1,1,1
SF,IH2012,2020-07-13 09:32:50.400,3345.0000,12799,0,278013960.000,0,-,-,-,-,3344.4000,3343.8000,3342.8000,3341.2000,3341.0000,3345.4000,3345.8000,3347.2000,3347.4000,3347.8000,1,1,1,2,1,1,1,1,1,1
SF,IH2012,2020-07-13 09:32:50.900,3345.4000,12798,-1,279017580.000,1,0,1,双平,S,3345.6000,3345.4000,3344.4000,3343.8000,3342.8000,3347.2000,3347.4000,3347.8000,3350.0000,3351.2000,2,1,1,1,1,1,1,1,1,1
SF,IH2012,2020-07-13 09:32:51.400,3345.4000,12798,0,279017580.000,0,-,-,-,-,3345.6000,3345.4000,3344.4000,3343.8000,3341.2000,3347.0000,3347.4000,3347.8000,3350.0000,3351.2000,2,1,1,1,2,1,1,1,1,1
SF,IH2012,2020-07-13 09:32:51.900,3345.4000,12798,0,279017580.000,0,-,-,-,-,3345.8000,3345.6000,3345.4000,3344.4000,3343.8000,3347.8000,3350.0000,3351.2000,3352.0000,3353.8000,2,2,1,1,1,1,1,1,2,1
SF,IH2012,2020-07-13 09:32:52.400,3347.2000,12797,-1,282030360.000,3,1,2,多平,S,3346.0000,3345.8000,3345.6000,3345.4000,3344.4000,3350.0000,3351.2000,3352.0000,3353.8000,3354.2000,2,2,2,1,1,1,1,2,1,1
SF,IH2012,2020-07-13 09:32:52.900,3347.2000,12797,0,282030360.000,0,-,-,-,-,3346.2000,3346.0000,3345.8000,3345.6000,3345.4000,3349.8000,3350.0000,3351.2000,3352.0000,3353.8000,1,2,1,2,1,1,1,1,2,1
SF,IH2012,2020-07-13 09:32:53.400,3347.2000,12797,0,282030360.000,0,-,-,-,-,3346.4000,3346.2000,3345.8000,3345.6000,3345.4000,3349.8000,3350.0000,3351.2000,3352.0000,3353.8000,2,1,1,2,1,1,1,1,2,1
SF,IH2012,2020-07-13 09:32:53.900,3347.2000,12797,0,282030360.000,0,-,-,-,-,3346.4000,3346.2000,3345.8000,3345.6000,3345.4000,3349.8000,3350.0000,3351.2000,3352.0000,3353.8000,2,1,1,2,1,1,1,1,2,1
SF,IH2012,2020-07-13 09:32:54.400,3349.8000,12798,1,283035300.000,1,1,0,双开,S,3349.8000,3346.6000,3346.4000,3346.2000,3345.8000,3350.0000,3351.2000,3352.0000,3353.8000,3354.2000,1,2,2,1,1,1,1,2,1,1
SF,IH2012,2020-07-13 09:32:54.900,3350.0000,12797,-1,285045240.000,2,0,2,多平,S,3346.6000,3346.4000,3346.2000,3345.8000,3345.0000,3349.6000,3351.2000,3352.0000,3353.8000,3354.2000,2,2,1,1,1,1,1,2,1,1
SF,IH2012,2020-07-13 09:32:55.400,3349.8000,12796,-1,286050180.000,1,0,1,双平,S,3350.0000,3347.0000,3346.6000,3346.2000,3345.8000,3352.0000,3353.8000,3354.2000,3355.0000,3356.0000,1,2,2,1,1,2,1,1,2,1
SF,IH2012,2020-07-13 09:32:55.900,3350.0000,12796,0,288060180.000,2,1,1,多换,S,3347.0000,3346.6000,3346.2000,3345.8000,3345.0000,3351.8000,3352.0000,3353.8000,3354.2000,3355.0000,2,2,1,1,1,1,2,1,1,2
SF,IH2012,2020-07-13 09:32:56.400,3350.0000,12796,0,288060180.000,0,-,-,-,-,3350.2000,3347.2000,3347.0000,3346.6000,3346.2000,3351.6000,3352.0000,3353.8000,3354.2000,3355.0000,1,1,2,1,1,1,2,1,1,2
SF,IH2012,2020-07-13 09:32:56.900,3350.2000,12797,1,290070240.000,2,1,1,空开,S,3347.2000,3347.0000,3346.6000,3346.2000,3345.8000,3350.2000,3351.6000,3352.0000,3353.8000,3354.2000,1,2,1,1,1,4,1,2,1,1
SF,IH2012,2020-07-13 09:32:57.400,3350.2000,12796,-1,291075300.000,1,0,1,双平,S,3347.6000,3347.4000,3347.2000,3346.6000,3346.2000,3352.0000,3353.8000,3354.2000,3355.0000,3356.0000,2,1,1,1,1,2,1,1,2,1
SF,IH2012,2020-07-13 09:32:57.900,3350.2000,12796,0,291075300.000,0,-,-,-,-,3347.8000,3347.6000,3347.4000,3346.6000,3346.2000,3351.8000,3352.0000,3353.8000,3354.2000,3355.0000,1,2,1,1,1,1,2,1,1,2
SF,IH2012,2020-07-13 09:32:58.400,3350.2000,12796,0,291075300.000,0,-,-,-,-,3348.0000,3347.8000,3347.4000,3346.6000,3346.2000,3351.8000,3352.0000,3353.8000,3354.2000,3355.0000,3,1,1,1,1,1,2,1,1,2
SF,IH2012,2020-07-13 09:32:58.900,3350.2000,12796,0,291075300.000,0,-,-,-,-,3348.2000,3348.0000,3347.4000,3346.6000,3346.2000,3351.8000,3352.0000,3353.8000,3354.2000,3355.0000,1,3,1,1,1,1,2,1,1,2
SF,IH2012,2020-07-13 09:32:59.400,3350.2000,12796,0,291075300.000,0,-,-,-,-,3348.2000,3348.0000,3347.4000,3346.6000,3346.2000,3351.6000,3351.8000,3352.0000,3353.8000,3354.2000,1,1,1,1,1,1,1,2,1,1
SF,IH2012,2020-07-13 09:32:59.900,3350.2000,12796,0,291075300.000,0,-,-,-,-,3348.2000,3348.0000,3347.4000,3346.6000,3346.2000,3351.6000,3351.8000,3352.0000,3353.8000,3354.2000,1,1,1,1,1,2,1,2,1,1
SF,IH2012,2020-07-13 09:33:00.400,3350.2000,12796,0,291075300.000,0,-,-,-,-,3348.2000,3348.0000,3347.4000,3345.0000,3343.8000,3351.6000,3351.8000,3352.0000,3353.8000,3354.2000,1,1,1,1,1,2,1,2,1,1
SF,IH2012,2020-07-13 09:33:00.900,3350.2000,12796,0,291075300.000,0,-,-,-,-,3348.2000,3345.0000,3343.8000,3341.2000,3341.0000,3351.4000,3351.6000,3352.0000,3353.8000,3354.2000,1,1,1,2,2,1,2,2,1,1
SF,IH2012,2020-07-13 09:33:01.400,3350.2000,12796,0,291075300.000,0,-,-,-,-,3348.2000,3345.0000,3343.8000,3341.2000,3341.0000,3351.2000,3351.4000,3351.6000,3352.0000,3353.8000,1,1,1,2,2,1,1,2,2,1
SF,IH2012,2020-07-13 09:33:01.900,3351.0000,12796,0,292080600.000,1,0,1,多换,S,3348.2000,3345.0000,3343.8000,3341.2000,3341.0000,3351.2000,3351.6000,3352.0000,3354.2000,3354.6000,1,1,1,2,2,1,1,2,1,1
SF,IH2012,2020-07-13 09:33:02.400,3351.0000,12796,0,292080600.000,0,-,-,-,-,3348.4000,3348.2000,3345.0000,3343.8000,3341.2000,3351.2000,3351.6000,3352.0000,3354.2000,3354.6000,1,1,1,1,2,1,1,2,1,1
SF,IH2012,2020-07-13 09:33:02.900,3351.0000,12796,0,292080600.000,0,-,-,-,-,3348.6000,3348.4000,3345.0000,3343.8000,3341.2000,3351.0000,3351.2000,3351.6000,3352.0000,3354.2000,1,1,1,1,2,1,1,1,2,1
SF,IH2012,2020-07-13 09:33:03.400,3351.0000,12796,0,293085900.000,1,0,1,多换,S,3348.6000,3348.4000,3345.0000,3343.8000,3341.2000,3351.2000,3351.6000,3352.0000,3354.2000,3354.6000,1,1,1,1,2,1,1,2,1,1
SF,IH2012,2020-07-13 09:33:03.900,3351.0000,12796,0,293085900.000,0,-,-,-,-,3348.8000,3348.6000,3348.4000,3345.0000,3343.8000,3351.2000,3351.6000,3352.0000,3354.2000,3354.6000,1,1,1,1,1,1,1,2,1,1
SF,IH2012,2020-07-13 09:33:04.400,3351.0000,12796,0,293085900.000,0,-,-,-,-,3349.0000,3348.8000,3348.4000,3345.0000,3343.8000,3351.2000,3351.6000,3352.0000,3354.2000,3354.6000,1,1,1,1,1,1,1,2,1,1
SF,IH2012,2020-07-13 09:33:04.900,3351.2000,12797,1,294091260.000,1,1,0,双开,S,3349.2000,3349.0000,3348.8000,3348.4000,3345.0000,3351.6000,3352.0000,3354.2000,3354.6000,3355.0000,1,1,1,1,1,1,2,1,1,2
SF,IH2012,2020-07-13 09:33:05.400,3351.6000,12797,0,295096740.000,1,0,1,多换,S,3349.4000,3349.2000,3348.8000,3348.4000,3345.0000,3352.0000,3354.2000,3354.6000,3355.0000,3356.0000,1,1,1,1,1,2,1,1,2,1
SF,IH2012,2020-07-13 09:33:05.900,3352.0000,12797,0,296102340.000,1,0,1,多换,S,3349.4000,3349.2000,3348.8000,3348.4000,3345.0000,3352.0000,3354.2000,3354.6000,3355.0000,3356.0000,1,1,1,1,1,1,1,1,2,1
SF,IH2012,2020-07-13 09:33:06.400,3352.0000,12796,-1,297107940.000,1,0,1,双平,S,3351.2000,3349.6000,3349.4000,3349.2000,3348.8000,3354.2000,3354.6000,3355.0000,3356.0000,3356.8000,1,2,1,1,1,1,1,2,1,1
SF,IH2012,2020-07-13 09:33:06.900,3351.2000,12798,2,299118660.000,2,2,0,双开,S,3352.0000,3349.6000,3349.2000,3348.8000,3348.4000,3354.0000,3354.2000,3354.6000,3355.0000,3356.0000,1,2,1,1,1,1,1,1,2,1
SF,IH2012,2020-07-13 09:33:07.400,3351.2000,12798,0,299118660.000,0,-,-,-,-,3352.0000,3351.6000,3349.6000,3349.2000,3348.8000,3354.0000,3354.2000,3354.6000,3355.0000,3356.0000,1,1,2,1,1,1,1,1,2,1
SF,IH2012,2020-07-13 09:33:07.900,3351.2000,12798,0,299118660.000,0,-,-,-,-,3352.0000,3351.6000,3349.6000,3349.2000,3348.8000,3354.0000,3354.2000,3354.6000,3355.0000,3356.0000,1,1,2,1,1,1,1,1,3,1
SF,IH2012,2020-07-13 09:33:08.400,3351.2000,12798,0,299118660.000,0,-,-,-,-,3352.0000,3351.6000,3349.6000,3349.2000,3348.8000,3354.0000,3354.2000,3354.6000,3355.0000,3356.0000,1,1,2,1,1,1,1,1,3,1
SF,IH2012,2020-07-13 09:33:08.900,3351.2000,12798,0,299118660.000,0,-,-,-,-,3352.0000,3351.6000,3349.6000,3349.2000,3348.8000,3354.0000,3354.2000,3354.6000,3355.0000,3356.0000,1,1,2,1,1,1,1,1,3,1
SF,IH2012,2020-07-13 09:33:09.400,3351.2000,12798,0,299118660.000,0,-,-,-,-,3352.0000,3351.6000,3349.6000,3349.2000,3348.8000,3354.0000,3354.2000,3354.6000,3355.0000,3356.0000,1,1,2,1,1,1,1,1,3,1
SF,IH2012,2020-07-13 09:33:10.400,3354.0000,12799,1,300124860.000,1,1,0,双开,S,3352.0000,3351.6000,3349.6000,3349.2000,3348.8000,3354.2000,3354.6000,3355.0000,3356.0000,3356.6000,1,1,2,1,1,1,1,3,1,1
SF,IH2012,2020-07-13 09:33:10.900,3352.2000,12799,0,301130520.000,1,0,1,多换,S,3352.0000,3351.6000,3349.6000,3349.2000,3348.8000,3354.0000,3354.2000,3354.6000,3355.0000,3356.0000,1,1,2,1,1,1,1,1,3,1
SF,IH2012,2020-07-13 09:33:11.900,3352.2000,12799,0,301130520.000,0,-,-,-,-,3352.0000,3351.6000,3349.6000,3349.2000,3348.8000,3353.8000,3354.0000,3354.2000,3354.6000,3355.0000,1,1,2,1,1,1,1,1,1,3
SF,IH2012,2020-07-13 09:33:12.400,3352.2000,12799,0,301130520.000,0,-,-,-,-,3352.0000,3351.6000,3349.6000,3349.2000,3348.8000,3354.0000,3354.2000,3354.6000,3355.0000,3356.0000,1,1,2,1,1,1,1,1,4,1
SF,IH2012,2020-07-13 09:33:12.900,3352.0000,12799,0,303141720.000,2,1,1,多换,S,3351.6000,3351.2000,3349.6000,3349.2000,3348.8000,3353.8000,3354.0000,3354.2000,3354.6000,3355.0000,1,2,2,1,1,1,1,1,1,4
SF,IH2012,2020-07-13 09:33:13.400,3351.6000,12799,0,304147200.000,1,0,1,多换,S,3351.2000,3349.6000,3345.0000,3343.8000,3341.2000,3353.6000,3354.2000,3354.6000,3355.0000,3356.0000,2,2,1,1,2,1,1,1,4,1
SF,IH2012,2020-07-13 09:33:13.900,3351.2000,12797,-2,306157920.000,2,0,2,双平,S,3349.6000,3345.0000,3343.8000,3341.2000,3341.0000,3351.2000,3353.6000,3354.2000,3354.6000,3355.0000,2,1,1,2,1,4,2,1,1,4
SF,IH2012,2020-07-13 09:33:14.400,3351.2000,12797,0,306157920.000,0,-,-,-,-,3345.0000,3343.8000,3341.2000,3341.0000,3340.2000,3351.0000,3353.2000,3353.6000,3354.2000,3354.6000,1,1,2,1,2,1,1,2,1,1
SF,IH2012,2020-07-13 09:33:14.900,3351.2000,12797,0,306157920.000,0,-,-,-,-,3347.4000,3345.6000,3345.4000,3345.2000,3345.0000,3350.8000,3353.2000,3353.6000,3353.8000,3354.2000,1,1,5,1,1,2,1,1,1,1
SF,IH2012,2020-07-13 09:33:15.400,3351.2000,12797,0,306157920.000,0,-,-,-,-,3347.8000,3347.6000,3345.4000,3345.2000,3345.0000,3350.8000,3353.2000,3353.6000,3353.8000,3354.2000,1,1,3,1,1,1,1,1,1,1
SF,IH2012,2020-07-13 09:33:15.900,3351.2000,12797,0,306157920.000,0,-,-,-,-,3345.4000,3345.0000,3343.8000,3341.2000,3341.0000,3350.8000,3353.2000,3353.8000,3354.2000,3354.6000,3,1,1,1,1,1,1,1,1,1
SF,IH2012,2020-07-13 09:33:16.400,3351.2000,12797,0,306157920.000,0,-,-,-,-,3345.8000,3345.6000,3345.4000,3345.0000,3343.8000,3350.8000,3353.2000,3353.8000,3354.2000,3354.6000,2,2,3,1,1,1,1,1,1,1
SF,IH2012,2020-07-13 09:33:16.900,3351.2000,12797,0,306157920.000,0,-,-,-,-,3346.2000,3345.8000,3345.6000,3345.4000,3345.0000,3350.8000,3353.2000,3353.8000,3354.2000,3354.6000,2,2,2,1,1,1,1,1,1,1
SF,IH2012,2020-07-13 09:33:17.400,3351.2000,12797,0,306157920.000,0,-,-,-,-,3346.6000,3346.2000,3345.6000,3345.4000,3345.0000,3350.6000,3350.8000,3353.2000,3353.8000,3354.2000,2,1,2,1,1,1,1,1,1,1
SF,IH2012,2020-07-13 09:33:17.900,3351.2000,12797,0,306157920.000,0,-,-,-,-,3346.8000,3346.6000,3345.6000,3345.4000,3345.0000,3350.4000,3350.6000,3353.2000,3353.8000,3354.2000,1,2,2,1,1,1,1,1,1,1
SF,IH2012,2020-07-13 09:33:18.400,3350.8000,12798,1,309173640.000,3,2,1,空开,S,3347.4000,3347.2000,3346.8000,3345.6000,3345.4000,3353.2000,3353.8000,3354.2000,3354.6000,3355.0000,1,2,1,2,1,1,1,1,1,4
SF,IH2012,2020-07-13 09:33:18.900,3350.8000,12798,0,309173640.000,0,-,-,-,-,3350.8000,3347.8000,3347.6000,3347.4000,3345.6000,3353.0000,3353.2000,3353.8000,3354.2000,3354.6000,1,2,1,1,2,1,1,1,1,1
SF,IH2012,2020-07-13 09:33:19.400,3350.8000,12798,0,310178880.000,1,0,1,多换,S,3347.8000,3347.6000,3347.4000,3345.6000,3345.4000,3353.0000,3353.8000,3354.2000,3354.6000,3355.0000,2,1,1,2,1,1,1,1,1,4
SF,IH2012,2020-07-13 09:33:19.900,3350.8000,12798,0,310178880.000,0,-,-,-,-,3348.2000,3348.0000,3347.8000,3347.4000,3346.0000,3353.0000,3353.8000,3354.2000,3354.6000,3355.0000,1,1,2,1,1,1,1,1,1,4
SF,IH2012,2020-07-13 09:33:20.400,3350.8000,12798,0,310178880.000,0,-,-,-,-,3348.6000,3348.2000,3348.0000,3347.4000,3346.0000,3353.0000,3353.8000,3354.2000,3354.6000,3355.0000,2,1,1,1,1,1,1,1,1,4
SF,IH2012,2020-07-13 09:33:20.900,3350.8000,12798,0,310178880.000,0,-,-,-,-,3348.8000,3348.6000,3348.0000,3347.4000,3346.0000,3353.0000,3353.8000,3354.2000,3354.6000,3355.0000,1,2,1,1,1,1,1,1,1,4
SF,IH2012,2020-07-13 09:33:21.400,3350.8000,12798,0,310178880.000,0,-,-,-,-,3349.2000,3349.0000,3348.0000,3347.4000,3346.0000,3353.8000,3354.2000,3354.6000,3355.0000,3356.0000,2,1,1,1,1,1,1,1,4,1
SF,IH2012,2020-07-13 09:33:21.900,3350.8000,12798,0,310178880.000,0,-,-,-,-,3349.4000,3349.2000,3348.0000,3347.4000,3346.0000,3353.8000,3354.2000,3354.6000,3355.0000,3356.0000,1,2,1,1,1,1,1,1,4,1
SF,IH2012,2020-07-13 09:33:22.400,3350.8000,12798,0,310178880.000,0,-,-,-,-,3349.4000,3348.0000,3347.4000,3346.0000,3345.6000,3353.8000,3354.2000,3354.6000,3355.0000,3356.0000,1,1,1,1,2,1,1,1,4,1
SF,IH2012,2020-07-13 09:33:22.900,3350.8000,12798,0,310178880.000,0,-,-,-,-,3349.6000,3349.4000,3348.0000,3347.4000,3346.0000,3354.2000,3354.6000,3355.0000,3356.0000,3356.8000,2,1,1,1,1,1,1,4,1,1
SF,IH2012,2020-07-13 09:33:23.400,3350.8000,12798,0,310178880.000,0,-,-,-,-,3349.8000,3349.6000,3348.0000,3347.4000,3346.0000,3353.6000,3353.8000,3354.2000,3354.6000,3355.0000,1,2,1,1,1,1,1,1,1,4
SF,IH2012,2020-07-13 09:33:23.900,3353.6000,12798,0,312190980.000,2,1,1,多换,S,3350.2000,3350.0000,3349.8000,3348.0000,3347.4000,3353.8000,3354.2000,3354.6000,3355.0000,3356.0000,1,2,1,1,1,1,1,1,4,1
SF,IH2012,2020-07-13 09:33:24.400,3353.6000,12798,0,312190980.000,0,-,-,-,-,3350.4000,3350.2000,3348.0000,3347.4000,3346.0000,3353.6000,3353.8000,3354.2000,3354.6000,3355.0000,3,1,1,1,1,1,1,1,1,4
SF,IH2012,2020-07-13 09:33:24.900,3353.6000,12798,0,312190980.000,0,-,-,-,-,3350.4000,3350.2000,3348.0000,3347.4000,3346.0000,3353.6000,3353.8000,3354.2000,3354.6000,3355.0000,2,1,1,1,1,1,1,1,1,4
SF,IH2012,2020-07-13 09:33:25.400,3353.6000,12798,0,313197060.000,1,0,1,多换,S,3350.4000,3350.2000,3348.0000,3347.4000,3346.0000,3353.8000,3354.2000,3354.6000,3355.0000,3356.0000,2,1,1,1,1,1,1,1,4,1
SF,IH2012,2020-07-13 09:33:25.900,3350.4000,12797,-1,314202180.000,1,0,1,双平,S,3350.4000,3348.0000,3347.4000,3346.0000,3345.6000,3353.6000,3353.8000,3354.2000,3354.6000,3355.0000,1,1,1,1,2,1,1,1,1,4
SF,IH2012,2020-07-13 09:33:26.400,3350.4000,12797,0,314202180.000,0,-,-,-,-,3350.6000,3350.4000,3348.0000,3347.4000,3346.0000,3353.6000,3353.8000,3354.2000,3354.6000,3355.0000,1,1,1,1,1,1,1,1,1,4
SF,IH2012,2020-07-13 09:33:26.900,3353.6000,12796,-1,315208260.000,1,0,1,双平,S,3350.8000,3350.6000,3348.0000,3347.4000,3346.0000,3353.8000,3354.2000,3354.6000,3355.0000,3356.0000,1,1,1,1,1,1,1,1,4,1
SF,IH2012,2020-07-13 09:33:27.400,3353.6000,12796,0,315208260.000,0,-,-,-,-,3351.0000,3350.8000,3348.0000,3347.4000,3346.0000,3353.8000,3354.2000,3354.6000,3355.0000,3356.0000,1,2,1,1,1,1,1,1,4,1
SF,IH2012,2020-07-13 09:33:27.900,3353.6000,12796,0,315208260.000,0,-,-,-,-,3351.2000,3351.0000,3350.8000,3348.0000,3347.4000,3353.8000,3354.2000,3354.6000,3355.0000,3356.0000,1,1,1,1,1,1,1,1,5,1
SF,IH2012,2020-07-13 09:33:28.400,3353.6000,12796,0,315208260.000,0,-,-,-,-,3351.4000,3351.2000,3348.0000,3347.4000,3346.0000,3353.8000,3354.2000,3354.6000,3355.0000,3356.0000,1,2,1,1,1,1,1,1,5,1
SF,IH2012,2020-07-13 09:33:28.900,3353.6000,12796,0,315208260.000,0,-,-,-,-,3351.8000,3351.6000,3351.4000,3348.0000,3347.4000,3353.8000,3354.2000,3354.6000,3355.0000,3356.0000,1,1,2,1,1,1,1,1,5,1
SF,IH2012,2020-07-13 09:33:29.400,3353.6000,12796,0,315208260.000,0,-,-,-,-,3352.0000,3351.8000,3351.6000,3351.4000,3348.0000,3353.8000,3354.2000,3354.6000,3355.0000,3356.0000,1,1,1,1,1,1,1,1,5,1
SF,IH2012,2020-07-13 09:33:29.900,3353.6000,12796,0,315208260.000,0,-,-,-,-,3352.0000,3351.8000,3351.6000,3348.0000,3347.4000,3353.6000,3353.8000,3354.2000,3354.6000,3355.0000,1,1,1,1,1,1,1,1,1,5
SF,IH2012,2020-07-13 09:33:30.400,3352.0000,12795,-1,317219460.000,2,0,2,多平,S,3351.8000,3351.6000,3348.0000,3347.4000,3346.0000,3353.4000,3353.8000,3354.2000,3354.6000,3355.0000,1,1,1,1,1,1,1,1,1,5
SF,IH2012,2020-07-13 09:33:30.900,3352.0000,12795,0,317219460.000,0,-,-,-,-,3351.6000,3348.0000,3347.4000,3346.0000,3345.0000,3353.2000,3353.8000,3354.2000,3354.6000,3355.0000,1,1,1,1,2,1,1,1,1,5
SF,IH2012,2020-07-13 09:33:31.400,3352.0000,12795,0,317219460.000,0,-,-,-,-,3348.0000,3347.4000,3346.0000,3345.0000,3343.8000,3353.8000,3354.2000,3354.6000,3355.0000,3356.0000,1,1,1,2,1,1,1,1,5,1
SF,IH2012,2020-07-13 09:33:31.900,3352.0000,12795,0,317219460.000,0,-,-,-,-,3348.4000,3348.2000,3348.0000,3347.4000,3346.0000,3353.6000,3353.8000,3354.2000,3354.6000,3355.0000,4,3,1,1,1,2,1,1,1,5
SF,IH2012,2020-07-13 09:33:32.400,3352.0000,12795,0,317219460.000,0,-,-,-,-,3348.8000,3348.6000,3348.4000,3348.2000,3347.4000,3353.6000,3353.8000,3354.2000,3354.6000,3355.0000,1,2,4,1,1,2,1,1,1,5
SF,IH2012,2020-07-13 09:33:32.900,3352.0000,12795,0,317219460.000,0,-,-,-,-,3349.2000,3349.0000,3348.8000,3348.4000,3347.4000,3353.4000,3353.6000,3353.8000,3354.2000,3354.6000,3,2,1,1,1,1,2,1,1,1
SF,IH2012,2020-07-13 09:33:33.400,3352.0000,12795,0,317219460.000,0,-,-,-,-,3349.4000,3349.2000,3348.8000,3348.4000,3347.4000,3353.0000,3353.2000,3353.4000,3353.6000,3353.8000,2,3,1,1,1,1,1,1,1,1
SF,IH2012,2020-07-13 09:33:33.900,3352.8000,12796,1,318225300.000,1,1,0,双开,S,3349.4000,3348.8000,3348.4000,3347.4000,3346.0000,3352.8000,3353.0000,3353.4000,3353.6000,3353.8000,2,1,1,1,1,1,1,1,1,1
SF,IH2012,2020-07-13 09:33:34.400,3352.8000,12796,0,319231140.000,1,0,1,多换,S,3349.6000,3349.4000,3348.8000,3348.4000,3347.4000,3353.0000,3353.4000,3353.6000,3353.8000,3354.2000,2,2,1,1,1,1,1,1,1,1
SF,IH2012,2020-07-13 09:33:34.900,3352.8000,12796,0,319231140.000,0,-,-,-,-,3349.8000,3349.6000,3348.8000,3348.4000,3347.4000,3352.4000,3352.6000,3352.8000,3353.6000,3353.8000,2,1,1,1,1,1,5,1,1,1
SF,IH2012,2020-07-13 09:33:35.400,3352.8000,12796,0,319231140.000,0,-,-,-,-,3349.8000,3348.8000,3348.4000,3347.4000,3346.0000,3352.4000,3352.6000,3353.6000,3353.8000,3354.2000,2,1,1,1,1,1,5,1,1,1
SF,IH2012,2020-07-13 09:33:35.900,3352.8000,12796,0,319231140.000,0,-,-,-,-,3349.8000,3348.8000,3348.4000,3347.4000,3346.0000,3352.4000,3352.6000,3353.6000,3353.8000,3354.2000,2,1,1,1,1,1,1,1,1,1
SF,IH2012,2020-07-13 09:33:36.400,3352.8000,12796,0,319231140.000,0,-,-,-,-,3350.0000,3349.8000,3348.8000,3348.4000,3347.4000,3352.6000,3353.6000,3353.8000,3354.2000,3354.6000,3,2,1,1,1,1,1,1,1,1
SF,IH2012,2020-07-13 09:33:36.900,3352.8000,12796,0,319231140.000,0,-,-,-,-,3350.2000,3350.0000,3348.8000,3348.4000,3347.4000,3353.8000,3354.2000,3354.6000,3355.0000,3356.0000,2,3,1,1,1,1,1,1,5,1
SF,IH2012,2020-07-13 09:33:37.400,3352.8000,12796,0,319231140.000,0,-,-,-,-,3350.4000,3350.2000,3350.0000,3348.8000,3348.4000,3353.6000,3353.8000,3354.2000,3354.6000,3355.0000,2,2,1,1,1,1,1,1,1,5
SF,IH2012,2020-07-13 09:33:37.900,3352.8000,12796,0,319231140.000,0,-,-,-,-,3352.4000,3350.6000,3350.4000,3350.0000,3348.8000,3353.8000,3354.2000,3354.6000,3355.0000,3356.0000,1,2,2,1,1,1,1,1,5,1
SF,IH2012,2020-07-13 09:33:38.400,3352.8000,12796,0,319231140.000,0,-,-,-,-,3352.4000,3350.6000,3350.4000,3348.8000,3348.4000,3353.6000,3353.8000,3354.2000,3354.6000,3355.0000,1,2,2,1,1,1,1,1,1,5
SF,IH2012,2020-07-13 09:33:38.900,3352.4000,12796,0,320236860.000,1,0,1,多换,S,3350.6000,3350.4000,3348.8000,3348.4000,3347.4000,3353.4000,3353.8000,3354.2000,3354.6000,3355.0000,2,2,1,1,1,1,1,1,1,5
SF,IH2012,2020-07-13 09:33:39.400,3352.4000,12796,0,320236860.000,0,-,-,-,-,3350.8000,3350.6000,3350.4000,3348.8000,3348.4000,3353.8000,3354.2000,3354.6000,3355.0000,3356.0000,1,2,2,1,1,1,1,1,5,1
SF,IH2012,2020-07-13 09:33:39.900,3352.4000,12796,0,320236860.000,0,-,-,-,-,3351.0000,3350.8000,3350.4000,3348.8000,3348.4000,3353.8000,3354.2000,3354.6000,3355.0000,3356.0000,2,1,2,1,1,1,1,1,6,1
SF,IH2012,2020-07-13 09:33:40.400,3352.4000,12796,0,320236860.000,0,-,-,-,-,3351.2000,3351.0000,3350.8000,3348.8000,3348.4000,3353.8000,3354.2000,3354.6000,3355.0000,3356.0000,3,2,1,1,1,1,1,1,6,1
SF,IH2012,2020-07-13 09:33:40.900,3352.4000,12796,0,320236860.000,0,-,-,-,-,3351.4000,3351.2000,3350.8000,3348.8000,3348.4000,3353.8000,3354.2000,3354.6000,3355.0000,3356.0000,2,1,1,1,1,1,1,1,6,1
SF,IH2012,2020-07-13 09:33:41.900,3352.4000,12796,0,320236860.000,0,-,-,-,-,3351.4000,3351.2000,3348.8000,3348.4000,3347.4000,3353.2000,3353.8000,3354.2000,3354.6000,3355.0000,2,1,1,1,1,4,1,1,1,6
SF,IH2012,2020-07-13 09:33:42.400,3353.2000,12798,2,322248720.000,2,2,0,双开,S,3351.4000,3348.8000,3348.4000,3347.4000,3346.0000,3353.0000,3353.2000,3353.8000,3354.2000,3354.6000,2,1,1,1,1,1,3,1,1,1
SF,IH2012,2020-07-13 09:33:42.900,3351.4000,12797,-1,324259560.000,2,0,2,多平,S,3348.8000,3348.4000,3347.4000,3346.0000,3345.0000,3352.8000,3353.2000,3353.8000,3354.2000,3354.6000,1,1,1,1,1,1,3,1,1,1
SF,IH2012,2020-07-13 09:33:43.400,3351.4000,12797,0,324259560.000,0,-,-,-,-,3349.2000,3349.0000,3348.4000,3347.4000,3346.0000,3352.6000,3353.8000,3354.2000,3354.6000,3355.0000,2,1,1,1,1,2,1,1,1,6
SF,IH2012,2020-07-13 09:33:43.900,3351.4000,12797,0,324259560.000,0,-,-,-,-,3349.4000,3349.2000,3348.4000,3347.4000,3346.0000,3352.4000,3352.6000,3353.8000,3354.2000,3354.6000,1,2,1,1,1,1,2,1,1,1
SF,IH2012,2020-07-13 09:33:44.400,3351.4000,12797,0,324259560.000,0,-,-,-,-,3349.6000,3349.4000,3348.4000,3347.4000,3346.0000,3352.2000,3352.4000,3353.8000,3354.2000,3354.6000,1,1,1,1,1,3,1,1,1,1
SF,IH2012,2020-07-13 09:33:44.900,3351.4000,12797,0,324259560.000,0,-,-,-,-,3349.8000,3348.4000,3347.4000,3346.0000,3345.0000,3352.2000,3353.8000,3354.2000,3354.6000,3355.0000,3,1,1,1,1,3,1,1,1,6
SF,IH2012,2020-07-13 09:33:45.400,3351.4000,12797,0,324259560.000,0,-,-,-,-,3349.8000,3348.4000,3347.4000,3346.0000,3345.0000,3351.8000,3352.0000,3352.2000,3353.8000,3354.2000,1,1,1,1,1,1,3,1,1,1
SF,IH2012,2020-07-13 09:33:45.900,3351.4000,12797,0,324259560.000,0,-,-,-,-,3350.0000,3349.8000,3347.4000,3346.0000,3345.0000,3352.0000,3352.2000,3353.8000,3354.2000,3354.6000,2,1,1,1,1,3,1,1,1,1
SF,IH2012,2020-07-13 09:33:46.400,3351.4000,12797,0,324259560.000,0,-,-,-,-,3350.0000,3349.8000,3347.4000,3346.0000,3345.0000,3351.8000,3352.2000,3353.8000,3354.2000,3354.6000,2,1,1,1,1,1,1,1,1,1
SF,IH2012,2020-07-13 09:33:46.900,3351.4000,12797,0,324259560.000,0,-,-,-,-,3350.2000,3350.0000,3347.4000,3346.0000,3345.0000,3352.2000,3353.8000,3354.2000,3354.6000,3355.0000,1,2,1,1,1,1,1,1,1,6
SF,IH2012,2020-07-13 09:33:47.400,3351.4000,12797,0,324259560.000,0,-,-,-,-,3350.4000,3350.2000,3350.0000,3347.4000,3346.0000,3352.2000,3353.8000,3354.2000,3354.6000,3355.0000,1,1,1,1,1,1,1,1,1,6
SF,IH2012,2020-07-13 09:33:47.900,3351.4000,12797,0,324259560.000,0,-,-,-,-,3351.8000,3350.6000,3350.2000,3350.0000,3347.4000,3352.0000,3352.2000,3353.8000,3354.2000,3354.6000,1,1,1,2,1,1,1,1,1,1
SF,IH2012,2020-07-13 09:33:48.400,3353.8000,12794,-3,329289060.000,5,1,4,多平,S,3353.8000,3350.0000,3347.4000,3346.0000,3345.0000,3354.2000,3354.6000,3355.0000,3356.0000,3356.8000,16,2,1,1,1,1,1,6,1,1
SF,IH2012,2020-07-13 09:33:48.900,3353.8000,12780,-14,345387300.000,16,1,15,多平,S,3350.0000,3349.0000,3347.4000,3346.0000,3345.0000,3351.4000,3353.8000,3354.0000,3354.2000,3354.6000,2,1,1,1,1,2,5,1,1,1
SF,IH2012,2020-07-13 09:33:49.400,3351.4000,12780,0,347398140.000,2,1,1,多换,S,3351.4000,3350.2000,3350.0000,3349.0000,3347.4000,3351.8000,3353.6000,3353.8000,3354.2000,3354.6000,1,2,2,1,1,1,1,1,1,1
SF,IH2012,2020-07-13 09:33:49.900,3351.8000,12779,-1,348403680.000,1,0,1,双平,S,3352.0000,3351.4000,3350.2000,3350.0000,3349.0000,3353.6000,3353.8000,3354.2000,3354.6000,3355.0000,2,1,1,2,1,2,1,1,1,6
SF,IH2012,2020-07-13 09:33:50.400,3351.8000,12779,0,350414760.000,2,1,1,多换,S,3352.2000,3351.4000,3350.0000,3349.4000,3349.0000,3353.4000,3353.6000,3353.8000,3354.0000,3354.2000,1,1,2,1,1,1,2,1,1,1
SF,IH2012,2020-07-13 09:33:50.900,3351.8000,12779,0,351420300.000,1,0,1,多换,S,3351.4000,3350.0000,3349.0000,3347.4000,3346.0000,3352.2000,3353.2000,3353.6000,3353.8000,3354.2000,1,2,1,1,1,1,1,1,1,1
SF,IH2012,2020-07-13 09:33:51.400,3351.8000,12779,0,351420300.000,0,-,-,-,-,3351.4000,3350.0000,3349.4000,3349.0000,3347.4000,3352.0000,3352.2000,3353.6000,3353.8000,3354.2000,1,2,1,1,1,1,1,1,1,2
SF,IH2012,2020-07-13 09:33:51.900,3352.0000,12779,0,352425900.000,1,0,1,多换,S,3351.4000,3350.0000,3349.4000,3349.0000,3347.4000,3352.2000,3353.6000,3353.8000,3354.2000,3354.4000,1,2,1,1,1,1,1,1,3,1
SF,IH2012,2020-07-13 09:33:52.400,3352.0000,12779,0,352425900.000,0,-,-,-,-,3350.0000,3349.4000,3349.0000,3347.4000,3346.0000,3352.2000,3353.8000,3354.2000,3354.4000,3354.6000,2,1,1,1,1,1,1,3,1,1
SF,IH2012,2020-07-13 09:33:52.900,3352.0000,12779,0,352425900.000,0,-,-,-,-,3350.2000,3350.0000,3349.4000,3349.0000,3348.4000,3352.0000,3352.2000,3353.2000,3353.8000,3354.2000,1,2,1,1,1,2,1,1,1,3
SF,IH2012,2020-07-13 09:33:53.400,3352.0000,12779,0,352425900.000,0,-,-,-,-,3350.2000,3350.0000,3349.4000,3349.0000,3348.4000,3351.8000,3352.0000,3352.2000,3353.2000,3353.6000,1,2,1,1,1,1,2,1,1,1
SF,IH2012,2020-07-13 09:33:53.900,3350.0000,12777,-2,354435960.000,2,0,2,双平,S,3350.0000,3349.0000,3348.4000,3347.4000,3346.0000,3351.6000,3352.0000,3352.2000,3353.2000,3353.6000,1,1,1,1,1,1,2,1,2,1
SF,IH2012,2020-07-13 09:33:54.400,3351.4000,12777,0,356446380.000,2,1,1,多换,S,3349.0000,3348.4000,3347.4000,3346.0000,3345.0000,3351.4000,3352.0000,3352.2000,3353.2000,3353.6000,1,1,1,1,2,3,2,1,2,1
SF,IH2012,2020-07-13 09:33:54.900,3351.4000,12777,0,356446380.000,0,-,-,-,-,3349.0000,3348.4000,3347.4000,3346.0000,3345.0000,3351.2000,3351.4000,3352.0000,3352.2000,3353.2000,1,1,1,1,2,1,3,1,1,2
SF,IH2012,2020-07-13 09:33:55.400,3351.4000,12767,-10,368511420.000,12,1,11,多平,S,3351.8000,3349.2000,3349.0000,3348.4000,3347.4000,3352.0000,3352.2000,3353.2000,3353.6000,3353.8000,8,1,1,1,1,1,1,2,1,1
SF,IH2012,2020-07-13 09:33:55.900,3351.4000,12759,-8,378566760.000,10,1,9,多平,S,3349.0000,3347.4000,3346.0000,3345.0000,3343.8000,3350.2000,3351.8000,3352.2000,3353.2000,3353.6000,1,1,1,2,1,1,9,1,2,1
SF,IH2012,2020-07-13 09:33:56.400,3351.4000,12759,0,378566760.000,0,-,-,-,-,3349.0000,3346.0000,3345.0000,3343.8000,3341.0000,3350.2000,3351.8000,3352.2000,3352.4000,3353.6000,1,1,2,1,1,1,1,1,1,1
SF,IH2012,2020-07-13 09:33:56.900,3350.8000,12759,0,379572000.000,1,0,1,多换,S,3349.2000,3349.0000,3346.0000,3345.0000,3343.8000,3350.0000,3351.4000,3351.8000,3352.2000,3352.4000,1,1,1,2,1,1,1,1,1,1
SF,IH2012,2020-07-13 09:33:57.400,3350.8000,12759,0,379572000.000,0,-,-,-,-,3349.2000,3349.0000,3346.0000,3345.0000,3343.8000,3349.8000,3351.2000,3351.4000,3351.8000,3352.2000,1,1,1,2,1,1,1,2,1,1
SF,IH2012,2020-07-13 09:33:57.900,3350.8000,12759,0,379572000.000,0,-,-,-,-,3349.2000,3349.0000,3346.0000,3345.0000,3343.8000,3351.2000,3351.4000,3351.6000,3351.8000,3353.6000,1,1,1,2,1,1,3,1,1,1
SF,IH2012,2020-07-13 09:33:58.400,3350.8000,12759,0,379572000.000,0,-,-,-,-,3350.4000,3349.2000,3349.0000,3346.0000,3345.0000,3351.0000,3351.2000,3351.4000,3351.6000,3351.8000,1,1,1,1,2,2,1,3,1,1
SF,IH2012,2020-07-13 09:33:58.900,3350.4000,12759,0,380577120.000,1,0,1,多换,S,3349.2000,3349.0000,3346.0000,3345.0000,3343.8000,3351.0000,3351.2000,3351.4000,3351.6000,3351.8000,1,1,1,2,1,2,1,2,1,1
SF,IH2012,2020-07-13 09:33:59.400,3350.4000,12759,0,380577120.000,0,-,-,-,-,3349.2000,3349.0000,3346.0000,3345.0000,3343.8000,3351.0000,3351.2000,3351.4000,3351.6000,3351.8000,1,1,1,2,1,2,1,2,1,1
SF,IH2012,2020-07-13 09:33:59.900,3350.4000,12759,0,380577120.000,0,-,-,-,-,3349.2000,3349.0000,3346.0000,3345.0000,3343.8000,3350.8000,3351.0000,3351.2000,3351.4000,3351.6000,1,1,1,2,1,3,1,1,2,1
SF,IH2012,2020-07-13 09:34:00.400,3349.2000,12759,0,381581880.000,1,0,1,多换,S,3349.0000,3346.0000,3345.0000,3343.8000,3341.0000,3349.2000,3350.6000,3350.8000,3351.2000,3351.4000,1,1,2,1,1,3,1,4,1,1
SF,IH2012,2020-07-13 09:34:00.900,3349.0000,12759,0,382586580.000,1,0,1,多换,S,3346.0000,3345.0000,3343.8000,3341.0000,3340.2000,3349.2000,3350.8000,3351.2000,3351.4000,3351.6000,1,2,1,1,2,3,5,1,1,1
SF,IH2012,2020-07-13 09:34:01.400,3349.0000,12759,0,382586580.000,0,-,-,-,-,3346.4000,3346.2000,3346.0000,3345.0000,3343.8000,3349.0000,3349.2000,3350.8000,3351.2000,3351.4000,2,1,1,2,1,2,3,3,1,1
SF,IH2012,2020-07-13 09:34:01.900,3349.0000,12759,0,382586580.000,0,-,-,-,-,3346.6000,3346.4000,3346.0000,3345.0000,3343.8000,3349.0000,3349.2000,3350.8000,3351.2000,3351.4000,2,2,1,2,1,2,3,2,1,1
SF,IH2012,2020-07-13 09:34:02.400,3349.0000,12759,0,382586580.000,0,-,-,-,-,3347.0000,3346.8000,3346.6000,3346.0000,3345.0000,3349.0000,3350.8000,3351.2000,3351.4000,3351.8000,2,1,1,1,2,2,2,1,1,1
SF,IH2012,2020-07-13 09:34:02.900,3349.0000,12758,-1,384595980.000,2,0,2,多平,S,3349.0000,3347.2000,3347.0000,3346.8000,3346.0000,3350.8000,3351.2000,3351.4000,3351.8000,3353.6000,2,1,2,1,1,2,1,1,1,1
SF,IH2012,2020-07-13 09:34:03.400,3349.0000,12758,0,384595980.000,0,-,-,-,-,3349.2000,3349.0000,3347.2000,3347.0000,3346.0000,3350.8000,3351.4000,3351.8000,3353.6000,3353.8000,2,2,1,2,1,1,1,1,1,1
SF,IH2012,2020-07-13 09:34:03.900,3350.8000,12758,0,385601220.000,1,0,1,多换,S,3349.2000,3349.0000,3347.2000,3347.0000,3346.0000,3353.6000,3353.8000,3354.2000,3354.4000,3354.6000,1,2,1,2,1,1,1,1,1,1
SF,IH2012,2020-07-13 09:34:04.400,3350.8000,12758,0,385601220.000,0,-,-,-,-,3349.4000,3349.0000,3347.2000,3346.0000,3345.0000,3353.4000,3353.6000,3353.8000,3354.2000,3354.4000,2,2,1,1,2,1,1,1,1,1
SF,IH2012,2020-07-13 09:34:04.900,3350.8000,12758,0,385601220.000,0,-,-,-,-,3349.4000,3349.0000,3347.2000,3346.0000,3345.0000,3353.4000,3353.6000,3353.8000,3354.2000,3354.4000,2,12,1,1,2,1,1,1,1,1
SF,IH2012,2020-07-13 09:34:05.400,3350.8000,12758,0,385601220.000,0,-,-,-,-,3349.4000,3349.0000,3347.2000,3346.0000,3345.0000,3353.0000,3353.2000,3353.4000,3353.6000,3353.8000,2,12,1,1,2,1,1,1,1,1
SF,IH2012,2020-07-13 09:34:05.900,3350.8000,12758,0,385601220.000,0,-,-,-,-,3349.4000,3349.0000,3347.2000,3346.0000,3345.0000,3352.8000,3353.0000,3353.2000,3353.6000,3353.8000,2,12,1,1,2,1,1,1,1,1
SF,IH2012,2020-07-13 09:34:06.400,3350.8000,12758,0,385601220.000,0,-,-,-,-,3349.4000,3349.0000,3347.2000,3346.0000,3345.0000,3352.6000,3352.8000,3353.0000,3353.2000,3353.6000,2,12,1,1,2,1,2,1,1,1
SF,IH2012,2020-07-13 09:34:06.900,3349.4000,12759,1,386606040.000,1,1,0,双开,S,3349.0000,3347.2000,3346.0000,3345.0000,3343.8000,3349.2000,3352.4000,3352.6000,3352.8000,3353.0000,12,1,1,2,1,11,2,1,1,1
SF,IH2012,2020-07-13 09:34:07.400,3349.0000,12757,-2,391629660.000,5,1,4,多平,S,3349.0000,3347.2000,3346.0000,3345.0000,3343.8000,3352.4000,3352.6000,3352.8000,3353.0000,3353.2000,7,1,1,2,1,2,1,1,1,1
SF,IH2012,2020-07-13 09:34:07.900,3349.0000,12757,0,391629660.000,0,-,-,-,-,3349.0000,3346.0000,3345.0000,3343.8000,3341.0000,3352.2000,3352.4000,3352.6000,3352.8000,3353.0000,7,1,2,1,1,1,2,1,1,1
SF,IH2012,2020-07-13 09:34:08.400,3349.0000,12757,0,398662560.000,7,3,4,多换,S,3346.0000,3345.0000,3343.8000,3341.0000,3340.2000,3348.8000,3351.6000,3351.8000,3352.0000,3352.6000,1,2,1,1,1,10,1,1,2,1
SF,IH2012,2020-07-13 09:34:08.900,3349.0000,12757,0,398662560.000,0,-,-,-,-,3346.4000,3346.2000,3346.0000,3345.0000,3343.8000,3348.6000,3351.6000,3351.8000,3352.0000,3352.8000,2,1,1,2,1,1,1,2,2,1
SF,IH2012,2020-07-13 09:34:09.400,3349.0000,12757,0,398662560.000,0,-,-,-,-,3346.6000,3346.4000,3346.0000,3345.0000,3343.8000,3348.6000,3351.6000,3351.8000,3352.0000,3352.8000,1,2,1,2,1,1,2,2,2,1
SF,IH2012,2020-07-13 09:34:09.900,3349.0000,12757,0,398662560.000,0,-,-,-,-,3346.8000,3346.6000,3346.0000,3345.0000,3343.8000,3348.6000,3351.6000,3351.8000,3352.0000,3352.8000,3,1,1,2,1,1,2,2,2,1
SF,IH2012,2020-07-13 09:34:10.400,3347.0000,12756,-1,401675340.000,3,1,2,多平,S,3348.8000,3347.0000,3346.8000,3346.0000,3345.0000,3351.6000,3351.8000,3352.0000,3352.8000,3354.2000,1,1,3,1,2,2,2,2,1,1
SF,IH2012,2020-07-13 09:34:10.900,3348.6000,12757,1,403684500.000,2,1,1,空开,S,3346.8000,3346.0000,3345.0000,3343.8000,3341.0000,3347.8000,3349.2000,3351.4000,3351.6000,3351.8000,2,1,2,1,1,9,1,1,2,2
SF,IH2012,2020-07-13 09:34:11.400,3347.8000,12759,2,406697520.000,3,2,1,空开,S,3346.8000,3346.0000,3345.0000,3343.8000,3341.0000,3347.8000,3348.8000,3351.4000,3351.6000,3351.8000,1,1,2,1,1,6,1,1,2,2
SF,IH2012,2020-07-13 09:34:11.900,3347.8000,12759,0,406697520.000,0,-,-,-,-,3346.0000,3345.0000,3343.8000,3341.0000,3340.2000,3347.8000,3348.8000,3351.0000,3351.4000,3351.6000,1,2,1,1,1,6,1,3,1,2
SF,IH2012,2020-07-13 09:34:12.400,3347.8000,12759,0,406697520.000,0,-,-,-,-,3346.2000,3346.0000,3345.0000,3343.8000,3341.0000,3347.8000,3348.8000,3350.6000,3351.0000,3351.4000,1,1,2,1,1,6,1,1,2,1
SF,IH2012,2020-07-13 09:34:12.900,3347.8000,12759,0,406697520.000,0,-,-,-,-,3346.4000,3346.2000,3346.0000,3345.0000,3343.8000,3347.8000,3348.8000,3350.6000,3351.0000,3351.4000,1,1,1,2,1,6,1,1,2,1
SF,IH2012,2020-07-13 09:34:13.400,3347.8000,12759,0,406697520.000,0,-,-,-,-,3346.6000,3346.0000,3345.0000,3343.8000,3341.0000,3347.8000,3348.8000,3350.2000,3350.6000,3351.0000,1,1,2,1,1,6,1,1,1,2
SF,IH2012,2020-07-13 09:34:13.900,3347.8000,12759,0,406697520.000,0,-,-,-,-,3346.0000,3345.0000,3343.8000,3341.0000,3340.2000,3347.8000,3348.8000,3350.2000,3350.6000,3351.0000,1,2,1,1,1,6,1,1,1,2
SF,IH2012,2020-07-13 09:34:14.400,3347.8000,12759,0,406697520.000,0,-,-,-,-,3346.2000,3346.0000,3345.0000,3343.8000,3341.0000,3347.8000,3348.8000,3350.2000,3350.6000,3351.0000,2,1,2,1,1,6,1,1,1,2
SF,IH2012,2020-07-13 09:34:14.900,3347.8000,12759,0,406697520.000,0,-,-,-,-,3346.2000,3345.0000,3343.8000,3341.0000,3340.2000,3347.8000,3348.8000,3350.2000,3350.6000,3351.0000,2,2,1,1,1,6,1,1,1,2
SF,IH2012,2020-07-13 09:34:15.400,3347.8000,12759,0,406697520.000,0,-,-,-,-,3346.2000,3345.0000,3343.8000,3341.0000,3340.2000,3347.8000,3348.8000,3350.2000,3350.6000,3351.0000,2,2,1,1,1,6,1,1,1,2
SF,IH2012,2020-07-13 09:34:15.900,3347.8000,12759,0,406697520.000,0,-,-,-,-,3347.0000,3346.2000,3345.0000,3343.8000,3341.0000,3348.8000,3350.2000,3350.6000,3351.0000,3351.4000,1,2,2,1,1,1,1,1,2,1
SF,IH2012,2020-07-13 09:34:16.400,3347.0000,12760,1,408705720.000,2,1,1,空开,S,3346.2000,3345.0000,3343.8000,3341.0000,3340.2000,3347.0000,3348.6000,3348.8000,3350.2000,3350.6000,1,2,1,1,1,1,1,1,1,1
SF,IH2012,2020-07-13 09:34:16.900,3347.0000,12760,0,409709820.000,1,0,1,多换,S,3346.2000,3345.0000,3343.8000,3341.0000,3340.2000,3348.6000,3348.8000,3350.2000,3350.6000,3351.0000,1,2,1,1,1,1,1,1,1,2
SF,IH2012,2020-07-13 09:34:17.400,3347.0000,12760,0,409709820.000,0,-,-,-,-,3346.2000,3345.0000,3343.8000,3341.0000,3340.2000,3348.4000,3348.6000,3348.8000,3350.2000,3350.6000,1,2,1,1,1,1,1,1,1,1
SF,IH2012,2020-07-13 09:34:17.900,3347.0000,12760,0,409709820.000,0,-,-,-,-,3346.4000,3346.2000,3345.0000,3343.8000,3341.0000,3347.8000,3348.0000,3348.2000,3348.4000,3348.8000,1,1,2,1,1,6,1,1,1,1
