市场代码,合约代码,时间,最新,持仓,增仓,成交额,成交量,开仓,平仓,成交类型,方向,买一价,买二价,买三价,买四价,买五价,卖一价,卖二价,卖三价,卖四价,卖五价,买一量,买二量,买三量,买四量,买五量,卖一量,卖二量,卖三量,卖四量,卖五量
SF,IH2009,2020-01-21 09:29:00.100,3064.0000,975,0,0.000,0.000,-,-,-,-,3040.4000,3037.4000,3036.6000,3033.2000,3031.0000,3049.2000,3051.6000,3052.4000,3053.0000,3059.6000,1,1,2,1,1,1,1,1,1,2
SF,IH2009,2020-01-21 09:30:00.100,3064.0000,975,0,0.000,0,-,-,-,-,3040.4000,3037.4000,3036.6000,3033.2000,3031.0000,3049.2000,3051.6000,3052.4000,3053.0000,3057.6000,1,1,2,1,1,1,1,1,1,6
SF,IH2009,2020-01-21 09:30:00.600,3064.0000,975,0,0.000,0,-,-,-,-,3040.6000,3037.4000,3036.6000,3030.0000,3006.4000,3049.0000,3049.2000,3052.4000,3053.0000,3057.6000,1,1,2,1,3,2,1,1,1,6
SF,IH2009,2020-01-21 09:30:01.100,3064.0000,975,0,0.000,0,-,-,-,-,3040.6000,3036.6000,3030.0000,3006.4000,2998.0000,3049.0000,3049.2000,3053.0000,3057.6000,3059.6000,1,2,1,3,1,2,1,1,6,2
SF,IH2009,2020-01-21 09:30:01.600,3064.0000,975,0,0.000,0,-,-,-,-,3040.6000,3032.4000,3030.0000,3006.4000,2998.0000,3049.0000,3051.4000,3053.0000,3057.6000,3061.2000,1,5,1,3,1,2,5,1,6,2
SF,IH2009,2020-01-21 09:30:02.100,3064.0000,975,0,0.000,0,-,-,-,-,3041.0000,3040.6000,3032.4000,3030.0000,3006.4000,3049.0000,3053.0000,3055.2000,3057.6000,3061.2000,1,1,5,1,3,2,1,5,6,2
SF,IH2009,2020-01-21 09:30:02.600,3064.0000,975,0,0.000,0,-,-,-,-,3041.2000,3041.0000,3032.4000,3030.0000,3006.4000,3049.0000,3053.0000,3055.2000,3057.6000,3061.2000,1,1,5,1,3,2,1,5,6,2
SF,IH2009,2020-01-21 09:30:03.100,3064.0000,975,0,0.000,0,-,-,-,-,3041.2000,3041.0000,3032.4000,3030.0000,3006.4000,3049.0000,3053.0000,3055.2000,3057.6000,3062.0000,1,1,5,1,3,2,1,5,6,1
SF,IH2009,2020-01-21 09:30:04.100,3064.0000,975,0,0.000,0,-,-,-,-,3041.2000,3032.4000,3030.0000,3006.4000,2998.0000,3048.8000,3049.0000,3053.0000,3055.2000,3057.6000,1,5,1,3,1,1,2,1,5,6
SF,IH2009,2020-01-21 09:30:04.600,3064.0000,975,0,0.000,0,-,-,-,-,3041.2000,3032.4000,3030.0000,3006.4000,2998.0000,3048.6000,3048.8000,3049.0000,3053.0000,3055.2000,1,5,1,3,1,2,1,1,1,5
SF,IH2009,2020-01-21 09:30:05.100,3064.0000,975,0,0.000,0,-,-,-,-,3041.2000,3032.4000,3030.0000,3006.4000,2998.0000,3048.4000,3048.6000,3049.0000,3053.0000,3055.2000,1,5,1,3,1,1,2,1,1,5
SF,IH2009,2020-01-21 09:30:05.600,3064.0000,975,0,0.000,0,-,-,-,-,3041.2000,3032.4000,3030.0000,3006.4000,2998.0000,3048.2000,3048.4000,3048.6000,3049.0000,3053.0000,1,5,1,3,1,2,1,1,1,1
SF,IH2009,2020-01-21 09:30:06.100,3064.0000,975,0,0.000,0,-,-,-,-,3041.2000,3032.4000,3030.0000,3006.4000,2998.0000,3048.0000,3048.2000,3048.6000,3049.0000,3053.0000,1,5,1,3,1,1,2,1,1,1
SF,IH2009,2020-01-21 09:30:06.600,3064.0000,975,0,0.000,0,-,-,-,-,3041.2000,3032.4000,3030.0000,3006.4000,2998.0000,3047.8000,3048.0000,3048.2000,3048.6000,3049.0000,1,5,1,3,1,2,1,1,1,1
SF,IH2009,2020-01-21 09:30:07.100,3064.0000,975,0,0.000,0,-,-,-,-,3041.2000,3032.4000,3030.0000,3006.4000,2998.0000,3047.8000,3048.2000,3048.6000,3049.0000,3053.0000,1,5,1,3,1,2,1,1,1,1
SF,IH2009,2020-01-21 09:30:08.100,3064.0000,975,0,0.000,0,-,-,-,-,3041.2000,3032.4000,3030.0000,3006.4000,2998.0000,3047.8000,3048.2000,3048.6000,3049.0000,3053.0000,1,5,1,3,1,2,1,1,1,1
SF,IH2009,2020-01-21 09:30:08.600,3064.0000,975,0,0.000,0,-,-,-,-,3044.8000,3041.2000,3032.4000,3030.0000,3006.4000,3047.8000,3048.2000,3048.6000,3049.0000,3053.0000,1,1,5,1,3,2,1,1,1,1
SF,IH2009,2020-01-21 09:30:09.100,3044.8000,975,0,913440.000,1,0,1,多换,S,3041.2000,3032.4000,3030.0000,3006.4000,2998.0000,3047.8000,3048.2000,3048.6000,3049.0000,3053.0000,1,5,1,3,1,2,1,1,1,1
SF,IH2009,2020-01-21 09:30:09.600,3041.2000,974,-1,1825800.000,1,0,1,双平,S,3032.4000,3030.0000,3006.4000,2998.0000,2900.0000,3047.8000,3048.2000,3048.6000,3049.0000,3053.0000,5,1,3,1,20,2,1,1,1,1
SF,IH2009,2020-01-21 09:30:10.100,3041.2000,974,0,1825800.000,0,-,-,-,-,3034.2000,3032.4000,3030.0000,3006.4000,2998.0000,3047.6000,3047.8000,3048.2000,3048.6000,3049.0000,3,5,1,3,1,1,2,1,1,1
SF,IH2009,2020-01-21 09:30:10.600,3041.2000,974,0,1825800.000,0,-,-,-,-,3039.4000,3034.2000,3032.4000,3030.0000,3006.4000,3047.4000,3047.6000,3047.8000,3048.2000,3048.6000,1,3,5,1,3,2,1,1,1,1
SF,IH2009,2020-01-21 09:30:11.100,3041.2000,974,0,1825800.000,0,-,-,-,-,3039.6000,3039.4000,3036.6000,3034.2000,3032.4000,3047.4000,3047.6000,3047.8000,3048.2000,3048.6000,1,1,1,3,5,2,1,1,1,1
SF,IH2009,2020-01-21 09:30:11.600,3041.2000,974,0,1825800.000,0,-,-,-,-,3041.0000,3040.6000,3039.6000,3034.2000,3032.4000,3047.2000,3047.4000,3047.6000,3047.8000,3048.2000,1,1,1,3,5,1,2,1,1,1
SF,IH2009,2020-01-21 09:30:12.100,3041.2000,974,0,1825800.000,0,-,-,-,-,3041.0000,3039.6000,3034.2000,3032.4000,3030.0000,3047.0000,3047.2000,3047.4000,3047.6000,3047.8000,1,1,3,5,1,2,1,1,1,1
SF,IH2009,2020-01-21 09:30:12.600,3041.2000,974,0,1825800.000,0,-,-,-,-,3041.4000,3041.0000,3039.6000,3034.2000,3032.4000,3045.6000,3046.8000,3047.0000,3047.2000,3047.4000,1,1,1,3,5,1,1,2,1,1
SF,IH2009,2020-01-21 09:30:13.100,3041.2000,974,0,1825800.000,0,-,-,-,-,3041.6000,3041.4000,3039.6000,3034.2000,3032.4000,3045.4000,3045.6000,3046.8000,3047.0000,3047.2000,1,1,1,3,5,1,1,1,1,1
SF,IH2009,2020-01-21 09:30:13.600,3041.2000,974,0,1825800.000,0,-,-,-,-,3042.0000,3041.6000,3039.6000,3034.2000,3032.4000,3045.4000,3045.6000,3046.8000,3047.0000,3047.2000,1,1,1,3,5,1,1,1,1,1
SF,IH2009,2020-01-21 09:30:14.100,3041.2000,974,0,1825800.000,0,-,-,-,-,3042.2000,3042.0000,3032.4000,3030.0000,2998.0000,3045.4000,3046.8000,3047.4000,3047.8000,3048.2000,1,1,5,1,1,1,1,1,1,1
SF,IH2009,2020-01-21 09:30:14.600,3041.2000,974,0,1825800.000,0,-,-,-,-,3042.2000,3042.0000,3032.4000,3030.0000,2998.0000,3045.4000,3047.4000,3047.8000,3048.2000,3048.6000,1,1,5,1,1,1,1,1,1,2
SF,IH2009,2020-01-21 09:30:15.100,3041.2000,974,0,1825800.000,0,-,-,-,-,3032.4000,3030.0000,2998.0000,2900.0000,2844.4000,3045.2000,3045.4000,3047.4000,3047.8000,3048.2000,5,1,1,20,2,1,1,1,1,1
SF,IH2009,2020-01-21 09:30:15.600,3041.2000,974,0,1825800.000,0,-,-,-,-,3042.6000,3034.8000,3032.6000,3032.4000,3030.0000,3045.0000,3045.2000,3047.4000,3047.8000,3048.2000,1,3,2,5,1,1,1,1,1,1
SF,IH2009,2020-01-21 09:30:16.100,3041.2000,974,0,1825800.000,0,-,-,-,-,3042.6000,3032.6000,3032.4000,3030.0000,2998.0000,3044.8000,3045.0000,3045.2000,3047.4000,3047.8000,1,2,5,1,1,1,1,1,1,1
SF,IH2009,2020-01-21 09:30:16.600,3041.2000,974,0,1825800.000,0,-,-,-,-,3042.6000,3038.6000,3036.4000,3035.8000,3032.6000,3044.8000,3048.2000,3048.6000,3055.2000,3062.0000,1,1,1,1,2,1,1,2,5,1
SF,IH2009,2020-01-21 09:30:17.100,3041.2000,974,0,1825800.000,0,-,-,-,-,3042.8000,3042.6000,3038.6000,3037.6000,3036.4000,3044.6000,3048.2000,3048.6000,3055.2000,3062.0000,1,1,1,1,1,1,1,2,5,1
SF,IH2009,2020-01-21 09:30:17.600,3041.2000,974,0,1825800.000,0,-,-,-,-,3042.8000,3042.6000,3038.6000,3037.6000,3036.4000,3048.2000,3048.6000,3055.2000,3062.0000,3063.0000,1,1,1,1,1,1,2,5,1,1
SF,IH2009,2020-01-21 09:30:18.100,3041.2000,974,0,1825800.000,0,-,-,-,-,3042.6000,3038.6000,3037.6000,3036.4000,3035.8000,3048.0000,3048.2000,3048.6000,3051.0000,3055.2000,1,1,1,1,1,2,1,1,6,5
SF,IH2009,2020-01-21 09:30:18.600,3041.2000,974,0,1825800.000,0,-,-,-,-,3042.8000,3042.6000,3038.6000,3037.6000,3036.4000,3048.0000,3051.0000,3055.2000,3062.0000,3063.0000,1,1,1,1,1,2,6,5,1,1
SF,IH2009,2020-01-21 09:30:19.600,3041.2000,974,0,1825800.000,0,-,-,-,-,3043.4000,3042.8000,3042.6000,3038.6000,3037.6000,3048.0000,3051.0000,3055.2000,3062.0000,3063.0000,1,1,1,1,1,2,6,5,1,1
SF,IH2009,2020-01-21 09:30:21.100,3041.2000,974,0,1825800.000,0,-,-,-,-,3043.6000,3043.4000,3043.2000,3042.8000,3042.6000,3048.0000,3051.0000,3055.2000,3062.0000,3063.0000,1,1,1,1,1,1,6,5,1,1
SF,IH2009,2020-01-21 09:30:22.100,3041.2000,974,0,1825800.000,0,-,-,-,-,3043.8000,3043.6000,3043.2000,3042.8000,3042.6000,3048.0000,3051.0000,3055.2000,3062.0000,3063.0000,1,1,1,1,1,1,6,5,1,1
SF,IH2009,2020-01-21 09:30:22.600,3041.2000,974,0,1825800.000,0,-,-,-,-,3044.0000,3043.8000,3043.2000,3042.6000,3038.6000,3048.0000,3051.0000,3055.2000,3062.0000,3063.0000,1,1,1,1,1,1,6,5,1,1
SF,IH2009,2020-01-21 09:30:23.100,3041.2000,974,0,1825800.000,0,-,-,-,-,3044.0000,3043.8000,3043.2000,3042.6000,3038.6000,3048.0000,3051.0000,3055.2000,3062.0000,3063.0000,1,1,1,1,1,1,6,5,1,1
SF,IH2009,2020-01-21 09:30:23.600,3041.2000,974,0,1825800.000,0,-,-,-,-,3043.2000,3042.6000,3038.6000,3037.6000,3032.6000,3047.8000,3048.0000,3051.0000,3055.2000,3062.0000,1,1,1,1,1,1,1,6,5,1
SF,IH2009,2020-01-21 09:30:24.100,3041.2000,974,0,1825800.000,0,-,-,-,-,3044.6000,3043.4000,3043.2000,3042.6000,3038.6000,3047.6000,3047.8000,3051.0000,3055.2000,3062.0000,1,1,1,1,1,1,1,6,5,1
SF,IH2009,2020-01-21 09:30:24.600,3041.2000,974,0,1825800.000,0,-,-,-,-,3043.4000,3043.2000,3038.6000,3037.6000,3032.6000,3047.4000,3047.6000,3047.8000,3051.0000,3055.2000,1,1,1,1,1,1,1,1,6,5
SF,IH2009,2020-01-21 09:30:25.100,3041.2000,974,0,1825800.000,0,-,-,-,-,3043.4000,3043.2000,3038.6000,3037.6000,3032.6000,3047.2000,3047.4000,3051.0000,3055.2000,3062.0000,1,1,1,1,1,1,1,6,5,1
SF,IH2009,2020-01-21 09:30:25.600,3041.2000,974,0,1825800.000,0,-,-,-,-,3043.6000,3043.4000,3043.2000,3038.6000,3037.6000,3047.2000,3051.0000,3055.2000,3062.0000,3063.0000,1,1,1,1,1,1,6,5,1,1
SF,IH2009,2020-01-21 09:30:26.100,3041.2000,974,0,1825800.000,0,-,-,-,-,3043.6000,3043.4000,3043.2000,3038.6000,3037.6000,3047.2000,3051.0000,3055.2000,3062.0000,3063.0000,2,1,1,1,1,1,6,5,1,1
SF,IH2009,2020-01-21 09:30:26.600,3041.2000,974,0,1825800.000,0,-,-,-,-,3043.8000,3043.6000,3043.4000,3043.2000,3038.6000,3047.2000,3051.0000,3055.2000,3062.0000,3063.0000,1,2,1,1,1,1,6,5,1,1
SF,IH2009,2020-01-21 09:30:27.100,3041.2000,974,0,1825800.000,0,-,-,-,-,3044.0000,3043.8000,3043.6000,3043.2000,3038.6000,3047.2000,3051.0000,3055.2000,3062.0000,3063.0000,1,1,1,1,1,1,6,5,1,1
SF,IH2009,2020-01-21 09:30:27.600,3041.2000,974,0,1825800.000,0,-,-,-,-,3044.0000,3043.8000,3043.6000,3043.2000,3038.6000,3047.2000,3051.0000,3055.2000,3062.0000,3063.0000,1,1,1,1,1,1,6,5,1,1
SF,IH2009,2020-01-21 09:30:28.100,3041.2000,974,0,1825800.000,0,-,-,-,-,3044.0000,3043.6000,3043.2000,3038.6000,3037.6000,3047.2000,3051.0000,3055.2000,3062.0000,3063.0000,1,1,1,1,1,1,6,5,1,1
SF,IH2009,2020-01-21 09:30:28.600,3041.2000,974,0,1825800.000,0,-,-,-,-,3044.0000,3043.2000,3038.6000,3037.6000,3032.6000,3047.0000,3047.2000,3051.0000,3055.2000,3062.0000,1,1,1,1,1,1,1,6,5,1
SF,IH2009,2020-01-21 09:30:29.100,3041.2000,974,0,1825800.000,0,-,-,-,-,3043.2000,3038.6000,3037.6000,3032.6000,3032.4000,3046.8000,3047.0000,3051.0000,3055.2000,3062.0000,1,1,1,1,5,1,1,6,5,1
SF,IH2009,2020-01-21 09:30:29.600,3041.2000,974,0,1825800.000,0,-,-,-,-,3043.2000,3038.6000,3037.6000,3032.6000,3032.4000,3046.8000,3047.0000,3051.0000,3055.2000,3062.0000,1,1,1,1,5,1,1,6,5,1
SF,IH2009,2020-01-21 09:30:30.100,3041.2000,974,0,1825800.000,0,-,-,-,-,3043.2000,3038.6000,3037.6000,3032.6000,3032.4000,3046.6000,3046.8000,3047.0000,3051.0000,3055.2000,1,1,1,1,5,1,1,1,6,5
SF,IH2009,2020-01-21 09:30:30.600,3041.2000,974,0,1825800.000,0,-,-,-,-,3044.0000,3043.2000,3038.6000,3037.6000,3032.6000,3046.4000,3046.6000,3047.0000,3051.0000,3055.2000,1,2,1,1,1,1,1,1,6,5
SF,IH2009,2020-01-21 09:30:31.600,3041.2000,974,0,1825800.000,0,-,-,-,-,3044.0000,3043.2000,3037.6000,3032.6000,3032.4000,3046.2000,3046.4000,3046.6000,3047.0000,3051.0000,1,2,1,1,5,1,1,1,1,6
SF,IH2009,2020-01-21 09:30:32.100,3041.2000,974,0,1825800.000,0,-,-,-,-,3044.0000,3043.2000,3037.6000,3032.6000,3032.4000,3046.0000,3046.2000,3046.6000,3047.0000,3051.0000,1,2,1,1,5,1,1,1,1,6
SF,IH2009,2020-01-21 09:30:32.600,3041.2000,974,0,1825800.000,0,-,-,-,-,3044.0000,3043.2000,3037.6000,3032.6000,3032.4000,3045.8000,3046.0000,3046.2000,3046.6000,3047.0000,1,2,1,1,5,1,1,1,1,1
SF,IH2009,2020-01-21 09:30:33.100,3041.2000,974,0,1825800.000,0,-,-,-,-,3044.0000,3043.2000,3037.6000,3032.6000,3032.4000,3045.0000,3045.6000,3045.8000,3046.2000,3046.6000,1,2,1,1,5,1,1,1,1,1
SF,IH2009,2020-01-21 09:30:33.600,3041.2000,974,0,1825800.000,0,-,-,-,-,3044.0000,3043.2000,3037.6000,3032.6000,3032.4000,3044.8000,3045.0000,3045.8000,3046.2000,3046.6000,1,2,1,1,5,1,1,1,1,1
SF,IH2009,2020-01-21 09:30:34.100,3044.8000,974,0,2739240.000,1,0,1,多换,S,3044.0000,3043.2000,3037.6000,3032.6000,3032.4000,3045.0000,3045.8000,3046.2000,3046.6000,3047.0000,1,1,1,1,5,1,1,1,1,1
SF,IH2009,2020-01-21 09:30:34.600,3044.8000,974,0,2739240.000,0,-,-,-,-,3044.0000,3043.2000,3037.6000,3032.6000,3032.4000,3045.0000,3045.8000,3046.2000,3046.6000,3047.0000,1,1,1,1,5,1,1,1,1,1
SF,IH2009,2020-01-21 09:30:35.100,3044.8000,974,0,2739240.000,0,-,-,-,-,3044.0000,3043.2000,3037.6000,3032.6000,3032.4000,3045.0000,3045.8000,3046.2000,3046.6000,3051.0000,1,1,1,1,5,1,1,1,1,6
SF,IH2009,2020-01-21 09:30:35.600,3044.8000,974,0,2739240.000,0,-,-,-,-,3044.0000,3043.2000,3041.2000,3037.6000,3032.6000,3044.8000,3045.0000,3045.8000,3046.2000,3051.0000,1,1,1,1,1,1,1,1,1,6
SF,IH2009,2020-01-21 09:30:37.600,3044.0000,973,-1,3652440.000,1,0,1,双平,S,3043.2000,3041.2000,3037.6000,3032.6000,3032.4000,3044.8000,3045.0000,3045.8000,3046.2000,3051.0000,1,1,1,1,5,1,1,1,1,6
SF,IH2009,2020-01-21 09:30:38.100,3044.0000,973,0,3652440.000,0,-,-,-,-,3043.2000,3041.2000,3037.6000,3032.6000,3032.4000,3044.6000,3044.8000,3045.0000,3045.8000,3046.2000,1,1,1,1,5,1,1,1,1,1
SF,IH2009,2020-01-21 09:30:42.100,3044.8000,972,-1,5479260.000,2,0,2,多平,S,3043.2000,3041.2000,3037.6000,3032.6000,3032.4000,3045.0000,3045.8000,3046.2000,3051.0000,3055.2000,1,1,1,1,5,1,1,1,6,5
SF,IH2009,2020-01-21 09:30:42.600,3044.8000,972,0,5479260.000,0,-,-,-,-,3043.4000,3043.2000,3041.2000,3037.6000,3032.6000,3045.0000,3045.8000,3051.0000,3055.2000,3062.0000,2,1,1,1,1,1,1,6,5,1
SF,IH2009,2020-01-21 09:30:43.100,3045.0000,972,0,6392760.000,1,0,1,多换,S,3045.0000,3043.4000,3043.2000,3041.2000,3037.6000,3051.0000,3055.2000,3062.0000,3063.0000,3100.6000,1,1,1,1,1,6,5,1,1,1
SF,IH2009,2020-01-21 09:30:43.600,3045.0000,972,0,6392760.000,0,-,-,-,-,3045.2000,3045.0000,3043.4000,3043.2000,3041.2000,3050.8000,3051.0000,3055.2000,3062.0000,3063.0000,2,1,1,2,1,2,6,5,1,1
SF,IH2009,2020-01-21 09:30:44.100,3045.0000,972,0,6392760.000,0,-,-,-,-,3045.4000,3045.2000,3043.2000,3041.2000,3037.6000,3050.8000,3051.0000,3055.2000,3062.0000,3063.0000,1,2,2,1,1,2,6,5,1,1
SF,IH2009,2020-01-21 09:30:44.600,3045.0000,972,0,6392760.000,0,-,-,-,-,3045.6000,3045.4000,3043.2000,3041.2000,3037.6000,3050.4000,3050.8000,3051.0000,3055.2000,3062.0000,1,1,2,1,1,1,2,6,5,1
SF,IH2009,2020-01-21 09:30:45.100,3045.0000,972,0,6392760.000,0,-,-,-,-,3045.6000,3043.2000,3041.2000,3037.6000,3032.6000,3050.0000,3050.2000,3050.4000,3050.8000,3051.0000,1,2,1,1,1,1,2,1,1,6
SF,IH2009,2020-01-21 09:30:45.600,3045.0000,972,0,6392760.000,0,-,-,-,-,3045.8000,3045.6000,3043.2000,3041.2000,3037.6000,3049.6000,3049.8000,3050.0000,3050.2000,3050.4000,1,1,2,1,1,1,2,1,1,1
SF,IH2009,2020-01-21 09:30:46.100,3045.0000,972,0,6392760.000,0,-,-,-,-,3046.0000,3045.8000,3043.2000,3041.2000,3037.6000,3049.4000,3049.6000,3049.8000,3050.0000,3050.2000,1,1,2,1,1,3,1,1,1,1
SF,IH2009,2020-01-21 09:30:46.600,3046.0000,972,0,7306560.000,1,0,1,多换,S,3046.2000,3043.2000,3041.2000,3037.6000,3032.6000,3049.4000,3049.6000,3049.8000,3050.0000,3050.2000,1,2,1,1,1,2,1,1,1,1
SF,IH2009,2020-01-21 09:30:47.100,3046.0000,972,0,7306560.000,0,-,-,-,-,3046.2000,3043.2000,3041.2000,3037.6000,3032.6000,3049.4000,3049.6000,3049.8000,3050.0000,3050.2000,1,2,1,1,1,2,1,1,1,1
SF,IH2009,2020-01-21 09:30:47.600,3046.0000,972,0,7306560.000,0,-,-,-,-,3046.2000,3043.2000,3041.2000,3037.6000,3032.6000,3049.0000,3049.4000,3049.6000,3049.8000,3050.0000,1,2,1,1,1,1,2,1,1,1
SF,IH2009,2020-01-21 09:30:48.100,3046.0000,972,0,7306560.000,0,-,-,-,-,3046.6000,3043.2000,3041.2000,3037.6000,3032.6000,3048.8000,3049.0000,3049.2000,3049.4000,3049.6000,1,2,1,1,1,2,1,1,1,1
SF,IH2009,2020-01-21 09:30:48.600,3046.0000,972,0,7306560.000,0,-,-,-,-,3046.6000,3043.2000,3041.2000,3032.6000,3032.4000,3048.6000,3048.8000,3049.4000,3049.6000,3049.8000,1,2,1,1,5,1,2,1,1,1
SF,IH2009,2020-01-21 09:30:49.100,3046.0000,972,0,7306560.000,0,-,-,-,-,3046.8000,3043.2000,3042.4000,3041.2000,3032.6000,3048.4000,3048.6000,3048.8000,3049.4000,3049.6000,1,2,1,1,1,1,1,1,1,1
SF,IH2009,2020-01-21 09:30:49.600,3046.0000,973,1,8220360.000,1,1,0,双开,S,3046.8000,3043.2000,3042.4000,3041.2000,3032.6000,3048.2000,3048.4000,3048.6000,3048.8000,3049.4000,1,2,1,1,1,1,1,1,1,1
SF,IH2009,2020-01-21 09:30:50.100,3046.6000,973,0,9134340.000,1,0,1,多换,S,3043.2000,3042.4000,3041.2000,3032.6000,3032.4000,3048.0000,3048.2000,3048.8000,3049.4000,3049.6000,2,1,1,1,5,1,1,1,1,1
SF,IH2009,2020-01-21 09:30:50.600,3046.6000,973,0,9134340.000,0,-,-,-,-,3043.4000,3043.2000,3042.4000,3041.2000,3032.6000,3048.0000,3048.2000,3048.8000,3049.4000,3049.6000,2,2,1,1,1,1,1,1,1,1
SF,IH2009,2020-01-21 09:30:51.100,3046.6000,973,0,9134340.000,0,-,-,-,-,3043.4000,3043.2000,3042.4000,3032.6000,3032.4000,3048.0000,3048.2000,3048.8000,3049.4000,3049.6000,2,2,1,1,5,1,1,1,1,1
SF,IH2009,2020-01-21 09:30:51.600,3046.6000,973,0,9134340.000,0,-,-,-,-,3043.4000,3043.2000,3042.4000,3032.6000,3032.4000,3047.6000,3048.0000,3048.2000,3048.8000,3049.4000,2,2,1,1,5,1,1,1,1,1
SF,IH2009,2020-01-21 09:30:52.100,3046.6000,973,0,9134340.000,0,-,-,-,-,3043.4000,3043.2000,3042.4000,3032.6000,3032.4000,3047.2000,3047.4000,3047.6000,3048.8000,3049.4000,2,2,1,1,5,1,1,1,1,1
SF,IH2009,2020-01-21 09:30:52.600,3046.6000,973,0,9134340.000,0,-,-,-,-,3043.8000,3043.4000,3043.2000,3042.4000,3032.6000,3047.0000,3047.2000,3047.6000,3048.8000,3049.4000,1,2,2,1,1,1,1,1,1,1
SF,IH2009,2020-01-21 09:30:53.100,3046.6000,973,0,9134340.000,0,-,-,-,-,3044.0000,3043.8000,3043.4000,3043.2000,3042.4000,3047.0000,3047.2000,3047.6000,3048.8000,3049.4000,2,1,1,2,1,1,1,1,1,1
SF,IH2009,2020-01-21 09:30:53.600,3046.6000,973,0,9134340.000,0,-,-,-,-,3044.0000,3043.8000,3043.2000,3042.4000,3032.6000,3047.0000,3047.2000,3047.6000,3048.8000,3049.4000,2,1,2,1,1,1,1,1,1,1
SF,IH2009,2020-01-21 09:30:54.100,3046.6000,973,0,9134340.000,0,-,-,-,-,3044.0000,3043.8000,3043.2000,3042.4000,3032.6000,3046.8000,3047.0000,3047.2000,3047.6000,3048.8000,1,1,2,1,1,1,1,1,1,1
SF,IH2009,2020-01-21 09:30:54.600,3046.6000,973,0,9134340.000,0,-,-,-,-,3044.0000,3043.8000,3043.2000,3042.4000,3032.6000,3046.6000,3046.8000,3047.2000,3047.6000,3048.8000,1,1,2,1,1,1,1,1,1,1
SF,IH2009,2020-01-21 09:30:55.100,3046.6000,973,0,9134340.000,0,-,-,-,-,3044.0000,3043.8000,3043.2000,3042.4000,3032.6000,3046.4000,3046.6000,3046.8000,3047.2000,3047.6000,1,1,2,1,1,1,1,1,1,1
SF,IH2009,2020-01-21 09:30:55.600,3046.6000,973,0,9134340.000,0,-,-,-,-,3044.0000,3043.8000,3043.2000,3042.4000,3032.6000,3046.2000,3046.4000,3046.8000,3047.2000,3047.6000,1,1,2,1,1,1,1,1,1,1
SF,IH2009,2020-01-21 09:30:56.100,3046.6000,973,0,9134340.000,0,-,-,-,-,3044.0000,3043.2000,3042.4000,3032.6000,3032.4000,3046.0000,3046.2000,3046.4000,3046.8000,3048.8000,1,2,1,1,5,1,1,1,1,1
SF,IH2009,2020-01-21 09:30:56.600,3046.6000,973,0,9134340.000,0,-,-,-,-,3044.0000,3043.2000,3042.4000,3032.6000,3032.4000,3045.8000,3046.0000,3046.4000,3046.8000,3048.8000,1,2,1,1,5,1,1,1,1,1
SF,IH2009,2020-01-21 09:30:57.100,3046.6000,973,0,9134340.000,0,-,-,-,-,3044.0000,3043.2000,3042.4000,3032.6000,3032.4000,3045.6000,3045.8000,3046.0000,3046.4000,3048.8000,1,2,1,1,5,1,1,1,1,1
SF,IH2009,2020-01-21 09:30:57.600,3045.6000,973,0,10048020.000,1,0,1,多换,S,3044.0000,3043.2000,3042.4000,3032.6000,3032.4000,3046.0000,3049.4000,3049.6000,3055.2000,3062.0000,1,2,1,1,5,1,1,1,5,1
SF,IH2009,2020-01-21 09:30:58.100,3045.6000,973,0,10048020.000,0,-,-,-,-,3044.0000,3043.2000,3042.4000,3032.6000,3032.4000,3049.4000,3049.6000,3055.2000,3062.0000,3063.0000,1,2,1,1,5,1,1,5,1,1
SF,IH2009,2020-01-21 09:30:58.600,3045.6000,973,0,10048020.000,0,-,-,-,-,3044.2000,3044.0000,3043.2000,3042.4000,3032.6000,3049.2000,3049.4000,3049.6000,3055.2000,3062.0000,2,1,2,1,1,1,1,1,5,1
SF,IH2009,2020-01-21 09:30:59.100,3045.6000,973,0,10048020.000,0,-,-,-,-,3044.4000,3044.2000,3043.2000,3042.4000,3032.6000,3049.2000,3049.4000,3049.6000,3055.2000,3062.0000,1,2,2,1,1,1,1,1,5,1
SF,IH2009,2020-01-21 09:30:59.600,3045.6000,973,0,10048020.000,0,-,-,-,-,3044.4000,3044.2000,3043.2000,3042.4000,3032.6000,3048.6000,3049.2000,3049.4000,3055.2000,3062.0000,1,2,2,1,1,1,1,1,5,1
SF,IH2009,2020-01-21 09:31:00.100,3045.6000,973,0,10048020.000,0,-,-,-,-,3044.6000,3044.4000,3044.2000,3043.2000,3042.4000,3048.4000,3048.6000,3049.4000,3055.2000,3062.0000,1,1,2,2,1,1,1,1,5,1
SF,IH2009,2020-01-21 09:31:00.600,3045.6000,973,0,10048020.000,0,-,-,-,-,3044.8000,3044.6000,3044.2000,3043.2000,3042.4000,3048.4000,3048.6000,3049.4000,3055.2000,3062.0000,1,1,1,2,1,1,1,1,5,1
SF,IH2009,2020-01-21 09:31:01.100,3045.6000,973,0,10048020.000,0,-,-,-,-,3044.8000,3044.2000,3043.2000,3042.4000,3032.6000,3048.4000,3049.4000,3055.2000,3062.0000,3063.0000,1,1,2,1,1,1,1,5,1,1
SF,IH2009,2020-01-21 09:31:01.600,3045.6000,973,0,10048020.000,0,-,-,-,-,3044.8000,3044.2000,3043.2000,3042.4000,3032.6000,3048.2000,3048.4000,3049.4000,3055.2000,3062.0000,1,1,2,1,1,2,1,1,5,1
SF,IH2009,2020-01-21 09:31:02.100,3045.6000,973,0,10048020.000,0,-,-,-,-,3044.2000,3043.2000,3042.4000,3032.6000,3032.4000,3048.0000,3048.2000,3049.4000,3055.2000,3062.0000,1,2,1,1,5,1,3,1,5,1
SF,IH2009,2020-01-21 09:31:02.600,3045.6000,973,0,10048020.000,0,-,-,-,-,3044.2000,3043.2000,3042.4000,3032.6000,3032.4000,3047.8000,3048.0000,3048.2000,3049.4000,3055.2000,1,2,1,1,5,1,1,2,1,5
SF,IH2009,2020-01-21 09:31:03.100,3045.6000,973,0,10048020.000,0,-,-,-,-,3044.2000,3043.2000,3042.4000,3032.6000,3032.4000,3047.6000,3047.8000,3048.2000,3049.4000,3055.2000,1,2,1,1,5,1,2,2,1,5
SF,IH2009,2020-01-21 09:31:03.600,3045.6000,973,0,10048020.000,0,-,-,-,-,3044.4000,3043.2000,3042.4000,3032.6000,3032.4000,3046.8000,3047.4000,3047.6000,3047.8000,3048.2000,1,2,1,1,5,1,1,1,1,1
SF,IH2009,2020-01-21 09:31:04.100,3045.6000,973,0,10048020.000,0,-,-,-,-,3043.2000,3042.4000,3032.6000,3032.4000,3030.0000,3046.6000,3046.8000,3047.4000,3047.8000,3048.2000,2,1,1,5,1,1,1,1,1,1
SF,IH2009,2020-01-21 09:31:04.600,3045.6000,973,0,10048020.000,0,-,-,-,-,3043.4000,3043.2000,3042.4000,3032.6000,3032.4000,3046.6000,3047.4000,3047.8000,3048.2000,3049.4000,1,2,1,1,5,1,1,1,1,1
SF,IH2009,2020-01-21 09:31:05.100,3045.6000,973,0,10048020.000,0,-,-,-,-,3043.6000,3043.4000,3043.2000,3042.4000,3032.6000,3046.2000,3046.6000,3047.4000,3047.8000,3048.2000,1,1,2,1,1,1,1,1,1,1
SF,IH2009,2020-01-21 09:31:05.600,3045.6000,973,0,10048020.000,0,-,-,-,-,3043.8000,3043.6000,3043.2000,3042.4000,3032.6000,3046.0000,3046.2000,3047.4000,3047.8000,3048.2000,1,1,2,1,1,1,1,1,1,1
SF,IH2009,2020-01-21 09:31:06.100,3043.8000,973,0,10961160.000,1,0,1,多换,S,3043.6000,3043.2000,3042.4000,3032.6000,3032.4000,3046.0000,3046.2000,3047.4000,3047.8000,3048.2000,1,2,1,1,5,1,1,1,1,1
SF,IH2009,2020-01-21 09:31:06.600,3043.8000,973,0,10961160.000,0,-,-,-,-,3043.2000,3042.4000,3032.6000,3032.4000,3030.0000,3046.0000,3047.2000,3047.4000,3047.8000,3048.2000,1,1,1,5,1,1,1,1,1,1
SF,IH2009,2020-01-21 09:31:07.100,3043.8000,973,0,10961160.000,0,-,-,-,-,3043.2000,3042.4000,3032.6000,3032.4000,3030.0000,3046.0000,3047.2000,3047.4000,3047.8000,3048.2000,1,1,1,5,1,1,1,1,1,1
SF,IH2009,2020-01-21 09:31:07.600,3043.8000,973,0,10961160.000,0,-,-,-,-,3043.2000,3042.4000,3032.6000,3032.4000,3030.0000,3046.0000,3047.2000,3047.4000,3047.8000,3048.2000,1,1,1,5,1,1,1,1,1,1
SF,IH2009,2020-01-21 09:31:08.100,3043.2000,974,1,11874120.000,1,1,0,双开,S,3042.4000,3032.6000,3032.4000,3030.0000,3029.8000,3046.0000,3047.2000,3047.4000,3047.8000,3048.2000,1,1,5,1,1,1,1,1,1,1
SF,IH2009,2020-01-21 09:31:09.600,3043.2000,974,0,11874120.000,0,-,-,-,-,3032.6000,3032.4000,3030.0000,3029.8000,2998.0000,3046.0000,3047.2000,3047.4000,3047.8000,3048.2000,1,5,1,1,1,1,1,1,1,1
SF,IH2009,2020-01-21 09:31:10.100,3043.2000,974,0,11874120.000,0,-,-,-,-,3034.6000,3032.8000,3032.6000,3032.4000,3030.0000,3046.0000,3047.2000,3047.4000,3047.8000,3048.2000,3,1,1,5,1,1,1,1,1,1
SF,IH2009,2020-01-21 09:31:10.600,3043.2000,974,0,11874120.000,0,-,-,-,-,3039.0000,3034.6000,3032.8000,3032.6000,3032.4000,3046.0000,3047.2000,3047.4000,3047.8000,3048.2000,1,3,1,1,5,1,1,1,1,1
SF,IH2009,2020-01-21 09:31:11.100,3043.2000,974,0,11874120.000,0,-,-,-,-,3039.0000,3038.0000,3034.6000,3032.6000,3032.4000,3046.0000,3047.2000,3047.4000,3047.8000,3048.2000,1,1,3,1,5,1,1,1,1,1
SF,IH2009,2020-01-21 09:31:11.600,3043.2000,974,0,11874120.000,0,-,-,-,-,3040.4000,3039.8000,3039.4000,3039.0000,3038.0000,3046.0000,3047.2000,3047.4000,3047.8000,3048.2000,1,1,1,1,1,1,1,1,1,1
SF,IH2009,2020-01-21 09:31:12.100,3043.2000,974,0,11874120.000,0,-,-,-,-,3040.4000,3039.8000,3039.4000,3039.0000,3038.0000,3046.0000,3047.2000,3047.4000,3047.8000,3048.2000,1,1,1,1,1,1,1,1,1,1
SF,IH2009,2020-01-21 09:31:12.600,3043.2000,974,0,11874120.000,0,-,-,-,-,3041.2000,3040.8000,3040.4000,3039.4000,3038.0000,3046.0000,3047.4000,3047.8000,3048.2000,3049.4000,2,1,1,1,1,1,1,1,1,1
SF,IH2009,2020-01-21 09:31:13.100,3043.2000,974,0,11874120.000,0,-,-,-,-,3041.2000,3040.8000,3040.4000,3039.4000,3036.6000,3046.0000,3047.4000,3047.8000,3048.2000,3049.4000,2,1,1,1,1,1,1,1,1,1
SF,IH2009,2020-01-21 09:31:13.600,3043.2000,974,0,11874120.000,0,-,-,-,-,3041.6000,3041.4000,3041.2000,3040.4000,3039.4000,3046.0000,3047.4000,3047.8000,3048.2000,3049.4000,1,2,2,1,1,1,1,1,1,1
SF,IH2009,2020-01-21 09:31:14.100,3043.2000,974,0,11874120.000,0,-,-,-,-,3042.0000,3041.6000,3041.4000,3041.2000,3039.4000,3046.0000,3047.4000,3047.8000,3048.2000,3049.4000,1,3,2,1,1,1,1,1,1,1
SF,IH2009,2020-01-21 09:31:14.600,3043.2000,974,0,11874120.000,0,-,-,-,-,3042.2000,3042.0000,3041.6000,3041.4000,3041.2000,3046.0000,3047.4000,3047.8000,3048.2000,3049.4000,1,1,3,2,1,1,1,1,1,1
SF,IH2009,2020-01-21 09:31:15.100,3043.2000,974,0,11874120.000,0,-,-,-,-,3042.2000,3042.0000,3041.6000,3041.4000,3041.2000,3046.0000,3047.4000,3047.8000,3048.2000,3049.4000,1,1,3,1,1,1,1,1,1,1
SF,IH2009,2020-01-21 09:31:15.600,3043.2000,974,0,11874120.000,0,-,-,-,-,3042.6000,3041.6000,3041.4000,3041.2000,3039.4000,3046.0000,3047.4000,3047.8000,3048.2000,3049.4000,1,3,1,1,1,1,1,1,1,1
SF,IH2009,2020-01-21 09:31:16.100,3043.2000,974,0,11874120.000,0,-,-,-,-,3042.6000,3041.6000,3041.4000,3041.2000,3039.4000,3046.0000,3047.4000,3047.8000,3048.2000,3049.4000,1,3,1,1,1,1,1,1,1,1
SF,IH2009,2020-01-21 09:31:17.100,3043.2000,974,0,11874120.000,0,-,-,-,-,3042.8000,3042.6000,3041.6000,3041.4000,3041.2000,3046.0000,3047.4000,3047.8000,3048.2000,3049.4000,1,1,3,1,1,1,1,1,1,1
SF,IH2009,2020-01-21 09:31:17.600,3043.2000,974,0,11874120.000,0,-,-,-,-,3042.8000,3041.6000,3041.4000,3041.2000,3039.4000,3046.0000,3047.4000,3047.8000,3048.2000,3049.4000,1,3,1,1,1,1,1,1,1,1
SF,IH2009,2020-01-21 09:31:18.100,3043.2000,974,0,11874120.000,0,-,-,-,-,3043.0000,3042.8000,3041.6000,3041.4000,3041.2000,3046.0000,3047.4000,3047.8000,3048.2000,3049.4000,1,1,3,1,1,1,1,1,1,1
SF,IH2009,2020-01-21 09:31:19.100,3043.2000,974,0,11874120.000,0,-,-,-,-,3042.8000,3041.6000,3041.4000,3041.2000,3039.4000,3046.0000,3047.4000,3047.8000,3048.2000,3049.4000,1,3,1,1,1,1,1,1,1,1
SF,IH2009,2020-01-21 09:31:19.600,3043.2000,974,0,11874120.000,0,-,-,-,-,3042.8000,3041.6000,3041.4000,3041.2000,3039.4000,3046.0000,3047.4000,3047.8000,3048.2000,3049.4000,1,2,1,1,1,1,1,1,1,1
SF,IH2009,2020-01-21 09:31:20.600,3043.2000,974,0,11874120.000,0,-,-,-,-,3042.8000,3042.0000,3041.6000,3041.4000,3041.2000,3046.0000,3047.4000,3047.8000,3048.2000,3049.4000,1,1,2,1,1,1,1,1,1,1
SF,IH2009,2020-01-21 09:31:21.100,3043.2000,974,0,11874120.000,0,-,-,-,-,3042.8000,3042.0000,3041.6000,3041.4000,3041.2000,3046.0000,3047.4000,3047.8000,3048.2000,3049.4000,1,1,2,1,1,1,1,1,1,1
SF,IH2009,2020-01-21 09:31:21.600,3043.2000,974,0,11874120.000,0,-,-,-,-,3042.8000,3042.0000,3041.6000,3041.4000,3041.2000,3046.0000,3047.4000,3047.8000,3048.2000,3049.4000,1,1,1,1,1,1,1,1,1,1
SF,IH2009,2020-01-21 09:31:22.100,3043.2000,974,0,11874120.000,0,-,-,-,-,3042.8000,3042.0000,3041.6000,3041.4000,3041.2000,3046.0000,3047.4000,3047.8000,3048.2000,3049.4000,1,1,1,1,1,1,1,1,1,1
SF,IH2009,2020-01-21 09:31:24.100,3042.8000,975,1,12786960.000,1,1,0,双开,S,3043.0000,3042.0000,3041.6000,3041.2000,3037.6000,3046.0000,3047.4000,3047.8000,3048.2000,3049.4000,1,1,1,1,1,1,1,1,1,1
SF,IH2009,2020-01-21 09:31:24.600,3043.0000,975,0,13699860.000,1,0,1,多换,S,3042.0000,3041.6000,3041.2000,3037.6000,3036.6000,3046.0000,3047.4000,3047.8000,3048.2000,3049.4000,1,1,1,1,1,1,1,1,1,1
SF,IH2009,2020-01-21 09:31:25.100,3043.0000,975,0,13699860.000,0,-,-,-,-,3042.2000,3042.0000,3041.2000,3038.2000,3037.6000,3045.8000,3046.0000,3047.4000,3047.8000,3048.2000,1,1,1,1,1,1,1,1,1,1
SF,IH2009,2020-01-21 09:31:25.600,3043.0000,975,0,13699860.000,0,-,-,-,-,3042.2000,3042.0000,3041.2000,3038.2000,3037.6000,3045.6000,3045.8000,3047.4000,3047.8000,3048.2000,1,1,1,1,1,1,1,1,1,1
SF,IH2009,2020-01-21 09:31:26.100,3043.0000,975,0,13699860.000,0,-,-,-,-,3042.0000,3041.2000,3038.2000,3037.6000,3032.6000,3045.6000,3045.8000,3047.4000,3047.8000,3048.2000,1,1,1,1,1,1,1,1,1,1
SF,IH2009,2020-01-21 09:31:26.600,3043.0000,975,0,13699860.000,0,-,-,-,-,3042.2000,3042.0000,3041.2000,3041.0000,3038.2000,3045.6000,3045.8000,3047.4000,3047.8000,3048.2000,2,1,1,1,1,1,1,1,1,1
SF,IH2009,2020-01-21 09:31:27.600,3043.0000,975,0,13699860.000,0,-,-,-,-,3042.2000,3042.0000,3041.2000,3041.0000,3038.2000,3045.6000,3047.4000,3047.8000,3048.2000,3049.4000,2,1,1,1,1,1,1,1,1,1
SF,IH2009,2020-01-21 09:31:28.100,3043.0000,975,0,13699860.000,0,-,-,-,-,3042.2000,3042.0000,3041.0000,3038.2000,3037.6000,3045.6000,3047.4000,3047.8000,3048.2000,3049.4000,1,1,1,1,1,1,1,1,1,1
SF,IH2009,2020-01-21 09:31:28.600,3043.0000,975,0,13699860.000,0,-,-,-,-,3042.2000,3042.0000,3041.0000,3038.2000,3037.6000,3045.2000,3045.6000,3047.4000,3047.8000,3048.2000,1,1,1,1,1,1,1,1,1,1
SF,IH2009,2020-01-21 09:31:29.100,3043.0000,975,0,13699860.000,0,-,-,-,-,3042.2000,3042.0000,3041.0000,3038.2000,3037.6000,3045.0000,3045.2000,3047.4000,3047.8000,3048.2000,1,1,1,1,1,1,1,1,1,1
SF,IH2009,2020-01-21 09:31:29.600,3043.0000,975,0,13699860.000,0,-,-,-,-,3042.0000,3041.0000,3038.2000,3037.6000,3032.6000,3045.0000,3045.2000,3047.4000,3047.8000,3048.2000,1,1,1,1,1,1,1,1,1,1
SF,IH2009,2020-01-21 09:31:30.100,3043.0000,975,0,13699860.000,0,-,-,-,-,3042.2000,3042.0000,3041.0000,3038.2000,3037.6000,3044.8000,3045.0000,3047.4000,3047.8000,3048.2000,1,1,1,1,1,1,1,1,1,1
SF,IH2009,2020-01-21 09:31:30.600,3043.0000,975,0,13699860.000,0,-,-,-,-,3042.0000,3041.0000,3038.2000,3037.6000,3032.6000,3044.6000,3044.8000,3047.4000,3047.8000,3048.2000,1,1,1,1,1,1,1,1,1,1
SF,IH2009,2020-01-21 09:31:31.100,3042.0000,976,1,14612460.000,1,1,0,双开,S,3041.0000,3038.2000,3037.6000,3032.6000,3030.0000,3044.6000,3044.8000,3047.4000,3047.8000,3048.2000,1,1,1,1,1,1,1,1,1,1
SF,IH2009,2020-01-21 09:31:31.600,3042.0000,976,0,14612460.000,0,-,-,-,-,3041.2000,3041.0000,3038.2000,3037.6000,3032.6000,3044.6000,3046.0000,3047.4000,3047.8000,3048.2000,1,1,1,1,1,1,1,1,1,1
SF,IH2009,2020-01-21 09:31:32.100,3042.0000,976,0,14612460.000,0,-,-,-,-,3042.0000,3041.2000,3041.0000,3038.2000,3037.6000,3044.4000,3044.6000,3046.0000,3047.4000,3047.8000,1,1,1,1,1,1,1,1,1,1
SF,IH2009,2020-01-21 09:31:32.600,3042.0000,976,0,14612460.000,0,-,-,-,-,3042.0000,3041.2000,3041.0000,3038.2000,3037.6000,3044.2000,3044.4000,3046.0000,3047.4000,3047.8000,1,1,1,1,1,1,1,1,1,1
SF,IH2009,2020-01-21 09:31:33.100,3042.0000,976,0,14612460.000,0,-,-,-,-,3042.0000,3041.2000,3041.0000,3038.2000,3037.6000,3044.2000,3044.4000,3046.0000,3047.4000,3047.8000,1,1,1,1,1,1,1,1,1,1
SF,IH2009,2020-01-21 09:31:33.600,3042.0000,976,0,14612460.000,0,-,-,-,-,3042.0000,3041.2000,3041.0000,3038.2000,3037.6000,3044.2000,3044.4000,3046.0000,3047.4000,3047.8000,1,1,1,1,1,1,1,1,1,1
SF,IH2009,2020-01-21 09:31:34.100,3042.0000,976,0,14612460.000,0,-,-,-,-,3043.2000,3042.0000,3041.2000,3041.0000,3038.2000,3044.0000,3044.2000,3046.6000,3047.4000,3047.8000,1,1,1,1,1,1,1,1,1,1
SF,IH2009,2020-01-21 09:31:34.600,3043.2000,976,0,15525420.000,1,0,1,多换,S,3042.0000,3041.0000,3038.2000,3037.6000,3037.0000,3044.0000,3046.6000,3047.4000,3047.8000,3048.2000,1,1,1,1,1,1,1,1,1,1
SF,IH2009,2020-01-21 09:31:35.100,3042.2000,977,1,16438080.000,1,1,0,双开,S,3042.0000,3041.0000,3038.2000,3037.6000,3037.0000,3043.8000,3044.0000,3046.6000,3047.4000,3047.8000,1,1,1,1,1,1,1,1,1,1
SF,IH2009,2020-01-21 09:31:35.600,3042.0000,977,0,17350680.000,1,0,1,多换,S,3041.0000,3038.2000,3037.6000,3037.0000,3032.6000,3043.6000,3043.8000,3046.6000,3047.4000,3047.8000,1,1,1,1,1,1,1,1,1,1
SF,IH2009,2020-01-21 09:31:36.100,3042.0000,977,0,17350680.000,0,-,-,-,-,3041.2000,3041.0000,3038.2000,3037.6000,3037.0000,3043.4000,3043.6000,3046.6000,3047.4000,3047.6000,1,1,1,1,1,2,1,1,1,5
SF,IH2009,2020-01-21 09:31:37.100,3042.0000,977,0,17350680.000,0,-,-,-,-,3041.2000,3041.0000,3038.2000,3037.6000,3037.0000,3043.4000,3046.6000,3047.4000,3047.6000,3047.8000,1,1,1,1,1,2,1,1,5,1
SF,IH2009,2020-01-21 09:31:37.600,3042.0000,977,0,17350680.000,0,-,-,-,-,3041.4000,3041.2000,3041.0000,3038.2000,3037.6000,3043.4000,3046.6000,3047.4000,3047.6000,3047.8000,1,1,1,1,1,1,1,1,5,1
SF,IH2009,2020-01-21 09:31:38.100,3042.0000,977,0,17350680.000,0,-,-,-,-,3041.6000,3041.4000,3041.0000,3038.2000,3037.6000,3043.4000,3046.6000,3047.4000,3047.6000,3047.8000,1,1,1,1,1,1,1,1,5,1
SF,IH2009,2020-01-21 09:31:38.600,3042.0000,977,0,17350680.000,0,-,-,-,-,3041.8000,3041.6000,3041.4000,3041.0000,3038.2000,3043.4000,3046.6000,3047.4000,3047.8000,3048.2000,1,1,1,1,1,1,1,1,1,1
SF,IH2009,2020-01-21 09:31:39.100,3042.0000,977,0,17350680.000,0,-,-,-,-,3042.0000,3041.8000,3041.4000,3041.0000,3038.2000,3046.6000,3047.4000,3047.8000,3048.2000,3049.4000,1,1,1,1,1,1,1,1,1,1
SF,IH2009,2020-01-21 09:31:39.600,3042.0000,977,0,17350680.000,0,-,-,-,-,3042.2000,3042.0000,3041.8000,3041.0000,3038.2000,3046.4000,3046.6000,3047.4000,3047.8000,3048.2000,1,1,1,1,1,1,1,1,1,1
SF,IH2009,2020-01-21 09:31:40.100,3042.0000,977,0,17350680.000,0,-,-,-,-,3042.4000,3042.2000,3041.0000,3038.2000,3037.6000,3046.2000,3046.4000,3046.6000,3047.4000,3047.8000,1,1,1,1,1,1,1,1,1,1
SF,IH2009,2020-01-21 09:31:40.600,3042.0000,977,0,17350680.000,0,-,-,-,-,3041.0000,3038.2000,3037.6000,3037.0000,3032.6000,3046.0000,3046.2000,3046.6000,3047.4000,3047.8000,1,1,1,1,1,2,1,1,1,1
SF,IH2009,2020-01-21 09:31:41.100,3042.0000,977,0,17350680.000,0,-,-,-,-,3041.2000,3041.0000,3037.6000,3037.0000,3032.6000,3045.8000,3046.0000,3046.2000,3046.6000,3047.4000,1,1,1,1,1,1,2,1,1,1
SF,IH2009,2020-01-21 09:31:41.600,3042.0000,977,0,17350680.000,0,-,-,-,-,3041.2000,3041.0000,3037.6000,3037.0000,3032.6000,3045.6000,3045.8000,3046.0000,3046.2000,3046.6000,1,1,1,1,1,1,1,1,1,1
SF,IH2009,2020-01-21 09:31:42.100,3042.0000,977,0,17350680.000,0,-,-,-,-,3041.4000,3041.2000,3041.0000,3037.6000,3037.0000,3045.4000,3045.6000,3045.8000,3046.0000,3046.2000,1,1,1,1,1,1,1,1,1,1
SF,IH2009,2020-01-21 09:31:42.600,3042.0000,977,0,17350680.000,0,-,-,-,-,3041.6000,3041.4000,3041.0000,3037.6000,3037.0000,3045.0000,3045.2000,3045.4000,3045.8000,3046.0000,1,1,1,1,1,1,2,1,1,1
SF,IH2009,2020-01-21 09:31:43.100,3042.0000,977,0,17350680.000,0,-,-,-,-,3042.0000,3041.6000,3041.4000,3041.0000,3037.6000,3044.8000,3045.0000,3045.2000,3045.4000,3045.8000,1,1,1,1,1,1,1,1,1,1
SF,IH2009,2020-01-21 09:31:43.600,3042.0000,977,0,17350680.000,0,-,-,-,-,3042.0000,3041.0000,3037.6000,3037.0000,3032.6000,3044.6000,3044.8000,3045.0000,3045.2000,3045.4000,1,1,1,1,1,1,1,1,1,1
SF,IH2009,2020-01-21 09:31:44.100,3042.0000,977,0,17350680.000,0,-,-,-,-,3042.0000,3041.0000,3037.6000,3037.0000,3032.6000,3044.4000,3044.6000,3045.0000,3045.2000,3045.4000,1,1,1,1,1,1,1,1,1,1
SF,IH2009,2020-01-21 09:31:44.600,3042.0000,977,0,17350680.000,0,-,-,-,-,3042.2000,3042.0000,3041.0000,3037.6000,3037.0000,3044.4000,3044.6000,3045.8000,3046.2000,3046.6000,2,1,1,1,1,2,1,1,1,1
SF,IH2009,2020-01-21 09:31:45.100,3042.0000,977,0,17350680.000,0,-,-,-,-,3042.2000,3042.0000,3041.0000,3037.6000,3037.0000,3044.4000,3045.8000,3046.2000,3046.6000,3047.4000,2,1,1,1,1,2,1,1,1,1
SF,IH2009,2020-01-21 09:31:45.600,3042.0000,977,0,17350680.000,0,-,-,-,-,3042.2000,3042.0000,3041.0000,3037.6000,3037.0000,3044.2000,3044.4000,3045.8000,3046.2000,3046.6000,1,1,1,1,1,1,2,1,1,1
SF,IH2009,2020-01-21 09:31:46.100,3042.0000,977,0,17350680.000,0,-,-,-,-,3042.0000,3041.0000,3037.6000,3037.0000,3032.6000,3044.0000,3044.2000,3044.4000,3045.8000,3046.2000,1,1,1,1,1,1,1,1,1,1
SF,IH2009,2020-01-21 09:31:46.600,3042.0000,977,0,17350680.000,0,-,-,-,-,3042.0000,3041.0000,3037.6000,3037.0000,3032.6000,3044.0000,3044.2000,3045.8000,3046.2000,3046.6000,1,1,1,1,1,2,1,1,1,1
SF,IH2009,2020-01-21 09:31:47.100,3042.0000,977,0,17350680.000,0,-,-,-,-,3042.2000,3042.0000,3041.0000,3037.6000,3037.0000,3044.0000,3045.8000,3046.2000,3046.6000,3047.4000,1,1,1,1,1,2,1,1,1,1
SF,IH2009,2020-01-21 09:31:48.100,3042.0000,977,0,17350680.000,0,-,-,-,-,3042.2000,3042.0000,3041.0000,3037.6000,3037.0000,3043.8000,3044.0000,3045.8000,3046.2000,3046.6000,1,1,1,1,1,1,1,1,1,1
SF,IH2009,2020-01-21 09:31:48.600,3042.0000,977,0,17350680.000,0,-,-,-,-,3042.2000,3042.0000,3041.0000,3037.6000,3037.0000,3043.6000,3043.8000,3045.8000,3046.2000,3046.6000,1,1,1,1,1,1,1,1,1,1
SF,IH2009,2020-01-21 09:31:49.100,3042.0000,977,0,17350680.000,0,-,-,-,-,3042.4000,3042.2000,3042.0000,3041.0000,3037.6000,3045.8000,3046.2000,3046.6000,3047.4000,3051.4000,1,1,1,1,1,1,1,1,1,5
SF,IH2009,2020-01-21 09:31:49.600,3042.0000,977,0,17350680.000,0,-,-,-,-,3042.6000,3042.4000,3042.2000,3042.0000,3041.0000,3045.6000,3046.6000,3047.4000,3051.4000,3062.0000,1,1,1,1,1,1,1,1,5,1
SF,IH2009,2020-01-21 09:31:50.100,3042.0000,977,0,17350680.000,0,-,-,-,-,3042.8000,3042.6000,3042.0000,3041.0000,3037.6000,3045.6000,3046.6000,3047.4000,3051.4000,3062.0000,1,1,1,1,1,1,1,1,5,1
SF,IH2009,2020-01-21 09:31:50.600,3042.0000,977,0,17350680.000,0,-,-,-,-,3043.0000,3042.8000,3042.6000,3042.0000,3041.0000,3045.6000,3046.6000,3047.4000,3051.4000,3062.0000,2,1,1,1,1,1,1,1,5,1
SF,IH2009,2020-01-21 09:31:51.100,3042.0000,977,0,17350680.000,0,-,-,-,-,3043.2000,3043.0000,3042.6000,3042.0000,3041.0000,3045.6000,3046.6000,3047.4000,3051.4000,3062.0000,1,1,1,1,1,1,1,1,5,1
SF,IH2009,2020-01-21 09:31:51.600,3042.0000,977,0,17350680.000,0,-,-,-,-,3042.6000,3042.0000,3041.0000,3037.6000,3037.0000,3045.4000,3045.6000,3046.6000,3047.4000,3051.4000,1,1,1,1,1,1,1,1,1,5
SF,IH2009,2020-01-21 09:31:52.100,3042.0000,977,0,17350680.000,0,-,-,-,-,3042.8000,3042.0000,3041.0000,3037.6000,3037.0000,3045.2000,3045.4000,3046.6000,3047.4000,3051.4000,1,1,1,1,1,1,1,1,1,5
SF,IH2009,2020-01-21 09:31:52.600,3042.0000,977,0,17350680.000,0,-,-,-,-,3042.0000,3041.0000,3037.6000,3037.0000,3032.6000,3045.0000,3045.2000,3045.4000,3046.6000,3047.4000,1,1,1,1,1,1,2,1,1,1
SF,IH2009,2020-01-21 09:31:53.100,3042.0000,977,0,17350680.000,0,-,-,-,-,3042.2000,3042.0000,3041.0000,3037.6000,3037.0000,3044.8000,3045.0000,3046.6000,3047.4000,3051.4000,1,1,1,1,1,1,1,1,1,5
SF,IH2009,2020-01-21 09:31:53.600,3042.0000,977,0,17350680.000,0,-,-,-,-,3042.2000,3042.0000,3041.0000,3037.6000,3037.0000,3044.8000,3045.0000,3046.6000,3047.4000,3051.4000,1,1,1,1,1,1,1,1,1,5
SF,IH2009,2020-01-21 09:31:54.100,3042.0000,977,0,17350680.000,0,-,-,-,-,3042.4000,3042.2000,3042.0000,3041.0000,3037.6000,3044.6000,3044.8000,3046.6000,3047.4000,3051.4000,1,1,1,1,1,1,1,1,1,5
SF,IH2009,2020-01-21 09:31:54.600,3042.0000,977,0,17350680.000,0,-,-,-,-,3042.4000,3042.2000,3042.0000,3041.0000,3037.6000,3044.4000,3044.6000,3046.6000,3047.4000,3051.4000,1,1,1,1,1,1,1,1,1,5
SF,IH2009,2020-01-21 09:31:55.100,3042.0000,977,0,17350680.000,0,-,-,-,-,3042.6000,3042.0000,3041.0000,3037.6000,3037.0000,3044.2000,3044.4000,3044.6000,3046.6000,3047.4000,1,1,1,1,1,1,1,1,1,1
SF,IH2009,2020-01-21 09:31:55.600,3042.0000,977,0,17350680.000,0,-,-,-,-,3042.0000,3041.0000,3037.6000,3037.0000,3032.6000,3044.0000,3044.2000,3046.6000,3047.4000,3051.4000,1,1,1,1,1,1,1,1,1,5
SF,IH2009,2020-01-21 09:31:56.100,3042.0000,977,0,17350680.000,0,-,-,-,-,3042.2000,3042.0000,3041.0000,3037.6000,3037.0000,3044.0000,3046.6000,3047.4000,3051.4000,3053.6000,2,1,1,1,1,1,1,1,5,3
SF,IH2009,2020-01-21 09:31:56.600,3042.0000,977,0,17350680.000,0,-,-,-,-,3042.2000,3042.0000,3041.0000,3037.6000,3037.0000,3044.0000,3046.6000,3047.4000,3051.4000,3053.6000,2,1,1,1,1,1,1,1,5,3
SF,IH2009,2020-01-21 09:31:57.100,3042.0000,977,0,17350680.000,0,-,-,-,-,3042.2000,3042.0000,3041.0000,3037.6000,3037.0000,3043.8000,3044.0000,3046.6000,3047.4000,3051.4000,1,1,1,1,1,1,1,1,1,5
SF,IH2009,2020-01-21 09:31:57.600,3042.0000,977,0,17350680.000,0,-,-,-,-,3042.2000,3042.0000,3041.0000,3037.6000,3037.0000,3043.6000,3043.8000,3046.6000,3047.4000,3051.4000,1,1,1,1,1,1,1,1,1,5
SF,IH2009,2020-01-21 09:31:58.100,3043.6000,976,-1,18263760.000,1,0,1,双平,S,3042.4000,3042.0000,3041.0000,3037.6000,3037.0000,3046.6000,3047.4000,3051.4000,3053.6000,3062.0000,1,1,1,1,1,1,1,5,3,1
SF,IH2009,2020-01-21 09:31:58.600,3043.6000,976,0,18263760.000,0,-,-,-,-,3042.6000,3042.4000,3042.0000,3041.0000,3037.6000,3046.4000,3046.6000,3047.4000,3051.4000,3053.6000,1,1,1,1,1,2,1,1,5,3
SF,IH2009,2020-01-21 09:31:59.100,3043.6000,976,0,18263760.000,0,-,-,-,-,3042.6000,3042.0000,3041.0000,3037.6000,3037.0000,3046.2000,3046.4000,3046.6000,3047.4000,3051.4000,1,1,1,1,1,1,2,1,1,5
SF,IH2009,2020-01-21 09:31:59.600,3043.6000,976,0,18263760.000,0,-,-,-,-,3042.6000,3042.0000,3041.0000,3037.6000,3037.0000,3046.0000,3046.2000,3046.4000,3046.6000,3047.4000,1,1,1,1,1,2,1,1,1,1
SF,IH2009,2020-01-21 09:32:00.100,3043.6000,976,0,18263760.000,0,-,-,-,-,3042.6000,3042.0000,3041.0000,3037.6000,3037.0000,3045.8000,3046.0000,3046.2000,3046.4000,3046.6000,1,1,1,1,1,1,2,1,1,1
SF,IH2009,2020-01-21 09:32:00.600,3043.6000,976,0,18263760.000,0,-,-,-,-,3042.6000,3042.0000,3041.0000,3037.6000,3037.0000,3045.6000,3045.8000,3046.0000,3046.2000,3046.4000,1,1,1,1,1,1,1,1,1,1
SF,IH2009,2020-01-21 09:32:01.100,3043.6000,976,0,18263760.000,0,-,-,-,-,3042.6000,3042.0000,3041.0000,3037.6000,3037.0000,3045.4000,3045.6000,3045.8000,3046.2000,3046.4000,1,1,1,1,1,1,1,1,1,1
SF,IH2009,2020-01-21 09:32:01.600,3043.6000,976,0,18263760.000,0,-,-,-,-,3042.0000,3041.0000,3037.6000,3037.0000,3032.6000,3045.0000,3045.2000,3045.4000,3045.8000,3046.2000,1,1,1,1,1,1,2,2,1,1
SF,IH2009,2020-01-21 09:32:02.100,3043.6000,976,0,18263760.000,0,-,-,-,-,3042.0000,3041.0000,3037.6000,3037.0000,3032.6000,3044.8000,3045.0000,3045.2000,3045.4000,3045.8000,1,1,1,1,1,3,1,1,2,1
SF,IH2009,2020-01-21 09:32:02.600,3043.6000,976,0,18263760.000,0,-,-,-,-,3042.0000,3041.0000,3037.6000,3037.0000,3032.6000,3044.4000,3044.8000,3045.2000,3045.4000,3045.8000,1,1,1,1,1,1,3,1,1,1
SF,IH2009,2020-01-21 09:32:03.100,3043.6000,976,0,18263760.000,0,-,-,-,-,3042.0000,3041.0000,3037.6000,3037.0000,3032.6000,3044.0000,3044.2000,3044.8000,3045.2000,3045.4000,1,1,1,1,1,1,2,2,1,1
SF,IH2009,2020-01-21 09:32:03.600,3043.6000,976,0,18263760.000,0,-,-,-,-,3042.2000,3042.0000,3041.0000,3037.6000,3037.0000,3043.8000,3044.8000,3045.2000,3045.4000,3046.4000,1,1,1,1,1,2,2,1,1,1
SF,IH2009,2020-01-21 09:32:04.100,3042.2000,977,1,19176420.000,1,1,0,双开,S,3042.0000,3041.0000,3037.6000,3037.0000,3032.6000,3043.6000,3043.8000,3044.8000,3045.2000,3046.4000,1,1,1,1,1,1,1,2,1,1
SF,IH2009,2020-01-21 09:32:04.600,3042.2000,977,0,19176420.000,0,-,-,-,-,3042.0000,3041.0000,3037.6000,3037.0000,3032.6000,3043.4000,3043.6000,3044.8000,3045.2000,3046.4000,1,1,1,1,1,1,1,1,1,1
SF,IH2009,2020-01-21 09:32:05.100,3042.2000,977,0,19176420.000,0,-,-,-,-,3042.2000,3042.0000,3041.0000,3037.6000,3037.0000,3043.6000,3044.8000,3045.2000,3046.4000,3046.6000,1,1,1,1,1,1,1,1,1,1
SF,IH2009,2020-01-21 09:32:06.100,3042.2000,977,0,20089080.000,1,0,1,多换,S,3042.0000,3041.0000,3037.0000,3032.6000,3030.0000,3043.6000,3044.8000,3045.2000,3046.4000,3046.6000,1,1,1,1,1,1,1,1,1,1
SF,IH2009,2020-01-21 09:32:06.600,3042.2000,977,0,20089080.000,0,-,-,-,-,3042.0000,3041.0000,3037.0000,3032.6000,3030.0000,3043.4000,3043.6000,3044.8000,3045.2000,3046.4000,1,1,1,1,1,1,1,1,1,1
SF,IH2009,2020-01-21 09:32:07.100,3042.2000,977,0,20089080.000,0,-,-,-,-,3042.0000,3041.0000,3037.0000,3032.6000,3030.0000,3043.4000,3043.6000,3044.8000,3045.2000,3046.4000,1,1,1,1,1,1,1,1,1,1
SF,IH2009,2020-01-21 09:32:07.600,3042.2000,977,0,20089080.000,0,-,-,-,-,3042.0000,3041.0000,3037.0000,3032.6000,3030.0000,3043.4000,3046.4000,3046.6000,3047.4000,3051.4000,1,1,1,1,1,1,1,1,1,5
SF,IH2009,2020-01-21 09:32:09.600,3042.2000,977,0,20089080.000,0,-,-,-,-,3042.0000,3037.0000,3032.6000,3030.0000,3029.8000,3043.4000,3046.4000,3046.6000,3047.4000,3051.4000,1,1,1,1,1,1,1,1,1,5
SF,IH2009,2020-01-21 09:32:10.600,3042.2000,977,0,20089080.000,0,-,-,-,-,3042.0000,3037.0000,3032.6000,3030.0000,3029.8000,3043.2000,3043.4000,3046.4000,3046.6000,3047.4000,1,1,1,1,1,1,1,1,1,1
SF,IH2009,2020-01-21 09:32:11.100,3042.2000,977,0,20089080.000,0,-,-,-,-,3042.2000,3042.0000,3037.0000,3032.6000,3030.0000,3043.0000,3043.2000,3046.4000,3046.6000,3047.4000,1,1,1,1,1,1,1,1,1,1
SF,IH2009,2020-01-21 09:32:11.600,3042.2000,977,0,20089080.000,0,-,-,-,-,3042.0000,3037.0000,3032.6000,3030.0000,3029.8000,3043.0000,3043.2000,3046.4000,3046.6000,3047.4000,1,1,1,1,1,1,1,1,1,1
SF,IH2009,2020-01-21 09:32:12.100,3042.2000,977,0,20089080.000,0,-,-,-,-,3042.0000,3037.0000,3032.6000,3030.0000,3029.8000,3043.0000,3043.2000,3046.4000,3046.6000,3047.4000,1,1,1,1,1,1,1,1,1,1
SF,IH2009,2020-01-21 09:32:12.600,3042.0000,976,-1,21001680.000,1,0,1,双平,S,3037.0000,3032.6000,3030.0000,3029.8000,3028.6000,3043.2000,3046.4000,3046.6000,3047.4000,3051.4000,1,1,1,1,5,1,1,1,1,5
SF,IH2009,2020-01-21 09:32:13.100,3042.0000,976,0,21001680.000,0,-,-,-,-,3037.2000,3037.0000,3032.6000,3030.0000,3029.8000,3043.0000,3046.4000,3046.6000,3047.4000,3051.4000,2,1,1,1,1,1,1,1,1,5
SF,IH2009,2020-01-21 09:32:13.600,3042.0000,976,0,21001680.000,0,-,-,-,-,3038.4000,3037.2000,3037.0000,3032.6000,3030.0000,3043.0000,3046.4000,3046.6000,3047.4000,3051.4000,1,2,1,1,1,1,1,1,1,5
SF,IH2009,2020-01-21 09:32:14.100,3042.0000,976,0,21001680.000,0,-,-,-,-,3038.6000,3038.4000,3037.2000,3037.0000,3032.6000,3043.0000,3046.4000,3046.6000,3047.4000,3051.4000,2,1,1,1,1,1,1,1,1,5
SF,IH2009,2020-01-21 09:32:14.600,3042.0000,976,0,21001680.000,0,-,-,-,-,3039.2000,3038.6000,3037.2000,3037.0000,3032.6000,3043.0000,3046.4000,3046.6000,3047.4000,3051.4000,1,2,1,1,1,1,1,1,1,5
SF,IH2009,2020-01-21 09:32:15.100,3042.0000,976,0,21001680.000,0,-,-,-,-,3039.4000,3039.2000,3038.6000,3037.0000,3032.6000,3043.0000,3046.4000,3046.6000,3047.4000,3051.4000,2,2,1,1,1,1,1,1,1,5
SF,IH2009,2020-01-21 09:32:15.600,3042.0000,976,0,21001680.000,0,-,-,-,-,3040.0000,3039.4000,3039.2000,3038.6000,3037.0000,3043.0000,3046.4000,3046.6000,3047.4000,3051.4000,1,2,1,1,1,1,1,1,1,5
SF,IH2009,2020-01-21 09:32:16.100,3042.0000,976,0,21001680.000,0,-,-,-,-,3040.2000,3040.0000,3039.8000,3039.4000,3037.0000,3043.0000,3046.4000,3046.6000,3047.4000,3051.4000,2,1,1,1,1,1,1,1,1,5
SF,IH2009,2020-01-21 09:32:16.600,3042.0000,976,0,21001680.000,0,-,-,-,-,3040.6000,3040.4000,3040.2000,3040.0000,3039.4000,3043.0000,3046.4000,3046.6000,3047.4000,3051.4000,1,1,2,1,1,1,1,1,1,5
SF,IH2009,2020-01-21 09:32:17.100,3042.0000,976,0,21001680.000,0,-,-,-,-,3041.0000,3040.8000,3040.4000,3040.2000,3037.0000,3046.4000,3046.6000,3047.4000,3051.4000,3053.6000,1,2,2,1,1,1,1,1,5,3
SF,IH2009,2020-01-21 09:32:17.600,3042.0000,976,0,21001680.000,0,-,-,-,-,3041.2000,3040.8000,3040.4000,3040.2000,3037.0000,3046.2000,3046.4000,3046.6000,3047.4000,3051.4000,1,1,2,1,1,1,1,1,1,5
SF,IH2009,2020-01-21 09:32:18.100,3042.0000,976,0,21001680.000,0,-,-,-,-,3041.2000,3040.8000,3040.4000,3040.2000,3037.0000,3046.0000,3046.2000,3046.4000,3046.6000,3047.4000,1,1,1,1,1,2,1,1,1,1
SF,IH2009,2020-01-21 09:32:18.600,3042.0000,976,0,21001680.000,0,-,-,-,-,3041.2000,3040.8000,3040.4000,3040.2000,3037.0000,3045.8000,3046.0000,3046.4000,3046.6000,3047.4000,1,1,1,1,1,1,2,1,1,1
SF,IH2009,2020-01-21 09:32:19.100,3042.0000,976,0,21001680.000,0,-,-,-,-,3041.2000,3040.8000,3040.4000,3040.2000,3037.0000,3045.6000,3045.8000,3046.0000,3046.4000,3046.6000,1,1,1,1,1,2,1,1,1,1
SF,IH2009,2020-01-21 09:32:19.600,3042.0000,976,0,21001680.000,0,-,-,-,-,3041.2000,3040.8000,3040.4000,3040.2000,3037.0000,3045.4000,3045.6000,3046.0000,3046.4000,3046.6000,1,1,1,1,1,1,3,1,1,1
SF,IH2009,2020-01-21 09:32:20.100,3042.0000,976,0,21001680.000,0,-,-,-,-,3041.2000,3040.8000,3040.4000,3040.2000,3037.0000,3045.2000,3045.4000,3045.6000,3046.0000,3046.4000,1,1,1,1,1,1,1,1,1,1
SF,IH2009,2020-01-21 09:32:20.600,3042.0000,976,0,21001680.000,0,-,-,-,-,3041.2000,3040.8000,3040.4000,3040.2000,3037.0000,3044.8000,3045.0000,3045.2000,3045.6000,3046.0000,1,1,1,1,1,1,2,2,1,1
SF,IH2009,2020-01-21 09:32:21.100,3042.0000,976,0,21001680.000,0,-,-,-,-,3041.2000,3040.8000,3040.4000,3040.2000,3037.0000,3044.6000,3044.8000,3045.0000,3045.2000,3045.6000,1,1,1,1,1,1,1,1,2,1
SF,IH2009,2020-01-21 09:32:21.600,3042.0000,976,0,21001680.000,0,-,-,-,-,3041.2000,3040.8000,3040.4000,3040.2000,3037.0000,3044.6000,3044.8000,3045.2000,3045.6000,3046.0000,1,1,1,1,1,1,1,2,1,1
SF,IH2009,2020-01-21 09:32:22.100,3042.0000,976,0,21001680.000,0,-,-,-,-,3041.2000,3040.8000,3040.4000,3040.2000,3037.0000,3044.0000,3044.6000,3045.2000,3045.6000,3046.0000,1,1,1,1,1,1,1,1,1,1
SF,IH2009,2020-01-21 09:32:22.600,3042.0000,976,0,21001680.000,0,-,-,-,-,3041.6000,3041.2000,3040.8000,3040.4000,3040.2000,3043.8000,3044.0000,3045.2000,3045.6000,3046.0000,1,1,1,1,1,1,1,1,1,1
SF,IH2009,2020-01-21 09:32:23.100,3042.0000,976,0,21001680.000,0,-,-,-,-,3041.6000,3041.2000,3040.8000,3040.4000,3040.2000,3043.8000,3044.0000,3045.2000,3045.6000,3046.0000,1,1,1,1,1,1,1,1,1,1
SF,IH2009,2020-01-21 09:32:23.600,3042.0000,976,0,21001680.000,0,-,-,-,-,3041.8000,3041.6000,3040.8000,3040.4000,3040.2000,3043.8000,3044.0000,3045.2000,3045.6000,3046.0000,1,1,1,1,1,1,1,1,1,1
SF,IH2009,2020-01-21 09:32:24.100,3042.0000,976,0,21001680.000,0,-,-,-,-,3041.8000,3040.8000,3040.4000,3040.2000,3037.0000,3043.8000,3044.0000,3045.2000,3045.6000,3046.0000,1,1,1,1,1,1,1,1,1,1
SF,IH2009,2020-01-21 09:32:24.600,3042.0000,976,0,21001680.000,0,-,-,-,-,3041.8000,3040.8000,3040.4000,3040.2000,3037.0000,3043.6000,3043.8000,3045.2000,3045.6000,3046.0000,1,1,1,1,1,2,1,1,1,1
SF,IH2009,2020-01-21 09:32:25.100,3042.0000,976,0,21001680.000,0,-,-,-,-,3041.8000,3040.8000,3040.4000,3040.2000,3037.0000,3043.4000,3043.6000,3045.2000,3045.6000,3046.0000,1,1,1,1,1,1,2,1,1,1
SF,IH2009,2020-01-21 09:32:25.600,3042.0000,976,0,21001680.000,0,-,-,-,-,3042.0000,3041.8000,3040.8000,3040.4000,3040.2000,3043.2000,3043.4000,3043.6000,3045.2000,3045.6000,2,1,1,1,1,1,1,1,1,1
SF,IH2009,2020-01-21 09:32:26.100,3042.0000,976,0,21001680.000,0,-,-,-,-,3042.2000,3042.0000,3040.8000,3040.4000,3040.2000,3043.2000,3043.6000,3045.6000,3046.0000,3046.4000,2,1,1,1,1,1,1,1,1,1
SF,IH2009,2020-01-21 09:32:26.600,3042.0000,976,0,21001680.000,0,-,-,-,-,3042.2000,3042.0000,3040.8000,3040.4000,3040.2000,3045.6000,3046.0000,3046.4000,3046.6000,3047.4000,2,1,1,1,1,1,1,1,1,1
SF,IH2009,2020-01-21 09:32:27.100,3042.0000,976,0,21001680.000,0,-,-,-,-,3042.2000,3042.0000,3040.8000,3040.4000,3040.2000,3045.4000,3045.6000,3046.0000,3046.4000,3046.6000,1,1,1,1,1,2,1,1,1,1
SF,IH2009,2020-01-21 09:32:27.600,3042.0000,976,0,21001680.000,0,-,-,-,-,3042.2000,3042.0000,3040.8000,3040.4000,3040.2000,3045.4000,3045.6000,3046.0000,3046.4000,3046.6000,1,1,1,1,1,2,1,1,1,1
SF,IH2009,2020-01-21 09:32:28.600,3042.0000,976,0,21001680.000,0,-,-,-,-,3042.2000,3042.0000,3040.8000,3040.4000,3040.2000,3045.4000,3045.6000,3046.0000,3046.4000,3046.6000,1,1,1,1,1,1,1,1,1,1
SF,IH2009,2020-01-21 09:32:29.100,3042.0000,976,0,21001680.000,0,-,-,-,-,3042.2000,3042.0000,3040.8000,3040.4000,3040.2000,3045.0000,3045.4000,3045.6000,3046.0000,3046.4000,1,1,1,1,1,1,1,1,1,1
SF,IH2009,2020-01-21 09:32:29.600,3042.0000,976,0,21001680.000,0,-,-,-,-,3042.2000,3042.0000,3040.8000,3040.4000,3040.2000,3044.8000,3045.0000,3045.6000,3046.0000,3046.4000,1,1,1,1,1,1,1,1,1,1
SF,IH2009,2020-01-21 09:32:31.100,3042.0000,976,0,21001680.000,0,-,-,-,-,3042.2000,3042.0000,3040.8000,3040.4000,3040.2000,3044.2000,3044.8000,3045.6000,3046.0000,3046.4000,1,1,1,1,1,1,1,1,1,1
SF,IH2009,2020-01-21 09:32:31.600,3042.0000,976,0,21001680.000,0,-,-,-,-,3042.4000,3042.2000,3040.8000,3040.4000,3040.2000,3044.0000,3044.2000,3045.6000,3046.0000,3046.4000,1,1,1,1,1,1,1,1,1,1
SF,IH2009,2020-01-21 09:32:32.100,3042.0000,976,0,21001680.000,0,-,-,-,-,3042.2000,3040.8000,3040.4000,3040.2000,3037.0000,3043.8000,3044.0000,3044.2000,3045.6000,3046.0000,1,1,1,1,1,1,1,1,1,1
SF,IH2009,2020-01-21 09:32:32.600,3042.0000,976,0,21001680.000,0,-,-,-,-,3042.4000,3042.2000,3040.8000,3040.4000,3040.2000,3043.8000,3044.0000,3044.2000,3045.6000,3046.0000,1,1,1,1,1,1,1,1,1,1
SF,IH2009,2020-01-21 09:32:33.100,3042.0000,976,0,21001680.000,0,-,-,-,-,3042.6000,3042.4000,3040.8000,3040.4000,3040.2000,3046.0000,3046.4000,3046.6000,3047.4000,3051.4000,1,1,1,1,1,1,1,1,1,5
SF,IH2009,2020-01-21 09:32:33.600,3042.0000,976,0,21001680.000,0,-,-,-,-,3042.6000,3040.8000,3040.4000,3040.2000,3037.0000,3045.8000,3046.0000,3046.4000,3046.6000,3047.4000,1,1,1,1,1,1,1,1,1,1
SF,IH2009,2020-01-21 09:32:34.100,3042.0000,976,0,21001680.000,0,-,-,-,-,3042.6000,3040.8000,3040.4000,3040.2000,3037.0000,3045.8000,3046.0000,3046.4000,3046.6000,3047.4000,1,1,1,1,1,1,1,1,1,1
SF,IH2009,2020-01-21 09:32:34.600,3042.0000,976,0,21001680.000,0,-,-,-,-,3042.6000,3040.8000,3040.4000,3040.2000,3037.0000,3045.6000,3045.8000,3046.0000,3046.4000,3046.6000,1,1,1,1,1,1,1,1,1,1
SF,IH2009,2020-01-21 09:32:35.100,3042.0000,976,0,21001680.000,0,-,-,-,-,3042.6000,3040.8000,3040.4000,3040.2000,3037.0000,3045.4000,3045.6000,3046.0000,3046.4000,3046.6000,1,1,1,1,1,1,1,1,1,1
SF,IH2009,2020-01-21 09:32:36.100,3042.0000,976,0,21001680.000,0,-,-,-,-,3042.6000,3040.8000,3040.4000,3040.2000,3037.0000,3045.4000,3046.0000,3046.4000,3046.6000,3047.4000,1,1,1,1,1,1,1,1,1,1
SF,IH2009,2020-01-21 09:32:36.600,3042.0000,976,0,21001680.000,0,-,-,-,-,3042.6000,3040.8000,3040.4000,3040.2000,3037.0000,3045.4000,3046.0000,3046.4000,3046.6000,3047.4000,1,1,1,1,1,1,1,1,1,1
SF,IH2009,2020-01-21 09:32:37.100,3042.0000,976,0,21001680.000,0,-,-,-,-,3042.6000,3042.0000,3040.8000,3040.4000,3040.2000,3045.4000,3046.0000,3046.4000,3046.6000,3047.4000,1,1,1,1,1,1,1,1,1,1
SF,IH2009,2020-01-21 09:32:37.600,3042.0000,976,0,21001680.000,0,-,-,-,-,3042.6000,3042.0000,3040.8000,3040.4000,3040.2000,3045.0000,3045.2000,3045.4000,3046.0000,3046.4000,1,1,1,1,1,1,1,1,1,1
SF,IH2009,2020-01-21 09:32:38.100,3042.0000,976,0,21001680.000,0,-,-,-,-,3042.6000,3042.0000,3040.8000,3040.4000,3040.2000,3044.6000,3044.8000,3045.2000,3046.0000,3046.4000,1,1,1,1,1,1,1,2,1,1
SF,IH2009,2020-01-21 09:32:38.600,3042.0000,976,0,21001680.000,0,-,-,-,-,3042.6000,3042.0000,3040.8000,3040.4000,3040.2000,3044.4000,3044.6000,3046.0000,3046.4000,3046.6000,1,1,1,1,1,1,1,1,1,1
SF,IH2009,2020-01-21 09:32:41.600,3042.0000,976,0,21001680.000,0,-,-,-,-,3042.6000,3042.0000,3040.8000,3040.4000,3040.2000,3044.4000,3046.0000,3046.4000,3046.6000,3047.4000,1,1,1,1,1,1,1,1,1,1
SF,IH2009,2020-01-21 09:32:42.100,3042.0000,976,0,21001680.000,0,-,-,-,-,3042.6000,3042.0000,3040.8000,3040.4000,3040.2000,3046.0000,3046.4000,3046.6000,3047.4000,3051.4000,1,1,1,1,1,1,1,1,1,5
SF,IH2009,2020-01-21 09:32:42.600,3042.0000,976,0,21001680.000,0,-,-,-,-,3042.6000,3042.0000,3040.8000,3040.4000,3040.2000,3045.8000,3046.0000,3046.4000,3046.6000,3047.4000,1,1,1,1,1,1,1,1,1,1
SF,IH2009,2020-01-21 09:32:43.100,3042.0000,976,0,21001680.000,0,-,-,-,-,3042.6000,3042.0000,3040.8000,3040.4000,3040.2000,3045.6000,3045.8000,3046.0000,3046.4000,3046.6000,1,1,1,1,1,1,1,1,1,1
SF,IH2009,2020-01-21 09:32:43.600,3042.0000,976,0,21001680.000,0,-,-,-,-,3042.6000,3042.0000,3040.8000,3040.4000,3040.2000,3045.4000,3045.6000,3046.0000,3046.4000,3046.6000,1,1,1,1,1,1,1,1,1,1
SF,IH2009,2020-01-21 09:32:44.100,3042.0000,976,0,21001680.000,0,-,-,-,-,3042.6000,3042.0000,3040.8000,3040.4000,3040.2000,3045.0000,3045.2000,3045.4000,3046.0000,3046.4000,1,1,1,1,1,1,1,1,1,1
SF,IH2009,2020-01-21 09:32:44.600,3042.0000,976,0,21001680.000,0,-,-,-,-,3042.6000,3042.0000,3040.8000,3040.4000,3040.2000,3044.8000,3045.0000,3045.2000,3046.0000,3046.4000,1,1,1,1,1,1,1,1,1,1
SF,IH2009,2020-01-21 09:32:45.100,3042.0000,976,0,21001680.000,0,-,-,-,-,3042.6000,3042.0000,3040.8000,3040.2000,3037.0000,3044.6000,3044.8000,3045.0000,3045.2000,3046.0000,1,1,1,1,1,1,1,1,1,1
SF,IH2009,2020-01-21 09:32:45.600,3042.0000,976,0,21001680.000,0,-,-,-,-,3042.6000,3042.0000,3040.8000,3040.2000,3037.0000,3044.4000,3044.6000,3045.2000,3046.0000,3046.4000,1,1,1,1,1,2,1,1,1,1
SF,IH2009,2020-01-21 09:32:46.100,3042.0000,976,0,21001680.000,0,-,-,-,-,3042.0000,3040.8000,3040.2000,3037.0000,3035.0000,3044.2000,3044.4000,3044.6000,3045.2000,3046.0000,1,1,1,1,1,1,2,1,1,1
SF,IH2009,2020-01-21 09:32:46.600,3042.0000,976,0,21001680.000,0,-,-,-,-,3042.2000,3042.0000,3040.8000,3040.2000,3037.0000,3044.0000,3044.2000,3044.4000,3044.6000,3045.2000,1,1,1,1,1,1,1,1,1,1
SF,IH2009,2020-01-21 09:32:47.100,3042.0000,976,0,21001680.000,0,-,-,-,-,3042.2000,3042.0000,3040.8000,3040.2000,3037.0000,3044.0000,3044.2000,3044.4000,3045.2000,3046.0000,1,1,1,1,1,1,1,1,1,1
SF,IH2009,2020-01-21 09:32:47.600,3042.0000,976,0,21001680.000,0,-,-,-,-,3042.2000,3042.0000,3040.8000,3040.2000,3037.0000,3044.0000,3044.4000,3046.0000,3046.4000,3046.6000,1,1,1,1,1,1,1,1,1,1
SF,IH2009,2020-01-21 09:32:48.600,3042.0000,976,0,21001680.000,0,-,-,-,-,3042.2000,3042.0000,3040.8000,3040.2000,3037.0000,3043.8000,3044.0000,3044.4000,3046.0000,3046.4000,1,1,1,1,1,1,1,1,1,1
SF,IH2009,2020-01-21 09:32:49.100,3042.0000,976,0,21001680.000,0,-,-,-,-,3042.0000,3040.8000,3040.2000,3037.0000,3035.0000,3043.6000,3043.8000,3046.0000,3046.4000,3046.6000,1,1,1,1,1,1,1,1,1,1
SF,IH2009,2020-01-21 09:32:49.600,3042.0000,976,0,21001680.000,0,-,-,-,-,3042.0000,3040.8000,3040.2000,3037.0000,3035.0000,3043.4000,3043.6000,3043.8000,3046.0000,3046.4000,1,1,1,1,1,2,1,1,1,1
SF,IH2009,2020-01-21 09:32:50.100,3042.0000,976,0,21001680.000,0,-,-,-,-,3042.0000,3040.8000,3040.2000,3037.0000,3035.0000,3043.2000,3043.4000,3046.0000,3046.4000,3046.6000,1,1,1,1,1,1,2,1,1,1
SF,IH2009,2020-01-21 09:32:50.600,3042.0000,976,0,21001680.000,0,-,-,-,-,3042.0000,3040.8000,3040.2000,3037.0000,3035.0000,3043.0000,3043.2000,3046.0000,3046.4000,3046.6000,1,1,1,1,1,1,1,1,1,1
SF,IH2009,2020-01-21 09:32:51.100,3042.0000,976,0,21001680.000,0,-,-,-,-,3042.0000,3040.8000,3040.2000,3037.0000,3035.0000,3043.0000,3046.0000,3046.4000,3046.6000,3051.4000,1,1,1,1,1,1,1,1,1,5
SF,IH2009,2020-01-21 09:32:51.600,3042.0000,976,0,21001680.000,0,-,-,-,-,3042.0000,3040.8000,3040.2000,3037.0000,3035.0000,3043.0000,3046.0000,3046.4000,3046.6000,3051.4000,1,1,1,1,1,1,1,1,1,5
SF,IH2009,2020-01-21 09:32:55.100,3042.0000,976,0,21001680.000,0,-,-,-,-,3042.0000,3040.8000,3040.2000,3037.0000,3035.0000,3046.0000,3046.4000,3046.6000,3051.4000,3052.2000,1,1,1,1,1,1,1,1,5,3
SF,IH2009,2020-01-21 09:32:55.600,3042.0000,976,0,21001680.000,0,-,-,-,-,3042.2000,3042.0000,3040.8000,3040.2000,3037.0000,3045.8000,3046.0000,3046.4000,3046.6000,3051.4000,2,1,1,1,1,2,1,1,1,5
SF,IH2009,2020-01-21 09:32:56.100,3042.0000,976,0,21001680.000,0,-,-,-,-,3042.2000,3042.0000,3040.8000,3040.2000,3037.0000,3045.8000,3046.0000,3046.4000,3046.6000,3051.4000,2,1,1,1,1,2,1,1,1,5
SF,IH2009,2020-01-21 09:32:56.600,3042.0000,976,0,21001680.000,0,-,-,-,-,3042.2000,3042.0000,3040.8000,3040.2000,3037.0000,3045.8000,3046.0000,3046.4000,3046.6000,3051.4000,2,1,1,1,1,1,1,1,1,5
SF,IH2009,2020-01-21 09:32:57.600,3042.0000,976,0,21001680.000,0,-,-,-,-,3042.6000,3042.2000,3042.0000,3040.8000,3040.2000,3045.0000,3045.8000,3046.0000,3046.4000,3046.6000,1,2,1,1,1,1,1,1,1,1
SF,IH2009,2020-01-21 09:32:58.100,3042.0000,976,0,21001680.000,0,-,-,-,-,3042.8000,3042.6000,3042.2000,3042.0000,3040.8000,3044.8000,3045.0000,3046.0000,3046.4000,3046.6000,1,2,1,1,1,2,1,1,1,1
SF,IH2009,2020-01-21 09:32:59.100,3042.0000,976,0,21001680.000,0,-,-,-,-,3042.8000,3042.6000,3042.2000,3042.0000,3040.8000,3044.8000,3046.0000,3046.4000,3046.6000,3051.4000,1,2,1,1,1,2,1,1,1,5
SF,IH2009,2020-01-21 09:32:59.600,3042.0000,976,0,21001680.000,0,-,-,-,-,3042.8000,3042.6000,3042.2000,3042.0000,3040.8000,3044.8000,3046.0000,3046.4000,3046.6000,3051.4000,1,1,1,1,1,2,1,1,1,5
SF,IH2009,2020-01-21 09:33:00.100,3042.0000,976,0,21001680.000,0,-,-,-,-,3042.8000,3042.2000,3042.0000,3040.8000,3040.2000,3044.8000,3046.0000,3046.4000,3046.6000,3051.4000,1,1,1,1,1,2,1,1,1,5
SF,IH2009,2020-01-21 09:33:00.600,3042.0000,976,0,21001680.000,0,-,-,-,-,3042.2000,3042.0000,3040.8000,3040.2000,3037.0000,3044.6000,3044.8000,3046.0000,3046.4000,3046.6000,1,1,1,1,1,1,2,1,1,1
SF,IH2009,2020-01-21 09:33:01.100,3042.0000,976,0,21001680.000,0,-,-,-,-,3042.6000,3042.4000,3042.2000,3042.0000,3040.8000,3044.4000,3046.0000,3046.4000,3046.6000,3051.4000,1,1,1,1,1,2,1,1,1,5
SF,IH2009,2020-01-21 09:33:01.600,3042.0000,976,0,21001680.000,0,-,-,-,-,3042.8000,3042.6000,3042.2000,3042.0000,3040.8000,3044.4000,3046.0000,3046.4000,3046.6000,3051.4000,1,1,1,1,1,2,1,1,1,5
SF,IH2009,2020-01-21 09:33:02.100,3042.0000,976,0,21001680.000,0,-,-,-,-,3042.8000,3042.2000,3042.0000,3040.8000,3040.2000,3044.2000,3044.4000,3046.0000,3046.4000,3046.6000,1,1,1,1,1,1,2,1,1,1
SF,IH2009,2020-01-21 09:33:02.600,3042.0000,976,0,21001680.000,0,-,-,-,-,3042.2000,3042.0000,3040.8000,3040.2000,3037.0000,3044.0000,3044.2000,3044.4000,3046.0000,3046.4000,1,1,1,1,1,2,1,1,1,1
SF,IH2009,2020-01-21 09:33:03.600,3042.0000,976,0,21001680.000,0,-,-,-,-,3042.0000,3040.8000,3040.2000,3037.0000,3035.0000,3044.0000,3044.2000,3044.4000,3046.0000,3046.4000,1,1,1,1,1,2,1,1,1,1
SF,IH2009,2020-01-21 09:33:04.100,3042.0000,976,0,21001680.000,0,-,-,-,-,3042.0000,3040.8000,3040.2000,3037.0000,3035.0000,3043.8000,3044.0000,3044.4000,3046.0000,3046.4000,1,1,1,1,1,1,2,1,1,1
SF,IH2009,2020-01-21 09:33:04.600,3042.0000,976,0,21001680.000,0,-,-,-,-,3042.0000,3040.8000,3040.2000,3037.0000,3035.0000,3043.6000,3043.8000,3044.0000,3044.4000,3046.0000,1,1,1,1,1,2,1,1,1,1
SF,IH2009,2020-01-21 09:33:05.100,3042.0000,976,0,21001680.000,0,-,-,-,-,3042.0000,3040.8000,3040.2000,3037.0000,3035.0000,3043.6000,3043.8000,3044.4000,3046.0000,3046.4000,1,1,1,1,1,2,1,1,1,1
SF,IH2009,2020-01-21 09:33:05.600,3042.0000,976,0,21001680.000,0,-,-,-,-,3042.0000,3040.8000,3040.2000,3037.0000,3035.0000,3043.4000,3043.6000,3046.0000,3046.4000,3046.6000,1,1,1,1,1,1,2,1,1,1
SF,IH2009,2020-01-21 09:33:06.100,3042.0000,976,0,21001680.000,0,-,-,-,-,3042.0000,3040.8000,3040.2000,3037.0000,3035.0000,3043.2000,3043.4000,3046.0000,3046.4000,3046.6000,1,1,1,1,1,2,1,1,1,1
SF,IH2009,2020-01-21 09:33:06.600,3042.0000,976,0,21001680.000,0,-,-,-,-,3042.0000,3040.8000,3040.2000,3037.0000,3035.0000,3043.2000,3046.0000,3046.4000,3046.6000,3051.4000,1,1,1,1,1,2,1,1,1,5
SF,IH2009,2020-01-21 09:33:07.100,3042.0000,976,0,21001680.000,0,-,-,-,-,3042.0000,3040.8000,3040.2000,3037.0000,3035.0000,3046.0000,3046.4000,3046.6000,3051.4000,3052.2000,1,1,1,1,1,1,1,1,5,3
SF,IH2009,2020-01-21 09:33:07.600,3042.0000,976,0,21001680.000,0,-,-,-,-,3042.2000,3042.0000,3040.8000,3040.2000,3037.0000,3045.8000,3046.0000,3046.4000,3046.6000,3051.4000,1,1,1,1,1,1,1,1,1,5
SF,IH2009,2020-01-21 09:33:08.100,3042.0000,976,0,21001680.000,0,-,-,-,-,3042.2000,3042.0000,3040.8000,3040.2000,3037.0000,3045.6000,3045.8000,3046.0000,3046.4000,3046.6000,1,1,1,1,1,2,1,1,1,1
SF,IH2009,2020-01-21 09:33:08.600,3042.0000,976,0,21001680.000,0,-,-,-,-,3042.2000,3042.0000,3040.8000,3040.2000,3037.0000,3045.4000,3045.6000,3046.0000,3046.4000,3046.6000,1,1,1,1,1,1,2,1,1,1
SF,IH2009,2020-01-21 09:33:09.100,3042.0000,976,0,21001680.000,0,-,-,-,-,3042.2000,3042.0000,3040.8000,3040.2000,3037.0000,3045.2000,3045.4000,3045.6000,3046.0000,3046.4000,1,1,1,1,1,2,1,1,1,1
SF,IH2009,2020-01-21 09:33:09.600,3042.0000,976,0,21001680.000,0,-,-,-,-,3042.2000,3042.0000,3040.8000,3040.2000,3037.0000,3044.8000,3045.0000,3045.2000,3045.6000,3046.0000,1,1,1,1,1,1,1,2,1,1
SF,IH2009,2020-01-21 09:33:10.100,3042.0000,976,0,21001680.000,0,-,-,-,-,3042.2000,3042.0000,3040.8000,3040.2000,3037.0000,3044.6000,3044.8000,3045.2000,3045.6000,3046.0000,1,2,1,1,1,2,1,1,1,1
SF,IH2009,2020-01-21 09:33:10.600,3042.0000,976,0,21001680.000,0,-,-,-,-,3042.2000,3042.0000,3040.8000,3040.2000,3037.0000,3044.2000,3044.6000,3044.8000,3045.2000,3045.6000,1,2,1,1,1,1,2,1,1,1
SF,IH2009,2020-01-21 09:33:11.100,3042.0000,976,0,21001680.000,0,-,-,-,-,3042.2000,3042.0000,3040.8000,3040.2000,3037.0000,3044.0000,3044.2000,3044.6000,3045.2000,3045.6000,1,2,1,1,1,3,1,1,1,1
SF,IH2009,2020-01-21 09:33:11.600,3042.0000,976,0,21001680.000,0,-,-,-,-,3042.2000,3042.0000,3040.8000,3040.2000,3037.0000,3044.0000,3044.2000,3044.6000,3045.2000,3045.6000,1,2,1,1,1,3,1,1,1,1
SF,IH2009,2020-01-21 09:33:12.100,3042.0000,976,0,21001680.000,0,-,-,-,-,3042.2000,3042.0000,3040.8000,3040.2000,3037.0000,3044.0000,3044.2000,3044.6000,3045.2000,3045.6000,1,2,1,1,1,3,1,1,1,1
SF,IH2009,2020-01-21 09:33:12.600,3042.2000,976,0,21914340.000,1,0,1,多换,S,3042.0000,3040.8000,3040.2000,3037.0000,3035.0000,3044.0000,3044.2000,3044.6000,3045.2000,3045.6000,2,1,1,1,1,3,1,1,1,1
SF,IH2009,2020-01-21 09:33:13.100,3042.2000,976,0,21914340.000,0,-,-,-,-,3042.0000,3040.8000,3040.2000,3037.0000,3035.0000,3044.0000,3044.2000,3045.2000,3045.6000,3046.0000,2,1,1,1,1,2,1,1,1,1
SF,IH2009,2020-01-21 09:33:13.600,3042.2000,976,0,21914340.000,0,-,-,-,-,3042.0000,3040.8000,3040.2000,3037.0000,3035.0000,3043.8000,3044.0000,3045.2000,3045.6000,3046.0000,2,1,1,1,1,1,2,1,1,2
SF,IH2009,2020-01-21 09:33:14.100,3042.2000,976,0,21914340.000,0,-,-,-,-,3042.0000,3040.8000,3040.2000,3037.0000,3035.0000,3043.6000,3043.8000,3044.0000,3045.2000,3045.6000,2,1,1,1,1,2,1,1,1,1
SF,IH2009,2020-01-21 09:33:14.600,3042.2000,976,0,21914340.000,0,-,-,-,-,3042.0000,3040.8000,3040.2000,3037.0000,3035.0000,3043.6000,3044.0000,3045.2000,3045.6000,3046.0000,2,1,1,1,1,2,1,1,1,2
SF,IH2009,2020-01-21 09:33:15.100,3042.2000,976,0,21914340.000,0,-,-,-,-,3042.0000,3040.8000,3040.2000,3037.0000,3035.0000,3043.4000,3043.6000,3044.0000,3045.2000,3045.6000,2,1,1,1,1,1,2,1,1,1
SF,IH2009,2020-01-21 09:33:15.600,3042.2000,976,0,21914340.000,0,-,-,-,-,3042.0000,3040.8000,3040.2000,3037.0000,3035.0000,3043.2000,3043.4000,3043.6000,3044.0000,3045.2000,2,1,1,1,1,1,2,1,1,1
SF,IH2009,2020-01-21 09:33:16.100,3042.2000,976,0,21914340.000,0,-,-,-,-,3042.2000,3042.0000,3040.8000,3040.2000,3037.0000,3043.2000,3043.4000,3043.6000,3044.0000,3045.2000,1,2,1,1,1,1,1,1,1,1
SF,IH2009,2020-01-21 09:33:17.600,3042.2000,976,0,22827000.000,1,0,1,多换,S,3042.0000,3040.8000,3040.2000,3037.0000,3035.0000,3043.2000,3043.4000,3043.6000,3044.0000,3045.2000,2,1,1,1,1,1,1,1,1,1
SF,IH2009,2020-01-21 09:33:18.100,3042.2000,976,0,22827000.000,0,-,-,-,-,3042.0000,3040.8000,3040.2000,3037.0000,3035.0000,3043.0000,3043.2000,3043.4000,3043.6000,3044.0000,2,1,1,1,1,2,1,1,1,1
SF,IH2009,2020-01-21 09:33:18.600,3042.0000,975,-1,24652200.000,2,0,2,多平,S,3040.8000,3040.2000,3037.0000,3035.0000,3032.6000,3042.8000,3043.0000,3043.4000,3043.6000,3044.0000,1,1,1,1,1,1,2,1,1,1
SF,IH2009,2020-01-21 09:33:19.100,3042.0000,975,0,24652200.000,0,-,-,-,-,3042.0000,3041.0000,3040.8000,3040.2000,3037.0000,3042.6000,3042.8000,3043.4000,3044.0000,3045.2000,1,1,1,1,1,1,1,1,1,1
SF,IH2009,2020-01-21 09:33:19.600,3042.0000,975,0,24652200.000,0,-,-,-,-,3042.0000,3041.0000,3040.8000,3040.2000,3037.0000,3042.6000,3042.8000,3043.4000,3045.2000,3045.6000,1,1,1,1,1,1,1,1,1,1
SF,IH2009,2020-01-21 09:33:20.100,3042.0000,975,0,25564800.000,1,0,1,多换,S,3041.0000,3040.8000,3040.2000,3037.0000,3035.0000,3042.6000,3042.8000,3045.2000,3045.6000,3046.0000,1,1,1,1,1,1,1,1,1,1
SF,IH2009,2020-01-21 09:33:20.600,3042.0000,975,0,25564800.000,0,-,-,-,-,3041.0000,3040.8000,3040.2000,3037.0000,3035.0000,3042.0000,3042.8000,3045.2000,3045.6000,3046.0000,1,1,1,1,1,1,1,1,1,1
SF,IH2009,2020-01-21 09:33:21.100,3042.0000,976,1,26477400.000,1,1,0,双开,S,3041.0000,3040.8000,3040.2000,3037.6000,3037.0000,3042.8000,3045.2000,3045.6000,3046.0000,3046.4000,1,1,1,1,1,1,1,1,1,6
SF,IH2009,2020-01-21 09:33:21.600,3042.0000,976,0,26477400.000,0,-,-,-,-,3040.8000,3040.2000,3037.6000,3037.0000,3035.0000,3042.6000,3042.8000,3045.2000,3045.6000,3046.0000,1,1,1,1,1,1,1,1,1,1
SF,IH2009,2020-01-21 09:33:22.100,3042.0000,976,0,26477400.000,0,-,-,-,-,3041.0000,3040.8000,3040.2000,3037.6000,3037.0000,3042.4000,3042.6000,3045.2000,3045.6000,3046.0000,1,1,1,1,1,1,1,1,1,1
SF,IH2009,2020-01-21 09:33:22.600,3042.0000,976,0,26477400.000,0,-,-,-,-,3041.0000,3040.8000,3040.2000,3037.6000,3037.0000,3042.4000,3045.2000,3045.6000,3046.0000,3046.4000,1,1,1,1,1,1,1,1,1,6
SF,IH2009,2020-01-21 09:33:23.100,3042.0000,976,0,26477400.000,0,-,-,-,-,3041.2000,3041.0000,3040.8000,3037.6000,3037.0000,3042.4000,3045.2000,3045.6000,3046.0000,3046.4000,1,1,1,1,1,1,1,1,1,6
SF,IH2009,2020-01-21 09:33:23.600,3042.4000,975,-1,27390120.000,1,0,1,双平,S,3044.4000,3041.2000,3041.0000,3040.8000,3037.6000,3045.2000,3045.6000,3046.0000,3046.4000,3051.4000,1,1,1,1,1,1,1,1,6,5
SF,IH2009,2020-01-21 09:33:24.100,3043.6000,975,0,28303200.000,1,0,1,多换,S,3041.2000,3040.8000,3037.6000,3037.0000,3035.0000,3045.2000,3045.6000,3046.0000,3046.4000,3051.4000,1,1,1,1,1,1,1,1,6,5
SF,IH2009,2020-01-21 09:33:24.600,3043.6000,975,0,28303200.000,0,-,-,-,-,3042.0000,3041.4000,3041.2000,3040.8000,3037.6000,3045.0000,3045.2000,3045.6000,3046.0000,3046.4000,5,1,1,1,1,1,1,1,1,6
SF,IH2009,2020-01-21 09:33:25.100,3043.6000,975,0,28303200.000,0,-,-,-,-,3042.2000,3042.0000,3041.2000,3040.8000,3037.6000,3044.8000,3045.0000,3045.2000,3045.6000,3046.0000,1,5,1,2,1,1,1,1,1,1
SF,IH2009,2020-01-21 09:33:25.600,3043.6000,975,0,28303200.000,0,-,-,-,-,3042.2000,3042.0000,3041.2000,3040.8000,3037.6000,3044.6000,3044.8000,3045.6000,3046.0000,3046.4000,1,5,1,2,1,1,1,1,1,6
SF,IH2009,2020-01-21 09:33:26.100,3043.6000,975,0,28303200.000,0,-,-,-,-,3042.2000,3042.0000,3041.2000,3040.8000,3037.6000,3044.4000,3044.6000,3044.8000,3045.6000,3046.0000,1,5,1,2,1,1,1,1,1,1
SF,IH2009,2020-01-21 09:33:26.600,3043.6000,975,0,28303200.000,0,-,-,-,-,3042.2000,3042.0000,3041.2000,3040.8000,3037.6000,3044.2000,3044.4000,3044.8000,3045.6000,3046.0000,1,5,1,2,1,1,1,1,1,1
SF,IH2009,2020-01-21 09:33:27.100,3043.6000,975,0,28303200.000,0,-,-,-,-,3042.2000,3042.0000,3041.2000,3040.8000,3037.6000,3044.0000,3044.2000,3044.4000,3044.8000,3045.6000,1,5,1,2,1,1,1,1,1,1
SF,IH2009,2020-01-21 09:33:27.600,3043.6000,975,0,28303200.000,0,-,-,-,-,3042.2000,3042.0000,3041.2000,3040.8000,3037.6000,3043.8000,3044.0000,3044.2000,3044.4000,3045.6000,1,5,1,2,1,1,1,1,1,1
SF,IH2009,2020-01-21 09:33:28.100,3043.6000,975,0,28303200.000,0,-,-,-,-,3042.2000,3042.0000,3041.2000,3040.8000,3037.6000,3043.8000,3044.2000,3045.6000,3046.0000,3046.4000,1,5,1,2,1,1,1,1,1,6
SF,IH2009,2020-01-21 09:33:28.600,3043.6000,975,0,28303200.000,0,-,-,-,-,3042.2000,3042.0000,3041.2000,3040.8000,3037.6000,3044.2000,3045.6000,3046.0000,3046.4000,3051.4000,1,5,1,2,1,1,1,1,6,5
SF,IH2009,2020-01-21 09:33:29.100,3043.6000,975,0,28303200.000,0,-,-,-,-,3042.2000,3042.0000,3041.2000,3040.8000,3037.6000,3044.0000,3044.2000,3045.6000,3046.0000,3046.4000,1,5,1,2,1,1,1,1,1,6
SF,IH2009,2020-01-21 09:33:29.600,3043.6000,975,0,28303200.000,0,-,-,-,-,3042.2000,3042.0000,3041.2000,3040.8000,3037.6000,3044.0000,3045.6000,3046.0000,3046.4000,3051.4000,1,5,1,2,1,1,1,1,6,5
SF,IH2009,2020-01-21 09:33:30.100,3043.6000,975,0,28303200.000,0,-,-,-,-,3042.2000,3042.0000,3041.2000,3040.8000,3037.6000,3045.6000,3046.0000,3046.4000,3051.4000,3052.2000,1,5,1,2,1,1,1,6,5,3
SF,IH2009,2020-01-21 09:33:30.600,3043.6000,975,0,28303200.000,0,-,-,-,-,3042.2000,3042.0000,3041.2000,3040.8000,3037.6000,3045.4000,3046.0000,3046.4000,3051.4000,3052.2000,1,5,1,2,1,2,1,6,5,3
SF,IH2009,2020-01-21 09:33:31.100,3043.6000,975,0,28303200.000,0,-,-,-,-,3042.4000,3042.2000,3042.0000,3041.2000,3040.8000,3045.4000,3046.0000,3046.4000,3051.4000,3052.2000,1,1,5,1,1,2,1,6,5,3
SF,IH2009,2020-01-21 09:33:31.600,3043.6000,975,0,28303200.000,0,-,-,-,-,3042.6000,3042.4000,3042.0000,3041.2000,3040.8000,3045.4000,3046.0000,3046.4000,3051.4000,3052.2000,1,1,5,1,1,1,1,6,5,3
SF,IH2009,2020-01-21 09:33:32.100,3043.6000,975,0,28303200.000,0,-,-,-,-,3042.6000,3042.4000,3042.0000,3041.2000,3040.8000,3045.0000,3045.4000,3046.0000,3046.4000,3051.4000,1,1,5,1,1,2,1,1,6,5
SF,IH2009,2020-01-21 09:33:32.600,3043.6000,975,0,28303200.000,0,-,-,-,-,3042.6000,3042.4000,3042.0000,3041.2000,3040.8000,3044.8000,3046.0000,3046.4000,3051.4000,3052.2000,1,1,5,1,1,1,1,6,5,3
SF,IH2009,2020-01-21 09:33:33.600,3043.6000,975,0,28303200.000,0,-,-,-,-,3042.6000,3042.4000,3042.0000,3041.2000,3040.8000,3044.6000,3044.8000,3046.0000,3046.4000,3051.4000,1,1,5,1,1,1,1,1,6,5
SF,IH2009,2020-01-21 09:33:34.100,3043.6000,975,0,28303200.000,0,-,-,-,-,3042.6000,3042.4000,3042.0000,3041.2000,3040.8000,3044.4000,3044.6000,3046.0000,3046.4000,3051.4000,1,1,5,1,1,1,1,1,6,5
SF,IH2009,2020-01-21 09:33:34.600,3043.6000,975,0,28303200.000,0,-,-,-,-,3042.6000,3042.4000,3042.0000,3041.2000,3040.8000,3046.0000,3046.4000,3051.4000,3052.2000,3062.0000,1,1,5,1,1,1,6,5,3,1
SF,IH2009,2020-01-21 09:33:35.100,3043.6000,975,0,28303200.000,0,-,-,-,-,3042.6000,3042.4000,3042.0000,3041.2000,3040.8000,3045.8000,3046.0000,3046.4000,3051.4000,3052.2000,1,1,5,1,1,1,1,6,5,3
SF,IH2009,2020-01-21 09:33:35.600,3043.6000,975,0,28303200.000,0,-,-,-,-,3042.8000,3042.6000,3042.4000,3042.0000,3040.8000,3045.8000,3046.4000,3051.4000,3052.2000,3062.0000,1,1,1,5,1,1,6,5,3,1
SF,IH2009,2020-01-21 09:33:36.100,3043.6000,975,0,28303200.000,0,-,-,-,-,3043.0000,3042.8000,3042.4000,3042.0000,3040.8000,3045.6000,3045.8000,3046.4000,3051.4000,3052.2000,1,1,1,5,1,1,1,6,5,3
SF,IH2009,2020-01-21 09:33:36.600,3043.6000,975,0,28303200.000,0,-,-,-,-,3043.0000,3042.8000,3042.4000,3042.0000,3040.8000,3045.2000,3045.4000,3045.6000,3046.4000,3051.4000,1,1,1,5,1,1,1,1,6,5
SF,IH2009,2020-01-21 09:33:37.100,3043.6000,975,0,28303200.000,0,-,-,-,-,3042.4000,3042.0000,3040.8000,3037.6000,3037.0000,3045.0000,3045.2000,3045.6000,3046.4000,3051.4000,1,5,1,1,1,2,1,1,6,5
SF,IH2009,2020-01-21 09:33:37.600,3043.6000,975,0,28303200.000,0,-,-,-,-,3042.6000,3042.4000,3042.0000,3040.8000,3037.6000,3045.0000,3045.2000,3046.4000,3051.4000,3052.2000,1,1,5,1,1,2,1,6,5,3
SF,IH2009,2020-01-21 09:33:38.100,3043.6000,975,0,28303200.000,0,-,-,-,-,3042.6000,3042.4000,3042.0000,3040.8000,3037.6000,3045.0000,3046.4000,3051.4000,3052.2000,3062.0000,1,1,5,1,1,2,6,5,3,1
SF,IH2009,2020-01-21 09:33:38.600,3043.6000,975,0,28303200.000,0,-,-,-,-,3042.6000,3042.4000,3042.0000,3040.8000,3037.6000,3045.0000,3046.4000,3051.4000,3052.2000,3062.0000,1,1,5,1,1,1,6,5,3,1
SF,IH2009,2020-01-21 09:33:39.100,3043.6000,975,0,28303200.000,0,-,-,-,-,3042.6000,3042.4000,3042.0000,3040.8000,3037.6000,3045.0000,3046.4000,3051.4000,3052.2000,3062.0000,1,1,5,1,1,1,6,5,3,1
SF,IH2009,2020-01-21 09:33:39.600,3043.6000,975,0,28303200.000,0,-,-,-,-,3042.6000,3042.4000,3042.0000,3040.8000,3037.6000,3045.0000,3046.4000,3051.4000,3052.2000,3062.0000,1,1,5,1,1,1,6,5,3,1
SF,IH2009,2020-01-21 09:33:40.600,3043.6000,975,0,28303200.000,0,-,-,-,-,3042.6000,3042.4000,3042.0000,3040.8000,3037.6000,3044.8000,3045.0000,3046.4000,3051.4000,3052.2000,1,1,5,1,1,1,1,6,5,3
SF,IH2009,2020-01-21 09:33:41.100,3043.6000,975,0,28303200.000,0,-,-,-,-,3042.6000,3042.4000,3042.0000,3040.8000,3037.6000,3044.6000,3044.8000,3046.4000,3051.4000,3052.2000,1,1,5,1,1,1,1,6,5,3
SF,IH2009,2020-01-21 09:33:41.600,3043.6000,975,0,28303200.000,0,-,-,-,-,3042.6000,3042.4000,3042.0000,3040.8000,3037.6000,3044.6000,3046.4000,3051.4000,3052.2000,3062.0000,1,1,5,1,1,1,6,5,3,1
SF,IH2009,2020-01-21 09:33:42.100,3043.6000,975,0,28303200.000,0,-,-,-,-,3042.6000,3042.4000,3042.0000,3040.8000,3037.6000,3044.6000,3048.8000,3051.4000,3052.2000,3062.0000,1,1,5,1,1,1,6,5,3,1
SF,IH2009,2020-01-21 09:33:42.600,3043.6000,975,0,28303200.000,0,-,-,-,-,3042.6000,3042.4000,3042.0000,3040.8000,3037.6000,3048.8000,3051.4000,3052.2000,3062.0000,3063.0000,1,1,5,1,1,6,5,3,1,1
SF,IH2009,2020-01-21 09:33:43.100,3043.6000,975,0,28303200.000,0,-,-,-,-,3042.6000,3042.4000,3042.0000,3040.8000,3037.6000,3048.6000,3048.8000,3051.4000,3052.2000,3062.0000,1,1,5,1,1,2,6,5,3,1
SF,IH2009,2020-01-21 09:33:43.600,3043.6000,975,0,28303200.000,0,-,-,-,-,3042.6000,3042.4000,3042.0000,3040.8000,3037.6000,3048.4000,3048.6000,3048.8000,3051.4000,3052.2000,1,1,5,1,1,1,2,6,5,3
SF,IH2009,2020-01-21 09:33:44.100,3043.6000,975,0,28303200.000,0,-,-,-,-,3042.6000,3042.4000,3042.0000,3040.8000,3037.6000,3048.2000,3048.4000,3048.6000,3048.8000,3051.4000,1,1,5,1,1,4,1,1,6,5
SF,IH2009,2020-01-21 09:33:44.600,3043.6000,975,0,28303200.000,0,-,-,-,-,3042.6000,3042.4000,3042.0000,3040.8000,3037.0000,3048.0000,3048.2000,3048.4000,3048.6000,3048.8000,1,1,5,1,1,2,1,1,1,6
SF,IH2009,2020-01-21 09:33:45.100,3043.6000,975,0,28303200.000,0,-,-,-,-,3042.6000,3042.4000,3042.0000,3040.8000,3037.0000,3047.8000,3048.0000,3048.4000,3048.6000,3048.8000,1,1,5,1,1,2,2,1,1,6
SF,IH2009,2020-01-21 09:33:45.600,3043.6000,975,0,28303200.000,0,-,-,-,-,3042.6000,3042.4000,3042.0000,3040.8000,3037.0000,3047.6000,3047.8000,3048.0000,3048.4000,3048.6000,1,1,5,1,1,2,2,2,1,1
SF,IH2009,2020-01-21 09:33:46.100,3043.6000,975,0,28303200.000,0,-,-,-,-,3042.6000,3042.4000,3042.0000,3040.8000,3037.0000,3047.0000,3047.4000,3047.6000,3048.0000,3048.4000,1,1,5,1,1,1,1,2,2,1
SF,IH2009,2020-01-21 09:33:46.600,3043.6000,975,0,28303200.000,0,-,-,-,-,3042.6000,3042.4000,3042.0000,3040.8000,3037.0000,3046.8000,3047.0000,3047.6000,3048.0000,3048.4000,1,1,5,1,1,2,1,2,1,1
SF,IH2009,2020-01-21 09:33:47.100,3043.6000,975,0,28303200.000,0,-,-,-,-,3042.6000,3042.4000,3042.0000,3040.8000,3037.0000,3046.6000,3046.8000,3047.0000,3047.6000,3048.0000,1,1,5,1,1,1,2,1,2,1
SF,IH2009,2020-01-21 09:33:47.600,3043.6000,975,0,28303200.000,0,-,-,-,-,3042.6000,3042.4000,3042.0000,3040.8000,3037.0000,3046.4000,3046.6000,3046.8000,3047.0000,3047.6000,1,1,5,1,1,2,1,1,1,1
SF,IH2009,2020-01-21 09:33:48.100,3043.6000,975,0,28303200.000,0,-,-,-,-,3042.6000,3042.4000,3042.0000,3040.8000,3037.0000,3046.4000,3046.8000,3047.6000,3048.0000,3048.4000,1,1,5,1,1,2,1,1,1,1
SF,IH2009,2020-01-21 09:33:48.600,3043.6000,975,0,28303200.000,0,-,-,-,-,3042.8000,3042.6000,3042.4000,3042.0000,3040.8000,3046.4000,3046.8000,3047.6000,3048.0000,3048.4000,1,1,1,5,1,2,1,1,1,1
SF,IH2009,2020-01-21 09:33:49.100,3043.6000,975,0,28303200.000,0,-,-,-,-,3043.0000,3042.8000,3042.4000,3042.0000,3040.8000,3046.4000,3046.8000,3047.6000,3048.0000,3048.4000,1,2,1,5,1,2,1,1,1,1
SF,IH2009,2020-01-21 09:33:49.600,3043.6000,975,0,28303200.000,0,-,-,-,-,3043.4000,3043.0000,3042.8000,3042.4000,3042.0000,3046.4000,3046.8000,3047.6000,3048.0000,3048.4000,1,1,1,1,5,2,1,1,1,1
SF,IH2009,2020-01-21 09:33:50.100,3043.6000,975,0,28303200.000,0,-,-,-,-,3043.6000,3043.4000,3042.8000,3042.4000,3042.0000,3046.4000,3046.8000,3047.6000,3048.0000,3048.4000,1,1,1,1,5,2,1,1,1,1
SF,IH2009,2020-01-21 09:33:50.600,3043.6000,975,0,28303200.000,0,-,-,-,-,3044.0000,3043.6000,3042.8000,3042.4000,3042.0000,3046.4000,3046.8000,3047.6000,3048.0000,3048.4000,1,1,1,1,5,1,1,1,1,1
SF,IH2009,2020-01-21 09:33:51.100,3043.6000,975,0,28303200.000,0,-,-,-,-,3044.2000,3044.0000,3042.8000,3042.4000,3042.0000,3046.2000,3046.4000,3046.8000,3047.6000,3048.0000,1,1,1,1,5,1,1,1,1,1
SF,IH2009,2020-01-21 09:33:51.600,3043.6000,975,0,28303200.000,0,-,-,-,-,3044.2000,3044.0000,3042.8000,3042.4000,3042.0000,3046.0000,3046.2000,3046.8000,3047.6000,3048.0000,1,1,1,1,5,2,1,1,1,1
SF,IH2009,2020-01-21 09:33:52.100,3043.6000,975,0,28303200.000,0,-,-,-,-,3044.2000,3042.8000,3042.4000,3042.0000,3040.8000,3045.8000,3046.0000,3046.2000,3046.8000,3047.6000,1,1,1,5,1,1,2,1,1,1
SF,IH2009,2020-01-21 09:33:52.600,3043.6000,975,0,28303200.000,0,-,-,-,-,3044.2000,3042.8000,3042.4000,3042.0000,3040.8000,3045.6000,3045.8000,3046.2000,3046.8000,3047.6000,1,1,1,5,1,1,1,1,1,1
SF,IH2009,2020-01-21 09:33:53.100,3043.6000,975,0,28303200.000,0,-,-,-,-,3044.2000,3042.8000,3042.4000,3042.0000,3040.8000,3045.4000,3045.6000,3045.8000,3046.2000,3047.6000,1,1,1,5,1,1,1,1,1,1
SF,IH2009,2020-01-21 09:33:53.600,3043.6000,975,0,28303200.000,0,-,-,-,-,3044.2000,3042.8000,3042.4000,3042.0000,3040.8000,3045.4000,3045.6000,3045.8000,3047.6000,3048.0000,1,1,1,5,1,1,1,1,1,1
SF,IH2009,2020-01-21 09:33:54.100,3043.6000,975,0,28303200.000,0,-,-,-,-,3044.2000,3042.8000,3042.4000,3042.0000,3040.8000,3045.4000,3045.6000,3045.8000,3047.6000,3048.0000,1,1,1,5,1,1,1,1,1,1
SF,IH2009,2020-01-21 09:33:55.600,3044.2000,974,-1,29216460.000,1,0,1,双平,S,3042.8000,3042.4000,3042.0000,3040.8000,3037.0000,3045.2000,3045.4000,3045.6000,3045.8000,3047.6000,1,1,5,1,1,1,1,1,1,1
SF,IH2009,2020-01-21 09:33:56.100,3044.2000,974,0,29216460.000,0,-,-,-,-,3043.0000,3042.8000,3042.4000,3042.0000,3040.8000,3045.0000,3045.4000,3045.8000,3047.6000,3048.0000,1,1,1,5,1,2,1,1,1,1
SF,IH2009,2020-01-21 09:33:56.600,3044.2000,974,0,29216460.000,0,-,-,-,-,3042.8000,3042.4000,3042.0000,3040.8000,3037.0000,3044.8000,3045.0000,3045.4000,3045.8000,3047.6000,1,1,5,1,1,1,2,1,1,1
SF,IH2009,2020-01-21 09:33:57.100,3044.2000,974,0,29216460.000,0,-,-,-,-,3042.8000,3042.4000,3042.0000,3040.8000,3037.0000,3044.6000,3045.4000,3045.8000,3047.6000,3048.0000,1,1,5,1,1,2,1,1,1,1
SF,IH2009,2020-01-21 09:33:57.600,3044.2000,974,0,29216460.000,0,-,-,-,-,3043.0000,3042.8000,3042.4000,3042.0000,3040.8000,3044.6000,3045.4000,3047.6000,3048.0000,3048.4000,1,1,1,5,1,2,1,1,1,1
SF,IH2009,2020-01-21 09:33:58.100,3044.2000,974,0,29216460.000,0,-,-,-,-,3043.0000,3042.8000,3042.4000,3042.0000,3040.8000,3044.6000,3047.6000,3048.0000,3048.4000,3048.8000,1,1,1,5,1,2,1,1,1,6
SF,IH2009,2020-01-21 09:33:58.600,3044.2000,974,0,29216460.000,0,-,-,-,-,3042.8000,3042.4000,3042.0000,3040.8000,3037.0000,3044.6000,3047.6000,3048.0000,3048.4000,3048.8000,1,1,5,1,1,1,1,1,1,6
SF,IH2009,2020-01-21 09:33:59.100,3044.2000,974,0,29216460.000,0,-,-,-,-,3042.8000,3042.4000,3042.0000,3040.8000,3037.0000,3044.6000,3047.6000,3048.0000,3048.4000,3048.8000,1,1,5,1,1,1,1,1,1,6
SF,IH2009,2020-01-21 09:33:59.600,3044.2000,974,0,29216460.000,0,-,-,-,-,3042.8000,3042.4000,3042.0000,3040.8000,3037.0000,3044.4000,3044.6000,3047.6000,3048.0000,3048.4000,1,1,5,1,1,1,1,1,1,1
SF,IH2009,2020-01-21 09:34:00.100,3044.2000,974,0,29216460.000,0,-,-,-,-,3042.8000,3042.4000,3042.0000,3040.8000,3037.0000,3044.2000,3044.4000,3047.6000,3048.0000,3048.4000,1,1,5,1,1,2,1,1,1,1
SF,IH2009,2020-01-21 09:34:00.600,3044.2000,974,0,29216460.000,0,-,-,-,-,3042.8000,3042.4000,3042.0000,3040.8000,3037.0000,3044.0000,3044.2000,3044.4000,3047.6000,3048.0000,1,1,5,1,1,1,2,1,1,1
SF,IH2009,2020-01-21 09:34:01.100,3044.2000,974,0,29216460.000,0,-,-,-,-,3042.8000,3042.4000,3042.0000,3040.8000,3037.0000,3043.8000,3044.0000,3044.2000,3044.4000,3047.6000,1,1,5,1,1,1,1,1,1,1
SF,IH2009,2020-01-21 09:34:01.600,3044.2000,974,0,29216460.000,0,-,-,-,-,3042.8000,3042.4000,3042.0000,3040.8000,3037.0000,3043.6000,3043.8000,3044.0000,3044.4000,3047.6000,1,1,5,1,1,1,1,1,1,1
SF,IH2009,2020-01-21 09:34:03.100,3044.2000,974,0,29216460.000,0,-,-,-,-,3042.4000,3042.0000,3040.8000,3037.0000,3035.0000,3043.6000,3043.8000,3044.0000,3044.4000,3047.6000,1,5,1,1,1,1,1,1,1,1
SF,IH2009,2020-01-21 09:34:03.600,3044.2000,974,0,29216460.000,0,-,-,-,-,3042.0000,3040.8000,3037.0000,3035.0000,3030.0000,3043.4000,3043.6000,3044.0000,3044.4000,3047.6000,5,1,1,1,1,2,1,1,1,1
SF,IH2009,2020-01-21 09:34:04.100,3044.2000,974,0,29216460.000,0,-,-,-,-,3042.0000,3040.8000,3037.0000,3035.0000,3030.0000,3043.4000,3043.6000,3044.0000,3047.6000,3048.0000,5,1,1,1,1,2,1,1,1,1
SF,IH2009,2020-01-21 09:34:04.600,3044.2000,974,0,29216460.000,0,-,-,-,-,3042.0000,3040.8000,3037.0000,3035.0000,3030.0000,3043.4000,3043.6000,3047.6000,3048.0000,3048.4000,5,1,1,1,1,2,1,1,1,1
SF,IH2009,2020-01-21 09:34:06.600,3044.2000,974,0,29216460.000,0,-,-,-,-,3042.0000,3040.8000,3037.0000,3035.0000,3030.0000,3043.4000,3043.6000,3047.6000,3048.0000,3048.4000,5,1,1,1,1,2,1,1,1,1
SF,IH2009,2020-01-21 09:34:10.600,3043.6000,973,-1,31042560.000,2,0,2,多平,S,3042.0000,3040.8000,3037.0000,3035.0000,3030.0000,3047.6000,3048.0000,3048.4000,3048.8000,3051.4000,5,1,1,1,1,1,1,1,6,5
SF,IH2009,2020-01-21 09:34:11.100,3043.6000,973,0,31042560.000,0,-,-,-,-,3042.2000,3042.0000,3040.8000,3037.0000,3030.0000,3047.4000,3047.6000,3048.0000,3048.4000,3048.8000,1,5,1,1,1,2,1,1,1,6
SF,IH2009,2020-01-21 09:34:11.600,3043.6000,973,0,31042560.000,0,-,-,-,-,3042.2000,3042.0000,3040.8000,3037.0000,3030.0000,3047.2000,3047.4000,3047.6000,3048.0000,3048.4000,1,6,1,1,1,1,2,1,1,1
SF,IH2009,2020-01-21 09:34:12.100,3043.6000,973,0,31042560.000,0,-,-,-,-,3042.2000,3042.0000,3040.8000,3037.0000,3030.0000,3046.4000,3047.0000,3047.2000,3047.4000,3047.6000,1,6,1,1,1,1,1,1,1,1
SF,IH2009,2020-01-21 09:34:12.600,3043.6000,973,0,31042560.000,0,-,-,-,-,3042.4000,3042.2000,3042.0000,3040.8000,3037.0000,3046.2000,3046.4000,3046.8000,3047.2000,3047.4000,1,1,6,1,1,3,1,1,1,1
SF,IH2009,2020-01-21 09:34:13.100,3043.6000,973,0,31042560.000,0,-,-,-,-,3042.6000,3042.4000,3042.0000,3040.8000,3037.0000,3046.0000,3046.2000,3046.4000,3047.2000,3047.4000,1,1,6,1,1,1,3,1,1,1
SF,IH2009,2020-01-21 09:34:13.600,3043.6000,973,0,31042560.000,0,-,-,-,-,3042.6000,3042.4000,3042.0000,3040.8000,3037.0000,3045.6000,3045.8000,3046.0000,3046.2000,3047.2000,1,1,6,1,1,1,3,1,2,1
SF,IH2009,2020-01-21 09:34:14.100,3043.6000,973,0,31042560.000,0,-,-,-,-,3042.6000,3042.4000,3042.0000,3040.8000,3037.0000,3045.4000,3045.6000,3045.8000,3046.0000,3046.2000,1,1,6,1,1,1,1,2,1,2
SF,IH2009,2020-01-21 09:34:14.600,3043.6000,973,0,31042560.000,0,-,-,-,-,3042.8000,3042.6000,3042.0000,3040.8000,3037.0000,3045.0000,3045.2000,3045.4000,3045.6000,3045.8000,1,1,6,1,1,3,1,1,1,2
SF,IH2009,2020-01-21 09:34:15.100,3043.6000,973,0,31042560.000,0,-,-,-,-,3043.0000,3042.0000,3040.8000,3037.0000,3030.0000,3044.8000,3045.0000,3045.2000,3045.8000,3046.2000,1,6,1,1,1,1,3,1,2,2
SF,IH2009,2020-01-21 09:34:15.600,3043.6000,973,0,31042560.000,0,-,-,-,-,3043.0000,3042.0000,3040.8000,3037.0000,3030.0000,3044.8000,3045.0000,3045.8000,3046.2000,3047.2000,1,6,1,1,1,1,3,2,2,1
SF,IH2009,2020-01-21 09:34:16.100,3043.6000,973,0,31042560.000,0,-,-,-,-,3043.0000,3042.0000,3040.8000,3037.0000,3030.0000,3044.8000,3045.0000,3045.8000,3046.2000,3047.2000,1,6,1,1,1,1,3,2,1,1
SF,IH2009,2020-01-21 09:34:16.600,3043.6000,973,0,31042560.000,0,-,-,-,-,3043.0000,3042.0000,3040.8000,3037.0000,3030.0000,3044.6000,3044.8000,3045.0000,3045.8000,3046.2000,1,6,1,1,1,1,1,3,2,1
SF,IH2009,2020-01-21 09:34:17.100,3043.6000,973,0,31042560.000,0,-,-,-,-,3043.0000,3042.0000,3040.8000,3037.0000,3030.0000,3044.6000,3044.8000,3045.0000,3045.8000,3046.2000,1,6,1,1,1,1,1,1,2,1
SF,IH2009,2020-01-21 09:34:17.600,3043.6000,973,0,31042560.000,0,-,-,-,-,3043.0000,3042.0000,3040.8000,3037.0000,3030.0000,3044.4000,3044.6000,3045.8000,3046.2000,3047.2000,1,6,1,1,1,1,1,2,7,1
SF,IH2009,2020-01-21 09:34:18.100,3043.6000,973,0,31042560.000,0,-,-,-,-,3043.0000,3042.0000,3040.8000,3037.0000,3030.0000,3044.2000,3044.4000,3044.6000,3045.8000,3046.2000,1,6,1,1,1,1,1,1,2,7
SF,IH2009,2020-01-21 09:34:18.600,3043.6000,973,0,31042560.000,0,-,-,-,-,3043.0000,3042.0000,3040.8000,3037.0000,3030.0000,3044.2000,3044.4000,3045.8000,3046.2000,3047.2000,1,6,1,1,1,1,1,2,7,1
SF,IH2009,2020-01-21 09:34:19.100,3043.6000,973,0,31042560.000,0,-,-,-,-,3043.0000,3042.0000,3040.8000,3037.0000,3030.0000,3044.2000,3044.4000,3045.8000,3046.2000,3047.2000,1,6,1,1,1,1,1,1,7,1
SF,IH2009,2020-01-21 09:34:19.600,3043.6000,973,0,31042560.000,0,-,-,-,-,3042.0000,3040.8000,3037.0000,3030.0000,3028.6000,3044.0000,3045.8000,3046.2000,3047.2000,3047.6000,6,1,1,1,5,1,1,7,1,1
SF,IH2009,2020-01-21 09:34:20.100,3043.6000,973,0,31042560.000,0,-,-,-,-,3042.2000,3042.0000,3040.8000,3037.0000,3030.0000,3044.0000,3045.8000,3046.2000,3047.2000,3047.6000,1,6,1,1,1,1,1,7,1,1
SF,IH2009,2020-01-21 09:34:20.600,3043.6000,973,0,31042560.000,0,-,-,-,-,3042.2000,3042.0000,3040.8000,3037.0000,3030.0000,3043.8000,3044.0000,3045.8000,3046.2000,3047.2000,1,6,1,1,1,1,1,1,7,1
SF,IH2009,2020-01-21 09:34:21.600,3043.6000,973,0,31042560.000,0,-,-,-,-,3042.2000,3042.0000,3040.8000,3037.0000,3030.0000,3044.0000,3045.8000,3046.2000,3047.2000,3047.6000,2,6,1,1,1,1,1,7,1,1
SF,IH2009,2020-01-21 09:34:22.100,3043.6000,973,0,31042560.000,0,-,-,-,-,3042.2000,3042.0000,3040.8000,3037.0000,3030.0000,3045.8000,3046.2000,3047.2000,3047.6000,3051.4000,2,6,1,1,1,1,7,1,1,5
SF,IH2009,2020-01-21 09:34:22.600,3043.6000,973,0,31042560.000,0,-,-,-,-,3042.2000,3042.0000,3040.8000,3037.0000,3030.0000,3045.6000,3045.8000,3046.2000,3047.2000,3047.6000,2,6,1,1,1,1,1,7,1,1
SF,IH2009,2020-01-21 09:34:23.100,3043.6000,973,0,31042560.000,0,-,-,-,-,3042.2000,3042.0000,3040.8000,3037.0000,3030.0000,3045.4000,3045.6000,3045.8000,3046.2000,3047.2000,2,6,1,1,1,1,1,1,7,1
SF,IH2009,2020-01-21 09:34:23.600,3043.6000,973,0,31042560.000,0,-,-,-,-,3042.2000,3042.0000,3040.8000,3037.0000,3030.0000,3045.4000,3045.6000,3045.8000,3046.2000,3047.2000,2,6,1,1,1,1,1,1,7,1
SF,IH2009,2020-01-21 09:34:24.100,3043.6000,973,0,31042560.000,0,-,-,-,-,3042.2000,3042.0000,3040.8000,3037.0000,3030.0000,3045.6000,3045.8000,3046.2000,3047.2000,3047.6000,2,6,1,1,1,1,1,7,1,1
SF,IH2009,2020-01-21 09:34:24.600,3043.6000,973,0,31042560.000,0,-,-,-,-,3042.2000,3042.0000,3040.8000,3037.0000,3030.0000,3045.4000,3045.6000,3045.8000,3046.2000,3047.2000,2,6,1,1,1,1,1,1,7,1
SF,IH2009,2020-01-21 09:34:25.100,3043.6000,973,0,31042560.000,0,-,-,-,-,3042.4000,3042.2000,3042.0000,3040.8000,3037.0000,3045.2000,3045.4000,3046.2000,3047.2000,3047.6000,1,2,6,1,1,1,1,7,1,1
SF,IH2009,2020-01-21 09:34:25.600,3043.6000,973,0,31042560.000,0,-,-,-,-,3042.6000,3042.4000,3042.2000,3042.0000,3040.8000,3045.2000,3046.2000,3047.2000,3047.6000,3051.4000,1,1,1,6,1,1,7,1,1,5
SF,IH2009,2020-01-21 09:34:26.100,3043.6000,973,0,31042560.000,0,-,-,-,-,3042.6000,3042.4000,3042.2000,3042.0000,3040.8000,3045.0000,3045.2000,3046.2000,3047.2000,3047.6000,1,1,1,6,1,1,1,7,1,1
SF,IH2009,2020-01-21 09:34:26.600,3043.6000,973,0,31042560.000,0,-,-,-,-,3042.6000,3042.4000,3042.2000,3042.0000,3040.8000,3044.6000,3044.8000,3045.0000,3046.2000,3047.2000,1,1,1,6,1,1,1,1,7,1
SF,IH2009,2020-01-21 09:34:27.100,3043.6000,973,0,31042560.000,0,-,-,-,-,3042.6000,3042.4000,3042.2000,3042.0000,3040.8000,3044.8000,3046.2000,3047.2000,3047.6000,3051.4000,1,1,1,6,1,1,7,1,1,5
SF,IH2009,2020-01-21 09:34:27.600,3043.6000,973,0,31042560.000,0,-,-,-,-,3042.6000,3042.4000,3042.2000,3042.0000,3040.8000,3044.8000,3046.2000,3047.2000,3047.6000,3051.4000,1,1,1,6,1,1,1,1,1,5
SF,IH2009,2020-01-21 09:34:28.100,3043.6000,973,0,31042560.000,0,-,-,-,-,3042.6000,3042.4000,3042.2000,3042.0000,3040.8000,3044.8000,3046.2000,3046.6000,3047.2000,3047.6000,1,1,1,6,1,1,1,6,1,1
SF,IH2009,2020-01-21 09:34:28.600,3043.6000,973,0,31042560.000,0,-,-,-,-,3042.6000,3042.4000,3042.2000,3042.0000,3040.8000,3046.2000,3046.6000,3047.2000,3047.6000,3051.4000,1,1,1,6,1,1,6,1,1,5
SF,IH2009,2020-01-21 09:34:29.100,3043.6000,973,0,31042560.000,0,-,-,-,-,3042.6000,3042.4000,3042.2000,3042.0000,3040.8000,3046.0000,3046.2000,3046.6000,3047.2000,3047.6000,1,1,1,6,1,2,1,6,1,1
SF,IH2009,2020-01-21 09:34:29.600,3043.6000,973,0,31042560.000,0,-,-,-,-,3042.6000,3042.4000,3042.2000,3042.0000,3040.8000,3046.0000,3046.2000,3046.6000,3047.2000,3047.6000,1,1,1,6,1,2,1,6,1,1
SF,IH2009,2020-01-21 09:34:30.100,3043.6000,973,0,31042560.000,0,-,-,-,-,3042.6000,3042.4000,3042.2000,3042.0000,3040.8000,3046.0000,3046.2000,3046.6000,3047.2000,3047.6000,1,1,1,6,1,1,1,6,1,1
SF,IH2009,2020-01-21 09:34:30.600,3043.6000,973,0,31042560.000,0,-,-,-,-,3042.6000,3042.4000,3042.2000,3042.0000,3040.8000,3045.8000,3046.0000,3046.2000,3046.6000,3047.2000,1,1,1,6,1,1,1,1,6,1
SF,IH2009,2020-01-21 09:34:31.100,3043.6000,973,0,31042560.000,0,-,-,-,-,3042.6000,3042.4000,3042.2000,3042.0000,3040.8000,3045.6000,3045.8000,3046.2000,3046.6000,3047.2000,1,1,1,6,1,1,1,1,6,1
SF,IH2009,2020-01-21 09:34:31.600,3043.6000,973,0,31042560.000,0,-,-,-,-,3042.6000,3042.4000,3042.2000,3042.0000,3040.8000,3045.6000,3046.2000,3046.6000,3047.2000,3047.6000,1,1,1,6,1,1,1,6,1,1
SF,IH2009,2020-01-21 09:34:32.100,3043.6000,973,0,31042560.000,0,-,-,-,-,3043.0000,3042.6000,3042.4000,3042.2000,3042.0000,3045.6000,3046.2000,3046.6000,3047.2000,3047.6000,1,1,1,1,6,1,1,6,1,1
SF,IH2009,2020-01-21 09:34:32.600,3043.6000,973,0,31042560.000,0,-,-,-,-,3043.2000,3043.0000,3042.4000,3042.2000,3042.0000,3045.6000,3046.2000,3046.6000,3047.2000,3047.6000,1,1,1,1,6,1,1,6,1,1
SF,IH2009,2020-01-21 09:34:33.100,3043.6000,973,0,31042560.000,0,-,-,-,-,3043.2000,3043.0000,3042.4000,3042.2000,3042.0000,3045.2000,3045.6000,3046.2000,3046.6000,3047.2000,1,1,1,1,6,1,1,1,6,1
SF,IH2009,2020-01-21 09:34:33.600,3043.6000,973,0,31042560.000,0,-,-,-,-,3043.2000,3043.0000,3042.4000,3042.2000,3042.0000,3045.6000,3046.6000,3047.2000,3047.6000,3051.4000,1,1,1,1,6,1,6,1,1,5
SF,IH2009,2020-01-21 09:34:34.100,3043.6000,973,0,31042560.000,0,-,-,-,-,3043.2000,3043.0000,3042.4000,3042.2000,3042.0000,3045.6000,3046.6000,3047.2000,3047.6000,3051.4000,1,1,1,1,6,1,6,1,1,5
SF,IH2009,2020-01-21 09:34:34.600,3043.6000,973,0,31042560.000,0,-,-,-,-,3043.2000,3043.0000,3042.4000,3042.2000,3042.0000,3045.6000,3046.6000,3047.2000,3047.6000,3051.4000,1,1,1,1,6,1,6,1,1,5
SF,IH2009,2020-01-21 09:34:35.600,3043.6000,973,0,31042560.000,0,-,-,-,-,3043.2000,3043.0000,3042.4000,3042.2000,3042.0000,3045.2000,3045.6000,3046.6000,3047.2000,3047.6000,1,1,1,1,6,1,1,6,1,1
SF,IH2009,2020-01-21 09:34:36.100,3043.6000,973,0,31042560.000,0,-,-,-,-,3043.2000,3043.0000,3042.4000,3042.2000,3042.0000,3045.0000,3045.2000,3046.6000,3047.2000,3047.6000,1,1,1,1,6,1,1,6,1,1
SF,IH2009,2020-01-21 09:34:36.600,3043.6000,973,0,31042560.000,0,-,-,-,-,3043.2000,3043.0000,3042.4000,3042.2000,3042.0000,3045.0000,3045.2000,3046.6000,3047.2000,3047.6000,1,1,1,1,6,1,1,6,1,1
SF,IH2009,2020-01-21 09:34:41.100,3043.6000,973,0,31042560.000,0,-,-,-,-,3043.2000,3043.0000,3042.4000,3042.0000,3040.8000,3045.0000,3045.2000,3046.6000,3047.2000,3047.6000,1,1,1,6,1,1,1,6,1,1
SF,IH2009,2020-01-21 09:34:42.100,3045.0000,973,0,31956060.000,1,0,1,多换,S,3043.2000,3043.0000,3042.4000,3042.0000,3040.0000,3045.2000,3046.6000,3047.2000,3047.6000,3051.4000,1,1,1,6,1,1,6,1,1,5
SF,IH2009,2020-01-21 09:34:42.600,3045.0000,973,0,31956060.000,0,-,-,-,-,3043.2000,3043.0000,3042.4000,3042.0000,3040.0000,3045.0000,3046.6000,3047.2000,3047.6000,3051.4000,1,1,1,6,1,1,6,1,1,5
SF,IH2009,2020-01-21 09:34:43.600,3045.0000,973,0,31956060.000,0,-,-,-,-,3043.2000,3043.0000,3042.4000,3042.0000,3040.0000,3046.6000,3047.2000,3047.6000,3051.4000,3052.2000,1,1,1,6,1,6,1,1,5,3
SF,IH2009,2020-01-21 09:34:44.100,3045.0000,973,0,31956060.000,0,-,-,-,-,3043.2000,3043.0000,3042.4000,3042.0000,3040.0000,3046.4000,3046.6000,3047.2000,3047.6000,3051.4000,1,1,1,6,1,2,6,1,1,5
SF,IH2009,2020-01-21 09:34:44.600,3045.0000,973,0,31956060.000,0,-,-,-,-,3043.2000,3043.0000,3042.4000,3042.0000,3040.0000,3046.2000,3046.4000,3046.6000,3047.2000,3047.6000,1,1,1,6,1,1,2,6,1,1
SF,IH2009,2020-01-21 09:34:45.100,3045.0000,973,0,31956060.000,0,-,-,-,-,3043.2000,3043.0000,3042.4000,3042.0000,3040.0000,3045.6000,3045.8000,3046.0000,3046.2000,3046.4000,1,1,1,6,1,1,1,2,1,1
SF,IH2009,2020-01-21 09:34:45.600,3045.0000,973,0,31956060.000,0,-,-,-,-,3043.2000,3043.0000,3042.4000,3042.0000,3040.0000,3045.8000,3046.0000,3046.2000,3047.2000,3047.6000,1,1,1,6,1,1,2,1,1,1
SF,IH2009,2020-01-21 09:34:46.100,3045.0000,973,0,31956060.000,0,-,-,-,-,3043.2000,3043.0000,3042.4000,3042.0000,3040.0000,3045.6000,3045.8000,3046.0000,3046.2000,3047.2000,1,1,1,6,1,2,1,1,1,1
SF,IH2009,2020-01-21 09:34:46.600,3045.0000,973,0,31956060.000,0,-,-,-,-,3043.2000,3043.0000,3042.4000,3042.0000,3040.0000,3045.6000,3045.8000,3047.2000,3047.6000,3051.4000,1,1,1,6,1,2,1,1,1,5
SF,IH2009,2020-01-21 09:34:47.100,3045.0000,973,0,31956060.000,0,-,-,-,-,3043.2000,3043.0000,3042.4000,3042.0000,3040.0000,3045.6000,3045.8000,3047.2000,3047.6000,3051.4000,1,1,1,6,1,1,1,1,1,5
SF,IH2009,2020-01-21 09:34:47.600,3045.0000,973,0,31956060.000,0,-,-,-,-,3043.2000,3043.0000,3042.4000,3042.0000,3040.0000,3045.8000,3047.2000,3047.6000,3051.4000,3052.2000,1,1,1,6,1,1,1,1,5,3
SF,IH2009,2020-01-21 09:34:48.100,3045.0000,973,0,31956060.000,0,-,-,-,-,3043.2000,3043.0000,3042.4000,3042.0000,3040.0000,3045.6000,3045.8000,3047.2000,3047.6000,3051.4000,1,1,1,6,1,1,1,1,1,5
SF,IH2009,2020-01-21 09:34:48.600,3045.0000,973,0,31956060.000,0,-,-,-,-,3043.2000,3043.0000,3042.4000,3042.0000,3040.0000,3045.8000,3047.2000,3047.6000,3051.4000,3052.2000,1,1,1,6,1,1,1,1,5,3
SF,IH2009,2020-01-21 09:34:49.100,3045.0000,973,0,31956060.000,0,-,-,-,-,3043.2000,3043.0000,3042.4000,3042.0000,3040.0000,3045.6000,3045.8000,3047.2000,3047.6000,3051.4000,1,1,1,6,1,1,1,1,1,5
SF,IH2009,2020-01-21 09:34:49.600,3045.0000,973,0,31956060.000,0,-,-,-,-,3043.2000,3043.0000,3042.4000,3042.0000,3040.0000,3045.8000,3047.2000,3047.6000,3051.4000,3052.2000,1,1,1,6,1,1,1,1,5,3
SF,IH2009,2020-01-21 09:34:50.100,3045.0000,973,0,31956060.000,0,-,-,-,-,3043.2000,3043.0000,3042.4000,3042.0000,3040.0000,3045.8000,3047.2000,3047.6000,3051.4000,3052.2000,1,1,1,6,1,1,1,1,5,3
SF,IH2009,2020-01-21 09:34:50.600,3045.0000,973,0,31956060.000,0,-,-,-,-,3043.2000,3043.0000,3042.4000,3042.0000,3040.0000,3045.8000,3047.2000,3047.6000,3051.4000,3052.2000,1,1,1,6,1,1,1,1,5,3
SF,IH2009,2020-01-21 09:34:51.100,3045.0000,973,0,31956060.000,0,-,-,-,-,3043.2000,3043.0000,3042.4000,3042.0000,3040.0000,3045.6000,3046.6000,3047.2000,3047.6000,3051.4000,1,1,1,6,1,1,1,1,1,5
SF,IH2009,2020-01-21 09:34:51.600,3045.0000,973,0,31956060.000,0,-,-,-,-,3043.2000,3043.0000,3042.4000,3042.0000,3040.0000,3045.2000,3046.6000,3047.2000,3047.6000,3051.4000,1,1,1,6,1,1,1,1,1,5
SF,IH2009,2020-01-21 09:34:52.100,3045.0000,973,0,31956060.000,0,-,-,-,-,3043.2000,3043.0000,3042.4000,3042.0000,3040.0000,3046.6000,3047.2000,3047.6000,3051.4000,3052.2000,1,1,1,6,1,1,1,1,5,3
SF,IH2009,2020-01-21 09:34:52.600,3045.0000,973,0,31956060.000,0,-,-,-,-,3043.2000,3043.0000,3042.4000,3042.0000,3040.0000,3046.6000,3047.2000,3047.6000,3051.4000,3052.2000,1,1,1,6,1,1,1,1,5,3
SF,IH2009,2020-01-21 09:34:53.100,3045.0000,973,0,31956060.000,0,-,-,-,-,3043.2000,3043.0000,3042.4000,3042.0000,3040.0000,3046.4000,3046.6000,3047.2000,3047.6000,3051.4000,1,1,1,6,1,1,1,1,1,5
SF,IH2009,2020-01-21 09:34:53.600,3045.0000,973,0,31956060.000,0,-,-,-,-,3043.2000,3043.0000,3042.4000,3042.0000,3040.0000,3046.2000,3046.4000,3046.6000,3047.2000,3047.6000,1,1,1,6,1,1,1,1,1,1
SF,IH2009,2020-01-21 09:34:54.100,3045.0000,973,0,31956060.000,0,-,-,-,-,3043.2000,3043.0000,3042.4000,3042.0000,3040.0000,3046.0000,3046.2000,3046.6000,3047.2000,3047.6000,1,1,1,6,1,1,1,1,1,1
SF,IH2009,2020-01-21 09:34:54.600,3045.0000,973,0,31956060.000,0,-,-,-,-,3043.2000,3043.0000,3042.4000,3042.0000,3040.0000,3045.6000,3045.8000,3046.0000,3046.2000,3046.6000,1,1,1,6,1,2,1,1,1,1
SF,IH2009,2020-01-21 09:34:55.100,3045.0000,973,0,31956060.000,0,-,-,-,-,3043.2000,3043.0000,3042.4000,3042.0000,3040.0000,3045.4000,3045.6000,3045.8000,3046.2000,3046.6000,1,1,1,6,1,1,2,1,1,1
SF,IH2009,2020-01-21 09:34:55.600,3045.0000,973,0,31956060.000,0,-,-,-,-,3043.2000,3043.0000,3042.4000,3042.0000,3040.0000,3045.2000,3045.6000,3045.8000,3046.2000,3046.6000,1,1,1,6,1,1,2,1,1,1
SF,IH2009,2020-01-21 09:34:56.100,3045.0000,973,0,31956060.000,0,-,-,-,-,3043.2000,3043.0000,3042.4000,3042.0000,3040.0000,3045.2000,3045.8000,3046.2000,3046.6000,3047.2000,1,1,1,6,1,1,1,1,1,1
SF,IH2009,2020-01-21 09:34:57.100,3045.0000,973,0,31956060.000,0,-,-,-,-,3043.2000,3043.0000,3042.4000,3042.0000,3040.0000,3045.0000,3045.2000,3045.8000,3046.2000,3046.6000,1,1,1,6,1,2,1,1,1,1
SF,IH2009,2020-01-21 09:34:57.600,3045.0000,973,0,31956060.000,0,-,-,-,-,3043.2000,3043.0000,3042.4000,3042.0000,3040.0000,3044.8000,3045.0000,3045.2000,3045.8000,3046.2000,1,1,1,6,1,1,2,1,1,1
SF,IH2009,2020-01-21 09:34:58.100,3045.0000,973,0,31956060.000,0,-,-,-,-,3043.2000,3043.0000,3042.4000,3042.0000,3040.0000,3044.6000,3044.8000,3045.2000,3045.8000,3046.2000,1,1,1,6,1,2,1,1,1,1
