市场代码,合约代码,时间,最新,持仓,增仓,成交额,成交量,开仓,平仓,成交类型,方向,买一价,买二价,买三价,买四价,买五价,卖一价,卖二价,卖三价,卖四价,卖五价,买一量,买二量,买三量,买四量,买五量,卖一量,卖二量,卖三量,卖四量,卖五量
SF,IH2012,2020-09-04 09:29:00.000,3262.0000,23180,0,19572000.000,20.000,-,-,-,-,3261.0000,3260.6000,3260.0000,3259.0000,3258.0000,3262.2000,3262.4000,3263.0000,3264.0000,3265.0000,1,1,13,10,12,7,7,1,1,1
SF,IH2012,2020-09-04 09:30:00.500,3261.0000,23168,-12,62610180.000,44,16,28,多平,S,3258.0000,3257.0000,3256.2000,3256.0000,3255.8000,3261.0000,3261.4000,3265.0000,3268.0000,3270.0000,12,10,1,10,1,9,5,1,6,1
SF,IH2012,2020-09-04 09:30:01.000,3261.4000,23152,-16,92930760.000,31,7,24,多平,S,3258.2000,3258.0000,3257.0000,3256.2000,3256.0000,3261.4000,3262.0000,3265.0000,3268.0000,3270.0000,1,9,10,1,11,3,1,1,6,1
SF,IH2012,2020-09-04 09:30:01.500,3261.0000,23146,-6,106628520.000,14,4,10,多平,S,3260.2000,3260.0000,3259.0000,3258.8000,3258.6000,3262.0000,3265.0000,3268.0000,3270.0000,3274.0000,2,1,1,1,1,1,1,6,1,1
SF,IH2012,2020-09-04 09:30:02.000,3258.0000,23139,-7,125202660.000,19,6,13,多平,S,3257.0000,3256.2000,3256.0000,3255.8000,3255.0000,3258.0000,3261.8000,3262.0000,3265.0000,3266.6000,10,1,16,1,11,5,1,1,1,3
SF,IH2012,2020-09-04 09:30:02.500,3258.6000,23128,-11,136935540.000,12,0,12,多平,S,3258.6000,3258.2000,3258.0000,3257.4000,3257.2000,3261.0000,3261.8000,3262.0000,3265.0000,3266.6000,1,1,2,1,1,22,1,1,1,3
SF,IH2012,2020-09-04 09:30:03.000,3259.0000,23125,-3,149652480.000,13,5,8,多平,S,3258.8000,3258.6000,3258.0000,3257.6000,3257.2000,3261.0000,3262.0000,3265.0000,3266.6000,3268.0000,4,2,3,4,2,13,2,1,3,6
SF,IH2012,2020-09-04 09:30:03.500,3261.0000,23122,-3,157478880.000,8,2,6,多平,S,3259.4000,3259.2000,3258.8000,3258.6000,3258.2000,3261.0000,3262.0000,3265.0000,3266.6000,3268.0000,1,1,4,1,1,5,2,1,3,6
SF,IH2012,2020-09-04 09:30:04.000,3261.0000,23116,-6,163348380.000,6,0,6,双平,S,3261.2000,3260.0000,3259.4000,3258.8000,3258.6000,3262.0000,3265.0000,3266.6000,3268.0000,3274.0000,2,1,1,3,1,2,1,3,6,1
SF,IH2012,2020-09-04 09:30:04.500,3261.0000,23113,-3,169218780.000,6,1,5,多平,S,3259.4000,3258.8000,3258.6000,3258.2000,3258.0000,3266.6000,3268.0000,3274.0000,3278.0000,3278.8000,1,3,1,1,4,3,6,1,1,1
SF,IH2012,2020-09-04 09:30:05.000,3266.4000,23108,-5,177056700.000,8,1,7,多平,S,3263.0000,3261.0000,3260.4000,3260.0000,3259.8000,3266.6000,3268.0000,3274.0000,3278.0000,3278.8000,1,3,1,1,1,3,6,1,1,1
SF,IH2012,2020-09-04 09:30:05.500,3263.2000,23106,-2,180975420.000,4,1,3,多平,S,3263.2000,3263.0000,3262.2000,3262.0000,3261.2000,3266.6000,3268.0000,3274.0000,3278.0000,3278.8000,1,1,1,1,1,3,6,1,1,1
SF,IH2012,2020-09-04 09:30:06.000,3263.4000,23104,-2,182934360.000,2,0,2,双平,S,3263.2000,3263.0000,3262.2000,3262.0000,3261.2000,3266.6000,3268.0000,3274.0000,3278.0000,3278.8000,1,1,1,1,1,3,6,1,1,1
SF,IH2012,2020-09-04 09:30:06.500,3266.4000,23103,-1,184893300.000,2,0,2,多平,S,3263.6000,3263.4000,3263.2000,3263.0000,3262.2000,3266.6000,3268.0000,3274.0000,3278.0000,3278.8000,1,1,1,1,1,3,6,1,1,1
SF,IH2012,2020-09-04 09:30:07.000,3266.6000,23101,-2,186853200.000,2,0,2,双平,S,3263.8000,3263.4000,3263.0000,3262.2000,3262.0000,3266.6000,3268.0000,3274.0000,3278.0000,3278.8000,3,2,1,1,1,2,6,1,1,1
SF,IH2012,2020-09-04 09:30:07.500,3266.6000,23101,0,186853200.000,0,-,-,-,-,3264.2000,3264.0000,3263.8000,3263.4000,3263.0000,3266.6000,3268.0000,3274.0000,3278.0000,3278.8000,1,2,3,1,1,2,6,1,1,1
SF,IH2012,2020-09-04 09:30:08.000,3266.6000,23100,-1,189793140.000,3,1,2,多平,S,3266.8000,3266.6000,3264.8000,3264.6000,3264.4000,3268.0000,3274.0000,3278.0000,3278.8000,3280.0000,1,1,1,1,2,6,1,1,1,13
SF,IH2012,2020-09-04 09:30:08.500,3268.0000,23095,-5,196654740.000,7,1,6,多平,S,3266.6000,3264.8000,3264.6000,3264.4000,3264.2000,3268.0000,3268.8000,3274.0000,3278.0000,3278.8000,8,1,2,2,1,2,1,1,1,1
SF,IH2012,2020-09-04 09:30:09.000,3268.0000,23092,-3,200575980.000,4,0,4,多平,S,3267.0000,3266.8000,3266.6000,3264.8000,3264.6000,3268.8000,3274.0000,3278.0000,3278.8000,3280.0000,1,1,9,1,1,1,1,1,1,13
SF,IH2012,2020-09-04 09:30:09.500,3268.8000,23088,-4,205478940.000,5,0,5,多平,S,3269.0000,3267.2000,3267.0000,3266.6000,3264.8000,3274.0000,3278.0000,3278.8000,3280.0000,3281.0000,2,3,2,11,1,1,1,1,13,1
SF,IH2012,2020-09-04 09:30:10.000,3267.0000,23086,-2,212342340.000,7,2,5,多平,S,3268.0000,3266.6000,3264.8000,3264.6000,3264.2000,3268.8000,3269.0000,3269.2000,3269.4000,3269.6000,1,13,1,2,1,5,2,3,2,1
SF,IH2012,2020-09-04 09:30:10.500,3268.8000,23083,-3,215284260.000,3,0,3,双平,S,3268.8000,3268.0000,3266.6000,3264.8000,3264.6000,3269.0000,3270.8000,3272.2000,3273.0000,3273.6000,1,1,13,1,2,1,4,1,2,8
SF,IH2012,2020-09-04 09:30:11.000,3269.2000,23081,-2,219207660.000,4,1,3,多平,S,3269.2000,3268.0000,3266.6000,3264.8000,3264.6000,3270.8000,3272.2000,3273.6000,3273.8000,3274.0000,3,1,13,1,2,3,1,8,2,1
SF,IH2012,2020-09-04 09:30:11.500,3269.2000,23079,-2,222149940.000,3,0,3,多平,S,3268.0000,3266.6000,3264.8000,3264.6000,3264.2000,3270.0000,3270.4000,3270.6000,3270.8000,3274.0000,1,13,1,2,1,1,8,6,3,1
SF,IH2012,2020-09-04 09:30:12.000,3270.6000,23078,-1,224112120.000,2,0,2,多平,S,3270.2000,3270.0000,3268.8000,3268.2000,3268.0000,3270.6000,3270.8000,3274.0000,3278.0000,3278.8000,1,1,1,2,1,5,3,1,1,1
SF,IH2012,2020-09-04 09:30:12.500,3270.6000,23071,-7,231961680.000,8,0,8,多平,S,3270.8000,3270.6000,3270.4000,3270.0000,3268.8000,3274.0000,3278.0000,3278.8000,3280.0000,3281.0000,2,1,3,1,21,1,1,1,11,1
SF,IH2012,2020-09-04 09:30:13.000,3270.0000,23062,-9,244716060.000,13,2,11,多平,S,3269.0000,3268.8000,3268.6000,3268.0000,3266.6000,3270.0000,3270.2000,3270.4000,3270.6000,3270.8000,1,21,1,1,12,1,1,2,6,5
SF,IH2012,2020-09-04 09:30:13.500,3270.8000,23060,-2,247659300.000,3,0,3,多平,S,3270.2000,3270.0000,3269.2000,3269.0000,3268.8000,3272.2000,3272.4000,3272.8000,3273.0000,3273.2000,2,1,1,1,21,1,1,1,3,1
SF,IH2012,2020-09-04 09:30:14.000,3270.8000,23059,-1,249621660.000,2,0,2,多平,S,3270.8000,3270.0000,3269.0000,3268.8000,3268.0000,3271.8000,3272.0000,3272.2000,3272.4000,3272.8000,1,2,2,21,1,8,2,1,1,1
SF,IH2012,2020-09-04 09:30:14.500,3271.4000,23059,0,253546800.000,4,2,2,多换,S,3270.0000,3269.0000,3268.8000,3268.0000,3266.6000,3271.8000,3272.0000,3272.8000,3273.8000,3274.0000,2,2,21,1,11,8,2,1,2,1
SF,IH2012,2020-09-04 09:30:15.000,3271.4000,23059,0,254528220.000,1,0,1,多换,S,3270.8000,3270.2000,3270.0000,3269.0000,3268.8000,3271.6000,3272.8000,3273.8000,3274.0000,3278.0000,1,1,2,2,21,1,1,2,1,1
SF,IH2012,2020-09-04 09:30:15.500,3271.6000,23059,0,255509700.000,1,0,1,多换,S,3271.6000,3271.0000,3270.8000,3270.0000,3269.0000,3272.8000,3273.8000,3274.0000,3278.0000,3278.8000,1,2,1,2,2,1,1,1,1,1
SF,IH2012,2020-09-04 09:30:16.000,3271.8000,23058,-1,258454920.000,3,1,2,多平,S,3271.6000,3271.4000,3271.0000,3270.8000,3270.0000,3274.0000,3278.0000,3278.8000,3280.0000,3281.0000,1,1,2,1,2,1,1,1,7,1
SF,IH2012,2020-09-04 09:30:16.500,3272.6000,23055,-3,262381500.000,4,0,4,多平,S,3271.0000,3270.8000,3270.0000,3269.0000,3268.8000,3272.8000,3273.2000,3273.6000,3273.8000,3274.0000,2,1,2,2,21,2,1,10,3,3
SF,IH2012,2020-09-04 09:30:17.000,3271.0000,23054,-1,266306640.000,4,1,3,多平,S,3270.8000,3270.0000,3269.0000,3268.8000,3268.0000,3272.6000,3273.6000,3274.0000,3275.8000,3276.8000,5,2,2,21,1,2,1,1,1,1
SF,IH2012,2020-09-04 09:30:17.500,3272.4000,23054,0,268269900.000,2,1,1,多换,S,3270.8000,3270.0000,3269.0000,3268.8000,3268.0000,3272.6000,3273.6000,3274.0000,3275.0000,3275.8000,5,2,2,21,1,2,1,1,1,1
SF,IH2012,2020-09-04 09:30:18.000,3272.4000,23054,0,268269900.000,0,-,-,-,-,3271.0000,3270.8000,3270.0000,3269.0000,3268.8000,3272.6000,3274.0000,3275.0000,3275.8000,3276.8000,1,5,2,2,21,2,1,1,1,1
SF,IH2012,2020-09-04 09:30:18.500,3272.4000,23054,0,268269900.000,0,-,-,-,-,3270.8000,3270.0000,3269.0000,3268.8000,3268.0000,3272.6000,3274.0000,3275.0000,3275.8000,3276.8000,5,2,2,21,1,2,1,1,1,1
SF,IH2012,2020-09-04 09:30:19.000,3272.6000,23052,-2,271215240.000,3,0,3,多平,S,3271.0000,3270.8000,3270.0000,3269.0000,3268.8000,3274.0000,3275.0000,3275.8000,3276.8000,3278.0000,1,5,2,2,21,1,1,1,1,1
SF,IH2012,2020-09-04 09:30:19.500,3273.6000,23051,-1,272197320.000,1,0,1,双平,S,3272.6000,3271.2000,3270.8000,3270.6000,3270.0000,3273.6000,3273.8000,3274.0000,3275.0000,3275.8000,2,1,5,1,2,10,5,1,1,1
SF,IH2012,2020-09-04 09:30:20.000,3272.6000,23051,0,274160880.000,2,1,1,多换,S,3270.8000,3270.6000,3270.0000,3269.0000,3268.8000,3272.2000,3272.4000,3272.6000,3273.2000,3273.6000,5,1,2,2,20,1,1,2,1,7
SF,IH2012,2020-09-04 09:30:20.500,3270.8000,23051,0,279067080.000,5,2,3,多换,S,3270.6000,3270.0000,3269.0000,3268.8000,3268.0000,3270.8000,3271.0000,3272.0000,3272.2000,3272.4000,1,2,2,20,1,12,1,2,1,1
SF,IH2012,2020-09-04 09:30:21.000,3270.8000,23049,-2,283973220.000,5,1,4,多平,S,3270.0000,3269.0000,3268.8000,3268.0000,3266.6000,3270.8000,3271.0000,3272.0000,3272.4000,3273.4000,2,2,20,1,7,8,1,2,1,1
SF,IH2012,2020-09-04 09:30:21.500,3270.8000,23047,-2,285935700.000,2,0,2,双平,S,3270.0000,3269.0000,3268.8000,3268.0000,3266.6000,3270.8000,3271.0000,3272.0000,3272.4000,3273.4000,2,2,20,1,7,7,1,2,1,1
SF,IH2012,2020-09-04 09:30:22.000,3270.8000,23047,0,288878940.000,3,1,2,多换,S,3269.0000,3268.8000,3268.0000,3266.6000,3264.8000,3270.6000,3270.8000,3271.0000,3272.0000,3272.4000,2,20,1,6,1,1,7,1,2,1
SF,IH2012,2020-09-04 09:30:22.500,3270.6000,23047,0,291821940.000,3,1,2,多换,S,3269.0000,3268.8000,3268.0000,3266.6000,3264.8000,3270.8000,3271.0000,3272.0000,3272.4000,3273.2000,1,20,1,6,1,7,1,1,1,2
SF,IH2012,2020-09-04 09:30:23.000,3269.0000,23047,0,292802640.000,1,0,1,多换,S,3268.8000,3268.0000,3266.6000,3264.8000,3264.6000,3270.6000,3270.8000,3271.0000,3272.0000,3272.4000,20,1,6,1,1,2,7,1,1,1
SF,IH2012,2020-09-04 09:30:23.500,3270.6000,23045,-2,298687500.000,6,2,4,多平,S,3268.8000,3268.0000,3266.6000,3264.8000,3264.6000,3270.6000,3270.8000,3271.0000,3272.0000,3272.4000,16,1,6,1,1,8,7,1,1,1
SF,IH2012,2020-09-04 09:30:24.000,3270.6000,23044,-1,299668680.000,1,0,1,双平,S,3268.8000,3268.0000,3266.6000,3264.8000,3264.6000,3270.4000,3270.6000,3270.8000,3271.0000,3272.0000,16,1,6,1,1,1,8,7,1,1
SF,IH2012,2020-09-04 09:30:24.500,3270.6000,23044,0,299668680.000,0,-,-,-,-,3269.0000,3268.8000,3268.0000,3266.6000,3264.8000,3270.2000,3270.4000,3270.6000,3270.8000,3271.0000,1,16,1,6,1,6,1,8,7,1
SF,IH2012,2020-09-04 09:30:25.000,3270.4000,23044,0,301630980.000,2,1,1,多换,S,3269.0000,3268.8000,3268.0000,3266.6000,3264.8000,3270.2000,3270.4000,3270.6000,3270.8000,3271.0000,1,16,1,6,1,4,1,1,7,1
SF,IH2012,2020-09-04 09:30:25.500,3270.2000,23041,-3,304574160.000,3,0,3,双平,S,3269.0000,3268.8000,3268.0000,3266.6000,3264.8000,3270.2000,3270.4000,3270.6000,3270.8000,3271.0000,1,16,1,6,1,1,1,2,7,1
SF,IH2012,2020-09-04 09:30:26.000,3270.2000,23041,0,304574160.000,0,-,-,-,-,3269.0000,3268.8000,3268.0000,3266.6000,3264.8000,3270.0000,3270.2000,3270.4000,3270.6000,3270.8000,1,16,1,6,1,1,1,1,2,7
SF,IH2012,2020-09-04 09:30:26.500,3270.2000,23041,0,305555220.000,1,0,1,多换,S,3270.0000,3269.2000,3269.0000,3268.8000,3268.0000,3270.6000,3270.8000,3271.0000,3272.0000,3272.4000,1,2,1,16,1,2,7,1,1,1
SF,IH2012,2020-09-04 09:30:27.000,3269.0000,23039,-2,308497680.000,3,0,3,多平,S,3268.8000,3268.0000,3266.6000,3264.8000,3264.6000,3270.2000,3270.6000,3270.8000,3271.0000,3272.0000,16,1,6,1,1,1,1,1,1,1
SF,IH2012,2020-09-04 09:30:27.500,3269.0000,23039,0,308497680.000,0,-,-,-,-,3270.0000,3269.0000,3268.8000,3268.0000,3266.6000,3270.2000,3270.6000,3271.0000,3272.4000,3273.0000,1,10,16,1,6,1,1,1,1,1
SF,IH2012,2020-09-04 09:30:28.000,3270.0000,23037,-2,311440800.000,3,0,3,多平,S,3270.2000,3269.0000,3268.8000,3268.0000,3266.6000,3270.6000,3271.0000,3272.4000,3273.0000,3273.4000,1,5,16,1,6,1,1,1,1,1
SF,IH2012,2020-09-04 09:30:28.500,3269.0000,23034,-3,314383740.000,3,0,3,双平,S,3269.0000,3268.8000,3268.0000,3266.6000,3265.0000,3271.0000,3272.4000,3273.0000,3273.4000,3274.0000,4,16,1,6,1,1,1,1,1,2
SF,IH2012,2020-09-04 09:30:29.000,3270.2000,23033,-1,321250680.000,7,3,4,多平,S,3270.2000,3269.2000,3269.0000,3268.8000,3268.0000,3272.4000,3273.0000,3273.4000,3274.0000,3275.0000,1,3,4,16,1,1,1,1,2,1
SF,IH2012,2020-09-04 09:30:29.500,3270.2000,23031,-2,324193860.000,3,0,3,多平,S,3269.2000,3269.0000,3268.8000,3268.0000,3266.6000,3270.2000,3271.4000,3272.0000,3272.2000,3272.4000,2,4,16,1,6,3,1,7,3,1
SF,IH2012,2020-09-04 09:30:30.000,3270.2000,23027,-4,328118100.000,4,0,4,双平,S,3269.6000,3269.4000,3269.2000,3269.0000,3268.8000,3270.2000,3271.6000,3271.8000,3272.4000,3273.0000,1,2,1,4,16,1,1,1,1,1
SF,IH2012,2020-09-04 09:30:30.500,3270.2000,23026,-1,329099160.000,1,0,1,双平,S,3270.0000,3269.4000,3269.0000,3268.8000,3268.0000,3271.6000,3271.8000,3272.4000,3273.0000,3273.4000,1,1,4,16,1,1,1,1,1,1
SF,IH2012,2020-09-04 09:30:31.000,3271.6000,23026,0,332043180.000,3,1,2,多换,S,3270.4000,3269.8000,3269.4000,3268.8000,3268.0000,3271.8000,3272.4000,3273.0000,3273.4000,3274.0000,2,1,1,16,1,1,1,2,1,2
SF,IH2012,2020-09-04 09:30:31.500,3271.8000,23026,0,333024720.000,1,0,1,多换,S,3271.8000,3270.2000,3269.4000,3268.8000,3266.6000,3272.4000,3273.0000,3273.4000,3274.0000,3275.0000,1,1,1,16,6,1,2,1,2,1
SF,IH2012,2020-09-04 09:30:32.000,3269.4000,23025,-1,334987080.000,2,0,2,多平,S,3272.0000,3268.8000,3266.6000,3265.0000,3264.2000,3272.4000,3273.0000,3273.4000,3274.0000,3275.0000,1,16,6,1,1,1,2,1,2,1
SF,IH2012,2020-09-04 09:30:32.500,3272.0000,23024,-1,336950280.000,2,0,2,多平,S,3268.8000,3266.6000,3265.0000,3264.2000,3262.2000,3272.0000,3272.4000,3273.0000,3274.0000,3275.0000,16,6,1,1,1,1,1,2,2,1
SF,IH2012,2020-09-04 09:30:33.000,3272.4000,23024,0,337932000.000,1,0,1,多换,S,3269.8000,3269.4000,3269.2000,3269.0000,3268.8000,3273.0000,3274.0000,3275.0000,3275.8000,3276.8000,1,2,5,8,16,2,2,1,1,1
SF,IH2012,2020-09-04 09:30:33.500,3272.6000,23023,-1,338913780.000,1,0,1,双平,S,3270.4000,3270.2000,3270.0000,3269.8000,3269.4000,3272.8000,3273.0000,3274.0000,3275.0000,3275.8000,1,1,4,1,1,1,2,2,1,1
SF,IH2012,2020-09-04 09:30:34.000,3272.6000,23023,0,338913780.000,0,-,-,-,-,3270.6000,3270.4000,3270.2000,3270.0000,3269.8000,3272.8000,3273.0000,3274.0000,3275.0000,3275.8000,3,1,1,2,2,1,2,2,1,1
SF,IH2012,2020-09-04 09:30:34.500,3272.6000,23023,0,338913780.000,0,-,-,-,-,3270.8000,3270.6000,3270.2000,3269.8000,3269.4000,3272.6000,3272.8000,3273.0000,3274.0000,3275.0000,1,3,1,2,1,9,1,2,2,1
SF,IH2012,2020-09-04 09:30:35.000,3271.0000,23021,-2,340876860.000,2,0,2,双平,S,3271.0000,3270.6000,3269.8000,3269.4000,3269.2000,3272.6000,3273.0000,3274.0000,3275.0000,3275.8000,1,1,1,1,4,9,2,2,1,1
SF,IH2012,2020-09-04 09:30:35.500,3271.0000,23020,-1,342839640.000,2,0,2,多平,S,3270.6000,3269.4000,3269.2000,3269.0000,3268.8000,3272.4000,3272.6000,3273.0000,3274.0000,3275.0000,1,1,1,1,17,1,9,2,2,1
SF,IH2012,2020-09-04 09:30:36.000,3272.6000,23022,2,349711920.000,7,4,3,空开,S,3270.8000,3270.6000,3269.4000,3269.2000,3269.0000,3272.6000,3273.0000,3274.0000,3275.0000,3275.8000,2,1,1,1,1,4,2,2,1,1
SF,IH2012,2020-09-04 09:30:36.500,3272.6000,23021,-1,350693700.000,1,0,1,双平,S,3272.8000,3271.0000,3270.8000,3270.6000,3269.4000,3273.0000,3274.0000,3275.0000,3275.8000,3276.4000,1,4,3,1,1,2,2,1,1,1
SF,IH2012,2020-09-04 09:30:37.000,3272.6000,23019,-2,352657260.000,2,0,2,双平,S,3272.4000,3271.0000,3270.8000,3270.6000,3269.4000,3272.6000,3272.8000,3273.0000,3274.0000,3275.0000,1,5,2,1,1,1,5,2,2,1
SF,IH2012,2020-09-04 09:30:37.500,3272.4000,23019,0,353638980.000,1,0,1,多换,S,3271.0000,3270.8000,3270.6000,3269.4000,3269.2000,3272.0000,3272.2000,3272.4000,3272.6000,3272.8000,1,1,1,1,1,1,5,2,1,2
SF,IH2012,2020-09-04 09:30:38.000,3271.0000,23019,0,354620280.000,1,0,1,多换,S,3270.8000,3270.6000,3269.4000,3269.2000,3269.0000,3271.6000,3272.0000,3272.2000,3272.4000,3272.6000,1,1,1,1,1,1,1,2,1,1
SF,IH2012,2020-09-04 09:30:38.500,3271.6000,23019,0,355601760.000,1,0,1,多换,S,3271.0000,3270.8000,3270.6000,3269.4000,3269.2000,3272.0000,3272.2000,3272.4000,3273.0000,3274.0000,1,1,1,1,1,1,2,1,2,2
SF,IH2012,2020-09-04 09:30:39.000,3272.0000,23018,-1,356583360.000,1,0,1,双平,S,3271.2000,3271.0000,3270.8000,3270.6000,3269.4000,3271.8000,3272.4000,3273.0000,3274.0000,3275.0000,1,2,1,1,1,4,1,2,2,1
SF,IH2012,2020-09-04 09:30:39.500,3272.0000,23016,-2,358546560.000,2,0,2,双平,S,3271.0000,3270.8000,3270.6000,3269.4000,3269.2000,3271.6000,3271.8000,3272.4000,3273.0000,3274.0000,2,1,1,1,1,1,2,1,2,2
SF,IH2012,2020-09-04 09:30:40.000,3271.0000,23014,-2,360509220.000,2,0,2,双平,S,3270.8000,3270.6000,3269.4000,3269.2000,3269.0000,3271.6000,3271.8000,3272.4000,3273.0000,3274.0000,1,1,1,1,1,1,2,1,2,2
SF,IH2012,2020-09-04 09:30:40.500,3271.6000,23014,0,361490700.000,1,0,1,多换,S,3270.8000,3270.6000,3269.4000,3269.2000,3269.0000,3271.8000,3272.0000,3272.4000,3273.0000,3274.0000,1,1,1,1,1,2,2,1,2,2
SF,IH2012,2020-09-04 09:30:41.000,3270.6000,23013,-1,363453120.000,2,0,2,多平,S,3269.4000,3269.2000,3269.0000,3268.8000,3268.0000,3271.6000,3271.8000,3272.0000,3272.4000,3273.0000,1,1,1,17,2,1,2,2,1,2
SF,IH2012,2020-09-04 09:30:41.500,3271.6000,23013,0,364434600.000,1,0,1,多换,S,3269.8000,3269.6000,3269.4000,3269.2000,3269.0000,3271.8000,3272.0000,3272.4000,3273.0000,3274.0000,1,2,1,1,1,2,2,1,2,2
SF,IH2012,2020-09-04 09:30:42.000,3271.6000,23013,0,364434600.000,0,-,-,-,-,3271.6000,3270.0000,3269.8000,3269.0000,3268.8000,3271.8000,3272.0000,3272.4000,3273.0000,3274.0000,1,5,5,1,17,2,2,1,2,2
SF,IH2012,2020-09-04 09:30:42.500,3270.0000,23014,1,367378560.000,3,2,1,空开,S,3270.0000,3269.0000,3268.8000,3268.0000,3266.6000,3271.6000,3271.8000,3272.0000,3273.0000,3274.0000,1,1,17,2,1,3,2,2,2,2
SF,IH2012,2020-09-04 09:30:43.000,3270.0000,23014,0,369340920.000,2,1,1,多换,S,3269.0000,3268.8000,3268.0000,3266.6000,3265.0000,3271.4000,3271.6000,3271.8000,3272.0000,3273.0000,1,17,2,1,1,2,4,2,2,2
SF,IH2012,2020-09-04 09:30:43.500,3271.4000,23012,-2,373265340.000,4,1,3,多平,S,3269.2000,3269.0000,3268.8000,3268.0000,3266.6000,3271.6000,3271.8000,3272.0000,3273.0000,3274.0000,2,1,17,2,1,2,2,2,2,2
SF,IH2012,2020-09-04 09:30:44.000,3271.4000,23012,0,373265340.000,0,-,-,-,-,3269.4000,3269.2000,3269.0000,3268.8000,3268.0000,3271.4000,3271.6000,3271.8000,3272.0000,3273.0000,3,1,2,17,2,1,1,2,2,2
SF,IH2012,2020-09-04 09:30:44.500,3271.4000,23012,0,373265340.000,0,-,-,-,-,3269.6000,3269.4000,3269.0000,3268.8000,3268.0000,3271.2000,3271.4000,3271.6000,3271.8000,3272.0000,1,3,2,17,2,1,1,1,2,2
SF,IH2012,2020-09-04 09:30:45.000,3271.4000,23012,0,374246760.000,1,0,1,多换,S,3269.8000,3269.6000,3269.4000,3269.0000,3268.8000,3271.4000,3271.6000,3271.8000,3272.0000,3273.0000,1,1,2,2,17,1,1,2,2,2
SF,IH2012,2020-09-04 09:30:45.500,3271.4000,23012,0,374246760.000,0,-,-,-,-,3269.8000,3269.6000,3269.0000,3268.8000,3268.0000,3271.2000,3271.4000,3271.6000,3271.8000,3272.0000,1,1,2,17,2,1,1,1,2,2
SF,IH2012,2020-09-04 09:30:46.000,3269.8000,23012,0,376209120.000,2,1,1,多换,S,3269.6000,3269.0000,3268.8000,3268.0000,3266.6000,3271.6000,3271.8000,3272.0000,3273.0000,3274.0000,1,2,17,2,1,1,2,2,2,2
SF,IH2012,2020-09-04 09:30:46.500,3269.8000,23012,0,376209120.000,0,-,-,-,-,3269.8000,3269.6000,3269.0000,3268.8000,3268.0000,3271.4000,3271.6000,3271.8000,3272.0000,3273.0000,1,1,2,17,2,2,1,2,2,2
SF,IH2012,2020-09-04 09:30:47.000,3269.8000,23012,0,376209120.000,0,-,-,-,-,3269.0000,3268.8000,3268.0000,3266.6000,3265.0000,3271.2000,3271.4000,3271.6000,3271.8000,3272.0000,2,1,2,1,1,2,3,1,2,2
SF,IH2012,2020-09-04 09:30:47.500,3269.8000,23012,0,376209120.000,0,-,-,-,-,3269.0000,3268.8000,3268.0000,3266.6000,3265.0000,3271.0000,3271.2000,3271.4000,3271.8000,3272.0000,2,1,2,1,1,2,3,1,2,2
SF,IH2012,2020-09-04 09:30:48.000,3269.8000,23012,0,376209120.000,0,-,-,-,-,3269.2000,3269.0000,3268.8000,3268.0000,3266.6000,3270.8000,3271.0000,3271.2000,3271.4000,3271.8000,1,2,1,2,1,1,2,3,1,2
SF,IH2012,2020-09-04 09:30:48.500,3269.8000,23012,0,376209120.000,0,-,-,-,-,3269.8000,3269.2000,3269.0000,3268.8000,3268.0000,3270.6000,3271.0000,3271.2000,3271.4000,3271.8000,1,1,2,1,2,2,1,3,1,2
SF,IH2012,2020-09-04 09:30:49.000,3269.8000,23012,0,376209120.000,0,-,-,-,-,3269.8000,3269.2000,3269.0000,3268.8000,3268.0000,3270.2000,3270.6000,3271.4000,3271.8000,3272.0000,1,1,2,1,2,1,1,1,2,2
SF,IH2012,2020-09-04 09:30:49.500,3270.0000,23012,0,379152180.000,3,1,2,多换,S,3269.8000,3269.2000,3269.0000,3268.8000,3268.0000,3271.8000,3272.0000,3273.0000,3274.0000,3275.0000,1,1,2,1,2,2,2,2,2,1
SF,IH2012,2020-09-04 09:30:50.000,3270.6000,23012,0,380133360.000,1,0,1,多换,S,3270.2000,3270.0000,3269.8000,3269.0000,3268.8000,3271.4000,3271.6000,3271.8000,3272.0000,3273.0000,1,2,1,2,1,2,1,2,2,2
SF,IH2012,2020-09-04 09:30:50.500,3270.6000,23012,0,380133360.000,0,-,-,-,-,3271.4000,3270.2000,3270.0000,3269.8000,3269.0000,3271.8000,3272.0000,3273.0000,3274.0000,3275.0000,1,1,2,1,2,2,2,2,2,1
SF,IH2012,2020-09-04 09:30:51.000,3270.2000,23011,-1,382095840.000,2,0,2,多平,S,3270.0000,3269.8000,3269.0000,3268.8000,3268.0000,3271.4000,3271.8000,3272.0000,3273.0000,3274.0000,2,1,2,1,2,2,2,3,2,2
SF,IH2012,2020-09-04 09:30:51.500,3270.2000,23011,0,382095840.000,0,-,-,-,-,3270.2000,3270.0000,3269.8000,3269.0000,3268.8000,3271.4000,3271.8000,3272.0000,3273.0000,3274.0000,2,2,1,2,1,1,2,3,2,2
SF,IH2012,2020-09-04 09:30:52.000,3270.4000,23008,-3,385039500.000,3,0,3,双平,S,3270.2000,3270.0000,3269.8000,3269.0000,3268.8000,3271.8000,3272.0000,3273.0000,3274.0000,3275.0000,2,1,1,4,1,2,3,2,2,1
SF,IH2012,2020-09-04 09:30:52.500,3270.4000,23008,0,385039500.000,0,-,-,-,-,3271.4000,3270.4000,3270.0000,3269.8000,3269.0000,3271.8000,3272.0000,3273.0000,3274.0000,3275.0000,2,1,1,1,4,2,3,2,2,1
SF,IH2012,2020-09-04 09:30:53.000,3271.4000,23007,-1,387002340.000,2,0,2,多平,S,3270.4000,3270.2000,3270.0000,3269.8000,3269.0000,3271.8000,3272.0000,3273.0000,3274.0000,3275.0000,1,1,1,1,4,2,3,2,2,1
SF,IH2012,2020-09-04 09:30:53.500,3271.4000,23007,0,387002340.000,0,-,-,-,-,3270.6000,3270.4000,3270.2000,3270.0000,3269.8000,3271.8000,3272.0000,3273.0000,3274.0000,3275.0000,1,1,1,1,1,2,3,2,2,1
SF,IH2012,2020-09-04 09:30:54.000,3271.4000,23007,0,387002340.000,0,-,-,-,-,3270.6000,3270.4000,3270.2000,3270.0000,3269.8000,3271.6000,3271.8000,3272.0000,3273.0000,3274.0000,1,1,1,2,2,1,2,3,2,2
SF,IH2012,2020-09-04 09:30:54.500,3271.4000,23007,0,387002340.000,0,-,-,-,-,3271.0000,3270.8000,3270.6000,3270.2000,3270.0000,3271.8000,3272.0000,3273.0000,3274.0000,3275.0000,2,4,2,1,2,2,3,2,2,1
SF,IH2012,2020-09-04 09:30:55.000,3271.4000,23007,0,387002340.000,0,-,-,-,-,3270.8000,3270.6000,3270.2000,3270.0000,3269.8000,3271.8000,3272.0000,3273.0000,3274.0000,3275.0000,1,1,1,2,2,2,3,2,2,1
SF,IH2012,2020-09-04 09:30:55.500,3271.4000,23007,0,387983760.000,1,0,1,多换,S,3270.2000,3270.0000,3269.8000,3269.0000,3268.8000,3271.6000,3271.8000,3272.0000,3273.0000,3274.0000,1,1,2,4,1,1,2,3,2,2
SF,IH2012,2020-09-04 09:30:56.000,3271.4000,23007,0,387983760.000,0,-,-,-,-,3270.2000,3270.0000,3269.8000,3269.0000,3268.8000,3271.2000,3271.6000,3271.8000,3272.0000,3273.0000,1,1,2,4,1,2,1,2,3,2
SF,IH2012,2020-09-04 09:30:56.500,3271.8000,23007,0,392891160.000,5,2,3,多换,S,3271.8000,3270.2000,3270.0000,3269.8000,3269.0000,3272.0000,3273.0000,3274.0000,3275.0000,3275.8000,1,1,1,2,4,3,2,2,1,1
SF,IH2012,2020-09-04 09:30:57.000,3271.8000,23007,0,394854240.000,2,1,1,多换,S,3270.2000,3270.0000,3269.8000,3269.0000,3268.8000,3271.6000,3271.8000,3272.0000,3273.0000,3274.0000,1,1,2,4,1,1,4,3,2,2
SF,IH2012,2020-09-04 09:30:57.500,3271.8000,23007,0,395835780.000,1,0,1,多换,S,3270.2000,3270.0000,3269.8000,3269.0000,3268.8000,3271.8000,3272.0000,3273.0000,3274.0000,3275.0000,1,1,2,4,1,2,3,2,2,1
SF,IH2012,2020-09-04 09:30:58.000,3270.4000,23007,0,396816900.000,1,0,1,多换,S,3271.6000,3270.2000,3270.0000,3269.8000,3269.0000,3271.8000,3272.0000,3273.0000,3274.0000,3275.0000,1,1,1,2,4,3,3,2,2,1
SF,IH2012,2020-09-04 09:30:58.500,3271.6000,23007,0,402705780.000,6,3,3,多换,S,3270.2000,3270.0000,3269.8000,3269.0000,3268.8000,3271.6000,3271.8000,3272.0000,3273.0000,3274.0000,1,1,2,4,1,1,2,3,2,2
SF,IH2012,2020-09-04 09:30:59.000,3271.6000,23007,0,402705780.000,0,-,-,-,-,3270.4000,3270.2000,3270.0000,3269.8000,3269.0000,3270.6000,3271.2000,3271.4000,3271.6000,3271.8000,1,1,1,2,4,1,1,1,1,3
SF,IH2012,2020-09-04 09:30:59.500,3270.6000,23006,-1,403686960.000,1,0,1,双平,S,3270.6000,3270.2000,3270.0000,3269.8000,3269.0000,3271.2000,3271.4000,3271.6000,3271.8000,3272.0000,1,1,1,2,4,1,1,1,3,3
SF,IH2012,2020-09-04 09:31:00.000,3270.6000,23006,0,403686960.000,0,-,-,-,-,3270.2000,3270.0000,3269.8000,3269.0000,3268.8000,3271.2000,3271.6000,3271.8000,3272.0000,3272.6000,1,1,2,4,1,1,1,3,3,1
SF,IH2012,2020-09-04 09:31:00.500,3270.6000,23006,0,403686960.000,0,-,-,-,-,3270.4000,3270.2000,3270.0000,3269.8000,3269.0000,3271.2000,3271.8000,3272.0000,3273.0000,3274.0000,2,1,1,2,4,1,2,3,2,3
SF,IH2012,2020-09-04 09:31:01.000,3270.6000,23003,-3,407611740.000,4,0,4,多平,S,3270.2000,3270.0000,3269.8000,3269.0000,3268.8000,3270.4000,3271.8000,3272.0000,3273.0000,3273.2000,1,1,1,4,1,3,2,3,2,1
SF,IH2012,2020-09-04 09:31:01.500,3270.4000,23002,-1,410554920.000,3,1,2,多平,S,3269.8000,3269.0000,3268.8000,3268.0000,3266.6000,3270.4000,3271.8000,3272.0000,3273.0000,3273.2000,1,4,1,2,2,2,2,3,2,1
SF,IH2012,2020-09-04 09:31:02.000,3270.4000,23002,0,410554920.000,0,-,-,-,-,3269.8000,3269.0000,3268.8000,3268.0000,3266.6000,3270.4000,3271.8000,3272.0000,3272.6000,3273.0000,1,4,1,2,2,2,2,3,1,2
SF,IH2012,2020-09-04 09:31:02.500,3270.4000,23000,-2,413498100.000,3,0,3,多平,S,3269.0000,3268.8000,3268.0000,3266.6000,3265.0000,3269.8000,3270.2000,3271.8000,3272.0000,3272.6000,4,1,2,2,1,1,3,2,3,1
SF,IH2012,2020-09-04 09:31:03.000,3269.0000,22998,-2,417420900.000,4,1,3,多平,S,3268.8000,3268.0000,3266.6000,3265.0000,3264.2000,3270.2000,3270.8000,3271.8000,3272.0000,3272.6000,1,2,2,1,5,3,1,2,3,1
SF,IH2012,2020-09-04 09:31:03.500,3268.8000,22997,-1,418401540.000,1,0,1,双平,S,3268.0000,3266.6000,3265.0000,3264.2000,3262.0000,3268.8000,3270.0000,3270.2000,3270.8000,3271.8000,2,2,1,5,1,1,3,3,1,2
SF,IH2012,2020-09-04 09:31:04.000,3268.8000,22995,-2,420362820.000,2,0,2,双平,S,3268.8000,3268.4000,3268.2000,3268.0000,3266.6000,3270.0000,3270.2000,3271.8000,3272.0000,3272.6000,1,1,1,2,2,2,3,1,3,1
SF,IH2012,2020-09-04 09:31:04.500,3268.8000,22995,0,421343460.000,1,0,1,多换,S,3268.0000,3266.6000,3265.0000,3264.2000,3262.0000,3270.0000,3270.2000,3271.8000,3272.0000,3272.6000,3,2,1,5,1,2,4,1,3,1
SF,IH2012,2020-09-04 09:31:05.000,3268.8000,22995,0,421343460.000,0,-,-,-,-,3268.0000,3266.6000,3265.0000,3262.0000,3260.4000,3269.8000,3270.0000,3270.2000,3271.8000,3272.0000,3,2,1,1,5,3,2,4,1,3
SF,IH2012,2020-09-04 09:31:05.500,3268.8000,22995,0,421343460.000,0,-,-,-,-,3268.0000,3266.6000,3265.0000,3262.0000,3260.4000,3268.8000,3269.6000,3269.8000,3270.0000,3270.2000,2,2,1,1,5,6,2,3,1,4
SF,IH2012,2020-09-04 09:31:06.000,3268.8000,22994,-1,423304740.000,2,0,2,多平,S,3268.2000,3268.0000,3266.6000,3265.0000,3262.0000,3268.8000,3269.6000,3269.8000,3270.2000,3271.8000,3,2,2,1,1,5,1,2,4,1
SF,IH2012,2020-09-04 09:31:06.500,3268.0000,22989,-5,430168440.000,7,1,6,多平,S,3268.0000,3266.6000,3265.0000,3262.0000,3260.4000,3268.2000,3268.8000,3269.6000,3269.8000,3270.2000,1,2,1,1,5,1,3,1,2,1
SF,IH2012,2020-09-04 09:31:07.000,3268.0000,22988,-1,433109760.000,3,1,2,多平,S,3266.6000,3265.0000,3262.0000,3260.4000,3260.0000,3268.0000,3268.8000,3269.6000,3269.8000,3270.2000,2,1,1,5,2,4,3,1,1,1
SF,IH2012,2020-09-04 09:31:07.500,3268.0000,22987,-1,434090160.000,1,0,1,双平,S,3266.8000,3266.6000,3265.0000,3262.0000,3260.4000,3268.0000,3268.2000,3268.8000,3269.6000,3269.8000,2,2,1,1,5,3,5,3,1,1
SF,IH2012,2020-09-04 09:31:08.000,3268.0000,22987,0,434090160.000,0,-,-,-,-,3266.8000,3266.6000,3265.0000,3262.0000,3260.4000,3268.0000,3268.2000,3268.8000,3269.6000,3269.8000,3,3,1,1,5,3,5,3,1,1
SF,IH2012,2020-09-04 09:31:08.500,3268.0000,22987,0,435070560.000,1,0,1,多换,S,3267.0000,3266.8000,3266.6000,3265.0000,3262.0000,3268.0000,3268.2000,3268.8000,3269.6000,3269.8000,1,2,3,1,1,2,5,3,1,1
SF,IH2012,2020-09-04 09:31:09.000,3266.8000,22984,-3,438010860.000,3,0,3,双平,S,3266.6000,3265.0000,3262.0000,3260.4000,3260.0000,3266.8000,3268.0000,3268.2000,3268.8000,3269.8000,3,1,1,5,2,2,2,5,3,1
SF,IH2012,2020-09-04 09:31:09.500,3266.6000,22979,-5,447811380.000,10,2,8,多平,S,3265.0000,3262.0000,3260.4000,3260.0000,3258.0000,3268.0000,3268.2000,3268.8000,3269.8000,3270.2000,1,1,5,2,3,1,5,4,1,1
SF,IH2012,2020-09-04 09:31:10.000,3266.6000,22979,0,447811380.000,0,-,-,-,-,3266.8000,3265.8000,3265.4000,3265.2000,3265.0000,3267.8000,3268.0000,3268.2000,3268.8000,3270.2000,2,1,4,4,1,3,1,5,4,1
SF,IH2012,2020-09-04 09:31:10.500,3266.8000,22976,-3,450751800.000,3,0,3,双平,S,3265.8000,3265.4000,3265.2000,3265.0000,3263.8000,3266.6000,3268.0000,3268.2000,3268.8000,3270.2000,1,4,2,1,1,3,1,5,4,1
SF,IH2012,2020-09-04 09:31:11.000,3266.6000,22973,-3,453691860.000,3,0,3,双平,S,3266.6000,3266.2000,3266.0000,3265.8000,3265.4000,3268.0000,3268.2000,3268.8000,3270.2000,3271.8000,2,3,1,1,1,1,5,4,1,1
SF,IH2012,2020-09-04 09:31:11.500,3268.0000,22971,-2,455652660.000,2,0,2,双平,S,3266.8000,3266.2000,3265.8000,3265.4000,3265.2000,3268.2000,3268.8000,3270.2000,3271.8000,3272.0000,1,3,1,1,1,5,4,1,1,4
SF,IH2012,2020-09-04 09:31:12.000,3265.8000,22970,-1,457612260.000,2,0,2,多平,S,3265.4000,3265.2000,3265.0000,3262.0000,3260.4000,3265.8000,3268.0000,3268.2000,3268.8000,3270.2000,1,1,1,1,5,4,1,5,4,1
SF,IH2012,2020-09-04 09:31:12.500,3265.8000,22967,-3,461531220.000,4,0,4,多平,S,3265.8000,3265.6000,3265.4000,3265.2000,3265.0000,3268.0000,3268.2000,3268.8000,3270.2000,3271.8000,3,2,1,1,1,1,5,4,1,1
SF,IH2012,2020-09-04 09:31:13.000,3265.4000,22963,-4,466429740.000,5,0,5,多平,S,3265.0000,3262.0000,3260.4000,3260.0000,3258.0000,3265.4000,3267.8000,3268.0000,3268.2000,3268.8000,1,1,5,2,3,4,2,1,5,4
SF,IH2012,2020-09-04 09:31:13.500,3265.8000,22959,-4,472308300.000,6,1,5,多平,S,3265.0000,3262.0000,3260.4000,3260.0000,3258.0000,3267.8000,3268.0000,3268.2000,3268.8000,3270.2000,1,1,5,2,3,2,1,5,4,1
SF,IH2012,2020-09-04 09:31:14.000,3265.0000,22958,-1,473287800.000,1,0,1,双平,S,3262.0000,3260.4000,3260.0000,3258.0000,3257.2000,3267.2000,3267.4000,3267.6000,3267.8000,3268.2000,1,5,2,3,1,1,2,2,2,5
SF,IH2012,2020-09-04 09:31:14.500,3267.2000,22960,2,476228160.000,3,2,1,空开,S,3264.0000,3263.8000,3263.6000,3262.8000,3262.6000,3267.8000,3268.2000,3268.8000,3270.2000,3270.4000,4,1,1,1,5,1,5,4,1,1
SF,IH2012,2020-09-04 09:31:15.000,3267.2000,22960,0,476228160.000,0,-,-,-,-,3264.4000,3264.2000,3264.0000,3263.8000,3263.6000,3267.2000,3267.4000,3267.6000,3267.8000,3268.2000,1,5,4,1,1,3,1,2,1,5
SF,IH2012,2020-09-04 09:31:15.500,3267.2000,22960,0,476228160.000,0,-,-,-,-,3265.0000,3264.6000,3264.4000,3264.2000,3264.0000,3266.8000,3267.0000,3267.2000,3267.4000,3267.6000,1,2,1,3,3,4,3,2,1,1
SF,IH2012,2020-09-04 09:31:16.000,3265.0000,22959,-1,478187160.000,2,0,2,多平,S,3265.0000,3264.0000,3263.4000,3262.6000,3262.4000,3266.6000,3266.8000,3267.0000,3267.2000,3267.4000,1,1,1,4,1,3,4,2,2,1
SF,IH2012,2020-09-04 09:31:16.500,3265.0000,22959,0,479166660.000,1,0,1,多换,S,3262.6000,3262.4000,3262.2000,3262.0000,3260.4000,3266.2000,3266.4000,3266.6000,3267.0000,3267.4000,4,1,2,1,5,3,1,6,2,1
SF,IH2012,2020-09-04 09:31:17.000,3266.0000,22959,0,482106060.000,3,1,2,多换,S,3263.0000,3262.8000,3262.6000,3262.4000,3262.2000,3266.0000,3266.2000,3267.0000,3267.4000,3268.8000,2,6,4,1,1,4,3,1,1,3
SF,IH2012,2020-09-04 09:31:17.500,3266.0000,22960,1,485045460.000,3,2,1,空开,S,3263.2000,3263.0000,3262.8000,3262.6000,3262.2000,3265.8000,3266.0000,3266.2000,3266.8000,3267.0000,3,2,4,3,1,2,4,3,2,1
SF,IH2012,2020-09-04 09:31:18.000,3265.4000,22960,0,488962800.000,4,2,2,多换,S,3263.4000,3263.2000,3263.0000,3262.8000,3262.0000,3265.4000,3265.6000,3265.8000,3266.2000,3266.8000,1,2,1,1,1,1,1,3,3,2
SF,IH2012,2020-09-04 09:31:18.500,3263.4000,22957,-3,492879540.000,4,0,4,多平,S,3263.0000,3262.0000,3260.0000,3259.8000,3258.0000,3263.4000,3265.2000,3265.4000,3265.6000,3265.8000,1,1,3,1,3,1,4,1,1,2
SF,IH2012,2020-09-04 09:31:19.000,3263.4000,22956,-1,493858560.000,1,0,1,双平,S,3262.0000,3260.0000,3259.8000,3258.0000,3257.2000,3265.2000,3265.4000,3265.6000,3265.8000,3266.2000,1,3,1,3,1,2,1,1,2,3
SF,IH2012,2020-09-04 09:31:19.500,3265.2000,22957,1,496797240.000,3,2,1,空开,S,3263.2000,3262.8000,3262.6000,3262.4000,3262.2000,3265.6000,3265.8000,3266.2000,3266.8000,3268.8000,1,1,4,4,4,1,1,3,2,3
SF,IH2012,2020-09-04 09:31:20.000,3265.8000,22958,1,498756720.000,2,1,1,空开,S,3263.4000,3262.8000,3262.6000,3262.4000,3262.2000,3265.4000,3266.2000,3266.8000,3268.8000,3270.0000,2,1,4,4,1,1,3,2,3,1
SF,IH2012,2020-09-04 09:31:20.500,3265.6000,22956,-2,503655120.000,5,1,4,多平,S,3263.6000,3263.4000,3262.2000,3262.0000,3261.8000,3266.2000,3266.8000,3268.8000,3270.0000,3270.2000,2,2,1,1,1,3,2,3,1,1
SF,IH2012,2020-09-04 09:31:21.000,3263.8000,22956,0,504634260.000,1,0,1,多换,S,3263.8000,3263.6000,3262.2000,3262.0000,3260.0000,3265.8000,3266.0000,3266.2000,3266.8000,3268.8000,1,1,1,1,3,1,2,3,2,3
SF,IH2012,2020-09-04 09:31:21.500,3263.6000,22954,-2,510510300.000,6,2,4,多平,S,3262.2000,3262.0000,3261.0000,3260.0000,3259.8000,3263.6000,3265.6000,3266.0000,3266.2000,3266.8000,1,1,1,3,2,3,2,3,3,2
SF,IH2012,2020-09-04 09:31:22.000,3265.6000,22953,-1,515406900.000,5,2,3,多平,S,3264.4000,3263.8000,3262.8000,3262.6000,3262.4000,3266.0000,3266.2000,3266.8000,3268.8000,3270.0000,1,6,1,7,2,2,3,2,3,1
SF,IH2012,2020-09-04 09:31:22.500,3265.6000,22953,0,515406900.000,0,-,-,-,-,3265.6000,3265.0000,3264.4000,3262.8000,3262.6000,3265.8000,3266.0000,3266.2000,3266.8000,3268.8000,1,1,1,1,8,2,2,6,2,3
SF,IH2012,2020-09-04 09:31:23.000,3265.8000,22953,0,523244280.000,8,4,4,多换,S,3264.4000,3262.8000,3262.6000,3262.4000,3262.2000,3266.0000,3266.2000,3266.8000,3268.8000,3270.0000,1,1,8,1,2,2,6,3,2,1
SF,IH2012,2020-09-04 09:31:23.500,3265.8000,22953,0,524224020.000,1,0,1,多换,S,3264.4000,3262.8000,3262.6000,3262.4000,3262.2000,3266.0000,3266.2000,3266.8000,3268.8000,3270.0000,1,1,8,1,2,2,6,3,2,1
SF,IH2012,2020-09-04 09:31:24.000,3264.6000,22953,0,525203400.000,1,0,1,多换,S,3264.6000,3264.4000,3262.8000,3262.6000,3262.4000,3265.8000,3266.0000,3266.2000,3266.8000,3268.8000,1,1,1,8,1,1,2,6,1,2
SF,IH2012,2020-09-04 09:31:24.500,3266.0000,22954,1,529122480.000,4,2,2,空开,S,3264.6000,3262.8000,3262.6000,3262.4000,3262.2000,3266.2000,3266.8000,3268.0000,3268.8000,3270.0000,1,1,8,1,2,6,1,2,2,1
SF,IH2012,2020-09-04 09:31:25.000,3266.0000,22954,0,529122480.000,0,-,-,-,-,3264.8000,3264.6000,3263.6000,3262.8000,3262.6000,3266.2000,3266.8000,3268.0000,3268.8000,3270.0000,2,1,1,1,8,6,1,2,2,1
SF,IH2012,2020-09-04 09:31:25.500,3266.0000,22954,0,529122480.000,0,-,-,-,-,3264.8000,3264.6000,3263.6000,3262.8000,3262.6000,3266.2000,3266.8000,3268.0000,3268.8000,3270.0000,1,1,1,1,8,6,1,2,2,1
SF,IH2012,2020-09-04 09:31:26.000,3265.0000,22955,1,530101980.000,1,1,0,双开,S,3265.0000,3264.8000,3264.6000,3263.6000,3262.8000,3266.0000,3266.2000,3266.8000,3268.0000,3268.8000,1,1,1,1,1,7,6,1,2,2
SF,IH2012,2020-09-04 09:31:26.500,3266.0000,22956,1,531081780.000,1,1,0,双开,S,3265.2000,3264.8000,3263.6000,3262.8000,3262.6000,3266.0000,3266.2000,3266.8000,3268.0000,3268.8000,1,1,1,1,8,7,6,1,2,2
SF,IH2012,2020-09-04 09:31:27.000,3266.0000,22957,1,532061580.000,1,1,0,双开,S,3265.2000,3264.8000,3263.6000,3262.8000,3262.6000,3266.0000,3266.2000,3266.8000,3268.0000,3268.8000,1,1,1,1,8,6,7,1,2,2
SF,IH2012,2020-09-04 09:31:27.500,3266.0000,22959,2,535000980.000,3,2,1,空开,S,3265.4000,3265.2000,3264.8000,3263.6000,3262.8000,3266.0000,3266.2000,3266.6000,3266.8000,3268.0000,1,1,1,1,1,3,9,1,1,2
SF,IH2012,2020-09-04 09:31:28.000,3265.2000,22958,-1,539899080.000,5,2,3,多平,S,3264.8000,3263.6000,3262.8000,3262.6000,3262.4000,3265.2000,3266.0000,3266.2000,3266.6000,3266.8000,1,1,1,8,2,1,2,9,1,1
SF,IH2012,2020-09-04 09:31:28.500,3266.0000,22957,-1,541858440.000,2,0,2,多平,S,3265.4000,3265.2000,3265.0000,3264.8000,3263.6000,3266.0000,3266.2000,3266.6000,3266.8000,3268.0000,1,2,1,1,1,1,9,1,1,2
SF,IH2012,2020-09-04 09:31:29.000,3266.0000,22956,-1,542838240.000,1,0,1,双平,S,3265.6000,3265.4000,3265.2000,3265.0000,3263.6000,3266.2000,3266.6000,3266.8000,3268.0000,3268.8000,1,1,1,2,1,9,1,1,2,2
SF,IH2012,2020-09-04 09:31:29.500,3265.6000,22955,-1,544797780.000,2,0,2,多平,S,3265.4000,3265.2000,3263.6000,3262.8000,3262.6000,3266.2000,3266.6000,3266.8000,3268.0000,3268.8000,1,1,1,1,7,8,1,1,2,2
SF,IH2012,2020-09-04 09:31:30.000,3265.6000,22955,0,544797780.000,0,-,-,-,-,3266.0000,3265.4000,3265.2000,3263.6000,3262.8000,3266.2000,3266.6000,3266.8000,3268.0000,3268.8000,1,1,1,1,1,8,1,1,2,2
SF,IH2012,2020-09-04 09:31:30.500,3265.8000,22954,-1,546757260.000,2,0,2,多平,S,3265.2000,3264.2000,3263.6000,3262.8000,3262.6000,3266.0000,3266.2000,3266.6000,3266.8000,3268.0000,1,1,1,1,7,4,8,1,1,2
SF,IH2012,2020-09-04 09:31:31.000,3266.2000,22952,-2,552636180.000,6,2,4,多平,S,3264.2000,3263.6000,3262.8000,3262.6000,3262.4000,3266.2000,3266.6000,3266.8000,3268.8000,3270.0000,1,1,1,7,2,6,1,1,2,1
SF,IH2012,2020-09-04 09:31:31.500,3266.2000,22952,0,553616040.000,1,0,1,多换,S,3264.6000,3264.4000,3264.2000,3263.6000,3262.8000,3266.2000,3266.6000,3266.8000,3268.8000,3270.0000,1,3,1,1,1,5,1,1,2,1
SF,IH2012,2020-09-04 09:31:32.000,3264.8000,22951,-1,554595480.000,1,0,1,双平,S,3264.6000,3264.4000,3264.2000,3263.6000,3262.8000,3266.2000,3266.4000,3266.6000,3266.8000,3268.8000,1,1,1,1,1,5,2,1,1,2
SF,IH2012,2020-09-04 09:31:32.500,3264.8000,22950,-1,555574920.000,1,0,1,双平,S,3264.4000,3264.2000,3263.6000,3262.8000,3262.6000,3266.0000,3266.2000,3266.4000,3266.6000,3266.8000,1,1,1,1,7,1,5,4,1,1
SF,IH2012,2020-09-04 09:31:33.000,3265.2000,22950,0,556554480.000,1,0,1,多换,S,3264.4000,3264.2000,3263.6000,3263.2000,3262.8000,3266.0000,3266.2000,3266.4000,3266.6000,3266.8000,1,1,1,1,1,1,5,4,1,1
SF,IH2012,2020-09-04 09:31:33.500,3266.0000,22950,0,557534280.000,1,0,1,多换,S,3264.4000,3264.2000,3263.6000,3263.2000,3262.8000,3266.2000,3266.4000,3266.6000,3266.8000,3267.0000,1,1,1,1,1,5,4,1,1,1
SF,IH2012,2020-09-04 09:31:34.000,3266.0000,22950,0,557534280.000,0,-,-,-,-,3264.4000,3264.2000,3263.6000,3263.2000,3262.8000,3266.0000,3266.2000,3266.4000,3266.6000,3266.8000,1,1,1,1,1,2,5,4,1,1
SF,IH2012,2020-09-04 09:31:34.500,3265.4000,22952,2,560473500.000,3,2,1,空开,S,3264.6000,3264.4000,3264.2000,3263.6000,3263.2000,3266.2000,3266.4000,3266.6000,3266.8000,3267.2000,1,1,1,1,1,5,4,1,1,1
SF,IH2012,2020-09-04 09:31:35.000,3266.0000,22951,-1,561453300.000,1,0,1,双平,S,3266.0000,3264.4000,3264.2000,3263.6000,3263.2000,3266.2000,3266.4000,3266.6000,3266.8000,3268.8000,1,1,1,1,1,5,4,1,1,1
SF,IH2012,2020-09-04 09:31:35.500,3266.0000,22951,0,562433100.000,1,0,1,多换,S,3265.8000,3264.4000,3264.2000,3263.6000,3263.2000,3266.0000,3266.2000,3266.4000,3266.6000,3266.8000,1,1,1,1,1,1,5,4,2,1
SF,IH2012,2020-09-04 09:31:36.000,3265.8000,22951,0,563412840.000,1,0,1,多换,S,3264.4000,3264.2000,3263.6000,3263.2000,3262.8000,3265.8000,3266.0000,3266.2000,3266.4000,3266.6000,2,1,1,1,1,2,1,5,4,2
SF,IH2012,2020-09-04 09:31:36.500,3265.8000,22951,0,564392580.000,1,0,1,多换,S,3264.6000,3264.4000,3264.2000,3263.6000,3263.2000,3266.2000,3266.4000,3266.6000,3266.8000,3267.0000,2,2,1,1,1,5,4,3,1,1
SF,IH2012,2020-09-04 09:31:37.000,3265.8000,22951,0,564392580.000,0,-,-,-,-,3264.6000,3264.4000,3264.2000,3263.6000,3263.2000,3266.2000,3266.4000,3266.6000,3266.8000,3267.0000,2,2,1,1,1,5,4,4,1,1
SF,IH2012,2020-09-04 09:31:37.500,3265.8000,22951,0,564392580.000,0,-,-,-,-,3264.6000,3264.4000,3264.2000,3263.6000,3263.2000,3266.2000,3266.4000,3266.6000,3266.8000,3267.0000,2,2,1,1,1,5,6,4,1,1
SF,IH2012,2020-09-04 09:31:38.000,3264.6000,22952,1,565371960.000,1,1,0,双开,S,3264.6000,3264.4000,3264.2000,3263.6000,3263.2000,3266.2000,3266.4000,3266.6000,3266.8000,3267.0000,1,2,1,1,1,5,6,4,1,1
SF,IH2012,2020-09-04 09:31:40.000,3264.6000,22952,0,565371960.000,0,-,-,-,-,3264.8000,3264.6000,3264.4000,3264.2000,3263.6000,3266.2000,3266.4000,3266.6000,3266.8000,3267.0000,1,1,2,1,1,5,6,4,1,1
SF,IH2012,2020-09-04 09:31:40.500,3264.6000,22952,0,565371960.000,0,-,-,-,-,3265.0000,3264.8000,3264.4000,3264.2000,3263.6000,3266.2000,3266.4000,3266.6000,3266.8000,3267.0000,1,1,2,1,1,5,6,4,1,1
SF,IH2012,2020-09-04 09:31:41.500,3265.0000,22951,-1,566351460.000,1,0,1,双平,S,3264.8000,3264.4000,3264.2000,3263.6000,3263.2000,3265.0000,3266.2000,3266.4000,3266.6000,3266.8000,1,2,1,1,1,1,5,6,4,1
SF,IH2012,2020-09-04 09:31:42.000,3264.8000,22945,-6,572228280.000,6,0,6,双平,S,3265.2000,3264.6000,3264.4000,3264.2000,3263.6000,3266.2000,3266.4000,3266.6000,3266.8000,3267.0000,1,1,1,1,1,5,6,4,1,1
SF,IH2012,2020-09-04 09:31:42.500,3265.2000,22944,-1,573207840.000,1,0,1,双平,S,3264.6000,3264.4000,3264.2000,3263.6000,3263.2000,3266.2000,3266.4000,3266.6000,3266.8000,3267.0000,1,1,1,1,1,5,8,4,1,1
SF,IH2012,2020-09-04 09:31:43.000,3265.2000,22944,0,573207840.000,0,-,-,-,-,3265.0000,3264.8000,3264.6000,3264.4000,3264.2000,3266.2000,3266.4000,3266.6000,3266.8000,3267.0000,4,3,1,1,1,5,8,4,1,1
SF,IH2012,2020-09-04 09:31:43.500,3265.2000,22944,0,573207840.000,0,-,-,-,-,3264.8000,3264.6000,3264.4000,3264.2000,3263.6000,3265.0000,3266.2000,3266.4000,3266.6000,3266.8000,1,1,1,1,1,1,5,8,4,1
SF,IH2012,2020-09-04 09:31:44.000,3265.0000,22942,-2,577125780.000,4,1,3,多平,S,3265.0000,3264.6000,3264.4000,3264.2000,3263.6000,3266.2000,3266.4000,3266.6000,3266.8000,3267.0000,4,1,1,1,1,5,8,4,1,1
SF,IH2012,2020-09-04 09:31:44.500,3265.0000,22940,-2,580064280.000,3,0,3,多平,S,3264.6000,3264.4000,3264.2000,3263.6000,3263.2000,3266.0000,3266.2000,3266.4000,3266.6000,3266.8000,1,1,1,1,1,1,5,8,4,1
SF,IH2012,2020-09-04 09:31:45.000,3265.0000,22940,0,580064280.000,0,-,-,-,-,3264.6000,3264.4000,3264.2000,3263.6000,3263.2000,3266.0000,3266.2000,3266.4000,3266.6000,3266.8000,1,1,1,1,1,1,5,8,4,1
SF,IH2012,2020-09-04 09:31:46.000,3264.6000,22938,-2,582023160.000,2,0,2,双平,S,3264.4000,3264.2000,3263.6000,3263.2000,3262.8000,3264.6000,3266.0000,3266.2000,3266.4000,3266.6000,1,1,1,1,1,3,1,5,8,4
SF,IH2012,2020-09-04 09:31:46.500,3266.0000,22934,-4,585941100.000,4,0,4,双平,S,3264.6000,3264.4000,3264.2000,3263.6000,3263.2000,3266.2000,3266.4000,3266.6000,3266.8000,3267.0000,1,1,1,1,1,4,6,4,1,1
SF,IH2012,2020-09-04 09:31:47.000,3264.6000,22933,-1,587899980.000,2,0,2,多平,S,3264.4000,3264.2000,3263.6000,3263.2000,3262.8000,3266.0000,3266.2000,3266.4000,3266.6000,3266.8000,1,1,2,1,1,2,8,6,4,1
SF,IH2012,2020-09-04 09:31:47.500,3264.6000,22933,0,587899980.000,0,-,-,-,-,3264.4000,3264.2000,3263.6000,3263.2000,3262.8000,3265.8000,3266.0000,3266.2000,3266.6000,3266.8000,1,1,2,1,1,1,2,4,4,1
SF,IH2012,2020-09-04 09:31:48.000,3264.6000,22933,0,587899980.000,0,-,-,-,-,3264.4000,3264.2000,3263.6000,3263.2000,3262.8000,3264.6000,3265.8000,3266.0000,3266.2000,3266.6000,1,1,2,1,1,5,4,1,4,4
SF,IH2012,2020-09-04 09:31:48.500,3264.2000,22931,-2,590837820.000,3,0,3,多平,S,3263.6000,3263.2000,3262.8000,3262.6000,3262.4000,3263.8000,3264.4000,3264.6000,3265.8000,3266.0000,2,1,1,5,2,4,1,5,4,1
SF,IH2012,2020-09-04 09:31:49.000,3264.6000,22925,-6,597692460.000,7,0,7,多平,S,3263.8000,3263.6000,3263.2000,3262.8000,3262.6000,3264.6000,3265.8000,3266.0000,3266.2000,3266.6000,5,2,1,1,5,3,4,1,4,3
SF,IH2012,2020-09-04 09:31:49.500,3264.6000,22922,-3,600630600.000,3,0,3,双平,S,3264.0000,3263.8000,3263.6000,3263.2000,3262.6000,3265.8000,3266.0000,3266.2000,3266.6000,3266.8000,5,6,2,1,4,4,1,4,3,1
SF,IH2012,2020-09-04 09:31:50.000,3263.8000,22918,-4,605526480.000,5,0,5,多平,S,3263.8000,3263.6000,3263.2000,3262.6000,3262.4000,3265.6000,3265.8000,3266.2000,3266.6000,3266.8000,1,2,1,4,2,4,4,4,3,1
SF,IH2012,2020-09-04 09:31:50.500,3263.8000,22918,0,605526480.000,0,-,-,-,-,3264.2000,3264.0000,3263.8000,3263.6000,3263.2000,3265.6000,3265.8000,3266.2000,3266.6000,3266.8000,1,2,2,2,1,2,4,4,3,1
SF,IH2012,2020-09-04 09:31:51.000,3263.8000,22918,0,605526480.000,0,-,-,-,-,3264.0000,3263.8000,3263.6000,3263.2000,3262.6000,3265.6000,3265.8000,3266.2000,3266.6000,3266.8000,1,2,2,1,4,2,4,4,3,1
SF,IH2012,2020-09-04 09:31:51.500,3264.0000,22916,-2,611401680.000,6,2,4,多平,S,3264.0000,3263.8000,3263.6000,3263.2000,3262.6000,3265.6000,3265.8000,3266.2000,3266.6000,3266.8000,2,2,3,1,4,2,3,4,3,1
SF,IH2012,2020-09-04 09:31:52.000,3265.4000,22916,0,612381300.000,1,0,1,多换,S,3263.8000,3263.6000,3263.2000,3262.6000,3262.4000,3265.6000,3265.8000,3266.6000,3266.8000,3267.0000,2,3,1,4,1,2,3,3,1,1
SF,IH2012,2020-09-04 09:31:52.500,3265.6000,22915,-1,613360980.000,1,0,1,双平,S,3264.0000,3263.8000,3263.6000,3263.2000,3262.6000,3265.6000,3265.8000,3266.6000,3266.8000,3267.0000,1,2,3,1,4,5,3,3,1,1
SF,IH2012,2020-09-04 09:31:53.000,3265.6000,22915,0,613360980.000,0,-,-,-,-,3263.8000,3263.6000,3263.2000,3262.6000,3262.4000,3265.4000,3265.6000,3266.6000,3266.8000,3267.0000,2,3,1,4,1,2,6,3,1,1
SF,IH2012,2020-09-04 09:31:53.500,3263.8000,22913,-2,616298460.000,3,0,3,多平,S,3263.6000,3263.2000,3262.6000,3262.4000,3262.2000,3263.8000,3265.4000,3265.6000,3266.6000,3266.8000,3,1,4,1,3,4,4,5,3,1
SF,IH2012,2020-09-04 09:31:54.000,3263.8000,22909,-4,620215020.000,4,0,4,双平,S,3263.6000,3263.2000,3262.6000,3262.4000,3262.2000,3265.4000,3265.6000,3266.6000,3266.8000,3267.0000,2,2,4,1,3,4,5,3,1,1
SF,IH2012,2020-09-04 09:31:54.500,3263.6000,22907,-2,623152320.000,3,0,3,多平,S,3263.2000,3262.6000,3262.4000,3262.2000,3262.0000,3265.2000,3265.4000,3265.6000,3266.6000,3266.8000,2,4,1,3,3,3,5,4,3,1
SF,IH2012,2020-09-04 09:31:55.000,3263.6000,22907,0,623152320.000,0,-,-,-,-,3263.2000,3262.6000,3262.4000,3262.2000,3262.0000,3265.0000,3265.2000,3265.4000,3265.6000,3266.6000,2,4,1,3,3,1,3,3,4,3
SF,IH2012,2020-09-04 09:31:55.500,3263.6000,22907,0,623152320.000,0,-,-,-,-,3263.8000,3263.2000,3262.6000,3262.4000,3262.2000,3264.8000,3265.0000,3265.2000,3265.4000,3265.6000,1,2,3,1,2,2,2,1,3,4
SF,IH2012,2020-09-04 09:31:56.000,3263.8000,22907,0,624131460.000,1,0,1,多换,S,3263.2000,3262.6000,3262.4000,3262.2000,3262.0000,3264.6000,3265.4000,3265.6000,3266.6000,3266.8000,2,3,1,2,3,1,4,4,3,1
SF,IH2012,2020-09-04 09:31:56.500,3263.8000,22907,0,624131460.000,0,-,-,-,-,3263.2000,3262.6000,3262.4000,3262.2000,3262.0000,3264.4000,3264.6000,3265.4000,3265.6000,3266.6000,2,3,1,2,3,1,1,5,4,3
SF,IH2012,2020-09-04 09:31:57.000,3263.8000,22907,0,624131460.000,0,-,-,-,-,3263.2000,3262.6000,3262.4000,3262.2000,3262.0000,3264.2000,3265.4000,3265.6000,3266.6000,3266.8000,2,1,1,2,3,1,5,4,3,1
SF,IH2012,2020-09-04 09:31:57.500,3264.0000,22907,0,627068580.000,3,1,2,多换,S,3262.6000,3262.4000,3262.2000,3262.0000,3261.8000,3264.2000,3265.0000,3265.4000,3266.6000,3266.8000,1,1,2,3,1,1,1,5,3,1
SF,IH2012,2020-09-04 09:31:58.000,3262.0000,22904,-3,633921540.000,7,2,5,多平,S,3262.0000,3261.8000,3261.0000,3260.0000,3259.8000,3264.2000,3265.0000,3265.4000,3266.6000,3266.8000,2,1,4,4,1,3,1,5,3,1
SF,IH2012,2020-09-04 09:31:58.500,3262.2000,22902,-2,635879400.000,2,0,2,双平,S,3262.0000,3261.8000,3261.0000,3260.0000,3259.8000,3264.0000,3264.2000,3265.0000,3265.4000,3266.6000,2,1,4,4,1,2,3,1,2,3
SF,IH2012,2020-09-04 09:31:59.000,3263.8000,22901,-1,636858540.000,1,0,1,双平,S,3262.2000,3262.0000,3261.8000,3261.0000,3260.0000,3264.0000,3264.2000,3265.4000,3266.6000,3266.8000,2,2,1,4,4,5,3,2,3,1
SF,IH2012,2020-09-04 09:31:59.500,3263.8000,22901,0,636858540.000,0,-,-,-,-,3262.2000,3262.0000,3261.8000,3261.0000,3260.0000,3264.0000,3264.2000,3265.4000,3266.6000,3266.8000,3,2,1,4,4,5,3,2,3,1
SF,IH2012,2020-09-04 09:32:00.000,3263.8000,22901,0,636858540.000,0,-,-,-,-,3262.4000,3262.2000,3262.0000,3261.8000,3261.0000,3264.0000,3264.2000,3265.4000,3266.6000,3266.8000,1,3,2,1,4,5,3,2,3,1
SF,IH2012,2020-09-04 09:32:00.500,3263.8000,22901,0,636858540.000,0,-,-,-,-,3262.4000,3262.2000,3262.0000,3261.8000,3261.0000,3263.8000,3264.0000,3264.2000,3265.4000,3266.6000,1,1,2,1,4,3,5,3,2,3
SF,IH2012,2020-09-04 09:32:01.000,3262.6000,22901,0,637837320.000,1,0,1,多换,S,3262.6000,3262.4000,3262.2000,3262.0000,3261.8000,3263.8000,3264.0000,3264.2000,3265.4000,3266.6000,1,1,1,2,1,1,5,3,2,3
SF,IH2012,2020-09-04 09:32:01.500,3262.6000,22901,0,637837320.000,0,-,-,-,-,3262.8000,3262.6000,3262.0000,3261.8000,3261.0000,3264.0000,3264.2000,3264.8000,3265.4000,3266.6000,1,1,2,1,4,5,3,1,2,3
SF,IH2012,2020-09-04 09:32:02.000,3263.6000,22901,0,638816400.000,1,0,1,多换,S,3262.0000,3261.8000,3261.0000,3260.0000,3259.8000,3262.8000,3264.0000,3264.2000,3265.4000,3266.6000,2,1,4,4,1,1,3,3,2,3
SF,IH2012,2020-09-04 09:32:02.500,3263.6000,22901,0,638816400.000,0,-,-,-,-,3262.2000,3262.0000,3261.8000,3261.0000,3260.0000,3262.8000,3264.0000,3264.2000,3265.4000,3266.6000,1,2,1,4,4,1,3,4,2,3
SF,IH2012,2020-09-04 09:32:03.000,3262.0000,22899,-2,640773660.000,2,0,2,双平,S,3262.0000,3261.8000,3261.0000,3260.0000,3259.8000,3262.8000,3264.0000,3264.2000,3265.4000,3266.6000,1,1,4,4,1,1,3,1,2,3
SF,IH2012,2020-09-04 09:32:03.500,3261.8000,22898,-1,642730800.000,2,0,2,多平,S,3261.0000,3260.0000,3259.8000,3258.0000,3257.4000,3262.0000,3262.2000,3262.6000,3262.8000,3264.0000,4,5,1,3,1,1,1,1,4,3
SF,IH2012,2020-09-04 09:32:04.000,3260.6000,22895,-3,651534540.000,9,3,6,多平,S,3260.0000,3259.8000,3258.0000,3257.4000,3257.0000,3260.8000,3261.0000,3261.2000,3261.4000,3261.6000,3,1,3,1,10,2,1,1,2,9
SF,IH2012,2020-09-04 09:32:04.500,3259.8000,22895,0,654468480.000,3,1,2,多换,S,3258.0000,3257.4000,3257.0000,3256.0000,3255.0000,3259.8000,3260.0000,3260.6000,3260.8000,3261.0000,3,1,10,19,13,1,1,2,4,1
SF,IH2012,2020-09-04 09:32:05.000,3260.0000,22890,-5,660336540.000,6,0,6,多平,S,3259.8000,3258.6000,3258.2000,3258.0000,3257.4000,3260.4000,3260.6000,3260.8000,3261.0000,3261.6000,1,1,6,3,1,1,1,4,1,6
SF,IH2012,2020-09-04 09:32:05.500,3260.0000,22888,-2,662292540.000,2,0,2,双平,S,3258.6000,3258.2000,3258.0000,3257.4000,3257.0000,3260.4000,3260.6000,3260.8000,3261.0000,3261.8000,1,6,3,1,10,1,1,4,1,1
SF,IH2012,2020-09-04 09:32:06.000,3258.6000,22888,0,666203400.000,4,2,2,多换,S,3258.2000,3258.0000,3257.4000,3257.0000,3256.0000,3260.0000,3260.2000,3260.4000,3260.6000,3260.8000,2,3,1,10,19,6,1,1,1,4
SF,IH2012,2020-09-04 09:32:06.500,3260.4000,22887,-1,670115520.000,4,1,3,多平,S,3260.2000,3258.6000,3258.4000,3258.2000,3258.0000,3260.6000,3260.8000,3261.0000,3261.8000,3262.2000,3,3,7,2,3,1,4,1,1,1
SF,IH2012,2020-09-04 09:32:07.000,3260.6000,22886,-1,671093700.000,1,0,1,双平,S,3258.6000,3258.4000,3258.2000,3258.0000,3257.4000,3260.8000,3261.0000,3261.8000,3262.2000,3262.6000,3,6,3,3,1,3,1,1,1,1
SF,IH2012,2020-09-04 09:32:07.500,3260.6000,22883,-3,677941260.000,7,2,5,多平,S,3259.2000,3259.0000,3258.8000,3258.6000,3258.2000,3262.2000,3262.6000,3262.8000,3265.4000,3266.6000,1,4,6,3,3,1,1,3,1,3
SF,IH2012,2020-09-04 09:32:08.000,3260.6000,22883,0,677941260.000,0,-,-,-,-,3259.6000,3259.4000,3259.0000,3258.6000,3258.2000,3261.8000,3262.0000,3262.2000,3262.6000,3262.8000,1,3,1,2,2,1,1,1,2,4
SF,IH2012,2020-09-04 09:32:08.500,3258.6000,22886,3,682830180.000,5,4,1,空开,S,3258.6000,3258.2000,3258.0000,3257.4000,3257.0000,3261.6000,3261.8000,3262.2000,3262.6000,3262.8000,1,2,3,1,10,2,1,1,2,1
SF,IH2012,2020-09-04 09:32:09.000,3261.2000,22886,0,683808540.000,1,0,1,多换,S,3258.8000,3258.6000,3258.2000,3258.0000,3257.4000,3259.2000,3260.2000,3261.4000,3261.6000,3262.2000,2,1,2,3,1,1,1,1,6,1
SF,IH2012,2020-09-04 09:32:09.500,3261.6000,22882,-4,689676120.000,6,1,5,多平,S,3258.8000,3258.6000,3258.2000,3258.0000,3257.4000,3261.6000,3262.2000,3262.6000,3262.8000,3265.4000,1,1,2,3,1,4,1,2,1,1
SF,IH2012,2020-09-04 09:32:10.000,3261.6000,22882,0,689676120.000,0,-,-,-,-,3259.0000,3258.8000,3258.6000,3258.2000,3258.0000,3261.2000,3261.4000,3261.6000,3262.2000,3262.6000,1,1,1,1,3,2,2,4,1,2
SF,IH2012,2020-09-04 09:32:10.500,3261.4000,22881,-1,694568220.000,5,2,3,多平,S,3259.0000,3258.8000,3258.6000,3258.2000,3258.0000,3261.0000,3261.6000,3262.2000,3262.6000,3262.8000,2,1,1,1,3,2,3,1,2,1
SF,IH2012,2020-09-04 09:32:11.000,3259.0000,22880,-1,698479020.000,4,1,3,多平,S,3258.6000,3258.2000,3258.0000,3257.4000,3257.0000,3258.8000,3260.8000,3261.0000,3261.6000,3262.2000,1,1,3,1,10,1,1,2,3,1
SF,IH2012,2020-09-04 09:32:11.500,3261.0000,22879,-1,701413260.000,3,1,2,多平,S,3259.0000,3258.8000,3258.2000,3258.0000,3257.4000,3261.4000,3261.6000,3262.2000,3262.6000,3262.8000,2,2,1,3,1,1,3,1,2,1
SF,IH2012,2020-09-04 09:32:12.000,3259.0000,22878,-1,702390960.000,1,0,1,双平,S,3259.0000,3258.8000,3258.2000,3258.0000,3257.4000,3260.8000,3261.0000,3261.2000,3261.4000,3261.6000,1,1,1,3,1,1,5,2,1,3
SF,IH2012,2020-09-04 09:32:12.500,3259.0000,22878,0,702390960.000,0,-,-,-,-,3259.0000,3258.8000,3258.0000,3257.4000,3257.0000,3260.6000,3260.8000,3261.0000,3261.4000,3261.6000,1,1,3,1,11,8,1,2,1,3
SF,IH2012,2020-09-04 09:32:13.000,3260.4000,22878,0,703369080.000,1,0,1,多换,S,3259.0000,3258.8000,3258.0000,3257.4000,3257.0000,3260.6000,3261.0000,3261.4000,3261.6000,3262.2000,1,1,3,1,11,3,1,1,4,1
SF,IH2012,2020-09-04 09:32:13.500,3260.4000,22878,0,703369080.000,0,-,-,-,-,3259.0000,3258.8000,3258.0000,3257.4000,3257.0000,3260.0000,3260.6000,3261.0000,3261.4000,3261.6000,1,1,3,1,11,1,3,1,1,3
SF,IH2012,2020-09-04 09:32:14.000,3260.4000,22879,1,704347200.000,1,1,0,双开,S,3259.0000,3258.8000,3258.0000,3257.4000,3257.0000,3260.0000,3260.6000,3261.0000,3262.6000,3262.8000,1,1,3,1,11,1,2,1,1,1
SF,IH2012,2020-09-04 09:32:14.500,3260.2000,22879,0,705325260.000,1,0,1,多换,S,3259.2000,3259.0000,3258.8000,3258.0000,3257.4000,3260.0000,3260.6000,3261.0000,3262.6000,3262.8000,1,1,1,3,1,6,2,1,1,1
SF,IH2012,2020-09-04 09:32:15.000,3259.2000,22880,1,707280780.000,2,1,1,空开,S,3259.0000,3258.8000,3258.0000,3257.4000,3257.0000,3260.0000,3260.6000,3261.0000,3261.8000,3262.6000,1,1,3,1,12,6,2,1,1,1
SF,IH2012,2020-09-04 09:32:15.500,3258.8000,22878,-2,709236120.000,2,0,2,双平,S,3258.0000,3257.4000,3257.0000,3256.0000,3255.0000,3258.8000,3259.8000,3260.0000,3260.4000,3260.6000,3,1,12,20,13,1,2,6,1,2
SF,IH2012,2020-09-04 09:32:16.000,3259.8000,22877,-1,710214060.000,1,0,1,双平,S,3258.8000,3258.2000,3258.0000,3257.4000,3257.0000,3260.0000,3260.6000,3261.0000,3261.8000,3262.6000,1,4,3,1,12,6,2,1,1,1
SF,IH2012,2020-09-04 09:32:16.500,3259.8000,22877,0,710214060.000,0,-,-,-,-,3258.2000,3258.0000,3257.4000,3257.0000,3256.0000,3259.8000,3260.0000,3260.6000,3261.0000,3261.8000,1,3,1,13,19,2,6,1,1,1
SF,IH2012,2020-09-04 09:32:17.000,3259.8000,22877,0,710214060.000,0,-,-,-,-,3258.4000,3258.2000,3258.0000,3257.4000,3257.0000,3259.6000,3259.8000,3260.0000,3260.6000,3261.0000,1,1,3,1,13,1,2,6,1,1
SF,IH2012,2020-09-04 09:32:17.500,3259.8000,22877,0,710214060.000,0,-,-,-,-,3258.2000,3258.0000,3257.4000,3257.0000,3256.0000,3259.4000,3259.6000,3260.0000,3260.4000,3260.6000,1,3,1,13,19,2,1,6,1,2
SF,IH2012,2020-09-04 09:32:18.000,3258.0000,22876,-1,714123720.000,4,1,3,多平,S,3257.4000,3257.0000,3256.0000,3255.0000,3254.0000,3258.0000,3258.2000,3258.4000,3259.4000,3260.0000,1,13,19,14,10,1,20,1,3,6
SF,IH2012,2020-09-04 09:32:18.500,3258.2000,22877,1,715101180.000,1,1,0,双开,S,3258.0000,3257.4000,3257.0000,3256.0000,3255.6000,3258.2000,3258.4000,3259.2000,3259.4000,3259.8000,1,1,13,19,1,19,1,1,2,1
SF,IH2012,2020-09-04 09:32:19.000,3258.0000,22877,0,716078580.000,1,0,1,多换,S,3257.4000,3257.0000,3256.0000,3255.0000,3254.0000,3258.0000,3258.2000,3258.4000,3259.4000,3259.8000,1,13,19,14,10,2,19,2,2,1
SF,IH2012,2020-09-04 09:32:19.500,3258.0000,22876,-1,718033380.000,2,0,2,多平,S,3257.6000,3257.4000,3257.0000,3256.4000,3256.0000,3258.2000,3258.4000,3259.0000,3259.4000,3259.8000,1,1,13,1,19,19,2,1,1,1
SF,IH2012,2020-09-04 09:32:20.000,3258.0000,22876,0,718033380.000,0,-,-,-,-,3257.4000,3257.0000,3256.4000,3256.0000,3255.8000,3258.2000,3258.4000,3259.0000,3259.4000,3259.8000,1,13,1,19,1,25,2,1,1,1
SF,IH2012,2020-09-04 09:32:21.000,3257.4000,22878,2,721942920.000,4,3,1,空开,S,3257.0000,3256.4000,3256.0000,3255.8000,3255.0000,3257.4000,3258.2000,3258.4000,3259.0000,3259.4000,13,1,19,1,14,2,23,2,1,1
SF,IH2012,2020-09-04 09:32:21.500,3258.2000,22878,0,726829020.000,5,2,3,多换,S,3257.8000,3257.4000,3257.0000,3256.4000,3256.0000,3258.2000,3258.4000,3259.0000,3259.4000,3260.0000,1,1,11,1,19,22,2,1,1,1
SF,IH2012,2020-09-04 09:32:22.000,3257.0000,22877,-1,731714880.000,5,2,3,多平,S,3257.0000,3256.4000,3256.0000,3255.8000,3255.0000,3257.8000,3258.2000,3258.4000,3259.0000,3259.4000,8,1,19,1,14,2,22,2,1,1
SF,IH2012,2020-09-04 09:32:22.500,3257.0000,22877,0,731714880.000,0,-,-,-,-,3257.0000,3256.4000,3256.0000,3255.8000,3255.0000,3257.8000,3258.2000,3258.4000,3259.0000,3259.4000,8,1,19,1,15,1,22,2,1,1
SF,IH2012,2020-09-04 09:32:23.000,3257.0000,22876,-1,738554580.000,7,3,4,多平,S,3256.4000,3256.0000,3255.8000,3255.0000,3254.0000,3257.6000,3257.8000,3258.2000,3258.4000,3259.0000,1,19,1,15,10,1,1,22,2,1
SF,IH2012,2020-09-04 09:32:23.500,3257.0000,22877,1,740508780.000,2,1,1,空开,S,3256.4000,3256.0000,3255.8000,3255.0000,3254.0000,3257.6000,3257.8000,3258.2000,3258.4000,3259.0000,1,19,1,15,10,1,1,22,2,1
SF,IH2012,2020-09-04 09:32:24.000,3257.8000,22875,-2,742463400.000,2,0,2,双平,S,3257.8000,3256.6000,3256.4000,3256.0000,3255.8000,3258.2000,3258.4000,3259.0000,3259.4000,3259.8000,1,5,1,19,1,22,2,1,1,1
SF,IH2012,2020-09-04 09:32:24.500,3258.4000,22868,-7,764945040.000,23,8,15,多平,S,3257.6000,3257.2000,3256.6000,3256.4000,3256.0000,3258.4000,3259.0000,3259.4000,3259.8000,3260.0000,1,1,3,1,19,1,1,1,1,5
SF,IH2012,2020-09-04 09:32:25.000,3258.4000,22867,-1,769832640.000,5,2,3,多平,S,3258.0000,3257.6000,3257.2000,3256.6000,3256.4000,3259.0000,3259.4000,3259.8000,3260.0000,3260.4000,1,1,1,3,1,1,1,1,5,1
SF,IH2012,2020-09-04 09:32:25.500,3258.4000,22867,0,769832640.000,0,-,-,-,-,3258.2000,3258.0000,3257.6000,3257.2000,3256.6000,3259.4000,3259.8000,3260.0000,3260.4000,3262.6000,1,1,1,1,3,1,1,5,1,1
SF,IH2012,2020-09-04 09:32:26.000,3258.4000,22867,0,770810160.000,1,0,1,多换,S,3258.2000,3258.0000,3257.6000,3257.2000,3256.6000,3259.4000,3259.8000,3260.0000,3262.6000,3262.8000,1,1,1,1,3,1,1,5,1,1
SF,IH2012,2020-09-04 09:32:26.500,3258.4000,22867,0,770810160.000,0,-,-,-,-,3258.4000,3258.0000,3257.6000,3257.2000,3256.6000,3259.8000,3260.0000,3261.0000,3262.6000,3262.8000,2,1,1,1,3,1,5,1,1,1
SF,IH2012,2020-09-04 09:32:27.000,3258.4000,22867,0,770810160.000,0,-,-,-,-,3258.0000,3257.6000,3257.2000,3256.6000,3256.4000,3259.2000,3259.6000,3259.8000,3260.0000,3261.0000,1,2,1,2,1,1,2,1,5,1
SF,IH2012,2020-09-04 09:32:27.500,3258.4000,22866,-1,771787680.000,1,0,1,双平,S,3258.0000,3257.6000,3257.2000,3256.6000,3256.4000,3259.2000,3259.4000,3259.6000,3259.8000,3260.0000,1,2,1,2,1,1,1,1,1,5
SF,IH2012,2020-09-04 09:32:28.000,3258.4000,22866,0,771787680.000,0,-,-,-,-,3258.0000,3257.6000,3257.2000,3256.6000,3256.4000,3258.2000,3258.4000,3259.0000,3259.2000,3259.4000,1,2,1,2,1,1,2,1,1,1
SF,IH2012,2020-09-04 09:32:28.500,3258.0000,22866,0,772765080.000,1,0,1,多换,S,3257.6000,3256.6000,3256.4000,3256.0000,3255.0000,3258.0000,3258.2000,3258.4000,3259.0000,3259.2000,2,1,1,19,14,1,1,2,1,1
SF,IH2012,2020-09-04 09:32:29.000,3258.0000,22866,0,772765080.000,0,-,-,-,-,3257.6000,3256.6000,3256.4000,3256.0000,3255.0000,3258.2000,3258.4000,3259.2000,3259.4000,3259.6000,2,1,1,19,14,1,2,1,1,1
SF,IH2012,2020-09-04 09:32:30.000,3258.4000,22865,-1,775697580.000,3,1,2,多平,S,3258.4000,3257.6000,3256.6000,3256.4000,3256.0000,3259.2000,3259.4000,3259.6000,3259.8000,3260.0000,1,2,1,1,19,1,1,1,1,5
SF,IH2012,2020-09-04 09:32:30.500,3258.4000,22865,0,775697580.000,0,-,-,-,-,3257.8000,3257.6000,3256.6000,3256.4000,3256.0000,3258.4000,3259.2000,3259.4000,3259.6000,3259.8000,1,3,1,1,19,2,2,1,1,1
SF,IH2012,2020-09-04 09:32:31.000,3258.4000,22863,-2,777652620.000,2,0,2,双平,S,3257.8000,3257.6000,3256.6000,3256.4000,3256.0000,3259.2000,3259.4000,3259.6000,3259.8000,3260.0000,1,3,1,1,19,1,1,1,1,5
SF,IH2012,2020-09-04 09:32:31.500,3258.4000,22863,0,777652620.000,0,-,-,-,-,3258.0000,3257.8000,3257.6000,3256.4000,3256.0000,3259.2000,3259.4000,3259.6000,3259.8000,3260.0000,2,1,4,1,19,1,1,1,1,5
SF,IH2012,2020-09-04 09:32:32.000,3258.4000,22863,0,777652620.000,0,-,-,-,-,3258.0000,3257.8000,3257.6000,3256.4000,3256.0000,3259.2000,3259.4000,3259.6000,3259.8000,3260.0000,2,1,5,1,19,3,1,1,1,5
SF,IH2012,2020-09-04 09:32:32.500,3258.4000,22863,0,777652620.000,0,-,-,-,-,3258.0000,3257.8000,3257.6000,3256.4000,3256.0000,3259.0000,3259.2000,3259.4000,3259.8000,3260.0000,2,1,5,1,19,1,3,1,1,5
SF,IH2012,2020-09-04 09:32:33.000,3257.8000,22861,-2,780584760.000,3,0,3,多平,S,3257.6000,3256.4000,3256.0000,3255.0000,3254.0000,3257.8000,3259.0000,3259.2000,3259.4000,3259.8000,5,1,19,14,10,3,1,3,1,1
SF,IH2012,2020-09-04 09:32:33.500,3257.8000,22858,-3,783516780.000,3,0,3,双平,S,3257.8000,3257.6000,3256.4000,3256.0000,3255.0000,3259.0000,3259.2000,3259.4000,3259.8000,3260.0000,1,5,1,19,14,1,3,1,1,5
SF,IH2012,2020-09-04 09:32:34.000,3259.0000,22857,-1,784494480.000,1,0,1,双平,S,3259.0000,3257.6000,3256.4000,3256.0000,3255.0000,3259.2000,3259.4000,3259.8000,3260.0000,3261.0000,1,5,1,19,14,3,1,1,5,1
SF,IH2012,2020-09-04 09:32:34.500,3257.6000,22853,-4,790358580.000,6,1,5,多平,S,3256.0000,3255.0000,3254.0000,3253.0000,3252.6000,3257.6000,3258.8000,3259.0000,3259.2000,3259.4000,19,14,10,12,2,2,1,7,3,1
SF,IH2012,2020-09-04 09:32:35.000,3257.6000,22852,-1,791335860.000,1,0,1,双平,S,3258.0000,3257.8000,3257.6000,3256.4000,3256.2000,3258.8000,3259.0000,3259.2000,3259.4000,3259.8000,1,1,1,1,6,1,4,3,1,1
SF,IH2012,2020-09-04 09:32:35.500,3257.8000,22851,-1,793290600.000,2,0,2,多平,S,3257.6000,3256.4000,3256.2000,3256.0000,3255.8000,3257.8000,3258.0000,3258.8000,3259.0000,3259.2000,1,1,4,20,1,1,2,1,2,3
SF,IH2012,2020-09-04 09:32:36.000,3257.6000,22850,-1,794267880.000,1,0,1,双平,S,3256.4000,3256.2000,3256.0000,3255.8000,3255.0000,3257.6000,3258.0000,3259.0000,3259.2000,3259.4000,2,3,20,1,14,1,2,2,3,1
SF,IH2012,2020-09-04 09:32:36.500,3258.0000,22847,-3,797199960.000,3,0,3,双平,S,3258.8000,3257.6000,3256.6000,3256.4000,3256.2000,3259.0000,3259.2000,3259.4000,3259.8000,3260.0000,1,1,4,2,2,1,3,1,1,5
SF,IH2012,2020-09-04 09:32:37.000,3258.8000,22847,0,798177600.000,1,0,1,多换,S,3257.6000,3257.2000,3256.6000,3256.4000,3256.2000,3258.2000,3258.6000,3258.8000,3259.0000,3259.2000,1,1,1,1,2,2,4,4,1,3
SF,IH2012,2020-09-04 09:32:37.500,3257.8000,22848,1,799154940.000,1,1,0,双开,S,3256.6000,3256.4000,3256.2000,3256.0000,3255.8000,3258.2000,3258.6000,3258.8000,3259.0000,3259.2000,1,1,2,20,1,2,2,3,1,3
SF,IH2012,2020-09-04 09:32:38.000,3256.8000,22848,0,803063520.000,4,2,2,多换,S,3256.6000,3256.4000,3256.2000,3256.0000,3255.8000,3258.2000,3258.8000,3259.0000,3259.2000,3259.4000,1,1,1,20,1,1,2,1,3,1
SF,IH2012,2020-09-04 09:32:38.500,3256.8000,22847,-1,804040560.000,1,0,1,双平,S,3256.6000,3256.4000,3256.2000,3256.0000,3255.8000,3257.4000,3258.0000,3258.2000,3258.8000,3259.0000,1,1,1,20,1,1,3,1,1,1
SF,IH2012,2020-09-04 09:32:39.000,3257.4000,22847,0,805017780.000,1,0,1,多换,S,3256.8000,3256.6000,3256.2000,3256.0000,3255.8000,3258.0000,3258.2000,3258.8000,3259.0000,3259.2000,1,1,1,20,1,2,1,1,1,3
SF,IH2012,2020-09-04 09:32:39.500,3258.2000,22844,-3,807950040.000,3,0,3,双平,S,3258.2000,3257.8000,3257.2000,3257.0000,3256.8000,3259.0000,3259.2000,3259.4000,3260.0000,3262.8000,1,1,3,2,2,1,3,1,5,1
SF,IH2012,2020-09-04 09:32:40.000,3258.2000,22844,0,807950040.000,0,-,-,-,-,3258.2000,3257.8000,3257.2000,3257.0000,3256.8000,3259.0000,3259.2000,3259.4000,3260.0000,3260.2000,1,1,3,1,2,1,3,1,5,1
SF,IH2012,2020-09-04 09:32:40.500,3259.0000,22843,-1,808927740.000,1,0,1,双平,S,3258.2000,3257.8000,3257.2000,3257.0000,3256.8000,3259.2000,3259.4000,3260.0000,3262.8000,3266.6000,1,1,3,1,2,3,1,5,1,2
SF,IH2012,2020-09-04 09:32:41.000,3259.0000,22843,0,810883200.000,2,1,1,多换,S,3258.8000,3258.2000,3257.8000,3257.2000,3257.0000,3259.2000,3259.4000,3260.0000,3262.8000,3266.6000,1,1,1,3,1,2,1,5,1,2
SF,IH2012,2020-09-04 09:32:41.500,3259.4000,22841,-2,814794300.000,4,1,3,多平,S,3258.8000,3258.2000,3257.8000,3257.2000,3256.8000,3260.0000,3262.8000,3266.6000,3266.8000,3270.0000,1,1,2,3,2,5,1,2,1,2
SF,IH2012,2020-09-04 09:32:42.000,3258.8000,22840,-1,816749640.000,2,0,2,多平,S,3258.2000,3257.8000,3257.2000,3256.8000,3256.6000,3259.8000,3260.0000,3262.8000,3266.6000,3266.8000,1,2,3,2,1,1,5,1,2,1
SF,IH2012,2020-09-04 09:32:42.500,3258.8000,22840,0,816749640.000,0,-,-,-,-,3258.2000,3257.8000,3257.2000,3256.8000,3256.6000,3259.6000,3259.8000,3260.0000,3261.0000,3262.8000,1,2,3,2,1,1,1,5,1,1
SF,IH2012,2020-09-04 09:32:43.000,3258.8000,22840,0,816749640.000,0,-,-,-,-,3258.2000,3257.8000,3257.2000,3256.8000,3256.6000,3259.6000,3260.0000,3260.6000,3261.0000,3266.6000,1,2,3,2,1,1,5,1,1,2
SF,IH2012,2020-09-04 09:32:43.500,3258.8000,22840,0,816749640.000,0,-,-,-,-,3258.2000,3257.8000,3257.2000,3256.8000,3256.6000,3259.4000,3259.6000,3260.0000,3260.6000,3261.0000,1,2,3,2,1,1,1,5,1,1
SF,IH2012,2020-09-04 09:32:44.000,3259.2000,22839,-1,817727400.000,1,0,1,双平,S,3258.2000,3258.0000,3257.8000,3257.2000,3256.8000,3260.0000,3260.2000,3261.0000,3266.6000,3266.8000,1,1,2,3,2,5,1,1,2,1
SF,IH2012,2020-09-04 09:32:44.500,3259.2000,22839,0,817727400.000,0,-,-,-,-,3258.2000,3258.0000,3257.8000,3257.2000,3256.8000,3259.2000,3259.8000,3260.0000,3261.0000,3266.6000,1,1,2,3,2,1,5,5,1,2
SF,IH2012,2020-09-04 09:32:45.000,3259.2000,22839,0,817727400.000,0,-,-,-,-,3258.2000,3258.0000,3257.8000,3256.8000,3256.6000,3259.2000,3259.8000,3260.0000,3260.6000,3261.0000,1,1,2,2,1,1,3,5,1,1
SF,IH2012,2020-09-04 09:32:45.500,3259.2000,22839,0,817727400.000,0,-,-,-,-,3258.2000,3258.0000,3257.8000,3256.8000,3256.6000,3259.2000,3259.8000,3260.0000,3260.6000,3261.0000,1,2,2,2,1,1,2,5,1,1
SF,IH2012,2020-09-04 09:32:46.000,3259.2000,22839,0,817727400.000,0,-,-,-,-,3259.6000,3258.2000,3258.0000,3257.8000,3256.8000,3259.8000,3260.0000,3260.6000,3261.0000,3266.6000,1,1,3,2,2,2,5,1,1,2
SF,IH2012,2020-09-04 09:32:46.500,3259.4000,22840,1,821638620.000,4,2,2,空开,S,3258.2000,3258.0000,3257.8000,3256.8000,3256.6000,3259.6000,3260.0000,3260.6000,3261.0000,3266.6000,1,3,2,1,1,5,5,1,1,2
SF,IH2012,2020-09-04 09:32:47.000,3259.4000,22840,0,821638620.000,0,-,-,-,-,3258.4000,3258.2000,3258.0000,3257.8000,3256.8000,3259.4000,3259.6000,3260.0000,3261.0000,3262.0000,3,1,3,2,1,1,3,5,1,5
SF,IH2012,2020-09-04 09:32:47.500,3259.4000,22840,0,821638620.000,0,-,-,-,-,3258.4000,3258.2000,3258.0000,3257.8000,3256.8000,3259.4000,3259.6000,3260.0000,3260.6000,3261.0000,3,1,3,2,1,2,1,5,1,1
SF,IH2012,2020-09-04 09:32:48.000,3258.6000,22838,-2,823594020.000,2,0,2,双平,S,3258.4000,3258.2000,3258.0000,3257.8000,3256.8000,3259.6000,3260.0000,3261.0000,3262.0000,3266.6000,3,1,3,2,1,1,5,1,5,2
SF,IH2012,2020-09-04 09:32:48.500,3258.6000,22838,0,823594020.000,0,-,-,-,-,3258.6000,3258.4000,3258.2000,3258.0000,3257.8000,3260.0000,3261.0000,3262.0000,3266.6000,3266.8000,1,3,1,3,2,5,2,5,2,1
SF,IH2012,2020-09-04 09:32:49.000,3258.6000,22833,-5,829459500.000,6,0,6,多平,S,3258.8000,3258.6000,3258.4000,3258.2000,3258.0000,3260.0000,3261.0000,3262.0000,3266.6000,3266.8000,3,1,3,1,3,5,2,5,2,1
SF,IH2012,2020-09-04 09:32:49.500,3258.6000,22833,0,829459500.000,0,-,-,-,-,3259.0000,3258.8000,3258.4000,3258.2000,3258.0000,3260.0000,3262.0000,3266.6000,3266.8000,3270.0000,1,3,3,1,3,5,5,2,1,2
SF,IH2012,2020-09-04 09:32:50.000,3260.0000,22834,1,830437500.000,1,1,0,双开,S,3259.0000,3258.8000,3258.4000,3258.2000,3258.0000,3260.0000,3262.0000,3266.6000,3266.8000,3270.0000,1,3,3,1,3,4,5,2,1,2
SF,IH2012,2020-09-04 09:32:50.500,3260.0000,22833,-1,835327500.000,5,2,3,多平,S,3260.2000,3259.2000,3259.0000,3258.8000,3258.4000,3262.0000,3266.6000,3266.8000,3270.0000,3270.4000,1,2,1,3,3,5,2,1,2,1
SF,IH2012,2020-09-04 09:32:51.000,3260.2000,22833,0,837283620.000,2,1,1,多换,S,3260.0000,3259.2000,3259.0000,3258.8000,3258.4000,3260.2000,3261.0000,3261.2000,3261.6000,3261.8000,1,2,1,3,4,1,1,2,4,6
SF,IH2012,2020-09-04 09:32:51.500,3260.0000,22833,0,840217620.000,3,1,2,多换,S,3259.2000,3259.0000,3258.8000,3258.2000,3258.0000,3261.0000,3261.2000,3261.6000,3261.8000,3262.0000,2,1,3,1,3,1,2,4,4,5
SF,IH2012,2020-09-04 09:32:52.000,3260.0000,22833,0,840217620.000,0,-,-,-,-,3259.2000,3258.2000,3258.0000,3257.8000,3256.8000,3260.0000,3260.8000,3261.0000,3261.4000,3261.6000,2,1,3,1,1,1,3,1,2,4
SF,IH2012,2020-09-04 09:32:52.500,3260.0000,22833,0,840217620.000,0,-,-,-,-,3259.4000,3259.2000,3258.2000,3258.0000,3257.8000,3260.8000,3261.4000,3261.6000,3261.8000,3262.0000,1,2,1,3,1,4,2,4,2,5
SF,IH2012,2020-09-04 09:32:53.000,3260.0000,22833,0,840217620.000,0,-,-,-,-,3259.4000,3258.2000,3258.0000,3257.8000,3256.8000,3260.2000,3260.6000,3260.8000,3261.4000,3261.6000,1,1,3,1,1,1,1,2,2,4
SF,IH2012,2020-09-04 09:32:53.500,3259.4000,22832,-1,841195440.000,1,0,1,双平,S,3258.2000,3258.0000,3257.8000,3256.8000,3256.6000,3260.2000,3260.4000,3260.6000,3260.8000,3261.4000,1,3,1,1,1,1,4,3,2,2
SF,IH2012,2020-09-04 09:32:54.000,3258.2000,22831,-1,843150420.000,2,0,2,多平,S,3258.0000,3257.8000,3256.8000,3256.6000,3256.4000,3258.2000,3260.0000,3260.2000,3260.4000,3260.6000,3,1,1,1,1,3,3,1,4,1
SF,IH2012,2020-09-04 09:32:54.500,3260.0000,22827,-4,848038800.000,5,0,5,多平,S,3258.6000,3258.2000,3258.0000,3257.8000,3256.8000,3260.0000,3260.2000,3261.4000,3261.8000,3262.0000,1,8,3,1,1,1,1,1,1,5
SF,IH2012,2020-09-04 09:32:55.000,3258.6000,22826,-1,849993960.000,2,0,2,多平,S,3258.2000,3258.0000,3257.8000,3256.8000,3256.6000,3258.6000,3259.8000,3260.0000,3260.2000,3261.4000,6,3,1,1,1,3,1,1,1,1
SF,IH2012,2020-09-04 09:32:55.500,3258.6000,22823,-3,852926700.000,3,0,3,双平,S,3258.6000,3258.4000,3258.2000,3258.0000,3257.8000,3259.8000,3260.0000,3260.2000,3261.4000,3261.8000,3,1,5,3,1,2,1,1,1,1
SF,IH2012,2020-09-04 09:32:56.000,3259.8000,22822,-1,853904640.000,1,0,1,双平,S,3258.6000,3258.4000,3258.2000,3258.0000,3257.8000,3260.0000,3260.2000,3261.4000,3261.8000,3262.0000,3,1,5,3,1,1,1,1,1,5
SF,IH2012,2020-09-04 09:32:56.500,3260.0000,22821,-1,854882640.000,1,0,1,双平,S,3260.0000,3259.8000,3258.8000,3258.6000,3258.4000,3261.4000,3261.8000,3262.0000,3266.6000,3266.8000,1,1,4,2,1,1,1,5,4,1
SF,IH2012,2020-09-04 09:32:57.000,3260.0000,22821,0,854882640.000,0,-,-,-,-,3259.8000,3258.8000,3258.6000,3258.4000,3258.2000,3261.0000,3261.2000,3261.8000,3262.0000,3262.4000,2,4,2,1,5,1,3,1,6,1
SF,IH2012,2020-09-04 09:32:57.500,3260.0000,22821,0,854882640.000,0,-,-,-,-,3259.8000,3258.8000,3258.6000,3258.4000,3258.2000,3261.2000,3262.0000,3266.6000,3266.8000,3270.0000,2,4,2,1,5,1,6,4,1,2
SF,IH2012,2020-09-04 09:32:58.000,3261.2000,22820,-1,855861000.000,1,0,1,双平,S,3260.2000,3260.0000,3259.8000,3258.8000,3258.6000,3262.0000,3262.6000,3266.6000,3266.8000,3270.0000,1,3,2,2,2,5,1,4,1,2
SF,IH2012,2020-09-04 09:32:58.500,3261.2000,22820,0,855861000.000,0,-,-,-,-,3260.4000,3260.2000,3260.0000,3259.8000,3258.8000,3262.0000,3262.6000,3266.6000,3266.8000,3270.0000,4,1,1,2,2,5,1,4,1,2
SF,IH2012,2020-09-04 09:32:59.000,3261.2000,22820,0,855861000.000,0,-,-,-,-,3260.4000,3260.2000,3259.8000,3258.8000,3258.6000,3262.0000,3262.2000,3262.6000,3266.6000,3266.8000,3,1,2,2,2,5,1,1,4,1
SF,IH2012,2020-09-04 09:32:59.500,3261.2000,22820,0,855861000.000,0,-,-,-,-,3260.4000,3260.2000,3260.0000,3259.8000,3258.8000,3262.0000,3262.6000,3266.6000,3266.8000,3270.0000,3,1,2,2,2,5,1,4,1,2
SF,IH2012,2020-09-04 09:33:00.000,3262.0000,22819,-1,856839600.000,1,0,1,双平,S,3260.8000,3260.6000,3260.4000,3260.2000,3260.0000,3262.0000,3262.6000,3266.6000,3266.8000,3270.0000,1,3,4,1,2,4,1,4,1,2
SF,IH2012,2020-09-04 09:33:00.500,3261.0000,22818,-1,857817900.000,1,0,1,双平,S,3260.6000,3260.4000,3260.2000,3260.0000,3259.8000,3261.6000,3262.2000,3262.6000,3266.6000,3266.8000,1,1,1,2,2,1,1,1,4,1
SF,IH2012,2020-09-04 09:33:01.000,3261.0000,22818,0,857817900.000,0,-,-,-,-,3260.2000,3260.0000,3259.8000,3258.8000,3258.6000,3261.6000,3261.8000,3262.2000,3262.6000,3266.6000,1,2,2,2,2,1,2,1,1,4
SF,IH2012,2020-09-04 09:33:01.500,3261.0000,22818,0,857817900.000,0,-,-,-,-,3260.4000,3260.2000,3260.0000,3259.8000,3258.8000,3261.6000,3262.0000,3262.4000,3262.6000,3266.6000,2,1,2,1,2,1,1,1,1,4
SF,IH2012,2020-09-04 09:33:02.000,3261.0000,22818,0,857817900.000,0,-,-,-,-,3260.6000,3260.4000,3260.2000,3260.0000,3259.8000,3261.6000,3262.0000,3262.4000,3262.6000,3266.6000,1,3,1,2,1,1,1,1,1,4
SF,IH2012,2020-09-04 09:33:02.500,3261.0000,22818,0,857817900.000,0,-,-,-,-,3260.4000,3260.2000,3260.0000,3259.8000,3258.6000,3261.4000,3261.6000,3262.0000,3262.4000,3262.6000,2,1,2,1,2,2,1,1,1,1
SF,IH2012,2020-09-04 09:33:03.000,3261.0000,22818,0,857817900.000,0,-,-,-,-,3260.2000,3260.0000,3259.8000,3258.6000,3258.4000,3261.4000,3261.6000,3262.0000,3262.4000,3262.6000,1,2,1,2,1,2,1,1,1,1
SF,IH2012,2020-09-04 09:33:03.500,3261.2000,22818,0,858796260.000,1,0,1,多换,S,3260.2000,3260.0000,3259.8000,3258.6000,3258.4000,3261.2000,3261.6000,3262.0000,3262.4000,3262.6000,1,2,1,2,1,1,1,1,1,1
SF,IH2012,2020-09-04 09:33:04.000,3261.2000,22818,0,858796260.000,0,-,-,-,-,3260.0000,3259.8000,3258.6000,3258.4000,3258.2000,3261.0000,3261.6000,3262.0000,3262.4000,3262.6000,2,1,2,1,2,1,1,1,1,1
SF,IH2012,2020-09-04 09:33:04.500,3261.2000,22818,0,858796260.000,0,-,-,-,-,3260.0000,3259.8000,3258.6000,3258.4000,3258.2000,3260.6000,3261.0000,3261.6000,3262.0000,3262.4000,2,1,2,1,1,1,1,1,1,1
SF,IH2012,2020-09-04 09:33:05.000,3260.6000,22817,-1,859774440.000,1,0,1,双平,S,3260.6000,3260.2000,3260.0000,3259.8000,3258.6000,3261.0000,3261.6000,3262.0000,3262.4000,3262.6000,2,1,3,1,2,1,1,1,1,1
SF,IH2012,2020-09-04 09:33:05.500,3260.6000,22815,-2,861730800.000,2,0,2,双平,S,3260.0000,3259.8000,3258.6000,3258.4000,3258.2000,3261.0000,3261.6000,3262.0000,3262.4000,3262.6000,3,1,2,1,1,1,1,1,1,1
SF,IH2012,2020-09-04 09:33:06.000,3260.6000,22815,0,861730800.000,0,-,-,-,-,3260.0000,3259.8000,3258.6000,3258.2000,3258.0000,3261.0000,3261.6000,3262.0000,3262.4000,3262.6000,3,1,2,1,2,1,1,1,1,1
SF,IH2012,2020-09-04 09:33:06.500,3260.6000,22815,0,861730800.000,0,-,-,-,-,3261.0000,3260.4000,3260.2000,3260.0000,3259.8000,3261.6000,3262.0000,3262.4000,3262.6000,3266.6000,1,1,4,3,1,1,1,1,1,4
SF,IH2012,2020-09-04 09:33:07.000,3261.0000,22815,0,862709100.000,1,0,1,多换,S,3260.4000,3260.2000,3260.0000,3259.8000,3258.6000,3261.0000,3261.4000,3261.6000,3262.0000,3262.4000,1,3,3,1,2,1,1,1,1,1
SF,IH2012,2020-09-04 09:33:08.500,3260.4000,22815,0,864665520.000,2,1,1,多换,S,3260.2000,3260.0000,3259.8000,3258.6000,3258.2000,3261.4000,3261.6000,3262.0000,3262.4000,3262.6000,3,3,1,2,1,1,1,1,1,1
SF,IH2012,2020-09-04 09:33:09.000,3260.4000,22815,0,864665520.000,0,-,-,-,-,3260.4000,3260.2000,3260.0000,3259.8000,3258.6000,3261.6000,3262.0000,3262.4000,3262.6000,3266.6000,1,3,3,1,2,1,1,1,1,4
SF,IH2012,2020-09-04 09:33:09.500,3260.4000,22815,0,864665520.000,0,-,-,-,-,3261.0000,3260.6000,3260.4000,3260.2000,3260.0000,3261.4000,3261.6000,3262.0000,3262.4000,3262.6000,2,1,1,3,3,1,2,1,1,1
SF,IH2012,2020-09-04 09:33:10.000,3261.4000,22814,-1,865643940.000,1,0,1,双平,S,3261.0000,3260.6000,3260.2000,3260.0000,3259.8000,3261.6000,3262.0000,3262.4000,3262.6000,3266.6000,2,1,3,3,1,1,1,1,1,4
SF,IH2012,2020-09-04 09:33:10.500,3261.6000,22814,0,866622420.000,1,0,1,多换,S,3261.2000,3261.0000,3260.6000,3260.2000,3260.0000,3262.0000,3262.4000,3262.6000,3266.6000,3266.8000,1,2,1,3,3,1,1,1,4,1
SF,IH2012,2020-09-04 09:33:11.000,3261.2000,22814,0,868579380.000,2,1,1,多换,S,3261.0000,3260.6000,3260.2000,3260.0000,3259.8000,3262.4000,3262.6000,3265.0000,3266.6000,3266.8000,2,1,3,3,1,1,1,4,4,1
SF,IH2012,2020-09-04 09:33:11.500,3261.2000,22814,0,868579380.000,0,-,-,-,-,3261.2000,3261.0000,3260.6000,3260.2000,3260.0000,3262.4000,3262.8000,3265.0000,3266.6000,3266.8000,1,2,1,3,3,1,1,4,4,1
SF,IH2012,2020-09-04 09:33:12.000,3261.2000,22814,0,868579380.000,0,-,-,-,-,3262.0000,3261.2000,3261.0000,3260.8000,3260.6000,3262.4000,3262.8000,3265.0000,3266.6000,3266.8000,1,1,2,1,1,2,1,4,4,1
SF,IH2012,2020-09-04 09:33:12.500,3262.0000,22814,0,869557980.000,1,0,1,多换,S,3261.4000,3261.2000,3261.0000,3260.8000,3260.6000,3262.0000,3262.2000,3262.8000,3265.0000,3266.6000,1,1,2,1,1,1,1,1,4,2
SF,IH2012,2020-09-04 09:33:13.000,3262.0000,22813,-1,870536580.000,1,0,1,双平,S,3261.6000,3261.4000,3261.2000,3261.0000,3260.8000,3262.6000,3262.8000,3265.0000,3266.6000,3266.8000,1,1,1,2,1,2,1,4,2,1
SF,IH2012,2020-09-04 09:33:13.500,3261.6000,22813,0,871515060.000,1,0,1,多换,S,3261.4000,3261.2000,3261.0000,3260.8000,3260.6000,3262.6000,3266.6000,3266.8000,3269.6000,3270.0000,1,1,2,1,1,2,2,1,2,2
SF,IH2012,2020-09-04 09:33:14.000,3262.4000,22813,0,872493780.000,1,0,1,多换,S,3262.4000,3261.4000,3261.2000,3261.0000,3260.8000,3262.6000,3266.6000,3266.8000,3269.6000,3270.0000,1,1,1,3,1,3,2,1,2,2
SF,IH2012,2020-09-04 09:33:14.500,3262.4000,22813,0,873472500.000,1,0,1,多换,S,3261.4000,3261.2000,3261.0000,3260.8000,3260.6000,3262.8000,3266.6000,3266.8000,3269.6000,3270.0000,2,1,2,1,1,2,2,1,2,2
SF,IH2012,2020-09-04 09:33:15.000,3262.4000,22813,0,873472500.000,0,-,-,-,-,3261.6000,3261.4000,3261.0000,3260.8000,3260.6000,3262.8000,3266.6000,3266.8000,3269.6000,3270.0000,3,2,2,1,1,1,2,1,2,2
SF,IH2012,2020-09-04 09:33:15.500,3262.4000,22813,0,873472500.000,0,-,-,-,-,3261.8000,3261.6000,3261.4000,3261.0000,3260.8000,3263.4000,3266.6000,3266.8000,3269.6000,3270.0000,1,4,2,2,1,2,2,1,2,2
SF,IH2012,2020-09-04 09:33:16.000,3262.4000,22813,0,873472500.000,0,-,-,-,-,3262.0000,3261.8000,3261.6000,3261.4000,3261.0000,3263.2000,3263.4000,3266.6000,3266.8000,3269.6000,1,1,2,2,2,1,2,2,1,2
SF,IH2012,2020-09-04 09:33:16.500,3262.4000,22813,0,873472500.000,0,-,-,-,-,3262.8000,3262.6000,3262.0000,3261.8000,3261.6000,3263.2000,3263.4000,3266.6000,3266.8000,3269.6000,1,1,1,1,2,1,2,2,1,2
SF,IH2012,2020-09-04 09:33:17.000,3262.4000,22813,0,873472500.000,0,-,-,-,-,3262.8000,3262.6000,3262.2000,3262.0000,3261.8000,3263.4000,3266.6000,3266.8000,3269.6000,3270.0000,1,1,2,1,1,2,2,1,2,2
SF,IH2012,2020-09-04 09:33:17.500,3262.4000,22813,0,873472500.000,0,-,-,-,-,3262.8000,3262.6000,3262.0000,3261.8000,3261.6000,3266.6000,3266.8000,3269.6000,3270.0000,3270.4000,1,1,1,1,2,2,1,2,2,1
SF,IH2012,2020-09-04 09:33:18.000,3262.4000,22813,0,873472500.000,0,-,-,-,-,3263.2000,3263.0000,3262.8000,3262.6000,3261.8000,3264.6000,3264.8000,3265.8000,3266.2000,3266.4000,2,2,1,1,1,1,1,1,7,4
SF,IH2012,2020-09-04 09:33:18.500,3262.4000,22813,0,873472500.000,0,-,-,-,-,3263.4000,3263.2000,3263.0000,3262.8000,3262.6000,3264.8000,3265.6000,3265.8000,3266.0000,3266.2000,1,2,2,1,1,1,1,1,4,8
SF,IH2012,2020-09-04 09:33:19.000,3264.6000,22813,0,875431260.000,2,1,1,多换,S,3263.4000,3263.2000,3263.0000,3262.8000,3262.6000,3264.8000,3265.6000,3265.8000,3266.0000,3266.2000,1,2,2,1,1,1,1,1,4,8
SF,IH2012,2020-09-04 09:33:19.500,3264.6000,22813,0,875431260.000,0,-,-,-,-,3263.6000,3263.4000,3263.2000,3263.0000,3262.8000,3264.8000,3265.8000,3266.0000,3266.2000,3266.4000,1,1,2,1,1,1,1,4,8,1
SF,IH2012,2020-09-04 09:33:20.000,3264.6000,22813,0,875431260.000,0,-,-,-,-,3263.6000,3263.2000,3263.0000,3262.6000,3261.8000,3264.2000,3264.6000,3264.8000,3265.8000,3266.0000,1,2,1,1,1,1,1,1,1,4
SF,IH2012,2020-09-04 09:33:20.500,3264.6000,22813,0,875431260.000,0,-,-,-,-,3263.6000,3263.2000,3262.6000,3261.8000,3261.6000,3264.4000,3264.8000,3265.8000,3266.0000,3266.2000,1,2,1,1,3,1,1,1,4,8
SF,IH2012,2020-09-04 09:33:21.000,3264.6000,22813,0,875431260.000,0,-,-,-,-,3263.6000,3263.4000,3263.2000,3262.6000,3261.8000,3265.8000,3266.0000,3266.2000,3266.4000,3266.6000,1,1,2,1,1,1,4,8,1,2
SF,IH2012,2020-09-04 09:33:21.500,3264.6000,22813,0,875431260.000,0,-,-,-,-,3263.8000,3263.6000,3263.4000,3263.2000,3262.6000,3265.0000,3265.6000,3265.8000,3266.0000,3266.2000,1,1,1,2,1,1,5,1,4,2
SF,IH2012,2020-09-04 09:33:22.000,3264.6000,22813,0,875431260.000,0,-,-,-,-,3264.2000,3264.0000,3263.6000,3263.4000,3263.2000,3265.6000,3266.0000,3266.2000,3266.4000,3266.6000,1,2,1,1,2,6,4,1,1,2
SF,IH2012,2020-09-04 09:33:22.500,3260.0000,22805,-8,895003560.000,20,6,14,多平,S,3260.0000,3259.8000,3258.4000,3258.2000,3258.0000,3263.6000,3265.6000,3266.0000,3266.4000,3266.6000,1,1,1,1,2,1,6,4,1,2
SF,IH2012,2020-09-04 09:33:23.000,3263.6000,22805,0,895982640.000,1,0,1,多换,S,3261.8000,3261.6000,3261.4000,3260.6000,3260.4000,3265.6000,3266.0000,3266.6000,3266.8000,3269.6000,1,1,2,5,10,5,4,2,2,2
SF,IH2012,2020-09-04 09:33:23.500,3263.6000,22805,0,895982640.000,0,-,-,-,-,3262.6000,3262.2000,3262.0000,3261.8000,3261.6000,3265.4000,3265.6000,3266.0000,3266.6000,3266.8000,3,3,2,1,1,2,1,4,2,2
SF,IH2012,2020-09-04 09:33:24.000,3265.2000,22805,0,896962200.000,1,0,1,多换,S,3265.0000,3263.0000,3262.8000,3262.2000,3261.6000,3265.4000,3266.0000,3266.6000,3266.8000,3269.6000,1,1,2,1,1,6,4,2,2,2
SF,IH2012,2020-09-04 09:33:24.500,3262.8000,22806,1,898920540.000,2,1,1,空开,S,3262.8000,3262.2000,3261.6000,3261.4000,3260.8000,3264.8000,3265.0000,3265.2000,3265.4000,3266.0000,1,1,1,2,3,1,4,2,5,4
SF,IH2012,2020-09-04 09:33:25.000,3262.8000,22806,0,898920540.000,0,-,-,-,-,3263.0000,3262.8000,3262.2000,3261.6000,3261.4000,3264.6000,3264.8000,3265.0000,3265.2000,3265.4000,3,1,1,1,2,1,1,2,3,5
SF,IH2012,2020-09-04 09:33:25.500,3262.8000,22806,0,898920540.000,0,-,-,-,-,3263.0000,3262.8000,3262.2000,3261.6000,3261.4000,3264.6000,3265.0000,3265.2000,3265.4000,3266.0000,3,1,1,1,2,1,2,1,5,4
SF,IH2012,2020-09-04 09:33:26.000,3262.8000,22806,0,898920540.000,0,-,-,-,-,3263.2000,3263.0000,3262.8000,3262.2000,3261.6000,3264.6000,3265.0000,3265.2000,3265.4000,3266.0000,1,2,1,1,1,1,2,1,6,4
SF,IH2012,2020-09-04 09:33:26.500,3264.6000,22805,-1,899899920.000,1,0,1,双平,S,3263.4000,3263.0000,3262.8000,3262.2000,3261.6000,3265.0000,3265.2000,3265.4000,3266.0000,3266.6000,1,2,1,1,1,2,1,6,4,2
SF,IH2012,2020-09-04 09:33:27.000,3264.6000,22805,0,899899920.000,0,-,-,-,-,3263.6000,3263.0000,3262.8000,3262.2000,3261.6000,3265.0000,3265.2000,3265.4000,3266.0000,3266.6000,2,1,1,1,1,2,1,2,4,2
SF,IH2012,2020-09-04 09:33:27.500,3264.6000,22805,0,899899920.000,0,-,-,-,-,3263.8000,3263.6000,3263.0000,3262.8000,3261.6000,3265.0000,3265.2000,3265.4000,3266.0000,3266.6000,2,1,1,1,1,2,1,1,4,2
SF,IH2012,2020-09-04 09:33:28.000,3261.0000,22794,-11,914580060.000,15,2,13,多平,S,3260.8000,3260.6000,3260.4000,3260.2000,3260.0000,3265.0000,3265.2000,3265.4000,3266.0000,3266.6000,6,3,5,2,3,2,1,1,4,2
SF,IH2012,2020-09-04 09:33:28.500,3261.0000,22794,0,914580060.000,0,-,-,-,-,3264.0000,3262.2000,3261.4000,3261.2000,3261.0000,3264.8000,3265.0000,3265.2000,3265.4000,3266.0000,1,1,2,5,6,2,2,1,1,4
SF,IH2012,2020-09-04 09:33:29.000,3264.0000,22794,0,916538460.000,2,1,1,多换,S,3262.2000,3261.2000,3261.0000,3260.8000,3260.6000,3263.4000,3263.8000,3264.0000,3264.6000,3264.8000,1,5,5,5,3,1,1,1,1,1
SF,IH2012,2020-09-04 09:33:29.500,3263.6000,22793,-1,917517540.000,1,0,1,双平,S,3262.6000,3262.4000,3262.2000,3261.6000,3261.4000,3263.8000,3264.0000,3264.4000,3264.6000,3264.8000,1,1,1,1,5,1,1,1,1,1
SF,IH2012,2020-09-04 09:33:30.000,3263.8000,22792,-1,918496680.000,1,0,1,双平,S,3262.8000,3262.6000,3262.4000,3262.0000,3261.6000,3264.0000,3264.4000,3264.8000,3265.0000,3265.2000,2,4,1,1,1,1,1,1,2,1
SF,IH2012,2020-09-04 09:33:30.500,3264.0000,22791,-1,919475880.000,1,0,1,双平,S,3263.0000,3262.8000,3262.6000,3262.4000,3262.0000,3264.4000,3264.8000,3265.0000,3265.2000,3265.4000,1,2,1,1,1,1,1,2,1,1
SF,IH2012,2020-09-04 09:33:31.000,3264.0000,22791,0,919475880.000,0,-,-,-,-,3263.2000,3263.0000,3262.8000,3262.6000,3262.4000,3263.8000,3264.4000,3264.8000,3265.0000,3265.2000,1,1,1,1,1,1,1,1,1,1
SF,IH2012,2020-09-04 09:33:31.500,3264.8000,22789,-2,922413780.000,3,0,3,多平,S,3263.8000,3263.2000,3263.0000,3262.8000,3262.6000,3265.0000,3265.2000,3265.4000,3266.0000,3266.6000,1,1,1,1,1,1,1,1,4,2
SF,IH2012,2020-09-04 09:33:32.000,3265.0000,22788,-1,923393280.000,1,0,1,双平,S,3264.2000,3263.8000,3263.2000,3263.0000,3262.8000,3265.2000,3265.4000,3266.0000,3266.6000,3266.8000,1,2,1,1,1,1,1,4,2,2
SF,IH2012,2020-09-04 09:33:32.500,3264.4000,22786,-2,925352160.000,2,0,2,双平,S,3264.4000,3264.2000,3264.0000,3263.8000,3263.2000,3266.0000,3266.6000,3266.8000,3269.6000,3270.0000,1,1,1,1,1,4,2,2,2,2
SF,IH2012,2020-09-04 09:33:33.000,3265.8000,22784,-2,927311220.000,2,0,2,双平,S,3264.2000,3264.0000,3263.8000,3263.2000,3263.0000,3266.0000,3266.6000,3266.8000,3269.6000,3270.0000,1,1,1,1,1,4,2,2,2,2
SF,IH2012,2020-09-04 09:33:33.500,3265.8000,22784,0,927311220.000,0,-,-,-,-,3264.4000,3264.2000,3264.0000,3263.8000,3263.2000,3265.8000,3266.0000,3266.6000,3266.8000,3269.6000,1,1,1,1,1,1,4,2,2,2
SF,IH2012,2020-09-04 09:33:34.000,3265.8000,22784,0,927311220.000,0,-,-,-,-,3264.4000,3264.2000,3264.0000,3263.8000,3263.2000,3265.8000,3266.0000,3266.6000,3266.8000,3269.6000,2,1,1,1,1,1,4,2,2,2
SF,IH2012,2020-09-04 09:33:34.500,3265.8000,22784,0,927311220.000,0,-,-,-,-,3264.6000,3264.4000,3264.2000,3264.0000,3263.8000,3265.8000,3266.0000,3266.6000,3266.8000,3269.6000,2,2,1,1,1,1,4,2,2,2
SF,IH2012,2020-09-04 09:33:35.000,3264.8000,22783,-1,928290660.000,1,0,1,双平,S,3264.8000,3264.6000,3264.2000,3264.0000,3263.8000,3266.0000,3266.6000,3266.8000,3269.6000,3270.0000,3,2,1,1,1,4,2,2,2,2
SF,IH2012,2020-09-04 09:33:35.500,3264.8000,22783,0,928290660.000,0,-,-,-,-,3265.4000,3264.8000,3264.6000,3264.2000,3264.0000,3266.0000,3266.6000,3266.8000,3269.6000,3270.0000,1,1,1,1,1,4,2,2,2,2
SF,IH2012,2020-09-04 09:33:36.000,3264.6000,22782,-1,930249480.000,2,0,2,多平,S,3264.2000,3264.0000,3263.2000,3263.0000,3262.6000,3265.2000,3265.4000,3265.8000,3266.0000,3266.6000,1,1,4,2,2,2,1,2,4,2
SF,IH2012,2020-09-04 09:33:36.500,3265.2000,22781,-1,932208360.000,2,0,2,多平,S,3264.2000,3263.2000,3262.6000,3262.4000,3262.2000,3265.2000,3265.4000,3266.0000,3266.6000,3266.8000,1,1,2,6,3,1,1,4,2,2
SF,IH2012,2020-09-04 09:33:37.000,3264.2000,22781,0,933187620.000,1,0,1,多换,S,3263.2000,3262.4000,3262.2000,3262.0000,3261.8000,3264.2000,3265.0000,3265.2000,3266.0000,3266.6000,1,2,3,3,1,1,2,1,4,1
SF,IH2012,2020-09-04 09:33:37.500,3263.2000,22781,0,935145840.000,2,1,1,多换,S,3262.4000,3262.2000,3262.0000,3261.6000,3261.4000,3264.8000,3265.0000,3266.0000,3266.6000,3266.8000,1,2,7,5,2,1,2,4,1,2
SF,IH2012,2020-09-04 09:33:38.000,3263.2000,22781,0,935145840.000,0,-,-,-,-,3262.6000,3262.4000,3262.2000,3261.4000,3261.2000,3264.6000,3265.0000,3266.0000,3266.6000,3266.8000,2,1,2,3,6,2,1,4,1,2
SF,IH2012,2020-09-04 09:33:38.500,3263.2000,22781,0,935145840.000,0,-,-,-,-,3262.6000,3262.2000,3261.4000,3261.2000,3261.0000,3264.4000,3264.6000,3264.8000,3266.0000,3266.6000,1,2,2,3,4,3,2,1,4,1
SF,IH2012,2020-09-04 09:33:39.000,3263.2000,22781,0,935145840.000,0,-,-,-,-,3262.8000,3262.6000,3262.2000,3261.4000,3261.2000,3264.2000,3264.4000,3266.0000,3266.2000,3266.6000,1,1,2,2,1,2,3,4,2,1
SF,IH2012,2020-09-04 09:33:39.500,3262.2000,22779,-2,940039560.000,5,1,4,多平,S,3261.4000,3261.2000,3261.0000,3260.8000,3260.6000,3261.8000,3264.2000,3264.4000,3266.0000,3266.2000,2,1,4,1,2,15,2,2,4,2
SF,IH2012,2020-09-04 09:33:40.000,3264.2000,22767,-12,955696920.000,16,2,14,多平,S,3262.8000,3262.6000,3262.2000,3262.0000,3261.8000,3266.0000,3266.2000,3266.6000,3266.8000,3269.6000,2,2,4,2,8,4,2,1,2,2
SF,IH2012,2020-09-04 09:33:40.500,3265.6000,22767,0,956676600.000,1,0,1,多换,S,3263.0000,3262.8000,3262.6000,3262.2000,3262.0000,3265.6000,3265.8000,3266.0000,3266.2000,3266.6000,1,2,2,4,9,3,2,4,2,1
SF,IH2012,2020-09-04 09:33:41.000,3265.6000,22766,-1,958635960.000,2,0,2,多平,S,3263.0000,3262.6000,3262.2000,3262.0000,3261.8000,3265.4000,3265.6000,3265.8000,3266.0000,3266.2000,1,2,4,8,9,2,2,1,4,2
SF,IH2012,2020-09-04 09:33:41.500,3265.6000,22766,0,959615640.000,1,0,1,多换,S,3263.2000,3263.0000,3262.6000,3262.4000,3262.2000,3265.4000,3265.6000,3266.0000,3266.2000,3266.6000,1,1,2,1,4,3,2,4,2,1
SF,IH2012,2020-09-04 09:33:42.000,3265.6000,22766,0,959615640.000,0,-,-,-,-,3263.2000,3262.6000,3262.4000,3262.2000,3262.0000,3265.2000,3265.4000,3265.6000,3266.0000,3266.2000,1,2,1,4,9,2,2,1,4,2
SF,IH2012,2020-09-04 09:33:42.500,3265.6000,22766,0,959615640.000,0,-,-,-,-,3263.2000,3262.6000,3262.4000,3262.2000,3262.0000,3265.0000,3265.2000,3265.6000,3266.0000,3266.2000,1,2,2,4,9,3,2,1,4,2
SF,IH2012,2020-09-04 09:33:43.000,3265.6000,22766,0,959615640.000,0,-,-,-,-,3262.6000,3262.2000,3262.0000,3261.8000,3261.6000,3264.8000,3265.0000,3265.2000,3265.6000,3266.0000,2,4,9,12,5,2,3,2,1,4
SF,IH2012,2020-09-04 09:33:43.500,3265.6000,22766,0,959615640.000,0,-,-,-,-,3262.8000,3262.6000,3262.2000,3262.0000,3261.8000,3263.2000,3264.6000,3264.8000,3265.6000,3266.0000,2,2,4,8,11,1,2,2,1,4
SF,IH2012,2020-09-04 09:33:44.000,3263.6000,22766,0,960594720.000,1,0,1,多换,S,3262.2000,3262.0000,3261.8000,3261.6000,3261.4000,3264.6000,3264.8000,3265.6000,3266.0000,3266.2000,2,8,6,4,2,2,1,1,4,2
SF,IH2012,2020-09-04 09:33:44.500,3263.6000,22766,0,960594720.000,0,-,-,-,-,3262.4000,3262.2000,3262.0000,3261.8000,3261.6000,3264.4000,3264.6000,3264.8000,3266.0000,3266.2000,1,2,7,5,2,5,2,1,4,2
SF,IH2012,2020-09-04 09:33:45.000,3264.2000,22766,0,961573980.000,1,0,1,多换,S,3263.4000,3262.2000,3262.0000,3261.8000,3261.6000,3264.2000,3264.4000,3264.8000,3266.0000,3266.2000,1,2,7,3,2,1,5,1,4,2
SF,IH2012,2020-09-04 09:33:45.500,3264.4000,22767,1,963532320.000,2,1,1,空开,S,3262.2000,3262.0000,3261.8000,3261.6000,3261.4000,3264.4000,3266.0000,3266.2000,3266.6000,3266.8000,2,7,3,1,1,3,4,2,1,2
SF,IH2012,2020-09-04 09:33:46.000,3264.0000,22768,1,965490720.000,2,1,1,空开,S,3263.2000,3262.4000,3262.2000,3262.0000,3261.8000,3264.0000,3264.2000,3266.0000,3266.2000,3266.6000,1,1,2,7,3,2,2,4,2,1
SF,IH2012,2020-09-04 09:33:46.500,3264.0000,22767,-1,967448880.000,2,0,2,多平,S,3262.4000,3262.2000,3262.0000,3261.8000,3261.6000,3266.0000,3266.2000,3266.6000,3266.8000,3269.6000,2,2,7,3,1,4,2,1,1,2
SF,IH2012,2020-09-04 09:33:47.000,3264.0000,22767,0,967448880.000,0,-,-,-,-,3263.0000,3262.6000,3262.4000,3262.2000,3262.0000,3264.8000,3265.2000,3265.4000,3265.8000,3266.0000,1,3,2,2,7,1,1,1,4,5
SF,IH2012,2020-09-04 09:33:47.500,3264.0000,22767,0,967448880.000,0,-,-,-,-,3263.2000,3263.0000,3262.6000,3262.4000,3262.2000,3265.2000,3265.8000,3266.0000,3266.2000,3266.6000,4,1,3,1,2,1,2,5,2,1
SF,IH2012,2020-09-04 09:33:48.000,3261.0000,22758,-9,987021780.000,20,5,15,多平,S,3261.0000,3260.6000,3260.4000,3260.2000,3260.0000,3264.6000,3264.8000,3265.0000,3265.8000,3266.0000,2,1,5,7,3,1,1,5,1,5
SF,IH2012,2020-09-04 09:33:48.500,3261.0000,22758,0,987021780.000,0,-,-,-,-,3262.0000,3261.8000,3261.4000,3261.2000,3261.0000,3264.4000,3264.6000,3264.8000,3265.0000,3265.8000,1,1,3,4,2,3,1,1,6,1
SF,IH2012,2020-09-04 09:33:49.000,3261.0000,22758,0,987021780.000,0,-,-,-,-,3262.2000,3262.0000,3261.8000,3261.4000,3261.2000,3264.2000,3264.4000,3264.8000,3265.0000,3265.8000,2,1,1,2,4,1,2,1,4,1
SF,IH2012,2020-09-04 09:33:49.500,3261.0000,22758,0,987021780.000,0,-,-,-,-,3262.2000,3262.0000,3261.8000,3261.4000,3261.2000,3264.0000,3264.2000,3264.8000,3265.0000,3265.8000,2,1,1,2,3,2,3,1,4,1
SF,IH2012,2020-09-04 09:33:50.000,3261.0000,22758,0,987021780.000,0,-,-,-,-,3262.2000,3262.0000,3261.8000,3261.4000,3261.2000,3264.0000,3264.2000,3264.8000,3265.0000,3265.8000,2,1,1,2,5,2,1,1,2,1
SF,IH2012,2020-09-04 09:33:50.500,3261.0000,22758,0,987021780.000,0,-,-,-,-,3263.2000,3262.2000,3262.0000,3261.8000,3261.6000,3264.0000,3264.2000,3264.8000,3265.0000,3265.8000,2,2,1,1,1,1,1,1,2,1
SF,IH2012,2020-09-04 09:33:51.000,3261.0000,22758,0,987021780.000,0,-,-,-,-,3264.0000,3262.6000,3262.2000,3262.0000,3261.8000,3264.8000,3265.0000,3265.8000,3266.0000,3266.2000,1,2,1,2,1,1,2,1,6,2
SF,IH2012,2020-09-04 09:33:51.500,3264.0000,22758,0,988000980.000,1,0,1,多换,S,3262.2000,3262.0000,3261.8000,3261.4000,3261.2000,3263.8000,3264.6000,3265.0000,3265.8000,3266.0000,1,2,1,10,5,1,2,2,1,6
SF,IH2012,2020-09-04 09:33:52.000,3264.0000,22758,0,988000980.000,0,-,-,-,-,3262.4000,3262.2000,3262.0000,3261.6000,3261.4000,3263.8000,3264.6000,3264.8000,3265.0000,3265.8000,1,1,2,4,10,1,1,1,2,1
SF,IH2012,2020-09-04 09:33:52.500,3263.8000,22758,0,988980120.000,1,0,1,多换,S,3262.8000,3262.6000,3262.0000,3261.6000,3261.4000,3263.8000,3264.6000,3264.8000,3265.0000,3265.8000,1,3,2,4,7,1,1,1,2,1
SF,IH2012,2020-09-04 09:33:53.000,3263.8000,22757,-1,989959260.000,1,0,1,双平,S,3263.4000,3263.0000,3262.8000,3262.6000,3262.0000,3265.0000,3265.8000,3266.0000,3266.2000,3266.6000,1,2,1,2,1,1,1,5,2,1
SF,IH2012,2020-09-04 09:33:53.500,3263.8000,22757,0,989959260.000,0,-,-,-,-,3263.8000,3263.6000,3262.8000,3262.6000,3262.0000,3265.8000,3266.0000,3266.2000,3266.6000,3266.8000,2,1,1,2,1,1,5,2,1,1
SF,IH2012,2020-09-04 09:33:54.000,3263.8000,22757,0,989959260.000,0,-,-,-,-,3264.0000,3263.8000,3263.2000,3262.8000,3262.6000,3265.4000,3265.6000,3265.8000,3266.0000,3266.2000,1,2,1,1,2,1,4,1,5,2
SF,IH2012,2020-09-04 09:33:54.500,3263.8000,22757,0,989959260.000,0,-,-,-,-,3265.0000,3264.0000,3263.8000,3263.2000,3262.8000,3265.6000,3266.0000,3266.6000,3266.8000,3267.0000,1,1,2,1,1,1,5,1,1,2
SF,IH2012,2020-09-04 09:33:55.000,3263.8000,22757,0,989959260.000,0,-,-,-,-,3265.0000,3264.0000,3263.8000,3262.8000,3262.6000,3266.0000,3266.6000,3266.8000,3267.0000,3269.6000,1,1,2,1,2,5,1,1,2,2
SF,IH2012,2020-09-04 09:33:55.500,3262.4000,22749,-8,999748500.000,10,1,9,多平,S,3262.4000,3262.2000,3262.0000,3261.8000,3261.6000,3265.8000,3266.0000,3266.6000,3266.8000,3267.0000,2,9,4,4,3,3,5,1,1,2
SF,IH2012,2020-09-04 09:33:56.000,3264.4000,22749,0,1000727820.000,1,0,1,多换,S,3264.0000,3263.0000,3262.8000,3262.6000,3262.4000,3265.0000,3265.6000,3265.8000,3266.0000,3266.6000,3,2,4,7,4,1,3,3,5,1
SF,IH2012,2020-09-04 09:33:56.500,3264.4000,22749,0,1000727820.000,0,-,-,-,-,3263.0000,3262.8000,3262.6000,3262.4000,3262.2000,3265.0000,3265.6000,3265.8000,3266.0000,3266.6000,4,4,4,4,6,3,2,3,5,1
SF,IH2012,2020-09-04 09:33:57.000,3264.4000,22749,0,1000727820.000,0,-,-,-,-,3264.0000,3263.4000,3263.2000,3263.0000,3262.8000,3264.8000,3265.0000,3265.6000,3265.8000,3266.0000,3,2,3,5,4,1,2,1,3,5
SF,IH2012,2020-09-04 09:33:57.500,3264.4000,22749,0,1000727820.000,0,-,-,-,-,3263.4000,3263.2000,3263.0000,3262.8000,3262.6000,3264.6000,3265.0000,3265.6000,3265.8000,3266.0000,1,2,5,1,2,1,2,1,3,5
SF,IH2012,2020-09-04 09:33:58.000,3264.6000,22750,1,1001707200.000,1,1,0,双开,S,3264.0000,3263.8000,3263.6000,3263.4000,3263.2000,3264.8000,3265.0000,3265.8000,3266.0000,3266.6000,5,2,4,1,1,1,2,3,5,1
SF,IH2012,2020-09-04 09:33:58.500,3264.6000,22750,0,1001707200.000,0,-,-,-,-,3264.0000,3263.6000,3263.4000,3263.2000,3263.0000,3264.8000,3265.0000,3265.8000,3266.0000,3266.6000,3,2,1,1,1,1,2,3,5,1
SF,IH2012,2020-09-04 09:33:59.000,3264.6000,22750,0,1003665780.000,2,1,1,多换,S,3263.6000,3263.4000,3263.2000,3263.0000,3262.8000,3264.6000,3264.8000,3265.0000,3265.8000,3266.0000,1,1,1,2,1,1,1,1,3,5
SF,IH2012,2020-09-04 09:33:59.500,3264.6000,22750,0,1003665780.000,0,-,-,-,-,3263.6000,3263.4000,3263.2000,3263.0000,3262.8000,3264.4000,3264.6000,3264.8000,3265.0000,3265.8000,1,1,1,2,2,1,1,1,1,3
SF,IH2012,2020-09-04 09:34:00.000,3264.4000,22750,0,1004645100.000,1,0,1,多换,S,3263.6000,3263.4000,3263.2000,3263.0000,3262.8000,3264.6000,3264.8000,3265.0000,3265.8000,3266.0000,1,1,1,1,2,1,1,1,3,5
SF,IH2012,2020-09-04 09:34:00.500,3263.6000,22749,-1,1005624180.000,1,0,1,双平,S,3263.2000,3263.0000,3262.6000,3262.4000,3262.2000,3264.6000,3264.8000,3265.0000,3265.8000,3266.0000,1,1,2,2,3,1,1,1,3,5
SF,IH2012,2020-09-04 09:34:01.000,3263.6000,22749,0,1005624180.000,0,-,-,-,-,3264.0000,3263.4000,3263.2000,3262.8000,3262.6000,3264.4000,3264.6000,3264.8000,3265.0000,3265.8000,3,1,1,1,2,1,1,1,1,3
SF,IH2012,2020-09-04 09:34:01.500,3264.0000,22749,0,1009540620.000,4,2,2,多换,S,3263.6000,3262.6000,3262.4000,3262.2000,3262.0000,3264.0000,3264.2000,3264.4000,3264.6000,3264.8000,1,1,1,3,4,3,3,2,1,1
SF,IH2012,2020-09-04 09:34:02.000,3263.6000,22749,0,1010519700.000,1,0,1,多换,S,3262.4000,3262.2000,3262.0000,3261.8000,3261.6000,3263.6000,3264.0000,3264.2000,3264.6000,3264.8000,1,2,4,4,4,1,3,4,1,1
SF,IH2012,2020-09-04 09:34:02.500,3262.2000,22748,-1,1013456100.000,3,1,2,多平,S,3262.2000,3262.0000,3261.8000,3261.0000,3260.6000,3263.4000,3263.6000,3263.8000,3264.0000,3264.2000,1,3,1,6,2,2,3,1,3,3
SF,IH2012,2020-09-04 09:34:03.000,3262.2000,22748,0,1014434760.000,1,0,1,多换,S,3262.0000,3261.0000,3260.6000,3260.4000,3260.2000,3263.2000,3263.4000,3263.6000,3264.0000,3264.2000,2,5,4,4,4,4,1,3,3,3
SF,IH2012,2020-09-04 09:34:03.500,3263.0000,22749,1,1016392260.000,2,1,1,空开,S,3262.0000,3261.0000,3260.6000,3260.4000,3260.2000,3263.0000,3263.2000,3263.4000,3263.6000,3264.0000,1,5,3,1,2,4,2,1,3,3
SF,IH2012,2020-09-04 09:34:04.000,3263.0000,22749,0,1016392260.000,0,-,-,-,-,3262.0000,3261.0000,3260.6000,3260.4000,3260.2000,3263.0000,3263.2000,3263.4000,3263.6000,3264.0000,1,5,2,1,2,4,2,1,3,3
SF,IH2012,2020-09-04 09:34:04.500,3263.0000,22749,0,1018350060.000,2,1,1,多换,S,3262.2000,3262.0000,3261.0000,3260.6000,3260.4000,3263.6000,3264.0000,3264.2000,3264.6000,3264.8000,1,1,5,2,2,3,1,3,1,1
SF,IH2012,2020-09-04 09:34:05.000,3263.0000,22749,0,1018350060.000,0,-,-,-,-,3262.2000,3262.0000,3261.6000,3261.0000,3260.8000,3264.0000,3264.2000,3264.4000,3264.8000,3265.0000,1,1,1,5,1,1,3,1,1,1
SF,IH2012,2020-09-04 09:34:05.500,3263.0000,22749,0,1018350060.000,0,-,-,-,-,3262.2000,3262.0000,3261.0000,3260.8000,3260.6000,3263.0000,3263.8000,3264.0000,3264.2000,3264.4000,1,2,7,1,3,1,2,1,3,1
SF,IH2012,2020-09-04 09:34:06.000,3263.0000,22749,0,1020307860.000,2,1,1,多换,S,3263.0000,3262.4000,3262.2000,3262.0000,3261.2000,3263.8000,3264.0000,3264.2000,3264.4000,3264.8000,2,1,1,2,1,2,1,1,1,1
SF,IH2012,2020-09-04 09:34:06.500,3263.0000,22749,0,1020307860.000,0,-,-,-,-,3263.0000,3262.4000,3262.2000,3262.0000,3261.2000,3264.0000,3264.2000,3264.4000,3264.8000,3265.0000,1,1,1,2,2,1,1,1,1,1
SF,IH2012,2020-09-04 09:34:07.000,3264.2000,22750,1,1022266020.000,2,1,1,空开,S,3262.2000,3262.0000,3261.4000,3261.2000,3261.0000,3264.4000,3264.8000,3265.0000,3265.8000,3266.0000,1,2,3,2,10,1,1,1,1,4
SF,IH2012,2020-09-04 09:34:07.500,3264.2000,22750,0,1022266020.000,0,-,-,-,-,3262.6000,3262.4000,3262.2000,3262.0000,3261.4000,3264.2000,3264.4000,3264.8000,3265.0000,3265.8000,1,1,2,2,5,1,1,1,1,1
SF,IH2012,2020-09-04 09:34:08.000,3264.2000,22751,1,1023245280.000,1,1,0,双开,S,3262.8000,3262.6000,3262.4000,3262.0000,3261.4000,3264.4000,3264.8000,3265.0000,3265.8000,3266.0000,1,1,1,3,5,1,1,1,1,4
SF,IH2012,2020-09-04 09:34:08.500,3264.2000,22751,0,1023245280.000,0,-,-,-,-,3262.8000,3262.6000,3262.4000,3262.0000,3261.8000,3264.4000,3264.8000,3265.0000,3265.8000,3266.0000,1,1,2,2,1,1,1,1,1,4
SF,IH2012,2020-09-04 09:34:09.000,3264.2000,22751,0,1023245280.000,0,-,-,-,-,3262.8000,3262.4000,3262.0000,3261.8000,3261.6000,3264.2000,3264.4000,3264.8000,3265.0000,3265.8000,1,2,2,1,1,4,1,1,1,1
SF,IH2012,2020-09-04 09:34:09.500,3264.2000,22751,0,1023245280.000,0,-,-,-,-,3262.8000,3262.0000,3261.8000,3261.6000,3261.4000,3264.2000,3264.4000,3264.8000,3265.0000,3265.8000,1,3,1,1,5,1,1,1,1,1
SF,IH2012,2020-09-04 09:34:10.000,3264.2000,22751,0,1023245280.000,0,-,-,-,-,3262.8000,3262.0000,3261.6000,3261.4000,3261.2000,3264.0000,3264.2000,3264.8000,3265.0000,3265.8000,1,3,1,4,2,3,1,1,1,1
SF,IH2012,2020-09-04 09:34:10.500,3264.2000,22751,0,1023245280.000,0,-,-,-,-,3262.8000,3262.6000,3262.0000,3261.6000,3261.4000,3263.8000,3264.0000,3264.2000,3264.8000,3265.0000,1,1,3,1,6,2,1,1,1,1
SF,IH2012,2020-09-04 09:34:11.000,3264.2000,22751,0,1024224540.000,1,0,1,多换,S,3262.8000,3262.6000,3262.0000,3261.6000,3261.4000,3264.2000,3264.8000,3265.0000,3265.8000,3266.0000,1,1,3,1,6,1,1,1,1,4
SF,IH2012,2020-09-04 09:34:11.500,3264.2000,22752,1,1026183000.000,2,1,1,空开,S,3262.8000,3262.6000,3262.0000,3261.6000,3261.4000,3264.8000,3265.0000,3265.8000,3266.0000,3266.6000,1,1,3,1,6,1,1,1,4,2
SF,IH2012,2020-09-04 09:34:12.000,3264.2000,22752,0,1026183000.000,0,-,-,-,-,3263.0000,3262.8000,3262.6000,3262.0000,3261.6000,3264.2000,3264.6000,3264.8000,3265.0000,3265.8000,1,1,1,3,1,1,5,1,5,1
SF,IH2012,2020-09-04 09:34:12.500,3264.2000,22752,0,1026183000.000,0,-,-,-,-,3264.0000,3263.0000,3262.8000,3262.6000,3262.0000,3264.4000,3264.6000,3264.8000,3265.0000,3265.8000,1,1,1,1,3,1,5,1,5,1
SF,IH2012,2020-09-04 09:34:13.000,3264.0000,22753,1,1027162200.000,1,1,0,双开,S,3262.8000,3262.6000,3262.0000,3261.6000,3261.4000,3264.0000,3264.4000,3264.6000,3264.8000,3265.0000,1,1,3,1,6,1,1,3,1,5
SF,IH2012,2020-09-04 09:34:13.500,3264.0000,22753,0,1028141400.000,1,0,1,多换,S,3263.0000,3262.8000,3262.6000,3262.0000,3261.6000,3264.4000,3264.6000,3264.8000,3265.0000,3265.8000,2,1,1,3,1,1,2,1,5,1
SF,IH2012,2020-09-04 09:34:14.000,3264.0000,22753,0,1028141400.000,0,-,-,-,-,3263.2000,3263.0000,3262.6000,3262.0000,3261.8000,3264.4000,3264.6000,3264.8000,3265.0000,3265.8000,1,1,1,3,1,1,1,1,5,1
SF,IH2012,2020-09-04 09:34:14.500,3264.0000,22753,0,1028141400.000,0,-,-,-,-,3263.2000,3262.6000,3262.0000,3261.8000,3261.6000,3264.2000,3264.4000,3264.6000,3264.8000,3265.0000,1,1,3,1,1,1,1,1,1,5
SF,IH2012,2020-09-04 09:34:15.000,3264.0000,22753,0,1028141400.000,0,-,-,-,-,3263.2000,3262.6000,3262.0000,3261.8000,3261.6000,3264.2000,3264.4000,3264.6000,3264.8000,3265.0000,1,1,3,2,1,1,1,1,1,5
SF,IH2012,2020-09-04 09:34:15.500,3264.0000,22753,0,1028141400.000,0,-,-,-,-,3263.2000,3262.6000,3262.0000,3261.8000,3261.6000,3264.0000,3264.2000,3264.6000,3264.8000,3265.0000,1,1,3,1,1,1,1,1,1,5
