市场代码,合约代码,时间,最新,持仓,增仓,成交额,成交量,开仓,平仓,成交类型,方向,买一价,买二价,买三价,买四价,买五价,卖一价,卖二价,卖三价,卖四价,卖五价,买一量,买二量,买三量,买四量,买五量,卖一量,卖二量,卖三量,卖四量,卖五量
SF,IH2003,2019-11-22 09:29:00.400,2955.0000,13403,0,3546000.000,4.000,-,-,-,-,2950.2000,2949.0000,2948.0000,2947.4000,2946.8000,2955.0000,2957.0000,2958.6000,2959.6000,2959.8000,1,3,2,1,1,1,1,1,1,1
SF,IH2003,2019-11-22 09:30:00.400,2955.0000,13402,-1,4432500.000,1,0,1,双平,S,2951.4000,2950.6000,2950.4000,2950.2000,2950.0000,2954.6000,2955.0000,2957.0000,2958.6000,2960.2000,1,7,1,3,1,8,4,1,1,1
SF,IH2003,2019-11-22 09:30:00.900,2954.8000,13401,-1,7091880.000,3,1,2,多平,S,2951.8000,2951.6000,2951.2000,2951.0000,2950.8000,2954.4000,2954.6000,2954.8000,2955.0000,2957.0000,3,10,1,2,4,1,2,2,1,1
SF,IH2003,2019-11-22 09:30:01.400,2954.8000,13401,0,7091880.000,0,-,-,-,-,2952.2000,2952.0000,2951.6000,2951.2000,2951.0000,2954.4000,2954.6000,2954.8000,2955.0000,2957.0000,1,7,7,1,2,1,2,2,1,1
SF,IH2003,2019-11-22 09:30:01.900,2954.8000,13401,0,7091880.000,0,-,-,-,-,2952.0000,2951.6000,2951.0000,2950.6000,2950.2000,2953.2000,2954.0000,2954.2000,2954.4000,2954.6000,4,6,2,2,2,1,4,1,1,2
SF,IH2003,2019-11-22 09:30:02.400,2954.8000,13401,0,7091880.000,0,-,-,-,-,2952.4000,2952.2000,2952.0000,2951.6000,2951.0000,2954.0000,2954.4000,2954.6000,2954.8000,2955.0000,2,1,4,4,2,7,1,2,3,1
SF,IH2003,2019-11-22 09:30:02.900,2954.8000,13401,0,7091880.000,0,-,-,-,-,2952.6000,2952.0000,2951.6000,2951.0000,2950.2000,2953.8000,2954.0000,2954.4000,2954.6000,2954.8000,1,2,2,2,2,3,7,1,2,1
SF,IH2003,2019-11-22 09:30:03.400,2954.8000,13401,0,7091880.000,0,-,-,-,-,2952.6000,2951.6000,2951.0000,2950.2000,2950.0000,2952.8000,2953.8000,2954.0000,2954.4000,2954.6000,1,2,2,2,1,1,3,7,1,2
SF,IH2003,2019-11-22 09:30:03.900,2952.6000,13400,-1,7977660.000,1,0,1,双平,S,2951.6000,2951.0000,2950.2000,2950.0000,2949.4000,2953.4000,2953.6000,2953.8000,2954.0000,2954.4000,2,2,2,1,1,4,2,2,2,1
SF,IH2003,2019-11-22 09:30:04.400,2952.6000,13400,0,7977660.000,0,-,-,-,-,2951.6000,2951.0000,2950.2000,2950.0000,2949.4000,2953.2000,2953.4000,2953.6000,2953.8000,2954.0000,2,2,2,1,1,2,4,2,2,3
SF,IH2003,2019-11-22 09:30:04.900,2952.6000,13400,0,7977660.000,0,-,-,-,-,2951.6000,2951.0000,2950.2000,2950.0000,2949.4000,2953.2000,2953.4000,2953.8000,2954.0000,2954.6000,2,2,2,1,1,2,3,2,2,2
SF,IH2003,2019-11-22 09:30:05.400,2952.6000,13400,0,7977660.000,0,-,-,-,-,2951.0000,2950.2000,2950.0000,2949.4000,2949.0000,2952.2000,2953.0000,2953.2000,2953.4000,2953.8000,2,2,1,1,3,1,1,2,3,2
SF,IH2003,2019-11-22 09:30:05.900,2952.6000,13400,0,7977660.000,0,-,-,-,-,2951.0000,2950.2000,2949.4000,2949.0000,2948.0000,2952.0000,2952.8000,2953.2000,2954.0000,2954.6000,2,2,1,3,2,2,6,2,2,2
SF,IH2003,2019-11-22 09:30:06.400,2952.6000,13400,0,7977660.000,0,-,-,-,-,2951.0000,2950.2000,2949.4000,2949.0000,2948.0000,2952.8000,2953.2000,2954.0000,2954.6000,2954.8000,3,2,1,3,2,3,2,2,2,1
SF,IH2003,2019-11-22 09:30:06.900,2952.6000,13400,0,7977660.000,0,-,-,-,-,2950.2000,2949.4000,2949.0000,2948.0000,2947.4000,2951.8000,2952.6000,2952.8000,2953.2000,2954.0000,2,1,3,2,1,1,4,3,1,2
SF,IH2003,2019-11-22 09:30:07.400,2952.6000,13400,0,7977660.000,0,-,-,-,-,2950.6000,2950.4000,2950.2000,2949.4000,2949.0000,2951.6000,2952.6000,2952.8000,2953.2000,2954.0000,1,5,2,1,3,1,2,3,1,2
SF,IH2003,2019-11-22 09:30:07.900,2950.8000,13399,-1,8862900.000,1,0,1,双平,S,2950.8000,2950.4000,2950.2000,2949.4000,2949.0000,2952.6000,2952.8000,2953.2000,2954.0000,2954.6000,2,4,2,1,3,2,3,1,2,2
SF,IH2003,2019-11-22 09:30:08.400,2950.8000,13399,0,8862900.000,0,-,-,-,-,2951.0000,2950.4000,2950.2000,2949.4000,2949.0000,2951.6000,2952.4000,2952.6000,2952.8000,2953.2000,1,2,2,1,3,1,2,3,3,2
SF,IH2003,2019-11-22 09:30:08.900,2950.8000,13399,0,8862900.000,0,-,-,-,-,2951.0000,2950.4000,2950.2000,2949.4000,2949.0000,2952.4000,2952.6000,2952.8000,2953.2000,2953.4000,1,2,2,1,3,1,3,3,2,1
SF,IH2003,2019-11-22 09:30:09.400,2950.8000,13399,0,8862900.000,0,-,-,-,-,2950.4000,2950.2000,2949.4000,2949.0000,2948.0000,2952.2000,2952.4000,2952.6000,2952.8000,2953.4000,2,2,1,3,2,3,1,3,3,1
SF,IH2003,2019-11-22 09:30:09.900,2950.8000,13399,0,8862900.000,0,-,-,-,-,2950.6000,2950.4000,2950.2000,2949.4000,2949.0000,2952.0000,2952.2000,2952.6000,2953.4000,2954.0000,3,3,2,1,3,1,2,2,1,1
SF,IH2003,2019-11-22 09:30:10.400,2950.8000,13399,0,8862900.000,0,-,-,-,-,2950.8000,2950.6000,2950.4000,2950.2000,2949.4000,2952.0000,2952.2000,2952.6000,2953.4000,2954.0000,2,3,2,2,1,1,2,2,1,1
SF,IH2003,2019-11-22 09:30:10.900,2950.8000,13399,0,8862900.000,0,-,-,-,-,2950.8000,2950.6000,2950.4000,2950.2000,2949.4000,2952.0000,2952.2000,2952.6000,2953.4000,2954.0000,2,2,2,2,1,1,2,2,1,1
SF,IH2003,2019-11-22 09:30:11.400,2950.8000,13399,0,8862900.000,0,-,-,-,-,2950.4000,2950.2000,2949.4000,2949.0000,2948.0000,2951.8000,2952.0000,2952.2000,2953.4000,2954.0000,2,2,1,3,2,3,1,2,1,1
SF,IH2003,2019-11-22 09:30:11.900,2950.8000,13399,0,8862900.000,0,-,-,-,-,2951.6000,2951.2000,2951.0000,2950.8000,2950.6000,2952.0000,2953.4000,2954.0000,2954.6000,2954.8000,1,1,6,4,5,1,1,1,2,1
SF,IH2003,2019-11-22 09:30:12.400,2950.8000,13399,0,8862900.000,0,-,-,-,-,2951.0000,2950.6000,2950.4000,2950.2000,2949.4000,2953.4000,2954.0000,2954.6000,2954.8000,2955.0000,5,3,2,2,1,1,1,2,1,2
SF,IH2003,2019-11-22 09:30:12.900,2950.8000,13399,0,8862900.000,0,-,-,-,-,2951.2000,2951.0000,2950.6000,2950.4000,2950.2000,2953.2000,2953.4000,2954.0000,2954.6000,2954.8000,1,5,3,2,2,3,1,1,2,1
SF,IH2003,2019-11-22 09:30:13.400,2950.8000,13399,0,8862900.000,0,-,-,-,-,2951.4000,2951.2000,2951.0000,2950.6000,2950.2000,2953.0000,2953.2000,2953.4000,2954.0000,2954.6000,3,1,4,3,2,1,3,1,1,2
SF,IH2003,2019-11-22 09:30:13.900,2950.8000,13399,0,8862900.000,0,-,-,-,-,2951.4000,2951.0000,2950.6000,2950.2000,2949.4000,2952.8000,2953.2000,2953.4000,2954.0000,2954.6000,6,5,3,2,1,1,2,1,1,2
SF,IH2003,2019-11-22 09:30:14.400,2950.8000,13399,0,8862900.000,0,-,-,-,-,2951.4000,2951.0000,2950.6000,2950.2000,2949.4000,2952.8000,2953.2000,2953.4000,2954.0000,2954.6000,5,5,3,2,1,1,2,1,1,2
SF,IH2003,2019-11-22 09:30:14.900,2950.8000,13399,0,8862900.000,0,-,-,-,-,2951.8000,2951.4000,2951.0000,2950.6000,2950.2000,2952.8000,2953.2000,2953.4000,2954.0000,2954.6000,1,5,5,3,2,1,2,1,1,2
SF,IH2003,2019-11-22 09:30:15.400,2950.8000,13399,0,8862900.000,0,-,-,-,-,2952.0000,2951.4000,2951.2000,2951.0000,2950.6000,2953.2000,2953.4000,2954.0000,2954.6000,2955.0000,2,4,1,2,3,2,1,1,2,2
SF,IH2003,2019-11-22 09:30:15.900,2950.8000,13399,0,8862900.000,0,-,-,-,-,2951.4000,2951.0000,2950.6000,2950.2000,2949.4000,2953.0000,2953.2000,2953.4000,2954.0000,2954.6000,4,2,3,2,1,1,2,1,1,2
SF,IH2003,2019-11-22 09:30:16.400,2950.8000,13399,0,8862900.000,0,-,-,-,-,2951.6000,2951.4000,2951.0000,2950.6000,2950.2000,2952.8000,2953.0000,2953.2000,2953.4000,2954.0000,1,5,2,3,2,1,1,2,1,1
SF,IH2003,2019-11-22 09:30:16.900,2950.8000,13399,0,8862900.000,0,-,-,-,-,2951.4000,2951.0000,2950.6000,2950.2000,2949.4000,2952.0000,2952.8000,2953.0000,2953.2000,2953.4000,5,2,3,2,1,1,1,1,2,1
SF,IH2003,2019-11-22 09:30:17.400,2952.0000,13398,-1,9748500.000,1,0,1,双平,S,2952.0000,2951.4000,2951.0000,2950.6000,2950.2000,2952.8000,2953.0000,2953.2000,2953.4000,2954.0000,1,5,2,3,2,1,1,2,1,1
SF,IH2003,2019-11-22 09:30:17.900,2952.0000,13398,0,9748500.000,0,-,-,-,-,2952.0000,2951.4000,2951.0000,2950.6000,2950.2000,2953.0000,2953.2000,2953.4000,2954.0000,2954.4000,1,4,2,3,2,1,2,1,1,1
SF,IH2003,2019-11-22 09:30:18.400,2952.0000,13397,-1,10634100.000,1,0,1,双平,S,2951.4000,2951.0000,2950.6000,2950.2000,2949.4000,2952.6000,2952.8000,2953.0000,2953.2000,2953.4000,2,2,3,2,1,1,3,1,2,1
SF,IH2003,2019-11-22 09:30:18.900,2952.0000,13397,0,10634100.000,0,-,-,-,-,2952.6000,2951.8000,2951.6000,2951.4000,2951.0000,2953.0000,2953.2000,2953.4000,2954.0000,2954.4000,1,1,1,2,2,1,2,2,1,1
SF,IH2003,2019-11-22 09:30:19.400,2953.0000,13396,-1,11520000.000,1,0,1,双平,S,2952.6000,2951.6000,2951.4000,2951.0000,2950.6000,2953.4000,2954.0000,2954.4000,2954.6000,2955.0000,1,2,2,2,3,2,1,1,2,2
SF,IH2003,2019-11-22 09:30:19.900,2953.0000,13396,0,11520000.000,0,-,-,-,-,2952.6000,2951.6000,2951.4000,2951.0000,2950.6000,2953.0000,2953.4000,2954.0000,2954.4000,2954.6000,1,2,2,2,3,1,2,1,1,2
SF,IH2003,2019-11-22 09:30:20.400,2953.0000,13396,0,11520000.000,0,-,-,-,-,2951.4000,2951.0000,2950.6000,2950.2000,2949.4000,2952.8000,2953.0000,2953.2000,2953.4000,2954.0000,2,2,3,2,1,1,1,2,2,1
SF,IH2003,2019-11-22 09:30:20.900,2953.0000,13396,0,11520000.000,0,-,-,-,-,2951.8000,2951.6000,2951.4000,2951.0000,2950.6000,2952.6000,2953.0000,2953.2000,2953.4000,2954.0000,1,1,2,2,3,2,1,2,2,1
SF,IH2003,2019-11-22 09:30:21.400,2953.0000,13396,0,11520000.000,0,-,-,-,-,2952.0000,2951.6000,2951.4000,2951.0000,2950.6000,2953.0000,2953.2000,2953.4000,2954.0000,2954.4000,2,2,2,2,3,1,2,2,1,1
SF,IH2003,2019-11-22 09:30:21.900,2953.0000,13396,0,11520000.000,0,-,-,-,-,2952.0000,2951.6000,2951.4000,2951.0000,2950.6000,2953.0000,2953.2000,2953.4000,2954.0000,2954.4000,2,2,2,2,3,2,2,2,1,1
SF,IH2003,2019-11-22 09:30:22.400,2953.0000,13396,0,11520000.000,0,-,-,-,-,2952.8000,2952.0000,2951.6000,2951.4000,2951.0000,2953.0000,2953.2000,2953.4000,2954.0000,2954.4000,1,2,2,2,2,2,2,2,1,1
SF,IH2003,2019-11-22 09:30:22.900,2952.8000,13396,0,12405840.000,1,0,1,多换,S,2952.0000,2951.6000,2951.4000,2951.0000,2950.6000,2952.6000,2953.0000,2953.2000,2953.4000,2954.0000,2,2,2,2,3,1,3,2,2,1
SF,IH2003,2019-11-22 09:30:23.400,2952.8000,13396,0,12405840.000,0,-,-,-,-,2952.0000,2951.6000,2951.4000,2951.0000,2950.6000,2952.6000,2953.0000,2953.2000,2953.4000,2954.0000,2,2,2,2,3,1,2,2,2,1
SF,IH2003,2019-11-22 09:30:23.900,2952.6000,13395,-1,13291620.000,1,0,1,双平,S,2952.0000,2951.6000,2951.4000,2951.0000,2950.6000,2953.0000,2953.2000,2953.4000,2954.0000,2954.4000,2,2,2,2,3,2,2,2,1,1
SF,IH2003,2019-11-22 09:30:24.400,2952.6000,13395,0,13291620.000,0,-,-,-,-,2952.0000,2951.6000,2951.4000,2951.0000,2950.6000,2953.0000,2953.2000,2953.4000,2954.0000,2954.4000,2,2,2,2,3,2,2,2,1,1
SF,IH2003,2019-11-22 09:30:25.400,2952.6000,13395,0,13291620.000,0,-,-,-,-,2952.2000,2952.0000,2951.6000,2951.4000,2951.0000,2953.0000,2953.4000,2954.0000,2954.4000,2954.6000,1,2,2,2,2,2,2,1,1,2
SF,IH2003,2019-11-22 09:30:25.900,2952.6000,13395,0,13291620.000,0,-,-,-,-,2952.2000,2951.4000,2951.0000,2950.6000,2950.2000,2953.0000,2953.4000,2954.0000,2954.4000,2954.6000,1,2,2,3,2,2,2,1,1,2
SF,IH2003,2019-11-22 09:30:26.400,2952.2000,13394,-1,14177280.000,1,0,1,双平,S,2951.4000,2951.0000,2950.6000,2950.2000,2950.0000,2953.0000,2953.4000,2954.0000,2954.4000,2954.6000,2,2,3,2,2,2,2,1,1,2
SF,IH2003,2019-11-22 09:30:26.900,2952.2000,13394,0,14177280.000,0,-,-,-,-,2952.2000,2951.6000,2951.4000,2951.2000,2951.0000,2952.8000,2953.0000,2953.4000,2954.0000,2954.4000,1,5,2,1,2,1,2,2,1,1
SF,IH2003,2019-11-22 09:30:27.400,2952.2000,13394,0,14177280.000,0,-,-,-,-,2951.6000,2951.4000,2951.0000,2950.6000,2950.2000,2953.0000,2953.4000,2954.0000,2954.4000,2954.6000,3,2,2,3,2,3,2,1,1,2
SF,IH2003,2019-11-22 09:30:27.900,2952.2000,13394,0,14177280.000,0,-,-,-,-,2951.4000,2951.0000,2950.6000,2950.2000,2950.0000,2952.8000,2953.0000,2953.4000,2954.0000,2954.4000,2,2,3,2,3,1,3,2,1,1
SF,IH2003,2019-11-22 09:30:28.400,2952.2000,13394,0,14177280.000,0,-,-,-,-,2951.8000,2951.6000,2951.4000,2951.0000,2950.8000,2953.0000,2953.4000,2954.0000,2954.4000,2954.6000,4,3,3,2,1,3,2,1,1,2
SF,IH2003,2019-11-22 09:30:28.900,2952.2000,13394,0,14177280.000,0,-,-,-,-,2951.8000,2951.6000,2951.4000,2951.0000,2950.8000,2953.0000,2953.4000,2954.0000,2954.4000,2954.6000,4,2,2,2,1,3,2,1,1,2
SF,IH2003,2019-11-22 09:30:31.400,2952.2000,13394,0,14177280.000,0,-,-,-,-,2952.0000,2951.8000,2951.6000,2951.4000,2950.8000,2953.0000,2953.4000,2954.0000,2954.4000,2954.6000,3,4,2,2,1,3,2,1,1,2
SF,IH2003,2019-11-22 09:30:31.900,2952.2000,13394,0,14177280.000,0,-,-,-,-,2951.8000,2951.6000,2951.4000,2950.8000,2950.6000,2953.0000,2953.4000,2954.0000,2954.4000,2954.6000,4,2,2,1,3,3,2,1,1,2
SF,IH2003,2019-11-22 09:30:32.400,2952.2000,13394,0,14177280.000,0,-,-,-,-,2951.8000,2951.6000,2951.4000,2950.8000,2950.6000,2953.0000,2953.4000,2954.0000,2954.4000,2954.6000,4,2,2,1,3,3,2,1,1,2
SF,IH2003,2019-11-22 09:30:32.900,2951.8000,13393,-1,15062820.000,1,0,1,双平,S,2951.8000,2951.6000,2951.4000,2950.8000,2950.6000,2953.0000,2953.4000,2954.0000,2954.4000,2954.6000,4,2,2,1,3,3,2,1,1,2
SF,IH2003,2019-11-22 09:30:33.400,2951.8000,13392,-1,15948360.000,1,0,1,双平,S,2951.8000,2951.6000,2950.8000,2950.6000,2950.2000,2953.0000,2953.4000,2954.0000,2954.4000,2954.6000,3,2,1,3,2,3,2,1,1,2
SF,IH2003,2019-11-22 09:30:34.400,2951.8000,13392,0,15948360.000,0,-,-,-,-,2951.8000,2950.8000,2950.6000,2950.2000,2950.0000,2952.8000,2953.0000,2953.4000,2954.0000,2954.4000,3,1,3,2,3,1,4,2,1,1
SF,IH2003,2019-11-22 09:30:34.900,2951.8000,13392,0,15948360.000,0,-,-,-,-,2951.8000,2950.8000,2950.6000,2950.2000,2950.0000,2953.0000,2953.4000,2954.0000,2954.4000,2954.6000,2,1,3,2,3,6,2,1,1,2
SF,IH2003,2019-11-22 09:30:35.400,2953.0000,13392,0,16834260.000,1,0,1,多换,S,2951.8000,2950.8000,2950.6000,2950.2000,2950.0000,2953.0000,2953.4000,2954.0000,2954.4000,2954.6000,2,1,3,2,3,5,2,1,1,2
SF,IH2003,2019-11-22 09:30:35.900,2953.0000,13392,0,16834260.000,0,-,-,-,-,2951.8000,2950.8000,2950.2000,2950.0000,2949.4000,2953.0000,2953.4000,2954.0000,2954.4000,2954.6000,2,1,2,3,1,5,2,1,1,2
SF,IH2003,2019-11-22 09:30:38.400,2953.0000,13392,0,16834260.000,0,-,-,-,-,2952.0000,2951.8000,2950.8000,2950.2000,2950.0000,2953.0000,2953.4000,2954.0000,2954.4000,2954.6000,1,2,1,2,3,5,2,1,1,2
SF,IH2003,2019-11-22 09:30:38.900,2952.8000,13390,-2,18605700.000,2,0,2,双平,S,2951.8000,2950.2000,2950.0000,2949.4000,2949.0000,2952.8000,2953.0000,2953.4000,2954.0000,2954.4000,2,2,4,1,1,1,5,2,1,1
SF,IH2003,2019-11-22 09:30:39.400,2952.8000,13390,0,18605700.000,0,-,-,-,-,2952.0000,2951.8000,2950.2000,2950.0000,2949.4000,2953.0000,2953.4000,2954.0000,2954.4000,2954.6000,1,2,2,4,1,5,2,1,1,2
SF,IH2003,2019-11-22 09:30:39.900,2952.0000,13389,-1,19491300.000,1,0,1,双平,S,2951.8000,2950.2000,2950.0000,2949.4000,2949.0000,2952.6000,2952.8000,2953.0000,2953.4000,2954.0000,2,2,4,1,1,1,1,5,2,1
SF,IH2003,2019-11-22 09:30:40.400,2951.8000,13389,0,21262380.000,2,1,1,多换,S,2950.2000,2950.0000,2949.4000,2949.0000,2948.0000,2952.0000,2953.0000,2953.4000,2954.0000,2954.4000,2,4,1,1,1,1,5,2,1,1
SF,IH2003,2019-11-22 09:30:40.900,2951.8000,13389,0,21262380.000,0,-,-,-,-,2951.2000,2951.0000,2950.6000,2950.4000,2950.2000,2951.8000,2952.0000,2953.0000,2953.4000,2954.0000,1,1,3,11,2,1,1,5,2,1
SF,IH2003,2019-11-22 09:30:41.400,2951.8000,13389,0,21262380.000,0,-,-,-,-,2951.2000,2950.4000,2950.2000,2950.0000,2949.4000,2952.0000,2953.0000,2953.4000,2954.0000,2954.4000,1,9,2,5,1,1,5,2,1,1
SF,IH2003,2019-11-22 09:30:41.900,2951.8000,13389,0,21262380.000,0,-,-,-,-,2950.4000,2950.2000,2950.0000,2949.4000,2949.0000,2951.8000,2953.0000,2953.4000,2954.0000,2954.4000,5,2,4,1,1,1,5,2,1,1
SF,IH2003,2019-11-22 09:30:42.400,2951.8000,13389,0,21262380.000,0,-,-,-,-,2951.2000,2951.0000,2950.6000,2950.4000,2950.2000,2951.6000,2953.0000,2953.4000,2954.0000,2954.4000,1,1,4,5,2,1,5,2,1,2
SF,IH2003,2019-11-22 09:30:42.900,2951.8000,13389,0,21262380.000,0,-,-,-,-,2950.4000,2950.2000,2950.0000,2949.4000,2949.0000,2953.0000,2953.4000,2954.0000,2954.4000,2954.6000,5,2,4,1,1,5,2,1,2,2
SF,IH2003,2019-11-22 09:30:43.400,2951.8000,13389,0,21262380.000,0,-,-,-,-,2950.8000,2950.4000,2950.2000,2950.0000,2949.4000,2952.8000,2953.0000,2953.4000,2954.0000,2954.4000,1,5,2,4,1,6,5,2,1,2
SF,IH2003,2019-11-22 09:30:43.900,2951.8000,13389,0,21262380.000,0,-,-,-,-,2950.8000,2950.4000,2950.2000,2950.0000,2949.4000,2952.6000,2952.8000,2953.0000,2953.4000,2954.0000,1,5,2,4,1,1,6,5,2,1
SF,IH2003,2019-11-22 09:30:44.400,2951.8000,13389,0,21262380.000,0,-,-,-,-,2951.0000,2950.8000,2950.4000,2950.2000,2950.0000,2952.4000,2952.8000,2953.0000,2953.4000,2954.0000,1,1,5,2,4,7,4,5,2,1
SF,IH2003,2019-11-22 09:30:45.400,2951.0000,13389,0,22147680.000,1,0,1,多换,S,2950.8000,2950.4000,2950.2000,2950.0000,2949.4000,2952.4000,2952.8000,2953.0000,2953.4000,2954.0000,1,5,2,4,1,7,4,5,2,1
SF,IH2003,2019-11-22 09:30:45.900,2951.0000,13389,0,22147680.000,0,-,-,-,-,2950.4000,2950.2000,2950.0000,2949.4000,2949.0000,2950.8000,2952.4000,2952.8000,2953.0000,2953.4000,2,2,4,1,1,1,7,4,5,2
SF,IH2003,2019-11-22 09:30:46.400,2950.8000,13388,-1,23032920.000,1,0,1,双平,S,2950.8000,2950.6000,2950.4000,2950.2000,2950.0000,2952.4000,2952.8000,2953.0000,2953.4000,2954.0000,1,1,2,2,4,5,4,5,2,1
SF,IH2003,2019-11-22 09:30:46.900,2950.8000,13388,0,23032920.000,0,-,-,-,-,2950.8000,2950.2000,2950.0000,2949.4000,2949.0000,2951.6000,2952.2000,2952.4000,2952.6000,2952.8000,2,2,4,1,1,1,2,5,1,4
SF,IH2003,2019-11-22 09:30:47.400,2950.8000,13388,0,23032920.000,0,-,-,-,-,2950.8000,2950.2000,2950.0000,2949.4000,2949.0000,2952.4000,2952.8000,2953.0000,2953.4000,2954.0000,2,2,4,1,1,5,4,5,2,1
SF,IH2003,2019-11-22 09:30:47.900,2950.8000,13388,0,23032920.000,0,-,-,-,-,2950.8000,2950.2000,2950.0000,2949.4000,2949.0000,2952.2000,2952.4000,2952.8000,2953.0000,2953.4000,3,2,4,1,1,1,5,4,5,2
SF,IH2003,2019-11-22 09:30:48.400,2950.8000,13387,-1,23918160.000,1,0,1,双平,S,2951.0000,2950.8000,2950.2000,2950.0000,2949.4000,2952.0000,2952.4000,2952.8000,2953.0000,2953.4000,2,2,2,4,1,1,1,4,5,2
SF,IH2003,2019-11-22 09:30:48.900,2950.8000,13387,0,23918160.000,0,-,-,-,-,2952.0000,2951.0000,2950.8000,2950.2000,2950.0000,2952.4000,2952.8000,2953.0000,2953.4000,2954.0000,1,3,2,2,4,1,4,5,2,1
SF,IH2003,2019-11-22 09:30:49.400,2952.0000,13386,-1,24803760.000,1,0,1,双平,S,2951.0000,2950.8000,2950.2000,2950.0000,2949.4000,2952.0000,2952.2000,2952.8000,2953.0000,2953.4000,3,2,2,4,1,2,1,4,5,2
SF,IH2003,2019-11-22 09:30:49.900,2952.0000,13384,-2,26574960.000,2,0,2,双平,S,2951.2000,2951.0000,2950.8000,2950.2000,2950.0000,2952.0000,2952.8000,2953.0000,2953.4000,2954.0000,2,3,2,2,4,1,4,5,2,1
SF,IH2003,2019-11-22 09:30:50.400,2952.0000,13384,0,26574960.000,0,-,-,-,-,2951.2000,2951.0000,2950.8000,2950.2000,2950.0000,2952.0000,2952.8000,2953.0000,2953.4000,2954.0000,3,3,2,2,4,1,4,5,2,1
SF,IH2003,2019-11-22 09:30:50.900,2952.0000,13384,0,26574960.000,0,-,-,-,-,2951.2000,2951.0000,2950.8000,2950.2000,2950.0000,2952.0000,2952.8000,2953.0000,2953.4000,2954.0000,2,3,2,2,4,1,4,5,2,1
SF,IH2003,2019-11-22 09:30:51.400,2952.0000,13384,0,26574960.000,0,-,-,-,-,2951.2000,2951.0000,2950.8000,2950.2000,2950.0000,2952.0000,2952.8000,2953.0000,2953.4000,2954.0000,2,3,2,2,4,1,4,5,2,1
SF,IH2003,2019-11-22 09:30:51.900,2952.0000,13384,0,27460560.000,1,0,1,多换,S,2951.2000,2951.0000,2950.8000,2950.2000,2950.0000,2952.8000,2953.0000,2953.4000,2954.0000,2954.4000,2,3,1,2,4,4,5,2,1,2
SF,IH2003,2019-11-22 09:30:52.400,2952.0000,13384,0,27460560.000,0,-,-,-,-,2952.0000,2951.2000,2951.0000,2950.8000,2950.2000,2952.6000,2952.8000,2953.0000,2953.4000,2954.0000,1,2,2,1,2,2,4,5,2,1
SF,IH2003,2019-11-22 09:30:52.900,2952.0000,13384,0,27460560.000,0,-,-,-,-,2952.0000,2951.4000,2951.2000,2951.0000,2950.8000,2952.6000,2953.0000,2953.4000,2954.0000,2954.4000,1,4,1,2,1,1,5,2,1,2
SF,IH2003,2019-11-22 09:30:53.400,2952.0000,13384,0,27460560.000,0,-,-,-,-,2952.0000,2951.4000,2951.2000,2951.0000,2950.8000,2953.0000,2953.4000,2954.0000,2954.4000,2954.6000,1,2,1,2,1,5,2,1,2,2
SF,IH2003,2019-11-22 09:30:53.900,2952.0000,13384,0,27460560.000,0,-,-,-,-,2952.0000,2951.4000,2951.2000,2951.0000,2950.8000,2952.8000,2953.0000,2953.4000,2954.0000,2954.4000,1,2,1,2,1,1,5,2,1,2
SF,IH2003,2019-11-22 09:30:54.400,2952.0000,13384,0,27460560.000,0,-,-,-,-,2952.0000,2951.4000,2951.2000,2951.0000,2950.8000,2953.0000,2953.4000,2954.0000,2954.4000,2954.6000,1,2,1,2,1,5,2,1,2,2
SF,IH2003,2019-11-22 09:30:54.900,2952.0000,13384,0,27460560.000,0,-,-,-,-,2952.0000,2951.4000,2951.2000,2951.0000,2950.8000,2952.8000,2953.0000,2953.4000,2954.0000,2954.4000,1,2,1,2,1,1,5,2,1,2
SF,IH2003,2019-11-22 09:30:55.400,2952.0000,13384,0,27460560.000,0,-,-,-,-,2952.0000,2951.4000,2951.2000,2951.0000,2950.8000,2953.0000,2953.4000,2954.0000,2954.4000,2954.6000,1,2,1,2,1,5,2,1,2,2
SF,IH2003,2019-11-22 09:30:55.900,2952.0000,13384,0,27460560.000,0,-,-,-,-,2952.0000,2951.4000,2951.2000,2951.0000,2950.8000,2952.8000,2953.0000,2953.4000,2954.0000,2954.4000,1,2,1,2,1,1,5,2,1,2
SF,IH2003,2019-11-22 09:30:56.400,2952.0000,13384,0,27460560.000,0,-,-,-,-,2952.0000,2951.4000,2951.2000,2951.0000,2950.8000,2953.0000,2953.4000,2954.0000,2954.4000,2954.6000,1,2,1,2,1,5,2,1,2,2
SF,IH2003,2019-11-22 09:30:56.900,2952.8000,13383,-1,28346400.000,1,0,1,双平,S,2951.4000,2951.2000,2951.0000,2950.8000,2950.2000,2953.0000,2953.4000,2954.0000,2954.4000,2954.6000,2,1,2,1,2,5,2,1,2,2
SF,IH2003,2019-11-22 09:30:57.400,2951.8000,13383,0,29231940.000,1,0,1,多换,S,2951.6000,2951.4000,2951.2000,2951.0000,2950.8000,2952.8000,2953.0000,2953.4000,2954.0000,2954.4000,1,2,1,2,1,1,5,2,1,2
SF,IH2003,2019-11-22 09:30:57.900,2952.8000,13383,0,30117780.000,1,0,1,多换,S,2952.8000,2951.4000,2951.2000,2951.0000,2950.8000,2953.0000,2953.4000,2954.0000,2954.4000,2954.6000,2,2,1,2,1,5,2,1,2,2
SF,IH2003,2019-11-22 09:30:58.400,2952.8000,13381,-2,31889460.000,2,0,2,双平,S,2951.4000,2951.2000,2951.0000,2950.8000,2950.2000,2952.8000,2953.0000,2953.4000,2954.0000,2954.4000,2,1,2,1,2,5,6,3,1,2
SF,IH2003,2019-11-22 09:30:58.900,2952.8000,13381,0,31889460.000,0,-,-,-,-,2951.6000,2951.4000,2951.2000,2951.0000,2950.8000,2952.8000,2953.0000,2953.4000,2954.0000,2954.4000,1,2,1,2,1,3,5,3,1,2
SF,IH2003,2019-11-22 09:30:59.400,2952.8000,13381,0,31889460.000,0,-,-,-,-,2951.4000,2951.2000,2951.0000,2950.8000,2950.2000,2952.8000,2953.0000,2953.4000,2954.0000,2954.4000,2,1,2,1,2,3,5,2,1,2
SF,IH2003,2019-11-22 09:30:59.900,2952.8000,13381,0,31889460.000,0,-,-,-,-,2951.6000,2951.4000,2951.2000,2951.0000,2950.8000,2952.8000,2953.0000,2953.4000,2954.0000,2954.4000,1,2,1,2,1,3,5,2,1,2
SF,IH2003,2019-11-22 09:31:00.400,2952.8000,13381,0,31889460.000,0,-,-,-,-,2951.4000,2951.2000,2951.0000,2950.8000,2950.2000,2952.8000,2953.0000,2953.4000,2954.0000,2954.4000,2,1,2,1,2,3,5,2,1,2
SF,IH2003,2019-11-22 09:31:00.900,2952.8000,13381,0,31889460.000,0,-,-,-,-,2951.6000,2951.4000,2951.2000,2951.0000,2950.8000,2952.8000,2953.0000,2953.4000,2954.0000,2954.4000,2,2,1,2,1,3,5,2,1,2
SF,IH2003,2019-11-22 09:31:01.400,2952.8000,13381,0,31889460.000,0,-,-,-,-,2951.6000,2951.4000,2951.2000,2951.0000,2950.8000,2952.8000,2953.0000,2953.4000,2954.0000,2954.4000,2,2,1,2,1,3,5,1,1,2
SF,IH2003,2019-11-22 09:31:02.400,2952.8000,13381,0,31889460.000,0,-,-,-,-,2951.6000,2951.4000,2951.2000,2951.0000,2950.8000,2952.8000,2953.0000,2953.4000,2954.0000,2954.4000,2,2,1,2,1,3,6,1,1,2
SF,IH2003,2019-11-22 09:31:02.900,2952.8000,13380,-1,32775300.000,1,0,1,双平,S,2951.8000,2951.6000,2951.4000,2951.2000,2950.8000,2952.8000,2953.0000,2953.4000,2954.0000,2954.4000,2,2,2,1,1,2,6,1,1,2
SF,IH2003,2019-11-22 09:31:03.400,2952.8000,13380,0,32775300.000,0,-,-,-,-,2951.8000,2951.4000,2951.2000,2950.8000,2950.2000,2952.8000,2953.0000,2953.4000,2954.0000,2954.4000,2,2,1,1,2,2,6,1,1,2
SF,IH2003,2019-11-22 09:31:03.900,2952.8000,13380,0,32775300.000,0,-,-,-,-,2951.8000,2951.4000,2951.2000,2950.8000,2950.2000,2952.8000,2953.0000,2953.4000,2954.0000,2954.4000,2,2,1,1,2,2,6,1,1,2
SF,IH2003,2019-11-22 09:31:04.400,2952.8000,13377,-3,35432820.000,3,0,3,双平,S,2952.0000,2951.8000,2951.4000,2951.2000,2950.8000,2953.0000,2953.4000,2954.0000,2954.4000,2954.6000,2,2,2,1,1,6,1,1,2,2
SF,IH2003,2019-11-22 09:31:04.900,2953.0000,13377,0,36318720.000,1,0,1,多换,S,2952.0000,2951.8000,2951.4000,2951.2000,2950.8000,2953.0000,2953.4000,2954.0000,2954.4000,2954.6000,4,2,2,1,1,5,1,1,2,2
SF,IH2003,2019-11-22 09:31:05.400,2953.0000,13377,0,36318720.000,0,-,-,-,-,2952.4000,2952.2000,2952.0000,2951.8000,2951.2000,2953.0000,2953.4000,2954.0000,2954.4000,2954.6000,1,3,4,2,1,5,1,2,2,2
SF,IH2003,2019-11-22 09:31:05.900,2953.0000,13377,0,36318720.000,0,-,-,-,-,2952.6000,2952.0000,2951.8000,2950.8000,2950.2000,2953.0000,2953.4000,2954.0000,2954.4000,2954.6000,1,1,2,1,2,5,1,2,2,2
SF,IH2003,2019-11-22 09:31:06.900,2953.0000,13377,0,36318720.000,0,-,-,-,-,2952.6000,2952.0000,2951.8000,2950.8000,2950.2000,2953.0000,2953.4000,2954.0000,2954.4000,2954.6000,1,1,2,1,2,6,1,2,2,2
SF,IH2003,2019-11-22 09:31:07.400,2952.6000,13376,-1,37204500.000,1,0,1,双平,S,2952.0000,2951.8000,2950.8000,2950.2000,2950.0000,2953.0000,2953.4000,2954.0000,2954.4000,2954.6000,1,2,1,2,4,6,1,2,2,2
SF,IH2003,2019-11-22 09:31:07.900,2953.0000,13375,-1,38090400.000,1,0,1,双平,S,2952.0000,2951.8000,2950.8000,2950.2000,2950.0000,2953.0000,2953.4000,2954.0000,2954.4000,2954.6000,1,2,1,2,4,5,1,2,2,2
SF,IH2003,2019-11-22 09:31:08.400,2953.0000,13375,0,38090400.000,0,-,-,-,-,2952.0000,2951.8000,2950.8000,2950.2000,2950.0000,2953.0000,2953.4000,2954.0000,2954.4000,2954.6000,1,2,1,2,24,5,1,2,2,2
SF,IH2003,2019-11-22 09:31:08.900,2953.0000,13373,-2,39862200.000,2,0,2,双平,S,2952.0000,2951.8000,2950.8000,2950.2000,2950.0000,2953.0000,2953.4000,2954.0000,2954.4000,2954.6000,1,2,1,2,24,3,1,2,2,2
SF,IH2003,2019-11-22 09:31:09.400,2953.0000,13372,-1,40748100.000,1,0,1,双平,S,2952.0000,2951.8000,2950.8000,2950.2000,2950.0000,2953.0000,2953.4000,2954.0000,2954.4000,2954.6000,1,2,1,2,24,2,1,2,2,2
SF,IH2003,2019-11-22 09:31:09.900,2953.0000,13372,0,40748100.000,0,-,-,-,-,2952.0000,2951.8000,2950.8000,2950.2000,2950.0000,2953.0000,2953.4000,2954.0000,2954.4000,2954.6000,1,2,1,2,24,2,1,2,2,2
SF,IH2003,2019-11-22 09:31:10.900,2953.0000,13372,0,40748100.000,0,-,-,-,-,2952.0000,2951.8000,2950.8000,2950.2000,2950.0000,2953.0000,2953.4000,2954.0000,2954.4000,2954.6000,1,2,1,2,24,2,1,2,2,2
SF,IH2003,2019-11-22 09:31:11.400,2953.0000,13372,0,40748100.000,0,-,-,-,-,2952.2000,2952.0000,2951.8000,2950.8000,2950.2000,2953.0000,2953.4000,2954.0000,2954.4000,2954.6000,1,1,2,1,2,2,1,2,2,2
SF,IH2003,2019-11-22 09:31:12.400,2953.0000,13372,0,40748100.000,0,-,-,-,-,2952.2000,2952.0000,2951.8000,2950.8000,2950.2000,2953.0000,2953.4000,2954.0000,2954.4000,2954.6000,1,1,2,1,2,2,1,2,2,2
SF,IH2003,2019-11-22 09:31:12.900,2953.0000,13372,0,40748100.000,0,-,-,-,-,2952.2000,2952.0000,2951.8000,2950.8000,2950.2000,2953.0000,2953.4000,2954.0000,2954.4000,2954.6000,1,1,2,1,2,2,1,2,2,2
SF,IH2003,2019-11-22 09:31:14.400,2953.0000,13372,0,40748100.000,0,-,-,-,-,2952.4000,2952.2000,2952.0000,2951.8000,2950.8000,2953.0000,2954.0000,2954.4000,2954.6000,2955.0000,2,1,1,2,1,3,2,2,2,1
SF,IH2003,2019-11-22 09:31:14.900,2953.0000,13369,-3,44291700.000,4,0,4,多平,S,2952.2000,2952.0000,2951.8000,2950.8000,2950.2000,2954.0000,2954.4000,2954.6000,2955.0000,2956.0000,1,1,2,1,2,2,2,2,1,1
SF,IH2003,2019-11-22 09:31:15.400,2953.0000,13369,0,44291700.000,0,-,-,-,-,2952.4000,2952.2000,2952.0000,2951.8000,2950.8000,2953.8000,2954.0000,2954.4000,2954.6000,2955.0000,1,1,1,2,1,4,2,2,2,1
SF,IH2003,2019-11-22 09:31:15.900,2953.0000,13369,0,44291700.000,0,-,-,-,-,2952.4000,2952.2000,2952.0000,2951.8000,2950.8000,2953.8000,2954.0000,2954.4000,2954.6000,2955.0000,1,1,1,2,1,2,2,2,2,1
SF,IH2003,2019-11-22 09:31:16.400,2953.0000,13369,0,44291700.000,0,-,-,-,-,2952.6000,2952.4000,2952.2000,2952.0000,2951.8000,2953.8000,2954.0000,2954.4000,2954.6000,2955.0000,3,1,1,1,2,1,1,2,2,1
SF,IH2003,2019-11-22 09:31:16.900,2953.0000,13369,0,44291700.000,0,-,-,-,-,2952.8000,2952.6000,2952.4000,2952.0000,2951.8000,2954.0000,2954.4000,2954.6000,2955.0000,2956.0000,1,5,1,1,2,1,2,2,1,1
SF,IH2003,2019-11-22 09:31:17.400,2954.0000,13367,-2,46063800.000,2,0,2,双平,S,2954.0000,2952.8000,2952.6000,2952.4000,2952.0000,2954.4000,2954.6000,2955.0000,2956.0000,2957.0000,1,1,4,1,1,2,2,1,1,2
SF,IH2003,2019-11-22 09:31:17.900,2954.0000,13366,-1,46950000.000,1,0,1,双平,S,2952.8000,2952.6000,2952.4000,2952.0000,2951.8000,2954.4000,2954.6000,2955.0000,2956.0000,2957.0000,1,4,1,1,2,2,2,1,1,2
SF,IH2003,2019-11-22 09:31:18.400,2954.0000,13366,0,46950000.000,0,-,-,-,-,2953.0000,2952.8000,2952.6000,2952.0000,2950.8000,2954.4000,2954.6000,2955.0000,2956.0000,2957.0000,7,1,5,1,1,2,2,1,1,2
SF,IH2003,2019-11-22 09:31:18.900,2954.0000,13366,0,46950000.000,0,-,-,-,-,2953.2000,2953.0000,2952.6000,2952.0000,2950.8000,2954.4000,2954.6000,2955.0000,2956.0000,2957.0000,1,7,5,1,1,2,2,1,1,2
SF,IH2003,2019-11-22 09:31:19.400,2954.0000,13366,0,46950000.000,0,-,-,-,-,2953.2000,2953.0000,2952.6000,2950.8000,2950.2000,2954.4000,2954.6000,2955.0000,2956.0000,2957.0000,1,6,4,1,2,2,2,1,1,2
SF,IH2003,2019-11-22 09:31:19.900,2954.0000,13366,0,46950000.000,0,-,-,-,-,2953.2000,2953.0000,2952.6000,2950.8000,2950.2000,2954.4000,2954.6000,2955.0000,2956.0000,2957.0000,1,6,4,1,2,2,2,1,1,2
SF,IH2003,2019-11-22 09:31:20.400,2954.0000,13366,0,46950000.000,0,-,-,-,-,2953.4000,2953.2000,2953.0000,2952.6000,2950.8000,2954.4000,2955.0000,2956.0000,2957.0000,2959.2000,3,1,6,2,1,2,1,1,2,1
SF,IH2003,2019-11-22 09:31:20.900,2954.0000,13366,0,46950000.000,0,-,-,-,-,2953.2000,2953.0000,2952.6000,2950.8000,2950.2000,2954.4000,2955.0000,2956.0000,2957.0000,2959.2000,1,6,2,1,2,2,1,1,2,1
SF,IH2003,2019-11-22 09:31:21.400,2954.0000,13366,0,46950000.000,0,-,-,-,-,2953.2000,2953.0000,2952.6000,2950.8000,2950.2000,2954.4000,2955.0000,2956.0000,2957.0000,2959.2000,1,6,2,1,2,2,1,1,2,1
SF,IH2003,2019-11-22 09:31:21.900,2954.0000,13366,0,46950000.000,0,-,-,-,-,2953.2000,2953.0000,2952.6000,2950.8000,2950.2000,2954.4000,2955.0000,2956.0000,2957.0000,2959.2000,1,6,2,1,2,2,1,1,2,1
SF,IH2003,2019-11-22 09:31:22.400,2954.0000,13366,0,46950000.000,0,-,-,-,-,2953.2000,2953.0000,2952.6000,2950.8000,2950.2000,2954.4000,2955.0000,2956.0000,2957.0000,2959.2000,1,6,2,1,2,2,1,1,2,1
SF,IH2003,2019-11-22 09:31:22.900,2954.4000,13364,-2,48722640.000,2,0,2,双平,S,2954.4000,2953.4000,2953.2000,2953.0000,2950.8000,2955.0000,2956.0000,2957.0000,2959.2000,2960.0000,1,6,5,6,1,1,1,2,1,4
SF,IH2003,2019-11-22 09:31:23.400,2955.0000,13363,-1,49609140.000,1,0,1,双平,S,2954.4000,2953.4000,2953.2000,2953.0000,2950.8000,2956.0000,2957.0000,2959.2000,2960.0000,2960.2000,1,5,5,6,1,1,2,1,4,5
SF,IH2003,2019-11-22 09:31:23.900,2955.0000,13363,0,49609140.000,0,-,-,-,-,2954.6000,2954.4000,2953.4000,2953.2000,2953.0000,2955.0000,2955.2000,2955.8000,2956.0000,2957.0000,1,1,5,5,5,1,1,8,1,2
SF,IH2003,2019-11-22 09:31:24.400,2955.0000,13362,-1,50495640.000,1,0,1,双平,S,2954.4000,2953.4000,2953.2000,2953.0000,2950.8000,2955.8000,2956.0000,2957.0000,2959.2000,2960.0000,1,5,5,5,1,4,1,2,1,4
SF,IH2003,2019-11-22 09:31:24.900,2955.0000,13362,0,50495640.000,0,-,-,-,-,2954.4000,2953.4000,2953.2000,2953.0000,2950.8000,2955.6000,2955.8000,2956.0000,2957.0000,2959.2000,1,5,5,5,1,2,4,1,2,1
SF,IH2003,2019-11-22 09:31:25.400,2955.0000,13362,0,50495640.000,0,-,-,-,-,2954.4000,2953.4000,2953.2000,2953.0000,2950.8000,2955.6000,2955.8000,2956.0000,2957.0000,2959.2000,1,5,5,5,1,2,2,1,2,1
SF,IH2003,2019-11-22 09:31:26.400,2955.0000,13362,0,50495640.000,0,-,-,-,-,2954.4000,2953.4000,2953.2000,2953.0000,2950.8000,2955.6000,2955.8000,2956.0000,2957.0000,2959.2000,1,5,5,5,1,2,2,1,2,1
SF,IH2003,2019-11-22 09:31:27.900,2955.0000,13362,0,50495640.000,0,-,-,-,-,2954.4000,2953.4000,2953.2000,2953.0000,2950.8000,2955.6000,2955.8000,2956.0000,2956.8000,2957.0000,1,5,5,5,1,2,2,1,1,2
SF,IH2003,2019-11-22 09:31:28.400,2955.0000,13362,0,50495640.000,0,-,-,-,-,2954.4000,2953.4000,2953.2000,2953.0000,2950.8000,2956.0000,2956.8000,2957.0000,2959.2000,2960.0000,1,5,5,5,1,1,1,2,1,4
SF,IH2003,2019-11-22 09:31:28.900,2955.0000,13362,0,50495640.000,0,-,-,-,-,2954.6000,2954.4000,2953.4000,2953.2000,2953.0000,2955.8000,2956.0000,2956.8000,2957.0000,2959.2000,2,1,5,5,5,1,1,1,2,1
SF,IH2003,2019-11-22 09:31:29.400,2955.8000,13361,-1,51382380.000,1,0,1,双平,S,2954.6000,2954.4000,2954.2000,2953.4000,2953.2000,2956.0000,2956.8000,2957.0000,2957.2000,2959.2000,2,1,1,5,5,1,1,2,1,1
SF,IH2003,2019-11-22 09:31:29.900,2955.8000,13361,0,51382380.000,0,-,-,-,-,2954.8000,2954.6000,2954.4000,2953.4000,2953.2000,2956.0000,2956.8000,2957.0000,2959.2000,2960.0000,1,2,1,5,5,1,1,2,1,4
SF,IH2003,2019-11-22 09:31:30.400,2955.8000,13361,0,51382380.000,0,-,-,-,-,2954.8000,2954.6000,2954.4000,2953.4000,2953.2000,2956.0000,2956.8000,2957.0000,2959.2000,2960.0000,1,1,1,5,5,1,1,2,1,4
SF,IH2003,2019-11-22 09:31:33.900,2956.0000,13361,0,52269180.000,1,0,1,多换,S,2954.8000,2954.6000,2954.4000,2953.4000,2953.2000,2956.8000,2957.0000,2959.2000,2960.0000,2960.2000,1,1,1,5,5,1,2,1,4,5
SF,IH2003,2019-11-22 09:31:34.400,2956.0000,13361,0,52269180.000,0,-,-,-,-,2955.0000,2954.8000,2954.4000,2953.4000,2953.2000,2956.4000,2956.6000,2956.8000,2957.0000,2959.2000,1,1,1,5,5,2,7,1,2,1
SF,IH2003,2019-11-22 09:31:34.900,2956.4000,13359,-2,54929880.000,3,0,3,多平,S,2955.2000,2955.0000,2954.4000,2953.4000,2953.2000,2956.6000,2956.8000,2957.0000,2959.2000,2960.0000,1,1,1,5,5,5,1,2,1,4
SF,IH2003,2019-11-22 09:31:35.400,2956.4000,13359,0,54929880.000,0,-,-,-,-,2955.4000,2955.0000,2954.4000,2953.4000,2953.2000,2956.0000,2956.2000,2956.6000,2956.8000,2957.0000,2,1,1,5,4,1,2,5,1,2
SF,IH2003,2019-11-22 09:31:35.900,2956.4000,13359,0,54929880.000,0,-,-,-,-,2953.4000,2953.2000,2953.0000,2950.8000,2950.2000,2956.2000,2956.6000,2956.8000,2957.0000,2959.2000,5,4,5,1,2,2,5,1,2,1
SF,IH2003,2019-11-22 09:31:36.400,2956.4000,13359,0,54929880.000,0,-,-,-,-,2956.0000,2954.4000,2953.8000,2953.6000,2953.4000,2956.2000,2956.6000,2956.8000,2957.0000,2959.2000,1,2,7,3,5,2,5,1,2,1
SF,IH2003,2019-11-22 09:31:36.900,2956.0000,13359,0,55816680.000,1,0,1,多换,S,2954.4000,2954.2000,2954.0000,2953.8000,2953.6000,2956.0000,2956.8000,2957.0000,2959.2000,2960.0000,2,1,1,6,5,1,1,2,1,4
SF,IH2003,2019-11-22 09:31:37.400,2956.0000,13359,0,55816680.000,0,-,-,-,-,2955.2000,2954.6000,2954.4000,2954.0000,2953.8000,2956.8000,2957.0000,2959.2000,2960.0000,2960.2000,1,12,2,1,3,1,2,1,4,5
SF,IH2003,2019-11-22 09:31:37.900,2956.0000,13359,0,55816680.000,0,-,-,-,-,2956.0000,2955.4000,2954.6000,2954.0000,2953.8000,2956.8000,2957.0000,2959.2000,2960.0000,2960.2000,1,4,9,1,2,1,2,1,4,5
SF,IH2003,2019-11-22 09:31:38.400,2956.0000,13358,-1,56703480.000,1,0,1,双平,S,2954.6000,2954.0000,2953.8000,2953.6000,2953.4000,2956.4000,2956.8000,2957.0000,2959.2000,2960.0000,9,1,2,5,5,1,1,2,1,4
SF,IH2003,2019-11-22 09:31:38.900,2956.0000,13358,0,56703480.000,0,-,-,-,-,2955.0000,2954.8000,2954.6000,2954.0000,2953.8000,2956.8000,2957.0000,2959.2000,2960.0000,2960.2000,2,3,9,1,2,1,2,1,4,5
SF,IH2003,2019-11-22 09:31:39.400,2956.0000,13358,0,56703480.000,0,-,-,-,-,2955.2000,2955.0000,2954.6000,2954.0000,2953.8000,2956.8000,2957.0000,2959.2000,2960.0000,2960.2000,2,2,9,1,2,1,2,1,4,5
SF,IH2003,2019-11-22 09:31:40.900,2956.0000,13358,0,56703480.000,0,-,-,-,-,2955.2000,2955.0000,2954.6000,2954.0000,2953.6000,2956.6000,2956.8000,2957.0000,2959.2000,2960.0000,2,2,5,1,4,5,1,2,1,4
SF,IH2003,2019-11-22 09:31:41.400,2956.0000,13358,0,56703480.000,0,-,-,-,-,2955.2000,2955.0000,2954.6000,2954.0000,2953.6000,2956.8000,2957.0000,2959.2000,2960.0000,2960.2000,2,2,5,1,4,1,2,1,4,5
SF,IH2003,2019-11-22 09:31:41.900,2956.0000,13358,0,56703480.000,0,-,-,-,-,2955.2000,2955.0000,2954.6000,2954.0000,2953.6000,2956.6000,2956.8000,2957.0000,2959.2000,2960.0000,2,1,5,1,4,2,1,2,1,4
SF,IH2003,2019-11-22 09:31:42.400,2956.0000,13358,0,56703480.000,0,-,-,-,-,2955.2000,2955.0000,2954.6000,2954.0000,2953.6000,2956.6000,2956.8000,2957.0000,2959.2000,2960.0000,2,1,5,1,4,5,1,2,1,4
SF,IH2003,2019-11-22 09:31:42.900,2955.2000,13356,-2,58476600.000,2,0,2,双平,S,2954.6000,2953.8000,2953.6000,2953.4000,2953.0000,2956.0000,2956.4000,2956.6000,2956.8000,2957.0000,4,1,4,5,1,1,1,6,1,2
SF,IH2003,2019-11-22 09:31:43.400,2955.2000,13356,0,58476600.000,0,-,-,-,-,2954.6000,2953.6000,2953.4000,2953.0000,2950.8000,2955.8000,2956.6000,2956.8000,2957.0000,2959.2000,4,4,5,1,1,1,5,1,2,1
SF,IH2003,2019-11-22 09:31:43.900,2955.2000,13356,0,58476600.000,0,-,-,-,-,2953.6000,2953.4000,2953.0000,2950.8000,2950.2000,2955.8000,2956.0000,2956.6000,2956.8000,2957.0000,2,5,1,1,2,1,1,5,1,2
SF,IH2003,2019-11-22 09:31:44.400,2955.2000,13356,0,58476600.000,0,-,-,-,-,2954.2000,2953.8000,2953.6000,2953.4000,2953.0000,2955.6000,2955.8000,2956.0000,2956.6000,2956.8000,2,3,1,5,1,2,1,1,5,1
SF,IH2003,2019-11-22 09:31:44.900,2955.2000,13356,0,58476600.000,0,-,-,-,-,2953.8000,2953.6000,2953.4000,2953.0000,2950.8000,2955.4000,2955.6000,2955.8000,2956.0000,2956.6000,2,1,5,1,1,1,2,1,1,5
SF,IH2003,2019-11-22 09:31:45.400,2955.2000,13356,0,58476600.000,0,-,-,-,-,2953.8000,2953.6000,2953.4000,2953.0000,2950.8000,2955.2000,2955.6000,2955.8000,2956.0000,2956.6000,2,1,5,1,1,1,2,1,1,5
SF,IH2003,2019-11-22 09:31:45.900,2955.2000,13356,0,58476600.000,0,-,-,-,-,2953.6000,2953.4000,2953.0000,2950.8000,2950.2000,2955.0000,2955.2000,2955.6000,2955.8000,2956.0000,1,5,1,1,2,1,2,2,1,1
SF,IH2003,2019-11-22 09:31:46.400,2955.2000,13356,0,58476600.000,0,-,-,-,-,2953.8000,2953.4000,2953.0000,2950.8000,2950.2000,2954.8000,2955.2000,2955.6000,2955.8000,2956.0000,1,2,1,1,2,1,2,2,1,1
SF,IH2003,2019-11-22 09:31:46.900,2955.2000,13356,0,58476600.000,0,-,-,-,-,2953.8000,2953.4000,2953.0000,2950.8000,2950.2000,2955.2000,2955.6000,2955.8000,2956.0000,2956.6000,1,2,1,1,2,2,2,1,1,3
SF,IH2003,2019-11-22 09:31:47.400,2953.8000,13355,-1,59362740.000,1,0,1,双平,S,2953.4000,2953.0000,2952.6000,2950.8000,2950.2000,2955.2000,2955.6000,2955.8000,2956.0000,2956.6000,2,1,1,1,2,2,3,1,1,3
SF,IH2003,2019-11-22 09:31:47.900,2953.8000,13355,0,59362740.000,0,-,-,-,-,2953.8000,2953.6000,2953.4000,2953.0000,2950.8000,2955.0000,2955.6000,2956.0000,2956.6000,2956.8000,2,3,2,1,1,1,2,1,3,1
SF,IH2003,2019-11-22 09:31:48.400,2953.8000,13355,0,59362740.000,0,-,-,-,-,2953.8000,2953.6000,2953.4000,2953.0000,2950.8000,2954.8000,2955.0000,2955.6000,2956.0000,2956.6000,2,3,2,1,1,1,1,2,1,3
SF,IH2003,2019-11-22 09:31:48.900,2953.8000,13355,0,59362740.000,0,-,-,-,-,2953.8000,2953.6000,2953.4000,2953.0000,2950.8000,2954.8000,2955.6000,2956.0000,2956.6000,2956.8000,2,3,2,2,1,1,2,1,3,1
SF,IH2003,2019-11-22 09:31:49.400,2953.8000,13355,0,59362740.000,0,-,-,-,-,2953.8000,2953.6000,2953.4000,2953.0000,2950.8000,2954.8000,2955.6000,2956.0000,2956.6000,2956.8000,2,2,2,2,1,1,2,1,3,1
SF,IH2003,2019-11-22 09:31:49.900,2953.8000,13355,0,60248880.000,1,0,1,多换,S,2953.8000,2953.6000,2953.4000,2953.0000,2950.8000,2954.8000,2955.6000,2956.0000,2956.6000,2956.8000,1,2,2,2,1,1,2,1,3,1
SF,IH2003,2019-11-22 09:31:53.400,2954.8000,13354,-1,61135320.000,1,0,1,双平,S,2954.8000,2953.8000,2953.6000,2953.4000,2953.0000,2955.6000,2956.0000,2956.6000,2956.8000,2957.0000,5,1,2,2,2,2,1,3,1,2
SF,IH2003,2019-11-22 09:31:53.900,2954.8000,13353,-1,62021760.000,1,0,1,双平,S,2954.8000,2953.8000,2953.6000,2953.4000,2953.0000,2955.2000,2955.4000,2955.6000,2956.0000,2956.6000,4,1,2,2,2,1,3,2,1,3
SF,IH2003,2019-11-22 09:31:54.400,2954.8000,13353,0,62021760.000,0,-,-,-,-,2954.8000,2953.8000,2953.6000,2953.4000,2953.0000,2955.4000,2955.6000,2956.0000,2956.6000,2956.8000,4,1,2,2,2,1,2,1,3,1
SF,IH2003,2019-11-22 09:31:54.900,2954.8000,13353,0,62021760.000,0,-,-,-,-,2954.8000,2953.8000,2953.6000,2953.4000,2953.0000,2955.2000,2955.4000,2955.6000,2956.0000,2956.6000,4,1,2,2,2,1,1,2,1,3
SF,IH2003,2019-11-22 09:31:55.900,2954.8000,13353,0,62021760.000,0,-,-,-,-,2954.8000,2953.8000,2953.6000,2953.4000,2953.0000,2955.2000,2955.4000,2955.6000,2956.0000,2956.6000,4,1,2,2,2,1,1,2,1,4
SF,IH2003,2019-11-22 09:31:56.400,2954.8000,13353,0,62021760.000,0,-,-,-,-,2954.8000,2953.8000,2953.6000,2953.4000,2953.0000,2955.2000,2955.4000,2955.6000,2956.0000,2956.6000,4,1,2,2,2,1,2,2,1,4
SF,IH2003,2019-11-22 09:31:56.900,2954.8000,13353,0,62021760.000,0,-,-,-,-,2954.8000,2953.8000,2953.6000,2953.4000,2953.0000,2955.2000,2955.4000,2955.6000,2956.0000,2956.6000,4,1,2,2,2,1,2,2,1,3
SF,IH2003,2019-11-22 09:31:57.400,2954.8000,13351,-2,63794640.000,2,0,2,双平,S,2954.8000,2953.8000,2953.6000,2953.4000,2953.0000,2955.2000,2955.4000,2955.6000,2956.0000,2956.6000,2,1,2,2,2,1,2,2,1,3
SF,IH2003,2019-11-22 09:31:57.900,2954.8000,13349,-2,65567520.000,2,0,2,双平,S,2953.8000,2953.6000,2953.4000,2953.0000,2950.8000,2955.2000,2955.4000,2955.6000,2956.0000,2956.6000,1,2,2,2,1,1,2,2,1,3
SF,IH2003,2019-11-22 09:31:58.400,2954.8000,13349,0,65567520.000,0,-,-,-,-,2954.0000,2953.8000,2953.6000,2953.4000,2953.0000,2955.2000,2955.4000,2955.6000,2956.0000,2956.6000,1,1,2,2,2,1,2,2,1,3
SF,IH2003,2019-11-22 09:31:58.900,2954.8000,13349,0,65567520.000,0,-,-,-,-,2953.8000,2953.6000,2953.4000,2953.0000,2950.8000,2954.0000,2955.2000,2955.4000,2955.6000,2956.0000,1,2,2,2,1,1,1,2,2,1
SF,IH2003,2019-11-22 09:31:59.400,2954.0000,13348,-1,66453720.000,1,0,1,双平,S,2954.0000,2953.8000,2953.6000,2953.4000,2953.0000,2955.4000,2955.6000,2956.0000,2956.6000,2956.8000,9,1,2,2,2,2,2,1,3,1
SF,IH2003,2019-11-22 09:31:59.900,2954.0000,13348,0,66453720.000,0,-,-,-,-,2954.0000,2953.8000,2953.6000,2953.4000,2953.0000,2955.2000,2955.4000,2955.6000,2956.0000,2956.6000,8,1,2,2,1,1,2,2,1,3
SF,IH2003,2019-11-22 09:32:00.400,2954.0000,13348,0,66453720.000,0,-,-,-,-,2954.0000,2953.6000,2953.4000,2953.0000,2950.8000,2955.0000,2955.4000,2955.6000,2956.0000,2956.6000,5,2,2,1,1,4,2,2,1,3
SF,IH2003,2019-11-22 09:32:00.900,2954.0000,13347,-1,67339920.000,1,0,1,双平,S,2953.4000,2953.0000,2950.8000,2950.2000,2950.0000,2955.0000,2955.4000,2955.6000,2956.0000,2956.6000,2,1,1,2,3,6,2,2,1,3
SF,IH2003,2019-11-22 09:32:01.400,2954.0000,13347,0,67339920.000,0,-,-,-,-,2953.0000,2952.0000,2950.8000,2950.2000,2950.0000,2954.8000,2955.0000,2955.4000,2955.6000,2956.0000,1,20,1,2,3,4,4,2,2,1
SF,IH2003,2019-11-22 09:32:01.900,2954.0000,13347,0,67339920.000,0,-,-,-,-,2952.0000,2950.8000,2950.2000,2950.0000,2949.4000,2954.6000,2954.8000,2955.0000,2955.4000,2956.0000,20,1,2,3,1,4,5,2,2,1
SF,IH2003,2019-11-22 09:32:02.400,2954.0000,13347,0,67339920.000,0,-,-,-,-,2952.6000,2952.4000,2952.2000,2952.0000,2950.8000,2954.6000,2954.8000,2955.0000,2955.4000,2956.0000,5,3,8,22,1,3,5,2,1,1
SF,IH2003,2019-11-22 09:32:02.900,2954.0000,13347,0,67339920.000,0,-,-,-,-,2953.0000,2952.8000,2952.6000,2952.2000,2952.0000,2954.4000,2954.6000,2954.8000,2955.0000,2955.4000,2,1,1,6,21,2,3,5,2,1
SF,IH2003,2019-11-22 09:32:03.400,2954.0000,13347,0,67339920.000,0,-,-,-,-,2953.0000,2952.6000,2952.2000,2952.0000,2950.8000,2954.2000,2954.4000,2954.6000,2954.8000,2955.0000,2,1,5,20,1,1,2,2,4,2
SF,IH2003,2019-11-22 09:32:03.900,2954.0000,13347,0,67339920.000,0,-,-,-,-,2953.0000,2952.6000,2952.2000,2952.0000,2950.8000,2954.0000,2954.2000,2954.4000,2954.6000,2954.8000,2,1,5,20,1,1,1,1,2,4
SF,IH2003,2019-11-22 09:32:04.400,2954.0000,13347,0,67339920.000,0,-,-,-,-,2953.0000,2952.6000,2952.2000,2952.0000,2950.8000,2954.0000,2954.4000,2954.6000,2954.8000,2955.0000,2,1,5,20,1,1,1,2,4,2
SF,IH2003,2019-11-22 09:32:04.900,2954.0000,13347,0,67339920.000,0,-,-,-,-,2953.0000,2952.6000,2952.2000,2952.0000,2950.8000,2954.0000,2954.6000,2954.8000,2955.0000,2955.4000,2,1,5,20,1,1,2,4,2,1
SF,IH2003,2019-11-22 09:32:05.400,2954.0000,13347,0,67339920.000,0,-,-,-,-,2953.0000,2952.6000,2952.2000,2952.0000,2950.8000,2953.8000,2954.0000,2954.6000,2954.8000,2955.0000,2,1,5,20,1,1,1,2,4,2
SF,IH2003,2019-11-22 09:32:05.900,2953.8000,13346,-1,68226060.000,1,0,1,双平,S,2953.0000,2952.6000,2952.2000,2952.0000,2950.8000,2954.6000,2954.8000,2955.0000,2955.4000,2956.0000,3,1,5,20,1,2,4,2,1,1
SF,IH2003,2019-11-22 09:32:06.400,2953.8000,13346,0,68226060.000,0,-,-,-,-,2953.8000,2953.0000,2952.6000,2952.2000,2952.0000,2954.4000,2954.6000,2954.8000,2955.0000,2955.4000,2,3,1,5,20,3,2,3,2,1
SF,IH2003,2019-11-22 09:32:06.900,2953.8000,13346,0,68226060.000,0,-,-,-,-,2953.8000,2953.0000,2952.6000,2952.2000,2952.0000,2954.2000,2954.4000,2954.6000,2954.8000,2955.0000,2,3,1,5,20,1,2,2,3,2
SF,IH2003,2019-11-22 09:32:07.400,2954.2000,13345,-1,69112320.000,1,0,1,双平,S,2954.2000,2953.8000,2953.0000,2952.6000,2952.2000,2954.6000,2954.8000,2955.0000,2955.4000,2956.0000,2,1,3,1,5,2,3,2,1,1
SF,IH2003,2019-11-22 09:32:07.900,2954.2000,13345,0,69112320.000,0,-,-,-,-,2954.6000,2954.4000,2954.2000,2953.8000,2953.0000,2954.8000,2955.0000,2955.4000,2956.0000,2956.6000,3,1,1,1,3,1,2,1,1,3
SF,IH2003,2019-11-22 09:32:08.400,2954.2000,13345,0,69112320.000,0,-,-,-,-,2955.0000,2954.8000,2954.6000,2954.4000,2954.2000,2955.4000,2956.0000,2956.6000,2956.8000,2957.0000,1,4,1,1,1,1,1,3,1,2
SF,IH2003,2019-11-22 09:32:08.900,2954.2000,13345,0,69112320.000,0,-,-,-,-,2955.0000,2954.8000,2954.6000,2954.4000,2954.2000,2955.2000,2955.4000,2956.0000,2956.6000,2956.8000,1,2,1,1,1,1,1,1,3,1
SF,IH2003,2019-11-22 09:32:09.400,2954.2000,13345,0,69112320.000,0,-,-,-,-,2954.8000,2954.6000,2954.4000,2954.2000,2953.8000,2955.0000,2955.2000,2955.4000,2956.0000,2956.6000,2,1,1,1,1,1,1,1,1,3
SF,IH2003,2019-11-22 09:32:09.900,2954.8000,13344,-1,69998760.000,1,0,1,双平,S,2954.6000,2954.4000,2954.2000,2953.8000,2953.0000,2955.0000,2955.4000,2956.0000,2956.6000,2956.8000,1,1,1,1,3,1,1,1,3,1
SF,IH2003,2019-11-22 09:32:14.400,2954.8000,13344,0,69998760.000,0,-,-,-,-,2954.6000,2954.4000,2954.2000,2953.8000,2953.0000,2955.0000,2955.4000,2956.0000,2956.6000,2956.8000,1,1,1,1,3,1,2,1,3,1
SF,IH2003,2019-11-22 09:32:14.900,2954.8000,13344,0,69998760.000,0,-,-,-,-,2954.6000,2954.4000,2954.2000,2953.8000,2953.0000,2955.0000,2955.2000,2955.4000,2956.0000,2956.6000,1,1,1,1,3,1,1,2,1,3
SF,IH2003,2019-11-22 09:32:15.400,2955.0000,13343,-1,70885260.000,1,0,1,双平,S,2954.6000,2954.4000,2954.2000,2953.8000,2953.0000,2955.2000,2955.4000,2956.0000,2956.6000,2956.8000,1,1,1,1,3,1,2,1,3,1
SF,IH2003,2019-11-22 09:32:15.900,2955.0000,13343,0,70885260.000,0,-,-,-,-,2954.4000,2954.2000,2953.8000,2953.0000,2952.6000,2955.0000,2955.2000,2955.4000,2956.0000,2956.6000,1,1,1,3,1,1,1,2,1,3
SF,IH2003,2019-11-22 09:32:17.900,2954.4000,13342,-1,71771580.000,1,0,1,双平,S,2953.8000,2953.0000,2952.6000,2952.2000,2952.0000,2955.0000,2955.2000,2955.4000,2956.0000,2956.6000,1,3,1,5,20,1,1,2,1,3
SF,IH2003,2019-11-22 09:32:18.400,2954.4000,13342,0,71771580.000,0,-,-,-,-,2953.0000,2952.6000,2952.2000,2952.0000,2950.8000,2955.0000,2955.2000,2955.4000,2956.0000,2956.6000,3,1,5,20,1,1,1,2,1,3
SF,IH2003,2019-11-22 09:32:18.900,2954.4000,13342,0,71771580.000,0,-,-,-,-,2953.2000,2953.0000,2952.2000,2952.0000,2950.8000,2954.8000,2955.0000,2955.2000,2955.4000,2956.0000,1,3,5,20,1,4,1,1,2,1
SF,IH2003,2019-11-22 09:32:19.400,2954.4000,13342,0,71771580.000,0,-,-,-,-,2953.0000,2952.2000,2952.0000,2950.8000,2950.2000,2954.6000,2954.8000,2955.2000,2955.4000,2956.0000,3,5,20,1,2,5,9,1,2,1
SF,IH2003,2019-11-22 09:32:19.900,2954.4000,13342,0,71771580.000,0,-,-,-,-,2953.0000,2952.2000,2952.0000,2950.8000,2950.2000,2954.4000,2954.6000,2954.8000,2955.2000,2955.4000,2,5,20,1,2,3,5,8,1,2
SF,IH2003,2019-11-22 09:32:20.400,2954.4000,13342,0,71771580.000,0,-,-,-,-,2953.2000,2953.0000,2952.2000,2952.0000,2950.8000,2954.4000,2954.6000,2954.8000,2955.2000,2955.4000,1,2,5,20,1,2,2,5,1,2
SF,IH2003,2019-11-22 09:32:20.900,2954.4000,13342,0,71771580.000,0,-,-,-,-,2953.0000,2952.2000,2952.0000,2950.8000,2950.2000,2954.4000,2954.6000,2954.8000,2955.2000,2955.4000,2,5,20,1,2,2,2,5,1,2
SF,IH2003,2019-11-22 09:32:21.400,2954.4000,13342,0,71771580.000,0,-,-,-,-,2953.2000,2953.0000,2952.2000,2952.0000,2950.8000,2954.4000,2954.6000,2954.8000,2955.2000,2955.4000,1,2,5,20,1,2,2,5,1,2
SF,IH2003,2019-11-22 09:32:21.900,2954.4000,13342,0,71771580.000,0,-,-,-,-,2953.0000,2952.2000,2952.0000,2950.8000,2950.2000,2954.2000,2954.4000,2954.6000,2954.8000,2955.2000,2,5,20,1,2,2,2,2,5,1
SF,IH2003,2019-11-22 09:32:23.400,2954.4000,13342,0,71771580.000,0,-,-,-,-,2953.0000,2952.2000,2952.0000,2950.8000,2950.2000,2954.2000,2954.6000,2954.8000,2955.2000,2955.4000,2,5,20,1,2,1,2,5,1,2
SF,IH2003,2019-11-22 09:32:23.900,2954.4000,13342,0,71771580.000,0,-,-,-,-,2953.2000,2953.0000,2952.2000,2952.0000,2950.8000,2954.2000,2954.6000,2954.8000,2955.2000,2955.4000,1,2,5,20,1,1,2,5,1,2
SF,IH2003,2019-11-22 09:32:24.400,2954.4000,13342,0,71771580.000,0,-,-,-,-,2953.2000,2953.0000,2952.2000,2952.0000,2950.8000,2954.2000,2954.6000,2954.8000,2955.2000,2955.4000,1,2,5,20,1,1,2,5,1,2
SF,IH2003,2019-11-22 09:32:25.400,2954.4000,13342,0,71771580.000,0,-,-,-,-,2953.2000,2953.0000,2952.2000,2952.0000,2950.8000,2954.2000,2954.6000,2954.8000,2955.2000,2955.4000,1,2,5,20,1,1,1,5,1,2
SF,IH2003,2019-11-22 09:32:28.900,2954.4000,13342,0,71771580.000,0,-,-,-,-,2953.2000,2953.0000,2952.2000,2952.0000,2950.8000,2954.2000,2954.6000,2954.8000,2955.2000,2955.4000,2,2,5,20,1,1,1,5,1,2
SF,IH2003,2019-11-22 09:32:29.400,2954.4000,13342,0,71771580.000,0,-,-,-,-,2953.2000,2953.0000,2952.2000,2952.0000,2950.8000,2954.0000,2954.2000,2954.6000,2954.8000,2955.2000,2,2,5,20,1,2,1,1,5,1
SF,IH2003,2019-11-22 09:32:29.900,2954.4000,13342,0,71771580.000,0,-,-,-,-,2953.2000,2953.0000,2952.2000,2952.0000,2950.8000,2954.0000,2954.6000,2954.8000,2955.2000,2955.4000,2,2,4,20,1,2,1,5,1,2
SF,IH2003,2019-11-22 09:32:30.400,2954.4000,13342,0,71771580.000,0,-,-,-,-,2953.2000,2953.0000,2952.2000,2952.0000,2950.8000,2954.0000,2954.6000,2954.8000,2955.2000,2955.4000,1,2,4,20,1,2,1,5,1,2
SF,IH2003,2019-11-22 09:32:30.900,2954.4000,13342,0,71771580.000,0,-,-,-,-,2953.2000,2953.0000,2952.2000,2952.0000,2950.8000,2953.8000,2954.0000,2954.6000,2954.8000,2955.2000,1,2,4,20,1,1,2,1,5,1
SF,IH2003,2019-11-22 09:32:31.400,2954.4000,13342,0,71771580.000,0,-,-,-,-,2953.2000,2953.0000,2952.2000,2952.0000,2950.8000,2953.8000,2954.0000,2954.4000,2954.6000,2954.8000,1,2,4,20,1,1,2,1,1,5
SF,IH2003,2019-11-22 09:32:32.900,2954.4000,13342,0,71771580.000,0,-,-,-,-,2953.2000,2953.0000,2952.2000,2952.0000,2950.8000,2953.8000,2954.0000,2954.6000,2954.8000,2955.2000,1,2,4,20,1,1,2,1,5,1
SF,IH2003,2019-11-22 09:32:33.400,2953.2000,13342,0,72657540.000,1,0,1,多换,S,2953.0000,2952.2000,2952.0000,2950.8000,2950.2000,2953.8000,2954.0000,2954.6000,2954.8000,2955.2000,2,4,20,1,2,1,2,1,5,1
SF,IH2003,2019-11-22 09:32:33.900,2954.0000,13341,-1,74429880.000,2,0,2,多平,S,2953.8000,2953.0000,2952.2000,2952.0000,2950.8000,2954.0000,2954.6000,2954.8000,2955.0000,2955.2000,1,2,5,20,1,1,1,5,1,1
SF,IH2003,2019-11-22 09:32:34.400,2954.0000,13339,-2,76202280.000,2,0,2,双平,S,2954.0000,2953.8000,2953.0000,2952.2000,2952.0000,2954.6000,2954.8000,2955.2000,2955.4000,2956.6000,3,2,2,4,20,1,5,1,2,3
SF,IH2003,2019-11-22 09:32:34.900,2954.0000,13339,0,76202280.000,0,-,-,-,-,2954.0000,2953.8000,2953.0000,2952.2000,2952.0000,2954.8000,2955.2000,2955.4000,2956.6000,2956.8000,4,1,2,4,20,5,1,2,3,1
SF,IH2003,2019-11-22 09:32:35.400,2954.0000,13339,0,76202280.000,0,-,-,-,-,2954.0000,2953.8000,2953.0000,2952.2000,2952.0000,2954.8000,2955.2000,2955.4000,2956.6000,2956.8000,4,1,2,4,20,3,1,2,3,1
SF,IH2003,2019-11-22 09:32:39.400,2954.0000,13339,0,76202280.000,0,-,-,-,-,2954.0000,2953.8000,2953.0000,2952.2000,2952.0000,2954.8000,2955.2000,2955.4000,2956.6000,2956.8000,3,1,2,4,20,3,1,2,3,1
SF,IH2003,2019-11-22 09:32:39.900,2954.0000,13339,0,76202280.000,0,-,-,-,-,2954.0000,2953.8000,2953.0000,2952.2000,2952.0000,2954.4000,2954.8000,2955.2000,2955.4000,2956.6000,2,1,2,4,20,1,3,1,2,3
SF,IH2003,2019-11-22 09:32:40.400,2954.0000,13339,0,76202280.000,0,-,-,-,-,2954.0000,2953.8000,2953.0000,2952.2000,2952.0000,2954.8000,2955.2000,2955.4000,2956.6000,2956.8000,2,1,2,4,20,3,1,2,3,1
SF,IH2003,2019-11-22 09:32:41.400,2954.0000,13338,-1,77088480.000,1,0,1,双平,S,2953.8000,2953.0000,2952.2000,2952.0000,2950.8000,2954.8000,2955.2000,2955.4000,2956.6000,2956.8000,1,2,4,20,1,3,1,2,3,1
SF,IH2003,2019-11-22 09:32:41.900,2954.0000,13338,0,77088480.000,0,-,-,-,-,2953.8000,2953.0000,2952.2000,2952.0000,2950.8000,2954.4000,2954.8000,2955.2000,2955.4000,2956.6000,1,2,4,20,1,1,3,1,2,3
SF,IH2003,2019-11-22 09:32:42.400,2954.0000,13338,0,77088480.000,0,-,-,-,-,2953.8000,2953.0000,2952.2000,2952.0000,2950.8000,2954.8000,2955.2000,2955.4000,2956.6000,2956.8000,1,2,4,20,1,3,1,2,3,1
SF,IH2003,2019-11-22 09:32:42.900,2954.0000,13338,0,77088480.000,0,-,-,-,-,2953.0000,2952.2000,2952.0000,2950.8000,2950.2000,2954.8000,2955.2000,2955.4000,2956.6000,2956.8000,2,4,20,1,2,3,1,2,3,1
SF,IH2003,2019-11-22 09:32:43.400,2954.0000,13338,0,77088480.000,0,-,-,-,-,2953.2000,2953.0000,2952.2000,2952.0000,2950.8000,2953.8000,2954.6000,2954.8000,2955.2000,2955.4000,2,2,4,20,1,1,5,3,1,2
SF,IH2003,2019-11-22 09:32:43.900,2953.2000,13338,0,77974440.000,1,0,1,多换,S,2953.0000,2952.2000,2952.0000,2950.8000,2950.2000,2953.8000,2954.6000,2954.8000,2955.2000,2955.4000,2,4,20,1,2,1,3,3,1,2
SF,IH2003,2019-11-22 09:32:44.400,2953.0000,13339,1,78860340.000,1,1,0,双开,S,2953.0000,2952.2000,2952.0000,2950.8000,2950.2000,2953.2000,2953.8000,2954.6000,2954.8000,2955.2000,1,4,20,1,2,1,1,3,3,1
SF,IH2003,2019-11-22 09:32:44.900,2953.0000,13339,0,78860340.000,0,-,-,-,-,2953.0000,2952.2000,2952.0000,2950.8000,2950.2000,2953.8000,2954.6000,2954.8000,2955.2000,2955.4000,1,2,20,1,2,1,3,3,1,2
SF,IH2003,2019-11-22 09:32:45.400,2953.0000,13339,0,78860340.000,0,-,-,-,-,2953.0000,2952.2000,2952.0000,2950.8000,2950.2000,2953.4000,2953.8000,2954.6000,2954.8000,2955.2000,1,2,20,1,2,1,1,3,3,1
SF,IH2003,2019-11-22 09:32:45.900,2953.0000,13339,0,78860340.000,0,-,-,-,-,2953.0000,2952.0000,2950.8000,2950.2000,2950.0000,2953.6000,2953.8000,2954.6000,2954.8000,2955.2000,1,20,1,2,3,2,1,3,3,1
SF,IH2003,2019-11-22 09:32:46.400,2953.0000,13339,0,78860340.000,0,-,-,-,-,2953.0000,2952.0000,2950.8000,2950.2000,2950.0000,2953.8000,2954.6000,2954.8000,2955.2000,2955.4000,1,20,1,2,3,1,3,3,1,2
SF,IH2003,2019-11-22 09:32:46.900,2953.0000,13339,0,78860340.000,0,-,-,-,-,2953.0000,2952.0000,2950.8000,2950.2000,2950.0000,2953.4000,2953.8000,2954.6000,2954.8000,2955.2000,1,20,1,2,3,1,1,3,3,1
SF,IH2003,2019-11-22 09:32:47.400,2953.0000,13339,0,78860340.000,0,-,-,-,-,2953.0000,2952.0000,2950.8000,2950.2000,2950.0000,2953.8000,2954.6000,2954.8000,2955.2000,2955.4000,1,20,1,2,3,1,3,3,1,1
SF,IH2003,2019-11-22 09:32:47.900,2953.0000,13339,0,78860340.000,0,-,-,-,-,2953.0000,2952.0000,2950.8000,2950.2000,2950.0000,2953.6000,2953.8000,2954.6000,2954.8000,2955.2000,1,20,1,2,3,2,1,3,3,1
SF,IH2003,2019-11-22 09:32:48.400,2953.0000,13339,0,78860340.000,0,-,-,-,-,2953.0000,2952.0000,2950.8000,2950.2000,2950.0000,2953.4000,2953.6000,2953.8000,2954.6000,2954.8000,1,20,1,2,3,1,2,1,3,3
SF,IH2003,2019-11-22 09:32:48.900,2953.0000,13339,0,78860340.000,0,-,-,-,-,2953.0000,2952.0000,2950.8000,2950.2000,2950.0000,2953.6000,2953.8000,2954.6000,2954.8000,2955.2000,1,20,1,2,3,2,1,3,3,1
SF,IH2003,2019-11-22 09:32:49.400,2953.0000,13339,0,78860340.000,0,-,-,-,-,2953.0000,2952.0000,2950.8000,2950.2000,2950.0000,2953.8000,2954.6000,2954.8000,2955.2000,2955.4000,1,20,1,2,3,1,3,3,1,1
SF,IH2003,2019-11-22 09:32:51.400,2953.0000,13339,0,78860340.000,0,-,-,-,-,2953.0000,2952.0000,2950.8000,2950.2000,2950.0000,2953.8000,2954.6000,2954.8000,2955.2000,2955.4000,1,20,1,2,3,1,3,3,1,1
SF,IH2003,2019-11-22 09:32:52.900,2953.0000,13339,0,78860340.000,0,-,-,-,-,2953.2000,2953.0000,2952.0000,2950.8000,2950.2000,2954.0000,2954.6000,2954.8000,2955.2000,2955.4000,1,1,20,1,2,1,3,3,1,1
SF,IH2003,2019-11-22 09:32:53.400,2953.0000,13339,0,78860340.000,0,-,-,-,-,2953.2000,2953.0000,2952.0000,2950.8000,2950.2000,2953.8000,2954.0000,2954.6000,2954.8000,2955.2000,1,1,20,1,2,1,1,3,3,1
SF,IH2003,2019-11-22 09:32:53.900,2953.0000,13339,0,78860340.000,0,-,-,-,-,2953.2000,2953.0000,2952.0000,2950.8000,2950.2000,2954.0000,2954.6000,2954.8000,2955.2000,2955.4000,1,1,20,1,2,1,3,3,1,2
SF,IH2003,2019-11-22 09:32:54.400,2953.0000,13338,-1,80632140.000,2,0,2,多平,S,2952.0000,2950.8000,2950.2000,2950.0000,2949.0000,2954.0000,2954.6000,2954.8000,2955.2000,2955.4000,20,1,2,3,1,1,3,3,1,2
SF,IH2003,2019-11-22 09:32:54.900,2953.0000,13338,0,80632140.000,0,-,-,-,-,2952.4000,2952.2000,2952.0000,2950.8000,2950.2000,2953.8000,2954.0000,2954.6000,2954.8000,2955.2000,1,2,20,1,2,7,1,3,3,1
SF,IH2003,2019-11-22 09:32:55.400,2953.0000,13338,0,80632140.000,0,-,-,-,-,2952.6000,2952.4000,2952.2000,2952.0000,2950.8000,2953.8000,2954.0000,2954.6000,2954.8000,2955.2000,2,1,5,20,1,1,1,3,3,1
SF,IH2003,2019-11-22 09:32:55.900,2953.0000,13338,0,80632140.000,0,-,-,-,-,2952.8000,2952.6000,2952.2000,2952.0000,2950.8000,2953.8000,2954.0000,2954.6000,2954.8000,2955.2000,1,2,4,20,1,1,1,3,3,1
SF,IH2003,2019-11-22 09:32:56.400,2953.0000,13338,0,80632140.000,0,-,-,-,-,2953.0000,2952.8000,2952.2000,2952.0000,2950.8000,2954.0000,2954.6000,2954.8000,2955.2000,2955.4000,1,1,4,20,1,1,3,3,1,2
SF,IH2003,2019-11-22 09:32:56.900,2953.0000,13338,0,80632140.000,0,-,-,-,-,2953.2000,2953.0000,2952.8000,2952.2000,2952.0000,2954.0000,2954.6000,2954.8000,2955.2000,2955.4000,1,1,1,4,20,1,3,3,1,2
SF,IH2003,2019-11-22 09:32:57.400,2953.0000,13338,0,80632140.000,0,-,-,-,-,2953.2000,2953.0000,2952.2000,2952.0000,2950.8000,2954.0000,2954.6000,2954.8000,2955.2000,2955.4000,1,1,4,20,1,1,3,3,1,2
SF,IH2003,2019-11-22 09:33:00.400,2953.2000,13337,-1,82404300.000,2,0,2,多平,S,2953.0000,2952.2000,2952.0000,2950.8000,2950.2000,2954.6000,2954.8000,2955.2000,2955.4000,2956.6000,1,5,20,1,2,3,3,2,2,1
SF,IH2003,2019-11-22 09:33:00.900,2953.2000,13337,0,82404300.000,0,-,-,-,-,2954.0000,2953.2000,2953.0000,2952.2000,2952.0000,2954.4000,2954.8000,2955.2000,2955.4000,2956.6000,2,7,1,4,20,1,1,1,2,1
SF,IH2003,2019-11-22 09:33:01.400,2953.2000,13337,0,82404300.000,0,-,-,-,-,2953.2000,2953.0000,2952.2000,2952.0000,2950.8000,2954.8000,2955.2000,2955.4000,2956.6000,2956.8000,5,1,4,20,1,1,1,2,1,1
SF,IH2003,2019-11-22 09:33:01.900,2953.2000,13337,0,82404300.000,0,-,-,-,-,2953.4000,2953.2000,2952.2000,2952.0000,2950.8000,2954.6000,2955.2000,2955.4000,2956.6000,2956.8000,2,5,4,20,1,2,1,2,1,1
SF,IH2003,2019-11-22 09:33:02.400,2953.2000,13337,0,82404300.000,0,-,-,-,-,2953.8000,2953.6000,2953.4000,2953.2000,2952.2000,2954.6000,2955.2000,2955.4000,2956.6000,2956.8000,1,1,1,5,4,2,1,2,1,1
SF,IH2003,2019-11-22 09:33:02.900,2953.2000,13337,0,82404300.000,0,-,-,-,-,2953.8000,2953.2000,2952.2000,2952.0000,2950.8000,2954.6000,2955.2000,2955.4000,2956.6000,2956.8000,1,5,4,20,1,1,1,2,1,1
SF,IH2003,2019-11-22 09:33:03.400,2953.2000,13337,0,82404300.000,0,-,-,-,-,2953.8000,2953.2000,2952.2000,2952.0000,2950.8000,2954.6000,2955.2000,2955.4000,2956.6000,2956.8000,1,5,4,20,1,1,1,2,1,1
SF,IH2003,2019-11-22 09:33:04.900,2953.2000,13337,0,82404300.000,0,-,-,-,-,2953.8000,2953.2000,2952.2000,2952.0000,2950.8000,2954.2000,2954.6000,2955.2000,2955.4000,2956.6000,1,1,4,20,1,1,1,1,2,1
SF,IH2003,2019-11-22 09:33:05.400,2953.2000,13337,0,82404300.000,0,-,-,-,-,2953.2000,2952.2000,2952.0000,2950.8000,2950.2000,2953.8000,2954.2000,2955.2000,2955.4000,2956.6000,1,4,20,1,2,1,1,1,2,1
SF,IH2003,2019-11-22 09:33:05.900,2953.2000,13337,0,82404300.000,0,-,-,-,-,2953.6000,2953.2000,2952.2000,2952.0000,2950.8000,2954.2000,2955.2000,2955.4000,2956.6000,2956.8000,1,1,4,20,1,1,1,2,1,1
SF,IH2003,2019-11-22 09:33:06.400,2953.2000,13337,0,82404300.000,0,-,-,-,-,2953.6000,2952.2000,2952.0000,2950.8000,2950.2000,2954.0000,2954.2000,2955.2000,2955.4000,2956.6000,1,4,20,1,2,1,1,1,2,1
SF,IH2003,2019-11-22 09:33:06.900,2954.0000,13336,-1,83290500.000,1,0,1,双平,S,2954.0000,2953.6000,2952.8000,2952.2000,2952.0000,2954.2000,2955.2000,2955.4000,2955.8000,2956.6000,1,1,1,4,20,1,1,2,1,1
SF,IH2003,2019-11-22 09:33:07.400,2954.0000,13335,-1,84176700.000,1,0,1,双平,S,2953.6000,2952.2000,2952.0000,2950.8000,2950.2000,2954.2000,2955.2000,2955.4000,2956.6000,2956.8000,1,4,20,1,2,1,1,2,1,1
SF,IH2003,2019-11-22 09:33:10.900,2953.6000,13334,-1,85062780.000,1,0,1,双平,S,2952.2000,2952.0000,2950.8000,2950.2000,2950.0000,2954.2000,2955.2000,2955.4000,2956.6000,2956.8000,4,20,1,2,3,1,1,2,1,1
SF,IH2003,2019-11-22 09:33:11.400,2953.6000,13334,0,85062780.000,0,-,-,-,-,2952.8000,2952.6000,2952.4000,2952.2000,2952.0000,2953.6000,2954.0000,2954.2000,2955.2000,2955.4000,1,1,3,8,21,2,1,1,1,2
SF,IH2003,2019-11-22 09:33:11.900,2953.6000,13334,0,85062780.000,0,-,-,-,-,2952.8000,2952.6000,2952.4000,2952.2000,2952.0000,2953.6000,2954.0000,2954.2000,2955.2000,2955.4000,1,1,1,8,21,2,1,1,1,2
SF,IH2003,2019-11-22 09:33:12.400,2953.6000,13334,0,85062780.000,0,-,-,-,-,2952.6000,2952.4000,2952.2000,2952.0000,2950.8000,2953.6000,2954.0000,2954.2000,2955.2000,2955.4000,1,1,8,21,1,2,1,1,1,2
SF,IH2003,2019-11-22 09:33:12.900,2953.6000,13334,0,85062780.000,0,-,-,-,-,2952.8000,2952.6000,2952.4000,2952.2000,2952.0000,2953.6000,2954.0000,2954.2000,2955.2000,2955.4000,1,1,1,8,21,2,1,1,1,2
SF,IH2003,2019-11-22 09:33:13.400,2952.8000,13333,-1,85948620.000,1,0,1,双平,S,2952.6000,2952.4000,2952.2000,2952.0000,2950.8000,2952.8000,2953.6000,2954.0000,2954.2000,2955.2000,1,1,4,20,1,1,2,1,1,1
SF,IH2003,2019-11-22 09:33:13.900,2952.2000,13332,-1,87720060.000,2,0,2,多平,S,2952.2000,2952.0000,2950.8000,2950.2000,2950.0000,2952.6000,2952.8000,2953.6000,2954.0000,2954.2000,3,20,1,2,3,1,1,1,1,1
SF,IH2003,2019-11-22 09:33:14.400,2952.6000,13331,-1,88605840.000,1,0,1,双平,S,2952.0000,2950.8000,2950.2000,2950.0000,2949.0000,2952.8000,2953.6000,2954.0000,2954.2000,2955.2000,20,1,2,3,1,1,1,1,1,1
SF,IH2003,2019-11-22 09:33:15.900,2952.6000,13331,0,88605840.000,0,-,-,-,-,2952.0000,2950.8000,2950.2000,2950.0000,2949.0000,2952.6000,2952.8000,2953.6000,2954.0000,2954.2000,20,1,2,3,1,2,1,1,1,1
SF,IH2003,2019-11-22 09:33:16.400,2952.6000,13332,1,89491620.000,1,1,0,双开,S,2952.0000,2950.8000,2950.2000,2950.0000,2949.0000,2952.4000,2952.8000,2953.6000,2954.0000,2954.2000,20,1,2,3,1,1,1,1,1,1
SF,IH2003,2019-11-22 09:33:16.900,2952.0000,13332,0,95690820.000,7,3,4,多换,S,2952.0000,2950.8000,2950.2000,2950.0000,2949.0000,2952.8000,2953.6000,2954.0000,2954.2000,2955.2000,13,1,2,3,1,1,1,1,1,1
SF,IH2003,2019-11-22 09:33:17.400,2952.0000,13332,0,95690820.000,0,-,-,-,-,2952.0000,2950.8000,2950.2000,2950.0000,2949.0000,2952.6000,2952.8000,2953.6000,2954.0000,2954.2000,13,1,2,3,1,1,1,1,1,1
SF,IH2003,2019-11-22 09:33:17.900,2952.0000,13332,0,95690820.000,0,-,-,-,-,2952.0000,2950.8000,2950.2000,2950.0000,2949.0000,2952.6000,2952.8000,2953.6000,2954.0000,2954.2000,13,1,2,3,1,3,1,1,1,1
SF,IH2003,2019-11-22 09:33:20.400,2952.0000,13332,0,95690820.000,0,-,-,-,-,2952.0000,2950.8000,2950.2000,2950.0000,2949.0000,2952.6000,2952.8000,2953.6000,2954.0000,2955.2000,13,1,2,3,1,1,1,1,1,1
SF,IH2003,2019-11-22 09:33:20.900,2952.0000,13332,0,95690820.000,0,-,-,-,-,2952.0000,2950.8000,2950.2000,2950.0000,2949.0000,2952.8000,2953.6000,2954.0000,2955.2000,2955.4000,13,1,2,3,1,1,1,1,1,2
SF,IH2003,2019-11-22 09:33:21.900,2952.0000,13332,0,95690820.000,0,-,-,-,-,2952.0000,2950.8000,2950.2000,2950.0000,2949.0000,2952.8000,2953.6000,2954.0000,2955.2000,2955.4000,13,1,2,3,1,1,1,1,1,1
SF,IH2003,2019-11-22 09:33:22.400,2952.0000,13332,0,95690820.000,0,-,-,-,-,2952.0000,2950.8000,2950.2000,2950.0000,2949.0000,2952.6000,2952.8000,2953.6000,2954.0000,2955.2000,13,1,2,3,1,3,1,1,1,1
SF,IH2003,2019-11-22 09:33:22.900,2952.0000,13332,0,95690820.000,0,-,-,-,-,2952.0000,2950.8000,2950.2000,2950.0000,2949.0000,2952.6000,2953.6000,2954.0000,2955.2000,2955.4000,13,1,2,3,1,3,1,1,1,1
SF,IH2003,2019-11-22 09:33:23.400,2952.0000,13332,0,95690820.000,0,-,-,-,-,2952.6000,2952.0000,2950.8000,2950.2000,2950.0000,2953.6000,2954.0000,2955.2000,2955.4000,2956.8000,1,13,1,2,3,1,1,1,1,1
SF,IH2003,2019-11-22 09:33:23.900,2952.6000,13330,-2,97462380.000,2,0,2,双平,S,2952.0000,2950.8000,2950.2000,2950.0000,2949.0000,2952.8000,2953.2000,2953.4000,2953.6000,2954.0000,13,1,2,3,1,2,1,9,1,1
SF,IH2003,2019-11-22 09:33:24.400,2952.6000,13330,0,97462380.000,0,-,-,-,-,2952.0000,2950.8000,2950.2000,2950.0000,2949.0000,2952.8000,2953.4000,2953.6000,2954.0000,2955.2000,13,1,2,3,1,1,7,1,1,1
SF,IH2003,2019-11-22 09:33:24.900,2952.6000,13330,0,97462380.000,0,-,-,-,-,2952.6000,2952.0000,2950.8000,2950.2000,2950.0000,2953.4000,2953.6000,2954.0000,2955.2000,2955.4000,5,13,1,2,3,7,1,1,1,1
SF,IH2003,2019-11-22 09:33:25.400,2952.6000,13330,0,97462380.000,0,-,-,-,-,2952.6000,2952.0000,2950.8000,2950.2000,2950.0000,2953.2000,2953.4000,2953.6000,2954.0000,2955.2000,5,13,1,2,3,1,7,1,1,1
SF,IH2003,2019-11-22 09:33:25.900,2952.6000,13330,0,101005500.000,4,2,2,多换,S,2952.6000,2952.0000,2950.8000,2950.2000,2950.0000,2953.0000,2953.2000,2953.4000,2953.6000,2954.0000,1,13,1,2,3,3,2,7,1,1
SF,IH2003,2019-11-22 09:33:26.400,2952.6000,13330,0,101005500.000,0,-,-,-,-,2952.6000,2952.0000,2950.8000,2950.2000,2950.0000,2952.8000,2953.0000,2953.2000,2953.4000,2953.6000,1,13,1,2,3,1,2,1,7,1
SF,IH2003,2019-11-22 09:33:26.900,2952.6000,13330,0,101005500.000,0,-,-,-,-,2952.6000,2952.0000,2950.8000,2950.2000,2950.0000,2952.8000,2953.0000,2953.2000,2953.4000,2953.6000,1,13,1,2,3,1,3,1,7,1
SF,IH2003,2019-11-22 09:33:27.400,2952.6000,13330,0,101891280.000,1,0,1,多换,S,2952.0000,2950.8000,2950.2000,2950.0000,2949.0000,2952.6000,2952.8000,2953.0000,2953.2000,2953.4000,13,1,2,3,1,2,2,3,1,5
SF,IH2003,2019-11-22 09:33:27.900,2952.6000,13330,0,101891280.000,0,-,-,-,-,2952.6000,2952.0000,2950.8000,2950.2000,2950.0000,2952.8000,2953.0000,2953.2000,2953.4000,2953.6000,1,13,1,2,3,1,3,1,5,1
SF,IH2003,2019-11-22 09:33:28.400,2952.6000,13329,-1,102777060.000,1,0,1,双平,S,2952.0000,2950.8000,2950.2000,2950.0000,2949.0000,2952.6000,2952.8000,2953.0000,2953.2000,2953.4000,13,1,2,3,1,1,1,2,1,5
SF,IH2003,2019-11-22 09:33:28.900,2952.6000,13329,0,102777060.000,0,-,-,-,-,2952.0000,2950.8000,2950.2000,2950.0000,2949.0000,2952.6000,2952.8000,2953.0000,2953.2000,2953.4000,13,1,2,3,1,3,1,2,1,5
SF,IH2003,2019-11-22 09:33:33.900,2952.6000,13329,0,102777060.000,0,-,-,-,-,2952.0000,2950.8000,2950.2000,2950.0000,2949.0000,2952.6000,2952.8000,2953.0000,2953.2000,2953.4000,13,1,2,3,1,1,1,2,1,5
SF,IH2003,2019-11-22 09:33:34.400,2952.6000,13328,-1,103662840.000,1,0,1,双平,S,2952.6000,2952.0000,2950.8000,2950.2000,2950.0000,2952.8000,2953.0000,2953.2000,2953.4000,2953.6000,4,13,1,2,3,1,2,1,5,1
SF,IH2003,2019-11-22 09:33:34.900,2952.6000,13328,0,103662840.000,0,-,-,-,-,2952.8000,2952.6000,2952.0000,2950.8000,2950.2000,2953.0000,2953.2000,2953.4000,2953.6000,2954.0000,3,2,13,1,2,2,1,5,1,1
SF,IH2003,2019-11-22 09:33:35.400,2952.8000,13327,-1,104548680.000,1,0,1,双平,S,2952.8000,2952.6000,2952.0000,2950.8000,2950.2000,2953.0000,2953.2000,2953.4000,2953.6000,2954.0000,1,2,13,1,2,2,1,5,1,1
SF,IH2003,2019-11-22 09:33:36.400,2952.8000,13327,0,104548680.000,0,-,-,-,-,2952.8000,2952.6000,2952.0000,2950.8000,2950.2000,2953.0000,2953.2000,2953.4000,2953.6000,2954.0000,1,2,13,1,2,2,1,5,2,1
SF,IH2003,2019-11-22 09:33:36.900,2952.8000,13327,0,104548680.000,0,-,-,-,-,2952.8000,2952.6000,2952.0000,2950.8000,2950.2000,2953.0000,2953.4000,2953.6000,2954.0000,2955.2000,1,2,13,1,2,2,2,2,1,1
SF,IH2003,2019-11-22 09:33:37.400,2952.8000,13327,0,104548680.000,0,-,-,-,-,2952.6000,2952.0000,2950.8000,2950.2000,2950.0000,2953.0000,2953.4000,2953.6000,2954.0000,2955.2000,1,13,1,2,3,2,2,1,1,1
SF,IH2003,2019-11-22 09:33:39.400,2953.0000,13326,-1,105434580.000,1,0,1,双平,S,2952.6000,2952.0000,2950.8000,2950.2000,2950.0000,2953.4000,2953.6000,2954.0000,2955.2000,2955.4000,1,13,1,2,3,2,1,1,1,1
SF,IH2003,2019-11-22 09:33:39.900,2953.0000,13326,0,105434580.000,0,-,-,-,-,2952.6000,2952.0000,2950.8000,2950.2000,2950.0000,2953.6000,2954.0000,2955.2000,2955.4000,2956.8000,1,13,1,2,3,1,1,1,1,1
SF,IH2003,2019-11-22 09:33:41.900,2952.6000,13326,0,106320360.000,1,0,1,多换,S,2952.2000,2952.0000,2950.8000,2950.2000,2950.0000,2953.6000,2954.0000,2955.2000,2955.4000,2956.8000,1,13,1,2,3,1,1,1,1,1
SF,IH2003,2019-11-22 09:33:42.400,2952.6000,13326,0,106320360.000,0,-,-,-,-,2952.2000,2952.0000,2950.8000,2950.2000,2950.0000,2953.4000,2953.6000,2954.0000,2955.2000,2955.4000,1,13,1,2,3,1,1,1,1,1
SF,IH2003,2019-11-22 09:33:42.900,2952.6000,13326,0,106320360.000,0,-,-,-,-,2952.4000,2952.2000,2952.0000,2950.8000,2950.2000,2953.4000,2953.6000,2954.0000,2955.2000,2955.4000,2,1,13,1,2,1,1,1,1,1
SF,IH2003,2019-11-22 09:33:43.400,2952.6000,13326,0,106320360.000,0,-,-,-,-,2952.4000,2952.2000,2952.0000,2950.8000,2950.2000,2953.6000,2954.0000,2955.2000,2955.4000,2956.8000,1,1,13,1,2,2,1,1,1,1
SF,IH2003,2019-11-22 09:33:43.900,2952.6000,13326,0,106320360.000,0,-,-,-,-,2952.4000,2952.2000,2952.0000,2950.8000,2950.2000,2953.4000,2953.6000,2954.0000,2955.2000,2955.4000,1,1,13,1,2,1,2,1,1,1
SF,IH2003,2019-11-22 09:33:44.400,2952.6000,13326,0,106320360.000,0,-,-,-,-,2952.2000,2952.0000,2950.8000,2950.2000,2950.0000,2953.4000,2953.6000,2954.0000,2955.2000,2955.4000,1,13,1,2,3,1,2,1,1,1
SF,IH2003,2019-11-22 09:33:47.400,2952.2000,13327,1,107206020.000,1,1,0,双开,S,2952.0000,2950.8000,2950.2000,2950.0000,2949.0000,2953.4000,2953.6000,2954.0000,2955.2000,2955.4000,13,1,2,3,1,1,2,1,1,1
SF,IH2003,2019-11-22 09:33:47.900,2952.2000,13327,0,107206020.000,0,-,-,-,-,2952.0000,2950.8000,2950.2000,2950.0000,2949.0000,2953.2000,2953.4000,2953.6000,2954.0000,2955.2000,13,1,2,3,1,3,1,2,1,1
SF,IH2003,2019-11-22 09:33:49.400,2952.2000,13327,0,107206020.000,0,-,-,-,-,2952.0000,2950.8000,2950.2000,2950.0000,2949.0000,2953.2000,2953.4000,2953.6000,2954.0000,2955.2000,14,1,2,3,1,3,1,2,1,1
SF,IH2003,2019-11-22 09:33:51.400,2952.0000,13327,0,108091620.000,1,0,1,多换,S,2952.0000,2950.8000,2950.2000,2950.0000,2949.0000,2953.2000,2953.4000,2953.6000,2954.0000,2955.2000,13,1,2,3,1,3,1,2,1,1
SF,IH2003,2019-11-22 09:33:51.900,2952.0000,13327,0,108091620.000,0,-,-,-,-,2952.2000,2952.0000,2950.8000,2950.2000,2950.0000,2953.2000,2953.4000,2953.6000,2954.0000,2955.2000,2,13,1,2,3,3,1,2,1,1
SF,IH2003,2019-11-22 09:33:52.400,2952.0000,13327,0,108091620.000,0,-,-,-,-,2952.2000,2952.0000,2950.8000,2950.2000,2950.0000,2953.2000,2953.4000,2953.6000,2954.0000,2955.2000,1,13,1,2,3,1,1,2,1,1
SF,IH2003,2019-11-22 09:33:54.900,2952.0000,13327,0,108977220.000,1,0,1,多换,S,2952.0000,2951.6000,2950.8000,2950.2000,2950.0000,2953.2000,2953.4000,2953.6000,2954.0000,2955.2000,13,1,1,2,3,1,1,2,1,1
SF,IH2003,2019-11-22 09:33:55.400,2952.0000,13327,0,108977220.000,0,-,-,-,-,2952.0000,2950.8000,2950.2000,2950.0000,2949.0000,2953.2000,2953.4000,2953.6000,2954.0000,2955.2000,12,1,2,2,1,1,1,2,1,1
SF,IH2003,2019-11-22 09:33:55.900,2952.0000,13327,0,108977220.000,0,-,-,-,-,2952.0000,2950.8000,2950.2000,2950.0000,2949.0000,2953.0000,2953.2000,2953.4000,2953.6000,2954.0000,12,1,2,2,1,1,1,1,2,1
SF,IH2003,2019-11-22 09:33:56.400,2952.0000,13327,0,108977220.000,0,-,-,-,-,2952.0000,2950.8000,2950.2000,2950.0000,2949.0000,2952.8000,2953.0000,2953.6000,2954.0000,2955.2000,12,1,2,2,1,2,1,2,1,1
SF,IH2003,2019-11-22 09:33:57.400,2952.0000,13327,0,108977220.000,0,-,-,-,-,2952.0000,2950.8000,2950.2000,2950.0000,2949.0000,2952.8000,2953.6000,2954.0000,2955.2000,2955.4000,12,1,2,2,1,2,2,1,1,1
SF,IH2003,2019-11-22 09:33:58.400,2952.0000,13327,0,108977220.000,0,-,-,-,-,2952.0000,2950.8000,2950.2000,2950.0000,2949.0000,2952.8000,2953.0000,2953.6000,2954.0000,2955.2000,12,1,2,1,1,2,1,1,1,1
SF,IH2003,2019-11-22 09:34:01.900,2952.0000,13327,0,108977220.000,0,-,-,-,-,2952.2000,2952.0000,2950.8000,2950.2000,2950.0000,2952.8000,2953.0000,2953.6000,2954.0000,2955.2000,1,12,1,2,1,2,1,1,1,1
SF,IH2003,2019-11-22 09:34:02.400,2952.0000,13328,1,113405280.000,5,3,2,空开,S,2952.0000,2950.8000,2950.0000,2949.0000,2948.2000,2952.2000,2952.4000,2952.6000,2952.8000,2953.6000,8,1,1,1,1,4,7,10,2,1
SF,IH2003,2019-11-22 09:34:02.900,2952.0000,13329,1,120490080.000,8,4,4,空开,S,2951.0000,2950.8000,2950.0000,2949.0000,2948.2000,2951.6000,2952.0000,2952.2000,2952.6000,2953.6000,1,1,1,1,1,1,1,1,7,1
SF,IH2003,2019-11-22 09:34:03.400,2951.0000,13327,-2,122260860.000,2,0,2,双平,S,2950.8000,2950.0000,2949.0000,2948.2000,2948.0000,2952.2000,2952.6000,2953.6000,2954.0000,2955.2000,2,1,1,1,1,2,7,1,1,1
SF,IH2003,2019-11-22 09:34:03.900,2951.0000,13327,0,122260860.000,0,-,-,-,-,2951.0000,2950.8000,2950.0000,2949.6000,2949.0000,2952.0000,2952.2000,2952.6000,2953.6000,2954.0000,1,2,1,1,1,1,1,7,1,1
SF,IH2003,2019-11-22 09:34:04.400,2951.0000,13327,0,122260860.000,0,-,-,-,-,2950.8000,2950.0000,2949.6000,2949.0000,2948.2000,2952.6000,2953.6000,2954.0000,2955.2000,2955.4000,1,1,1,1,1,7,1,1,1,1
SF,IH2003,2019-11-22 09:34:04.900,2951.0000,13327,0,122260860.000,0,-,-,-,-,2950.8000,2950.0000,2949.6000,2949.0000,2948.2000,2952.2000,2952.4000,2952.6000,2953.6000,2955.2000,1,1,1,1,1,3,3,7,1,1
SF,IH2003,2019-11-22 09:34:05.400,2951.0000,13327,0,122260860.000,0,-,-,-,-,2950.8000,2950.0000,2949.6000,2949.0000,2948.2000,2952.0000,2952.2000,2952.4000,2952.6000,2953.6000,1,1,1,1,1,3,3,2,6,1
SF,IH2003,2019-11-22 09:34:05.900,2951.0000,13327,0,122260860.000,0,-,-,-,-,2951.0000,2950.8000,2950.0000,2949.6000,2949.0000,2951.8000,2952.0000,2952.4000,2952.6000,2953.6000,1,1,1,1,1,1,3,1,6,1
SF,IH2003,2019-11-22 09:34:06.400,2951.0000,13327,0,122260860.000,0,-,-,-,-,2951.0000,2950.8000,2950.0000,2949.6000,2949.0000,2951.8000,2952.0000,2952.4000,2952.6000,2953.6000,1,1,1,1,1,1,2,1,6,1
SF,IH2003,2019-11-22 09:34:06.900,2951.0000,13327,0,122260860.000,0,-,-,-,-,2950.8000,2950.0000,2949.6000,2949.0000,2948.2000,2951.6000,2951.8000,2952.0000,2952.4000,2952.6000,1,1,1,1,1,2,1,2,1,6
SF,IH2003,2019-11-22 09:34:07.400,2950.8000,13326,-1,123146100.000,1,0,1,双平,S,2950.0000,2949.6000,2949.0000,2948.2000,2948.0000,2951.4000,2951.6000,2952.0000,2952.4000,2952.6000,1,1,1,1,1,1,7,2,1,3
SF,IH2003,2019-11-22 09:34:07.900,2950.8000,13326,0,123146100.000,0,-,-,-,-,2950.6000,2950.2000,2950.0000,2949.6000,2949.0000,2951.2000,2951.6000,2952.0000,2952.4000,2952.6000,1,2,1,1,1,2,5,2,1,3
SF,IH2003,2019-11-22 09:34:08.400,2950.8000,13326,0,123146100.000,0,-,-,-,-,2950.0000,2949.6000,2949.0000,2948.2000,2948.0000,2951.2000,2951.6000,2952.0000,2952.4000,2952.6000,1,1,1,1,1,1,5,2,1,3
SF,IH2003,2019-11-22 09:34:08.900,2950.8000,13326,0,123146100.000,0,-,-,-,-,2950.2000,2950.0000,2949.6000,2949.0000,2948.2000,2951.2000,2951.6000,2952.0000,2952.4000,2952.6000,1,1,1,1,1,1,5,2,1,3
SF,IH2003,2019-11-22 09:34:09.400,2950.8000,13326,0,123146100.000,0,-,-,-,-,2950.2000,2950.0000,2949.6000,2949.0000,2948.2000,2951.2000,2951.6000,2951.8000,2952.0000,2952.4000,1,1,1,1,1,1,5,1,2,1
SF,IH2003,2019-11-22 09:34:11.900,2950.2000,13325,-1,124031160.000,1,0,1,双平,S,2950.0000,2949.8000,2949.6000,2949.0000,2948.2000,2951.2000,2951.6000,2951.8000,2952.0000,2952.4000,1,1,1,1,1,1,5,1,2,1
SF,IH2003,2019-11-22 09:34:12.400,2950.2000,13325,0,124031160.000,0,-,-,-,-,2950.0000,2949.6000,2949.0000,2948.2000,2948.0000,2951.0000,2951.2000,2951.6000,2951.8000,2952.0000,1,1,1,1,1,1,1,5,1,2
SF,IH2003,2019-11-22 09:34:12.900,2950.2000,13325,0,124031160.000,0,-,-,-,-,2950.4000,2950.2000,2950.0000,2949.6000,2949.0000,2951.0000,2951.6000,2951.8000,2952.0000,2952.4000,1,1,1,1,1,1,5,1,2,1
SF,IH2003,2019-11-22 09:34:13.400,2950.2000,13325,0,124031160.000,0,-,-,-,-,2950.0000,2949.6000,2949.0000,2948.2000,2948.0000,2951.0000,2951.6000,2951.8000,2952.0000,2952.4000,1,1,1,1,1,1,5,1,2,1
SF,IH2003,2019-11-22 09:34:13.900,2950.2000,13325,0,124031160.000,0,-,-,-,-,2950.0000,2949.0000,2948.2000,2948.0000,2946.8000,2951.6000,2951.8000,2952.0000,2952.4000,2952.6000,1,1,1,1,1,5,1,2,1,3
SF,IH2003,2019-11-22 09:34:14.400,2950.2000,13325,0,124031160.000,0,-,-,-,-,2950.0000,2949.0000,2948.2000,2948.0000,2946.8000,2951.2000,2951.4000,2951.6000,2951.8000,2952.0000,1,1,1,1,1,3,3,5,1,2
SF,IH2003,2019-11-22 09:34:14.900,2950.2000,13325,0,124031160.000,0,-,-,-,-,2950.0000,2949.0000,2948.2000,2948.0000,2946.8000,2951.2000,2951.4000,2951.6000,2951.8000,2952.0000,1,1,1,1,1,3,3,5,1,2
SF,IH2003,2019-11-22 09:34:15.400,2950.2000,13325,0,124031160.000,0,-,-,-,-,2950.0000,2949.0000,2948.2000,2948.0000,2946.8000,2951.0000,2951.2000,2951.4000,2951.6000,2951.8000,1,1,1,1,1,2,3,2,4,1
SF,IH2003,2019-11-22 09:34:15.900,2950.2000,13325,0,124031160.000,0,-,-,-,-,2950.0000,2949.0000,2948.2000,2948.0000,2946.8000,2950.8000,2951.0000,2951.4000,2951.6000,2951.8000,1,1,1,1,1,2,1,2,4,1
SF,IH2003,2019-11-22 09:34:17.400,2950.8000,13325,0,124916400.000,1,0,1,多换,S,2950.0000,2949.0000,2948.2000,2948.0000,2946.8000,2950.8000,2951.4000,2951.6000,2951.8000,2952.0000,1,1,1,1,1,1,2,4,1,2
SF,IH2003,2019-11-22 09:34:17.900,2950.8000,13325,0,124916400.000,0,-,-,-,-,2950.8000,2950.4000,2950.2000,2950.0000,2949.0000,2951.4000,2951.6000,2951.8000,2952.0000,2952.6000,1,1,1,1,1,1,4,1,2,3
SF,IH2003,2019-11-22 09:34:18.400,2950.8000,13325,0,124916400.000,0,-,-,-,-,2950.8000,2950.0000,2949.0000,2948.2000,2948.0000,2951.2000,2951.6000,2951.8000,2952.0000,2952.6000,1,1,1,1,1,1,4,1,2,3
SF,IH2003,2019-11-22 09:34:18.900,2950.8000,13325,0,124916400.000,0,-,-,-,-,2950.0000,2949.0000,2948.2000,2948.0000,2946.8000,2951.2000,2951.6000,2951.8000,2952.0000,2952.6000,1,1,1,1,1,1,4,1,2,3
SF,IH2003,2019-11-22 09:34:19.400,2950.8000,13325,0,124916400.000,0,-,-,-,-,2950.6000,2950.2000,2950.0000,2949.0000,2948.2000,2951.2000,2951.6000,2951.8000,2952.0000,2952.6000,1,1,1,1,1,1,4,1,2,3
SF,IH2003,2019-11-22 09:34:19.900,2950.8000,13325,0,124916400.000,0,-,-,-,-,2950.2000,2950.0000,2949.0000,2948.2000,2948.0000,2951.2000,2951.6000,2952.0000,2952.6000,2954.0000,1,1,1,1,1,1,4,2,3,1
SF,IH2003,2019-11-22 09:34:22.900,2950.2000,13324,-1,125801460.000,1,0,1,双平,S,2950.0000,2949.0000,2948.2000,2948.0000,2946.8000,2951.2000,2951.6000,2952.0000,2952.6000,2954.0000,1,1,1,1,1,1,4,2,3,1
SF,IH2003,2019-11-22 09:34:23.400,2950.2000,13324,0,125801460.000,0,-,-,-,-,2950.6000,2950.2000,2950.0000,2949.0000,2948.2000,2951.2000,2951.6000,2952.0000,2952.6000,2954.0000,1,1,1,1,1,1,4,2,3,1
SF,IH2003,2019-11-22 09:34:23.900,2950.2000,13324,0,125801460.000,0,-,-,-,-,2950.0000,2949.0000,2948.2000,2948.0000,2946.8000,2951.0000,2951.2000,2951.6000,2952.0000,2952.6000,1,1,1,1,1,3,1,4,2,3
SF,IH2003,2019-11-22 09:34:24.400,2950.2000,13324,0,125801460.000,0,-,-,-,-,2950.0000,2949.0000,2948.2000,2948.0000,2946.8000,2950.8000,2951.0000,2951.6000,2952.0000,2952.6000,1,1,1,1,1,3,2,4,2,3
SF,IH2003,2019-11-22 09:34:24.900,2950.2000,13324,0,125801460.000,0,-,-,-,-,2950.6000,2950.0000,2949.0000,2948.2000,2948.0000,2950.8000,2951.0000,2951.6000,2952.0000,2952.6000,1,1,1,1,1,3,1,4,2,3
SF,IH2003,2019-11-22 09:34:25.400,2950.6000,13324,0,126686640.000,1,0,1,多换,S,2950.0000,2949.0000,2948.2000,2948.0000,2946.8000,2950.8000,2951.0000,2951.6000,2952.0000,2952.6000,1,1,1,1,1,4,1,4,2,3
SF,IH2003,2019-11-22 09:34:27.900,2950.0000,13325,1,127571640.000,1,1,0,双开,S,2949.0000,2948.2000,2948.0000,2946.8000,2945.0000,2950.8000,2951.0000,2951.6000,2952.0000,2952.6000,1,1,1,1,2,4,1,4,2,3
SF,IH2003,2019-11-22 09:34:28.400,2950.0000,13325,0,127571640.000,0,-,-,-,-,2949.4000,2949.2000,2949.0000,2948.2000,2948.0000,2950.0000,2950.6000,2950.8000,2951.6000,2952.0000,2,12,1,1,1,3,1,3,4,2
SF,IH2003,2019-11-22 09:34:28.900,2950.0000,13324,-1,131111640.000,4,1,3,多平,S,2949.6000,2949.4000,2949.2000,2949.0000,2948.2000,2950.6000,2951.6000,2952.0000,2952.6000,2954.0000,2,2,8,1,1,1,4,2,3,1
SF,IH2003,2019-11-22 09:34:29.400,2950.0000,13324,0,131111640.000,0,-,-,-,-,2949.8000,2949.6000,2949.2000,2949.0000,2948.2000,2950.4000,2951.6000,2952.0000,2952.6000,2954.0000,1,1,8,1,1,2,4,2,3,1
SF,IH2003,2019-11-22 09:34:29.900,2950.0000,13324,0,131111640.000,0,-,-,-,-,2949.8000,2949.2000,2949.0000,2948.2000,2948.0000,2950.4000,2951.6000,2952.0000,2952.6000,2954.0000,1,8,1,1,1,2,4,2,3,1
SF,IH2003,2019-11-22 09:34:30.400,2950.0000,13324,0,131111640.000,0,-,-,-,-,2950.0000,2949.8000,2949.2000,2949.0000,2948.0000,2950.4000,2951.6000,2952.0000,2952.6000,2954.0000,2,1,8,1,1,2,4,2,3,1
SF,IH2003,2019-11-22 09:34:30.900,2950.4000,13322,-2,132881880.000,2,0,2,双平,S,2950.0000,2949.8000,2949.6000,2949.2000,2949.0000,2951.0000,2951.6000,2952.0000,2952.6000,2954.0000,2,1,1,8,1,1,4,2,3,1
SF,IH2003,2019-11-22 09:34:31.400,2950.4000,13322,0,132881880.000,0,-,-,-,-,2950.0000,2949.8000,2949.2000,2949.0000,2948.0000,2951.0000,2951.6000,2952.0000,2952.6000,2954.0000,1,1,8,1,1,1,4,2,3,1
SF,IH2003,2019-11-22 09:34:31.900,2950.4000,13322,0,132881880.000,0,-,-,-,-,2950.0000,2949.2000,2949.0000,2948.0000,2946.8000,2951.0000,2951.6000,2952.0000,2952.6000,2954.0000,1,8,1,1,1,1,4,2,3,1
SF,IH2003,2019-11-22 09:34:33.400,2950.4000,13322,0,132881880.000,0,-,-,-,-,2950.2000,2950.0000,2949.2000,2949.0000,2948.0000,2951.0000,2951.6000,2952.0000,2952.6000,2955.2000,1,1,8,1,1,1,4,2,3,1
SF,IH2003,2019-11-22 09:34:36.900,2951.0000,13321,-1,133767180.000,1,0,1,双平,S,2951.0000,2950.2000,2950.0000,2949.2000,2949.0000,2951.4000,2951.6000,2952.0000,2952.6000,2955.2000,2,1,2,8,1,1,4,2,3,1
SF,IH2003,2019-11-22 09:34:37.400,2951.6000,13318,-3,137309040.000,4,0,4,多平,S,2951.0000,2950.2000,2950.0000,2949.2000,2949.0000,2952.2000,2952.6000,2955.2000,2955.4000,2956.8000,3,1,1,6,1,1,3,1,1,1
SF,IH2003,2019-11-22 09:34:37.900,2951.6000,13318,0,137309040.000,0,-,-,-,-,2951.0000,2950.2000,2950.0000,2949.2000,2949.0000,2951.4000,2952.2000,2952.6000,2955.2000,2955.4000,2,1,1,6,1,1,1,3,1,1
SF,IH2003,2019-11-22 09:34:38.400,2951.6000,13318,0,137309040.000,0,-,-,-,-,2951.0000,2950.2000,2950.0000,2949.2000,2949.0000,2951.4000,2952.0000,2952.6000,2955.2000,2955.4000,2,1,1,6,1,1,1,3,1,1
SF,IH2003,2019-11-22 09:34:38.900,2951.6000,13318,0,137309040.000,0,-,-,-,-,2951.0000,2950.2000,2950.0000,2949.2000,2949.0000,2951.4000,2952.6000,2955.2000,2955.4000,2956.8000,2,1,1,6,1,1,3,1,1,1
SF,IH2003,2019-11-22 09:34:39.400,2951.6000,13318,0,137309040.000,0,-,-,-,-,2951.0000,2950.2000,2950.0000,2949.2000,2949.0000,2951.4000,2952.6000,2955.2000,2955.4000,2956.8000,1,1,1,6,1,1,3,1,1,1
SF,IH2003,2019-11-22 09:34:39.900,2951.6000,13318,0,137309040.000,0,-,-,-,-,2950.2000,2950.0000,2949.2000,2949.0000,2948.0000,2951.4000,2952.2000,2952.6000,2955.2000,2955.4000,1,1,6,1,1,2,1,3,1,1
SF,IH2003,2019-11-22 09:34:40.400,2951.6000,13318,0,137309040.000,0,-,-,-,-,2950.4000,2950.2000,2950.0000,2949.2000,2949.0000,2951.4000,2952.2000,2952.6000,2955.2000,2955.4000,10,1,1,6,1,2,1,3,1,1
SF,IH2003,2019-11-22 09:34:40.900,2951.6000,13318,0,137309040.000,0,-,-,-,-,2950.4000,2950.2000,2950.0000,2949.2000,2949.0000,2951.4000,2952.2000,2952.6000,2955.2000,2955.4000,10,1,1,6,1,2,1,3,1,1
SF,IH2003,2019-11-22 09:34:41.400,2951.6000,13318,0,137309040.000,0,-,-,-,-,2950.4000,2950.2000,2950.0000,2949.2000,2949.0000,2951.4000,2952.2000,2952.6000,2955.2000,2955.4000,10,1,1,6,1,2,1,3,1,1
SF,IH2003,2019-11-22 09:34:43.400,2951.6000,13318,0,137309040.000,0,-,-,-,-,2950.4000,2950.2000,2950.0000,2949.2000,2949.0000,2951.4000,2952.2000,2952.6000,2955.2000,2955.4000,10,1,1,3,1,2,1,3,1,1
SF,IH2003,2019-11-22 09:34:43.900,2951.6000,13318,0,137309040.000,0,-,-,-,-,2950.4000,2950.2000,2950.0000,2949.2000,2949.0000,2951.4000,2952.2000,2952.6000,2955.2000,2955.4000,5,1,1,3,1,1,1,3,1,1
SF,IH2003,2019-11-22 09:34:44.400,2951.6000,13318,0,137309040.000,0,-,-,-,-,2950.4000,2950.2000,2950.0000,2949.2000,2949.0000,2951.4000,2952.2000,2952.6000,2955.2000,2955.4000,2,1,1,3,1,1,1,3,1,1
SF,IH2003,2019-11-22 09:34:44.900,2951.6000,13318,0,137309040.000,0,-,-,-,-,2950.2000,2950.0000,2949.2000,2949.0000,2948.0000,2951.4000,2952.2000,2952.6000,2955.2000,2955.4000,1,1,3,1,1,1,1,3,1,1
SF,IH2003,2019-11-22 09:34:45.400,2951.6000,13318,0,137309040.000,0,-,-,-,-,2950.2000,2950.0000,2949.2000,2949.0000,2948.0000,2951.2000,2951.4000,2952.2000,2952.6000,2955.2000,1,1,3,1,1,4,1,1,3,1
SF,IH2003,2019-11-22 09:34:45.900,2951.6000,13318,0,137309040.000,0,-,-,-,-,2950.2000,2950.0000,2949.2000,2949.0000,2948.0000,2951.2000,2951.4000,2952.2000,2952.6000,2955.2000,1,1,3,1,1,3,1,1,3,1
SF,IH2003,2019-11-22 09:34:46.400,2951.6000,13318,0,137309040.000,0,-,-,-,-,2950.2000,2950.0000,2949.2000,2949.0000,2948.0000,2951.0000,2951.2000,2951.4000,2952.2000,2952.6000,1,1,3,1,1,1,3,1,1,3
SF,IH2003,2019-11-22 09:34:46.900,2951.6000,13318,0,137309040.000,0,-,-,-,-,2950.2000,2950.0000,2949.2000,2949.0000,2948.0000,2951.4000,2952.2000,2952.6000,2955.2000,2955.4000,1,1,3,1,1,1,1,3,1,1
SF,IH2003,2019-11-22 09:34:47.400,2951.6000,13318,0,137309040.000,0,-,-,-,-,2950.2000,2949.2000,2949.0000,2948.0000,2947.4000,2950.8000,2951.2000,2951.4000,2952.2000,2952.6000,1,3,1,1,1,1,9,1,1,3
SF,IH2003,2019-11-22 09:34:47.900,2950.2000,13319,1,138194100.000,1,1,0,双开,S,2949.2000,2949.0000,2948.0000,2947.4000,2946.8000,2951.2000,2951.4000,2952.2000,2952.6000,2955.2000,3,1,1,1,1,6,1,1,3,1
SF,IH2003,2019-11-22 09:34:48.400,2950.2000,13319,0,138194100.000,0,-,-,-,-,2949.8000,2949.4000,2949.2000,2949.0000,2948.0000,2951.0000,2951.2000,2951.4000,2952.2000,2952.6000,3,5,3,1,1,2,6,1,1,3
SF,IH2003,2019-11-22 09:34:48.900,2950.2000,13319,0,138194100.000,0,-,-,-,-,2950.0000,2949.8000,2949.4000,2949.2000,2949.0000,2951.0000,2951.2000,2951.4000,2952.2000,2952.6000,4,3,4,3,1,2,2,1,1,3
SF,IH2003,2019-11-22 09:34:49.400,2950.2000,13319,0,138194100.000,0,-,-,-,-,2950.2000,2950.0000,2949.4000,2949.2000,2949.0000,2951.0000,2951.4000,2952.2000,2952.6000,2955.2000,3,5,4,3,1,1,1,1,3,1
SF,IH2003,2019-11-22 09:34:49.900,2950.2000,13319,0,138194100.000,0,-,-,-,-,2950.2000,2950.0000,2949.4000,2949.2000,2949.0000,2951.0000,2951.4000,2951.8000,2952.2000,2952.6000,3,4,4,3,1,1,1,1,1,3
SF,IH2003,2019-11-22 09:34:54.400,2950.2000,13319,0,138194100.000,0,-,-,-,-,2950.2000,2949.4000,2949.2000,2949.0000,2948.0000,2951.0000,2951.4000,2951.8000,2952.2000,2952.6000,3,4,3,1,1,1,1,1,1,3
SF,IH2003,2019-11-22 09:34:59.400,2950.2000,13319,0,138194100.000,0,-,-,-,-,2950.4000,2950.2000,2949.4000,2949.2000,2949.0000,2951.0000,2951.4000,2951.8000,2952.2000,2952.6000,2,3,4,3,1,1,1,1,1,3
SF,IH2003,2019-11-22 09:34:59.900,2951.0000,13318,-1,139079400.000,1,0,1,双平,S,2951.0000,2950.6000,2950.4000,2949.4000,2949.2000,2951.4000,2951.8000,2952.2000,2952.6000,2955.2000,1,2,2,4,3,1,1,1,3,1
SF,IH2003,2019-11-22 09:35:00.400,2951.0000,13318,0,139079400.000,0,-,-,-,-,2951.0000,2950.4000,2949.4000,2949.2000,2949.0000,2951.4000,2951.8000,2952.2000,2952.6000,2955.2000,1,2,4,3,1,1,1,1,3,1
SF,IH2003,2019-11-22 09:35:00.900,2951.0000,13318,0,139079400.000,0,-,-,-,-,2951.2000,2951.0000,2950.4000,2949.4000,2949.2000,2951.4000,2951.8000,2952.2000,2952.6000,2955.2000,2,1,2,4,3,1,1,1,3,1
SF,IH2003,2019-11-22 09:35:01.400,2951.2000,13317,-1,139964760.000,1,0,1,双平,S,2951.2000,2951.0000,2950.4000,2949.4000,2949.2000,2951.4000,2951.8000,2952.2000,2952.6000,2955.2000,1,1,2,4,3,1,1,1,3,1
SF,IH2003,2019-11-22 09:35:01.900,2951.2000,13317,0,139964760.000,0,-,-,-,-,2951.0000,2950.4000,2949.4000,2949.2000,2949.0000,2951.4000,2951.8000,2952.2000,2952.6000,2955.2000,1,2,4,3,1,1,1,1,3,1
SF,IH2003,2019-11-22 09:35:03.900,2951.4000,13316,-1,140850180.000,1,0,1,双平,S,2951.4000,2951.0000,2950.4000,2949.4000,2949.2000,2951.8000,2952.2000,2952.6000,2955.2000,2955.4000,1,1,2,4,3,1,1,3,1,1
SF,IH2003,2019-11-22 09:35:04.400,2951.4000,13316,0,140850180.000,0,-,-,-,-,2951.0000,2950.4000,2949.4000,2949.2000,2949.0000,2951.4000,2951.8000,2952.2000,2952.6000,2955.2000,1,2,4,3,1,1,1,1,3,1
SF,IH2003,2019-11-22 09:35:04.900,2951.4000,13315,-1,141735600.000,1,0,1,双平,S,2951.4000,2951.2000,2951.0000,2950.4000,2949.4000,2951.8000,2952.2000,2952.6000,2955.2000,2955.4000,2,1,1,2,4,1,1,3,1,1
SF,IH2003,2019-11-22 09:35:05.400,2951.4000,13314,-1,143506560.000,2,0,2,多平,S,2951.0000,2950.4000,2949.4000,2949.2000,2949.0000,2951.4000,2952.2000,2952.6000,2955.2000,2955.4000,1,2,4,3,1,1,1,3,1,1
SF,IH2003,2019-11-22 09:35:05.900,2951.4000,13313,-1,144391980.000,1,0,1,双平,S,2951.4000,2951.2000,2951.0000,2950.4000,2949.4000,2952.2000,2952.6000,2955.2000,2955.4000,2956.8000,1,2,1,2,4,1,3,1,1,1
SF,IH2003,2019-11-22 09:35:06.400,2951.4000,13313,0,144391980.000,0,-,-,-,-,2951.0000,2950.4000,2949.4000,2949.2000,2949.0000,2951.4000,2952.2000,2952.6000,2955.2000,2955.4000,1,2,4,3,1,2,1,3,1,1
SF,IH2003,2019-11-22 09:35:06.900,2951.0000,13313,0,145277280.000,1,0,1,多换,S,2950.4000,2949.4000,2949.2000,2949.0000,2948.0000,2951.4000,2952.0000,2952.2000,2952.6000,2955.2000,2,4,3,1,1,3,1,1,3,1
SF,IH2003,2019-11-22 09:35:07.400,2951.0000,13313,0,145277280.000,0,-,-,-,-,2950.6000,2950.4000,2949.4000,2949.2000,2949.0000,2951.0000,2951.4000,2952.0000,2952.2000,2952.6000,3,2,4,3,1,1,3,1,1,3
SF,IH2003,2019-11-22 09:35:07.900,2951.0000,13313,0,146162580.000,1,0,1,多换,S,2950.6000,2950.4000,2949.4000,2949.2000,2949.0000,2951.4000,2952.0000,2952.2000,2952.6000,2955.2000,3,2,4,3,1,3,1,1,3,1
SF,IH2003,2019-11-22 09:35:11.900,2951.0000,13313,0,146162580.000,0,-,-,-,-,2950.6000,2950.4000,2949.4000,2949.2000,2949.0000,2951.4000,2952.0000,2952.2000,2952.6000,2955.2000,3,2,4,3,1,2,1,1,3,1
SF,IH2003,2019-11-22 09:35:12.400,2951.0000,13313,0,146162580.000,0,-,-,-,-,2950.6000,2950.4000,2949.4000,2949.2000,2949.0000,2952.0000,2952.2000,2952.6000,2955.2000,2955.4000,3,2,4,3,1,1,1,3,1,1
SF,IH2003,2019-11-22 09:35:12.900,2951.0000,13313,0,146162580.000,0,-,-,-,-,2950.8000,2950.6000,2950.4000,2949.4000,2949.2000,2951.8000,2952.0000,2952.2000,2952.6000,2955.2000,3,3,2,2,3,1,1,1,3,1
SF,IH2003,2019-11-22 09:35:13.400,2951.0000,13313,0,146162580.000,0,-,-,-,-,2951.0000,2950.8000,2950.4000,2949.4000,2949.2000,2952.2000,2952.6000,2955.2000,2955.4000,2956.8000,3,5,2,2,3,1,3,1,1,1
SF,IH2003,2019-11-22 09:35:13.900,2951.0000,13313,0,146162580.000,0,-,-,-,-,2951.0000,2950.8000,2950.4000,2949.4000,2949.2000,2952.2000,2952.6000,2955.2000,2955.4000,2956.8000,3,4,2,2,3,1,3,1,1,1
SF,IH2003,2019-11-22 09:35:15.400,2951.0000,13313,0,146162580.000,0,-,-,-,-,2951.0000,2950.8000,2950.4000,2949.4000,2949.2000,2952.0000,2952.2000,2952.6000,2955.2000,2955.4000,3,4,2,2,3,2,1,3,1,1
SF,IH2003,2019-11-22 09:35:15.900,2951.0000,13313,0,146162580.000,0,-,-,-,-,2951.0000,2950.8000,2950.4000,2949.4000,2949.2000,2952.0000,2952.2000,2952.6000,2955.2000,2955.4000,3,4,2,2,3,2,1,3,1,1
SF,IH2003,2019-11-22 09:35:16.400,2951.0000,13313,0,146162580.000,0,-,-,-,-,2951.0000,2950.8000,2950.4000,2949.4000,2949.2000,2952.0000,2952.2000,2952.6000,2955.2000,2955.4000,4,4,2,2,3,2,1,3,1,1
SF,IH2003,2019-11-22 09:35:16.900,2951.0000,13313,0,146162580.000,0,-,-,-,-,2951.0000,2950.8000,2950.4000,2949.4000,2949.2000,2952.0000,2952.2000,2952.6000,2955.2000,2955.4000,4,2,2,2,3,2,1,3,1,1
SF,IH2003,2019-11-22 09:35:18.400,2951.0000,13313,0,146162580.000,0,-,-,-,-,2951.0000,2950.8000,2950.4000,2949.4000,2949.2000,2952.0000,2952.2000,2952.6000,2955.2000,2955.4000,5,2,2,2,3,2,1,3,1,1
SF,IH2003,2019-11-22 09:35:18.900,2951.0000,13313,0,146162580.000,0,-,-,-,-,2951.0000,2950.8000,2950.4000,2949.4000,2949.2000,2952.2000,2952.6000,2955.2000,2955.4000,2956.8000,5,2,2,2,3,1,3,1,1,1
SF,IH2003,2019-11-22 09:35:19.400,2951.0000,13313,0,146162580.000,0,-,-,-,-,2951.0000,2950.8000,2950.4000,2949.4000,2949.2000,2952.2000,2952.6000,2955.2000,2955.4000,2956.8000,5,2,2,2,3,1,3,1,1,1
SF,IH2003,2019-11-22 09:35:19.900,2951.0000,13313,0,146162580.000,0,-,-,-,-,2951.0000,2950.8000,2950.4000,2949.4000,2949.2000,2952.2000,2952.6000,2955.2000,2955.4000,2956.8000,5,2,2,2,3,1,3,1,1,1
SF,IH2003,2019-11-22 09:35:20.400,2951.0000,13313,0,146162580.000,0,-,-,-,-,2951.2000,2951.0000,2950.8000,2950.4000,2949.4000,2952.2000,2952.6000,2955.2000,2955.4000,2956.8000,1,5,2,2,2,1,3,1,1,1
SF,IH2003,2019-11-22 09:35:20.900,2952.2000,13312,-1,147048240.000,1,0,1,双平,S,2951.6000,2951.2000,2951.0000,2950.8000,2950.4000,2952.6000,2955.2000,2955.4000,2956.8000,2957.0000,3,1,2,2,2,3,1,1,1,3
SF,IH2003,2019-11-22 09:35:21.400,2952.2000,13312,0,147048240.000,0,-,-,-,-,2951.6000,2951.4000,2951.2000,2951.0000,2950.8000,2952.6000,2955.2000,2955.4000,2956.8000,2957.0000,3,4,1,2,2,1,1,1,1,3
SF,IH2003,2019-11-22 09:35:21.900,2952.2000,13312,0,147048240.000,0,-,-,-,-,2951.6000,2951.4000,2951.2000,2951.0000,2950.8000,2955.0000,2955.2000,2955.4000,2956.8000,2957.0000,3,4,1,2,2,1,1,1,1,3
SF,IH2003,2019-11-22 09:35:22.400,2952.2000,13312,0,147048240.000,0,-,-,-,-,2951.8000,2951.6000,2951.4000,2951.2000,2951.0000,2953.0000,2953.2000,2953.8000,2954.0000,2954.2000,2,3,4,1,2,1,1,3,1,4
SF,IH2003,2019-11-22 09:35:22.900,2952.2000,13312,0,147048240.000,0,-,-,-,-,2952.2000,2952.0000,2951.8000,2951.4000,2951.2000,2954.0000,2954.2000,2954.6000,2954.8000,2955.0000,3,1,5,4,1,1,4,6,4,5
SF,IH2003,2019-11-22 09:35:23.400,2952.2000,13312,0,147048240.000,0,-,-,-,-,2952.2000,2951.8000,2951.4000,2951.2000,2951.0000,2953.6000,2953.8000,2954.0000,2954.2000,2954.6000,3,5,4,1,3,1,4,1,4,6
SF,IH2003,2019-11-22 09:35:23.900,2952.2000,13312,0,147048240.000,0,-,-,-,-,2952.2000,2951.8000,2951.4000,2951.2000,2951.0000,2953.4000,2953.8000,2954.6000,2954.8000,2955.0000,3,5,4,1,3,1,1,6,2,4
SF,IH2003,2019-11-22 09:35:24.400,2952.2000,13312,0,147048240.000,0,-,-,-,-,2952.2000,2951.8000,2951.4000,2951.2000,2951.0000,2953.8000,2954.6000,2954.8000,2955.0000,2955.2000,3,5,4,1,3,1,6,1,4,1
SF,IH2003,2019-11-22 09:35:24.900,2952.2000,13312,0,147048240.000,0,-,-,-,-,2952.2000,2951.8000,2951.4000,2951.2000,2951.0000,2953.0000,2953.2000,2953.6000,2953.8000,2954.0000,3,5,4,1,2,1,1,4,1,1
SF,IH2003,2019-11-22 09:35:25.400,2952.2000,13312,0,147048240.000,0,-,-,-,-,2952.2000,2951.8000,2951.4000,2951.2000,2951.0000,2953.2000,2953.6000,2953.8000,2954.0000,2954.6000,3,5,4,1,2,1,1,1,1,6
SF,IH2003,2019-11-22 09:35:25.900,2952.2000,13312,0,147048240.000,0,-,-,-,-,2952.2000,2951.8000,2951.4000,2951.2000,2951.0000,2953.6000,2953.8000,2954.0000,2954.6000,2954.8000,3,5,4,1,2,1,1,1,6,1
SF,IH2003,2019-11-22 09:35:26.400,2952.2000,13312,0,147048240.000,0,-,-,-,-,2952.2000,2951.8000,2951.4000,2951.2000,2951.0000,2953.4000,2953.6000,2953.8000,2954.0000,2954.6000,3,5,4,1,2,1,1,1,1,6
SF,IH2003,2019-11-22 09:35:26.900,2952.2000,13312,0,147048240.000,0,-,-,-,-,2952.2000,2951.8000,2951.4000,2951.2000,2951.0000,2953.6000,2953.8000,2954.0000,2954.6000,2954.8000,3,5,4,1,2,1,1,1,6,1
SF,IH2003,2019-11-22 09:35:27.400,2952.2000,13312,0,147048240.000,0,-,-,-,-,2952.2000,2951.8000,2951.4000,2951.2000,2951.0000,2953.2000,2953.4000,2953.6000,2953.8000,2954.0000,3,5,4,1,2,1,1,1,1,1
SF,IH2003,2019-11-22 09:35:27.900,2952.2000,13312,0,147048240.000,0,-,-,-,-,2952.2000,2951.8000,2951.4000,2951.2000,2951.0000,2953.2000,2953.6000,2953.8000,2954.0000,2954.6000,3,5,4,1,2,1,1,1,1,6
SF,IH2003,2019-11-22 09:35:28.400,2952.2000,13312,0,147048240.000,0,-,-,-,-,2952.2000,2951.8000,2951.4000,2951.2000,2951.0000,2952.8000,2953.0000,2953.2000,2953.6000,2953.8000,3,3,4,1,2,1,1,1,1,1
SF,IH2003,2019-11-22 09:35:28.900,2952.2000,13312,0,147048240.000,0,-,-,-,-,2952.2000,2951.8000,2951.4000,2951.2000,2951.0000,2953.2000,2953.6000,2953.8000,2954.0000,2954.6000,3,3,4,1,2,1,1,1,1,6
SF,IH2003,2019-11-22 09:35:29.400,2952.2000,13312,0,147048240.000,0,-,-,-,-,2952.2000,2951.8000,2951.4000,2951.2000,2951.0000,2953.0000,2953.2000,2953.6000,2953.8000,2954.0000,3,3,4,1,2,1,1,1,1,1
SF,IH2003,2019-11-22 09:35:29.900,2952.2000,13312,0,147048240.000,0,-,-,-,-,2952.2000,2951.8000,2951.4000,2951.2000,2951.0000,2953.0000,2953.6000,2953.8000,2954.0000,2954.6000,3,3,4,1,2,1,1,1,1,6
SF,IH2003,2019-11-22 09:35:32.900,2952.2000,13312,0,147048240.000,0,-,-,-,-,2952.2000,2951.8000,2951.4000,2951.2000,2951.0000,2952.8000,2953.0000,2953.6000,2953.8000,2954.0000,3,1,4,1,2,1,1,1,1,1
SF,IH2003,2019-11-22 09:35:33.400,2952.2000,13312,0,147048240.000,0,-,-,-,-,2951.8000,2951.4000,2951.2000,2951.0000,2950.0000,2952.6000,2952.8000,2953.0000,2953.6000,2953.8000,1,4,1,2,1,1,1,1,1,1
SF,IH2003,2019-11-22 09:35:33.900,2952.2000,13312,0,147048240.000,0,-,-,-,-,2952.0000,2951.8000,2951.4000,2951.2000,2951.0000,2952.2000,2952.6000,2952.8000,2953.0000,2953.6000,2,1,4,1,2,1,3,1,1,1
SF,IH2003,2019-11-22 09:35:34.400,2952.2000,13311,-1,147933900.000,1,0,1,双平,S,2952.2000,2952.0000,2951.8000,2951.4000,2951.2000,2952.8000,2953.0000,2953.6000,2953.8000,2954.0000,5,1,1,4,1,1,1,1,1,1
SF,IH2003,2019-11-22 09:35:34.900,2952.2000,13311,0,147933900.000,0,-,-,-,-,2952.2000,2951.8000,2951.4000,2951.2000,2951.0000,2952.8000,2953.0000,2953.6000,2953.8000,2954.0000,3,1,4,1,2,1,1,1,1,1
SF,IH2003,2019-11-22 09:35:35.400,2951.8000,13309,-2,150590760.000,3,0,3,多平,S,2951.2000,2951.0000,2950.0000,2949.2000,2949.0000,2952.0000,2952.2000,2952.4000,2952.6000,2952.8000,1,2,1,1,1,1,2,3,4,1
SF,IH2003,2019-11-22 09:35:35.900,2952.0000,13309,0,151476360.000,1,0,1,多换,S,2952.0000,2951.2000,2951.0000,2950.0000,2949.2000,2952.6000,2952.8000,2953.0000,2953.6000,2953.8000,4,1,2,1,1,2,1,1,1,1
SF,IH2003,2019-11-22 09:35:36.400,2952.0000,13309,0,151476360.000,0,-,-,-,-,2952.0000,2951.4000,2951.2000,2951.0000,2950.0000,2952.4000,2952.6000,2952.8000,2953.6000,2953.8000,4,4,1,2,1,1,1,1,1,1
SF,IH2003,2019-11-22 09:35:36.900,2952.4000,13308,-1,153247800.000,2,0,2,多平,S,2952.4000,2952.0000,2951.4000,2951.2000,2951.0000,2952.8000,2953.6000,2953.8000,2954.0000,2954.6000,1,4,4,1,2,1,1,1,1,3
SF,IH2003,2019-11-22 09:35:37.400,2952.4000,13308,0,153247800.000,0,-,-,-,-,2952.6000,2952.4000,2952.0000,2951.4000,2951.2000,2952.8000,2953.6000,2953.8000,2954.0000,2954.6000,1,1,1,4,1,1,1,1,1,3
SF,IH2003,2019-11-22 09:35:39.400,2952.6000,13307,-1,154133580.000,1,0,1,双平,S,2952.0000,2951.8000,2951.4000,2951.2000,2951.0000,2953.6000,2953.8000,2954.0000,2954.6000,2954.8000,1,1,4,1,2,1,1,2,3,1
SF,IH2003,2019-11-22 09:35:39.900,2952.6000,13307,0,154133580.000,0,-,-,-,-,2952.2000,2952.0000,2951.4000,2951.2000,2951.0000,2953.4000,2953.6000,2954.0000,2954.6000,2954.8000,1,1,4,1,2,3,1,1,3,1
SF,IH2003,2019-11-22 09:35:40.400,2952.6000,13307,0,154133580.000,0,-,-,-,-,2952.2000,2952.0000,2951.4000,2951.2000,2951.0000,2953.4000,2953.6000,2954.0000,2954.6000,2954.8000,1,1,4,1,2,4,1,1,3,1
SF,IH2003,2019-11-22 09:35:40.900,2952.6000,13307,0,154133580.000,0,-,-,-,-,2952.2000,2952.0000,2951.4000,2951.2000,2951.0000,2953.2000,2953.4000,2953.6000,2954.0000,2954.6000,1,1,4,1,2,1,3,1,1,3
SF,IH2003,2019-11-22 09:35:41.400,2952.6000,13307,0,154133580.000,0,-,-,-,-,2952.2000,2952.0000,2951.4000,2951.2000,2951.0000,2953.2000,2953.4000,2953.6000,2954.0000,2954.6000,2,1,4,1,2,2,2,1,1,3
SF,IH2003,2019-11-22 09:35:42.900,2952.2000,13305,-2,155904900.000,2,0,2,双平,S,2952.0000,2951.4000,2951.2000,2951.0000,2950.8000,2952.2000,2953.0000,2953.2000,2953.4000,2953.6000,1,4,1,1,1,1,3,2,2,1
SF,IH2003,2019-11-22 09:35:43.400,2952.2000,13305,0,155904900.000,0,-,-,-,-,2951.2000,2951.0000,2950.0000,2949.2000,2949.0000,2952.0000,2952.2000,2952.8000,2953.0000,2953.2000,1,1,1,1,1,1,1,3,1,2
SF,IH2003,2019-11-22 09:35:43.900,2951.2000,13304,-1,156790260.000,1,0,1,双平,S,2951.0000,2950.0000,2949.2000,2949.0000,2948.0000,2952.0000,2952.8000,2953.0000,2953.2000,2953.4000,1,1,1,1,1,2,3,1,2,2
SF,IH2003,2019-11-22 09:35:44.400,2951.2000,13304,0,156790260.000,0,-,-,-,-,2951.0000,2950.0000,2949.2000,2949.0000,2948.0000,2952.0000,2952.8000,2953.0000,2953.2000,2953.4000,1,1,1,1,1,2,3,1,2,2
SF,IH2003,2019-11-22 09:35:44.900,2951.2000,13304,0,156790260.000,0,-,-,-,-,2951.0000,2950.0000,2949.2000,2949.0000,2948.0000,2951.8000,2952.0000,2952.8000,2953.0000,2953.2000,1,1,1,1,1,2,2,3,1,2
SF,IH2003,2019-11-22 09:35:45.400,2951.2000,13304,0,156790260.000,0,-,-,-,-,2951.0000,2950.0000,2949.2000,2949.0000,2948.0000,2951.8000,2952.0000,2952.8000,2953.0000,2953.2000,1,1,1,1,1,1,2,3,1,2
SF,IH2003,2019-11-22 09:35:45.900,2951.2000,13304,0,156790260.000,0,-,-,-,-,2951.2000,2951.0000,2950.0000,2949.2000,2949.0000,2951.8000,2952.0000,2952.8000,2953.0000,2953.2000,1,1,1,1,1,1,2,3,1,2
SF,IH2003,2019-11-22 09:35:46.400,2951.2000,13304,0,156790260.000,0,-,-,-,-,2951.4000,2951.2000,2951.0000,2950.0000,2949.2000,2951.8000,2952.0000,2952.8000,2953.0000,2953.2000,1,3,1,1,1,1,2,3,1,2
SF,IH2003,2019-11-22 09:35:46.900,2951.8000,13303,-1,157675800.000,1,0,1,双平,S,2951.2000,2951.0000,2950.0000,2949.2000,2949.0000,2952.0000,2952.8000,2953.0000,2953.2000,2953.4000,3,1,1,1,1,1,3,1,2,2
SF,IH2003,2019-11-22 09:35:47.400,2951.8000,13303,0,157675800.000,0,-,-,-,-,2951.2000,2951.0000,2950.0000,2949.2000,2949.0000,2952.0000,2952.8000,2953.0000,2953.2000,2953.4000,4,1,1,1,1,1,3,1,2,2
SF,IH2003,2019-11-22 09:35:48.400,2951.8000,13303,0,157675800.000,0,-,-,-,-,2951.2000,2951.0000,2950.0000,2949.2000,2949.0000,2952.8000,2953.0000,2953.2000,2953.4000,2953.6000,4,1,1,1,1,3,1,1,2,1
SF,IH2003,2019-11-22 09:35:48.900,2951.8000,13303,0,157675800.000,0,-,-,-,-,2951.2000,2951.0000,2950.0000,2949.2000,2949.0000,2952.6000,2952.8000,2953.0000,2953.2000,2953.4000,4,1,1,1,1,5,3,1,1,1
SF,IH2003,2019-11-22 09:35:49.400,2951.8000,13303,0,157675800.000,0,-,-,-,-,2951.2000,2951.0000,2950.0000,2949.2000,2949.0000,2952.6000,2952.8000,2953.0000,2953.2000,2953.6000,3,1,1,1,1,5,3,1,1,1
SF,IH2003,2019-11-22 09:35:49.900,2951.8000,13303,0,157675800.000,0,-,-,-,-,2951.2000,2951.0000,2950.0000,2949.2000,2949.0000,2952.4000,2952.6000,2952.8000,2953.0000,2953.2000,1,1,1,1,1,1,5,3,1,1
SF,IH2003,2019-11-22 09:35:50.400,2951.8000,13303,0,157675800.000,0,-,-,-,-,2951.2000,2951.0000,2950.0000,2949.2000,2949.0000,2952.2000,2952.4000,2952.6000,2952.8000,2953.0000,1,1,1,1,1,4,1,1,3,1
