市场代码,合约代码,时间,最新,持仓,增仓,成交额,成交量,开仓,平仓,成交类型,方向,买一价,买二价,买三价,买四价,买五价,卖一价,卖二价,卖三价,卖四价,卖五价,买一量,买二量,买三量,买四量,买五量,卖一量,卖二量,卖三量,卖四量,卖五量
SF,IH2005,2020-05-15 09:29:00.200,2845.8000,10722,0,66591720.000,78.000,-,-,-,-,2845.2000,2843.4000,2843.0000,2842.8000,2841.2000,2846.0000,2846.2000,2846.4000,2846.6000,2846.8000,3,9,1,2,1,5,3,3,3,5
SF,IH2005,2020-05-15 09:30:00.200,2844.8000,10719,-3,71712300.000,6,1,5,多平,S,2843.4000,2843.2000,2843.0000,2842.8000,2841.8000,2844.8000,2845.0000,2845.2000,2845.6000,2845.8000,8,1,1,2,1,4,3,2,1,9
SF,IH2005,2020-05-15 09:30:00.700,2846.4000,10667,-52,119505900.000,56,2,54,多平,S,2846.0000,2845.8000,2843.6000,2843.4000,2843.2000,2846.6000,2846.8000,2847.0000,2847.2000,2847.4000,1,1,20,10,2,3,5,7,4,6
SF,IH2005,2020-05-15 09:30:01.200,2846.2000,10658,-9,128044260.000,10,0,10,多平,S,2846.2000,2846.0000,2845.8000,2843.8000,2843.6000,2846.4000,2846.6000,2846.8000,2847.0000,2847.2000,9,3,1,1,4,8,3,5,7,4
SF,IH2005,2020-05-15 09:30:01.700,2846.8000,10647,-11,137437680.000,11,0,11,双平,S,2846.2000,2846.0000,2845.8000,2845.4000,2845.2000,2846.8000,2847.0000,2847.2000,2847.4000,2847.6000,16,6,1,1,1,3,7,4,6,9
SF,IH2005,2020-05-15 09:30:02.200,2846.6000,10618,-29,164764020.000,32,1,31,多平,S,2846.8000,2846.4000,2846.2000,2846.0000,2845.8000,2847.0000,2847.2000,2847.4000,2847.6000,2847.8000,2,5,3,6,1,3,4,6,9,3
SF,IH2005,2020-05-15 09:30:02.700,2846.2000,10607,-11,175012200.000,12,0,12,多平,S,2846.0000,2845.8000,2845.2000,2843.6000,2843.4000,2846.8000,2847.0000,2847.2000,2847.4000,2847.6000,6,1,1,3,8,1,2,4,6,9
SF,IH2005,2020-05-15 09:30:03.200,2847.4000,10598,-9,182699760.000,9,0,9,双平,S,2847.2000,2846.8000,2846.4000,2846.2000,2846.0000,2847.6000,2847.8000,2848.0000,2848.2000,2848.4000,1,4,1,22,6,9,3,3,3,3
SF,IH2005,2020-05-15 09:30:03.700,2847.0000,10590,-8,189532800.000,8,0,8,双平,S,2847.2000,2846.8000,2846.4000,2846.2000,2846.0000,2847.4000,2847.6000,2847.8000,2848.0000,2848.2000,3,1,3,4,6,3,7,3,3,3
SF,IH2005,2020-05-15 09:30:04.200,2847.2000,10583,-7,196366140.000,8,0,8,多平,S,2847.2000,2846.8000,2846.4000,2846.2000,2846.0000,2847.4000,2847.6000,2847.8000,2848.0000,2848.2000,1,1,2,4,6,4,7,3,3,3
SF,IH2005,2020-05-15 09:30:04.700,2847.2000,10570,-13,207471180.000,13,0,13,双平,S,2847.2000,2847.0000,2846.8000,2846.4000,2846.0000,2847.6000,2847.8000,2848.0000,2848.2000,2848.4000,3,4,1,2,6,1,3,3,3,3
SF,IH2005,2020-05-15 09:30:05.200,2847.6000,10568,-2,209179740.000,2,0,2,双平,S,2847.6000,2847.4000,2847.2000,2847.0000,2846.8000,2847.8000,2848.0000,2848.2000,2848.4000,2848.6000,3,1,3,4,1,3,3,3,3,3
SF,IH2005,2020-05-15 09:30:05.700,2848.0000,10561,-7,216014820.000,8,0,8,多平,S,2847.8000,2847.6000,2847.0000,2846.8000,2846.4000,2848.2000,2848.4000,2848.6000,2848.8000,2849.0000,11,6,3,1,2,2,3,3,6,4
SF,IH2005,2020-05-15 09:30:06.200,2847.8000,10552,-9,223704420.000,9,0,9,双平,S,2847.8000,2847.6000,2847.4000,2847.0000,2846.8000,2848.2000,2848.4000,2848.6000,2848.8000,2849.0000,3,3,1,3,2,1,3,3,6,4
SF,IH2005,2020-05-15 09:30:06.700,2848.0000,10549,-3,226267800.000,3,0,3,双平,S,2847.8000,2847.6000,2847.4000,2847.0000,2846.8000,2848.4000,2848.6000,2848.8000,2849.0000,2849.2000,4,3,1,3,2,2,3,6,4,3
SF,IH2005,2020-05-15 09:30:07.200,2847.8000,10546,-3,228830940.000,3,0,3,双平,S,2847.8000,2847.6000,2847.4000,2847.0000,2846.8000,2848.2000,2848.4000,2848.6000,2848.8000,2849.0000,2,3,1,3,2,1,2,3,6,4
SF,IH2005,2020-05-15 09:30:07.700,2847.8000,10538,-8,235666920.000,8,0,8,双平,S,2847.8000,2847.6000,2847.4000,2847.0000,2846.8000,2848.8000,2849.0000,2849.2000,2849.4000,2849.6000,1,3,1,2,2,6,4,3,3,3
SF,IH2005,2020-05-15 09:30:08.200,2847.8000,10537,-1,237375600.000,2,0,2,多平,S,2848.4000,2847.6000,2847.4000,2847.0000,2846.8000,2848.8000,2849.0000,2849.2000,2849.4000,2849.6000,2,3,1,2,2,6,4,3,3,3
SF,IH2005,2020-05-15 09:30:08.700,2848.4000,10534,-3,241648200.000,5,1,4,多平,S,2847.6000,2847.4000,2847.0000,2846.8000,2846.4000,2848.2000,2848.8000,2849.0000,2849.2000,2849.4000,3,1,2,2,2,3,6,4,3,3
SF,IH2005,2020-05-15 09:30:09.200,2848.8000,10532,-2,244211940.000,3,0,3,多平,S,2847.6000,2847.4000,2847.0000,2846.8000,2846.4000,2848.8000,2849.0000,2849.2000,2849.4000,2849.6000,2,1,2,2,2,4,4,3,3,3
SF,IH2005,2020-05-15 09:30:09.700,2848.8000,10529,-3,246775860.000,3,0,3,双平,S,2847.8000,2847.6000,2847.4000,2847.0000,2846.8000,2848.8000,2849.0000,2849.2000,2849.4000,2849.6000,1,1,1,2,2,1,4,3,3,3
SF,IH2005,2020-05-15 09:30:10.200,2848.8000,10526,-3,250193820.000,4,0,4,多平,S,2847.6000,2847.4000,2847.0000,2846.8000,2846.4000,2849.0000,2849.2000,2849.4000,2849.6000,2849.8000,1,1,2,2,2,4,3,3,3,3
SF,IH2005,2020-05-15 09:30:10.700,2848.8000,10522,-4,253612080.000,4,0,4,双平,S,2847.8000,2847.6000,2847.4000,2847.0000,2846.8000,2848.8000,2849.0000,2849.2000,2849.4000,2849.6000,2,1,1,2,2,4,4,3,3,3
SF,IH2005,2020-05-15 09:30:11.200,2848.8000,10519,-3,256175760.000,3,0,3,双平,S,2848.0000,2847.8000,2847.6000,2847.4000,2847.0000,2848.8000,2849.0000,2849.2000,2849.4000,2849.6000,1,2,1,1,2,3,4,3,3,3
SF,IH2005,2020-05-15 09:30:11.700,2848.2000,10515,-4,259594260.000,4,0,4,双平,S,2848.2000,2848.0000,2847.6000,2847.4000,2847.0000,2849.0000,2849.2000,2849.4000,2849.6000,2849.8000,5,3,1,1,2,2,3,3,3,3
SF,IH2005,2020-05-15 09:30:12.200,2847.6000,10505,-10,268138740.000,10,0,10,双平,S,2847.4000,2847.0000,2846.8000,2846.4000,2846.0000,2849.0000,2849.2000,2849.4000,2849.6000,2849.8000,1,2,2,1,6,1,3,3,3,3
SF,IH2005,2020-05-15 09:30:12.700,2848.2000,10494,-11,278388960.000,12,0,12,多平,S,2847.6000,2846.4000,2846.0000,2845.0000,2843.6000,2848.8000,2849.0000,2849.2000,2849.4000,2849.6000,3,1,6,1,1,13,1,3,3,3
SF,IH2005,2020-05-15 09:30:13.200,2847.6000,10490,-4,281806080.000,4,0,4,双平,S,2846.4000,2846.0000,2845.0000,2843.6000,2843.4000,2847.6000,2848.0000,2848.2000,2848.6000,2848.8000,1,6,1,1,8,4,1,5,3,13
SF,IH2005,2020-05-15 09:30:13.700,2846.4000,10487,-3,284368200.000,3,0,3,双平,S,2846.0000,2845.0000,2843.6000,2843.4000,2843.2000,2847.2000,2847.4000,2847.6000,2847.8000,2848.0000,6,1,1,8,2,2,10,5,5,1
SF,IH2005,2020-05-15 09:30:14.200,2846.2000,10480,-7,290344860.000,7,0,7,双平,S,2845.0000,2843.6000,2843.4000,2843.2000,2843.0000,2846.0000,2846.2000,2846.4000,2846.8000,2847.0000,1,1,8,2,1,1,4,2,7,7
SF,IH2005,2020-05-15 09:30:14.700,2845.0000,10475,-5,294613800.000,5,0,5,双平,S,2843.8000,2843.6000,2843.4000,2843.2000,2843.0000,2845.4000,2845.8000,2846.0000,2846.2000,2846.4000,4,1,8,2,1,1,8,11,4,1
SF,IH2005,2020-05-15 09:30:15.200,2845.2000,10467,-8,303149460.000,10,1,9,多平,S,2844.0000,2843.8000,2843.6000,2843.4000,2843.2000,2845.2000,2845.4000,2845.8000,2846.0000,2846.2000,1,4,1,8,2,12,1,5,10,4
SF,IH2005,2020-05-15 09:30:15.700,2845.2000,10467,0,303149460.000,0,-,-,-,-,2844.2000,2844.0000,2843.6000,2843.4000,2843.2000,2844.8000,2845.2000,2846.0000,2846.4000,2846.8000,2,3,1,8,2,1,4,3,2,1
SF,IH2005,2020-05-15 09:30:16.200,2844.8000,10466,-1,304002900.000,1,0,1,双平,S,2844.4000,2844.2000,2844.0000,2843.6000,2843.4000,2845.2000,2846.0000,2846.4000,2846.8000,2847.4000,3,3,1,1,8,2,3,2,1,1
SF,IH2005,2020-05-15 09:30:16.700,2844.8000,10465,-1,304856340.000,1,0,1,双平,S,2844.4000,2844.2000,2844.0000,2843.6000,2843.4000,2846.0000,2846.4000,2846.8000,2847.0000,2847.4000,2,3,1,1,8,3,2,1,1,1
SF,IH2005,2020-05-15 09:30:17.200,2844.6000,10463,-2,306563460.000,2,0,2,双平,S,2844.6000,2844.4000,2844.2000,2844.0000,2843.6000,2846.0000,2846.4000,2846.8000,2847.0000,2847.4000,2,2,1,1,1,3,2,1,1,1
SF,IH2005,2020-05-15 09:30:17.700,2846.0000,10459,-4,309978600.000,4,0,4,双平,S,2844.8000,2844.6000,2844.4000,2844.2000,2844.0000,2846.4000,2847.0000,2847.2000,2847.4000,2848.2000,4,2,1,1,1,2,1,1,1,1
SF,IH2005,2020-05-15 09:30:18.200,2846.0000,10459,0,309978600.000,0,-,-,-,-,2845.0000,2844.8000,2844.4000,2844.2000,2844.0000,2846.4000,2847.0000,2847.2000,2848.2000,2849.0000,2,4,1,1,1,2,1,1,1,1
SF,IH2005,2020-05-15 09:30:18.700,2846.0000,10459,0,309978600.000,0,-,-,-,-,2845.8000,2845.4000,2845.2000,2845.0000,2844.8000,2846.2000,2846.4000,2846.6000,2847.0000,2848.2000,1,3,2,2,2,2,1,1,1,1
SF,IH2005,2020-05-15 09:30:19.200,2846.2000,10455,-4,313394100.000,4,0,4,双平,S,2846.0000,2845.8000,2844.4000,2844.0000,2843.6000,2846.6000,2848.0000,2848.2000,2848.4000,2849.0000,2,1,1,1,1,1,1,1,1,1
SF,IH2005,2020-05-15 09:30:19.700,2846.6000,10454,-1,314248080.000,1,0,1,双平,S,2846.2000,2846.0000,2845.8000,2844.4000,2844.0000,2847.8000,2848.0000,2848.2000,2848.4000,2849.0000,2,2,1,1,1,3,1,1,1,1
SF,IH2005,2020-05-15 09:30:20.200,2846.4000,10453,-1,315955920.000,2,0,2,多平,S,2846.4000,2846.2000,2845.8000,2844.4000,2844.0000,2847.4000,2847.6000,2847.8000,2848.0000,2848.2000,1,2,1,1,1,1,7,3,1,1
SF,IH2005,2020-05-15 09:30:20.700,2846.4000,10453,0,315955920.000,0,-,-,-,-,2846.6000,2846.4000,2845.8000,2844.4000,2844.0000,2847.4000,2847.6000,2848.0000,2848.2000,2848.4000,1,1,1,1,1,1,2,1,1,1
SF,IH2005,2020-05-15 09:30:21.200,2846.4000,10453,0,315955920.000,0,-,-,-,-,2847.0000,2846.8000,2846.4000,2845.8000,2844.4000,2847.6000,2848.0000,2848.2000,2848.4000,2849.0000,1,3,1,1,1,2,1,1,1,1
SF,IH2005,2020-05-15 09:30:21.700,2846.6000,10450,-3,318517860.000,3,0,3,双平,S,2847.4000,2847.2000,2846.4000,2845.8000,2844.4000,2847.6000,2848.0000,2848.2000,2848.4000,2849.0000,1,1,1,1,1,2,1,1,1,1
SF,IH2005,2020-05-15 09:30:22.200,2846.8000,10448,-2,320225940.000,2,0,2,双平,S,2846.4000,2845.8000,2844.4000,2843.4000,2843.2000,2847.0000,2847.2000,2847.4000,2848.0000,2848.2000,1,1,1,8,2,1,4,1,1,1
SF,IH2005,2020-05-15 09:30:22.700,2846.8000,10448,0,320225940.000,0,-,-,-,-,2845.8000,2844.4000,2843.4000,2843.2000,2843.0000,2847.0000,2847.2000,2847.4000,2848.0000,2848.2000,1,1,8,2,1,1,4,1,1,1
SF,IH2005,2020-05-15 09:30:23.200,2846.8000,10448,0,320225940.000,0,-,-,-,-,2844.6000,2844.4000,2843.4000,2843.2000,2843.0000,2846.8000,2847.0000,2847.2000,2847.4000,2848.0000,3,1,8,2,1,3,1,4,1,1
SF,IH2005,2020-05-15 09:30:23.700,2846.8000,10448,0,320225940.000,0,-,-,-,-,2845.4000,2845.0000,2844.6000,2844.4000,2843.4000,2846.6000,2846.8000,2847.0000,2847.2000,2847.4000,1,6,4,1,8,7,4,1,4,1
SF,IH2005,2020-05-15 09:30:24.200,2846.8000,10448,0,320225940.000,0,-,-,-,-,2845.4000,2845.0000,2844.6000,2844.4000,2843.4000,2846.4000,2846.6000,2846.8000,2847.0000,2847.2000,1,3,4,1,8,4,6,6,2,4
SF,IH2005,2020-05-15 09:30:24.700,2846.4000,10447,-1,321079860.000,1,0,1,双平,S,2845.4000,2845.0000,2844.6000,2844.4000,2843.4000,2846.4000,2846.6000,2846.8000,2847.0000,2847.2000,4,2,4,1,8,3,8,7,2,4
SF,IH2005,2020-05-15 09:30:25.200,2846.4000,10447,0,321079860.000,0,-,-,-,-,2845.4000,2845.0000,2844.6000,2844.4000,2843.4000,2846.2000,2846.4000,2846.6000,2846.8000,2847.0000,1,2,4,1,8,1,3,3,6,2
SF,IH2005,2020-05-15 09:30:25.700,2846.4000,10447,0,321079860.000,0,-,-,-,-,2846.0000,2844.6000,2844.4000,2843.4000,2843.2000,2846.2000,2846.4000,2846.6000,2846.8000,2847.0000,1,4,1,8,5,1,3,3,6,2
SF,IH2005,2020-05-15 09:30:26.200,2845.8000,10445,-2,322787400.000,2,0,2,双平,S,2846.0000,2844.6000,2844.4000,2843.4000,2843.2000,2846.2000,2846.4000,2847.0000,2847.2000,2847.4000,2,4,1,8,5,1,3,1,4,1
SF,IH2005,2020-05-15 09:30:26.700,2846.0000,10443,-2,324495060.000,2,0,2,双平,S,2846.0000,2844.6000,2844.4000,2843.4000,2843.2000,2846.4000,2846.8000,2847.0000,2847.2000,2847.4000,1,4,1,8,5,1,1,1,4,1
SF,IH2005,2020-05-15 09:30:27.200,2846.0000,10443,0,324495060.000,0,-,-,-,-,2846.0000,2844.6000,2844.4000,2843.4000,2843.2000,2846.4000,2846.8000,2847.0000,2847.2000,2847.4000,1,4,1,8,5,1,1,1,4,1
SF,IH2005,2020-05-15 09:30:27.700,2846.4000,10442,-1,325348980.000,1,0,1,双平,S,2846.4000,2846.2000,2846.0000,2844.6000,2844.4000,2846.8000,2847.0000,2847.2000,2847.4000,2848.0000,1,1,1,4,1,1,1,4,1,1
SF,IH2005,2020-05-15 09:30:28.200,2846.4000,10442,0,325348980.000,0,-,-,-,-,2846.4000,2846.2000,2845.8000,2844.6000,2844.4000,2846.8000,2847.0000,2847.2000,2847.4000,2848.0000,2,1,1,4,1,1,1,4,1,1
SF,IH2005,2020-05-15 09:30:28.700,2846.2000,10439,-3,327910680.000,3,0,3,双平,S,2845.8000,2844.6000,2844.4000,2843.4000,2843.2000,2846.0000,2846.8000,2847.0000,2847.2000,2847.4000,1,4,1,8,5,7,1,1,4,1
SF,IH2005,2020-05-15 09:30:29.200,2846.0000,10434,-5,332179800.000,5,0,5,双平,S,2845.8000,2844.4000,2843.4000,2843.2000,2843.0000,2846.0000,2846.8000,2847.0000,2847.2000,2847.4000,2,1,8,5,1,2,1,1,4,1
SF,IH2005,2020-05-15 09:30:29.700,2846.0000,10432,-2,333887400.000,2,0,2,双平,S,2846.4000,2845.8000,2844.4000,2843.4000,2843.2000,2846.6000,2846.8000,2847.0000,2847.2000,2847.4000,1,2,1,8,5,8,1,1,4,1
SF,IH2005,2020-05-15 09:30:30.200,2846.6000,10425,-7,340719120.000,8,0,8,多平,S,2845.8000,2844.4000,2843.4000,2843.2000,2843.0000,2846.6000,2846.8000,2847.0000,2847.2000,2847.4000,2,1,8,5,1,2,1,1,4,1
SF,IH2005,2020-05-15 09:30:30.700,2847.0000,10421,-4,344135220.000,4,0,4,双平,S,2846.4000,2846.0000,2845.8000,2844.6000,2844.4000,2847.4000,2847.6000,2848.0000,2848.2000,2848.4000,1,1,2,3,1,1,1,1,1,1
SF,IH2005,2020-05-15 09:30:31.200,2847.4000,10420,-1,344989440.000,1,0,1,双平,S,2847.0000,2846.6000,2846.4000,2846.0000,2845.8000,2847.6000,2848.0000,2848.2000,2848.4000,2849.0000,2,1,1,3,2,1,1,1,1,1
SF,IH2005,2020-05-15 09:30:31.700,2847.0000,10419,-1,345843540.000,1,0,1,双平,S,2846.0000,2845.8000,2845.6000,2844.6000,2843.4000,2847.6000,2848.0000,2848.2000,2848.4000,2849.0000,3,2,1,3,8,1,1,1,1,1
SF,IH2005,2020-05-15 09:30:32.200,2847.0000,10419,0,345843540.000,0,-,-,-,-,2846.4000,2846.2000,2846.0000,2845.8000,2845.6000,2847.6000,2848.0000,2848.2000,2848.4000,2849.0000,1,3,3,2,1,1,1,1,1,1
SF,IH2005,2020-05-15 09:30:32.700,2847.0000,10419,0,345843540.000,0,-,-,-,-,2846.6000,2846.4000,2846.0000,2845.8000,2845.6000,2847.6000,2848.0000,2848.2000,2848.4000,2849.0000,2,1,2,2,1,1,1,1,1,1
SF,IH2005,2020-05-15 09:30:33.200,2847.0000,10419,0,345843540.000,0,-,-,-,-,2846.6000,2846.4000,2846.0000,2845.8000,2845.6000,2847.6000,2848.0000,2848.2000,2848.4000,2848.8000,3,1,2,1,1,1,1,1,1,1
SF,IH2005,2020-05-15 09:30:33.700,2847.0000,10419,0,345843540.000,0,-,-,-,-,2846.6000,2846.4000,2846.0000,2845.8000,2845.6000,2847.6000,2848.0000,2848.2000,2848.4000,2848.8000,3,1,2,1,1,1,1,1,1,1
SF,IH2005,2020-05-15 09:30:34.200,2847.0000,10419,0,345843540.000,0,-,-,-,-,2847.0000,2846.6000,2846.4000,2846.0000,2845.8000,2847.6000,2848.0000,2848.2000,2848.4000,2848.8000,1,3,1,1,1,1,1,1,1,1
SF,IH2005,2020-05-15 09:30:34.700,2847.0000,10419,0,345843540.000,0,-,-,-,-,2847.2000,2847.0000,2846.6000,2846.4000,2846.0000,2847.6000,2848.0000,2848.2000,2848.4000,2848.8000,1,1,2,1,1,1,1,1,1,1
SF,IH2005,2020-05-15 09:30:35.200,2847.6000,10419,0,346697820.000,1,0,1,多换,S,2847.0000,2846.6000,2846.4000,2846.0000,2845.8000,2847.6000,2848.0000,2848.2000,2848.4000,2848.8000,1,2,1,1,1,1,1,1,1,1
SF,IH2005,2020-05-15 09:30:35.700,2847.6000,10417,-2,348406260.000,2,0,2,双平,S,2846.6000,2846.4000,2846.0000,2845.8000,2845.6000,2848.0000,2848.2000,2848.4000,2848.8000,2849.0000,2,1,1,1,1,1,1,1,1,1
SF,IH2005,2020-05-15 09:30:36.200,2847.6000,10417,0,349260540.000,1,0,1,多换,S,2846.8000,2846.6000,2846.4000,2846.0000,2845.8000,2847.8000,2848.0000,2848.2000,2848.4000,2848.8000,1,2,1,1,1,3,1,1,1,1
SF,IH2005,2020-05-15 09:30:36.700,2848.0000,10416,-1,350114940.000,1,0,1,双平,S,2847.0000,2846.8000,2846.6000,2846.4000,2846.0000,2847.6000,2848.4000,2848.8000,2849.0000,2849.2000,2,1,1,1,1,2,1,1,2,3
SF,IH2005,2020-05-15 09:30:37.200,2847.6000,10415,-1,351823500.000,2,0,2,多平,S,2847.2000,2847.0000,2846.6000,2846.4000,2846.0000,2848.4000,2848.8000,2849.0000,2849.2000,2849.4000,1,2,1,1,1,1,1,2,3,3
SF,IH2005,2020-05-15 09:30:37.700,2847.6000,10415,0,351823500.000,0,-,-,-,-,2847.2000,2847.0000,2846.6000,2846.4000,2846.0000,2848.2000,2848.4000,2848.8000,2849.0000,2849.2000,1,3,1,1,1,1,1,1,2,3
SF,IH2005,2020-05-15 09:30:38.200,2847.6000,10415,0,351823500.000,0,-,-,-,-,2847.2000,2847.0000,2846.6000,2846.4000,2846.0000,2848.2000,2848.4000,2848.8000,2849.0000,2849.2000,1,3,1,1,1,1,2,1,2,3
SF,IH2005,2020-05-15 09:30:38.700,2847.6000,10413,-2,354386100.000,3,0,3,多平,S,2847.0000,2846.6000,2846.4000,2846.0000,2845.8000,2848.0000,2848.2000,2848.4000,2848.8000,2849.0000,2,1,1,1,1,1,1,1,2,2
SF,IH2005,2020-05-15 09:30:39.200,2847.8000,10412,-1,355240440.000,1,0,1,双平,S,2847.0000,2846.6000,2846.4000,2846.0000,2845.8000,2848.0000,2848.4000,2848.8000,2849.0000,2849.2000,5,1,1,1,1,1,2,2,2,3
SF,IH2005,2020-05-15 09:30:39.700,2847.8000,10412,0,355240440.000,0,-,-,-,-,2847.0000,2846.6000,2846.4000,2846.0000,2845.8000,2848.4000,2848.8000,2849.0000,2849.2000,2849.4000,2,1,1,1,1,2,1,2,3,3
SF,IH2005,2020-05-15 09:30:40.200,2847.0000,10411,-1,356094540.000,1,0,1,双平,S,2847.0000,2846.6000,2846.4000,2846.0000,2845.8000,2847.8000,2848.2000,2848.4000,2848.8000,2849.0000,1,1,1,1,1,3,6,1,1,2
SF,IH2005,2020-05-15 09:30:40.700,2847.8000,10407,-4,359511720.000,4,0,4,双平,S,2847.2000,2847.0000,2846.6000,2846.4000,2846.0000,2847.8000,2848.2000,2848.4000,2848.6000,2848.8000,5,1,1,1,1,2,2,1,1,1
SF,IH2005,2020-05-15 09:30:41.200,2847.2000,10403,-4,362928360.000,4,0,4,双平,S,2847.2000,2847.0000,2846.6000,2846.4000,2846.0000,2847.8000,2848.2000,2848.4000,2848.8000,2849.0000,1,4,1,1,1,1,2,1,1,2
SF,IH2005,2020-05-15 09:30:41.700,2847.2000,10400,-3,365490840.000,3,0,3,双平,S,2847.2000,2847.0000,2846.6000,2846.0000,2845.8000,2847.6000,2847.8000,2848.2000,2848.4000,2848.8000,1,3,1,1,1,1,1,2,1,1
SF,IH2005,2020-05-15 09:30:42.200,2847.2000,10389,-11,374886720.000,11,0,11,双平,S,2847.2000,2847.0000,2846.6000,2846.0000,2845.8000,2847.6000,2847.8000,2848.2000,2848.4000,2848.8000,1,2,1,1,1,1,1,3,1,1
SF,IH2005,2020-05-15 09:30:42.700,2847.4000,10384,-5,379157640.000,5,0,5,双平,S,2847.2000,2847.0000,2846.6000,2846.0000,2845.8000,2847.4000,2847.6000,2847.8000,2848.0000,2848.2000,1,3,1,1,1,1,1,1,1,2
SF,IH2005,2020-05-15 09:30:43.200,2847.8000,10378,-6,384282960.000,6,0,6,双平,S,2847.0000,2846.6000,2846.0000,2845.8000,2845.6000,2847.2000,2847.8000,2848.2000,2848.4000,2848.8000,3,1,1,1,1,2,1,2,1,1
SF,IH2005,2020-05-15 09:30:43.700,2847.4000,10375,-3,386845620.000,3,0,3,双平,S,2847.4000,2847.2000,2847.0000,2846.6000,2846.0000,2848.2000,2848.4000,2848.8000,2849.0000,2849.2000,4,4,3,1,1,1,1,1,2,3
SF,IH2005,2020-05-15 09:30:44.200,2847.2000,10371,-4,391970820.000,6,1,5,多平,S,2847.2000,2847.0000,2846.6000,2846.0000,2845.6000,2848.0000,2848.2000,2848.4000,2848.8000,2849.0000,2,3,1,1,1,2,1,1,1,2
SF,IH2005,2020-05-15 09:30:44.700,2847.6000,10368,-3,394533420.000,3,0,3,双平,S,2847.0000,2846.6000,2846.0000,2845.6000,2845.0000,2847.6000,2848.0000,2848.2000,2848.4000,2848.8000,3,1,1,1,1,2,2,1,1,1
SF,IH2005,2020-05-15 09:30:45.200,2847.0000,10363,-5,398804280.000,5,0,5,双平,S,2846.6000,2846.0000,2845.6000,2845.0000,2844.6000,2847.4000,2847.8000,2848.0000,2848.2000,2848.4000,1,1,1,1,3,5,1,3,1,1
SF,IH2005,2020-05-15 09:30:45.700,2847.4000,10362,-1,399658500.000,1,0,1,双平,S,2846.6000,2846.0000,2845.6000,2845.0000,2844.6000,2847.4000,2847.8000,2848.0000,2848.2000,2848.4000,1,1,1,1,3,4,1,1,1,1
SF,IH2005,2020-05-15 09:30:46.200,2847.4000,10358,-4,403075380.000,4,0,4,双平,S,2847.6000,2846.8000,2846.6000,2846.0000,2845.6000,2847.8000,2848.0000,2848.2000,2848.4000,2848.8000,1,1,2,1,1,1,1,1,1,1
SF,IH2005,2020-05-15 09:30:46.700,2847.4000,10355,-3,405637920.000,3,0,3,双平,S,2846.6000,2846.0000,2845.6000,2845.0000,2844.6000,2847.4000,2847.6000,2847.8000,2848.0000,2848.2000,3,1,1,1,3,3,1,1,1,1
SF,IH2005,2020-05-15 09:30:47.200,2847.4000,10354,-1,406492140.000,1,0,1,双平,S,2846.6000,2846.0000,2845.6000,2845.0000,2844.6000,2847.6000,2847.8000,2848.0000,2848.2000,2848.4000,3,1,1,1,3,2,1,1,1,1
SF,IH2005,2020-05-15 09:30:47.700,2847.4000,10354,0,406492140.000,0,-,-,-,-,2846.6000,2846.0000,2845.6000,2845.0000,2844.6000,2847.6000,2847.8000,2848.0000,2848.2000,2848.4000,3,1,1,1,3,7,1,1,1,1
SF,IH2005,2020-05-15 09:30:48.200,2847.4000,10354,0,406492140.000,0,-,-,-,-,2846.8000,2846.6000,2846.0000,2845.6000,2845.0000,2847.6000,2847.8000,2848.0000,2848.2000,2848.4000,3,2,1,1,1,7,1,1,1,1
SF,IH2005,2020-05-15 09:30:48.700,2846.8000,10352,-2,408200220.000,2,0,2,双平,S,2846.8000,2846.6000,2846.0000,2845.6000,2845.0000,2847.4000,2847.6000,2847.8000,2848.0000,2848.2000,1,2,1,1,1,3,8,1,1,1
SF,IH2005,2020-05-15 09:30:49.200,2846.8000,10351,-1,409054260.000,1,0,1,双平,S,2846.6000,2846.0000,2845.6000,2845.0000,2844.6000,2846.8000,2847.4000,2847.6000,2847.8000,2848.0000,1,1,1,1,3,3,3,8,1,1
SF,IH2005,2020-05-15 09:30:49.700,2846.6000,10350,-1,409908240.000,1,0,1,双平,S,2846.0000,2845.6000,2845.0000,2844.6000,2843.2000,2846.6000,2847.4000,2847.6000,2847.8000,2848.2000,1,1,1,3,5,1,3,8,1,1
SF,IH2005,2020-05-15 09:30:50.200,2846.6000,10350,0,409908240.000,0,-,-,-,-,2846.0000,2845.8000,2845.6000,2845.0000,2844.6000,2847.6000,2847.8000,2848.2000,2848.4000,2848.8000,1,1,1,1,3,6,1,1,1,1
SF,IH2005,2020-05-15 09:30:50.700,2846.6000,10350,0,409908240.000,0,-,-,-,-,2846.8000,2846.0000,2845.8000,2845.6000,2845.0000,2847.0000,2847.4000,2847.6000,2847.8000,2848.2000,2,1,1,1,1,5,5,6,1,1
SF,IH2005,2020-05-15 09:30:51.200,2846.8000,10348,-2,411616320.000,2,0,2,双平,S,2846.0000,2845.8000,2845.6000,2845.0000,2844.6000,2847.4000,2847.6000,2847.8000,2848.2000,2848.4000,1,1,1,1,3,1,6,1,1,1
SF,IH2005,2020-05-15 09:30:51.700,2846.8000,10348,0,411616320.000,0,-,-,-,-,2846.0000,2845.8000,2845.6000,2845.0000,2844.6000,2847.0000,2847.2000,2847.4000,2847.6000,2847.8000,1,1,1,1,3,1,3,1,6,1
SF,IH2005,2020-05-15 09:30:52.200,2847.0000,10347,-1,412470420.000,1,0,1,双平,S,2846.2000,2846.0000,2845.8000,2845.6000,2845.0000,2846.8000,2847.4000,2847.6000,2847.8000,2848.2000,1,2,1,1,1,5,1,6,1,1
SF,IH2005,2020-05-15 09:30:52.700,2847.0000,10347,0,412470420.000,0,-,-,-,-,2846.4000,2846.2000,2846.0000,2845.8000,2845.6000,2847.4000,2847.6000,2847.8000,2848.2000,2848.4000,1,1,2,1,1,1,6,1,1,1
SF,IH2005,2020-05-15 09:30:53.200,2847.0000,10347,0,412470420.000,0,-,-,-,-,2846.4000,2846.0000,2845.8000,2845.6000,2845.0000,2846.8000,2847.2000,2847.4000,2847.6000,2847.8000,1,2,1,1,1,5,1,1,6,1
SF,IH2005,2020-05-15 09:30:53.700,2847.0000,10346,-1,413324520.000,1,0,1,双平,S,2846.6000,2846.4000,2846.0000,2845.8000,2845.6000,2846.8000,2847.2000,2847.4000,2847.6000,2847.8000,1,1,2,1,1,4,2,1,6,2
SF,IH2005,2020-05-15 09:30:54.200,2846.8000,10345,-1,414178560.000,1,0,1,双平,S,2846.6000,2846.0000,2845.8000,2845.6000,2845.2000,2846.8000,2847.2000,2847.4000,2847.6000,2847.8000,1,2,1,1,1,3,2,1,6,2
SF,IH2005,2020-05-15 09:30:54.700,2846.8000,10345,0,414178560.000,0,-,-,-,-,2846.0000,2845.8000,2845.6000,2845.2000,2845.0000,2846.2000,2846.6000,2846.8000,2847.2000,2847.4000,2,1,1,1,1,1,1,3,2,1
SF,IH2005,2020-05-15 09:30:55.200,2846.2000,10343,-2,415886280.000,2,0,2,双平,S,2846.2000,2846.0000,2845.8000,2845.6000,2845.2000,2846.6000,2846.8000,2847.2000,2847.4000,2847.8000,2,2,1,1,1,1,2,2,1,2
SF,IH2005,2020-05-15 09:30:55.700,2846.2000,10342,-1,416740140.000,1,0,1,双平,S,2846.2000,2846.0000,2845.6000,2845.2000,2845.0000,2846.4000,2846.6000,2846.8000,2847.2000,2847.4000,1,2,1,1,1,3,1,2,2,1
SF,IH2005,2020-05-15 09:30:56.200,2846.2000,10340,-2,418447860.000,2,0,2,双平,S,2846.2000,2846.0000,2845.6000,2845.2000,2845.0000,2846.4000,2846.6000,2846.8000,2847.2000,2847.4000,1,1,1,1,1,3,1,2,1,1
SF,IH2005,2020-05-15 09:30:56.700,2846.2000,10340,0,418447860.000,0,-,-,-,-,2846.2000,2846.0000,2845.6000,2845.2000,2845.0000,2846.4000,2846.6000,2846.8000,2847.2000,2847.4000,2,1,1,1,1,4,1,2,1,1
SF,IH2005,2020-05-15 09:30:57.200,2846.4000,10337,-3,421009620.000,3,0,3,双平,S,2846.2000,2846.0000,2845.6000,2845.2000,2845.0000,2846.4000,2846.6000,2846.8000,2847.4000,2847.6000,2,1,1,1,1,1,1,2,1,1
SF,IH2005,2020-05-15 09:30:57.700,2846.4000,10333,-4,424425420.000,4,0,4,双平,S,2846.2000,2846.0000,2845.6000,2845.2000,2845.0000,2846.8000,2847.4000,2847.6000,2847.8000,2848.2000,2,1,1,1,1,2,1,1,1,1
SF,IH2005,2020-05-15 09:30:58.200,2846.4000,10333,0,424425420.000,0,-,-,-,-,2846.4000,2846.2000,2846.0000,2845.6000,2845.2000,2846.8000,2847.4000,2847.6000,2847.8000,2848.2000,1,2,1,1,1,7,1,1,1,1
SF,IH2005,2020-05-15 09:30:58.700,2846.4000,10333,0,424425420.000,0,-,-,-,-,2846.6000,2846.4000,2846.2000,2846.0000,2845.6000,2846.8000,2847.6000,2847.8000,2848.2000,2848.4000,1,1,1,1,1,2,1,1,1,1
SF,IH2005,2020-05-15 09:30:59.200,2846.6000,10331,-2,426133380.000,2,0,2,双平,S,2846.6000,2846.2000,2846.0000,2845.6000,2845.2000,2846.8000,2847.6000,2847.8000,2848.2000,2848.4000,1,1,1,1,1,7,1,1,1,1
SF,IH2005,2020-05-15 09:30:59.700,2846.6000,10329,-2,427841340.000,2,0,2,双平,S,2846.6000,2846.2000,2846.0000,2845.6000,2845.2000,2846.8000,2847.6000,2847.8000,2848.2000,2848.4000,1,1,1,1,1,7,1,1,1,1
SF,IH2005,2020-05-15 09:31:00.200,2846.6000,10328,-1,428695320.000,1,0,1,双平,S,2846.6000,2846.2000,2846.0000,2845.6000,2845.2000,2846.8000,2847.6000,2847.8000,2848.2000,2848.4000,2,1,1,1,1,7,1,1,1,1
SF,IH2005,2020-05-15 09:31:00.700,2846.6000,10319,-9,436381140.000,9,0,9,双平,S,2846.6000,2846.2000,2846.0000,2845.6000,2845.2000,2846.8000,2847.6000,2847.8000,2848.2000,2848.4000,1,1,1,1,1,7,1,1,1,1
SF,IH2005,2020-05-15 09:31:01.200,2846.8000,10316,-3,440651520.000,5,1,4,多平,S,2846.8000,2846.6000,2846.2000,2846.0000,2845.6000,2847.8000,2848.2000,2848.4000,2848.8000,2849.0000,1,1,1,1,1,1,1,1,2,2
SF,IH2005,2020-05-15 09:31:01.700,2846.8000,10315,-1,441505560.000,1,0,1,双平,S,2847.0000,2846.8000,2846.6000,2846.2000,2846.0000,2847.6000,2847.8000,2848.2000,2848.4000,2848.8000,1,1,1,1,1,3,6,1,1,2
SF,IH2005,2020-05-15 09:31:02.200,2846.8000,10314,-1,442359600.000,1,0,1,双平,S,2847.0000,2846.8000,2846.6000,2846.2000,2846.0000,2847.2000,2847.6000,2847.8000,2848.2000,2848.8000,1,2,1,1,1,5,3,1,1,2
SF,IH2005,2020-05-15 09:31:02.700,2847.2000,10309,-5,446630280.000,5,0,5,双平,S,2846.8000,2846.6000,2846.2000,2846.0000,2845.6000,2847.2000,2847.6000,2847.8000,2848.2000,2848.8000,2,1,1,1,1,1,3,1,1,2
SF,IH2005,2020-05-15 09:31:03.200,2846.8000,10307,-2,448338360.000,2,0,2,双平,S,2847.4000,2846.6000,2846.2000,2846.0000,2845.6000,2847.6000,2847.8000,2848.2000,2848.8000,2849.0000,2,1,1,1,1,3,1,1,2,2
SF,IH2005,2020-05-15 09:31:03.700,2847.2000,10300,-7,454318080.000,7,0,7,双平,S,2847.0000,2846.6000,2846.2000,2846.0000,2845.6000,2847.4000,2847.8000,2848.2000,2848.8000,2849.0000,1,1,1,1,1,1,3,1,2,2
SF,IH2005,2020-05-15 09:31:04.200,2847.0000,10298,-2,456026400.000,2,0,2,双平,S,2846.6000,2846.2000,2846.0000,2845.6000,2845.2000,2847.4000,2847.8000,2848.2000,2848.8000,2849.0000,1,1,1,1,1,1,3,1,2,2
SF,IH2005,2020-05-15 09:31:04.700,2847.4000,10293,-5,460297260.000,5,0,5,双平,S,2846.8000,2846.6000,2846.2000,2846.0000,2845.6000,2847.6000,2847.8000,2848.2000,2848.8000,2849.0000,1,1,1,1,1,1,3,1,2,2
SF,IH2005,2020-05-15 09:31:05.200,2847.4000,10293,0,460297260.000,0,-,-,-,-,2846.8000,2846.6000,2846.2000,2846.0000,2845.6000,2847.6000,2847.8000,2848.0000,2848.2000,2848.8000,1,1,1,1,1,1,3,6,1,2
SF,IH2005,2020-05-15 09:31:05.700,2847.4000,10293,0,460297260.000,0,-,-,-,-,2847.2000,2846.8000,2846.6000,2846.2000,2846.0000,2847.6000,2847.8000,2848.0000,2848.2000,2848.8000,1,2,1,1,1,1,3,6,1,2
SF,IH2005,2020-05-15 09:31:06.200,2847.6000,10291,-2,462005820.000,2,0,2,双平,S,2847.2000,2846.8000,2846.6000,2846.2000,2846.0000,2847.8000,2848.0000,2848.2000,2848.8000,2849.0000,1,1,1,1,1,3,6,1,2,2
SF,IH2005,2020-05-15 09:31:06.700,2847.4000,10290,-1,462860040.000,1,0,1,双平,S,2847.2000,2846.8000,2846.6000,2846.2000,2846.0000,2847.8000,2848.0000,2848.2000,2848.8000,2849.0000,1,1,1,1,1,3,6,1,2,2
SF,IH2005,2020-05-15 09:31:07.200,2847.4000,10290,0,462860040.000,0,-,-,-,-,2847.2000,2846.8000,2846.6000,2846.2000,2846.0000,2847.8000,2848.0000,2848.2000,2848.8000,2849.0000,1,1,1,1,1,3,6,1,2,2
SF,IH2005,2020-05-15 09:31:07.700,2846.8000,10288,-2,464568240.000,2,0,2,双平,S,2846.2000,2846.0000,2845.6000,2845.2000,2845.0000,2847.8000,2848.0000,2848.2000,2848.8000,2849.0000,1,1,1,1,1,3,6,1,2,2
SF,IH2005,2020-05-15 09:31:08.200,2846.6000,10287,-1,466276500.000,2,0,2,多平,S,2846.4000,2846.2000,2846.0000,2845.6000,2845.2000,2847.6000,2847.8000,2848.0000,2848.2000,2848.8000,2,1,1,1,1,6,3,6,1,2
SF,IH2005,2020-05-15 09:31:08.700,2846.6000,10287,0,467130480.000,1,0,1,多换,S,2846.4000,2846.2000,2846.0000,2845.6000,2845.2000,2847.6000,2847.8000,2848.0000,2848.2000,2848.8000,1,1,1,1,1,12,3,6,1,2
SF,IH2005,2020-05-15 09:31:09.200,2846.6000,10287,0,467130480.000,0,-,-,-,-,2846.4000,2846.2000,2846.0000,2845.6000,2845.2000,2847.4000,2847.6000,2847.8000,2848.0000,2848.2000,1,1,1,1,1,1,7,3,6,1
SF,IH2005,2020-05-15 09:31:09.700,2846.6000,10287,0,467130480.000,0,-,-,-,-,2846.4000,2846.2000,2846.0000,2845.6000,2845.2000,2847.2000,2847.4000,2847.6000,2847.8000,2848.0000,1,1,1,1,1,4,1,6,3,6
SF,IH2005,2020-05-15 09:31:10.200,2846.6000,10287,0,467130480.000,0,-,-,-,-,2846.4000,2846.2000,2846.0000,2845.6000,2845.2000,2847.0000,2847.2000,2847.4000,2847.6000,2847.8000,1,1,1,1,1,1,4,1,6,3
SF,IH2005,2020-05-15 09:31:10.700,2847.0000,10286,-1,467984580.000,1,0,1,双平,S,2846.4000,2846.2000,2846.0000,2845.6000,2845.2000,2847.0000,2847.2000,2847.4000,2847.6000,2847.8000,1,1,1,1,1,1,3,1,6,3
SF,IH2005,2020-05-15 09:31:11.200,2847.0000,10286,0,468838680.000,1,0,1,多换,S,2846.4000,2846.2000,2846.0000,2845.6000,2845.2000,2847.2000,2847.4000,2847.6000,2847.8000,2848.0000,1,1,1,1,2,5,1,3,3,6
SF,IH2005,2020-05-15 09:31:11.700,2847.0000,10286,0,468838680.000,0,-,-,-,-,2846.4000,2846.2000,2846.0000,2845.6000,2845.2000,2847.0000,2847.2000,2847.4000,2847.6000,2847.8000,1,1,1,1,2,1,4,1,3,3
SF,IH2005,2020-05-15 09:31:12.200,2847.0000,10286,0,468838680.000,0,-,-,-,-,2846.4000,2846.2000,2846.0000,2845.6000,2845.2000,2847.2000,2847.4000,2847.6000,2847.8000,2848.0000,1,1,1,1,2,6,1,3,2,6
SF,IH2005,2020-05-15 09:31:12.700,2847.0000,10286,0,468838680.000,0,-,-,-,-,2846.6000,2846.4000,2846.2000,2846.0000,2845.6000,2846.8000,2847.2000,2847.4000,2847.6000,2847.8000,1,4,1,1,1,1,5,1,4,2
SF,IH2005,2020-05-15 09:31:14.200,2846.8000,10286,0,469692720.000,1,0,1,多换,S,2846.6000,2846.4000,2846.2000,2846.0000,2845.6000,2847.2000,2847.4000,2847.6000,2847.8000,2848.0000,1,4,1,1,1,5,1,4,2,6
SF,IH2005,2020-05-15 09:31:14.700,2846.8000,10286,0,469692720.000,0,-,-,-,-,2846.6000,2846.4000,2846.2000,2846.0000,2845.6000,2847.2000,2847.4000,2847.6000,2847.8000,2848.0000,1,4,1,1,1,3,1,4,2,6
SF,IH2005,2020-05-15 09:31:15.700,2846.8000,10286,0,469692720.000,0,-,-,-,-,2846.6000,2846.4000,2846.2000,2846.0000,2845.6000,2847.2000,2847.4000,2847.6000,2847.8000,2848.0000,1,4,1,1,1,7,1,4,2,6
SF,IH2005,2020-05-15 09:31:16.200,2846.8000,10286,0,469692720.000,0,-,-,-,-,2846.6000,2846.4000,2846.2000,2846.0000,2845.6000,2847.0000,2847.2000,2847.4000,2847.6000,2847.8000,1,4,1,1,1,1,3,1,4,2
SF,IH2005,2020-05-15 09:31:16.700,2846.6000,10285,-1,470546700.000,1,0,1,双平,S,2846.8000,2846.4000,2846.2000,2846.0000,2845.6000,2847.0000,2847.2000,2847.4000,2847.6000,2847.8000,1,4,1,1,1,1,3,1,4,2
SF,IH2005,2020-05-15 09:31:17.200,2846.8000,10284,-1,471400740.000,1,0,1,双平,S,2846.4000,2846.2000,2846.0000,2845.6000,2845.2000,2846.8000,2847.0000,2847.2000,2847.4000,2847.6000,4,1,1,1,2,1,1,3,2,5
SF,IH2005,2020-05-15 09:31:17.700,2846.8000,10284,0,471400740.000,0,-,-,-,-,2846.4000,2846.2000,2846.0000,2845.6000,2845.2000,2846.8000,2847.0000,2847.2000,2847.4000,2847.6000,4,1,1,1,2,1,1,4,1,5
SF,IH2005,2020-05-15 09:31:18.200,2847.0000,10282,-2,473108880.000,2,0,2,双平,S,2846.4000,2846.2000,2846.0000,2845.6000,2845.2000,2847.2000,2847.4000,2847.6000,2848.0000,2848.2000,3,1,1,1,2,3,1,5,6,1
SF,IH2005,2020-05-15 09:31:18.700,2846.4000,10280,-2,474816720.000,2,0,2,双平,S,2846.4000,2846.2000,2846.0000,2845.6000,2845.2000,2846.6000,2846.8000,2847.0000,2847.2000,2847.4000,1,1,1,1,2,4,10,6,4,1
SF,IH2005,2020-05-15 09:31:19.200,2846.4000,10279,-1,475670640.000,1,0,1,双平,S,2846.2000,2846.0000,2845.6000,2845.2000,2845.0000,2846.4000,2846.8000,2847.0000,2847.2000,2847.4000,1,1,1,2,1,14,10,2,4,1
SF,IH2005,2020-05-15 09:31:19.700,2846.2000,10277,-2,477378360.000,2,0,2,双平,S,2846.0000,2845.6000,2845.2000,2845.0000,2844.6000,2846.2000,2846.4000,2846.6000,2846.8000,2847.0000,1,1,2,1,3,11,2,5,12,1
SF,IH2005,2020-05-15 09:31:20.200,2846.0000,10276,-1,478232160.000,1,0,1,双平,S,2845.6000,2845.2000,2845.0000,2844.6000,2843.2000,2845.8000,2846.0000,2846.2000,2846.4000,2846.6000,1,1,1,3,2,5,3,1,2,1
SF,IH2005,2020-05-15 09:31:20.700,2846.2000,10268,-8,485916000.000,9,0,9,多平,S,2845.8000,2845.2000,2845.0000,2843.2000,2843.0000,2846.4000,2846.8000,2847.2000,2847.6000,2848.0000,2,1,1,2,2,2,6,6,6,6
SF,IH2005,2020-05-15 09:31:21.200,2845.8000,10267,-1,486769740.000,1,0,1,双平,S,2845.8000,2845.2000,2845.0000,2843.2000,2843.0000,2846.2000,2846.4000,2846.8000,2847.0000,2847.2000,1,1,1,2,2,2,8,6,4,6
SF,IH2005,2020-05-15 09:31:21.700,2845.8000,10266,-1,487623480.000,1,0,1,双平,S,2845.2000,2845.0000,2843.2000,2843.0000,2842.8000,2845.8000,2846.2000,2846.4000,2846.8000,2847.0000,1,1,2,2,2,1,2,8,6,4
SF,IH2005,2020-05-15 09:31:22.200,2845.8000,10266,0,488477220.000,1,0,1,多换,S,2845.2000,2845.0000,2843.2000,2843.0000,2842.8000,2845.8000,2846.2000,2846.4000,2846.8000,2847.0000,1,1,2,2,2,1,2,2,6,4
SF,IH2005,2020-05-15 09:31:22.700,2845.4000,10265,-1,489330840.000,1,0,1,双平,S,2845.4000,2845.2000,2845.0000,2843.2000,2843.0000,2845.8000,2846.2000,2846.4000,2846.8000,2847.0000,2,1,1,2,2,1,2,2,6,4
SF,IH2005,2020-05-15 09:31:23.200,2845.4000,10265,0,489330840.000,0,-,-,-,-,2845.4000,2845.2000,2843.2000,2843.0000,2842.8000,2845.8000,2846.2000,2846.4000,2846.8000,2847.0000,2,1,2,2,2,1,2,2,6,4
SF,IH2005,2020-05-15 09:31:23.700,2845.4000,10264,-1,490184460.000,1,0,1,双平,S,2845.4000,2845.2000,2843.2000,2843.0000,2842.8000,2845.8000,2846.2000,2846.4000,2846.8000,2847.0000,1,1,2,2,2,1,2,2,6,5
SF,IH2005,2020-05-15 09:31:24.200,2845.4000,10263,-1,491038080.000,1,0,1,双平,S,2845.2000,2843.2000,2843.0000,2842.8000,2842.0000,2845.8000,2846.2000,2846.4000,2846.8000,2847.0000,1,2,2,2,2,1,2,2,6,5
SF,IH2005,2020-05-15 09:31:24.700,2845.4000,10263,0,491038080.000,0,-,-,-,-,2845.2000,2843.4000,2843.2000,2843.0000,2842.8000,2845.4000,2845.8000,2846.2000,2846.4000,2846.8000,1,2,2,2,2,9,1,2,2,6
SF,IH2005,2020-05-15 09:31:25.200,2845.4000,10259,-4,494452560.000,4,0,4,双平,S,2845.2000,2843.4000,2843.2000,2843.0000,2842.8000,2845.4000,2845.8000,2846.2000,2846.4000,2846.8000,1,2,2,2,2,5,1,2,2,1
SF,IH2005,2020-05-15 09:31:25.700,2845.4000,10253,-6,499574220.000,6,0,6,双平,S,2845.4000,2843.4000,2843.2000,2843.0000,2842.8000,2845.8000,2846.2000,2846.4000,2846.8000,2847.0000,5,2,2,2,2,2,2,2,1,5
SF,IH2005,2020-05-15 09:31:26.200,2845.4000,10253,0,499574220.000,0,-,-,-,-,2845.4000,2845.0000,2843.4000,2843.2000,2843.0000,2845.8000,2846.2000,2846.4000,2846.8000,2847.0000,5,1,2,2,2,2,2,2,1,6
SF,IH2005,2020-05-15 09:31:26.700,2845.4000,10253,0,499574220.000,0,-,-,-,-,2845.6000,2845.4000,2845.0000,2843.4000,2843.2000,2845.8000,2846.2000,2846.4000,2846.8000,2847.0000,1,7,1,2,2,2,2,2,1,6
SF,IH2005,2020-05-15 09:31:27.200,2845.6000,10250,-3,502989120.000,4,0,4,多平,S,2845.4000,2845.0000,2843.4000,2843.2000,2843.0000,2845.8000,2846.2000,2846.4000,2846.6000,2846.8000,4,1,2,2,2,1,2,2,1,1
SF,IH2005,2020-05-15 09:31:27.700,2845.6000,10250,0,502989120.000,0,-,-,-,-,2845.4000,2845.0000,2843.4000,2843.2000,2843.0000,2845.8000,2846.2000,2846.4000,2846.6000,2846.8000,3,1,2,2,2,1,2,2,1,1
SF,IH2005,2020-05-15 09:31:28.200,2845.4000,10249,-1,504696420.000,2,0,2,多平,S,2845.4000,2845.0000,2844.6000,2843.4000,2843.2000,2845.8000,2846.2000,2846.4000,2846.6000,2846.8000,3,1,1,2,2,1,2,2,1,1
SF,IH2005,2020-05-15 09:31:28.700,2845.8000,10249,0,505550160.000,1,0,1,多换,S,2845.4000,2845.0000,2844.6000,2843.4000,2843.2000,2846.2000,2846.4000,2846.6000,2846.8000,2847.0000,3,1,1,2,2,2,2,1,1,7
SF,IH2005,2020-05-15 09:31:29.200,2845.8000,10249,0,505550160.000,0,-,-,-,-,2845.4000,2845.0000,2844.6000,2843.4000,2843.2000,2846.0000,2846.2000,2846.4000,2846.6000,2846.8000,3,1,1,2,2,2,2,2,1,1
SF,IH2005,2020-05-15 09:31:29.700,2845.8000,10249,0,505550160.000,0,-,-,-,-,2845.4000,2845.0000,2844.6000,2843.4000,2843.2000,2845.8000,2846.2000,2846.4000,2846.6000,2846.8000,3,1,1,2,2,2,1,2,1,1
SF,IH2005,2020-05-15 09:31:30.200,2845.4000,10247,-2,507257400.000,2,0,2,双平,S,2845.4000,2845.0000,2844.6000,2843.4000,2843.2000,2846.2000,2846.4000,2846.6000,2846.8000,2847.0000,1,1,1,2,2,1,2,1,1,7
SF,IH2005,2020-05-15 09:31:30.700,2845.4000,10246,-1,508111020.000,1,0,1,双平,S,2845.0000,2844.6000,2843.4000,2843.2000,2843.0000,2845.4000,2846.0000,2846.2000,2846.4000,2846.6000,1,1,2,2,2,2,2,1,3,2
SF,IH2005,2020-05-15 09:31:31.200,2846.2000,10241,-5,512379720.000,5,0,5,双平,S,2845.4000,2845.2000,2844.6000,2843.4000,2843.2000,2846.4000,2846.6000,2846.8000,2847.0000,2847.2000,14,1,1,2,2,3,1,1,7,5
SF,IH2005,2020-05-15 09:31:31.700,2846.4000,10238,-3,514941480.000,3,0,3,双平,S,2846.4000,2845.6000,2845.4000,2845.2000,2844.8000,2846.6000,2846.8000,2847.0000,2847.2000,2847.6000,1,3,14,1,1,1,1,7,5,2
SF,IH2005,2020-05-15 09:31:32.200,2846.8000,10235,-3,517503420.000,3,0,3,双平,S,2845.6000,2845.4000,2845.2000,2844.8000,2844.6000,2847.0000,2847.2000,2847.6000,2848.0000,2848.2000,3,14,1,1,1,7,5,2,6,1
SF,IH2005,2020-05-15 09:31:32.700,2847.0000,10230,-5,521773800.000,5,0,5,双平,S,2845.8000,2845.6000,2845.4000,2845.2000,2844.8000,2847.0000,2847.2000,2847.6000,2848.0000,2848.2000,2,3,14,1,1,5,5,2,6,1
SF,IH2005,2020-05-15 09:31:33.200,2846.0000,10229,-1,522627600.000,1,0,1,双平,S,2846.0000,2845.8000,2845.6000,2845.4000,2845.2000,2847.0000,2847.2000,2847.6000,2848.0000,2848.2000,2,8,1,14,1,5,5,2,6,1
SF,IH2005,2020-05-15 09:31:33.700,2847.0000,10228,-1,523481700.000,1,0,1,双平,S,2846.2000,2846.0000,2845.8000,2845.6000,2845.4000,2847.0000,2847.2000,2847.6000,2848.0000,2848.2000,2,2,6,1,14,4,5,2,6,1
SF,IH2005,2020-05-15 09:31:34.200,2846.4000,10227,-1,524335620.000,1,0,1,双平,S,2846.4000,2846.2000,2845.8000,2845.6000,2845.4000,2847.0000,2847.2000,2847.6000,2848.0000,2848.2000,2,2,2,1,14,4,5,2,6,1
SF,IH2005,2020-05-15 09:31:34.700,2846.4000,10227,0,524335620.000,0,-,-,-,-,2846.6000,2846.4000,2846.2000,2845.8000,2845.6000,2847.0000,2847.2000,2847.6000,2848.0000,2848.2000,1,2,1,2,1,4,5,2,6,1
SF,IH2005,2020-05-15 09:31:35.200,2846.6000,10226,-1,525189600.000,1,0,1,双平,S,2846.4000,2846.2000,2846.0000,2845.8000,2845.6000,2846.6000,2847.0000,2847.2000,2847.6000,2848.0000,2,1,9,2,1,1,4,5,2,6
SF,IH2005,2020-05-15 09:31:35.700,2846.6000,10225,-1,526043580.000,1,0,1,双平,S,2846.4000,2846.0000,2845.8000,2845.6000,2845.4000,2847.0000,2847.2000,2847.6000,2848.0000,2848.2000,2,9,2,1,14,4,5,2,6,1
SF,IH2005,2020-05-15 09:31:36.200,2846.6000,10225,0,526043580.000,0,-,-,-,-,2846.6000,2846.4000,2846.0000,2845.8000,2845.6000,2847.0000,2847.2000,2847.6000,2848.0000,2848.2000,1,1,9,2,1,4,5,2,6,1
SF,IH2005,2020-05-15 09:31:36.700,2846.6000,10224,-1,526897560.000,1,0,1,双平,S,2846.4000,2846.0000,2845.8000,2845.6000,2845.4000,2847.0000,2847.2000,2847.6000,2848.0000,2848.2000,1,9,2,1,14,8,7,2,6,1
SF,IH2005,2020-05-15 09:31:37.200,2846.6000,10224,0,526897560.000,0,-,-,-,-,2846.4000,2846.0000,2845.8000,2845.6000,2845.4000,2847.0000,2847.2000,2847.6000,2848.0000,2848.2000,1,9,2,1,14,4,6,2,6,1
SF,IH2005,2020-05-15 09:31:37.700,2846.6000,10224,0,526897560.000,0,-,-,-,-,2846.4000,2846.0000,2845.8000,2845.6000,2845.4000,2846.8000,2847.0000,2847.2000,2847.6000,2848.0000,1,9,2,1,14,1,3,7,2,6
SF,IH2005,2020-05-15 09:31:38.200,2846.8000,10223,-1,527751600.000,1,0,1,双平,S,2846.4000,2846.0000,2845.8000,2845.6000,2845.4000,2847.0000,2847.2000,2847.6000,2848.0000,2848.2000,1,9,2,1,14,3,7,2,6,1
SF,IH2005,2020-05-15 09:31:39.200,2847.0000,10222,-1,528605700.000,1,0,1,双平,S,2846.6000,2846.4000,2846.0000,2845.8000,2845.6000,2847.0000,2847.2000,2847.6000,2848.0000,2848.2000,1,1,9,2,1,7,7,2,6,1
SF,IH2005,2020-05-15 09:31:39.700,2846.8000,10221,-1,529459740.000,1,0,1,双平,S,2846.6000,2846.0000,2845.8000,2845.6000,2845.4000,2846.8000,2847.0000,2847.2000,2847.6000,2848.0000,1,9,2,1,4,2,3,6,2,6
SF,IH2005,2020-05-15 09:31:40.200,2846.8000,10221,0,529459740.000,0,-,-,-,-,2846.6000,2846.0000,2845.8000,2845.6000,2845.4000,2846.8000,2847.0000,2847.2000,2847.6000,2848.0000,1,9,2,1,4,2,2,7,2,7
SF,IH2005,2020-05-15 09:31:40.700,2846.8000,10220,-1,530313780.000,1,0,1,双平,S,2846.6000,2846.4000,2846.0000,2845.8000,2845.6000,2846.8000,2847.0000,2847.2000,2847.6000,2848.0000,1,2,9,2,1,1,2,6,2,7
SF,IH2005,2020-05-15 09:31:41.200,2846.8000,10220,0,530313780.000,0,-,-,-,-,2846.6000,2846.4000,2846.0000,2845.8000,2845.6000,2846.8000,2847.0000,2847.2000,2847.6000,2848.0000,1,2,9,2,1,1,2,6,2,7
SF,IH2005,2020-05-15 09:31:41.700,2846.6000,10219,-1,531167760.000,1,0,1,双平,S,2846.4000,2846.0000,2845.8000,2845.6000,2845.4000,2846.6000,2846.8000,2847.0000,2847.2000,2847.6000,2,9,2,1,1,1,1,3,6,2
SF,IH2005,2020-05-15 09:31:42.200,2846.6000,10216,-3,534583500.000,4,0,4,多平,S,2846.0000,2845.8000,2845.6000,2845.4000,2845.2000,2846.8000,2847.0000,2847.2000,2847.6000,2848.0000,9,2,1,1,1,1,3,6,2,7
SF,IH2005,2020-05-15 09:31:42.700,2846.2000,10213,-3,537145200.000,3,0,3,双平,S,2846.6000,2846.0000,2845.8000,2845.6000,2845.4000,2846.8000,2847.0000,2847.2000,2847.6000,2848.0000,1,9,2,1,1,1,4,6,2,7
SF,IH2005,2020-05-15 09:31:43.200,2846.6000,10211,-2,538853160.000,2,0,2,双平,S,2846.0000,2845.8000,2845.6000,2845.4000,2845.2000,2846.8000,2847.0000,2847.2000,2847.6000,2848.0000,9,1,1,1,1,1,4,6,2,7
SF,IH2005,2020-05-15 09:31:43.700,2846.6000,10211,0,538853160.000,0,-,-,-,-,2846.6000,2846.0000,2845.6000,2845.4000,2845.2000,2846.8000,2847.0000,2847.2000,2847.6000,2848.0000,4,9,1,1,1,1,4,6,2,7
SF,IH2005,2020-05-15 09:31:44.200,2846.8000,10210,-1,539707200.000,1,0,1,双平,S,2846.6000,2846.0000,2845.6000,2845.4000,2845.2000,2847.0000,2847.2000,2847.6000,2848.0000,2848.2000,4,9,1,1,1,4,6,2,7,1
SF,IH2005,2020-05-15 09:31:44.700,2846.8000,10210,0,539707200.000,0,-,-,-,-,2846.6000,2846.0000,2845.6000,2845.4000,2845.2000,2847.0000,2847.2000,2847.6000,2847.8000,2848.0000,4,9,1,1,1,3,7,2,2,7
SF,IH2005,2020-05-15 09:31:45.200,2846.8000,10210,0,539707200.000,0,-,-,-,-,2846.6000,2846.2000,2846.0000,2845.6000,2845.4000,2847.0000,2847.2000,2847.6000,2847.8000,2848.0000,4,1,9,1,1,3,7,2,2,7
SF,IH2005,2020-05-15 09:31:45.700,2846.8000,10210,0,539707200.000,0,-,-,-,-,2846.6000,2846.2000,2846.0000,2845.6000,2845.4000,2847.0000,2847.2000,2847.6000,2847.8000,2848.0000,4,1,9,1,1,3,8,2,2,7
SF,IH2005,2020-05-15 09:31:46.200,2847.0000,10205,-5,543977700.000,5,0,5,双平,S,2847.0000,2846.6000,2846.2000,2846.0000,2845.6000,2847.2000,2847.6000,2847.8000,2848.0000,2848.2000,5,4,1,9,1,8,2,2,7,1
SF,IH2005,2020-05-15 09:31:46.700,2847.2000,10199,-6,549102360.000,6,0,6,双平,S,2846.6000,2846.2000,2846.0000,2845.2000,2844.8000,2847.2000,2847.4000,2847.6000,2847.8000,2848.0000,4,1,9,1,1,6,1,2,2,7
SF,IH2005,2020-05-15 09:31:47.700,2847.2000,10199,0,549102360.000,0,-,-,-,-,2846.6000,2846.2000,2846.0000,2845.2000,2844.8000,2847.2000,2847.4000,2847.6000,2847.8000,2848.0000,4,1,9,1,1,5,1,2,2,7
SF,IH2005,2020-05-15 09:31:48.200,2847.2000,10199,0,549102360.000,0,-,-,-,-,2846.8000,2846.6000,2846.2000,2846.0000,2845.2000,2847.2000,2847.4000,2847.6000,2847.8000,2848.0000,2,4,1,9,1,6,1,2,2,7
SF,IH2005,2020-05-15 09:31:48.700,2847.2000,10199,0,549102360.000,0,-,-,-,-,2846.8000,2846.6000,2846.2000,2846.0000,2845.2000,2847.2000,2847.6000,2847.8000,2848.0000,2848.2000,6,4,1,9,1,7,2,2,7,1
SF,IH2005,2020-05-15 09:31:49.200,2846.8000,10197,-2,550810560.000,2,0,2,双平,S,2846.8000,2846.6000,2846.2000,2846.0000,2845.2000,2847.0000,2847.2000,2847.6000,2847.8000,2848.0000,5,4,1,9,1,4,7,2,2,7
SF,IH2005,2020-05-15 09:31:49.700,2846.8000,10192,-5,555080760.000,5,0,5,双平,S,2846.6000,2846.2000,2846.0000,2845.2000,2845.0000,2846.8000,2847.0000,2847.2000,2847.6000,2847.8000,4,1,9,1,2,1,5,7,2,2
SF,IH2005,2020-05-15 09:31:50.200,2846.8000,10191,-1,555934800.000,1,0,1,双平,S,2846.6000,2846.2000,2846.0000,2845.2000,2845.0000,2847.0000,2847.2000,2847.6000,2847.8000,2848.0000,4,1,9,1,2,9,6,2,2,7
SF,IH2005,2020-05-15 09:31:50.700,2846.8000,10191,0,555934800.000,0,-,-,-,-,2846.6000,2846.2000,2846.0000,2845.2000,2845.0000,2846.8000,2847.0000,2847.2000,2847.6000,2847.8000,4,1,9,1,2,1,9,6,2,2
SF,IH2005,2020-05-15 09:31:51.200,2846.8000,10190,-1,556788840.000,1,0,1,双平,S,2846.8000,2846.6000,2846.2000,2846.0000,2845.2000,2847.0000,2847.2000,2847.6000,2847.8000,2848.0000,1,4,1,9,1,9,6,2,2,7
SF,IH2005,2020-05-15 09:31:51.700,2846.8000,10190,0,556788840.000,0,-,-,-,-,2846.8000,2846.6000,2846.2000,2846.0000,2845.2000,2847.0000,2847.2000,2847.6000,2847.8000,2848.0000,1,4,1,9,1,5,6,2,2,7
SF,IH2005,2020-05-15 09:31:52.200,2847.0000,10185,-5,561059340.000,5,0,5,双平,S,2847.0000,2846.8000,2846.6000,2846.2000,2846.0000,2847.2000,2847.6000,2847.8000,2848.0000,2848.2000,4,1,5,1,9,6,2,2,7,1
SF,IH2005,2020-05-15 09:31:53.200,2847.0000,10185,0,561059340.000,0,-,-,-,-,2847.0000,2846.8000,2846.6000,2846.2000,2846.0000,2847.2000,2847.6000,2847.8000,2848.0000,2848.2000,4,1,5,1,9,5,2,2,7,1
SF,IH2005,2020-05-15 09:31:53.700,2847.2000,10183,-2,563621820.000,3,0,3,多平,S,2847.0000,2846.8000,2846.6000,2846.2000,2846.0000,2847.2000,2847.6000,2847.8000,2848.0000,2848.2000,4,1,5,1,9,2,2,3,7,1
SF,IH2005,2020-05-15 09:31:54.200,2847.0000,10182,-1,564475920.000,1,0,1,双平,S,2847.0000,2846.8000,2846.6000,2846.2000,2846.0000,2847.2000,2847.6000,2847.8000,2848.0000,2848.2000,3,1,5,1,9,1,2,3,7,1
SF,IH2005,2020-05-15 09:31:54.700,2847.2000,10181,-1,565330080.000,1,0,1,双平,S,2847.0000,2846.8000,2846.6000,2846.2000,2846.0000,2847.6000,2847.8000,2848.0000,2848.2000,2848.4000,3,1,5,1,9,2,3,7,1,1
SF,IH2005,2020-05-15 09:31:55.200,2847.2000,10181,0,565330080.000,0,-,-,-,-,2847.2000,2847.0000,2846.8000,2846.6000,2846.2000,2847.6000,2847.8000,2848.0000,2848.2000,2848.4000,2,3,1,5,1,2,3,7,1,1
SF,IH2005,2020-05-15 09:31:55.700,2847.2000,10181,0,565330080.000,0,-,-,-,-,2847.2000,2847.0000,2846.8000,2846.6000,2846.2000,2847.6000,2847.8000,2848.0000,2848.2000,2848.4000,2,3,2,5,1,1,3,7,1,1
SF,IH2005,2020-05-15 09:31:56.200,2847.2000,10181,0,565330080.000,0,-,-,-,-,2847.2000,2847.0000,2846.8000,2846.6000,2846.4000,2847.6000,2847.8000,2848.0000,2848.2000,2848.4000,2,3,2,5,1,1,3,7,1,1
SF,IH2005,2020-05-15 09:31:56.700,2847.6000,10174,-7,571310040.000,7,0,7,双平,S,2847.2000,2847.0000,2846.8000,2846.6000,2846.4000,2847.4000,2847.6000,2847.8000,2848.0000,2848.2000,1,3,2,1,1,1,1,3,7,1
SF,IH2005,2020-05-15 09:31:57.200,2847.2000,10172,-2,573018420.000,2,0,2,双平,S,2847.0000,2846.8000,2846.6000,2846.4000,2846.2000,2847.2000,2847.6000,2847.8000,2848.0000,2848.2000,3,2,1,1,1,4,1,3,7,1
SF,IH2005,2020-05-15 09:31:57.700,2847.2000,10168,-4,576435060.000,4,0,4,双平,S,2847.0000,2846.8000,2846.6000,2846.4000,2846.2000,2847.6000,2847.8000,2848.0000,2848.2000,2848.4000,3,2,1,1,1,1,3,7,1,1
SF,IH2005,2020-05-15 09:31:58.200,2847.6000,10166,-2,578143440.000,2,0,2,双平,S,2847.0000,2846.8000,2846.6000,2846.4000,2846.2000,2847.8000,2848.0000,2848.2000,2848.4000,2848.6000,2,1,1,1,1,3,8,1,1,1
SF,IH2005,2020-05-15 09:31:58.700,2847.0000,10165,-1,578997540.000,1,0,1,双平,S,2847.0000,2846.8000,2846.6000,2846.4000,2846.2000,2847.4000,2847.6000,2847.8000,2848.0000,2848.2000,1,1,1,1,1,1,2,4,8,1
SF,IH2005,2020-05-15 09:31:59.200,2847.0000,10164,-1,579851640.000,1,0,1,双平,S,2846.8000,2846.6000,2846.4000,2846.2000,2846.0000,2847.4000,2847.6000,2847.8000,2848.0000,2848.2000,1,1,1,1,10,1,2,4,8,1
SF,IH2005,2020-05-15 09:31:59.700,2847.0000,10164,0,579851640.000,0,-,-,-,-,2847.0000,2846.8000,2846.6000,2846.4000,2846.2000,2847.4000,2847.6000,2847.8000,2848.0000,2848.2000,2,1,1,1,1,1,2,4,8,1
SF,IH2005,2020-05-15 09:32:00.200,2847.0000,10163,-1,580705740.000,1,0,1,双平,S,2847.0000,2846.6000,2846.4000,2846.2000,2846.0000,2847.4000,2847.6000,2847.8000,2848.0000,2848.2000,1,1,1,1,1,1,2,6,8,1
SF,IH2005,2020-05-15 09:32:00.700,2847.4000,10163,0,581559960.000,1,0,1,多换,S,2847.0000,2846.6000,2846.4000,2846.2000,2846.0000,2847.4000,2847.6000,2847.8000,2848.0000,2848.2000,1,1,1,1,1,15,2,6,8,1
SF,IH2005,2020-05-15 09:32:01.200,2847.0000,10162,-1,582414060.000,1,0,1,双平,S,2846.6000,2846.4000,2846.2000,2846.0000,2845.6000,2847.2000,2847.4000,2847.8000,2848.0000,2848.2000,1,1,1,1,1,3,16,6,8,1
SF,IH2005,2020-05-15 09:32:02.200,2847.0000,10162,0,582414060.000,0,-,-,-,-,2847.0000,2846.6000,2846.4000,2846.2000,2846.0000,2847.2000,2847.4000,2847.8000,2848.0000,2848.2000,1,1,1,1,1,3,17,6,8,1
SF,IH2005,2020-05-15 09:32:02.700,2847.0000,10160,-2,584122260.000,2,0,2,双平,S,2846.6000,2846.4000,2846.2000,2846.0000,2845.6000,2847.0000,2847.2000,2847.4000,2847.8000,2848.0000,1,1,1,1,1,2,3,17,6,8
SF,IH2005,2020-05-15 09:32:03.200,2847.0000,10159,-1,584976360.000,1,0,1,双平,S,2846.6000,2846.4000,2846.2000,2846.0000,2845.6000,2847.0000,2847.2000,2847.4000,2847.8000,2848.0000,1,1,1,1,1,3,3,17,6,8
SF,IH2005,2020-05-15 09:32:03.700,2846.6000,10158,-1,585830340.000,1,0,1,双平,S,2846.2000,2846.0000,2845.6000,2845.2000,2845.0000,2847.0000,2847.2000,2847.4000,2847.8000,2848.0000,1,1,1,1,2,9,3,11,6,8
SF,IH2005,2020-05-15 09:32:04.200,2846.6000,10158,0,585830340.000,0,-,-,-,-,2846.4000,2846.2000,2846.0000,2845.6000,2845.2000,2846.8000,2847.0000,2847.2000,2847.4000,2847.8000,1,1,1,1,1,1,9,2,11,6
SF,IH2005,2020-05-15 09:32:04.700,2846.6000,10158,0,585830340.000,0,-,-,-,-,2846.6000,2846.4000,2846.2000,2846.0000,2845.6000,2846.8000,2847.0000,2847.2000,2847.4000,2847.8000,3,1,1,1,1,1,9,2,11,6
SF,IH2005,2020-05-15 09:32:05.200,2846.6000,10157,-1,586684320.000,1,0,1,双平,S,2846.6000,2846.4000,2846.2000,2846.0000,2845.6000,2847.0000,2847.2000,2847.4000,2847.8000,2848.0000,3,1,1,1,1,9,2,11,6,8
SF,IH2005,2020-05-15 09:32:05.700,2846.6000,10156,-1,587538300.000,1,0,1,双平,S,2846.8000,2846.6000,2846.4000,2846.2000,2846.0000,2847.0000,2847.2000,2847.4000,2847.8000,2848.0000,2,3,1,1,1,16,2,6,6,8
SF,IH2005,2020-05-15 09:32:06.200,2846.8000,10154,-2,589246380.000,2,0,2,双平,S,2846.6000,2846.4000,2846.2000,2846.0000,2845.6000,2847.0000,2847.4000,2847.8000,2848.0000,2848.2000,3,1,1,1,1,18,3,6,8,1
SF,IH2005,2020-05-15 09:32:06.700,2846.8000,10154,0,589246380.000,0,-,-,-,-,2846.6000,2846.4000,2846.2000,2846.0000,2845.6000,2846.8000,2847.0000,2847.4000,2847.8000,2848.0000,3,1,1,1,1,1,18,3,6,8
SF,IH2005,2020-05-15 09:32:07.200,2846.8000,10153,-1,590100420.000,1,0,1,双平,S,2846.8000,2846.6000,2846.4000,2846.2000,2846.0000,2847.0000,2847.4000,2847.8000,2848.0000,2848.2000,2,3,1,1,1,18,4,6,8,1
SF,IH2005,2020-05-15 09:32:07.700,2847.0000,10151,-2,591808620.000,2,0,2,双平,S,2846.8000,2846.6000,2846.4000,2846.2000,2846.0000,2847.0000,2847.4000,2847.6000,2847.8000,2848.0000,3,3,1,1,1,16,4,1,6,8
SF,IH2005,2020-05-15 09:32:08.200,2847.0000,10151,0,591808620.000,0,-,-,-,-,2846.8000,2846.6000,2846.4000,2846.2000,2846.0000,2847.0000,2847.4000,2847.6000,2847.8000,2848.0000,3,3,1,1,1,16,3,1,6,8
SF,IH2005,2020-05-15 09:32:08.700,2847.0000,10147,-4,595225020.000,4,0,4,双平,S,2846.8000,2846.6000,2846.4000,2846.2000,2846.0000,2847.0000,2847.4000,2847.6000,2847.8000,2848.0000,3,3,1,1,1,12,3,1,6,8
SF,IH2005,2020-05-15 09:32:09.200,2847.0000,10141,-6,600349620.000,6,0,6,双平,S,2846.8000,2846.6000,2846.4000,2846.2000,2846.0000,2847.0000,2847.4000,2847.6000,2847.8000,2848.0000,3,3,1,1,1,6,3,1,6,8
SF,IH2005,2020-05-15 09:32:10.200,2847.0000,10141,0,600349620.000,0,-,-,-,-,2846.8000,2846.6000,2846.4000,2846.2000,2846.0000,2847.0000,2847.4000,2847.6000,2847.8000,2848.0000,1,3,1,1,1,6,3,1,6,8
SF,IH2005,2020-05-15 09:32:11.700,2847.0000,10141,0,600349620.000,0,-,-,-,-,2846.8000,2846.6000,2846.4000,2846.2000,2846.0000,2847.0000,2847.4000,2847.6000,2847.8000,2848.0000,1,3,1,1,1,6,5,1,6,8
SF,IH2005,2020-05-15 09:32:12.200,2847.0000,10140,-1,601203720.000,1,0,1,双平,S,2846.8000,2846.6000,2846.4000,2846.2000,2846.0000,2847.0000,2847.4000,2847.6000,2847.8000,2848.0000,1,3,2,1,1,5,5,1,6,8
SF,IH2005,2020-05-15 09:32:12.700,2847.0000,10139,-1,602057820.000,1,0,1,双平,S,2846.8000,2846.6000,2846.4000,2846.2000,2846.0000,2847.0000,2847.4000,2847.6000,2847.8000,2848.0000,1,3,2,1,1,4,4,1,6,8
SF,IH2005,2020-05-15 09:32:13.700,2847.0000,10139,0,602911920.000,1,0,1,多换,S,2846.8000,2846.6000,2846.4000,2846.2000,2846.0000,2847.0000,2847.4000,2847.6000,2847.8000,2848.0000,1,3,2,1,1,3,4,1,6,8
SF,IH2005,2020-05-15 09:32:14.200,2847.0000,10139,0,602911920.000,0,-,-,-,-,2846.8000,2846.6000,2846.4000,2846.2000,2846.0000,2847.0000,2847.4000,2847.6000,2847.8000,2848.0000,1,3,2,1,1,5,4,1,6,8
SF,IH2005,2020-05-15 09:32:14.700,2847.0000,10138,-1,603766020.000,1,0,1,双平,S,2846.8000,2846.6000,2846.4000,2846.2000,2846.0000,2847.0000,2847.4000,2847.6000,2847.8000,2848.0000,1,3,2,1,1,4,4,1,6,8
SF,IH2005,2020-05-15 09:32:15.200,2846.8000,10136,-2,605474160.000,2,0,2,双平,S,2846.6000,2846.4000,2846.2000,2846.0000,2845.6000,2846.8000,2847.0000,2847.4000,2847.6000,2847.8000,3,2,2,1,1,1,3,4,1,6
SF,IH2005,2020-05-15 09:32:15.700,2846.8000,10133,-3,608890320.000,4,0,4,多平,S,2846.6000,2846.4000,2846.2000,2846.0000,2845.6000,2847.0000,2847.4000,2847.6000,2847.8000,2848.0000,3,2,2,1,1,2,4,1,6,8
SF,IH2005,2020-05-15 09:32:16.200,2846.6000,10132,-1,609744300.000,1,0,1,双平,S,2846.6000,2846.4000,2846.2000,2846.0000,2845.6000,2847.0000,2847.4000,2847.6000,2847.8000,2848.0000,2,2,2,1,1,2,4,1,6,8
SF,IH2005,2020-05-15 09:32:16.700,2846.6000,10132,0,609744300.000,0,-,-,-,-,2846.6000,2846.4000,2846.2000,2846.0000,2845.6000,2847.0000,2847.4000,2847.6000,2847.8000,2848.0000,2,2,4,1,1,2,4,1,6,8
SF,IH2005,2020-05-15 09:32:17.200,2847.0000,10130,-2,611452500.000,2,0,2,双平,S,2846.6000,2846.4000,2846.2000,2846.0000,2845.6000,2847.4000,2847.6000,2847.8000,2848.0000,2848.2000,2,2,4,1,1,4,1,6,8,1
SF,IH2005,2020-05-15 09:32:17.700,2847.0000,10130,0,611452500.000,0,-,-,-,-,2846.6000,2846.4000,2846.2000,2846.0000,2845.6000,2847.4000,2847.6000,2847.8000,2848.0000,2848.2000,2,3,4,1,1,4,1,6,8,1
SF,IH2005,2020-05-15 09:32:18.200,2846.8000,10129,-1,612306540.000,1,0,1,双平,S,2846.8000,2846.6000,2846.4000,2846.2000,2846.0000,2847.4000,2847.6000,2847.8000,2848.0000,2848.2000,1,2,2,4,1,4,1,6,8,1
SF,IH2005,2020-05-15 09:32:19.200,2846.8000,10129,0,612306540.000,0,-,-,-,-,2847.0000,2846.8000,2846.6000,2846.4000,2846.2000,2847.4000,2847.6000,2847.8000,2848.0000,2848.2000,1,1,2,2,4,4,1,6,8,1
SF,IH2005,2020-05-15 09:32:19.700,2847.4000,10128,-1,613160760.000,1,0,1,双平,S,2847.2000,2846.8000,2846.6000,2846.4000,2846.2000,2847.4000,2847.6000,2847.8000,2848.0000,2848.2000,1,1,2,2,4,3,1,6,8,1
SF,IH2005,2020-05-15 09:32:20.200,2847.2000,10127,-1,614014920.000,1,0,1,双平,S,2846.8000,2846.6000,2846.4000,2846.2000,2846.0000,2847.0000,2847.4000,2847.6000,2847.8000,2848.0000,1,2,2,4,1,1,3,1,6,8
SF,IH2005,2020-05-15 09:32:20.700,2847.0000,10126,-1,614869020.000,1,0,1,双平,S,2846.8000,2846.6000,2846.4000,2846.2000,2846.0000,2847.4000,2847.6000,2847.8000,2848.0000,2848.2000,1,2,2,4,1,3,1,6,8,1
SF,IH2005,2020-05-15 09:32:21.200,2847.0000,10126,0,614869020.000,0,-,-,-,-,2846.8000,2846.6000,2846.4000,2846.2000,2846.0000,2847.2000,2847.4000,2847.6000,2847.8000,2848.0000,2,2,2,4,1,2,3,1,6,8
SF,IH2005,2020-05-15 09:32:21.700,2846.8000,10125,-1,615723060.000,1,0,1,双平,S,2846.8000,2846.6000,2846.4000,2846.2000,2846.0000,2847.2000,2847.4000,2847.6000,2847.8000,2848.0000,1,2,2,4,1,3,1,1,4,8
SF,IH2005,2020-05-15 09:32:22.200,2846.8000,10124,-1,616577100.000,1,0,1,双平,S,2846.6000,2846.4000,2846.2000,2846.0000,2845.6000,2847.2000,2847.4000,2847.6000,2847.8000,2848.0000,2,2,4,1,1,3,1,1,4,8
SF,IH2005,2020-05-15 09:32:22.700,2847.2000,10121,-3,619139580.000,3,0,3,双平,S,2846.6000,2846.4000,2846.2000,2846.0000,2845.6000,2847.2000,2847.4000,2847.6000,2847.8000,2848.0000,2,2,4,1,1,1,1,1,4,8
SF,IH2005,2020-05-15 09:32:23.200,2846.6000,10120,-1,619993560.000,1,0,1,双平,S,2846.6000,2846.4000,2846.2000,2846.0000,2845.6000,2847.2000,2847.4000,2847.6000,2847.8000,2848.0000,1,2,4,1,1,1,1,1,4,8
SF,IH2005,2020-05-15 09:32:23.700,2846.6000,10120,0,619993560.000,0,-,-,-,-,2846.6000,2846.4000,2846.2000,2846.0000,2845.6000,2847.4000,2847.6000,2847.8000,2848.0000,2848.2000,1,2,4,1,1,1,4,4,8,1
SF,IH2005,2020-05-15 09:32:24.200,2846.6000,10120,0,619993560.000,0,-,-,-,-,2847.2000,2846.6000,2846.4000,2846.2000,2846.0000,2847.4000,2847.6000,2847.8000,2848.0000,2848.2000,1,1,2,4,1,1,4,4,8,1
SF,IH2005,2020-05-15 09:32:24.700,2847.2000,10119,-1,620847720.000,1,0,1,双平,S,2846.6000,2846.4000,2846.2000,2846.0000,2845.6000,2847.0000,2847.2000,2847.4000,2847.6000,2847.8000,1,3,4,1,1,1,1,1,4,4
SF,IH2005,2020-05-15 09:32:25.200,2847.4000,10116,-3,623410200.000,3,0,3,双平,S,2847.4000,2846.8000,2846.6000,2846.4000,2846.2000,2847.6000,2847.8000,2848.0000,2848.2000,2848.4000,1,1,1,3,4,4,4,8,1,1
SF,IH2005,2020-05-15 09:32:25.700,2847.4000,10114,-2,625118640.000,2,0,2,双平,S,2847.0000,2846.8000,2846.6000,2846.4000,2846.2000,2847.4000,2847.6000,2847.8000,2848.0000,2848.2000,1,2,1,4,4,1,4,4,8,1
SF,IH2005,2020-05-15 09:32:26.200,2847.4000,10113,-1,625972860.000,1,0,1,双平,S,2847.0000,2846.8000,2846.6000,2846.4000,2846.2000,2847.6000,2847.8000,2848.0000,2848.2000,2848.4000,2,2,1,4,4,3,4,8,1,1
SF,IH2005,2020-05-15 09:32:26.700,2847.4000,10113,0,625972860.000,0,-,-,-,-,2847.0000,2846.8000,2846.4000,2846.2000,2846.0000,2847.6000,2847.8000,2848.0000,2848.2000,2848.4000,2,3,4,4,1,3,4,8,1,1
SF,IH2005,2020-05-15 09:32:27.700,2847.4000,10113,0,625972860.000,0,-,-,-,-,2847.0000,2846.8000,2846.4000,2846.2000,2846.0000,2847.6000,2847.8000,2848.0000,2848.2000,2848.4000,3,3,4,4,1,3,4,8,1,1
SF,IH2005,2020-05-15 09:32:28.200,2847.0000,10112,-1,627681060.000,2,0,2,多平,S,2847.0000,2846.8000,2846.4000,2846.2000,2846.0000,2847.6000,2847.8000,2848.0000,2848.2000,2848.4000,1,3,4,4,1,3,4,8,1,1
SF,IH2005,2020-05-15 09:32:28.700,2847.4000,10110,-2,629389500.000,2,0,2,双平,S,2847.0000,2846.8000,2846.4000,2846.2000,2846.0000,2847.6000,2847.8000,2848.0000,2848.2000,2848.4000,1,2,3,4,1,3,4,8,1,1
SF,IH2005,2020-05-15 09:32:29.200,2847.0000,10108,-2,631097820.000,2,0,2,双平,S,2846.8000,2846.4000,2846.2000,2846.0000,2845.6000,2847.4000,2847.6000,2847.8000,2848.0000,2848.2000,1,2,4,1,1,2,3,4,8,1
SF,IH2005,2020-05-15 09:32:30.200,2847.0000,10108,0,631097820.000,0,-,-,-,-,2847.0000,2846.8000,2846.4000,2846.2000,2846.0000,2847.6000,2847.8000,2848.0000,2848.2000,2848.4000,1,1,2,4,1,3,4,8,1,2
SF,IH2005,2020-05-15 09:32:30.700,2847.0000,10108,0,631097820.000,0,-,-,-,-,2847.0000,2846.8000,2846.4000,2846.2000,2846.0000,2847.6000,2847.8000,2848.0000,2848.2000,2848.4000,2,1,2,4,1,3,4,8,1,2
SF,IH2005,2020-05-15 09:32:31.200,2847.0000,10108,0,631097820.000,0,-,-,-,-,2847.0000,2846.8000,2846.4000,2846.2000,2846.0000,2847.6000,2847.8000,2848.0000,2848.2000,2848.4000,2,2,2,4,1,3,4,8,1,2
SF,IH2005,2020-05-15 09:32:31.700,2847.6000,10107,-1,631952100.000,1,0,1,双平,S,2847.4000,2847.2000,2847.0000,2846.8000,2846.4000,2847.6000,2847.8000,2848.0000,2848.2000,2848.4000,1,1,1,2,2,2,4,8,1,2
SF,IH2005,2020-05-15 09:32:32.200,2847.2000,10104,-3,634514760.000,3,0,3,双平,S,2846.8000,2846.4000,2846.2000,2846.0000,2845.6000,2847.4000,2847.6000,2847.8000,2848.0000,2848.2000,2,2,4,1,1,1,2,4,9,1
SF,IH2005,2020-05-15 09:32:32.700,2847.4000,10103,-1,635368980.000,1,0,1,双平,S,2847.0000,2846.8000,2846.4000,2846.2000,2846.0000,2847.6000,2847.8000,2848.0000,2848.2000,2848.4000,1,2,2,4,1,2,4,9,1,2
SF,IH2005,2020-05-15 09:32:33.200,2846.8000,10101,-2,637931160.000,3,0,3,多平,S,2846.4000,2846.2000,2846.0000,2845.6000,2845.4000,2846.8000,2847.6000,2847.8000,2848.0000,2848.2000,2,4,1,1,1,1,2,4,9,1
SF,IH2005,2020-05-15 09:32:33.700,2846.8000,10100,-1,638785200.000,1,0,1,双平,S,2847.4000,2846.8000,2846.6000,2846.4000,2846.2000,2847.6000,2847.8000,2848.0000,2848.2000,2848.4000,1,1,1,3,4,2,4,9,1,2
SF,IH2005,2020-05-15 09:32:34.200,2847.4000,10098,-2,640493580.000,2,0,2,双平,S,2846.8000,2846.6000,2846.4000,2846.2000,2846.0000,2847.4000,2847.6000,2847.8000,2848.0000,2848.2000,1,1,3,4,1,1,2,4,9,1
SF,IH2005,2020-05-15 09:32:34.700,2847.4000,10096,-2,642202020.000,2,0,2,双平,S,2847.4000,2846.8000,2846.6000,2846.4000,2846.2000,2847.6000,2847.8000,2848.0000,2848.2000,2848.4000,3,1,1,3,4,2,4,9,1,2
SF,IH2005,2020-05-15 09:32:35.200,2847.6000,10095,-1,643056300.000,1,0,1,双平,S,2847.4000,2846.8000,2846.6000,2846.4000,2846.2000,2847.6000,2847.8000,2848.0000,2848.2000,2848.4000,3,1,1,3,4,1,5,9,1,2
SF,IH2005,2020-05-15 09:32:35.700,2847.6000,10095,0,643056300.000,0,-,-,-,-,2847.4000,2846.8000,2846.4000,2846.2000,2846.0000,2847.6000,2847.8000,2848.0000,2848.2000,2848.4000,3,1,3,4,1,1,5,9,1,2
SF,IH2005,2020-05-15 09:32:36.200,2847.4000,10092,-3,645618960.000,3,0,3,双平,S,2846.8000,2846.4000,2846.2000,2846.0000,2845.6000,2847.4000,2847.6000,2847.8000,2848.0000,2848.2000,1,3,4,1,1,1,1,5,9,1
SF,IH2005,2020-05-15 09:32:36.700,2847.4000,10092,0,645618960.000,0,-,-,-,-,2846.4000,2846.2000,2846.0000,2845.6000,2845.4000,2847.4000,2847.6000,2847.8000,2848.0000,2848.2000,2,4,1,1,1,1,2,5,9,1
SF,IH2005,2020-05-15 09:32:37.200,2847.4000,10092,0,645618960.000,0,-,-,-,-,2847.0000,2846.6000,2846.4000,2846.2000,2846.0000,2847.2000,2847.4000,2847.6000,2847.8000,2848.0000,1,2,2,4,1,1,1,3,5,9
SF,IH2005,2020-05-15 09:32:37.700,2847.0000,10090,-2,647327160.000,2,0,2,双平,S,2846.6000,2846.4000,2846.2000,2846.0000,2845.6000,2847.4000,2847.6000,2847.8000,2848.0000,2848.2000,5,2,4,1,1,1,3,5,9,1
SF,IH2005,2020-05-15 09:32:38.200,2847.0000,10090,0,647327160.000,0,-,-,-,-,2846.6000,2846.4000,2846.2000,2846.0000,2845.6000,2847.4000,2847.6000,2847.8000,2848.0000,2848.2000,3,2,4,1,1,1,3,5,9,1
SF,IH2005,2020-05-15 09:32:38.700,2847.0000,10090,0,647327160.000,0,-,-,-,-,2846.6000,2846.4000,2846.2000,2846.0000,2845.6000,2847.4000,2847.6000,2847.8000,2848.0000,2848.2000,2,3,4,1,1,1,3,5,9,1
SF,IH2005,2020-05-15 09:32:39.200,2847.0000,10090,0,647327160.000,0,-,-,-,-,2846.6000,2846.4000,2846.2000,2846.0000,2845.6000,2847.4000,2847.6000,2847.8000,2848.0000,2848.2000,2,3,4,1,1,1,3,5,9,1
SF,IH2005,2020-05-15 09:32:39.700,2847.4000,10089,-1,648181380.000,1,0,1,双平,S,2847.4000,2846.8000,2846.6000,2846.4000,2846.2000,2847.6000,2847.8000,2848.0000,2848.2000,2848.4000,1,1,2,2,4,3,5,9,1,2
SF,IH2005,2020-05-15 09:32:40.200,2847.6000,10086,-3,650744160.000,3,0,3,双平,S,2846.8000,2846.6000,2846.4000,2846.2000,2846.0000,2847.4000,2847.6000,2847.8000,2848.0000,2848.2000,1,2,3,4,1,1,1,5,9,1
SF,IH2005,2020-05-15 09:32:40.700,2847.6000,10086,0,650744160.000,0,-,-,-,-,2846.8000,2846.6000,2846.4000,2846.2000,2846.0000,2847.4000,2847.6000,2847.8000,2848.0000,2848.2000,1,2,2,4,1,4,1,5,9,1
SF,IH2005,2020-05-15 09:32:41.200,2847.6000,10086,0,650744160.000,0,-,-,-,-,2846.8000,2846.6000,2846.4000,2846.2000,2846.0000,2847.4000,2847.6000,2847.8000,2848.0000,2848.2000,1,2,2,4,1,4,1,5,9,1
SF,IH2005,2020-05-15 09:32:42.200,2847.4000,10085,-1,651598380.000,1,0,1,双平,S,2846.8000,2846.6000,2846.4000,2846.2000,2846.0000,2847.4000,2847.6000,2847.8000,2848.0000,2848.2000,1,2,2,4,1,3,1,5,9,1
SF,IH2005,2020-05-15 09:32:42.700,2847.4000,10085,0,651598380.000,0,-,-,-,-,2846.8000,2846.6000,2846.4000,2846.2000,2846.0000,2847.4000,2847.6000,2847.8000,2848.0000,2848.2000,2,2,2,4,1,3,1,5,9,1
SF,IH2005,2020-05-15 09:32:43.200,2847.4000,10085,0,651598380.000,0,-,-,-,-,2846.8000,2846.6000,2846.4000,2846.2000,2846.0000,2847.4000,2847.6000,2847.8000,2848.0000,2848.2000,2,2,2,4,1,3,1,5,9,1
SF,IH2005,2020-05-15 09:32:43.700,2847.4000,10084,-1,652452600.000,1,0,1,双平,S,2847.4000,2846.8000,2846.6000,2846.4000,2846.2000,2847.6000,2847.8000,2848.0000,2848.2000,2848.4000,4,2,2,2,4,1,5,9,1,2
SF,IH2005,2020-05-15 09:32:44.200,2847.4000,10084,0,652452600.000,0,-,-,-,-,2847.4000,2847.0000,2846.8000,2846.6000,2846.4000,2847.6000,2847.8000,2848.0000,2848.2000,2848.4000,4,3,2,2,2,1,5,9,1,2
SF,IH2005,2020-05-15 09:32:45.200,2847.6000,10081,-3,655015320.000,3,0,3,双平,S,2847.6000,2847.4000,2847.0000,2846.8000,2846.6000,2847.8000,2848.0000,2848.2000,2848.4000,2848.6000,3,2,3,2,2,5,9,1,2,2
SF,IH2005,2020-05-15 09:32:45.700,2847.6000,10078,-3,657578160.000,3,0,3,双平,S,2847.4000,2847.0000,2846.8000,2846.6000,2846.4000,2847.8000,2848.0000,2848.2000,2848.4000,2848.6000,2,3,2,2,2,5,9,1,2,2
SF,IH2005,2020-05-15 09:32:46.200,2847.4000,10077,-1,658432380.000,1,0,1,双平,S,2847.4000,2847.0000,2846.8000,2846.6000,2846.4000,2847.8000,2848.0000,2848.2000,2848.4000,2848.6000,1,3,1,2,2,5,9,1,2,2
SF,IH2005,2020-05-15 09:32:46.700,2847.4000,10076,-1,659286600.000,1,0,1,双平,S,2847.0000,2846.8000,2846.6000,2846.4000,2846.2000,2847.6000,2847.8000,2848.0000,2848.2000,2848.4000,3,1,2,2,4,2,5,9,1,2
SF,IH2005,2020-05-15 09:32:47.200,2847.6000,10075,-1,660140880.000,1,0,1,双平,S,2847.0000,2846.8000,2846.6000,2846.4000,2846.2000,2847.6000,2847.8000,2848.0000,2848.2000,2848.4000,3,1,2,2,4,1,5,9,1,2
SF,IH2005,2020-05-15 09:32:48.200,2847.6000,10075,0,660140880.000,0,-,-,-,-,2847.0000,2846.8000,2846.6000,2846.4000,2846.2000,2847.4000,2847.6000,2847.8000,2848.0000,2848.2000,3,1,2,2,4,1,1,5,9,1
SF,IH2005,2020-05-15 09:32:48.700,2847.2000,10074,-1,660995040.000,1,0,1,双平,S,2847.0000,2846.8000,2846.6000,2846.4000,2846.2000,2847.6000,2847.8000,2848.0000,2848.2000,2848.4000,3,1,2,2,4,1,5,9,1,2
SF,IH2005,2020-05-15 09:32:49.200,2847.6000,10071,-3,664411620.000,4,0,4,多平,S,2846.8000,2846.6000,2846.4000,2846.2000,2846.0000,2847.6000,2847.8000,2848.0000,2848.2000,2848.4000,1,2,2,4,1,1,5,9,1,2
SF,IH2005,2020-05-15 09:32:49.700,2847.6000,10071,0,664411620.000,0,-,-,-,-,2847.0000,2846.8000,2846.6000,2846.4000,2846.2000,2847.6000,2847.8000,2848.0000,2848.2000,2848.4000,1,1,2,2,4,1,5,9,1,2
SF,IH2005,2020-05-15 09:32:50.200,2847.6000,10070,-1,665265900.000,1,0,1,双平,S,2847.0000,2846.8000,2846.6000,2846.4000,2846.2000,2847.8000,2848.0000,2848.2000,2848.4000,2848.6000,1,1,2,2,4,5,9,1,2,2
SF,IH2005,2020-05-15 09:32:51.200,2847.0000,10069,-1,666120000.000,1,0,1,双平,S,2846.8000,2846.6000,2846.4000,2846.2000,2846.0000,2847.8000,2848.0000,2848.2000,2848.4000,2848.6000,1,2,2,4,1,5,9,1,2,2
SF,IH2005,2020-05-15 09:32:51.700,2847.0000,10069,0,666120000.000,0,-,-,-,-,2847.0000,2846.8000,2846.6000,2846.4000,2846.2000,2847.8000,2848.0000,2848.2000,2848.4000,2848.6000,1,1,2,2,4,5,9,1,2,2
SF,IH2005,2020-05-15 09:32:52.200,2847.0000,10069,0,666120000.000,0,-,-,-,-,2846.8000,2846.6000,2846.4000,2846.2000,2846.0000,2847.8000,2848.0000,2848.2000,2848.4000,2848.6000,1,2,2,4,1,5,9,1,2,2
SF,IH2005,2020-05-15 09:32:52.700,2847.0000,10069,0,666120000.000,0,-,-,-,-,2847.0000,2846.8000,2846.6000,2846.4000,2846.2000,2847.8000,2848.0000,2848.2000,2848.4000,2848.6000,2,1,2,2,4,5,9,1,2,2
SF,IH2005,2020-05-15 09:32:53.200,2847.8000,10066,-3,668683020.000,3,0,3,双平,S,2847.0000,2846.8000,2846.6000,2846.4000,2846.2000,2847.8000,2848.0000,2848.2000,2848.4000,2848.6000,2,1,2,2,4,2,9,1,2,2
SF,IH2005,2020-05-15 09:32:53.700,2847.8000,10066,0,668683020.000,0,-,-,-,-,2847.2000,2847.0000,2846.8000,2846.6000,2846.4000,2847.8000,2848.0000,2848.2000,2848.4000,2848.6000,2,2,1,2,2,2,9,1,2,2
SF,IH2005,2020-05-15 09:32:54.700,2847.8000,10065,-1,669537360.000,1,0,1,双平,S,2847.2000,2847.0000,2846.8000,2846.6000,2846.4000,2847.6000,2847.8000,2848.0000,2848.2000,2848.4000,2,2,1,2,2,4,1,9,1,2
SF,IH2005,2020-05-15 09:32:55.200,2847.6000,10063,-2,671245920.000,2,0,2,双平,S,2847.2000,2847.0000,2846.8000,2846.6000,2846.4000,2847.6000,2847.8000,2848.0000,2848.2000,2848.4000,2,2,1,2,2,2,1,9,1,2
SF,IH2005,2020-05-15 09:32:55.700,2847.6000,10063,0,671245920.000,0,-,-,-,-,2847.2000,2847.0000,2846.8000,2846.6000,2846.4000,2847.6000,2847.8000,2848.0000,2848.2000,2848.4000,2,2,1,2,2,2,1,9,1,2
SF,IH2005,2020-05-15 09:32:57.700,2847.2000,10062,-1,672100080.000,1,0,1,双平,S,2847.2000,2847.0000,2846.6000,2846.4000,2846.2000,2847.6000,2847.8000,2848.0000,2848.2000,2848.4000,1,2,2,2,4,2,1,9,1,2
SF,IH2005,2020-05-15 09:32:58.200,2847.2000,10062,0,672100080.000,0,-,-,-,-,2847.2000,2847.0000,2846.6000,2846.4000,2846.2000,2847.6000,2847.8000,2848.0000,2848.2000,2848.4000,1,2,2,2,4,2,1,9,1,2
SF,IH2005,2020-05-15 09:32:58.700,2847.2000,10061,-1,672954240.000,1,0,1,双平,S,2847.0000,2846.6000,2846.4000,2846.2000,2846.0000,2847.6000,2847.8000,2848.0000,2848.2000,2848.4000,2,2,2,4,1,2,1,9,1,2
SF,IH2005,2020-05-15 09:32:59.200,2847.6000,10060,-1,673808520.000,1,0,1,双平,S,2847.0000,2846.6000,2846.4000,2846.2000,2846.0000,2847.6000,2847.8000,2848.0000,2848.2000,2848.4000,2,2,2,4,1,2,1,9,1,2
SF,IH2005,2020-05-15 09:32:59.700,2847.0000,10059,-1,674662620.000,1,0,1,双平,S,2847.0000,2846.6000,2846.4000,2846.2000,2846.0000,2847.6000,2847.8000,2848.0000,2848.2000,2848.4000,2,2,2,4,1,2,1,9,1,2
SF,IH2005,2020-05-15 09:33:00.200,2847.0000,10059,0,674662620.000,0,-,-,-,-,2847.4000,2847.0000,2846.6000,2846.4000,2846.2000,2847.6000,2847.8000,2848.0000,2848.2000,2848.4000,1,2,2,2,4,2,1,9,1,2
SF,IH2005,2020-05-15 09:33:00.700,2847.2000,10054,-5,678933720.000,5,0,5,双平,S,2847.0000,2846.6000,2846.4000,2846.2000,2846.0000,2847.2000,2847.8000,2848.0000,2848.2000,2848.4000,2,2,2,4,1,3,2,9,1,2
SF,IH2005,2020-05-15 09:33:01.200,2847.2000,10051,-3,681496200.000,3,0,3,双平,S,2847.2000,2847.0000,2846.6000,2846.4000,2846.2000,2847.8000,2848.0000,2848.2000,2848.4000,2848.6000,3,2,2,2,4,2,9,1,2,2
SF,IH2005,2020-05-15 09:33:01.700,2847.2000,10051,0,681496200.000,0,-,-,-,-,2847.2000,2847.0000,2846.6000,2846.4000,2846.2000,2847.8000,2848.0000,2848.2000,2848.4000,2848.6000,2,2,2,2,4,2,9,1,2,2
SF,IH2005,2020-05-15 09:33:02.200,2847.2000,10047,-4,684913020.000,4,0,4,双平,S,2847.0000,2846.6000,2846.4000,2846.2000,2846.0000,2847.8000,2848.0000,2848.2000,2848.4000,2848.6000,3,2,2,4,1,1,9,1,2,2
SF,IH2005,2020-05-15 09:33:02.700,2847.2000,10047,0,684913020.000,0,-,-,-,-,2847.2000,2847.0000,2846.6000,2846.4000,2846.2000,2847.6000,2847.8000,2848.0000,2848.2000,2848.4000,2,3,2,2,4,3,1,9,1,2
SF,IH2005,2020-05-15 09:33:03.200,2847.6000,10045,-2,686621580.000,2,0,2,双平,S,2847.4000,2847.2000,2847.0000,2846.6000,2846.4000,2847.6000,2847.8000,2848.0000,2848.2000,2848.4000,1,1,2,2,2,1,1,9,1,2
SF,IH2005,2020-05-15 09:33:03.700,2847.2000,10043,-2,688329960.000,2,0,2,双平,S,2847.0000,2846.6000,2846.4000,2846.2000,2846.0000,2847.4000,2847.6000,2847.8000,2848.0000,2848.2000,2,2,2,4,1,1,1,1,9,1
SF,IH2005,2020-05-15 09:33:04.200,2847.2000,10043,0,688329960.000,0,-,-,-,-,2847.0000,2846.6000,2846.4000,2846.2000,2846.0000,2847.4000,2847.6000,2847.8000,2848.0000,2848.2000,1,2,2,4,1,1,1,1,9,1
SF,IH2005,2020-05-15 09:33:05.700,2847.2000,10043,0,688329960.000,0,-,-,-,-,2847.2000,2847.0000,2846.6000,2846.4000,2846.2000,2847.4000,2847.6000,2847.8000,2848.0000,2848.2000,1,1,2,2,4,1,1,1,9,1
SF,IH2005,2020-05-15 09:33:06.200,2847.2000,10042,-1,689184120.000,1,0,1,双平,S,2847.0000,2846.6000,2846.4000,2846.2000,2846.0000,2847.2000,2847.4000,2847.6000,2847.8000,2848.0000,1,2,2,4,1,1,1,1,1,9
SF,IH2005,2020-05-15 09:33:06.700,2847.2000,10042,0,689184120.000,0,-,-,-,-,2847.0000,2846.6000,2846.4000,2846.2000,2846.0000,2847.4000,2847.6000,2847.8000,2848.0000,2848.2000,1,2,2,4,1,1,1,1,9,1
SF,IH2005,2020-05-15 09:33:07.200,2847.2000,10042,0,689184120.000,0,-,-,-,-,2847.2000,2847.0000,2846.6000,2846.4000,2846.2000,2847.4000,2847.6000,2847.8000,2848.0000,2848.2000,1,1,2,2,4,1,1,1,9,1
SF,IH2005,2020-05-15 09:33:08.200,2847.4000,10041,-1,690038340.000,1,0,1,双平,S,2847.4000,2847.2000,2847.0000,2846.6000,2846.4000,2847.6000,2847.8000,2848.0000,2848.2000,2848.4000,31,1,1,2,2,1,1,9,1,2
SF,IH2005,2020-05-15 09:33:08.700,2847.6000,10040,-1,690892620.000,1,0,1,双平,S,2847.4000,2847.2000,2847.0000,2846.6000,2846.4000,2847.8000,2848.0000,2848.2000,2848.4000,2848.6000,31,1,1,2,2,1,9,1,2,2
SF,IH2005,2020-05-15 09:33:09.200,2847.6000,10040,0,690892620.000,0,-,-,-,-,2847.4000,2847.2000,2847.0000,2846.6000,2846.4000,2847.6000,2847.8000,2848.0000,2848.2000,2848.4000,31,1,1,2,2,3,1,9,1,2
SF,IH2005,2020-05-15 09:33:09.700,2847.6000,10039,-1,691746900.000,1,0,1,双平,S,2847.4000,2847.2000,2847.0000,2846.6000,2846.4000,2847.6000,2847.8000,2848.0000,2848.2000,2848.4000,32,1,1,2,2,2,1,9,1,2
SF,IH2005,2020-05-15 09:33:10.200,2847.4000,10035,-4,695163780.000,4,0,4,双平,S,2847.4000,2847.2000,2847.0000,2846.8000,2846.6000,2847.6000,2847.8000,2848.0000,2848.2000,2848.4000,28,1,1,1,2,2,1,9,1,2
SF,IH2005,2020-05-15 09:33:10.700,2847.4000,10033,-2,696872220.000,2,0,2,双平,S,2847.4000,2847.2000,2847.0000,2846.8000,2846.6000,2847.6000,2847.8000,2848.0000,2848.2000,2848.4000,26,1,1,1,2,2,1,9,1,2
SF,IH2005,2020-05-15 09:33:11.200,2847.4000,10017,-16,710539800.000,16,0,16,双平,S,2847.4000,2847.2000,2846.8000,2846.6000,2846.4000,2847.6000,2847.8000,2848.0000,2848.2000,2848.4000,11,1,1,2,2,2,1,9,1,2
SF,IH2005,2020-05-15 09:33:11.700,2847.2000,10005,-12,720790380.000,12,0,12,双平,S,2846.8000,2846.6000,2846.4000,2846.2000,2846.0000,2847.2000,2847.4000,2847.6000,2847.8000,2848.0000,1,2,2,4,1,1,1,2,1,9
SF,IH2005,2020-05-15 09:33:12.200,2846.8000,10004,-1,721644420.000,1,0,1,双平,S,2846.6000,2846.4000,2846.2000,2846.0000,2845.8000,2846.8000,2847.6000,2847.8000,2848.0000,2848.2000,2,2,4,1,1,1,1,1,9,1
SF,IH2005,2020-05-15 09:33:12.700,2846.8000,10002,-2,723352500.000,2,0,2,双平,S,2846.8000,2846.6000,2846.4000,2846.2000,2846.0000,2847.6000,2847.8000,2848.0000,2848.2000,2848.4000,5,2,2,4,1,1,1,9,1,2
SF,IH2005,2020-05-15 09:33:13.200,2846.8000,10002,0,723352500.000,0,-,-,-,-,2847.4000,2846.6000,2846.4000,2846.2000,2846.0000,2847.6000,2847.8000,2848.0000,2848.2000,2848.4000,1,2,2,4,1,1,1,9,1,2
SF,IH2005,2020-05-15 09:33:13.700,2846.6000,10000,-2,725060640.000,2,0,2,双平,S,2846.6000,2846.4000,2846.2000,2846.0000,2845.8000,2847.4000,2847.6000,2847.8000,2848.0000,2848.2000,1,2,4,1,1,5,2,1,9,1
SF,IH2005,2020-05-15 09:33:14.200,2846.6000,10000,0,725060640.000,0,-,-,-,-,2846.6000,2846.4000,2846.2000,2846.0000,2845.8000,2847.4000,2847.6000,2847.8000,2848.0000,2848.2000,1,2,4,1,1,4,2,1,9,1
SF,IH2005,2020-05-15 09:33:15.200,2847.4000,9999,-1,725914860.000,1,0,1,双平,S,2846.6000,2846.4000,2846.2000,2846.0000,2845.8000,2847.4000,2847.6000,2847.8000,2848.0000,2848.2000,1,3,4,1,1,3,2,1,9,1
SF,IH2005,2020-05-15 09:33:15.700,2847.4000,9999,0,725914860.000,0,-,-,-,-,2846.6000,2846.4000,2846.2000,2846.0000,2845.8000,2847.2000,2847.4000,2847.6000,2847.8000,2848.0000,1,2,4,1,1,1,3,2,2,9
SF,IH2005,2020-05-15 09:33:16.200,2847.4000,9999,0,725914860.000,0,-,-,-,-,2846.6000,2846.4000,2846.2000,2846.0000,2845.8000,2847.4000,2847.6000,2847.8000,2848.0000,2848.2000,2,3,4,1,1,3,2,2,9,1
SF,IH2005,2020-05-15 09:33:16.700,2847.4000,9999,0,725914860.000,0,-,-,-,-,2846.6000,2846.4000,2846.2000,2846.0000,2845.8000,2847.2000,2847.4000,2847.6000,2847.8000,2848.0000,2,2,4,1,1,1,3,2,2,9
SF,IH2005,2020-05-15 09:33:17.200,2847.4000,9999,0,725914860.000,0,-,-,-,-,2846.6000,2846.4000,2846.2000,2846.0000,2845.8000,2847.2000,2847.4000,2847.6000,2847.8000,2848.0000,2,1,4,1,1,1,3,2,2,9
SF,IH2005,2020-05-15 09:33:17.700,2846.6000,9997,-2,727623000.000,2,0,2,双平,S,2846.6000,2846.4000,2846.2000,2846.0000,2845.8000,2847.4000,2847.6000,2847.8000,2848.0000,2848.2000,1,1,4,1,1,3,2,2,9,1
SF,IH2005,2020-05-15 09:33:18.200,2846.6000,9996,-1,728476980.000,1,0,1,双平,S,2846.6000,2846.4000,2846.2000,2846.0000,2845.8000,2847.4000,2847.6000,2847.8000,2848.0000,2848.2000,1,1,4,1,1,3,4,2,9,1
SF,IH2005,2020-05-15 09:33:18.700,2846.6000,9996,0,728476980.000,0,-,-,-,-,2846.8000,2846.6000,2846.4000,2846.2000,2846.0000,2847.4000,2847.6000,2847.8000,2848.0000,2848.2000,2,1,1,4,1,3,4,2,9,1
SF,IH2005,2020-05-15 09:33:20.200,2847.4000,9993,-3,731039640.000,3,0,3,双平,S,2846.8000,2846.6000,2846.4000,2846.2000,2846.0000,2847.6000,2847.8000,2848.0000,2848.2000,2848.4000,2,1,1,4,1,3,2,9,1,2
SF,IH2005,2020-05-15 09:33:20.700,2847.4000,9993,0,731039640.000,0,-,-,-,-,2847.0000,2846.8000,2846.6000,2846.4000,2846.2000,2847.6000,2847.8000,2848.0000,2848.2000,2848.4000,1,2,1,1,4,6,2,9,1,2
SF,IH2005,2020-05-15 09:33:21.200,2847.4000,9992,-1,731893860.000,1,0,1,双平,S,2847.0000,2846.8000,2846.6000,2846.4000,2846.2000,2847.6000,2847.8000,2848.0000,2848.2000,2848.4000,1,1,1,1,4,6,2,9,1,2
SF,IH2005,2020-05-15 09:33:21.700,2847.4000,9992,0,731893860.000,0,-,-,-,-,2847.0000,2846.8000,2846.6000,2846.4000,2846.2000,2847.6000,2847.8000,2848.0000,2848.2000,2848.4000,1,2,1,1,4,6,2,9,1,2
SF,IH2005,2020-05-15 09:33:22.200,2847.0000,9991,-1,732747960.000,1,0,1,双平,S,2847.0000,2846.8000,2846.6000,2846.4000,2846.2000,2847.6000,2847.8000,2848.0000,2848.2000,2848.4000,4,2,1,1,4,7,2,9,1,2
SF,IH2005,2020-05-15 09:33:22.700,2847.6000,9991,0,733602240.000,1,0,1,多换,S,2847.4000,2847.0000,2846.8000,2846.6000,2846.4000,2847.6000,2847.8000,2848.0000,2848.2000,2848.4000,1,4,2,1,1,6,2,9,1,2
SF,IH2005,2020-05-15 09:33:23.200,2847.0000,9986,-5,737873220.000,5,0,5,双平,S,2847.0000,2846.8000,2846.6000,2846.4000,2846.2000,2847.6000,2847.8000,2848.0000,2848.2000,2848.4000,2,1,1,1,4,4,2,9,1,2
SF,IH2005,2020-05-15 09:33:24.200,2847.0000,9985,-1,738727320.000,1,0,1,双平,S,2847.0000,2846.8000,2846.6000,2846.4000,2846.2000,2847.6000,2847.8000,2848.0000,2848.2000,2848.4000,3,1,1,1,4,4,2,9,1,2
SF,IH2005,2020-05-15 09:33:24.700,2847.6000,9984,-1,739581600.000,1,0,1,双平,S,2847.0000,2846.8000,2846.6000,2846.4000,2846.2000,2847.6000,2847.8000,2848.0000,2848.2000,2848.4000,2,1,1,1,4,3,2,9,1,2
SF,IH2005,2020-05-15 09:33:25.200,2847.6000,9983,-1,740435880.000,1,0,1,双平,S,2847.2000,2847.0000,2846.8000,2846.6000,2846.4000,2847.6000,2847.8000,2848.0000,2848.2000,2848.4000,4,2,1,1,1,2,2,9,1,2
SF,IH2005,2020-05-15 09:33:25.700,2847.6000,9983,0,740435880.000,0,-,-,-,-,2847.2000,2847.0000,2846.8000,2846.6000,2846.4000,2847.6000,2847.8000,2848.0000,2848.2000,2848.4000,4,3,1,1,1,2,2,9,1,2
SF,IH2005,2020-05-15 09:33:26.200,2847.6000,9983,0,740435880.000,0,-,-,-,-,2847.2000,2847.0000,2846.8000,2846.6000,2846.4000,2847.6000,2847.8000,2848.0000,2848.2000,2848.4000,6,3,1,1,1,2,2,11,1,2
SF,IH2005,2020-05-15 09:33:26.700,2847.6000,9983,0,740435880.000,0,-,-,-,-,2847.2000,2847.0000,2846.8000,2846.6000,2846.4000,2847.6000,2847.8000,2848.0000,2848.2000,2848.4000,7,2,1,1,1,2,2,11,1,2
SF,IH2005,2020-05-15 09:33:27.700,2847.6000,9983,0,740435880.000,0,-,-,-,-,2847.2000,2847.0000,2846.8000,2846.6000,2846.4000,2847.6000,2847.8000,2848.0000,2848.2000,2848.4000,8,2,1,1,1,2,2,11,1,2
SF,IH2005,2020-05-15 09:33:28.200,2847.2000,9974,-9,748123320.000,9,0,9,双平,S,2847.0000,2846.8000,2846.6000,2846.4000,2846.2000,2847.2000,2847.6000,2847.8000,2848.0000,2848.2000,2,1,1,1,4,2,2,2,11,1
SF,IH2005,2020-05-15 09:33:28.700,2847.2000,9972,-2,749831640.000,2,0,2,双平,S,2847.4000,2847.0000,2846.8000,2846.6000,2846.4000,2847.6000,2847.8000,2848.0000,2848.2000,2848.4000,1,2,1,1,1,2,2,11,1,2
SF,IH2005,2020-05-15 09:33:29.200,2847.2000,9972,0,749831640.000,0,-,-,-,-,2847.4000,2847.0000,2846.8000,2846.6000,2846.4000,2847.6000,2847.8000,2848.0000,2848.2000,2848.4000,1,2,1,1,1,2,2,11,1,2
SF,IH2005,2020-05-15 09:33:29.700,2847.6000,9971,-1,750685920.000,1,0,1,双平,S,2847.4000,2847.0000,2846.8000,2846.6000,2846.4000,2847.6000,2847.8000,2848.0000,2848.2000,2848.4000,1,2,1,1,1,1,2,11,1,2
SF,IH2005,2020-05-15 09:33:30.200,2847.4000,9969,-2,752394420.000,2,0,2,双平,S,2847.6000,2847.0000,2846.8000,2846.6000,2846.4000,2847.8000,2848.0000,2848.2000,2848.4000,2848.6000,1,2,1,1,1,2,11,1,2,1
SF,IH2005,2020-05-15 09:33:30.700,2847.6000,9968,-1,753248700.000,1,0,1,双平,S,2847.0000,2846.8000,2846.6000,2846.4000,2846.2000,2847.8000,2848.0000,2848.2000,2848.4000,2848.6000,2,1,1,1,4,2,11,1,2,1
SF,IH2005,2020-05-15 09:33:31.200,2847.6000,9968,0,753248700.000,0,-,-,-,-,2847.2000,2847.0000,2846.8000,2846.6000,2846.4000,2847.4000,2847.8000,2848.0000,2848.2000,2848.4000,1,2,1,1,1,1,2,11,1,2
SF,IH2005,2020-05-15 09:33:31.700,2847.4000,9967,-1,754102920.000,1,0,1,双平,S,2847.2000,2847.0000,2846.8000,2846.6000,2846.4000,2847.8000,2848.0000,2848.2000,2848.4000,2848.6000,1,4,1,1,1,2,11,1,2,1
SF,IH2005,2020-05-15 09:33:32.200,2847.2000,9966,-1,754957080.000,1,0,1,双平,S,2847.0000,2846.8000,2846.6000,2846.4000,2846.2000,2847.8000,2848.0000,2848.2000,2848.4000,2848.6000,4,1,1,1,4,2,11,1,2,1
SF,IH2005,2020-05-15 09:33:33.700,2847.8000,9965,-1,755811420.000,1,0,1,双平,S,2847.4000,2847.0000,2846.8000,2846.6000,2846.4000,2847.8000,2848.0000,2848.2000,2848.4000,2848.6000,1,4,1,1,1,1,11,1,2,1
SF,IH2005,2020-05-15 09:33:34.200,2847.4000,9964,-1,756665640.000,1,0,1,双平,S,2847.0000,2846.8000,2846.6000,2846.4000,2846.2000,2847.8000,2848.0000,2848.2000,2848.4000,2848.6000,4,1,1,1,4,1,11,1,2,1
SF,IH2005,2020-05-15 09:33:35.200,2847.8000,9962,-2,758374080.000,2,0,2,双平,S,2847.0000,2846.8000,2846.6000,2846.4000,2846.2000,2848.0000,2848.2000,2848.4000,2848.6000,2848.8000,3,1,1,1,4,11,1,2,1,1
SF,IH2005,2020-05-15 09:33:35.700,2847.8000,9962,0,758374080.000,0,-,-,-,-,2847.2000,2847.0000,2846.8000,2846.6000,2846.4000,2847.4000,2848.0000,2848.2000,2848.4000,2848.6000,1,3,1,1,1,1,11,1,2,1
SF,IH2005,2020-05-15 09:33:36.200,2847.4000,9962,0,759228300.000,1,0,1,多换,S,2847.0000,2846.8000,2846.6000,2846.4000,2846.2000,2848.0000,2848.2000,2848.4000,2848.6000,2848.8000,3,1,1,1,4,11,1,2,1,1
SF,IH2005,2020-05-15 09:33:36.700,2847.2000,9962,0,760082460.000,1,0,1,多换,S,2847.4000,2847.0000,2846.8000,2846.6000,2846.4000,2848.0000,2848.2000,2848.4000,2848.6000,2848.8000,1,4,1,1,1,11,1,2,1,1
SF,IH2005,2020-05-15 09:33:37.200,2847.4000,9961,-1,761790900.000,2,0,2,多平,S,2847.0000,2846.8000,2846.6000,2846.4000,2846.2000,2847.8000,2848.0000,2848.2000,2848.4000,2848.6000,5,1,1,1,4,3,11,1,2,1
SF,IH2005,2020-05-15 09:33:37.700,2847.0000,9961,0,762645000.000,1,0,1,多换,S,2847.0000,2846.8000,2846.6000,2846.4000,2846.2000,2847.8000,2848.0000,2848.2000,2848.4000,2848.6000,4,1,1,1,4,2,11,1,2,1
SF,IH2005,2020-05-15 09:33:38.200,2847.8000,9961,0,763499340.000,1,0,1,多换,S,2847.0000,2846.8000,2846.6000,2846.4000,2846.2000,2847.8000,2848.0000,2848.2000,2848.4000,2848.6000,5,1,1,1,4,1,11,1,2,1
SF,IH2005,2020-05-15 09:33:38.700,2847.8000,9961,0,763499340.000,0,-,-,-,-,2847.0000,2846.8000,2846.6000,2846.4000,2846.2000,2847.8000,2848.0000,2848.2000,2848.4000,2848.6000,5,1,1,1,4,1,11,1,2,1
SF,IH2005,2020-05-15 09:33:39.200,2848.0000,9960,-1,764353740.000,1,0,1,双平,S,2847.8000,2847.0000,2846.8000,2846.6000,2846.4000,2848.0000,2848.2000,2848.4000,2848.6000,2848.8000,1,6,1,1,1,10,1,2,1,1
SF,IH2005,2020-05-15 09:33:39.700,2847.8000,9956,-4,767771100.000,4,0,4,双平,S,2847.0000,2846.8000,2846.6000,2846.2000,2846.0000,2847.8000,2848.0000,2848.2000,2848.4000,2848.6000,6,1,1,4,1,5,15,1,2,1
SF,IH2005,2020-05-15 09:33:40.200,2847.8000,9956,0,767771100.000,0,-,-,-,-,2847.2000,2847.0000,2846.8000,2846.6000,2846.2000,2847.8000,2848.0000,2848.2000,2848.4000,2848.6000,1,6,1,1,4,2,15,1,2,1
SF,IH2005,2020-05-15 09:33:40.700,2847.8000,9956,0,767771100.000,0,-,-,-,-,2847.2000,2847.0000,2846.8000,2846.6000,2846.2000,2847.8000,2848.0000,2848.2000,2848.4000,2848.6000,7,6,1,1,4,7,15,1,2,1
SF,IH2005,2020-05-15 09:33:41.200,2847.8000,9956,0,767771100.000,0,-,-,-,-,2847.2000,2847.0000,2846.8000,2846.6000,2846.2000,2847.8000,2848.0000,2848.2000,2848.4000,2848.6000,7,7,1,1,4,2,15,1,2,1
SF,IH2005,2020-05-15 09:33:41.700,2847.8000,9956,0,767771100.000,0,-,-,-,-,2847.2000,2847.0000,2846.8000,2846.6000,2846.2000,2847.8000,2848.0000,2848.2000,2848.4000,2848.6000,4,8,1,1,4,2,15,1,2,1
SF,IH2005,2020-05-15 09:33:42.200,2847.8000,9956,0,767771100.000,0,-,-,-,-,2847.4000,2847.2000,2847.0000,2846.8000,2846.6000,2847.8000,2848.0000,2848.2000,2848.4000,2848.6000,1,4,8,1,1,2,15,1,2,1
SF,IH2005,2020-05-15 09:33:42.700,2847.4000,9956,0,768625320.000,1,0,1,多换,S,2847.4000,2847.2000,2847.0000,2846.8000,2846.6000,2847.8000,2848.0000,2848.2000,2848.4000,2848.6000,1,4,8,1,1,2,16,1,2,1
SF,IH2005,2020-05-15 09:33:43.700,2847.4000,9956,0,768625320.000,0,-,-,-,-,2847.4000,2847.2000,2847.0000,2846.8000,2846.6000,2847.8000,2848.0000,2848.2000,2848.4000,2848.6000,1,6,8,1,1,2,11,1,2,1
SF,IH2005,2020-05-15 09:33:44.200,2847.4000,9955,-1,769479540.000,1,0,1,双平,S,2847.2000,2847.0000,2846.8000,2846.6000,2846.2000,2847.8000,2848.0000,2848.2000,2848.4000,2848.6000,6,7,1,1,4,2,11,1,2,1
SF,IH2005,2020-05-15 09:33:44.700,2847.8000,9953,-2,771188220.000,2,0,2,双平,S,2847.2000,2847.0000,2846.8000,2846.6000,2846.2000,2848.0000,2848.2000,2848.4000,2848.6000,2848.8000,6,7,1,1,4,11,1,2,1,1
SF,IH2005,2020-05-15 09:33:45.200,2847.8000,9953,0,771188220.000,0,-,-,-,-,2847.6000,2847.2000,2847.0000,2846.8000,2846.6000,2848.0000,2848.2000,2848.4000,2848.6000,2848.8000,1,6,7,6,1,13,1,2,1,1
SF,IH2005,2020-05-15 09:33:46.200,2847.8000,9953,0,771188220.000,0,-,-,-,-,2847.6000,2847.2000,2847.0000,2846.8000,2846.6000,2848.0000,2848.2000,2848.4000,2848.6000,2848.8000,1,6,7,6,1,12,1,2,1,1
SF,IH2005,2020-05-15 09:33:46.700,2847.6000,9952,-1,772042500.000,1,0,1,双平,S,2847.2000,2847.0000,2846.8000,2846.6000,2846.2000,2848.0000,2848.2000,2848.4000,2848.6000,2848.8000,6,7,6,1,4,12,1,2,1,1
SF,IH2005,2020-05-15 09:33:47.200,2848.0000,9951,-1,772896900.000,1,0,1,双平,S,2847.4000,2847.2000,2847.0000,2846.8000,2846.6000,2848.0000,2848.2000,2848.4000,2848.6000,2848.8000,2,6,8,6,1,10,1,2,1,1
SF,IH2005,2020-05-15 09:33:47.700,2848.0000,9951,0,772896900.000,0,-,-,-,-,2847.4000,2847.2000,2847.0000,2846.8000,2846.6000,2847.6000,2848.0000,2848.2000,2848.4000,2848.6000,2,6,8,6,1,2,10,1,2,1
SF,IH2005,2020-05-15 09:33:48.200,2847.6000,9949,-2,774605460.000,2,0,2,双平,S,2847.4000,2847.2000,2847.0000,2846.8000,2846.6000,2848.0000,2848.2000,2848.4000,2848.6000,2848.8000,1,6,8,6,1,10,1,2,1,1
SF,IH2005,2020-05-15 09:33:49.200,2848.0000,9946,-3,778023060.000,4,0,4,多平,S,2847.4000,2847.2000,2847.0000,2846.8000,2846.6000,2848.0000,2848.2000,2848.4000,2848.6000,2848.8000,1,6,8,6,1,6,1,2,1,1
SF,IH2005,2020-05-15 09:33:49.700,2848.2000,9941,-5,784003920.000,7,1,6,多平,S,2848.2000,2847.4000,2847.2000,2847.0000,2846.8000,2848.4000,2848.6000,2848.8000,2849.0000,2849.2000,1,2,6,8,6,2,1,1,1,4
SF,IH2005,2020-05-15 09:33:50.200,2848.2000,9935,-6,789130860.000,6,0,6,双平,S,2847.4000,2847.2000,2847.0000,2846.8000,2846.6000,2848.0000,2848.2000,2848.6000,2848.8000,2849.0000,2,6,8,6,1,1,1,1,1,1
SF,IH2005,2020-05-15 09:33:50.700,2848.2000,9933,-2,790839720.000,2,0,2,双平,S,2848.2000,2848.0000,2847.6000,2847.4000,2847.2000,2848.6000,2848.8000,2849.0000,2849.2000,2849.4000,8,3,1,2,6,1,1,1,4,3
SF,IH2005,2020-05-15 09:33:51.200,2848.2000,9933,0,790839720.000,0,-,-,-,-,2848.0000,2847.6000,2847.4000,2847.2000,2847.0000,2848.6000,2848.8000,2849.0000,2849.2000,2849.4000,2,2,2,6,8,1,1,1,4,3
SF,IH2005,2020-05-15 09:33:51.700,2848.4000,9932,-1,791694240.000,1,0,1,双平,S,2848.0000,2847.6000,2847.4000,2847.2000,2847.0000,2848.6000,2848.8000,2849.0000,2849.2000,2849.4000,2,3,2,6,8,1,1,1,4,3
SF,IH2005,2020-05-15 09:33:52.200,2848.0000,9931,-1,792548640.000,1,0,1,双平,S,2848.0000,2847.6000,2847.4000,2847.2000,2847.0000,2848.4000,2848.6000,2848.8000,2849.0000,2849.2000,1,2,2,6,7,1,4,1,1,4
SF,IH2005,2020-05-15 09:33:52.700,2848.6000,9926,-5,797676060.000,6,0,6,多平,S,2848.6000,2848.0000,2847.6000,2847.4000,2847.2000,2848.8000,2849.0000,2849.2000,2849.4000,2849.6000,1,1,2,2,5,1,1,4,3,3
SF,IH2005,2020-05-15 09:33:53.200,2848.6000,9922,-4,801094380.000,4,0,4,双平,S,2847.6000,2847.4000,2847.2000,2847.0000,2846.8000,2848.0000,2848.6000,2848.8000,2849.0000,2849.2000,2,2,5,7,6,1,2,6,1,4
SF,IH2005,2020-05-15 09:33:53.700,2848.0000,9921,-1,801948780.000,1,0,1,双平,S,2848.2000,2848.0000,2847.6000,2847.4000,2847.2000,2848.4000,2848.6000,2848.8000,2849.0000,2849.2000,2,2,2,2,5,5,1,6,2,4
SF,IH2005,2020-05-15 09:33:54.200,2848.6000,9917,-4,805366980.000,4,0,4,双平,S,2848.0000,2847.6000,2847.4000,2847.2000,2847.0000,2848.8000,2849.0000,2849.2000,2849.4000,2849.6000,3,2,2,5,7,6,1,4,3,3
SF,IH2005,2020-05-15 09:33:54.700,2848.8000,9915,-2,807076260.000,2,0,2,双平,S,2848.0000,2847.6000,2847.4000,2847.2000,2847.0000,2848.8000,2849.0000,2849.2000,2849.4000,2849.6000,3,2,2,5,7,4,1,4,3,3
SF,IH2005,2020-05-15 09:33:55.200,2848.8000,9914,-1,807930900.000,1,0,1,双平,S,2848.0000,2847.8000,2847.6000,2847.4000,2847.2000,2849.0000,2849.2000,2849.4000,2849.6000,2849.8000,2,1,2,2,5,1,4,3,3,5
SF,IH2005,2020-05-15 09:33:55.700,2848.8000,9913,-1,808785540.000,1,0,1,双平,S,2848.0000,2847.8000,2847.6000,2847.4000,2847.2000,2848.8000,2849.0000,2849.2000,2849.4000,2849.6000,2,1,2,2,6,1,6,4,3,3
SF,IH2005,2020-05-15 09:33:56.200,2848.8000,9909,-4,812204100.000,4,0,4,双平,S,2848.4000,2848.2000,2848.0000,2847.8000,2847.6000,2848.8000,2849.0000,2849.2000,2849.4000,2849.6000,1,1,2,1,2,2,6,4,3,3
SF,IH2005,2020-05-15 09:33:56.700,2848.8000,9909,0,812204100.000,0,-,-,-,-,2848.4000,2848.2000,2848.0000,2847.8000,2847.6000,2849.0000,2849.2000,2849.4000,2849.6000,2849.8000,1,1,2,1,2,1,4,3,3,5
SF,IH2005,2020-05-15 09:33:57.200,2848.4000,9907,-2,813913260.000,2,0,2,双平,S,2848.0000,2847.8000,2847.6000,2847.4000,2847.2000,2848.8000,2849.0000,2849.2000,2849.4000,2849.6000,2,1,2,1,6,4,1,4,3,3
SF,IH2005,2020-05-15 09:33:57.700,2848.6000,9907,0,814767840.000,1,0,1,多换,S,2848.0000,2847.8000,2847.6000,2847.4000,2847.2000,2849.0000,2849.2000,2849.4000,2849.6000,2849.8000,2,1,2,1,6,1,4,3,3,5
SF,IH2005,2020-05-15 09:33:58.200,2848.8000,9905,-2,816477120.000,2,0,2,双平,S,2848.0000,2847.8000,2847.6000,2847.4000,2847.2000,2848.8000,2849.0000,2849.2000,2849.4000,2849.6000,2,1,2,1,6,3,1,4,3,3
SF,IH2005,2020-05-15 09:33:58.700,2848.0000,9904,-1,818185920.000,2,0,2,多平,S,2847.8000,2847.6000,2847.4000,2847.2000,2847.0000,2849.0000,2849.2000,2849.4000,2849.6000,2849.8000,1,2,1,6,6,1,4,3,3,5
SF,IH2005,2020-05-15 09:33:59.200,2849.0000,9901,-3,820749720.000,3,0,3,双平,S,2849.0000,2847.8000,2847.6000,2847.4000,2847.2000,2849.2000,2849.4000,2849.6000,2849.8000,2850.0000,2,1,1,1,6,4,3,3,5,6
SF,IH2005,2020-05-15 09:33:59.700,2849.0000,9899,-2,822459120.000,2,0,2,双平,S,2848.0000,2847.8000,2847.6000,2847.4000,2847.2000,2849.0000,2849.2000,2849.4000,2849.6000,2849.8000,2,1,1,1,6,9,4,3,3,5
SF,IH2005,2020-05-15 09:34:00.200,2849.0000,9898,-1,823313820.000,1,0,1,双平,S,2849.0000,2848.2000,2847.8000,2847.6000,2847.4000,2849.2000,2849.4000,2849.6000,2849.8000,2850.0000,4,4,1,1,1,4,3,3,5,6
SF,IH2005,2020-05-15 09:34:00.700,2848.2000,9893,-5,827587080.000,5,0,5,双平,S,2848.6000,2848.2000,2847.8000,2847.6000,2847.4000,2849.0000,2849.2000,2849.4000,2849.6000,2849.8000,1,1,1,1,1,11,4,3,3,5
SF,IH2005,2020-05-15 09:34:01.200,2848.6000,9892,-1,828441660.000,1,0,1,双平,S,2848.2000,2847.8000,2847.6000,2847.4000,2847.2000,2848.6000,2849.0000,2849.2000,2849.4000,2849.6000,1,1,1,1,6,5,9,9,3,3
SF,IH2005,2020-05-15 09:34:01.700,2848.2000,9891,-1,829296120.000,1,0,1,双平,S,2847.8000,2847.6000,2847.4000,2847.2000,2847.0000,2848.6000,2849.0000,2849.2000,2849.4000,2849.6000,1,1,1,6,5,5,10,9,3,3
SF,IH2005,2020-05-15 09:34:02.200,2847.8000,9890,-1,830150460.000,1,0,1,双平,S,2847.6000,2847.4000,2847.2000,2847.0000,2846.8000,2848.4000,2848.6000,2849.0000,2849.2000,2849.4000,1,1,6,5,6,2,5,7,9,3
SF,IH2005,2020-05-15 09:34:02.700,2847.8000,9890,0,830150460.000,0,-,-,-,-,2847.6000,2847.4000,2847.2000,2847.0000,2846.8000,2848.2000,2848.4000,2848.6000,2849.0000,2849.2000,1,1,6,5,6,5,2,5,7,9
SF,IH2005,2020-05-15 09:34:03.200,2847.8000,9890,0,830150460.000,0,-,-,-,-,2847.6000,2847.4000,2847.2000,2847.0000,2846.8000,2848.2000,2848.4000,2848.6000,2848.8000,2849.0000,1,1,6,5,6,5,2,5,1,7
SF,IH2005,2020-05-15 09:34:03.700,2848.4000,9890,0,831004980.000,1,0,1,多换,S,2847.6000,2847.4000,2847.2000,2847.0000,2846.8000,2848.4000,2848.6000,2848.8000,2849.0000,2849.2000,1,1,6,5,1,1,5,1,7,9
SF,IH2005,2020-05-15 09:34:04.200,2848.4000,9885,-5,835277580.000,5,0,5,双平,S,2847.6000,2847.4000,2847.2000,2847.0000,2846.8000,2848.0000,2848.6000,2848.8000,2849.0000,2849.2000,2,1,6,5,1,1,5,1,7,9
SF,IH2005,2020-05-15 09:34:04.700,2847.6000,9881,-4,838694820.000,4,0,4,双平,S,2847.4000,2847.2000,2847.0000,2846.8000,2846.6000,2848.2000,2848.6000,2848.8000,2849.0000,2849.2000,1,6,5,1,1,1,5,1,7,4
SF,IH2005,2020-05-15 09:34:05.200,2847.6000,9881,0,838694820.000,0,-,-,-,-,2847.2000,2847.0000,2846.8000,2846.6000,2846.2000,2848.2000,2848.6000,2848.8000,2849.0000,2849.2000,6,5,1,1,4,2,5,1,7,4
SF,IH2005,2020-05-15 09:34:05.700,2847.6000,9881,0,838694820.000,0,-,-,-,-,2847.4000,2847.2000,2847.0000,2846.8000,2846.6000,2848.2000,2848.6000,2848.8000,2849.0000,2849.2000,2,6,5,1,1,6,5,1,7,4
SF,IH2005,2020-05-15 09:34:06.200,2847.6000,9881,0,838694820.000,0,-,-,-,-,2847.4000,2847.2000,2847.0000,2846.8000,2846.6000,2848.2000,2848.6000,2848.8000,2849.0000,2849.2000,2,6,8,1,1,6,5,1,7,4
SF,IH2005,2020-05-15 09:34:06.700,2848.0000,9878,-3,841258020.000,3,0,3,双平,S,2847.2000,2847.0000,2846.8000,2846.6000,2846.2000,2848.0000,2848.2000,2848.6000,2848.8000,2849.0000,6,8,1,1,4,1,6,5,1,7
SF,IH2005,2020-05-15 09:34:07.200,2848.0000,9877,-1,842112420.000,1,0,1,双平,S,2847.2000,2847.0000,2846.8000,2846.6000,2846.2000,2847.8000,2848.0000,2848.2000,2848.6000,2848.8000,6,8,1,1,4,4,1,6,5,1
SF,IH2005,2020-05-15 09:34:07.700,2848.2000,9871,-6,847238640.000,6,0,6,双平,S,2847.6000,2847.2000,2847.0000,2846.8000,2846.6000,2848.6000,2848.8000,2849.0000,2849.2000,2849.4000,2,6,8,1,1,5,1,2,4,3
SF,IH2005,2020-05-15 09:34:08.200,2848.2000,9871,0,847238640.000,0,-,-,-,-,2847.6000,2847.2000,2847.0000,2846.8000,2846.6000,2848.2000,2848.4000,2848.6000,2848.8000,2849.0000,2,6,8,1,1,5,3,5,1,2
SF,IH2005,2020-05-15 09:34:08.700,2848.4000,9869,-2,848947680.000,2,0,2,双平,S,2847.6000,2847.4000,2847.2000,2847.0000,2846.8000,2848.4000,2848.8000,2849.0000,2849.2000,2849.4000,2,1,6,8,1,1,1,2,4,3
SF,IH2005,2020-05-15 09:34:09.200,2848.4000,9869,0,848947680.000,0,-,-,-,-,2847.8000,2847.6000,2847.4000,2847.2000,2847.0000,2848.2000,2848.4000,2848.8000,2849.0000,2849.2000,2,2,1,6,8,1,1,1,2,4
SF,IH2005,2020-05-15 09:34:10.200,2848.4000,9869,0,848947680.000,0,-,-,-,-,2847.6000,2847.4000,2847.2000,2847.0000,2846.8000,2848.0000,2848.2000,2848.4000,2848.8000,2849.0000,2,1,6,8,1,5,1,1,1,2
SF,IH2005,2020-05-15 09:34:10.700,2848.4000,9869,0,848947680.000,0,-,-,-,-,2847.6000,2847.4000,2847.2000,2847.0000,2846.8000,2848.2000,2848.4000,2848.8000,2849.0000,2849.2000,2,1,6,8,1,1,1,1,2,4
SF,IH2005,2020-05-15 09:34:11.200,2847.6000,9867,-2,850656240.000,2,0,2,双平,S,2847.4000,2847.2000,2847.0000,2846.8000,2846.6000,2847.8000,2848.0000,2848.2000,2848.4000,2848.8000,1,6,8,1,1,6,1,1,1,1
SF,IH2005,2020-05-15 09:34:11.700,2847.2000,9865,-2,852364620.000,2,0,2,双平,S,2847.2000,2847.0000,2846.8000,2846.6000,2846.2000,2847.4000,2847.8000,2848.0000,2848.2000,2848.4000,5,8,1,1,4,2,6,6,1,1
SF,IH2005,2020-05-15 09:34:12.200,2847.2000,9858,-7,858343860.000,7,0,7,双平,S,2847.0000,2846.8000,2846.6000,2846.2000,2845.2000,2847.6000,2847.8000,2848.0000,2848.2000,2848.8000,8,1,1,4,1,5,6,6,1,1
SF,IH2005,2020-05-15 09:34:12.700,2847.6000,9854,-4,861760440.000,4,0,4,双平,S,2847.0000,2846.8000,2846.6000,2846.2000,2845.2000,2847.8000,2848.2000,2848.8000,2849.0000,2849.2000,5,1,1,4,1,1,1,1,2,4
SF,IH2005,2020-05-15 09:34:13.200,2847.8000,9853,-1,862614780.000,1,0,1,双平,S,2848.0000,2847.2000,2847.0000,2846.8000,2846.6000,2848.2000,2848.8000,2849.0000,2849.2000,2849.4000,2,2,5,1,1,1,1,2,4,3
SF,IH2005,2020-05-15 09:34:13.700,2848.0000,9849,-4,866032380.000,4,0,4,双平,S,2848.0000,2847.2000,2847.0000,2846.8000,2846.6000,2848.2000,2848.8000,2849.0000,2849.2000,2849.4000,8,3,5,1,1,2,1,2,4,3
SF,IH2005,2020-05-15 09:34:14.200,2848.0000,9845,-4,869449980.000,4,0,4,双平,S,2848.0000,2847.2000,2847.0000,2846.8000,2846.6000,2848.2000,2848.8000,2849.0000,2849.2000,2849.4000,4,3,5,1,1,4,1,2,4,3
SF,IH2005,2020-05-15 09:34:14.700,2848.0000,9841,-4,872867580.000,4,0,4,双平,S,2847.2000,2847.0000,2846.8000,2846.6000,2846.2000,2848.2000,2848.8000,2849.0000,2849.2000,2849.4000,3,5,1,1,4,4,1,2,4,3
SF,IH2005,2020-05-15 09:34:15.700,2848.0000,9841,0,872867580.000,0,-,-,-,-,2847.2000,2847.0000,2846.8000,2846.6000,2846.2000,2848.2000,2848.8000,2849.0000,2849.2000,2849.4000,3,5,1,1,4,9,1,2,4,3
SF,IH2005,2020-05-15 09:34:16.200,2848.0000,9841,0,872867580.000,0,-,-,-,-,2847.2000,2847.0000,2846.8000,2846.6000,2846.2000,2848.0000,2848.2000,2848.8000,2849.0000,2849.2000,2,5,1,1,4,5,10,1,2,4
SF,IH2005,2020-05-15 09:34:16.700,2848.0000,9840,-1,873721980.000,1,0,1,双平,S,2847.0000,2846.8000,2846.6000,2846.2000,2845.2000,2847.8000,2848.0000,2848.2000,2848.8000,2849.0000,5,1,1,4,1,1,4,10,1,2
SF,IH2005,2020-05-15 09:34:17.200,2848.0000,9840,0,874576380.000,1,0,1,多换,S,2847.4000,2847.0000,2846.8000,2846.6000,2846.2000,2848.0000,2848.2000,2848.8000,2849.0000,2849.2000,1,5,1,1,4,4,10,1,2,4
SF,IH2005,2020-05-15 09:34:17.700,2848.0000,9840,0,874576380.000,0,-,-,-,-,2847.4000,2847.0000,2846.8000,2846.6000,2846.2000,2847.8000,2848.0000,2848.2000,2848.8000,2849.0000,1,5,1,1,4,6,4,10,1,2
SF,IH2005,2020-05-15 09:34:18.200,2848.0000,9840,0,874576380.000,0,-,-,-,-,2847.4000,2847.0000,2846.8000,2846.6000,2846.2000,2847.8000,2848.0000,2848.2000,2848.8000,2849.0000,1,5,1,1,4,6,4,11,1,2
SF,IH2005,2020-05-15 09:34:18.700,2847.4000,9839,-1,875430600.000,1,0,1,双平,S,2847.0000,2846.8000,2846.6000,2846.2000,2845.2000,2847.4000,2847.8000,2848.0000,2848.2000,2848.8000,5,1,1,4,1,4,6,4,11,1
SF,IH2005,2020-05-15 09:34:19.200,2847.4000,9839,0,875430600.000,0,-,-,-,-,2847.2000,2847.0000,2846.8000,2846.6000,2846.2000,2847.4000,2847.8000,2848.0000,2848.2000,2848.8000,1,5,1,1,4,3,6,4,8,1
SF,IH2005,2020-05-15 09:34:19.700,2847.4000,9834,-5,879701700.000,5,0,5,双平,S,2847.4000,2847.2000,2847.0000,2846.8000,2846.6000,2847.8000,2848.0000,2848.2000,2848.8000,2849.0000,1,1,5,1,1,6,4,8,1,2
SF,IH2005,2020-05-15 09:34:20.200,2847.2000,9832,-2,881410080.000,2,0,2,双平,S,2847.0000,2846.8000,2846.6000,2846.2000,2845.2000,2847.4000,2847.6000,2847.8000,2848.0000,2848.2000,5,1,1,4,1,1,5,6,4,8
SF,IH2005,2020-05-15 09:34:20.700,2847.2000,9832,0,881410080.000,0,-,-,-,-,2847.2000,2847.0000,2846.8000,2846.6000,2846.2000,2847.4000,2847.6000,2847.8000,2848.0000,2848.2000,1,5,1,1,4,6,5,6,4,8
SF,IH2005,2020-05-15 09:34:21.200,2847.2000,9832,0,881410080.000,0,-,-,-,-,2847.2000,2847.0000,2846.8000,2846.6000,2846.2000,2847.4000,2847.6000,2847.8000,2848.0000,2848.2000,1,9,1,1,4,6,5,6,4,8
SF,IH2005,2020-05-15 09:34:22.700,2847.4000,9829,-3,883972680.000,3,0,3,双平,S,2847.0000,2846.8000,2846.6000,2846.2000,2845.2000,2847.4000,2847.6000,2847.8000,2848.0000,2848.2000,9,1,1,4,1,4,5,6,4,8
SF,IH2005,2020-05-15 09:34:23.200,2847.0000,9828,-1,884826780.000,1,0,1,双平,S,2847.0000,2846.8000,2846.6000,2846.2000,2845.2000,2847.6000,2847.8000,2848.0000,2848.2000,2848.8000,11,1,1,4,1,5,6,4,8,1
SF,IH2005,2020-05-15 09:34:24.200,2847.0000,9828,0,884826780.000,0,-,-,-,-,2847.0000,2846.8000,2846.6000,2846.2000,2845.2000,2847.4000,2847.6000,2847.8000,2848.0000,2848.2000,11,1,1,4,1,1,5,6,4,8
SF,IH2005,2020-05-15 09:34:24.700,2847.0000,9828,0,884826780.000,0,-,-,-,-,2847.0000,2846.8000,2846.6000,2846.2000,2845.2000,2847.4000,2847.6000,2847.8000,2848.0000,2848.2000,12,1,1,4,1,1,5,6,4,8
SF,IH2005,2020-05-15 09:34:25.200,2847.0000,9827,-1,885680880.000,1,0,1,双平,S,2847.0000,2846.8000,2846.6000,2846.2000,2845.2000,2847.4000,2847.6000,2847.8000,2848.0000,2848.2000,11,1,1,4,1,2,5,6,4,8
SF,IH2005,2020-05-15 09:34:26.200,2847.0000,9827,0,885680880.000,0,-,-,-,-,2847.0000,2846.8000,2846.6000,2846.2000,2845.2000,2847.2000,2847.4000,2847.6000,2847.8000,2848.0000,12,1,1,4,1,5,2,5,6,4
SF,IH2005,2020-05-15 09:34:26.700,2847.0000,9822,-5,889951380.000,5,0,5,双平,S,2847.0000,2846.8000,2846.6000,2846.2000,2845.2000,2847.2000,2847.4000,2847.6000,2847.8000,2848.0000,8,1,1,4,1,5,2,5,6,4
SF,IH2005,2020-05-15 09:34:27.200,2847.0000,9822,0,889951380.000,0,-,-,-,-,2847.0000,2846.8000,2846.6000,2846.2000,2845.2000,2847.4000,2847.6000,2847.8000,2848.0000,2848.2000,8,1,1,4,1,2,6,6,4,8
SF,IH2005,2020-05-15 09:34:27.700,2847.0000,9815,-7,896784180.000,8,0,8,多平,S,2847.0000,2846.8000,2846.6000,2846.2000,2845.2000,2847.2000,2847.4000,2847.6000,2847.8000,2848.0000,1,1,1,4,1,1,7,6,6,4
SF,IH2005,2020-05-15 09:34:28.200,2847.0000,9815,0,897638280.000,1,0,1,多换,S,2847.0000,2846.8000,2846.6000,2846.2000,2845.2000,2847.4000,2847.6000,2847.8000,2848.0000,2848.2000,1,1,1,4,1,2,6,6,4,8
SF,IH2005,2020-05-15 09:34:28.700,2847.0000,9814,-1,898492380.000,1,0,1,双平,S,2847.0000,2846.8000,2846.6000,2846.2000,2845.2000,2847.2000,2847.4000,2847.6000,2847.8000,2848.0000,1,1,1,4,1,2,2,6,6,4
SF,IH2005,2020-05-15 09:34:29.200,2847.0000,9814,0,898492380.000,0,-,-,-,-,2847.0000,2846.8000,2846.6000,2846.2000,2845.6000,2847.2000,2847.4000,2847.6000,2847.8000,2848.0000,1,1,1,4,1,2,2,6,6,4
SF,IH2005,2020-05-15 09:34:30.200,2846.8000,9811,-3,901054560.000,3,0,3,双平,S,2846.6000,2846.2000,2845.6000,2845.2000,2845.0000,2846.8000,2847.2000,2847.4000,2847.6000,2847.8000,1,4,1,1,3,3,2,2,6,6
SF,IH2005,2020-05-15 09:34:30.700,2846.8000,9810,-1,901908600.000,1,0,1,双平,S,2846.6000,2846.2000,2845.6000,2845.2000,2845.0000,2847.2000,2847.4000,2847.6000,2847.8000,2848.0000,1,4,1,1,3,2,2,6,6,1
SF,IH2005,2020-05-15 09:34:31.200,2846.8000,9810,0,901908600.000,0,-,-,-,-,2846.6000,2846.2000,2845.6000,2845.2000,2845.0000,2847.0000,2847.2000,2847.4000,2847.6000,2847.8000,1,4,1,1,3,5,3,2,6,6
SF,IH2005,2020-05-15 09:34:31.700,2846.6000,9809,-1,902762580.000,1,0,1,双平,S,2846.2000,2845.6000,2845.2000,2845.0000,2844.8000,2847.2000,2847.4000,2847.6000,2847.8000,2848.0000,4,1,1,3,1,4,2,6,6,1
SF,IH2005,2020-05-15 09:34:32.200,2846.4000,9808,-1,903616500.000,1,0,1,双平,S,2846.4000,2846.2000,2845.6000,2845.2000,2845.0000,2846.8000,2847.2000,2847.4000,2847.6000,2847.8000,1,4,1,1,3,1,4,2,6,6
