市场代码,合约代码,时间,最新,持仓,增仓,成交额,成交量,开仓,平仓,成交类型,方向,买一价,买二价,买三价,买四价,买五价,卖一价,卖二价,卖三价,卖四价,卖五价,买一量,买二量,买三量,买四量,买五量,卖一量,卖二量,卖三量,卖四量,卖五量
SF,IH2009,2020-04-24 09:29:00.300,2634.6000,11436,0,3951900.000,5.000,-,-,-,-,2633.6000,2633.0000,2631.0000,2630.2000,2630.0000,2638.0000,2639.6000,2639.8000,2640.0000,2640.4000,1,1,1,1,1,1,1,1,2,1
SF,IH2009,2020-04-24 09:30:00.300,2630.2000,11442,6,9477300.000,7,6,1,空开,S,2626.2000,2625.0000,2624.2000,2623.6000,2622.2000,2630.4000,2633.2000,2633.4000,2633.6000,2636.0000,1,2,1,1,1,1,3,4,2,1
SF,IH2009,2020-04-24 09:30:00.800,2626.4000,11441,-1,10265220.000,1,0,1,双平,S,2626.4000,2626.2000,2625.0000,2623.6000,2623.2000,2628.0000,2628.2000,2630.2000,2630.4000,2633.6000,1,1,2,1,1,1,1,7,1,2
SF,IH2009,2020-04-24 09:30:01.300,2630.2000,11440,-1,11842200.000,2,0,2,多平,S,2626.8000,2626.6000,2626.4000,2626.2000,2625.0000,2630.2000,2633.6000,2636.0000,2637.0000,2637.2000,5,2,1,1,2,2,2,1,2,1
SF,IH2009,2020-04-24 09:30:01.800,2630.2000,11438,-2,13420320.000,2,0,2,双平,S,2630.8000,2627.0000,2626.8000,2626.2000,2625.0000,2633.6000,2637.0000,2637.2000,2637.8000,2639.6000,1,8,5,1,2,1,1,1,1,1
SF,IH2009,2020-04-24 09:30:02.300,2630.8000,11436,-2,14998800.000,2,0,2,双平,S,2631.0000,2627.0000,2626.8000,2626.2000,2625.0000,2631.6000,2633.2000,2633.6000,2633.8000,2637.0000,6,3,5,1,2,2,7,5,1,1
SF,IH2009,2020-04-24 09:30:02.800,2631.2000,11433,-3,17366760.000,3,0,3,双平,S,2631.0000,2627.0000,2626.8000,2626.2000,2625.0000,2631.6000,2633.2000,2633.6000,2633.8000,2637.0000,5,3,5,1,2,2,6,5,1,1
SF,IH2009,2020-04-24 09:30:03.300,2631.6000,11432,-1,18156240.000,1,0,1,双平,S,2631.0000,2627.0000,2626.8000,2626.2000,2625.0000,2631.6000,2633.2000,2633.6000,2633.8000,2637.0000,5,3,5,1,2,1,6,5,1,1
SF,IH2009,2020-04-24 09:30:03.800,2631.6000,11432,0,18156240.000,0,-,-,-,-,2631.0000,2627.0000,2626.8000,2626.2000,2625.0000,2631.6000,2633.2000,2633.6000,2633.8000,2637.0000,5,3,5,1,2,1,6,5,1,1
SF,IH2009,2020-04-24 09:30:04.300,2631.6000,11432,0,18156240.000,0,-,-,-,-,2631.0000,2627.0000,2626.8000,2626.2000,2625.0000,2631.6000,2633.2000,2633.6000,2633.8000,2637.0000,5,3,5,1,2,2,6,5,1,1
SF,IH2009,2020-04-24 09:30:04.800,2631.2000,11431,-1,18945600.000,1,0,1,双平,S,2631.0000,2627.0000,2626.8000,2626.2000,2625.0000,2631.6000,2633.2000,2633.6000,2633.8000,2637.0000,5,3,5,1,2,4,6,5,1,1
SF,IH2009,2020-04-24 09:30:05.300,2631.0000,11432,1,21313500.000,3,2,1,空开,S,2631.0000,2627.0000,2626.8000,2626.2000,2625.0000,2631.4000,2631.6000,2633.2000,2633.6000,2633.8000,2,3,5,1,2,1,4,6,5,1
SF,IH2009,2020-04-24 09:30:05.800,2631.0000,11432,0,22892100.000,2,1,1,多换,S,2627.0000,2626.8000,2626.2000,2625.0000,2623.2000,2631.4000,2631.6000,2633.2000,2633.6000,2633.8000,3,5,1,2,1,1,4,6,5,1
SF,IH2009,2020-04-24 09:30:06.300,2631.0000,11432,0,22892100.000,0,-,-,-,-,2627.0000,2626.2000,2625.0000,2623.2000,2622.2000,2631.0000,2631.2000,2631.4000,2631.6000,2633.2000,3,1,2,1,1,1,2,1,4,6
SF,IH2009,2020-04-24 09:30:06.800,2631.0000,11432,0,22892100.000,0,-,-,-,-,2627.2000,2627.0000,2626.2000,2625.0000,2623.2000,2630.8000,2631.0000,2631.2000,2631.4000,2631.6000,1,1,1,2,1,2,2,1,1,4
SF,IH2009,2020-04-24 09:30:07.300,2631.0000,11432,0,22892100.000,0,-,-,-,-,2627.4000,2627.2000,2626.2000,2625.0000,2623.2000,2630.8000,2631.4000,2631.6000,2633.2000,2633.6000,2,1,1,2,1,2,1,4,6,5
SF,IH2009,2020-04-24 09:30:07.800,2631.0000,11432,0,22892100.000,0,-,-,-,-,2627.6000,2627.4000,2626.2000,2625.0000,2623.2000,2630.8000,2631.0000,2631.4000,2631.6000,2633.2000,1,1,1,2,1,1,2,1,4,6
SF,IH2009,2020-04-24 09:30:08.300,2631.0000,11432,0,22892100.000,0,-,-,-,-,2627.8000,2627.6000,2626.2000,2625.0000,2623.2000,2630.8000,2631.0000,2631.4000,2631.6000,2633.2000,1,1,1,2,1,2,2,1,4,6
SF,IH2009,2020-04-24 09:30:08.800,2631.0000,11432,0,22892100.000,0,-,-,-,-,2628.0000,2627.8000,2626.2000,2625.0000,2623.2000,2630.8000,2631.0000,2631.4000,2631.6000,2633.2000,1,1,1,2,1,2,1,1,4,6
SF,IH2009,2020-04-24 09:30:09.300,2631.0000,11432,0,22892100.000,0,-,-,-,-,2628.2000,2628.0000,2627.0000,2626.2000,2625.0000,2630.8000,2631.6000,2633.2000,2633.6000,2637.0000,1,1,1,1,2,2,4,6,5,1
SF,IH2009,2020-04-24 09:30:09.800,2630.8000,11432,0,23681340.000,1,0,1,多换,S,2628.4000,2628.2000,2627.0000,2626.8000,2626.2000,2631.6000,2633.2000,2633.6000,2637.0000,2637.2000,2,1,1,1,1,4,6,5,1,1
SF,IH2009,2020-04-24 09:30:10.300,2630.8000,11432,0,23681340.000,0,-,-,-,-,2628.6000,2628.4000,2627.0000,2626.8000,2626.2000,2631.6000,2633.2000,2633.6000,2637.0000,2637.2000,2,2,1,1,1,1,6,5,1,1
SF,IH2009,2020-04-24 09:30:10.800,2630.8000,11432,0,23681340.000,0,-,-,-,-,2628.8000,2628.6000,2626.8000,2626.2000,2625.0000,2631.6000,2633.2000,2633.6000,2637.0000,2637.2000,4,1,1,1,2,1,6,5,1,1
SF,IH2009,2020-04-24 09:30:11.300,2630.8000,11432,0,23681340.000,0,-,-,-,-,2629.0000,2628.8000,2626.8000,2626.2000,2625.0000,2631.6000,2633.2000,2633.6000,2637.0000,2637.2000,2,3,1,1,2,1,6,5,1,1
SF,IH2009,2020-04-24 09:30:11.800,2630.8000,11432,0,23681340.000,0,-,-,-,-,2629.2000,2629.0000,2628.8000,2626.8000,2626.2000,2631.6000,2633.2000,2633.6000,2637.0000,2637.2000,3,1,1,1,1,1,6,5,1,1
SF,IH2009,2020-04-24 09:30:12.300,2630.8000,11432,0,23681340.000,0,-,-,-,-,2629.4000,2629.2000,2628.8000,2626.8000,2626.2000,2631.6000,2633.2000,2633.6000,2637.0000,2637.2000,1,3,1,1,1,1,6,5,1,1
SF,IH2009,2020-04-24 09:30:12.800,2630.8000,11432,0,23681340.000,0,-,-,-,-,2629.6000,2629.4000,2629.2000,2626.8000,2626.2000,2631.4000,2631.6000,2633.2000,2633.6000,2637.0000,2,1,1,1,1,1,1,6,5,1
SF,IH2009,2020-04-24 09:30:13.300,2631.4000,11431,-1,24470760.000,1,0,1,双平,S,2629.6000,2629.4000,2629.2000,2626.8000,2626.2000,2631.6000,2633.2000,2633.6000,2637.0000,2637.2000,2,1,1,1,1,1,6,5,1,1
SF,IH2009,2020-04-24 09:30:13.800,2631.4000,11431,0,24470760.000,0,-,-,-,-,2629.8000,2629.6000,2626.8000,2626.2000,2625.0000,2631.6000,2633.2000,2633.6000,2637.0000,2637.2000,2,2,1,1,2,1,6,1,1,1
SF,IH2009,2020-04-24 09:30:14.300,2631.4000,11431,0,24470760.000,0,-,-,-,-,2630.0000,2629.8000,2626.8000,2626.2000,2625.0000,2631.4000,2631.6000,2633.2000,2633.6000,2637.0000,1,1,1,1,2,2,1,6,1,1
SF,IH2009,2020-04-24 09:30:14.800,2631.4000,11431,0,24470760.000,0,-,-,-,-,2629.8000,2626.8000,2626.2000,2625.0000,2623.2000,2631.4000,2631.6000,2633.2000,2633.6000,2637.0000,1,1,1,2,1,2,1,6,1,1
SF,IH2009,2020-04-24 09:30:15.300,2631.4000,11431,0,24470760.000,0,-,-,-,-,2629.8000,2626.8000,2626.2000,2625.0000,2623.2000,2631.4000,2631.6000,2633.2000,2633.6000,2637.0000,1,1,1,2,1,2,1,6,1,1
SF,IH2009,2020-04-24 09:30:15.800,2629.8000,11430,-1,25259700.000,1,0,1,双平,S,2626.8000,2626.2000,2625.0000,2623.2000,2622.2000,2629.8000,2631.4000,2631.6000,2633.2000,2633.6000,1,1,2,1,1,2,2,1,6,1
SF,IH2009,2020-04-24 09:30:16.300,2629.8000,11427,-3,28415460.000,4,0,4,多平,S,2628.2000,2628.0000,2627.2000,2627.0000,2626.8000,2631.6000,2633.2000,2633.6000,2637.0000,2637.2000,1,3,6,4,1,1,6,1,1,1
SF,IH2009,2020-04-24 09:30:16.800,2629.8000,11427,0,28415460.000,0,-,-,-,-,2630.0000,2628.6000,2628.4000,2628.2000,2628.0000,2631.6000,2633.2000,2633.6000,2637.0000,2637.2000,1,2,3,1,3,1,6,1,1,1
SF,IH2009,2020-04-24 09:30:17.300,2629.8000,11427,0,28415460.000,0,-,-,-,-,2630.2000,2630.0000,2628.4000,2628.0000,2627.2000,2631.6000,2633.2000,2633.6000,2637.0000,2637.2000,1,1,3,3,6,1,6,1,1,1
SF,IH2009,2020-04-24 09:30:17.800,2631.6000,11427,0,29204940.000,1,0,1,多换,S,2630.0000,2628.4000,2628.0000,2627.2000,2626.8000,2633.2000,2633.6000,2637.0000,2637.2000,2638.4000,1,3,2,6,1,6,1,1,1,1
SF,IH2009,2020-04-24 09:30:18.300,2631.6000,11427,0,29204940.000,0,-,-,-,-,2630.2000,2630.0000,2628.4000,2628.0000,2627.2000,2632.8000,2633.0000,2633.2000,2633.6000,2637.0000,2,1,2,2,6,1,1,10,1,1
SF,IH2009,2020-04-24 09:30:18.800,2631.6000,11427,0,29204940.000,0,-,-,-,-,2630.2000,2630.0000,2628.4000,2628.0000,2627.2000,2632.4000,2632.6000,2632.8000,2633.2000,2633.6000,2,1,2,2,6,6,2,1,4,1
SF,IH2009,2020-04-24 09:30:19.300,2631.6000,11427,0,29204940.000,0,-,-,-,-,2630.2000,2630.0000,2628.4000,2626.8000,2626.2000,2631.6000,2632.0000,2632.2000,2632.4000,2632.6000,1,1,2,1,1,4,1,1,6,1
SF,IH2009,2020-04-24 09:30:19.800,2630.2000,11426,-1,29994000.000,1,0,1,双平,S,2630.0000,2628.4000,2626.8000,2626.2000,2625.0000,2632.0000,2632.2000,2632.4000,2632.6000,2633.2000,1,2,1,1,2,1,1,6,1,4
SF,IH2009,2020-04-24 09:30:20.300,2630.2000,11426,0,29994000.000,0,-,-,-,-,2630.2000,2630.0000,2628.4000,2626.8000,2626.2000,2631.8000,2632.4000,2632.6000,2633.6000,2637.0000,1,1,2,1,1,3,6,1,1,1
SF,IH2009,2020-04-24 09:30:20.800,2630.2000,11426,0,29994000.000,0,-,-,-,-,2630.0000,2628.4000,2626.8000,2626.2000,2625.0000,2631.8000,2632.4000,2632.6000,2633.6000,2637.0000,1,2,1,1,2,2,6,1,1,1
SF,IH2009,2020-04-24 09:30:21.300,2630.2000,11426,0,29994000.000,0,-,-,-,-,2630.2000,2630.0000,2628.4000,2626.8000,2626.2000,2631.8000,2632.4000,2632.6000,2633.6000,2637.2000,1,1,2,1,1,2,5,1,1,1
SF,IH2009,2020-04-24 09:30:21.800,2630.2000,11426,0,30783060.000,1,0,1,多换,S,2630.0000,2628.4000,2626.8000,2626.2000,2625.0000,2631.8000,2632.6000,2633.6000,2637.2000,2638.4000,1,2,1,1,2,2,1,1,1,1
SF,IH2009,2020-04-24 09:30:22.300,2630.2000,11426,0,30783060.000,0,-,-,-,-,2630.0000,2628.4000,2626.8000,2626.2000,2626.0000,2631.8000,2632.6000,2633.6000,2637.2000,2638.4000,1,2,1,1,1,2,1,1,1,1
SF,IH2009,2020-04-24 09:30:22.800,2630.2000,11426,0,30783060.000,0,-,-,-,-,2630.0000,2628.4000,2626.8000,2626.2000,2626.0000,2631.8000,2632.6000,2633.6000,2637.2000,2638.4000,1,2,1,1,1,2,1,1,1,1
SF,IH2009,2020-04-24 09:30:23.300,2630.2000,11426,0,30783060.000,0,-,-,-,-,2630.2000,2630.0000,2628.4000,2626.8000,2626.2000,2631.8000,2633.6000,2637.2000,2638.4000,2639.6000,1,1,2,1,1,2,1,1,1,1
SF,IH2009,2020-04-24 09:30:23.800,2630.2000,11425,-1,31572120.000,1,0,1,双平,S,2630.0000,2628.4000,2626.8000,2626.2000,2626.0000,2631.8000,2633.6000,2637.2000,2638.4000,2639.6000,1,2,1,1,1,2,1,1,1,1
SF,IH2009,2020-04-24 09:30:24.300,2630.2000,11425,0,31572120.000,0,-,-,-,-,2630.0000,2628.4000,2626.8000,2626.2000,2626.0000,2630.2000,2631.8000,2633.6000,2637.2000,2638.4000,1,2,1,1,1,1,2,1,1,1
SF,IH2009,2020-04-24 09:30:24.800,2630.2000,11424,-1,32361180.000,1,0,1,双平,S,2631.0000,2630.0000,2628.4000,2626.8000,2626.2000,2631.2000,2631.8000,2633.6000,2637.2000,2638.4000,1,1,2,1,1,1,1,1,1,1
SF,IH2009,2020-04-24 09:30:25.300,2631.0000,11424,0,33150480.000,1,0,1,多换,S,2630.0000,2628.4000,2626.8000,2626.2000,2626.0000,2631.2000,2633.6000,2637.2000,2638.4000,2639.6000,1,2,1,1,1,1,1,1,1,1
SF,IH2009,2020-04-24 09:30:26.300,2631.0000,11423,-1,33939780.000,1,0,1,双平,S,2630.2000,2630.0000,2628.4000,2626.8000,2626.2000,2633.6000,2637.2000,2638.4000,2639.6000,2639.8000,1,1,2,1,1,1,1,1,1,1
SF,IH2009,2020-04-24 09:30:26.800,2631.0000,11423,0,33939780.000,0,-,-,-,-,2630.2000,2630.0000,2628.4000,2626.8000,2626.2000,2633.2000,2633.4000,2633.6000,2633.8000,2637.2000,1,1,2,1,1,7,1,5,1,1
SF,IH2009,2020-04-24 09:30:27.300,2631.0000,11423,0,33939780.000,0,-,-,-,-,2631.2000,2630.2000,2630.0000,2628.4000,2626.8000,2633.0000,2633.2000,2633.6000,2633.8000,2637.2000,3,1,2,2,1,2,7,1,1,1
SF,IH2009,2020-04-24 09:30:27.800,2631.0000,11423,0,33939780.000,0,-,-,-,-,2631.4000,2631.2000,2630.0000,2628.4000,2626.8000,2632.8000,2633.0000,2633.6000,2633.8000,2637.2000,1,3,2,2,1,1,2,1,1,1
SF,IH2009,2020-04-24 09:30:28.300,2631.0000,11423,0,33939780.000,0,-,-,-,-,2631.4000,2631.2000,2630.2000,2630.0000,2628.4000,2632.6000,2633.0000,2633.2000,2633.6000,2633.8000,1,3,1,2,2,1,2,1,1,1
SF,IH2009,2020-04-24 09:30:28.800,2631.0000,11423,0,33939780.000,0,-,-,-,-,2631.4000,2631.2000,2630.2000,2630.0000,2628.4000,2632.4000,2633.0000,2633.2000,2633.6000,2633.8000,1,3,1,2,2,2,1,1,1,1
SF,IH2009,2020-04-24 09:30:29.800,2631.0000,11423,0,33939780.000,0,-,-,-,-,2631.4000,2631.2000,2630.2000,2630.0000,2628.4000,2632.4000,2633.0000,2633.2000,2633.6000,2633.8000,1,3,2,2,2,2,1,1,1,1
SF,IH2009,2020-04-24 09:30:30.300,2631.0000,11423,0,33939780.000,0,-,-,-,-,2631.2000,2631.0000,2630.2000,2630.0000,2628.4000,2632.4000,2633.0000,2633.2000,2633.6000,2633.8000,3,6,2,2,2,2,1,1,1,1
SF,IH2009,2020-04-24 09:30:31.300,2631.0000,11423,0,33939780.000,0,-,-,-,-,2631.4000,2631.2000,2631.0000,2630.2000,2630.0000,2632.4000,2633.0000,2633.2000,2633.6000,2633.8000,1,3,6,2,2,2,1,1,1,1
SF,IH2009,2020-04-24 09:30:32.300,2632.4000,11422,-1,35519220.000,2,0,2,多平,S,2631.4000,2631.2000,2631.0000,2630.2000,2630.0000,2633.0000,2633.2000,2633.6000,2633.8000,2637.2000,1,3,6,2,2,1,1,1,1,1
SF,IH2009,2020-04-24 09:30:32.800,2632.4000,11422,0,35519220.000,0,-,-,-,-,2631.4000,2631.2000,2631.0000,2630.2000,2630.0000,2632.8000,2633.2000,2633.6000,2633.8000,2637.2000,1,3,7,2,2,1,1,1,1,1
SF,IH2009,2020-04-24 09:30:33.300,2632.4000,11422,0,35519220.000,0,-,-,-,-,2631.4000,2631.2000,2631.0000,2630.2000,2630.0000,2633.2000,2633.6000,2633.8000,2637.2000,2638.4000,1,3,7,2,2,1,1,1,1,1
SF,IH2009,2020-04-24 09:30:33.800,2632.4000,11422,0,35519220.000,0,-,-,-,-,2631.6000,2631.4000,2631.2000,2631.0000,2630.2000,2633.0000,2633.2000,2633.6000,2633.8000,2637.2000,1,1,3,7,2,1,1,1,1,1
SF,IH2009,2020-04-24 09:30:34.300,2632.4000,11422,0,35519220.000,0,-,-,-,-,2631.8000,2631.2000,2631.0000,2630.2000,2630.0000,2633.2000,2633.6000,2637.2000,2638.4000,2639.6000,2,3,7,2,2,1,1,1,1,1
SF,IH2009,2020-04-24 09:30:34.800,2632.4000,11422,0,35519220.000,0,-,-,-,-,2631.8000,2631.2000,2631.0000,2630.2000,2630.0000,2633.2000,2633.6000,2637.2000,2638.4000,2639.6000,1,3,7,2,2,1,1,1,1,1
SF,IH2009,2020-04-24 09:30:35.300,2633.2000,11421,-1,36309180.000,1,0,1,双平,S,2631.8000,2631.2000,2631.0000,2630.2000,2630.0000,2633.6000,2637.2000,2638.4000,2639.6000,2639.8000,1,3,7,2,2,1,1,1,1,1
SF,IH2009,2020-04-24 09:30:35.800,2633.2000,11421,0,36309180.000,0,-,-,-,-,2632.0000,2631.8000,2631.2000,2631.0000,2630.2000,2633.4000,2633.6000,2637.2000,2638.4000,2639.6000,1,1,3,7,2,2,1,1,1,1
SF,IH2009,2020-04-24 09:30:36.300,2633.2000,11421,0,36309180.000,0,-,-,-,-,2632.2000,2631.2000,2631.0000,2630.2000,2630.0000,2633.4000,2633.6000,2637.2000,2638.4000,2639.6000,1,3,7,2,2,2,1,1,1,1
SF,IH2009,2020-04-24 09:30:36.800,2633.2000,11421,0,36309180.000,0,-,-,-,-,2632.2000,2631.2000,2631.0000,2630.2000,2630.0000,2633.2000,2633.4000,2633.6000,2637.2000,2638.4000,1,3,7,2,2,1,1,1,1,1
SF,IH2009,2020-04-24 09:30:37.300,2633.2000,11421,0,36309180.000,0,-,-,-,-,2632.2000,2631.2000,2631.0000,2630.2000,2630.0000,2633.4000,2633.6000,2637.2000,2638.4000,2639.6000,1,3,7,2,2,1,1,1,1,1
SF,IH2009,2020-04-24 09:30:39.800,2633.4000,11420,-1,37099200.000,1,0,1,双平,S,2632.2000,2631.2000,2631.0000,2630.2000,2630.0000,2633.6000,2637.2000,2638.4000,2639.6000,2639.8000,1,3,7,2,2,1,1,1,1,1
SF,IH2009,2020-04-24 09:30:40.300,2633.4000,11420,0,37099200.000,0,-,-,-,-,2632.2000,2631.2000,2631.0000,2630.2000,2630.0000,2633.4000,2633.6000,2637.2000,2638.4000,2639.6000,1,3,7,2,2,1,1,1,1,1
SF,IH2009,2020-04-24 09:30:40.800,2633.4000,11420,0,37099200.000,0,-,-,-,-,2632.2000,2631.2000,2631.0000,2630.2000,2630.0000,2633.6000,2637.2000,2638.4000,2639.6000,2639.8000,1,3,7,2,2,1,1,1,1,1
SF,IH2009,2020-04-24 09:30:41.300,2633.4000,11420,0,37099200.000,0,-,-,-,-,2632.2000,2631.2000,2631.0000,2630.2000,2630.0000,2633.4000,2633.6000,2633.8000,2637.2000,2638.4000,1,3,7,2,2,1,1,1,1,1
SF,IH2009,2020-04-24 09:30:41.800,2633.4000,11420,0,37099200.000,0,-,-,-,-,2632.2000,2631.2000,2631.0000,2630.2000,2630.0000,2633.6000,2637.2000,2638.4000,2639.6000,2639.8000,1,3,7,2,2,1,1,1,1,1
SF,IH2009,2020-04-24 09:30:42.300,2633.4000,11420,0,37099200.000,0,-,-,-,-,2632.2000,2631.2000,2631.0000,2630.2000,2630.0000,2633.4000,2633.6000,2633.8000,2637.2000,2638.4000,1,3,7,2,2,1,1,1,1,1
SF,IH2009,2020-04-24 09:30:42.800,2633.4000,11420,0,37099200.000,0,-,-,-,-,2632.2000,2631.2000,2631.0000,2630.2000,2630.0000,2633.6000,2637.2000,2638.4000,2639.6000,2639.8000,1,3,7,2,3,1,1,1,1,1
SF,IH2009,2020-04-24 09:30:43.300,2633.6000,11419,-1,37889280.000,1,0,1,双平,S,2632.2000,2631.2000,2631.0000,2630.2000,2630.0000,2637.2000,2638.4000,2639.6000,2639.8000,2640.0000,1,3,7,2,3,1,1,1,1,1
SF,IH2009,2020-04-24 09:30:43.800,2633.6000,11419,0,37889280.000,0,-,-,-,-,2632.2000,2631.2000,2631.0000,2630.2000,2630.0000,2635.0000,2635.2000,2636.2000,2636.4000,2636.8000,1,3,7,2,3,2,1,4,1,7
SF,IH2009,2020-04-24 09:30:44.300,2633.6000,11419,0,37889280.000,0,-,-,-,-,2632.2000,2631.2000,2631.0000,2630.2000,2630.0000,2634.0000,2634.6000,2634.8000,2635.0000,2635.2000,1,3,7,2,3,2,1,7,2,1
SF,IH2009,2020-04-24 09:30:44.800,2633.6000,11419,0,37889280.000,0,-,-,-,-,2632.2000,2631.2000,2631.0000,2630.2000,2630.0000,2633.8000,2634.0000,2634.6000,2634.8000,2635.0000,1,3,7,2,3,2,2,1,7,2
SF,IH2009,2020-04-24 09:30:45.300,2633.6000,11419,0,37889280.000,0,-,-,-,-,2632.2000,2631.2000,2631.0000,2630.2000,2630.0000,2633.6000,2633.8000,2634.0000,2634.6000,2634.8000,1,3,7,2,3,1,2,2,1,6
SF,IH2009,2020-04-24 09:30:45.800,2633.6000,11419,0,37889280.000,0,-,-,-,-,2632.2000,2631.2000,2631.0000,2630.2000,2630.0000,2633.4000,2633.6000,2633.8000,2634.0000,2634.6000,1,3,7,2,3,1,1,1,2,1
SF,IH2009,2020-04-24 09:30:46.300,2633.6000,11419,0,37889280.000,0,-,-,-,-,2632.2000,2631.2000,2631.0000,2630.2000,2630.0000,2633.6000,2633.8000,2634.0000,2634.6000,2634.8000,1,3,7,2,3,1,1,2,1,6
SF,IH2009,2020-04-24 09:30:46.800,2633.6000,11419,0,37889280.000,0,-,-,-,-,2632.2000,2631.2000,2631.0000,2630.2000,2630.0000,2634.6000,2634.8000,2635.0000,2635.2000,2636.2000,1,3,7,2,3,1,6,2,1,4
SF,IH2009,2020-04-24 09:30:47.300,2633.6000,11419,0,37889280.000,0,-,-,-,-,2632.2000,2631.2000,2631.0000,2630.2000,2630.0000,2634.0000,2634.2000,2634.4000,2634.6000,2635.0000,1,3,7,2,3,2,6,2,1,2
SF,IH2009,2020-04-24 09:30:47.800,2633.6000,11419,0,37889280.000,0,-,-,-,-,2632.2000,2631.2000,2631.0000,2630.2000,2630.0000,2633.8000,2634.0000,2634.2000,2634.6000,2635.0000,1,3,7,2,3,4,2,6,1,2
SF,IH2009,2020-04-24 09:30:48.300,2633.6000,11419,0,37889280.000,0,-,-,-,-,2632.2000,2631.2000,2631.0000,2630.2000,2630.0000,2633.6000,2633.8000,2634.0000,2634.6000,2635.0000,1,3,7,2,3,1,4,2,1,2
SF,IH2009,2020-04-24 09:30:48.800,2633.6000,11419,0,37889280.000,0,-,-,-,-,2632.4000,2632.2000,2631.2000,2631.0000,2630.2000,2633.6000,2633.8000,2634.0000,2635.0000,2635.2000,1,1,3,7,2,1,2,2,2,1
SF,IH2009,2020-04-24 09:30:49.300,2633.6000,11419,0,37889280.000,0,-,-,-,-,2632.2000,2631.2000,2631.0000,2630.2000,2630.0000,2633.6000,2633.8000,2634.0000,2635.0000,2635.2000,1,3,7,2,3,1,2,2,2,1
SF,IH2009,2020-04-24 09:30:49.800,2633.6000,11419,0,37889280.000,0,-,-,-,-,2632.4000,2632.2000,2631.2000,2631.0000,2630.2000,2633.6000,2633.8000,2635.0000,2635.2000,2636.2000,1,1,3,7,2,1,2,2,1,4
SF,IH2009,2020-04-24 09:30:50.300,2633.6000,11419,0,37889280.000,0,-,-,-,-,2632.2000,2631.2000,2631.0000,2630.2000,2630.0000,2633.6000,2633.8000,2635.0000,2635.2000,2636.2000,1,3,7,2,3,1,1,2,1,4
SF,IH2009,2020-04-24 09:30:50.800,2633.6000,11419,0,37889280.000,0,-,-,-,-,2632.4000,2632.2000,2631.2000,2631.0000,2630.2000,2633.6000,2633.8000,2635.0000,2635.2000,2636.2000,1,1,3,7,2,1,1,2,1,4
SF,IH2009,2020-04-24 09:30:51.300,2633.6000,11419,0,37889280.000,0,-,-,-,-,2632.2000,2631.2000,2631.0000,2630.2000,2630.0000,2633.6000,2633.8000,2635.0000,2635.2000,2636.2000,1,3,7,2,3,1,1,2,1,4
SF,IH2009,2020-04-24 09:30:51.800,2633.6000,11419,0,37889280.000,0,-,-,-,-,2632.2000,2631.2000,2631.0000,2630.2000,2630.0000,2633.6000,2633.8000,2635.0000,2635.2000,2636.2000,1,3,7,2,3,1,1,2,1,4
SF,IH2009,2020-04-24 09:30:52.300,2633.6000,11419,0,37889280.000,0,-,-,-,-,2631.2000,2631.0000,2630.2000,2630.0000,2628.4000,2632.2000,2633.4000,2633.6000,2633.8000,2635.0000,3,7,2,3,1,1,1,1,2,2
SF,IH2009,2020-04-24 09:30:52.800,2632.2000,11418,-1,38678940.000,1,0,1,双平,S,2631.4000,2631.2000,2631.0000,2630.2000,2630.0000,2633.6000,2633.8000,2635.0000,2635.2000,2636.2000,2,3,7,2,3,1,2,2,1,4
SF,IH2009,2020-04-24 09:30:53.300,2632.2000,11418,0,38678940.000,0,-,-,-,-,2631.6000,2631.4000,2631.2000,2631.0000,2630.2000,2633.4000,2633.6000,2635.0000,2635.2000,2636.2000,1,1,3,7,2,1,1,2,1,4
SF,IH2009,2020-04-24 09:30:53.800,2632.2000,11418,0,38678940.000,0,-,-,-,-,2631.8000,2631.2000,2631.0000,2630.2000,2630.0000,2633.2000,2633.4000,2633.6000,2635.0000,2635.2000,1,3,7,2,3,1,1,1,2,1
SF,IH2009,2020-04-24 09:30:54.300,2632.2000,11418,0,38678940.000,0,-,-,-,-,2631.2000,2631.0000,2630.2000,2630.0000,2628.0000,2633.0000,2633.4000,2633.6000,2635.0000,2635.2000,3,7,2,3,1,1,1,1,2,1
SF,IH2009,2020-04-24 09:30:54.800,2632.2000,11418,0,38678940.000,0,-,-,-,-,2631.4000,2631.2000,2631.0000,2630.2000,2630.0000,2632.8000,2633.6000,2635.0000,2635.2000,2636.2000,2,3,7,2,3,2,1,2,1,4
SF,IH2009,2020-04-24 09:30:55.300,2632.2000,11418,0,38678940.000,0,-,-,-,-,2631.2000,2631.0000,2630.2000,2630.0000,2628.0000,2632.8000,2633.6000,2635.0000,2635.2000,2636.2000,3,7,2,3,1,2,1,2,1,4
SF,IH2009,2020-04-24 09:30:55.800,2632.2000,11418,0,38678940.000,0,-,-,-,-,2631.2000,2631.0000,2630.2000,2630.0000,2628.0000,2632.8000,2633.6000,2635.0000,2635.2000,2636.2000,3,7,2,3,1,2,1,2,1,4
SF,IH2009,2020-04-24 09:30:56.300,2632.2000,11418,0,38678940.000,0,-,-,-,-,2631.2000,2631.0000,2630.2000,2630.0000,2628.0000,2632.6000,2632.8000,2633.6000,2635.0000,2635.2000,3,7,1,3,1,6,2,1,2,1
SF,IH2009,2020-04-24 09:30:56.800,2632.2000,11418,0,38678940.000,0,-,-,-,-,2631.2000,2631.0000,2630.2000,2630.0000,2628.0000,2632.4000,2632.6000,2632.8000,2633.6000,2635.0000,3,7,1,3,1,1,6,1,1,2
SF,IH2009,2020-04-24 09:30:57.300,2632.2000,11418,0,38678940.000,0,-,-,-,-,2631.2000,2631.0000,2630.2000,2630.0000,2628.0000,2631.6000,2632.2000,2632.6000,2632.8000,2633.6000,3,7,1,3,1,2,2,6,1,1
SF,IH2009,2020-04-24 09:30:57.800,2632.2000,11418,0,38678940.000,0,-,-,-,-,2631.2000,2631.0000,2630.2000,2630.0000,2628.0000,2632.2000,2632.8000,2633.6000,2635.0000,2636.2000,3,7,1,3,1,1,1,1,1,4
SF,IH2009,2020-04-24 09:30:58.300,2631.2000,11416,-2,40257660.000,2,0,2,双平,S,2631.2000,2631.0000,2630.2000,2630.0000,2628.0000,2632.8000,2633.6000,2635.0000,2636.2000,2637.0000,1,7,1,3,1,1,1,1,4,3
SF,IH2009,2020-04-24 09:30:58.800,2631.2000,11415,-1,41047020.000,1,0,1,双平,S,2631.0000,2630.2000,2630.0000,2628.0000,2626.8000,2632.6000,2633.6000,2635.0000,2636.2000,2637.0000,7,1,3,1,1,7,1,1,4,3
SF,IH2009,2020-04-24 09:30:59.300,2631.2000,11415,0,41047020.000,0,-,-,-,-,2631.0000,2630.2000,2630.0000,2628.0000,2626.8000,2632.6000,2633.6000,2635.0000,2636.2000,2637.0000,7,1,3,1,1,7,1,1,4,3
SF,IH2009,2020-04-24 09:30:59.800,2631.2000,11415,0,41047020.000,0,-,-,-,-,2631.0000,2630.2000,2630.0000,2628.0000,2626.8000,2632.6000,2633.6000,2635.0000,2636.2000,2637.0000,7,1,3,1,1,1,1,1,4,3
SF,IH2009,2020-04-24 09:31:00.300,2631.2000,11415,0,41047020.000,0,-,-,-,-,2631.2000,2631.0000,2630.2000,2630.0000,2628.0000,2632.4000,2633.6000,2635.0000,2636.2000,2637.0000,1,7,1,3,1,1,1,1,4,3
SF,IH2009,2020-04-24 09:31:00.800,2631.2000,11414,-1,41836380.000,1,0,1,双平,S,2631.0000,2630.2000,2630.0000,2628.0000,2626.8000,2633.6000,2635.0000,2636.2000,2637.0000,2637.2000,7,1,3,1,1,1,1,4,3,1
SF,IH2009,2020-04-24 09:31:01.300,2631.0000,11414,0,42625680.000,1,0,1,多换,S,2631.0000,2630.2000,2630.0000,2628.0000,2626.8000,2633.2000,2633.4000,2633.6000,2633.8000,2635.0000,6,1,3,1,1,7,2,1,1,1
SF,IH2009,2020-04-24 09:31:01.800,2631.0000,11414,0,42625680.000,0,-,-,-,-,2631.0000,2630.2000,2630.0000,2628.0000,2626.8000,2631.6000,2633.0000,2633.2000,2633.4000,2633.6000,6,1,3,1,1,4,5,7,1,1
SF,IH2009,2020-04-24 09:31:02.300,2631.4000,11414,0,44993700.000,3,1,2,多换,S,2631.0000,2630.2000,2630.0000,2628.0000,2626.8000,2633.0000,2633.2000,2633.6000,2633.8000,2636.2000,4,1,3,1,1,2,6,1,1,4
SF,IH2009,2020-04-24 09:31:02.800,2631.0000,11415,1,45783000.000,1,1,0,双开,S,2631.0000,2630.2000,2630.0000,2628.0000,2626.8000,2632.6000,2632.8000,2633.0000,2633.6000,2633.8000,3,1,3,1,1,6,1,2,1,1
SF,IH2009,2020-04-24 09:31:03.300,2631.0000,11415,0,47361600.000,2,1,1,多换,S,2631.0000,2630.2000,2630.0000,2628.0000,2626.8000,2632.4000,2632.6000,2633.6000,2633.8000,2636.2000,1,1,3,1,1,3,6,1,1,4
SF,IH2009,2020-04-24 09:31:03.800,2631.0000,11415,0,48150900.000,1,0,1,多换,S,2630.2000,2630.0000,2628.0000,2626.8000,2626.2000,2631.6000,2632.2000,2632.4000,2633.6000,2633.8000,1,3,1,1,1,2,6,3,1,1
SF,IH2009,2020-04-24 09:31:04.300,2631.0000,11415,0,48150900.000,0,-,-,-,-,2630.4000,2630.2000,2630.0000,2628.0000,2626.8000,2632.2000,2632.4000,2633.6000,2633.8000,2636.2000,2,1,3,1,1,6,2,1,1,4
SF,IH2009,2020-04-24 09:31:04.800,2631.0000,11415,0,48150900.000,0,-,-,-,-,2631.0000,2630.4000,2630.2000,2630.0000,2628.0000,2632.0000,2632.2000,2632.4000,2633.6000,2633.8000,1,2,1,3,1,2,6,1,1,1
SF,IH2009,2020-04-24 09:31:05.300,2631.0000,11415,0,48940200.000,1,0,1,多换,S,2630.4000,2630.2000,2630.0000,2628.0000,2626.8000,2631.8000,2632.0000,2632.2000,2633.6000,2633.8000,1,1,3,1,1,1,2,6,1,1
SF,IH2009,2020-04-24 09:31:05.800,2630.4000,11414,-1,49729320.000,1,0,1,双平,S,2630.2000,2630.0000,2628.0000,2626.8000,2626.2000,2631.6000,2631.8000,2632.0000,2632.2000,2633.6000,1,3,1,1,1,1,1,1,6,1
SF,IH2009,2020-04-24 09:31:06.300,2630.4000,11414,0,49729320.000,0,-,-,-,-,2630.2000,2630.0000,2628.0000,2626.8000,2626.2000,2631.8000,2632.0000,2632.2000,2633.6000,2633.8000,1,3,1,1,1,1,1,6,1,1
SF,IH2009,2020-04-24 09:31:06.800,2630.4000,11414,0,49729320.000,0,-,-,-,-,2630.4000,2630.2000,2630.0000,2628.0000,2626.8000,2631.6000,2631.8000,2632.0000,2633.6000,2633.8000,1,1,3,1,1,1,1,1,1,1
SF,IH2009,2020-04-24 09:31:07.300,2630.4000,11414,0,49729320.000,0,-,-,-,-,2630.6000,2630.4000,2630.2000,2630.0000,2628.0000,2631.8000,2632.0000,2633.6000,2633.8000,2636.2000,1,1,2,3,1,1,1,1,1,4
SF,IH2009,2020-04-24 09:31:07.800,2630.4000,11414,0,49729320.000,0,-,-,-,-,2630.4000,2630.2000,2630.0000,2628.0000,2626.8000,2630.6000,2631.2000,2631.6000,2632.0000,2633.6000,1,2,3,1,1,1,1,5,1,1
SF,IH2009,2020-04-24 09:31:08.300,2630.6000,11412,-2,52096800.000,3,0,3,多平,S,2630.8000,2630.2000,2630.0000,2628.0000,2626.8000,2632.0000,2633.6000,2636.2000,2637.0000,2637.2000,2,2,3,1,1,1,1,4,3,1
SF,IH2009,2020-04-24 09:31:08.800,2630.6000,11412,0,52096800.000,0,-,-,-,-,2630.8000,2630.2000,2630.0000,2629.8000,2628.0000,2632.0000,2633.6000,2636.2000,2637.0000,2637.2000,2,2,3,1,1,1,1,4,3,1
SF,IH2009,2020-04-24 09:31:09.300,2630.6000,11412,0,52096800.000,0,-,-,-,-,2630.8000,2630.2000,2630.0000,2629.8000,2628.0000,2632.0000,2633.6000,2636.2000,2637.0000,2637.2000,2,2,3,1,1,1,1,4,3,1
SF,IH2009,2020-04-24 09:31:10.300,2630.6000,11412,0,52096800.000,0,-,-,-,-,2630.2000,2630.0000,2629.8000,2628.0000,2626.8000,2631.8000,2632.0000,2633.6000,2636.2000,2637.0000,2,3,1,1,1,1,1,1,4,3
SF,IH2009,2020-04-24 09:31:10.800,2630.6000,11412,0,52096800.000,0,-,-,-,-,2630.4000,2630.2000,2630.0000,2629.8000,2628.6000,2631.8000,2632.0000,2633.6000,2636.2000,2637.0000,2,2,3,1,1,1,1,1,4,3
SF,IH2009,2020-04-24 09:31:11.800,2630.4000,11412,0,52885920.000,1,0,1,多换,S,2630.4000,2630.2000,2630.0000,2629.8000,2628.6000,2631.6000,2631.8000,2632.0000,2633.6000,2636.2000,1,2,3,1,1,1,1,2,1,4
SF,IH2009,2020-04-24 09:31:12.300,2630.4000,11412,0,52885920.000,0,-,-,-,-,2631.0000,2630.4000,2630.2000,2630.0000,2629.8000,2631.4000,2631.8000,2632.0000,2633.6000,2636.2000,2,1,2,3,1,1,1,2,1,4
SF,IH2009,2020-04-24 09:31:12.800,2631.0000,11412,0,54464520.000,2,1,1,多换,S,2630.2000,2630.0000,2629.8000,2628.0000,2626.8000,2631.8000,2632.0000,2633.6000,2636.2000,2637.0000,2,3,1,1,1,1,2,1,4,3
SF,IH2009,2020-04-24 09:31:13.300,2631.0000,11412,0,54464520.000,0,-,-,-,-,2630.2000,2630.0000,2629.8000,2628.8000,2628.0000,2631.6000,2631.8000,2632.0000,2633.6000,2636.2000,2,3,1,1,1,8,1,1,1,4
SF,IH2009,2020-04-24 09:31:13.800,2631.0000,11412,0,54464520.000,0,-,-,-,-,2630.2000,2630.0000,2629.8000,2628.8000,2628.0000,2631.4000,2631.6000,2631.8000,2632.0000,2633.6000,2,3,1,1,1,1,10,1,1,1
SF,IH2009,2020-04-24 09:31:14.300,2629.8000,11409,-3,59198580.000,6,1,5,多平,S,2628.8000,2628.0000,2626.8000,2626.2000,2626.0000,2630.0000,2631.0000,2631.2000,2631.4000,2631.6000,1,1,1,1,3,1,6,2,1,3
SF,IH2009,2020-04-24 09:31:14.800,2629.8000,11409,0,59198580.000,0,-,-,-,-,2629.0000,2628.8000,2628.0000,2626.8000,2626.2000,2630.0000,2631.0000,2631.2000,2631.4000,2631.6000,1,1,1,2,1,1,6,1,1,3
SF,IH2009,2020-04-24 09:31:15.300,2626.2000,11405,-4,63140220.000,5,0,5,多平,S,2626.0000,2625.0000,2623.2000,2623.0000,2622.2000,2627.2000,2628.0000,2628.8000,2629.6000,2629.8000,3,2,1,1,1,1,1,1,7,2
SF,IH2009,2020-04-24 09:31:15.800,2627.2000,11404,-1,65504340.000,3,1,2,多平,S,2626.2000,2626.0000,2625.0000,2623.2000,2623.0000,2628.0000,2629.8000,2631.6000,2632.0000,2633.6000,1,2,2,1,1,1,1,3,1,1
SF,IH2009,2020-04-24 09:31:16.300,2627.6000,11403,-1,66292620.000,1,0,1,双平,S,2626.0000,2625.0000,2623.2000,2623.0000,2622.2000,2627.8000,2629.8000,2631.6000,2632.0000,2633.6000,2,2,1,1,1,1,1,3,1,1
SF,IH2009,2020-04-24 09:31:16.800,2627.6000,11403,0,67080900.000,1,0,1,多换,S,2626.2000,2626.0000,2625.0000,2623.2000,2623.0000,2628.0000,2629.8000,2632.0000,2633.2000,2633.6000,1,3,2,1,1,2,1,1,1,1
SF,IH2009,2020-04-24 09:31:17.300,2626.4000,11402,-1,68657040.000,2,0,2,多平,S,2626.4000,2626.0000,2625.0000,2623.2000,2623.0000,2627.8000,2628.8000,2629.8000,2632.0000,2633.2000,1,3,2,1,1,1,1,1,1,1
SF,IH2009,2020-04-24 09:31:17.800,2626.4000,11402,0,68657040.000,0,-,-,-,-,2626.8000,2626.0000,2625.0000,2623.2000,2623.0000,2628.8000,2629.8000,2632.0000,2633.2000,2633.6000,1,3,2,1,1,1,1,1,1,1
SF,IH2009,2020-04-24 09:31:18.300,2626.4000,11402,0,68657040.000,0,-,-,-,-,2627.0000,2626.0000,2625.0000,2623.2000,2623.0000,2628.6000,2628.8000,2629.8000,2632.0000,2633.2000,1,3,2,1,1,2,1,1,1,1
SF,IH2009,2020-04-24 09:31:18.800,2628.6000,11402,0,69445620.000,1,0,1,多换,S,2627.2000,2626.0000,2625.0000,2623.2000,2623.0000,2628.4000,2628.8000,2629.8000,2632.0000,2633.2000,1,3,2,1,1,1,1,1,1,1
SF,IH2009,2020-04-24 09:31:19.300,2628.6000,11402,0,69445620.000,0,-,-,-,-,2627.4000,2626.0000,2625.0000,2623.2000,2623.0000,2628.4000,2628.8000,2629.8000,2632.0000,2633.2000,1,3,2,1,1,1,1,1,1,1
SF,IH2009,2020-04-24 09:31:19.800,2628.6000,11402,0,69445620.000,0,-,-,-,-,2626.0000,2625.0000,2623.2000,2623.0000,2622.2000,2628.4000,2628.8000,2629.8000,2632.0000,2633.2000,3,2,1,1,1,1,1,1,1,1
SF,IH2009,2020-04-24 09:31:20.300,2628.6000,11402,0,69445620.000,0,-,-,-,-,2626.4000,2626.0000,2625.0000,2623.2000,2623.0000,2628.8000,2629.8000,2632.0000,2633.2000,2633.6000,1,3,2,1,1,1,1,1,1,1
SF,IH2009,2020-04-24 09:31:20.800,2628.6000,11402,0,69445620.000,0,-,-,-,-,2626.4000,2626.0000,2625.0000,2623.2000,2623.0000,2628.8000,2629.8000,2632.0000,2633.2000,2633.6000,1,3,2,1,1,1,1,1,1,1
SF,IH2009,2020-04-24 09:31:21.300,2628.6000,11402,0,69445620.000,0,-,-,-,-,2626.6000,2626.4000,2626.0000,2625.0000,2623.2000,2628.8000,2629.8000,2632.0000,2633.2000,2633.6000,2,1,3,2,1,1,1,1,1,1
SF,IH2009,2020-04-24 09:31:21.800,2628.8000,11402,0,70234260.000,1,0,1,多换,S,2628.8000,2627.0000,2626.8000,2626.6000,2626.0000,2629.8000,2632.0000,2633.2000,2633.6000,2637.0000,1,1,1,2,3,1,1,1,1,3
SF,IH2009,2020-04-24 09:31:22.300,2628.8000,11401,-1,71022900.000,1,0,1,双平,S,2629.0000,2627.0000,2626.8000,2626.6000,2626.0000,2632.0000,2633.2000,2633.6000,2637.0000,2637.2000,1,1,1,2,3,1,1,1,3,1
SF,IH2009,2020-04-24 09:31:22.800,2628.8000,11401,0,71022900.000,0,-,-,-,-,2627.0000,2626.8000,2626.6000,2626.0000,2625.0000,2631.0000,2631.2000,2631.6000,2631.8000,2632.0000,1,1,1,3,2,2,1,9,2,1
SF,IH2009,2020-04-24 09:31:23.300,2628.8000,11401,0,71022900.000,0,-,-,-,-,2627.2000,2627.0000,2626.0000,2625.0000,2623.2000,2630.8000,2631.0000,2631.2000,2631.6000,2631.8000,2,1,3,2,1,2,2,1,9,1
SF,IH2009,2020-04-24 09:31:23.800,2628.8000,11401,0,71022900.000,0,-,-,-,-,2627.6000,2627.2000,2626.0000,2625.0000,2623.2000,2630.8000,2631.0000,2631.2000,2631.6000,2631.8000,1,1,3,2,1,2,2,1,9,1
SF,IH2009,2020-04-24 09:31:25.300,2628.8000,11401,0,71022900.000,0,-,-,-,-,2627.2000,2626.0000,2625.0000,2623.2000,2623.0000,2630.4000,2630.6000,2630.8000,2631.2000,2631.6000,1,3,2,1,1,6,1,2,1,4
SF,IH2009,2020-04-24 09:31:25.800,2628.8000,11401,0,71022900.000,0,-,-,-,-,2626.0000,2625.0000,2623.2000,2623.0000,2622.2000,2630.2000,2630.4000,2630.6000,2631.2000,2631.6000,3,2,1,1,1,3,6,1,1,4
SF,IH2009,2020-04-24 09:31:26.300,2628.8000,11401,0,71022900.000,0,-,-,-,-,2626.0000,2625.0000,2623.2000,2623.0000,2622.2000,2629.8000,2630.0000,2630.2000,2630.6000,2631.2000,3,2,1,1,2,6,3,3,1,1
SF,IH2009,2020-04-24 09:31:26.800,2628.8000,11401,0,71022900.000,0,-,-,-,-,2626.0000,2625.0000,2623.2000,2623.0000,2622.2000,2628.6000,2629.6000,2629.8000,2630.2000,2630.6000,3,2,1,1,2,1,3,6,1,1
SF,IH2009,2020-04-24 09:31:27.300,2628.8000,11401,0,71022900.000,0,-,-,-,-,2626.0000,2625.0000,2623.2000,2623.0000,2622.2000,2628.0000,2628.2000,2628.4000,2628.6000,2629.4000,3,2,1,1,2,1,8,1,1,3
SF,IH2009,2020-04-24 09:31:27.800,2628.8000,11401,0,71022900.000,0,-,-,-,-,2626.2000,2626.0000,2625.0000,2623.2000,2623.0000,2627.8000,2628.4000,2628.6000,2629.4000,2629.6000,1,3,2,1,1,1,1,1,3,1
SF,IH2009,2020-04-24 09:31:28.300,2628.8000,11401,0,71022900.000,0,-,-,-,-,2626.4000,2626.0000,2625.0000,2623.2000,2623.0000,2628.4000,2628.6000,2629.6000,2629.8000,2630.2000,1,3,2,1,1,1,1,1,1,1
SF,IH2009,2020-04-24 09:31:28.800,2628.8000,11401,0,71022900.000,0,-,-,-,-,2626.6000,2626.0000,2625.0000,2623.2000,2623.0000,2628.4000,2628.6000,2629.6000,2629.8000,2630.2000,1,3,2,1,1,1,1,1,1,1
SF,IH2009,2020-04-24 09:31:29.300,2628.8000,11401,0,71022900.000,0,-,-,-,-,2626.8000,2626.0000,2625.0000,2623.2000,2623.0000,2628.0000,2628.2000,2628.4000,2628.6000,2629.6000,1,3,2,1,1,6,2,1,1,1
SF,IH2009,2020-04-24 09:31:29.800,2628.8000,11401,0,71022900.000,0,-,-,-,-,2626.0000,2625.0000,2623.2000,2623.0000,2622.2000,2627.8000,2628.0000,2628.2000,2628.6000,2629.6000,3,2,1,1,2,2,6,2,1,1
SF,IH2009,2020-04-24 09:31:30.300,2628.8000,11401,0,71022900.000,0,-,-,-,-,2626.2000,2626.0000,2625.0000,2623.2000,2623.0000,2627.6000,2627.8000,2628.0000,2628.2000,2628.6000,3,3,2,1,1,6,2,3,2,1
SF,IH2009,2020-04-24 09:31:30.800,2626.2000,11401,0,71810760.000,1,0,1,多换,S,2626.4000,2626.2000,2626.0000,2625.0000,2623.2000,2627.4000,2627.6000,2627.8000,2628.0000,2628.2000,3,2,3,2,1,1,1,1,3,2
SF,IH2009,2020-04-24 09:31:31.300,2626.2000,11401,0,71810760.000,0,-,-,-,-,2626.4000,2626.0000,2625.0000,2623.2000,2623.0000,2628.0000,2628.2000,2628.6000,2629.6000,2629.8000,3,3,2,1,1,1,2,1,1,1
SF,IH2009,2020-04-24 09:31:31.800,2626.2000,11401,0,71810760.000,0,-,-,-,-,2626.4000,2626.0000,2625.0000,2623.2000,2623.0000,2628.0000,2628.2000,2628.6000,2629.6000,2629.8000,3,3,2,1,1,1,2,1,1,1
SF,IH2009,2020-04-24 09:31:32.300,2626.2000,11401,0,71810760.000,0,-,-,-,-,2626.6000,2626.4000,2626.0000,2625.0000,2623.2000,2628.6000,2629.6000,2629.8000,2630.2000,2631.2000,2,3,3,2,1,1,1,1,1,1
SF,IH2009,2020-04-24 09:31:32.800,2626.2000,11401,0,71810760.000,0,-,-,-,-,2626.6000,2626.4000,2626.0000,2625.0000,2623.2000,2628.4000,2628.6000,2629.6000,2629.8000,2630.2000,2,3,3,2,1,1,1,1,1,1
SF,IH2009,2020-04-24 09:31:33.300,2626.2000,11401,0,71810760.000,0,-,-,-,-,2626.6000,2626.4000,2626.0000,2625.0000,2623.2000,2628.4000,2629.8000,2630.2000,2631.2000,2631.6000,2,3,3,2,1,1,1,1,1,2
SF,IH2009,2020-04-24 09:31:33.800,2626.2000,11401,0,71810760.000,0,-,-,-,-,2627.0000,2626.8000,2626.6000,2626.4000,2626.0000,2629.8000,2630.2000,2631.2000,2631.6000,2633.6000,1,1,2,3,3,1,1,1,2,1
SF,IH2009,2020-04-24 09:31:34.300,2626.2000,11401,0,71810760.000,0,-,-,-,-,2627.0000,2626.8000,2626.4000,2626.0000,2625.0000,2629.4000,2629.6000,2629.8000,2630.2000,2631.2000,1,1,3,3,2,6,2,1,1,1
SF,IH2009,2020-04-24 09:31:34.800,2629.2000,11401,0,72599520.000,1,0,1,多换,S,2627.0000,2626.8000,2626.4000,2626.0000,2625.0000,2629.2000,2629.4000,2629.8000,2630.2000,2631.2000,1,1,3,3,2,1,5,1,1,1
SF,IH2009,2020-04-24 09:31:35.300,2629.2000,11401,0,72599520.000,0,-,-,-,-,2627.2000,2627.0000,2626.8000,2626.4000,2626.0000,2629.0000,2629.2000,2629.4000,2629.8000,2631.2000,1,1,1,3,3,1,1,5,1,1
SF,IH2009,2020-04-24 09:31:35.800,2629.2000,11401,0,72599520.000,0,-,-,-,-,2627.4000,2627.2000,2627.0000,2626.8000,2626.4000,2628.6000,2628.8000,2629.0000,2629.8000,2631.2000,1,1,1,1,3,5,2,1,1,1
SF,IH2009,2020-04-24 09:31:36.300,2629.2000,11401,0,72599520.000,0,-,-,-,-,2627.2000,2627.0000,2626.8000,2626.4000,2626.0000,2628.8000,2629.8000,2631.2000,2631.6000,2633.6000,1,1,1,3,3,2,1,1,2,1
SF,IH2009,2020-04-24 09:31:36.800,2629.2000,11401,0,72599520.000,0,-,-,-,-,2627.2000,2627.0000,2626.8000,2626.4000,2626.0000,2628.6000,2628.8000,2629.8000,2631.2000,2631.6000,1,1,1,3,2,1,2,1,1,2
SF,IH2009,2020-04-24 09:31:37.300,2629.2000,11401,0,72599520.000,0,-,-,-,-,2627.4000,2627.2000,2627.0000,2626.8000,2626.4000,2628.8000,2629.8000,2631.2000,2631.6000,2633.6000,1,1,1,1,3,2,1,1,2,1
SF,IH2009,2020-04-24 09:31:37.800,2629.2000,11401,0,72599520.000,0,-,-,-,-,2627.2000,2627.0000,2626.8000,2626.4000,2626.0000,2628.8000,2629.8000,2631.2000,2631.6000,2633.6000,1,2,1,3,3,2,1,1,2,1
SF,IH2009,2020-04-24 09:31:38.300,2628.6000,11401,0,73388100.000,1,0,1,多换,S,2627.4000,2627.2000,2627.0000,2626.8000,2626.4000,2628.8000,2629.8000,2631.2000,2631.6000,2633.6000,1,2,2,1,3,2,1,1,2,1
SF,IH2009,2020-04-24 09:31:38.800,2628.6000,11401,0,73388100.000,0,-,-,-,-,2627.6000,2627.2000,2627.0000,2626.8000,2626.4000,2628.8000,2631.2000,2631.6000,2633.6000,2637.0000,2,2,2,1,3,2,1,2,1,3
SF,IH2009,2020-04-24 09:31:39.300,2627.6000,11401,0,74176380.000,1,0,1,多换,S,2627.6000,2627.2000,2627.0000,2626.8000,2626.4000,2628.8000,2631.2000,2631.6000,2633.6000,2637.0000,1,2,2,1,3,1,1,2,1,3
SF,IH2009,2020-04-24 09:31:39.800,2627.6000,11401,0,74176380.000,0,-,-,-,-,2627.8000,2627.2000,2627.0000,2626.8000,2626.4000,2628.8000,2631.2000,2631.6000,2633.6000,2637.0000,1,2,2,1,3,1,1,2,1,3
SF,IH2009,2020-04-24 09:31:40.300,2627.6000,11401,0,74176380.000,0,-,-,-,-,2628.0000,2627.2000,2627.0000,2626.8000,2626.4000,2628.8000,2631.2000,2631.6000,2633.6000,2637.0000,1,2,2,1,3,1,1,2,1,3
SF,IH2009,2020-04-24 09:31:40.800,2628.8000,11399,-2,76541340.000,3,0,3,多平,S,2627.0000,2626.8000,2626.4000,2626.0000,2625.0000,2631.2000,2631.6000,2633.6000,2637.0000,2637.2000,2,1,3,3,2,1,2,1,3,1
SF,IH2009,2020-04-24 09:31:41.300,2628.8000,11399,0,76541340.000,0,-,-,-,-,2627.2000,2627.0000,2626.8000,2626.4000,2626.0000,2628.0000,2630.4000,2630.8000,2631.0000,2631.2000,1,2,1,3,3,1,3,6,9,2
SF,IH2009,2020-04-24 09:31:41.800,2628.2000,11399,0,77329800.000,1,0,1,多换,S,2628.0000,2627.4000,2627.0000,2626.8000,2626.4000,2630.8000,2631.0000,2631.2000,2631.6000,2633.6000,1,1,2,1,3,6,9,2,2,1
SF,IH2009,2020-04-24 09:31:42.300,2628.2000,11399,0,77329800.000,0,-,-,-,-,2628.0000,2627.0000,2626.8000,2626.4000,2626.0000,2630.6000,2630.8000,2631.0000,2631.2000,2631.6000,1,2,1,3,3,2,6,8,2,2
SF,IH2009,2020-04-24 09:31:42.800,2628.2000,11399,0,77329800.000,0,-,-,-,-,2628.0000,2627.0000,2626.8000,2626.4000,2626.0000,2630.2000,2630.6000,2631.0000,2631.2000,2631.6000,1,2,1,3,3,6,2,8,2,2
SF,IH2009,2020-04-24 09:31:43.300,2628.2000,11399,0,77329800.000,0,-,-,-,-,2628.0000,2627.0000,2626.8000,2626.4000,2626.0000,2630.0000,2630.2000,2630.6000,2631.0000,2631.2000,1,2,1,3,3,1,6,1,4,2
SF,IH2009,2020-04-24 09:31:43.800,2628.2000,11400,1,78118260.000,1,1,0,双开,S,2628.0000,2627.0000,2626.8000,2626.4000,2626.0000,2629.6000,2629.8000,2630.0000,2630.6000,2631.0000,1,2,1,3,3,6,1,1,1,4
SF,IH2009,2020-04-24 09:31:44.300,2628.0000,11399,-1,78906660.000,1,0,1,双平,S,2627.0000,2626.8000,2626.4000,2626.0000,2625.0000,2629.4000,2629.6000,2630.6000,2631.0000,2631.2000,2,1,3,3,2,2,6,1,4,2
SF,IH2009,2020-04-24 09:31:44.800,2628.0000,11399,0,78906660.000,0,-,-,-,-,2627.0000,2626.8000,2626.4000,2626.0000,2625.0000,2629.0000,2629.4000,2630.6000,2631.0000,2631.2000,2,1,3,3,2,6,1,1,4,2
SF,IH2009,2020-04-24 09:31:45.300,2628.0000,11399,0,78906660.000,0,-,-,-,-,2627.2000,2627.0000,2626.8000,2626.4000,2626.0000,2628.6000,2628.8000,2629.0000,2629.6000,2630.6000,1,2,1,3,3,1,2,5,1,1
SF,IH2009,2020-04-24 09:31:45.800,2628.6000,11398,-1,79695240.000,1,0,1,双平,S,2627.4000,2627.0000,2626.8000,2626.4000,2626.0000,2628.8000,2629.0000,2629.6000,2630.6000,2631.0000,1,2,1,3,3,1,5,1,1,4
SF,IH2009,2020-04-24 09:31:46.300,2628.6000,11398,0,79695240.000,0,-,-,-,-,2627.6000,2627.0000,2626.8000,2626.4000,2626.0000,2629.6000,2630.6000,2631.0000,2631.2000,2631.6000,1,2,1,3,3,1,1,4,1,2
SF,IH2009,2020-04-24 09:31:46.800,2628.6000,11398,0,79695240.000,0,-,-,-,-,2627.8000,2627.0000,2626.8000,2626.4000,2626.0000,2629.4000,2629.6000,2630.6000,2631.0000,2631.2000,1,2,1,3,3,2,1,1,6,1
SF,IH2009,2020-04-24 09:31:47.300,2628.6000,11398,0,79695240.000,0,-,-,-,-,2627.0000,2626.8000,2626.4000,2626.0000,2625.0000,2629.4000,2629.6000,2630.6000,2631.0000,2631.2000,2,1,3,3,2,2,1,1,6,1
SF,IH2009,2020-04-24 09:31:47.800,2628.6000,11399,1,80483820.000,1,1,0,双开,S,2627.2000,2627.0000,2626.4000,2626.0000,2625.0000,2629.4000,2629.6000,2630.6000,2631.0000,2631.2000,2,2,3,3,2,1,1,1,6,1
SF,IH2009,2020-04-24 09:31:48.300,2628.6000,11399,0,80483820.000,0,-,-,-,-,2627.0000,2626.4000,2626.0000,2625.0000,2623.2000,2629.4000,2630.6000,2631.0000,2631.2000,2631.6000,2,3,3,2,1,1,1,6,1,2
SF,IH2009,2020-04-24 09:31:49.300,2628.6000,11399,0,80483820.000,0,-,-,-,-,2627.0000,2626.4000,2626.0000,2625.0000,2623.2000,2629.4000,2630.6000,2631.0000,2631.2000,2631.6000,2,3,4,2,1,1,1,6,1,2
SF,IH2009,2020-04-24 09:31:52.800,2628.6000,11399,0,80483820.000,0,-,-,-,-,2627.0000,2626.4000,2626.0000,2625.0000,2623.2000,2629.4000,2630.0000,2630.6000,2631.0000,2631.2000,2,3,4,2,1,1,1,1,6,1
SF,IH2009,2020-04-24 09:31:53.800,2628.6000,11399,0,80483820.000,0,-,-,-,-,2627.0000,2626.4000,2626.0000,2625.0000,2623.2000,2629.0000,2629.2000,2629.4000,2630.0000,2630.6000,2,3,4,2,1,5,1,1,1,1
SF,IH2009,2020-04-24 09:31:54.300,2628.6000,11399,0,80483820.000,0,-,-,-,-,2627.2000,2627.0000,2626.4000,2626.0000,2625.0000,2628.8000,2629.4000,2630.0000,2630.6000,2631.0000,1,2,3,4,2,1,1,1,1,6
SF,IH2009,2020-04-24 09:31:54.800,2628.6000,11399,0,80483820.000,0,-,-,-,-,2627.4000,2627.0000,2626.4000,2626.0000,2625.0000,2630.0000,2630.6000,2631.0000,2631.2000,2631.6000,2,2,3,4,2,1,1,6,1,2
SF,IH2009,2020-04-24 09:31:55.300,2628.6000,11399,0,80483820.000,0,-,-,-,-,2627.0000,2626.4000,2626.0000,2625.0000,2623.2000,2629.8000,2630.0000,2630.6000,2631.0000,2631.2000,2,3,4,2,1,6,1,1,6,1
SF,IH2009,2020-04-24 09:31:56.800,2628.6000,11399,0,80483820.000,0,-,-,-,-,2627.0000,2626.4000,2626.0000,2625.0000,2623.2000,2629.6000,2629.8000,2630.0000,2630.6000,2631.0000,2,3,4,2,1,1,6,1,1,6
SF,IH2009,2020-04-24 09:31:57.300,2628.6000,11399,0,80483820.000,0,-,-,-,-,2627.0000,2626.4000,2626.0000,2625.0000,2623.2000,2629.2000,2629.4000,2629.6000,2630.0000,2630.6000,2,3,4,2,1,5,1,1,2,1
SF,IH2009,2020-04-24 09:31:57.800,2628.6000,11399,0,80483820.000,0,-,-,-,-,2627.0000,2626.4000,2626.0000,2625.0000,2623.2000,2629.0000,2630.0000,2630.6000,2631.0000,2631.2000,2,3,4,2,1,1,2,1,6,1
SF,IH2009,2020-04-24 09:31:58.300,2628.6000,11399,0,80483820.000,0,-,-,-,-,2627.2000,2627.0000,2626.4000,2626.0000,2625.0000,2630.0000,2631.0000,2631.2000,2631.6000,2633.6000,2,2,3,4,2,2,6,1,2,1
SF,IH2009,2020-04-24 09:31:58.800,2628.6000,11399,0,80483820.000,0,-,-,-,-,2627.4000,2627.2000,2627.0000,2626.4000,2626.0000,2629.8000,2630.0000,2631.0000,2631.2000,2631.6000,1,2,2,3,4,6,2,6,1,2
SF,IH2009,2020-04-24 09:31:59.300,2628.6000,11399,0,80483820.000,0,-,-,-,-,2627.6000,2627.4000,2627.2000,2627.0000,2626.4000,2629.8000,2630.0000,2631.0000,2631.2000,2631.6000,1,1,1,2,3,6,2,6,1,2
SF,IH2009,2020-04-24 09:31:59.800,2628.6000,11399,0,80483820.000,0,-,-,-,-,2627.8000,2627.6000,2627.2000,2627.0000,2626.4000,2629.8000,2630.0000,2631.0000,2631.2000,2631.6000,1,1,1,2,3,1,2,4,1,2
SF,IH2009,2020-04-24 09:32:00.300,2628.6000,11399,0,80483820.000,0,-,-,-,-,2628.0000,2627.8000,2627.2000,2627.0000,2626.4000,2630.0000,2631.0000,2631.2000,2631.6000,2633.6000,2,1,1,2,3,2,4,1,2,1
SF,IH2009,2020-04-24 09:32:00.800,2628.6000,11399,0,80483820.000,0,-,-,-,-,2627.2000,2627.0000,2626.4000,2626.0000,2625.0000,2629.6000,2629.8000,2630.0000,2631.0000,2631.2000,1,2,3,4,2,6,2,2,4,1
SF,IH2009,2020-04-24 09:32:01.300,2628.6000,11399,0,80483820.000,0,-,-,-,-,2627.0000,2626.4000,2626.0000,2625.0000,2623.2000,2629.4000,2629.6000,2630.0000,2631.0000,2631.2000,2,3,4,2,1,1,5,2,4,1
SF,IH2009,2020-04-24 09:32:02.800,2628.6000,11399,0,80483820.000,0,-,-,-,-,2627.2000,2627.0000,2626.4000,2626.0000,2625.0000,2629.2000,2629.4000,2630.0000,2631.0000,2631.2000,1,2,3,4,2,5,1,2,4,1
SF,IH2009,2020-04-24 09:32:03.300,2628.6000,11399,0,80483820.000,0,-,-,-,-,2627.4000,2627.2000,2627.0000,2626.4000,2626.0000,2628.8000,2629.0000,2629.2000,2630.0000,2631.0000,1,1,2,3,4,1,2,5,2,4
SF,IH2009,2020-04-24 09:32:03.800,2628.6000,11399,0,80483820.000,0,-,-,-,-,2627.0000,2626.4000,2626.0000,2625.0000,2623.2000,2628.6000,2630.0000,2631.0000,2631.2000,2631.6000,2,3,4,2,1,1,2,4,1,2
SF,IH2009,2020-04-24 09:32:04.300,2628.6000,11399,0,80483820.000,0,-,-,-,-,2627.2000,2627.0000,2626.4000,2626.0000,2625.0000,2627.4000,2628.4000,2628.6000,2630.0000,2631.0000,1,2,3,4,2,1,6,1,2,4
SF,IH2009,2020-04-24 09:32:04.800,2627.4000,11399,0,81272040.000,1,0,1,多换,S,2627.0000,2626.4000,2626.0000,2625.0000,2623.2000,2628.4000,2628.6000,2630.0000,2631.0000,2631.2000,2,3,4,2,1,5,1,2,4,1
SF,IH2009,2020-04-24 09:32:05.300,2627.4000,11399,0,81272040.000,0,-,-,-,-,2627.0000,2626.4000,2626.0000,2625.0000,2623.2000,2628.0000,2628.2000,2628.4000,2630.0000,2631.0000,3,3,3,2,1,4,4,5,2,2
SF,IH2009,2020-04-24 09:32:05.800,2627.4000,11399,0,81272040.000,0,-,-,-,-,2627.0000,2626.4000,2626.0000,2625.0000,2623.2000,2628.2000,2630.0000,2631.0000,2631.2000,2631.6000,3,3,3,2,1,1,2,2,1,2
SF,IH2009,2020-04-24 09:32:06.300,2627.4000,11399,0,81272040.000,0,-,-,-,-,2627.2000,2627.0000,2626.4000,2626.0000,2625.0000,2630.0000,2631.0000,2631.2000,2631.6000,2633.6000,1,3,3,3,2,2,2,1,2,1
SF,IH2009,2020-04-24 09:32:06.800,2627.4000,11399,0,81272040.000,0,-,-,-,-,2627.0000,2626.4000,2626.0000,2625.0000,2623.2000,2629.6000,2629.8000,2630.0000,2631.0000,2631.2000,3,3,3,2,1,6,3,2,2,1
SF,IH2009,2020-04-24 09:32:07.300,2627.4000,11399,0,81272040.000,0,-,-,-,-,2628.2000,2627.0000,2626.4000,2626.0000,2625.0000,2629.4000,2629.6000,2629.8000,2630.0000,2631.0000,1,3,3,3,2,3,6,1,2,2
SF,IH2009,2020-04-24 09:32:07.800,2627.0000,11399,0,82848600.000,2,1,1,多换,S,2627.0000,2626.4000,2626.0000,2625.0000,2623.2000,2628.2000,2629.0000,2629.2000,2629.4000,2629.8000,2,3,3,2,1,1,5,2,2,1
SF,IH2009,2020-04-24 09:32:08.300,2627.0000,11398,-1,83636700.000,1,0,1,双平,S,2627.0000,2626.4000,2626.0000,2625.0000,2623.2000,2628.0000,2628.2000,2629.0000,2629.2000,2629.4000,1,3,3,2,1,2,3,5,1,2
SF,IH2009,2020-04-24 09:32:08.800,2627.0000,11398,0,84424800.000,1,0,1,多换,S,2626.4000,2626.0000,2625.0000,2623.2000,2623.0000,2627.0000,2627.8000,2628.0000,2628.2000,2629.0000,3,3,2,1,2,1,1,3,3,5
SF,IH2009,2020-04-24 09:32:09.300,2626.4000,11397,-1,85212720.000,1,0,1,双平,S,2626.4000,2626.0000,2625.0000,2623.2000,2623.0000,2627.8000,2628.0000,2628.2000,2629.0000,2629.2000,2,3,2,1,2,1,3,3,5,1
SF,IH2009,2020-04-24 09:32:09.800,2626.4000,11397,0,86000640.000,1,0,1,多换,S,2626.4000,2626.0000,2625.0000,2623.2000,2623.0000,2627.6000,2627.8000,2628.0000,2628.2000,2628.8000,1,3,2,1,2,1,1,3,3,1
SF,IH2009,2020-04-24 09:32:10.300,2626.4000,11397,0,86000640.000,0,-,-,-,-,2627.6000,2626.4000,2626.0000,2625.0000,2623.2000,2627.8000,2628.0000,2628.2000,2628.8000,2629.2000,1,1,3,2,1,1,2,3,1,1
SF,IH2009,2020-04-24 09:32:10.800,2627.4000,11396,-1,86788860.000,1,0,1,双平,S,2626.4000,2626.0000,2625.0000,2623.2000,2623.0000,2627.6000,2628.2000,2628.8000,2629.2000,2629.4000,1,3,2,1,2,1,1,1,1,2
SF,IH2009,2020-04-24 09:32:11.300,2627.4000,11396,0,86788860.000,0,-,-,-,-,2626.4000,2626.0000,2625.0000,2623.2000,2623.0000,2628.2000,2628.8000,2629.2000,2629.4000,2629.8000,1,3,2,1,2,1,1,1,2,1
SF,IH2009,2020-04-24 09:32:11.800,2627.4000,11396,0,86788860.000,0,-,-,-,-,2626.6000,2626.4000,2626.0000,2625.0000,2623.2000,2628.0000,2628.2000,2628.8000,2629.2000,2629.4000,1,1,3,2,1,4,3,1,1,2
SF,IH2009,2020-04-24 09:32:12.300,2627.4000,11396,0,86788860.000,0,-,-,-,-,2626.4000,2626.0000,2625.0000,2623.2000,2623.0000,2628.0000,2628.2000,2628.8000,2629.2000,2629.4000,1,3,2,1,2,2,1,1,1,2
SF,IH2009,2020-04-24 09:32:12.800,2627.4000,11396,0,86788860.000,0,-,-,-,-,2626.4000,2626.0000,2625.0000,2623.2000,2623.0000,2627.6000,2627.8000,2628.0000,2628.2000,2628.8000,1,3,2,1,2,5,1,5,2,1
SF,IH2009,2020-04-24 09:32:13.300,2626.4000,11396,0,87576780.000,1,0,1,多换,S,2626.0000,2625.0000,2623.2000,2623.0000,2622.2000,2627.6000,2628.0000,2628.2000,2628.8000,2629.4000,3,2,1,2,1,5,1,1,1,2
SF,IH2009,2020-04-24 09:32:13.800,2626.4000,11396,0,87576780.000,0,-,-,-,-,2626.2000,2626.0000,2625.0000,2623.2000,2623.0000,2628.0000,2628.2000,2628.8000,2629.4000,2629.8000,1,3,2,1,2,1,1,1,2,1
SF,IH2009,2020-04-24 09:32:14.300,2626.4000,11396,0,87576780.000,0,-,-,-,-,2626.4000,2626.0000,2625.0000,2623.2000,2623.0000,2627.8000,2628.0000,2628.2000,2628.8000,2629.4000,1,3,2,1,2,7,3,2,1,2
SF,IH2009,2020-04-24 09:32:14.800,2626.4000,11396,0,87576780.000,0,-,-,-,-,2626.0000,2625.0000,2623.2000,2623.0000,2622.2000,2627.6000,2627.8000,2628.0000,2628.2000,2628.8000,3,2,1,2,1,1,7,3,2,1
SF,IH2009,2020-04-24 09:32:15.300,2626.4000,11396,0,87576780.000,0,-,-,-,-,2626.2000,2626.0000,2625.0000,2623.2000,2623.0000,2627.6000,2627.8000,2628.0000,2628.2000,2628.8000,1,3,2,1,2,1,6,3,2,1
SF,IH2009,2020-04-24 09:32:15.800,2626.4000,11396,0,87576780.000,0,-,-,-,-,2626.0000,2625.0000,2623.2000,2623.0000,2622.2000,2627.2000,2627.4000,2627.6000,2627.8000,2628.0000,3,2,1,2,1,5,1,1,1,3
SF,IH2009,2020-04-24 09:32:16.300,2626.4000,11396,0,87576780.000,0,-,-,-,-,2626.0000,2625.0000,2623.2000,2623.0000,2622.2000,2626.2000,2627.6000,2627.8000,2628.0000,2628.2000,3,2,1,2,1,1,1,1,2,2
SF,IH2009,2020-04-24 09:32:16.800,2626.2000,11396,0,88364640.000,1,0,1,多换,S,2626.2000,2626.0000,2625.0000,2623.2000,2623.0000,2627.6000,2627.8000,2628.0000,2628.2000,2629.4000,3,3,2,1,2,1,1,2,2,1
SF,IH2009,2020-04-24 09:32:17.300,2627.2000,11396,0,89152800.000,1,0,1,多换,S,2626.4000,2626.2000,2626.0000,2625.0000,2624.8000,2627.2000,2627.6000,2627.8000,2628.0000,2628.2000,1,3,3,2,1,4,1,1,2,2
SF,IH2009,2020-04-24 09:32:17.800,2627.2000,11396,0,89152800.000,0,-,-,-,-,2626.4000,2626.2000,2626.0000,2625.0000,2624.8000,2627.6000,2627.8000,2628.0000,2628.2000,2629.4000,1,3,3,2,1,1,1,2,2,1
SF,IH2009,2020-04-24 09:32:18.300,2627.2000,11396,0,89152800.000,0,-,-,-,-,2626.4000,2626.2000,2626.0000,2625.0000,2624.8000,2627.6000,2627.8000,2628.0000,2628.2000,2629.4000,1,3,3,2,1,1,1,2,2,1
SF,IH2009,2020-04-24 09:32:18.800,2626.4000,11395,-1,89940720.000,1,0,1,双平,S,2626.2000,2626.0000,2625.0000,2624.8000,2623.2000,2627.2000,2627.4000,2627.6000,2627.8000,2628.0000,3,3,2,1,1,5,1,1,1,2
SF,IH2009,2020-04-24 09:32:19.300,2626.4000,11395,0,89940720.000,0,-,-,-,-,2626.2000,2626.0000,2625.0000,2624.8000,2623.2000,2626.4000,2627.2000,2627.6000,2627.8000,2628.0000,2,3,2,1,1,1,5,1,1,2
SF,IH2009,2020-04-24 09:32:19.800,2626.4000,11395,0,90728640.000,1,0,1,多换,S,2626.0000,2625.0000,2624.8000,2623.2000,2623.0000,2627.2000,2627.6000,2627.8000,2628.0000,2628.2000,3,2,1,1,2,5,1,1,2,2
SF,IH2009,2020-04-24 09:32:20.300,2626.4000,11395,0,90728640.000,0,-,-,-,-,2626.0000,2625.0000,2624.8000,2623.2000,2623.0000,2627.2000,2627.6000,2627.8000,2628.0000,2628.2000,3,2,1,1,2,4,1,1,2,2
SF,IH2009,2020-04-24 09:32:20.800,2626.4000,11395,0,90728640.000,0,-,-,-,-,2626.0000,2625.0000,2624.8000,2623.2000,2623.0000,2626.8000,2627.2000,2627.6000,2627.8000,2628.0000,3,2,1,1,2,1,4,1,1,2
SF,IH2009,2020-04-24 09:32:21.300,2626.8000,11394,-1,91516680.000,1,0,1,双平,S,2626.0000,2625.0000,2624.8000,2623.2000,2623.0000,2627.6000,2627.8000,2628.0000,2628.2000,2629.4000,3,2,1,1,2,1,1,2,2,1
SF,IH2009,2020-04-24 09:32:21.800,2626.8000,11394,0,91516680.000,0,-,-,-,-,2626.2000,2626.0000,2625.0000,2624.8000,2623.2000,2627.6000,2628.0000,2628.2000,2629.2000,2629.4000,1,3,2,1,1,1,2,2,1,1
SF,IH2009,2020-04-24 09:32:22.300,2626.8000,11394,0,91516680.000,0,-,-,-,-,2626.0000,2625.0000,2624.8000,2623.2000,2623.0000,2627.6000,2628.0000,2628.2000,2629.2000,2629.4000,3,2,1,1,2,1,2,2,1,1
SF,IH2009,2020-04-24 09:32:22.800,2626.8000,11394,0,91516680.000,0,-,-,-,-,2626.2000,2626.0000,2625.0000,2624.8000,2623.2000,2627.6000,2628.0000,2628.2000,2629.2000,2629.4000,1,3,2,1,1,1,2,2,1,1
SF,IH2009,2020-04-24 09:32:23.300,2626.8000,11394,0,91516680.000,0,-,-,-,-,2627.2000,2626.0000,2625.0000,2624.8000,2623.2000,2627.6000,2628.0000,2628.2000,2629.2000,2629.4000,1,3,2,1,1,1,1,2,1,1
SF,IH2009,2020-04-24 09:32:23.800,2627.2000,11393,-1,92304840.000,1,0,1,双平,S,2626.0000,2625.0000,2623.2000,2623.0000,2622.2000,2627.6000,2628.0000,2628.2000,2629.2000,2629.4000,3,2,1,2,1,1,1,2,1,1
SF,IH2009,2020-04-24 09:32:24.300,2627.2000,11393,0,92304840.000,0,-,-,-,-,2626.2000,2626.0000,2625.0000,2623.2000,2623.0000,2627.6000,2628.0000,2628.2000,2629.2000,2629.4000,1,3,2,1,2,1,1,2,1,1
SF,IH2009,2020-04-24 09:32:24.800,2627.2000,11393,0,92304840.000,0,-,-,-,-,2626.0000,2625.0000,2623.2000,2623.0000,2622.2000,2627.6000,2628.0000,2628.2000,2629.2000,2629.4000,3,2,1,2,1,1,1,2,1,1
SF,IH2009,2020-04-24 09:32:25.300,2627.2000,11393,0,92304840.000,0,-,-,-,-,2626.2000,2626.0000,2625.0000,2623.2000,2623.0000,2627.4000,2627.6000,2628.0000,2628.2000,2629.2000,1,3,2,1,2,1,1,1,2,1
SF,IH2009,2020-04-24 09:32:25.800,2627.2000,11392,-1,93093000.000,1,0,1,双平,S,2626.0000,2625.2000,2625.0000,2623.2000,2623.0000,2627.2000,2628.0000,2628.2000,2629.2000,2629.4000,3,1,2,1,2,1,1,2,1,1
SF,IH2009,2020-04-24 09:32:26.300,2627.2000,11392,0,93093000.000,0,-,-,-,-,2626.0000,2625.2000,2625.0000,2623.2000,2623.0000,2627.0000,2627.2000,2628.0000,2628.2000,2629.2000,3,1,2,1,2,4,1,1,2,1
SF,IH2009,2020-04-24 09:32:26.800,2627.2000,11392,0,93093000.000,0,-,-,-,-,2626.0000,2625.2000,2625.0000,2623.2000,2623.0000,2626.8000,2627.0000,2628.0000,2628.2000,2629.2000,3,1,2,1,2,1,4,1,2,1
SF,IH2009,2020-04-24 09:32:27.300,2626.0000,11393,1,93880800.000,1,1,0,双开,S,2626.0000,2625.2000,2625.0000,2623.2000,2623.0000,2626.8000,2627.0000,2628.0000,2628.2000,2629.4000,2,1,2,1,2,1,4,1,2,1
SF,IH2009,2020-04-24 09:32:27.800,2626.0000,11393,0,94668600.000,1,0,1,多换,S,2626.0000,2625.2000,2625.0000,2623.2000,2623.0000,2626.8000,2627.0000,2628.0000,2628.2000,2629.4000,1,1,2,1,2,1,4,1,2,1
SF,IH2009,2020-04-24 09:32:28.300,2626.0000,11393,0,94668600.000,0,-,-,-,-,2625.2000,2625.0000,2623.2000,2623.0000,2622.2000,2626.8000,2627.0000,2628.0000,2628.2000,2629.4000,1,2,1,2,1,1,4,1,2,1
SF,IH2009,2020-04-24 09:32:28.800,2626.0000,11393,0,94668600.000,0,-,-,-,-,2625.4000,2625.2000,2625.0000,2624.0000,2623.2000,2626.8000,2627.0000,2628.0000,2628.2000,2629.4000,1,1,2,1,1,1,4,1,2,1
SF,IH2009,2020-04-24 09:32:29.300,2626.0000,11393,0,94668600.000,0,-,-,-,-,2625.2000,2625.0000,2624.0000,2623.2000,2623.0000,2626.6000,2626.8000,2628.0000,2628.2000,2629.4000,1,2,1,1,2,5,1,1,2,1
SF,IH2009,2020-04-24 09:32:29.800,2626.0000,11393,0,94668600.000,0,-,-,-,-,2625.2000,2625.0000,2624.0000,2623.2000,2623.0000,2625.4000,2626.4000,2626.6000,2628.0000,2628.2000,1,2,1,1,2,1,1,5,1,2
SF,IH2009,2020-04-24 09:32:30.300,2625.0000,11393,0,97818780.000,4,2,2,多换,S,2624.0000,2623.2000,2623.0000,2622.2000,2621.0000,2625.2000,2626.4000,2626.6000,2628.0000,2628.2000,1,1,2,1,5,1,1,4,1,1
SF,IH2009,2020-04-24 09:32:30.800,2624.0000,11392,-1,98605980.000,1,0,1,双平,S,2623.2000,2623.0000,2622.2000,2621.0000,2620.4000,2623.4000,2625.2000,2626.4000,2626.6000,2628.0000,1,2,1,5,1,1,1,2,4,1
SF,IH2009,2020-04-24 09:32:31.300,2623.4000,11391,-1,99393000.000,1,0,1,双平,S,2624.2000,2624.0000,2623.4000,2623.2000,2623.0000,2625.2000,2626.4000,2626.6000,2628.0000,2628.2000,2,2,5,1,2,1,1,4,1,1
SF,IH2009,2020-04-24 09:32:31.800,2623.4000,11391,0,99393000.000,0,-,-,-,-,2624.0000,2623.4000,2623.2000,2623.0000,2622.6000,2625.2000,2626.4000,2626.6000,2628.0000,2628.2000,2,3,1,2,1,1,1,5,1,1
SF,IH2009,2020-04-24 09:32:32.800,2623.4000,11391,0,99393000.000,0,-,-,-,-,2624.0000,2623.4000,2623.2000,2623.0000,2622.6000,2624.2000,2625.2000,2626.4000,2626.6000,2628.0000,2,3,1,2,1,1,1,1,5,1
SF,IH2009,2020-04-24 09:32:33.300,2624.2000,11391,0,100180260.000,1,0,1,多换,S,2623.4000,2623.2000,2623.0000,2622.6000,2622.2000,2625.2000,2626.4000,2626.6000,2628.0000,2628.2000,2,1,2,1,1,1,1,4,1,1
SF,IH2009,2020-04-24 09:32:33.800,2624.2000,11391,0,100180260.000,0,-,-,-,-,2623.6000,2623.4000,2623.2000,2623.0000,2622.6000,2624.8000,2625.0000,2625.2000,2626.2000,2626.6000,1,2,1,2,1,2,5,1,1,4
SF,IH2009,2020-04-24 09:32:34.300,2624.8000,11390,-1,101755140.000,2,0,2,多平,S,2623.8000,2623.4000,2623.2000,2623.0000,2622.6000,2624.6000,2625.0000,2625.2000,2626.2000,2626.6000,1,2,1,2,1,1,2,1,1,4
SF,IH2009,2020-04-24 09:32:34.800,2624.6000,11390,0,102542520.000,1,0,1,多换,S,2623.4000,2623.2000,2623.0000,2622.6000,2622.2000,2625.2000,2626.2000,2626.6000,2628.0000,2628.2000,2,1,2,1,1,1,1,4,1,1
SF,IH2009,2020-04-24 09:32:35.300,2624.6000,11390,0,102542520.000,0,-,-,-,-,2623.6000,2623.4000,2623.2000,2623.0000,2622.6000,2625.0000,2625.2000,2626.2000,2626.6000,2628.0000,1,2,1,2,1,5,1,1,4,1
SF,IH2009,2020-04-24 09:32:35.800,2624.6000,11390,0,102542520.000,0,-,-,-,-,2623.4000,2623.2000,2623.0000,2622.6000,2622.2000,2625.0000,2625.2000,2626.2000,2626.6000,2628.0000,2,1,2,1,1,5,1,1,4,1
SF,IH2009,2020-04-24 09:32:36.300,2624.6000,11390,0,102542520.000,0,-,-,-,-,2623.6000,2623.4000,2623.2000,2623.0000,2622.6000,2625.0000,2625.2000,2626.2000,2626.6000,2628.0000,2,3,1,2,1,2,1,1,4,1
SF,IH2009,2020-04-24 09:32:36.800,2624.6000,11390,0,102542520.000,0,-,-,-,-,2623.6000,2623.4000,2623.2000,2623.0000,2622.6000,2625.0000,2625.2000,2626.2000,2626.6000,2628.0000,2,2,1,2,1,4,1,1,4,1
SF,IH2009,2020-04-24 09:32:37.300,2624.6000,11390,0,102542520.000,0,-,-,-,-,2623.6000,2623.4000,2623.2000,2623.0000,2622.6000,2625.0000,2625.2000,2626.2000,2626.6000,2628.0000,2,2,1,2,1,2,1,1,4,1
SF,IH2009,2020-04-24 09:32:38.300,2624.6000,11390,0,102542520.000,0,-,-,-,-,2623.6000,2623.4000,2623.2000,2623.0000,2622.6000,2625.0000,2625.2000,2626.2000,2626.6000,2628.0000,2,2,1,2,1,2,1,1,5,1
SF,IH2009,2020-04-24 09:32:39.300,2624.6000,11390,0,102542520.000,0,-,-,-,-,2623.6000,2623.4000,2623.2000,2623.0000,2622.6000,2625.0000,2625.2000,2626.2000,2626.6000,2628.0000,2,2,1,2,1,3,1,1,5,1
SF,IH2009,2020-04-24 09:32:39.800,2624.6000,11390,0,102542520.000,0,-,-,-,-,2623.6000,2623.4000,2623.2000,2623.0000,2622.6000,2625.0000,2625.2000,2626.2000,2626.6000,2628.0000,2,2,1,2,1,3,1,1,5,1
SF,IH2009,2020-04-24 09:32:40.300,2624.6000,11390,0,102542520.000,0,-,-,-,-,2623.6000,2623.4000,2623.2000,2623.0000,2622.6000,2625.0000,2625.2000,2626.2000,2626.6000,2628.0000,2,2,1,2,1,4,1,1,5,1
SF,IH2009,2020-04-24 09:32:41.300,2624.6000,11390,0,102542520.000,0,-,-,-,-,2623.4000,2623.2000,2623.0000,2622.6000,2622.2000,2624.4000,2624.6000,2624.8000,2625.0000,2625.2000,2,1,2,1,1,1,4,2,4,1
SF,IH2009,2020-04-24 09:32:41.800,2624.6000,11390,0,102542520.000,0,-,-,-,-,2623.4000,2623.2000,2623.0000,2622.6000,2622.2000,2624.4000,2624.8000,2625.0000,2625.2000,2626.2000,2,1,2,1,1,1,1,4,1,1
SF,IH2009,2020-04-24 09:32:42.300,2624.6000,11390,0,102542520.000,0,-,-,-,-,2623.4000,2623.2000,2623.0000,2622.6000,2622.2000,2623.6000,2625.0000,2625.2000,2626.2000,2626.6000,2,1,2,1,1,1,2,1,1,1
SF,IH2009,2020-04-24 09:32:42.800,2623.6000,11389,-1,103329600.000,1,0,1,双平,S,2623.8000,2623.6000,2623.2000,2623.0000,2622.6000,2625.0000,2625.2000,2626.6000,2629.4000,2629.8000,2,1,1,2,1,2,1,1,1,1
SF,IH2009,2020-04-24 09:32:43.300,2623.6000,11389,0,103329600.000,0,-,-,-,-,2623.8000,2623.6000,2623.2000,2623.0000,2622.6000,2625.0000,2625.2000,2626.0000,2626.6000,2629.4000,2,1,1,2,1,2,1,1,1,1
SF,IH2009,2020-04-24 09:32:43.800,2623.6000,11388,-1,104116680.000,1,0,1,双平,S,2623.8000,2623.6000,2623.2000,2623.0000,2622.6000,2625.0000,2625.2000,2626.0000,2626.6000,2629.4000,1,1,1,2,1,1,1,1,1,1
SF,IH2009,2020-04-24 09:32:44.300,2623.6000,11388,0,104116680.000,0,-,-,-,-,2623.8000,2623.6000,2623.2000,2623.0000,2622.6000,2625.0000,2625.2000,2626.0000,2626.6000,2627.0000,1,1,1,2,1,1,1,1,1,1
SF,IH2009,2020-04-24 09:32:44.800,2623.6000,11388,0,104116680.000,0,-,-,-,-,2623.8000,2623.6000,2623.2000,2623.0000,2622.6000,2625.0000,2625.2000,2626.0000,2626.6000,2627.0000,1,1,1,2,1,1,1,1,1,1
SF,IH2009,2020-04-24 09:32:45.800,2623.6000,11388,0,104116680.000,0,-,-,-,-,2623.8000,2623.6000,2623.2000,2623.0000,2622.6000,2624.0000,2625.0000,2625.2000,2626.0000,2626.6000,1,1,1,2,1,1,1,1,1,1
SF,IH2009,2020-04-24 09:32:46.300,2625.2000,11387,-1,105691440.000,2,0,2,多平,S,2624.4000,2624.0000,2623.8000,2623.2000,2623.0000,2626.0000,2626.6000,2629.4000,2629.8000,2630.0000,2,1,1,1,2,1,1,1,1,1
SF,IH2009,2020-04-24 09:32:46.800,2625.2000,11387,0,105691440.000,0,-,-,-,-,2624.6000,2624.4000,2624.0000,2623.8000,2623.2000,2626.0000,2626.6000,2629.4000,2629.8000,2630.0000,1,2,1,1,1,1,1,1,1,1
SF,IH2009,2020-04-24 09:32:47.300,2625.2000,11387,0,105691440.000,0,-,-,-,-,2624.8000,2624.4000,2624.0000,2623.8000,2623.2000,2626.0000,2626.6000,2629.4000,2629.8000,2630.0000,1,2,1,1,1,1,1,1,1,1
SF,IH2009,2020-04-24 09:32:47.800,2625.2000,11387,0,105691440.000,0,-,-,-,-,2625.0000,2624.4000,2624.0000,2623.8000,2623.2000,2626.0000,2626.6000,2629.4000,2629.8000,2630.0000,1,2,1,1,1,1,1,1,1,1
SF,IH2009,2020-04-24 09:32:48.300,2625.2000,11387,0,105691440.000,0,-,-,-,-,2624.4000,2624.0000,2623.8000,2623.2000,2623.0000,2626.0000,2626.6000,2629.4000,2629.8000,2630.0000,2,1,1,1,2,1,1,1,1,1
SF,IH2009,2020-04-24 09:32:48.800,2625.2000,11387,0,105691440.000,0,-,-,-,-,2624.6000,2624.4000,2624.0000,2623.8000,2623.2000,2625.8000,2626.0000,2626.6000,2629.4000,2629.8000,1,2,1,1,1,1,1,1,1,1
SF,IH2009,2020-04-24 09:32:49.300,2625.2000,11387,0,105691440.000,0,-,-,-,-,2624.4000,2624.0000,2623.8000,2623.2000,2623.0000,2625.8000,2626.0000,2626.6000,2627.4000,2629.4000,2,1,1,1,2,1,1,1,1,1
SF,IH2009,2020-04-24 09:32:49.800,2625.2000,11387,0,105691440.000,0,-,-,-,-,2624.4000,2624.0000,2623.8000,2623.2000,2623.0000,2625.8000,2626.0000,2626.6000,2627.4000,2629.4000,2,1,1,1,2,1,1,1,1,1
SF,IH2009,2020-04-24 09:32:50.300,2625.2000,11387,0,105691440.000,0,-,-,-,-,2624.4000,2624.0000,2623.8000,2623.2000,2623.0000,2625.8000,2626.0000,2626.6000,2627.4000,2629.4000,2,1,1,1,2,1,1,1,1,1
SF,IH2009,2020-04-24 09:32:50.800,2625.2000,11387,0,105691440.000,0,-,-,-,-,2624.6000,2624.4000,2624.0000,2623.8000,2623.2000,2625.8000,2626.0000,2626.6000,2627.4000,2629.4000,1,2,1,1,1,1,1,1,1,1
SF,IH2009,2020-04-24 09:32:51.300,2625.2000,11387,0,105691440.000,0,-,-,-,-,2624.4000,2624.0000,2623.8000,2623.2000,2623.0000,2625.8000,2626.0000,2626.6000,2627.4000,2629.4000,2,1,1,1,2,1,1,1,1,1
SF,IH2009,2020-04-24 09:32:51.800,2625.2000,11387,0,105691440.000,0,-,-,-,-,2624.6000,2624.4000,2624.0000,2623.8000,2623.2000,2625.8000,2626.0000,2626.6000,2627.4000,2629.4000,1,2,1,1,1,1,1,1,1,1
SF,IH2009,2020-04-24 09:32:52.300,2625.2000,11387,0,105691440.000,0,-,-,-,-,2624.4000,2624.0000,2623.8000,2623.2000,2623.0000,2626.0000,2626.6000,2627.4000,2629.4000,2629.8000,2,1,1,1,2,1,1,1,1,1
SF,IH2009,2020-04-24 09:32:52.800,2625.2000,11387,0,105691440.000,0,-,-,-,-,2624.6000,2624.4000,2624.0000,2623.8000,2623.2000,2626.0000,2626.6000,2627.4000,2629.4000,2629.8000,1,2,1,1,1,1,1,1,1,1
SF,IH2009,2020-04-24 09:32:53.300,2625.2000,11387,0,105691440.000,0,-,-,-,-,2624.4000,2624.0000,2623.8000,2623.2000,2623.0000,2626.0000,2626.6000,2627.4000,2629.4000,2629.8000,2,1,1,1,2,3,1,1,1,1
SF,IH2009,2020-04-24 09:32:53.800,2625.2000,11387,0,105691440.000,0,-,-,-,-,2624.6000,2624.4000,2624.0000,2623.8000,2623.2000,2626.0000,2626.6000,2627.4000,2629.4000,2629.8000,1,2,1,2,1,3,1,1,1,1
SF,IH2009,2020-04-24 09:32:54.300,2625.2000,11387,0,105691440.000,0,-,-,-,-,2624.4000,2624.0000,2623.8000,2623.2000,2623.0000,2626.0000,2626.6000,2627.4000,2629.4000,2629.8000,2,1,2,1,2,3,1,1,1,1
SF,IH2009,2020-04-24 09:32:54.800,2625.2000,11387,0,105691440.000,0,-,-,-,-,2624.4000,2624.0000,2623.8000,2623.2000,2623.0000,2625.6000,2625.8000,2626.0000,2626.6000,2627.4000,2,1,2,1,2,4,2,3,1,1
SF,IH2009,2020-04-24 09:32:55.300,2625.2000,11387,0,105691440.000,0,-,-,-,-,2624.4000,2624.0000,2623.8000,2623.2000,2623.0000,2625.4000,2625.6000,2626.0000,2626.6000,2627.4000,2,1,2,1,2,2,4,3,1,1
SF,IH2009,2020-04-24 09:32:55.800,2625.2000,11387,0,105691440.000,0,-,-,-,-,2624.0000,2623.8000,2623.2000,2623.0000,2622.4000,2626.0000,2626.6000,2627.4000,2629.4000,2629.8000,2,2,1,2,1,3,1,1,1,1
SF,IH2009,2020-04-24 09:32:56.300,2625.2000,11387,0,105691440.000,0,-,-,-,-,2624.2000,2624.0000,2623.8000,2623.2000,2623.0000,2625.6000,2625.8000,2626.0000,2626.6000,2627.4000,3,2,2,1,2,4,3,3,1,1
SF,IH2009,2020-04-24 09:32:56.800,2625.2000,11387,0,105691440.000,0,-,-,-,-,2624.2000,2624.0000,2623.8000,2623.2000,2623.0000,2625.8000,2626.0000,2626.6000,2627.4000,2629.4000,3,2,2,1,2,2,3,1,1,1
SF,IH2009,2020-04-24 09:32:57.300,2625.2000,11387,0,105691440.000,0,-,-,-,-,2624.4000,2624.2000,2624.0000,2623.8000,2623.2000,2625.8000,2626.0000,2626.6000,2627.4000,2629.4000,1,3,2,2,1,2,3,1,1,1
SF,IH2009,2020-04-24 09:32:57.800,2625.2000,11387,0,105691440.000,0,-,-,-,-,2624.6000,2624.4000,2624.2000,2624.0000,2623.8000,2625.8000,2626.0000,2626.6000,2627.4000,2629.4000,1,1,2,2,2,1,3,1,1,1
SF,IH2009,2020-04-24 09:32:58.300,2625.2000,11387,0,105691440.000,0,-,-,-,-,2625.8000,2624.8000,2624.4000,2624.2000,2624.0000,2626.0000,2626.6000,2627.4000,2629.4000,2629.8000,7,1,1,2,3,2,1,1,1,1
SF,IH2009,2020-04-24 09:32:58.800,2626.6000,11383,-4,109630500.000,5,0,5,多平,S,2626.2000,2625.8000,2624.4000,2624.2000,2624.0000,2627.4000,2629.0000,2629.4000,2629.8000,2630.0000,2,5,1,2,2,1,1,1,1,1
SF,IH2009,2020-04-24 09:32:59.300,2626.6000,11383,0,109630500.000,0,-,-,-,-,2626.2000,2625.8000,2624.4000,2624.2000,2624.0000,2627.2000,2627.4000,2629.0000,2629.4000,2629.8000,2,5,1,2,2,6,1,1,1,1
SF,IH2009,2020-04-24 09:32:59.800,2626.2000,11381,-2,111206220.000,2,0,2,双平,S,2625.8000,2624.4000,2624.0000,2623.8000,2623.0000,2627.2000,2627.4000,2628.8000,2629.0000,2629.4000,5,1,2,1,2,2,1,1,1,1
SF,IH2009,2020-04-24 09:33:00.300,2626.2000,11381,0,111206220.000,0,-,-,-,-,2626.0000,2625.8000,2624.4000,2624.0000,2623.8000,2627.2000,2627.4000,2628.8000,2629.0000,2629.4000,2,5,1,2,1,2,1,1,1,1
SF,IH2009,2020-04-24 09:33:00.800,2626.2000,11381,0,111206220.000,0,-,-,-,-,2626.0000,2625.8000,2624.4000,2624.0000,2623.8000,2627.0000,2627.2000,2627.4000,2628.8000,2629.0000,2,5,1,2,1,4,2,1,1,1
SF,IH2009,2020-04-24 09:33:01.300,2625.8000,11379,-2,115932780.000,6,2,4,多平,S,2625.8000,2624.4000,2624.0000,2623.8000,2623.0000,2626.8000,2627.0000,2627.4000,2628.8000,2629.0000,1,1,2,1,2,1,4,1,1,1
SF,IH2009,2020-04-24 09:33:01.800,2625.8000,11379,0,116720520.000,1,0,1,多换,S,2624.4000,2624.0000,2623.8000,2623.0000,2622.2000,2626.8000,2627.0000,2627.4000,2628.8000,2629.0000,1,2,1,2,1,1,4,1,1,1
SF,IH2009,2020-04-24 09:33:02.300,2625.8000,11379,0,116720520.000,0,-,-,-,-,2624.0000,2623.8000,2623.0000,2622.2000,2622.0000,2626.4000,2626.8000,2627.4000,2628.8000,2629.0000,2,1,2,1,2,4,1,1,1,1
SF,IH2009,2020-04-24 09:33:02.800,2625.8000,11379,0,116720520.000,0,-,-,-,-,2624.0000,2623.8000,2623.0000,2622.2000,2622.0000,2626.2000,2626.4000,2627.4000,2629.0000,2629.4000,2,1,2,1,2,1,4,1,1,1
SF,IH2009,2020-04-24 09:33:03.300,2626.0000,11379,0,117508320.000,1,0,1,多换,S,2624.2000,2624.0000,2623.8000,2623.0000,2622.2000,2627.4000,2629.0000,2629.4000,2629.8000,2631.2000,2,3,1,2,1,1,1,1,1,1
SF,IH2009,2020-04-24 09:33:03.800,2626.0000,11379,0,117508320.000,0,-,-,-,-,2624.4000,2624.2000,2624.0000,2623.8000,2623.0000,2627.0000,2627.2000,2627.4000,2629.0000,2629.4000,1,2,3,1,2,5,1,1,1,2
SF,IH2009,2020-04-24 09:33:04.300,2626.0000,11379,0,117508320.000,0,-,-,-,-,2624.6000,2624.4000,2624.0000,2623.8000,2623.0000,2626.8000,2627.0000,2627.4000,2629.0000,2629.4000,2,1,3,1,2,1,8,1,1,1
SF,IH2009,2020-04-24 09:33:04.800,2626.0000,11379,0,117508320.000,0,-,-,-,-,2624.8000,2624.6000,2624.0000,2623.8000,2623.0000,2627.0000,2627.4000,2629.0000,2629.4000,2629.8000,3,2,2,1,2,4,1,1,1,1
SF,IH2009,2020-04-24 09:33:05.300,2626.0000,11379,0,117508320.000,0,-,-,-,-,2625.0000,2624.8000,2624.0000,2623.8000,2623.0000,2626.8000,2627.0000,2627.4000,2629.0000,2629.4000,3,1,2,1,2,1,4,1,1,1
SF,IH2009,2020-04-24 09:33:05.800,2626.0000,11379,0,117508320.000,0,-,-,-,-,2625.2000,2625.0000,2624.8000,2624.0000,2623.8000,2626.8000,2627.0000,2627.4000,2629.0000,2629.4000,1,1,1,2,1,1,4,1,1,1
SF,IH2009,2020-04-24 09:33:06.300,2625.0000,11379,0,118295820.000,1,0,1,多换,S,2624.2000,2624.0000,2623.8000,2623.0000,2622.2000,2626.6000,2626.8000,2627.0000,2627.4000,2629.0000,1,2,1,2,1,1,1,4,1,1
SF,IH2009,2020-04-24 09:33:06.800,2625.0000,11379,0,118295820.000,0,-,-,-,-,2624.4000,2624.2000,2624.0000,2623.8000,2623.0000,2625.2000,2626.4000,2627.0000,2627.4000,2629.0000,3,1,2,1,2,1,1,4,1,1
SF,IH2009,2020-04-24 09:33:07.300,2625.2000,11379,0,119083380.000,1,0,1,多换,S,2624.6000,2624.4000,2624.2000,2624.0000,2623.8000,2626.4000,2627.0000,2627.4000,2629.0000,2629.4000,1,2,1,2,1,1,4,1,1,1
SF,IH2009,2020-04-24 09:33:07.800,2626.2000,11379,0,119871240.000,1,0,1,多换,S,2624.8000,2624.4000,2624.2000,2624.0000,2623.8000,2626.4000,2627.0000,2627.4000,2629.0000,2629.4000,2,1,1,2,1,1,4,1,1,1
SF,IH2009,2020-04-24 09:33:08.300,2626.2000,11379,0,119871240.000,0,-,-,-,-,2624.8000,2624.4000,2624.2000,2624.0000,2623.8000,2626.4000,2627.0000,2627.4000,2629.0000,2629.4000,1,1,1,2,1,1,4,1,1,1
SF,IH2009,2020-04-24 09:33:08.800,2626.2000,11379,0,119871240.000,0,-,-,-,-,2625.0000,2624.4000,2624.2000,2624.0000,2623.8000,2626.4000,2627.0000,2627.4000,2629.0000,2629.4000,1,1,1,2,1,1,4,1,1,1
SF,IH2009,2020-04-24 09:33:09.300,2625.2000,11380,1,120658800.000,1,1,0,双开,S,2625.2000,2624.4000,2624.2000,2624.0000,2623.8000,2626.4000,2627.0000,2627.4000,2629.0000,2629.4000,1,1,1,2,1,1,4,1,1,1
SF,IH2009,2020-04-24 09:33:09.800,2625.2000,11380,0,120658800.000,0,-,-,-,-,2624.4000,2624.2000,2624.0000,2623.8000,2623.0000,2626.4000,2627.0000,2627.4000,2629.0000,2629.4000,1,1,2,1,2,1,4,1,1,1
SF,IH2009,2020-04-24 09:33:10.300,2625.2000,11380,0,120658800.000,0,-,-,-,-,2624.6000,2624.4000,2624.2000,2624.0000,2623.8000,2627.0000,2627.4000,2629.0000,2629.4000,2629.8000,3,1,1,2,1,4,1,1,1,1
SF,IH2009,2020-04-24 09:33:10.800,2625.2000,11380,0,120658800.000,0,-,-,-,-,2624.6000,2624.2000,2624.0000,2623.8000,2623.0000,2626.8000,2627.0000,2627.4000,2629.0000,2629.4000,2,1,2,1,2,1,4,1,2,1
SF,IH2009,2020-04-24 09:33:11.300,2625.2000,11380,0,120658800.000,0,-,-,-,-,2624.6000,2624.2000,2624.0000,2623.8000,2623.0000,2626.8000,2627.0000,2627.4000,2629.0000,2629.4000,1,2,2,1,2,1,4,1,2,1
SF,IH2009,2020-04-24 09:33:12.300,2625.2000,11380,0,120658800.000,0,-,-,-,-,2624.8000,2624.6000,2624.2000,2624.0000,2623.8000,2626.8000,2627.0000,2627.4000,2628.0000,2629.0000,1,1,2,2,1,1,4,1,1,2
SF,IH2009,2020-04-24 09:33:12.800,2625.2000,11380,0,120658800.000,0,-,-,-,-,2625.0000,2624.8000,2624.2000,2624.0000,2623.8000,2626.8000,2627.0000,2627.4000,2628.0000,2629.0000,3,2,2,2,1,1,4,1,1,2
SF,IH2009,2020-04-24 09:33:13.300,2625.2000,11380,0,120658800.000,0,-,-,-,-,2625.0000,2624.8000,2624.2000,2624.0000,2623.8000,2627.0000,2627.4000,2628.0000,2629.0000,2629.4000,3,2,2,2,1,4,1,1,2,1
SF,IH2009,2020-04-24 09:33:13.800,2625.2000,11380,0,120658800.000,0,-,-,-,-,2625.2000,2625.0000,2624.8000,2624.2000,2624.0000,2626.8000,2627.0000,2627.4000,2628.0000,2629.0000,2,2,1,2,2,2,4,1,1,2
SF,IH2009,2020-04-24 09:33:14.300,2625.2000,11380,0,120658800.000,0,-,-,-,-,2625.4000,2625.2000,2624.8000,2624.2000,2624.0000,2626.8000,2627.0000,2627.4000,2628.0000,2629.0000,2,2,1,2,2,1,4,1,1,2
SF,IH2009,2020-04-24 09:33:14.800,2625.2000,11380,0,120658800.000,0,-,-,-,-,2625.4000,2625.2000,2624.8000,2624.2000,2624.0000,2626.8000,2627.0000,2627.4000,2628.0000,2629.0000,1,2,1,2,2,1,4,1,1,2
SF,IH2009,2020-04-24 09:33:15.300,2625.2000,11380,0,120658800.000,0,-,-,-,-,2625.6000,2625.2000,2624.8000,2624.2000,2624.0000,2626.8000,2627.0000,2627.4000,2628.0000,2629.0000,1,1,1,2,2,1,4,1,1,2
SF,IH2009,2020-04-24 09:33:15.800,2625.2000,11380,0,120658800.000,0,-,-,-,-,2625.2000,2625.0000,2624.8000,2624.2000,2624.0000,2626.8000,2627.0000,2627.4000,2628.0000,2629.0000,1,1,1,2,1,1,4,1,1,2
SF,IH2009,2020-04-24 09:33:16.300,2625.2000,11380,0,120658800.000,0,-,-,-,-,2625.4000,2625.2000,2625.0000,2624.2000,2624.0000,2626.8000,2627.0000,2627.4000,2628.0000,2629.0000,3,1,1,2,1,1,4,1,1,2
SF,IH2009,2020-04-24 09:33:16.800,2625.2000,11380,0,120658800.000,0,-,-,-,-,2625.4000,2625.2000,2625.0000,2624.2000,2624.0000,2626.8000,2627.0000,2627.4000,2628.0000,2629.0000,2,1,1,2,1,1,4,1,1,2
SF,IH2009,2020-04-24 09:33:18.300,2625.4000,11381,1,121446420.000,1,1,0,双开,S,2625.4000,2625.2000,2625.0000,2624.2000,2624.0000,2626.6000,2626.8000,2627.0000,2627.4000,2628.0000,1,1,1,2,1,1,1,4,1,1
SF,IH2009,2020-04-24 09:33:18.800,2625.4000,11381,0,121446420.000,0,-,-,-,-,2625.2000,2625.0000,2624.2000,2624.0000,2623.8000,2626.4000,2626.8000,2627.0000,2627.4000,2628.0000,1,1,2,1,1,1,1,4,1,1
SF,IH2009,2020-04-24 09:33:19.300,2625.4000,11381,0,121446420.000,0,-,-,-,-,2625.0000,2624.2000,2624.0000,2623.8000,2623.0000,2626.8000,2627.0000,2627.4000,2628.0000,2629.0000,1,2,1,1,2,1,4,1,1,1
SF,IH2009,2020-04-24 09:33:19.800,2625.4000,11381,0,121446420.000,0,-,-,-,-,2625.0000,2624.2000,2624.0000,2623.8000,2623.0000,2626.6000,2626.8000,2627.0000,2627.4000,2628.0000,1,2,1,1,2,1,1,4,1,1
SF,IH2009,2020-04-24 09:33:20.300,2625.4000,11381,0,121446420.000,0,-,-,-,-,2625.0000,2624.2000,2624.0000,2623.8000,2623.0000,2626.4000,2626.8000,2627.0000,2627.4000,2628.0000,2,2,1,1,2,1,1,4,1,1
SF,IH2009,2020-04-24 09:33:20.800,2625.4000,11381,0,121446420.000,0,-,-,-,-,2625.2000,2625.0000,2624.2000,2624.0000,2623.8000,2626.8000,2627.0000,2627.4000,2628.0000,2628.6000,1,2,2,1,1,1,4,1,1,1
SF,IH2009,2020-04-24 09:33:21.300,2625.4000,11381,0,121446420.000,0,-,-,-,-,2625.2000,2625.0000,2624.2000,2624.0000,2623.8000,2626.6000,2626.8000,2627.0000,2627.4000,2628.0000,1,2,2,1,1,1,1,4,1,1
SF,IH2009,2020-04-24 09:33:21.800,2625.4000,11381,0,121446420.000,0,-,-,-,-,2625.0000,2624.2000,2624.0000,2623.8000,2623.0000,2626.4000,2626.8000,2627.0000,2627.4000,2628.0000,2,2,1,1,2,1,1,4,1,1
SF,IH2009,2020-04-24 09:33:22.300,2625.4000,11381,0,121446420.000,0,-,-,-,-,2625.0000,2624.2000,2624.0000,2623.8000,2623.0000,2626.2000,2626.8000,2627.0000,2627.4000,2628.0000,2,2,1,1,2,1,1,4,1,1
SF,IH2009,2020-04-24 09:33:22.800,2625.4000,11381,0,121446420.000,0,-,-,-,-,2625.0000,2624.2000,2624.0000,2623.8000,2623.0000,2626.0000,2627.0000,2627.4000,2628.0000,2629.4000,1,2,1,1,2,2,4,1,1,1
SF,IH2009,2020-04-24 09:33:23.300,2625.0000,11381,0,122233920.000,1,0,1,多换,S,2624.2000,2624.0000,2623.8000,2623.0000,2622.2000,2626.0000,2627.0000,2627.4000,2628.0000,2629.4000,2,1,1,2,1,2,4,1,1,1
SF,IH2009,2020-04-24 09:33:23.800,2625.0000,11381,0,122233920.000,0,-,-,-,-,2624.4000,2624.2000,2624.0000,2623.8000,2623.0000,2626.0000,2627.0000,2627.4000,2628.0000,2629.4000,3,2,1,1,2,2,4,1,1,1
SF,IH2009,2020-04-24 09:33:24.300,2625.0000,11381,0,122233920.000,0,-,-,-,-,2624.4000,2624.2000,2624.0000,2623.8000,2623.0000,2626.0000,2627.0000,2627.4000,2628.0000,2629.4000,3,1,1,1,2,2,4,1,1,1
SF,IH2009,2020-04-24 09:33:25.800,2626.0000,11380,-1,123809520.000,2,0,2,多平,S,2624.6000,2624.4000,2624.2000,2624.0000,2623.8000,2627.0000,2627.4000,2628.0000,2629.4000,2629.8000,1,3,1,1,1,4,1,1,1,1
SF,IH2009,2020-04-24 09:33:26.300,2626.0000,11380,0,123809520.000,0,-,-,-,-,2625.0000,2624.8000,2624.2000,2624.0000,2623.8000,2626.8000,2627.0000,2627.4000,2628.0000,2629.0000,2,4,1,1,1,1,4,1,1,1
SF,IH2009,2020-04-24 09:33:26.800,2626.0000,11380,0,123809520.000,0,-,-,-,-,2625.2000,2625.0000,2624.8000,2624.2000,2624.0000,2627.0000,2627.4000,2628.0000,2629.0000,2629.4000,5,2,1,1,1,4,1,1,1,1
SF,IH2009,2020-04-24 09:33:27.300,2626.0000,11380,0,123809520.000,0,-,-,-,-,2625.6000,2625.2000,2624.8000,2624.2000,2624.0000,2627.0000,2627.4000,2628.0000,2629.0000,2629.4000,2,5,1,1,1,4,1,1,1,1
SF,IH2009,2020-04-24 09:33:27.800,2626.0000,11380,0,123809520.000,0,-,-,-,-,2625.8000,2625.4000,2625.2000,2624.8000,2624.2000,2626.8000,2627.0000,2627.4000,2628.0000,2629.0000,1,1,3,1,1,1,4,1,1,1
SF,IH2009,2020-04-24 09:33:28.300,2626.0000,11380,0,123809520.000,0,-,-,-,-,2625.4000,2625.2000,2624.8000,2624.2000,2624.0000,2626.8000,2627.0000,2627.4000,2628.0000,2629.0000,1,3,1,1,1,1,4,1,1,1
SF,IH2009,2020-04-24 09:33:28.800,2626.0000,11380,0,123809520.000,0,-,-,-,-,2626.0000,2625.6000,2625.4000,2625.2000,2624.8000,2626.8000,2627.0000,2627.4000,2628.0000,2629.0000,1,2,1,2,1,1,4,1,1,1
SF,IH2009,2020-04-24 09:33:29.300,2626.0000,11380,0,123809520.000,0,-,-,-,-,2626.0000,2625.6000,2625.4000,2625.2000,2624.8000,2626.8000,2627.0000,2627.4000,2628.0000,2629.0000,1,1,1,2,1,1,4,1,1,1
SF,IH2009,2020-04-24 09:33:29.800,2626.0000,11380,0,124597320.000,1,0,1,多换,S,2625.6000,2625.4000,2625.2000,2624.8000,2624.2000,2626.8000,2627.0000,2627.4000,2628.0000,2629.0000,1,1,2,1,1,1,4,1,1,1
SF,IH2009,2020-04-24 09:33:30.800,2626.0000,11380,0,124597320.000,0,-,-,-,-,2625.6000,2625.2000,2624.8000,2624.2000,2624.0000,2626.8000,2627.0000,2627.4000,2628.0000,2629.0000,1,2,1,1,1,1,4,1,1,1
SF,IH2009,2020-04-24 09:33:31.800,2626.0000,11380,0,124597320.000,0,-,-,-,-,2625.6000,2625.2000,2624.8000,2624.2000,2624.0000,2626.8000,2627.0000,2627.4000,2628.0000,2629.0000,1,2,1,1,1,1,4,2,1,1
SF,IH2009,2020-04-24 09:33:32.300,2626.0000,11380,0,124597320.000,0,-,-,-,-,2625.2000,2624.8000,2624.2000,2624.0000,2623.8000,2626.6000,2626.8000,2627.0000,2627.4000,2628.0000,2,1,1,1,1,1,1,4,2,1
SF,IH2009,2020-04-24 09:33:32.800,2626.0000,11380,0,124597320.000,0,-,-,-,-,2624.2000,2624.0000,2623.8000,2623.0000,2622.4000,2626.6000,2626.8000,2627.0000,2627.4000,2628.0000,1,1,1,2,1,1,1,4,2,1
SF,IH2009,2020-04-24 09:33:33.300,2626.0000,11380,0,124597320.000,0,-,-,-,-,2624.8000,2624.6000,2624.4000,2624.2000,2624.0000,2626.4000,2627.0000,2627.4000,2628.0000,2629.4000,1,3,3,1,1,1,4,2,1,1
SF,IH2009,2020-04-24 09:33:33.800,2626.4000,11380,0,125385240.000,1,0,1,多换,S,2625.0000,2624.6000,2624.2000,2624.0000,2623.8000,2627.0000,2627.4000,2628.0000,2629.4000,2629.8000,4,1,1,1,1,4,2,1,1,1
SF,IH2009,2020-04-24 09:33:34.300,2626.4000,11380,0,125385240.000,0,-,-,-,-,2625.0000,2624.6000,2624.2000,2624.0000,2623.8000,2626.8000,2627.0000,2627.4000,2628.0000,2629.0000,2,1,1,1,1,2,4,2,1,1
SF,IH2009,2020-04-24 09:33:34.800,2626.4000,11380,0,125385240.000,0,-,-,-,-,2625.0000,2624.2000,2624.0000,2623.8000,2623.0000,2626.8000,2627.0000,2627.4000,2628.0000,2629.0000,2,1,1,1,2,2,4,2,1,1
SF,IH2009,2020-04-24 09:33:35.300,2625.4000,11381,1,126172860.000,1,1,0,双开,S,2625.4000,2625.2000,2625.0000,2624.2000,2624.0000,2627.0000,2627.4000,2628.0000,2629.0000,2629.4000,1,3,2,1,1,4,2,1,1,1
SF,IH2009,2020-04-24 09:33:35.800,2625.4000,11381,0,126172860.000,0,-,-,-,-,2625.6000,2625.2000,2624.2000,2624.0000,2623.8000,2627.0000,2627.4000,2628.0000,2629.0000,2629.4000,4,2,1,1,1,4,2,1,1,1
SF,IH2009,2020-04-24 09:33:36.300,2625.4000,11381,0,126172860.000,0,-,-,-,-,2625.6000,2625.2000,2624.2000,2624.0000,2623.8000,2627.0000,2627.4000,2628.0000,2629.0000,2629.4000,2,2,1,1,1,4,2,1,1,1
SF,IH2009,2020-04-24 09:33:36.800,2625.4000,11381,0,126172860.000,0,-,-,-,-,2625.6000,2625.2000,2624.2000,2624.0000,2623.8000,2627.0000,2627.4000,2628.0000,2629.0000,2629.4000,2,1,1,1,1,4,2,1,1,1
SF,IH2009,2020-04-24 09:33:37.300,2625.4000,11381,0,126172860.000,0,-,-,-,-,2625.8000,2624.2000,2624.0000,2623.8000,2623.0000,2626.8000,2627.0000,2627.4000,2628.0000,2629.0000,1,1,1,1,2,2,4,2,1,1
SF,IH2009,2020-04-24 09:33:37.800,2625.4000,11381,0,126172860.000,0,-,-,-,-,2624.2000,2624.0000,2623.8000,2623.0000,2622.4000,2626.6000,2626.8000,2627.0000,2627.4000,2628.0000,1,1,1,2,1,1,1,4,2,1
SF,IH2009,2020-04-24 09:33:38.300,2625.4000,11381,0,126172860.000,0,-,-,-,-,2625.0000,2624.8000,2624.6000,2624.4000,2624.2000,2626.6000,2626.8000,2627.0000,2627.4000,2628.0000,1,1,1,3,1,1,1,4,2,1
SF,IH2009,2020-04-24 09:33:38.800,2626.6000,11381,0,126960840.000,1,0,1,多换,S,2625.2000,2625.0000,2624.8000,2624.6000,2624.2000,2626.8000,2627.0000,2627.4000,2628.0000,2629.4000,4,1,2,1,1,1,4,2,1,1
SF,IH2009,2020-04-24 09:33:39.300,2626.6000,11381,0,126960840.000,0,-,-,-,-,2625.2000,2624.8000,2624.6000,2624.2000,2624.0000,2626.8000,2627.0000,2627.4000,2628.0000,2629.4000,3,1,1,1,1,1,4,2,1,1
SF,IH2009,2020-04-24 09:33:39.800,2626.6000,11381,0,126960840.000,0,-,-,-,-,2625.2000,2624.8000,2624.6000,2624.2000,2624.0000,2626.6000,2626.8000,2627.0000,2627.4000,2628.0000,1,1,1,1,1,1,1,4,2,1
SF,IH2009,2020-04-24 09:33:40.300,2626.6000,11381,0,126960840.000,0,-,-,-,-,2624.6000,2624.2000,2624.0000,2623.8000,2623.0000,2626.4000,2627.0000,2627.4000,2628.0000,2629.4000,1,1,1,1,2,2,4,2,1,1
SF,IH2009,2020-04-24 09:33:40.800,2626.6000,11381,0,126960840.000,0,-,-,-,-,2624.8000,2624.2000,2624.0000,2623.8000,2623.0000,2626.4000,2627.0000,2627.4000,2628.0000,2629.4000,1,1,1,1,2,2,4,2,1,1
SF,IH2009,2020-04-24 09:33:41.300,2626.6000,11381,0,126960840.000,0,-,-,-,-,2624.2000,2624.0000,2623.8000,2623.0000,2622.4000,2626.2000,2626.4000,2627.0000,2627.4000,2628.0000,1,1,1,2,1,1,2,4,2,1
SF,IH2009,2020-04-24 09:33:41.800,2626.6000,11381,0,126960840.000,0,-,-,-,-,2624.4000,2624.2000,2624.0000,2623.8000,2623.0000,2626.0000,2626.2000,2627.0000,2627.4000,2628.0000,4,1,1,1,2,2,1,4,2,1
SF,IH2009,2020-04-24 09:33:42.300,2626.6000,11381,0,126960840.000,0,-,-,-,-,2624.4000,2624.2000,2624.0000,2623.8000,2623.0000,2626.0000,2626.2000,2626.6000,2627.0000,2627.4000,3,1,1,1,2,2,1,2,4,2
SF,IH2009,2020-04-24 09:33:42.800,2626.6000,11381,0,126960840.000,0,-,-,-,-,2624.4000,2624.2000,2624.0000,2623.8000,2623.0000,2626.0000,2626.2000,2626.6000,2627.0000,2627.4000,3,1,1,1,2,2,1,2,4,2
SF,IH2009,2020-04-24 09:33:43.300,2626.6000,11381,0,126960840.000,0,-,-,-,-,2625.0000,2624.4000,2624.2000,2624.0000,2623.8000,2626.0000,2626.2000,2626.6000,2627.0000,2627.4000,1,3,1,1,1,2,1,2,4,2
SF,IH2009,2020-04-24 09:33:43.800,2626.6000,11381,0,126960840.000,0,-,-,-,-,2625.0000,2624.4000,2624.2000,2624.0000,2623.8000,2626.0000,2626.2000,2626.6000,2627.0000,2627.4000,1,2,1,1,1,2,1,2,4,2
SF,IH2009,2020-04-24 09:33:44.300,2625.0000,11382,1,127748340.000,1,1,0,双开,S,2624.4000,2624.2000,2624.0000,2623.8000,2623.0000,2626.0000,2626.2000,2626.6000,2627.0000,2627.4000,2,1,1,1,2,2,1,2,4,2
SF,IH2009,2020-04-24 09:33:44.800,2625.0000,11382,0,127748340.000,0,-,-,-,-,2624.6000,2624.4000,2624.2000,2624.0000,2623.8000,2626.0000,2626.2000,2626.6000,2627.0000,2627.4000,2,2,1,1,1,2,1,2,4,2
SF,IH2009,2020-04-24 09:33:45.300,2625.0000,11382,0,127748340.000,0,-,-,-,-,2624.8000,2624.6000,2624.4000,2624.2000,2624.0000,2626.0000,2626.2000,2626.6000,2627.0000,2627.4000,1,2,1,1,1,2,1,2,4,2
SF,IH2009,2020-04-24 09:33:45.800,2624.8000,11381,-1,128535780.000,1,0,1,双平,S,2624.4000,2624.2000,2624.0000,2623.8000,2623.0000,2626.0000,2626.2000,2626.6000,2627.0000,2627.4000,1,1,1,1,2,2,1,2,4,2
SF,IH2009,2020-04-24 09:33:46.300,2624.8000,11381,0,128535780.000,0,-,-,-,-,2624.4000,2624.2000,2624.0000,2623.8000,2623.0000,2624.8000,2625.8000,2626.0000,2626.2000,2626.6000,1,1,1,1,2,1,1,2,1,2
SF,IH2009,2020-04-24 09:33:46.800,2624.8000,11381,0,129323220.000,1,0,1,多换,S,2624.2000,2624.0000,2623.8000,2623.0000,2622.4000,2625.8000,2626.0000,2626.2000,2626.6000,2627.0000,1,1,1,2,1,1,1,1,2,4
SF,IH2009,2020-04-24 09:33:47.300,2625.6000,11381,0,130110900.000,1,0,1,多换,S,2625.0000,2624.4000,2624.2000,2624.0000,2623.8000,2625.8000,2626.2000,2626.6000,2627.0000,2627.4000,1,1,1,1,1,1,1,2,4,1
SF,IH2009,2020-04-24 09:33:47.800,2625.0000,11381,0,130898400.000,1,0,1,多换,S,2624.2000,2624.0000,2623.8000,2623.0000,2622.4000,2625.4000,2625.6000,2625.8000,2626.2000,2626.6000,1,1,1,2,1,5,1,1,1,2
SF,IH2009,2020-04-24 09:33:48.300,2625.0000,11381,0,130898400.000,0,-,-,-,-,2624.2000,2624.0000,2623.8000,2623.0000,2622.4000,2625.0000,2625.2000,2625.8000,2626.2000,2626.6000,1,1,1,2,1,1,2,1,1,2
SF,IH2009,2020-04-24 09:33:48.800,2624.2000,11381,0,131685660.000,1,0,1,多换,S,2624.0000,2623.8000,2623.0000,2622.4000,2622.2000,2625.0000,2625.2000,2625.8000,2626.2000,2626.6000,1,1,2,1,1,2,2,1,1,2
SF,IH2009,2020-04-24 09:33:49.300,2624.0000,11380,-1,132472860.000,1,0,1,双平,S,2623.8000,2623.0000,2622.4000,2622.2000,2622.0000,2625.0000,2625.2000,2625.8000,2626.2000,2626.6000,1,2,1,1,2,1,2,1,1,2
SF,IH2009,2020-04-24 09:33:49.800,2624.0000,11380,0,132472860.000,0,-,-,-,-,2623.8000,2623.0000,2622.4000,2622.2000,2622.0000,2624.6000,2624.8000,2625.0000,2625.8000,2626.2000,1,2,1,1,2,5,3,3,1,1
SF,IH2009,2020-04-24 09:33:50.300,2624.0000,11380,0,132472860.000,0,-,-,-,-,2623.8000,2623.0000,2622.4000,2622.2000,2622.0000,2624.8000,2625.0000,2625.8000,2626.2000,2626.6000,1,2,1,1,2,2,1,1,1,2
SF,IH2009,2020-04-24 09:33:50.800,2624.0000,11380,0,132472860.000,0,-,-,-,-,2623.8000,2623.0000,2622.4000,2622.2000,2622.0000,2624.8000,2625.0000,2625.8000,2626.2000,2626.6000,1,2,1,1,2,1,1,1,1,2
SF,IH2009,2020-04-24 09:33:51.300,2624.0000,11380,0,132472860.000,0,-,-,-,-,2623.8000,2623.0000,2622.4000,2622.2000,2622.0000,2624.8000,2625.0000,2625.8000,2626.6000,2627.0000,6,2,1,1,2,1,1,1,2,4
SF,IH2009,2020-04-24 09:33:51.800,2624.8000,11379,-1,133260300.000,1,0,1,双平,S,2624.8000,2623.8000,2623.0000,2622.4000,2622.2000,2625.0000,2626.6000,2627.0000,2627.4000,2628.0000,2,6,2,1,1,1,2,4,1,1
SF,IH2009,2020-04-24 09:33:52.300,2625.0000,11379,0,134047800.000,1,0,1,多换,S,2624.8000,2623.8000,2623.0000,2622.4000,2622.2000,2626.6000,2627.0000,2627.4000,2628.0000,2629.4000,2,7,2,1,1,2,4,1,1,1
SF,IH2009,2020-04-24 09:33:52.800,2625.0000,11379,0,134047800.000,0,-,-,-,-,2624.8000,2623.8000,2623.0000,2622.8000,2622.4000,2626.2000,2626.4000,2626.6000,2627.0000,2627.4000,2,7,2,1,1,5,4,2,4,1
SF,IH2009,2020-04-24 09:33:53.300,2624.8000,11378,-1,134835240.000,1,0,1,双平,S,2624.8000,2623.8000,2623.0000,2622.8000,2622.4000,2626.0000,2626.2000,2626.4000,2626.6000,2627.0000,1,7,2,1,1,2,5,2,2,4
SF,IH2009,2020-04-24 09:33:53.800,2624.8000,11378,0,134835240.000,0,-,-,-,-,2624.8000,2623.8000,2623.0000,2622.8000,2622.4000,2626.0000,2626.2000,2626.4000,2626.6000,2627.0000,1,7,2,1,1,2,5,2,2,4
SF,IH2009,2020-04-24 09:33:54.300,2624.8000,11378,0,134835240.000,0,-,-,-,-,2624.8000,2623.8000,2623.0000,2622.8000,2622.4000,2626.0000,2626.2000,2626.4000,2626.6000,2627.0000,1,7,2,1,1,2,5,2,2,4
SF,IH2009,2020-04-24 09:33:54.800,2624.8000,11379,1,135622680.000,1,1,0,双开,S,2623.8000,2623.0000,2622.8000,2622.4000,2622.2000,2626.0000,2626.4000,2626.6000,2627.0000,2627.4000,7,2,1,1,1,2,2,2,4,1
SF,IH2009,2020-04-24 09:33:55.300,2624.8000,11379,0,135622680.000,0,-,-,-,-,2624.0000,2623.8000,2623.0000,2622.8000,2622.4000,2624.8000,2625.8000,2626.0000,2626.6000,2627.0000,1,7,2,1,1,1,2,1,2,4
SF,IH2009,2020-04-24 09:33:55.800,2624.8000,11379,0,135622680.000,0,-,-,-,-,2624.0000,2623.8000,2623.0000,2622.8000,2622.4000,2624.8000,2625.8000,2626.0000,2626.6000,2627.0000,1,7,2,1,1,1,2,1,2,4
SF,IH2009,2020-04-24 09:33:56.300,2624.8000,11379,0,136410120.000,1,0,1,多换,S,2624.2000,2624.0000,2623.8000,2623.0000,2622.8000,2625.8000,2626.0000,2626.6000,2627.0000,2627.4000,1,1,7,2,1,1,1,2,4,1
SF,IH2009,2020-04-24 09:33:56.800,2624.4000,11378,-1,137984760.000,2,0,2,多平,S,2623.8000,2623.0000,2622.8000,2622.4000,2622.2000,2624.0000,2625.6000,2625.8000,2626.0000,2626.6000,7,2,1,1,1,28,1,1,1,2
SF,IH2009,2020-04-24 09:33:57.300,2624.0000,11361,-17,151367160.000,17,0,17,双平,S,2623.8000,2623.0000,2622.8000,2622.4000,2622.2000,2624.0000,2625.8000,2626.0000,2626.6000,2627.0000,6,2,1,1,1,11,1,1,2,4
SF,IH2009,2020-04-24 09:33:57.800,2624.0000,11355,-6,156090360.000,6,0,6,双平,S,2623.8000,2623.0000,2622.8000,2622.4000,2622.2000,2624.0000,2625.8000,2626.0000,2626.6000,2627.0000,6,2,1,1,1,5,1,1,2,4
SF,IH2009,2020-04-24 09:33:58.800,2623.8000,11353,-2,159239040.000,4,1,3,多平,S,2623.8000,2623.0000,2622.8000,2622.4000,2622.2000,2624.0000,2625.8000,2626.0000,2626.6000,2627.0000,4,2,1,1,1,3,1,1,2,4
SF,IH2009,2020-04-24 09:33:59.300,2624.0000,11350,-3,161600640.000,3,0,3,双平,S,2623.8000,2623.0000,2622.8000,2622.4000,2622.2000,2625.8000,2626.0000,2626.6000,2627.0000,2627.4000,4,2,1,1,1,1,1,2,4,1
SF,IH2009,2020-04-24 09:33:59.800,2624.0000,11350,0,161600640.000,0,-,-,-,-,2624.0000,2623.8000,2623.0000,2622.8000,2622.4000,2625.6000,2625.8000,2626.0000,2626.6000,2627.0000,3,4,2,1,1,2,1,1,2,4
SF,IH2009,2020-04-24 09:34:00.300,2624.0000,11350,0,161600640.000,0,-,-,-,-,2624.0000,2623.8000,2623.0000,2622.8000,2622.4000,2625.4000,2625.6000,2626.0000,2626.6000,2627.0000,4,4,2,1,1,3,2,1,2,4
SF,IH2009,2020-04-24 09:34:00.800,2624.0000,11350,0,161600640.000,0,-,-,-,-,2624.0000,2623.8000,2623.0000,2622.8000,2622.4000,2625.2000,2625.4000,2625.6000,2626.0000,2626.6000,4,4,2,1,1,1,3,1,1,2
SF,IH2009,2020-04-24 09:34:01.300,2624.0000,11350,0,161600640.000,0,-,-,-,-,2624.2000,2624.0000,2623.8000,2623.0000,2622.8000,2625.4000,2625.6000,2626.0000,2626.6000,2627.0000,1,4,4,2,1,1,1,1,2,4
SF,IH2009,2020-04-24 09:34:01.800,2624.0000,11350,0,161600640.000,0,-,-,-,-,2624.6000,2624.2000,2624.0000,2623.8000,2623.0000,2625.4000,2625.6000,2626.0000,2626.6000,2627.0000,1,1,3,4,2,1,1,1,2,4
SF,IH2009,2020-04-24 09:34:02.300,2624.0000,11350,0,161600640.000,0,-,-,-,-,2624.2000,2624.0000,2623.8000,2623.0000,2622.8000,2625.4000,2625.6000,2626.0000,2626.6000,2627.0000,1,3,4,2,1,1,1,1,2,4
SF,IH2009,2020-04-24 09:34:02.800,2624.0000,11350,0,161600640.000,0,-,-,-,-,2624.2000,2624.0000,2623.8000,2623.0000,2622.8000,2625.4000,2625.6000,2626.0000,2626.6000,2627.0000,1,2,4,2,1,1,1,1,2,4
SF,IH2009,2020-04-24 09:34:03.300,2624.0000,11350,0,161600640.000,0,-,-,-,-,2624.4000,2624.2000,2624.0000,2623.8000,2623.0000,2626.0000,2626.6000,2627.0000,2627.4000,2628.0000,3,2,1,4,2,1,2,4,1,1
SF,IH2009,2020-04-24 09:34:03.800,2624.0000,11350,0,161600640.000,0,-,-,-,-,2624.8000,2624.6000,2624.4000,2624.2000,2624.0000,2626.6000,2627.0000,2627.4000,2628.0000,2629.4000,1,2,3,1,1,2,4,1,1,1
SF,IH2009,2020-04-24 09:34:04.300,2624.0000,11350,0,161600640.000,0,-,-,-,-,2625.0000,2624.6000,2624.4000,2624.2000,2624.0000,2626.4000,2626.6000,2627.0000,2627.4000,2628.0000,1,1,3,1,1,6,2,4,1,1
SF,IH2009,2020-04-24 09:34:04.800,2624.0000,11350,0,161600640.000,0,-,-,-,-,2624.6000,2624.4000,2624.2000,2624.0000,2623.8000,2626.2000,2626.4000,2626.6000,2627.0000,2627.4000,1,2,2,1,4,4,3,2,4,1
SF,IH2009,2020-04-24 09:34:05.300,2624.0000,11350,0,161600640.000,0,-,-,-,-,2624.4000,2624.2000,2624.0000,2623.8000,2623.0000,2626.0000,2626.2000,2626.4000,2626.6000,2627.0000,2,2,1,4,2,5,1,1,2,4
SF,IH2009,2020-04-24 09:34:05.800,2624.0000,11350,0,161600640.000,0,-,-,-,-,2624.6000,2624.4000,2624.0000,2623.8000,2623.0000,2625.8000,2626.0000,2626.4000,2626.6000,2627.0000,1,1,1,4,2,4,2,1,2,4
SF,IH2009,2020-04-24 09:34:06.300,2624.0000,11350,0,161600640.000,0,-,-,-,-,2624.8000,2624.4000,2624.0000,2623.8000,2623.0000,2626.0000,2626.4000,2626.6000,2627.0000,2627.4000,1,1,1,4,2,1,1,2,4,1
SF,IH2009,2020-04-24 09:34:06.800,2624.8000,11349,-1,162388080.000,1,0,1,双平,S,2624.0000,2623.8000,2623.0000,2622.8000,2622.4000,2624.6000,2625.8000,2626.0000,2626.4000,2626.6000,1,4,2,1,1,2,9,1,1,2
SF,IH2009,2020-04-24 09:34:07.300,2624.6000,11347,-2,163962840.000,2,0,2,双平,S,2624.2000,2624.0000,2623.8000,2623.0000,2622.8000,2624.8000,2625.8000,2626.0000,2626.6000,2627.0000,1,1,4,2,1,1,4,1,2,4
SF,IH2009,2020-04-24 09:34:07.800,2624.6000,11347,0,163962840.000,0,-,-,-,-,2624.0000,2623.8000,2623.0000,2622.8000,2622.4000,2624.8000,2625.8000,2626.0000,2626.6000,2627.0000,1,4,2,1,1,1,4,1,2,4
SF,IH2009,2020-04-24 09:34:10.300,2624.6000,11347,0,163962840.000,0,-,-,-,-,2623.8000,2623.0000,2622.8000,2622.4000,2622.2000,2624.8000,2625.8000,2626.0000,2626.6000,2627.0000,4,2,1,1,1,1,4,1,2,4
SF,IH2009,2020-04-24 09:34:10.800,2624.6000,11347,0,163962840.000,0,-,-,-,-,2624.0000,2623.8000,2623.0000,2622.8000,2622.4000,2624.8000,2625.8000,2626.0000,2626.6000,2627.0000,1,4,2,1,1,1,4,1,2,4
SF,IH2009,2020-04-24 09:34:11.300,2624.8000,11347,0,164750280.000,1,0,1,多换,S,2624.0000,2623.8000,2623.0000,2622.8000,2622.4000,2625.8000,2626.0000,2626.6000,2627.0000,2627.4000,1,4,2,1,1,4,1,2,4,1
SF,IH2009,2020-04-24 09:34:11.800,2624.8000,11347,0,164750280.000,0,-,-,-,-,2624.0000,2623.8000,2623.0000,2622.8000,2622.4000,2625.6000,2625.8000,2626.6000,2627.0000,2627.4000,4,4,2,1,1,6,1,3,4,1
SF,IH2009,2020-04-24 09:34:12.300,2624.8000,11347,0,164750280.000,0,-,-,-,-,2624.2000,2624.0000,2623.8000,2623.0000,2622.8000,2625.6000,2625.8000,2626.6000,2627.0000,2627.4000,3,4,4,2,1,3,1,3,4,1
SF,IH2009,2020-04-24 09:34:12.800,2624.8000,11347,0,164750280.000,0,-,-,-,-,2624.2000,2624.0000,2623.8000,2623.0000,2622.8000,2625.6000,2625.8000,2626.6000,2627.0000,2627.4000,2,4,4,2,1,2,1,3,4,1
SF,IH2009,2020-04-24 09:34:13.800,2624.8000,11347,0,164750280.000,0,-,-,-,-,2624.4000,2624.2000,2624.0000,2623.8000,2623.0000,2625.4000,2625.6000,2625.8000,2626.6000,2627.0000,2,2,4,4,2,3,2,1,3,4
SF,IH2009,2020-04-24 09:34:14.300,2625.2000,11344,-3,167900520.000,4,0,4,多平,S,2624.6000,2624.4000,2624.2000,2624.0000,2623.8000,2625.8000,2626.6000,2627.0000,2627.4000,2628.0000,1,1,1,4,4,1,3,4,1,1
SF,IH2009,2020-04-24 09:34:14.800,2625.2000,11344,0,167900520.000,0,-,-,-,-,2624.8000,2624.6000,2624.4000,2624.0000,2623.8000,2625.8000,2626.6000,2627.0000,2627.4000,2627.8000,2,1,1,4,4,1,3,4,1,1
SF,IH2009,2020-04-24 09:34:15.300,2625.2000,11344,0,167900520.000,0,-,-,-,-,2625.0000,2624.8000,2624.0000,2623.8000,2623.0000,2625.8000,2626.6000,2627.0000,2627.4000,2627.8000,1,2,4,4,2,1,3,4,1,1
SF,IH2009,2020-04-24 09:34:15.800,2625.2000,11344,0,167900520.000,0,-,-,-,-,2624.8000,2624.0000,2623.8000,2623.0000,2622.8000,2625.8000,2626.6000,2627.0000,2627.4000,2627.8000,2,4,4,2,1,1,3,4,1,1
SF,IH2009,2020-04-24 09:34:16.800,2625.2000,11344,0,167900520.000,0,-,-,-,-,2624.8000,2624.0000,2623.8000,2623.0000,2622.8000,2625.8000,2626.6000,2627.0000,2627.4000,2627.8000,2,4,4,2,1,1,3,4,1,1
SF,IH2009,2020-04-24 09:34:18.800,2625.2000,11344,0,167900520.000,0,-,-,-,-,2625.2000,2624.8000,2624.0000,2623.8000,2623.0000,2625.8000,2626.6000,2627.0000,2627.4000,2627.8000,1,1,4,4,2,1,3,4,1,1
SF,IH2009,2020-04-24 09:34:19.300,2625.2000,11344,0,167900520.000,0,-,-,-,-,2625.2000,2624.8000,2624.0000,2623.8000,2623.0000,2625.8000,2626.6000,2627.0000,2627.4000,2627.8000,1,1,4,4,2,1,3,4,1,1
SF,IH2009,2020-04-24 09:34:20.800,2625.2000,11344,0,167900520.000,0,-,-,-,-,2625.2000,2624.8000,2624.0000,2623.8000,2623.0000,2626.6000,2627.0000,2627.4000,2627.8000,2628.0000,1,1,4,4,1,3,4,1,1,1
SF,IH2009,2020-04-24 09:34:21.300,2625.2000,11344,0,167900520.000,0,-,-,-,-,2625.8000,2625.2000,2624.8000,2624.0000,2623.8000,2626.6000,2627.0000,2627.2000,2627.4000,2627.8000,2,1,1,4,4,3,4,1,1,1
SF,IH2009,2020-04-24 09:34:21.800,2625.2000,11344,0,167900520.000,0,-,-,-,-,2625.8000,2625.4000,2625.2000,2624.8000,2624.0000,2626.4000,2626.6000,2627.0000,2627.2000,2627.4000,2,1,1,1,4,3,3,4,1,1
SF,IH2009,2020-04-24 09:34:22.300,2626.4000,11343,-1,168688440.000,1,0,1,双平,S,2625.8000,2625.4000,2625.2000,2624.8000,2624.0000,2626.4000,2626.6000,2627.0000,2627.2000,2627.4000,2,1,1,1,4,2,3,4,1,1
SF,IH2009,2020-04-24 09:34:22.800,2626.4000,11343,0,168688440.000,0,-,-,-,-,2625.8000,2625.2000,2624.8000,2624.0000,2623.8000,2626.4000,2626.6000,2627.0000,2627.2000,2627.4000,2,1,1,4,4,2,3,4,1,1
SF,IH2009,2020-04-24 09:34:23.800,2626.4000,11343,0,168688440.000,0,-,-,-,-,2625.8000,2625.2000,2624.8000,2624.0000,2623.8000,2626.6000,2627.0000,2627.2000,2627.4000,2627.8000,2,1,1,4,4,3,4,1,1,1
SF,IH2009,2020-04-24 09:34:24.300,2626.4000,11343,0,168688440.000,0,-,-,-,-,2625.8000,2625.2000,2624.8000,2624.0000,2623.8000,2626.6000,2627.0000,2627.2000,2627.4000,2627.8000,2,1,1,4,4,3,4,1,1,1
SF,IH2009,2020-04-24 09:34:24.800,2625.8000,11343,0,170263920.000,2,1,1,多换,S,2625.2000,2624.8000,2624.0000,2623.8000,2623.0000,2625.8000,2626.6000,2627.0000,2627.2000,2627.4000,1,1,5,4,1,1,3,4,1,1
SF,IH2009,2020-04-24 09:34:25.300,2625.8000,11343,0,170263920.000,0,-,-,-,-,2625.2000,2624.8000,2624.0000,2623.8000,2623.0000,2625.8000,2626.6000,2627.0000,2627.2000,2627.4000,1,1,5,4,1,1,3,4,1,1
SF,IH2009,2020-04-24 09:34:26.300,2625.8000,11343,0,170263920.000,0,-,-,-,-,2624.8000,2624.0000,2623.8000,2623.0000,2622.4000,2625.8000,2626.6000,2627.0000,2627.2000,2627.4000,1,5,4,1,1,1,3,4,1,1
SF,IH2009,2020-04-24 09:34:26.800,2625.8000,11343,0,170263920.000,0,-,-,-,-,2624.0000,2623.8000,2623.0000,2622.4000,2622.2000,2625.4000,2625.6000,2625.8000,2626.6000,2627.0000,5,4,1,1,1,1,1,1,3,4
SF,IH2009,2020-04-24 09:34:27.300,2625.8000,11343,0,170263920.000,0,-,-,-,-,2624.2000,2624.0000,2623.8000,2623.0000,2622.4000,2625.4000,2625.6000,2625.8000,2626.6000,2627.0000,5,5,4,1,1,1,1,1,3,4
SF,IH2009,2020-04-24 09:34:28.300,2625.8000,11343,0,170263920.000,0,-,-,-,-,2624.2000,2624.0000,2623.8000,2623.0000,2622.4000,2625.4000,2625.6000,2625.8000,2626.6000,2627.0000,6,5,4,1,1,1,1,1,3,4
SF,IH2009,2020-04-24 09:34:29.300,2625.8000,11343,0,170263920.000,0,-,-,-,-,2624.4000,2624.2000,2624.0000,2623.8000,2623.0000,2625.4000,2625.6000,2625.8000,2626.6000,2627.0000,1,6,5,5,1,1,1,1,3,4
SF,IH2009,2020-04-24 09:34:29.800,2625.8000,11343,0,170263920.000,0,-,-,-,-,2624.6000,2624.4000,2624.2000,2624.0000,2623.8000,2625.4000,2625.6000,2625.8000,2626.6000,2627.0000,1,1,4,5,5,1,1,1,3,4
SF,IH2009,2020-04-24 09:34:30.300,2625.8000,11343,0,170263920.000,0,-,-,-,-,2624.6000,2624.2000,2624.0000,2623.8000,2623.0000,2625.4000,2625.6000,2625.8000,2626.6000,2627.0000,1,1,5,5,1,1,1,1,3,4
SF,IH2009,2020-04-24 09:34:30.800,2625.8000,11343,0,170263920.000,0,-,-,-,-,2624.2000,2624.0000,2623.8000,2623.0000,2622.4000,2625.4000,2625.6000,2625.8000,2626.6000,2627.0000,1,5,5,1,1,1,1,1,3,4
SF,IH2009,2020-04-24 09:34:31.300,2625.8000,11343,0,170263920.000,0,-,-,-,-,2624.0000,2623.8000,2623.0000,2622.4000,2622.2000,2625.2000,2625.4000,2625.8000,2626.6000,2627.0000,5,5,1,1,1,2,1,1,3,4
SF,IH2009,2020-04-24 09:34:31.800,2625.8000,11343,0,170263920.000,0,-,-,-,-,2624.2000,2624.0000,2623.8000,2623.0000,2622.4000,2625.2000,2625.4000,2625.8000,2626.6000,2627.0000,1,5,5,1,1,1,1,1,3,4
SF,IH2009,2020-04-24 09:34:32.300,2625.8000,11343,0,170263920.000,0,-,-,-,-,2624.0000,2623.8000,2623.0000,2622.4000,2622.2000,2625.0000,2625.2000,2625.4000,2625.8000,2626.6000,5,5,1,1,1,1,1,1,1,3
SF,IH2009,2020-04-24 09:34:33.300,2625.8000,11343,0,170263920.000,0,-,-,-,-,2624.0000,2623.8000,2623.0000,2622.4000,2622.2000,2625.0000,2625.2000,2625.4000,2625.8000,2626.6000,5,6,1,1,1,1,1,1,1,3
SF,IH2009,2020-04-24 09:34:33.800,2625.2000,11342,-1,171051480.000,1,0,1,双平,S,2624.0000,2623.8000,2623.0000,2622.4000,2622.2000,2625.4000,2625.8000,2626.6000,2627.0000,2627.2000,5,6,1,1,1,1,1,3,4,1
SF,IH2009,2020-04-24 09:34:34.300,2625.2000,11342,0,171051480.000,0,-,-,-,-,2624.2000,2624.0000,2623.8000,2623.0000,2622.4000,2625.2000,2625.4000,2625.8000,2626.6000,2627.0000,2,5,6,1,1,1,1,1,3,4
SF,IH2009,2020-04-24 09:34:34.800,2625.2000,11342,0,171051480.000,0,-,-,-,-,2624.4000,2624.2000,2624.0000,2623.8000,2623.0000,2625.4000,2625.8000,2626.6000,2627.0000,2627.2000,1,2,5,6,1,1,1,3,4,1
SF,IH2009,2020-04-24 09:34:35.300,2625.2000,11342,0,171051480.000,0,-,-,-,-,2624.6000,2624.4000,2624.0000,2623.8000,2623.0000,2625.4000,2625.8000,2626.6000,2627.0000,2627.2000,1,1,5,6,1,1,1,3,4,1
SF,IH2009,2020-04-24 09:34:35.800,2625.2000,11342,0,171051480.000,0,-,-,-,-,2624.4000,2624.0000,2623.8000,2623.0000,2622.4000,2625.4000,2625.8000,2626.6000,2627.0000,2627.2000,1,5,6,1,1,1,1,3,4,1
SF,IH2009,2020-04-24 09:34:36.300,2625.2000,11342,0,171051480.000,0,-,-,-,-,2624.8000,2624.4000,2624.0000,2623.8000,2623.0000,2625.4000,2625.8000,2626.6000,2627.0000,2627.2000,1,1,5,6,1,1,1,3,4,1
SF,IH2009,2020-04-24 09:34:37.300,2625.2000,11342,0,171051480.000,0,-,-,-,-,2624.8000,2624.4000,2624.0000,2623.8000,2623.0000,2625.4000,2625.8000,2626.6000,2627.0000,2627.2000,1,1,4,6,1,1,1,3,4,1
SF,IH2009,2020-04-24 09:34:37.800,2625.2000,11342,0,171051480.000,0,-,-,-,-,2624.8000,2624.4000,2624.0000,2623.8000,2623.0000,2625.4000,2625.8000,2626.6000,2627.0000,2627.2000,1,1,4,6,1,1,1,3,4,1
SF,IH2009,2020-04-24 09:34:38.800,2624.8000,11341,-1,171838920.000,1,0,1,双平,S,2624.4000,2624.0000,2623.8000,2623.0000,2622.4000,2625.4000,2625.8000,2626.6000,2627.0000,2627.2000,1,4,6,1,1,1,1,3,4,1
SF,IH2009,2020-04-24 09:34:39.300,2624.8000,11341,0,171838920.000,0,-,-,-,-,2624.8000,2624.4000,2624.0000,2623.8000,2623.0000,2625.4000,2625.8000,2626.6000,2627.0000,2627.2000,1,1,4,6,1,1,1,3,4,1
SF,IH2009,2020-04-24 09:34:39.800,2624.8000,11341,0,172626360.000,1,0,1,多换,S,2624.4000,2624.0000,2623.8000,2623.0000,2622.4000,2625.4000,2625.8000,2626.6000,2627.0000,2627.2000,1,4,6,1,1,1,1,3,4,1
SF,IH2009,2020-04-24 09:34:40.800,2624.8000,11341,0,172626360.000,0,-,-,-,-,2624.4000,2624.0000,2623.8000,2623.0000,2622.4000,2625.2000,2625.4000,2625.8000,2626.6000,2627.0000,1,4,6,1,1,1,1,1,3,4
