市场代码,合约代码,时间,最新,持仓,增仓,成交额,成交量,开仓,平仓,成交类型,方向,买一价,买二价,买三价,买四价,买五价,卖一价,卖二价,卖三价,卖四价,卖五价,买一量,买二量,买三量,买四量,买五量,卖一量,卖二量,卖三量,卖四量,卖五量
SF,IH2006,2020-01-08 09:29:00.300,3064.8000,7691,0,2758320.000,3.000,-,-,-,-,3063.6000,3063.0000,3060.0000,3058.4000,3058.0000,3065.0000,3065.6000,3067.0000,3072.0000,3072.8000,1,2,2,1,1,1,1,1,1,2
SF,IH2006,2020-01-08 09:30:00.300,3063.0000,7693,2,6435060.000,4,3,1,空开,S,3063.0000,3060.2000,3060.0000,3058.4000,3058.0000,3063.2000,3063.6000,3064.6000,3065.0000,3065.6000,1,1,2,1,1,1,1,9,1,1
SF,IH2006,2020-01-08 09:30:00.800,3063.0000,7693,0,7353960.000,1,0,1,多换,S,3060.2000,3060.0000,3058.0000,3051.2000,3051.0000,3063.0000,3063.6000,3064.6000,3065.0000,3065.6000,1,2,1,1,1,1,1,1,1,1
SF,IH2006,2020-01-08 09:30:01.300,3063.0000,7693,0,7353960.000,0,-,-,-,-,3060.4000,3060.2000,3060.0000,3058.0000,3052.8000,3062.6000,3062.8000,3063.0000,3063.6000,3064.6000,1,1,2,1,5,8,3,1,1,1
SF,IH2006,2020-01-08 09:30:01.800,3063.0000,7693,0,7353960.000,0,-,-,-,-,3060.2000,3060.0000,3058.0000,3052.8000,3051.2000,3062.2000,3062.4000,3062.6000,3062.8000,3063.0000,1,2,1,5,1,1,7,9,2,1
SF,IH2006,2020-01-08 09:30:02.300,3063.0000,7693,0,7353960.000,0,-,-,-,-,3060.2000,3060.0000,3058.0000,3052.8000,3051.2000,3061.8000,3062.0000,3062.2000,3062.4000,3062.6000,1,2,1,5,1,8,4,1,6,1
SF,IH2006,2020-01-08 09:30:02.800,3063.0000,7693,0,7353960.000,0,-,-,-,-,3060.2000,3060.0000,3058.0000,3052.8000,3051.0000,3061.4000,3061.6000,3061.8000,3062.0000,3062.4000,1,2,1,5,1,1,4,9,3,6
SF,IH2006,2020-01-08 09:30:03.300,3060.2000,7692,-1,10108860.000,3,1,2,多平,S,3060.0000,3058.0000,3052.8000,3051.0000,3045.8000,3060.2000,3061.0000,3061.2000,3061.6000,3061.8000,2,1,5,1,1,1,7,4,3,1
SF,IH2006,2020-01-08 09:30:03.800,3060.2000,7691,-1,11026920.000,1,0,1,双平,S,3060.2000,3060.0000,3058.0000,3052.8000,3051.0000,3061.0000,3061.2000,3061.6000,3061.8000,3062.0000,1,3,1,5,1,7,4,3,1,3
SF,IH2006,2020-01-08 09:30:04.300,3060.2000,7691,0,11026920.000,0,-,-,-,-,3060.2000,3060.0000,3058.0000,3052.8000,3051.0000,3060.8000,3061.0000,3061.2000,3061.6000,3061.8000,1,3,1,5,1,2,7,4,3,1
SF,IH2006,2020-01-08 09:30:04.800,3060.8000,7689,-2,12863400.000,2,0,2,双平,S,3060.2000,3060.0000,3058.0000,3056.0000,3052.8000,3061.0000,3061.2000,3061.6000,3061.8000,3062.0000,1,3,1,1,5,7,4,3,1,3
SF,IH2006,2020-01-08 09:30:05.300,3060.8000,7689,0,12863400.000,0,-,-,-,-,3060.4000,3060.2000,3060.0000,3058.0000,3056.0000,3060.8000,3061.2000,3061.6000,3061.8000,3062.0000,1,1,3,1,1,2,3,3,1,3
SF,IH2006,2020-01-08 09:30:05.800,3060.8000,7688,-1,13781640.000,1,0,1,双平,S,3061.0000,3060.6000,3060.4000,3060.0000,3058.0000,3061.2000,3061.6000,3061.8000,3062.0000,3062.4000,1,1,1,3,1,2,3,1,3,6
SF,IH2006,2020-01-08 09:30:06.300,3061.0000,7687,-1,15618240.000,2,0,2,多平,S,3060.4000,3060.0000,3058.0000,3056.0000,3052.8000,3061.6000,3061.8000,3062.0000,3062.4000,3062.6000,1,3,1,1,5,2,1,2,5,1
SF,IH2006,2020-01-08 09:30:06.800,3060.4000,7685,-2,19291620.000,4,1,3,多平,S,3060.0000,3058.0000,3056.0000,3052.8000,3051.0000,3061.4000,3061.6000,3061.8000,3062.0000,3062.4000,3,1,1,5,1,6,2,1,2,5
SF,IH2006,2020-01-08 09:30:07.300,3060.4000,7685,0,19291620.000,0,-,-,-,-,3060.0000,3058.0000,3056.0000,3052.8000,3051.0000,3060.4000,3061.2000,3061.4000,3061.6000,3061.8000,3,1,1,5,1,1,1,6,2,1
SF,IH2006,2020-01-08 09:30:07.800,3060.4000,7685,0,20209740.000,1,0,1,多换,S,3060.0000,3058.0000,3056.0000,3052.8000,3051.0000,3061.4000,3061.6000,3061.8000,3062.0000,3062.4000,3,1,1,5,1,2,2,1,2,4
SF,IH2006,2020-01-08 09:30:08.300,3060.4000,7685,0,20209740.000,0,-,-,-,-,3060.4000,3060.0000,3058.0000,3056.0000,3052.8000,3061.2000,3061.4000,3061.6000,3061.8000,3062.0000,3,3,1,1,5,1,2,2,1,2
SF,IH2006,2020-01-08 09:30:08.800,3060.4000,7685,0,20209740.000,0,-,-,-,-,3060.4000,3060.0000,3058.0000,3056.0000,3052.8000,3062.0000,3062.4000,3062.6000,3062.8000,3063.0000,3,3,1,1,5,2,2,1,2,1
SF,IH2006,2020-01-08 09:30:09.300,3060.4000,7685,0,20209740.000,0,-,-,-,-,3060.6000,3060.4000,3060.0000,3058.0000,3056.0000,3061.8000,3062.0000,3062.4000,3062.6000,3062.8000,1,3,3,1,1,1,2,2,1,2
SF,IH2006,2020-01-08 09:30:09.800,3060.4000,7685,0,20209740.000,0,-,-,-,-,3060.6000,3060.4000,3060.0000,3058.0000,3056.0000,3061.8000,3062.0000,3062.4000,3062.6000,3062.8000,1,3,3,1,1,1,2,2,1,2
SF,IH2006,2020-01-08 09:30:10.300,3061.8000,7684,-1,21128280.000,1,0,1,双平,S,3060.6000,3060.4000,3060.0000,3058.0000,3056.0000,3062.4000,3062.6000,3062.8000,3063.0000,3063.6000,2,3,3,1,1,2,1,2,1,1
SF,IH2006,2020-01-08 09:30:10.800,3061.8000,7684,0,21128280.000,0,-,-,-,-,3060.6000,3060.4000,3060.0000,3058.0000,3056.0000,3062.4000,3062.6000,3062.8000,3063.0000,3063.6000,2,3,3,1,1,2,1,2,1,1
SF,IH2006,2020-01-08 09:30:11.300,3061.8000,7684,0,21128280.000,0,-,-,-,-,3060.6000,3060.4000,3060.0000,3058.0000,3056.0000,3063.0000,3063.6000,3065.0000,3066.6000,3067.0000,2,4,3,1,1,1,1,2,5,1
SF,IH2006,2020-01-08 09:30:11.800,3061.8000,7684,0,21128280.000,0,-,-,-,-,3060.6000,3060.4000,3060.0000,3058.0000,3056.0000,3063.0000,3063.6000,3065.0000,3066.6000,3067.0000,2,4,3,1,1,1,1,2,5,1
SF,IH2006,2020-01-08 09:30:12.300,3061.8000,7684,0,21128280.000,0,-,-,-,-,3061.4000,3060.6000,3060.4000,3060.0000,3058.0000,3063.0000,3063.6000,3065.0000,3066.6000,3067.0000,1,2,4,3,1,1,1,2,5,1
SF,IH2006,2020-01-08 09:30:12.800,3061.6000,7683,-1,22046760.000,1,0,1,双平,S,3061.6000,3061.4000,3060.4000,3060.0000,3058.0000,3063.0000,3063.6000,3065.0000,3066.6000,3067.0000,2,1,4,3,1,1,1,2,5,1
SF,IH2006,2020-01-08 09:30:13.300,3061.6000,7683,0,22046760.000,0,-,-,-,-,3061.6000,3061.4000,3060.4000,3060.0000,3058.0000,3062.8000,3063.0000,3063.6000,3065.0000,3066.6000,2,1,4,3,1,1,1,1,2,5
SF,IH2006,2020-01-08 09:30:13.800,3061.6000,7683,0,22046760.000,0,-,-,-,-,3061.6000,3061.4000,3060.4000,3060.0000,3058.0000,3063.0000,3063.6000,3065.0000,3066.6000,3067.0000,1,1,4,3,1,1,1,2,5,1
SF,IH2006,2020-01-08 09:30:14.300,3061.6000,7683,0,22046760.000,0,-,-,-,-,3061.6000,3061.4000,3060.4000,3060.0000,3058.0000,3062.8000,3063.0000,3063.6000,3065.0000,3066.6000,1,1,4,3,1,5,1,1,2,5
SF,IH2006,2020-01-08 09:30:15.300,3061.6000,7683,0,22046760.000,0,-,-,-,-,3061.6000,3061.4000,3060.4000,3060.0000,3058.0000,3063.0000,3063.6000,3065.0000,3066.6000,3067.0000,2,1,4,4,1,1,1,2,5,1
SF,IH2006,2020-01-08 09:30:15.800,3062.8000,7682,-1,22965600.000,1,0,1,双平,S,3061.6000,3061.4000,3060.4000,3060.0000,3058.0000,3063.0000,3063.6000,3065.0000,3066.6000,3067.0000,2,1,1,4,1,1,1,2,5,1
SF,IH2006,2020-01-08 09:30:16.300,3062.8000,7682,0,22965600.000,0,-,-,-,-,3061.6000,3061.4000,3061.2000,3060.4000,3060.0000,3063.0000,3063.6000,3065.0000,3066.6000,3067.0000,2,1,1,1,4,1,1,2,5,1
SF,IH2006,2020-01-08 09:30:16.800,3062.8000,7682,0,22965600.000,0,-,-,-,-,3061.6000,3061.4000,3061.2000,3060.4000,3060.0000,3062.8000,3063.0000,3063.6000,3065.0000,3066.6000,2,1,1,1,4,2,1,1,2,5
SF,IH2006,2020-01-08 09:30:17.300,3062.8000,7682,0,22965600.000,0,-,-,-,-,3061.6000,3061.4000,3061.2000,3060.4000,3060.0000,3063.0000,3063.6000,3065.0000,3066.6000,3067.0000,2,1,1,1,4,1,1,2,5,1
SF,IH2006,2020-01-08 09:30:18.300,3061.6000,7681,-1,23884080.000,1,0,1,双平,S,3061.4000,3061.2000,3060.4000,3060.0000,3058.0000,3062.8000,3063.0000,3063.6000,3065.0000,3066.6000,1,1,1,4,1,6,1,1,2,5
SF,IH2006,2020-01-08 09:30:18.800,3061.6000,7681,0,23884080.000,0,-,-,-,-,3062.0000,3061.4000,3061.2000,3060.4000,3060.0000,3062.6000,3062.8000,3063.0000,3063.6000,3065.0000,1,1,1,1,4,1,2,1,1,2
SF,IH2006,2020-01-08 09:30:19.300,3061.6000,7681,0,23884080.000,0,-,-,-,-,3062.0000,3061.4000,3061.2000,3060.4000,3060.0000,3062.6000,3063.0000,3063.6000,3065.0000,3066.6000,1,1,1,1,4,1,1,1,2,5
SF,IH2006,2020-01-08 09:30:20.300,3061.6000,7681,0,23884080.000,0,-,-,-,-,3062.0000,3061.4000,3061.2000,3060.4000,3060.0000,3062.6000,3063.0000,3063.6000,3065.0000,3066.6000,1,1,1,1,4,1,1,1,2,5
SF,IH2006,2020-01-08 09:30:21.300,3062.6000,7680,-1,24802860.000,1,0,1,双平,S,3062.0000,3061.4000,3061.2000,3060.4000,3060.0000,3063.0000,3063.6000,3065.0000,3066.6000,3067.0000,1,1,1,1,5,1,1,4,5,1
SF,IH2006,2020-01-08 09:30:21.800,3062.6000,7680,0,24802860.000,0,-,-,-,-,3062.0000,3061.4000,3061.2000,3060.4000,3060.0000,3062.6000,3062.8000,3063.0000,3063.6000,3065.0000,1,1,1,1,5,4,1,1,1,4
SF,IH2006,2020-01-08 09:30:22.300,3062.6000,7680,0,24802860.000,0,-,-,-,-,3062.2000,3062.0000,3061.4000,3061.2000,3060.4000,3062.8000,3063.0000,3063.6000,3065.0000,3066.6000,1,2,1,1,1,1,1,1,4,5
SF,IH2006,2020-01-08 09:30:22.800,3062.6000,7680,0,24802860.000,0,-,-,-,-,3062.2000,3062.0000,3061.4000,3061.2000,3060.4000,3062.6000,3062.8000,3063.0000,3063.6000,3065.0000,1,2,1,1,1,4,1,1,1,4
SF,IH2006,2020-01-08 09:30:23.300,3062.2000,7679,-1,25721520.000,1,0,1,双平,S,3062.0000,3061.4000,3061.2000,3060.4000,3060.0000,3062.4000,3062.8000,3063.0000,3063.6000,3065.0000,2,1,1,1,5,1,1,1,1,4
SF,IH2006,2020-01-08 09:30:23.800,3062.2000,7679,0,25721520.000,0,-,-,-,-,3062.0000,3061.4000,3061.2000,3060.4000,3060.0000,3062.8000,3063.0000,3063.6000,3065.0000,3066.6000,2,1,1,1,5,1,1,1,4,5
SF,IH2006,2020-01-08 09:30:24.300,3062.0000,7679,0,27558720.000,2,1,1,多换,S,3061.4000,3061.2000,3060.4000,3060.0000,3058.0000,3062.0000,3062.6000,3062.8000,3063.0000,3063.6000,1,1,1,6,1,1,1,1,1,1
SF,IH2006,2020-01-08 09:30:24.800,3062.0000,7679,0,27558720.000,0,-,-,-,-,3061.4000,3061.2000,3060.4000,3060.0000,3058.0000,3062.6000,3062.8000,3063.0000,3063.6000,3065.0000,1,1,1,6,1,1,1,1,1,4
SF,IH2006,2020-01-08 09:30:25.300,3062.0000,7679,0,27558720.000,0,-,-,-,-,3062.0000,3061.4000,3061.2000,3060.4000,3060.0000,3062.8000,3063.0000,3063.6000,3065.0000,3066.6000,3,1,1,1,6,1,1,1,4,5
SF,IH2006,2020-01-08 09:30:25.800,3062.4000,7680,1,28477440.000,1,1,0,双开,S,3062.0000,3061.4000,3061.2000,3060.4000,3060.0000,3062.4000,3062.6000,3062.8000,3063.0000,3063.6000,3,1,1,1,6,3,3,1,1,1
SF,IH2006,2020-01-08 09:30:26.300,3062.4000,7680,0,28477440.000,0,-,-,-,-,3062.0000,3061.4000,3061.2000,3060.4000,3060.0000,3062.2000,3062.6000,3062.8000,3063.0000,3063.6000,3,1,1,1,6,2,2,1,1,1
SF,IH2006,2020-01-08 09:30:26.800,3062.2000,7680,0,30314760.000,2,1,1,多换,S,3062.4000,3062.0000,3061.4000,3061.2000,3060.4000,3062.8000,3063.0000,3063.6000,3065.0000,3066.6000,1,3,1,1,1,1,1,1,4,5
SF,IH2006,2020-01-08 09:30:27.800,3062.2000,7680,0,30314760.000,0,-,-,-,-,3062.0000,3061.4000,3061.2000,3060.4000,3060.0000,3063.0000,3063.6000,3065.0000,3066.6000,3067.0000,3,1,1,1,6,1,1,4,5,1
SF,IH2006,2020-01-08 09:30:28.300,3062.2000,7680,0,30314760.000,0,-,-,-,-,3062.2000,3062.0000,3061.4000,3061.2000,3060.4000,3063.0000,3063.6000,3065.0000,3066.6000,3067.0000,1,3,1,1,1,1,1,4,5,1
SF,IH2006,2020-01-08 09:30:29.800,3063.0000,7679,-1,31233660.000,1,0,1,双平,S,3063.0000,3062.2000,3062.0000,3061.4000,3061.2000,3063.6000,3065.0000,3066.6000,3067.0000,3067.8000,1,1,3,1,1,1,4,5,1,1
SF,IH2006,2020-01-08 09:30:30.300,3063.0000,7679,0,31233660.000,0,-,-,-,-,3063.0000,3062.2000,3062.0000,3061.4000,3061.2000,3063.6000,3065.0000,3066.6000,3067.0000,3067.8000,1,1,3,1,1,1,4,5,1,1
SF,IH2006,2020-01-08 09:30:30.800,3063.0000,7679,0,31233660.000,0,-,-,-,-,3063.0000,3062.2000,3062.0000,3061.4000,3061.2000,3063.6000,3065.0000,3067.0000,3067.8000,3070.4000,1,1,3,1,1,1,4,1,1,5
SF,IH2006,2020-01-08 09:30:31.300,3063.6000,7677,-2,33071760.000,2,0,2,双平,S,3063.0000,3062.2000,3062.0000,3061.4000,3061.2000,3065.0000,3067.0000,3067.8000,3070.4000,3075.4000,1,1,3,1,1,4,1,1,5,1
SF,IH2006,2020-01-08 09:30:31.800,3063.6000,7677,0,33071760.000,0,-,-,-,-,3063.2000,3063.0000,3062.0000,3061.4000,3061.2000,3064.8000,3065.0000,3067.0000,3067.8000,3070.4000,1,1,3,1,1,3,5,1,1,5
SF,IH2006,2020-01-08 09:30:32.300,3063.6000,7677,0,33071760.000,0,-,-,-,-,3063.2000,3063.0000,3062.0000,3061.4000,3061.2000,3064.8000,3065.0000,3067.0000,3067.8000,3070.4000,1,1,3,1,1,2,4,1,1,5
SF,IH2006,2020-01-08 09:30:32.800,3063.6000,7677,0,33071760.000,0,-,-,-,-,3063.2000,3063.0000,3062.0000,3061.4000,3061.2000,3064.6000,3064.8000,3065.0000,3067.0000,3067.8000,1,1,3,1,1,1,2,4,1,1
SF,IH2006,2020-01-08 09:30:33.300,3063.6000,7677,0,33071760.000,0,-,-,-,-,3063.2000,3063.0000,3062.0000,3061.4000,3061.2000,3064.4000,3064.6000,3064.8000,3065.0000,3067.0000,1,1,3,1,1,1,1,2,4,1
SF,IH2006,2020-01-08 09:30:33.800,3064.4000,7677,0,33991080.000,1,0,1,多换,S,3063.2000,3063.0000,3062.0000,3061.4000,3061.2000,3064.6000,3064.8000,3065.0000,3067.0000,3067.8000,1,1,3,1,1,1,2,4,1,1
SF,IH2006,2020-01-08 09:30:34.300,3064.4000,7677,0,33991080.000,0,-,-,-,-,3063.2000,3063.0000,3062.0000,3061.4000,3061.2000,3064.4000,3064.6000,3064.8000,3065.0000,3067.0000,1,1,3,1,1,1,1,2,4,1
SF,IH2006,2020-01-08 09:30:35.800,3064.4000,7677,0,33991080.000,0,-,-,-,-,3063.2000,3063.0000,3062.0000,3061.4000,3061.2000,3064.4000,3064.6000,3064.8000,3065.0000,3067.0000,1,1,3,1,1,1,1,2,4,1
SF,IH2006,2020-01-08 09:30:36.300,3063.2000,7676,-1,34910040.000,1,0,1,双平,S,3063.0000,3062.0000,3061.4000,3061.2000,3060.4000,3064.2000,3064.4000,3064.8000,3065.0000,3067.0000,1,3,1,1,1,1,1,2,4,1
SF,IH2006,2020-01-08 09:30:36.800,3063.2000,7676,0,34910040.000,0,-,-,-,-,3062.0000,3061.4000,3061.2000,3060.4000,3060.0000,3064.2000,3064.4000,3064.8000,3065.0000,3067.0000,3,1,1,1,6,2,1,2,4,1
SF,IH2006,2020-01-08 09:30:37.300,3063.2000,7676,0,34910040.000,0,-,-,-,-,3062.2000,3062.0000,3061.4000,3061.2000,3060.4000,3064.0000,3064.2000,3064.4000,3065.0000,3067.0000,1,3,1,1,1,1,2,1,4,1
SF,IH2006,2020-01-08 09:30:37.800,3063.8000,7675,-1,35829180.000,1,0,1,双平,S,3062.2000,3062.0000,3061.4000,3061.2000,3060.4000,3063.8000,3064.2000,3065.0000,3067.0000,3067.8000,1,3,1,1,1,1,1,4,1,1
SF,IH2006,2020-01-08 09:30:38.300,3063.8000,7675,0,35829180.000,0,-,-,-,-,3062.2000,3062.0000,3061.4000,3061.2000,3060.4000,3063.8000,3065.0000,3067.0000,3067.8000,3068.0000,1,3,1,1,1,1,4,1,1,1
SF,IH2006,2020-01-08 09:30:38.800,3063.8000,7675,0,35829180.000,0,-,-,-,-,3063.4000,3062.4000,3062.2000,3062.0000,3061.4000,3063.8000,3065.0000,3067.0000,3067.8000,3068.0000,1,1,1,3,1,1,4,1,1,1
SF,IH2006,2020-01-08 09:30:39.300,3063.8000,7675,0,35829180.000,0,-,-,-,-,3063.4000,3062.4000,3062.2000,3061.4000,3061.2000,3063.8000,3065.0000,3067.0000,3067.8000,3068.0000,1,1,1,1,1,1,4,1,1,1
SF,IH2006,2020-01-08 09:30:39.800,3063.8000,7674,-1,36748320.000,1,0,1,双平,S,3063.4000,3062.2000,3061.4000,3061.2000,3060.6000,3065.0000,3067.0000,3067.8000,3068.0000,3070.4000,1,1,1,1,1,4,1,1,1,5
SF,IH2006,2020-01-08 09:30:40.300,3063.8000,7674,0,36748320.000,0,-,-,-,-,3063.4000,3062.2000,3061.4000,3061.2000,3060.6000,3064.8000,3065.0000,3067.0000,3067.8000,3068.0000,1,1,1,1,1,2,5,1,1,1
SF,IH2006,2020-01-08 09:30:40.800,3063.8000,7674,0,36748320.000,0,-,-,-,-,3063.4000,3062.8000,3062.2000,3061.4000,3061.2000,3064.8000,3065.0000,3067.0000,3067.8000,3068.0000,1,1,1,1,1,2,5,1,1,1
SF,IH2006,2020-01-08 09:30:41.800,3063.4000,7673,-1,37667340.000,1,0,1,双平,S,3062.8000,3062.2000,3061.4000,3061.2000,3060.4000,3064.6000,3064.8000,3065.0000,3067.0000,3067.8000,1,1,1,1,1,3,2,5,1,1
SF,IH2006,2020-01-08 09:30:42.300,3063.4000,7673,0,37667340.000,0,-,-,-,-,3062.8000,3062.2000,3061.4000,3061.2000,3060.4000,3064.4000,3064.6000,3064.8000,3065.0000,3067.0000,1,2,1,1,1,2,3,1,5,1
SF,IH2006,2020-01-08 09:30:42.800,3063.4000,7673,0,37667340.000,0,-,-,-,-,3063.6000,3062.8000,3062.2000,3061.4000,3061.2000,3064.0000,3064.4000,3064.8000,3065.0000,3067.0000,1,1,2,1,1,3,2,1,5,1
SF,IH2006,2020-01-08 09:30:43.300,3062.8000,7671,-2,39505260.000,2,0,2,双平,S,3062.2000,3061.4000,3061.2000,3060.4000,3060.0000,3063.0000,3063.6000,3063.8000,3064.0000,3064.4000,1,1,1,1,6,2,5,1,3,1
SF,IH2006,2020-01-08 09:30:43.800,3063.0000,7669,-2,41343060.000,2,0,2,双平,S,3062.2000,3061.4000,3061.2000,3060.4000,3060.0000,3063.6000,3063.8000,3064.0000,3064.4000,3064.8000,1,1,1,1,6,5,1,3,1,1
SF,IH2006,2020-01-08 09:30:44.300,3063.0000,7669,0,41343060.000,0,-,-,-,-,3062.4000,3062.2000,3061.4000,3061.2000,3060.4000,3063.4000,3063.6000,3063.8000,3064.0000,3064.4000,2,1,1,1,1,1,5,1,3,1
SF,IH2006,2020-01-08 09:30:44.800,3063.0000,7669,0,41343060.000,0,-,-,-,-,3062.6000,3062.4000,3062.2000,3061.4000,3061.2000,3063.6000,3063.8000,3064.4000,3064.8000,3065.0000,1,2,1,1,1,2,1,1,1,5
SF,IH2006,2020-01-08 09:30:45.300,3063.0000,7669,0,41343060.000,0,-,-,-,-,3062.6000,3062.4000,3062.2000,3061.4000,3061.2000,3063.6000,3063.8000,3064.4000,3064.8000,3065.0000,1,2,1,1,1,1,1,1,1,5
SF,IH2006,2020-01-08 09:30:45.800,3063.0000,7669,0,41343060.000,0,-,-,-,-,3062.6000,3062.2000,3061.4000,3061.2000,3060.4000,3063.6000,3063.8000,3064.4000,3064.8000,3065.0000,1,1,1,1,1,1,1,1,1,5
SF,IH2006,2020-01-08 09:30:46.300,3063.0000,7669,0,41343060.000,0,-,-,-,-,3062.6000,3062.2000,3061.4000,3061.2000,3060.4000,3063.6000,3064.4000,3064.8000,3065.0000,3067.0000,1,1,1,1,1,1,1,1,5,1
SF,IH2006,2020-01-08 09:30:46.800,3063.6000,7669,0,42262140.000,1,0,1,多换,S,3063.6000,3063.0000,3062.6000,3062.2000,3061.4000,3064.4000,3064.8000,3065.0000,3067.0000,3067.8000,1,1,1,1,1,1,1,5,1,1
SF,IH2006,2020-01-08 09:30:47.300,3063.6000,7668,-1,43181220.000,1,0,1,双平,S,3063.0000,3062.2000,3061.4000,3061.2000,3060.4000,3063.6000,3064.2000,3064.4000,3064.8000,3065.0000,1,1,1,1,1,1,2,1,1,5
SF,IH2006,2020-01-08 09:30:48.300,3063.6000,7667,-1,44100300.000,1,0,1,双平,S,3063.0000,3062.2000,3061.4000,3061.2000,3060.4000,3064.2000,3064.4000,3064.8000,3065.0000,3067.0000,1,2,1,1,1,2,1,1,5,1
SF,IH2006,2020-01-08 09:30:48.800,3063.6000,7667,0,44100300.000,0,-,-,-,-,3063.6000,3063.0000,3062.2000,3061.4000,3061.2000,3064.2000,3064.4000,3064.8000,3065.0000,3067.0000,3,1,2,1,1,2,1,1,5,1
SF,IH2006,2020-01-08 09:30:49.300,3063.6000,7664,-3,46857540.000,3,0,3,双平,S,3063.0000,3062.2000,3061.4000,3061.2000,3060.4000,3064.2000,3064.4000,3064.8000,3065.0000,3067.0000,1,2,1,1,1,2,1,1,4,1
SF,IH2006,2020-01-08 09:30:49.800,3063.6000,7664,0,46857540.000,0,-,-,-,-,3063.0000,3062.2000,3061.4000,3061.2000,3060.4000,3064.2000,3064.4000,3064.8000,3065.0000,3067.0000,1,2,1,1,1,2,1,1,4,1
SF,IH2006,2020-01-08 09:30:51.300,3063.6000,7664,0,46857540.000,0,-,-,-,-,3063.0000,3062.6000,3062.2000,3061.4000,3061.2000,3064.2000,3064.4000,3064.8000,3065.0000,3067.0000,1,1,2,1,1,2,1,1,4,1
SF,IH2006,2020-01-08 09:30:51.800,3064.0000,7664,0,48695940.000,2,1,1,多换,S,3063.6000,3063.0000,3062.6000,3062.2000,3061.4000,3064.2000,3064.4000,3064.8000,3065.0000,3067.0000,1,1,1,2,1,2,1,1,4,1
SF,IH2006,2020-01-08 09:30:52.300,3063.6000,7663,-1,50534100.000,2,0,2,多平,S,3063.0000,3062.6000,3062.2000,3061.4000,3061.2000,3064.2000,3065.0000,3067.0000,3067.8000,3068.0000,1,1,2,1,1,1,4,1,1,1
SF,IH2006,2020-01-08 09:30:52.800,3063.6000,7663,0,50534100.000,0,-,-,-,-,3063.2000,3063.0000,3062.6000,3062.2000,3061.4000,3065.0000,3067.0000,3067.8000,3068.0000,3070.4000,1,1,1,2,1,4,1,1,1,5
SF,IH2006,2020-01-08 09:30:53.300,3063.6000,7663,0,50534100.000,0,-,-,-,-,3063.2000,3063.0000,3062.6000,3062.2000,3061.4000,3064.6000,3064.8000,3065.0000,3067.0000,3067.8000,1,1,1,3,1,3,1,4,1,1
SF,IH2006,2020-01-08 09:30:53.800,3063.4000,7663,0,52372140.000,2,1,1,多换,S,3063.0000,3062.6000,3062.2000,3061.4000,3061.2000,3064.4000,3064.6000,3065.0000,3067.0000,3067.8000,1,1,3,1,1,1,3,4,1,1
SF,IH2006,2020-01-08 09:30:55.300,3063.4000,7663,0,52372140.000,0,-,-,-,-,3063.0000,3062.6000,3062.2000,3061.4000,3061.2000,3064.2000,3064.4000,3064.6000,3065.0000,3067.0000,1,1,3,1,1,1,1,3,4,1
SF,IH2006,2020-01-08 09:30:55.800,3063.4000,7663,0,52372140.000,0,-,-,-,-,3063.0000,3062.6000,3062.2000,3061.4000,3061.2000,3064.2000,3064.4000,3064.6000,3065.0000,3067.0000,2,1,3,1,1,1,1,3,4,1
SF,IH2006,2020-01-08 09:30:56.300,3063.4000,7663,0,52372140.000,0,-,-,-,-,3063.2000,3063.0000,3062.6000,3062.2000,3061.4000,3064.4000,3064.6000,3065.0000,3067.0000,3067.8000,2,2,1,3,1,1,3,4,1,1
SF,IH2006,2020-01-08 09:30:56.800,3063.4000,7663,0,52372140.000,0,-,-,-,-,3063.2000,3063.0000,3062.6000,3062.2000,3061.4000,3064.6000,3065.0000,3067.0000,3067.8000,3068.0000,2,2,1,3,1,3,4,1,1,1
SF,IH2006,2020-01-08 09:30:57.800,3063.4000,7663,0,52372140.000,0,-,-,-,-,3063.2000,3063.0000,3062.6000,3062.2000,3061.4000,3064.4000,3065.0000,3067.0000,3067.8000,3068.0000,1,2,1,3,1,2,4,1,1,1
SF,IH2006,2020-01-08 09:30:58.800,3064.4000,7663,0,53291460.000,1,0,1,多换,S,3063.2000,3063.0000,3062.6000,3062.2000,3061.4000,3063.6000,3064.4000,3065.0000,3067.0000,3067.8000,1,2,1,3,1,1,1,4,1,1
SF,IH2006,2020-01-08 09:30:59.300,3063.6000,7662,-1,54210540.000,1,0,1,双平,S,3064.0000,3063.2000,3063.0000,3062.6000,3062.2000,3065.0000,3067.0000,3067.8000,3068.0000,3070.4000,2,1,2,1,3,4,1,1,1,5
SF,IH2006,2020-01-08 09:30:59.800,3063.6000,7662,0,54210540.000,0,-,-,-,-,3063.2000,3063.0000,3062.6000,3062.2000,3061.4000,3064.6000,3064.8000,3065.0000,3067.0000,3067.8000,1,2,1,3,1,3,1,4,1,1
SF,IH2006,2020-01-08 09:31:00.300,3063.6000,7662,0,54210540.000,0,-,-,-,-,3063.0000,3062.6000,3062.2000,3061.4000,3061.2000,3064.4000,3064.6000,3065.0000,3067.0000,3067.8000,2,1,3,1,1,2,3,4,1,1
SF,IH2006,2020-01-08 09:31:00.800,3063.6000,7662,0,54210540.000,0,-,-,-,-,3063.0000,3062.6000,3062.2000,3062.0000,3061.4000,3064.4000,3064.6000,3065.0000,3067.0000,3067.8000,2,1,3,1,1,2,3,4,1,1
SF,IH2006,2020-01-08 09:31:01.800,3062.6000,7662,0,56967120.000,3,1,2,多换,S,3062.2000,3062.0000,3061.4000,3061.2000,3060.4000,3063.0000,3064.0000,3064.4000,3065.0000,3067.0000,3,1,1,1,1,1,3,2,4,1
SF,IH2006,2020-01-08 09:31:02.300,3062.6000,7662,0,56967120.000,0,-,-,-,-,3062.2000,3062.0000,3061.4000,3061.2000,3060.4000,3062.8000,3063.0000,3064.0000,3064.4000,3065.0000,3,1,1,1,1,1,2,3,1,4
SF,IH2006,2020-01-08 09:31:02.800,3062.2000,7661,-1,59723100.000,3,1,2,多平,S,3062.0000,3061.4000,3061.2000,3060.4000,3060.0000,3062.4000,3062.8000,3063.0000,3064.4000,3065.0000,1,1,1,1,5,3,1,2,1,4
SF,IH2006,2020-01-08 09:31:03.300,3062.0000,7660,-1,60641700.000,1,0,1,双平,S,3061.4000,3061.2000,3060.4000,3060.0000,3058.2000,3062.4000,3062.8000,3063.0000,3064.4000,3065.0000,1,1,1,5,2,3,1,2,1,4
SF,IH2006,2020-01-08 09:31:03.800,3062.0000,7660,0,60641700.000,0,-,-,-,-,3061.4000,3061.2000,3060.4000,3060.0000,3058.2000,3062.4000,3062.8000,3063.0000,3064.4000,3065.0000,1,1,1,5,2,3,1,2,1,4
SF,IH2006,2020-01-08 09:31:04.300,3062.0000,7660,0,60641700.000,0,-,-,-,-,3061.4000,3061.2000,3060.4000,3060.0000,3058.2000,3062.4000,3062.8000,3063.0000,3064.4000,3065.0000,1,1,1,5,2,3,1,2,1,4
SF,IH2006,2020-01-08 09:31:04.800,3062.0000,7660,0,60641700.000,0,-,-,-,-,3061.4000,3061.2000,3060.4000,3060.0000,3058.2000,3062.8000,3063.0000,3064.4000,3065.0000,3067.0000,1,1,1,5,2,1,2,1,4,1
SF,IH2006,2020-01-08 09:31:05.300,3061.4000,7659,-1,61560120.000,1,0,1,双平,S,3061.2000,3060.4000,3060.0000,3058.2000,3058.0000,3061.4000,3062.6000,3062.8000,3063.0000,3064.4000,1,1,5,2,1,5,4,2,2,1
SF,IH2006,2020-01-08 09:31:05.800,3061.2000,7659,0,62478480.000,1,0,1,多换,S,3060.4000,3060.0000,3058.2000,3058.0000,3056.0000,3061.4000,3062.6000,3062.8000,3063.0000,3065.0000,1,5,2,1,1,5,4,2,1,4
SF,IH2006,2020-01-08 09:31:06.300,3061.4000,7654,-5,67070580.000,5,0,5,双平,S,3061.6000,3061.4000,3060.6000,3060.4000,3060.0000,3062.6000,3062.8000,3063.0000,3065.0000,3067.0000,1,1,1,2,5,3,2,1,4,1
SF,IH2006,2020-01-08 09:31:06.800,3061.4000,7654,0,67070580.000,0,-,-,-,-,3061.4000,3060.6000,3060.4000,3060.0000,3058.2000,3062.4000,3062.6000,3062.8000,3063.0000,3065.0000,1,1,2,5,2,1,3,1,1,4
SF,IH2006,2020-01-08 09:31:07.300,3061.4000,7654,0,67070580.000,0,-,-,-,-,3060.6000,3060.4000,3060.0000,3058.2000,3058.0000,3062.4000,3062.6000,3062.8000,3063.0000,3065.0000,1,1,5,2,1,1,3,1,1,4
SF,IH2006,2020-01-08 09:31:07.800,3061.4000,7654,0,67070580.000,0,-,-,-,-,3060.8000,3060.6000,3060.4000,3060.0000,3058.2000,3062.4000,3062.6000,3062.8000,3063.0000,3065.0000,1,1,1,5,2,1,3,1,1,4
SF,IH2006,2020-01-08 09:31:08.300,3061.4000,7654,0,67070580.000,0,-,-,-,-,3060.8000,3060.6000,3060.4000,3060.0000,3058.2000,3062.4000,3062.6000,3062.8000,3063.0000,3065.0000,1,1,1,5,2,1,3,1,1,4
SF,IH2006,2020-01-08 09:31:08.800,3061.4000,7654,0,67070580.000,0,-,-,-,-,3061.0000,3060.4000,3060.0000,3058.2000,3058.0000,3062.2000,3062.4000,3062.6000,3062.8000,3063.0000,1,1,5,2,1,1,1,3,1,1
SF,IH2006,2020-01-08 09:31:09.300,3061.4000,7654,0,67070580.000,0,-,-,-,-,3060.4000,3060.0000,3058.2000,3058.0000,3056.0000,3062.0000,3062.2000,3062.6000,3062.8000,3063.0000,1,5,2,1,1,1,1,3,1,1
SF,IH2006,2020-01-08 09:31:09.800,3061.8000,7654,0,67989120.000,1,0,1,多换,S,3060.6000,3060.4000,3060.0000,3058.2000,3058.0000,3062.0000,3062.2000,3062.6000,3062.8000,3063.0000,1,1,5,2,1,1,1,3,1,1
SF,IH2006,2020-01-08 09:31:10.300,3061.8000,7654,0,67989120.000,0,-,-,-,-,3060.6000,3060.4000,3060.0000,3058.2000,3058.0000,3062.0000,3062.2000,3062.6000,3062.8000,3063.0000,1,1,5,2,1,1,1,3,1,2
SF,IH2006,2020-01-08 09:31:10.800,3061.8000,7654,0,67989120.000,0,-,-,-,-,3060.6000,3060.4000,3060.0000,3058.2000,3058.0000,3062.0000,3062.2000,3062.6000,3062.8000,3063.0000,1,1,5,2,1,1,1,3,1,2
SF,IH2006,2020-01-08 09:31:11.300,3061.8000,7654,0,67989120.000,0,-,-,-,-,3060.6000,3060.4000,3060.0000,3058.2000,3058.0000,3062.0000,3062.2000,3062.6000,3062.8000,3063.0000,1,1,5,2,1,2,1,3,1,2
SF,IH2006,2020-01-08 09:31:11.800,3061.8000,7654,0,67989120.000,0,-,-,-,-,3060.6000,3060.4000,3060.0000,3058.2000,3058.0000,3062.0000,3062.2000,3062.6000,3062.8000,3063.0000,1,1,5,2,1,2,1,3,1,2
SF,IH2006,2020-01-08 09:31:14.300,3061.8000,7654,0,67989120.000,0,-,-,-,-,3060.6000,3060.4000,3060.0000,3058.2000,3058.0000,3062.0000,3062.2000,3062.8000,3063.0000,3065.0000,1,1,5,2,1,1,1,1,2,3
SF,IH2006,2020-01-08 09:31:14.800,3061.8000,7654,0,67989120.000,0,-,-,-,-,3060.8000,3060.6000,3060.4000,3060.0000,3058.2000,3062.8000,3063.0000,3063.6000,3065.0000,3067.0000,1,1,1,5,2,1,2,1,3,1
SF,IH2006,2020-01-08 09:31:15.300,3061.8000,7654,0,67989120.000,0,-,-,-,-,3061.0000,3060.8000,3060.4000,3060.0000,3058.2000,3062.6000,3062.8000,3063.0000,3063.6000,3065.0000,1,1,1,5,2,4,1,2,1,3
SF,IH2006,2020-01-08 09:31:15.800,3061.0000,7651,-3,70744140.000,3,0,3,双平,S,3060.8000,3060.4000,3060.0000,3058.2000,3058.0000,3062.6000,3062.8000,3063.0000,3063.6000,3065.0000,1,1,5,2,1,4,1,2,1,3
SF,IH2006,2020-01-08 09:31:16.800,3061.0000,7651,0,70744140.000,0,-,-,-,-,3060.4000,3060.0000,3058.2000,3058.0000,3056.0000,3062.6000,3062.8000,3063.0000,3063.6000,3065.0000,1,5,2,1,1,1,1,2,1,3
SF,IH2006,2020-01-08 09:31:17.300,3061.0000,7651,0,70744140.000,0,-,-,-,-,3060.6000,3060.4000,3060.0000,3058.2000,3058.0000,3062.6000,3062.8000,3063.0000,3063.6000,3065.0000,2,1,5,2,1,1,1,2,1,3
SF,IH2006,2020-01-08 09:31:17.800,3061.0000,7651,0,70744140.000,0,-,-,-,-,3060.6000,3060.4000,3060.0000,3058.2000,3058.0000,3062.6000,3062.8000,3063.0000,3063.6000,3065.0000,1,1,5,2,1,1,1,2,1,3
SF,IH2006,2020-01-08 09:31:18.300,3061.0000,7651,0,70744140.000,0,-,-,-,-,3060.8000,3060.6000,3060.4000,3060.0000,3058.2000,3062.6000,3062.8000,3063.0000,3063.6000,3065.0000,1,1,1,5,2,1,1,2,1,3
SF,IH2006,2020-01-08 09:31:18.800,3061.0000,7651,0,70744140.000,0,-,-,-,-,3061.0000,3060.8000,3060.6000,3060.4000,3060.0000,3062.6000,3062.8000,3063.0000,3063.6000,3065.0000,1,1,1,1,5,1,1,2,1,3
SF,IH2006,2020-01-08 09:31:19.300,3061.0000,7651,0,70744140.000,0,-,-,-,-,3061.0000,3060.8000,3060.6000,3060.4000,3060.0000,3062.6000,3062.8000,3063.0000,3063.6000,3065.0000,1,1,1,1,5,1,1,2,1,3
SF,IH2006,2020-01-08 09:31:19.800,3061.0000,7651,0,70744140.000,0,-,-,-,-,3061.0000,3060.8000,3060.6000,3060.4000,3060.0000,3062.6000,3063.0000,3063.6000,3065.0000,3067.0000,1,1,1,1,5,1,2,1,3,1
SF,IH2006,2020-01-08 09:31:20.300,3061.0000,7651,0,70744140.000,0,-,-,-,-,3061.0000,3060.6000,3060.4000,3060.0000,3058.2000,3062.6000,3063.0000,3063.6000,3065.0000,3067.0000,1,1,1,5,2,1,2,1,3,1
SF,IH2006,2020-01-08 09:31:20.800,3061.0000,7651,0,70744140.000,0,-,-,-,-,3061.0000,3060.4000,3060.0000,3058.2000,3058.0000,3062.4000,3062.6000,3063.0000,3063.6000,3065.0000,1,1,5,2,1,1,1,2,1,3
SF,IH2006,2020-01-08 09:31:21.300,3061.0000,7651,0,70744140.000,0,-,-,-,-,3060.4000,3060.0000,3058.2000,3058.0000,3056.0000,3062.2000,3062.4000,3063.0000,3063.6000,3065.0000,1,5,2,1,1,1,1,2,1,3
SF,IH2006,2020-01-08 09:31:21.800,3061.0000,7651,0,70744140.000,0,-,-,-,-,3060.4000,3060.0000,3058.2000,3058.0000,3056.0000,3062.2000,3062.4000,3063.0000,3063.6000,3065.0000,1,5,2,1,1,1,1,2,1,3
SF,IH2006,2020-01-08 09:31:22.300,3061.0000,7651,0,70744140.000,0,-,-,-,-,3060.6000,3060.4000,3060.0000,3058.2000,3058.0000,3062.2000,3063.0000,3063.6000,3065.0000,3067.0000,1,1,5,2,1,1,2,1,3,1
SF,IH2006,2020-01-08 09:31:22.800,3061.0000,7651,0,70744140.000,0,-,-,-,-,3060.6000,3060.4000,3060.0000,3058.2000,3058.0000,3062.2000,3063.0000,3063.6000,3065.0000,3067.0000,1,1,5,2,1,1,2,1,3,1
SF,IH2006,2020-01-08 09:31:23.300,3061.0000,7651,0,70744140.000,0,-,-,-,-,3060.4000,3060.0000,3058.2000,3058.0000,3056.0000,3062.0000,3062.2000,3063.0000,3063.6000,3065.0000,1,5,2,1,1,1,1,2,1,3
SF,IH2006,2020-01-08 09:31:23.800,3061.0000,7651,0,70744140.000,0,-,-,-,-,3060.4000,3060.0000,3058.2000,3058.0000,3056.0000,3061.8000,3062.0000,3063.0000,3063.6000,3065.0000,1,5,2,1,1,1,1,2,1,3
SF,IH2006,2020-01-08 09:31:24.300,3061.0000,7651,0,70744140.000,0,-,-,-,-,3060.6000,3060.4000,3060.0000,3058.2000,3058.0000,3061.8000,3063.0000,3063.6000,3065.0000,3067.0000,1,1,5,2,1,1,2,1,3,1
SF,IH2006,2020-01-08 09:31:25.300,3061.0000,7651,0,70744140.000,0,-,-,-,-,3060.4000,3060.0000,3058.2000,3058.0000,3056.0000,3061.8000,3063.0000,3063.6000,3065.0000,3067.0000,1,5,2,1,1,1,2,1,3,1
SF,IH2006,2020-01-08 09:31:25.800,3061.0000,7651,0,70744140.000,0,-,-,-,-,3060.4000,3060.0000,3058.2000,3058.0000,3056.0000,3061.6000,3061.8000,3063.0000,3063.6000,3065.0000,1,5,2,1,1,1,1,2,1,3
SF,IH2006,2020-01-08 09:31:26.300,3061.0000,7651,0,70744140.000,0,-,-,-,-,3060.4000,3060.0000,3058.2000,3058.0000,3056.0000,3061.4000,3061.6000,3063.0000,3063.6000,3065.0000,1,5,2,1,1,1,1,2,1,3
SF,IH2006,2020-01-08 09:31:27.800,3061.0000,7651,0,70744140.000,0,-,-,-,-,3060.4000,3060.0000,3058.2000,3058.0000,3056.0000,3061.4000,3063.0000,3063.6000,3065.0000,3067.0000,1,5,2,1,1,1,2,1,3,1
SF,IH2006,2020-01-08 09:31:28.300,3061.0000,7651,0,70744140.000,0,-,-,-,-,3060.4000,3060.0000,3058.2000,3058.0000,3056.0000,3061.4000,3063.0000,3063.6000,3065.0000,3067.0000,1,5,2,1,1,1,2,1,3,1
SF,IH2006,2020-01-08 09:31:29.300,3061.4000,7650,-1,71662560.000,1,0,1,双平,S,3060.4000,3060.0000,3058.2000,3058.0000,3056.0000,3062.8000,3063.0000,3063.6000,3065.0000,3067.0000,1,5,2,1,1,1,2,1,3,1
SF,IH2006,2020-01-08 09:31:29.800,3061.4000,7650,0,71662560.000,0,-,-,-,-,3060.6000,3060.4000,3060.0000,3058.2000,3058.0000,3062.4000,3062.6000,3062.8000,3063.0000,3063.6000,1,1,5,2,1,4,2,2,2,1
SF,IH2006,2020-01-08 09:31:30.300,3061.4000,7650,0,71662560.000,0,-,-,-,-,3061.4000,3060.6000,3060.4000,3060.0000,3058.2000,3062.6000,3062.8000,3063.0000,3063.6000,3065.0000,1,1,1,5,2,2,2,2,1,3
SF,IH2006,2020-01-08 09:31:31.300,3061.4000,7650,0,71662560.000,0,-,-,-,-,3061.4000,3060.6000,3060.4000,3060.0000,3058.2000,3062.6000,3062.8000,3063.0000,3063.6000,3065.0000,1,1,1,5,2,1,2,2,1,3
SF,IH2006,2020-01-08 09:31:31.800,3061.4000,7650,0,71662560.000,0,-,-,-,-,3061.6000,3061.4000,3060.4000,3060.0000,3058.2000,3062.8000,3063.0000,3063.6000,3065.0000,3067.0000,1,1,1,5,2,2,2,1,3,1
SF,IH2006,2020-01-08 09:31:32.800,3061.4000,7650,0,71662560.000,0,-,-,-,-,3061.6000,3061.4000,3060.4000,3060.0000,3058.2000,3062.8000,3063.0000,3063.6000,3065.0000,3067.0000,2,1,1,5,2,1,2,1,3,1
SF,IH2006,2020-01-08 09:31:33.300,3061.4000,7650,0,71662560.000,0,-,-,-,-,3061.6000,3061.4000,3060.4000,3060.0000,3058.2000,3062.8000,3063.0000,3063.6000,3065.0000,3067.0000,2,1,1,5,2,1,2,1,3,1
SF,IH2006,2020-01-08 09:31:33.800,3061.4000,7650,0,71662560.000,0,-,-,-,-,3061.6000,3061.4000,3060.4000,3060.2000,3060.0000,3062.8000,3063.0000,3063.6000,3065.0000,3067.0000,2,5,1,1,5,1,2,1,3,1
SF,IH2006,2020-01-08 09:31:34.300,3061.6000,7648,-2,74418000.000,3,0,3,多平,S,3061.4000,3060.4000,3060.2000,3060.0000,3058.2000,3062.8000,3063.0000,3063.6000,3065.0000,3067.0000,5,1,1,5,2,1,2,1,3,1
SF,IH2006,2020-01-08 09:31:34.800,3061.6000,7648,0,75336480.000,1,0,1,多换,S,3061.4000,3060.4000,3060.2000,3060.0000,3058.2000,3062.6000,3062.8000,3063.0000,3063.6000,3065.0000,5,1,1,5,2,1,1,2,1,3
SF,IH2006,2020-01-08 09:31:35.300,3062.6000,7647,-1,76255260.000,1,0,1,双平,S,3062.6000,3061.4000,3060.4000,3060.2000,3060.0000,3062.8000,3063.0000,3063.6000,3065.0000,3067.0000,1,5,1,1,5,1,2,1,3,1
SF,IH2006,2020-01-08 09:31:35.800,3062.6000,7646,-1,77174040.000,1,0,1,双平,S,3061.4000,3060.4000,3060.2000,3060.0000,3058.2000,3062.8000,3063.0000,3063.6000,3065.0000,3067.0000,5,1,1,5,2,1,2,1,3,1
SF,IH2006,2020-01-08 09:31:36.300,3062.6000,7646,0,77174040.000,0,-,-,-,-,3061.6000,3061.4000,3060.4000,3060.2000,3060.0000,3062.8000,3063.0000,3063.6000,3065.0000,3067.0000,1,5,1,1,5,1,2,1,3,1
SF,IH2006,2020-01-08 09:31:37.800,3062.6000,7646,0,77174040.000,0,-,-,-,-,3062.0000,3061.6000,3061.4000,3060.4000,3060.2000,3062.8000,3063.0000,3063.6000,3065.0000,3067.0000,1,1,5,1,1,1,2,1,3,1
SF,IH2006,2020-01-08 09:31:38.300,3062.6000,7646,0,77174040.000,0,-,-,-,-,3062.0000,3061.6000,3061.4000,3060.4000,3060.2000,3062.8000,3063.0000,3063.6000,3065.0000,3067.0000,1,1,5,1,1,1,2,1,3,1
SF,IH2006,2020-01-08 09:31:38.800,3062.6000,7646,0,77174040.000,0,-,-,-,-,3062.0000,3061.4000,3060.4000,3060.2000,3060.0000,3062.6000,3062.8000,3063.0000,3063.6000,3065.0000,1,5,1,1,5,1,1,2,1,3
SF,IH2006,2020-01-08 09:31:39.800,3062.0000,7646,0,78092640.000,1,0,1,多换,S,3061.4000,3060.4000,3060.2000,3060.0000,3058.2000,3062.6000,3062.8000,3063.0000,3063.6000,3065.0000,5,1,1,5,2,1,1,2,1,3
SF,IH2006,2020-01-08 09:31:40.300,3062.0000,7646,0,78092640.000,0,-,-,-,-,3061.6000,3061.4000,3060.4000,3060.2000,3060.0000,3062.8000,3063.0000,3063.6000,3065.0000,3067.0000,1,5,1,1,5,1,2,1,3,1
SF,IH2006,2020-01-08 09:31:40.800,3062.0000,7646,0,78092640.000,0,-,-,-,-,3061.6000,3061.4000,3060.4000,3060.2000,3060.0000,3061.8000,3062.8000,3063.0000,3063.6000,3065.0000,1,5,1,1,5,20,1,2,1,3
SF,IH2006,2020-01-08 09:31:41.300,3061.8000,7639,-7,86359500.000,9,1,8,多平,S,3061.4000,3060.4000,3060.2000,3060.0000,3058.2000,3061.8000,3062.8000,3063.0000,3063.6000,3065.0000,5,1,1,5,2,12,1,2,1,3
SF,IH2006,2020-01-08 09:31:43.300,3061.8000,7634,-5,91870620.000,6,0,6,多平,S,3061.4000,3060.4000,3060.2000,3060.0000,3058.2000,3061.8000,3062.8000,3063.0000,3063.6000,3065.0000,4,1,1,5,2,7,1,2,1,3
SF,IH2006,2020-01-08 09:31:43.800,3061.8000,7631,-3,94626240.000,3,0,3,双平,S,3061.4000,3060.4000,3060.2000,3060.0000,3058.2000,3061.8000,3062.8000,3063.0000,3063.6000,3065.0000,4,1,1,5,2,4,1,2,1,3
SF,IH2006,2020-01-08 09:31:44.300,3061.8000,7630,-1,95544780.000,1,0,1,双平,S,3061.4000,3060.4000,3060.2000,3060.0000,3058.2000,3061.8000,3062.8000,3063.0000,3063.6000,3065.0000,4,1,1,5,2,3,1,2,1,3
SF,IH2006,2020-01-08 09:31:44.800,3061.8000,7630,0,95544780.000,0,-,-,-,-,3061.4000,3060.4000,3060.2000,3060.0000,3058.2000,3061.8000,3062.8000,3063.0000,3063.6000,3065.0000,4,1,1,5,2,3,1,2,1,3
SF,IH2006,2020-01-08 09:31:45.800,3061.4000,7630,0,98300040.000,3,1,2,多换,S,3061.4000,3060.4000,3060.2000,3060.0000,3058.2000,3061.8000,3062.8000,3063.0000,3063.6000,3065.0000,1,1,1,5,2,3,1,2,1,3
SF,IH2006,2020-01-08 09:31:46.300,3061.4000,7630,0,99218460.000,1,0,1,多换,S,3060.4000,3060.2000,3060.0000,3058.2000,3058.0000,3061.8000,3062.8000,3063.0000,3063.6000,3065.0000,1,1,5,2,1,3,1,2,1,3
SF,IH2006,2020-01-08 09:31:46.800,3061.4000,7630,0,99218460.000,0,-,-,-,-,3060.4000,3060.2000,3060.0000,3058.2000,3058.0000,3061.6000,3061.8000,3062.8000,3063.0000,3063.6000,1,1,5,2,1,1,3,1,2,1
SF,IH2006,2020-01-08 09:31:47.300,3061.4000,7630,0,99218460.000,0,-,-,-,-,3060.4000,3060.2000,3060.0000,3058.2000,3058.0000,3061.6000,3061.8000,3062.8000,3063.0000,3063.6000,1,1,5,2,1,1,3,1,2,1
SF,IH2006,2020-01-08 09:31:47.800,3061.6000,7629,-1,100136940.000,1,0,1,双平,S,3060.4000,3060.2000,3060.0000,3058.2000,3058.0000,3061.8000,3062.8000,3063.0000,3063.6000,3065.0000,1,1,5,2,1,3,1,2,1,3
SF,IH2006,2020-01-08 09:31:48.300,3061.6000,7629,0,100136940.000,0,-,-,-,-,3060.6000,3060.4000,3060.2000,3060.0000,3058.2000,3061.6000,3061.8000,3062.8000,3063.0000,3063.6000,1,1,1,5,2,2,3,1,2,1
SF,IH2006,2020-01-08 09:31:49.300,3061.6000,7629,0,100136940.000,0,-,-,-,-,3060.6000,3060.4000,3060.2000,3060.0000,3058.2000,3061.8000,3062.8000,3063.0000,3063.6000,3065.0000,1,2,1,5,2,3,1,2,1,3
SF,IH2006,2020-01-08 09:31:50.300,3061.8000,7629,0,102892560.000,3,1,2,多换,S,3061.8000,3060.8000,3060.6000,3060.4000,3060.2000,3062.8000,3063.0000,3063.6000,3065.0000,3067.0000,2,1,1,2,1,1,2,1,3,1
SF,IH2006,2020-01-08 09:31:50.800,3061.8000,7629,0,104729640.000,2,1,1,多换,S,3060.8000,3060.4000,3060.2000,3060.0000,3058.2000,3061.6000,3062.8000,3063.0000,3063.6000,3065.0000,1,2,1,5,2,1,3,2,1,3
SF,IH2006,2020-01-08 09:31:51.300,3061.8000,7629,0,104729640.000,0,-,-,-,-,3060.8000,3060.4000,3060.2000,3060.0000,3058.2000,3062.8000,3063.0000,3063.6000,3065.0000,3067.0000,1,2,1,5,2,3,2,1,3,1
SF,IH2006,2020-01-08 09:31:51.800,3061.8000,7629,0,104729640.000,0,-,-,-,-,3061.0000,3060.8000,3060.4000,3060.2000,3060.0000,3062.6000,3062.8000,3063.0000,3063.6000,3065.0000,1,1,2,1,5,1,2,2,1,3
SF,IH2006,2020-01-08 09:31:52.300,3061.8000,7629,0,104729640.000,0,-,-,-,-,3061.0000,3060.8000,3060.4000,3060.2000,3060.0000,3062.4000,3062.6000,3062.8000,3063.0000,3063.6000,1,1,2,1,5,1,1,2,2,1
SF,IH2006,2020-01-08 09:31:52.800,3061.8000,7629,0,104729640.000,0,-,-,-,-,3061.0000,3060.8000,3060.4000,3060.2000,3060.0000,3062.2000,3062.4000,3062.8000,3063.0000,3063.6000,1,1,2,1,5,1,1,2,2,1
SF,IH2006,2020-01-08 09:31:53.300,3061.8000,7629,0,104729640.000,0,-,-,-,-,3060.8000,3060.4000,3060.2000,3060.0000,3058.2000,3062.2000,3062.8000,3063.0000,3063.6000,3065.0000,1,2,1,5,2,1,2,2,1,3
SF,IH2006,2020-01-08 09:31:53.800,3062.0000,7629,0,105648240.000,1,0,1,多换,S,3060.8000,3060.4000,3060.2000,3060.0000,3058.2000,3062.2000,3062.8000,3063.0000,3063.6000,3065.0000,1,2,1,5,2,1,2,2,1,3
SF,IH2006,2020-01-08 09:31:54.300,3062.0000,7629,0,105648240.000,0,-,-,-,-,3061.0000,3060.8000,3060.4000,3060.2000,3060.0000,3062.2000,3062.8000,3063.0000,3063.6000,3065.0000,1,1,2,1,5,1,2,2,1,3
SF,IH2006,2020-01-08 09:31:55.800,3061.0000,7628,-1,106566540.000,1,0,1,双平,S,3060.8000,3060.4000,3060.2000,3060.0000,3058.2000,3062.2000,3062.8000,3063.0000,3063.6000,3065.0000,1,2,1,5,2,1,2,2,1,3
SF,IH2006,2020-01-08 09:31:56.300,3061.0000,7628,0,106566540.000,0,-,-,-,-,3060.8000,3060.4000,3060.2000,3060.0000,3058.2000,3062.0000,3062.2000,3062.8000,3063.0000,3063.6000,1,2,1,5,2,1,1,2,2,1
SF,IH2006,2020-01-08 09:31:56.800,3061.8000,7628,0,107485080.000,1,0,1,多换,S,3060.8000,3060.4000,3060.2000,3060.0000,3058.2000,3062.0000,3062.8000,3063.0000,3063.6000,3065.0000,1,2,1,5,2,1,2,2,1,3
SF,IH2006,2020-01-08 09:31:57.300,3061.8000,7628,0,107485080.000,0,-,-,-,-,3062.0000,3060.8000,3060.4000,3060.2000,3060.0000,3062.8000,3063.0000,3063.6000,3065.0000,3067.0000,1,1,2,1,5,2,2,1,3,1
SF,IH2006,2020-01-08 09:31:57.800,3061.8000,7628,0,108403620.000,1,0,1,多换,S,3060.8000,3060.4000,3060.2000,3060.0000,3058.2000,3061.8000,3062.0000,3062.6000,3062.8000,3063.0000,1,2,1,5,2,2,2,4,2,2
SF,IH2006,2020-01-08 09:31:58.300,3061.8000,7628,0,108403620.000,0,-,-,-,-,3061.0000,3060.8000,3060.4000,3060.2000,3060.0000,3062.0000,3062.8000,3063.0000,3063.6000,3065.0000,1,4,2,1,5,2,2,2,1,3
SF,IH2006,2020-01-08 09:31:58.800,3061.8000,7628,0,108403620.000,0,-,-,-,-,3061.0000,3060.8000,3060.4000,3060.2000,3060.0000,3062.8000,3063.0000,3063.6000,3065.0000,3067.0000,1,4,3,1,5,2,2,1,3,1
SF,IH2006,2020-01-08 09:31:59.300,3061.8000,7628,0,108403620.000,0,-,-,-,-,3061.2000,3061.0000,3060.8000,3060.4000,3060.2000,3062.6000,3062.8000,3063.0000,3063.6000,3065.0000,1,1,4,3,1,1,2,2,1,3
SF,IH2006,2020-01-08 09:32:00.800,3062.6000,7627,-1,109322400.000,1,0,1,双平,S,3061.2000,3061.0000,3060.8000,3060.4000,3060.2000,3062.8000,3063.0000,3063.6000,3065.0000,3067.0000,1,1,4,3,1,1,2,1,3,1
SF,IH2006,2020-01-08 09:32:01.300,3062.6000,7627,0,109322400.000,0,-,-,-,-,3061.4000,3061.2000,3060.8000,3060.4000,3060.2000,3062.8000,3063.0000,3063.6000,3065.0000,3067.0000,1,1,4,3,1,1,2,1,3,1
SF,IH2006,2020-01-08 09:32:01.800,3062.6000,7627,0,109322400.000,0,-,-,-,-,3061.6000,3061.4000,3061.2000,3060.8000,3060.4000,3062.8000,3063.0000,3063.6000,3065.0000,3067.0000,1,1,1,4,3,1,1,1,3,1
SF,IH2006,2020-01-08 09:32:02.300,3062.6000,7627,0,109322400.000,0,-,-,-,-,3061.8000,3061.6000,3061.2000,3060.8000,3060.4000,3062.8000,3063.0000,3063.6000,3065.0000,3067.0000,1,1,1,4,3,1,1,1,3,1
SF,IH2006,2020-01-08 09:32:03.300,3062.6000,7627,0,109322400.000,0,-,-,-,-,3061.8000,3061.6000,3061.2000,3060.8000,3060.4000,3062.8000,3063.0000,3063.6000,3065.0000,3067.0000,2,1,1,4,3,1,1,1,3,1
SF,IH2006,2020-01-08 09:32:05.800,3062.8000,7627,0,110241240.000,1,0,1,多换,S,3061.8000,3061.6000,3061.2000,3060.8000,3060.4000,3063.0000,3063.6000,3065.0000,3067.0000,3067.8000,2,1,1,4,3,1,1,3,1,1
SF,IH2006,2020-01-08 09:32:06.300,3063.0000,7626,-1,111160140.000,1,0,1,双平,S,3061.8000,3061.6000,3061.2000,3060.8000,3060.4000,3063.6000,3065.0000,3067.0000,3067.8000,3068.0000,1,1,1,4,3,1,3,1,1,1
SF,IH2006,2020-01-08 09:32:06.800,3063.0000,7626,0,111160140.000,0,-,-,-,-,3062.0000,3061.8000,3061.6000,3061.2000,3060.8000,3063.6000,3065.0000,3067.0000,3067.8000,3068.0000,1,1,1,1,4,1,3,1,1,1
SF,IH2006,2020-01-08 09:32:07.300,3063.0000,7626,0,111160140.000,0,-,-,-,-,3062.2000,3062.0000,3061.8000,3061.6000,3061.2000,3063.6000,3065.0000,3067.0000,3067.8000,3068.0000,1,1,1,1,1,1,3,1,1,1
SF,IH2006,2020-01-08 09:32:07.800,3063.0000,7626,0,111160140.000,0,-,-,-,-,3062.4000,3062.2000,3061.8000,3061.6000,3061.2000,3063.6000,3065.0000,3067.0000,3067.8000,3068.0000,1,1,1,1,1,1,3,1,1,1
SF,IH2006,2020-01-08 09:32:08.300,3063.0000,7626,0,111160140.000,0,-,-,-,-,3062.4000,3062.2000,3061.8000,3061.6000,3061.2000,3063.6000,3065.0000,3067.0000,3067.8000,3068.0000,2,1,1,1,1,1,3,1,1,1
SF,IH2006,2020-01-08 09:32:08.800,3063.0000,7626,0,111160140.000,0,-,-,-,-,3062.4000,3062.2000,3061.8000,3061.6000,3061.2000,3063.4000,3063.6000,3065.0000,3067.0000,3067.8000,1,1,1,1,1,1,1,3,1,1
SF,IH2006,2020-01-08 09:32:09.300,3063.6000,7626,0,112998240.000,2,1,1,多换,S,3063.6000,3062.4000,3062.2000,3061.8000,3061.6000,3065.0000,3067.0000,3067.8000,3068.0000,3070.4000,1,1,1,1,1,3,1,1,1,5
SF,IH2006,2020-01-08 09:32:09.800,3063.6000,7626,0,114836400.000,2,1,1,多换,S,3062.4000,3062.2000,3061.8000,3061.6000,3061.2000,3063.0000,3063.6000,3064.6000,3064.8000,3065.0000,1,1,1,1,1,1,2,4,2,4
SF,IH2006,2020-01-08 09:32:10.300,3063.6000,7626,0,114836400.000,0,-,-,-,-,3062.4000,3062.2000,3061.8000,3061.6000,3061.2000,3063.0000,3063.6000,3064.6000,3064.8000,3065.0000,1,1,1,1,1,1,2,4,2,4
SF,IH2006,2020-01-08 09:32:10.800,3063.6000,7626,0,114836400.000,0,-,-,-,-,3063.0000,3062.6000,3062.4000,3062.2000,3061.8000,3063.6000,3064.6000,3064.8000,3065.0000,3067.0000,1,1,1,1,1,2,4,1,4,1
SF,IH2006,2020-01-08 09:32:11.300,3063.6000,7624,-2,116674380.000,2,0,2,双平,S,3062.4000,3062.2000,3061.8000,3061.6000,3061.2000,3064.6000,3065.0000,3067.0000,3067.8000,3068.0000,1,1,1,1,1,1,4,1,1,1
SF,IH2006,2020-01-08 09:32:11.800,3063.6000,7624,0,116674380.000,0,-,-,-,-,3062.6000,3062.4000,3062.2000,3061.8000,3061.6000,3064.4000,3065.0000,3067.0000,3067.8000,3068.0000,1,1,1,1,1,1,4,1,1,1
SF,IH2006,2020-01-08 09:32:12.300,3063.6000,7624,0,116674380.000,0,-,-,-,-,3062.8000,3062.6000,3062.4000,3062.2000,3061.8000,3065.0000,3067.0000,3067.8000,3068.0000,3070.4000,1,1,1,1,1,3,1,1,1,5
SF,IH2006,2020-01-08 09:32:12.800,3063.0000,7623,-1,117593280.000,1,0,1,双平,S,3062.8000,3062.4000,3062.2000,3061.8000,3061.6000,3064.8000,3065.0000,3067.0000,3067.8000,3068.0000,1,1,1,1,1,1,3,1,1,1
SF,IH2006,2020-01-08 09:32:13.300,3063.0000,7623,0,117593280.000,0,-,-,-,-,3062.8000,3062.4000,3062.2000,3061.8000,3061.6000,3064.8000,3065.0000,3067.0000,3067.8000,3068.0000,1,1,1,1,1,2,3,1,1,1
SF,IH2006,2020-01-08 09:32:13.800,3063.6000,7623,0,118512360.000,1,0,1,多换,S,3062.8000,3062.4000,3062.2000,3061.8000,3061.6000,3064.8000,3065.0000,3067.0000,3067.8000,3068.0000,1,1,1,1,1,2,3,1,1,1
SF,IH2006,2020-01-08 09:32:14.300,3063.6000,7623,0,118512360.000,0,-,-,-,-,3063.0000,3062.8000,3062.4000,3062.2000,3062.0000,3064.8000,3065.0000,3067.0000,3067.8000,3068.0000,1,1,1,1,1,2,3,1,1,1
SF,IH2006,2020-01-08 09:32:14.800,3064.8000,7622,-1,119431800.000,1,0,1,双平,S,3063.2000,3063.0000,3062.8000,3062.4000,3062.2000,3064.8000,3065.0000,3067.0000,3067.8000,3068.0000,1,1,1,1,1,1,3,1,1,1
SF,IH2006,2020-01-08 09:32:15.300,3064.8000,7622,0,119431800.000,0,-,-,-,-,3063.4000,3063.2000,3062.8000,3062.4000,3062.2000,3065.0000,3067.0000,3067.8000,3068.0000,3070.4000,1,1,1,1,1,3,1,1,1,5
SF,IH2006,2020-01-08 09:32:15.800,3064.8000,7622,0,119431800.000,0,-,-,-,-,3063.6000,3063.4000,3063.2000,3062.8000,3062.4000,3064.8000,3065.0000,3067.0000,3067.8000,3068.0000,1,1,1,1,1,1,3,1,1,1
SF,IH2006,2020-01-08 09:32:16.300,3063.4000,7620,-2,121269900.000,2,0,2,双平,S,3063.2000,3062.4000,3062.2000,3062.0000,3061.8000,3064.8000,3065.0000,3067.0000,3067.8000,3068.0000,1,1,1,1,1,1,3,1,1,1
SF,IH2006,2020-01-08 09:32:16.800,3063.4000,7620,0,121269900.000,0,-,-,-,-,3063.2000,3062.4000,3062.2000,3062.0000,3060.8000,3064.6000,3064.8000,3065.0000,3067.0000,3067.8000,1,1,1,1,3,1,1,3,1,1
SF,IH2006,2020-01-08 09:32:17.300,3064.4000,7619,-1,123108180.000,2,0,2,多平,S,3062.4000,3062.0000,3060.8000,3060.4000,3060.2000,3064.4000,3064.6000,3065.0000,3067.0000,3067.8000,1,1,3,3,1,1,1,3,1,1
SF,IH2006,2020-01-08 09:32:17.800,3064.4000,7619,0,123108180.000,0,-,-,-,-,3062.0000,3060.8000,3060.4000,3060.2000,3060.0000,3064.2000,3064.4000,3064.6000,3065.0000,3067.0000,1,3,3,1,5,1,1,1,3,1
SF,IH2006,2020-01-08 09:32:18.300,3064.4000,7619,0,123108180.000,0,-,-,-,-,3062.0000,3060.8000,3060.4000,3060.2000,3060.0000,3064.0000,3064.2000,3065.0000,3067.0000,3067.8000,1,3,3,1,5,1,1,3,1,1
SF,IH2006,2020-01-08 09:32:18.800,3064.4000,7619,0,123108180.000,0,-,-,-,-,3062.2000,3062.0000,3060.8000,3060.4000,3060.2000,3064.0000,3065.0000,3067.0000,3067.8000,3068.0000,1,1,3,3,1,1,3,1,1,1
SF,IH2006,2020-01-08 09:32:20.300,3064.4000,7619,0,123108180.000,0,-,-,-,-,3062.2000,3062.0000,3060.8000,3060.4000,3060.2000,3064.0000,3065.0000,3067.0000,3067.8000,3068.0000,1,1,3,3,1,1,3,1,1,1
SF,IH2006,2020-01-08 09:32:20.800,3064.4000,7619,0,123108180.000,0,-,-,-,-,3062.4000,3062.0000,3060.8000,3060.4000,3060.2000,3064.0000,3065.0000,3067.0000,3067.8000,3068.0000,1,1,3,3,1,1,3,1,1,1
SF,IH2006,2020-01-08 09:32:22.300,3064.4000,7619,0,123108180.000,0,-,-,-,-,3062.4000,3062.0000,3060.8000,3060.4000,3060.2000,3063.8000,3064.0000,3065.0000,3067.0000,3067.8000,1,1,3,3,1,1,1,3,1,1
SF,IH2006,2020-01-08 09:32:22.800,3064.4000,7619,0,123108180.000,0,-,-,-,-,3062.4000,3062.0000,3060.8000,3060.4000,3060.2000,3063.6000,3063.8000,3065.0000,3067.0000,3067.8000,1,1,3,3,1,1,1,3,1,1
SF,IH2006,2020-01-08 09:32:23.300,3064.4000,7619,0,123108180.000,0,-,-,-,-,3062.4000,3062.0000,3060.8000,3060.4000,3060.2000,3063.6000,3065.0000,3067.0000,3067.8000,3068.0000,1,1,3,3,1,1,3,1,1,1
SF,IH2006,2020-01-08 09:32:23.800,3064.4000,7619,0,123108180.000,0,-,-,-,-,3062.4000,3062.0000,3060.8000,3060.4000,3060.2000,3063.6000,3065.0000,3067.0000,3067.8000,3068.0000,1,1,3,3,1,2,3,1,1,1
SF,IH2006,2020-01-08 09:32:24.300,3064.4000,7619,0,123108180.000,0,-,-,-,-,3062.4000,3062.0000,3060.8000,3060.4000,3060.2000,3063.6000,3065.0000,3067.0000,3067.8000,3068.0000,1,2,3,3,1,2,3,1,1,1
SF,IH2006,2020-01-08 09:32:24.800,3064.4000,7619,0,123108180.000,0,-,-,-,-,3062.4000,3062.0000,3060.8000,3060.4000,3060.2000,3063.6000,3065.0000,3067.0000,3067.8000,3068.0000,1,2,3,3,1,2,3,1,1,1
SF,IH2006,2020-01-08 09:32:25.300,3062.4000,7620,1,124026900.000,1,1,0,双开,S,3062.0000,3060.8000,3060.4000,3060.2000,3060.0000,3063.6000,3065.0000,3067.0000,3067.8000,3068.0000,2,3,3,1,5,1,3,1,1,1
SF,IH2006,2020-01-08 09:32:25.800,3062.4000,7620,0,124026900.000,0,-,-,-,-,3062.0000,3060.8000,3060.4000,3060.2000,3060.0000,3063.2000,3063.4000,3063.6000,3065.0000,3067.0000,2,3,3,1,5,1,1,2,3,1
SF,IH2006,2020-01-08 09:32:26.300,3062.4000,7620,0,124026900.000,0,-,-,-,-,3062.0000,3060.8000,3060.4000,3060.2000,3060.0000,3063.0000,3063.4000,3063.6000,3065.0000,3067.0000,2,3,3,1,5,1,1,1,3,1
SF,IH2006,2020-01-08 09:32:26.800,3062.4000,7620,0,124026900.000,0,-,-,-,-,3062.0000,3060.8000,3060.4000,3060.2000,3060.0000,3063.0000,3063.6000,3065.0000,3067.0000,3067.8000,2,3,3,1,5,1,1,3,1,1
SF,IH2006,2020-01-08 09:32:28.300,3063.0000,7619,-1,124945800.000,1,0,1,双平,S,3062.0000,3060.8000,3060.4000,3060.2000,3060.0000,3063.6000,3065.0000,3067.0000,3067.8000,3068.0000,2,3,3,1,5,1,3,1,1,1
SF,IH2006,2020-01-08 09:32:28.800,3063.0000,7619,0,124945800.000,0,-,-,-,-,3062.2000,3062.0000,3060.8000,3060.4000,3060.2000,3063.2000,3063.4000,3063.6000,3065.0000,3067.0000,1,2,3,3,1,1,2,1,3,1
SF,IH2006,2020-01-08 09:32:29.300,3063.0000,7619,0,124945800.000,0,-,-,-,-,3062.0000,3060.8000,3060.4000,3060.2000,3060.0000,3063.0000,3063.2000,3063.4000,3063.6000,3065.0000,2,3,3,1,5,1,1,1,1,3
SF,IH2006,2020-01-08 09:32:29.800,3063.0000,7619,0,124945800.000,0,-,-,-,-,3062.0000,3060.8000,3060.4000,3060.2000,3060.0000,3063.2000,3063.6000,3065.0000,3067.0000,3067.8000,2,3,3,1,5,1,1,3,1,1
SF,IH2006,2020-01-08 09:32:30.300,3063.0000,7619,0,124945800.000,0,-,-,-,-,3062.2000,3062.0000,3060.8000,3060.4000,3060.2000,3063.6000,3065.0000,3067.0000,3067.8000,3068.0000,1,2,3,3,1,1,3,1,1,1
SF,IH2006,2020-01-08 09:32:30.800,3063.0000,7619,0,124945800.000,0,-,-,-,-,3062.2000,3062.0000,3060.8000,3060.4000,3060.2000,3063.2000,3063.4000,3063.6000,3065.0000,3067.0000,1,2,3,3,1,1,1,1,3,1
SF,IH2006,2020-01-08 09:32:31.300,3063.0000,7619,0,124945800.000,0,-,-,-,-,3062.2000,3062.0000,3060.8000,3060.4000,3060.2000,3063.4000,3063.6000,3065.0000,3067.0000,3067.8000,1,2,3,2,1,1,1,3,1,1
SF,IH2006,2020-01-08 09:32:32.300,3062.2000,7619,0,125864460.000,1,0,1,多换,S,3062.0000,3060.8000,3060.4000,3060.2000,3060.0000,3063.4000,3063.6000,3065.0000,3067.0000,3067.8000,2,3,2,1,5,1,1,3,1,1
SF,IH2006,2020-01-08 09:32:32.800,3062.2000,7619,0,125864460.000,0,-,-,-,-,3062.0000,3060.8000,3060.4000,3060.2000,3060.0000,3063.2000,3063.4000,3063.6000,3065.0000,3067.0000,2,3,2,1,5,1,1,1,3,1
SF,IH2006,2020-01-08 09:32:33.300,3062.2000,7619,0,125864460.000,0,-,-,-,-,3062.0000,3060.8000,3060.4000,3060.2000,3060.0000,3063.0000,3063.2000,3063.6000,3065.0000,3067.0000,2,3,2,1,5,1,1,1,3,1
SF,IH2006,2020-01-08 09:32:33.800,3062.2000,7619,0,125864460.000,0,-,-,-,-,3062.0000,3060.8000,3060.4000,3060.2000,3060.0000,3063.0000,3063.6000,3065.0000,3067.0000,3067.8000,2,3,2,1,5,1,1,3,1,1
SF,IH2006,2020-01-08 09:32:35.800,3063.0000,7618,-1,126783360.000,1,0,1,双平,S,3062.0000,3060.8000,3060.4000,3060.2000,3060.0000,3063.6000,3065.0000,3067.0000,3067.8000,3068.0000,2,3,2,1,5,1,3,1,1,1
SF,IH2006,2020-01-08 09:32:36.300,3063.0000,7618,0,126783360.000,0,-,-,-,-,3062.2000,3062.0000,3060.8000,3060.4000,3060.2000,3065.0000,3067.0000,3067.8000,3068.0000,3070.4000,1,2,3,2,1,3,1,1,1,5
SF,IH2006,2020-01-08 09:32:36.800,3063.0000,7618,0,126783360.000,0,-,-,-,-,3062.2000,3062.0000,3060.8000,3060.4000,3060.2000,3064.6000,3064.8000,3065.0000,3067.0000,3067.8000,1,2,3,2,1,3,1,4,1,1
SF,IH2006,2020-01-08 09:32:37.300,3063.0000,7618,0,126783360.000,0,-,-,-,-,3062.2000,3062.0000,3060.8000,3060.4000,3060.2000,3064.4000,3064.6000,3065.0000,3067.0000,3067.8000,1,2,3,2,1,1,3,4,1,1
SF,IH2006,2020-01-08 09:32:37.800,3063.0000,7618,0,126783360.000,0,-,-,-,-,3062.2000,3062.0000,3060.8000,3060.4000,3060.2000,3064.2000,3064.4000,3065.0000,3067.0000,3067.8000,1,2,3,2,1,4,1,4,1,1
SF,IH2006,2020-01-08 09:32:38.300,3063.0000,7618,0,126783360.000,0,-,-,-,-,3062.2000,3062.0000,3060.8000,3060.4000,3060.2000,3064.0000,3064.2000,3065.0000,3067.0000,3067.8000,1,2,3,2,1,1,4,4,1,1
SF,IH2006,2020-01-08 09:32:39.300,3063.0000,7618,0,126783360.000,0,-,-,-,-,3062.2000,3062.0000,3060.8000,3060.4000,3060.2000,3064.0000,3064.2000,3065.0000,3067.0000,3067.8000,1,2,3,2,1,1,3,4,1,1
SF,IH2006,2020-01-08 09:32:39.800,3063.0000,7618,0,126783360.000,0,-,-,-,-,3062.2000,3062.0000,3060.8000,3060.4000,3060.2000,3064.0000,3064.2000,3065.0000,3067.0000,3067.8000,1,4,1,2,1,1,3,4,1,1
SF,IH2006,2020-01-08 09:32:40.300,3063.0000,7618,0,126783360.000,0,-,-,-,-,3062.2000,3062.0000,3060.8000,3060.4000,3060.2000,3065.0000,3067.0000,3067.8000,3068.0000,3070.4000,1,4,1,2,1,4,1,1,1,5
SF,IH2006,2020-01-08 09:32:40.800,3063.0000,7618,0,126783360.000,0,-,-,-,-,3062.2000,3062.0000,3060.8000,3060.4000,3060.2000,3064.8000,3065.0000,3067.0000,3067.8000,3068.0000,1,4,1,2,1,1,4,1,1,1
SF,IH2006,2020-01-08 09:32:41.300,3063.0000,7618,0,126783360.000,0,-,-,-,-,3062.2000,3062.0000,3060.8000,3060.4000,3060.2000,3064.6000,3064.8000,3065.0000,3067.0000,3067.8000,2,4,1,2,1,1,1,4,1,1
SF,IH2006,2020-01-08 09:32:41.800,3063.0000,7618,0,126783360.000,0,-,-,-,-,3062.2000,3062.0000,3060.8000,3060.4000,3060.2000,3064.4000,3064.6000,3065.0000,3067.0000,3067.8000,2,4,1,2,1,1,1,4,1,1
SF,IH2006,2020-01-08 09:32:42.300,3063.0000,7618,0,126783360.000,0,-,-,-,-,3062.2000,3062.0000,3060.8000,3060.4000,3060.2000,3064.4000,3065.0000,3067.0000,3067.8000,3068.0000,2,4,1,2,1,1,4,1,1,1
SF,IH2006,2020-01-08 09:32:42.800,3063.0000,7618,0,126783360.000,0,-,-,-,-,3062.2000,3062.0000,3060.8000,3060.4000,3060.2000,3064.4000,3065.0000,3067.0000,3067.8000,3068.0000,3,4,1,2,1,1,4,1,1,1
SF,IH2006,2020-01-08 09:32:44.300,3063.0000,7618,0,126783360.000,0,-,-,-,-,3062.2000,3062.0000,3060.8000,3060.4000,3060.2000,3064.0000,3064.4000,3065.0000,3067.0000,3067.8000,3,4,1,2,1,3,1,4,1,1
SF,IH2006,2020-01-08 09:32:44.800,3063.0000,7618,0,126783360.000,0,-,-,-,-,3062.2000,3062.0000,3060.8000,3060.4000,3060.2000,3063.8000,3065.0000,3067.0000,3067.8000,3068.0000,3,4,1,2,1,4,4,1,1,1
SF,IH2006,2020-01-08 09:32:46.300,3063.0000,7618,0,126783360.000,0,-,-,-,-,3062.2000,3062.0000,3060.8000,3060.4000,3060.2000,3063.8000,3065.0000,3067.0000,3067.8000,3068.0000,3,4,1,2,1,1,4,1,1,1
SF,IH2006,2020-01-08 09:32:46.800,3063.0000,7618,0,126783360.000,0,-,-,-,-,3062.2000,3062.0000,3060.8000,3060.4000,3060.2000,3065.0000,3067.0000,3067.8000,3068.0000,3070.4000,3,4,1,2,1,4,1,1,1,5
SF,IH2006,2020-01-08 09:32:47.300,3063.0000,7618,0,126783360.000,0,-,-,-,-,3062.2000,3062.0000,3060.8000,3060.4000,3060.2000,3064.6000,3064.8000,3065.0000,3067.0000,3067.8000,3,4,1,2,1,3,1,4,1,1
SF,IH2006,2020-01-08 09:32:47.800,3063.0000,7618,0,126783360.000,0,-,-,-,-,3062.2000,3062.0000,3060.8000,3060.4000,3060.2000,3064.4000,3065.0000,3067.0000,3067.8000,3068.0000,3,4,1,2,1,1,4,1,1,1
SF,IH2006,2020-01-08 09:32:48.300,3063.0000,7618,0,126783360.000,0,-,-,-,-,3062.2000,3062.0000,3060.8000,3060.4000,3060.2000,3064.4000,3065.0000,3067.0000,3067.8000,3068.0000,3,4,1,2,1,1,4,1,1,1
SF,IH2006,2020-01-08 09:32:48.800,3063.0000,7618,0,126783360.000,0,-,-,-,-,3062.6000,3062.2000,3062.0000,3060.8000,3060.4000,3064.4000,3065.0000,3067.0000,3067.8000,3068.0000,2,3,2,1,2,1,4,1,1,1
SF,IH2006,2020-01-08 09:32:49.300,3063.0000,7618,0,126783360.000,0,-,-,-,-,3062.8000,3062.6000,3062.2000,3062.0000,3060.8000,3064.4000,3065.0000,3067.0000,3067.8000,3068.0000,1,2,2,2,1,1,4,1,1,1
SF,IH2006,2020-01-08 09:32:50.300,3063.0000,7618,0,126783360.000,0,-,-,-,-,3062.8000,3062.6000,3062.2000,3062.0000,3060.8000,3064.4000,3065.0000,3067.0000,3067.8000,3068.0000,1,2,2,3,1,1,4,1,1,1
SF,IH2006,2020-01-08 09:32:52.300,3062.8000,7618,0,127702200.000,1,0,1,多换,S,3062.6000,3062.2000,3062.0000,3060.8000,3060.4000,3064.4000,3064.6000,3065.0000,3067.0000,3067.8000,2,2,3,1,2,1,1,4,1,1
SF,IH2006,2020-01-08 09:32:52.800,3064.4000,7617,-1,128621520.000,1,0,1,双平,S,3062.8000,3062.6000,3062.2000,3062.0000,3060.8000,3065.0000,3067.0000,3067.8000,3068.0000,3070.4000,1,2,2,3,1,4,1,1,1,5
SF,IH2006,2020-01-08 09:32:53.300,3064.4000,7617,0,128621520.000,0,-,-,-,-,3063.0000,3062.8000,3062.6000,3062.2000,3062.0000,3065.0000,3067.0000,3067.8000,3068.0000,3070.4000,7,2,2,2,3,3,1,1,1,5
SF,IH2006,2020-01-08 09:32:53.800,3064.4000,7617,0,128621520.000,0,-,-,-,-,3063.2000,3063.0000,3062.8000,3062.6000,3062.2000,3065.0000,3067.0000,3067.8000,3068.0000,3070.4000,1,7,1,2,2,3,1,1,1,5
SF,IH2006,2020-01-08 09:32:54.300,3064.4000,7617,0,128621520.000,0,-,-,-,-,3063.2000,3062.8000,3062.6000,3062.2000,3062.0000,3064.8000,3065.0000,3067.0000,3067.8000,3068.0000,1,1,2,2,3,1,3,1,1,1
SF,IH2006,2020-01-08 09:32:54.800,3064.4000,7617,0,128621520.000,0,-,-,-,-,3063.2000,3062.8000,3062.6000,3062.2000,3062.0000,3064.6000,3064.8000,3065.0000,3067.0000,3067.8000,1,1,2,2,3,1,1,3,1,1
SF,IH2006,2020-01-08 09:32:55.300,3064.4000,7617,0,128621520.000,0,-,-,-,-,3063.2000,3062.6000,3062.2000,3062.0000,3060.8000,3064.4000,3064.6000,3065.0000,3067.0000,3067.8000,1,2,2,3,1,1,1,3,1,1
SF,IH2006,2020-01-08 09:32:55.800,3064.4000,7617,0,128621520.000,0,-,-,-,-,3062.6000,3062.2000,3062.0000,3060.8000,3060.4000,3064.4000,3064.6000,3065.0000,3067.0000,3067.8000,2,2,3,1,2,1,1,3,1,1
SF,IH2006,2020-01-08 09:32:56.300,3064.4000,7617,0,128621520.000,0,-,-,-,-,3062.8000,3062.6000,3062.2000,3062.0000,3060.8000,3064.2000,3064.4000,3065.0000,3067.0000,3067.8000,1,2,2,3,1,1,1,3,1,1
SF,IH2006,2020-01-08 09:32:57.300,3064.4000,7617,0,128621520.000,0,-,-,-,-,3064.2000,3062.8000,3062.6000,3062.2000,3062.0000,3064.4000,3065.0000,3067.0000,3067.8000,3068.0000,1,1,2,2,3,1,3,1,1,1
SF,IH2006,2020-01-08 09:32:57.800,3064.2000,7617,0,129540780.000,1,0,1,多换,S,3062.8000,3062.6000,3062.2000,3062.0000,3060.8000,3063.6000,3063.8000,3064.4000,3065.0000,3067.0000,1,2,2,3,1,2,2,1,3,1
SF,IH2006,2020-01-08 09:32:58.300,3063.6000,7615,-2,131378940.000,2,0,2,双平,S,3062.8000,3062.6000,3062.2000,3062.0000,3060.8000,3063.8000,3064.4000,3065.0000,3067.0000,3067.8000,1,2,2,3,1,2,1,3,1,1
SF,IH2006,2020-01-08 09:32:59.800,3063.6000,7615,0,131378940.000,0,-,-,-,-,3062.8000,3062.6000,3062.2000,3062.0000,3060.8000,3063.8000,3064.4000,3065.0000,3067.0000,3067.8000,1,2,2,4,1,2,1,3,1,1
SF,IH2006,2020-01-08 09:33:00.300,3063.6000,7615,0,131378940.000,0,-,-,-,-,3062.6000,3062.2000,3062.0000,3060.8000,3060.4000,3063.8000,3064.4000,3065.0000,3067.0000,3067.8000,2,2,5,1,2,2,1,3,1,1
SF,IH2006,2020-01-08 09:33:01.800,3062.6000,7613,-2,133216500.000,2,0,2,双平,S,3062.2000,3062.0000,3060.8000,3060.4000,3060.2000,3063.8000,3064.4000,3065.0000,3067.0000,3067.8000,2,5,1,2,1,2,1,3,1,1
SF,IH2006,2020-01-08 09:33:02.300,3062.6000,7613,0,133216500.000,0,-,-,-,-,3062.2000,3062.0000,3060.8000,3060.4000,3060.2000,3063.6000,3063.8000,3065.0000,3067.0000,3067.8000,2,5,1,2,1,3,3,3,1,1
SF,IH2006,2020-01-08 09:33:02.800,3062.6000,7613,0,133216500.000,0,-,-,-,-,3062.2000,3062.0000,3060.8000,3060.4000,3060.2000,3063.6000,3063.8000,3065.0000,3067.0000,3067.8000,2,5,1,2,1,3,3,3,1,1
SF,IH2006,2020-01-08 09:33:03.300,3062.6000,7613,0,133216500.000,0,-,-,-,-,3062.2000,3062.0000,3060.8000,3060.4000,3060.2000,3063.6000,3063.8000,3065.0000,3067.0000,3067.8000,2,5,1,2,1,1,3,3,1,1
SF,IH2006,2020-01-08 09:33:04.300,3062.6000,7613,0,133216500.000,0,-,-,-,-,3062.2000,3062.0000,3060.8000,3060.4000,3060.2000,3063.2000,3063.6000,3063.8000,3065.0000,3067.0000,2,5,1,2,1,1,1,3,3,1
SF,IH2006,2020-01-08 09:33:04.800,3062.6000,7613,0,133216500.000,0,-,-,-,-,3062.2000,3062.0000,3060.8000,3060.4000,3060.2000,3063.6000,3063.8000,3065.0000,3067.0000,3067.8000,2,5,1,2,1,1,3,3,1,1
SF,IH2006,2020-01-08 09:33:05.800,3062.6000,7613,0,133216500.000,0,-,-,-,-,3062.2000,3062.0000,3060.8000,3060.4000,3060.2000,3063.6000,3063.8000,3065.0000,3067.0000,3067.8000,2,5,1,2,1,1,2,3,1,1
SF,IH2006,2020-01-08 09:33:06.300,3062.6000,7613,0,133216500.000,0,-,-,-,-,3062.4000,3062.2000,3062.0000,3060.8000,3060.4000,3063.6000,3063.8000,3065.0000,3067.0000,3067.8000,1,2,5,1,2,1,2,3,1,1
SF,IH2006,2020-01-08 09:33:06.800,3062.6000,7613,0,133216500.000,0,-,-,-,-,3062.4000,3062.2000,3062.0000,3060.8000,3060.4000,3063.6000,3063.8000,3065.0000,3067.0000,3067.8000,1,2,5,1,2,1,2,3,1,1
SF,IH2006,2020-01-08 09:33:08.800,3062.6000,7613,0,133216500.000,0,-,-,-,-,3062.4000,3062.2000,3062.0000,3061.0000,3060.8000,3063.6000,3063.8000,3065.0000,3067.0000,3067.8000,1,2,5,1,1,1,2,3,1,1
SF,IH2006,2020-01-08 09:33:12.300,3062.4000,7612,-1,134135220.000,1,0,1,双平,S,3062.2000,3062.0000,3061.0000,3060.8000,3060.4000,3063.6000,3063.8000,3065.0000,3067.0000,3067.8000,2,5,1,1,2,1,2,3,1,1
SF,IH2006,2020-01-08 09:33:13.800,3063.6000,7611,-1,135054300.000,1,0,1,双平,S,3062.2000,3062.0000,3061.0000,3060.8000,3060.4000,3063.8000,3065.0000,3067.0000,3067.8000,3068.0000,2,5,1,1,2,2,3,1,1,1
SF,IH2006,2020-01-08 09:33:14.300,3063.6000,7611,0,135054300.000,0,-,-,-,-,3062.8000,3062.4000,3062.2000,3062.0000,3061.0000,3063.6000,3065.0000,3067.0000,3067.8000,3068.0000,1,1,2,5,1,1,3,1,1,1
SF,IH2006,2020-01-08 09:33:14.800,3063.6000,7610,-1,135973380.000,1,0,1,双平,S,3062.8000,3062.4000,3062.2000,3062.0000,3061.0000,3065.0000,3067.0000,3067.8000,3068.0000,3070.4000,1,1,2,5,1,3,1,1,1,5
SF,IH2006,2020-01-08 09:33:15.300,3063.6000,7610,0,135973380.000,0,-,-,-,-,3063.0000,3062.8000,3062.2000,3062.0000,3061.0000,3064.8000,3065.0000,3067.0000,3067.8000,3068.0000,1,1,2,5,1,1,4,1,1,1
SF,IH2006,2020-01-08 09:33:15.800,3063.6000,7610,0,135973380.000,0,-,-,-,-,3063.0000,3062.2000,3062.0000,3061.0000,3060.8000,3065.0000,3067.0000,3067.8000,3068.0000,3070.4000,1,2,5,1,1,4,1,1,1,5
SF,IH2006,2020-01-08 09:33:16.300,3063.6000,7610,0,135973380.000,0,-,-,-,-,3063.8000,3063.0000,3062.2000,3062.0000,3061.0000,3064.8000,3065.0000,3067.0000,3067.8000,3068.0000,1,1,2,5,1,1,4,1,1,1
SF,IH2006,2020-01-08 09:33:16.800,3063.6000,7610,0,135973380.000,0,-,-,-,-,3063.8000,3063.0000,3062.2000,3062.0000,3061.0000,3064.8000,3065.0000,3067.0000,3067.8000,3068.0000,1,1,2,5,1,1,4,1,1,1
SF,IH2006,2020-01-08 09:33:17.300,3063.8000,7610,0,136892520.000,1,0,1,多换,S,3063.0000,3062.2000,3062.0000,3061.0000,3060.8000,3063.8000,3064.8000,3065.0000,3067.0000,3067.8000,1,2,5,1,1,1,1,4,1,1
SF,IH2006,2020-01-08 09:33:17.800,3063.8000,7610,0,136892520.000,0,-,-,-,-,3063.0000,3062.2000,3062.0000,3061.0000,3060.8000,3065.0000,3067.0000,3067.8000,3068.0000,3070.4000,1,2,5,1,1,4,1,1,1,5
SF,IH2006,2020-01-08 09:33:18.300,3063.8000,7610,0,136892520.000,0,-,-,-,-,3063.0000,3062.2000,3062.0000,3061.0000,3060.8000,3064.8000,3065.0000,3067.0000,3067.8000,3068.0000,1,2,5,1,1,3,4,1,1,1
SF,IH2006,2020-01-08 09:33:19.300,3063.8000,7610,0,136892520.000,0,-,-,-,-,3063.0000,3062.2000,3062.0000,3061.0000,3060.8000,3064.8000,3065.0000,3067.0000,3067.8000,3068.0000,1,2,5,1,1,1,4,1,1,1
SF,IH2006,2020-01-08 09:33:20.300,3064.8000,7610,0,138731160.000,2,1,1,多换,S,3063.0000,3062.2000,3062.0000,3061.0000,3060.8000,3065.0000,3067.0000,3067.8000,3068.0000,3070.4000,1,2,5,1,1,4,1,1,1,5
SF,IH2006,2020-01-08 09:33:20.800,3064.8000,7610,0,138731160.000,0,-,-,-,-,3064.8000,3063.0000,3062.2000,3062.0000,3061.0000,3065.0000,3067.0000,3067.8000,3068.0000,3070.4000,6,1,2,5,1,4,1,1,1,5
SF,IH2006,2020-01-08 09:33:21.300,3064.8000,7610,0,144247800.000,6,3,3,多换,S,3063.0000,3062.2000,3062.0000,3061.0000,3060.8000,3064.4000,3064.8000,3065.0000,3067.0000,3067.8000,1,2,5,1,1,2,1,4,1,1
SF,IH2006,2020-01-08 09:33:21.800,3064.8000,7610,0,144247800.000,0,-,-,-,-,3063.0000,3062.2000,3062.0000,3061.0000,3060.8000,3064.4000,3064.8000,3065.0000,3067.0000,3067.8000,1,2,5,1,1,2,1,4,1,1
SF,IH2006,2020-01-08 09:33:22.300,3064.8000,7610,0,144247800.000,0,-,-,-,-,3063.0000,3062.2000,3062.0000,3061.0000,3060.8000,3064.4000,3064.8000,3065.0000,3067.0000,3067.8000,1,2,5,1,1,2,1,4,1,1
SF,IH2006,2020-01-08 09:33:22.800,3064.8000,7610,0,144247800.000,0,-,-,-,-,3063.0000,3062.2000,3062.0000,3061.0000,3060.8000,3064.4000,3065.0000,3067.0000,3067.8000,3068.0000,1,2,5,1,1,2,4,1,1,1
SF,IH2006,2020-01-08 09:33:23.300,3064.8000,7610,0,144247800.000,0,-,-,-,-,3063.2000,3063.0000,3062.2000,3062.0000,3061.0000,3064.2000,3064.4000,3065.0000,3067.0000,3067.8000,2,1,2,5,1,1,2,4,1,1
SF,IH2006,2020-01-08 09:33:23.800,3064.8000,7610,0,144247800.000,0,-,-,-,-,3063.4000,3062.2000,3062.0000,3061.0000,3060.8000,3064.2000,3064.4000,3065.0000,3067.0000,3067.8000,1,2,5,1,1,1,2,4,1,1
SF,IH2006,2020-01-08 09:33:24.300,3064.8000,7610,0,144247800.000,0,-,-,-,-,3063.4000,3062.2000,3062.0000,3061.0000,3060.8000,3064.4000,3065.0000,3067.0000,3067.8000,3068.0000,1,2,5,1,1,2,4,1,1,1
SF,IH2006,2020-01-08 09:33:25.300,3064.8000,7610,0,144247800.000,0,-,-,-,-,3064.2000,3063.4000,3062.2000,3062.0000,3061.0000,3064.4000,3065.0000,3067.0000,3067.8000,3068.0000,1,1,2,5,1,2,4,1,1,1
SF,IH2006,2020-01-08 09:33:25.800,3064.2000,7610,0,145167060.000,1,0,1,多换,S,3063.4000,3062.2000,3062.0000,3061.0000,3060.8000,3063.8000,3064.0000,3064.6000,3064.8000,3065.0000,1,2,5,1,1,2,1,1,1,4
SF,IH2006,2020-01-08 09:33:26.300,3063.4000,7609,-1,146086080.000,1,0,1,双平,S,3062.2000,3062.0000,3061.0000,3060.8000,3060.4000,3064.0000,3064.8000,3065.0000,3067.0000,3067.8000,2,5,1,1,2,1,1,4,1,1
SF,IH2006,2020-01-08 09:33:26.800,3063.4000,7609,0,146086080.000,0,-,-,-,-,3062.4000,3062.2000,3062.0000,3061.0000,3060.8000,3064.8000,3065.0000,3067.0000,3067.8000,3068.0000,3,3,5,1,1,1,4,1,1,1
SF,IH2006,2020-01-08 09:33:27.300,3063.4000,7609,0,146086080.000,0,-,-,-,-,3062.6000,3062.4000,3062.2000,3062.0000,3061.0000,3064.6000,3064.8000,3065.0000,3067.0000,3067.8000,2,1,3,5,1,1,1,4,1,1
SF,IH2006,2020-01-08 09:33:27.800,3063.4000,7609,0,146086080.000,0,-,-,-,-,3062.8000,3062.2000,3062.0000,3061.0000,3060.8000,3064.8000,3065.0000,3067.0000,3067.8000,3068.0000,3,3,5,1,1,1,4,1,1,1
SF,IH2006,2020-01-08 09:33:28.300,3063.4000,7609,0,146086080.000,0,-,-,-,-,3062.8000,3062.2000,3062.0000,3061.0000,3060.8000,3064.0000,3064.4000,3064.6000,3064.8000,3065.0000,3,3,5,1,1,1,3,1,1,4
SF,IH2006,2020-01-08 09:33:29.300,3063.4000,7609,0,146086080.000,0,-,-,-,-,3062.8000,3062.2000,3062.0000,3061.0000,3060.8000,3064.0000,3064.4000,3064.6000,3064.8000,3065.0000,1,3,5,1,1,1,3,1,1,4
SF,IH2006,2020-01-08 09:33:29.800,3063.4000,7609,0,146086080.000,0,-,-,-,-,3063.0000,3062.8000,3062.2000,3062.0000,3061.0000,3064.0000,3064.4000,3064.6000,3064.8000,3065.0000,1,1,3,5,1,1,3,1,1,4
SF,IH2006,2020-01-08 09:33:30.300,3063.4000,7609,0,146086080.000,0,-,-,-,-,3063.2000,3063.0000,3062.2000,3062.0000,3061.0000,3064.0000,3064.4000,3064.6000,3064.8000,3065.0000,1,1,3,5,1,1,3,1,1,4
SF,IH2006,2020-01-08 09:33:30.800,3063.0000,7608,-1,147923940.000,2,0,2,多平,S,3062.2000,3062.0000,3061.0000,3060.8000,3060.4000,3063.2000,3064.0000,3064.4000,3064.6000,3064.8000,3,5,1,1,2,1,1,3,1,1
SF,IH2006,2020-01-08 09:33:31.300,3063.0000,7608,0,147923940.000,0,-,-,-,-,3062.4000,3062.2000,3062.0000,3061.8000,3061.0000,3064.0000,3064.4000,3064.6000,3064.8000,3065.0000,3,3,5,1,1,1,3,1,1,4
SF,IH2006,2020-01-08 09:33:31.800,3063.0000,7608,0,147923940.000,0,-,-,-,-,3062.4000,3062.2000,3062.0000,3061.8000,3061.0000,3063.8000,3064.0000,3064.4000,3064.8000,3065.0000,3,3,5,1,1,1,1,3,1,4
SF,IH2006,2020-01-08 09:33:32.800,3063.0000,7608,0,147923940.000,0,-,-,-,-,3062.4000,3062.2000,3062.0000,3061.8000,3061.0000,3063.8000,3064.0000,3064.4000,3064.8000,3065.0000,3,3,6,1,1,1,1,3,1,4
SF,IH2006,2020-01-08 09:33:34.300,3063.0000,7608,0,147923940.000,0,-,-,-,-,3062.4000,3062.2000,3062.0000,3061.8000,3061.0000,3063.8000,3064.0000,3064.4000,3064.8000,3065.0000,1,3,6,1,1,2,1,3,1,4
SF,IH2006,2020-01-08 09:33:35.300,3063.0000,7608,0,147923940.000,0,-,-,-,-,3062.4000,3062.2000,3062.0000,3061.8000,3061.0000,3063.8000,3064.0000,3064.4000,3064.8000,3065.0000,2,3,6,1,1,2,1,3,1,4
SF,IH2006,2020-01-08 09:33:35.800,3063.8000,7608,0,148843080.000,1,0,1,多换,S,3062.4000,3062.2000,3062.0000,3061.8000,3061.0000,3063.8000,3064.0000,3064.4000,3064.8000,3065.0000,2,3,6,1,1,1,1,3,1,4
SF,IH2006,2020-01-08 09:33:37.300,3063.8000,7608,0,148843080.000,0,-,-,-,-,3063.0000,3062.4000,3062.2000,3062.0000,3061.8000,3063.8000,3064.0000,3064.4000,3064.8000,3065.0000,1,2,3,6,1,1,1,3,1,4
SF,IH2006,2020-01-08 09:33:37.800,3063.8000,7608,0,148843080.000,0,-,-,-,-,3063.2000,3063.0000,3062.4000,3062.2000,3062.0000,3063.8000,3064.0000,3064.4000,3064.8000,3065.0000,1,1,1,3,6,1,1,3,1,4
SF,IH2006,2020-01-08 09:33:38.300,3063.2000,7607,-1,149762040.000,1,0,1,双平,S,3063.0000,3062.4000,3062.2000,3062.0000,3061.8000,3063.8000,3064.0000,3064.4000,3064.8000,3065.0000,1,1,3,6,1,1,1,3,1,4
SF,IH2006,2020-01-08 09:33:38.800,3063.2000,7607,0,149762040.000,0,-,-,-,-,3063.0000,3062.4000,3062.2000,3062.0000,3061.8000,3063.8000,3064.0000,3064.4000,3064.8000,3065.0000,1,1,3,6,1,1,1,3,1,4
SF,IH2006,2020-01-08 09:33:39.300,3063.0000,7607,0,150680940.000,1,0,1,多换,S,3062.4000,3062.2000,3062.0000,3061.8000,3061.0000,3063.2000,3063.6000,3063.8000,3064.0000,3064.4000,1,2,6,1,1,1,1,1,1,3
SF,IH2006,2020-01-08 09:33:40.300,3063.0000,7607,0,150680940.000,0,-,-,-,-,3062.4000,3062.2000,3062.0000,3061.8000,3061.0000,3063.6000,3063.8000,3064.0000,3064.4000,3064.8000,1,2,6,1,1,1,1,1,3,1
SF,IH2006,2020-01-08 09:33:40.800,3063.0000,7607,0,150680940.000,0,-,-,-,-,3062.4000,3062.2000,3062.0000,3061.8000,3061.0000,3063.6000,3063.8000,3064.4000,3064.8000,3065.0000,1,2,6,1,1,1,1,3,1,4
SF,IH2006,2020-01-08 09:33:43.300,3062.4000,7608,1,151599660.000,1,1,0,双开,S,3062.2000,3062.0000,3061.8000,3061.0000,3060.8000,3063.6000,3063.8000,3064.4000,3064.8000,3065.0000,2,6,1,1,1,1,1,3,1,4
SF,IH2006,2020-01-08 09:33:43.800,3062.4000,7608,0,151599660.000,0,-,-,-,-,3062.4000,3062.2000,3062.0000,3061.8000,3061.0000,3063.4000,3063.6000,3063.8000,3064.4000,3064.8000,1,2,6,1,1,1,1,1,3,1
SF,IH2006,2020-01-08 09:33:44.300,3062.4000,7608,0,151599660.000,0,-,-,-,-,3062.6000,3062.4000,3062.2000,3062.0000,3061.8000,3063.4000,3063.6000,3063.8000,3064.4000,3064.8000,1,1,2,6,1,1,1,1,3,1
SF,IH2006,2020-01-08 09:33:44.800,3062.4000,7608,0,151599660.000,0,-,-,-,-,3063.6000,3062.6000,3062.4000,3062.2000,3062.0000,3063.8000,3064.4000,3064.8000,3065.0000,3067.0000,2,1,1,2,6,1,3,1,4,1
SF,IH2006,2020-01-08 09:33:45.300,3063.6000,7608,0,153437820.000,2,1,1,多换,S,3062.6000,3062.4000,3062.2000,3062.0000,3061.8000,3063.0000,3063.6000,3063.8000,3064.4000,3064.8000,1,1,2,6,1,1,1,1,3,1
SF,IH2006,2020-01-08 09:33:45.800,3063.2000,7607,-1,154356780.000,1,0,1,双平,S,3063.2000,3062.6000,3062.4000,3062.2000,3062.0000,3063.8000,3064.4000,3064.8000,3065.0000,3067.0000,1,1,1,2,6,1,3,1,4,1
SF,IH2006,2020-01-08 09:33:46.300,3063.2000,7606,-1,155275740.000,1,0,1,双平,S,3062.6000,3062.4000,3062.2000,3062.0000,3061.8000,3063.0000,3063.8000,3064.4000,3064.8000,3065.0000,1,1,2,6,1,2,1,3,1,4
SF,IH2006,2020-01-08 09:33:46.800,3063.2000,7606,0,155275740.000,0,-,-,-,-,3063.0000,3062.6000,3062.4000,3062.2000,3062.0000,3063.8000,3064.4000,3064.8000,3065.0000,3067.0000,1,1,1,2,6,1,3,1,4,1
SF,IH2006,2020-01-08 09:33:47.300,3063.2000,7606,0,155275740.000,0,-,-,-,-,3062.6000,3062.4000,3062.2000,3062.0000,3061.8000,3063.8000,3064.8000,3065.0000,3067.0000,3067.8000,1,1,2,6,1,1,1,4,1,1
SF,IH2006,2020-01-08 09:33:47.800,3063.2000,7606,0,155275740.000,0,-,-,-,-,3062.6000,3062.4000,3062.2000,3062.0000,3061.8000,3063.8000,3064.8000,3065.0000,3067.0000,3067.8000,1,1,2,6,1,1,1,4,1,1
SF,IH2006,2020-01-08 09:33:48.800,3063.2000,7606,0,155275740.000,0,-,-,-,-,3062.6000,3062.4000,3062.2000,3062.0000,3061.8000,3063.8000,3064.6000,3064.8000,3065.0000,3067.0000,1,1,2,6,1,1,1,1,4,1
SF,IH2006,2020-01-08 09:33:49.800,3063.2000,7606,0,155275740.000,0,-,-,-,-,3062.6000,3062.4000,3062.2000,3062.0000,3061.8000,3063.6000,3063.8000,3064.6000,3064.8000,3065.0000,1,1,2,6,1,1,1,1,1,4
SF,IH2006,2020-01-08 09:33:50.300,3063.2000,7606,0,155275740.000,0,-,-,-,-,3062.6000,3062.4000,3062.2000,3062.0000,3061.8000,3063.6000,3063.8000,3064.6000,3064.8000,3065.0000,1,1,2,6,1,1,1,1,1,4
SF,IH2006,2020-01-08 09:33:50.800,3063.2000,7606,0,155275740.000,0,-,-,-,-,3062.6000,3062.4000,3062.2000,3062.0000,3061.8000,3063.6000,3063.8000,3064.6000,3064.8000,3065.0000,1,1,2,6,1,2,1,1,1,4
SF,IH2006,2020-01-08 09:33:51.800,3062.6000,7606,0,156194520.000,1,0,1,多换,S,3062.4000,3062.2000,3062.0000,3061.8000,3061.0000,3062.6000,3063.6000,3063.8000,3064.6000,3064.8000,1,2,6,1,1,1,2,1,1,1
SF,IH2006,2020-01-08 09:33:52.300,3062.6000,7606,0,157113300.000,1,0,1,多换,S,3063.0000,3062.6000,3062.4000,3062.2000,3062.0000,3063.6000,3063.8000,3064.8000,3065.0000,3067.0000,2,2,1,2,6,2,1,1,4,1
SF,IH2006,2020-01-08 09:33:52.800,3062.6000,7606,0,157113300.000,0,-,-,-,-,3062.6000,3062.4000,3062.2000,3062.0000,3061.8000,3063.6000,3063.8000,3064.8000,3065.0000,3067.0000,2,1,2,6,1,2,1,1,4,1
SF,IH2006,2020-01-08 09:33:53.300,3062.6000,7606,0,157113300.000,0,-,-,-,-,3063.0000,3062.8000,3062.6000,3062.2000,3062.0000,3063.6000,3063.8000,3064.8000,3065.0000,3067.0000,1,1,2,2,6,2,1,1,4,1
SF,IH2006,2020-01-08 09:33:55.300,3063.6000,7603,-3,160789680.000,4,0,4,多平,S,3063.0000,3062.8000,3062.6000,3062.2000,3062.0000,3064.8000,3065.0000,3067.0000,3067.8000,3068.0000,1,1,2,2,6,1,4,1,1,1
SF,IH2006,2020-01-08 09:33:55.800,3063.6000,7603,0,160789680.000,0,-,-,-,-,3063.2000,3063.0000,3062.6000,3062.2000,3062.0000,3064.8000,3065.0000,3067.0000,3067.8000,3068.0000,1,1,2,2,6,1,4,1,1,1
SF,IH2006,2020-01-08 09:33:57.800,3063.6000,7603,0,160789680.000,0,-,-,-,-,3063.2000,3063.0000,3062.6000,3062.2000,3062.0000,3064.8000,3065.0000,3067.0000,3067.8000,3068.0000,1,1,2,2,6,1,4,1,1,1
SF,IH2006,2020-01-08 09:33:58.800,3063.6000,7603,0,160789680.000,0,-,-,-,-,3063.2000,3063.0000,3062.6000,3062.2000,3062.0000,3064.6000,3064.8000,3065.0000,3067.0000,3067.8000,1,1,2,2,6,1,1,4,1,1
SF,IH2006,2020-01-08 09:33:59.300,3063.6000,7603,0,160789680.000,0,-,-,-,-,3063.2000,3063.0000,3062.6000,3062.2000,3062.0000,3064.6000,3064.8000,3065.0000,3067.0000,3067.8000,2,1,2,2,6,1,1,4,1,1
SF,IH2006,2020-01-08 09:34:01.300,3063.6000,7603,0,160789680.000,0,-,-,-,-,3063.2000,3063.0000,3062.6000,3062.2000,3062.0000,3064.0000,3064.8000,3065.0000,3067.0000,3067.8000,2,1,2,2,6,1,1,4,1,1
SF,IH2006,2020-01-08 09:34:03.300,3063.2000,7602,-1,161708640.000,1,0,1,双平,S,3063.2000,3063.0000,3062.6000,3062.2000,3062.0000,3064.0000,3064.8000,3065.0000,3067.0000,3067.8000,1,1,2,2,6,1,1,4,1,1
SF,IH2006,2020-01-08 09:34:03.800,3063.2000,7601,-1,162627600.000,1,0,1,双平,S,3063.0000,3062.6000,3062.2000,3062.0000,3061.8000,3063.8000,3064.0000,3064.8000,3065.0000,3067.0000,1,2,2,6,1,1,1,1,4,1
SF,IH2006,2020-01-08 09:34:04.300,3063.2000,7600,-1,163546560.000,1,0,1,双平,S,3063.2000,3063.0000,3062.6000,3062.2000,3062.0000,3063.8000,3064.0000,3064.8000,3065.0000,3067.0000,1,1,2,2,6,1,1,1,4,1
SF,IH2006,2020-01-08 09:34:05.300,3063.8000,7600,0,164465700.000,1,0,1,多换,S,3063.8000,3063.2000,3063.0000,3062.6000,3062.2000,3064.0000,3064.8000,3065.0000,3067.0000,3067.8000,13,1,1,2,2,1,1,4,1,1
SF,IH2006,2020-01-08 09:34:05.800,3063.8000,7600,0,166304040.000,2,1,1,多换,S,3063.8000,3063.2000,3063.0000,3062.6000,3062.2000,3064.8000,3065.0000,3067.0000,3067.8000,3068.0000,12,1,1,2,2,1,4,1,1,1
SF,IH2006,2020-01-08 09:34:06.300,3063.8000,7600,0,167223180.000,1,0,1,多换,S,3063.8000,3063.2000,3063.0000,3062.6000,3062.2000,3064.8000,3065.0000,3067.0000,3067.8000,3068.0000,11,1,1,2,2,2,4,1,1,1
SF,IH2006,2020-01-08 09:34:06.800,3063.8000,7601,1,168142320.000,1,1,0,双开,S,3063.8000,3063.2000,3063.0000,3062.6000,3062.2000,3064.8000,3065.0000,3067.0000,3067.8000,3068.0000,10,1,1,2,2,2,4,1,1,1
SF,IH2006,2020-01-08 09:34:07.300,3063.8000,7601,0,168142320.000,0,-,-,-,-,3063.8000,3063.2000,3063.0000,3062.6000,3062.2000,3064.8000,3065.0000,3067.0000,3067.8000,3068.0000,10,1,1,2,2,1,4,1,1,1
SF,IH2006,2020-01-08 09:34:07.800,3063.8000,7602,1,169061460.000,1,1,0,双开,S,3063.8000,3063.2000,3063.0000,3062.6000,3062.2000,3064.8000,3065.0000,3067.0000,3067.8000,3068.0000,9,1,1,2,2,2,4,1,1,1
SF,IH2006,2020-01-08 09:34:08.300,3063.8000,7602,0,169061460.000,0,-,-,-,-,3063.8000,3063.2000,3063.0000,3062.6000,3062.2000,3064.8000,3065.0000,3067.0000,3067.8000,3068.0000,9,1,1,2,2,2,4,1,1,1
SF,IH2006,2020-01-08 09:34:08.800,3064.8000,7601,-1,169980900.000,1,0,1,双平,S,3063.8000,3063.2000,3063.0000,3062.6000,3062.2000,3065.0000,3067.0000,3067.8000,3068.0000,3069.8000,9,1,1,2,2,3,1,1,1,1
SF,IH2006,2020-01-08 09:34:09.300,3064.8000,7601,0,169980900.000,0,-,-,-,-,3064.0000,3063.8000,3063.2000,3063.0000,3062.6000,3065.0000,3067.0000,3067.8000,3068.0000,3069.8000,1,9,1,1,2,3,1,1,1,1
SF,IH2006,2020-01-08 09:34:09.800,3064.8000,7601,0,169980900.000,0,-,-,-,-,3064.0000,3063.8000,3063.2000,3063.0000,3062.6000,3065.0000,3067.0000,3067.8000,3068.0000,3069.8000,1,9,1,1,2,3,1,1,1,1
SF,IH2006,2020-01-08 09:34:10.300,3064.0000,7601,0,170900100.000,1,0,1,多换,S,3063.8000,3063.2000,3063.0000,3062.6000,3062.2000,3065.0000,3067.0000,3067.8000,3068.0000,3069.8000,9,1,1,2,2,3,1,1,1,1
SF,IH2006,2020-01-08 09:34:10.800,3064.0000,7601,0,170900100.000,0,-,-,-,-,3063.8000,3063.2000,3063.0000,3062.6000,3062.2000,3064.8000,3065.0000,3067.0000,3067.8000,3068.0000,9,1,1,2,2,1,3,1,1,1
SF,IH2006,2020-01-08 09:34:11.300,3064.8000,7600,-1,171819540.000,1,0,1,双平,S,3063.8000,3063.2000,3063.0000,3062.6000,3062.2000,3065.0000,3067.0000,3067.8000,3068.0000,3069.8000,9,1,1,2,2,3,1,1,1,1
SF,IH2006,2020-01-08 09:34:11.800,3065.0000,7599,-1,173658540.000,2,0,2,多平,S,3064.0000,3063.8000,3063.2000,3063.0000,3062.6000,3065.0000,3067.0000,3067.8000,3068.0000,3069.8000,1,9,1,1,2,1,1,1,1,1
SF,IH2006,2020-01-08 09:34:12.300,3065.0000,7598,-1,174578040.000,1,0,1,双平,S,3064.0000,3063.8000,3063.2000,3063.0000,3062.6000,3067.0000,3067.8000,3068.0000,3069.8000,3070.4000,1,9,1,1,2,1,1,1,1,5
SF,IH2006,2020-01-08 09:34:12.800,3065.0000,7598,0,174578040.000,0,-,-,-,-,3064.0000,3063.8000,3063.2000,3063.0000,3062.6000,3066.0000,3066.8000,3067.0000,3067.8000,3068.0000,1,9,1,1,2,1,6,2,1,1
SF,IH2006,2020-01-08 09:34:13.300,3065.0000,7598,0,174578040.000,0,-,-,-,-,3064.0000,3063.8000,3063.2000,3063.0000,3062.6000,3065.8000,3066.0000,3066.8000,3067.0000,3067.8000,1,9,1,1,2,1,1,5,2,1
SF,IH2006,2020-01-08 09:34:14.300,3065.6000,7597,-1,175497720.000,1,0,1,双平,S,3064.0000,3063.8000,3063.2000,3063.0000,3062.6000,3065.8000,3066.8000,3067.0000,3067.8000,3068.0000,3,9,1,1,2,1,2,2,1,1
SF,IH2006,2020-01-08 09:34:14.800,3065.6000,7597,0,175497720.000,0,-,-,-,-,3064.0000,3063.8000,3063.2000,3063.0000,3062.6000,3065.8000,3066.0000,3066.8000,3067.0000,3067.8000,2,9,1,1,2,1,1,2,2,1
SF,IH2006,2020-01-08 09:34:15.300,3065.6000,7597,0,175497720.000,0,-,-,-,-,3065.0000,3064.0000,3063.8000,3063.2000,3063.0000,3065.8000,3066.8000,3067.0000,3067.8000,3068.0000,1,2,9,1,1,1,2,2,1,1
SF,IH2006,2020-01-08 09:34:15.800,3065.0000,7597,0,176417220.000,1,0,1,多换,S,3064.0000,3063.8000,3063.2000,3063.0000,3062.2000,3065.8000,3066.0000,3066.8000,3067.0000,3067.8000,2,9,1,1,2,2,1,1,2,1
SF,IH2006,2020-01-08 09:34:16.300,3065.0000,7597,0,176417220.000,0,-,-,-,-,3064.0000,3063.8000,3063.2000,3063.0000,3062.2000,3065.8000,3066.0000,3066.8000,3067.0000,3067.8000,2,9,1,1,2,2,1,1,2,1
SF,IH2006,2020-01-08 09:34:18.800,3065.0000,7597,0,176417220.000,0,-,-,-,-,3064.0000,3063.8000,3063.2000,3063.0000,3062.6000,3065.8000,3066.0000,3066.8000,3067.0000,3067.8000,2,9,1,1,1,2,1,1,2,1
SF,IH2006,2020-01-08 09:34:19.300,3065.0000,7597,0,176417220.000,0,-,-,-,-,3064.0000,3063.8000,3063.2000,3063.0000,3062.6000,3065.6000,3065.8000,3066.0000,3066.8000,3067.0000,2,9,1,1,1,2,2,1,1,2
SF,IH2006,2020-01-08 09:34:19.800,3065.0000,7597,0,176417220.000,0,-,-,-,-,3064.0000,3063.8000,3063.2000,3063.0000,3062.6000,3065.0000,3065.4000,3065.6000,3065.8000,3066.0000,1,9,1,1,1,1,1,2,1,1
SF,IH2006,2020-01-08 09:34:20.300,3064.0000,7597,0,177336420.000,1,0,1,多换,S,3063.8000,3063.2000,3063.0000,3062.6000,3062.2000,3065.0000,3065.4000,3065.8000,3066.0000,3066.8000,9,1,1,1,2,1,1,1,1,1
SF,IH2006,2020-01-08 09:34:20.800,3064.0000,7597,0,177336420.000,0,-,-,-,-,3063.8000,3063.2000,3063.0000,3062.6000,3062.2000,3065.0000,3065.4000,3065.8000,3066.0000,3066.8000,9,1,1,1,2,2,1,1,1,1
SF,IH2006,2020-01-08 09:34:21.800,3064.0000,7597,0,177336420.000,0,-,-,-,-,3063.8000,3063.0000,3062.6000,3062.2000,3062.0000,3065.0000,3065.4000,3065.8000,3066.0000,3066.8000,9,1,1,2,6,2,1,1,1,1
SF,IH2006,2020-01-08 09:34:22.300,3065.0000,7597,0,179175420.000,2,1,1,多换,S,3065.0000,3063.8000,3063.0000,3062.6000,3062.2000,3065.4000,3065.8000,3066.0000,3066.8000,3067.0000,10,9,1,1,2,1,1,1,1,2
SF,IH2006,2020-01-08 09:34:22.800,3065.0000,7597,0,188370420.000,10,5,5,多换,S,3063.8000,3063.0000,3062.6000,3062.2000,3062.0000,3065.0000,3065.4000,3065.8000,3066.0000,3066.8000,9,1,1,2,6,1,2,1,1,1
SF,IH2006,2020-01-08 09:34:23.300,3065.0000,7597,0,188370420.000,0,-,-,-,-,3064.0000,3063.8000,3063.0000,3062.6000,3062.2000,3064.8000,3065.0000,3065.4000,3065.8000,3066.0000,1,9,1,1,2,1,1,2,1,1
SF,IH2006,2020-01-08 09:34:23.800,3065.0000,7597,0,188370420.000,0,-,-,-,-,3064.0000,3063.8000,3063.0000,3062.6000,3062.2000,3064.8000,3065.0000,3065.4000,3065.8000,3066.0000,1,9,1,1,2,1,1,1,1,1
SF,IH2006,2020-01-08 09:34:24.300,3065.0000,7597,0,188370420.000,0,-,-,-,-,3064.0000,3063.8000,3063.0000,3062.6000,3062.2000,3064.6000,3064.8000,3065.0000,3065.4000,3065.8000,1,9,1,1,2,1,1,1,1,1
SF,IH2006,2020-01-08 09:34:24.800,3064.6000,7596,-1,189289800.000,1,0,1,双平,S,3064.0000,3063.8000,3063.0000,3062.6000,3062.2000,3064.8000,3065.0000,3065.4000,3065.8000,3066.0000,1,9,1,1,2,1,1,1,1,1
SF,IH2006,2020-01-08 09:34:25.300,3064.8000,7597,1,190209240.000,1,1,0,双开,S,3063.8000,3063.0000,3062.6000,3062.2000,3062.0000,3065.0000,3065.4000,3065.8000,3066.0000,3066.8000,9,1,1,2,6,1,1,1,1,1
SF,IH2006,2020-01-08 09:34:25.800,3064.8000,7597,0,190209240.000,0,-,-,-,-,3063.8000,3063.0000,3062.6000,3062.2000,3062.0000,3064.0000,3065.0000,3065.4000,3065.8000,3066.0000,9,1,1,2,6,1,2,1,1,1
SF,IH2006,2020-01-08 09:34:26.300,3064.0000,7596,-1,191128440.000,1,0,1,双平,S,3064.0000,3063.8000,3063.0000,3062.6000,3062.2000,3065.0000,3065.4000,3065.8000,3066.0000,3066.8000,7,9,1,1,2,2,1,1,1,1
SF,IH2006,2020-01-08 09:34:26.800,3064.0000,7596,0,191128440.000,0,-,-,-,-,3064.0000,3063.8000,3063.0000,3062.6000,3062.2000,3065.0000,3065.4000,3065.8000,3066.0000,3066.8000,7,9,1,1,2,2,1,1,1,1
SF,IH2006,2020-01-08 09:34:27.300,3064.0000,7596,0,191128440.000,0,-,-,-,-,3064.0000,3063.8000,3063.0000,3062.6000,3062.2000,3065.0000,3065.4000,3065.8000,3066.0000,3066.8000,7,9,1,1,2,1,1,1,1,1
SF,IH2006,2020-01-08 09:34:27.800,3064.0000,7596,0,191128440.000,0,-,-,-,-,3064.0000,3063.8000,3063.0000,3062.6000,3062.2000,3065.0000,3065.4000,3065.8000,3066.0000,3066.8000,7,9,1,1,2,1,1,1,1,1
SF,IH2006,2020-01-08 09:34:30.300,3064.0000,7592,-4,195724440.000,5,0,5,多平,S,3063.8000,3063.0000,3062.6000,3062.2000,3062.0000,3065.0000,3065.4000,3065.8000,3066.0000,3066.8000,9,1,1,2,6,1,1,1,1,1
SF,IH2006,2020-01-08 09:34:30.800,3063.8000,7593,1,199401000.000,4,2,2,空开,S,3063.8000,3063.0000,3062.6000,3062.2000,3062.0000,3064.8000,3065.0000,3065.8000,3066.0000,3066.8000,5,1,1,2,6,1,2,1,1,1
SF,IH2006,2020-01-08 09:34:31.300,3063.8000,7594,1,202158420.000,3,2,1,空开,S,3063.8000,3063.0000,3062.6000,3062.2000,3062.0000,3064.8000,3065.0000,3065.8000,3066.0000,3066.8000,2,1,1,2,6,1,2,1,1,1
SF,IH2006,2020-01-08 09:34:31.800,3063.8000,7596,2,203996700.000,2,2,0,双开,S,3063.0000,3062.6000,3062.2000,3062.0000,3061.8000,3064.8000,3065.0000,3065.8000,3066.0000,3066.8000,1,1,2,6,1,1,2,1,1,1
SF,IH2006,2020-01-08 09:34:32.300,3063.8000,7596,0,203996700.000,0,-,-,-,-,3063.2000,3063.0000,3062.6000,3062.2000,3062.0000,3064.8000,3065.0000,3065.8000,3066.0000,3066.8000,1,1,1,2,6,1,1,1,1,1
SF,IH2006,2020-01-08 09:34:32.800,3063.8000,7596,0,203996700.000,0,-,-,-,-,3063.2000,3063.0000,3062.6000,3062.2000,3062.0000,3064.6000,3064.8000,3065.0000,3065.8000,3066.0000,1,1,1,2,6,1,1,1,1,1
SF,IH2006,2020-01-08 09:34:33.300,3063.8000,7596,0,203996700.000,0,-,-,-,-,3063.2000,3062.6000,3062.2000,3062.0000,3061.8000,3064.6000,3064.8000,3065.0000,3065.8000,3066.0000,1,1,2,6,1,1,1,1,1,1
SF,IH2006,2020-01-08 09:34:33.800,3063.8000,7596,0,203996700.000,0,-,-,-,-,3063.2000,3062.6000,3062.2000,3062.0000,3061.8000,3064.4000,3064.6000,3065.0000,3065.8000,3066.0000,1,1,2,6,1,1,1,1,1,1
SF,IH2006,2020-01-08 09:34:34.300,3063.8000,7596,0,203996700.000,0,-,-,-,-,3063.2000,3062.6000,3062.2000,3062.0000,3061.8000,3064.4000,3064.6000,3065.8000,3066.0000,3066.8000,1,1,2,6,1,1,1,1,1,1
SF,IH2006,2020-01-08 09:34:36.800,3064.4000,7596,0,204916020.000,1,0,1,多换,S,3064.4000,3063.2000,3062.6000,3062.2000,3062.0000,3064.6000,3065.8000,3066.0000,3066.8000,3067.0000,7,1,1,2,6,1,1,1,1,2
SF,IH2006,2020-01-08 09:34:37.300,3064.4000,7596,0,211351260.000,7,3,4,多换,S,3063.2000,3062.6000,3062.2000,3062.0000,3061.8000,3064.6000,3065.8000,3066.0000,3066.8000,3067.0000,1,1,2,6,1,1,1,1,1,2
SF,IH2006,2020-01-08 09:34:37.800,3064.4000,7596,0,211351260.000,0,-,-,-,-,3063.2000,3062.6000,3062.2000,3062.0000,3061.8000,3064.2000,3065.8000,3066.0000,3066.8000,3067.0000,2,1,2,6,1,1,1,1,1,2
SF,IH2006,2020-01-08 09:34:38.300,3064.2000,7596,0,212270520.000,1,0,1,多换,S,3064.2000,3063.2000,3062.6000,3062.2000,3062.0000,3065.8000,3066.0000,3066.8000,3067.0000,3067.8000,1,2,1,2,6,1,1,1,2,1
SF,IH2006,2020-01-08 09:34:38.800,3064.2000,7596,0,212270520.000,0,-,-,-,-,3064.2000,3063.2000,3062.6000,3062.2000,3062.0000,3065.4000,3065.6000,3065.8000,3066.0000,3067.0000,1,2,1,2,6,3,2,1,1,2
SF,IH2006,2020-01-08 09:34:39.300,3064.2000,7596,0,213189780.000,1,0,1,多换,S,3063.2000,3062.6000,3062.2000,3062.0000,3061.8000,3064.0000,3065.4000,3065.6000,3065.8000,3066.0000,2,1,2,5,1,1,4,2,1,1
SF,IH2006,2020-01-08 09:34:39.800,3065.4000,7596,0,215028600.000,2,1,1,多换,S,3063.2000,3062.6000,3062.2000,3062.0000,3061.8000,3065.8000,3066.0000,3067.0000,3067.8000,3068.0000,1,1,2,5,1,1,1,2,1,1
SF,IH2006,2020-01-08 09:34:40.300,3065.4000,7596,0,215028600.000,0,-,-,-,-,3063.4000,3063.2000,3062.6000,3062.2000,3062.0000,3065.6000,3065.8000,3066.0000,3067.0000,3067.8000,1,1,1,2,5,8,1,1,2,1
SF,IH2006,2020-01-08 09:34:40.800,3063.4000,7596,0,215947620.000,1,0,1,多换,S,3063.2000,3062.6000,3062.2000,3062.0000,3061.8000,3065.6000,3065.8000,3066.0000,3067.0000,3067.8000,1,1,2,5,1,8,1,1,2,1
SF,IH2006,2020-01-08 09:34:41.300,3063.4000,7596,0,215947620.000,0,-,-,-,-,3063.4000,3063.2000,3062.6000,3062.2000,3062.0000,3065.6000,3065.8000,3066.0000,3067.0000,3067.8000,1,1,1,2,5,8,1,1,2,1
SF,IH2006,2020-01-08 09:34:41.800,3063.4000,7596,0,215947620.000,0,-,-,-,-,3063.4000,3063.2000,3062.6000,3062.2000,3062.0000,3065.6000,3065.8000,3066.0000,3067.0000,3067.8000,1,1,1,2,5,7,1,1,2,1
SF,IH2006,2020-01-08 09:34:42.300,3065.4000,7596,0,216867240.000,1,0,1,多换,S,3063.4000,3063.2000,3062.6000,3062.2000,3062.0000,3065.4000,3065.6000,3065.8000,3066.0000,3067.0000,1,1,1,2,5,1,7,1,1,2
SF,IH2006,2020-01-08 09:34:42.800,3065.4000,7596,0,216867240.000,0,-,-,-,-,3063.8000,3063.4000,3063.2000,3062.6000,3062.2000,3065.2000,3065.4000,3065.6000,3065.8000,3066.0000,2,1,1,1,2,1,2,3,1,1
SF,IH2006,2020-01-08 09:34:43.300,3065.4000,7596,0,216867240.000,0,-,-,-,-,3063.8000,3063.4000,3063.2000,3062.6000,3062.2000,3065.2000,3065.4000,3065.6000,3065.8000,3066.0000,2,1,1,1,2,1,2,3,1,1
SF,IH2006,2020-01-08 09:34:43.800,3065.0000,7596,0,218705880.000,2,1,1,多换,S,3063.8000,3063.4000,3063.2000,3062.6000,3062.2000,3065.2000,3065.4000,3065.6000,3065.8000,3066.0000,1,1,1,1,2,1,2,3,1,1
SF,IH2006,2020-01-08 09:34:44.300,3065.0000,7596,0,218705880.000,0,-,-,-,-,3063.8000,3063.4000,3063.2000,3062.6000,3062.2000,3065.0000,3065.2000,3065.4000,3065.6000,3065.8000,1,1,1,1,2,1,1,1,3,1
SF,IH2006,2020-01-08 09:34:44.800,3063.8000,7597,1,219625020.000,1,1,0,双开,S,3063.4000,3063.2000,3062.6000,3062.2000,3062.0000,3065.0000,3065.2000,3065.4000,3065.6000,3065.8000,1,1,1,2,4,2,1,1,2,1
SF,IH2006,2020-01-08 09:34:45.300,3063.8000,7597,0,219625020.000,0,-,-,-,-,3063.6000,3063.4000,3063.2000,3062.6000,3062.2000,3065.0000,3065.2000,3065.4000,3065.6000,3065.8000,1,1,1,1,2,2,1,1,2,1
SF,IH2006,2020-01-08 09:34:45.800,3063.8000,7597,0,219625020.000,0,-,-,-,-,3063.8000,3063.6000,3063.2000,3062.6000,3062.2000,3065.0000,3065.2000,3065.6000,3065.8000,3066.0000,1,1,1,1,2,2,1,2,1,1
SF,IH2006,2020-01-08 09:34:46.800,3063.8000,7597,0,220544160.000,1,0,1,多换,S,3063.8000,3063.6000,3063.2000,3062.6000,3062.2000,3065.0000,3065.2000,3065.6000,3065.8000,3066.0000,1,1,1,1,2,2,1,2,1,1
SF,IH2006,2020-01-08 09:34:47.300,3063.8000,7597,0,220544160.000,0,-,-,-,-,3063.8000,3063.6000,3063.2000,3063.0000,3062.6000,3064.8000,3065.0000,3065.6000,3065.8000,3066.0000,1,1,1,1,1,1,2,2,1,1
SF,IH2006,2020-01-08 09:34:48.300,3063.8000,7597,0,221463300.000,1,0,1,多换,S,3063.6000,3063.2000,3063.0000,3062.6000,3062.2000,3064.8000,3065.0000,3065.6000,3065.8000,3066.0000,1,1,1,1,2,1,2,2,1,1
SF,IH2006,2020-01-08 09:34:48.800,3064.6000,7596,-1,222382680.000,1,0,1,双平,S,3063.2000,3063.0000,3062.6000,3062.2000,3062.0000,3064.8000,3065.0000,3065.6000,3065.8000,3066.0000,1,1,1,2,4,1,1,2,1,1
SF,IH2006,2020-01-08 09:34:49.300,3064.6000,7596,0,222382680.000,0,-,-,-,-,3063.8000,3063.4000,3063.2000,3063.0000,3062.6000,3064.8000,3065.0000,3065.6000,3065.8000,3066.0000,1,3,1,1,1,1,1,2,1,1
SF,IH2006,2020-01-08 09:34:49.800,3064.8000,7595,-1,223302120.000,1,0,1,双平,S,3064.0000,3063.8000,3063.4000,3063.2000,3063.0000,3065.8000,3066.0000,3067.8000,3068.0000,3069.8000,1,1,1,1,1,1,1,1,1,1
SF,IH2006,2020-01-08 09:34:50.300,3064.8000,7595,0,223302120.000,0,-,-,-,-,3064.2000,3064.0000,3063.8000,3063.4000,3063.2000,3065.8000,3066.0000,3067.8000,3068.0000,3069.8000,1,2,1,1,1,1,1,1,1,1
SF,IH2006,2020-01-08 09:34:50.800,3064.8000,7595,0,223302120.000,0,-,-,-,-,3064.4000,3064.2000,3063.4000,3063.2000,3063.0000,3065.8000,3066.0000,3067.8000,3068.0000,3069.8000,2,2,1,1,1,1,1,1,1,1
SF,IH2006,2020-01-08 09:34:51.300,3064.8000,7595,0,223302120.000,0,-,-,-,-,3064.4000,3064.2000,3063.2000,3063.0000,3062.6000,3065.8000,3066.0000,3067.8000,3068.0000,3069.8000,2,2,1,1,1,1,1,1,1,1
SF,IH2006,2020-01-08 09:34:51.800,3064.8000,7595,0,223302120.000,0,-,-,-,-,3064.4000,3064.2000,3063.2000,3063.0000,3062.6000,3065.6000,3065.8000,3066.0000,3067.8000,3068.0000,2,1,1,1,1,1,1,1,1,1
SF,IH2006,2020-01-08 09:34:53.300,3064.8000,7595,0,223302120.000,0,-,-,-,-,3064.6000,3064.4000,3064.2000,3063.2000,3063.0000,3065.8000,3066.0000,3067.8000,3068.0000,3069.8000,1,1,1,1,1,1,1,1,1,1
SF,IH2006,2020-01-08 09:34:53.800,3064.8000,7595,0,223302120.000,0,-,-,-,-,3064.6000,3064.4000,3064.2000,3063.2000,3063.0000,3065.6000,3065.8000,3066.0000,3067.8000,3068.0000,1,1,1,1,1,1,1,1,1,1
SF,IH2006,2020-01-08 09:34:54.300,3064.8000,7595,0,223302120.000,0,-,-,-,-,3064.4000,3064.2000,3063.2000,3063.0000,3062.6000,3064.6000,3065.6000,3065.8000,3066.0000,3067.8000,1,1,1,1,1,1,1,1,1,1
SF,IH2006,2020-01-08 09:34:54.800,3064.6000,7594,-1,224221500.000,1,0,1,双平,S,3064.6000,3064.4000,3064.2000,3063.2000,3063.0000,3065.6000,3065.8000,3066.0000,3067.8000,3068.0000,3,1,1,1,1,1,1,1,1,1
SF,IH2006,2020-01-08 09:34:55.300,3064.6000,7594,0,224221500.000,0,-,-,-,-,3064.6000,3064.4000,3064.2000,3063.2000,3063.0000,3065.8000,3066.0000,3067.8000,3068.0000,3069.8000,3,1,1,1,1,1,1,1,1,1
SF,IH2006,2020-01-08 09:34:55.800,3064.6000,7594,0,224221500.000,0,-,-,-,-,3064.8000,3064.6000,3064.4000,3064.2000,3063.2000,3065.8000,3066.0000,3067.8000,3068.0000,3069.8000,1,3,1,1,1,1,1,1,1,1
SF,IH2006,2020-01-08 09:34:56.800,3064.6000,7594,0,224221500.000,0,-,-,-,-,3064.6000,3064.4000,3064.2000,3063.2000,3063.0000,3065.8000,3066.0000,3067.8000,3068.0000,3069.8000,3,1,1,1,1,1,1,1,1,1
SF,IH2006,2020-01-08 09:34:57.300,3065.8000,7594,0,225141240.000,1,0,1,多换,S,3065.8000,3064.8000,3064.6000,3064.4000,3064.2000,3066.0000,3067.8000,3068.0000,3069.8000,3070.0000,1,1,3,1,1,1,1,1,1,10
SF,IH2006,2020-01-08 09:34:57.800,3065.8000,7593,-1,226980720.000,2,0,2,多平,S,3064.8000,3064.6000,3064.4000,3064.2000,3063.2000,3066.0000,3067.8000,3068.0000,3069.8000,3070.0000,1,3,1,1,1,3,1,1,1,10
SF,IH2006,2020-01-08 09:34:58.300,3065.8000,7593,0,226980720.000,0,-,-,-,-,3064.8000,3064.6000,3064.4000,3064.2000,3063.2000,3065.6000,3066.0000,3067.8000,3068.0000,3069.8000,1,3,1,1,1,1,3,1,1,1
SF,IH2006,2020-01-08 09:34:58.800,3065.8000,7593,0,226980720.000,0,-,-,-,-,3064.6000,3064.4000,3064.2000,3063.2000,3063.0000,3065.6000,3066.0000,3067.8000,3068.0000,3069.8000,3,1,1,1,1,1,3,1,1,1
SF,IH2006,2020-01-08 09:34:59.300,3065.8000,7593,0,226980720.000,0,-,-,-,-,3064.6000,3064.4000,3064.2000,3064.0000,3063.2000,3065.6000,3066.0000,3067.8000,3068.0000,3069.8000,3,1,1,1,1,1,3,1,1,1
SF,IH2006,2020-01-08 09:35:00.300,3065.6000,7593,0,227900400.000,1,0,1,多换,S,3064.6000,3064.4000,3064.2000,3064.0000,3063.2000,3066.0000,3067.8000,3068.0000,3069.8000,3070.0000,3,1,1,1,1,3,1,1,1,10
SF,IH2006,2020-01-08 09:35:00.800,3065.6000,7593,0,227900400.000,0,-,-,-,-,3064.8000,3064.6000,3064.4000,3064.2000,3064.0000,3065.8000,3066.0000,3067.8000,3068.0000,3069.8000,1,3,1,1,1,1,3,1,1,1
SF,IH2006,2020-01-08 09:35:01.300,3064.8000,7593,0,228819840.000,1,0,1,多换,S,3064.6000,3064.0000,3063.2000,3063.0000,3062.6000,3065.6000,3065.8000,3066.0000,3067.8000,3068.0000,3,1,1,1,1,3,1,3,1,1
SF,IH2006,2020-01-08 09:35:01.800,3064.8000,7593,0,228819840.000,0,-,-,-,-,3064.0000,3063.2000,3063.0000,3062.6000,3062.2000,3065.6000,3065.8000,3066.0000,3067.8000,3068.0000,1,1,1,1,2,3,1,3,1,1
SF,IH2006,2020-01-08 09:35:02.300,3064.8000,7593,0,228819840.000,0,-,-,-,-,3064.2000,3064.0000,3063.2000,3063.0000,3062.6000,3065.4000,3065.6000,3065.8000,3066.0000,3067.8000,1,1,1,1,1,2,3,1,3,1
SF,IH2006,2020-01-08 09:35:04.300,3065.4000,7593,0,229739460.000,1,0,1,多换,S,3064.2000,3064.0000,3063.2000,3063.0000,3062.6000,3065.4000,3065.8000,3066.0000,3067.8000,3068.0000,1,1,1,1,1,1,1,3,1,1
SF,IH2006,2020-01-08 09:35:04.800,3065.4000,7593,0,229739460.000,0,-,-,-,-,3064.0000,3063.2000,3063.0000,3062.6000,3062.2000,3065.2000,3066.0000,3067.8000,3068.0000,3069.8000,1,1,1,1,2,1,3,1,1,1
SF,IH2006,2020-01-08 09:35:06.300,3065.4000,7593,0,229739460.000,0,-,-,-,-,3064.0000,3063.2000,3063.0000,3062.6000,3062.2000,3065.2000,3066.0000,3067.8000,3068.0000,3069.8000,1,2,1,1,2,1,3,1,1,1
SF,IH2006,2020-01-08 09:35:08.300,3065.4000,7593,0,229739460.000,0,-,-,-,-,3064.8000,3064.0000,3063.2000,3063.0000,3062.6000,3065.2000,3066.0000,3067.8000,3068.0000,3069.8000,1,1,2,1,1,1,3,1,1,1
SF,IH2006,2020-01-08 09:35:08.800,3064.8000,7593,0,230658900.000,1,0,1,多换,S,3064.0000,3063.2000,3063.0000,3062.6000,3062.2000,3065.2000,3066.0000,3067.8000,3068.0000,3069.8000,1,2,1,1,2,1,3,1,1,1
SF,IH2006,2020-01-08 09:35:12.300,3064.0000,7593,0,231578100.000,1,0,1,多换,S,3063.2000,3063.0000,3062.6000,3062.2000,3062.0000,3064.0000,3065.2000,3066.0000,3067.8000,3068.0000,2,1,1,2,3,1,1,3,1,1
SF,IH2006,2020-01-08 09:35:12.800,3064.0000,7593,0,231578100.000,0,-,-,-,-,3063.2000,3063.0000,3062.6000,3062.2000,3062.0000,3065.2000,3066.0000,3067.8000,3068.0000,3069.8000,2,1,1,2,3,1,3,1,1,1
SF,IH2006,2020-01-08 09:35:13.300,3064.0000,7593,0,231578100.000,0,-,-,-,-,3063.2000,3063.0000,3062.6000,3062.2000,3062.0000,3065.0000,3065.2000,3066.0000,3067.8000,3068.0000,2,1,1,2,3,3,1,3,1,1
SF,IH2006,2020-01-08 09:35:13.800,3064.0000,7593,0,231578100.000,0,-,-,-,-,3063.2000,3063.0000,3062.6000,3062.2000,3062.0000,3064.8000,3065.0000,3066.0000,3067.8000,3068.0000,2,1,1,2,3,1,3,3,1,1
SF,IH2006,2020-01-08 09:35:14.300,3064.0000,7593,0,231578100.000,0,-,-,-,-,3063.4000,3063.2000,3063.0000,3062.6000,3062.2000,3064.8000,3065.0000,3066.0000,3067.8000,3068.0000,1,2,1,1,2,1,2,3,1,1
SF,IH2006,2020-01-08 09:35:14.800,3064.0000,7593,0,231578100.000,0,-,-,-,-,3063.4000,3063.2000,3063.0000,3062.6000,3062.2000,3064.6000,3064.8000,3066.0000,3067.8000,3068.0000,1,2,1,1,2,2,1,3,1,1
SF,IH2006,2020-01-08 09:35:15.300,3064.0000,7593,0,231578100.000,0,-,-,-,-,3063.4000,3063.2000,3063.0000,3062.6000,3062.2000,3064.8000,3066.0000,3067.8000,3068.0000,3069.8000,1,2,1,1,2,1,3,1,1,1
SF,IH2006,2020-01-08 09:35:16.300,3064.0000,7593,0,231578100.000,0,-,-,-,-,3063.4000,3063.2000,3063.0000,3062.6000,3062.2000,3064.8000,3066.0000,3067.8000,3068.0000,3069.8000,1,2,1,1,2,1,3,1,1,1
SF,IH2006,2020-01-08 09:35:16.800,3064.0000,7593,0,231578100.000,0,-,-,-,-,3063.2000,3063.0000,3062.6000,3062.2000,3062.0000,3064.6000,3064.8000,3066.0000,3067.8000,3068.0000,2,1,1,2,3,1,1,3,1,1
SF,IH2006,2020-01-08 09:35:17.300,3064.0000,7593,0,231578100.000,0,-,-,-,-,3063.2000,3063.0000,3062.6000,3062.2000,3062.0000,3064.4000,3064.6000,3066.0000,3067.8000,3068.0000,2,1,1,2,3,1,1,3,1,1
SF,IH2006,2020-01-08 09:35:18.800,3063.4000,7593,0,232497120.000,1,0,1,多换,S,3063.2000,3063.0000,3062.6000,3062.2000,3062.0000,3064.4000,3066.0000,3067.8000,3068.0000,3069.8000,2,1,1,2,3,1,3,1,1,1
SF,IH2006,2020-01-08 09:35:19.300,3063.2000,7593,0,234335040.000,2,1,1,多换,S,3063.0000,3062.6000,3062.2000,3062.0000,3061.8000,3064.0000,3064.4000,3066.0000,3067.8000,3068.0000,1,1,2,3,1,2,1,3,1,1
SF,IH2006,2020-01-08 09:35:19.800,3063.0000,7594,1,235253940.000,1,1,0,双开,S,3062.6000,3062.2000,3062.0000,3061.8000,3061.0000,3064.4000,3066.0000,3067.8000,3068.0000,3069.8000,1,2,3,1,1,1,3,1,1,1
SF,IH2006,2020-01-08 09:35:20.300,3063.0000,7594,0,235253940.000,0,-,-,-,-,3062.8000,3062.6000,3062.2000,3062.0000,3061.8000,3064.4000,3066.0000,3067.8000,3068.0000,3069.8000,1,1,2,3,1,1,3,1,1,1
SF,IH2006,2020-01-08 09:35:22.300,3063.0000,7594,0,235253940.000,0,-,-,-,-,3062.8000,3062.6000,3062.2000,3062.0000,3061.8000,3064.2000,3064.4000,3066.0000,3067.8000,3068.0000,1,1,2,3,1,1,1,3,1,1
SF,IH2006,2020-01-08 09:35:22.800,3063.0000,7594,0,235253940.000,0,-,-,-,-,3062.6000,3062.2000,3062.0000,3061.8000,3061.0000,3064.0000,3064.2000,3066.0000,3067.8000,3068.0000,1,2,3,1,1,1,1,3,1,1
SF,IH2006,2020-01-08 09:35:23.300,3063.0000,7594,0,235253940.000,0,-,-,-,-,3062.8000,3062.6000,3062.2000,3062.0000,3061.8000,3064.0000,3064.2000,3066.0000,3067.8000,3068.0000,1,1,2,3,1,1,1,3,1,1
SF,IH2006,2020-01-08 09:35:23.800,3063.0000,7594,0,235253940.000,0,-,-,-,-,3062.6000,3062.2000,3062.0000,3061.8000,3061.0000,3064.0000,3064.2000,3066.0000,3067.8000,3068.0000,1,2,3,1,1,1,1,3,1,1
SF,IH2006,2020-01-08 09:35:24.300,3063.0000,7594,0,235253940.000,0,-,-,-,-,3062.8000,3062.6000,3062.2000,3062.0000,3061.8000,3063.8000,3064.2000,3066.0000,3067.8000,3068.0000,1,1,2,3,1,1,1,3,1,1
SF,IH2006,2020-01-08 09:35:24.800,3063.0000,7594,0,237091740.000,2,1,1,多换,S,3062.8000,3062.6000,3062.2000,3062.0000,3061.8000,3063.8000,3064.2000,3066.0000,3067.8000,3068.0000,1,1,2,3,1,1,1,3,1,1
SF,IH2006,2020-01-08 09:35:27.300,3063.8000,7593,-1,238010880.000,1,0,1,双平,S,3063.8000,3062.8000,3062.6000,3062.2000,3062.0000,3066.0000,3067.8000,3068.0000,3069.8000,3070.0000,1,1,1,2,3,3,1,1,1,10
SF,IH2006,2020-01-08 09:35:27.800,3063.8000,7593,0,238010880.000,0,-,-,-,-,3062.6000,3062.2000,3062.0000,3061.8000,3061.0000,3064.8000,3065.6000,3065.8000,3066.0000,3067.8000,1,2,3,1,1,1,2,4,3,1
SF,IH2006,2020-01-08 09:35:28.300,3063.8000,7593,0,238010880.000,0,-,-,-,-,3062.8000,3062.6000,3062.2000,3062.0000,3061.8000,3063.6000,3064.6000,3064.8000,3065.6000,3065.8000,1,2,2,3,1,1,1,1,2,3
SF,IH2006,2020-01-08 09:35:28.800,3063.6000,7593,0,238929960.000,1,0,1,多换,S,3063.6000,3062.8000,3062.6000,3062.2000,3062.0000,3064.8000,3065.6000,3065.8000,3066.0000,3067.8000,1,1,2,2,3,1,2,1,3,1
SF,IH2006,2020-01-08 09:35:29.300,3063.6000,7593,0,238929960.000,0,-,-,-,-,3062.8000,3062.6000,3062.2000,3062.0000,3061.8000,3064.6000,3064.8000,3065.6000,3065.8000,3066.0000,1,2,2,3,1,1,1,2,1,3
SF,IH2006,2020-01-08 09:35:30.800,3063.6000,7593,0,238929960.000,0,-,-,-,-,3062.8000,3062.6000,3062.2000,3062.0000,3061.8000,3064.4000,3064.6000,3065.6000,3065.8000,3066.0000,1,1,2,3,1,1,1,2,1,3
SF,IH2006,2020-01-08 09:35:31.300,3063.6000,7593,0,238929960.000,0,-,-,-,-,3062.8000,3062.6000,3062.2000,3062.0000,3061.8000,3064.2000,3064.4000,3065.6000,3065.8000,3066.0000,1,1,2,3,1,1,1,2,1,3
SF,IH2006,2020-01-08 09:35:31.800,3063.6000,7593,0,238929960.000,0,-,-,-,-,3062.8000,3062.6000,3062.2000,3062.0000,3061.8000,3064.2000,3065.6000,3065.8000,3066.0000,3067.8000,1,1,2,3,1,1,2,1,3,1
SF,IH2006,2020-01-08 09:35:32.800,3063.6000,7593,0,238929960.000,0,-,-,-,-,3062.8000,3062.6000,3062.2000,3062.0000,3061.8000,3064.2000,3065.6000,3065.8000,3066.0000,3067.8000,2,1,2,3,1,1,2,1,3,1
SF,IH2006,2020-01-08 09:35:33.300,3063.6000,7593,0,238929960.000,0,-,-,-,-,3062.8000,3062.6000,3062.2000,3062.0000,3061.8000,3065.6000,3065.8000,3066.0000,3067.8000,3068.0000,2,1,2,3,1,2,1,3,1,1
SF,IH2006,2020-01-08 09:35:33.800,3063.6000,7593,0,238929960.000,0,-,-,-,-,3062.8000,3062.6000,3062.2000,3062.0000,3061.8000,3064.6000,3065.4000,3065.6000,3065.8000,3066.0000,2,1,2,3,1,1,3,2,1,3
SF,IH2006,2020-01-08 09:35:34.300,3063.6000,7593,0,238929960.000,0,-,-,-,-,3062.8000,3062.6000,3062.2000,3062.0000,3061.8000,3064.4000,3064.6000,3065.4000,3065.6000,3065.8000,2,1,2,3,1,1,1,2,2,1
SF,IH2006,2020-01-08 09:35:34.800,3063.6000,7593,0,238929960.000,0,-,-,-,-,3062.8000,3062.6000,3062.2000,3062.0000,3061.8000,3064.4000,3065.6000,3065.8000,3066.0000,3067.8000,2,1,2,3,1,1,2,1,3,1
SF,IH2006,2020-01-08 09:35:35.800,3063.6000,7593,0,238929960.000,0,-,-,-,-,3063.0000,3062.8000,3062.6000,3062.2000,3062.0000,3064.4000,3065.6000,3065.8000,3066.0000,3067.8000,1,2,1,2,3,1,2,1,3,1
