市场代码,合约代码,时间,最新,持仓,增仓,成交额,成交量,开仓,平仓,成交类型,方向,买一价,买二价,买三价,买四价,买五价,卖一价,卖二价,卖三价,卖四价,卖五价,买一量,买二量,买三量,买四量,买五量,卖一量,卖二量,卖三量,卖四量,卖五量
SF,IH2012,2020-06-09 09:29:00.400,2771.2000,4826,0,2494080.000,3.000,-,-,-,-,2770.2000,2768.2000,2766.2000,2764.0000,2754.0000,2779.6000,2779.8000,2780.0000,2780.8000,2782.6000,1,1,3,1,2,5,1,1,1,1
SF,IH2012,2020-06-09 09:30:00.400,2771.2000,4826,0,2494080.000,0,-,-,-,-,2771.0000,2770.8000,2768.2000,2766.2000,2764.0000,2777.8000,2779.0000,2779.2000,2779.6000,2779.8000,3,1,1,3,1,1,6,7,5,1
SF,IH2012,2020-06-09 09:30:00.900,2771.2000,4826,0,2494080.000,0,-,-,-,-,2771.2000,2771.0000,2770.8000,2764.0000,2754.0000,2774.4000,2777.4000,2777.6000,2777.8000,2779.0000,1,3,1,1,2,1,6,3,1,6
SF,IH2012,2020-06-09 09:30:01.400,2771.2000,4826,0,2494080.000,0,-,-,-,-,2771.4000,2771.2000,2771.0000,2770.8000,2766.4000,2774.2000,2774.4000,2777.4000,2777.6000,2777.8000,1,2,3,1,5,1,1,6,2,1
SF,IH2012,2020-06-09 09:30:01.900,2771.2000,4826,0,2494080.000,0,-,-,-,-,2771.4000,2771.2000,2771.0000,2770.8000,2766.4000,2774.2000,2774.4000,2777.4000,2777.6000,2777.8000,1,2,2,1,5,1,1,6,2,1
SF,IH2012,2020-06-09 09:30:02.400,2771.2000,4826,0,2494080.000,0,-,-,-,-,2771.4000,2771.2000,2771.0000,2770.8000,2766.4000,2774.2000,2774.4000,2777.4000,2777.6000,2779.0000,1,2,2,1,5,1,1,6,2,5
SF,IH2012,2020-06-09 09:30:02.900,2771.2000,4826,0,2494080.000,0,-,-,-,-,2771.4000,2771.2000,2771.0000,2770.8000,2766.4000,2774.2000,2774.4000,2776.6000,2777.4000,2777.6000,1,2,2,1,5,1,1,2,6,2
SF,IH2012,2020-06-09 09:30:03.400,2771.2000,4826,0,2494080.000,0,-,-,-,-,2771.4000,2771.2000,2771.0000,2770.8000,2766.4000,2774.2000,2774.4000,2776.6000,2777.4000,2777.6000,1,2,2,1,5,1,1,2,6,2
SF,IH2012,2020-06-09 09:30:03.900,2771.2000,4826,0,2494080.000,0,-,-,-,-,2771.4000,2771.2000,2771.0000,2770.8000,2766.4000,2774.2000,2774.4000,2776.6000,2777.4000,2777.6000,1,1,2,1,5,1,1,2,6,2
SF,IH2012,2020-06-09 09:30:04.400,2771.2000,4826,0,2494080.000,0,-,-,-,-,2771.4000,2771.2000,2771.0000,2770.8000,2766.4000,2774.2000,2774.4000,2776.6000,2777.4000,2777.6000,1,1,2,1,5,1,1,2,6,2
SF,IH2012,2020-06-09 09:30:04.900,2771.2000,4826,0,2494080.000,0,-,-,-,-,2771.2000,2771.0000,2770.8000,2766.4000,2764.0000,2774.2000,2774.4000,2776.6000,2777.4000,2777.6000,1,2,1,5,1,1,1,2,6,2
SF,IH2012,2020-06-09 09:30:05.400,2771.2000,4826,0,2494080.000,0,-,-,-,-,2771.2000,2771.0000,2770.8000,2766.4000,2764.0000,2774.2000,2774.4000,2776.6000,2777.4000,2777.6000,1,2,1,5,1,1,1,2,6,2
SF,IH2012,2020-06-09 09:30:05.900,2771.2000,4826,0,2494080.000,0,-,-,-,-,2771.2000,2771.0000,2770.8000,2766.4000,2764.0000,2774.2000,2774.4000,2776.6000,2777.4000,2777.6000,1,2,1,5,1,1,1,2,6,2
SF,IH2012,2020-06-09 09:30:06.400,2771.2000,4826,0,2494080.000,0,-,-,-,-,2771.2000,2771.0000,2770.8000,2766.4000,2764.0000,2774.2000,2774.4000,2776.6000,2777.4000,2777.6000,1,2,1,5,1,1,1,2,6,2
SF,IH2012,2020-06-09 09:30:08.400,2771.2000,4826,0,2494080.000,0,-,-,-,-,2771.4000,2771.2000,2771.0000,2770.8000,2766.4000,2774.2000,2774.4000,2776.6000,2777.4000,2777.6000,1,1,2,1,5,1,1,2,6,2
SF,IH2012,2020-06-09 09:30:08.900,2771.2000,4826,0,2494080.000,0,-,-,-,-,2771.4000,2771.2000,2771.0000,2770.8000,2766.4000,2774.2000,2774.4000,2776.6000,2777.4000,2777.6000,1,1,2,1,5,1,1,2,6,2
SF,IH2012,2020-06-09 09:30:09.400,2771.2000,4826,0,2494080.000,0,-,-,-,-,2771.4000,2771.2000,2771.0000,2770.8000,2766.4000,2774.2000,2774.4000,2776.6000,2777.4000,2777.6000,1,1,2,1,5,1,1,2,6,2
SF,IH2012,2020-06-09 09:30:09.900,2771.2000,4826,0,2494080.000,0,-,-,-,-,2771.4000,2771.2000,2771.0000,2770.8000,2766.4000,2774.2000,2774.4000,2776.6000,2777.4000,2777.6000,1,1,2,1,5,1,1,2,6,2
SF,IH2012,2020-06-09 09:30:10.400,2771.2000,4826,0,2494080.000,0,-,-,-,-,2771.4000,2771.2000,2771.0000,2770.8000,2766.4000,2774.2000,2774.4000,2776.6000,2777.4000,2777.6000,1,1,2,1,5,1,1,2,6,2
SF,IH2012,2020-06-09 09:30:10.900,2771.2000,4826,0,2494080.000,0,-,-,-,-,2771.4000,2771.2000,2771.0000,2770.8000,2766.4000,2774.2000,2774.4000,2776.6000,2777.4000,2777.6000,1,1,2,1,5,1,1,2,6,2
SF,IH2012,2020-06-09 09:30:11.400,2771.2000,4826,0,2494080.000,0,-,-,-,-,2771.6000,2771.4000,2771.0000,2770.8000,2766.4000,2774.2000,2774.4000,2776.6000,2777.4000,2777.6000,1,1,2,1,5,1,1,2,6,2
SF,IH2012,2020-06-09 09:30:11.900,2771.2000,4826,0,2494080.000,0,-,-,-,-,2771.6000,2771.4000,2771.0000,2770.8000,2766.4000,2774.2000,2776.6000,2777.6000,2779.0000,2779.2000,1,1,2,1,5,1,2,2,5,1
SF,IH2012,2020-06-09 09:30:12.400,2771.2000,4826,0,2494080.000,0,-,-,-,-,2771.8000,2771.6000,2771.4000,2771.0000,2770.8000,2774.2000,2776.6000,2777.6000,2779.0000,2779.2000,1,1,1,2,1,1,2,2,5,1
SF,IH2012,2020-06-09 09:30:12.900,2771.2000,4826,0,2494080.000,0,-,-,-,-,2771.8000,2771.6000,2771.4000,2771.0000,2770.8000,2774.2000,2776.0000,2776.6000,2777.6000,2779.0000,1,1,1,2,1,1,1,2,2,5
SF,IH2012,2020-06-09 09:30:13.400,2771.2000,4826,0,2494080.000,0,-,-,-,-,2771.8000,2771.6000,2771.4000,2771.0000,2770.8000,2774.2000,2776.0000,2776.6000,2777.6000,2779.0000,1,1,1,2,1,1,1,2,2,5
SF,IH2012,2020-06-09 09:30:13.900,2771.2000,4826,0,2494080.000,0,-,-,-,-,2771.8000,2771.6000,2771.0000,2770.8000,2766.4000,2774.2000,2776.0000,2776.6000,2777.6000,2779.0000,1,1,2,1,5,1,1,2,2,5
SF,IH2012,2020-06-09 09:30:14.400,2771.2000,4826,0,2494080.000,0,-,-,-,-,2773.0000,2772.0000,2771.8000,2771.6000,2771.0000,2774.2000,2776.0000,2776.6000,2777.6000,2779.0000,1,1,1,1,2,1,1,2,2,5
SF,IH2012,2020-06-09 09:30:14.900,2774.2000,4825,-1,3326340.000,1,0,1,双平,S,2773.2000,2772.0000,2771.8000,2771.0000,2770.8000,2776.0000,2776.6000,2777.6000,2779.0000,2779.2000,1,1,1,2,1,1,2,2,5,1
SF,IH2012,2020-06-09 09:30:15.400,2774.2000,4825,0,3326340.000,0,-,-,-,-,2773.2000,2772.0000,2771.8000,2771.0000,2770.8000,2776.0000,2776.6000,2777.6000,2779.0000,2779.2000,1,1,1,2,1,1,2,2,5,1
SF,IH2012,2020-06-09 09:30:16.900,2774.2000,4825,0,3326340.000,0,-,-,-,-,2773.2000,2772.0000,2771.8000,2771.0000,2770.8000,2775.8000,2776.0000,2776.6000,2777.6000,2779.0000,1,1,1,2,1,1,1,2,2,5
SF,IH2012,2020-06-09 09:30:17.400,2774.2000,4825,0,3326340.000,0,-,-,-,-,2773.2000,2772.0000,2771.8000,2771.0000,2770.8000,2775.6000,2775.8000,2776.0000,2776.6000,2777.6000,1,1,1,2,1,1,1,1,2,2
SF,IH2012,2020-06-09 09:30:17.900,2774.2000,4825,0,3326340.000,0,-,-,-,-,2773.2000,2771.8000,2771.0000,2770.8000,2766.4000,2775.6000,2775.8000,2776.0000,2776.6000,2777.6000,1,1,2,1,5,1,1,1,2,2
SF,IH2012,2020-06-09 09:30:18.400,2774.2000,4825,0,3326340.000,0,-,-,-,-,2771.8000,2771.0000,2770.8000,2766.4000,2764.0000,2775.6000,2775.8000,2776.0000,2776.6000,2777.6000,1,2,1,5,1,1,1,1,2,2
SF,IH2012,2020-06-09 09:30:19.900,2774.2000,4825,0,3326340.000,0,-,-,-,-,2771.8000,2771.0000,2770.8000,2766.4000,2764.0000,2775.6000,2775.8000,2776.0000,2776.6000,2777.6000,1,3,1,5,1,1,1,1,2,2
SF,IH2012,2020-06-09 09:30:20.400,2774.2000,4825,0,3326340.000,0,-,-,-,-,2771.8000,2771.0000,2770.8000,2766.4000,2764.0000,2775.6000,2775.8000,2776.0000,2776.6000,2777.6000,1,3,1,5,1,1,1,1,2,2
SF,IH2012,2020-06-09 09:30:21.900,2774.2000,4825,0,3326340.000,0,-,-,-,-,2771.8000,2771.0000,2770.8000,2766.4000,2764.0000,2775.4000,2775.6000,2775.8000,2776.0000,2776.6000,1,3,1,5,1,1,1,1,1,2
SF,IH2012,2020-06-09 09:30:22.400,2774.2000,4825,0,3326340.000,0,-,-,-,-,2771.8000,2771.0000,2770.8000,2766.4000,2764.0000,2775.4000,2775.6000,2775.8000,2776.0000,2776.6000,1,3,1,5,1,1,1,1,1,2
SF,IH2012,2020-06-09 09:30:22.900,2775.4000,4824,-1,4158960.000,1,0,1,双平,S,2772.0000,2771.8000,2771.0000,2770.8000,2766.4000,2775.6000,2775.8000,2776.0000,2776.6000,2777.6000,1,1,3,1,5,1,1,1,2,2
SF,IH2012,2020-06-09 09:30:23.400,2775.4000,4824,0,4158960.000,0,-,-,-,-,2772.0000,2771.8000,2771.0000,2770.8000,2766.4000,2775.2000,2775.6000,2775.8000,2776.0000,2776.6000,1,1,3,1,5,2,1,1,1,2
SF,IH2012,2020-06-09 09:30:23.900,2775.4000,4824,0,4158960.000,0,-,-,-,-,2772.0000,2771.8000,2771.0000,2770.8000,2766.4000,2773.8000,2775.2000,2775.6000,2775.8000,2776.0000,1,1,3,1,5,1,2,1,1,1
SF,IH2012,2020-06-09 09:30:24.400,2775.4000,4824,0,4158960.000,0,-,-,-,-,2772.0000,2771.0000,2770.8000,2766.4000,2764.0000,2773.8000,2774.8000,2775.2000,2775.6000,2775.8000,1,3,1,5,1,1,1,2,1,1
SF,IH2012,2020-06-09 09:30:25.400,2775.4000,4824,0,4158960.000,0,-,-,-,-,2772.0000,2771.0000,2770.8000,2766.4000,2764.0000,2773.6000,2773.8000,2775.2000,2775.6000,2775.8000,1,3,1,5,1,1,1,2,1,1
SF,IH2012,2020-06-09 09:30:25.900,2775.4000,4824,0,4158960.000,0,-,-,-,-,2772.0000,2771.0000,2770.8000,2766.4000,2764.0000,2773.6000,2773.8000,2775.2000,2775.6000,2775.8000,1,3,1,5,1,1,1,2,1,1
SF,IH2012,2020-06-09 09:30:26.400,2773.6000,4823,-1,4991040.000,1,0,1,双平,S,2773.6000,2772.0000,2771.0000,2770.8000,2766.4000,2773.8000,2775.6000,2775.8000,2776.0000,2776.6000,1,1,3,1,5,1,1,1,1,2
SF,IH2012,2020-06-09 09:30:26.900,2773.6000,4823,0,6655260.000,2,1,1,多换,S,2772.0000,2771.0000,2770.8000,2766.4000,2764.0000,2775.6000,2775.8000,2776.0000,2776.6000,2777.6000,1,3,1,5,1,1,1,1,2,2
SF,IH2012,2020-06-09 09:30:27.400,2773.6000,4823,0,6655260.000,0,-,-,-,-,2772.0000,2771.0000,2770.8000,2766.4000,2764.0000,2775.6000,2775.8000,2776.0000,2776.6000,2777.6000,1,3,1,5,1,1,1,1,2,2
SF,IH2012,2020-06-09 09:30:27.900,2773.6000,4823,0,6655260.000,0,-,-,-,-,2772.0000,2771.0000,2770.8000,2766.4000,2764.0000,2775.2000,2775.6000,2775.8000,2776.0000,2776.6000,2,3,1,5,1,1,1,1,1,2
SF,IH2012,2020-06-09 09:30:28.400,2773.6000,4823,0,6655260.000,0,-,-,-,-,2775.0000,2772.0000,2771.0000,2770.8000,2766.4000,2775.2000,2775.6000,2775.8000,2776.0000,2776.6000,1,2,3,1,5,1,1,1,1,2
SF,IH2012,2020-06-09 09:30:28.900,2775.0000,4822,-1,7487760.000,1,0,1,双平,S,2772.0000,2771.0000,2770.8000,2766.4000,2764.0000,2775.0000,2775.2000,2775.8000,2776.0000,2776.4000,2,3,1,5,1,2,1,1,1,1
SF,IH2012,2020-06-09 09:30:29.400,2775.0000,4822,0,7487760.000,0,-,-,-,-,2772.0000,2771.0000,2770.8000,2766.4000,2764.0000,2775.0000,2775.2000,2775.8000,2776.0000,2776.4000,2,3,1,5,1,2,1,1,1,1
SF,IH2012,2020-06-09 09:30:29.900,2775.0000,4822,0,7487760.000,0,-,-,-,-,2772.0000,2771.0000,2770.8000,2766.4000,2764.0000,2774.4000,2774.6000,2774.8000,2775.0000,2775.8000,2,3,1,5,1,1,1,1,1,1
SF,IH2012,2020-06-09 09:30:30.900,2772.0000,4821,-1,9151860.000,2,0,2,多平,S,2772.0000,2771.0000,2770.8000,2766.4000,2764.0000,2774.6000,2774.8000,2775.0000,2775.8000,2776.0000,1,3,1,5,1,1,1,1,1,1
SF,IH2012,2020-06-09 09:30:31.400,2772.0000,4821,0,9151860.000,0,-,-,-,-,2772.0000,2771.0000,2770.8000,2766.4000,2764.0000,2774.6000,2774.8000,2775.0000,2775.8000,2776.0000,1,3,1,5,1,1,1,1,1,1
SF,IH2012,2020-06-09 09:30:31.900,2772.0000,4821,0,9151860.000,0,-,-,-,-,2772.0000,2771.0000,2770.8000,2766.4000,2764.0000,2774.2000,2774.4000,2774.8000,2775.0000,2775.8000,1,3,1,5,1,1,1,1,1,1
SF,IH2012,2020-06-09 09:30:32.400,2772.0000,4820,-1,9983460.000,1,0,1,双平,S,2771.0000,2770.8000,2766.4000,2764.0000,2754.0000,2774.2000,2774.4000,2775.0000,2775.8000,2776.0000,3,1,5,1,2,1,2,1,1,1
SF,IH2012,2020-06-09 09:30:33.400,2772.0000,4820,0,9983460.000,0,-,-,-,-,2771.0000,2770.8000,2766.4000,2764.0000,2754.0000,2773.8000,2774.0000,2774.2000,2774.4000,2775.0000,3,1,5,1,2,1,1,1,1,1
SF,IH2012,2020-06-09 09:30:33.900,2772.0000,4820,0,9983460.000,0,-,-,-,-,2771.2000,2771.0000,2770.8000,2766.4000,2764.0000,2773.8000,2774.0000,2774.2000,2774.4000,2775.0000,1,3,1,5,1,1,1,1,1,1
SF,IH2012,2020-06-09 09:30:34.400,2771.2000,4820,0,10814820.000,1,0,1,多换,S,2771.0000,2770.8000,2766.4000,2764.0000,2754.0000,2773.8000,2774.2000,2774.4000,2775.0000,2775.8000,3,1,5,1,2,1,1,1,1,1
SF,IH2012,2020-06-09 09:30:34.900,2771.2000,4820,0,10814820.000,0,-,-,-,-,2771.6000,2771.0000,2770.8000,2766.4000,2764.0000,2773.6000,2773.8000,2774.2000,2774.4000,2775.0000,1,3,1,5,1,1,1,1,1,1
SF,IH2012,2020-06-09 09:30:35.400,2771.2000,4820,0,10814820.000,0,-,-,-,-,2771.6000,2771.2000,2771.0000,2770.8000,2766.4000,2773.0000,2773.6000,2773.8000,2774.2000,2774.4000,1,1,3,1,5,1,1,1,1,1
SF,IH2012,2020-06-09 09:30:35.900,2771.2000,4820,0,10814820.000,0,-,-,-,-,2771.6000,2771.2000,2771.0000,2770.8000,2766.4000,2773.0000,2773.8000,2774.2000,2774.4000,2775.0000,1,1,3,1,5,1,2,1,1,1
SF,IH2012,2020-06-09 09:30:36.400,2773.0000,4820,0,11646720.000,1,0,1,多换,S,2771.6000,2771.2000,2771.0000,2770.8000,2766.4000,2773.8000,2774.2000,2774.4000,2775.0000,2775.8000,1,1,3,1,5,2,1,1,1,1
SF,IH2012,2020-06-09 09:30:37.400,2773.0000,4820,0,11646720.000,0,-,-,-,-,2771.6000,2771.2000,2771.0000,2770.8000,2766.4000,2773.6000,2773.8000,2774.0000,2774.2000,2775.0000,1,1,3,1,5,1,1,1,1,1
SF,IH2012,2020-06-09 09:30:38.400,2773.0000,4820,0,11646720.000,0,-,-,-,-,2771.6000,2771.2000,2771.0000,2770.8000,2766.4000,2773.6000,2773.8000,2774.0000,2775.0000,2775.8000,1,1,3,1,5,1,1,1,1,1
SF,IH2012,2020-06-09 09:30:38.900,2773.0000,4820,0,11646720.000,0,-,-,-,-,2771.2000,2771.0000,2770.8000,2766.4000,2764.0000,2773.4000,2773.6000,2774.0000,2775.0000,2775.8000,1,3,1,5,1,1,1,1,1,1
SF,IH2012,2020-06-09 09:30:39.400,2773.0000,4820,0,11646720.000,0,-,-,-,-,2771.2000,2771.0000,2770.8000,2766.4000,2764.0000,2773.2000,2773.4000,2773.6000,2774.0000,2775.0000,1,3,1,5,1,1,1,1,1,1
SF,IH2012,2020-06-09 09:30:40.400,2773.0000,4820,0,11646720.000,0,-,-,-,-,2771.2000,2771.0000,2770.8000,2766.4000,2764.0000,2773.2000,2773.6000,2774.0000,2775.0000,2775.8000,1,3,1,5,1,1,1,1,1,1
SF,IH2012,2020-06-09 09:30:40.900,2773.0000,4820,0,11646720.000,0,-,-,-,-,2771.2000,2771.0000,2770.8000,2766.4000,2764.0000,2773.6000,2774.0000,2775.0000,2775.8000,2776.0000,1,3,1,5,1,1,1,1,1,1
SF,IH2012,2020-06-09 09:30:41.400,2773.0000,4820,0,12478620.000,1,0,1,多换,S,2771.4000,2771.2000,2771.0000,2770.8000,2766.4000,2773.6000,2774.0000,2775.0000,2775.8000,2776.0000,1,1,3,1,5,1,1,1,1,1
SF,IH2012,2020-06-09 09:30:41.900,2773.0000,4820,0,12478620.000,0,-,-,-,-,2771.4000,2771.2000,2771.0000,2770.8000,2766.4000,2773.6000,2774.0000,2775.0000,2775.8000,2776.0000,1,1,3,1,5,1,1,1,1,1
SF,IH2012,2020-06-09 09:30:42.400,2773.0000,4820,0,12478620.000,0,-,-,-,-,2771.4000,2771.2000,2771.0000,2770.8000,2766.4000,2773.6000,2774.0000,2775.0000,2775.8000,2776.0000,1,1,3,1,5,1,1,1,1,1
SF,IH2012,2020-06-09 09:30:42.900,2773.0000,4820,0,12478620.000,0,-,-,-,-,2771.4000,2771.2000,2771.0000,2770.8000,2766.4000,2774.0000,2775.0000,2775.8000,2776.0000,2776.6000,1,1,3,1,5,1,1,1,1,2
SF,IH2012,2020-06-09 09:30:43.400,2773.0000,4820,0,12478620.000,0,-,-,-,-,2771.4000,2771.2000,2771.0000,2770.8000,2766.4000,2773.8000,2774.0000,2775.0000,2775.8000,2776.0000,1,1,3,1,5,1,1,1,1,1
SF,IH2012,2020-06-09 09:30:43.900,2773.0000,4820,0,12478620.000,0,-,-,-,-,2771.4000,2771.0000,2770.8000,2766.4000,2764.0000,2773.8000,2775.0000,2775.8000,2776.0000,2776.6000,1,3,1,5,1,1,1,1,1,2
SF,IH2012,2020-06-09 09:30:44.400,2773.0000,4820,0,12478620.000,0,-,-,-,-,2771.6000,2771.4000,2771.0000,2770.8000,2766.4000,2773.8000,2774.4000,2775.0000,2775.8000,2776.0000,1,1,3,1,5,1,1,1,1,1
SF,IH2012,2020-06-09 09:30:45.400,2773.0000,4820,0,12478620.000,0,-,-,-,-,2772.0000,2771.8000,2771.6000,2771.0000,2770.8000,2773.8000,2774.4000,2775.0000,2775.8000,2776.0000,1,1,1,3,1,1,1,1,1,1
SF,IH2012,2020-06-09 09:30:46.900,2773.0000,4820,0,12478620.000,0,-,-,-,-,2771.8000,2771.6000,2771.0000,2770.8000,2766.4000,2773.8000,2774.4000,2775.0000,2775.8000,2776.0000,1,1,3,1,5,1,1,1,1,1
SF,IH2012,2020-06-09 09:30:47.400,2773.0000,4820,0,12478620.000,0,-,-,-,-,2771.8000,2771.6000,2771.0000,2770.8000,2766.4000,2773.8000,2774.4000,2775.0000,2775.8000,2776.0000,1,1,3,1,5,1,1,1,1,1
SF,IH2012,2020-06-09 09:30:48.400,2773.0000,4820,0,12478620.000,0,-,-,-,-,2771.0000,2770.8000,2766.4000,2764.0000,2754.8000,2773.8000,2774.4000,2775.0000,2775.8000,2776.0000,3,1,5,1,1,1,1,1,1,1
SF,IH2012,2020-06-09 09:30:48.900,2773.0000,4820,0,12478620.000,0,-,-,-,-,2771.0000,2770.8000,2766.4000,2764.0000,2754.8000,2773.6000,2773.8000,2774.4000,2775.0000,2775.8000,3,1,5,1,1,1,1,1,1,1
SF,IH2012,2020-06-09 09:30:49.400,2773.0000,4820,0,12478620.000,0,-,-,-,-,2771.2000,2771.0000,2770.8000,2766.4000,2764.0000,2773.4000,2773.6000,2774.4000,2775.0000,2775.8000,1,3,1,5,1,1,1,1,1,1
SF,IH2012,2020-06-09 09:30:49.900,2773.0000,4820,0,12478620.000,0,-,-,-,-,2771.2000,2771.0000,2770.8000,2766.4000,2764.0000,2773.4000,2773.6000,2774.4000,2775.0000,2775.8000,1,3,1,5,1,2,1,1,1,1
SF,IH2012,2020-06-09 09:30:50.400,2773.0000,4820,0,12478620.000,0,-,-,-,-,2771.2000,2771.0000,2770.8000,2766.4000,2764.0000,2773.4000,2774.4000,2775.0000,2775.8000,2776.0000,1,3,1,5,1,2,1,1,1,1
SF,IH2012,2020-06-09 09:30:50.900,2771.2000,4819,-1,13309980.000,1,0,1,双平,S,2771.4000,2771.0000,2770.8000,2766.4000,2764.0000,2773.4000,2774.4000,2775.0000,2775.8000,2776.0000,1,3,1,5,1,2,1,1,1,1
SF,IH2012,2020-06-09 09:30:51.900,2771.2000,4819,0,13309980.000,0,-,-,-,-,2771.6000,2771.4000,2771.0000,2770.8000,2766.4000,2773.4000,2774.4000,2775.0000,2775.8000,2776.0000,1,1,3,1,5,2,1,1,1,1
SF,IH2012,2020-06-09 09:30:52.900,2771.2000,4819,0,13309980.000,0,-,-,-,-,2771.6000,2771.0000,2770.8000,2766.4000,2764.0000,2773.2000,2773.4000,2774.4000,2775.0000,2775.8000,1,3,1,5,1,2,1,1,1,1
SF,IH2012,2020-06-09 09:30:53.400,2771.6000,4818,-1,14141460.000,1,0,1,双平,S,2771.0000,2770.8000,2766.4000,2764.0000,2754.8000,2773.0000,2773.2000,2773.4000,2774.4000,2775.0000,3,1,5,1,1,1,2,2,1,1
SF,IH2012,2020-06-09 09:30:53.900,2772.8000,4818,0,14973300.000,1,0,1,多换,S,2771.0000,2770.8000,2766.4000,2764.0000,2754.8000,2773.0000,2773.2000,2773.4000,2774.4000,2775.0000,3,1,5,1,1,2,2,2,1,1
SF,IH2012,2020-06-09 09:30:54.400,2772.8000,4818,0,14973300.000,0,-,-,-,-,2771.0000,2770.8000,2766.4000,2764.0000,2754.8000,2771.4000,2772.8000,2773.0000,2773.2000,2773.4000,3,1,5,1,1,1,2,1,1,1
SF,IH2012,2020-06-09 09:30:54.900,2771.0000,4818,0,17467200.000,3,1,2,多换,S,2770.8000,2766.4000,2764.0000,2754.8000,2754.0000,2771.4000,2772.8000,2773.2000,2773.4000,2774.4000,1,5,1,1,2,1,4,1,1,1
SF,IH2012,2020-06-09 09:30:55.400,2770.8000,4817,-1,18298440.000,1,0,1,双平,S,2766.4000,2764.0000,2754.8000,2754.0000,2753.0000,2771.4000,2772.8000,2773.2000,2773.4000,2775.0000,5,1,1,2,1,1,5,1,1,1
SF,IH2012,2020-06-09 09:30:55.900,2770.8000,4817,0,18298440.000,0,-,-,-,-,2769.6000,2766.8000,2766.6000,2766.4000,2764.0000,2770.8000,2771.4000,2772.8000,2773.4000,2775.0000,1,6,2,5,1,1,1,5,1,1
SF,IH2012,2020-06-09 09:30:56.400,2770.8000,4817,0,18298440.000,0,-,-,-,-,2766.8000,2766.6000,2766.4000,2764.0000,2754.8000,2770.6000,2770.8000,2771.4000,2772.8000,2773.4000,6,2,5,1,1,1,1,1,2,1
SF,IH2012,2020-06-09 09:30:56.900,2770.8000,4817,0,18298440.000,0,-,-,-,-,2767.0000,2766.8000,2764.0000,2762.6000,2754.8000,2770.6000,2771.4000,2772.8000,2773.4000,2775.0000,2,6,1,5,1,1,1,1,1,1
SF,IH2012,2020-06-09 09:30:57.400,2770.8000,4817,0,18298440.000,0,-,-,-,-,2769.0000,2767.8000,2767.4000,2767.0000,2764.0000,2770.6000,2771.4000,2773.4000,2775.0000,2776.0000,1,1,6,2,1,1,1,1,1,1
SF,IH2012,2020-06-09 09:30:57.900,2770.8000,4817,0,18298440.000,0,-,-,-,-,2767.8000,2767.4000,2767.0000,2764.0000,2762.6000,2770.6000,2771.4000,2773.4000,2775.0000,2776.0000,1,6,2,1,5,1,1,1,1,1
SF,IH2012,2020-06-09 09:30:58.400,2770.8000,4817,0,18298440.000,0,-,-,-,-,2767.8000,2767.4000,2767.0000,2764.0000,2762.6000,2770.6000,2771.4000,2773.4000,2775.0000,2776.0000,1,6,2,1,5,1,1,1,1,1
SF,IH2012,2020-06-09 09:30:58.900,2769.2000,4816,-1,19129200.000,1,0,1,双平,S,2768.0000,2767.8000,2767.0000,2764.0000,2762.6000,2770.6000,2771.4000,2773.4000,2775.0000,2776.0000,6,1,2,1,5,1,1,1,1,1
SF,IH2012,2020-06-09 09:30:59.400,2769.2000,4816,0,19129200.000,0,-,-,-,-,2768.8000,2768.0000,2767.0000,2764.0000,2762.6000,2770.6000,2771.4000,2773.4000,2775.0000,2776.0000,1,6,2,1,5,1,1,1,1,1
SF,IH2012,2020-06-09 09:30:59.900,2769.2000,4816,0,19129200.000,0,-,-,-,-,2768.8000,2768.2000,2768.0000,2767.0000,2764.0000,2770.6000,2771.4000,2773.4000,2775.0000,2776.0000,1,1,6,2,1,1,1,1,1,1
SF,IH2012,2020-06-09 09:31:00.400,2769.2000,4816,0,19129200.000,0,-,-,-,-,2768.8000,2768.2000,2768.0000,2767.0000,2764.0000,2770.6000,2771.4000,2773.4000,2775.0000,2776.0000,1,1,6,2,1,1,1,1,1,1
SF,IH2012,2020-06-09 09:31:00.900,2769.2000,4816,0,19129200.000,0,-,-,-,-,2769.0000,2768.8000,2768.2000,2768.0000,2767.0000,2770.6000,2771.4000,2773.4000,2775.0000,2776.0000,1,1,1,6,2,1,1,1,1,1
SF,IH2012,2020-06-09 09:31:01.400,2769.2000,4816,0,19129200.000,0,-,-,-,-,2769.2000,2769.0000,2768.2000,2768.0000,2767.0000,2770.6000,2771.4000,2773.4000,2775.0000,2776.0000,1,1,1,6,2,1,1,1,1,1
SF,IH2012,2020-06-09 09:31:01.900,2770.6000,4815,-1,19960380.000,1,0,1,双平,S,2770.6000,2769.4000,2769.2000,2768.2000,2768.0000,2771.4000,2773.4000,2775.0000,2776.0000,2776.6000,1,1,1,1,6,1,1,1,1,2
SF,IH2012,2020-06-09 09:31:02.400,2770.6000,4815,0,19960380.000,0,-,-,-,-,2770.6000,2769.4000,2769.2000,2768.6000,2768.2000,2771.4000,2773.4000,2775.0000,2776.0000,2776.6000,1,1,1,1,1,1,1,1,1,2
SF,IH2012,2020-06-09 09:31:02.900,2770.6000,4815,0,19960380.000,0,-,-,-,-,2770.6000,2769.4000,2768.6000,2768.0000,2767.0000,2771.4000,2773.4000,2775.0000,2776.0000,2776.6000,1,1,1,6,2,1,1,1,1,2
SF,IH2012,2020-06-09 09:31:03.400,2770.6000,4815,0,19960380.000,0,-,-,-,-,2770.6000,2769.4000,2768.6000,2768.0000,2767.0000,2771.2000,2771.4000,2773.4000,2775.0000,2776.0000,1,1,1,6,2,1,1,1,1,1
SF,IH2012,2020-06-09 09:31:03.900,2771.4000,4813,-2,21623160.000,2,0,2,双平,S,2770.6000,2769.4000,2768.6000,2768.0000,2767.0000,2773.4000,2775.0000,2776.0000,2776.6000,2777.6000,1,1,1,6,2,1,1,1,2,2
SF,IH2012,2020-06-09 09:31:04.400,2771.4000,4813,0,21623160.000,0,-,-,-,-,2770.6000,2769.4000,2768.6000,2768.0000,2767.0000,2773.4000,2775.0000,2776.0000,2776.6000,2777.6000,1,1,1,6,2,1,1,1,2,2
SF,IH2012,2020-06-09 09:31:04.900,2771.4000,4813,0,21623160.000,0,-,-,-,-,2770.8000,2770.6000,2769.4000,2768.6000,2768.0000,2773.4000,2775.0000,2776.0000,2776.6000,2777.6000,1,1,1,1,6,1,1,1,2,2
SF,IH2012,2020-06-09 09:31:05.400,2771.4000,4813,0,21623160.000,0,-,-,-,-,2770.8000,2770.6000,2769.4000,2768.6000,2768.0000,2773.4000,2775.0000,2776.0000,2776.6000,2777.6000,1,1,1,1,6,1,1,1,2,2
SF,IH2012,2020-06-09 09:31:05.900,2771.4000,4813,0,21623160.000,0,-,-,-,-,2770.8000,2770.6000,2769.4000,2768.6000,2768.0000,2773.2000,2773.4000,2775.0000,2776.0000,2776.6000,1,1,1,1,6,2,1,1,1,2
SF,IH2012,2020-06-09 09:31:06.400,2771.4000,4813,0,21623160.000,0,-,-,-,-,2770.8000,2770.6000,2769.4000,2768.6000,2768.0000,2773.0000,2773.2000,2773.4000,2775.0000,2776.0000,1,1,1,1,6,1,2,1,1,1
SF,IH2012,2020-06-09 09:31:07.400,2771.4000,4813,0,21623160.000,0,-,-,-,-,2770.8000,2770.6000,2769.4000,2768.6000,2768.0000,2773.0000,2773.2000,2773.4000,2775.0000,2776.0000,1,1,1,1,6,1,1,1,1,1
SF,IH2012,2020-06-09 09:31:07.900,2771.4000,4813,0,21623160.000,0,-,-,-,-,2770.8000,2770.6000,2769.4000,2768.6000,2768.0000,2772.8000,2773.0000,2773.2000,2773.4000,2775.0000,1,1,1,1,6,1,1,1,1,1
SF,IH2012,2020-06-09 09:31:08.400,2771.4000,4813,0,21623160.000,0,-,-,-,-,2770.8000,2770.6000,2769.4000,2768.6000,2768.0000,2772.8000,2773.0000,2773.4000,2775.0000,2776.0000,1,1,1,1,6,1,1,1,1,1
SF,IH2012,2020-06-09 09:31:09.900,2771.4000,4813,0,21623160.000,0,-,-,-,-,2770.8000,2770.6000,2769.4000,2768.6000,2768.0000,2772.6000,2772.8000,2773.4000,2775.0000,2776.0000,1,1,1,1,6,1,1,1,1,1
SF,IH2012,2020-06-09 09:31:10.400,2770.8000,4812,-1,22454400.000,1,0,1,双平,S,2770.6000,2769.4000,2768.6000,2768.0000,2767.0000,2771.8000,2772.6000,2772.8000,2773.4000,2775.0000,1,1,1,6,2,1,1,1,1,1
SF,IH2012,2020-06-09 09:31:10.900,2770.8000,4812,0,22454400.000,0,-,-,-,-,2769.4000,2768.6000,2768.0000,2767.0000,2764.0000,2772.6000,2772.8000,2773.4000,2775.0000,2776.0000,1,1,6,2,1,1,1,1,1,1
SF,IH2012,2020-06-09 09:31:11.400,2770.8000,4812,0,22454400.000,0,-,-,-,-,2769.4000,2768.6000,2768.0000,2767.0000,2764.0000,2772.6000,2773.4000,2775.0000,2776.0000,2776.6000,1,1,6,2,1,1,1,1,1,2
SF,IH2012,2020-06-09 09:31:11.900,2770.8000,4812,0,22454400.000,0,-,-,-,-,2769.4000,2768.6000,2768.0000,2767.0000,2764.0000,2772.2000,2772.6000,2773.4000,2773.8000,2775.0000,1,1,6,2,1,1,1,1,1,1
SF,IH2012,2020-06-09 09:31:12.400,2770.8000,4812,0,22454400.000,0,-,-,-,-,2769.4000,2768.6000,2768.0000,2767.0000,2764.0000,2772.2000,2772.6000,2773.4000,2773.8000,2774.2000,1,1,6,2,1,1,1,1,1,1
SF,IH2012,2020-06-09 09:31:12.900,2770.8000,4812,0,22454400.000,0,-,-,-,-,2769.4000,2768.6000,2768.0000,2767.0000,2764.0000,2772.6000,2773.4000,2773.8000,2774.2000,2775.0000,1,1,6,2,1,1,1,1,1,1
SF,IH2012,2020-06-09 09:31:13.900,2770.8000,4812,0,22454400.000,0,-,-,-,-,2769.4000,2768.6000,2768.0000,2767.0000,2764.0000,2772.6000,2773.4000,2773.8000,2774.2000,2775.0000,1,1,6,2,1,1,1,1,1,1
SF,IH2012,2020-06-09 09:31:14.400,2770.8000,4812,0,22454400.000,0,-,-,-,-,2769.4000,2768.6000,2768.0000,2767.0000,2764.0000,2772.2000,2772.6000,2773.4000,2773.8000,2774.2000,1,1,6,2,1,5,1,1,1,1
SF,IH2012,2020-06-09 09:31:14.900,2770.8000,4812,0,22454400.000,0,-,-,-,-,2769.4000,2768.6000,2768.0000,2767.0000,2764.0000,2772.2000,2772.6000,2773.4000,2773.8000,2774.2000,1,1,6,2,1,5,1,1,1,1
SF,IH2012,2020-06-09 09:31:15.400,2770.8000,4812,0,22454400.000,0,-,-,-,-,2769.4000,2768.6000,2768.0000,2767.0000,2764.0000,2772.0000,2772.2000,2773.4000,2773.8000,2774.2000,1,1,6,2,1,1,5,1,1,1
SF,IH2012,2020-06-09 09:31:17.400,2770.8000,4812,0,22454400.000,0,-,-,-,-,2769.4000,2768.6000,2768.0000,2767.0000,2764.0000,2771.8000,2772.0000,2772.2000,2773.4000,2773.8000,1,1,6,2,1,1,1,5,1,1
SF,IH2012,2020-06-09 09:31:18.900,2770.8000,4812,0,22454400.000,0,-,-,-,-,2769.4000,2768.6000,2768.0000,2767.0000,2764.0000,2772.0000,2772.2000,2773.4000,2773.8000,2774.2000,1,1,6,2,1,1,5,1,1,1
SF,IH2012,2020-06-09 09:31:19.400,2770.8000,4812,0,22454400.000,0,-,-,-,-,2769.6000,2769.4000,2768.6000,2768.0000,2767.0000,2771.8000,2772.0000,2772.2000,2773.4000,2773.8000,1,1,1,6,2,1,1,5,1,1
SF,IH2012,2020-06-09 09:31:20.400,2770.8000,4812,0,22454400.000,0,-,-,-,-,2769.6000,2769.4000,2768.6000,2768.0000,2767.0000,2771.8000,2772.2000,2773.4000,2773.8000,2774.2000,1,1,1,6,2,1,5,1,1,1
SF,IH2012,2020-06-09 09:31:20.900,2769.6000,4811,-1,23285280.000,1,0,1,双平,S,2769.4000,2768.6000,2768.0000,2767.0000,2764.0000,2771.8000,2772.2000,2773.4000,2773.8000,2774.2000,1,1,6,2,1,1,5,1,1,1
SF,IH2012,2020-06-09 09:31:21.400,2769.6000,4811,0,23285280.000,0,-,-,-,-,2768.6000,2768.0000,2767.0000,2764.0000,2762.6000,2771.8000,2772.2000,2773.4000,2773.8000,2774.2000,1,6,2,1,5,1,5,1,1,1
SF,IH2012,2020-06-09 09:31:21.900,2769.6000,4811,0,23285280.000,0,-,-,-,-,2768.8000,2768.6000,2768.0000,2767.0000,2764.0000,2771.8000,2772.2000,2773.4000,2773.8000,2774.2000,1,1,6,2,1,1,5,1,1,1
SF,IH2012,2020-06-09 09:31:22.400,2769.6000,4811,0,23285280.000,0,-,-,-,-,2768.8000,2768.6000,2767.0000,2764.0000,2762.6000,2771.4000,2771.8000,2772.2000,2773.4000,2773.8000,1,1,2,1,5,1,1,5,1,1
SF,IH2012,2020-06-09 09:31:22.900,2769.6000,4811,0,23285280.000,0,-,-,-,-,2769.0000,2768.8000,2768.6000,2767.0000,2764.0000,2771.2000,2771.4000,2772.2000,2773.4000,2773.8000,1,1,1,2,1,1,1,5,1,1
SF,IH2012,2020-06-09 09:31:23.400,2769.6000,4811,0,23285280.000,0,-,-,-,-,2769.0000,2768.8000,2768.6000,2767.0000,2764.0000,2771.2000,2771.4000,2772.2000,2773.4000,2773.8000,1,1,1,2,1,1,1,5,1,1
SF,IH2012,2020-06-09 09:31:23.900,2769.6000,4811,0,23285280.000,0,-,-,-,-,2768.6000,2767.0000,2764.0000,2762.6000,2754.8000,2771.2000,2771.4000,2772.2000,2773.4000,2773.8000,1,2,1,5,1,1,1,5,1,1
SF,IH2012,2020-06-09 09:31:24.400,2769.6000,4811,0,23285280.000,0,-,-,-,-,2768.6000,2767.0000,2764.0000,2762.6000,2754.8000,2771.2000,2771.4000,2772.2000,2773.4000,2773.8000,1,2,1,5,1,1,1,5,1,1
SF,IH2012,2020-06-09 09:31:24.900,2769.6000,4811,0,23285280.000,0,-,-,-,-,2768.6000,2767.0000,2764.0000,2762.6000,2754.8000,2770.8000,2771.2000,2772.2000,2773.4000,2773.8000,1,2,1,5,1,1,1,5,1,1
SF,IH2012,2020-06-09 09:31:25.400,2769.6000,4811,0,23285280.000,0,-,-,-,-,2768.6000,2767.0000,2764.0000,2762.6000,2754.8000,2770.6000,2770.8000,2771.0000,2772.2000,2773.4000,1,2,1,5,1,1,1,1,5,1
SF,IH2012,2020-06-09 09:31:27.400,2769.6000,4811,0,23285280.000,0,-,-,-,-,2768.6000,2767.0000,2764.0000,2762.6000,2754.8000,2770.6000,2770.8000,2772.2000,2773.4000,2773.8000,1,2,1,5,1,1,1,5,1,1
SF,IH2012,2020-06-09 09:31:27.900,2769.6000,4811,0,23285280.000,0,-,-,-,-,2768.6000,2767.0000,2764.0000,2762.6000,2754.8000,2770.6000,2772.2000,2773.4000,2773.8000,2774.2000,1,2,1,5,1,1,5,1,1,1
SF,IH2012,2020-06-09 09:31:35.400,2769.6000,4811,0,23285280.000,0,-,-,-,-,2768.6000,2767.0000,2764.0000,2762.6000,2754.8000,2770.6000,2772.2000,2773.4000,2773.8000,2774.2000,1,2,1,5,1,1,5,1,1,1
SF,IH2012,2020-06-09 09:31:35.900,2769.6000,4811,0,23285280.000,0,-,-,-,-,2768.8000,2768.6000,2767.0000,2764.0000,2762.6000,2770.6000,2772.2000,2773.4000,2773.8000,2774.2000,1,1,2,1,5,1,5,1,1,1
SF,IH2012,2020-06-09 09:31:36.900,2769.6000,4811,0,23285280.000,0,-,-,-,-,2769.0000,2768.8000,2768.6000,2767.0000,2764.0000,2770.6000,2772.2000,2773.4000,2773.8000,2774.2000,1,1,1,2,1,1,5,1,1,1
SF,IH2012,2020-06-09 09:31:41.400,2769.6000,4811,0,23285280.000,0,-,-,-,-,2769.2000,2769.0000,2768.8000,2768.6000,2767.0000,2770.6000,2772.2000,2773.4000,2773.8000,2774.2000,1,1,1,1,2,1,5,1,1,1
SF,IH2012,2020-06-09 09:31:42.400,2769.6000,4811,0,23285280.000,0,-,-,-,-,2769.4000,2769.2000,2769.0000,2768.8000,2768.6000,2770.6000,2772.2000,2773.4000,2773.8000,2774.2000,1,1,1,1,1,1,5,1,1,1
SF,IH2012,2020-06-09 09:31:44.900,2769.6000,4811,0,23285280.000,0,-,-,-,-,2769.6000,2769.4000,2769.0000,2768.8000,2768.6000,2770.6000,2772.2000,2773.4000,2773.8000,2774.2000,1,1,1,1,1,1,5,1,1,1
SF,IH2012,2020-06-09 09:31:45.400,2769.6000,4811,0,23285280.000,0,-,-,-,-,2769.6000,2769.4000,2768.8000,2768.6000,2767.0000,2770.6000,2772.2000,2773.4000,2773.8000,2774.2000,1,1,1,1,2,1,5,1,1,1
SF,IH2012,2020-06-09 09:31:45.900,2769.6000,4811,0,23285280.000,0,-,-,-,-,2769.6000,2768.8000,2768.6000,2767.0000,2764.0000,2770.6000,2772.2000,2773.4000,2773.8000,2774.2000,1,1,1,2,1,1,5,1,1,1
SF,IH2012,2020-06-09 09:31:46.900,2770.6000,4810,-1,24116460.000,1,0,1,双平,S,2769.6000,2768.8000,2768.6000,2767.0000,2764.0000,2772.2000,2773.4000,2773.8000,2774.2000,2775.0000,1,1,1,2,1,5,1,1,1,1
SF,IH2012,2020-06-09 09:31:47.400,2770.6000,4810,0,24116460.000,0,-,-,-,-,2769.8000,2769.6000,2768.8000,2768.6000,2767.0000,2772.0000,2772.2000,2773.4000,2773.8000,2774.2000,1,1,1,1,2,1,5,1,1,1
SF,IH2012,2020-06-09 09:31:49.400,2772.0000,4810,0,24948060.000,1,0,1,多换,S,2769.8000,2769.6000,2768.8000,2768.6000,2767.0000,2772.2000,2773.4000,2773.8000,2774.2000,2775.0000,1,1,1,1,2,5,1,1,1,1
SF,IH2012,2020-06-09 09:31:49.900,2772.0000,4810,0,24948060.000,0,-,-,-,-,2770.0000,2769.6000,2768.6000,2767.0000,2764.0000,2772.0000,2772.2000,2773.4000,2773.8000,2774.2000,1,1,1,2,1,1,5,1,1,1
SF,IH2012,2020-06-09 09:31:50.400,2772.0000,4810,0,24948060.000,0,-,-,-,-,2770.0000,2769.6000,2768.6000,2767.0000,2764.0000,2772.0000,2772.2000,2773.4000,2773.8000,2774.2000,3,1,1,2,1,1,5,1,1,1
SF,IH2012,2020-06-09 09:31:50.900,2772.0000,4810,0,24948060.000,0,-,-,-,-,2770.0000,2769.6000,2768.6000,2767.0000,2764.0000,2771.8000,2772.0000,2772.2000,2773.4000,2773.8000,3,1,1,2,1,1,1,5,1,1
SF,IH2012,2020-06-09 09:31:51.400,2772.0000,4810,0,24948060.000,0,-,-,-,-,2770.0000,2769.6000,2768.6000,2767.0000,2764.0000,2771.8000,2772.2000,2773.4000,2773.8000,2774.2000,1,1,1,2,1,1,5,1,1,1
SF,IH2012,2020-06-09 09:31:52.400,2772.0000,4810,0,24948060.000,0,-,-,-,-,2770.2000,2770.0000,2768.6000,2767.0000,2764.0000,2771.8000,2772.2000,2773.4000,2773.8000,2774.2000,1,1,1,2,1,1,5,1,1,1
SF,IH2012,2020-06-09 09:31:53.400,2772.0000,4810,0,24948060.000,0,-,-,-,-,2770.4000,2770.2000,2770.0000,2768.6000,2767.0000,2772.2000,2773.4000,2773.8000,2774.2000,2775.0000,1,1,1,1,2,5,1,1,1,1
SF,IH2012,2020-06-09 09:31:53.900,2772.0000,4810,0,24948060.000,0,-,-,-,-,2770.6000,2770.4000,2770.2000,2769.8000,2768.6000,2772.2000,2773.4000,2773.8000,2774.2000,2775.0000,1,1,1,1,1,5,1,1,1,1
SF,IH2012,2020-06-09 09:31:54.900,2772.0000,4810,0,24948060.000,0,-,-,-,-,2770.6000,2770.2000,2769.8000,2768.6000,2767.0000,2772.2000,2773.4000,2773.8000,2774.2000,2775.0000,1,1,1,1,2,5,1,1,1,1
SF,IH2012,2020-06-09 09:31:55.400,2772.2000,4805,-5,29106360.000,5,0,5,双平,S,2772.0000,2770.6000,2770.2000,2769.8000,2768.6000,2773.4000,2773.8000,2774.2000,2775.0000,2776.0000,1,1,1,1,1,1,1,1,1,1
SF,IH2012,2020-06-09 09:31:55.900,2772.2000,4805,0,29106360.000,0,-,-,-,-,2772.0000,2770.6000,2770.2000,2769.8000,2767.0000,2772.2000,2773.2000,2773.4000,2773.8000,2774.2000,1,1,1,1,2,1,1,1,1,1
SF,IH2012,2020-06-09 09:31:56.400,2772.2000,4805,0,29106360.000,0,-,-,-,-,2772.2000,2772.0000,2770.6000,2770.2000,2769.8000,2773.4000,2773.8000,2774.2000,2775.0000,2776.0000,2,1,1,1,1,1,1,1,1,1
SF,IH2012,2020-06-09 09:31:56.900,2772.2000,4805,0,29106360.000,0,-,-,-,-,2772.2000,2772.0000,2771.2000,2770.6000,2769.8000,2773.4000,2773.8000,2774.2000,2775.0000,2776.0000,2,1,1,1,1,1,1,1,1,1
SF,IH2012,2020-06-09 09:31:57.400,2772.2000,4805,0,29106360.000,0,-,-,-,-,2772.2000,2772.0000,2771.2000,2770.6000,2769.8000,2772.6000,2773.4000,2773.8000,2774.2000,2775.0000,2,1,1,1,1,1,1,1,1,1
SF,IH2012,2020-06-09 09:31:57.900,2772.6000,4804,-1,29938140.000,1,0,1,双平,S,2772.2000,2772.0000,2771.2000,2770.6000,2769.8000,2773.4000,2773.8000,2774.2000,2775.0000,2776.0000,2,1,1,1,1,1,1,1,1,1
SF,IH2012,2020-06-09 09:31:58.400,2772.6000,4804,0,29938140.000,0,-,-,-,-,2772.4000,2772.2000,2772.0000,2771.2000,2770.6000,2773.4000,2773.8000,2774.2000,2775.0000,2776.0000,1,2,1,1,1,1,1,1,1,1
SF,IH2012,2020-06-09 09:32:00.400,2772.6000,4804,0,29938140.000,0,-,-,-,-,2772.4000,2772.2000,2772.0000,2771.2000,2770.6000,2773.4000,2773.8000,2774.2000,2775.0000,2776.0000,1,2,1,1,1,1,1,1,1,1
SF,IH2012,2020-06-09 09:32:00.900,2772.4000,4803,-1,30769860.000,1,0,1,双平,S,2772.2000,2772.0000,2771.2000,2770.6000,2769.8000,2773.4000,2773.8000,2774.2000,2775.0000,2776.0000,2,1,1,1,1,1,1,1,1,1
SF,IH2012,2020-06-09 09:32:01.400,2773.4000,4804,1,31601880.000,1,1,0,双开,S,2772.6000,2772.2000,2772.0000,2771.2000,2770.6000,2773.2000,2773.8000,2774.2000,2775.0000,2776.0000,1,2,1,1,1,1,1,1,1,1
SF,IH2012,2020-06-09 09:32:01.900,2772.6000,4804,0,32433660.000,1,0,1,多换,S,2772.2000,2772.0000,2771.2000,2770.6000,2769.8000,2773.2000,2773.8000,2774.2000,2775.0000,2776.0000,2,1,1,1,1,1,1,1,1,1
SF,IH2012,2020-06-09 09:32:02.400,2772.6000,4804,0,32433660.000,0,-,-,-,-,2772.2000,2772.0000,2771.2000,2770.6000,2770.4000,2773.2000,2773.8000,2774.2000,2775.0000,2776.0000,2,1,1,1,1,1,1,1,1,1
SF,IH2012,2020-06-09 09:32:02.900,2772.6000,4804,0,32433660.000,0,-,-,-,-,2772.2000,2772.0000,2771.2000,2770.6000,2770.4000,2773.8000,2774.2000,2775.0000,2776.0000,2776.6000,2,1,1,1,1,1,1,1,1,2
SF,IH2012,2020-06-09 09:32:06.400,2772.6000,4804,0,32433660.000,0,-,-,-,-,2772.2000,2771.2000,2770.6000,2770.4000,2769.8000,2773.8000,2774.2000,2775.0000,2776.0000,2776.6000,2,1,1,1,1,1,1,1,1,2
SF,IH2012,2020-06-09 09:32:06.900,2772.6000,4804,0,32433660.000,0,-,-,-,-,2772.2000,2771.2000,2770.6000,2770.4000,2769.8000,2773.6000,2773.8000,2774.2000,2775.0000,2776.0000,2,1,1,1,1,1,1,1,1,1
SF,IH2012,2020-06-09 09:32:07.400,2772.6000,4804,0,32433660.000,0,-,-,-,-,2772.4000,2772.2000,2771.2000,2770.4000,2769.8000,2773.6000,2773.8000,2774.2000,2775.0000,2776.0000,1,2,1,1,1,1,1,1,1,1
SF,IH2012,2020-06-09 09:32:09.400,2772.6000,4804,0,32433660.000,0,-,-,-,-,2772.4000,2772.2000,2771.2000,2770.4000,2769.8000,2773.6000,2773.8000,2774.2000,2775.0000,2776.0000,1,2,1,1,1,1,1,1,1,1
SF,IH2012,2020-06-09 09:32:11.900,2772.6000,4804,0,32433660.000,0,-,-,-,-,2772.4000,2772.2000,2771.2000,2770.4000,2769.8000,2773.2000,2773.6000,2773.8000,2774.2000,2775.0000,1,2,1,1,1,2,1,1,1,1
SF,IH2012,2020-06-09 09:32:17.400,2773.2000,4803,-1,34097340.000,2,0,2,多平,S,2772.2000,2771.2000,2770.4000,2769.8000,2767.0000,2773.2000,2773.6000,2773.8000,2774.2000,2775.0000,2,1,1,1,2,1,1,1,1,1
SF,IH2012,2020-06-09 09:32:17.900,2773.2000,4803,0,34097340.000,0,-,-,-,-,2771.2000,2770.4000,2769.8000,2767.0000,2764.0000,2773.2000,2773.6000,2773.8000,2774.2000,2775.0000,1,1,1,2,1,1,1,1,1,1
SF,IH2012,2020-06-09 09:32:18.400,2773.2000,4803,0,34097340.000,0,-,-,-,-,2771.4000,2771.2000,2770.4000,2769.8000,2769.4000,2773.2000,2773.6000,2773.8000,2774.2000,2775.0000,1,1,1,1,1,1,1,1,1,1
SF,IH2012,2020-06-09 09:32:18.900,2773.2000,4803,0,34097340.000,0,-,-,-,-,2771.4000,2771.2000,2770.4000,2769.8000,2769.4000,2773.0000,2773.2000,2773.6000,2773.8000,2774.2000,1,1,1,1,1,1,1,1,1,1
SF,IH2012,2020-06-09 09:32:23.400,2773.2000,4803,0,34097340.000,0,-,-,-,-,2771.4000,2771.2000,2770.4000,2769.8000,2769.4000,2773.0000,2773.2000,2773.4000,2773.6000,2773.8000,1,1,1,1,1,1,1,1,1,1
SF,IH2012,2020-06-09 09:32:23.900,2773.2000,4803,0,34097340.000,0,-,-,-,-,2771.4000,2771.2000,2770.4000,2769.8000,2769.4000,2772.8000,2773.0000,2773.2000,2773.4000,2773.6000,1,1,1,1,1,1,1,1,1,1
SF,IH2012,2020-06-09 09:32:24.900,2773.2000,4803,0,34097340.000,0,-,-,-,-,2771.4000,2771.2000,2770.4000,2769.8000,2769.4000,2772.8000,2773.2000,2773.4000,2773.6000,2773.8000,1,1,1,1,1,1,1,1,1,1
SF,IH2012,2020-06-09 09:32:25.400,2773.2000,4803,0,34097340.000,0,-,-,-,-,2771.4000,2771.2000,2770.4000,2769.8000,2769.4000,2772.6000,2772.8000,2773.2000,2773.4000,2773.6000,1,1,1,1,1,1,1,1,1,1
SF,IH2012,2020-06-09 09:32:27.900,2773.2000,4803,0,34097340.000,0,-,-,-,-,2771.4000,2771.2000,2770.4000,2769.8000,2769.4000,2772.6000,2772.8000,2773.2000,2773.4000,2773.6000,1,1,1,1,1,1,1,2,1,1
SF,IH2012,2020-06-09 09:32:28.400,2773.2000,4803,0,34097340.000,0,-,-,-,-,2771.4000,2771.2000,2770.4000,2769.8000,2769.4000,2772.6000,2773.2000,2773.4000,2773.6000,2773.8000,1,1,1,1,1,1,2,1,1,1
SF,IH2012,2020-06-09 09:32:28.900,2773.2000,4803,0,34097340.000,0,-,-,-,-,2771.4000,2771.2000,2770.4000,2769.8000,2769.4000,2773.2000,2773.4000,2773.6000,2773.8000,2774.2000,1,1,1,1,1,2,1,1,1,1
SF,IH2012,2020-06-09 09:32:29.400,2773.2000,4803,0,34097340.000,0,-,-,-,-,2772.6000,2771.4000,2771.2000,2770.4000,2769.8000,2773.2000,2773.4000,2773.6000,2773.8000,2774.2000,1,1,1,1,1,2,1,1,1,1
SF,IH2012,2020-06-09 09:32:29.900,2772.6000,4802,-1,34929120.000,1,0,1,双平,S,2771.4000,2771.2000,2770.4000,2769.8000,2767.0000,2772.6000,2773.2000,2773.4000,2773.6000,2773.8000,1,1,1,1,2,1,2,1,1,1
SF,IH2012,2020-06-09 09:32:30.400,2772.6000,4802,0,34929120.000,0,-,-,-,-,2771.4000,2771.2000,2770.4000,2769.8000,2767.0000,2772.6000,2773.2000,2773.4000,2773.6000,2773.8000,1,1,1,1,2,1,2,1,1,2
SF,IH2012,2020-06-09 09:32:30.900,2772.6000,4802,0,34929120.000,0,-,-,-,-,2771.6000,2771.4000,2771.2000,2770.4000,2769.8000,2772.6000,2773.2000,2773.4000,2773.6000,2773.8000,1,1,1,1,1,1,2,1,1,2
SF,IH2012,2020-06-09 09:32:31.900,2772.6000,4802,0,34929120.000,0,-,-,-,-,2771.6000,2771.2000,2770.4000,2769.8000,2767.0000,2772.6000,2773.2000,2773.4000,2773.8000,2774.2000,1,1,1,1,2,1,2,1,2,1
SF,IH2012,2020-06-09 09:32:33.400,2772.6000,4802,0,34929120.000,0,-,-,-,-,2771.6000,2771.2000,2770.4000,2769.8000,2767.0000,2773.2000,2773.4000,2773.8000,2774.2000,2775.0000,1,1,1,1,2,2,1,2,1,1
SF,IH2012,2020-06-09 09:32:33.900,2772.6000,4802,0,34929120.000,0,-,-,-,-,2771.6000,2771.2000,2770.4000,2769.8000,2767.0000,2773.2000,2773.4000,2773.8000,2774.2000,2774.8000,1,1,1,1,2,2,1,2,1,1
SF,IH2012,2020-06-09 09:32:34.900,2772.6000,4802,0,34929120.000,0,-,-,-,-,2771.6000,2771.2000,2770.4000,2769.8000,2767.0000,2773.2000,2773.4000,2773.8000,2774.2000,2774.8000,1,1,1,1,2,1,1,2,1,1
SF,IH2012,2020-06-09 09:32:39.900,2772.6000,4802,0,34929120.000,0,-,-,-,-,2771.6000,2771.2000,2770.4000,2769.8000,2767.0000,2773.2000,2773.4000,2773.8000,2774.2000,2774.8000,1,1,1,1,2,1,1,2,1,1
SF,IH2012,2020-06-09 09:32:40.400,2772.6000,4802,0,34929120.000,0,-,-,-,-,2771.6000,2771.2000,2770.4000,2769.8000,2767.0000,2773.2000,2773.4000,2773.8000,2774.2000,2774.8000,1,1,1,1,2,1,1,2,1,1
SF,IH2012,2020-06-09 09:32:46.900,2772.6000,4802,0,34929120.000,0,-,-,-,-,2771.6000,2771.2000,2770.4000,2769.8000,2767.0000,2773.2000,2773.4000,2773.8000,2774.2000,2774.8000,1,1,1,1,2,1,1,2,1,1
SF,IH2012,2020-06-09 09:32:47.400,2772.6000,4802,0,34929120.000,0,-,-,-,-,2773.0000,2771.6000,2771.2000,2770.4000,2769.8000,2773.2000,2773.4000,2773.8000,2774.2000,2774.8000,1,1,1,1,1,1,1,2,1,1
SF,IH2012,2020-06-09 09:32:47.900,2773.0000,4801,-1,35761020.000,1,0,1,双平,S,2771.2000,2769.8000,2767.0000,2765.2000,2764.0000,2773.0000,2773.2000,2773.4000,2773.8000,2774.2000,1,1,2,1,1,1,1,1,2,1
SF,IH2012,2020-06-09 09:32:48.400,2773.0000,4801,0,35761020.000,0,-,-,-,-,2771.4000,2771.2000,2770.2000,2769.8000,2767.0000,2773.0000,2773.2000,2773.4000,2773.8000,2774.2000,1,1,1,1,2,1,1,1,2,1
SF,IH2012,2020-06-09 09:32:51.900,2773.0000,4801,0,35761020.000,0,-,-,-,-,2771.4000,2771.2000,2770.2000,2769.8000,2767.0000,2773.0000,2773.2000,2773.4000,2773.8000,2774.2000,1,1,1,1,2,1,1,1,2,1
SF,IH2012,2020-06-09 09:32:53.400,2773.0000,4801,0,35761020.000,0,-,-,-,-,2771.4000,2771.2000,2770.2000,2769.8000,2767.0000,2773.0000,2773.2000,2773.4000,2773.8000,2774.2000,1,1,1,1,2,1,1,1,2,1
SF,IH2012,2020-06-09 09:32:59.400,2773.0000,4801,0,35761020.000,0,-,-,-,-,2771.6000,2771.4000,2771.2000,2770.2000,2769.8000,2773.0000,2773.2000,2773.4000,2773.8000,2774.2000,1,1,1,1,1,1,1,1,2,1
SF,IH2012,2020-06-09 09:33:01.400,2773.0000,4801,0,35761020.000,0,-,-,-,-,2771.6000,2771.4000,2771.2000,2770.2000,2769.8000,2773.0000,2773.2000,2773.4000,2773.8000,2774.2000,1,1,1,1,1,2,1,1,2,1
SF,IH2012,2020-06-09 09:33:01.900,2773.0000,4801,0,35761020.000,0,-,-,-,-,2771.8000,2771.6000,2771.2000,2770.2000,2769.8000,2773.0000,2773.2000,2773.4000,2773.8000,2774.2000,1,1,1,1,1,2,1,1,2,1
SF,IH2012,2020-06-09 09:33:05.900,2773.0000,4801,0,35761020.000,0,-,-,-,-,2772.0000,2771.8000,2771.2000,2770.2000,2769.8000,2773.0000,2773.2000,2773.4000,2773.8000,2774.2000,1,1,1,1,1,2,1,1,2,1
SF,IH2012,2020-06-09 09:33:08.400,2773.0000,4801,0,36592920.000,1,0,1,多换,S,2773.0000,2772.0000,2771.8000,2771.2000,2770.2000,2773.2000,2773.4000,2773.8000,2774.2000,2774.8000,1,1,1,1,1,1,1,2,1,1
SF,IH2012,2020-06-09 09:33:08.900,2773.0000,4801,0,36592920.000,0,-,-,-,-,2772.0000,2771.8000,2771.2000,2769.8000,2767.0000,2773.2000,2773.4000,2773.8000,2774.2000,2774.8000,1,1,1,1,2,1,1,2,1,1
SF,IH2012,2020-06-09 09:33:09.400,2773.2000,4801,0,37424880.000,1,0,1,多换,S,2772.2000,2772.0000,2771.2000,2769.8000,2767.0000,2773.4000,2773.8000,2774.2000,2774.8000,2776.0000,2,1,1,1,2,1,2,1,1,1
SF,IH2012,2020-06-09 09:33:09.900,2773.2000,4801,0,37424880.000,0,-,-,-,-,2772.2000,2772.0000,2771.2000,2770.2000,2769.8000,2773.4000,2773.8000,2774.2000,2774.8000,2776.0000,2,1,1,1,1,1,2,1,1,1
SF,IH2012,2020-06-09 09:33:11.400,2773.2000,4801,0,37424880.000,0,-,-,-,-,2772.2000,2772.0000,2771.2000,2770.2000,2767.0000,2773.4000,2773.8000,2774.2000,2774.8000,2776.0000,2,1,1,1,2,1,2,1,1,1
SF,IH2012,2020-06-09 09:33:14.400,2773.2000,4801,0,37424880.000,0,-,-,-,-,2772.2000,2771.2000,2770.2000,2767.0000,2765.2000,2773.4000,2773.8000,2774.2000,2774.8000,2776.0000,2,1,1,2,1,1,2,1,1,1
SF,IH2012,2020-06-09 09:33:15.900,2773.2000,4801,0,37424880.000,0,-,-,-,-,2772.4000,2772.2000,2771.2000,2770.2000,2767.0000,2773.4000,2773.8000,2774.2000,2774.8000,2776.0000,1,2,1,1,2,1,2,1,1,1
SF,IH2012,2020-06-09 09:33:16.400,2773.4000,4800,-1,38256900.000,1,0,1,双平,S,2772.6000,2772.4000,2772.2000,2771.2000,2770.2000,2773.8000,2774.2000,2774.8000,2776.0000,2776.6000,1,1,1,1,1,2,1,1,1,1
SF,IH2012,2020-06-09 09:33:16.900,2773.4000,4800,0,38256900.000,0,-,-,-,-,2772.6000,2772.4000,2772.2000,2771.2000,2767.0000,2773.8000,2774.2000,2774.8000,2776.0000,2776.6000,1,1,1,1,2,2,1,1,1,1
SF,IH2012,2020-06-09 09:33:18.400,2773.4000,4800,0,38256900.000,0,-,-,-,-,2772.8000,2772.6000,2772.2000,2771.2000,2767.0000,2773.8000,2774.2000,2774.8000,2776.0000,2776.6000,1,1,1,1,2,2,1,1,1,1
SF,IH2012,2020-06-09 09:33:18.900,2773.4000,4800,0,38256900.000,0,-,-,-,-,2772.8000,2772.6000,2772.2000,2771.2000,2767.0000,2773.8000,2774.2000,2774.8000,2776.0000,2776.6000,1,1,1,1,2,1,1,1,1,1
SF,IH2012,2020-06-09 09:33:20.400,2773.4000,4800,0,38256900.000,0,-,-,-,-,2772.8000,2772.6000,2772.2000,2771.2000,2770.2000,2773.8000,2774.2000,2774.8000,2776.0000,2776.6000,1,1,1,1,5,1,1,1,1,1
SF,IH2012,2020-06-09 09:33:20.900,2773.4000,4800,0,38256900.000,0,-,-,-,-,2773.0000,2772.8000,2771.2000,2770.2000,2767.0000,2773.8000,2774.2000,2774.8000,2776.0000,2776.6000,1,1,1,5,2,1,1,1,1,1
SF,IH2012,2020-06-09 09:33:21.400,2773.4000,4800,0,38256900.000,0,-,-,-,-,2773.0000,2772.8000,2771.2000,2770.2000,2767.0000,2773.8000,2774.2000,2774.8000,2776.0000,2776.6000,2,1,1,5,2,1,1,1,1,1
SF,IH2012,2020-06-09 09:33:21.900,2773.4000,4800,0,38256900.000,0,-,-,-,-,2773.0000,2772.8000,2771.2000,2770.2000,2767.0000,2773.8000,2774.2000,2774.8000,2776.0000,2776.6000,1,1,1,5,2,1,1,1,1,1
SF,IH2012,2020-06-09 09:33:24.400,2773.8000,4801,1,39089040.000,1,1,0,双开,S,2773.0000,2772.8000,2771.2000,2770.2000,2767.0000,2774.2000,2774.8000,2776.0000,2776.6000,2777.6000,1,1,1,5,2,1,1,1,1,2
SF,IH2012,2020-06-09 09:33:24.900,2773.8000,4801,0,39089040.000,0,-,-,-,-,2773.0000,2772.8000,2771.2000,2770.2000,2767.0000,2774.2000,2774.8000,2775.6000,2776.0000,2776.6000,1,1,1,5,2,1,1,1,1,1
SF,IH2012,2020-06-09 09:33:29.400,2773.8000,4801,0,39089040.000,0,-,-,-,-,2774.0000,2773.0000,2772.8000,2771.2000,2770.2000,2774.2000,2774.8000,2775.6000,2776.0000,2776.6000,2,1,1,1,5,1,1,1,1,1
SF,IH2012,2020-06-09 09:33:29.900,2774.0000,4800,-1,40753440.000,2,0,2,多平,S,2773.0000,2772.8000,2770.2000,2767.0000,2765.2000,2774.2000,2774.8000,2775.6000,2776.0000,2776.6000,1,1,5,2,1,1,1,1,1,1
SF,IH2012,2020-06-09 09:33:32.400,2774.2000,4799,-1,41585700.000,1,0,1,双平,S,2773.0000,2772.8000,2770.2000,2767.0000,2765.2000,2774.8000,2775.6000,2776.0000,2776.6000,2777.6000,1,1,5,2,1,1,1,1,1,2
SF,IH2012,2020-06-09 09:33:32.900,2774.2000,4799,0,41585700.000,0,-,-,-,-,2773.2000,2773.0000,2772.8000,2770.2000,2767.0000,2774.8000,2775.6000,2776.0000,2776.6000,2777.6000,1,1,1,5,2,1,1,1,1,2
SF,IH2012,2020-06-09 09:33:33.400,2774.2000,4799,0,41585700.000,0,-,-,-,-,2773.4000,2773.2000,2772.8000,2770.2000,2767.0000,2774.8000,2775.6000,2776.0000,2776.6000,2777.6000,1,2,1,5,2,1,1,1,1,2
SF,IH2012,2020-06-09 09:33:34.400,2774.2000,4799,0,41585700.000,0,-,-,-,-,2773.6000,2773.4000,2770.2000,2767.0000,2765.2000,2774.8000,2775.6000,2776.0000,2776.6000,2777.6000,1,2,5,2,1,1,1,1,1,2
SF,IH2012,2020-06-09 09:33:34.900,2774.2000,4799,0,41585700.000,0,-,-,-,-,2773.8000,2773.6000,2773.4000,2770.2000,2767.0000,2774.8000,2775.6000,2776.0000,2776.6000,2777.6000,1,1,2,5,2,1,1,1,1,2
SF,IH2012,2020-06-09 09:33:35.400,2774.2000,4799,0,41585700.000,0,-,-,-,-,2773.8000,2773.6000,2773.4000,2770.2000,2767.0000,2774.8000,2775.6000,2776.0000,2776.6000,2777.6000,1,1,1,5,2,1,1,1,1,2
SF,IH2012,2020-06-09 09:33:36.400,2774.2000,4799,0,41585700.000,0,-,-,-,-,2773.8000,2773.6000,2773.4000,2770.2000,2767.0000,2774.8000,2775.6000,2776.0000,2776.6000,2777.6000,2,1,1,5,2,1,1,1,1,2
SF,IH2012,2020-06-09 09:33:37.400,2774.2000,4799,0,41585700.000,0,-,-,-,-,2773.8000,2773.6000,2770.2000,2767.0000,2765.2000,2774.8000,2775.6000,2776.0000,2776.6000,2777.6000,2,1,5,2,1,1,1,1,1,2
SF,IH2012,2020-06-09 09:33:43.400,2774.2000,4799,0,41585700.000,0,-,-,-,-,2773.8000,2770.2000,2767.0000,2765.2000,2764.0000,2774.8000,2775.6000,2776.0000,2776.6000,2777.6000,2,5,2,1,1,1,1,1,1,2
SF,IH2012,2020-06-09 09:33:46.400,2774.8000,4798,-1,42418140.000,1,0,1,双平,S,2775.0000,2773.8000,2770.2000,2767.0000,2765.2000,2775.6000,2776.0000,2776.6000,2777.6000,2779.4000,1,2,5,2,1,1,1,2,2,1
SF,IH2012,2020-06-09 09:33:46.900,2775.0000,4797,-1,43250640.000,1,0,1,双平,S,2773.8000,2770.2000,2767.0000,2765.2000,2764.0000,2775.0000,2775.6000,2776.0000,2776.6000,2777.6000,2,5,2,1,1,1,1,1,2,2
SF,IH2012,2020-06-09 09:33:47.900,2775.0000,4797,0,43250640.000,0,-,-,-,-,2773.8000,2770.2000,2767.0000,2765.2000,2764.0000,2775.6000,2776.0000,2776.6000,2777.6000,2779.4000,2,5,2,1,1,1,1,2,2,1
SF,IH2012,2020-06-09 09:33:48.400,2775.0000,4797,0,43250640.000,0,-,-,-,-,2774.0000,2773.8000,2770.2000,2767.0000,2765.2000,2775.6000,2776.0000,2776.6000,2777.6000,2779.4000,1,2,5,2,1,1,1,2,2,1
SF,IH2012,2020-06-09 09:33:49.400,2775.0000,4797,0,43250640.000,0,-,-,-,-,2774.0000,2773.8000,2770.2000,2767.0000,2765.2000,2775.0000,2775.6000,2776.0000,2776.6000,2777.6000,1,2,5,2,1,1,1,1,2,2
SF,IH2012,2020-06-09 09:33:50.400,2775.0000,4797,0,43250640.000,0,-,-,-,-,2774.0000,2773.8000,2770.2000,2767.0000,2765.2000,2775.0000,2775.6000,2776.0000,2776.6000,2777.6000,1,1,5,2,1,1,1,1,2,2
SF,IH2012,2020-06-09 09:33:54.400,2775.0000,4796,-1,44083140.000,1,0,1,双平,S,2775.0000,2774.0000,2773.8000,2770.2000,2767.0000,2775.6000,2776.0000,2776.6000,2777.6000,2779.4000,1,1,1,5,2,1,1,2,2,1
SF,IH2012,2020-06-09 09:33:54.900,2775.0000,4796,0,44083140.000,0,-,-,-,-,2774.0000,2773.8000,2770.2000,2767.0000,2765.2000,2775.6000,2776.0000,2776.6000,2777.6000,2779.4000,1,1,5,2,1,1,1,2,2,1
SF,IH2012,2020-06-09 09:33:55.400,2775.0000,4796,0,44083140.000,0,-,-,-,-,2774.2000,2774.0000,2770.2000,2767.0000,2765.2000,2775.0000,2775.6000,2776.0000,2776.6000,2777.6000,1,1,5,2,1,1,1,1,2,2
SF,IH2012,2020-06-09 09:33:55.900,2775.0000,4796,0,44083140.000,0,-,-,-,-,2774.4000,2774.2000,2770.2000,2767.0000,2765.2000,2775.0000,2775.6000,2776.0000,2776.6000,2777.6000,1,1,5,2,1,1,1,1,2,2
SF,IH2012,2020-06-09 09:33:56.400,2775.0000,4796,0,44083140.000,0,-,-,-,-,2774.2000,2770.2000,2767.0000,2765.2000,2764.0000,2775.6000,2776.0000,2776.6000,2777.6000,2779.4000,1,5,2,1,1,1,1,2,2,1
SF,IH2012,2020-06-09 09:33:56.900,2775.0000,4796,0,44083140.000,0,-,-,-,-,2774.4000,2774.2000,2770.2000,2767.0000,2765.2000,2775.6000,2776.0000,2776.6000,2777.6000,2779.4000,1,1,5,2,1,1,1,2,3,1
SF,IH2012,2020-06-09 09:33:58.400,2775.0000,4796,0,44083140.000,0,-,-,-,-,2774.2000,2770.2000,2767.0000,2765.2000,2764.0000,2775.6000,2776.0000,2776.6000,2777.6000,2779.4000,1,5,2,1,1,1,1,2,3,1
SF,IH2012,2020-06-09 09:33:58.900,2775.0000,4796,0,44083140.000,0,-,-,-,-,2774.4000,2774.2000,2770.2000,2767.0000,2765.2000,2775.6000,2776.0000,2776.6000,2777.6000,2779.4000,1,1,5,2,1,1,1,2,3,1
SF,IH2012,2020-06-09 09:34:00.900,2774.2000,4794,-2,45747720.000,2,0,2,双平,S,2770.2000,2767.0000,2765.2000,2764.0000,2754.8000,2775.6000,2776.0000,2776.6000,2777.6000,2779.4000,5,2,1,1,1,1,1,2,3,1
SF,IH2012,2020-06-09 09:34:01.400,2774.2000,4794,0,45747720.000,0,-,-,-,-,2773.4000,2773.2000,2770.6000,2770.4000,2770.2000,2775.4000,2775.6000,2776.0000,2776.6000,2777.6000,1,1,6,1,5,2,1,1,2,3
SF,IH2012,2020-06-09 09:34:01.900,2774.2000,4794,0,45747720.000,0,-,-,-,-,2773.2000,2770.6000,2770.4000,2770.2000,2767.0000,2775.4000,2775.6000,2776.0000,2776.6000,2777.6000,1,6,1,5,2,2,1,1,2,3
SF,IH2012,2020-06-09 09:34:02.400,2774.2000,4794,0,45747720.000,0,-,-,-,-,2773.4000,2773.2000,2770.6000,2770.2000,2767.0000,2775.4000,2775.6000,2776.0000,2776.6000,2777.6000,1,1,6,5,2,2,1,1,2,3
SF,IH2012,2020-06-09 09:34:03.900,2774.2000,4794,0,45747720.000,0,-,-,-,-,2773.6000,2773.4000,2773.2000,2770.6000,2770.2000,2775.4000,2775.6000,2776.0000,2776.6000,2777.6000,1,1,1,6,5,2,1,1,2,3
SF,IH2012,2020-06-09 09:34:05.400,2774.2000,4794,0,45747720.000,0,-,-,-,-,2773.4000,2773.2000,2770.6000,2770.2000,2767.0000,2775.4000,2775.6000,2776.0000,2776.6000,2777.6000,1,1,6,5,2,2,1,1,2,3
SF,IH2012,2020-06-09 09:34:05.900,2774.2000,4794,0,45747720.000,0,-,-,-,-,2773.4000,2770.6000,2770.2000,2767.0000,2765.2000,2775.4000,2775.6000,2776.0000,2776.6000,2777.6000,1,6,5,2,1,2,1,1,2,3
SF,IH2012,2020-06-09 09:34:09.400,2775.4000,4792,-2,47412960.000,2,0,2,双平,S,2773.4000,2770.6000,2770.2000,2767.0000,2765.2000,2775.6000,2776.0000,2776.6000,2777.6000,2779.4000,1,6,5,2,1,1,1,2,3,1
SF,IH2012,2020-06-09 09:34:10.400,2775.4000,4792,0,47412960.000,0,-,-,-,-,2773.4000,2770.6000,2770.2000,2767.0000,2765.2000,2775.4000,2775.6000,2776.0000,2776.6000,2777.6000,1,6,5,2,1,1,1,1,2,3
SF,IH2012,2020-06-09 09:34:17.900,2775.4000,4792,0,47412960.000,0,-,-,-,-,2773.4000,2770.6000,2770.2000,2767.0000,2765.2000,2775.6000,2776.0000,2776.6000,2777.6000,2779.4000,1,6,5,2,1,1,1,2,3,1
SF,IH2012,2020-06-09 09:34:18.400,2775.4000,4792,0,47412960.000,0,-,-,-,-,2773.6000,2773.4000,2770.6000,2770.2000,2767.0000,2775.6000,2776.0000,2776.6000,2777.6000,2779.4000,1,1,6,5,2,1,1,2,3,1
SF,IH2012,2020-06-09 09:34:18.900,2775.4000,4792,0,47412960.000,0,-,-,-,-,2773.8000,2773.6000,2770.6000,2770.2000,2767.0000,2775.6000,2776.0000,2776.6000,2777.6000,2779.4000,1,1,6,5,2,1,1,2,3,1
SF,IH2012,2020-06-09 09:34:19.400,2775.4000,4792,0,47412960.000,0,-,-,-,-,2773.8000,2773.6000,2770.6000,2770.2000,2767.0000,2775.6000,2776.0000,2776.6000,2777.6000,2779.4000,1,2,6,5,2,1,1,2,1,1
SF,IH2012,2020-06-09 09:34:20.900,2775.4000,4792,0,47412960.000,0,-,-,-,-,2773.8000,2773.6000,2770.6000,2770.2000,2767.0000,2775.6000,2776.0000,2776.6000,2777.6000,2779.4000,2,1,6,5,2,1,1,2,1,1
SF,IH2012,2020-06-09 09:34:21.400,2775.4000,4792,0,47412960.000,0,-,-,-,-,2773.8000,2773.6000,2770.6000,2770.2000,2767.0000,2775.6000,2776.0000,2776.6000,2777.6000,2779.4000,2,1,6,5,2,1,1,2,1,1
SF,IH2012,2020-06-09 09:34:21.900,2775.4000,4792,0,47412960.000,0,-,-,-,-,2774.6000,2773.8000,2773.6000,2770.6000,2770.2000,2776.0000,2776.6000,2777.6000,2779.4000,2779.6000,1,2,1,6,5,1,2,1,1,5
SF,IH2012,2020-06-09 09:34:22.400,2775.4000,4792,0,47412960.000,0,-,-,-,-,2774.8000,2773.8000,2773.6000,2770.6000,2770.2000,2776.0000,2776.6000,2777.6000,2779.4000,2779.6000,1,1,1,6,5,1,2,1,1,5
SF,IH2012,2020-06-09 09:34:23.900,2775.4000,4792,0,47412960.000,0,-,-,-,-,2774.8000,2773.8000,2773.6000,2770.6000,2770.2000,2776.0000,2776.6000,2777.6000,2779.4000,2779.6000,1,1,1,6,5,1,2,1,1,5
SF,IH2012,2020-06-09 09:34:24.400,2775.4000,4792,0,47412960.000,0,-,-,-,-,2774.8000,2773.6000,2770.6000,2770.2000,2767.0000,2776.0000,2776.6000,2777.6000,2779.4000,2779.6000,1,1,6,5,2,1,2,1,1,5
SF,IH2012,2020-06-09 09:34:24.900,2775.4000,4792,0,47412960.000,0,-,-,-,-,2774.8000,2773.6000,2770.6000,2770.2000,2767.0000,2776.0000,2776.6000,2777.6000,2779.4000,2779.6000,2,1,6,5,2,1,2,1,1,5
SF,IH2012,2020-06-09 09:34:25.400,2775.4000,4792,0,47412960.000,0,-,-,-,-,2774.8000,2773.6000,2770.6000,2770.2000,2767.0000,2776.0000,2776.6000,2777.6000,2779.4000,2779.6000,2,1,6,5,2,1,1,1,1,5
SF,IH2012,2020-06-09 09:34:25.900,2775.4000,4792,0,47412960.000,0,-,-,-,-,2775.6000,2775.0000,2774.8000,2773.6000,2770.6000,2776.0000,2776.6000,2777.6000,2779.4000,2779.6000,1,1,2,1,6,1,1,1,1,5
SF,IH2012,2020-06-09 09:34:26.400,2775.4000,4792,0,47412960.000,0,-,-,-,-,2775.0000,2774.8000,2773.6000,2770.6000,2770.2000,2776.0000,2776.6000,2777.6000,2779.4000,2779.6000,1,1,1,6,5,1,1,1,1,5
SF,IH2012,2020-06-09 09:34:26.900,2776.0000,4791,-1,48245760.000,1,0,1,双平,S,2775.2000,2775.0000,2773.6000,2770.6000,2770.2000,2776.6000,2777.6000,2779.4000,2779.6000,2779.8000,1,1,1,6,5,1,1,1,5,2
SF,IH2012,2020-06-09 09:34:27.400,2776.0000,4791,0,48245760.000,0,-,-,-,-,2775.2000,2775.0000,2773.6000,2770.6000,2770.2000,2776.6000,2777.6000,2779.4000,2779.6000,2779.8000,1,2,1,6,5,1,1,1,5,2
SF,IH2012,2020-06-09 09:34:28.900,2776.0000,4791,0,48245760.000,0,-,-,-,-,2775.2000,2775.0000,2773.6000,2770.6000,2770.2000,2776.6000,2777.6000,2779.4000,2779.6000,2779.8000,1,1,1,6,5,1,1,1,5,2
SF,IH2012,2020-06-09 09:34:29.900,2776.0000,4791,0,48245760.000,0,-,-,-,-,2775.2000,2775.0000,2770.6000,2770.2000,2767.0000,2776.6000,2777.6000,2779.4000,2779.6000,2779.8000,1,1,6,5,2,1,1,1,5,2
SF,IH2012,2020-06-09 09:34:35.400,2776.0000,4791,0,48245760.000,0,-,-,-,-,2775.4000,2775.2000,2775.0000,2770.6000,2770.2000,2776.6000,2777.6000,2779.4000,2779.6000,2779.8000,1,1,1,6,5,1,1,1,5,2
SF,IH2012,2020-06-09 09:34:35.900,2776.6000,4790,-1,49078740.000,1,0,1,双平,S,2775.4000,2775.2000,2775.0000,2770.6000,2770.2000,2777.6000,2779.0000,2779.4000,2779.6000,2779.8000,1,1,1,6,5,1,1,1,5,2
SF,IH2012,2020-06-09 09:34:36.400,2776.6000,4790,0,49078740.000,0,-,-,-,-,2775.4000,2775.2000,2775.0000,2770.6000,2770.2000,2777.4000,2777.6000,2779.0000,2779.4000,2779.6000,1,1,1,6,5,1,1,1,1,5
SF,IH2012,2020-06-09 09:34:36.900,2776.6000,4790,0,49078740.000,0,-,-,-,-,2775.4000,2775.2000,2775.0000,2770.6000,2770.2000,2777.4000,2777.6000,2778.8000,2779.0000,2779.4000,1,1,1,6,5,1,1,1,1,1
SF,IH2012,2020-06-09 09:34:37.400,2776.6000,4790,0,49078740.000,0,-,-,-,-,2775.2000,2775.0000,2770.6000,2770.2000,2767.0000,2777.4000,2777.6000,2778.8000,2779.0000,2779.4000,1,1,6,5,2,1,1,1,1,1
SF,IH2012,2020-06-09 09:34:37.900,2776.6000,4790,0,49078740.000,0,-,-,-,-,2775.2000,2770.6000,2770.2000,2767.0000,2765.2000,2777.4000,2777.6000,2778.8000,2779.0000,2779.4000,1,6,5,2,1,1,1,1,1,1
SF,IH2012,2020-06-09 09:34:38.400,2776.6000,4790,0,49078740.000,0,-,-,-,-,2775.2000,2770.6000,2770.2000,2767.0000,2765.2000,2777.4000,2777.6000,2778.8000,2779.0000,2779.4000,1,6,5,2,1,1,1,1,1,1
SF,IH2012,2020-06-09 09:34:39.400,2776.6000,4790,0,49078740.000,0,-,-,-,-,2775.2000,2770.6000,2770.2000,2767.0000,2765.2000,2777.2000,2777.4000,2777.6000,2778.8000,2779.0000,1,6,5,2,1,1,1,1,1,1
SF,IH2012,2020-06-09 09:34:39.900,2776.6000,4790,0,49078740.000,0,-,-,-,-,2775.2000,2775.0000,2770.6000,2770.2000,2767.0000,2777.2000,2777.4000,2777.6000,2778.8000,2779.0000,1,1,6,5,2,1,1,1,1,1
SF,IH2012,2020-06-09 09:34:40.400,2776.6000,4790,0,49078740.000,0,-,-,-,-,2775.2000,2775.0000,2770.6000,2770.2000,2767.0000,2777.2000,2777.4000,2777.6000,2778.8000,2779.0000,1,1,6,5,2,1,1,1,1,1
SF,IH2012,2020-06-09 09:34:40.900,2776.6000,4790,0,49078740.000,0,-,-,-,-,2775.2000,2775.0000,2770.6000,2770.2000,2767.0000,2777.2000,2777.4000,2777.6000,2778.8000,2779.0000,1,1,6,5,2,1,1,1,1,1
SF,IH2012,2020-06-09 09:34:44.400,2776.6000,4790,0,49078740.000,0,-,-,-,-,2775.2000,2775.0000,2770.6000,2770.2000,2767.0000,2777.0000,2777.2000,2777.4000,2777.6000,2778.8000,1,1,6,5,2,1,1,1,1,1
SF,IH2012,2020-06-09 09:34:44.900,2776.6000,4790,0,49078740.000,0,-,-,-,-,2775.0000,2770.6000,2770.2000,2767.0000,2765.2000,2776.8000,2777.0000,2777.2000,2777.6000,2778.8000,1,6,5,2,1,1,1,1,1,1
SF,IH2012,2020-06-09 09:34:45.400,2776.6000,4790,0,49078740.000,0,-,-,-,-,2775.0000,2770.6000,2770.2000,2767.0000,2765.2000,2776.8000,2777.2000,2777.6000,2778.8000,2779.0000,1,6,5,2,1,1,1,1,1,1
SF,IH2012,2020-06-09 09:34:45.900,2775.0000,4790,0,49911240.000,1,0,1,多换,S,2770.6000,2770.2000,2767.0000,2765.2000,2764.0000,2776.8000,2777.2000,2777.6000,2778.8000,2779.0000,6,5,2,1,1,1,1,1,1,1
SF,IH2012,2020-06-09 09:34:46.400,2775.0000,4790,0,49911240.000,0,-,-,-,-,2773.6000,2772.6000,2770.8000,2770.6000,2770.2000,2776.8000,2777.6000,2778.8000,2779.0000,2779.4000,1,1,3,6,5,1,1,1,1,1
SF,IH2012,2020-06-09 09:34:46.900,2776.8000,4788,-2,51577260.000,2,0,2,双平,S,2773.8000,2772.6000,2770.8000,2770.6000,2770.2000,2777.6000,2778.8000,2779.0000,2779.4000,2779.6000,1,1,2,6,5,1,1,1,1,5
SF,IH2012,2020-06-09 09:34:47.400,2776.8000,4788,0,51577260.000,0,-,-,-,-,2773.8000,2772.6000,2770.8000,2770.6000,2770.2000,2777.4000,2777.6000,2778.8000,2779.0000,2779.4000,1,1,2,6,5,2,1,1,1,1
SF,IH2012,2020-06-09 09:34:47.900,2776.8000,4788,0,51577260.000,0,-,-,-,-,2773.8000,2772.6000,2770.8000,2770.6000,2770.2000,2777.4000,2777.6000,2778.8000,2779.0000,2779.4000,1,1,2,6,5,2,1,1,1,1
SF,IH2012,2020-06-09 09:34:48.400,2776.8000,4788,0,51577260.000,0,-,-,-,-,2773.8000,2772.6000,2770.8000,2770.6000,2770.2000,2777.4000,2777.6000,2778.8000,2779.0000,2779.4000,1,1,2,6,5,2,1,1,1,1
SF,IH2012,2020-06-09 09:34:48.900,2776.8000,4788,0,51577260.000,0,-,-,-,-,2773.8000,2772.6000,2770.8000,2770.6000,2770.2000,2776.8000,2777.0000,2777.4000,2777.6000,2778.8000,1,1,2,6,5,1,1,2,1,1
SF,IH2012,2020-06-09 09:34:49.400,2776.8000,4788,0,51577260.000,0,-,-,-,-,2773.8000,2772.6000,2770.8000,2770.6000,2770.2000,2776.6000,2777.0000,2777.4000,2777.6000,2778.8000,1,1,2,6,5,1,2,1,1,1
SF,IH2012,2020-06-09 09:34:49.900,2773.8000,4787,-1,52409400.000,1,0,1,双平,S,2772.6000,2770.8000,2770.6000,2770.2000,2765.2000,2776.6000,2777.0000,2777.4000,2777.6000,2778.8000,1,2,6,5,1,2,2,1,1,1
SF,IH2012,2020-06-09 09:34:50.400,2773.8000,4787,0,52409400.000,0,-,-,-,-,2772.8000,2772.6000,2770.8000,2770.6000,2770.2000,2776.6000,2777.0000,2777.4000,2777.6000,2778.8000,1,1,2,6,5,2,2,1,1,1
SF,IH2012,2020-06-09 09:34:50.900,2773.8000,4787,0,52409400.000,0,-,-,-,-,2773.6000,2773.0000,2772.8000,2772.6000,2770.8000,2776.6000,2777.0000,2777.4000,2777.6000,2778.8000,1,1,1,1,2,1,2,1,1,1
SF,IH2012,2020-06-09 09:34:51.400,2773.8000,4787,0,52409400.000,0,-,-,-,-,2773.8000,2773.6000,2773.0000,2772.6000,2770.8000,2776.0000,2776.6000,2777.0000,2777.4000,2777.6000,1,1,1,1,2,1,1,1,1,1
SF,IH2012,2020-06-09 09:34:51.900,2773.8000,4787,0,52409400.000,0,-,-,-,-,2774.0000,2773.8000,2773.6000,2772.6000,2770.8000,2776.6000,2777.0000,2777.4000,2777.6000,2778.8000,1,1,1,1,2,1,1,1,1,1
SF,IH2012,2020-06-09 09:34:52.400,2773.8000,4787,0,52409400.000,0,-,-,-,-,2774.0000,2773.8000,2773.6000,2772.6000,2770.8000,2776.4000,2776.6000,2777.0000,2777.4000,2777.6000,2,1,1,1,2,2,1,1,1,1
SF,IH2012,2020-06-09 09:34:52.900,2776.2000,4787,0,53242260.000,1,0,1,多换,S,2774.2000,2773.6000,2772.6000,2770.8000,2770.6000,2776.4000,2777.0000,2777.4000,2777.6000,2778.8000,1,1,1,2,6,1,1,1,1,1
SF,IH2012,2020-06-09 09:34:53.400,2776.2000,4787,0,53242260.000,0,-,-,-,-,2774.2000,2773.6000,2772.6000,2770.8000,2770.6000,2777.0000,2777.4000,2777.6000,2778.8000,2779.4000,1,1,1,2,6,1,1,1,1,1
SF,IH2012,2020-06-09 09:34:53.900,2776.2000,4787,0,53242260.000,0,-,-,-,-,2774.2000,2773.6000,2772.6000,2770.8000,2770.6000,2776.2000,2776.8000,2777.0000,2777.4000,2777.6000,1,1,1,2,6,1,1,1,1,1
SF,IH2012,2020-06-09 09:34:54.400,2776.2000,4787,0,53242260.000,0,-,-,-,-,2774.6000,2774.2000,2772.6000,2770.8000,2770.6000,2776.2000,2776.8000,2777.0000,2777.4000,2777.6000,1,1,1,2,6,1,1,1,1,1
SF,IH2012,2020-06-09 09:34:54.900,2774.6000,4786,-1,54074640.000,1,0,1,双平,S,2774.2000,2770.8000,2770.6000,2770.2000,2765.2000,2776.2000,2776.8000,2777.0000,2777.4000,2777.6000,1,2,6,5,1,1,1,1,1,1
SF,IH2012,2020-06-09 09:34:55.400,2774.6000,4786,0,54074640.000,0,-,-,-,-,2774.2000,2770.8000,2770.6000,2770.2000,2765.2000,2776.0000,2776.8000,2777.0000,2777.4000,2777.6000,1,2,6,5,1,1,1,1,1,1
SF,IH2012,2020-06-09 09:34:55.900,2774.6000,4786,0,54074640.000,0,-,-,-,-,2774.2000,2770.8000,2770.6000,2770.2000,2765.2000,2776.0000,2776.8000,2777.0000,2777.4000,2777.6000,1,2,6,5,1,3,1,1,1,1
SF,IH2012,2020-06-09 09:34:56.400,2774.6000,4786,0,54074640.000,0,-,-,-,-,2774.2000,2770.8000,2770.6000,2770.2000,2765.2000,2775.8000,2776.0000,2776.8000,2777.0000,2777.4000,1,2,6,5,1,1,2,1,1,1
SF,IH2012,2020-06-09 09:34:56.900,2774.6000,4786,0,54074640.000,0,-,-,-,-,2770.8000,2770.2000,2765.2000,2764.0000,2754.8000,2775.8000,2776.0000,2776.8000,2777.0000,2777.4000,2,5,1,1,1,2,1,1,1,1
SF,IH2012,2020-06-09 09:34:57.400,2774.6000,4786,0,54074640.000,0,-,-,-,-,2771.6000,2771.0000,2770.2000,2765.2000,2764.0000,2775.6000,2775.8000,2776.0000,2777.0000,2777.4000,1,1,5,1,1,2,1,1,1,1
SF,IH2012,2020-06-09 09:34:57.900,2775.6000,4784,-2,55740000.000,2,0,2,双平,S,2772.6000,2772.4000,2771.8000,2771.6000,2770.2000,2775.4000,2775.8000,2776.0000,2777.0000,2777.4000,1,1,1,1,5,1,1,1,1,1
SF,IH2012,2020-06-09 09:34:58.400,2775.6000,4784,0,55740000.000,0,-,-,-,-,2773.4000,2772.8000,2772.6000,2772.4000,2771.8000,2775.2000,2775.4000,2776.0000,2777.0000,2777.4000,1,1,1,1,1,1,2,1,1,1
SF,IH2012,2020-06-09 09:34:58.900,2775.6000,4784,0,55740000.000,0,-,-,-,-,2773.6000,2773.4000,2772.6000,2772.4000,2771.8000,2775.2000,2775.4000,2776.0000,2777.4000,2778.8000,1,1,1,1,1,1,2,1,1,1
SF,IH2012,2020-06-09 09:34:59.900,2775.6000,4784,0,55740000.000,0,-,-,-,-,2773.8000,2773.6000,2772.6000,2772.4000,2771.6000,2775.2000,2775.8000,2776.0000,2777.4000,2778.8000,1,1,1,1,1,1,1,1,1,1
SF,IH2012,2020-06-09 09:35:00.400,2775.6000,4784,0,55740000.000,0,-,-,-,-,2774.0000,2773.8000,2772.6000,2772.4000,2771.6000,2775.2000,2775.8000,2776.0000,2777.4000,2778.8000,1,1,1,1,1,1,1,1,1,1
SF,IH2012,2020-06-09 09:35:00.900,2775.6000,4784,0,55740000.000,0,-,-,-,-,2774.2000,2774.0000,2772.6000,2766.4000,2765.2000,2775.2000,2775.8000,2776.0000,2777.4000,2778.8000,1,1,1,5,1,1,1,1,1,1
SF,IH2012,2020-06-09 09:35:01.400,2774.4000,4784,0,56572320.000,1,0,1,多换,S,2774.2000,2772.6000,2766.4000,2765.2000,2764.0000,2775.2000,2775.8000,2776.0000,2777.4000,2778.8000,1,1,5,1,1,1,1,1,1,1
SF,IH2012,2020-06-09 09:35:01.900,2774.4000,4784,0,56572320.000,0,-,-,-,-,2774.2000,2772.6000,2766.4000,2765.2000,2764.0000,2775.2000,2776.0000,2777.4000,2778.8000,2779.4000,1,1,5,1,1,1,1,1,1,1
SF,IH2012,2020-06-09 09:35:02.400,2774.4000,4784,0,56572320.000,0,-,-,-,-,2774.4000,2772.6000,2766.4000,2765.2000,2764.0000,2776.0000,2777.4000,2778.8000,2779.4000,2779.6000,1,1,5,1,1,1,1,1,1,5
SF,IH2012,2020-06-09 09:35:02.900,2774.4000,4784,0,56572320.000,0,-,-,-,-,2774.4000,2772.6000,2766.4000,2765.2000,2764.0000,2776.0000,2777.4000,2778.8000,2779.4000,2779.6000,2,1,5,1,1,1,1,1,1,5
SF,IH2012,2020-06-09 09:35:03.400,2774.4000,4784,0,56572320.000,0,-,-,-,-,2774.4000,2772.6000,2766.4000,2765.2000,2764.0000,2775.8000,2776.0000,2777.4000,2778.8000,2779.4000,2,1,5,1,1,1,1,1,1,1
SF,IH2012,2020-06-09 09:35:03.900,2774.4000,4784,0,56572320.000,0,-,-,-,-,2774.4000,2766.4000,2765.2000,2764.0000,2754.8000,2775.8000,2776.0000,2777.4000,2778.8000,2779.4000,2,5,1,1,1,2,1,1,1,1
SF,IH2012,2020-06-09 09:35:04.400,2774.4000,4784,0,56572320.000,0,-,-,-,-,2774.4000,2766.4000,2765.2000,2764.0000,2754.8000,2775.8000,2776.0000,2776.6000,2777.4000,2778.8000,2,5,1,1,1,2,1,1,1,1
SF,IH2012,2020-06-09 09:35:04.900,2774.4000,4784,0,56572320.000,0,-,-,-,-,2774.4000,2766.4000,2765.2000,2764.0000,2754.8000,2775.8000,2776.0000,2776.6000,2777.4000,2778.8000,2,5,1,1,1,2,1,1,1,1
SF,IH2012,2020-06-09 09:35:05.400,2774.4000,4784,0,56572320.000,0,-,-,-,-,2774.4000,2766.4000,2765.2000,2764.0000,2754.8000,2775.8000,2776.0000,2776.6000,2777.4000,2778.8000,2,5,1,1,1,2,1,1,1,1
SF,IH2012,2020-06-09 09:35:07.400,2774.4000,4784,0,56572320.000,0,-,-,-,-,2774.4000,2766.4000,2765.2000,2764.0000,2754.8000,2776.0000,2776.6000,2777.4000,2778.8000,2779.4000,2,5,1,1,1,1,1,1,1,1
SF,IH2012,2020-06-09 09:35:07.900,2774.4000,4784,0,56572320.000,0,-,-,-,-,2774.6000,2774.4000,2766.4000,2765.2000,2764.0000,2776.0000,2777.4000,2778.8000,2779.4000,2779.6000,1,1,5,1,1,1,1,1,1,5
SF,IH2012,2020-06-09 09:35:08.400,2774.4000,4784,0,56572320.000,0,-,-,-,-,2774.8000,2774.6000,2766.4000,2765.2000,2764.0000,2776.0000,2777.4000,2778.8000,2779.4000,2779.6000,1,1,5,1,1,1,1,1,1,5
SF,IH2012,2020-06-09 09:35:08.900,2774.4000,4784,0,56572320.000,0,-,-,-,-,2774.8000,2774.6000,2766.4000,2765.2000,2764.0000,2777.4000,2778.8000,2779.4000,2779.6000,2779.8000,1,1,5,1,1,1,1,1,5,1
SF,IH2012,2020-06-09 09:35:09.400,2774.4000,4784,0,56572320.000,0,-,-,-,-,2774.8000,2774.6000,2766.4000,2765.2000,2764.0000,2777.2000,2777.4000,2778.8000,2779.4000,2779.6000,1,1,5,1,1,2,1,1,1,5
SF,IH2012,2020-06-09 09:35:09.900,2774.4000,4784,0,56572320.000,0,-,-,-,-,2774.8000,2774.6000,2766.4000,2765.2000,2764.0000,2777.2000,2777.4000,2778.8000,2779.4000,2779.6000,1,1,5,1,1,2,1,1,1,5
SF,IH2012,2020-06-09 09:35:10.400,2774.4000,4784,0,56572320.000,0,-,-,-,-,2774.8000,2774.6000,2766.4000,2765.2000,2764.0000,2776.6000,2776.8000,2777.0000,2777.2000,2777.4000,1,1,5,1,1,1,1,1,2,1
SF,IH2012,2020-06-09 09:35:10.900,2774.4000,4784,0,56572320.000,0,-,-,-,-,2774.8000,2774.6000,2766.4000,2765.2000,2764.0000,2776.6000,2776.8000,2777.0000,2777.2000,2777.4000,1,1,5,1,1,1,1,1,2,1
SF,IH2012,2020-06-09 09:35:11.400,2774.4000,4784,0,56572320.000,0,-,-,-,-,2774.8000,2774.6000,2766.4000,2765.2000,2764.0000,2776.4000,2776.6000,2776.8000,2777.2000,2777.4000,1,1,5,1,1,1,1,1,2,1
SF,IH2012,2020-06-09 09:35:11.900,2774.4000,4784,0,56572320.000,0,-,-,-,-,2775.0000,2774.8000,2766.4000,2765.2000,2764.0000,2776.4000,2776.6000,2776.8000,2777.2000,2777.4000,1,1,5,1,1,1,1,1,2,1
SF,IH2012,2020-06-09 09:35:12.400,2774.4000,4784,0,56572320.000,0,-,-,-,-,2775.0000,2774.8000,2766.4000,2765.2000,2764.0000,2776.4000,2776.6000,2777.2000,2777.4000,2778.8000,1,1,5,1,1,1,1,2,1,1
SF,IH2012,2020-06-09 09:35:12.900,2774.4000,4784,0,56572320.000,0,-,-,-,-,2775.0000,2774.8000,2766.4000,2765.2000,2764.0000,2776.2000,2776.4000,2776.6000,2777.2000,2777.4000,1,1,5,1,1,1,1,1,2,1
SF,IH2012,2020-06-09 09:35:14.900,2774.4000,4784,0,56572320.000,0,-,-,-,-,2775.0000,2774.8000,2766.4000,2765.2000,2764.0000,2776.0000,2776.2000,2776.4000,2777.2000,2777.4000,1,1,5,1,1,1,1,1,2,1
SF,IH2012,2020-06-09 09:35:15.400,2774.4000,4784,0,56572320.000,0,-,-,-,-,2775.0000,2774.8000,2766.4000,2765.2000,2764.0000,2776.0000,2776.2000,2776.4000,2777.2000,2777.4000,1,1,5,1,1,1,1,1,2,1
SF,IH2012,2020-06-09 09:35:15.900,2774.4000,4784,0,56572320.000,0,-,-,-,-,2775.0000,2768.8000,2766.4000,2765.2000,2764.0000,2776.0000,2776.2000,2776.4000,2777.2000,2777.4000,1,1,5,1,1,1,1,1,2,1
SF,IH2012,2020-06-09 09:35:16.400,2774.4000,4784,0,56572320.000,0,-,-,-,-,2775.0000,2768.8000,2766.4000,2765.2000,2764.0000,2776.0000,2776.2000,2776.4000,2777.2000,2777.4000,1,1,5,1,1,1,1,1,2,1
SF,IH2012,2020-06-09 09:35:16.900,2774.4000,4784,0,56572320.000,0,-,-,-,-,2775.0000,2768.8000,2766.4000,2765.2000,2764.0000,2776.0000,2776.2000,2776.4000,2777.2000,2777.4000,1,1,5,1,1,1,1,1,2,1
SF,IH2012,2020-06-09 09:35:18.400,2774.4000,4784,0,56572320.000,0,-,-,-,-,2768.8000,2766.4000,2765.2000,2764.0000,2754.8000,2776.0000,2776.4000,2777.2000,2777.4000,2777.8000,1,5,1,1,1,1,1,2,1,1
SF,IH2012,2020-06-09 09:35:18.900,2774.4000,4784,0,56572320.000,0,-,-,-,-,2772.8000,2772.4000,2769.2000,2769.0000,2768.8000,2775.8000,2776.0000,2777.2000,2777.4000,2777.8000,1,1,6,3,1,1,1,1,1,1
SF,IH2012,2020-06-09 09:35:19.400,2774.4000,4784,0,56572320.000,0,-,-,-,-,2773.0000,2769.2000,2769.0000,2768.8000,2766.4000,2775.8000,2776.0000,2777.2000,2777.4000,2777.8000,1,6,2,1,5,1,1,1,1,1
SF,IH2012,2020-06-09 09:35:19.900,2774.4000,4784,0,56572320.000,0,-,-,-,-,2773.0000,2772.8000,2769.2000,2769.0000,2768.8000,2775.8000,2776.0000,2777.2000,2777.4000,2777.8000,2,1,6,2,1,1,1,1,1,1
SF,IH2012,2020-06-09 09:35:20.400,2774.4000,4784,0,56572320.000,0,-,-,-,-,2773.0000,2769.2000,2769.0000,2768.8000,2766.4000,2775.8000,2776.0000,2777.2000,2777.4000,2777.8000,2,6,2,1,5,1,1,1,1,1
SF,IH2012,2020-06-09 09:35:20.900,2774.4000,4784,0,56572320.000,0,-,-,-,-,2773.2000,2773.0000,2769.2000,2769.0000,2768.8000,2775.8000,2776.0000,2777.2000,2777.4000,2777.8000,1,3,6,2,1,1,1,1,1,1
SF,IH2012,2020-06-09 09:35:21.400,2774.4000,4784,0,56572320.000,0,-,-,-,-,2773.4000,2773.2000,2773.0000,2769.2000,2769.0000,2775.6000,2775.8000,2776.0000,2777.2000,2777.4000,1,3,2,6,2,1,1,1,1,1
SF,IH2012,2020-06-09 09:35:21.900,2774.4000,4784,0,56572320.000,0,-,-,-,-,2773.4000,2773.2000,2773.0000,2770.4000,2769.2000,2775.6000,2775.8000,2776.0000,2777.2000,2777.4000,2,3,1,1,6,1,1,1,1,1
SF,IH2012,2020-06-09 09:35:22.400,2774.4000,4784,0,56572320.000,0,-,-,-,-,2773.4000,2773.2000,2773.0000,2770.4000,2769.2000,2775.6000,2775.8000,2776.0000,2777.2000,2777.4000,2,3,1,1,6,1,2,1,1,1
SF,IH2012,2020-06-09 09:35:22.900,2774.4000,4784,0,56572320.000,0,-,-,-,-,2773.6000,2773.4000,2773.2000,2773.0000,2770.4000,2775.6000,2775.8000,2776.0000,2777.2000,2777.4000,1,2,2,1,1,1,2,1,1,1
SF,IH2012,2020-06-09 09:35:23.400,2774.4000,4784,0,56572320.000,0,-,-,-,-,2773.8000,2773.6000,2773.4000,2773.2000,2773.0000,2775.6000,2775.8000,2776.0000,2777.2000,2777.4000,1,1,1,1,1,1,2,1,1,1
SF,IH2012,2020-06-09 09:35:23.900,2774.4000,4784,0,56572320.000,0,-,-,-,-,2773.8000,2773.6000,2773.2000,2773.0000,2770.4000,2775.4000,2775.8000,2776.0000,2777.2000,2777.4000,1,1,1,1,1,1,2,1,1,1
SF,IH2012,2020-06-09 09:35:24.400,2774.4000,4784,0,56572320.000,0,-,-,-,-,2773.8000,2773.6000,2773.2000,2773.0000,2770.4000,2775.4000,2775.8000,2776.0000,2777.2000,2777.4000,1,1,1,1,1,1,2,1,1,1
SF,IH2012,2020-06-09 09:35:24.900,2774.4000,4784,0,56572320.000,0,-,-,-,-,2773.8000,2773.6000,2773.2000,2773.0000,2770.4000,2775.8000,2776.0000,2777.2000,2777.4000,2777.8000,1,1,1,1,1,2,1,1,1,1
SF,IH2012,2020-06-09 09:35:25.400,2774.4000,4784,0,56572320.000,0,-,-,-,-,2773.8000,2773.6000,2773.0000,2770.4000,2769.2000,2775.8000,2776.0000,2777.2000,2777.4000,2777.8000,1,1,1,1,6,2,1,1,1,1
SF,IH2012,2020-06-09 09:35:25.900,2774.4000,4784,0,56572320.000,0,-,-,-,-,2773.8000,2773.6000,2773.0000,2770.4000,2769.2000,2775.8000,2776.0000,2777.2000,2777.4000,2777.8000,1,1,1,1,6,2,1,1,1,1
SF,IH2012,2020-06-09 09:35:26.400,2774.4000,4784,0,56572320.000,0,-,-,-,-,2774.0000,2773.8000,2773.0000,2770.4000,2769.2000,2775.8000,2776.0000,2777.2000,2777.4000,2777.8000,1,1,1,1,6,2,1,1,1,1
SF,IH2012,2020-06-09 09:35:26.900,2774.4000,4784,0,56572320.000,0,-,-,-,-,2774.2000,2774.0000,2773.0000,2770.4000,2769.2000,2775.8000,2776.0000,2777.2000,2777.4000,2777.8000,1,1,1,1,6,2,1,1,1,1
SF,IH2012,2020-06-09 09:35:27.900,2774.4000,4784,0,56572320.000,0,-,-,-,-,2774.2000,2774.0000,2773.0000,2770.4000,2769.2000,2775.8000,2776.0000,2777.2000,2777.4000,2777.8000,1,1,1,1,6,1,1,1,1,1
SF,IH2012,2020-06-09 09:35:28.400,2774.4000,4784,0,56572320.000,0,-,-,-,-,2774.2000,2774.0000,2773.0000,2770.4000,2769.2000,2775.8000,2776.0000,2777.2000,2777.4000,2777.8000,1,1,1,1,6,1,1,1,1,1
SF,IH2012,2020-06-09 09:35:28.900,2774.4000,4784,0,56572320.000,0,-,-,-,-,2774.4000,2774.2000,2773.0000,2770.4000,2769.2000,2775.8000,2777.2000,2777.4000,2777.8000,2778.8000,1,1,1,1,6,1,1,1,1,1
SF,IH2012,2020-06-09 09:35:29.400,2775.8000,4784,0,57405060.000,1,0,1,多换,S,2776.0000,2774.4000,2773.0000,2770.4000,2769.2000,2777.2000,2777.4000,2777.8000,2778.8000,2779.4000,2,1,1,1,6,1,1,1,1,1
SF,IH2012,2020-06-09 09:35:29.900,2775.8000,4784,0,57405060.000,0,-,-,-,-,2776.0000,2774.4000,2774.0000,2773.0000,2770.4000,2777.0000,2777.2000,2777.4000,2777.8000,2778.8000,2,1,1,1,1,1,1,1,1,1
SF,IH2012,2020-06-09 09:35:30.900,2775.8000,4784,0,57405060.000,0,-,-,-,-,2776.0000,2774.4000,2774.0000,2770.4000,2769.2000,2777.0000,2777.2000,2777.4000,2777.8000,2778.8000,2,1,1,1,6,1,1,1,1,1
SF,IH2012,2020-06-09 09:35:31.400,2775.8000,4784,0,57405060.000,0,-,-,-,-,2776.0000,2774.4000,2774.0000,2770.4000,2769.2000,2776.8000,2777.2000,2777.4000,2777.8000,2778.8000,2,1,1,1,6,2,1,1,1,1
SF,IH2012,2020-06-09 09:35:31.900,2775.8000,4784,0,57405060.000,0,-,-,-,-,2776.0000,2774.4000,2774.0000,2770.4000,2769.2000,2776.8000,2777.4000,2777.8000,2778.8000,2779.4000,2,1,1,1,6,1,1,1,1,1
SF,IH2012,2020-06-09 09:35:33.400,2775.8000,4784,0,57405060.000,0,-,-,-,-,2776.0000,2774.4000,2774.0000,2770.4000,2769.2000,2777.8000,2778.8000,2779.2000,2779.4000,2779.6000,2,1,1,1,6,1,1,1,1,5
SF,IH2012,2020-06-09 09:35:33.900,2775.8000,4784,0,57405060.000,0,-,-,-,-,2776.2000,2776.0000,2774.4000,2774.0000,2770.4000,2777.8000,2778.8000,2779.2000,2779.4000,2779.6000,1,2,1,1,1,1,1,1,1,5
SF,IH2012,2020-06-09 09:35:35.400,2775.8000,4784,0,57405060.000,0,-,-,-,-,2776.2000,2776.0000,2774.4000,2774.0000,2770.4000,2777.6000,2777.8000,2778.8000,2779.2000,2779.4000,1,2,1,1,1,2,1,1,1,1
SF,IH2012,2020-06-09 09:35:36.400,2775.8000,4784,0,57405060.000,0,-,-,-,-,2776.2000,2776.0000,2774.4000,2774.0000,2770.4000,2777.6000,2777.8000,2778.8000,2779.2000,2779.4000,1,2,1,1,1,1,1,1,1,1
SF,IH2012,2020-06-09 09:35:36.900,2775.8000,4784,0,57405060.000,0,-,-,-,-,2776.4000,2776.2000,2776.0000,2774.0000,2770.4000,2777.8000,2778.8000,2779.2000,2779.4000,2779.6000,1,1,2,1,1,1,1,1,1,5
SF,IH2012,2020-06-09 09:35:37.400,2775.8000,4784,0,57405060.000,0,-,-,-,-,2776.6000,2776.4000,2776.0000,2770.4000,2769.2000,2777.8000,2778.8000,2779.2000,2779.4000,2779.6000,1,1,2,1,6,1,1,1,1,5
SF,IH2012,2020-06-09 09:35:37.900,2775.8000,4784,0,57405060.000,0,-,-,-,-,2776.6000,2776.4000,2776.0000,2774.6000,2769.2000,2777.8000,2778.8000,2779.4000,2779.6000,2779.8000,1,1,2,1,6,1,1,1,5,1
SF,IH2012,2020-06-09 09:35:38.400,2775.8000,4784,0,57405060.000,0,-,-,-,-,2776.8000,2776.6000,2776.0000,2774.6000,2769.2000,2777.8000,2778.8000,2779.4000,2779.6000,2779.8000,1,1,2,1,6,1,1,1,5,1
SF,IH2012,2020-06-09 09:35:39.900,2775.8000,4784,0,57405060.000,0,-,-,-,-,2776.8000,2776.6000,2776.0000,2774.6000,2769.2000,2777.6000,2777.8000,2778.8000,2779.4000,2779.6000,1,1,2,1,6,1,1,1,1,6
SF,IH2012,2020-06-09 09:35:40.900,2775.8000,4784,0,57405060.000,0,-,-,-,-,2776.8000,2776.6000,2776.0000,2774.6000,2769.2000,2777.8000,2778.8000,2779.4000,2779.6000,2779.8000,1,1,2,1,6,1,1,1,6,1
SF,IH2012,2020-06-09 09:35:41.400,2775.8000,4784,0,57405060.000,0,-,-,-,-,2777.0000,2776.8000,2776.0000,2774.6000,2769.2000,2777.8000,2778.8000,2779.4000,2779.6000,2779.8000,1,1,2,1,6,1,1,1,6,1
SF,IH2012,2020-06-09 09:35:41.900,2775.8000,4784,0,57405060.000,0,-,-,-,-,2777.0000,2776.8000,2776.0000,2769.2000,2769.0000,2777.8000,2778.8000,2779.4000,2779.6000,2779.8000,1,1,2,6,2,1,1,1,6,1
SF,IH2012,2020-06-09 09:35:42.400,2775.8000,4784,0,57405060.000,0,-,-,-,-,2777.0000,2776.8000,2776.0000,2775.0000,2769.2000,2777.8000,2778.8000,2779.4000,2779.6000,2779.8000,1,1,2,1,6,1,1,1,6,1
SF,IH2012,2020-06-09 09:35:42.900,2775.8000,4784,0,57405060.000,0,-,-,-,-,2777.2000,2777.0000,2776.0000,2775.0000,2769.2000,2777.8000,2778.8000,2779.4000,2779.6000,2779.8000,1,1,2,1,6,1,1,1,6,1
SF,IH2012,2020-06-09 09:35:43.400,2777.2000,4784,0,58238220.000,1,0,1,多换,S,2777.0000,2776.0000,2775.0000,2769.2000,2769.0000,2777.8000,2778.8000,2779.4000,2779.6000,2779.8000,1,2,1,6,2,1,1,1,6,1
SF,IH2012,2020-06-09 09:35:43.900,2777.2000,4784,0,58238220.000,0,-,-,-,-,2777.0000,2776.0000,2775.0000,2769.2000,2769.0000,2777.8000,2778.8000,2779.4000,2779.6000,2779.8000,1,2,1,6,2,1,2,1,6,1
SF,IH2012,2020-06-09 09:35:46.900,2777.2000,4784,0,58238220.000,0,-,-,-,-,2777.0000,2776.0000,2775.0000,2769.2000,2769.0000,2777.8000,2778.8000,2779.4000,2779.6000,2779.8000,1,2,1,6,2,1,2,1,6,1
SF,IH2012,2020-06-09 09:35:48.400,2777.8000,4784,0,59071560.000,1,0,1,多换,S,2777.0000,2776.0000,2775.0000,2769.2000,2769.0000,2778.8000,2779.4000,2779.6000,2779.8000,2780.0000,1,2,1,6,2,2,1,6,1,3
SF,IH2012,2020-06-09 09:35:48.900,2777.8000,4784,0,59071560.000,0,-,-,-,-,2777.0000,2776.0000,2775.0000,2769.2000,2769.0000,2778.6000,2778.8000,2779.4000,2779.6000,2779.8000,1,2,1,6,2,1,2,1,6,1
SF,IH2012,2020-06-09 09:35:49.400,2777.8000,4784,0,59071560.000,0,-,-,-,-,2777.0000,2776.0000,2775.0000,2769.2000,2769.0000,2778.6000,2778.8000,2779.4000,2779.6000,2779.8000,1,2,1,6,2,1,2,1,6,1
SF,IH2012,2020-06-09 09:35:49.900,2777.8000,4784,0,59071560.000,0,-,-,-,-,2776.0000,2775.0000,2769.2000,2769.0000,2768.8000,2778.6000,2778.8000,2779.4000,2779.6000,2779.8000,2,1,6,2,1,1,2,1,6,1
SF,IH2012,2020-06-09 09:35:50.400,2777.8000,4784,0,59071560.000,0,-,-,-,-,2776.2000,2776.0000,2775.0000,2769.2000,2769.0000,2778.4000,2778.6000,2778.8000,2779.4000,2779.6000,1,2,1,6,2,1,1,2,1,6
SF,IH2012,2020-06-09 09:35:50.900,2777.8000,4784,0,59071560.000,0,-,-,-,-,2776.2000,2776.0000,2775.0000,2769.2000,2769.0000,2778.4000,2778.8000,2779.4000,2779.6000,2779.8000,1,2,1,6,2,1,2,1,6,1
SF,IH2012,2020-06-09 09:35:53.400,2777.8000,4784,0,59071560.000,0,-,-,-,-,2776.2000,2776.0000,2775.0000,2769.2000,2769.0000,2778.4000,2778.8000,2779.4000,2779.6000,2779.8000,2,2,1,6,2,1,2,1,6,1
SF,IH2012,2020-06-09 09:35:57.400,2777.8000,4784,0,59071560.000,0,-,-,-,-,2776.4000,2776.2000,2776.0000,2775.0000,2769.2000,2778.4000,2778.8000,2779.4000,2779.6000,2779.8000,1,2,2,1,6,1,2,1,6,1
SF,IH2012,2020-06-09 09:35:57.900,2777.8000,4784,0,59071560.000,0,-,-,-,-,2776.6000,2776.4000,2776.2000,2776.0000,2775.0000,2778.4000,2778.8000,2779.4000,2779.6000,2779.8000,1,1,1,2,1,1,2,1,6,1
SF,IH2012,2020-06-09 09:35:58.400,2777.8000,4784,0,59071560.000,0,-,-,-,-,2776.6000,2776.2000,2776.0000,2775.0000,2769.2000,2778.4000,2778.8000,2779.4000,2779.6000,2779.8000,1,1,2,1,6,1,2,1,6,1
SF,IH2012,2020-06-09 09:36:01.400,2777.8000,4784,0,59071560.000,0,-,-,-,-,2776.6000,2776.2000,2776.0000,2775.0000,2769.2000,2778.4000,2778.8000,2779.4000,2779.6000,2779.8000,1,1,2,1,6,1,2,1,6,1
SF,IH2012,2020-06-09 09:36:04.400,2777.8000,4784,0,59071560.000,0,-,-,-,-,2777.0000,2776.6000,2776.2000,2776.0000,2775.0000,2778.4000,2778.8000,2779.4000,2779.6000,2779.8000,2,1,1,2,1,1,2,1,6,1
SF,IH2012,2020-06-09 09:36:04.900,2777.8000,4784,0,59071560.000,0,-,-,-,-,2777.2000,2777.0000,2776.2000,2776.0000,2775.0000,2778.8000,2779.4000,2779.6000,2779.8000,2780.0000,1,2,1,2,1,2,1,6,1,3
SF,IH2012,2020-06-09 09:36:06.400,2777.8000,4784,0,59071560.000,0,-,-,-,-,2777.2000,2777.0000,2776.2000,2776.0000,2775.0000,2778.8000,2779.4000,2779.6000,2779.8000,2780.0000,1,2,1,2,1,2,1,6,1,3
SF,IH2012,2020-06-09 09:36:06.900,2777.8000,4784,0,59071560.000,0,-,-,-,-,2777.2000,2777.0000,2776.2000,2776.0000,2775.0000,2778.8000,2779.4000,2779.6000,2779.8000,2780.0000,1,2,1,2,1,2,1,5,1,3
SF,IH2012,2020-06-09 09:36:07.400,2777.8000,4784,0,59071560.000,0,-,-,-,-,2777.2000,2777.0000,2776.0000,2775.0000,2774.0000,2778.8000,2779.4000,2779.6000,2779.8000,2780.0000,1,2,2,1,5,2,1,5,1,3
SF,IH2012,2020-06-09 09:36:07.900,2778.8000,4783,-1,59905200.000,1,0,1,双平,S,2777.4000,2777.2000,2777.0000,2776.0000,2775.0000,2778.8000,2779.4000,2779.6000,2779.8000,2780.0000,1,1,2,2,1,1,1,5,1,3
SF,IH2012,2020-06-09 09:36:08.400,2778.8000,4783,0,59905200.000,0,-,-,-,-,2777.6000,2777.4000,2777.0000,2776.0000,2774.0000,2778.8000,2779.4000,2779.6000,2779.8000,2780.0000,1,1,2,2,5,1,1,5,1,3
SF,IH2012,2020-06-09 09:36:08.900,2778.8000,4782,-1,60738840.000,1,0,1,双平,S,2777.6000,2777.4000,2777.0000,2776.0000,2774.0000,2779.4000,2779.6000,2779.8000,2780.0000,2785.4000,1,1,2,2,5,1,5,1,3,5
SF,IH2012,2020-06-09 09:36:09.400,2778.8000,4782,0,60738840.000,0,-,-,-,-,2778.8000,2777.6000,2777.0000,2776.0000,2774.0000,2779.4000,2779.6000,2779.8000,2780.0000,2785.4000,1,1,2,2,5,1,5,1,3,5
SF,IH2012,2020-06-09 09:36:09.900,2778.8000,4782,0,60738840.000,0,-,-,-,-,2778.8000,2777.6000,2777.0000,2774.0000,2769.2000,2779.4000,2779.6000,2779.8000,2780.0000,2785.4000,1,2,2,5,6,1,5,1,3,5
SF,IH2012,2020-06-09 09:36:10.400,2778.8000,4782,0,61572480.000,1,0,1,多换,S,2777.6000,2777.0000,2774.0000,2769.2000,2769.0000,2779.4000,2779.6000,2779.8000,2780.0000,2785.4000,2,2,5,6,2,1,5,1,3,5
SF,IH2012,2020-06-09 09:36:10.900,2778.8000,4782,0,61572480.000,0,-,-,-,-,2777.6000,2777.0000,2774.0000,2769.2000,2769.0000,2779.4000,2779.6000,2779.8000,2780.0000,2785.4000,2,2,5,6,2,1,5,1,3,5
SF,IH2012,2020-06-09 09:36:12.900,2779.4000,4782,0,62406300.000,1,0,1,多换,S,2777.6000,2777.0000,2774.0000,2769.2000,2769.0000,2778.8000,2779.6000,2779.8000,2780.0000,2785.4000,2,2,5,6,2,1,5,1,3,5
SF,IH2012,2020-06-09 09:36:13.400,2778.8000,4781,-1,63239940.000,1,0,1,双平,S,2777.6000,2777.0000,2774.0000,2769.2000,2769.0000,2779.6000,2779.8000,2780.0000,2785.4000,2788.0000,1,2,5,6,2,5,1,3,5,2
SF,IH2012,2020-06-09 09:36:13.900,2778.8000,4781,0,63239940.000,0,-,-,-,-,2777.8000,2777.6000,2777.0000,2774.0000,2769.2000,2779.6000,2779.8000,2780.0000,2785.4000,2788.0000,1,1,2,5,6,5,1,3,5,2
SF,IH2012,2020-06-09 09:36:15.400,2778.8000,4781,0,63239940.000,0,-,-,-,-,2778.2000,2777.8000,2777.0000,2774.0000,2769.2000,2779.6000,2779.8000,2780.0000,2785.4000,2788.0000,1,1,2,5,6,5,1,3,5,2
SF,IH2012,2020-06-09 09:36:17.900,2778.8000,4781,0,63239940.000,0,-,-,-,-,2778.2000,2777.8000,2777.0000,2774.0000,2769.2000,2779.6000,2779.8000,2780.0000,2785.4000,2788.0000,2,1,2,5,6,5,1,3,5,2
SF,IH2012,2020-06-09 09:36:18.400,2778.8000,4781,0,63239940.000,0,-,-,-,-,2778.2000,2777.8000,2777.0000,2774.0000,2769.2000,2779.6000,2779.8000,2780.0000,2785.4000,2788.0000,1,1,2,5,6,5,1,3,5,2
SF,IH2012,2020-06-09 09:36:20.400,2778.8000,4781,0,63239940.000,0,-,-,-,-,2777.8000,2777.0000,2774.0000,2769.2000,2769.0000,2779.6000,2779.8000,2780.0000,2785.4000,2788.0000,1,2,5,6,2,5,1,3,5,2
SF,IH2012,2020-06-09 09:36:20.900,2778.8000,4781,0,63239940.000,0,-,-,-,-,2777.8000,2777.0000,2774.0000,2769.2000,2769.0000,2779.6000,2779.8000,2780.0000,2785.4000,2788.0000,2,2,5,6,2,5,1,3,5,2
SF,IH2012,2020-06-09 09:36:21.400,2778.8000,4781,0,63239940.000,0,-,-,-,-,2779.0000,2777.8000,2777.0000,2774.0000,2769.2000,2779.6000,2779.8000,2780.0000,2785.4000,2787.2000,2,3,2,5,6,5,1,2,5,1
SF,IH2012,2020-06-09 09:36:22.900,2779.0000,4779,-2,64907340.000,2,0,2,双平,S,2777.8000,2777.0000,2774.0000,2769.2000,2769.0000,2779.6000,2779.8000,2780.0000,2785.4000,2787.2000,3,2,5,6,2,5,1,2,5,1
SF,IH2012,2020-06-09 09:36:23.900,2779.0000,4779,0,64907340.000,0,-,-,-,-,2777.8000,2777.0000,2774.0000,2771.8000,2769.2000,2779.6000,2779.8000,2780.0000,2785.4000,2787.2000,3,2,5,1,6,5,1,2,5,1
SF,IH2012,2020-06-09 09:36:26.900,2779.0000,4779,0,64907340.000,0,-,-,-,-,2777.8000,2777.0000,2774.0000,2771.8000,2769.2000,2779.6000,2779.8000,2780.0000,2781.8000,2785.4000,3,2,5,1,6,5,1,2,1,5
SF,IH2012,2020-06-09 09:36:27.900,2779.0000,4779,0,64907340.000,0,-,-,-,-,2777.8000,2777.0000,2774.0000,2771.8000,2769.2000,2779.6000,2779.8000,2780.0000,2781.8000,2787.2000,3,2,5,1,6,5,1,2,1,1
SF,IH2012,2020-06-09 09:36:34.400,2779.0000,4779,0,64907340.000,0,-,-,-,-,2777.8000,2777.0000,2774.0000,2771.8000,2769.2000,2779.6000,2779.8000,2780.0000,2781.8000,2787.2000,2,2,5,1,6,5,1,2,1,1
SF,IH2012,2020-06-09 09:36:36.400,2779.0000,4779,0,64907340.000,0,-,-,-,-,2777.8000,2777.0000,2774.0000,2771.8000,2769.2000,2779.6000,2779.8000,2780.0000,2781.8000,2787.2000,3,2,5,1,6,5,1,2,1,1
SF,IH2012,2020-06-09 09:36:38.900,2779.0000,4779,0,64907340.000,0,-,-,-,-,2777.8000,2777.0000,2774.0000,2771.8000,2769.2000,2779.6000,2779.8000,2780.0000,2781.8000,2784.0000,3,2,5,1,6,5,1,2,1,1
SF,IH2012,2020-06-09 09:36:40.400,2779.0000,4779,0,64907340.000,0,-,-,-,-,2777.8000,2777.0000,2774.0000,2771.8000,2769.2000,2779.6000,2779.8000,2780.0000,2781.8000,2784.0000,2,2,5,1,6,5,1,2,1,1
SF,IH2012,2020-06-09 09:36:41.900,2779.0000,4779,0,64907340.000,0,-,-,-,-,2777.8000,2777.0000,2774.0000,2771.8000,2769.2000,2779.6000,2779.8000,2780.0000,2781.8000,2783.4000,1,2,5,1,6,5,1,2,1,1
SF,IH2012,2020-06-09 09:36:42.400,2779.0000,4779,0,64907340.000,0,-,-,-,-,2777.8000,2777.0000,2774.0000,2771.8000,2769.2000,2779.6000,2779.8000,2780.0000,2781.8000,2783.4000,1,2,5,1,6,5,1,2,1,1
SF,IH2012,2020-06-09 09:36:43.400,2779.0000,4779,0,64907340.000,0,-,-,-,-,2777.8000,2774.0000,2771.8000,2769.2000,2769.0000,2779.6000,2779.8000,2780.0000,2781.8000,2783.4000,1,5,1,6,2,5,1,2,1,1
SF,IH2012,2020-06-09 09:36:43.900,2779.0000,4779,0,64907340.000,0,-,-,-,-,2779.0000,2777.8000,2774.0000,2771.8000,2769.2000,2779.6000,2779.8000,2780.0000,2781.8000,2783.4000,2,1,5,1,6,5,1,2,1,1
SF,IH2012,2020-06-09 09:36:44.400,2779.0000,4777,-2,66574740.000,2,0,2,双平,S,2777.8000,2774.0000,2771.8000,2769.2000,2769.0000,2779.4000,2779.6000,2779.8000,2780.0000,2781.8000,1,5,1,6,2,7,5,1,2,1
SF,IH2012,2020-06-09 09:36:44.900,2777.8000,4777,0,67408080.000,1,0,1,多换,S,2774.0000,2771.8000,2769.2000,2769.0000,2768.8000,2779.6000,2779.8000,2780.0000,2781.8000,2783.4000,5,1,6,2,1,5,1,2,1,1
SF,IH2012,2020-06-09 09:36:45.400,2777.8000,4777,0,67408080.000,0,-,-,-,-,2777.0000,2776.8000,2774.4000,2774.2000,2774.0000,2779.4000,2779.6000,2779.8000,2780.0000,2781.8000,1,1,6,1,5,1,5,1,2,1
SF,IH2012,2020-06-09 09:36:45.900,2777.8000,4777,0,67408080.000,0,-,-,-,-,2777.2000,2777.0000,2776.6000,2774.4000,2774.0000,2779.2000,2779.4000,2779.6000,2779.8000,2780.0000,1,1,1,6,5,1,1,5,1,2
SF,IH2012,2020-06-09 09:36:48.900,2777.8000,4777,0,67408080.000,0,-,-,-,-,2777.2000,2777.0000,2774.4000,2774.0000,2771.8000,2779.2000,2779.4000,2779.6000,2779.8000,2780.0000,1,1,6,5,1,1,1,5,1,2
SF,IH2012,2020-06-09 09:36:49.400,2777.8000,4777,0,67408080.000,0,-,-,-,-,2777.2000,2774.4000,2774.0000,2771.8000,2769.0000,2779.2000,2779.4000,2779.6000,2779.8000,2780.0000,2,6,5,1,2,1,1,5,1,2
SF,IH2012,2020-06-09 09:36:49.900,2777.8000,4777,0,67408080.000,0,-,-,-,-,2777.2000,2774.4000,2774.0000,2771.8000,2769.0000,2779.2000,2779.6000,2779.8000,2780.0000,2781.8000,2,6,5,1,2,1,5,1,2,1
SF,IH2012,2020-06-09 09:36:50.400,2777.8000,4777,0,67408080.000,0,-,-,-,-,2777.2000,2774.4000,2774.0000,2771.8000,2769.0000,2779.6000,2779.8000,2780.0000,2781.8000,2783.0000,2,6,5,1,2,5,1,2,1,1
SF,IH2012,2020-06-09 09:36:50.900,2777.8000,4777,0,67408080.000,0,-,-,-,-,2777.4000,2777.2000,2774.4000,2774.0000,2771.8000,2779.4000,2779.6000,2779.8000,2780.0000,2781.8000,1,2,6,5,1,1,5,1,2,1
SF,IH2012,2020-06-09 09:36:51.400,2777.8000,4777,0,67408080.000,0,-,-,-,-,2777.2000,2774.4000,2774.0000,2771.8000,2769.0000,2779.4000,2779.6000,2779.8000,2780.0000,2781.8000,2,6,5,1,2,1,5,1,2,1
SF,IH2012,2020-06-09 09:36:51.900,2777.8000,4777,0,67408080.000,0,-,-,-,-,2777.2000,2774.4000,2774.0000,2771.8000,2769.0000,2779.4000,2779.6000,2779.8000,2780.0000,2781.8000,2,6,5,1,2,1,5,1,2,2
SF,IH2012,2020-06-09 09:36:56.400,2777.8000,4777,0,67408080.000,0,-,-,-,-,2777.2000,2774.4000,2774.0000,2771.8000,2769.0000,2779.4000,2779.6000,2779.8000,2780.0000,2781.8000,1,6,5,1,2,1,5,1,2,2
SF,IH2012,2020-06-09 09:36:58.400,2777.8000,4777,0,67408080.000,0,-,-,-,-,2777.4000,2777.2000,2774.4000,2774.0000,2771.8000,2779.4000,2779.6000,2779.8000,2780.0000,2781.8000,1,1,6,5,1,1,5,1,2,2
SF,IH2012,2020-06-09 09:36:58.900,2777.8000,4777,0,67408080.000,0,-,-,-,-,2777.6000,2777.4000,2774.4000,2774.0000,2771.8000,2779.4000,2779.6000,2779.8000,2780.0000,2781.8000,1,1,6,5,1,1,5,1,2,2
SF,IH2012,2020-06-09 09:36:59.900,2777.8000,4777,0,67408080.000,0,-,-,-,-,2777.6000,2777.4000,2774.4000,2774.0000,2771.8000,2779.4000,2779.6000,2779.8000,2780.0000,2781.8000,1,1,6,5,1,1,5,1,2,2
SF,IH2012,2020-06-09 09:37:00.400,2777.8000,4777,0,67408080.000,0,-,-,-,-,2777.8000,2777.6000,2777.4000,2774.4000,2774.0000,2779.6000,2779.8000,2780.0000,2781.8000,2783.0000,1,1,1,6,5,5,1,2,2,1
SF,IH2012,2020-06-09 09:37:00.900,2777.8000,4777,0,67408080.000,0,-,-,-,-,2778.0000,2777.8000,2774.4000,2774.0000,2771.8000,2779.6000,2779.8000,2780.0000,2781.8000,2783.0000,2,2,6,5,1,5,1,2,2,1
SF,IH2012,2020-06-09 09:37:03.900,2777.8000,4777,0,67408080.000,0,-,-,-,-,2778.0000,2777.8000,2774.4000,2774.0000,2771.8000,2779.6000,2779.8000,2780.0000,2781.8000,2783.0000,1,2,6,5,1,5,1,2,2,1
SF,IH2012,2020-06-09 09:37:05.900,2777.8000,4777,0,67408080.000,0,-,-,-,-,2778.0000,2777.8000,2774.4000,2774.0000,2771.8000,2779.6000,2779.8000,2780.0000,2781.8000,2783.0000,5,2,6,5,1,5,1,2,2,1
SF,IH2012,2020-06-09 09:37:09.400,2777.8000,4777,0,67408080.000,0,-,-,-,-,2778.0000,2777.8000,2774.4000,2774.0000,2771.8000,2779.6000,2779.8000,2780.0000,2781.8000,2783.0000,5,1,6,5,1,5,1,2,2,1
SF,IH2012,2020-06-09 09:37:11.400,2777.8000,4777,0,67408080.000,0,-,-,-,-,2778.2000,2778.0000,2777.8000,2774.4000,2774.0000,2779.6000,2779.8000,2780.0000,2781.8000,2783.0000,1,5,1,6,5,5,1,2,2,1
SF,IH2012,2020-06-09 09:37:14.900,2777.8000,4777,0,67408080.000,0,-,-,-,-,2778.2000,2778.0000,2777.8000,2774.4000,2774.0000,2779.6000,2779.8000,2780.0000,2781.8000,2783.0000,1,5,1,6,5,5,1,2,2,1
SF,IH2012,2020-06-09 09:37:16.900,2777.8000,4777,0,67408080.000,0,-,-,-,-,2778.4000,2778.2000,2778.0000,2774.4000,2774.0000,2779.6000,2779.8000,2780.0000,2781.8000,2783.0000,1,1,5,6,5,5,1,2,2,1
SF,IH2012,2020-06-09 09:37:17.400,2777.8000,4777,0,67408080.000,0,-,-,-,-,2778.6000,2778.4000,2778.2000,2778.0000,2774.4000,2779.6000,2779.8000,2780.0000,2781.8000,2783.0000,1,2,1,4,6,5,1,2,2,1
SF,IH2012,2020-06-09 09:37:18.400,2777.8000,4777,0,67408080.000,0,-,-,-,-,2778.6000,2778.4000,2778.2000,2778.0000,2774.4000,2779.6000,2779.8000,2780.0000,2781.8000,2783.0000,1,1,1,4,6,5,1,2,2,1
SF,IH2012,2020-06-09 09:37:18.900,2777.8000,4777,0,67408080.000,0,-,-,-,-,2778.4000,2778.2000,2778.0000,2774.4000,2774.0000,2779.6000,2779.8000,2780.0000,2781.8000,2783.0000,1,1,4,6,5,5,1,2,2,1
SF,IH2012,2020-06-09 09:37:19.400,2777.8000,4777,0,67408080.000,0,-,-,-,-,2778.4000,2778.2000,2778.0000,2774.4000,2774.0000,2779.6000,2779.8000,2780.0000,2781.8000,2783.0000,1,1,4,6,5,5,1,1,2,2
SF,IH2012,2020-06-09 09:37:20.400,2777.8000,4777,0,67408080.000,0,-,-,-,-,2778.0000,2774.4000,2774.0000,2771.8000,2769.0000,2779.6000,2779.8000,2780.0000,2781.8000,2783.0000,4,6,5,1,2,5,1,1,2,2
SF,IH2012,2020-06-09 09:37:20.900,2777.8000,4777,0,67408080.000,0,-,-,-,-,2778.0000,2774.4000,2774.0000,2771.8000,2769.0000,2779.6000,2779.8000,2780.0000,2781.8000,2783.0000,5,6,5,1,2,5,1,1,2,2
SF,IH2012,2020-06-09 09:37:24.400,2777.8000,4777,0,67408080.000,0,-,-,-,-,2778.0000,2774.4000,2774.0000,2771.8000,2769.0000,2779.4000,2779.6000,2779.8000,2780.0000,2781.8000,5,6,5,1,2,1,5,1,1,2
SF,IH2012,2020-06-09 09:37:28.400,2777.8000,4777,0,67408080.000,0,-,-,-,-,2778.0000,2774.4000,2774.0000,2771.8000,2769.0000,2779.4000,2779.6000,2779.8000,2780.0000,2781.8000,5,6,5,1,2,1,5,1,1,2
SF,IH2012,2020-06-09 09:37:30.900,2777.8000,4777,0,67408080.000,0,-,-,-,-,2778.0000,2774.4000,2774.0000,2771.8000,2769.0000,2779.6000,2779.8000,2780.0000,2781.8000,2783.0000,5,6,5,1,2,5,1,1,2,3
SF,IH2012,2020-06-09 09:37:31.900,2777.8000,4777,0,67408080.000,0,-,-,-,-,2778.0000,2774.4000,2774.0000,2771.8000,2770.2000,2779.6000,2779.8000,2780.0000,2781.8000,2783.0000,5,6,5,1,1,5,1,1,2,3
SF,IH2012,2020-06-09 09:37:32.400,2777.8000,4777,0,67408080.000,0,-,-,-,-,2778.0000,2774.4000,2774.0000,2771.8000,2770.2000,2779.6000,2779.8000,2780.0000,2781.8000,2783.0000,5,6,5,1,1,5,1,1,2,3
SF,IH2012,2020-06-09 09:37:32.900,2777.8000,4777,0,67408080.000,0,-,-,-,-,2778.0000,2774.4000,2774.0000,2771.8000,2770.2000,2779.4000,2779.6000,2779.8000,2780.0000,2781.8000,5,6,5,1,1,1,5,1,1,2
SF,IH2012,2020-06-09 09:37:33.400,2778.0000,4772,-5,71575080.000,5,0,5,双平,S,2774.4000,2774.0000,2771.8000,2770.2000,2769.0000,2779.4000,2779.6000,2779.8000,2780.0000,2781.8000,6,5,1,1,2,1,5,1,1,2
SF,IH2012,2020-06-09 09:37:33.900,2778.0000,4772,0,71575080.000,0,-,-,-,-,2777.2000,2774.6000,2774.4000,2774.0000,2771.8000,2779.2000,2779.4000,2779.6000,2779.8000,2780.0000,2,1,6,5,1,1,1,5,1,1
SF,IH2012,2020-06-09 09:37:34.400,2778.0000,4772,0,71575080.000,0,-,-,-,-,2777.4000,2776.4000,2774.6000,2774.4000,2774.0000,2779.2000,2779.4000,2779.6000,2779.8000,2780.0000,1,1,1,6,5,1,1,5,1,1
SF,IH2012,2020-06-09 09:37:35.900,2778.0000,4772,0,71575080.000,0,-,-,-,-,2776.4000,2774.6000,2774.4000,2774.0000,2771.8000,2779.0000,2779.2000,2779.6000,2779.8000,2780.0000,1,1,6,5,1,1,1,5,1,1
SF,IH2012,2020-06-09 09:37:36.400,2778.0000,4772,0,71575080.000,0,-,-,-,-,2776.6000,2776.4000,2774.4000,2774.0000,2771.8000,2779.0000,2779.6000,2779.8000,2780.0000,2781.8000,2,1,6,5,1,1,5,1,1,2
SF,IH2012,2020-06-09 09:37:36.900,2778.0000,4772,0,71575080.000,0,-,-,-,-,2776.8000,2776.6000,2774.4000,2774.0000,2771.8000,2779.0000,2779.6000,2779.8000,2780.0000,2781.8000,1,2,6,5,1,1,5,1,1,2
SF,IH2012,2020-06-09 09:37:37.400,2778.0000,4772,0,71575080.000,0,-,-,-,-,2777.0000,2776.8000,2776.6000,2774.4000,2774.0000,2779.0000,2779.6000,2779.8000,2780.0000,2781.8000,3,1,1,6,5,1,5,1,1,2
SF,IH2012,2020-06-09 09:37:38.900,2778.0000,4772,0,71575080.000,0,-,-,-,-,2777.0000,2776.6000,2774.4000,2774.0000,2771.8000,2779.0000,2779.6000,2779.8000,2780.0000,2781.8000,3,1,6,5,1,1,5,1,1,2
SF,IH2012,2020-06-09 09:37:39.400,2778.0000,4772,0,71575080.000,0,-,-,-,-,2777.2000,2777.0000,2776.6000,2774.4000,2774.0000,2779.0000,2779.6000,2779.8000,2780.0000,2781.8000,1,3,1,6,5,1,5,1,1,2
SF,IH2012,2020-06-09 09:37:40.400,2778.0000,4772,0,71575080.000,0,-,-,-,-,2777.4000,2777.2000,2777.0000,2774.4000,2774.0000,2779.0000,2779.6000,2779.8000,2780.0000,2781.8000,1,1,2,6,5,1,5,1,1,2
SF,IH2012,2020-06-09 09:37:40.900,2778.0000,4772,0,71575080.000,0,-,-,-,-,2777.4000,2777.2000,2777.0000,2774.4000,2774.0000,2779.0000,2779.6000,2779.8000,2780.0000,2781.8000,1,2,2,6,5,1,5,1,1,2
SF,IH2012,2020-06-09 09:37:41.400,2778.0000,4772,0,71575080.000,0,-,-,-,-,2777.6000,2777.4000,2777.2000,2777.0000,2774.4000,2779.0000,2779.6000,2779.8000,2780.0000,2781.8000,1,1,2,2,6,1,5,1,1,2
SF,IH2012,2020-06-09 09:37:42.900,2778.0000,4772,0,71575080.000,0,-,-,-,-,2777.4000,2777.2000,2777.0000,2774.4000,2774.0000,2779.0000,2779.6000,2779.8000,2780.0000,2781.8000,1,2,2,6,5,1,5,1,1,2
SF,IH2012,2020-06-09 09:37:43.400,2778.0000,4772,0,71575080.000,0,-,-,-,-,2777.6000,2777.4000,2777.2000,2777.0000,2774.4000,2779.0000,2779.6000,2779.8000,2780.0000,2781.8000,2,1,2,1,6,1,5,1,1,2
SF,IH2012,2020-06-09 09:37:43.900,2779.0000,4771,-1,72408780.000,1,0,1,双平,S,2777.6000,2777.4000,2777.2000,2777.0000,2774.4000,2779.6000,2779.8000,2780.0000,2781.8000,2783.0000,2,1,1,1,6,5,1,1,2,3
SF,IH2012,2020-06-09 09:37:44.400,2779.0000,4771,0,72408780.000,0,-,-,-,-,2777.8000,2777.6000,2777.4000,2777.2000,2777.0000,2779.6000,2779.8000,2780.0000,2781.8000,2783.0000,1,2,1,1,1,5,1,1,2,3
SF,IH2012,2020-06-09 09:37:44.900,2779.0000,4771,0,72408780.000,0,-,-,-,-,2778.6000,2778.0000,2777.8000,2777.6000,2777.4000,2779.6000,2779.8000,2780.0000,2781.8000,2783.0000,1,1,1,1,1,5,1,1,2,3
SF,IH2012,2020-06-09 09:37:45.400,2779.0000,4771,0,72408780.000,0,-,-,-,-,2778.0000,2777.8000,2777.6000,2777.4000,2777.0000,2779.6000,2779.8000,2780.0000,2781.8000,2783.0000,1,1,1,1,1,5,1,1,2,3
SF,IH2012,2020-06-09 09:37:45.900,2779.0000,4771,0,72408780.000,0,-,-,-,-,2778.0000,2777.6000,2777.4000,2777.0000,2774.4000,2779.6000,2779.8000,2780.0000,2781.8000,2783.0000,1,1,1,1,6,5,1,1,2,3
SF,IH2012,2020-06-09 09:37:46.400,2779.0000,4771,0,72408780.000,0,-,-,-,-,2778.8000,2778.2000,2778.0000,2777.6000,2777.4000,2779.6000,2779.8000,2780.0000,2781.8000,2783.0000,1,1,2,1,1,5,1,1,2,3
SF,IH2012,2020-06-09 09:37:46.900,2779.0000,4771,0,72408780.000,0,-,-,-,-,2778.2000,2778.0000,2777.6000,2777.4000,2777.0000,2779.6000,2779.8000,2780.0000,2781.8000,2783.0000,1,2,1,1,1,5,1,1,2,3
SF,IH2012,2020-06-09 09:37:47.400,2779.0000,4771,0,72408780.000,0,-,-,-,-,2778.4000,2778.2000,2777.6000,2777.0000,2774.4000,2779.6000,2779.8000,2780.0000,2781.8000,2783.0000,1,1,1,1,6,5,1,1,2,3
SF,IH2012,2020-06-09 09:37:47.900,2779.6000,4771,0,74076540.000,2,1,1,多换,S,2778.4000,2778.2000,2777.6000,2774.4000,2774.0000,2779.6000,2779.8000,2780.0000,2781.8000,2783.0000,1,1,1,6,5,3,1,1,2,3
SF,IH2012,2020-06-09 09:37:48.400,2779.6000,4771,0,74076540.000,0,-,-,-,-,2779.0000,2778.6000,2778.4000,2777.6000,2774.4000,2779.6000,2779.8000,2780.0000,2781.8000,2783.0000,1,1,2,1,6,3,1,1,2,3
SF,IH2012,2020-06-09 09:37:48.900,2779.6000,4771,0,74076540.000,0,-,-,-,-,2779.0000,2778.6000,2778.4000,2774.4000,2774.0000,2779.6000,2779.8000,2780.0000,2781.8000,2783.0000,1,1,2,6,5,3,1,1,2,3
SF,IH2012,2020-06-09 09:37:49.400,2779.6000,4771,0,74076540.000,0,-,-,-,-,2779.0000,2778.4000,2774.4000,2774.0000,2771.8000,2779.6000,2779.8000,2780.0000,2781.8000,2783.0000,1,2,6,5,1,3,1,1,2,3
SF,IH2012,2020-06-09 09:37:51.400,2779.6000,4771,0,74076540.000,0,-,-,-,-,2778.4000,2774.4000,2774.0000,2771.8000,2770.2000,2779.6000,2779.8000,2780.0000,2781.8000,2783.0000,2,6,5,1,1,3,1,1,2,3
SF,IH2012,2020-06-09 09:37:51.900,2779.6000,4771,0,74076540.000,0,-,-,-,-,2779.0000,2778.4000,2774.4000,2774.0000,2771.8000,2779.6000,2779.8000,2780.0000,2781.8000,2783.0000,1,2,6,5,1,3,1,1,2,3
SF,IH2012,2020-06-09 09:37:53.900,2779.6000,4771,0,74076540.000,0,-,-,-,-,2778.4000,2774.4000,2774.0000,2771.8000,2770.2000,2779.6000,2779.8000,2780.0000,2781.8000,2783.0000,2,6,5,1,1,3,1,1,2,3
SF,IH2012,2020-06-09 09:37:54.400,2779.6000,4771,0,74076540.000,0,-,-,-,-,2779.0000,2778.4000,2774.4000,2774.0000,2771.8000,2779.6000,2779.8000,2780.0000,2781.8000,2783.0000,1,2,6,5,1,3,1,1,2,3
SF,IH2012,2020-06-09 09:37:54.900,2779.6000,4771,0,74076540.000,0,-,-,-,-,2779.0000,2778.4000,2774.4000,2774.0000,2771.8000,2779.6000,2779.8000,2780.0000,2781.8000,2783.0000,1,2,6,5,1,3,1,1,2,3
SF,IH2012,2020-06-09 09:37:55.400,2779.6000,4771,0,74076540.000,0,-,-,-,-,2779.0000,2774.4000,2774.0000,2771.8000,2770.2000,2779.6000,2779.8000,2780.0000,2781.8000,2783.0000,1,6,5,1,1,3,1,1,2,3
SF,IH2012,2020-06-09 09:37:55.900,2779.0000,4770,-1,74910240.000,1,0,1,双平,S,2774.4000,2774.0000,2771.8000,2770.2000,2769.0000,2779.6000,2779.8000,2780.0000,2781.8000,2783.0000,6,5,1,1,2,3,1,1,2,3
SF,IH2012,2020-06-09 09:37:56.400,2779.0000,4770,0,74910240.000,0,-,-,-,-,2778.4000,2777.8000,2774.6000,2774.4000,2774.0000,2779.6000,2779.8000,2780.0000,2781.8000,2783.0000,1,1,3,6,5,3,1,1,2,3
SF,IH2012,2020-06-09 09:37:56.900,2779.0000,4770,0,74910240.000,0,-,-,-,-,2777.8000,2774.6000,2774.4000,2774.0000,2771.8000,2779.6000,2779.8000,2780.0000,2781.8000,2783.0000,1,4,6,5,1,3,1,1,2,3
SF,IH2012,2020-06-09 09:37:57.900,2779.0000,4770,0,74910240.000,0,-,-,-,-,2777.8000,2776.6000,2774.6000,2774.4000,2774.0000,2779.6000,2779.8000,2780.0000,2781.8000,2783.0000,1,1,4,6,5,3,1,1,2,3
SF,IH2012,2020-06-09 09:37:58.400,2779.0000,4770,0,74910240.000,0,-,-,-,-,2778.8000,2778.0000,2777.8000,2776.6000,2774.6000,2779.6000,2779.8000,2780.0000,2781.8000,2783.0000,1,1,1,1,3,3,1,1,2,3
SF,IH2012,2020-06-09 09:37:58.900,2779.0000,4770,0,74910240.000,0,-,-,-,-,2778.0000,2777.8000,2776.6000,2774.6000,2774.4000,2779.6000,2779.8000,2780.0000,2781.8000,2783.0000,1,1,1,3,6,3,1,1,2,3
SF,IH2012,2020-06-09 09:37:59.400,2779.0000,4770,0,74910240.000,0,-,-,-,-,2778.0000,2776.6000,2774.6000,2774.4000,2774.0000,2779.6000,2779.8000,2780.0000,2781.8000,2783.0000,1,1,3,6,5,3,1,1,2,3
