市场代码,合约代码,时间,最新,持仓,增仓,成交额,成交量,开仓,平仓,成交类型,方向,买一价,买二价,买三价,买四价,买五价,卖一价,卖二价,卖三价,卖四价,卖五价,买一量,买二量,买三量,买四量,买五量,卖一量,卖二量,卖三量,卖四量,卖五量
SF,IH2006,2020-03-02 09:29:00.200,2822.2000,14874,0,19473180.000,23.000,-,-,-,-,2822.0000,2821.0000,2820.6000,2820.0000,2819.4000,2825.0000,2826.0000,2828.0000,2829.0000,2829.8000,1,1,1,1,1,3,1,1,1,1
SF,IH2006,2020-03-02 09:30:00.200,2825.2000,14871,-3,26254740.000,8,2,6,多平,S,2825.2000,2825.0000,2824.4000,2823.6000,2823.0000,2829.0000,2829.8000,2830.0000,2834.8000,2835.8000,1,12,1,1,1,1,1,1,1,1
SF,IH2006,2020-03-02 09:30:00.700,2829.8000,14867,-4,31346880.000,6,1,5,多平,S,2829.0000,2826.0000,2825.6000,2825.4000,2825.2000,2830.0000,2834.8000,2835.8000,2837.4000,2838.0000,4,1,2,5,1,1,1,1,2,1
SF,IH2006,2020-03-02 09:30:01.200,2829.0000,14862,-5,38137080.000,8,1,7,多平,S,2825.6000,2825.4000,2825.0000,2822.4000,2822.2000,2828.0000,2829.8000,2831.8000,2834.8000,2835.8000,2,4,12,1,1,1,1,1,1,1
SF,IH2006,2020-03-02 09:30:01.700,2828.6000,14860,-2,40682460.000,3,0,3,多平,S,2828.0000,2826.8000,2826.6000,2826.4000,2826.2000,2829.8000,2831.8000,2834.8000,2835.8000,2840.0000,3,1,3,1,11,2,1,1,1,2
SF,IH2006,2020-03-02 09:30:02.200,2828.2000,14859,-1,41530920.000,1,0,1,双平,S,2828.2000,2828.0000,2827.4000,2826.8000,2826.6000,2829.6000,2829.8000,2831.8000,2834.8000,2835.8000,2,1,10,1,3,3,2,1,1,1
SF,IH2006,2020-03-02 09:30:02.700,2829.8000,14859,0,45775440.000,5,2,3,多换,S,2828.8000,2828.4000,2828.2000,2828.0000,2827.4000,2831.8000,2834.8000,2835.8000,2836.0000,2840.0000,1,2,2,2,10,1,1,1,1,2
SF,IH2006,2020-03-02 09:30:03.200,2829.8000,14859,0,45775440.000,0,-,-,-,-,2829.0000,2828.4000,2828.0000,2827.4000,2826.8000,2831.6000,2831.8000,2834.8000,2835.8000,2836.0000,4,1,3,10,1,1,1,1,1,1
SF,IH2006,2020-03-02 09:30:03.700,2829.2000,14858,-1,46624200.000,1,0,1,双平,S,2829.0000,2828.8000,2828.0000,2826.8000,2826.6000,2831.8000,2834.8000,2835.8000,2836.0000,2840.0000,4,1,3,1,1,1,1,1,1,2
SF,IH2006,2020-03-02 09:30:04.200,2831.6000,14857,-1,49171980.000,3,1,2,多平,S,2831.6000,2829.6000,2829.2000,2829.0000,2828.8000,2834.8000,2835.8000,2836.0000,2840.0000,2840.2000,4,1,1,3,1,1,1,1,2,1
SF,IH2006,2020-03-02 09:30:04.700,2831.6000,14856,-1,52569900.000,4,1,3,多平,S,2831.6000,2829.6000,2829.0000,2828.0000,2826.8000,2833.4000,2833.6000,2834.0000,2834.2000,2834.6000,1,1,2,3,1,1,2,1,1,2
SF,IH2006,2020-03-02 09:30:05.200,2830.8000,14853,-3,55968120.000,4,0,4,多平,S,2830.8000,2829.6000,2829.0000,2828.0000,2826.8000,2832.2000,2833.2000,2833.6000,2834.0000,2834.2000,9,1,2,3,1,2,6,1,1,1
SF,IH2006,2020-03-02 09:30:05.700,2831.8000,14850,-3,60216300.000,5,1,4,多平,S,2830.8000,2829.6000,2829.0000,2828.0000,2826.8000,2831.6000,2833.2000,2833.6000,2834.0000,2834.2000,9,1,2,1,1,2,3,1,1,1
SF,IH2006,2020-03-02 09:30:06.200,2833.6000,14846,-4,65315220.000,6,1,5,多平,S,2831.0000,2830.8000,2829.6000,2829.0000,2828.0000,2834.0000,2834.2000,2834.8000,2835.0000,2835.8000,1,11,2,1,1,1,1,1,1,1
SF,IH2006,2020-03-02 09:30:06.700,2834.0000,14845,-1,69564540.000,5,2,3,多平,S,2831.6000,2831.4000,2831.2000,2831.0000,2830.8000,2834.0000,2834.8000,2835.0000,2835.8000,2836.0000,1,1,2,1,7,1,1,1,1,1
SF,IH2006,2020-03-02 09:30:07.200,2830.8000,14841,-4,73811640.000,5,0,5,多平,S,2830.8000,2830.6000,2829.6000,2829.0000,2828.0000,2833.8000,2834.0000,2834.8000,2835.0000,2835.8000,5,4,2,1,1,2,2,1,1,1
SF,IH2006,2020-03-02 09:30:07.700,2830.8000,14841,0,73811640.000,0,-,-,-,-,2831.6000,2831.4000,2831.0000,2830.8000,2830.6000,2833.8000,2834.0000,2834.8000,2835.0000,2835.8000,2,1,4,2,4,2,1,1,1,1
SF,IH2006,2020-03-02 09:30:08.200,2832.8000,14839,-2,75511320.000,2,0,2,双平,S,2832.0000,2831.8000,2831.6000,2831.4000,2831.0000,2833.8000,2834.0000,2834.8000,2835.0000,2835.8000,1,1,2,1,2,2,1,1,1,1
SF,IH2006,2020-03-02 09:30:08.700,2832.8000,14839,0,75511320.000,0,-,-,-,-,2832.0000,2831.8000,2831.6000,2831.4000,2831.0000,2833.8000,2834.0000,2834.8000,2835.0000,2835.8000,1,1,2,1,2,2,1,2,1,1
SF,IH2006,2020-03-02 09:30:09.200,2833.6000,14838,-1,76361400.000,1,0,1,双平,S,2832.0000,2831.8000,2831.6000,2831.4000,2831.0000,2833.6000,2833.8000,2834.0000,2834.8000,2835.0000,1,1,2,1,3,2,2,1,2,1
SF,IH2006,2020-03-02 09:30:09.700,2833.8000,14837,-1,79761300.000,4,1,3,多平,S,2831.8000,2831.6000,2831.4000,2831.0000,2830.8000,2833.8000,2834.0000,2834.8000,2835.0000,2835.8000,1,2,1,3,2,1,1,3,1,1
SF,IH2006,2020-03-02 09:30:10.200,2833.8000,14837,0,79761300.000,0,-,-,-,-,2832.2000,2832.0000,2831.8000,2831.6000,2831.4000,2833.8000,2834.0000,2834.8000,2835.0000,2835.8000,2,4,1,2,1,2,1,2,1,1
SF,IH2006,2020-03-02 09:30:10.700,2834.0000,14836,-1,81461640.000,2,0,2,多平,S,2832.4000,2832.2000,2832.0000,2831.6000,2831.4000,2834.8000,2835.0000,2835.8000,2836.0000,2838.0000,1,2,4,2,1,2,1,1,1,1
SF,IH2006,2020-03-02 09:30:11.200,2834.0000,14836,0,81461640.000,0,-,-,-,-,2833.6000,2832.6000,2832.4000,2832.2000,2832.0000,2833.8000,2834.8000,2835.0000,2835.8000,2836.0000,2,3,1,3,3,1,2,1,1,1
SF,IH2006,2020-03-02 09:30:11.700,2833.6000,14833,-3,84862020.000,4,0,4,多平,S,2832.6000,2832.4000,2832.2000,2832.0000,2831.6000,2834.8000,2835.0000,2835.8000,2836.0000,2838.0000,1,1,3,2,2,2,1,1,1,1
SF,IH2006,2020-03-02 09:30:12.200,2834.8000,14834,1,87413340.000,3,2,1,空开,S,2832.8000,2832.6000,2832.2000,2832.0000,2831.6000,2835.0000,2835.8000,2836.0000,2838.0000,2839.0000,4,1,3,2,2,1,1,1,1,1
SF,IH2006,2020-03-02 09:30:12.700,2834.8000,14834,0,87413340.000,0,-,-,-,-,2834.8000,2833.8000,2833.0000,2832.8000,2832.2000,2835.8000,2836.0000,2838.0000,2839.0000,2840.0000,1,1,3,5,3,1,1,1,1,2
SF,IH2006,2020-03-02 09:30:13.200,2833.8000,14833,-1,89964600.000,3,1,2,多平,S,2833.0000,2832.8000,2832.2000,2832.0000,2831.6000,2833.6000,2835.6000,2835.8000,2836.0000,2838.0000,2,4,2,2,2,1,1,1,1,1
SF,IH2006,2020-03-02 09:30:13.700,2833.6000,14833,0,90814680.000,1,0,1,多换,S,2834.0000,2833.6000,2833.2000,2833.0000,2832.8000,2835.8000,2836.0000,2838.0000,2839.0000,2840.0000,1,1,2,3,2,1,1,1,1,2
SF,IH2006,2020-03-02 09:30:14.200,2835.6000,14833,0,91665360.000,1,0,1,多换,S,2834.2000,2834.0000,2833.6000,2833.0000,2832.8000,2835.8000,2836.0000,2838.0000,2839.0000,2840.0000,3,1,1,2,2,1,1,1,1,2
SF,IH2006,2020-03-02 09:30:14.700,2834.4000,14832,-1,92515680.000,1,0,1,双平,S,2834.2000,2833.6000,2833.0000,2832.8000,2832.2000,2835.8000,2836.0000,2838.0000,2838.8000,2839.0000,2,2,2,2,2,1,1,1,1,1
SF,IH2006,2020-03-02 09:30:15.200,2834.4000,14830,-2,94216740.000,2,0,2,双平,S,2834.2000,2834.0000,2833.6000,2833.0000,2832.8000,2836.0000,2838.0000,2838.8000,2839.0000,2840.0000,2,1,5,3,10,1,1,1,1,2
SF,IH2006,2020-03-02 09:30:15.700,2834.4000,14828,-2,95917380.000,2,0,2,双平,S,2834.4000,2834.2000,2834.0000,2833.6000,2833.0000,2836.0000,2838.0000,2838.8000,2839.0000,2840.0000,1,2,1,5,3,1,1,1,1,2
SF,IH2006,2020-03-02 09:30:16.200,2834.4000,14828,0,95917380.000,0,-,-,-,-,2835.8000,2834.6000,2834.2000,2834.0000,2833.6000,2836.0000,2838.0000,2838.8000,2839.0000,2840.0000,2,1,1,3,5,1,1,1,1,2
SF,IH2006,2020-03-02 09:30:16.700,2835.8000,14823,-5,100171080.000,5,0,5,双平,S,2834.2000,2834.0000,2833.6000,2833.0000,2832.8000,2835.8000,2836.0000,2838.0000,2838.8000,2839.0000,1,3,5,3,2,1,1,1,1,1
SF,IH2006,2020-03-02 09:30:17.200,2835.8000,14823,0,100171080.000,0,-,-,-,-,2834.8000,2834.4000,2834.2000,2834.0000,2833.6000,2835.8000,2836.0000,2838.0000,2838.8000,2839.0000,1,2,1,3,5,2,1,1,1,1
SF,IH2006,2020-03-02 09:30:17.700,2835.8000,14823,0,102722760.000,3,1,2,多换,S,2834.4000,2834.2000,2834.0000,2833.6000,2833.2000,2835.8000,2836.0000,2838.0000,2838.8000,2839.0000,1,1,3,5,3,2,1,1,1,1
SF,IH2006,2020-03-02 09:30:18.200,2836.0000,14820,-3,105275040.000,3,0,3,双平,S,2836.0000,2834.6000,2834.4000,2834.2000,2834.0000,2838.0000,2838.8000,2839.0000,2840.0000,2840.2000,1,2,1,1,11,1,1,1,2,1
SF,IH2006,2020-03-02 09:30:18.700,2836.0000,14820,0,106976640.000,2,1,1,多换,S,2834.6000,2834.0000,2833.6000,2833.2000,2833.0000,2836.0000,2836.6000,2836.8000,2837.0000,2837.4000,1,11,5,3,3,3,1,3,1,2
SF,IH2006,2020-03-02 09:30:19.200,2834.8000,14816,-4,110379480.000,4,0,4,双平,S,2834.6000,2834.0000,2833.6000,2833.2000,2833.0000,2836.6000,2836.8000,2837.0000,2837.4000,2837.6000,1,11,5,3,3,1,3,1,2,1
SF,IH2006,2020-03-02 09:30:19.700,2834.8000,14816,0,110379480.000,0,-,-,-,-,2835.8000,2834.8000,2834.0000,2833.6000,2833.2000,2836.4000,2837.4000,2837.6000,2837.8000,2838.0000,11,3,11,5,3,2,2,1,1,3
SF,IH2006,2020-03-02 09:30:20.200,2835.8000,14815,-1,118886880.000,10,4,6,多平,S,2835.8000,2834.8000,2834.0000,2833.6000,2833.2000,2837.4000,2837.6000,2837.8000,2838.0000,2838.8000,1,1,3,5,3,2,1,1,3,1
SF,IH2006,2020-03-02 09:30:20.700,2835.8000,14815,0,118886880.000,0,-,-,-,-,2836.6000,2835.8000,2834.0000,2833.6000,2833.2000,2836.8000,2837.0000,2837.2000,2837.4000,2837.6000,1,1,3,5,3,1,1,5,2,1
SF,IH2006,2020-03-02 09:30:21.200,2836.6000,14814,-1,119737860.000,1,0,1,双平,S,2835.8000,2834.0000,2833.6000,2833.2000,2833.0000,2836.6000,2836.8000,2837.0000,2837.2000,2837.4000,1,3,5,3,3,3,1,1,4,2
SF,IH2006,2020-03-02 09:30:21.700,2836.6000,14814,0,119737860.000,0,-,-,-,-,2835.8000,2835.0000,2834.0000,2833.6000,2833.2000,2836.6000,2836.8000,2837.0000,2837.2000,2837.4000,1,1,3,5,3,2,1,1,4,2
SF,IH2006,2020-03-02 09:30:22.200,2836.6000,14812,-2,122290800.000,3,0,3,多平,S,2836.8000,2836.6000,2836.4000,2835.8000,2835.0000,2837.0000,2837.2000,2837.4000,2837.6000,2838.0000,1,1,2,1,1,1,4,2,1,3
SF,IH2006,2020-03-02 09:30:22.700,2836.6000,14810,-2,124843920.000,3,0,3,多平,S,2836.6000,2836.4000,2835.8000,2835.0000,2834.0000,2837.2000,2837.4000,2838.0000,2838.4000,2838.8000,6,2,1,1,1,4,2,3,2,2
SF,IH2006,2020-03-02 09:30:23.200,2836.4000,14808,-2,130800720.000,7,2,5,多平,S,2836.4000,2835.8000,2835.0000,2834.0000,2833.6000,2836.8000,2837.0000,2837.2000,2837.4000,2838.0000,1,1,1,1,5,5,1,4,2,3
SF,IH2006,2020-03-02 09:30:23.700,2836.4000,14807,-1,131651640.000,1,0,1,双平,S,2835.8000,2835.0000,2834.0000,2833.6000,2833.2000,2836.4000,2837.0000,2837.2000,2837.4000,2838.0000,1,1,1,5,3,4,1,4,2,3
SF,IH2006,2020-03-02 09:30:24.200,2835.8000,14804,-3,135055140.000,4,0,4,多平,S,2836.8000,2835.0000,2834.8000,2834.0000,2833.6000,2837.0000,2837.2000,2837.4000,2838.0000,2838.4000,1,1,8,1,5,1,3,2,3,2
SF,IH2006,2020-03-02 09:30:24.700,2834.8000,14800,-4,140159040.000,6,1,5,多平,S,2836.8000,2834.8000,2834.0000,2833.6000,2833.2000,2837.0000,2837.2000,2837.4000,2838.0000,2838.4000,1,5,1,5,3,1,3,2,3,2
SF,IH2006,2020-03-02 09:30:25.200,2836.8000,14800,0,141010080.000,1,0,1,多换,S,2834.8000,2834.0000,2833.6000,2833.2000,2833.0000,2836.6000,2837.0000,2837.2000,2837.4000,2838.0000,1,1,5,3,3,1,1,3,2,3
SF,IH2006,2020-03-02 09:30:25.700,2836.6000,14801,1,142712040.000,2,1,1,空开,S,2835.0000,2834.0000,2833.6000,2833.2000,2833.0000,2837.0000,2837.2000,2837.4000,2838.0000,2838.4000,7,1,2,3,3,1,1,2,3,2
SF,IH2006,2020-03-02 09:30:26.200,2836.6000,14801,0,142712040.000,0,-,-,-,-,2835.2000,2835.0000,2834.0000,2833.6000,2833.2000,2837.0000,2837.2000,2837.4000,2838.0000,2838.4000,1,8,1,1,3,1,1,3,3,2
SF,IH2006,2020-03-02 09:30:26.700,2836.8000,14799,-2,145264800.000,3,0,3,多平,S,2835.4000,2835.0000,2834.0000,2833.6000,2833.2000,2837.4000,2838.0000,2838.4000,2838.8000,2839.0000,2,6,1,1,3,2,2,2,2,1
SF,IH2006,2020-03-02 09:30:27.200,2835.6000,14793,-6,151219560.000,7,0,7,多平,S,2835.6000,2835.4000,2835.0000,2834.0000,2833.2000,2837.0000,2837.2000,2837.4000,2838.0000,2838.4000,1,2,6,1,3,1,1,2,2,2
SF,IH2006,2020-03-02 09:30:27.700,2835.6000,14793,0,151219560.000,0,-,-,-,-,2835.8000,2835.6000,2835.4000,2835.0000,2834.0000,2836.8000,2837.0000,2837.4000,2838.0000,2838.4000,1,1,1,6,1,1,1,2,2,2
SF,IH2006,2020-03-02 09:30:28.200,2835.6000,14793,0,151219560.000,0,-,-,-,-,2836.0000,2835.6000,2835.4000,2835.0000,2834.0000,2836.8000,2837.0000,2837.4000,2838.0000,2838.4000,1,1,1,6,1,1,1,2,2,2
SF,IH2006,2020-03-02 09:30:28.700,2836.8000,14793,0,152070600.000,1,0,1,多换,S,2836.2000,2835.6000,2835.4000,2835.0000,2834.0000,2837.0000,2837.4000,2838.0000,2838.4000,2838.8000,1,1,1,6,1,1,2,2,2,2
SF,IH2006,2020-03-02 09:30:29.200,2836.8000,14793,0,152070600.000,0,-,-,-,-,2836.8000,2836.4000,2835.6000,2835.4000,2835.0000,2837.0000,2837.4000,2838.0000,2838.4000,2838.8000,1,1,1,1,6,1,2,2,2,2
SF,IH2006,2020-03-02 09:30:29.700,2836.8000,14791,-2,154623660.000,3,0,3,多平,S,2835.6000,2835.0000,2834.0000,2833.2000,2833.0000,2836.8000,2837.0000,2837.4000,2838.0000,2838.4000,1,6,1,3,3,1,1,2,2,2
SF,IH2006,2020-03-02 09:30:30.200,2836.8000,14791,0,154623660.000,0,-,-,-,-,2835.8000,2835.6000,2835.0000,2834.0000,2833.2000,2836.8000,2837.0000,2837.4000,2838.0000,2838.4000,1,1,6,2,3,3,1,2,2,2
SF,IH2006,2020-03-02 09:30:30.700,2836.6000,14789,-2,157176420.000,3,0,3,多平,S,2835.0000,2834.4000,2834.0000,2833.2000,2833.0000,2836.8000,2837.0000,2837.4000,2838.0000,2838.4000,4,1,2,3,3,3,1,2,2,2
SF,IH2006,2020-03-02 09:30:31.200,2836.8000,14787,-2,158878440.000,2,0,2,双平,S,2835.0000,2834.4000,2834.0000,2833.2000,2833.0000,2836.6000,2836.8000,2837.0000,2837.4000,2838.0000,4,1,2,3,3,1,3,1,2,2
SF,IH2006,2020-03-02 09:30:31.700,2836.8000,14786,-1,159729480.000,1,0,1,双平,S,2835.2000,2835.0000,2834.4000,2834.0000,2833.2000,2836.4000,2836.8000,2837.0000,2837.4000,2838.0000,1,4,1,2,3,1,3,1,2,2
SF,IH2006,2020-03-02 09:30:32.200,2836.8000,14786,0,159729480.000,0,-,-,-,-,2835.0000,2834.4000,2834.0000,2833.2000,2833.0000,2836.4000,2836.8000,2837.0000,2837.4000,2838.0000,4,1,2,3,3,2,3,1,2,2
SF,IH2006,2020-03-02 09:30:32.700,2836.2000,14786,0,161430900.000,2,1,1,多换,S,2835.4000,2835.0000,2834.0000,2833.2000,2833.0000,2836.4000,2836.8000,2837.0000,2837.4000,2838.0000,1,4,2,3,3,2,3,1,2,2
SF,IH2006,2020-03-02 09:30:33.200,2836.2000,14786,0,161430900.000,0,-,-,-,-,2835.0000,2834.0000,2833.2000,2833.0000,2832.8000,2836.2000,2836.8000,2837.0000,2837.4000,2838.0000,4,2,3,3,1,1,4,1,2,2
SF,IH2006,2020-03-02 09:30:33.700,2836.8000,14786,0,163132800.000,2,1,1,多换,S,2836.6000,2836.4000,2836.0000,2835.2000,2834.8000,2836.8000,2837.0000,2837.4000,2838.0000,2838.4000,19,1,1,1,4,3,1,2,2,2
SF,IH2006,2020-03-02 09:30:34.200,2834.8000,14784,-2,181853580.000,22,10,12,多平,S,2834.8000,2834.0000,2833.2000,2833.0000,2832.8000,2836.2000,2836.4000,2836.6000,2836.8000,2837.0000,3,1,3,3,1,1,3,3,4,1
SF,IH2006,2020-03-02 09:30:34.700,2836.2000,14784,0,186106920.000,5,2,3,多换,S,2834.2000,2834.0000,2833.8000,2833.6000,2833.2000,2834.8000,2835.0000,2836.2000,2836.4000,2836.6000,1,1,2,1,3,1,1,1,2,2
SF,IH2006,2020-03-02 09:30:35.200,2835.0000,14781,-3,190358820.000,5,1,4,多平,S,2833.8000,2833.6000,2833.2000,2833.0000,2832.8000,2836.0000,2836.2000,2836.6000,2836.8000,2837.0000,2,1,3,3,1,1,1,1,3,1
SF,IH2006,2020-03-02 09:30:35.700,2835.6000,14780,-1,192910140.000,3,1,2,多平,S,2835.0000,2833.2000,2833.0000,2832.8000,2832.0000,2835.6000,2835.8000,2836.0000,2836.2000,2836.6000,3,5,3,1,1,3,3,1,1,1
SF,IH2006,2020-03-02 09:30:36.200,2835.0000,14777,-3,195461640.000,3,0,3,双平,S,2833.2000,2833.0000,2832.8000,2832.0000,2831.6000,2834.8000,2835.4000,2835.6000,2835.8000,2836.6000,5,3,1,1,2,1,1,3,3,1
SF,IH2006,2020-03-02 09:30:36.700,2835.0000,14776,-1,196312140.000,1,0,1,双平,S,2833.6000,2833.4000,2833.2000,2833.0000,2832.8000,2835.2000,2835.8000,2836.6000,2836.8000,2837.0000,1,2,5,3,1,1,2,1,4,1
SF,IH2006,2020-03-02 09:30:37.200,2835.2000,14776,0,197162700.000,1,0,1,多换,S,2833.8000,2833.2000,2833.0000,2832.8000,2832.4000,2835.2000,2835.8000,2836.6000,2836.8000,2837.0000,2,3,3,1,2,1,2,1,4,1
SF,IH2006,2020-03-02 09:30:37.700,2835.2000,14776,0,197162700.000,0,-,-,-,-,2833.8000,2833.2000,2833.0000,2832.8000,2832.4000,2835.2000,2835.8000,2836.6000,2836.8000,2837.0000,2,3,3,1,2,1,1,1,4,1
SF,IH2006,2020-03-02 09:30:38.200,2835.2000,14776,0,197162700.000,0,-,-,-,-,2834.8000,2833.8000,2833.2000,2833.0000,2832.8000,2835.2000,2835.8000,2836.6000,2836.8000,2837.0000,1,2,3,3,1,1,1,1,4,1
SF,IH2006,2020-03-02 09:30:38.700,2834.8000,14776,0,198013140.000,1,0,1,多换,S,2833.2000,2833.0000,2832.8000,2832.0000,2831.6000,2835.2000,2835.8000,2836.6000,2836.8000,2837.0000,3,3,1,1,2,1,1,1,4,1
SF,IH2006,2020-03-02 09:30:39.200,2834.0000,14774,-2,199713900.000,2,0,2,双平,S,2833.6000,2833.4000,2833.2000,2833.0000,2832.8000,2833.8000,2836.6000,2836.8000,2837.0000,2837.4000,1,4,3,1,1,1,1,4,1,3
SF,IH2006,2020-03-02 09:30:39.700,2833.8000,14773,-1,200564040.000,1,0,1,双平,S,2834.8000,2833.8000,2833.4000,2833.2000,2833.0000,2836.6000,2836.8000,2837.0000,2837.4000,2838.0000,2,3,2,3,1,1,4,1,3,3
SF,IH2006,2020-03-02 09:30:40.200,2834.8000,14771,-2,203965800.000,4,1,3,多平,S,2833.8000,2833.4000,2833.2000,2833.0000,2832.8000,2835.6000,2836.0000,2836.2000,2836.4000,2836.6000,4,2,3,1,1,1,2,1,3,1
SF,IH2006,2020-03-02 09:30:40.700,2834.8000,14771,0,203965800.000,0,-,-,-,-,2834.0000,2833.8000,2833.4000,2833.2000,2833.0000,2834.8000,2835.4000,2835.6000,2836.0000,2836.2000,1,4,2,3,1,2,1,1,2,1
SF,IH2006,2020-03-02 09:30:41.200,2833.8000,14768,-3,206516520.000,3,0,3,双平,S,2833.8000,2833.4000,2833.2000,2833.0000,2832.8000,2834.8000,2835.4000,2835.6000,2836.0000,2836.2000,2,2,3,1,1,1,1,1,2,1
SF,IH2006,2020-03-02 09:30:41.700,2834.8000,14767,-1,207366960.000,1,0,1,双平,S,2834.0000,2833.8000,2833.4000,2833.2000,2833.0000,2835.4000,2835.6000,2836.0000,2836.2000,2836.6000,1,2,2,3,1,1,1,2,1,1
SF,IH2006,2020-03-02 09:30:42.200,2834.8000,14767,0,207366960.000,0,-,-,-,-,2834.2000,2833.8000,2833.4000,2833.2000,2833.0000,2835.4000,2835.6000,2836.0000,2836.2000,2836.4000,1,2,2,3,1,1,1,2,1,2
SF,IH2006,2020-03-02 09:30:42.700,2833.8000,14766,-1,209067420.000,2,0,2,多平,S,2833.8000,2833.4000,2833.2000,2833.0000,2832.8000,2836.0000,2836.2000,2836.6000,2836.8000,2837.0000,1,2,3,1,3,2,1,1,4,1
SF,IH2006,2020-03-02 09:30:43.200,2833.8000,14766,0,209067420.000,0,-,-,-,-,2833.8000,2833.4000,2833.2000,2833.0000,2832.8000,2835.6000,2835.8000,2836.0000,2836.2000,2836.6000,1,2,3,1,1,1,2,2,1,1
SF,IH2006,2020-03-02 09:30:43.700,2833.8000,14765,-1,209917560.000,1,0,1,双平,S,2833.4000,2833.2000,2833.0000,2832.8000,2832.4000,2833.8000,2835.4000,2835.8000,2836.0000,2836.2000,2,3,1,1,2,1,3,1,2,1
SF,IH2006,2020-03-02 09:30:44.200,2835.4000,14764,-1,211618320.000,2,0,2,多平,S,2835.6000,2834.0000,2833.8000,2833.2000,2833.0000,2836.0000,2836.2000,2836.6000,2836.8000,2837.0000,2,1,1,3,1,3,1,1,4,1
SF,IH2006,2020-03-02 09:30:44.700,2834.0000,14761,-3,217572600.000,7,2,5,多平,S,2833.2000,2833.0000,2832.8000,2832.0000,2831.6000,2835.8000,2836.0000,2836.2000,2836.8000,2837.0000,3,1,1,3,2,3,3,1,4,1
SF,IH2006,2020-03-02 09:30:45.200,2833.4000,14760,-1,218422620.000,1,0,1,双平,S,2833.2000,2833.0000,2832.8000,2832.0000,2831.6000,2835.8000,2836.0000,2836.2000,2836.8000,2837.0000,3,1,1,3,2,2,3,1,4,1
SF,IH2006,2020-03-02 09:30:45.700,2833.4000,14760,0,219272640.000,1,0,1,多换,S,2833.2000,2833.0000,2832.8000,2832.0000,2831.6000,2835.6000,2835.8000,2836.0000,2836.2000,2836.8000,3,1,1,1,2,5,2,3,1,4
SF,IH2006,2020-03-02 09:30:46.200,2833.2000,14760,0,220122600.000,1,0,1,多换,S,2833.2000,2833.0000,2832.8000,2832.0000,2831.8000,2834.0000,2835.6000,2835.8000,2836.0000,2836.2000,2,1,1,1,2,5,5,2,3,1
SF,IH2006,2020-03-02 09:30:46.700,2833.2000,14760,0,220122600.000,0,-,-,-,-,2833.2000,2833.0000,2832.8000,2832.0000,2831.6000,2834.0000,2835.4000,2835.6000,2836.0000,2836.2000,2,1,1,1,2,5,2,6,3,1
SF,IH2006,2020-03-02 09:30:47.200,2834.0000,14762,2,222672720.000,3,2,1,空开,S,2833.4000,2833.0000,2832.8000,2832.0000,2831.6000,2834.0000,2835.4000,2835.6000,2836.0000,2836.2000,1,1,1,1,2,4,2,6,3,1
SF,IH2006,2020-03-02 09:30:47.700,2833.4000,14762,0,223522740.000,1,0,1,多换,S,2833.0000,2832.8000,2832.0000,2831.6000,2831.4000,2833.2000,2834.0000,2835.4000,2835.6000,2836.0000,1,1,1,2,1,1,4,2,6,3
SF,IH2006,2020-03-02 09:30:48.200,2834.0000,14756,-6,228623460.000,6,0,6,双平,S,2833.2000,2833.0000,2832.8000,2832.0000,2831.6000,2835.4000,2835.6000,2836.0000,2836.2000,2836.8000,1,1,1,1,4,2,4,3,1,4
SF,IH2006,2020-03-02 09:30:48.700,2834.0000,14756,0,228623460.000,0,-,-,-,-,2834.0000,2833.2000,2833.0000,2832.8000,2832.0000,2835.2000,2835.4000,2835.6000,2836.0000,2836.2000,1,1,1,1,1,4,2,2,3,1
SF,IH2006,2020-03-02 09:30:49.200,2834.0000,14756,0,228623460.000,0,-,-,-,-,2834.0000,2833.2000,2833.0000,2832.8000,2832.0000,2835.0000,2835.2000,2835.6000,2836.0000,2836.2000,1,1,1,1,1,2,3,3,3,1
SF,IH2006,2020-03-02 09:30:49.700,2834.0000,14755,-1,229473660.000,1,0,1,双平,S,2833.2000,2833.0000,2832.8000,2832.0000,2831.6000,2835.0000,2835.2000,2835.6000,2836.0000,2836.2000,1,1,1,1,2,2,3,3,1,1
SF,IH2006,2020-03-02 09:30:50.200,2834.0000,14754,-1,230323860.000,1,0,1,双平,S,2833.2000,2833.0000,2832.8000,2832.4000,2832.0000,2834.0000,2834.8000,2835.0000,2835.2000,2835.6000,2,1,1,2,1,3,1,1,2,3
SF,IH2006,2020-03-02 09:30:50.700,2834.0000,14751,-3,232874460.000,3,0,3,双平,S,2834.2000,2834.0000,2833.2000,2833.0000,2832.8000,2834.8000,2835.6000,2836.0000,2836.2000,2836.8000,1,3,2,1,1,1,3,1,1,4
SF,IH2006,2020-03-02 09:30:51.200,2834.6000,14750,-1,235425600.000,3,1,2,多平,S,2834.2000,2834.0000,2833.2000,2833.0000,2832.8000,2835.6000,2836.0000,2836.2000,2836.8000,2837.0000,2,2,1,1,1,3,1,1,4,2
SF,IH2006,2020-03-02 09:30:51.700,2834.6000,14750,0,235425600.000,0,-,-,-,-,2834.2000,2834.0000,2833.4000,2833.2000,2833.0000,2834.8000,2835.4000,2835.6000,2836.0000,2836.8000,2,2,2,1,1,2,1,3,1,4
SF,IH2006,2020-03-02 09:30:52.200,2834.8000,14749,-1,237126480.000,2,0,2,多平,S,2835.4000,2834.2000,2834.0000,2833.4000,2833.2000,2835.6000,2836.0000,2836.8000,2837.0000,2837.4000,1,2,1,2,1,3,1,4,2,3
SF,IH2006,2020-03-02 09:30:52.700,2835.4000,14746,-3,240529140.000,4,0,4,多平,S,2834.2000,2834.0000,2833.4000,2833.2000,2833.0000,2835.0000,2835.2000,2835.4000,2836.0000,2836.8000,2,1,2,1,1,3,2,1,1,4
SF,IH2006,2020-03-02 09:30:53.200,2835.0000,14743,-3,243080640.000,3,0,3,双平,S,2835.0000,2834.4000,2834.2000,2834.0000,2833.2000,2835.4000,2836.0000,2836.4000,2836.8000,2837.0000,2,1,2,2,1,1,1,1,4,2
SF,IH2006,2020-03-02 09:30:53.700,2835.4000,14742,-1,243931260.000,1,0,1,双平,S,2835.4000,2835.2000,2835.0000,2834.2000,2834.0000,2836.0000,2836.4000,2836.8000,2837.0000,2837.4000,1,1,3,3,1,1,1,4,2,3
SF,IH2006,2020-03-02 09:30:54.200,2835.4000,14742,0,243931260.000,0,-,-,-,-,2835.2000,2835.0000,2834.2000,2834.0000,2833.2000,2836.0000,2836.4000,2836.8000,2837.0000,2837.4000,1,3,3,1,1,1,1,4,2,3
SF,IH2006,2020-03-02 09:30:54.700,2835.4000,14742,0,244781880.000,1,0,1,多换,S,2835.2000,2835.0000,2834.2000,2834.0000,2833.2000,2836.0000,2836.4000,2836.8000,2837.0000,2837.4000,1,3,1,1,1,1,1,4,2,3
SF,IH2006,2020-03-02 09:30:55.200,2835.2000,14742,0,245632440.000,1,0,1,多换,S,2835.0000,2834.2000,2834.0000,2833.2000,2833.0000,2836.0000,2836.4000,2836.8000,2837.0000,2837.4000,3,1,1,1,1,1,1,4,2,3
SF,IH2006,2020-03-02 09:30:55.700,2835.0000,14740,-2,247333500.000,2,0,2,双平,S,2835.0000,2834.2000,2834.0000,2833.2000,2833.0000,2836.0000,2836.4000,2836.8000,2837.0000,2837.4000,3,1,3,1,1,1,1,4,2,3
SF,IH2006,2020-03-02 09:30:56.200,2835.0000,14740,0,247333500.000,0,-,-,-,-,2835.0000,2834.2000,2834.0000,2833.2000,2833.0000,2835.2000,2836.0000,2836.4000,2836.8000,2837.0000,3,1,1,1,1,2,1,1,5,2
SF,IH2006,2020-03-02 09:30:56.700,2835.2000,14738,-2,249885180.000,3,0,3,多平,S,2835.0000,2834.2000,2834.0000,2833.2000,2833.0000,2836.0000,2836.4000,2836.8000,2837.0000,2837.4000,2,1,1,1,1,1,1,5,2,3
SF,IH2006,2020-03-02 09:30:57.200,2835.8000,14738,0,250735920.000,1,0,1,多换,S,2835.0000,2834.2000,2834.0000,2833.2000,2833.0000,2836.0000,2836.2000,2836.4000,2836.8000,2837.0000,2,1,1,1,1,1,1,1,4,2
SF,IH2006,2020-03-02 09:30:57.700,2835.2000,14738,0,251586480.000,1,0,1,多换,S,2835.0000,2834.2000,2834.0000,2833.2000,2833.0000,2836.0000,2836.2000,2836.4000,2836.8000,2837.0000,2,1,3,1,1,1,1,1,4,2
SF,IH2006,2020-03-02 09:30:58.200,2835.2000,14738,0,251586480.000,0,-,-,-,-,2835.0000,2834.2000,2834.0000,2833.2000,2833.0000,2835.8000,2836.0000,2836.4000,2836.8000,2837.0000,2,1,3,1,1,2,1,1,4,2
SF,IH2006,2020-03-02 09:30:58.700,2835.2000,14738,0,251586480.000,0,-,-,-,-,2835.0000,2834.2000,2834.0000,2833.2000,2833.0000,2835.8000,2836.0000,2836.4000,2836.8000,2837.0000,2,1,1,1,1,2,1,1,4,2
SF,IH2006,2020-03-02 09:30:59.200,2835.6000,14738,0,252437160.000,1,0,1,多换,S,2835.0000,2834.2000,2834.0000,2833.2000,2833.0000,2835.8000,2836.0000,2836.4000,2836.8000,2837.0000,2,1,3,1,1,2,1,1,4,2
SF,IH2006,2020-03-02 09:31:00.200,2835.6000,14738,0,252437160.000,0,-,-,-,-,2835.0000,2834.2000,2834.0000,2833.2000,2833.0000,2835.6000,2835.8000,2836.0000,2836.4000,2836.8000,2,1,3,1,1,1,1,1,1,3
SF,IH2006,2020-03-02 09:31:00.700,2835.8000,14737,-1,253287900.000,1,0,1,双平,S,2835.0000,2834.2000,2834.0000,2833.2000,2833.0000,2836.0000,2836.4000,2836.8000,2837.0000,2837.4000,2,1,3,1,1,1,1,3,2,3
SF,IH2006,2020-03-02 09:31:01.200,2836.0000,14737,0,254138700.000,1,0,1,多换,S,2836.0000,2835.0000,2834.2000,2834.0000,2833.2000,2836.4000,2836.8000,2837.0000,2837.4000,2838.0000,1,2,1,3,1,1,3,2,3,2
SF,IH2006,2020-03-02 09:31:01.700,2836.4000,14736,-1,255840420.000,2,0,2,多平,S,2835.2000,2835.0000,2834.2000,2834.0000,2833.2000,2836.0000,2836.8000,2837.0000,2837.4000,2838.0000,2,2,1,1,1,1,2,2,3,2
SF,IH2006,2020-03-02 09:31:02.200,2836.0000,14734,-2,257542020.000,2,0,2,双平,S,2835.2000,2835.0000,2834.2000,2834.0000,2833.2000,2836.8000,2837.0000,2837.4000,2838.0000,2838.4000,2,3,1,1,1,2,2,3,2,2
SF,IH2006,2020-03-02 09:31:02.700,2836.0000,14734,0,257542020.000,0,-,-,-,-,2835.0000,2834.8000,2834.2000,2834.0000,2833.2000,2836.6000,2836.8000,2837.0000,2837.4000,2838.0000,3,2,1,1,1,3,2,2,3,2
SF,IH2006,2020-03-02 09:31:03.200,2836.0000,14734,0,257542020.000,0,-,-,-,-,2835.2000,2835.0000,2834.8000,2834.2000,2834.0000,2836.4000,2836.6000,2836.8000,2837.0000,2837.4000,1,3,2,1,1,1,2,2,2,3
SF,IH2006,2020-03-02 09:31:03.700,2835.0000,14727,-7,265197840.000,9,1,8,多平,S,2834.8000,2834.2000,2834.0000,2833.2000,2833.0000,2835.0000,2836.8000,2837.0000,2837.4000,2838.0000,2,1,1,1,1,2,2,2,3,2
SF,IH2006,2020-03-02 09:31:04.200,2836.8000,14725,-2,268600920.000,4,1,3,多平,S,2835.4000,2835.2000,2835.0000,2834.2000,2834.0000,2837.0000,2837.4000,2838.0000,2838.4000,2838.8000,1,1,2,3,2,2,3,2,2,3
SF,IH2006,2020-03-02 09:31:04.700,2835.6000,14725,0,269451600.000,1,0,1,多换,S,2835.2000,2835.0000,2834.2000,2834.0000,2833.2000,2836.8000,2837.0000,2837.4000,2838.0000,2838.4000,1,1,3,2,1,3,2,3,2,2
SF,IH2006,2020-03-02 09:31:05.700,2835.2000,14724,-1,271152840.000,2,0,2,多平,S,2835.0000,2834.2000,2834.0000,2833.2000,2833.0000,2835.2000,2836.8000,2837.0000,2837.4000,2838.0000,1,3,2,1,1,3,2,2,3,2
SF,IH2006,2020-03-02 09:31:06.200,2837.0000,14721,-3,274555620.000,4,0,4,多平,S,2836.6000,2835.0000,2834.2000,2834.0000,2833.2000,2837.0000,2837.4000,2838.0000,2838.4000,2838.8000,1,1,3,2,1,1,3,2,2,3
SF,IH2006,2020-03-02 09:31:06.700,2836.6000,14721,0,275406600.000,1,0,1,多换,S,2835.8000,2835.0000,2834.0000,2833.2000,2833.0000,2836.6000,2836.8000,2837.0000,2837.4000,2838.0000,2,1,1,1,1,3,1,2,3,2
SF,IH2006,2020-03-02 09:31:07.200,2835.4000,14719,-2,277107840.000,2,0,2,双平,S,2835.0000,2834.0000,2833.2000,2833.0000,2832.8000,2836.6000,2837.0000,2837.4000,2838.0000,2838.4000,1,1,1,1,1,1,2,3,2,2
SF,IH2006,2020-03-02 09:31:07.700,2835.4000,14719,0,277107840.000,0,-,-,-,-,2835.2000,2835.0000,2834.4000,2834.0000,2833.2000,2836.6000,2837.0000,2837.4000,2838.0000,2838.4000,1,1,10,1,1,1,1,3,2,2
SF,IH2006,2020-03-02 09:31:08.200,2835.4000,14719,0,277107840.000,0,-,-,-,-,2835.4000,2835.0000,2834.4000,2834.0000,2833.2000,2836.4000,2836.6000,2837.0000,2837.4000,2838.0000,1,1,10,1,1,1,1,1,3,2
SF,IH2006,2020-03-02 09:31:08.700,2836.6000,14719,0,277958820.000,1,0,1,多换,S,2835.6000,2835.0000,2834.4000,2834.0000,2833.2000,2837.0000,2837.2000,2837.4000,2838.0000,2838.4000,1,1,10,1,1,1,1,2,2,2
SF,IH2006,2020-03-02 09:31:09.200,2836.6000,14719,0,277958820.000,0,-,-,-,-,2835.2000,2835.0000,2834.4000,2834.0000,2833.2000,2836.8000,2837.0000,2837.2000,2837.4000,2838.0000,1,1,10,1,1,2,1,1,2,2
SF,IH2006,2020-03-02 09:31:09.700,2836.6000,14719,0,277958820.000,0,-,-,-,-,2835.4000,2835.2000,2835.0000,2834.4000,2834.0000,2835.6000,2836.6000,2836.8000,2837.0000,2837.4000,1,1,1,10,1,1,1,3,1,2
SF,IH2006,2020-03-02 09:31:10.200,2835.6000,14718,-1,278809500.000,1,0,1,双平,S,2835.4000,2835.2000,2835.0000,2834.4000,2834.0000,2836.2000,2836.6000,2837.0000,2837.4000,2838.0000,1,1,1,10,1,1,2,1,2,2
SF,IH2006,2020-03-02 09:31:10.700,2835.2000,14716,-2,280510680.000,2,0,2,双平,S,2835.0000,2834.4000,2834.0000,2833.2000,2833.0000,2835.2000,2835.4000,2836.0000,2836.2000,2836.6000,1,10,1,1,1,1,1,1,1,1
SF,IH2006,2020-03-02 09:31:11.200,2835.4000,14715,-1,282211860.000,2,0,2,多平,S,2835.2000,2835.0000,2834.4000,2834.0000,2833.2000,2836.2000,2836.6000,2837.0000,2837.4000,2838.0000,1,1,10,1,1,1,1,1,2,2
SF,IH2006,2020-03-02 09:31:11.700,2835.4000,14715,0,282211860.000,0,-,-,-,-,2835.6000,2835.0000,2834.4000,2834.0000,2833.2000,2836.2000,2836.6000,2837.0000,2837.4000,2838.0000,1,1,10,1,1,1,1,1,2,2
SF,IH2006,2020-03-02 09:31:12.200,2835.4000,14714,-1,283062480.000,1,0,1,双平,S,2834.4000,2834.0000,2833.2000,2833.0000,2832.8000,2835.0000,2836.0000,2836.2000,2837.0000,2837.4000,10,1,1,1,1,2,1,1,1,2
SF,IH2006,2020-03-02 09:31:12.700,2836.2000,14712,-2,284763840.000,2,0,2,双平,S,2834.4000,2834.0000,2833.2000,2833.0000,2832.8000,2837.0000,2837.4000,2838.0000,2838.4000,2838.8000,10,1,1,1,1,1,2,2,2,3
SF,IH2006,2020-03-02 09:31:13.200,2836.2000,14712,0,284763840.000,0,-,-,-,-,2834.4000,2834.0000,2833.2000,2833.0000,2832.8000,2836.8000,2837.0000,2837.4000,2838.0000,2838.4000,10,1,1,1,1,5,2,2,2,2
SF,IH2006,2020-03-02 09:31:13.700,2834.4000,14711,-1,285614160.000,1,0,1,双平,S,2834.4000,2834.0000,2833.2000,2833.0000,2832.8000,2836.6000,2836.8000,2837.0000,2837.4000,2838.0000,9,1,2,1,1,2,5,1,2,2
SF,IH2006,2020-03-02 09:31:14.200,2834.4000,14711,0,285614160.000,0,-,-,-,-,2834.4000,2834.0000,2833.2000,2833.0000,2832.8000,2836.4000,2836.6000,2836.8000,2837.0000,2837.4000,9,1,2,1,1,6,1,4,1,2
SF,IH2006,2020-03-02 09:31:14.700,2834.4000,14711,0,285614160.000,0,-,-,-,-,2834.4000,2834.0000,2833.2000,2833.0000,2832.8000,2836.2000,2836.4000,2836.6000,2836.8000,2837.0000,9,1,2,1,1,2,5,1,4,1
SF,IH2006,2020-03-02 09:31:15.200,2836.0000,14710,-1,286464960.000,1,0,1,双平,S,2834.0000,2833.2000,2833.0000,2832.8000,2832.0000,2836.0000,2836.2000,2836.4000,2836.6000,2836.8000,1,2,1,1,1,3,1,4,1,3
SF,IH2006,2020-03-02 09:31:15.700,2836.0000,14710,0,286464960.000,0,-,-,-,-,2834.2000,2834.0000,2833.4000,2833.2000,2833.0000,2834.4000,2835.8000,2836.0000,2836.4000,2836.6000,1,1,5,6,1,1,4,3,4,1
SF,IH2006,2020-03-02 09:31:16.200,2835.8000,14709,-1,288166020.000,2,0,2,多平,S,2834.4000,2834.0000,2833.4000,2833.2000,2833.0000,2835.8000,2836.0000,2836.4000,2836.6000,2836.8000,1,1,5,6,1,2,3,1,1,1
SF,IH2006,2020-03-02 09:31:16.700,2834.4000,14709,0,289016340.000,1,0,1,多换,S,2833.4000,2833.2000,2833.0000,2832.8000,2832.0000,2834.6000,2835.6000,2835.8000,2836.0000,2836.4000,5,6,1,1,1,1,2,2,3,1
SF,IH2006,2020-03-02 09:31:17.200,2834.6000,14709,0,289866720.000,1,0,1,多换,S,2833.6000,2833.4000,2833.2000,2833.0000,2832.8000,2834.6000,2835.8000,2836.0000,2836.4000,2836.6000,1,5,6,1,1,1,2,3,1,1
SF,IH2006,2020-03-02 09:31:17.700,2834.6000,14709,0,289866720.000,0,-,-,-,-,2833.6000,2833.2000,2833.0000,2832.8000,2832.0000,2834.4000,2834.6000,2835.8000,2836.0000,2836.4000,1,6,6,1,1,1,1,2,3,1
SF,IH2006,2020-03-02 09:31:18.200,2834.6000,14709,0,290717100.000,1,0,1,多换,S,2833.6000,2833.2000,2833.0000,2832.8000,2832.0000,2834.4000,2834.6000,2835.8000,2836.0000,2836.4000,1,6,6,1,1,1,1,2,3,1
SF,IH2006,2020-03-02 09:31:18.700,2833.2000,14708,-1,292417140.000,2,0,2,多平,S,2833.2000,2833.0000,2832.8000,2832.6000,2832.0000,2833.4000,2833.6000,2834.2000,2834.6000,2835.8000,1,1,1,4,1,2,1,1,1,2
SF,IH2006,2020-03-02 09:31:19.200,2833.2000,14707,-1,295816980.000,4,1,3,多平,S,2832.8000,2832.6000,2832.4000,2832.0000,2831.6000,2833.2000,2833.6000,2834.2000,2834.6000,2835.8000,1,4,5,1,2,1,1,1,1,2
SF,IH2006,2020-03-02 09:31:19.700,2833.6000,14706,-1,297517020.000,2,0,2,多平,S,2833.6000,2833.2000,2832.8000,2832.4000,2832.2000,2834.2000,2834.6000,2835.8000,2836.0000,2836.4000,1,2,1,5,4,1,1,2,3,1
SF,IH2006,2020-03-02 09:31:20.200,2833.6000,14706,0,297517020.000,0,-,-,-,-,2833.2000,2832.8000,2832.4000,2832.2000,2832.0000,2834.2000,2835.8000,2836.0000,2836.4000,2836.6000,2,1,5,5,1,1,2,3,1,1
SF,IH2006,2020-03-02 09:31:20.700,2833.6000,14706,0,297517020.000,0,-,-,-,-,2833.2000,2832.8000,2832.4000,2832.2000,2832.0000,2834.0000,2834.2000,2835.8000,2836.0000,2836.4000,2,1,5,5,1,1,1,2,3,1
SF,IH2006,2020-03-02 09:31:21.200,2833.6000,14706,0,297517020.000,0,-,-,-,-,2833.2000,2832.8000,2832.4000,2832.2000,2832.0000,2833.6000,2834.2000,2835.8000,2836.0000,2836.4000,2,1,5,5,1,1,1,2,3,1
SF,IH2006,2020-03-02 09:31:21.700,2834.0000,14703,-3,300067560.000,3,0,3,双平,S,2834.0000,2832.8000,2832.4000,2832.2000,2832.0000,2835.8000,2836.0000,2836.4000,2836.6000,2837.0000,1,1,5,5,1,2,3,1,1,2
SF,IH2006,2020-03-02 09:31:22.200,2834.0000,14702,-1,300917760.000,1,0,1,双平,S,2833.2000,2832.8000,2832.4000,2832.2000,2832.0000,2834.0000,2835.4000,2835.6000,2835.8000,2836.0000,4,1,5,1,1,2,1,4,2,2
SF,IH2006,2020-03-02 09:31:22.700,2834.0000,14701,-1,302618160.000,2,0,2,多平,S,2833.4000,2833.2000,2832.8000,2832.4000,2832.2000,2835.4000,2835.6000,2835.8000,2836.0000,2836.4000,1,4,1,5,1,1,2,2,2,1
SF,IH2006,2020-03-02 09:31:23.200,2834.0000,14701,0,302618160.000,0,-,-,-,-,2833.6000,2833.4000,2832.8000,2832.4000,2832.2000,2835.2000,2835.4000,2835.6000,2835.8000,2836.0000,1,2,5,5,1,4,1,1,2,2
SF,IH2006,2020-03-02 09:31:23.700,2834.0000,14701,0,302618160.000,0,-,-,-,-,2833.6000,2833.4000,2832.8000,2832.4000,2832.2000,2835.0000,2835.2000,2835.4000,2835.8000,2836.0000,1,1,5,5,1,2,4,1,2,2
SF,IH2006,2020-03-02 09:31:24.200,2833.6000,14700,-1,303468240.000,1,0,1,双平,S,2833.4000,2832.8000,2832.4000,2832.2000,2832.0000,2834.8000,2835.0000,2835.2000,2835.4000,2835.8000,1,5,5,1,1,3,1,3,1,2
SF,IH2006,2020-03-02 09:31:24.700,2833.6000,14700,0,303468240.000,0,-,-,-,-,2833.4000,2832.8000,2832.4000,2832.2000,2832.0000,2834.6000,2834.8000,2835.0000,2835.2000,2835.8000,1,5,5,1,1,1,2,1,3,2
SF,IH2006,2020-03-02 09:31:25.200,2833.6000,14700,0,303468240.000,0,-,-,-,-,2832.8000,2832.4000,2832.2000,2832.0000,2831.6000,2833.6000,2834.6000,2835.0000,2835.2000,2835.8000,5,5,1,1,2,1,1,1,1,1
SF,IH2006,2020-03-02 09:31:25.700,2833.6000,14699,-1,306018780.000,3,1,2,多平,S,2833.0000,2832.8000,2832.4000,2832.2000,2832.0000,2835.0000,2835.2000,2835.8000,2836.0000,2837.0000,4,1,5,1,1,1,1,1,1,2
SF,IH2006,2020-03-02 09:31:26.200,2833.6000,14699,0,306018780.000,0,-,-,-,-,2833.2000,2833.0000,2832.8000,2832.4000,2832.2000,2834.8000,2835.0000,2835.8000,2836.0000,2837.0000,3,4,1,5,1,3,2,1,3,2
SF,IH2006,2020-03-02 09:31:26.700,2833.6000,14699,0,306018780.000,0,-,-,-,-,2833.4000,2833.2000,2832.8000,2832.6000,2832.4000,2834.8000,2835.0000,2835.8000,2836.0000,2837.0000,1,3,1,4,5,1,1,1,3,2
SF,IH2006,2020-03-02 09:31:27.200,2833.6000,14699,0,307719300.000,2,1,1,多换,S,2833.4000,2833.2000,2832.8000,2832.6000,2832.4000,2835.8000,2836.0000,2837.0000,2837.4000,2838.0000,1,3,1,4,5,1,3,2,2,2
SF,IH2006,2020-03-02 09:31:27.700,2833.6000,14698,-1,309419460.000,2,0,2,多平,S,2833.4000,2833.2000,2832.8000,2832.6000,2832.4000,2835.6000,2835.8000,2836.0000,2837.0000,2837.4000,2,3,1,4,5,1,1,3,3,2
SF,IH2006,2020-03-02 09:31:28.200,2833.6000,14698,0,309419460.000,0,-,-,-,-,2833.6000,2833.4000,2833.2000,2832.8000,2832.6000,2835.6000,2835.8000,2836.0000,2837.0000,2837.4000,1,2,1,1,4,1,1,3,3,2
SF,IH2006,2020-03-02 09:31:28.700,2833.6000,14698,0,309419460.000,0,-,-,-,-,2833.4000,2832.8000,2832.6000,2832.4000,2832.2000,2835.4000,2835.6000,2836.0000,2837.0000,2837.4000,2,1,4,5,1,2,1,3,3,2
SF,IH2006,2020-03-02 09:31:29.200,2833.4000,14697,-1,310269480.000,1,0,1,双平,S,2833.4000,2832.8000,2832.6000,2832.4000,2832.2000,2835.2000,2835.4000,2835.8000,2836.0000,2837.0000,1,1,4,5,1,1,3,1,3,3
SF,IH2006,2020-03-02 09:31:29.700,2835.0000,14698,1,311119980.000,1,1,0,双开,S,2833.6000,2833.4000,2833.2000,2832.8000,2832.6000,2835.2000,2835.4000,2835.8000,2836.0000,2837.0000,2,1,1,1,4,1,1,1,3,3
SF,IH2006,2020-03-02 09:31:30.200,2835.2000,14698,0,311970540.000,1,0,1,多换,S,2835.2000,2833.6000,2833.4000,2833.2000,2832.8000,2835.4000,2835.8000,2836.0000,2837.0000,2837.4000,1,1,1,1,1,1,1,3,3,2
SF,IH2006,2020-03-02 09:31:30.700,2835.2000,14696,-2,313671660.000,2,0,2,双平,S,2834.2000,2833.2000,2832.8000,2832.0000,2831.6000,2834.8000,2835.4000,2836.0000,2837.0000,2837.4000,9,1,1,1,2,1,1,3,3,2
SF,IH2006,2020-03-02 09:31:31.200,2834.2000,14694,-2,316222620.000,3,0,3,多平,S,2834.2000,2833.2000,2832.8000,2832.0000,2831.6000,2835.4000,2836.0000,2837.0000,2837.4000,2838.0000,7,1,1,1,2,1,3,3,2,2
SF,IH2006,2020-03-02 09:31:31.700,2835.4000,14693,-1,317073240.000,1,0,1,双平,S,2834.4000,2834.2000,2834.0000,2833.2000,2832.8000,2836.0000,2837.0000,2837.4000,2838.0000,2838.4000,1,2,1,1,1,3,3,2,2,2
SF,IH2006,2020-03-02 09:31:32.200,2835.4000,14693,0,317073240.000,0,-,-,-,-,2834.4000,2834.0000,2833.8000,2833.2000,2832.8000,2836.0000,2837.0000,2837.4000,2838.0000,2838.4000,1,1,7,1,1,3,3,2,2,2
SF,IH2006,2020-03-02 09:31:33.200,2835.4000,14693,0,317073240.000,0,-,-,-,-,2834.6000,2834.4000,2833.8000,2833.2000,2832.8000,2836.0000,2837.0000,2837.4000,2838.0000,2838.4000,3,1,7,1,1,4,3,2,2,2
SF,IH2006,2020-03-02 09:31:33.700,2835.4000,14693,0,317073240.000,0,-,-,-,-,2834.6000,2834.4000,2833.8000,2833.2000,2832.8000,2835.8000,2836.0000,2837.0000,2837.4000,2838.0000,3,1,7,1,1,1,4,3,2,2
SF,IH2006,2020-03-02 09:31:34.200,2834.4000,14689,-4,320474700.000,4,0,4,双平,S,2833.8000,2832.8000,2832.0000,2831.4000,2826.0000,2834.2000,2835.8000,2836.0000,2837.0000,2837.4000,7,1,1,1,1,1,2,4,3,2
SF,IH2006,2020-03-02 09:31:34.700,2835.8000,14688,-1,322175700.000,2,0,2,多平,S,2834.2000,2834.0000,2833.8000,2832.8000,2832.0000,2836.0000,2837.0000,2837.4000,2838.0000,2838.4000,1,5,2,1,1,4,3,2,2,2
SF,IH2006,2020-03-02 09:31:35.200,2835.8000,14688,0,322175700.000,0,-,-,-,-,2834.4000,2834.2000,2834.0000,2833.8000,2832.8000,2835.8000,2836.0000,2837.0000,2837.4000,2838.0000,1,1,5,2,1,2,4,3,2,2
SF,IH2006,2020-03-02 09:31:35.700,2835.8000,14688,0,322175700.000,0,-,-,-,-,2834.4000,2834.2000,2834.0000,2833.8000,2832.8000,2835.6000,2835.8000,2836.0000,2837.0000,2837.4000,1,1,5,2,1,1,2,4,3,2
SF,IH2006,2020-03-02 09:31:36.200,2835.8000,14688,0,322175700.000,0,-,-,-,-,2834.2000,2834.0000,2833.8000,2832.8000,2832.4000,2835.6000,2835.8000,2836.0000,2837.0000,2837.4000,1,5,2,1,1,2,2,4,3,2
SF,IH2006,2020-03-02 09:31:36.700,2835.8000,14688,0,322175700.000,0,-,-,-,-,2834.2000,2834.0000,2833.8000,2832.8000,2832.4000,2835.4000,2835.6000,2835.8000,2836.0000,2837.0000,1,5,2,1,1,1,1,2,4,3
SF,IH2006,2020-03-02 09:31:37.200,2835.8000,14688,0,322175700.000,0,-,-,-,-,2834.2000,2834.0000,2833.8000,2832.8000,2832.4000,2835.4000,2835.6000,2835.8000,2836.0000,2837.0000,1,5,2,1,1,2,1,2,4,3
SF,IH2006,2020-03-02 09:31:38.700,2835.8000,14688,0,322175700.000,0,-,-,-,-,2834.2000,2834.0000,2833.8000,2832.8000,2832.4000,2835.4000,2835.6000,2835.8000,2836.0000,2837.0000,1,5,2,1,1,2,1,2,4,3
SF,IH2006,2020-03-02 09:31:39.200,2835.8000,14688,0,322175700.000,0,-,-,-,-,2834.2000,2834.0000,2833.8000,2832.8000,2832.4000,2835.4000,2835.6000,2835.8000,2836.0000,2837.0000,1,5,2,1,1,2,1,2,4,3
SF,IH2006,2020-03-02 09:31:39.700,2835.8000,14688,0,322175700.000,0,-,-,-,-,2834.2000,2834.0000,2833.8000,2832.8000,2832.4000,2835.2000,2835.4000,2835.6000,2835.8000,2836.0000,1,5,2,1,1,1,2,1,2,4
SF,IH2006,2020-03-02 09:31:40.200,2835.8000,14687,-1,323026440.000,1,0,1,双平,S,2834.2000,2834.0000,2833.8000,2833.4000,2832.8000,2835.4000,2835.6000,2835.8000,2836.0000,2837.0000,1,5,2,1,1,2,1,1,4,3
SF,IH2006,2020-03-02 09:31:40.700,2835.8000,14686,-1,323877180.000,1,0,1,双平,S,2834.2000,2834.0000,2833.8000,2833.4000,2832.4000,2835.4000,2835.6000,2835.8000,2836.0000,2837.0000,1,5,2,1,1,1,1,1,4,3
SF,IH2006,2020-03-02 09:31:41.200,2835.8000,14686,0,323877180.000,0,-,-,-,-,2834.2000,2834.0000,2833.8000,2833.4000,2832.4000,2835.4000,2835.6000,2835.8000,2836.0000,2837.0000,1,5,2,1,1,2,1,1,4,3
SF,IH2006,2020-03-02 09:31:42.200,2835.8000,14686,0,323877180.000,0,-,-,-,-,2834.2000,2834.0000,2833.8000,2833.4000,2832.4000,2835.0000,2835.2000,2835.4000,2835.6000,2835.8000,1,5,2,1,1,3,1,2,1,1
SF,IH2006,2020-03-02 09:31:43.200,2835.8000,14686,0,323877180.000,0,-,-,-,-,2834.2000,2834.0000,2833.8000,2833.4000,2832.4000,2835.4000,2835.8000,2836.0000,2837.0000,2837.4000,1,5,2,1,1,2,1,3,3,2
SF,IH2006,2020-03-02 09:31:43.700,2835.8000,14686,0,323877180.000,0,-,-,-,-,2834.0000,2833.8000,2833.4000,2832.4000,2831.4000,2834.6000,2835.0000,2835.2000,2835.4000,2836.0000,5,2,1,1,1,3,2,2,2,3
SF,IH2006,2020-03-02 09:31:44.200,2833.8000,14680,-6,329828460.000,7,0,7,多平,S,2833.4000,2832.4000,2831.4000,2826.0000,2825.4000,2834.4000,2835.0000,2835.4000,2836.0000,2837.0000,1,1,1,1,3,2,2,1,3,3
SF,IH2006,2020-03-02 09:31:44.700,2833.8000,14680,0,329828460.000,0,-,-,-,-,2833.4000,2832.8000,2832.4000,2831.6000,2831.4000,2834.2000,2834.4000,2835.0000,2835.4000,2835.6000,1,8,1,1,1,1,2,2,1,1
SF,IH2006,2020-03-02 09:31:45.200,2833.8000,14680,0,329828460.000,0,-,-,-,-,2833.4000,2832.8000,2832.4000,2831.6000,2831.4000,2834.4000,2834.6000,2835.0000,2835.4000,2835.6000,1,8,1,1,1,2,1,2,1,1
SF,IH2006,2020-03-02 09:31:45.700,2833.8000,14680,0,329828460.000,0,-,-,-,-,2833.4000,2832.8000,2832.4000,2831.6000,2831.4000,2834.2000,2834.4000,2834.6000,2835.0000,2835.4000,1,8,1,1,1,2,2,1,2,1
SF,IH2006,2020-03-02 09:31:46.200,2833.8000,14680,0,329828460.000,0,-,-,-,-,2833.4000,2832.8000,2832.4000,2831.6000,2831.4000,2833.8000,2834.2000,2834.4000,2834.6000,2835.0000,1,8,1,1,1,1,2,2,1,2
SF,IH2006,2020-03-02 09:31:46.700,2833.8000,14679,-1,330678600.000,1,0,1,双平,S,2833.8000,2833.4000,2832.8000,2832.4000,2831.6000,2834.2000,2834.4000,2834.6000,2835.0000,2835.4000,1,1,8,1,1,1,2,1,2,1
SF,IH2006,2020-03-02 09:31:47.200,2834.0000,14678,-1,331528800.000,1,0,1,双平,S,2833.8000,2833.4000,2832.8000,2832.4000,2831.6000,2834.2000,2834.4000,2834.6000,2835.0000,2835.4000,1,1,8,1,1,1,1,1,2,1
SF,IH2006,2020-03-02 09:31:47.700,2833.8000,14677,-1,332378940.000,1,0,1,双平,S,2833.4000,2832.8000,2832.4000,2831.6000,2831.4000,2834.2000,2834.4000,2834.6000,2835.0000,2835.4000,1,8,1,1,1,1,1,1,2,1
SF,IH2006,2020-03-02 09:31:48.200,2833.8000,14677,0,332378940.000,0,-,-,-,-,2833.4000,2832.8000,2832.4000,2831.6000,2831.4000,2834.2000,2834.4000,2834.6000,2835.0000,2835.4000,1,8,1,1,1,1,1,1,2,1
SF,IH2006,2020-03-02 09:31:49.200,2833.4000,14677,0,333228960.000,1,0,1,多换,S,2832.8000,2832.4000,2831.6000,2831.4000,2826.0000,2834.0000,2834.2000,2834.4000,2834.6000,2835.0000,8,1,1,1,1,1,1,1,1,2
SF,IH2006,2020-03-02 09:31:49.700,2833.4000,14677,0,333228960.000,0,-,-,-,-,2833.0000,2832.8000,2832.4000,2831.6000,2831.4000,2833.4000,2834.0000,2834.2000,2834.4000,2834.6000,5,3,1,1,1,1,1,1,1,1
SF,IH2006,2020-03-02 09:31:50.200,2833.4000,14677,0,334078980.000,1,0,1,多换,S,2833.4000,2833.2000,2833.0000,2832.8000,2832.4000,2834.0000,2834.2000,2834.6000,2835.0000,2835.4000,2,1,5,3,1,1,1,1,2,1
SF,IH2006,2020-03-02 09:31:50.700,2833.4000,14676,-1,334929000.000,1,0,1,双平,S,2833.4000,2833.2000,2833.0000,2832.8000,2832.4000,2834.0000,2834.2000,2834.6000,2835.0000,2835.4000,1,1,5,3,1,1,1,1,2,1
SF,IH2006,2020-03-02 09:31:51.200,2833.4000,14676,0,334929000.000,0,-,-,-,-,2833.4000,2833.2000,2833.0000,2832.8000,2832.4000,2834.0000,2834.2000,2834.6000,2835.0000,2835.4000,1,1,5,3,1,1,1,1,2,1
SF,IH2006,2020-03-02 09:31:51.700,2833.4000,14675,-1,335779020.000,1,0,1,双平,S,2833.2000,2832.8000,2832.4000,2831.6000,2831.4000,2834.0000,2834.2000,2834.6000,2835.0000,2835.4000,1,3,1,1,1,1,1,1,4,1
SF,IH2006,2020-03-02 09:31:52.200,2834.0000,14675,0,336629220.000,1,0,1,多换,S,2833.2000,2832.8000,2832.6000,2832.4000,2831.6000,2833.8000,2834.0000,2834.2000,2834.6000,2835.0000,1,3,5,1,1,1,1,1,1,4
SF,IH2006,2020-03-02 09:31:53.200,2833.2000,14675,0,337479180.000,1,0,1,多换,S,2832.8000,2832.6000,2832.4000,2831.6000,2831.4000,2833.8000,2834.0000,2834.2000,2834.6000,2835.0000,3,5,1,1,1,1,1,1,1,4
SF,IH2006,2020-03-02 09:31:53.700,2833.2000,14675,0,337479180.000,0,-,-,-,-,2832.8000,2832.6000,2832.4000,2831.6000,2831.4000,2833.4000,2833.8000,2834.0000,2834.2000,2834.6000,3,5,1,1,1,2,1,1,1,1
SF,IH2006,2020-03-02 09:31:54.200,2833.2000,14675,0,337479180.000,0,-,-,-,-,2832.8000,2832.6000,2832.4000,2831.6000,2831.4000,2833.2000,2833.8000,2834.0000,2834.2000,2834.6000,3,5,1,1,1,1,1,1,1,1
SF,IH2006,2020-03-02 09:31:54.700,2833.2000,14674,-1,338329140.000,1,0,1,双平,S,2833.2000,2832.4000,2831.6000,2831.4000,2831.0000,2834.0000,2835.0000,2835.4000,2836.0000,2836.6000,1,1,1,1,1,1,3,1,3,1
SF,IH2006,2020-03-02 09:31:55.200,2833.2000,14674,0,338329140.000,0,-,-,-,-,2832.4000,2831.6000,2831.4000,2831.0000,2825.4000,2834.0000,2835.0000,2835.4000,2836.0000,2836.6000,9,1,1,1,3,1,3,1,3,1
SF,IH2006,2020-03-02 09:31:55.700,2832.6000,14674,0,339178920.000,1,0,1,多换,S,2832.4000,2831.6000,2831.4000,2831.0000,2830.4000,2833.8000,2834.0000,2835.0000,2835.4000,2836.0000,9,1,1,1,1,1,3,3,1,3
SF,IH2006,2020-03-02 09:31:56.200,2832.6000,14674,0,339178920.000,0,-,-,-,-,2832.4000,2831.6000,2831.4000,2831.0000,2830.4000,2833.6000,2833.8000,2834.0000,2835.0000,2835.4000,9,1,1,1,1,1,2,2,3,1
SF,IH2006,2020-03-02 09:31:56.700,2832.6000,14674,0,339178920.000,0,-,-,-,-,2832.4000,2831.6000,2831.4000,2831.0000,2830.4000,2833.6000,2833.8000,2834.0000,2835.0000,2835.4000,9,1,1,1,1,1,1,2,3,1
SF,IH2006,2020-03-02 09:31:57.200,2832.6000,14674,0,339178920.000,0,-,-,-,-,2832.4000,2831.6000,2831.4000,2831.0000,2830.4000,2833.4000,2833.6000,2834.0000,2835.0000,2835.4000,9,1,1,1,1,1,1,1,3,1
SF,IH2006,2020-03-02 09:31:57.700,2832.6000,14674,0,339178920.000,0,-,-,-,-,2833.6000,2833.4000,2832.4000,2831.6000,2831.4000,2834.0000,2835.0000,2835.4000,2836.0000,2836.6000,1,1,9,1,1,1,3,1,3,1
SF,IH2006,2020-03-02 09:31:58.200,2833.6000,14673,-1,340029000.000,1,0,1,双平,S,2833.4000,2832.4000,2831.6000,2831.4000,2830.0000,2833.8000,2834.0000,2835.0000,2835.4000,2836.0000,1,9,1,1,1,1,1,3,1,3
SF,IH2006,2020-03-02 09:31:58.700,2833.4000,14672,-1,340879020.000,1,0,1,双平,S,2832.4000,2831.6000,2831.4000,2830.8000,2830.0000,2835.0000,2835.4000,2836.0000,2836.6000,2837.0000,9,1,1,1,1,3,1,3,1,3
SF,IH2006,2020-03-02 09:31:59.200,2833.4000,14672,0,340879020.000,0,-,-,-,-,2832.4000,2831.6000,2831.4000,2830.8000,2830.0000,2833.0000,2834.8000,2835.0000,2835.4000,2836.0000,9,1,1,1,1,1,3,3,1,3
SF,IH2006,2020-03-02 09:31:59.700,2833.0000,14672,0,341728920.000,1,0,1,多换,S,2833.2000,2832.4000,2831.6000,2831.4000,2830.8000,2834.6000,2834.8000,2835.0000,2835.4000,2836.0000,1,8,1,1,1,1,2,3,1,3
SF,IH2006,2020-03-02 09:32:00.200,2833.0000,14671,-1,342578820.000,1,0,1,双平,S,2832.4000,2831.6000,2831.4000,2830.0000,2826.0000,2834.4000,2834.6000,2834.8000,2835.0000,2835.4000,8,1,1,1,1,4,1,1,3,1
SF,IH2006,2020-03-02 09:32:00.700,2833.0000,14671,0,342578820.000,0,-,-,-,-,2832.6000,2832.4000,2832.2000,2831.6000,2831.4000,2834.0000,2834.4000,2835.0000,2835.4000,2836.0000,6,3,2,1,1,1,3,3,1,3
SF,IH2006,2020-03-02 09:32:01.200,2834.0000,14669,-2,344279160.000,2,0,2,双平,S,2834.0000,2832.8000,2832.4000,2831.6000,2831.4000,2834.4000,2835.0000,2835.4000,2836.0000,2836.6000,1,1,3,1,1,2,3,1,3,1
SF,IH2006,2020-03-02 09:32:01.700,2834.4000,14668,-1,345979680.000,2,0,2,多平,S,2833.0000,2832.4000,2831.4000,2830.0000,2826.0000,2835.0000,2835.4000,2836.0000,2836.6000,2837.0000,5,3,1,1,1,2,1,3,1,3
SF,IH2006,2020-03-02 09:32:02.200,2834.4000,14668,0,345979680.000,0,-,-,-,-,2833.4000,2833.2000,2833.0000,2831.4000,2830.0000,2835.0000,2835.4000,2836.0000,2836.6000,2837.0000,3,8,5,1,1,2,1,3,1,3
SF,IH2006,2020-03-02 09:32:02.700,2835.0000,14667,-1,347680680.000,2,0,2,多平,S,2833.6000,2833.4000,2833.2000,2833.0000,2831.4000,2835.4000,2836.0000,2836.6000,2837.0000,2837.4000,5,3,4,5,1,1,3,1,3,2
SF,IH2006,2020-03-02 09:32:03.200,2835.0000,14667,0,347680680.000,0,-,-,-,-,2834.0000,2833.8000,2833.6000,2833.4000,2833.2000,2835.4000,2836.0000,2836.6000,2837.0000,2837.4000,5,4,3,3,4,1,3,1,3,2
SF,IH2006,2020-03-02 09:32:03.700,2835.4000,14666,-1,348531300.000,1,0,1,双平,S,2834.2000,2834.0000,2833.8000,2833.6000,2833.4000,2836.0000,2836.6000,2837.0000,2837.4000,2838.0000,3,6,2,1,3,3,1,3,2,2
SF,IH2006,2020-03-02 09:32:04.200,2835.4000,14666,0,348531300.000,0,-,-,-,-,2834.4000,2834.2000,2834.0000,2833.6000,2833.4000,2836.0000,2836.6000,2837.0000,2837.4000,2838.0000,2,3,1,6,3,3,1,3,2,2
SF,IH2006,2020-03-02 09:32:04.700,2835.4000,14666,0,348531300.000,0,-,-,-,-,2834.6000,2834.4000,2834.2000,2834.0000,2833.6000,2836.0000,2836.6000,2837.0000,2837.4000,2838.0000,3,1,1,1,6,3,1,3,2,2
SF,IH2006,2020-03-02 09:32:05.200,2836.0000,14665,-1,349382100.000,1,0,1,双平,S,2834.8000,2834.6000,2834.4000,2834.2000,2834.0000,2836.0000,2836.6000,2837.0000,2837.4000,2838.0000,3,1,1,1,1,2,1,3,2,2
SF,IH2006,2020-03-02 09:32:05.700,2836.0000,14664,-1,350232900.000,1,0,1,双平,S,2835.0000,2834.4000,2834.2000,2834.0000,2833.6000,2836.0000,2836.6000,2837.0000,2837.4000,2838.0000,3,1,1,1,6,1,1,3,2,2
SF,IH2006,2020-03-02 09:32:06.200,2836.0000,14664,0,350232900.000,0,-,-,-,-,2835.2000,2835.0000,2834.4000,2834.2000,2834.0000,2836.0000,2836.6000,2837.0000,2837.4000,2838.0000,1,1,4,1,1,1,1,3,2,2
SF,IH2006,2020-03-02 09:32:06.700,2836.0000,14664,0,350232900.000,0,-,-,-,-,2835.2000,2834.6000,2834.4000,2834.2000,2834.0000,2836.0000,2836.6000,2837.0000,2837.4000,2838.0000,1,5,4,1,1,1,1,3,2,2
SF,IH2006,2020-03-02 09:32:07.200,2835.2000,14664,0,351083460.000,1,0,1,多换,S,2834.6000,2834.4000,2834.2000,2834.0000,2833.6000,2836.0000,2836.6000,2837.0000,2837.4000,2838.0000,5,4,1,1,1,1,1,3,2,2
SF,IH2006,2020-03-02 09:32:07.700,2835.2000,14664,0,351083460.000,0,-,-,-,-,2834.6000,2834.4000,2834.2000,2833.6000,2833.2000,2836.0000,2836.6000,2837.0000,2837.4000,2838.0000,5,4,1,1,1,2,1,3,2,2
SF,IH2006,2020-03-02 09:32:08.200,2835.2000,14664,0,351083460.000,0,-,-,-,-,2834.8000,2834.6000,2834.4000,2834.2000,2833.6000,2835.8000,2836.0000,2836.6000,2837.0000,2837.4000,1,5,3,1,1,1,2,1,3,2
SF,IH2006,2020-03-02 09:32:08.700,2835.2000,14664,0,351083460.000,0,-,-,-,-,2835.0000,2834.4000,2834.2000,2833.6000,2833.2000,2836.0000,2836.6000,2837.0000,2837.4000,2838.0000,1,3,6,1,1,2,1,3,2,2
SF,IH2006,2020-03-02 09:32:09.200,2835.2000,14664,0,351083460.000,0,-,-,-,-,2834.4000,2834.2000,2833.6000,2833.2000,2831.4000,2836.0000,2836.6000,2837.0000,2837.4000,2838.0000,3,6,1,1,1,2,1,3,2,2
SF,IH2006,2020-03-02 09:32:09.700,2835.2000,14664,0,351083460.000,0,-,-,-,-,2834.6000,2834.4000,2834.2000,2833.8000,2833.6000,2835.8000,2836.0000,2836.6000,2837.0000,2837.4000,2,3,1,5,1,1,2,1,3,2
SF,IH2006,2020-03-02 09:32:10.200,2835.2000,14664,0,351083460.000,0,-,-,-,-,2835.0000,2834.6000,2834.2000,2834.0000,2833.8000,2835.6000,2836.0000,2836.6000,2837.0000,2837.4000,1,1,1,3,5,1,2,1,3,2
SF,IH2006,2020-03-02 09:32:10.700,2835.6000,14663,-1,351934140.000,1,0,1,双平,S,2834.2000,2834.0000,2833.8000,2833.2000,2831.4000,2836.0000,2836.6000,2837.0000,2837.4000,2838.0000,1,3,5,1,1,2,1,3,2,2
SF,IH2006,2020-03-02 09:32:11.200,2835.6000,14663,0,351934140.000,0,-,-,-,-,2834.4000,2834.2000,2834.0000,2833.8000,2833.2000,2836.0000,2836.6000,2837.0000,2837.4000,2838.0000,1,1,3,5,1,2,1,3,2,2
SF,IH2006,2020-03-02 09:32:11.700,2835.6000,14663,0,351934140.000,0,-,-,-,-,2834.6000,2834.2000,2834.0000,2833.8000,2833.2000,2836.0000,2836.6000,2837.0000,2837.4000,2838.0000,1,1,3,5,1,2,1,3,2,2
SF,IH2006,2020-03-02 09:32:12.200,2835.6000,14663,0,351934140.000,0,-,-,-,-,2834.8000,2834.2000,2834.0000,2833.8000,2833.2000,2836.0000,2836.6000,2837.0000,2837.4000,2838.0000,1,1,3,5,1,2,1,3,2,2
SF,IH2006,2020-03-02 09:32:12.700,2836.0000,14662,-1,353635740.000,2,0,2,多平,S,2835.0000,2834.2000,2834.0000,2833.8000,2833.2000,2836.6000,2837.0000,2837.4000,2838.0000,2838.4000,3,1,3,5,1,1,3,2,2,2
SF,IH2006,2020-03-02 09:32:13.200,2836.6000,14661,-1,354486720.000,1,0,1,双平,S,2835.2000,2835.0000,2834.0000,2833.8000,2833.2000,2837.0000,2837.4000,2838.0000,2838.4000,2838.8000,3,2,3,5,1,3,2,2,2,3
SF,IH2006,2020-03-02 09:32:13.700,2836.6000,14661,0,354486720.000,0,-,-,-,-,2835.4000,2835.2000,2835.0000,2834.8000,2834.0000,2836.0000,2837.0000,2837.4000,2838.0000,2838.4000,2,3,1,5,3,1,3,2,2,2
SF,IH2006,2020-03-02 09:32:14.200,2836.0000,14660,-1,355337520.000,1,0,1,双平,S,2836.0000,2835.6000,2835.4000,2835.2000,2835.0000,2837.0000,2837.4000,2838.0000,2838.4000,2838.8000,1,1,1,2,1,3,2,2,2,3
SF,IH2006,2020-03-02 09:32:14.700,2836.0000,14660,0,355337520.000,0,-,-,-,-,2836.0000,2835.2000,2835.0000,2834.8000,2833.2000,2837.0000,2837.4000,2838.0000,2838.4000,2838.8000,1,3,1,5,1,3,2,2,2,3
SF,IH2006,2020-03-02 09:32:15.700,2837.0000,14661,1,356188620.000,1,1,0,双开,S,2836.0000,2835.2000,2835.0000,2834.8000,2833.2000,2837.0000,2837.4000,2838.0000,2838.4000,2838.8000,3,3,1,5,1,2,2,2,2,3
SF,IH2006,2020-03-02 09:32:16.200,2837.0000,14659,-2,357890820.000,2,0,2,双平,S,2836.2000,2836.0000,2835.2000,2835.0000,2834.8000,2837.4000,2838.0000,2838.4000,2838.8000,2839.0000,1,3,3,1,5,2,2,2,3,2
SF,IH2006,2020-03-02 09:32:16.700,2837.0000,14659,0,357890820.000,0,-,-,-,-,2836.4000,2836.0000,2835.2000,2835.0000,2834.8000,2837.4000,2838.0000,2838.4000,2838.8000,2839.0000,2,3,3,1,5,2,2,2,3,2
SF,IH2006,2020-03-02 09:32:18.700,2837.0000,14659,0,357890820.000,0,-,-,-,-,2836.6000,2836.4000,2836.0000,2835.2000,2834.8000,2838.0000,2838.4000,2838.8000,2839.0000,2839.4000,1,1,3,3,5,2,2,3,2,1
SF,IH2006,2020-03-02 09:32:19.200,2837.0000,14659,0,357890820.000,0,-,-,-,-,2836.8000,2836.4000,2836.0000,2835.8000,2835.2000,2838.0000,2838.4000,2838.8000,2839.0000,2839.4000,2,1,3,5,3,2,2,3,2,1
SF,IH2006,2020-03-02 09:32:19.700,2836.8000,14657,-2,359592900.000,2,0,2,双平,S,2836.0000,2835.4000,2835.2000,2833.2000,2831.4000,2837.8000,2838.0000,2838.4000,2838.8000,2839.0000,3,5,3,1,1,3,2,2,3,2
SF,IH2006,2020-03-02 09:32:20.200,2836.0000,14656,-1,362145360.000,3,1,2,多平,S,2836.0000,2835.2000,2833.2000,2830.0000,2826.0000,2837.6000,2837.8000,2838.0000,2838.4000,2838.6000,1,3,1,1,1,1,3,2,2,1
SF,IH2006,2020-03-02 09:32:20.700,2837.4000,14656,0,363847380.000,2,1,1,多换,S,2834.6000,2833.2000,2830.0000,2826.0000,2825.4000,2837.4000,2837.6000,2837.8000,2838.0000,2838.4000,8,1,1,1,3,4,1,1,2,2
SF,IH2006,2020-03-02 09:32:21.200,2837.2000,14656,0,364698540.000,1,0,1,多换,S,2836.8000,2836.6000,2836.4000,2836.0000,2835.6000,2837.2000,2837.4000,2837.8000,2838.0000,2838.4000,1,1,2,1,3,1,1,1,2,2
SF,IH2006,2020-03-02 09:32:21.700,2836.4000,14652,-4,368953500.000,5,0,5,多平,S,2836.0000,2835.2000,2835.0000,2834.8000,2830.0000,2836.8000,2837.2000,2837.4000,2837.8000,2838.0000,1,1,4,5,1,1,1,1,1,2
SF,IH2006,2020-03-02 09:32:22.200,2836.0000,14652,0,369804300.000,1,0,1,多换,S,2835.0000,2834.8000,2830.0000,2826.0000,2825.4000,2836.0000,2836.8000,2837.8000,2838.0000,2838.4000,3,4,1,1,3,1,2,1,2,2
SF,IH2006,2020-03-02 09:32:22.700,2836.0000,14651,-1,370655100.000,1,0,1,双平,S,2835.0000,2834.8000,2834.4000,2830.0000,2826.0000,2836.0000,2836.8000,2837.8000,2838.0000,2838.4000,3,3,8,1,1,1,1,1,2,2
SF,IH2006,2020-03-02 09:32:23.200,2836.8000,14653,2,373207980.000,3,2,1,空开,S,2836.8000,2835.0000,2834.8000,2833.8000,2830.0000,2837.0000,2837.8000,2838.0000,2838.4000,2838.6000,1,3,3,8,1,1,1,2,2,1
SF,IH2006,2020-03-02 09:32:23.700,2836.8000,14653,0,374059020.000,1,0,1,多换,S,2835.0000,2834.8000,2833.8000,2830.0000,2826.0000,2836.0000,2836.8000,2837.0000,2837.2000,2837.8000,3,2,8,1,1,2,2,1,1,2
SF,IH2006,2020-03-02 09:32:24.200,2836.8000,14653,0,374059020.000,0,-,-,-,-,2835.2000,2835.0000,2834.8000,2833.8000,2830.0000,2837.0000,2837.2000,2837.8000,2838.0000,2838.4000,1,3,2,8,1,1,1,2,2,2
SF,IH2006,2020-03-02 09:32:24.700,2836.8000,14653,0,374059020.000,0,-,-,-,-,2835.0000,2834.8000,2833.8000,2830.0000,2826.0000,2836.8000,2837.0000,2837.2000,2837.8000,2838.0000,3,2,8,1,1,2,2,1,2,2
SF,IH2006,2020-03-02 09:32:25.200,2836.8000,14652,-1,374910060.000,1,0,1,双平,S,2835.0000,2834.8000,2833.8000,2830.0000,2826.0000,2836.6000,2836.8000,2837.0000,2837.2000,2837.8000,3,2,8,1,1,1,2,1,1,2
SF,IH2006,2020-03-02 09:32:25.700,2836.8000,14652,0,374910060.000,0,-,-,-,-,2835.2000,2835.0000,2834.8000,2833.8000,2830.0000,2836.4000,2836.6000,2836.8000,2837.0000,2837.2000,1,3,2,8,1,1,1,1,1,1
SF,IH2006,2020-03-02 09:32:26.200,2836.8000,14652,0,374910060.000,0,-,-,-,-,2835.4000,2835.0000,2834.8000,2830.0000,2826.0000,2836.4000,2836.8000,2837.0000,2837.2000,2837.8000,1,4,2,1,1,1,1,1,1,2
SF,IH2006,2020-03-02 09:32:26.700,2836.8000,14652,0,374910060.000,0,-,-,-,-,2835.4000,2835.0000,2834.8000,2830.0000,2825.4000,2836.8000,2837.0000,2837.2000,2837.8000,2838.0000,1,4,10,1,3,1,1,1,2,3
SF,IH2006,2020-03-02 09:32:27.200,2836.8000,14652,0,374910060.000,0,-,-,-,-,2835.4000,2835.0000,2834.8000,2830.0000,2825.4000,2836.6000,2837.0000,2837.2000,2837.8000,2838.0000,1,3,10,1,3,1,1,1,2,3
SF,IH2006,2020-03-02 09:32:27.700,2836.6000,14652,0,375761040.000,1,0,1,多换,S,2835.6000,2835.0000,2834.8000,2830.0000,2825.4000,2837.0000,2837.2000,2837.8000,2838.0000,2838.4000,1,3,10,1,3,1,1,2,3,2
SF,IH2006,2020-03-02 09:32:28.200,2836.6000,14652,0,375761040.000,0,-,-,-,-,2835.6000,2835.0000,2834.8000,2830.0000,2825.4000,2836.8000,2837.0000,2837.2000,2837.8000,2838.0000,1,3,10,1,3,1,2,1,2,3
SF,IH2006,2020-03-02 09:32:28.700,2837.0000,14651,-1,377463240.000,2,0,2,多平,S,2835.8000,2835.0000,2834.8000,2830.0000,2825.4000,2837.2000,2837.8000,2838.0000,2838.4000,2838.6000,1,3,10,1,3,1,2,3,2,1
SF,IH2006,2020-03-02 09:32:29.200,2837.0000,14651,0,377463240.000,0,-,-,-,-,2835.8000,2835.0000,2834.8000,2830.0000,2825.4000,2837.0000,2837.2000,2837.8000,2838.0000,2838.4000,2,4,10,1,3,1,1,2,3,2
SF,IH2006,2020-03-02 09:32:29.700,2837.0000,14651,0,377463240.000,0,-,-,-,-,2836.8000,2836.0000,2835.8000,2835.6000,2835.0000,2837.2000,2837.8000,2838.0000,2838.4000,2838.6000,1,1,1,2,4,1,2,3,2,1
SF,IH2006,2020-03-02 09:32:30.200,2837.2000,14651,0,378314400.000,1,0,1,多换,S,2837.2000,2836.8000,2835.8000,2835.6000,2835.0000,2837.8000,2838.0000,2838.4000,2838.6000,2838.8000,1,1,9,2,4,2,3,2,1,3
SF,IH2006,2020-03-02 09:32:30.700,2837.2000,14650,-1,379165560.000,1,0,1,双平,S,2836.8000,2835.8000,2835.6000,2835.0000,2834.8000,2837.6000,2837.8000,2838.0000,2838.4000,2838.6000,1,9,2,4,2,1,2,3,2,1
SF,IH2006,2020-03-02 09:32:31.200,2836.8000,14649,-1,380016600.000,1,0,1,双平,S,2835.8000,2835.6000,2835.0000,2834.8000,2830.0000,2837.4000,2837.8000,2838.0000,2838.4000,2838.6000,9,2,4,2,1,1,2,3,2,1
SF,IH2006,2020-03-02 09:32:31.700,2837.2000,14649,0,380867760.000,1,0,1,多换,S,2836.0000,2835.8000,2835.6000,2835.0000,2834.8000,2837.8000,2838.0000,2838.4000,2838.6000,2838.8000,2,9,2,4,2,2,3,2,1,3
SF,IH2006,2020-03-02 09:32:32.200,2837.2000,14649,0,380867760.000,0,-,-,-,-,2836.2000,2836.0000,2835.8000,2835.6000,2835.0000,2837.8000,2838.0000,2838.4000,2838.6000,2838.8000,1,2,8,2,4,2,3,2,1,3
SF,IH2006,2020-03-02 09:32:32.700,2837.2000,14649,0,380867760.000,0,-,-,-,-,2837.4000,2836.2000,2835.8000,2835.0000,2834.8000,2837.6000,2837.8000,2838.0000,2838.4000,2838.6000,1,1,8,4,2,2,2,3,2,1
SF,IH2006,2020-03-02 09:32:33.200,2837.4000,14648,-1,381718980.000,1,0,1,双平,S,2836.2000,2835.8000,2835.0000,2834.8000,2833.0000,2837.0000,2837.2000,2837.4000,2837.8000,2838.0000,1,8,4,2,1,2,2,2,2,3
SF,IH2006,2020-03-02 09:32:33.700,2836.2000,14648,0,382569840.000,1,0,1,多换,S,2835.8000,2835.0000,2834.8000,2833.0000,2830.0000,2837.4000,2837.8000,2838.0000,2838.4000,2838.6000,8,4,2,1,1,2,2,3,3,1
SF,IH2006,2020-03-02 09:32:34.200,2836.2000,14648,0,382569840.000,0,-,-,-,-,2836.0000,2835.8000,2835.0000,2834.8000,2833.0000,2837.4000,2837.8000,2838.0000,2838.4000,2838.6000,4,3,4,2,1,2,2,3,3,1
SF,IH2006,2020-03-02 09:32:34.700,2836.2000,14648,0,382569840.000,0,-,-,-,-,2836.2000,2836.0000,2835.8000,2835.0000,2834.8000,2837.8000,2838.0000,2838.4000,2838.6000,2838.8000,1,3,3,4,2,2,3,3,1,3
SF,IH2006,2020-03-02 09:32:35.200,2836.2000,14648,0,382569840.000,0,-,-,-,-,2837.0000,2836.4000,2836.2000,2836.0000,2835.4000,2837.8000,2838.0000,2838.4000,2838.6000,2838.8000,1,2,1,1,8,2,3,3,1,3
SF,IH2006,2020-03-02 09:32:35.700,2837.0000,14647,-1,383420940.000,1,0,1,双平,S,2836.2000,2835.4000,2835.0000,2834.8000,2833.0000,2837.8000,2838.0000,2838.4000,2838.6000,2838.8000,1,8,4,2,1,2,3,3,1,3
SF,IH2006,2020-03-02 09:32:36.200,2837.0000,14647,0,383420940.000,0,-,-,-,-,2836.4000,2836.0000,2835.4000,2835.0000,2834.8000,2837.4000,2837.6000,2837.8000,2838.0000,2838.4000,1,1,8,4,2,1,1,1,3,3
SF,IH2006,2020-03-02 09:32:36.700,2837.0000,14647,0,383420940.000,0,-,-,-,-,2836.0000,2835.4000,2835.0000,2834.8000,2833.0000,2837.4000,2837.8000,2838.0000,2838.4000,2838.6000,1,8,4,2,1,1,1,3,3,1
SF,IH2006,2020-03-02 09:32:37.200,2837.0000,14647,0,383420940.000,0,-,-,-,-,2836.2000,2836.0000,2835.4000,2835.0000,2834.8000,2837.4000,2837.8000,2838.0000,2838.4000,2838.6000,2,2,8,4,2,1,1,3,3,1
SF,IH2006,2020-03-02 09:32:37.700,2837.4000,14646,-1,384272160.000,1,0,1,双平,S,2836.4000,2836.2000,2836.0000,2835.4000,2835.0000,2837.8000,2838.0000,2838.4000,2838.6000,2838.8000,1,1,2,8,4,1,3,3,1,3
SF,IH2006,2020-03-02 09:32:38.200,2837.4000,14646,0,384272160.000,0,-,-,-,-,2836.6000,2836.4000,2836.0000,2835.4000,2835.0000,2837.8000,2838.0000,2838.4000,2838.6000,2838.8000,1,2,1,8,4,1,3,3,1,3
SF,IH2006,2020-03-02 09:32:38.700,2837.4000,14646,0,384272160.000,0,-,-,-,-,2836.8000,2836.6000,2836.0000,2835.4000,2835.0000,2838.0000,2838.4000,2838.6000,2838.8000,2839.0000,1,1,1,8,5,3,3,1,3,2
SF,IH2006,2020-03-02 09:32:39.200,2837.4000,14646,0,384272160.000,0,-,-,-,-,2837.0000,2836.8000,2836.0000,2835.4000,2835.0000,2838.0000,2838.4000,2838.6000,2838.8000,2839.0000,1,1,1,8,4,3,3,1,3,2
SF,IH2006,2020-03-02 09:32:39.700,2837.4000,14646,0,384272160.000,0,-,-,-,-,2837.0000,2836.0000,2835.4000,2835.0000,2834.8000,2838.0000,2838.4000,2838.6000,2838.8000,2839.0000,2,1,8,4,2,3,3,1,3,2
SF,IH2006,2020-03-02 09:32:40.200,2837.4000,14646,0,384272160.000,0,-,-,-,-,2837.0000,2836.0000,2835.4000,2835.0000,2834.8000,2838.0000,2838.4000,2838.6000,2838.8000,2839.0000,1,1,8,4,2,3,3,1,3,2
SF,IH2006,2020-03-02 09:32:40.700,2837.4000,14646,0,384272160.000,0,-,-,-,-,2837.0000,2836.0000,2835.4000,2835.0000,2834.8000,2838.0000,2838.4000,2838.6000,2838.8000,2839.0000,1,1,8,4,2,3,3,1,3,2
SF,IH2006,2020-03-02 09:32:41.200,2838.0000,14645,-1,385123560.000,1,0,1,双平,S,2837.0000,2836.0000,2835.4000,2835.0000,2834.8000,2838.0000,2838.4000,2838.6000,2838.8000,2839.0000,1,1,8,4,2,2,3,1,3,2
SF,IH2006,2020-03-02 09:32:41.700,2838.0000,14645,0,385123560.000,0,-,-,-,-,2837.0000,2836.4000,2836.0000,2835.0000,2834.8000,2838.0000,2838.4000,2838.6000,2838.8000,2839.0000,1,8,1,4,2,2,3,1,3,2
SF,IH2006,2020-03-02 09:32:42.200,2838.0000,14645,0,385123560.000,0,-,-,-,-,2837.0000,2836.4000,2836.0000,2835.0000,2834.8000,2838.0000,2838.4000,2838.6000,2838.8000,2839.0000,1,8,1,4,2,2,3,1,3,2
SF,IH2006,2020-03-02 09:32:42.700,2838.0000,14645,0,385123560.000,0,-,-,-,-,2836.4000,2836.0000,2835.0000,2834.8000,2833.0000,2838.0000,2838.4000,2838.6000,2838.8000,2839.0000,8,1,4,2,1,2,3,1,3,2
SF,IH2006,2020-03-02 09:32:43.200,2838.0000,14645,0,385123560.000,0,-,-,-,-,2836.6000,2836.4000,2836.0000,2835.0000,2834.8000,2838.0000,2838.4000,2838.6000,2838.8000,2839.0000,3,8,1,3,2,2,3,1,3,2
SF,IH2006,2020-03-02 09:32:43.700,2838.0000,14645,0,385123560.000,0,-,-,-,-,2836.6000,2836.4000,2836.0000,2835.0000,2834.8000,2838.0000,2838.4000,2838.6000,2838.8000,2839.0000,2,8,1,3,2,2,3,1,3,2
SF,IH2006,2020-03-02 09:32:44.200,2838.0000,14644,-1,385974960.000,1,0,1,双平,S,2836.6000,2836.4000,2836.0000,2835.0000,2834.8000,2838.0000,2838.4000,2838.6000,2838.8000,2839.0000,2,8,1,3,2,1,3,1,3,2
SF,IH2006,2020-03-02 09:32:45.200,2838.0000,14644,0,385974960.000,0,-,-,-,-,2836.8000,2836.6000,2836.4000,2836.0000,2835.0000,2838.0000,2838.4000,2838.6000,2838.8000,2839.0000,1,2,8,1,3,1,3,1,3,2
SF,IH2006,2020-03-02 09:32:45.700,2838.0000,14644,0,386826360.000,1,0,1,多换,S,2836.8000,2836.4000,2836.0000,2835.0000,2834.8000,2838.4000,2838.6000,2838.8000,2839.0000,2839.4000,1,8,1,3,2,3,1,3,2,2
SF,IH2006,2020-03-02 09:32:46.200,2838.0000,14644,0,386826360.000,0,-,-,-,-,2837.8000,2836.8000,2836.4000,2836.0000,2835.0000,2838.2000,2838.4000,2838.6000,2838.8000,2839.0000,1,1,8,2,3,1,3,1,3,2
SF,IH2006,2020-03-02 09:32:46.700,2837.8000,14643,-1,387677700.000,1,0,1,双平,S,2836.4000,2836.0000,2835.0000,2834.8000,2833.0000,2837.6000,2837.8000,2838.4000,2838.6000,2838.8000,8,2,3,2,1,1,1,3,1,3
SF,IH2006,2020-03-02 09:32:47.200,2837.8000,14642,-1,388529040.000,1,0,1,双平,S,2836.8000,2836.6000,2836.4000,2836.0000,2835.0000,2837.8000,2838.4000,2838.6000,2838.8000,2839.0000,5,1,3,2,3,1,3,1,3,2
SF,IH2006,2020-03-02 09:32:47.700,2837.8000,14641,-1,389380380.000,1,0,1,双平,S,2836.8000,2836.6000,2836.4000,2836.0000,2835.0000,2838.4000,2838.6000,2838.8000,2839.0000,2839.4000,5,1,3,2,3,3,1,3,2,2
SF,IH2006,2020-03-02 09:32:48.200,2837.8000,14641,0,389380380.000,0,-,-,-,-,2836.4000,2836.0000,2835.0000,2834.8000,2833.0000,2838.2000,2838.4000,2838.6000,2838.8000,2839.0000,3,2,3,2,1,2,3,1,3,2
SF,IH2006,2020-03-02 09:32:48.700,2837.8000,14641,0,389380380.000,0,-,-,-,-,2836.4000,2836.0000,2835.0000,2834.8000,2833.0000,2837.8000,2838.2000,2838.4000,2838.6000,2838.8000,3,7,3,2,1,1,2,3,1,3
SF,IH2006,2020-03-02 09:32:49.200,2837.8000,14641,0,389380380.000,0,-,-,-,-,2836.6000,2836.4000,2836.0000,2835.0000,2834.8000,2838.2000,2838.4000,2838.6000,2838.8000,2839.0000,1,3,7,3,2,1,3,1,3,2
SF,IH2006,2020-03-02 09:32:49.700,2837.8000,14641,0,389380380.000,0,-,-,-,-,2836.8000,2836.4000,2836.0000,2835.0000,2834.8000,2837.8000,2838.0000,2838.4000,2838.6000,2838.8000,1,3,7,3,2,1,2,3,1,3
SF,IH2006,2020-03-02 09:32:50.200,2837.8000,14641,0,389380380.000,0,-,-,-,-,2836.8000,2836.4000,2836.0000,2835.0000,2834.8000,2837.8000,2838.0000,2838.4000,2838.6000,2838.8000,1,3,7,3,2,1,2,3,1,3
SF,IH2006,2020-03-02 09:32:51.200,2837.8000,14640,-1,390231720.000,1,0,1,双平,S,2837.8000,2837.0000,2836.8000,2836.4000,2836.0000,2838.0000,2838.4000,2838.6000,2838.8000,2839.0000,2,1,1,3,7,2,3,1,3,2
SF,IH2006,2020-03-02 09:32:51.700,2838.0000,14636,-4,393637200.000,4,0,4,双平,S,2837.0000,2836.8000,2836.4000,2836.0000,2835.0000,2837.8000,2838.4000,2838.6000,2838.8000,2839.0000,6,1,3,2,3,1,3,1,3,2
SF,IH2006,2020-03-02 09:32:52.200,2837.8000,14635,-1,394488540.000,1,0,1,双平,S,2837.2000,2837.0000,2836.8000,2836.4000,2836.0000,2838.4000,2838.6000,2838.8000,2839.0000,2839.4000,5,1,1,3,2,3,1,3,2,2
SF,IH2006,2020-03-02 09:32:52.700,2837.4000,14634,-1,395339760.000,1,0,1,双平,S,2837.4000,2837.2000,2836.8000,2836.4000,2836.0000,2838.4000,2838.6000,2838.8000,2839.0000,2839.4000,5,6,1,3,2,2,1,3,2,2
SF,IH2006,2020-03-02 09:32:53.200,2837.4000,14634,0,395339760.000,0,-,-,-,-,2837.6000,2837.4000,2837.2000,2836.8000,2836.0000,2838.4000,2838.6000,2838.8000,2839.0000,2839.4000,2,5,5,1,2,2,1,3,2,2
SF,IH2006,2020-03-02 09:32:53.700,2837.4000,14633,-1,396190980.000,1,0,1,双平,S,2837.6000,2837.4000,2836.8000,2836.0000,2835.0000,2838.4000,2838.6000,2838.8000,2839.0000,2839.4000,1,2,9,2,3,2,1,3,2,2
SF,IH2006,2020-03-02 09:32:54.200,2837.4000,14633,0,396190980.000,0,-,-,-,-,2837.8000,2837.4000,2836.8000,2836.0000,2835.0000,2838.4000,2838.6000,2838.8000,2839.0000,2839.4000,1,2,9,2,3,2,1,3,2,2
SF,IH2006,2020-03-02 09:32:55.200,2838.4000,14633,0,397042500.000,1,0,1,多换,S,2837.8000,2837.4000,2836.8000,2836.0000,2835.0000,2838.4000,2838.6000,2838.8000,2839.0000,2839.4000,1,2,9,2,3,1,1,3,2,2
SF,IH2006,2020-03-02 09:32:55.700,2838.4000,14633,0,397042500.000,0,-,-,-,-,2837.8000,2837.4000,2836.8000,2836.0000,2835.0000,2838.4000,2838.6000,2838.8000,2839.0000,2839.4000,1,2,9,2,3,1,1,3,2,2
SF,IH2006,2020-03-02 09:32:56.200,2837.8000,14632,-1,398745360.000,2,0,2,多平,S,2837.4000,2836.8000,2836.0000,2835.0000,2834.8000,2838.6000,2838.8000,2839.0000,2839.4000,2839.6000,1,9,2,3,2,1,3,2,2,1
SF,IH2006,2020-03-02 09:32:56.700,2837.8000,14632,0,398745360.000,0,-,-,-,-,2837.6000,2837.4000,2836.8000,2836.0000,2835.0000,2838.6000,2838.8000,2839.0000,2839.4000,2839.6000,3,1,9,2,3,1,3,2,2,1
SF,IH2006,2020-03-02 09:32:57.200,2837.8000,14632,0,398745360.000,0,-,-,-,-,2837.6000,2837.4000,2836.8000,2836.0000,2835.0000,2838.4000,2838.6000,2838.8000,2839.0000,2839.4000,3,1,9,2,3,1,1,3,2,2
SF,IH2006,2020-03-02 09:32:57.700,2838.4000,14631,-1,399596880.000,1,0,1,双平,S,2837.6000,2837.4000,2836.8000,2836.0000,2835.0000,2838.6000,2838.8000,2839.0000,2839.4000,2839.6000,3,1,9,2,3,1,3,2,2,1
SF,IH2006,2020-03-02 09:32:58.200,2838.6000,14630,-1,400448460.000,1,0,1,双平,S,2837.8000,2837.6000,2836.8000,2836.0000,2835.0000,2838.8000,2839.0000,2839.4000,2839.6000,2839.8000,1,3,9,2,3,3,2,2,1,3
SF,IH2006,2020-03-02 09:32:58.700,2838.6000,14630,0,400448460.000,0,-,-,-,-,2838.4000,2837.8000,2837.6000,2836.8000,2836.0000,2838.8000,2839.0000,2839.4000,2839.6000,2839.8000,1,3,3,9,2,3,2,2,1,3
SF,IH2006,2020-03-02 09:32:59.200,2838.6000,14630,0,400448460.000,0,-,-,-,-,2838.4000,2838.0000,2837.8000,2837.6000,2836.8000,2838.8000,2839.0000,2839.4000,2839.6000,2839.8000,1,1,9,1,1,2,2,2,1,3
SF,IH2006,2020-03-02 09:32:59.700,2838.4000,14629,-1,401299980.000,1,0,1,双平,S,2838.0000,2837.8000,2837.6000,2836.8000,2836.0000,2838.4000,2838.8000,2839.0000,2839.4000,2839.6000,1,9,1,1,2,1,2,2,2,1
SF,IH2006,2020-03-02 09:33:00.200,2838.4000,14628,-1,402151500.000,1,0,1,双平,S,2838.0000,2837.8000,2837.6000,2837.0000,2836.8000,2838.8000,2839.0000,2839.4000,2839.6000,2839.8000,1,9,1,2,1,2,2,2,1,3
SF,IH2006,2020-03-02 09:33:00.700,2838.0000,14627,-1,403002900.000,1,0,1,双平,S,2837.8000,2837.0000,2836.8000,2836.0000,2835.0000,2838.8000,2839.0000,2839.4000,2839.6000,2839.8000,9,2,1,2,3,2,2,2,1,3
SF,IH2006,2020-03-02 09:33:01.200,2838.0000,14627,0,403002900.000,0,-,-,-,-,2838.2000,2838.0000,2837.8000,2837.0000,2836.8000,2838.6000,2838.8000,2839.0000,2839.4000,2839.6000,1,1,8,2,1,1,2,2,2,1
SF,IH2006,2020-03-02 09:33:01.700,2838.8000,14618,-9,412368840.000,11,1,10,多平,S,2837.8000,2837.6000,2837.0000,2836.8000,2836.0000,2839.0000,2839.4000,2839.6000,2839.8000,2840.0000,3,2,2,1,2,2,2,1,3,3
SF,IH2006,2020-03-02 09:33:02.200,2838.8000,14618,0,412368840.000,0,-,-,-,-,2838.0000,2837.8000,2837.6000,2837.0000,2836.8000,2839.0000,2839.4000,2839.6000,2839.8000,2840.0000,2,4,2,2,1,2,2,1,3,3
SF,IH2006,2020-03-02 09:33:02.700,2838.8000,14618,0,412368840.000,0,-,-,-,-,2838.0000,2837.8000,2837.6000,2837.0000,2836.8000,2839.0000,2839.2000,2839.4000,2839.6000,2839.8000,2,4,2,2,1,2,1,2,1,3
SF,IH2006,2020-03-02 09:33:03.200,2838.8000,14618,0,412368840.000,0,-,-,-,-,2838.0000,2837.8000,2837.6000,2837.0000,2836.8000,2839.0000,2839.4000,2839.6000,2839.8000,2840.0000,2,4,2,2,1,2,2,1,4,3
SF,IH2006,2020-03-02 09:33:03.700,2839.0000,14618,0,413220540.000,1,0,1,多换,S,2838.2000,2838.0000,2837.8000,2837.6000,2837.0000,2839.0000,2839.4000,2839.6000,2839.8000,2840.0000,1,2,4,2,2,1,2,1,4,3
SF,IH2006,2020-03-02 09:33:04.200,2839.0000,14617,-1,414072240.000,1,0,1,双平,S,2839.0000,2838.2000,2838.0000,2837.8000,2837.6000,2839.4000,2839.6000,2839.8000,2840.0000,2840.2000,1,1,2,4,2,2,1,4,3,1
SF,IH2006,2020-03-02 09:33:04.700,2838.2000,14615,-2,415775400.000,2,0,2,双平,S,2837.8000,2837.6000,2837.0000,2836.8000,2836.0000,2838.8000,2839.0000,2839.4000,2839.6000,2839.8000,4,2,2,1,2,1,2,2,1,4
SF,IH2006,2020-03-02 09:33:05.200,2837.8000,14614,-1,416626740.000,1,0,1,双平,S,2837.8000,2837.6000,2837.0000,2836.8000,2836.0000,2838.8000,2839.0000,2839.4000,2839.6000,2839.8000,1,2,2,1,2,3,2,2,1,4
SF,IH2006,2020-03-02 09:33:05.700,2838.6000,14614,0,418329900.000,2,1,1,多换,S,2837.8000,2837.2000,2837.0000,2836.8000,2836.2000,2838.6000,2838.8000,2839.0000,2839.2000,2839.4000,1,4,2,1,1,1,2,2,1,2
SF,IH2006,2020-03-02 09:33:06.200,2838.6000,14613,-1,419181480.000,1,0,1,双平,S,2837.8000,2837.2000,2837.0000,2836.8000,2836.2000,2838.8000,2839.0000,2839.2000,2839.4000,2839.6000,1,4,2,1,1,2,2,1,2,1
SF,IH2006,2020-03-02 09:33:06.700,2839.0000,14610,-3,421736520.000,3,0,3,双平,S,2838.0000,2837.2000,2837.0000,2836.8000,2836.2000,2839.0000,2839.2000,2839.4000,2839.6000,2839.8000,3,4,2,1,1,1,1,2,1,4
SF,IH2006,2020-03-02 09:33:07.200,2839.0000,14610,0,421736520.000,0,-,-,-,-,2838.0000,2837.8000,2837.2000,2837.0000,2836.8000,2839.0000,2839.2000,2839.4000,2839.6000,2839.8000,3,2,4,2,1,1,1,2,1,4
SF,IH2006,2020-03-02 09:33:07.700,2839.0000,14610,0,421736520.000,0,-,-,-,-,2838.2000,2838.0000,2837.8000,2837.2000,2837.0000,2839.0000,2839.2000,2839.4000,2839.6000,2839.8000,1,3,2,4,2,1,1,2,1,4
SF,IH2006,2020-03-02 09:33:08.200,2839.0000,14610,0,422588220.000,1,0,1,多换,S,2838.8000,2838.2000,2838.0000,2837.8000,2837.2000,2839.2000,2839.4000,2839.6000,2839.8000,2840.0000,1,1,2,2,4,1,2,1,4,3
SF,IH2006,2020-03-02 09:33:08.700,2839.4000,14607,-3,425143620.000,3,0,3,双平,S,2838.8000,2838.2000,2838.0000,2837.8000,2837.0000,2839.6000,2839.8000,2840.0000,2840.2000,2840.4000,1,5,2,2,2,1,4,3,1,1
SF,IH2006,2020-03-02 09:33:09.200,2839.4000,14607,0,425143620.000,0,-,-,-,-,2838.8000,2838.2000,2838.0000,2837.8000,2837.0000,2839.6000,2839.8000,2840.0000,2840.2000,2840.4000,1,5,2,2,2,1,4,3,1,1
SF,IH2006,2020-03-02 09:33:09.700,2839.4000,14607,0,425143620.000,0,-,-,-,-,2838.8000,2838.2000,2838.0000,2837.8000,2837.0000,2839.6000,2839.8000,2840.0000,2840.2000,2840.4000,2,4,2,2,2,1,4,3,1,1
SF,IH2006,2020-03-02 09:33:10.200,2839.4000,14607,0,425143620.000,0,-,-,-,-,2839.0000,2838.8000,2838.2000,2838.0000,2837.0000,2839.6000,2839.8000,2840.0000,2840.2000,2840.4000,1,2,4,2,2,1,4,3,1,1
SF,IH2006,2020-03-02 09:33:10.700,2839.4000,14607,0,425143620.000,0,-,-,-,-,2839.0000,2838.8000,2838.2000,2838.0000,2837.0000,2839.6000,2839.8000,2840.0000,2840.2000,2840.4000,1,2,4,2,2,2,4,3,1,1
SF,IH2006,2020-03-02 09:33:11.200,2839.6000,14607,0,425995500.000,1,0,1,多换,S,2839.0000,2838.8000,2838.2000,2838.0000,2837.0000,2839.8000,2840.0000,2840.2000,2840.4000,2841.0000,1,2,4,2,2,4,3,1,1,1
SF,IH2006,2020-03-02 09:33:11.700,2839.6000,14607,0,425995500.000,0,-,-,-,-,2839.0000,2838.8000,2838.2000,2838.0000,2837.0000,2839.8000,2840.0000,2840.2000,2840.4000,2841.0000,1,2,4,2,2,4,3,1,1,1
SF,IH2006,2020-03-02 09:33:14.200,2839.8000,14606,-1,426847440.000,1,0,1,双平,S,2839.0000,2838.8000,2838.2000,2838.0000,2837.0000,2839.8000,2840.0000,2840.2000,2840.4000,2840.6000,1,2,4,2,2,3,3,1,1,1
SF,IH2006,2020-03-02 09:33:14.700,2839.8000,14607,1,429403260.000,3,2,1,空开,S,2839.8000,2839.0000,2838.8000,2838.2000,2838.0000,2840.0000,2840.2000,2840.4000,2840.6000,2841.0000,2,2,2,4,2,3,2,1,1,1
SF,IH2006,2020-03-02 09:33:15.200,2838.8000,14605,-2,434513820.000,6,2,4,多平,S,2838.0000,2837.0000,2836.8000,2836.2000,2836.0000,2839.8000,2840.0000,2840.2000,2840.4000,2840.6000,2,2,1,1,1,2,3,2,1,1
SF,IH2006,2020-03-02 09:33:15.700,2838.8000,14605,0,434513820.000,0,-,-,-,-,2838.2000,2838.0000,2837.8000,2837.0000,2836.8000,2839.0000,2839.8000,2840.0000,2840.2000,2840.4000,3,3,4,2,1,8,2,3,2,1
SF,IH2006,2020-03-02 09:33:16.200,2839.0000,14600,-5,438771780.000,5,0,5,双平,S,2838.2000,2838.0000,2837.8000,2837.0000,2836.8000,2839.0000,2839.6000,2839.8000,2840.0000,2840.2000,2,2,4,2,1,6,1,2,3,2
SF,IH2006,2020-03-02 09:33:16.700,2839.0000,14598,-2,440474940.000,2,0,2,双平,S,2838.2000,2838.0000,2837.8000,2837.0000,2836.8000,2839.0000,2839.2000,2839.6000,2839.8000,2840.0000,1,2,4,2,1,5,1,1,2,3
SF,IH2006,2020-03-02 09:33:17.200,2838.0000,14596,-2,443029200.000,3,0,3,多平,S,2837.8000,2837.0000,2836.8000,2836.2000,2836.0000,2838.2000,2838.8000,2839.0000,2839.2000,2839.6000,4,2,1,1,1,3,1,5,1,1
SF,IH2006,2020-03-02 09:33:17.700,2838.2000,14594,-2,444732120.000,2,0,2,双平,S,2838.4000,2838.2000,2837.0000,2836.8000,2836.2000,2838.8000,2839.0000,2839.2000,2839.6000,2839.8000,1,2,2,1,1,1,5,1,1,1
SF,IH2006,2020-03-02 09:33:18.200,2838.8000,14593,-1,445583760.000,1,0,1,双平,S,2838.4000,2838.2000,2837.6000,2837.2000,2837.0000,2839.0000,2839.2000,2839.6000,2839.8000,2840.0000,1,2,4,1,2,5,1,1,2,3
SF,IH2006,2020-03-02 09:33:18.700,2838.8000,14594,1,446435400.000,1,1,0,双开,S,2838.4000,2838.2000,2837.6000,2837.2000,2837.0000,2839.0000,2839.2000,2839.8000,2840.0000,2840.2000,1,2,4,1,2,5,1,2,3,2
SF,IH2006,2020-03-02 09:33:19.200,2838.8000,14594,0,446435400.000,0,-,-,-,-,2838.4000,2838.2000,2837.6000,2837.2000,2837.0000,2839.0000,2839.2000,2839.8000,2840.0000,2840.2000,1,2,4,1,2,5,1,2,3,2
SF,IH2006,2020-03-02 09:33:19.700,2838.4000,14592,-2,448138620.000,2,0,2,双平,S,2838.2000,2837.6000,2837.2000,2837.0000,2836.8000,2839.0000,2839.2000,2839.8000,2840.0000,2840.2000,2,4,1,2,1,4,1,2,3,2
SF,IH2006,2020-03-02 09:33:20.200,2838.4000,14592,0,448138620.000,0,-,-,-,-,2838.2000,2837.6000,2837.2000,2837.0000,2836.8000,2838.4000,2839.0000,2839.2000,2839.8000,2840.0000,2,4,1,2,1,8,4,1,2,3
SF,IH2006,2020-03-02 09:33:20.700,2838.4000,14585,-7,454950780.000,8,0,8,多平,S,2837.6000,2837.2000,2837.0000,2836.8000,2836.2000,2838.2000,2839.0000,2839.2000,2839.8000,2840.0000,4,1,2,1,1,1,4,1,2,3
SF,IH2006,2020-03-02 09:33:21.200,2838.2000,14584,-1,455802240.000,1,0,1,双平,S,2837.6000,2837.2000,2837.0000,2836.8000,2836.2000,2839.0000,2839.2000,2839.8000,2840.0000,2840.2000,4,1,2,2,1,6,1,2,3,2
SF,IH2006,2020-03-02 09:33:21.700,2838.2000,14584,0,455802240.000,0,-,-,-,-,2838.0000,2837.8000,2837.6000,2837.2000,2837.0000,2839.0000,2839.2000,2839.8000,2840.0000,2840.2000,1,5,4,1,2,6,1,2,3,2
SF,IH2006,2020-03-02 09:33:22.200,2838.2000,14584,0,455802240.000,0,-,-,-,-,2838.0000,2837.8000,2837.6000,2837.2000,2837.0000,2838.8000,2839.0000,2839.2000,2839.8000,2840.0000,1,2,4,1,2,1,6,1,2,3
SF,IH2006,2020-03-02 09:33:23.200,2838.8000,14583,-1,456653880.000,1,0,1,双平,S,2838.0000,2837.8000,2837.6000,2837.2000,2837.0000,2839.0000,2839.2000,2839.8000,2840.0000,2840.2000,1,2,4,1,2,6,1,2,3,2
SF,IH2006,2020-03-02 09:33:23.700,2838.8000,14583,0,456653880.000,0,-,-,-,-,2838.0000,2837.8000,2837.6000,2837.2000,2837.0000,2839.0000,2839.2000,2839.8000,2840.0000,2840.2000,2,2,4,1,2,6,1,2,3,2
SF,IH2006,2020-03-02 09:33:24.200,2839.0000,14577,-6,461764080.000,6,0,6,双平,S,2838.0000,2837.8000,2837.6000,2837.2000,2837.0000,2839.2000,2839.8000,2840.0000,2840.2000,2840.4000,1,2,4,1,3,1,2,3,2,1
SF,IH2006,2020-03-02 09:33:24.700,2839.0000,14577,0,461764080.000,0,-,-,-,-,2838.2000,2838.0000,2837.8000,2837.6000,2837.2000,2839.2000,2839.8000,2840.0000,2840.2000,2840.4000,4,2,1,4,1,1,2,3,2,1
SF,IH2006,2020-03-02 09:33:25.200,2839.0000,14577,0,461764080.000,0,-,-,-,-,2838.2000,2838.0000,2837.8000,2837.6000,2837.2000,2839.2000,2839.8000,2840.0000,2840.2000,2840.4000,5,2,1,4,1,1,1,3,2,1
SF,IH2006,2020-03-02 09:33:25.700,2839.0000,14577,0,461764080.000,0,-,-,-,-,2838.4000,2838.2000,2838.0000,2837.8000,2837.6000,2839.2000,2840.0000,2840.2000,2840.4000,2840.6000,1,3,1,1,4,1,3,2,1,1
SF,IH2006,2020-03-02 09:33:26.200,2839.2000,14578,1,462615840.000,1,1,0,双开,S,2839.2000,2838.4000,2838.2000,2838.0000,2837.8000,2840.0000,2840.2000,2840.4000,2840.6000,2840.8000,1,1,2,1,1,3,2,1,1,1
SF,IH2006,2020-03-02 09:33:26.700,2839.2000,14577,-1,463467600.000,1,0,1,双平,S,2838.4000,2838.2000,2838.0000,2837.8000,2837.6000,2839.2000,2839.8000,2840.0000,2840.2000,2840.4000,1,2,1,1,4,1,1,3,2,1
SF,IH2006,2020-03-02 09:33:27.200,2839.2000,14577,0,463467600.000,0,-,-,-,-,2838.4000,2838.2000,2838.0000,2837.8000,2837.6000,2839.2000,2840.0000,2840.2000,2840.4000,2840.6000,1,2,1,1,4,1,3,2,1,1
SF,IH2006,2020-03-02 09:33:27.700,2839.2000,14577,0,464319360.000,1,0,1,多换,S,2838.4000,2838.2000,2838.0000,2837.8000,2837.6000,2840.0000,2840.2000,2840.4000,2840.6000,2840.8000,1,2,1,1,4,3,2,1,1,1
SF,IH2006,2020-03-02 09:33:28.200,2839.2000,14577,0,464319360.000,0,-,-,-,-,2838.6000,2838.4000,2838.2000,2838.0000,2837.8000,2839.8000,2840.0000,2840.2000,2840.4000,2840.6000,3,1,1,1,1,1,3,2,1,1
SF,IH2006,2020-03-02 09:33:28.700,2839.2000,14577,0,464319360.000,0,-,-,-,-,2838.8000,2838.6000,2838.2000,2838.0000,2837.8000,2840.0000,2840.2000,2840.4000,2840.6000,2840.8000,2,1,1,1,1,3,2,1,1,1
SF,IH2006,2020-03-02 09:33:29.200,2839.2000,14577,0,464319360.000,0,-,-,-,-,2839.2000,2838.8000,2838.6000,2838.2000,2838.0000,2839.8000,2840.0000,2840.2000,2840.4000,2840.6000,5,2,1,1,1,1,3,2,1,1
SF,IH2006,2020-03-02 09:33:29.700,2839.2000,14577,0,468578160.000,5,2,3,多换,S,2838.8000,2838.6000,2838.2000,2838.0000,2837.8000,2840.0000,2840.2000,2840.4000,2840.6000,2840.8000,2,1,1,1,1,3,2,1,1,1
SF,IH2006,2020-03-02 09:33:30.200,2839.2000,14577,0,468578160.000,0,-,-,-,-,2839.0000,2838.6000,2838.2000,2838.0000,2837.8000,2840.0000,2840.2000,2840.4000,2840.6000,2840.8000,2,1,5,1,1,3,2,1,1,1
SF,IH2006,2020-03-02 09:33:30.700,2839.2000,14577,0,468578160.000,0,-,-,-,-,2838.6000,2838.2000,2838.0000,2837.8000,2837.2000,2839.8000,2840.0000,2840.2000,2840.4000,2840.6000,1,5,1,1,1,1,3,2,1,1
SF,IH2006,2020-03-02 09:33:31.200,2839.2000,14577,0,468578160.000,0,-,-,-,-,2838.8000,2838.6000,2838.2000,2838.0000,2837.2000,2840.0000,2840.2000,2840.4000,2840.6000,2840.8000,4,1,4,1,1,3,2,1,1,1
SF,IH2006,2020-03-02 09:33:31.700,2839.2000,14577,0,468578160.000,0,-,-,-,-,2838.6000,2838.2000,2838.0000,2837.2000,2837.0000,2839.8000,2840.0000,2840.2000,2840.4000,2840.6000,1,4,1,1,3,1,3,2,1,1
SF,IH2006,2020-03-02 09:33:32.200,2839.2000,14577,0,468578160.000,0,-,-,-,-,2839.0000,2838.6000,2838.2000,2838.0000,2837.2000,2839.6000,2840.0000,2840.2000,2840.4000,2840.6000,1,1,4,1,1,2,3,2,1,1
SF,IH2006,2020-03-02 09:33:32.700,2839.2000,14577,0,468578160.000,0,-,-,-,-,2839.0000,2838.6000,2838.2000,2838.0000,2837.2000,2839.6000,2840.0000,2840.2000,2840.4000,2840.6000,1,1,4,1,1,1,3,2,1,1
SF,IH2006,2020-03-02 09:33:34.200,2839.6000,14576,-1,469430040.000,1,0,1,双平,S,2839.0000,2838.6000,2838.2000,2838.0000,2837.2000,2840.0000,2840.2000,2840.4000,2840.6000,2840.8000,1,1,4,1,1,3,2,1,1,1
SF,IH2006,2020-03-02 09:33:34.700,2839.6000,14576,0,469430040.000,0,-,-,-,-,2839.0000,2838.6000,2838.2000,2838.0000,2837.2000,2840.0000,2840.2000,2840.4000,2840.6000,2840.8000,1,1,4,1,1,3,2,1,1,1
SF,IH2006,2020-03-02 09:33:35.200,2839.6000,14576,0,469430040.000,0,-,-,-,-,2839.0000,2838.6000,2838.2000,2838.0000,2837.2000,2839.8000,2840.0000,2840.2000,2840.4000,2840.6000,1,1,4,1,1,1,3,2,1,1
SF,IH2006,2020-03-02 09:33:35.700,2839.6000,14576,0,469430040.000,0,-,-,-,-,2839.0000,2838.6000,2838.2000,2838.0000,2837.2000,2839.6000,2839.8000,2840.0000,2840.2000,2840.4000,1,1,4,1,1,1,1,3,2,1
SF,IH2006,2020-03-02 09:33:36.200,2839.6000,14576,0,469430040.000,0,-,-,-,-,2838.6000,2838.2000,2838.0000,2837.2000,2837.0000,2839.0000,2839.8000,2840.0000,2840.2000,2840.4000,1,4,1,1,3,4,1,3,2,1
SF,IH2006,2020-03-02 09:33:36.700,2839.0000,14572,-4,472836840.000,4,0,4,双平,S,2838.6000,2838.2000,2838.0000,2837.2000,2837.0000,2839.8000,2840.0000,2840.2000,2840.4000,2840.6000,1,4,1,1,3,1,3,2,1,1
SF,IH2006,2020-03-02 09:33:37.200,2839.0000,14572,0,472836840.000,0,-,-,-,-,2838.8000,2838.6000,2838.2000,2838.0000,2837.2000,2839.6000,2839.8000,2840.0000,2840.2000,2840.4000,2,2,4,1,1,1,1,3,2,1
SF,IH2006,2020-03-02 09:33:37.700,2839.8000,14572,0,473688780.000,1,0,1,多换,S,2838.8000,2838.6000,2838.2000,2838.0000,2837.2000,2840.0000,2840.2000,2840.4000,2840.6000,2840.8000,2,2,4,1,1,3,2,1,1,1
SF,IH2006,2020-03-02 09:33:38.200,2839.8000,14572,0,473688780.000,0,-,-,-,-,2839.0000,2838.6000,2838.2000,2838.0000,2837.2000,2840.0000,2840.2000,2840.4000,2840.6000,2840.8000,3,1,4,1,1,3,2,1,1,1
SF,IH2006,2020-03-02 09:33:40.200,2839.8000,14572,0,473688780.000,0,-,-,-,-,2839.0000,2838.6000,2838.2000,2838.0000,2837.2000,2840.0000,2840.2000,2840.4000,2840.6000,2840.8000,1,1,4,1,1,3,2,1,1,1
SF,IH2006,2020-03-02 09:33:41.200,2839.2000,14571,-1,474540540.000,1,0,1,双平,S,2839.0000,2838.2000,2838.0000,2837.2000,2837.0000,2839.8000,2840.0000,2840.2000,2840.4000,2840.6000,1,4,1,1,3,1,3,2,1,1
SF,IH2006,2020-03-02 09:33:41.700,2839.0000,14571,0,475392240.000,1,0,1,多换,S,2838.2000,2838.0000,2837.2000,2837.0000,2836.8000,2839.6000,2840.0000,2840.2000,2840.4000,2840.6000,4,1,1,3,1,1,3,2,1,1
SF,IH2006,2020-03-02 09:33:42.200,2839.0000,14571,0,475392240.000,0,-,-,-,-,2839.2000,2838.4000,2838.0000,2837.2000,2837.0000,2839.4000,2840.0000,2840.2000,2840.4000,2840.6000,1,8,1,1,3,1,3,2,1,1
SF,IH2006,2020-03-02 09:33:42.700,2839.2000,14571,0,476244000.000,1,0,1,多换,S,2838.4000,2838.0000,2837.2000,2837.0000,2836.8000,2839.2000,2840.0000,2840.2000,2840.4000,2840.6000,5,1,1,3,1,1,3,2,1,1
SF,IH2006,2020-03-02 09:33:43.200,2839.2000,14570,-1,477095760.000,1,0,1,双平,S,2838.6000,2838.0000,2837.2000,2837.0000,2836.8000,2840.0000,2840.2000,2840.4000,2840.6000,2840.8000,4,1,1,3,1,3,2,1,1,1
SF,IH2006,2020-03-02 09:33:43.700,2839.2000,14570,0,477095760.000,0,-,-,-,-,2838.0000,2837.2000,2837.0000,2836.8000,2836.0000,2839.8000,2840.0000,2840.2000,2840.4000,2840.6000,1,1,3,1,1,1,3,2,1,1
SF,IH2006,2020-03-02 09:33:44.200,2839.2000,14570,0,477095760.000,0,-,-,-,-,2838.2000,2838.0000,2837.6000,2837.2000,2837.0000,2839.6000,2840.0000,2840.2000,2840.4000,2840.6000,2,1,4,1,3,1,4,2,1,1
SF,IH2006,2020-03-02 09:33:44.700,2838.0000,14568,-2,479650080.000,3,0,3,多平,S,2837.8000,2837.2000,2837.0000,2836.8000,2836.0000,2839.4000,2839.6000,2840.0000,2840.2000,2840.4000,4,1,3,1,1,4,1,4,2,1
SF,IH2006,2020-03-02 09:33:45.200,2838.0000,14568,0,479650080.000,0,-,-,-,-,2838.0000,2837.2000,2837.0000,2836.8000,2836.0000,2839.2000,2839.4000,2840.0000,2840.2000,2840.4000,3,1,3,1,1,1,4,4,2,1
SF,IH2006,2020-03-02 09:33:45.700,2838.0000,14568,0,479650080.000,0,-,-,-,-,2837.2000,2837.0000,2836.8000,2836.0000,2835.0000,2839.0000,2839.2000,2839.4000,2839.8000,2840.0000,5,3,1,1,3,2,1,1,1,5
SF,IH2006,2020-03-02 09:33:46.200,2838.0000,14568,0,479650080.000,0,-,-,-,-,2837.4000,2837.2000,2837.0000,2836.8000,2836.0000,2839.0000,2839.2000,2839.4000,2839.8000,2840.0000,7,1,3,1,1,2,1,1,1,5
SF,IH2006,2020-03-02 09:33:46.700,2838.0000,14568,0,479650080.000,0,-,-,-,-,2837.6000,2837.4000,2837.2000,2837.0000,2836.8000,2839.0000,2839.2000,2839.4000,2839.8000,2840.0000,2,7,1,3,1,2,1,1,1,5
SF,IH2006,2020-03-02 09:33:47.200,2838.0000,14568,0,479650080.000,0,-,-,-,-,2837.4000,2837.2000,2837.0000,2836.8000,2836.0000,2839.0000,2839.2000,2839.4000,2839.8000,2840.0000,3,1,7,1,1,2,1,1,1,5
SF,IH2006,2020-03-02 09:33:47.700,2838.0000,14568,0,479650080.000,0,-,-,-,-,2837.6000,2837.2000,2837.0000,2836.8000,2836.0000,2838.8000,2839.0000,2839.2000,2839.4000,2839.8000,2,1,7,1,1,3,3,1,1,1
SF,IH2006,2020-03-02 09:33:48.200,2838.0000,14568,0,479650080.000,0,-,-,-,-,2837.2000,2837.0000,2836.8000,2836.0000,2835.0000,2838.6000,2838.8000,2839.0000,2839.2000,2839.4000,1,7,1,1,3,2,2,1,1,1
SF,IH2006,2020-03-02 09:33:48.700,2838.0000,14568,0,479650080.000,0,-,-,-,-,2837.2000,2837.0000,2836.8000,2836.6000,2836.0000,2838.6000,2838.8000,2839.0000,2839.2000,2839.4000,1,3,1,4,1,2,2,1,1,1
SF,IH2006,2020-03-02 09:33:49.200,2838.0000,14568,0,479650080.000,0,-,-,-,-,2837.2000,2837.0000,2836.8000,2836.6000,2836.0000,2838.6000,2838.8000,2839.0000,2839.2000,2839.8000,1,3,1,4,1,2,2,1,1,1
SF,IH2006,2020-03-02 09:33:49.700,2838.6000,14567,-1,480501660.000,1,0,1,双平,S,2837.2000,2837.0000,2836.8000,2836.6000,2836.0000,2838.6000,2838.8000,2839.0000,2839.2000,2839.8000,1,3,1,4,1,1,2,1,1,1
SF,IH2006,2020-03-02 09:33:50.200,2838.6000,14567,0,480501660.000,0,-,-,-,-,2837.4000,2837.2000,2837.0000,2836.8000,2836.6000,2838.8000,2839.0000,2839.2000,2839.8000,2840.0000,7,1,3,1,4,1,1,1,1,5
SF,IH2006,2020-03-02 09:33:50.700,2838.6000,14567,0,480501660.000,0,-,-,-,-,2837.6000,2837.4000,2837.2000,2837.0000,2836.8000,2839.0000,2839.2000,2839.8000,2840.0000,2840.2000,4,7,1,3,1,1,1,1,5,2
SF,IH2006,2020-03-02 09:33:51.200,2838.6000,14567,0,480501660.000,0,-,-,-,-,2837.8000,2837.4000,2837.2000,2837.0000,2836.8000,2839.0000,2839.2000,2839.8000,2840.0000,2840.2000,2,4,1,3,1,1,1,1,5,2
SF,IH2006,2020-03-02 09:33:51.700,2838.6000,14567,0,480501660.000,0,-,-,-,-,2837.8000,2837.4000,2837.2000,2837.0000,2836.8000,2839.0000,2839.2000,2839.8000,2840.0000,2840.2000,1,4,5,3,1,1,1,1,5,2
SF,IH2006,2020-03-02 09:33:52.200,2838.6000,14567,0,480501660.000,0,-,-,-,-,2838.0000,2837.4000,2837.2000,2837.0000,2836.8000,2838.8000,2839.0000,2839.8000,2840.0000,2840.2000,2,2,5,3,1,1,1,1,5,2
SF,IH2006,2020-03-02 09:33:55.200,2838.6000,14567,0,480501660.000,0,-,-,-,-,2838.0000,2837.4000,2837.2000,2837.0000,2836.8000,2838.8000,2839.0000,2839.8000,2840.0000,2840.2000,2,2,5,3,1,1,1,1,5,2
SF,IH2006,2020-03-02 09:33:55.700,2838.6000,14567,0,480501660.000,0,-,-,-,-,2838.0000,2837.4000,2837.2000,2837.0000,2836.8000,2839.0000,2839.8000,2840.0000,2840.2000,2840.4000,2,2,5,3,1,1,1,5,2,1
SF,IH2006,2020-03-02 09:33:56.200,2838.6000,14567,0,480501660.000,0,-,-,-,-,2838.2000,2838.0000,2837.4000,2837.2000,2837.0000,2839.0000,2839.8000,2840.0000,2840.2000,2840.4000,1,2,2,5,3,1,1,5,2,1
SF,IH2006,2020-03-02 09:33:56.700,2838.2000,14566,-1,481353120.000,1,0,1,双平,S,2837.4000,2837.2000,2837.0000,2836.8000,2836.0000,2839.0000,2839.8000,2840.0000,2840.2000,2840.4000,2,5,3,1,1,1,1,5,2,1
SF,IH2006,2020-03-02 09:33:57.200,2838.2000,14566,0,481353120.000,0,-,-,-,-,2837.6000,2837.4000,2837.2000,2837.0000,2836.8000,2838.0000,2838.8000,2839.0000,2839.8000,2840.0000,2,1,1,3,1,8,4,1,1,5
SF,IH2006,2020-03-02 09:33:57.700,2837.0000,14566,0,482204220.000,1,0,1,多换,S,2837.0000,2836.8000,2836.0000,2835.0000,2828.8000,2837.6000,2838.0000,2838.8000,2839.0000,2839.8000,2,1,1,3,1,1,8,4,1,1
SF,IH2006,2020-03-02 09:33:58.200,2836.8000,14565,-1,484757460.000,3,1,2,多平,S,2836.0000,2835.0000,2828.8000,2826.4000,2825.4000,2836.8000,2837.0000,2837.6000,2838.0000,2838.8000,5,3,1,1,3,1,1,1,8,4
SF,IH2006,2020-03-02 09:33:58.700,2837.0000,14563,-2,486459600.000,2,0,2,双平,S,2836.4000,2836.2000,2836.0000,2835.0000,2828.8000,2837.6000,2838.0000,2838.6000,2838.8000,2839.0000,1,5,2,3,1,1,8,1,4,1
SF,IH2006,2020-03-02 09:33:59.200,2837.4000,14562,-1,487310820.000,1,0,1,双平,S,2836.6000,2836.0000,2835.8000,2835.0000,2828.8000,2837.4000,2837.6000,2838.0000,2838.6000,2838.8000,2,1,4,3,1,3,1,8,1,3
SF,IH2006,2020-03-02 09:33:59.700,2837.4000,14562,0,488162040.000,1,0,1,多换,S,2836.0000,2835.8000,2835.0000,2828.8000,2826.4000,2837.6000,2838.0000,2838.6000,2838.8000,2839.0000,1,4,3,1,1,1,8,1,3,1
SF,IH2006,2020-03-02 09:34:00.200,2836.2000,14560,-2,489863760.000,2,0,2,双平,S,2836.2000,2836.0000,2835.8000,2835.0000,2828.8000,2837.4000,2838.0000,2838.6000,2838.8000,2839.0000,3,1,4,3,1,1,8,1,3,1
SF,IH2006,2020-03-02 09:34:00.700,2837.4000,14560,0,490714980.000,1,0,1,多换,S,2836.4000,2836.2000,2836.0000,2835.4000,2835.0000,2838.0000,2838.6000,2838.8000,2839.0000,2840.0000,2,3,1,4,3,8,1,3,1,4
SF,IH2006,2020-03-02 09:34:01.200,2837.4000,14560,0,490714980.000,0,-,-,-,-,2836.2000,2836.0000,2835.4000,2835.0000,2828.8000,2837.8000,2838.0000,2838.6000,2838.8000,2839.0000,3,1,4,3,1,3,8,1,2,1
SF,IH2006,2020-03-02 09:34:01.700,2837.4000,14560,0,490714980.000,0,-,-,-,-,2837.2000,2836.4000,2836.2000,2836.0000,2835.4000,2837.6000,2837.8000,2838.0000,2838.6000,2838.8000,1,3,1,1,4,2,2,8,1,2
SF,IH2006,2020-03-02 09:34:02.200,2837.2000,14559,-1,491566140.000,1,0,1,双平,S,2836.4000,2836.2000,2836.0000,2835.0000,2828.8000,2837.8000,2838.0000,2838.6000,2838.8000,2839.0000,5,1,1,3,1,1,8,1,2,1
SF,IH2006,2020-03-02 09:34:02.700,2837.2000,14559,0,491566140.000,0,-,-,-,-,2836.6000,2836.4000,2836.2000,2836.0000,2835.0000,2837.6000,2837.8000,2838.0000,2838.6000,2838.8000,4,1,1,1,3,1,1,8,1,2
SF,IH2006,2020-03-02 09:34:03.200,2837.2000,14559,0,491566140.000,0,-,-,-,-,2837.6000,2836.8000,2836.4000,2836.2000,2836.0000,2838.0000,2838.6000,2838.8000,2839.0000,2840.0000,1,1,1,1,1,8,1,2,1,4
SF,IH2006,2020-03-02 09:34:03.700,2838.0000,14549,-10,500080020.000,10,0,10,双平,S,2836.8000,2836.6000,2836.4000,2836.2000,2836.0000,2838.6000,2838.8000,2839.0000,2840.0000,2840.2000,1,4,1,1,1,1,2,1,4,2
SF,IH2006,2020-03-02 09:34:04.200,2838.0000,14549,0,500080020.000,0,-,-,-,-,2837.0000,2836.8000,2836.2000,2836.0000,2835.0000,2838.6000,2838.8000,2839.0000,2840.0000,2840.2000,5,2,4,1,3,1,2,1,4,2
SF,IH2006,2020-03-02 09:34:04.700,2838.0000,14549,0,500080020.000,0,-,-,-,-,2837.2000,2837.0000,2836.8000,2836.0000,2835.0000,2838.6000,2838.8000,2839.0000,2840.0000,2840.2000,5,4,2,1,3,1,2,1,4,2
SF,IH2006,2020-03-02 09:34:05.200,2838.0000,14549,0,500080020.000,0,-,-,-,-,2837.4000,2837.2000,2837.0000,2836.8000,2836.0000,2838.6000,2838.8000,2839.0000,2840.0000,2840.2000,2,1,2,1,1,1,2,1,4,2
SF,IH2006,2020-03-02 09:34:05.700,2838.0000,14549,0,500080020.000,0,-,-,-,-,2837.0000,2836.8000,2836.6000,2836.0000,2835.0000,2838.4000,2838.6000,2838.8000,2839.0000,2840.0000,2,1,4,1,3,1,1,1,1,4
SF,IH2006,2020-03-02 09:34:06.200,2838.0000,14549,0,500080020.000,0,-,-,-,-,2837.0000,2836.8000,2836.6000,2836.0000,2835.0000,2838.2000,2838.4000,2838.6000,2838.8000,2839.0000,1,1,4,1,3,1,1,1,1,1
SF,IH2006,2020-03-02 09:34:06.700,2838.0000,14549,0,500080020.000,0,-,-,-,-,2836.8000,2836.6000,2836.0000,2835.0000,2828.8000,2838.0000,2838.2000,2838.6000,2838.8000,2839.0000,1,4,1,3,1,2,1,1,1,1
SF,IH2006,2020-03-02 09:34:07.200,2838.0000,14549,0,500080020.000,0,-,-,-,-,2837.0000,2836.8000,2836.2000,2836.0000,2835.0000,2837.8000,2838.0000,2838.2000,2838.6000,2839.0000,1,2,4,1,3,1,2,1,1,1
SF,IH2006,2020-03-02 09:34:07.700,2838.0000,14549,0,500080020.000,0,-,-,-,-,2836.8000,2836.2000,2836.0000,2835.0000,2828.8000,2837.8000,2838.0000,2838.2000,2838.6000,2839.0000,1,4,1,3,1,2,1,1,1,1
SF,IH2006,2020-03-02 09:34:08.200,2838.0000,14549,0,500080020.000,0,-,-,-,-,2836.8000,2836.2000,2836.0000,2835.0000,2828.8000,2837.6000,2837.8000,2838.0000,2838.6000,2839.0000,1,4,1,3,1,1,2,2,1,1
SF,IH2006,2020-03-02 09:34:08.700,2838.0000,14549,0,500080020.000,0,-,-,-,-,2836.8000,2836.2000,2836.0000,2835.0000,2828.8000,2837.6000,2837.8000,2838.0000,2838.6000,2839.0000,1,4,1,3,1,1,1,2,1,1
SF,IH2006,2020-03-02 09:34:09.200,2838.0000,14549,0,500080020.000,0,-,-,-,-,2836.8000,2836.2000,2836.0000,2835.0000,2828.8000,2837.4000,2838.0000,2838.6000,2838.8000,2839.0000,1,4,1,3,1,1,2,1,1,1
SF,IH2006,2020-03-02 09:34:10.700,2837.4000,14548,-1,500931240.000,1,0,1,双平,S,2836.8000,2836.2000,2836.0000,2835.0000,2828.8000,2838.0000,2838.6000,2838.8000,2839.0000,2840.0000,1,4,1,3,1,3,1,1,1,4
SF,IH2006,2020-03-02 09:34:11.200,2837.4000,14548,0,500931240.000,0,-,-,-,-,2836.8000,2836.2000,2836.0000,2835.0000,2828.8000,2838.0000,2838.6000,2838.8000,2839.0000,2840.0000,1,4,1,3,1,3,1,1,1,4
SF,IH2006,2020-03-02 09:34:12.200,2837.4000,14548,0,500931240.000,0,-,-,-,-,2836.8000,2836.2000,2836.0000,2835.0000,2828.8000,2837.8000,2838.0000,2838.6000,2838.8000,2839.0000,1,4,1,3,1,1,3,1,1,1
SF,IH2006,2020-03-02 09:34:12.700,2837.4000,14548,0,500931240.000,0,-,-,-,-,2837.0000,2836.8000,2836.2000,2836.0000,2835.0000,2837.8000,2838.0000,2838.6000,2838.8000,2840.0000,1,1,4,1,3,2,3,1,1,4
SF,IH2006,2020-03-02 09:34:13.200,2837.8000,14547,-1,501782580.000,1,0,1,双平,S,2837.0000,2836.8000,2836.2000,2836.0000,2835.0000,2837.8000,2838.0000,2838.6000,2838.8000,2840.0000,1,1,4,1,3,1,3,1,1,4
SF,IH2006,2020-03-02 09:34:13.700,2837.8000,14547,0,501782580.000,0,-,-,-,-,2837.0000,2836.8000,2836.2000,2836.0000,2835.0000,2837.8000,2838.0000,2838.8000,2840.0000,2840.2000,1,1,4,1,3,1,3,1,4,2
SF,IH2006,2020-03-02 09:34:14.200,2837.8000,14547,0,501782580.000,0,-,-,-,-,2836.8000,2836.2000,2836.0000,2835.0000,2828.8000,2837.8000,2838.0000,2838.8000,2840.0000,2840.2000,1,4,1,3,1,1,3,1,4,2
SF,IH2006,2020-03-02 09:34:14.700,2837.8000,14547,0,501782580.000,0,-,-,-,-,2837.0000,2836.8000,2836.2000,2836.0000,2835.0000,2837.8000,2838.0000,2838.8000,2840.0000,2840.2000,1,1,4,1,3,1,3,1,4,2
SF,IH2006,2020-03-02 09:34:15.200,2837.8000,14547,0,501782580.000,0,-,-,-,-,2836.8000,2836.2000,2836.0000,2835.0000,2828.8000,2837.8000,2838.0000,2838.8000,2840.0000,2840.2000,1,4,1,3,1,1,3,1,4,2
SF,IH2006,2020-03-02 09:34:15.700,2837.8000,14547,0,501782580.000,0,-,-,-,-,2837.0000,2836.8000,2836.0000,2835.8000,2835.0000,2838.0000,2838.8000,2840.0000,2840.2000,2840.6000,1,1,1,4,3,3,1,4,2,1
SF,IH2006,2020-03-02 09:34:16.200,2837.8000,14547,0,501782580.000,0,-,-,-,-,2836.8000,2836.0000,2835.8000,2835.0000,2828.8000,2838.0000,2838.8000,2840.0000,2840.2000,2840.6000,1,1,4,3,1,3,1,4,2,1
SF,IH2006,2020-03-02 09:34:16.700,2837.8000,14547,0,501782580.000,0,-,-,-,-,2836.8000,2836.0000,2835.0000,2828.8000,2826.4000,2838.0000,2838.8000,2840.0000,2840.2000,2840.6000,1,1,3,1,1,3,1,4,2,1
SF,IH2006,2020-03-02 09:34:17.700,2836.8000,14546,-1,502633620.000,1,0,1,双平,S,2836.0000,2835.0000,2828.8000,2826.4000,2825.4000,2838.0000,2838.8000,2840.0000,2840.2000,2840.6000,1,3,1,1,3,3,1,4,2,1
SF,IH2006,2020-03-02 09:34:18.200,2836.8000,14546,0,502633620.000,0,-,-,-,-,2836.2000,2836.0000,2835.2000,2835.0000,2828.8000,2838.0000,2838.8000,2840.0000,2840.2000,2840.6000,7,2,4,3,1,3,1,4,2,1
SF,IH2006,2020-03-02 09:34:18.700,2836.8000,14546,0,502633620.000,0,-,-,-,-,2836.8000,2836.2000,2836.0000,2835.0000,2828.8000,2837.8000,2838.0000,2838.8000,2840.0000,2840.2000,1,7,2,3,1,1,4,1,4,2
SF,IH2006,2020-03-02 09:34:19.200,2836.8000,14542,-4,508590000.000,7,1,6,多平,S,2836.0000,2835.0000,2828.8000,2826.4000,2825.4000,2836.8000,2837.6000,2837.8000,2838.0000,2838.8000,1,3,1,1,3,1,2,1,4,1
SF,IH2006,2020-03-02 09:34:19.700,2836.8000,14537,-5,512845200.000,5,0,5,双平,S,2836.2000,2836.0000,2835.0000,2828.8000,2826.4000,2836.8000,2837.6000,2838.0000,2838.8000,2840.0000,1,1,7,1,1,1,2,4,1,4
SF,IH2006,2020-03-02 09:34:20.200,2836.8000,14536,-1,513696240.000,1,0,1,双平,S,2836.0000,2835.0000,2828.8000,2826.4000,2825.4000,2837.6000,2838.0000,2838.8000,2840.0000,2840.2000,1,7,1,1,3,2,4,1,4,2
SF,IH2006,2020-03-02 09:34:20.700,2836.8000,14536,0,513696240.000,0,-,-,-,-,2836.0000,2835.0000,2828.8000,2826.4000,2825.4000,2837.4000,2837.6000,2837.8000,2838.0000,2838.8000,1,7,1,1,3,1,2,2,4,1
SF,IH2006,2020-03-02 09:34:21.200,2836.8000,14536,0,513696240.000,0,-,-,-,-,2836.0000,2835.0000,2828.8000,2826.4000,2825.4000,2837.2000,2837.4000,2837.8000,2838.0000,2838.8000,1,7,1,1,3,2,2,2,4,1
SF,IH2006,2020-03-02 09:34:21.700,2836.8000,14536,0,513696240.000,0,-,-,-,-,2836.0000,2835.0000,2828.8000,2826.4000,2825.4000,2837.0000,2837.2000,2837.4000,2837.8000,2838.0000,1,7,1,1,3,1,2,1,2,4
SF,IH2006,2020-03-02 09:34:22.200,2836.8000,14536,0,513696240.000,0,-,-,-,-,2836.0000,2835.0000,2828.8000,2826.4000,2825.4000,2837.0000,2837.2000,2837.4000,2837.8000,2838.0000,1,7,1,1,3,1,2,1,2,3
SF,IH2006,2020-03-02 09:34:22.700,2836.8000,14536,0,513696240.000,0,-,-,-,-,2836.0000,2835.0000,2828.8000,2826.4000,2825.4000,2836.8000,2837.0000,2837.2000,2837.8000,2838.0000,1,7,1,1,3,2,1,1,2,3
SF,IH2006,2020-03-02 09:34:23.200,2836.8000,14536,0,513696240.000,0,-,-,-,-,2836.0000,2835.0000,2828.8000,2826.4000,2825.4000,2836.8000,2837.0000,2837.2000,2837.8000,2838.0000,1,7,1,1,3,1,1,1,2,3
SF,IH2006,2020-03-02 09:34:23.700,2836.0000,14535,-1,514547040.000,1,0,1,双平,S,2835.0000,2828.8000,2826.4000,2825.4000,2825.0000,2836.8000,2837.0000,2837.2000,2837.8000,2838.0000,7,1,1,3,10,1,1,1,2,3
SF,IH2006,2020-03-02 09:34:24.200,2836.0000,14535,0,514547040.000,0,-,-,-,-,2835.6000,2835.2000,2835.0000,2828.8000,2826.4000,2836.6000,2836.8000,2837.2000,2837.8000,2838.0000,1,2,7,1,1,2,2,1,2,3
SF,IH2006,2020-03-02 09:34:24.700,2836.0000,14535,0,514547040.000,0,-,-,-,-,2835.6000,2835.2000,2835.0000,2828.8000,2826.4000,2836.8000,2837.2000,2837.8000,2838.0000,2840.0000,1,1,7,1,1,2,1,2,3,4
SF,IH2006,2020-03-02 09:34:25.200,2836.8000,14534,-1,516249120.000,2,0,2,多平,S,2836.0000,2835.8000,2835.6000,2835.0000,2828.8000,2837.2000,2837.8000,2838.0000,2840.0000,2840.2000,1,4,1,7,1,1,2,3,4,2
SF,IH2006,2020-03-02 09:34:25.700,2836.0000,14532,-2,517950780.000,2,0,2,双平,S,2835.8000,2835.6000,2835.0000,2828.8000,2826.4000,2837.0000,2837.8000,2838.0000,2840.0000,2840.2000,1,1,7,1,1,3,2,3,4,2
SF,IH2006,2020-03-02 09:34:26.200,2836.0000,14532,0,517950780.000,0,-,-,-,-,2835.6000,2835.0000,2828.8000,2826.4000,2825.4000,2837.0000,2837.8000,2838.0000,2840.0000,2840.2000,1,7,1,1,3,2,2,2,4,2
SF,IH2006,2020-03-02 09:34:26.700,2836.0000,14532,0,517950780.000,0,-,-,-,-,2835.0000,2828.8000,2826.4000,2825.4000,2825.0000,2836.8000,2837.0000,2837.8000,2838.0000,2840.0000,7,1,1,3,10,3,2,1,2,4
SF,IH2006,2020-03-02 09:34:27.200,2836.0000,14532,0,517950780.000,0,-,-,-,-,2835.0000,2828.8000,2826.4000,2825.4000,2825.0000,2836.6000,2836.8000,2837.0000,2837.8000,2838.0000,7,1,1,3,10,3,4,1,1,2
SF,IH2006,2020-03-02 09:34:27.700,2836.0000,14532,0,517950780.000,0,-,-,-,-,2835.6000,2835.2000,2835.0000,2828.8000,2826.4000,2836.6000,2836.8000,2837.0000,2837.8000,2838.0000,1,3,7,1,1,3,4,1,1,2
SF,IH2006,2020-03-02 09:34:28.200,2835.6000,14532,0,518801460.000,1,0,1,多换,S,2835.2000,2835.0000,2828.8000,2826.4000,2825.4000,2836.4000,2836.6000,2836.8000,2837.0000,2837.8000,3,7,1,1,3,1,1,3,2,1
SF,IH2006,2020-03-02 09:34:28.700,2835.6000,14532,0,518801460.000,0,-,-,-,-,2835.0000,2834.6000,2828.8000,2826.4000,2825.4000,2836.4000,2836.8000,2837.0000,2837.8000,2838.0000,3,4,1,1,3,1,4,1,1,1
SF,IH2006,2020-03-02 09:34:29.200,2836.4000,14531,-1,519652380.000,1,0,1,双平,S,2836.4000,2836.2000,2836.0000,2835.6000,2835.4000,2836.8000,2837.0000,2837.8000,2838.0000,2840.0000,1,2,1,3,1,4,1,1,1,4
