市场代码,合约代码,时间,最新,持仓,增仓,成交额,成交量,开仓,平仓,成交类型,方向,买一价,买二价,买三价,买四价,买五价,卖一价,卖二价,卖三价,卖四价,卖五价,买一量,买二量,买三量,买四量,买五量,卖一量,卖二量,卖三量,卖四量,卖五量
SF,IH2004,2020-02-24 09:29:00.300,2949.8000,1,0,884940.000,1.000,-,-,-,-,2938.0000,2933.0000,2931.6000,2931.4000,2929.8000,2950.0000,2950.6000,2952.2000,2965.4000,2967.6000,1,1,1,1,1,1,1,1,1,1
SF,IH2004,2020-02-24 09:30:00.300,2949.8000,1,0,884940.000,0,-,-,-,-,2940.4000,2938.8000,2938.2000,2938.0000,2933.0000,2950.0000,2950.6000,2952.2000,2967.6000,2980.0000,1,2,2,1,1,1,1,1,1,1
SF,IH2004,2020-02-24 09:30:00.800,2949.8000,1,0,884940.000,0,-,-,-,-,2940.6000,2940.4000,2940.2000,2938.8000,2938.2000,2950.0000,2967.6000,2980.0000,3035.6000,3176.2000,2,1,1,2,4,1,1,1,1,4
SF,IH2004,2020-02-24 09:30:01.300,2949.8000,1,0,884940.000,0,-,-,-,-,2940.8000,2940.6000,2940.4000,2940.2000,2938.8000,2950.0000,2980.0000,3035.6000,3176.2000,3249.0000,1,2,1,1,2,1,1,1,4,1
SF,IH2004,2020-02-24 09:30:01.800,2950.0000,2,1,1769940.000,1,1,0,双开,S,2941.0000,2940.6000,2940.2000,2938.8000,2938.2000,2980.0000,3035.6000,3176.2000,3249.0000,0.0000,1,1,1,2,3,1,1,4,1,0
SF,IH2004,2020-02-24 09:30:02.300,2950.0000,2,0,1769940.000,0,-,-,-,-,2950.0000,2941.2000,2941.0000,2940.6000,2940.2000,2975.2000,2976.2000,2979.0000,2979.8000,2980.0000,1,1,1,1,1,9,10,2,3,1
SF,IH2004,2020-02-24 09:30:02.800,2950.0000,2,0,1769940.000,0,-,-,-,-,2950.2000,2950.0000,2940.2000,2938.8000,2938.2000,2975.0000,2979.0000,2980.0000,3035.6000,3176.2000,1,1,1,2,3,3,2,1,1,4
SF,IH2004,2020-02-24 09:30:03.300,2950.0000,2,0,1769940.000,0,-,-,-,-,2950.2000,2950.0000,2940.2000,2938.8000,2938.2000,2975.0000,2980.0000,3035.6000,3176.2000,3249.0000,1,1,1,2,3,3,1,1,4,1
SF,IH2004,2020-02-24 09:30:03.800,2950.0000,2,0,1769940.000,0,-,-,-,-,2950.2000,2950.0000,2940.2000,2938.8000,2938.2000,2974.8000,2975.0000,2980.0000,3035.6000,3176.2000,1,1,1,1,1,1,3,1,1,4
SF,IH2004,2020-02-24 09:30:04.300,2950.0000,2,0,1769940.000,0,-,-,-,-,2950.2000,2950.0000,2940.2000,2938.8000,2938.2000,2974.6000,2974.8000,2975.0000,2980.0000,3035.6000,1,1,1,1,1,1,1,1,1,1
SF,IH2004,2020-02-24 09:30:04.800,2950.0000,2,0,1769940.000,0,-,-,-,-,2950.2000,2950.0000,2940.2000,2938.8000,2938.2000,2974.4000,2974.6000,2975.0000,2980.0000,3035.6000,1,1,1,1,1,1,1,1,1,1
SF,IH2004,2020-02-24 09:30:05.300,2950.0000,2,0,1769940.000,0,-,-,-,-,2950.2000,2950.0000,2940.2000,2938.8000,2938.2000,2974.2000,2974.4000,2975.0000,2980.0000,3035.6000,1,1,1,1,1,2,1,1,1,1
SF,IH2004,2020-02-24 09:30:05.800,2950.0000,2,0,1769940.000,0,-,-,-,-,2950.2000,2950.0000,2940.2000,2938.8000,2938.2000,2974.0000,2974.2000,2974.4000,2980.0000,3035.6000,1,1,1,1,1,1,1,1,1,1
SF,IH2004,2020-02-24 09:30:06.300,2950.0000,2,0,1769940.000,0,-,-,-,-,2950.2000,2950.0000,2940.2000,2938.8000,2938.2000,2973.8000,2974.0000,2974.4000,2980.0000,3035.6000,1,1,1,1,1,2,1,1,1,1
SF,IH2004,2020-02-24 09:30:06.800,2950.0000,2,0,1769940.000,0,-,-,-,-,2950.2000,2950.0000,2940.2000,2938.8000,2938.2000,2973.6000,2973.8000,2974.4000,2980.0000,3035.6000,1,1,1,1,1,1,2,1,1,1
SF,IH2004,2020-02-24 09:30:07.300,2950.0000,2,0,1769940.000,0,-,-,-,-,2950.2000,2950.0000,2940.2000,2938.8000,2938.2000,2973.4000,2973.8000,2980.0000,3035.6000,3176.2000,1,1,1,1,1,1,1,1,1,4
SF,IH2004,2020-02-24 09:30:07.800,2950.0000,2,0,1769940.000,0,-,-,-,-,2950.2000,2950.0000,2940.2000,2938.8000,2938.2000,2973.2000,2973.4000,2973.8000,2980.0000,3035.6000,1,1,1,1,1,2,1,1,1,1
SF,IH2004,2020-02-24 09:30:08.300,2950.0000,2,0,1769940.000,0,-,-,-,-,2950.2000,2950.0000,2940.2000,2938.8000,2938.2000,2973.0000,2973.2000,2973.8000,2980.0000,3035.6000,1,1,1,1,1,2,1,1,1,1
SF,IH2004,2020-02-24 09:30:08.800,2950.2000,3,1,2655000.000,1,1,0,双开,S,2950.0000,2940.2000,2938.8000,2938.2000,2938.0000,2950.2000,2972.0000,2973.0000,2973.2000,2980.0000,1,1,1,1,1,12,1,2,1,1
SF,IH2004,2020-02-24 09:30:09.300,2950.2000,6,3,5310120.000,3,3,0,双开,S,2940.2000,2938.8000,2938.2000,2938.0000,2871.8000,2950.0000,2950.2000,2972.0000,2973.0000,2980.0000,1,1,1,1,1,1,10,1,1,1
SF,IH2004,2020-02-24 09:30:09.800,2950.2000,6,0,5310120.000,0,-,-,-,-,2940.4000,2940.2000,2938.8000,2938.2000,2938.0000,2972.0000,2973.0000,2980.0000,3035.6000,3176.2000,2,1,1,1,1,1,1,1,1,4
SF,IH2004,2020-02-24 09:30:10.300,2950.2000,6,0,5310120.000,0,-,-,-,-,2940.4000,2940.2000,2938.8000,2938.2000,2938.0000,2971.8000,2972.0000,2980.0000,3035.6000,3176.2000,2,1,1,1,1,3,1,1,1,4
SF,IH2004,2020-02-24 09:30:10.800,2950.2000,6,0,5310120.000,0,-,-,-,-,2941.4000,2940.4000,2940.2000,2938.8000,2938.2000,2971.8000,2972.0000,2980.0000,3035.6000,3176.2000,1,2,1,1,1,3,1,1,1,4
SF,IH2004,2020-02-24 09:30:11.300,2950.2000,6,0,5310120.000,0,-,-,-,-,2941.6000,2941.4000,2940.2000,2938.8000,2938.2000,2968.8000,2969.0000,2971.6000,2971.8000,2980.0000,2,1,1,1,1,1,1,1,3,1
SF,IH2004,2020-02-24 09:30:11.800,2950.2000,6,0,5310120.000,0,-,-,-,-,2941.6000,2941.4000,2940.2000,2938.8000,2938.2000,2958.8000,2968.6000,2968.8000,2969.0000,2980.0000,2,1,1,1,1,2,2,1,1,1
SF,IH2004,2020-02-24 09:30:12.300,2950.2000,6,0,5310120.000,0,-,-,-,-,2941.6000,2941.4000,2940.2000,2938.8000,2938.2000,2955.8000,2958.6000,2958.8000,2968.8000,2969.0000,1,1,1,1,1,1,1,2,1,1
SF,IH2004,2020-02-24 09:30:12.800,2950.2000,6,0,5310120.000,0,-,-,-,-,2941.6000,2940.2000,2938.8000,2938.2000,2938.0000,2955.6000,2955.8000,2958.8000,2968.8000,2969.0000,1,1,1,1,1,1,1,2,1,1
SF,IH2004,2020-02-24 09:30:13.300,2950.2000,6,0,5310120.000,0,-,-,-,-,2941.6000,2940.2000,2938.8000,2938.2000,2938.0000,2955.6000,2955.8000,2958.8000,2969.0000,2980.0000,1,1,1,1,1,1,1,2,1,1
SF,IH2004,2020-02-24 09:30:13.800,2950.2000,6,0,5310120.000,0,-,-,-,-,2943.6000,2942.0000,2941.8000,2941.6000,2940.2000,2955.2000,2955.6000,2955.8000,2958.8000,2969.0000,1,2,1,1,1,1,1,1,2,1
SF,IH2004,2020-02-24 09:30:14.300,2950.2000,6,0,5310120.000,0,-,-,-,-,2943.8000,2943.6000,2942.0000,2941.8000,2940.2000,2955.0000,2955.2000,2955.8000,2958.8000,2969.0000,1,1,2,1,1,2,1,1,2,1
SF,IH2004,2020-02-24 09:30:14.800,2950.2000,6,0,5310120.000,0,-,-,-,-,2943.8000,2943.6000,2942.0000,2941.8000,2940.2000,2955.0000,2955.2000,2955.8000,2958.8000,2969.0000,1,1,2,1,1,1,1,1,2,1
SF,IH2004,2020-02-24 09:30:15.300,2950.2000,6,0,5310120.000,0,-,-,-,-,2944.2000,2943.8000,2943.6000,2942.0000,2941.8000,2954.6000,2955.0000,2955.2000,2958.8000,2969.0000,1,1,1,2,1,1,1,1,2,1
SF,IH2004,2020-02-24 09:30:15.800,2950.2000,6,0,5310120.000,0,-,-,-,-,2944.4000,2944.2000,2943.6000,2942.0000,2941.8000,2954.4000,2954.6000,2955.0000,2955.2000,2958.8000,1,1,1,2,1,1,1,1,1,2
SF,IH2004,2020-02-24 09:30:16.300,2950.2000,6,0,5310120.000,0,-,-,-,-,2944.4000,2943.6000,2942.0000,2941.8000,2940.2000,2954.4000,2954.6000,2955.0000,2955.2000,2958.8000,1,1,2,1,1,1,1,1,1,2
SF,IH2004,2020-02-24 09:30:16.800,2950.2000,6,0,5310120.000,0,-,-,-,-,2944.4000,2943.6000,2942.0000,2941.8000,2940.2000,2954.0000,2954.6000,2955.2000,2958.8000,2969.0000,1,1,2,1,1,1,1,1,2,1
SF,IH2004,2020-02-24 09:30:17.800,2950.2000,6,0,5310120.000,0,-,-,-,-,2944.4000,2943.6000,2941.8000,2940.2000,2938.8000,2954.0000,2954.6000,2969.0000,2980.0000,3035.6000,1,1,1,1,1,1,1,1,1,1
SF,IH2004,2020-02-24 09:30:20.300,2950.2000,6,0,5310120.000,0,-,-,-,-,2944.4000,2943.6000,2941.8000,2940.2000,2938.8000,2954.0000,2954.6000,2969.0000,2980.0000,3035.6000,1,1,1,1,1,1,1,1,1,1
SF,IH2004,2020-02-24 09:30:23.300,2950.2000,6,0,5310120.000,0,-,-,-,-,2945.2000,2944.6000,2944.4000,2943.6000,2941.8000,2954.0000,2954.6000,2969.0000,2980.0000,3035.6000,1,1,1,1,1,1,1,1,1,1
SF,IH2004,2020-02-24 09:30:23.800,2950.2000,6,0,5310120.000,0,-,-,-,-,2945.4000,2945.2000,2944.6000,2943.6000,2940.2000,2954.0000,2954.6000,2969.0000,2980.0000,3035.6000,1,1,1,1,1,1,1,1,1,1
SF,IH2004,2020-02-24 09:30:24.800,2950.2000,6,0,5310120.000,0,-,-,-,-,2945.4000,2945.2000,2944.6000,2940.2000,2938.8000,2954.0000,2969.0000,2980.0000,3035.6000,3176.2000,1,1,1,1,1,1,1,1,1,4
SF,IH2004,2020-02-24 09:30:25.800,2950.2000,6,0,5310120.000,0,-,-,-,-,2945.4000,2945.2000,2944.6000,2940.2000,2938.8000,2969.0000,2980.0000,3035.6000,3176.2000,3249.0000,1,1,1,1,1,1,1,1,4,1
SF,IH2004,2020-02-24 09:30:26.300,2950.2000,6,0,5310120.000,0,-,-,-,-,2945.4000,2945.2000,2944.6000,2940.2000,2938.8000,2968.8000,2969.0000,2980.0000,3035.6000,3176.2000,1,1,1,1,1,4,1,1,1,4
SF,IH2004,2020-02-24 09:30:26.800,2950.2000,6,0,5310120.000,0,-,-,-,-,2945.4000,2945.2000,2944.6000,2940.2000,2938.8000,2961.8000,2968.8000,2969.0000,2980.0000,3035.6000,1,1,1,1,1,2,4,1,1,1
SF,IH2004,2020-02-24 09:30:27.300,2950.2000,6,0,5310120.000,0,-,-,-,-,2945.4000,2945.2000,2944.6000,2940.2000,2938.8000,2961.6000,2961.8000,2968.8000,2969.0000,2980.0000,1,1,1,1,1,1,2,1,1,1
SF,IH2004,2020-02-24 09:30:28.300,2950.2000,6,0,5310120.000,0,-,-,-,-,2945.4000,2945.2000,2944.6000,2940.2000,2938.8000,2961.4000,2961.6000,2961.8000,2968.8000,2969.0000,1,1,1,1,1,1,1,2,1,1
SF,IH2004,2020-02-24 09:30:28.800,2950.2000,6,0,5310120.000,0,-,-,-,-,2945.4000,2945.2000,2944.6000,2940.2000,2938.8000,2961.2000,2961.4000,2961.8000,2968.8000,2969.0000,1,1,1,1,1,1,1,2,1,1
SF,IH2004,2020-02-24 09:30:29.300,2950.2000,6,0,5310120.000,0,-,-,-,-,2945.4000,2945.2000,2944.6000,2940.2000,2938.2000,2961.2000,2961.8000,2968.8000,2969.0000,2980.0000,1,1,1,1,2,1,2,1,1,1
SF,IH2004,2020-02-24 09:30:29.800,2950.2000,6,0,5310120.000,0,-,-,-,-,2945.4000,2945.2000,2940.2000,2938.2000,2871.8000,2959.6000,2961.2000,2968.8000,2969.0000,2980.0000,1,1,1,2,1,2,1,1,1,1
SF,IH2004,2020-02-24 09:30:30.300,2950.2000,6,0,5310120.000,0,-,-,-,-,2945.4000,2945.2000,2940.2000,2938.2000,2871.8000,2959.4000,2959.6000,2968.8000,2969.0000,2980.0000,1,1,1,2,1,1,2,1,1,1
SF,IH2004,2020-02-24 09:30:30.800,2950.2000,6,0,5310120.000,0,-,-,-,-,2945.6000,2945.4000,2945.2000,2940.2000,2938.2000,2959.4000,2959.6000,2968.8000,2969.0000,2980.0000,1,1,1,1,2,1,2,1,1,1
SF,IH2004,2020-02-24 09:30:31.300,2950.2000,6,0,5310120.000,0,-,-,-,-,2945.8000,2945.6000,2945.2000,2940.2000,2938.2000,2959.4000,2959.6000,2968.8000,2969.0000,2980.0000,1,1,1,1,2,1,2,1,1,1
SF,IH2004,2020-02-24 09:30:32.300,2950.2000,6,0,5310120.000,0,-,-,-,-,2947.6000,2945.8000,2945.6000,2945.2000,2940.2000,2959.4000,2959.6000,2968.8000,2969.0000,2980.0000,1,1,1,1,1,1,2,1,1,1
SF,IH2004,2020-02-24 09:30:32.800,2950.2000,6,0,5310120.000,0,-,-,-,-,2947.8000,2947.6000,2945.6000,2945.2000,2940.2000,2959.4000,2968.8000,2969.0000,2980.0000,3035.6000,1,1,1,1,1,1,1,1,1,1
SF,IH2004,2020-02-24 09:30:33.800,2950.2000,6,0,5310120.000,0,-,-,-,-,2949.0000,2947.8000,2947.6000,2945.6000,2945.2000,2959.4000,2968.8000,2969.0000,2980.0000,3035.6000,1,1,1,1,1,1,1,1,1,1
SF,IH2004,2020-02-24 09:30:34.300,2950.2000,6,0,5310120.000,0,-,-,-,-,2949.2000,2949.0000,2947.6000,2945.2000,2940.2000,2959.4000,2968.8000,2969.0000,2980.0000,3035.6000,1,1,1,1,1,1,1,1,1,1
SF,IH2004,2020-02-24 09:30:35.300,2950.2000,6,0,5310120.000,0,-,-,-,-,2949.2000,2949.0000,2940.2000,2938.2000,2871.8000,2959.4000,2968.8000,2969.0000,2980.0000,3035.6000,1,1,1,2,1,1,1,1,1,1
SF,IH2004,2020-02-24 09:30:35.800,2950.2000,6,0,5310120.000,0,-,-,-,-,2949.2000,2949.0000,2940.2000,2938.2000,2871.8000,2958.8000,2959.4000,2968.8000,2969.0000,2980.0000,1,1,1,2,1,1,1,1,1,1
SF,IH2004,2020-02-24 09:30:36.300,2950.2000,6,0,5310120.000,0,-,-,-,-,2949.2000,2949.0000,2940.2000,2938.2000,2871.8000,2958.6000,2958.8000,2968.8000,2969.0000,2980.0000,1,1,1,2,1,1,1,1,1,1
SF,IH2004,2020-02-24 09:30:41.300,2950.2000,6,0,5310120.000,0,-,-,-,-,2949.2000,2949.0000,2940.2000,2938.2000,2871.8000,2957.6000,2958.6000,2958.8000,2968.8000,2969.0000,1,1,1,2,1,2,1,1,1,1
SF,IH2004,2020-02-24 09:30:41.800,2950.2000,6,0,5310120.000,0,-,-,-,-,2949.2000,2949.0000,2940.2000,2938.2000,2871.8000,2957.4000,2957.6000,2958.8000,2968.8000,2969.0000,1,1,1,2,1,1,2,1,1,1
SF,IH2004,2020-02-24 09:30:44.300,2950.2000,6,0,5310120.000,0,-,-,-,-,2949.2000,2949.0000,2940.2000,2938.2000,2871.8000,2957.4000,2958.8000,2968.8000,2969.0000,2980.0000,1,1,1,2,1,1,1,1,1,1
SF,IH2004,2020-02-24 09:30:45.300,2950.2000,6,0,5310120.000,0,-,-,-,-,2949.2000,2949.0000,2940.2000,2938.2000,2871.8000,2957.2000,2957.4000,2958.8000,2968.8000,2969.0000,1,1,1,2,1,1,1,1,1,1
SF,IH2004,2020-02-24 09:30:45.800,2950.2000,6,0,5310120.000,0,-,-,-,-,2949.2000,2949.0000,2940.2000,2938.2000,2871.8000,2957.0000,2957.2000,2968.8000,2969.0000,2980.0000,1,1,1,2,1,1,1,1,1,1
SF,IH2004,2020-02-24 09:30:46.300,2950.2000,6,0,5310120.000,0,-,-,-,-,2949.2000,2949.0000,2940.2000,2938.2000,2871.8000,2957.0000,2957.2000,2968.8000,2969.0000,2980.0000,1,1,1,2,1,2,1,1,1,1
SF,IH2004,2020-02-24 09:30:50.300,2950.2000,6,0,5310120.000,0,-,-,-,-,2949.2000,2949.0000,2946.8000,2940.2000,2938.2000,2957.0000,2968.8000,2969.0000,2980.0000,3035.6000,1,1,1,1,2,2,1,1,1,1
SF,IH2004,2020-02-24 09:30:51.800,2950.2000,6,0,5310120.000,0,-,-,-,-,2949.2000,2949.0000,2946.8000,2940.2000,2938.2000,2956.6000,2957.0000,2968.8000,2969.0000,2980.0000,1,1,1,1,2,2,2,1,1,1
SF,IH2004,2020-02-24 09:30:52.300,2950.2000,6,0,5310120.000,0,-,-,-,-,2949.2000,2949.0000,2946.8000,2940.2000,2938.2000,2956.4000,2956.6000,2957.0000,2968.8000,2969.0000,1,1,1,1,2,1,2,1,1,1
SF,IH2004,2020-02-24 09:30:52.800,2950.2000,6,0,5310120.000,0,-,-,-,-,2949.2000,2949.0000,2946.8000,2940.2000,2938.2000,2956.4000,2956.6000,2968.8000,2969.0000,2980.0000,1,1,1,1,2,1,2,1,1,1
SF,IH2004,2020-02-24 09:30:53.800,2950.2000,6,0,5310120.000,0,-,-,-,-,2949.2000,2949.0000,2946.8000,2940.2000,2938.2000,2956.2000,2956.4000,2956.6000,2968.8000,2969.0000,1,1,1,1,2,1,1,2,1,1
SF,IH2004,2020-02-24 09:30:54.300,2950.2000,6,0,5310120.000,0,-,-,-,-,2949.2000,2949.0000,2946.8000,2940.2000,2938.2000,2956.0000,2956.2000,2956.6000,2968.8000,2969.0000,1,1,1,1,2,1,1,2,1,1
SF,IH2004,2020-02-24 09:30:54.800,2950.2000,6,0,5310120.000,0,-,-,-,-,2949.2000,2949.0000,2946.8000,2940.2000,2938.2000,2956.0000,2956.2000,2968.8000,2969.0000,2980.0000,1,1,1,1,2,1,1,1,1,1
SF,IH2004,2020-02-24 09:30:55.300,2950.2000,6,0,5310120.000,0,-,-,-,-,2949.2000,2949.0000,2946.8000,2940.2000,2938.2000,2956.2000,2968.8000,2969.0000,2980.0000,3035.6000,1,1,1,1,2,1,1,1,1,1
SF,IH2004,2020-02-24 09:30:57.800,2950.2000,6,0,5310120.000,0,-,-,-,-,2949.2000,2949.0000,2946.8000,2940.2000,2938.2000,2955.6000,2956.2000,2968.8000,2969.0000,2980.0000,1,1,1,1,2,1,1,1,1,1
SF,IH2004,2020-02-24 09:31:01.300,2950.2000,6,0,5310120.000,0,-,-,-,-,2949.2000,2949.0000,2946.8000,2940.2000,2938.2000,2968.8000,2969.0000,2980.0000,3035.6000,3176.2000,1,1,1,1,2,1,1,1,1,4
SF,IH2004,2020-02-24 09:31:01.800,2950.2000,6,0,5310120.000,0,-,-,-,-,2949.2000,2949.0000,2946.8000,2940.2000,2938.2000,2968.6000,2968.8000,2969.0000,2980.0000,3035.6000,1,1,1,1,2,4,1,1,1,1
SF,IH2004,2020-02-24 09:31:02.300,2950.2000,6,0,5310120.000,0,-,-,-,-,2949.2000,2949.0000,2946.8000,2940.2000,2938.2000,2968.4000,2968.6000,2969.0000,2980.0000,3035.6000,1,1,1,1,2,1,3,1,1,1
SF,IH2004,2020-02-24 09:31:02.800,2950.2000,6,0,5310120.000,0,-,-,-,-,2949.2000,2949.0000,2946.8000,2940.2000,2938.2000,2968.2000,2968.4000,2968.6000,2969.0000,2980.0000,1,1,1,1,2,1,1,1,1,1
SF,IH2004,2020-02-24 09:31:03.300,2950.2000,6,0,5310120.000,0,-,-,-,-,2949.2000,2949.0000,2946.8000,2940.2000,2938.2000,2968.0000,2968.2000,2968.4000,2968.6000,2969.0000,1,1,1,1,2,3,1,1,1,1
SF,IH2004,2020-02-24 09:31:03.800,2950.2000,6,0,5310120.000,0,-,-,-,-,2949.2000,2949.0000,2946.8000,2940.2000,2938.2000,2967.8000,2968.0000,2968.4000,2968.6000,2969.0000,1,1,1,1,2,1,3,1,1,1
SF,IH2004,2020-02-24 09:31:04.300,2950.2000,6,0,5310120.000,0,-,-,-,-,2950.0000,2949.2000,2949.0000,2946.8000,2940.2000,2967.8000,2968.0000,2968.4000,2969.0000,2980.0000,1,1,1,1,1,1,1,1,1,1
SF,IH2004,2020-02-24 09:31:04.800,2950.2000,6,0,5310120.000,0,-,-,-,-,2950.2000,2950.0000,2949.0000,2946.8000,2940.2000,2967.8000,2968.0000,2968.4000,2969.0000,2980.0000,1,1,1,1,1,1,1,1,1,1
SF,IH2004,2020-02-24 09:31:05.300,2950.2000,6,0,5310120.000,0,-,-,-,-,2950.2000,2950.0000,2949.0000,2946.8000,2940.2000,2967.6000,2967.8000,2968.0000,2968.4000,2969.0000,1,1,1,1,1,2,1,1,1,1
SF,IH2004,2020-02-24 09:31:05.800,2950.2000,6,0,5310120.000,0,-,-,-,-,2950.2000,2950.0000,2949.0000,2946.8000,2940.2000,2967.4000,2968.0000,2968.4000,2969.0000,2980.0000,1,1,1,1,1,2,1,1,1,1
SF,IH2004,2020-02-24 09:31:06.800,2950.2000,6,0,5310120.000,0,-,-,-,-,2950.2000,2950.0000,2949.0000,2946.8000,2940.2000,2967.2000,2967.4000,2968.0000,2968.4000,2969.0000,1,1,1,1,1,2,2,1,1,1
SF,IH2004,2020-02-24 09:31:07.300,2950.2000,6,0,5310120.000,0,-,-,-,-,2950.2000,2950.0000,2949.0000,2946.8000,2940.2000,2967.0000,2967.4000,2968.4000,2969.0000,2980.0000,1,1,1,1,1,1,1,1,1,1
SF,IH2004,2020-02-24 09:31:07.800,2950.2000,6,0,5310120.000,0,-,-,-,-,2950.2000,2950.0000,2949.0000,2946.8000,2940.2000,2966.8000,2967.0000,2967.4000,2968.4000,2969.0000,1,1,1,1,1,1,1,1,1,1
SF,IH2004,2020-02-24 09:31:08.300,2950.2000,6,0,5310120.000,0,-,-,-,-,2950.2000,2950.0000,2949.0000,2946.8000,2940.2000,2966.6000,2966.8000,2967.4000,2968.4000,2969.0000,1,1,1,1,1,3,1,1,1,1
SF,IH2004,2020-02-24 09:31:08.800,2950.2000,6,0,5310120.000,0,-,-,-,-,2950.2000,2950.0000,2949.0000,2946.8000,2940.2000,2961.8000,2966.6000,2966.8000,2968.4000,2969.0000,1,1,1,1,1,1,1,1,1,1
SF,IH2004,2020-02-24 09:31:09.300,2950.2000,6,0,5310120.000,0,-,-,-,-,2950.2000,2950.0000,2949.0000,2946.8000,2940.2000,2961.6000,2961.8000,2968.4000,2969.0000,2980.0000,1,1,1,1,1,1,1,1,1,1
SF,IH2004,2020-02-24 09:31:09.800,2950.2000,6,0,5310120.000,0,-,-,-,-,2950.2000,2950.0000,2949.0000,2946.8000,2940.2000,2959.6000,2961.4000,2961.6000,2961.8000,2968.4000,1,1,1,1,1,2,1,1,1,1
SF,IH2004,2020-02-24 09:31:10.300,2950.2000,6,0,5310120.000,0,-,-,-,-,2950.2000,2950.0000,2949.0000,2946.8000,2940.2000,2959.6000,2961.4000,2968.4000,2969.0000,2980.0000,1,1,1,1,1,2,1,1,1,1
SF,IH2004,2020-02-24 09:31:12.300,2950.2000,6,0,5310120.000,0,-,-,-,-,2950.2000,2950.0000,2949.0000,2946.8000,2940.2000,2959.2000,2959.6000,2961.4000,2968.4000,2969.0000,1,1,1,1,1,1,2,1,1,1
SF,IH2004,2020-02-24 09:31:13.300,2950.2000,6,0,5310120.000,0,-,-,-,-,2950.2000,2950.0000,2949.0000,2946.8000,2940.2000,2958.8000,2959.2000,2961.4000,2968.4000,2969.0000,1,1,1,1,1,2,1,1,1,1
SF,IH2004,2020-02-24 09:31:15.300,2950.2000,6,0,5310120.000,0,-,-,-,-,2950.2000,2950.0000,2946.8000,2940.2000,2938.2000,2957.4000,2958.8000,2961.4000,2968.4000,2969.0000,1,1,1,1,2,1,2,1,1,1
SF,IH2004,2020-02-24 09:31:15.800,2950.2000,6,0,5310120.000,0,-,-,-,-,2950.2000,2950.0000,2946.8000,2940.2000,2938.2000,2957.4000,2958.6000,2958.8000,2961.4000,2968.4000,1,1,1,1,2,1,1,2,1,1
SF,IH2004,2020-02-24 09:31:16.300,2950.2000,6,0,5310120.000,0,-,-,-,-,2950.2000,2950.0000,2946.8000,2940.2000,2938.2000,2957.2000,2957.4000,2961.4000,2968.4000,2969.0000,1,1,1,1,2,2,1,1,1,1
SF,IH2004,2020-02-24 09:31:17.800,2950.2000,6,0,5310120.000,0,-,-,-,-,2951.0000,2950.2000,2950.0000,2946.8000,2940.2000,2957.2000,2957.4000,2961.4000,2968.4000,2969.0000,1,1,1,1,1,2,1,1,1,1
SF,IH2004,2020-02-24 09:31:18.300,2950.2000,6,0,5310120.000,0,-,-,-,-,2951.2000,2951.0000,2950.0000,2946.8000,2940.2000,2957.2000,2957.4000,2961.4000,2968.4000,2969.0000,1,1,1,1,1,2,1,1,1,1
SF,IH2004,2020-02-24 09:31:19.300,2950.2000,6,0,5310120.000,0,-,-,-,-,2951.2000,2951.0000,2950.0000,2946.8000,2940.2000,2957.2000,2961.4000,2968.4000,2969.0000,2980.0000,1,1,1,1,1,2,1,1,1,1
SF,IH2004,2020-02-24 09:31:20.300,2950.2000,6,0,5310120.000,0,-,-,-,-,2951.2000,2951.0000,2950.0000,2946.8000,2940.2000,2956.6000,2957.2000,2961.4000,2968.4000,2969.0000,1,1,1,1,1,1,2,1,1,1
SF,IH2004,2020-02-24 09:31:24.800,2950.2000,6,0,5310120.000,0,-,-,-,-,2951.2000,2951.0000,2950.0000,2946.8000,2940.2000,2957.2000,2968.4000,2969.0000,2980.0000,3035.6000,1,1,1,1,1,2,1,1,1,1
SF,IH2004,2020-02-24 09:31:27.800,2950.2000,6,0,5310120.000,0,-,-,-,-,2951.2000,2951.0000,2950.0000,2946.8000,2940.2000,2957.2000,2960.8000,2968.4000,2969.0000,2980.0000,1,1,1,1,1,2,2,1,1,1
SF,IH2004,2020-02-24 09:31:29.800,2950.2000,6,0,5310120.000,0,-,-,-,-,2951.2000,2951.0000,2950.0000,2946.8000,2940.2000,2957.2000,2968.4000,2969.0000,2980.0000,3035.6000,1,1,1,1,1,2,1,1,1,1
SF,IH2004,2020-02-24 09:31:30.300,2950.2000,6,0,5310120.000,0,-,-,-,-,2952.0000,2951.2000,2951.0000,2950.0000,2946.8000,2957.2000,2968.4000,2969.0000,2980.0000,3035.6000,1,1,1,1,1,2,1,1,1,1
SF,IH2004,2020-02-24 09:31:30.800,2950.2000,6,0,5310120.000,0,-,-,-,-,2952.2000,2952.0000,2951.0000,2950.0000,2946.8000,2968.4000,2969.0000,2980.0000,3035.6000,3176.2000,1,1,1,1,1,1,1,1,1,4
SF,IH2004,2020-02-24 09:31:31.300,2950.2000,6,0,5310120.000,0,-,-,-,-,2952.0000,2951.0000,2950.0000,2946.8000,2940.2000,2968.2000,2968.4000,2969.0000,2980.0000,3035.6000,2,1,1,1,1,4,1,1,1,1
SF,IH2004,2020-02-24 09:31:31.800,2950.2000,6,0,5310120.000,0,-,-,-,-,2954.4000,2952.2000,2952.0000,2951.0000,2950.0000,2960.8000,2961.2000,2968.2000,2968.4000,2969.0000,1,1,2,1,1,2,1,2,1,1
SF,IH2004,2020-02-24 09:31:32.300,2950.2000,6,0,5310120.000,0,-,-,-,-,2954.4000,2952.0000,2951.0000,2950.0000,2946.8000,2960.6000,2960.8000,2964.2000,2968.4000,2969.0000,1,1,1,1,1,1,2,2,1,1
SF,IH2004,2020-02-24 09:31:32.800,2950.2000,6,0,5310120.000,0,-,-,-,-,2954.4000,2952.0000,2951.0000,2950.0000,2946.8000,2958.6000,2959.4000,2960.6000,2960.8000,2968.4000,1,1,1,1,1,1,2,1,2,1
SF,IH2004,2020-02-24 09:31:33.300,2950.2000,6,0,5310120.000,0,-,-,-,-,2954.4000,2952.0000,2951.0000,2950.0000,2946.8000,2958.4000,2959.4000,2960.8000,2968.4000,2969.0000,1,1,1,1,1,1,2,2,1,1
SF,IH2004,2020-02-24 09:31:33.800,2950.2000,6,0,5310120.000,0,-,-,-,-,2957.2000,2954.4000,2952.0000,2951.0000,2950.0000,2957.6000,2958.4000,2959.4000,2960.8000,2968.4000,1,1,1,1,1,1,1,2,2,1
SF,IH2004,2020-02-24 09:31:34.300,2957.2000,7,1,6197280.000,1,1,0,双开,S,2954.4000,2951.0000,2950.0000,2946.8000,2940.2000,2957.0000,2957.2000,2959.4000,2960.8000,2968.4000,1,1,1,1,1,1,14,2,2,1
SF,IH2004,2020-02-24 09:31:34.800,2957.2000,7,0,6197280.000,0,-,-,-,-,2954.4000,2951.0000,2950.0000,2946.8000,2940.2000,2956.8000,2957.2000,2959.4000,2960.8000,2968.4000,1,1,1,1,1,3,13,2,2,1
SF,IH2004,2020-02-24 09:31:35.300,2957.2000,7,0,6197280.000,0,-,-,-,-,2954.4000,2951.0000,2950.0000,2946.8000,2940.2000,2956.6000,2956.8000,2957.0000,2957.2000,2968.4000,1,1,1,1,1,1,2,1,13,1
SF,IH2004,2020-02-24 09:31:35.800,2957.2000,7,0,6197280.000,0,-,-,-,-,2954.4000,2951.0000,2950.0000,2946.8000,2940.2000,2956.6000,2956.8000,2957.0000,2965.8000,2968.4000,1,1,1,1,1,1,2,1,1,1
SF,IH2004,2020-02-24 09:31:36.300,2957.2000,7,0,6197280.000,0,-,-,-,-,2954.4000,2951.0000,2950.0000,2946.8000,2940.2000,2956.6000,2956.8000,2965.8000,2968.4000,2969.0000,1,1,1,1,1,1,2,1,1,1
SF,IH2004,2020-02-24 09:31:36.800,2954.4000,8,1,7083600.000,1,1,0,双开,S,2951.0000,2950.0000,2946.8000,2940.2000,2938.2000,2954.4000,2956.8000,2965.8000,2968.4000,2969.0000,1,1,1,1,2,12,2,1,1,1
SF,IH2004,2020-02-24 09:31:37.300,2954.4000,9,1,7969920.000,1,1,0,双开,S,2951.2000,2951.0000,2950.0000,2946.8000,2940.2000,2954.4000,2956.8000,2965.8000,2968.4000,2969.0000,1,1,1,1,1,11,1,1,1,1
SF,IH2004,2020-02-24 09:31:37.800,2954.4000,9,0,7969920.000,0,-,-,-,-,2951.2000,2951.0000,2950.0000,2946.8000,2940.2000,2956.8000,2965.8000,2968.4000,2969.0000,2980.0000,1,1,1,1,1,1,1,1,1,1
SF,IH2004,2020-02-24 09:31:38.300,2954.4000,9,0,7969920.000,0,-,-,-,-,2951.2000,2951.0000,2950.0000,2946.8000,2940.2000,2956.4000,2956.6000,2956.8000,2965.8000,2968.4000,1,1,1,1,1,1,1,1,1,1
SF,IH2004,2020-02-24 09:31:38.800,2954.4000,9,0,7969920.000,0,-,-,-,-,2951.2000,2951.0000,2950.0000,2946.8000,2940.2000,2956.2000,2956.4000,2956.8000,2965.8000,2968.4000,1,1,1,1,1,1,1,1,1,1
SF,IH2004,2020-02-24 09:31:39.300,2954.4000,9,0,7969920.000,0,-,-,-,-,2951.2000,2951.0000,2950.0000,2946.8000,2940.2000,2956.4000,2956.8000,2965.8000,2968.4000,2969.0000,1,1,1,1,1,1,1,1,1,1
SF,IH2004,2020-02-24 09:31:43.300,2954.4000,9,0,7969920.000,0,-,-,-,-,2951.4000,2951.2000,2951.0000,2950.0000,2946.8000,2956.4000,2956.8000,2965.8000,2968.4000,2969.0000,1,1,1,1,1,1,1,1,1,1
SF,IH2004,2020-02-24 09:31:43.800,2954.4000,9,0,7969920.000,0,-,-,-,-,2951.6000,2951.4000,2951.2000,2951.0000,2950.0000,2956.8000,2965.8000,2968.4000,2969.0000,2980.0000,1,1,1,1,1,1,1,1,1,1
SF,IH2004,2020-02-24 09:31:45.800,2954.4000,9,0,7969920.000,0,-,-,-,-,2951.6000,2951.4000,2951.2000,2951.0000,2950.0000,2956.8000,2965.8000,2968.4000,2969.0000,2980.0000,2,1,1,1,1,1,1,1,1,1
SF,IH2004,2020-02-24 09:31:50.800,2954.4000,9,0,7969920.000,0,-,-,-,-,2951.6000,2951.2000,2951.0000,2950.0000,2946.8000,2956.8000,2965.8000,2968.4000,2969.0000,2980.0000,2,1,1,1,1,1,1,1,1,1
SF,IH2004,2020-02-24 09:31:52.800,2954.4000,9,0,7969920.000,0,-,-,-,-,2951.8000,2951.6000,2951.2000,2951.0000,2950.0000,2956.8000,2965.8000,2968.4000,2969.0000,2980.0000,1,2,1,1,1,1,1,1,1,1
SF,IH2004,2020-02-24 09:31:53.300,2954.4000,9,0,7969920.000,0,-,-,-,-,2952.0000,2951.8000,2951.6000,2951.2000,2951.0000,2956.8000,2965.8000,2968.4000,2969.0000,2980.0000,1,1,2,1,1,1,1,1,1,1
SF,IH2004,2020-02-24 09:31:53.800,2954.4000,9,0,7969920.000,0,-,-,-,-,2952.0000,2951.6000,2951.2000,2951.0000,2950.0000,2956.8000,2965.8000,2968.4000,2969.0000,2980.0000,1,2,1,1,1,1,1,1,1,1
SF,IH2004,2020-02-24 09:31:54.300,2954.4000,9,0,7969920.000,0,-,-,-,-,2952.2000,2952.0000,2951.6000,2951.2000,2951.0000,2956.8000,2965.8000,2968.4000,2969.0000,2980.0000,1,1,2,1,1,1,1,1,1,1
SF,IH2004,2020-02-24 09:31:54.800,2954.4000,9,0,7969920.000,0,-,-,-,-,2952.4000,2952.2000,2952.0000,2951.6000,2951.2000,2956.8000,2965.8000,2968.4000,2969.0000,2980.0000,1,1,1,2,1,1,1,1,1,1
SF,IH2004,2020-02-24 09:31:55.300,2954.4000,9,0,7969920.000,0,-,-,-,-,2953.0000,2952.4000,2952.0000,2951.6000,2951.2000,2956.8000,2965.8000,2968.4000,2969.0000,2980.0000,1,1,1,2,1,1,1,1,1,1
SF,IH2004,2020-02-24 09:31:55.800,2954.4000,9,0,7969920.000,0,-,-,-,-,2953.2000,2953.0000,2952.4000,2952.0000,2951.6000,2956.8000,2965.8000,2968.4000,2969.0000,2980.0000,1,1,1,1,2,1,1,1,1,1
SF,IH2004,2020-02-24 09:31:57.800,2954.4000,9,0,7969920.000,0,-,-,-,-,2953.4000,2953.2000,2953.0000,2952.4000,2952.0000,2956.8000,2965.8000,2968.4000,2969.0000,2980.0000,1,1,1,1,1,1,1,1,1,1
SF,IH2004,2020-02-24 09:31:58.300,2954.4000,9,0,7969920.000,0,-,-,-,-,2953.6000,2953.4000,2953.2000,2953.0000,2952.4000,2956.8000,2965.8000,2968.4000,2969.0000,2980.0000,1,1,1,1,1,1,1,1,1,1
SF,IH2004,2020-02-24 09:31:58.800,2954.4000,9,0,7969920.000,0,-,-,-,-,2953.8000,2953.6000,2953.2000,2953.0000,2952.4000,2956.8000,2965.8000,2968.4000,2969.0000,2980.0000,1,1,1,1,1,1,1,1,1,1
SF,IH2004,2020-02-24 09:31:59.300,2954.4000,9,0,7969920.000,0,-,-,-,-,2954.0000,2953.6000,2953.2000,2953.0000,2952.4000,2956.8000,2965.8000,2968.4000,2969.0000,2980.0000,1,1,1,1,1,1,1,1,1,1
SF,IH2004,2020-02-24 09:32:02.300,2954.4000,9,0,7969920.000,0,-,-,-,-,2954.2000,2954.0000,2953.6000,2953.2000,2953.0000,2956.8000,2965.8000,2968.4000,2969.0000,2980.0000,1,1,1,1,1,1,1,1,1,1
SF,IH2004,2020-02-24 09:32:02.800,2954.4000,9,0,7969920.000,0,-,-,-,-,2954.4000,2954.2000,2954.0000,2953.6000,2953.2000,2956.8000,2965.8000,2968.4000,2969.0000,2980.0000,1,1,1,1,1,1,1,1,1,1
SF,IH2004,2020-02-24 09:32:03.300,2954.4000,9,0,7969920.000,0,-,-,-,-,2954.4000,2954.2000,2954.0000,2953.6000,2953.2000,2956.8000,2965.8000,2968.4000,2969.0000,2980.0000,1,2,1,1,1,1,1,1,1,1
SF,IH2004,2020-02-24 09:32:04.300,2954.4000,9,0,7969920.000,0,-,-,-,-,2954.4000,2954.2000,2954.0000,2953.6000,2953.2000,2956.8000,2965.8000,2968.4000,2969.0000,2980.0000,1,1,1,1,1,1,1,1,1,1
SF,IH2004,2020-02-24 09:32:07.300,2954.4000,9,0,7969920.000,0,-,-,-,-,2954.4000,2954.2000,2954.0000,2953.6000,2953.2000,2956.8000,2965.8000,2968.4000,2969.0000,2980.0000,1,1,1,1,1,1,1,1,1,1
SF,IH2004,2020-02-24 09:32:12.800,2954.4000,9,0,7969920.000,0,-,-,-,-,2954.2000,2954.0000,2953.6000,2953.2000,2953.0000,2956.8000,2965.8000,2968.4000,2969.0000,2980.0000,1,1,1,1,1,1,1,1,1,1
SF,IH2004,2020-02-24 09:32:13.300,2954.4000,9,0,7969920.000,0,-,-,-,-,2953.6000,2953.2000,2953.0000,2952.4000,2951.6000,2956.0000,2956.6000,2956.8000,2965.8000,2968.4000,1,1,1,1,1,1,1,1,1,1
SF,IH2004,2020-02-24 09:32:13.800,2954.4000,9,0,7969920.000,0,-,-,-,-,2953.6000,2953.2000,2953.0000,2952.4000,2951.6000,2955.8000,2956.0000,2956.8000,2965.8000,2968.4000,1,1,1,1,1,1,1,1,1,1
SF,IH2004,2020-02-24 09:32:16.300,2954.4000,9,0,7969920.000,0,-,-,-,-,2953.6000,2953.2000,2953.0000,2952.4000,2951.6000,2955.8000,2956.0000,2956.8000,2968.4000,2969.0000,1,1,1,1,1,1,1,1,1,1
SF,IH2004,2020-02-24 09:32:24.300,2954.4000,9,0,7969920.000,0,-,-,-,-,2953.8000,2953.6000,2953.2000,2953.0000,2952.4000,2955.8000,2956.0000,2956.8000,2968.4000,2969.0000,1,1,1,1,1,1,1,1,1,1
SF,IH2004,2020-02-24 09:32:24.800,2954.4000,9,0,7969920.000,0,-,-,-,-,2954.0000,2953.8000,2953.6000,2953.2000,2953.0000,2956.8000,2968.4000,2969.0000,2980.0000,3035.6000,1,1,1,1,1,1,1,1,1,1
SF,IH2004,2020-02-24 09:32:26.300,2954.4000,9,0,7969920.000,0,-,-,-,-,2954.0000,2953.6000,2953.2000,2953.0000,2952.4000,2956.8000,2968.4000,2969.0000,2980.0000,3035.6000,1,1,1,1,1,1,1,1,1,1
SF,IH2004,2020-02-24 09:32:26.800,2954.4000,9,0,7969920.000,0,-,-,-,-,2954.2000,2954.0000,2953.6000,2953.2000,2953.0000,2956.8000,2968.4000,2969.0000,2980.0000,3035.6000,1,1,1,1,1,1,1,1,1,1
SF,IH2004,2020-02-24 09:32:27.300,2954.4000,9,0,7969920.000,0,-,-,-,-,2954.4000,2954.2000,2954.0000,2953.6000,2953.2000,2956.8000,2968.4000,2969.0000,2980.0000,3035.6000,1,1,1,1,1,1,1,1,1,1
SF,IH2004,2020-02-24 09:32:27.800,2954.4000,9,0,7969920.000,0,-,-,-,-,2954.4000,2954.0000,2953.6000,2953.2000,2953.0000,2956.8000,2968.4000,2969.0000,2980.0000,3035.6000,1,1,1,1,1,1,1,1,1,1
SF,IH2004,2020-02-24 09:32:28.300,2954.4000,9,0,7969920.000,0,-,-,-,-,2954.4000,2954.0000,2953.6000,2953.2000,2953.0000,2956.8000,2968.4000,2969.0000,2980.0000,3035.6000,1,1,1,1,1,1,1,1,1,1
SF,IH2004,2020-02-24 09:32:32.300,2954.4000,9,0,7969920.000,0,-,-,-,-,2954.6000,2954.4000,2954.0000,2953.6000,2953.2000,2956.8000,2968.4000,2969.0000,2980.0000,3035.6000,1,1,1,1,1,1,1,1,1,1
SF,IH2004,2020-02-24 09:32:32.800,2954.4000,10,1,8856240.000,1,1,0,双开,S,2954.6000,2954.4000,2954.0000,2953.6000,2953.2000,2956.8000,2968.4000,2969.0000,2980.0000,3035.6000,1,1,1,1,1,1,1,1,1,1
SF,IH2004,2020-02-24 09:32:33.300,2954.4000,10,0,8856240.000,0,-,-,-,-,2954.8000,2954.6000,2954.4000,2954.0000,2953.6000,2956.6000,2956.8000,2968.4000,2969.0000,2980.0000,2,1,1,1,1,1,1,1,1,1
SF,IH2004,2020-02-24 09:32:33.800,2954.4000,10,0,8856240.000,0,-,-,-,-,2954.6000,2953.6000,2953.0000,2951.6000,2951.0000,2956.6000,2956.8000,2968.4000,2969.0000,2980.0000,1,1,1,1,1,1,1,1,1,1
SF,IH2004,2020-02-24 09:32:34.300,2954.4000,10,0,8856240.000,0,-,-,-,-,2954.8000,2954.6000,2953.6000,2953.0000,2951.6000,2956.8000,2968.4000,2969.0000,2980.0000,3035.6000,1,1,1,1,1,1,1,1,1,1
SF,IH2004,2020-02-24 09:32:34.800,2954.4000,10,0,8856240.000,0,-,-,-,-,2954.8000,2954.6000,2953.6000,2953.0000,2951.6000,2956.6000,2956.8000,2968.4000,2969.0000,2980.0000,1,1,1,1,1,1,1,1,1,1
SF,IH2004,2020-02-24 09:32:35.300,2954.4000,10,0,8856240.000,0,-,-,-,-,2954.8000,2954.6000,2953.6000,2953.0000,2951.6000,2956.6000,2968.4000,2969.0000,2980.0000,3035.6000,1,1,1,1,1,1,1,1,1,1
SF,IH2004,2020-02-24 09:32:35.800,2954.4000,10,0,8856240.000,0,-,-,-,-,2954.8000,2954.6000,2953.6000,2953.0000,2951.6000,2968.4000,2969.0000,2980.0000,3035.6000,3176.2000,1,1,1,1,1,1,1,1,1,4
SF,IH2004,2020-02-24 09:32:36.300,2954.4000,10,0,8856240.000,0,-,-,-,-,2955.0000,2954.8000,2954.6000,2953.6000,2953.0000,2961.2000,2963.8000,2968.2000,2968.4000,2969.0000,1,1,1,1,1,1,3,5,1,1
SF,IH2004,2020-02-24 09:32:36.800,2954.4000,10,0,8856240.000,0,-,-,-,-,2955.0000,2954.6000,2953.6000,2953.0000,2951.6000,2961.0000,2961.2000,2963.8000,2968.2000,2968.4000,1,1,1,1,1,2,1,3,3,1
SF,IH2004,2020-02-24 09:32:37.300,2954.4000,10,0,8856240.000,0,-,-,-,-,2954.6000,2953.6000,2953.0000,2951.6000,2951.0000,2960.8000,2961.0000,2963.8000,2968.2000,2968.4000,1,1,1,1,1,2,2,3,3,1
SF,IH2004,2020-02-24 09:32:37.800,2954.4000,10,0,8856240.000,0,-,-,-,-,2954.8000,2954.6000,2953.6000,2953.0000,2951.6000,2958.4000,2960.6000,2960.8000,2961.0000,2963.8000,1,1,1,1,1,1,2,2,1,3
SF,IH2004,2020-02-24 09:32:38.300,2954.4000,10,0,8856240.000,0,-,-,-,-,2955.0000,2954.8000,2954.6000,2953.6000,2953.0000,2958.2000,2958.4000,2960.6000,2960.8000,2961.0000,1,1,1,1,1,1,1,2,2,1
SF,IH2004,2020-02-24 09:32:38.800,2954.4000,10,0,8856240.000,0,-,-,-,-,2954.8000,2954.6000,2953.6000,2953.0000,2951.6000,2958.2000,2958.4000,2960.6000,2960.8000,2961.0000,1,1,1,1,1,1,1,2,2,1
SF,IH2004,2020-02-24 09:32:39.300,2954.4000,10,0,8856240.000,0,-,-,-,-,2954.8000,2954.6000,2953.6000,2953.0000,2951.6000,2958.0000,2958.2000,2958.4000,2960.6000,2961.0000,1,1,1,1,1,1,1,1,1,1
SF,IH2004,2020-02-24 09:32:39.800,2954.4000,10,0,8856240.000,0,-,-,-,-,2954.8000,2954.6000,2953.6000,2953.0000,2951.6000,2957.8000,2958.0000,2958.2000,2960.6000,2961.0000,1,1,1,1,1,1,1,1,1,1
SF,IH2004,2020-02-24 09:32:40.300,2954.4000,10,0,8856240.000,0,-,-,-,-,2954.8000,2954.6000,2953.6000,2953.0000,2951.6000,2957.2000,2957.8000,2958.0000,2958.2000,2960.6000,1,1,1,1,1,1,1,1,1,1
SF,IH2004,2020-02-24 09:32:40.800,2954.4000,10,0,8856240.000,0,-,-,-,-,2954.8000,2954.6000,2953.6000,2953.0000,2951.6000,2957.8000,2958.0000,2958.2000,2960.6000,2961.0000,1,1,1,1,1,1,1,1,1,1
SF,IH2004,2020-02-24 09:32:41.300,2954.4000,10,0,8856240.000,0,-,-,-,-,2954.8000,2954.6000,2953.6000,2953.0000,2951.6000,2957.4000,2957.6000,2957.8000,2958.2000,2960.6000,1,1,1,1,1,1,1,1,1,1
SF,IH2004,2020-02-24 09:32:41.800,2954.4000,10,0,8856240.000,0,-,-,-,-,2954.8000,2954.6000,2953.6000,2953.0000,2951.6000,2957.2000,2957.4000,2957.6000,2957.8000,2958.2000,1,1,1,1,1,1,1,1,1,1
SF,IH2004,2020-02-24 09:32:42.300,2954.4000,10,0,8856240.000,0,-,-,-,-,2954.8000,2954.6000,2953.6000,2953.0000,2951.6000,2957.2000,2957.4000,2957.6000,2957.8000,2958.2000,1,1,1,1,1,1,1,1,1,1
SF,IH2004,2020-02-24 09:32:42.800,2954.4000,10,0,8856240.000,0,-,-,-,-,2954.8000,2954.6000,2953.6000,2953.0000,2951.6000,2957.2000,2957.4000,2957.6000,2957.8000,2958.2000,1,1,1,1,1,1,1,1,1,1
SF,IH2004,2020-02-24 09:32:43.800,2954.4000,10,0,8856240.000,0,-,-,-,-,2954.8000,2954.6000,2953.6000,2951.6000,2946.8000,2957.2000,2957.4000,2957.6000,2957.8000,2958.2000,1,1,1,1,1,1,1,1,1,1
SF,IH2004,2020-02-24 09:32:44.300,2954.4000,10,0,8856240.000,0,-,-,-,-,2954.8000,2954.6000,2953.6000,2951.6000,2946.8000,2957.2000,2957.4000,2957.6000,2957.8000,2958.2000,1,1,1,1,1,1,1,1,1,1
SF,IH2004,2020-02-24 09:32:44.800,2954.4000,10,0,8856240.000,0,-,-,-,-,2954.8000,2953.6000,2951.6000,2946.8000,2945.0000,2957.0000,2957.2000,2957.8000,2958.2000,2968.2000,1,1,1,1,1,1,1,1,1,3
SF,IH2004,2020-02-24 09:32:49.800,2954.4000,10,0,8856240.000,0,-,-,-,-,2955.0000,2954.8000,2953.6000,2951.6000,2946.8000,2957.0000,2957.2000,2957.8000,2958.2000,2968.2000,1,1,1,1,1,1,1,1,1,3
SF,IH2004,2020-02-24 09:32:50.300,2954.4000,10,0,8856240.000,0,-,-,-,-,2955.2000,2954.8000,2953.6000,2951.6000,2946.8000,2957.0000,2957.2000,2957.8000,2958.2000,2968.2000,1,1,1,1,1,1,1,1,1,3
SF,IH2004,2020-02-24 09:32:51.300,2954.4000,10,0,8856240.000,0,-,-,-,-,2955.4000,2955.2000,2954.8000,2953.6000,2951.6000,2957.0000,2957.2000,2957.8000,2958.2000,2968.2000,1,1,1,1,1,1,1,1,1,3
SF,IH2004,2020-02-24 09:32:52.300,2957.0000,11,1,9743340.000,1,1,0,双开,S,2955.4000,2955.2000,2954.8000,2953.6000,2951.6000,2957.2000,2957.8000,2958.2000,2968.2000,2968.4000,1,1,1,1,1,1,1,1,3,1
SF,IH2004,2020-02-24 09:32:53.300,2957.0000,11,0,9743340.000,0,-,-,-,-,2955.2000,2954.8000,2953.6000,2951.6000,2946.8000,2957.2000,2957.8000,2958.2000,2968.2000,2968.4000,1,1,1,1,1,1,1,1,3,1
SF,IH2004,2020-02-24 09:32:54.300,2957.0000,11,0,9743340.000,0,-,-,-,-,2955.4000,2955.2000,2954.8000,2953.6000,2951.6000,2957.2000,2957.8000,2958.2000,2968.2000,2968.4000,1,1,1,1,1,1,1,1,3,1
SF,IH2004,2020-02-24 09:32:58.300,2957.0000,11,0,9743340.000,0,-,-,-,-,2955.6000,2955.4000,2955.2000,2954.8000,2953.6000,2957.2000,2957.8000,2958.2000,2968.2000,2968.4000,1,1,1,1,1,1,1,1,3,1
SF,IH2004,2020-02-24 09:32:58.800,2957.0000,11,0,9743340.000,0,-,-,-,-,2955.6000,2955.2000,2954.8000,2953.6000,2951.6000,2957.8000,2958.2000,2968.2000,2968.4000,2969.0000,1,1,1,1,1,1,1,3,1,1
SF,IH2004,2020-02-24 09:32:59.300,2957.0000,11,0,9743340.000,0,-,-,-,-,2955.6000,2955.2000,2954.8000,2953.6000,2951.6000,2957.8000,2958.2000,2968.2000,2968.4000,2969.0000,1,1,1,1,1,1,1,3,1,1
SF,IH2004,2020-02-24 09:32:59.800,2957.0000,11,0,9743340.000,0,-,-,-,-,2955.6000,2955.2000,2954.8000,2953.6000,2951.6000,2957.8000,2958.2000,2968.2000,2968.4000,2969.0000,1,1,1,1,1,1,1,3,1,1
SF,IH2004,2020-02-24 09:33:00.300,2957.0000,11,0,9743340.000,0,-,-,-,-,2955.8000,2955.6000,2955.2000,2954.8000,2953.6000,2957.8000,2958.2000,2968.2000,2968.4000,2969.0000,1,1,1,1,1,1,1,3,1,1
SF,IH2004,2020-02-24 09:33:01.800,2957.0000,11,0,9743340.000,0,-,-,-,-,2955.6000,2955.2000,2954.8000,2953.6000,2951.6000,2957.8000,2958.2000,2968.2000,2968.4000,2969.0000,1,1,1,1,1,1,1,3,1,1
SF,IH2004,2020-02-24 09:33:02.300,2957.0000,11,0,9743340.000,0,-,-,-,-,2955.6000,2955.2000,2954.8000,2953.6000,2951.6000,2957.4000,2957.8000,2958.2000,2968.2000,2968.4000,1,1,1,1,1,1,1,1,3,1
SF,IH2004,2020-02-24 09:33:02.800,2957.0000,11,0,9743340.000,0,-,-,-,-,2955.2000,2954.8000,2953.6000,2951.6000,2946.8000,2957.2000,2957.4000,2957.8000,2958.2000,2968.2000,1,1,1,1,1,1,1,1,1,3
SF,IH2004,2020-02-24 09:33:03.300,2955.2000,12,1,10629900.000,1,1,0,双开,S,2954.8000,2953.6000,2951.6000,2946.8000,2945.0000,2955.2000,2957.0000,2957.2000,2957.4000,2957.8000,1,1,1,1,1,13,1,1,1,1
SF,IH2004,2020-02-24 09:33:03.800,2955.2000,12,0,10629900.000,0,-,-,-,-,2953.6000,2951.6000,2946.8000,2945.0000,2940.2000,2957.0000,2957.2000,2957.4000,2957.8000,2958.2000,1,1,1,1,1,1,1,1,1,1
SF,IH2004,2020-02-24 09:33:04.300,2955.2000,12,0,10629900.000,0,-,-,-,-,2953.8000,2953.6000,2951.6000,2946.8000,2945.0000,2957.0000,2957.2000,2957.8000,2958.2000,2968.2000,1,1,1,1,1,1,1,1,1,3
SF,IH2004,2020-02-24 09:33:04.800,2955.2000,12,0,10629900.000,0,-,-,-,-,2954.0000,2953.8000,2953.6000,2951.6000,2946.8000,2956.0000,2956.8000,2957.0000,2957.2000,2957.8000,1,1,1,1,1,1,1,1,1,1
SF,IH2004,2020-02-24 09:33:05.300,2955.2000,12,0,10629900.000,0,-,-,-,-,2954.0000,2953.6000,2951.6000,2946.8000,2945.0000,2955.8000,2956.0000,2956.8000,2957.0000,2957.2000,1,1,1,1,1,1,1,2,1,1
SF,IH2004,2020-02-24 09:33:05.800,2955.2000,12,0,10629900.000,0,-,-,-,-,2953.6000,2951.6000,2946.8000,2945.0000,2940.2000,2955.8000,2956.0000,2956.8000,2957.0000,2957.2000,1,1,1,1,1,1,1,2,1,1
SF,IH2004,2020-02-24 09:33:06.300,2955.2000,12,0,10629900.000,0,-,-,-,-,2953.6000,2951.6000,2946.8000,2945.0000,2940.2000,2955.8000,2956.0000,2956.8000,2957.0000,2957.2000,1,1,1,1,1,1,1,2,1,1
SF,IH2004,2020-02-24 09:33:06.800,2955.2000,12,0,10629900.000,0,-,-,-,-,2953.8000,2953.6000,2951.6000,2946.8000,2945.0000,2955.8000,2956.0000,2956.8000,2957.0000,2957.2000,1,1,1,1,1,1,1,2,1,1
SF,IH2004,2020-02-24 09:33:07.300,2955.2000,12,0,10629900.000,0,-,-,-,-,2953.8000,2953.6000,2951.6000,2946.8000,2945.0000,2955.6000,2955.8000,2956.0000,2956.8000,2957.2000,1,1,1,1,1,1,1,1,2,1
SF,IH2004,2020-02-24 09:33:07.800,2955.2000,12,0,10629900.000,0,-,-,-,-,2953.8000,2953.6000,2951.6000,2946.8000,2945.0000,2955.4000,2955.6000,2955.8000,2956.8000,2957.2000,1,1,1,1,1,1,1,1,1,1
SF,IH2004,2020-02-24 09:33:08.300,2955.2000,12,0,10629900.000,0,-,-,-,-,2953.8000,2953.6000,2951.6000,2946.8000,2945.0000,2955.0000,2955.4000,2955.6000,2955.8000,2956.8000,1,1,1,1,1,1,1,1,1,1
SF,IH2004,2020-02-24 09:33:08.800,2955.2000,12,0,10629900.000,0,-,-,-,-,2953.6000,2951.6000,2946.8000,2945.0000,2940.2000,2955.0000,2955.4000,2955.6000,2955.8000,2956.8000,1,1,1,1,1,1,1,1,1,1
SF,IH2004,2020-02-24 09:33:09.300,2955.2000,12,0,10629900.000,0,-,-,-,-,2953.8000,2951.6000,2946.8000,2945.0000,2940.2000,2955.0000,2955.4000,2955.6000,2955.8000,2956.8000,1,1,1,1,1,1,1,1,1,1
SF,IH2004,2020-02-24 09:33:10.800,2955.0000,13,1,11516400.000,1,1,0,双开,S,2953.8000,2951.6000,2946.8000,2945.0000,2940.2000,2955.4000,2955.6000,2955.8000,2956.8000,2957.2000,1,1,1,1,1,1,1,1,1,1
SF,IH2004,2020-02-24 09:33:12.300,2955.0000,13,0,11516400.000,0,-,-,-,-,2951.6000,2946.8000,2945.0000,2940.2000,2938.2000,2955.4000,2955.6000,2955.8000,2956.8000,2957.2000,1,1,1,1,1,1,1,1,1,1
SF,IH2004,2020-02-24 09:33:12.800,2955.0000,13,0,11516400.000,0,-,-,-,-,2952.2000,2951.6000,2946.8000,2945.0000,2940.2000,2955.2000,2955.4000,2955.6000,2955.8000,2956.8000,1,1,1,1,1,1,1,1,1,1
SF,IH2004,2020-02-24 09:33:13.300,2955.0000,13,0,11516400.000,0,-,-,-,-,2952.4000,2952.2000,2951.6000,2946.8000,2945.0000,2955.0000,2955.4000,2955.6000,2955.8000,2956.8000,1,1,1,1,1,1,1,1,1,1
SF,IH2004,2020-02-24 09:33:13.800,2955.0000,13,0,11516400.000,0,-,-,-,-,2952.6000,2952.4000,2952.2000,2951.6000,2946.8000,2954.8000,2955.0000,2955.4000,2955.6000,2955.8000,1,1,1,1,1,1,1,1,1,1
SF,IH2004,2020-02-24 09:33:14.300,2955.0000,13,0,11516400.000,0,-,-,-,-,2952.6000,2952.4000,2952.2000,2951.6000,2946.8000,2954.6000,2955.0000,2955.4000,2955.6000,2955.8000,1,1,1,1,1,1,1,1,1,1
SF,IH2004,2020-02-24 09:33:14.800,2955.0000,13,0,11516400.000,0,-,-,-,-,2952.8000,2952.6000,2952.4000,2952.2000,2951.6000,2954.6000,2955.0000,2955.4000,2955.8000,2956.8000,1,1,1,1,1,1,1,1,1,1
SF,IH2004,2020-02-24 09:33:15.300,2955.0000,13,0,11516400.000,0,-,-,-,-,2952.8000,2952.4000,2952.2000,2951.6000,2946.8000,2954.6000,2955.0000,2955.4000,2955.8000,2956.8000,1,1,1,1,1,1,1,1,1,1
SF,IH2004,2020-02-24 09:33:15.800,2955.0000,13,0,11516400.000,0,-,-,-,-,2953.0000,2952.8000,2952.4000,2951.6000,2946.8000,2955.0000,2955.4000,2955.8000,2956.8000,2960.2000,1,1,1,1,1,1,1,1,1,5
SF,IH2004,2020-02-24 09:33:16.300,2955.0000,13,0,11516400.000,0,-,-,-,-,2953.4000,2953.2000,2953.0000,2952.8000,2952.4000,2955.0000,2955.4000,2955.8000,2956.8000,2960.2000,1,1,1,1,1,1,1,1,1,5
SF,IH2004,2020-02-24 09:33:16.800,2955.0000,13,0,11516400.000,0,-,-,-,-,2953.6000,2953.4000,2953.2000,2952.8000,2952.4000,2955.4000,2955.8000,2956.8000,2960.2000,2968.2000,1,1,1,1,1,1,1,1,5,3
SF,IH2004,2020-02-24 09:33:17.800,2955.0000,13,0,11516400.000,0,-,-,-,-,2953.6000,2953.4000,2953.2000,2952.8000,2952.4000,2955.8000,2956.8000,2960.2000,2968.2000,2968.4000,1,1,1,1,1,1,1,5,3,1
SF,IH2004,2020-02-24 09:33:18.300,2955.0000,13,0,11516400.000,0,-,-,-,-,2955.0000,2953.6000,2953.4000,2953.2000,2952.8000,2955.8000,2956.8000,2960.2000,2968.2000,2968.4000,1,1,1,1,1,1,1,5,3,1
SF,IH2004,2020-02-24 09:33:18.800,2955.0000,14,1,12402900.000,1,1,0,双开,S,2953.4000,2953.2000,2952.8000,2952.4000,2951.6000,2955.0000,2955.8000,2956.8000,2960.2000,2968.2000,1,1,1,1,1,12,1,1,5,3
SF,IH2004,2020-02-24 09:33:19.300,2955.0000,15,1,13289400.000,1,1,0,双开,S,2953.4000,2953.2000,2952.8000,2952.4000,2951.6000,2955.0000,2955.8000,2956.8000,2960.2000,2968.2000,1,1,1,1,1,11,1,1,5,3
SF,IH2004,2020-02-24 09:33:19.800,2955.0000,15,0,13289400.000,0,-,-,-,-,2953.6000,2953.4000,2953.2000,2952.8000,2951.6000,2955.8000,2956.8000,2960.2000,2968.2000,2968.4000,1,1,1,1,1,1,1,5,3,1
SF,IH2004,2020-02-24 09:33:20.300,2955.8000,16,1,14176140.000,1,1,0,双开,S,2953.6000,2953.4000,2953.2000,2952.8000,2951.6000,2956.8000,2960.2000,2968.2000,2968.4000,2969.0000,1,1,1,1,1,1,5,3,1,1
SF,IH2004,2020-02-24 09:33:20.800,2955.8000,16,0,14176140.000,0,-,-,-,-,2953.6000,2953.4000,2953.2000,2952.8000,2951.6000,2956.4000,2956.8000,2960.2000,2968.2000,2968.4000,1,1,1,1,1,1,1,5,3,1
SF,IH2004,2020-02-24 09:33:21.300,2955.8000,16,0,14176140.000,0,-,-,-,-,2953.6000,2953.4000,2953.2000,2952.8000,2951.6000,2956.8000,2960.2000,2968.2000,2968.4000,2969.0000,1,1,1,1,1,1,5,3,1,1
SF,IH2004,2020-02-24 09:33:21.800,2955.8000,16,0,14176140.000,0,-,-,-,-,2953.6000,2953.4000,2953.2000,2952.8000,2951.6000,2956.4000,2956.8000,2960.2000,2968.2000,2968.4000,1,1,1,1,1,1,1,5,3,1
SF,IH2004,2020-02-24 09:33:22.300,2955.8000,16,0,14176140.000,0,-,-,-,-,2953.6000,2953.4000,2953.2000,2952.8000,2951.6000,2960.2000,2968.2000,2968.4000,2969.0000,2980.0000,1,1,1,1,1,5,3,1,1,1
SF,IH2004,2020-02-24 09:33:22.800,2955.8000,16,0,14176140.000,0,-,-,-,-,2953.6000,2953.4000,2953.2000,2952.8000,2951.6000,2957.6000,2959.4000,2960.0000,2960.2000,2968.2000,1,1,1,1,1,1,3,1,5,3
SF,IH2004,2020-02-24 09:33:23.300,2955.8000,16,0,14176140.000,0,-,-,-,-,2953.6000,2953.4000,2953.2000,2952.8000,2951.6000,2957.4000,2959.4000,2960.0000,2960.2000,2968.2000,1,1,1,1,1,1,3,1,5,3
SF,IH2004,2020-02-24 09:33:23.800,2955.8000,16,0,14176140.000,0,-,-,-,-,2953.8000,2953.6000,2953.4000,2953.2000,2952.8000,2956.8000,2957.4000,2959.4000,2960.0000,2960.2000,1,1,1,1,1,1,1,3,1,5
SF,IH2004,2020-02-24 09:33:24.300,2955.8000,16,0,14176140.000,0,-,-,-,-,2954.0000,2953.8000,2953.6000,2953.2000,2952.8000,2957.4000,2959.4000,2960.0000,2960.2000,2968.2000,1,1,1,1,1,1,3,1,5,3
SF,IH2004,2020-02-24 09:33:24.800,2955.8000,16,0,14176140.000,0,-,-,-,-,2954.2000,2954.0000,2953.8000,2953.6000,2953.2000,2956.8000,2957.4000,2959.4000,2960.0000,2960.2000,1,1,1,1,1,1,1,3,1,5
SF,IH2004,2020-02-24 09:33:25.300,2955.8000,16,0,14176140.000,0,-,-,-,-,2954.4000,2954.2000,2954.0000,2953.8000,2953.6000,2957.4000,2959.4000,2960.0000,2960.2000,2968.2000,1,1,1,2,1,1,3,1,5,3
SF,IH2004,2020-02-24 09:33:25.800,2955.8000,16,0,14176140.000,0,-,-,-,-,2954.4000,2954.2000,2954.0000,2953.8000,2953.6000,2957.0000,2957.4000,2959.4000,2960.0000,2960.2000,1,1,1,2,1,1,1,3,1,5
SF,IH2004,2020-02-24 09:33:26.300,2955.8000,16,0,14176140.000,0,-,-,-,-,2954.4000,2954.2000,2954.0000,2953.8000,2953.6000,2957.4000,2959.4000,2960.0000,2960.2000,2968.2000,1,1,1,2,1,1,3,1,5,3
SF,IH2004,2020-02-24 09:33:26.800,2955.8000,16,0,14176140.000,0,-,-,-,-,2954.4000,2954.2000,2954.0000,2953.8000,2953.6000,2956.8000,2957.4000,2959.4000,2960.0000,2960.2000,1,1,1,2,1,1,1,3,1,5
SF,IH2004,2020-02-24 09:33:27.300,2955.8000,16,0,14176140.000,0,-,-,-,-,2954.4000,2954.2000,2954.0000,2953.8000,2953.6000,2957.4000,2959.4000,2960.0000,2960.2000,2968.2000,1,1,1,2,1,1,3,1,5,3
SF,IH2004,2020-02-24 09:33:27.800,2955.8000,16,0,14176140.000,0,-,-,-,-,2954.4000,2954.2000,2954.0000,2953.8000,2953.6000,2956.8000,2957.4000,2959.4000,2960.0000,2960.2000,1,1,1,2,1,1,1,3,1,5
SF,IH2004,2020-02-24 09:33:28.300,2955.8000,16,0,14176140.000,0,-,-,-,-,2954.2000,2954.0000,2953.8000,2953.6000,2953.2000,2957.4000,2959.4000,2960.0000,2960.2000,2968.2000,1,1,1,1,1,1,3,1,5,3
SF,IH2004,2020-02-24 09:33:28.800,2955.8000,16,0,14176140.000,0,-,-,-,-,2954.2000,2954.0000,2953.8000,2953.6000,2953.2000,2956.6000,2957.2000,2957.4000,2959.4000,2960.2000,1,1,1,1,1,1,1,1,3,5
SF,IH2004,2020-02-24 09:33:29.300,2955.8000,16,0,14176140.000,0,-,-,-,-,2953.8000,2953.6000,2953.2000,2951.6000,2946.8000,2957.2000,2957.4000,2959.4000,2960.2000,2968.2000,1,1,1,1,1,1,1,3,5,3
SF,IH2004,2020-02-24 09:33:29.800,2955.8000,16,0,14176140.000,0,-,-,-,-,2954.0000,2953.8000,2953.6000,2953.2000,2951.6000,2956.4000,2957.0000,2957.2000,2957.4000,2959.4000,1,1,1,1,1,1,1,1,1,3
SF,IH2004,2020-02-24 09:33:30.300,2955.8000,16,0,14176140.000,0,-,-,-,-,2953.8000,2953.6000,2953.2000,2951.6000,2946.8000,2957.0000,2957.2000,2957.4000,2959.4000,2960.2000,1,1,1,1,1,1,1,1,3,5
SF,IH2004,2020-02-24 09:33:30.800,2955.8000,16,0,14176140.000,0,-,-,-,-,2953.8000,2953.6000,2953.2000,2951.6000,2946.8000,2956.4000,2956.8000,2957.0000,2957.4000,2959.4000,1,1,1,1,1,1,1,1,1,3
SF,IH2004,2020-02-24 09:33:33.300,2955.8000,16,0,14176140.000,0,-,-,-,-,2953.6000,2953.2000,2951.6000,2946.8000,2945.0000,2956.4000,2956.8000,2957.0000,2957.4000,2959.4000,1,1,1,1,6,1,1,1,1,3
SF,IH2004,2020-02-24 09:33:33.800,2955.8000,16,0,14176140.000,0,-,-,-,-,2953.6000,2953.2000,2951.6000,2946.8000,2945.0000,2956.4000,2957.0000,2957.4000,2959.4000,2960.2000,1,1,1,1,6,1,1,1,3,5
SF,IH2004,2020-02-24 09:33:36.300,2955.8000,16,0,14176140.000,0,-,-,-,-,2953.2000,2951.6000,2946.8000,2945.0000,2940.2000,2956.2000,2956.4000,2957.0000,2957.4000,2959.4000,1,1,1,6,1,1,1,1,1,3
SF,IH2004,2020-02-24 09:33:37.800,2955.8000,16,0,14176140.000,0,-,-,-,-,2951.6000,2946.8000,2945.0000,2940.2000,2938.2000,2956.2000,2956.4000,2957.0000,2957.4000,2959.4000,1,1,6,1,1,1,1,1,1,3
SF,IH2004,2020-02-24 09:33:38.300,2955.8000,16,0,14176140.000,0,-,-,-,-,2951.8000,2951.6000,2946.8000,2945.0000,2940.2000,2956.2000,2956.4000,2957.0000,2957.4000,2959.4000,1,1,1,6,1,1,1,1,1,3
SF,IH2004,2020-02-24 09:33:38.800,2955.8000,16,0,14176140.000,0,-,-,-,-,2952.0000,2951.8000,2951.6000,2946.8000,2945.0000,2956.0000,2956.2000,2956.4000,2957.0000,2957.4000,1,1,1,1,6,1,1,1,1,1
SF,IH2004,2020-02-24 09:33:39.300,2955.8000,16,0,14176140.000,0,-,-,-,-,2952.0000,2951.8000,2951.6000,2946.8000,2945.0000,2955.8000,2956.0000,2956.2000,2957.0000,2957.4000,1,1,1,1,6,1,1,1,1,1
SF,IH2004,2020-02-24 09:33:39.800,2955.8000,16,0,14176140.000,0,-,-,-,-,2952.2000,2952.0000,2951.8000,2951.6000,2946.8000,2955.6000,2955.8000,2956.0000,2956.2000,2957.0000,1,1,1,1,1,1,1,1,1,1
SF,IH2004,2020-02-24 09:33:40.300,2955.8000,16,0,14176140.000,0,-,-,-,-,2952.4000,2952.2000,2952.0000,2951.8000,2951.6000,2955.8000,2956.0000,2956.2000,2957.0000,2957.4000,1,1,1,1,1,1,1,1,1,1
SF,IH2004,2020-02-24 09:33:40.800,2955.8000,16,0,14176140.000,0,-,-,-,-,2952.4000,2952.2000,2952.0000,2951.8000,2951.6000,2955.4000,2955.8000,2956.0000,2956.2000,2957.0000,1,1,1,1,1,1,1,1,1,1
SF,IH2004,2020-02-24 09:33:41.300,2955.8000,16,0,14176140.000,0,-,-,-,-,2952.4000,2952.2000,2952.0000,2951.8000,2951.6000,2955.8000,2956.0000,2956.2000,2957.0000,2957.4000,1,1,1,1,1,1,1,1,1,1
SF,IH2004,2020-02-24 09:33:41.800,2955.8000,16,0,14176140.000,0,-,-,-,-,2952.4000,2952.2000,2952.0000,2951.8000,2951.6000,2955.6000,2955.8000,2956.0000,2956.2000,2957.0000,1,1,1,1,1,1,1,1,1,1
SF,IH2004,2020-02-24 09:33:42.300,2955.8000,16,0,14176140.000,0,-,-,-,-,2952.4000,2952.2000,2952.0000,2951.8000,2951.6000,2955.8000,2956.0000,2956.2000,2957.0000,2957.4000,1,1,1,1,1,1,1,1,1,1
SF,IH2004,2020-02-24 09:33:42.800,2955.8000,16,0,14176140.000,0,-,-,-,-,2952.4000,2952.2000,2952.0000,2951.8000,2951.6000,2955.4000,2955.8000,2956.0000,2956.2000,2957.0000,1,1,1,1,1,1,1,1,1,1
SF,IH2004,2020-02-24 09:33:43.300,2955.8000,16,0,14176140.000,0,-,-,-,-,2952.4000,2952.2000,2952.0000,2951.8000,2951.6000,2955.2000,2955.8000,2956.0000,2956.2000,2957.0000,1,1,1,1,1,1,1,1,1,1
SF,IH2004,2020-02-24 09:33:43.800,2955.8000,16,0,14176140.000,0,-,-,-,-,2952.4000,2952.2000,2952.0000,2951.8000,2951.6000,2955.0000,2955.8000,2956.0000,2956.2000,2957.0000,1,1,1,1,1,1,1,1,1,1
SF,IH2004,2020-02-24 09:33:44.300,2955.8000,16,0,14176140.000,0,-,-,-,-,2952.6000,2952.4000,2952.2000,2952.0000,2951.6000,2956.2000,2957.0000,2957.4000,2959.4000,2960.2000,1,1,1,1,1,1,1,1,3,5
SF,IH2004,2020-02-24 09:33:44.800,2955.8000,16,0,14176140.000,0,-,-,-,-,2952.8000,2952.4000,2952.0000,2951.6000,2946.8000,2955.6000,2956.0000,2956.2000,2957.0000,2957.4000,1,1,1,1,1,1,1,1,1,1
SF,IH2004,2020-02-24 09:33:45.300,2955.8000,16,0,14176140.000,0,-,-,-,-,2952.8000,2952.6000,2952.4000,2952.0000,2951.6000,2955.6000,2956.0000,2956.2000,2957.0000,2957.4000,1,1,1,1,1,1,1,1,1,1
SF,IH2004,2020-02-24 09:33:54.300,2955.8000,16,0,14176140.000,0,-,-,-,-,2952.8000,2952.6000,2952.4000,2952.0000,2951.6000,2955.4000,2955.6000,2956.0000,2956.2000,2957.0000,1,1,1,1,1,1,1,1,1,1
SF,IH2004,2020-02-24 09:33:54.800,2955.8000,16,0,14176140.000,0,-,-,-,-,2952.8000,2952.6000,2952.4000,2952.0000,2951.6000,2955.6000,2956.0000,2956.2000,2957.0000,2957.4000,1,1,1,1,1,1,1,1,1,1
SF,IH2004,2020-02-24 09:33:59.300,2955.8000,16,0,14176140.000,0,-,-,-,-,2952.8000,2952.6000,2952.4000,2952.0000,2951.6000,2955.4000,2955.6000,2956.0000,2956.2000,2957.0000,1,1,1,1,1,1,1,1,1,1
SF,IH2004,2020-02-24 09:33:59.800,2955.8000,16,0,14176140.000,0,-,-,-,-,2952.4000,2952.0000,2951.6000,2946.8000,2945.0000,2955.2000,2955.4000,2955.6000,2956.2000,2957.0000,1,1,1,1,1,1,1,1,1,1
SF,IH2004,2020-02-24 09:34:00.300,2955.8000,16,0,14176140.000,0,-,-,-,-,2952.4000,2952.0000,2951.6000,2946.8000,2945.0000,2955.0000,2955.2000,2955.4000,2956.2000,2957.0000,1,1,1,1,1,1,1,1,1,1
SF,IH2004,2020-02-24 09:34:00.800,2955.8000,16,0,14176140.000,0,-,-,-,-,2951.6000,2946.8000,2945.0000,2941.2000,2940.2000,2952.4000,2954.8000,2955.0000,2955.4000,2956.2000,1,1,1,5,1,13,2,1,1,1
SF,IH2004,2020-02-24 09:34:01.300,2952.4000,17,1,15061860.000,1,1,0,双开,S,2951.6000,2946.8000,2945.0000,2941.2000,2940.2000,2952.4000,2954.8000,2955.0000,2955.4000,2956.2000,1,1,1,5,1,12,1,1,1,1
SF,IH2004,2020-02-24 09:34:02.300,2952.4000,17,0,15061860.000,0,-,-,-,-,2952.4000,2951.6000,2946.8000,2945.0000,2941.2000,2954.8000,2955.0000,2955.4000,2956.2000,2957.0000,1,1,1,1,5,1,1,1,1,1
SF,IH2004,2020-02-24 09:34:02.800,2952.4000,18,1,15947580.000,1,1,0,双开,S,2951.6000,2946.8000,2945.0000,2941.2000,2940.2000,2952.4000,2954.6000,2954.8000,2955.0000,2955.4000,1,1,1,5,1,12,1,1,1,1
SF,IH2004,2020-02-24 09:34:03.300,2952.4000,18,0,15947580.000,0,-,-,-,-,2951.6000,2946.8000,2945.0000,2941.2000,2940.2000,2952.4000,2954.8000,2955.0000,2955.4000,2956.2000,1,1,1,5,1,12,1,1,1,1
SF,IH2004,2020-02-24 09:34:03.800,2952.4000,19,1,16833300.000,1,1,0,双开,S,2951.6000,2946.8000,2945.0000,2941.2000,2940.2000,2952.4000,2954.8000,2955.0000,2955.4000,2956.2000,1,1,1,5,1,11,1,1,1,1
SF,IH2004,2020-02-24 09:34:04.300,2952.4000,19,0,16833300.000,0,-,-,-,-,2951.6000,2946.8000,2945.0000,2941.2000,2940.2000,2954.8000,2955.0000,2955.4000,2956.2000,2957.0000,1,1,1,5,1,1,1,1,1,1
SF,IH2004,2020-02-24 09:34:04.800,2952.4000,19,0,16833300.000,0,-,-,-,-,2951.6000,2946.8000,2945.0000,2941.2000,2940.2000,2954.6000,2954.8000,2955.0000,2955.4000,2956.2000,1,1,1,5,1,1,1,1,1,1
SF,IH2004,2020-02-24 09:34:05.300,2952.4000,19,0,16833300.000,0,-,-,-,-,2953.0000,2951.8000,2951.6000,2946.8000,2945.0000,2954.6000,2954.8000,2955.0000,2955.4000,2956.2000,1,1,1,1,1,1,1,1,1,1
SF,IH2004,2020-02-24 09:34:05.800,2952.4000,19,0,16833300.000,0,-,-,-,-,2953.0000,2952.4000,2951.8000,2951.6000,2946.8000,2954.6000,2954.8000,2956.2000,2957.0000,2957.4000,1,1,1,1,1,1,1,1,1,1
SF,IH2004,2020-02-24 09:34:09.800,2953.0000,20,1,17719200.000,1,1,0,双开,S,2952.4000,2951.8000,2951.6000,2946.8000,2945.0000,2953.0000,2954.6000,2954.8000,2956.2000,2957.0000,1,1,1,1,1,12,1,1,1,1
SF,IH2004,2020-02-24 09:34:10.300,2953.0000,20,0,17719200.000,0,-,-,-,-,2953.0000,2952.4000,2951.8000,2951.6000,2946.8000,2954.8000,2956.2000,2957.0000,2957.4000,2960.2000,1,1,1,1,1,1,1,1,1,5
SF,IH2004,2020-02-24 09:34:10.800,2953.0000,21,1,18605100.000,1,1,0,双开,S,2952.4000,2951.8000,2951.6000,2946.8000,2945.0000,2953.0000,2954.6000,2954.8000,2956.2000,2957.0000,1,1,1,1,1,11,1,1,1,1
SF,IH2004,2020-02-24 09:34:11.300,2953.0000,22,1,19491000.000,1,1,0,双开,S,2952.4000,2951.8000,2951.6000,2946.8000,2945.0000,2953.0000,2954.8000,2956.2000,2957.0000,2957.4000,1,1,1,1,1,10,1,1,1,1
SF,IH2004,2020-02-24 09:34:12.300,2953.0000,22,0,19491000.000,0,-,-,-,-,2953.0000,2952.4000,2951.8000,2951.6000,2946.8000,2954.8000,2956.2000,2957.0000,2957.4000,2960.2000,1,1,1,1,1,1,1,1,1,5
SF,IH2004,2020-02-24 09:34:12.800,2953.0000,22,0,19491000.000,0,-,-,-,-,2953.0000,2952.4000,2951.8000,2951.6000,2946.8000,2954.6000,2956.2000,2957.0000,2957.4000,2960.2000,1,1,1,1,1,1,1,1,1,5
SF,IH2004,2020-02-24 09:34:13.800,2953.0000,22,0,19491000.000,0,-,-,-,-,2953.0000,2952.4000,2952.0000,2951.8000,2951.6000,2954.6000,2956.2000,2957.0000,2957.4000,2960.2000,1,1,1,1,1,1,1,1,1,5
SF,IH2004,2020-02-24 09:34:16.300,2953.0000,23,1,20376900.000,1,1,0,双开,S,2952.4000,2952.0000,2951.8000,2951.6000,2946.8000,2953.0000,2954.6000,2956.2000,2957.0000,2957.4000,1,1,1,1,1,11,1,1,1,1
SF,IH2004,2020-02-24 09:34:16.800,2953.0000,24,1,21262800.000,1,1,0,双开,S,2952.4000,2952.0000,2951.8000,2951.6000,2946.8000,2953.0000,2956.2000,2957.0000,2957.4000,2960.2000,1,1,1,1,1,10,1,1,1,5
SF,IH2004,2020-02-24 09:34:17.800,2953.0000,25,1,22148700.000,1,1,0,双开,S,2952.4000,2952.0000,2951.8000,2951.6000,2946.8000,2953.0000,2956.2000,2957.0000,2957.4000,2960.2000,1,1,1,1,1,2,1,1,1,5
SF,IH2004,2020-02-24 09:34:18.300,2953.0000,25,0,22148700.000,0,-,-,-,-,2952.4000,2952.0000,2951.8000,2951.6000,2946.8000,2956.2000,2957.0000,2957.4000,2960.2000,2968.2000,1,1,1,1,1,1,1,1,5,2
SF,IH2004,2020-02-24 09:34:18.800,2953.0000,25,0,22148700.000,0,-,-,-,-,2952.4000,2952.0000,2951.8000,2951.6000,2946.8000,2955.0000,2956.0000,2956.2000,2957.0000,2957.4000,1,1,1,1,1,1,1,1,1,1
SF,IH2004,2020-02-24 09:34:19.300,2953.0000,25,0,22148700.000,0,-,-,-,-,2952.4000,2952.0000,2951.8000,2951.6000,2946.8000,2954.8000,2955.0000,2956.2000,2957.0000,2957.4000,1,1,1,1,1,1,1,1,1,1
SF,IH2004,2020-02-24 09:34:22.800,2953.0000,25,0,22148700.000,0,-,-,-,-,2952.4000,2952.0000,2951.8000,2951.6000,2946.8000,2954.8000,2955.0000,2956.2000,2957.0000,2957.4000,1,1,1,1,1,1,1,1,1,1
SF,IH2004,2020-02-24 09:34:23.300,2953.0000,25,0,22148700.000,0,-,-,-,-,2952.4000,2952.0000,2951.8000,2951.6000,2946.8000,2955.0000,2956.2000,2957.0000,2957.4000,2960.2000,1,1,1,1,1,1,1,1,1,5
SF,IH2004,2020-02-24 09:34:25.800,2953.0000,25,0,22148700.000,0,-,-,-,-,2953.0000,2952.4000,2952.0000,2951.8000,2951.6000,2955.0000,2956.2000,2957.0000,2957.4000,2960.2000,1,1,1,1,1,1,1,1,1,5
SF,IH2004,2020-02-24 09:34:27.300,2953.0000,25,0,22148700.000,0,-,-,-,-,2953.0000,2952.6000,2952.4000,2952.0000,2951.8000,2955.0000,2956.2000,2957.0000,2957.4000,2960.2000,1,1,1,1,1,1,1,1,1,5
SF,IH2004,2020-02-24 09:34:27.800,2953.0000,25,0,22148700.000,0,-,-,-,-,2953.0000,2952.6000,2952.4000,2952.0000,2951.8000,2956.2000,2957.0000,2957.4000,2960.2000,2968.2000,1,1,1,1,1,1,1,1,5,2
SF,IH2004,2020-02-24 09:34:28.300,2953.0000,25,0,22148700.000,0,-,-,-,-,2953.0000,2952.6000,2952.4000,2952.0000,2951.8000,2955.4000,2956.0000,2956.2000,2957.0000,2957.4000,1,1,1,1,1,1,1,1,1,1
SF,IH2004,2020-02-24 09:34:29.800,2953.0000,25,0,22148700.000,0,-,-,-,-,2953.2000,2953.0000,2952.6000,2952.4000,2952.0000,2955.4000,2956.0000,2956.2000,2957.0000,2957.4000,1,1,1,1,1,1,1,1,1,1
SF,IH2004,2020-02-24 09:34:31.800,2953.0000,25,0,22148700.000,0,-,-,-,-,2953.2000,2953.0000,2952.8000,2952.6000,2952.4000,2955.4000,2956.0000,2956.2000,2957.0000,2957.4000,1,1,1,1,1,1,1,1,1,1
SF,IH2004,2020-02-24 09:34:32.300,2953.0000,25,0,22148700.000,0,-,-,-,-,2953.0000,2952.8000,2952.6000,2952.4000,2952.0000,2955.4000,2956.0000,2956.2000,2957.0000,2957.4000,1,1,1,1,1,1,1,1,1,1
SF,IH2004,2020-02-24 09:34:33.300,2953.0000,25,0,22148700.000,0,-,-,-,-,2953.0000,2952.8000,2952.6000,2952.4000,2952.0000,2954.8000,2955.4000,2956.0000,2956.2000,2957.0000,1,1,1,1,1,1,1,1,1,1
SF,IH2004,2020-02-24 09:34:35.300,2953.0000,26,1,23034600.000,1,1,0,双开,S,2952.8000,2952.6000,2952.4000,2952.0000,2951.6000,2953.0000,2954.6000,2954.8000,2955.4000,2956.0000,1,1,1,1,1,12,1,1,1,1
SF,IH2004,2020-02-24 09:34:35.800,2953.0000,26,0,23034600.000,0,-,-,-,-,2952.8000,2952.4000,2952.0000,2951.6000,2946.8000,2954.8000,2955.4000,2956.0000,2956.2000,2957.0000,1,1,1,1,1,1,1,1,1,1
SF,IH2004,2020-02-24 09:34:36.300,2952.8000,27,1,23920440.000,1,1,0,双开,S,2952.4000,2952.0000,2951.6000,2946.8000,2945.0000,2952.8000,2954.6000,2954.8000,2955.4000,2956.2000,1,1,1,1,1,11,1,1,1,1
SF,IH2004,2020-02-24 09:34:37.800,2952.4000,28,1,24806160.000,1,1,0,双开,S,2952.0000,2951.6000,2946.8000,2945.0000,2941.2000,2954.6000,2954.8000,2955.4000,2956.2000,2957.0000,1,1,1,1,5,1,1,1,1,1
SF,IH2004,2020-02-24 09:34:38.300,2952.0000,29,1,25691760.000,1,1,0,双开,S,2951.6000,2946.8000,2945.0000,2941.2000,2940.2000,2952.0000,2954.4000,2954.6000,2954.8000,2956.2000,1,1,1,5,1,11,1,1,1,1
SF,IH2004,2020-02-24 09:34:38.800,2952.0000,33,4,29234160.000,4,4,0,双开,S,2951.6000,2946.8000,2945.0000,2941.2000,2940.2000,2952.0000,2954.4000,2954.6000,2954.8000,2956.2000,1,1,1,5,1,7,1,1,1,1
SF,IH2004,2020-02-24 09:34:39.800,2952.0000,33,0,29234160.000,0,-,-,-,-,2951.6000,2946.8000,2945.0000,2941.2000,2940.2000,2954.4000,2954.6000,2954.8000,2956.2000,2957.0000,1,1,1,5,1,1,1,1,1,1
SF,IH2004,2020-02-24 09:34:40.300,2952.0000,33,0,29234160.000,0,-,-,-,-,2951.6000,2946.8000,2945.0000,2941.2000,2940.2000,2954.2000,2954.4000,2954.8000,2956.2000,2957.0000,1,1,1,5,1,2,1,1,1,1
SF,IH2004,2020-02-24 09:34:40.800,2951.6000,34,1,30119640.000,1,1,0,双开,S,2946.8000,2945.0000,2941.2000,2940.2000,2871.8000,2951.6000,2954.0000,2954.2000,2954.4000,2954.8000,1,1,5,1,1,9,1,2,1,1
SF,IH2004,2020-02-24 09:34:41.300,2951.6000,34,0,30119640.000,0,-,-,-,-,2947.0000,2946.8000,2945.0000,2941.2000,2940.2000,2951.6000,2954.0000,2954.2000,2954.4000,2954.8000,2,1,1,5,1,9,1,1,1,1
SF,IH2004,2020-02-24 09:34:41.800,2951.6000,34,0,30119640.000,0,-,-,-,-,2947.4000,2947.0000,2946.8000,2945.0000,2941.2000,2954.0000,2954.2000,2954.4000,2954.8000,2956.2000,3,2,1,1,5,1,1,1,1,1
SF,IH2004,2020-02-24 09:34:42.300,2951.6000,34,0,30119640.000,0,-,-,-,-,2951.8000,2947.6000,2947.0000,2946.8000,2945.0000,2952.8000,2953.8000,2954.0000,2954.2000,2954.4000,1,2,1,1,1,1,1,1,1,1
SF,IH2004,2020-02-24 09:34:42.800,2951.8000,35,1,31005180.000,1,1,0,双开,S,2947.6000,2947.0000,2946.8000,2945.0000,2941.2000,2951.8000,2952.6000,2952.8000,2954.0000,2954.2000,1,1,1,1,5,10,1,1,1,1
SF,IH2004,2020-02-24 09:34:43.300,2951.8000,35,0,31005180.000,0,-,-,-,-,2947.8000,2947.6000,2947.0000,2946.8000,2945.0000,2951.8000,2952.8000,2954.0000,2954.2000,2954.4000,1,1,1,1,1,10,1,1,1,1
SF,IH2004,2020-02-24 09:34:43.800,2951.8000,35,0,31005180.000,0,-,-,-,-,2948.0000,2947.8000,2947.6000,2947.0000,2946.8000,2952.8000,2954.0000,2954.2000,2954.4000,2954.8000,1,1,1,1,1,1,1,1,1,1
SF,IH2004,2020-02-24 09:34:44.300,2951.8000,35,0,31005180.000,0,-,-,-,-,2948.0000,2947.8000,2947.6000,2947.0000,2946.8000,2952.6000,2952.8000,2954.0000,2954.2000,2954.4000,1,1,1,1,1,1,1,1,1,1
SF,IH2004,2020-02-24 09:34:45.300,2951.8000,35,0,31005180.000,0,-,-,-,-,2952.0000,2948.0000,2947.8000,2947.6000,2947.0000,2952.6000,2952.8000,2954.0000,2954.2000,2954.4000,1,1,1,1,1,1,1,1,1,1
SF,IH2004,2020-02-24 09:34:45.800,2952.0000,36,1,31890780.000,1,1,0,双开,S,2948.0000,2947.6000,2947.0000,2946.8000,2945.0000,2951.8000,2952.8000,2954.0000,2954.2000,2954.4000,1,1,1,1,1,1,1,1,1,1
SF,IH2004,2020-02-24 09:34:46.300,2952.0000,36,0,31890780.000,0,-,-,-,-,2948.2000,2948.0000,2947.6000,2947.0000,2946.8000,2952.8000,2954.0000,2954.2000,2954.4000,2954.8000,1,1,1,1,1,1,1,1,1,1
SF,IH2004,2020-02-24 09:34:46.800,2952.0000,36,0,31890780.000,0,-,-,-,-,2948.4000,2948.2000,2948.0000,2947.6000,2947.0000,2952.6000,2952.8000,2954.0000,2954.2000,2954.4000,1,1,1,1,1,1,1,1,1,1
SF,IH2004,2020-02-24 09:34:47.300,2952.0000,36,0,31890780.000,0,-,-,-,-,2948.4000,2948.2000,2948.0000,2947.6000,2947.0000,2952.6000,2952.8000,2954.0000,2954.4000,2954.8000,1,2,1,1,1,1,1,1,1,1
SF,IH2004,2020-02-24 09:34:47.800,2952.0000,36,0,31890780.000,0,-,-,-,-,2949.6000,2948.4000,2948.2000,2948.0000,2947.6000,2952.4000,2952.6000,2952.8000,2954.0000,2954.4000,1,1,2,1,1,1,1,1,1,1
SF,IH2004,2020-02-24 09:34:48.300,2952.0000,36,0,31890780.000,0,-,-,-,-,2949.6000,2948.4000,2948.2000,2948.0000,2947.6000,2952.2000,2952.8000,2954.0000,2954.4000,2954.8000,1,1,1,1,1,1,1,1,1,1
SF,IH2004,2020-02-24 09:34:51.800,2952.0000,36,0,31890780.000,0,-,-,-,-,2949.6000,2948.4000,2948.2000,2948.0000,2947.6000,2951.8000,2952.0000,2952.2000,2952.8000,2954.0000,1,1,1,1,1,1,1,1,1,1
SF,IH2004,2020-02-24 09:34:52.300,2952.0000,36,0,31890780.000,0,-,-,-,-,2948.4000,2948.2000,2948.0000,2947.6000,2947.0000,2951.6000,2951.8000,2952.0000,2952.8000,2954.0000,1,1,1,1,1,2,1,1,1,1
SF,IH2004,2020-02-24 09:34:53.300,2952.0000,36,0,31890780.000,0,-,-,-,-,2948.4000,2948.2000,2948.0000,2947.6000,2947.0000,2951.4000,2951.6000,2951.8000,2952.0000,2952.8000,1,1,1,1,1,1,2,1,1,1
SF,IH2004,2020-02-24 09:34:55.300,2952.0000,36,0,31890780.000,0,-,-,-,-,2948.4000,2948.2000,2948.0000,2947.6000,2947.0000,2951.6000,2951.8000,2952.0000,2952.8000,2954.0000,1,1,1,1,1,2,1,1,1,1
SF,IH2004,2020-02-24 09:34:55.800,2952.0000,36,0,31890780.000,0,-,-,-,-,2948.4000,2948.2000,2948.0000,2947.6000,2947.0000,2951.6000,2951.8000,2952.0000,2952.8000,2954.0000,1,1,1,1,1,2,1,1,1,1
SF,IH2004,2020-02-24 09:35:00.800,2952.0000,36,0,31890780.000,0,-,-,-,-,2948.4000,2948.2000,2948.0000,2947.6000,2947.0000,2951.6000,2951.8000,2952.0000,2952.8000,2954.0000,1,1,1,1,1,2,1,1,1,1
SF,IH2004,2020-02-24 09:35:01.300,2952.0000,36,0,31890780.000,0,-,-,-,-,2948.2000,2948.0000,2947.6000,2947.0000,2946.8000,2951.4000,2951.6000,2951.8000,2952.0000,2952.8000,1,1,1,1,1,1,2,1,1,1
SF,IH2004,2020-02-24 09:35:01.800,2952.0000,36,0,31890780.000,0,-,-,-,-,2948.2000,2947.0000,2946.8000,2945.0000,2941.6000,2951.2000,2951.4000,2951.6000,2951.8000,2952.0000,1,1,1,1,1,1,1,1,1,1
SF,IH2004,2020-02-24 09:35:02.300,2952.0000,36,0,31890780.000,0,-,-,-,-,2948.2000,2947.0000,2946.8000,2945.0000,2941.6000,2951.0000,2951.2000,2951.4000,2951.8000,2952.0000,1,1,1,1,1,1,1,1,1,1
SF,IH2004,2020-02-24 09:35:02.800,2948.2000,37,1,32775240.000,1,1,0,双开,S,2946.8000,2945.0000,2941.6000,2940.2000,2937.4000,2948.2000,2950.4000,2950.8000,2951.0000,2951.4000,1,1,1,1,5,9,1,1,3,1
SF,IH2004,2020-02-24 09:35:03.300,2948.2000,38,1,33659700.000,1,1,0,双开,S,2947.0000,2946.8000,2945.0000,2941.6000,2940.2000,2948.2000,2950.4000,2951.0000,2951.4000,2951.8000,1,1,1,1,1,8,1,3,1,1
SF,IH2004,2020-02-24 09:35:03.800,2948.2000,38,0,33659700.000,0,-,-,-,-,2947.0000,2946.8000,2945.0000,2941.6000,2940.2000,2950.4000,2951.0000,2951.4000,2952.0000,2952.6000,1,1,1,1,1,1,3,1,1,5
SF,IH2004,2020-02-24 09:35:04.300,2948.2000,38,0,33659700.000,0,-,-,-,-,2946.8000,2945.0000,2941.6000,2940.2000,2937.4000,2950.2000,2950.4000,2951.0000,2951.4000,2952.0000,1,1,1,1,5,1,1,3,1,1
SF,IH2004,2020-02-24 09:35:05.300,2948.2000,38,0,33659700.000,0,-,-,-,-,2946.8000,2945.0000,2941.6000,2940.2000,2937.4000,2950.0000,2950.2000,2950.4000,2951.0000,2951.4000,1,1,1,1,5,1,1,1,3,1
SF,IH2004,2020-02-24 09:35:05.800,2948.2000,38,0,33659700.000,0,-,-,-,-,2947.0000,2946.8000,2945.0000,2941.6000,2940.2000,2950.2000,2951.0000,2951.4000,2952.0000,2952.6000,1,1,1,1,1,1,3,1,1,5
SF,IH2004,2020-02-24 09:35:06.300,2948.2000,38,0,33659700.000,0,-,-,-,-,2947.2000,2946.8000,2945.0000,2941.6000,2940.2000,2950.0000,2950.2000,2951.0000,2951.4000,2952.0000,1,1,1,1,1,1,1,3,1,1
SF,IH2004,2020-02-24 09:35:06.800,2948.2000,38,0,33659700.000,0,-,-,-,-,2947.2000,2946.8000,2945.0000,2941.6000,2940.2000,2949.8000,2951.0000,2951.4000,2952.0000,2952.6000,1,1,1,1,1,1,3,1,1,5
SF,IH2004,2020-02-24 09:35:07.300,2948.2000,38,0,33659700.000,0,-,-,-,-,2947.2000,2946.8000,2945.0000,2941.6000,2940.2000,2949.6000,2949.8000,2951.0000,2951.4000,2952.0000,1,1,1,1,1,1,1,3,1,1
SF,IH2004,2020-02-24 09:35:07.800,2948.2000,38,0,33659700.000,0,-,-,-,-,2947.2000,2946.8000,2945.0000,2941.6000,2940.2000,2949.8000,2951.0000,2951.4000,2952.0000,2952.6000,1,1,1,1,1,1,3,1,1,5
SF,IH2004,2020-02-24 09:35:08.300,2948.2000,38,0,33659700.000,0,-,-,-,-,2947.2000,2946.8000,2945.0000,2941.6000,2940.2000,2949.6000,2949.8000,2951.0000,2951.4000,2952.0000,1,1,1,1,1,1,1,3,1,1
SF,IH2004,2020-02-24 09:35:08.800,2948.2000,38,0,33659700.000,0,-,-,-,-,2947.2000,2946.8000,2945.0000,2941.6000,2940.2000,2949.8000,2951.0000,2951.4000,2952.0000,2952.6000,1,1,1,1,1,1,3,1,1,5
SF,IH2004,2020-02-24 09:35:09.300,2948.2000,38,0,33659700.000,0,-,-,-,-,2947.2000,2946.8000,2945.0000,2941.6000,2940.2000,2949.6000,2949.8000,2951.0000,2951.4000,2952.0000,1,1,1,1,1,1,1,3,1,1
SF,IH2004,2020-02-24 09:35:09.800,2948.2000,38,0,33659700.000,0,-,-,-,-,2947.2000,2946.8000,2945.0000,2941.6000,2940.2000,2949.8000,2951.0000,2951.4000,2952.0000,2952.6000,1,1,1,1,1,1,3,1,1,5
SF,IH2004,2020-02-24 09:35:10.300,2948.2000,38,0,33659700.000,0,-,-,-,-,2946.8000,2945.0000,2941.6000,2940.2000,2937.4000,2949.4000,2949.6000,2949.8000,2951.0000,2951.4000,1,1,1,1,5,1,1,1,2,1
SF,IH2004,2020-02-24 09:35:10.800,2948.2000,38,0,33659700.000,0,-,-,-,-,2946.8000,2945.0000,2941.6000,2940.2000,2937.4000,2949.2000,2949.4000,2949.6000,2951.0000,2951.4000,1,1,1,1,5,1,1,1,1,1
SF,IH2004,2020-02-24 09:35:11.800,2948.2000,38,0,33659700.000,0,-,-,-,-,2946.8000,2945.0000,2941.6000,2940.2000,2937.4000,2949.0000,2949.2000,2949.4000,2949.6000,2951.0000,1,1,1,1,5,1,1,1,1,1
SF,IH2004,2020-02-24 09:35:12.300,2948.2000,38,0,33659700.000,0,-,-,-,-,2946.8000,2945.0000,2941.6000,2940.2000,2937.4000,2949.2000,2949.6000,2951.0000,2951.4000,2952.0000,1,1,1,1,5,1,1,1,1,1
SF,IH2004,2020-02-24 09:35:12.800,2948.2000,38,0,33659700.000,0,-,-,-,-,2946.8000,2945.0000,2941.6000,2940.2000,2937.4000,2949.0000,2949.2000,2949.6000,2951.0000,2951.4000,1,1,1,1,5,2,1,1,1,1
SF,IH2004,2020-02-24 09:35:13.300,2948.2000,38,0,33659700.000,0,-,-,-,-,2946.8000,2945.0000,2941.6000,2940.2000,2937.4000,2948.8000,2949.0000,2949.2000,2949.6000,2951.0000,1,1,1,1,5,1,2,1,1,1
SF,IH2004,2020-02-24 09:35:14.300,2946.8000,39,1,34543740.000,1,1,0,双开,S,2945.0000,2941.6000,2940.2000,2937.4000,2871.8000,2946.8000,2948.6000,2948.8000,2949.0000,2949.2000,1,1,1,5,1,9,1,1,2,1
SF,IH2004,2020-02-24 09:35:14.800,2946.8000,40,1,35427780.000,1,1,0,双开,S,2945.2000,2945.0000,2941.6000,2940.2000,2937.4000,2946.8000,2948.6000,2948.8000,2949.0000,2949.6000,2,1,1,1,5,8,1,1,2,1
SF,IH2004,2020-02-24 09:35:15.800,2946.8000,41,1,36311820.000,1,1,0,双开,S,2945.2000,2945.0000,2941.6000,2940.2000,2937.4000,2948.6000,2948.8000,2949.0000,2949.6000,2951.0000,2,1,1,1,5,1,1,2,1,1
SF,IH2004,2020-02-24 09:35:16.300,2946.8000,41,0,36311820.000,0,-,-,-,-,2945.2000,2945.0000,2941.6000,2940.2000,2937.4000,2948.6000,2948.8000,2949.0000,2949.6000,2951.0000,2,1,1,1,5,1,1,1,1,1
SF,IH2004,2020-02-24 09:35:16.800,2946.8000,41,0,36311820.000,0,-,-,-,-,2945.4000,2945.2000,2945.0000,2941.6000,2940.2000,2948.4000,2948.6000,2948.8000,2949.0000,2949.6000,1,2,1,1,1,1,1,1,1,1
SF,IH2004,2020-02-24 09:35:17.300,2946.8000,41,0,36311820.000,0,-,-,-,-,2945.4000,2945.2000,2945.0000,2941.6000,2940.2000,2948.6000,2948.8000,2949.0000,2949.6000,2951.0000,1,2,1,1,1,1,1,1,1,1
SF,IH2004,2020-02-24 09:35:17.800,2946.8000,41,0,36311820.000,0,-,-,-,-,2945.4000,2945.2000,2945.0000,2941.6000,2940.2000,2948.4000,2948.6000,2948.8000,2949.0000,2949.6000,1,2,1,1,1,1,1,1,1,1
SF,IH2004,2020-02-24 09:35:18.300,2946.8000,41,0,36311820.000,0,-,-,-,-,2945.4000,2945.2000,2945.0000,2941.6000,2940.2000,2948.6000,2948.8000,2949.0000,2949.6000,2951.0000,1,2,1,1,1,1,1,1,1,1
SF,IH2004,2020-02-24 09:35:18.800,2946.8000,41,0,36311820.000,0,-,-,-,-,2945.4000,2945.2000,2945.0000,2941.6000,2940.2000,2948.4000,2948.6000,2948.8000,2949.0000,2949.6000,1,2,1,1,1,1,1,1,1,1
SF,IH2004,2020-02-24 09:35:19.300,2946.8000,41,0,36311820.000,0,-,-,-,-,2945.6000,2945.4000,2945.2000,2945.0000,2941.6000,2948.8000,2949.0000,2949.6000,2951.0000,2952.6000,2,1,1,1,1,1,1,1,1,5
SF,IH2004,2020-02-24 09:35:19.800,2946.8000,41,0,36311820.000,0,-,-,-,-,2945.6000,2945.2000,2945.0000,2941.6000,2940.2000,2948.6000,2948.8000,2949.0000,2949.6000,2951.0000,2,1,1,1,1,1,1,1,1,1
SF,IH2004,2020-02-24 09:35:20.300,2946.8000,41,0,36311820.000,0,-,-,-,-,2945.6000,2945.2000,2945.0000,2941.6000,2940.2000,2948.6000,2948.8000,2949.6000,2951.0000,2952.6000,2,1,1,1,1,1,1,1,1,5
SF,IH2004,2020-02-24 09:35:20.800,2946.8000,41,0,36311820.000,0,-,-,-,-,2945.6000,2945.2000,2945.0000,2941.6000,2940.2000,2948.8000,2949.6000,2951.0000,2952.6000,2968.2000,2,1,1,1,1,1,1,1,5,2
SF,IH2004,2020-02-24 09:35:21.300,2946.8000,41,0,36311820.000,0,-,-,-,-,2946.2000,2945.6000,2945.2000,2945.0000,2941.6000,2948.6000,2948.8000,2949.6000,2951.0000,2952.6000,1,2,1,1,1,1,1,1,1,5
SF,IH2004,2020-02-24 09:35:21.800,2946.8000,41,0,36311820.000,0,-,-,-,-,2946.2000,2945.6000,2945.2000,2945.0000,2941.6000,2948.8000,2949.6000,2951.0000,2952.6000,2968.2000,1,2,1,1,1,1,1,1,5,2
SF,IH2004,2020-02-24 09:35:22.300,2946.8000,41,0,36311820.000,0,-,-,-,-,2946.2000,2945.6000,2945.2000,2945.0000,2941.6000,2948.4000,2948.6000,2948.8000,2949.6000,2951.0000,1,1,1,1,1,1,2,1,1,1
SF,IH2004,2020-02-24 09:35:22.800,2946.8000,41,0,36311820.000,0,-,-,-,-,2945.2000,2945.0000,2941.6000,2940.2000,2937.4000,2948.6000,2948.8000,2949.6000,2951.0000,2952.6000,1,1,1,1,5,2,1,1,1,5
SF,IH2004,2020-02-24 09:35:23.300,2946.8000,41,0,36311820.000,0,-,-,-,-,2945.4000,2945.2000,2945.0000,2941.6000,2940.2000,2947.8000,2948.2000,2948.6000,2948.8000,2949.6000,1,1,1,1,1,1,1,2,1,1
SF,IH2004,2020-02-24 09:35:23.800,2946.8000,41,0,36311820.000,0,-,-,-,-,2945.4000,2945.2000,2945.0000,2941.6000,2940.2000,2947.8000,2948.6000,2948.8000,2949.6000,2951.0000,1,1,1,1,1,1,1,1,1,1
SF,IH2004,2020-02-24 09:35:24.300,2946.8000,41,0,36311820.000,0,-,-,-,-,2945.4000,2945.2000,2945.0000,2941.6000,2940.2000,2947.8000,2948.8000,2949.6000,2951.0000,2952.6000,1,1,1,1,1,1,1,1,1,5
SF,IH2004,2020-02-24 09:35:28.300,2946.8000,41,0,36311820.000,0,-,-,-,-,2945.4000,2945.0000,2941.6000,2940.2000,2933.6000,2947.8000,2948.8000,2949.6000,2951.0000,2952.6000,1,1,1,1,5,1,1,1,1,5
SF,IH2004,2020-02-24 09:35:28.800,2946.8000,41,0,36311820.000,0,-,-,-,-,2945.0000,2941.6000,2940.2000,2933.6000,2871.8000,2947.6000,2947.8000,2948.8000,2949.6000,2951.0000,1,1,1,5,1,1,1,1,1,1
SF,IH2004,2020-02-24 09:35:30.300,2946.8000,41,0,36311820.000,0,-,-,-,-,2945.0000,2940.2000,2937.2000,2933.6000,2871.8000,2947.6000,2947.8000,2948.8000,2949.6000,2951.0000,1,1,1,5,1,1,1,1,1,1
SF,IH2004,2020-02-24 09:35:30.800,2946.8000,41,0,36311820.000,0,-,-,-,-,2945.0000,2940.2000,2937.2000,2933.6000,2871.8000,2947.4000,2947.6000,2947.8000,2948.8000,2949.6000,1,1,1,5,1,1,1,1,1,1
SF,IH2004,2020-02-24 09:35:34.800,2946.8000,41,0,36311820.000,0,-,-,-,-,2945.0000,2940.2000,2937.2000,2933.6000,2871.8000,2947.4000,2947.6000,2948.8000,2949.6000,2951.0000,1,1,1,5,1,1,1,1,1,1
SF,IH2004,2020-02-24 09:35:35.300,2946.8000,41,0,36311820.000,0,-,-,-,-,2945.0000,2940.2000,2937.2000,2933.6000,2871.8000,2947.4000,2947.6000,2949.6000,2951.0000,2952.6000,1,1,1,5,1,1,1,1,1,5
SF,IH2004,2020-02-24 09:35:37.800,2946.8000,41,0,36311820.000,0,-,-,-,-,2945.0000,2940.2000,2937.2000,2933.6000,2871.8000,2947.2000,2947.4000,2947.6000,2949.6000,2951.0000,1,1,1,5,1,1,1,1,1,1
SF,IH2004,2020-02-24 09:35:38.300,2946.8000,41,0,36311820.000,0,-,-,-,-,2945.0000,2940.2000,2937.2000,2933.6000,2871.8000,2947.0000,2947.2000,2949.6000,2951.0000,2952.6000,1,1,1,5,1,1,1,1,1,5
SF,IH2004,2020-02-24 09:35:38.800,2946.8000,41,0,36311820.000,0,-,-,-,-,2945.0000,2940.2000,2937.2000,2933.6000,2871.8000,2946.8000,2947.0000,2947.2000,2949.6000,2951.0000,1,1,1,5,1,1,1,1,1,1
SF,IH2004,2020-02-24 09:35:39.800,2945.0000,42,1,37195320.000,1,1,0,双开,S,2940.2000,2937.2000,2933.6000,2871.8000,2856.2000,2946.8000,2947.0000,2947.2000,2949.6000,2951.0000,1,1,5,1,8,1,1,1,1,1
SF,IH2004,2020-02-24 09:35:40.300,2945.0000,42,0,37195320.000,0,-,-,-,-,2940.6000,2940.4000,2940.2000,2937.2000,2933.6000,2946.8000,2947.2000,2949.6000,2951.0000,2952.6000,3,2,1,1,5,1,1,1,1,5
SF,IH2004,2020-02-24 09:35:40.800,2945.0000,42,0,37195320.000,0,-,-,-,-,2940.8000,2940.4000,2940.2000,2937.2000,2933.6000,2946.6000,2946.8000,2947.2000,2949.6000,2951.0000,2,1,1,1,5,1,1,1,1,1
SF,IH2004,2020-02-24 09:35:42.300,2945.0000,42,0,37195320.000,0,-,-,-,-,2941.0000,2940.8000,2940.4000,2940.2000,2937.2000,2946.6000,2946.8000,2947.2000,2949.6000,2951.0000,4,2,1,1,1,1,1,1,1,1
SF,IH2004,2020-02-24 09:35:42.800,2945.0000,42,0,37195320.000,0,-,-,-,-,2941.2000,2941.0000,2940.8000,2940.4000,2940.2000,2946.8000,2947.2000,2949.6000,2951.0000,2952.6000,2,4,1,1,1,1,1,1,1,5
SF,IH2004,2020-02-24 09:35:44.300,2945.0000,42,0,37195320.000,0,-,-,-,-,2941.2000,2941.0000,2940.8000,2940.4000,2940.2000,2946.8000,2947.2000,2949.6000,2951.0000,2952.6000,2,1,1,1,1,1,1,1,1,5
SF,IH2004,2020-02-24 09:35:46.300,2945.0000,42,0,37195320.000,0,-,-,-,-,2941.2000,2941.0000,2940.8000,2940.4000,2940.2000,2946.2000,2946.6000,2946.8000,2947.2000,2949.6000,2,1,1,1,1,1,1,1,1,1
SF,IH2004,2020-02-24 09:35:46.800,2945.0000,42,0,37195320.000,0,-,-,-,-,2941.2000,2940.8000,2940.4000,2940.2000,2937.2000,2945.8000,2946.0000,2946.2000,2946.6000,2947.2000,2,1,1,1,1,1,1,1,1,1
SF,IH2004,2020-02-24 09:35:47.300,2945.0000,42,0,37195320.000,0,-,-,-,-,2942.6000,2941.2000,2940.8000,2940.4000,2940.2000,2945.6000,2945.8000,2946.2000,2946.6000,2947.2000,1,2,1,1,1,2,1,1,1,1
SF,IH2004,2020-02-24 09:35:47.800,2945.0000,42,0,37195320.000,0,-,-,-,-,2942.6000,2941.2000,2940.8000,2940.4000,2940.2000,2945.6000,2945.8000,2946.2000,2946.6000,2947.2000,1,1,1,1,1,1,1,1,1,1
SF,IH2004,2020-02-24 09:35:49.300,2945.0000,42,0,37195320.000,0,-,-,-,-,2942.6000,2941.2000,2940.8000,2940.4000,2940.2000,2945.4000,2945.6000,2945.8000,2946.2000,2946.6000,1,1,1,1,1,1,1,1,1,1
SF,IH2004,2020-02-24 09:35:49.800,2945.0000,42,0,37195320.000,0,-,-,-,-,2942.6000,2941.2000,2940.8000,2940.4000,2940.2000,2945.2000,2945.8000,2946.2000,2946.6000,2947.2000,1,1,1,1,1,2,1,1,1,1
SF,IH2004,2020-02-24 09:35:50.300,2945.0000,42,0,37195320.000,0,-,-,-,-,2942.6000,2941.2000,2940.8000,2940.4000,2940.2000,2945.2000,2945.8000,2946.2000,2946.6000,2947.2000,1,1,1,1,1,1,1,1,1,1
SF,IH2004,2020-02-24 09:35:50.800,2945.0000,42,0,37195320.000,0,-,-,-,-,2941.2000,2940.8000,2940.4000,2940.2000,2937.2000,2945.0000,2945.2000,2945.8000,2946.6000,2947.2000,1,1,1,1,1,1,1,1,1,1
SF,IH2004,2020-02-24 09:35:51.800,2945.0000,42,0,37195320.000,0,-,-,-,-,2941.2000,2940.8000,2940.4000,2940.2000,2937.2000,2944.8000,2945.0000,2945.2000,2945.8000,2946.6000,1,1,1,1,1,1,1,1,1,1
SF,IH2004,2020-02-24 09:35:52.300,2945.0000,42,0,37195320.000,0,-,-,-,-,2941.2000,2940.8000,2940.4000,2940.2000,2937.2000,2945.0000,2945.2000,2946.6000,2947.2000,2952.6000,1,1,1,1,1,1,1,1,1,5
SF,IH2004,2020-02-24 09:35:52.800,2945.0000,42,0,37195320.000,0,-,-,-,-,2941.2000,2940.8000,2940.4000,2940.2000,2937.2000,2944.8000,2945.0000,2946.6000,2947.2000,2952.6000,1,1,1,1,1,1,1,1,1,5
SF,IH2004,2020-02-24 09:35:54.300,2945.0000,42,0,37195320.000,0,-,-,-,-,2941.2000,2940.8000,2940.4000,2940.2000,2937.2000,2944.6000,2944.8000,2945.0000,2946.6000,2947.2000,1,1,1,1,1,1,1,1,1,1
SF,IH2004,2020-02-24 09:35:54.800,2945.0000,42,0,37195320.000,0,-,-,-,-,2940.2000,2937.2000,2929.8000,2871.8000,2856.2000,2944.4000,2944.6000,2945.0000,2946.6000,2947.2000,1,1,5,1,8,3,1,5,1,1
SF,IH2004,2020-02-24 09:35:55.300,2945.0000,42,0,37195320.000,0,-,-,-,-,2940.2000,2932.2000,2929.8000,2871.8000,2856.2000,2943.8000,2944.2000,2944.4000,2944.6000,2945.0000,1,1,5,1,8,1,1,3,1,5
SF,IH2004,2020-02-24 09:35:55.800,2945.0000,42,0,37195320.000,0,-,-,-,-,2940.2000,2932.2000,2929.8000,2871.8000,2856.2000,2943.6000,2943.8000,2944.2000,2944.6000,2945.0000,1,1,5,1,8,3,1,1,1,5
SF,IH2004,2020-02-24 09:35:56.300,2945.0000,42,0,37195320.000,0,-,-,-,-,2940.2000,2929.8000,2871.8000,2856.2000,2760.6000,2943.6000,2944.2000,2944.6000,2945.0000,2946.6000,1,5,1,8,4,3,1,1,5,1
SF,IH2004,2020-02-24 09:35:56.800,2945.0000,42,0,37195320.000,0,-,-,-,-,2940.2000,2929.8000,2871.8000,2856.2000,2760.6000,2943.0000,2943.4000,2943.6000,2944.2000,2944.6000,1,5,1,8,4,1,1,3,1,1
SF,IH2004,2020-02-24 09:35:57.300,2945.0000,42,0,37195320.000,0,-,-,-,-,2940.2000,2929.8000,2871.8000,2856.2000,2760.6000,2942.8000,2943.0000,2943.4000,2943.6000,2944.2000,1,5,1,8,4,2,1,1,2,1
SF,IH2004,2020-02-24 09:35:57.800,2945.0000,42,0,37195320.000,0,-,-,-,-,2940.2000,2929.8000,2871.8000,2856.2000,2760.6000,2942.4000,2942.8000,2943.4000,2943.6000,2944.2000,1,5,1,8,4,1,2,1,2,1
SF,IH2004,2020-02-24 09:35:58.300,2940.2000,43,1,38077380.000,1,1,0,双开,S,2929.8000,2871.8000,2856.2000,2760.6000,2700.0000,2940.2000,2942.2000,2942.4000,2942.8000,2943.4000,5,1,8,4,1,9,3,1,1,1
SF,IH2004,2020-02-24 09:35:58.800,2940.2000,44,1,38959440.000,1,1,0,双开,S,2933.0000,2931.2000,2930.0000,2929.8000,2871.8000,2940.2000,2942.2000,2942.4000,2942.8000,2943.4000,3,1,5,5,1,8,2,1,1,1
SF,IH2004,2020-02-24 09:35:59.300,2940.2000,44,0,38959440.000,0,-,-,-,-,2933.2000,2933.0000,2931.2000,2930.0000,2929.8000,2940.2000,2942.2000,2942.4000,2942.8000,2943.4000,2,3,1,3,5,8,2,1,1,1
SF,IH2004,2020-02-24 09:35:59.800,2940.2000,44,0,38959440.000,0,-,-,-,-,2933.4000,2933.2000,2933.0000,2931.2000,2930.0000,2942.2000,2942.4000,2942.8000,2943.4000,2944.2000,1,2,3,1,2,2,1,1,1,1
SF,IH2004,2020-02-24 09:36:00.300,2940.2000,44,0,38959440.000,0,-,-,-,-,2934.2000,2933.6000,2933.4000,2933.2000,2933.0000,2942.0000,2942.2000,2942.4000,2942.8000,2943.4000,2,3,1,1,3,1,2,1,1,1
SF,IH2004,2020-02-24 09:36:00.800,2940.2000,44,0,38959440.000,0,-,-,-,-,2934.4000,2934.2000,2933.6000,2933.2000,2933.0000,2941.8000,2942.2000,2942.4000,2942.8000,2943.4000,2,2,1,1,3,1,2,1,1,1
SF,IH2004,2020-02-24 09:36:01.300,2940.2000,44,0,38959440.000,0,-,-,-,-,2934.6000,2934.4000,2934.2000,2933.6000,2933.2000,2941.2000,2941.8000,2942.2000,2942.4000,2942.8000,2,2,2,1,1,1,1,2,1,1
SF,IH2004,2020-02-24 09:36:01.800,2940.2000,44,0,38959440.000,0,-,-,-,-,2934.8000,2934.6000,2934.4000,2934.2000,2933.6000,2941.2000,2941.8000,2942.2000,2942.8000,2943.4000,2,2,1,2,1,1,1,1,1,1
SF,IH2004,2020-02-24 09:36:02.300,2940.2000,44,0,38959440.000,0,-,-,-,-,2937.0000,2934.8000,2934.6000,2934.4000,2934.2000,2941.0000,2941.2000,2941.8000,2942.2000,2942.8000,1,2,2,1,2,1,1,1,1,1
SF,IH2004,2020-02-24 09:36:02.800,2940.2000,44,0,38959440.000,0,-,-,-,-,2937.2000,2937.0000,2934.8000,2934.6000,2934.4000,2941.2000,2941.8000,2942.2000,2942.8000,2943.4000,2,1,1,2,1,1,1,1,1,1
SF,IH2004,2020-02-24 09:36:03.300,2940.2000,44,0,38959440.000,0,-,-,-,-,2937.2000,2934.8000,2934.6000,2934.4000,2933.8000,2941.2000,2942.2000,2942.8000,2943.4000,2944.2000,2,1,2,1,1,1,1,1,1,1
SF,IH2004,2020-02-24 09:36:03.800,2940.2000,44,0,38959440.000,0,-,-,-,-,2938.6000,2937.2000,2934.8000,2934.6000,2934.4000,2942.2000,2942.8000,2943.4000,2944.2000,2945.0000,1,2,1,2,1,1,1,1,1,5
SF,IH2004,2020-02-24 09:36:04.300,2940.2000,44,0,38959440.000,0,-,-,-,-,2938.6000,2937.2000,2934.8000,2934.6000,2934.4000,2941.8000,2942.0000,2942.2000,2942.8000,2943.4000,1,1,1,2,1,1,1,1,1,1
SF,IH2004,2020-02-24 09:36:04.800,2940.2000,44,0,38959440.000,0,-,-,-,-,2938.8000,2938.6000,2937.2000,2934.8000,2934.6000,2941.6000,2942.8000,2943.4000,2944.2000,2945.0000,1,1,1,1,2,1,1,1,1,5
SF,IH2004,2020-02-24 09:36:05.300,2940.2000,44,0,38959440.000,0,-,-,-,-,2938.8000,2938.6000,2937.2000,2934.8000,2934.6000,2942.8000,2943.4000,2944.2000,2945.0000,2968.2000,1,1,1,1,2,1,1,1,5,2
SF,IH2004,2020-02-24 09:36:05.800,2940.2000,44,0,38959440.000,0,-,-,-,-,2938.8000,2938.6000,2937.2000,2934.8000,2934.6000,2941.8000,2942.6000,2942.8000,2943.4000,2944.2000,1,1,1,1,2,1,1,1,1,1
SF,IH2004,2020-02-24 09:36:06.300,2940.2000,44,0,38959440.000,0,-,-,-,-,2938.6000,2937.2000,2934.8000,2934.6000,2934.4000,2941.6000,2942.8000,2943.4000,2944.2000,2945.0000,1,1,1,2,1,1,1,1,1,5
SF,IH2004,2020-02-24 09:36:06.800,2940.2000,44,0,38959440.000,0,-,-,-,-,2938.8000,2938.6000,2937.2000,2934.8000,2934.6000,2941.6000,2942.8000,2943.4000,2944.2000,2945.0000,1,1,1,1,2,1,1,1,1,5
SF,IH2004,2020-02-24 09:36:07.300,2940.2000,44,0,38959440.000,0,-,-,-,-,2938.8000,2938.6000,2937.2000,2934.8000,2934.6000,2942.8000,2943.4000,2944.2000,2945.0000,2968.2000,1,1,1,1,2,1,1,1,5,2
SF,IH2004,2020-02-24 09:36:07.800,2940.2000,44,0,38959440.000,0,-,-,-,-,2938.8000,2938.6000,2937.2000,2934.8000,2934.6000,2942.0000,2942.6000,2942.8000,2943.4000,2944.2000,1,1,1,1,2,1,1,1,1,1
SF,IH2004,2020-02-24 09:36:08.300,2940.2000,44,0,38959440.000,0,-,-,-,-,2938.6000,2937.2000,2934.8000,2934.6000,2934.4000,2942.6000,2942.8000,2943.4000,2944.2000,2945.0000,1,1,1,2,1,1,1,1,1,5
SF,IH2004,2020-02-24 09:36:08.800,2940.2000,44,0,38959440.000,0,-,-,-,-,2938.6000,2937.2000,2934.8000,2934.6000,2934.4000,2941.6000,2942.4000,2942.6000,2942.8000,2943.4000,1,1,1,2,1,1,1,1,1,1
SF,IH2004,2020-02-24 09:36:09.300,2940.2000,44,0,38959440.000,0,-,-,-,-,2938.6000,2937.2000,2934.8000,2934.6000,2934.4000,2942.4000,2942.6000,2942.8000,2943.4000,2944.2000,1,1,1,2,1,1,1,1,1,1
SF,IH2004,2020-02-24 09:36:09.800,2940.2000,44,0,38959440.000,0,-,-,-,-,2938.6000,2937.2000,2934.8000,2934.6000,2934.4000,2941.6000,2942.2000,2942.4000,2942.8000,2943.4000,1,1,1,2,1,1,1,1,1,1
SF,IH2004,2020-02-24 09:36:10.300,2940.2000,44,0,38959440.000,0,-,-,-,-,2938.6000,2937.2000,2934.8000,2934.6000,2934.4000,2942.2000,2942.4000,2942.8000,2943.4000,2944.2000,1,1,1,2,1,1,1,1,1,1
SF,IH2004,2020-02-24 09:36:10.800,2940.2000,44,0,38959440.000,0,-,-,-,-,2938.6000,2937.2000,2934.8000,2934.6000,2934.4000,2941.4000,2942.0000,2942.2000,2942.4000,2942.8000,1,1,1,2,1,1,1,1,1,1
SF,IH2004,2020-02-24 09:36:11.300,2940.2000,44,0,38959440.000,0,-,-,-,-,2937.2000,2934.8000,2934.6000,2934.4000,2933.8000,2941.2000,2942.0000,2942.4000,2942.8000,2943.4000,1,1,2,1,1,1,1,1,1,1
SF,IH2004,2020-02-24 09:36:11.800,2940.2000,44,0,38959440.000,0,-,-,-,-,2938.0000,2937.4000,2937.2000,2934.8000,2934.6000,2940.8000,2941.2000,2942.0000,2942.4000,2942.8000,1,1,1,1,2,1,1,1,1,1
SF,IH2004,2020-02-24 09:36:12.300,2940.2000,44,0,38959440.000,0,-,-,-,-,2937.4000,2937.2000,2934.8000,2934.6000,2934.4000,2941.2000,2942.0000,2942.4000,2942.8000,2943.4000,1,1,1,2,1,1,1,1,1,1
SF,IH2004,2020-02-24 09:36:12.800,2940.2000,44,0,38959440.000,0,-,-,-,-,2937.2000,2934.8000,2934.6000,2934.4000,2933.8000,2940.6000,2941.0000,2941.2000,2942.0000,2942.4000,1,1,2,1,1,1,1,1,1,1
SF,IH2004,2020-02-24 09:36:13.300,2940.2000,44,0,38959440.000,0,-,-,-,-,2937.2000,2934.8000,2934.6000,2934.4000,2933.8000,2940.4000,2940.6000,2941.0000,2942.0000,2942.4000,1,1,2,1,1,2,1,1,1,1
SF,IH2004,2020-02-24 09:36:13.800,2940.2000,44,0,38959440.000,0,-,-,-,-,2937.2000,2934.8000,2934.6000,2934.4000,2933.8000,2940.4000,2941.0000,2942.0000,2942.4000,2942.8000,1,1,2,1,1,2,1,1,1,1
SF,IH2004,2020-02-24 09:36:14.300,2940.2000,44,0,38959440.000,0,-,-,-,-,2934.8000,2934.6000,2934.4000,2933.8000,2931.2000,2940.0000,2940.4000,2941.0000,2942.0000,2942.4000,1,2,1,1,1,1,2,1,1,1
SF,IH2004,2020-02-24 09:36:14.800,2940.2000,44,0,38959440.000,0,-,-,-,-,2935.0000,2934.8000,2934.6000,2934.4000,2933.8000,2939.8000,2940.0000,2940.4000,2941.0000,2942.0000,1,1,2,1,1,1,1,1,1,1
SF,IH2004,2020-02-24 09:36:15.300,2940.2000,44,0,38959440.000,0,-,-,-,-,2935.2000,2935.0000,2934.8000,2934.6000,2934.4000,2939.8000,2940.0000,2940.4000,2941.0000,2942.0000,1,1,1,2,1,1,1,1,1,1
SF,IH2004,2020-02-24 09:36:15.800,2940.2000,44,0,38959440.000,0,-,-,-,-,2935.2000,2934.8000,2934.6000,2934.4000,2931.2000,2939.6000,2939.8000,2940.0000,2940.4000,2941.0000,1,1,2,1,1,3,3,1,1,1
SF,IH2004,2020-02-24 09:36:16.300,2940.2000,44,0,38959440.000,0,-,-,-,-,2935.2000,2934.8000,2934.6000,2934.4000,2931.2000,2939.4000,2939.6000,2939.8000,2940.4000,2941.0000,1,1,2,1,1,1,1,3,1,1
SF,IH2004,2020-02-24 09:36:16.800,2940.2000,44,0,38959440.000,0,-,-,-,-,2935.6000,2935.2000,2934.8000,2934.6000,2934.4000,2939.2000,2939.4000,2939.6000,2939.8000,2940.4000,1,1,1,2,1,1,1,1,3,1
SF,IH2004,2020-02-24 09:36:17.300,2940.2000,44,0,38959440.000,0,-,-,-,-,2935.8000,2935.6000,2935.2000,2934.8000,2934.6000,2939.4000,2939.6000,2939.8000,2940.4000,2941.0000,2,1,1,1,2,1,1,3,1,1
SF,IH2004,2020-02-24 09:36:17.800,2940.2000,44,0,38959440.000,0,-,-,-,-,2935.8000,2935.6000,2935.2000,2934.8000,2934.6000,2939.0000,2939.2000,2939.4000,2939.8000,2940.4000,2,1,1,1,2,1,2,1,3,1
SF,IH2004,2020-02-24 09:36:18.300,2940.2000,44,0,38959440.000,0,-,-,-,-,2935.8000,2935.6000,2935.2000,2934.8000,2934.6000,2939.0000,2939.2000,2939.4000,2939.8000,2940.4000,2,1,1,1,2,1,1,1,3,1
SF,IH2004,2020-02-24 09:36:18.800,2940.2000,44,0,38959440.000,0,-,-,-,-,2936.0000,2935.8000,2935.2000,2934.8000,2934.6000,2938.8000,2939.0000,2939.8000,2940.4000,2941.0000,1,2,1,1,2,1,1,2,1,1
SF,IH2004,2020-02-24 09:36:19.300,2940.2000,44,0,38959440.000,0,-,-,-,-,2936.2000,2936.0000,2935.8000,2935.2000,2934.8000,2940.4000,2941.0000,2942.0000,2945.0000,2968.2000,2,1,1,1,1,1,1,1,5,2
SF,IH2004,2020-02-24 09:36:19.800,2940.2000,44,0,38959440.000,0,-,-,-,-,2937.0000,2936.4000,2936.2000,2935.8000,2935.2000,2938.6000,2939.8000,2940.4000,2941.0000,2942.0000,1,1,2,1,1,1,1,1,1,1
SF,IH2004,2020-02-24 09:36:20.300,2940.2000,44,0,38959440.000,0,-,-,-,-,2937.2000,2937.0000,2936.4000,2936.2000,2935.8000,2938.6000,2940.4000,2941.0000,2942.0000,2945.0000,1,1,1,1,1,1,1,1,1,5
SF,IH2004,2020-02-24 09:36:20.800,2940.2000,44,0,38959440.000,0,-,-,-,-,2937.4000,2937.2000,2937.0000,2936.2000,2935.8000,2938.6000,2940.4000,2941.0000,2942.0000,2945.0000,1,1,1,1,1,1,1,1,1,5
SF,IH2004,2020-02-24 09:36:21.300,2938.6000,45,1,39841020.000,1,1,0,双开,S,2937.6000,2936.2000,2935.8000,2935.2000,2934.6000,2945.0000,2968.2000,2969.0000,2980.0000,3035.6000,2,1,1,1,2,5,2,1,1,1
SF,IH2004,2020-02-24 09:36:21.800,2941.8000,46,1,40723560.000,1,1,0,双开,S,2938.0000,2937.6000,2936.2000,2935.8000,2935.2000,2944.8000,2945.0000,2968.2000,2969.0000,2980.0000,1,1,1,1,1,4,5,2,1,1
SF,IH2004,2020-02-24 09:36:22.300,2941.8000,46,0,40723560.000,0,-,-,-,-,2938.0000,2937.6000,2936.2000,2935.8000,2935.2000,2944.8000,2945.0000,2968.2000,2969.0000,2980.0000,1,1,1,1,1,4,5,2,1,1
SF,IH2004,2020-02-24 09:36:22.800,2941.8000,46,0,40723560.000,0,-,-,-,-,2938.0000,2937.6000,2936.2000,2935.8000,2935.2000,2944.6000,2944.8000,2945.0000,2968.2000,2969.0000,1,1,1,1,1,3,4,5,2,1
SF,IH2004,2020-02-24 09:36:23.300,2941.8000,46,0,40723560.000,0,-,-,-,-,2938.0000,2936.2000,2935.8000,2935.2000,2934.6000,2943.8000,2944.0000,2944.4000,2944.6000,2944.8000,1,1,1,1,2,2,1,4,3,3
SF,IH2004,2020-02-24 09:36:23.800,2941.8000,46,0,40723560.000,0,-,-,-,-,2938.0000,2936.2000,2935.8000,2935.2000,2934.6000,2943.6000,2943.8000,2944.0000,2944.4000,2944.6000,1,1,1,1,2,2,2,1,3,3
SF,IH2004,2020-02-24 09:36:24.300,2941.8000,46,0,40723560.000,0,-,-,-,-,2938.0000,2936.2000,2935.8000,2935.2000,2934.6000,2942.4000,2942.6000,2942.8000,2943.4000,2943.6000,1,1,1,1,2,1,1,1,2,2
SF,IH2004,2020-02-24 09:36:24.800,2941.8000,46,0,40723560.000,0,-,-,-,-,2938.0000,2936.2000,2935.8000,2935.2000,2934.6000,2942.2000,2942.4000,2942.6000,2942.8000,2943.0000,1,1,1,1,2,2,1,1,1,1
SF,IH2004,2020-02-24 09:36:25.300,2941.8000,46,0,40723560.000,0,-,-,-,-,2938.0000,2936.2000,2935.8000,2935.2000,2934.6000,2942.0000,2942.2000,2942.4000,2942.6000,2943.0000,1,1,1,1,2,2,2,1,1,1
SF,IH2004,2020-02-24 09:36:25.800,2941.8000,46,0,40723560.000,0,-,-,-,-,2938.0000,2936.2000,2935.8000,2935.2000,2934.6000,2941.6000,2941.8000,2942.0000,2942.2000,2942.4000,1,1,1,1,2,1,3,2,1,1
SF,IH2004,2020-02-24 09:36:26.300,2941.8000,46,0,40723560.000,0,-,-,-,-,2938.0000,2936.2000,2935.8000,2935.2000,2934.6000,2941.4000,2941.6000,2941.8000,2942.0000,2942.2000,1,1,1,1,2,2,1,2,2,1
SF,IH2004,2020-02-24 09:36:26.800,2941.8000,46,0,40723560.000,0,-,-,-,-,2938.0000,2936.2000,2935.8000,2935.2000,2934.6000,2941.0000,2941.4000,2941.6000,2941.8000,2942.0000,1,1,1,1,2,1,4,1,1,2
SF,IH2004,2020-02-24 09:36:27.300,2941.8000,46,0,40723560.000,0,-,-,-,-,2938.0000,2936.2000,2935.8000,2935.2000,2934.6000,2940.8000,2941.0000,2941.4000,2941.6000,2941.8000,1,1,1,1,2,2,1,3,1,1
SF,IH2004,2020-02-24 09:36:27.800,2941.8000,46,0,40723560.000,0,-,-,-,-,2938.0000,2936.2000,2935.8000,2935.2000,2934.6000,2940.8000,2941.0000,2941.4000,2941.6000,2941.8000,1,1,1,1,2,2,1,3,1,1
SF,IH2004,2020-02-24 09:36:28.300,2941.8000,46,0,40723560.000,0,-,-,-,-,2938.0000,2936.2000,2935.8000,2935.2000,2934.6000,2940.6000,2940.8000,2941.0000,2941.4000,2941.6000,1,1,1,1,2,1,1,1,5,1
SF,IH2004,2020-02-24 09:36:28.800,2941.8000,46,0,40723560.000,0,-,-,-,-,2938.0000,2936.2000,2935.8000,2935.2000,2934.6000,2940.6000,2940.8000,2941.0000,2941.4000,2941.8000,1,1,1,1,2,1,1,1,5,1
SF,IH2004,2020-02-24 09:36:29.300,2941.8000,46,0,40723560.000,0,-,-,-,-,2938.0000,2936.2000,2935.8000,2935.2000,2934.6000,2940.8000,2941.0000,2941.4000,2941.8000,2942.0000,1,1,1,1,2,1,1,5,1,2
SF,IH2004,2020-02-24 09:36:31.800,2941.8000,46,0,40723560.000,0,-,-,-,-,2938.0000,2936.2000,2935.8000,2935.2000,2934.6000,2940.6000,2940.8000,2941.4000,2941.8000,2942.0000,1,1,1,1,2,1,1,4,1,2
SF,IH2004,2020-02-24 09:36:32.300,2941.8000,46,0,40723560.000,0,-,-,-,-,2936.2000,2935.8000,2935.2000,2934.6000,2926.0000,2938.0000,2940.4000,2940.6000,2940.8000,2941.4000,1,1,1,2,5,9,2,1,1,3
SF,IH2004,2020-02-24 09:36:32.800,2938.0000,47,1,41604960.000,1,1,0,双开,S,2936.8000,2936.4000,2936.2000,2935.8000,2935.2000,2938.0000,2940.4000,2940.6000,2940.8000,2941.4000,1,1,1,1,1,8,1,1,1,3
SF,IH2004,2020-02-24 09:36:33.800,2938.0000,48,1,42486360.000,1,1,0,双开,S,2936.8000,2936.4000,2936.2000,2935.8000,2935.2000,2940.4000,2940.6000,2940.8000,2941.4000,2941.8000,1,1,1,1,1,1,1,1,3,1
SF,IH2004,2020-02-24 09:36:34.300,2938.0000,48,0,42486360.000,0,-,-,-,-,2936.8000,2936.2000,2935.8000,2935.2000,2934.6000,2940.2000,2940.4000,2940.6000,2940.8000,2941.4000,1,1,1,1,2,1,1,1,1,3
SF,IH2004,2020-02-24 09:36:34.800,2938.0000,48,0,42486360.000,0,-,-,-,-,2936.8000,2936.2000,2935.8000,2935.2000,2934.6000,2940.0000,2940.2000,2940.4000,2940.6000,2940.8000,1,1,1,1,2,1,1,1,1,1
SF,IH2004,2020-02-24 09:36:35.300,2938.0000,48,0,42486360.000,0,-,-,-,-,2936.8000,2936.2000,2935.8000,2935.2000,2934.6000,2939.8000,2940.0000,2940.4000,2940.6000,2940.8000,1,1,1,1,2,1,1,1,1,1
SF,IH2004,2020-02-24 09:36:35.800,2938.0000,48,0,42486360.000,0,-,-,-,-,2936.8000,2936.2000,2935.8000,2935.2000,2934.6000,2939.6000,2939.8000,2940.0000,2940.4000,2940.6000,1,1,1,1,2,1,1,1,1,1
SF,IH2004,2020-02-24 09:36:36.800,2938.0000,48,0,42486360.000,0,-,-,-,-,2936.8000,2935.8000,2935.2000,2934.6000,2926.0000,2939.6000,2939.8000,2940.0000,2940.4000,2940.6000,1,1,1,2,5,1,1,1,1,1
SF,IH2004,2020-02-24 09:36:39.800,2938.0000,48,0,42486360.000,0,-,-,-,-,2936.8000,2935.8000,2935.2000,2934.6000,2926.0000,2939.6000,2939.8000,2940.0000,2940.4000,2940.8000,1,1,1,2,5,1,1,1,1,1
SF,IH2004,2020-02-24 09:36:40.300,2938.0000,48,0,42486360.000,0,-,-,-,-,2935.8000,2935.2000,2934.6000,2926.0000,2925.6000,2936.8000,2939.6000,2939.8000,2940.0000,2940.4000,1,1,2,5,1,9,1,1,1,1
SF,IH2004,2020-02-24 09:36:40.800,2936.8000,50,2,44248440.000,2,2,0,双开,S,2936.2000,2936.0000,2935.8000,2935.2000,2934.6000,2936.8000,2938.8000,2939.6000,2940.0000,2940.4000,1,1,1,1,2,7,1,1,1,1
SF,IH2004,2020-02-24 09:36:41.300,2936.8000,51,1,45129480.000,1,1,0,双开,S,2936.2000,2936.0000,2935.2000,2926.0000,2925.6000,2936.8000,2938.8000,2939.6000,2940.0000,2940.4000,1,1,1,5,1,6,1,1,1,1
SF,IH2004,2020-02-24 09:36:41.800,2936.2000,52,1,46010340.000,1,1,0,双开,S,2926.0000,2925.6000,2871.8000,2856.2000,2760.6000,2938.8000,2939.6000,2940.0000,2940.4000,2940.8000,5,1,1,8,4,1,1,1,1,1
SF,IH2004,2020-02-24 09:36:42.300,2936.2000,52,0,46010340.000,0,-,-,-,-,2931.6000,2926.2000,2926.0000,2925.6000,2871.8000,2938.2000,2938.6000,2938.8000,2939.6000,2940.0000,1,7,5,1,1,1,1,1,1,1
SF,IH2004,2020-02-24 09:36:42.800,2936.2000,52,0,46010340.000,0,-,-,-,-,2936.8000,2931.8000,2931.6000,2926.2000,2926.0000,2937.8000,2938.0000,2938.6000,2938.8000,2939.6000,1,2,1,3,5,1,1,1,1,1
SF,IH2004,2020-02-24 09:36:43.300,2936.8000,53,1,46891380.000,1,1,0,双开,S,2931.8000,2931.6000,2926.2000,2926.0000,2925.6000,2936.8000,2937.6000,2937.8000,2938.0000,2938.6000,1,1,3,5,1,9,1,1,1,1
SF,IH2004,2020-02-24 09:36:43.800,2936.8000,53,0,46891380.000,0,-,-,-,-,2932.0000,2931.8000,2931.6000,2926.2000,2926.0000,2937.8000,2938.0000,2938.6000,2938.8000,2939.6000,3,1,1,3,5,1,1,1,1,1
SF,IH2004,2020-02-24 09:36:44.300,2936.8000,53,0,46891380.000,0,-,-,-,-,2932.2000,2932.0000,2931.8000,2926.8000,2926.2000,2937.6000,2938.0000,2938.6000,2938.8000,2939.6000,1,3,1,2,2,2,1,1,1,1
SF,IH2004,2020-02-24 09:36:44.800,2936.8000,53,0,46891380.000,0,-,-,-,-,2932.4000,2932.2000,2932.0000,2931.8000,2926.8000,2937.6000,2938.0000,2938.6000,2938.8000,2939.6000,1,1,2,1,2,1,1,1,1,1
SF,IH2004,2020-02-24 09:36:45.300,2936.8000,53,0,46891380.000,0,-,-,-,-,2932.6000,2932.4000,2932.2000,2932.0000,2931.8000,2937.4000,2937.6000,2938.0000,2938.6000,2938.8000,1,1,1,2,1,2,1,1,1,1
SF,IH2004,2020-02-24 09:36:45.800,2936.8000,53,0,46891380.000,0,-,-,-,-,2932.8000,2932.6000,2932.2000,2931.8000,2926.8000,2937.4000,2938.0000,2938.6000,2938.8000,2939.6000,1,1,1,1,2,1,1,1,1,1
SF,IH2004,2020-02-24 09:36:46.300,2936.8000,53,0,46891380.000,0,-,-,-,-,2933.6000,2933.0000,2932.8000,2932.6000,2932.2000,2937.2000,2937.4000,2938.0000,2938.6000,2939.6000,1,1,1,1,1,2,1,1,1,1
SF,IH2004,2020-02-24 09:36:46.800,2936.8000,53,0,46891380.000,0,-,-,-,-,2933.6000,2933.0000,2932.8000,2932.6000,2932.2000,2937.2000,2937.4000,2938.0000,2938.6000,2939.6000,1,1,1,1,1,1,1,1,1,1
SF,IH2004,2020-02-24 09:36:47.300,2936.8000,53,0,46891380.000,0,-,-,-,-,2933.8000,2933.6000,2933.0000,2932.8000,2932.6000,2937.0000,2937.2000,2937.4000,2938.0000,2938.6000,1,1,1,1,1,1,1,1,1,1
SF,IH2004,2020-02-24 09:36:47.800,2936.8000,53,0,46891380.000,0,-,-,-,-,2933.8000,2933.6000,2933.0000,2932.8000,2932.6000,2936.8000,2937.2000,2938.0000,2938.6000,2939.6000,1,1,1,1,1,1,1,1,1,1
SF,IH2004,2020-02-24 09:36:48.300,2936.8000,53,0,46891380.000,0,-,-,-,-,2933.6000,2933.0000,2932.6000,2932.2000,2926.8000,2936.6000,2936.8000,2937.2000,2938.0000,2938.6000,1,1,1,1,2,1,1,1,1,1
SF,IH2004,2020-02-24 09:36:48.800,2936.8000,53,0,46891380.000,0,-,-,-,-,2933.6000,2933.0000,2932.6000,2932.2000,2926.8000,2936.8000,2937.2000,2938.0000,2938.6000,2939.6000,1,1,1,1,2,1,1,1,1,1
SF,IH2004,2020-02-24 09:36:49.300,2936.8000,53,0,46891380.000,0,-,-,-,-,2933.6000,2933.0000,2932.6000,2932.2000,2926.8000,2936.6000,2936.8000,2937.2000,2938.0000,2938.6000,1,1,1,1,2,1,1,1,1,1
SF,IH2004,2020-02-24 09:36:49.800,2936.8000,53,0,46891380.000,0,-,-,-,-,2933.6000,2933.0000,2932.6000,2932.2000,2926.8000,2937.2000,2938.0000,2938.6000,2939.6000,2940.0000,1,1,1,1,2,1,1,1,1,1
SF,IH2004,2020-02-24 09:36:50.300,2936.8000,53,0,46891380.000,0,-,-,-,-,2933.6000,2933.0000,2932.6000,2932.2000,2926.8000,2937.0000,2937.2000,2938.0000,2938.6000,2939.6000,1,1,1,1,2,2,1,1,1,1
SF,IH2004,2020-02-24 09:36:50.800,2936.8000,53,0,46891380.000,0,-,-,-,-,2933.6000,2933.0000,2932.6000,2932.2000,2926.8000,2936.8000,2937.0000,2937.2000,2938.0000,2938.6000,1,1,1,1,2,1,1,1,1,1
SF,IH2004,2020-02-24 09:36:51.300,2936.8000,53,0,46891380.000,0,-,-,-,-,2933.0000,2932.6000,2932.2000,2926.8000,2926.2000,2936.6000,2936.8000,2937.0000,2937.2000,2938.0000,1,1,1,2,1,1,1,1,1,1
SF,IH2004,2020-02-24 09:36:51.800,2936.8000,53,0,46891380.000,0,-,-,-,-,2933.2000,2933.0000,2932.6000,2932.2000,2926.8000,2936.6000,2937.2000,2938.0000,2938.6000,2939.6000,1,1,1,1,2,1,1,1,1,1
SF,IH2004,2020-02-24 09:36:52.300,2936.8000,53,0,46891380.000,0,-,-,-,-,2933.2000,2933.0000,2932.6000,2932.2000,2926.8000,2936.4000,2936.6000,2937.2000,2938.0000,2938.6000,1,1,1,1,2,1,1,1,1,1
SF,IH2004,2020-02-24 09:36:52.800,2936.8000,53,0,46891380.000,0,-,-,-,-,2933.2000,2933.0000,2932.6000,2932.2000,2930.0000,2936.6000,2938.0000,2938.6000,2939.6000,2941.4000,1,1,1,1,1,1,1,1,1,2
SF,IH2004,2020-02-24 09:36:53.800,2936.8000,53,0,46891380.000,0,-,-,-,-,2933.4000,2933.2000,2933.0000,2932.6000,2932.2000,2936.6000,2938.0000,2938.6000,2939.6000,2941.4000,1,1,1,1,1,1,1,1,1,2
SF,IH2004,2020-02-24 09:36:54.300,2936.8000,53,0,46891380.000,0,-,-,-,-,2933.6000,2933.4000,2933.0000,2932.6000,2932.2000,2936.6000,2938.0000,2938.6000,2939.6000,2941.4000,1,1,1,1,1,1,1,1,1,2
SF,IH2004,2020-02-24 09:36:54.800,2936.8000,53,0,46891380.000,0,-,-,-,-,2933.8000,2933.6000,2933.4000,2933.0000,2932.6000,2938.0000,2938.6000,2939.6000,2941.4000,2942.0000,1,1,1,1,1,1,1,1,2,2
SF,IH2004,2020-02-24 09:36:55.300,2936.8000,53,0,46891380.000,0,-,-,-,-,2934.8000,2934.0000,2933.8000,2933.4000,2933.0000,2937.4000,2938.0000,2938.6000,2939.6000,2941.4000,1,1,1,1,1,1,1,1,1,2
SF,IH2004,2020-02-24 09:36:55.800,2936.8000,53,0,46891380.000,0,-,-,-,-,2935.0000,2934.8000,2933.8000,2933.4000,2933.0000,2938.6000,2939.6000,2941.4000,2942.0000,2945.0000,1,1,1,1,1,1,1,2,2,5
SF,IH2004,2020-02-24 09:36:56.800,2936.8000,53,0,46891380.000,0,-,-,-,-,2935.2000,2935.0000,2934.8000,2933.8000,2933.4000,2938.6000,2939.6000,2941.4000,2942.0000,2945.0000,1,1,1,1,1,1,1,2,2,5
SF,IH2004,2020-02-24 09:36:57.300,2936.8000,53,0,46891380.000,0,-,-,-,-,2935.0000,2933.8000,2933.4000,2933.0000,2930.0000,2938.6000,2939.6000,2941.4000,2942.0000,2945.0000,1,1,1,1,1,1,1,2,2,5
SF,IH2004,2020-02-24 09:36:57.800,2936.8000,53,0,46891380.000,0,-,-,-,-,2935.6000,2935.0000,2933.8000,2933.4000,2933.0000,2938.0000,2938.6000,2939.6000,2941.4000,2942.0000,1,1,1,1,1,1,1,1,2,2
SF,IH2004,2020-02-24 09:36:58.300,2936.8000,53,0,46891380.000,0,-,-,-,-,2935.6000,2935.0000,2933.8000,2933.4000,2933.0000,2938.6000,2939.6000,2941.4000,2942.0000,2945.0000,1,1,1,1,1,1,1,2,2,5
SF,IH2004,2020-02-24 09:36:59.800,2936.8000,53,0,46891380.000,0,-,-,-,-,2935.6000,2935.0000,2933.8000,2933.4000,2933.0000,2938.6000,2939.6000,2941.4000,2942.0000,2945.0000,1,1,1,1,1,1,1,2,2,5
SF,IH2004,2020-02-24 09:37:00.300,2936.8000,53,0,46891380.000,0,-,-,-,-,2935.6000,2935.0000,2933.8000,2933.4000,2933.0000,2939.6000,2941.4000,2942.0000,2945.0000,2968.2000,1,1,1,1,1,1,2,2,5,2
SF,IH2004,2020-02-24 09:37:00.800,2936.8000,53,0,46891380.000,0,-,-,-,-,2935.6000,2935.0000,2933.8000,2933.4000,2933.0000,2938.6000,2939.6000,2941.4000,2942.0000,2945.0000,1,1,1,1,1,1,1,2,2,5
SF,IH2004,2020-02-24 09:37:01.300,2936.8000,53,0,46891380.000,0,-,-,-,-,2935.8000,2935.6000,2933.8000,2933.4000,2933.0000,2939.6000,2941.4000,2942.0000,2945.0000,2968.2000,1,1,1,1,1,1,2,2,5,2
