市场代码,合约代码,时间,最新,持仓,增仓,成交额,成交量,开仓,平仓,成交类型,方向,买一价,买二价,买三价,买四价,买五价,卖一价,卖二价,卖三价,卖四价,卖五价,买一量,买二量,买三量,买四量,买五量,卖一量,卖二量,卖三量,卖四量,卖五量
SF,IH2006,2020-02-03 09:29:00.400,2666.0000,10112,0,31992000.000,40.000,-,-,-,-,2660.0000,2656.0000,2655.0000,2652.2000,2650.8000,2666.0000,2667.0000,2669.0000,2671.0000,2699.0000,2,1,1,5,1,9,1,1,1,2
SF,IH2006,2020-02-03 09:30:00.400,2660.0000,10108,-4,67137600.000,44,20,24,多平,S,2656.0000,2655.0000,2652.2000,2650.8000,2650.0000,2659.0000,2659.8000,2660.0000,2699.0000,2699.6000,2,1,5,1,3,5,2,28,2,1
SF,IH2006,2020-02-03 09:30:00.900,2660.0000,10090,-18,115587000.000,61,21,40,多平,S,2631.0000,2630.8000,2630.6000,2630.4000,2630.2000,2656.0000,2660.0000,2699.0000,2699.6000,2700.0000,9,1,1,2,4,1,28,2,1,4
SF,IH2006,2020-02-03 09:30:01.400,2659.0000,10085,-5,124353600.000,11,3,8,多平,S,2659.0000,2653.8000,2653.2000,2636.0000,2634.2000,2660.0000,2696.8000,2699.0000,2699.6000,2700.0000,1,1,1,2,11,23,1,2,1,4
SF,IH2006,2020-02-03 09:30:01.900,2659.0000,10087,2,131533320.000,9,5,4,空开,S,2634.2000,2632.0000,2631.0000,2630.8000,2630.6000,2660.0000,2696.8000,2699.0000,2699.6000,2700.0000,11,23,9,1,1,22,1,2,1,4
SF,IH2006,2020-02-03 09:30:02.400,2659.8000,10085,-2,134725080.000,4,1,3,多平,S,2653.2000,2635.4000,2635.2000,2634.4000,2634.2000,2659.0000,2659.8000,2660.0000,2696.8000,2698.0000,1,1,2,1,11,1,1,22,1,5
SF,IH2006,2020-02-03 09:30:02.900,2659.0000,10082,-3,137916720.000,4,0,4,多平,S,2653.6000,2653.4000,2634.2000,2632.0000,2631.0000,2656.0000,2660.0000,2696.8000,2698.0000,2699.0000,1,1,11,23,9,1,20,1,5,2
SF,IH2006,2020-02-03 09:30:03.400,2660.0000,10079,-3,145895520.000,10,3,7,多平,S,2653.8000,2653.6000,2634.2000,2632.0000,2631.0000,2659.0000,2660.0000,2698.0000,2699.0000,2699.6000,1,1,11,23,9,2,11,5,2,1
SF,IH2006,2020-02-03 09:30:03.900,2658.8000,10078,-1,152273760.000,8,3,5,多平,S,2634.2000,2632.0000,2631.0000,2630.8000,2630.6000,2660.0000,2698.0000,2699.0000,2699.6000,2700.0000,11,23,9,1,1,9,5,2,1,4
SF,IH2006,2020-02-03 09:30:04.400,2659.0000,10080,2,157052700.000,6,4,2,空开,S,2638.0000,2635.4000,2635.2000,2634.2000,2632.0000,2651.6000,2659.8000,2660.0000,2698.0000,2699.0000,1,1,1,10,23,1,1,9,5,2
SF,IH2006,2020-02-03 09:30:04.900,2659.8000,10080,0,159441600.000,3,1,2,多换,S,2651.6000,2639.2000,2638.4000,2638.2000,2638.0000,2660.0000,2699.0000,2699.6000,2700.0000,2703.0000,1,1,1,2,1,9,2,1,4,17
SF,IH2006,2020-02-03 09:30:05.400,2660.0000,10081,1,161037600.000,2,1,1,空开,S,2652.6000,2652.0000,2651.8000,2638.0000,2634.2000,2660.0000,2699.0000,2699.6000,2700.0000,2703.0000,1,2,2,1,10,8,2,1,4,17
SF,IH2006,2020-02-03 09:30:05.900,2652.6000,10080,-1,164221020.000,4,1,3,多平,S,2638.0000,2634.2000,2632.0000,2631.0000,2630.8000,2660.0000,2699.0000,2699.6000,2700.0000,2703.0000,1,10,23,9,1,8,2,1,4,17
SF,IH2006,2020-02-03 09:30:06.400,2659.8000,10081,1,165018960.000,1,1,0,双开,S,2651.6000,2638.0000,2634.2000,2633.0000,2632.0000,2659.8000,2660.0000,2699.0000,2699.6000,2700.0000,2,1,10,1,23,3,8,2,1,4
SF,IH2006,2020-02-03 09:30:06.900,2659.8000,10080,-1,165816900.000,1,0,1,双平,S,2651.8000,2651.6000,2645.0000,2638.0000,2634.2000,2659.8000,2660.0000,2699.0000,2699.6000,2700.0000,1,2,2,1,10,3,8,2,1,4
SF,IH2006,2020-02-03 09:30:07.400,2652.0000,10073,-7,172983900.000,9,1,8,多平,S,2645.0000,2638.0000,2635.8000,2634.2000,2633.0000,2659.6000,2659.8000,2660.0000,2699.0000,2699.6000,2,1,1,10,1,1,2,8,2,1
SF,IH2006,2020-02-03 09:30:07.900,2660.0000,10075,2,185742240.000,16,9,7,空开,S,2660.0000,2645.2000,2645.0000,2638.0000,2635.8000,2699.0000,2699.6000,2700.0000,2703.0000,2705.6000,5,1,2,1,1,2,1,4,17,5
SF,IH2006,2020-02-03 09:30:08.400,2660.0000,10075,0,185742240.000,0,-,-,-,-,2660.2000,2660.0000,2659.8000,2652.0000,2645.0000,2688.4000,2691.0000,2691.8000,2692.2000,2692.8000,1,5,1,1,2,1,1,1,11,1
SF,IH2006,2020-02-03 09:30:08.900,2660.0000,10075,0,186540240.000,1,0,1,多换,S,2660.2000,2660.0000,2659.8000,2652.0000,2645.0000,2688.4000,2691.0000,2691.8000,2692.2000,2692.8000,1,5,1,1,2,1,1,1,11,1
SF,IH2006,2020-02-03 09:30:09.400,2660.0000,10074,-1,191328240.000,6,2,4,多平,S,2659.8000,2652.0000,2645.0000,2638.0000,2635.8000,2688.2000,2688.4000,2691.0000,2691.8000,2692.2000,1,1,2,1,1,1,1,1,1,11
SF,IH2006,2020-02-03 09:30:09.900,2659.8000,10073,-1,192126180.000,1,0,1,双平,S,2652.0000,2645.0000,2638.0000,2635.8000,2635.4000,2688.0000,2688.2000,2691.0000,2691.8000,2692.2000,1,2,1,1,1,1,1,1,1,11
SF,IH2006,2020-02-03 09:30:10.400,2659.8000,10073,0,192126180.000,0,-,-,-,-,2652.0000,2645.0000,2638.0000,2635.8000,2635.4000,2657.4000,2687.8000,2688.0000,2691.0000,2691.8000,1,2,1,1,1,2,1,1,1,1
SF,IH2006,2020-02-03 09:30:10.900,2687.8000,10071,-2,196122240.000,5,1,4,多平,S,2652.2000,2652.0000,2645.0000,2638.0000,2635.8000,2659.8000,2688.0000,2691.0000,2692.2000,2692.8000,1,1,2,1,1,1,1,1,11,1
SF,IH2006,2020-02-03 09:30:11.400,2677.4000,10070,-1,199327740.000,4,1,3,多平,S,2688.2000,2668.6000,2661.0000,2660.4000,2652.6000,2692.2000,2694.0000,2695.0000,2695.6000,2696.4000,3,1,1,1,1,9,1,1,3,1
SF,IH2006,2020-02-03 09:30:11.900,2659.8000,10072,2,205747380.000,8,5,3,空开,S,2659.6000,2652.6000,2652.0000,2645.0000,2638.0000,2659.8000,2670.0000,2692.0000,2692.2000,2694.0000,1,1,1,2,1,3,1,4,9,1
SF,IH2006,2020-02-03 09:30:12.400,2652.6000,10071,-1,210535860.000,6,2,4,多平,S,2652.0000,2645.0000,2638.0000,2635.8000,2635.4000,2687.0000,2692.0000,2692.2000,2694.0000,2695.0000,1,2,1,1,1,1,1,9,1,1
SF,IH2006,2020-02-03 09:30:12.900,2652.6000,10071,0,211331640.000,1,0,1,多换,S,2652.0000,2645.0000,2638.0000,2635.8000,2635.4000,2680.2000,2686.8000,2687.0000,2692.2000,2694.0000,1,2,1,1,1,1,3,1,9,1
SF,IH2006,2020-02-03 09:30:13.400,2652.2000,10070,-1,212127300.000,1,0,1,双平,S,2652.0000,2645.0000,2638.0000,2635.8000,2635.4000,2680.0000,2680.2000,2687.0000,2690.0000,2698.8000,1,2,1,1,1,1,1,1,1,2
SF,IH2006,2020-02-03 09:30:13.900,2652.0000,10072,2,217738320.000,7,4,3,空开,S,2645.0000,2638.0000,2635.8000,2635.4000,2634.2000,2680.0000,2680.2000,2687.0000,2690.0000,2698.8000,2,1,1,1,10,1,1,1,1,2
SF,IH2006,2020-02-03 09:30:14.400,2680.2000,10070,-2,219346380.000,2,0,2,双平,S,2645.2000,2645.0000,2638.0000,2635.8000,2635.4000,2687.0000,2690.0000,2698.8000,2699.0000,2699.6000,3,2,1,1,1,1,1,2,2,1
SF,IH2006,2020-02-03 09:30:14.900,2680.2000,10070,0,219346380.000,0,-,-,-,-,2645.2000,2645.0000,2638.0000,2635.8000,2635.4000,2686.8000,2687.0000,2690.0000,2698.8000,2699.0000,3,2,1,1,1,1,1,1,2,2
SF,IH2006,2020-02-03 09:30:15.400,2680.0000,10071,1,220954380.000,2,1,1,空开,S,2645.4000,2645.2000,2645.0000,2638.0000,2635.8000,2652.0000,2686.8000,2687.0000,2690.0000,2698.8000,2,3,2,1,1,3,1,1,1,2
SF,IH2006,2020-02-03 09:30:15.900,2687.0000,10072,1,224953320.000,5,3,2,空开,S,2660.0000,2652.0000,2645.4000,2645.2000,2645.0000,2690.0000,2698.8000,2699.0000,2699.6000,2700.0000,1,3,2,1,2,1,2,2,1,4
SF,IH2006,2020-02-03 09:30:16.400,2668.0000,10071,-1,225753720.000,1,0,1,双平,S,2660.2000,2660.0000,2652.0000,2645.4000,2645.0000,2689.8000,2690.0000,2698.8000,2699.0000,2699.6000,3,1,1,2,2,1,1,2,2,1
SF,IH2006,2020-02-03 09:30:16.900,2668.0000,10071,0,225753720.000,0,-,-,-,-,2660.2000,2660.0000,2652.0000,2645.0000,2638.0000,2689.8000,2690.0000,2698.8000,2699.0000,2699.6000,3,1,1,2,1,1,1,2,2,1
SF,IH2006,2020-02-03 09:30:17.400,2689.6000,10070,-1,226560600.000,1,0,1,双平,S,2668.2000,2660.2000,2660.0000,2652.0000,2645.0000,2689.8000,2690.0000,2698.8000,2699.0000,2699.6000,2,3,2,1,2,1,1,2,2,1
SF,IH2006,2020-02-03 09:30:17.900,2689.6000,10070,0,226560600.000,0,-,-,-,-,2668.4000,2668.2000,2660.0000,2652.0000,2645.0000,2689.8000,2690.0000,2699.0000,2699.6000,2700.0000,2,2,2,1,2,1,1,2,1,4
SF,IH2006,2020-02-03 09:30:18.400,2689.8000,10065,-5,231395760.000,6,0,6,多平,S,2689.8000,2668.4000,2668.2000,2660.0000,2652.0000,2690.0000,2699.0000,2699.6000,2700.0000,2703.0000,2,1,2,2,1,1,2,1,4,17
SF,IH2006,2020-02-03 09:30:18.900,2668.2000,10060,-5,237025080.000,7,1,6,多平,S,2660.0000,2652.0000,2645.0000,2638.0000,2635.8000,2660.2000,2689.8000,2699.0000,2699.6000,2700.0000,2,1,2,1,1,1,3,2,1,4
SF,IH2006,2020-02-03 09:30:19.400,2689.8000,10058,-2,238630080.000,2,0,2,双平,S,2660.2000,2660.0000,2652.0000,2645.0000,2638.0000,2699.0000,2699.6000,2700.0000,2703.0000,2713.2000,2,2,1,2,1,2,1,4,17,5
SF,IH2006,2020-02-03 09:30:19.900,2689.8000,10058,0,238630080.000,0,-,-,-,-,2660.4000,2660.0000,2652.0000,2645.0000,2638.0000,2688.0000,2692.0000,2697.2000,2699.0000,2699.6000,2,2,1,2,1,2,1,1,2,1
SF,IH2006,2020-02-03 09:30:20.400,2688.0000,10057,-1,241839780.000,4,1,3,多平,S,2660.4000,2660.0000,2652.0000,2645.0000,2638.0000,2688.0000,2689.6000,2692.0000,2697.2000,2698.0000,2,2,1,2,1,1,1,1,1,1
SF,IH2006,2020-02-03 09:30:20.900,2688.0000,10057,0,242646180.000,1,0,1,多换,S,2688.0000,2660.6000,2660.4000,2660.0000,2645.0000,2689.6000,2692.0000,2697.2000,2698.0000,2699.0000,1,1,2,3,2,1,1,1,1,2
SF,IH2006,2020-02-03 09:30:21.400,2688.0000,10056,-1,243452580.000,1,0,1,双平,S,2688.2000,2660.6000,2660.0000,2645.0000,2638.0000,2689.6000,2697.2000,2698.0000,2699.0000,2699.6000,1,1,3,2,1,1,1,1,2,1
SF,IH2006,2020-02-03 09:30:21.900,2688.4000,10055,-1,245872440.000,3,1,2,多平,S,2660.0000,2645.0000,2638.0000,2635.8000,2635.4000,2686.2000,2690.0000,2697.2000,2698.0000,2699.0000,3,2,1,1,1,1,1,1,1,2
SF,IH2006,2020-02-03 09:30:22.400,2688.4000,10055,0,246678960.000,1,0,1,多换,S,2673.8000,2666.8000,2660.2000,2660.0000,2645.0000,2686.2000,2690.0000,2697.2000,2698.0000,2699.0000,2,1,1,3,2,1,1,1,1,2
SF,IH2006,2020-02-03 09:30:22.900,2688.4000,10055,0,247485480.000,1,0,1,多换,S,2674.0000,2673.8000,2666.8000,2660.2000,2660.0000,2690.0000,2698.0000,2699.0000,2699.6000,2700.0000,1,2,1,1,3,1,1,2,1,4
SF,IH2006,2020-02-03 09:30:23.400,2690.0000,10055,0,248292480.000,1,0,1,多换,S,2674.2000,2674.0000,2673.8000,2666.8000,2660.2000,2698.0000,2699.0000,2699.6000,2700.0000,2703.0000,1,1,2,1,1,1,2,1,4,17
SF,IH2006,2020-02-03 09:30:23.900,2674.2000,10054,-1,250699320.000,3,1,2,多平,S,2674.6000,2673.8000,2666.8000,2661.0000,2660.2000,2698.0000,2699.0000,2699.6000,2700.0000,2703.0000,1,2,1,2,1,1,2,1,4,17
SF,IH2006,2020-02-03 09:30:24.400,2674.2000,10054,0,250699320.000,0,-,-,-,-,2686.2000,2674.6000,2673.8000,2666.8000,2661.0000,2697.8000,2698.0000,2699.0000,2699.6000,2700.0000,5,1,2,1,2,2,1,2,1,4
SF,IH2006,2020-02-03 09:30:24.900,2697.8000,10053,-1,252314520.000,2,0,2,多平,S,2686.2000,2682.0000,2681.6000,2674.8000,2674.6000,2697.8000,2698.0000,2699.0000,2699.6000,2700.0000,4,2,1,1,1,1,1,2,1,4
SF,IH2006,2020-02-03 09:30:25.400,2697.8000,10053,0,252314520.000,0,-,-,-,-,2686.6000,2686.2000,2682.0000,2681.6000,2674.8000,2697.4000,2697.6000,2697.8000,2698.0000,2699.0000,1,4,2,1,1,1,1,1,1,2
SF,IH2006,2020-02-03 09:30:25.900,2686.2000,10048,-5,256343940.000,5,0,5,双平,S,2690.8000,2682.0000,2674.8000,2674.6000,2661.0000,2697.2000,2697.6000,2698.0000,2699.0000,2699.6000,1,2,1,1,2,2,1,1,2,1
SF,IH2006,2020-02-03 09:30:26.400,2690.8000,10047,-1,257151180.000,1,0,1,双平,S,2682.0000,2674.8000,2674.6000,2661.0000,2660.2000,2697.2000,2697.6000,2698.0000,2699.0000,2699.6000,2,1,1,2,1,2,1,1,2,1
SF,IH2006,2020-02-03 09:30:26.900,2690.8000,10047,0,257151180.000,0,-,-,-,-,2682.0000,2674.8000,2674.6000,2661.0000,2660.2000,2697.0000,2697.2000,2697.6000,2698.0000,2698.4000,2,1,1,2,1,1,2,1,1,2
SF,IH2006,2020-02-03 09:30:27.400,2690.8000,10047,0,257151180.000,0,-,-,-,-,2682.0000,2674.8000,2674.6000,2661.0000,2660.2000,2686.2000,2696.8000,2697.0000,2697.6000,2698.0000,2,1,1,2,1,2,2,1,1,1
SF,IH2006,2020-02-03 09:30:27.900,2686.2000,10044,-3,259568760.000,3,0,3,双平,S,2682.2000,2682.0000,2674.8000,2674.6000,2661.0000,2696.8000,2697.0000,2698.0000,2698.4000,2699.0000,2,2,1,1,2,2,1,1,2,2
SF,IH2006,2020-02-03 09:30:28.400,2696.8000,10045,1,260377800.000,1,1,0,双开,S,2682.2000,2682.0000,2674.8000,2661.0000,2660.2000,2696.8000,2697.0000,2698.0000,2698.4000,2699.0000,2,2,1,2,1,1,1,1,2,2
SF,IH2006,2020-02-03 09:30:28.900,2696.8000,10045,0,260377800.000,0,-,-,-,-,2682.4000,2682.2000,2682.0000,2674.8000,2661.0000,2696.8000,2698.0000,2698.4000,2699.0000,2699.6000,1,2,2,1,2,1,1,2,2,1
SF,IH2006,2020-02-03 09:30:29.400,2696.8000,10045,0,260377800.000,0,-,-,-,-,2682.6000,2682.4000,2682.0000,2674.8000,2661.0000,2696.6000,2696.8000,2698.0000,2698.4000,2699.0000,1,1,2,1,2,1,1,1,2,2
SF,IH2006,2020-02-03 09:30:29.900,2696.8000,10045,0,260377800.000,0,-,-,-,-,2682.8000,2682.6000,2682.0000,2674.8000,2661.0000,2696.4000,2696.6000,2698.0000,2698.4000,2699.0000,1,1,2,1,2,1,1,1,2,2
SF,IH2006,2020-02-03 09:30:30.400,2696.8000,10045,0,260377800.000,0,-,-,-,-,2683.0000,2682.8000,2682.0000,2661.0000,2660.2000,2696.4000,2696.6000,2698.0000,2698.4000,2699.0000,1,1,2,2,1,1,1,1,2,2
SF,IH2006,2020-02-03 09:30:30.900,2683.2000,10045,0,261991740.000,2,1,1,多换,S,2683.0000,2682.0000,2661.0000,2660.2000,2660.0000,2696.2000,2696.4000,2696.6000,2698.0000,2698.4000,1,2,2,1,3,1,1,1,1,2
SF,IH2006,2020-02-03 09:30:31.400,2696.0000,10046,1,262800540.000,1,1,0,双开,S,2684.0000,2683.0000,2661.0000,2660.2000,2660.0000,2696.0000,2696.6000,2698.0000,2698.4000,2699.0000,2,1,2,1,3,2,2,1,2,2
SF,IH2006,2020-02-03 09:30:31.900,2696.6000,10043,-3,266035920.000,4,0,4,多平,S,2684.2000,2684.0000,2661.0000,2660.2000,2660.0000,2696.6000,2698.0000,2698.4000,2699.0000,2699.6000,2,2,2,1,3,1,1,2,2,1
SF,IH2006,2020-02-03 09:30:32.400,2696.4000,10040,-3,269260800.000,4,0,4,多平,S,2684.2000,2684.0000,2661.0000,2660.2000,2660.0000,2696.4000,2696.6000,2698.0000,2698.4000,2699.0000,1,2,2,1,3,1,1,1,2,2
SF,IH2006,2020-02-03 09:30:32.900,2696.4000,10039,-1,270069720.000,1,0,1,双平,S,2684.2000,2684.0000,2661.0000,2660.2000,2660.0000,2696.6000,2698.0000,2698.4000,2699.0000,2699.6000,1,2,2,1,3,1,1,2,2,1
SF,IH2006,2020-02-03 09:30:33.400,2696.6000,10038,-1,270878700.000,1,0,1,双平,S,2685.8000,2684.6000,2684.4000,2684.2000,2661.0000,2696.2000,2698.0000,2698.4000,2699.0000,2699.6000,2,1,1,1,2,1,1,2,2,1
SF,IH2006,2020-02-03 09:30:33.900,2696.2000,10037,-1,273299160.000,3,1,2,多平,S,2686.0000,2685.8000,2684.4000,2661.0000,2660.2000,2698.0000,2698.4000,2699.0000,2699.6000,2700.0000,2,2,1,2,1,1,2,2,1,4
SF,IH2006,2020-02-03 09:30:34.400,2696.6000,10037,0,274917480.000,2,1,1,多换,S,2686.0000,2685.8000,2684.4000,2661.0000,2660.2000,2698.0000,2698.4000,2699.0000,2699.6000,2700.0000,2,2,1,2,1,1,2,2,1,4
SF,IH2006,2020-02-03 09:30:34.900,2698.0000,10036,-1,275726880.000,1,0,1,双平,S,2686.0000,2685.8000,2661.0000,2660.2000,2660.0000,2696.6000,2698.4000,2699.0000,2699.6000,2700.0000,3,2,2,1,3,1,2,2,1,4
SF,IH2006,2020-02-03 09:30:35.400,2686.2000,10035,-1,276532740.000,1,0,1,双平,S,2686.2000,2686.0000,2685.8000,2661.0000,2660.2000,2696.6000,2698.4000,2699.0000,2699.6000,2700.0000,2,3,2,2,1,1,2,2,1,4
SF,IH2006,2020-02-03 09:30:35.900,2686.4000,10030,-5,280569000.000,5,0,5,双平,S,2698.0000,2697.0000,2686.4000,2686.2000,2686.0000,2698.4000,2699.0000,2699.6000,2700.0000,2703.0000,1,1,1,2,2,1,2,1,4,17
SF,IH2006,2020-02-03 09:30:36.400,2697.0000,10028,-2,283806360.000,4,1,3,多平,S,2686.4000,2686.0000,2685.8000,2661.0000,2660.2000,2698.0000,2698.2000,2698.4000,2699.0000,2699.6000,1,2,2,2,1,1,1,1,2,1
SF,IH2006,2020-02-03 09:30:36.900,2698.0000,10027,-1,284615760.000,1,0,1,双平,S,2687.0000,2686.6000,2686.4000,2686.0000,2685.8000,2698.2000,2698.4000,2699.0000,2699.6000,2700.0000,1,2,1,1,2,1,1,2,1,4
SF,IH2006,2020-02-03 09:30:37.400,2698.0000,10027,0,284615760.000,0,-,-,-,-,2687.2000,2687.0000,2686.6000,2686.0000,2685.8000,2698.0000,2698.2000,2698.4000,2699.0000,2699.6000,2,1,1,1,2,8,1,1,2,1
SF,IH2006,2020-02-03 09:30:37.900,2698.4000,10035,8,292709940.000,10,9,1,空开,S,2698.4000,2696.6000,2687.4000,2687.2000,2687.0000,2699.0000,2699.6000,2700.0000,2703.0000,2706.0000,5,1,2,2,1,2,1,4,17,1
SF,IH2006,2020-02-03 09:30:38.400,2698.4000,10035,0,296757540.000,5,2,3,多换,S,2698.4000,2696.6000,2687.4000,2687.2000,2687.0000,2699.0000,2699.6000,2700.0000,2703.0000,2706.0000,1,1,2,2,1,2,1,4,17,1
SF,IH2006,2020-02-03 09:30:38.900,2696.6000,10035,0,299185440.000,3,1,2,多换,S,2688.0000,2687.4000,2687.2000,2687.0000,2686.8000,2698.4000,2699.0000,2699.6000,2700.0000,2703.0000,1,2,2,1,1,1,2,1,4,17
SF,IH2006,2020-02-03 09:30:39.400,2696.6000,10035,0,299185440.000,0,-,-,-,-,2688.2000,2688.0000,2687.0000,2686.8000,2686.0000,2698.2000,2698.4000,2699.0000,2699.6000,2700.0000,2,1,1,1,1,1,1,2,1,4
SF,IH2006,2020-02-03 09:30:39.900,2698.2000,10035,0,299994900.000,1,0,1,多换,S,2688.4000,2688.2000,2688.0000,2687.0000,2686.8000,2698.4000,2699.0000,2699.6000,2700.0000,2703.0000,1,2,1,1,1,1,2,1,4,17
SF,IH2006,2020-02-03 09:30:40.400,2688.6000,10032,-3,303224160.000,4,0,4,多平,S,2688.6000,2688.4000,2688.2000,2688.0000,2687.0000,2699.0000,2699.6000,2700.0000,2700.2000,2703.0000,1,1,1,1,1,2,1,4,5,17
SF,IH2006,2020-02-03 09:30:40.900,2688.6000,10031,-1,304030740.000,1,0,1,双平,S,2698.8000,2688.8000,2688.6000,2688.0000,2686.8000,2699.0000,2699.6000,2700.0000,2700.2000,2703.0000,1,2,1,1,1,2,1,4,5,17
SF,IH2006,2020-02-03 09:30:41.400,2699.0000,10031,0,305650080.000,2,1,1,多换,S,2688.8000,2688.0000,2686.8000,2686.0000,2685.8000,2699.0000,2699.6000,2700.0000,2700.2000,2703.0000,2,1,1,2,2,1,1,4,5,17
SF,IH2006,2020-02-03 09:30:41.900,2699.0000,10031,0,306459780.000,1,0,1,多换,S,2689.0000,2688.8000,2688.0000,2686.8000,2686.0000,2699.0000,2699.6000,2700.0000,2700.2000,2703.0000,1,2,1,1,2,1,1,4,5,17
SF,IH2006,2020-02-03 09:30:42.400,2699.0000,10031,0,306459780.000,0,-,-,-,-,2689.2000,2689.0000,2688.8000,2688.0000,2686.8000,2696.6000,2699.0000,2699.6000,2700.0000,2700.2000,1,1,1,1,1,1,1,2,4,5
SF,IH2006,2020-02-03 09:30:42.900,2699.0000,10030,-1,308079180.000,2,0,2,多平,S,2689.4000,2689.2000,2688.0000,2686.8000,2686.0000,2699.6000,2700.0000,2700.2000,2703.0000,2706.0000,1,1,1,1,2,2,4,5,17,1
SF,IH2006,2020-02-03 09:30:43.400,2699.6000,10029,-1,308889060.000,1,0,1,双平,S,2689.8000,2689.6000,2689.4000,2688.0000,2686.8000,2699.6000,2700.0000,2700.2000,2703.0000,2706.0000,1,2,2,1,1,1,4,5,17,1
SF,IH2006,2020-02-03 09:30:43.900,2699.6000,10029,0,308889060.000,0,-,-,-,-,2690.0000,2689.8000,2689.6000,2688.0000,2686.8000,2699.6000,2700.0000,2700.2000,2703.0000,2706.0000,2,1,1,1,1,1,4,5,17,1
SF,IH2006,2020-02-03 09:30:44.400,2699.6000,10029,0,308889060.000,0,-,-,-,-,2690.0000,2689.6000,2688.0000,2686.8000,2686.0000,2697.2000,2699.6000,2700.0000,2700.2000,2703.0000,2,1,1,1,2,1,1,4,5,17
SF,IH2006,2020-02-03 09:30:44.900,2699.6000,10029,0,308889060.000,0,-,-,-,-,2692.0000,2690.2000,2690.0000,2689.6000,2688.0000,2697.2000,2699.6000,2700.0000,2700.2000,2703.0000,1,1,3,1,1,1,1,4,5,17
SF,IH2006,2020-02-03 09:30:45.400,2697.0000,10028,-1,310505820.000,2,0,2,多平,S,2692.2000,2692.0000,2690.2000,2688.0000,2686.8000,2697.2000,2699.6000,2700.0000,2700.2000,2703.0000,2,1,1,1,1,1,1,4,5,17
SF,IH2006,2020-02-03 09:30:45.900,2697.0000,10028,0,310505820.000,0,-,-,-,-,2692.2000,2688.0000,2686.8000,2686.0000,2685.6000,2697.2000,2699.6000,2700.0000,2700.2000,2703.0000,2,1,1,2,1,1,1,4,5,17
SF,IH2006,2020-02-03 09:30:46.400,2692.2000,10025,-3,314547720.000,5,1,4,多平,S,2688.0000,2686.8000,2686.0000,2685.6000,2661.0000,2692.2000,2697.0000,2699.6000,2700.0000,2700.2000,1,1,2,1,3,1,1,1,4,5
SF,IH2006,2020-02-03 09:30:46.900,2692.2000,10023,-2,316163040.000,2,0,2,双平,S,2688.4000,2688.2000,2688.0000,2686.8000,2686.0000,2699.6000,2700.0000,2700.2000,2703.0000,2706.0000,1,3,1,1,2,1,4,5,17,1
SF,IH2006,2020-02-03 09:30:47.400,2692.2000,10023,0,316163040.000,0,-,-,-,-,2692.6000,2688.6000,2688.2000,2688.0000,2686.8000,2699.2000,2699.6000,2700.0000,2700.2000,2703.0000,1,2,1,1,1,1,1,4,5,17
SF,IH2006,2020-02-03 09:30:47.900,2692.2000,10023,0,316163040.000,0,-,-,-,-,2692.8000,2692.6000,2688.0000,2686.8000,2686.0000,2699.2000,2699.6000,2700.0000,2700.2000,2703.0000,1,1,1,1,2,1,1,4,5,17
SF,IH2006,2020-02-03 09:30:48.400,2699.0000,10023,0,316972740.000,1,0,1,多换,S,2694.8000,2692.8000,2692.6000,2688.0000,2686.8000,2699.2000,2699.6000,2700.0000,2700.2000,2703.0000,1,1,1,1,1,1,1,4,5,17
SF,IH2006,2020-02-03 09:30:48.900,2699.0000,10023,0,316972740.000,0,-,-,-,-,2695.0000,2694.8000,2692.6000,2688.0000,2686.8000,2699.6000,2700.0000,2700.2000,2703.0000,2706.0000,1,1,1,1,1,1,4,5,17,1
SF,IH2006,2020-02-03 09:30:49.400,2699.0000,10023,0,316972740.000,0,-,-,-,-,2695.0000,2692.6000,2688.0000,2686.8000,2686.0000,2699.6000,2700.0000,2700.2000,2703.0000,2706.0000,2,1,1,1,2,1,4,5,17,1
SF,IH2006,2020-02-03 09:30:49.900,2699.4000,10023,0,317782560.000,1,0,1,多换,S,2697.0000,2695.0000,2692.6000,2691.6000,2688.0000,2699.6000,2700.0000,2700.2000,2703.0000,2706.0000,1,2,1,1,1,1,4,5,17,1
SF,IH2006,2020-02-03 09:30:50.400,2699.4000,10017,-6,322640760.000,6,0,6,双平,S,2697.2000,2695.0000,2692.6000,2691.6000,2688.0000,2699.4000,2699.6000,2700.0000,2700.2000,2703.0000,2,1,1,1,1,4,1,4,5,17
SF,IH2006,2020-02-03 09:30:50.900,2699.4000,10015,-2,325069560.000,3,0,3,多平,S,2697.4000,2697.2000,2695.0000,2692.6000,2691.6000,2699.4000,2699.6000,2700.0000,2700.2000,2703.0000,2,1,1,1,1,3,1,4,5,17
SF,IH2006,2020-02-03 09:30:51.400,2699.4000,10015,0,326689200.000,2,1,1,多换,S,2697.6000,2697.4000,2695.0000,2692.6000,2691.6000,2699.4000,2699.6000,2700.0000,2700.2000,2703.0000,2,2,1,1,1,1,2,4,5,17
SF,IH2006,2020-02-03 09:30:51.900,2697.6000,10012,-3,329926980.000,4,0,4,多平,S,2697.4000,2695.0000,2692.6000,2691.6000,2688.0000,2697.6000,2699.6000,2700.0000,2700.2000,2703.0000,1,1,1,1,1,2,2,4,5,17
SF,IH2006,2020-02-03 09:30:52.400,2660.0000,10003,-9,346004100.000,20,5,15,多平,S,2659.2000,2651.2000,2651.0000,2650.2000,2650.0000,2699.6000,2700.0000,2700.2000,2703.0000,2706.0000,1,1,1,1,3,1,4,5,17,1
SF,IH2006,2020-02-03 09:30:52.900,2699.4000,10003,0,347623800.000,2,1,1,多换,S,2699.4000,2698.0000,2663.4000,2661.4000,2660.2000,2700.0000,2700.2000,2703.0000,2706.0000,2728.0000,5,1,6,3,3,4,5,17,1,1
SF,IH2006,2020-02-03 09:30:53.400,2698.0000,9997,-6,354102180.000,8,1,7,多平,S,2663.4000,2661.4000,2660.2000,2659.4000,2659.2000,2697.0000,2697.6000,2699.8000,2700.0000,2700.2000,6,3,3,4,1,1,1,1,4,5
SF,IH2006,2020-02-03 09:30:53.900,2663.6000,9997,0,355710660.000,2,1,1,多换,S,2663.6000,2663.4000,2661.4000,2660.2000,2659.4000,2697.0000,2697.6000,2700.0000,2700.2000,2703.0000,4,6,3,3,2,1,1,4,5,17
SF,IH2006,2020-02-03 09:30:54.400,2697.0000,9996,-1,356519760.000,1,0,1,双平,S,2663.6000,2663.4000,2661.4000,2660.2000,2659.4000,2696.8000,2697.6000,2700.0000,2700.2000,2703.0000,4,6,3,3,2,1,1,4,5,17
SF,IH2006,2020-02-03 09:30:54.900,2697.0000,9997,1,357328860.000,1,1,0,双开,S,2674.6000,2663.6000,2663.4000,2661.4000,2660.2000,2697.6000,2700.0000,2700.2000,2703.0000,2706.0000,1,4,6,3,3,1,4,5,17,1
SF,IH2006,2020-02-03 09:30:55.400,2697.0000,9997,0,357328860.000,0,-,-,-,-,2697.0000,2674.8000,2674.6000,2665.4000,2663.4000,2697.4000,2697.6000,2700.0000,2700.2000,2703.0000,5,2,1,1,6,2,1,4,5,17
SF,IH2006,2020-02-03 09:30:55.900,2697.4000,9995,-2,359756280.000,3,0,3,多平,S,2697.0000,2674.8000,2674.6000,2665.4000,2663.4000,2697.6000,2698.2000,2700.0000,2700.2000,2703.0000,3,2,1,1,6,1,1,4,5,17
SF,IH2006,2020-02-03 09:30:56.400,2697.4000,9995,0,359756280.000,0,-,-,-,-,2697.0000,2674.8000,2674.6000,2665.4000,2663.4000,2697.6000,2698.2000,2700.0000,2700.2000,2703.0000,3,2,1,1,6,1,1,4,5,17
SF,IH2006,2020-02-03 09:30:56.900,2697.6000,9995,0,360565560.000,1,0,1,多换,S,2698.0000,2697.0000,2674.8000,2674.6000,2665.4000,2698.2000,2700.0000,2700.2000,2703.0000,2706.0000,1,3,2,1,1,1,4,5,17,1
SF,IH2006,2020-02-03 09:30:57.400,2697.0000,9993,-2,363802560.000,4,1,3,多平,S,2697.0000,2674.8000,2674.6000,2665.4000,2663.4000,2698.0000,2698.2000,2700.0000,2700.2000,2703.0000,1,2,1,1,6,2,1,4,5,17
SF,IH2006,2020-02-03 09:30:57.900,2698.0000,9991,-2,367849260.000,5,1,4,多平,S,2697.6000,2697.0000,2674.8000,2674.6000,2671.4000,2698.2000,2700.0000,2700.2000,2703.0000,2706.0000,3,1,2,1,1,1,4,5,17,1
SF,IH2006,2020-02-03 09:30:58.400,2697.6000,9989,-2,369468000.000,2,0,2,双平,S,2697.6000,2697.0000,2674.8000,2674.6000,2671.4000,2700.0000,2700.2000,2703.0000,2706.0000,2728.0000,2,1,2,1,1,4,5,17,1,1
SF,IH2006,2020-02-03 09:30:58.900,2700.0000,9988,-1,370278000.000,1,0,1,双平,S,2698.6000,2697.6000,2697.0000,2678.4000,2674.8000,2700.0000,2700.2000,2703.0000,2706.0000,2728.0000,1,2,1,2,2,3,5,17,1,1
SF,IH2006,2020-02-03 09:30:59.400,2700.0000,9987,-1,371088000.000,1,0,1,双平,S,2698.8000,2698.6000,2697.6000,2697.0000,2686.0000,2700.0000,2700.2000,2703.0000,2706.0000,2728.0000,2,1,2,1,1,2,5,17,1,1
SF,IH2006,2020-02-03 09:30:59.900,2698.8000,9987,0,371897640.000,1,0,1,多换,S,2698.8000,2698.6000,2697.6000,2697.0000,2686.0000,2700.0000,2700.2000,2703.0000,2706.0000,2728.0000,1,1,2,1,1,2,5,17,1,1
SF,IH2006,2020-02-03 09:31:00.900,2700.0000,9986,-1,372707640.000,1,0,1,双平,S,2698.8000,2698.6000,2697.6000,2697.0000,2686.0000,2700.0000,2700.2000,2703.0000,2706.0000,2728.0000,1,1,2,1,1,1,5,17,1,1
SF,IH2006,2020-02-03 09:31:01.400,2700.0000,9986,0,373517640.000,1,0,1,多换,S,2698.6000,2697.6000,2697.0000,2686.0000,2678.4000,2699.8000,2700.2000,2703.0000,2706.0000,2728.0000,1,2,1,1,2,1,5,17,1,1
SF,IH2006,2020-02-03 09:31:01.900,2700.0000,9986,0,374327640.000,1,0,1,多换,S,2699.8000,2698.6000,2697.6000,2697.0000,2686.0000,2700.2000,2703.0000,2706.0000,2728.0000,2730.0000,1,1,2,1,1,5,17,1,1,1
SF,IH2006,2020-02-03 09:31:02.400,2700.2000,9986,0,375137700.000,1,0,1,多换,S,2698.6000,2697.6000,2697.0000,2686.0000,2678.4000,2700.0000,2700.2000,2703.0000,2706.0000,2728.0000,1,2,1,1,2,1,4,17,1,1
SF,IH2006,2020-02-03 09:31:02.900,2700.2000,9985,-1,376757760.000,2,0,2,多平,S,2698.6000,2697.6000,2697.0000,2686.0000,2678.4000,2700.0000,2700.2000,2703.0000,2706.0000,2728.0000,1,2,1,1,2,2,3,17,1,1
SF,IH2006,2020-02-03 09:31:03.400,2700.2000,9980,-5,380807940.000,5,0,5,双平,S,2698.8000,2698.6000,2697.6000,2697.0000,2686.0000,2703.0000,2706.0000,2728.0000,2730.0000,2730.2000,2,1,2,1,1,17,1,1,1,1
SF,IH2006,2020-02-03 09:31:03.900,2699.0000,9973,-7,386475840.000,7,0,7,双平,S,2699.0000,2698.8000,2698.6000,2697.6000,2697.0000,2703.0000,2706.0000,2728.0000,2730.0000,2730.2000,1,2,1,2,1,17,1,1,1,1
SF,IH2006,2020-02-03 09:31:04.400,2699.0000,9973,0,386475840.000,0,-,-,-,-,2700.0000,2699.2000,2699.0000,2698.6000,2697.6000,2703.0000,2706.0000,2728.0000,2730.0000,2730.2000,1,1,1,1,2,17,1,1,1,1
SF,IH2006,2020-02-03 09:31:04.900,2700.2000,9972,-1,388906740.000,3,1,2,多平,S,2698.6000,2697.6000,2697.0000,2686.0000,2678.4000,2703.0000,2706.0000,2728.0000,2730.0000,2730.2000,1,2,1,1,2,17,1,1,1,1
SF,IH2006,2020-02-03 09:31:05.400,2700.2000,9972,0,388906740.000,0,-,-,-,-,2699.8000,2698.8000,2698.6000,2697.6000,2697.0000,2702.8000,2703.0000,2706.0000,2728.0000,2730.0000,1,1,1,2,1,1,17,1,1,1
SF,IH2006,2020-02-03 09:31:05.900,2698.6000,9972,0,390526260.000,2,1,1,多换,S,2697.6000,2697.0000,2686.0000,2678.4000,2674.6000,2702.6000,2702.8000,2703.0000,2706.0000,2728.0000,2,1,1,2,1,1,1,17,1,1
SF,IH2006,2020-02-03 09:31:06.400,2698.6000,9972,0,390526260.000,0,-,-,-,-,2700.0000,2697.8000,2697.6000,2697.0000,2686.0000,2702.4000,2702.6000,2703.0000,2706.0000,2728.0000,1,1,2,1,1,1,1,17,1,1
SF,IH2006,2020-02-03 09:31:06.900,2700.0000,9972,0,391336260.000,1,0,1,多换,S,2697.6000,2697.0000,2686.0000,2678.4000,2674.6000,2700.0000,2702.4000,2702.6000,2703.0000,2706.0000,2,1,1,2,1,1,1,1,17,1
SF,IH2006,2020-02-03 09:31:07.400,2700.0000,9972,0,391336260.000,0,-,-,-,-,2697.6000,2697.0000,2686.0000,2678.4000,2674.6000,2699.8000,2700.0000,2703.0000,2706.0000,2728.0000,2,1,1,2,1,1,1,17,1,1
SF,IH2006,2020-02-03 09:31:07.900,2700.0000,9972,0,391336260.000,0,-,-,-,-,2697.6000,2697.0000,2686.0000,2678.4000,2674.6000,2699.8000,2700.0000,2703.0000,2706.0000,2728.0000,2,1,1,2,1,1,1,17,1,1
SF,IH2006,2020-02-03 09:31:08.400,2697.6000,9971,-1,392145540.000,1,0,1,双平,S,2697.6000,2697.0000,2686.0000,2678.4000,2674.6000,2699.8000,2700.0000,2703.0000,2706.0000,2728.0000,1,1,1,2,1,1,1,17,1,1
SF,IH2006,2020-02-03 09:31:08.900,2697.6000,9971,0,392145540.000,0,-,-,-,-,2697.6000,2697.0000,2686.0000,2678.4000,2674.6000,2699.8000,2700.0000,2703.0000,2706.0000,2728.0000,1,1,1,2,1,1,1,17,1,1
SF,IH2006,2020-02-03 09:31:09.400,2698.8000,9970,-1,395383380.000,4,1,3,多平,S,2697.0000,2686.0000,2678.4000,2674.6000,2671.4000,2698.8000,2699.8000,2700.0000,2703.0000,2706.0000,1,1,2,1,1,1,1,1,17,1
SF,IH2006,2020-02-03 09:31:09.900,2698.8000,9970,0,395383380.000,0,-,-,-,-,2697.4000,2697.2000,2697.0000,2686.0000,2678.4000,2698.8000,2699.8000,2700.0000,2703.0000,2706.0000,1,1,1,1,2,1,1,1,17,1
SF,IH2006,2020-02-03 09:31:10.400,2698.8000,9970,0,395383380.000,0,-,-,-,-,2697.4000,2697.2000,2697.0000,2686.0000,2678.4000,2698.8000,2699.8000,2700.0000,2703.0000,2706.0000,1,1,1,1,2,1,1,1,17,1
SF,IH2006,2020-02-03 09:31:10.900,2698.8000,9970,0,395383380.000,0,-,-,-,-,2697.6000,2697.4000,2697.2000,2697.0000,2686.0000,2698.8000,2699.8000,2700.0000,2702.6000,2703.0000,1,1,1,1,1,1,2,1,3,17
SF,IH2006,2020-02-03 09:31:11.400,2698.8000,9970,0,395383380.000,0,-,-,-,-,2697.6000,2697.4000,2697.2000,2697.0000,2686.0000,2698.8000,2699.8000,2700.0000,2702.6000,2703.0000,1,1,1,1,1,1,1,1,3,17
SF,IH2006,2020-02-03 09:31:11.900,2697.6000,9968,-2,397002300.000,2,0,2,双平,S,2698.8000,2697.4000,2697.2000,2697.0000,2686.0000,2699.8000,2700.0000,2702.6000,2703.0000,2706.0000,1,1,1,1,1,1,1,3,17,1
SF,IH2006,2020-02-03 09:31:12.400,2698.8000,9967,-1,397811940.000,1,0,1,双平,S,2697.4000,2697.2000,2697.0000,2686.0000,2678.4000,2698.2000,2699.8000,2700.0000,2702.6000,2703.0000,1,1,1,1,2,2,1,1,3,17
SF,IH2006,2020-02-03 09:31:12.900,2697.6000,9964,-3,400240140.000,3,0,3,双平,S,2697.4000,2697.2000,2697.0000,2686.0000,2678.4000,2698.0000,2699.8000,2700.0000,2702.6000,2703.0000,1,1,1,1,2,1,1,1,3,17
SF,IH2006,2020-02-03 09:31:13.400,2698.0000,9962,-2,401858940.000,2,0,2,双平,S,2698.8000,2698.2000,2698.0000,2697.4000,2697.2000,2699.8000,2700.0000,2702.6000,2703.0000,2706.0000,1,1,1,1,1,1,1,3,17,1
SF,IH2006,2020-02-03 09:31:13.900,2698.2000,9959,-3,404287920.000,3,0,3,双平,S,2698.0000,2697.4000,2697.2000,2697.0000,2686.0000,2699.8000,2700.0000,2702.6000,2703.0000,2706.0000,1,1,1,1,1,1,1,3,17,1
SF,IH2006,2020-02-03 09:31:14.400,2698.2000,9959,0,405097380.000,1,0,1,多换,S,2698.2000,2698.0000,2697.4000,2697.2000,2697.0000,2699.8000,2700.0000,2702.6000,2703.0000,2706.0000,1,2,1,1,1,1,1,3,17,1
SF,IH2006,2020-02-03 09:31:14.900,2698.2000,9959,0,405097380.000,0,-,-,-,-,2698.2000,2698.0000,2697.4000,2697.2000,2697.0000,2699.8000,2700.0000,2702.6000,2703.0000,2706.0000,1,2,1,1,1,1,1,3,17,1
SF,IH2006,2020-02-03 09:31:15.400,2699.8000,9959,0,406716780.000,2,1,1,多换,S,2699.8000,2698.2000,2698.0000,2697.4000,2697.2000,2700.0000,2702.6000,2703.0000,2706.0000,2728.0000,19,1,3,1,1,1,3,17,1,1
SF,IH2006,2020-02-03 09:31:15.900,2699.8000,9959,0,409146660.000,3,1,2,多换,S,2700.2000,2700.0000,2699.8000,2698.2000,2698.0000,2702.6000,2703.0000,2706.0000,2727.0000,2728.0000,2,1,17,1,2,3,17,1,2,1
SF,IH2006,2020-02-03 09:31:16.400,2702.4000,9959,0,409957380.000,1,0,1,多换,S,2700.2000,2700.0000,2699.8000,2698.2000,2698.0000,2702.4000,2702.6000,2703.0000,2706.0000,2727.0000,2,1,17,1,2,1,3,17,1,2
SF,IH2006,2020-02-03 09:31:16.900,2702.4000,9959,0,409957380.000,0,-,-,-,-,2700.2000,2700.0000,2699.8000,2698.2000,2698.0000,2702.4000,2702.6000,2703.0000,2706.0000,2727.0000,2,3,17,1,2,1,3,17,1,2
SF,IH2006,2020-02-03 09:31:17.400,2700.4000,9958,-1,410767500.000,1,0,1,双平,S,2700.4000,2700.2000,2700.0000,2699.8000,2698.0000,2702.4000,2702.6000,2703.0000,2706.0000,2727.0000,1,2,3,17,2,1,3,17,1,2
SF,IH2006,2020-02-03 09:31:17.900,2702.4000,9958,0,411578220.000,1,0,1,多换,S,2700.6000,2700.4000,2700.2000,2700.0000,2699.8000,2702.6000,2703.0000,2706.0000,2727.0000,2728.0000,1,1,2,3,17,3,17,1,2,1
SF,IH2006,2020-02-03 09:31:18.400,2700.8000,9957,-1,413199180.000,2,0,2,多平,S,2700.8000,2700.6000,2700.2000,2700.0000,2699.8000,2702.6000,2703.0000,2706.0000,2727.0000,2728.0000,1,1,2,3,17,3,17,1,2,1
SF,IH2006,2020-02-03 09:31:18.900,2700.8000,9957,0,413199180.000,0,-,-,-,-,2700.8000,2700.6000,2700.2000,2700.0000,2699.8000,2702.6000,2703.0000,2706.0000,2727.0000,2728.0000,1,1,2,3,17,3,17,1,2,1
SF,IH2006,2020-02-03 09:31:19.400,2701.0000,9957,0,414820260.000,2,1,1,多换,S,2700.6000,2700.2000,2700.0000,2699.8000,2698.0000,2702.4000,2702.6000,2703.0000,2706.0000,2727.0000,1,2,3,17,2,2,2,17,1,2
SF,IH2006,2020-02-03 09:31:19.900,2701.0000,9957,0,414820260.000,0,-,-,-,-,2700.8000,2700.6000,2700.2000,2700.0000,2699.8000,2702.4000,2702.6000,2703.0000,2706.0000,2727.0000,1,1,2,3,17,2,2,17,1,2
SF,IH2006,2020-02-03 09:31:20.400,2701.0000,9956,-1,415630560.000,1,0,1,双平,S,2700.8000,2700.6000,2700.2000,2700.0000,2699.8000,2702.4000,2702.6000,2703.0000,2706.0000,2727.0000,1,1,2,3,17,2,2,17,1,2
SF,IH2006,2020-02-03 09:31:20.900,2702.4000,9957,1,416441280.000,1,1,0,双开,S,2700.8000,2700.6000,2700.2000,2700.0000,2699.8000,2702.4000,2702.6000,2703.0000,2706.0000,2727.0000,1,1,2,3,17,1,2,17,1,2
SF,IH2006,2020-02-03 09:31:21.400,2702.4000,9957,0,416441280.000,0,-,-,-,-,2700.8000,2700.6000,2700.2000,2700.0000,2699.8000,2702.4000,2702.6000,2703.0000,2706.0000,2727.0000,1,1,2,3,17,1,2,17,1,2
SF,IH2006,2020-02-03 09:31:21.900,2702.4000,9957,0,416441280.000,0,-,-,-,-,2701.0000,2700.8000,2700.6000,2700.2000,2700.0000,2702.6000,2703.0000,2706.0000,2727.0000,2728.0000,1,1,1,2,3,2,17,1,2,1
SF,IH2006,2020-02-03 09:31:22.400,2702.4000,9957,0,416441280.000,0,-,-,-,-,2702.4000,2701.2000,2701.0000,2700.6000,2700.2000,2702.6000,2703.0000,2706.0000,2727.0000,2728.0000,1,1,1,1,2,2,17,1,2,1
SF,IH2006,2020-02-03 09:31:22.900,2702.4000,9957,0,417252000.000,1,0,1,多换,S,2701.2000,2701.0000,2700.6000,2700.2000,2700.0000,2701.8000,2702.6000,2703.0000,2706.0000,2727.0000,1,1,1,2,2,2,2,17,1,2
SF,IH2006,2020-02-03 09:31:23.400,2702.0000,9955,-2,418873200.000,2,0,2,双平,S,2702.0000,2701.8000,2701.0000,2700.2000,2700.0000,2702.6000,2703.0000,2706.0000,2727.0000,2728.0000,1,1,1,2,2,2,17,1,2,1
SF,IH2006,2020-02-03 09:31:23.900,2702.0000,9954,-1,422926680.000,5,2,3,多平,S,2701.0000,2700.2000,2700.0000,2699.8000,2698.0000,2703.0000,2706.0000,2727.0000,2728.0000,2730.0000,1,2,2,17,2,17,1,2,1,1
SF,IH2006,2020-02-03 09:31:24.400,2703.0000,9953,-1,424548480.000,2,0,2,多平,S,2701.2000,2701.0000,2700.2000,2700.0000,2699.8000,2703.0000,2706.0000,2727.0000,2728.0000,2730.0000,1,1,2,2,17,15,1,2,1,1
SF,IH2006,2020-02-03 09:31:24.900,2703.0000,9950,-3,426981180.000,3,0,3,双平,S,2701.4000,2701.2000,2701.0000,2700.2000,2700.0000,2703.0000,2706.0000,2727.0000,2728.0000,2730.0000,2,1,1,2,2,12,1,2,1,1
SF,IH2006,2020-02-03 09:31:25.400,2703.0000,9950,0,426981180.000,0,-,-,-,-,2701.4000,2701.2000,2701.0000,2700.2000,2700.0000,2703.0000,2706.0000,2727.0000,2728.0000,2730.0000,2,1,1,2,2,12,1,2,1,1
SF,IH2006,2020-02-03 09:31:25.900,2703.0000,9950,0,426981180.000,0,-,-,-,-,2701.4000,2701.2000,2701.0000,2700.2000,2700.0000,2703.0000,2706.0000,2727.0000,2728.0000,2730.0000,2,1,1,2,2,12,1,2,1,1
SF,IH2006,2020-02-03 09:31:26.400,2703.0000,9950,0,426981180.000,0,-,-,-,-,2702.6000,2701.4000,2701.2000,2701.0000,2700.2000,2703.0000,2706.0000,2727.0000,2728.0000,2730.0000,1,2,1,1,2,12,1,2,1,1
SF,IH2006,2020-02-03 09:31:26.900,2702.8000,9948,-2,429413820.000,3,0,3,多平,S,2702.6000,2701.4000,2701.2000,2701.0000,2700.0000,2703.0000,2706.0000,2727.0000,2728.0000,2730.0000,1,2,1,1,3,10,1,2,1,1
SF,IH2006,2020-02-03 09:31:27.400,2701.4000,9943,-5,435899760.000,8,1,7,多平,S,2701.2000,2701.0000,2700.0000,2699.8000,2698.0000,2701.4000,2703.0000,2706.0000,2727.0000,2728.0000,1,1,5,17,2,4,8,1,2,1
SF,IH2006,2020-02-03 09:31:27.900,2701.4000,9941,-2,439141440.000,4,1,3,多平,S,2702.4000,2701.6000,2701.0000,2700.0000,2699.8000,2703.0000,2706.0000,2727.0000,2728.0000,2730.0000,2,1,1,5,17,8,1,2,1,1
SF,IH2006,2020-02-03 09:31:28.400,2701.4000,9941,0,439141440.000,0,-,-,-,-,2701.0000,2700.0000,2699.8000,2698.0000,2697.4000,2703.0000,2706.0000,2727.0000,2728.0000,2730.0000,1,5,17,2,1,8,1,2,1,1
SF,IH2006,2020-02-03 09:31:28.900,2703.0000,9940,-1,439952340.000,1,0,1,双平,S,2701.2000,2701.0000,2700.0000,2699.8000,2698.0000,2703.0000,2706.0000,2727.0000,2728.0000,2730.0000,1,1,4,17,2,7,1,2,1,1
SF,IH2006,2020-02-03 09:31:29.400,2703.0000,9938,-2,445628640.000,7,2,5,多平,S,2703.2000,2701.2000,2701.0000,2700.0000,2699.8000,2706.0000,2727.0000,2728.0000,2730.0000,2730.2000,2,1,2,4,17,1,2,1,1,1
SF,IH2006,2020-02-03 09:31:29.900,2703.0000,9938,0,445628640.000,0,-,-,-,-,2703.4000,2703.2000,2701.0000,2700.0000,2699.8000,2705.8000,2706.0000,2727.0000,2728.0000,2730.0000,1,2,2,4,17,1,1,2,1,1
SF,IH2006,2020-02-03 09:31:30.400,2703.0000,9938,0,445628640.000,0,-,-,-,-,2703.4000,2703.2000,2701.0000,2700.0000,2699.8000,2706.0000,2727.0000,2728.0000,2730.0000,2730.2000,1,2,2,4,17,1,2,1,1,1
SF,IH2006,2020-02-03 09:31:30.900,2703.0000,9937,-1,446439540.000,1,0,1,双平,S,2703.2000,2701.0000,2700.0000,2699.8000,2698.0000,2706.0000,2727.0000,2730.0000,2730.2000,2730.8000,2,2,4,17,2,1,2,1,1,1
SF,IH2006,2020-02-03 09:31:31.400,2703.0000,9936,-1,447250440.000,1,0,1,双平,S,2703.2000,2701.0000,2700.0000,2699.8000,2698.0000,2706.0000,2727.0000,2730.0000,2730.2000,2730.8000,1,2,4,17,2,1,2,1,1,1
SF,IH2006,2020-02-03 09:31:31.900,2703.0000,9936,0,447250440.000,0,-,-,-,-,2703.2000,2701.0000,2700.0000,2699.8000,2698.0000,2705.8000,2706.0000,2727.0000,2730.0000,2730.2000,1,1,4,17,2,1,1,2,1,1
SF,IH2006,2020-02-03 09:31:32.400,2703.2000,9935,-1,448061400.000,1,0,1,双平,S,2701.0000,2700.0000,2699.8000,2698.0000,2697.4000,2703.2000,2705.8000,2706.0000,2727.0000,2730.0000,1,4,17,2,1,9,1,1,2,1
SF,IH2006,2020-02-03 09:31:32.900,2701.0000,9935,0,448871700.000,1,0,1,多换,S,2700.0000,2699.8000,2698.0000,2697.4000,2678.4000,2701.0000,2703.0000,2703.2000,2706.0000,2727.0000,4,17,2,1,2,1,3,9,1,2
SF,IH2006,2020-02-03 09:31:33.400,2703.0000,9934,-1,450492900.000,2,0,2,多平,S,2700.0000,2699.8000,2698.0000,2697.4000,2678.4000,2703.0000,2703.2000,2706.0000,2727.0000,2730.0000,4,17,2,1,2,2,9,1,2,1
SF,IH2006,2020-02-03 09:31:33.900,2703.0000,9935,1,451303800.000,1,1,0,双开,S,2700.2000,2700.0000,2699.8000,2698.0000,2697.4000,2703.0000,2703.2000,2706.0000,2727.0000,2730.0000,1,4,17,2,1,1,9,1,2,1
SF,IH2006,2020-02-03 09:31:34.400,2703.0000,9935,0,451303800.000,0,-,-,-,-,2701.4000,2700.4000,2700.2000,2700.0000,2699.8000,2703.0000,2703.2000,2706.0000,2727.0000,2730.0000,1,1,1,4,17,1,9,1,2,1
SF,IH2006,2020-02-03 09:31:34.900,2700.2000,9935,0,454544640.000,4,2,2,多换,S,2700.0000,2699.8000,2698.0000,2697.4000,2678.4000,2701.2000,2703.0000,2703.2000,2704.2000,2706.0000,4,17,2,1,2,2,1,9,1,1
SF,IH2006,2020-02-03 09:31:35.400,2700.0000,9935,0,456164640.000,2,1,1,多换,S,2700.0000,2699.8000,2698.0000,2697.4000,2678.4000,2701.2000,2703.0000,2703.2000,2704.2000,2706.0000,3,17,2,1,2,2,1,9,1,1
SF,IH2006,2020-02-03 09:31:35.900,2701.0000,9936,1,457784940.000,2,1,1,空开,S,2700.0000,2699.8000,2698.0000,2697.4000,2678.4000,2701.2000,2701.4000,2703.0000,2703.2000,2704.2000,2,17,2,1,2,2,4,1,9,1
SF,IH2006,2020-02-03 09:31:36.400,2701.0000,9936,0,457784940.000,0,-,-,-,-,2700.0000,2699.8000,2698.0000,2697.4000,2678.4000,2701.2000,2701.4000,2703.0000,2703.2000,2704.2000,2,17,1,1,2,2,4,1,9,1
SF,IH2006,2020-02-03 09:31:36.900,2700.0000,9936,0,459404940.000,2,1,1,多换,S,2699.8000,2698.0000,2697.4000,2678.4000,2674.6000,2701.2000,2701.4000,2703.0000,2703.2000,2704.2000,17,1,1,2,1,2,4,1,9,1
SF,IH2006,2020-02-03 09:31:37.400,2699.8000,9936,0,460214880.000,1,0,1,多换,S,2700.0000,2699.8000,2698.0000,2697.4000,2678.4000,2701.0000,2701.2000,2701.4000,2703.0000,2703.2000,1,16,1,1,2,1,2,4,1,9
SF,IH2006,2020-02-03 09:31:37.900,2699.8000,9936,0,460214880.000,0,-,-,-,-,2700.0000,2699.8000,2698.0000,2697.4000,2678.4000,2701.0000,2701.2000,2701.4000,2703.0000,2703.2000,1,16,1,1,2,1,2,4,1,9
SF,IH2006,2020-02-03 09:31:38.400,2700.0000,9935,-1,461024880.000,1,0,1,双平,S,2699.8000,2698.0000,2697.4000,2678.4000,2674.6000,2701.0000,2701.2000,2701.4000,2703.0000,2703.2000,16,1,1,2,1,1,2,4,1,9
SF,IH2006,2020-02-03 09:31:38.900,2700.8000,9935,0,462645360.000,2,1,1,多换,S,2699.8000,2698.0000,2697.4000,2678.4000,2674.6000,2700.0000,2700.8000,2701.0000,2701.2000,2701.4000,16,1,1,2,1,4,3,1,2,4
SF,IH2006,2020-02-03 09:31:39.400,2700.0000,9930,-5,469125180.000,8,1,7,多平,S,2700.0000,2699.8000,2698.0000,2697.4000,2678.4000,2700.8000,2701.0000,2701.2000,2701.4000,2703.0000,8,13,1,1,2,3,1,2,4,1
SF,IH2006,2020-02-03 09:31:39.900,2701.0000,9930,0,469935480.000,1,0,1,多换,S,2700.0000,2699.8000,2698.0000,2697.4000,2678.4000,2701.2000,2701.4000,2703.0000,2703.2000,2704.2000,8,13,1,1,2,2,4,1,9,1
SF,IH2006,2020-02-03 09:31:40.400,2701.0000,9929,-1,470745780.000,1,0,1,双平,S,2700.2000,2700.0000,2699.8000,2698.0000,2697.4000,2701.2000,2701.4000,2703.0000,2703.2000,2704.2000,1,8,13,1,1,2,4,1,9,1
SF,IH2006,2020-02-03 09:31:40.900,2700.2000,9929,0,471555840.000,1,0,1,多换,S,2700.0000,2699.8000,2698.0000,2697.4000,2678.4000,2701.2000,2701.4000,2703.0000,2703.2000,2704.2000,8,13,1,1,2,2,4,1,9,1
SF,IH2006,2020-02-03 09:31:41.400,2700.0000,9928,-1,473176140.000,2,0,2,多平,S,2700.0000,2699.8000,2698.0000,2697.4000,2678.4000,2701.0000,2701.2000,2701.4000,2703.2000,2704.2000,7,13,1,1,2,2,2,4,9,1
SF,IH2006,2020-02-03 09:31:41.900,2700.8000,9928,0,473986380.000,1,0,1,多换,S,2700.0000,2699.8000,2698.0000,2697.4000,2678.4000,2701.0000,2701.2000,2701.4000,2703.2000,2704.2000,7,13,1,1,2,2,2,4,9,1
SF,IH2006,2020-02-03 09:31:42.400,2700.0000,9928,0,475606380.000,2,1,1,多换,S,2700.0000,2699.8000,2698.0000,2697.4000,2678.4000,2700.2000,2701.0000,2701.2000,2701.4000,2703.2000,4,13,1,1,2,10,2,2,4,9
SF,IH2006,2020-02-03 09:31:42.900,2701.0000,9919,-9,486137280.000,13,2,11,多平,S,2700.0000,2699.8000,2698.0000,2697.4000,2678.4000,2701.0000,2701.2000,2701.4000,2703.2000,2704.2000,2,13,1,1,2,1,2,4,9,1
SF,IH2006,2020-02-03 09:31:43.400,2700.0000,9920,1,487757280.000,2,1,1,空开,S,2699.8000,2698.0000,2697.4000,2678.4000,2674.6000,2700.0000,2701.0000,2701.2000,2701.4000,2703.2000,13,1,1,2,1,2,1,2,4,9
SF,IH2006,2020-02-03 09:31:43.900,2701.2000,9918,-2,495047280.000,9,3,6,多平,S,2700.2000,2700.0000,2699.8000,2698.0000,2697.4000,2701.2000,2701.4000,2703.2000,2704.2000,2706.0000,2,1,7,1,1,1,4,9,1,1
SF,IH2006,2020-02-03 09:31:44.400,2701.2000,9917,-1,495857640.000,1,0,1,双平,S,2700.0000,2699.8000,2698.0000,2697.4000,2678.4000,2701.4000,2703.2000,2704.2000,2706.0000,2708.8000,1,7,1,1,2,4,9,1,1,2
SF,IH2006,2020-02-03 09:31:44.900,2701.2000,9916,-1,498288840.000,3,1,2,多平,S,2701.2000,2700.2000,2700.0000,2699.8000,2698.0000,2701.4000,2703.2000,2704.2000,2706.0000,2708.8000,1,2,1,7,1,2,9,1,1,2
SF,IH2006,2020-02-03 09:31:45.400,2701.4000,9915,-1,500720040.000,3,1,2,多平,S,2700.2000,2700.0000,2699.8000,2698.0000,2697.4000,2703.2000,2704.2000,2706.0000,2708.8000,2709.8000,2,2,7,1,1,9,1,1,2,1
SF,IH2006,2020-02-03 09:31:45.900,2701.4000,9915,0,500720040.000,0,-,-,-,-,2700.2000,2700.0000,2699.8000,2698.0000,2697.4000,2703.0000,2703.2000,2704.2000,2706.0000,2708.8000,2,3,7,1,1,1,9,1,1,2
SF,IH2006,2020-02-03 09:31:46.400,2700.4000,9914,-1,501530160.000,1,0,1,双平,S,2701.4000,2700.0000,2699.8000,2698.0000,2697.4000,2702.8000,2703.2000,2704.2000,2706.0000,2708.8000,2,4,7,1,1,1,9,1,1,2
SF,IH2006,2020-02-03 09:31:47.400,2700.4000,9914,0,501530160.000,0,-,-,-,-,2701.4000,2700.4000,2700.0000,2699.8000,2698.0000,2702.8000,2703.2000,2704.2000,2706.0000,2708.8000,2,1,4,7,2,1,9,1,1,2
SF,IH2006,2020-02-03 09:31:47.900,2701.4000,9914,0,503151000.000,2,1,1,多换,S,2700.4000,2700.0000,2699.8000,2698.0000,2697.4000,2701.4000,2702.8000,2703.2000,2704.2000,2706.0000,1,4,7,2,1,9,1,9,1,1
SF,IH2006,2020-02-03 09:31:48.400,2701.4000,9913,-1,503961420.000,1,0,1,双平,S,2701.2000,2700.4000,2700.0000,2699.8000,2698.0000,2701.4000,2703.2000,2704.2000,2706.0000,2708.8000,1,3,4,7,2,8,9,1,1,2
SF,IH2006,2020-02-03 09:31:48.900,2701.2000,9906,-7,510444720.000,8,0,8,多平,S,2700.4000,2700.0000,2699.8000,2698.0000,2697.4000,2701.2000,2701.4000,2703.2000,2704.2000,2706.0000,3,4,7,2,1,1,1,9,1,1
SF,IH2006,2020-02-03 09:31:49.400,2700.6000,9905,-1,512875680.000,3,1,2,多平,S,2700.4000,2700.0000,2699.8000,2698.0000,2697.4000,2703.2000,2704.2000,2706.0000,2708.8000,2709.8000,1,4,7,2,1,9,1,1,2,1
SF,IH2006,2020-02-03 09:31:49.900,2700.6000,9905,0,512875680.000,0,-,-,-,-,2700.6000,2700.4000,2700.0000,2699.8000,2698.0000,2701.2000,2703.2000,2704.2000,2706.0000,2708.8000,2,2,4,7,2,1,9,1,1,2
SF,IH2006,2020-02-03 09:31:50.400,2701.2000,9904,-1,513686040.000,1,0,1,双平,S,2700.6000,2700.4000,2700.0000,2699.8000,2698.0000,2703.2000,2704.2000,2706.0000,2708.8000,2709.8000,2,2,4,7,2,9,1,1,2,1
SF,IH2006,2020-02-03 09:31:50.900,2701.2000,9904,0,513686040.000,0,-,-,-,-,2700.6000,2700.4000,2700.0000,2699.8000,2698.0000,2703.2000,2704.2000,2706.0000,2708.8000,2709.8000,2,2,4,7,2,9,1,1,2,1
SF,IH2006,2020-02-03 09:31:51.400,2701.2000,9904,0,513686040.000,0,-,-,-,-,2700.6000,2700.4000,2700.0000,2699.8000,2698.0000,2703.2000,2704.2000,2706.0000,2708.8000,2709.8000,2,2,4,7,2,9,1,1,2,1
SF,IH2006,2020-02-03 09:31:51.900,2701.2000,9904,0,513686040.000,0,-,-,-,-,2700.6000,2700.4000,2700.0000,2699.8000,2698.0000,2703.0000,2703.2000,2704.2000,2706.0000,2708.8000,2,2,4,7,2,1,9,1,1,2
SF,IH2006,2020-02-03 09:31:52.400,2703.2000,9902,-2,515307900.000,2,0,2,双平,S,2700.6000,2700.4000,2700.0000,2699.8000,2698.0000,2703.2000,2704.2000,2706.0000,2708.8000,2709.8000,2,2,4,7,2,8,1,1,2,1
SF,IH2006,2020-02-03 09:31:52.900,2703.2000,9902,0,515307900.000,0,-,-,-,-,2700.6000,2700.4000,2700.0000,2699.8000,2698.0000,2703.0000,2703.2000,2704.2000,2706.0000,2708.8000,2,2,4,7,2,1,8,1,1,2
SF,IH2006,2020-02-03 09:31:53.400,2703.2000,9902,0,515307900.000,0,-,-,-,-,2700.6000,2700.4000,2700.0000,2699.8000,2698.0000,2703.2000,2704.2000,2706.0000,2708.8000,2709.8000,2,2,4,7,2,8,1,1,2,1
SF,IH2006,2020-02-03 09:31:53.900,2703.0000,9903,1,516118800.000,1,1,0,双开,S,2700.6000,2700.4000,2700.0000,2699.8000,2698.0000,2703.2000,2704.2000,2706.0000,2708.8000,2709.8000,2,2,4,7,2,8,1,1,2,1
SF,IH2006,2020-02-03 09:31:54.400,2703.0000,9903,0,516118800.000,0,-,-,-,-,2700.8000,2700.6000,2700.4000,2700.0000,2699.8000,2703.2000,2704.2000,2706.0000,2708.8000,2709.8000,1,2,2,4,7,8,1,1,2,1
SF,IH2006,2020-02-03 09:31:54.900,2703.0000,9903,0,516118800.000,0,-,-,-,-,2703.0000,2702.8000,2701.0000,2700.8000,2700.6000,2703.2000,2704.2000,2706.0000,2708.8000,2709.8000,1,1,2,1,2,8,1,1,2,1
SF,IH2006,2020-02-03 09:31:55.400,2701.8000,9902,-1,519361380.000,4,1,3,多平,S,2701.0000,2700.6000,2700.4000,2700.0000,2699.8000,2702.2000,2703.0000,2703.2000,2706.0000,2708.8000,1,2,2,3,7,2,1,8,1,2
SF,IH2006,2020-02-03 09:31:55.900,2701.8000,9902,0,519361380.000,0,-,-,-,-,2701.2000,2701.0000,2700.6000,2700.4000,2700.0000,2703.0000,2703.2000,2706.0000,2708.8000,2709.8000,1,1,2,2,3,1,8,1,2,1
SF,IH2006,2020-02-03 09:31:56.400,2701.4000,9902,0,520171800.000,1,0,1,多换,S,2701.2000,2701.0000,2700.6000,2700.4000,2700.0000,2703.0000,2703.2000,2706.0000,2708.8000,2709.8000,1,1,2,2,3,1,8,1,2,1
SF,IH2006,2020-02-03 09:31:56.900,2701.4000,9902,0,520171800.000,0,-,-,-,-,2701.0000,2700.6000,2700.4000,2700.0000,2699.8000,2703.0000,2703.2000,2706.0000,2708.8000,2709.8000,1,2,2,3,7,1,8,1,2,1
SF,IH2006,2020-02-03 09:31:57.400,2701.0000,9902,0,521792460.000,2,1,1,多换,S,2700.6000,2700.4000,2700.0000,2699.8000,2698.0000,2701.0000,2703.0000,2703.2000,2706.0000,2708.8000,2,2,3,7,2,5,1,8,1,2
SF,IH2006,2020-02-03 09:31:57.900,2701.0000,9901,-1,523413060.000,2,0,2,多平,S,2700.6000,2700.4000,2700.0000,2699.8000,2698.0000,2701.0000,2703.0000,2703.2000,2706.0000,2708.8000,2,2,2,7,2,3,1,8,1,2
SF,IH2006,2020-02-03 09:31:58.400,2701.0000,9901,0,523413060.000,0,-,-,-,-,2700.6000,2700.4000,2700.0000,2699.8000,2698.0000,2701.0000,2703.0000,2703.2000,2706.0000,2708.8000,2,2,3,7,2,3,1,8,1,2
SF,IH2006,2020-02-03 09:31:59.400,2701.0000,9901,0,525843720.000,3,1,2,多换,S,2700.4000,2700.0000,2699.8000,2698.0000,2697.4000,2701.0000,2703.0000,2703.2000,2706.0000,2708.8000,2,3,7,2,1,2,1,8,1,2
SF,IH2006,2020-02-03 09:31:59.900,2700.6000,9899,-2,529894740.000,5,1,4,多平,S,2700.4000,2700.0000,2699.8000,2698.0000,2697.4000,2701.0000,2703.0000,2703.2000,2706.0000,2708.8000,2,3,7,2,1,1,1,8,1,2
SF,IH2006,2020-02-03 09:32:00.400,2700.6000,9899,0,529894740.000,0,-,-,-,-,2700.4000,2700.0000,2699.8000,2698.0000,2697.4000,2701.0000,2703.0000,2703.2000,2706.0000,2708.8000,2,3,7,2,1,1,1,8,1,2
SF,IH2006,2020-02-03 09:32:01.900,2700.4000,9899,0,531514980.000,2,1,1,多换,S,2700.0000,2699.8000,2698.0000,2697.4000,2680.0000,2700.4000,2701.0000,2703.0000,2703.2000,2706.0000,3,7,2,1,1,3,1,1,8,1
SF,IH2006,2020-02-03 09:32:02.400,2700.4000,9899,0,534755460.000,4,2,2,多换,S,2700.4000,2700.0000,2699.8000,2698.0000,2697.4000,2701.0000,2703.0000,2703.2000,2706.0000,2708.8000,2,3,7,2,1,1,1,8,1,2
SF,IH2006,2020-02-03 09:32:02.900,2700.0000,9899,0,537995700.000,4,2,2,多换,S,2700.0000,2699.8000,2698.0000,2697.4000,2680.8000,2700.4000,2701.0000,2703.0000,2703.2000,2706.0000,1,7,2,1,3,1,1,1,8,1
SF,IH2006,2020-02-03 09:32:03.400,2700.2000,9899,0,542045580.000,5,2,3,多换,S,2699.8000,2698.0000,2697.4000,2680.8000,2680.0000,2700.4000,2701.0000,2703.0000,2703.2000,2706.0000,4,2,1,3,1,1,1,1,8,1
SF,IH2006,2020-02-03 09:32:03.900,2701.0000,9911,12,555816360.000,17,14,3,空开,S,2701.0000,2698.0000,2697.4000,2680.8000,2680.0000,2703.0000,2703.2000,2706.0000,2708.8000,2709.8000,17,2,1,3,1,1,8,1,2,1
SF,IH2006,2020-02-03 09:32:04.400,2701.0000,9912,1,556626660.000,1,1,0,双开,S,2701.0000,2698.0000,2697.4000,2680.8000,2680.0000,2702.8000,2703.0000,2703.2000,2706.0000,2708.8000,16,2,1,3,1,6,1,8,1,2
SF,IH2006,2020-02-03 09:32:04.900,2702.8000,9913,1,563921820.000,9,5,4,空开,S,2701.0000,2698.0000,2697.4000,2680.8000,2680.0000,2702.8000,2703.0000,2703.2000,2706.0000,2708.8000,12,2,1,3,1,5,1,8,1,2
SF,IH2006,2020-02-03 09:32:05.400,2701.0000,9913,0,564732120.000,1,0,1,多换,S,2701.0000,2698.0000,2697.4000,2680.8000,2680.0000,2702.8000,2703.0000,2703.2000,2706.0000,2708.8000,11,2,1,3,1,5,1,8,1,2
SF,IH2006,2020-02-03 09:32:05.900,2702.8000,9918,5,568786320.000,5,5,0,双开,S,2701.0000,2698.0000,2697.4000,2680.8000,2680.0000,2703.0000,2703.2000,2706.0000,2708.8000,2709.8000,11,2,1,3,1,1,8,1,2,1
SF,IH2006,2020-02-03 09:32:06.400,2701.2000,9917,-1,570407520.000,2,0,2,多平,S,2701.0000,2700.6000,2698.0000,2697.4000,2680.8000,2702.8000,2703.0000,2703.2000,2706.0000,2708.8000,11,3,2,1,3,1,1,8,1,2
SF,IH2006,2020-02-03 09:32:06.900,2702.8000,9918,1,571218360.000,1,1,0,双开,S,2701.2000,2701.0000,2700.6000,2698.0000,2697.4000,2703.0000,2703.2000,2706.0000,2708.8000,2709.8000,1,11,3,2,1,1,8,1,2,1
SF,IH2006,2020-02-03 09:32:07.400,2702.8000,9918,0,571218360.000,0,-,-,-,-,2701.4000,2701.2000,2701.0000,2700.6000,2698.0000,2703.0000,2703.2000,2706.0000,2708.8000,2709.8000,1,1,11,3,2,1,8,1,2,1
SF,IH2006,2020-02-03 09:32:07.900,2702.8000,9918,0,571218360.000,0,-,-,-,-,2701.4000,2701.2000,2701.0000,2700.6000,2698.0000,2703.0000,2706.0000,2708.8000,2709.8000,2727.0000,1,1,11,3,2,1,1,2,1,2
SF,IH2006,2020-02-03 09:32:08.400,2702.8000,9918,0,571218360.000,0,-,-,-,-,2701.2000,2701.0000,2700.6000,2698.0000,2697.4000,2703.0000,2706.0000,2708.8000,2709.8000,2727.0000,1,1,3,2,1,1,1,2,1,2
SF,IH2006,2020-02-03 09:32:08.900,2703.0000,9916,-2,572839620.000,2,0,2,双平,S,2701.0000,2700.6000,2698.0000,2697.4000,2680.8000,2706.0000,2708.8000,2709.8000,2727.0000,2730.0000,1,3,2,1,3,1,2,1,2,4
SF,IH2006,2020-02-03 09:32:09.400,2703.0000,9916,0,572839620.000,0,-,-,-,-,2701.0000,2700.6000,2698.0000,2697.4000,2680.8000,2706.0000,2708.8000,2709.8000,2727.0000,2730.0000,1,3,2,1,3,2,2,1,2,4
SF,IH2006,2020-02-03 09:32:09.900,2701.0000,9917,1,573649920.000,1,1,0,双开,S,2700.6000,2698.0000,2697.4000,2680.8000,2680.4000,2705.8000,2706.0000,2708.8000,2709.8000,2727.0000,3,2,1,3,1,1,2,2,1,2
SF,IH2006,2020-02-03 09:32:10.900,2700.6000,9918,1,574460100.000,1,1,0,双开,S,2700.8000,2700.6000,2698.0000,2697.4000,2680.8000,2705.8000,2706.0000,2708.8000,2709.8000,2727.0000,2,2,2,1,3,1,2,2,1,2
SF,IH2006,2020-02-03 09:32:11.400,2700.6000,9918,0,574460100.000,0,-,-,-,-,2701.6000,2700.8000,2700.6000,2698.0000,2697.4000,2705.8000,2706.0000,2708.8000,2709.8000,2727.0000,2,2,2,2,1,1,1,2,1,2
SF,IH2006,2020-02-03 09:32:11.900,2700.6000,9918,0,574460100.000,0,-,-,-,-,2701.6000,2700.6000,2698.0000,2697.4000,2680.8000,2705.8000,2706.0000,2708.8000,2709.8000,2727.0000,2,2,2,1,3,1,2,2,1,2
SF,IH2006,2020-02-03 09:32:12.400,2705.8000,9918,0,575271840.000,1,0,1,多换,S,2701.8000,2701.6000,2700.6000,2698.0000,2697.4000,2705.6000,2706.0000,2708.8000,2709.8000,2727.0000,2,2,2,2,1,1,2,2,1,2
SF,IH2006,2020-02-03 09:32:12.900,2705.8000,9918,0,575271840.000,0,-,-,-,-,2701.8000,2701.6000,2700.6000,2698.0000,2697.4000,2705.6000,2706.0000,2708.8000,2709.8000,2727.0000,2,2,2,2,1,1,1,2,1,2
SF,IH2006,2020-02-03 09:32:13.400,2705.8000,9918,0,576083580.000,1,0,1,多换,S,2701.8000,2701.6000,2701.0000,2700.6000,2698.0000,2706.0000,2708.8000,2709.8000,2727.0000,2730.0000,2,2,1,2,2,1,2,1,2,4
SF,IH2006,2020-02-03 09:32:13.900,2705.8000,9918,0,576083580.000,0,-,-,-,-,2701.8000,2701.6000,2701.0000,2700.6000,2698.0000,2706.0000,2708.8000,2709.8000,2727.0000,2730.0000,2,2,1,2,2,1,2,1,2,4
SF,IH2006,2020-02-03 09:32:14.400,2706.0000,9918,0,576895380.000,1,0,1,多换,S,2701.8000,2701.6000,2701.0000,2700.6000,2698.0000,2708.8000,2709.8000,2727.0000,2730.0000,2730.2000,1,2,1,2,2,2,1,2,4,1
SF,IH2006,2020-02-03 09:32:14.900,2706.0000,9918,0,576895380.000,0,-,-,-,-,2701.8000,2701.6000,2701.0000,2700.6000,2698.0000,2706.0000,2708.8000,2709.8000,2727.0000,2730.0000,1,2,1,2,2,1,2,1,2,4
SF,IH2006,2020-02-03 09:32:15.400,2706.0000,9918,0,576895380.000,0,-,-,-,-,2702.0000,2701.8000,2701.6000,2701.0000,2700.6000,2706.0000,2708.8000,2709.8000,2727.0000,2730.0000,1,1,2,1,2,1,2,1,2,4
SF,IH2006,2020-02-03 09:32:15.900,2706.0000,9918,0,576895380.000,0,-,-,-,-,2702.2000,2702.0000,2701.6000,2701.0000,2700.6000,2708.8000,2709.8000,2727.0000,2730.0000,2730.2000,1,1,2,1,2,2,1,2,4,1
SF,IH2006,2020-02-03 09:32:16.400,2706.0000,9918,0,576895380.000,0,-,-,-,-,2702.4000,2702.2000,2701.6000,2701.0000,2700.6000,2706.0000,2708.8000,2709.8000,2727.0000,2730.0000,1,1,2,1,2,1,2,1,2,4
SF,IH2006,2020-02-03 09:32:16.900,2706.0000,9918,0,576895380.000,0,-,-,-,-,2702.6000,2702.4000,2701.6000,2701.0000,2700.6000,2706.0000,2708.8000,2709.8000,2727.0000,2730.0000,1,1,2,1,2,1,2,1,2,4
SF,IH2006,2020-02-03 09:32:17.400,2706.0000,9918,0,576895380.000,0,-,-,-,-,2702.8000,2702.6000,2702.4000,2701.6000,2701.0000,2706.0000,2708.8000,2709.8000,2727.0000,2730.0000,1,1,1,2,1,1,2,1,2,4
SF,IH2006,2020-02-03 09:32:17.900,2706.0000,9918,0,576895380.000,0,-,-,-,-,2703.0000,2702.8000,2702.4000,2701.6000,2701.0000,2705.8000,2708.8000,2709.8000,2727.0000,2730.0000,1,1,1,2,1,1,2,1,2,4
SF,IH2006,2020-02-03 09:32:18.400,2706.0000,9918,0,576895380.000,0,-,-,-,-,2703.0000,2702.4000,2701.6000,2701.0000,2700.6000,2705.8000,2708.8000,2709.8000,2727.0000,2730.0000,1,1,2,1,2,1,2,1,2,4
SF,IH2006,2020-02-03 09:32:18.900,2706.0000,9918,0,576895380.000,0,-,-,-,-,2703.0000,2701.6000,2701.0000,2700.6000,2698.0000,2705.8000,2708.8000,2709.8000,2727.0000,2730.0000,1,2,1,2,2,1,2,1,2,4
SF,IH2006,2020-02-03 09:32:19.400,2705.8000,9918,0,577707120.000,1,0,1,多换,S,2705.8000,2703.2000,2703.0000,2701.6000,2701.0000,2708.8000,2709.8000,2727.0000,2730.0000,2730.2000,1,2,1,2,1,2,1,2,4,1
SF,IH2006,2020-02-03 09:32:19.900,2705.8000,9918,0,577707120.000,0,-,-,-,-,2706.0000,2705.8000,2703.2000,2701.6000,2701.0000,2707.0000,2708.8000,2709.8000,2727.0000,2730.0000,1,1,1,2,1,1,2,1,2,4
SF,IH2006,2020-02-03 09:32:20.400,2707.0000,9916,-2,579331020.000,2,0,2,双平,S,2707.6000,2707.2000,2705.8000,2703.2000,2701.6000,2708.8000,2709.8000,2727.0000,2730.0000,2730.2000,2,1,1,1,2,2,1,2,4,1
SF,IH2006,2020-02-03 09:32:20.900,2708.8000,9916,0,580956300.000,2,1,1,多换,S,2708.8000,2707.2000,2705.8000,2703.2000,2701.6000,2709.8000,2727.0000,2730.0000,2730.2000,2730.8000,3,1,1,1,2,1,2,4,1,1
SF,IH2006,2020-02-03 09:32:21.400,2707.2000,9916,0,584206380.000,4,2,2,多换,S,2705.8000,2701.6000,2701.0000,2700.6000,2700.0000,2706.0000,2709.8000,2727.0000,2730.0000,2730.2000,2,2,1,2,1,1,1,2,4,1
SF,IH2006,2020-02-03 09:32:21.900,2706.0000,9913,-3,586641780.000,3,0,3,双平,S,2706.4000,2705.8000,2701.6000,2701.0000,2700.6000,2708.8000,2709.8000,2727.0000,2730.0000,2730.2000,1,2,2,1,2,1,1,2,4,1
SF,IH2006,2020-02-03 09:32:22.400,2706.0000,9913,0,586641780.000,0,-,-,-,-,2705.8000,2701.6000,2701.0000,2700.6000,2700.0000,2708.6000,2708.8000,2709.8000,2727.0000,2730.0000,2,2,1,2,1,1,1,1,2,4
SF,IH2006,2020-02-03 09:32:23.400,2706.0000,9913,0,586641780.000,0,-,-,-,-,2708.6000,2706.0000,2705.8000,2701.6000,2701.0000,2708.8000,2709.8000,2727.0000,2730.0000,2730.2000,5,1,2,2,1,1,1,2,4,1
SF,IH2006,2020-02-03 09:32:23.900,2708.6000,9914,1,590704680.000,5,3,2,空开,S,2706.0000,2705.8000,2701.6000,2701.0000,2700.6000,2708.6000,2708.8000,2709.8000,2727.0000,2730.0000,1,2,2,1,2,2,1,1,2,4
SF,IH2006,2020-02-03 09:32:24.400,2706.0000,9915,1,591516480.000,1,1,0,双开,S,2705.8000,2701.6000,2700.6000,2700.0000,2698.0000,2708.4000,2708.6000,2708.8000,2709.8000,2727.0000,2,2,2,1,2,2,2,1,1,2
SF,IH2006,2020-02-03 09:32:24.900,2708.4000,9915,0,593141520.000,2,1,1,多换,S,2708.4000,2706.0000,2705.8000,2701.6000,2700.6000,2708.6000,2708.8000,2709.8000,2727.0000,2730.0000,3,2,2,2,2,2,1,1,2,4
SF,IH2006,2020-02-03 09:32:25.400,2708.4000,9916,1,595579080.000,3,2,1,空开,S,2706.0000,2705.8000,2701.6000,2700.6000,2700.0000,2708.6000,2708.8000,2709.8000,2727.0000,2730.0000,2,2,2,2,1,1,1,1,2,4
SF,IH2006,2020-02-03 09:32:26.400,2708.6000,9916,0,596391660.000,1,0,1,多换,S,2706.0000,2705.8000,2701.6000,2700.6000,2700.0000,2708.8000,2709.8000,2727.0000,2730.0000,2730.2000,2,2,2,2,1,1,1,2,4,1
SF,IH2006,2020-02-03 09:32:26.900,2708.6000,9916,0,596391660.000,0,-,-,-,-,2708.6000,2706.0000,2705.8000,2701.6000,2700.6000,2708.8000,2709.8000,2727.0000,2730.0000,2730.2000,1,2,2,2,2,1,1,2,4,1
SF,IH2006,2020-02-03 09:32:27.400,2708.8000,9915,-1,598016880.000,2,0,2,多平,S,2706.0000,2705.8000,2701.6000,2700.6000,2700.0000,2708.0000,2709.8000,2727.0000,2730.0000,2730.2000,2,2,2,2,1,1,1,2,4,1
SF,IH2006,2020-02-03 09:32:27.900,2708.8000,9915,0,598016880.000,0,-,-,-,-,2706.0000,2705.8000,2701.6000,2700.6000,2700.0000,2708.0000,2709.8000,2727.0000,2730.0000,2730.2000,2,2,2,2,1,1,1,2,4,1
SF,IH2006,2020-02-03 09:32:28.400,2708.8000,9915,0,598016880.000,0,-,-,-,-,2706.0000,2705.8000,2701.6000,2700.6000,2700.0000,2708.0000,2709.8000,2727.0000,2730.0000,2730.2000,2,2,2,2,1,1,1,2,4,1
SF,IH2006,2020-02-03 09:32:28.900,2708.8000,9915,0,598016880.000,0,-,-,-,-,2706.0000,2705.8000,2701.6000,2700.6000,2700.0000,2708.0000,2709.8000,2727.0000,2730.0000,2730.2000,2,2,2,2,1,1,1,2,4,1
SF,IH2006,2020-02-03 09:32:29.400,2708.8000,9915,0,598016880.000,0,-,-,-,-,2706.0000,2705.8000,2701.6000,2700.6000,2700.0000,2708.0000,2709.8000,2727.0000,2730.0000,2730.2000,3,2,2,2,1,1,1,2,4,1
SF,IH2006,2020-02-03 09:32:29.900,2706.2000,9914,-1,599640600.000,2,0,2,多平,S,2706.0000,2705.8000,2701.6000,2700.6000,2700.0000,2708.0000,2709.8000,2727.0000,2730.0000,2730.2000,3,2,2,2,1,1,1,2,4,1
SF,IH2006,2020-02-03 09:32:30.400,2708.0000,9914,0,600453000.000,1,0,1,多换,S,2706.2000,2706.0000,2705.8000,2701.6000,2700.6000,2709.8000,2727.0000,2730.0000,2730.2000,2730.8000,1,3,2,2,2,1,2,4,1,1
SF,IH2006,2020-02-03 09:32:30.900,2708.0000,9914,0,600453000.000,0,-,-,-,-,2706.4000,2706.2000,2706.0000,2705.8000,2701.6000,2709.8000,2727.0000,2730.0000,2730.2000,2730.8000,1,1,3,2,2,1,2,4,1,1
SF,IH2006,2020-02-03 09:32:31.400,2708.0000,9914,0,600453000.000,0,-,-,-,-,2706.6000,2706.4000,2706.0000,2705.8000,2701.6000,2709.8000,2727.0000,2730.0000,2730.2000,2730.8000,1,1,3,2,2,1,2,4,1,1
SF,IH2006,2020-02-03 09:32:31.900,2709.8000,9914,0,601265940.000,1,0,1,多换,S,2706.6000,2706.4000,2706.0000,2705.8000,2701.6000,2727.0000,2730.0000,2730.2000,2730.8000,2743.4000,1,1,3,2,2,2,4,1,1,1
SF,IH2006,2020-02-03 09:32:32.400,2706.8000,9913,-1,603702960.000,3,1,2,多平,S,2706.6000,2706.4000,2706.0000,2705.8000,2701.6000,2718.2000,2719.2000,2721.0000,2721.6000,2725.0000,1,1,3,2,2,1,1,1,1,1
SF,IH2006,2020-02-03 09:32:32.900,2705.8000,9913,0,610197480.000,8,4,4,多换,S,2701.6000,2700.6000,2700.0000,2698.0000,2697.4000,2702.4000,2718.0000,2718.2000,2719.2000,2721.0000,2,2,1,1,1,3,1,1,1,1
SF,IH2006,2020-02-03 09:32:33.400,2702.4000,9911,-2,612629880.000,3,0,3,多平,S,2702.8000,2702.4000,2700.6000,2700.0000,2698.0000,2718.0000,2718.2000,2719.2000,2721.6000,2725.0000,1,1,2,1,1,1,1,1,1,1
SF,IH2006,2020-02-03 09:32:33.900,2702.4000,9911,0,612629880.000,0,-,-,-,-,2703.0000,2702.4000,2700.6000,2700.0000,2698.0000,2717.8000,2718.0000,2719.2000,2721.6000,2725.0000,1,1,2,1,1,1,1,1,1,1
SF,IH2006,2020-02-03 09:32:34.400,2702.4000,9911,0,612629880.000,0,-,-,-,-,2703.0000,2702.8000,2702.4000,2700.6000,2700.0000,2717.6000,2717.8000,2719.2000,2721.6000,2725.0000,1,1,1,2,1,1,1,1,1,1
SF,IH2006,2020-02-03 09:32:34.900,2702.4000,9911,0,612629880.000,0,-,-,-,-,2703.6000,2703.0000,2702.4000,2700.6000,2700.0000,2717.4000,2717.6000,2719.2000,2721.6000,2725.0000,1,1,1,2,1,1,1,1,1,1
SF,IH2006,2020-02-03 09:32:35.400,2702.4000,9911,0,612629880.000,0,-,-,-,-,2703.8000,2703.6000,2702.4000,2700.6000,2700.0000,2717.2000,2717.4000,2719.2000,2721.6000,2725.0000,1,2,1,2,1,2,2,1,1,1
SF,IH2006,2020-02-03 09:32:35.900,2702.4000,9911,0,612629880.000,0,-,-,-,-,2703.6000,2700.6000,2700.0000,2698.0000,2697.4000,2717.0000,2717.2000,2717.4000,2719.2000,2721.6000,1,2,1,1,1,1,2,1,1,1
SF,IH2006,2020-02-03 09:32:36.400,2702.4000,9911,0,612629880.000,0,-,-,-,-,2708.0000,2704.2000,2703.6000,2700.6000,2700.0000,2716.8000,2717.0000,2717.2000,2719.2000,2721.6000,1,1,1,2,1,2,1,1,1,1
SF,IH2006,2020-02-03 09:32:36.900,2702.4000,9911,0,612629880.000,0,-,-,-,-,2708.0000,2704.2000,2700.6000,2700.0000,2698.0000,2716.6000,2716.8000,2719.2000,2721.6000,2725.0000,1,1,2,1,1,1,2,1,1,1
SF,IH2006,2020-02-03 09:32:37.400,2702.4000,9911,0,612629880.000,0,-,-,-,-,2708.0000,2704.2000,2703.6000,2700.6000,2700.0000,2716.4000,2716.6000,2719.2000,2721.6000,2725.0000,1,1,1,2,1,3,2,1,1,1
SF,IH2006,2020-02-03 09:32:37.900,2702.4000,9911,0,612629880.000,0,-,-,-,-,2708.0000,2706.0000,2704.2000,2703.6000,2700.6000,2716.2000,2716.4000,2719.2000,2721.6000,2725.0000,1,1,1,1,2,1,3,1,1,1
SF,IH2006,2020-02-03 09:32:38.400,2703.0000,9912,1,613440780.000,1,1,0,双开,S,2706.0000,2704.2000,2703.6000,2700.6000,2700.0000,2716.0000,2716.2000,2719.2000,2721.6000,2725.0000,1,1,1,2,1,2,1,1,1,1
SF,IH2006,2020-02-03 09:32:38.900,2703.0000,9912,0,613440780.000,0,-,-,-,-,2706.2000,2706.0000,2703.6000,2700.6000,2700.0000,2715.8000,2716.0000,2719.2000,2721.6000,2725.0000,1,1,1,2,1,1,2,1,1,1
SF,IH2006,2020-02-03 09:32:39.400,2703.0000,9912,0,613440780.000,0,-,-,-,-,2706.2000,2706.0000,2703.6000,2700.6000,2700.0000,2715.6000,2715.8000,2719.2000,2721.6000,2725.0000,1,1,1,2,1,2,1,1,1,1
SF,IH2006,2020-02-03 09:32:39.900,2703.0000,9912,0,613440780.000,0,-,-,-,-,2706.0000,2705.6000,2703.6000,2700.6000,2700.0000,2708.0000,2715.4000,2715.6000,2719.2000,2721.6000,1,1,1,2,1,1,1,2,1,1
SF,IH2006,2020-02-03 09:32:40.400,2708.0000,9910,-2,615065580.000,2,0,2,双平,S,2706.2000,2706.0000,2703.6000,2700.6000,2700.0000,2714.0000,2715.6000,2719.2000,2721.6000,2725.0000,3,1,1,2,1,1,2,1,1,1
SF,IH2006,2020-02-03 09:32:40.900,2708.0000,9910,0,615065580.000,0,-,-,-,-,2706.2000,2706.0000,2703.6000,2700.6000,2700.0000,2713.8000,2714.0000,2719.2000,2721.6000,2725.0000,1,1,1,2,1,2,1,1,1,1
SF,IH2006,2020-02-03 09:32:41.400,2708.0000,9910,0,615065580.000,0,-,-,-,-,2706.2000,2706.0000,2703.6000,2700.6000,2700.0000,2712.4000,2713.8000,2714.0000,2719.2000,2721.6000,1,1,1,2,1,1,2,1,1,1
SF,IH2006,2020-02-03 09:32:41.900,2708.0000,9910,0,615065580.000,0,-,-,-,-,2706.4000,2706.2000,2706.0000,2703.6000,2700.6000,2712.2000,2712.4000,2714.0000,2715.4000,2720.0000,1,1,1,1,2,2,1,1,1,1
SF,IH2006,2020-02-03 09:32:42.400,2708.0000,9910,0,615065580.000,0,-,-,-,-,2706.6000,2706.0000,2703.6000,2700.6000,2700.0000,2712.2000,2712.4000,2714.0000,2715.4000,2720.0000,1,1,1,2,1,2,1,1,1,1
SF,IH2006,2020-02-03 09:32:42.900,2706.6000,9909,-1,615877560.000,1,0,1,双平,S,2706.0000,2703.6000,2700.6000,2700.0000,2698.0000,2706.4000,2712.0000,2712.2000,2712.4000,2714.0000,1,1,2,1,1,1,1,2,1,1
SF,IH2006,2020-02-03 09:32:43.400,2712.0000,9908,-1,618314940.000,3,1,2,多平,S,2706.8000,2706.2000,2703.6000,2700.6000,2700.0000,2712.2000,2712.4000,2714.0000,2715.4000,2720.0000,2,1,1,2,1,2,1,1,1,1
SF,IH2006,2020-02-03 09:32:43.900,2706.8000,9906,-2,619939080.000,2,0,2,双平,S,2706.8000,2703.6000,2700.6000,2700.0000,2698.0000,2712.0000,2712.2000,2712.4000,2714.0000,2715.4000,1,1,2,1,1,1,2,1,1,1
SF,IH2006,2020-02-03 09:32:44.400,2706.8000,9905,-1,620751120.000,1,0,1,双平,S,2703.6000,2700.6000,2700.0000,2698.0000,2697.4000,2711.8000,2712.0000,2712.4000,2714.0000,2715.4000,1,2,1,1,1,2,1,1,1,1
SF,IH2006,2020-02-03 09:32:44.900,2706.8000,9905,0,620751120.000,0,-,-,-,-,2703.8000,2703.6000,2700.6000,2700.0000,2698.0000,2711.8000,2712.4000,2714.0000,2715.4000,2720.0000,1,1,2,1,1,2,1,1,1,1
SF,IH2006,2020-02-03 09:32:45.400,2711.8000,9906,1,621564660.000,1,1,0,双开,S,2703.8000,2703.6000,2700.6000,2700.0000,2698.0000,2711.8000,2712.4000,2714.0000,2715.4000,2720.0000,1,1,2,1,1,1,1,1,1,1
SF,IH2006,2020-02-03 09:32:45.900,2711.8000,9905,-1,622378200.000,1,0,1,双平,S,2704.0000,2703.8000,2703.6000,2700.6000,2700.0000,2712.4000,2714.0000,2715.4000,2720.0000,2721.6000,1,1,1,2,1,1,1,1,1,1
SF,IH2006,2020-02-03 09:32:46.400,2711.8000,9905,0,622378200.000,0,-,-,-,-,2704.2000,2704.0000,2703.6000,2700.6000,2700.0000,2712.4000,2714.0000,2715.4000,2720.0000,2721.6000,1,1,1,2,1,1,1,1,1,1
SF,IH2006,2020-02-03 09:32:46.900,2711.8000,9905,0,622378200.000,0,-,-,-,-,2704.2000,2704.0000,2703.6000,2700.6000,2700.0000,2712.4000,2714.0000,2715.4000,2720.0000,2721.6000,1,1,1,2,1,1,1,1,1,1
SF,IH2006,2020-02-03 09:32:47.900,2711.8000,9905,0,622378200.000,0,-,-,-,-,2704.8000,2704.2000,2703.6000,2700.6000,2700.0000,2712.4000,2714.0000,2715.4000,2720.0000,2721.6000,1,1,1,2,1,1,1,1,1,1
SF,IH2006,2020-02-03 09:32:48.400,2704.8000,9904,-1,624001140.000,2,0,2,多平,S,2703.6000,2700.6000,2700.0000,2698.0000,2697.4000,2712.4000,2714.0000,2715.4000,2720.0000,2721.6000,1,2,2,1,1,1,1,1,1,1
SF,IH2006,2020-02-03 09:32:48.900,2704.8000,9904,0,624001140.000,0,-,-,-,-,2704.0000,2703.8000,2703.6000,2700.6000,2700.0000,2711.4000,2712.0000,2712.2000,2712.4000,2714.0000,1,1,1,2,2,1,1,1,1,1
SF,IH2006,2020-02-03 09:32:49.400,2704.8000,9904,0,624001140.000,0,-,-,-,-,2704.2000,2704.0000,2703.6000,2700.6000,2700.0000,2711.2000,2711.4000,2712.0000,2712.4000,2714.0000,1,1,1,2,2,2,1,1,1,1
SF,IH2006,2020-02-03 09:32:49.900,2704.8000,9904,0,624001140.000,0,-,-,-,-,2704.2000,2704.0000,2703.6000,2700.6000,2700.0000,2711.2000,2711.4000,2712.0000,2712.4000,2715.4000,1,1,1,2,2,2,1,1,1,1
SF,IH2006,2020-02-03 09:32:50.400,2704.8000,9904,0,624001140.000,0,-,-,-,-,2704.2000,2704.0000,2703.6000,2700.6000,2700.0000,2711.2000,2711.4000,2711.8000,2712.0000,2712.4000,1,1,1,2,2,1,1,1,1,1
SF,IH2006,2020-02-03 09:32:50.900,2711.8000,9905,1,626441460.000,3,2,1,空开,S,2704.2000,2704.0000,2703.6000,2700.6000,2700.0000,2712.0000,2712.4000,2715.4000,2720.0000,2721.6000,1,1,1,2,2,1,1,1,1,1
SF,IH2006,2020-02-03 09:32:51.400,2711.8000,9905,0,626441460.000,0,-,-,-,-,2704.6000,2704.2000,2704.0000,2703.6000,2700.6000,2704.8000,2710.0000,2712.0000,2712.4000,2715.4000,1,1,1,1,2,1,1,1,1,1
SF,IH2006,2020-02-03 09:32:51.900,2704.8000,9903,-2,628064340.000,2,0,2,双平,S,2704.8000,2704.6000,2703.6000,2700.6000,2700.0000,2710.0000,2712.0000,2712.4000,2715.4000,2720.0000,2,1,1,2,2,1,1,1,1,1
SF,IH2006,2020-02-03 09:32:52.400,2704.8000,9903,0,628064340.000,0,-,-,-,-,2705.0000,2704.8000,2704.6000,2703.6000,2700.6000,2710.0000,2712.0000,2712.4000,2715.4000,2720.0000,1,2,1,1,2,1,1,1,1,1
SF,IH2006,2020-02-03 09:32:52.900,2704.8000,9903,0,628064340.000,0,-,-,-,-,2705.0000,2704.8000,2703.6000,2700.6000,2700.0000,2709.4000,2710.0000,2712.0000,2712.4000,2715.4000,2,2,1,2,2,1,1,1,1,1
SF,IH2006,2020-02-03 09:32:53.400,2704.8000,9903,0,628064340.000,0,-,-,-,-,2705.2000,2705.0000,2704.8000,2703.6000,2700.6000,2709.4000,2710.0000,2712.0000,2712.4000,2715.4000,1,1,2,1,2,1,1,1,1,1
SF,IH2006,2020-02-03 09:32:53.900,2704.8000,9903,0,628064340.000,0,-,-,-,-,2705.4000,2705.2000,2704.8000,2703.6000,2700.6000,2709.0000,2709.4000,2710.0000,2711.0000,2712.0000,1,1,2,1,2,1,1,1,1,1
SF,IH2006,2020-02-03 09:32:54.400,2704.8000,9903,0,628064340.000,0,-,-,-,-,2705.4000,2705.2000,2704.8000,2703.6000,2700.6000,2709.0000,2709.4000,2710.0000,2711.0000,2712.0000,1,1,2,1,2,1,1,1,1,1
SF,IH2006,2020-02-03 09:32:54.900,2704.8000,9903,0,628064340.000,0,-,-,-,-,2706.0000,2705.4000,2705.2000,2704.8000,2703.6000,2709.0000,2709.4000,2710.0000,2711.0000,2712.0000,1,1,1,2,1,1,1,1,1,1
SF,IH2006,2020-02-03 09:32:55.400,2704.8000,9903,0,628064340.000,0,-,-,-,-,2706.4000,2706.2000,2706.0000,2704.8000,2703.6000,2709.0000,2709.4000,2710.0000,2711.0000,2712.0000,2,1,1,2,1,1,1,1,1,1
SF,IH2006,2020-02-03 09:32:55.900,2704.8000,9903,0,628064340.000,0,-,-,-,-,2706.8000,2706.6000,2706.0000,2704.8000,2703.6000,2709.0000,2709.4000,2710.0000,2711.0000,2712.4000,2,1,1,1,1,1,1,1,1,1
SF,IH2006,2020-02-03 09:32:56.400,2704.8000,9903,0,628064340.000,0,-,-,-,-,2707.2000,2707.0000,2706.0000,2704.8000,2703.6000,2709.4000,2710.0000,2711.0000,2712.4000,2720.0000,2,1,1,1,1,1,1,1,1,1
SF,IH2006,2020-02-03 09:32:56.900,2706.0000,9903,0,628876140.000,1,0,1,多换,S,2707.2000,2706.0000,2704.8000,2703.6000,2700.6000,2709.4000,2710.0000,2711.0000,2712.4000,2720.0000,2,1,1,1,2,1,1,1,1,1
SF,IH2006,2020-02-03 09:32:57.400,2706.0000,9903,0,628876140.000,0,-,-,-,-,2707.6000,2707.4000,2706.0000,2704.8000,2703.6000,2709.4000,2710.0000,2711.0000,2712.4000,2720.0000,2,1,1,1,2,1,1,1,1,1
SF,IH2006,2020-02-03 09:32:57.900,2706.0000,9903,0,628876140.000,0,-,-,-,-,2707.8000,2706.0000,2704.8000,2703.6000,2700.6000,2709.4000,2710.0000,2711.0000,2712.4000,2720.0000,3,1,1,2,2,1,1,1,1,1
SF,IH2006,2020-02-03 09:32:58.400,2706.0000,9903,0,628876140.000,0,-,-,-,-,2707.8000,2706.4000,2706.0000,2704.8000,2703.6000,2709.4000,2710.0000,2711.0000,2712.4000,2720.0000,3,1,1,1,2,1,1,1,1,1
SF,IH2006,2020-02-03 09:32:58.900,2707.2000,9898,-5,633748980.000,6,0,6,多平,S,2708.0000,2706.4000,2706.0000,2704.8000,2703.6000,2709.0000,2709.4000,2710.0000,2711.0000,2712.4000,1,1,1,1,2,1,1,1,1,1
SF,IH2006,2020-02-03 09:32:59.400,2707.2000,9898,0,634561140.000,1,0,1,多换,S,2706.4000,2706.0000,2704.8000,2703.6000,2700.6000,2708.8000,2709.0000,2709.4000,2710.0000,2711.0000,1,1,1,2,2,2,1,1,14,1
SF,IH2006,2020-02-03 09:32:59.900,2707.2000,9898,0,634561140.000,0,-,-,-,-,2706.4000,2706.0000,2704.8000,2703.6000,2700.6000,2708.6000,2709.0000,2709.4000,2710.0000,2711.0000,1,1,1,2,2,2,1,1,14,1
SF,IH2006,2020-02-03 09:33:00.900,2707.2000,9898,0,634561140.000,0,-,-,-,-,2706.4000,2706.0000,2704.8000,2703.6000,2700.6000,2708.6000,2709.0000,2709.4000,2710.0000,2711.0000,1,1,1,2,2,2,1,1,14,1
SF,IH2006,2020-02-03 09:33:01.400,2706.0000,9897,-1,636184860.000,2,0,2,多平,S,2704.8000,2703.6000,2700.6000,2700.0000,2698.0000,2708.6000,2709.0000,2709.4000,2710.0000,2711.0000,1,2,2,2,1,1,1,1,14,1
SF,IH2006,2020-02-03 09:33:01.900,2705.0000,9896,-1,636996360.000,1,0,1,双平,S,2704.8000,2703.6000,2700.6000,2700.0000,2698.0000,2709.0000,2709.4000,2710.0000,2711.0000,2712.4000,1,2,2,2,1,1,1,14,1,1
SF,IH2006,2020-02-03 09:33:02.900,2705.0000,9896,0,636996360.000,0,-,-,-,-,2704.8000,2703.6000,2700.6000,2700.0000,2698.0000,2708.8000,2709.0000,2709.4000,2710.0000,2711.0000,1,2,2,2,1,1,1,1,14,1
SF,IH2006,2020-02-03 09:33:03.400,2705.0000,9896,0,636996360.000,0,-,-,-,-,2704.8000,2703.6000,2700.6000,2700.0000,2698.0000,2708.6000,2708.8000,2709.0000,2709.4000,2710.0000,1,2,2,2,1,1,1,1,1,14
SF,IH2006,2020-02-03 09:33:03.900,2705.0000,9896,0,636996360.000,0,-,-,-,-,2704.8000,2703.6000,2700.6000,2700.0000,2698.0000,2708.4000,2708.6000,2708.8000,2709.0000,2709.4000,1,2,2,2,1,2,1,1,1,1
SF,IH2006,2020-02-03 09:33:04.400,2705.0000,9896,0,636996360.000,0,-,-,-,-,2704.8000,2703.6000,2700.6000,2700.0000,2698.0000,2706.0000,2707.2000,2708.0000,2708.2000,2708.4000,1,2,2,2,1,1,1,1,1,2
SF,IH2006,2020-02-03 09:33:04.900,2706.0000,9896,0,637808160.000,1,0,1,多换,S,2704.8000,2703.6000,2700.6000,2700.0000,2698.0000,2705.8000,2707.2000,2708.0000,2708.2000,2708.4000,1,2,2,2,1,1,1,1,1,2
SF,IH2006,2020-02-03 09:33:05.400,2705.8000,9897,1,638619900.000,1,1,0,双开,S,2704.8000,2703.6000,2700.6000,2700.0000,2698.0000,2707.2000,2708.0000,2708.2000,2708.4000,2709.4000,1,2,2,2,1,1,1,1,2,1
SF,IH2006,2020-02-03 09:33:05.900,2704.8000,9897,0,639431340.000,1,0,1,多换,S,2703.6000,2700.6000,2700.0000,2698.0000,2697.4000,2707.0000,2707.2000,2708.0000,2708.4000,2709.4000,2,2,2,1,1,2,1,1,1,1
SF,IH2006,2020-02-03 09:33:06.400,2704.8000,9897,0,639431340.000,0,-,-,-,-,2703.6000,2700.6000,2700.0000,2698.0000,2697.4000,2706.8000,2707.0000,2707.2000,2708.0000,2709.4000,2,2,2,1,1,2,2,1,1,1
SF,IH2006,2020-02-03 09:33:06.900,2706.0000,9898,1,641866920.000,3,2,1,空开,S,2706.0000,2703.8000,2703.6000,2700.6000,2700.0000,2706.6000,2706.8000,2707.2000,2708.0000,2709.4000,3,1,2,2,2,1,2,1,1,1
SF,IH2006,2020-02-03 09:33:07.400,2706.0000,9898,0,644302320.000,3,1,2,多换,S,2703.8000,2703.6000,2700.6000,2700.0000,2698.0000,2706.8000,2707.2000,2708.0000,2710.0000,2711.0000,1,2,2,2,1,2,1,1,15,1
SF,IH2006,2020-02-03 09:33:07.900,2706.0000,9898,0,644302320.000,0,-,-,-,-,2703.8000,2703.6000,2700.6000,2700.0000,2698.0000,2706.4000,2706.6000,2707.2000,2708.0000,2710.0000,1,2,2,2,1,2,1,1,1,15
SF,IH2006,2020-02-03 09:33:08.400,2706.0000,9898,0,644302320.000,0,-,-,-,-,2703.8000,2703.6000,2700.6000,2700.0000,2698.0000,2706.0000,2706.2000,2707.2000,2708.0000,2710.0000,1,1,2,2,1,2,2,1,1,15
SF,IH2006,2020-02-03 09:33:08.900,2706.0000,9898,0,644302320.000,0,-,-,-,-,2703.8000,2703.6000,2700.6000,2700.0000,2698.0000,2705.6000,2705.8000,2706.2000,2707.2000,2708.0000,1,1,2,2,1,2,1,1,1,1
SF,IH2006,2020-02-03 09:33:09.400,2703.8000,9897,-1,645113460.000,1,0,1,双平,S,2703.6000,2700.6000,2700.0000,2698.0000,2697.4000,2703.8000,2705.4000,2706.2000,2707.2000,2708.0000,1,2,2,1,1,1,3,1,1,1
SF,IH2006,2020-02-03 09:33:09.900,2703.8000,9896,-1,646735740.000,2,0,2,多平,S,2706.0000,2703.8000,2703.6000,2700.6000,2700.0000,2707.2000,2708.0000,2710.0000,2711.0000,2711.6000,5,1,1,2,2,1,1,15,1,1
SF,IH2006,2020-02-03 09:33:10.400,2706.0000,9897,1,650794500.000,5,3,2,空开,S,2703.8000,2703.6000,2700.6000,2700.0000,2698.0000,2707.0000,2707.2000,2708.0000,2710.0000,2711.0000,1,1,2,2,1,1,1,1,15,1
SF,IH2006,2020-02-03 09:33:10.900,2706.0000,9897,0,650794500.000,0,-,-,-,-,2703.6000,2700.6000,2700.0000,2698.0000,2697.4000,2706.8000,2707.0000,2707.2000,2708.0000,2710.0000,1,2,2,1,1,2,1,1,1,15
SF,IH2006,2020-02-03 09:33:11.400,2706.0000,9897,0,650794500.000,0,-,-,-,-,2703.8000,2703.6000,2700.6000,2700.0000,2698.0000,2706.8000,2707.0000,2707.2000,2708.0000,2710.0000,1,1,2,2,1,1,1,1,1,15
SF,IH2006,2020-02-03 09:33:11.900,2706.0000,9897,0,650794500.000,0,-,-,-,-,2703.8000,2703.6000,2700.6000,2700.0000,2698.0000,2706.0000,2707.2000,2710.0000,2711.0000,2711.6000,1,1,2,2,1,1,1,15,1,1
SF,IH2006,2020-02-03 09:33:12.400,2706.0000,9897,0,650794500.000,0,-,-,-,-,2703.8000,2703.6000,2700.6000,2700.0000,2698.0000,2704.4000,2706.0000,2707.2000,2710.0000,2711.0000,1,1,2,2,1,1,1,1,15,1
SF,IH2006,2020-02-03 09:33:12.900,2704.0000,9891,-6,656473500.000,7,0,7,多平,S,2703.6000,2700.6000,2700.0000,2698.0000,2697.4000,2706.0000,2707.2000,2710.0000,2711.6000,2712.0000,1,2,2,1,1,1,1,15,1,1
SF,IH2006,2020-02-03 09:33:13.400,2704.0000,9891,0,656473500.000,0,-,-,-,-,2703.8000,2703.6000,2700.6000,2700.0000,2698.0000,2706.0000,2707.2000,2710.0000,2711.6000,2712.0000,1,1,2,2,1,1,1,15,1,1
SF,IH2006,2020-02-03 09:33:13.900,2704.0000,9891,0,656473500.000,0,-,-,-,-,2703.8000,2703.6000,2700.6000,2700.0000,2698.0000,2706.0000,2707.2000,2710.0000,2711.6000,2712.0000,1,1,2,2,1,6,1,15,1,1
SF,IH2006,2020-02-03 09:33:14.400,2704.0000,9891,0,656473500.000,0,-,-,-,-,2703.8000,2703.6000,2700.6000,2700.0000,2698.0000,2706.0000,2707.2000,2710.0000,2711.6000,2712.0000,1,1,2,2,1,6,1,15,1,1
SF,IH2006,2020-02-03 09:33:15.900,2704.0000,9891,0,656473500.000,0,-,-,-,-,2703.8000,2703.6000,2700.6000,2700.0000,2698.0000,2705.6000,2706.0000,2707.2000,2710.0000,2711.6000,1,1,2,2,1,2,6,1,15,1
SF,IH2006,2020-02-03 09:33:16.400,2704.0000,9891,0,656473500.000,0,-,-,-,-,2703.8000,2703.6000,2700.6000,2700.0000,2698.0000,2706.0000,2707.2000,2710.0000,2711.6000,2712.0000,1,1,2,2,1,6,1,15,1,1
SF,IH2006,2020-02-03 09:33:16.900,2704.0000,9891,0,656473500.000,0,-,-,-,-,2703.8000,2703.6000,2700.6000,2700.0000,2698.0000,2706.0000,2707.2000,2710.0000,2711.6000,2712.0000,1,1,2,2,1,6,1,15,1,1
SF,IH2006,2020-02-03 09:33:17.400,2703.6000,9891,0,657284580.000,1,0,1,多换,S,2700.6000,2700.0000,2698.0000,2697.4000,2680.8000,2703.8000,2705.6000,2705.8000,2706.0000,2707.2000,2,2,1,1,3,1,2,1,7,1
SF,IH2006,2020-02-03 09:33:17.900,2703.8000,9892,1,658095720.000,1,1,0,双开,S,2700.6000,2700.0000,2698.0000,2697.4000,2680.8000,2703.8000,2706.0000,2710.0000,2711.6000,2712.0000,2,2,1,1,3,1,6,15,1,1
SF,IH2006,2020-02-03 09:33:18.400,2703.8000,9891,-1,658906860.000,1,0,1,双平,S,2700.8000,2700.6000,2700.0000,2698.0000,2697.4000,2706.0000,2710.0000,2711.6000,2712.0000,2712.4000,1,2,2,1,1,6,15,1,1,1
SF,IH2006,2020-02-03 09:33:18.900,2703.8000,9891,0,658906860.000,0,-,-,-,-,2700.8000,2700.6000,2700.0000,2698.0000,2697.4000,2705.8000,2706.0000,2710.0000,2711.6000,2712.0000,1,2,2,1,1,1,6,15,1,1
SF,IH2006,2020-02-03 09:33:19.400,2703.8000,9891,0,658906860.000,0,-,-,-,-,2700.8000,2700.6000,2700.0000,2698.0000,2697.4000,2705.0000,2705.8000,2706.0000,2710.0000,2711.6000,1,2,2,1,1,1,1,6,15,1
SF,IH2006,2020-02-03 09:33:19.900,2701.0000,9892,1,659717160.000,1,1,0,双开,S,2700.8000,2700.6000,2700.0000,2698.0000,2697.4000,2705.0000,2706.0000,2710.0000,2711.6000,2712.0000,1,2,2,1,1,1,6,15,1,1
SF,IH2006,2020-02-03 09:33:20.400,2701.0000,9892,0,659717160.000,0,-,-,-,-,2700.8000,2700.6000,2700.0000,2698.0000,2697.4000,2705.0000,2706.0000,2710.0000,2711.6000,2712.0000,1,2,2,1,1,1,6,15,1,1
SF,IH2006,2020-02-03 09:33:20.900,2701.0000,9892,0,659717160.000,0,-,-,-,-,2700.8000,2700.6000,2700.0000,2698.0000,2697.4000,2705.0000,2706.0000,2710.0000,2711.6000,2712.0000,1,2,2,1,1,1,7,15,1,1
SF,IH2006,2020-02-03 09:33:21.400,2701.0000,9892,0,659717160.000,0,-,-,-,-,2700.8000,2700.6000,2700.0000,2698.0000,2697.4000,2704.8000,2705.0000,2706.0000,2710.0000,2711.6000,1,2,2,1,1,2,1,7,15,1
SF,IH2006,2020-02-03 09:33:21.900,2701.0000,9892,0,659717160.000,0,-,-,-,-,2700.8000,2700.6000,2700.0000,2698.0000,2697.4000,2704.8000,2705.0000,2706.0000,2710.0000,2711.6000,1,2,2,1,1,2,1,7,15,1
SF,IH2006,2020-02-03 09:33:22.400,2701.0000,9892,0,661337760.000,2,1,1,多换,S,2701.0000,2700.8000,2700.6000,2700.0000,2698.0000,2704.6000,2704.8000,2705.0000,2706.0000,2710.0000,1,1,2,2,1,1,2,1,7,15
SF,IH2006,2020-02-03 09:33:22.900,2701.0000,9892,0,662958360.000,2,1,1,多换,S,2701.2000,2700.6000,2700.0000,2698.0000,2697.4000,2704.6000,2704.8000,2705.0000,2706.0000,2710.0000,4,2,2,1,1,1,2,1,7,15
SF,IH2006,2020-02-03 09:33:23.400,2701.2000,9893,1,664579080.000,2,1,1,空开,S,2701.2000,2700.6000,2700.0000,2698.0000,2697.4000,2704.6000,2704.8000,2705.0000,2706.0000,2710.0000,2,2,2,1,1,1,2,1,7,15
SF,IH2006,2020-02-03 09:33:23.900,2701.2000,9893,0,665389440.000,1,0,1,多换,S,2701.2000,2700.6000,2700.0000,2698.0000,2697.4000,2704.8000,2705.0000,2706.0000,2710.0000,2711.6000,2,2,2,1,1,2,1,7,15,1
SF,IH2006,2020-02-03 09:33:24.400,2701.2000,9893,0,666199800.000,1,0,1,多换,S,2704.6000,2701.2000,2700.6000,2700.0000,2698.0000,2704.8000,2705.0000,2706.0000,2710.0000,2711.6000,5,2,2,2,1,2,1,7,15,1
SF,IH2006,2020-02-03 09:33:24.900,2704.6000,9898,5,670256700.000,5,5,0,双开,S,2701.2000,2700.6000,2700.0000,2698.0000,2697.4000,2704.6000,2704.8000,2705.0000,2706.0000,2710.0000,2,2,2,1,1,3,2,1,7,15
SF,IH2006,2020-02-03 09:33:25.400,2704.6000,9898,0,670256700.000,0,-,-,-,-,2701.2000,2700.6000,2700.0000,2698.0000,2697.4000,2704.6000,2704.8000,2705.0000,2706.0000,2710.0000,2,2,2,1,1,3,2,1,7,15
SF,IH2006,2020-02-03 09:33:25.900,2704.6000,9898,0,670256700.000,0,-,-,-,-,2701.2000,2700.6000,2700.0000,2698.0000,2697.4000,2704.6000,2704.8000,2705.0000,2706.0000,2710.0000,2,2,2,1,1,3,2,1,7,15
SF,IH2006,2020-02-03 09:33:26.400,2704.6000,9898,0,671068080.000,1,0,1,多换,S,2701.2000,2700.6000,2700.0000,2698.0000,2697.4000,2704.6000,2704.8000,2705.0000,2706.0000,2710.0000,2,2,2,1,1,1,2,1,7,15
SF,IH2006,2020-02-03 09:33:26.900,2704.6000,9898,0,671068080.000,0,-,-,-,-,2701.4000,2701.2000,2700.6000,2700.0000,2698.0000,2704.6000,2705.0000,2706.0000,2710.0000,2710.4000,1,2,2,2,1,1,1,7,15,1
SF,IH2006,2020-02-03 09:33:27.400,2701.6000,9897,-1,671878560.000,1,0,1,双平,S,2701.4000,2701.2000,2701.0000,2700.6000,2700.0000,2704.6000,2705.0000,2706.0000,2710.0000,2710.4000,1,2,1,2,2,1,1,7,15,1
SF,IH2006,2020-02-03 09:33:27.900,2701.6000,9897,0,671878560.000,0,-,-,-,-,2701.4000,2701.2000,2701.0000,2700.6000,2700.0000,2704.6000,2705.0000,2706.0000,2710.0000,2710.4000,1,2,1,2,2,1,1,7,15,1
SF,IH2006,2020-02-03 09:33:28.400,2701.6000,9897,0,671878560.000,0,-,-,-,-,2701.4000,2701.2000,2701.0000,2700.6000,2700.0000,2704.6000,2705.0000,2706.0000,2710.0000,2710.4000,1,2,1,2,2,1,1,7,15,1
SF,IH2006,2020-02-03 09:33:28.900,2701.6000,9897,0,671878560.000,0,-,-,-,-,2704.0000,2701.6000,2701.4000,2701.2000,2701.0000,2704.6000,2705.0000,2706.0000,2707.2000,2710.0000,1,3,1,2,1,1,1,7,1,15
SF,IH2006,2020-02-03 09:33:29.400,2703.6000,9897,0,672689640.000,1,0,1,多换,S,2701.6000,2701.4000,2701.2000,2701.0000,2700.6000,2705.0000,2706.0000,2707.2000,2710.0000,2710.4000,3,1,2,1,2,1,7,1,15,1
SF,IH2006,2020-02-03 09:33:29.900,2703.6000,9897,0,672689640.000,0,-,-,-,-,2701.6000,2701.4000,2701.2000,2701.0000,2700.6000,2705.0000,2706.0000,2707.2000,2710.0000,2710.4000,3,1,2,1,2,1,7,1,15,1
SF,IH2006,2020-02-03 09:33:30.400,2704.6000,9897,0,673501020.000,1,0,1,多换,S,2704.6000,2701.6000,2701.4000,2701.2000,2701.0000,2704.8000,2705.0000,2706.0000,2707.2000,2710.0000,4,3,1,2,1,1,1,7,1,15
SF,IH2006,2020-02-03 09:33:30.900,2704.6000,9898,1,677557920.000,5,3,2,空开,S,2701.6000,2701.4000,2701.2000,2701.0000,2700.6000,2704.6000,2705.0000,2706.0000,2707.2000,2710.0000,3,1,2,1,2,1,1,7,1,15
SF,IH2006,2020-02-03 09:33:31.400,2704.6000,9898,0,677557920.000,0,-,-,-,-,2701.6000,2701.4000,2701.2000,2701.0000,2700.8000,2705.0000,2706.0000,2707.2000,2710.0000,2710.4000,3,1,2,1,1,1,7,1,15,1
SF,IH2006,2020-02-03 09:33:31.900,2704.6000,9898,0,677557920.000,0,-,-,-,-,2701.6000,2701.4000,2701.2000,2701.0000,2700.8000,2705.0000,2706.0000,2707.2000,2710.0000,2710.4000,3,1,2,1,1,1,7,1,15,1
SF,IH2006,2020-02-03 09:33:32.400,2704.6000,9898,0,677557920.000,0,-,-,-,-,2701.8000,2701.6000,2701.4000,2701.2000,2701.0000,2704.0000,2704.8000,2706.0000,2707.2000,2710.0000,1,3,1,2,1,1,1,7,1,15
SF,IH2006,2020-02-03 09:33:32.900,2704.6000,9898,0,677557920.000,0,-,-,-,-,2702.0000,2701.6000,2701.4000,2701.2000,2701.0000,2704.0000,2704.8000,2706.0000,2707.2000,2710.0000,1,3,1,2,1,1,1,7,1,15
SF,IH2006,2020-02-03 09:33:33.400,2704.6000,9898,0,677557920.000,0,-,-,-,-,2702.2000,2701.6000,2701.4000,2701.2000,2701.0000,2703.8000,2704.0000,2704.8000,2706.0000,2707.2000,1,3,1,2,1,1,1,1,7,1
SF,IH2006,2020-02-03 09:33:33.900,2704.6000,9898,0,677557920.000,0,-,-,-,-,2702.4000,2701.6000,2701.4000,2701.2000,2701.0000,2703.6000,2703.8000,2704.0000,2706.0000,2707.2000,1,3,1,2,1,1,1,1,7,1
SF,IH2006,2020-02-03 09:33:34.400,2703.4000,9899,1,679990200.000,3,2,1,空开,S,2701.6000,2701.4000,2701.2000,2701.0000,2700.8000,2703.6000,2704.0000,2706.0000,2707.2000,2710.0000,2,1,2,1,1,1,1,7,1,14
SF,IH2006,2020-02-03 09:33:34.900,2703.4000,9899,0,679990200.000,0,-,-,-,-,2701.6000,2701.4000,2701.2000,2701.0000,2700.8000,2703.4000,2703.6000,2704.0000,2706.0000,2707.2000,2,1,2,1,1,2,1,1,7,1
SF,IH2006,2020-02-03 09:33:35.400,2703.4000,9899,0,679990200.000,0,-,-,-,-,2701.6000,2701.4000,2701.2000,2701.0000,2700.8000,2703.2000,2703.4000,2704.0000,2706.0000,2707.2000,2,1,2,1,1,3,1,1,7,1
SF,IH2006,2020-02-03 09:33:35.900,2703.4000,9899,0,679990200.000,0,-,-,-,-,2701.6000,2701.4000,2701.2000,2701.0000,2700.8000,2703.2000,2703.4000,2704.0000,2706.0000,2707.2000,2,1,2,1,1,3,1,1,7,1
SF,IH2006,2020-02-03 09:33:37.400,2701.6000,9897,-2,681611160.000,2,0,2,双平,S,2701.4000,2701.2000,2701.0000,2700.8000,2700.6000,2703.2000,2703.4000,2704.0000,2706.0000,2707.2000,1,2,1,1,2,3,1,1,7,1
SF,IH2006,2020-02-03 09:33:37.900,2701.6000,9897,0,681611160.000,0,-,-,-,-,2701.4000,2701.2000,2701.0000,2700.8000,2700.6000,2703.0000,2703.2000,2703.4000,2704.0000,2706.0000,1,2,1,1,2,2,1,1,1,7
SF,IH2006,2020-02-03 09:33:38.400,2701.6000,9897,0,681611160.000,0,-,-,-,-,2701.4000,2701.2000,2701.0000,2700.8000,2700.6000,2701.6000,2703.0000,2703.2000,2703.4000,2704.0000,1,2,1,1,2,6,2,1,1,1
SF,IH2006,2020-02-03 09:33:38.900,2701.6000,9897,0,686474040.000,6,3,3,多换,S,2702.0000,2701.6000,2701.4000,2701.2000,2701.0000,2703.4000,2704.0000,2705.0000,2706.0000,2707.2000,1,1,1,2,1,1,1,1,7,1
SF,IH2006,2020-02-03 09:33:39.400,2703.4000,9896,-1,687285060.000,1,0,1,双平,S,2701.6000,2701.4000,2701.2000,2701.0000,2700.8000,2704.0000,2705.0000,2706.0000,2707.2000,2710.0000,1,1,2,1,1,1,1,7,1,14
SF,IH2006,2020-02-03 09:33:39.900,2703.4000,9896,0,687285060.000,0,-,-,-,-,2701.8000,2701.6000,2701.4000,2701.2000,2701.0000,2704.0000,2705.0000,2706.0000,2707.2000,2710.0000,1,1,2,2,1,1,1,7,1,14
SF,IH2006,2020-02-03 09:33:40.400,2702.0000,9895,-1,688095660.000,1,0,1,双平,S,2701.8000,2701.6000,2701.4000,2701.2000,2701.0000,2704.0000,2705.0000,2706.0000,2707.2000,2710.0000,1,1,2,2,1,1,1,7,1,1
SF,IH2006,2020-02-03 09:33:40.900,2702.0000,9895,0,688095660.000,0,-,-,-,-,2702.6000,2701.8000,2701.6000,2701.4000,2701.2000,2703.8000,2704.0000,2705.0000,2706.0000,2707.2000,1,1,1,1,2,1,1,1,7,1
SF,IH2006,2020-02-03 09:33:41.400,2702.0000,9895,0,688095660.000,0,-,-,-,-,2702.6000,2701.8000,2701.6000,2701.4000,2701.2000,2703.8000,2704.0000,2705.0000,2706.0000,2707.2000,1,1,1,1,2,1,1,1,7,1
SF,IH2006,2020-02-03 09:33:41.900,2702.0000,9895,0,688095660.000,0,-,-,-,-,2702.6000,2701.8000,2701.6000,2701.4000,2701.2000,2703.6000,2703.8000,2704.0000,2705.0000,2706.0000,1,1,1,1,2,1,1,1,1,7
SF,IH2006,2020-02-03 09:33:42.400,2703.4000,9894,-1,689717460.000,2,0,2,多平,S,2701.8000,2701.6000,2701.4000,2701.2000,2701.0000,2703.4000,2703.6000,2704.0000,2704.8000,2705.0000,1,1,1,2,1,2,1,1,3,1
SF,IH2006,2020-02-03 09:33:42.900,2703.4000,9894,0,689717460.000,0,-,-,-,-,2701.8000,2701.6000,2701.4000,2701.2000,2701.0000,2703.2000,2703.4000,2703.6000,2704.0000,2704.8000,1,1,1,2,1,1,2,1,1,3
SF,IH2006,2020-02-03 09:33:43.400,2703.4000,9894,0,689717460.000,0,-,-,-,-,2701.6000,2701.4000,2701.2000,2701.0000,2700.8000,2703.2000,2703.6000,2704.0000,2704.8000,2705.0000,1,1,2,1,1,1,1,1,3,1
SF,IH2006,2020-02-03 09:33:43.900,2703.4000,9894,0,689717460.000,0,-,-,-,-,2701.6000,2701.4000,2701.2000,2701.0000,2700.8000,2703.2000,2703.6000,2704.0000,2704.8000,2705.0000,1,1,2,1,1,1,1,1,3,1
SF,IH2006,2020-02-03 09:33:44.400,2703.4000,9894,0,689717460.000,0,-,-,-,-,2701.6000,2701.4000,2701.2000,2701.0000,2700.8000,2703.2000,2704.0000,2704.8000,2705.0000,2706.0000,1,1,2,1,1,1,1,3,1,7
SF,IH2006,2020-02-03 09:33:44.900,2703.4000,9894,0,689717460.000,0,-,-,-,-,2703.2000,2701.6000,2701.4000,2701.2000,2701.0000,2704.0000,2704.8000,2705.0000,2706.0000,2707.2000,1,2,1,2,1,1,3,1,7,1
SF,IH2006,2020-02-03 09:33:45.400,2703.2000,9894,0,690528420.000,1,0,1,多换,S,2703.2000,2701.6000,2701.4000,2701.2000,2701.0000,2704.0000,2704.8000,2705.0000,2705.8000,2706.0000,1,1,1,2,1,1,3,1,1,7
SF,IH2006,2020-02-03 09:33:45.900,2703.2000,9894,0,690528420.000,0,-,-,-,-,2703.2000,2701.4000,2701.2000,2701.0000,2700.8000,2704.0000,2704.8000,2705.0000,2705.8000,2706.0000,1,1,2,1,1,1,3,1,1,7
SF,IH2006,2020-02-03 09:33:46.400,2704.0000,9893,-1,691339620.000,1,0,1,双平,S,2703.2000,2701.4000,2701.2000,2701.0000,2700.8000,2704.8000,2705.0000,2705.8000,2706.0000,2707.2000,1,1,2,1,1,3,1,1,7,1
SF,IH2006,2020-02-03 09:33:46.900,2704.0000,9893,0,691339620.000,0,-,-,-,-,2703.2000,2701.4000,2701.2000,2701.0000,2700.8000,2704.6000,2704.8000,2705.0000,2705.8000,2706.0000,1,1,2,1,1,2,3,1,1,7
SF,IH2006,2020-02-03 09:33:47.400,2704.0000,9893,0,691339620.000,0,-,-,-,-,2703.2000,2701.4000,2701.2000,2701.0000,2700.8000,2704.4000,2704.6000,2704.8000,2705.0000,2705.8000,1,1,2,1,1,2,2,3,1,1
SF,IH2006,2020-02-03 09:33:47.900,2704.0000,9893,0,691339620.000,0,-,-,-,-,2703.2000,2701.4000,2701.2000,2701.0000,2700.8000,2703.6000,2704.2000,2704.4000,2704.6000,2704.8000,1,1,2,1,1,1,1,2,2,3
SF,IH2006,2020-02-03 09:33:48.400,2703.6000,9892,-1,692150700.000,1,0,1,双平,S,2703.2000,2701.4000,2701.2000,2701.0000,2700.8000,2704.2000,2704.8000,2705.0000,2705.8000,2706.0000,1,1,2,1,1,1,3,1,1,7
SF,IH2006,2020-02-03 09:33:48.900,2704.2000,9892,0,692961960.000,1,0,1,多换,S,2703.2000,2701.4000,2701.2000,2701.0000,2700.8000,2704.8000,2705.0000,2705.8000,2706.0000,2707.2000,1,1,2,1,1,3,1,1,7,1
SF,IH2006,2020-02-03 09:33:49.400,2703.2000,9891,-1,694584360.000,2,0,2,多平,S,2701.4000,2701.2000,2701.0000,2700.8000,2700.6000,2704.8000,2705.0000,2705.8000,2706.0000,2707.2000,1,2,1,1,2,2,1,1,7,1
SF,IH2006,2020-02-03 09:33:49.900,2704.8000,9890,-1,696207240.000,2,0,2,多平,S,2701.6000,2701.4000,2701.2000,2701.0000,2700.8000,2704.8000,2705.0000,2705.8000,2706.0000,2707.2000,1,1,2,1,1,1,1,1,7,1
SF,IH2006,2020-02-03 09:33:50.400,2704.8000,9890,0,696207240.000,0,-,-,-,-,2701.6000,2701.4000,2701.2000,2701.0000,2700.8000,2704.6000,2704.8000,2705.0000,2705.8000,2706.0000,1,1,2,1,1,1,1,1,1,7
SF,IH2006,2020-02-03 09:33:50.900,2704.8000,9890,0,696207240.000,0,-,-,-,-,2701.6000,2701.4000,2701.2000,2701.0000,2700.8000,2704.6000,2704.8000,2705.0000,2705.8000,2706.0000,1,1,2,1,1,1,1,1,1,7
SF,IH2006,2020-02-03 09:33:51.400,2704.8000,9890,0,696207240.000,0,-,-,-,-,2701.6000,2701.4000,2701.2000,2701.0000,2700.8000,2704.6000,2704.8000,2705.0000,2705.8000,2706.0000,1,1,2,1,1,1,1,1,1,7
SF,IH2006,2020-02-03 09:33:51.900,2704.8000,9890,0,696207240.000,0,-,-,-,-,2701.6000,2701.4000,2701.2000,2701.0000,2700.8000,2704.6000,2704.8000,2705.0000,2705.8000,2706.0000,1,1,2,1,1,1,1,1,1,7
SF,IH2006,2020-02-03 09:33:52.400,2701.8000,9890,0,697017780.000,1,0,1,多换,S,2701.6000,2701.4000,2701.2000,2701.0000,2700.8000,2704.4000,2704.8000,2705.0000,2705.8000,2706.0000,1,1,2,1,1,1,1,3,1,7
SF,IH2006,2020-02-03 09:33:52.900,2701.8000,9890,0,697017780.000,0,-,-,-,-,2701.6000,2701.4000,2701.2000,2701.0000,2700.8000,2704.2000,2704.4000,2704.8000,2705.0000,2705.8000,1,1,2,1,1,1,1,1,3,1
SF,IH2006,2020-02-03 09:33:53.400,2701.8000,9890,0,697017780.000,0,-,-,-,-,2701.6000,2701.4000,2701.2000,2701.0000,2700.8000,2704.0000,2704.2000,2704.8000,2705.0000,2705.8000,1,1,2,1,1,1,1,1,3,1
SF,IH2006,2020-02-03 09:33:53.900,2701.8000,9890,0,697017780.000,0,-,-,-,-,2701.6000,2701.4000,2701.2000,2701.0000,2700.8000,2703.8000,2704.0000,2704.2000,2704.8000,2705.0000,1,1,2,1,1,1,1,1,1,3
SF,IH2006,2020-02-03 09:33:54.400,2701.6000,9889,-1,697828260.000,1,0,1,双平,S,2701.4000,2701.2000,2701.0000,2700.8000,2700.6000,2703.8000,2704.8000,2705.0000,2705.8000,2706.0000,1,2,1,1,2,1,1,3,1,7
SF,IH2006,2020-02-03 09:33:54.900,2701.6000,9889,0,697828260.000,0,-,-,-,-,2701.4000,2701.2000,2701.0000,2700.8000,2700.6000,2704.8000,2705.0000,2705.8000,2706.0000,2707.2000,1,2,1,1,2,1,3,1,7,1
SF,IH2006,2020-02-03 09:33:55.400,2701.6000,9889,0,697828260.000,0,-,-,-,-,2701.4000,2701.2000,2701.0000,2700.8000,2700.6000,2704.6000,2704.8000,2705.0000,2705.8000,2706.0000,1,2,1,1,2,1,1,3,1,7
SF,IH2006,2020-02-03 09:33:55.900,2701.4000,9886,-3,701070120.000,4,0,4,多平,S,2701.2000,2701.0000,2700.8000,2700.6000,2700.0000,2701.4000,2704.8000,2705.0000,2705.8000,2706.0000,2,1,1,2,2,1,1,3,1,7
SF,IH2006,2020-02-03 09:33:56.400,2701.4000,9885,-1,701880540.000,1,0,1,双平,S,2701.8000,2701.4000,2701.2000,2701.0000,2700.8000,2704.8000,2705.0000,2705.8000,2706.0000,2707.2000,1,3,2,1,1,1,3,1,7,1
SF,IH2006,2020-02-03 09:33:56.900,2701.4000,9885,0,701880540.000,0,-,-,-,-,2701.4000,2701.2000,2701.0000,2700.8000,2700.6000,2704.8000,2705.0000,2705.8000,2706.0000,2707.2000,2,2,1,1,2,1,3,1,7,1
SF,IH2006,2020-02-03 09:33:59.400,2701.4000,9885,0,701880540.000,0,-,-,-,-,2701.4000,2701.2000,2701.0000,2700.8000,2700.6000,2704.8000,2705.0000,2705.8000,2706.0000,2707.2000,2,2,1,1,2,1,3,1,7,1
SF,IH2006,2020-02-03 09:33:59.900,2701.4000,9885,0,701880540.000,0,-,-,-,-,2701.4000,2701.2000,2701.0000,2700.8000,2700.6000,2704.6000,2704.8000,2705.0000,2705.8000,2706.0000,2,2,1,1,2,1,1,3,1,7
SF,IH2006,2020-02-03 09:34:00.400,2704.6000,9887,2,703503240.000,2,2,0,双开,S,2701.4000,2701.2000,2701.0000,2700.8000,2700.6000,2704.8000,2705.0000,2705.8000,2706.0000,2707.2000,2,2,1,1,2,1,3,1,7,1
SF,IH2006,2020-02-03 09:34:00.900,2704.8000,9888,1,704314680.000,1,1,0,双开,S,2701.6000,2701.4000,2701.2000,2701.0000,2700.8000,2705.0000,2705.8000,2706.0000,2707.2000,2708.2000,1,2,2,1,1,3,1,7,1,1
SF,IH2006,2020-02-03 09:34:01.400,2704.8000,9888,0,704314680.000,0,-,-,-,-,2701.6000,2701.4000,2701.2000,2701.0000,2700.8000,2704.8000,2705.0000,2705.8000,2706.0000,2707.2000,1,2,2,1,1,2,3,1,7,1
SF,IH2006,2020-02-03 09:34:01.900,2704.8000,9888,0,704314680.000,0,-,-,-,-,2701.4000,2701.2000,2701.0000,2700.8000,2700.6000,2704.8000,2705.0000,2705.8000,2706.0000,2707.2000,2,2,1,1,2,2,3,1,7,1
SF,IH2006,2020-02-03 09:34:02.400,2701.6000,9888,0,705125160.000,1,0,1,多换,S,2701.4000,2701.2000,2701.0000,2700.8000,2700.6000,2705.0000,2705.8000,2706.0000,2707.2000,2708.2000,2,2,1,1,2,3,1,7,1,1
SF,IH2006,2020-02-03 09:34:02.900,2701.6000,9888,0,705125160.000,0,-,-,-,-,2701.4000,2701.2000,2701.0000,2700.8000,2700.6000,2704.8000,2705.0000,2705.8000,2706.0000,2707.2000,2,2,1,1,2,1,3,1,7,1
SF,IH2006,2020-02-03 09:34:03.900,2701.4000,9886,-2,706746000.000,2,0,2,双平,S,2701.6000,2701.2000,2701.0000,2700.8000,2700.6000,2704.8000,2705.0000,2705.8000,2706.0000,2707.2000,1,2,1,1,2,1,3,1,7,1
SF,IH2006,2020-02-03 09:34:04.900,2701.4000,9886,0,706746000.000,0,-,-,-,-,2701.6000,2701.4000,2701.2000,2701.0000,2700.8000,2704.8000,2705.0000,2705.8000,2706.0000,2707.2000,1,1,2,1,1,1,3,1,7,1
SF,IH2006,2020-02-03 09:34:05.400,2705.0000,9887,1,708369000.000,2,1,1,空开,S,2701.6000,2701.4000,2701.2000,2701.0000,2700.8000,2705.0000,2705.8000,2706.0000,2707.2000,2708.2000,1,1,2,1,1,1,1,2,1,1
SF,IH2006,2020-02-03 09:34:05.900,2705.0000,9886,-1,709180500.000,1,0,1,双平,S,2701.6000,2701.4000,2701.2000,2701.0000,2700.8000,2705.8000,2706.0000,2707.2000,2708.2000,2710.0000,1,1,2,1,1,1,2,1,1,1
SF,IH2006,2020-02-03 09:34:06.400,2705.0000,9886,0,709180500.000,0,-,-,-,-,2701.6000,2701.4000,2701.2000,2701.0000,2700.8000,2705.8000,2706.0000,2707.2000,2708.2000,2710.0000,1,1,2,1,1,2,2,1,1,1
SF,IH2006,2020-02-03 09:34:06.900,2705.8000,9886,0,709992240.000,1,0,1,多换,S,2702.4000,2701.6000,2701.4000,2701.2000,2701.0000,2705.8000,2706.0000,2707.2000,2708.2000,2710.0000,2,1,1,2,1,1,2,1,1,1
SF,IH2006,2020-02-03 09:34:07.400,2705.8000,9886,0,709992240.000,0,-,-,-,-,2702.4000,2701.6000,2701.4000,2701.2000,2701.0000,2705.6000,2705.8000,2706.0000,2707.2000,2708.2000,2,1,1,2,1,1,1,2,1,1
SF,IH2006,2020-02-03 09:34:07.900,2705.8000,9886,0,709992240.000,0,-,-,-,-,2702.4000,2701.6000,2701.2000,2701.0000,2700.8000,2705.4000,2705.6000,2706.0000,2707.2000,2708.2000,2,1,2,1,1,2,1,2,1,1
SF,IH2006,2020-02-03 09:34:08.400,2705.8000,9886,0,709992240.000,0,-,-,-,-,2702.4000,2701.6000,2701.2000,2700.8000,2700.6000,2705.2000,2705.4000,2706.0000,2707.2000,2708.2000,2,1,2,1,2,2,2,2,1,1
SF,IH2006,2020-02-03 09:34:08.900,2705.8000,9886,0,709992240.000,0,-,-,-,-,2704.8000,2702.4000,2701.8000,2701.6000,2701.2000,2705.0000,2705.2000,2706.0000,2707.2000,2708.2000,1,2,1,1,3,1,2,2,1,1
SF,IH2006,2020-02-03 09:34:09.400,2705.2000,9885,-1,712426800.000,3,1,2,多平,S,2702.4000,2701.8000,2701.6000,2701.2000,2700.8000,2706.0000,2707.2000,2708.2000,2710.0000,2710.4000,2,1,1,3,1,2,1,1,1,1
SF,IH2006,2020-02-03 09:34:09.900,2705.2000,9885,0,712426800.000,0,-,-,-,-,2702.4000,2701.8000,2701.6000,2701.2000,2700.8000,2705.8000,2706.0000,2707.2000,2708.2000,2710.0000,2,1,1,3,1,3,2,1,1,1
SF,IH2006,2020-02-03 09:34:10.400,2705.2000,9885,0,712426800.000,0,-,-,-,-,2705.6000,2702.4000,2701.8000,2701.6000,2701.2000,2705.8000,2706.0000,2707.2000,2708.2000,2710.0000,1,1,1,1,3,3,2,1,1,1
SF,IH2006,2020-02-03 09:34:10.900,2702.4000,9884,-1,714049200.000,2,0,2,多平,S,2701.8000,2701.6000,2701.2000,2700.8000,2700.6000,2705.2000,2705.4000,2705.6000,2705.8000,2706.0000,1,1,3,1,2,1,1,2,2,2
SF,IH2006,2020-02-03 09:34:11.400,2702.4000,9884,0,714049200.000,0,-,-,-,-,2701.8000,2701.6000,2701.2000,2700.8000,2700.6000,2705.4000,2705.6000,2706.0000,2707.2000,2708.2000,1,1,3,1,2,1,2,2,1,1
SF,IH2006,2020-02-03 09:34:11.900,2705.2000,9885,1,714860760.000,1,1,0,双开,S,2701.8000,2701.6000,2701.2000,2700.8000,2700.6000,2705.4000,2705.6000,2706.0000,2707.2000,2708.2000,1,1,3,1,2,1,2,2,1,1
SF,IH2006,2020-02-03 09:34:12.400,2705.2000,9885,0,714860760.000,0,-,-,-,-,2702.0000,2701.8000,2701.6000,2701.2000,2700.8000,2705.6000,2706.0000,2707.2000,2708.2000,2710.0000,2,1,1,3,1,2,2,1,1,1
SF,IH2006,2020-02-03 09:34:12.900,2705.2000,9885,0,714860760.000,0,-,-,-,-,2702.0000,2701.8000,2701.6000,2701.2000,2700.8000,2705.4000,2705.6000,2706.0000,2707.2000,2708.2000,2,1,1,3,1,1,2,2,1,1
SF,IH2006,2020-02-03 09:34:13.400,2705.2000,9885,0,714860760.000,0,-,-,-,-,2702.0000,2701.8000,2701.6000,2701.2000,2700.8000,2705.2000,2705.4000,2705.6000,2706.0000,2707.2000,1,1,1,3,1,1,1,2,2,1
SF,IH2006,2020-02-03 09:34:13.900,2705.2000,9885,0,714860760.000,0,-,-,-,-,2702.0000,2701.8000,2701.6000,2701.2000,2700.8000,2705.2000,2705.6000,2706.0000,2707.2000,2708.2000,1,1,1,3,1,1,2,2,1,1
SF,IH2006,2020-02-03 09:34:14.400,2702.0000,9886,1,716482920.000,2,1,1,空开,S,2701.8000,2701.6000,2701.2000,2700.8000,2700.6000,2705.6000,2706.0000,2707.2000,2708.2000,2710.0000,1,1,3,1,2,2,2,1,1,1
SF,IH2006,2020-02-03 09:34:14.900,2700.6000,9881,-5,727018620.000,13,4,9,多平,S,2700.0000,2698.0000,2697.4000,2696.2000,2693.6000,2705.6000,2706.0000,2707.2000,2708.2000,2710.0000,2,1,1,1,2,2,2,1,1,1
SF,IH2006,2020-02-03 09:34:15.400,2700.6000,9881,0,727018620.000,0,-,-,-,-,2700.0000,2698.0000,2697.4000,2696.2000,2693.6000,2705.6000,2706.0000,2707.2000,2708.2000,2710.0000,2,1,1,1,2,2,2,1,1,1
SF,IH2006,2020-02-03 09:34:15.900,2700.6000,9881,0,727018620.000,0,-,-,-,-,2700.2000,2700.0000,2698.0000,2697.4000,2696.2000,2705.6000,2706.0000,2707.2000,2708.2000,2710.0000,2,2,1,1,1,2,2,1,1,1
SF,IH2006,2020-02-03 09:34:16.400,2700.6000,9881,0,727018620.000,0,-,-,-,-,2700.2000,2700.0000,2698.0000,2697.4000,2696.2000,2705.6000,2706.0000,2707.2000,2708.2000,2710.0000,2,2,1,1,1,2,2,1,1,1
SF,IH2006,2020-02-03 09:34:16.900,2700.6000,9881,0,727018620.000,0,-,-,-,-,2700.2000,2700.0000,2698.0000,2697.4000,2696.2000,2705.6000,2706.0000,2707.2000,2708.2000,2710.0000,2,2,1,1,1,2,2,1,1,1
SF,IH2006,2020-02-03 09:34:17.400,2700.6000,9881,0,727018620.000,0,-,-,-,-,2700.2000,2700.0000,2698.0000,2697.4000,2696.2000,2705.4000,2705.6000,2706.0000,2707.2000,2708.2000,2,2,1,1,1,1,2,2,1,1
SF,IH2006,2020-02-03 09:34:17.900,2700.6000,9881,0,727018620.000,0,-,-,-,-,2701.8000,2700.2000,2700.0000,2698.0000,2697.4000,2705.4000,2705.6000,2706.0000,2707.2000,2708.2000,2,2,2,1,1,1,2,2,1,1
SF,IH2006,2020-02-03 09:34:18.400,2700.6000,9881,0,727018620.000,0,-,-,-,-,2702.0000,2701.8000,2700.0000,2698.0000,2697.4000,2705.4000,2705.6000,2706.0000,2707.2000,2708.2000,1,2,2,1,1,1,2,2,1,1
SF,IH2006,2020-02-03 09:34:18.900,2700.6000,9881,0,727018620.000,0,-,-,-,-,2702.0000,2701.8000,2700.0000,2698.0000,2697.4000,2705.6000,2706.0000,2707.2000,2708.2000,2710.0000,1,2,2,1,1,2,2,1,1,1
SF,IH2006,2020-02-03 09:34:19.400,2705.4000,9882,1,727830240.000,1,1,0,双开,S,2705.4000,2702.0000,2701.8000,2700.0000,2698.0000,2705.6000,2706.0000,2707.2000,2708.2000,2710.0000,4,1,2,2,1,2,2,1,1,1
SF,IH2006,2020-02-03 09:34:19.900,2705.6000,9880,-2,733511700.000,7,2,5,多平,S,2702.0000,2701.8000,2700.0000,2698.0000,2697.4000,2706.0000,2707.2000,2708.2000,2710.0000,2710.4000,1,2,2,1,1,2,1,1,1,1
SF,IH2006,2020-02-03 09:34:20.400,2706.0000,9880,0,735135300.000,2,1,1,多换,S,2702.2000,2702.0000,2701.8000,2700.0000,2698.0000,2707.0000,2707.2000,2708.2000,2710.0000,2710.4000,1,1,2,2,1,1,1,1,1,1
SF,IH2006,2020-02-03 09:34:20.900,2706.0000,9880,0,735135300.000,0,-,-,-,-,2702.4000,2702.2000,2702.0000,2701.8000,2700.0000,2706.8000,2707.0000,2707.2000,2708.2000,2710.0000,1,1,1,2,2,1,1,1,1,2
SF,IH2006,2020-02-03 09:34:21.400,2706.0000,9880,0,735135300.000,0,-,-,-,-,2702.6000,2702.4000,2702.0000,2701.8000,2700.0000,2706.8000,2707.0000,2707.2000,2708.2000,2710.0000,1,1,1,2,2,1,1,1,1,2
SF,IH2006,2020-02-03 09:34:21.900,2706.0000,9880,0,735135300.000,0,-,-,-,-,2702.8000,2702.6000,2702.0000,2701.8000,2700.0000,2707.0000,2707.2000,2707.4000,2708.2000,2710.0000,1,1,1,2,2,1,1,2,1,2
SF,IH2006,2020-02-03 09:34:22.400,2706.0000,9880,0,735135300.000,0,-,-,-,-,2703.6000,2702.8000,2701.8000,2700.0000,2698.0000,2707.0000,2707.2000,2707.4000,2708.2000,2710.0000,1,1,2,2,1,1,1,2,1,2
