市场代码,合约代码,时间,最新,持仓,增仓,成交额,成交量,开仓,平仓,成交类型,方向,买一价,买二价,买三价,买四价,买五价,卖一价,卖二价,卖三价,卖四价,卖五价,买一量,买二量,买三量,买四量,买五量,卖一量,卖二量,卖三量,卖四量,卖五量
SF,IH2009,2020-03-03 09:29:00.300,2899.4000,6628,0,4349100.000,5.000,-,-,-,-,2899.0000,2898.2000,2897.0000,2893.6000,2891.0000,2899.4000,2899.6000,2899.8000,2900.0000,2905.0000,1,1,1,1,1,6,10,10,4,5
SF,IH2009,2020-03-03 09:30:00.300,2900.0000,6618,-10,31316220.000,31,10,21,多平,S,2902.4000,2901.6000,2901.2000,2900.8000,2900.4000,2905.0000,2905.2000,2907.8000,2910.0000,2914.6000,2,3,2,3,7,5,1,1,3,1
SF,IH2009,2020-03-03 09:30:00.800,2905.0000,6614,-4,35673720.000,5,0,5,多平,S,2902.8000,2902.6000,2902.4000,2901.6000,2901.2000,2904.4000,2905.0000,2905.2000,2907.8000,2909.0000,1,3,2,3,3,1,1,1,1,6
SF,IH2009,2020-03-03 09:30:01.300,2905.0000,6613,-1,37416540.000,2,0,2,多平,S,2904.4000,2903.2000,2903.0000,2902.8000,2902.6000,2905.2000,2907.8000,2909.0000,2910.0000,2914.6000,1,3,3,1,2,1,1,6,3,1
SF,IH2009,2020-03-03 09:30:01.800,2907.8000,6612,-1,40032000.000,3,1,2,多平,S,2904.8000,2904.6000,2903.6000,2903.2000,2903.0000,2910.0000,2914.6000,2915.0000,2916.2000,2916.8000,1,2,1,3,2,3,1,3,1,2
SF,IH2009,2020-03-03 09:30:02.300,2907.8000,6612,0,40032000.000,0,-,-,-,-,2905.0000,2904.8000,2904.6000,2904.4000,2903.2000,2907.8000,2910.0000,2912.8000,2915.0000,2916.2000,4,1,1,1,3,1,3,6,3,1
SF,IH2009,2020-03-03 09:30:02.800,2907.8000,6612,0,40032000.000,0,-,-,-,-,2905.4000,2905.0000,2904.6000,2904.4000,2903.2000,2907.8000,2910.0000,2915.0000,2916.2000,2916.8000,1,4,1,1,3,1,3,3,1,2
SF,IH2009,2020-03-03 09:30:03.300,2907.8000,6612,0,40904340.000,1,0,1,多换,S,2907.8000,2905.6000,2905.4000,2905.0000,2904.6000,2910.0000,2912.4000,2915.0000,2916.2000,2916.8000,1,5,1,1,1,3,6,3,1,2
SF,IH2009,2020-03-03 09:30:03.800,2910.0000,6612,0,41777340.000,1,0,1,多换,S,2908.2000,2908.0000,2905.6000,2904.6000,2904.4000,2910.0000,2915.0000,2916.2000,2916.8000,2920.0000,1,1,1,1,1,2,3,1,2,3
SF,IH2009,2020-03-03 09:30:04.300,2908.4000,6611,-1,42649860.000,1,0,1,双平,S,2908.2000,2905.6000,2904.6000,2904.4000,2903.2000,2910.0000,2915.0000,2916.2000,2916.8000,2920.0000,1,1,1,1,3,4,3,1,2,3
SF,IH2009,2020-03-03 09:30:04.800,2909.8000,6612,1,45268200.000,3,2,1,空开,S,2907.8000,2905.6000,2904.6000,2904.4000,2903.2000,2908.2000,2909.8000,2910.0000,2915.0000,2916.2000,5,1,1,1,3,1,5,4,3,1
SF,IH2009,2020-03-03 09:30:05.300,2907.8000,6611,-1,47012940.000,2,0,2,多平,S,2907.8000,2904.4000,2903.2000,2901.8000,2901.0000,2908.0000,2909.8000,2910.0000,2915.0000,2916.2000,4,1,3,1,1,4,6,4,3,1
SF,IH2009,2020-03-03 09:30:05.800,2910.0000,6606,-5,54867000.000,9,2,7,多平,S,2910.0000,2908.2000,2908.0000,2907.8000,2904.4000,2915.0000,2916.2000,2916.8000,2920.0000,2921.0000,3,1,1,4,1,3,1,2,3,1
SF,IH2009,2020-03-03 09:30:06.300,2910.0000,6606,0,56613000.000,2,1,1,多换,S,2910.2000,2910.0000,2908.2000,2907.8000,2904.4000,2912.0000,2913.0000,2914.0000,2914.6000,2914.8000,1,1,1,4,1,1,1,1,1,5
SF,IH2009,2020-03-03 09:30:06.800,2908.2000,6606,0,59231520.000,3,1,2,多换,S,2907.8000,2904.4000,2903.2000,2901.8000,2901.0000,2911.8000,2912.0000,2913.0000,2914.0000,2914.6000,4,1,3,1,1,2,3,1,1,1
SF,IH2009,2020-03-03 09:30:07.300,2908.2000,6606,0,59231520.000,0,-,-,-,-,2908.0000,2907.8000,2904.4000,2903.2000,2901.8000,2911.6000,2911.8000,2913.0000,2914.0000,2914.6000,2,4,1,3,1,1,1,1,1,1
SF,IH2009,2020-03-03 09:30:07.800,2915.0000,6607,1,65349960.000,7,4,3,空开,S,2908.4000,2908.2000,2908.0000,2907.8000,2904.4000,2915.0000,2916.2000,2916.8000,2920.0000,2921.0000,1,1,2,4,1,2,1,2,3,1
SF,IH2009,2020-03-03 09:30:08.300,2915.0000,6608,1,67098960.000,2,1,1,空开,S,2908.6000,2908.4000,2908.0000,2907.8000,2904.4000,2912.0000,2914.8000,2915.0000,2916.8000,2920.0000,2,1,1,4,1,1,3,2,2,3
SF,IH2009,2020-03-03 09:30:08.800,2915.0000,6608,0,67098960.000,0,-,-,-,-,2909.0000,2908.8000,2908.6000,2908.0000,2907.8000,2911.4000,2914.8000,2915.0000,2916.8000,2920.0000,1,1,2,2,4,6,1,2,2,3
SF,IH2009,2020-03-03 09:30:09.300,2915.0000,6608,0,67098960.000,0,-,-,-,-,2909.4000,2909.2000,2909.0000,2908.8000,2908.0000,2911.4000,2914.8000,2915.0000,2916.8000,2920.0000,1,2,1,1,1,6,1,2,2,3
SF,IH2009,2020-03-03 09:30:09.800,2915.0000,6608,0,67098960.000,0,-,-,-,-,2909.6000,2908.0000,2907.8000,2904.4000,2903.2000,2911.2000,2911.4000,2914.8000,2915.0000,2916.8000,1,1,4,1,3,1,6,1,2,2
SF,IH2009,2020-03-03 09:30:10.300,2911.4000,6608,0,67972380.000,1,0,1,多换,S,2909.6000,2908.0000,2907.8000,2904.4000,2903.2000,2911.0000,2914.8000,2915.0000,2916.8000,2920.0000,1,1,4,1,3,1,1,2,2,3
SF,IH2009,2020-03-03 09:30:10.800,2911.4000,6608,0,67972380.000,0,-,-,-,-,2909.8000,2909.6000,2908.0000,2907.8000,2904.4000,2911.0000,2914.8000,2915.0000,2916.8000,2920.0000,1,1,1,4,1,1,1,2,2,4
SF,IH2009,2020-03-03 09:30:11.300,2910.8000,6605,-3,71465220.000,4,0,4,多平,S,2909.8000,2908.0000,2907.8000,2906.0000,2904.4000,2915.0000,2916.8000,2920.0000,2921.0000,2921.6000,1,1,4,1,1,2,2,4,1,1
SF,IH2009,2020-03-03 09:30:11.800,2910.8000,6605,0,71465220.000,0,-,-,-,-,2910.0000,2908.0000,2907.8000,2906.0000,2904.4000,2910.8000,2912.0000,2914.0000,2914.8000,2915.0000,1,1,4,1,1,6,1,1,4,2
SF,IH2009,2020-03-03 09:30:12.300,2910.6000,6604,-1,73211400.000,2,0,2,多平,S,2908.0000,2907.8000,2904.4000,2903.2000,2901.0000,2910.8000,2914.8000,2915.0000,2916.8000,2918.0000,1,4,1,3,1,6,3,2,2,1
SF,IH2009,2020-03-03 09:30:12.800,2910.8000,6604,0,75831120.000,3,1,2,多换,S,2908.4000,2908.2000,2908.0000,2907.8000,2904.4000,2910.8000,2914.8000,2915.0000,2916.8000,2918.0000,1,5,1,4,1,3,2,2,2,1
SF,IH2009,2020-03-03 09:30:13.300,2910.8000,6606,2,79324080.000,4,3,1,空开,S,2908.6000,2908.4000,2908.2000,2907.8000,2904.4000,2914.8000,2915.0000,2916.8000,2918.0000,2920.0000,1,2,4,4,1,2,2,2,1,4
SF,IH2009,2020-03-03 09:30:13.800,2910.8000,6606,0,79324080.000,0,-,-,-,-,2909.0000,2908.6000,2908.2000,2907.8000,2904.4000,2914.6000,2914.8000,2915.0000,2916.8000,2918.0000,2,1,1,4,1,4,2,2,2,1
SF,IH2009,2020-03-03 09:30:14.300,2910.8000,6606,0,79324080.000,0,-,-,-,-,2909.2000,2909.0000,2907.8000,2904.4000,2903.2000,2911.0000,2912.0000,2914.0000,2914.4000,2914.6000,1,1,4,1,3,1,1,1,3,4
SF,IH2009,2020-03-03 09:30:14.800,2911.0000,6603,-3,81943860.000,3,0,3,双平,S,2909.6000,2909.2000,2907.8000,2904.4000,2903.2000,2914.4000,2914.6000,2915.0000,2916.8000,2918.0000,1,1,4,1,3,3,1,2,2,1
SF,IH2009,2020-03-03 09:30:15.300,2911.0000,6603,0,81943860.000,0,-,-,-,-,2909.8000,2909.2000,2908.6000,2907.8000,2904.4000,2914.2000,2914.4000,2914.6000,2915.0000,2916.8000,1,1,3,4,1,3,3,1,2,2
SF,IH2009,2020-03-03 09:30:15.800,2913.6000,6603,0,82817940.000,1,0,1,多换,S,2910.0000,2909.8000,2908.6000,2907.8000,2904.4000,2913.6000,2914.0000,2914.2000,2914.4000,2914.6000,1,1,3,4,1,1,4,3,1,1
SF,IH2009,2020-03-03 09:30:16.300,2913.6000,6603,0,82817940.000,0,-,-,-,-,2910.2000,2910.0000,2907.8000,2904.4000,2903.2000,2912.0000,2913.4000,2913.6000,2914.0000,2914.2000,1,1,4,1,3,1,3,2,2,3
SF,IH2009,2020-03-03 09:30:16.800,2913.6000,6603,0,82817940.000,0,-,-,-,-,2907.8000,2904.4000,2903.2000,2901.0000,2900.4000,2911.8000,2912.0000,2913.4000,2913.6000,2914.0000,4,1,3,1,2,3,2,3,1,2
SF,IH2009,2020-03-03 09:30:17.300,2913.6000,6603,0,83692020.000,1,0,1,多换,S,2910.8000,2908.2000,2908.0000,2907.8000,2904.4000,2911.6000,2911.8000,2913.4000,2913.6000,2914.0000,1,1,3,4,1,1,1,1,1,2
SF,IH2009,2020-03-03 09:30:17.800,2910.8000,6602,-1,84565260.000,1,0,1,双平,S,2908.2000,2908.0000,2907.8000,2904.4000,2901.0000,2910.0000,2910.6000,2910.8000,2911.4000,2911.6000,1,3,4,1,1,1,1,1,1,2
SF,IH2009,2020-03-03 09:30:18.300,2910.8000,6602,0,85438500.000,1,0,1,多换,S,2908.4000,2908.2000,2908.0000,2907.8000,2904.4000,2910.0000,2910.6000,2910.8000,2911.4000,2911.6000,1,1,3,4,1,2,1,1,1,1
SF,IH2009,2020-03-03 09:30:18.800,2908.8000,6602,0,87184140.000,2,1,1,多换,S,2908.0000,2907.8000,2904.4000,2901.0000,2900.4000,2910.0000,2910.6000,2910.8000,2911.4000,2913.4000,3,4,1,1,2,1,1,1,1,1
SF,IH2009,2020-03-03 09:30:19.300,2908.8000,6602,0,87184140.000,0,-,-,-,-,2908.2000,2908.0000,2907.8000,2904.4000,2901.0000,2910.0000,2910.6000,2910.8000,2913.4000,2913.6000,1,3,4,1,1,1,1,1,1,1
SF,IH2009,2020-03-03 09:30:19.800,2908.2000,6600,-2,89801520.000,3,0,3,多平,S,2908.0000,2907.8000,2904.4000,2901.0000,2900.4000,2910.0000,2910.6000,2910.8000,2913.4000,2913.6000,3,4,1,1,2,1,1,3,1,1
SF,IH2009,2020-03-03 09:30:20.300,2908.2000,6600,0,89801520.000,0,-,-,-,-,2908.0000,2907.8000,2904.4000,2901.0000,2900.4000,2909.8000,2910.0000,2910.6000,2910.8000,2913.4000,3,4,1,1,2,1,1,1,3,1
SF,IH2009,2020-03-03 09:30:20.800,2910.8000,6599,-1,96786180.000,8,3,5,多平,S,2908.0000,2907.8000,2904.4000,2901.0000,2900.4000,2913.4000,2913.6000,2915.0000,2915.2000,2915.4000,3,4,1,1,2,1,1,2,1,1
SF,IH2009,2020-03-03 09:30:21.300,2910.8000,6599,0,96786180.000,0,-,-,-,-,2908.2000,2908.0000,2907.8000,2904.4000,2901.0000,2912.0000,2913.2000,2913.4000,2913.6000,2915.0000,4,3,4,1,1,1,3,1,1,2
SF,IH2009,2020-03-03 09:30:21.800,2910.8000,6599,0,96786180.000,0,-,-,-,-,2908.2000,2908.0000,2907.8000,2904.4000,2901.0000,2911.8000,2912.0000,2913.2000,2913.4000,2913.6000,4,3,4,1,1,3,1,2,1,1
SF,IH2009,2020-03-03 09:30:22.300,2910.8000,6599,0,96786180.000,0,-,-,-,-,2910.0000,2908.2000,2908.0000,2907.8000,2904.4000,2911.8000,2912.0000,2913.2000,2913.4000,2915.0000,1,3,3,4,1,3,1,2,1,2
SF,IH2009,2020-03-03 09:30:22.800,2911.4000,6599,0,97659600.000,1,0,1,多换,S,2910.0000,2908.2000,2908.0000,2907.8000,2904.4000,2911.8000,2912.0000,2913.2000,2913.4000,2915.0000,1,1,3,4,1,3,1,2,1,2
SF,IH2009,2020-03-03 09:30:23.300,2911.4000,6599,0,97659600.000,0,-,-,-,-,2910.0000,2908.2000,2908.0000,2907.8000,2904.4000,2911.8000,2912.0000,2913.2000,2913.4000,2915.0000,1,1,3,4,1,3,1,2,1,2
SF,IH2009,2020-03-03 09:30:23.800,2911.4000,6599,0,97659600.000,0,-,-,-,-,2910.0000,2908.2000,2908.0000,2907.8000,2904.4000,2911.6000,2911.8000,2912.0000,2913.2000,2913.4000,1,1,3,4,1,1,3,1,2,1
SF,IH2009,2020-03-03 09:30:24.300,2911.4000,6599,0,97659600.000,0,-,-,-,-,2910.0000,2908.2000,2908.0000,2907.8000,2904.4000,2911.6000,2911.8000,2913.2000,2913.4000,2915.0000,1,1,3,4,1,1,2,2,1,2
SF,IH2009,2020-03-03 09:30:24.800,2911.4000,6599,0,97659600.000,0,-,-,-,-,2910.2000,2910.0000,2908.2000,2908.0000,2907.8000,2911.8000,2913.2000,2913.4000,2915.0000,2915.2000,1,1,1,3,4,2,2,1,2,1
SF,IH2009,2020-03-03 09:30:25.300,2911.4000,6599,0,97659600.000,0,-,-,-,-,2911.6000,2910.2000,2910.0000,2908.2000,2908.0000,2911.8000,2912.0000,2913.2000,2913.4000,2915.0000,1,1,1,1,3,2,1,2,1,2
SF,IH2009,2020-03-03 09:30:25.800,2911.6000,6599,0,100280040.000,3,1,2,多换,S,2911.6000,2910.2000,2910.0000,2908.2000,2908.0000,2911.8000,2913.2000,2913.4000,2915.0000,2915.2000,1,1,1,1,3,2,2,1,2,1
SF,IH2009,2020-03-03 09:30:26.300,2911.8000,6599,0,102027060.000,2,1,1,多换,S,2910.2000,2910.0000,2908.2000,2908.0000,2907.8000,2913.2000,2913.4000,2915.0000,2915.2000,2915.4000,1,1,1,3,4,2,1,2,1,1
SF,IH2009,2020-03-03 09:30:26.800,2911.8000,6599,0,102027060.000,0,-,-,-,-,2910.4000,2910.2000,2910.0000,2908.2000,2908.0000,2913.0000,2913.2000,2915.0000,2915.2000,2915.4000,1,1,1,1,3,2,2,2,1,1
SF,IH2009,2020-03-03 09:30:27.300,2911.8000,6599,0,102027060.000,0,-,-,-,-,2910.4000,2910.2000,2910.0000,2908.2000,2908.0000,2912.2000,2913.0000,2913.2000,2915.0000,2915.2000,1,1,1,1,3,1,2,2,2,1
SF,IH2009,2020-03-03 09:30:27.800,2912.2000,6599,0,102900720.000,1,0,1,多换,S,2912.2000,2911.0000,2910.6000,2910.2000,2910.0000,2913.0000,2915.0000,2915.2000,2915.4000,2915.6000,1,1,1,1,1,1,2,1,1,1
SF,IH2009,2020-03-03 09:30:28.300,2913.0000,6598,-1,103774620.000,1,0,1,双平,S,2913.0000,2912.2000,2911.0000,2910.6000,2910.2000,2915.0000,2915.2000,2915.4000,2915.6000,2918.0000,1,1,1,1,1,2,1,1,1,1
SF,IH2009,2020-03-03 09:30:28.800,2912.2000,6597,-1,106396080.000,3,1,2,多平,S,2911.0000,2910.6000,2910.2000,2910.0000,2908.0000,2912.8000,2914.6000,2914.8000,2915.0000,2915.2000,1,1,1,1,3,1,1,3,2,1
SF,IH2009,2020-03-03 09:30:29.300,2912.2000,6597,0,106396080.000,0,-,-,-,-,2911.2000,2911.0000,2910.6000,2910.2000,2910.0000,2914.8000,2915.0000,2915.2000,2915.4000,2915.6000,1,1,1,1,1,1,2,1,1,1
SF,IH2009,2020-03-03 09:30:29.800,2912.2000,6597,0,106396080.000,0,-,-,-,-,2912.2000,2911.4000,2911.0000,2910.6000,2910.2000,2914.4000,2914.6000,2914.8000,2915.0000,2915.2000,1,1,1,1,1,1,3,1,2,1
SF,IH2009,2020-03-03 09:30:30.300,2912.2000,6597,0,107269740.000,1,0,1,多换,S,2911.4000,2911.0000,2910.6000,2910.0000,2908.0000,2914.2000,2914.6000,2914.8000,2915.0000,2915.2000,1,1,1,2,3,4,2,1,2,1
SF,IH2009,2020-03-03 09:30:30.800,2914.0000,6598,1,108143940.000,1,1,0,双开,S,2911.4000,2910.0000,2908.0000,2907.8000,2901.0000,2914.0000,2914.2000,2914.6000,2915.0000,2915.2000,1,2,3,4,1,1,4,2,2,1
SF,IH2009,2020-03-03 09:30:31.300,2914.0000,6598,0,108143940.000,0,-,-,-,-,2911.4000,2910.0000,2908.0000,2907.8000,2901.0000,2913.8000,2914.0000,2914.2000,2914.6000,2915.0000,1,2,3,4,1,4,1,3,2,2
SF,IH2009,2020-03-03 09:30:31.800,2914.0000,6598,0,108143940.000,0,-,-,-,-,2911.4000,2910.0000,2908.0000,2907.8000,2901.0000,2912.2000,2913.8000,2914.2000,2914.6000,2915.0000,1,2,3,4,1,1,1,3,2,2
SF,IH2009,2020-03-03 09:30:32.300,2912.2000,6595,-3,110764560.000,3,0,3,双平,S,2911.6000,2910.0000,2908.0000,2907.8000,2901.0000,2914.2000,2914.6000,2915.0000,2915.2000,2915.4000,1,2,3,4,1,3,2,2,1,1
SF,IH2009,2020-03-03 09:30:32.800,2911.6000,6594,-1,113385060.000,3,1,2,多平,S,2910.0000,2908.0000,2907.8000,2901.0000,2900.4000,2911.6000,2914.0000,2914.2000,2914.6000,2915.0000,2,3,4,1,2,9,7,3,2,2
SF,IH2009,2020-03-03 09:30:33.300,2911.6000,6593,-1,114258540.000,1,0,1,双平,S,2910.0000,2908.0000,2907.8000,2901.0000,2900.4000,2911.6000,2914.0000,2914.2000,2914.6000,2915.0000,2,3,4,1,2,8,7,3,2,2
SF,IH2009,2020-03-03 09:30:33.800,2911.6000,6593,0,114258540.000,0,-,-,-,-,2910.0000,2908.0000,2907.8000,2901.0000,2900.4000,2911.6000,2914.0000,2914.2000,2914.6000,2915.0000,2,3,4,1,2,8,7,3,2,2
SF,IH2009,2020-03-03 09:30:34.300,2911.6000,6593,0,114258540.000,0,-,-,-,-,2911.0000,2910.0000,2908.0000,2907.8000,2901.0000,2911.6000,2914.0000,2914.2000,2914.6000,2915.0000,1,2,3,4,1,8,7,3,2,2
SF,IH2009,2020-03-03 09:30:34.800,2911.0000,6592,-1,115131840.000,1,0,1,双平,S,2910.0000,2908.0000,2907.8000,2907.0000,2901.0000,2910.2000,2911.6000,2911.8000,2914.0000,2914.2000,2,3,4,5,1,2,8,1,5,3
SF,IH2009,2020-03-03 09:30:35.300,2911.6000,6590,-2,117751440.000,3,0,3,多平,S,2910.2000,2910.0000,2908.0000,2907.8000,2907.0000,2911.6000,2911.8000,2914.0000,2914.2000,2914.6000,2,2,3,4,5,7,1,5,3,2
SF,IH2009,2020-03-03 09:30:35.800,2911.6000,6589,-1,118624920.000,1,0,1,双平,S,2910.2000,2910.0000,2908.0000,2907.8000,2907.0000,2911.4000,2911.6000,2911.8000,2914.0000,2915.0000,2,2,3,4,5,3,7,1,2,2
SF,IH2009,2020-03-03 09:30:36.300,2911.6000,6589,0,118624920.000,0,-,-,-,-,2910.2000,2910.0000,2908.0000,2907.8000,2907.0000,2911.0000,2911.4000,2911.6000,2911.8000,2914.0000,2,2,3,4,5,1,3,7,1,2
SF,IH2009,2020-03-03 09:30:36.800,2911.0000,6586,-3,121244340.000,3,0,3,双平,S,2911.0000,2910.0000,2908.0000,2907.8000,2907.0000,2911.6000,2911.8000,2914.0000,2915.0000,2915.2000,1,2,3,4,5,7,1,2,2,1
SF,IH2009,2020-03-03 09:30:37.300,2911.0000,6586,0,122117640.000,1,0,1,多换,S,2910.2000,2910.0000,2908.0000,2907.8000,2907.0000,2911.6000,2911.8000,2914.0000,2915.0000,2915.2000,2,2,3,4,5,8,1,2,2,1
SF,IH2009,2020-03-03 09:30:37.800,2911.0000,6586,0,122117640.000,0,-,-,-,-,2910.2000,2910.0000,2908.0000,2907.8000,2907.0000,2911.6000,2911.8000,2914.0000,2915.0000,2915.2000,4,2,3,4,5,8,1,2,2,1
SF,IH2009,2020-03-03 09:30:38.300,2911.0000,6586,0,122117640.000,0,-,-,-,-,2911.0000,2910.2000,2910.0000,2908.0000,2907.8000,2911.6000,2911.8000,2914.0000,2915.0000,2915.2000,2,5,2,3,4,8,1,2,2,1
SF,IH2009,2020-03-03 09:30:38.800,2911.0000,6586,0,123864240.000,2,1,1,多换,S,2910.2000,2910.0000,2908.0000,2907.8000,2907.0000,2911.6000,2911.8000,2914.0000,2915.0000,2915.2000,3,2,3,4,5,8,1,2,2,1
SF,IH2009,2020-03-03 09:30:39.300,2911.0000,6586,0,123864240.000,0,-,-,-,-,2910.2000,2910.0000,2908.0000,2907.8000,2907.0000,2911.4000,2911.6000,2911.8000,2914.0000,2915.0000,3,2,3,4,5,3,8,1,2,2
SF,IH2009,2020-03-03 09:30:39.800,2911.0000,6586,0,123864240.000,0,-,-,-,-,2910.2000,2910.0000,2908.0000,2907.8000,2907.0000,2911.4000,2911.6000,2911.8000,2914.0000,2915.0000,3,2,3,4,5,3,8,1,2,2
SF,IH2009,2020-03-03 09:30:40.300,2911.0000,6586,0,123864240.000,0,-,-,-,-,2911.0000,2910.2000,2910.0000,2908.0000,2907.8000,2911.2000,2911.4000,2911.6000,2911.8000,2914.0000,1,3,2,3,4,1,3,8,1,2
SF,IH2009,2020-03-03 09:30:40.800,2911.4000,6585,-1,130850580.000,8,3,5,多平,S,2910.2000,2910.0000,2908.0000,2907.8000,2903.2000,2911.4000,2911.6000,2911.8000,2914.0000,2915.0000,2,2,3,4,5,1,8,1,2,2
SF,IH2009,2020-03-03 09:30:41.300,2911.4000,6585,0,130850580.000,0,-,-,-,-,2910.2000,2910.0000,2908.0000,2907.8000,2903.2000,2911.6000,2911.8000,2914.0000,2915.0000,2915.2000,2,2,3,4,5,8,1,2,2,1
SF,IH2009,2020-03-03 09:30:41.800,2911.4000,6585,0,130850580.000,0,-,-,-,-,2910.2000,2910.0000,2908.0000,2907.8000,2903.2000,2911.4000,2911.6000,2911.8000,2914.0000,2915.0000,4,2,3,4,5,1,8,1,2,2
SF,IH2009,2020-03-03 09:30:42.300,2911.4000,6585,0,130850580.000,0,-,-,-,-,2910.2000,2910.0000,2908.0000,2907.8000,2903.2000,2911.4000,2911.6000,2911.8000,2914.0000,2915.0000,4,2,3,4,5,1,8,1,2,2
SF,IH2009,2020-03-03 09:30:42.800,2911.4000,6585,0,130850580.000,0,-,-,-,-,2910.6000,2910.2000,2910.0000,2908.0000,2907.8000,2911.0000,2911.4000,2911.6000,2911.8000,2914.0000,5,2,2,3,4,1,1,8,1,2
SF,IH2009,2020-03-03 09:30:43.300,2911.4000,6585,0,130850580.000,0,-,-,-,-,2910.6000,2910.2000,2910.0000,2908.0000,2907.8000,2910.8000,2911.0000,2911.4000,2911.6000,2911.8000,5,2,2,3,4,1,1,1,8,1
SF,IH2009,2020-03-03 09:30:44.300,2910.8000,6584,-1,131723820.000,1,0,1,双平,S,2910.6000,2910.2000,2910.0000,2908.0000,2907.8000,2911.0000,2911.4000,2911.6000,2911.8000,2914.0000,5,2,2,3,4,1,1,8,1,2
SF,IH2009,2020-03-03 09:30:44.800,2910.6000,6584,0,135216540.000,4,2,2,多换,S,2910.6000,2910.2000,2910.0000,2908.0000,2907.8000,2910.8000,2911.0000,2911.4000,2911.6000,2911.8000,1,2,2,3,4,2,1,1,8,1
SF,IH2009,2020-03-03 09:30:45.300,2910.6000,6584,0,136089720.000,1,0,1,多换,S,2910.2000,2910.0000,2908.0000,2907.8000,2903.2000,2911.0000,2911.4000,2911.6000,2911.8000,2914.0000,2,2,3,4,5,1,1,8,1,2
SF,IH2009,2020-03-03 09:30:45.800,2910.6000,6584,0,136089720.000,0,-,-,-,-,2910.2000,2910.0000,2908.0000,2907.8000,2903.2000,2911.0000,2911.4000,2911.6000,2911.8000,2914.0000,2,2,3,4,5,1,1,8,1,2
SF,IH2009,2020-03-03 09:30:46.300,2910.6000,6584,0,136089720.000,0,-,-,-,-,2910.2000,2910.0000,2908.0000,2907.8000,2903.2000,2910.8000,2911.0000,2911.4000,2911.6000,2911.8000,2,2,3,4,5,2,1,1,8,1
SF,IH2009,2020-03-03 09:30:46.800,2910.6000,6584,0,136089720.000,0,-,-,-,-,2910.2000,2910.0000,2908.0000,2907.8000,2903.2000,2911.0000,2911.4000,2911.6000,2911.8000,2914.0000,2,2,3,4,5,1,1,8,1,2
SF,IH2009,2020-03-03 09:30:47.300,2910.8000,6585,1,136962960.000,1,1,0,双开,S,2910.2000,2910.0000,2908.0000,2907.8000,2903.2000,2911.0000,2911.4000,2911.6000,2911.8000,2914.0000,2,2,3,4,5,1,1,8,1,3
SF,IH2009,2020-03-03 09:30:47.800,2910.8000,6585,0,136962960.000,0,-,-,-,-,2910.2000,2910.0000,2908.0000,2907.8000,2903.2000,2911.0000,2911.4000,2911.6000,2911.8000,2914.0000,2,2,3,4,5,1,1,8,1,3
SF,IH2009,2020-03-03 09:30:48.300,2910.2000,6584,-1,137836020.000,1,0,1,双平,S,2910.2000,2910.0000,2908.0000,2907.8000,2903.2000,2910.8000,2911.0000,2911.4000,2911.6000,2911.8000,1,2,3,4,5,1,1,1,7,1
SF,IH2009,2020-03-03 09:30:48.800,2910.8000,6584,0,138709260.000,1,0,1,多换,S,2911.0000,2910.2000,2910.0000,2908.0000,2907.8000,2911.6000,2911.8000,2914.0000,2915.0000,2915.2000,2,1,2,3,4,7,1,3,2,1
SF,IH2009,2020-03-03 09:30:49.300,2910.8000,6584,0,138709260.000,0,-,-,-,-,2911.0000,2910.2000,2910.0000,2908.0000,2907.8000,2911.6000,2911.8000,2914.0000,2915.0000,2915.2000,2,1,2,3,4,7,1,3,2,1
SF,IH2009,2020-03-03 09:30:49.800,2910.8000,6584,0,138709260.000,0,-,-,-,-,2911.0000,2910.2000,2910.0000,2908.0000,2907.8000,2911.6000,2911.8000,2914.0000,2915.0000,2915.2000,2,1,2,3,4,8,1,3,2,1
SF,IH2009,2020-03-03 09:30:50.300,2910.8000,6584,0,138709260.000,0,-,-,-,-,2910.2000,2910.0000,2908.0000,2907.8000,2903.2000,2911.0000,2911.6000,2911.8000,2914.0000,2915.0000,1,2,3,4,5,1,8,1,3,2
SF,IH2009,2020-03-03 09:30:50.800,2910.8000,6584,0,138709260.000,0,-,-,-,-,2910.2000,2910.0000,2908.0000,2907.8000,2903.2000,2911.0000,2911.6000,2911.8000,2914.0000,2915.0000,1,2,3,4,5,1,8,1,3,2
SF,IH2009,2020-03-03 09:30:51.300,2911.0000,6584,0,139582560.000,1,0,1,多换,S,2911.0000,2910.2000,2910.0000,2908.0000,2907.8000,2911.6000,2911.8000,2914.0000,2915.0000,2915.2000,1,1,2,3,4,8,1,3,2,1
SF,IH2009,2020-03-03 09:30:51.800,2911.0000,6584,0,141329160.000,2,1,1,多换,S,2910.2000,2910.0000,2908.0000,2907.8000,2903.2000,2911.6000,2911.8000,2914.0000,2915.0000,2915.2000,1,2,3,4,5,8,1,3,2,1
SF,IH2009,2020-03-03 09:30:52.300,2910.2000,6584,0,142202220.000,1,0,1,多换,S,2910.0000,2908.0000,2907.8000,2903.2000,2901.0000,2911.6000,2911.8000,2914.0000,2915.0000,2915.2000,2,3,4,5,1,8,1,3,2,1
SF,IH2009,2020-03-03 09:30:54.800,2910.2000,6584,0,142202220.000,0,-,-,-,-,2910.0000,2908.0000,2907.8000,2903.2000,2901.0000,2911.6000,2911.8000,2914.0000,2915.0000,2915.2000,2,3,4,5,1,8,1,3,2,1
SF,IH2009,2020-03-03 09:30:55.800,2910.2000,6584,0,142202220.000,0,-,-,-,-,2910.0000,2908.0000,2907.8000,2903.2000,2901.0000,2911.0000,2911.6000,2911.8000,2914.0000,2915.0000,2,3,4,5,1,1,8,1,3,2
SF,IH2009,2020-03-03 09:30:56.300,2910.0000,6583,-1,143948460.000,2,0,2,多平,S,2910.0000,2908.0000,2907.8000,2903.2000,2901.0000,2911.6000,2911.8000,2914.0000,2915.0000,2915.2000,1,3,4,5,1,8,1,3,2,1
SF,IH2009,2020-03-03 09:30:56.800,2910.0000,6583,0,143948460.000,0,-,-,-,-,2910.0000,2908.0000,2907.8000,2903.2000,2901.0000,2911.6000,2911.8000,2914.0000,2915.0000,2915.2000,1,3,4,5,1,8,1,3,2,1
SF,IH2009,2020-03-03 09:30:57.300,2910.0000,6583,0,143948460.000,0,-,-,-,-,2910.0000,2908.0000,2907.8000,2903.2000,2901.0000,2911.0000,2911.6000,2911.8000,2914.0000,2915.0000,1,3,4,5,1,1,9,1,3,2
SF,IH2009,2020-03-03 09:30:57.800,2910.0000,6583,0,143948460.000,0,-,-,-,-,2910.0000,2908.0000,2907.8000,2903.2000,2901.0000,2911.0000,2911.6000,2911.8000,2914.0000,2915.0000,1,3,4,5,1,1,9,1,3,2
SF,IH2009,2020-03-03 09:30:58.300,2910.0000,6583,0,143948460.000,0,-,-,-,-,2910.0000,2908.0000,2907.8000,2903.2000,2901.0000,2911.0000,2911.6000,2914.0000,2914.8000,2915.0000,1,3,4,5,1,1,9,3,1,2
SF,IH2009,2020-03-03 09:30:58.800,2910.0000,6583,0,143948460.000,0,-,-,-,-,2910.0000,2908.0000,2907.8000,2903.2000,2901.0000,2911.0000,2911.6000,2914.0000,2914.8000,2915.0000,2,3,4,5,1,1,9,3,1,2
SF,IH2009,2020-03-03 09:30:59.300,2910.0000,6583,0,143948460.000,0,-,-,-,-,2910.0000,2908.0000,2907.8000,2903.2000,2901.0000,2911.6000,2914.0000,2914.8000,2915.0000,2915.2000,2,3,4,5,1,9,3,1,2,1
SF,IH2009,2020-03-03 09:30:59.800,2910.0000,6583,0,143948460.000,0,-,-,-,-,2910.0000,2908.0000,2907.8000,2903.2000,2901.0000,2911.0000,2911.6000,2914.0000,2914.8000,2915.0000,2,3,4,5,1,1,9,3,1,2
SF,IH2009,2020-03-03 09:31:00.300,2910.0000,6583,0,143948460.000,0,-,-,-,-,2910.0000,2908.0000,2907.8000,2903.2000,2901.0000,2911.0000,2911.6000,2914.0000,2914.8000,2915.0000,2,3,4,5,1,1,9,3,1,2
SF,IH2009,2020-03-03 09:31:00.800,2910.0000,6583,0,143948460.000,0,-,-,-,-,2910.0000,2908.0000,2907.8000,2903.2000,2901.0000,2911.0000,2911.6000,2914.0000,2914.8000,2915.0000,2,3,4,5,1,1,9,3,1,2
SF,IH2009,2020-03-03 09:31:02.800,2910.0000,6583,0,144821460.000,1,0,1,多换,S,2910.0000,2908.0000,2907.8000,2903.2000,2901.0000,2911.0000,2911.6000,2914.0000,2914.8000,2915.0000,1,3,4,5,1,1,9,3,1,2
SF,IH2009,2020-03-03 09:31:03.300,2910.0000,6583,0,145694460.000,1,0,1,多换,S,2908.0000,2907.8000,2903.2000,2901.0000,2900.4000,2911.0000,2911.6000,2914.0000,2914.8000,2915.0000,3,4,5,1,2,1,9,3,1,2
SF,IH2009,2020-03-03 09:31:03.800,2910.0000,6583,0,145694460.000,0,-,-,-,-,2910.0000,2908.2000,2908.0000,2907.8000,2903.2000,2910.8000,2911.0000,2911.6000,2914.0000,2914.8000,1,1,3,4,5,2,1,9,2,1
SF,IH2009,2020-03-03 09:31:04.300,2910.0000,6583,0,146567460.000,1,0,1,多换,S,2908.0000,2907.8000,2903.2000,2901.0000,2900.4000,2910.6000,2910.8000,2911.0000,2911.6000,2914.0000,3,4,5,1,2,1,1,1,9,2
SF,IH2009,2020-03-03 09:31:04.800,2910.0000,6583,0,146567460.000,0,-,-,-,-,2908.0000,2907.8000,2903.2000,2901.0000,2900.4000,2910.4000,2910.6000,2910.8000,2911.0000,2911.6000,3,4,5,1,2,1,1,1,1,9
SF,IH2009,2020-03-03 09:31:05.300,2910.2000,6581,-2,148313580.000,2,0,2,双平,S,2908.0000,2907.8000,2903.2000,2901.0000,2900.4000,2910.4000,2910.6000,2910.8000,2911.0000,2911.6000,3,4,5,1,2,1,1,1,1,9
SF,IH2009,2020-03-03 09:31:06.300,2910.2000,6581,0,148313580.000,0,-,-,-,-,2908.0000,2907.8000,2903.2000,2901.0000,2900.4000,2910.2000,2910.4000,2910.6000,2910.8000,2911.0000,3,4,5,1,2,1,1,1,1,1
SF,IH2009,2020-03-03 09:31:06.800,2910.2000,6581,0,148313580.000,0,-,-,-,-,2908.2000,2908.0000,2907.8000,2903.2000,2901.0000,2910.4000,2910.8000,2911.0000,2911.6000,2914.0000,2,3,4,5,1,1,1,1,9,1
SF,IH2009,2020-03-03 09:31:07.300,2910.2000,6581,0,148313580.000,0,-,-,-,-,2908.2000,2908.0000,2907.8000,2903.2000,2901.0000,2910.4000,2911.0000,2911.6000,2914.0000,2914.8000,1,3,4,5,1,1,1,9,1,1
SF,IH2009,2020-03-03 09:31:07.800,2910.2000,6581,0,148313580.000,0,-,-,-,-,2910.2000,2908.2000,2908.0000,2907.8000,2903.2000,2910.4000,2911.0000,2911.6000,2914.0000,2914.8000,1,1,3,4,5,1,1,9,1,1
SF,IH2009,2020-03-03 09:31:08.300,2910.2000,6581,0,149186640.000,1,0,1,多换,S,2908.0000,2907.8000,2903.2000,2901.0000,2900.4000,2910.0000,2911.0000,2911.6000,2914.0000,2914.8000,3,4,5,1,2,4,1,9,1,1
SF,IH2009,2020-03-03 09:31:08.800,2910.2000,6581,0,149186640.000,0,-,-,-,-,2908.0000,2907.8000,2903.2000,2901.0000,2900.4000,2910.0000,2911.0000,2911.6000,2914.0000,2914.8000,3,4,5,1,2,2,1,9,1,1
SF,IH2009,2020-03-03 09:31:09.800,2910.0000,6580,-1,150059640.000,1,0,1,双平,S,2908.0000,2907.8000,2903.2000,2901.0000,2900.4000,2911.0000,2911.6000,2914.0000,2914.8000,2915.0000,3,4,5,1,2,1,9,1,1,2
SF,IH2009,2020-03-03 09:31:10.300,2910.0000,6580,0,150059640.000,0,-,-,-,-,2908.2000,2908.0000,2907.8000,2903.2000,2901.0000,2910.8000,2911.0000,2911.6000,2914.0000,2914.8000,1,4,4,5,1,1,1,9,1,1
SF,IH2009,2020-03-03 09:31:11.800,2910.0000,6580,0,150059640.000,0,-,-,-,-,2908.2000,2908.0000,2907.8000,2903.2000,2901.0000,2910.6000,2910.8000,2911.0000,2911.6000,2914.0000,1,4,4,5,1,1,1,1,9,1
SF,IH2009,2020-03-03 09:31:12.300,2910.4000,6580,0,151805880.000,2,1,1,多换,S,2908.0000,2907.8000,2903.2000,2901.0000,2900.4000,2910.4000,2910.6000,2911.0000,2911.6000,2914.0000,4,4,5,1,2,2,1,1,9,1
SF,IH2009,2020-03-03 09:31:12.800,2910.4000,6580,0,152679000.000,1,0,1,多换,S,2908.2000,2908.0000,2907.8000,2903.2000,2901.0000,2910.4000,2911.0000,2911.6000,2914.0000,2914.8000,1,4,4,5,1,2,1,9,1,1
SF,IH2009,2020-03-03 09:31:13.300,2910.4000,6580,0,152679000.000,0,-,-,-,-,2908.4000,2908.2000,2908.0000,2907.8000,2903.2000,2910.4000,2911.0000,2911.6000,2914.0000,2914.8000,1,1,5,4,5,2,1,9,1,1
SF,IH2009,2020-03-03 09:31:13.800,2910.4000,6580,0,152679000.000,0,-,-,-,-,2909.0000,2908.4000,2908.2000,2908.0000,2907.8000,2910.4000,2911.0000,2911.6000,2914.0000,2914.8000,1,1,1,5,4,2,1,9,1,1
SF,IH2009,2020-03-03 09:31:14.300,2910.4000,6580,0,152679000.000,0,-,-,-,-,2909.0000,2908.4000,2908.2000,2908.0000,2907.8000,2910.4000,2911.0000,2911.6000,2914.0000,2914.8000,1,1,1,5,4,1,1,9,1,1
SF,IH2009,2020-03-03 09:31:14.800,2909.0000,6580,0,153551700.000,1,0,1,多换,S,2908.4000,2908.2000,2908.0000,2907.8000,2903.2000,2908.8000,2910.4000,2911.0000,2911.6000,2914.0000,1,1,5,4,5,1,1,1,9,1
SF,IH2009,2020-03-03 09:31:15.300,2909.0000,6580,0,153551700.000,0,-,-,-,-,2909.4000,2909.0000,2908.4000,2908.2000,2908.0000,2910.4000,2911.0000,2911.6000,2914.0000,2914.8000,2,2,1,1,5,1,1,9,1,1
SF,IH2009,2020-03-03 09:31:15.800,2909.2000,6579,-1,155297220.000,2,0,2,多平,S,2909.0000,2908.4000,2908.2000,2908.0000,2907.8000,2909.2000,2910.4000,2911.0000,2911.6000,2914.0000,2,1,1,5,4,1,1,1,9,1
SF,IH2009,2020-03-03 09:31:16.300,2909.2000,6579,0,156169980.000,1,0,1,多换,S,2909.4000,2909.0000,2908.4000,2908.2000,2908.0000,2910.4000,2911.0000,2911.6000,2914.0000,2914.8000,2,2,1,1,5,1,1,9,1,1
SF,IH2009,2020-03-03 09:31:16.800,2909.2000,6579,0,156169980.000,0,-,-,-,-,2909.0000,2908.4000,2908.2000,2908.0000,2907.8000,2910.4000,2911.0000,2911.6000,2914.0000,2914.8000,2,1,1,5,4,1,1,9,1,1
SF,IH2009,2020-03-03 09:31:17.800,2909.2000,6579,0,156169980.000,0,-,-,-,-,2909.0000,2908.4000,2908.2000,2908.0000,2907.8000,2910.0000,2910.4000,2911.0000,2911.6000,2914.0000,2,1,1,5,4,1,2,1,9,1
SF,IH2009,2020-03-03 09:31:19.300,2909.2000,6579,0,156169980.000,0,-,-,-,-,2908.4000,2908.2000,2908.0000,2907.8000,2907.6000,2910.0000,2910.4000,2911.0000,2911.6000,2914.0000,1,1,5,4,1,1,2,1,9,1
SF,IH2009,2020-03-03 09:31:19.800,2909.2000,6579,0,156169980.000,0,-,-,-,-,2908.4000,2908.2000,2908.0000,2907.8000,2907.6000,2910.0000,2910.4000,2911.0000,2911.6000,2914.0000,1,1,5,4,1,2,2,1,9,1
SF,IH2009,2020-03-03 09:31:20.800,2909.2000,6579,0,156169980.000,0,-,-,-,-,2908.4000,2908.0000,2907.8000,2907.6000,2906.4000,2910.0000,2910.4000,2911.0000,2911.6000,2914.0000,1,5,4,1,1,2,2,1,9,1
SF,IH2009,2020-03-03 09:31:21.800,2909.2000,6579,0,156169980.000,0,-,-,-,-,2908.4000,2908.0000,2907.8000,2907.6000,2906.4000,2909.8000,2910.0000,2910.4000,2911.0000,2911.6000,1,5,4,1,1,1,2,2,1,9
SF,IH2009,2020-03-03 09:31:22.300,2908.4000,6580,1,157042500.000,1,1,0,双开,S,2908.0000,2907.8000,2907.6000,2906.4000,2903.2000,2909.8000,2910.0000,2910.4000,2911.0000,2911.6000,5,4,1,1,5,1,2,2,1,9
SF,IH2009,2020-03-03 09:31:23.800,2908.4000,6580,0,157042500.000,0,-,-,-,-,2908.0000,2907.8000,2907.6000,2906.4000,2901.0000,2909.8000,2910.0000,2910.4000,2911.0000,2911.6000,5,4,1,1,1,1,2,2,1,9
SF,IH2009,2020-03-03 09:31:24.800,2908.4000,6580,0,157042500.000,0,-,-,-,-,2908.0000,2907.8000,2907.6000,2906.4000,2901.0000,2908.4000,2909.8000,2910.0000,2910.4000,2911.0000,5,4,1,1,1,5,1,2,2,1
SF,IH2009,2020-03-03 09:31:25.300,2908.0000,6576,-4,161404980.000,5,0,5,多平,S,2908.0000,2907.8000,2907.6000,2906.4000,2901.0000,2908.4000,2909.8000,2910.0000,2910.4000,2911.0000,4,4,1,1,1,1,1,2,2,1
SF,IH2009,2020-03-03 09:31:25.800,2908.4000,6575,-1,162277500.000,1,0,1,双平,S,2908.4000,2908.0000,2907.8000,2907.6000,2906.4000,2909.8000,2910.0000,2910.4000,2911.0000,2911.6000,1,4,4,1,1,1,2,2,1,9
SF,IH2009,2020-03-03 09:31:26.300,2908.4000,6575,0,162277500.000,0,-,-,-,-,2908.4000,2908.0000,2907.8000,2907.6000,2906.4000,2909.8000,2910.0000,2910.4000,2911.0000,2911.6000,1,4,4,1,1,1,2,2,1,2
SF,IH2009,2020-03-03 09:31:26.800,2908.4000,6575,0,162277500.000,0,-,-,-,-,2908.0000,2907.8000,2907.6000,2906.4000,2901.0000,2909.8000,2910.0000,2910.4000,2911.0000,2911.6000,4,4,1,1,1,1,2,2,1,2
SF,IH2009,2020-03-03 09:31:29.300,2908.0000,6574,-1,165767100.000,4,1,3,多平,S,2907.8000,2907.6000,2906.4000,2901.0000,2900.4000,2908.0000,2909.8000,2910.0000,2910.4000,2911.0000,4,1,1,1,2,8,1,2,2,1
SF,IH2009,2020-03-03 09:31:29.800,2908.0000,6566,-8,172746300.000,8,0,8,双平,S,2908.2000,2908.0000,2907.8000,2907.6000,2906.4000,2909.8000,2910.0000,2910.4000,2911.0000,2911.6000,1,1,4,1,1,1,2,2,1,2
SF,IH2009,2020-03-03 09:31:30.300,2908.0000,6566,0,172746300.000,0,-,-,-,-,2908.2000,2908.0000,2907.8000,2907.6000,2906.4000,2909.6000,2909.8000,2910.0000,2910.4000,2911.0000,1,1,4,1,1,1,1,2,1,1
SF,IH2009,2020-03-03 09:31:30.800,2908.2000,6563,-3,175363680.000,3,0,3,双平,S,2908.0000,2907.8000,2907.6000,2906.4000,2901.0000,2908.2000,2909.4000,2909.6000,2910.0000,2910.4000,1,4,1,1,1,4,1,1,2,1
SF,IH2009,2020-03-03 09:31:31.300,2908.2000,6559,-4,178853520.000,4,0,4,双平,S,2908.6000,2908.2000,2907.8000,2907.6000,2906.4000,2909.4000,2910.0000,2910.4000,2911.0000,2911.6000,2,1,4,1,1,1,2,1,1,2
SF,IH2009,2020-03-03 09:31:31.800,2908.2000,6559,0,178853520.000,0,-,-,-,-,2908.2000,2907.8000,2907.6000,2906.4000,2901.0000,2909.4000,2910.0000,2910.4000,2911.0000,2911.6000,1,4,1,1,1,1,2,1,1,2
SF,IH2009,2020-03-03 09:31:32.300,2908.2000,6559,0,178853520.000,0,-,-,-,-,2907.8000,2907.6000,2906.4000,2901.0000,2900.4000,2908.2000,2909.4000,2910.0000,2910.4000,2911.0000,4,1,1,1,2,1,1,2,1,1
SF,IH2009,2020-03-03 09:31:32.800,2908.2000,6558,-1,179725980.000,1,0,1,双平,S,2907.8000,2907.6000,2906.4000,2901.0000,2900.4000,2909.4000,2910.0000,2910.4000,2911.0000,2911.6000,4,1,1,1,2,1,2,1,1,2
SF,IH2009,2020-03-03 09:31:33.300,2908.2000,6558,0,179725980.000,0,-,-,-,-,2907.8000,2907.6000,2906.4000,2901.0000,2900.4000,2909.2000,2909.4000,2910.0000,2910.4000,2911.0000,4,1,1,1,2,2,1,2,1,1
SF,IH2009,2020-03-03 09:31:33.800,2907.8000,6558,0,181470660.000,2,1,1,多换,S,2907.8000,2906.4000,2901.0000,2900.4000,2899.4000,2909.0000,2909.2000,2910.0000,2910.4000,2911.0000,2,1,1,2,8,2,2,2,1,1
SF,IH2009,2020-03-03 09:31:34.300,2907.8000,6558,0,182343000.000,1,0,1,多换,S,2907.8000,2906.4000,2901.0000,2900.4000,2899.4000,2908.8000,2909.0000,2909.2000,2910.0000,2910.4000,1,1,1,2,8,1,2,1,2,1
SF,IH2009,2020-03-03 09:31:34.800,2907.8000,6558,0,182343000.000,0,-,-,-,-,2907.8000,2906.4000,2901.0000,2900.4000,2899.4000,2908.6000,2908.8000,2909.0000,2909.2000,2910.0000,1,1,1,2,8,1,1,1,1,2
SF,IH2009,2020-03-03 09:31:35.300,2907.8000,6558,0,183215340.000,1,0,1,多换,S,2906.4000,2901.0000,2900.4000,2899.4000,2895.0000,2908.4000,2908.6000,2909.0000,2909.2000,2910.0000,1,1,2,8,1,1,1,1,1,2
SF,IH2009,2020-03-03 09:31:35.800,2907.8000,6558,0,183215340.000,0,-,-,-,-,2906.4000,2905.4000,2901.0000,2900.4000,2899.4000,2908.2000,2909.0000,2910.0000,2910.4000,2911.0000,1,1,1,2,8,1,1,2,1,1
SF,IH2009,2020-03-03 09:31:36.800,2907.8000,6558,0,183215340.000,0,-,-,-,-,2906.6000,2906.4000,2905.4000,2901.0000,2900.4000,2908.2000,2909.0000,2910.0000,2910.4000,2911.0000,1,1,1,1,2,1,1,2,1,1
SF,IH2009,2020-03-03 09:31:37.800,2907.8000,6558,0,183215340.000,0,-,-,-,-,2906.4000,2905.4000,2901.0000,2900.4000,2899.4000,2908.2000,2909.0000,2910.0000,2910.4000,2911.0000,1,1,1,2,8,1,1,2,1,1
SF,IH2009,2020-03-03 09:31:38.800,2907.8000,6558,0,183215340.000,0,-,-,-,-,2906.4000,2905.4000,2901.0000,2900.4000,2899.4000,2908.0000,2908.2000,2909.0000,2910.0000,2910.4000,1,1,1,2,8,1,1,1,2,1
SF,IH2009,2020-03-03 09:31:39.300,2907.8000,6558,0,183215340.000,0,-,-,-,-,2906.4000,2905.4000,2901.0000,2900.4000,2899.4000,2908.0000,2908.2000,2909.0000,2910.0000,2910.4000,1,1,1,2,8,2,1,1,2,1
SF,IH2009,2020-03-03 09:31:39.800,2907.8000,6558,0,183215340.000,0,-,-,-,-,2906.6000,2906.4000,2905.4000,2901.0000,2900.4000,2908.0000,2908.2000,2909.0000,2910.0000,2910.4000,1,1,1,1,2,1,1,1,1,1
SF,IH2009,2020-03-03 09:31:40.800,2908.0000,6557,-1,184087740.000,1,0,1,双平,S,2908.0000,2906.4000,2905.4000,2901.0000,2900.4000,2909.0000,2910.0000,2910.4000,2911.0000,2911.6000,1,1,1,1,2,1,1,1,1,2
SF,IH2009,2020-03-03 09:31:41.300,2908.0000,6557,0,184087740.000,0,-,-,-,-,2908.0000,2906.4000,2901.0000,2900.4000,2899.4000,2908.8000,2909.0000,2910.0000,2910.4000,2911.0000,1,1,1,2,8,2,1,1,1,1
SF,IH2009,2020-03-03 09:31:41.800,2908.0000,6556,-1,184960140.000,1,0,1,双平,S,2906.4000,2905.2000,2901.0000,2900.4000,2899.4000,2908.0000,2908.8000,2909.0000,2910.0000,2910.4000,1,1,1,2,8,1,2,1,1,1
SF,IH2009,2020-03-03 09:31:42.300,2908.0000,6556,0,184960140.000,0,-,-,-,-,2906.6000,2906.4000,2905.2000,2901.0000,2900.4000,2908.0000,2908.8000,2909.0000,2910.0000,2910.4000,1,1,1,1,2,1,2,1,1,1
SF,IH2009,2020-03-03 09:31:42.800,2908.0000,6556,0,184960140.000,0,-,-,-,-,2906.6000,2906.4000,2905.2000,2901.0000,2900.4000,2908.0000,2908.8000,2909.0000,2910.0000,2910.4000,1,1,1,1,2,1,2,1,1,1
SF,IH2009,2020-03-03 09:31:43.300,2908.0000,6556,0,184960140.000,0,-,-,-,-,2906.4000,2905.2000,2901.0000,2900.4000,2899.4000,2908.0000,2908.8000,2909.0000,2910.0000,2910.4000,1,1,1,2,8,1,2,1,1,1
SF,IH2009,2020-03-03 09:31:43.800,2908.0000,6556,0,184960140.000,0,-,-,-,-,2906.6000,2906.4000,2905.2000,2901.0000,2900.4000,2907.8000,2908.0000,2908.8000,2909.0000,2910.0000,1,1,1,1,2,1,1,1,1,1
SF,IH2009,2020-03-03 09:31:44.300,2908.0000,6556,0,184960140.000,0,-,-,-,-,2906.6000,2906.4000,2905.2000,2901.0000,2900.4000,2908.0000,2908.8000,2909.0000,2910.0000,2910.4000,1,1,1,1,2,2,1,1,1,1
SF,IH2009,2020-03-03 09:31:44.800,2908.0000,6556,0,184960140.000,0,-,-,-,-,2906.6000,2906.4000,2905.2000,2901.0000,2900.4000,2908.0000,2908.8000,2909.0000,2910.0000,2910.4000,1,1,1,1,2,2,1,1,1,1
SF,IH2009,2020-03-03 09:31:45.300,2908.0000,6556,0,184960140.000,0,-,-,-,-,2906.4000,2905.2000,2901.0000,2900.4000,2899.4000,2908.0000,2908.8000,2909.0000,2910.0000,2910.4000,1,1,1,2,8,2,1,1,1,1
SF,IH2009,2020-03-03 09:31:45.800,2908.0000,6556,0,184960140.000,0,-,-,-,-,2906.4000,2905.2000,2901.0000,2900.4000,2899.4000,2907.8000,2908.0000,2908.8000,2909.0000,2910.0000,1,1,1,2,8,1,2,1,1,1
SF,IH2009,2020-03-03 09:31:46.300,2908.0000,6556,0,184960140.000,0,-,-,-,-,2906.4000,2905.2000,2901.0000,2900.4000,2899.4000,2907.8000,2908.0000,2908.8000,2909.0000,2910.0000,1,1,1,2,8,1,2,1,1,1
SF,IH2009,2020-03-03 09:31:46.800,2908.0000,6556,0,184960140.000,0,-,-,-,-,2906.4000,2905.2000,2901.0000,2900.4000,2899.4000,2907.8000,2908.0000,2908.8000,2909.0000,2910.0000,1,1,1,2,8,1,2,1,1,1
SF,IH2009,2020-03-03 09:31:47.300,2908.0000,6557,1,187577340.000,3,2,1,空开,S,2908.0000,2906.4000,2905.2000,2901.0000,2900.4000,2908.8000,2909.0000,2910.0000,2910.4000,2911.0000,5,1,1,1,2,1,1,1,1,1
SF,IH2009,2020-03-03 09:31:47.800,2908.0000,6557,0,191939340.000,5,2,3,多换,S,2906.4000,2901.0000,2900.4000,2899.4000,2895.0000,2908.0000,2908.8000,2909.0000,2910.0000,2910.4000,1,1,2,8,1,1,1,1,1,1
SF,IH2009,2020-03-03 09:31:48.300,2908.0000,6557,0,191939340.000,0,-,-,-,-,2906.4000,2905.2000,2901.0000,2900.4000,2899.4000,2908.0000,2908.8000,2909.0000,2909.2000,2910.0000,1,1,1,2,8,1,1,1,1,1
SF,IH2009,2020-03-03 09:31:48.800,2908.0000,6557,0,191939340.000,0,-,-,-,-,2906.4000,2905.2000,2901.0000,2900.4000,2899.4000,2907.8000,2908.0000,2908.8000,2909.0000,2909.2000,1,1,1,2,8,1,1,1,1,1
SF,IH2009,2020-03-03 09:31:49.300,2908.0000,6557,0,191939340.000,0,-,-,-,-,2906.4000,2905.2000,2901.0000,2900.4000,2899.4000,2907.8000,2908.0000,2908.8000,2909.2000,2910.0000,1,1,1,2,8,1,2,1,1,1
SF,IH2009,2020-03-03 09:31:49.800,2908.0000,6557,0,191939340.000,0,-,-,-,-,2906.4000,2905.2000,2901.0000,2900.4000,2899.4000,2907.8000,2908.0000,2908.8000,2909.2000,2910.0000,1,1,1,2,8,1,2,1,1,1
SF,IH2009,2020-03-03 09:31:50.300,2908.0000,6557,0,191939340.000,0,-,-,-,-,2906.6000,2906.4000,2905.2000,2901.0000,2900.4000,2907.8000,2908.0000,2909.2000,2910.0000,2910.4000,1,1,1,1,2,1,2,1,1,1
SF,IH2009,2020-03-03 09:31:50.800,2908.0000,6557,0,191939340.000,0,-,-,-,-,2906.6000,2906.4000,2905.2000,2901.0000,2900.4000,2907.8000,2908.0000,2909.2000,2910.0000,2910.4000,1,1,1,1,2,1,2,1,1,1
SF,IH2009,2020-03-03 09:31:51.300,2908.0000,6557,0,191939340.000,0,-,-,-,-,2906.4000,2905.2000,2901.0000,2900.4000,2899.4000,2907.8000,2908.0000,2909.2000,2910.0000,2910.4000,1,1,1,2,8,1,2,1,1,1
SF,IH2009,2020-03-03 09:31:51.800,2908.0000,6557,0,191939340.000,0,-,-,-,-,2906.6000,2906.4000,2905.2000,2901.0000,2900.4000,2907.8000,2908.0000,2909.2000,2910.0000,2910.4000,1,1,1,1,2,1,2,1,1,1
SF,IH2009,2020-03-03 09:31:52.300,2908.0000,6557,0,191939340.000,0,-,-,-,-,2906.6000,2906.4000,2905.2000,2901.0000,2900.4000,2907.8000,2908.0000,2909.2000,2910.0000,2910.4000,1,1,1,1,2,1,2,1,1,1
SF,IH2009,2020-03-03 09:31:52.800,2908.0000,6557,0,191939340.000,0,-,-,-,-,2906.4000,2905.2000,2901.0000,2900.4000,2899.4000,2908.0000,2909.2000,2910.0000,2910.4000,2911.0000,1,1,1,2,8,2,1,1,1,1
SF,IH2009,2020-03-03 09:31:53.300,2908.0000,6557,0,191939340.000,0,-,-,-,-,2906.6000,2906.4000,2905.2000,2901.0000,2900.4000,2908.0000,2909.2000,2910.0000,2910.4000,2911.0000,2,1,1,1,2,2,1,1,1,1
SF,IH2009,2020-03-03 09:31:53.800,2908.0000,6557,0,191939340.000,0,-,-,-,-,2906.6000,2906.4000,2905.2000,2901.0000,2900.4000,2907.8000,2908.0000,2909.2000,2910.0000,2910.4000,2,1,1,1,2,1,2,1,1,1
SF,IH2009,2020-03-03 09:31:54.300,2908.0000,6557,0,191939340.000,0,-,-,-,-,2906.6000,2906.4000,2905.2000,2901.0000,2900.4000,2908.0000,2909.2000,2910.0000,2910.4000,2911.0000,1,1,1,1,2,2,1,1,1,1
SF,IH2009,2020-03-03 09:31:54.800,2908.0000,6557,0,191939340.000,0,-,-,-,-,2906.6000,2906.4000,2905.2000,2901.0000,2900.4000,2907.8000,2908.0000,2909.2000,2910.0000,2910.4000,1,1,1,1,2,2,2,1,1,1
SF,IH2009,2020-03-03 09:31:55.800,2908.0000,6557,0,191939340.000,0,-,-,-,-,2906.6000,2906.4000,2905.2000,2901.0000,2900.4000,2908.0000,2909.2000,2910.0000,2910.4000,2911.0000,1,1,1,1,2,2,1,1,1,1
SF,IH2009,2020-03-03 09:31:56.300,2908.0000,6557,0,191939340.000,0,-,-,-,-,2906.6000,2906.4000,2905.2000,2901.0000,2900.4000,2908.0000,2909.2000,2910.0000,2910.4000,2911.0000,2,1,1,1,2,2,1,1,1,1
SF,IH2009,2020-03-03 09:31:57.800,2906.6000,6556,-1,192811320.000,1,0,1,双平,S,2906.6000,2906.4000,2905.2000,2901.0000,2900.4000,2908.0000,2909.2000,2910.0000,2910.4000,2911.0000,1,1,1,1,2,2,1,1,1,1
SF,IH2009,2020-03-03 09:31:58.300,2908.0000,6554,-2,194556120.000,2,0,2,双平,S,2906.6000,2906.4000,2905.2000,2901.0000,2900.4000,2909.2000,2910.0000,2910.4000,2911.0000,2911.6000,1,1,1,1,2,1,1,1,1,2
SF,IH2009,2020-03-03 09:31:58.800,2908.0000,6554,0,194556120.000,0,-,-,-,-,2906.8000,2906.6000,2906.4000,2906.0000,2905.2000,2909.0000,2909.2000,2910.0000,2910.4000,2911.0000,1,1,1,1,1,1,1,1,1,2
SF,IH2009,2020-03-03 09:31:59.300,2908.0000,6554,0,194556120.000,0,-,-,-,-,2907.0000,2906.8000,2906.6000,2906.4000,2906.0000,2909.0000,2909.2000,2910.0000,2910.4000,2911.0000,1,1,1,1,1,1,1,1,1,2
SF,IH2009,2020-03-03 09:32:00.800,2909.0000,6554,0,195428820.000,1,0,1,多换,S,2907.0000,2906.8000,2906.6000,2906.4000,2906.0000,2909.2000,2910.0000,2910.4000,2911.0000,2911.6000,1,1,1,1,1,1,1,1,2,2
SF,IH2009,2020-03-03 09:32:01.300,2909.0000,6554,0,195428820.000,0,-,-,-,-,2907.4000,2907.0000,2906.8000,2906.6000,2906.4000,2909.2000,2910.0000,2910.4000,2911.0000,2911.2000,1,1,1,1,1,1,1,1,2,1
SF,IH2009,2020-03-03 09:32:01.800,2909.0000,6554,0,195428820.000,0,-,-,-,-,2907.6000,2907.0000,2906.8000,2906.6000,2906.4000,2909.2000,2910.0000,2910.4000,2911.0000,2911.2000,2,1,1,1,1,1,1,1,2,1
SF,IH2009,2020-03-03 09:32:02.300,2909.0000,6554,0,195428820.000,0,-,-,-,-,2907.6000,2907.0000,2906.8000,2906.4000,2906.2000,2909.2000,2910.0000,2910.4000,2911.0000,2911.2000,2,1,1,1,1,1,1,1,2,1
SF,IH2009,2020-03-03 09:32:02.800,2909.0000,6554,0,195428820.000,0,-,-,-,-,2907.6000,2906.8000,2906.4000,2906.2000,2906.0000,2909.2000,2910.0000,2910.4000,2911.0000,2911.2000,2,1,1,1,1,1,1,1,2,1
SF,IH2009,2020-03-03 09:32:03.300,2909.2000,6553,-1,196301580.000,1,0,1,双平,S,2907.6000,2906.8000,2906.4000,2906.2000,2906.0000,2910.0000,2910.4000,2911.0000,2911.2000,2911.6000,2,1,1,1,1,1,1,2,1,2
SF,IH2009,2020-03-03 09:32:03.800,2907.8000,6553,0,197173920.000,1,0,1,多换,S,2907.8000,2907.6000,2906.4000,2906.2000,2906.0000,2909.8000,2910.0000,2910.4000,2911.0000,2911.2000,1,2,1,1,1,1,1,1,2,1
SF,IH2009,2020-03-03 09:32:04.300,2907.8000,6553,0,197173920.000,0,-,-,-,-,2909.0000,2908.0000,2907.8000,2907.6000,2906.4000,2909.8000,2910.0000,2910.4000,2911.0000,2911.2000,1,1,1,2,1,1,1,1,2,1
SF,IH2009,2020-03-03 09:32:04.800,2907.8000,6553,0,197173920.000,0,-,-,-,-,2909.0000,2908.0000,2907.8000,2907.6000,2906.2000,2910.0000,2910.4000,2911.0000,2911.2000,2911.6000,1,1,1,1,1,1,1,2,1,2
SF,IH2009,2020-03-03 09:32:05.300,2907.8000,6553,0,197173920.000,0,-,-,-,-,2909.0000,2908.0000,2907.8000,2906.2000,2906.0000,2910.0000,2910.4000,2911.0000,2911.2000,2911.6000,1,1,1,1,1,1,1,2,1,2
SF,IH2009,2020-03-03 09:32:05.800,2910.0000,6552,-1,198046920.000,1,0,1,双平,S,2909.0000,2908.0000,2907.8000,2906.2000,2906.0000,2910.4000,2911.0000,2911.2000,2911.6000,2914.0000,1,1,1,1,1,1,2,1,2,1
SF,IH2009,2020-03-03 09:32:06.300,2910.0000,6552,0,198046920.000,0,-,-,-,-,2909.0000,2908.0000,2907.8000,2906.2000,2906.0000,2910.2000,2910.4000,2911.0000,2911.2000,2911.6000,1,1,1,1,1,1,1,2,1,2
SF,IH2009,2020-03-03 09:32:06.800,2910.2000,6551,-1,198919980.000,1,0,1,双平,S,2909.0000,2908.0000,2907.8000,2906.2000,2906.0000,2910.4000,2911.0000,2911.2000,2911.6000,2912.2000,1,1,1,1,1,1,2,1,2,1
SF,IH2009,2020-03-03 09:32:07.300,2910.2000,6551,0,198919980.000,0,-,-,-,-,2909.2000,2909.0000,2908.0000,2907.8000,2906.2000,2910.4000,2911.0000,2911.2000,2911.6000,2912.2000,2,1,1,1,1,1,2,1,2,1
SF,IH2009,2020-03-03 09:32:07.800,2910.4000,6550,-1,199793100.000,1,0,1,双平,S,2909.2000,2909.0000,2908.0000,2907.8000,2906.2000,2911.0000,2911.2000,2911.6000,2912.2000,2914.0000,2,1,1,1,1,2,1,2,1,1
SF,IH2009,2020-03-03 09:32:08.300,2910.4000,6550,0,199793100.000,0,-,-,-,-,2909.0000,2908.0000,2907.8000,2906.2000,2906.0000,2911.0000,2911.2000,2911.6000,2912.2000,2914.0000,1,1,1,1,1,2,1,2,1,1
SF,IH2009,2020-03-03 09:32:10.800,2910.4000,6550,0,199793100.000,0,-,-,-,-,2909.2000,2909.0000,2908.0000,2907.8000,2906.2000,2911.0000,2911.2000,2911.6000,2912.2000,2914.0000,1,1,1,1,1,1,1,2,1,1
SF,IH2009,2020-03-03 09:32:11.300,2910.4000,6550,0,199793100.000,0,-,-,-,-,2909.0000,2908.0000,2907.8000,2906.2000,2906.0000,2911.0000,2911.2000,2911.6000,2912.2000,2914.0000,1,1,1,1,1,1,1,2,1,1
SF,IH2009,2020-03-03 09:32:13.300,2910.4000,6550,0,199793100.000,0,-,-,-,-,2909.2000,2909.0000,2908.0000,2907.8000,2906.2000,2911.0000,2911.2000,2911.6000,2912.2000,2914.0000,1,1,1,1,1,1,1,2,1,1
SF,IH2009,2020-03-03 09:32:13.800,2910.4000,6550,0,199793100.000,0,-,-,-,-,2909.4000,2909.0000,2908.0000,2906.2000,2906.0000,2911.0000,2911.2000,2911.6000,2912.2000,2914.0000,3,1,1,1,1,1,1,2,1,1
SF,IH2009,2020-03-03 09:32:14.800,2911.0000,6549,-1,200666400.000,1,0,1,双平,S,2909.4000,2909.0000,2908.0000,2906.2000,2906.0000,2911.6000,2912.2000,2914.0000,2914.8000,2915.0000,3,1,1,1,1,2,1,1,1,2
SF,IH2009,2020-03-03 09:32:15.300,2911.0000,6549,0,200666400.000,0,-,-,-,-,2909.8000,2909.4000,2909.0000,2908.0000,2906.2000,2911.6000,2912.2000,2914.0000,2914.8000,2915.0000,2,1,1,1,1,2,1,1,1,2
SF,IH2009,2020-03-03 09:32:15.800,2911.0000,6549,0,200666400.000,0,-,-,-,-,2911.0000,2910.0000,2909.0000,2908.0000,2906.2000,2911.6000,2912.2000,2914.0000,2914.8000,2915.0000,1,3,1,1,1,2,1,1,1,2
SF,IH2009,2020-03-03 09:32:16.300,2911.0000,6549,0,200666400.000,0,-,-,-,-,2911.0000,2910.0000,2909.0000,2908.0000,2906.2000,2911.6000,2912.2000,2914.0000,2914.8000,2915.0000,1,1,1,1,1,2,1,1,1,2
SF,IH2009,2020-03-03 09:32:17.300,2911.6000,6547,-2,202413360.000,2,0,2,双平,S,2911.6000,2911.0000,2910.0000,2909.0000,2908.0000,2912.2000,2914.0000,2914.8000,2915.0000,2915.2000,1,1,1,1,1,1,1,1,2,1
SF,IH2009,2020-03-03 09:32:17.800,2911.6000,6547,0,202413360.000,0,-,-,-,-,2911.6000,2911.0000,2910.6000,2910.0000,2909.0000,2913.2000,2914.0000,2914.8000,2915.0000,2915.2000,1,1,1,1,1,1,1,1,2,1
SF,IH2009,2020-03-03 09:32:18.300,2911.6000,6547,0,202413360.000,0,-,-,-,-,2911.6000,2911.0000,2910.6000,2910.0000,2909.8000,2913.2000,2914.0000,2914.8000,2915.0000,2915.2000,1,1,1,1,1,1,2,1,2,1
SF,IH2009,2020-03-03 09:32:18.800,2911.6000,6547,0,202413360.000,0,-,-,-,-,2911.6000,2911.0000,2910.6000,2910.0000,2909.8000,2913.2000,2914.0000,2914.8000,2915.0000,2915.2000,1,1,1,1,1,1,2,1,2,2
SF,IH2009,2020-03-03 09:32:19.300,2911.6000,6546,-1,203286840.000,1,0,1,双平,S,2911.0000,2910.6000,2910.0000,2909.8000,2909.0000,2913.2000,2914.0000,2914.8000,2915.0000,2915.2000,1,1,1,1,1,1,2,1,2,2
SF,IH2009,2020-03-03 09:32:19.800,2911.6000,6546,0,203286840.000,0,-,-,-,-,2911.4000,2911.2000,2911.0000,2910.6000,2909.8000,2913.2000,2914.0000,2914.8000,2915.0000,2915.2000,2,1,1,1,1,1,2,1,2,2
SF,IH2009,2020-03-03 09:32:20.300,2911.6000,6546,0,203286840.000,0,-,-,-,-,2911.2000,2911.0000,2910.6000,2909.8000,2909.0000,2913.2000,2914.0000,2914.8000,2915.0000,2915.2000,1,1,1,1,1,1,2,1,2,2
SF,IH2009,2020-03-03 09:32:20.800,2911.6000,6546,0,203286840.000,0,-,-,-,-,2911.0000,2910.6000,2909.8000,2909.0000,2908.0000,2913.0000,2913.2000,2914.0000,2914.8000,2915.0000,1,1,1,1,1,1,1,2,1,2
SF,IH2009,2020-03-03 09:32:21.300,2911.6000,6546,0,203286840.000,0,-,-,-,-,2911.2000,2911.0000,2910.6000,2909.8000,2909.0000,2913.0000,2913.2000,2914.0000,2914.8000,2915.0000,1,1,1,1,1,1,1,2,1,2
SF,IH2009,2020-03-03 09:32:21.800,2911.6000,6546,0,203286840.000,0,-,-,-,-,2911.4000,2911.2000,2911.0000,2910.6000,2909.8000,2913.0000,2913.2000,2914.0000,2914.8000,2915.0000,1,1,1,1,1,1,1,2,1,2
SF,IH2009,2020-03-03 09:32:22.300,2911.6000,6546,0,203286840.000,0,-,-,-,-,2911.6000,2911.4000,2911.0000,2910.6000,2909.8000,2913.2000,2914.0000,2914.8000,2915.0000,2915.2000,1,1,1,1,1,1,2,1,2,2
SF,IH2009,2020-03-03 09:32:24.300,2911.6000,6546,0,203286840.000,0,-,-,-,-,2911.6000,2911.4000,2911.0000,2910.6000,2909.8000,2913.2000,2914.0000,2914.8000,2915.0000,2915.2000,1,1,1,1,1,1,2,1,2,2
SF,IH2009,2020-03-03 09:32:27.300,2913.2000,6545,-1,204160800.000,1,0,1,双平,S,2911.8000,2911.6000,2911.4000,2911.0000,2910.6000,2914.0000,2914.8000,2915.0000,2915.2000,2915.4000,1,1,1,1,1,2,1,2,2,1
SF,IH2009,2020-03-03 09:32:27.800,2913.2000,6545,0,204160800.000,0,-,-,-,-,2912.2000,2912.0000,2911.8000,2911.0000,2910.6000,2914.0000,2914.8000,2915.0000,2915.2000,2915.4000,2,1,2,1,1,2,1,2,2,1
SF,IH2009,2020-03-03 09:32:28.300,2913.2000,6545,0,204160800.000,0,-,-,-,-,2912.4000,2911.8000,2911.4000,2911.0000,2910.6000,2914.0000,2914.8000,2915.0000,2915.2000,2915.4000,3,1,1,1,1,2,1,2,2,1
SF,IH2009,2020-03-03 09:32:32.300,2914.0000,6545,0,205035000.000,1,0,1,多换,S,2912.4000,2911.8000,2911.4000,2911.0000,2910.6000,2914.0000,2914.8000,2915.0000,2915.2000,2915.4000,3,1,1,1,1,1,1,2,2,1
SF,IH2009,2020-03-03 09:32:32.800,2914.0000,6545,0,205035000.000,0,-,-,-,-,2912.4000,2911.8000,2911.4000,2911.0000,2910.6000,2914.0000,2914.8000,2915.0000,2915.2000,2915.4000,3,1,1,1,1,1,1,2,2,1
SF,IH2009,2020-03-03 09:32:34.300,2914.0000,6545,0,205035000.000,0,-,-,-,-,2912.4000,2911.8000,2911.4000,2911.0000,2910.6000,2914.0000,2914.8000,2915.0000,2915.2000,2915.4000,3,1,1,1,1,1,1,2,2,1
SF,IH2009,2020-03-03 09:32:35.300,2914.0000,6545,0,205035000.000,0,-,-,-,-,2912.4000,2911.8000,2911.4000,2911.0000,2910.6000,2914.0000,2914.8000,2915.0000,2915.2000,2915.4000,3,1,1,1,1,1,1,2,2,1
SF,IH2009,2020-03-03 09:32:35.800,2914.0000,6545,0,205035000.000,0,-,-,-,-,2912.6000,2912.4000,2911.8000,2911.4000,2911.0000,2914.0000,2914.8000,2915.0000,2915.2000,2915.4000,1,3,1,1,1,1,1,2,2,1
SF,IH2009,2020-03-03 09:32:36.300,2914.0000,6545,0,205035000.000,0,-,-,-,-,2912.6000,2912.4000,2911.8000,2911.4000,2911.0000,2914.0000,2914.8000,2915.0000,2915.2000,2915.4000,1,1,1,1,1,1,1,2,2,1
SF,IH2009,2020-03-03 09:32:36.800,2914.0000,6545,0,205035000.000,0,-,-,-,-,2913.0000,2912.8000,2912.6000,2912.4000,2911.8000,2914.0000,2914.8000,2915.0000,2915.2000,2915.4000,1,1,1,1,1,1,1,2,2,1
SF,IH2009,2020-03-03 09:32:37.300,2914.0000,6545,0,205035000.000,0,-,-,-,-,2913.0000,2912.4000,2911.8000,2911.4000,2911.0000,2914.0000,2914.8000,2915.0000,2915.2000,2915.4000,1,1,1,1,1,1,1,2,2,1
SF,IH2009,2020-03-03 09:32:37.800,2914.0000,6545,0,205035000.000,0,-,-,-,-,2913.2000,2913.0000,2912.4000,2911.8000,2911.4000,2914.0000,2914.8000,2915.0000,2915.2000,2915.4000,1,1,1,1,1,1,1,2,2,1
SF,IH2009,2020-03-03 09:32:38.800,2914.0000,6545,0,205035000.000,0,-,-,-,-,2913.2000,2912.4000,2911.8000,2911.4000,2911.0000,2914.0000,2914.8000,2915.0000,2915.2000,2915.4000,1,1,1,1,1,1,1,2,2,1
SF,IH2009,2020-03-03 09:32:39.800,2913.2000,6544,-1,205908960.000,1,0,1,双平,S,2912.4000,2911.8000,2911.4000,2911.0000,2909.0000,2914.0000,2914.8000,2915.0000,2915.2000,2915.4000,1,1,1,1,1,1,1,2,2,1
SF,IH2009,2020-03-03 09:32:41.300,2913.2000,6544,0,205908960.000,0,-,-,-,-,2912.4000,2911.8000,2911.4000,2911.0000,2909.0000,2914.0000,2914.8000,2915.0000,2915.2000,2915.4000,1,1,1,1,1,1,1,2,2,1
SF,IH2009,2020-03-03 09:32:41.800,2914.0000,6543,-1,206783160.000,1,0,1,双平,S,2912.4000,2911.8000,2911.4000,2911.0000,2909.0000,2914.8000,2915.0000,2915.2000,2915.4000,2915.6000,1,1,1,1,1,1,2,2,1,1
SF,IH2009,2020-03-03 09:32:42.300,2914.0000,6543,0,206783160.000,0,-,-,-,-,2914.0000,2912.4000,2911.8000,2911.4000,2911.0000,2914.6000,2914.8000,2915.0000,2915.2000,2915.4000,1,1,1,1,1,1,1,2,2,1
SF,IH2009,2020-03-03 09:32:42.800,2914.0000,6543,0,207657360.000,1,0,1,多换,S,2912.4000,2911.8000,2911.4000,2911.0000,2909.0000,2913.4000,2914.8000,2915.0000,2915.2000,2915.4000,1,1,1,1,1,2,1,2,2,1
SF,IH2009,2020-03-03 09:32:43.300,2913.4000,6541,-2,209405400.000,2,0,2,双平,S,2913.6000,2912.6000,2912.4000,2911.8000,2911.4000,2914.8000,2915.0000,2915.2000,2915.4000,2915.6000,1,1,1,1,1,1,2,2,1,1
SF,IH2009,2020-03-03 09:32:43.800,2914.8000,6541,0,210279840.000,1,0,1,多换,S,2913.6000,2912.4000,2911.8000,2911.4000,2911.0000,2915.0000,2915.2000,2915.4000,2915.6000,2916.4000,1,1,1,1,1,2,2,1,1,1
SF,IH2009,2020-03-03 09:32:44.300,2914.8000,6541,0,210279840.000,0,-,-,-,-,2913.6000,2912.4000,2912.0000,2911.8000,2911.4000,2914.8000,2915.0000,2915.2000,2915.4000,2915.6000,1,1,1,1,1,1,2,2,1,1
SF,IH2009,2020-03-03 09:32:44.800,2914.8000,6541,0,210279840.000,0,-,-,-,-,2913.6000,2912.4000,2912.0000,2911.8000,2911.4000,2914.8000,2915.0000,2915.2000,2915.4000,2915.6000,1,1,1,1,1,1,2,2,1,1
SF,IH2009,2020-03-03 09:32:46.800,2913.6000,6540,-1,211153920.000,1,0,1,双平,S,2912.4000,2912.0000,2911.8000,2911.4000,2911.0000,2914.8000,2915.0000,2915.2000,2915.4000,2915.6000,1,1,1,1,1,2,2,2,1,1
SF,IH2009,2020-03-03 09:32:47.300,2913.6000,6540,0,211153920.000,0,-,-,-,-,2912.4000,2912.0000,2911.8000,2911.4000,2911.0000,2914.6000,2914.8000,2915.0000,2915.2000,2915.4000,1,1,1,1,1,1,2,2,2,1
SF,IH2009,2020-03-03 09:32:47.800,2913.6000,6540,0,211153920.000,0,-,-,-,-,2912.8000,2912.4000,2912.0000,2911.8000,2911.4000,2914.6000,2914.8000,2915.0000,2915.2000,2915.4000,1,1,1,1,1,1,1,2,2,1
SF,IH2009,2020-03-03 09:32:48.300,2913.6000,6540,0,211153920.000,0,-,-,-,-,2913.0000,2912.4000,2912.0000,2911.8000,2911.4000,2914.8000,2915.0000,2915.2000,2915.4000,2915.6000,1,1,1,1,1,1,2,2,1,1
SF,IH2009,2020-03-03 09:32:49.300,2913.6000,6540,0,211153920.000,0,-,-,-,-,2912.4000,2912.0000,2911.8000,2911.4000,2911.0000,2914.8000,2915.0000,2915.2000,2915.4000,2915.6000,1,1,1,1,1,1,2,2,1,1
SF,IH2009,2020-03-03 09:32:49.800,2913.6000,6540,0,211153920.000,0,-,-,-,-,2912.6000,2912.4000,2912.0000,2911.4000,2911.0000,2914.6000,2914.8000,2915.0000,2915.2000,2915.4000,1,1,1,1,1,1,1,2,2,1
SF,IH2009,2020-03-03 09:32:50.300,2913.6000,6540,0,211153920.000,0,-,-,-,-,2912.8000,2912.6000,2912.0000,2911.4000,2911.0000,2914.6000,2914.8000,2915.0000,2915.2000,2915.4000,1,1,1,1,1,1,1,2,2,1
SF,IH2009,2020-03-03 09:32:50.800,2913.6000,6540,0,211153920.000,0,-,-,-,-,2914.6000,2913.0000,2912.8000,2912.6000,2912.0000,2914.8000,2915.0000,2915.2000,2915.4000,2915.6000,1,1,1,1,1,1,2,2,1,1
SF,IH2009,2020-03-03 09:32:51.300,2914.6000,6539,-1,212028300.000,1,0,1,双平,S,2912.8000,2912.6000,2911.4000,2911.0000,2909.0000,2914.6000,2914.8000,2915.0000,2915.2000,2915.4000,1,1,1,1,1,1,1,2,2,1
SF,IH2009,2020-03-03 09:32:51.800,2914.6000,6539,0,212028300.000,0,-,-,-,-,2913.0000,2912.8000,2912.6000,2911.4000,2911.0000,2914.6000,2914.8000,2915.0000,2915.2000,2915.4000,1,1,1,1,1,1,1,2,2,1
SF,IH2009,2020-03-03 09:32:54.300,2914.6000,6539,0,212028300.000,0,-,-,-,-,2913.0000,2912.8000,2912.6000,2911.4000,2911.0000,2914.6000,2914.8000,2915.0000,2915.2000,2915.4000,1,1,1,1,1,2,1,2,2,1
SF,IH2009,2020-03-03 09:32:54.800,2913.0000,6540,1,212902200.000,1,1,0,双开,S,2912.8000,2912.6000,2911.4000,2911.0000,2909.0000,2914.6000,2914.8000,2915.0000,2915.2000,2915.4000,1,1,1,1,1,2,1,2,2,1
SF,IH2009,2020-03-03 09:32:55.300,2913.0000,6540,0,212902200.000,0,-,-,-,-,2912.8000,2912.6000,2911.4000,2911.0000,2909.0000,2914.6000,2914.8000,2915.0000,2915.2000,2915.4000,1,1,1,1,1,3,1,2,2,1
SF,IH2009,2020-03-03 09:32:55.800,2913.0000,6540,0,212902200.000,0,-,-,-,-,2912.6000,2911.4000,2911.0000,2909.0000,2907.0000,2914.6000,2914.8000,2915.0000,2915.2000,2915.4000,1,1,1,1,5,3,1,2,2,1
SF,IH2009,2020-03-03 09:32:56.300,2913.0000,6540,0,212902200.000,0,-,-,-,-,2911.4000,2911.0000,2909.0000,2907.0000,2906.2000,2914.6000,2914.8000,2915.0000,2915.2000,2915.4000,1,1,1,5,1,3,1,2,2,1
SF,IH2009,2020-03-03 09:32:56.800,2913.0000,6540,0,212902200.000,0,-,-,-,-,2911.6000,2911.4000,2911.0000,2909.0000,2907.0000,2914.4000,2914.6000,2914.8000,2915.0000,2915.2000,2,1,1,1,5,2,3,1,2,2
SF,IH2009,2020-03-03 09:32:57.300,2911.6000,6540,0,213775680.000,1,0,1,多换,S,2911.6000,2911.4000,2911.0000,2909.0000,2907.0000,2914.4000,2914.6000,2914.8000,2915.0000,2915.2000,1,1,1,1,5,2,2,1,2,2
SF,IH2009,2020-03-03 09:32:57.800,2911.6000,6540,0,213775680.000,0,-,-,-,-,2911.8000,2911.6000,2911.4000,2911.0000,2909.0000,2914.4000,2914.6000,2914.8000,2915.0000,2915.2000,1,1,1,1,1,2,2,1,2,2
SF,IH2009,2020-03-03 09:32:58.300,2911.6000,6540,0,213775680.000,0,-,-,-,-,2912.0000,2911.8000,2911.4000,2911.0000,2909.0000,2914.4000,2914.6000,2914.8000,2915.0000,2915.2000,1,1,1,1,1,2,2,1,2,2
SF,IH2009,2020-03-03 09:32:58.800,2911.6000,6540,0,213775680.000,0,-,-,-,-,2912.0000,2911.4000,2911.0000,2909.0000,2907.0000,2914.4000,2914.6000,2914.8000,2915.0000,2915.2000,1,1,1,1,5,2,2,1,2,2
SF,IH2009,2020-03-03 09:32:59.300,2911.6000,6540,0,213775680.000,0,-,-,-,-,2912.0000,2911.4000,2911.0000,2909.0000,2907.0000,2914.4000,2914.6000,2914.8000,2915.0000,2915.2000,1,1,1,1,5,2,2,1,2,2
SF,IH2009,2020-03-03 09:32:59.800,2911.6000,6540,0,213775680.000,0,-,-,-,-,2912.0000,2911.4000,2911.0000,2909.0000,2907.0000,2914.4000,2914.6000,2914.8000,2915.0000,2915.2000,1,1,1,1,5,2,2,1,2,2
SF,IH2009,2020-03-03 09:33:00.300,2911.6000,6540,0,213775680.000,0,-,-,-,-,2912.0000,2911.4000,2911.0000,2909.0000,2907.0000,2914.4000,2914.6000,2914.8000,2915.0000,2915.2000,1,1,1,1,5,2,2,1,2,2
SF,IH2009,2020-03-03 09:33:00.800,2911.6000,6540,0,213775680.000,0,-,-,-,-,2911.4000,2911.0000,2909.0000,2907.0000,2906.2000,2914.2000,2914.4000,2914.6000,2914.8000,2915.0000,1,1,1,5,1,6,2,2,1,2
SF,IH2009,2020-03-03 09:33:01.300,2911.6000,6540,0,213775680.000,0,-,-,-,-,2911.6000,2911.4000,2911.0000,2909.0000,2907.0000,2914.0000,2914.6000,2914.8000,2915.0000,2915.2000,1,1,1,1,5,2,2,1,2,2
SF,IH2009,2020-03-03 09:33:01.800,2911.6000,6540,0,213775680.000,0,-,-,-,-,2911.4000,2911.0000,2909.0000,2907.0000,2906.2000,2914.0000,2914.6000,2914.8000,2915.0000,2915.2000,1,1,1,5,1,3,2,1,2,2
SF,IH2009,2020-03-03 09:33:02.300,2911.6000,6540,0,213775680.000,0,-,-,-,-,2911.6000,2911.4000,2911.0000,2909.0000,2907.0000,2914.0000,2914.6000,2914.8000,2915.0000,2915.2000,1,1,1,1,5,2,2,1,2,2
SF,IH2009,2020-03-03 09:33:05.300,2911.6000,6540,0,213775680.000,0,-,-,-,-,2911.6000,2911.4000,2911.0000,2909.0000,2907.0000,2914.0000,2914.6000,2914.8000,2915.0000,2915.2000,1,1,1,1,5,2,2,1,2,2
SF,IH2009,2020-03-03 09:33:05.800,2911.6000,6540,0,213775680.000,0,-,-,-,-,2911.8000,2911.6000,2911.4000,2911.0000,2909.0000,2914.0000,2914.6000,2914.8000,2915.0000,2915.2000,1,1,1,1,1,2,2,1,2,2
SF,IH2009,2020-03-03 09:33:06.300,2911.6000,6540,0,213775680.000,0,-,-,-,-,2912.0000,2911.8000,2911.4000,2911.0000,2909.0000,2914.0000,2914.6000,2914.8000,2915.0000,2915.2000,1,1,1,1,1,2,2,1,2,2
SF,IH2009,2020-03-03 09:33:08.800,2911.6000,6540,0,213775680.000,0,-,-,-,-,2912.0000,2911.8000,2911.4000,2911.0000,2909.0000,2914.0000,2914.6000,2914.8000,2915.0000,2915.2000,1,1,1,1,1,2,2,1,2,2
SF,IH2009,2020-03-03 09:33:09.300,2911.6000,6540,0,213775680.000,0,-,-,-,-,2912.0000,2911.4000,2911.0000,2909.0000,2907.0000,2914.0000,2914.6000,2915.0000,2915.2000,2915.4000,1,1,1,1,5,2,2,2,2,1
SF,IH2009,2020-03-03 09:33:09.800,2911.6000,6540,0,213775680.000,0,-,-,-,-,2912.0000,2911.4000,2911.0000,2909.0000,2907.0000,2914.0000,2914.6000,2915.0000,2915.2000,2915.4000,1,1,1,1,5,2,2,2,2,1
SF,IH2009,2020-03-03 09:33:10.300,2911.6000,6540,0,213775680.000,0,-,-,-,-,2912.0000,2911.4000,2911.0000,2910.4000,2907.0000,2914.0000,2914.6000,2915.0000,2915.2000,2915.4000,1,1,1,1,5,2,2,2,2,1
SF,IH2009,2020-03-03 09:33:10.800,2911.6000,6540,0,213775680.000,0,-,-,-,-,2912.0000,2911.4000,2911.0000,2910.4000,2907.0000,2914.0000,2914.6000,2915.0000,2915.2000,2915.4000,1,1,1,1,5,2,2,2,2,1
SF,IH2009,2020-03-03 09:33:11.300,2912.0000,6540,0,214649280.000,1,0,1,多换,S,2911.4000,2911.0000,2910.4000,2907.0000,2906.2000,2914.0000,2914.6000,2915.0000,2915.2000,2915.4000,1,1,1,5,1,2,2,2,2,1
SF,IH2009,2020-03-03 09:33:11.800,2912.0000,6540,0,214649280.000,0,-,-,-,-,2911.4000,2911.0000,2910.4000,2907.0000,2906.2000,2913.8000,2914.0000,2914.6000,2915.0000,2915.2000,1,1,1,5,1,1,2,2,2,2
SF,IH2009,2020-03-03 09:33:12.300,2913.6000,6540,0,215523360.000,1,0,1,多换,S,2911.4000,2911.0000,2910.4000,2907.0000,2906.2000,2913.6000,2913.8000,2914.6000,2915.0000,2915.2000,1,1,1,5,1,3,1,2,2,2
SF,IH2009,2020-03-03 09:33:12.800,2913.6000,6540,0,215523360.000,0,-,-,-,-,2911.4000,2911.0000,2910.4000,2907.0000,2906.2000,2913.4000,2913.6000,2914.6000,2915.0000,2915.2000,1,1,1,5,1,1,3,2,2,2
SF,IH2009,2020-03-03 09:33:13.300,2913.6000,6540,0,215523360.000,0,-,-,-,-,2911.4000,2911.0000,2910.4000,2907.0000,2906.2000,2913.2000,2913.4000,2913.6000,2914.6000,2915.0000,1,1,1,5,1,1,1,2,2,2
SF,IH2009,2020-03-03 09:33:13.800,2913.6000,6539,-1,216397440.000,1,0,1,双平,S,2911.4000,2911.0000,2910.4000,2907.0000,2906.2000,2913.2000,2913.4000,2913.6000,2914.6000,2915.0000,1,1,1,5,1,1,1,2,2,2
SF,IH2009,2020-03-03 09:33:14.300,2913.6000,6538,-1,217271520.000,1,0,1,双平,S,2911.4000,2911.0000,2910.4000,2907.0000,2906.2000,2913.2000,2913.4000,2913.6000,2914.6000,2915.0000,1,1,1,5,1,1,1,2,2,2
SF,IH2009,2020-03-03 09:33:14.800,2913.6000,6538,0,217271520.000,0,-,-,-,-,2911.4000,2911.0000,2910.4000,2907.0000,2906.2000,2913.2000,2913.4000,2913.6000,2914.6000,2915.0000,1,1,1,5,1,1,1,1,2,2
SF,IH2009,2020-03-03 09:33:15.300,2913.6000,6538,0,217271520.000,0,-,-,-,-,2911.6000,2911.4000,2911.0000,2910.4000,2907.0000,2913.0000,2913.2000,2913.4000,2913.6000,2914.6000,1,1,1,1,5,1,1,1,1,2
SF,IH2009,2020-03-03 09:33:15.800,2913.6000,6538,0,217271520.000,0,-,-,-,-,2911.8000,2911.4000,2911.0000,2910.4000,2907.0000,2913.0000,2913.2000,2913.4000,2913.6000,2914.6000,1,1,1,1,5,1,1,1,1,2
SF,IH2009,2020-03-03 09:33:16.300,2913.0000,6537,-1,218145420.000,1,0,1,双平,S,2911.8000,2911.4000,2911.0000,2910.4000,2907.0000,2913.2000,2913.4000,2913.8000,2914.6000,2915.0000,1,1,1,1,5,1,1,1,2,2
SF,IH2009,2020-03-03 09:33:16.800,2913.0000,6537,0,218145420.000,0,-,-,-,-,2912.0000,2911.4000,2911.0000,2910.4000,2907.0000,2913.2000,2913.8000,2914.6000,2915.0000,2915.2000,2,1,1,1,5,1,1,2,2,2
SF,IH2009,2020-03-03 09:33:17.800,2913.0000,6537,0,218145420.000,0,-,-,-,-,2912.0000,2911.4000,2911.0000,2910.4000,2907.0000,2913.2000,2913.8000,2914.6000,2915.0000,2915.2000,1,1,1,1,5,1,1,2,2,2
SF,IH2009,2020-03-03 09:33:19.800,2913.0000,6537,0,218145420.000,0,-,-,-,-,2912.0000,2911.4000,2911.0000,2910.4000,2907.0000,2913.2000,2913.8000,2914.6000,2915.0000,2915.2000,1,1,1,1,5,1,1,2,2,2
SF,IH2009,2020-03-03 09:33:20.800,2912.0000,6536,-1,219019020.000,1,0,1,双平,S,2911.4000,2911.0000,2910.4000,2907.0000,2906.2000,2913.2000,2913.8000,2914.6000,2915.0000,2915.2000,1,1,1,5,1,1,1,2,2,2
SF,IH2009,2020-03-03 09:33:21.300,2912.0000,6536,0,219019020.000,0,-,-,-,-,2911.4000,2911.0000,2910.4000,2907.0000,2906.2000,2913.2000,2913.8000,2914.6000,2915.0000,2915.2000,1,1,1,5,1,2,1,2,2,2
SF,IH2009,2020-03-03 09:33:22.300,2912.0000,6536,0,219019020.000,0,-,-,-,-,2911.4000,2911.0000,2910.4000,2907.0000,2906.2000,2913.2000,2913.8000,2914.6000,2915.0000,2915.2000,1,1,1,5,1,1,1,2,2,2
SF,IH2009,2020-03-03 09:33:22.800,2911.4000,6536,0,219892440.000,1,0,1,多换,S,2911.0000,2910.4000,2906.2000,2903.2000,2901.0000,2913.2000,2913.8000,2914.6000,2915.0000,2915.2000,1,1,1,5,1,1,1,2,2,2
SF,IH2009,2020-03-03 09:33:23.300,2911.4000,6536,0,219892440.000,0,-,-,-,-,2911.0000,2910.4000,2906.2000,2903.2000,2901.0000,2913.0000,2913.2000,2913.8000,2914.6000,2915.0000,1,1,1,5,1,1,1,1,2,2
SF,IH2009,2020-03-03 09:33:23.800,2911.4000,6536,0,219892440.000,0,-,-,-,-,2911.0000,2910.4000,2906.2000,2903.2000,2901.0000,2912.8000,2913.0000,2913.8000,2914.6000,2915.0000,1,1,1,5,1,1,1,1,2,2
SF,IH2009,2020-03-03 09:33:24.300,2911.4000,6536,0,219892440.000,0,-,-,-,-,2911.0000,2910.4000,2906.2000,2903.2000,2901.0000,2912.8000,2913.0000,2913.8000,2914.6000,2915.0000,1,1,1,5,1,1,1,1,2,7
SF,IH2009,2020-03-03 09:33:24.800,2911.4000,6536,0,219892440.000,0,-,-,-,-,2911.2000,2911.0000,2910.4000,2906.2000,2903.2000,2912.8000,2913.0000,2913.8000,2914.6000,2915.0000,1,1,1,1,5,1,1,1,2,7
SF,IH2009,2020-03-03 09:33:25.800,2913.0000,6535,-1,221640180.000,2,0,2,多平,S,2911.2000,2911.0000,2910.4000,2906.2000,2903.2000,2913.8000,2914.6000,2915.0000,2915.2000,2915.4000,1,1,1,1,5,1,2,7,1,1
SF,IH2009,2020-03-03 09:33:26.300,2913.0000,6535,0,221640180.000,0,-,-,-,-,2911.4000,2911.2000,2911.0000,2910.4000,2906.2000,2913.6000,2913.8000,2914.6000,2915.0000,2915.2000,2,1,1,1,1,1,1,2,7,1
SF,IH2009,2020-03-03 09:33:26.800,2913.0000,6535,0,221640180.000,0,-,-,-,-,2911.6000,2911.4000,2911.2000,2911.0000,2910.4000,2913.6000,2913.8000,2914.6000,2915.0000,2915.2000,1,2,1,1,1,1,1,2,7,1
SF,IH2009,2020-03-03 09:33:27.300,2913.0000,6535,0,221640180.000,0,-,-,-,-,2911.8000,2911.6000,2911.2000,2911.0000,2910.4000,2913.6000,2913.8000,2914.6000,2915.0000,2915.2000,2,1,1,2,1,1,1,2,7,1
SF,IH2009,2020-03-03 09:33:27.800,2913.8000,6535,0,222514320.000,1,0,1,多换,S,2911.8000,2911.6000,2911.2000,2911.0000,2910.4000,2914.6000,2915.0000,2915.2000,2915.4000,2915.6000,2,1,1,2,1,2,7,1,1,1
SF,IH2009,2020-03-03 09:33:28.300,2913.8000,6535,0,222514320.000,0,-,-,-,-,2911.8000,2911.6000,2911.2000,2911.0000,2910.4000,2914.4000,2914.6000,2915.0000,2915.2000,2915.4000,2,1,1,2,1,1,2,7,1,1
SF,IH2009,2020-03-03 09:33:28.800,2913.8000,6535,0,222514320.000,0,-,-,-,-,2912.0000,2911.8000,2911.6000,2911.2000,2911.0000,2914.4000,2914.6000,2915.0000,2915.2000,2915.4000,3,2,1,1,2,1,2,7,1,1
SF,IH2009,2020-03-03 09:33:29.300,2913.8000,6535,0,222514320.000,0,-,-,-,-,2912.2000,2911.6000,2911.2000,2911.0000,2910.4000,2914.4000,2914.6000,2915.0000,2915.2000,2915.4000,2,1,1,2,1,1,2,7,1,1
SF,IH2009,2020-03-03 09:33:29.800,2914.4000,6535,0,223388640.000,1,0,1,多换,S,2912.2000,2911.6000,2911.2000,2911.0000,2910.4000,2914.6000,2915.0000,2915.2000,2915.4000,2915.6000,2,1,1,2,1,2,7,1,1,1
SF,IH2009,2020-03-03 09:33:30.300,2914.4000,6535,0,223388640.000,0,-,-,-,-,2912.4000,2912.2000,2911.6000,2911.2000,2911.0000,2914.6000,2915.0000,2915.2000,2915.4000,2915.6000,1,2,1,1,2,2,7,1,1,1
SF,IH2009,2020-03-03 09:33:30.800,2914.4000,6535,0,223388640.000,0,-,-,-,-,2912.6000,2912.4000,2911.6000,2911.2000,2911.0000,2914.6000,2915.0000,2915.2000,2915.4000,2915.6000,2,1,1,1,2,2,7,1,1,1
SF,IH2009,2020-03-03 09:33:32.800,2914.4000,6535,0,223388640.000,0,-,-,-,-,2912.6000,2911.6000,2911.2000,2911.0000,2910.4000,2914.6000,2915.0000,2915.2000,2915.4000,2915.6000,2,1,1,2,1,2,7,1,1,1
SF,IH2009,2020-03-03 09:33:34.800,2912.6000,6534,-1,225136200.000,2,0,2,多平,S,2912.8000,2911.6000,2911.2000,2911.0000,2910.4000,2914.6000,2915.0000,2915.2000,2915.4000,2915.6000,1,1,1,2,1,2,7,1,1,1
SF,IH2009,2020-03-03 09:33:35.300,2912.6000,6534,0,225136200.000,0,-,-,-,-,2912.8000,2911.6000,2911.0000,2910.4000,2910.2000,2914.6000,2915.0000,2915.2000,2915.4000,2915.6000,1,1,2,1,1,2,7,1,1,1
SF,IH2009,2020-03-03 09:33:35.800,2912.6000,6534,0,225136200.000,0,-,-,-,-,2913.0000,2912.8000,2911.6000,2911.0000,2910.4000,2914.4000,2914.6000,2915.0000,2915.2000,2915.4000,1,1,1,2,1,1,2,7,1,1
SF,IH2009,2020-03-03 09:33:36.300,2914.4000,6534,0,226010520.000,1,0,1,多换,S,2913.0000,2912.8000,2911.6000,2911.0000,2910.4000,2914.6000,2915.0000,2915.2000,2915.4000,2915.6000,1,1,1,2,1,2,7,1,1,1
SF,IH2009,2020-03-03 09:33:36.800,2914.4000,6534,0,226010520.000,0,-,-,-,-,2913.2000,2912.8000,2911.6000,2911.0000,2910.4000,2914.6000,2914.8000,2915.0000,2915.2000,2915.4000,1,1,1,2,1,2,2,7,1,1
SF,IH2009,2020-03-03 09:33:37.300,2914.4000,6534,0,226010520.000,0,-,-,-,-,2913.2000,2912.8000,2911.6000,2911.0000,2910.4000,2914.6000,2914.8000,2915.0000,2915.2000,2915.4000,1,1,1,2,1,2,2,7,1,1
SF,IH2009,2020-03-03 09:33:38.800,2914.4000,6534,0,226010520.000,0,-,-,-,-,2913.2000,2912.8000,2911.0000,2910.4000,2910.2000,2914.6000,2914.8000,2915.0000,2915.2000,2915.4000,1,1,2,1,1,2,2,7,1,1
SF,IH2009,2020-03-03 09:33:39.300,2914.4000,6533,-1,226884840.000,1,0,1,双平,S,2913.4000,2913.2000,2911.0000,2910.4000,2910.2000,2914.6000,2914.8000,2915.0000,2915.2000,2915.4000,1,1,2,1,1,2,2,7,1,1
SF,IH2009,2020-03-03 09:33:39.800,2914.4000,6533,0,226884840.000,0,-,-,-,-,2913.2000,2911.0000,2910.4000,2910.2000,2908.4000,2914.6000,2914.8000,2915.0000,2915.2000,2915.4000,1,2,1,1,1,2,2,7,1,1
SF,IH2009,2020-03-03 09:33:40.300,2914.4000,6533,0,226884840.000,0,-,-,-,-,2913.2000,2911.0000,2910.4000,2910.2000,2908.4000,2914.6000,2914.8000,2915.0000,2915.2000,2915.4000,1,2,1,1,1,2,2,7,1,1
SF,IH2009,2020-03-03 09:33:40.800,2914.4000,6533,0,226884840.000,0,-,-,-,-,2913.4000,2913.2000,2911.0000,2910.4000,2910.2000,2914.6000,2914.8000,2915.0000,2915.2000,2915.4000,1,1,2,1,1,2,2,7,1,1
SF,IH2009,2020-03-03 09:33:43.300,2914.8000,6529,-4,230382480.000,4,0,4,双平,S,2914.6000,2913.6000,2913.4000,2913.2000,2911.0000,2915.0000,2915.2000,2915.4000,2915.6000,2916.0000,2,1,1,1,2,7,1,1,1,2
SF,IH2009,2020-03-03 09:33:43.800,2915.0000,6523,-6,235629240.000,6,0,6,双平,S,2913.6000,2913.2000,2912.2000,2911.0000,2910.4000,2915.0000,2915.2000,2915.4000,2915.6000,2916.0000,1,2,1,2,1,3,1,1,1,2
SF,IH2009,2020-03-03 09:33:44.300,2915.0000,6520,-3,238252740.000,3,0,3,双平,S,2915.0000,2913.8000,2913.6000,2913.2000,2912.2000,2915.2000,2915.4000,2915.6000,2916.0000,2916.4000,1,2,1,1,1,1,1,1,2,1
SF,IH2009,2020-03-03 09:33:44.800,2915.0000,6518,-2,240001800.000,2,0,2,双平,S,2913.8000,2913.6000,2913.2000,2911.0000,2910.8000,2915.4000,2915.6000,2916.0000,2916.4000,2916.6000,1,1,1,2,5,1,1,2,1,2
SF,IH2009,2020-03-03 09:33:45.300,2915.0000,6518,0,240001800.000,0,-,-,-,-,2914.0000,2913.8000,2913.2000,2911.0000,2910.8000,2915.4000,2915.6000,2916.0000,2916.4000,2916.6000,1,1,1,2,5,1,1,2,1,2
SF,IH2009,2020-03-03 09:33:45.800,2915.0000,6518,0,240001800.000,0,-,-,-,-,2914.2000,2914.0000,2913.2000,2911.0000,2910.8000,2915.4000,2915.6000,2916.0000,2916.4000,2916.6000,2,1,1,2,5,1,1,2,1,2
SF,IH2009,2020-03-03 09:33:46.300,2915.6000,6516,-2,241751100.000,2,0,2,双平,S,2914.4000,2914.2000,2914.0000,2913.2000,2911.0000,2916.0000,2916.4000,2916.6000,2917.4000,2918.0000,4,5,1,1,2,2,1,2,1,4
SF,IH2009,2020-03-03 09:33:46.800,2915.6000,6516,0,241751100.000,0,-,-,-,-,2915.4000,2914.4000,2914.2000,2913.2000,2911.0000,2916.0000,2916.4000,2916.6000,2917.4000,2918.0000,1,3,5,1,2,2,1,2,1,4
SF,IH2009,2020-03-03 09:33:47.300,2915.4000,6515,-1,245249760.000,4,1,3,多平,S,2914.6000,2914.4000,2913.2000,2911.0000,2910.8000,2916.0000,2916.4000,2916.6000,2917.4000,2918.0000,1,1,1,2,5,1,1,2,1,4
SF,IH2009,2020-03-03 09:33:47.800,2915.4000,6515,0,245249760.000,0,-,-,-,-,2915.0000,2914.8000,2914.6000,2914.4000,2913.2000,2916.0000,2916.4000,2916.6000,2917.4000,2918.0000,1,1,1,1,1,1,1,2,1,4
SF,IH2009,2020-03-03 09:33:48.300,2915.4000,6515,0,245249760.000,0,-,-,-,-,2915.2000,2915.0000,2913.2000,2911.4000,2911.0000,2916.0000,2916.4000,2916.6000,2917.4000,2918.0000,2,1,1,1,1,1,1,2,1,4
SF,IH2009,2020-03-03 09:33:48.800,2915.4000,6515,0,245249760.000,0,-,-,-,-,2915.2000,2915.0000,2913.2000,2911.4000,2911.0000,2916.0000,2916.4000,2916.6000,2917.4000,2918.0000,1,1,1,1,1,1,1,2,1,4
SF,IH2009,2020-03-03 09:33:50.800,2916.0000,6514,-1,246124560.000,1,0,1,双平,S,2915.2000,2915.0000,2913.2000,2911.4000,2911.0000,2916.4000,2916.6000,2917.4000,2918.0000,2918.8000,1,1,1,1,1,1,2,1,4,1
SF,IH2009,2020-03-03 09:33:51.300,2916.2000,6513,-1,246999420.000,1,0,1,双平,S,2915.2000,2915.0000,2913.2000,2911.4000,2911.0000,2916.4000,2916.6000,2917.4000,2918.0000,2918.2000,1,1,1,1,1,1,2,1,4,1
SF,IH2009,2020-03-03 09:33:51.800,2916.2000,6513,0,246999420.000,0,-,-,-,-,2915.2000,2915.0000,2913.2000,2911.4000,2911.0000,2916.4000,2916.6000,2917.4000,2918.0000,2918.2000,1,1,1,1,1,1,2,1,4,1
SF,IH2009,2020-03-03 09:33:52.300,2915.2000,6512,-1,248748540.000,2,0,2,多平,S,2915.0000,2913.2000,2911.4000,2911.0000,2910.8000,2916.4000,2916.6000,2917.4000,2918.0000,2918.2000,1,1,1,1,5,1,2,1,4,1
SF,IH2009,2020-03-03 09:33:52.800,2915.2000,6512,0,248748540.000,0,-,-,-,-,2916.0000,2915.0000,2913.2000,2911.4000,2911.0000,2916.4000,2916.6000,2917.4000,2918.0000,2918.2000,1,1,1,1,1,1,2,1,4,1
SF,IH2009,2020-03-03 09:33:53.300,2916.0000,6511,-1,250498140.000,2,0,2,多平,S,2915.0000,2911.4000,2911.0000,2910.8000,2910.4000,2916.4000,2916.6000,2917.4000,2918.0000,2918.2000,1,1,1,5,1,1,2,1,4,1
SF,IH2009,2020-03-03 09:33:53.800,2916.0000,6511,0,250498140.000,0,-,-,-,-,2915.0000,2911.4000,2911.0000,2910.8000,2910.4000,2916.4000,2916.6000,2917.4000,2918.0000,2918.2000,2,1,1,5,1,1,2,1,4,1
SF,IH2009,2020-03-03 09:33:54.300,2916.0000,6511,0,250498140.000,0,-,-,-,-,2915.2000,2915.0000,2911.4000,2911.0000,2910.8000,2916.0000,2916.4000,2916.6000,2917.4000,2918.0000,1,2,1,1,5,1,1,2,1,4
SF,IH2009,2020-03-03 09:33:54.800,2916.4000,6510,-1,252247860.000,2,0,2,多平,S,2916.4000,2916.2000,2916.0000,2915.4000,2915.2000,2916.6000,2917.4000,2918.0000,2918.2000,2918.8000,1,1,1,2,1,1,1,4,1,1
SF,IH2009,2020-03-03 09:33:55.300,2916.6000,6509,-1,253122840.000,1,0,1,双平,S,2916.6000,2916.4000,2916.2000,2916.0000,2915.4000,2917.4000,2918.0000,2918.2000,2918.8000,2919.8000,2,1,1,1,2,1,4,1,1,1
SF,IH2009,2020-03-03 09:33:55.800,2916.6000,6509,0,253122840.000,0,-,-,-,-,2916.4000,2916.2000,2916.0000,2915.4000,2915.2000,2917.4000,2918.0000,2918.2000,2918.8000,2919.2000,1,1,1,1,1,1,4,1,1,1
SF,IH2009,2020-03-03 09:33:56.800,2916.6000,6509,0,253122840.000,0,-,-,-,-,2916.6000,2916.4000,2916.2000,2916.0000,2915.4000,2918.0000,2918.2000,2918.8000,2919.2000,2919.8000,1,1,1,1,1,4,1,1,1,1
SF,IH2009,2020-03-03 09:33:59.800,2918.0000,6508,-1,253998240.000,1,0,1,双平,S,2916.6000,2916.4000,2916.2000,2916.0000,2915.4000,2918.0000,2918.2000,2918.8000,2919.2000,2919.8000,1,1,1,1,1,3,1,1,1,1
SF,IH2009,2020-03-03 09:34:00.300,2918.0000,6506,-2,255749040.000,2,0,2,双平,S,2916.6000,2916.4000,2916.2000,2916.0000,2915.4000,2918.0000,2918.8000,2919.2000,2919.8000,2920.0000,1,1,1,1,1,1,1,1,1,9
SF,IH2009,2020-03-03 09:34:00.800,2918.0000,6506,0,255749040.000,0,-,-,-,-,2916.8000,2916.6000,2916.4000,2916.2000,2916.0000,2918.0000,2918.8000,2919.2000,2919.8000,2920.0000,1,1,1,1,1,1,1,1,1,9
SF,IH2009,2020-03-03 09:34:01.300,2918.0000,6506,0,255749040.000,0,-,-,-,-,2917.0000,2916.8000,2916.4000,2916.2000,2916.0000,2918.0000,2918.8000,2919.2000,2919.8000,2920.0000,1,1,1,1,1,1,1,1,1,9
SF,IH2009,2020-03-03 09:34:01.800,2918.0000,6506,0,255749040.000,0,-,-,-,-,2917.0000,2916.8000,2916.4000,2916.2000,2916.0000,2918.0000,2918.8000,2919.2000,2919.8000,2920.0000,1,1,1,1,1,1,1,1,1,9
SF,IH2009,2020-03-03 09:34:02.300,2917.0000,6506,0,256624140.000,1,0,1,多换,S,2916.8000,2916.4000,2916.2000,2916.0000,2915.0000,2918.0000,2918.8000,2919.2000,2919.8000,2920.0000,1,1,1,1,2,1,1,1,1,9
SF,IH2009,2020-03-03 09:34:02.800,2917.0000,6506,0,256624140.000,0,-,-,-,-,2917.2000,2916.4000,2916.2000,2916.0000,2915.0000,2918.0000,2918.8000,2919.2000,2919.8000,2920.0000,1,1,1,1,1,1,1,1,1,9
SF,IH2009,2020-03-03 09:34:03.300,2917.2000,6505,-1,257499300.000,1,0,1,双平,S,2916.2000,2916.0000,2915.0000,2911.4000,2911.0000,2917.2000,2918.0000,2918.8000,2919.2000,2919.8000,1,1,1,1,1,2,1,1,1,1
SF,IH2009,2020-03-03 09:34:03.800,2916.0000,6504,-1,258374100.000,1,0,1,双平,S,2915.0000,2911.4000,2911.0000,2910.8000,2910.4000,2916.0000,2917.0000,2917.2000,2918.0000,2918.8000,1,1,1,5,1,1,2,2,1,1
SF,IH2009,2020-03-03 09:34:04.300,2916.0000,6503,-1,259248900.000,1,0,1,双平,S,2915.0000,2911.4000,2911.0000,2910.8000,2910.4000,2917.2000,2918.0000,2918.8000,2919.8000,2920.0000,1,1,1,5,1,2,1,1,1,9
SF,IH2009,2020-03-03 09:34:04.800,2916.0000,6503,0,259248900.000,0,-,-,-,-,2915.2000,2915.0000,2911.4000,2911.0000,2910.8000,2916.8000,2917.0000,2917.2000,2918.0000,2918.8000,1,1,1,1,5,2,1,2,1,2
SF,IH2009,2020-03-03 09:34:05.300,2916.0000,6503,0,259248900.000,0,-,-,-,-,2915.2000,2915.0000,2911.4000,2911.0000,2910.8000,2916.8000,2917.0000,2917.2000,2918.0000,2918.8000,2,1,1,1,5,2,1,2,1,2
SF,IH2009,2020-03-03 09:34:07.300,2916.0000,6503,0,259248900.000,0,-,-,-,-,2915.2000,2915.0000,2911.4000,2911.0000,2910.8000,2916.8000,2917.0000,2917.2000,2918.0000,2918.8000,2,1,1,1,5,2,1,2,2,2
SF,IH2009,2020-03-03 09:34:07.800,2916.0000,6503,0,259248900.000,0,-,-,-,-,2915.4000,2915.2000,2915.0000,2911.4000,2911.0000,2917.2000,2918.0000,2918.8000,2919.8000,2920.0000,3,2,1,1,1,2,2,2,1,9
SF,IH2009,2020-03-03 09:34:08.300,2916.0000,6503,0,259248900.000,0,-,-,-,-,2915.4000,2915.2000,2915.0000,2911.4000,2911.0000,2917.2000,2918.0000,2918.8000,2919.8000,2920.0000,2,2,1,1,1,2,2,2,1,9
SF,IH2009,2020-03-03 09:34:08.800,2916.0000,6503,0,259248900.000,0,-,-,-,-,2916.0000,2915.4000,2915.2000,2915.0000,2911.4000,2917.2000,2918.0000,2918.8000,2919.4000,2919.8000,1,2,2,1,1,2,2,2,5,1
SF,IH2009,2020-03-03 09:34:10.300,2917.2000,6501,-2,260999220.000,2,0,2,双平,S,2917.2000,2916.0000,2915.4000,2915.2000,2915.0000,2918.0000,2918.8000,2919.4000,2919.8000,2920.0000,1,1,2,2,1,2,2,5,1,9
SF,IH2009,2020-03-03 09:34:10.800,2917.2000,6500,-1,261874380.000,1,0,1,双平,S,2916.0000,2915.4000,2915.2000,2915.0000,2911.4000,2918.0000,2918.8000,2919.4000,2919.8000,2920.0000,1,2,1,1,1,2,2,5,1,9
SF,IH2009,2020-03-03 09:34:11.300,2917.2000,6500,0,261874380.000,0,-,-,-,-,2915.4000,2915.2000,2915.0000,2911.4000,2910.8000,2918.0000,2918.8000,2919.4000,2919.8000,2920.0000,2,1,1,1,5,2,2,5,1,9
SF,IH2009,2020-03-03 09:34:11.800,2917.2000,6500,0,261874380.000,0,-,-,-,-,2915.6000,2915.4000,2915.2000,2915.0000,2911.4000,2918.0000,2918.8000,2919.4000,2919.8000,2920.0000,4,2,1,1,1,2,2,5,1,9
SF,IH2009,2020-03-03 09:34:12.300,2917.2000,6500,0,261874380.000,0,-,-,-,-,2916.2000,2916.0000,2915.8000,2915.6000,2915.4000,2918.0000,2918.8000,2919.4000,2919.8000,2920.0000,1,1,1,4,1,2,2,5,1,9
SF,IH2009,2020-03-03 09:34:12.800,2917.2000,6500,0,261874380.000,0,-,-,-,-,2916.2000,2916.0000,2915.8000,2915.6000,2915.4000,2918.0000,2918.8000,2919.4000,2919.8000,2920.0000,1,1,1,4,1,2,2,5,1,9
SF,IH2009,2020-03-03 09:34:14.300,2917.2000,6500,0,261874380.000,0,-,-,-,-,2917.0000,2916.2000,2916.0000,2915.8000,2915.6000,2918.0000,2918.8000,2919.4000,2919.8000,2920.0000,1,1,1,1,3,2,2,5,1,9
SF,IH2009,2020-03-03 09:34:14.800,2918.0000,6495,-5,266251260.000,5,0,5,双平,S,2918.0000,2917.0000,2915.8000,2915.6000,2915.4000,2918.8000,2919.4000,2919.8000,2920.0000,2921.0000,2,1,1,2,1,2,5,1,9,1
SF,IH2009,2020-03-03 09:34:15.300,2918.0000,6493,-2,268002060.000,2,0,2,双平,S,2915.8000,2915.4000,2915.2000,2915.0000,2911.4000,2918.0000,2918.8000,2919.4000,2919.8000,2920.0000,1,1,1,1,1,1,2,5,1,9
SF,IH2009,2020-03-03 09:34:15.800,2918.0000,6493,0,268002060.000,0,-,-,-,-,2918.0000,2916.2000,2916.0000,2915.8000,2915.2000,2918.8000,2919.4000,2919.8000,2920.0000,2921.0000,1,2,1,1,1,2,5,1,9,1
SF,IH2009,2020-03-03 09:34:16.300,2918.0000,6493,0,268002060.000,0,-,-,-,-,2916.0000,2915.8000,2915.2000,2915.0000,2911.4000,2918.8000,2919.4000,2919.8000,2920.0000,2921.0000,1,1,1,1,1,2,5,1,9,1
SF,IH2009,2020-03-03 09:34:16.800,2918.0000,6493,0,268002060.000,0,-,-,-,-,2917.2000,2916.2000,2916.0000,2915.2000,2915.0000,2918.8000,2919.4000,2919.8000,2920.0000,2921.0000,1,4,1,1,1,2,5,1,9,1
SF,IH2009,2020-03-03 09:34:17.300,2918.0000,6493,0,268002060.000,0,-,-,-,-,2917.2000,2916.4000,2916.2000,2916.0000,2915.2000,2918.8000,2919.4000,2919.8000,2920.0000,2921.0000,1,1,3,1,1,2,5,1,9,1
SF,IH2009,2020-03-03 09:34:17.800,2918.0000,6493,0,268002060.000,0,-,-,-,-,2917.4000,2917.2000,2916.4000,2916.2000,2916.0000,2918.8000,2919.4000,2919.8000,2920.0000,2921.0000,1,1,1,3,1,2,5,1,9,1
SF,IH2009,2020-03-03 09:34:18.300,2918.0000,6493,0,268002060.000,0,-,-,-,-,2917.6000,2917.4000,2917.2000,2916.2000,2916.0000,2918.8000,2919.4000,2919.8000,2920.0000,2921.0000,2,1,1,3,1,2,5,1,9,1
SF,IH2009,2020-03-03 09:34:19.800,2918.8000,6493,0,268877700.000,1,0,1,多换,S,2917.6000,2917.4000,2917.2000,2916.2000,2916.0000,2918.8000,2919.4000,2919.8000,2920.0000,2921.0000,2,1,1,3,1,1,5,1,9,1
SF,IH2009,2020-03-03 09:34:20.300,2918.8000,6492,-1,269753340.000,1,0,1,双平,S,2918.8000,2917.8000,2917.6000,2917.4000,2916.2000,2919.4000,2919.8000,2920.0000,2921.0000,2921.2000,1,1,2,1,2,5,1,10,1,1
SF,IH2009,2020-03-03 09:34:20.800,2918.8000,6492,0,270628980.000,1,0,1,多换,S,2917.4000,2916.2000,2916.0000,2915.2000,2915.0000,2918.8000,2919.4000,2919.8000,2920.0000,2921.0000,1,2,1,1,5,1,5,1,10,1
SF,IH2009,2020-03-03 09:34:21.300,2918.8000,6492,0,270628980.000,0,-,-,-,-,2917.6000,2917.4000,2916.2000,2916.0000,2915.2000,2918.8000,2919.4000,2919.8000,2920.0000,2921.0000,3,1,2,1,1,1,5,1,10,1
SF,IH2009,2020-03-03 09:34:21.800,2918.8000,6491,-1,271504620.000,1,0,1,双平,S,2918.8000,2917.6000,2917.4000,2916.2000,2916.0000,2919.4000,2919.8000,2920.0000,2921.0000,2921.2000,8,4,1,2,1,5,1,10,1,1
SF,IH2009,2020-03-03 09:34:22.300,2918.8000,6488,-3,274131540.000,3,0,3,双平,S,2917.6000,2917.4000,2916.2000,2916.0000,2915.2000,2919.4000,2919.8000,2920.0000,2921.0000,2921.2000,1,1,2,1,1,5,1,10,1,1
SF,IH2009,2020-03-03 09:34:23.300,2918.8000,6488,0,274131540.000,0,-,-,-,-,2918.8000,2917.8000,2917.6000,2917.4000,2916.2000,2919.4000,2919.8000,2920.0000,2921.0000,2921.2000,2,3,1,1,2,5,1,10,1,1
SF,IH2009,2020-03-03 09:34:23.800,2918.8000,6488,0,275882820.000,2,1,1,多换,S,2917.6000,2917.4000,2916.2000,2916.0000,2915.2000,2918.8000,2919.4000,2919.8000,2920.0000,2921.0000,1,1,2,1,1,1,5,1,10,1
SF,IH2009,2020-03-03 09:34:24.300,2918.8000,6488,0,275882820.000,0,-,-,-,-,2917.6000,2917.4000,2916.2000,2916.0000,2915.2000,2919.4000,2919.8000,2920.0000,2921.0000,2921.8000,1,1,2,1,1,5,1,10,1,1
SF,IH2009,2020-03-03 09:34:24.800,2918.8000,6488,0,275882820.000,0,-,-,-,-,2917.8000,2917.6000,2917.4000,2916.2000,2916.0000,2919.4000,2919.8000,2920.0000,2921.0000,2921.8000,2,1,1,2,1,5,1,10,2,1
SF,IH2009,2020-03-03 09:34:25.300,2918.8000,6488,0,275882820.000,0,-,-,-,-,2917.8000,2917.6000,2917.4000,2916.2000,2916.0000,2919.4000,2919.8000,2920.0000,2921.0000,2921.8000,1,1,1,2,1,5,1,10,2,1
SF,IH2009,2020-03-03 09:34:25.800,2918.8000,6488,0,275882820.000,0,-,-,-,-,2918.0000,2917.8000,2917.4000,2916.2000,2916.0000,2919.4000,2919.8000,2920.0000,2921.0000,2921.8000,1,1,1,2,1,5,1,10,2,1
SF,IH2009,2020-03-03 09:34:26.300,2918.8000,6488,0,275882820.000,0,-,-,-,-,2918.2000,2917.4000,2916.2000,2916.0000,2915.2000,2919.4000,2919.8000,2920.0000,2921.0000,2921.8000,2,1,2,1,1,5,1,10,2,1
SF,IH2009,2020-03-03 09:34:26.800,2918.8000,6488,0,275882820.000,0,-,-,-,-,2918.2000,2917.4000,2916.2000,2916.0000,2915.2000,2919.4000,2919.8000,2920.0000,2921.0000,2921.8000,1,1,2,1,1,5,1,10,2,1
SF,IH2009,2020-03-03 09:34:27.300,2918.8000,6488,0,275882820.000,0,-,-,-,-,2917.4000,2916.2000,2916.0000,2915.2000,2915.0000,2919.0000,2919.4000,2919.8000,2920.0000,2921.0000,1,2,1,1,5,1,5,1,10,2
SF,IH2009,2020-03-03 09:34:27.800,2918.8000,6488,0,275882820.000,0,-,-,-,-,2917.6000,2917.4000,2916.2000,2916.0000,2915.2000,2919.0000,2919.4000,2919.8000,2920.0000,2921.0000,1,1,2,1,1,1,5,1,10,2
SF,IH2009,2020-03-03 09:34:28.800,2918.8000,6488,0,275882820.000,0,-,-,-,-,2917.8000,2917.6000,2917.4000,2916.2000,2916.0000,2919.0000,2919.4000,2919.8000,2920.0000,2921.0000,1,1,1,2,1,1,5,1,10,2
SF,IH2009,2020-03-03 09:34:29.300,2918.8000,6488,0,275882820.000,0,-,-,-,-,2917.8000,2917.4000,2916.2000,2916.0000,2915.2000,2918.8000,2919.0000,2919.4000,2919.8000,2920.0000,1,1,2,1,1,1,1,5,1,10
SF,IH2009,2020-03-03 09:34:29.800,2918.8000,6488,0,275882820.000,0,-,-,-,-,2917.8000,2917.4000,2916.2000,2916.0000,2915.2000,2918.8000,2919.0000,2919.4000,2919.8000,2920.0000,1,1,2,1,1,1,1,5,1,10
SF,IH2009,2020-03-03 09:34:30.300,2918.8000,6488,0,275882820.000,0,-,-,-,-,2918.0000,2917.4000,2916.2000,2916.0000,2915.2000,2919.0000,2919.4000,2919.8000,2920.0000,2921.0000,2,1,2,1,1,1,5,1,10,2
SF,IH2009,2020-03-03 09:34:30.800,2918.8000,6488,0,275882820.000,0,-,-,-,-,2917.4000,2916.2000,2916.0000,2915.2000,2915.0000,2919.0000,2919.4000,2919.8000,2920.0000,2921.0000,1,2,1,1,5,1,5,1,10,2
SF,IH2009,2020-03-03 09:34:31.800,2918.8000,6488,0,275882820.000,0,-,-,-,-,2917.4000,2916.2000,2916.0000,2915.2000,2915.0000,2919.0000,2919.4000,2919.8000,2920.0000,2921.0000,1,2,1,1,5,1,5,1,10,2
SF,IH2009,2020-03-03 09:34:33.300,2918.8000,6488,0,275882820.000,0,-,-,-,-,2917.4000,2916.2000,2916.0000,2915.2000,2915.0000,2919.0000,2919.4000,2919.8000,2920.0000,2921.0000,1,2,1,1,5,1,5,1,15,2
SF,IH2009,2020-03-03 09:34:33.800,2918.8000,6488,0,276758460.000,1,0,1,多换,S,2916.2000,2916.0000,2915.2000,2915.0000,2911.4000,2918.8000,2919.0000,2919.4000,2919.8000,2920.0000,1,1,1,5,1,2,1,5,1,15
SF,IH2009,2020-03-03 09:34:34.300,2918.8000,6488,0,276758460.000,0,-,-,-,-,2916.4000,2916.2000,2915.2000,2915.0000,2911.4000,2918.8000,2919.0000,2919.4000,2919.8000,2920.0000,1,1,1,5,1,2,1,5,1,15
SF,IH2009,2020-03-03 09:34:34.800,2918.8000,6488,0,276758460.000,0,-,-,-,-,2916.6000,2916.4000,2915.2000,2915.0000,2911.4000,2918.6000,2918.8000,2919.0000,2919.4000,2919.8000,1,1,1,5,1,1,1,1,5,1
SF,IH2009,2020-03-03 09:34:35.300,2918.8000,6488,0,276758460.000,0,-,-,-,-,2916.6000,2915.2000,2915.0000,2911.4000,2910.8000,2918.4000,2918.6000,2919.0000,2919.4000,2919.8000,1,1,5,1,5,2,1,1,5,1
SF,IH2009,2020-03-03 09:34:35.800,2918.8000,6488,0,276758460.000,0,-,-,-,-,2915.2000,2915.0000,2911.4000,2910.8000,2910.2000,2918.2000,2918.4000,2918.6000,2919.0000,2919.4000,1,5,1,5,1,1,2,1,1,5
SF,IH2009,2020-03-03 09:34:36.300,2918.8000,6488,0,276758460.000,0,-,-,-,-,2915.2000,2915.0000,2911.4000,2910.8000,2910.2000,2918.0000,2918.2000,2919.0000,2919.4000,2919.8000,1,5,1,5,1,2,1,1,5,1
SF,IH2009,2020-03-03 09:34:36.800,2918.8000,6488,0,276758460.000,0,-,-,-,-,2915.4000,2915.2000,2915.0000,2911.4000,2910.8000,2918.0000,2919.0000,2919.4000,2919.8000,2920.0000,1,1,5,1,5,2,1,5,1,15
SF,IH2009,2020-03-03 09:34:37.300,2918.8000,6488,0,276758460.000,0,-,-,-,-,2915.4000,2915.2000,2915.0000,2911.4000,2910.8000,2918.0000,2919.0000,2919.4000,2919.8000,2920.0000,1,1,5,1,5,2,1,5,1,15
SF,IH2009,2020-03-03 09:34:37.800,2918.8000,6488,0,276758460.000,0,-,-,-,-,2915.2000,2915.0000,2911.4000,2910.8000,2910.2000,2917.8000,2918.0000,2919.0000,2919.4000,2919.8000,1,5,1,5,1,1,2,1,5,1
SF,IH2009,2020-03-03 09:34:38.300,2918.8000,6488,0,276758460.000,0,-,-,-,-,2915.2000,2915.0000,2911.4000,2910.8000,2910.2000,2917.6000,2917.8000,2919.0000,2919.4000,2919.8000,1,5,1,5,1,4,1,1,5,1
SF,IH2009,2020-03-03 09:34:38.800,2918.8000,6488,0,276758460.000,0,-,-,-,-,2915.4000,2915.2000,2915.0000,2911.4000,2910.8000,2917.6000,2919.0000,2919.4000,2919.8000,2920.0000,2,1,5,1,5,4,1,5,1,14
SF,IH2009,2020-03-03 09:34:39.300,2915.4000,6487,-1,277633080.000,1,0,1,双平,S,2915.4000,2915.2000,2915.0000,2911.4000,2910.8000,2917.6000,2918.0000,2919.0000,2919.4000,2919.8000,1,1,5,1,5,2,1,1,5,1
SF,IH2009,2020-03-03 09:34:39.800,2915.4000,6487,0,277633080.000,0,-,-,-,-,2915.2000,2915.0000,2911.4000,2910.8000,2910.2000,2917.4000,2917.6000,2918.0000,2919.0000,2919.4000,1,5,1,5,1,4,2,1,1,5
SF,IH2009,2020-03-03 09:34:40.300,2915.4000,6487,0,277633080.000,0,-,-,-,-,2915.2000,2915.0000,2911.4000,2910.8000,2910.2000,2917.2000,2917.4000,2918.0000,2919.0000,2919.4000,1,5,1,5,1,2,1,1,1,5
SF,IH2009,2020-03-03 09:34:40.800,2915.4000,6487,0,277633080.000,0,-,-,-,-,2915.2000,2915.0000,2911.4000,2910.8000,2910.2000,2915.4000,2917.0000,2917.2000,2917.4000,2918.0000,1,5,1,5,1,1,1,2,1,1
SF,IH2009,2020-03-03 09:34:41.300,2915.4000,6486,-1,278507700.000,1,0,1,双平,S,2916.0000,2915.2000,2915.0000,2911.4000,2910.8000,2917.0000,2917.2000,2918.0000,2918.8000,2919.0000,2,1,5,1,5,1,2,1,1,1
SF,IH2009,2020-03-03 09:34:41.800,2916.0000,6484,-2,280257300.000,2,0,2,双平,S,2915.2000,2915.0000,2911.4000,2910.2000,2910.0000,2916.8000,2917.0000,2918.0000,2918.8000,2919.0000,1,5,1,1,1,2,1,1,1,1
SF,IH2009,2020-03-03 09:34:42.300,2916.0000,6484,0,280257300.000,0,-,-,-,-,2915.2000,2915.0000,2911.4000,2910.2000,2910.0000,2916.8000,2918.0000,2918.8000,2919.0000,2919.4000,1,5,1,1,1,2,1,1,1,5
SF,IH2009,2020-03-03 09:34:42.800,2916.0000,6484,0,280257300.000,0,-,-,-,-,2915.2000,2915.0000,2911.4000,2910.2000,2910.0000,2916.8000,2918.0000,2918.8000,2919.0000,2919.4000,1,5,1,1,1,2,1,1,1,5
SF,IH2009,2020-03-03 09:34:43.300,2916.0000,6484,0,280257300.000,0,-,-,-,-,2915.4000,2915.2000,2915.0000,2911.4000,2910.2000,2916.8000,2918.0000,2918.8000,2919.0000,2919.4000,1,1,5,1,1,2,1,1,1,5
SF,IH2009,2020-03-03 09:34:43.800,2916.0000,6484,0,280257300.000,0,-,-,-,-,2915.4000,2915.2000,2915.0000,2911.4000,2910.2000,2916.8000,2918.0000,2918.8000,2919.0000,2919.4000,1,1,5,1,1,2,1,1,1,5
SF,IH2009,2020-03-03 09:34:44.300,2916.0000,6484,0,280257300.000,0,-,-,-,-,2915.4000,2915.2000,2915.0000,2911.4000,2910.2000,2916.8000,2918.0000,2918.8000,2919.0000,2919.4000,1,1,5,1,1,2,1,1,1,5
SF,IH2009,2020-03-03 09:34:44.800,2915.2000,6484,0,281131860.000,1,0,1,多换,S,2915.0000,2911.4000,2910.2000,2910.0000,2907.6000,2916.6000,2916.8000,2918.0000,2918.8000,2919.0000,5,1,1,1,1,1,2,1,1,1
SF,IH2009,2020-03-03 09:34:45.300,2915.2000,6484,0,281131860.000,0,-,-,-,-,2915.0000,2911.4000,2910.2000,2910.0000,2907.6000,2916.4000,2916.6000,2918.0000,2918.8000,2919.0000,5,1,1,1,1,2,1,1,1,1
SF,IH2009,2020-03-03 09:34:46.300,2915.2000,6484,0,281131860.000,0,-,-,-,-,2915.0000,2913.2000,2911.4000,2910.2000,2910.0000,2916.4000,2916.6000,2918.0000,2918.8000,2919.0000,5,1,1,1,1,2,1,1,1,1
SF,IH2009,2020-03-03 09:34:46.800,2915.2000,6484,0,281131860.000,0,-,-,-,-,2915.2000,2915.0000,2913.2000,2911.4000,2910.2000,2916.4000,2916.6000,2918.0000,2918.8000,2919.0000,1,5,1,1,1,1,1,1,1,1
SF,IH2009,2020-03-03 09:34:47.300,2915.2000,6484,0,281131860.000,0,-,-,-,-,2915.2000,2915.0000,2913.2000,2911.4000,2910.2000,2918.0000,2918.8000,2919.0000,2919.4000,2919.8000,1,5,1,1,1,1,1,1,5,1
SF,IH2009,2020-03-03 09:34:47.800,2915.2000,6484,0,281131860.000,0,-,-,-,-,2915.4000,2915.2000,2915.0000,2913.2000,2911.4000,2917.8000,2918.0000,2918.8000,2919.0000,2919.4000,1,1,5,1,1,2,1,1,1,5
SF,IH2009,2020-03-03 09:34:48.300,2915.2000,6484,0,281131860.000,0,-,-,-,-,2915.6000,2915.4000,2915.2000,2915.0000,2913.2000,2917.8000,2918.0000,2918.8000,2919.0000,2919.4000,1,1,1,5,1,2,1,1,1,5
SF,IH2009,2020-03-03 09:34:48.800,2915.2000,6484,0,281131860.000,0,-,-,-,-,2916.0000,2915.6000,2915.4000,2915.0000,2913.2000,2917.8000,2918.0000,2918.8000,2919.0000,2919.4000,2,1,1,5,1,1,1,1,1,5
SF,IH2009,2020-03-03 09:34:49.300,2915.2000,6484,0,281131860.000,0,-,-,-,-,2916.2000,2915.4000,2915.0000,2913.2000,2911.4000,2917.8000,2918.0000,2918.8000,2919.0000,2919.4000,3,1,5,1,1,1,1,1,1,5
SF,IH2009,2020-03-03 09:34:49.800,2915.2000,6484,0,281131860.000,0,-,-,-,-,2916.2000,2915.6000,2915.0000,2911.4000,2910.2000,2917.8000,2918.0000,2918.8000,2919.0000,2919.4000,3,1,5,1,1,1,1,1,1,5
SF,IH2009,2020-03-03 09:34:50.300,2915.2000,6484,0,281131860.000,0,-,-,-,-,2916.2000,2915.0000,2911.4000,2910.2000,2910.0000,2917.8000,2918.0000,2918.8000,2919.0000,2919.4000,3,5,1,1,1,1,1,1,1,5
SF,IH2009,2020-03-03 09:34:50.800,2915.2000,6484,0,281131860.000,0,-,-,-,-,2916.2000,2915.0000,2911.4000,2910.2000,2910.0000,2917.6000,2917.8000,2918.0000,2918.8000,2919.0000,3,5,1,1,1,1,1,1,1,1
SF,IH2009,2020-03-03 09:34:51.300,2915.2000,6484,0,281131860.000,0,-,-,-,-,2916.2000,2915.0000,2911.4000,2910.2000,2910.0000,2917.4000,2917.6000,2918.0000,2918.8000,2919.0000,3,5,1,1,1,1,1,1,1,1
SF,IH2009,2020-03-03 09:34:51.800,2915.2000,6484,0,281131860.000,0,-,-,-,-,2916.2000,2915.0000,2911.4000,2910.2000,2910.0000,2917.4000,2917.6000,2918.0000,2918.8000,2919.0000,2,5,1,1,1,1,1,1,1,1
SF,IH2009,2020-03-03 09:34:52.300,2915.2000,6484,0,281131860.000,0,-,-,-,-,2916.2000,2915.0000,2911.4000,2910.2000,2910.0000,2918.0000,2918.8000,2919.0000,2919.4000,2919.8000,2,5,1,1,1,1,1,1,5,1
SF,IH2009,2020-03-03 09:34:52.800,2915.2000,6484,0,281131860.000,0,-,-,-,-,2915.0000,2911.4000,2910.2000,2910.0000,2907.6000,2917.8000,2918.0000,2918.8000,2919.0000,2919.4000,5,1,1,1,1,3,1,1,1,5
SF,IH2009,2020-03-03 09:34:53.300,2915.2000,6484,0,281131860.000,0,-,-,-,-,2915.2000,2915.0000,2911.4000,2910.2000,2910.0000,2917.8000,2918.0000,2918.8000,2919.0000,2919.4000,2,5,1,1,1,3,1,1,1,5
SF,IH2009,2020-03-03 09:34:53.800,2915.2000,6484,0,281131860.000,0,-,-,-,-,2915.6000,2915.2000,2915.0000,2911.4000,2910.2000,2917.8000,2918.0000,2918.8000,2919.0000,2919.4000,2,2,5,1,1,2,1,1,1,5
SF,IH2009,2020-03-03 09:34:54.300,2915.2000,6484,0,281131860.000,0,-,-,-,-,2916.0000,2915.8000,2915.2000,2915.0000,2911.4000,2917.8000,2918.0000,2918.8000,2919.0000,2919.4000,2,1,1,5,1,2,1,1,1,5
SF,IH2009,2020-03-03 09:34:54.800,2918.0000,6482,-2,283757940.000,3,0,3,多平,S,2916.2000,2915.8000,2915.2000,2915.0000,2911.4000,2918.8000,2919.0000,2919.4000,2919.8000,2920.0000,4,1,1,5,1,1,1,5,1,14
SF,IH2009,2020-03-03 09:34:55.300,2918.0000,6482,0,283757940.000,0,-,-,-,-,2916.6000,2916.4000,2916.2000,2915.8000,2915.0000,2918.8000,2919.0000,2919.4000,2919.8000,2920.0000,2,3,2,1,5,1,1,5,1,14
SF,IH2009,2020-03-03 09:34:55.800,2918.0000,6482,0,283757940.000,0,-,-,-,-,2917.0000,2916.8000,2916.4000,2916.2000,2915.0000,2918.0000,2918.8000,2919.0000,2919.4000,2919.8000,2,1,3,1,5,1,1,1,5,1
SF,IH2009,2020-03-03 09:34:56.300,2917.2000,6481,-1,285508500.000,2,0,2,多平,S,2917.2000,2916.6000,2916.4000,2916.2000,2915.0000,2918.8000,2919.0000,2919.4000,2919.8000,2920.0000,3,1,2,1,5,1,1,5,1,14
SF,IH2009,2020-03-03 09:34:56.800,2917.2000,6481,0,285508500.000,0,-,-,-,-,2917.2000,2916.6000,2916.4000,2916.2000,2915.0000,2918.8000,2919.0000,2919.4000,2919.8000,2920.0000,3,1,2,1,5,1,1,5,1,14
SF,IH2009,2020-03-03 09:34:57.300,2917.2000,6481,0,285508500.000,0,-,-,-,-,2917.2000,2916.2000,2915.0000,2911.4000,2910.2000,2918.6000,2918.8000,2919.0000,2919.4000,2919.8000,3,1,5,1,1,1,1,1,5,1
SF,IH2009,2020-03-03 09:34:57.800,2917.2000,6480,-1,286383660.000,1,0,1,双平,S,2916.2000,2915.0000,2911.4000,2910.2000,2910.0000,2918.6000,2918.8000,2919.0000,2919.4000,2919.8000,1,5,1,1,1,1,1,1,5,1
SF,IH2009,2020-03-03 09:34:58.300,2917.2000,6480,0,286383660.000,0,-,-,-,-,2916.4000,2915.0000,2911.4000,2910.2000,2910.0000,2918.4000,2918.6000,2918.8000,2919.0000,2919.4000,1,5,1,1,1,2,1,1,1,5
SF,IH2009,2020-03-03 09:34:58.800,2917.2000,6480,0,286383660.000,0,-,-,-,-,2915.0000,2911.4000,2910.2000,2910.0000,2907.6000,2918.2000,2918.4000,2918.8000,2919.0000,2919.4000,5,1,1,1,1,1,2,1,1,5
SF,IH2009,2020-03-03 09:34:59.300,2917.2000,6480,0,286383660.000,0,-,-,-,-,2915.2000,2915.0000,2911.4000,2910.2000,2910.0000,2918.2000,2918.4000,2918.8000,2919.0000,2919.4000,2,5,1,1,1,1,2,1,1,5
SF,IH2009,2020-03-03 09:34:59.800,2917.2000,6480,0,286383660.000,0,-,-,-,-,2915.6000,2915.4000,2915.2000,2915.0000,2911.4000,2918.0000,2918.4000,2918.8000,2919.0000,2919.4000,2,1,2,5,1,1,1,1,1,5
SF,IH2009,2020-03-03 09:35:00.300,2917.2000,6480,0,286383660.000,0,-,-,-,-,2915.8000,2915.6000,2915.4000,2915.0000,2911.4000,2918.4000,2918.8000,2919.0000,2919.4000,2919.8000,2,2,1,5,1,1,1,1,5,1
SF,IH2009,2020-03-03 09:35:00.800,2917.2000,6480,0,286383660.000,0,-,-,-,-,2915.8000,2915.0000,2911.4000,2910.2000,2910.0000,2918.2000,2918.4000,2918.8000,2919.0000,2919.4000,2,5,1,1,1,2,1,1,1,5
SF,IH2009,2020-03-03 09:35:01.300,2917.2000,6480,0,286383660.000,0,-,-,-,-,2915.8000,2915.0000,2911.4000,2910.2000,2910.0000,2918.2000,2918.4000,2918.8000,2919.0000,2919.4000,2,5,1,1,1,2,1,1,1,5
SF,IH2009,2020-03-03 09:35:01.800,2917.2000,6480,0,286383660.000,0,-,-,-,-,2916.0000,2915.8000,2915.0000,2911.4000,2910.2000,2918.2000,2918.4000,2918.8000,2919.0000,2919.4000,1,2,5,1,1,2,1,1,1,5
SF,IH2009,2020-03-03 09:35:02.300,2917.2000,6480,0,286383660.000,0,-,-,-,-,2916.4000,2916.2000,2916.0000,2915.8000,2915.0000,2918.2000,2918.4000,2918.8000,2919.0000,2919.4000,1,2,1,1,5,1,1,1,1,5
SF,IH2009,2020-03-03 09:35:02.800,2917.2000,6480,0,286383660.000,0,-,-,-,-,2916.4000,2916.2000,2915.8000,2915.0000,2911.4000,2918.8000,2919.0000,2919.4000,2919.8000,2920.0000,1,2,1,5,1,1,1,5,1,14
SF,IH2009,2020-03-03 09:35:03.300,2917.2000,6480,0,286383660.000,0,-,-,-,-,2916.6000,2916.4000,2915.8000,2915.0000,2911.4000,2918.6000,2918.8000,2919.0000,2919.4000,2919.8000,2,1,1,5,1,2,1,1,5,1
SF,IH2009,2020-03-03 09:35:03.800,2917.2000,6480,0,286383660.000,0,-,-,-,-,2916.6000,2916.4000,2915.8000,2915.0000,2911.4000,2918.6000,2918.8000,2919.0000,2919.4000,2919.8000,2,1,1,5,1,2,1,1,5,1
SF,IH2009,2020-03-03 09:35:04.300,2917.2000,6480,0,286383660.000,0,-,-,-,-,2916.8000,2916.6000,2916.4000,2915.2000,2915.0000,2918.6000,2918.8000,2919.0000,2919.4000,2919.8000,3,2,1,1,5,1,1,1,5,1
SF,IH2009,2020-03-03 09:35:04.800,2917.2000,6480,0,286383660.000,0,-,-,-,-,2916.8000,2916.6000,2915.2000,2915.0000,2911.4000,2918.6000,2918.8000,2919.0000,2919.4000,2919.8000,2,2,1,5,1,1,1,1,5,1
SF,IH2009,2020-03-03 09:35:05.300,2917.2000,6480,0,286383660.000,0,-,-,-,-,2917.0000,2916.8000,2916.6000,2915.2000,2915.0000,2918.6000,2918.8000,2919.0000,2919.4000,2919.8000,1,2,1,1,5,1,1,1,5,1
SF,IH2009,2020-03-03 09:35:05.800,2917.2000,6480,0,286383660.000,0,-,-,-,-,2917.0000,2916.6000,2915.2000,2915.0000,2911.4000,2918.4000,2918.6000,2918.8000,2919.0000,2919.4000,1,1,1,5,1,1,1,1,1,5
SF,IH2009,2020-03-03 09:35:06.300,2917.2000,6480,0,286383660.000,0,-,-,-,-,2915.2000,2915.0000,2911.4000,2910.2000,2910.0000,2918.4000,2918.6000,2918.8000,2919.0000,2919.4000,1,5,1,1,1,1,1,1,1,5
SF,IH2009,2020-03-03 09:35:06.800,2917.2000,6480,0,286383660.000,0,-,-,-,-,2915.4000,2915.2000,2915.0000,2911.4000,2910.2000,2918.8000,2919.0000,2919.4000,2919.8000,2920.0000,4,1,5,1,1,1,1,5,1,15
SF,IH2009,2020-03-03 09:35:07.300,2917.2000,6480,0,286383660.000,0,-,-,-,-,2915.4000,2915.2000,2915.0000,2911.4000,2910.2000,2918.6000,2918.8000,2919.0000,2919.4000,2919.8000,4,1,5,1,1,1,1,1,5,1
SF,IH2009,2020-03-03 09:35:07.800,2917.2000,6480,0,286383660.000,0,-,-,-,-,2915.6000,2915.4000,2915.2000,2915.0000,2911.4000,2918.8000,2919.0000,2919.4000,2919.8000,2920.0000,1,4,1,5,1,1,1,5,1,15
SF,IH2009,2020-03-03 09:35:08.300,2917.2000,6480,0,286383660.000,0,-,-,-,-,2916.0000,2915.8000,2915.4000,2915.2000,2915.0000,2918.6000,2918.8000,2919.0000,2919.4000,2919.8000,1,4,1,1,5,1,1,1,5,1
SF,IH2009,2020-03-03 09:35:08.800,2917.2000,6480,0,286383660.000,0,-,-,-,-,2916.4000,2916.2000,2916.0000,2915.8000,2915.4000,2918.8000,2919.0000,2919.4000,2919.8000,2920.0000,2,3,1,1,1,1,1,5,1,15
SF,IH2009,2020-03-03 09:35:09.300,2917.2000,6480,0,286383660.000,0,-,-,-,-,2916.6000,2916.4000,2916.0000,2915.2000,2915.0000,2918.6000,2918.8000,2919.0000,2919.4000,2919.8000,3,2,1,1,5,1,1,1,5,1
SF,IH2009,2020-03-03 09:35:09.800,2917.2000,6480,0,286383660.000,0,-,-,-,-,2916.6000,2916.4000,2915.2000,2915.0000,2911.4000,2918.4000,2918.6000,2918.8000,2919.0000,2919.4000,4,2,1,5,1,1,1,1,1,5
SF,IH2009,2020-03-03 09:35:10.300,2917.2000,6480,0,286383660.000,0,-,-,-,-,2916.6000,2915.2000,2915.0000,2911.4000,2910.2000,2918.2000,2918.4000,2918.6000,2918.8000,2919.0000,2,1,5,1,1,1,1,1,1,1
SF,IH2009,2020-03-03 09:35:10.800,2917.2000,6480,0,286383660.000,0,-,-,-,-,2916.6000,2915.2000,2915.0000,2911.4000,2910.2000,2918.2000,2918.4000,2918.6000,2918.8000,2919.0000,2,1,5,1,1,1,1,1,1,1
SF,IH2009,2020-03-03 09:35:11.300,2917.2000,6480,0,286383660.000,0,-,-,-,-,2916.8000,2915.2000,2915.0000,2911.4000,2910.2000,2918.2000,2918.4000,2918.6000,2918.8000,2919.0000,1,1,5,1,1,1,1,1,1,1
SF,IH2009,2020-03-03 09:35:11.800,2917.2000,6480,0,286383660.000,0,-,-,-,-,2915.4000,2915.2000,2915.0000,2911.4000,2910.2000,2918.2000,2918.4000,2918.6000,2918.8000,2919.0000,1,1,5,1,1,1,1,1,1,1
SF,IH2009,2020-03-03 09:35:12.300,2917.2000,6480,0,286383660.000,0,-,-,-,-,2915.6000,2915.4000,2915.2000,2915.0000,2911.4000,2918.2000,2918.4000,2918.6000,2918.8000,2919.0000,2,1,1,5,1,1,1,1,1,1
SF,IH2009,2020-03-03 09:35:14.300,2917.2000,6480,0,286383660.000,0,-,-,-,-,2915.6000,2915.4000,2915.2000,2915.0000,2911.4000,2918.0000,2918.2000,2918.4000,2918.6000,2918.8000,2,1,1,5,1,1,1,1,1,1
SF,IH2009,2020-03-03 09:35:14.800,2917.2000,6480,0,286383660.000,0,-,-,-,-,2915.8000,2915.2000,2915.0000,2911.4000,2910.2000,2917.8000,2918.0000,2918.2000,2918.6000,2918.8000,1,1,5,1,1,2,1,1,1,1
SF,IH2009,2020-03-03 09:35:15.300,2917.2000,6480,0,286383660.000,0,-,-,-,-,2915.4000,2915.2000,2915.0000,2911.4000,2910.2000,2917.6000,2917.8000,2918.2000,2918.6000,2918.8000,1,1,5,1,1,1,2,1,1,1
SF,IH2009,2020-03-03 09:35:15.800,2917.2000,6480,0,286383660.000,0,-,-,-,-,2915.4000,2915.2000,2915.0000,2911.4000,2910.2000,2917.4000,2917.6000,2917.8000,2918.2000,2918.6000,1,1,5,1,1,2,1,1,1,1
SF,IH2009,2020-03-03 09:35:16.300,2917.2000,6480,0,286383660.000,0,-,-,-,-,2915.4000,2915.2000,2915.0000,2911.4000,2910.2000,2917.2000,2917.4000,2917.8000,2918.2000,2918.6000,1,1,5,1,1,1,2,1,1,1
SF,IH2009,2020-03-03 09:35:16.800,2917.2000,6480,0,286383660.000,0,-,-,-,-,2915.4000,2915.2000,2915.0000,2911.4000,2910.2000,2917.0000,2917.2000,2917.4000,2917.8000,2918.2000,1,1,5,1,1,2,1,1,1,1
SF,IH2009,2020-03-03 09:35:17.300,2917.2000,6480,0,286383660.000,0,-,-,-,-,2915.4000,2915.2000,2915.0000,2911.4000,2910.2000,2916.8000,2917.0000,2917.4000,2917.8000,2918.2000,1,1,5,1,1,1,2,1,1,1
