市场代码,合约代码,时间,最新,持仓,增仓,成交额,成交量,开仓,平仓,成交类型,方向,买一价,买二价,买三价,买四价,买五价,卖一价,卖二价,卖三价,卖四价,卖五价,买一量,买二量,买三量,买四量,买五量,卖一量,卖二量,卖三量,卖四量,卖五量
SF,IH2007,2020-05-27 09:29:00.200,2742.4000,4643,0,3290880.000,4.000,-,-,-,-,2737.8000,2737.0000,2735.2000,2734.6000,2733.0000,2742.4000,2742.8000,2743.0000,2745.0000,2745.6000,1,1,1,3,1,1,1,2,1,1
SF,IH2007,2020-05-27 09:30:00.200,2737.8000,4643,0,4112220.000,1,0,1,多换,S,2737.0000,2734.6000,2733.0000,2732.0000,2731.8000,2738.6000,2742.2000,2742.4000,2742.8000,2743.0000,1,3,1,1,1,1,2,1,1,2
SF,IH2007,2020-05-27 09:30:00.700,2737.0000,4642,-1,4933320.000,1,0,1,双平,S,2734.6000,2733.0000,2732.0000,2731.8000,2731.6000,2738.2000,2738.4000,2738.6000,2742.4000,2742.8000,3,1,1,1,1,1,3,1,1,1
SF,IH2007,2020-05-27 09:30:01.200,2738.0000,4641,-1,5754720.000,1,0,1,双平,S,2735.0000,2734.8000,2734.6000,2733.0000,2732.0000,2738.0000,2738.4000,2740.2000,2741.6000,2742.4000,1,2,3,1,1,1,1,1,1,1
SF,IH2007,2020-05-27 09:30:01.700,2738.4000,4639,-2,7397640.000,2,0,2,双平,S,2735.2000,2735.0000,2734.6000,2733.0000,2732.0000,2740.2000,2741.6000,2742.4000,2742.8000,2743.0000,3,1,3,1,1,1,1,1,1,2
SF,IH2007,2020-05-27 09:30:02.200,2738.4000,4639,0,7397640.000,0,-,-,-,-,2735.2000,2735.0000,2734.6000,2733.0000,2732.0000,2740.0000,2740.2000,2741.6000,2742.4000,2742.8000,4,1,3,1,1,1,1,1,1,1
SF,IH2007,2020-05-27 09:30:02.700,2738.4000,4639,0,7397640.000,0,-,-,-,-,2735.2000,2735.0000,2734.6000,2733.0000,2732.0000,2740.0000,2740.2000,2741.6000,2742.4000,2742.8000,4,1,3,1,1,1,1,1,1,1
SF,IH2007,2020-05-27 09:30:03.200,2738.4000,4639,0,7397640.000,0,-,-,-,-,2735.2000,2735.0000,2734.6000,2733.0000,2732.0000,2740.0000,2740.2000,2741.6000,2742.4000,2742.8000,4,1,3,1,1,2,1,1,1,1
SF,IH2007,2020-05-27 09:30:03.700,2738.4000,4639,0,7397640.000,0,-,-,-,-,2735.4000,2735.2000,2735.0000,2734.6000,2733.0000,2740.0000,2740.2000,2741.6000,2742.4000,2742.8000,1,4,1,3,1,2,1,1,1,1
SF,IH2007,2020-05-27 09:30:04.200,2738.4000,4639,0,7397640.000,0,-,-,-,-,2735.6000,2735.4000,2735.2000,2735.0000,2734.6000,2740.0000,2740.2000,2741.6000,2742.4000,2742.8000,3,1,1,1,3,2,1,1,1,1
SF,IH2007,2020-05-27 09:30:04.700,2735.8000,4639,0,8218380.000,1,0,1,多换,S,2735.6000,2735.2000,2735.0000,2734.6000,2733.0000,2740.0000,2740.2000,2741.6000,2742.4000,2742.8000,3,1,1,3,1,2,1,1,1,1
SF,IH2007,2020-05-27 09:30:05.200,2735.8000,4639,0,8218380.000,0,-,-,-,-,2735.6000,2735.0000,2734.6000,2733.0000,2732.0000,2739.8000,2740.0000,2740.2000,2741.6000,2742.4000,3,1,3,1,1,1,2,1,2,1
SF,IH2007,2020-05-27 09:30:05.700,2735.8000,4639,0,8218380.000,0,-,-,-,-,2735.6000,2735.0000,2734.6000,2733.0000,2732.0000,2739.0000,2739.4000,2739.6000,2739.8000,2740.2000,3,1,3,1,1,1,1,1,1,1
SF,IH2007,2020-05-27 09:30:06.200,2735.8000,4639,0,8218380.000,0,-,-,-,-,2735.6000,2734.6000,2733.0000,2732.0000,2731.6000,2737.2000,2738.8000,2739.0000,2740.2000,2741.6000,3,3,1,1,1,1,1,1,1,2
SF,IH2007,2020-05-27 09:30:06.700,2735.8000,4639,0,8218380.000,0,-,-,-,-,2735.8000,2735.6000,2734.6000,2733.0000,2732.0000,2737.0000,2739.0000,2740.2000,2741.6000,2742.4000,1,1,3,1,1,1,1,1,2,1
SF,IH2007,2020-05-27 09:30:07.200,2735.8000,4639,0,8218380.000,0,-,-,-,-,2735.8000,2735.6000,2734.6000,2733.0000,2732.0000,2737.0000,2739.0000,2740.2000,2741.6000,2742.4000,1,1,3,1,1,1,1,1,2,1
SF,IH2007,2020-05-27 09:30:07.700,2735.8000,4638,-1,9039120.000,1,0,1,双平,S,2735.6000,2734.6000,2733.0000,2732.0000,2731.6000,2735.8000,2737.0000,2739.0000,2739.2000,2740.2000,1,3,1,1,1,1,1,1,1,1
SF,IH2007,2020-05-27 09:30:08.200,2735.6000,4636,-2,10680540.000,2,0,2,双平,S,2736.0000,2735.8000,2734.6000,2733.0000,2732.0000,2737.0000,2739.0000,2739.2000,2740.2000,2741.6000,2,1,3,1,1,1,1,1,1,2
SF,IH2007,2020-05-27 09:30:08.700,2736.0000,4635,-1,11501340.000,1,0,1,双平,S,2736.0000,2735.8000,2734.6000,2733.0000,2732.0000,2736.6000,2739.0000,2739.2000,2740.2000,2741.6000,1,1,3,1,1,1,1,1,1,2
SF,IH2007,2020-05-27 09:30:09.200,2736.0000,4635,0,12322140.000,1,0,1,多换,S,2735.8000,2734.6000,2733.0000,2732.0000,2731.6000,2736.4000,2739.0000,2739.2000,2740.2000,2741.6000,1,3,1,1,1,1,1,1,1,2
SF,IH2007,2020-05-27 09:30:09.700,2736.4000,4633,-2,13963980.000,2,0,2,双平,S,2736.4000,2734.6000,2733.0000,2732.0000,2731.6000,2739.0000,2739.2000,2740.2000,2741.6000,2742.4000,1,3,1,1,1,1,1,1,2,1
SF,IH2007,2020-05-27 09:30:10.200,2736.4000,4633,0,13963980.000,0,-,-,-,-,2736.4000,2734.6000,2733.0000,2732.0000,2731.6000,2736.6000,2737.2000,2737.6000,2738.0000,2738.8000,1,3,1,1,1,1,1,1,1,6
SF,IH2007,2020-05-27 09:30:10.700,2736.6000,4631,-2,15605880.000,2,0,2,双平,S,2734.6000,2733.0000,2732.0000,2731.6000,2731.2000,2736.4000,2737.6000,2738.0000,2738.8000,2739.0000,3,1,1,1,1,1,1,1,5,2
SF,IH2007,2020-05-27 09:30:11.200,2736.6000,4631,0,15605880.000,0,-,-,-,-,2734.8000,2734.6000,2733.0000,2732.0000,2731.6000,2736.2000,2736.4000,2737.6000,2738.0000,2738.8000,1,3,1,1,1,1,1,1,1,3
SF,IH2007,2020-05-27 09:30:11.700,2736.6000,4631,0,15605880.000,0,-,-,-,-,2734.8000,2734.6000,2733.0000,2732.0000,2731.6000,2736.2000,2736.4000,2737.6000,2738.0000,2738.8000,1,3,1,1,1,1,1,1,1,2
SF,IH2007,2020-05-27 09:30:12.700,2734.8000,4630,-1,16426320.000,1,0,1,双平,S,2734.6000,2733.0000,2732.0000,2731.6000,2731.2000,2736.2000,2736.4000,2737.6000,2738.0000,2738.8000,3,1,1,1,1,1,1,1,1,2
SF,IH2007,2020-05-27 09:30:13.200,2734.8000,4630,0,16426320.000,0,-,-,-,-,2734.6000,2733.0000,2732.0000,2731.6000,2731.2000,2736.0000,2736.2000,2736.4000,2738.0000,2738.8000,3,1,1,1,1,2,1,1,1,1
SF,IH2007,2020-05-27 09:30:13.700,2734.8000,4630,0,16426320.000,0,-,-,-,-,2734.8000,2734.6000,2733.0000,2732.0000,2731.6000,2735.8000,2736.4000,2738.0000,2738.8000,2739.0000,1,3,1,1,1,1,1,1,1,2
SF,IH2007,2020-05-27 09:30:14.200,2734.8000,4630,0,16426320.000,0,-,-,-,-,2734.8000,2734.6000,2733.0000,2732.0000,2731.6000,2736.4000,2738.0000,2738.8000,2739.0000,2739.2000,1,3,1,1,1,1,1,1,2,1
SF,IH2007,2020-05-27 09:30:14.700,2734.8000,4630,0,16426320.000,0,-,-,-,-,2734.8000,2734.6000,2733.0000,2732.0000,2731.6000,2736.2000,2736.4000,2738.0000,2738.8000,2739.0000,1,3,1,1,1,3,1,1,1,2
SF,IH2007,2020-05-27 09:30:15.200,2734.8000,4630,0,16426320.000,0,-,-,-,-,2734.8000,2734.6000,2733.0000,2732.0000,2731.6000,2736.4000,2738.0000,2738.8000,2739.0000,2739.2000,1,3,1,1,1,1,1,1,2,1
SF,IH2007,2020-05-27 09:30:15.700,2734.8000,4630,0,16426320.000,0,-,-,-,-,2735.0000,2734.8000,2734.6000,2733.0000,2732.0000,2736.4000,2738.0000,2738.8000,2739.0000,2739.2000,1,1,3,1,1,1,1,1,2,1
SF,IH2007,2020-05-27 09:30:16.200,2734.8000,4630,0,16426320.000,0,-,-,-,-,2735.2000,2735.0000,2734.6000,2733.0000,2732.0000,2736.4000,2738.0000,2738.8000,2739.0000,2739.2000,1,1,3,1,1,1,1,1,2,1
SF,IH2007,2020-05-27 09:30:16.700,2734.8000,4630,0,16426320.000,0,-,-,-,-,2735.4000,2735.2000,2734.6000,2733.0000,2732.0000,2736.4000,2738.0000,2738.8000,2739.0000,2739.2000,1,1,3,1,1,1,1,1,2,1
SF,IH2007,2020-05-27 09:30:17.200,2734.8000,4630,0,16426320.000,0,-,-,-,-,2735.2000,2734.6000,2733.0000,2732.0000,2731.6000,2736.4000,2738.0000,2738.8000,2739.0000,2739.2000,1,3,1,1,1,1,1,1,2,1
SF,IH2007,2020-05-27 09:30:17.700,2734.8000,4630,0,16426320.000,0,-,-,-,-,2734.6000,2733.0000,2732.0000,2731.6000,2731.2000,2736.2000,2736.4000,2738.0000,2738.8000,2739.0000,3,1,1,1,1,1,1,1,1,2
SF,IH2007,2020-05-27 09:30:18.200,2734.8000,4630,0,16426320.000,0,-,-,-,-,2734.8000,2734.6000,2733.0000,2732.0000,2731.6000,2736.0000,2736.2000,2736.4000,2738.0000,2738.8000,1,3,1,1,1,1,1,1,1,1
SF,IH2007,2020-05-27 09:30:19.200,2734.8000,4630,0,16426320.000,0,-,-,-,-,2734.8000,2734.6000,2733.0000,2732.0000,2731.6000,2736.2000,2736.4000,2738.0000,2738.8000,2739.0000,1,3,1,1,1,1,1,1,1,2
SF,IH2007,2020-05-27 09:30:21.200,2734.8000,4629,-1,17246760.000,1,0,1,双平,S,2734.6000,2733.0000,2732.0000,2731.6000,2731.2000,2736.0000,2736.2000,2736.4000,2738.0000,2738.8000,3,1,1,1,1,1,1,1,1,1
SF,IH2007,2020-05-27 09:30:21.700,2734.6000,4628,-1,18067140.000,1,0,1,双平,S,2734.6000,2733.0000,2732.0000,2731.6000,2731.2000,2735.8000,2736.0000,2736.4000,2738.0000,2738.8000,2,1,1,1,1,1,1,1,1,1
SF,IH2007,2020-05-27 09:30:22.200,2734.6000,4628,0,18067140.000,0,-,-,-,-,2734.6000,2733.0000,2732.0000,2731.6000,2731.2000,2735.6000,2735.8000,2736.4000,2738.0000,2738.8000,2,1,1,1,1,1,1,1,1,1
SF,IH2007,2020-05-27 09:30:22.700,2734.6000,4628,0,18067140.000,0,-,-,-,-,2734.6000,2733.0000,2732.0000,2731.6000,2731.2000,2735.4000,2735.6000,2736.4000,2738.0000,2738.8000,2,1,1,1,1,1,1,1,1,1
SF,IH2007,2020-05-27 09:30:25.200,2734.6000,4628,0,18067140.000,0,-,-,-,-,2734.6000,2732.0000,2731.6000,2731.2000,2730.8000,2735.4000,2735.6000,2736.4000,2738.0000,2738.8000,2,1,1,1,1,1,1,1,1,1
SF,IH2007,2020-05-27 09:30:25.700,2734.6000,4628,0,18067140.000,0,-,-,-,-,2734.6000,2732.0000,2731.6000,2731.2000,2730.8000,2734.8000,2735.4000,2735.6000,2736.4000,2738.0000,2,1,1,1,1,1,1,1,1,1
SF,IH2007,2020-05-27 09:30:26.200,2734.8000,4627,-1,18887580.000,1,0,1,双平,S,2734.6000,2732.0000,2731.6000,2731.2000,2730.8000,2735.4000,2735.6000,2736.4000,2738.0000,2738.8000,2,1,1,1,1,1,1,1,1,1
SF,IH2007,2020-05-27 09:30:26.700,2734.8000,4627,0,18887580.000,0,-,-,-,-,2734.6000,2732.0000,2731.6000,2731.2000,2730.8000,2735.2000,2735.4000,2736.4000,2738.0000,2738.8000,2,1,1,1,1,1,1,1,1,1
SF,IH2007,2020-05-27 09:30:27.200,2734.6000,4625,-2,20528340.000,2,0,2,双平,S,2732.0000,2731.6000,2731.2000,2730.8000,2730.4000,2734.6000,2735.4000,2736.4000,2738.0000,2738.8000,1,1,1,1,1,1,1,1,1,1
SF,IH2007,2020-05-27 09:30:27.700,2734.6000,4625,0,20528340.000,0,-,-,-,-,2734.2000,2732.8000,2732.2000,2732.0000,2731.6000,2734.4000,2734.6000,2735.4000,2736.4000,2738.0000,1,1,3,1,1,1,1,1,1,1
SF,IH2007,2020-05-27 09:30:28.200,2734.4000,4624,-1,21348660.000,1,0,1,双平,S,2734.2000,2732.8000,2732.2000,2732.0000,2731.6000,2734.6000,2735.4000,2736.4000,2738.0000,2738.8000,1,1,3,1,1,1,1,1,1,1
SF,IH2007,2020-05-27 09:30:28.700,2734.4000,4624,0,21348660.000,0,-,-,-,-,2732.8000,2732.2000,2732.0000,2731.6000,2731.2000,2734.6000,2735.4000,2736.4000,2738.0000,2738.8000,1,3,1,1,1,1,1,1,1,1
SF,IH2007,2020-05-27 09:30:29.200,2734.4000,4624,0,21348660.000,0,-,-,-,-,2733.0000,2732.8000,2732.2000,2732.0000,2731.6000,2734.6000,2735.4000,2736.4000,2738.0000,2738.8000,3,1,1,1,1,1,1,1,1,1
SF,IH2007,2020-05-27 09:30:29.700,2734.6000,4623,-1,22169040.000,1,0,1,双平,S,2734.2000,2733.0000,2732.8000,2732.2000,2732.0000,2735.4000,2736.4000,2738.0000,2738.8000,2739.0000,1,3,1,1,1,1,1,1,1,2
SF,IH2007,2020-05-27 09:30:30.200,2734.6000,4623,0,22169040.000,0,-,-,-,-,2734.4000,2733.0000,2732.8000,2732.2000,2732.0000,2735.4000,2736.4000,2738.0000,2738.8000,2739.0000,1,2,1,1,1,1,1,1,1,2
SF,IH2007,2020-05-27 09:30:30.700,2734.6000,4623,0,22169040.000,0,-,-,-,-,2733.0000,2732.8000,2732.2000,2732.0000,2731.6000,2735.4000,2736.4000,2738.0000,2738.8000,2739.0000,2,1,1,1,1,1,1,1,1,2
SF,IH2007,2020-05-27 09:30:31.200,2734.6000,4623,0,22169040.000,0,-,-,-,-,2734.2000,2733.2000,2733.0000,2732.8000,2732.2000,2735.4000,2736.4000,2738.0000,2738.8000,2739.0000,1,1,2,1,1,1,1,1,1,2
SF,IH2007,2020-05-27 09:30:31.700,2734.6000,4623,0,22169040.000,0,-,-,-,-,2734.4000,2733.0000,2732.8000,2732.2000,2732.0000,2735.4000,2736.4000,2738.0000,2738.8000,2739.0000,1,2,1,1,1,1,1,1,1,2
SF,IH2007,2020-05-27 09:30:32.200,2734.6000,4623,0,22169040.000,0,-,-,-,-,2733.0000,2732.8000,2732.2000,2732.0000,2731.6000,2735.4000,2736.4000,2738.0000,2738.8000,2739.0000,2,1,1,1,1,1,1,1,1,2
SF,IH2007,2020-05-27 09:30:32.700,2734.6000,4623,0,22169040.000,0,-,-,-,-,2733.2000,2733.0000,2732.8000,2732.2000,2732.0000,2735.4000,2736.4000,2738.0000,2738.8000,2739.0000,1,2,1,1,1,1,1,1,1,2
SF,IH2007,2020-05-27 09:30:33.200,2734.6000,4623,0,22169040.000,0,-,-,-,-,2733.4000,2733.2000,2732.8000,2732.2000,2732.0000,2735.4000,2736.4000,2738.0000,2738.8000,2739.0000,2,1,1,1,1,1,1,1,1,2
SF,IH2007,2020-05-27 09:30:33.700,2734.6000,4623,0,22169040.000,0,-,-,-,-,2733.6000,2733.4000,2732.8000,2732.2000,2732.0000,2735.4000,2736.4000,2738.0000,2738.8000,2739.0000,1,2,1,1,1,1,1,1,1,2
SF,IH2007,2020-05-27 09:30:34.200,2734.6000,4623,0,22169040.000,0,-,-,-,-,2733.8000,2733.6000,2733.4000,2732.8000,2732.2000,2735.4000,2736.4000,2738.0000,2738.8000,2739.0000,1,1,1,1,1,1,1,1,1,2
SF,IH2007,2020-05-27 09:30:34.700,2734.6000,4623,0,22169040.000,0,-,-,-,-,2734.0000,2733.8000,2733.4000,2732.8000,2732.2000,2735.4000,2736.4000,2738.0000,2738.8000,2739.0000,1,1,1,1,1,1,1,1,1,2
SF,IH2007,2020-05-27 09:30:36.700,2735.4000,4622,-1,22989660.000,1,0,1,双平,S,2734.0000,2733.8000,2733.4000,2732.8000,2732.2000,2736.4000,2738.0000,2738.8000,2739.0000,2740.2000,1,1,1,1,1,1,1,1,2,1
SF,IH2007,2020-05-27 09:30:37.200,2735.4000,4622,0,22989660.000,0,-,-,-,-,2734.2000,2734.0000,2732.8000,2732.2000,2732.0000,2736.2000,2736.4000,2738.0000,2738.8000,2739.0000,2,1,1,1,1,2,1,1,1,2
SF,IH2007,2020-05-27 09:30:37.700,2735.4000,4622,0,22989660.000,0,-,-,-,-,2734.4000,2734.2000,2732.8000,2732.2000,2732.0000,2736.0000,2736.2000,2736.4000,2738.0000,2738.8000,1,2,1,1,1,2,2,1,1,1
SF,IH2007,2020-05-27 09:30:38.200,2735.4000,4622,0,22989660.000,0,-,-,-,-,2734.6000,2734.2000,2732.8000,2732.2000,2732.0000,2735.8000,2736.0000,2736.2000,2736.4000,2738.0000,1,1,1,1,1,1,2,1,1,1
SF,IH2007,2020-05-27 09:30:38.700,2734.6000,4621,-1,23810040.000,1,0,1,双平,S,2734.8000,2734.2000,2732.8000,2732.2000,2732.0000,2735.6000,2735.8000,2736.0000,2736.2000,2736.4000,1,1,1,1,1,1,1,1,1,1
SF,IH2007,2020-05-27 09:30:39.200,2734.8000,4621,0,24630480.000,1,0,1,多换,S,2734.2000,2732.8000,2732.2000,2732.0000,2731.6000,2735.4000,2735.6000,2736.2000,2736.4000,2738.0000,1,1,1,1,1,1,1,1,1,1
SF,IH2007,2020-05-27 09:30:39.700,2734.8000,4621,0,24630480.000,0,-,-,-,-,2732.8000,2732.2000,2732.0000,2731.6000,2731.2000,2734.2000,2735.2000,2735.4000,2736.2000,2736.4000,1,1,1,1,1,1,1,1,1,1
SF,IH2007,2020-05-27 09:30:40.200,2734.2000,4620,-1,25450740.000,1,0,1,双平,S,2734.0000,2733.0000,2732.8000,2732.2000,2732.0000,2735.2000,2735.4000,2736.2000,2736.4000,2738.0000,1,2,1,1,1,1,1,1,1,1
SF,IH2007,2020-05-27 09:30:40.700,2734.2000,4620,0,25450740.000,0,-,-,-,-,2733.0000,2732.8000,2732.2000,2732.0000,2731.6000,2735.2000,2735.4000,2736.4000,2738.0000,2738.8000,2,1,1,1,1,1,1,1,1,1
SF,IH2007,2020-05-27 09:30:41.200,2734.2000,4620,0,25450740.000,0,-,-,-,-,2733.2000,2733.0000,2732.2000,2732.0000,2731.6000,2735.2000,2735.4000,2736.4000,2738.0000,2738.8000,1,2,1,1,1,1,1,1,1,1
SF,IH2007,2020-05-27 09:30:41.700,2734.2000,4620,0,25450740.000,0,-,-,-,-,2733.4000,2733.2000,2732.2000,2732.0000,2731.6000,2735.2000,2735.4000,2736.4000,2738.0000,2738.8000,2,1,1,1,1,1,1,1,1,1
SF,IH2007,2020-05-27 09:30:42.200,2734.2000,4620,0,25450740.000,0,-,-,-,-,2733.6000,2733.4000,2732.2000,2732.0000,2731.6000,2735.2000,2735.4000,2736.4000,2738.0000,2738.8000,1,2,1,1,1,1,1,1,1,1
SF,IH2007,2020-05-27 09:30:42.700,2734.2000,4620,0,25450740.000,0,-,-,-,-,2733.8000,2733.6000,2733.4000,2732.2000,2732.0000,2735.2000,2735.4000,2736.4000,2738.0000,2738.8000,1,1,1,1,1,1,1,1,1,1
SF,IH2007,2020-05-27 09:30:43.700,2734.2000,4620,0,25450740.000,0,-,-,-,-,2733.8000,2733.6000,2733.4000,2732.2000,2732.0000,2735.2000,2736.4000,2738.0000,2738.8000,2739.0000,1,1,1,1,1,1,1,1,1,2
SF,IH2007,2020-05-27 09:30:44.700,2734.2000,4620,0,25450740.000,0,-,-,-,-,2733.8000,2733.6000,2733.4000,2732.2000,2732.0000,2735.2000,2736.4000,2738.0000,2738.8000,2739.0000,1,1,1,1,1,1,1,1,1,2
SF,IH2007,2020-05-27 09:30:45.200,2734.2000,4620,0,25450740.000,0,-,-,-,-,2733.8000,2733.6000,2733.4000,2732.2000,2732.0000,2735.2000,2736.4000,2738.0000,2738.8000,2739.0000,1,1,1,1,1,1,1,1,1,2
SF,IH2007,2020-05-27 09:30:49.200,2734.2000,4620,0,25450740.000,0,-,-,-,-,2733.8000,2733.6000,2733.4000,2732.2000,2732.0000,2735.2000,2736.4000,2738.0000,2738.8000,2739.0000,1,1,1,1,1,1,1,1,1,2
SF,IH2007,2020-05-27 09:30:49.700,2734.2000,4620,0,25450740.000,0,-,-,-,-,2733.8000,2733.6000,2733.4000,2732.2000,2732.0000,2735.2000,2736.4000,2738.0000,2738.8000,2739.0000,1,1,1,1,1,1,1,1,1,2
SF,IH2007,2020-05-27 09:30:50.200,2734.2000,4620,0,25450740.000,0,-,-,-,-,2734.4000,2734.0000,2733.8000,2733.6000,2732.2000,2736.4000,2738.0000,2738.8000,2739.0000,2740.2000,1,1,1,1,1,1,1,1,2,1
SF,IH2007,2020-05-27 09:30:50.700,2734.2000,4620,0,25450740.000,0,-,-,-,-,2734.6000,2734.0000,2732.2000,2732.0000,2731.6000,2736.2000,2736.4000,2738.0000,2738.8000,2739.0000,2,1,1,2,1,1,1,1,1,2
SF,IH2007,2020-05-27 09:30:51.200,2734.2000,4620,0,25450740.000,0,-,-,-,-,2734.6000,2734.0000,2732.2000,2732.0000,2731.6000,2736.0000,2736.2000,2736.4000,2738.0000,2738.8000,1,1,1,2,1,1,1,1,1,1
SF,IH2007,2020-05-27 09:30:51.700,2734.2000,4620,0,25450740.000,0,-,-,-,-,2734.6000,2734.0000,2732.2000,2732.0000,2731.6000,2735.8000,2736.0000,2736.4000,2738.0000,2738.8000,1,1,1,2,1,1,1,1,1,1
SF,IH2007,2020-05-27 09:30:52.200,2734.2000,4620,0,25450740.000,0,-,-,-,-,2734.0000,2732.2000,2732.0000,2731.6000,2731.2000,2735.6000,2735.8000,2736.4000,2738.0000,2738.8000,1,1,2,1,1,1,1,1,1,1
SF,IH2007,2020-05-27 09:30:52.700,2734.2000,4620,0,25450740.000,0,-,-,-,-,2734.0000,2732.2000,2732.0000,2731.6000,2731.2000,2735.4000,2735.6000,2736.4000,2738.0000,2738.8000,1,1,2,1,1,1,1,1,1,1
SF,IH2007,2020-05-27 09:30:53.200,2734.2000,4620,0,25450740.000,0,-,-,-,-,2734.8000,2734.0000,2732.2000,2732.0000,2731.6000,2735.2000,2735.4000,2736.4000,2738.0000,2738.8000,1,1,1,2,1,1,1,1,1,1
SF,IH2007,2020-05-27 09:30:53.700,2734.2000,4620,0,25450740.000,0,-,-,-,-,2734.0000,2732.2000,2732.0000,2731.6000,2731.2000,2734.8000,2735.4000,2736.4000,2738.0000,2738.8000,1,1,2,1,1,1,1,1,1,1
SF,IH2007,2020-05-27 09:30:55.700,2734.8000,4618,-2,27091380.000,2,0,2,双平,S,2732.2000,2732.0000,2731.6000,2731.2000,2730.8000,2735.4000,2736.4000,2738.0000,2738.8000,2739.0000,1,2,1,1,2,1,1,1,1,2
SF,IH2007,2020-05-27 09:30:56.200,2734.8000,4618,0,27091380.000,0,-,-,-,-,2734.4000,2732.8000,2732.4000,2732.2000,2732.0000,2735.2000,2735.4000,2736.4000,2738.0000,2738.8000,1,1,4,1,2,1,1,1,1,1
SF,IH2007,2020-05-27 09:30:56.700,2734.4000,4617,-1,27911700.000,1,0,1,双平,S,2732.8000,2732.4000,2732.2000,2732.0000,2731.6000,2735.4000,2736.4000,2738.0000,2738.8000,2739.0000,1,4,1,2,1,1,1,1,1,2
SF,IH2007,2020-05-27 09:30:57.200,2734.4000,4617,0,27911700.000,0,-,-,-,-,2733.0000,2732.8000,2732.4000,2732.2000,2732.0000,2735.4000,2736.4000,2738.0000,2738.8000,2739.0000,3,1,1,1,2,1,1,1,1,2
SF,IH2007,2020-05-27 09:31:00.200,2734.4000,4617,0,27911700.000,0,-,-,-,-,2733.0000,2732.4000,2732.2000,2732.0000,2731.6000,2734.2000,2735.4000,2736.4000,2738.0000,2738.8000,3,1,1,2,1,1,1,1,1,1
SF,IH2007,2020-05-27 09:31:00.700,2734.4000,4617,0,27911700.000,0,-,-,-,-,2733.0000,2732.4000,2732.2000,2732.0000,2731.6000,2734.2000,2735.4000,2736.4000,2738.0000,2738.8000,2,1,1,2,1,1,1,1,1,1
SF,IH2007,2020-05-27 09:31:01.200,2734.4000,4617,0,27911700.000,0,-,-,-,-,2733.0000,2732.4000,2732.2000,2732.0000,2731.6000,2734.0000,2734.2000,2736.4000,2738.0000,2738.8000,2,1,1,2,1,1,1,1,1,1
SF,IH2007,2020-05-27 09:31:01.700,2734.0000,4616,-1,28731900.000,1,0,1,双平,S,2733.0000,2732.4000,2732.0000,2731.6000,2731.2000,2734.2000,2736.4000,2738.0000,2738.8000,2739.0000,2,1,2,1,1,1,1,1,1,2
SF,IH2007,2020-05-27 09:31:02.200,2734.0000,4616,0,28731900.000,0,-,-,-,-,2733.0000,2732.4000,2732.0000,2731.6000,2731.2000,2734.0000,2734.2000,2736.4000,2738.0000,2738.8000,2,1,2,1,1,1,1,1,1,1
SF,IH2007,2020-05-27 09:31:02.700,2734.0000,4616,0,28731900.000,0,-,-,-,-,2733.0000,2732.4000,2732.0000,2731.6000,2731.2000,2734.0000,2734.2000,2736.4000,2738.0000,2738.8000,2,1,2,1,1,1,1,1,1,1
SF,IH2007,2020-05-27 09:31:04.700,2734.0000,4616,0,28731900.000,0,-,-,-,-,2733.0000,2732.4000,2732.0000,2731.6000,2731.2000,2734.0000,2734.2000,2736.4000,2738.0000,2738.8000,2,1,3,1,1,1,1,1,1,1
SF,IH2007,2020-05-27 09:31:05.200,2734.0000,4615,-1,29552100.000,1,0,1,双平,S,2733.0000,2732.4000,2732.0000,2731.6000,2731.2000,2734.2000,2736.4000,2738.0000,2738.8000,2739.0000,2,1,3,1,1,1,1,1,1,2
SF,IH2007,2020-05-27 09:31:09.700,2734.0000,4615,0,29552100.000,0,-,-,-,-,2733.0000,2732.4000,2732.0000,2731.6000,2731.2000,2734.2000,2736.4000,2738.0000,2738.8000,2739.0000,2,1,2,1,1,1,1,1,1,2
SF,IH2007,2020-05-27 09:31:10.200,2734.0000,4615,0,29552100.000,0,-,-,-,-,2733.0000,2732.0000,2731.6000,2731.2000,2730.8000,2734.0000,2734.2000,2736.4000,2738.0000,2738.8000,1,2,1,1,2,1,1,1,1,1
SF,IH2007,2020-05-27 09:31:10.700,2734.0000,4615,0,29552100.000,0,-,-,-,-,2732.0000,2731.6000,2731.2000,2730.8000,2730.6000,2734.0000,2734.2000,2736.4000,2738.0000,2738.8000,2,1,1,2,1,1,1,1,1,1
SF,IH2007,2020-05-27 09:31:11.200,2734.0000,4615,0,29552100.000,0,-,-,-,-,2732.2000,2732.0000,2731.6000,2731.2000,2730.8000,2734.0000,2734.2000,2736.4000,2738.0000,2738.8000,3,2,1,1,2,2,1,1,1,1
SF,IH2007,2020-05-27 09:31:13.700,2734.0000,4615,0,29552100.000,0,-,-,-,-,2732.2000,2732.0000,2731.6000,2731.2000,2730.8000,2733.8000,2734.0000,2734.2000,2736.4000,2738.0000,3,2,1,1,2,1,1,1,1,1
SF,IH2007,2020-05-27 09:31:14.200,2734.0000,4615,0,29552100.000,0,-,-,-,-,2732.2000,2732.0000,2731.6000,2731.2000,2730.8000,2733.6000,2733.8000,2734.2000,2736.4000,2738.0000,3,2,1,1,2,1,1,1,1,1
SF,IH2007,2020-05-27 09:31:15.200,2734.0000,4614,-1,30372300.000,1,0,1,双平,S,2732.2000,2732.0000,2731.6000,2731.2000,2730.8000,2733.8000,2734.2000,2736.4000,2738.0000,2738.8000,3,2,1,1,2,1,1,1,1,1
SF,IH2007,2020-05-27 09:31:15.700,2734.0000,4614,0,30372300.000,0,-,-,-,-,2732.2000,2732.0000,2731.6000,2731.2000,2730.8000,2733.6000,2733.8000,2734.2000,2736.4000,2738.0000,3,2,1,1,2,1,1,1,1,1
SF,IH2007,2020-05-27 09:31:17.200,2734.0000,4614,0,30372300.000,0,-,-,-,-,2732.8000,2732.2000,2732.0000,2731.6000,2731.2000,2733.6000,2733.8000,2734.2000,2736.4000,2738.0000,1,3,2,1,1,1,1,1,1,1
SF,IH2007,2020-05-27 09:31:17.700,2734.0000,4614,0,30372300.000,0,-,-,-,-,2732.8000,2732.2000,2732.0000,2731.6000,2731.2000,2733.6000,2733.8000,2734.2000,2736.4000,2738.0000,1,3,2,1,1,1,1,1,1,1
SF,IH2007,2020-05-27 09:31:19.700,2734.0000,4614,0,30372300.000,0,-,-,-,-,2732.8000,2732.2000,2732.0000,2731.6000,2731.2000,2733.6000,2733.8000,2734.0000,2736.4000,2738.0000,1,3,2,1,1,1,1,1,1,1
SF,IH2007,2020-05-27 09:31:20.200,2732.8000,4613,-1,31192140.000,1,0,1,双平,S,2732.2000,2732.0000,2731.6000,2731.2000,2730.8000,2733.4000,2733.6000,2734.0000,2736.4000,2738.0000,3,2,1,1,2,1,1,1,1,1
SF,IH2007,2020-05-27 09:31:20.700,2732.8000,4613,0,31192140.000,0,-,-,-,-,2732.2000,2732.0000,2731.6000,2731.2000,2730.8000,2733.4000,2733.6000,2734.0000,2736.4000,2738.0000,2,2,1,1,2,2,1,1,1,1
SF,IH2007,2020-05-27 09:31:21.700,2732.8000,4613,0,31192140.000,0,-,-,-,-,2732.2000,2732.0000,2731.6000,2731.2000,2730.8000,2733.4000,2733.6000,2734.0000,2736.4000,2738.0000,2,2,1,1,2,2,1,1,1,1
SF,IH2007,2020-05-27 09:31:22.200,2732.0000,4612,-1,32831400.000,2,0,2,多平,S,2732.0000,2731.6000,2731.2000,2730.8000,2730.6000,2733.4000,2733.6000,2734.0000,2736.4000,2738.0000,1,1,1,2,1,2,1,1,1,1
SF,IH2007,2020-05-27 09:31:22.700,2732.0000,4612,0,32831400.000,0,-,-,-,-,2732.0000,2731.6000,2731.2000,2730.8000,2730.6000,2733.2000,2733.4000,2734.0000,2736.4000,2738.0000,1,1,1,2,1,3,1,1,1,1
SF,IH2007,2020-05-27 09:31:23.200,2732.0000,4612,0,32831400.000,0,-,-,-,-,2732.0000,2731.6000,2731.2000,2730.8000,2730.6000,2733.2000,2733.4000,2734.0000,2736.4000,2738.0000,1,1,1,2,1,2,1,1,1,1
SF,IH2007,2020-05-27 09:31:23.700,2732.0000,4612,0,32831400.000,0,-,-,-,-,2732.0000,2731.6000,2731.2000,2730.8000,2730.6000,2733.2000,2734.0000,2736.4000,2738.0000,2738.8000,1,1,1,2,1,2,1,1,1,1
SF,IH2007,2020-05-27 09:31:24.200,2732.0000,4612,0,32831400.000,0,-,-,-,-,2732.0000,2731.6000,2731.2000,2730.8000,2730.6000,2733.0000,2733.2000,2734.0000,2736.4000,2738.0000,1,1,1,2,1,1,2,1,1,1
SF,IH2007,2020-05-27 09:31:24.700,2733.0000,4611,-1,33651300.000,1,0,1,双平,S,2732.0000,2731.6000,2731.2000,2730.8000,2730.6000,2733.2000,2734.0000,2736.4000,2738.0000,2738.8000,1,1,1,2,1,2,1,1,1,1
SF,IH2007,2020-05-27 09:31:25.200,2733.0000,4611,0,33651300.000,0,-,-,-,-,2732.2000,2732.0000,2731.6000,2731.2000,2730.8000,2734.0000,2736.4000,2738.0000,2738.8000,2739.0000,2,1,1,1,2,1,1,1,1,2
SF,IH2007,2020-05-27 09:31:25.700,2733.0000,4611,0,33651300.000,0,-,-,-,-,2732.4000,2732.2000,2732.0000,2731.6000,2731.2000,2733.8000,2734.0000,2736.4000,2738.0000,2738.8000,1,2,1,1,1,1,1,1,1,1
SF,IH2007,2020-05-27 09:31:26.200,2733.8000,4611,0,34471440.000,1,0,1,多换,S,2732.6000,2732.4000,2732.2000,2732.0000,2731.6000,2734.0000,2736.4000,2738.0000,2738.8000,2739.0000,1,1,1,1,1,1,1,1,1,2
SF,IH2007,2020-05-27 09:31:26.700,2734.0000,4610,-1,35291640.000,1,0,1,双平,S,2732.8000,2732.6000,2732.4000,2732.0000,2731.6000,2736.4000,2738.0000,2738.8000,2739.0000,2740.2000,1,1,1,1,1,1,1,1,2,1
SF,IH2007,2020-05-27 09:31:27.200,2734.0000,4610,0,35291640.000,0,-,-,-,-,2733.0000,2732.8000,2732.0000,2731.6000,2731.2000,2734.6000,2735.4000,2736.2000,2736.4000,2739.0000,2,1,1,1,1,1,1,3,1,1
SF,IH2007,2020-05-27 09:31:27.700,2734.0000,4610,0,35291640.000,0,-,-,-,-,2733.2000,2733.0000,2732.0000,2731.6000,2731.2000,2734.4000,2734.6000,2735.4000,2736.2000,2736.4000,1,1,1,1,1,1,1,1,1,1
SF,IH2007,2020-05-27 09:31:36.200,2734.0000,4610,0,35291640.000,0,-,-,-,-,2733.2000,2733.0000,2732.0000,2731.6000,2731.2000,2734.4000,2734.6000,2735.4000,2736.2000,2736.4000,1,1,1,1,1,1,1,1,1,1
SF,IH2007,2020-05-27 09:31:36.700,2734.0000,4610,0,35291640.000,0,-,-,-,-,2733.2000,2733.0000,2732.0000,2731.6000,2731.2000,2734.2000,2734.4000,2735.4000,2736.2000,2736.4000,1,1,1,1,1,1,1,1,1,1
SF,IH2007,2020-05-27 09:31:37.200,2734.0000,4610,0,35291640.000,0,-,-,-,-,2733.2000,2732.0000,2731.6000,2731.2000,2730.8000,2734.2000,2734.4000,2735.4000,2736.2000,2736.4000,1,1,1,1,2,2,1,1,1,1
SF,IH2007,2020-05-27 09:31:37.700,2734.0000,4610,0,35291640.000,0,-,-,-,-,2733.2000,2732.0000,2731.6000,2731.2000,2730.8000,2734.0000,2734.2000,2735.4000,2736.2000,2736.4000,1,1,1,1,2,1,1,1,1,1
SF,IH2007,2020-05-27 09:31:38.200,2734.0000,4610,0,35291640.000,0,-,-,-,-,2733.2000,2732.0000,2731.6000,2731.2000,2730.8000,2734.2000,2735.4000,2736.2000,2736.4000,2739.0000,1,1,1,1,2,1,1,1,1,1
SF,IH2007,2020-05-27 09:31:40.700,2734.0000,4610,0,35291640.000,0,-,-,-,-,2733.2000,2732.0000,2731.6000,2731.2000,2730.8000,2734.2000,2735.4000,2736.2000,2736.4000,2739.0000,1,1,1,1,2,2,1,1,1,1
SF,IH2007,2020-05-27 09:31:41.200,2734.0000,4610,0,35291640.000,0,-,-,-,-,2733.2000,2732.0000,2731.6000,2731.2000,2730.8000,2734.2000,2735.4000,2736.2000,2736.4000,2739.0000,1,1,1,1,2,2,1,1,1,1
SF,IH2007,2020-05-27 09:31:41.700,2733.2000,4610,0,36111600.000,1,0,1,多换,S,2732.0000,2731.6000,2731.2000,2730.8000,2730.6000,2734.2000,2735.4000,2736.2000,2736.4000,2739.0000,1,1,1,2,1,2,1,1,1,1
SF,IH2007,2020-05-27 09:31:42.200,2733.2000,4610,0,36111600.000,0,-,-,-,-,2732.2000,2732.0000,2731.6000,2731.2000,2730.8000,2734.2000,2735.4000,2736.2000,2736.4000,2739.0000,4,1,1,1,2,1,1,1,1,1
SF,IH2007,2020-05-27 09:31:42.700,2733.2000,4610,0,36111600.000,0,-,-,-,-,2732.2000,2732.0000,2731.6000,2731.2000,2730.8000,2734.0000,2734.2000,2735.4000,2736.2000,2736.4000,4,1,1,1,2,1,1,1,1,1
SF,IH2007,2020-05-27 09:31:43.200,2733.2000,4610,0,36111600.000,0,-,-,-,-,2732.2000,2732.0000,2731.6000,2731.2000,2730.8000,2733.8000,2734.0000,2734.2000,2735.4000,2736.2000,4,1,1,1,2,1,1,1,1,1
SF,IH2007,2020-05-27 09:31:46.200,2733.8000,4611,1,36931740.000,1,1,0,双开,S,2732.2000,2732.0000,2731.6000,2731.2000,2730.8000,2734.0000,2734.2000,2735.4000,2736.2000,2736.4000,4,1,1,1,2,1,1,1,1,1
SF,IH2007,2020-05-27 09:31:47.700,2733.8000,4611,0,36931740.000,0,-,-,-,-,2732.2000,2732.0000,2731.6000,2731.2000,2730.8000,2734.0000,2734.2000,2735.4000,2736.2000,2736.4000,4,1,1,1,1,1,1,1,1,1
SF,IH2007,2020-05-27 09:31:49.200,2733.8000,4611,0,36931740.000,0,-,-,-,-,2732.4000,2732.2000,2732.0000,2731.6000,2731.2000,2734.0000,2735.4000,2736.2000,2736.4000,2739.0000,1,4,1,1,1,1,1,1,1,1
SF,IH2007,2020-05-27 09:31:49.700,2733.8000,4611,0,37751880.000,1,0,1,多换,S,2732.6000,2732.4000,2732.2000,2732.0000,2731.6000,2735.4000,2736.2000,2736.4000,2739.0000,2740.2000,2,1,2,1,1,1,1,1,1,1
SF,IH2007,2020-05-27 09:31:50.200,2733.8000,4611,0,37751880.000,0,-,-,-,-,2732.8000,2732.6000,2732.4000,2732.2000,2732.0000,2735.0000,2735.2000,2736.2000,2736.4000,2739.0000,1,2,1,1,1,1,2,1,1,1
SF,IH2007,2020-05-27 09:31:50.700,2733.8000,4611,0,37751880.000,0,-,-,-,-,2733.0000,2732.8000,2732.4000,2732.2000,2732.0000,2734.8000,2735.0000,2736.2000,2736.4000,2739.0000,2,1,1,1,1,1,1,1,1,1
SF,IH2007,2020-05-27 09:31:51.200,2733.8000,4611,0,37751880.000,0,-,-,-,-,2733.2000,2733.0000,2732.4000,2732.2000,2732.0000,2734.6000,2735.0000,2736.2000,2736.4000,2739.0000,1,2,1,1,1,1,1,1,1,1
SF,IH2007,2020-05-27 09:31:51.700,2733.8000,4611,0,37751880.000,0,-,-,-,-,2733.4000,2733.2000,2732.4000,2732.2000,2732.0000,2734.6000,2735.0000,2736.2000,2736.4000,2739.0000,2,1,1,1,1,1,1,1,1,1
SF,IH2007,2020-05-27 09:31:52.200,2733.8000,4611,0,37751880.000,0,-,-,-,-,2733.4000,2733.2000,2732.4000,2732.2000,2732.0000,2734.6000,2735.0000,2736.2000,2736.4000,2739.0000,1,1,1,1,1,1,1,1,1,1
SF,IH2007,2020-05-27 09:31:54.700,2733.8000,4611,0,37751880.000,0,-,-,-,-,2733.4000,2733.2000,2732.4000,2732.2000,2732.0000,2734.6000,2735.0000,2736.2000,2736.4000,2739.0000,1,1,1,2,1,1,1,1,1,1
SF,IH2007,2020-05-27 09:31:55.200,2734.6000,4610,-1,38572260.000,1,0,1,双平,S,2734.6000,2733.4000,2733.2000,2732.4000,2732.2000,2735.0000,2736.2000,2736.4000,2739.0000,2740.2000,1,1,1,1,2,1,1,1,1,1
SF,IH2007,2020-05-27 09:31:55.700,2735.0000,4609,-1,40213140.000,2,0,2,多平,S,2733.4000,2733.2000,2732.4000,2732.2000,2732.0000,2736.2000,2736.4000,2739.0000,2740.2000,2741.6000,1,2,1,2,1,1,1,1,1,2
SF,IH2007,2020-05-27 09:31:56.200,2735.0000,4609,0,40213140.000,0,-,-,-,-,2733.6000,2733.4000,2733.2000,2732.4000,2732.2000,2736.0000,2736.2000,2736.4000,2739.0000,2740.2000,2,1,1,1,2,2,1,1,1,1
SF,IH2007,2020-05-27 09:31:56.700,2735.0000,4609,0,40213140.000,0,-,-,-,-,2733.8000,2733.6000,2733.2000,2732.4000,2732.2000,2736.0000,2736.4000,2739.0000,2740.2000,2741.6000,1,2,1,1,2,2,1,1,1,2
SF,IH2007,2020-05-27 09:31:57.200,2735.0000,4609,0,40213140.000,0,-,-,-,-,2734.0000,2733.8000,2733.2000,2732.4000,2732.2000,2735.4000,2735.6000,2735.8000,2736.0000,2736.4000,2,1,1,1,2,1,1,1,2,1
SF,IH2007,2020-05-27 09:31:57.700,2735.0000,4609,0,40213140.000,0,-,-,-,-,2734.2000,2734.0000,2733.2000,2732.4000,2732.2000,2735.2000,2736.0000,2736.4000,2739.0000,2740.2000,1,1,1,1,1,1,1,1,1,1
SF,IH2007,2020-05-27 09:31:58.200,2735.0000,4609,0,40213140.000,0,-,-,-,-,2734.2000,2733.2000,2733.0000,2732.4000,2732.2000,2736.0000,2736.4000,2739.0000,2740.2000,2741.6000,1,1,1,1,1,1,1,1,1,2
SF,IH2007,2020-05-27 09:31:58.700,2735.0000,4609,0,40213140.000,0,-,-,-,-,2734.4000,2734.2000,2733.2000,2733.0000,2732.2000,2735.4000,2735.8000,2736.0000,2736.4000,2739.0000,1,1,1,1,1,1,1,1,1,1
SF,IH2007,2020-05-27 09:31:59.200,2735.0000,4609,0,40213140.000,0,-,-,-,-,2734.2000,2733.2000,2733.0000,2732.2000,2732.0000,2735.2000,2736.0000,2736.4000,2739.0000,2740.2000,1,1,1,1,1,1,1,1,1,1
SF,IH2007,2020-05-27 09:31:59.700,2735.0000,4609,0,40213140.000,0,-,-,-,-,2734.2000,2733.2000,2733.0000,2732.2000,2732.0000,2736.0000,2736.4000,2739.0000,2740.2000,2741.6000,1,1,1,1,1,1,1,1,1,2
SF,IH2007,2020-05-27 09:32:00.200,2735.0000,4609,0,40213140.000,0,-,-,-,-,2734.4000,2734.2000,2733.2000,2733.0000,2732.2000,2735.4000,2735.8000,2736.0000,2736.4000,2739.0000,1,1,1,1,1,1,2,1,1,1
SF,IH2007,2020-05-27 09:32:00.700,2735.0000,4609,0,40213140.000,0,-,-,-,-,2734.2000,2733.2000,2733.0000,2732.2000,2732.0000,2735.2000,2735.4000,2736.0000,2736.4000,2739.0000,1,1,1,1,1,2,1,1,1,1
SF,IH2007,2020-05-27 09:32:01.200,2734.2000,4608,-1,41033400.000,1,0,1,双平,S,2733.2000,2733.0000,2732.2000,2732.0000,2731.6000,2735.0000,2735.4000,2736.0000,2736.4000,2739.0000,1,1,1,1,1,1,1,1,1,1
SF,IH2007,2020-05-27 09:32:01.700,2734.2000,4608,0,41033400.000,0,-,-,-,-,2733.4000,2733.2000,2733.0000,2732.2000,2732.0000,2735.0000,2735.4000,2736.4000,2739.0000,2740.2000,3,1,1,1,1,1,1,1,1,1
SF,IH2007,2020-05-27 09:32:02.200,2734.2000,4608,0,41033400.000,0,-,-,-,-,2733.6000,2733.4000,2733.2000,2733.0000,2732.2000,2734.8000,2736.4000,2739.0000,2740.2000,2741.6000,1,2,1,1,1,1,1,1,1,2
SF,IH2007,2020-05-27 09:32:02.700,2733.6000,4607,-1,41853480.000,1,0,1,双平,S,2733.4000,2733.2000,2733.0000,2732.2000,2732.0000,2734.8000,2736.4000,2739.0000,2740.2000,2741.6000,2,1,1,1,1,1,1,1,1,2
SF,IH2007,2020-05-27 09:32:03.200,2733.6000,4607,0,41853480.000,0,-,-,-,-,2733.4000,2733.2000,2733.0000,2732.2000,2732.0000,2734.6000,2734.8000,2736.4000,2739.0000,2740.2000,2,1,1,1,1,1,1,1,1,1
SF,IH2007,2020-05-27 09:32:03.700,2733.6000,4607,0,41853480.000,0,-,-,-,-,2733.4000,2733.2000,2733.0000,2732.2000,2732.0000,2734.6000,2734.8000,2736.4000,2739.0000,2740.2000,1,1,1,1,1,1,1,1,1,1
SF,IH2007,2020-05-27 09:32:05.700,2733.6000,4607,0,41853480.000,0,-,-,-,-,2733.4000,2733.2000,2733.0000,2732.2000,2732.0000,2734.6000,2734.8000,2736.4000,2739.0000,2740.2000,1,1,1,1,1,1,1,1,1,1
SF,IH2007,2020-05-27 09:32:06.700,2733.6000,4607,0,41853480.000,0,-,-,-,-,2733.4000,2733.2000,2733.0000,2732.2000,2732.0000,2734.6000,2734.8000,2736.4000,2739.0000,2740.2000,1,1,1,1,1,1,1,1,1,1
SF,IH2007,2020-05-27 09:32:07.700,2733.6000,4607,0,41853480.000,0,-,-,-,-,2733.4000,2733.2000,2733.0000,2732.2000,2732.0000,2734.4000,2734.6000,2734.8000,2736.4000,2739.0000,1,1,1,1,1,1,1,1,1,1
SF,IH2007,2020-05-27 09:32:08.200,2733.2000,4607,0,42673440.000,1,0,1,多换,S,2733.0000,2732.2000,2732.0000,2731.8000,2731.6000,2734.2000,2734.4000,2736.4000,2739.0000,2740.2000,1,1,1,1,1,2,1,1,1,1
SF,IH2007,2020-05-27 09:32:08.700,2733.2000,4607,0,42673440.000,0,-,-,-,-,2733.0000,2732.2000,2732.0000,2731.8000,2731.6000,2734.0000,2734.2000,2736.4000,2739.0000,2740.2000,1,1,1,1,1,1,2,1,1,1
SF,IH2007,2020-05-27 09:32:09.200,2733.2000,4607,0,42673440.000,0,-,-,-,-,2733.0000,2732.2000,2732.0000,2731.8000,2731.6000,2734.2000,2736.4000,2739.0000,2740.2000,2741.6000,1,1,1,1,1,2,1,1,1,2
SF,IH2007,2020-05-27 09:32:10.200,2733.0000,4607,0,43493340.000,1,0,1,多换,S,2732.2000,2732.0000,2731.8000,2731.6000,2731.2000,2734.2000,2736.4000,2739.0000,2740.2000,2741.6000,1,1,1,1,1,2,1,1,1,2
SF,IH2007,2020-05-27 09:32:10.700,2733.0000,4607,0,43493340.000,0,-,-,-,-,2732.4000,2732.2000,2732.0000,2731.8000,2731.6000,2734.2000,2736.4000,2739.0000,2740.2000,2741.6000,2,1,1,1,1,2,1,1,1,2
SF,IH2007,2020-05-27 09:32:11.700,2733.0000,4607,0,43493340.000,0,-,-,-,-,2732.4000,2732.2000,2732.0000,2731.8000,2731.6000,2733.8000,2734.2000,2736.4000,2739.0000,2740.2000,2,1,1,1,1,1,2,1,1,1
SF,IH2007,2020-05-27 09:32:12.200,2733.0000,4607,0,43493340.000,0,-,-,-,-,2732.4000,2732.2000,2732.0000,2731.8000,2731.6000,2733.6000,2733.8000,2734.2000,2736.4000,2739.0000,2,1,1,1,1,1,1,1,1,1
SF,IH2007,2020-05-27 09:32:12.700,2733.0000,4607,0,43493340.000,0,-,-,-,-,2732.4000,2732.2000,2732.0000,2731.8000,2731.6000,2733.4000,2733.6000,2733.8000,2736.4000,2739.0000,1,1,1,1,1,1,1,1,1,1
SF,IH2007,2020-05-27 09:32:13.200,2733.0000,4607,0,43493340.000,0,-,-,-,-,2732.4000,2732.2000,2732.0000,2731.8000,2731.6000,2733.4000,2733.6000,2733.8000,2736.4000,2739.0000,1,1,1,1,1,1,1,1,1,1
SF,IH2007,2020-05-27 09:32:14.200,2733.0000,4607,0,43493340.000,0,-,-,-,-,2732.6000,2732.4000,2732.2000,2732.0000,2731.8000,2733.2000,2733.4000,2733.6000,2733.8000,2736.4000,1,1,1,1,1,1,1,1,1,1
SF,IH2007,2020-05-27 09:32:14.700,2732.2000,4605,-2,45132780.000,2,0,2,双平,S,2732.0000,2731.8000,2731.6000,2731.2000,2730.8000,2732.4000,2732.6000,2733.0000,2733.6000,2733.8000,1,1,1,1,1,1,2,1,1,1
SF,IH2007,2020-05-27 09:32:15.200,2732.0000,4604,-1,45952380.000,1,0,1,双平,S,2731.6000,2731.2000,2730.8000,2730.6000,2730.4000,2731.8000,2732.0000,2732.4000,2732.6000,2733.6000,1,1,1,1,1,2,1,1,2,2
SF,IH2007,2020-05-27 09:32:15.700,2731.6000,4604,0,46771860.000,1,0,1,多换,S,2731.2000,2730.8000,2730.6000,2730.4000,2730.0000,2731.6000,2731.8000,2732.0000,2732.4000,2732.6000,1,1,1,1,5,1,2,1,1,2
SF,IH2007,2020-05-27 09:32:16.200,2731.6000,4604,0,46771860.000,0,-,-,-,-,2731.2000,2730.8000,2730.6000,2730.4000,2730.0000,2731.8000,2732.0000,2732.4000,2732.6000,2733.6000,1,1,1,1,5,2,1,1,2,2
SF,IH2007,2020-05-27 09:32:16.700,2731.2000,4604,0,47591220.000,1,0,1,多换,S,2730.8000,2730.6000,2730.4000,2730.0000,2729.8000,2731.2000,2731.8000,2732.0000,2732.4000,2732.6000,1,1,1,5,1,1,2,1,1,2
SF,IH2007,2020-05-27 09:32:17.200,2731.2000,4604,0,47591220.000,0,-,-,-,-,2730.8000,2730.6000,2730.4000,2730.0000,2729.8000,2731.8000,2732.0000,2732.4000,2732.6000,2733.6000,1,1,1,5,1,2,1,1,2,1
SF,IH2007,2020-05-27 09:32:17.700,2731.2000,4604,0,47591220.000,0,-,-,-,-,2730.8000,2730.6000,2730.4000,2730.0000,2729.8000,2731.6000,2731.8000,2732.0000,2732.4000,2732.6000,1,1,1,5,1,3,2,1,1,2
SF,IH2007,2020-05-27 09:32:18.200,2731.2000,4604,0,47591220.000,0,-,-,-,-,2731.2000,2730.8000,2730.6000,2730.4000,2730.0000,2731.6000,2731.8000,2732.0000,2732.4000,2732.6000,1,1,1,1,5,2,2,1,1,2
SF,IH2007,2020-05-27 09:32:18.700,2731.2000,4603,-1,48410580.000,1,0,1,双平,S,2730.8000,2730.6000,2730.4000,2730.0000,2729.8000,2731.2000,2731.6000,2731.8000,2732.0000,2732.4000,1,1,1,5,1,1,2,2,1,1
SF,IH2007,2020-05-27 09:32:19.200,2731.2000,4603,0,48410580.000,0,-,-,-,-,2730.8000,2730.6000,2730.4000,2730.0000,2729.8000,2731.6000,2731.8000,2732.0000,2732.4000,2732.6000,1,1,1,5,1,1,2,1,1,2
SF,IH2007,2020-05-27 09:32:20.700,2731.2000,4603,0,48410580.000,0,-,-,-,-,2730.8000,2730.6000,2730.4000,2730.0000,2729.8000,2731.6000,2731.8000,2732.0000,2732.4000,2732.6000,1,1,1,5,1,1,2,1,1,2
SF,IH2007,2020-05-27 09:32:21.200,2731.2000,4603,0,48410580.000,0,-,-,-,-,2730.8000,2730.6000,2730.4000,2730.0000,2729.8000,2731.6000,2731.8000,2732.0000,2732.4000,2732.6000,1,1,1,5,1,1,2,1,1,2
SF,IH2007,2020-05-27 09:32:22.200,2730.8000,4604,1,49229820.000,1,1,0,双开,S,2730.6000,2730.4000,2730.0000,2729.8000,2729.6000,2731.6000,2731.8000,2732.0000,2732.4000,2732.6000,1,1,5,1,1,1,2,1,1,2
SF,IH2007,2020-05-27 09:32:22.700,2730.8000,4604,0,49229820.000,0,-,-,-,-,2731.0000,2730.6000,2730.4000,2730.0000,2729.8000,2731.6000,2731.8000,2732.0000,2732.4000,2732.6000,1,1,1,5,1,1,2,1,1,2
SF,IH2007,2020-05-27 09:32:23.200,2731.0000,4603,-1,50868600.000,2,0,2,多平,S,2730.6000,2730.4000,2730.0000,2729.8000,2729.6000,2731.8000,2732.0000,2732.4000,2732.6000,2733.6000,1,1,5,1,1,2,1,1,2,1
SF,IH2007,2020-05-27 09:32:23.700,2731.0000,4603,0,50868600.000,0,-,-,-,-,2730.8000,2730.6000,2730.4000,2730.0000,2729.8000,2731.6000,2732.0000,2732.4000,2732.6000,2733.6000,1,1,1,6,1,1,1,1,2,1
SF,IH2007,2020-05-27 09:32:24.200,2731.6000,4603,0,51688080.000,1,0,1,多换,S,2730.8000,2730.6000,2730.4000,2730.0000,2729.8000,2732.4000,2732.6000,2733.4000,2733.6000,2736.4000,1,1,1,6,1,1,2,1,1,1
SF,IH2007,2020-05-27 09:32:24.700,2731.6000,4603,0,51688080.000,0,-,-,-,-,2731.0000,2730.8000,2730.6000,2730.4000,2730.0000,2732.4000,2732.6000,2733.4000,2733.6000,2734.4000,1,1,1,1,6,1,2,1,1,1
SF,IH2007,2020-05-27 09:32:25.200,2731.6000,4603,0,51688080.000,0,-,-,-,-,2731.2000,2731.0000,2730.6000,2730.4000,2730.0000,2732.4000,2732.6000,2733.4000,2733.6000,2734.4000,2,1,1,1,6,1,2,1,1,1
SF,IH2007,2020-05-27 09:32:27.200,2731.6000,4603,0,51688080.000,0,-,-,-,-,2731.2000,2731.0000,2730.6000,2730.4000,2730.0000,2732.2000,2732.4000,2732.6000,2733.4000,2733.6000,1,1,1,1,6,1,1,2,1,1
SF,IH2007,2020-05-27 09:32:27.700,2731.6000,4603,0,51688080.000,0,-,-,-,-,2730.6000,2730.4000,2730.0000,2729.8000,2729.6000,2732.0000,2732.2000,2732.4000,2732.6000,2733.4000,1,1,6,1,1,1,1,1,2,1
SF,IH2007,2020-05-27 09:32:28.200,2731.6000,4603,0,51688080.000,0,-,-,-,-,2730.6000,2730.4000,2730.0000,2729.8000,2729.6000,2731.8000,2732.0000,2732.4000,2732.6000,2733.4000,1,1,6,1,1,2,1,1,2,1
SF,IH2007,2020-05-27 09:32:28.700,2731.6000,4603,0,51688080.000,0,-,-,-,-,2730.6000,2730.4000,2730.0000,2729.8000,2729.6000,2731.8000,2732.0000,2732.4000,2732.6000,2733.4000,1,1,6,1,1,2,1,1,2,1
SF,IH2007,2020-05-27 09:32:29.700,2730.6000,4603,0,52507260.000,1,0,1,多换,S,2730.4000,2730.0000,2729.8000,2729.6000,2729.2000,2731.8000,2732.0000,2732.4000,2732.6000,2733.4000,1,6,1,1,2,2,1,1,2,1
SF,IH2007,2020-05-27 09:32:30.200,2730.6000,4603,0,52507260.000,0,-,-,-,-,2730.8000,2730.6000,2730.4000,2730.0000,2729.8000,2731.8000,2732.0000,2732.4000,2732.6000,2733.4000,1,2,1,6,1,1,1,1,2,1
SF,IH2007,2020-05-27 09:32:30.700,2730.6000,4603,0,52507260.000,0,-,-,-,-,2730.8000,2730.6000,2730.4000,2730.0000,2729.8000,2732.0000,2732.4000,2732.6000,2733.4000,2736.4000,1,2,1,6,1,1,1,2,1,1
SF,IH2007,2020-05-27 09:32:31.200,2730.6000,4603,0,52507260.000,0,-,-,-,-,2730.8000,2730.6000,2730.4000,2730.0000,2729.8000,2732.0000,2732.4000,2732.6000,2733.4000,2736.4000,1,2,1,6,1,1,1,2,1,1
SF,IH2007,2020-05-27 09:32:31.700,2730.6000,4603,0,52507260.000,0,-,-,-,-,2730.8000,2730.6000,2730.4000,2730.0000,2729.8000,2732.0000,2732.4000,2732.6000,2733.4000,2736.4000,1,1,1,6,1,1,1,2,1,1
SF,IH2007,2020-05-27 09:32:32.700,2730.6000,4603,0,52507260.000,0,-,-,-,-,2730.8000,2730.6000,2730.4000,2730.0000,2729.8000,2732.0000,2732.4000,2732.6000,2733.4000,2736.4000,1,1,1,6,1,1,1,2,1,1
SF,IH2007,2020-05-27 09:32:33.200,2730.6000,4603,0,52507260.000,0,-,-,-,-,2730.8000,2730.6000,2730.4000,2730.0000,2729.8000,2731.8000,2732.0000,2732.4000,2732.6000,2733.4000,1,1,1,6,1,1,1,1,2,1
SF,IH2007,2020-05-27 09:32:34.700,2730.6000,4603,0,52507260.000,0,-,-,-,-,2731.0000,2730.8000,2730.6000,2730.4000,2730.0000,2731.8000,2732.0000,2732.4000,2732.6000,2733.4000,1,1,1,1,6,1,1,1,2,1
SF,IH2007,2020-05-27 09:32:35.200,2730.6000,4603,0,52507260.000,0,-,-,-,-,2730.8000,2730.6000,2730.4000,2730.0000,2729.8000,2731.8000,2732.0000,2732.4000,2732.6000,2733.4000,1,1,1,6,1,1,1,1,2,1
SF,IH2007,2020-05-27 09:32:37.200,2731.8000,4602,-1,53326800.000,1,0,1,双平,S,2731.0000,2730.8000,2730.6000,2730.4000,2730.0000,2732.0000,2732.4000,2732.6000,2733.4000,2736.4000,1,1,1,1,6,1,1,2,1,1
SF,IH2007,2020-05-27 09:32:37.700,2731.8000,4602,0,53326800.000,0,-,-,-,-,2731.2000,2730.8000,2730.6000,2730.4000,2730.0000,2732.0000,2732.4000,2732.6000,2733.4000,2736.4000,1,1,1,1,6,1,1,2,1,1
SF,IH2007,2020-05-27 09:32:39.700,2731.8000,4602,0,53326800.000,0,-,-,-,-,2730.8000,2730.6000,2730.4000,2730.0000,2729.8000,2732.0000,2732.4000,2732.6000,2733.4000,2736.4000,1,1,1,6,1,1,1,2,1,1
SF,IH2007,2020-05-27 09:32:40.200,2731.8000,4602,0,53326800.000,0,-,-,-,-,2730.8000,2730.6000,2730.4000,2730.0000,2729.8000,2732.0000,2732.4000,2732.6000,2733.4000,2736.4000,1,1,1,6,1,1,1,2,1,1
SF,IH2007,2020-05-27 09:32:53.200,2730.8000,4602,0,54146040.000,1,0,1,多换,S,2730.6000,2730.4000,2730.0000,2729.8000,2729.6000,2732.0000,2732.4000,2732.6000,2733.4000,2736.4000,1,1,6,1,1,1,1,2,1,1
SF,IH2007,2020-05-27 09:32:54.200,2730.8000,4602,0,54146040.000,0,-,-,-,-,2730.6000,2730.4000,2730.0000,2729.8000,2729.6000,2731.8000,2732.0000,2732.4000,2732.6000,2733.4000,1,1,6,1,1,1,1,1,2,1
SF,IH2007,2020-05-27 09:32:56.200,2730.8000,4602,0,54146040.000,0,-,-,-,-,2730.6000,2730.4000,2730.0000,2729.8000,2729.6000,2731.6000,2731.8000,2732.0000,2732.4000,2732.6000,1,1,6,1,1,1,1,1,1,2
SF,IH2007,2020-05-27 09:32:57.700,2730.8000,4602,0,54146040.000,0,-,-,-,-,2730.8000,2730.6000,2730.4000,2730.0000,2729.8000,2731.8000,2732.0000,2732.4000,2732.6000,2733.4000,1,1,1,6,1,1,1,1,2,1
SF,IH2007,2020-05-27 09:32:59.200,2730.8000,4602,0,54146040.000,0,-,-,-,-,2730.6000,2730.4000,2730.0000,2729.8000,2729.6000,2731.8000,2732.0000,2732.4000,2732.6000,2733.4000,1,1,6,1,1,1,1,1,2,1
SF,IH2007,2020-05-27 09:32:59.700,2730.8000,4602,0,54146040.000,0,-,-,-,-,2730.6000,2730.4000,2730.0000,2729.8000,2729.6000,2731.8000,2732.0000,2732.4000,2732.6000,2733.4000,1,1,6,1,1,1,1,1,2,1
SF,IH2007,2020-05-27 09:33:00.200,2730.8000,4602,0,54146040.000,0,-,-,-,-,2730.6000,2730.4000,2730.0000,2729.8000,2729.6000,2731.8000,2732.0000,2732.4000,2732.6000,2733.4000,1,1,6,1,1,1,1,1,2,1
SF,IH2007,2020-05-27 09:33:01.200,2730.8000,4602,0,54146040.000,0,-,-,-,-,2730.6000,2730.4000,2730.0000,2729.8000,2729.6000,2731.6000,2731.8000,2732.0000,2732.4000,2732.6000,1,1,6,1,2,1,1,1,1,2
SF,IH2007,2020-05-27 09:33:01.700,2730.8000,4602,0,54146040.000,0,-,-,-,-,2730.4000,2730.0000,2729.8000,2729.6000,2729.2000,2731.4000,2731.6000,2731.8000,2732.4000,2732.6000,1,6,1,2,2,1,1,1,1,2
SF,IH2007,2020-05-27 09:33:02.200,2730.8000,4602,0,54146040.000,0,-,-,-,-,2730.4000,2730.0000,2729.8000,2729.6000,2729.2000,2731.2000,2731.4000,2731.6000,2732.4000,2732.6000,1,6,1,2,2,1,1,1,1,2
SF,IH2007,2020-05-27 09:33:02.700,2730.8000,4602,0,54146040.000,0,-,-,-,-,2730.4000,2730.0000,2729.8000,2729.6000,2729.2000,2731.2000,2731.4000,2731.6000,2732.4000,2732.6000,1,6,1,2,2,1,1,1,1,2
SF,IH2007,2020-05-27 09:33:03.200,2730.8000,4602,0,54146040.000,0,-,-,-,-,2730.6000,2730.4000,2730.0000,2729.8000,2729.6000,2730.8000,2731.2000,2731.4000,2731.6000,2732.4000,1,1,6,1,2,1,1,1,1,1
SF,IH2007,2020-05-27 09:33:03.700,2730.6000,4601,-1,55784460.000,2,0,2,多平,S,2730.4000,2730.0000,2729.8000,2729.6000,2729.2000,2731.4000,2731.6000,2732.4000,2732.6000,2736.4000,1,6,1,2,2,1,1,1,2,1
SF,IH2007,2020-05-27 09:33:04.200,2730.6000,4601,0,55784460.000,0,-,-,-,-,2730.4000,2730.0000,2729.8000,2729.6000,2729.2000,2731.2000,2731.4000,2732.4000,2732.6000,2733.4000,1,6,1,2,2,1,1,1,2,1
SF,IH2007,2020-05-27 09:33:04.700,2730.6000,4601,0,55784460.000,0,-,-,-,-,2730.4000,2730.0000,2729.8000,2729.6000,2729.2000,2731.2000,2731.4000,2732.4000,2732.6000,2733.4000,1,6,1,2,2,1,1,1,2,1
SF,IH2007,2020-05-27 09:33:05.700,2730.4000,4602,1,56603580.000,1,1,0,双开,S,2730.0000,2729.8000,2729.6000,2729.2000,2728.8000,2731.2000,2731.4000,2732.4000,2732.6000,2733.4000,6,1,2,2,1,1,1,1,2,1
SF,IH2007,2020-05-27 09:33:07.200,2731.2000,4601,-1,57422940.000,1,0,1,双平,S,2730.0000,2729.8000,2729.6000,2729.2000,2728.8000,2731.4000,2732.4000,2732.6000,2733.4000,2736.4000,6,1,2,2,1,1,1,2,1,1
SF,IH2007,2020-05-27 09:33:07.700,2730.0000,4601,0,58241940.000,1,0,1,多换,S,2730.0000,2729.8000,2729.6000,2729.2000,2728.8000,2731.2000,2731.4000,2732.4000,2732.6000,2733.4000,5,1,2,2,1,2,1,1,2,1
SF,IH2007,2020-05-27 09:33:08.200,2730.0000,4601,0,58241940.000,0,-,-,-,-,2730.0000,2729.8000,2729.6000,2729.2000,2728.8000,2731.4000,2732.4000,2732.6000,2733.4000,2736.4000,6,1,2,2,1,1,1,2,1,1
SF,IH2007,2020-05-27 09:33:08.700,2730.0000,4601,0,58241940.000,0,-,-,-,-,2730.2000,2730.0000,2729.8000,2729.6000,2729.2000,2731.4000,2732.4000,2732.6000,2733.4000,2736.4000,2,6,1,2,2,1,1,2,1,1
SF,IH2007,2020-05-27 09:33:09.700,2730.2000,4601,0,59061000.000,1,0,1,多换,S,2730.2000,2730.0000,2729.8000,2729.6000,2729.2000,2731.4000,2732.4000,2732.6000,2733.4000,2736.4000,1,6,1,2,2,1,1,2,1,1
SF,IH2007,2020-05-27 09:33:10.200,2730.2000,4601,0,59880060.000,1,0,1,多换,S,2730.0000,2729.8000,2729.6000,2729.2000,2728.8000,2731.4000,2732.4000,2732.6000,2733.4000,2736.4000,6,1,2,2,1,1,1,2,1,1
SF,IH2007,2020-05-27 09:33:10.700,2730.2000,4601,0,59880060.000,0,-,-,-,-,2730.0000,2729.8000,2729.6000,2729.2000,2728.8000,2731.2000,2731.4000,2732.4000,2732.6000,2733.4000,6,1,2,2,1,1,1,1,2,1
SF,IH2007,2020-05-27 09:33:11.200,2730.2000,4601,0,59880060.000,0,-,-,-,-,2730.0000,2729.8000,2729.6000,2729.2000,2728.8000,2731.0000,2731.2000,2732.4000,2732.6000,2733.4000,6,1,2,2,1,1,1,1,2,1
SF,IH2007,2020-05-27 09:33:11.700,2730.2000,4601,0,59880060.000,0,-,-,-,-,2730.0000,2729.8000,2729.6000,2729.2000,2728.8000,2731.0000,2731.2000,2732.4000,2732.6000,2736.4000,6,1,2,2,1,1,1,1,2,1
SF,IH2007,2020-05-27 09:33:12.200,2730.2000,4601,0,59880060.000,0,-,-,-,-,2730.0000,2729.8000,2729.6000,2729.2000,2728.8000,2731.0000,2732.4000,2732.6000,2736.4000,2739.0000,6,1,2,2,1,1,1,2,1,1
SF,IH2007,2020-05-27 09:33:12.700,2730.2000,4601,0,59880060.000,0,-,-,-,-,2730.0000,2729.8000,2729.6000,2729.2000,2728.8000,2731.0000,2732.4000,2732.6000,2736.4000,2739.0000,6,1,2,2,1,1,1,2,1,1
SF,IH2007,2020-05-27 09:33:16.700,2730.2000,4601,0,59880060.000,0,-,-,-,-,2730.2000,2730.0000,2729.8000,2729.6000,2729.2000,2731.0000,2732.4000,2732.6000,2736.4000,2739.0000,1,6,1,2,2,1,1,2,1,1
SF,IH2007,2020-05-27 09:33:17.200,2730.2000,4601,0,59880060.000,0,-,-,-,-,2730.2000,2730.0000,2729.8000,2729.6000,2729.2000,2731.0000,2732.4000,2732.6000,2736.4000,2739.0000,2,6,1,2,2,1,1,2,1,1
SF,IH2007,2020-05-27 09:33:17.700,2731.0000,4600,-1,60699360.000,1,0,1,双平,S,2730.2000,2730.0000,2729.8000,2729.6000,2729.2000,2732.4000,2732.6000,2736.4000,2739.0000,2739.8000,2,6,1,2,2,1,2,1,1,5
SF,IH2007,2020-05-27 09:33:18.200,2731.0000,4600,0,60699360.000,0,-,-,-,-,2730.4000,2730.2000,2730.0000,2729.8000,2729.6000,2731.6000,2731.8000,2732.2000,2732.4000,2732.6000,2,1,6,1,2,1,1,3,1,2
SF,IH2007,2020-05-27 09:33:18.700,2730.4000,4599,-1,61518480.000,1,0,1,双平,S,2730.2000,2730.0000,2729.8000,2729.6000,2729.2000,2731.4000,2731.6000,2731.8000,2732.2000,2732.4000,1,6,1,2,2,1,1,1,2,1
SF,IH2007,2020-05-27 09:33:19.200,2731.4000,4598,-1,62337900.000,1,0,1,双平,S,2730.2000,2730.0000,2729.8000,2729.6000,2729.2000,2731.6000,2731.8000,2732.2000,2732.4000,2732.6000,2,6,1,2,2,1,1,2,1,2
SF,IH2007,2020-05-27 09:33:19.700,2731.4000,4598,0,62337900.000,0,-,-,-,-,2730.4000,2730.2000,2730.0000,2729.8000,2729.6000,2732.2000,2732.4000,2732.6000,2733.6000,2736.4000,1,2,6,1,2,2,1,2,1,1
SF,IH2007,2020-05-27 09:33:20.200,2731.4000,4598,0,62337900.000,0,-,-,-,-,2730.6000,2730.4000,2730.2000,2730.0000,2729.8000,2732.0000,2732.2000,2732.4000,2732.6000,2733.6000,2,1,1,6,1,2,1,1,2,1
SF,IH2007,2020-05-27 09:33:20.700,2731.4000,4598,0,62337900.000,0,-,-,-,-,2730.8000,2730.6000,2730.4000,2730.2000,2730.0000,2732.0000,2732.2000,2732.4000,2732.6000,2733.6000,2,1,1,1,6,2,1,1,2,1
SF,IH2007,2020-05-27 09:33:21.200,2731.4000,4598,0,62337900.000,0,-,-,-,-,2730.6000,2730.4000,2730.2000,2730.0000,2729.8000,2731.8000,2732.0000,2732.2000,2732.4000,2732.6000,1,1,1,6,1,1,2,1,1,2
SF,IH2007,2020-05-27 09:33:21.700,2731.4000,4598,0,62337900.000,0,-,-,-,-,2730.6000,2730.4000,2730.2000,2730.0000,2729.8000,2732.0000,2732.2000,2732.4000,2732.6000,2733.6000,1,1,1,6,1,2,1,1,2,1
SF,IH2007,2020-05-27 09:33:22.200,2731.4000,4598,0,62337900.000,0,-,-,-,-,2730.4000,2730.2000,2730.0000,2729.8000,2729.6000,2732.0000,2732.2000,2732.4000,2732.6000,2733.6000,1,1,6,1,2,2,1,1,2,1
SF,IH2007,2020-05-27 09:33:22.700,2731.4000,4598,0,62337900.000,0,-,-,-,-,2730.6000,2730.4000,2730.2000,2730.0000,2729.8000,2732.0000,2732.4000,2732.6000,2733.6000,2736.4000,1,2,1,6,1,2,1,2,1,1
SF,IH2007,2020-05-27 09:33:23.200,2732.0000,4597,-1,63157500.000,1,0,1,双平,S,2731.2000,2730.8000,2730.6000,2730.2000,2730.0000,2732.4000,2732.6000,2733.6000,2736.4000,2739.0000,1,2,1,1,6,1,2,1,1,1
SF,IH2007,2020-05-27 09:33:23.700,2732.0000,4597,0,63157500.000,0,-,-,-,-,2731.4000,2731.2000,2730.6000,2730.2000,2730.0000,2732.4000,2732.6000,2733.6000,2736.4000,2739.0000,1,1,1,1,6,1,2,1,1,1
SF,IH2007,2020-05-27 09:33:24.200,2732.0000,4597,0,63157500.000,0,-,-,-,-,2731.6000,2731.4000,2730.6000,2730.2000,2730.0000,2732.4000,2732.6000,2733.6000,2736.4000,2739.0000,2,1,1,1,6,1,2,1,1,1
SF,IH2007,2020-05-27 09:33:24.700,2732.0000,4597,0,63157500.000,0,-,-,-,-,2731.6000,2731.4000,2730.6000,2730.2000,2730.0000,2732.4000,2732.6000,2733.6000,2736.4000,2739.0000,2,1,1,1,6,1,2,1,1,1
SF,IH2007,2020-05-27 09:33:30.700,2732.0000,4597,0,63157500.000,0,-,-,-,-,2731.6000,2731.4000,2730.6000,2730.2000,2730.0000,2732.6000,2733.6000,2736.4000,2739.0000,2739.8000,2,1,1,1,6,2,1,1,1,5
SF,IH2007,2020-05-27 09:33:31.200,2732.0000,4597,0,63157500.000,0,-,-,-,-,2731.8000,2731.4000,2730.2000,2730.0000,2729.8000,2732.6000,2733.6000,2734.4000,2736.4000,2739.0000,3,1,1,6,1,2,1,1,1,1
SF,IH2007,2020-05-27 09:33:31.700,2732.0000,4597,0,63157500.000,0,-,-,-,-,2731.8000,2731.4000,2730.2000,2730.0000,2729.8000,2732.6000,2733.6000,2734.4000,2736.4000,2739.0000,2,1,1,6,1,2,1,1,1,1
SF,IH2007,2020-05-27 09:33:34.200,2732.0000,4597,0,63157500.000,0,-,-,-,-,2731.8000,2731.4000,2730.2000,2730.0000,2729.8000,2733.6000,2734.4000,2736.4000,2739.0000,2739.8000,2,1,1,6,1,1,1,1,1,5
SF,IH2007,2020-05-27 09:33:34.700,2732.0000,4597,0,63157500.000,0,-,-,-,-,2732.0000,2730.2000,2730.0000,2729.8000,2729.6000,2733.4000,2733.6000,2734.4000,2735.2000,2736.4000,2,1,6,1,2,1,1,1,1,1
SF,IH2007,2020-05-27 09:33:35.200,2732.0000,4597,0,63157500.000,0,-,-,-,-,2732.0000,2730.2000,2730.0000,2729.8000,2729.6000,2733.2000,2733.4000,2733.6000,2734.4000,2735.2000,1,1,6,1,2,1,1,1,1,1
SF,IH2007,2020-05-27 09:33:35.700,2732.0000,4597,0,63157500.000,0,-,-,-,-,2730.2000,2730.0000,2729.8000,2729.6000,2729.2000,2733.2000,2733.4000,2733.6000,2734.4000,2735.2000,1,6,1,2,1,1,1,1,1,1
SF,IH2007,2020-05-27 09:33:36.200,2732.0000,4597,0,63157500.000,0,-,-,-,-,2731.2000,2730.8000,2730.4000,2730.2000,2730.0000,2733.2000,2733.6000,2734.4000,2735.2000,2736.4000,1,1,7,2,6,1,1,1,1,1
SF,IH2007,2020-05-27 09:33:36.700,2732.0000,4597,0,63157500.000,0,-,-,-,-,2731.4000,2731.2000,2730.8000,2730.4000,2730.2000,2733.0000,2733.2000,2733.6000,2734.4000,2735.2000,2,1,1,2,2,1,1,1,1,1
SF,IH2007,2020-05-27 09:33:37.200,2732.0000,4597,0,63157500.000,0,-,-,-,-,2731.6000,2731.4000,2731.2000,2730.8000,2730.4000,2733.0000,2733.2000,2733.6000,2734.4000,2735.2000,1,3,1,1,2,1,1,1,1,1
SF,IH2007,2020-05-27 09:33:37.700,2732.0000,4597,0,63157500.000,0,-,-,-,-,2731.8000,2731.6000,2731.4000,2731.2000,2730.8000,2733.0000,2733.2000,2733.6000,2734.4000,2735.2000,3,1,1,1,1,1,1,1,1,1
SF,IH2007,2020-05-27 09:33:38.200,2732.0000,4597,0,63157500.000,0,-,-,-,-,2731.8000,2731.6000,2731.4000,2731.2000,2730.8000,2733.0000,2733.2000,2733.6000,2734.4000,2735.2000,2,1,1,1,1,1,1,1,1,1
SF,IH2007,2020-05-27 09:33:40.700,2732.0000,4597,0,63157500.000,0,-,-,-,-,2731.8000,2731.6000,2731.4000,2731.2000,2730.8000,2733.0000,2733.2000,2733.6000,2734.4000,2735.2000,2,1,1,1,1,1,1,1,1,1
SF,IH2007,2020-05-27 09:33:42.700,2732.0000,4597,0,63157500.000,0,-,-,-,-,2731.8000,2731.6000,2731.4000,2731.2000,2730.8000,2733.0000,2733.2000,2733.6000,2734.4000,2735.2000,2,1,1,1,1,1,1,1,1,1
SF,IH2007,2020-05-27 09:33:43.200,2732.0000,4597,0,63157500.000,0,-,-,-,-,2731.8000,2731.4000,2731.2000,2730.8000,2730.4000,2733.0000,2733.2000,2733.6000,2734.4000,2735.2000,2,1,1,1,2,1,1,1,1,1
SF,IH2007,2020-05-27 09:33:43.700,2732.0000,4597,0,63157500.000,0,-,-,-,-,2732.0000,2731.8000,2731.4000,2731.2000,2730.8000,2733.2000,2733.6000,2734.4000,2735.2000,2736.4000,1,2,1,1,1,1,1,1,1,1
SF,IH2007,2020-05-27 09:33:44.200,2732.0000,4597,0,63157500.000,0,-,-,-,-,2732.0000,2731.8000,2731.4000,2731.2000,2730.8000,2733.6000,2734.4000,2735.2000,2736.4000,2739.0000,1,2,1,1,1,1,1,1,1,1
SF,IH2007,2020-05-27 09:33:44.700,2732.0000,4597,0,63157500.000,0,-,-,-,-,2732.2000,2732.0000,2731.8000,2731.4000,2731.2000,2733.4000,2733.6000,2734.4000,2735.2000,2736.4000,1,1,2,1,1,1,1,1,1,1
SF,IH2007,2020-05-27 09:33:45.200,2732.0000,4597,0,63157500.000,0,-,-,-,-,2732.0000,2731.8000,2731.4000,2731.2000,2730.8000,2733.4000,2733.6000,2734.4000,2735.2000,2736.4000,1,2,1,1,1,1,1,1,1,1
SF,IH2007,2020-05-27 09:33:48.700,2732.0000,4597,0,63157500.000,0,-,-,-,-,2732.0000,2731.8000,2731.4000,2731.2000,2730.8000,2733.4000,2733.6000,2734.4000,2735.2000,2736.4000,1,2,1,1,1,1,1,1,1,1
SF,IH2007,2020-05-27 09:33:50.200,2732.0000,4597,0,63157500.000,0,-,-,-,-,2732.0000,2731.4000,2731.2000,2730.8000,2730.4000,2733.2000,2733.4000,2733.6000,2734.4000,2735.2000,1,1,1,1,2,1,1,1,1,1
SF,IH2007,2020-05-27 09:33:50.700,2732.0000,4596,-1,63977100.000,1,0,1,双平,S,2731.4000,2731.2000,2730.8000,2730.4000,2730.2000,2733.2000,2733.6000,2734.4000,2735.2000,2736.4000,1,1,1,2,2,1,1,1,1,1
SF,IH2007,2020-05-27 09:33:51.200,2732.0000,4596,0,63977100.000,0,-,-,-,-,2731.4000,2730.2000,2730.0000,2729.6000,2729.2000,2733.0000,2733.2000,2733.6000,2734.4000,2735.2000,1,2,6,2,1,1,1,1,1,1
SF,IH2007,2020-05-27 09:33:51.700,2732.0000,4596,0,63977100.000,0,-,-,-,-,2731.4000,2730.2000,2730.0000,2729.6000,2729.2000,2732.8000,2733.0000,2733.6000,2734.4000,2735.2000,1,2,6,2,1,1,1,1,1,1
SF,IH2007,2020-05-27 09:33:52.200,2732.0000,4596,0,63977100.000,0,-,-,-,-,2731.4000,2730.2000,2730.0000,2729.6000,2729.2000,2732.8000,2733.6000,2734.4000,2736.4000,2739.0000,1,2,6,2,1,1,1,1,1,1
SF,IH2007,2020-05-27 09:33:52.700,2732.0000,4596,0,63977100.000,0,-,-,-,-,2731.4000,2730.2000,2730.0000,2729.6000,2729.2000,2732.6000,2733.6000,2734.4000,2736.4000,2739.0000,1,2,6,2,1,1,1,1,1,1
SF,IH2007,2020-05-27 09:33:53.200,2732.0000,4596,0,63977100.000,0,-,-,-,-,2730.2000,2730.0000,2729.6000,2729.2000,2728.8000,2732.6000,2733.6000,2734.4000,2736.4000,2739.0000,2,6,2,1,1,1,1,1,1,1
SF,IH2007,2020-05-27 09:33:53.700,2732.0000,4596,0,63977100.000,0,-,-,-,-,2731.0000,2730.6000,2730.4000,2730.2000,2730.0000,2732.6000,2733.6000,2734.4000,2736.4000,2739.0000,1,1,6,2,6,1,1,1,1,1
SF,IH2007,2020-05-27 09:33:54.200,2732.0000,4596,0,63977100.000,0,-,-,-,-,2731.2000,2731.0000,2730.6000,2730.4000,2730.2000,2732.6000,2733.6000,2734.4000,2736.4000,2739.0000,1,1,1,3,2,1,1,1,1,1
SF,IH2007,2020-05-27 09:33:54.700,2732.0000,4596,0,63977100.000,0,-,-,-,-,2731.4000,2731.2000,2731.0000,2730.6000,2730.4000,2732.6000,2733.6000,2734.4000,2736.4000,2739.0000,2,1,1,1,2,1,1,1,1,1
SF,IH2007,2020-05-27 09:33:55.200,2732.0000,4596,0,63977100.000,0,-,-,-,-,2731.6000,2731.4000,2731.0000,2730.6000,2730.4000,2732.6000,2733.6000,2734.4000,2736.4000,2739.0000,1,2,1,1,1,1,1,1,1,1
SF,IH2007,2020-05-27 09:33:55.700,2732.0000,4596,0,63977100.000,0,-,-,-,-,2731.6000,2731.0000,2730.6000,2730.4000,2730.2000,2732.6000,2733.6000,2734.4000,2736.4000,2739.0000,1,1,1,1,1,1,1,1,1,1
SF,IH2007,2020-05-27 09:33:56.200,2732.0000,4596,0,63977100.000,0,-,-,-,-,2731.0000,2730.6000,2730.4000,2730.2000,2730.0000,2732.6000,2733.6000,2734.4000,2736.4000,2739.0000,1,1,1,1,6,1,1,1,1,1
SF,IH2007,2020-05-27 09:33:56.700,2732.0000,4596,0,63977100.000,0,-,-,-,-,2731.2000,2731.0000,2730.6000,2730.4000,2730.2000,2732.6000,2733.6000,2734.4000,2736.4000,2739.0000,1,1,1,1,1,1,1,1,1,1
SF,IH2007,2020-05-27 09:33:57.700,2732.0000,4596,0,63977100.000,0,-,-,-,-,2731.2000,2730.4000,2730.2000,2730.0000,2729.6000,2732.6000,2733.6000,2734.4000,2736.4000,2739.0000,1,1,1,6,2,1,1,1,1,1
SF,IH2007,2020-05-27 09:34:00.700,2732.0000,4596,0,63977100.000,0,-,-,-,-,2730.4000,2730.2000,2730.0000,2729.6000,2729.2000,2732.6000,2733.6000,2734.4000,2736.4000,2739.0000,1,1,6,2,1,1,1,1,1,1
SF,IH2007,2020-05-27 09:34:01.200,2732.0000,4596,0,63977100.000,0,-,-,-,-,2730.6000,2730.4000,2730.2000,2730.0000,2729.6000,2732.4000,2732.6000,2733.6000,2734.4000,2736.4000,1,1,1,6,2,1,1,1,1,1
SF,IH2007,2020-05-27 09:34:01.700,2732.0000,4596,0,63977100.000,0,-,-,-,-,2730.8000,2730.6000,2730.2000,2730.0000,2729.6000,2732.2000,2732.4000,2733.6000,2734.4000,2736.4000,1,1,1,6,2,1,1,1,1,1
SF,IH2007,2020-05-27 09:34:02.200,2732.0000,4596,0,63977100.000,0,-,-,-,-,2730.8000,2730.6000,2730.2000,2730.0000,2729.6000,2732.0000,2732.4000,2733.6000,2734.4000,2736.4000,1,1,1,6,2,1,1,1,1,1
SF,IH2007,2020-05-27 09:34:02.700,2732.0000,4596,0,63977100.000,0,-,-,-,-,2730.6000,2730.2000,2730.0000,2729.6000,2729.2000,2731.8000,2732.0000,2733.6000,2736.4000,2739.0000,1,1,6,2,1,1,1,1,1,1
SF,IH2007,2020-05-27 09:34:06.200,2732.0000,4596,0,63977100.000,0,-,-,-,-,2730.6000,2730.2000,2730.0000,2729.6000,2729.2000,2731.8000,2732.0000,2733.6000,2736.4000,2739.0000,2,1,6,2,1,1,1,1,1,1
SF,IH2007,2020-05-27 09:34:06.700,2732.0000,4596,0,63977100.000,0,-,-,-,-,2730.6000,2730.2000,2730.0000,2729.6000,2729.2000,2731.8000,2732.0000,2733.6000,2736.4000,2739.0000,2,1,6,2,1,1,1,1,1,1
SF,IH2007,2020-05-27 09:34:07.700,2732.0000,4596,0,63977100.000,0,-,-,-,-,2730.6000,2730.2000,2730.0000,2729.6000,2729.2000,2731.8000,2732.0000,2733.6000,2736.4000,2739.0000,1,1,6,2,1,1,1,1,1,1
SF,IH2007,2020-05-27 09:34:11.700,2732.0000,4596,0,63977100.000,0,-,-,-,-,2730.6000,2730.2000,2730.0000,2729.6000,2729.2000,2731.8000,2732.0000,2733.6000,2736.4000,2739.0000,1,1,6,2,1,1,1,1,1,1
SF,IH2007,2020-05-27 09:34:12.200,2732.0000,4596,0,63977100.000,0,-,-,-,-,2730.6000,2730.2000,2730.0000,2729.6000,2729.2000,2731.8000,2733.6000,2736.4000,2739.0000,2739.8000,1,1,6,2,1,1,1,1,1,5
SF,IH2007,2020-05-27 09:34:12.700,2732.0000,4596,0,63977100.000,0,-,-,-,-,2730.6000,2730.2000,2730.0000,2729.6000,2729.2000,2731.6000,2731.8000,2733.6000,2736.4000,2739.0000,2,1,6,2,1,1,1,1,1,1
SF,IH2007,2020-05-27 09:34:13.200,2732.0000,4596,0,63977100.000,0,-,-,-,-,2730.6000,2730.2000,2730.0000,2729.6000,2729.2000,2731.6000,2731.8000,2732.0000,2733.6000,2736.4000,2,1,6,2,1,1,1,1,1,1
SF,IH2007,2020-05-27 09:34:13.700,2732.0000,4596,0,63977100.000,0,-,-,-,-,2730.6000,2730.2000,2730.0000,2729.6000,2729.2000,2731.6000,2731.8000,2732.0000,2733.6000,2736.4000,1,1,6,2,1,1,1,1,1,1
SF,IH2007,2020-05-27 09:34:14.200,2732.0000,4596,0,63977100.000,0,-,-,-,-,2730.6000,2730.2000,2730.0000,2729.6000,2729.2000,2731.6000,2731.8000,2732.0000,2733.6000,2736.4000,1,1,6,2,1,1,1,1,1,1
SF,IH2007,2020-05-27 09:34:16.700,2730.2000,4596,0,65615340.000,2,1,1,多换,S,2730.0000,2729.6000,2729.2000,2728.8000,2728.4000,2731.6000,2731.8000,2732.0000,2733.6000,2736.4000,6,2,1,1,1,1,1,1,1,1
SF,IH2007,2020-05-27 09:34:17.200,2730.0000,4597,1,66434340.000,1,1,0,双开,S,2730.0000,2729.6000,2729.2000,2728.8000,2728.4000,2731.4000,2731.6000,2731.8000,2732.0000,2733.6000,5,2,1,1,1,2,1,1,1,1
SF,IH2007,2020-05-27 09:34:17.700,2730.0000,4598,1,67253340.000,1,1,0,双开,S,2730.0000,2729.6000,2729.2000,2728.8000,2728.4000,2731.4000,2732.0000,2733.6000,2736.4000,2739.0000,4,2,1,1,1,2,1,1,1,1
SF,IH2007,2020-05-27 09:34:18.200,2730.0000,4598,0,68072340.000,1,0,1,多换,S,2730.6000,2730.0000,2729.6000,2729.2000,2728.8000,2731.2000,2731.4000,2732.0000,2733.6000,2736.4000,1,4,2,1,1,1,1,1,1,1
SF,IH2007,2020-05-27 09:34:18.700,2730.6000,4597,-1,68891520.000,1,0,1,双平,S,2730.0000,2729.6000,2729.2000,2728.8000,2728.4000,2730.4000,2731.2000,2736.4000,2739.0000,2739.8000,4,2,1,1,1,1,1,1,1,5
SF,IH2007,2020-05-27 09:34:19.200,2730.4000,4596,-1,70529760.000,2,0,2,多平,S,2730.6000,2730.4000,2730.0000,2729.6000,2729.2000,2731.2000,2736.4000,2739.0000,2739.8000,2740.2000,1,1,4,2,1,1,1,1,5,1
SF,IH2007,2020-05-27 09:34:19.700,2730.6000,4596,0,71348940.000,1,0,1,多换,S,2730.6000,2730.4000,2730.0000,2729.6000,2729.2000,2731.2000,2736.4000,2737.0000,2739.0000,2739.8000,1,1,4,3,1,1,1,1,1,5
SF,IH2007,2020-05-27 09:34:20.200,2731.2000,4595,-1,72168300.000,1,0,1,双平,S,2730.6000,2730.4000,2730.0000,2729.6000,2729.2000,2736.4000,2737.0000,2739.0000,2739.8000,2740.2000,1,1,4,3,1,1,1,1,5,1
SF,IH2007,2020-05-27 09:34:20.700,2731.2000,4595,0,72168300.000,0,-,-,-,-,2730.8000,2730.6000,2730.4000,2730.0000,2729.6000,2732.4000,2732.6000,2732.8000,2733.4000,2736.2000,1,1,1,4,3,2,1,1,2,3
SF,IH2007,2020-05-27 09:34:21.200,2731.2000,4595,0,72168300.000,0,-,-,-,-,2730.8000,2730.6000,2730.4000,2730.0000,2729.6000,2732.2000,2736.2000,2736.4000,2737.0000,2739.8000,2,1,1,4,3,1,2,2,1,5
SF,IH2007,2020-05-27 09:34:21.700,2731.2000,4595,0,72168300.000,0,-,-,-,-,2731.0000,2730.8000,2730.6000,2730.4000,2730.0000,2736.2000,2736.4000,2737.0000,2739.8000,2740.2000,2,1,1,1,4,2,2,1,5,1
SF,IH2007,2020-05-27 09:34:22.200,2731.2000,4595,0,72168300.000,0,-,-,-,-,2731.2000,2730.6000,2730.4000,2730.0000,2729.6000,2733.4000,2733.6000,2736.0000,2736.2000,2736.4000,1,1,1,4,3,2,1,2,2,1
SF,IH2007,2020-05-27 09:34:22.700,2731.2000,4595,0,72168300.000,0,-,-,-,-,2731.4000,2731.2000,2730.6000,2730.4000,2730.0000,2733.2000,2733.4000,2733.6000,2734.4000,2736.0000,1,1,1,1,4,1,2,1,2,1
SF,IH2007,2020-05-27 09:34:23.200,2731.2000,4595,0,72168300.000,0,-,-,-,-,2731.6000,2730.6000,2730.4000,2730.0000,2729.6000,2733.0000,2733.2000,2733.4000,2733.6000,2734.4000,1,1,1,4,3,1,1,2,1,2
SF,IH2007,2020-05-27 09:34:23.700,2731.2000,4595,0,72168300.000,0,-,-,-,-,2731.6000,2730.6000,2730.4000,2730.0000,2729.6000,2732.8000,2733.0000,2733.4000,2733.6000,2734.4000,1,1,1,4,3,1,1,2,1,2
SF,IH2007,2020-05-27 09:34:24.200,2731.2000,4595,0,72168300.000,0,-,-,-,-,2730.6000,2730.4000,2730.0000,2729.6000,2729.2000,2732.8000,2733.0000,2733.4000,2733.6000,2734.4000,1,1,4,3,1,1,1,2,1,2
SF,IH2007,2020-05-27 09:34:24.700,2731.2000,4595,0,72168300.000,0,-,-,-,-,2730.8000,2730.6000,2730.4000,2730.0000,2729.6000,2732.8000,2733.0000,2733.4000,2733.6000,2734.4000,3,1,1,4,3,1,1,2,1,2
SF,IH2007,2020-05-27 09:34:26.700,2731.2000,4595,0,72168300.000,0,-,-,-,-,2730.8000,2730.6000,2730.4000,2730.0000,2729.6000,2732.8000,2733.0000,2733.4000,2733.6000,2734.4000,3,1,1,4,3,1,1,2,1,2
SF,IH2007,2020-05-27 09:34:27.200,2731.2000,4595,0,72168300.000,0,-,-,-,-,2730.8000,2730.6000,2730.4000,2730.0000,2729.6000,2732.8000,2733.0000,2733.4000,2733.6000,2734.4000,3,1,1,4,3,1,1,2,1,2
SF,IH2007,2020-05-27 09:34:32.200,2731.2000,4595,0,72168300.000,0,-,-,-,-,2730.8000,2730.6000,2730.4000,2730.0000,2729.6000,2732.8000,2733.0000,2733.4000,2733.6000,2734.4000,3,1,1,4,3,1,1,2,1,2
SF,IH2007,2020-05-27 09:34:32.700,2731.2000,4595,0,72168300.000,0,-,-,-,-,2730.8000,2730.6000,2730.4000,2730.0000,2729.6000,2732.8000,2733.0000,2733.4000,2733.6000,2734.4000,3,1,1,4,3,1,1,2,1,2
SF,IH2007,2020-05-27 09:34:34.700,2731.2000,4595,0,72168300.000,0,-,-,-,-,2730.8000,2730.6000,2730.4000,2730.0000,2729.6000,2732.8000,2733.0000,2733.4000,2733.6000,2734.4000,1,1,1,4,3,1,1,2,1,2
SF,IH2007,2020-05-27 09:34:36.200,2731.2000,4595,0,72168300.000,0,-,-,-,-,2730.8000,2730.6000,2730.4000,2730.0000,2729.6000,2732.6000,2732.8000,2733.0000,2733.4000,2733.6000,2,1,1,4,3,1,1,1,2,1
SF,IH2007,2020-05-27 09:34:36.700,2731.2000,4595,0,72168300.000,0,-,-,-,-,2731.0000,2730.8000,2730.6000,2730.4000,2730.0000,2732.4000,2732.6000,2733.0000,2733.4000,2733.6000,2,1,1,1,4,1,1,1,2,1
SF,IH2007,2020-05-27 09:34:37.200,2731.2000,4595,0,72168300.000,0,-,-,-,-,2731.2000,2730.8000,2730.6000,2730.4000,2730.0000,2732.4000,2733.0000,2733.4000,2733.6000,2734.4000,2,1,1,1,4,1,1,2,1,2
SF,IH2007,2020-05-27 09:34:37.700,2732.4000,4594,-1,72988020.000,1,0,1,双平,S,2731.2000,2730.8000,2730.6000,2730.4000,2730.0000,2733.0000,2733.4000,2733.6000,2734.4000,2736.2000,2,1,1,1,4,1,2,1,2,1
SF,IH2007,2020-05-27 09:34:38.200,2732.4000,4594,0,72988020.000,0,-,-,-,-,2731.4000,2731.2000,2730.6000,2730.4000,2730.0000,2732.8000,2733.0000,2733.4000,2733.6000,2734.4000,1,2,1,1,4,1,1,2,1,2
SF,IH2007,2020-05-27 09:34:38.700,2732.4000,4594,0,72988020.000,0,-,-,-,-,2731.6000,2731.4000,2731.0000,2730.6000,2730.4000,2732.8000,2733.0000,2733.4000,2733.6000,2734.4000,2,1,1,1,1,1,1,2,1,2
SF,IH2007,2020-05-27 09:34:41.700,2732.4000,4594,0,72988020.000,0,-,-,-,-,2731.6000,2731.4000,2731.0000,2730.6000,2730.4000,2732.8000,2733.4000,2733.6000,2736.2000,2736.4000,2,1,1,1,1,1,2,1,1,1
SF,IH2007,2020-05-27 09:34:42.200,2732.4000,4594,0,72988020.000,0,-,-,-,-,2731.6000,2731.4000,2731.0000,2730.6000,2730.4000,2733.4000,2733.6000,2736.2000,2736.4000,2737.0000,2,1,1,1,1,2,1,1,1,1
SF,IH2007,2020-05-27 09:34:42.700,2732.4000,4594,0,72988020.000,0,-,-,-,-,2731.8000,2731.6000,2731.0000,2730.6000,2730.4000,2733.2000,2733.4000,2733.6000,2736.2000,2736.4000,2,2,1,1,1,1,2,1,1,1
SF,IH2007,2020-05-27 09:34:43.200,2732.4000,4594,0,72988020.000,0,-,-,-,-,2731.8000,2731.6000,2731.0000,2730.6000,2730.4000,2733.2000,2733.4000,2733.6000,2736.2000,2736.4000,1,2,1,1,1,1,2,1,1,1
SF,IH2007,2020-05-27 09:34:44.200,2732.4000,4594,0,72988020.000,0,-,-,-,-,2731.8000,2731.6000,2731.0000,2730.6000,2730.4000,2733.2000,2736.2000,2736.4000,2737.0000,2739.8000,1,2,1,1,1,1,1,1,1,5
SF,IH2007,2020-05-27 09:34:44.700,2732.4000,4594,0,72988020.000,0,-,-,-,-,2732.0000,2731.8000,2731.6000,2731.0000,2730.6000,2736.2000,2736.4000,2737.0000,2739.8000,2740.2000,1,1,2,1,1,1,1,1,5,1
SF,IH2007,2020-05-27 09:34:45.200,2732.4000,4594,0,72988020.000,0,-,-,-,-,2732.2000,2732.0000,2731.0000,2730.6000,2730.4000,2733.8000,2734.0000,2734.2000,2734.8000,2736.0000,1,1,1,1,1,2,1,1,2,3
SF,IH2007,2020-05-27 09:34:45.700,2732.2000,4594,0,73807680.000,1,0,1,多换,S,2731.0000,2730.6000,2730.4000,2730.0000,2729.6000,2733.6000,2733.8000,2734.0000,2734.8000,2736.0000,1,1,1,4,2,1,2,1,2,2
SF,IH2007,2020-05-27 09:34:46.200,2732.2000,4594,0,73807680.000,0,-,-,-,-,2731.2000,2731.0000,2730.6000,2730.4000,2730.0000,2733.6000,2733.8000,2734.0000,2734.8000,2736.0000,3,1,1,1,4,1,2,1,2,2
SF,IH2007,2020-05-27 09:34:47.700,2732.2000,4594,0,73807680.000,0,-,-,-,-,2731.4000,2731.2000,2731.0000,2730.6000,2730.4000,2733.6000,2733.8000,2734.0000,2734.8000,2736.0000,1,3,1,1,1,1,2,1,2,2
SF,IH2007,2020-05-27 09:34:48.200,2732.2000,4594,0,73807680.000,0,-,-,-,-,2731.6000,2731.4000,2731.2000,2731.0000,2730.6000,2733.6000,2733.8000,2734.0000,2734.8000,2736.0000,1,1,2,1,1,1,2,1,2,2
SF,IH2007,2020-05-27 09:34:49.200,2732.2000,4594,0,73807680.000,0,-,-,-,-,2731.6000,2731.0000,2730.6000,2730.4000,2730.0000,2733.6000,2733.8000,2734.0000,2734.8000,2736.0000,1,1,1,1,4,1,2,1,2,2
SF,IH2007,2020-05-27 09:34:49.700,2732.2000,4594,0,73807680.000,0,-,-,-,-,2731.0000,2730.6000,2730.4000,2730.0000,2729.6000,2733.6000,2733.8000,2734.0000,2734.8000,2736.0000,1,1,1,4,2,1,2,1,2,2
SF,IH2007,2020-05-27 09:34:50.200,2732.2000,4594,0,73807680.000,0,-,-,-,-,2731.2000,2731.0000,2730.6000,2730.4000,2730.0000,2733.4000,2733.6000,2733.8000,2734.0000,2734.8000,1,1,1,1,4,2,1,2,1,2
SF,IH2007,2020-05-27 09:34:50.700,2732.2000,4594,0,73807680.000,0,-,-,-,-,2731.2000,2731.0000,2730.6000,2730.4000,2730.0000,2733.2000,2733.4000,2733.8000,2734.0000,2734.8000,1,1,1,1,4,1,2,2,1,2
SF,IH2007,2020-05-27 09:34:51.200,2732.2000,4594,0,73807680.000,0,-,-,-,-,2731.2000,2731.0000,2730.6000,2730.4000,2730.0000,2733.0000,2733.2000,2733.4000,2733.8000,2734.0000,1,1,1,1,4,1,1,1,2,1
SF,IH2007,2020-05-27 09:34:51.700,2732.2000,4594,0,73807680.000,0,-,-,-,-,2731.4000,2731.2000,2731.0000,2730.6000,2730.4000,2732.8000,2733.0000,2733.4000,2733.8000,2734.0000,2,1,1,1,1,1,1,1,2,1
SF,IH2007,2020-05-27 09:34:52.700,2732.2000,4594,0,73807680.000,0,-,-,-,-,2731.4000,2731.2000,2731.0000,2730.6000,2730.4000,2732.8000,2733.0000,2733.4000,2733.8000,2734.0000,2,1,1,1,1,1,1,1,2,1
SF,IH2007,2020-05-27 09:34:53.700,2732.2000,4594,0,73807680.000,0,-,-,-,-,2731.2000,2731.0000,2730.6000,2730.4000,2730.0000,2732.8000,2733.0000,2733.4000,2733.8000,2734.0000,1,1,1,1,4,1,1,1,2,1
SF,IH2007,2020-05-27 09:34:54.200,2732.2000,4594,0,73807680.000,0,-,-,-,-,2731.2000,2731.0000,2730.6000,2730.4000,2730.0000,2732.8000,2733.0000,2733.4000,2733.8000,2734.0000,2,1,1,1,4,1,1,1,2,1
SF,IH2007,2020-05-27 09:34:55.200,2732.2000,4594,0,73807680.000,0,-,-,-,-,2731.2000,2731.0000,2730.6000,2730.4000,2730.0000,2732.8000,2733.0000,2733.8000,2734.0000,2734.8000,2,1,1,1,4,1,1,2,1,2
SF,IH2007,2020-05-27 09:35:03.700,2732.2000,4594,0,73807680.000,0,-,-,-,-,2731.2000,2731.0000,2730.6000,2730.4000,2730.0000,2732.8000,2733.0000,2733.8000,2734.0000,2734.8000,2,1,1,1,4,1,1,2,1,2
SF,IH2007,2020-05-27 09:35:05.200,2732.2000,4594,0,73807680.000,0,-,-,-,-,2731.2000,2731.0000,2730.6000,2730.4000,2730.0000,2732.8000,2733.0000,2733.8000,2734.0000,2734.8000,1,1,1,1,4,1,1,2,1,2
SF,IH2007,2020-05-27 09:35:05.700,2732.2000,4594,0,73807680.000,0,-,-,-,-,2731.2000,2731.0000,2730.6000,2730.4000,2730.0000,2732.8000,2733.8000,2734.0000,2734.8000,2736.0000,2,1,1,1,4,1,2,1,2,2
SF,IH2007,2020-05-27 09:35:06.200,2732.2000,4594,0,73807680.000,0,-,-,-,-,2731.2000,2731.0000,2730.6000,2730.4000,2730.0000,2733.8000,2734.0000,2734.8000,2736.0000,2736.2000,2,1,1,1,4,2,1,2,2,1
SF,IH2007,2020-05-27 09:35:06.700,2732.2000,4594,0,73807680.000,0,-,-,-,-,2731.2000,2731.0000,2730.6000,2730.4000,2730.0000,2733.6000,2733.8000,2734.0000,2734.8000,2736.0000,1,1,1,1,4,1,2,1,2,2
SF,IH2007,2020-05-27 09:35:07.200,2732.2000,4594,0,73807680.000,0,-,-,-,-,2731.4000,2731.2000,2731.0000,2730.6000,2730.4000,2733.6000,2734.8000,2736.0000,2736.2000,2736.4000,1,1,1,1,1,1,2,2,1,1
SF,IH2007,2020-05-27 09:35:07.700,2732.2000,4594,0,73807680.000,0,-,-,-,-,2731.6000,2731.4000,2731.0000,2730.6000,2730.4000,2733.6000,2734.8000,2736.0000,2736.2000,2736.4000,1,1,1,1,1,1,2,2,1,1
SF,IH2007,2020-05-27 09:35:08.700,2732.2000,4594,0,73807680.000,0,-,-,-,-,2731.6000,2731.0000,2730.6000,2730.4000,2730.0000,2733.6000,2734.8000,2736.0000,2736.2000,2736.4000,1,1,1,1,4,1,2,2,1,1
SF,IH2007,2020-05-27 09:35:09.200,2732.2000,4594,0,73807680.000,0,-,-,-,-,2731.6000,2731.2000,2731.0000,2730.6000,2730.4000,2733.4000,2733.6000,2734.8000,2736.0000,2736.2000,1,1,1,1,1,1,1,2,2,1
SF,IH2007,2020-05-27 09:35:09.700,2733.4000,4593,-1,74627700.000,1,0,1,双平,S,2731.8000,2731.6000,2731.2000,2731.0000,2730.6000,2733.6000,2736.0000,2736.2000,2736.4000,2737.0000,3,1,1,1,1,1,2,1,1,1
SF,IH2007,2020-05-27 09:35:10.200,2733.4000,4593,0,74627700.000,0,-,-,-,-,2732.0000,2731.8000,2731.2000,2731.0000,2730.6000,2736.0000,2736.2000,2736.4000,2737.0000,2739.8000,1,1,1,1,1,2,1,1,1,5
SF,IH2007,2020-05-27 09:35:10.700,2733.4000,4593,0,74627700.000,0,-,-,-,-,2732.2000,2732.0000,2731.2000,2731.0000,2730.6000,2734.2000,2734.4000,2735.4000,2735.8000,2736.0000,1,1,1,1,1,2,1,2,1,3
SF,IH2007,2020-05-27 09:35:11.200,2733.4000,4593,0,74627700.000,0,-,-,-,-,2732.2000,2732.0000,2731.2000,2731.0000,2730.6000,2734.0000,2734.2000,2734.4000,2735.4000,2736.0000,1,1,1,1,1,1,2,1,2,3
SF,IH2007,2020-05-27 09:35:12.200,2733.4000,4593,0,74627700.000,0,-,-,-,-,2732.2000,2732.0000,2731.2000,2731.0000,2730.6000,2734.0000,2734.2000,2734.4000,2735.4000,2736.0000,1,1,1,1,1,1,2,1,2,3
SF,IH2007,2020-05-27 09:35:13.700,2733.4000,4593,0,74627700.000,0,-,-,-,-,2732.2000,2732.0000,2731.2000,2731.0000,2730.6000,2734.0000,2734.2000,2734.4000,2735.4000,2736.0000,1,1,1,1,1,2,2,1,2,3
SF,IH2007,2020-05-27 09:35:14.200,2733.4000,4593,0,74627700.000,0,-,-,-,-,2732.4000,2732.2000,2732.0000,2731.2000,2731.0000,2734.0000,2734.2000,2734.4000,2735.4000,2736.0000,1,1,1,1,1,1,2,1,2,3
SF,IH2007,2020-05-27 09:35:15.200,2733.4000,4593,0,74627700.000,0,-,-,-,-,2732.4000,2732.2000,2732.0000,2731.2000,2731.0000,2734.0000,2735.4000,2736.0000,2736.4000,2737.0000,1,1,1,1,1,1,2,3,1,1
SF,IH2007,2020-05-27 09:35:15.700,2733.4000,4593,0,74627700.000,0,-,-,-,-,2732.6000,2732.4000,2732.2000,2731.2000,2731.0000,2735.4000,2736.0000,2736.4000,2737.0000,2739.8000,1,1,1,1,1,2,3,1,1,5
SF,IH2007,2020-05-27 09:35:16.200,2733.4000,4593,0,74627700.000,0,-,-,-,-,2732.8000,2732.6000,2731.0000,2730.6000,2730.4000,2734.4000,2734.6000,2735.2000,2735.4000,2736.0000,1,1,1,1,1,2,1,1,2,2
SF,IH2007,2020-05-27 09:35:16.700,2733.4000,4593,0,74627700.000,0,-,-,-,-,2732.8000,2731.0000,2730.6000,2730.0000,2729.6000,2734.2000,2734.4000,2734.6000,2736.0000,2736.4000,1,1,1,4,2,1,2,1,2,1
SF,IH2007,2020-05-27 09:35:17.200,2733.4000,4593,0,74627700.000,0,-,-,-,-,2733.0000,2732.8000,2731.0000,2730.6000,2730.0000,2733.8000,2734.2000,2734.4000,2734.6000,2736.0000,2,1,1,1,4,1,1,2,1,2
SF,IH2007,2020-05-27 09:35:17.700,2733.4000,4593,0,74627700.000,0,-,-,-,-,2733.0000,2731.0000,2730.0000,2729.6000,2729.2000,2733.6000,2733.8000,2734.4000,2734.6000,2736.0000,2,1,4,2,1,1,1,2,1,2
SF,IH2007,2020-05-27 09:35:18.200,2733.4000,4593,0,74627700.000,0,-,-,-,-,2731.0000,2730.0000,2729.6000,2729.2000,2728.8000,2733.6000,2733.8000,2734.4000,2734.6000,2736.0000,1,4,2,1,1,1,1,2,1,2
SF,IH2007,2020-05-27 09:35:18.700,2733.4000,4593,0,74627700.000,0,-,-,-,-,2732.8000,2732.0000,2731.2000,2731.0000,2730.0000,2733.6000,2733.8000,2734.4000,2734.6000,2736.0000,1,2,8,1,4,1,1,2,1,2
SF,IH2007,2020-05-27 09:35:19.200,2733.4000,4593,0,74627700.000,0,-,-,-,-,2732.8000,2732.0000,2731.2000,2731.0000,2730.0000,2733.8000,2734.4000,2734.6000,2736.0000,2736.4000,1,2,6,1,4,1,2,1,2,1
SF,IH2007,2020-05-27 09:35:20.700,2733.4000,4593,0,74627700.000,0,-,-,-,-,2733.0000,2732.8000,2732.0000,2731.2000,2731.0000,2733.8000,2734.4000,2734.6000,2736.0000,2736.4000,1,1,2,6,1,1,2,1,2,1
SF,IH2007,2020-05-27 09:35:21.200,2733.4000,4593,0,74627700.000,0,-,-,-,-,2733.0000,2732.8000,2732.0000,2731.2000,2731.0000,2733.8000,2734.4000,2734.6000,2736.0000,2736.4000,1,1,2,6,1,1,2,1,2,1
SF,IH2007,2020-05-27 09:35:22.200,2733.4000,4593,0,74627700.000,0,-,-,-,-,2733.0000,2732.8000,2732.0000,2731.2000,2731.0000,2733.8000,2736.0000,2736.4000,2737.0000,2739.8000,1,1,2,6,1,1,2,1,1,5
SF,IH2007,2020-05-27 09:35:23.200,2733.8000,4592,-1,75447840.000,1,0,1,双平,S,2733.0000,2732.8000,2732.0000,2731.2000,2731.0000,2736.0000,2736.4000,2737.0000,2739.8000,2741.6000,1,1,2,6,1,2,1,1,5,2
SF,IH2007,2020-05-27 09:35:23.700,2733.8000,4592,0,75447840.000,0,-,-,-,-,2733.2000,2732.8000,2732.0000,2731.2000,2731.0000,2734.8000,2735.0000,2735.8000,2736.0000,2736.4000,2,1,2,4,1,2,1,4,2,1
SF,IH2007,2020-05-27 09:35:24.200,2733.8000,4592,0,75447840.000,0,-,-,-,-,2733.2000,2732.8000,2732.0000,2731.2000,2731.0000,2734.6000,2734.8000,2735.0000,2735.8000,2736.0000,1,1,2,4,1,1,2,1,3,2
SF,IH2007,2020-05-27 09:35:25.700,2733.8000,4592,0,75447840.000,0,-,-,-,-,2733.4000,2733.2000,2732.8000,2732.0000,2731.2000,2734.6000,2734.8000,2735.0000,2735.8000,2736.0000,1,1,1,2,4,1,2,1,3,2
SF,IH2007,2020-05-27 09:35:26.200,2733.4000,4592,0,76267860.000,1,0,1,多换,S,2733.2000,2732.8000,2732.0000,2731.2000,2731.0000,2734.6000,2734.8000,2735.0000,2735.8000,2736.0000,1,1,2,4,1,1,2,1,3,2
SF,IH2007,2020-05-27 09:35:27.700,2733.2000,4591,-1,77087820.000,1,0,1,双平,S,2732.8000,2732.0000,2731.2000,2731.0000,2730.0000,2733.2000,2734.6000,2734.8000,2735.0000,2735.8000,1,2,4,1,4,1,1,2,1,3
SF,IH2007,2020-05-27 09:35:28.200,2733.2000,4590,-1,77907780.000,1,0,1,双平,S,2732.8000,2732.0000,2731.2000,2731.0000,2730.0000,2734.6000,2734.8000,2735.0000,2735.8000,2736.0000,1,2,4,1,4,1,3,1,3,2
SF,IH2007,2020-05-27 09:35:28.700,2733.2000,4590,0,77907780.000,0,-,-,-,-,2732.8000,2732.0000,2731.2000,2731.0000,2730.0000,2734.4000,2734.6000,2734.8000,2735.0000,2735.8000,1,2,4,1,4,1,1,3,1,3
SF,IH2007,2020-05-27 09:35:29.200,2732.8000,4590,0,78727620.000,1,0,1,多换,S,2732.0000,2731.2000,2731.0000,2730.0000,2729.6000,2734.2000,2734.4000,2734.8000,2735.0000,2735.8000,2,2,1,4,2,1,1,3,1,3
SF,IH2007,2020-05-27 09:35:29.700,2732.8000,4590,0,78727620.000,0,-,-,-,-,2732.2000,2732.0000,2731.2000,2731.0000,2730.0000,2734.2000,2734.4000,2734.8000,2735.0000,2735.8000,1,2,2,1,4,1,1,3,1,3
SF,IH2007,2020-05-27 09:35:30.200,2732.8000,4590,0,78727620.000,0,-,-,-,-,2732.2000,2732.0000,2731.2000,2731.0000,2730.0000,2734.0000,2734.2000,2734.4000,2734.8000,2735.0000,1,2,2,1,4,1,1,1,3,1
SF,IH2007,2020-05-27 09:35:30.700,2732.8000,4590,0,78727620.000,0,-,-,-,-,2732.4000,2732.2000,2732.0000,2731.2000,2731.0000,2733.8000,2734.0000,2734.8000,2735.0000,2735.8000,1,1,2,2,1,1,1,3,1,3
SF,IH2007,2020-05-27 09:35:31.200,2732.8000,4590,0,78727620.000,0,-,-,-,-,2732.6000,2732.2000,2732.0000,2731.2000,2731.0000,2733.8000,2734.0000,2734.8000,2735.0000,2735.8000,1,1,2,2,1,1,1,3,1,3
SF,IH2007,2020-05-27 09:35:32.700,2732.8000,4590,0,78727620.000,0,-,-,-,-,2732.6000,2732.2000,2732.0000,2731.2000,2731.0000,2733.8000,2734.0000,2734.8000,2735.0000,2735.8000,1,1,2,2,1,1,2,3,1,3
SF,IH2007,2020-05-27 09:35:33.200,2732.8000,4590,0,78727620.000,0,-,-,-,-,2732.2000,2732.0000,2731.2000,2731.0000,2730.0000,2732.6000,2733.8000,2734.0000,2734.8000,2735.0000,1,2,2,1,4,1,1,2,3,1
SF,IH2007,2020-05-27 09:35:33.700,2732.8000,4590,0,78727620.000,0,-,-,-,-,2732.0000,2731.2000,2731.0000,2730.0000,2729.6000,2733.8000,2734.0000,2734.8000,2735.0000,2735.8000,2,2,1,4,2,1,2,3,1,3
SF,IH2007,2020-05-27 09:35:34.200,2732.8000,4590,0,78727620.000,0,-,-,-,-,2732.0000,2731.2000,2731.0000,2730.0000,2729.6000,2733.6000,2733.8000,2734.0000,2734.8000,2735.0000,2,2,1,4,2,1,1,1,3,1
SF,IH2007,2020-05-27 09:35:34.700,2732.8000,4590,0,78727620.000,0,-,-,-,-,2731.2000,2731.0000,2730.0000,2729.6000,2729.2000,2733.4000,2733.6000,2734.0000,2734.8000,2735.0000,2,1,4,2,1,1,1,1,3,1
SF,IH2007,2020-05-27 09:35:35.200,2732.8000,4590,0,78727620.000,0,-,-,-,-,2731.4000,2731.2000,2731.0000,2730.0000,2729.6000,2733.2000,2733.4000,2734.0000,2734.8000,2735.0000,2,2,1,4,2,1,1,1,3,1
SF,IH2007,2020-05-27 09:35:35.700,2732.8000,4590,0,78727620.000,0,-,-,-,-,2731.4000,2731.0000,2730.0000,2729.6000,2729.2000,2733.0000,2733.2000,2734.0000,2734.8000,2735.0000,1,1,4,2,1,2,1,1,3,1
SF,IH2007,2020-05-27 09:35:36.200,2732.8000,4590,0,78727620.000,0,-,-,-,-,2731.0000,2730.0000,2729.6000,2729.2000,2728.8000,2733.0000,2733.2000,2734.0000,2734.8000,2735.0000,1,4,2,1,1,2,1,1,3,1
SF,IH2007,2020-05-27 09:35:36.700,2732.8000,4590,0,78727620.000,0,-,-,-,-,2731.0000,2730.0000,2729.6000,2729.2000,2728.8000,2732.8000,2733.0000,2734.0000,2734.8000,2735.0000,1,4,2,1,1,1,1,1,3,1
SF,IH2007,2020-05-27 09:35:37.200,2732.8000,4590,0,78727620.000,0,-,-,-,-,2731.2000,2731.0000,2730.0000,2729.6000,2729.2000,2732.6000,2732.8000,2734.0000,2734.8000,2735.0000,3,1,4,2,1,1,1,1,3,1
SF,IH2007,2020-05-27 09:35:37.700,2732.8000,4590,0,78727620.000,0,-,-,-,-,2731.2000,2731.0000,2730.0000,2729.6000,2729.2000,2732.8000,2734.0000,2734.8000,2735.0000,2735.8000,1,1,4,2,1,1,1,3,1,3
SF,IH2007,2020-05-27 09:35:38.200,2732.8000,4590,0,78727620.000,0,-,-,-,-,2731.4000,2731.2000,2731.0000,2730.0000,2729.6000,2732.8000,2734.0000,2734.8000,2735.0000,2735.8000,1,1,1,4,2,1,1,3,1,3
SF,IH2007,2020-05-27 09:35:38.700,2732.8000,4590,0,78727620.000,0,-,-,-,-,2731.4000,2731.0000,2730.0000,2729.6000,2729.2000,2732.8000,2734.0000,2734.8000,2735.0000,2735.8000,1,1,4,2,1,1,1,3,1,3
SF,IH2007,2020-05-27 09:35:39.200,2732.8000,4590,0,78727620.000,0,-,-,-,-,2731.0000,2730.0000,2729.6000,2729.2000,2728.8000,2732.6000,2732.8000,2734.0000,2734.8000,2735.0000,1,4,2,1,1,1,1,1,3,1
SF,IH2007,2020-05-27 09:35:39.700,2732.8000,4590,0,78727620.000,0,-,-,-,-,2731.0000,2730.0000,2729.6000,2729.2000,2728.8000,2732.4000,2732.6000,2732.8000,2734.0000,2734.8000,1,4,2,1,1,1,1,1,1,3
SF,IH2007,2020-05-27 09:35:40.200,2732.8000,4590,0,78727620.000,0,-,-,-,-,2731.0000,2730.0000,2729.6000,2729.2000,2728.8000,2732.4000,2732.6000,2732.8000,2734.0000,2734.8000,1,4,2,1,1,1,1,1,1,2
SF,IH2007,2020-05-27 09:35:40.700,2732.8000,4590,0,78727620.000,0,-,-,-,-,2731.0000,2730.0000,2729.6000,2729.2000,2728.8000,2732.2000,2732.4000,2732.8000,2734.0000,2734.8000,1,4,2,1,1,1,1,1,1,2
SF,IH2007,2020-05-27 09:35:41.200,2732.8000,4590,0,78727620.000,0,-,-,-,-,2731.0000,2730.0000,2729.6000,2729.2000,2728.8000,2732.0000,2732.2000,2732.8000,2734.0000,2734.8000,1,4,2,1,1,1,1,1,1,2
SF,IH2007,2020-05-27 09:35:41.700,2732.8000,4590,0,78727620.000,0,-,-,-,-,2731.0000,2730.0000,2729.6000,2729.2000,2728.8000,2732.2000,2732.8000,2734.0000,2734.8000,2735.0000,1,4,2,1,1,1,1,1,2,1
SF,IH2007,2020-05-27 09:35:44.200,2731.0000,4589,-1,79546920.000,1,0,1,双平,S,2730.0000,2729.6000,2729.2000,2728.8000,2728.4000,2731.0000,2732.2000,2732.8000,2734.0000,2734.8000,4,2,1,1,1,1,1,1,1,2
SF,IH2007,2020-05-27 09:35:44.700,2731.0000,4589,0,79546920.000,0,-,-,-,-,2730.2000,2730.0000,2729.6000,2729.2000,2728.8000,2731.0000,2732.8000,2734.0000,2734.8000,2735.0000,2,4,2,1,1,1,2,1,2,1
SF,IH2007,2020-05-27 09:35:45.200,2731.0000,4589,0,79546920.000,0,-,-,-,-,2730.2000,2730.0000,2729.6000,2729.2000,2728.8000,2732.8000,2734.0000,2734.8000,2735.0000,2735.8000,2,4,2,1,1,2,1,2,1,3
SF,IH2007,2020-05-27 09:35:45.700,2731.0000,4589,0,79546920.000,0,-,-,-,-,2730.2000,2730.0000,2729.6000,2729.2000,2728.8000,2732.6000,2732.8000,2734.0000,2735.0000,2735.8000,1,4,2,1,1,2,2,2,1,3
SF,IH2007,2020-05-27 09:35:46.200,2731.0000,4589,0,79546920.000,0,-,-,-,-,2730.2000,2730.0000,2729.6000,2729.2000,2728.8000,2732.4000,2732.6000,2732.8000,2734.0000,2735.0000,1,4,2,1,1,1,2,1,2,1
SF,IH2007,2020-05-27 09:35:46.700,2731.0000,4589,0,79546920.000,0,-,-,-,-,2730.2000,2730.0000,2729.6000,2729.2000,2728.8000,2732.2000,2732.4000,2732.6000,2732.8000,2734.0000,1,4,2,1,1,1,1,1,1,2
SF,IH2007,2020-05-27 09:35:47.200,2731.0000,4589,0,79546920.000,0,-,-,-,-,2730.2000,2730.0000,2729.6000,2729.2000,2728.8000,2732.0000,2732.2000,2732.6000,2732.8000,2734.0000,1,4,2,1,1,1,1,1,1,2
SF,IH2007,2020-05-27 09:35:47.700,2731.0000,4589,0,79546920.000,0,-,-,-,-,2730.2000,2730.0000,2729.6000,2729.2000,2728.8000,2731.8000,2732.0000,2732.8000,2734.0000,2735.0000,1,4,2,1,1,1,1,1,2,1
SF,IH2007,2020-05-27 09:35:48.200,2731.0000,4589,0,79546920.000,0,-,-,-,-,2730.2000,2730.0000,2729.6000,2729.2000,2728.8000,2732.0000,2732.8000,2734.0000,2735.0000,2735.8000,1,4,2,1,1,1,1,2,1,3
SF,IH2007,2020-05-27 09:35:48.700,2731.0000,4589,0,79546920.000,0,-,-,-,-,2730.4000,2730.2000,2730.0000,2729.6000,2729.2000,2732.0000,2732.8000,2734.0000,2735.0000,2735.8000,2,1,4,2,1,1,1,2,1,3
SF,IH2007,2020-05-27 09:35:49.200,2731.0000,4589,0,79546920.000,0,-,-,-,-,2730.6000,2730.4000,2730.0000,2729.6000,2729.2000,2732.0000,2732.8000,2734.0000,2735.0000,2735.8000,2,2,4,2,1,1,1,2,1,3
SF,IH2007,2020-05-27 09:35:49.700,2731.0000,4589,0,79546920.000,0,-,-,-,-,2730.8000,2730.6000,2730.4000,2730.0000,2729.6000,2732.0000,2732.8000,2734.0000,2735.0000,2735.8000,1,2,1,4,2,1,1,2,1,3
SF,IH2007,2020-05-27 09:35:50.200,2731.0000,4589,0,79546920.000,0,-,-,-,-,2731.2000,2731.0000,2730.8000,2730.6000,2730.4000,2732.8000,2734.0000,2735.0000,2735.8000,2736.0000,2,2,1,1,1,1,2,1,3,2
SF,IH2007,2020-05-27 09:35:50.700,2731.0000,4589,0,79546920.000,0,-,-,-,-,2731.4000,2731.2000,2730.8000,2730.6000,2730.4000,2732.8000,2734.0000,2735.0000,2735.8000,2736.0000,1,2,1,1,1,1,2,1,3,2
SF,IH2007,2020-05-27 09:35:51.200,2731.0000,4589,0,79546920.000,0,-,-,-,-,2731.4000,2731.2000,2730.6000,2730.4000,2730.0000,2732.8000,2734.0000,2735.0000,2735.8000,2736.0000,1,2,1,1,4,1,2,1,3,2
SF,IH2007,2020-05-27 09:35:51.700,2731.0000,4589,0,79546920.000,0,-,-,-,-,2731.4000,2731.2000,2730.4000,2730.0000,2729.6000,2732.8000,2734.0000,2735.0000,2735.8000,2736.0000,1,2,1,4,2,1,2,1,3,2
SF,IH2007,2020-05-27 09:35:54.200,2731.0000,4589,0,79546920.000,0,-,-,-,-,2731.4000,2730.4000,2730.0000,2729.6000,2729.2000,2732.8000,2734.0000,2735.0000,2735.8000,2736.0000,1,1,4,2,1,1,2,1,3,2
SF,IH2007,2020-05-27 09:35:54.700,2731.0000,4589,0,79546920.000,0,-,-,-,-,2730.4000,2730.0000,2729.6000,2729.2000,2728.8000,2732.8000,2734.0000,2735.0000,2735.8000,2736.0000,1,4,2,1,1,1,2,1,3,2
SF,IH2007,2020-05-27 09:35:55.200,2731.0000,4589,0,79546920.000,0,-,-,-,-,2730.6000,2730.4000,2730.0000,2729.6000,2729.2000,2732.6000,2732.8000,2734.0000,2735.0000,2735.8000,2,1,4,2,1,1,1,2,1,3
SF,IH2007,2020-05-27 09:35:56.200,2731.0000,4589,0,79546920.000,0,-,-,-,-,2730.6000,2730.4000,2730.0000,2729.6000,2729.2000,2732.6000,2732.8000,2734.0000,2735.0000,2735.8000,1,1,4,2,1,1,1,2,1,3
SF,IH2007,2020-05-27 09:35:57.700,2731.0000,4589,0,79546920.000,0,-,-,-,-,2730.6000,2730.0000,2729.6000,2729.2000,2728.8000,2732.6000,2732.8000,2734.0000,2735.0000,2735.8000,1,4,2,1,1,1,1,2,1,3
SF,IH2007,2020-05-27 09:36:01.200,2731.0000,4589,0,79546920.000,0,-,-,-,-,2730.6000,2730.0000,2729.6000,2729.2000,2728.8000,2732.6000,2732.8000,2734.0000,2735.0000,2735.8000,1,4,2,1,1,1,1,2,1,2
SF,IH2007,2020-05-27 09:36:01.700,2731.0000,4589,0,79546920.000,0,-,-,-,-,2730.6000,2730.0000,2729.6000,2729.2000,2728.8000,2732.2000,2732.6000,2732.8000,2734.0000,2735.0000,1,4,2,1,1,2,1,1,2,1
SF,IH2007,2020-05-27 09:36:02.200,2731.0000,4589,0,79546920.000,0,-,-,-,-,2730.0000,2729.6000,2729.2000,2728.8000,2728.4000,2732.0000,2732.2000,2732.8000,2734.0000,2735.0000,4,2,1,1,1,1,2,1,2,1
SF,IH2007,2020-05-27 09:36:02.700,2731.0000,4589,0,79546920.000,0,-,-,-,-,2730.2000,2730.0000,2729.6000,2729.2000,2728.8000,2732.0000,2732.2000,2732.8000,2734.0000,2735.0000,1,4,2,1,1,1,2,1,2,1
SF,IH2007,2020-05-27 09:36:03.700,2731.0000,4589,0,79546920.000,0,-,-,-,-,2730.2000,2730.0000,2729.6000,2729.2000,2728.8000,2731.8000,2732.0000,2732.2000,2732.8000,2734.0000,1,4,2,1,1,1,1,2,1,2
SF,IH2007,2020-05-27 09:36:04.200,2731.0000,4589,0,79546920.000,0,-,-,-,-,2730.0000,2729.6000,2729.2000,2728.8000,2728.4000,2731.6000,2731.8000,2732.2000,2732.8000,2734.0000,4,2,1,1,1,1,1,2,1,2
SF,IH2007,2020-05-27 09:36:04.700,2731.0000,4589,0,79546920.000,0,-,-,-,-,2730.0000,2729.6000,2729.2000,2728.8000,2728.4000,2731.6000,2731.8000,2732.2000,2732.8000,2734.0000,4,2,1,1,1,1,1,2,1,1
SF,IH2007,2020-05-27 09:36:08.700,2730.0000,4589,0,81184920.000,2,1,1,多换,S,2730.0000,2729.6000,2729.2000,2728.8000,2728.4000,2731.4000,2731.6000,2731.8000,2732.2000,2732.8000,2,2,1,1,1,1,1,1,2,1
SF,IH2007,2020-05-27 09:36:09.200,2730.0000,4588,-1,82822920.000,2,0,2,多平,S,2729.6000,2729.2000,2728.8000,2728.4000,2728.2000,2730.0000,2731.2000,2731.4000,2732.2000,2732.8000,2,1,1,1,1,1,2,1,2,1
SF,IH2007,2020-05-27 09:36:09.700,2730.0000,4588,0,83641920.000,1,0,1,多换,S,2729.6000,2729.2000,2728.8000,2728.4000,2728.2000,2731.2000,2731.4000,2732.2000,2734.0000,2735.0000,2,1,1,1,1,2,1,2,1,1
SF,IH2007,2020-05-27 09:36:12.200,2730.0000,4588,0,83641920.000,0,-,-,-,-,2729.6000,2729.2000,2728.8000,2728.4000,2728.2000,2731.0000,2731.2000,2731.4000,2732.2000,2734.0000,2,1,1,1,1,1,2,1,2,1
SF,IH2007,2020-05-27 09:36:12.700,2730.0000,4588,0,83641920.000,0,-,-,-,-,2729.6000,2729.2000,2728.8000,2728.4000,2728.2000,2730.8000,2731.0000,2731.2000,2731.4000,2732.2000,2,1,1,1,1,2,1,1,1,2
SF,IH2007,2020-05-27 09:36:13.700,2730.0000,4588,0,83641920.000,0,-,-,-,-,2729.6000,2729.2000,2728.8000,2728.4000,2728.2000,2730.8000,2731.2000,2731.4000,2732.2000,2734.0000,2,1,1,1,1,2,1,1,2,1
SF,IH2007,2020-05-27 09:36:14.200,2730.0000,4588,0,83641920.000,0,-,-,-,-,2729.6000,2729.2000,2728.8000,2728.4000,2728.2000,2730.6000,2730.8000,2731.2000,2731.4000,2732.2000,2,1,1,1,1,1,1,1,1,2
SF,IH2007,2020-05-27 09:36:14.700,2730.0000,4588,0,83641920.000,0,-,-,-,-,2729.8000,2729.6000,2729.2000,2728.8000,2728.4000,2730.6000,2730.8000,2731.2000,2731.4000,2732.2000,1,2,1,1,1,1,1,1,1,2
SF,IH2007,2020-05-27 09:36:15.200,2730.0000,4588,0,83641920.000,0,-,-,-,-,2729.8000,2729.6000,2729.2000,2728.8000,2728.4000,2730.8000,2731.2000,2731.4000,2732.2000,2734.0000,1,2,1,1,1,1,1,1,2,1
SF,IH2007,2020-05-27 09:36:15.700,2730.0000,4588,0,83641920.000,0,-,-,-,-,2729.8000,2729.6000,2729.2000,2728.8000,2728.4000,2730.8000,2731.4000,2732.2000,2734.0000,2735.0000,1,2,1,1,1,1,1,2,1,1
SF,IH2007,2020-05-27 09:36:16.200,2730.0000,4588,0,83641920.000,0,-,-,-,-,2729.6000,2729.2000,2728.8000,2728.4000,2728.2000,2730.8000,2731.4000,2732.2000,2734.0000,2735.0000,2,1,1,1,1,1,1,2,1,1
SF,IH2007,2020-05-27 09:36:17.200,2730.0000,4588,0,83641920.000,0,-,-,-,-,2729.6000,2729.2000,2728.8000,2728.4000,2728.2000,2730.6000,2731.4000,2732.2000,2734.0000,2735.0000,2,1,1,1,1,1,1,2,1,1
SF,IH2007,2020-05-27 09:36:17.700,2730.0000,4588,0,83641920.000,0,-,-,-,-,2729.8000,2729.6000,2729.2000,2728.8000,2728.4000,2731.4000,2732.2000,2734.0000,2735.0000,2735.8000,1,2,1,1,1,1,2,1,1,2
SF,IH2007,2020-05-27 09:36:18.200,2730.0000,4588,0,83641920.000,0,-,-,-,-,2730.0000,2729.6000,2729.2000,2728.8000,2728.4000,2731.2000,2731.4000,2732.2000,2734.0000,2735.0000,1,2,1,1,1,1,1,2,1,1
SF,IH2007,2020-05-27 09:36:18.700,2730.0000,4588,0,83641920.000,0,-,-,-,-,2729.6000,2729.2000,2728.8000,2728.4000,2728.2000,2729.8000,2731.0000,2731.4000,2732.2000,2734.0000,2,1,1,1,1,1,2,1,2,1
SF,IH2007,2020-05-27 09:36:19.200,2730.0000,4588,0,84460920.000,1,0,1,多换,S,2730.0000,2729.8000,2729.6000,2729.2000,2728.8000,2731.0000,2731.4000,2732.2000,2734.0000,2735.0000,1,2,2,1,1,2,1,2,1,1
SF,IH2007,2020-05-27 09:36:19.700,2730.0000,4588,0,84460920.000,0,-,-,-,-,2730.0000,2729.8000,2729.6000,2729.2000,2728.8000,2730.8000,2731.0000,2731.4000,2732.2000,2734.0000,1,2,2,1,2,1,1,1,2,1
SF,IH2007,2020-05-27 09:36:24.200,2730.0000,4588,0,84460920.000,0,-,-,-,-,2730.0000,2729.8000,2729.6000,2729.2000,2728.8000,2730.6000,2730.8000,2731.0000,2731.4000,2732.2000,1,2,2,1,2,1,1,1,1,2
SF,IH2007,2020-05-27 09:36:24.700,2730.0000,4588,0,84460920.000,0,-,-,-,-,2730.0000,2729.8000,2729.6000,2729.2000,2728.8000,2730.6000,2731.0000,2731.4000,2732.2000,2734.0000,1,2,2,1,2,1,1,1,2,1
SF,IH2007,2020-05-27 09:36:26.200,2730.0000,4588,0,85279920.000,1,0,1,多换,S,2729.8000,2729.6000,2729.2000,2728.8000,2728.4000,2730.6000,2731.0000,2731.4000,2732.2000,2734.0000,2,2,1,2,1,1,1,1,2,1
SF,IH2007,2020-05-27 09:36:27.200,2729.8000,4587,-1,86918040.000,2,0,2,多平,S,2729.8000,2729.6000,2729.2000,2728.8000,2728.4000,2731.0000,2731.4000,2732.2000,2734.0000,2735.0000,1,2,1,2,1,1,1,2,1,1
SF,IH2007,2020-05-27 09:36:27.700,2729.8000,4587,0,86918040.000,0,-,-,-,-,2729.8000,2729.6000,2729.2000,2728.8000,2728.4000,2732.2000,2734.0000,2735.0000,2735.8000,2736.0000,1,2,1,2,1,2,1,1,2,1
SF,IH2007,2020-05-27 09:36:28.200,2729.8000,4587,0,86918040.000,0,-,-,-,-,2730.0000,2729.8000,2729.6000,2729.2000,2728.8000,2732.0000,2734.0000,2735.0000,2735.8000,2736.0000,1,1,2,1,2,3,1,1,2,1
SF,IH2007,2020-05-27 09:36:28.700,2729.8000,4587,0,86918040.000,0,-,-,-,-,2730.0000,2729.8000,2729.6000,2729.2000,2728.8000,2731.8000,2732.0000,2734.0000,2735.0000,2735.8000,1,1,2,1,2,1,1,1,1,2
SF,IH2007,2020-05-27 09:36:29.200,2729.8000,4587,0,86918040.000,0,-,-,-,-,2730.0000,2729.8000,2729.6000,2729.2000,2728.8000,2731.6000,2734.0000,2735.0000,2735.8000,2736.0000,1,1,2,1,2,2,1,1,2,1
SF,IH2007,2020-05-27 09:36:29.700,2729.8000,4587,0,86918040.000,0,-,-,-,-,2730.0000,2729.8000,2729.6000,2729.2000,2728.8000,2731.4000,2731.6000,2734.0000,2735.0000,2735.8000,1,1,2,1,2,1,1,1,1,2
SF,IH2007,2020-05-27 09:36:30.200,2729.8000,4587,0,86918040.000,0,-,-,-,-,2730.0000,2729.8000,2729.6000,2729.2000,2728.8000,2731.2000,2734.0000,2735.0000,2735.8000,2736.0000,1,1,2,1,2,1,1,1,2,1
SF,IH2007,2020-05-27 09:36:31.200,2729.8000,4587,0,86918040.000,0,-,-,-,-,2730.0000,2729.8000,2729.6000,2729.2000,2728.8000,2731.0000,2734.0000,2735.0000,2735.8000,2736.0000,1,1,2,1,2,1,1,1,2,1
SF,IH2007,2020-05-27 09:36:32.200,2729.8000,4587,0,86918040.000,0,-,-,-,-,2730.2000,2730.0000,2729.8000,2729.6000,2729.2000,2731.0000,2734.0000,2735.0000,2735.8000,2736.0000,1,1,1,2,1,1,1,1,2,1
SF,IH2007,2020-05-27 09:36:32.700,2729.8000,4587,0,86918040.000,0,-,-,-,-,2730.4000,2730.2000,2729.8000,2729.6000,2729.2000,2731.0000,2734.0000,2735.0000,2735.8000,2736.0000,1,1,1,2,1,1,1,1,2,1
SF,IH2007,2020-05-27 09:36:33.700,2730.4000,4586,-1,87737160.000,1,0,1,双平,S,2729.8000,2729.6000,2729.2000,2728.8000,2728.4000,2731.0000,2734.0000,2735.0000,2735.8000,2736.0000,1,2,1,2,1,1,1,1,2,1
SF,IH2007,2020-05-27 09:36:34.200,2730.4000,4586,0,87737160.000,0,-,-,-,-,2729.6000,2729.2000,2728.8000,2728.4000,2728.2000,2730.8000,2734.0000,2735.0000,2735.8000,2736.0000,2,1,2,1,1,1,1,1,2,1
SF,IH2007,2020-05-27 09:36:34.700,2730.4000,4586,0,87737160.000,0,-,-,-,-,2729.6000,2729.2000,2728.8000,2728.4000,2728.2000,2730.6000,2734.0000,2735.0000,2735.8000,2736.0000,2,1,2,1,1,1,1,1,2,1
SF,IH2007,2020-05-27 09:36:35.700,2730.4000,4586,0,87737160.000,0,-,-,-,-,2729.6000,2729.2000,2728.8000,2728.4000,2728.2000,2730.4000,2734.0000,2735.0000,2735.8000,2736.0000,2,1,2,1,1,2,1,1,2,1
SF,IH2007,2020-05-27 09:36:36.200,2730.4000,4586,0,87737160.000,0,-,-,-,-,2729.6000,2729.2000,2728.8000,2728.4000,2728.2000,2730.4000,2734.0000,2735.0000,2735.8000,2736.0000,2,1,2,1,1,1,1,1,2,1
SF,IH2007,2020-05-27 09:36:36.700,2730.4000,4586,0,87737160.000,0,-,-,-,-,2729.6000,2729.2000,2728.8000,2728.4000,2728.2000,2734.0000,2735.0000,2735.8000,2736.0000,2736.4000,2,1,2,1,1,1,1,2,1,1
SF,IH2007,2020-05-27 09:36:37.200,2730.4000,4586,0,87737160.000,0,-,-,-,-,2729.6000,2729.2000,2728.8000,2728.4000,2728.2000,2731.8000,2733.8000,2734.0000,2736.4000,2737.0000,2,1,2,1,1,2,5,2,1,1
SF,IH2007,2020-05-27 09:36:37.700,2730.4000,4586,0,87737160.000,0,-,-,-,-,2729.6000,2729.2000,2728.8000,2728.4000,2728.2000,2731.6000,2731.8000,2733.8000,2734.0000,2736.4000,2,1,2,1,1,3,2,3,2,1
SF,IH2007,2020-05-27 09:36:38.200,2730.4000,4586,0,87737160.000,0,-,-,-,-,2729.6000,2729.2000,2728.8000,2728.4000,2728.2000,2731.4000,2731.6000,2731.8000,2733.8000,2734.0000,2,1,2,1,1,1,2,2,3,2
SF,IH2007,2020-05-27 09:36:38.700,2730.4000,4586,0,87737160.000,0,-,-,-,-,2729.6000,2729.2000,2728.8000,2728.4000,2728.2000,2731.2000,2731.6000,2731.8000,2733.8000,2734.0000,2,1,2,1,1,2,1,2,2,2
SF,IH2007,2020-05-27 09:36:39.200,2729.6000,4587,1,88556040.000,1,1,0,双开,S,2729.6000,2729.2000,2728.8000,2728.4000,2728.2000,2731.0000,2731.2000,2731.6000,2731.8000,2733.8000,1,1,2,1,1,1,1,1,2,2
SF,IH2007,2020-05-27 09:36:39.700,2729.6000,4587,0,88556040.000,0,-,-,-,-,2729.8000,2729.6000,2729.2000,2728.8000,2728.4000,2730.8000,2733.8000,2734.0000,2736.4000,2737.0000,1,1,1,2,1,1,2,2,1,1
SF,IH2007,2020-05-27 09:36:40.200,2729.6000,4587,0,88556040.000,0,-,-,-,-,2729.6000,2729.2000,2728.8000,2728.4000,2728.2000,2733.8000,2734.0000,2736.4000,2737.0000,2739.8000,1,1,2,1,1,2,2,1,1,5
SF,IH2007,2020-05-27 09:36:40.700,2729.6000,4587,0,88556040.000,0,-,-,-,-,2729.8000,2729.6000,2729.2000,2728.8000,2728.4000,2732.0000,2732.2000,2732.4000,2733.6000,2733.8000,1,1,1,2,1,2,1,2,2,3
SF,IH2007,2020-05-27 09:36:41.200,2729.6000,4587,0,88556040.000,0,-,-,-,-,2729.8000,2729.6000,2729.2000,2728.8000,2728.4000,2731.8000,2732.0000,2732.2000,2733.8000,2734.0000,1,1,1,2,1,2,2,1,3,1
SF,IH2007,2020-05-27 09:36:41.700,2729.6000,4587,0,88556040.000,0,-,-,-,-,2729.8000,2729.6000,2729.2000,2728.8000,2728.4000,2731.6000,2731.8000,2732.0000,2732.2000,2733.8000,1,1,1,2,1,1,1,2,1,3
SF,IH2007,2020-05-27 09:36:42.200,2729.6000,4587,0,88556040.000,0,-,-,-,-,2729.8000,2729.6000,2729.2000,2728.8000,2728.4000,2731.4000,2731.6000,2732.0000,2732.2000,2733.8000,1,1,1,2,1,1,1,2,1,3
SF,IH2007,2020-05-27 09:36:42.700,2729.6000,4587,0,88556040.000,0,-,-,-,-,2729.8000,2729.6000,2729.2000,2728.8000,2728.4000,2731.4000,2731.6000,2733.8000,2734.0000,2736.4000,2,1,1,2,1,1,1,3,1,1
SF,IH2007,2020-05-27 09:36:43.200,2729.6000,4587,0,88556040.000,0,-,-,-,-,2729.8000,2729.6000,2729.2000,2728.8000,2728.4000,2731.2000,2731.6000,2733.8000,2734.0000,2736.4000,2,1,1,2,1,1,1,3,1,1
SF,IH2007,2020-05-27 09:36:43.700,2729.6000,4587,0,88556040.000,0,-,-,-,-,2730.0000,2729.8000,2729.6000,2729.2000,2728.8000,2731.6000,2733.8000,2734.0000,2736.4000,2737.0000,1,2,1,1,2,1,3,1,1,1
SF,IH2007,2020-05-27 09:36:44.200,2729.6000,4587,0,88556040.000,0,-,-,-,-,2730.0000,2729.8000,2729.6000,2729.2000,2728.8000,2731.6000,2733.8000,2734.0000,2736.4000,2737.0000,2,2,1,1,2,1,3,1,1,1
SF,IH2007,2020-05-27 09:36:44.700,2729.6000,4587,0,88556040.000,0,-,-,-,-,2730.0000,2729.8000,2729.6000,2729.2000,2728.8000,2731.4000,2733.8000,2734.0000,2736.4000,2737.0000,2,2,1,1,2,1,3,1,1,1
SF,IH2007,2020-05-27 09:36:45.200,2729.6000,4587,0,88556040.000,0,-,-,-,-,2730.0000,2729.8000,2729.6000,2729.2000,2728.8000,2731.4000,2733.8000,2734.0000,2736.4000,2737.0000,3,2,1,1,2,1,3,1,1,1
SF,IH2007,2020-05-27 09:36:45.700,2729.6000,4587,0,88556040.000,0,-,-,-,-,2730.0000,2729.8000,2729.6000,2729.2000,2728.8000,2731.2000,2733.8000,2734.0000,2736.4000,2737.0000,3,1,1,1,2,1,3,1,1,1
SF,IH2007,2020-05-27 09:36:46.200,2729.6000,4587,0,88556040.000,0,-,-,-,-,2730.0000,2729.8000,2729.6000,2729.2000,2728.8000,2731.0000,2733.8000,2734.0000,2737.0000,2739.8000,1,1,1,1,2,1,3,1,1,5
SF,IH2007,2020-05-27 09:36:46.700,2730.0000,4587,0,89375040.000,1,0,1,多换,S,2729.8000,2729.6000,2729.2000,2728.8000,2728.4000,2731.0000,2733.8000,2734.0000,2737.0000,2739.8000,1,1,1,2,1,1,3,1,1,5
SF,IH2007,2020-05-27 09:36:47.200,2730.0000,4587,0,89375040.000,0,-,-,-,-,2729.6000,2729.2000,2728.8000,2728.4000,2728.2000,2731.0000,2733.8000,2734.0000,2737.0000,2739.8000,1,1,2,1,1,1,3,1,1,5
SF,IH2007,2020-05-27 09:36:49.200,2730.0000,4587,0,89375040.000,0,-,-,-,-,2729.8000,2729.6000,2729.2000,2728.8000,2728.4000,2731.0000,2733.8000,2734.0000,2737.0000,2739.8000,1,1,1,2,1,1,3,1,1,5
SF,IH2007,2020-05-27 09:36:49.700,2730.0000,4587,0,89375040.000,0,-,-,-,-,2730.0000,2729.8000,2729.6000,2729.2000,2728.8000,2731.0000,2733.8000,2734.0000,2737.0000,2739.8000,1,1,1,1,2,1,3,1,1,5
SF,IH2007,2020-05-27 09:36:50.200,2730.0000,4587,0,89375040.000,0,-,-,-,-,2730.0000,2729.8000,2729.6000,2729.2000,2728.8000,2733.8000,2734.0000,2737.0000,2739.8000,2741.2000,1,1,1,1,2,3,1,1,5,2
SF,IH2007,2020-05-27 09:36:50.700,2730.0000,4587,0,89375040.000,0,-,-,-,-,2730.0000,2729.6000,2729.2000,2728.8000,2728.4000,2732.4000,2732.6000,2733.0000,2733.6000,2733.8000,1,1,1,2,1,2,1,2,4,3
SF,IH2007,2020-05-27 09:36:51.200,2730.0000,4587,0,89375040.000,0,-,-,-,-,2730.0000,2729.6000,2729.2000,2728.8000,2728.4000,2732.2000,2732.4000,2732.6000,2733.0000,2733.8000,1,1,1,2,1,3,2,1,2,3
SF,IH2007,2020-05-27 09:36:51.700,2730.0000,4587,0,89375040.000,0,-,-,-,-,2730.0000,2729.6000,2729.2000,2728.8000,2728.4000,2732.0000,2732.2000,2732.4000,2732.6000,2733.0000,1,1,1,2,1,1,2,2,1,2
SF,IH2007,2020-05-27 09:36:52.200,2730.0000,4587,0,89375040.000,0,-,-,-,-,2730.2000,2730.0000,2729.6000,2729.2000,2728.8000,2731.8000,2733.8000,2734.0000,2736.0000,2737.0000,1,1,1,1,2,3,2,1,1,1
SF,IH2007,2020-05-27 09:36:52.700,2730.0000,4587,0,89375040.000,0,-,-,-,-,2730.4000,2730.2000,2729.6000,2729.2000,2728.8000,2731.6000,2731.8000,2733.8000,2734.0000,2736.0000,1,1,1,1,2,1,1,2,1,1
SF,IH2007,2020-05-27 09:36:53.200,2730.0000,4587,0,89375040.000,0,-,-,-,-,2730.4000,2730.2000,2729.6000,2729.2000,2728.8000,2731.8000,2733.8000,2734.0000,2736.0000,2737.0000,1,1,1,1,2,1,2,1,1,1
SF,IH2007,2020-05-27 09:36:53.700,2730.0000,4587,0,89375040.000,0,-,-,-,-,2730.6000,2730.4000,2730.2000,2729.6000,2729.2000,2731.8000,2733.8000,2734.0000,2736.0000,2737.0000,1,1,1,1,1,1,2,1,1,1
