市场代码,合约代码,时间,最新,持仓,增仓,成交额,成交量,开仓,平仓,成交类型,方向,买一价,买二价,买三价,买四价,买五价,卖一价,卖二价,卖三价,卖四价,卖五价,买一量,买二量,买三量,买四量,买五量,卖一量,卖二量,卖三量,卖四量,卖五量
SF,IH2012,2020-07-28 09:29:00.400,3177.6000,15826,0,3813120.000,4.000,-,-,-,-,3175.0000,3172.8000,3172.6000,3166.6000,3164.2000,3178.0000,3180.4000,3182.6000,3184.8000,3185.0000,1,1,1,1,1,1,1,4,1,1
SF,IH2012,2020-07-28 09:30:00.400,3172.8000,15823,-3,12387300.000,9,3,6,多平,S,3172.6000,3166.6000,3162.6000,3162.2000,3161.0000,3174.8000,3177.6000,3178.0000,3179.8000,3180.4000,1,1,4,3,2,1,3,2,1,1
SF,IH2012,2020-07-28 09:30:00.900,3172.8000,15822,-1,13339140.000,1,0,1,双平,S,3174.8000,3172.8000,3166.6000,3162.6000,3162.2000,3178.0000,3179.8000,3180.4000,3182.4000,3182.6000,2,4,1,4,3,2,1,1,1,4
SF,IH2012,2020-07-28 09:30:01.400,3178.0000,15822,0,14292540.000,1,0,1,多换,S,3175.4000,3175.0000,3174.8000,3172.8000,3166.6000,3178.0000,3179.8000,3180.4000,3182.4000,3182.6000,1,1,2,4,1,1,1,1,1,4
SF,IH2012,2020-07-28 09:30:01.900,3175.6000,15820,-2,16198620.000,2,0,2,双平,S,3175.6000,3174.8000,3172.8000,3166.6000,3162.6000,3176.6000,3177.8000,3179.8000,3180.4000,3182.4000,1,2,4,1,4,2,1,2,1,1
SF,IH2012,2020-07-28 09:30:02.400,3175.8000,15818,-2,19057080.000,3,0,3,多平,S,3175.6000,3174.8000,3172.8000,3166.6000,3162.6000,3177.8000,3179.8000,3180.4000,3182.4000,3182.6000,1,2,4,1,4,1,2,1,1,4
SF,IH2012,2020-07-28 09:30:02.900,3177.8000,15816,-2,20963160.000,2,0,2,双平,S,3175.8000,3175.6000,3174.8000,3172.8000,3166.6000,3179.8000,3180.4000,3180.8000,3182.4000,3182.6000,1,1,2,4,1,2,1,1,1,4
SF,IH2012,2020-07-28 09:30:03.400,3177.8000,15816,0,20963160.000,0,-,-,-,-,3176.0000,3175.8000,3175.6000,3174.8000,3172.8000,3176.4000,3178.6000,3179.0000,3179.4000,3179.6000,1,2,1,2,3,1,2,1,5,2
SF,IH2012,2020-07-28 09:30:03.900,3175.6000,15813,-3,23821380.000,3,0,3,双平,S,3172.8000,3168.8000,3166.6000,3162.6000,3162.2000,3175.8000,3176.4000,3178.6000,3179.0000,3179.4000,3,1,1,4,3,1,1,2,2,5
SF,IH2012,2020-07-28 09:30:04.400,3175.6000,15813,0,23821380.000,0,-,-,-,-,3173.2000,3173.0000,3172.8000,3168.8000,3166.6000,3175.8000,3177.8000,3178.6000,3179.0000,3179.4000,1,1,3,1,1,1,1,2,2,5
SF,IH2012,2020-07-28 09:30:04.900,3175.6000,15813,0,23821380.000,0,-,-,-,-,3173.6000,3173.4000,3168.8000,3166.6000,3162.6000,3175.8000,3177.8000,3178.6000,3179.0000,3179.4000,3,1,1,1,4,1,1,2,2,5
SF,IH2012,2020-07-28 09:30:05.400,3175.6000,15813,0,23821380.000,0,-,-,-,-,3173.8000,3168.8000,3166.6000,3162.6000,3162.2000,3175.6000,3175.8000,3177.8000,3178.6000,3179.0000,1,1,1,4,3,2,1,1,2,1
SF,IH2012,2020-07-28 09:30:05.900,3175.8000,15812,-1,28584360.000,5,2,3,多平,S,3168.8000,3166.6000,3162.6000,3162.2000,3161.0000,3177.8000,3178.0000,3178.6000,3179.0000,3179.4000,1,1,4,3,1,1,1,2,1,5
SF,IH2012,2020-07-28 09:30:06.400,3175.8000,15812,0,28584360.000,0,-,-,-,-,3172.4000,3172.2000,3172.0000,3171.2000,3170.4000,3176.6000,3177.4000,3177.6000,3177.8000,3178.0000,1,1,1,2,1,1,6,4,2,1
SF,IH2012,2020-07-28 09:30:06.900,3172.4000,15811,-1,29536080.000,1,0,1,双平,S,3172.0000,3171.2000,3170.4000,3169.4000,3169.2000,3173.0000,3173.2000,3174.2000,3175.2000,3175.6000,1,1,1,4,3,2,2,5,2,1
SF,IH2012,2020-07-28 09:30:07.400,3172.0000,15810,-1,30487680.000,1,0,1,双平,S,3169.4000,3168.8000,3166.6000,3162.6000,3162.2000,3175.2000,3175.6000,3176.4000,3176.6000,3177.4000,4,1,1,4,3,2,1,1,2,2
SF,IH2012,2020-07-28 09:30:07.900,3172.0000,15810,0,30487680.000,0,-,-,-,-,3169.8000,3169.4000,3168.8000,3166.6000,3162.2000,3174.8000,3175.0000,3175.2000,3175.6000,3176.6000,3,2,1,1,3,3,1,3,1,1
SF,IH2012,2020-07-28 09:30:08.400,3174.6000,15809,-1,31440060.000,1,0,1,双平,S,3169.8000,3169.4000,3168.8000,3166.6000,3162.2000,3175.2000,3175.6000,3176.6000,3177.4000,3177.6000,3,2,1,1,3,3,1,1,2,1
SF,IH2012,2020-07-28 09:30:08.900,3175.0000,15809,0,32392560.000,1,0,1,多换,S,3170.2000,3169.8000,3168.8000,3166.6000,3162.2000,3175.0000,3175.2000,3175.6000,3176.6000,3177.4000,1,3,1,1,3,4,3,1,1,2
SF,IH2012,2020-07-28 09:30:09.400,3175.0000,15809,0,32392560.000,0,-,-,-,-,3170.2000,3168.8000,3166.6000,3162.2000,3161.0000,3174.0000,3174.4000,3175.0000,3175.2000,3175.6000,2,1,1,3,1,4,2,4,3,1
SF,IH2012,2020-07-28 09:30:09.900,3175.0000,15809,0,32392560.000,0,-,-,-,-,3170.2000,3168.8000,3166.6000,3162.2000,3161.0000,3173.8000,3174.0000,3175.0000,3175.2000,3175.6000,2,1,1,3,1,1,1,3,2,1
SF,IH2012,2020-07-28 09:30:10.400,3175.0000,15809,0,32392560.000,0,-,-,-,-,3170.6000,3170.2000,3168.8000,3166.6000,3162.2000,3172.0000,3173.8000,3175.2000,3175.6000,3175.8000,3,2,1,1,3,1,1,2,1,2
SF,IH2012,2020-07-28 09:30:10.900,3172.0000,15808,-1,33344160.000,1,0,1,双平,S,3172.2000,3171.0000,3170.6000,3170.2000,3168.8000,3173.8000,3175.8000,3176.6000,3177.4000,3177.8000,1,1,3,1,1,1,2,1,2,1
SF,IH2012,2020-07-28 09:30:11.400,3172.2000,15807,-1,34295820.000,1,0,1,双平,S,3171.0000,3170.6000,3170.2000,3168.8000,3166.6000,3173.8000,3175.8000,3176.6000,3177.4000,3177.8000,1,3,1,1,1,1,2,1,2,1
SF,IH2012,2020-07-28 09:30:11.900,3173.8000,15806,-1,35247960.000,1,0,1,双平,S,3172.2000,3172.0000,3171.4000,3171.2000,3171.0000,3175.8000,3176.6000,3177.4000,3177.8000,3178.0000,1,2,3,1,3,2,1,2,1,1
SF,IH2012,2020-07-28 09:30:12.400,3173.8000,15806,0,35247960.000,0,-,-,-,-,3172.4000,3172.0000,3171.4000,3171.0000,3170.2000,3175.2000,3175.6000,3175.8000,3176.6000,3177.4000,1,2,3,1,1,2,2,3,1,2
SF,IH2012,2020-07-28 09:30:12.900,3175.2000,15805,-1,36200520.000,1,0,1,双平,S,3172.6000,3172.4000,3172.0000,3171.4000,3171.0000,3175.8000,3176.6000,3177.4000,3177.8000,3178.0000,1,1,2,3,1,3,1,2,1,1
SF,IH2012,2020-07-28 09:30:13.400,3172.8000,15804,-1,37152360.000,1,0,1,双平,S,3172.8000,3172.6000,3172.0000,3171.4000,3171.0000,3175.2000,3175.6000,3175.8000,3176.6000,3177.4000,1,1,2,3,1,1,2,3,1,1
SF,IH2012,2020-07-28 09:30:13.900,3172.8000,15803,-1,38104200.000,1,0,1,双平,S,3172.6000,3172.0000,3171.4000,3171.0000,3170.2000,3175.0000,3175.2000,3175.8000,3176.6000,3177.4000,1,2,3,1,1,1,1,2,1,1
SF,IH2012,2020-07-28 09:30:14.400,3172.8000,15803,0,38104200.000,0,-,-,-,-,3172.8000,3172.6000,3172.0000,3171.4000,3171.0000,3175.0000,3175.8000,3176.6000,3177.4000,3177.8000,1,1,2,3,1,1,2,1,1,1
SF,IH2012,2020-07-28 09:30:14.900,3172.8000,15802,-1,39056040.000,1,0,1,双平,S,3172.6000,3172.0000,3171.4000,3171.0000,3170.2000,3173.0000,3173.8000,3174.0000,3174.4000,3174.6000,1,2,3,1,1,1,1,4,2,1
SF,IH2012,2020-07-28 09:30:15.400,3173.0000,15800,-2,40959840.000,2,0,2,双平,S,3172.6000,3172.0000,3171.4000,3171.0000,3170.2000,3173.0000,3174.6000,3174.8000,3175.0000,3175.2000,1,2,3,1,1,1,1,4,1,1
SF,IH2012,2020-07-28 09:30:15.900,3173.0000,15799,-1,41911740.000,1,0,1,双平,S,3172.6000,3172.0000,3171.4000,3171.0000,3170.2000,3174.6000,3174.8000,3175.0000,3175.2000,3175.8000,1,2,3,1,1,1,4,1,1,2
SF,IH2012,2020-07-28 09:30:16.400,3172.8000,15796,-3,45719700.000,4,0,4,多平,S,3172.8000,3172.6000,3172.0000,3170.2000,3169.6000,3175.0000,3175.2000,3175.8000,3176.6000,3177.4000,2,1,2,1,1,1,1,2,1,1
SF,IH2012,2020-07-28 09:30:16.900,3172.8000,15796,0,45719700.000,0,-,-,-,-,3173.0000,3172.8000,3172.6000,3172.0000,3170.2000,3175.0000,3175.2000,3175.8000,3176.6000,3177.4000,2,2,1,2,1,1,1,2,1,1
SF,IH2012,2020-07-28 09:30:17.400,3172.8000,15796,0,45719700.000,0,-,-,-,-,3173.2000,3173.0000,3172.6000,3172.0000,3170.2000,3175.0000,3175.2000,3175.8000,3176.6000,3177.4000,2,1,1,2,1,1,1,2,1,1
SF,IH2012,2020-07-28 09:30:17.900,3172.8000,15796,0,45719700.000,0,-,-,-,-,3173.2000,3173.0000,3172.6000,3172.0000,3170.2000,3175.0000,3175.2000,3175.8000,3176.6000,3177.4000,2,1,1,2,1,1,1,2,1,1
SF,IH2012,2020-07-28 09:30:18.400,3175.0000,15795,-1,46672200.000,1,0,1,双平,S,3173.2000,3173.0000,3172.6000,3172.0000,3170.2000,3175.2000,3175.8000,3176.6000,3177.4000,3177.8000,2,1,1,2,1,1,2,1,1,1
SF,IH2012,2020-07-28 09:30:18.900,3175.2000,15794,-1,47624760.000,1,0,1,双平,S,3173.4000,3173.2000,3173.0000,3172.6000,3172.0000,3175.8000,3176.6000,3177.4000,3177.8000,3178.0000,1,2,1,1,2,2,1,1,1,1
SF,IH2012,2020-07-28 09:30:19.400,3175.8000,15794,0,49530240.000,2,1,1,多换,S,3173.8000,3173.6000,3173.0000,3172.6000,3172.0000,3176.6000,3177.4000,3177.8000,3178.0000,3179.0000,2,1,1,1,2,1,1,1,1,1
SF,IH2012,2020-07-28 09:30:19.900,3175.8000,15794,0,49530240.000,0,-,-,-,-,3175.6000,3174.0000,3173.8000,3173.0000,3172.6000,3176.6000,3177.8000,3178.0000,3179.0000,3179.8000,1,1,2,1,1,1,1,1,1,1
SF,IH2012,2020-07-28 09:30:20.400,3173.8000,15792,-2,52387560.000,3,0,3,多平,S,3173.8000,3173.0000,3172.6000,3172.0000,3170.2000,3177.8000,3178.0000,3179.0000,3179.8000,3180.4000,1,1,1,2,1,1,1,1,1,1
SF,IH2012,2020-07-28 09:30:20.900,3173.8000,15792,0,52387560.000,0,-,-,-,-,3175.6000,3173.8000,3173.0000,3172.6000,3172.0000,3177.6000,3177.8000,3178.0000,3179.0000,3179.8000,1,1,1,1,2,2,1,1,2,1
SF,IH2012,2020-07-28 09:30:21.400,3175.6000,15791,-1,53340240.000,1,0,1,双平,S,3173.8000,3173.0000,3172.0000,3169.6000,3168.8000,3177.6000,3177.8000,3178.0000,3179.0000,3179.8000,1,1,2,1,1,2,1,1,2,1
SF,IH2012,2020-07-28 09:30:21.900,3175.6000,15791,0,53340240.000,0,-,-,-,-,3176.6000,3174.0000,3173.8000,3173.0000,3172.0000,3177.6000,3177.8000,3178.0000,3179.0000,3179.8000,1,1,1,1,2,2,1,1,2,1
SF,IH2012,2020-07-28 09:30:22.400,3176.6000,15791,0,54293220.000,1,0,1,多换,S,3174.0000,3173.8000,3172.0000,3169.6000,3168.8000,3176.6000,3177.8000,3178.0000,3179.0000,3179.8000,1,1,2,1,1,1,1,1,2,1
SF,IH2012,2020-07-28 09:30:22.900,3176.6000,15790,-1,55246200.000,1,0,1,双平,S,3174.4000,3174.2000,3174.0000,3172.0000,3169.6000,3177.8000,3178.0000,3179.0000,3179.8000,3180.4000,1,1,1,2,1,1,1,2,1,1
SF,IH2012,2020-07-28 09:30:23.400,3176.6000,15790,0,55246200.000,0,-,-,-,-,3174.6000,3174.4000,3174.0000,3172.0000,3169.6000,3177.8000,3178.0000,3179.0000,3179.8000,3180.4000,1,1,1,2,1,1,1,2,1,1
SF,IH2012,2020-07-28 09:30:23.900,3176.6000,15790,0,55246200.000,0,-,-,-,-,3175.0000,3174.8000,3174.6000,3174.0000,3173.8000,3177.8000,3178.0000,3179.0000,3179.8000,3180.4000,1,1,1,1,1,1,1,2,1,1
SF,IH2012,2020-07-28 09:30:24.400,3176.6000,15790,0,55246200.000,0,-,-,-,-,3175.2000,3175.0000,3174.8000,3174.0000,3173.8000,3177.8000,3178.0000,3179.0000,3179.8000,3180.4000,3,1,1,1,1,1,1,2,1,1
SF,IH2012,2020-07-28 09:30:24.900,3176.6000,15790,0,55246200.000,0,-,-,-,-,3175.6000,3175.2000,3175.0000,3174.8000,3174.2000,3177.8000,3178.0000,3179.0000,3179.8000,3180.4000,1,1,1,1,1,1,1,2,1,1
SF,IH2012,2020-07-28 09:30:25.400,3176.6000,15790,0,55246200.000,0,-,-,-,-,3176.8000,3175.8000,3175.6000,3175.0000,3174.8000,3177.8000,3178.0000,3179.0000,3179.8000,3180.4000,1,1,1,1,1,1,1,2,1,1
SF,IH2012,2020-07-28 09:30:25.900,3176.6000,15790,0,55246200.000,0,-,-,-,-,3175.8000,3175.6000,3175.0000,3174.8000,3174.2000,3177.8000,3178.0000,3179.0000,3179.8000,3180.4000,1,1,2,1,1,1,1,2,1,1
SF,IH2012,2020-07-28 09:30:26.400,3177.8000,15789,-1,56199540.000,1,0,1,双平,S,3176.2000,3176.0000,3175.8000,3175.0000,3174.8000,3178.0000,3179.0000,3179.8000,3180.4000,3180.8000,1,1,1,2,1,1,2,1,1,1
SF,IH2012,2020-07-28 09:30:26.900,3177.8000,15789,0,56199540.000,0,-,-,-,-,3176.4000,3176.2000,3175.8000,3175.0000,3174.8000,3176.8000,3178.0000,3179.0000,3179.8000,3180.4000,2,1,1,2,1,1,1,2,1,1
SF,IH2012,2020-07-28 09:30:27.400,3176.8000,15788,-1,57152580.000,1,0,1,双平,S,3176.8000,3176.4000,3175.0000,3174.8000,3174.2000,3178.0000,3179.0000,3179.8000,3180.4000,3180.8000,2,1,2,1,1,1,2,1,1,1
SF,IH2012,2020-07-28 09:30:27.900,3176.8000,15788,0,57152580.000,0,-,-,-,-,3176.8000,3176.4000,3175.0000,3174.8000,3174.2000,3178.0000,3179.0000,3179.8000,3180.4000,3180.8000,1,1,2,1,1,1,2,1,1,1
SF,IH2012,2020-07-28 09:30:28.400,3176.4000,15787,-1,59058540.000,2,0,2,多平,S,3175.0000,3174.2000,3173.8000,3172.0000,3169.6000,3178.0000,3179.0000,3179.8000,3180.4000,3180.8000,1,1,1,2,1,1,2,1,1,1
SF,IH2012,2020-07-28 09:30:28.900,3176.4000,15787,0,59058540.000,0,-,-,-,-,3175.2000,3175.0000,3174.2000,3173.8000,3172.0000,3177.8000,3178.0000,3179.0000,3179.8000,3180.4000,2,1,1,1,2,1,1,2,1,1
SF,IH2012,2020-07-28 09:30:29.400,3176.4000,15787,0,59058540.000,0,-,-,-,-,3175.0000,3173.8000,3169.6000,3168.8000,3168.0000,3177.6000,3177.8000,3178.0000,3179.0000,3179.8000,1,1,1,1,1,1,1,1,2,1
SF,IH2012,2020-07-28 09:30:29.900,3175.0000,15787,0,60011040.000,1,0,1,多换,S,3176.8000,3175.4000,3173.8000,3169.6000,3168.8000,3177.4000,3177.6000,3178.0000,3179.0000,3179.8000,1,1,1,1,1,1,1,1,2,1
SF,IH2012,2020-07-28 09:30:30.400,3176.8000,15786,-1,60964080.000,1,0,1,双平,S,3175.4000,3173.8000,3169.6000,3168.8000,3168.0000,3176.8000,3177.6000,3178.0000,3179.0000,3179.8000,1,1,1,1,1,2,1,1,2,1
SF,IH2012,2020-07-28 09:30:30.900,3175.4000,15785,-1,61916700.000,1,0,1,双平,S,3173.8000,3169.6000,3168.8000,3168.0000,3166.0000,3176.8000,3177.6000,3178.0000,3179.0000,3179.8000,1,1,1,1,1,2,1,1,2,1
SF,IH2012,2020-07-28 09:30:31.400,3175.4000,15785,0,61916700.000,0,-,-,-,-,3173.8000,3169.6000,3168.8000,3168.0000,3166.0000,3176.6000,3176.8000,3177.6000,3178.0000,3179.0000,1,1,1,1,1,1,2,1,1,2
SF,IH2012,2020-07-28 09:30:31.900,3176.4000,15784,-1,62869620.000,1,0,1,双平,S,3173.8000,3169.6000,3168.8000,3168.0000,3166.0000,3176.6000,3176.8000,3177.6000,3178.0000,3179.0000,1,1,1,1,1,1,2,1,1,2
SF,IH2012,2020-07-28 09:30:32.400,3176.4000,15784,0,65728380.000,3,1,2,多换,S,3173.8000,3169.6000,3168.8000,3168.0000,3166.0000,3176.6000,3176.8000,3177.6000,3178.0000,3179.0000,1,1,1,1,1,1,2,1,1,2
SF,IH2012,2020-07-28 09:30:32.900,3173.8000,15784,0,66680520.000,1,0,1,多换,S,3169.6000,3168.8000,3168.0000,3166.0000,3162.2000,3176.6000,3176.8000,3177.6000,3178.0000,3179.0000,1,1,1,1,3,1,2,1,1,2
SF,IH2012,2020-07-28 09:30:33.400,3173.8000,15784,0,66680520.000,0,-,-,-,-,3171.2000,3171.0000,3170.0000,3169.8000,3169.6000,3176.4000,3176.6000,3176.8000,3178.0000,3179.0000,1,2,7,1,2,1,1,1,1,2
SF,IH2012,2020-07-28 09:30:33.900,3173.8000,15784,0,66680520.000,0,-,-,-,-,3171.4000,3171.0000,3170.0000,3169.8000,3169.6000,3176.2000,3176.4000,3176.8000,3178.0000,3179.0000,6,2,1,1,2,1,1,1,1,2
SF,IH2012,2020-07-28 09:30:34.400,3173.8000,15784,0,66680520.000,0,-,-,-,-,3171.8000,3171.0000,3170.0000,3169.6000,3168.8000,3175.4000,3176.0000,3176.2000,3176.4000,3176.8000,1,2,1,2,1,2,4,1,1,1
SF,IH2012,2020-07-28 09:30:34.900,3173.8000,15784,0,66680520.000,0,-,-,-,-,3172.0000,3171.8000,3171.0000,3170.0000,3169.6000,3175.4000,3176.0000,3176.4000,3176.8000,3178.0000,1,1,2,1,2,2,4,1,1,1
SF,IH2012,2020-07-28 09:30:35.400,3173.8000,15784,0,66680520.000,0,-,-,-,-,3172.0000,3171.8000,3171.0000,3170.0000,3169.6000,3175.2000,3175.4000,3176.4000,3178.0000,3179.0000,1,1,2,1,2,1,2,1,1,2
SF,IH2012,2020-07-28 09:30:35.900,3173.8000,15784,0,66680520.000,0,-,-,-,-,3172.0000,3171.0000,3170.0000,3169.6000,3168.8000,3175.2000,3175.4000,3176.4000,3178.0000,3179.0000,1,2,1,2,1,1,2,1,1,2
SF,IH2012,2020-07-28 09:30:36.400,3173.8000,15784,0,66680520.000,0,-,-,-,-,3171.0000,3170.0000,3169.6000,3168.8000,3168.0000,3175.0000,3175.2000,3175.4000,3176.4000,3178.0000,2,1,2,1,1,1,1,2,1,1
SF,IH2012,2020-07-28 09:30:36.900,3173.8000,15784,0,66680520.000,0,-,-,-,-,3171.0000,3170.0000,3169.6000,3168.8000,3168.0000,3174.0000,3174.4000,3175.0000,3175.2000,3175.4000,2,1,2,1,1,2,1,1,1,2
SF,IH2012,2020-07-28 09:30:37.400,3173.8000,15784,0,67632660.000,1,0,1,多换,S,3171.2000,3171.0000,3170.0000,3169.6000,3168.8000,3175.2000,3175.4000,3176.4000,3178.0000,3179.0000,1,2,1,2,1,1,2,1,1,2
SF,IH2012,2020-07-28 09:30:37.900,3173.8000,15784,0,67632660.000,0,-,-,-,-,3171.2000,3171.0000,3170.0000,3169.6000,3168.8000,3175.2000,3175.4000,3176.4000,3178.0000,3179.0000,1,2,1,2,1,1,2,1,1,2
SF,IH2012,2020-07-28 09:30:38.400,3173.8000,15784,0,67632660.000,0,-,-,-,-,3171.2000,3171.0000,3170.0000,3169.6000,3168.8000,3174.0000,3174.4000,3175.2000,3175.4000,3176.4000,1,2,1,2,1,3,1,1,2,1
SF,IH2012,2020-07-28 09:30:38.900,3173.8000,15784,0,67632660.000,0,-,-,-,-,3174.8000,3171.2000,3171.0000,3170.0000,3169.6000,3175.2000,3175.4000,3176.4000,3178.0000,3179.0000,1,1,2,1,2,1,2,1,1,2
SF,IH2012,2020-07-28 09:30:39.400,3174.8000,15783,-1,68585100.000,1,0,1,双平,S,3171.2000,3170.0000,3169.6000,3168.8000,3168.0000,3174.8000,3175.2000,3175.4000,3178.0000,3179.0000,1,1,2,1,1,2,1,2,1,2
SF,IH2012,2020-07-28 09:30:39.900,3174.8000,15783,0,69537540.000,1,0,1,多换,S,3171.2000,3170.0000,3169.6000,3168.8000,3168.0000,3174.8000,3175.4000,3178.0000,3179.0000,3180.4000,1,1,2,1,1,1,2,1,2,1
SF,IH2012,2020-07-28 09:30:40.400,3174.8000,15783,0,69537540.000,0,-,-,-,-,3171.4000,3171.2000,3170.0000,3169.6000,3168.8000,3174.6000,3174.8000,3175.4000,3178.0000,3179.0000,1,1,1,2,1,1,1,2,1,2
SF,IH2012,2020-07-28 09:30:40.900,3174.8000,15783,0,69537540.000,0,-,-,-,-,3171.6000,3171.4000,3170.0000,3169.6000,3168.8000,3174.6000,3174.8000,3175.4000,3178.0000,3179.0000,1,1,1,2,1,1,1,2,1,2
SF,IH2012,2020-07-28 09:30:41.400,3174.8000,15783,0,69537540.000,0,-,-,-,-,3171.8000,3171.6000,3171.4000,3170.0000,3169.6000,3174.6000,3174.8000,3175.0000,3175.4000,3178.0000,1,1,1,1,2,1,1,1,2,1
SF,IH2012,2020-07-28 09:30:41.900,3174.8000,15783,0,69537540.000,0,-,-,-,-,3172.0000,3171.8000,3170.0000,3169.6000,3168.8000,3174.6000,3174.8000,3175.0000,3175.4000,3178.0000,1,1,1,2,1,1,1,1,2,1
SF,IH2012,2020-07-28 09:30:42.400,3174.8000,15783,0,69537540.000,0,-,-,-,-,3172.0000,3170.0000,3169.6000,3168.8000,3168.0000,3174.6000,3174.8000,3175.0000,3175.4000,3178.0000,1,1,2,1,1,1,1,1,2,1
SF,IH2012,2020-07-28 09:30:42.900,3174.8000,15783,0,69537540.000,0,-,-,-,-,3172.0000,3170.0000,3169.6000,3168.8000,3168.0000,3174.6000,3174.8000,3175.0000,3175.4000,3178.0000,1,1,2,1,1,1,1,2,2,1
SF,IH2012,2020-07-28 09:30:43.400,3174.6000,15783,0,70489920.000,1,0,1,多换,S,3172.0000,3170.0000,3169.6000,3168.8000,3168.0000,3174.0000,3174.4000,3174.6000,3174.8000,3175.0000,1,1,1,1,1,1,1,1,1,2
SF,IH2012,2020-07-28 09:30:43.900,3172.0000,15782,-1,71441520.000,1,0,1,双平,S,3170.0000,3169.6000,3168.8000,3168.0000,3166.0000,3172.0000,3174.6000,3174.8000,3175.0000,3175.4000,1,1,1,1,1,1,1,1,2,2
SF,IH2012,2020-07-28 09:30:44.400,3172.0000,15781,-1,72393120.000,1,0,1,双平,S,3171.0000,3170.2000,3169.6000,3168.8000,3168.0000,3174.6000,3175.0000,3175.4000,3178.0000,3179.0000,2,2,1,1,1,1,2,2,1,2
SF,IH2012,2020-07-28 09:30:44.900,3172.0000,15781,0,72393120.000,0,-,-,-,-,3170.2000,3169.6000,3168.8000,3168.0000,3166.0000,3174.0000,3174.4000,3174.6000,3175.0000,3175.4000,1,1,1,1,1,1,2,1,2,2
SF,IH2012,2020-07-28 09:30:45.400,3172.0000,15781,0,72393120.000,0,-,-,-,-,3171.0000,3170.2000,3169.6000,3168.8000,3168.0000,3173.8000,3174.6000,3175.0000,3175.4000,3178.0000,2,1,1,1,1,1,1,2,2,1
SF,IH2012,2020-07-28 09:30:46.400,3172.0000,15781,0,72393120.000,0,-,-,-,-,3169.6000,3168.8000,3168.0000,3166.0000,3162.2000,3173.8000,3174.6000,3175.0000,3175.4000,3178.0000,1,1,1,1,3,1,1,2,2,1
SF,IH2012,2020-07-28 09:30:46.900,3172.0000,15781,0,72393120.000,0,-,-,-,-,3171.0000,3169.6000,3168.8000,3168.0000,3166.0000,3173.8000,3174.6000,3175.0000,3175.4000,3178.0000,2,2,1,1,1,1,1,2,2,1
SF,IH2012,2020-07-28 09:30:47.400,3171.0000,15780,-1,73344420.000,1,0,1,双平,S,3171.0000,3169.6000,3168.8000,3168.0000,3166.0000,3173.8000,3174.6000,3175.0000,3175.4000,3178.0000,1,2,1,1,1,1,1,2,2,1
SF,IH2012,2020-07-28 09:30:47.900,3171.0000,15780,0,73344420.000,0,-,-,-,-,3171.2000,3171.0000,3169.6000,3168.8000,3168.0000,3174.6000,3175.0000,3175.4000,3178.0000,3179.0000,1,1,2,1,1,1,2,2,1,2
SF,IH2012,2020-07-28 09:30:48.400,3171.0000,15780,0,73344420.000,0,-,-,-,-,3171.2000,3171.0000,3169.8000,3169.6000,3168.8000,3174.4000,3174.6000,3175.0000,3175.4000,3178.0000,1,1,1,2,1,1,1,2,2,1
SF,IH2012,2020-07-28 09:30:48.900,3171.0000,15780,0,73344420.000,0,-,-,-,-,3171.2000,3171.0000,3169.8000,3169.6000,3168.8000,3174.4000,3174.6000,3175.0000,3175.4000,3178.0000,1,2,1,2,1,1,1,2,2,1
SF,IH2012,2020-07-28 09:30:49.400,3171.0000,15780,0,73344420.000,0,-,-,-,-,3171.2000,3171.0000,3169.8000,3169.6000,3168.8000,3174.0000,3174.4000,3174.6000,3175.0000,3175.4000,1,2,1,2,1,1,1,1,2,2
SF,IH2012,2020-07-28 09:30:49.900,3171.2000,15780,0,74295780.000,1,0,1,多换,S,3171.0000,3169.6000,3168.8000,3168.0000,3166.0000,3171.2000,3173.8000,3174.6000,3175.0000,3175.4000,2,2,1,1,1,4,1,1,1,2
SF,IH2012,2020-07-28 09:30:50.400,3171.2000,15777,-3,80955240.000,7,2,5,多平,S,3171.4000,3171.2000,3171.0000,3169.6000,3168.8000,3173.8000,3174.6000,3175.0000,3175.4000,3178.0000,4,2,1,2,1,1,1,1,2,1
SF,IH2012,2020-07-28 09:30:50.900,3171.2000,15777,0,80955240.000,0,-,-,-,-,3171.4000,3171.2000,3171.0000,3169.6000,3168.8000,3173.8000,3174.6000,3175.0000,3175.4000,3178.0000,4,2,1,2,1,2,1,1,2,1
SF,IH2012,2020-07-28 09:30:51.400,3171.4000,15778,1,84760920.000,4,2,2,空开,S,3171.2000,3171.0000,3169.6000,3168.8000,3168.0000,3171.4000,3173.8000,3174.6000,3175.0000,3175.4000,2,1,2,1,1,1,2,1,1,2
SF,IH2012,2020-07-28 09:30:51.900,3171.4000,15776,-2,87615180.000,3,0,3,多平,S,3171.6000,3171.4000,3171.2000,3171.0000,3169.6000,3173.6000,3173.8000,3174.6000,3175.0000,3175.4000,3,7,3,1,2,1,1,1,1,2
SF,IH2012,2020-07-28 09:30:52.400,3171.4000,15776,0,87615180.000,0,-,-,-,-,3171.2000,3171.0000,3169.6000,3168.8000,3168.0000,3173.6000,3173.8000,3174.6000,3175.0000,3175.4000,2,1,2,1,1,2,1,1,1,2
SF,IH2012,2020-07-28 09:30:52.900,3171.4000,15775,-1,88566600.000,1,0,1,双平,S,3171.6000,3171.2000,3171.0000,3169.6000,3168.8000,3173.4000,3173.6000,3174.6000,3175.0000,3175.4000,6,3,1,2,1,1,2,1,1,2
SF,IH2012,2020-07-28 09:30:53.400,3171.4000,15775,0,88566600.000,0,-,-,-,-,3171.2000,3171.0000,3169.6000,3168.8000,3168.0000,3173.4000,3173.6000,3174.6000,3175.0000,3175.4000,3,1,2,1,1,1,2,1,1,2
SF,IH2012,2020-07-28 09:30:53.900,3171.4000,15775,0,88566600.000,0,-,-,-,-,3171.4000,3171.2000,3171.0000,3169.6000,3168.8000,3173.4000,3173.6000,3174.6000,3175.0000,3175.4000,6,3,1,2,1,1,2,1,1,2
SF,IH2012,2020-07-28 09:30:54.400,3171.4000,15775,0,88566600.000,0,-,-,-,-,3171.2000,3171.0000,3169.6000,3168.8000,3168.0000,3173.4000,3173.6000,3174.6000,3175.0000,3175.4000,3,1,2,1,1,2,2,1,1,2
SF,IH2012,2020-07-28 09:30:54.900,3173.4000,15773,-2,90470640.000,2,0,2,双平,S,3172.4000,3171.6000,3171.4000,3171.2000,3171.0000,3173.6000,3174.6000,3175.0000,3175.4000,3178.0000,3,6,1,4,1,2,1,1,2,1
SF,IH2012,2020-07-28 09:30:55.400,3173.6000,15771,-2,92374800.000,2,0,2,双平,S,3173.6000,3171.6000,3171.4000,3171.2000,3171.0000,3174.6000,3175.0000,3175.4000,3178.0000,3179.0000,1,6,1,4,1,1,1,2,1,2
SF,IH2012,2020-07-28 09:30:55.900,3174.6000,15771,0,93327180.000,1,0,1,多换,S,3173.6000,3171.4000,3171.2000,3171.0000,3169.6000,3175.0000,3175.4000,3178.0000,3179.0000,3180.4000,1,1,4,1,1,1,2,1,2,1
SF,IH2012,2020-07-28 09:30:56.900,3175.0000,15770,-1,94279680.000,1,0,1,双平,S,3173.6000,3171.4000,3171.2000,3171.0000,3169.6000,3175.4000,3179.0000,3180.4000,3180.8000,3182.2000,1,1,4,1,1,2,2,1,1,1
SF,IH2012,2020-07-28 09:30:57.400,3175.0000,15770,0,94279680.000,0,-,-,-,-,3173.8000,3173.6000,3171.4000,3171.2000,3171.0000,3175.4000,3179.0000,3180.4000,3180.8000,3182.2000,1,1,1,3,1,2,2,1,1,1
SF,IH2012,2020-07-28 09:30:57.900,3173.8000,15770,0,95231820.000,1,0,1,多换,S,3171.4000,3171.2000,3171.0000,3169.6000,3168.8000,3173.8000,3175.2000,3175.4000,3179.0000,3180.4000,1,3,1,1,1,1,3,2,2,1
SF,IH2012,2020-07-28 09:30:58.400,3173.8000,15770,0,95231820.000,0,-,-,-,-,3171.4000,3171.2000,3171.0000,3169.6000,3168.8000,3173.8000,3175.2000,3175.4000,3179.0000,3180.4000,1,2,1,1,1,1,3,2,2,1
SF,IH2012,2020-07-28 09:30:58.900,3173.8000,15768,-2,97136100.000,2,0,2,双平,S,3171.6000,3171.2000,3171.0000,3169.6000,3168.8000,3175.2000,3175.4000,3179.0000,3180.4000,3180.8000,1,2,1,1,1,3,2,2,1,1
SF,IH2012,2020-07-28 09:30:59.400,3173.8000,15768,0,97136100.000,0,-,-,-,-,3171.6000,3171.2000,3171.0000,3169.6000,3168.8000,3175.2000,3175.4000,3179.0000,3180.4000,3180.8000,1,2,1,1,1,3,2,2,1,1
SF,IH2012,2020-07-28 09:30:59.900,3173.8000,15768,0,97136100.000,0,-,-,-,-,3173.8000,3171.8000,3171.6000,3171.2000,3171.0000,3175.0000,3175.2000,3175.4000,3179.0000,3180.4000,1,1,1,2,1,1,3,2,2,1
SF,IH2012,2020-07-28 09:31:00.400,3173.8000,15767,-1,98088240.000,1,0,1,双平,S,3171.8000,3171.6000,3171.2000,3171.0000,3169.6000,3175.0000,3175.2000,3175.4000,3179.0000,3180.4000,1,1,1,1,1,1,1,2,2,1
SF,IH2012,2020-07-28 09:31:00.900,3173.8000,15767,0,98088240.000,0,-,-,-,-,3172.0000,3171.8000,3171.2000,3171.0000,3169.6000,3175.0000,3175.4000,3179.0000,3180.4000,3180.8000,1,1,1,1,1,1,2,2,1,1
SF,IH2012,2020-07-28 09:31:01.400,3175.0000,15766,-1,99040740.000,1,0,1,双平,S,3174.0000,3173.4000,3172.2000,3172.0000,3171.2000,3175.4000,3179.0000,3180.4000,3180.8000,3182.2000,1,1,2,2,1,2,1,1,1,1
SF,IH2012,2020-07-28 09:31:01.900,3175.4000,15764,-2,100945980.000,2,0,2,双平,S,3175.4000,3174.2000,3174.0000,3172.2000,3172.0000,3179.0000,3180.4000,3180.8000,3182.2000,3182.4000,1,1,1,1,2,1,1,1,1,1
SF,IH2012,2020-07-28 09:31:02.400,3175.4000,15762,-2,102851220.000,2,0,2,双平,S,3174.0000,3172.0000,3171.2000,3171.0000,3169.6000,3177.6000,3178.6000,3178.8000,3179.0000,3180.4000,1,1,1,1,1,1,3,3,3,1
SF,IH2012,2020-07-28 09:31:02.900,3175.4000,15762,0,102851220.000,0,-,-,-,-,3174.2000,3174.0000,3172.0000,3171.2000,3171.0000,3175.4000,3177.4000,3177.6000,3178.6000,3178.8000,1,1,1,1,1,1,2,1,3,1
SF,IH2012,2020-07-28 09:31:03.400,3175.4000,15761,-1,103803840.000,1,0,1,双平,S,3175.4000,3174.2000,3174.0000,3172.0000,3171.0000,3177.4000,3177.6000,3178.6000,3178.8000,3179.0000,1,1,1,1,1,2,1,3,1,3
SF,IH2012,2020-07-28 09:31:03.900,3175.4000,15760,-1,104756460.000,1,0,1,双平,S,3174.0000,3172.0000,3171.6000,3171.0000,3169.6000,3177.4000,3177.6000,3178.6000,3178.8000,3179.0000,1,1,1,1,1,2,1,3,1,3
SF,IH2012,2020-07-28 09:31:04.400,3175.4000,15760,0,104756460.000,0,-,-,-,-,3174.2000,3174.0000,3172.0000,3171.6000,3171.0000,3177.4000,3177.6000,3178.6000,3178.8000,3179.0000,1,1,1,1,2,2,1,3,1,3
SF,IH2012,2020-07-28 09:31:04.900,3175.4000,15760,0,104756460.000,0,-,-,-,-,3174.2000,3174.0000,3172.0000,3171.6000,3171.0000,3175.6000,3177.4000,3177.6000,3178.6000,3178.8000,1,1,1,1,2,1,2,1,3,1
SF,IH2012,2020-07-28 09:31:05.400,3177.4000,15760,0,105709680.000,1,0,1,多换,S,3174.2000,3174.0000,3172.0000,3171.6000,3171.0000,3177.4000,3177.6000,3178.6000,3179.0000,3180.4000,1,1,1,1,2,1,1,3,2,1
SF,IH2012,2020-07-28 09:31:05.900,3177.4000,15760,0,105709680.000,0,-,-,-,-,3174.4000,3174.2000,3174.0000,3172.0000,3171.6000,3177.4000,3177.6000,3178.6000,3179.0000,3180.4000,1,1,1,1,1,1,1,3,2,1
SF,IH2012,2020-07-28 09:31:06.400,3177.4000,15760,0,105709680.000,0,-,-,-,-,3174.6000,3174.4000,3174.0000,3172.0000,3171.6000,3177.4000,3177.6000,3178.6000,3179.0000,3180.4000,1,1,1,1,1,1,1,3,2,1
SF,IH2012,2020-07-28 09:31:06.900,3177.4000,15760,0,106662900.000,1,0,1,多换,S,3177.4000,3174.8000,3174.6000,3174.0000,3171.6000,3177.6000,3178.6000,3179.0000,3180.4000,3180.8000,1,1,1,1,1,1,3,2,1,1
SF,IH2012,2020-07-28 09:31:07.400,3177.4000,15760,0,107616120.000,1,0,1,多换,S,3174.8000,3174.6000,3174.0000,3171.6000,3171.0000,3177.4000,3177.6000,3178.6000,3179.0000,3180.4000,1,1,1,1,2,2,1,3,2,1
SF,IH2012,2020-07-28 09:31:07.900,3177.4000,15760,0,107616120.000,0,-,-,-,-,3175.0000,3174.8000,3174.0000,3171.6000,3171.0000,3175.6000,3177.2000,3177.4000,3177.6000,3178.6000,1,1,1,1,2,1,1,2,1,3
SF,IH2012,2020-07-28 09:31:08.400,3175.6000,15759,-1,108568800.000,1,0,1,双平,S,3175.0000,3174.0000,3171.6000,3171.0000,3169.6000,3177.2000,3177.4000,3177.6000,3178.6000,3179.0000,1,1,1,2,1,1,1,1,3,2
SF,IH2012,2020-07-28 09:31:08.900,3175.6000,15759,0,108568800.000,0,-,-,-,-,3175.2000,3174.0000,3171.6000,3171.0000,3169.6000,3177.2000,3177.4000,3177.6000,3178.6000,3179.0000,1,1,1,2,1,1,1,1,3,2
SF,IH2012,2020-07-28 09:31:09.400,3175.2000,15758,-1,109521360.000,1,0,1,双平,S,3174.0000,3171.6000,3171.0000,3169.6000,3168.8000,3175.2000,3177.2000,3177.4000,3177.6000,3178.6000,1,1,2,1,1,1,2,1,1,3
SF,IH2012,2020-07-28 09:31:09.900,3175.2000,15756,-2,111426480.000,2,0,2,双平,S,3174.2000,3174.0000,3171.6000,3171.0000,3169.6000,3177.2000,3177.4000,3177.6000,3178.6000,3179.0000,1,1,1,2,1,2,1,1,3,1
SF,IH2012,2020-07-28 09:31:10.400,3175.2000,15756,0,111426480.000,0,-,-,-,-,3174.4000,3174.2000,3174.0000,3171.6000,3171.0000,3177.0000,3177.2000,3177.4000,3177.6000,3178.6000,1,1,1,1,2,1,2,1,1,3
SF,IH2012,2020-07-28 09:31:10.900,3175.2000,15756,0,111426480.000,0,-,-,-,-,3174.6000,3174.4000,3174.0000,3172.2000,3171.6000,3176.8000,3177.0000,3177.4000,3177.6000,3178.6000,1,1,1,1,1,2,1,1,1,3
SF,IH2012,2020-07-28 09:31:11.400,3175.2000,15756,0,111426480.000,0,-,-,-,-,3174.8000,3174.6000,3174.0000,3172.2000,3171.6000,3176.8000,3177.0000,3177.4000,3177.6000,3178.6000,1,1,1,1,1,1,1,1,1,3
SF,IH2012,2020-07-28 09:31:11.900,3175.2000,15756,0,111426480.000,0,-,-,-,-,3174.8000,3174.6000,3174.0000,3172.2000,3171.6000,3176.8000,3177.0000,3177.6000,3178.6000,3179.0000,1,1,1,1,1,1,1,1,3,1
SF,IH2012,2020-07-28 09:31:12.400,3175.2000,15756,0,111426480.000,0,-,-,-,-,3175.0000,3174.8000,3172.2000,3171.6000,3171.0000,3176.8000,3177.0000,3177.6000,3178.6000,3179.0000,1,1,1,1,2,2,1,1,3,1
SF,IH2012,2020-07-28 09:31:12.900,3175.2000,15756,0,111426480.000,0,-,-,-,-,3175.0000,3172.2000,3171.6000,3171.0000,3169.6000,3177.0000,3177.6000,3178.6000,3179.0000,3180.4000,1,1,1,2,1,1,1,3,1,1
SF,IH2012,2020-07-28 09:31:13.400,3175.2000,15756,0,111426480.000,0,-,-,-,-,3175.0000,3172.2000,3171.6000,3171.0000,3169.6000,3176.6000,3176.8000,3177.0000,3177.6000,3178.0000,1,1,1,2,1,1,1,1,1,1
SF,IH2012,2020-07-28 09:31:13.900,3175.2000,15756,0,111426480.000,0,-,-,-,-,3175.0000,3172.2000,3171.6000,3171.0000,3169.6000,3176.4000,3176.6000,3176.8000,3177.0000,3177.6000,2,1,1,2,1,1,1,1,1,1
SF,IH2012,2020-07-28 09:31:14.400,3175.0000,15755,-1,112378980.000,1,0,1,双平,S,3175.0000,3172.2000,3171.6000,3171.0000,3169.6000,3176.4000,3176.6000,3176.8000,3177.0000,3177.6000,1,1,1,2,1,1,1,1,1,1
SF,IH2012,2020-07-28 09:31:14.900,3175.0000,15755,0,113331480.000,1,0,1,多换,S,3172.2000,3171.6000,3171.0000,3169.6000,3168.8000,3175.0000,3176.4000,3176.6000,3176.8000,3177.0000,1,1,2,1,1,1,1,1,1,1
SF,IH2012,2020-07-28 09:31:15.400,3175.0000,15755,0,113331480.000,0,-,-,-,-,3172.4000,3172.2000,3171.6000,3171.0000,3169.6000,3174.8000,3175.0000,3176.4000,3176.6000,3176.8000,1,2,1,2,1,1,1,1,1,1
SF,IH2012,2020-07-28 09:31:15.900,3175.0000,15755,0,113331480.000,0,-,-,-,-,3174.0000,3172.4000,3172.2000,3171.6000,3171.0000,3174.6000,3174.8000,3175.0000,3176.6000,3176.8000,1,1,2,1,2,1,1,1,1,1
SF,IH2012,2020-07-28 09:31:16.400,3174.0000,15754,-1,114283680.000,1,0,1,双平,S,3172.4000,3172.2000,3171.6000,3171.0000,3169.6000,3174.6000,3175.0000,3176.6000,3176.8000,3177.6000,1,2,1,2,1,1,1,1,1,1
SF,IH2012,2020-07-28 09:31:16.900,3174.0000,15754,0,114283680.000,0,-,-,-,-,3172.4000,3172.2000,3171.6000,3171.0000,3169.6000,3174.4000,3174.6000,3175.0000,3176.6000,3176.8000,1,2,1,2,1,1,1,1,1,1
SF,IH2012,2020-07-28 09:31:17.400,3174.0000,15754,0,114283680.000,0,-,-,-,-,3172.4000,3172.2000,3171.6000,3171.0000,3169.6000,3174.4000,3174.6000,3175.0000,3176.6000,3176.8000,1,1,1,2,1,1,2,1,1,1
SF,IH2012,2020-07-28 09:31:17.900,3174.0000,15754,0,114283680.000,0,-,-,-,-,3172.4000,3172.2000,3171.6000,3171.0000,3169.6000,3174.4000,3174.6000,3175.0000,3176.6000,3176.8000,1,1,1,2,1,1,2,1,1,1
SF,IH2012,2020-07-28 09:31:18.400,3172.2000,15753,-1,116187060.000,2,0,2,多平,S,3171.6000,3171.0000,3169.6000,3168.8000,3168.0000,3174.4000,3174.6000,3175.0000,3176.6000,3176.8000,1,2,1,1,1,1,2,1,1,1
SF,IH2012,2020-07-28 09:31:18.900,3172.4000,15753,0,117138780.000,1,0,1,多换,S,3172.0000,3171.6000,3171.0000,3169.6000,3168.8000,3172.4000,3174.2000,3174.4000,3174.6000,3175.0000,1,1,2,1,1,1,2,1,2,1
SF,IH2012,2020-07-28 09:31:19.400,3171.6000,15752,-1,119041860.000,2,0,2,多平,S,3171.0000,3169.6000,3168.8000,3168.0000,3166.0000,3172.0000,3172.4000,3174.2000,3174.4000,3174.6000,2,1,1,1,1,1,1,2,1,2
SF,IH2012,2020-07-28 09:31:19.900,3171.0000,15752,0,120944460.000,2,1,1,多换,S,3169.6000,3168.8000,3168.0000,3166.0000,3162.2000,3172.0000,3172.4000,3173.4000,3174.2000,3174.4000,1,1,1,1,3,1,1,1,3,1
SF,IH2012,2020-07-28 09:31:20.400,3171.0000,15752,0,120944460.000,0,-,-,-,-,3169.8000,3169.6000,3168.8000,3168.0000,3166.0000,3171.8000,3172.0000,3172.4000,3173.4000,3174.2000,1,1,1,1,1,3,1,1,1,2
SF,IH2012,2020-07-28 09:31:20.900,3171.0000,15752,0,120944460.000,0,-,-,-,-,3169.6000,3168.8000,3168.0000,3166.0000,3162.2000,3171.0000,3171.8000,3172.0000,3172.4000,3173.4000,1,1,1,1,3,1,3,1,1,1
SF,IH2012,2020-07-28 09:31:21.400,3169.6000,15751,-1,121895340.000,1,0,1,双平,S,3168.8000,3168.0000,3166.0000,3162.2000,3161.0000,3170.8000,3171.0000,3171.8000,3172.0000,3172.4000,1,1,1,3,1,2,1,2,1,1
SF,IH2012,2020-07-28 09:31:21.900,3168.8000,15750,-1,123796620.000,2,0,2,多平,S,3168.0000,3166.0000,3162.2000,3161.0000,3160.0000,3168.6000,3168.8000,3170.8000,3171.0000,3171.8000,1,1,3,1,1,1,1,2,1,2
SF,IH2012,2020-07-28 09:31:22.400,3168.0000,15749,-1,124747020.000,1,0,1,双平,S,3166.0000,3162.2000,3161.0000,3160.0000,3154.0000,3168.6000,3168.8000,3170.8000,3171.0000,3171.8000,1,3,1,1,1,1,2,2,1,2
SF,IH2012,2020-07-28 09:31:22.900,3168.0000,15749,0,124747020.000,0,-,-,-,-,3167.2000,3166.8000,3166.2000,3166.0000,3162.2000,3168.4000,3168.6000,3168.8000,3170.4000,3170.8000,1,2,1,1,3,2,1,2,1,1
SF,IH2012,2020-07-28 09:31:23.400,3167.2000,15748,-1,125697180.000,1,0,1,双平,S,3166.8000,3166.2000,3166.0000,3162.2000,3161.0000,3168.4000,3168.6000,3168.8000,3170.4000,3170.8000,2,1,1,3,1,1,1,2,1,1
SF,IH2012,2020-07-28 09:31:24.400,3167.2000,15748,0,125697180.000,0,-,-,-,-,3166.8000,3166.2000,3166.0000,3162.2000,3161.0000,3168.4000,3168.6000,3168.8000,3170.4000,3170.8000,2,1,1,3,1,1,1,2,1,1
SF,IH2012,2020-07-28 09:31:24.900,3167.2000,15748,0,125697180.000,0,-,-,-,-,3166.0000,3162.2000,3161.0000,3160.0000,3154.0000,3166.8000,3168.4000,3168.6000,3168.8000,3170.4000,1,3,1,1,1,1,1,1,2,1
SF,IH2012,2020-07-28 09:31:25.400,3166.8000,15747,-1,126647220.000,1,0,1,双平,S,3166.0000,3162.2000,3161.0000,3160.0000,3154.0000,3168.4000,3168.6000,3168.8000,3170.8000,3171.0000,1,3,1,1,1,1,1,2,1,1
SF,IH2012,2020-07-28 09:31:25.900,3166.8000,15747,0,126647220.000,0,-,-,-,-,3166.2000,3166.0000,3162.2000,3161.0000,3160.0000,3168.4000,3168.6000,3168.8000,3170.4000,3170.8000,1,1,3,1,1,1,2,2,1,1
SF,IH2012,2020-07-28 09:31:26.400,3166.2000,15746,-1,127597080.000,1,0,1,双平,S,3166.0000,3162.2000,3161.0000,3160.0000,3154.0000,3168.2000,3168.4000,3168.6000,3168.8000,3170.4000,1,3,1,1,1,1,1,2,2,1
SF,IH2012,2020-07-28 09:31:26.900,3166.0000,15745,-1,128546880.000,1,0,1,双平,S,3162.2000,3161.0000,3160.0000,3154.0000,3152.6000,3168.0000,3168.2000,3168.6000,3168.8000,3170.0000,3,1,1,1,1,1,1,2,2,1
SF,IH2012,2020-07-28 09:31:27.400,3166.0000,15745,0,128546880.000,0,-,-,-,-,3165.6000,3165.4000,3165.2000,3163.8000,3162.6000,3167.8000,3168.0000,3168.2000,3168.6000,3168.8000,3,1,1,2,8,1,2,1,2,2
SF,IH2012,2020-07-28 09:31:27.900,3166.0000,15745,0,128546880.000,0,-,-,-,-,3165.4000,3163.8000,3162.6000,3162.4000,3162.2000,3167.6000,3167.8000,3168.0000,3168.2000,3168.6000,1,1,8,1,4,1,1,1,1,2
SF,IH2012,2020-07-28 09:31:28.400,3166.0000,15745,0,128546880.000,0,-,-,-,-,3162.6000,3162.4000,3162.2000,3161.0000,3160.0000,3167.4000,3167.6000,3168.0000,3168.2000,3168.6000,2,1,4,1,1,1,1,1,1,2
SF,IH2012,2020-07-28 09:31:28.900,3166.0000,15745,0,128546880.000,0,-,-,-,-,3163.0000,3162.8000,3162.6000,3162.2000,3162.0000,3167.2000,3167.4000,3168.2000,3168.6000,3168.8000,6,1,2,4,1,1,1,1,2,2
SF,IH2012,2020-07-28 09:31:29.400,3166.0000,15745,0,128546880.000,0,-,-,-,-,3165.0000,3163.4000,3163.2000,3163.0000,3162.6000,3167.0000,3167.2000,3168.2000,3168.6000,3168.8000,3,1,3,7,2,1,1,1,2,2
SF,IH2012,2020-07-28 09:31:29.900,3167.0000,15743,-2,130447020.000,2,0,2,双平,S,3163.2000,3163.0000,3162.6000,3162.2000,3162.0000,3168.2000,3168.6000,3168.8000,3170.0000,3170.8000,3,7,3,3,1,1,2,2,1,1
SF,IH2012,2020-07-28 09:31:30.400,3167.0000,15743,0,130447020.000,0,-,-,-,-,3165.8000,3165.4000,3163.8000,3163.6000,3163.4000,3168.0000,3168.2000,3168.6000,3168.8000,3170.0000,1,1,2,6,1,2,1,2,2,1
SF,IH2012,2020-07-28 09:31:30.900,3167.0000,15743,0,130447020.000,0,-,-,-,-,3166.8000,3166.0000,3165.4000,3163.6000,3163.2000,3168.0000,3168.2000,3168.6000,3168.8000,3170.0000,2,2,1,6,2,2,2,2,2,1
SF,IH2012,2020-07-28 09:31:31.400,3166.8000,15742,-1,131397060.000,1,0,1,双平,S,3166.8000,3166.0000,3165.4000,3163.6000,3163.0000,3167.2000,3168.0000,3168.2000,3168.6000,3168.8000,1,2,1,6,1,1,1,2,2,2
SF,IH2012,2020-07-28 09:31:31.900,3166.8000,15742,0,132347100.000,1,0,1,多换,S,3166.0000,3165.4000,3163.6000,3163.0000,3162.6000,3166.8000,3167.2000,3168.0000,3168.2000,3168.6000,1,1,6,1,1,1,1,1,2,2
SF,IH2012,2020-07-28 09:31:32.400,3166.0000,15741,-1,133296900.000,1,0,1,双平,S,3165.4000,3163.6000,3163.0000,3162.6000,3162.2000,3166.8000,3167.0000,3167.2000,3168.0000,3168.2000,1,6,1,1,3,1,2,1,1,2
SF,IH2012,2020-07-28 09:31:33.400,3166.0000,15741,0,133296900.000,0,-,-,-,-,3165.8000,3165.4000,3162.6000,3162.2000,3162.0000,3166.8000,3167.0000,3167.2000,3168.0000,3168.2000,6,2,1,3,1,1,2,1,1,2
SF,IH2012,2020-07-28 09:31:33.900,3166.8000,15740,-1,134246940.000,1,0,1,双平,S,3165.4000,3162.6000,3162.2000,3162.0000,3161.0000,3166.4000,3167.0000,3167.2000,3168.0000,3168.2000,1,1,3,1,1,1,2,1,1,2
SF,IH2012,2020-07-28 09:31:34.400,3166.6000,15739,-1,135196920.000,1,0,1,双平,S,3166.4000,3165.8000,3165.4000,3162.2000,3162.0000,3167.0000,3167.2000,3168.0000,3168.2000,3168.6000,2,3,1,3,1,2,1,1,2,2
SF,IH2012,2020-07-28 09:31:34.900,3166.4000,15737,-2,137096760.000,2,0,2,双平,S,3165.4000,3162.2000,3162.0000,3161.0000,3160.0000,3166.4000,3166.8000,3167.0000,3167.2000,3168.0000,1,3,1,1,1,2,1,2,1,1
SF,IH2012,2020-07-28 09:31:35.400,3166.4000,15737,0,137096760.000,0,-,-,-,-,3165.4000,3162.2000,3162.0000,3161.0000,3160.0000,3166.2000,3166.8000,3167.0000,3167.2000,3168.0000,1,3,1,1,1,1,1,2,1,1
SF,IH2012,2020-07-28 09:31:35.900,3166.4000,15736,-1,138046680.000,1,0,1,双平,S,3165.4000,3162.2000,3162.0000,3161.0000,3160.0000,3166.2000,3166.4000,3166.8000,3167.0000,3167.2000,1,3,1,1,1,1,1,1,2,1
SF,IH2012,2020-07-28 09:31:36.400,3165.4000,15735,-1,138996300.000,1,0,1,双平,S,3162.2000,3162.0000,3161.0000,3160.0000,3154.0000,3166.2000,3166.4000,3166.8000,3167.0000,3167.2000,3,1,1,1,1,1,1,1,2,1
SF,IH2012,2020-07-28 09:31:36.900,3164.8000,15734,-1,139945740.000,1,0,1,双平,S,3164.8000,3164.4000,3163.8000,3163.4000,3162.6000,3166.0000,3166.2000,3166.4000,3166.8000,3167.0000,2,1,1,1,6,2,2,1,1,2
SF,IH2012,2020-07-28 09:31:37.400,3164.8000,15734,0,139945740.000,0,-,-,-,-,3163.8000,3162.6000,3162.4000,3162.2000,3162.0000,3166.0000,3166.2000,3166.4000,3166.8000,3167.0000,1,6,1,4,1,1,4,1,1,2
SF,IH2012,2020-07-28 09:31:37.900,3165.2000,15732,-2,141845040.000,2,0,2,双平,S,3165.2000,3164.8000,3164.0000,3163.8000,3163.0000,3165.8000,3166.0000,3166.2000,3166.4000,3166.8000,2,4,7,1,1,1,1,4,1,1
SF,IH2012,2020-07-28 09:31:38.400,3165.2000,15732,0,141845040.000,0,-,-,-,-,3164.0000,3163.8000,3163.0000,3162.2000,3162.0000,3165.0000,3166.0000,3166.2000,3166.4000,3166.8000,1,1,1,3,1,1,1,4,1,1
SF,IH2012,2020-07-28 09:31:38.900,3165.2000,15731,-1,142794600.000,1,0,1,双平,S,3165.0000,3164.8000,3164.4000,3164.0000,3163.8000,3166.0000,3166.2000,3166.4000,3166.8000,3167.0000,1,2,1,1,1,1,4,1,1,2
SF,IH2012,2020-07-28 09:31:39.400,3166.0000,15730,-1,143744400.000,1,0,1,双平,S,3164.0000,3163.8000,3163.0000,3162.2000,3162.0000,3166.2000,3166.4000,3166.8000,3167.0000,3167.2000,1,1,1,3,1,4,1,1,2,1
SF,IH2012,2020-07-28 09:31:39.900,3166.0000,15730,0,143744400.000,0,-,-,-,-,3164.2000,3164.0000,3163.8000,3163.0000,3162.2000,3166.2000,3166.4000,3166.8000,3167.0000,3167.2000,9,1,1,1,3,3,1,1,2,1
SF,IH2012,2020-07-28 09:31:40.400,3166.2000,15725,-5,148493760.000,5,0,5,双平,S,3166.2000,3165.4000,3164.8000,3164.4000,3164.2000,3166.8000,3167.0000,3167.2000,3168.0000,3168.2000,1,2,5,1,7,1,2,1,1,2
SF,IH2012,2020-07-28 09:31:40.900,3167.0000,15721,-4,152293860.000,4,0,4,双平,S,3164.8000,3164.4000,3164.2000,3163.8000,3163.0000,3167.0000,3167.2000,3168.0000,3168.2000,3168.6000,5,1,7,1,1,1,1,1,2,2
SF,IH2012,2020-07-28 09:31:41.400,3165.8000,15718,-3,155143860.000,3,0,3,双平,S,3167.0000,3165.2000,3165.0000,3164.8000,3163.0000,3168.0000,3168.2000,3168.6000,3168.8000,3171.0000,1,6,4,1,1,1,2,2,1,1
SF,IH2012,2020-07-28 09:31:41.900,3168.0000,15716,-2,157044360.000,2,0,2,双平,S,3165.2000,3165.0000,3164.8000,3164.2000,3163.0000,3168.2000,3168.6000,3168.8000,3171.0000,3172.0000,6,5,1,1,1,2,2,1,1,1
SF,IH2012,2020-07-28 09:31:42.400,3167.2000,15714,-2,158944680.000,2,0,2,双平,S,3166.4000,3166.0000,3165.6000,3165.4000,3165.2000,3168.2000,3168.4000,3168.6000,3168.8000,3171.0000,1,1,1,5,6,2,1,2,1,1
SF,IH2012,2020-07-28 09:31:42.900,3167.2000,15714,0,158944680.000,0,-,-,-,-,3166.6000,3166.4000,3165.4000,3165.0000,3164.2000,3168.2000,3168.4000,3168.6000,3168.8000,3171.0000,7,2,4,3,1,2,1,2,1,1
SF,IH2012,2020-07-28 09:31:43.400,3167.2000,15714,0,158944680.000,0,-,-,-,-,3167.8000,3167.6000,3167.4000,3167.2000,3166.6000,3168.2000,3168.4000,3168.6000,3168.8000,3171.0000,1,3,1,1,7,2,1,2,1,1
SF,IH2012,2020-07-28 09:31:43.900,3168.2000,15712,-2,160845600.000,2,0,2,双平,S,3166.6000,3166.4000,3165.6000,3165.4000,3165.0000,3168.4000,3168.6000,3168.8000,3171.0000,3172.0000,1,2,1,3,2,1,2,1,1,1
SF,IH2012,2020-07-28 09:31:44.400,3168.2000,15712,0,160845600.000,0,-,-,-,-,3167.2000,3167.0000,3166.8000,3166.6000,3166.4000,3168.4000,3168.6000,3168.8000,3171.0000,3172.0000,2,6,1,1,2,1,2,1,1,1
SF,IH2012,2020-07-28 09:31:44.900,3168.2000,15712,0,160845600.000,0,-,-,-,-,3167.2000,3166.6000,3166.4000,3165.4000,3164.8000,3168.4000,3168.6000,3168.8000,3171.0000,3172.0000,1,1,2,3,1,1,2,1,1,1
SF,IH2012,2020-07-28 09:31:45.400,3168.2000,15711,-1,161796060.000,1,0,1,双平,S,3168.0000,3167.2000,3166.6000,3166.4000,3165.4000,3168.4000,3168.6000,3168.8000,3171.0000,3172.0000,1,1,1,1,1,1,2,1,1,1
SF,IH2012,2020-07-28 09:31:45.900,3168.0000,15708,-3,164647260.000,3,0,3,双平,S,3166.6000,3166.4000,3165.4000,3164.8000,3164.2000,3168.4000,3168.6000,3168.8000,3171.0000,3172.0000,1,1,1,1,1,1,3,1,1,1
SF,IH2012,2020-07-28 09:31:46.400,3168.0000,15708,0,164647260.000,0,-,-,-,-,3166.8000,3166.6000,3166.4000,3165.4000,3164.8000,3168.4000,3168.6000,3168.8000,3171.0000,3172.0000,6,1,1,1,1,1,3,1,1,1
SF,IH2012,2020-07-28 09:31:46.900,3168.0000,15708,0,164647260.000,0,-,-,-,-,3167.0000,3166.8000,3166.4000,3165.4000,3164.8000,3168.4000,3168.6000,3168.8000,3171.0000,3172.0000,2,6,1,1,1,1,3,1,1,1
SF,IH2012,2020-07-28 09:31:47.400,3168.6000,15705,-3,167498940.000,3,0,3,双平,S,3167.4000,3167.2000,3167.0000,3166.4000,3165.4000,3168.6000,3171.0000,3172.0000,3172.4000,3176.6000,6,1,2,2,1,1,1,1,1,1
SF,IH2012,2020-07-28 09:31:47.900,3168.6000,15701,-4,171301260.000,4,0,4,双平,S,3167.6000,3167.4000,3167.2000,3166.4000,3165.4000,3171.0000,3172.0000,3172.4000,3176.6000,3178.0000,2,6,1,2,1,1,1,1,1,2
SF,IH2012,2020-07-28 09:31:48.400,3167.8000,15701,0,172251600.000,1,0,1,多换,S,3167.8000,3167.6000,3167.2000,3166.4000,3164.8000,3170.8000,3171.0000,3172.0000,3172.4000,3176.6000,6,1,1,2,1,2,1,1,1,1
SF,IH2012,2020-07-28 09:31:48.900,3167.8000,15701,0,172251600.000,0,-,-,-,-,3168.0000,3167.8000,3167.2000,3166.4000,3164.8000,3170.8000,3171.0000,3172.0000,3172.4000,3176.6000,3,6,1,2,1,2,1,1,1,1
SF,IH2012,2020-07-28 09:31:49.400,3167.8000,15701,0,172251600.000,0,-,-,-,-,3168.2000,3168.0000,3167.6000,3167.2000,3166.4000,3170.8000,3171.0000,3172.0000,3172.4000,3176.6000,6,3,5,1,2,2,1,1,1,1
SF,IH2012,2020-07-28 09:31:49.900,3167.8000,15701,0,172251600.000,0,-,-,-,-,3168.4000,3168.2000,3168.0000,3167.8000,3167.6000,3170.8000,3171.0000,3172.0000,3172.4000,3176.6000,1,6,2,1,5,2,1,1,1,1
SF,IH2012,2020-07-28 09:31:50.400,3167.8000,15701,0,172251600.000,0,-,-,-,-,3168.8000,3168.6000,3168.4000,3168.0000,3167.8000,3170.2000,3170.8000,3171.0000,3172.0000,3172.4000,1,6,2,2,1,1,2,1,1,1
SF,IH2012,2020-07-28 09:31:50.900,3167.8000,15701,0,172251600.000,0,-,-,-,-,3168.4000,3168.0000,3167.8000,3167.6000,3167.2000,3170.2000,3170.8000,3171.0000,3172.0000,3172.4000,1,2,1,5,1,3,2,1,1,1
SF,IH2012,2020-07-28 09:31:51.400,3167.8000,15701,0,172251600.000,0,-,-,-,-,3168.6000,3168.4000,3168.0000,3167.8000,3167.6000,3170.2000,3170.8000,3171.0000,3172.0000,3172.4000,2,1,2,1,5,3,2,1,1,1
SF,IH2012,2020-07-28 09:31:51.900,3167.8000,15701,0,172251600.000,0,-,-,-,-,3168.8000,3168.6000,3168.0000,3167.8000,3167.6000,3170.2000,3170.8000,3171.0000,3172.0000,3172.4000,1,2,2,1,5,3,2,1,1,1
SF,IH2012,2020-07-28 09:31:52.400,3170.2000,15699,-2,174153720.000,2,0,2,双平,S,3168.8000,3168.6000,3168.0000,3167.8000,3167.6000,3170.2000,3170.8000,3171.0000,3172.0000,3172.4000,3,2,2,1,5,1,1,1,1,1
SF,IH2012,2020-07-28 09:31:52.900,3169.0000,15696,-3,177006180.000,3,0,3,双平,S,3169.0000,3168.8000,3168.6000,3168.0000,3167.8000,3170.2000,3170.8000,3171.0000,3172.0000,3172.4000,2,2,2,2,1,1,1,1,1,1
SF,IH2012,2020-07-28 09:31:53.400,3169.0000,15696,0,177006180.000,0,-,-,-,-,3169.4000,3169.2000,3169.0000,3168.8000,3168.6000,3170.2000,3170.8000,3171.0000,3172.0000,3172.4000,1,1,2,2,2,1,1,1,1,1
SF,IH2012,2020-07-28 09:31:53.900,3170.2000,15695,-1,177957240.000,1,0,1,双平,S,3169.6000,3169.0000,3168.8000,3168.6000,3168.0000,3171.0000,3172.0000,3172.4000,3176.6000,3178.0000,1,2,1,2,2,1,2,1,1,2
SF,IH2012,2020-07-28 09:31:54.400,3170.2000,15695,0,177957240.000,0,-,-,-,-,3169.6000,3169.0000,3168.8000,3168.6000,3168.0000,3171.0000,3172.0000,3172.4000,3176.6000,3178.0000,1,2,1,2,2,1,2,1,1,2
SF,IH2012,2020-07-28 09:31:55.400,3171.0000,15694,-1,178908540.000,1,0,1,双平,S,3169.6000,3169.0000,3168.8000,3168.6000,3168.0000,3172.0000,3172.4000,3176.6000,3178.0000,3179.0000,1,2,1,2,2,2,1,1,2,1
SF,IH2012,2020-07-28 09:31:55.900,3171.0000,15694,0,178908540.000,0,-,-,-,-,3169.8000,3169.6000,3169.0000,3168.8000,3168.6000,3171.8000,3172.0000,3172.4000,3176.6000,3178.0000,7,1,2,1,2,1,2,1,1,2
SF,IH2012,2020-07-28 09:31:56.400,3170.0000,15694,0,179859540.000,1,0,1,多换,S,3170.0000,3169.8000,3169.0000,3168.8000,3168.6000,3171.8000,3172.0000,3172.4000,3176.6000,3178.0000,2,7,2,1,2,1,2,1,1,2
SF,IH2012,2020-07-28 09:31:56.900,3170.0000,15694,0,179859540.000,0,-,-,-,-,3170.2000,3170.0000,3169.8000,3169.0000,3168.8000,3171.8000,3172.0000,3172.4000,3176.6000,3178.0000,7,3,1,2,1,1,2,1,1,2
SF,IH2012,2020-07-28 09:31:57.400,3170.0000,15694,0,179859540.000,0,-,-,-,-,3170.4000,3170.2000,3170.0000,3169.8000,3169.0000,3172.0000,3172.4000,3176.6000,3178.0000,3179.0000,3,6,1,1,2,2,1,1,2,1
SF,IH2012,2020-07-28 09:31:57.900,3170.0000,15694,0,179859540.000,0,-,-,-,-,3170.6000,3170.4000,3170.0000,3169.8000,3169.0000,3172.0000,3172.4000,3176.6000,3178.0000,3179.0000,1,2,1,1,2,2,1,1,2,1
SF,IH2012,2020-07-28 09:31:58.400,3172.0000,15692,-2,184616220.000,5,1,4,多平,S,3170.4000,3169.8000,3169.0000,3168.8000,3168.6000,3172.4000,3176.6000,3178.0000,3179.0000,3180.4000,1,1,2,1,2,1,1,2,1,1
SF,IH2012,2020-07-28 09:31:58.900,3172.0000,15692,0,184616220.000,0,-,-,-,-,3170.8000,3170.4000,3169.8000,3169.0000,3168.8000,3172.2000,3172.4000,3176.6000,3178.0000,3179.0000,1,1,1,2,1,1,1,1,2,1
SF,IH2012,2020-07-28 09:31:59.400,3170.8000,15691,-1,185567460.000,1,0,1,双平,S,3170.4000,3169.8000,3169.0000,3168.8000,3168.6000,3172.2000,3172.4000,3176.6000,3178.0000,3179.0000,1,1,2,1,2,1,1,1,2,1
SF,IH2012,2020-07-28 09:31:59.900,3170.8000,15691,0,185567460.000,0,-,-,-,-,3170.6000,3169.8000,3169.0000,3168.8000,3168.6000,3172.2000,3172.4000,3176.6000,3178.0000,3179.0000,1,1,2,1,2,1,1,1,2,1
SF,IH2012,2020-07-28 09:32:00.400,3170.6000,15690,-1,186518640.000,1,0,1,双平,S,3170.0000,3169.8000,3169.0000,3168.8000,3167.8000,3172.2000,3172.4000,3176.6000,3178.0000,3179.0000,1,1,2,1,1,1,1,1,2,1
SF,IH2012,2020-07-28 09:32:00.900,3170.0000,15689,-1,187469640.000,1,0,1,双平,S,3169.8000,3168.8000,3167.8000,3167.6000,3166.4000,3171.8000,3172.0000,3172.2000,3172.4000,3176.6000,1,1,1,5,1,1,1,2,1,1
SF,IH2012,2020-07-28 09:32:01.400,3170.0000,15689,0,187469640.000,0,-,-,-,-,3169.8000,3167.8000,3167.6000,3166.4000,3166.0000,3171.6000,3171.8000,3172.0000,3172.2000,3172.4000,1,1,5,1,1,1,1,1,1,1
SF,IH2012,2020-07-28 09:32:01.900,3170.0000,15689,0,187469640.000,0,-,-,-,-,3169.8000,3167.8000,3167.6000,3166.4000,3166.0000,3171.6000,3171.8000,3172.0000,3172.2000,3172.4000,1,1,5,1,1,1,1,1,1,1
SF,IH2012,2020-07-28 09:32:02.400,3169.8000,15684,-5,192225540.000,5,0,5,双平,S,3167.8000,3167.6000,3166.4000,3166.0000,3165.0000,3169.8000,3172.0000,3172.4000,3178.0000,3179.0000,1,5,1,1,1,2,1,1,2,1
SF,IH2012,2020-07-28 09:32:02.900,3169.8000,15682,-2,194127420.000,2,0,2,双平,S,3170.0000,3169.8000,3169.4000,3169.2000,3168.8000,3172.0000,3172.4000,3178.0000,3179.0000,3180.4000,3,7,3,2,1,1,1,2,1,1
SF,IH2012,2020-07-28 09:32:03.400,3172.0000,15681,-1,195079020.000,1,0,1,双平,S,3170.2000,3170.0000,3169.8000,3168.8000,3168.0000,3172.4000,3178.0000,3179.0000,3180.4000,3180.8000,9,1,5,1,1,1,2,1,1,1
SF,IH2012,2020-07-28 09:32:03.900,3172.0000,15681,0,195079020.000,0,-,-,-,-,3170.6000,3170.4000,3170.2000,3170.0000,3169.8000,3172.4000,3178.0000,3179.0000,3180.4000,3180.8000,4,2,8,1,4,1,2,1,1,1
SF,IH2012,2020-07-28 09:32:04.400,3172.4000,15680,-1,196030740.000,1,0,1,双平,S,3172.4000,3171.6000,3171.4000,3171.0000,3170.8000,3178.0000,3179.0000,3180.4000,3180.8000,3182.2000,1,3,1,6,2,2,1,1,1,1
SF,IH2012,2020-07-28 09:32:04.900,3172.4000,15679,-1,196982460.000,1,0,1,双平,S,3172.4000,3171.0000,3170.8000,3170.6000,3170.4000,3175.2000,3175.6000,3176.8000,3177.0000,3177.6000,1,6,1,1,1,2,1,1,1,2
SF,IH2012,2020-07-28 09:32:05.400,3172.4000,15679,0,196982460.000,0,-,-,-,-,3172.6000,3172.4000,3171.0000,3170.6000,3170.4000,3175.0000,3175.6000,3177.6000,3178.0000,3179.0000,1,1,6,1,1,2,1,2,3,1
SF,IH2012,2020-07-28 09:32:05.900,3172.4000,15679,0,196982460.000,0,-,-,-,-,3172.6000,3172.4000,3171.0000,3170.6000,3170.4000,3175.0000,3175.6000,3177.6000,3178.0000,3179.0000,1,1,6,1,1,2,1,1,3,1
SF,IH2012,2020-07-28 09:32:06.400,3172.4000,15679,0,196982460.000,0,-,-,-,-,3172.6000,3172.4000,3171.0000,3170.6000,3170.4000,3175.0000,3175.6000,3177.6000,3178.0000,3179.0000,1,1,6,1,1,2,1,1,3,1
SF,IH2012,2020-07-28 09:32:06.900,3172.4000,15679,0,196982460.000,0,-,-,-,-,3172.4000,3171.0000,3170.6000,3170.4000,3170.2000,3174.4000,3175.0000,3175.6000,3177.6000,3178.0000,1,6,1,1,1,1,2,1,1,3
SF,IH2012,2020-07-28 09:32:07.400,3174.2000,15679,0,197934720.000,1,0,1,多换,S,3170.6000,3170.4000,3170.2000,3169.8000,3169.6000,3174.4000,3175.0000,3175.6000,3177.6000,3178.0000,1,1,1,1,1,1,1,1,1,3
SF,IH2012,2020-07-28 09:32:07.900,3174.2000,15679,0,197934720.000,0,-,-,-,-,3171.6000,3171.4000,3171.0000,3170.8000,3170.6000,3174.2000,3174.4000,3175.6000,3177.6000,3178.0000,1,1,7,1,1,2,1,1,1,3
SF,IH2012,2020-07-28 09:32:08.400,3174.2000,15679,0,197934720.000,0,-,-,-,-,3171.8000,3171.6000,3171.4000,3171.0000,3170.6000,3174.2000,3174.4000,3175.6000,3177.6000,3178.0000,2,1,1,1,1,2,1,1,1,3
SF,IH2012,2020-07-28 09:32:09.400,3174.2000,15679,0,197934720.000,0,-,-,-,-,3171.8000,3171.6000,3171.4000,3171.0000,3170.6000,3174.2000,3174.4000,3175.6000,3177.6000,3178.0000,2,1,1,1,1,2,1,1,1,3
SF,IH2012,2020-07-28 09:32:09.900,3174.2000,15679,0,197934720.000,0,-,-,-,-,3171.8000,3171.0000,3170.6000,3170.2000,3169.8000,3174.2000,3174.4000,3175.6000,3177.6000,3178.0000,2,1,1,1,1,1,1,1,1,3
SF,IH2012,2020-07-28 09:32:10.400,3174.2000,15679,0,197934720.000,0,-,-,-,-,3172.2000,3171.8000,3170.6000,3170.2000,3169.8000,3174.2000,3174.4000,3175.6000,3177.6000,3178.0000,7,2,1,1,1,1,1,1,1,3
SF,IH2012,2020-07-28 09:32:10.900,3174.2000,15679,0,197934720.000,0,-,-,-,-,3172.4000,3172.2000,3171.8000,3170.8000,3170.6000,3174.2000,3174.4000,3175.6000,3177.6000,3178.0000,5,7,1,5,1,1,1,1,1,3
SF,IH2012,2020-07-28 09:32:11.400,3174.2000,15679,0,197934720.000,0,-,-,-,-,3172.4000,3172.2000,3171.8000,3170.8000,3170.6000,3174.2000,3174.4000,3175.6000,3177.6000,3178.0000,5,6,1,5,1,1,1,1,1,3
SF,IH2012,2020-07-28 09:32:11.900,3174.2000,15679,0,197934720.000,0,-,-,-,-,3172.6000,3172.4000,3171.8000,3170.8000,3170.6000,3174.2000,3174.4000,3175.6000,3177.6000,3178.0000,2,5,1,5,1,1,1,1,1,3
SF,IH2012,2020-07-28 09:32:12.400,3174.2000,15679,0,197934720.000,0,-,-,-,-,3172.8000,3172.6000,3172.4000,3171.8000,3170.8000,3174.4000,3175.6000,3177.6000,3178.0000,3179.0000,3,2,3,1,5,1,1,1,3,1
SF,IH2012,2020-07-28 09:32:12.900,3174.4000,15678,-1,198887040.000,1,0,1,双平,S,3172.8000,3172.6000,3172.4000,3171.8000,3170.8000,3177.6000,3178.0000,3179.0000,3180.4000,3180.8000,3,2,3,1,5,1,2,1,1,1
SF,IH2012,2020-07-28 09:32:13.400,3174.4000,15678,0,198887040.000,0,-,-,-,-,3173.0000,3172.8000,3172.6000,3172.4000,3171.8000,3177.4000,3177.6000,3178.0000,3179.0000,3180.4000,6,3,1,3,1,2,1,2,1,1
SF,IH2012,2020-07-28 09:32:13.900,3174.4000,15678,0,198887040.000,0,-,-,-,-,3173.2000,3173.0000,3172.8000,3172.4000,3171.8000,3177.4000,3177.6000,3178.0000,3179.0000,3180.4000,3,6,2,3,1,2,1,2,1,1
SF,IH2012,2020-07-28 09:32:14.400,3174.4000,15678,0,198887040.000,0,-,-,-,-,3173.8000,3173.4000,3173.2000,3172.8000,3172.4000,3177.4000,3178.0000,3179.0000,3180.4000,3180.8000,1,1,4,2,3,2,2,1,1,1
SF,IH2012,2020-07-28 09:32:14.900,3174.4000,15678,0,198887040.000,0,-,-,-,-,3175.0000,3174.0000,3173.2000,3172.8000,3172.4000,3177.4000,3178.0000,3179.0000,3180.4000,3180.8000,1,2,3,2,3,2,2,1,1,1
SF,IH2012,2020-07-28 09:32:15.400,3174.4000,15678,0,198887040.000,0,-,-,-,-,3175.2000,3175.0000,3174.0000,3173.2000,3172.8000,3177.4000,3178.0000,3179.0000,3180.4000,3180.8000,1,1,1,3,2,2,2,1,1,1
SF,IH2012,2020-07-28 09:32:15.900,3174.4000,15678,0,198887040.000,0,-,-,-,-,3175.2000,3175.0000,3174.0000,3173.2000,3172.8000,3177.4000,3178.0000,3179.0000,3180.4000,3180.8000,1,1,1,3,2,1,2,1,1,1
SF,IH2012,2020-07-28 09:32:16.400,3174.4000,15678,0,198887040.000,0,-,-,-,-,3175.2000,3175.0000,3174.0000,3173.2000,3172.8000,3177.4000,3178.0000,3179.0000,3180.4000,3180.8000,1,1,1,3,2,1,2,1,1,1
SF,IH2012,2020-07-28 09:32:16.900,3175.2000,15677,-1,199839600.000,1,0,1,双平,S,3175.0000,3174.0000,3173.2000,3172.8000,3172.4000,3177.4000,3178.0000,3179.0000,3180.4000,3180.8000,1,1,2,2,3,1,2,1,1,1
SF,IH2012,2020-07-28 09:32:17.400,3175.0000,15677,0,200792100.000,1,0,1,多换,S,3174.0000,3173.2000,3172.8000,3170.8000,3169.6000,3177.2000,3177.4000,3178.0000,3179.0000,3180.4000,1,2,2,5,1,1,1,2,1,1
SF,IH2012,2020-07-28 09:32:17.900,3175.0000,15677,0,200792100.000,0,-,-,-,-,3174.4000,3174.2000,3174.0000,3170.8000,3169.6000,3176.8000,3177.0000,3177.2000,3178.0000,3179.0000,6,1,2,5,1,1,1,1,2,1
SF,IH2012,2020-07-28 09:32:18.400,3174.2000,15676,-1,202696680.000,2,0,2,多平,S,3170.8000,3169.6000,3168.8000,3167.6000,3166.0000,3176.6000,3176.8000,3178.0000,3179.0000,3180.4000,5,1,1,5,1,2,2,2,1,1
SF,IH2012,2020-07-28 09:32:18.900,3174.2000,15676,0,202696680.000,0,-,-,-,-,3171.8000,3171.6000,3171.2000,3171.0000,3170.8000,3176.6000,3176.8000,3178.0000,3179.0000,3180.4000,1,1,5,1,6,2,2,2,1,1
SF,IH2012,2020-07-28 09:32:19.400,3174.2000,15676,0,202696680.000,0,-,-,-,-,3172.2000,3171.8000,3171.6000,3170.8000,3169.6000,3175.2000,3175.6000,3176.2000,3176.6000,3176.8000,1,1,1,5,1,3,1,1,2,2
SF,IH2012,2020-07-28 09:32:19.900,3174.2000,15676,0,202696680.000,0,-,-,-,-,3171.6000,3170.8000,3169.6000,3168.8000,3167.6000,3174.6000,3174.8000,3175.0000,3175.2000,3175.6000,1,5,1,1,5,1,2,2,3,1
SF,IH2012,2020-07-28 09:32:20.400,3174.2000,15676,0,202696680.000,0,-,-,-,-,3170.8000,3169.6000,3168.8000,3167.6000,3166.0000,3172.4000,3174.2000,3174.4000,3175.2000,3175.6000,5,1,1,5,1,1,4,2,2,1
SF,IH2012,2020-07-28 09:32:20.900,3174.2000,15676,0,202696680.000,0,-,-,-,-,3170.8000,3169.6000,3168.8000,3167.6000,3166.0000,3172.2000,3174.2000,3174.4000,3175.2000,3175.6000,5,1,1,5,1,1,2,1,2,1
SF,IH2012,2020-07-28 09:32:21.400,3172.2000,15675,-1,203648340.000,1,0,1,双平,S,3172.2000,3171.0000,3170.8000,3169.6000,3168.8000,3174.2000,3174.4000,3175.2000,3175.6000,3178.0000,1,3,5,1,1,1,1,2,1,2
SF,IH2012,2020-07-28 09:32:21.900,3172.2000,15675,0,203648340.000,0,-,-,-,-,3172.2000,3171.0000,3170.8000,3169.6000,3168.8000,3174.0000,3174.4000,3175.2000,3175.6000,3178.0000,1,3,5,1,1,3,1,2,1,3
SF,IH2012,2020-07-28 09:32:22.400,3172.2000,15675,0,203648340.000,0,-,-,-,-,3172.2000,3171.0000,3170.8000,3169.6000,3168.8000,3173.8000,3174.0000,3174.4000,3175.2000,3175.6000,1,3,5,1,1,1,2,1,2,1
SF,IH2012,2020-07-28 09:32:22.900,3172.2000,15675,0,203648340.000,0,-,-,-,-,3172.4000,3171.0000,3170.8000,3169.6000,3168.8000,3173.6000,3173.8000,3174.0000,3174.4000,3175.2000,1,3,5,1,1,1,1,1,1,2
SF,IH2012,2020-07-28 09:32:23.400,3172.4000,15675,0,204600060.000,1,0,1,多换,S,3170.8000,3169.6000,3168.8000,3167.6000,3166.0000,3173.6000,3174.0000,3174.4000,3175.2000,3175.6000,5,1,1,5,1,1,1,1,2,1
SF,IH2012,2020-07-28 09:32:23.900,3172.4000,15675,0,204600060.000,0,-,-,-,-,3171.0000,3170.8000,3169.6000,3168.8000,3167.6000,3173.4000,3175.2000,3175.6000,3178.0000,3179.0000,1,5,1,1,5,1,2,1,3,1
SF,IH2012,2020-07-28 09:32:24.400,3172.4000,15675,0,204600060.000,0,-,-,-,-,3171.0000,3170.8000,3169.6000,3168.8000,3167.6000,3173.4000,3175.2000,3175.6000,3178.0000,3179.0000,1,5,1,1,5,2,2,1,3,1
SF,IH2012,2020-07-28 09:32:24.900,3172.4000,15675,0,204600060.000,0,-,-,-,-,3171.6000,3171.4000,3171.2000,3171.0000,3170.8000,3173.4000,3175.2000,3175.6000,3178.0000,3179.0000,1,5,1,1,5,2,2,1,3,1
SF,IH2012,2020-07-28 09:32:25.400,3172.4000,15675,0,204600060.000,0,-,-,-,-,3172.0000,3171.8000,3171.6000,3171.2000,3170.8000,3173.4000,3175.2000,3175.6000,3178.0000,3179.0000,5,1,1,1,5,2,2,1,3,1
SF,IH2012,2020-07-28 09:32:25.900,3172.4000,15675,0,204600060.000,0,-,-,-,-,3171.2000,3170.8000,3168.8000,3167.6000,3166.0000,3173.2000,3175.2000,3175.6000,3178.0000,3179.0000,1,5,1,5,1,1,2,1,3,1
SF,IH2012,2020-07-28 09:32:26.400,3172.4000,15675,0,204600060.000,0,-,-,-,-,3170.8000,3168.8000,3167.6000,3166.0000,3165.0000,3173.0000,3173.2000,3175.2000,3175.6000,3178.0000,5,1,5,1,2,1,1,2,1,3
SF,IH2012,2020-07-28 09:32:26.900,3172.4000,15675,0,204600060.000,0,-,-,-,-,3170.8000,3168.8000,3167.6000,3166.0000,3165.0000,3172.6000,3172.8000,3173.0000,3175.2000,3175.6000,5,1,5,1,2,2,3,1,2,1
SF,IH2012,2020-07-28 09:32:27.400,3170.8000,15675,0,205551300.000,1,0,1,多换,S,3170.8000,3168.8000,3167.6000,3166.0000,3165.0000,3172.4000,3172.6000,3172.8000,3173.0000,3175.2000,4,1,5,1,2,1,1,2,1,2
SF,IH2012,2020-07-28 09:32:27.900,3170.8000,15675,0,205551300.000,0,-,-,-,-,3170.8000,3168.8000,3167.6000,3166.0000,3165.0000,3172.2000,3172.4000,3172.6000,3172.8000,3173.0000,4,1,5,1,2,1,1,1,1,1
SF,IH2012,2020-07-28 09:32:28.400,3170.8000,15675,0,205551300.000,0,-,-,-,-,3170.8000,3168.8000,3167.6000,3166.0000,3165.0000,3172.2000,3172.4000,3172.8000,3173.0000,3175.2000,4,1,5,1,2,1,1,1,1,2
SF,IH2012,2020-07-28 09:32:28.900,3170.8000,15675,0,207453780.000,2,1,1,多换,S,3170.8000,3168.8000,3167.6000,3166.0000,3165.0000,3172.0000,3172.2000,3172.4000,3172.8000,3173.0000,2,1,5,1,2,1,2,1,1,1
SF,IH2012,2020-07-28 09:32:29.400,3170.8000,15675,0,209356260.000,2,1,1,多换,S,3168.8000,3167.6000,3166.0000,3165.0000,3164.2000,3171.8000,3172.0000,3172.2000,3172.8000,3173.0000,1,5,1,2,1,1,1,2,1,1
SF,IH2012,2020-07-28 09:32:29.900,3170.8000,15675,0,209356260.000,0,-,-,-,-,3169.4000,3169.2000,3169.0000,3168.8000,3167.6000,3171.6000,3171.8000,3172.0000,3172.2000,3175.2000,2,1,1,1,5,2,1,1,1,2
SF,IH2012,2020-07-28 09:32:30.400,3171.6000,15674,-1,211259220.000,2,0,2,多平,S,3173.0000,3169.8000,3169.6000,3169.4000,3168.8000,3175.2000,3178.0000,3179.0000,3180.4000,3180.8000,2,6,1,3,1,2,3,1,1,1
SF,IH2012,2020-07-28 09:32:30.900,3173.0000,15674,0,213163020.000,2,1,1,多换,S,3169.4000,3168.8000,3167.6000,3166.0000,3165.0000,3172.2000,3173.0000,3174.0000,3174.6000,3174.8000,1,1,5,1,2,1,3,1,2,6
SF,IH2012,2020-07-28 09:32:31.400,3173.0000,15674,0,213163020.000,0,-,-,-,-,3169.8000,3169.6000,3169.4000,3167.6000,3166.0000,3172.0000,3172.2000,3173.0000,3174.6000,3174.8000,2,1,3,5,1,2,1,2,1,5
SF,IH2012,2020-07-28 09:32:31.900,3173.0000,15674,0,213163020.000,0,-,-,-,-,3169.8000,3169.4000,3167.6000,3166.0000,3165.0000,3172.0000,3172.2000,3173.0000,3174.6000,3174.8000,2,1,5,1,2,2,1,2,1,5
SF,IH2012,2020-07-28 09:32:32.400,3173.0000,15674,0,213163020.000,0,-,-,-,-,3170.0000,3169.4000,3167.6000,3166.0000,3165.0000,3171.6000,3172.0000,3172.2000,3173.0000,3174.6000,1,1,5,1,2,2,2,1,2,1
SF,IH2012,2020-07-28 09:32:32.900,3170.0000,15674,0,214114020.000,1,0,1,多换,S,3167.6000,3166.0000,3165.0000,3164.2000,3162.2000,3171.6000,3172.0000,3172.2000,3173.0000,3174.8000,6,1,2,1,3,1,2,1,2,5
SF,IH2012,2020-07-28 09:32:33.400,3170.0000,15674,0,214114020.000,0,-,-,-,-,3168.8000,3168.4000,3168.0000,3167.8000,3167.6000,3171.4000,3172.2000,3173.0000,3174.8000,3175.0000,1,1,6,1,6,2,1,2,5,1
SF,IH2012,2020-07-28 09:32:33.900,3170.0000,15674,0,214114020.000,0,-,-,-,-,3169.0000,3168.8000,3168.4000,3168.0000,3167.6000,3171.4000,3172.2000,3173.0000,3174.8000,3175.0000,1,1,1,1,6,2,1,2,5,1
SF,IH2012,2020-07-28 09:32:34.400,3170.0000,15674,0,214114020.000,0,-,-,-,-,3168.8000,3168.4000,3168.0000,3167.6000,3166.0000,3171.2000,3171.4000,3172.2000,3173.0000,3174.8000,1,1,1,6,1,1,2,1,2,5
SF,IH2012,2020-07-28 09:32:34.900,3170.0000,15674,0,214114020.000,0,-,-,-,-,3168.8000,3168.4000,3168.0000,3167.6000,3166.0000,3171.0000,3171.2000,3171.8000,3172.2000,3173.0000,1,1,1,6,1,2,1,1,1,2
SF,IH2012,2020-07-28 09:32:35.400,3170.0000,15674,0,214114020.000,0,-,-,-,-,3167.6000,3166.0000,3165.0000,3164.2000,3162.2000,3170.6000,3171.0000,3171.8000,3172.2000,3173.0000,6,1,2,1,3,1,2,1,1,2
SF,IH2012,2020-07-28 09:32:35.900,3170.0000,15674,0,214114020.000,0,-,-,-,-,3168.2000,3167.8000,3167.6000,3166.0000,3165.0000,3170.4000,3170.6000,3171.8000,3172.2000,3174.8000,1,2,6,1,2,2,2,1,1,5
SF,IH2012,2020-07-28 09:32:36.400,3170.0000,15674,0,214114020.000,0,-,-,-,-,3168.4000,3168.2000,3167.8000,3167.6000,3166.0000,3170.4000,3170.6000,3171.8000,3172.2000,3174.8000,1,1,1,6,1,2,1,1,1,5
SF,IH2012,2020-07-28 09:32:36.900,3170.0000,15674,0,214114020.000,0,-,-,-,-,3168.4000,3167.8000,3167.6000,3166.0000,3165.0000,3170.4000,3170.6000,3171.8000,3172.2000,3174.8000,1,1,6,1,2,2,1,1,1,5
SF,IH2012,2020-07-28 09:32:37.400,3170.0000,15674,0,214114020.000,0,-,-,-,-,3168.6000,3168.4000,3167.8000,3167.6000,3166.0000,3170.4000,3170.6000,3171.8000,3172.2000,3174.8000,1,1,1,6,1,2,1,1,1,5
SF,IH2012,2020-07-28 09:32:37.900,3170.0000,15674,0,214114020.000,0,-,-,-,-,3169.4000,3168.8000,3167.6000,3166.0000,3165.0000,3170.0000,3170.4000,3170.6000,3171.8000,3172.2000,1,2,6,1,2,1,1,1,1,1
SF,IH2012,2020-07-28 09:32:38.400,3170.0000,15672,-2,216966840.000,3,0,3,多平,S,3170.0000,3168.8000,3167.6000,3166.0000,3165.0000,3170.6000,3171.8000,3172.2000,3174.8000,3175.0000,1,2,6,1,2,1,1,1,5,2
SF,IH2012,2020-07-28 09:32:38.900,3170.0000,15671,-1,217917840.000,1,0,1,双平,S,3168.8000,3168.4000,3167.6000,3166.0000,3165.0000,3170.6000,3171.8000,3172.2000,3174.8000,3175.0000,2,1,6,1,2,1,1,1,5,2
SF,IH2012,2020-07-28 09:32:39.400,3170.0000,15671,0,217917840.000,0,-,-,-,-,3168.4000,3167.6000,3167.0000,3166.0000,3165.0000,3170.4000,3170.6000,3171.8000,3172.2000,3174.8000,1,6,1,1,2,1,1,1,1,5
SF,IH2012,2020-07-28 09:32:39.900,3170.0000,15671,0,217917840.000,0,-,-,-,-,3168.6000,3168.4000,3167.6000,3167.0000,3166.0000,3170.4000,3170.6000,3171.8000,3172.2000,3174.8000,1,1,6,1,1,1,1,1,1,5
SF,IH2012,2020-07-28 09:32:40.400,3170.0000,15671,0,217917840.000,0,-,-,-,-,3168.8000,3168.6000,3168.4000,3167.6000,3167.0000,3170.4000,3170.6000,3171.8000,3172.2000,3174.8000,1,1,1,6,1,1,1,1,1,5
SF,IH2012,2020-07-28 09:32:40.900,3170.0000,15671,0,217917840.000,0,-,-,-,-,3168.8000,3168.6000,3168.4000,3167.6000,3167.0000,3170.4000,3170.6000,3171.8000,3172.2000,3174.8000,1,1,1,5,1,1,1,1,1,5
SF,IH2012,2020-07-28 09:32:41.400,3170.2000,15670,-1,218868900.000,1,0,1,双平,S,3169.4000,3169.2000,3168.6000,3168.4000,3167.6000,3170.4000,3170.6000,3171.8000,3172.2000,3174.8000,2,1,1,1,5,1,1,1,1,5
SF,IH2012,2020-07-28 09:32:41.900,3170.2000,15667,-3,222672360.000,4,0,4,多平,S,3168.6000,3168.4000,3167.6000,3166.0000,3165.0000,3170.4000,3170.6000,3171.6000,3171.8000,3172.2000,1,1,5,1,2,2,1,1,1,1
SF,IH2012,2020-07-28 09:32:42.400,3170.2000,15667,0,222672360.000,0,-,-,-,-,3168.4000,3167.6000,3167.0000,3166.0000,3165.0000,3170.4000,3170.6000,3171.6000,3172.2000,3174.8000,1,5,1,1,2,1,1,1,1,4
SF,IH2012,2020-07-28 09:32:42.900,3170.2000,15667,0,222672360.000,0,-,-,-,-,3168.4000,3167.6000,3167.0000,3166.0000,3165.0000,3170.0000,3170.2000,3170.4000,3170.6000,3171.6000,1,5,1,1,2,1,4,2,1,1
SF,IH2012,2020-07-28 09:32:43.400,3170.2000,15667,0,222672360.000,0,-,-,-,-,3168.8000,3168.4000,3167.6000,3167.0000,3166.0000,3169.8000,3170.2000,3170.4000,3170.6000,3171.6000,1,1,5,1,1,1,4,1,1,1
SF,IH2012,2020-07-28 09:32:43.900,3168.8000,15667,0,223623000.000,1,0,1,多换,S,3168.4000,3167.6000,3167.0000,3166.0000,3165.0000,3169.8000,3170.0000,3170.2000,3170.6000,3171.6000,1,5,1,1,2,1,1,2,1,1
SF,IH2012,2020-07-28 09:32:44.400,3168.4000,15666,-1,224573520.000,1,0,1,双平,S,3167.6000,3167.0000,3166.0000,3165.6000,3165.0000,3169.8000,3170.0000,3170.2000,3170.6000,3171.6000,5,1,1,1,2,1,1,2,1,1
SF,IH2012,2020-07-28 09:32:44.900,3168.4000,15666,0,224573520.000,0,-,-,-,-,3168.4000,3168.0000,3167.6000,3167.0000,3166.0000,3169.6000,3169.8000,3170.0000,3170.2000,3170.6000,1,1,5,1,1,4,1,1,2,1
SF,IH2012,2020-07-28 09:32:45.400,3168.4000,15665,-1,225524040.000,1,0,1,双平,S,3167.6000,3167.0000,3166.0000,3165.0000,3162.2000,3168.8000,3169.4000,3169.6000,3170.0000,3170.2000,5,1,1,2,3,1,12,3,1,1
SF,IH2012,2020-07-28 09:32:45.900,3168.4000,15665,0,225524040.000,0,-,-,-,-,3167.8000,3167.6000,3167.0000,3166.0000,3165.0000,3168.8000,3169.4000,3169.6000,3170.0000,3170.2000,1,5,1,1,2,1,1,3,1,1
SF,IH2012,2020-07-28 09:32:46.400,3168.8000,15664,-1,226474680.000,1,0,1,双平,S,3167.8000,3167.6000,3167.0000,3166.0000,3165.0000,3169.4000,3169.6000,3170.0000,3170.2000,3170.6000,1,5,1,1,2,1,3,1,1,1
SF,IH2012,2020-07-28 09:32:47.400,3167.8000,15664,0,228375540.000,2,1,1,多换,S,3167.6000,3167.0000,3166.0000,3165.0000,3162.2000,3167.8000,3169.4000,3169.6000,3170.0000,3170.2000,5,1,1,2,3,1,1,3,1,1
SF,IH2012,2020-07-28 09:32:47.900,3167.8000,15663,-1,229325880.000,1,0,1,双平,S,3167.8000,3167.6000,3167.0000,3166.0000,3165.0000,3169.4000,3169.6000,3170.0000,3170.2000,3170.6000,2,5,1,1,2,1,3,2,1,1
SF,IH2012,2020-07-28 09:32:48.400,3167.6000,15661,-2,234077400.000,5,1,4,多平,S,3167.6000,3167.0000,3166.0000,3165.0000,3162.2000,3169.4000,3169.6000,3170.0000,3170.2000,3170.6000,2,1,1,2,3,1,3,2,1,1
SF,IH2012,2020-07-28 09:32:48.900,3167.6000,15661,0,235977960.000,2,1,1,多换,S,3167.0000,3166.0000,3165.2000,3165.0000,3162.2000,3169.2000,3169.4000,3169.6000,3170.0000,3170.2000,1,1,1,2,3,1,1,3,2,1
SF,IH2012,2020-07-28 09:32:49.400,3167.6000,15661,0,235977960.000,0,-,-,-,-,3166.0000,3165.2000,3165.0000,3162.2000,3162.0000,3168.0000,3168.8000,3169.0000,3169.2000,3169.6000,1,1,2,3,1,2,1,3,1,3
SF,IH2012,2020-07-28 09:32:49.900,3167.6000,15661,0,235977960.000,0,-,-,-,-,3166.2000,3166.0000,3165.2000,3165.0000,3162.2000,3169.0000,3169.2000,3169.6000,3170.0000,3170.2000,1,1,1,2,3,3,1,3,2,1
SF,IH2012,2020-07-28 09:32:50.400,3167.6000,15661,0,235977960.000,0,-,-,-,-,3166.2000,3166.0000,3165.2000,3165.0000,3162.2000,3169.0000,3169.2000,3169.6000,3170.0000,3170.2000,1,1,1,2,3,3,1,3,2,1
SF,IH2012,2020-07-28 09:32:50.900,3167.6000,15661,0,235977960.000,0,-,-,-,-,3166.2000,3166.0000,3165.2000,3165.0000,3162.2000,3169.0000,3169.2000,3169.6000,3170.0000,3170.2000,1,1,1,2,3,3,1,3,2,1
SF,IH2012,2020-07-28 09:32:51.400,3167.6000,15661,0,235977960.000,0,-,-,-,-,3166.4000,3166.2000,3166.0000,3165.2000,3165.0000,3169.0000,3169.2000,3169.6000,3170.0000,3170.2000,1,1,1,1,2,2,1,3,2,1
SF,IH2012,2020-07-28 09:32:51.900,3167.6000,15661,0,235977960.000,0,-,-,-,-,3166.6000,3166.4000,3166.0000,3165.2000,3165.0000,3169.0000,3169.2000,3169.6000,3170.0000,3170.2000,1,1,1,1,2,2,1,3,2,1
SF,IH2012,2020-07-28 09:32:52.400,3167.6000,15661,0,235977960.000,0,-,-,-,-,3166.8000,3166.6000,3166.0000,3165.2000,3165.0000,3169.0000,3169.6000,3170.0000,3170.2000,3170.6000,1,1,1,1,2,1,3,2,1,1
SF,IH2012,2020-07-28 09:32:52.900,3167.6000,15661,0,235977960.000,0,-,-,-,-,3167.0000,3166.8000,3166.0000,3165.2000,3165.0000,3169.0000,3169.6000,3170.0000,3170.2000,3171.6000,2,1,1,1,2,1,3,2,1,1
SF,IH2012,2020-07-28 09:32:53.400,3167.6000,15661,0,235977960.000,0,-,-,-,-,3167.0000,3166.8000,3166.0000,3165.2000,3165.0000,3169.0000,3169.6000,3170.0000,3171.6000,3174.8000,2,2,1,1,2,1,3,2,1,4
SF,IH2012,2020-07-28 09:32:53.900,3167.6000,15661,0,235977960.000,0,-,-,-,-,3167.0000,3166.8000,3166.0000,3165.2000,3165.0000,3169.0000,3169.6000,3170.0000,3171.6000,3174.8000,1,2,1,1,2,1,3,2,1,4
SF,IH2012,2020-07-28 09:32:54.400,3167.6000,15661,0,235977960.000,0,-,-,-,-,3167.0000,3166.8000,3166.0000,3165.2000,3165.0000,3169.0000,3169.6000,3170.0000,3171.6000,3174.8000,1,2,1,1,2,1,3,2,1,4
SF,IH2012,2020-07-28 09:32:55.400,3167.6000,15661,0,235977960.000,0,-,-,-,-,3167.0000,3166.8000,3166.0000,3165.2000,3165.0000,3168.6000,3168.8000,3169.0000,3169.6000,3170.0000,1,2,1,1,2,1,1,1,3,2
SF,IH2012,2020-07-28 09:32:55.900,3167.6000,15661,0,235977960.000,0,-,-,-,-,3167.0000,3166.8000,3166.0000,3165.2000,3165.0000,3169.0000,3169.6000,3170.0000,3171.6000,3174.8000,1,2,1,1,2,1,3,2,1,4
SF,IH2012,2020-07-28 09:32:56.400,3167.6000,15661,0,235977960.000,0,-,-,-,-,3167.0000,3166.8000,3166.0000,3165.2000,3165.0000,3169.0000,3169.6000,3170.0000,3171.6000,3174.8000,1,2,1,1,2,1,3,2,1,4
SF,IH2012,2020-07-28 09:32:56.900,3167.6000,15661,0,235977960.000,0,-,-,-,-,3166.8000,3166.0000,3165.2000,3165.0000,3162.2000,3167.0000,3168.0000,3168.6000,3169.0000,3169.6000,2,1,1,2,3,1,1,1,1,3
SF,IH2012,2020-07-28 09:32:57.400,3167.2000,15660,-1,236928120.000,1,0,1,双平,S,3167.2000,3167.0000,3166.8000,3166.0000,3165.2000,3168.0000,3169.0000,3170.0000,3171.6000,3174.8000,1,2,1,1,1,1,1,2,1,4
SF,IH2012,2020-07-28 09:32:57.900,3167.2000,15660,0,236928120.000,0,-,-,-,-,3167.2000,3167.0000,3166.8000,3166.0000,3165.2000,3168.0000,3169.0000,3170.0000,3171.6000,3174.8000,1,2,1,1,1,1,1,2,1,4
SF,IH2012,2020-07-28 09:32:58.400,3167.2000,15660,0,236928120.000,0,-,-,-,-,3167.2000,3167.0000,3166.8000,3166.0000,3165.2000,3168.0000,3169.0000,3170.0000,3171.6000,3174.8000,1,2,1,1,1,1,1,2,1,4
SF,IH2012,2020-07-28 09:32:58.900,3168.0000,15660,0,237878520.000,1,0,1,多换,S,3167.2000,3167.0000,3166.8000,3166.0000,3165.2000,3169.0000,3170.0000,3171.6000,3174.8000,3175.0000,1,2,1,1,1,1,2,1,4,1
SF,IH2012,2020-07-28 09:32:59.400,3168.0000,15660,0,237878520.000,0,-,-,-,-,3167.2000,3167.0000,3166.8000,3166.0000,3165.2000,3168.8000,3169.0000,3170.0000,3171.6000,3174.8000,1,2,1,1,1,2,1,2,1,4
SF,IH2012,2020-07-28 09:32:59.900,3168.0000,15660,0,237878520.000,0,-,-,-,-,3167.2000,3167.0000,3166.8000,3166.0000,3165.2000,3168.6000,3168.8000,3170.0000,3171.6000,3174.8000,1,2,1,1,1,1,2,2,1,4
SF,IH2012,2020-07-28 09:33:00.400,3168.0000,15660,0,237878520.000,0,-,-,-,-,3167.2000,3167.0000,3166.8000,3166.0000,3165.2000,3168.4000,3168.6000,3168.8000,3170.0000,3171.6000,1,2,1,1,1,1,1,2,2,1
SF,IH2012,2020-07-28 09:33:00.900,3168.0000,15660,0,237878520.000,0,-,-,-,-,3167.2000,3167.0000,3166.8000,3166.0000,3165.2000,3168.0000,3168.4000,3168.6000,3168.8000,3170.0000,1,2,1,1,1,1,1,1,2,2
SF,IH2012,2020-07-28 09:33:01.400,3167.0000,15659,-1,238828620.000,1,0,1,双平,S,3167.0000,3166.0000,3165.2000,3165.0000,3162.2000,3167.2000,3168.0000,3168.4000,3168.6000,3168.8000,1,1,1,2,3,1,1,1,1,2
SF,IH2012,2020-07-28 09:33:01.900,3167.0000,15659,0,239778720.000,1,0,1,多换,S,3166.0000,3165.2000,3165.0000,3162.2000,3162.0000,3167.2000,3168.0000,3168.4000,3168.6000,3168.8000,1,1,2,3,1,1,1,2,1,2
SF,IH2012,2020-07-28 09:33:02.400,3167.0000,15659,0,239778720.000,0,-,-,-,-,3166.0000,3165.2000,3165.0000,3164.4000,3162.2000,3167.0000,3167.2000,3168.0000,3168.4000,3168.6000,1,1,2,1,3,1,1,1,2,1
SF,IH2012,2020-07-28 09:33:02.900,3166.0000,15659,0,240728520.000,1,0,1,多换,S,3165.2000,3165.0000,3164.4000,3162.2000,3162.0000,3167.0000,3167.2000,3168.0000,3168.4000,3168.6000,1,2,1,3,1,1,1,1,2,1
SF,IH2012,2020-07-28 09:33:03.400,3165.2000,15658,-1,241678080.000,1,0,1,双平,S,3165.0000,3164.4000,3163.0000,3162.2000,3162.0000,3166.8000,3167.0000,3167.2000,3168.0000,3168.4000,2,1,1,3,1,4,1,1,1,2
SF,IH2012,2020-07-28 09:33:03.900,3165.2000,15658,0,241678080.000,0,-,-,-,-,3165.0000,3164.4000,3163.0000,3162.2000,3162.0000,3166.6000,3166.8000,3167.0000,3167.2000,3168.0000,2,1,1,3,1,3,4,1,1,1
SF,IH2012,2020-07-28 09:33:04.400,3165.2000,15658,0,241678080.000,0,-,-,-,-,3165.0000,3164.4000,3163.0000,3162.2000,3162.0000,3166.4000,3166.6000,3166.8000,3167.0000,3167.2000,2,1,1,3,1,1,3,3,1,1
SF,IH2012,2020-07-28 09:33:04.900,3165.2000,15658,0,241678080.000,0,-,-,-,-,3165.0000,3164.4000,3163.0000,3162.2000,3162.0000,3166.4000,3166.6000,3166.8000,3167.0000,3167.2000,2,1,1,3,1,1,3,3,1,1
SF,IH2012,2020-07-28 09:33:05.400,3165.2000,15658,0,241678080.000,0,-,-,-,-,3165.0000,3164.4000,3163.0000,3162.2000,3162.0000,3166.0000,3166.2000,3166.4000,3166.6000,3166.8000,2,1,1,3,1,1,1,1,3,2
SF,IH2012,2020-07-28 09:33:05.900,3165.0000,15658,0,243577080.000,2,1,1,多换,S,3164.4000,3163.0000,3162.2000,3162.0000,3161.0000,3166.0000,3166.4000,3166.6000,3166.8000,3167.0000,1,1,3,1,1,2,1,3,2,1
SF,IH2012,2020-07-28 09:33:06.400,3165.0000,15658,0,243577080.000,0,-,-,-,-,3164.6000,3164.4000,3163.0000,3162.2000,3162.0000,3165.8000,3166.0000,3166.4000,3166.6000,3166.8000,1,1,1,3,1,1,2,1,3,2
SF,IH2012,2020-07-28 09:33:06.900,3165.2000,15651,-7,250225920.000,7,0,7,双平,S,3164.6000,3164.4000,3163.0000,3162.2000,3162.0000,3167.0000,3167.2000,3168.0000,3168.4000,3170.0000,1,1,1,3,1,1,1,1,1,3
SF,IH2012,2020-07-28 09:33:07.400,3165.2000,15651,0,250225920.000,0,-,-,-,-,3164.8000,3164.6000,3164.4000,3163.0000,3162.2000,3167.2000,3168.0000,3169.0000,3170.0000,3171.6000,1,1,1,1,3,1,1,1,3,1
SF,IH2012,2020-07-28 09:33:07.900,3165.2000,15651,0,250225920.000,0,-,-,-,-,3165.0000,3164.8000,3164.4000,3163.0000,3162.2000,3167.2000,3168.0000,3169.0000,3170.0000,3171.6000,2,1,1,1,3,1,1,1,3,1
SF,IH2012,2020-07-28 09:33:08.400,3167.2000,15651,0,251176080.000,1,0,1,多换,S,3165.2000,3165.0000,3164.4000,3163.0000,3162.2000,3166.6000,3168.0000,3169.0000,3170.0000,3171.6000,1,1,1,1,3,1,1,1,2,1
SF,IH2012,2020-07-28 09:33:08.900,3167.2000,15651,0,251176080.000,0,-,-,-,-,3165.4000,3164.4000,3163.0000,3162.2000,3162.0000,3166.6000,3168.0000,3170.0000,3171.6000,3174.8000,1,1,1,3,1,1,1,2,1,4
SF,IH2012,2020-07-28 09:33:09.400,3167.2000,15651,0,251176080.000,0,-,-,-,-,3165.4000,3164.4000,3162.2000,3162.0000,3161.0000,3166.6000,3168.0000,3170.0000,3171.6000,3174.8000,1,1,4,1,1,1,1,2,1,4
SF,IH2012,2020-07-28 09:33:09.900,3167.2000,15651,0,251176080.000,0,-,-,-,-,3165.4000,3164.4000,3162.2000,3162.0000,3161.0000,3166.6000,3168.0000,3170.0000,3171.6000,3174.8000,1,1,4,1,1,1,1,2,1,4
SF,IH2012,2020-07-28 09:33:10.400,3167.2000,15651,0,251176080.000,0,-,-,-,-,3164.4000,3162.2000,3162.0000,3161.0000,3160.8000,3166.6000,3168.0000,3170.0000,3171.6000,3174.8000,1,4,1,1,1,1,1,2,1,4
SF,IH2012,2020-07-28 09:33:10.900,3167.2000,15651,0,251176080.000,0,-,-,-,-,3164.6000,3164.4000,3163.0000,3162.2000,3162.0000,3166.4000,3166.6000,3168.0000,3170.0000,3171.6000,1,1,1,4,1,2,1,1,2,1
SF,IH2012,2020-07-28 09:33:11.400,3167.2000,15651,0,251176080.000,0,-,-,-,-,3164.6000,3164.4000,3163.0000,3162.2000,3162.0000,3166.4000,3166.6000,3168.0000,3170.0000,3171.6000,1,1,1,4,1,1,1,1,2,1
SF,IH2012,2020-07-28 09:33:11.900,3167.2000,15651,0,251176080.000,0,-,-,-,-,3164.6000,3164.4000,3163.0000,3162.2000,3162.0000,3166.4000,3166.6000,3168.0000,3170.0000,3171.6000,1,1,1,4,1,1,1,1,2,1
SF,IH2012,2020-07-28 09:33:12.400,3164.6000,15650,-1,253075440.000,2,0,2,多平,S,3164.4000,3163.0000,3162.2000,3162.0000,3161.0000,3164.6000,3166.6000,3168.0000,3170.0000,3171.6000,1,1,4,1,1,2,1,1,2,1
SF,IH2012,2020-07-28 09:33:12.900,3164.6000,15648,-2,254974200.000,2,0,2,双平,S,3164.6000,3163.0000,3162.2000,3162.0000,3161.0000,3166.6000,3168.0000,3170.0000,3171.6000,3175.0000,3,1,4,1,1,1,1,2,1,1
SF,IH2012,2020-07-28 09:33:13.400,3164.6000,15648,0,254974200.000,0,-,-,-,-,3164.6000,3163.0000,3162.2000,3162.0000,3161.0000,3166.4000,3166.6000,3168.0000,3170.0000,3171.6000,3,1,4,1,1,1,1,1,2,1
SF,IH2012,2020-07-28 09:33:13.900,3164.6000,15648,0,254974200.000,0,-,-,-,-,3163.0000,3162.2000,3162.0000,3161.0000,3160.8000,3164.6000,3166.4000,3166.6000,3168.0000,3170.0000,1,4,1,1,1,1,1,2,1,2
SF,IH2012,2020-07-28 09:33:14.400,3164.6000,15647,-1,255923580.000,1,0,1,双平,S,3164.6000,3164.0000,3163.8000,3163.4000,3163.2000,3166.6000,3168.0000,3170.0000,3171.6000,3175.0000,1,1,2,1,5,2,1,2,1,1
SF,IH2012,2020-07-28 09:33:14.900,3164.6000,15647,0,255923580.000,0,-,-,-,-,3164.6000,3164.0000,3163.8000,3163.4000,3163.2000,3165.6000,3165.8000,3166.4000,3166.6000,3168.0000,1,1,2,1,5,1,1,1,2,1
SF,IH2012,2020-07-28 09:33:15.400,3164.6000,15646,-1,256872960.000,1,0,1,双平,S,3164.0000,3163.8000,3163.4000,3163.2000,3163.0000,3164.6000,3165.4000,3165.6000,3165.8000,3166.4000,1,2,1,5,1,2,1,1,1,1
SF,IH2012,2020-07-28 09:33:15.900,3164.6000,15644,-2,258771540.000,2,0,2,双平,S,3163.8000,3163.4000,3163.2000,3163.0000,3162.2000,3164.0000,3164.6000,3165.6000,3165.8000,3166.4000,2,1,5,1,4,1,1,1,1,2
SF,IH2012,2020-07-28 09:33:16.400,3163.8000,15639,-5,263517300.000,5,0,5,双平,S,3163.4000,3163.2000,3163.0000,3162.2000,3162.0000,3164.6000,3165.6000,3165.8000,3166.4000,3166.6000,1,5,1,4,1,1,1,1,1,2
SF,IH2012,2020-07-28 09:33:16.900,3163.8000,15639,0,263517300.000,0,-,-,-,-,3163.0000,3162.2000,3162.0000,3161.2000,3161.0000,3164.6000,3165.6000,3165.8000,3166.4000,3166.6000,1,4,1,1,1,1,1,1,1,2
SF,IH2012,2020-07-28 09:33:17.400,3163.8000,15639,0,263517300.000,0,-,-,-,-,3163.0000,3162.2000,3162.0000,3161.2000,3161.0000,3164.4000,3164.6000,3165.6000,3165.8000,3166.4000,1,4,1,1,1,1,1,1,1,1
SF,IH2012,2020-07-28 09:33:18.400,3163.8000,15639,0,263517300.000,0,-,-,-,-,3163.0000,3162.2000,3162.0000,3161.2000,3161.0000,3164.4000,3164.6000,3165.8000,3166.4000,3166.6000,1,4,1,1,1,1,1,1,1,2
SF,IH2012,2020-07-28 09:33:18.900,3163.8000,15639,0,263517300.000,0,-,-,-,-,3163.0000,3162.2000,3162.0000,3161.2000,3161.0000,3164.4000,3164.6000,3165.8000,3166.4000,3166.6000,1,4,1,1,1,1,2,1,1,2
SF,IH2012,2020-07-28 09:33:20.400,3163.0000,15638,-1,264466200.000,1,0,1,双平,S,3162.2000,3162.0000,3161.2000,3161.0000,3160.0000,3164.4000,3164.6000,3165.8000,3166.4000,3166.6000,4,1,1,1,3,1,2,1,1,2
SF,IH2012,2020-07-28 09:33:20.900,3163.0000,15638,0,264466200.000,0,-,-,-,-,3162.6000,3162.4000,3162.2000,3162.0000,3161.2000,3164.4000,3164.6000,3165.8000,3166.4000,3166.6000,6,2,4,1,1,1,2,1,1,2
SF,IH2012,2020-07-28 09:33:21.400,3163.0000,15638,0,264466200.000,0,-,-,-,-,3163.0000,3162.6000,3162.4000,3162.2000,3162.0000,3164.4000,3164.6000,3166.4000,3166.6000,3168.0000,1,6,2,4,1,1,2,1,2,1
SF,IH2012,2020-07-28 09:33:21.900,3163.0000,15638,0,264466200.000,0,-,-,-,-,3162.6000,3162.4000,3162.2000,3162.0000,3161.2000,3164.4000,3164.6000,3166.4000,3166.6000,3168.0000,4,2,4,1,1,1,2,1,2,1
SF,IH2012,2020-07-28 09:33:22.400,3164.2000,15637,-1,265415460.000,1,0,1,双平,S,3162.8000,3162.6000,3162.4000,3162.2000,3162.0000,3164.4000,3164.6000,3165.0000,3166.4000,3166.6000,1,5,1,4,1,1,2,1,1,2
SF,IH2012,2020-07-28 09:33:22.900,3164.6000,15634,-3,268263540.000,3,0,3,双平,S,3162.8000,3162.6000,3162.4000,3162.2000,3162.0000,3164.6000,3165.0000,3166.4000,3166.6000,3168.0000,1,4,1,4,1,1,1,1,2,1
SF,IH2012,2020-07-28 09:33:23.400,3164.6000,15633,-1,269212920.000,1,0,1,双平,S,3163.0000,3162.8000,3162.4000,3162.2000,3162.0000,3165.0000,3166.4000,3166.6000,3168.0000,3170.0000,4,1,1,4,1,1,1,2,1,2
SF,IH2012,2020-07-28 09:33:23.900,3165.0000,15632,-1,270162420.000,1,0,1,双平,S,3163.4000,3163.2000,3163.0000,3162.4000,3162.2000,3165.2000,3166.4000,3166.6000,3168.0000,3170.0000,1,6,5,1,4,1,1,2,1,2
SF,IH2012,2020-07-28 09:33:24.400,3165.2000,15631,-1,271111980.000,1,0,1,双平,S,3164.2000,3163.8000,3163.6000,3163.4000,3163.2000,3166.6000,3168.0000,3170.0000,3171.6000,3175.0000,3,4,1,1,4,2,1,2,1,1
SF,IH2012,2020-07-28 09:33:24.900,3165.2000,15631,0,271111980.000,0,-,-,-,-,3164.4000,3163.8000,3163.2000,3163.0000,3162.2000,3165.6000,3165.8000,3166.4000,3166.6000,3168.0000,2,4,1,1,4,1,1,1,2,1
SF,IH2012,2020-07-28 09:33:25.400,3164.4000,15630,-1,272061300.000,1,0,1,双平,S,3163.2000,3163.0000,3162.2000,3162.0000,3161.2000,3163.4000,3166.4000,3166.6000,3168.0000,3170.0000,1,1,4,2,1,1,1,2,1,2
SF,IH2012,2020-07-28 09:33:25.900,3163.4000,15629,-1,273959340.000,2,0,2,多平,S,3164.0000,3163.6000,3163.4000,3163.2000,3163.0000,3166.4000,3166.6000,3168.0000,3170.0000,3171.6000,2,7,11,1,1,1,2,1,2,1
SF,IH2012,2020-07-28 09:33:26.400,3165.8000,15624,-5,278706840.000,5,0,5,双平,S,3163.4000,3163.0000,3162.2000,3162.0000,3161.2000,3166.4000,3166.6000,3168.0000,3170.0000,3171.6000,3,1,4,2,1,1,2,1,2,1
SF,IH2012,2020-07-28 09:33:26.900,3165.8000,15624,0,278706840.000,0,-,-,-,-,3163.6000,3163.4000,3163.0000,3162.2000,3162.0000,3166.0000,3166.4000,3166.6000,3168.0000,3170.0000,1,2,1,4,2,1,1,2,1,2
SF,IH2012,2020-07-28 09:33:27.400,3163.6000,15623,-1,279655920.000,1,0,1,双平,S,3163.4000,3162.2000,3162.0000,3161.2000,3160.0000,3165.8000,3166.0000,3166.6000,3168.0000,3170.0000,2,4,2,1,3,2,1,2,1,2
SF,IH2012,2020-07-28 09:33:27.900,3163.6000,15623,0,279655920.000,0,-,-,-,-,3162.2000,3162.0000,3161.2000,3160.0000,3157.6000,3165.8000,3166.0000,3166.6000,3168.0000,3170.0000,4,2,1,3,1,2,2,2,1,2
SF,IH2012,2020-07-28 09:33:28.400,3163.6000,15623,0,279655920.000,0,-,-,-,-,3163.4000,3163.0000,3162.6000,3162.4000,3162.2000,3165.8000,3166.0000,3166.6000,3168.0000,3170.0000,1,1,5,1,5,2,3,2,1,2
SF,IH2012,2020-07-28 09:33:28.900,3163.6000,15623,0,279655920.000,0,-,-,-,-,3163.6000,3163.4000,3162.2000,3162.0000,3161.2000,3165.8000,3166.0000,3166.6000,3168.0000,3170.0000,2,2,4,2,1,2,4,2,1,2
SF,IH2012,2020-07-28 09:33:29.400,3163.6000,15623,0,279655920.000,0,-,-,-,-,3164.0000,3163.6000,3163.4000,3162.2000,3162.0000,3165.8000,3166.0000,3166.6000,3168.0000,3170.0000,1,2,2,4,2,2,4,2,1,2
SF,IH2012,2020-07-28 09:33:29.900,3163.6000,15623,0,279655920.000,0,-,-,-,-,3164.8000,3164.6000,3164.0000,3163.6000,3162.2000,3165.8000,3166.0000,3166.6000,3168.0000,3170.0000,1,1,1,2,4,2,4,2,1,2
SF,IH2012,2020-07-28 09:33:30.400,3163.6000,15623,0,279655920.000,0,-,-,-,-,3164.8000,3164.6000,3163.6000,3162.2000,3162.0000,3165.8000,3166.0000,3166.6000,3168.0000,3170.0000,1,1,2,4,2,1,4,2,1,2
SF,IH2012,2020-07-28 09:33:30.900,3163.6000,15623,0,279655920.000,0,-,-,-,-,3163.6000,3162.2000,3162.0000,3161.2000,3160.0000,3165.8000,3166.0000,3166.6000,3168.0000,3170.0000,2,4,2,1,3,1,4,2,1,2
SF,IH2012,2020-07-28 09:33:31.400,3165.6000,15622,-1,280605600.000,1,0,1,双平,S,3164.4000,3164.0000,3163.8000,3163.6000,3162.2000,3165.8000,3166.0000,3166.6000,3170.0000,3171.6000,1,1,5,2,4,1,4,2,2,1
SF,IH2012,2020-07-28 09:33:31.900,3165.6000,15622,0,280605600.000,0,-,-,-,-,3164.4000,3164.0000,3163.8000,3163.6000,3163.2000,3165.8000,3166.0000,3166.6000,3170.0000,3171.6000,1,1,4,2,1,1,4,2,2,1
SF,IH2012,2020-07-28 09:33:32.400,3165.6000,15622,0,280605600.000,0,-,-,-,-,3163.2000,3162.2000,3162.0000,3161.2000,3160.0000,3165.8000,3166.0000,3166.6000,3170.0000,3171.6000,1,4,2,1,3,1,4,2,2,1
SF,IH2012,2020-07-28 09:33:32.900,3165.6000,15622,0,280605600.000,0,-,-,-,-,3163.4000,3163.2000,3162.2000,3162.0000,3161.2000,3165.6000,3165.8000,3166.0000,3166.6000,3170.0000,2,1,4,2,1,1,1,5,2,2
SF,IH2012,2020-07-28 09:33:33.400,3165.6000,15622,0,280605600.000,0,-,-,-,-,3163.4000,3163.2000,3162.2000,3162.0000,3161.2000,3165.4000,3165.6000,3165.8000,3166.0000,3166.6000,2,1,4,2,1,1,1,1,5,2
SF,IH2012,2020-07-28 09:33:33.900,3165.6000,15622,0,280605600.000,0,-,-,-,-,3164.8000,3163.4000,3163.2000,3162.2000,3162.0000,3165.4000,3165.6000,3165.8000,3166.0000,3166.6000,1,2,1,4,2,1,2,1,5,2
SF,IH2012,2020-07-28 09:33:34.400,3164.8000,15621,-1,281555040.000,1,0,1,双平,S,3163.2000,3162.2000,3162.0000,3161.2000,3160.0000,3164.2000,3164.8000,3165.4000,3165.6000,3165.8000,1,4,2,1,3,2,1,1,1,1
SF,IH2012,2020-07-28 09:33:34.900,3164.8000,15621,0,281555040.000,0,-,-,-,-,3163.4000,3163.2000,3162.2000,3162.0000,3161.2000,3164.2000,3164.8000,3165.4000,3165.6000,3165.8000,1,1,4,2,1,2,1,1,1,1
SF,IH2012,2020-07-28 09:33:35.400,3164.8000,15621,0,281555040.000,0,-,-,-,-,3162.2000,3162.0000,3161.2000,3160.0000,3157.6000,3164.2000,3164.8000,3165.4000,3165.6000,3165.8000,4,2,1,3,1,2,1,1,1,1
SF,IH2012,2020-07-28 09:33:35.900,3164.8000,15621,0,281555040.000,0,-,-,-,-,3162.6000,3162.4000,3162.2000,3162.0000,3161.2000,3164.2000,3164.8000,3165.4000,3165.6000,3165.8000,5,1,4,2,1,2,1,1,1,1
SF,IH2012,2020-07-28 09:33:36.400,3164.8000,15621,0,281555040.000,0,-,-,-,-,3162.6000,3162.2000,3162.0000,3161.2000,3160.0000,3164.0000,3164.2000,3164.8000,3165.6000,3165.8000,5,4,3,1,3,1,2,1,1,1
SF,IH2012,2020-07-28 09:33:36.900,3164.0000,15620,-1,282504240.000,1,0,1,双平,S,3162.8000,3162.6000,3162.2000,3162.0000,3161.2000,3163.4000,3164.2000,3164.8000,3165.6000,3165.8000,3,5,4,3,1,20,2,1,1,1
SF,IH2012,2020-07-28 09:33:37.400,3163.4000,15607,-13,294841500.000,13,0,13,双平,S,3163.2000,3163.0000,3162.8000,3162.2000,3162.0000,3163.4000,3164.2000,3164.8000,3165.6000,3165.8000,4,1,3,4,3,7,2,1,1,1
SF,IH2012,2020-07-28 09:33:37.900,3163.6000,15599,-8,302433720.000,8,0,8,双平,S,3163.6000,3163.4000,3163.2000,3162.8000,3162.2000,3164.2000,3164.8000,3165.4000,3165.6000,3165.8000,6,4,5,3,4,2,1,1,1,1
SF,IH2012,2020-07-28 09:33:38.400,3164.2000,15597,-2,304332240.000,2,0,2,双平,S,3164.0000,3163.6000,3163.2000,3162.2000,3162.0000,3164.8000,3165.4000,3165.6000,3165.8000,3166.0000,1,5,5,4,3,1,1,1,1,6
SF,IH2012,2020-07-28 09:33:38.900,3164.8000,15596,-1,305281680.000,1,0,1,双平,S,3164.8000,3163.6000,3163.2000,3162.2000,3162.0000,3165.0000,3165.4000,3165.6000,3165.8000,3166.0000,1,5,5,4,3,1,1,1,1,6
SF,IH2012,2020-07-28 09:33:39.400,3165.4000,15592,-4,309079740.000,4,0,4,双平,S,3164.0000,3163.6000,3163.2000,3162.2000,3162.0000,3165.6000,3165.8000,3166.0000,3166.6000,3166.8000,1,5,4,4,3,1,1,6,2,1
SF,IH2012,2020-07-28 09:33:39.900,3165.4000,15592,0,309079740.000,0,-,-,-,-,3164.0000,3163.6000,3163.2000,3162.8000,3162.2000,3165.4000,3165.6000,3165.8000,3166.0000,3166.6000,1,5,4,1,4,1,1,1,6,2
SF,IH2012,2020-07-28 09:33:40.400,3165.4000,15592,0,309079740.000,0,-,-,-,-,3164.2000,3164.0000,3163.6000,3163.2000,3162.8000,3165.4000,3165.6000,3165.8000,3166.0000,3166.6000,1,1,5,4,1,1,1,1,6,2
SF,IH2012,2020-07-28 09:33:40.900,3165.4000,15592,0,309079740.000,0,-,-,-,-,3164.2000,3164.0000,3163.6000,3163.4000,3163.2000,3165.4000,3165.6000,3165.8000,3166.0000,3166.6000,1,1,5,1,4,1,1,1,6,2
SF,IH2012,2020-07-28 09:33:41.400,3164.2000,15590,-2,311928300.000,3,0,3,多平,S,3164.0000,3163.6000,3163.4000,3163.2000,3162.8000,3165.8000,3166.0000,3166.6000,3166.8000,3170.0000,1,5,1,4,1,1,6,2,1,2
SF,IH2012,2020-07-28 09:33:41.900,3164.2000,15590,0,311928300.000,0,-,-,-,-,3164.2000,3164.0000,3163.6000,3163.4000,3163.2000,3165.8000,3166.0000,3166.6000,3166.8000,3170.0000,3,2,5,1,4,1,6,2,1,2
SF,IH2012,2020-07-28 09:33:42.400,3165.4000,15588,-2,313827660.000,2,0,2,双平,S,3164.8000,3164.6000,3164.2000,3164.0000,3163.6000,3166.0000,3166.6000,3166.8000,3170.0000,3171.6000,2,4,2,2,5,5,2,1,2,1
SF,IH2012,2020-07-28 09:33:42.900,3164.0000,15571,-17,333767160.000,21,2,19,多平,S,3163.6000,3163.4000,3162.8000,3162.2000,3162.0000,3164.0000,3166.2000,3166.6000,3166.8000,3170.0000,5,1,1,4,3,4,1,2,1,2
SF,IH2012,2020-07-28 09:33:43.400,3164.0000,15567,-4,337563960.000,4,0,4,双平,S,3165.6000,3165.2000,3164.8000,3164.4000,3164.2000,3166.2000,3166.6000,3170.0000,3171.6000,3175.0000,1,1,1,1,7,1,2,2,1,1
SF,IH2012,2020-07-28 09:33:43.900,3166.4000,15565,-2,340413420.000,3,0,3,多平,S,3166.2000,3164.2000,3164.0000,3163.8000,3163.4000,3166.6000,3170.0000,3171.6000,3175.0000,3175.4000,1,6,4,1,1,2,2,1,1,1
SF,IH2012,2020-07-28 09:33:44.400,3166.4000,15565,0,340413420.000,0,-,-,-,-,3166.2000,3165.8000,3164.2000,3164.0000,3163.8000,3166.6000,3170.0000,3171.6000,3175.0000,3175.4000,1,1,5,2,1,2,2,1,1,1
SF,IH2012,2020-07-28 09:33:44.900,3166.6000,15563,-2,342313380.000,2,0,2,双平,S,3166.6000,3166.4000,3166.0000,3164.2000,3164.0000,3170.0000,3171.6000,3175.0000,3175.4000,3178.0000,2,2,1,5,2,2,1,1,1,3
SF,IH2012,2020-07-28 09:33:45.400,3166.6000,15563,0,342313380.000,0,-,-,-,-,3166.8000,3166.4000,3164.2000,3164.0000,3163.8000,3169.6000,3169.8000,3170.0000,3171.6000,3175.0000,2,1,5,1,1,1,1,2,1,1
SF,IH2012,2020-07-28 09:33:45.900,3166.6000,15563,0,342313380.000,0,-,-,-,-,3167.0000,3166.8000,3164.2000,3164.0000,3163.8000,3169.4000,3169.6000,3170.0000,3171.6000,3175.0000,1,1,5,1,1,1,1,2,1,1
SF,IH2012,2020-07-28 09:33:46.400,3167.0000,15561,-2,344213580.000,2,0,2,双平,S,3164.2000,3164.0000,3163.4000,3162.2000,3162.0000,3168.8000,3169.2000,3169.4000,3169.6000,3170.0000,5,1,3,4,3,1,1,2,1,2
SF,IH2012,2020-07-28 09:33:46.900,3167.0000,15561,0,344213580.000,0,-,-,-,-,3166.6000,3166.0000,3165.4000,3164.8000,3164.4000,3168.6000,3169.4000,3170.0000,3171.6000,3175.0000,1,1,1,1,2,2,1,2,1,1
SF,IH2012,2020-07-28 09:33:47.400,3167.0000,15561,0,344213580.000,0,-,-,-,-,3166.6000,3165.4000,3164.8000,3164.4000,3164.2000,3168.6000,3170.0000,3171.6000,3175.0000,3175.4000,1,1,1,2,5,2,2,1,1,1
SF,IH2012,2020-07-28 09:33:47.900,3167.0000,15561,0,344213580.000,0,-,-,-,-,3166.8000,3165.4000,3165.2000,3164.8000,3164.4000,3168.6000,3170.0000,3171.6000,3175.0000,3175.4000,1,1,1,1,2,5,2,1,1,1
SF,IH2012,2020-07-28 09:33:48.400,3167.0000,15561,0,344213580.000,0,-,-,-,-,3166.8000,3165.4000,3165.2000,3164.8000,3164.4000,3168.6000,3170.0000,3171.6000,3175.0000,3175.4000,1,1,1,1,2,5,2,1,1,1
SF,IH2012,2020-07-28 09:33:48.900,3167.0000,15561,0,344213580.000,0,-,-,-,-,3167.0000,3166.8000,3165.4000,3165.2000,3164.8000,3168.6000,3170.0000,3171.6000,3175.0000,3175.4000,1,1,1,1,1,6,2,1,1,1
SF,IH2012,2020-07-28 09:33:49.400,3168.6000,15559,-2,346114740.000,2,0,2,双平,S,3168.0000,3167.0000,3165.4000,3165.2000,3164.8000,3168.6000,3170.0000,3171.6000,3175.0000,3175.4000,1,1,1,1,1,3,2,1,1,1
SF,IH2012,2020-07-28 09:33:49.900,3168.6000,15557,-2,348015720.000,2,0,2,双平,S,3167.0000,3165.4000,3165.2000,3164.8000,3164.4000,3168.6000,3170.0000,3171.6000,3175.0000,3175.4000,1,1,1,1,1,2,2,1,1,1
SF,IH2012,2020-07-28 09:33:50.400,3168.6000,15557,0,348015720.000,0,-,-,-,-,3167.4000,3167.0000,3165.4000,3165.2000,3164.8000,3168.6000,3170.0000,3171.6000,3175.0000,3175.4000,1,1,1,1,1,2,2,1,1,1
SF,IH2012,2020-07-28 09:33:50.900,3167.0000,15555,-2,349916040.000,2,0,2,双平,S,3165.4000,3165.2000,3164.8000,3164.4000,3164.2000,3168.6000,3170.0000,3171.6000,3175.0000,3175.4000,1,1,1,1,5,2,2,1,1,1
SF,IH2012,2020-07-28 09:33:51.400,3167.0000,15555,0,349916040.000,0,-,-,-,-,3168.0000,3167.2000,3167.0000,3166.8000,3165.8000,3168.4000,3168.6000,3170.0000,3171.6000,3175.0000,1,6,1,1,2,2,2,2,1,1
SF,IH2012,2020-07-28 09:33:51.900,3168.0000,15554,-1,350866440.000,1,0,1,双平,S,3167.2000,3165.6000,3165.4000,3165.2000,3164.8000,3168.4000,3168.6000,3170.0000,3171.6000,3175.0000,4,1,1,1,1,1,2,2,1,1
SF,IH2012,2020-07-28 09:33:52.400,3168.0000,15554,0,350866440.000,0,-,-,-,-,3167.4000,3167.2000,3165.6000,3165.4000,3165.2000,3168.4000,3168.6000,3170.0000,3171.6000,3175.0000,1,4,1,1,1,1,2,2,1,1
SF,IH2012,2020-07-28 09:33:52.900,3168.4000,15553,-1,351816960.000,1,0,1,双平,S,3168.4000,3165.6000,3165.4000,3165.2000,3164.8000,3168.6000,3170.0000,3171.6000,3175.0000,3175.4000,3,1,1,1,1,2,1,1,1,1
SF,IH2012,2020-07-28 09:33:53.400,3168.4000,15547,-6,358470840.000,7,0,7,多平,S,3165.6000,3165.4000,3165.2000,3164.8000,3164.6000,3170.0000,3171.6000,3175.0000,3175.4000,3178.0000,1,1,1,1,1,1,1,1,1,3
SF,IH2012,2020-07-28 09:33:53.900,3168.4000,15547,0,358470840.000,0,-,-,-,-,3167.8000,3165.6000,3165.4000,3165.2000,3164.8000,3169.4000,3169.8000,3170.0000,3171.6000,3175.0000,2,2,1,1,1,4,2,1,1,1
SF,IH2012,2020-07-28 09:33:54.400,3168.4000,15547,0,358470840.000,0,-,-,-,-,3165.6000,3165.4000,3164.8000,3164.6000,3164.4000,3167.6000,3169.8000,3170.0000,3171.6000,3175.0000,1,2,1,1,1,2,2,1,1,1
SF,IH2012,2020-07-28 09:33:54.900,3167.6000,15546,-1,359421120.000,1,0,1,双平,S,3167.6000,3167.0000,3166.6000,3165.8000,3165.6000,3169.8000,3170.0000,3171.6000,3175.0000,3175.4000,7,1,1,2,2,2,1,1,1,1
SF,IH2012,2020-07-28 09:33:55.400,3167.6000,15546,0,359421120.000,0,-,-,-,-,3168.4000,3167.6000,3167.2000,3165.6000,3165.4000,3169.8000,3170.0000,3171.6000,3175.0000,3175.4000,1,26,1,2,2,2,1,1,1,1
SF,IH2012,2020-07-28 09:33:55.900,3169.8000,15545,-1,360372060.000,1,0,1,双平,S,3168.6000,3167.6000,3167.2000,3165.6000,3165.4000,3170.0000,3171.6000,3175.0000,3175.4000,3178.0000,1,21,1,2,2,1,1,1,1,3
SF,IH2012,2020-07-28 09:33:56.400,3169.8000,15545,0,360372060.000,0,-,-,-,-,3167.6000,3167.2000,3165.6000,3165.4000,3164.8000,3170.0000,3171.6000,3175.0000,3175.4000,3178.0000,21,1,2,2,1,1,1,1,1,3
SF,IH2012,2020-07-28 09:33:56.900,3169.8000,15545,0,360372060.000,0,-,-,-,-,3167.8000,3167.6000,3167.2000,3166.0000,3165.8000,3169.8000,3170.0000,3171.6000,3175.0000,3175.4000,2,21,1,1,1,2,1,1,1,1
SF,IH2012,2020-07-28 09:33:57.400,3169.8000,15545,0,360372060.000,0,-,-,-,-,3167.8000,3167.6000,3167.2000,3166.0000,3165.8000,3169.8000,3170.0000,3171.6000,3175.0000,3175.4000,2,21,1,1,1,2,1,1,1,1
SF,IH2012,2020-07-28 09:33:57.900,3169.8000,15545,0,360372060.000,0,-,-,-,-,3167.8000,3167.6000,3167.2000,3166.0000,3165.8000,3169.8000,3170.0000,3171.6000,3175.0000,3175.4000,2,21,1,1,1,1,1,1,1,1
SF,IH2012,2020-07-28 09:33:58.400,3169.8000,15545,0,360372060.000,0,-,-,-,-,3168.8000,3167.8000,3167.6000,3167.2000,3166.0000,3169.8000,3170.0000,3171.6000,3175.0000,3175.4000,1,2,21,1,1,1,1,1,1,1
SF,IH2012,2020-07-28 09:33:58.900,3169.8000,15545,0,360372060.000,0,-,-,-,-,3168.0000,3167.8000,3167.6000,3167.2000,3166.0000,3170.0000,3171.6000,3175.0000,3175.4000,3178.0000,1,2,21,1,1,1,1,1,1,3
SF,IH2012,2020-07-28 09:33:59.400,3169.8000,15545,0,360372060.000,0,-,-,-,-,3169.8000,3168.2000,3168.0000,3167.8000,3167.6000,3170.0000,3171.6000,3175.0000,3175.4000,3178.0000,20,2,1,1,21,1,1,1,1,3
SF,IH2012,2020-07-28 09:33:59.900,3169.8000,15545,0,379390860.000,20,10,10,多换,S,3168.2000,3167.6000,3167.2000,3166.0000,3165.4000,3169.8000,3170.0000,3171.6000,3175.0000,3175.4000,2,21,1,1,1,1,1,1,1,1
SF,IH2012,2020-07-28 09:34:00.400,3169.8000,15545,0,379390860.000,0,-,-,-,-,3168.2000,3167.6000,3167.2000,3166.4000,3166.0000,3169.8000,3170.0000,3171.6000,3175.0000,3175.4000,2,21,1,1,1,1,1,1,1,1
SF,IH2012,2020-07-28 09:34:00.900,3169.8000,15545,0,379390860.000,0,-,-,-,-,3168.2000,3167.6000,3167.2000,3166.6000,3166.4000,3169.8000,3170.0000,3171.6000,3175.0000,3175.4000,2,21,1,1,1,1,1,1,1,1
SF,IH2012,2020-07-28 09:34:01.400,3168.2000,15543,-2,381291780.000,2,0,2,双平,S,3167.6000,3167.2000,3166.6000,3166.4000,3166.0000,3169.6000,3169.8000,3170.0000,3171.6000,3175.0000,21,1,1,1,1,1,1,1,1,1
SF,IH2012,2020-07-28 09:34:01.900,3168.2000,15543,0,381291780.000,0,-,-,-,-,3168.8000,3168.6000,3167.6000,3166.6000,3166.4000,3169.4000,3169.6000,3169.8000,3170.0000,3171.6000,1,2,21,1,1,1,3,1,1,1
SF,IH2012,2020-07-28 09:34:02.400,3169.6000,15541,-2,384144060.000,3,0,3,多平,S,3167.6000,3166.6000,3165.4000,3164.8000,3164.6000,3169.6000,3169.8000,3170.0000,3171.6000,3175.0000,21,1,1,2,1,2,1,1,1,1
SF,IH2012,2020-07-28 09:34:02.900,3169.6000,15541,0,384144060.000,0,-,-,-,-,3167.8000,3167.6000,3166.6000,3166.2000,3165.4000,3169.8000,3170.0000,3170.2000,3171.6000,3175.0000,1,21,1,1,1,1,1,1,1,1
SF,IH2012,2020-07-28 09:34:03.400,3169.6000,15540,-1,385094940.000,1,0,1,双平,S,3168.0000,3167.8000,3167.6000,3166.6000,3166.2000,3169.8000,3170.0000,3170.2000,3171.6000,3175.0000,1,1,21,1,1,1,1,1,1,1
SF,IH2012,2020-07-28 09:34:03.900,3170.2000,15538,-2,387947940.000,3,0,3,多平,S,3169.8000,3168.2000,3168.0000,3167.6000,3166.6000,3171.6000,3175.0000,3175.4000,3178.0000,3179.0000,1,1,1,21,1,1,1,1,3,1
SF,IH2012,2020-07-28 09:34:04.400,3170.2000,15538,0,387947940.000,0,-,-,-,-,3169.8000,3168.2000,3168.0000,3167.6000,3166.6000,3170.4000,3171.4000,3171.6000,3175.0000,3175.4000,1,1,1,21,1,1,2,1,1,1
SF,IH2012,2020-07-28 09:34:04.900,3170.2000,15538,0,387947940.000,0,-,-,-,-,3169.8000,3169.0000,3168.2000,3168.0000,3167.8000,3171.4000,3171.6000,3175.0000,3175.4000,3178.0000,1,1,1,1,1,1,1,1,1,3
SF,IH2012,2020-07-28 09:34:05.400,3170.2000,15538,0,387947940.000,0,-,-,-,-,3169.8000,3169.0000,3168.2000,3168.0000,3167.8000,3171.0000,3171.4000,3171.6000,3175.0000,3175.4000,1,1,1,1,1,1,1,1,1,1
SF,IH2012,2020-07-28 09:34:05.900,3171.0000,15537,-1,388899240.000,1,0,1,双平,S,3170.0000,3169.8000,3169.0000,3168.0000,3167.8000,3171.6000,3175.0000,3175.4000,3178.0000,3179.0000,1,1,1,1,1,1,1,1,3,1
SF,IH2012,2020-07-28 09:34:06.400,3171.6000,15536,-1,389850720.000,1,0,1,双平,S,3170.0000,3169.8000,3169.0000,3168.0000,3167.8000,3175.0000,3175.4000,3178.0000,3179.0000,3180.0000,1,1,1,1,1,1,1,3,1,1
SF,IH2012,2020-07-28 09:34:06.900,3171.6000,15536,0,389850720.000,0,-,-,-,-,3170.0000,3169.8000,3169.0000,3168.0000,3167.8000,3173.8000,3174.0000,3174.4000,3174.6000,3174.8000,1,1,1,1,1,1,3,1,5,2
SF,IH2012,2020-07-28 09:34:07.400,3171.6000,15536,0,389850720.000,0,-,-,-,-,3170.0000,3169.8000,3169.2000,3169.0000,3168.0000,3172.2000,3172.6000,3173.4000,3173.6000,3174.4000,1,1,1,1,1,1,1,1,2,1
SF,IH2012,2020-07-28 09:34:07.900,3172.0000,15535,-1,390802320.000,1,0,1,双平,S,3170.0000,3169.8000,3169.2000,3169.0000,3168.0000,3173.6000,3174.4000,3174.6000,3175.0000,3175.4000,1,1,1,1,1,1,1,5,1,1
SF,IH2012,2020-07-28 09:34:08.400,3172.0000,15535,0,390802320.000,0,-,-,-,-,3170.0000,3169.8000,3169.2000,3169.0000,3168.2000,3173.4000,3173.6000,3174.4000,3174.6000,3175.0000,1,1,1,1,2,1,1,1,5,1
SF,IH2012,2020-07-28 09:34:08.900,3172.0000,15535,0,390802320.000,0,-,-,-,-,3170.0000,3169.8000,3169.2000,3169.0000,3168.2000,3173.2000,3173.4000,3174.4000,3174.6000,3175.0000,1,1,1,1,2,1,1,1,5,1
SF,IH2012,2020-07-28 09:34:09.400,3172.0000,15535,0,390802320.000,0,-,-,-,-,3170.4000,3170.0000,3169.8000,3169.2000,3169.0000,3173.0000,3173.2000,3174.4000,3174.6000,3175.0000,1,1,1,1,1,1,1,1,5,1
SF,IH2012,2020-07-28 09:34:09.900,3172.0000,15535,0,390802320.000,0,-,-,-,-,3170.8000,3170.6000,3170.4000,3169.8000,3169.2000,3173.0000,3174.4000,3175.0000,3175.4000,3178.0000,1,1,1,1,1,1,1,1,1,3
SF,IH2012,2020-07-28 09:34:10.400,3172.0000,15535,0,390802320.000,0,-,-,-,-,3171.4000,3171.2000,3171.0000,3170.4000,3169.8000,3173.0000,3175.0000,3175.4000,3178.0000,3179.0000,1,1,1,1,1,1,1,1,3,1
SF,IH2012,2020-07-28 09:34:10.900,3172.0000,15535,0,390802320.000,0,-,-,-,-,3171.6000,3171.2000,3169.8000,3169.2000,3169.0000,3175.0000,3175.4000,3178.0000,3179.0000,3180.0000,1,1,1,1,1,1,1,3,1,1
SF,IH2012,2020-07-28 09:34:11.400,3172.0000,15535,0,390802320.000,0,-,-,-,-,3171.6000,3169.8000,3169.2000,3169.0000,3168.2000,3174.8000,3175.0000,3175.4000,3178.0000,3179.0000,1,1,1,1,2,2,1,1,3,1
SF,IH2012,2020-07-28 09:34:11.900,3172.0000,15535,0,390802320.000,0,-,-,-,-,3171.6000,3169.8000,3169.2000,3169.0000,3168.2000,3174.8000,3175.0000,3175.4000,3178.0000,3179.0000,1,1,1,1,2,2,1,1,2,1
SF,IH2012,2020-07-28 09:34:12.400,3171.8000,15534,-1,391753860.000,1,0,1,双平,S,3171.6000,3169.8000,3169.2000,3169.0000,3168.2000,3174.8000,3175.0000,3175.4000,3178.0000,3179.0000,1,1,1,1,2,2,1,1,2,1
SF,IH2012,2020-07-28 09:34:12.900,3171.8000,15534,0,391753860.000,0,-,-,-,-,3171.6000,3169.8000,3169.2000,3169.0000,3168.2000,3174.8000,3175.0000,3175.4000,3178.0000,3179.0000,1,1,1,1,2,2,1,1,2,1
SF,IH2012,2020-07-28 09:34:13.900,3171.8000,15534,0,391753860.000,0,-,-,-,-,3171.6000,3169.8000,3169.2000,3169.0000,3168.2000,3174.8000,3175.0000,3175.4000,3178.0000,3179.0000,1,1,1,1,2,2,1,1,2,1
SF,IH2012,2020-07-28 09:34:14.900,3171.8000,15534,0,391753860.000,0,-,-,-,-,3172.6000,3171.8000,3171.6000,3169.8000,3169.2000,3174.4000,3174.8000,3175.0000,3175.4000,3178.0000,1,5,1,1,1,1,2,1,1,2
SF,IH2012,2020-07-28 09:34:15.400,3171.8000,15534,0,391753860.000,0,-,-,-,-,3172.0000,3171.8000,3171.6000,3169.2000,3169.0000,3174.8000,3175.0000,3175.4000,3178.0000,3179.0000,1,5,1,1,1,1,1,1,2,1
SF,IH2012,2020-07-28 09:34:15.900,3171.8000,15534,0,391753860.000,0,-,-,-,-,3172.2000,3172.0000,3171.8000,3169.2000,3169.0000,3174.8000,3175.0000,3175.4000,3178.0000,3179.0000,3,1,5,1,1,1,1,1,2,1
SF,IH2012,2020-07-28 09:34:16.400,3171.8000,15534,0,391753860.000,0,-,-,-,-,3172.6000,3172.4000,3172.2000,3172.0000,3169.2000,3175.0000,3175.4000,3178.0000,3179.0000,3180.0000,1,1,3,1,1,1,1,2,1,1
SF,IH2012,2020-07-28 09:34:16.900,3171.8000,15534,0,391753860.000,0,-,-,-,-,3173.0000,3172.8000,3172.6000,3172.4000,3172.2000,3175.0000,3175.4000,3178.0000,3179.0000,3180.0000,1,2,1,1,1,1,1,2,1,1
SF,IH2012,2020-07-28 09:34:17.400,3171.8000,15534,0,391753860.000,0,-,-,-,-,3173.2000,3172.8000,3172.6000,3172.4000,3172.2000,3175.0000,3175.4000,3178.0000,3179.0000,3180.0000,1,1,1,1,1,1,1,2,1,1
SF,IH2012,2020-07-28 09:34:17.900,3171.8000,15534,0,391753860.000,0,-,-,-,-,3173.2000,3172.8000,3172.2000,3172.0000,3169.2000,3175.0000,3175.4000,3178.0000,3179.0000,3180.0000,1,1,1,2,1,1,1,2,1,1
SF,IH2012,2020-07-28 09:34:18.400,3171.8000,15534,0,391753860.000,0,-,-,-,-,3173.2000,3172.8000,3172.2000,3172.0000,3169.2000,3175.0000,3175.4000,3178.0000,3179.0000,3180.0000,1,1,1,2,1,1,1,2,1,1
