市场代码,合约代码,时间,最新,持仓,增仓,成交额,成交量,开仓,平仓,成交类型,方向,买一价,买二价,买三价,买四价,买五价,卖一价,卖二价,卖三价,卖四价,卖五价,买一量,买二量,买三量,买四量,买五量,卖一量,卖二量,卖三量,卖四量,卖五量
SF,IH2006,2020-04-16 09:29:00.300,2688.8000,18846,0,8066400.000,10.000,-,-,-,-,2685.0000,2683.8000,2683.6000,2683.2000,2682.6000,2689.0000,2689.8000,2690.0000,2691.0000,2691.6000,2,3,3,1,1,2,2,1,1,1
SF,IH2006,2020-04-16 09:30:00.300,2688.6000,18842,-4,16127700.000,10,3,7,多平,S,2685.0000,2684.8000,2684.0000,2683.8000,2683.6000,2688.6000,2688.8000,2689.0000,2689.8000,2690.0000,1,1,1,3,3,3,8,3,2,1
SF,IH2006,2020-04-16 09:30:00.800,2688.6000,18842,0,17740860.000,2,1,1,多换,S,2686.8000,2685.6000,2685.2000,2685.0000,2684.8000,2688.0000,2688.4000,2688.6000,2688.8000,2689.0000,1,2,4,3,1,1,10,5,4,1
SF,IH2006,2020-04-16 09:30:01.300,2687.8000,18839,-3,20158980.000,3,0,3,双平,S,2685.6000,2685.2000,2685.0000,2684.8000,2684.0000,2687.8000,2688.0000,2688.4000,2688.6000,2688.8000,1,7,3,1,1,4,1,2,6,3
SF,IH2006,2020-04-16 09:30:01.800,2687.0000,18838,-1,20965080.000,1,0,1,双平,S,2686.6000,2686.0000,2685.8000,2685.6000,2685.2000,2687.6000,2687.8000,2688.0000,2688.4000,2688.6000,1,1,1,2,2,4,6,1,1,4
SF,IH2006,2020-04-16 09:30:02.300,2685.8000,18836,-2,22576800.000,2,0,2,双平,S,2685.6000,2685.2000,2685.0000,2684.8000,2684.0000,2687.4000,2687.6000,2687.8000,2688.0000,2688.4000,1,2,2,1,1,5,3,2,2,1
SF,IH2006,2020-04-16 09:30:02.800,2687.2000,18833,-3,26607540.000,5,1,4,多平,S,2686.6000,2685.2000,2685.0000,2684.8000,2684.0000,2687.4000,2687.6000,2687.8000,2688.0000,2688.4000,2,2,1,1,1,5,2,1,2,1
SF,IH2006,2020-04-16 09:30:03.300,2687.4000,18833,0,27413760.000,1,0,1,多换,S,2686.6000,2685.2000,2685.0000,2684.8000,2684.0000,2687.4000,2687.6000,2687.8000,2688.0000,2688.4000,2,1,1,1,1,4,2,1,1,1
SF,IH2006,2020-04-16 09:30:03.800,2686.8000,18833,0,29832060.000,3,1,2,多换,S,2686.6000,2685.0000,2684.8000,2684.0000,2683.8000,2687.4000,2687.6000,2687.8000,2688.0000,2688.4000,2,1,2,1,3,3,2,1,1,1
SF,IH2006,2020-04-16 09:30:04.300,2687.4000,18832,-1,32250720.000,3,1,2,多平,S,2687.4000,2686.6000,2685.0000,2684.8000,2684.0000,2687.6000,2688.4000,2688.6000,2688.8000,2689.0000,2,2,1,2,1,2,1,1,2,1
SF,IH2006,2020-04-16 09:30:04.800,2687.4000,18830,-2,34669440.000,3,0,3,多平,S,2687.4000,2686.6000,2685.6000,2685.0000,2684.8000,2687.6000,2687.8000,2688.4000,2688.6000,2688.8000,1,2,1,2,2,1,1,3,1,1
SF,IH2006,2020-04-16 09:30:05.300,2687.4000,18829,-1,35475660.000,1,0,1,双平,S,2686.6000,2685.6000,2685.0000,2684.8000,2684.0000,2687.6000,2687.8000,2688.4000,2688.6000,2688.8000,2,1,3,2,1,2,1,3,1,3
SF,IH2006,2020-04-16 09:30:05.800,2687.6000,18828,-1,36281940.000,1,0,1,双平,S,2687.4000,2686.6000,2685.6000,2685.0000,2684.8000,2688.4000,2688.6000,2688.8000,2689.0000,2689.8000,1,2,1,3,2,3,1,1,1,2
SF,IH2006,2020-04-16 09:30:06.300,2687.6000,18828,0,36281940.000,0,-,-,-,-,2687.4000,2686.6000,2685.6000,2685.0000,2684.8000,2688.0000,2688.2000,2688.4000,2688.6000,2688.8000,1,2,1,3,2,1,1,1,1,1
SF,IH2006,2020-04-16 09:30:06.800,2687.6000,18828,0,36281940.000,0,-,-,-,-,2687.6000,2687.4000,2686.6000,2685.6000,2685.0000,2688.0000,2688.2000,2688.4000,2688.6000,2688.8000,1,1,2,1,3,1,2,3,1,1
SF,IH2006,2020-04-16 09:30:07.300,2687.6000,18828,0,36281940.000,0,-,-,-,-,2687.6000,2687.4000,2686.6000,2685.6000,2685.0000,2688.0000,2688.2000,2688.4000,2688.6000,2688.8000,1,1,2,1,3,1,1,3,1,1
SF,IH2006,2020-04-16 09:30:07.800,2687.6000,18828,0,36281940.000,0,-,-,-,-,2688.0000,2687.8000,2687.6000,2687.4000,2686.6000,2688.2000,2688.4000,2688.8000,2689.0000,2690.0000,1,1,1,1,2,1,2,3,1,1
SF,IH2006,2020-04-16 09:30:08.300,2688.0000,18827,-1,37088340.000,1,0,1,双平,S,2687.8000,2687.6000,2687.4000,2686.6000,2685.6000,2688.2000,2688.8000,2689.0000,2690.0000,2691.0000,1,1,1,2,1,1,3,3,1,1
SF,IH2006,2020-04-16 09:30:08.800,2688.2000,18827,0,37894800.000,1,0,1,多换,S,2687.8000,2687.6000,2687.4000,2686.6000,2685.6000,2688.8000,2689.0000,2690.0000,2691.0000,2692.2000,1,1,1,2,1,3,1,1,1,1
SF,IH2006,2020-04-16 09:30:09.300,2688.2000,18827,0,37894800.000,0,-,-,-,-,2687.8000,2687.6000,2687.4000,2686.6000,2685.6000,2688.4000,2688.6000,2688.8000,2689.0000,2690.0000,1,1,1,2,1,1,2,2,1,1
SF,IH2006,2020-04-16 09:30:09.800,2688.2000,18827,0,37894800.000,0,-,-,-,-,2688.2000,2687.8000,2687.6000,2687.4000,2686.6000,2688.6000,2688.8000,2689.0000,2690.0000,2691.0000,2,1,1,1,2,2,1,3,1,1
SF,IH2006,2020-04-16 09:30:10.300,2688.2000,18825,-2,39507840.000,2,0,2,双平,S,2688.2000,2687.8000,2687.6000,2687.4000,2686.6000,2688.8000,2689.0000,2690.0000,2691.0000,2692.2000,1,1,1,1,2,2,3,1,1,1
SF,IH2006,2020-04-16 09:30:10.800,2688.4000,18824,-1,40314360.000,1,0,1,双平,S,2688.4000,2688.2000,2687.8000,2687.6000,2687.4000,2688.8000,2689.0000,2690.0000,2691.0000,2692.2000,4,1,1,1,1,1,4,1,1,1
SF,IH2006,2020-04-16 09:30:11.300,2689.0000,18822,-2,42734400.000,3,0,3,多平,S,2689.0000,2688.8000,2688.4000,2688.2000,2687.8000,2689.4000,2690.0000,2691.0000,2692.2000,2694.2000,1,1,4,1,1,1,1,1,1,5
SF,IH2006,2020-04-16 09:30:11.800,2689.2000,18819,-3,45154800.000,3,0,3,双平,S,2689.0000,2688.8000,2688.4000,2688.2000,2687.8000,2690.0000,2690.2000,2691.0000,2692.2000,2694.2000,1,2,4,1,1,1,4,1,1,5
SF,IH2006,2020-04-16 09:30:12.300,2689.2000,18817,-2,47575320.000,3,0,3,多平,S,2689.0000,2688.8000,2688.4000,2688.2000,2687.6000,2690.0000,2690.6000,2691.0000,2692.2000,2694.2000,1,2,4,1,1,4,1,1,1,5
SF,IH2006,2020-04-16 09:30:12.800,2690.0000,18816,-1,48382320.000,1,0,1,双平,S,2689.0000,2688.8000,2688.4000,2688.2000,2687.6000,2690.6000,2691.0000,2692.2000,2694.2000,2694.4000,1,2,2,1,1,1,1,1,5,1
SF,IH2006,2020-04-16 09:30:13.300,2690.0000,18816,0,48382320.000,0,-,-,-,-,2689.2000,2689.0000,2688.8000,2688.4000,2688.2000,2690.6000,2690.8000,2691.0000,2692.2000,2694.2000,1,1,3,2,1,1,3,1,1,5
SF,IH2006,2020-04-16 09:30:13.800,2690.0000,18816,0,48382320.000,0,-,-,-,-,2689.0000,2688.8000,2688.4000,2688.2000,2687.6000,2689.2000,2690.0000,2690.4000,2690.6000,2691.0000,1,3,2,1,1,1,1,5,1,4
SF,IH2006,2020-04-16 09:30:14.300,2689.4000,18815,-1,49189140.000,1,0,1,双平,S,2688.8000,2688.4000,2688.2000,2687.6000,2687.4000,2690.0000,2690.6000,2691.0000,2691.2000,2692.2000,3,2,1,1,1,1,1,4,1,1
SF,IH2006,2020-04-16 09:30:14.800,2688.8000,18814,-1,49995780.000,1,0,1,双平,S,2688.8000,2688.4000,2688.2000,2687.6000,2687.4000,2690.0000,2690.6000,2691.0000,2691.2000,2692.2000,2,2,1,1,1,3,1,4,1,1
SF,IH2006,2020-04-16 09:30:15.300,2688.8000,18814,0,49995780.000,0,-,-,-,-,2688.8000,2688.4000,2688.2000,2687.6000,2687.4000,2689.6000,2689.8000,2690.0000,2690.6000,2691.0000,2,2,1,1,1,1,3,3,1,4
SF,IH2006,2020-04-16 09:30:15.800,2688.8000,18813,-1,50802420.000,1,0,1,双平,S,2688.8000,2688.4000,2688.2000,2687.6000,2687.4000,2689.6000,2689.8000,2690.0000,2690.6000,2691.0000,1,2,1,1,1,1,2,3,1,4
SF,IH2006,2020-04-16 09:30:16.300,2689.4000,18812,-1,52415880.000,2,0,2,多平,S,2688.2000,2687.6000,2687.4000,2687.2000,2686.6000,2689.6000,2690.0000,2690.6000,2691.0000,2691.2000,1,1,1,1,2,2,3,1,4,1
SF,IH2006,2020-04-16 09:30:16.800,2689.4000,18812,0,52415880.000,0,-,-,-,-,2688.4000,2688.2000,2687.6000,2687.4000,2687.2000,2689.6000,2690.0000,2690.6000,2691.0000,2691.2000,1,1,1,1,1,2,3,1,4,1
SF,IH2006,2020-04-16 09:30:17.300,2689.4000,18812,0,52415880.000,0,-,-,-,-,2688.4000,2688.2000,2687.6000,2687.4000,2687.2000,2689.0000,2689.6000,2690.0000,2690.6000,2691.0000,1,1,1,1,1,1,2,3,1,4
SF,IH2006,2020-04-16 09:30:17.800,2689.6000,18812,0,54029580.000,2,1,1,多换,S,2688.4000,2688.2000,2688.0000,2687.6000,2687.4000,2689.6000,2690.0000,2690.6000,2691.0000,2691.2000,1,1,1,1,1,1,3,1,4,1
SF,IH2006,2020-04-16 09:30:18.300,2689.6000,18812,0,54029580.000,0,-,-,-,-,2688.4000,2688.2000,2688.0000,2687.6000,2687.4000,2690.0000,2690.6000,2691.0000,2691.2000,2691.6000,1,1,1,1,1,3,1,4,1,1
SF,IH2006,2020-04-16 09:30:18.800,2688.2000,18810,-2,56449260.000,3,0,3,多平,S,2688.0000,2687.6000,2687.4000,2687.2000,2686.6000,2688.4000,2689.2000,2689.8000,2690.0000,2690.6000,1,1,1,1,2,1,4,2,3,1
SF,IH2006,2020-04-16 09:30:19.300,2688.4000,18809,-1,57255780.000,1,0,1,双平,S,2688.4000,2688.2000,2688.0000,2687.6000,2687.4000,2689.6000,2689.8000,2690.0000,2690.6000,2691.0000,1,1,1,1,1,1,1,3,1,4
SF,IH2006,2020-04-16 09:30:19.800,2688.4000,18809,0,57255780.000,0,-,-,-,-,2688.2000,2688.0000,2687.6000,2687.4000,2687.2000,2689.4000,2689.6000,2689.8000,2690.0000,2690.6000,1,1,1,1,2,2,1,1,3,1
SF,IH2006,2020-04-16 09:30:20.300,2688.4000,18809,0,57255780.000,0,-,-,-,-,2688.2000,2688.0000,2687.6000,2687.2000,2686.6000,2688.4000,2689.4000,2689.6000,2689.8000,2690.0000,1,1,1,3,2,1,3,1,1,3
SF,IH2006,2020-04-16 09:30:20.800,2688.4000,18808,-1,58062300.000,1,0,1,双平,S,2688.4000,2688.2000,2688.0000,2687.2000,2686.6000,2689.4000,2689.6000,2689.8000,2690.0000,2690.6000,1,1,1,3,2,2,1,1,3,1
SF,IH2006,2020-04-16 09:30:21.300,2688.4000,18808,0,58868820.000,1,0,1,多换,S,2689.0000,2688.2000,2688.0000,2687.2000,2686.6000,2689.2000,2689.4000,2689.6000,2689.8000,2690.0000,1,1,1,3,2,1,2,1,1,3
SF,IH2006,2020-04-16 09:30:21.800,2688.8000,18808,0,59675460.000,1,0,1,多换,S,2688.2000,2688.0000,2687.2000,2686.6000,2686.0000,2689.2000,2689.4000,2689.6000,2689.8000,2690.0000,1,1,3,2,2,1,2,1,1,3
SF,IH2006,2020-04-16 09:30:22.300,2688.2000,18807,-1,61288380.000,2,0,2,多平,S,2688.0000,2687.2000,2686.6000,2686.0000,2685.6000,2689.4000,2689.6000,2689.8000,2690.0000,2690.6000,1,3,2,2,1,2,1,1,3,1
SF,IH2006,2020-04-16 09:30:22.800,2688.2000,18807,0,61288380.000,0,-,-,-,-,2688.0000,2687.2000,2686.6000,2686.0000,2685.6000,2689.4000,2689.6000,2689.8000,2690.0000,2690.6000,1,3,2,2,1,2,1,1,3,1
SF,IH2006,2020-04-16 09:30:23.300,2688.2000,18807,0,61288380.000,0,-,-,-,-,2688.2000,2688.0000,2687.2000,2686.6000,2686.0000,2689.4000,2689.6000,2689.8000,2690.0000,2690.6000,2,1,3,2,2,2,1,1,3,1
SF,IH2006,2020-04-16 09:30:23.800,2689.2000,18807,0,62095140.000,1,0,1,多换,S,2688.2000,2688.0000,2687.8000,2687.2000,2686.6000,2689.4000,2689.6000,2689.8000,2690.0000,2690.6000,2,1,1,2,2,2,1,1,3,1
SF,IH2006,2020-04-16 09:30:24.300,2689.2000,18807,0,62095140.000,0,-,-,-,-,2688.2000,2688.0000,2687.8000,2687.2000,2686.6000,2689.4000,2689.6000,2689.8000,2690.0000,2690.6000,2,1,1,2,2,2,1,1,3,1
SF,IH2006,2020-04-16 09:30:24.800,2688.2000,18804,-3,64515240.000,3,0,3,双平,S,2688.2000,2688.0000,2687.8000,2687.2000,2686.6000,2689.2000,2689.6000,2689.8000,2690.0000,2690.6000,1,1,1,2,2,1,1,1,3,1
SF,IH2006,2020-04-16 09:30:25.300,2688.2000,18804,0,64515240.000,0,-,-,-,-,2688.2000,2688.0000,2687.8000,2687.2000,2686.6000,2690.0000,2690.6000,2691.0000,2691.2000,2691.6000,1,1,1,2,2,3,1,4,1,1
SF,IH2006,2020-04-16 09:30:25.800,2688.2000,18804,0,64515240.000,0,-,-,-,-,2688.4000,2688.2000,2688.0000,2687.8000,2687.2000,2689.8000,2690.0000,2690.6000,2691.0000,2691.2000,1,1,2,1,2,1,3,1,4,1
SF,IH2006,2020-04-16 09:30:26.300,2688.2000,18804,0,64515240.000,0,-,-,-,-,2689.4000,2688.4000,2688.2000,2688.0000,2687.8000,2690.0000,2690.6000,2691.0000,2691.2000,2691.6000,1,1,1,2,1,3,1,4,1,1
SF,IH2006,2020-04-16 09:30:26.800,2689.4000,18804,0,65322060.000,1,0,1,多换,S,2688.4000,2688.2000,2688.0000,2687.8000,2687.2000,2689.4000,2689.8000,2690.0000,2690.6000,2691.0000,1,1,2,1,2,1,1,3,1,4
SF,IH2006,2020-04-16 09:30:27.300,2689.4000,18804,0,65322060.000,0,-,-,-,-,2688.4000,2688.2000,2688.0000,2687.2000,2686.6000,2689.8000,2690.0000,2690.6000,2691.0000,2691.2000,1,1,2,3,2,1,3,1,4,1
SF,IH2006,2020-04-16 09:30:27.800,2689.4000,18804,0,65322060.000,0,-,-,-,-,2688.6000,2688.4000,2688.2000,2688.0000,2687.2000,2689.8000,2690.0000,2690.6000,2691.0000,2691.2000,1,1,1,2,3,1,3,1,4,1
SF,IH2006,2020-04-16 09:30:28.300,2689.4000,18804,0,65322060.000,0,-,-,-,-,2688.6000,2688.4000,2688.2000,2688.0000,2687.2000,2689.8000,2690.0000,2690.6000,2691.0000,2691.2000,1,1,1,2,3,1,3,1,4,1
SF,IH2006,2020-04-16 09:30:28.800,2689.4000,18804,0,65322060.000,0,-,-,-,-,2688.6000,2688.4000,2688.2000,2688.0000,2687.2000,2689.8000,2690.0000,2690.6000,2691.0000,2691.2000,1,1,1,2,3,1,4,1,4,1
SF,IH2006,2020-04-16 09:30:29.300,2689.4000,18804,0,65322060.000,0,-,-,-,-,2688.6000,2688.4000,2688.2000,2688.0000,2687.2000,2689.8000,2690.0000,2690.6000,2691.0000,2691.2000,1,1,1,2,2,1,4,1,4,1
SF,IH2006,2020-04-16 09:30:30.300,2689.4000,18804,0,65322060.000,0,-,-,-,-,2688.8000,2688.6000,2688.4000,2688.2000,2688.0000,2689.8000,2690.0000,2690.6000,2691.0000,2691.2000,1,1,1,1,2,1,4,1,4,1
SF,IH2006,2020-04-16 09:30:30.800,2689.6000,18803,-1,66128940.000,1,0,1,双平,S,2688.6000,2688.4000,2688.2000,2688.0000,2687.2000,2689.8000,2690.0000,2690.6000,2691.0000,2691.2000,1,1,1,2,2,1,4,1,4,1
SF,IH2006,2020-04-16 09:30:31.300,2689.6000,18803,0,66128940.000,0,-,-,-,-,2688.6000,2688.4000,2688.2000,2688.0000,2687.2000,2689.6000,2689.8000,2690.0000,2690.6000,2691.0000,1,1,1,2,2,1,1,4,1,4
SF,IH2006,2020-04-16 09:30:31.800,2689.6000,18803,0,66128940.000,0,-,-,-,-,2689.0000,2688.8000,2688.6000,2688.4000,2688.2000,2689.8000,2690.0000,2690.6000,2691.0000,2691.2000,1,1,1,1,1,1,3,1,4,1
SF,IH2006,2020-04-16 09:30:32.300,2689.6000,18803,0,66128940.000,0,-,-,-,-,2688.6000,2688.4000,2688.2000,2688.0000,2687.2000,2689.8000,2690.0000,2690.6000,2691.0000,2691.2000,1,1,1,2,2,1,3,1,4,1
SF,IH2006,2020-04-16 09:30:32.800,2689.6000,18803,0,66128940.000,0,-,-,-,-,2689.2000,2688.8000,2688.6000,2688.2000,2688.0000,2689.6000,2689.8000,2690.0000,2690.6000,2691.0000,2,1,1,1,2,1,1,3,1,4
SF,IH2006,2020-04-16 09:30:33.300,2688.6000,18801,-2,69356040.000,4,1,3,多平,S,2688.2000,2688.0000,2687.2000,2686.6000,2686.0000,2688.6000,2689.8000,2690.0000,2690.6000,2691.0000,1,2,2,2,1,1,1,3,1,4
SF,IH2006,2020-04-16 09:30:33.800,2688.6000,18801,0,70162620.000,1,0,1,多换,S,2689.0000,2688.6000,2688.4000,2688.2000,2688.0000,2689.4000,2689.8000,2690.0000,2690.6000,2691.0000,2,2,2,1,2,1,1,3,1,1
SF,IH2006,2020-04-16 09:30:34.300,2689.4000,18800,-1,70969440.000,1,0,1,双平,S,2689.4000,2688.6000,2688.4000,2688.2000,2688.0000,2689.8000,2690.0000,2690.6000,2691.0000,2691.6000,1,1,3,1,4,1,3,1,1,1
SF,IH2006,2020-04-16 09:30:34.800,2689.4000,18800,0,70969440.000,0,-,-,-,-,2688.6000,2688.4000,2688.2000,2688.0000,2687.2000,2689.8000,2690.0000,2690.6000,2691.0000,2691.6000,2,2,1,2,2,1,3,1,1,1
SF,IH2006,2020-04-16 09:30:35.300,2689.8000,18800,0,71776380.000,1,0,1,多换,S,2688.8000,2688.6000,2688.4000,2688.2000,2688.0000,2689.6000,2690.0000,2690.6000,2691.0000,2691.6000,1,2,2,1,2,1,3,1,1,1
SF,IH2006,2020-04-16 09:30:35.800,2689.8000,18799,-1,72583320.000,1,0,1,双平,S,2689.6000,2689.0000,2688.6000,2688.4000,2688.2000,2690.0000,2690.6000,2691.0000,2691.6000,2692.2000,1,1,2,2,1,3,1,1,1,1
SF,IH2006,2020-04-16 09:30:36.300,2689.8000,18798,-1,73390260.000,1,0,1,双平,S,2688.6000,2688.4000,2688.2000,2688.0000,2687.2000,2690.0000,2691.0000,2691.6000,2692.2000,2694.2000,2,2,1,2,2,3,1,1,1,5
SF,IH2006,2020-04-16 09:30:36.800,2689.8000,18798,0,73390260.000,0,-,-,-,-,2688.8000,2688.6000,2688.4000,2688.2000,2688.0000,2689.6000,2690.0000,2691.0000,2691.6000,2692.2000,5,2,2,1,2,2,3,1,1,1
SF,IH2006,2020-04-16 09:30:37.300,2689.2000,18797,-1,74197020.000,1,0,1,双平,S,2689.0000,2688.6000,2688.4000,2688.2000,2688.0000,2689.6000,2689.8000,2690.0000,2691.0000,2691.6000,1,2,2,1,2,2,1,3,1,1
SF,IH2006,2020-04-16 09:30:37.800,2689.4000,18796,-1,75003840.000,1,0,1,双平,S,2689.2000,2689.0000,2688.6000,2688.4000,2688.2000,2689.6000,2689.8000,2690.0000,2691.0000,2691.6000,1,1,2,2,1,2,1,3,1,1
SF,IH2006,2020-04-16 09:30:38.300,2689.6000,18793,-3,77424180.000,3,0,3,双平,S,2689.4000,2688.6000,2688.4000,2688.2000,2688.0000,2689.6000,2689.8000,2690.0000,2691.0000,2691.6000,1,2,2,1,2,1,1,3,1,1
SF,IH2006,2020-04-16 09:30:39.300,2689.6000,18793,0,77424180.000,0,-,-,-,-,2689.4000,2688.8000,2688.6000,2688.4000,2688.0000,2689.6000,2689.8000,2690.0000,2691.0000,2691.6000,1,1,2,2,2,1,1,3,1,1
SF,IH2006,2020-04-16 09:30:39.800,2689.4000,18793,0,78231000.000,1,0,1,多换,S,2688.8000,2688.6000,2688.4000,2688.0000,2687.2000,2689.6000,2689.8000,2690.0000,2691.0000,2691.6000,1,3,2,2,2,1,1,3,1,1
SF,IH2006,2020-04-16 09:30:40.300,2689.4000,18793,0,78231000.000,0,-,-,-,-,2688.8000,2688.6000,2688.4000,2688.0000,2687.2000,2689.6000,2689.8000,2690.0000,2691.0000,2691.6000,1,3,2,2,2,1,1,3,1,1
SF,IH2006,2020-04-16 09:30:41.300,2689.4000,18793,0,78231000.000,0,-,-,-,-,2688.8000,2688.6000,2688.4000,2688.0000,2687.2000,2689.4000,2689.6000,2689.8000,2690.0000,2691.0000,1,3,2,2,2,1,1,1,3,1
SF,IH2006,2020-04-16 09:30:41.800,2689.6000,18792,-1,81458460.000,4,1,3,多平,S,2688.8000,2688.6000,2688.4000,2688.0000,2687.2000,2690.0000,2691.0000,2691.6000,2692.2000,2694.2000,1,3,2,2,2,3,1,1,1,5
SF,IH2006,2020-04-16 09:30:42.300,2689.6000,18792,0,81458460.000,0,-,-,-,-,2689.0000,2688.8000,2688.6000,2688.4000,2688.0000,2690.0000,2691.0000,2691.6000,2692.2000,2694.2000,4,1,3,2,2,3,1,1,1,5
SF,IH2006,2020-04-16 09:30:42.800,2689.6000,18792,0,81458460.000,0,-,-,-,-,2689.4000,2689.0000,2688.8000,2688.6000,2688.4000,2690.0000,2691.0000,2691.6000,2692.2000,2694.2000,1,4,1,3,2,3,1,1,1,5
SF,IH2006,2020-04-16 09:30:43.800,2689.6000,18792,0,81458460.000,0,-,-,-,-,2689.4000,2689.0000,2688.8000,2688.6000,2688.4000,2690.0000,2691.0000,2691.6000,2692.2000,2694.2000,1,4,1,2,2,3,1,1,1,5
SF,IH2006,2020-04-16 09:30:44.300,2689.6000,18792,0,81458460.000,0,-,-,-,-,2689.4000,2689.0000,2688.8000,2688.6000,2688.4000,2690.0000,2691.0000,2691.6000,2692.2000,2694.2000,1,4,2,2,1,3,1,1,1,5
SF,IH2006,2020-04-16 09:30:44.800,2689.6000,18792,0,81458460.000,0,-,-,-,-,2689.4000,2689.0000,2688.8000,2688.6000,2688.4000,2689.8000,2690.0000,2691.0000,2691.6000,2692.2000,1,4,3,2,1,2,3,1,1,1
SF,IH2006,2020-04-16 09:30:45.300,2689.6000,18792,0,81458460.000,0,-,-,-,-,2689.4000,2689.0000,2688.8000,2688.6000,2688.4000,2689.8000,2690.0000,2691.0000,2691.6000,2692.2000,1,4,3,2,1,1,3,1,1,1
SF,IH2006,2020-04-16 09:30:45.800,2689.4000,18791,-1,83072220.000,2,0,2,多平,S,2689.0000,2688.8000,2688.6000,2688.4000,2688.0000,2690.0000,2691.0000,2691.6000,2692.2000,2694.2000,4,3,2,1,2,3,1,1,1,5
SF,IH2006,2020-04-16 09:30:46.300,2689.8000,18790,-1,84686160.000,2,0,2,多平,S,2689.0000,2688.8000,2688.6000,2688.4000,2688.0000,2690.0000,2691.0000,2691.6000,2692.2000,2694.2000,4,3,2,1,2,2,1,1,1,5
SF,IH2006,2020-04-16 09:30:46.800,2689.8000,18790,0,84686160.000,0,-,-,-,-,2689.0000,2688.8000,2688.6000,2688.4000,2688.0000,2690.0000,2691.0000,2691.6000,2692.2000,2694.2000,4,3,2,1,2,2,1,1,1,5
SF,IH2006,2020-04-16 09:30:47.300,2690.0000,18790,0,85493160.000,1,0,1,多换,S,2689.2000,2689.0000,2688.8000,2688.6000,2688.4000,2689.6000,2690.0000,2691.0000,2691.6000,2692.2000,1,4,3,2,1,1,1,1,1,1
SF,IH2006,2020-04-16 09:30:47.800,2689.6000,18789,-1,86300040.000,1,0,1,双平,S,2689.6000,2689.0000,2688.8000,2688.6000,2688.4000,2690.0000,2691.0000,2691.6000,2692.2000,2694.2000,1,4,3,2,1,1,1,1,1,5
SF,IH2006,2020-04-16 09:30:48.300,2690.0000,18787,-2,87913920.000,2,0,2,双平,S,2689.6000,2689.0000,2688.8000,2688.6000,2688.4000,2691.0000,2691.6000,2692.2000,2694.4000,2695.0000,1,4,3,2,1,1,1,1,1,2
SF,IH2006,2020-04-16 09:30:48.800,2689.8000,18787,0,88720860.000,1,0,1,多换,S,2689.0000,2688.8000,2688.6000,2688.4000,2688.0000,2690.0000,2690.6000,2690.8000,2691.0000,2691.6000,4,3,2,1,2,1,1,1,1,1
SF,IH2006,2020-04-16 09:30:49.300,2689.8000,18787,0,88720860.000,0,-,-,-,-,2689.0000,2688.8000,2688.6000,2688.4000,2688.0000,2690.0000,2690.2000,2690.6000,2690.8000,2691.0000,4,3,2,1,2,1,1,1,1,1
SF,IH2006,2020-04-16 09:30:49.800,2689.8000,18787,0,88720860.000,0,-,-,-,-,2688.8000,2688.6000,2688.4000,2688.0000,2687.2000,2690.0000,2690.2000,2690.6000,2690.8000,2691.0000,3,2,1,2,2,1,1,1,1,1
SF,IH2006,2020-04-16 09:30:50.300,2689.8000,18787,0,88720860.000,0,-,-,-,-,2689.0000,2688.8000,2688.6000,2688.4000,2688.0000,2690.0000,2690.2000,2690.6000,2690.8000,2691.0000,1,3,2,1,2,1,1,1,1,1
SF,IH2006,2020-04-16 09:30:50.800,2689.8000,18787,0,88720860.000,0,-,-,-,-,2689.0000,2688.8000,2688.6000,2688.4000,2688.0000,2690.0000,2690.2000,2690.6000,2690.8000,2691.0000,1,3,2,1,2,1,1,1,1,1
SF,IH2006,2020-04-16 09:30:51.300,2689.8000,18787,0,88720860.000,0,-,-,-,-,2689.8000,2689.2000,2689.0000,2688.8000,2688.6000,2690.0000,2690.2000,2690.6000,2690.8000,2691.0000,1,1,1,3,2,1,1,1,1,1
SF,IH2006,2020-04-16 09:30:51.800,2689.8000,18787,0,88720860.000,0,-,-,-,-,2689.8000,2689.0000,2688.8000,2688.6000,2688.0000,2690.0000,2690.8000,2691.0000,2691.6000,2692.2000,1,1,3,2,2,1,1,1,1,1
SF,IH2006,2020-04-16 09:30:52.300,2689.8000,18787,0,88720860.000,0,-,-,-,-,2689.8000,2689.0000,2688.8000,2688.6000,2688.0000,2690.0000,2690.8000,2691.0000,2691.6000,2692.2000,2,1,3,2,2,1,1,1,1,1
SF,IH2006,2020-04-16 09:30:52.800,2689.8000,18787,0,88720860.000,0,-,-,-,-,2689.8000,2689.0000,2688.8000,2688.6000,2688.0000,2690.0000,2691.0000,2691.6000,2692.2000,2694.4000,2,1,3,2,2,1,1,1,1,1
SF,IH2006,2020-04-16 09:30:53.300,2690.0000,18787,0,89527860.000,1,0,1,多换,S,2689.8000,2689.0000,2688.8000,2688.6000,2688.2000,2691.0000,2691.6000,2692.2000,2694.4000,2695.0000,2,1,3,2,1,1,1,1,1,2
SF,IH2006,2020-04-16 09:30:53.800,2690.0000,18787,0,89527860.000,0,-,-,-,-,2689.8000,2689.0000,2688.8000,2688.6000,2688.2000,2691.0000,2691.6000,2692.2000,2694.4000,2695.0000,2,1,3,2,1,1,1,1,1,2
SF,IH2006,2020-04-16 09:30:54.300,2691.0000,18786,-1,90335160.000,1,0,1,双平,S,2689.8000,2689.0000,2688.8000,2688.6000,2688.2000,2691.6000,2692.2000,2694.4000,2695.0000,2695.8000,2,1,3,2,1,4,1,1,3,1
SF,IH2006,2020-04-16 09:30:54.800,2691.4000,18785,-1,91142580.000,1,0,1,双平,S,2690.0000,2689.8000,2689.0000,2688.8000,2688.6000,2691.4000,2691.6000,2692.2000,2694.4000,2695.0000,6,2,1,3,2,1,4,1,1,3
SF,IH2006,2020-04-16 09:30:55.300,2690.0000,18785,0,92756640.000,2,1,1,多换,S,2690.0000,2689.8000,2689.0000,2688.8000,2688.6000,2690.8000,2691.4000,2691.6000,2692.2000,2692.4000,1,2,1,3,2,1,2,4,1,3
SF,IH2006,2020-04-16 09:30:55.800,2690.0000,18785,0,92756640.000,0,-,-,-,-,2689.8000,2689.0000,2688.8000,2688.6000,2688.2000,2690.8000,2691.4000,2691.6000,2692.2000,2692.4000,2,1,3,2,1,1,2,4,1,3
SF,IH2006,2020-04-16 09:30:56.300,2690.0000,18785,0,92756640.000,0,-,-,-,-,2690.2000,2690.0000,2689.8000,2689.0000,2688.8000,2691.4000,2691.6000,2692.2000,2692.4000,2694.4000,1,1,2,1,3,2,4,1,3,1
SF,IH2006,2020-04-16 09:30:56.800,2690.8000,18784,-1,93563880.000,1,0,1,双平,S,2689.8000,2689.0000,2688.8000,2688.6000,2688.2000,2691.4000,2691.6000,2692.2000,2692.4000,2694.4000,2,1,3,2,1,2,4,1,3,1
SF,IH2006,2020-04-16 09:30:57.300,2690.8000,18784,0,93563880.000,0,-,-,-,-,2690.0000,2689.8000,2689.0000,2688.8000,2688.6000,2691.4000,2691.6000,2692.2000,2692.4000,2694.4000,1,2,1,3,2,2,4,1,3,1
SF,IH2006,2020-04-16 09:30:57.800,2690.2000,18783,-1,94370940.000,1,0,1,双平,S,2689.8000,2689.0000,2688.8000,2688.6000,2688.2000,2691.2000,2691.4000,2691.6000,2692.2000,2692.4000,2,1,3,2,1,1,2,4,1,3
SF,IH2006,2020-04-16 09:30:58.300,2690.2000,18783,0,94370940.000,0,-,-,-,-,2689.8000,2689.0000,2688.8000,2688.6000,2688.2000,2691.4000,2691.6000,2692.2000,2692.4000,2694.4000,2,1,3,2,1,2,4,2,3,1
SF,IH2006,2020-04-16 09:30:58.800,2690.2000,18783,0,94370940.000,0,-,-,-,-,2689.8000,2689.0000,2688.8000,2688.6000,2688.2000,2691.0000,2691.2000,2691.4000,2691.6000,2692.2000,3,1,3,2,1,2,3,2,4,2
SF,IH2006,2020-04-16 09:30:59.300,2689.8000,18782,-1,96791760.000,3,1,2,多平,S,2689.0000,2688.8000,2688.6000,2688.2000,2688.0000,2689.8000,2690.8000,2691.0000,2691.2000,2691.4000,1,3,2,1,3,1,1,1,2,2
SF,IH2006,2020-04-16 09:30:59.800,2689.8000,18781,-1,97598700.000,1,0,1,双平,S,2689.0000,2688.8000,2688.6000,2688.2000,2688.0000,2689.8000,2690.8000,2691.0000,2691.2000,2691.4000,1,3,2,1,3,1,2,1,2,2
SF,IH2006,2020-04-16 09:31:00.300,2689.8000,18780,-1,98405640.000,1,0,1,双平,S,2689.8000,2689.0000,2688.8000,2688.6000,2688.2000,2690.8000,2691.0000,2691.2000,2691.4000,2691.6000,1,1,3,2,1,2,1,2,2,4
SF,IH2006,2020-04-16 09:31:00.800,2689.0000,18779,-1,100019280.000,2,0,2,多平,S,2688.8000,2688.6000,2688.2000,2688.0000,2687.2000,2689.8000,2690.6000,2690.8000,2691.2000,2691.4000,3,2,1,3,2,2,7,2,2,2
SF,IH2006,2020-04-16 09:31:01.300,2689.0000,18779,0,100019280.000,0,-,-,-,-,2688.8000,2688.6000,2688.2000,2688.0000,2687.2000,2689.6000,2689.8000,2690.4000,2690.6000,2690.8000,3,2,1,3,2,1,1,1,6,2
SF,IH2006,2020-04-16 09:31:01.800,2689.0000,18779,0,100019280.000,0,-,-,-,-,2688.8000,2688.6000,2688.2000,2688.0000,2687.2000,2689.6000,2689.8000,2690.4000,2690.6000,2690.8000,2,2,1,3,2,1,1,1,2,2
SF,IH2006,2020-04-16 09:31:02.300,2689.0000,18779,0,100019280.000,0,-,-,-,-,2689.0000,2688.8000,2688.6000,2688.2000,2688.0000,2689.4000,2689.6000,2689.8000,2690.4000,2690.6000,1,2,2,1,3,1,1,1,1,2
SF,IH2006,2020-04-16 09:31:02.800,2689.0000,18779,0,100019280.000,0,-,-,-,-,2689.0000,2688.8000,2688.6000,2688.0000,2687.2000,2689.8000,2690.4000,2690.6000,2690.8000,2691.2000,1,2,2,3,2,1,1,1,2,1
SF,IH2006,2020-04-16 09:31:03.300,2689.0000,18778,-1,100825980.000,1,0,1,双平,S,2689.2000,2688.8000,2688.6000,2688.0000,2687.2000,2689.8000,2690.4000,2690.6000,2690.8000,2691.2000,1,2,2,3,2,1,1,1,2,1
SF,IH2006,2020-04-16 09:31:03.800,2689.0000,18778,0,100825980.000,0,-,-,-,-,2689.2000,2689.0000,2688.8000,2688.6000,2688.0000,2689.6000,2689.8000,2690.4000,2690.6000,2690.8000,1,43,2,2,3,1,1,1,1,2
SF,IH2006,2020-04-16 09:31:04.300,2689.2000,18777,-1,104052960.000,4,1,3,多平,S,2689.0000,2688.8000,2688.6000,2688.0000,2687.2000,2689.6000,2689.8000,2690.4000,2690.6000,2690.8000,42,2,2,3,2,1,1,1,1,2
SF,IH2006,2020-04-16 09:31:04.800,2689.0000,18775,-2,106473060.000,3,0,3,多平,S,2689.4000,2689.0000,2688.8000,2688.6000,2688.0000,2689.6000,2689.8000,2690.4000,2690.6000,2690.8000,1,39,2,2,3,1,1,1,1,2
SF,IH2006,2020-04-16 09:31:05.300,2689.4000,18774,-1,107279880.000,1,0,1,双平,S,2689.0000,2688.8000,2688.6000,2688.0000,2687.2000,2689.4000,2689.6000,2689.8000,2690.4000,2690.6000,39,2,2,3,2,2,1,1,1,1
SF,IH2006,2020-04-16 09:31:05.800,2689.4000,18774,0,107279880.000,0,-,-,-,-,2689.0000,2688.8000,2688.6000,2688.0000,2687.2000,2689.4000,2689.8000,2690.4000,2690.6000,2690.8000,39,2,2,3,2,3,1,1,1,2
SF,IH2006,2020-04-16 09:31:06.300,2689.0000,18768,-6,113733480.000,8,1,7,多平,S,2689.0000,2688.8000,2688.6000,2688.0000,2687.2000,2689.4000,2689.8000,2690.4000,2690.6000,2690.8000,31,2,2,3,2,3,1,1,1,2
SF,IH2006,2020-04-16 09:31:06.800,2689.0000,18765,-3,116153580.000,3,0,3,双平,S,2689.0000,2688.8000,2688.6000,2688.0000,2687.2000,2689.2000,2689.4000,2689.8000,2690.4000,2690.6000,28,2,2,3,2,4,3,1,1,1
SF,IH2006,2020-04-16 09:31:07.300,2689.0000,18751,-14,127447440.000,14,0,14,双平,S,2689.0000,2688.8000,2688.6000,2688.0000,2687.2000,2689.2000,2689.4000,2689.8000,2690.6000,2690.8000,15,2,2,3,2,3,3,1,1,2
SF,IH2006,2020-04-16 09:31:07.800,2689.2000,18744,-7,133901160.000,8,0,8,多平,S,2689.0000,2688.8000,2688.6000,2688.0000,2687.2000,2689.2000,2689.4000,2689.8000,2690.6000,2690.8000,9,2,2,3,2,1,1,1,1,2
SF,IH2006,2020-04-16 09:31:08.300,2689.2000,18744,0,133901160.000,0,-,-,-,-,2689.0000,2688.8000,2688.6000,2688.0000,2687.2000,2689.2000,2689.4000,2689.8000,2690.6000,2690.8000,9,2,2,3,2,1,1,1,1,2
SF,IH2006,2020-04-16 09:31:08.800,2689.4000,18742,-2,135514740.000,2,0,2,双平,S,2689.4000,2689.0000,2688.8000,2688.6000,2688.0000,2689.8000,2690.6000,2690.8000,2691.2000,2691.4000,3,9,2,2,3,1,1,2,1,2
SF,IH2006,2020-04-16 09:31:09.300,2689.0000,18738,-4,138741900.000,4,0,4,双平,S,2689.0000,2688.8000,2688.6000,2688.0000,2687.2000,2689.4000,2689.6000,2689.8000,2690.6000,2690.8000,8,2,2,3,2,1,1,1,1,1
SF,IH2006,2020-04-16 09:31:09.800,2689.0000,18736,-2,141162000.000,3,0,3,多平,S,2689.2000,2689.0000,2688.8000,2688.6000,2688.0000,2689.4000,2689.6000,2689.8000,2690.6000,2690.8000,1,5,2,2,3,1,2,1,1,1
SF,IH2006,2020-04-16 09:31:10.300,2689.2000,18731,-5,146808960.000,7,1,6,多平,S,2689.2000,2688.8000,2688.6000,2688.0000,2687.2000,2689.4000,2689.6000,2689.8000,2690.6000,2690.8000,1,2,2,3,2,1,2,2,1,1
SF,IH2006,2020-04-16 09:31:10.800,2689.2000,18730,-1,147615720.000,1,0,1,双平,S,2688.8000,2688.6000,2688.0000,2687.2000,2687.0000,2689.4000,2689.6000,2689.8000,2690.6000,2690.8000,2,2,3,2,1,1,2,2,1,1
SF,IH2006,2020-04-16 09:31:11.300,2688.8000,18731,1,148422360.000,1,1,0,双开,S,2689.2000,2688.8000,2688.6000,2688.0000,2687.2000,2689.4000,2689.6000,2689.8000,2690.6000,2690.8000,1,1,2,3,2,1,2,2,1,1
SF,IH2006,2020-04-16 09:31:11.800,2689.2000,18730,-1,149229120.000,1,0,1,双平,S,2688.8000,2688.6000,2688.0000,2687.2000,2687.0000,2689.4000,2689.6000,2689.8000,2690.6000,2690.8000,1,2,3,2,1,1,2,2,1,1
SF,IH2006,2020-04-16 09:31:12.300,2689.2000,18730,0,149229120.000,0,-,-,-,-,2688.8000,2688.6000,2688.0000,2687.2000,2687.0000,2689.2000,2689.4000,2689.6000,2689.8000,2690.6000,1,2,3,2,1,1,2,2,2,1
SF,IH2006,2020-04-16 09:31:12.800,2689.2000,18730,0,149229120.000,0,-,-,-,-,2689.0000,2688.8000,2688.6000,2688.0000,2687.2000,2689.2000,2689.4000,2689.6000,2689.8000,2690.6000,1,1,2,3,2,1,2,2,2,1
SF,IH2006,2020-04-16 09:31:13.300,2689.0000,18729,-1,150035820.000,1,0,1,双平,S,2688.8000,2688.6000,2688.2000,2688.0000,2687.2000,2689.2000,2689.4000,2689.6000,2689.8000,2690.0000,1,2,1,3,2,1,2,2,2,1
SF,IH2006,2020-04-16 09:31:13.800,2689.0000,18728,-1,150842520.000,1,0,1,双平,S,2689.2000,2688.8000,2688.6000,2688.2000,2688.0000,2689.4000,2689.6000,2689.8000,2690.0000,2690.6000,2,1,2,1,3,1,2,2,1,1
SF,IH2006,2020-04-16 09:31:14.300,2689.2000,18724,-4,155683260.000,6,1,5,多平,S,2688.8000,2688.6000,2688.2000,2688.0000,2687.2000,2689.6000,2689.8000,2690.0000,2690.6000,2690.8000,1,2,1,3,2,2,2,1,1,1
SF,IH2006,2020-04-16 09:31:14.800,2689.2000,18723,-1,156490020.000,1,0,1,双平,S,2688.8000,2688.6000,2688.2000,2688.0000,2687.2000,2689.6000,2689.8000,2690.0000,2690.4000,2690.6000,1,2,1,3,2,2,2,1,1,1
SF,IH2006,2020-04-16 09:31:15.300,2689.2000,18723,0,156490020.000,0,-,-,-,-,2688.8000,2688.6000,2688.2000,2688.0000,2687.2000,2689.6000,2689.8000,2690.0000,2690.4000,2690.6000,1,2,1,3,2,2,2,1,1,1
SF,IH2006,2020-04-16 09:31:15.800,2689.2000,18723,0,156490020.000,0,-,-,-,-,2688.8000,2688.6000,2688.2000,2688.0000,2687.2000,2689.6000,2689.8000,2690.0000,2690.4000,2690.6000,2,2,1,3,2,2,3,1,1,1
SF,IH2006,2020-04-16 09:31:16.300,2688.8000,18723,0,157296660.000,1,0,1,多换,S,2688.8000,2688.6000,2688.2000,2688.0000,2687.2000,2689.0000,2689.6000,2689.8000,2690.0000,2690.4000,1,2,1,3,2,1,3,3,1,1
SF,IH2006,2020-04-16 09:31:16.800,2688.8000,18723,0,157296660.000,0,-,-,-,-,2688.8000,2688.6000,2688.2000,2688.0000,2687.2000,2689.6000,2689.8000,2690.0000,2690.4000,2690.6000,1,2,1,3,2,3,3,1,1,1
SF,IH2006,2020-04-16 09:31:17.300,2688.8000,18723,0,157296660.000,0,-,-,-,-,2688.8000,2688.6000,2688.2000,2688.0000,2687.2000,2689.4000,2689.6000,2689.8000,2690.0000,2690.4000,1,2,1,3,2,1,3,3,1,1
SF,IH2006,2020-04-16 09:31:17.800,2688.8000,18722,-1,158103300.000,1,0,1,双平,S,2688.8000,2688.6000,2688.2000,2688.0000,2687.2000,2689.4000,2689.6000,2689.8000,2690.0000,2690.4000,1,2,1,3,2,1,3,3,1,1
SF,IH2006,2020-04-16 09:31:18.300,2688.8000,18722,0,158103300.000,0,-,-,-,-,2689.0000,2688.8000,2688.6000,2688.2000,2688.0000,2689.2000,2689.4000,2689.6000,2689.8000,2690.0000,1,1,2,1,3,3,1,3,3,1
SF,IH2006,2020-04-16 09:31:18.800,2689.0000,18721,-1,159716700.000,2,0,2,多平,S,2688.8000,2688.6000,2688.2000,2688.0000,2687.2000,2689.0000,2689.2000,2689.4000,2689.6000,2689.8000,1,2,1,3,2,1,4,1,3,3
SF,IH2006,2020-04-16 09:31:19.300,2689.0000,18721,0,159716700.000,0,-,-,-,-,2688.8000,2688.6000,2688.2000,2688.0000,2687.2000,2689.0000,2689.2000,2689.4000,2689.6000,2689.8000,1,2,1,3,2,1,4,1,3,2
SF,IH2006,2020-04-16 09:31:19.800,2689.0000,18720,-1,160523400.000,1,0,1,双平,S,2688.8000,2688.6000,2688.2000,2688.0000,2687.2000,2689.2000,2689.4000,2689.6000,2689.8000,2690.0000,1,2,1,3,2,4,1,3,3,1
SF,IH2006,2020-04-16 09:31:20.300,2688.8000,18719,-1,161330040.000,1,0,1,双平,S,2688.6000,2688.2000,2688.0000,2687.2000,2687.0000,2689.2000,2689.4000,2689.6000,2689.8000,2690.0000,2,1,3,2,2,4,1,3,3,1
SF,IH2006,2020-04-16 09:31:20.800,2688.8000,18719,0,161330040.000,0,-,-,-,-,2688.6000,2688.2000,2688.0000,2687.2000,2687.0000,2688.8000,2689.2000,2689.4000,2689.6000,2689.8000,3,1,3,2,2,1,4,1,3,3
SF,IH2006,2020-04-16 09:31:22.300,2688.6000,18718,-1,162136620.000,1,0,1,双平,S,2688.6000,2688.2000,2688.0000,2687.2000,2687.0000,2688.8000,2689.2000,2689.4000,2689.6000,2689.8000,2,1,3,2,2,1,4,1,3,3
SF,IH2006,2020-04-16 09:31:22.800,2688.6000,18716,-2,163749780.000,2,0,2,双平,S,2688.4000,2688.2000,2688.0000,2687.2000,2687.0000,2688.6000,2689.2000,2689.4000,2689.6000,2689.8000,1,1,3,2,2,1,4,1,3,3
SF,IH2006,2020-04-16 09:31:23.300,2688.6000,18716,0,163749780.000,0,-,-,-,-,2688.4000,2688.2000,2688.0000,2687.2000,2687.0000,2688.6000,2689.2000,2689.4000,2689.6000,2689.8000,1,1,3,2,2,1,1,1,2,3
SF,IH2006,2020-04-16 09:31:23.800,2688.6000,18716,0,164556360.000,1,0,1,多换,S,2688.4000,2688.2000,2688.0000,2687.2000,2687.0000,2689.2000,2689.4000,2689.6000,2689.8000,2690.0000,1,1,3,2,2,1,1,2,3,1
SF,IH2006,2020-04-16 09:31:24.300,2688.6000,18716,0,164556360.000,0,-,-,-,-,2688.4000,2688.2000,2688.0000,2687.2000,2687.0000,2688.8000,2689.2000,2689.4000,2689.6000,2689.8000,1,1,3,2,2,1,1,1,2,3
SF,IH2006,2020-04-16 09:31:24.800,2688.6000,18715,-1,165362940.000,1,0,1,双平,S,2688.4000,2688.2000,2688.0000,2687.2000,2687.0000,2688.8000,2689.2000,2689.4000,2689.6000,2689.8000,1,1,3,2,2,2,1,1,2,3
SF,IH2006,2020-04-16 09:31:25.300,2688.6000,18715,0,165362940.000,0,-,-,-,-,2688.4000,2688.2000,2688.0000,2687.2000,2687.0000,2688.6000,2688.8000,2689.2000,2689.4000,2689.6000,1,1,3,2,2,1,1,1,1,2
SF,IH2006,2020-04-16 09:31:26.300,2688.8000,18714,-1,166976160.000,2,0,2,多平,S,2688.8000,2688.6000,2688.4000,2688.2000,2688.0000,2689.2000,2689.4000,2689.6000,2689.8000,2690.0000,1,1,1,1,3,1,1,1,3,1
SF,IH2006,2020-04-16 09:31:26.800,2688.8000,18714,0,166976160.000,0,-,-,-,-,2688.8000,2688.6000,2688.4000,2688.2000,2688.0000,2689.2000,2689.4000,2689.6000,2689.8000,2690.0000,1,3,1,2,3,1,1,1,3,1
SF,IH2006,2020-04-16 09:31:27.300,2688.8000,18714,0,167782800.000,1,0,1,多换,S,2688.6000,2688.4000,2688.2000,2688.0000,2687.8000,2688.8000,2689.2000,2689.4000,2689.6000,2689.8000,2,1,2,3,1,1,1,1,1,3
SF,IH2006,2020-04-16 09:31:27.800,2688.8000,18713,-1,168589440.000,1,0,1,双平,S,2689.0000,2688.8000,2688.6000,2688.4000,2688.2000,2689.2000,2689.4000,2689.6000,2689.8000,2690.0000,1,2,1,1,2,1,1,1,3,1
SF,IH2006,2020-04-16 09:31:28.300,2688.8000,18713,0,168589440.000,0,-,-,-,-,2689.0000,2688.8000,2688.6000,2688.4000,2688.2000,2689.2000,2689.4000,2689.6000,2689.8000,2690.0000,1,2,1,1,2,1,1,1,3,1
SF,IH2006,2020-04-16 09:31:28.800,2689.0000,18712,-1,169396140.000,1,0,1,双平,S,2688.8000,2688.6000,2688.4000,2688.2000,2688.0000,2689.2000,2689.4000,2689.6000,2689.8000,2690.0000,2,1,1,2,3,1,1,1,3,1
SF,IH2006,2020-04-16 09:31:29.800,2689.0000,18712,0,169396140.000,0,-,-,-,-,2688.8000,2688.6000,2688.4000,2688.2000,2688.0000,2689.2000,2689.4000,2689.6000,2689.8000,2690.0000,2,1,1,2,3,2,1,1,3,1
SF,IH2006,2020-04-16 09:31:30.300,2689.0000,18712,0,169396140.000,0,-,-,-,-,2688.6000,2688.4000,2688.2000,2688.0000,2687.8000,2689.2000,2689.4000,2689.6000,2689.8000,2690.0000,1,1,2,3,1,2,1,1,3,1
SF,IH2006,2020-04-16 09:31:30.800,2689.0000,18712,0,169396140.000,0,-,-,-,-,2688.6000,2688.4000,2688.2000,2688.0000,2687.8000,2689.0000,2689.2000,2689.4000,2689.6000,2689.8000,1,1,2,3,1,1,2,1,1,3
SF,IH2006,2020-04-16 09:31:31.300,2689.0000,18712,0,169396140.000,0,-,-,-,-,2688.6000,2688.4000,2688.2000,2688.0000,2687.8000,2689.0000,2689.2000,2689.4000,2689.6000,2689.8000,1,1,2,3,1,1,2,1,1,3
SF,IH2006,2020-04-16 09:31:31.800,2688.6000,18711,-1,170202720.000,1,0,1,双平,S,2688.6000,2688.4000,2688.2000,2688.0000,2687.8000,2689.0000,2689.2000,2689.4000,2689.6000,2689.8000,1,1,2,3,1,1,2,1,1,3
SF,IH2006,2020-04-16 09:31:32.300,2689.0000,18711,0,172622640.000,3,1,2,多换,S,2688.4000,2688.2000,2688.0000,2687.8000,2687.4000,2689.2000,2689.4000,2689.6000,2689.8000,2690.0000,1,2,3,1,1,2,1,1,3,1
SF,IH2006,2020-04-16 09:31:32.800,2689.0000,18711,0,172622640.000,0,-,-,-,-,2688.4000,2688.2000,2688.0000,2687.8000,2687.4000,2689.2000,2689.4000,2689.6000,2689.8000,2690.0000,1,2,3,1,1,2,1,1,3,1
SF,IH2006,2020-04-16 09:31:36.800,2689.0000,18711,0,172622640.000,0,-,-,-,-,2688.6000,2688.4000,2688.2000,2688.0000,2687.8000,2689.2000,2689.4000,2689.6000,2689.8000,2690.0000,1,1,2,3,1,2,1,1,3,1
SF,IH2006,2020-04-16 09:31:37.800,2688.6000,18710,-1,173429220.000,1,0,1,双平,S,2688.4000,2688.2000,2688.0000,2687.8000,2687.4000,2689.2000,2689.4000,2689.6000,2689.8000,2690.0000,1,2,3,1,1,2,1,1,3,1
SF,IH2006,2020-04-16 09:31:38.300,2688.6000,18710,0,173429220.000,0,-,-,-,-,2688.4000,2688.2000,2688.0000,2687.8000,2687.4000,2689.2000,2689.4000,2689.6000,2689.8000,2690.0000,1,1,3,1,1,2,1,4,3,1
SF,IH2006,2020-04-16 09:31:38.800,2688.6000,18710,0,173429220.000,0,-,-,-,-,2688.4000,2688.2000,2688.0000,2687.8000,2687.4000,2689.0000,2689.2000,2689.4000,2689.6000,2689.8000,1,1,3,1,1,1,2,1,4,3
SF,IH2006,2020-04-16 09:31:39.300,2688.6000,18710,0,173429220.000,0,-,-,-,-,2688.4000,2688.2000,2688.0000,2687.8000,2687.4000,2689.2000,2689.4000,2689.6000,2689.8000,2690.0000,1,1,3,1,1,2,1,4,4,1
SF,IH2006,2020-04-16 09:31:39.800,2688.6000,18710,0,173429220.000,0,-,-,-,-,2688.4000,2688.2000,2688.0000,2687.8000,2687.4000,2689.0000,2689.2000,2689.4000,2689.6000,2689.8000,1,1,3,1,1,2,2,1,4,4
SF,IH2006,2020-04-16 09:31:40.300,2688.6000,18710,0,173429220.000,0,-,-,-,-,2688.4000,2688.2000,2688.0000,2687.8000,2687.4000,2689.0000,2689.2000,2689.4000,2689.6000,2689.8000,1,1,3,1,1,1,5,1,4,4
SF,IH2006,2020-04-16 09:31:40.800,2688.6000,18710,0,173429220.000,0,-,-,-,-,2688.4000,2688.2000,2688.0000,2687.8000,2687.4000,2689.0000,2689.2000,2689.4000,2689.6000,2689.8000,1,1,3,1,1,2,5,1,4,4
SF,IH2006,2020-04-16 09:31:41.300,2688.4000,18710,0,174235740.000,1,0,1,多换,S,2688.2000,2688.0000,2687.8000,2687.4000,2687.2000,2689.0000,2689.2000,2689.4000,2689.6000,2689.8000,1,3,1,1,3,2,5,1,4,4
SF,IH2006,2020-04-16 09:31:41.800,2688.4000,18710,0,174235740.000,0,-,-,-,-,2688.2000,2688.0000,2687.8000,2687.4000,2687.2000,2688.8000,2689.0000,2689.2000,2689.4000,2689.6000,1,3,1,1,3,1,2,5,1,4
SF,IH2006,2020-04-16 09:31:42.800,2688.4000,18710,0,174235740.000,0,-,-,-,-,2688.0000,2687.8000,2687.4000,2687.2000,2687.0000,2688.6000,2688.8000,2689.0000,2689.2000,2689.4000,3,1,1,3,2,1,1,1,5,1
SF,IH2006,2020-04-16 09:31:43.300,2688.4000,18710,0,174235740.000,0,-,-,-,-,2688.0000,2687.8000,2687.4000,2687.2000,2687.0000,2688.6000,2689.0000,2689.2000,2689.4000,2689.6000,3,1,1,3,2,1,1,2,1,4
SF,IH2006,2020-04-16 09:31:44.300,2688.4000,18710,0,174235740.000,0,-,-,-,-,2688.0000,2687.8000,2687.4000,2687.2000,2687.0000,2688.6000,2689.0000,2689.2000,2689.4000,2689.6000,3,1,1,3,2,4,1,2,1,4
SF,IH2006,2020-04-16 09:31:44.800,2688.4000,18710,0,174235740.000,0,-,-,-,-,2688.0000,2687.8000,2687.4000,2687.2000,2687.0000,2688.6000,2688.8000,2689.0000,2689.2000,2689.4000,3,1,1,3,2,4,1,1,2,1
SF,IH2006,2020-04-16 09:31:45.300,2688.4000,18710,0,174235740.000,0,-,-,-,-,2688.0000,2687.8000,2687.4000,2687.2000,2687.0000,2688.6000,2688.8000,2689.0000,2689.2000,2689.4000,3,1,1,3,2,4,1,1,2,1
SF,IH2006,2020-04-16 09:31:45.800,2688.4000,18710,0,174235740.000,0,-,-,-,-,2688.4000,2688.0000,2687.8000,2687.4000,2687.2000,2688.6000,2688.8000,2689.0000,2689.2000,2689.4000,1,4,1,1,3,4,1,1,2,1
SF,IH2006,2020-04-16 09:31:46.300,2688.0000,18707,-3,176655060.000,3,0,3,双平,S,2688.0000,2687.8000,2687.4000,2687.2000,2687.0000,2688.6000,2689.0000,2689.2000,2689.4000,2689.6000,2,1,1,3,2,4,1,2,1,4
SF,IH2006,2020-04-16 09:31:46.800,2688.6000,18706,-1,177461640.000,1,0,1,双平,S,2688.0000,2687.8000,2687.6000,2687.4000,2687.2000,2688.6000,2688.8000,2689.0000,2689.2000,2689.4000,3,1,1,1,3,3,1,1,2,1
SF,IH2006,2020-04-16 09:31:47.300,2688.6000,18706,0,177461640.000,0,-,-,-,-,2688.0000,2687.8000,2687.6000,2687.4000,2687.2000,2688.4000,2688.6000,2688.8000,2689.0000,2689.2000,3,1,1,1,3,1,3,1,1,2
SF,IH2006,2020-04-16 09:31:47.800,2688.6000,18706,0,177461640.000,0,-,-,-,-,2688.0000,2687.8000,2687.6000,2687.4000,2687.2000,2688.4000,2688.6000,2688.8000,2689.0000,2689.2000,2,1,1,1,3,1,3,1,1,2
SF,IH2006,2020-04-16 09:31:48.300,2688.0000,18706,0,178268040.000,1,0,1,多换,S,2688.0000,2687.8000,2687.6000,2687.4000,2687.2000,2688.4000,2688.6000,2688.8000,2689.0000,2689.2000,1,1,1,1,3,1,3,1,1,2
SF,IH2006,2020-04-16 09:31:48.800,2688.4000,18705,-1,179074560.000,1,0,1,双平,S,2688.0000,2687.8000,2687.6000,2687.4000,2687.2000,2688.6000,2688.8000,2689.0000,2689.2000,2689.4000,1,1,1,1,3,3,1,1,2,1
SF,IH2006,2020-04-16 09:31:50.300,2688.4000,18704,-1,179881080.000,1,0,1,双平,S,2688.0000,2687.8000,2687.6000,2687.4000,2687.2000,2688.6000,2688.8000,2689.0000,2689.2000,2689.4000,1,1,1,1,3,3,1,1,2,1
SF,IH2006,2020-04-16 09:31:54.300,2688.0000,18705,1,180687480.000,1,1,0,双开,S,2687.8000,2687.6000,2687.4000,2687.2000,2687.0000,2688.6000,2688.8000,2689.0000,2689.2000,2689.4000,1,1,1,3,2,3,1,1,2,1
SF,IH2006,2020-04-16 09:31:54.800,2688.0000,18705,0,180687480.000,0,-,-,-,-,2687.8000,2687.6000,2687.4000,2687.2000,2687.0000,2688.0000,2688.6000,2688.8000,2689.0000,2689.2000,1,1,1,3,2,2,3,1,1,2
SF,IH2006,2020-04-16 09:31:55.300,2688.0000,18703,-2,182300280.000,2,0,2,双平,S,2688.0000,2687.8000,2687.6000,2687.4000,2687.2000,2688.6000,2688.8000,2689.0000,2689.2000,2689.4000,1,1,1,1,3,3,1,1,2,1
SF,IH2006,2020-04-16 09:31:55.800,2687.8000,18701,-2,183913020.000,2,0,2,双平,S,2687.6000,2687.4000,2687.2000,2687.0000,2686.6000,2688.6000,2688.8000,2689.0000,2689.2000,2689.4000,1,1,3,2,1,3,1,1,2,1
SF,IH2006,2020-04-16 09:31:56.300,2687.8000,18701,0,183913020.000,0,-,-,-,-,2687.6000,2687.4000,2687.2000,2687.0000,2686.6000,2688.6000,2688.8000,2689.0000,2689.2000,2689.4000,2,1,3,2,1,3,1,1,2,1
SF,IH2006,2020-04-16 09:31:57.300,2687.8000,18701,0,183913020.000,0,-,-,-,-,2687.6000,2687.4000,2687.2000,2687.0000,2686.6000,2688.6000,2688.8000,2689.0000,2689.2000,2689.4000,2,1,3,2,1,3,1,1,2,1
SF,IH2006,2020-04-16 09:31:57.800,2687.6000,18701,0,184719300.000,1,0,1,多换,S,2687.6000,2687.4000,2687.2000,2687.0000,2686.6000,2688.6000,2688.8000,2689.0000,2689.2000,2689.4000,1,1,3,2,1,3,1,1,2,1
SF,IH2006,2020-04-16 09:31:58.300,2687.6000,18701,0,184719300.000,0,-,-,-,-,2687.6000,2687.4000,2687.2000,2687.0000,2686.6000,2688.4000,2688.6000,2688.8000,2689.0000,2689.2000,1,1,3,2,1,1,3,1,1,2
SF,IH2006,2020-04-16 09:31:58.800,2687.6000,18701,0,184719300.000,0,-,-,-,-,2687.6000,2687.4000,2687.2000,2687.0000,2686.6000,2688.4000,2688.6000,2688.8000,2689.0000,2689.2000,1,1,3,2,1,1,3,1,1,2
SF,IH2006,2020-04-16 09:31:59.800,2688.4000,18701,0,185525820.000,1,0,1,多换,S,2687.6000,2687.4000,2687.2000,2687.0000,2686.6000,2688.6000,2688.8000,2689.0000,2689.2000,2689.4000,1,1,3,2,1,3,1,1,2,3
SF,IH2006,2020-04-16 09:32:00.300,2687.6000,18700,-1,186332100.000,1,0,1,双平,S,2687.4000,2687.2000,2687.0000,2686.6000,2686.0000,2687.6000,2688.6000,2689.0000,2689.2000,2689.4000,1,3,2,1,3,3,3,1,2,3
SF,IH2006,2020-04-16 09:32:00.800,2687.6000,18697,-3,188750940.000,3,0,3,双平,S,2687.6000,2687.4000,2687.2000,2687.0000,2686.6000,2688.6000,2689.0000,2689.2000,2689.4000,2689.6000,6,1,3,2,1,3,1,2,3,1
SF,IH2006,2020-04-16 09:32:01.300,2687.6000,18697,0,188750940.000,0,-,-,-,-,2687.8000,2687.4000,2687.2000,2687.0000,2686.6000,2688.4000,2689.0000,2689.2000,2689.4000,2689.6000,1,1,3,2,1,3,1,2,3,1
SF,IH2006,2020-04-16 09:32:01.800,2687.8000,18695,-2,191976300.000,4,1,3,多平,S,2687.2000,2687.0000,2686.6000,2686.0000,2685.6000,2688.4000,2689.0000,2689.2000,2689.4000,2689.6000,3,2,1,3,1,4,1,2,3,1
SF,IH2006,2020-04-16 09:32:02.300,2687.8000,18695,0,191976300.000,0,-,-,-,-,2687.2000,2687.0000,2686.6000,2686.0000,2685.6000,2688.2000,2688.4000,2689.0000,2689.2000,2689.4000,3,2,1,3,1,1,7,1,2,3
SF,IH2006,2020-04-16 09:32:02.800,2687.8000,18695,0,191976300.000,0,-,-,-,-,2687.2000,2687.0000,2686.6000,2686.0000,2685.6000,2688.2000,2688.4000,2689.0000,2689.2000,2689.4000,3,2,1,3,1,1,7,1,2,3
SF,IH2006,2020-04-16 09:32:03.300,2687.8000,18695,0,191976300.000,0,-,-,-,-,2687.2000,2687.0000,2686.6000,2686.0000,2685.6000,2688.2000,2688.4000,2689.0000,2689.2000,2689.4000,3,2,1,3,1,1,7,1,2,3
SF,IH2006,2020-04-16 09:32:03.800,2687.2000,18694,-1,192782460.000,1,0,1,双平,S,2687.2000,2687.0000,2686.6000,2686.0000,2685.6000,2688.2000,2688.4000,2689.0000,2689.2000,2689.4000,2,2,1,3,1,1,7,1,2,3
SF,IH2006,2020-04-16 09:32:04.300,2687.2000,18694,0,192782460.000,0,-,-,-,-,2687.2000,2687.0000,2686.6000,2686.0000,2685.6000,2688.0000,2688.4000,2689.0000,2689.2000,2689.4000,2,2,1,3,1,2,6,1,2,3
SF,IH2006,2020-04-16 09:32:04.800,2687.2000,18694,0,192782460.000,0,-,-,-,-,2687.2000,2687.0000,2686.6000,2686.0000,2685.6000,2688.0000,2688.4000,2689.0000,2689.2000,2689.4000,3,2,1,3,1,1,6,1,2,3
SF,IH2006,2020-04-16 09:32:05.300,2687.2000,18692,-2,195200940.000,3,0,3,多平,S,2687.0000,2686.6000,2686.0000,2685.6000,2685.2000,2687.2000,2688.0000,2688.4000,2689.0000,2689.2000,2,1,3,1,1,1,1,3,1,2
SF,IH2006,2020-04-16 09:32:05.800,2687.2000,18691,-1,196813260.000,2,0,2,多平,S,2687.2000,2687.0000,2686.6000,2686.0000,2685.6000,2688.0000,2688.4000,2689.0000,2689.2000,2689.4000,1,2,1,3,1,1,3,1,2,3
SF,IH2006,2020-04-16 09:32:06.300,2687.2000,18691,0,196813260.000,0,-,-,-,-,2687.0000,2686.6000,2686.0000,2685.6000,2685.2000,2687.2000,2688.0000,2688.4000,2689.0000,2689.2000,2,1,3,1,1,4,2,3,1,2
SF,IH2006,2020-04-16 09:32:06.800,2687.2000,18691,0,196813260.000,0,-,-,-,-,2687.0000,2686.6000,2686.0000,2685.6000,2685.2000,2687.2000,2688.0000,2688.4000,2689.0000,2689.2000,2,1,4,1,1,4,2,3,1,2
SF,IH2006,2020-04-16 09:32:07.300,2687.0000,18690,-1,197619360.000,1,0,1,双平,S,2686.6000,2686.0000,2685.6000,2685.2000,2685.0000,2687.2000,2688.0000,2688.4000,2689.0000,2689.2000,1,4,1,1,5,4,1,3,1,2
SF,IH2006,2020-04-16 09:32:07.800,2687.2000,18689,-1,198425520.000,1,0,1,双平,S,2686.6000,2686.0000,2685.6000,2685.2000,2685.0000,2687.2000,2688.0000,2688.4000,2689.0000,2689.2000,1,4,1,1,5,3,1,3,1,2
SF,IH2006,2020-04-16 09:32:08.300,2686.6000,18688,-1,199231500.000,1,0,1,双平,S,2686.0000,2685.6000,2685.2000,2685.0000,2684.8000,2686.6000,2687.2000,2688.0000,2688.4000,2689.0000,4,1,1,5,2,2,3,1,3,1
SF,IH2006,2020-04-16 09:32:08.800,2686.6000,18685,-3,201649440.000,3,0,3,双平,S,2686.2000,2686.0000,2685.6000,2685.2000,2685.0000,2686.6000,2687.2000,2688.0000,2688.4000,2689.0000,3,4,1,1,5,1,3,1,3,1
SF,IH2006,2020-04-16 09:32:09.300,2686.2000,18682,-3,204873000.000,4,0,4,多平,S,2686.0000,2685.6000,2685.2000,2685.0000,2684.8000,2686.2000,2687.2000,2688.0000,2688.4000,2689.0000,7,1,1,5,2,1,1,1,3,1
SF,IH2006,2020-04-16 09:32:09.800,2686.2000,18681,-1,206484720.000,2,0,2,多平,S,2686.2000,2686.0000,2685.6000,2685.2000,2685.0000,2687.2000,2688.0000,2688.4000,2689.0000,2689.2000,5,4,1,1,5,1,1,3,1,2
SF,IH2006,2020-04-16 09:32:10.300,2686.2000,18679,-2,208096440.000,2,0,2,双平,S,2686.2000,2686.0000,2685.6000,2685.2000,2685.0000,2687.0000,2687.2000,2688.4000,2689.0000,2689.2000,1,4,1,1,5,4,1,3,1,2
SF,IH2006,2020-04-16 09:32:11.300,2686.2000,18678,-1,208902300.000,1,0,1,双平,S,2686.0000,2685.6000,2685.2000,2685.0000,2684.8000,2686.2000,2687.0000,2687.2000,2688.4000,2689.0000,4,1,1,5,2,4,4,2,3,1
SF,IH2006,2020-04-16 09:32:11.800,2686.2000,18675,-3,212125740.000,4,0,4,多平,S,2686.2000,2686.0000,2685.6000,2685.2000,2685.0000,2687.0000,2687.2000,2688.4000,2689.0000,2689.2000,1,4,1,1,4,3,2,3,1,2
SF,IH2006,2020-04-16 09:32:12.300,2686.2000,18676,1,212931600.000,1,1,0,双开,S,2686.2000,2686.0000,2685.6000,2685.2000,2685.0000,2686.8000,2687.0000,2687.2000,2688.4000,2689.0000,2,4,1,1,4,2,3,2,3,1
SF,IH2006,2020-04-16 09:32:12.800,2686.2000,18675,-1,214543500.000,2,0,2,多平,S,2686.2000,2686.0000,2685.6000,2685.2000,2685.0000,2687.0000,2687.2000,2687.6000,2688.4000,2689.0000,1,4,1,1,4,3,2,1,3,1
SF,IH2006,2020-04-16 09:32:13.800,2686.2000,18674,-1,215349360.000,1,0,1,双平,S,2686.0000,2685.6000,2685.2000,2685.0000,2684.8000,2686.2000,2687.0000,2687.2000,2687.6000,2688.4000,4,1,1,4,2,2,3,2,1,3
SF,IH2006,2020-04-16 09:32:14.300,2686.2000,18672,-2,216961080.000,2,0,2,双平,S,2686.2000,2686.0000,2685.6000,2685.2000,2685.0000,2687.0000,2687.2000,2687.6000,2688.4000,2689.0000,1,4,1,1,4,3,2,1,1,1
SF,IH2006,2020-04-16 09:32:14.800,2686.2000,18672,0,216961080.000,0,-,-,-,-,2686.0000,2685.6000,2685.2000,2685.0000,2684.8000,2686.8000,2687.0000,2687.2000,2687.6000,2688.4000,4,1,1,4,2,1,3,2,1,1
SF,IH2006,2020-04-16 09:32:15.300,2686.2000,18672,0,216961080.000,0,-,-,-,-,2686.0000,2685.6000,2685.2000,2685.0000,2684.8000,2687.0000,2687.2000,2687.6000,2688.4000,2689.0000,4,1,1,4,2,3,2,1,1,1
SF,IH2006,2020-04-16 09:32:15.800,2687.0000,18670,-2,221796780.000,6,2,4,多平,S,2687.0000,2686.0000,2685.6000,2685.2000,2685.0000,2687.2000,2687.6000,2688.4000,2689.0000,2689.2000,2,1,1,1,4,1,1,1,1,2
SF,IH2006,2020-04-16 09:32:16.300,2686.0000,18670,0,224214780.000,3,1,2,多换,S,2685.6000,2685.2000,2685.0000,2684.8000,2684.0000,2687.0000,2687.2000,2687.6000,2688.4000,2689.0000,1,1,4,2,1,5,1,1,1,1
SF,IH2006,2020-04-16 09:32:16.800,2686.0000,18670,0,224214780.000,0,-,-,-,-,2686.0000,2685.8000,2685.6000,2685.2000,2685.0000,2686.6000,2686.8000,2687.0000,2687.2000,2687.6000,1,2,3,1,4,1,1,1,1,1
SF,IH2006,2020-04-16 09:32:17.300,2686.0000,18669,-1,225020580.000,1,0,1,双平,S,2685.8000,2685.6000,2685.2000,2685.0000,2684.8000,2686.6000,2687.0000,2687.2000,2687.6000,2688.4000,2,3,1,4,2,1,1,6,1,1
SF,IH2006,2020-04-16 09:32:17.800,2686.0000,18669,0,225020580.000,0,-,-,-,-,2686.2000,2685.8000,2685.6000,2685.2000,2685.0000,2686.6000,2687.0000,2687.2000,2687.6000,2688.4000,2,3,3,1,4,1,1,6,1,1
SF,IH2006,2020-04-16 09:32:18.300,2686.0000,18669,0,225020580.000,0,-,-,-,-,2686.2000,2686.0000,2685.8000,2685.6000,2685.2000,2686.6000,2687.0000,2687.2000,2687.6000,2688.4000,2,1,3,3,1,1,1,6,1,1
SF,IH2006,2020-04-16 09:32:18.800,2686.0000,18669,0,225826380.000,1,0,1,多换,S,2686.2000,2686.0000,2685.8000,2685.6000,2685.2000,2686.6000,2687.0000,2687.2000,2687.6000,2688.4000,1,1,3,3,1,1,1,6,1,1
SF,IH2006,2020-04-16 09:32:19.300,2686.2000,18669,0,226632240.000,1,0,1,多换,S,2686.0000,2685.8000,2685.6000,2685.2000,2685.0000,2686.2000,2686.6000,2687.0000,2687.2000,2687.6000,1,1,1,1,4,3,1,1,6,1
SF,IH2006,2020-04-16 09:32:19.800,2686.0000,18668,-1,227438040.000,1,0,1,双平,S,2685.8000,2685.6000,2685.2000,2685.0000,2684.8000,2686.2000,2686.6000,2687.0000,2687.2000,2687.6000,1,1,1,4,2,3,1,1,5,1
SF,IH2006,2020-04-16 09:32:20.300,2686.0000,18668,0,227438040.000,0,-,-,-,-,2685.8000,2685.6000,2685.2000,2685.0000,2684.8000,2686.2000,2686.6000,2687.0000,2687.2000,2687.6000,1,1,1,4,2,3,1,1,5,1
SF,IH2006,2020-04-16 09:32:21.300,2685.8000,18668,0,228243780.000,1,0,1,多换,S,2685.6000,2685.2000,2685.0000,2684.8000,2684.4000,2685.8000,2686.2000,2686.6000,2687.0000,2687.2000,1,1,4,2,1,2,3,1,1,5
SF,IH2006,2020-04-16 09:32:21.800,2685.8000,18668,0,228243780.000,0,-,-,-,-,2685.6000,2685.2000,2685.0000,2684.8000,2684.4000,2685.8000,2686.2000,2686.6000,2687.0000,2687.2000,1,1,4,3,1,2,3,1,1,5
SF,IH2006,2020-04-16 09:32:22.300,2685.6000,18668,0,229049460.000,1,0,1,多换,S,2685.2000,2685.0000,2684.8000,2684.4000,2684.0000,2685.8000,2686.2000,2686.6000,2687.0000,2687.2000,1,4,3,1,1,2,3,1,1,5
SF,IH2006,2020-04-16 09:32:22.800,2685.6000,18668,0,229049460.000,0,-,-,-,-,2685.0000,2684.8000,2684.4000,2684.0000,2683.8000,2685.8000,2686.2000,2686.6000,2687.0000,2687.2000,5,3,1,1,1,2,3,1,1,5
SF,IH2006,2020-04-16 09:32:23.300,2685.6000,18668,0,229049460.000,0,-,-,-,-,2685.2000,2685.0000,2684.8000,2684.4000,2684.0000,2685.8000,2686.2000,2686.6000,2687.0000,2687.2000,1,5,3,1,1,2,3,1,1,5
SF,IH2006,2020-04-16 09:32:23.800,2685.6000,18668,0,229049460.000,0,-,-,-,-,2685.2000,2685.0000,2684.8000,2684.4000,2684.0000,2685.8000,2686.2000,2686.6000,2687.0000,2687.2000,1,5,3,1,1,1,3,1,1,5
SF,IH2006,2020-04-16 09:32:24.300,2685.6000,18668,0,229049460.000,0,-,-,-,-,2685.2000,2685.0000,2684.8000,2684.4000,2684.0000,2685.8000,2686.2000,2686.6000,2687.0000,2687.2000,2,5,3,1,1,1,3,1,1,5
SF,IH2006,2020-04-16 09:32:24.800,2685.2000,18667,-1,230660580.000,2,0,2,多平,S,2685.0000,2684.8000,2684.4000,2684.0000,2683.8000,2685.2000,2685.8000,2686.2000,2686.6000,2687.0000,5,3,1,1,1,1,1,3,1,1
SF,IH2006,2020-04-16 09:32:25.300,2685.2000,18666,-1,231466140.000,1,0,1,双平,S,2685.4000,2685.2000,2685.0000,2684.8000,2684.4000,2685.8000,2686.2000,2686.6000,2687.0000,2687.2000,1,2,5,3,1,1,3,1,1,5
SF,IH2006,2020-04-16 09:32:25.800,2685.4000,18665,-1,232271760.000,1,0,1,双平,S,2685.2000,2685.0000,2684.8000,2684.4000,2684.0000,2685.8000,2686.2000,2686.6000,2687.0000,2687.2000,2,5,3,1,1,1,3,1,1,5
SF,IH2006,2020-04-16 09:32:26.300,2685.4000,18665,0,232271760.000,0,-,-,-,-,2685.2000,2685.0000,2684.8000,2684.4000,2684.0000,2685.8000,2686.2000,2686.6000,2687.2000,2687.6000,1,5,3,1,1,1,3,1,5,1
SF,IH2006,2020-04-16 09:32:26.800,2685.4000,18665,0,232271760.000,0,-,-,-,-,2685.2000,2685.0000,2684.8000,2684.4000,2684.0000,2685.8000,2686.2000,2686.6000,2687.2000,2687.6000,1,5,3,1,1,1,3,1,5,1
SF,IH2006,2020-04-16 09:32:27.300,2685.2000,18666,1,233077320.000,1,1,0,双开,S,2685.0000,2684.8000,2684.4000,2684.0000,2683.8000,2685.2000,2685.8000,2686.2000,2686.6000,2687.2000,5,3,1,1,1,1,1,3,1,5
SF,IH2006,2020-04-16 09:32:27.800,2685.2000,18666,0,233882880.000,1,0,1,多换,S,2685.2000,2685.0000,2684.8000,2684.4000,2684.0000,2685.8000,2686.2000,2686.6000,2687.2000,2687.6000,2,5,3,1,1,1,3,1,5,1
SF,IH2006,2020-04-16 09:32:28.300,2685.2000,18666,0,233882880.000,0,-,-,-,-,2685.0000,2684.8000,2684.4000,2684.0000,2683.8000,2685.8000,2686.2000,2686.6000,2687.2000,2687.6000,5,3,1,1,1,1,3,1,5,1
SF,IH2006,2020-04-16 09:32:28.800,2685.0000,18666,0,234688380.000,1,0,1,多换,S,2685.0000,2684.8000,2684.4000,2684.0000,2683.8000,2685.8000,2686.2000,2686.6000,2687.2000,2687.6000,4,3,1,1,1,1,3,1,5,1
SF,IH2006,2020-04-16 09:32:29.300,2685.0000,18666,0,235493880.000,1,0,1,多换,S,2685.0000,2684.8000,2684.4000,2684.0000,2683.8000,2685.8000,2686.2000,2686.6000,2687.2000,2687.6000,3,3,1,1,1,1,3,1,5,1
SF,IH2006,2020-04-16 09:32:29.800,2685.0000,18666,0,235493880.000,0,-,-,-,-,2685.0000,2684.8000,2684.4000,2684.0000,2683.8000,2685.6000,2685.8000,2686.2000,2686.6000,2687.2000,2,3,1,1,1,1,1,3,1,5
SF,IH2006,2020-04-16 09:32:30.300,2685.0000,18666,0,235493880.000,0,-,-,-,-,2685.0000,2684.8000,2684.4000,2684.0000,2683.8000,2685.8000,2686.2000,2686.6000,2687.2000,2687.6000,2,4,1,1,1,1,3,1,5,1
SF,IH2006,2020-04-16 09:32:31.300,2685.0000,18664,-2,237910380.000,3,0,3,多平,S,2684.8000,2684.4000,2684.0000,2683.8000,2683.2000,2685.8000,2686.2000,2686.6000,2687.2000,2687.6000,4,1,1,1,3,1,3,1,5,1
SF,IH2006,2020-04-16 09:32:31.800,2685.0000,18663,-1,238715880.000,1,0,1,双平,S,2685.0000,2684.8000,2684.4000,2684.0000,2683.8000,2685.8000,2686.2000,2686.6000,2687.2000,2687.6000,7,4,1,1,1,1,3,1,5,1
SF,IH2006,2020-04-16 09:32:32.300,2685.0000,18663,0,238715880.000,0,-,-,-,-,2684.8000,2684.4000,2684.0000,2683.8000,2683.2000,2685.8000,2686.2000,2686.6000,2687.2000,2687.6000,4,1,1,1,3,1,3,1,5,1
SF,IH2006,2020-04-16 09:32:32.800,2685.0000,18663,0,238715880.000,0,-,-,-,-,2685.0000,2684.8000,2684.4000,2684.0000,2683.8000,2685.8000,2686.2000,2686.6000,2687.2000,2687.6000,8,4,1,1,1,1,3,1,5,1
SF,IH2006,2020-04-16 09:32:33.800,2685.0000,18663,0,238715880.000,0,-,-,-,-,2685.0000,2684.8000,2684.4000,2684.0000,2683.8000,2685.8000,2686.2000,2686.6000,2687.2000,2687.6000,1,4,1,1,1,1,3,1,5,1
SF,IH2006,2020-04-16 09:32:34.300,2685.8000,18662,-1,240327120.000,2,0,2,多平,S,2684.8000,2684.4000,2684.0000,2683.8000,2683.2000,2686.2000,2686.6000,2687.2000,2687.6000,2688.0000,4,1,1,1,3,3,1,5,1,1
SF,IH2006,2020-04-16 09:32:34.800,2685.8000,18662,0,240327120.000,0,-,-,-,-,2685.0000,2684.8000,2684.4000,2684.0000,2683.8000,2685.6000,2686.0000,2686.2000,2686.6000,2687.2000,1,4,1,1,1,1,2,3,1,5
SF,IH2006,2020-04-16 09:32:35.300,2685.8000,18662,0,240327120.000,0,-,-,-,-,2685.0000,2684.8000,2684.4000,2684.0000,2683.8000,2685.6000,2686.0000,2686.2000,2686.6000,2687.2000,1,4,1,1,1,1,2,3,1,5
SF,IH2006,2020-04-16 09:32:35.800,2685.0000,18661,-1,241132620.000,1,0,1,双平,S,2684.8000,2684.4000,2684.0000,2683.8000,2683.2000,2685.6000,2686.0000,2686.2000,2686.6000,2687.2000,4,1,1,1,3,1,2,3,1,5
SF,IH2006,2020-04-16 09:32:36.800,2684.8000,18660,-1,241938060.000,1,0,1,双平,S,2684.8000,2684.4000,2684.0000,2683.8000,2683.2000,2685.6000,2686.0000,2686.2000,2686.6000,2687.2000,2,1,1,1,3,1,2,3,1,5
SF,IH2006,2020-04-16 09:32:37.800,2684.8000,18659,-1,242743500.000,1,0,1,双平,S,2684.8000,2684.4000,2684.0000,2683.8000,2683.2000,2685.6000,2686.0000,2686.2000,2686.6000,2687.2000,1,1,1,1,3,1,2,3,1,5
SF,IH2006,2020-04-16 09:32:38.300,2684.8000,18659,0,243548940.000,1,0,1,多换,S,2684.4000,2684.0000,2683.8000,2683.2000,2683.0000,2685.6000,2686.0000,2686.2000,2686.6000,2687.2000,1,1,1,3,3,1,2,3,1,5
SF,IH2006,2020-04-16 09:32:38.800,2685.4000,18658,-1,244354560.000,1,0,1,双平,S,2684.6000,2684.4000,2684.0000,2683.8000,2683.2000,2685.6000,2686.0000,2686.2000,2686.6000,2687.2000,2,1,1,1,3,1,1,3,1,5
SF,IH2006,2020-04-16 09:32:39.300,2685.4000,18658,0,244354560.000,0,-,-,-,-,2684.6000,2684.4000,2684.0000,2683.8000,2683.2000,2685.6000,2686.0000,2686.2000,2686.6000,2687.2000,2,1,1,1,3,1,1,3,1,5
SF,IH2006,2020-04-16 09:32:39.800,2685.4000,18658,0,244354560.000,0,-,-,-,-,2684.6000,2684.4000,2684.0000,2683.8000,2683.2000,2685.4000,2685.6000,2686.0000,2686.2000,2686.6000,2,1,1,1,3,1,1,1,3,1
SF,IH2006,2020-04-16 09:32:40.800,2685.4000,18658,0,244354560.000,0,-,-,-,-,2684.8000,2684.6000,2684.4000,2684.0000,2683.8000,2685.4000,2686.0000,2686.2000,2686.6000,2687.2000,1,2,1,1,1,1,1,3,1,5
SF,IH2006,2020-04-16 09:32:41.300,2685.4000,18658,0,244354560.000,0,-,-,-,-,2684.8000,2684.6000,2684.4000,2684.0000,2683.8000,2686.0000,2686.2000,2686.6000,2687.2000,2687.6000,2,2,1,1,1,1,3,1,5,1
SF,IH2006,2020-04-16 09:32:41.800,2685.4000,18658,0,244354560.000,0,-,-,-,-,2684.8000,2684.6000,2684.4000,2684.0000,2683.8000,2685.8000,2686.0000,2686.2000,2686.6000,2687.2000,2,2,1,1,1,2,1,3,1,5
SF,IH2006,2020-04-16 09:32:42.300,2685.4000,18658,0,244354560.000,0,-,-,-,-,2684.8000,2684.6000,2684.4000,2684.2000,2684.0000,2685.8000,2686.0000,2686.2000,2686.6000,2687.2000,2,2,1,1,1,2,1,3,1,5
SF,IH2006,2020-04-16 09:32:42.800,2685.4000,18658,0,244354560.000,0,-,-,-,-,2684.8000,2684.6000,2684.4000,2684.2000,2684.0000,2685.6000,2685.8000,2686.0000,2686.2000,2686.6000,2,2,1,1,1,1,2,1,3,1
SF,IH2006,2020-04-16 09:32:43.300,2685.4000,18658,0,244354560.000,0,-,-,-,-,2684.8000,2684.6000,2684.4000,2684.2000,2684.0000,2685.6000,2685.8000,2686.0000,2686.2000,2686.6000,2,2,1,1,1,1,1,1,3,1
SF,IH2006,2020-04-16 09:32:44.300,2684.8000,18657,-1,245160000.000,1,0,1,双平,S,2684.8000,2684.6000,2684.4000,2684.2000,2684.0000,2685.8000,2686.0000,2686.2000,2686.6000,2687.2000,1,2,1,1,1,1,1,3,1,5
SF,IH2006,2020-04-16 09:32:44.800,2685.8000,18656,-1,245965740.000,1,0,1,双平,S,2685.0000,2684.8000,2684.6000,2684.4000,2684.2000,2686.0000,2686.2000,2686.6000,2687.2000,2687.6000,1,1,1,1,1,1,3,1,5,1
SF,IH2006,2020-04-16 09:32:45.800,2685.8000,18656,0,245965740.000,0,-,-,-,-,2685.0000,2684.8000,2684.4000,2684.2000,2684.0000,2685.8000,2686.0000,2686.2000,2686.6000,2687.2000,1,1,1,1,2,1,1,3,1,5
SF,IH2006,2020-04-16 09:32:46.800,2685.8000,18657,1,246771480.000,1,1,0,双开,S,2685.0000,2684.8000,2684.4000,2684.2000,2684.0000,2686.0000,2686.2000,2686.6000,2687.2000,2687.6000,1,1,1,1,2,1,3,1,5,1
SF,IH2006,2020-04-16 09:32:47.300,2686.0000,18657,0,247577280.000,1,0,1,多换,S,2685.2000,2685.0000,2684.8000,2684.4000,2684.2000,2686.2000,2686.6000,2687.2000,2687.6000,2688.0000,1,1,1,1,1,3,1,5,1,1
SF,IH2006,2020-04-16 09:32:47.800,2686.0000,18657,0,247577280.000,0,-,-,-,-,2685.4000,2685.2000,2685.0000,2684.8000,2684.4000,2685.8000,2686.0000,2686.2000,2686.6000,2687.2000,2,1,1,1,1,1,3,3,1,5
SF,IH2006,2020-04-16 09:32:48.300,2686.0000,18656,-1,249188700.000,2,0,2,多平,S,2685.4000,2685.2000,2685.0000,2684.8000,2684.4000,2686.2000,2686.6000,2687.2000,2687.6000,2688.0000,1,1,1,1,1,3,1,5,1,1
SF,IH2006,2020-04-16 09:32:48.800,2686.0000,18656,0,249188700.000,0,-,-,-,-,2685.4000,2685.2000,2685.0000,2684.8000,2684.4000,2685.8000,2686.0000,2686.2000,2686.6000,2687.2000,1,1,2,1,1,1,1,3,1,5
SF,IH2006,2020-04-16 09:32:49.300,2686.0000,18657,1,249994500.000,1,1,0,双开,S,2685.4000,2685.2000,2685.0000,2684.8000,2684.4000,2686.0000,2686.2000,2686.6000,2687.2000,2687.6000,1,1,1,1,1,1,3,1,5,1
SF,IH2006,2020-04-16 09:32:49.800,2686.0000,18657,0,249994500.000,0,-,-,-,-,2685.4000,2685.2000,2685.0000,2684.8000,2684.4000,2686.0000,2686.2000,2686.6000,2687.2000,2687.6000,1,1,1,1,1,1,4,1,5,1
SF,IH2006,2020-04-16 09:32:51.800,2686.0000,18656,-1,250800300.000,1,0,1,双平,S,2685.4000,2685.2000,2685.0000,2684.8000,2684.4000,2686.2000,2686.6000,2687.2000,2687.6000,2688.0000,1,1,1,1,1,4,1,5,1,1
SF,IH2006,2020-04-16 09:32:52.800,2686.0000,18656,0,250800300.000,0,-,-,-,-,2685.4000,2685.2000,2685.0000,2684.8000,2684.4000,2686.2000,2686.6000,2687.2000,2687.6000,2688.0000,1,1,1,1,1,4,1,5,1,1
SF,IH2006,2020-04-16 09:32:53.800,2686.2000,18655,-1,251606160.000,1,0,1,双平,S,2685.4000,2685.2000,2685.0000,2684.8000,2684.4000,2686.2000,2686.6000,2687.6000,2688.0000,2688.4000,1,1,1,1,1,3,1,1,1,1
SF,IH2006,2020-04-16 09:32:54.300,2685.0000,18655,0,254828700.000,4,2,2,多换,S,2684.8000,2684.4000,2684.2000,2684.0000,2683.8000,2685.0000,2686.0000,2686.2000,2686.6000,2687.6000,1,1,1,2,1,2,1,2,1,1
SF,IH2006,2020-04-16 09:32:54.800,2685.0000,18655,0,256439700.000,2,1,1,多换,S,2685.0000,2684.8000,2684.4000,2684.2000,2684.0000,2686.0000,2686.2000,2686.6000,2687.6000,2688.0000,5,2,1,1,2,1,2,1,1,1
SF,IH2006,2020-04-16 09:32:55.300,2685.0000,18655,0,256439700.000,0,-,-,-,-,2685.0000,2684.8000,2684.4000,2684.2000,2684.0000,2686.0000,2686.2000,2686.6000,2687.6000,2688.0000,5,1,1,1,2,1,2,1,1,1
SF,IH2006,2020-04-16 09:32:55.800,2685.8000,18654,-1,257245440.000,1,0,1,双平,S,2685.4000,2685.0000,2684.8000,2684.4000,2684.2000,2686.0000,2686.2000,2686.6000,2687.6000,2688.0000,1,5,1,1,1,1,2,1,1,1
SF,IH2006,2020-04-16 09:32:56.800,2685.4000,18654,0,258051060.000,1,0,1,多换,S,2685.0000,2684.8000,2684.4000,2684.2000,2684.0000,2685.4000,2685.8000,2686.0000,2686.2000,2686.6000,5,1,1,1,2,1,2,1,2,1
SF,IH2006,2020-04-16 09:32:57.300,2685.4000,18653,-1,258856680.000,1,0,1,双平,S,2685.4000,2685.2000,2685.0000,2684.8000,2684.4000,2685.8000,2686.0000,2686.2000,2686.6000,2687.6000,1,1,3,1,1,1,1,2,1,1
SF,IH2006,2020-04-16 09:33:00.300,2685.4000,18653,0,258856680.000,0,-,-,-,-,2685.8000,2685.4000,2685.2000,2685.0000,2684.8000,2686.0000,2686.2000,2686.6000,2687.6000,2688.0000,1,1,1,3,1,1,2,1,1,1
SF,IH2006,2020-04-16 09:33:00.800,2686.0000,18651,-2,262080000.000,4,1,3,多平,S,2686.0000,2685.8000,2685.2000,2685.0000,2684.8000,2686.6000,2687.6000,2688.0000,2688.4000,2688.8000,1,2,1,2,1,1,1,1,1,1
SF,IH2006,2020-04-16 09:33:01.300,2686.6000,18650,-1,263691900.000,2,0,2,多平,S,2686.2000,2686.0000,2685.8000,2685.2000,2685.0000,2687.6000,2688.0000,2688.4000,2688.8000,2689.0000,1,1,2,1,2,1,1,1,1,1
SF,IH2006,2020-04-16 09:33:01.800,2686.0000,18649,-1,265303560.000,2,0,2,多平,S,2685.8000,2685.2000,2685.0000,2684.8000,2684.4000,2687.2000,2687.4000,2687.6000,2688.0000,2688.4000,2,1,3,1,1,1,3,1,1,1
SF,IH2006,2020-04-16 09:33:02.300,2685.8000,18650,1,266915040.000,2,1,1,空开,S,2685.2000,2685.0000,2684.8000,2684.4000,2684.2000,2686.6000,2687.0000,2687.2000,2687.4000,2687.6000,1,3,1,1,1,1,2,1,2,1
SF,IH2006,2020-04-16 09:33:02.800,2685.8000,18650,0,266915040.000,0,-,-,-,-,2686.0000,2685.8000,2685.6000,2685.4000,2685.2000,2686.6000,2687.0000,2687.2000,2687.4000,2687.6000,1,1,2,14,2,1,1,1,2,1
SF,IH2006,2020-04-16 09:33:03.300,2685.8000,18650,0,266915040.000,0,-,-,-,-,2686.2000,2686.0000,2685.4000,2685.2000,2685.0000,2687.0000,2687.4000,2687.6000,2688.0000,2688.4000,1,1,12,1,3,1,1,1,1,1
SF,IH2006,2020-04-16 09:33:03.800,2685.8000,18650,0,266915040.000,0,-,-,-,-,2686.2000,2686.0000,2685.4000,2685.2000,2685.0000,2686.8000,2687.0000,2687.4000,2687.6000,2688.0000,1,1,5,1,3,1,1,1,1,1
SF,IH2006,2020-04-16 09:33:04.300,2686.0000,18649,-1,267720840.000,1,0,1,双平,S,2686.2000,2686.0000,2685.6000,2685.4000,2685.2000,2687.0000,2687.4000,2687.6000,2688.0000,2688.4000,1,1,1,5,1,1,1,1,1,1
SF,IH2006,2020-04-16 09:33:04.800,2687.0000,18648,-1,268526940.000,1,0,1,双平,S,2686.2000,2686.0000,2685.6000,2685.4000,2685.2000,2687.4000,2687.6000,2688.0000,2688.4000,2688.8000,1,4,1,5,1,1,1,1,1,1
SF,IH2006,2020-04-16 09:33:05.300,2687.0000,18648,0,268526940.000,0,-,-,-,-,2686.2000,2686.0000,2685.6000,2685.4000,2685.2000,2686.8000,2687.2000,2687.4000,2687.6000,2688.0000,1,1,1,5,1,1,3,1,1,1
SF,IH2006,2020-04-16 09:33:05.800,2687.0000,18648,0,268526940.000,0,-,-,-,-,2686.2000,2686.0000,2685.6000,2685.4000,2685.2000,2687.2000,2687.6000,2688.0000,2688.4000,2688.8000,1,4,1,3,1,2,1,1,1,1
SF,IH2006,2020-04-16 09:33:06.300,2687.0000,18648,0,268526940.000,0,-,-,-,-,2686.2000,2686.0000,2685.6000,2685.4000,2685.2000,2687.0000,2687.2000,2687.6000,2688.0000,2688.4000,1,1,1,3,1,1,2,1,1,1
SF,IH2006,2020-04-16 09:33:06.800,2687.0000,18648,0,268526940.000,0,-,-,-,-,2686.2000,2686.0000,2685.4000,2685.2000,2685.0000,2686.8000,2687.2000,2687.6000,2688.0000,2688.4000,1,1,3,1,3,1,1,1,1,1
SF,IH2006,2020-04-16 09:33:07.300,2687.0000,18648,0,268526940.000,0,-,-,-,-,2686.4000,2686.2000,2686.0000,2685.4000,2685.2000,2687.2000,2687.6000,2688.0000,2688.4000,2688.8000,1,1,4,3,1,1,1,1,2,1
SF,IH2006,2020-04-16 09:33:07.800,2687.0000,18648,0,268526940.000,0,-,-,-,-,2686.6000,2686.4000,2686.0000,2685.4000,2685.2000,2687.0000,2687.2000,2687.6000,2688.0000,2688.4000,1,1,1,3,1,1,1,1,1,2
SF,IH2006,2020-04-16 09:33:08.300,2687.0000,18648,0,268526940.000,0,-,-,-,-,2686.6000,2686.4000,2686.0000,2685.4000,2685.2000,2687.0000,2687.2000,2687.6000,2688.0000,2688.4000,1,1,1,3,1,1,1,1,1,2
SF,IH2006,2020-04-16 09:33:09.800,2687.0000,18646,-2,270139020.000,2,0,2,双平,S,2686.8000,2686.4000,2686.0000,2685.4000,2685.2000,2687.2000,2687.6000,2688.0000,2688.4000,2688.8000,1,1,1,3,1,1,1,1,2,1
SF,IH2006,2020-04-16 09:33:10.300,2686.8000,18645,-1,270945060.000,1,0,1,双平,S,2686.4000,2685.4000,2685.2000,2685.0000,2684.8000,2687.2000,2687.6000,2688.0000,2688.4000,2688.8000,1,3,1,3,1,1,1,1,2,1
SF,IH2006,2020-04-16 09:33:10.800,2686.8000,18645,0,270945060.000,0,-,-,-,-,2685.4000,2685.2000,2685.0000,2684.8000,2684.4000,2687.2000,2687.6000,2688.4000,2688.8000,2689.0000,3,1,3,1,1,1,1,2,1,1
SF,IH2006,2020-04-16 09:33:11.300,2686.8000,18645,0,270945060.000,0,-,-,-,-,2686.0000,2685.8000,2685.6000,2685.4000,2685.2000,2687.0000,2687.2000,2687.6000,2688.4000,2688.8000,3,1,13,4,2,2,1,1,2,1
SF,IH2006,2020-04-16 09:33:11.800,2687.0000,18646,1,271751160.000,1,1,0,双开,S,2686.2000,2686.0000,2685.8000,2685.6000,2685.4000,2687.2000,2687.6000,2688.4000,2688.8000,2689.0000,8,4,1,11,1,1,1,2,1,1
SF,IH2006,2020-04-16 09:33:12.300,2687.0000,18646,0,271751160.000,0,-,-,-,-,2686.2000,2686.0000,2685.8000,2685.6000,2685.4000,2687.6000,2688.4000,2688.8000,2689.0000,2689.2000,8,3,1,11,1,1,2,1,1,2
SF,IH2006,2020-04-16 09:33:12.800,2687.0000,18646,0,271751160.000,0,-,-,-,-,2686.4000,2686.2000,2686.0000,2685.8000,2685.6000,2687.6000,2688.4000,2688.8000,2689.0000,2689.2000,1,8,3,1,11,1,2,1,1,2
SF,IH2006,2020-04-16 09:33:13.300,2687.0000,18646,0,271751160.000,0,-,-,-,-,2686.6000,2686.4000,2686.2000,2686.0000,2685.8000,2687.4000,2687.6000,2688.4000,2688.8000,2689.0000,6,1,2,3,1,1,1,2,1,1
SF,IH2006,2020-04-16 09:33:13.800,2687.0000,18646,0,271751160.000,0,-,-,-,-,2686.6000,2686.4000,2686.2000,2686.0000,2685.8000,2687.4000,2687.6000,2688.4000,2688.8000,2689.0000,4,1,2,3,1,1,1,2,1,1
SF,IH2006,2020-04-16 09:33:14.800,2687.0000,18646,0,271751160.000,0,-,-,-,-,2686.6000,2686.4000,2686.2000,2686.0000,2685.8000,2687.4000,2687.6000,2688.4000,2688.8000,2689.0000,4,1,2,3,1,1,1,2,1,1
SF,IH2006,2020-04-16 09:33:15.300,2687.0000,18646,0,271751160.000,0,-,-,-,-,2686.6000,2686.4000,2686.2000,2686.0000,2685.8000,2687.2000,2687.4000,2687.6000,2688.4000,2688.8000,4,1,2,3,1,1,1,1,2,1
SF,IH2006,2020-04-16 09:33:15.800,2687.2000,18646,0,272557320.000,1,0,1,多换,S,2686.6000,2686.4000,2686.2000,2686.0000,2685.8000,2687.4000,2687.6000,2688.4000,2688.8000,2689.0000,1,1,3,3,1,1,1,2,1,1
SF,IH2006,2020-04-16 09:33:16.300,2687.2000,18646,0,272557320.000,0,-,-,-,-,2686.6000,2686.4000,2686.2000,2686.0000,2685.8000,2687.4000,2687.6000,2688.4000,2688.8000,2689.0000,1,1,3,3,1,1,1,2,1,1
SF,IH2006,2020-04-16 09:33:17.300,2687.2000,18646,0,272557320.000,0,-,-,-,-,2686.6000,2686.4000,2686.2000,2686.0000,2685.8000,2687.2000,2687.4000,2687.6000,2688.4000,2688.8000,1,1,3,3,1,1,1,1,2,1
SF,IH2006,2020-04-16 09:33:17.800,2686.6000,18646,0,273363300.000,1,0,1,多换,S,2686.4000,2686.2000,2686.0000,2685.8000,2685.6000,2687.2000,2687.4000,2687.6000,2688.4000,2688.8000,1,3,3,1,9,1,1,1,2,1
SF,IH2006,2020-04-16 09:33:18.300,2687.0000,18647,1,274169400.000,1,1,0,双开,S,2686.6000,2686.4000,2686.2000,2686.0000,2685.8000,2687.2000,2687.4000,2687.6000,2688.4000,2688.8000,8,1,3,3,1,1,1,1,2,1
SF,IH2006,2020-04-16 09:33:18.800,2687.2000,18647,0,274975560.000,1,0,1,多换,S,2686.6000,2686.2000,2686.0000,2685.8000,2685.6000,2687.4000,2687.6000,2688.4000,2688.8000,2689.0000,1,3,3,1,2,1,1,2,1,1
SF,IH2006,2020-04-16 09:33:19.300,2687.2000,18647,0,274975560.000,0,-,-,-,-,2686.6000,2686.2000,2686.0000,2685.8000,2685.6000,2687.4000,2687.6000,2688.4000,2688.8000,2689.0000,1,3,3,1,2,1,1,2,1,1
SF,IH2006,2020-04-16 09:33:19.800,2687.2000,18647,0,274975560.000,0,-,-,-,-,2686.6000,2686.2000,2686.0000,2685.8000,2685.6000,2687.4000,2687.6000,2688.4000,2688.8000,2689.0000,1,3,3,1,2,1,2,2,1,1
SF,IH2006,2020-04-16 09:33:20.300,2687.4000,18647,0,276588000.000,2,1,1,多换,S,2686.6000,2686.2000,2686.0000,2685.8000,2685.6000,2687.6000,2688.4000,2688.8000,2689.0000,2689.2000,1,3,3,1,2,2,2,1,1,2
SF,IH2006,2020-04-16 09:33:20.800,2687.4000,18647,0,276588000.000,0,-,-,-,-,2686.8000,2686.6000,2686.2000,2686.0000,2685.8000,2687.6000,2688.4000,2688.8000,2689.0000,2689.2000,1,1,3,3,1,2,2,1,1,2
SF,IH2006,2020-04-16 09:33:21.300,2687.4000,18647,0,276588000.000,0,-,-,-,-,2686.8000,2686.6000,2686.2000,2686.0000,2685.8000,2687.4000,2687.6000,2688.4000,2688.8000,2689.0000,5,2,3,3,1,1,2,2,1,1
SF,IH2006,2020-04-16 09:33:21.800,2687.4000,18647,0,276588000.000,0,-,-,-,-,2686.8000,2686.6000,2686.2000,2686.0000,2685.8000,2687.4000,2687.6000,2688.4000,2688.8000,2689.2000,1,1,3,3,1,1,2,2,1,2
SF,IH2006,2020-04-16 09:33:22.300,2687.4000,18647,0,276588000.000,0,-,-,-,-,2686.8000,2686.6000,2686.2000,2686.0000,2685.8000,2687.2000,2687.4000,2687.6000,2688.4000,2688.8000,1,1,3,3,1,1,1,2,2,1
SF,IH2006,2020-04-16 09:33:22.800,2687.4000,18646,-1,278200380.000,2,0,2,多平,S,2686.8000,2686.6000,2686.2000,2686.0000,2685.8000,2687.6000,2688.4000,2688.8000,2689.2000,2689.6000,1,1,3,3,1,2,2,1,2,1
SF,IH2006,2020-04-16 09:33:23.300,2687.0000,18647,1,279812760.000,2,1,1,空开,S,2686.8000,2686.6000,2686.2000,2686.0000,2685.8000,2687.6000,2688.4000,2688.8000,2689.2000,2689.6000,1,2,3,3,1,1,2,1,2,1
SF,IH2006,2020-04-16 09:33:23.800,2687.0000,18647,0,279812760.000,0,-,-,-,-,2687.0000,2686.8000,2686.6000,2686.2000,2686.0000,2687.6000,2688.4000,2688.8000,2689.2000,2689.6000,1,1,2,3,3,1,2,1,2,1
SF,IH2006,2020-04-16 09:33:24.300,2687.6000,18646,-1,280619040.000,1,0,1,双平,S,2687.6000,2687.2000,2687.0000,2686.6000,2686.2000,2687.8000,2688.4000,2688.8000,2689.2000,2689.6000,1,8,5,2,3,1,2,1,2,1
SF,IH2006,2020-04-16 09:33:24.800,2687.8000,18646,0,281425380.000,1,0,1,多换,S,2688.0000,2687.8000,2687.6000,2687.2000,2687.0000,2688.4000,2688.8000,2689.2000,2689.6000,2689.8000,2,1,2,7,5,1,1,2,1,2
SF,IH2006,2020-04-16 09:33:25.300,2687.8000,18646,0,282231720.000,1,0,1,多换,S,2688.0000,2687.8000,2687.6000,2687.0000,2686.8000,2688.4000,2688.8000,2689.2000,2689.6000,2689.8000,7,1,2,5,1,1,1,1,1,2
SF,IH2006,2020-04-16 09:33:25.800,2687.8000,18646,0,282231720.000,0,-,-,-,-,2687.8000,2687.6000,2687.0000,2686.8000,2686.6000,2688.4000,2688.8000,2689.2000,2689.6000,2689.8000,1,2,5,1,2,1,1,1,1,2
SF,IH2006,2020-04-16 09:33:26.300,2687.8000,18646,0,282231720.000,0,-,-,-,-,2687.8000,2687.6000,2687.0000,2686.8000,2686.6000,2688.2000,2688.4000,2688.8000,2689.2000,2689.6000,1,2,4,1,2,1,1,1,1,1
SF,IH2006,2020-04-16 09:33:26.800,2688.2000,18646,0,283038180.000,1,0,1,多换,S,2687.8000,2687.6000,2687.0000,2686.8000,2686.6000,2688.4000,2688.8000,2689.2000,2689.6000,2689.8000,1,2,4,1,2,1,1,1,1,2
SF,IH2006,2020-04-16 09:33:27.300,2688.2000,18646,0,283038180.000,0,-,-,-,-,2688.0000,2687.8000,2687.6000,2687.4000,2687.0000,2688.4000,2688.8000,2689.2000,2689.6000,2689.8000,1,1,2,1,4,1,1,1,1,2
SF,IH2006,2020-04-16 09:33:27.800,2688.2000,18646,0,283038180.000,0,-,-,-,-,2688.0000,2687.8000,2687.6000,2687.4000,2687.0000,2688.2000,2688.4000,2688.8000,2689.2000,2689.6000,2,1,2,1,4,1,1,1,1,1
SF,IH2006,2020-04-16 09:33:28.300,2688.2000,18645,-1,283844640.000,1,0,1,双平,S,2688.0000,2687.8000,2687.6000,2687.4000,2687.0000,2688.2000,2688.4000,2688.8000,2689.2000,2689.6000,2,1,2,1,4,1,1,1,1,1
SF,IH2006,2020-04-16 09:33:28.800,2688.0000,18644,-1,284651040.000,1,0,1,双平,S,2688.0000,2687.8000,2687.6000,2687.4000,2687.0000,2688.2000,2688.4000,2688.8000,2689.2000,2689.6000,2,1,2,1,5,1,1,1,1,1
SF,IH2006,2020-04-16 09:33:29.300,2688.4000,18643,-1,286264020.000,2,0,2,多平,S,2688.0000,2687.8000,2687.6000,2687.4000,2687.0000,2688.8000,2689.2000,2689.6000,2689.8000,2690.0000,2,1,2,1,5,1,1,1,2,2
SF,IH2006,2020-04-16 09:33:29.800,2688.4000,18643,0,286264020.000,0,-,-,-,-,2688.2000,2688.0000,2687.8000,2687.6000,2687.4000,2688.8000,2689.2000,2689.8000,2690.0000,2690.2000,7,1,1,2,1,1,1,2,2,1
SF,IH2006,2020-04-16 09:33:30.300,2688.8000,18643,0,287070660.000,1,0,1,多换,S,2688.8000,2688.4000,2688.0000,2687.8000,2687.6000,2689.0000,2689.2000,2689.8000,2690.0000,2690.2000,2,1,2,1,2,1,1,2,2,1
SF,IH2006,2020-04-16 09:33:30.800,2688.8000,18643,0,288683940.000,2,1,1,多换,S,2687.8000,2687.6000,2687.4000,2687.0000,2686.8000,2688.6000,2688.8000,2689.0000,2689.2000,2689.8000,1,2,1,5,1,1,9,1,1,2
SF,IH2006,2020-04-16 09:33:31.300,2688.8000,18643,0,288683940.000,0,-,-,-,-,2688.0000,2687.8000,2687.6000,2687.4000,2687.0000,2688.6000,2688.8000,2689.0000,2689.2000,2689.8000,7,1,2,1,5,1,5,2,1,2
SF,IH2006,2020-04-16 09:33:31.800,2688.8000,18643,0,288683940.000,0,-,-,-,-,2688.0000,2687.8000,2687.6000,2687.4000,2687.0000,2688.6000,2688.8000,2689.0000,2689.2000,2689.6000,9,1,2,1,5,1,5,2,1,1
SF,IH2006,2020-04-16 09:33:32.300,2688.8000,18643,0,288683940.000,0,-,-,-,-,2688.2000,2688.0000,2687.8000,2687.6000,2687.4000,2688.6000,2688.8000,2689.0000,2689.2000,2689.6000,1,9,1,2,1,1,5,2,1,1
SF,IH2006,2020-04-16 09:33:32.800,2688.4000,18642,-1,289490460.000,1,0,1,双平,S,2688.0000,2687.8000,2687.6000,2687.4000,2687.0000,2688.8000,2689.0000,2689.2000,2689.6000,2689.8000,8,1,2,1,5,5,2,1,1,2
SF,IH2006,2020-04-16 09:33:33.300,2688.4000,18642,0,289490460.000,0,-,-,-,-,2688.0000,2687.8000,2687.6000,2687.4000,2687.0000,2688.8000,2689.0000,2689.2000,2689.6000,2689.8000,8,1,2,1,5,3,2,1,1,2
SF,IH2006,2020-04-16 09:33:33.800,2688.4000,18642,0,289490460.000,0,-,-,-,-,2688.0000,2687.8000,2687.6000,2687.4000,2687.0000,2688.8000,2689.0000,2689.2000,2689.6000,2689.8000,8,1,2,1,5,2,2,1,1,2
SF,IH2006,2020-04-16 09:33:34.300,2688.4000,18642,0,289490460.000,0,-,-,-,-,2688.4000,2688.2000,2688.0000,2687.8000,2687.6000,2688.8000,2689.0000,2689.2000,2689.6000,2689.8000,2,5,10,1,2,2,2,1,1,2
SF,IH2006,2020-04-16 09:33:34.800,2688.4000,18642,0,289490460.000,0,-,-,-,-,2688.4000,2688.2000,2688.0000,2687.8000,2687.6000,2688.6000,2688.8000,2689.0000,2689.2000,2689.6000,1,4,10,1,2,1,2,2,1,1
SF,IH2006,2020-04-16 09:33:35.300,2688.6000,18641,-1,290297040.000,1,0,1,双平,S,2688.4000,2688.2000,2688.0000,2687.8000,2687.6000,2688.8000,2689.0000,2689.2000,2689.6000,2689.8000,1,4,10,1,2,2,2,1,1,2
SF,IH2006,2020-04-16 09:33:35.800,2688.8000,18640,-1,291910320.000,2,0,2,多平,S,2688.8000,2688.4000,2688.2000,2688.0000,2687.8000,2689.0000,2689.2000,2689.6000,2689.8000,2690.0000,2,1,4,10,1,2,1,1,2,2
SF,IH2006,2020-04-16 09:33:36.300,2688.8000,18638,-2,295136820.000,4,1,3,多平,S,2688.4000,2688.2000,2688.0000,2687.8000,2687.6000,2688.8000,2689.0000,2689.2000,2689.6000,2689.8000,1,4,2,1,2,1,2,1,1,2
SF,IH2006,2020-04-16 09:33:36.800,2688.8000,18638,0,295136820.000,0,-,-,-,-,2688.8000,2688.6000,2688.2000,2687.8000,2687.6000,2689.0000,2689.2000,2689.6000,2689.8000,2690.0000,5,1,4,1,2,2,1,1,2,2
SF,IH2006,2020-04-16 09:33:37.800,2688.8000,18636,-2,296750100.000,2,0,2,双平,S,2688.8000,2688.6000,2688.2000,2687.8000,2687.6000,2689.0000,2689.2000,2689.6000,2689.8000,2690.0000,4,1,4,1,2,2,1,1,2,2
SF,IH2006,2020-04-16 09:33:38.300,2688.8000,18634,-2,298363380.000,2,0,2,双平,S,2688.8000,2688.6000,2688.2000,2687.8000,2687.6000,2689.0000,2689.2000,2689.6000,2689.8000,2690.0000,2,1,4,1,2,2,1,1,2,2
SF,IH2006,2020-04-16 09:33:39.300,2688.8000,18633,-1,299976660.000,2,0,2,多平,S,2688.6000,2688.2000,2687.8000,2687.6000,2687.4000,2689.0000,2689.2000,2689.6000,2689.8000,2690.0000,1,4,1,2,1,2,1,1,2,2
SF,IH2006,2020-04-16 09:33:39.800,2688.8000,18633,0,299976660.000,0,-,-,-,-,2688.6000,2688.2000,2687.8000,2687.6000,2687.4000,2688.8000,2689.0000,2689.2000,2689.6000,2689.8000,1,4,1,2,1,1,2,1,1,2
SF,IH2006,2020-04-16 09:33:40.300,2688.8000,18633,0,299976660.000,0,-,-,-,-,2688.6000,2688.2000,2687.8000,2687.6000,2687.4000,2688.8000,2689.0000,2689.2000,2689.6000,2689.8000,1,4,1,2,1,1,2,2,1,2
SF,IH2006,2020-04-16 09:33:40.800,2688.8000,18633,0,300783300.000,1,0,1,多换,S,2688.6000,2688.2000,2687.8000,2687.6000,2687.4000,2689.0000,2689.2000,2689.4000,2689.6000,2689.8000,1,4,1,2,1,2,2,1,1,2
SF,IH2006,2020-04-16 09:33:41.300,2688.6000,18632,-1,301589880.000,1,0,1,双平,S,2688.2000,2687.8000,2687.6000,2687.4000,2687.0000,2689.0000,2689.2000,2689.4000,2689.6000,2689.8000,4,1,2,1,1,2,2,1,1,3
SF,IH2006,2020-04-16 09:33:41.800,2689.2000,18634,2,304010040.000,3,2,1,空开,S,2688.4000,2688.0000,2687.8000,2687.6000,2687.4000,2689.2000,2689.4000,2689.6000,2689.8000,2690.0000,1,1,1,2,1,2,1,1,3,2
SF,IH2006,2020-04-16 09:33:42.300,2689.2000,18634,0,304010040.000,0,-,-,-,-,2687.8000,2687.6000,2687.4000,2687.0000,2686.8000,2689.2000,2689.4000,2689.6000,2689.8000,2690.0000,1,2,1,1,1,2,1,1,3,2
SF,IH2006,2020-04-16 09:33:42.800,2689.2000,18634,0,304010040.000,0,-,-,-,-,2688.0000,2687.8000,2687.6000,2687.4000,2687.0000,2689.0000,2689.2000,2689.4000,2689.6000,2689.8000,8,1,2,1,1,1,2,1,1,3
SF,IH2006,2020-04-16 09:33:43.300,2689.2000,18634,0,304010040.000,0,-,-,-,-,2688.2000,2688.0000,2687.8000,2687.6000,2687.4000,2689.0000,2689.2000,2689.4000,2689.6000,2689.8000,4,1,1,2,1,1,2,1,1,3
SF,IH2006,2020-04-16 09:33:43.800,2689.2000,18634,0,304010040.000,0,-,-,-,-,2688.0000,2687.8000,2687.6000,2687.4000,2687.0000,2689.0000,2689.2000,2689.4000,2689.6000,2689.8000,1,1,2,1,1,1,2,1,1,3
SF,IH2006,2020-04-16 09:33:44.300,2689.2000,18634,0,304010040.000,0,-,-,-,-,2688.0000,2687.8000,2687.6000,2687.4000,2687.0000,2688.8000,2689.0000,2689.2000,2689.4000,2689.6000,1,1,2,1,1,1,1,2,1,1
SF,IH2006,2020-04-16 09:33:44.800,2689.2000,18634,0,304010040.000,0,-,-,-,-,2688.0000,2687.8000,2687.6000,2687.4000,2687.0000,2688.8000,2689.0000,2689.2000,2689.4000,2689.6000,1,1,2,1,1,2,1,2,1,1
SF,IH2006,2020-04-16 09:33:45.300,2689.0000,18632,-2,305623440.000,2,0,2,双平,S,2688.0000,2687.8000,2687.6000,2687.4000,2687.0000,2689.0000,2689.2000,2689.4000,2689.6000,2689.8000,1,1,2,1,1,1,2,1,1,3
SF,IH2006,2020-04-16 09:33:45.800,2689.0000,18632,0,305623440.000,0,-,-,-,-,2688.4000,2688.2000,2688.0000,2687.8000,2687.6000,2689.2000,2689.4000,2689.6000,2689.8000,2690.0000,1,7,3,1,2,2,1,1,3,2
SF,IH2006,2020-04-16 09:33:46.300,2688.0000,18631,-1,306429840.000,1,0,1,双平,S,2687.8000,2687.6000,2687.0000,2686.8000,2686.6000,2689.0000,2689.2000,2689.4000,2689.6000,2689.8000,1,2,1,1,1,1,2,1,1,3
SF,IH2006,2020-04-16 09:33:46.800,2688.0000,18631,0,306429840.000,0,-,-,-,-,2688.0000,2687.8000,2687.6000,2687.0000,2686.8000,2688.8000,2689.0000,2689.2000,2689.4000,2689.6000,1,1,2,1,1,1,1,1,1,1
SF,IH2006,2020-04-16 09:33:47.300,2688.0000,18631,0,306429840.000,0,-,-,-,-,2687.8000,2687.6000,2687.0000,2686.8000,2686.6000,2688.8000,2689.0000,2689.2000,2689.4000,2689.6000,1,2,1,1,1,2,1,1,1,1
SF,IH2006,2020-04-16 09:33:48.300,2688.0000,18631,0,306429840.000,0,-,-,-,-,2688.2000,2688.0000,2687.8000,2687.6000,2687.0000,2688.8000,2689.0000,2689.2000,2689.4000,2689.6000,1,7,1,2,1,2,1,1,1,1
SF,IH2006,2020-04-16 09:33:48.800,2688.0000,18629,-2,308849100.000,3,0,3,多平,S,2688.0000,2687.8000,2687.6000,2687.0000,2686.8000,2688.6000,2688.8000,2689.0000,2689.2000,2689.4000,5,1,2,1,1,1,1,1,1,4
SF,IH2006,2020-04-16 09:33:49.300,2688.0000,18629,0,308849100.000,0,-,-,-,-,2687.8000,2687.6000,2687.0000,2686.8000,2686.6000,2688.0000,2688.4000,2688.6000,2688.8000,2689.0000,1,2,1,1,1,5,1,1,1,1
SF,IH2006,2020-04-16 09:33:49.800,2687.6000,18627,-2,310461720.000,2,0,2,双平,S,2687.0000,2686.8000,2686.6000,2686.2000,2686.0000,2687.4000,2687.6000,2687.8000,2688.0000,2688.4000,1,1,1,3,3,2,1,1,1,2
SF,IH2006,2020-04-16 09:33:50.300,2687.6000,18627,0,311268000.000,1,0,1,多换,S,2687.2000,2687.0000,2686.8000,2686.6000,2686.2000,2687.4000,2687.6000,2687.8000,2688.0000,2688.4000,1,1,1,1,3,1,1,1,1,2
SF,IH2006,2020-04-16 09:33:50.800,2687.4000,18626,-1,312074220.000,1,0,1,双平,S,2687.0000,2686.8000,2686.6000,2686.2000,2686.0000,2687.6000,2687.8000,2688.0000,2688.4000,2688.8000,1,1,1,3,3,1,1,1,2,1
SF,IH2006,2020-04-16 09:33:51.300,2687.8000,18626,0,312880560.000,1,0,1,多换,S,2687.0000,2686.8000,2686.6000,2686.2000,2686.0000,2688.0000,2688.4000,2688.8000,2689.0000,2689.2000,1,1,1,3,3,1,2,1,1,1
SF,IH2006,2020-04-16 09:33:51.800,2687.8000,18626,0,312880560.000,0,-,-,-,-,2687.0000,2686.8000,2686.6000,2686.2000,2686.0000,2688.0000,2688.4000,2688.8000,2689.0000,2689.2000,1,1,1,3,3,1,2,1,1,1
SF,IH2006,2020-04-16 09:33:52.300,2687.8000,18626,0,312880560.000,0,-,-,-,-,2687.0000,2686.8000,2686.6000,2686.2000,2686.0000,2688.0000,2688.4000,2689.0000,2689.2000,2689.4000,1,1,1,3,3,1,2,1,1,4
SF,IH2006,2020-04-16 09:33:52.800,2687.8000,18626,0,312880560.000,0,-,-,-,-,2687.2000,2687.0000,2686.8000,2686.6000,2686.2000,2688.0000,2688.4000,2689.0000,2689.2000,2689.4000,1,2,1,1,2,2,2,1,1,4
SF,IH2006,2020-04-16 09:33:53.300,2688.0000,18625,-1,313686960.000,1,0,1,双平,S,2687.2000,2687.0000,2686.8000,2686.6000,2686.2000,2688.0000,2688.4000,2689.0000,2689.2000,2689.4000,6,2,1,1,2,1,2,1,1,4
SF,IH2006,2020-04-16 09:33:53.800,2688.0000,18625,0,313686960.000,0,-,-,-,-,2687.4000,2687.2000,2687.0000,2686.8000,2686.6000,2687.6000,2688.0000,2688.4000,2689.0000,2689.2000,4,1,1,1,1,1,1,2,1,1
SF,IH2006,2020-04-16 09:33:54.300,2687.6000,18624,-1,314493240.000,1,0,1,双平,S,2687.6000,2687.2000,2687.0000,2686.8000,2686.6000,2688.0000,2688.4000,2689.0000,2689.2000,2689.4000,1,1,1,1,1,1,2,1,1,4
SF,IH2006,2020-04-16 09:33:54.800,2687.6000,18624,0,314493240.000,0,-,-,-,-,2687.6000,2687.2000,2687.0000,2686.8000,2686.6000,2688.0000,2688.4000,2689.0000,2689.2000,2689.4000,1,1,1,1,1,1,1,1,1,4
SF,IH2006,2020-04-16 09:33:55.300,2687.6000,18623,-1,315299520.000,1,0,1,双平,S,2687.2000,2687.0000,2686.8000,2686.6000,2686.2000,2688.0000,2688.4000,2689.0000,2689.2000,2689.4000,1,1,1,1,2,1,1,1,1,4
SF,IH2006,2020-04-16 09:33:55.800,2687.6000,18623,0,315299520.000,0,-,-,-,-,2687.2000,2687.0000,2686.8000,2686.6000,2686.2000,2688.0000,2688.4000,2689.0000,2689.2000,2689.4000,1,1,1,1,2,2,1,1,1,4
SF,IH2006,2020-04-16 09:33:57.300,2687.6000,18623,0,315299520.000,0,-,-,-,-,2687.6000,2687.2000,2687.0000,2686.8000,2686.6000,2688.0000,2688.4000,2689.0000,2689.2000,2689.4000,1,1,1,1,1,2,1,1,1,4
SF,IH2006,2020-04-16 09:33:57.800,2687.6000,18623,0,315299520.000,0,-,-,-,-,2687.6000,2687.2000,2687.0000,2686.8000,2686.6000,2688.0000,2688.4000,2689.0000,2689.2000,2689.4000,1,1,1,1,1,1,1,1,1,4
SF,IH2006,2020-04-16 09:33:58.300,2687.6000,18623,0,315299520.000,0,-,-,-,-,2687.6000,2687.2000,2687.0000,2686.8000,2686.6000,2688.0000,2688.4000,2689.0000,2689.2000,2689.4000,1,1,1,1,1,2,1,1,1,4
SF,IH2006,2020-04-16 09:33:58.800,2687.6000,18623,0,315299520.000,0,-,-,-,-,2687.6000,2687.2000,2687.0000,2686.8000,2686.6000,2688.0000,2688.4000,2689.0000,2689.2000,2689.4000,1,1,1,1,1,2,1,1,1,4
SF,IH2006,2020-04-16 09:33:59.800,2688.0000,18623,0,316105920.000,1,0,1,多换,S,2687.6000,2687.2000,2687.0000,2686.8000,2686.6000,2688.0000,2688.4000,2689.0000,2689.2000,2689.4000,1,1,1,1,1,1,1,1,1,4
SF,IH2006,2020-04-16 09:34:00.300,2687.8000,18622,-1,316912260.000,1,0,1,双平,S,2687.6000,2687.2000,2687.0000,2686.8000,2686.6000,2688.0000,2688.4000,2689.2000,2689.4000,2689.6000,2,1,1,1,1,1,1,1,4,1
SF,IH2006,2020-04-16 09:34:00.800,2687.8000,18622,0,316912260.000,0,-,-,-,-,2687.6000,2687.2000,2687.0000,2686.8000,2686.6000,2688.0000,2688.4000,2689.2000,2689.4000,2689.6000,4,1,1,1,1,1,1,1,4,1
SF,IH2006,2020-04-16 09:34:02.300,2687.8000,18622,0,316912260.000,0,-,-,-,-,2687.6000,2687.2000,2687.0000,2686.8000,2686.6000,2688.0000,2688.4000,2689.2000,2689.4000,2689.6000,4,1,1,1,1,1,1,1,1,1
SF,IH2006,2020-04-16 09:34:02.800,2687.8000,18622,0,316912260.000,0,-,-,-,-,2687.6000,2687.2000,2687.0000,2686.8000,2686.6000,2688.0000,2688.4000,2689.2000,2689.4000,2689.6000,4,1,1,1,1,1,1,1,1,1
SF,IH2006,2020-04-16 09:34:03.300,2687.8000,18622,0,316912260.000,0,-,-,-,-,2687.6000,2687.2000,2687.0000,2686.8000,2686.6000,2688.4000,2689.2000,2689.4000,2689.6000,2689.8000,4,1,1,1,1,1,1,1,1,3
SF,IH2006,2020-04-16 09:34:03.800,2687.8000,18622,0,316912260.000,0,-,-,-,-,2687.6000,2687.2000,2687.0000,2686.8000,2686.6000,2688.4000,2689.2000,2689.4000,2689.6000,2689.8000,4,1,1,1,1,2,1,1,1,3
SF,IH2006,2020-04-16 09:34:04.300,2687.8000,18622,0,316912260.000,0,-,-,-,-,2687.6000,2687.2000,2687.0000,2686.8000,2686.6000,2688.0000,2688.2000,2688.4000,2689.2000,2689.4000,4,1,1,1,2,1,2,2,1,1
SF,IH2006,2020-04-16 09:34:06.800,2687.8000,18622,0,316912260.000,0,-,-,-,-,2687.6000,2687.2000,2687.0000,2686.8000,2686.6000,2688.0000,2688.2000,2688.4000,2689.2000,2689.4000,4,1,1,1,2,1,2,2,1,1
SF,IH2006,2020-04-16 09:34:07.300,2687.8000,18622,0,316912260.000,0,-,-,-,-,2687.6000,2687.2000,2687.0000,2686.8000,2686.6000,2688.0000,2688.2000,2688.4000,2689.2000,2689.4000,4,1,1,1,2,1,1,2,1,1
SF,IH2006,2020-04-16 09:34:07.800,2688.0000,18621,-1,317718660.000,1,0,1,双平,S,2687.6000,2687.2000,2687.0000,2686.8000,2686.6000,2688.2000,2688.4000,2689.2000,2689.4000,2689.6000,4,1,1,1,1,1,2,1,1,1
SF,IH2006,2020-04-16 09:34:08.300,2688.0000,18621,0,317718660.000,0,-,-,-,-,2687.6000,2687.2000,2687.0000,2686.8000,2686.6000,2688.4000,2689.2000,2689.4000,2689.6000,2689.8000,4,1,1,1,1,2,1,1,1,3
SF,IH2006,2020-04-16 09:34:08.800,2688.0000,18621,0,317718660.000,0,-,-,-,-,2687.6000,2687.2000,2687.0000,2686.8000,2686.6000,2688.4000,2689.2000,2689.4000,2689.6000,2689.8000,4,1,1,1,1,1,1,1,1,3
SF,IH2006,2020-04-16 09:34:09.300,2688.0000,18621,0,317718660.000,0,-,-,-,-,2687.6000,2687.2000,2687.0000,2686.8000,2686.6000,2688.4000,2689.2000,2689.4000,2689.6000,2689.8000,4,1,1,1,1,2,1,1,1,3
SF,IH2006,2020-04-16 09:34:09.800,2688.0000,18621,0,317718660.000,0,-,-,-,-,2687.6000,2687.2000,2687.0000,2686.8000,2686.2000,2688.4000,2689.2000,2689.4000,2689.6000,2689.8000,4,1,1,1,2,2,1,1,1,3
SF,IH2006,2020-04-16 09:34:10.300,2688.0000,18621,0,317718660.000,0,-,-,-,-,2687.6000,2687.2000,2687.0000,2686.8000,2686.2000,2688.4000,2689.2000,2689.4000,2689.6000,2689.8000,4,1,1,2,2,2,1,1,1,3
SF,IH2006,2020-04-16 09:34:11.300,2688.0000,18621,0,317718660.000,0,-,-,-,-,2687.6000,2687.2000,2687.0000,2686.8000,2686.2000,2688.4000,2689.2000,2689.4000,2689.6000,2689.8000,4,1,1,2,2,2,4,1,1,3
SF,IH2006,2020-04-16 09:34:11.800,2688.0000,18621,0,317718660.000,0,-,-,-,-,2687.6000,2687.2000,2687.0000,2686.8000,2686.2000,2688.2000,2688.4000,2689.2000,2689.4000,2689.6000,4,1,1,2,2,1,2,4,1,1
SF,IH2006,2020-04-16 09:34:12.300,2687.6000,18617,-4,320943780.000,4,0,4,双平,S,2687.2000,2687.0000,2686.8000,2686.2000,2686.0000,2687.6000,2688.0000,2688.2000,2688.4000,2688.8000,1,1,2,2,3,6,1,1,2,1
SF,IH2006,2020-04-16 09:34:12.800,2687.2000,18616,-1,321749940.000,1,0,1,双平,S,2687.0000,2686.8000,2686.2000,2686.0000,2685.6000,2687.2000,2687.6000,2688.2000,2688.4000,2688.8000,1,2,2,3,4,1,6,1,2,1
SF,IH2006,2020-04-16 09:34:13.300,2687.0000,18616,0,322556040.000,1,0,1,多换,S,2687.4000,2686.8000,2686.2000,2686.0000,2685.6000,2687.6000,2688.2000,2688.4000,2688.8000,2689.2000,2,2,2,3,4,2,1,1,1,4
SF,IH2006,2020-04-16 09:34:13.800,2687.4000,18616,0,324168360.000,2,1,1,多换,S,2687.2000,2686.8000,2686.2000,2686.0000,2685.6000,2687.4000,2687.6000,2688.2000,2688.4000,2688.8000,1,2,2,3,4,2,2,1,1,1
SF,IH2006,2020-04-16 09:34:14.300,2687.4000,18616,0,324168360.000,0,-,-,-,-,2686.8000,2686.2000,2686.0000,2685.6000,2685.2000,2687.6000,2688.0000,2688.2000,2688.8000,2689.2000,2,2,3,4,2,2,2,1,1,4
SF,IH2006,2020-04-16 09:34:14.800,2687.4000,18615,-1,324974580.000,1,0,1,双平,S,2686.8000,2686.2000,2686.0000,2685.6000,2685.2000,2687.6000,2688.0000,2688.2000,2688.8000,2689.2000,2,2,3,4,2,3,2,1,1,4
SF,IH2006,2020-04-16 09:34:15.300,2687.4000,18615,0,324974580.000,0,-,-,-,-,2686.8000,2686.2000,2686.0000,2685.6000,2685.2000,2687.6000,2688.0000,2688.2000,2688.8000,2689.2000,2,2,3,4,2,3,2,1,1,4
SF,IH2006,2020-04-16 09:34:15.800,2687.4000,18615,0,324974580.000,0,-,-,-,-,2686.8000,2686.2000,2686.0000,2685.6000,2685.2000,2687.6000,2688.0000,2688.2000,2688.8000,2689.2000,2,2,3,4,2,3,2,1,1,4
SF,IH2006,2020-04-16 09:34:16.300,2687.6000,18614,-1,325780860.000,1,0,1,双平,S,2686.8000,2686.6000,2686.2000,2686.0000,2685.6000,2687.6000,2688.0000,2688.8000,2689.2000,2689.4000,2,1,2,3,4,1,2,1,4,1
SF,IH2006,2020-04-16 09:34:16.800,2687.6000,18613,-1,326587140.000,1,0,1,双平,S,2686.8000,2686.6000,2686.2000,2686.0000,2685.6000,2688.0000,2689.2000,2689.4000,2689.8000,2690.0000,2,1,2,3,4,2,4,1,3,2
SF,IH2006,2020-04-16 09:34:17.300,2687.6000,18613,0,326587140.000,0,-,-,-,-,2687.0000,2686.8000,2686.2000,2686.0000,2685.6000,2687.8000,2688.0000,2689.2000,2689.4000,2689.8000,6,2,2,3,4,1,2,4,1,3
SF,IH2006,2020-04-16 09:34:17.800,2687.6000,18613,0,326587140.000,0,-,-,-,-,2687.0000,2686.8000,2686.6000,2686.2000,2686.0000,2687.8000,2688.0000,2688.6000,2689.2000,2689.4000,6,2,1,2,3,1,2,1,4,1
SF,IH2006,2020-04-16 09:34:18.300,2687.6000,18613,0,326587140.000,0,-,-,-,-,2687.0000,2686.8000,2686.2000,2686.0000,2685.6000,2687.8000,2688.0000,2688.6000,2689.2000,2689.4000,2,2,2,3,4,1,2,1,4,1
SF,IH2006,2020-04-16 09:34:18.800,2687.8000,18612,-1,327393480.000,1,0,1,双平,S,2687.8000,2687.0000,2686.8000,2686.2000,2686.0000,2688.0000,2688.8000,2689.2000,2689.4000,2689.8000,2,2,2,2,3,2,1,4,1,3
SF,IH2006,2020-04-16 09:34:19.300,2687.8000,18610,-2,329006160.000,2,0,2,双平,S,2687.0000,2686.8000,2686.2000,2686.0000,2685.6000,2687.8000,2688.0000,2688.8000,2689.2000,2689.4000,1,2,2,3,4,6,2,1,4,1
SF,IH2006,2020-04-16 09:34:19.800,2687.8000,18610,0,329006160.000,0,-,-,-,-,2687.0000,2686.8000,2686.2000,2686.0000,2685.6000,2687.8000,2688.0000,2688.8000,2689.2000,2689.4000,1,2,2,3,4,6,2,1,4,1
SF,IH2006,2020-04-16 09:34:20.300,2687.8000,18610,0,329006160.000,0,-,-,-,-,2686.8000,2686.2000,2686.0000,2685.6000,2685.2000,2687.6000,2687.8000,2688.0000,2688.8000,2689.2000,2,2,3,4,1,2,6,2,1,4
SF,IH2006,2020-04-16 09:34:20.800,2687.8000,18610,0,329006160.000,0,-,-,-,-,2686.8000,2686.2000,2686.0000,2685.6000,2685.2000,2687.6000,2687.8000,2688.0000,2688.8000,2689.2000,2,2,3,4,1,2,1,2,1,4
SF,IH2006,2020-04-16 09:34:22.300,2687.8000,18610,0,329006160.000,0,-,-,-,-,2686.8000,2686.2000,2686.0000,2685.6000,2685.2000,2687.6000,2687.8000,2688.0000,2688.8000,2689.2000,2,2,3,4,1,2,1,3,1,4
SF,IH2006,2020-04-16 09:34:26.300,2687.8000,18610,0,329006160.000,0,-,-,-,-,2686.8000,2686.2000,2686.0000,2685.6000,2685.2000,2687.6000,2687.8000,2688.0000,2688.8000,2689.2000,2,2,3,4,3,2,3,3,1,4
SF,IH2006,2020-04-16 09:34:26.800,2687.8000,18610,0,329006160.000,0,-,-,-,-,2686.8000,2686.2000,2686.0000,2685.6000,2685.2000,2687.4000,2687.6000,2687.8000,2688.0000,2688.8000,2,2,3,4,3,1,2,3,3,1
SF,IH2006,2020-04-16 09:34:27.300,2687.8000,18610,0,329006160.000,0,-,-,-,-,2686.8000,2686.2000,2686.0000,2685.6000,2685.2000,2687.4000,2687.6000,2687.8000,2688.0000,2688.8000,2,2,3,4,3,1,2,3,3,1
SF,IH2006,2020-04-16 09:34:33.300,2687.8000,18610,0,329006160.000,0,-,-,-,-,2687.0000,2686.8000,2686.2000,2686.0000,2685.6000,2687.4000,2687.6000,2687.8000,2688.0000,2688.8000,1,2,2,3,4,1,2,3,3,1
SF,IH2006,2020-04-16 09:34:34.300,2687.8000,18610,0,329006160.000,0,-,-,-,-,2687.0000,2686.8000,2686.2000,2686.0000,2685.6000,2687.6000,2687.8000,2688.0000,2688.8000,2689.2000,1,2,2,3,4,2,3,3,1,4
SF,IH2006,2020-04-16 09:34:34.800,2687.8000,18610,0,329006160.000,0,-,-,-,-,2687.0000,2686.8000,2686.2000,2686.0000,2685.6000,2687.4000,2687.6000,2687.8000,2688.0000,2688.8000,1,2,2,3,4,1,2,3,3,1
SF,IH2006,2020-04-16 09:34:35.300,2687.0000,18609,-1,329812260.000,1,0,1,双平,S,2686.8000,2686.2000,2686.0000,2685.6000,2685.2000,2687.6000,2687.8000,2688.0000,2688.8000,2689.2000,2,2,3,4,3,2,3,3,1,4
SF,IH2006,2020-04-16 09:34:36.300,2687.0000,18609,0,329812260.000,0,-,-,-,-,2686.8000,2686.2000,2686.0000,2685.6000,2685.2000,2687.6000,2687.8000,2688.0000,2688.8000,2689.2000,2,2,3,4,3,2,3,3,1,4
SF,IH2006,2020-04-16 09:34:39.800,2687.6000,18608,-1,330618540.000,1,0,1,双平,S,2686.8000,2686.2000,2686.0000,2685.6000,2685.2000,2687.6000,2687.8000,2688.0000,2688.8000,2689.2000,2,2,3,4,3,1,3,3,1,4
SF,IH2006,2020-04-16 09:34:40.800,2687.6000,18608,0,330618540.000,0,-,-,-,-,2686.8000,2686.2000,2686.0000,2685.6000,2685.2000,2687.6000,2687.8000,2688.0000,2688.8000,2689.2000,2,2,3,4,3,1,3,3,1,4
SF,IH2006,2020-04-16 09:34:41.300,2687.6000,18608,0,330618540.000,0,-,-,-,-,2686.8000,2686.2000,2686.0000,2685.6000,2685.2000,2687.4000,2687.6000,2687.8000,2688.0000,2688.8000,2,2,3,4,3,1,1,3,3,1
SF,IH2006,2020-04-16 09:34:41.800,2687.6000,18608,0,330618540.000,0,-,-,-,-,2687.0000,2686.8000,2686.2000,2686.0000,2685.6000,2687.4000,2687.6000,2687.8000,2688.0000,2688.8000,1,1,2,3,4,1,1,3,3,1
SF,IH2006,2020-04-16 09:34:42.300,2687.6000,18607,-1,331424820.000,1,0,1,双平,S,2687.6000,2687.0000,2686.8000,2686.2000,2686.0000,2687.8000,2688.0000,2688.8000,2689.2000,2689.4000,1,1,1,2,3,3,3,1,4,1
SF,IH2006,2020-04-16 09:34:42.800,2687.6000,18606,-1,332231100.000,1,0,1,双平,S,2687.0000,2686.8000,2686.2000,2686.0000,2685.6000,2687.6000,2687.8000,2688.0000,2688.8000,2689.2000,1,1,2,3,4,3,3,4,1,4
SF,IH2006,2020-04-16 09:34:43.300,2687.6000,18606,0,332231100.000,0,-,-,-,-,2687.0000,2686.8000,2686.2000,2686.0000,2685.6000,2687.6000,2687.8000,2688.0000,2688.8000,2689.2000,1,1,2,3,4,2,3,3,1,4
SF,IH2006,2020-04-16 09:34:43.800,2687.2000,18606,0,333037260.000,1,0,1,多换,S,2687.2000,2687.0000,2686.8000,2686.2000,2686.0000,2687.8000,2688.0000,2688.8000,2689.2000,2689.4000,1,1,1,2,3,3,3,1,4,1
SF,IH2006,2020-04-16 09:34:44.300,2687.2000,18606,0,333037260.000,0,-,-,-,-,2687.2000,2687.0000,2686.8000,2686.2000,2686.0000,2687.6000,2687.8000,2688.0000,2688.8000,2689.2000,1,1,1,2,3,1,3,3,1,4
SF,IH2006,2020-04-16 09:34:44.800,2687.2000,18606,0,333037260.000,0,-,-,-,-,2687.2000,2687.0000,2686.8000,2686.2000,2686.0000,2687.6000,2687.8000,2688.0000,2688.8000,2689.0000,1,1,1,2,3,1,3,3,1,1
SF,IH2006,2020-04-16 09:34:45.300,2687.6000,18605,-1,333843540.000,1,0,1,双平,S,2687.2000,2687.0000,2686.8000,2686.2000,2686.0000,2687.8000,2688.0000,2688.8000,2689.0000,2689.2000,1,1,1,2,3,3,3,1,1,4
SF,IH2006,2020-04-16 09:34:45.800,2687.8000,18604,-1,334649880.000,1,0,1,双平,S,2687.2000,2687.0000,2686.8000,2686.2000,2686.0000,2687.8000,2688.0000,2688.8000,2689.0000,2689.2000,1,1,1,2,3,2,3,1,1,4
SF,IH2006,2020-04-16 09:34:48.300,2687.8000,18604,0,334649880.000,0,-,-,-,-,2687.2000,2686.8000,2686.2000,2686.0000,2685.6000,2687.8000,2688.0000,2688.8000,2689.0000,2689.2000,1,1,2,3,4,2,3,1,1,4
SF,IH2006,2020-04-16 09:34:48.800,2687.8000,18604,0,334649880.000,0,-,-,-,-,2687.4000,2687.2000,2686.8000,2686.2000,2686.0000,2687.8000,2688.0000,2688.8000,2689.0000,2689.2000,1,1,1,2,3,2,3,1,1,4
SF,IH2006,2020-04-16 09:34:49.300,2687.2000,18603,-1,336262260.000,2,0,2,多平,S,2686.8000,2686.2000,2686.0000,2685.6000,2685.2000,2687.8000,2688.0000,2688.8000,2689.0000,2689.2000,1,2,3,4,3,2,3,1,1,4
SF,IH2006,2020-04-16 09:34:49.800,2687.2000,18603,0,336262260.000,0,-,-,-,-,2687.0000,2686.8000,2686.2000,2686.0000,2685.6000,2687.8000,2688.0000,2688.8000,2689.0000,2689.2000,1,1,2,3,4,2,4,1,1,4
SF,IH2006,2020-04-16 09:34:50.800,2687.2000,18603,0,336262260.000,0,-,-,-,-,2687.0000,2686.8000,2686.2000,2686.0000,2685.6000,2687.8000,2688.0000,2688.8000,2689.0000,2689.2000,1,1,2,3,4,2,5,1,1,4
SF,IH2006,2020-04-16 09:34:51.800,2687.0000,18602,-1,337068360.000,1,0,1,双平,S,2686.8000,2686.2000,2686.0000,2685.6000,2685.2000,2687.6000,2687.8000,2688.0000,2688.8000,2689.0000,1,2,3,4,3,1,2,5,1,1
SF,IH2006,2020-04-16 09:34:52.300,2687.0000,18602,0,337068360.000,0,-,-,-,-,2686.8000,2686.2000,2686.0000,2685.6000,2685.2000,2687.8000,2688.0000,2688.8000,2689.0000,2689.2000,1,2,3,4,3,2,4,1,1,4
SF,IH2006,2020-04-16 09:34:52.800,2687.8000,18601,-1,337874700.000,1,0,1,双平,S,2686.8000,2686.2000,2686.0000,2685.6000,2685.2000,2687.8000,2688.0000,2688.8000,2689.0000,2689.2000,1,2,3,4,3,1,4,1,1,4
SF,IH2006,2020-04-16 09:34:53.300,2687.8000,18601,0,337874700.000,0,-,-,-,-,2687.0000,2686.8000,2686.2000,2686.0000,2685.6000,2687.8000,2688.0000,2688.8000,2689.0000,2689.2000,2,1,2,3,4,1,4,1,1,4
SF,IH2006,2020-04-16 09:34:53.800,2687.8000,18601,0,337874700.000,0,-,-,-,-,2687.0000,2686.8000,2686.2000,2686.0000,2685.6000,2687.8000,2688.0000,2688.8000,2689.0000,2689.2000,1,1,2,3,4,1,5,1,1,4
SF,IH2006,2020-04-16 09:34:54.300,2688.0000,18598,-3,341100240.000,4,0,4,多平,S,2687.0000,2686.8000,2686.2000,2686.0000,2685.6000,2688.8000,2689.0000,2689.2000,2689.4000,2689.8000,1,1,2,3,4,1,1,4,1,3
SF,IH2006,2020-04-16 09:34:54.800,2688.0000,18598,0,341100240.000,0,-,-,-,-,2687.4000,2687.2000,2687.0000,2686.8000,2686.2000,2688.4000,2688.6000,2688.8000,2689.0000,2689.2000,1,1,1,1,2,1,5,1,1,4
SF,IH2006,2020-04-16 09:34:55.300,2687.4000,18597,-1,341906460.000,1,0,1,双平,S,2687.0000,2686.8000,2686.2000,2686.0000,2685.6000,2688.2000,2688.4000,2688.6000,2688.8000,2689.0000,1,1,2,3,4,2,1,1,1,1
SF,IH2006,2020-04-16 09:34:55.800,2687.4000,18597,0,341906460.000,0,-,-,-,-,2687.0000,2686.8000,2686.2000,2686.0000,2685.6000,2688.0000,2688.2000,2688.4000,2689.0000,2689.2000,1,1,2,3,4,1,4,1,1,4
SF,IH2006,2020-04-16 09:34:56.300,2687.4000,18597,0,341906460.000,0,-,-,-,-,2687.6000,2687.2000,2687.0000,2686.8000,2686.2000,2688.2000,2689.0000,2689.2000,2689.4000,2689.8000,1,4,1,1,2,2,2,4,1,3
SF,IH2006,2020-04-16 09:34:56.800,2687.4000,18597,0,341906460.000,0,-,-,-,-,2687.6000,2687.2000,2687.0000,2686.8000,2686.2000,2688.2000,2689.0000,2689.2000,2689.4000,2689.8000,1,2,1,1,2,2,2,4,1,3
SF,IH2006,2020-04-16 09:34:57.300,2687.4000,18597,0,341906460.000,0,-,-,-,-,2687.6000,2687.2000,2687.0000,2686.8000,2686.2000,2688.2000,2689.0000,2689.2000,2689.4000,2689.8000,1,2,1,1,2,1,2,4,1,3
SF,IH2006,2020-04-16 09:34:57.800,2687.4000,18597,0,341906460.000,0,-,-,-,-,2687.6000,2687.0000,2686.8000,2686.2000,2686.0000,2689.0000,2689.2000,2689.4000,2689.8000,2690.0000,1,1,1,2,3,2,4,1,3,2
SF,IH2006,2020-04-16 09:34:58.300,2687.4000,18597,0,341906460.000,0,-,-,-,-,2687.8000,2687.6000,2686.8000,2686.2000,2686.0000,2688.8000,2689.0000,2689.2000,2689.4000,2689.8000,2,1,1,2,3,1,1,4,1,3
SF,IH2006,2020-04-16 09:34:58.800,2687.4000,18597,0,341906460.000,0,-,-,-,-,2688.2000,2687.8000,2687.6000,2687.4000,2687.0000,2688.6000,2688.8000,2689.0000,2689.2000,2689.4000,1,2,1,1,1,1,1,1,5,1
SF,IH2006,2020-04-16 09:34:59.300,2687.8000,18597,0,343519260.000,2,1,1,多换,S,2687.6000,2687.4000,2687.0000,2686.8000,2686.2000,2688.6000,2688.8000,2689.0000,2689.2000,2689.4000,1,1,1,1,2,1,1,1,5,1
SF,IH2006,2020-04-16 09:34:59.800,2688.6000,18597,0,344325840.000,1,0,1,多换,S,2687.6000,2687.4000,2687.0000,2686.8000,2686.2000,2688.8000,2689.0000,2689.2000,2689.4000,2689.8000,1,1,1,1,2,1,1,5,1,3
SF,IH2006,2020-04-16 09:35:00.300,2688.6000,18597,0,344325840.000,0,-,-,-,-,2687.8000,2687.6000,2687.4000,2687.0000,2686.8000,2688.8000,2689.0000,2689.2000,2689.4000,2689.6000,1,1,1,1,1,1,1,1,4,1
SF,IH2006,2020-04-16 09:35:00.800,2688.6000,18597,0,344325840.000,0,-,-,-,-,2687.8000,2687.6000,2687.4000,2687.0000,2686.8000,2688.8000,2689.0000,2689.2000,2689.4000,2689.6000,1,1,1,1,1,1,1,1,4,1
SF,IH2006,2020-04-16 09:35:01.300,2688.6000,18597,0,344325840.000,0,-,-,-,-,2687.8000,2687.6000,2687.4000,2687.0000,2686.8000,2688.8000,2689.0000,2689.2000,2689.4000,2689.6000,1,1,1,1,1,1,1,1,1,3
SF,IH2006,2020-04-16 09:35:01.800,2688.6000,18597,0,344325840.000,0,-,-,-,-,2688.0000,2687.8000,2687.6000,2687.4000,2687.0000,2689.0000,2689.2000,2689.4000,2689.6000,2689.8000,1,1,1,1,1,1,1,1,3,3
SF,IH2006,2020-04-16 09:35:02.300,2689.0000,18596,-1,345132540.000,1,0,1,双平,S,2688.2000,2687.6000,2687.4000,2687.0000,2686.8000,2689.2000,2689.4000,2689.8000,2690.0000,2690.2000,1,1,1,2,1,1,1,6,2,2
SF,IH2006,2020-04-16 09:35:02.800,2689.0000,18596,0,345132540.000,0,-,-,-,-,2688.2000,2687.6000,2687.4000,2687.0000,2686.8000,2689.0000,2689.2000,2689.4000,2689.8000,2690.0000,1,1,1,2,1,1,1,1,3,2
SF,IH2006,2020-04-16 09:35:03.300,2689.0000,18596,0,345132540.000,0,-,-,-,-,2688.6000,2688.4000,2688.2000,2687.6000,2687.4000,2689.0000,2689.2000,2689.4000,2689.8000,2690.0000,1,1,1,1,1,1,1,1,3,2
