市场代码,合约代码,时间,最新,持仓,增仓,成交额,成交量,开仓,平仓,成交类型,方向,买一价,买二价,买三价,买四价,买五价,卖一价,卖二价,卖三价,卖四价,卖五价,买一量,买二量,买三量,买四量,买五量,卖一量,卖二量,卖三量,卖四量,卖五量
SF,IH2007,2020-06-15 09:29:00.100,2808.0000,10630,0,2527200.000,3.000,-,-,-,-,2808.0000,2805.0000,2804.6000,2804.0000,2803.2000,2808.8000,2809.2000,2810.0000,2811.4000,2814.0000,2,4,1,1,1,2,2,5,1,2
SF,IH2007,2020-06-15 09:30:00.100,2807.6000,10636,6,12630780.000,12,9,3,空开,S,2805.0000,2804.6000,2804.0000,2803.4000,2803.2000,2807.6000,2808.0000,2808.6000,2808.8000,2809.2000,2,1,1,1,1,10,4,8,2,2
SF,IH2007,2020-06-15 09:30:00.600,2805.2000,10633,-3,19364220.000,8,2,6,多平,S,2805.0000,2804.6000,2804.0000,2803.6000,2803.4000,2806.8000,2807.2000,2807.4000,2807.6000,2807.8000,2,1,1,1,1,2,1,11,15,1
SF,IH2007,2020-06-15 09:30:01.100,2807.4000,10632,-1,22732200.000,4,1,3,多平,S,2805.2000,2805.0000,2804.8000,2804.6000,2804.0000,2807.4000,2807.6000,2807.8000,2808.0000,2808.8000,2,2,1,1,1,4,6,1,3,1
SF,IH2007,2020-06-15 09:30:01.600,2807.4000,10632,0,22732200.000,0,-,-,-,-,2805.8000,2805.4000,2805.2000,2805.0000,2804.8000,2807.2000,2807.4000,2807.6000,2807.8000,2808.0000,3,2,1,2,1,1,4,6,1,3
SF,IH2007,2020-06-15 09:30:02.100,2807.4000,10630,-2,24416640.000,2,0,2,双平,S,2807.4000,2807.2000,2806.0000,2805.8000,2805.4000,2807.6000,2807.8000,2808.0000,2810.0000,2812.0000,2,1,4,3,4,2,1,7,1,5
SF,IH2007,2020-06-15 09:30:02.600,2808.0000,10629,-1,31155180.000,8,3,5,多平,S,2808.0000,2807.8000,2807.6000,2806.0000,2805.8000,2808.2000,2810.0000,2812.0000,2814.0000,2817.6000,2,1,2,2,1,4,1,5,1,1
SF,IH2007,2020-06-15 09:30:03.100,2807.6000,10627,-2,35366880.000,5,1,4,多平,S,2807.2000,2806.8000,2806.0000,2805.8000,2805.4000,2808.0000,2808.2000,2810.0000,2812.0000,2812.6000,3,1,1,1,1,2,2,1,5,1
SF,IH2007,2020-06-15 09:30:03.600,2807.6000,10627,0,35366880.000,0,-,-,-,-,2807.2000,2806.8000,2806.0000,2805.8000,2805.4000,2808.8000,2810.0000,2812.0000,2812.6000,2814.0000,3,1,1,1,1,4,1,5,1,1
SF,IH2007,2020-06-15 09:30:04.100,2807.2000,10626,-1,37893360.000,3,1,2,多平,S,2807.2000,2806.8000,2805.8000,2805.4000,2805.0000,2808.8000,2810.0000,2812.0000,2812.6000,2814.0000,1,1,1,1,2,5,1,5,1,1
SF,IH2007,2020-06-15 09:30:04.600,2808.2000,10627,1,38735820.000,1,1,0,双开,S,2807.2000,2806.8000,2805.8000,2805.4000,2805.0000,2808.2000,2808.6000,2808.8000,2810.0000,2812.0000,1,1,1,1,2,3,1,1,1,5
SF,IH2007,2020-06-15 09:30:05.100,2808.6000,10626,-1,39578400.000,1,0,1,双平,S,2807.2000,2806.8000,2805.8000,2805.4000,2805.0000,2810.0000,2812.0000,2812.6000,2814.0000,2817.6000,1,1,1,1,2,1,5,1,1,1
SF,IH2007,2020-06-15 09:30:05.600,2808.6000,10626,0,39578400.000,0,-,-,-,-,2807.2000,2806.8000,2805.8000,2805.4000,2805.0000,2808.0000,2808.4000,2809.8000,2810.0000,2810.2000,1,1,1,1,2,1,2,6,2,3
SF,IH2007,2020-06-15 09:30:06.100,2807.2000,10627,1,40420560.000,1,1,0,双开,S,2806.8000,2805.8000,2805.4000,2805.0000,2804.8000,2808.0000,2809.8000,2810.0000,2810.2000,2812.0000,1,1,1,2,1,1,6,2,3,5
SF,IH2007,2020-06-15 09:30:06.600,2807.2000,10627,0,40420560.000,0,-,-,-,-,2806.8000,2805.8000,2805.4000,2805.0000,2804.8000,2807.2000,2808.0000,2809.8000,2810.0000,2810.2000,1,1,1,2,1,1,1,6,2,3
SF,IH2007,2020-06-15 09:30:07.100,2808.0000,10627,0,42105120.000,2,1,1,多换,S,2806.8000,2805.8000,2805.4000,2805.0000,2804.8000,2808.0000,2809.8000,2810.0000,2812.0000,2812.6000,1,1,1,2,1,3,6,2,5,1
SF,IH2007,2020-06-15 09:30:07.600,2808.0000,10627,0,42105120.000,0,-,-,-,-,2806.8000,2805.4000,2805.0000,2804.8000,2804.6000,2808.0000,2809.8000,2810.0000,2812.0000,2812.6000,1,1,2,1,1,1,6,1,5,1
SF,IH2007,2020-06-15 09:30:08.100,2808.0000,10627,0,42105120.000,0,-,-,-,-,2807.0000,2806.8000,2805.4000,2805.0000,2804.8000,2808.0000,2808.8000,2809.8000,2810.0000,2812.0000,1,1,1,2,1,1,3,6,1,5
SF,IH2007,2020-06-15 09:30:08.600,2808.0000,10627,0,42947520.000,1,0,1,多换,S,2807.0000,2806.8000,2805.4000,2805.0000,2804.8000,2808.4000,2808.8000,2809.8000,2810.0000,2812.0000,1,1,1,2,1,1,3,6,1,5
SF,IH2007,2020-06-15 09:30:09.100,2807.0000,10627,0,43789620.000,1,0,1,多换,S,2806.8000,2805.4000,2805.0000,2804.8000,2804.6000,2808.4000,2809.0000,2809.8000,2810.0000,2812.0000,1,1,2,1,1,1,3,6,1,5
SF,IH2007,2020-06-15 09:30:09.600,2807.0000,10626,-1,44631720.000,1,0,1,双平,S,2806.8000,2805.4000,2805.0000,2804.8000,2804.6000,2809.0000,2809.8000,2810.0000,2812.0000,2814.0000,1,1,2,1,1,3,4,1,5,1
SF,IH2007,2020-06-15 09:30:10.600,2806.8000,10626,0,45473760.000,1,0,1,多换,S,2805.4000,2805.0000,2804.8000,2804.6000,2804.0000,2808.8000,2809.0000,2809.8000,2810.0000,2812.0000,1,2,1,1,1,1,3,4,1,5
SF,IH2007,2020-06-15 09:30:11.100,2806.8000,10626,0,45473760.000,0,-,-,-,-,2807.0000,2806.4000,2805.6000,2805.4000,2805.0000,2808.8000,2809.0000,2809.8000,2810.0000,2812.0000,4,1,4,1,2,2,3,4,2,5
SF,IH2007,2020-06-15 09:30:11.600,2806.8000,10627,1,46315800.000,1,1,0,双开,S,2807.0000,2805.6000,2805.4000,2805.0000,2804.8000,2808.8000,2809.0000,2809.8000,2810.0000,2812.0000,3,3,1,3,1,2,3,4,2,5
SF,IH2007,2020-06-15 09:30:12.100,2806.8000,10628,1,47157840.000,1,1,0,双开,S,2807.0000,2805.6000,2805.4000,2805.0000,2804.8000,2809.0000,2809.8000,2810.0000,2812.0000,2814.0000,2,3,1,3,1,3,4,2,5,1
SF,IH2007,2020-06-15 09:30:12.600,2806.8000,10628,0,47157840.000,0,-,-,-,-,2807.0000,2805.6000,2805.4000,2805.0000,2804.8000,2809.0000,2809.8000,2810.0000,2812.0000,2814.0000,2,3,2,3,1,3,4,2,5,1
SF,IH2007,2020-06-15 09:30:13.600,2806.8000,10628,0,47157840.000,0,-,-,-,-,2807.2000,2807.0000,2805.6000,2805.4000,2805.0000,2809.0000,2809.8000,2810.0000,2812.0000,2814.0000,1,2,3,2,3,3,4,2,5,1
SF,IH2007,2020-06-15 09:30:14.100,2809.0000,10628,0,50528640.000,4,2,2,多换,S,2807.4000,2807.2000,2805.6000,2805.4000,2805.0000,2808.2000,2809.8000,2810.0000,2814.0000,2815.8000,3,4,1,1,3,3,4,1,1,5
SF,IH2007,2020-06-15 09:30:14.600,2808.2000,10627,-1,53898480.000,4,1,3,多平,S,2809.0000,2808.2000,2807.6000,2807.4000,2807.2000,2809.8000,2810.0000,2814.0000,2815.8000,2817.6000,1,3,3,3,2,4,1,1,5,1
SF,IH2007,2020-06-15 09:30:15.100,2809.2000,10624,-3,58955580.000,6,1,5,多平,S,2808.2000,2807.6000,2807.4000,2807.2000,2805.4000,2809.0000,2809.2000,2810.0000,2814.0000,2815.8000,1,2,1,1,1,1,1,1,1,5
SF,IH2007,2020-06-15 09:30:15.600,2809.2000,10624,0,60641040.000,2,1,1,多换,S,2809.0000,2808.4000,2808.2000,2808.0000,2807.4000,2810.0000,2810.2000,2814.0000,2815.8000,2817.6000,1,8,1,1,1,1,4,1,5,1
SF,IH2007,2020-06-15 09:30:16.100,2809.2000,10624,0,61483800.000,1,0,1,多换,S,2809.2000,2809.0000,2808.4000,2808.2000,2808.0000,2810.0000,2810.4000,2813.0000,2814.0000,2815.8000,1,1,6,1,1,1,4,1,1,5
SF,IH2007,2020-06-15 09:30:16.600,2809.2000,10623,-1,63169560.000,2,0,2,多平,S,2809.0000,2808.4000,2808.2000,2808.0000,2807.4000,2810.6000,2813.0000,2814.0000,2815.8000,2817.6000,1,6,1,1,1,4,1,1,5,1
SF,IH2007,2020-06-15 09:30:17.100,2809.2000,10623,0,64012320.000,1,0,1,多换,S,2809.2000,2809.0000,2808.4000,2808.2000,2807.4000,2810.8000,2813.0000,2814.0000,2815.8000,2817.6000,4,1,1,1,1,4,1,1,5,1
SF,IH2007,2020-06-15 09:30:17.600,2809.2000,10623,0,64012320.000,0,-,-,-,-,2810.0000,2809.2000,2809.0000,2808.2000,2807.4000,2811.0000,2813.0000,2814.0000,2815.8000,2817.6000,1,6,1,1,1,4,1,1,5,1
SF,IH2007,2020-06-15 09:30:18.100,2809.2000,10623,0,64855080.000,1,0,1,多换,S,2810.6000,2809.2000,2809.0000,2808.2000,2807.4000,2811.0000,2813.0000,2814.0000,2815.8000,2817.6000,3,5,1,1,1,4,1,1,5,1
SF,IH2007,2020-06-15 09:30:18.600,2811.0000,10623,0,66541140.000,2,1,1,多换,S,2810.6000,2809.2000,2809.0000,2808.2000,2807.4000,2811.0000,2813.0000,2814.0000,2815.8000,2817.6000,2,5,1,1,1,3,1,1,5,1
SF,IH2007,2020-06-15 09:30:19.100,2810.6000,10621,-2,69914100.000,4,1,3,多平,S,2811.0000,2809.2000,2808.2000,2807.4000,2807.2000,2813.0000,2814.0000,2815.8000,2817.6000,2819.0000,1,5,1,1,2,1,1,5,1,1
SF,IH2007,2020-06-15 09:30:19.600,2812.8000,10620,-1,71601780.000,2,0,2,多平,S,2811.0000,2809.2000,2808.2000,2807.4000,2807.2000,2812.8000,2813.0000,2814.0000,2815.8000,2817.6000,1,4,1,1,2,7,2,1,5,1
SF,IH2007,2020-06-15 09:30:20.100,2811.0000,10619,-1,72445080.000,1,0,1,双平,S,2809.2000,2808.2000,2807.4000,2807.2000,2805.4000,2812.8000,2813.0000,2814.0000,2815.8000,2817.6000,4,1,1,2,1,6,1,1,5,1
SF,IH2007,2020-06-15 09:30:20.600,2811.0000,10619,0,72445080.000,0,-,-,-,-,2809.4000,2809.2000,2808.2000,2807.4000,2807.2000,2812.6000,2812.8000,2814.0000,2815.8000,2817.6000,1,4,1,1,2,4,7,1,5,1
SF,IH2007,2020-06-15 09:30:21.100,2811.0000,10619,0,72445080.000,0,-,-,-,-,2809.6000,2809.4000,2809.2000,2808.2000,2807.4000,2812.4000,2812.6000,2812.8000,2814.0000,2815.8000,2,1,3,1,1,4,4,2,1,5
SF,IH2007,2020-06-15 09:30:21.600,2812.2000,10617,-2,74132400.000,2,0,2,双平,S,2809.8000,2809.6000,2809.4000,2809.2000,2808.2000,2812.4000,2812.6000,2812.8000,2814.0000,2815.8000,1,2,1,2,1,5,2,2,1,5
SF,IH2007,2020-06-15 09:30:22.100,2812.4000,10617,0,75819840.000,2,1,1,多换,S,2809.6000,2809.4000,2809.2000,2808.2000,2807.4000,2812.4000,2812.6000,2812.8000,2814.0000,2815.8000,1,1,2,1,1,3,2,1,1,5
SF,IH2007,2020-06-15 09:30:22.600,2812.4000,10617,0,75819840.000,0,-,-,-,-,2809.6000,2809.4000,2809.2000,2808.2000,2807.4000,2812.0000,2812.4000,2812.6000,2812.8000,2814.0000,1,1,2,1,1,1,3,2,1,1
SF,IH2007,2020-06-15 09:30:23.100,2812.4000,10617,0,75819840.000,0,-,-,-,-,2809.6000,2809.4000,2809.2000,2808.2000,2807.4000,2811.8000,2812.0000,2812.2000,2812.4000,2812.6000,1,1,2,1,1,1,1,1,3,1
SF,IH2007,2020-06-15 09:30:23.600,2812.4000,10617,0,75819840.000,0,-,-,-,-,2809.6000,2809.4000,2809.2000,2808.2000,2807.4000,2811.6000,2811.8000,2812.0000,2812.2000,2812.4000,1,1,2,1,1,1,1,1,1,3
SF,IH2007,2020-06-15 09:30:24.100,2812.4000,10617,0,75819840.000,0,-,-,-,-,2809.6000,2809.4000,2809.2000,2808.2000,2807.4000,2811.8000,2812.0000,2812.2000,2812.4000,2812.6000,1,1,2,1,1,1,1,1,3,1
SF,IH2007,2020-06-15 09:30:24.600,2812.4000,10617,0,75819840.000,0,-,-,-,-,2809.6000,2809.4000,2809.2000,2809.0000,2808.2000,2811.6000,2811.8000,2812.0000,2812.2000,2812.4000,1,1,2,1,1,1,1,1,1,3
SF,IH2007,2020-06-15 09:30:25.100,2812.4000,10617,0,75819840.000,0,-,-,-,-,2809.6000,2809.4000,2809.2000,2809.0000,2808.2000,2811.8000,2812.0000,2812.2000,2812.4000,2812.6000,1,1,2,1,1,1,1,2,3,1
SF,IH2007,2020-06-15 09:30:25.600,2809.6000,10617,0,76662720.000,1,0,1,多换,S,2809.4000,2809.2000,2809.0000,2808.2000,2807.4000,2811.6000,2811.8000,2812.0000,2812.2000,2812.6000,1,2,1,1,1,3,3,1,2,1
SF,IH2007,2020-06-15 09:30:26.100,2809.0000,10613,-4,80033760.000,4,0,4,双平,S,2808.2000,2807.4000,2807.2000,2805.4000,2805.0000,2809.0000,2811.2000,2811.4000,2811.6000,2811.8000,1,1,2,1,3,1,1,1,3,2
SF,IH2007,2020-06-15 09:30:26.600,2809.0000,10612,-1,80876460.000,1,0,1,双平,S,2809.4000,2809.0000,2808.4000,2808.2000,2807.4000,2811.4000,2811.6000,2811.8000,2812.2000,2812.6000,1,1,5,1,1,2,3,2,2,1
SF,IH2007,2020-06-15 09:30:27.100,2809.0000,10612,0,80876460.000,0,-,-,-,-,2809.4000,2809.0000,2808.4000,2808.2000,2807.4000,2809.6000,2811.0000,2811.4000,2811.6000,2811.8000,1,1,6,1,1,2,1,2,3,2
SF,IH2007,2020-06-15 09:30:27.600,2809.4000,10611,-1,81719280.000,1,0,1,双平,S,2809.0000,2808.4000,2808.2000,2807.4000,2807.2000,2809.6000,2811.0000,2811.4000,2811.6000,2811.8000,1,6,1,1,2,2,1,1,3,2
SF,IH2007,2020-06-15 09:30:28.100,2809.6000,10611,0,82562160.000,1,0,1,多换,S,2809.0000,2808.4000,2808.2000,2807.4000,2807.2000,2809.6000,2811.0000,2811.4000,2811.6000,2811.8000,1,6,1,1,2,1,1,1,3,2
SF,IH2007,2020-06-15 09:30:28.600,2809.6000,10611,0,83405040.000,1,0,1,多换,S,2809.0000,2808.4000,2808.2000,2807.4000,2807.2000,2811.0000,2811.4000,2811.6000,2811.8000,2812.2000,1,6,1,1,2,1,1,3,2,2
SF,IH2007,2020-06-15 09:30:29.100,2809.6000,10611,0,83405040.000,0,-,-,-,-,2809.8000,2809.0000,2808.4000,2808.2000,2807.4000,2810.8000,2811.0000,2811.6000,2811.8000,2812.2000,1,1,6,1,1,1,1,1,2,2
SF,IH2007,2020-06-15 09:30:29.600,2809.6000,10611,0,83405040.000,0,-,-,-,-,2809.8000,2809.4000,2809.0000,2808.4000,2808.2000,2810.8000,2811.6000,2811.8000,2812.2000,2812.4000,1,1,1,6,1,1,1,1,2,1
SF,IH2007,2020-06-15 09:30:30.100,2809.6000,10611,0,83405040.000,0,-,-,-,-,2809.4000,2809.0000,2808.4000,2808.2000,2807.4000,2811.4000,2811.6000,2811.8000,2812.2000,2812.4000,1,1,6,1,1,1,1,1,2,1
SF,IH2007,2020-06-15 09:30:30.600,2809.6000,10611,0,83405040.000,0,-,-,-,-,2809.4000,2809.0000,2808.4000,2808.2000,2807.4000,2811.4000,2811.6000,2811.8000,2812.2000,2812.6000,1,1,6,1,1,1,1,1,2,1
SF,IH2007,2020-06-15 09:30:31.100,2809.4000,10611,0,84247860.000,1,0,1,多换,S,2809.0000,2808.4000,2808.2000,2807.4000,2807.2000,2811.4000,2811.8000,2812.2000,2812.6000,2812.8000,1,6,1,1,2,1,1,2,1,1
SF,IH2007,2020-06-15 09:30:31.600,2809.2000,10612,1,85090620.000,1,1,0,双开,S,2809.2000,2809.0000,2808.2000,2807.4000,2807.2000,2811.2000,2811.4000,2811.8000,2812.2000,2812.4000,5,1,1,1,2,1,1,1,2,1
SF,IH2007,2020-06-15 09:30:32.100,2809.2000,10612,0,85090620.000,0,-,-,-,-,2809.2000,2809.0000,2808.2000,2807.4000,2807.2000,2809.4000,2811.0000,2811.2000,2811.8000,2812.2000,2,1,1,1,2,1,1,1,1,2
SF,IH2007,2020-06-15 09:30:32.600,2811.0000,10612,0,86776740.000,2,1,1,多换,S,2809.6000,2809.0000,2808.2000,2807.4000,2807.2000,2811.2000,2811.8000,2812.2000,2812.6000,2812.8000,1,1,1,1,2,1,1,3,2,1
SF,IH2007,2020-06-15 09:30:33.100,2809.6000,10611,-1,87619620.000,1,0,1,双平,S,2809.0000,2808.2000,2807.4000,2807.2000,2805.4000,2809.6000,2811.2000,2811.8000,2812.2000,2812.6000,1,1,1,2,1,1,1,1,3,1
SF,IH2007,2020-06-15 09:30:33.600,2809.6000,10610,-1,88462500.000,1,0,1,双平,S,2809.6000,2807.4000,2807.2000,2805.4000,2805.0000,2810.6000,2811.2000,2811.8000,2812.2000,2812.6000,1,1,2,1,2,1,1,1,2,1
SF,IH2007,2020-06-15 09:30:34.100,2809.6000,10609,-1,89305380.000,1,0,1,双平,S,2807.4000,2807.2000,2805.4000,2805.0000,2804.6000,2810.4000,2810.6000,2811.8000,2812.2000,2812.6000,1,2,1,2,1,1,1,1,2,1
SF,IH2007,2020-06-15 09:30:34.600,2807.6000,10608,-1,90147660.000,1,0,1,双平,S,2807.6000,2807.4000,2807.2000,2805.4000,2805.0000,2810.2000,2810.4000,2810.6000,2811.0000,2811.8000,13,2,1,1,2,1,1,1,1,1
SF,IH2007,2020-06-15 09:30:35.100,2807.6000,10608,0,90147660.000,0,-,-,-,-,2808.8000,2808.0000,2807.6000,2807.4000,2807.2000,2810.2000,2811.0000,2811.8000,2812.2000,2812.6000,1,1,18,2,2,1,1,1,2,1
SF,IH2007,2020-06-15 09:30:35.600,2807.6000,10608,0,90147660.000,0,-,-,-,-,2807.6000,2807.4000,2807.2000,2805.4000,2805.0000,2811.0000,2811.8000,2812.2000,2812.6000,2812.8000,12,2,2,1,2,1,1,2,1,1
SF,IH2007,2020-06-15 09:30:36.100,2807.6000,10608,0,90147660.000,0,-,-,-,-,2807.8000,2807.6000,2807.4000,2807.2000,2805.4000,2810.8000,2811.0000,2811.8000,2812.0000,2812.2000,3,13,2,2,1,1,1,1,1,1
SF,IH2007,2020-06-15 09:30:36.600,2807.6000,10608,0,90147660.000,0,-,-,-,-,2808.0000,2807.8000,2807.6000,2807.4000,2807.2000,2810.8000,2811.0000,2811.8000,2812.0000,2812.2000,9,4,3,2,2,1,1,1,1,1
SF,IH2007,2020-06-15 09:30:37.100,2808.0000,10607,-1,90990060.000,1,0,1,双平,S,2808.0000,2807.8000,2807.6000,2807.4000,2807.2000,2810.8000,2811.0000,2811.8000,2812.0000,2812.2000,8,3,2,2,2,1,1,1,1,1
SF,IH2007,2020-06-15 09:30:37.600,2808.0000,10607,0,90990060.000,0,-,-,-,-,2808.2000,2808.0000,2807.8000,2807.6000,2807.4000,2810.8000,2811.0000,2811.8000,2812.0000,2812.2000,1,5,2,1,2,1,1,1,1,1
SF,IH2007,2020-06-15 09:30:38.100,2810.8000,10607,0,91833300.000,1,0,1,多换,S,2810.8000,2808.2000,2808.0000,2807.8000,2807.4000,2811.0000,2811.8000,2812.0000,2812.2000,2812.6000,1,1,5,1,1,1,1,1,2,1
SF,IH2007,2020-06-15 09:30:38.600,2810.8000,10606,-1,92676540.000,1,0,1,双平,S,2808.4000,2808.2000,2807.8000,2807.4000,2807.2000,2809.8000,2810.6000,2811.0000,2812.0000,2812.2000,2,1,1,1,1,2,2,1,1,1
SF,IH2007,2020-06-15 09:30:39.100,2810.8000,10606,0,92676540.000,0,-,-,-,-,2808.4000,2808.2000,2807.8000,2807.4000,2807.2000,2809.8000,2810.6000,2811.0000,2812.2000,2812.8000,2,1,1,1,1,2,2,2,1,1
SF,IH2007,2020-06-15 09:30:39.600,2810.8000,10606,0,92676540.000,0,-,-,-,-,2808.2000,2807.8000,2807.4000,2807.2000,2805.4000,2809.8000,2810.6000,2810.8000,2811.0000,2812.2000,1,1,1,1,1,2,2,1,2,1
SF,IH2007,2020-06-15 09:30:40.100,2810.8000,10606,0,92676540.000,0,-,-,-,-,2808.6000,2808.4000,2808.2000,2807.8000,2807.4000,2809.8000,2810.2000,2810.6000,2810.8000,2811.0000,4,2,1,1,1,2,1,3,1,1
SF,IH2007,2020-06-15 09:30:40.600,2809.8000,10604,-2,94362420.000,2,0,2,双平,S,2808.8000,2808.6000,2808.4000,2808.2000,2807.8000,2810.6000,2810.8000,2811.0000,2812.2000,2812.8000,2,4,1,1,1,2,1,1,1,1
SF,IH2007,2020-06-15 09:30:41.100,2810.6000,10603,-1,95205600.000,1,0,1,双平,S,2808.4000,2808.2000,2807.4000,2807.2000,2805.4000,2810.6000,2810.8000,2811.6000,2812.2000,2812.8000,1,1,1,1,1,1,1,1,1,1
SF,IH2007,2020-06-15 09:30:41.600,2810.6000,10603,0,95205600.000,0,-,-,-,-,2808.4000,2808.2000,2807.4000,2807.2000,2805.4000,2810.6000,2810.8000,2811.2000,2811.4000,2812.2000,1,1,1,1,1,1,1,1,1,1
SF,IH2007,2020-06-15 09:30:42.100,2810.6000,10603,0,95205600.000,0,-,-,-,-,2808.4000,2808.2000,2807.4000,2807.2000,2805.4000,2810.6000,2810.8000,2811.2000,2811.6000,2812.2000,1,3,1,1,1,1,1,1,1,1
SF,IH2007,2020-06-15 09:30:42.600,2810.6000,10603,0,95205600.000,0,-,-,-,-,2808.2000,2807.4000,2807.2000,2805.4000,2805.0000,2810.4000,2810.8000,2811.2000,2811.6000,2812.8000,3,1,1,1,2,2,1,1,1,1
SF,IH2007,2020-06-15 09:30:43.100,2807.2000,10600,-3,99417360.000,5,1,4,多平,S,2806.4000,2805.4000,2805.0000,2804.6000,2804.0000,2810.4000,2810.6000,2810.8000,2811.2000,2811.6000,1,1,2,1,1,2,1,1,1,1
SF,IH2007,2020-06-15 09:30:43.600,2807.2000,10600,0,99417360.000,0,-,-,-,-,2806.8000,2806.6000,2806.4000,2805.4000,2805.0000,2810.0000,2810.2000,2810.4000,2810.6000,2810.8000,2,16,2,1,2,2,1,1,1,1
SF,IH2007,2020-06-15 09:30:44.100,2807.0000,10601,1,100259460.000,1,1,0,双开,S,2807.0000,2806.8000,2806.6000,2806.4000,2805.4000,2810.0000,2810.2000,2810.4000,2810.6000,2810.8000,13,2,3,2,1,2,2,1,1,1
SF,IH2007,2020-06-15 09:30:44.600,2807.0000,10601,0,100259460.000,0,-,-,-,-,2809.0000,2807.0000,2806.8000,2806.6000,2806.4000,2809.8000,2810.0000,2810.2000,2810.6000,2810.8000,1,12,1,2,1,1,2,1,1,1
SF,IH2007,2020-06-15 09:30:45.100,2808.8000,10600,-1,101102100.000,1,0,1,双平,S,2807.4000,2807.0000,2806.8000,2806.6000,2806.4000,2809.8000,2810.0000,2810.2000,2810.6000,2811.0000,1,12,1,2,1,1,1,1,1,1
SF,IH2007,2020-06-15 09:30:45.600,2808.8000,10600,0,101102100.000,0,-,-,-,-,2807.4000,2807.0000,2806.8000,2806.4000,2805.4000,2809.0000,2809.8000,2810.0000,2810.2000,2810.6000,1,12,1,1,1,1,1,1,1,1
SF,IH2007,2020-06-15 09:30:46.100,2808.8000,10600,0,101944740.000,1,0,1,多换,S,2807.4000,2807.0000,2806.4000,2805.4000,2805.0000,2809.0000,2809.4000,2809.8000,2810.0000,2810.2000,1,8,1,1,3,1,1,1,1,1
SF,IH2007,2020-06-15 09:30:46.600,2808.8000,10600,0,101944740.000,0,-,-,-,-,2807.4000,2807.0000,2806.4000,2805.4000,2805.0000,2809.0000,2809.4000,2809.8000,2810.0000,2810.2000,1,2,1,1,3,1,1,1,1,1
SF,IH2007,2020-06-15 09:30:47.100,2809.0000,10599,-1,102787440.000,1,0,1,双平,S,2809.0000,2807.8000,2807.4000,2807.0000,2806.4000,2809.4000,2809.8000,2810.2000,2810.6000,2811.0000,3,1,1,2,1,1,1,1,1,1
SF,IH2007,2020-06-15 09:30:47.600,2809.0000,10596,-3,105315540.000,3,0,3,双平,S,2807.8000,2807.4000,2807.0000,2806.4000,2805.4000,2809.0000,2809.4000,2809.8000,2810.2000,2810.6000,1,1,2,1,1,1,1,1,1,1
SF,IH2007,2020-06-15 09:30:48.100,2809.0000,10596,0,105315540.000,0,-,-,-,-,2807.8000,2807.4000,2807.0000,2806.4000,2805.4000,2808.8000,2809.4000,2809.8000,2810.2000,2810.6000,1,1,2,1,2,1,1,1,1,1
SF,IH2007,2020-06-15 09:30:48.600,2807.8000,10595,-1,106157880.000,1,0,1,双平,S,2807.4000,2807.0000,2806.4000,2805.4000,2805.0000,2808.8000,2809.4000,2809.8000,2810.2000,2810.6000,1,2,1,2,3,1,1,1,1,1
SF,IH2007,2020-06-15 09:30:49.100,2808.8000,10595,0,107000520.000,1,0,1,多换,S,2809.0000,2807.8000,2807.4000,2807.0000,2806.4000,2809.4000,2809.8000,2810.2000,2810.6000,2811.0000,1,1,1,2,1,1,1,1,1,1
SF,IH2007,2020-06-15 09:30:49.600,2808.8000,10595,0,107843160.000,1,0,1,多换,S,2808.4000,2807.8000,2807.4000,2807.0000,2806.4000,2809.0000,2810.2000,2810.6000,2811.0000,2811.6000,1,1,1,2,1,1,1,1,1,1
SF,IH2007,2020-06-15 09:30:50.100,2808.4000,10594,-1,108685680.000,1,0,1,双平,S,2807.8000,2807.4000,2807.0000,2806.4000,2806.0000,2809.0000,2810.2000,2810.6000,2811.0000,2811.6000,1,1,2,1,1,1,1,1,1,1
SF,IH2007,2020-06-15 09:30:50.600,2808.4000,10594,0,108685680.000,0,-,-,-,-,2808.0000,2807.8000,2807.4000,2807.0000,2806.4000,2808.8000,2809.0000,2810.2000,2810.6000,2811.0000,1,1,1,2,1,1,1,1,1,1
SF,IH2007,2020-06-15 09:30:51.100,2808.4000,10594,0,108685680.000,0,-,-,-,-,2807.8000,2807.4000,2807.0000,2806.4000,2805.4000,2808.8000,2809.0000,2810.2000,2810.6000,2811.0000,1,1,2,1,1,1,1,1,1,1
SF,IH2007,2020-06-15 09:30:51.600,2807.8000,10593,-1,109528020.000,1,0,1,双平,S,2807.4000,2807.0000,2806.4000,2805.4000,2805.0000,2808.8000,2809.0000,2810.2000,2810.6000,2811.0000,1,2,1,1,3,2,1,1,1,1
SF,IH2007,2020-06-15 09:30:52.100,2807.6000,10593,0,110370300.000,1,0,1,多换,S,2807.4000,2807.0000,2806.4000,2805.4000,2805.0000,2808.8000,2809.0000,2810.2000,2810.6000,2811.0000,1,2,1,1,3,2,1,1,1,1
SF,IH2007,2020-06-15 09:30:52.600,2807.6000,10593,0,110370300.000,0,-,-,-,-,2807.4000,2807.0000,2805.6000,2805.4000,2805.0000,2808.6000,2808.8000,2809.0000,2810.2000,2810.6000,1,2,1,1,3,1,2,1,1,1
SF,IH2007,2020-06-15 09:30:53.100,2807.6000,10593,0,110370300.000,0,-,-,-,-,2807.4000,2807.0000,2805.6000,2805.4000,2805.0000,2808.4000,2808.6000,2808.8000,2809.0000,2810.2000,1,2,1,1,3,1,1,1,1,1
SF,IH2007,2020-06-15 09:30:53.600,2807.6000,10593,0,110370300.000,0,-,-,-,-,2807.4000,2807.0000,2805.6000,2805.4000,2805.0000,2808.4000,2808.6000,2808.8000,2809.0000,2810.2000,3,2,1,1,3,1,1,1,1,1
SF,IH2007,2020-06-15 09:30:54.100,2807.6000,10593,0,110370300.000,0,-,-,-,-,2807.4000,2807.0000,2805.6000,2805.4000,2805.0000,2808.2000,2808.4000,2808.6000,2809.0000,2810.2000,3,2,2,1,3,1,1,1,1,1
SF,IH2007,2020-06-15 09:30:54.600,2807.6000,10593,0,110370300.000,0,-,-,-,-,2807.4000,2807.0000,2805.6000,2805.4000,2805.0000,2808.2000,2808.4000,2808.6000,2809.0000,2810.2000,3,2,2,1,3,1,1,1,1,1
SF,IH2007,2020-06-15 09:30:55.100,2807.4000,10592,-1,112896960.000,3,1,2,多平,S,2807.0000,2805.6000,2805.4000,2805.0000,2804.6000,2808.0000,2808.6000,2809.0000,2810.2000,2810.6000,2,2,1,3,1,1,1,1,1,1
SF,IH2007,2020-06-15 09:30:55.600,2807.6000,10591,-1,113739240.000,1,0,1,双平,S,2808.2000,2805.6000,2805.4000,2805.0000,2804.6000,2808.6000,2809.0000,2810.2000,2810.6000,2811.0000,2,2,1,3,1,1,1,1,1,1
SF,IH2007,2020-06-15 09:30:56.100,2808.2000,10589,-2,115424160.000,2,0,2,双平,S,2805.6000,2805.4000,2805.0000,2804.6000,2804.0000,2808.6000,2809.0000,2810.2000,2810.6000,2811.0000,2,1,3,1,1,1,1,1,1,1
SF,IH2007,2020-06-15 09:30:56.600,2808.2000,10589,0,115424160.000,0,-,-,-,-,2805.8000,2805.6000,2805.4000,2805.0000,2804.6000,2808.4000,2808.6000,2809.0000,2810.2000,2810.6000,17,4,1,3,1,1,1,1,1,1
SF,IH2007,2020-06-15 09:30:57.100,2808.2000,10589,0,115424160.000,0,-,-,-,-,2805.8000,2805.6000,2805.4000,2805.0000,2804.6000,2808.4000,2808.6000,2809.0000,2810.2000,2810.6000,17,4,1,3,1,1,1,1,1,1
SF,IH2007,2020-06-15 09:30:57.600,2808.4000,10589,0,117108480.000,2,1,1,多换,S,2807.0000,2806.2000,2806.0000,2805.8000,2805.6000,2808.6000,2809.0000,2810.2000,2810.6000,2811.0000,1,1,2,19,1,1,1,1,1,1
SF,IH2007,2020-06-15 09:30:58.100,2807.2000,10589,0,117950640.000,1,0,1,多换,S,2807.0000,2806.2000,2806.0000,2805.8000,2805.6000,2809.0000,2810.2000,2810.6000,2811.0000,2811.6000,1,3,2,18,1,1,1,1,1,1
SF,IH2007,2020-06-15 09:30:58.600,2807.2000,10589,0,117950640.000,0,-,-,-,-,2807.2000,2807.0000,2806.2000,2806.0000,2805.8000,2809.0000,2810.6000,2811.0000,2811.6000,2812.8000,8,1,3,2,10,1,1,1,1,1
SF,IH2007,2020-06-15 09:30:59.100,2807.2000,10589,0,117950640.000,0,-,-,-,-,2807.2000,2807.0000,2806.2000,2806.0000,2805.8000,2810.6000,2811.0000,2812.4000,2812.8000,2814.0000,8,1,3,3,10,1,1,1,1,1
SF,IH2007,2020-06-15 09:30:59.600,2807.2000,10589,0,117950640.000,0,-,-,-,-,2807.4000,2807.2000,2807.0000,2806.2000,2806.0000,2810.6000,2811.0000,2811.2000,2812.0000,2812.4000,1,8,1,2,3,1,1,1,1,1
SF,IH2007,2020-06-15 09:31:00.100,2807.2000,10589,0,117950640.000,0,-,-,-,-,2807.6000,2807.4000,2807.2000,2807.0000,2806.2000,2809.8000,2810.6000,2811.0000,2811.2000,2812.4000,6,1,2,1,2,1,1,1,1,1
SF,IH2007,2020-06-15 09:31:00.600,2807.2000,10589,0,117950640.000,0,-,-,-,-,2807.6000,2807.4000,2807.2000,2807.0000,2806.2000,2809.8000,2810.6000,2811.0000,2811.2000,2812.4000,6,1,2,1,2,1,1,1,1,1
SF,IH2007,2020-06-15 09:31:01.100,2807.2000,10589,0,117950640.000,0,-,-,-,-,2807.8000,2807.6000,2807.4000,2807.2000,2807.0000,2809.6000,2809.8000,2810.6000,2811.0000,2811.2000,1,3,1,2,1,1,2,1,1,1
SF,IH2007,2020-06-15 09:31:01.600,2807.2000,10589,0,117950640.000,0,-,-,-,-,2807.8000,2807.6000,2807.4000,2807.2000,2807.0000,2809.6000,2809.8000,2810.6000,2811.0000,2811.2000,1,2,1,1,1,1,2,1,1,1
SF,IH2007,2020-06-15 09:31:02.100,2807.2000,10589,0,117950640.000,0,-,-,-,-,2807.8000,2807.6000,2807.4000,2807.2000,2807.0000,2809.4000,2809.6000,2809.8000,2810.6000,2811.0000,1,2,1,1,1,1,1,1,1,1
SF,IH2007,2020-06-15 09:31:02.600,2807.2000,10584,-5,122161440.000,5,0,5,双平,S,2807.0000,2806.2000,2806.0000,2805.8000,2805.6000,2809.4000,2809.6000,2809.8000,2810.6000,2811.0000,1,1,2,10,1,1,1,1,1,1
SF,IH2007,2020-06-15 09:31:03.100,2807.2000,10584,0,122161440.000,0,-,-,-,-,2807.2000,2807.0000,2806.2000,2806.0000,2805.8000,2809.2000,2809.4000,2809.8000,2810.6000,2811.0000,6,1,1,2,9,2,1,1,1,1
SF,IH2007,2020-06-15 09:31:03.600,2807.2000,10584,0,122161440.000,0,-,-,-,-,2807.2000,2807.0000,2806.2000,2806.0000,2805.8000,2809.2000,2809.4000,2809.8000,2810.6000,2811.0000,7,1,1,2,9,2,1,1,1,1
SF,IH2007,2020-06-15 09:31:04.100,2807.2000,10584,0,122161440.000,0,-,-,-,-,2807.2000,2807.0000,2806.2000,2806.0000,2805.8000,2809.2000,2809.8000,2810.6000,2811.0000,2811.2000,6,1,1,2,9,2,1,1,1,1
SF,IH2007,2020-06-15 09:31:04.600,2809.2000,10583,-1,123004200.000,1,0,1,双平,S,2807.2000,2807.0000,2806.2000,2806.0000,2805.8000,2809.8000,2810.6000,2811.0000,2811.2000,2812.4000,6,1,1,2,9,1,1,1,1,1
SF,IH2007,2020-06-15 09:31:05.100,2809.2000,10583,0,123004200.000,0,-,-,-,-,2807.6000,2807.4000,2807.2000,2807.0000,2806.0000,2809.6000,2809.8000,2810.6000,2811.0000,2811.2000,1,3,7,1,1,1,1,1,1,1
SF,IH2007,2020-06-15 09:31:05.600,2809.2000,10583,0,123004200.000,0,-,-,-,-,2807.8000,2807.6000,2807.4000,2807.2000,2807.0000,2809.6000,2809.8000,2810.6000,2811.0000,2811.2000,5,1,2,2,1,1,1,1,1,1
SF,IH2007,2020-06-15 09:31:06.100,2809.2000,10583,0,123004200.000,0,-,-,-,-,2807.8000,2807.6000,2807.4000,2807.2000,2807.0000,2810.6000,2811.0000,2811.2000,2812.4000,2812.8000,5,2,1,2,1,1,1,1,1,1
SF,IH2007,2020-06-15 09:31:06.600,2809.2000,10583,0,123004200.000,0,-,-,-,-,2807.8000,2807.4000,2807.2000,2807.0000,2806.0000,2810.4000,2810.6000,2811.0000,2811.2000,2812.4000,5,1,2,1,1,1,1,1,1,1
SF,IH2007,2020-06-15 09:31:07.100,2808.0000,10583,0,123846600.000,1,0,1,多换,S,2808.0000,2807.8000,2807.4000,2807.2000,2807.0000,2810.0000,2810.4000,2810.6000,2811.0000,2811.2000,1,5,1,2,2,1,1,1,1,1
SF,IH2007,2020-06-15 09:31:07.600,2810.0000,10582,-1,124689600.000,1,0,1,双平,S,2808.2000,2808.0000,2807.4000,2807.2000,2807.0000,2809.8000,2811.0000,2811.2000,2812.4000,2812.8000,5,1,1,2,2,1,1,1,1,1
SF,IH2007,2020-06-15 09:31:08.100,2809.8000,10581,-1,127218420.000,3,1,2,多平,S,2808.2000,2807.4000,2807.2000,2807.0000,2806.8000,2811.0000,2812.4000,2812.8000,2814.0000,2814.2000,5,1,2,2,1,1,1,1,1,2
SF,IH2007,2020-06-15 09:31:08.600,2809.8000,10581,0,127218420.000,0,-,-,-,-,2808.4000,2808.2000,2807.4000,2807.2000,2807.0000,2810.8000,2811.0000,2812.4000,2812.8000,2814.0000,1,5,1,2,2,1,1,1,1,1
SF,IH2007,2020-06-15 09:31:09.100,2809.8000,10581,0,127218420.000,0,-,-,-,-,2808.6000,2808.4000,2807.2000,2807.0000,2806.8000,2810.8000,2811.0000,2812.8000,2814.0000,2814.2000,5,2,2,2,1,1,1,1,1,2
SF,IH2007,2020-06-15 09:31:09.600,2809.8000,10581,0,127218420.000,0,-,-,-,-,2808.6000,2808.4000,2807.2000,2807.0000,2806.8000,2810.2000,2810.8000,2811.0000,2812.8000,2814.0000,1,1,2,2,1,1,2,1,1,1
SF,IH2007,2020-06-15 09:31:10.100,2809.8000,10581,0,127218420.000,0,-,-,-,-,2808.6000,2807.2000,2807.0000,2806.8000,2806.0000,2810.0000,2810.2000,2810.6000,2810.8000,2811.0000,1,2,2,1,1,2,1,3,1,1
SF,IH2007,2020-06-15 09:31:10.600,2806.8000,10581,0,132271560.000,6,3,3,多换,S,2806.0000,2805.8000,2805.6000,2805.0000,2804.6000,2806.6000,2810.0000,2810.2000,2810.6000,2810.8000,1,8,1,2,1,4,2,1,3,1
SF,IH2007,2020-06-15 09:31:11.100,2806.6000,10581,0,135639480.000,4,2,2,多换,S,2807.2000,2806.8000,2806.6000,2806.2000,2806.0000,2809.6000,2810.2000,2810.6000,2810.8000,2811.0000,1,5,4,17,2,1,1,3,1,1
SF,IH2007,2020-06-15 09:31:11.600,2807.2000,10582,1,136481640.000,1,1,0,双开,S,2807.4000,2806.8000,2806.6000,2806.2000,2806.0000,2809.4000,2809.6000,2810.2000,2810.6000,2811.0000,10,5,5,9,2,1,1,1,3,1
SF,IH2007,2020-06-15 09:31:12.100,2807.2000,10582,0,136481640.000,0,-,-,-,-,2807.4000,2807.2000,2807.0000,2806.8000,2806.6000,2809.6000,2810.2000,2810.6000,2811.0000,2812.8000,9,1,2,5,2,1,1,3,1,1
SF,IH2007,2020-06-15 09:31:12.600,2807.2000,10582,0,136481640.000,0,-,-,-,-,2807.6000,2807.4000,2807.2000,2807.0000,2806.8000,2809.4000,2809.6000,2810.2000,2810.6000,2811.0000,1,9,1,4,1,3,1,1,3,1
SF,IH2007,2020-06-15 09:31:13.100,2807.2000,10582,0,136481640.000,0,-,-,-,-,2807.8000,2807.6000,2807.4000,2807.0000,2806.8000,2809.4000,2809.6000,2810.2000,2810.6000,2811.0000,5,5,4,4,1,3,1,1,3,1
SF,IH2007,2020-06-15 09:31:13.600,2807.2000,10582,0,136481640.000,0,-,-,-,-,2807.8000,2807.6000,2807.4000,2807.0000,2806.8000,2809.2000,2809.4000,2809.6000,2810.2000,2810.6000,1,2,3,4,1,1,3,1,1,3
SF,IH2007,2020-06-15 09:31:14.100,2808.0000,10579,-3,139008840.000,3,0,3,双平,S,2807.8000,2807.6000,2807.4000,2807.0000,2806.8000,2808.0000,2809.0000,2809.6000,2810.2000,2810.6000,1,2,3,3,1,2,3,1,1,3
SF,IH2007,2020-06-15 09:31:14.600,2807.0000,10579,0,146589300.000,9,4,5,多换,S,2807.0000,2806.8000,2806.6000,2806.4000,2806.2000,2807.8000,2809.0000,2809.6000,2810.2000,2810.6000,2,1,4,1,7,1,3,1,1,1
SF,IH2007,2020-06-15 09:31:15.100,2807.8000,10578,-1,148273980.000,2,0,2,多平,S,2808.0000,2807.4000,2807.2000,2807.0000,2806.8000,2808.6000,2809.0000,2809.6000,2810.2000,2810.6000,4,1,3,1,1,1,3,1,1,1
SF,IH2007,2020-06-15 09:31:15.600,2807.8000,10578,0,148273980.000,0,-,-,-,-,2808.0000,2807.2000,2807.0000,2806.8000,2806.6000,2808.6000,2809.0000,2809.6000,2810.2000,2810.6000,4,4,1,1,3,1,3,1,1,1
SF,IH2007,2020-06-15 09:31:16.100,2807.8000,10578,0,148273980.000,0,-,-,-,-,2808.0000,2807.4000,2807.2000,2807.0000,2806.8000,2808.6000,2809.0000,2809.6000,2810.2000,2810.6000,1,1,9,1,1,1,3,1,1,1
SF,IH2007,2020-06-15 09:31:16.600,2808.6000,10579,1,149116560.000,1,1,0,双开,S,2808.6000,2808.0000,2807.4000,2807.2000,2807.0000,2809.0000,2809.6000,2810.2000,2810.6000,2811.0000,1,1,1,9,2,3,1,1,1,1
SF,IH2007,2020-06-15 09:31:17.100,2808.6000,10578,-1,149959140.000,1,0,1,双平,S,2808.0000,2807.4000,2807.2000,2807.0000,2806.8000,2809.0000,2809.6000,2810.2000,2810.6000,2811.0000,1,1,9,2,1,2,1,1,1,1
SF,IH2007,2020-06-15 09:31:17.600,2808.6000,10578,0,149959140.000,0,-,-,-,-,2808.0000,2807.4000,2807.2000,2807.0000,2806.8000,2809.0000,2809.6000,2810.2000,2810.6000,2811.0000,1,2,9,2,1,1,1,1,1,1
SF,IH2007,2020-06-15 09:31:18.100,2808.6000,10578,0,149959140.000,0,-,-,-,-,2808.2000,2808.0000,2807.4000,2807.2000,2807.0000,2809.6000,2810.2000,2810.6000,2811.0000,2812.8000,3,1,1,8,2,1,1,1,1,1
SF,IH2007,2020-06-15 09:31:18.600,2808.6000,10578,0,149959140.000,0,-,-,-,-,2808.2000,2808.0000,2807.4000,2807.2000,2807.0000,2809.4000,2809.6000,2810.2000,2810.6000,2811.0000,1,1,1,8,2,2,1,1,1,1
SF,IH2007,2020-06-15 09:31:19.100,2808.2000,10577,-1,150801600.000,1,0,1,双平,S,2808.0000,2807.6000,2807.4000,2807.2000,2807.0000,2809.4000,2809.6000,2810.2000,2810.6000,2811.0000,1,1,1,7,2,2,1,1,1,1
SF,IH2007,2020-06-15 09:31:19.600,2808.2000,10577,0,150801600.000,0,-,-,-,-,2808.4000,2808.0000,2807.4000,2807.2000,2807.0000,2809.4000,2810.2000,2810.6000,2811.0000,2812.8000,3,1,1,7,2,2,1,1,1,1
SF,IH2007,2020-06-15 09:31:20.100,2808.2000,10577,0,150801600.000,0,-,-,-,-,2808.4000,2808.0000,2807.4000,2807.2000,2807.0000,2809.4000,2810.2000,2810.6000,2811.0000,2812.8000,3,1,1,7,2,1,1,1,1,1
SF,IH2007,2020-06-15 09:31:20.600,2808.2000,10577,0,150801600.000,0,-,-,-,-,2808.4000,2808.0000,2807.4000,2807.2000,2807.0000,2809.4000,2810.2000,2810.6000,2811.0000,2812.8000,3,1,1,7,2,1,1,1,1,1
SF,IH2007,2020-06-15 09:31:21.600,2808.2000,10577,0,150801600.000,0,-,-,-,-,2808.4000,2808.0000,2807.4000,2807.2000,2807.0000,2809.4000,2810.2000,2810.6000,2811.0000,2812.8000,3,1,1,8,2,1,1,1,1,1
SF,IH2007,2020-06-15 09:31:22.100,2808.0000,10575,-2,154171380.000,4,1,3,多平,S,2807.4000,2807.2000,2807.0000,2806.8000,2806.6000,2808.0000,2810.2000,2810.6000,2811.0000,2812.8000,1,8,2,1,1,1,1,1,1,1
SF,IH2007,2020-06-15 09:31:22.600,2808.0000,10574,-1,155013780.000,1,0,1,双平,S,2807.8000,2807.6000,2807.4000,2807.2000,2807.0000,2808.4000,2810.2000,2810.6000,2811.0000,2812.8000,1,9,2,7,2,1,1,1,1,1
SF,IH2007,2020-06-15 09:31:23.100,2808.4000,10574,0,155856300.000,1,0,1,多换,S,2808.2000,2808.0000,2807.8000,2807.6000,2807.4000,2810.2000,2810.6000,2811.0000,2812.8000,2814.0000,1,2,1,9,2,1,1,1,1,1
SF,IH2007,2020-06-15 09:31:23.600,2808.4000,10574,0,155856300.000,0,-,-,-,-,2808.2000,2808.0000,2807.8000,2807.6000,2807.4000,2810.0000,2810.2000,2810.6000,2811.0000,2812.8000,1,2,1,9,2,2,1,1,1,1
SF,IH2007,2020-06-15 09:31:24.100,2809.8000,10571,-3,159227040.000,4,0,4,多平,S,2808.0000,2807.8000,2807.6000,2807.4000,2807.2000,2810.0000,2810.2000,2810.6000,2811.0000,2812.8000,1,1,9,2,4,6,1,1,1,1
SF,IH2007,2020-06-15 09:31:24.600,2808.0000,10571,0,160069440.000,1,0,1,多换,S,2807.8000,2807.6000,2807.4000,2807.2000,2807.0000,2809.8000,2810.0000,2810.2000,2810.6000,2811.0000,1,6,2,4,2,1,2,1,1,1
SF,IH2007,2020-06-15 09:31:25.100,2808.0000,10571,0,160069440.000,0,-,-,-,-,2808.0000,2807.8000,2807.6000,2807.4000,2807.2000,2809.6000,2809.8000,2810.2000,2810.6000,2811.0000,1,1,5,2,4,2,1,1,1,1
SF,IH2007,2020-06-15 09:31:25.600,2808.0000,10571,0,160069440.000,0,-,-,-,-,2808.0000,2807.8000,2807.6000,2807.4000,2807.2000,2809.6000,2809.8000,2810.2000,2810.6000,2811.0000,1,1,5,2,4,2,1,1,1,1
SF,IH2007,2020-06-15 09:31:26.100,2809.6000,10569,-2,162598080.000,3,0,3,多平,S,2809.6000,2808.2000,2808.0000,2807.8000,2807.6000,2809.8000,2810.2000,2810.6000,2811.0000,2812.0000,1,3,2,1,5,1,1,1,1,1
SF,IH2007,2020-06-15 09:31:26.600,2809.8000,10568,-1,163441020.000,1,0,1,双平,S,2809.6000,2808.2000,2808.0000,2807.8000,2807.6000,2810.2000,2810.6000,2811.0000,2812.0000,2812.4000,1,7,2,1,2,1,1,1,1,1
SF,IH2007,2020-06-15 09:31:27.100,2809.6000,10568,0,164283900.000,1,0,1,多换,S,2808.2000,2808.0000,2807.8000,2807.6000,2807.4000,2810.2000,2810.6000,2811.0000,2812.0000,2812.4000,8,2,2,3,2,1,1,1,1,1
SF,IH2007,2020-06-15 09:31:27.600,2810.2000,10567,-1,165126960.000,1,0,1,双平,S,2809.6000,2809.2000,2808.4000,2808.2000,2808.0000,2810.6000,2811.0000,2812.0000,2812.4000,2812.8000,1,1,12,8,2,1,1,1,1,1
SF,IH2007,2020-06-15 09:31:28.100,2810.2000,10567,0,165126960.000,0,-,-,-,-,2809.8000,2808.6000,2808.4000,2808.2000,2808.0000,2811.0000,2812.0000,2812.8000,2814.0000,2814.2000,1,1,10,7,1,1,1,1,1,2
SF,IH2007,2020-06-15 09:31:28.600,2810.2000,10567,0,165126960.000,0,-,-,-,-,2810.0000,2808.6000,2808.4000,2808.2000,2808.0000,2811.0000,2812.0000,2812.8000,2814.0000,2814.2000,1,2,10,7,1,1,1,1,1,2
SF,IH2007,2020-06-15 09:31:29.100,2810.2000,10567,0,165126960.000,0,-,-,-,-,2810.2000,2808.6000,2808.4000,2808.2000,2808.0000,2811.0000,2812.0000,2812.8000,2814.0000,2814.2000,1,2,10,7,2,1,1,1,1,2
SF,IH2007,2020-06-15 09:31:29.600,2810.2000,10567,0,165126960.000,0,-,-,-,-,2810.4000,2808.6000,2808.4000,2808.2000,2808.0000,2811.0000,2812.8000,2814.0000,2814.2000,2815.8000,1,2,10,6,2,1,1,1,2,5
SF,IH2007,2020-06-15 09:31:30.100,2810.2000,10567,0,165126960.000,0,-,-,-,-,2810.2000,2808.6000,2808.4000,2808.2000,2808.0000,2811.0000,2814.0000,2814.2000,2815.8000,2816.6000,1,2,10,6,2,1,1,2,5,1
SF,IH2007,2020-06-15 09:31:30.600,2811.0000,10568,1,165970260.000,1,1,0,双开,S,2810.4000,2810.2000,2808.6000,2808.4000,2808.2000,2814.0000,2814.2000,2815.8000,2816.6000,2820.0000,2,1,2,10,6,1,2,5,1,1
SF,IH2007,2020-06-15 09:31:31.100,2811.0000,10568,0,165970260.000,0,-,-,-,-,2810.6000,2810.4000,2810.2000,2808.6000,2808.4000,2813.4000,2813.8000,2814.0000,2814.2000,2815.8000,4,1,1,2,10,1,13,3,3,5
SF,IH2007,2020-06-15 09:31:31.600,2811.0000,10568,0,165970260.000,0,-,-,-,-,2810.6000,2810.4000,2810.2000,2808.6000,2808.4000,2812.8000,2813.2000,2813.4000,2813.8000,2814.0000,2,1,1,2,10,1,8,1,4,1
SF,IH2007,2020-06-15 09:31:32.100,2811.0000,10568,0,165970260.000,0,-,-,-,-,2810.6000,2810.4000,2810.2000,2809.6000,2808.6000,2812.6000,2813.2000,2813.4000,2813.8000,2814.0000,2,1,1,1,2,4,5,2,3,1
SF,IH2007,2020-06-15 09:31:32.600,2811.0000,10568,0,165970260.000,0,-,-,-,-,2810.8000,2810.6000,2810.4000,2810.2000,2809.6000,2812.6000,2813.2000,2813.4000,2813.8000,2814.0000,1,2,1,1,1,1,5,2,3,1
SF,IH2007,2020-06-15 09:31:33.100,2811.0000,10568,0,165970260.000,0,-,-,-,-,2811.0000,2810.6000,2810.4000,2810.2000,2809.6000,2812.6000,2813.2000,2813.4000,2813.8000,2814.0000,1,1,1,1,1,1,5,2,3,1
SF,IH2007,2020-06-15 09:31:33.600,2811.0000,10568,0,165970260.000,0,-,-,-,-,2811.2000,2810.6000,2810.4000,2810.2000,2809.6000,2812.6000,2813.4000,2813.8000,2814.0000,2814.2000,1,1,1,1,1,1,1,3,1,2
SF,IH2007,2020-06-15 09:31:34.100,2811.0000,10568,0,165970260.000,0,-,-,-,-,2811.4000,2810.6000,2810.4000,2810.2000,2809.6000,2812.6000,2813.4000,2813.8000,2814.0000,2814.2000,1,1,1,1,1,1,1,1,1,2
SF,IH2007,2020-06-15 09:31:34.600,2812.6000,10567,-1,166814040.000,1,0,1,双平,S,2811.6000,2810.6000,2810.4000,2810.2000,2809.6000,2813.4000,2813.8000,2814.0000,2814.2000,2815.8000,1,1,1,1,1,1,1,1,2,6
SF,IH2007,2020-06-15 09:31:35.100,2812.6000,10567,0,166814040.000,0,-,-,-,-,2811.8000,2810.6000,2810.4000,2810.2000,2809.6000,2813.2000,2813.8000,2814.0000,2814.2000,2815.8000,2,1,1,1,1,1,1,1,2,6
SF,IH2007,2020-06-15 09:31:35.600,2812.6000,10567,0,166814040.000,0,-,-,-,-,2811.8000,2810.6000,2810.4000,2810.2000,2809.6000,2813.8000,2814.0000,2814.2000,2815.8000,2816.6000,2,1,1,1,1,1,1,2,6,1
SF,IH2007,2020-06-15 09:31:36.100,2812.6000,10567,0,166814040.000,0,-,-,-,-,2811.8000,2810.6000,2810.4000,2810.2000,2809.6000,2813.6000,2814.0000,2814.2000,2815.8000,2816.6000,2,1,1,1,1,1,1,2,6,1
SF,IH2007,2020-06-15 09:31:36.600,2812.6000,10567,0,166814040.000,0,-,-,-,-,2811.8000,2810.6000,2810.4000,2810.2000,2809.6000,2813.6000,2814.0000,2814.2000,2815.8000,2816.6000,2,1,1,1,1,1,1,2,6,1
SF,IH2007,2020-06-15 09:31:37.600,2812.6000,10567,0,166814040.000,0,-,-,-,-,2811.8000,2810.6000,2810.4000,2810.2000,2809.6000,2813.6000,2814.0000,2814.2000,2815.8000,2816.6000,2,1,1,1,1,1,1,2,6,1
SF,IH2007,2020-06-15 09:31:38.100,2812.6000,10567,0,166814040.000,0,-,-,-,-,2811.8000,2810.6000,2810.4000,2810.2000,2809.6000,2814.0000,2814.2000,2815.0000,2815.8000,2816.6000,2,1,1,1,1,1,2,1,1,1
SF,IH2007,2020-06-15 09:31:38.600,2812.6000,10567,0,166814040.000,0,-,-,-,-,2811.8000,2810.6000,2810.4000,2810.2000,2809.6000,2813.8000,2814.0000,2814.2000,2815.2000,2815.8000,1,1,1,1,1,1,1,2,1,1
SF,IH2007,2020-06-15 09:31:39.100,2812.6000,10567,0,166814040.000,0,-,-,-,-,2812.0000,2811.8000,2810.6000,2810.2000,2809.6000,2813.8000,2814.0000,2814.2000,2815.2000,2815.8000,1,1,1,1,1,1,1,2,1,1
SF,IH2007,2020-06-15 09:31:39.600,2811.8000,10565,-2,168501180.000,2,0,2,双平,S,2810.6000,2810.2000,2809.6000,2808.4000,2808.2000,2813.6000,2813.8000,2814.0000,2814.2000,2815.2000,1,1,1,1,5,7,1,1,2,1
SF,IH2007,2020-06-15 09:31:40.100,2811.8000,10565,0,168501180.000,0,-,-,-,-,2810.8000,2810.6000,2810.2000,2809.6000,2808.4000,2813.4000,2813.6000,2814.0000,2814.2000,2815.2000,5,1,1,1,1,2,6,1,2,1
SF,IH2007,2020-06-15 09:31:40.600,2811.8000,10565,0,168501180.000,0,-,-,-,-,2811.0000,2810.6000,2810.2000,2809.6000,2808.4000,2813.2000,2813.4000,2814.0000,2814.2000,2815.2000,1,1,1,1,1,6,3,1,2,1
SF,IH2007,2020-06-15 09:31:41.100,2811.8000,10565,0,168501180.000,0,-,-,-,-,2811.0000,2810.2000,2809.6000,2808.4000,2808.2000,2813.0000,2813.2000,2813.4000,2814.0000,2814.2000,1,1,1,1,5,1,6,1,1,2
SF,IH2007,2020-06-15 09:31:41.600,2811.8000,10565,0,168501180.000,0,-,-,-,-,2810.2000,2809.6000,2808.4000,2808.2000,2808.0000,2812.8000,2813.0000,2813.2000,2814.0000,2814.2000,1,1,1,5,2,1,1,6,1,2
SF,IH2007,2020-06-15 09:31:42.100,2811.0000,10564,-1,169344480.000,1,0,1,双平,S,2810.4000,2810.2000,2809.6000,2808.4000,2808.2000,2812.6000,2813.2000,2814.0000,2814.2000,2815.8000,10,2,1,1,5,1,6,1,2,1
SF,IH2007,2020-06-15 09:31:42.600,2811.0000,10564,0,169344480.000,0,-,-,-,-,2811.0000,2810.6000,2810.4000,2810.2000,2810.0000,2812.6000,2813.2000,2814.0000,2814.2000,2815.8000,2,1,10,1,1,1,6,1,2,1
SF,IH2007,2020-06-15 09:31:43.100,2811.0000,10564,0,169344480.000,0,-,-,-,-,2811.0000,2810.6000,2810.4000,2810.2000,2810.0000,2812.6000,2813.2000,2814.0000,2814.2000,2815.8000,2,3,10,1,1,1,6,1,2,1
SF,IH2007,2020-06-15 09:31:43.600,2811.0000,10564,0,169344480.000,0,-,-,-,-,2811.0000,2810.6000,2810.4000,2810.2000,2810.0000,2812.6000,2813.2000,2814.0000,2814.2000,2815.8000,2,2,9,1,1,1,6,1,2,1
SF,IH2007,2020-06-15 09:31:44.100,2811.0000,10564,0,169344480.000,0,-,-,-,-,2811.2000,2811.0000,2810.6000,2810.4000,2810.2000,2812.6000,2813.2000,2814.0000,2814.2000,2815.8000,3,2,2,8,1,1,6,1,2,1
SF,IH2007,2020-06-15 09:31:44.600,2811.0000,10563,-1,170187780.000,1,0,1,双平,S,2811.2000,2811.0000,2810.6000,2810.4000,2810.2000,2813.2000,2814.0000,2814.2000,2815.8000,2819.6000,3,2,2,8,1,6,1,2,1,5
SF,IH2007,2020-06-15 09:31:45.100,2811.0000,10563,0,170187780.000,0,-,-,-,-,2811.4000,2811.2000,2811.0000,2810.6000,2810.4000,2814.0000,2814.2000,2815.8000,2819.6000,2820.0000,1,4,2,2,8,1,2,1,5,1
SF,IH2007,2020-06-15 09:31:45.600,2811.0000,10563,0,170187780.000,0,-,-,-,-,2811.6000,2811.4000,2811.2000,2811.0000,2810.6000,2813.8000,2814.0000,2814.2000,2815.4000,2819.6000,1,2,3,2,1,2,1,2,1,5
SF,IH2007,2020-06-15 09:31:46.100,2813.8000,10562,-1,171031920.000,1,0,1,双平,S,2811.8000,2811.6000,2811.4000,2811.2000,2811.0000,2813.8000,2814.0000,2814.2000,2815.4000,2819.6000,1,2,2,3,2,1,1,2,1,5
SF,IH2007,2020-06-15 09:31:46.600,2813.8000,10562,0,171031920.000,0,-,-,-,-,2812.0000,2811.8000,2811.6000,2811.4000,2811.2000,2813.6000,2813.8000,2814.0000,2814.2000,2815.4000,1,1,2,2,3,2,1,1,2,1
SF,IH2007,2020-06-15 09:31:47.100,2813.8000,10562,0,171031920.000,0,-,-,-,-,2812.0000,2811.8000,2811.6000,2811.4000,2811.2000,2813.6000,2814.0000,2814.2000,2815.4000,2819.6000,2,1,1,2,3,3,1,2,1,5
SF,IH2007,2020-06-15 09:31:47.600,2813.8000,10561,-1,171876060.000,1,0,1,双平,S,2812.2000,2812.0000,2811.6000,2811.4000,2811.2000,2813.6000,2814.0000,2814.2000,2815.4000,2819.6000,1,1,1,2,3,3,1,2,1,5
SF,IH2007,2020-06-15 09:31:48.100,2813.8000,10561,0,171876060.000,0,-,-,-,-,2812.4000,2812.0000,2811.4000,2811.2000,2811.0000,2813.6000,2814.0000,2814.2000,2815.4000,2819.6000,1,1,2,3,2,3,1,2,1,5
SF,IH2007,2020-06-15 09:31:48.600,2813.8000,10561,0,171876060.000,0,-,-,-,-,2812.0000,2811.4000,2811.2000,2811.0000,2810.4000,2813.6000,2814.0000,2814.2000,2818.6000,2819.6000,1,1,3,2,8,2,1,2,1,5
SF,IH2007,2020-06-15 09:31:49.100,2813.8000,10561,0,171876060.000,0,-,-,-,-,2812.8000,2812.2000,2812.0000,2811.4000,2811.2000,2813.6000,2814.0000,2814.2000,2818.6000,2819.6000,2,1,1,1,3,1,1,2,1,5
SF,IH2007,2020-06-15 09:31:49.600,2813.6000,10562,1,174407820.000,3,2,1,空开,S,2812.4000,2812.2000,2812.0000,2811.4000,2811.2000,2814.0000,2814.2000,2818.6000,2819.6000,2820.0000,1,1,1,1,2,1,2,1,5,1
SF,IH2007,2020-06-15 09:31:50.100,2813.6000,10562,0,174407820.000,0,-,-,-,-,2812.6000,2812.4000,2812.2000,2812.0000,2811.4000,2813.6000,2813.8000,2814.0000,2814.2000,2815.4000,1,1,1,1,1,1,1,1,2,1
SF,IH2007,2020-06-15 09:31:50.600,2812.4000,10561,-1,175251540.000,1,0,1,双平,S,2812.2000,2812.0000,2811.4000,2811.2000,2811.0000,2813.6000,2813.8000,2814.0000,2814.2000,2818.6000,2,1,1,2,2,1,1,1,2,1
SF,IH2007,2020-06-15 09:31:51.100,2813.6000,10560,-1,176095620.000,1,0,1,双平,S,2812.6000,2812.4000,2812.2000,2811.2000,2811.0000,2814.0000,2814.2000,2818.6000,2819.6000,2820.0000,1,3,1,2,2,1,2,1,5,1
SF,IH2007,2020-06-15 09:31:51.600,2813.6000,10560,0,176095620.000,0,-,-,-,-,2812.8000,2812.6000,2812.4000,2812.2000,2811.2000,2814.0000,2814.2000,2818.6000,2819.6000,2820.0000,2,1,1,1,2,1,2,1,5,1
SF,IH2007,2020-06-15 09:31:52.100,2813.6000,10560,0,176095620.000,0,-,-,-,-,2813.2000,2812.8000,2812.6000,2812.4000,2812.2000,2814.0000,2814.2000,2818.6000,2819.6000,2820.0000,1,2,1,1,1,1,2,1,5,1
SF,IH2007,2020-06-15 09:31:52.600,2813.6000,10560,0,176095620.000,0,-,-,-,-,2813.6000,2813.4000,2813.2000,2813.0000,2812.4000,2814.0000,2814.2000,2818.6000,2819.6000,2820.0000,1,2,1,5,1,1,2,1,5,1
SF,IH2007,2020-06-15 09:31:53.100,2813.6000,10560,0,176095620.000,0,-,-,-,-,2813.6000,2813.4000,2813.2000,2813.0000,2812.4000,2814.0000,2814.2000,2818.6000,2819.6000,2820.0000,1,1,1,1,1,1,2,1,6,1
SF,IH2007,2020-06-15 09:31:53.600,2814.0000,10559,-1,176939820.000,1,0,1,双平,S,2813.6000,2813.4000,2813.2000,2813.0000,2812.4000,2814.2000,2818.6000,2819.6000,2820.0000,2823.0000,1,1,1,2,1,2,1,6,1,1
SF,IH2007,2020-06-15 09:31:54.100,2814.0000,10559,0,176939820.000,0,-,-,-,-,2813.6000,2813.4000,2813.2000,2813.0000,2812.4000,2814.2000,2815.8000,2818.6000,2819.6000,2820.0000,1,1,1,2,1,2,1,1,6,1
SF,IH2007,2020-06-15 09:31:54.600,2814.2000,10557,-2,178628160.000,2,0,2,双平,S,2813.4000,2813.2000,2813.0000,2812.4000,2812.2000,2814.2000,2815.8000,2818.6000,2819.6000,2820.0000,1,1,2,1,1,1,1,1,6,1
SF,IH2007,2020-06-15 09:31:55.100,2814.2000,10557,0,179472420.000,1,0,1,多换,S,2813.4000,2813.2000,2813.0000,2812.4000,2812.2000,2815.8000,2818.6000,2819.6000,2820.0000,2823.0000,1,1,2,1,1,1,1,6,1,1
SF,IH2007,2020-06-15 09:31:55.600,2814.2000,10557,0,179472420.000,0,-,-,-,-,2813.6000,2813.2000,2813.0000,2812.4000,2812.2000,2815.6000,2815.8000,2816.0000,2818.6000,2819.6000,1,1,2,1,1,8,1,2,1,6
SF,IH2007,2020-06-15 09:31:56.100,2814.2000,10557,0,179472420.000,0,-,-,-,-,2813.8000,2813.6000,2813.2000,2813.0000,2812.4000,2815.2000,2815.4000,2815.6000,2816.0000,2818.6000,1,1,1,1,1,1,1,7,1,1
SF,IH2007,2020-06-15 09:31:56.600,2815.0000,10556,-1,180316920.000,1,0,1,双平,S,2813.8000,2813.0000,2812.4000,2812.2000,2811.2000,2815.2000,2815.6000,2816.0000,2818.6000,2819.6000,2,1,1,1,2,1,2,2,1,6
SF,IH2007,2020-06-15 09:31:57.100,2815.0000,10556,0,180316920.000,0,-,-,-,-,2814.0000,2813.8000,2813.0000,2812.4000,2812.2000,2815.6000,2816.0000,2816.2000,2818.6000,2819.6000,1,2,1,1,1,2,1,1,1,6
SF,IH2007,2020-06-15 09:31:57.600,2814.2000,10555,-1,181161180.000,1,0,1,双平,S,2814.2000,2813.0000,2812.4000,2812.2000,2811.2000,2815.4000,2815.6000,2816.0000,2816.2000,2818.6000,2,1,1,1,2,1,2,1,1,2
SF,IH2007,2020-06-15 09:31:58.100,2814.2000,10555,0,181161180.000,0,-,-,-,-,2814.2000,2813.0000,2812.4000,2812.2000,2811.2000,2815.2000,2815.4000,2816.0000,2816.2000,2818.6000,1,1,1,1,2,2,1,1,1,2
SF,IH2007,2020-06-15 09:31:58.600,2814.2000,10555,0,181161180.000,0,-,-,-,-,2814.4000,2814.2000,2813.0000,2812.4000,2812.2000,2816.2000,2818.6000,2819.6000,2820.0000,2823.0000,1,1,1,1,1,1,2,6,1,1
SF,IH2007,2020-06-15 09:31:59.100,2814.2000,10555,0,181161180.000,0,-,-,-,-,2814.2000,2813.0000,2812.4000,2812.2000,2811.2000,2816.0000,2816.2000,2816.4000,2818.6000,2819.6000,1,1,1,1,2,4,1,1,2,6
SF,IH2007,2020-06-15 09:31:59.600,2814.2000,10555,0,181161180.000,0,-,-,-,-,2814.4000,2814.2000,2813.0000,2812.4000,2812.2000,2816.0000,2816.4000,2818.6000,2819.6000,2820.0000,2,1,1,1,1,6,1,2,6,1
SF,IH2007,2020-06-15 09:32:00.100,2814.2000,10555,0,181161180.000,0,-,-,-,-,2814.4000,2814.2000,2813.0000,2812.4000,2812.2000,2815.8000,2816.0000,2816.4000,2818.6000,2819.6000,2,1,1,1,1,1,6,1,2,6
SF,IH2007,2020-06-15 09:32:00.600,2814.2000,10554,-1,182005440.000,1,0,1,双平,S,2814.4000,2813.0000,2812.4000,2812.2000,2811.0000,2815.6000,2815.8000,2816.0000,2818.6000,2819.6000,2,1,1,1,2,1,2,3,2,6
SF,IH2007,2020-06-15 09:32:01.100,2813.0000,10554,0,182849340.000,1,0,1,多换,S,2812.4000,2812.2000,2811.0000,2810.0000,2809.6000,2813.6000,2814.0000,2815.6000,2815.8000,2816.0000,1,1,2,2,1,1,1,3,1,1
SF,IH2007,2020-06-15 09:32:01.600,2814.0000,10552,-2,184537620.000,2,0,2,双平,S,2813.6000,2812.8000,2812.6000,2812.4000,2812.2000,2814.2000,2814.4000,2815.6000,2815.8000,2816.0000,1,1,14,1,1,2,2,3,1,1
SF,IH2007,2020-06-15 09:32:02.100,2813.8000,10550,-2,186225900.000,2,0,2,双平,S,2813.8000,2813.6000,2812.8000,2812.6000,2812.4000,2814.2000,2814.4000,2815.6000,2815.8000,2816.0000,2,1,1,14,1,2,2,3,1,1
SF,IH2007,2020-06-15 09:32:02.600,2814.2000,10549,-1,187070160.000,1,0,1,双平,S,2813.8000,2813.6000,2812.8000,2812.6000,2812.4000,2814.2000,2814.4000,2815.6000,2815.8000,2816.0000,2,1,1,14,1,1,2,3,1,1
SF,IH2007,2020-06-15 09:32:03.100,2814.2000,10549,0,187070160.000,0,-,-,-,-,2814.0000,2813.8000,2812.8000,2812.6000,2812.4000,2814.2000,2814.4000,2815.6000,2815.8000,2816.0000,1,2,1,14,1,1,2,3,1,1
SF,IH2007,2020-06-15 09:32:03.600,2814.2000,10548,-1,187914420.000,1,0,1,双平,S,2813.8000,2812.8000,2812.6000,2812.4000,2812.2000,2815.6000,2815.8000,2816.0000,2816.2000,2818.6000,1,1,14,1,1,3,1,1,1,2
SF,IH2007,2020-06-15 09:32:04.100,2814.2000,10548,0,187914420.000,0,-,-,-,-,2813.8000,2812.8000,2812.6000,2812.4000,2812.2000,2815.2000,2815.4000,2815.6000,2815.8000,2816.0000,1,1,14,1,1,1,2,3,1,1
SF,IH2007,2020-06-15 09:32:04.600,2814.2000,10548,0,187914420.000,0,-,-,-,-,2814.0000,2813.8000,2812.8000,2812.6000,2812.4000,2815.0000,2815.2000,2815.6000,2815.8000,2816.0000,3,1,1,14,1,1,1,2,1,1
SF,IH2007,2020-06-15 09:32:05.100,2814.2000,10548,0,187914420.000,0,-,-,-,-,2814.0000,2813.8000,2812.8000,2812.6000,2812.4000,2815.0000,2815.2000,2815.6000,2815.8000,2816.0000,2,1,1,14,1,1,1,2,1,1
SF,IH2007,2020-06-15 09:32:05.600,2814.2000,10548,0,187914420.000,0,-,-,-,-,2814.0000,2813.8000,2812.8000,2812.6000,2812.4000,2815.2000,2815.6000,2815.8000,2816.0000,2816.2000,2,1,1,14,1,1,2,1,1,2
SF,IH2007,2020-06-15 09:32:06.100,2814.2000,10548,0,187914420.000,0,-,-,-,-,2814.0000,2813.8000,2812.8000,2812.6000,2812.4000,2815.2000,2815.6000,2815.8000,2816.0000,2816.2000,2,1,1,14,1,1,2,1,1,2
SF,IH2007,2020-06-15 09:32:06.600,2814.2000,10548,0,187914420.000,0,-,-,-,-,2814.0000,2813.8000,2812.8000,2812.6000,2812.4000,2815.2000,2815.6000,2815.8000,2816.0000,2816.2000,2,1,1,14,1,1,2,1,1,2
SF,IH2007,2020-06-15 09:32:07.100,2814.2000,10548,0,187914420.000,0,-,-,-,-,2814.2000,2814.0000,2813.8000,2812.8000,2812.6000,2815.2000,2815.6000,2815.8000,2816.0000,2816.2000,1,2,1,1,14,1,2,1,1,2
SF,IH2007,2020-06-15 09:32:07.600,2814.2000,10548,0,187914420.000,0,-,-,-,-,2813.8000,2812.8000,2812.6000,2812.4000,2812.2000,2815.2000,2815.6000,2815.8000,2816.0000,2816.2000,1,1,14,1,2,1,2,1,1,2
SF,IH2007,2020-06-15 09:32:08.100,2814.2000,10548,0,187914420.000,0,-,-,-,-,2814.0000,2813.8000,2812.8000,2812.6000,2812.4000,2815.2000,2815.6000,2815.8000,2816.0000,2816.2000,3,1,1,14,1,1,2,1,1,2
SF,IH2007,2020-06-15 09:32:08.600,2814.2000,10548,0,187914420.000,0,-,-,-,-,2814.2000,2813.8000,2812.8000,2812.6000,2812.4000,2814.8000,2815.0000,2815.6000,2815.8000,2816.0000,1,1,1,14,1,1,1,2,1,1
SF,IH2007,2020-06-15 09:32:09.100,2814.2000,10547,-1,188758680.000,1,0,1,双平,S,2813.8000,2812.8000,2812.6000,2812.4000,2812.2000,2814.8000,2815.0000,2815.6000,2815.8000,2816.0000,1,1,14,1,2,1,1,2,1,1
SF,IH2007,2020-06-15 09:32:09.600,2813.8000,10546,-1,189602820.000,1,0,1,双平,S,2812.6000,2812.4000,2812.2000,2812.0000,2811.0000,2814.8000,2815.0000,2815.6000,2815.8000,2816.0000,10,1,2,1,2,1,1,2,1,1
SF,IH2007,2020-06-15 09:32:10.100,2813.8000,10546,0,189602820.000,0,-,-,-,-,2812.8000,2812.6000,2812.4000,2812.2000,2812.0000,2814.6000,2814.8000,2815.6000,2815.8000,2816.0000,1,8,1,2,1,1,1,2,1,1
SF,IH2007,2020-06-15 09:32:10.600,2813.8000,10546,0,189602820.000,0,-,-,-,-,2814.0000,2813.0000,2812.8000,2812.6000,2812.4000,2814.6000,2814.8000,2815.6000,2815.8000,2816.0000,1,6,1,4,1,1,1,2,1,1
SF,IH2007,2020-06-15 09:32:11.100,2814.0000,10545,-1,190447020.000,1,0,1,双平,S,2813.0000,2812.8000,2812.6000,2812.4000,2812.2000,2814.6000,2814.8000,2815.6000,2815.8000,2816.0000,4,1,4,1,2,1,1,2,1,1
SF,IH2007,2020-06-15 09:32:11.600,2814.0000,10545,0,190447020.000,0,-,-,-,-,2813.2000,2813.0000,2812.6000,2812.4000,2812.2000,2814.8000,2815.6000,2815.8000,2816.0000,2816.2000,4,4,4,1,2,1,2,1,1,2
SF,IH2007,2020-06-15 09:32:12.100,2813.2000,10544,-1,191290980.000,1,0,1,双平,S,2813.2000,2813.0000,2812.6000,2812.4000,2812.2000,2814.4000,2814.6000,2815.6000,2815.8000,2816.0000,3,4,3,1,2,1,2,2,1,2
SF,IH2007,2020-06-15 09:32:12.600,2813.2000,10544,0,191290980.000,0,-,-,-,-,2813.2000,2813.0000,2812.6000,2812.4000,2812.2000,2814.0000,2814.2000,2814.6000,2815.6000,2815.8000,3,3,1,1,2,1,1,2,2,1
SF,IH2007,2020-06-15 09:32:13.100,2813.0000,10542,-2,194666760.000,4,1,3,多平,S,2812.2000,2811.0000,2810.2000,2810.0000,2808.4000,2813.2000,2813.8000,2814.0000,2814.6000,2815.6000,1,2,1,2,1,1,1,1,1,2
SF,IH2007,2020-06-15 09:32:13.600,2812.2000,10542,0,195510420.000,1,0,1,多换,S,2811.0000,2810.2000,2810.0000,2808.4000,2808.0000,2813.0000,2813.2000,2813.8000,2814.6000,2815.6000,2,1,2,1,1,1,1,4,1,2
SF,IH2007,2020-06-15 09:32:14.100,2812.2000,10542,0,195510420.000,0,-,-,-,-,2811.4000,2811.2000,2811.0000,2810.2000,2810.0000,2813.2000,2814.2000,2814.6000,2815.6000,2816.0000,1,10,3,1,1,1,3,1,2,2
SF,IH2007,2020-06-15 09:32:14.600,2812.2000,10542,0,195510420.000,0,-,-,-,-,2811.2000,2811.0000,2810.2000,2810.0000,2808.4000,2813.2000,2814.2000,2814.6000,2815.6000,2816.0000,8,3,1,1,1,1,3,1,2,2
SF,IH2007,2020-06-15 09:32:15.100,2812.2000,10542,0,195510420.000,0,-,-,-,-,2811.2000,2811.0000,2810.2000,2810.0000,2808.4000,2813.0000,2813.2000,2814.2000,2814.6000,2815.6000,8,3,1,1,1,1,1,3,1,2
SF,IH2007,2020-06-15 09:32:15.600,2812.2000,10542,0,195510420.000,0,-,-,-,-,2811.2000,2811.0000,2810.2000,2810.0000,2808.4000,2813.0000,2813.2000,2814.2000,2814.6000,2815.6000,8,3,1,1,1,1,1,3,1,2
SF,IH2007,2020-06-15 09:32:16.600,2812.2000,10542,0,195510420.000,0,-,-,-,-,2811.6000,2811.2000,2811.0000,2810.2000,2810.0000,2813.0000,2813.2000,2814.2000,2814.6000,2815.6000,1,8,3,1,1,1,1,3,1,2
SF,IH2007,2020-06-15 09:32:17.100,2812.2000,10542,0,195510420.000,0,-,-,-,-,2811.6000,2811.2000,2811.0000,2810.2000,2810.0000,2812.8000,2813.0000,2813.2000,2814.2000,2814.6000,1,7,3,1,1,2,1,1,3,1
SF,IH2007,2020-06-15 09:32:17.600,2813.0000,10541,-1,196354320.000,1,0,1,双平,S,2811.6000,2811.2000,2811.0000,2810.2000,2810.0000,2813.2000,2814.2000,2814.6000,2815.6000,2816.0000,1,6,3,1,1,1,3,1,2,2
SF,IH2007,2020-06-15 09:32:18.100,2813.0000,10541,0,196354320.000,0,-,-,-,-,2811.8000,2811.6000,2811.2000,2811.0000,2810.2000,2813.0000,2813.2000,2814.2000,2814.6000,2815.6000,1,1,6,3,1,4,1,3,1,2
SF,IH2007,2020-06-15 09:32:18.600,2813.0000,10541,0,196354320.000,0,-,-,-,-,2812.0000,2811.8000,2811.2000,2811.0000,2810.2000,2813.0000,2813.2000,2814.2000,2814.6000,2815.6000,1,1,6,3,1,4,1,3,1,2
SF,IH2007,2020-06-15 09:32:19.600,2813.0000,10541,0,196354320.000,0,-,-,-,-,2812.0000,2811.8000,2811.2000,2811.0000,2810.2000,2813.0000,2813.2000,2814.2000,2814.6000,2815.6000,1,1,6,3,1,2,3,3,1,2
SF,IH2007,2020-06-15 09:32:20.600,2813.0000,10540,-1,197198220.000,1,0,1,双平,S,2812.0000,2811.8000,2811.2000,2811.0000,2810.2000,2813.0000,2813.2000,2814.2000,2814.6000,2815.6000,1,1,6,3,1,1,3,3,1,2
SF,IH2007,2020-06-15 09:32:21.100,2813.0000,10539,-1,198042120.000,1,0,1,双平,S,2812.2000,2812.0000,2811.2000,2811.0000,2810.2000,2813.2000,2814.2000,2814.6000,2815.6000,2816.0000,2,1,6,3,1,2,3,1,2,1
SF,IH2007,2020-06-15 09:32:21.600,2813.0000,10539,0,198042120.000,0,-,-,-,-,2812.2000,2812.0000,2811.2000,2811.0000,2810.2000,2813.2000,2814.2000,2814.6000,2815.6000,2816.0000,2,1,6,3,1,2,3,1,2,1
SF,IH2007,2020-06-15 09:32:22.100,2813.0000,10539,0,198042120.000,0,-,-,-,-,2812.4000,2812.2000,2811.2000,2811.0000,2810.2000,2813.2000,2814.2000,2814.6000,2815.6000,2816.0000,1,3,6,3,1,2,3,1,2,1
SF,IH2007,2020-06-15 09:32:22.600,2813.0000,10539,0,198042120.000,0,-,-,-,-,2812.4000,2812.2000,2811.2000,2811.0000,2810.2000,2813.2000,2814.2000,2814.6000,2815.6000,2816.0000,1,3,6,3,1,2,3,1,2,1
SF,IH2007,2020-06-15 09:32:23.600,2813.0000,10539,0,198042120.000,0,-,-,-,-,2812.4000,2812.2000,2811.2000,2811.0000,2810.2000,2813.2000,2814.2000,2814.6000,2815.0000,2815.6000,1,3,6,3,1,2,3,1,1,2
SF,IH2007,2020-06-15 09:32:24.100,2813.0000,10539,0,198042120.000,0,-,-,-,-,2812.4000,2812.2000,2811.2000,2811.0000,2810.2000,2813.2000,2814.2000,2814.6000,2815.0000,2815.6000,1,3,6,3,1,2,3,1,2,2
SF,IH2007,2020-06-15 09:32:24.600,2813.0000,10539,0,198042120.000,0,-,-,-,-,2812.4000,2812.2000,2811.2000,2811.0000,2810.2000,2813.2000,2814.2000,2814.6000,2815.0000,2815.6000,1,2,6,3,1,4,3,1,2,2
SF,IH2007,2020-06-15 09:32:25.100,2813.0000,10539,0,198042120.000,0,-,-,-,-,2812.4000,2812.2000,2811.2000,2811.0000,2810.2000,2812.6000,2813.2000,2814.2000,2814.6000,2815.0000,1,2,6,3,1,2,4,3,1,2
SF,IH2007,2020-06-15 09:32:25.600,2813.0000,10539,0,198042120.000,0,-,-,-,-,2812.4000,2812.2000,2811.2000,2811.0000,2810.2000,2812.6000,2813.0000,2813.2000,2814.2000,2814.6000,1,2,7,3,1,2,1,3,3,1
SF,IH2007,2020-06-15 09:32:26.100,2812.4000,10538,-1,198885840.000,1,0,1,双平,S,2812.2000,2811.2000,2811.0000,2810.2000,2810.0000,2812.4000,2812.6000,2813.0000,2813.2000,2814.2000,2,7,3,1,1,1,2,1,3,3
SF,IH2007,2020-06-15 09:32:26.600,2812.6000,10537,-1,199729620.000,1,0,1,双平,S,2812.2000,2811.2000,2811.0000,2810.2000,2810.0000,2812.6000,2813.0000,2813.2000,2814.2000,2814.6000,1,7,3,1,1,1,1,3,3,1
SF,IH2007,2020-06-15 09:32:27.100,2812.6000,10537,0,200573400.000,1,0,1,多换,S,2812.2000,2811.2000,2811.0000,2810.2000,2810.0000,2813.0000,2813.2000,2814.2000,2814.6000,2815.0000,1,7,3,1,1,1,3,3,2,1
SF,IH2007,2020-06-15 09:32:27.600,2812.6000,10537,0,200573400.000,0,-,-,-,-,2812.2000,2811.2000,2811.0000,2810.2000,2810.0000,2813.0000,2813.2000,2814.2000,2814.6000,2815.0000,1,7,3,1,1,1,3,3,2,2
SF,IH2007,2020-06-15 09:32:28.100,2813.0000,10536,-1,201417300.000,1,0,1,双平,S,2812.2000,2811.2000,2811.0000,2810.2000,2810.0000,2813.2000,2814.2000,2814.6000,2815.0000,2815.6000,1,7,3,1,1,3,3,2,2,2
SF,IH2007,2020-06-15 09:32:28.600,2813.0000,10536,0,201417300.000,0,-,-,-,-,2812.2000,2811.2000,2811.0000,2810.2000,2810.0000,2813.2000,2814.2000,2814.6000,2815.0000,2815.6000,1,7,3,1,1,3,3,2,2,2
SF,IH2007,2020-06-15 09:32:29.100,2813.0000,10536,0,201417300.000,0,-,-,-,-,2812.4000,2812.2000,2811.2000,2811.0000,2810.2000,2813.2000,2814.2000,2814.6000,2814.8000,2815.0000,2,1,7,3,1,3,3,2,1,2
SF,IH2007,2020-06-15 09:32:29.600,2812.4000,10536,0,202261020.000,1,0,1,多换,S,2812.4000,2812.2000,2811.2000,2811.0000,2810.2000,2813.2000,2814.2000,2814.6000,2814.8000,2815.0000,1,1,7,3,1,3,3,2,1,2
SF,IH2007,2020-06-15 09:32:30.100,2812.4000,10536,0,202261020.000,0,-,-,-,-,2812.2000,2811.2000,2811.0000,2810.2000,2810.0000,2813.2000,2814.2000,2814.6000,2814.8000,2815.0000,1,7,3,1,1,3,3,2,1,2
SF,IH2007,2020-06-15 09:32:30.600,2812.4000,10536,0,202261020.000,0,-,-,-,-,2812.4000,2812.2000,2811.2000,2811.0000,2810.2000,2813.2000,2814.2000,2814.6000,2814.8000,2815.0000,1,1,7,3,1,3,3,2,1,2
SF,IH2007,2020-06-15 09:32:31.100,2812.4000,10536,0,202261020.000,0,-,-,-,-,2812.4000,2812.2000,2811.8000,2811.2000,2811.0000,2813.2000,2814.2000,2814.6000,2814.8000,2815.0000,1,1,1,7,3,3,3,2,1,2
SF,IH2007,2020-06-15 09:32:31.600,2812.4000,10537,1,203104740.000,1,1,0,双开,S,2812.2000,2811.8000,2811.2000,2811.0000,2810.2000,2813.2000,2814.2000,2814.6000,2814.8000,2815.0000,1,1,7,3,1,3,3,2,1,2
SF,IH2007,2020-06-15 09:32:32.100,2812.4000,10537,0,203104740.000,0,-,-,-,-,2812.4000,2812.2000,2811.8000,2811.2000,2811.0000,2813.2000,2814.2000,2814.6000,2814.8000,2815.0000,1,1,1,7,3,3,3,2,1,2
SF,IH2007,2020-06-15 09:32:32.600,2812.4000,10537,0,203104740.000,0,-,-,-,-,2812.4000,2812.2000,2811.8000,2811.2000,2811.0000,2813.2000,2814.2000,2814.6000,2814.8000,2815.0000,2,1,1,7,3,3,3,2,1,2
SF,IH2007,2020-06-15 09:32:33.100,2812.4000,10537,0,203104740.000,0,-,-,-,-,2812.4000,2812.2000,2811.8000,2811.2000,2811.0000,2813.2000,2813.4000,2814.2000,2814.6000,2814.8000,2,1,1,7,3,3,1,3,1,1
SF,IH2007,2020-06-15 09:32:33.600,2812.4000,10537,0,203104740.000,0,-,-,-,-,2812.4000,2812.2000,2811.8000,2811.2000,2811.0000,2813.2000,2813.4000,2814.2000,2814.6000,2814.8000,2,1,1,7,3,3,1,3,1,3
SF,IH2007,2020-06-15 09:32:34.100,2812.4000,10537,0,203104740.000,0,-,-,-,-,2812.4000,2812.2000,2811.8000,2811.2000,2811.0000,2813.0000,2813.2000,2813.4000,2814.2000,2814.6000,2,1,1,7,3,1,3,1,3,1
SF,IH2007,2020-06-15 09:32:34.600,2812.4000,10537,0,203104740.000,0,-,-,-,-,2812.6000,2812.4000,2812.2000,2811.8000,2811.2000,2813.0000,2813.2000,2813.4000,2814.2000,2814.6000,1,2,1,1,7,1,3,1,3,1
SF,IH2007,2020-06-15 09:32:35.100,2812.4000,10537,0,203104740.000,0,-,-,-,-,2812.2000,2811.8000,2811.2000,2811.0000,2810.2000,2813.0000,2813.2000,2813.4000,2814.2000,2814.6000,1,1,7,3,1,1,3,1,5,1
SF,IH2007,2020-06-15 09:32:35.600,2812.4000,10537,0,203104740.000,0,-,-,-,-,2812.4000,2812.2000,2811.8000,2811.2000,2811.0000,2813.0000,2813.2000,2813.4000,2814.2000,2814.6000,1,1,1,7,3,1,3,1,5,1
SF,IH2007,2020-06-15 09:32:36.100,2812.4000,10536,-1,203948460.000,1,0,1,双平,S,2812.2000,2811.8000,2811.2000,2811.0000,2810.2000,2813.0000,2813.2000,2813.4000,2814.2000,2814.6000,1,1,7,3,1,1,3,1,5,1
SF,IH2007,2020-06-15 09:32:36.600,2812.4000,10536,0,203948460.000,0,-,-,-,-,2812.2000,2811.8000,2811.2000,2811.0000,2810.2000,2812.6000,2813.0000,2813.2000,2814.2000,2814.6000,1,1,7,3,1,1,3,3,5,1
SF,IH2007,2020-06-15 09:32:37.100,2812.4000,10536,0,203948460.000,0,-,-,-,-,2812.2000,2811.8000,2811.2000,2811.0000,2810.2000,2812.6000,2813.0000,2813.2000,2814.2000,2814.6000,1,1,7,3,1,1,3,3,5,1
SF,IH2007,2020-06-15 09:32:38.100,2812.2000,10536,0,204792120.000,1,0,1,多换,S,2811.8000,2811.2000,2811.0000,2810.2000,2809.4000,2812.6000,2813.0000,2813.2000,2814.2000,2814.6000,1,7,3,1,1,1,3,3,5,1
SF,IH2007,2020-06-15 09:32:38.600,2812.2000,10536,0,204792120.000,0,-,-,-,-,2812.0000,2811.8000,2811.2000,2811.0000,2810.2000,2812.6000,2813.0000,2813.2000,2814.2000,2814.6000,1,1,7,3,1,1,3,3,5,1
SF,IH2007,2020-06-15 09:32:39.600,2812.0000,10535,-1,205635720.000,1,0,1,双平,S,2811.8000,2811.2000,2811.0000,2810.2000,2809.4000,2812.6000,2813.0000,2813.2000,2814.2000,2814.6000,1,7,3,1,1,1,3,3,5,1
SF,IH2007,2020-06-15 09:32:40.100,2811.8000,10535,0,206479260.000,1,0,1,多换,S,2811.2000,2811.0000,2810.2000,2809.4000,2808.8000,2811.8000,2812.2000,2812.4000,2812.6000,2813.0000,6,3,1,1,1,3,1,5,1,3
SF,IH2007,2020-06-15 09:32:40.600,2811.8000,10535,0,206479260.000,0,-,-,-,-,2811.2000,2811.0000,2810.2000,2809.4000,2808.8000,2811.8000,2812.2000,2812.4000,2812.6000,2813.0000,1,2,1,1,1,1,1,2,1,3
SF,IH2007,2020-06-15 09:32:41.100,2811.8000,10535,0,206479260.000,0,-,-,-,-,2811.2000,2811.0000,2810.2000,2809.4000,2808.8000,2811.8000,2812.2000,2812.4000,2812.6000,2813.0000,1,2,1,1,1,1,1,1,2,3
SF,IH2007,2020-06-15 09:32:41.600,2811.8000,10534,-1,207322800.000,1,0,1,双平,S,2811.2000,2811.0000,2810.2000,2809.4000,2808.8000,2812.2000,2812.4000,2812.6000,2813.0000,2813.2000,1,2,1,1,1,1,1,2,3,3
SF,IH2007,2020-06-15 09:32:42.100,2811.8000,10534,0,207322800.000,0,-,-,-,-,2811.4000,2811.2000,2811.0000,2810.2000,2809.4000,2812.0000,2812.2000,2812.4000,2812.6000,2813.0000,1,1,2,1,1,1,1,1,1,3
SF,IH2007,2020-06-15 09:32:42.600,2811.8000,10534,0,207322800.000,0,-,-,-,-,2811.4000,2811.2000,2811.0000,2810.2000,2809.4000,2812.0000,2812.2000,2812.6000,2813.0000,2813.2000,1,1,2,1,1,1,1,1,3,3
SF,IH2007,2020-06-15 09:32:43.100,2812.0000,10533,-1,208166400.000,1,0,1,双平,S,2811.4000,2811.2000,2811.0000,2810.2000,2809.4000,2812.2000,2812.6000,2813.0000,2813.2000,2813.4000,1,1,2,1,1,1,1,3,3,1
SF,IH2007,2020-06-15 09:32:43.600,2812.0000,10533,0,208166400.000,0,-,-,-,-,2811.6000,2811.4000,2811.2000,2811.0000,2810.2000,2812.2000,2812.6000,2813.0000,2813.2000,2813.4000,1,1,1,2,1,1,1,3,3,1
SF,IH2007,2020-06-15 09:32:44.100,2812.0000,10533,0,208166400.000,0,-,-,-,-,2811.6000,2811.4000,2811.2000,2811.0000,2810.2000,2812.2000,2812.6000,2813.0000,2813.2000,2813.4000,1,1,1,2,1,1,1,3,3,1
SF,IH2007,2020-06-15 09:32:44.600,2811.6000,10533,0,209009880.000,1,0,1,多换,S,2811.2000,2811.0000,2810.2000,2809.4000,2808.8000,2812.2000,2812.6000,2813.0000,2813.2000,2813.4000,1,2,1,1,1,1,1,3,3,1
SF,IH2007,2020-06-15 09:32:45.600,2811.6000,10533,0,209009880.000,0,-,-,-,-,2811.4000,2811.2000,2811.0000,2810.2000,2809.4000,2812.0000,2812.2000,2812.6000,2813.0000,2813.2000,1,1,2,1,1,1,1,1,3,3
SF,IH2007,2020-06-15 09:32:46.100,2811.6000,10533,0,209009880.000,0,-,-,-,-,2811.4000,2811.2000,2811.0000,2810.2000,2809.4000,2812.0000,2812.2000,2812.6000,2813.0000,2813.2000,1,1,2,1,1,1,1,1,3,3
SF,IH2007,2020-06-15 09:32:46.600,2811.6000,10533,0,209009880.000,0,-,-,-,-,2811.4000,2811.2000,2811.0000,2810.2000,2809.4000,2812.0000,2812.2000,2812.6000,2813.0000,2813.2000,1,1,2,1,1,1,1,1,3,3
SF,IH2007,2020-06-15 09:32:47.100,2811.6000,10533,0,209009880.000,0,-,-,-,-,2811.4000,2811.2000,2811.0000,2810.2000,2809.4000,2812.0000,2812.2000,2812.6000,2813.0000,2813.2000,1,1,2,1,1,1,1,1,3,2
SF,IH2007,2020-06-15 09:32:49.600,2812.2000,10531,-2,210697140.000,2,0,2,双平,S,2811.4000,2811.2000,2811.0000,2810.2000,2809.4000,2812.6000,2813.0000,2813.2000,2813.4000,2814.2000,1,1,2,1,1,1,3,2,1,5
SF,IH2007,2020-06-15 09:32:50.100,2812.2000,10531,0,210697140.000,0,-,-,-,-,2812.2000,2811.6000,2811.4000,2811.2000,2811.0000,2812.6000,2813.0000,2813.2000,2813.4000,2814.2000,1,2,1,1,2,1,3,2,1,5
SF,IH2007,2020-06-15 09:32:50.600,2812.6000,10530,-1,211540920.000,1,0,1,双平,S,2812.2000,2811.6000,2811.4000,2811.2000,2811.0000,2813.0000,2813.2000,2813.4000,2814.2000,2814.8000,1,1,1,2,2,3,2,1,5,5
SF,IH2007,2020-06-15 09:32:51.100,2812.6000,10530,0,211540920.000,0,-,-,-,-,2812.2000,2811.6000,2811.4000,2811.2000,2811.0000,2812.8000,2813.0000,2813.2000,2813.4000,2814.2000,1,1,1,2,2,2,3,2,1,5
SF,IH2007,2020-06-15 09:32:51.600,2813.0000,10528,-2,213228720.000,2,0,2,双平,S,2812.2000,2811.6000,2811.4000,2811.2000,2811.0000,2813.0000,2813.2000,2813.4000,2814.2000,2814.8000,1,1,1,2,2,1,2,1,5,5
SF,IH2007,2020-06-15 09:32:52.600,2813.0000,10528,0,213228720.000,0,-,-,-,-,2812.2000,2811.6000,2811.4000,2811.2000,2811.0000,2813.0000,2813.2000,2813.4000,2814.2000,2814.8000,1,1,1,2,2,1,2,1,5,4
SF,IH2007,2020-06-15 09:32:53.600,2813.0000,10528,0,213228720.000,0,-,-,-,-,2812.4000,2812.2000,2811.6000,2811.4000,2811.2000,2813.0000,2813.2000,2813.4000,2814.2000,2814.8000,2,1,1,1,2,1,2,1,5,4
SF,IH2007,2020-06-15 09:32:54.100,2812.4000,10529,1,214072440.000,1,1,0,双开,S,2812.2000,2811.6000,2811.4000,2811.2000,2811.0000,2812.8000,2813.0000,2813.2000,2813.4000,2814.2000,1,1,1,2,2,2,1,2,1,5
SF,IH2007,2020-06-15 09:32:54.600,2812.4000,10529,0,214072440.000,0,-,-,-,-,2812.4000,2812.2000,2811.6000,2811.4000,2811.2000,2813.0000,2813.2000,2813.4000,2814.2000,2814.8000,1,1,1,1,2,1,2,1,5,4
SF,IH2007,2020-06-15 09:32:55.600,2812.4000,10529,0,214916160.000,1,0,1,多换,S,2812.2000,2811.6000,2811.4000,2811.2000,2811.0000,2813.0000,2813.2000,2813.4000,2814.2000,2814.8000,1,1,1,2,2,1,2,1,5,4
SF,IH2007,2020-06-15 09:32:56.600,2812.4000,10529,0,214916160.000,0,-,-,-,-,2811.6000,2811.4000,2811.2000,2811.0000,2810.4000,2813.0000,2813.2000,2813.4000,2814.2000,2814.8000,1,1,2,2,1,1,2,1,5,4
SF,IH2007,2020-06-15 09:32:57.100,2812.4000,10529,0,214916160.000,0,-,-,-,-,2811.6000,2811.2000,2811.0000,2810.4000,2810.2000,2812.8000,2813.0000,2813.2000,2813.4000,2814.2000,1,2,2,1,1,2,1,2,1,5
SF,IH2007,2020-06-15 09:32:57.600,2812.4000,10529,0,214916160.000,0,-,-,-,-,2811.8000,2811.6000,2811.2000,2811.0000,2810.4000,2813.0000,2813.2000,2813.4000,2814.2000,2814.8000,1,1,2,2,1,1,2,1,5,4
SF,IH2007,2020-06-15 09:32:58.100,2812.4000,10529,0,214916160.000,0,-,-,-,-,2811.8000,2811.6000,2811.2000,2811.0000,2810.4000,2812.8000,2813.0000,2813.2000,2813.4000,2814.2000,1,1,2,2,1,2,1,2,1,5
SF,IH2007,2020-06-15 09:32:58.600,2812.4000,10529,0,214916160.000,0,-,-,-,-,2811.6000,2811.2000,2811.0000,2810.4000,2810.2000,2813.0000,2813.2000,2813.4000,2814.2000,2814.8000,1,2,2,1,1,1,2,1,5,4
SF,IH2007,2020-06-15 09:32:59.100,2812.4000,10529,0,214916160.000,0,-,-,-,-,2811.6000,2811.2000,2811.0000,2810.4000,2810.2000,2812.8000,2813.0000,2813.2000,2813.4000,2814.2000,1,2,2,1,1,1,1,2,1,5
SF,IH2007,2020-06-15 09:32:59.600,2812.4000,10529,0,214916160.000,0,-,-,-,-,2811.8000,2811.6000,2811.2000,2811.0000,2810.4000,2812.8000,2813.0000,2813.2000,2813.4000,2814.2000,1,1,2,2,1,2,1,2,1,5
SF,IH2007,2020-06-15 09:33:00.100,2812.4000,10529,0,214916160.000,0,-,-,-,-,2811.8000,2811.6000,2811.2000,2811.0000,2810.4000,2812.8000,2813.0000,2813.2000,2813.4000,2814.2000,1,1,2,2,1,1,1,2,1,5
SF,IH2007,2020-06-15 09:33:00.600,2811.8000,10529,0,215759700.000,1,0,1,多换,S,2811.2000,2811.0000,2810.4000,2810.2000,2809.6000,2812.6000,2812.8000,2813.0000,2813.2000,2813.4000,2,2,1,1,1,3,1,2,2,1
SF,IH2007,2020-06-15 09:33:01.100,2811.8000,10529,0,215759700.000,0,-,-,-,-,2811.2000,2811.0000,2810.4000,2810.2000,2809.6000,2812.4000,2812.6000,2813.0000,2813.2000,2813.4000,2,2,1,1,1,1,3,2,2,1
SF,IH2007,2020-06-15 09:33:01.600,2811.8000,10529,0,215759700.000,0,-,-,-,-,2811.2000,2811.0000,2810.4000,2810.2000,2809.6000,2812.4000,2812.6000,2813.0000,2813.2000,2813.4000,2,2,1,1,1,1,1,3,2,1
SF,IH2007,2020-06-15 09:33:02.100,2811.8000,10529,0,215759700.000,0,-,-,-,-,2811.2000,2811.0000,2810.4000,2810.2000,2809.6000,2812.2000,2812.4000,2813.0000,2813.2000,2813.4000,2,2,1,1,1,3,1,3,2,1
SF,IH2007,2020-06-15 09:33:03.100,2811.2000,10528,-1,216603060.000,1,0,1,双平,S,2811.2000,2811.0000,2810.4000,2810.2000,2809.6000,2812.2000,2812.4000,2813.0000,2813.2000,2813.4000,1,2,1,1,1,3,1,3,2,1
SF,IH2007,2020-06-15 09:33:03.600,2811.2000,10528,0,217446420.000,1,0,1,多换,S,2811.0000,2810.4000,2810.2000,2809.6000,2809.4000,2811.2000,2812.0000,2812.2000,2813.0000,2813.2000,2,1,1,1,1,1,1,3,3,2
SF,IH2007,2020-06-15 09:33:04.100,2811.2000,10527,-1,218289780.000,1,0,1,双平,S,2811.0000,2810.4000,2810.2000,2809.6000,2809.4000,2812.0000,2812.2000,2813.0000,2813.2000,2813.4000,2,1,1,1,1,1,3,3,2,1
SF,IH2007,2020-06-15 09:33:04.600,2811.2000,10527,0,218289780.000,0,-,-,-,-,2811.0000,2810.4000,2810.2000,2809.6000,2809.4000,2811.8000,2812.0000,2812.2000,2813.0000,2813.2000,2,1,1,1,1,2,1,3,3,2
SF,IH2007,2020-06-15 09:33:05.600,2811.2000,10527,0,218289780.000,0,-,-,-,-,2811.0000,2810.4000,2810.2000,2809.6000,2809.4000,2812.0000,2812.2000,2813.0000,2813.2000,2813.4000,2,1,1,1,1,1,3,3,2,1
SF,IH2007,2020-06-15 09:33:06.100,2811.2000,10527,0,218289780.000,0,-,-,-,-,2811.0000,2810.4000,2810.2000,2809.6000,2809.4000,2811.8000,2812.0000,2812.2000,2813.0000,2813.2000,2,1,1,1,1,2,1,3,3,2
SF,IH2007,2020-06-15 09:33:06.600,2811.8000,10527,0,219133320.000,1,0,1,多换,S,2811.0000,2810.4000,2810.2000,2809.6000,2809.4000,2811.8000,2812.0000,2812.2000,2813.0000,2813.2000,2,1,1,1,1,1,1,3,3,2
SF,IH2007,2020-06-15 09:33:07.100,2811.8000,10527,0,219133320.000,0,-,-,-,-,2811.0000,2810.4000,2810.2000,2809.6000,2809.4000,2812.0000,2812.2000,2813.0000,2813.2000,2813.4000,2,1,1,1,1,1,3,3,2,1
SF,IH2007,2020-06-15 09:33:07.600,2811.8000,10527,0,219133320.000,0,-,-,-,-,2811.0000,2810.4000,2810.2000,2809.6000,2809.4000,2811.8000,2812.0000,2812.2000,2813.0000,2813.2000,2,1,1,1,1,4,1,2,3,2
SF,IH2007,2020-06-15 09:33:08.100,2811.0000,10527,0,220819920.000,2,1,1,多换,S,2810.4000,2810.2000,2809.6000,2809.4000,2808.8000,2811.0000,2811.4000,2811.8000,2812.0000,2812.2000,1,1,1,1,1,1,1,1,1,2
SF,IH2007,2020-06-15 09:33:08.600,2811.0000,10527,0,220819920.000,0,-,-,-,-,2810.4000,2810.2000,2809.6000,2809.4000,2808.8000,2811.4000,2812.0000,2812.2000,2813.0000,2813.2000,1,1,1,1,1,1,1,2,3,2
SF,IH2007,2020-06-15 09:33:09.100,2811.0000,10527,0,220819920.000,0,-,-,-,-,2810.4000,2810.2000,2809.6000,2809.4000,2808.8000,2811.2000,2811.4000,2812.0000,2812.2000,2813.0000,1,1,1,1,1,1,1,1,2,3
SF,IH2007,2020-06-15 09:33:09.600,2809.6000,10524,-3,223348980.000,3,0,3,双平,S,2809.4000,2808.8000,2808.4000,2808.0000,2807.8000,2810.0000,2810.4000,2811.0000,2811.2000,2812.2000,1,1,1,1,1,1,2,2,5,2
SF,IH2007,2020-06-15 09:33:10.100,2810.4000,10522,-2,225035100.000,2,0,2,双平,S,2810.0000,2809.6000,2809.4000,2808.8000,2808.4000,2811.0000,2811.8000,2812.2000,2813.0000,2813.2000,1,1,1,1,1,1,1,2,4,2
SF,IH2007,2020-06-15 09:33:10.600,2809.4000,10520,-2,226720920.000,2,0,2,双平,S,2808.8000,2808.4000,2808.0000,2807.8000,2807.4000,2810.8000,2811.0000,2811.8000,2812.2000,2813.0000,1,1,1,1,1,3,1,1,2,4
SF,IH2007,2020-06-15 09:33:11.100,2809.4000,10520,0,226720920.000,0,-,-,-,-,2809.0000,2808.8000,2808.4000,2808.0000,2807.8000,2810.8000,2811.0000,2811.8000,2812.2000,2813.0000,9,1,1,1,1,2,1,1,2,4
SF,IH2007,2020-06-15 09:33:11.600,2809.4000,10520,0,226720920.000,0,-,-,-,-,2809.0000,2808.8000,2808.4000,2808.0000,2807.8000,2810.6000,2810.8000,2811.0000,2811.8000,2812.2000,8,1,1,1,1,1,4,1,1,2
SF,IH2007,2020-06-15 09:33:12.100,2809.4000,10520,0,226720920.000,0,-,-,-,-,2809.0000,2808.8000,2808.4000,2808.0000,2807.8000,2810.4000,2810.6000,2810.8000,2811.0000,2811.8000,8,1,1,1,1,1,1,3,1,1
SF,IH2007,2020-06-15 09:33:12.600,2809.0000,10518,-2,228406320.000,2,0,2,双平,S,2809.0000,2808.8000,2808.4000,2808.0000,2807.8000,2810.2000,2810.8000,2811.0000,2811.8000,2812.2000,5,1,1,1,1,2,3,1,1,2
SF,IH2007,2020-06-15 09:33:13.100,2810.2000,10517,-1,229249380.000,1,0,1,双平,S,2809.0000,2808.8000,2808.4000,2808.0000,2807.8000,2810.2000,2810.8000,2811.0000,2811.8000,2812.2000,3,1,1,1,1,1,2,1,1,2
SF,IH2007,2020-06-15 09:33:13.600,2810.2000,10517,0,229249380.000,0,-,-,-,-,2809.0000,2808.8000,2808.4000,2808.0000,2807.8000,2810.0000,2810.8000,2811.0000,2811.8000,2812.2000,3,1,1,1,1,1,2,1,1,2
SF,IH2007,2020-06-15 09:33:14.100,2810.2000,10517,0,229249380.000,0,-,-,-,-,2809.0000,2808.8000,2808.4000,2808.0000,2807.8000,2809.8000,2810.8000,2811.0000,2811.8000,2812.2000,2,1,1,1,1,2,2,1,1,2
SF,IH2007,2020-06-15 09:33:14.600,2809.0000,10514,-3,231777720.000,3,0,3,双平,S,2809.2000,2808.8000,2808.4000,2808.0000,2807.8000,2809.8000,2810.8000,2811.0000,2811.8000,2812.2000,1,1,1,1,1,1,2,1,1,2
SF,IH2007,2020-06-15 09:33:15.100,2809.0000,10514,0,231777720.000,0,-,-,-,-,2809.2000,2808.8000,2808.4000,2808.0000,2807.8000,2810.8000,2811.0000,2811.8000,2812.2000,2813.0000,1,1,1,1,1,2,1,1,2,3
SF,IH2007,2020-06-15 09:33:15.600,2809.0000,10514,0,231777720.000,0,-,-,-,-,2809.2000,2808.8000,2808.4000,2808.0000,2807.8000,2810.2000,2810.4000,2810.6000,2810.8000,2811.0000,1,1,1,1,1,1,1,5,2,1
SF,IH2007,2020-06-15 09:33:16.100,2809.0000,10514,0,231777720.000,0,-,-,-,-,2809.2000,2808.8000,2808.4000,2808.0000,2807.8000,2810.0000,2810.2000,2810.6000,2810.8000,2811.0000,1,1,1,1,1,1,1,4,2,1
SF,IH2007,2020-06-15 09:33:16.600,2809.0000,10514,0,231777720.000,0,-,-,-,-,2809.2000,2808.8000,2808.4000,2808.0000,2807.8000,2809.8000,2810.2000,2810.6000,2810.8000,2811.0000,1,1,1,1,1,1,1,4,2,1
SF,IH2007,2020-06-15 09:33:17.100,2809.0000,10514,0,231777720.000,0,-,-,-,-,2809.2000,2808.8000,2808.4000,2808.0000,2807.8000,2810.2000,2810.6000,2810.8000,2811.0000,2811.8000,1,1,1,1,1,1,4,2,1,1
SF,IH2007,2020-06-15 09:33:17.600,2809.0000,10514,0,231777720.000,0,-,-,-,-,2809.2000,2808.8000,2808.4000,2808.0000,2807.8000,2810.0000,2810.6000,2810.8000,2811.0000,2811.8000,1,1,1,1,1,2,1,2,1,1
SF,IH2007,2020-06-15 09:33:18.100,2809.2000,10513,-1,232620480.000,1,0,1,双平,S,2808.8000,2808.4000,2808.0000,2807.8000,2807.4000,2809.8000,2810.0000,2810.8000,2811.0000,2811.8000,1,1,1,1,1,2,1,2,1,1
SF,IH2007,2020-06-15 09:33:18.600,2809.2000,10513,0,232620480.000,0,-,-,-,-,2808.8000,2808.4000,2808.0000,2807.8000,2807.4000,2809.4000,2809.6000,2809.8000,2810.8000,2811.0000,1,1,1,1,1,1,1,2,2,1
SF,IH2007,2020-06-15 09:33:19.100,2809.2000,10513,0,232620480.000,0,-,-,-,-,2808.8000,2808.4000,2808.0000,2807.8000,2807.4000,2809.4000,2809.8000,2810.8000,2811.0000,2812.2000,1,1,1,1,1,1,1,2,1,2
SF,IH2007,2020-06-15 09:33:19.600,2808.8000,10513,0,233463120.000,1,0,1,多换,S,2808.4000,2808.0000,2807.8000,2807.4000,2807.0000,2809.2000,2809.4000,2809.8000,2810.8000,2811.0000,1,1,1,1,1,1,1,1,2,1
SF,IH2007,2020-06-15 09:33:20.100,2808.8000,10513,0,233463120.000,0,-,-,-,-,2808.0000,2807.8000,2807.4000,2807.0000,2806.8000,2809.0000,2809.2000,2809.8000,2810.8000,2811.0000,1,1,1,1,1,1,1,1,2,1
SF,IH2007,2020-06-15 09:33:20.600,2808.8000,10513,0,233463120.000,0,-,-,-,-,2808.0000,2807.8000,2807.4000,2807.0000,2806.8000,2808.8000,2809.2000,2809.8000,2810.8000,2811.0000,1,1,1,1,1,2,1,1,2,1
SF,IH2007,2020-06-15 09:33:21.100,2808.8000,10512,-1,234305760.000,1,0,1,双平,S,2808.8000,2808.4000,2808.2000,2808.0000,2807.8000,2809.2000,2809.8000,2810.8000,2811.0000,2812.2000,2,1,4,1,1,1,1,2,1,2
SF,IH2007,2020-06-15 09:33:21.600,2808.8000,10511,-1,235148400.000,1,0,1,双平,S,2808.0000,2807.8000,2807.4000,2807.0000,2806.8000,2808.8000,2809.0000,2809.8000,2810.8000,2811.0000,1,1,1,1,1,1,1,1,2,1
SF,IH2007,2020-06-15 09:33:22.100,2809.0000,10511,0,236833740.000,2,1,1,多换,S,2808.2000,2808.0000,2807.8000,2807.4000,2807.0000,2808.6000,2809.6000,2809.8000,2810.8000,2811.0000,2,1,1,1,1,1,1,1,2,1
SF,IH2007,2020-06-15 09:33:22.600,2808.6000,10511,0,237676320.000,1,0,1,多换,S,2808.6000,2808.0000,2807.8000,2807.4000,2807.0000,2809.6000,2809.8000,2810.4000,2810.8000,2811.0000,1,1,1,1,1,1,1,1,2,1
SF,IH2007,2020-06-15 09:33:23.100,2808.6000,10511,0,237676320.000,0,-,-,-,-,2808.6000,2808.0000,2807.8000,2807.6000,2807.4000,2809.2000,2809.4000,2809.6000,2810.4000,2810.8000,4,1,1,1,1,1,3,1,1,2
SF,IH2007,2020-06-15 09:33:23.600,2808.6000,10511,0,237676320.000,0,-,-,-,-,2808.6000,2808.0000,2807.8000,2807.6000,2807.4000,2809.2000,2809.4000,2809.6000,2810.4000,2810.8000,4,1,1,1,1,1,2,1,1,2
SF,IH2007,2020-06-15 09:33:24.100,2808.6000,10511,0,237676320.000,0,-,-,-,-,2808.6000,2808.0000,2807.8000,2807.6000,2807.4000,2809.2000,2809.4000,2809.6000,2810.4000,2810.8000,4,1,1,1,1,1,1,1,1,2
SF,IH2007,2020-06-15 09:33:24.600,2809.2000,10511,0,238519080.000,1,0,1,多换,S,2808.6000,2808.0000,2807.8000,2807.6000,2807.4000,2809.6000,2809.8000,2810.4000,2810.8000,2811.0000,3,1,1,1,1,1,1,1,2,2
SF,IH2007,2020-06-15 09:33:25.100,2809.2000,10511,0,238519080.000,0,-,-,-,-,2808.8000,2808.6000,2808.0000,2807.8000,2807.6000,2810.4000,2810.8000,2811.0000,2811.4000,2812.2000,1,3,1,1,1,1,2,2,1,2
SF,IH2007,2020-06-15 09:33:25.600,2809.2000,10511,0,238519080.000,0,-,-,-,-,2808.8000,2808.6000,2808.0000,2807.8000,2807.6000,2810.0000,2810.2000,2810.4000,2810.8000,2811.0000,2,3,1,1,1,1,1,1,2,2
SF,IH2007,2020-06-15 09:33:26.100,2809.2000,10511,0,238519080.000,0,-,-,-,-,2808.8000,2808.6000,2808.0000,2807.8000,2807.6000,2810.0000,2810.2000,2810.4000,2810.8000,2811.0000,2,3,1,1,1,1,1,1,3,2
SF,IH2007,2020-06-15 09:33:26.600,2809.2000,10511,0,238519080.000,0,-,-,-,-,2808.8000,2808.6000,2808.0000,2807.8000,2807.6000,2810.0000,2810.2000,2810.4000,2810.8000,2811.0000,1,3,1,1,1,1,1,1,3,2
SF,IH2007,2020-06-15 09:33:27.100,2809.2000,10511,0,238519080.000,0,-,-,-,-,2809.0000,2808.8000,2808.6000,2808.0000,2807.8000,2810.0000,2810.2000,2810.4000,2810.8000,2811.0000,2,1,3,1,1,1,1,1,3,2
SF,IH2007,2020-06-15 09:33:27.600,2809.2000,10511,0,238519080.000,0,-,-,-,-,2809.0000,2808.8000,2808.6000,2808.4000,2808.0000,2810.0000,2810.4000,2810.8000,2811.0000,2811.4000,5,1,3,1,1,1,1,2,2,1
SF,IH2007,2020-06-15 09:33:28.100,2810.0000,10510,-1,240204780.000,2,0,2,多平,S,2810.0000,2809.0000,2808.8000,2808.6000,2808.4000,2810.4000,2810.8000,2811.0000,2811.4000,2812.2000,1,1,1,3,1,1,2,2,1,3
SF,IH2007,2020-06-15 09:33:28.600,2810.0000,10510,0,240204780.000,0,-,-,-,-,2810.0000,2809.2000,2809.0000,2808.8000,2808.6000,2810.8000,2811.0000,2811.4000,2812.2000,2813.0000,1,3,1,1,3,2,2,1,3,3
SF,IH2007,2020-06-15 09:33:29.100,2810.0000,10510,0,240204780.000,0,-,-,-,-,2810.0000,2809.2000,2809.0000,2808.8000,2808.6000,2810.8000,2811.0000,2811.4000,2812.2000,2813.0000,2,3,1,1,3,2,2,1,3,3
SF,IH2007,2020-06-15 09:33:29.600,2810.0000,10510,0,240204780.000,0,-,-,-,-,2810.0000,2809.2000,2809.0000,2808.8000,2808.6000,2810.8000,2811.0000,2811.4000,2812.2000,2813.0000,2,3,1,1,3,2,2,1,3,3
SF,IH2007,2020-06-15 09:33:30.600,2810.0000,10510,0,240204780.000,0,-,-,-,-,2810.0000,2809.2000,2809.0000,2808.8000,2808.6000,2810.8000,2811.0000,2811.4000,2812.2000,2813.0000,2,3,1,1,3,2,2,1,3,3
SF,IH2007,2020-06-15 09:33:33.100,2810.0000,10510,0,241047780.000,1,0,1,多换,S,2810.0000,2809.2000,2809.0000,2808.8000,2808.6000,2810.6000,2810.8000,2811.0000,2811.4000,2812.2000,1,3,1,1,3,1,2,2,1,3
SF,IH2007,2020-06-15 09:33:33.600,2810.0000,10510,0,241047780.000,0,-,-,-,-,2810.0000,2809.2000,2809.0000,2808.8000,2808.6000,2810.6000,2810.8000,2811.0000,2811.4000,2812.2000,1,3,1,1,3,1,2,2,1,3
SF,IH2007,2020-06-15 09:33:34.100,2810.0000,10511,1,241890780.000,1,1,0,双开,S,2809.2000,2809.0000,2808.8000,2808.6000,2808.4000,2810.6000,2810.8000,2811.0000,2811.4000,2812.2000,3,1,1,3,1,1,2,2,1,3
SF,IH2007,2020-06-15 09:33:34.600,2810.0000,10511,0,241890780.000,0,-,-,-,-,2809.8000,2809.6000,2809.4000,2809.2000,2808.8000,2810.6000,2810.8000,2811.0000,2811.4000,2812.2000,1,1,2,6,1,1,2,2,1,3
SF,IH2007,2020-06-15 09:33:35.100,2810.0000,10511,0,241890780.000,0,-,-,-,-,2809.6000,2809.4000,2809.2000,2808.8000,2808.6000,2809.8000,2810.6000,2810.8000,2811.0000,2811.4000,1,3,3,1,3,1,1,2,2,1
SF,IH2007,2020-06-15 09:33:35.600,2810.0000,10511,0,241890780.000,0,-,-,-,-,2810.0000,2809.6000,2809.4000,2809.2000,2808.8000,2810.6000,2810.8000,2811.0000,2811.4000,2812.2000,2,1,3,3,1,1,3,2,1,2
SF,IH2007,2020-06-15 09:33:36.100,2810.0000,10511,0,241890780.000,0,-,-,-,-,2809.6000,2809.4000,2809.2000,2808.8000,2808.6000,2810.6000,2810.8000,2811.0000,2811.4000,2812.2000,1,3,3,1,3,1,3,2,1,2
SF,IH2007,2020-06-15 09:33:37.600,2810.0000,10511,0,241890780.000,0,-,-,-,-,2809.6000,2809.4000,2809.2000,2808.8000,2808.6000,2809.8000,2810.6000,2810.8000,2811.0000,2811.4000,1,3,3,1,3,1,1,3,2,1
SF,IH2007,2020-06-15 09:33:38.100,2809.8000,10511,0,242733720.000,1,0,1,多换,S,2809.8000,2809.6000,2809.4000,2809.2000,2808.8000,2810.6000,2810.8000,2811.0000,2811.4000,2812.2000,1,2,3,3,1,1,3,2,1,2
SF,IH2007,2020-06-15 09:33:38.600,2809.8000,10511,0,242733720.000,0,-,-,-,-,2809.8000,2809.6000,2809.4000,2809.2000,2808.8000,2810.6000,2810.8000,2811.0000,2811.4000,2812.0000,1,1,3,4,1,1,3,2,1,1
SF,IH2007,2020-06-15 09:33:39.600,2810.6000,10510,-1,243576900.000,1,0,1,双平,S,2810.0000,2809.8000,2809.6000,2809.4000,2809.2000,2810.8000,2811.0000,2811.4000,2812.0000,2812.2000,3,2,1,2,4,3,2,1,1,2
SF,IH2007,2020-06-15 09:33:40.100,2810.6000,10510,0,243576900.000,0,-,-,-,-,2810.4000,2810.2000,2810.0000,2809.8000,2809.4000,2810.8000,2811.0000,2811.4000,2812.0000,2812.2000,1,1,4,2,1,3,2,1,1,2
SF,IH2007,2020-06-15 09:33:40.600,2810.6000,10510,0,243576900.000,0,-,-,-,-,2810.0000,2809.8000,2809.4000,2809.2000,2808.8000,2810.8000,2811.0000,2811.4000,2812.0000,2812.2000,1,2,1,4,1,3,2,1,1,2
SF,IH2007,2020-06-15 09:33:41.100,2810.8000,10509,-1,244420140.000,1,0,1,双平,S,2810.2000,2809.8000,2809.4000,2809.2000,2808.8000,2810.8000,2811.0000,2811.4000,2812.0000,2812.2000,1,2,1,4,1,2,2,1,1,2
SF,IH2007,2020-06-15 09:33:41.600,2810.8000,10509,0,244420140.000,0,-,-,-,-,2809.8000,2809.4000,2809.2000,2808.8000,2808.6000,2810.8000,2811.0000,2811.4000,2812.0000,2812.2000,2,1,4,1,3,2,2,1,1,2
SF,IH2007,2020-06-15 09:33:42.100,2810.8000,10509,0,244420140.000,0,-,-,-,-,2809.8000,2809.4000,2809.2000,2808.8000,2808.6000,2810.2000,2810.6000,2810.8000,2811.0000,2811.4000,1,1,4,1,3,1,1,2,2,1
SF,IH2007,2020-06-15 09:33:42.600,2810.8000,10509,0,244420140.000,0,-,-,-,-,2809.8000,2809.4000,2809.2000,2808.8000,2808.6000,2810.6000,2810.8000,2811.0000,2811.4000,2812.0000,1,1,4,1,3,1,2,2,1,1
SF,IH2007,2020-06-15 09:33:43.600,2810.8000,10509,0,244420140.000,0,-,-,-,-,2809.4000,2809.2000,2808.8000,2808.6000,2808.4000,2810.6000,2810.8000,2811.0000,2811.4000,2812.0000,1,4,1,3,1,1,2,2,1,1
SF,IH2007,2020-06-15 09:33:44.100,2810.8000,10509,0,244420140.000,0,-,-,-,-,2809.6000,2809.4000,2809.2000,2808.8000,2808.6000,2810.6000,2810.8000,2811.0000,2811.4000,2812.0000,2,1,4,1,3,1,2,2,1,1
SF,IH2007,2020-06-15 09:33:45.100,2810.8000,10509,0,244420140.000,0,-,-,-,-,2809.6000,2809.4000,2809.2000,2808.8000,2808.6000,2810.6000,2810.8000,2811.0000,2811.4000,2812.0000,2,1,4,1,3,1,2,2,1,1
SF,IH2007,2020-06-15 09:33:47.100,2810.8000,10509,0,244420140.000,0,-,-,-,-,2809.6000,2809.2000,2808.8000,2808.6000,2808.4000,2810.6000,2810.8000,2811.0000,2811.4000,2812.0000,2,4,1,3,1,1,2,2,1,1
SF,IH2007,2020-06-15 09:33:47.600,2809.6000,10508,-1,245263020.000,1,0,1,双平,S,2809.2000,2808.8000,2808.6000,2808.4000,2808.0000,2810.6000,2810.8000,2811.0000,2811.4000,2812.0000,4,1,3,1,1,1,2,2,1,2
SF,IH2007,2020-06-15 09:33:48.100,2809.6000,10508,0,245263020.000,0,-,-,-,-,2809.4000,2809.2000,2808.8000,2808.6000,2808.4000,2810.4000,2810.6000,2810.8000,2811.0000,2811.4000,1,4,1,1,1,1,1,2,2,1
SF,IH2007,2020-06-15 09:33:50.100,2810.4000,10507,-1,246106140.000,1,0,1,双平,S,2809.2000,2808.8000,2808.6000,2808.4000,2808.0000,2810.6000,2810.8000,2811.0000,2811.4000,2812.0000,4,1,1,1,1,1,2,2,1,2
SF,IH2007,2020-06-15 09:33:50.600,2810.4000,10507,0,246106140.000,0,-,-,-,-,2809.2000,2808.8000,2808.6000,2808.4000,2808.0000,2810.4000,2810.6000,2810.8000,2811.0000,2811.4000,4,1,1,1,1,1,1,2,2,1
SF,IH2007,2020-06-15 09:33:51.100,2810.4000,10507,0,246106140.000,0,-,-,-,-,2809.4000,2809.2000,2808.8000,2808.6000,2808.4000,2810.6000,2810.8000,2811.0000,2811.4000,2812.0000,1,4,1,1,1,1,2,2,1,2
SF,IH2007,2020-06-15 09:33:51.600,2810.4000,10507,0,246106140.000,0,-,-,-,-,2809.4000,2809.2000,2808.8000,2808.6000,2808.4000,2810.6000,2810.8000,2811.0000,2811.4000,2812.0000,6,4,1,1,1,1,2,2,1,2
SF,IH2007,2020-06-15 09:33:52.100,2809.4000,10505,-2,248634600.000,3,0,3,多平,S,2809.2000,2808.8000,2808.6000,2808.4000,2808.0000,2809.4000,2810.4000,2810.6000,2810.8000,2811.0000,1,1,1,1,1,1,1,1,2,2
SF,IH2007,2020-06-15 09:33:52.600,2809.4000,10505,0,248634600.000,0,-,-,-,-,2808.8000,2808.6000,2808.4000,2808.0000,2807.8000,2809.4000,2809.8000,2810.4000,2810.6000,2810.8000,1,1,1,1,2,1,1,2,1,2
SF,IH2007,2020-06-15 09:33:53.100,2809.4000,10505,0,248634600.000,0,-,-,-,-,2808.8000,2808.6000,2808.4000,2808.0000,2807.8000,2809.4000,2809.8000,2810.2000,2810.4000,2810.6000,1,1,1,1,2,1,1,1,2,1
SF,IH2007,2020-06-15 09:33:54.600,2808.8000,10506,1,249477240.000,1,1,0,双开,S,2808.6000,2808.4000,2808.0000,2807.8000,2807.4000,2808.8000,2809.4000,2809.8000,2810.2000,2810.4000,1,1,1,2,1,3,1,1,1,2
SF,IH2007,2020-06-15 09:33:55.100,2809.8000,10506,0,252848100.000,4,2,2,多换,S,2810.0000,2808.8000,2808.6000,2808.4000,2808.0000,2810.2000,2810.4000,2810.6000,2810.8000,2811.0000,9,3,1,1,1,1,2,1,3,2
SF,IH2007,2020-06-15 09:33:55.600,2810.0000,10506,0,260435100.000,9,4,5,多换,S,2809.4000,2808.8000,2808.6000,2808.4000,2808.0000,2810.0000,2810.2000,2810.4000,2810.6000,2810.8000,1,4,1,1,1,2,1,1,1,3
SF,IH2007,2020-06-15 09:33:56.100,2810.0000,10506,0,261278100.000,1,0,1,多换,S,2809.4000,2808.8000,2808.6000,2808.4000,2808.2000,2810.2000,2810.4000,2810.8000,2811.0000,2811.2000,1,4,1,1,1,1,1,3,2,1
SF,IH2007,2020-06-15 09:33:56.600,2810.0000,10506,0,261278100.000,0,-,-,-,-,2809.4000,2809.0000,2808.8000,2808.6000,2808.4000,2810.2000,2810.4000,2810.8000,2811.0000,2811.2000,1,1,4,1,1,1,1,3,2,1
SF,IH2007,2020-06-15 09:33:57.100,2810.0000,10506,0,261278100.000,0,-,-,-,-,2810.0000,2809.4000,2809.0000,2808.8000,2808.6000,2810.2000,2810.4000,2810.8000,2811.0000,2811.2000,1,1,1,4,1,1,1,3,2,1
SF,IH2007,2020-06-15 09:33:57.600,2810.0000,10506,0,261278100.000,0,-,-,-,-,2810.0000,2809.4000,2809.0000,2808.8000,2808.6000,2810.4000,2810.8000,2811.0000,2811.2000,2812.0000,1,1,1,4,1,1,3,2,1,1
SF,IH2007,2020-06-15 09:33:58.100,2810.0000,10506,0,262121100.000,1,0,1,多换,S,2810.0000,2809.4000,2809.0000,2808.8000,2808.6000,2810.8000,2811.0000,2811.2000,2811.8000,2812.0000,1,1,1,4,1,3,2,1,1,1
SF,IH2007,2020-06-15 09:33:58.600,2810.0000,10506,0,262121100.000,0,-,-,-,-,2810.0000,2809.4000,2809.0000,2808.8000,2808.6000,2810.6000,2810.8000,2811.0000,2811.2000,2811.8000,1,1,1,4,1,1,3,2,2,1
SF,IH2007,2020-06-15 09:33:59.100,2810.0000,10506,0,262964100.000,1,0,1,多换,S,2809.4000,2809.0000,2808.8000,2808.6000,2808.2000,2810.6000,2810.8000,2811.0000,2811.2000,2811.8000,1,1,4,1,1,1,3,2,2,1
SF,IH2007,2020-06-15 09:33:59.600,2810.6000,10506,0,263807280.000,1,0,1,多换,S,2809.6000,2809.4000,2809.0000,2808.8000,2808.6000,2810.8000,2811.0000,2811.2000,2811.8000,2812.0000,3,1,1,2,1,3,2,2,1,1
SF,IH2007,2020-06-15 09:34:00.100,2810.6000,10506,0,263807280.000,0,-,-,-,-,2809.6000,2809.4000,2809.0000,2808.8000,2808.6000,2810.4000,2810.8000,2811.0000,2811.2000,2811.8000,1,1,1,2,1,1,3,2,2,1
SF,IH2007,2020-06-15 09:34:01.100,2810.6000,10506,0,263807280.000,0,-,-,-,-,2809.6000,2809.4000,2809.0000,2808.8000,2808.6000,2810.4000,2810.8000,2811.0000,2811.2000,2811.8000,1,1,1,2,1,1,3,2,2,1
SF,IH2007,2020-06-15 09:34:02.100,2810.4000,10505,-1,264650400.000,1,0,1,双平,S,2809.6000,2809.4000,2809.2000,2809.0000,2808.8000,2810.8000,2811.0000,2811.2000,2811.8000,2812.0000,2,1,1,1,2,3,2,2,1,1
SF,IH2007,2020-06-15 09:34:02.600,2810.4000,10505,0,264650400.000,0,-,-,-,-,2809.8000,2809.6000,2809.4000,2809.2000,2809.0000,2810.8000,2811.0000,2811.2000,2811.8000,2812.0000,3,2,1,1,1,3,2,2,1,1
SF,IH2007,2020-06-15 09:34:03.100,2810.4000,10505,0,264650400.000,0,-,-,-,-,2809.8000,2809.6000,2809.4000,2809.2000,2809.0000,2810.8000,2811.0000,2811.2000,2811.8000,2812.0000,1,2,1,1,1,3,2,2,1,1
SF,IH2007,2020-06-15 09:34:03.600,2810.4000,10505,0,264650400.000,0,-,-,-,-,2809.8000,2809.6000,2809.4000,2809.2000,2809.0000,2810.8000,2811.0000,2811.2000,2811.8000,2812.0000,1,1,1,1,1,3,2,2,1,1
SF,IH2007,2020-06-15 09:34:04.100,2810.4000,10505,0,264650400.000,0,-,-,-,-,2810.0000,2809.4000,2809.2000,2809.0000,2808.8000,2810.6000,2810.8000,2811.0000,2811.2000,2811.8000,16,1,1,1,2,1,3,2,2,1
SF,IH2007,2020-06-15 09:34:04.600,2810.4000,10505,0,264650400.000,0,-,-,-,-,2810.0000,2809.4000,2809.2000,2809.0000,2808.8000,2810.6000,2810.8000,2811.0000,2811.2000,2811.8000,17,1,1,1,2,1,3,2,2,1
SF,IH2007,2020-06-15 09:34:05.100,2810.4000,10505,0,264650400.000,0,-,-,-,-,2810.0000,2809.4000,2809.2000,2809.0000,2808.8000,2810.8000,2811.0000,2811.2000,2811.8000,2812.0000,17,1,1,1,2,3,2,2,1,1
SF,IH2007,2020-06-15 09:34:06.100,2810.0000,10506,1,265493400.000,1,1,0,双开,S,2810.0000,2809.4000,2809.0000,2808.8000,2808.6000,2810.8000,2811.0000,2811.2000,2811.8000,2812.0000,16,1,1,2,1,3,2,2,1,1
SF,IH2007,2020-06-15 09:34:07.600,2810.0000,10506,0,265493400.000,0,-,-,-,-,2810.0000,2809.4000,2809.0000,2808.8000,2808.6000,2810.8000,2811.0000,2811.2000,2811.8000,2812.0000,16,1,1,2,1,4,2,2,1,1
SF,IH2007,2020-06-15 09:34:08.100,2810.0000,10506,0,265493400.000,0,-,-,-,-,2810.0000,2809.4000,2809.0000,2808.8000,2808.6000,2810.8000,2811.0000,2811.2000,2811.8000,2812.0000,16,1,2,2,1,4,2,2,1,1
SF,IH2007,2020-06-15 09:34:10.100,2810.0000,10506,0,265493400.000,0,-,-,-,-,2810.0000,2809.4000,2809.0000,2808.8000,2808.6000,2810.6000,2810.8000,2811.0000,2811.2000,2811.8000,16,1,2,2,1,1,4,2,2,1
SF,IH2007,2020-06-15 09:34:10.600,2810.0000,10506,0,266336400.000,1,0,1,多换,S,2810.0000,2809.4000,2809.0000,2808.8000,2808.6000,2810.4000,2810.8000,2811.0000,2811.2000,2811.8000,15,1,2,2,1,1,4,2,2,1
SF,IH2007,2020-06-15 09:34:11.100,2810.0000,10506,0,268022400.000,2,1,1,多换,S,2810.0000,2809.4000,2809.0000,2808.8000,2808.6000,2810.4000,2810.8000,2811.0000,2811.2000,2811.8000,13,1,2,2,1,1,4,2,2,1
SF,IH2007,2020-06-15 09:34:11.600,2809.4000,10507,1,279824220.000,14,7,7,空开,S,2809.0000,2808.8000,2808.6000,2808.2000,2808.0000,2810.4000,2810.8000,2811.0000,2811.2000,2811.8000,2,2,1,1,1,1,4,2,2,1
SF,IH2007,2020-06-15 09:34:12.100,2809.4000,10507,0,279824220.000,0,-,-,-,-,2809.0000,2808.8000,2808.6000,2808.2000,2808.0000,2810.0000,2810.2000,2810.4000,2810.8000,2811.0000,2,2,1,1,1,1,2,1,4,2
SF,IH2007,2020-06-15 09:34:16.600,2810.0000,10508,1,280667220.000,1,1,0,双开,S,2809.0000,2808.8000,2808.6000,2808.2000,2808.0000,2810.2000,2810.4000,2810.8000,2811.0000,2811.2000,2,2,1,1,1,2,1,4,2,2
SF,IH2007,2020-06-15 09:34:17.100,2810.0000,10508,0,280667220.000,0,-,-,-,-,2809.0000,2808.8000,2808.6000,2808.2000,2808.0000,2810.2000,2810.8000,2811.0000,2811.2000,2811.8000,2,2,1,1,1,2,4,2,2,1
SF,IH2007,2020-06-15 09:34:17.600,2810.2000,10507,-1,282353280.000,2,0,2,多平,S,2809.0000,2808.8000,2808.6000,2808.2000,2808.0000,2810.2000,2810.8000,2811.0000,2811.2000,2811.8000,2,2,1,1,1,1,4,2,2,1
SF,IH2007,2020-06-15 09:34:18.100,2810.2000,10507,0,282353280.000,0,-,-,-,-,2809.2000,2809.0000,2808.8000,2808.6000,2808.2000,2810.0000,2810.2000,2810.8000,2811.0000,2811.2000,1,2,2,1,1,1,1,4,2,2
SF,IH2007,2020-06-15 09:34:18.600,2810.2000,10507,0,282353280.000,0,-,-,-,-,2809.2000,2809.0000,2808.8000,2808.6000,2808.2000,2810.0000,2810.2000,2810.8000,2811.0000,2811.2000,1,2,2,1,1,1,1,4,2,2
SF,IH2007,2020-06-15 09:34:20.600,2810.2000,10507,0,282353280.000,0,-,-,-,-,2809.0000,2808.8000,2808.6000,2808.2000,2808.0000,2810.0000,2810.2000,2810.8000,2811.0000,2811.2000,2,2,1,1,1,1,1,4,2,2
SF,IH2007,2020-06-15 09:34:21.600,2810.2000,10507,0,282353280.000,0,-,-,-,-,2809.0000,2808.8000,2808.6000,2808.2000,2808.0000,2810.0000,2810.2000,2810.8000,2811.0000,2811.2000,2,2,1,1,1,2,1,4,2,2
SF,IH2007,2020-06-15 09:34:22.100,2809.0000,10508,1,283195980.000,1,1,0,双开,S,2809.0000,2808.8000,2808.6000,2808.2000,2808.0000,2810.0000,2810.2000,2810.8000,2811.0000,2811.2000,1,2,1,1,1,2,1,4,2,2
SF,IH2007,2020-06-15 09:34:22.600,2809.0000,10508,0,284038680.000,1,0,1,多换,S,2808.8000,2808.6000,2808.2000,2808.0000,2807.8000,2809.8000,2810.0000,2810.8000,2811.0000,2811.2000,2,1,1,1,3,2,2,4,2,2
SF,IH2007,2020-06-15 09:34:23.100,2808.6000,10507,-1,284881260.000,1,0,1,双平,S,2808.2000,2808.0000,2807.8000,2807.4000,2807.0000,2809.6000,2809.8000,2810.0000,2810.8000,2811.0000,1,1,2,1,1,1,2,1,4,2
SF,IH2007,2020-06-15 09:34:23.600,2808.6000,10507,0,284881260.000,0,-,-,-,-,2808.4000,2808.2000,2808.0000,2807.8000,2807.4000,2809.6000,2809.8000,2810.0000,2810.8000,2811.0000,1,1,1,2,1,1,2,1,4,2
SF,IH2007,2020-06-15 09:34:25.600,2808.6000,10507,0,284881260.000,0,-,-,-,-,2808.4000,2808.2000,2808.0000,2807.8000,2807.4000,2809.6000,2809.8000,2810.0000,2810.8000,2811.0000,1,1,1,2,1,1,2,1,4,2
SF,IH2007,2020-06-15 09:34:26.100,2809.4000,10506,-1,285724080.000,1,0,1,双平,S,2808.2000,2808.0000,2807.8000,2807.4000,2807.0000,2809.4000,2809.6000,2809.8000,2810.0000,2810.8000,1,1,2,1,1,2,1,1,1,4
SF,IH2007,2020-06-15 09:34:26.600,2809.4000,10506,0,285724080.000,0,-,-,-,-,2808.2000,2808.0000,2807.8000,2807.4000,2807.0000,2809.4000,2809.6000,2810.0000,2810.8000,2811.0000,1,1,2,1,1,5,1,1,4,2
SF,IH2007,2020-06-15 09:34:27.100,2808.2000,10505,-1,286566540.000,1,0,1,双平,S,2808.0000,2807.8000,2807.4000,2807.0000,2806.8000,2808.2000,2809.0000,2809.2000,2809.4000,2810.0000,1,2,1,1,1,1,1,1,2,1
SF,IH2007,2020-06-15 09:34:27.600,2809.0000,10504,-1,288251700.000,2,0,2,多平,S,2808.2000,2808.0000,2807.8000,2807.4000,2807.0000,2809.2000,2809.4000,2810.0000,2810.8000,2811.0000,1,1,2,1,1,1,2,1,3,2
SF,IH2007,2020-06-15 09:34:28.100,2808.0000,10503,-1,289094100.000,1,0,1,双平,S,2807.8000,2807.4000,2807.0000,2806.8000,2806.6000,2809.0000,2809.2000,2809.4000,2810.0000,2810.8000,2,1,1,1,1,1,1,1,1,3
SF,IH2007,2020-06-15 09:34:28.600,2807.8000,10504,1,289936440.000,1,1,0,双开,S,2808.2000,2807.8000,2807.4000,2807.0000,2806.8000,2808.8000,2809.0000,2809.2000,2809.4000,2810.0000,1,1,1,1,1,1,1,1,1,1
SF,IH2007,2020-06-15 09:34:29.100,2808.2000,10503,-1,290778900.000,1,0,1,双平,S,2807.8000,2807.4000,2807.0000,2806.8000,2806.6000,2808.8000,2809.0000,2809.2000,2809.4000,2809.8000,1,1,1,1,1,1,1,1,1,1
SF,IH2007,2020-06-15 09:34:32.100,2808.8000,10502,-1,291621540.000,1,0,1,双平,S,2807.8000,2807.4000,2807.0000,2806.8000,2806.6000,2809.0000,2809.2000,2809.4000,2809.8000,2810.0000,1,1,1,1,1,1,1,1,1,1
SF,IH2007,2020-06-15 09:34:33.100,2808.8000,10502,0,291621540.000,0,-,-,-,-,2807.8000,2807.4000,2807.0000,2806.8000,2806.6000,2809.0000,2809.2000,2809.4000,2809.8000,2810.0000,1,1,1,1,1,1,1,1,1,1
SF,IH2007,2020-06-15 09:34:34.100,2808.8000,10502,0,291621540.000,0,-,-,-,-,2807.8000,2807.4000,2807.0000,2806.8000,2806.6000,2809.0000,2809.2000,2809.4000,2809.8000,2810.0000,1,1,1,1,1,1,1,1,1,1
SF,IH2007,2020-06-15 09:34:34.600,2808.8000,10502,0,291621540.000,0,-,-,-,-,2807.8000,2807.4000,2807.0000,2806.8000,2806.6000,2809.0000,2809.2000,2809.8000,2810.0000,2810.8000,1,1,1,1,1,1,1,1,1,3
SF,IH2007,2020-06-15 09:34:35.600,2807.8000,10501,-1,292463880.000,1,0,1,双平,S,2807.4000,2807.0000,2806.8000,2806.6000,2806.4000,2807.8000,2809.0000,2809.2000,2809.8000,2810.0000,1,1,1,1,1,1,1,1,1,1
SF,IH2007,2020-06-15 09:34:36.100,2807.8000,10500,-1,293306220.000,1,0,1,双平,S,2808.0000,2807.8000,2807.4000,2807.0000,2806.8000,2809.0000,2809.2000,2809.8000,2810.0000,2810.8000,1,1,1,1,1,1,1,1,1,3
SF,IH2007,2020-06-15 09:34:36.600,2807.6000,10500,0,294990840.000,2,1,1,多换,S,2807.6000,2807.4000,2807.0000,2806.8000,2806.6000,2809.0000,2809.2000,2809.8000,2810.0000,2810.8000,2,1,1,1,1,1,1,1,1,3
SF,IH2007,2020-06-15 09:34:37.100,2807.6000,10500,0,294990840.000,0,-,-,-,-,2807.8000,2807.6000,2807.4000,2807.0000,2806.8000,2809.0000,2809.8000,2810.0000,2810.8000,2811.0000,2,3,1,1,1,1,1,1,3,1
SF,IH2007,2020-06-15 09:34:37.600,2809.0000,10499,-1,295833540.000,1,0,1,双平,S,2807.8000,2807.6000,2807.4000,2807.0000,2806.8000,2809.8000,2810.0000,2810.8000,2811.0000,2811.2000,2,1,1,1,1,1,1,3,1,1
SF,IH2007,2020-06-15 09:34:38.100,2809.0000,10499,0,295833540.000,0,-,-,-,-,2808.0000,2807.8000,2807.6000,2807.4000,2807.0000,2809.6000,2809.8000,2810.0000,2810.8000,2811.0000,2,2,1,1,1,1,1,1,3,1
SF,IH2007,2020-06-15 09:34:38.600,2809.0000,10499,0,295833540.000,0,-,-,-,-,2808.2000,2808.0000,2807.6000,2807.4000,2807.0000,2809.6000,2809.8000,2810.0000,2810.8000,2811.0000,2,2,1,1,1,1,1,1,3,1
SF,IH2007,2020-06-15 09:34:39.100,2809.0000,10499,0,295833540.000,0,-,-,-,-,2808.2000,2808.0000,2807.6000,2807.4000,2807.0000,2809.4000,2809.6000,2809.8000,2810.0000,2810.8000,2,1,1,1,1,1,1,1,1,3
SF,IH2007,2020-06-15 09:34:39.600,2809.0000,10499,0,295833540.000,0,-,-,-,-,2808.2000,2808.0000,2807.6000,2807.4000,2807.0000,2809.8000,2810.0000,2810.8000,2811.0000,2811.2000,2,2,1,1,1,1,1,3,1,1
SF,IH2007,2020-06-15 09:34:40.100,2809.0000,10499,0,295833540.000,0,-,-,-,-,2808.2000,2808.0000,2807.6000,2807.4000,2807.2000,2809.8000,2810.0000,2810.8000,2811.0000,2811.2000,2,2,1,1,1,1,1,3,1,1
SF,IH2007,2020-06-15 09:34:41.100,2809.0000,10499,0,295833540.000,0,-,-,-,-,2808.4000,2808.2000,2808.0000,2807.6000,2807.4000,2809.6000,2809.8000,2810.0000,2810.8000,2811.0000,1,2,2,1,1,1,3,1,3,1
SF,IH2007,2020-06-15 09:34:41.600,2809.0000,10499,0,295833540.000,0,-,-,-,-,2808.4000,2808.2000,2808.0000,2807.6000,2807.4000,2809.6000,2809.8000,2810.0000,2810.8000,2811.0000,1,2,2,1,1,1,3,1,3,1
SF,IH2007,2020-06-15 09:34:42.100,2809.0000,10499,0,295833540.000,0,-,-,-,-,2808.2000,2808.0000,2807.6000,2807.4000,2807.2000,2809.6000,2809.8000,2810.0000,2810.8000,2811.0000,2,2,1,1,1,1,3,1,3,1
SF,IH2007,2020-06-15 09:34:42.600,2809.0000,10499,0,295833540.000,0,-,-,-,-,2808.2000,2808.0000,2807.6000,2807.4000,2807.2000,2809.8000,2810.0000,2810.8000,2811.0000,2811.2000,2,2,1,1,1,3,1,3,1,1
SF,IH2007,2020-06-15 09:34:43.100,2809.0000,10499,0,295833540.000,0,-,-,-,-,2808.2000,2808.0000,2807.4000,2807.2000,2807.0000,2809.8000,2810.0000,2810.8000,2811.0000,2811.2000,2,1,1,1,2,3,1,3,1,1
SF,IH2007,2020-06-15 09:34:43.600,2809.0000,10499,0,295833540.000,0,-,-,-,-,2808.2000,2808.0000,2807.4000,2807.2000,2807.0000,2809.6000,2809.8000,2810.0000,2810.8000,2811.0000,2,1,1,1,2,1,3,1,3,1
SF,IH2007,2020-06-15 09:34:44.100,2809.0000,10499,0,295833540.000,0,-,-,-,-,2808.2000,2808.0000,2807.4000,2807.2000,2807.0000,2809.8000,2810.0000,2810.8000,2811.0000,2811.2000,5,1,1,1,2,3,1,3,1,1
SF,IH2007,2020-06-15 09:34:44.600,2809.0000,10499,0,295833540.000,0,-,-,-,-,2808.4000,2808.2000,2808.0000,2807.4000,2807.2000,2809.0000,2809.8000,2810.0000,2810.8000,2811.0000,1,2,1,1,1,1,3,1,3,1
SF,IH2007,2020-06-15 09:34:45.100,2809.0000,10499,0,296676240.000,1,0,1,多换,S,2808.6000,2808.4000,2808.0000,2807.4000,2807.2000,2809.8000,2810.0000,2810.8000,2811.0000,2811.2000,2,1,1,1,1,3,1,3,1,1
SF,IH2007,2020-06-15 09:34:45.600,2809.0000,10499,0,296676240.000,0,-,-,-,-,2808.6000,2808.4000,2808.0000,2807.4000,2807.2000,2809.8000,2810.0000,2810.8000,2811.0000,2812.2000,2,1,1,1,1,3,1,3,1,2
SF,IH2007,2020-06-15 09:34:46.100,2809.0000,10499,0,296676240.000,0,-,-,-,-,2808.6000,2808.4000,2808.0000,2807.4000,2807.2000,2809.8000,2810.0000,2810.8000,2811.0000,2812.2000,1,1,1,1,1,3,1,3,1,2
SF,IH2007,2020-06-15 09:34:46.600,2808.6000,10499,0,297518820.000,1,0,1,多换,S,2808.0000,2807.4000,2807.2000,2807.0000,2806.8000,2809.6000,2809.8000,2810.0000,2810.8000,2811.0000,1,1,1,2,1,1,3,3,3,1
SF,IH2007,2020-06-15 09:34:47.100,2808.6000,10499,0,297518820.000,0,-,-,-,-,2808.0000,2807.4000,2807.2000,2807.0000,2806.8000,2809.4000,2809.6000,2809.8000,2810.0000,2810.8000,1,1,1,2,1,1,2,3,3,3
