市场代码,合约代码,时间,最新,持仓,增仓,成交额,成交量,开仓,平仓,成交类型,方向,买一价,买二价,买三价,买四价,买五价,卖一价,卖二价,卖三价,卖四价,卖五价,买一量,买二量,买三量,买四量,买五量,卖一量,卖二量,卖三量,卖四量,卖五量
SF,IH2006,2020-03-03 09:29:00.300,2931.2000,14441,0,16707840.000,19.000,-,-,-,-,2930.0000,2927.4000,2927.2000,2925.0000,2924.0000,2932.0000,2932.2000,2936.4000,2937.4000,2937.6000,1,3,3,1,2,1,1,1,1,1
SF,IH2006,2020-03-03 09:30:00.300,2932.2000,14437,-4,23741640.000,8,2,6,多平,S,2925.0000,2924.0000,2923.0000,2922.0000,2921.4000,2930.0000,2936.4000,2937.4000,2937.6000,2938.0000,1,2,2,1,1,1,1,1,1,1
SF,IH2006,2020-03-03 09:30:00.800,2934.0000,14431,-6,29022600.000,6,0,6,双平,S,2933.0000,2932.0000,2931.2000,2930.2000,2930.0000,2937.4000,2937.6000,2938.0000,2938.2000,2938.6000,3,3,2,2,4,1,1,1,2,1
SF,IH2006,2020-03-03 09:30:01.300,2932.0000,14427,-4,35181900.000,7,1,6,多平,S,2932.0000,2931.2000,2930.2000,2930.0000,2928.2000,2934.0000,2934.2000,2935.0000,2935.4000,2935.8000,4,2,2,4,1,2,1,2,1,3
SF,IH2006,2020-03-03 09:30:01.800,2932.0000,14427,0,35181900.000,0,-,-,-,-,2933.0000,2932.2000,2932.0000,2931.2000,2930.2000,2935.8000,2937.0000,2937.2000,2937.4000,2937.6000,1,9,6,2,2,2,1,4,2,4
SF,IH2006,2020-03-03 09:30:02.300,2935.4000,14425,-2,38701560.000,4,1,3,多平,S,2932.2000,2932.0000,2931.2000,2930.2000,2930.0000,2935.4000,2935.6000,2935.8000,2936.2000,2937.0000,4,6,1,2,4,2,3,4,1,1
SF,IH2006,2020-03-03 09:30:02.800,2932.2000,14424,-1,39581220.000,1,0,1,双平,S,2934.0000,2932.4000,2932.2000,2932.0000,2931.2000,2935.2000,2935.6000,2935.8000,2936.2000,2937.0000,1,1,3,6,1,4,1,4,3,1
SF,IH2006,2020-03-03 09:30:03.300,2935.0000,14422,-2,41341920.000,2,0,2,双平,S,2934.0000,2932.4000,2932.2000,2932.0000,2931.2000,2935.2000,2935.6000,2935.8000,2936.2000,2937.0000,2,1,3,6,1,2,1,3,3,1
SF,IH2006,2020-03-03 09:30:03.800,2935.2000,14421,-1,42222480.000,1,0,1,双平,S,2934.0000,2932.4000,2932.2000,2932.0000,2931.2000,2935.2000,2935.6000,2935.8000,2936.2000,2936.6000,2,1,3,6,1,1,1,3,2,1
SF,IH2006,2020-03-03 09:30:04.300,2935.2000,14420,-1,43983600.000,2,0,2,多平,S,2935.2000,2934.0000,2932.2000,2932.0000,2931.2000,2935.8000,2936.2000,2936.6000,2937.0000,2937.2000,2,2,3,6,1,3,2,1,1,1
SF,IH2006,2020-03-03 09:30:04.800,2935.8000,14416,-4,53671020.000,11,3,8,多平,S,2934.0000,2932.2000,2932.0000,2931.2000,2930.0000,2935.2000,2935.4000,2936.2000,2936.6000,2937.0000,2,3,6,2,4,1,2,1,1,1
SF,IH2006,2020-03-03 09:30:05.300,2935.2000,14414,-2,58073940.000,5,1,4,多平,S,2934.2000,2934.0000,2933.2000,2932.0000,2931.2000,2935.2000,2936.6000,2936.8000,2937.4000,2937.6000,2,2,1,6,1,1,1,1,1,1
SF,IH2006,2020-03-03 09:30:05.800,2934.2000,14412,-2,60714780.000,3,0,3,多平,S,2935.2000,2934.0000,2933.2000,2932.0000,2931.2000,2936.6000,2936.8000,2937.4000,2937.6000,2937.8000,2,3,1,6,1,1,1,1,1,1
SF,IH2006,2020-03-03 09:30:06.300,2935.2000,14412,0,63356460.000,3,1,2,多换,S,2935.2000,2934.0000,2933.2000,2932.0000,2931.2000,2936.4000,2936.6000,2936.8000,2937.4000,2937.6000,1,2,1,6,1,2,3,1,1,1
SF,IH2006,2020-03-03 09:30:06.800,2935.2000,14412,0,65998140.000,3,1,2,多换,S,2935.2000,2934.0000,2933.2000,2932.0000,2931.2000,2935.8000,2936.4000,2936.6000,2936.8000,2937.4000,1,1,1,6,1,2,2,3,1,1
SF,IH2006,2020-03-03 09:30:07.300,2935.8000,14411,-1,68640000.000,3,1,2,多平,S,2936.0000,2934.0000,2933.2000,2932.0000,2930.0000,2936.4000,2936.6000,2936.8000,2937.4000,2937.6000,1,1,1,6,4,1,2,1,1,1
SF,IH2006,2020-03-03 09:30:07.800,2936.4000,14408,-3,72163440.000,4,0,4,多平,S,2936.4000,2934.0000,2933.2000,2932.0000,2930.0000,2936.6000,2936.8000,2937.0000,2937.4000,2937.6000,4,1,1,6,4,1,2,1,1,1
SF,IH2006,2020-03-03 09:30:08.300,2936.4000,14408,0,75687120.000,4,2,2,多换,S,2935.2000,2934.0000,2933.2000,2932.0000,2930.0000,2936.0000,2936.2000,2936.4000,2936.6000,2936.8000,3,1,1,6,4,2,5,2,2,1
SF,IH2006,2020-03-03 09:30:08.800,2936.2000,14406,-2,77448780.000,2,0,2,双平,S,2935.8000,2935.2000,2934.4000,2934.0000,2933.2000,2936.0000,2936.4000,2936.8000,2937.0000,2937.2000,2,3,1,1,1,2,1,1,2,1
SF,IH2006,2020-03-03 09:30:09.300,2936.4000,14400,-6,82733580.000,6,0,6,双平,S,2935.2000,2934.4000,2934.0000,2933.2000,2932.0000,2936.8000,2937.0000,2937.2000,2937.6000,2937.8000,3,1,1,1,6,1,2,1,1,1
SF,IH2006,2020-03-03 09:30:09.800,2935.4000,14398,-2,87136440.000,5,1,4,多平,S,2934.0000,2933.2000,2932.0000,2930.0000,2925.2000,2935.6000,2936.0000,2936.2000,2936.4000,2936.6000,1,1,6,4,2,1,2,1,2,5
SF,IH2006,2020-03-03 09:30:10.300,2935.4000,14397,-1,88017060.000,1,0,1,双平,S,2934.2000,2934.0000,2933.2000,2932.0000,2930.0000,2936.4000,2936.6000,2936.8000,2937.0000,2937.2000,1,1,1,6,4,2,3,1,2,1
SF,IH2006,2020-03-03 09:30:10.800,2936.4000,14397,0,92421420.000,5,2,3,多换,S,2934.4000,2934.0000,2933.2000,2932.0000,2930.0000,2936.6000,2936.8000,2937.0000,2937.2000,2937.6000,1,2,1,5,4,3,2,2,1,1
SF,IH2006,2020-03-03 09:30:11.300,2936.4000,14397,0,92421420.000,0,-,-,-,-,2935.6000,2934.4000,2934.0000,2933.2000,2932.0000,2935.8000,2936.4000,2936.6000,2936.8000,2937.0000,1,1,1,1,6,1,1,3,1,2
SF,IH2006,2020-03-03 09:30:11.800,2935.6000,14395,-2,95063580.000,3,0,3,多平,S,2934.0000,2933.2000,2932.0000,2930.0000,2925.2000,2935.4000,2935.8000,2936.0000,2936.6000,2936.8000,1,1,5,4,2,3,1,2,3,1
SF,IH2006,2020-03-03 09:30:12.300,2936.6000,14395,0,96825180.000,2,1,1,多换,S,2936.0000,2934.4000,2934.2000,2934.0000,2933.2000,2936.6000,2936.8000,2937.0000,2937.2000,2937.6000,2,1,1,2,1,2,1,1,2,1
SF,IH2006,2020-03-03 09:30:12.800,2936.0000,14393,-2,98586780.000,2,0,2,双平,S,2934.4000,2934.0000,2933.2000,2932.0000,2930.0000,2935.8000,2936.0000,2936.6000,2936.8000,2937.0000,1,2,1,5,4,1,2,1,1,1
SF,IH2006,2020-03-03 09:30:13.300,2936.0000,14390,-3,101228760.000,3,0,3,双平,S,2934.6000,2934.4000,2934.0000,2933.2000,2932.0000,2936.6000,2936.8000,2937.0000,2937.2000,2937.6000,3,1,2,1,5,1,1,1,2,1
SF,IH2006,2020-03-03 09:30:13.800,2934.6000,14386,-4,104750280.000,4,0,4,双平,S,2934.0000,2933.2000,2932.0000,2930.0000,2925.2000,2936.0000,2936.4000,2936.6000,2936.8000,2937.0000,2,1,5,4,2,1,2,1,1,2
SF,IH2006,2020-03-03 09:30:14.300,2934.6000,14386,0,104750280.000,0,-,-,-,-,2934.0000,2933.2000,2932.0000,2930.0000,2925.2000,2934.4000,2934.6000,2935.6000,2935.8000,2936.0000,1,1,5,4,2,2,1,1,5,1
SF,IH2006,2020-03-03 09:30:14.800,2934.6000,14383,-3,107391420.000,3,0,3,双平,S,2935.0000,2934.8000,2934.4000,2934.0000,2933.6000,2935.4000,2935.8000,2936.0000,2936.6000,2936.8000,1,2,2,2,5,2,1,1,1,1
SF,IH2006,2020-03-03 09:30:15.300,2936.0000,14378,-5,112674780.000,6,0,6,多平,S,2934.0000,2933.2000,2932.0000,2930.0000,2925.2000,2936.0000,2936.6000,2936.8000,2937.0000,2937.6000,2,1,3,4,2,2,1,1,2,1
SF,IH2006,2020-03-03 09:30:15.800,2936.0000,14378,0,112674780.000,0,-,-,-,-,2934.2000,2934.0000,2933.2000,2932.0000,2930.0000,2935.4000,2935.8000,2936.6000,2936.8000,2937.0000,1,2,1,3,4,1,2,1,3,2
SF,IH2006,2020-03-03 09:30:16.300,2935.4000,14378,0,113555400.000,1,0,1,多换,S,2934.0000,2933.2000,2932.0000,2930.0000,2925.2000,2935.8000,2936.6000,2936.8000,2937.0000,2937.6000,2,1,3,4,2,1,1,3,2,1
SF,IH2006,2020-03-03 09:30:16.800,2935.0000,14379,1,115316400.000,2,1,1,空开,S,2934.0000,2932.0000,2930.0000,2925.2000,2925.0000,2935.6000,2935.8000,2936.6000,2936.8000,2937.0000,1,3,5,2,1,2,2,1,3,2
SF,IH2006,2020-03-03 09:30:17.300,2935.0000,14379,0,115316400.000,0,-,-,-,-,2935.4000,2934.4000,2934.0000,2933.6000,2932.0000,2935.6000,2935.8000,2936.6000,2936.8000,2937.0000,2,1,2,2,3,1,1,1,3,2
SF,IH2006,2020-03-03 09:30:17.800,2935.4000,14377,-2,117958320.000,3,0,3,多平,S,2934.0000,2932.0000,2930.0000,2925.2000,2925.0000,2935.0000,2935.2000,2935.8000,2936.6000,2936.8000,1,3,5,2,1,2,2,1,1,3
SF,IH2006,2020-03-03 09:30:18.300,2935.0000,14375,-2,120599220.000,3,0,3,多平,S,2932.0000,2930.0000,2925.2000,2925.0000,2924.0000,2934.0000,2935.0000,2935.2000,2936.6000,2936.8000,3,5,2,1,2,1,1,2,1,3
SF,IH2006,2020-03-03 09:30:18.800,2934.0000,14374,-1,121479420.000,1,0,1,双平,S,2934.0000,2933.4000,2933.0000,2932.8000,2932.2000,2935.0000,2935.2000,2935.4000,2936.6000,2936.8000,1,1,2,1,10,1,3,1,1,1
SF,IH2006,2020-03-03 09:30:19.300,2934.0000,14373,-1,122359620.000,1,0,1,双平,S,2933.0000,2932.8000,2932.2000,2932.0000,2930.0000,2934.8000,2935.0000,2935.2000,2935.4000,2936.6000,1,1,8,3,5,1,1,2,2,1
SF,IH2006,2020-03-03 09:30:19.800,2934.0000,14373,0,122359620.000,0,-,-,-,-,2933.2000,2933.0000,2932.8000,2932.2000,2932.0000,2934.2000,2934.8000,2935.0000,2935.2000,2935.4000,5,2,1,1,3,1,1,1,2,2
SF,IH2006,2020-03-03 09:30:20.300,2934.2000,14373,0,123239880.000,1,0,1,多换,S,2933.4000,2933.2000,2933.0000,2932.8000,2932.2000,2935.0000,2935.2000,2935.4000,2936.6000,2936.8000,5,1,1,1,1,1,2,2,1,1
SF,IH2006,2020-03-03 09:30:20.800,2935.0000,14369,-4,126760920.000,4,0,4,双平,S,2933.6000,2933.0000,2932.8000,2932.2000,2932.0000,2935.2000,2935.4000,2936.6000,2936.8000,2937.0000,1,1,1,1,3,2,2,1,1,2
SF,IH2006,2020-03-03 09:30:21.300,2935.0000,14369,0,126760920.000,0,-,-,-,-,2933.0000,2932.8000,2932.2000,2932.0000,2930.0000,2935.0000,2935.2000,2935.8000,2936.0000,2936.6000,1,1,1,3,5,1,2,1,1,1
SF,IH2006,2020-03-03 09:30:21.800,2935.0000,14369,0,126760920.000,0,-,-,-,-,2934.0000,2933.2000,2933.0000,2932.8000,2932.2000,2935.2000,2935.8000,2936.0000,2936.6000,2936.8000,1,4,2,1,1,2,1,1,2,1
SF,IH2006,2020-03-03 09:30:22.300,2935.0000,14369,0,126760920.000,0,-,-,-,-,2934.0000,2933.2000,2933.0000,2932.8000,2932.0000,2935.0000,2935.8000,2936.0000,2936.6000,2936.8000,1,3,1,1,3,2,1,1,2,1
SF,IH2006,2020-03-03 09:30:23.300,2935.0000,14369,0,127641420.000,1,0,1,多换,S,2934.0000,2933.2000,2933.0000,2932.8000,2932.0000,2935.0000,2935.8000,2936.0000,2936.6000,2936.8000,1,3,1,1,3,1,1,1,2,1
SF,IH2006,2020-03-03 09:30:23.800,2934.2000,14368,-1,128521680.000,1,0,1,双平,S,2934.0000,2933.2000,2933.0000,2932.8000,2932.0000,2936.6000,2936.8000,2937.0000,2937.6000,2937.8000,1,3,1,1,3,2,1,2,1,1
SF,IH2006,2020-03-03 09:30:24.300,2934.2000,14368,0,128521680.000,0,-,-,-,-,2934.2000,2934.0000,2933.2000,2933.0000,2932.8000,2936.4000,2936.6000,2936.8000,2937.0000,2937.2000,2,2,1,1,1,2,2,1,3,1
SF,IH2006,2020-03-03 09:30:24.800,2934.2000,14368,0,128521680.000,0,-,-,-,-,2934.4000,2934.0000,2933.2000,2933.0000,2932.8000,2935.0000,2936.4000,2936.6000,2936.8000,2937.0000,3,2,1,1,1,1,2,2,1,2
SF,IH2006,2020-03-03 09:30:25.300,2935.0000,14367,-1,129402180.000,1,0,1,双平,S,2935.0000,2934.4000,2934.0000,2933.2000,2933.0000,2935.8000,2936.4000,2936.6000,2936.8000,2937.0000,3,2,2,1,1,1,1,2,1,2
SF,IH2006,2020-03-03 09:30:25.800,2935.2000,14366,-1,131163480.000,2,0,2,多平,S,2935.0000,2934.4000,2934.0000,2933.2000,2932.8000,2936.0000,2936.6000,2936.8000,2937.0000,2937.6000,4,2,2,1,1,1,2,1,2,1
SF,IH2006,2020-03-03 09:30:26.300,2935.2000,14363,-3,133805400.000,3,0,3,双平,S,2935.0000,2934.4000,2934.0000,2933.2000,2932.8000,2936.6000,2936.8000,2937.0000,2937.2000,2937.4000,3,2,2,1,1,2,1,1,1,1
SF,IH2006,2020-03-03 09:30:26.800,2935.0000,14362,-1,134685900.000,1,0,1,双平,S,2935.0000,2934.0000,2933.2000,2932.8000,2932.0000,2936.4000,2936.6000,2936.8000,2937.0000,2937.4000,2,2,1,1,3,1,2,1,1,2
SF,IH2006,2020-03-03 09:30:27.300,2935.0000,14361,-1,135566400.000,1,0,1,双平,S,2935.0000,2934.0000,2933.2000,2932.8000,2932.0000,2936.6000,2936.8000,2937.0000,2937.6000,2937.8000,1,2,1,1,3,2,1,1,1,1
SF,IH2006,2020-03-03 09:30:27.800,2935.0000,14360,-1,136446900.000,1,0,1,双平,S,2935.0000,2934.0000,2933.2000,2932.8000,2932.0000,2936.4000,2936.6000,2936.8000,2937.0000,2937.6000,1,2,1,1,3,1,2,1,1,1
SF,IH2006,2020-03-03 09:30:28.300,2936.6000,14360,0,138208860.000,2,1,1,多换,S,2936.6000,2936.4000,2935.0000,2934.0000,2933.2000,2936.8000,2937.0000,2937.6000,2937.8000,2938.0000,1,1,2,2,1,1,1,1,1,1
SF,IH2006,2020-03-03 09:30:28.800,2936.4000,14358,-2,140851800.000,3,0,3,多平,S,2935.0000,2934.0000,2933.2000,2932.8000,2932.0000,2935.8000,2937.0000,2937.6000,2937.8000,2938.0000,2,2,1,1,3,1,1,1,1,1
SF,IH2006,2020-03-03 09:30:29.300,2935.8000,14358,0,141732540.000,1,0,1,多换,S,2935.8000,2935.6000,2935.4000,2935.2000,2935.0000,2936.4000,2937.0000,2937.6000,2937.8000,2938.0000,1,1,1,4,2,1,1,1,1,1
SF,IH2006,2020-03-03 09:30:29.800,2935.8000,14358,0,141732540.000,0,-,-,-,-,2935.2000,2935.0000,2934.0000,2932.0000,2931.4000,2936.4000,2937.0000,2937.6000,2937.8000,2938.0000,3,2,2,3,1,1,1,1,1,1
SF,IH2006,2020-03-03 09:30:30.300,2935.8000,14358,0,141732540.000,0,-,-,-,-,2935.0000,2934.0000,2932.0000,2931.4000,2930.0000,2936.4000,2937.0000,2937.6000,2937.8000,2938.0000,2,2,3,1,5,1,1,1,1,1
SF,IH2006,2020-03-03 09:30:30.800,2936.2000,14357,-1,142613400.000,1,0,1,双平,S,2935.0000,2934.0000,2932.0000,2931.4000,2930.0000,2936.4000,2937.0000,2937.2000,2937.6000,2937.8000,2,2,3,1,5,1,1,1,1,2
SF,IH2006,2020-03-03 09:30:31.300,2936.2000,14357,0,142613400.000,0,-,-,-,-,2935.0000,2934.0000,2932.0000,2931.4000,2930.0000,2936.4000,2937.0000,2937.2000,2937.6000,2937.8000,2,2,3,1,5,1,1,1,1,2
SF,IH2006,2020-03-03 09:30:31.800,2935.2000,14353,-4,147016440.000,5,0,5,多平,S,2935.8000,2935.6000,2935.4000,2935.2000,2935.0000,2936.4000,2937.0000,2937.2000,2937.6000,2937.8000,1,1,1,5,2,1,1,1,1,2
SF,IH2006,2020-03-03 09:30:32.300,2935.4000,14351,-2,148777800.000,2,0,2,双平,S,2935.2000,2935.0000,2934.0000,2932.0000,2931.4000,2935.8000,2936.4000,2937.0000,2937.2000,2937.6000,3,2,2,3,1,2,1,1,1,1
SF,IH2006,2020-03-03 09:30:32.800,2935.0000,14347,-4,153180960.000,5,0,5,多平,S,2935.0000,2934.0000,2932.0000,2931.4000,2930.0000,2935.2000,2936.0000,2936.4000,2936.6000,2937.0000,1,2,3,1,5,1,1,1,1,1
SF,IH2006,2020-03-03 09:30:33.300,2936.4000,14343,-4,156703740.000,4,0,4,双平,S,2934.0000,2932.0000,2931.4000,2930.0000,2925.2000,2936.6000,2937.0000,2937.2000,2937.6000,2937.8000,2,3,1,5,2,1,1,1,1,1
SF,IH2006,2020-03-03 09:30:33.800,2936.4000,14343,0,156703740.000,0,-,-,-,-,2934.0000,2933.0000,2932.0000,2931.4000,2930.0000,2936.4000,2937.0000,2937.2000,2937.4000,2937.6000,2,1,3,1,5,3,1,2,1,1
SF,IH2006,2020-03-03 09:30:34.300,2936.4000,14343,0,156703740.000,0,-,-,-,-,2934.2000,2934.0000,2933.0000,2932.0000,2931.4000,2936.2000,2936.4000,2937.0000,2937.2000,2937.4000,7,2,1,3,1,2,2,1,2,1
SF,IH2006,2020-03-03 09:30:34.800,2936.4000,14343,0,156703740.000,0,-,-,-,-,2934.4000,2934.2000,2934.0000,2933.0000,2932.0000,2935.0000,2935.8000,2936.0000,2936.2000,2936.4000,1,1,2,1,3,1,1,3,1,1
SF,IH2006,2020-03-03 09:30:35.300,2935.8000,14342,-1,158464980.000,2,0,2,多平,S,2935.2000,2935.0000,2934.0000,2933.0000,2932.0000,2936.0000,2937.0000,2937.2000,2937.4000,2937.6000,1,1,2,1,3,1,1,2,1,1
SF,IH2006,2020-03-03 09:30:35.800,2935.2000,14341,-1,159345540.000,1,0,1,双平,S,2935.0000,2934.0000,2933.0000,2932.0000,2931.4000,2935.8000,2936.0000,2937.0000,2937.2000,2937.4000,1,2,1,3,1,4,1,1,2,1
SF,IH2006,2020-03-03 09:30:36.300,2935.2000,14341,0,159345540.000,0,-,-,-,-,2935.0000,2934.0000,2933.0000,2932.0000,2931.4000,2935.6000,2935.8000,2937.0000,2937.2000,2937.4000,1,1,1,3,1,1,3,1,2,1
SF,IH2006,2020-03-03 09:30:36.800,2935.4000,14340,-1,160226160.000,1,0,1,双平,S,2935.0000,2934.0000,2933.0000,2932.0000,2931.4000,2935.6000,2935.8000,2937.0000,2937.4000,2937.6000,1,1,1,3,1,1,2,1,1,1
SF,IH2006,2020-03-03 09:30:37.300,2935.4000,14340,0,160226160.000,0,-,-,-,-,2935.0000,2934.0000,2933.0000,2932.0000,2931.4000,2935.6000,2935.8000,2937.0000,2937.4000,2937.6000,1,1,1,3,1,1,3,1,1,1
SF,IH2006,2020-03-03 09:30:38.300,2935.4000,14340,0,160226160.000,0,-,-,-,-,2935.0000,2934.0000,2933.0000,2932.0000,2931.4000,2935.6000,2935.8000,2936.4000,2937.0000,2937.4000,1,1,1,3,1,1,3,1,1,1
SF,IH2006,2020-03-03 09:30:38.800,2935.4000,14340,0,160226160.000,0,-,-,-,-,2934.0000,2933.0000,2932.0000,2931.4000,2930.0000,2935.4000,2935.6000,2935.8000,2936.4000,2937.0000,1,1,3,1,5,1,1,3,1,1
SF,IH2006,2020-03-03 09:30:39.300,2935.4000,14340,0,160226160.000,0,-,-,-,-,2935.0000,2934.0000,2933.0000,2932.0000,2931.4000,2935.6000,2935.8000,2936.4000,2937.0000,2937.4000,1,1,1,3,1,1,3,1,1,1
SF,IH2006,2020-03-03 09:30:39.800,2935.6000,14339,-1,161987340.000,2,0,2,多平,S,2935.6000,2934.0000,2933.0000,2932.0000,2931.4000,2935.8000,2936.4000,2937.0000,2937.4000,2937.6000,3,1,1,3,1,3,1,1,1,1
SF,IH2006,2020-03-03 09:30:40.300,2935.4000,14336,-3,165510000.000,4,0,4,多平,S,2934.0000,2933.0000,2932.0000,2931.4000,2930.0000,2935.6000,2935.8000,2936.0000,2936.4000,2937.0000,1,1,3,1,5,4,4,2,1,1
SF,IH2006,2020-03-03 09:30:40.800,2935.4000,14336,0,165510000.000,0,-,-,-,-,2934.0000,2933.0000,2932.0000,2931.4000,2930.0000,2935.4000,2935.6000,2935.8000,2936.0000,2936.4000,1,1,3,1,5,2,3,4,2,1
SF,IH2006,2020-03-03 09:30:41.300,2935.4000,14336,0,165510000.000,0,-,-,-,-,2934.0000,2933.0000,2932.0000,2931.4000,2930.0000,2935.0000,2935.4000,2935.6000,2935.8000,2936.0000,1,1,3,1,5,1,1,2,4,2
SF,IH2006,2020-03-03 09:30:41.800,2935.4000,14336,0,165510000.000,0,-,-,-,-,2934.0000,2933.0000,2932.0000,2931.4000,2930.0000,2935.0000,2935.4000,2935.6000,2935.8000,2936.0000,1,1,3,1,5,1,1,2,4,2
SF,IH2006,2020-03-03 09:30:42.300,2935.4000,14336,0,165510000.000,0,-,-,-,-,2934.0000,2933.0000,2932.0000,2931.4000,2930.0000,2935.0000,2935.4000,2935.6000,2935.8000,2936.0000,1,1,3,1,5,1,1,2,4,2
SF,IH2006,2020-03-03 09:30:42.800,2935.4000,14336,0,165510000.000,0,-,-,-,-,2934.0000,2933.0000,2932.0000,2931.4000,2930.0000,2934.4000,2935.0000,2935.4000,2935.6000,2935.8000,1,1,3,1,5,1,1,1,2,3
SF,IH2006,2020-03-03 09:30:43.300,2934.4000,14334,-2,167270520.000,2,0,2,双平,S,2933.0000,2932.0000,2931.4000,2930.0000,2926.0000,2935.0000,2935.4000,2935.6000,2935.8000,2936.0000,1,3,1,5,5,1,1,2,3,2
SF,IH2006,2020-03-03 09:30:43.800,2934.4000,14334,0,167270520.000,0,-,-,-,-,2933.2000,2933.0000,2932.0000,2931.4000,2930.0000,2934.8000,2935.0000,2935.4000,2935.6000,2935.8000,2,1,3,1,5,1,1,1,2,3
SF,IH2006,2020-03-03 09:30:44.300,2934.4000,14334,0,167270520.000,0,-,-,-,-,2933.2000,2933.0000,2932.0000,2931.4000,2930.0000,2934.6000,2935.0000,2935.4000,2935.6000,2935.8000,2,1,3,1,5,1,1,1,2,3
SF,IH2006,2020-03-03 09:30:44.800,2934.4000,14333,-1,168150840.000,1,0,1,双平,S,2933.2000,2932.0000,2931.4000,2930.0000,2926.0000,2935.0000,2935.4000,2935.6000,2935.8000,2936.0000,1,3,1,5,5,1,1,2,3,2
SF,IH2006,2020-03-03 09:30:45.300,2933.2000,14330,-3,171671220.000,4,0,4,多平,S,2932.0000,2931.4000,2930.0000,2926.0000,2925.2000,2933.2000,2934.8000,2935.0000,2935.4000,2935.6000,3,1,5,5,2,1,2,1,1,2
SF,IH2006,2020-03-03 09:30:45.800,2933.2000,14329,-1,172551180.000,1,0,1,双平,S,2934.0000,2933.2000,2932.2000,2932.0000,2931.4000,2934.8000,2935.0000,2935.4000,2935.8000,2936.0000,1,2,5,3,1,1,1,1,3,2
SF,IH2006,2020-03-03 09:30:46.300,2934.0000,14329,0,173431380.000,1,0,1,多换,S,2933.2000,2932.2000,2932.0000,2931.4000,2930.0000,2934.6000,2934.8000,2935.0000,2935.8000,2936.0000,1,3,3,1,5,2,1,1,3,2
SF,IH2006,2020-03-03 09:30:46.800,2934.0000,14329,0,173431380.000,0,-,-,-,-,2933.2000,2932.2000,2932.0000,2931.4000,2930.0000,2934.6000,2934.8000,2935.0000,2935.8000,2936.0000,1,3,3,1,5,2,1,1,3,2
SF,IH2006,2020-03-03 09:30:47.300,2934.0000,14329,0,173431380.000,0,-,-,-,-,2933.8000,2933.2000,2932.2000,2932.0000,2931.4000,2934.4000,2934.6000,2934.8000,2935.0000,2935.8000,2,1,3,3,1,1,2,1,1,2
SF,IH2006,2020-03-03 09:30:47.800,2934.2000,14328,-1,179592960.000,7,3,4,多平,S,2933.2000,2932.2000,2932.0000,2931.4000,2930.0000,2934.6000,2934.8000,2935.0000,2935.8000,2936.0000,1,3,3,1,5,1,1,1,2,2
SF,IH2006,2020-03-03 09:30:48.300,2934.2000,14328,0,179592960.000,0,-,-,-,-,2933.4000,2933.2000,2932.2000,2932.0000,2931.4000,2934.2000,2934.4000,2934.6000,2935.0000,2935.8000,1,1,3,3,1,1,1,1,1,2
SF,IH2006,2020-03-03 09:30:48.800,2934.2000,14328,0,179592960.000,0,-,-,-,-,2934.2000,2933.6000,2933.2000,2932.2000,2932.0000,2935.0000,2935.8000,2936.0000,2936.4000,2937.0000,3,1,1,3,3,1,2,2,1,1
SF,IH2006,2020-03-03 09:30:49.300,2934.2000,14328,0,179592960.000,0,-,-,-,-,2934.2000,2933.2000,2932.2000,2932.0000,2931.4000,2935.0000,2935.8000,2936.0000,2936.4000,2937.0000,3,1,3,3,1,1,1,2,1,1
SF,IH2006,2020-03-03 09:30:50.300,2934.2000,14328,0,179592960.000,0,-,-,-,-,2934.2000,2933.2000,2932.2000,2932.0000,2931.4000,2934.8000,2935.0000,2935.8000,2936.0000,2936.4000,3,1,3,3,1,1,1,1,2,1
SF,IH2006,2020-03-03 09:30:50.800,2934.2000,14328,0,179592960.000,0,-,-,-,-,2934.2000,2933.2000,2932.2000,2932.0000,2931.4000,2935.0000,2935.8000,2936.0000,2936.4000,2937.0000,3,1,3,3,1,1,1,2,1,1
SF,IH2006,2020-03-03 09:30:51.300,2934.2000,14328,0,179592960.000,0,-,-,-,-,2934.2000,2933.2000,2932.2000,2932.0000,2931.4000,2934.8000,2935.0000,2935.8000,2936.0000,2936.4000,3,1,3,3,1,1,1,1,2,1
SF,IH2006,2020-03-03 09:30:51.800,2934.2000,14328,0,179592960.000,0,-,-,-,-,2934.2000,2933.2000,2932.2000,2932.0000,2931.4000,2935.0000,2935.8000,2936.0000,2936.4000,2937.0000,3,1,3,3,1,1,1,2,1,1
SF,IH2006,2020-03-03 09:30:52.300,2934.2000,14328,0,179592960.000,0,-,-,-,-,2934.2000,2933.2000,2932.2000,2932.0000,2931.4000,2935.0000,2935.8000,2936.0000,2936.4000,2937.0000,3,1,3,3,1,1,1,2,1,1
SF,IH2006,2020-03-03 09:30:53.300,2935.0000,14327,-1,181353960.000,2,0,2,多平,S,2935.0000,2934.2000,2933.2000,2932.2000,2932.0000,2935.8000,2936.0000,2936.4000,2937.0000,2937.4000,8,3,1,3,3,1,2,1,1,1
SF,IH2006,2020-03-03 09:30:53.800,2935.8000,14322,-5,196324380.000,17,6,11,多平,S,2935.8000,2934.2000,2933.2000,2932.2000,2932.0000,2936.0000,2936.4000,2936.8000,2937.0000,2937.4000,1,3,1,3,3,2,1,1,1,1
SF,IH2006,2020-03-03 09:30:54.300,2935.0000,14323,1,198085620.000,2,1,1,空开,S,2935.0000,2934.2000,2932.2000,2932.0000,2931.4000,2935.2000,2935.8000,2936.0000,2936.4000,2936.8000,1,3,3,3,1,1,3,2,1,1
SF,IH2006,2020-03-03 09:30:54.800,2935.0000,14322,-1,199846620.000,2,0,2,多平,S,2934.2000,2932.2000,2932.0000,2931.4000,2930.0000,2935.2000,2935.8000,2936.0000,2936.4000,2937.0000,3,3,3,1,5,1,1,3,1,1
SF,IH2006,2020-03-03 09:30:55.300,2935.0000,14322,0,199846620.000,0,-,-,-,-,2934.4000,2934.2000,2932.4000,2932.2000,2932.0000,2934.6000,2935.2000,2935.8000,2936.0000,2936.4000,1,3,1,3,3,1,1,1,3,1
SF,IH2006,2020-03-03 09:30:55.800,2934.6000,14321,-1,200727000.000,1,0,1,双平,S,2934.6000,2934.2000,2932.8000,2932.4000,2932.2000,2934.8000,2935.2000,2935.8000,2936.0000,2936.2000,2,3,3,1,3,1,1,1,3,1
SF,IH2006,2020-03-03 09:30:56.300,2934.2000,14319,-2,203368020.000,3,0,3,多平,S,2934.2000,2932.8000,2932.4000,2932.2000,2932.0000,2934.4000,2934.6000,2934.8000,2935.2000,2935.8000,1,3,1,3,3,2,1,1,1,1
SF,IH2006,2020-03-03 09:30:56.800,2934.2000,14316,-3,206889240.000,4,0,4,多平,S,2932.8000,2932.4000,2932.2000,2932.0000,2931.4000,2934.2000,2934.6000,2934.8000,2935.2000,2935.8000,3,1,3,3,1,1,1,1,1,1
SF,IH2006,2020-03-03 09:30:57.300,2934.2000,14316,0,206889240.000,0,-,-,-,-,2933.0000,2932.8000,2932.4000,2932.2000,2932.0000,2934.2000,2934.6000,2934.8000,2935.2000,2935.8000,4,3,1,1,3,1,1,1,1,1
SF,IH2006,2020-03-03 09:30:57.800,2934.2000,14316,0,207769500.000,1,0,1,多换,S,2934.2000,2933.0000,2932.8000,2932.4000,2932.2000,2934.6000,2934.8000,2935.2000,2935.8000,2936.0000,1,2,3,1,1,1,1,1,1,3
SF,IH2006,2020-03-03 09:30:58.300,2934.2000,14316,0,208649760.000,1,0,1,多换,S,2932.8000,2932.4000,2932.2000,2932.0000,2931.4000,2933.0000,2934.2000,2934.6000,2934.8000,2935.2000,3,1,1,3,1,1,2,1,1,2
SF,IH2006,2020-03-03 09:30:58.800,2934.6000,14315,-1,210410040.000,2,0,2,多平,S,2934.2000,2933.0000,2932.8000,2932.4000,2932.2000,2934.8000,2935.2000,2936.0000,2936.2000,2936.4000,1,6,3,1,1,2,1,3,1,1
SF,IH2006,2020-03-03 09:30:59.300,2932.8000,14312,-3,216570060.000,7,2,5,多平,S,2932.4000,2932.2000,2932.0000,2931.4000,2930.0000,2934.8000,2935.2000,2936.0000,2936.2000,2936.4000,1,1,3,1,5,1,1,3,1,1
SF,IH2006,2020-03-03 09:30:59.800,2932.8000,14312,0,216570060.000,0,-,-,-,-,2932.6000,2932.4000,2932.0000,2931.4000,2930.0000,2934.6000,2934.8000,2935.2000,2935.8000,2936.0000,4,1,3,1,5,2,2,1,2,3
SF,IH2006,2020-03-03 09:31:00.300,2932.8000,14312,0,216570060.000,0,-,-,-,-,2932.8000,2932.6000,2932.4000,2932.0000,2931.4000,2934.4000,2934.6000,2934.8000,2935.2000,2935.8000,1,1,1,3,1,2,3,1,1,2
SF,IH2006,2020-03-03 09:31:00.800,2932.8000,14312,0,216570060.000,0,-,-,-,-,2933.0000,2932.4000,2932.0000,2931.4000,2930.0000,2934.4000,2934.6000,2934.8000,2935.0000,2935.2000,6,1,3,1,5,2,2,1,1,1
SF,IH2006,2020-03-03 09:31:01.300,2934.4000,14311,-1,217450380.000,1,0,1,双平,S,2933.0000,2932.4000,2932.0000,2931.4000,2930.0000,2934.4000,2934.6000,2934.8000,2935.0000,2935.2000,3,1,3,1,5,1,2,1,1,1
SF,IH2006,2020-03-03 09:31:01.800,2934.4000,14311,0,217450380.000,0,-,-,-,-,2933.0000,2932.4000,2932.0000,2931.4000,2930.0000,2934.0000,2934.2000,2934.4000,2934.6000,2934.8000,2,1,3,1,5,1,1,1,2,1
SF,IH2006,2020-03-03 09:31:02.300,2934.4000,14311,0,217450380.000,0,-,-,-,-,2933.0000,2932.4000,2932.0000,2931.4000,2930.0000,2934.0000,2934.6000,2934.8000,2935.0000,2935.2000,1,1,3,1,5,1,2,1,1,1
SF,IH2006,2020-03-03 09:31:03.300,2933.0000,14311,0,218330280.000,1,0,1,多换,S,2932.4000,2932.0000,2931.4000,2930.0000,2927.2000,2933.0000,2934.0000,2934.6000,2934.8000,2935.0000,1,3,1,5,1,1,1,2,1,1
SF,IH2006,2020-03-03 09:31:03.800,2932.4000,14310,-1,219210000.000,1,0,1,双平,S,2932.0000,2931.4000,2930.4000,2930.0000,2927.2000,2933.0000,2933.8000,2934.0000,2934.6000,2934.8000,3,1,1,5,1,2,1,1,2,1
SF,IH2006,2020-03-03 09:31:04.800,2932.4000,14310,0,219210000.000,0,-,-,-,-,2932.0000,2931.4000,2930.4000,2930.0000,2927.2000,2933.0000,2933.8000,2934.0000,2934.6000,2934.8000,3,1,1,5,1,1,1,1,2,1
SF,IH2006,2020-03-03 09:31:05.800,2933.0000,14310,0,220089900.000,1,0,1,多换,S,2932.0000,2931.4000,2930.4000,2930.0000,2927.2000,2933.8000,2934.0000,2934.6000,2934.8000,2935.0000,3,1,1,5,1,1,1,2,1,1
SF,IH2006,2020-03-03 09:31:06.300,2932.0000,14308,-2,223608840.000,4,1,3,多平,S,2932.0000,2931.4000,2930.4000,2930.0000,2927.2000,2933.6000,2933.8000,2934.0000,2934.4000,2934.6000,1,1,1,5,1,4,1,1,1,1
SF,IH2006,2020-03-03 09:31:06.800,2932.0000,14308,0,223608840.000,0,-,-,-,-,2932.0000,2931.4000,2930.4000,2930.0000,2927.2000,2933.2000,2933.4000,2933.6000,2933.8000,2934.6000,1,1,1,5,1,1,1,4,1,1
SF,IH2006,2020-03-03 09:31:07.300,2932.0000,14308,0,223608840.000,0,-,-,-,-,2932.0000,2931.4000,2930.4000,2930.0000,2927.2000,2933.2000,2933.4000,2933.6000,2933.8000,2934.6000,1,1,1,5,1,1,1,3,1,1
SF,IH2006,2020-03-03 09:31:07.800,2932.0000,14308,0,223608840.000,0,-,-,-,-,2932.0000,2931.4000,2930.4000,2930.0000,2927.2000,2933.2000,2933.4000,2933.6000,2933.8000,2934.6000,1,1,1,5,1,1,1,3,1,1
SF,IH2006,2020-03-03 09:31:08.300,2932.0000,14308,0,223608840.000,0,-,-,-,-,2932.0000,2931.4000,2930.4000,2930.0000,2927.2000,2932.8000,2933.0000,2933.2000,2933.4000,2933.6000,2,1,1,5,1,1,1,1,1,3
SF,IH2006,2020-03-03 09:31:08.800,2932.0000,14308,0,223608840.000,0,-,-,-,-,2932.0000,2931.4000,2930.4000,2930.0000,2927.2000,2932.8000,2933.0000,2933.4000,2933.6000,2933.8000,2,1,1,5,1,1,1,1,3,1
SF,IH2006,2020-03-03 09:31:09.300,2933.2000,14308,0,228008640.000,5,2,3,多换,S,2933.2000,2932.0000,2931.4000,2930.4000,2930.0000,2933.6000,2933.8000,2934.6000,2935.0000,2936.0000,1,2,1,1,5,2,1,1,1,2
SF,IH2006,2020-03-03 09:31:09.800,2933.2000,14308,0,228888600.000,1,0,1,多换,S,2932.0000,2931.4000,2930.4000,2930.0000,2927.2000,2933.2000,2934.0000,2934.2000,2934.6000,2935.0000,2,1,1,5,1,2,1,1,1,2
SF,IH2006,2020-03-03 09:31:10.300,2933.2000,14308,0,228888600.000,0,-,-,-,-,2932.2000,2932.0000,2931.4000,2930.4000,2930.0000,2933.2000,2934.0000,2934.2000,2934.6000,2935.0000,3,2,1,1,5,1,1,1,1,3
SF,IH2006,2020-03-03 09:31:10.800,2932.2000,14307,-1,229768260.000,1,0,1,双平,S,2932.2000,2932.0000,2931.4000,2930.4000,2930.0000,2933.2000,2934.0000,2934.2000,2934.6000,2935.0000,2,2,1,1,5,2,1,1,1,3
SF,IH2006,2020-03-03 09:31:11.300,2933.2000,14305,-2,231527880.000,2,0,2,双平,S,2933.6000,2932.0000,2931.4000,2930.4000,2930.0000,2934.0000,2934.2000,2934.6000,2935.0000,2936.0000,3,2,1,1,5,1,1,1,3,2
SF,IH2006,2020-03-03 09:31:11.800,2933.4000,14302,-3,234167940.000,3,0,3,双平,S,2932.0000,2931.4000,2930.4000,2930.0000,2927.2000,2933.6000,2933.8000,2934.0000,2934.2000,2934.6000,2,1,1,5,1,4,2,3,2,1
SF,IH2006,2020-03-03 09:31:12.300,2933.4000,14302,0,234167940.000,0,-,-,-,-,2932.0000,2931.4000,2930.4000,2930.0000,2927.2000,2933.4000,2933.6000,2933.8000,2934.0000,2934.2000,2,1,1,5,1,2,3,1,3,2
SF,IH2006,2020-03-03 09:31:13.300,2933.4000,14302,0,234167940.000,0,-,-,-,-,2932.2000,2932.0000,2931.4000,2930.4000,2930.0000,2933.4000,2933.6000,2933.8000,2934.0000,2934.2000,1,2,1,1,5,2,3,1,3,2
SF,IH2006,2020-03-03 09:31:13.800,2932.0000,14300,-2,235927200.000,2,0,2,双平,S,2932.0000,2931.4000,2930.4000,2930.0000,2927.2000,2933.2000,2933.4000,2933.6000,2933.8000,2934.0000,1,1,1,5,1,1,2,3,1,3
SF,IH2006,2020-03-03 09:31:14.300,2932.0000,14300,0,235927200.000,0,-,-,-,-,2932.0000,2931.4000,2930.4000,2930.0000,2927.2000,2933.0000,2933.2000,2933.6000,2933.8000,2934.0000,1,1,1,5,1,1,2,3,1,3
SF,IH2006,2020-03-03 09:31:14.800,2932.0000,14299,-1,236806800.000,1,0,1,双平,S,2931.4000,2930.4000,2930.0000,2927.2000,2926.0000,2932.2000,2932.8000,2933.2000,2933.6000,2934.0000,1,1,5,1,1,1,2,1,2,3
SF,IH2006,2020-03-03 09:31:15.300,2932.2000,14296,-3,239445600.000,3,0,3,双平,S,2931.4000,2930.4000,2930.0000,2927.2000,2926.0000,2932.8000,2933.0000,2933.6000,2934.0000,2934.2000,1,1,5,1,1,1,1,2,3,1
SF,IH2006,2020-03-03 09:31:15.800,2932.2000,14296,0,239445600.000,0,-,-,-,-,2931.4000,2930.4000,2930.0000,2927.2000,2926.0000,2932.6000,2933.4000,2933.6000,2934.0000,2934.2000,1,1,5,1,1,1,1,2,3,1
SF,IH2006,2020-03-03 09:31:16.300,2931.4000,14295,-1,240325020.000,1,0,1,双平,S,2930.4000,2930.0000,2927.2000,2926.0000,2925.2000,2933.4000,2933.6000,2934.0000,2934.2000,2934.6000,1,5,1,1,2,1,2,3,1,1
SF,IH2006,2020-03-03 09:31:16.800,2931.4000,14295,0,240325020.000,0,-,-,-,-,2930.6000,2930.4000,2930.2000,2930.0000,2927.2000,2931.4000,2932.8000,2933.2000,2933.4000,2933.6000,2,3,2,5,1,1,1,4,1,3
SF,IH2006,2020-03-03 09:31:17.300,2931.4000,14294,-1,241204440.000,1,0,1,双平,S,2931.6000,2931.4000,2930.8000,2930.6000,2930.4000,2932.2000,2932.4000,2933.2000,2933.6000,2934.0000,1,1,3,2,3,1,1,3,1,2
SF,IH2006,2020-03-03 09:31:17.800,2931.4000,14293,-1,242083860.000,1,0,1,双平,S,2930.8000,2930.6000,2930.4000,2930.2000,2930.0000,2932.8000,2933.2000,2933.6000,2934.0000,2934.2000,2,2,2,2,5,2,3,1,2,1
SF,IH2006,2020-03-03 09:31:18.300,2931.4000,14293,0,242083860.000,0,-,-,-,-,2931.0000,2930.8000,2930.6000,2930.4000,2930.2000,2932.6000,2932.8000,2933.2000,2933.6000,2934.0000,2,2,1,2,2,3,1,4,1,2
SF,IH2006,2020-03-03 09:31:18.800,2931.4000,14293,0,242083860.000,0,-,-,-,-,2931.0000,2930.8000,2930.6000,2930.4000,2930.2000,2931.6000,2932.6000,2932.8000,2933.2000,2933.6000,2,2,1,2,2,1,3,1,4,1
SF,IH2006,2020-03-03 09:31:19.300,2931.6000,14294,1,242963340.000,1,1,0,双开,S,2931.0000,2930.8000,2930.6000,2930.4000,2930.2000,2932.6000,2932.8000,2933.2000,2933.6000,2934.0000,1,2,1,2,2,1,1,4,1,2
SF,IH2006,2020-03-03 09:31:19.800,2931.6000,14294,0,242963340.000,0,-,-,-,-,2931.0000,2930.8000,2930.6000,2930.4000,2930.2000,2932.4000,2932.6000,2932.8000,2933.2000,2933.6000,1,2,1,2,2,2,2,1,4,1
SF,IH2006,2020-03-03 09:31:20.300,2931.6000,14294,0,242963340.000,0,-,-,-,-,2931.0000,2930.8000,2930.6000,2930.4000,2930.2000,2932.2000,2932.4000,2932.6000,2932.8000,2933.2000,1,2,1,2,2,1,2,1,1,4
SF,IH2006,2020-03-03 09:31:20.800,2931.6000,14294,0,242963340.000,0,-,-,-,-,2931.0000,2930.8000,2930.6000,2930.2000,2930.0000,2932.2000,2932.4000,2932.6000,2932.8000,2933.2000,1,2,1,1,5,1,1,1,1,4
SF,IH2006,2020-03-03 09:31:21.300,2931.0000,14293,-1,243842640.000,1,0,1,双平,S,2930.8000,2930.6000,2930.2000,2930.0000,2927.2000,2932.0000,2932.2000,2932.4000,2932.6000,2932.8000,2,1,1,5,1,2,1,1,1,1
SF,IH2006,2020-03-03 09:31:21.800,2930.8000,14291,-2,245601120.000,2,0,2,双平,S,2930.6000,2930.0000,2927.2000,2926.0000,2925.2000,2931.8000,2932.0000,2932.2000,2932.4000,2932.6000,2,5,1,1,2,2,2,1,1,1
SF,IH2006,2020-03-03 09:31:22.300,2930.8000,14291,0,245601120.000,0,-,-,-,-,2930.6000,2930.0000,2927.2000,2926.0000,2925.2000,2931.6000,2931.8000,2932.0000,2932.2000,2932.6000,1,5,1,1,2,1,3,1,1,2
SF,IH2006,2020-03-03 09:31:22.800,2930.8000,14291,0,245601120.000,0,-,-,-,-,2930.6000,2930.0000,2927.2000,2926.0000,2925.2000,2931.4000,2931.8000,2932.0000,2932.2000,2932.6000,1,5,1,1,2,2,2,1,2,2
SF,IH2006,2020-03-03 09:31:23.300,2930.8000,14291,0,245601120.000,0,-,-,-,-,2930.6000,2930.0000,2927.2000,2926.0000,2925.2000,2931.4000,2931.8000,2932.0000,2932.2000,2932.6000,1,5,1,1,2,2,2,1,1,2
SF,IH2006,2020-03-03 09:31:23.800,2930.6000,14290,-1,247359720.000,2,0,2,多平,S,2930.0000,2927.2000,2926.0000,2925.2000,2925.0000,2931.4000,2931.8000,2932.0000,2932.2000,2932.6000,5,1,1,2,1,1,2,1,1,2
SF,IH2006,2020-03-03 09:31:24.300,2931.2000,14290,0,248239080.000,1,0,1,多换,S,2930.0000,2927.2000,2926.0000,2925.2000,2925.0000,2931.4000,2931.8000,2932.0000,2932.2000,2932.6000,5,1,1,2,1,2,2,1,1,2
SF,IH2006,2020-03-03 09:31:24.800,2931.2000,14290,0,248239080.000,0,-,-,-,-,2930.0000,2927.2000,2926.0000,2925.2000,2925.0000,2931.4000,2931.8000,2932.0000,2932.2000,2932.6000,5,1,1,2,1,2,2,1,1,2
SF,IH2006,2020-03-03 09:31:25.300,2931.2000,14290,0,248239080.000,0,-,-,-,-,2930.0000,2927.2000,2926.0000,2925.2000,2925.0000,2930.8000,2931.0000,2931.2000,2931.4000,2931.8000,5,1,1,2,1,1,1,2,2,1
SF,IH2006,2020-03-03 09:31:25.800,2931.2000,14290,0,248239080.000,0,-,-,-,-,2930.0000,2927.2000,2926.0000,2925.2000,2925.0000,2930.6000,2931.2000,2931.4000,2931.8000,2932.0000,5,1,1,2,1,1,1,1,1,1
SF,IH2006,2020-03-03 09:31:26.300,2930.6000,14289,-1,249118260.000,1,0,1,双平,S,2930.0000,2927.2000,2926.0000,2925.2000,2925.0000,2931.2000,2931.4000,2931.8000,2932.0000,2932.2000,5,1,1,2,1,1,1,1,1,1
SF,IH2006,2020-03-03 09:31:26.800,2930.0000,14288,-1,250876440.000,2,0,2,多平,S,2930.0000,2927.2000,2926.0000,2925.2000,2925.0000,2931.2000,2931.8000,2932.0000,2932.2000,2932.6000,4,1,1,2,1,2,1,1,1,2
SF,IH2006,2020-03-03 09:31:27.300,2930.0000,14287,-1,251755440.000,1,0,1,双平,S,2930.0000,2927.2000,2926.0000,2925.2000,2925.0000,2931.2000,2931.8000,2932.0000,2932.2000,2932.6000,3,1,1,2,1,2,1,1,1,2
SF,IH2006,2020-03-03 09:31:28.300,2930.0000,14287,0,251755440.000,0,-,-,-,-,2930.0000,2927.2000,2926.0000,2925.2000,2925.0000,2930.8000,2931.0000,2931.2000,2931.8000,2932.0000,3,1,1,2,1,1,2,2,1,1
SF,IH2006,2020-03-03 09:31:28.800,2930.0000,14286,-1,252634440.000,1,0,1,双平,S,2930.0000,2927.2000,2926.0000,2925.2000,2925.0000,2931.2000,2931.8000,2932.0000,2932.2000,2932.6000,2,1,1,2,1,2,1,1,1,2
SF,IH2006,2020-03-03 09:31:29.300,2930.0000,14286,0,252634440.000,0,-,-,-,-,2930.0000,2927.2000,2926.0000,2925.2000,2925.0000,2930.8000,2931.0000,2931.2000,2931.8000,2932.0000,2,1,1,2,1,1,2,2,1,1
SF,IH2006,2020-03-03 09:31:29.800,2930.0000,14286,0,252634440.000,0,-,-,-,-,2930.0000,2927.2000,2926.0000,2925.2000,2925.0000,2931.2000,2931.8000,2932.0000,2932.2000,2932.6000,2,1,1,2,1,2,1,1,1,2
SF,IH2006,2020-03-03 09:31:30.300,2930.0000,14286,0,252634440.000,0,-,-,-,-,2930.0000,2927.2000,2926.0000,2925.2000,2925.0000,2930.8000,2931.0000,2931.2000,2931.8000,2932.0000,2,1,1,2,1,1,2,1,1,1
SF,IH2006,2020-03-03 09:31:30.800,2930.0000,14286,0,252634440.000,0,-,-,-,-,2930.0000,2927.2000,2926.0000,2925.2000,2925.0000,2931.2000,2931.8000,2932.0000,2932.2000,2932.6000,2,1,1,2,1,1,1,1,1,2
SF,IH2006,2020-03-03 09:31:31.300,2931.2000,14285,-1,253513800.000,1,0,1,双平,S,2931.2000,2930.8000,2930.2000,2930.0000,2927.2000,2931.8000,2932.0000,2932.2000,2932.6000,2932.8000,1,1,1,2,1,1,1,1,2,1
SF,IH2006,2020-03-03 09:31:31.800,2931.2000,14284,-1,254393160.000,1,0,1,双平,S,2930.8000,2930.2000,2930.0000,2927.2000,2926.0000,2931.2000,2931.8000,2932.2000,2932.6000,2932.8000,1,1,3,1,1,2,1,2,2,1
SF,IH2006,2020-03-03 09:31:32.300,2930.0000,14281,-3,257909460.000,4,0,4,多平,S,2930.2000,2930.0000,2929.2000,2927.2000,2926.0000,2930.8000,2931.2000,2931.8000,2932.0000,2932.2000,1,1,1,1,1,2,1,1,1,2
SF,IH2006,2020-03-03 09:31:32.800,2930.2000,14280,-1,258788520.000,1,0,1,双平,S,2930.0000,2929.2000,2928.4000,2927.2000,2926.0000,2930.8000,2931.2000,2931.4000,2931.8000,2932.0000,1,1,1,1,1,1,1,1,1,1
SF,IH2006,2020-03-03 09:31:33.300,2930.2000,14280,0,258788520.000,0,-,-,-,-,2929.2000,2928.4000,2927.2000,2926.0000,2925.2000,2930.8000,2931.0000,2931.2000,2931.4000,2931.8000,1,1,1,1,2,2,1,1,1,1
SF,IH2006,2020-03-03 09:31:33.800,2930.2000,14280,0,258788520.000,0,-,-,-,-,2929.4000,2929.2000,2928.4000,2927.6000,2927.2000,2930.8000,2931.0000,2931.2000,2931.4000,2931.8000,2,1,1,1,1,2,1,1,1,1
SF,IH2006,2020-03-03 09:31:34.300,2930.2000,14280,0,258788520.000,0,-,-,-,-,2930.2000,2929.4000,2929.2000,2928.4000,2927.6000,2930.8000,2931.0000,2931.2000,2931.4000,2931.8000,1,2,1,1,1,2,1,1,1,1
SF,IH2006,2020-03-03 09:31:34.800,2930.2000,14280,0,259667580.000,1,0,1,多换,S,2929.4000,2929.2000,2928.4000,2927.2000,2926.0000,2930.8000,2931.0000,2931.2000,2931.4000,2931.8000,1,1,1,1,1,2,1,1,1,1
SF,IH2006,2020-03-03 09:31:35.300,2929.4000,14279,-1,260546400.000,1,0,1,双平,S,2929.2000,2928.4000,2927.4000,2927.2000,2926.0000,2930.6000,2930.8000,2931.0000,2931.2000,2931.4000,1,1,1,1,1,1,3,1,1,1
SF,IH2006,2020-03-03 09:31:35.800,2929.4000,14279,0,260546400.000,0,-,-,-,-,2929.2000,2928.4000,2927.4000,2927.2000,2926.0000,2930.8000,2931.0000,2931.2000,2931.4000,2931.8000,1,1,1,1,1,3,1,1,1,1
SF,IH2006,2020-03-03 09:31:36.300,2929.4000,14279,0,260546400.000,0,-,-,-,-,2929.2000,2928.4000,2927.4000,2927.2000,2926.0000,2930.6000,2930.8000,2931.0000,2931.2000,2931.4000,1,1,1,1,1,2,2,2,1,1
SF,IH2006,2020-03-03 09:31:36.800,2930.6000,14280,1,262304760.000,2,1,1,空开,S,2929.4000,2929.2000,2928.4000,2927.4000,2927.2000,2930.8000,2931.0000,2931.2000,2931.4000,2931.8000,1,1,1,1,1,2,2,1,1,1
SF,IH2006,2020-03-03 09:31:37.300,2930.8000,14280,0,263184000.000,1,0,1,多换,S,2929.6000,2929.2000,2928.4000,2927.4000,2927.2000,2930.8000,2931.0000,2931.2000,2931.4000,2931.8000,2,1,1,1,1,1,1,1,2,1
SF,IH2006,2020-03-03 09:31:37.800,2930.8000,14280,0,263184000.000,0,-,-,-,-,2929.6000,2929.2000,2928.4000,2927.4000,2927.2000,2930.8000,2931.0000,2931.2000,2931.4000,2931.6000,2,1,1,1,1,1,1,1,1,1
SF,IH2006,2020-03-03 09:31:38.300,2930.8000,14280,0,264063240.000,1,0,1,多换,S,2929.6000,2929.2000,2928.4000,2927.4000,2927.2000,2931.0000,2931.2000,2931.4000,2931.6000,2931.8000,2,1,1,1,1,1,1,1,1,1
SF,IH2006,2020-03-03 09:31:38.800,2930.8000,14280,0,264063240.000,0,-,-,-,-,2929.6000,2929.2000,2928.4000,2927.4000,2927.2000,2931.0000,2931.2000,2931.6000,2931.8000,2932.0000,2,1,1,1,1,2,1,1,2,1
SF,IH2006,2020-03-03 09:31:39.300,2931.0000,14279,-1,265821780.000,2,0,2,多平,S,2929.6000,2929.2000,2928.4000,2927.4000,2927.2000,2931.0000,2931.2000,2931.6000,2931.8000,2932.0000,2,1,1,1,1,2,1,1,2,1
SF,IH2006,2020-03-03 09:31:39.800,2931.0000,14279,0,265821780.000,0,-,-,-,-,2929.6000,2929.2000,2928.4000,2927.4000,2927.2000,2931.0000,2931.2000,2931.8000,2932.0000,2932.6000,2,1,1,1,1,2,1,3,1,2
SF,IH2006,2020-03-03 09:31:40.300,2931.0000,14278,-1,266701080.000,1,0,1,双平,S,2929.6000,2929.2000,2928.4000,2927.4000,2927.2000,2931.0000,2931.2000,2931.8000,2932.0000,2932.6000,2,1,1,1,1,1,1,3,1,2
SF,IH2006,2020-03-03 09:31:40.800,2931.0000,14278,0,266701080.000,0,-,-,-,-,2929.6000,2929.2000,2928.4000,2927.4000,2927.2000,2931.0000,2931.2000,2931.8000,2932.0000,2932.6000,3,1,1,1,1,1,1,3,1,2
SF,IH2006,2020-03-03 09:31:42.300,2929.8000,14278,0,267580020.000,1,0,1,多换,S,2929.8000,2929.6000,2929.2000,2928.4000,2927.4000,2931.0000,2931.2000,2931.8000,2932.0000,2932.6000,1,3,1,1,1,1,1,3,1,2
SF,IH2006,2020-03-03 09:31:42.800,2929.8000,14278,0,267580020.000,0,-,-,-,-,2929.8000,2929.6000,2929.2000,2928.4000,2927.2000,2931.0000,2931.2000,2931.4000,2931.8000,2932.0000,1,1,1,1,1,1,1,1,3,1
SF,IH2006,2020-03-03 09:31:43.300,2929.8000,14278,0,267580020.000,0,-,-,-,-,2930.0000,2929.8000,2929.6000,2929.2000,2928.4000,2930.8000,2931.0000,2931.2000,2931.4000,2931.8000,1,1,1,1,1,1,1,1,1,2
SF,IH2006,2020-03-03 09:31:43.800,2929.8000,14278,0,267580020.000,0,-,-,-,-,2930.0000,2929.8000,2929.6000,2929.2000,2928.4000,2930.8000,2931.0000,2931.2000,2931.4000,2931.8000,1,1,1,1,1,2,3,1,1,2
SF,IH2006,2020-03-03 09:31:44.300,2930.0000,14277,-1,268459020.000,1,0,1,双平,S,2929.8000,2929.6000,2929.2000,2928.4000,2927.2000,2930.8000,2931.0000,2931.2000,2931.4000,2931.8000,1,1,1,1,1,2,3,1,1,2
SF,IH2006,2020-03-03 09:31:44.800,2930.0000,14277,0,268459020.000,0,-,-,-,-,2929.8000,2929.6000,2929.2000,2928.4000,2927.2000,2930.6000,2930.8000,2931.0000,2931.2000,2931.4000,1,1,1,1,1,1,2,3,1,1
SF,IH2006,2020-03-03 09:31:46.300,2930.0000,14277,0,268459020.000,0,-,-,-,-,2929.8000,2929.6000,2929.2000,2928.4000,2927.2000,2930.6000,2930.8000,2931.0000,2931.2000,2931.4000,1,1,1,1,1,1,1,3,1,1
SF,IH2006,2020-03-03 09:31:47.300,2930.0000,14277,0,268459020.000,0,-,-,-,-,2929.8000,2929.6000,2929.2000,2928.4000,2927.2000,2930.6000,2930.8000,2931.0000,2931.2000,2931.4000,1,1,1,1,1,1,2,3,1,1
SF,IH2006,2020-03-03 09:31:47.800,2930.6000,14276,-1,270217140.000,2,0,2,多平,S,2929.6000,2929.2000,2928.4000,2927.2000,2926.0000,2930.0000,2930.2000,2930.8000,2931.0000,2931.2000,1,1,1,1,1,1,1,1,3,1
SF,IH2006,2020-03-03 09:31:48.300,2929.6000,14276,0,271096020.000,1,0,1,多换,S,2928.4000,2927.2000,2926.0000,2925.2000,2925.0000,2929.6000,2930.0000,2930.2000,2930.8000,2931.0000,1,1,1,2,1,1,1,1,1,3
SF,IH2006,2020-03-03 09:31:48.800,2929.6000,14276,0,271096020.000,0,-,-,-,-,2928.6000,2928.4000,2927.2000,2926.0000,2925.2000,2929.6000,2930.0000,2930.2000,2930.4000,2930.8000,1,1,1,1,2,2,1,1,2,1
SF,IH2006,2020-03-03 09:31:49.300,2929.6000,14276,0,271096020.000,0,-,-,-,-,2928.4000,2927.4000,2927.2000,2926.0000,2925.0000,2929.6000,2930.0000,2930.2000,2930.4000,2930.8000,1,1,1,1,1,2,1,1,2,1
SF,IH2006,2020-03-03 09:31:49.800,2929.6000,14276,0,271096020.000,0,-,-,-,-,2928.6000,2928.4000,2927.4000,2927.2000,2926.4000,2929.6000,2930.0000,2930.2000,2930.6000,2930.8000,1,1,1,1,1,2,2,1,1,1
SF,IH2006,2020-03-03 09:31:50.300,2929.6000,14276,0,271096020.000,0,-,-,-,-,2928.4000,2927.4000,2927.2000,2926.4000,2926.0000,2929.6000,2929.8000,2930.0000,2930.2000,2930.8000,1,1,1,1,1,2,3,2,1,3
SF,IH2006,2020-03-03 09:31:50.800,2929.6000,14276,0,271096020.000,0,-,-,-,-,2928.6000,2928.4000,2927.4000,2927.2000,2926.4000,2929.6000,2929.8000,2930.0000,2930.2000,2930.8000,1,1,1,1,1,2,3,2,1,3
SF,IH2006,2020-03-03 09:31:51.300,2929.6000,14276,0,271096020.000,0,-,-,-,-,2928.4000,2927.4000,2927.2000,2926.4000,2926.0000,2929.6000,2929.8000,2930.0000,2930.2000,2930.8000,1,1,1,1,1,2,3,2,1,3
SF,IH2006,2020-03-03 09:31:51.800,2929.6000,14276,0,271096020.000,0,-,-,-,-,2928.4000,2927.4000,2927.2000,2926.4000,2926.0000,2929.6000,2929.8000,2930.0000,2930.2000,2930.8000,1,1,1,1,1,1,3,2,1,3
SF,IH2006,2020-03-03 09:31:52.300,2929.6000,14276,0,271096020.000,0,-,-,-,-,2928.4000,2927.4000,2927.2000,2926.4000,2926.0000,2929.6000,2929.8000,2930.0000,2930.2000,2930.8000,1,1,1,1,1,1,3,2,1,3
SF,IH2006,2020-03-03 09:31:52.800,2929.6000,14276,0,271974900.000,1,0,1,多换,S,2928.6000,2928.4000,2927.4000,2927.2000,2926.4000,2929.8000,2930.0000,2930.2000,2930.8000,2931.0000,1,1,1,1,1,3,2,1,2,3
SF,IH2006,2020-03-03 09:31:53.300,2929.6000,14276,0,271974900.000,0,-,-,-,-,2928.8000,2928.6000,2928.4000,2927.4000,2927.2000,2929.8000,2930.0000,2930.2000,2930.8000,2931.0000,2,1,1,1,1,3,2,1,2,3
SF,IH2006,2020-03-03 09:31:53.800,2929.6000,14276,0,271974900.000,0,-,-,-,-,2929.0000,2928.8000,2928.4000,2927.4000,2927.2000,2929.6000,2929.8000,2930.0000,2930.2000,2930.8000,1,1,1,1,1,2,4,2,1,2
SF,IH2006,2020-03-03 09:31:54.300,2929.6000,14276,0,271974900.000,0,-,-,-,-,2929.2000,2928.8000,2928.4000,2927.4000,2927.2000,2929.8000,2930.0000,2930.2000,2930.8000,2931.0000,1,1,1,1,1,3,2,1,2,2
SF,IH2006,2020-03-03 09:31:54.800,2929.6000,14276,0,271974900.000,0,-,-,-,-,2928.8000,2928.4000,2927.4000,2927.2000,2926.0000,2929.8000,2930.0000,2930.2000,2930.8000,2931.0000,1,1,1,1,1,3,2,1,1,2
SF,IH2006,2020-03-03 09:31:55.300,2929.6000,14276,0,271974900.000,0,-,-,-,-,2928.4000,2927.4000,2927.2000,2926.0000,2925.0000,2929.2000,2929.6000,2929.8000,2930.0000,2930.2000,1,1,1,1,1,2,2,4,2,1
SF,IH2006,2020-03-03 09:31:55.800,2929.2000,14274,-2,273732420.000,2,0,2,双平,S,2928.6000,2928.4000,2927.4000,2927.2000,2926.6000,2929.8000,2930.0000,2930.2000,2930.8000,2931.0000,1,1,1,1,1,3,3,1,1,2
SF,IH2006,2020-03-03 09:31:56.300,2929.2000,14274,0,273732420.000,0,-,-,-,-,2928.8000,2928.6000,2928.4000,2927.4000,2927.2000,2929.2000,2929.8000,2930.0000,2930.2000,2930.8000,2,1,1,1,1,1,3,3,1,1
SF,IH2006,2020-03-03 09:31:56.800,2929.2000,14273,-1,274611180.000,1,0,1,双平,S,2929.2000,2928.8000,2928.6000,2928.4000,2927.4000,2929.8000,2930.0000,2930.2000,2930.8000,2931.0000,3,2,1,1,1,3,3,1,1,2
SF,IH2006,2020-03-03 09:31:57.300,2929.2000,14273,0,274611180.000,0,-,-,-,-,2929.2000,2928.8000,2928.6000,2928.4000,2928.0000,2929.6000,2929.8000,2930.0000,2930.2000,2930.8000,2,1,1,1,1,1,3,3,1,1
SF,IH2006,2020-03-03 09:31:57.800,2929.8000,14269,-4,278126880.000,4,0,4,双平,S,2929.6000,2929.2000,2928.8000,2928.6000,2928.4000,2930.0000,2930.2000,2931.0000,2931.2000,2931.4000,1,2,1,1,1,3,1,2,1,1
SF,IH2006,2020-03-03 09:31:58.300,2930.2000,14267,-2,281642940.000,4,1,3,多平,S,2930.2000,2930.0000,2929.6000,2929.2000,2928.8000,2931.0000,2931.2000,2931.4000,2931.8000,2932.6000,1,1,1,2,1,2,1,1,1,2
SF,IH2006,2020-03-03 09:31:58.800,2930.2000,14265,-2,283401300.000,2,0,2,双平,S,2930.0000,2929.6000,2929.2000,2928.8000,2928.6000,2931.0000,2931.2000,2931.4000,2931.8000,2932.6000,1,1,3,1,1,1,1,1,1,2
SF,IH2006,2020-03-03 09:31:59.300,2930.2000,14265,0,283401300.000,0,-,-,-,-,2930.2000,2930.0000,2929.6000,2929.2000,2928.4000,2931.0000,2931.2000,2931.4000,2931.8000,2932.6000,2,1,1,3,1,1,1,1,1,2
SF,IH2006,2020-03-03 09:31:59.800,2930.2000,14265,0,286038480.000,3,1,2,多换,S,2930.2000,2930.0000,2929.6000,2929.2000,2928.4000,2931.0000,2931.2000,2931.4000,2931.8000,2932.6000,2,1,1,3,1,1,1,1,1,2
SF,IH2006,2020-03-03 09:32:00.300,2931.0000,14264,-1,286917780.000,1,0,1,双平,S,2931.2000,2931.0000,2930.2000,2930.0000,2929.6000,2931.4000,2931.8000,2932.6000,2932.8000,2933.6000,1,1,2,1,1,1,1,2,1,1
SF,IH2006,2020-03-03 09:32:00.800,2931.2000,14262,-2,288676560.000,2,0,2,双平,S,2930.2000,2930.0000,2929.6000,2929.2000,2928.8000,2931.8000,2932.6000,2932.8000,2933.6000,2934.0000,1,1,1,3,1,1,2,1,1,2
SF,IH2006,2020-03-03 09:32:01.300,2931.2000,14262,0,288676560.000,0,-,-,-,-,2930.4000,2930.2000,2930.0000,2929.6000,2929.2000,2931.0000,2931.2000,2931.6000,2931.8000,2932.6000,2,1,1,1,3,1,1,2,1,2
SF,IH2006,2020-03-03 09:32:01.800,2930.6000,14261,-1,290435100.000,2,0,2,多平,S,2931.0000,2930.4000,2930.2000,2930.0000,2929.6000,2931.8000,2932.6000,2932.8000,2933.6000,2934.0000,1,1,1,1,1,1,2,1,1,2
SF,IH2006,2020-03-03 09:32:02.300,2930.2000,14260,-1,292193460.000,2,0,2,多平,S,2930.0000,2929.6000,2929.2000,2928.8000,2928.0000,2931.8000,2932.6000,2932.8000,2933.6000,2934.0000,1,1,3,1,1,1,2,1,1,2
SF,IH2006,2020-03-03 09:32:02.800,2930.2000,14260,0,292193460.000,0,-,-,-,-,2930.2000,2930.0000,2929.6000,2929.2000,2928.8000,2930.4000,2931.6000,2931.8000,2932.6000,2932.8000,2,1,1,3,1,1,3,2,1,1
SF,IH2006,2020-03-03 09:32:03.300,2930.4000,14260,0,293072580.000,1,0,1,多换,S,2930.4000,2930.2000,2930.0000,2929.6000,2929.2000,2931.6000,2931.8000,2932.6000,2933.6000,2934.0000,8,1,1,1,1,1,1,1,1,2
SF,IH2006,2020-03-03 09:32:03.800,2931.4000,14259,-1,293952000.000,1,0,1,双平,S,2930.6000,2930.4000,2930.0000,2929.6000,2929.2000,2931.8000,2932.6000,2933.2000,2933.6000,2934.0000,2,8,1,1,1,1,1,1,1,2
SF,IH2006,2020-03-03 09:32:04.300,2930.8000,14257,-2,295710780.000,2,0,2,双平,S,2930.8000,2930.6000,2930.4000,2930.0000,2929.6000,2932.6000,2933.2000,2933.6000,2934.0000,2934.6000,2,1,7,1,1,1,1,1,2,1
SF,IH2006,2020-03-03 09:32:04.800,2930.8000,14257,0,295710780.000,0,-,-,-,-,2931.0000,2930.8000,2930.4000,2930.0000,2929.6000,2932.4000,2932.6000,2933.2000,2933.6000,2934.0000,2,2,7,1,1,2,1,1,1,2
SF,IH2006,2020-03-03 09:32:05.300,2930.8000,14257,0,295710780.000,0,-,-,-,-,2931.0000,2930.8000,2930.4000,2930.0000,2929.6000,2931.6000,2932.4000,2932.6000,2933.2000,2934.0000,2,1,6,1,1,1,2,1,1,2
SF,IH2006,2020-03-03 09:32:05.800,2931.6000,14256,-1,296590260.000,1,0,1,双平,S,2931.0000,2930.8000,2930.4000,2930.0000,2929.6000,2932.4000,2932.6000,2933.2000,2934.0000,2935.0000,1,1,6,1,1,2,1,1,2,1
SF,IH2006,2020-03-03 09:32:06.300,2931.6000,14256,0,296590260.000,0,-,-,-,-,2931.0000,2930.8000,2930.4000,2930.0000,2929.6000,2932.2000,2932.4000,2932.6000,2933.2000,2934.0000,1,1,6,1,1,2,2,1,1,2
SF,IH2006,2020-03-03 09:32:06.800,2932.4000,14255,-1,297469980.000,1,0,1,双平,S,2931.2000,2931.0000,2930.4000,2930.0000,2929.6000,2932.6000,2933.2000,2934.0000,2935.0000,2936.2000,3,2,6,1,1,1,1,2,1,1
SF,IH2006,2020-03-03 09:32:07.300,2932.6000,14255,0,298349760.000,1,0,1,多换,S,2931.4000,2931.2000,2931.0000,2930.4000,2930.0000,2933.2000,2934.0000,2934.4000,2935.0000,2936.2000,6,1,1,6,1,1,2,1,1,1
SF,IH2006,2020-03-03 09:32:07.800,2932.6000,14255,0,298349760.000,0,-,-,-,-,2932.6000,2931.6000,2931.4000,2930.4000,2930.0000,2932.8000,2933.0000,2933.2000,2934.0000,2934.4000,1,2,6,6,1,1,2,1,2,1
SF,IH2006,2020-03-03 09:32:08.300,2932.6000,14255,0,299229540.000,1,0,1,多换,S,2931.4000,2930.4000,2929.2000,2928.8000,2928.0000,2932.6000,2932.8000,2933.0000,2933.2000,2934.0000,3,2,1,1,1,1,1,1,1,2
SF,IH2006,2020-03-03 09:32:08.800,2932.6000,14255,0,299229540.000,0,-,-,-,-,2931.6000,2931.4000,2930.4000,2929.2000,2928.8000,2933.0000,2933.2000,2934.0000,2934.4000,2935.0000,4,2,2,1,1,1,1,2,1,1
SF,IH2006,2020-03-03 09:32:09.300,2932.6000,14255,0,299229540.000,0,-,-,-,-,2932.2000,2931.8000,2931.6000,2931.4000,2930.4000,2932.6000,2932.8000,2933.0000,2933.2000,2934.0000,1,1,2,2,2,2,3,1,1,2
SF,IH2006,2020-03-03 09:32:09.800,2932.2000,14254,-1,300109200.000,1,0,1,双平,S,2931.8000,2931.6000,2931.4000,2930.4000,2929.2000,2932.8000,2933.0000,2933.2000,2934.0000,2934.4000,1,1,2,2,1,2,1,1,2,1
SF,IH2006,2020-03-03 09:32:10.300,2932.2000,14254,0,300109200.000,0,-,-,-,-,2932.6000,2931.8000,2931.4000,2930.4000,2929.2000,2932.8000,2933.0000,2933.2000,2934.0000,2934.4000,1,1,1,2,1,1,2,1,2,1
SF,IH2006,2020-03-03 09:32:10.800,2932.8000,14250,-4,304508460.000,5,0,5,多平,S,2931.8000,2931.4000,2930.4000,2929.2000,2928.8000,2933.2000,2934.0000,2934.4000,2935.0000,2936.2000,1,1,2,1,1,1,2,1,2,1
SF,IH2006,2020-03-03 09:32:11.300,2932.8000,14250,0,304508460.000,0,-,-,-,-,2932.8000,2932.0000,2931.8000,2930.4000,2929.2000,2933.0000,2934.0000,2934.4000,2935.0000,2936.2000,1,1,1,2,1,1,2,1,2,1
SF,IH2006,2020-03-03 09:32:11.800,2932.0000,14249,-1,306267900.000,2,0,2,多平,S,2931.8000,2930.4000,2929.2000,2928.8000,2928.0000,2932.8000,2934.0000,2934.4000,2935.0000,2936.2000,2,2,1,1,1,2,2,1,2,1
SF,IH2006,2020-03-03 09:32:12.300,2932.8000,14248,-1,307147740.000,1,0,1,双平,S,2932.8000,2931.8000,2930.4000,2929.2000,2928.8000,2933.0000,2933.6000,2934.0000,2934.4000,2935.0000,1,2,2,1,1,1,1,2,1,2
SF,IH2006,2020-03-03 09:32:12.800,2933.0000,14247,-1,308907480.000,2,0,2,多平,S,2931.8000,2930.4000,2929.2000,2928.8000,2928.0000,2933.6000,2934.0000,2934.4000,2935.0000,2936.2000,2,2,1,1,1,1,2,1,2,1
SF,IH2006,2020-03-03 09:32:13.300,2933.0000,14247,0,309787380.000,1,0,1,多换,S,2932.0000,2931.8000,2930.4000,2929.2000,2928.8000,2933.6000,2934.0000,2934.4000,2935.0000,2935.4000,2,1,1,1,1,1,2,1,2,1
SF,IH2006,2020-03-03 09:32:13.800,2933.0000,14247,0,309787380.000,0,-,-,-,-,2932.2000,2932.0000,2931.8000,2930.4000,2929.2000,2933.6000,2934.0000,2934.4000,2935.0000,2935.4000,4,2,1,1,1,1,2,1,2,1
SF,IH2006,2020-03-03 09:32:14.300,2933.0000,14247,0,309787380.000,0,-,-,-,-,2933.6000,2932.4000,2932.2000,2932.0000,2931.8000,2934.0000,2934.4000,2935.0000,2935.4000,2936.2000,1,3,3,1,1,2,1,2,1,1
SF,IH2006,2020-03-03 09:32:14.800,2933.4000,14247,0,310667400.000,1,0,1,多换,S,2932.4000,2932.2000,2931.8000,2930.4000,2929.2000,2933.6000,2934.0000,2934.4000,2935.0000,2935.4000,2,1,1,1,1,1,2,1,2,1
SF,IH2006,2020-03-03 09:32:15.300,2932.6000,14246,-1,312427260.000,2,0,2,多平,S,2932.4000,2932.2000,2931.8000,2930.4000,2929.2000,2934.0000,2934.4000,2935.0000,2935.4000,2936.2000,2,1,1,1,1,2,1,2,1,1
SF,IH2006,2020-03-03 09:32:15.800,2932.6000,14246,0,312427260.000,0,-,-,-,-,2932.4000,2932.2000,2931.8000,2930.4000,2929.2000,2933.6000,2933.8000,2934.0000,2934.4000,2935.0000,2,1,1,1,1,5,1,2,1,2
SF,IH2006,2020-03-03 09:32:16.300,2932.6000,14246,0,312427260.000,0,-,-,-,-,2932.6000,2932.4000,2932.2000,2931.8000,2930.4000,2933.6000,2934.0000,2934.4000,2935.0000,2935.4000,1,2,1,1,1,5,2,1,2,1
SF,IH2006,2020-03-03 09:32:16.800,2932.6000,14246,0,312427260.000,0,-,-,-,-,2932.8000,2932.6000,2932.2000,2931.8000,2930.4000,2933.6000,2934.0000,2934.4000,2935.0000,2935.4000,3,2,1,1,1,5,2,1,2,1
SF,IH2006,2020-03-03 09:32:17.300,2934.0000,14240,-6,317707860.000,6,0,6,双平,S,2933.8000,2933.6000,2932.8000,2932.6000,2932.2000,2934.0000,2934.4000,2935.0000,2935.4000,2936.2000,1,3,3,1,1,1,1,2,1,1
SF,IH2006,2020-03-03 09:32:17.800,2934.0000,14239,-1,318588060.000,1,0,1,双平,S,2934.2000,2934.0000,2933.8000,2933.6000,2932.8000,2935.0000,2935.4000,2936.2000,2936.6000,2936.8000,1,1,1,2,1,2,1,1,1,1
SF,IH2006,2020-03-03 09:32:18.300,2934.0000,14239,0,318588060.000,0,-,-,-,-,2934.2000,2934.0000,2933.8000,2933.6000,2932.8000,2935.0000,2935.4000,2936.0000,2936.2000,2936.6000,1,1,1,2,1,2,1,1,1,1
SF,IH2006,2020-03-03 09:32:18.800,2934.0000,14239,0,318588060.000,0,-,-,-,-,2934.2000,2934.0000,2933.8000,2933.6000,2932.8000,2935.0000,2935.4000,2936.0000,2936.2000,2936.6000,1,1,1,2,1,2,1,1,1,2
SF,IH2006,2020-03-03 09:32:20.800,2934.0000,14239,0,318588060.000,0,-,-,-,-,2934.2000,2934.0000,2933.8000,2933.6000,2932.8000,2935.0000,2935.4000,2936.0000,2936.2000,2936.6000,1,1,1,2,1,3,1,1,1,2
SF,IH2006,2020-03-03 09:32:21.300,2934.0000,14239,0,318588060.000,0,-,-,-,-,2934.4000,2934.2000,2934.0000,2933.8000,2933.6000,2935.0000,2935.4000,2936.0000,2936.2000,2936.6000,1,1,1,1,2,3,1,1,1,2
SF,IH2006,2020-03-03 09:32:21.800,2935.0000,14238,-1,321229560.000,3,1,2,多平,S,2934.4000,2934.2000,2934.0000,2933.8000,2933.6000,2935.4000,2936.0000,2936.2000,2936.6000,2936.8000,1,1,1,1,2,1,1,1,2,1
SF,IH2006,2020-03-03 09:32:22.300,2935.0000,14238,0,321229560.000,0,-,-,-,-,2934.4000,2934.2000,2934.0000,2933.8000,2933.6000,2935.4000,2936.0000,2936.2000,2936.6000,2936.8000,2,1,1,1,2,1,1,1,2,1
SF,IH2006,2020-03-03 09:32:22.800,2935.0000,14238,0,321229560.000,0,-,-,-,-,2934.4000,2934.2000,2934.0000,2933.8000,2933.6000,2935.2000,2935.4000,2936.0000,2936.2000,2936.6000,2,1,1,1,2,1,3,1,1,2
SF,IH2006,2020-03-03 09:32:23.300,2935.0000,14238,0,321229560.000,0,-,-,-,-,2935.2000,2934.4000,2934.2000,2933.8000,2933.6000,2935.4000,2936.0000,2936.2000,2936.6000,2936.8000,1,2,1,1,2,1,1,1,2,1
SF,IH2006,2020-03-03 09:32:23.800,2935.0000,14238,0,321229560.000,0,-,-,-,-,2934.4000,2934.2000,2933.8000,2933.6000,2932.8000,2935.2000,2935.4000,2936.0000,2936.2000,2936.6000,2,1,1,2,1,1,1,1,1,2
SF,IH2006,2020-03-03 09:32:24.300,2935.4000,14237,-1,322990740.000,2,0,2,多平,S,2935.4000,2934.4000,2934.2000,2933.8000,2933.6000,2936.0000,2936.2000,2936.6000,2936.8000,2937.4000,2,1,1,1,2,1,1,2,1,1
SF,IH2006,2020-03-03 09:32:24.800,2935.4000,14236,-1,323871360.000,1,0,1,双平,S,2935.4000,2934.6000,2934.4000,2934.2000,2933.8000,2936.2000,2936.6000,2936.8000,2937.4000,2937.6000,1,1,1,1,1,1,2,1,1,1
SF,IH2006,2020-03-03 09:32:25.300,2935.4000,14236,0,323871360.000,0,-,-,-,-,2935.4000,2934.6000,2934.4000,2934.2000,2933.8000,2936.2000,2936.6000,2936.8000,2937.4000,2937.6000,1,1,1,1,1,2,2,1,1,1
SF,IH2006,2020-03-03 09:32:25.800,2935.4000,14235,-1,324751980.000,1,0,1,双平,S,2934.6000,2934.2000,2933.8000,2933.6000,2932.8000,2936.2000,2936.6000,2936.8000,2937.4000,2937.6000,1,1,1,2,1,1,2,1,1,1
SF,IH2006,2020-03-03 09:32:26.300,2935.4000,14235,0,324751980.000,0,-,-,-,-,2934.8000,2934.6000,2934.2000,2933.8000,2933.6000,2936.2000,2936.6000,2936.8000,2937.4000,2937.6000,2,2,1,1,2,1,2,1,1,1
SF,IH2006,2020-03-03 09:32:26.800,2935.4000,14235,0,324751980.000,0,-,-,-,-,2935.0000,2934.8000,2934.6000,2934.2000,2933.8000,2936.2000,2936.6000,2936.8000,2937.4000,2937.6000,1,2,2,1,1,1,2,1,1,1
SF,IH2006,2020-03-03 09:32:27.300,2936.6000,14235,0,326513820.000,2,1,1,多换,S,2936.2000,2935.2000,2935.0000,2934.8000,2934.6000,2936.6000,2936.8000,2937.4000,2937.6000,2937.8000,1,3,2,2,1,1,1,1,1,1
SF,IH2006,2020-03-03 09:32:27.800,2936.2000,14235,0,327394680.000,1,0,1,多换,S,2935.4000,2935.2000,2935.0000,2934.2000,2931.8000,2936.6000,2936.8000,2937.4000,2937.6000,2937.8000,3,2,2,1,1,1,1,1,1,1
SF,IH2006,2020-03-03 09:32:28.300,2936.2000,14235,0,327394680.000,0,-,-,-,-,2935.4000,2935.2000,2935.0000,2934.2000,2931.8000,2936.6000,2936.8000,2937.4000,2937.6000,2937.8000,3,2,1,1,1,1,1,1,1,1
SF,IH2006,2020-03-03 09:32:28.800,2936.2000,14235,0,327394680.000,0,-,-,-,-,2936.2000,2935.6000,2935.4000,2935.2000,2935.0000,2936.4000,2936.6000,2936.8000,2937.4000,2937.6000,1,1,3,1,1,1,2,1,1,1
SF,IH2006,2020-03-03 09:32:29.300,2935.6000,14234,-1,329156220.000,2,0,2,多平,S,2935.4000,2935.2000,2935.0000,2934.2000,2931.8000,2936.2000,2936.6000,2937.4000,2937.6000,2937.8000,3,1,1,1,1,1,2,1,1,1
SF,IH2006,2020-03-03 09:32:29.800,2936.6000,14231,-3,331799040.000,3,0,3,双平,S,2936.6000,2935.4000,2935.2000,2935.0000,2934.2000,2937.4000,2937.6000,2937.8000,2938.2000,2938.4000,1,3,1,1,1,1,1,1,2,1
SF,IH2006,2020-03-03 09:32:30.300,2936.6000,14231,0,332680020.000,1,0,1,多换,S,2935.4000,2935.2000,2935.0000,2931.8000,2930.2000,2936.6000,2937.2000,2937.4000,2937.6000,2937.8000,3,1,1,1,1,2,1,2,2,1
SF,IH2006,2020-03-03 09:32:30.800,2936.6000,14231,0,332680020.000,0,-,-,-,-,2935.6000,2935.4000,2935.2000,2935.0000,2931.8000,2936.4000,2936.6000,2937.2000,2937.4000,2937.6000,1,3,1,1,1,1,2,1,1,2
SF,IH2006,2020-03-03 09:32:31.300,2936.6000,14231,0,332680020.000,0,-,-,-,-,2935.4000,2935.2000,2935.0000,2931.8000,2930.2000,2936.4000,2936.6000,2937.2000,2937.4000,2937.6000,3,1,1,1,1,1,2,1,1,2
SF,IH2006,2020-03-03 09:32:32.300,2936.6000,14231,0,332680020.000,0,-,-,-,-,2935.4000,2935.2000,2935.0000,2931.8000,2930.2000,2935.6000,2936.4000,2936.6000,2937.2000,2937.4000,3,1,1,1,1,1,1,3,1,1
SF,IH2006,2020-03-03 09:32:32.800,2935.6000,14231,0,333560700.000,1,0,1,多换,S,2935.8000,2935.6000,2935.4000,2935.2000,2935.0000,2936.6000,2937.2000,2937.4000,2937.6000,2937.8000,2,2,3,1,1,2,1,1,2,1
SF,IH2006,2020-03-03 09:32:33.300,2936.6000,14229,-2,335322660.000,2,0,2,双平,S,2936.6000,2935.8000,2935.6000,2935.4000,2935.2000,2937.2000,2937.4000,2937.6000,2937.8000,2938.0000,2,2,2,3,2,1,1,2,1,1
SF,IH2006,2020-03-03 09:32:33.800,2936.6000,14227,-2,337084620.000,2,0,2,双平,S,2935.8000,2935.6000,2935.4000,2935.2000,2935.0000,2936.6000,2937.2000,2937.4000,2937.6000,2937.8000,2,2,3,2,1,1,1,1,2,1
SF,IH2006,2020-03-03 09:32:34.300,2936.6000,14226,-1,337965600.000,1,0,1,双平,S,2935.8000,2935.6000,2935.4000,2935.2000,2935.0000,2936.0000,2937.2000,2937.4000,2937.6000,2937.8000,2,1,3,2,1,2,1,1,2,1
SF,IH2006,2020-03-03 09:32:34.800,2936.0000,14223,-3,340608000.000,3,0,3,双平,S,2936.0000,2935.8000,2935.6000,2935.4000,2935.2000,2937.2000,2937.4000,2937.6000,2937.8000,2938.0000,2,2,1,3,2,1,1,2,1,1
SF,IH2006,2020-03-03 09:32:35.300,2936.0000,14223,0,340608000.000,0,-,-,-,-,2936.6000,2936.0000,2935.8000,2935.6000,2935.4000,2937.0000,2937.2000,2937.4000,2937.6000,2937.8000,1,1,2,1,3,1,1,1,2,1
SF,IH2006,2020-03-03 09:32:36.300,2936.6000,14223,0,341488980.000,1,0,1,多换,S,2936.0000,2935.8000,2935.6000,2935.4000,2935.2000,2937.0000,2937.2000,2937.4000,2937.6000,2937.8000,1,2,1,3,2,1,1,1,2,1
SF,IH2006,2020-03-03 09:32:36.800,2936.6000,14223,0,341488980.000,0,-,-,-,-,2936.0000,2935.8000,2935.6000,2935.4000,2935.2000,2936.6000,2937.0000,2937.2000,2937.4000,2937.6000,1,2,1,3,2,1,1,1,1,2
SF,IH2006,2020-03-03 09:32:37.300,2936.6000,14222,-1,342369960.000,1,0,1,双平,S,2936.6000,2936.2000,2936.0000,2935.8000,2935.6000,2937.0000,2937.2000,2937.4000,2937.6000,2937.8000,1,1,1,2,1,1,1,1,2,1
SF,IH2006,2020-03-03 09:32:37.800,2936.6000,14222,0,342369960.000,0,-,-,-,-,2936.6000,2936.2000,2936.0000,2935.8000,2935.6000,2937.0000,2937.2000,2937.4000,2937.6000,2937.8000,1,1,1,2,1,1,1,1,1,1
SF,IH2006,2020-03-03 09:32:38.300,2937.0000,14222,0,343251060.000,1,0,1,多换,S,2936.6000,2936.2000,2936.0000,2935.8000,2935.6000,2937.2000,2937.4000,2937.6000,2937.8000,2938.0000,2,1,1,2,1,1,1,1,1,1
SF,IH2006,2020-03-03 09:32:38.800,2936.8000,14222,0,344132100.000,1,0,1,多换,S,2936.6000,2936.2000,2936.0000,2935.8000,2935.6000,2937.2000,2937.4000,2937.6000,2937.8000,2938.0000,1,1,1,2,1,1,1,1,1,1
SF,IH2006,2020-03-03 09:32:39.300,2936.6000,14223,1,345013080.000,1,1,0,双开,S,2936.2000,2936.0000,2935.8000,2935.6000,2935.2000,2937.2000,2937.4000,2937.6000,2937.8000,2938.0000,1,1,2,1,2,1,1,1,1,1
SF,IH2006,2020-03-03 09:32:39.800,2936.6000,14223,0,345013080.000,0,-,-,-,-,2936.4000,2936.2000,2936.0000,2935.8000,2935.6000,2937.2000,2937.4000,2937.6000,2937.8000,2938.0000,1,2,1,2,1,1,1,1,1,1
SF,IH2006,2020-03-03 09:32:40.300,2936.4000,14223,0,345894000.000,1,0,1,多换,S,2936.2000,2936.0000,2935.8000,2935.6000,2935.2000,2937.0000,2937.2000,2937.4000,2937.6000,2937.8000,1,1,2,1,2,1,1,1,1,1
SF,IH2006,2020-03-03 09:32:40.800,2937.2000,14222,-1,346775160.000,1,0,1,双平,S,2937.2000,2936.2000,2936.0000,2935.8000,2935.6000,2937.4000,2937.6000,2937.8000,2938.0000,2938.2000,2,1,1,2,1,1,1,1,1,2
SF,IH2006,2020-03-03 09:32:41.300,2937.2000,14220,-2,348537480.000,2,0,2,双平,S,2936.2000,2936.0000,2935.8000,2935.6000,2935.2000,2937.2000,2937.4000,2937.6000,2937.8000,2938.0000,1,1,2,1,2,4,1,1,1,2
SF,IH2006,2020-03-03 09:32:42.300,2937.2000,14220,0,348537480.000,0,-,-,-,-,2936.2000,2936.0000,2935.8000,2935.6000,2935.2000,2936.8000,2937.0000,2937.2000,2937.4000,2937.6000,1,1,2,1,2,1,4,4,1,1
SF,IH2006,2020-03-03 09:32:42.800,2937.2000,14220,0,348537480.000,0,-,-,-,-,2936.2000,2935.8000,2935.2000,2930.2000,2929.2000,2937.0000,2937.2000,2937.4000,2937.6000,2937.8000,1,2,2,1,1,2,3,1,1,1
SF,IH2006,2020-03-03 09:32:43.300,2937.2000,14220,0,348537480.000,0,-,-,-,-,2935.8000,2935.2000,2930.2000,2929.2000,2928.8000,2936.8000,2937.0000,2937.2000,2937.4000,2937.6000,2,2,1,1,1,2,2,3,1,1
SF,IH2006,2020-03-03 09:32:43.800,2936.8000,14218,-2,350299560.000,2,0,2,双平,S,2935.8000,2935.2000,2930.2000,2929.2000,2928.8000,2937.0000,2937.2000,2937.4000,2937.6000,2937.8000,2,2,1,1,1,2,2,1,1,1
SF,IH2006,2020-03-03 09:32:44.300,2937.0000,14218,0,351180660.000,1,0,1,多换,S,2936.8000,2936.0000,2935.8000,2935.2000,2930.2000,2937.0000,2937.2000,2937.4000,2937.6000,2937.8000,1,2,2,2,1,1,3,1,1,1
SF,IH2006,2020-03-03 09:32:44.800,2936.8000,14218,0,352942740.000,2,1,1,多换,S,2936.0000,2935.8000,2935.2000,2930.2000,2929.2000,2936.8000,2937.0000,2937.2000,2937.4000,2937.6000,2,2,2,1,1,1,1,3,1,1
SF,IH2006,2020-03-03 09:32:45.300,2936.0000,14216,-2,355585680.000,3,0,3,多平,S,2936.0000,2935.8000,2935.2000,2930.2000,2929.2000,2937.2000,2937.4000,2937.6000,2937.8000,2938.0000,1,2,2,1,1,4,1,1,1,2
SF,IH2006,2020-03-03 09:32:45.800,2936.0000,14216,0,355585680.000,0,-,-,-,-,2936.2000,2936.0000,2935.8000,2935.2000,2930.2000,2937.2000,2937.4000,2937.6000,2937.8000,2938.0000,3,2,2,2,1,4,1,1,1,2
SF,IH2006,2020-03-03 09:32:46.300,2936.0000,14216,0,355585680.000,0,-,-,-,-,2936.4000,2936.2000,2936.0000,2935.8000,2935.2000,2937.2000,2937.4000,2937.6000,2937.8000,2938.0000,1,3,1,2,2,2,1,1,1,2
SF,IH2006,2020-03-03 09:32:46.800,2936.4000,14211,-5,359990280.000,5,0,5,双平,S,2936.4000,2936.2000,2936.0000,2935.8000,2935.2000,2937.0000,2937.2000,2937.4000,2937.6000,2937.8000,1,1,1,2,2,1,2,1,1,1
SF,IH2006,2020-03-03 09:32:47.300,2936.4000,14210,-1,360871200.000,1,0,1,双平,S,2936.2000,2936.0000,2935.8000,2935.2000,2930.2000,2937.2000,2937.4000,2937.6000,2937.8000,2938.0000,1,1,2,2,1,2,1,1,1,2
SF,IH2006,2020-03-03 09:32:47.800,2936.2000,14209,-1,361752060.000,1,0,1,双平,S,2935.8000,2935.2000,2930.2000,2929.2000,2928.8000,2937.0000,2937.2000,2937.4000,2937.6000,2937.8000,2,2,1,1,1,2,2,1,1,1
SF,IH2006,2020-03-03 09:32:48.300,2936.2000,14209,0,361752060.000,0,-,-,-,-,2936.0000,2935.8000,2935.2000,2930.2000,2929.2000,2937.0000,2937.2000,2937.4000,2937.6000,2937.8000,2,2,2,1,1,1,2,2,1,1
SF,IH2006,2020-03-03 09:32:48.800,2936.2000,14209,0,361752060.000,0,-,-,-,-,2937.0000,2936.8000,2936.0000,2935.8000,2935.2000,2937.2000,2937.4000,2937.6000,2937.8000,2938.0000,7,1,2,2,2,2,2,1,1,2
SF,IH2006,2020-03-03 09:32:49.300,2936.8000,14202,-7,368800800.000,8,0,8,多平,S,2935.8000,2935.2000,2930.2000,2929.2000,2928.8000,2937.2000,2937.4000,2937.6000,2937.8000,2938.0000,2,2,1,1,1,2,2,1,1,2
SF,IH2006,2020-03-03 09:32:49.800,2936.8000,14202,0,368800800.000,0,-,-,-,-,2936.4000,2935.8000,2935.2000,2930.2000,2929.2000,2937.2000,2937.4000,2937.6000,2937.8000,2938.0000,1,2,2,1,1,2,2,1,1,2
SF,IH2006,2020-03-03 09:32:50.300,2937.2000,14201,-1,369681960.000,1,0,1,双平,S,2936.4000,2935.8000,2935.2000,2930.2000,2929.2000,2937.2000,2937.4000,2937.6000,2937.8000,2938.0000,1,2,2,1,1,1,1,1,1,2
SF,IH2006,2020-03-03 09:32:50.800,2937.6000,14199,-2,372325620.000,3,0,3,多平,S,2937.2000,2936.4000,2935.8000,2935.2000,2930.2000,2937.8000,2938.0000,2938.2000,2938.8000,2939.0000,1,1,2,2,1,1,2,2,2,3
SF,IH2006,2020-03-03 09:32:51.300,2937.6000,14199,0,372325620.000,0,-,-,-,-,2937.2000,2936.4000,2935.8000,2935.2000,2930.2000,2937.8000,2938.0000,2938.2000,2938.8000,2939.0000,1,1,2,2,1,1,2,2,2,3
SF,IH2006,2020-03-03 09:32:51.800,2937.6000,14200,1,373206900.000,1,1,0,双开,S,2936.4000,2935.8000,2935.2000,2930.2000,2929.2000,2937.8000,2938.0000,2938.2000,2938.8000,2939.0000,1,2,2,1,1,1,2,2,2,3
SF,IH2006,2020-03-03 09:32:52.300,2937.8000,14199,-1,374088240.000,1,0,1,双平,S,2936.4000,2935.8000,2935.2000,2930.2000,2929.2000,2937.8000,2938.0000,2938.2000,2938.8000,2939.0000,1,2,2,1,1,1,2,2,2,3
SF,IH2006,2020-03-03 09:32:52.800,2937.8000,14199,0,374969580.000,1,0,1,多换,S,2936.4000,2935.8000,2935.2000,2930.2000,2929.2000,2937.6000,2938.0000,2938.2000,2938.8000,2939.0000,1,2,2,1,1,4,2,2,2,3
SF,IH2006,2020-03-03 09:32:53.300,2937.6000,14199,0,376732200.000,2,1,1,多换,S,2936.4000,2935.8000,2935.2000,2930.2000,2929.2000,2937.6000,2938.0000,2938.2000,2938.8000,2939.0000,1,2,2,1,1,2,2,2,2,3
SF,IH2006,2020-03-03 09:32:54.300,2937.6000,14200,1,377613480.000,1,1,0,双开,S,2936.6000,2936.4000,2935.8000,2935.2000,2930.2000,2938.0000,2938.2000,2938.8000,2939.0000,2939.8000,1,1,2,2,1,2,2,2,3,1
SF,IH2006,2020-03-03 09:32:54.800,2937.8000,14200,0,378494820.000,1,0,1,多换,S,2937.6000,2936.8000,2936.4000,2936.0000,2935.8000,2938.0000,2938.2000,2938.8000,2939.0000,2939.8000,1,1,1,2,2,2,2,2,3,1
SF,IH2006,2020-03-03 09:32:55.300,2937.6000,14200,0,379376100.000,1,0,1,多换,S,2936.8000,2936.4000,2936.0000,2935.8000,2935.2000,2937.6000,2938.0000,2938.2000,2938.8000,2939.0000,1,1,2,2,1,2,2,2,2,3
SF,IH2006,2020-03-03 09:32:56.800,2937.6000,14200,0,380257380.000,1,0,1,多换,S,2936.8000,2936.4000,2936.0000,2935.8000,2935.2000,2937.6000,2938.0000,2938.2000,2938.8000,2939.0000,1,1,2,2,1,4,2,2,2,3
SF,IH2006,2020-03-03 09:32:57.300,2936.8000,14200,0,381138420.000,1,0,1,多换,S,2936.4000,2936.0000,2935.8000,2935.2000,2930.2000,2937.4000,2937.6000,2938.0000,2938.2000,2938.8000,1,2,2,1,1,1,2,2,2,2
SF,IH2006,2020-03-03 09:32:57.800,2936.8000,14200,0,381138420.000,0,-,-,-,-,2936.6000,2936.4000,2936.0000,2935.8000,2935.2000,2937.6000,2938.0000,2938.2000,2938.8000,2939.0000,2,1,2,2,1,2,2,2,2,3
SF,IH2006,2020-03-03 09:32:58.300,2936.8000,14200,0,381138420.000,0,-,-,-,-,2936.6000,2936.4000,2936.0000,2935.8000,2935.2000,2937.4000,2937.6000,2938.0000,2938.2000,2938.8000,2,1,2,2,1,1,2,2,2,2
SF,IH2006,2020-03-03 09:32:58.800,2936.6000,14199,-1,382900380.000,2,0,2,多平,S,2936.4000,2936.0000,2935.8000,2935.2000,2930.2000,2937.4000,2937.6000,2938.0000,2938.2000,2938.8000,1,2,2,1,1,1,2,2,2,2
SF,IH2006,2020-03-03 09:32:59.300,2936.4000,14198,-1,383781300.000,1,0,1,双平,S,2936.0000,2935.8000,2935.2000,2933.4000,2930.2000,2937.2000,2937.4000,2937.6000,2938.0000,2938.2000,2,2,1,1,1,1,1,1,2,2
SF,IH2006,2020-03-03 09:32:59.800,2936.4000,14198,0,383781300.000,0,-,-,-,-,2936.0000,2935.8000,2935.2000,2933.4000,2930.2000,2937.2000,2937.6000,2938.0000,2938.2000,2938.8000,2,2,1,1,1,2,1,2,2,2
SF,IH2006,2020-03-03 09:33:00.300,2936.4000,14198,0,383781300.000,0,-,-,-,-,2936.0000,2935.8000,2935.2000,2933.4000,2930.2000,2937.2000,2938.0000,2938.2000,2938.8000,2939.0000,2,2,1,1,1,2,2,2,2,3
SF,IH2006,2020-03-03 09:33:00.800,2936.4000,14198,0,383781300.000,0,-,-,-,-,2936.0000,2935.8000,2935.2000,2933.4000,2930.2000,2937.0000,2937.2000,2938.0000,2938.2000,2938.8000,2,2,1,1,1,4,2,2,2,2
SF,IH2006,2020-03-03 09:33:01.300,2936.8000,14198,0,384662340.000,1,0,1,多换,S,2936.0000,2935.8000,2935.2000,2933.4000,2930.2000,2936.8000,2937.0000,2937.2000,2938.0000,2938.2000,2,2,1,1,1,1,2,1,2,2
SF,IH2006,2020-03-03 09:33:01.800,2936.6000,14197,-1,388185840.000,4,1,3,多平,S,2935.8000,2935.2000,2933.4000,2930.2000,2929.2000,2936.6000,2936.8000,2937.0000,2938.0000,2938.2000,2,1,1,1,1,4,2,1,2,2
SF,IH2006,2020-03-03 09:33:02.300,2936.8000,14193,-4,392590860.000,5,0,5,多平,S,2936.0000,2935.8000,2935.2000,2933.4000,2930.2000,2937.0000,2938.0000,2938.2000,2938.8000,2939.0000,1,2,1,1,1,1,2,2,2,3
SF,IH2006,2020-03-03 09:33:02.800,2936.8000,14193,0,392590860.000,0,-,-,-,-,2936.0000,2935.8000,2935.2000,2933.4000,2930.2000,2937.0000,2938.0000,2938.2000,2938.8000,2939.0000,1,2,1,1,1,1,2,2,2,3
SF,IH2006,2020-03-03 09:33:03.300,2936.8000,14193,0,392590860.000,0,-,-,-,-,2936.2000,2936.0000,2935.8000,2935.2000,2933.4000,2937.0000,2938.0000,2938.2000,2938.8000,2939.0000,1,1,2,1,1,1,2,2,2,3
SF,IH2006,2020-03-03 09:33:03.800,2936.8000,14192,-1,393471900.000,1,0,1,双平,S,2937.0000,2936.2000,2936.0000,2935.8000,2935.2000,2938.0000,2938.2000,2938.8000,2939.0000,2939.8000,1,1,1,2,1,2,2,2,3,2
SF,IH2006,2020-03-03 09:33:04.300,2936.8000,14192,0,393471900.000,0,-,-,-,-,2937.0000,2936.2000,2936.0000,2935.8000,2935.2000,2938.0000,2938.2000,2938.8000,2939.0000,2939.8000,1,1,1,2,1,2,3,2,3,2
SF,IH2006,2020-03-03 09:33:04.800,2936.8000,14192,0,393471900.000,0,-,-,-,-,2935.8000,2935.2000,2933.4000,2930.2000,2928.8000,2938.0000,2938.2000,2938.8000,2939.0000,2939.8000,2,1,1,1,1,2,3,2,3,2
SF,IH2006,2020-03-03 09:33:05.300,2936.8000,14192,0,393471900.000,0,-,-,-,-,2936.2000,2936.0000,2935.8000,2935.2000,2933.4000,2937.8000,2938.0000,2938.2000,2938.8000,2939.0000,1,3,2,1,1,3,2,3,2,3
SF,IH2006,2020-03-03 09:33:05.800,2937.8000,14192,0,394353240.000,1,0,1,多换,S,2936.4000,2936.2000,2936.0000,2935.8000,2935.2000,2937.8000,2938.0000,2938.2000,2938.8000,2939.0000,2,1,2,2,1,2,2,3,2,3
SF,IH2006,2020-03-03 09:33:06.300,2937.8000,14193,1,395234580.000,1,1,0,双开,S,2936.4000,2936.2000,2936.0000,2935.8000,2935.2000,2938.0000,2938.2000,2938.8000,2939.0000,2939.8000,2,1,1,2,1,2,3,2,3,2
SF,IH2006,2020-03-03 09:33:07.800,2937.8000,14193,0,395234580.000,0,-,-,-,-,2936.4000,2936.2000,2936.0000,2935.8000,2935.2000,2937.8000,2938.0000,2938.2000,2938.8000,2939.0000,2,1,1,2,1,1,2,3,2,3
SF,IH2006,2020-03-03 09:33:08.300,2937.8000,14193,0,395234580.000,0,-,-,-,-,2936.4000,2936.0000,2935.8000,2935.2000,2933.4000,2937.6000,2937.8000,2938.0000,2938.2000,2938.8000,2,1,2,1,1,2,2,2,3,2
SF,IH2006,2020-03-03 09:33:08.800,2937.8000,14193,0,395234580.000,0,-,-,-,-,2936.4000,2936.0000,2935.8000,2935.2000,2933.4000,2937.6000,2937.8000,2938.0000,2938.2000,2938.8000,2,1,2,1,1,1,2,2,3,2
SF,IH2006,2020-03-03 09:33:09.300,2937.8000,14193,0,395234580.000,0,-,-,-,-,2936.4000,2936.0000,2935.8000,2935.2000,2933.4000,2937.6000,2937.8000,2938.0000,2938.2000,2938.8000,2,1,2,1,1,2,2,2,3,2
SF,IH2006,2020-03-03 09:33:09.800,2936.4000,14192,-1,396996420.000,2,0,2,多平,S,2936.0000,2935.8000,2935.2000,2933.4000,2930.2000,2937.4000,2937.6000,2937.8000,2938.0000,2938.2000,1,2,1,1,1,1,1,2,2,3
SF,IH2006,2020-03-03 09:33:10.300,2936.4000,14192,0,396996420.000,0,-,-,-,-,2936.0000,2935.8000,2935.2000,2933.4000,2930.2000,2937.4000,2937.6000,2937.8000,2938.0000,2938.2000,1,2,1,1,1,1,1,3,2,3
SF,IH2006,2020-03-03 09:33:10.800,2936.4000,14192,0,396996420.000,0,-,-,-,-,2935.8000,2935.2000,2933.4000,2930.2000,2928.8000,2937.2000,2937.4000,2937.8000,2938.0000,2938.2000,2,1,1,1,1,1,1,3,2,3
SF,IH2006,2020-03-03 09:33:11.300,2935.8000,14191,-1,397877160.000,1,0,1,双平,S,2935.2000,2933.4000,2930.2000,2928.8000,2928.0000,2937.2000,2937.4000,2937.8000,2938.0000,2938.2000,1,1,1,1,1,2,1,2,2,3
SF,IH2006,2020-03-03 09:33:11.800,2935.8000,14191,0,397877160.000,0,-,-,-,-,2933.4000,2930.2000,2928.8000,2928.0000,2926.0000,2937.0000,2937.2000,2937.4000,2937.6000,2937.8000,1,1,1,1,1,2,2,1,1,2
SF,IH2006,2020-03-03 09:33:12.300,2935.8000,14191,0,397877160.000,0,-,-,-,-,2935.2000,2934.4000,2934.2000,2934.0000,2933.8000,2936.4000,2936.8000,2937.0000,2937.4000,2937.6000,1,1,5,3,1,1,1,1,1,1
SF,IH2006,2020-03-03 09:33:12.800,2935.8000,14191,0,397877160.000,0,-,-,-,-,2934.0000,2933.8000,2933.6000,2933.4000,2930.2000,2936.8000,2937.6000,2937.8000,2938.0000,2938.2000,1,1,6,1,1,1,1,2,2,3
SF,IH2006,2020-03-03 09:33:13.300,2935.8000,14191,0,397877160.000,0,-,-,-,-,2934.6000,2934.2000,2934.0000,2933.8000,2933.6000,2936.8000,2937.6000,2937.8000,2938.0000,2938.2000,3,6,1,1,6,1,1,2,2,3
SF,IH2006,2020-03-03 09:33:13.800,2935.8000,14191,0,397877160.000,0,-,-,-,-,2934.8000,2934.6000,2934.2000,2934.0000,2933.8000,2936.8000,2937.6000,2937.8000,2938.0000,2938.2000,1,3,4,1,1,1,1,2,2,3
SF,IH2006,2020-03-03 09:33:14.300,2935.8000,14191,0,397877160.000,0,-,-,-,-,2935.0000,2934.8000,2934.2000,2934.0000,2933.8000,2936.6000,2936.8000,2937.6000,2937.8000,2938.0000,2,1,3,1,1,1,1,1,2,2
SF,IH2006,2020-03-03 09:33:14.800,2935.8000,14191,0,397877160.000,0,-,-,-,-,2935.2000,2935.0000,2934.2000,2934.0000,2933.8000,2936.8000,2937.6000,2937.8000,2938.0000,2938.2000,1,2,3,1,1,1,1,2,2,3
SF,IH2006,2020-03-03 09:33:15.300,2935.8000,14191,0,397877160.000,0,-,-,-,-,2935.4000,2935.2000,2935.0000,2934.2000,2934.0000,2936.6000,2936.8000,2937.6000,2937.8000,2938.0000,1,1,1,3,1,1,1,1,2,2
SF,IH2006,2020-03-03 09:33:15.800,2935.8000,14191,0,397877160.000,0,-,-,-,-,2935.4000,2935.2000,2935.0000,2934.2000,2934.0000,2936.8000,2937.6000,2937.8000,2938.0000,2938.2000,2,1,1,3,1,1,1,2,2,3
SF,IH2006,2020-03-03 09:33:16.300,2935.8000,14191,0,397877160.000,0,-,-,-,-,2935.6000,2935.4000,2935.2000,2935.0000,2934.2000,2936.8000,2937.6000,2937.8000,2938.0000,2938.2000,1,2,1,1,3,1,1,2,2,3
SF,IH2006,2020-03-03 09:33:16.800,2935.8000,14191,0,397877160.000,0,-,-,-,-,2935.8000,2935.4000,2935.2000,2934.2000,2934.0000,2936.8000,2937.6000,2937.8000,2938.0000,2938.2000,3,2,1,3,1,1,1,2,2,3
SF,IH2006,2020-03-03 09:33:17.300,2935.8000,14191,0,397877160.000,0,-,-,-,-,2935.8000,2935.4000,2935.2000,2934.2000,2934.0000,2936.8000,2937.6000,2937.8000,2938.0000,2938.2000,2,2,1,3,1,1,1,2,2,3
SF,IH2006,2020-03-03 09:33:18.300,2935.8000,14191,0,397877160.000,0,-,-,-,-,2935.8000,2935.4000,2935.2000,2934.2000,2934.0000,2936.0000,2936.8000,2937.6000,2937.8000,2938.0000,2,2,1,3,1,1,1,1,2,2
SF,IH2006,2020-03-03 09:33:18.800,2936.0000,14190,-1,398757960.000,1,0,1,双平,S,2936.0000,2935.8000,2935.4000,2935.2000,2934.2000,2936.8000,2937.6000,2937.8000,2938.0000,2938.2000,4,2,2,1,3,1,1,2,2,3
SF,IH2006,2020-03-03 09:33:19.300,2936.0000,14190,0,398757960.000,0,-,-,-,-,2936.0000,2935.2000,2934.2000,2934.0000,2933.8000,2936.8000,2937.6000,2937.8000,2938.0000,2938.2000,3,1,3,1,1,1,1,2,2,3
SF,IH2006,2020-03-03 09:33:19.800,2936.6000,14191,1,399638940.000,1,1,0,双开,S,2935.2000,2934.2000,2934.0000,2933.8000,2933.6000,2936.8000,2937.6000,2937.8000,2938.0000,2938.2000,1,3,1,1,2,1,1,2,2,3
SF,IH2006,2020-03-03 09:33:20.300,2936.6000,14191,0,399638940.000,0,-,-,-,-,2935.4000,2935.2000,2934.2000,2934.0000,2933.8000,2936.8000,2937.6000,2937.8000,2938.0000,2938.2000,1,1,3,1,2,1,1,2,2,3
SF,IH2006,2020-03-03 09:33:20.800,2936.8000,14191,0,400519980.000,1,0,1,多换,S,2935.6000,2935.2000,2934.2000,2934.0000,2933.8000,2937.6000,2937.8000,2938.0000,2938.2000,2938.8000,1,1,3,1,2,1,2,2,3,2
SF,IH2006,2020-03-03 09:33:21.300,2937.2000,14191,0,401401140.000,1,0,1,多换,S,2935.8000,2935.2000,2934.2000,2934.0000,2933.8000,2937.2000,2937.4000,2937.6000,2937.8000,2938.0000,2,1,3,1,2,1,3,2,2,2
SF,IH2006,2020-03-03 09:33:21.800,2937.2000,14191,0,401401140.000,0,-,-,-,-,2935.8000,2935.2000,2934.2000,2934.0000,2933.8000,2937.0000,2937.2000,2937.4000,2937.6000,2937.8000,2,1,3,1,2,1,1,2,2,2
SF,IH2006,2020-03-03 09:33:22.300,2937.2000,14191,0,402282300.000,1,0,1,多换,S,2935.2000,2934.2000,2933.8000,2933.4000,2930.2000,2936.8000,2937.0000,2937.2000,2937.4000,2937.6000,1,3,1,1,1,1,1,1,2,2
SF,IH2006,2020-03-03 09:33:22.800,2937.0000,14191,0,403163400.000,1,0,1,多换,S,2935.4000,2934.2000,2934.0000,2933.8000,2933.4000,2935.8000,2937.2000,2937.4000,2937.6000,2937.8000,2,3,2,1,1,1,1,2,2,2
SF,IH2006,2020-03-03 09:33:23.300,2935.8000,14190,-1,404044140.000,1,0,1,双平,S,2935.8000,2935.6000,2935.4000,2934.2000,2934.0000,2937.2000,2937.4000,2937.6000,2937.8000,2938.0000,2,1,1,3,2,1,1,2,2,2
SF,IH2006,2020-03-03 09:33:23.800,2935.8000,14190,0,404044140.000,0,-,-,-,-,2935.8000,2935.4000,2934.2000,2934.0000,2933.8000,2936.8000,2937.0000,2937.2000,2937.6000,2937.8000,2,1,3,2,1,1,1,1,2,2
SF,IH2006,2020-03-03 09:33:24.300,2935.8000,14190,0,404044140.000,0,-,-,-,-,2936.0000,2935.8000,2935.4000,2934.2000,2934.0000,2936.8000,2937.2000,2937.6000,2937.8000,2938.0000,1,2,1,3,2,1,1,2,2,2
SF,IH2006,2020-03-03 09:33:24.800,2935.8000,14190,0,404044140.000,0,-,-,-,-,2936.0000,2935.8000,2934.2000,2934.0000,2933.8000,2936.8000,2937.2000,2937.6000,2937.8000,2938.0000,1,2,3,2,1,1,1,2,2,2
SF,IH2006,2020-03-03 09:33:25.300,2935.8000,14190,0,404044140.000,0,-,-,-,-,2936.0000,2935.8000,2934.2000,2934.0000,2933.8000,2936.4000,2936.8000,2937.2000,2937.6000,2937.8000,1,2,3,2,1,1,2,1,2,2
SF,IH2006,2020-03-03 09:33:25.800,2936.8000,14187,-3,406687140.000,3,0,3,双平,S,2936.4000,2936.0000,2935.8000,2934.2000,2934.0000,2937.2000,2937.6000,2937.8000,2938.0000,2938.2000,2,1,1,3,2,1,2,2,2,3
SF,IH2006,2020-03-03 09:33:26.300,2936.8000,14187,0,406687140.000,0,-,-,-,-,2936.6000,2936.4000,2935.8000,2934.2000,2934.0000,2937.2000,2937.6000,2937.8000,2938.0000,2938.2000,1,2,1,3,2,1,2,2,2,3
SF,IH2006,2020-03-03 09:33:26.800,2937.2000,14187,0,407568300.000,1,0,1,多换,S,2936.6000,2936.4000,2935.8000,2934.2000,2934.0000,2937.6000,2937.8000,2938.0000,2938.2000,2938.8000,1,1,1,3,2,2,2,2,3,2
SF,IH2006,2020-03-03 09:33:27.300,2937.2000,14187,0,407568300.000,0,-,-,-,-,2936.6000,2936.4000,2935.8000,2934.2000,2934.0000,2937.0000,2937.6000,2937.8000,2938.0000,2938.2000,1,1,1,3,2,1,2,2,2,3
SF,IH2006,2020-03-03 09:33:27.800,2937.6000,14186,-1,409330680.000,2,0,2,多平,S,2937.0000,2936.8000,2936.6000,2936.4000,2935.8000,2937.8000,2938.0000,2938.2000,2938.8000,2939.0000,3,2,1,1,1,2,2,3,2,4
SF,IH2006,2020-03-03 09:33:28.300,2937.8000,14184,-2,411093360.000,2,0,2,双平,S,2937.2000,2937.0000,2936.4000,2935.8000,2934.2000,2938.0000,2938.2000,2938.8000,2939.0000,2939.8000,3,3,1,1,3,2,3,2,4,2
SF,IH2006,2020-03-03 09:33:28.800,2938.0000,14183,-1,411974760.000,1,0,1,双平,S,2937.4000,2937.2000,2937.0000,2936.4000,2935.8000,2938.0000,2938.2000,2938.8000,2939.0000,2939.8000,8,2,3,1,1,1,3,2,4,2
SF,IH2006,2020-03-03 09:33:29.300,2938.0000,14180,-3,416381880.000,5,1,4,多平,S,2938.0000,2937.6000,2937.4000,2937.2000,2937.0000,2938.2000,2938.8000,2939.0000,2939.8000,2940.0000,9,3,1,1,3,1,2,4,2,5
SF,IH2006,2020-03-03 09:33:29.800,2938.0000,14171,-9,425195940.000,10,0,10,多平,S,2937.6000,2937.4000,2937.2000,2937.0000,2935.8000,2938.8000,2939.0000,2939.8000,2940.0000,2941.0000,2,1,1,3,1,2,4,2,5,2
SF,IH2006,2020-03-03 09:33:30.300,2937.8000,14171,0,426077280.000,1,0,1,多换,S,2937.8000,2937.6000,2937.4000,2937.2000,2937.0000,2938.8000,2939.0000,2939.8000,2940.0000,2941.0000,2,2,1,1,3,2,4,2,5,2
SF,IH2006,2020-03-03 09:33:30.800,2937.8000,14170,-1,426958620.000,1,0,1,双平,S,2938.0000,2937.8000,2937.6000,2937.4000,2937.2000,2938.8000,2939.0000,2939.8000,2940.0000,2941.0000,1,2,1,1,1,2,4,2,5,2
SF,IH2006,2020-03-03 09:33:31.300,2937.8000,14169,-1,427839960.000,1,0,1,双平,S,2938.0000,2937.6000,2937.4000,2937.0000,2935.8000,2938.8000,2939.0000,2939.8000,2940.0000,2941.0000,1,1,1,3,1,2,4,2,5,2
SF,IH2006,2020-03-03 09:33:31.800,2937.8000,14169,0,427839960.000,0,-,-,-,-,2938.0000,2937.6000,2937.0000,2935.8000,2935.0000,2938.8000,2939.0000,2939.8000,2940.0000,2941.0000,2,1,3,1,2,2,4,2,5,2
SF,IH2006,2020-03-03 09:33:32.300,2937.8000,14169,0,427839960.000,0,-,-,-,-,2938.2000,2938.0000,2937.6000,2937.0000,2935.8000,2938.8000,2939.0000,2939.8000,2940.0000,2941.0000,1,2,1,3,1,2,4,2,5,2
SF,IH2006,2020-03-03 09:33:32.800,2938.2000,14167,-2,429602820.000,2,0,2,双平,S,2937.0000,2935.8000,2935.0000,2934.2000,2933.8000,2938.8000,2939.0000,2939.8000,2940.0000,2941.0000,3,1,2,3,1,2,4,2,5,2
SF,IH2006,2020-03-03 09:33:33.300,2938.2000,14167,0,429602820.000,0,-,-,-,-,2937.2000,2937.0000,2935.8000,2935.0000,2934.2000,2938.8000,2939.0000,2939.8000,2940.0000,2941.0000,4,2,1,2,3,2,4,2,5,2
SF,IH2006,2020-03-03 09:33:33.800,2938.2000,14167,0,429602820.000,0,-,-,-,-,2937.4000,2937.2000,2937.0000,2935.8000,2935.0000,2938.0000,2938.6000,2938.8000,2939.0000,2939.8000,3,4,2,1,2,1,1,2,4,2
SF,IH2006,2020-03-03 09:33:34.300,2938.0000,14166,-1,430484220.000,1,0,1,双平,S,2938.0000,2937.6000,2937.4000,2937.2000,2937.0000,2938.8000,2939.0000,2939.8000,2940.0000,2941.0000,2,1,2,2,2,2,4,2,5,2
SF,IH2006,2020-03-03 09:33:34.800,2938.0000,14166,0,430484220.000,0,-,-,-,-,2938.0000,2937.4000,2937.2000,2937.0000,2935.8000,2938.8000,2939.0000,2939.8000,2940.0000,2941.0000,2,2,1,2,1,2,4,2,5,2
SF,IH2006,2020-03-03 09:33:35.300,2938.0000,14165,-1,433128420.000,3,1,2,多平,S,2937.4000,2937.2000,2937.0000,2935.8000,2935.0000,2938.8000,2939.0000,2939.8000,2940.0000,2941.0000,1,1,2,1,2,2,4,2,5,2
SF,IH2006,2020-03-03 09:33:36.300,2938.0000,14165,0,433128420.000,0,-,-,-,-,2937.2000,2937.0000,2935.8000,2935.0000,2934.2000,2938.8000,2939.0000,2939.8000,2940.0000,2941.0000,1,2,1,2,3,2,4,2,5,2
SF,IH2006,2020-03-03 09:33:36.800,2938.0000,14165,0,433128420.000,0,-,-,-,-,2937.4000,2937.2000,2937.0000,2935.8000,2935.0000,2938.8000,2939.0000,2939.8000,2940.0000,2941.0000,1,2,2,1,2,2,4,2,5,2
SF,IH2006,2020-03-03 09:33:37.300,2938.0000,14165,0,433128420.000,0,-,-,-,-,2937.6000,2937.2000,2937.0000,2935.8000,2935.0000,2938.8000,2939.0000,2939.8000,2940.0000,2941.0000,1,1,2,1,2,2,4,2,5,2
SF,IH2006,2020-03-03 09:33:37.800,2938.0000,14165,0,433128420.000,0,-,-,-,-,2937.6000,2937.2000,2937.0000,2935.8000,2935.0000,2938.8000,2939.0000,2939.8000,2940.0000,2940.6000,1,1,2,1,2,2,4,2,5,1
SF,IH2006,2020-03-03 09:33:38.300,2938.0000,14165,0,433128420.000,0,-,-,-,-,2937.6000,2937.2000,2937.0000,2935.8000,2935.0000,2938.6000,2938.8000,2939.0000,2939.8000,2940.0000,1,1,2,1,2,1,2,4,2,5
SF,IH2006,2020-03-03 09:33:38.800,2938.0000,14165,0,433128420.000,0,-,-,-,-,2938.0000,2937.6000,2937.2000,2937.0000,2935.8000,2938.6000,2938.8000,2939.0000,2939.8000,2940.0000,2,1,1,2,1,2,2,4,2,5
SF,IH2006,2020-03-03 09:33:39.300,2937.6000,14163,-2,436654020.000,4,1,3,多平,S,2937.0000,2935.8000,2935.0000,2934.2000,2933.8000,2938.6000,2938.8000,2939.0000,2939.8000,2940.0000,2,1,2,3,1,1,2,4,2,5
SF,IH2006,2020-03-03 09:33:39.800,2937.6000,14163,0,436654020.000,0,-,-,-,-,2937.2000,2937.0000,2935.8000,2935.0000,2934.2000,2938.4000,2938.6000,2938.8000,2939.0000,2939.8000,1,2,1,2,3,1,1,2,4,2
SF,IH2006,2020-03-03 09:33:40.300,2938.4000,14163,0,437535540.000,1,0,1,多换,S,2937.4000,2937.0000,2935.8000,2935.0000,2934.2000,2938.4000,2938.6000,2938.8000,2939.0000,2939.8000,1,2,1,2,3,1,1,2,4,2
SF,IH2006,2020-03-03 09:33:41.300,2938.4000,14162,-1,438417060.000,1,0,1,双平,S,2937.4000,2937.0000,2935.8000,2935.0000,2934.2000,2938.8000,2939.0000,2939.8000,2940.0000,2940.6000,1,2,1,2,3,2,4,2,5,1
SF,IH2006,2020-03-03 09:33:41.800,2938.4000,14162,0,438417060.000,0,-,-,-,-,2937.6000,2937.4000,2937.0000,2935.8000,2935.0000,2938.8000,2939.0000,2939.8000,2940.0000,2940.6000,1,2,2,1,2,2,4,2,5,1
SF,IH2006,2020-03-03 09:33:42.300,2938.4000,14162,0,438417060.000,0,-,-,-,-,2937.8000,2937.6000,2937.4000,2937.0000,2935.8000,2938.8000,2939.0000,2939.8000,2940.0000,2940.6000,1,1,2,2,1,2,4,2,5,1
SF,IH2006,2020-03-03 09:33:42.800,2938.4000,14162,0,438417060.000,0,-,-,-,-,2937.8000,2937.6000,2937.4000,2937.0000,2935.8000,2938.8000,2939.0000,2939.8000,2940.0000,2940.6000,2,1,2,2,1,2,4,2,5,1
SF,IH2006,2020-03-03 09:33:43.300,2939.0000,14157,-5,443707140.000,6,0,6,多平,S,2937.8000,2937.4000,2937.0000,2935.8000,2935.0000,2939.8000,2940.0000,2940.6000,2941.0000,2943.0000,1,2,2,1,2,2,5,1,2,1
SF,IH2006,2020-03-03 09:33:43.800,2939.0000,14157,0,443707140.000,0,-,-,-,-,2938.8000,2938.0000,2937.8000,2937.0000,2935.8000,2939.6000,2939.8000,2940.0000,2940.6000,2941.0000,1,5,2,2,1,1,2,5,1,2
SF,IH2006,2020-03-03 09:33:44.300,2939.6000,14156,-1,444589020.000,1,0,1,双平,S,2938.8000,2938.4000,2938.0000,2937.8000,2935.8000,2939.8000,2940.0000,2940.6000,2941.0000,2943.0000,1,1,2,2,1,2,5,1,2,1
SF,IH2006,2020-03-03 09:33:44.800,2939.8000,14155,-1,445470960.000,1,0,1,双平,S,2939.0000,2938.8000,2938.4000,2938.0000,2937.8000,2939.8000,2940.0000,2940.6000,2941.0000,2943.0000,3,2,1,2,1,1,5,1,2,1
SF,IH2006,2020-03-03 09:33:45.300,2939.8000,14155,0,446352900.000,1,0,1,多换,S,2939.8000,2939.2000,2938.8000,2938.4000,2938.0000,2940.0000,2940.6000,2941.0000,2943.0000,2945.0000,1,2,1,1,1,5,1,2,1,8
SF,IH2006,2020-03-03 09:33:45.800,2940.0000,14153,-2,448116900.000,2,0,2,双平,S,2939.2000,2939.0000,2938.8000,2938.4000,2938.0000,2940.0000,2940.6000,2941.0000,2943.0000,2945.0000,2,1,1,1,2,3,1,2,1,8
SF,IH2006,2020-03-03 09:33:46.300,2940.6000,14151,-2,453408840.000,6,2,4,多平,S,2940.0000,2939.4000,2939.2000,2939.0000,2938.8000,2941.0000,2943.0000,2945.0000,2945.6000,2946.0000,8,5,2,1,2,2,1,8,1,1
SF,IH2006,2020-03-03 09:33:46.800,2940.0000,14145,-6,459583140.000,7,0,7,多平,S,2940.0000,2939.8000,2939.4000,2939.2000,2939.0000,2941.0000,2943.0000,2945.0000,2945.6000,2946.0000,2,1,5,2,1,1,1,8,1,1
SF,IH2006,2020-03-03 09:33:47.300,2939.8000,14143,-2,462229080.000,3,0,3,多平,S,2940.2000,2939.4000,2939.2000,2939.0000,2938.8000,2940.8000,2941.0000,2943.0000,2945.0000,2945.6000,2,1,1,1,1,1,1,1,8,1
SF,IH2006,2020-03-03 09:33:47.800,2940.2000,14141,-2,465757080.000,4,1,3,多平,S,2940.0000,2939.2000,2939.0000,2938.8000,2938.4000,2940.8000,2941.0000,2943.0000,2945.0000,2945.6000,1,1,1,1,1,1,1,1,8,1
SF,IH2006,2020-03-03 09:33:48.300,2940.2000,14141,0,465757080.000,0,-,-,-,-,2940.0000,2939.0000,2938.8000,2938.4000,2938.0000,2941.0000,2943.0000,2945.0000,2945.6000,2946.0000,2,1,1,1,2,1,1,8,1,1
SF,IH2006,2020-03-03 09:33:50.300,2940.2000,14141,0,465757080.000,0,-,-,-,-,2940.0000,2939.0000,2938.8000,2938.4000,2938.0000,2941.0000,2943.0000,2945.0000,2945.6000,2946.0000,3,1,1,1,2,1,1,8,1,1
SF,IH2006,2020-03-03 09:33:50.800,2940.2000,14141,0,465757080.000,0,-,-,-,-,2940.0000,2939.0000,2938.8000,2938.4000,2938.0000,2941.0000,2943.0000,2945.0000,2945.6000,2946.0000,2,1,1,1,2,1,1,8,1,1
SF,IH2006,2020-03-03 09:33:51.300,2940.2000,14141,0,465757080.000,0,-,-,-,-,2940.4000,2940.0000,2939.0000,2938.8000,2938.4000,2941.0000,2943.0000,2945.0000,2945.6000,2946.0000,1,2,1,1,1,1,1,8,1,1
SF,IH2006,2020-03-03 09:33:51.800,2940.0000,14142,1,467521200.000,2,1,1,空开,S,2940.0000,2939.0000,2938.8000,2938.4000,2938.0000,2941.0000,2943.0000,2945.0000,2945.6000,2946.0000,1,1,1,1,2,1,1,8,1,1
SF,IH2006,2020-03-03 09:33:53.300,2941.0000,14141,-1,468403500.000,1,0,1,双平,S,2940.0000,2939.0000,2938.8000,2938.4000,2938.0000,2943.0000,2945.0000,2945.6000,2946.0000,2948.0000,1,1,1,1,2,1,8,1,1,2
SF,IH2006,2020-03-03 09:33:53.800,2941.0000,14141,0,468403500.000,0,-,-,-,-,2940.2000,2940.0000,2939.0000,2938.8000,2938.4000,2942.4000,2942.8000,2943.0000,2945.0000,2945.6000,2,1,1,1,1,1,3,2,8,1
SF,IH2006,2020-03-03 09:33:54.300,2941.0000,14141,0,468403500.000,0,-,-,-,-,2940.4000,2940.2000,2940.0000,2939.0000,2938.8000,2942.2000,2942.4000,2942.8000,2943.0000,2945.0000,1,2,1,1,1,1,1,2,2,8
SF,IH2006,2020-03-03 09:33:54.800,2941.0000,14141,0,468403500.000,0,-,-,-,-,2940.6000,2940.4000,2940.0000,2939.0000,2938.8000,2942.2000,2942.8000,2943.0000,2945.0000,2945.6000,4,1,1,1,1,1,1,2,8,1
SF,IH2006,2020-03-03 09:33:55.300,2941.0000,14141,0,468403500.000,0,-,-,-,-,2942.2000,2940.8000,2940.6000,2940.4000,2940.0000,2943.0000,2945.0000,2945.6000,2946.0000,2948.0000,4,3,2,1,1,1,8,1,1,2
SF,IH2006,2020-03-03 09:33:55.800,2942.8000,14141,0,475465500.000,8,4,4,多换,S,2940.6000,2940.0000,2939.0000,2938.8000,2938.4000,2942.8000,2943.0000,2945.0000,2945.6000,2946.0000,2,1,1,2,1,1,1,8,1,1
SF,IH2006,2020-03-03 09:33:56.300,2942.8000,14141,0,475465500.000,0,-,-,-,-,2940.8000,2940.6000,2940.0000,2939.0000,2938.8000,2942.8000,2943.0000,2945.0000,2945.6000,2946.0000,1,2,1,1,2,1,1,8,1,1
SF,IH2006,2020-03-03 09:33:56.800,2942.8000,14141,0,475465500.000,0,-,-,-,-,2941.0000,2940.8000,2940.0000,2939.0000,2938.8000,2943.0000,2945.0000,2945.6000,2946.0000,2948.0000,4,2,1,1,2,1,3,1,1,2
SF,IH2006,2020-03-03 09:33:57.300,2942.8000,14141,0,475465500.000,0,-,-,-,-,2941.2000,2941.0000,2940.8000,2940.0000,2939.0000,2943.0000,2945.0000,2945.6000,2946.0000,2948.0000,3,2,1,2,1,1,3,1,1,2
SF,IH2006,2020-03-03 09:33:57.800,2942.8000,14141,0,475465500.000,0,-,-,-,-,2941.4000,2941.2000,2940.8000,2940.0000,2939.0000,2943.0000,2945.0000,2945.6000,2946.0000,2948.0000,4,1,1,2,1,1,3,1,1,2
SF,IH2006,2020-03-03 09:33:58.300,2942.8000,14141,0,475465500.000,0,-,-,-,-,2941.6000,2941.4000,2941.2000,2940.0000,2939.0000,2943.0000,2945.0000,2945.6000,2946.0000,2948.0000,3,2,1,2,1,1,3,1,1,2
SF,IH2006,2020-03-03 09:33:58.800,2942.8000,14141,0,475465500.000,0,-,-,-,-,2941.8000,2941.6000,2941.4000,2941.2000,2940.0000,2943.0000,2945.0000,2945.6000,2946.0000,2948.0000,2,3,1,1,2,1,3,1,1,2
SF,IH2006,2020-03-03 09:33:59.300,2943.0000,14140,-1,476348400.000,1,0,1,双平,S,2943.0000,2942.0000,2941.8000,2941.6000,2941.4000,2945.0000,2945.6000,2946.0000,2948.0000,2948.8000,13,1,2,1,1,3,1,1,2,5
SF,IH2006,2020-03-03 09:33:59.800,2943.0000,14139,-1,477231300.000,1,0,1,双平,S,2943.0000,2941.8000,2940.0000,2939.8000,2939.0000,2944.2000,2944.4000,2944.6000,2944.8000,2945.0000,13,2,2,1,1,1,1,1,4,4
SF,IH2006,2020-03-03 09:34:00.300,2943.0000,14139,0,477231300.000,0,-,-,-,-,2943.2000,2943.0000,2941.8000,2940.0000,2939.8000,2944.0000,2944.2000,2944.4000,2944.6000,2944.8000,1,13,2,2,1,2,1,1,1,2
SF,IH2006,2020-03-03 09:34:00.800,2943.0000,14138,-1,478997160.000,2,0,2,多平,S,2943.0000,2941.8000,2940.0000,2939.8000,2939.0000,2944.0000,2944.4000,2944.6000,2944.8000,2945.0000,13,2,2,1,1,1,1,1,3,4
SF,IH2006,2020-03-03 09:34:01.300,2943.0000,14138,0,478997160.000,0,-,-,-,-,2943.0000,2941.8000,2940.0000,2939.8000,2939.0000,2944.0000,2944.4000,2944.6000,2944.8000,2945.0000,13,2,2,1,1,2,1,1,3,4
SF,IH2006,2020-03-03 09:34:01.800,2943.0000,14138,0,478997160.000,0,-,-,-,-,2943.0000,2941.8000,2940.0000,2939.8000,2939.0000,2944.0000,2944.4000,2944.6000,2944.8000,2945.0000,13,1,2,1,1,1,1,1,3,3
SF,IH2006,2020-03-03 09:34:02.300,2943.0000,14132,-6,485177460.000,7,0,7,多平,S,2943.0000,2941.8000,2940.0000,2939.8000,2939.0000,2943.8000,2944.0000,2944.4000,2944.6000,2944.8000,7,1,2,1,1,1,2,1,1,3
SF,IH2006,2020-03-03 09:34:02.800,2943.0000,14127,-5,491357760.000,7,1,6,多平,S,2940.0000,2939.8000,2939.0000,2938.8000,2938.4000,2943.6000,2944.4000,2944.6000,2944.8000,2945.0000,2,1,1,2,1,2,1,1,3,3
SF,IH2006,2020-03-03 09:34:03.300,2943.0000,14127,0,491357760.000,0,-,-,-,-,2941.0000,2940.8000,2940.6000,2940.2000,2940.0000,2943.4000,2943.6000,2944.4000,2944.6000,2944.8000,2,2,1,5,5,4,1,1,1,2
SF,IH2006,2020-03-03 09:34:03.800,2943.0000,14127,0,491357760.000,0,-,-,-,-,2941.2000,2940.2000,2940.0000,2939.8000,2939.0000,2943.0000,2943.2000,2943.4000,2944.4000,2944.8000,2,3,2,1,1,1,3,4,1,1
SF,IH2006,2020-03-03 09:34:04.300,2943.0000,14127,0,491357760.000,0,-,-,-,-,2940.2000,2940.0000,2939.8000,2939.0000,2938.8000,2941.8000,2942.6000,2942.8000,2943.0000,2943.2000,3,2,1,1,2,1,1,5,2,1
SF,IH2006,2020-03-03 09:34:04.800,2942.6000,14127,0,494005620.000,3,1,2,多换,S,2940.4000,2940.0000,2939.8000,2939.0000,2938.8000,2942.6000,2942.8000,2943.0000,2943.2000,2944.4000,3,1,1,1,2,1,3,2,1,1
SF,IH2006,2020-03-03 09:34:05.300,2942.6000,14127,0,494005620.000,0,-,-,-,-,2940.6000,2940.4000,2940.0000,2939.8000,2939.0000,2942.4000,2942.6000,2942.8000,2943.0000,2943.2000,1,2,1,1,1,3,1,1,2,1
SF,IH2006,2020-03-03 09:34:05.800,2942.6000,14127,0,494005620.000,0,-,-,-,-,2940.8000,2940.6000,2940.4000,2940.0000,2939.8000,2942.4000,2942.6000,2942.8000,2943.0000,2943.2000,3,2,1,1,1,3,1,1,2,1
SF,IH2006,2020-03-03 09:34:06.300,2942.6000,14127,0,494005620.000,0,-,-,-,-,2940.8000,2940.6000,2940.4000,2940.0000,2939.8000,2942.4000,2942.8000,2943.0000,2943.2000,2944.4000,3,2,1,1,1,3,1,2,1,1
SF,IH2006,2020-03-03 09:34:06.800,2942.6000,14127,0,494005620.000,0,-,-,-,-,2940.8000,2940.6000,2940.4000,2940.0000,2939.8000,2942.4000,2942.8000,2943.0000,2943.2000,2944.0000,3,2,1,2,1,2,1,2,1,1
SF,IH2006,2020-03-03 09:34:07.300,2942.6000,14127,0,494005620.000,0,-,-,-,-,2941.0000,2940.8000,2940.4000,2940.0000,2939.8000,2942.4000,2943.0000,2943.2000,2944.0000,2944.4000,2,3,1,2,1,2,3,1,1,1
SF,IH2006,2020-03-03 09:34:07.800,2942.6000,14127,0,494005620.000,0,-,-,-,-,2941.2000,2941.0000,2940.8000,2940.0000,2939.8000,2942.4000,2944.0000,2944.4000,2945.0000,2945.2000,2,2,1,2,1,2,1,1,4,1
SF,IH2006,2020-03-03 09:34:08.300,2942.6000,14127,0,494005620.000,0,-,-,-,-,2941.4000,2941.2000,2941.0000,2940.8000,2940.0000,2944.0000,2944.4000,2945.0000,2945.2000,2945.6000,2,2,2,1,2,1,1,3,1,1
SF,IH2006,2020-03-03 09:34:08.800,2942.6000,14127,0,494005620.000,0,-,-,-,-,2941.6000,2941.0000,2940.0000,2939.8000,2939.0000,2943.8000,2944.0000,2944.4000,2945.0000,2945.2000,1,2,2,1,1,4,1,1,3,1
SF,IH2006,2020-03-03 09:34:09.300,2942.6000,14127,0,494005620.000,0,-,-,-,-,2941.8000,2941.6000,2941.0000,2940.0000,2939.8000,2943.8000,2944.0000,2944.4000,2945.0000,2945.2000,1,1,2,2,1,5,1,1,3,1
SF,IH2006,2020-03-03 09:34:09.800,2942.6000,14127,0,494005620.000,0,-,-,-,-,2942.2000,2941.8000,2941.6000,2941.0000,2940.0000,2943.4000,2943.6000,2943.8000,2944.0000,2944.4000,1,2,1,1,2,1,1,5,1,1
SF,IH2006,2020-03-03 09:34:10.300,2942.2000,14125,-2,495770940.000,2,0,2,双平,S,2941.8000,2941.6000,2941.0000,2940.0000,2939.8000,2943.4000,2943.6000,2943.8000,2944.0000,2944.4000,1,1,1,2,1,1,2,5,1,1
SF,IH2006,2020-03-03 09:34:10.800,2942.2000,14125,0,495770940.000,0,-,-,-,-,2942.0000,2941.8000,2941.6000,2940.0000,2939.8000,2942.2000,2943.0000,2943.2000,2943.4000,2943.6000,1,1,1,2,1,1,1,1,1,1
SF,IH2006,2020-03-03 09:34:11.300,2942.2000,14124,-1,496653600.000,1,0,1,双平,S,2942.2000,2941.8000,2941.6000,2940.0000,2939.8000,2943.0000,2943.2000,2943.6000,2943.8000,2944.0000,2,1,1,2,1,1,1,1,3,1
SF,IH2006,2020-03-03 09:34:11.800,2942.2000,14124,0,496653600.000,0,-,-,-,-,2942.2000,2941.8000,2941.6000,2940.0000,2939.8000,2943.0000,2943.2000,2943.6000,2943.8000,2944.0000,1,1,1,2,1,1,1,1,3,1
SF,IH2006,2020-03-03 09:34:12.300,2942.4000,14124,0,497536320.000,1,0,1,多换,S,2942.2000,2941.8000,2941.6000,2940.0000,2939.8000,2943.2000,2943.6000,2943.8000,2944.0000,2944.4000,1,1,1,2,1,1,1,2,1,1
SF,IH2006,2020-03-03 09:34:12.800,2942.4000,14124,0,497536320.000,0,-,-,-,-,2942.4000,2942.2000,2941.8000,2941.6000,2940.0000,2943.2000,2943.8000,2944.0000,2944.4000,2945.0000,2,1,1,1,2,1,1,1,1,3
SF,IH2006,2020-03-03 09:34:13.300,2942.4000,14124,0,497536320.000,0,-,-,-,-,2942.4000,2942.2000,2941.6000,2940.0000,2939.8000,2943.0000,2943.2000,2943.8000,2944.0000,2944.4000,2,1,1,2,1,1,1,1,1,1
SF,IH2006,2020-03-03 09:34:13.800,2942.2000,14124,0,499301880.000,2,1,1,多换,S,2941.6000,2940.0000,2939.8000,2939.0000,2938.8000,2943.8000,2944.0000,2944.4000,2945.0000,2945.2000,1,2,1,1,2,1,1,1,3,1
SF,IH2006,2020-03-03 09:34:14.300,2942.2000,14124,0,499301880.000,0,-,-,-,-,2943.0000,2941.8000,2941.6000,2940.0000,2939.8000,2943.6000,2943.8000,2944.0000,2944.4000,2945.0000,1,1,1,2,1,1,1,1,1,3
SF,IH2006,2020-03-03 09:34:14.800,2942.8000,14124,0,501950100.000,3,1,2,多换,S,2940.0000,2939.8000,2939.0000,2938.8000,2938.4000,2943.0000,2943.6000,2944.0000,2944.4000,2945.0000,2,1,1,2,1,6,1,1,1,3
SF,IH2006,2020-03-03 09:34:15.300,2943.0000,14123,-1,503715840.000,2,0,2,多平,S,2941.0000,2940.6000,2940.2000,2940.0000,2939.8000,2943.0000,2944.0000,2944.4000,2945.0000,2945.2000,1,1,9,8,1,7,1,1,3,1
SF,IH2006,2020-03-03 09:34:15.800,2943.0000,14116,-7,509896140.000,7,0,7,双平,S,2943.0000,2941.4000,2941.2000,2941.0000,2940.6000,2944.0000,2944.4000,2945.0000,2945.2000,2945.6000,1,1,11,3,1,1,1,3,1,1
SF,IH2006,2020-03-03 09:34:16.300,2943.0000,14116,0,509896140.000,0,-,-,-,-,2943.2000,2943.0000,2941.4000,2941.2000,2941.0000,2944.0000,2944.4000,2945.0000,2945.2000,2945.6000,1,1,1,7,3,1,1,3,1,1
SF,IH2006,2020-03-03 09:34:16.800,2943.0000,14116,0,509896140.000,0,-,-,-,-,2943.0000,2941.2000,2941.0000,2940.6000,2940.2000,2944.0000,2944.4000,2945.0000,2945.2000,2945.6000,1,6,1,1,3,1,1,3,1,1
SF,IH2006,2020-03-03 09:34:17.300,2943.0000,14116,0,509896140.000,0,-,-,-,-,2943.0000,2941.6000,2941.2000,2940.6000,2940.2000,2943.8000,2944.0000,2944.4000,2945.0000,2945.2000,1,1,6,1,3,1,1,1,3,1
SF,IH2006,2020-03-03 09:34:17.800,2943.0000,14116,0,509896140.000,0,-,-,-,-,2943.2000,2943.0000,2941.6000,2941.2000,2940.6000,2943.8000,2944.0000,2944.4000,2945.0000,2945.2000,1,1,1,6,1,1,1,1,3,1
SF,IH2006,2020-03-03 09:34:18.300,2943.8000,14115,-1,510779280.000,1,0,1,双平,S,2943.0000,2941.2000,2940.6000,2940.2000,2940.0000,2944.0000,2944.4000,2945.0000,2945.2000,2945.6000,1,6,1,3,6,1,1,3,1,1
SF,IH2006,2020-03-03 09:34:18.800,2943.2000,14115,0,511662240.000,1,0,1,多换,S,2943.2000,2943.0000,2941.2000,2940.6000,2940.2000,2944.0000,2944.4000,2945.0000,2945.2000,2945.6000,1,1,6,1,3,1,1,3,1,1
SF,IH2006,2020-03-03 09:34:19.300,2943.2000,14115,0,511662240.000,0,-,-,-,-,2943.4000,2943.0000,2941.2000,2940.6000,2940.2000,2944.0000,2944.4000,2945.0000,2945.2000,2945.6000,1,1,6,1,3,1,1,3,1,1
SF,IH2006,2020-03-03 09:34:19.800,2944.0000,14116,1,512545440.000,1,1,0,双开,S,2943.0000,2941.2000,2940.6000,2940.2000,2940.0000,2945.0000,2945.2000,2945.6000,2946.0000,2948.0000,1,6,1,3,5,3,1,1,1,3
SF,IH2006,2020-03-03 09:34:20.300,2944.0000,14116,0,512545440.000,0,-,-,-,-,2943.2000,2943.0000,2941.2000,2940.6000,2940.2000,2944.8000,2945.0000,2945.2000,2945.6000,2946.0000,4,1,4,1,3,1,3,1,1,1
SF,IH2006,2020-03-03 09:34:21.300,2944.0000,14116,0,512545440.000,0,-,-,-,-,2944.4000,2943.6000,2943.2000,2943.0000,2941.2000,2944.6000,2944.8000,2945.0000,2945.2000,2945.6000,1,1,3,1,4,1,1,3,1,1
SF,IH2006,2020-03-03 09:34:21.800,2944.4000,14116,0,513428760.000,1,0,1,多换,S,2943.2000,2943.0000,2941.2000,2940.6000,2940.2000,2944.4000,2944.8000,2945.0000,2945.2000,2945.6000,2,1,4,1,3,3,1,3,1,1
SF,IH2006,2020-03-03 09:34:22.300,2943.2000,14115,-1,515194740.000,2,0,2,多平,S,2943.0000,2941.2000,2940.6000,2940.2000,2940.0000,2943.2000,2944.4000,2944.8000,2945.0000,2945.2000,1,4,1,3,5,2,1,1,3,1
SF,IH2006,2020-03-03 09:34:22.800,2943.2000,14113,-2,516960660.000,2,0,2,双平,S,2944.0000,2943.6000,2943.2000,2943.0000,2941.2000,2944.4000,2944.8000,2945.0000,2945.2000,2945.6000,1,1,2,1,4,1,1,3,1,1
SF,IH2006,2020-03-03 09:34:23.300,2944.0000,14113,0,517843860.000,1,0,1,多换,S,2943.2000,2943.0000,2941.2000,2940.6000,2940.2000,2944.4000,2944.8000,2945.0000,2945.2000,2945.6000,2,1,4,1,3,1,1,3,1,1
SF,IH2006,2020-03-03 09:34:23.800,2944.0000,14113,0,517843860.000,0,-,-,-,-,2943.2000,2943.0000,2941.2000,2940.6000,2940.2000,2944.4000,2944.8000,2945.0000,2945.2000,2945.6000,2,1,4,1,3,2,1,3,1,1
SF,IH2006,2020-03-03 09:34:24.300,2944.0000,14113,0,517843860.000,0,-,-,-,-,2943.2000,2943.0000,2941.2000,2940.6000,2940.2000,2944.4000,2944.8000,2945.0000,2945.2000,2945.6000,2,1,4,1,3,1,1,3,1,1
SF,IH2006,2020-03-03 09:34:24.800,2944.0000,14113,0,517843860.000,0,-,-,-,-,2943.2000,2943.0000,2941.2000,2940.6000,2940.2000,2944.2000,2944.4000,2944.8000,2945.0000,2945.2000,2,1,4,1,3,1,2,1,3,1
SF,IH2006,2020-03-03 09:34:25.300,2944.0000,14113,0,517843860.000,0,-,-,-,-,2943.2000,2943.0000,2941.2000,2940.6000,2940.2000,2944.4000,2944.8000,2945.0000,2945.2000,2945.6000,2,1,4,1,3,1,1,3,1,1
SF,IH2006,2020-03-03 09:34:25.800,2944.0000,14113,0,517843860.000,0,-,-,-,-,2943.4000,2943.2000,2943.0000,2941.2000,2940.6000,2944.0000,2944.4000,2944.8000,2945.0000,2945.2000,2,2,1,3,1,1,1,1,3,1
SF,IH2006,2020-03-03 09:34:26.300,2943.4000,14111,-2,520493100.000,3,0,3,多平,S,2943.2000,2943.0000,2941.2000,2940.6000,2940.2000,2944.4000,2944.8000,2945.0000,2945.2000,2945.6000,2,1,3,1,3,1,1,3,1,1
SF,IH2006,2020-03-03 09:34:26.800,2943.4000,14111,0,520493100.000,0,-,-,-,-,2943.2000,2943.0000,2941.2000,2940.6000,2940.2000,2944.2000,2944.4000,2945.0000,2945.2000,2945.6000,2,2,3,1,3,3,1,3,1,1
SF,IH2006,2020-03-03 09:34:27.300,2943.2000,14111,0,521376060.000,1,0,1,多换,S,2943.2000,2943.0000,2941.2000,2940.6000,2940.2000,2944.2000,2944.4000,2944.6000,2945.0000,2945.2000,1,2,3,1,3,3,1,1,3,1
SF,IH2006,2020-03-03 09:34:27.800,2943.2000,14111,0,521376060.000,0,-,-,-,-,2943.0000,2941.2000,2940.6000,2940.2000,2940.0000,2944.0000,2944.2000,2944.4000,2944.6000,2945.0000,2,3,1,3,5,1,2,1,1,3
SF,IH2006,2020-03-03 09:34:28.300,2943.2000,14111,0,521376060.000,0,-,-,-,-,2943.0000,2941.2000,2940.6000,2940.2000,2940.0000,2944.0000,2944.2000,2944.4000,2944.6000,2945.0000,2,3,1,3,5,2,1,1,1,3
