市场代码,合约代码,时间,最新,持仓,增仓,成交额,成交量,开仓,平仓,成交类型,方向,买一价,买二价,买三价,买四价,买五价,卖一价,卖二价,卖三价,卖四价,卖五价,买一量,买二量,买三量,买四量,买五量,卖一量,卖二量,卖三量,卖四量,卖五量
SF,IH2010,2020-08-24 09:29:00.300,3272.2000,0,0,0.000,0.000,-,-,-,-,3298.4000,3286.2000,3280.0000,3202.2000,3166.6000,3308.8000,3320.8000,3347.8000,3393.0000,3498.0000,2,1,2,1,3,1,1,3,2,1
SF,IH2010,2020-08-24 09:30:00.300,3272.2000,0,0,0.000,0,-,-,-,-,3298.4000,3286.2000,3280.0000,3266.8000,3202.2000,3308.8000,3320.8000,3347.8000,3393.0000,3458.8000,2,1,2,1,1,1,1,3,2,1
SF,IH2010,2020-08-24 09:30:00.800,3272.2000,0,0,0.000,0,-,-,-,-,3298.6000,3286.2000,3280.0000,3266.8000,3202.2000,3308.6000,3308.8000,3347.8000,3393.0000,3458.8000,1,1,2,1,1,1,1,3,2,1
SF,IH2010,2020-08-24 09:30:01.300,3272.2000,0,0,0.000,0,-,-,-,-,3298.6000,3286.2000,3280.0000,3266.8000,3202.2000,3308.8000,3347.8000,3393.0000,3458.8000,3498.0000,1,1,2,1,1,1,3,2,1,1
SF,IH2010,2020-08-24 09:30:01.800,3272.2000,0,0,0.000,0,-,-,-,-,3298.6000,3280.0000,3202.2000,3166.6000,3148.4000,3308.8000,3347.8000,3393.0000,3458.8000,3498.0000,1,2,1,3,1,1,3,2,1,1
SF,IH2010,2020-08-24 09:30:02.300,3272.2000,0,0,0.000,0,-,-,-,-,3298.6000,3280.0000,3202.2000,3166.6000,3148.4000,3308.8000,3347.8000,3393.0000,3458.8000,3498.0000,1,2,1,3,1,1,3,2,1,1
SF,IH2010,2020-08-24 09:30:02.800,3272.2000,0,0,0.000,0,-,-,-,-,3308.6000,3298.6000,3280.0000,3202.2000,3166.6000,3308.8000,3393.0000,3458.8000,3498.0000,3501.4000,5,1,2,1,3,1,2,1,1,3
SF,IH2010,2020-08-24 09:30:03.300,3308.6000,2,2,1985220.000,2,2,0,双开,S,3308.6000,3298.6000,3280.0000,3202.2000,3166.6000,3393.0000,3458.8000,3498.0000,3501.4000,3567.0000,4,1,2,1,3,2,1,1,3,1
SF,IH2010,2020-08-24 09:30:03.800,3308.6000,6,4,5955540.000,4,4,0,双开,S,3280.0000,3202.2000,3166.6000,3148.4000,3068.4000,3392.8000,3393.0000,3498.0000,3501.4000,3543.0000,2,1,3,1,2,1,4,1,3,1
SF,IH2010,2020-08-24 09:30:04.300,3308.6000,6,0,5955540.000,0,-,-,-,-,3280.2000,3280.0000,3249.6000,3202.2000,3166.6000,3392.8000,3393.0000,3498.0000,3501.4000,3543.0000,2,2,1,1,3,5,2,1,3,1
SF,IH2010,2020-08-24 09:30:04.800,3308.6000,6,0,5955540.000,0,-,-,-,-,3280.2000,3280.0000,3202.2000,3166.6000,3148.4000,3392.8000,3393.0000,3498.0000,3501.4000,3543.0000,2,2,1,3,1,5,2,1,3,1
SF,IH2010,2020-08-24 09:30:05.300,3308.6000,6,0,5955540.000,0,-,-,-,-,3291.4000,3280.2000,3280.0000,3202.2000,3166.6000,3392.8000,3393.0000,3498.0000,3501.4000,3543.0000,1,2,2,1,3,5,2,1,3,1
SF,IH2010,2020-08-24 09:30:05.800,3308.6000,6,0,5955540.000,0,-,-,-,-,3291.6000,3291.4000,3280.2000,3280.0000,3202.2000,3392.8000,3393.0000,3498.0000,3501.4000,3543.0000,1,1,1,2,1,5,2,1,3,1
SF,IH2010,2020-08-24 09:30:08.800,3308.6000,6,0,5955540.000,0,-,-,-,-,3297.2000,3291.6000,3291.4000,3280.2000,3280.0000,3392.8000,3393.0000,3498.0000,3501.4000,3543.0000,1,1,1,1,2,5,2,1,3,1
SF,IH2010,2020-08-24 09:30:09.300,3308.6000,6,0,5955540.000,0,-,-,-,-,3297.2000,3291.4000,3280.2000,3280.0000,3202.2000,3392.8000,3393.0000,3498.0000,3501.4000,3543.0000,1,1,1,2,1,6,2,1,3,1
SF,IH2010,2020-08-24 09:30:09.800,3308.6000,6,0,5955540.000,0,-,-,-,-,3297.2000,3291.4000,3280.2000,3280.0000,3202.2000,3392.8000,3393.0000,3498.0000,3501.4000,3543.0000,1,1,1,2,1,5,2,1,3,1
SF,IH2010,2020-08-24 09:30:10.300,3308.6000,6,0,5955540.000,0,-,-,-,-,3297.2000,3291.4000,3280.2000,3280.0000,3202.2000,3392.6000,3392.8000,3393.0000,3498.0000,3501.4000,1,1,1,2,1,1,6,2,1,3
SF,IH2010,2020-08-24 09:30:10.800,3308.6000,6,0,5955540.000,0,-,-,-,-,3291.4000,3280.2000,3280.0000,3202.2000,3166.6000,3392.6000,3392.8000,3393.0000,3498.0000,3501.4000,1,1,2,1,3,3,3,2,1,3
SF,IH2010,2020-08-24 09:30:11.300,3308.6000,6,0,5955540.000,0,-,-,-,-,3291.6000,3280.2000,3280.0000,3202.2000,3166.6000,3313.8000,3392.4000,3392.6000,3392.8000,3393.0000,1,1,2,1,3,1,1,2,1,2
SF,IH2010,2020-08-24 09:30:11.800,3308.6000,6,0,5955540.000,0,-,-,-,-,3291.6000,3280.2000,3280.0000,3202.2000,3166.6000,3313.6000,3313.8000,3322.0000,3392.4000,3392.6000,1,1,2,1,3,1,1,1,1,2
SF,IH2010,2020-08-24 09:30:12.300,3308.6000,6,0,5955540.000,0,-,-,-,-,3291.6000,3280.2000,3280.0000,3202.2000,3166.6000,3312.2000,3313.6000,3313.8000,3322.0000,3392.4000,1,1,2,1,3,1,1,1,1,3
SF,IH2010,2020-08-24 09:30:12.800,3308.6000,6,0,5955540.000,0,-,-,-,-,3291.6000,3280.2000,3280.0000,3202.2000,3166.6000,3312.0000,3312.2000,3322.0000,3392.4000,3392.6000,1,1,2,1,3,1,1,1,1,1
SF,IH2010,2020-08-24 09:30:13.300,3308.6000,6,0,5955540.000,0,-,-,-,-,3291.6000,3280.2000,3280.0000,3202.2000,3166.6000,3311.4000,3312.0000,3312.2000,3322.0000,3392.4000,1,1,2,1,3,1,1,1,1,1
SF,IH2010,2020-08-24 09:30:13.800,3308.6000,6,0,5955540.000,0,-,-,-,-,3291.6000,3280.2000,3280.0000,3202.2000,3166.6000,3311.2000,3311.4000,3311.8000,3312.0000,3312.2000,1,1,2,1,3,1,1,2,1,1
SF,IH2010,2020-08-24 09:30:14.300,3308.6000,6,0,5955540.000,0,-,-,-,-,3291.6000,3280.2000,3280.0000,3202.2000,3166.6000,3311.2000,3311.4000,3311.8000,3312.2000,3322.0000,1,1,2,1,3,1,1,1,1,1
SF,IH2010,2020-08-24 09:30:14.800,3308.6000,6,0,5955540.000,0,-,-,-,-,3291.6000,3280.2000,3280.0000,3202.2000,3166.6000,3310.8000,3311.2000,3311.4000,3312.2000,3322.0000,1,1,2,1,3,1,1,1,1,1
SF,IH2010,2020-08-24 09:30:15.300,3308.6000,6,0,5955540.000,0,-,-,-,-,3280.2000,3280.0000,3202.2000,3166.6000,3148.4000,3310.6000,3310.8000,3311.0000,3311.2000,3311.4000,1,2,1,3,1,1,1,2,1,1
SF,IH2010,2020-08-24 09:30:15.800,3308.6000,6,0,5955540.000,0,-,-,-,-,3291.8000,3280.2000,3280.0000,3202.2000,3166.6000,3310.6000,3310.8000,3311.0000,3311.2000,3311.4000,1,1,2,1,3,2,1,1,1,1
SF,IH2010,2020-08-24 09:30:16.300,3308.6000,6,0,5955540.000,0,-,-,-,-,3291.8000,3280.2000,3280.0000,3202.2000,3166.6000,3309.4000,3310.6000,3310.8000,3311.2000,3322.0000,1,1,2,1,3,2,1,1,1,1
SF,IH2010,2020-08-24 09:30:16.800,3308.6000,6,0,5955540.000,0,-,-,-,-,3292.0000,3291.8000,3280.2000,3280.0000,3202.2000,3309.2000,3309.4000,3322.0000,3392.4000,3392.6000,1,1,1,2,1,1,2,1,1,1
SF,IH2010,2020-08-24 09:30:17.300,3308.6000,6,0,5955540.000,0,-,-,-,-,3296.8000,3292.0000,3291.8000,3280.2000,3280.0000,3309.2000,3309.4000,3322.0000,3392.4000,3392.6000,1,1,1,1,2,1,2,1,1,1
SF,IH2010,2020-08-24 09:30:17.800,3308.6000,6,0,5955540.000,0,-,-,-,-,3296.8000,3292.0000,3280.2000,3280.0000,3202.2000,3309.2000,3309.4000,3322.0000,3392.4000,3392.6000,1,1,1,2,1,1,2,1,1,1
SF,IH2010,2020-08-24 09:30:18.300,3308.6000,6,0,5955540.000,0,-,-,-,-,3296.8000,3292.0000,3280.2000,3280.0000,3202.2000,3309.2000,3309.4000,3322.0000,3392.4000,3392.6000,1,1,1,2,1,1,2,1,1,1
SF,IH2010,2020-08-24 09:30:18.800,3308.6000,6,0,5955540.000,0,-,-,-,-,3296.8000,3292.0000,3280.2000,3280.0000,3202.2000,3308.6000,3309.2000,3322.0000,3392.4000,3392.6000,1,1,1,2,1,2,1,1,1,1
SF,IH2010,2020-08-24 09:30:19.300,3308.6000,6,0,5955540.000,0,-,-,-,-,3296.8000,3292.0000,3280.2000,3280.0000,3202.2000,3308.4000,3309.2000,3322.0000,3392.4000,3392.6000,1,1,1,2,1,1,1,1,1,1
SF,IH2010,2020-08-24 09:30:19.800,3308.6000,6,0,5955540.000,0,-,-,-,-,3296.8000,3292.0000,3280.2000,3280.0000,3202.2000,3308.4000,3322.0000,3392.4000,3392.6000,3393.0000,1,1,1,2,1,1,1,1,1,2
SF,IH2010,2020-08-24 09:30:20.300,3308.6000,6,0,5955540.000,0,-,-,-,-,3296.8000,3292.0000,3280.2000,3280.0000,3202.2000,3308.4000,3322.0000,3392.4000,3392.6000,3393.0000,1,1,1,2,1,1,1,1,1,2
SF,IH2010,2020-08-24 09:30:20.800,3308.6000,6,0,5955540.000,0,-,-,-,-,3297.6000,3296.8000,3292.0000,3280.2000,3280.0000,3308.4000,3322.0000,3392.4000,3392.6000,3393.0000,1,1,1,1,2,1,1,1,1,2
SF,IH2010,2020-08-24 09:30:21.300,3308.6000,6,0,5955540.000,0,-,-,-,-,3297.6000,3296.8000,3292.0000,3280.2000,3280.0000,3308.2000,3308.4000,3322.0000,3392.4000,3392.6000,1,1,1,1,2,1,1,1,1,1
SF,IH2010,2020-08-24 09:30:21.800,3308.6000,6,0,5955540.000,0,-,-,-,-,3297.6000,3296.8000,3292.0000,3280.2000,3280.0000,3308.2000,3308.4000,3322.0000,3361.0000,3392.4000,1,1,1,1,2,2,1,1,1,1
SF,IH2010,2020-08-24 09:30:22.300,3308.6000,6,0,5955540.000,0,-,-,-,-,3297.6000,3296.8000,3292.0000,3280.2000,3280.0000,3308.2000,3308.4000,3322.0000,3361.0000,3392.4000,1,1,1,1,2,2,1,1,1,1
SF,IH2010,2020-08-24 09:30:22.800,3308.6000,6,0,5955540.000,0,-,-,-,-,3297.6000,3296.8000,3292.0000,3280.2000,3280.0000,3308.2000,3308.4000,3322.0000,3361.0000,3392.4000,1,1,1,1,2,2,1,1,1,1
SF,IH2010,2020-08-24 09:30:23.300,3308.6000,6,0,5955540.000,0,-,-,-,-,3296.8000,3292.0000,3280.2000,3280.0000,3202.2000,3308.2000,3308.4000,3322.0000,3361.0000,3392.4000,1,1,1,2,1,2,1,1,1,1
SF,IH2010,2020-08-24 09:30:23.800,3308.6000,6,0,5955540.000,0,-,-,-,-,3296.8000,3292.0000,3280.2000,3280.0000,3202.2000,3307.8000,3308.2000,3308.4000,3322.0000,3361.0000,1,1,1,2,1,1,1,1,1,1
SF,IH2010,2020-08-24 09:30:24.300,3308.6000,6,0,5955540.000,0,-,-,-,-,3296.8000,3292.0000,3280.2000,3280.0000,3202.2000,3307.6000,3307.8000,3308.2000,3308.4000,3322.0000,1,1,1,2,1,1,2,1,1,1
SF,IH2010,2020-08-24 09:30:24.800,3308.6000,6,0,5955540.000,0,-,-,-,-,3297.0000,3296.8000,3292.0000,3280.2000,3280.0000,3307.6000,3307.8000,3308.2000,3322.0000,3361.0000,1,1,1,1,2,1,2,1,1,1
SF,IH2010,2020-08-24 09:30:25.300,3308.6000,6,0,5955540.000,0,-,-,-,-,3297.0000,3296.8000,3292.0000,3280.2000,3280.0000,3307.6000,3307.8000,3308.2000,3322.0000,3361.0000,1,1,1,1,2,1,1,1,1,1
SF,IH2010,2020-08-24 09:30:25.800,3308.6000,6,0,5955540.000,0,-,-,-,-,3297.6000,3297.0000,3296.8000,3292.0000,3280.2000,3307.6000,3307.8000,3322.0000,3361.0000,3392.4000,1,1,1,1,1,1,1,1,1,1
SF,IH2010,2020-08-24 09:30:26.800,3308.6000,6,0,5955540.000,0,-,-,-,-,3297.6000,3297.0000,3296.8000,3292.0000,3280.2000,3307.6000,3322.0000,3361.0000,3392.4000,3392.6000,1,1,1,1,1,1,1,1,1,1
SF,IH2010,2020-08-24 09:30:28.300,3308.6000,6,0,5955540.000,0,-,-,-,-,3297.6000,3296.8000,3292.0000,3280.2000,3280.0000,3307.6000,3322.0000,3361.0000,3392.4000,3392.6000,1,1,1,1,2,1,1,1,1,1
SF,IH2010,2020-08-24 09:30:28.800,3308.6000,6,0,5955540.000,0,-,-,-,-,3298.0000,3297.6000,3296.8000,3292.0000,3280.2000,3307.6000,3322.0000,3361.0000,3392.4000,3392.6000,1,1,1,1,1,1,1,1,1,1
SF,IH2010,2020-08-24 09:30:29.300,3308.6000,6,0,5955540.000,0,-,-,-,-,3298.0000,3297.6000,3296.8000,3292.0000,3280.2000,3322.0000,3361.0000,3392.4000,3392.6000,3393.0000,1,1,1,1,1,1,1,1,1,2
SF,IH2010,2020-08-24 09:30:29.800,3308.6000,6,0,5955540.000,0,-,-,-,-,3298.2000,3298.0000,3297.6000,3296.8000,3292.0000,3321.8000,3322.0000,3361.0000,3392.4000,3393.0000,1,1,1,1,1,1,2,1,1,2
SF,IH2010,2020-08-24 09:30:30.300,3308.6000,6,0,5955540.000,0,-,-,-,-,3298.2000,3298.0000,3296.8000,3280.2000,3280.0000,3321.8000,3322.0000,3361.0000,3392.4000,3393.0000,2,1,1,1,1,3,1,1,1,2
SF,IH2010,2020-08-24 09:30:30.800,3308.6000,6,0,5955540.000,0,-,-,-,-,3298.6000,3298.2000,3298.0000,3296.8000,3280.2000,3321.8000,3322.0000,3361.0000,3392.4000,3393.0000,1,1,1,1,1,3,1,1,1,2
SF,IH2010,2020-08-24 09:30:31.300,3308.6000,6,0,5955540.000,0,-,-,-,-,3299.6000,3299.0000,3298.0000,3296.8000,3280.2000,3321.6000,3321.8000,3322.0000,3361.0000,3392.4000,1,1,1,1,1,1,3,1,1,1
SF,IH2010,2020-08-24 09:30:31.800,3308.6000,6,0,5955540.000,0,-,-,-,-,3299.6000,3299.0000,3296.8000,3280.2000,3280.0000,3321.6000,3321.8000,3322.0000,3361.0000,3392.4000,1,1,1,1,1,2,2,1,1,1
SF,IH2010,2020-08-24 09:30:32.300,3308.6000,6,0,5955540.000,0,-,-,-,-,3300.0000,3299.6000,3296.8000,3280.2000,3280.0000,3318.8000,3321.6000,3321.8000,3322.0000,3361.0000,1,1,1,1,1,1,2,1,1,1
SF,IH2010,2020-08-24 09:30:32.800,3308.6000,6,0,5955540.000,0,-,-,-,-,3300.0000,3299.6000,3296.8000,3280.2000,3280.0000,3316.0000,3318.6000,3318.8000,3321.6000,3322.0000,1,1,1,1,1,1,1,2,1,1
SF,IH2010,2020-08-24 09:30:33.300,3308.6000,6,0,5955540.000,0,-,-,-,-,3300.0000,3299.6000,3296.8000,3280.2000,3280.0000,3315.8000,3316.0000,3318.6000,3318.8000,3321.6000,1,1,1,1,1,1,2,2,1,1
SF,IH2010,2020-08-24 09:30:33.800,3308.6000,6,0,5955540.000,0,-,-,-,-,3300.0000,3299.6000,3296.8000,3280.2000,3280.0000,3315.8000,3316.0000,3318.8000,3321.6000,3322.0000,1,1,1,1,1,1,1,1,1,1
SF,IH2010,2020-08-24 09:30:34.300,3308.6000,6,0,5955540.000,0,-,-,-,-,3300.0000,3296.8000,3280.2000,3280.0000,3202.2000,3315.8000,3316.0000,3318.8000,3321.6000,3322.0000,1,1,1,1,1,1,1,1,1,1
SF,IH2010,2020-08-24 09:30:34.800,3308.6000,6,0,5955540.000,0,-,-,-,-,3300.0000,3296.8000,3280.2000,3280.0000,3202.2000,3315.6000,3315.8000,3316.0000,3321.6000,3322.0000,1,1,1,1,1,2,2,1,1,1
SF,IH2010,2020-08-24 09:30:35.300,3308.6000,6,0,5955540.000,0,-,-,-,-,3300.0000,3296.8000,3280.2000,3280.0000,3202.2000,3315.0000,3315.6000,3315.8000,3316.0000,3321.6000,1,1,1,1,1,1,3,1,1,1
SF,IH2010,2020-08-24 09:30:35.800,3308.6000,6,0,5955540.000,0,-,-,-,-,3300.0000,3296.8000,3280.2000,3280.0000,3202.2000,3313.6000,3314.8000,3315.0000,3316.0000,3321.6000,1,1,1,1,1,1,1,2,1,1
SF,IH2010,2020-08-24 09:30:36.300,3308.6000,6,0,5955540.000,0,-,-,-,-,3300.0000,3296.8000,3280.2000,3280.0000,3202.2000,3313.4000,3313.6000,3315.0000,3316.0000,3321.6000,1,1,1,1,1,1,2,1,1,1
SF,IH2010,2020-08-24 09:30:36.800,3308.6000,6,0,5955540.000,0,-,-,-,-,3300.0000,3296.8000,3280.2000,3280.0000,3202.2000,3313.4000,3313.6000,3315.0000,3316.0000,3321.6000,1,1,1,1,1,4,1,1,1,1
SF,IH2010,2020-08-24 09:30:37.300,3308.6000,6,0,5955540.000,0,-,-,-,-,3296.8000,3280.2000,3280.0000,3202.2000,3166.6000,3312.4000,3313.4000,3313.6000,3316.0000,3321.6000,1,1,1,1,3,1,3,1,1,1
SF,IH2010,2020-08-24 09:30:37.800,3308.6000,6,0,5955540.000,0,-,-,-,-,3296.8000,3280.2000,3280.0000,3202.2000,3166.6000,3312.2000,3312.4000,3313.4000,3316.0000,3321.6000,1,1,1,1,3,1,2,2,1,1
SF,IH2010,2020-08-24 09:30:38.300,3308.6000,6,0,5955540.000,0,-,-,-,-,3296.8000,3280.2000,3280.0000,3202.2000,3166.6000,3312.2000,3312.4000,3313.4000,3316.0000,3321.6000,1,1,1,1,3,1,2,1,1,1
SF,IH2010,2020-08-24 09:30:38.800,3308.6000,6,0,5955540.000,0,-,-,-,-,3297.6000,3296.8000,3280.2000,3280.0000,3202.2000,3310.4000,3312.2000,3313.4000,3316.0000,3321.6000,1,1,1,1,1,1,1,1,1,1
SF,IH2010,2020-08-24 09:30:39.300,3308.6000,6,0,5955540.000,0,-,-,-,-,3297.6000,3296.8000,3280.2000,3280.0000,3202.2000,3310.2000,3310.4000,3312.0000,3313.4000,3316.0000,1,1,1,1,1,1,1,1,1,1
SF,IH2010,2020-08-24 09:30:39.800,3308.6000,6,0,5955540.000,0,-,-,-,-,3297.6000,3296.8000,3280.2000,3280.0000,3202.2000,3310.2000,3310.4000,3312.0000,3313.4000,3316.0000,1,1,1,1,1,1,1,1,1,1
SF,IH2010,2020-08-24 09:30:40.300,3308.6000,6,0,5955540.000,0,-,-,-,-,3297.6000,3296.8000,3280.2000,3280.0000,3202.2000,3310.2000,3310.4000,3312.0000,3313.4000,3316.0000,1,1,1,1,1,1,1,1,1,1
SF,IH2010,2020-08-24 09:30:40.800,3308.6000,6,0,5955540.000,0,-,-,-,-,3297.6000,3296.8000,3280.2000,3280.0000,3202.2000,3310.2000,3313.4000,3316.0000,3321.6000,3322.0000,1,1,1,1,1,1,1,1,1,1
SF,IH2010,2020-08-24 09:30:41.300,3308.6000,6,0,5955540.000,0,-,-,-,-,3297.8000,3297.6000,3296.8000,3280.2000,3280.0000,3310.2000,3313.4000,3316.0000,3321.6000,3322.0000,1,1,1,1,1,1,1,1,1,1
SF,IH2010,2020-08-24 09:30:41.800,3308.6000,6,0,5955540.000,0,-,-,-,-,3300.6000,3297.6000,3280.2000,3280.0000,3202.2000,3310.2000,3313.4000,3316.0000,3321.6000,3322.0000,1,1,1,1,1,1,1,1,1,1
SF,IH2010,2020-08-24 09:30:42.300,3308.6000,6,0,5955540.000,0,-,-,-,-,3300.6000,3298.0000,3297.6000,3280.2000,3280.0000,3310.2000,3313.4000,3316.0000,3321.6000,3322.0000,1,1,1,1,1,1,1,1,1,1
SF,IH2010,2020-08-24 09:30:42.800,3308.6000,6,0,5955540.000,0,-,-,-,-,3300.8000,3300.6000,3298.0000,3297.6000,3280.2000,3310.2000,3316.0000,3321.6000,3322.0000,3361.0000,1,1,1,1,1,1,1,1,1,1
SF,IH2010,2020-08-24 09:30:43.300,3308.6000,6,0,5955540.000,0,-,-,-,-,3300.8000,3300.6000,3298.0000,3280.2000,3280.0000,3310.2000,3316.0000,3321.6000,3322.0000,3361.0000,1,1,1,1,1,1,1,1,1,1
SF,IH2010,2020-08-24 09:30:43.800,3308.6000,6,0,5955540.000,0,-,-,-,-,3301.0000,3300.6000,3298.0000,3280.2000,3280.0000,3316.0000,3322.0000,3361.0000,3392.4000,3393.0000,2,1,1,1,1,1,1,1,1,2
SF,IH2010,2020-08-24 09:30:44.300,3308.6000,6,0,5955540.000,0,-,-,-,-,3301.4000,3301.0000,3300.6000,3298.0000,3280.2000,3313.4000,3315.8000,3316.0000,3322.0000,3361.0000,1,2,1,1,1,1,1,1,1,1
SF,IH2010,2020-08-24 09:30:44.800,3308.6000,6,0,5955540.000,0,-,-,-,-,3301.6000,3301.4000,3301.0000,3300.6000,3280.2000,3313.2000,3315.8000,3316.0000,3322.0000,3361.0000,1,1,1,1,1,2,1,1,1,1
SF,IH2010,2020-08-24 09:30:45.300,3308.6000,6,0,5955540.000,0,-,-,-,-,3301.8000,3301.6000,3301.4000,3300.6000,3280.2000,3313.2000,3315.8000,3316.0000,3322.0000,3361.0000,1,2,1,1,1,2,1,1,1,1
SF,IH2010,2020-08-24 09:30:45.800,3308.6000,6,0,5955540.000,0,-,-,-,-,3302.0000,3301.8000,3301.4000,3280.2000,3280.0000,3313.0000,3313.2000,3315.8000,3316.0000,3322.0000,1,1,1,1,1,1,2,1,1,1
SF,IH2010,2020-08-24 09:30:46.300,3308.6000,6,0,5955540.000,0,-,-,-,-,3302.0000,3301.8000,3301.4000,3280.2000,3280.0000,3312.8000,3313.2000,3315.8000,3316.0000,3322.0000,1,1,1,1,1,1,1,1,1,1
SF,IH2010,2020-08-24 09:30:46.800,3308.6000,6,0,5955540.000,0,-,-,-,-,3302.2000,3302.0000,3301.8000,3280.2000,3280.0000,3312.6000,3312.8000,3313.2000,3315.8000,3316.0000,2,1,1,1,1,1,1,1,1,1
SF,IH2010,2020-08-24 09:30:47.300,3308.6000,6,0,5955540.000,0,-,-,-,-,3302.4000,3302.2000,3301.8000,3280.2000,3280.0000,3312.4000,3312.6000,3312.8000,3313.2000,3315.8000,1,1,1,1,1,1,1,1,1,1
SF,IH2010,2020-08-24 09:30:47.800,3308.6000,6,0,5955540.000,0,-,-,-,-,3302.4000,3302.2000,3301.8000,3280.2000,3280.0000,3312.4000,3312.6000,3315.8000,3316.0000,3322.0000,1,1,1,1,1,2,1,1,1,1
SF,IH2010,2020-08-24 09:30:48.300,3308.6000,6,0,5955540.000,0,-,-,-,-,3302.4000,3301.8000,3280.2000,3280.0000,3257.2000,3312.4000,3312.6000,3315.8000,3316.0000,3322.0000,1,1,1,1,1,2,1,1,1,1
SF,IH2010,2020-08-24 09:30:48.800,3308.6000,6,0,5955540.000,0,-,-,-,-,3302.4000,3301.8000,3280.2000,3280.0000,3257.2000,3312.4000,3312.6000,3315.8000,3316.0000,3322.0000,1,1,1,1,1,2,1,1,1,1
SF,IH2010,2020-08-24 09:30:49.300,3308.6000,6,0,5955540.000,0,-,-,-,-,3302.4000,3280.2000,3280.0000,3257.2000,3202.2000,3312.4000,3312.6000,3315.8000,3316.0000,3322.0000,1,1,1,1,1,2,1,1,1,1
SF,IH2010,2020-08-24 09:30:49.800,3308.6000,6,0,5955540.000,0,-,-,-,-,3302.6000,3302.4000,3280.2000,3280.0000,3257.2000,3312.4000,3312.6000,3315.8000,3316.0000,3322.0000,1,1,1,1,1,1,1,1,1,1
SF,IH2010,2020-08-24 09:30:50.300,3308.6000,6,0,5955540.000,0,-,-,-,-,3302.8000,3280.2000,3280.0000,3257.2000,3202.2000,3312.4000,3312.6000,3315.8000,3316.0000,3322.0000,1,1,1,1,1,1,1,1,1,1
SF,IH2010,2020-08-24 09:30:50.800,3308.6000,6,0,5955540.000,0,-,-,-,-,3302.8000,3280.2000,3280.0000,3257.2000,3202.2000,3312.4000,3312.6000,3315.8000,3316.0000,3322.0000,1,1,1,1,1,2,1,1,1,1
SF,IH2010,2020-08-24 09:30:51.300,3308.6000,6,0,5955540.000,0,-,-,-,-,3302.8000,3280.2000,3280.0000,3257.2000,3202.2000,3312.4000,3312.6000,3315.8000,3316.0000,3322.0000,1,1,1,1,1,2,1,1,1,1
SF,IH2010,2020-08-24 09:30:51.800,3308.6000,6,0,5955540.000,0,-,-,-,-,3303.2000,3302.8000,3280.2000,3280.0000,3257.2000,3312.4000,3312.6000,3315.8000,3316.0000,3322.0000,1,1,1,1,1,1,1,1,1,1
SF,IH2010,2020-08-24 09:30:52.300,3308.6000,6,0,5955540.000,0,-,-,-,-,3303.4000,3303.2000,3280.2000,3280.0000,3257.2000,3312.4000,3312.6000,3315.8000,3316.0000,3322.0000,1,1,1,1,1,1,1,1,1,1
SF,IH2010,2020-08-24 09:30:52.800,3308.6000,6,0,5955540.000,0,-,-,-,-,3303.4000,3303.2000,3280.2000,3280.0000,3257.2000,3312.4000,3312.6000,3315.8000,3316.0000,3322.0000,1,1,1,1,1,3,1,1,1,1
SF,IH2010,2020-08-24 09:30:53.300,3308.6000,6,0,5955540.000,0,-,-,-,-,3303.4000,3303.2000,3280.2000,3280.0000,3257.2000,3312.2000,3312.4000,3312.6000,3315.8000,3316.0000,1,1,1,1,1,1,2,1,1,1
SF,IH2010,2020-08-24 09:30:53.800,3308.6000,6,0,5955540.000,0,-,-,-,-,3303.2000,3280.2000,3280.0000,3257.2000,3202.2000,3312.0000,3312.2000,3312.6000,3315.8000,3316.0000,1,1,1,1,1,2,2,1,1,1
SF,IH2010,2020-08-24 09:30:54.300,3308.6000,6,0,5955540.000,0,-,-,-,-,3303.2000,3280.2000,3280.0000,3257.2000,3202.2000,3312.0000,3312.2000,3312.6000,3315.8000,3316.0000,1,1,1,1,1,3,1,1,1,1
SF,IH2010,2020-08-24 09:30:54.800,3308.6000,6,0,5955540.000,0,-,-,-,-,3303.2000,3280.2000,3280.0000,3257.2000,3202.2000,3312.0000,3312.2000,3312.6000,3315.8000,3316.0000,1,1,1,1,1,3,1,1,1,1
SF,IH2010,2020-08-24 09:30:55.300,3308.6000,6,0,5955540.000,0,-,-,-,-,3303.2000,3280.2000,3280.0000,3257.2000,3202.2000,3312.0000,3312.2000,3312.6000,3315.8000,3316.0000,1,1,1,1,1,4,1,1,1,1
SF,IH2010,2020-08-24 09:30:55.800,3308.6000,6,0,5955540.000,0,-,-,-,-,3303.2000,3280.2000,3280.0000,3257.2000,3202.2000,3312.0000,3312.2000,3312.6000,3315.8000,3316.0000,1,1,1,1,1,3,1,1,1,1
SF,IH2010,2020-08-24 09:30:56.300,3308.6000,6,0,5955540.000,0,-,-,-,-,3303.2000,3280.2000,3280.0000,3257.2000,3202.2000,3312.0000,3312.6000,3315.8000,3316.0000,3322.0000,1,1,1,1,1,3,1,1,1,1
SF,IH2010,2020-08-24 09:30:56.800,3308.6000,6,0,5955540.000,0,-,-,-,-,3303.2000,3280.2000,3280.0000,3257.2000,3202.2000,3312.0000,3312.6000,3315.8000,3316.0000,3322.0000,1,1,1,1,1,3,1,1,1,1
SF,IH2010,2020-08-24 09:30:57.300,3308.6000,6,0,5955540.000,0,-,-,-,-,3280.2000,3280.0000,3257.2000,3202.2000,3166.6000,3311.4000,3311.8000,3312.0000,3312.6000,3315.8000,1,1,1,1,3,1,1,3,1,1
SF,IH2010,2020-08-24 09:30:57.800,3308.6000,6,0,5955540.000,0,-,-,-,-,3280.4000,3280.2000,3280.0000,3257.2000,3202.2000,3311.2000,3311.8000,3312.0000,3315.8000,3316.0000,3,1,1,1,1,2,1,1,1,1
SF,IH2010,2020-08-24 09:30:58.300,3308.6000,6,0,5955540.000,0,-,-,-,-,3280.4000,3280.2000,3280.0000,3257.2000,3202.2000,3311.2000,3311.8000,3316.0000,3322.0000,3361.0000,3,1,1,1,1,2,1,1,1,1
SF,IH2010,2020-08-24 09:30:58.800,3308.6000,6,0,5955540.000,0,-,-,-,-,3280.4000,3280.2000,3280.0000,3257.2000,3202.2000,3311.0000,3311.2000,3316.0000,3322.0000,3361.0000,3,1,1,1,1,1,2,1,1,1
SF,IH2010,2020-08-24 09:30:59.300,3308.6000,6,0,5955540.000,0,-,-,-,-,3280.6000,3280.4000,3280.2000,3280.0000,3257.2000,3310.8000,3311.0000,3311.2000,3316.0000,3322.0000,1,3,1,1,1,2,1,1,1,1
SF,IH2010,2020-08-24 09:30:59.800,3308.6000,6,0,5955540.000,0,-,-,-,-,3293.8000,3290.4000,3280.8000,3280.6000,3280.4000,3310.4000,3310.6000,3310.8000,3311.0000,3311.2000,1,1,1,1,1,1,1,3,1,1
SF,IH2010,2020-08-24 09:31:00.300,3308.6000,6,0,5955540.000,0,-,-,-,-,3294.0000,3293.8000,3290.4000,3280.8000,3280.6000,3310.2000,3310.4000,3310.6000,3310.8000,3311.0000,1,1,1,1,1,1,1,1,2,1
SF,IH2010,2020-08-24 09:31:00.800,3308.6000,6,0,5955540.000,0,-,-,-,-,3294.0000,3293.8000,3290.4000,3280.8000,3280.6000,3310.0000,3310.2000,3310.4000,3310.6000,3310.8000,1,1,1,1,1,2,1,1,1,1
SF,IH2010,2020-08-24 09:31:01.300,3308.6000,6,0,5955540.000,0,-,-,-,-,3294.2000,3294.0000,3293.8000,3281.4000,3280.8000,3309.8000,3310.0000,3310.4000,3310.6000,3310.8000,1,1,1,1,1,1,2,1,1,1
SF,IH2010,2020-08-24 09:31:01.800,3308.6000,6,0,5955540.000,0,-,-,-,-,3294.4000,3293.8000,3281.4000,3280.8000,3280.6000,3309.8000,3310.0000,3310.4000,3310.8000,3316.0000,1,1,1,1,1,2,2,1,1,1
SF,IH2010,2020-08-24 09:31:02.300,3308.6000,6,0,5955540.000,0,-,-,-,-,3294.4000,3293.8000,3281.4000,3280.8000,3280.6000,3309.8000,3310.0000,3310.8000,3316.0000,3322.0000,1,1,1,1,1,2,2,1,1,1
SF,IH2010,2020-08-24 09:31:02.800,3308.6000,6,0,5955540.000,0,-,-,-,-,3294.4000,3293.8000,3281.4000,3280.8000,3280.6000,3309.2000,3309.8000,3310.0000,3316.0000,3322.0000,1,1,1,1,1,2,2,2,1,1
SF,IH2010,2020-08-24 09:31:03.300,3308.6000,6,0,5955540.000,0,-,-,-,-,3295.4000,3294.4000,3293.8000,3280.8000,3280.6000,3309.0000,3309.2000,3309.8000,3316.0000,3322.0000,1,1,1,1,1,3,2,1,1,1
SF,IH2010,2020-08-24 09:31:03.800,3308.6000,6,0,5955540.000,0,-,-,-,-,3295.6000,3295.4000,3293.8000,3280.8000,3280.6000,3309.0000,3309.2000,3316.0000,3322.0000,3361.0000,1,1,1,1,1,3,2,1,1,1
SF,IH2010,2020-08-24 09:31:04.300,3308.6000,6,0,5955540.000,0,-,-,-,-,3295.6000,3295.4000,3293.8000,3280.8000,3280.6000,3308.6000,3309.0000,3309.2000,3322.0000,3361.0000,1,1,1,1,1,1,3,2,1,1
SF,IH2010,2020-08-24 09:31:04.800,3308.6000,6,0,5955540.000,0,-,-,-,-,3295.6000,3295.4000,3293.8000,3280.8000,3280.6000,3308.4000,3308.6000,3308.8000,3309.0000,3309.2000,1,1,1,1,1,3,1,1,2,1
SF,IH2010,2020-08-24 09:31:05.300,3308.6000,6,0,5955540.000,0,-,-,-,-,3295.6000,3295.4000,3293.8000,3280.8000,3280.6000,3308.2000,3308.4000,3308.6000,3308.8000,3309.0000,1,1,1,1,1,2,2,1,1,2
SF,IH2010,2020-08-24 09:31:05.800,3308.6000,6,0,5955540.000,0,-,-,-,-,3296.8000,3295.6000,3295.4000,3280.8000,3280.6000,3307.6000,3308.0000,3308.2000,3308.4000,3308.8000,1,1,1,1,1,1,2,2,1,1
SF,IH2010,2020-08-24 09:31:06.300,3308.6000,6,0,5955540.000,0,-,-,-,-,3296.8000,3295.4000,3280.8000,3280.6000,3280.2000,3307.4000,3307.6000,3308.0000,3308.2000,3308.8000,1,1,1,1,1,2,1,2,2,1
SF,IH2010,2020-08-24 09:31:06.800,3308.6000,6,0,5955540.000,0,-,-,-,-,3296.8000,3282.2000,3280.8000,3280.6000,3280.2000,3306.4000,3306.6000,3306.8000,3307.4000,3308.0000,1,1,1,1,1,1,1,1,4,1
SF,IH2010,2020-08-24 09:31:07.300,3308.6000,6,0,5955540.000,0,-,-,-,-,3296.8000,3282.2000,3280.8000,3280.6000,3280.2000,3306.2000,3306.4000,3306.6000,3306.8000,3308.2000,1,1,1,1,1,4,1,1,1,1
SF,IH2010,2020-08-24 09:31:07.800,3307.4000,7,1,6947760.000,1,1,0,双开,S,3296.8000,3282.2000,3280.8000,3280.6000,3280.2000,3306.2000,3306.6000,3306.8000,3308.2000,3308.8000,1,1,1,1,1,6,1,1,1,1
SF,IH2010,2020-08-24 09:31:08.300,3307.4000,7,0,6947760.000,0,-,-,-,-,3297.0000,3296.8000,3282.2000,3280.8000,3280.6000,3306.0000,3306.2000,3306.6000,3306.8000,3308.8000,1,1,1,1,1,1,4,1,1,1
SF,IH2010,2020-08-24 09:31:08.800,3307.4000,7,0,6947760.000,0,-,-,-,-,3297.0000,3296.8000,3282.2000,3280.8000,3280.6000,3304.8000,3305.2000,3306.0000,3306.2000,3306.6000,1,1,1,1,1,1,1,2,3,1
SF,IH2010,2020-08-24 09:31:09.300,3307.4000,7,0,6947760.000,0,-,-,-,-,3297.0000,3296.8000,3282.2000,3280.8000,3280.6000,3304.6000,3304.8000,3306.0000,3306.2000,3308.8000,1,1,1,1,1,2,1,1,2,1
SF,IH2010,2020-08-24 09:31:09.800,3307.4000,7,0,6947760.000,0,-,-,-,-,3297.0000,3296.8000,3282.2000,3280.8000,3280.6000,3304.0000,3304.4000,3304.6000,3304.8000,3306.0000,1,1,1,1,1,1,1,2,1,1
SF,IH2010,2020-08-24 09:31:10.300,3307.4000,7,0,6947760.000,0,-,-,-,-,3297.0000,3282.2000,3280.8000,3280.6000,3280.2000,3303.8000,3304.0000,3304.4000,3304.6000,3306.0000,1,1,1,1,1,3,1,1,1,1
SF,IH2010,2020-08-24 09:31:10.800,3307.4000,7,0,6947760.000,0,-,-,-,-,3297.0000,3282.2000,3280.8000,3280.6000,3280.2000,3303.8000,3304.0000,3304.4000,3306.0000,3308.8000,1,1,1,1,1,3,1,1,1,1
SF,IH2010,2020-08-24 09:31:11.300,3307.4000,7,0,6947760.000,0,-,-,-,-,3282.2000,3280.8000,3280.6000,3280.2000,3280.0000,3303.8000,3304.0000,3304.4000,3308.8000,3322.0000,1,1,1,1,1,4,1,1,1,1
SF,IH2010,2020-08-24 09:31:11.800,3307.4000,7,0,6947760.000,0,-,-,-,-,3282.4000,3282.2000,3280.6000,3280.2000,3280.0000,3303.0000,3303.6000,3303.8000,3304.4000,3308.8000,2,1,1,1,1,1,1,2,1,1
SF,IH2010,2020-08-24 09:31:12.300,3307.4000,7,0,6947760.000,0,-,-,-,-,3286.6000,3282.4000,3282.2000,3280.2000,3280.0000,3302.8000,3303.0000,3303.6000,3308.8000,3322.0000,1,4,1,1,1,2,2,1,1,1
SF,IH2010,2020-08-24 09:31:12.800,3307.4000,7,0,6947760.000,0,-,-,-,-,3286.8000,3286.6000,3282.4000,3282.2000,3280.2000,3302.0000,3302.8000,3303.0000,3303.6000,3308.8000,2,1,1,1,1,1,2,1,1,1
SF,IH2010,2020-08-24 09:31:13.300,3307.4000,7,0,6947760.000,0,-,-,-,-,3289.2000,3286.8000,3286.6000,3282.4000,3282.2000,3302.0000,3302.8000,3303.6000,3305.4000,3308.8000,1,2,1,1,1,2,1,1,1,1
SF,IH2010,2020-08-24 09:31:13.800,3307.4000,7,0,6947760.000,0,-,-,-,-,3289.4000,3289.2000,3286.8000,3286.6000,3282.4000,3301.2000,3301.8000,3303.6000,3305.4000,3308.8000,1,1,2,1,1,1,2,1,1,1
SF,IH2010,2020-08-24 09:31:14.300,3307.4000,7,0,6947760.000,0,-,-,-,-,3289.8000,3289.4000,3289.2000,3286.8000,3286.6000,3301.2000,3301.8000,3303.6000,3305.4000,3308.8000,1,1,1,1,1,1,1,1,1,1
SF,IH2010,2020-08-24 09:31:14.800,3307.4000,7,0,6947760.000,0,-,-,-,-,3290.0000,3289.8000,3289.2000,3286.6000,3282.4000,3303.6000,3305.4000,3308.8000,3322.0000,3361.0000,2,1,1,1,1,1,1,1,1,1
SF,IH2010,2020-08-24 09:31:15.300,3307.4000,7,0,6947760.000,0,-,-,-,-,3290.0000,3289.8000,3289.2000,3286.6000,3282.4000,3302.8000,3303.4000,3303.6000,3305.4000,3308.8000,2,1,1,1,1,1,1,1,1,1
SF,IH2010,2020-08-24 09:31:15.800,3307.4000,7,0,6947760.000,0,-,-,-,-,3293.2000,3290.0000,3289.2000,3286.6000,3282.4000,3302.6000,3302.8000,3303.4000,3305.4000,3308.8000,1,2,1,1,1,1,1,1,1,1
SF,IH2010,2020-08-24 09:31:16.300,3307.4000,7,0,6947760.000,0,-,-,-,-,3293.4000,3293.2000,3290.0000,3289.2000,3286.6000,3302.0000,3302.6000,3302.8000,3303.4000,3305.4000,1,1,1,1,1,1,1,1,1,1
SF,IH2010,2020-08-24 09:31:16.800,3307.4000,7,0,6947760.000,0,-,-,-,-,3293.4000,3293.2000,3290.0000,3289.2000,3286.6000,3301.8000,3302.8000,3303.4000,3305.4000,3322.0000,1,1,1,1,1,1,1,1,1,1
SF,IH2010,2020-08-24 09:31:17.300,3307.4000,7,0,6947760.000,0,-,-,-,-,3293.4000,3293.2000,3290.0000,3289.2000,3286.6000,3301.8000,3302.8000,3303.4000,3305.4000,3305.6000,1,1,1,1,1,1,1,1,1,1
SF,IH2010,2020-08-24 09:31:17.800,3307.4000,7,0,6947760.000,0,-,-,-,-,3293.8000,3293.4000,3290.0000,3289.2000,3286.6000,3301.8000,3302.8000,3303.4000,3305.4000,3305.6000,1,1,1,1,1,1,1,1,1,1
SF,IH2010,2020-08-24 09:31:18.300,3307.4000,7,0,6947760.000,0,-,-,-,-,3294.0000,3293.8000,3290.0000,3289.2000,3286.6000,3301.8000,3302.8000,3303.4000,3305.4000,3305.6000,1,1,1,1,1,1,1,1,1,1
SF,IH2010,2020-08-24 09:31:18.800,3307.4000,7,0,6947760.000,0,-,-,-,-,3294.0000,3293.8000,3290.0000,3289.2000,3286.6000,3301.8000,3302.8000,3303.4000,3305.4000,3305.6000,1,1,1,1,1,1,1,1,1,1
SF,IH2010,2020-08-24 09:31:19.300,3307.4000,7,0,6947760.000,0,-,-,-,-,3294.0000,3293.8000,3290.0000,3289.2000,3286.6000,3301.8000,3302.8000,3303.4000,3305.4000,3305.6000,1,1,1,1,1,1,1,1,1,1
SF,IH2010,2020-08-24 09:31:19.800,3307.4000,7,0,6947760.000,0,-,-,-,-,3294.0000,3293.8000,3290.0000,3289.2000,3286.6000,3301.8000,3302.8000,3303.4000,3305.4000,3305.6000,1,1,1,1,1,1,1,1,1,1
SF,IH2010,2020-08-24 09:31:20.300,3307.4000,7,0,6947760.000,0,-,-,-,-,3294.4000,3294.0000,3290.0000,3289.2000,3286.6000,3301.8000,3302.8000,3303.4000,3305.4000,3305.6000,1,1,1,1,1,1,1,1,1,1
SF,IH2010,2020-08-24 09:31:20.800,3307.4000,7,0,6947760.000,0,-,-,-,-,3294.6000,3294.4000,3290.0000,3289.2000,3286.6000,3301.6000,3301.8000,3302.8000,3305.4000,3305.6000,1,1,1,1,1,1,1,1,1,1
SF,IH2010,2020-08-24 09:31:21.300,3307.4000,7,0,6947760.000,0,-,-,-,-,3294.6000,3294.4000,3290.0000,3289.2000,3286.6000,3301.0000,3301.4000,3302.8000,3305.4000,3305.6000,1,1,1,1,1,1,1,1,1,1
SF,IH2010,2020-08-24 09:31:21.800,3307.4000,7,0,6947760.000,0,-,-,-,-,3294.6000,3294.4000,3290.0000,3289.2000,3286.6000,3300.8000,3301.0000,3301.4000,3302.8000,3305.4000,1,1,1,1,1,1,1,1,1,1
SF,IH2010,2020-08-24 09:31:22.300,3307.4000,7,0,6947760.000,0,-,-,-,-,3294.6000,3294.4000,3290.0000,3289.2000,3286.6000,3300.8000,3302.8000,3305.4000,3305.6000,3306.4000,1,1,1,1,1,1,1,1,1,1
SF,IH2010,2020-08-24 09:31:22.800,3307.4000,7,0,6947760.000,0,-,-,-,-,3294.6000,3294.4000,3290.0000,3289.2000,3286.6000,3299.4000,3300.8000,3302.8000,3305.4000,3305.6000,1,1,1,1,1,1,1,1,1,1
SF,IH2010,2020-08-24 09:31:23.300,3307.4000,7,0,6947760.000,0,-,-,-,-,3294.6000,3294.4000,3290.0000,3289.2000,3286.6000,3299.4000,3300.8000,3302.8000,3305.4000,3305.6000,1,1,1,1,1,1,1,1,1,1
SF,IH2010,2020-08-24 09:31:23.800,3307.4000,7,0,6947760.000,0,-,-,-,-,3294.6000,3294.4000,3290.0000,3289.2000,3286.6000,3299.4000,3300.8000,3302.8000,3305.4000,3305.6000,1,1,1,1,1,1,1,1,1,1
SF,IH2010,2020-08-24 09:31:24.300,3307.4000,7,0,6947760.000,0,-,-,-,-,3294.6000,3290.0000,3289.2000,3286.6000,3282.4000,3299.2000,3299.4000,3302.8000,3305.4000,3305.6000,1,1,1,1,1,1,1,1,1,1
SF,IH2010,2020-08-24 09:31:24.800,3307.4000,7,0,6947760.000,0,-,-,-,-,3294.6000,3290.0000,3289.2000,3286.6000,3282.4000,3299.2000,3299.4000,3302.8000,3305.4000,3305.6000,1,1,1,1,1,1,1,1,1,1
SF,IH2010,2020-08-24 09:31:25.300,3307.4000,7,0,6947760.000,0,-,-,-,-,3289.2000,3286.6000,3282.4000,3282.2000,3280.2000,3298.6000,3299.2000,3302.8000,3305.4000,3305.6000,1,1,1,1,1,1,1,1,1,1
SF,IH2010,2020-08-24 09:31:25.800,3307.4000,7,0,6947760.000,0,-,-,-,-,3289.4000,3289.2000,3286.6000,3282.4000,3282.2000,3298.6000,3302.8000,3305.4000,3305.6000,3322.0000,1,1,1,1,1,1,1,1,1,1
SF,IH2010,2020-08-24 09:31:26.300,3307.4000,7,0,6947760.000,0,-,-,-,-,3289.4000,3289.2000,3286.6000,3282.4000,3282.2000,3298.6000,3302.8000,3305.4000,3305.6000,3322.0000,1,1,1,1,1,1,1,1,1,1
SF,IH2010,2020-08-24 09:31:26.800,3307.4000,7,0,6947760.000,0,-,-,-,-,3289.4000,3289.2000,3286.6000,3282.4000,3282.2000,3298.6000,3302.8000,3305.4000,3305.6000,3322.0000,1,1,1,1,1,1,1,1,1,1
SF,IH2010,2020-08-24 09:31:27.300,3307.4000,7,0,6947760.000,0,-,-,-,-,3290.2000,3289.4000,3289.2000,3286.6000,3282.4000,3298.4000,3298.6000,3302.8000,3305.4000,3305.6000,1,1,1,1,1,1,1,1,1,1
SF,IH2010,2020-08-24 09:31:27.800,3307.4000,7,0,6947760.000,0,-,-,-,-,3290.4000,3290.2000,3289.2000,3282.4000,3282.2000,3298.4000,3298.6000,3302.8000,3305.6000,3322.0000,1,1,1,1,1,1,1,1,1,1
SF,IH2010,2020-08-24 09:31:28.300,3307.4000,7,0,6947760.000,0,-,-,-,-,3290.4000,3290.2000,3289.2000,3282.4000,3282.2000,3298.4000,3298.6000,3302.8000,3305.6000,3322.0000,1,1,1,1,1,1,1,1,1,1
SF,IH2010,2020-08-24 09:31:28.800,3307.4000,7,0,6947760.000,0,-,-,-,-,3290.4000,3289.2000,3282.4000,3282.2000,3280.2000,3298.6000,3302.8000,3305.6000,3322.0000,3361.0000,1,1,1,1,1,1,1,1,1,1
SF,IH2010,2020-08-24 09:31:29.300,3307.4000,7,0,6947760.000,0,-,-,-,-,3290.4000,3289.2000,3282.4000,3282.2000,3280.2000,3298.6000,3302.8000,3305.6000,3322.0000,3361.0000,1,1,1,1,1,1,1,1,1,1
SF,IH2010,2020-08-24 09:31:29.800,3307.4000,7,0,6947760.000,0,-,-,-,-,3290.8000,3290.4000,3289.2000,3282.4000,3282.2000,3302.8000,3305.6000,3322.0000,3361.0000,3380.8000,1,1,1,1,1,1,1,1,1,1
SF,IH2010,2020-08-24 09:31:30.300,3307.4000,7,0,6947760.000,0,-,-,-,-,3291.0000,3290.8000,3289.2000,3282.4000,3282.2000,3302.6000,3302.8000,3305.6000,3322.0000,3361.0000,1,1,1,1,1,3,1,1,1,1
SF,IH2010,2020-08-24 09:31:30.800,3307.4000,7,0,6947760.000,0,-,-,-,-,3291.0000,3290.8000,3289.2000,3282.4000,3282.2000,3302.6000,3302.8000,3305.6000,3322.0000,3361.0000,1,1,1,1,1,3,1,1,1,1
SF,IH2010,2020-08-24 09:31:31.300,3307.4000,7,0,6947760.000,0,-,-,-,-,3291.0000,3289.2000,3282.4000,3282.2000,3280.2000,3301.0000,3302.6000,3302.8000,3305.6000,3322.0000,1,1,1,1,1,1,3,1,1,1
SF,IH2010,2020-08-24 09:31:31.800,3307.4000,7,0,6947760.000,0,-,-,-,-,3291.0000,3289.2000,3282.4000,3282.2000,3280.2000,3300.8000,3301.0000,3302.6000,3302.8000,3305.6000,1,1,1,1,1,2,1,1,1,1
SF,IH2010,2020-08-24 09:31:32.300,3307.4000,7,0,6947760.000,0,-,-,-,-,3291.0000,3289.2000,3282.4000,3282.2000,3280.2000,3298.0000,3300.8000,3302.6000,3302.8000,3305.6000,1,1,1,1,1,1,2,1,1,1
SF,IH2010,2020-08-24 09:31:32.800,3307.4000,7,0,6947760.000,0,-,-,-,-,3291.0000,3289.2000,3282.4000,3282.2000,3280.2000,3297.8000,3298.0000,3300.8000,3302.8000,3305.6000,1,1,1,1,1,1,1,1,1,1
SF,IH2010,2020-08-24 09:31:33.300,3307.4000,7,0,6947760.000,0,-,-,-,-,3291.0000,3289.2000,3282.4000,3282.2000,3280.2000,3297.8000,3298.0000,3300.8000,3302.8000,3322.0000,1,1,1,1,1,1,1,1,1,1
SF,IH2010,2020-08-24 09:31:34.300,3307.4000,7,0,6947760.000,0,-,-,-,-,3291.0000,3289.2000,3282.4000,3282.2000,3280.2000,3296.8000,3297.8000,3300.8000,3302.8000,3322.0000,1,1,1,1,1,1,1,1,1,1
SF,IH2010,2020-08-24 09:31:34.800,3307.4000,7,0,6947760.000,0,-,-,-,-,3291.0000,3289.2000,3282.4000,3282.2000,3280.2000,3296.6000,3296.8000,3302.8000,3322.0000,3361.0000,1,1,1,1,1,1,1,1,1,1
SF,IH2010,2020-08-24 09:31:35.300,3307.4000,7,0,6947760.000,0,-,-,-,-,3291.0000,3289.2000,3282.4000,3282.2000,3280.2000,3296.8000,3302.8000,3322.0000,3361.0000,3380.8000,1,1,1,1,1,1,1,1,1,1
SF,IH2010,2020-08-24 09:31:35.800,3307.4000,7,0,6947760.000,0,-,-,-,-,3291.0000,3289.2000,3282.4000,3282.2000,3280.2000,3302.8000,3322.0000,3361.0000,3380.8000,3392.4000,1,1,1,1,1,1,1,1,1,1
SF,IH2010,2020-08-24 09:31:36.300,3307.4000,7,0,6947760.000,0,-,-,-,-,3289.2000,3282.4000,3282.2000,3280.2000,3280.0000,3301.2000,3302.6000,3302.8000,3322.0000,3361.0000,1,1,1,1,1,1,4,2,1,1
SF,IH2010,2020-08-24 09:31:36.800,3307.4000,7,0,6947760.000,0,-,-,-,-,3289.4000,3289.2000,3282.4000,3282.2000,3280.2000,3301.0000,3301.2000,3302.6000,3302.8000,3322.0000,1,1,1,1,1,2,1,3,1,1
SF,IH2010,2020-08-24 09:31:37.300,3307.4000,7,0,6947760.000,0,-,-,-,-,3289.4000,3289.2000,3282.4000,3282.2000,3280.2000,3301.0000,3302.6000,3302.8000,3322.0000,3361.0000,1,1,1,1,1,2,3,1,1,1
SF,IH2010,2020-08-24 09:31:37.800,3307.4000,7,0,6947760.000,0,-,-,-,-,3289.4000,3289.2000,3282.4000,3282.2000,3280.2000,3301.0000,3302.6000,3302.8000,3322.0000,3361.0000,1,1,1,1,1,3,3,1,1,1
SF,IH2010,2020-08-24 09:31:38.300,3307.4000,7,0,6947760.000,0,-,-,-,-,3289.4000,3289.2000,3282.4000,3282.2000,3280.2000,3300.8000,3301.0000,3302.6000,3302.8000,3322.0000,1,1,1,1,1,1,3,2,1,1
SF,IH2010,2020-08-24 09:31:38.800,3307.4000,7,0,6947760.000,0,-,-,-,-,3289.4000,3289.2000,3282.4000,3282.2000,3280.2000,3300.6000,3300.8000,3301.0000,3302.6000,3302.8000,1,1,1,1,1,1,1,1,2,1
SF,IH2010,2020-08-24 09:31:39.300,3307.4000,7,0,6947760.000,0,-,-,-,-,3289.4000,3289.2000,3282.4000,3282.2000,3280.2000,3300.4000,3300.6000,3300.8000,3301.0000,3302.6000,1,1,1,1,1,1,1,1,1,1
SF,IH2010,2020-08-24 09:31:39.800,3307.4000,7,0,6947760.000,0,-,-,-,-,3289.4000,3289.2000,3282.4000,3282.2000,3280.2000,3299.8000,3300.2000,3300.4000,3300.8000,3301.0000,1,1,1,1,1,1,1,1,1,1
SF,IH2010,2020-08-24 09:31:40.300,3307.4000,7,0,6947760.000,0,-,-,-,-,3289.4000,3289.2000,3282.4000,3282.2000,3280.2000,3299.6000,3299.8000,3300.4000,3300.8000,3302.6000,1,1,1,1,1,2,1,1,1,1
SF,IH2010,2020-08-24 09:31:40.800,3307.4000,7,0,6947760.000,0,-,-,-,-,3290.0000,3289.4000,3289.2000,3282.2000,3280.2000,3299.6000,3299.8000,3302.6000,3322.0000,3361.0000,1,1,1,1,1,3,1,1,1,1
SF,IH2010,2020-08-24 09:31:41.300,3307.4000,7,0,6947760.000,0,-,-,-,-,3290.2000,3290.0000,3289.2000,3282.2000,3280.2000,3298.8000,3299.6000,3299.8000,3302.6000,3322.0000,1,1,1,1,1,1,4,1,1,1
SF,IH2010,2020-08-24 09:31:41.800,3307.4000,7,0,6947760.000,0,-,-,-,-,3290.2000,3290.0000,3289.2000,3282.2000,3280.2000,3298.6000,3298.8000,3299.6000,3299.8000,3302.6000,1,1,1,1,1,2,1,1,1,1
SF,IH2010,2020-08-24 09:31:42.300,3307.4000,7,0,6947760.000,0,-,-,-,-,3290.2000,3290.0000,3289.2000,3282.2000,3280.2000,3298.6000,3298.8000,3299.6000,3299.8000,3302.6000,1,1,1,1,1,2,1,1,1,1
SF,IH2010,2020-08-24 09:31:42.800,3307.4000,7,0,6947760.000,0,-,-,-,-,3290.2000,3290.0000,3289.2000,3282.2000,3280.2000,3298.6000,3299.6000,3299.8000,3302.6000,3322.0000,1,1,1,1,1,2,1,1,1,1
SF,IH2010,2020-08-24 09:31:43.300,3307.4000,7,0,6947760.000,0,-,-,-,-,3290.2000,3290.0000,3289.2000,3282.2000,3280.2000,3298.4000,3298.6000,3299.6000,3299.8000,3302.6000,1,1,1,1,1,1,2,1,1,1
SF,IH2010,2020-08-24 09:31:43.800,3307.4000,7,0,6947760.000,0,-,-,-,-,3290.2000,3290.0000,3289.2000,3282.2000,3280.2000,3298.2000,3298.4000,3298.6000,3299.6000,3299.8000,1,1,1,1,1,1,1,1,1,1
SF,IH2010,2020-08-24 09:31:44.300,3307.4000,7,0,6947760.000,0,-,-,-,-,3290.2000,3290.0000,3289.2000,3282.2000,3280.2000,3298.0000,3298.2000,3298.4000,3298.6000,3299.6000,1,1,1,1,1,1,1,1,1,1
SF,IH2010,2020-08-24 09:31:44.800,3307.4000,7,0,6947760.000,0,-,-,-,-,3290.2000,3290.0000,3289.2000,3282.2000,3280.2000,3297.8000,3298.0000,3298.6000,3299.6000,3299.8000,1,1,1,1,1,1,1,1,1,1
SF,IH2010,2020-08-24 09:31:45.300,3307.4000,7,0,6947760.000,0,-,-,-,-,3290.2000,3290.0000,3289.2000,3282.2000,3280.2000,3297.6000,3297.8000,3298.6000,3299.8000,3302.6000,1,1,1,1,1,1,1,1,1,1
SF,IH2010,2020-08-24 09:31:45.800,3307.4000,7,0,6947760.000,0,-,-,-,-,3290.2000,3290.0000,3289.2000,3282.2000,3280.2000,3297.4000,3297.6000,3298.6000,3299.8000,3302.6000,1,1,1,1,1,1,1,1,1,1
SF,IH2010,2020-08-24 09:31:46.300,3307.4000,7,0,6947760.000,0,-,-,-,-,3290.2000,3289.2000,3282.2000,3280.2000,3280.0000,3297.4000,3297.6000,3298.6000,3299.8000,3302.6000,1,1,1,1,1,1,1,1,1,1
SF,IH2010,2020-08-24 09:31:46.800,3307.4000,7,0,6947760.000,0,-,-,-,-,3290.2000,3289.2000,3282.2000,3280.2000,3280.0000,3297.4000,3298.6000,3299.8000,3302.6000,3306.0000,1,1,1,1,1,1,1,1,1,2
SF,IH2010,2020-08-24 09:31:47.300,3307.4000,7,0,6947760.000,0,-,-,-,-,3290.2000,3289.2000,3282.2000,3280.2000,3280.0000,3298.6000,3299.8000,3302.6000,3306.0000,3322.0000,1,1,1,1,1,1,1,1,2,1
SF,IH2010,2020-08-24 09:31:47.800,3307.4000,7,0,6947760.000,0,-,-,-,-,3290.2000,3289.2000,3282.2000,3280.2000,3280.0000,3298.4000,3298.6000,3299.8000,3302.6000,3306.0000,1,1,1,1,1,1,1,1,1,2
SF,IH2010,2020-08-24 09:31:48.300,3307.4000,7,0,6947760.000,0,-,-,-,-,3290.2000,3289.2000,3282.2000,3280.2000,3280.0000,3298.0000,3298.4000,3298.6000,3299.8000,3302.6000,1,1,1,1,1,1,1,1,1,1
SF,IH2010,2020-08-24 09:31:48.800,3307.4000,7,0,6947760.000,0,-,-,-,-,3290.2000,3289.2000,3282.2000,3280.2000,3280.0000,3297.8000,3298.0000,3298.6000,3299.8000,3302.6000,1,1,1,1,1,1,1,1,1,1
SF,IH2010,2020-08-24 09:31:49.300,3307.4000,7,0,6947760.000,0,-,-,-,-,3290.2000,3289.2000,3282.2000,3280.2000,3280.0000,3297.8000,3298.0000,3298.6000,3299.8000,3302.6000,1,1,1,1,1,1,1,1,1,1
SF,IH2010,2020-08-24 09:31:49.800,3307.4000,7,0,6947760.000,0,-,-,-,-,3290.2000,3289.2000,3282.2000,3280.2000,3280.0000,3297.8000,3298.6000,3299.8000,3302.6000,3306.0000,1,1,1,1,1,1,1,1,1,2
SF,IH2010,2020-08-24 09:31:50.300,3307.4000,7,0,6947760.000,0,-,-,-,-,3290.2000,3289.2000,3282.2000,3280.2000,3280.0000,3297.4000,3297.8000,3298.6000,3299.8000,3302.6000,1,1,1,1,1,1,1,1,1,1
SF,IH2010,2020-08-24 09:31:50.800,3307.4000,7,0,6947760.000,0,-,-,-,-,3290.2000,3289.2000,3282.2000,3280.2000,3280.0000,3297.2000,3297.4000,3298.6000,3299.8000,3302.6000,1,1,1,1,1,1,1,1,1,1
SF,IH2010,2020-08-24 09:31:51.300,3307.4000,7,0,6947760.000,0,-,-,-,-,3290.2000,3289.2000,3282.2000,3280.2000,3280.0000,3297.2000,3297.4000,3298.6000,3299.8000,3302.6000,1,1,1,1,1,1,1,1,1,1
SF,IH2010,2020-08-24 09:31:51.800,3307.4000,7,0,6947760.000,0,-,-,-,-,3290.2000,3289.2000,3282.2000,3280.2000,3280.0000,3297.2000,3298.6000,3299.8000,3302.6000,3306.0000,1,1,1,1,1,1,1,1,1,2
SF,IH2010,2020-08-24 09:31:52.300,3307.4000,7,0,6947760.000,0,-,-,-,-,3290.2000,3289.2000,3282.2000,3280.2000,3280.0000,3297.2000,3298.6000,3299.8000,3302.6000,3302.8000,1,1,1,1,1,1,1,1,1,1
SF,IH2010,2020-08-24 09:31:52.800,3307.4000,7,0,6947760.000,0,-,-,-,-,3290.2000,3289.2000,3282.2000,3280.2000,3280.0000,3297.0000,3297.2000,3298.6000,3299.8000,3302.6000,1,1,1,1,1,1,1,1,1,1
SF,IH2010,2020-08-24 09:31:53.300,3307.4000,7,0,6947760.000,0,-,-,-,-,3290.2000,3289.2000,3282.2000,3280.2000,3280.0000,3296.8000,3297.0000,3298.6000,3299.8000,3302.6000,1,1,1,1,1,1,1,1,1,1
SF,IH2010,2020-08-24 09:31:54.300,3307.4000,7,0,6947760.000,0,-,-,-,-,3290.2000,3289.2000,3282.2000,3280.2000,3280.0000,3296.8000,3298.6000,3299.8000,3302.6000,3302.8000,1,1,1,1,1,1,1,1,1,1
SF,IH2010,2020-08-24 09:31:54.800,3307.4000,7,0,6947760.000,0,-,-,-,-,3290.2000,3289.2000,3282.2000,3280.2000,3280.0000,3298.6000,3299.8000,3302.6000,3302.8000,3306.0000,1,1,1,1,1,1,1,1,1,2
SF,IH2010,2020-08-24 09:31:55.300,3307.4000,7,0,6947760.000,0,-,-,-,-,3290.2000,3289.2000,3282.2000,3280.2000,3280.0000,3298.4000,3298.6000,3299.8000,3302.6000,3302.8000,1,1,1,1,1,1,1,1,1,1
SF,IH2010,2020-08-24 09:31:55.800,3307.4000,7,0,6947760.000,0,-,-,-,-,3290.2000,3289.2000,3282.2000,3280.2000,3280.0000,3298.4000,3298.6000,3299.8000,3302.6000,3302.8000,1,1,1,1,1,1,1,1,1,1
SF,IH2010,2020-08-24 09:31:56.300,3307.4000,7,0,6947760.000,0,-,-,-,-,3290.2000,3289.2000,3282.2000,3280.2000,3280.0000,3298.4000,3298.6000,3299.8000,3302.6000,3302.8000,1,1,1,1,1,1,1,1,1,1
SF,IH2010,2020-08-24 09:31:56.800,3307.4000,7,0,6947760.000,0,-,-,-,-,3290.2000,3289.2000,3282.2000,3280.2000,3280.0000,3298.4000,3298.6000,3299.8000,3302.6000,3302.8000,1,1,1,1,1,1,1,1,1,1
SF,IH2010,2020-08-24 09:31:57.300,3307.4000,7,0,6947760.000,0,-,-,-,-,3290.2000,3289.2000,3282.2000,3280.2000,3280.0000,3298.4000,3298.6000,3299.8000,3302.6000,3302.8000,1,1,1,1,1,2,1,1,1,1
SF,IH2010,2020-08-24 09:31:58.300,3307.4000,7,0,6947760.000,0,-,-,-,-,3290.2000,3289.2000,3282.2000,3280.2000,3280.0000,3298.0000,3298.4000,3298.6000,3299.8000,3302.6000,1,1,1,1,1,1,1,1,1,1
SF,IH2010,2020-08-24 09:31:58.800,3307.4000,7,0,6947760.000,0,-,-,-,-,3290.2000,3289.2000,3282.2000,3280.2000,3280.0000,3297.8000,3298.0000,3298.6000,3299.8000,3302.6000,1,1,1,1,1,1,1,1,1,1
SF,IH2010,2020-08-24 09:31:59.300,3307.4000,7,0,6947760.000,0,-,-,-,-,3290.2000,3289.2000,3282.2000,3280.2000,3280.0000,3297.8000,3298.0000,3298.6000,3299.8000,3302.6000,1,1,1,1,1,1,1,1,1,1
SF,IH2010,2020-08-24 09:31:59.800,3307.4000,7,0,6947760.000,0,-,-,-,-,3290.2000,3289.2000,3282.2000,3280.2000,3280.0000,3297.6000,3297.8000,3298.6000,3299.8000,3302.6000,1,1,1,1,1,1,1,1,1,1
SF,IH2010,2020-08-24 09:32:00.300,3307.4000,7,0,6947760.000,0,-,-,-,-,3290.2000,3289.2000,3282.2000,3280.2000,3280.0000,3297.4000,3297.6000,3298.6000,3299.8000,3302.6000,1,1,1,1,1,1,1,1,1,1
SF,IH2010,2020-08-24 09:32:00.800,3307.4000,7,0,6947760.000,0,-,-,-,-,3290.2000,3289.2000,3282.2000,3280.2000,3280.0000,3297.4000,3297.6000,3298.6000,3299.8000,3302.6000,1,1,1,1,1,1,1,1,1,1
SF,IH2010,2020-08-24 09:32:01.300,3307.4000,7,0,6947760.000,0,-,-,-,-,3290.2000,3289.2000,3282.2000,3280.2000,3280.0000,3297.2000,3297.4000,3297.6000,3299.8000,3302.6000,1,1,1,1,1,1,1,1,1,1
SF,IH2010,2020-08-24 09:32:01.800,3307.4000,7,0,6947760.000,0,-,-,-,-,3289.2000,3282.2000,3280.2000,3280.0000,3257.2000,3297.0000,3297.2000,3299.8000,3302.6000,3306.0000,1,1,1,1,1,1,1,1,1,2
SF,IH2010,2020-08-24 09:32:02.300,3307.4000,7,0,6947760.000,0,-,-,-,-,3289.2000,3282.2000,3280.0000,3257.2000,3253.8000,3296.0000,3296.6000,3297.0000,3297.2000,3299.8000,1,1,1,1,4,1,1,1,1,1
SF,IH2010,2020-08-24 09:32:02.800,3307.4000,7,0,6947760.000,0,-,-,-,-,3289.2000,3282.2000,3280.0000,3257.2000,3253.8000,3295.8000,3296.0000,3296.6000,3299.8000,3302.6000,1,1,1,1,4,2,1,1,1,1
SF,IH2010,2020-08-24 09:32:03.300,3307.4000,7,0,6947760.000,0,-,-,-,-,3289.4000,3282.2000,3280.0000,3257.2000,3253.8000,3295.8000,3296.0000,3296.6000,3299.8000,3302.6000,1,1,1,1,4,1,1,1,1,1
SF,IH2010,2020-08-24 09:32:03.800,3307.4000,7,0,6947760.000,0,-,-,-,-,3289.4000,3282.2000,3280.0000,3257.2000,3253.8000,3295.0000,3295.6000,3295.8000,3296.0000,3299.8000,1,1,1,1,4,1,1,1,1,1
SF,IH2010,2020-08-24 09:32:04.300,3307.4000,7,0,6947760.000,0,-,-,-,-,3289.4000,3282.2000,3280.0000,3257.2000,3253.8000,3294.8000,3295.0000,3295.6000,3296.0000,3299.8000,1,1,1,1,4,1,1,2,1,1
SF,IH2010,2020-08-24 09:32:04.800,3307.4000,7,0,6947760.000,0,-,-,-,-,3289.4000,3282.2000,3280.0000,3257.2000,3253.8000,3294.8000,3295.0000,3295.6000,3296.0000,3299.8000,1,1,1,1,4,1,1,1,1,1
SF,IH2010,2020-08-24 09:32:05.300,3307.4000,7,0,6947760.000,0,-,-,-,-,3289.4000,3282.2000,3280.0000,3257.2000,3253.8000,3294.8000,3295.0000,3296.0000,3299.8000,3302.6000,1,1,1,1,4,2,1,1,1,1
SF,IH2010,2020-08-24 09:32:05.800,3307.4000,7,0,6947760.000,0,-,-,-,-,3282.2000,3280.0000,3257.2000,3253.8000,3202.2000,3294.8000,3295.0000,3296.0000,3299.8000,3302.6000,1,1,1,4,1,2,1,1,1,1
SF,IH2010,2020-08-24 09:32:06.300,3307.4000,7,0,6947760.000,0,-,-,-,-,3282.4000,3282.2000,3280.0000,3257.2000,3253.8000,3294.2000,3294.8000,3299.8000,3302.6000,3322.0000,2,1,1,1,4,1,1,1,1,1
SF,IH2010,2020-08-24 09:32:06.800,3307.4000,7,0,6947760.000,0,-,-,-,-,3282.4000,3282.2000,3280.0000,3257.2000,3253.8000,3294.2000,3294.8000,3299.8000,3322.0000,3333.8000,2,1,1,1,4,1,1,1,1,4
SF,IH2010,2020-08-24 09:32:07.300,3307.4000,7,0,6947760.000,0,-,-,-,-,3282.4000,3282.2000,3280.0000,3257.2000,3253.8000,3294.0000,3294.2000,3294.8000,3299.8000,3322.0000,1,1,1,1,4,1,1,1,1,1
SF,IH2010,2020-08-24 09:32:07.800,3307.4000,7,0,6947760.000,0,-,-,-,-,3282.4000,3282.2000,3280.0000,3257.2000,3253.8000,3294.0000,3294.2000,3299.8000,3322.0000,3333.8000,1,1,1,1,4,1,1,1,1,4
SF,IH2010,2020-08-24 09:32:08.300,3307.4000,7,0,6947760.000,0,-,-,-,-,3282.4000,3282.2000,3280.0000,3257.2000,3253.8000,3293.4000,3294.0000,3294.2000,3299.8000,3322.0000,1,1,1,1,4,2,1,1,1,1
SF,IH2010,2020-08-24 09:32:08.800,3307.4000,7,0,6947760.000,0,-,-,-,-,3282.4000,3282.2000,3280.0000,3257.2000,3253.8000,3293.2000,3293.4000,3294.2000,3299.8000,3322.0000,1,1,1,1,4,1,1,1,1,1
SF,IH2010,2020-08-24 09:32:09.300,3307.4000,7,0,6947760.000,0,-,-,-,-,3283.0000,3282.4000,3282.2000,3280.0000,3257.2000,3293.2000,3293.4000,3299.8000,3322.0000,3333.8000,2,1,1,1,1,1,1,1,1,4
SF,IH2010,2020-08-24 09:32:09.800,3307.4000,7,0,6947760.000,0,-,-,-,-,3283.2000,3283.0000,3282.6000,3282.2000,3280.0000,3293.2000,3299.8000,3322.0000,3333.8000,3361.0000,1,2,1,1,1,1,1,1,4,1
SF,IH2010,2020-08-24 09:32:10.300,3307.4000,7,0,6947760.000,0,-,-,-,-,3283.2000,3283.0000,3282.6000,3282.2000,3280.0000,3292.8000,3293.2000,3299.8000,3322.0000,3333.8000,1,2,1,1,1,1,1,1,1,4
SF,IH2010,2020-08-24 09:32:10.800,3307.4000,7,0,6947760.000,0,-,-,-,-,3283.4000,3283.2000,3283.0000,3282.2000,3280.0000,3292.6000,3292.8000,3299.8000,3322.0000,3333.8000,1,1,2,1,1,1,1,1,1,4
SF,IH2010,2020-08-24 09:32:11.300,3307.4000,7,0,6947760.000,0,-,-,-,-,3283.6000,3283.4000,3282.2000,3280.0000,3257.2000,3292.6000,3292.8000,3299.8000,3322.0000,3333.8000,3,1,1,1,1,1,1,1,1,4
SF,IH2010,2020-08-24 09:32:11.800,3307.4000,7,0,6947760.000,0,-,-,-,-,3283.6000,3283.4000,3282.2000,3280.0000,3257.2000,3299.8000,3322.0000,3333.8000,3361.0000,3380.8000,3,1,1,1,1,1,1,4,1,1
SF,IH2010,2020-08-24 09:32:12.300,3307.4000,7,0,6947760.000,0,-,-,-,-,3284.0000,3283.6000,3282.2000,3280.0000,3257.2000,3296.8000,3299.6000,3299.8000,3322.0000,3333.8000,1,3,1,1,1,1,2,1,1,4
SF,IH2010,2020-08-24 09:32:12.800,3307.4000,7,0,6947760.000,0,-,-,-,-,3284.2000,3284.0000,3283.6000,3282.2000,3280.0000,3296.6000,3296.8000,3299.6000,3299.8000,3322.0000,1,1,2,1,1,3,1,1,1,1
SF,IH2010,2020-08-24 09:32:13.300,3307.4000,7,0,6947760.000,0,-,-,-,-,3284.2000,3284.0000,3282.2000,3280.0000,3257.2000,3295.6000,3296.0000,3296.6000,3296.8000,3299.8000,3,1,1,1,1,1,1,4,1,1
SF,IH2010,2020-08-24 09:32:13.800,3307.4000,7,0,6947760.000,0,-,-,-,-,3284.2000,3284.0000,3282.2000,3280.0000,3257.2000,3295.4000,3295.6000,3296.6000,3296.8000,3299.8000,3,1,1,1,1,2,2,1,1,1
SF,IH2010,2020-08-24 09:32:14.300,3307.4000,7,0,6947760.000,0,-,-,-,-,3284.4000,3284.2000,3282.2000,3280.0000,3257.2000,3295.4000,3295.6000,3296.6000,3296.8000,3299.8000,1,3,1,1,1,3,1,1,1,1
SF,IH2010,2020-08-24 09:32:14.800,3307.4000,8,1,7939980.000,1,1,0,双开,S,3284.8000,3284.4000,3282.2000,3280.0000,3257.2000,3293.8000,3295.2000,3295.4000,3299.8000,3322.0000,2,1,1,1,1,1,2,4,1,1
SF,IH2010,2020-08-24 09:32:15.300,3307.4000,8,0,7939980.000,0,-,-,-,-,3284.8000,3284.4000,3282.2000,3280.0000,3257.2000,3293.6000,3293.8000,3295.2000,3295.4000,3299.8000,2,1,1,1,1,3,2,2,1,1
SF,IH2010,2020-08-24 09:32:15.800,3307.4000,9,1,8932200.000,1,1,0,双开,S,3284.4000,3282.2000,3280.0000,3257.2000,3253.8000,3293.6000,3293.8000,3295.2000,3295.4000,3299.8000,1,1,1,1,4,2,2,2,1,1
SF,IH2010,2020-08-24 09:32:16.300,3307.4000,9,0,8932200.000,0,-,-,-,-,3284.6000,3282.2000,3280.0000,3257.2000,3253.8000,3293.6000,3293.8000,3295.2000,3295.4000,3299.8000,1,1,1,1,4,2,2,2,1,1
SF,IH2010,2020-08-24 09:32:16.800,3307.4000,10,1,9924420.000,1,1,0,双开,S,3284.6000,3282.2000,3280.0000,3257.2000,3253.8000,3292.4000,3293.6000,3293.8000,3295.2000,3295.4000,1,1,1,1,4,1,2,2,2,1
SF,IH2010,2020-08-24 09:32:17.300,3307.4000,10,0,9924420.000,0,-,-,-,-,3284.6000,3282.2000,3280.0000,3257.2000,3253.8000,3292.2000,3292.4000,3293.8000,3295.2000,3295.4000,1,1,1,1,4,2,1,1,1,1
SF,IH2010,2020-08-24 09:32:17.800,3307.4000,10,0,9924420.000,0,-,-,-,-,3284.6000,3282.2000,3280.0000,3257.2000,3253.8000,3292.2000,3292.4000,3295.2000,3295.4000,3299.8000,1,1,1,1,4,2,1,1,1,1
SF,IH2010,2020-08-24 09:32:18.300,3307.4000,10,0,9924420.000,0,-,-,-,-,3284.6000,3282.2000,3280.0000,3257.2000,3253.8000,3291.0000,3292.2000,3295.2000,3295.4000,3299.8000,1,1,1,1,4,1,2,1,1,1
SF,IH2010,2020-08-24 09:32:18.800,3307.4000,10,0,9924420.000,0,-,-,-,-,3284.6000,3282.2000,3280.0000,3257.2000,3253.8000,3295.2000,3299.8000,3322.0000,3333.8000,3361.0000,1,1,1,1,4,1,1,1,4,1
SF,IH2010,2020-08-24 09:32:19.300,3307.4000,10,0,9924420.000,0,-,-,-,-,3284.6000,3282.2000,3280.0000,3257.2000,3253.8000,3290.2000,3295.0000,3295.2000,3299.8000,3322.0000,1,1,1,1,4,1,3,2,1,1
SF,IH2010,2020-08-24 09:32:19.800,3307.4000,10,0,9924420.000,0,-,-,-,-,3284.6000,3282.2000,3280.0000,3257.2000,3253.8000,3290.2000,3295.0000,3295.2000,3299.8000,3322.0000,1,1,1,1,4,1,1,2,1,1
SF,IH2010,2020-08-24 09:32:20.300,3307.4000,10,0,9924420.000,0,-,-,-,-,3284.6000,3282.2000,3280.0000,3257.2000,3253.8000,3289.4000,3295.0000,3295.2000,3298.6000,3299.8000,1,1,1,1,4,1,1,1,1,1
SF,IH2010,2020-08-24 09:32:20.800,3289.4000,11,1,10911240.000,1,1,0,双开,S,3282.2000,3280.0000,3257.2000,3253.8000,3202.2000,3295.0000,3298.6000,3299.8000,3322.0000,3333.8000,1,1,1,4,1,1,1,1,1,4
SF,IH2010,2020-08-24 09:32:21.300,3289.4000,11,0,10911240.000,0,-,-,-,-,3282.4000,3282.2000,3280.0000,3257.2000,3253.8000,3294.8000,3295.0000,3298.6000,3299.8000,3322.0000,1,1,1,1,4,2,1,1,1,1
SF,IH2010,2020-08-24 09:32:21.800,3289.4000,11,0,10911240.000,0,-,-,-,-,3282.4000,3282.2000,3280.0000,3257.2000,3253.8000,3294.8000,3298.6000,3299.8000,3322.0000,3333.8000,3,1,1,1,4,2,1,1,1,4
SF,IH2010,2020-08-24 09:32:22.300,3289.4000,11,0,10911240.000,0,-,-,-,-,3283.8000,3282.4000,3282.2000,3280.0000,3257.2000,3294.8000,3298.6000,3299.8000,3322.0000,3333.8000,1,2,1,1,1,2,1,1,1,4
SF,IH2010,2020-08-24 09:32:22.800,3289.4000,11,0,10911240.000,0,-,-,-,-,3284.0000,3283.8000,3282.2000,3280.0000,3257.2000,3294.8000,3298.6000,3299.8000,3322.0000,3333.8000,1,1,1,1,1,2,1,1,1,4
SF,IH2010,2020-08-24 09:32:23.800,3289.4000,11,0,10911240.000,0,-,-,-,-,3285.0000,3284.0000,3282.2000,3280.0000,3257.2000,3294.8000,3298.6000,3299.8000,3322.0000,3333.8000,1,1,1,1,1,2,1,1,1,4
SF,IH2010,2020-08-24 09:32:24.300,3289.4000,11,0,10911240.000,0,-,-,-,-,3285.2000,3285.0000,3282.2000,3280.0000,3257.2000,3294.4000,3294.8000,3298.6000,3299.8000,3322.0000,1,1,1,1,1,1,2,1,1,1
SF,IH2010,2020-08-24 09:32:24.800,3289.4000,11,0,10911240.000,0,-,-,-,-,3285.2000,3285.0000,3282.2000,3280.0000,3257.2000,3294.2000,3294.4000,3294.8000,3298.6000,3299.8000,1,1,1,1,1,2,1,1,1,1
SF,IH2010,2020-08-24 09:32:25.300,3289.4000,11,0,10911240.000,0,-,-,-,-,3286.0000,3285.2000,3282.2000,3280.0000,3257.2000,3294.2000,3294.4000,3294.8000,3298.6000,3299.8000,1,1,1,1,1,2,1,1,1,1
SF,IH2010,2020-08-24 09:32:25.800,3289.4000,11,0,10911240.000,0,-,-,-,-,3286.2000,3286.0000,3282.2000,3280.0000,3257.2000,3294.2000,3294.4000,3294.8000,3298.6000,3299.8000,1,1,1,1,1,2,1,1,1,1
SF,IH2010,2020-08-24 09:32:26.300,3289.4000,11,0,10911240.000,0,-,-,-,-,3286.2000,3286.0000,3282.2000,3280.0000,3257.2000,3294.2000,3294.8000,3298.6000,3299.8000,3322.0000,1,1,1,1,1,2,1,1,1,1
SF,IH2010,2020-08-24 09:32:27.300,3289.4000,11,0,10911240.000,0,-,-,-,-,3286.2000,3286.0000,3282.2000,3280.0000,3257.2000,3294.2000,3294.8000,3298.6000,3299.8000,3322.0000,1,1,1,1,1,3,1,1,1,1
SF,IH2010,2020-08-24 09:32:29.300,3289.4000,11,0,10911240.000,0,-,-,-,-,3286.2000,3286.0000,3282.2000,3280.0000,3257.2000,3294.2000,3294.8000,3298.6000,3299.8000,3322.0000,1,1,1,1,1,1,1,1,1,1
SF,IH2010,2020-08-24 09:32:29.800,3289.4000,11,0,10911240.000,0,-,-,-,-,3286.2000,3286.0000,3282.2000,3280.0000,3257.2000,3298.6000,3299.8000,3322.0000,3333.8000,3361.0000,1,1,1,1,1,1,1,1,4,1
SF,IH2010,2020-08-24 09:32:30.300,3289.4000,11,0,10911240.000,0,-,-,-,-,3286.2000,3286.0000,3282.2000,3280.0000,3257.2000,3298.4000,3298.6000,3299.8000,3322.0000,3333.8000,1,1,1,1,1,2,2,1,1,4
SF,IH2010,2020-08-24 09:32:30.800,3289.4000,11,0,10911240.000,0,-,-,-,-,3286.4000,3286.2000,3286.0000,3282.2000,3280.0000,3298.4000,3298.6000,3306.6000,3322.0000,3333.8000,1,1,1,1,1,2,1,1,1,4
SF,IH2010,2020-08-24 09:32:31.300,3289.4000,11,0,10911240.000,0,-,-,-,-,3286.6000,3286.4000,3286.0000,3282.2000,3280.0000,3295.4000,3298.4000,3298.6000,3306.6000,3322.0000,1,1,1,1,1,1,2,1,1,1
SF,IH2010,2020-08-24 09:32:31.800,3289.4000,11,0,10911240.000,0,-,-,-,-,3286.6000,3286.4000,3286.0000,3282.2000,3280.0000,3295.2000,3295.4000,3298.2000,3298.6000,3299.8000,1,1,1,1,1,2,1,1,1,1
SF,IH2010,2020-08-24 09:32:32.300,3289.4000,11,0,10911240.000,0,-,-,-,-,3286.6000,3286.4000,3286.0000,3282.2000,3280.0000,3295.2000,3295.4000,3298.2000,3298.6000,3299.8000,1,1,1,1,1,2,1,1,1,1
SF,IH2010,2020-08-24 09:32:32.800,3289.4000,11,0,10911240.000,0,-,-,-,-,3286.6000,3286.4000,3282.2000,3280.0000,3257.2000,3295.2000,3295.4000,3298.2000,3298.6000,3299.8000,1,1,1,1,1,2,1,1,1,1
SF,IH2010,2020-08-24 09:32:33.300,3289.4000,11,0,10911240.000,0,-,-,-,-,3286.6000,3282.2000,3280.0000,3257.2000,3253.8000,3295.2000,3295.4000,3298.2000,3298.6000,3299.8000,1,1,1,1,4,2,1,1,1,1
SF,IH2010,2020-08-24 09:32:33.800,3289.4000,11,0,10911240.000,0,-,-,-,-,3286.6000,3282.2000,3280.0000,3257.2000,3253.8000,3295.2000,3295.4000,3298.2000,3298.6000,3299.8000,1,1,1,1,4,2,1,1,1,1
SF,IH2010,2020-08-24 09:32:34.800,3289.4000,11,0,10911240.000,0,-,-,-,-,3286.8000,3286.6000,3282.2000,3280.0000,3257.2000,3295.2000,3295.4000,3298.6000,3299.8000,3306.6000,2,1,1,1,1,1,1,1,1,1
SF,IH2010,2020-08-24 09:32:35.300,3289.4000,11,0,10911240.000,0,-,-,-,-,3289.0000,3287.0000,3286.8000,3282.2000,3280.0000,3295.2000,3295.4000,3298.6000,3299.8000,3306.6000,1,2,1,1,1,1,1,1,1,1
SF,IH2010,2020-08-24 09:32:35.800,3289.4000,11,0,10911240.000,0,-,-,-,-,3289.2000,3289.0000,3286.8000,3282.2000,3280.0000,3295.2000,3297.0000,3298.6000,3299.8000,3306.6000,1,1,1,1,1,1,1,1,1,1
SF,IH2010,2020-08-24 09:32:37.300,3289.4000,11,0,10911240.000,0,-,-,-,-,3289.4000,3289.2000,3289.0000,3282.2000,3280.0000,3295.2000,3297.0000,3298.6000,3299.8000,3306.6000,1,1,1,1,1,1,1,1,1,1
SF,IH2010,2020-08-24 09:32:37.800,3289.4000,11,0,10911240.000,0,-,-,-,-,3289.6000,3289.4000,3289.0000,3282.2000,3280.0000,3295.2000,3297.0000,3298.6000,3299.8000,3304.4000,1,1,1,1,1,1,1,1,1,1
SF,IH2010,2020-08-24 09:32:38.300,3289.4000,11,0,10911240.000,0,-,-,-,-,3289.6000,3289.4000,3285.4000,3282.2000,3280.0000,3295.2000,3297.0000,3298.6000,3299.8000,3304.4000,1,1,1,1,1,1,1,1,1,1
SF,IH2010,2020-08-24 09:32:40.300,3289.4000,11,0,10911240.000,0,-,-,-,-,3289.8000,3289.6000,3285.4000,3282.2000,3280.0000,3295.2000,3297.0000,3298.6000,3299.8000,3304.4000,1,1,1,1,1,1,1,1,1,1
SF,IH2010,2020-08-24 09:32:40.800,3289.4000,11,0,10911240.000,0,-,-,-,-,3290.0000,3289.8000,3285.4000,3282.2000,3280.0000,3297.0000,3298.6000,3299.8000,3304.4000,3306.6000,1,1,1,1,1,1,1,1,1,1
SF,IH2010,2020-08-24 09:32:41.300,3289.4000,11,0,10911240.000,0,-,-,-,-,3290.0000,3289.8000,3285.4000,3282.2000,3280.0000,3296.8000,3297.0000,3298.6000,3299.8000,3304.4000,1,1,1,1,1,1,1,1,1,1
SF,IH2010,2020-08-24 09:32:42.800,3289.4000,11,0,10911240.000,0,-,-,-,-,3290.2000,3290.0000,3285.4000,3282.2000,3280.0000,3296.8000,3297.0000,3298.6000,3299.8000,3304.4000,1,1,1,1,1,1,1,1,1,1
SF,IH2010,2020-08-24 09:32:43.300,3289.4000,11,0,10911240.000,0,-,-,-,-,3290.4000,3290.2000,3285.4000,3282.2000,3280.0000,3296.8000,3297.0000,3298.6000,3299.8000,3304.4000,1,1,1,1,1,1,1,1,1,1
SF,IH2010,2020-08-24 09:32:43.800,3289.4000,11,0,10911240.000,0,-,-,-,-,3290.2000,3285.4000,3282.2000,3280.0000,3257.2000,3296.8000,3297.0000,3298.6000,3299.8000,3304.4000,1,1,1,1,1,1,1,1,1,1
SF,IH2010,2020-08-24 09:32:44.300,3289.4000,11,0,10911240.000,0,-,-,-,-,3290.4000,3290.2000,3285.4000,3282.2000,3280.0000,3296.8000,3297.0000,3298.6000,3299.8000,3304.4000,1,1,1,1,1,1,1,1,1,1
SF,IH2010,2020-08-24 09:32:44.800,3289.4000,11,0,10911240.000,0,-,-,-,-,3290.4000,3290.2000,3285.4000,3282.2000,3280.0000,3296.8000,3297.0000,3298.6000,3299.8000,3304.4000,1,1,1,1,1,1,1,1,1,1
SF,IH2010,2020-08-24 09:32:45.300,3289.4000,11,0,10911240.000,0,-,-,-,-,3290.6000,3290.4000,3285.4000,3282.2000,3280.0000,3296.8000,3297.0000,3298.6000,3299.8000,3304.4000,1,1,1,1,1,1,1,1,1,1
SF,IH2010,2020-08-24 09:32:45.800,3289.4000,11,0,10911240.000,0,-,-,-,-,3290.8000,3290.6000,3285.4000,3282.2000,3280.0000,3296.8000,3297.0000,3298.6000,3299.8000,3304.4000,1,1,1,1,1,1,1,1,1,1
SF,IH2010,2020-08-24 09:32:46.300,3289.4000,11,0,10911240.000,0,-,-,-,-,3290.8000,3290.6000,3285.4000,3282.2000,3280.0000,3296.8000,3297.0000,3298.6000,3304.4000,3306.6000,1,1,1,1,1,1,1,1,1,1
SF,IH2010,2020-08-24 09:32:47.800,3289.4000,11,0,10911240.000,0,-,-,-,-,3291.0000,3290.8000,3285.4000,3282.2000,3280.0000,3296.8000,3297.0000,3298.6000,3304.4000,3306.6000,1,1,1,1,1,1,1,1,1,1
SF,IH2010,2020-08-24 09:32:48.300,3289.4000,11,0,10911240.000,0,-,-,-,-,3291.2000,3291.0000,3285.4000,3282.2000,3280.0000,3296.8000,3297.0000,3298.6000,3304.4000,3306.6000,1,1,1,1,1,1,1,1,1,1
SF,IH2010,2020-08-24 09:32:49.300,3289.4000,11,0,10911240.000,0,-,-,-,-,3291.2000,3291.0000,3285.4000,3282.2000,3280.0000,3296.8000,3297.0000,3298.6000,3306.6000,3307.6000,1,1,1,1,1,1,1,1,1,3
SF,IH2010,2020-08-24 09:32:50.300,3289.4000,11,0,10911240.000,0,-,-,-,-,3291.4000,3291.2000,3285.4000,3282.2000,3280.0000,3296.8000,3297.0000,3298.6000,3306.6000,3307.2000,1,1,1,1,1,1,1,1,1,1
SF,IH2010,2020-08-24 09:32:50.800,3289.4000,11,0,10911240.000,0,-,-,-,-,3291.6000,3291.4000,3285.4000,3282.2000,3280.0000,3296.8000,3297.0000,3298.6000,3306.6000,3307.2000,1,1,1,1,1,1,1,1,1,1
SF,IH2010,2020-08-24 09:32:52.800,3289.4000,11,0,10911240.000,0,-,-,-,-,3291.6000,3285.4000,3282.2000,3280.0000,3257.2000,3296.8000,3297.0000,3298.6000,3306.6000,3307.2000,1,1,1,1,1,1,1,1,1,1
SF,IH2010,2020-08-24 09:32:53.300,3289.4000,11,0,10911240.000,0,-,-,-,-,3285.4000,3282.2000,3280.0000,3257.2000,3253.8000,3296.8000,3297.0000,3298.6000,3306.6000,3307.2000,1,1,1,1,4,1,1,1,1,1
SF,IH2010,2020-08-24 09:32:53.800,3289.4000,11,0,10911240.000,0,-,-,-,-,3286.0000,3285.6000,3285.4000,3282.2000,3280.0000,3297.0000,3298.6000,3306.6000,3307.2000,3307.6000,1,2,1,1,1,1,1,1,1,3
SF,IH2010,2020-08-24 09:32:54.300,3289.4000,11,0,10911240.000,0,-,-,-,-,3286.2000,3286.0000,3285.6000,3285.4000,3282.2000,3297.0000,3298.6000,3306.6000,3307.2000,3307.6000,2,1,2,1,1,1,1,1,1,3
SF,IH2010,2020-08-24 09:32:54.800,3289.4000,11,0,10911240.000,0,-,-,-,-,3286.2000,3286.0000,3285.6000,3285.4000,3282.2000,3296.8000,3297.0000,3298.6000,3306.6000,3307.2000,2,1,1,1,1,1,1,1,1,1
SF,IH2010,2020-08-24 09:32:55.300,3289.4000,11,0,10911240.000,0,-,-,-,-,3286.2000,3286.0000,3285.6000,3285.4000,3282.2000,3296.8000,3297.0000,3298.6000,3306.6000,3307.2000,2,1,1,1,1,1,1,1,1,1
SF,IH2010,2020-08-24 09:32:55.800,3289.4000,11,0,10911240.000,0,-,-,-,-,3287.0000,3286.2000,3285.6000,3285.4000,3282.2000,3296.8000,3297.0000,3298.6000,3306.6000,3307.2000,1,2,1,1,1,1,1,1,1,1
SF,IH2010,2020-08-24 09:32:56.300,3289.4000,11,0,10911240.000,0,-,-,-,-,3287.2000,3287.0000,3286.2000,3285.4000,3282.2000,3296.8000,3297.0000,3298.6000,3306.6000,3307.2000,2,1,1,1,1,1,1,1,1,1
SF,IH2010,2020-08-24 09:32:56.800,3289.4000,11,0,10911240.000,0,-,-,-,-,3287.4000,3287.2000,3287.0000,3285.4000,3282.2000,3296.8000,3297.0000,3298.6000,3306.6000,3307.2000,1,2,1,1,1,1,1,1,1,1
SF,IH2010,2020-08-24 09:32:57.300,3289.4000,11,0,10911240.000,0,-,-,-,-,3289.6000,3287.8000,3287.6000,3287.4000,3287.2000,3296.8000,3297.0000,3298.6000,3306.6000,3307.2000,2,1,1,1,1,1,1,1,1,1
SF,IH2010,2020-08-24 09:32:57.800,3289.4000,11,0,10911240.000,0,-,-,-,-,3289.8000,3289.6000,3287.8000,3287.4000,3287.2000,3296.8000,3297.0000,3298.6000,3306.6000,3307.2000,1,2,1,1,1,1,1,1,1,1
SF,IH2010,2020-08-24 09:32:58.800,3289.4000,11,0,10911240.000,0,-,-,-,-,3290.0000,3289.8000,3289.6000,3287.4000,3285.4000,3296.8000,3297.0000,3298.6000,3306.6000,3307.2000,1,1,2,1,1,1,1,1,1,1
SF,IH2010,2020-08-24 09:32:59.300,3289.4000,11,0,10911240.000,0,-,-,-,-,3290.2000,3290.0000,3289.6000,3285.4000,3282.2000,3296.8000,3297.0000,3298.6000,3306.6000,3307.2000,1,1,2,1,1,1,1,1,1,1
SF,IH2010,2020-08-24 09:33:00.800,3289.4000,11,0,10911240.000,0,-,-,-,-,3290.6000,3290.2000,3290.0000,3285.4000,3282.2000,3296.8000,3297.0000,3298.6000,3306.6000,3307.2000,2,1,1,1,1,1,1,1,1,1
SF,IH2010,2020-08-24 09:33:01.300,3289.4000,11,0,10911240.000,0,-,-,-,-,3290.8000,3290.6000,3285.4000,3282.2000,3280.0000,3296.8000,3297.0000,3306.6000,3307.2000,3307.6000,2,2,1,1,1,1,1,1,1,3
SF,IH2010,2020-08-24 09:33:02.300,3289.4000,11,0,10911240.000,0,-,-,-,-,3290.8000,3285.4000,3282.2000,3280.0000,3257.2000,3296.8000,3297.0000,3306.6000,3307.2000,3307.6000,2,1,1,1,1,1,1,1,1,3
SF,IH2010,2020-08-24 09:33:02.800,3289.4000,11,0,10911240.000,0,-,-,-,-,3290.8000,3285.4000,3282.2000,3280.0000,3257.2000,3296.8000,3297.0000,3306.6000,3307.2000,3307.6000,1,1,1,1,1,1,1,1,1,3
SF,IH2010,2020-08-24 09:33:03.300,3289.4000,11,0,10911240.000,0,-,-,-,-,3290.8000,3285.4000,3282.2000,3280.0000,3257.2000,3296.8000,3297.0000,3306.6000,3307.2000,3307.6000,1,1,1,1,1,1,1,1,1,3
SF,IH2010,2020-08-24 09:33:03.800,3289.4000,11,0,10911240.000,0,-,-,-,-,3290.8000,3285.4000,3282.2000,3280.0000,3257.2000,3296.8000,3297.0000,3306.6000,3307.2000,3307.6000,1,1,1,1,1,1,1,1,1,3
SF,IH2010,2020-08-24 09:33:04.300,3289.4000,11,0,10911240.000,0,-,-,-,-,3285.4000,3282.2000,3280.0000,3257.2000,3253.8000,3296.8000,3297.0000,3306.6000,3307.2000,3307.6000,1,1,1,1,4,1,1,1,1,3
SF,IH2010,2020-08-24 09:33:04.800,3289.4000,11,0,10911240.000,0,-,-,-,-,3285.6000,3285.4000,3282.2000,3280.0000,3257.2000,3296.8000,3297.0000,3306.6000,3307.2000,3307.6000,2,1,1,1,1,1,1,1,1,3
SF,IH2010,2020-08-24 09:33:08.800,3289.4000,11,0,10911240.000,0,-,-,-,-,3286.0000,3285.6000,3285.4000,3282.2000,3280.0000,3296.8000,3297.0000,3306.6000,3307.2000,3307.6000,1,2,1,1,1,1,1,1,1,3
SF,IH2010,2020-08-24 09:33:09.300,3289.4000,11,0,10911240.000,0,-,-,-,-,3286.2000,3286.0000,3285.8000,3285.4000,3282.2000,3297.0000,3306.6000,3307.2000,3307.6000,3322.0000,2,1,1,1,1,1,1,1,3,1
SF,IH2010,2020-08-24 09:33:09.800,3289.4000,11,0,10911240.000,0,-,-,-,-,3286.2000,3285.8000,3285.4000,3282.2000,3280.0000,3297.0000,3306.6000,3307.6000,3322.0000,3333.8000,3,1,1,1,1,1,1,3,1,4
SF,IH2010,2020-08-24 09:33:10.300,3289.4000,11,0,10911240.000,0,-,-,-,-,3286.6000,3286.2000,3285.8000,3285.4000,3282.2000,3296.8000,3297.0000,3306.6000,3307.6000,3322.0000,1,2,1,1,1,1,1,1,3,1
SF,IH2010,2020-08-24 09:33:10.800,3289.4000,11,0,10911240.000,0,-,-,-,-,3287.0000,3286.8000,3286.2000,3285.4000,3282.2000,3297.0000,3306.6000,3307.6000,3322.0000,3333.8000,1,2,1,1,1,1,1,3,1,4
SF,IH2010,2020-08-24 09:33:11.300,3289.4000,11,0,10911240.000,0,-,-,-,-,3287.2000,3287.0000,3286.8000,3286.2000,3285.4000,3296.8000,3297.0000,3306.6000,3307.6000,3322.0000,1,1,1,1,1,1,1,1,3,1
SF,IH2010,2020-08-24 09:33:11.800,3289.4000,11,0,10911240.000,0,-,-,-,-,3287.4000,3287.2000,3286.8000,3285.4000,3282.2000,3296.8000,3297.0000,3306.6000,3307.6000,3322.0000,2,1,1,1,1,1,1,1,3,1
SF,IH2010,2020-08-24 09:33:12.300,3289.4000,11,0,10911240.000,0,-,-,-,-,3287.6000,3287.4000,3286.8000,3285.4000,3282.2000,3296.8000,3297.0000,3306.6000,3307.6000,3322.0000,1,2,1,1,1,1,1,1,3,1
SF,IH2010,2020-08-24 09:33:12.800,3289.4000,11,0,10911240.000,0,-,-,-,-,3287.6000,3287.4000,3285.4000,3282.2000,3280.0000,3296.8000,3297.0000,3306.6000,3307.6000,3322.0000,1,2,1,1,1,1,1,1,3,1
SF,IH2010,2020-08-24 09:33:13.300,3289.4000,11,0,10911240.000,0,-,-,-,-,3287.6000,3287.4000,3285.4000,3282.2000,3280.0000,3296.8000,3297.0000,3306.6000,3307.6000,3322.0000,1,2,1,1,1,1,1,1,3,1
SF,IH2010,2020-08-24 09:33:13.800,3296.8000,12,1,11900280.000,1,1,0,双开,S,3287.8000,3287.6000,3287.4000,3285.4000,3282.2000,3297.0000,3306.6000,3307.6000,3322.0000,3333.8000,1,1,1,1,1,1,1,3,1,4
SF,IH2010,2020-08-24 09:33:14.300,3296.8000,12,0,11900280.000,0,-,-,-,-,3288.0000,3287.8000,3287.4000,3285.4000,3282.2000,3296.8000,3297.0000,3306.6000,3307.6000,3322.0000,1,1,1,1,1,1,1,1,3,1
SF,IH2010,2020-08-24 09:33:14.800,3296.8000,12,0,11900280.000,0,-,-,-,-,3288.0000,3287.8000,3287.4000,3285.4000,3282.2000,3296.8000,3297.0000,3306.6000,3307.6000,3322.0000,1,1,1,1,1,1,1,1,3,1
SF,IH2010,2020-08-24 09:33:15.300,3296.8000,12,0,11900280.000,0,-,-,-,-,3288.0000,3287.8000,3287.4000,3285.4000,3282.2000,3296.8000,3297.0000,3306.6000,3307.6000,3322.0000,1,1,1,1,1,1,1,1,3,1
SF,IH2010,2020-08-24 09:33:15.800,3296.8000,12,0,11900280.000,0,-,-,-,-,3288.4000,3288.0000,3287.8000,3285.4000,3282.2000,3296.8000,3297.0000,3306.6000,3307.6000,3322.0000,1,1,1,1,1,1,1,1,3,1
SF,IH2010,2020-08-24 09:33:16.300,3296.8000,12,0,11900280.000,0,-,-,-,-,3288.6000,3288.4000,3285.4000,3282.2000,3280.0000,3296.8000,3297.0000,3306.6000,3307.6000,3322.0000,1,1,1,1,1,1,1,1,3,1
SF,IH2010,2020-08-24 09:33:16.800,3296.8000,12,0,11900280.000,0,-,-,-,-,3288.6000,3288.4000,3285.4000,3282.2000,3280.0000,3297.0000,3306.6000,3307.6000,3322.0000,3333.8000,1,1,1,1,1,1,1,3,1,4
SF,IH2010,2020-08-24 09:33:17.300,3296.8000,12,0,11900280.000,0,-,-,-,-,3289.0000,3288.6000,3285.4000,3282.2000,3280.0000,3296.8000,3297.0000,3306.6000,3307.6000,3322.0000,1,1,1,1,1,1,1,1,3,1
SF,IH2010,2020-08-24 09:33:17.800,3296.8000,13,1,12889320.000,1,1,0,双开,S,3289.2000,3289.0000,3285.4000,3282.2000,3280.0000,3297.0000,3306.6000,3307.6000,3322.0000,3333.8000,1,1,1,1,1,1,1,3,1,4
SF,IH2010,2020-08-24 09:33:18.300,3296.8000,13,0,12889320.000,0,-,-,-,-,3289.2000,3289.0000,3285.4000,3282.2000,3280.0000,3296.8000,3297.0000,3306.6000,3307.6000,3322.0000,1,1,1,1,1,1,1,1,3,1
SF,IH2010,2020-08-24 09:33:18.800,3296.8000,13,0,12889320.000,0,-,-,-,-,3289.6000,3289.2000,3285.4000,3282.2000,3280.0000,3296.4000,3296.8000,3297.0000,3306.6000,3307.6000,1,1,1,1,1,1,1,1,1,3
SF,IH2010,2020-08-24 09:33:19.300,3296.8000,13,0,12889320.000,0,-,-,-,-,3289.8000,3289.6000,3285.4000,3282.2000,3280.0000,3296.0000,3296.2000,3296.4000,3297.0000,3306.6000,1,1,1,1,1,1,1,1,1,1
SF,IH2010,2020-08-24 09:33:19.800,3296.8000,13,0,12889320.000,0,-,-,-,-,3289.8000,3289.6000,3285.4000,3282.2000,3280.0000,3295.8000,3296.0000,3297.0000,3306.6000,3307.6000,1,1,1,1,1,2,1,1,1,3
SF,IH2010,2020-08-24 09:33:20.300,3296.8000,13,0,12889320.000,0,-,-,-,-,3289.8000,3285.4000,3282.2000,3280.0000,3257.2000,3295.0000,3295.8000,3296.0000,3297.0000,3306.6000,1,1,1,1,1,1,1,1,1,1
SF,IH2010,2020-08-24 09:33:20.800,3296.8000,13,0,12889320.000,0,-,-,-,-,3289.8000,3285.4000,3282.2000,3280.0000,3257.2000,3295.0000,3297.0000,3306.6000,3307.6000,3322.0000,1,1,1,1,1,2,1,1,3,1
SF,IH2010,2020-08-24 09:33:21.300,3296.8000,14,1,13878360.000,1,1,0,双开,S,3289.8000,3285.4000,3282.2000,3280.0000,3257.2000,3295.0000,3297.0000,3306.6000,3307.6000,3322.0000,1,1,1,1,1,1,1,1,3,1
SF,IH2010,2020-08-24 09:33:21.800,3296.8000,14,0,13878360.000,0,-,-,-,-,3289.8000,3285.4000,3282.2000,3280.0000,3257.2000,3295.0000,3295.6000,3297.0000,3306.6000,3307.6000,1,1,1,1,1,1,1,1,1,3
SF,IH2010,2020-08-24 09:33:22.800,3296.8000,14,0,13878360.000,0,-,-,-,-,3289.8000,3285.4000,3282.2000,3280.0000,3257.2000,3294.8000,3295.0000,3297.0000,3306.6000,3307.6000,1,1,1,1,1,2,1,1,1,3
SF,IH2010,2020-08-24 09:33:23.300,3296.8000,14,0,13878360.000,0,-,-,-,-,3292.4000,3289.8000,3285.4000,3282.2000,3280.0000,3294.4000,3294.8000,3295.0000,3296.0000,3297.0000,1,1,1,1,1,1,3,1,1,1
SF,IH2010,2020-08-24 09:33:23.800,3296.8000,14,0,13878360.000,0,-,-,-,-,3292.4000,3289.8000,3285.4000,3282.2000,3280.0000,3294.8000,3296.0000,3297.0000,3306.6000,3307.6000,1,1,1,1,1,2,1,1,1,3
SF,IH2010,2020-08-24 09:33:24.300,3296.8000,14,0,13878360.000,0,-,-,-,-,3292.4000,3289.8000,3285.4000,3282.2000,3280.0000,3294.8000,3296.0000,3297.0000,3306.6000,3307.6000,1,1,1,1,1,1,1,1,1,3
SF,IH2010,2020-08-24 09:33:24.800,3296.8000,14,0,13878360.000,0,-,-,-,-,3292.4000,3289.8000,3285.4000,3282.2000,3280.0000,3294.8000,3295.8000,3296.0000,3296.6000,3296.8000,1,1,1,1,1,1,1,1,1,1
SF,IH2010,2020-08-24 09:33:25.300,3296.8000,14,0,13878360.000,0,-,-,-,-,3292.4000,3289.8000,3285.4000,3282.2000,3280.0000,3294.8000,3296.0000,3296.6000,3296.8000,3297.0000,1,1,1,1,1,1,1,1,1,1
SF,IH2010,2020-08-24 09:33:25.800,3296.8000,14,0,13878360.000,0,-,-,-,-,3292.4000,3289.8000,3285.4000,3282.2000,3280.0000,3294.8000,3296.0000,3296.6000,3297.0000,3306.6000,1,1,1,1,1,1,1,1,1,1
SF,IH2010,2020-08-24 09:33:26.300,3296.8000,14,0,13878360.000,0,-,-,-,-,3292.4000,3289.8000,3282.2000,3280.0000,3257.2000,3294.8000,3296.0000,3296.6000,3297.0000,3306.6000,1,1,1,1,1,1,1,1,1,1
SF,IH2010,2020-08-24 09:33:26.800,3296.8000,14,0,13878360.000,0,-,-,-,-,3292.4000,3289.8000,3282.2000,3280.0000,3257.2000,3294.6000,3296.6000,3297.0000,3306.6000,3307.6000,1,1,1,1,1,1,1,1,1,3
SF,IH2010,2020-08-24 09:33:27.300,3296.8000,14,0,13878360.000,0,-,-,-,-,3292.4000,3289.8000,3282.2000,3280.0000,3257.2000,3295.4000,3295.8000,3296.6000,3297.0000,3306.6000,1,1,1,1,1,1,1,1,1,1
SF,IH2010,2020-08-24 09:33:27.800,3296.8000,14,0,13878360.000,0,-,-,-,-,3289.8000,3282.2000,3280.0000,3257.2000,3253.8000,3295.4000,3295.8000,3297.0000,3306.6000,3307.6000,1,1,1,1,4,1,1,1,1,3
SF,IH2010,2020-08-24 09:33:28.300,3296.8000,14,0,13878360.000,0,-,-,-,-,3294.8000,3289.8000,3282.2000,3280.0000,3257.2000,3295.4000,3295.8000,3297.0000,3306.6000,3307.6000,1,1,1,1,1,1,1,1,1,3
SF,IH2010,2020-08-24 09:33:28.800,3294.8000,15,1,14866800.000,1,1,0,双开,S,3282.2000,3280.0000,3257.2000,3253.8000,3202.2000,3295.4000,3295.8000,3297.0000,3299.4000,3306.6000,1,1,1,4,1,1,1,1,1,1
SF,IH2010,2020-08-24 09:33:29.300,3294.8000,15,0,14866800.000,0,-,-,-,-,3282.4000,3282.2000,3280.0000,3257.2000,3253.8000,3295.2000,3295.4000,3297.0000,3299.4000,3306.6000,1,1,1,1,4,1,1,1,1,1
SF,IH2010,2020-08-24 09:33:29.800,3294.8000,15,0,14866800.000,0,-,-,-,-,3282.4000,3282.2000,3280.0000,3257.2000,3253.8000,3295.2000,3295.4000,3297.0000,3299.4000,3306.6000,2,1,1,1,4,1,1,1,1,1
SF,IH2010,2020-08-24 09:33:30.300,3294.8000,15,0,14866800.000,0,-,-,-,-,3289.2000,3285.6000,3284.6000,3282.4000,3282.2000,3294.6000,3295.2000,3295.4000,3297.0000,3306.6000,1,1,1,1,1,1,1,1,1,1
SF,IH2010,2020-08-24 09:33:30.800,3294.8000,15,0,14866800.000,0,-,-,-,-,3289.4000,3289.2000,3285.6000,3285.4000,3284.6000,3294.6000,3295.2000,3295.4000,3297.0000,3306.6000,1,1,1,1,1,1,1,1,1,1
SF,IH2010,2020-08-24 09:33:31.300,3294.8000,15,0,14866800.000,0,-,-,-,-,3289.4000,3289.2000,3285.6000,3285.4000,3284.6000,3294.6000,3295.2000,3295.4000,3297.0000,3306.6000,1,1,1,1,1,1,1,1,1,1
SF,IH2010,2020-08-24 09:33:31.800,3294.8000,15,0,14866800.000,0,-,-,-,-,3289.4000,3289.2000,3285.6000,3285.4000,3284.6000,3294.6000,3295.2000,3295.4000,3297.0000,3306.6000,1,1,1,1,1,1,1,1,1,1
SF,IH2010,2020-08-24 09:33:32.300,3294.8000,16,1,15855240.000,1,1,0,双开,S,3289.4000,3289.2000,3285.6000,3285.4000,3284.6000,3294.6000,3295.2000,3295.4000,3297.0000,3306.6000,1,1,1,1,1,1,1,1,1,1
SF,IH2010,2020-08-24 09:33:32.800,3294.8000,16,0,15855240.000,0,-,-,-,-,3289.4000,3289.2000,3285.6000,3284.6000,3282.2000,3294.6000,3295.4000,3297.0000,3306.6000,3307.6000,1,1,1,1,1,1,1,1,1,3
SF,IH2010,2020-08-24 09:33:33.300,3294.8000,16,0,15855240.000,0,-,-,-,-,3289.4000,3289.2000,3285.6000,3284.6000,3282.2000,3294.0000,3294.4000,3294.6000,3297.0000,3306.6000,1,1,1,1,1,1,1,1,1,1
SF,IH2010,2020-08-24 09:33:33.800,3294.8000,16,0,15855240.000,0,-,-,-,-,3289.4000,3289.2000,3284.6000,3282.2000,3280.0000,3293.6000,3293.8000,3294.0000,3294.4000,3294.6000,1,1,1,1,1,1,1,1,1,1
SF,IH2010,2020-08-24 09:33:34.300,3294.8000,16,0,15855240.000,0,-,-,-,-,3289.8000,3289.4000,3289.2000,3284.6000,3282.2000,3293.0000,3293.4000,3293.6000,3293.8000,3297.0000,1,1,1,1,1,1,1,1,1,1
SF,IH2010,2020-08-24 09:33:34.800,3294.6000,17,1,16843620.000,1,1,0,双开,S,3289.4000,3289.2000,3284.6000,3282.2000,3280.0000,3293.4000,3293.6000,3293.8000,3297.0000,3306.6000,1,1,1,1,1,1,1,1,1,1
SF,IH2010,2020-08-24 09:33:35.300,3294.6000,17,0,16843620.000,0,-,-,-,-,3289.4000,3284.6000,3282.2000,3280.0000,3257.2000,3292.6000,3292.8000,3293.6000,3293.8000,3294.0000,1,1,1,1,1,1,1,1,1,1
SF,IH2010,2020-08-24 09:33:35.800,3294.6000,17,0,16843620.000,0,-,-,-,-,3289.4000,3284.6000,3282.2000,3280.0000,3257.2000,3292.8000,3293.0000,3293.8000,3294.0000,3297.0000,1,1,1,1,1,3,1,1,1,1
SF,IH2010,2020-08-24 09:33:36.300,3294.6000,17,0,16843620.000,0,-,-,-,-,3291.0000,3289.4000,3284.6000,3282.2000,3280.0000,3292.8000,3293.8000,3294.0000,3294.4000,3297.0000,1,1,1,1,1,1,1,1,1,1
SF,IH2010,2020-08-24 09:33:36.800,3294.6000,17,0,16843620.000,0,-,-,-,-,3282.2000,3280.0000,3257.2000,3253.8000,3202.2000,3292.8000,3293.8000,3294.0000,3294.4000,3297.0000,1,1,1,4,1,1,1,1,1,1
SF,IH2010,2020-08-24 09:33:37.300,3292.8000,18,1,17831460.000,1,1,0,双开,S,3282.2000,3280.0000,3257.2000,3253.8000,3202.2000,3292.6000,3293.8000,3294.0000,3294.4000,3297.0000,1,1,1,4,1,1,1,1,1,1
SF,IH2010,2020-08-24 09:33:37.800,3292.8000,18,0,17831460.000,0,-,-,-,-,3282.4000,3282.2000,3280.0000,3257.2000,3253.8000,3292.2000,3292.6000,3293.8000,3294.0000,3294.4000,2,1,1,1,4,1,1,1,1,1
SF,IH2010,2020-08-24 09:33:38.300,3292.6000,19,1,18819240.000,1,1,0,双开,S,3286.8000,3284.8000,3282.4000,3282.2000,3280.0000,3291.2000,3294.4000,3297.0000,3306.6000,3307.6000,1,1,2,1,1,1,1,1,1,3
SF,IH2010,2020-08-24 09:33:38.800,3292.6000,19,0,18819240.000,0,-,-,-,-,3287.4000,3287.0000,3286.8000,3284.8000,3282.2000,3294.4000,3297.0000,3306.6000,3307.6000,3322.0000,1,1,2,1,1,1,1,1,3,1
SF,IH2010,2020-08-24 09:33:39.300,3291.2000,20,1,19806600.000,1,1,0,双开,S,3288.2000,3287.6000,3287.4000,3287.2000,3286.8000,3291.8000,3294.2000,3294.4000,3297.0000,3306.6000,1,1,1,1,2,1,1,1,1,1
SF,IH2010,2020-08-24 09:33:39.800,3291.2000,20,0,19806600.000,0,-,-,-,-,3288.4000,3288.2000,3287.6000,3286.8000,3284.8000,3294.2000,3294.4000,3297.0000,3306.6000,3307.6000,1,1,1,2,1,1,1,1,1,3
SF,IH2010,2020-08-24 09:33:40.300,3291.2000,20,0,19806600.000,0,-,-,-,-,3290.2000,3288.6000,3288.4000,3284.8000,3282.2000,3293.2000,3294.2000,3294.4000,3297.0000,3306.6000,1,1,1,1,1,1,1,1,1,1
SF,IH2010,2020-08-24 09:33:40.800,3291.2000,20,0,19806600.000,0,-,-,-,-,3291.2000,3290.2000,3289.0000,3288.6000,3288.4000,3293.0000,3293.2000,3294.2000,3294.4000,3297.0000,1,1,1,1,1,1,1,1,1,1
SF,IH2010,2020-08-24 09:33:41.300,3291.2000,20,0,19806600.000,0,-,-,-,-,3291.2000,3290.2000,3289.0000,3288.4000,3284.8000,3293.0000,3294.2000,3294.4000,3297.0000,3306.6000,1,1,1,1,1,1,1,1,1,1
SF,IH2010,2020-08-24 09:33:41.800,3291.2000,20,0,19806600.000,0,-,-,-,-,3291.2000,3290.2000,3288.4000,3284.8000,3282.2000,3293.0000,3294.2000,3294.4000,3297.0000,3306.6000,1,1,1,1,1,1,1,1,1,1
SF,IH2010,2020-08-24 09:33:42.300,3291.2000,20,0,19806600.000,0,-,-,-,-,3291.2000,3290.2000,3288.4000,3284.8000,3282.2000,3294.2000,3294.4000,3297.0000,3306.6000,3322.0000,1,1,1,1,1,1,1,1,1,1
SF,IH2010,2020-08-24 09:33:42.800,3291.2000,20,0,19806600.000,0,-,-,-,-,3291.2000,3288.4000,3284.8000,3282.2000,3280.0000,3294.2000,3294.4000,3297.0000,3306.6000,3322.0000,1,1,1,1,1,1,1,1,1,1
SF,IH2010,2020-08-24 09:33:43.300,3291.2000,20,0,19806600.000,0,-,-,-,-,3291.4000,3291.2000,3284.8000,3282.2000,3280.0000,3297.0000,3306.6000,3322.0000,3333.8000,3361.0000,1,1,1,1,1,1,1,1,4,1
SF,IH2010,2020-08-24 09:33:43.800,3291.2000,20,0,19806600.000,0,-,-,-,-,3291.4000,3291.2000,3284.8000,3282.2000,3280.0000,3297.0000,3306.6000,3322.0000,3333.8000,3361.0000,1,1,1,1,1,1,1,1,4,1
SF,IH2010,2020-08-24 09:33:44.300,3291.2000,20,0,19806600.000,0,-,-,-,-,3291.4000,3291.2000,3284.8000,3282.2000,3280.0000,3297.0000,3306.6000,3322.0000,3333.8000,3361.0000,1,1,1,1,1,1,1,1,4,1
SF,IH2010,2020-08-24 09:33:44.800,3291.2000,20,0,19806600.000,0,-,-,-,-,3291.4000,3291.2000,3284.8000,3282.2000,3280.0000,3295.2000,3297.0000,3306.6000,3322.0000,3333.8000,1,1,1,1,1,1,1,1,1,4
SF,IH2010,2020-08-24 09:33:45.300,3291.2000,20,0,19806600.000,0,-,-,-,-,3291.4000,3291.2000,3284.8000,3282.2000,3280.0000,3295.2000,3297.0000,3306.6000,3322.0000,3333.8000,1,1,1,1,1,1,2,1,1,4
SF,IH2010,2020-08-24 09:33:45.800,3291.2000,20,0,19806600.000,0,-,-,-,-,3291.4000,3291.2000,3284.8000,3282.2000,3280.0000,3295.2000,3297.0000,3299.2000,3306.6000,3322.0000,1,1,1,1,1,1,2,1,1,1
SF,IH2010,2020-08-24 09:33:47.800,3291.2000,20,0,19806600.000,0,-,-,-,-,3291.4000,3291.2000,3284.8000,3282.2000,3280.0000,3295.0000,3295.2000,3297.0000,3299.2000,3306.6000,1,1,1,1,1,1,1,2,1,1
SF,IH2010,2020-08-24 09:33:48.300,3295.2000,22,2,21783660.000,2,2,0,双开,S,3291.4000,3291.2000,3284.8000,3282.2000,3280.0000,3297.0000,3299.2000,3306.6000,3322.0000,3333.8000,1,1,1,1,1,2,1,1,1,4
SF,IH2010,2020-08-24 09:33:48.800,3295.2000,22,0,21783660.000,0,-,-,-,-,3291.4000,3291.2000,3284.8000,3282.2000,3280.0000,3294.6000,3297.0000,3299.2000,3306.6000,3322.0000,1,1,1,1,1,1,1,1,1,1
SF,IH2010,2020-08-24 09:33:49.300,3295.2000,22,0,21783660.000,0,-,-,-,-,3292.2000,3291.8000,3291.4000,3291.2000,3284.8000,3294.6000,3297.0000,3299.2000,3306.6000,3322.0000,1,1,1,1,1,1,1,1,1,1
SF,IH2010,2020-08-24 09:33:49.800,3294.6000,23,1,22772040.000,1,1,0,双开,S,3292.2000,3291.8000,3291.2000,3284.8000,3282.2000,3297.0000,3299.2000,3306.6000,3322.0000,3333.8000,1,1,1,1,1,1,1,1,1,4
SF,IH2010,2020-08-24 09:33:50.300,3294.6000,23,0,22772040.000,0,-,-,-,-,3292.4000,3292.2000,3291.2000,3284.8000,3282.2000,3297.0000,3299.2000,3322.0000,3333.8000,3361.0000,1,1,1,1,1,1,1,1,4,1
SF,IH2010,2020-08-24 09:33:50.800,3294.6000,23,0,22772040.000,0,-,-,-,-,3294.6000,3292.4000,3291.2000,3284.8000,3282.2000,3297.0000,3299.2000,3322.0000,3333.8000,3361.0000,2,1,1,1,1,1,1,1,4,1
SF,IH2010,2020-08-24 09:33:51.300,3294.6000,23,0,22772040.000,0,-,-,-,-,3294.6000,3294.0000,3292.4000,3291.2000,3284.8000,3297.0000,3322.0000,3333.8000,3361.0000,3380.8000,2,1,1,1,1,1,1,4,1,1
SF,IH2010,2020-08-24 09:33:51.800,3294.6000,23,0,22772040.000,0,-,-,-,-,3294.6000,3294.0000,3292.4000,3291.2000,3282.2000,3297.0000,3322.0000,3333.8000,3361.0000,3380.8000,2,1,1,1,1,1,1,4,1,1
SF,IH2010,2020-08-24 09:33:52.300,3294.6000,23,0,22772040.000,0,-,-,-,-,3294.6000,3294.0000,3292.4000,3291.2000,3282.2000,3297.0000,3322.0000,3333.8000,3361.0000,3380.8000,2,1,1,1,1,1,1,4,1,1
SF,IH2010,2020-08-24 09:33:52.800,3294.6000,24,1,23760420.000,1,1,0,双开,S,3294.6000,3294.0000,3292.4000,3291.2000,3282.2000,3296.6000,3297.0000,3322.0000,3333.8000,3361.0000,2,1,1,1,1,1,1,1,4,1
SF,IH2010,2020-08-24 09:33:53.300,3296.6000,27,3,26726160.000,3,3,0,双开,S,3294.6000,3294.0000,3292.4000,3291.2000,3282.2000,3297.0000,3322.0000,3333.8000,3361.0000,3380.8000,2,1,1,1,1,1,1,4,1,1
SF,IH2010,2020-08-24 09:33:53.800,3297.0000,29,2,28703700.000,2,2,0,双开,S,3297.0000,3294.6000,3292.4000,3291.2000,3282.2000,3322.0000,3333.8000,3361.0000,3380.8000,3393.0000,1,2,1,1,1,1,4,1,1,2
SF,IH2010,2020-08-24 09:33:54.300,3297.0000,31,2,30681900.000,2,2,0,双开,S,3294.6000,3291.2000,3282.2000,3280.0000,3257.2000,3299.0000,3312.8000,3316.4000,3321.0000,3321.8000,2,1,1,1,1,1,1,18,3,3
SF,IH2010,2020-08-24 09:33:54.800,3297.0000,31,0,30681900.000,0,-,-,-,-,3294.8000,3294.6000,3291.2000,3282.2000,3280.0000,3296.8000,3299.0000,3300.8000,3316.4000,3321.0000,1,2,1,1,1,1,1,1,18,3
SF,IH2010,2020-08-24 09:33:55.300,3297.0000,31,0,30681900.000,0,-,-,-,-,3294.6000,3291.2000,3282.2000,3280.0000,3257.2000,3296.8000,3298.4000,3299.0000,3300.8000,3301.6000,2,1,1,1,1,1,1,1,1,1
SF,IH2010,2020-08-24 09:33:56.800,3297.0000,31,0,30681900.000,0,-,-,-,-,3294.6000,3291.2000,3282.2000,3280.0000,3257.2000,3296.8000,3298.4000,3299.0000,3300.8000,3301.6000,2,1,1,1,1,1,1,1,1,1
SF,IH2010,2020-08-24 09:33:57.300,3297.0000,31,0,30681900.000,0,-,-,-,-,3294.6000,3291.2000,3282.2000,3280.0000,3257.2000,3296.6000,3296.8000,3298.4000,3299.0000,3300.8000,2,1,1,1,1,1,1,1,1,1
SF,IH2010,2020-08-24 09:33:57.800,3297.0000,31,0,30681900.000,0,-,-,-,-,3294.6000,3291.2000,3282.2000,3280.0000,3257.2000,3296.6000,3299.0000,3300.8000,3301.6000,3316.4000,2,1,1,1,1,1,1,1,1,18
SF,IH2010,2020-08-24 09:33:58.300,3297.0000,31,0,30681900.000,0,-,-,-,-,3294.6000,3291.2000,3282.2000,3280.0000,3257.2000,3296.6000,3299.0000,3300.8000,3301.6000,3308.8000,2,1,1,1,1,1,1,1,1,1
SF,IH2010,2020-08-24 09:33:58.800,3297.0000,31,0,30681900.000,0,-,-,-,-,3294.6000,3291.2000,3282.2000,3280.0000,3257.2000,3296.6000,3299.0000,3300.8000,3301.6000,3302.0000,2,1,1,1,1,1,1,1,1,1
SF,IH2010,2020-08-24 09:33:59.300,3294.6000,33,2,32658660.000,2,2,0,双开,S,3291.2000,3282.2000,3280.0000,3257.2000,3253.8000,3296.6000,3299.0000,3300.8000,3301.6000,3302.0000,1,1,1,1,4,1,1,1,1,1
SF,IH2010,2020-08-24 09:33:59.800,3294.6000,33,0,32658660.000,0,-,-,-,-,3291.4000,3291.2000,3282.2000,3280.0000,3257.2000,3296.6000,3299.0000,3300.8000,3301.6000,3302.0000,1,1,1,1,1,1,1,1,1,1
SF,IH2010,2020-08-24 09:34:00.300,3294.6000,33,0,32658660.000,0,-,-,-,-,3291.4000,3291.2000,3282.2000,3280.0000,3257.2000,3296.2000,3298.2000,3299.0000,3300.8000,3302.0000,1,1,1,1,1,1,1,1,1,1
SF,IH2010,2020-08-24 09:34:00.800,3294.6000,33,0,32658660.000,0,-,-,-,-,3291.8000,3291.4000,3291.2000,3282.2000,3280.0000,3296.2000,3298.2000,3299.0000,3300.8000,3302.0000,1,1,1,1,1,1,1,1,1,1
SF,IH2010,2020-08-24 09:34:01.300,3294.6000,33,0,32658660.000,0,-,-,-,-,3292.0000,3291.8000,3291.2000,3282.2000,3280.0000,3298.2000,3299.0000,3300.8000,3302.0000,3308.8000,1,1,1,1,1,1,1,1,1,1
SF,IH2010,2020-08-24 09:34:01.800,3294.6000,33,0,32658660.000,0,-,-,-,-,3292.0000,3291.8000,3291.2000,3282.2000,3280.0000,3298.0000,3298.2000,3299.0000,3300.8000,3302.0000,1,1,1,1,1,1,1,1,1,1
SF,IH2010,2020-08-24 09:34:02.300,3294.6000,33,0,32658660.000,0,-,-,-,-,3292.0000,3291.8000,3291.2000,3282.2000,3280.0000,3300.8000,3302.0000,3308.8000,3316.4000,3321.8000,1,1,1,1,1,1,1,1,18,3
SF,IH2010,2020-08-24 09:34:02.800,3294.6000,33,0,32658660.000,0,-,-,-,-,3292.8000,3292.0000,3291.2000,3282.2000,3280.0000,3300.6000,3300.8000,3302.0000,3308.8000,3316.4000,1,1,1,1,1,1,1,1,1,18
SF,IH2010,2020-08-24 09:34:03.300,3294.6000,33,0,32658660.000,0,-,-,-,-,3293.4000,3293.0000,3292.8000,3292.6000,3292.2000,3300.6000,3302.0000,3308.8000,3316.4000,3321.8000,2,1,1,1,1,2,1,1,18,3
SF,IH2010,2020-08-24 09:34:03.800,3294.6000,33,0,32658660.000,0,-,-,-,-,3293.8000,3293.6000,3293.4000,3292.2000,3291.2000,3300.6000,3301.2000,3302.0000,3308.8000,3316.4000,1,1,2,1,1,1,1,1,1,18
SF,IH2010,2020-08-24 09:34:04.300,3294.6000,33,0,32658660.000,0,-,-,-,-,3294.6000,3294.0000,3293.8000,3293.4000,3291.2000,3300.2000,3300.6000,3301.2000,3302.0000,3308.8000,1,1,1,2,1,2,1,1,1,1
SF,IH2010,2020-08-24 09:34:04.800,3294.6000,33,0,32658660.000,0,-,-,-,-,3294.8000,3294.6000,3293.4000,3291.2000,3282.2000,3300.2000,3301.2000,3302.0000,3308.8000,3316.4000,1,1,1,1,1,2,1,1,1,18
SF,IH2010,2020-08-24 09:34:05.300,3294.6000,33,0,32658660.000,0,-,-,-,-,3295.4000,3295.2000,3295.0000,3294.8000,3294.6000,3300.2000,3301.2000,3302.0000,3308.8000,3316.4000,1,1,2,1,1,2,1,1,1,18
SF,IH2010,2020-08-24 09:34:05.800,3294.6000,33,0,32658660.000,0,-,-,-,-,3295.6000,3295.4000,3295.2000,3295.0000,3292.4000,3301.2000,3302.0000,3308.8000,3316.4000,3321.8000,1,1,1,2,1,1,1,1,18,3
SF,IH2010,2020-08-24 09:34:06.300,3294.6000,33,0,32658660.000,0,-,-,-,-,3295.6000,3295.4000,3295.2000,3295.0000,3292.4000,3301.0000,3301.2000,3302.0000,3302.6000,3308.8000,1,1,1,2,1,1,2,1,1,1
SF,IH2010,2020-08-24 09:34:06.800,3294.6000,33,0,32658660.000,0,-,-,-,-,3296.2000,3295.6000,3295.2000,3295.0000,3292.4000,3301.0000,3301.2000,3302.0000,3302.6000,3308.8000,1,1,1,1,1,2,1,1,1,1
SF,IH2010,2020-08-24 09:34:07.300,3294.6000,33,0,32658660.000,0,-,-,-,-,3296.4000,3296.2000,3295.2000,3295.0000,3292.4000,3301.0000,3301.2000,3302.0000,3302.6000,3308.8000,1,1,1,1,1,2,1,1,1,1
SF,IH2010,2020-08-24 09:34:07.800,3294.6000,33,0,32658660.000,0,-,-,-,-,3296.4000,3295.2000,3295.0000,3292.4000,3291.2000,3300.6000,3300.8000,3301.0000,3301.2000,3302.6000,1,1,1,1,1,2,1,2,1,1
SF,IH2010,2020-08-24 09:34:09.300,3294.6000,33,0,32658660.000,0,-,-,-,-,3296.4000,3295.2000,3295.0000,3292.4000,3291.2000,3300.6000,3300.8000,3301.0000,3301.2000,3302.6000,1,1,1,1,1,2,1,1,1,1
SF,IH2010,2020-08-24 09:34:09.800,3294.6000,33,0,32658660.000,0,-,-,-,-,3296.4000,3295.2000,3295.0000,3292.4000,3291.2000,3300.4000,3300.6000,3300.8000,3301.2000,3302.6000,1,1,1,1,1,1,2,1,1,1
SF,IH2010,2020-08-24 09:34:10.300,3294.6000,33,0,32658660.000,0,-,-,-,-,3296.4000,3295.0000,3292.4000,3291.2000,3282.2000,3300.4000,3300.6000,3300.8000,3301.2000,3302.6000,1,1,1,1,1,1,2,1,1,1
SF,IH2010,2020-08-24 09:34:10.800,3294.6000,33,0,32658660.000,0,-,-,-,-,3296.4000,3295.0000,3291.2000,3282.2000,3280.0000,3300.4000,3300.8000,3301.2000,3302.6000,3308.8000,1,1,1,1,1,1,1,1,1,1
SF,IH2010,2020-08-24 09:34:11.300,3294.6000,33,0,32658660.000,0,-,-,-,-,3296.4000,3295.0000,3291.2000,3282.2000,3280.0000,3300.8000,3302.6000,3308.8000,3316.4000,3321.8000,1,1,1,1,1,1,1,1,18,3
SF,IH2010,2020-08-24 09:34:13.300,3294.6000,33,0,32658660.000,0,-,-,-,-,3296.4000,3295.0000,3291.2000,3282.2000,3280.0000,3302.6000,3308.8000,3321.8000,3322.0000,3333.8000,1,1,1,1,1,1,1,3,2,4
SF,IH2010,2020-08-24 09:34:13.800,3294.6000,33,0,32658660.000,0,-,-,-,-,3296.6000,3296.4000,3295.0000,3291.2000,3282.2000,3302.6000,3304.0000,3308.8000,3321.8000,3322.0000,1,1,1,1,1,1,1,1,3,2
SF,IH2010,2020-08-24 09:34:14.300,3294.6000,33,0,32658660.000,0,-,-,-,-,3296.8000,3296.6000,3291.2000,3282.2000,3280.0000,3302.4000,3302.6000,3304.0000,3308.8000,3321.8000,1,1,1,1,1,1,2,1,1,3
SF,IH2010,2020-08-24 09:34:14.800,3294.6000,33,0,32658660.000,0,-,-,-,-,3297.2000,3296.8000,3296.6000,3291.2000,3282.2000,3302.4000,3304.0000,3308.8000,3321.8000,3322.0000,1,1,1,1,1,2,1,1,3,2
SF,IH2010,2020-08-24 09:34:15.300,3294.6000,33,0,32658660.000,0,-,-,-,-,3297.2000,3296.8000,3296.6000,3296.4000,3291.2000,3302.4000,3304.0000,3305.2000,3308.8000,3321.8000,1,1,1,1,1,2,1,2,1,3
SF,IH2010,2020-08-24 09:34:15.800,3294.6000,33,0,32658660.000,0,-,-,-,-,3297.2000,3296.8000,3296.4000,3291.2000,3282.2000,3302.4000,3304.0000,3305.2000,3308.8000,3321.8000,1,1,1,1,1,2,1,2,1,3
SF,IH2010,2020-08-24 09:34:16.300,3294.6000,33,0,32658660.000,0,-,-,-,-,3297.4000,3297.2000,3294.8000,3291.2000,3282.2000,3302.4000,3304.0000,3305.2000,3308.8000,3321.8000,1,1,1,1,1,3,1,2,1,3
SF,IH2010,2020-08-24 09:34:16.800,3294.6000,33,0,32658660.000,0,-,-,-,-,3297.4000,3297.2000,3296.0000,3294.8000,3291.2000,3302.4000,3304.0000,3305.2000,3308.8000,3321.8000,1,1,1,1,1,3,1,2,1,3
SF,IH2010,2020-08-24 09:34:17.800,3294.6000,33,0,32658660.000,0,-,-,-,-,3297.4000,3297.2000,3296.0000,3294.8000,3291.2000,3302.2000,3302.4000,3304.0000,3305.2000,3308.8000,1,1,1,1,1,1,3,1,2,1
SF,IH2010,2020-08-24 09:34:18.300,3294.6000,33,0,32658660.000,0,-,-,-,-,3297.4000,3296.0000,3294.8000,3291.2000,3282.2000,3302.2000,3302.4000,3304.0000,3305.2000,3308.8000,1,1,1,1,1,1,3,1,2,1
SF,IH2010,2020-08-24 09:34:18.800,3294.6000,33,0,32658660.000,0,-,-,-,-,3298.4000,3297.4000,3294.8000,3291.2000,3282.2000,3302.2000,3302.4000,3304.0000,3305.2000,3308.8000,1,1,1,1,1,1,2,1,2,1
SF,IH2010,2020-08-24 09:34:19.300,3294.6000,33,0,32658660.000,0,-,-,-,-,3298.4000,3297.4000,3294.8000,3291.2000,3282.2000,3302.2000,3302.4000,3304.0000,3305.2000,3308.8000,1,1,1,1,1,1,2,1,2,1
SF,IH2010,2020-08-24 09:34:19.800,3294.6000,33,0,32658660.000,0,-,-,-,-,3298.6000,3298.4000,3294.8000,3291.2000,3282.2000,3302.2000,3302.4000,3304.0000,3305.2000,3308.8000,1,1,1,1,1,1,1,1,2,1
SF,IH2010,2020-08-24 09:34:20.300,3294.6000,33,0,32658660.000,0,-,-,-,-,3298.6000,3298.4000,3295.2000,3294.8000,3291.2000,3302.2000,3302.4000,3304.0000,3305.2000,3308.8000,1,1,1,1,1,1,1,1,2,1
SF,IH2010,2020-08-24 09:34:20.800,3294.6000,33,0,32658660.000,0,-,-,-,-,3298.6000,3298.4000,3295.2000,3294.8000,3291.2000,3301.8000,3302.2000,3304.0000,3305.2000,3308.8000,1,1,1,1,1,1,2,1,2,1
SF,IH2010,2020-08-24 09:34:21.300,3294.6000,33,0,32658660.000,0,-,-,-,-,3298.6000,3298.4000,3295.2000,3294.8000,3291.2000,3301.8000,3302.2000,3304.0000,3305.2000,3308.8000,1,1,1,1,1,1,1,1,2,1
SF,IH2010,2020-08-24 09:34:21.800,3294.6000,33,0,32658660.000,0,-,-,-,-,3298.6000,3298.4000,3295.2000,3294.8000,3291.2000,3301.8000,3302.2000,3304.0000,3305.2000,3308.8000,1,1,1,1,1,1,1,1,2,1
SF,IH2010,2020-08-24 09:34:22.800,3294.6000,33,0,32658660.000,0,-,-,-,-,3298.6000,3298.4000,3295.2000,3294.8000,3291.2000,3302.2000,3304.0000,3305.2000,3308.8000,3321.8000,1,1,1,1,1,1,1,2,1,3
SF,IH2010,2020-08-24 09:34:23.300,3294.6000,33,0,32658660.000,0,-,-,-,-,3298.6000,3298.4000,3295.2000,3294.8000,3291.2000,3304.0000,3305.2000,3308.8000,3321.8000,3322.0000,1,1,1,1,1,1,2,1,3,2
SF,IH2010,2020-08-24 09:34:23.800,3294.6000,33,0,32658660.000,0,-,-,-,-,3298.6000,3298.4000,3295.2000,3294.8000,3291.2000,3303.8000,3304.0000,3305.2000,3308.8000,3321.8000,1,1,1,1,1,1,2,2,1,3
SF,IH2010,2020-08-24 09:34:24.300,3294.6000,33,0,32658660.000,0,-,-,-,-,3298.6000,3298.4000,3295.2000,3294.8000,3291.2000,3303.8000,3304.0000,3305.2000,3308.8000,3321.8000,1,1,1,1,1,2,1,2,1,3
SF,IH2010,2020-08-24 09:34:24.800,3294.6000,33,0,32658660.000,0,-,-,-,-,3298.6000,3298.4000,3295.2000,3294.8000,3291.2000,3303.8000,3304.0000,3305.2000,3308.8000,3321.8000,1,1,1,1,1,1,1,2,1,3
SF,IH2010,2020-08-24 09:34:25.300,3294.6000,33,0,32658660.000,0,-,-,-,-,3298.6000,3298.4000,3295.2000,3291.2000,3282.2000,3303.6000,3303.8000,3305.2000,3308.8000,3321.8000,1,1,1,1,1,1,1,2,1,3
SF,IH2010,2020-08-24 09:34:25.800,3294.6000,33,0,32658660.000,0,-,-,-,-,3298.6000,3298.4000,3295.2000,3291.2000,3282.2000,3303.6000,3305.2000,3308.8000,3321.8000,3322.0000,1,1,1,1,1,2,2,1,3,2
SF,IH2010,2020-08-24 09:34:26.300,3294.6000,33,0,32658660.000,0,-,-,-,-,3298.8000,3298.6000,3298.4000,3295.2000,3291.2000,3303.6000,3305.2000,3308.8000,3321.8000,3322.0000,1,1,1,1,1,1,2,1,3,2
SF,IH2010,2020-08-24 09:34:26.800,3294.6000,33,0,32658660.000,0,-,-,-,-,3299.0000,3298.8000,3298.4000,3295.2000,3291.2000,3305.2000,3308.8000,3321.8000,3322.0000,3325.2000,1,1,1,1,1,2,1,3,2,1
SF,IH2010,2020-08-24 09:34:27.300,3294.6000,33,0,32658660.000,0,-,-,-,-,3299.0000,3298.8000,3291.2000,3282.2000,3280.0000,3305.2000,3321.8000,3322.0000,3325.2000,3333.8000,1,1,1,1,1,4,3,2,1,4
SF,IH2010,2020-08-24 09:34:27.800,3294.6000,33,0,32658660.000,0,-,-,-,-,3299.6000,3299.0000,3298.8000,3296.2000,3291.2000,3305.0000,3305.2000,3321.8000,3322.0000,3325.2000,1,1,1,1,1,1,1,2,2,1
SF,IH2010,2020-08-24 09:34:28.300,3294.6000,33,0,32658660.000,0,-,-,-,-,3299.8000,3299.6000,3296.2000,3291.2000,3282.2000,3304.8000,3305.0000,3321.8000,3322.0000,3325.2000,1,1,1,1,1,1,2,2,2,1
SF,IH2010,2020-08-24 09:34:28.800,3294.6000,33,0,32658660.000,0,-,-,-,-,3299.8000,3299.6000,3296.2000,3291.2000,3282.2000,3304.6000,3304.8000,3321.8000,3322.0000,3325.2000,1,1,1,1,1,1,2,2,2,1
SF,IH2010,2020-08-24 09:34:29.300,3294.6000,33,0,32658660.000,0,-,-,-,-,3299.8000,3299.6000,3296.2000,3291.2000,3282.2000,3304.6000,3304.8000,3321.8000,3322.0000,3325.2000,1,1,1,1,1,4,1,2,2,1
SF,IH2010,2020-08-24 09:34:29.800,3294.6000,33,0,32658660.000,0,-,-,-,-,3299.6000,3296.2000,3291.2000,3282.2000,3280.0000,3304.6000,3304.8000,3321.8000,3322.0000,3325.2000,1,1,1,1,1,3,1,2,2,1
SF,IH2010,2020-08-24 09:34:30.300,3299.2000,34,1,33648420.000,1,1,0,双开,S,3296.2000,3291.2000,3282.2000,3280.0000,3275.2000,3303.6000,3304.2000,3304.6000,3321.8000,3322.0000,1,1,1,1,1,1,1,2,2,2
SF,IH2010,2020-08-24 09:34:30.800,3299.2000,34,0,33648420.000,0,-,-,-,-,3296.4000,3296.2000,3291.2000,3282.2000,3280.0000,3303.6000,3321.8000,3322.0000,3325.2000,3333.8000,1,1,1,1,1,2,2,2,1,4
SF,IH2010,2020-08-24 09:34:31.300,3299.2000,34,0,33648420.000,0,-,-,-,-,3296.4000,3291.2000,3282.2000,3280.0000,3275.2000,3303.6000,3321.8000,3322.0000,3325.2000,3333.8000,1,1,1,1,1,2,2,2,1,4
SF,IH2010,2020-08-24 09:34:31.800,3299.2000,34,0,33648420.000,0,-,-,-,-,3296.4000,3291.2000,3282.2000,3280.0000,3275.2000,3303.4000,3303.6000,3321.8000,3322.0000,3325.2000,1,1,1,1,1,1,2,2,2,1
SF,IH2010,2020-08-24 09:34:32.300,3299.2000,34,0,33648420.000,0,-,-,-,-,3296.8000,3296.4000,3291.2000,3282.2000,3280.0000,3303.4000,3303.6000,3321.8000,3322.0000,3325.2000,1,1,1,1,1,2,1,2,2,1
SF,IH2010,2020-08-24 09:34:32.800,3299.2000,34,0,33648420.000,0,-,-,-,-,3297.0000,3296.8000,3291.2000,3282.2000,3280.0000,3303.4000,3303.6000,3321.8000,3322.0000,3325.2000,1,1,1,1,1,2,1,2,2,1
SF,IH2010,2020-08-24 09:34:33.300,3299.2000,34,0,33648420.000,0,-,-,-,-,3297.0000,3296.8000,3291.2000,3282.2000,3280.0000,3303.2000,3303.4000,3303.6000,3321.8000,3322.0000,2,1,1,1,1,1,1,1,2,2
SF,IH2010,2020-08-24 09:34:33.800,3299.2000,34,0,33648420.000,0,-,-,-,-,3297.0000,3291.2000,3282.2000,3280.0000,3275.2000,3302.8000,3303.2000,3303.6000,3321.8000,3322.0000,2,1,1,1,1,1,2,1,2,2
SF,IH2010,2020-08-24 09:34:34.800,3299.2000,34,0,33648420.000,0,-,-,-,-,3297.2000,3297.0000,3291.2000,3282.2000,3280.0000,3302.8000,3303.6000,3321.8000,3322.0000,3325.2000,1,2,1,1,1,1,1,2,2,1
SF,IH2010,2020-08-24 09:34:35.300,3299.2000,34,0,33648420.000,0,-,-,-,-,3297.4000,3297.2000,3297.0000,3291.2000,3282.2000,3302.8000,3303.6000,3321.8000,3322.0000,3325.2000,1,1,1,1,1,1,1,2,2,1
SF,IH2010,2020-08-24 09:34:35.800,3299.2000,34,0,33648420.000,0,-,-,-,-,3298.2000,3297.4000,3297.2000,3291.2000,3282.2000,3302.8000,3303.6000,3321.8000,3322.0000,3325.2000,1,1,1,1,1,1,1,2,2,1
SF,IH2010,2020-08-24 09:34:36.300,3299.2000,34,0,33648420.000,0,-,-,-,-,3298.4000,3298.2000,3297.8000,3297.2000,3291.2000,3302.8000,3303.6000,3321.8000,3322.0000,3325.2000,1,1,1,1,1,1,1,2,2,1
SF,IH2010,2020-08-24 09:34:37.300,3299.2000,34,0,33648420.000,0,-,-,-,-,3298.4000,3298.2000,3297.8000,3291.2000,3282.2000,3302.8000,3303.6000,3321.8000,3322.0000,3325.2000,1,1,1,1,1,1,1,2,2,1
SF,IH2010,2020-08-24 09:34:37.800,3299.2000,34,0,33648420.000,0,-,-,-,-,3298.4000,3297.8000,3291.2000,3282.2000,3280.0000,3302.8000,3303.6000,3321.8000,3322.0000,3325.2000,1,1,1,1,1,1,1,2,2,1
SF,IH2010,2020-08-24 09:34:38.800,3299.2000,34,0,33648420.000,0,-,-,-,-,3298.4000,3291.2000,3282.2000,3280.0000,3275.2000,3302.8000,3303.6000,3321.8000,3322.0000,3325.2000,1,1,1,1,1,1,1,2,2,1
SF,IH2010,2020-08-24 09:34:41.300,3299.2000,34,0,33648420.000,0,-,-,-,-,3298.4000,3291.2000,3282.2000,3280.0000,3275.2000,3303.6000,3321.8000,3322.0000,3325.2000,3333.8000,1,1,1,1,1,1,2,2,1,4
SF,IH2010,2020-08-24 09:34:41.800,3299.2000,34,0,33648420.000,0,-,-,-,-,3298.4000,3291.2000,3282.2000,3280.0000,3275.2000,3321.8000,3322.0000,3325.2000,3333.8000,3361.0000,1,1,1,1,1,2,2,1,4,1
SF,IH2010,2020-08-24 09:34:42.300,3299.2000,34,0,33648420.000,0,-,-,-,-,3299.2000,3298.4000,3291.2000,3282.2000,3280.0000,3305.0000,3315.4000,3321.6000,3321.8000,3322.0000,1,1,1,1,1,1,1,1,4,1
SF,IH2010,2020-08-24 09:34:42.800,3299.2000,34,0,33648420.000,0,-,-,-,-,3299.4000,3299.2000,3291.2000,3282.2000,3280.0000,3304.4000,3305.0000,3321.6000,3321.8000,3322.0000,1,1,1,1,1,1,1,2,3,1
SF,IH2010,2020-08-24 09:34:43.300,3299.2000,34,0,33648420.000,0,-,-,-,-,3299.4000,3299.2000,3291.2000,3282.2000,3280.0000,3304.2000,3304.4000,3321.6000,3321.8000,3322.0000,2,1,1,1,1,1,2,1,3,1
SF,IH2010,2020-08-24 09:34:43.800,3299.2000,34,0,33648420.000,0,-,-,-,-,3299.4000,3291.2000,3282.2000,3280.0000,3275.2000,3304.4000,3307.8000,3321.6000,3321.8000,3322.0000,2,1,1,1,1,2,2,1,3,1
SF,IH2010,2020-08-24 09:34:44.300,3299.2000,34,0,33648420.000,0,-,-,-,-,3299.4000,3291.2000,3282.2000,3280.0000,3275.2000,3304.2000,3304.4000,3307.8000,3321.6000,3321.8000,2,1,1,1,1,1,2,2,1,3
SF,IH2010,2020-08-24 09:34:44.800,3299.2000,34,0,33648420.000,0,-,-,-,-,3299.4000,3291.2000,3282.2000,3280.0000,3275.2000,3304.2000,3304.4000,3307.8000,3308.2000,3321.6000,1,1,1,1,1,2,1,2,1,1
SF,IH2010,2020-08-24 09:34:45.300,3299.2000,34,0,33648420.000,0,-,-,-,-,3291.2000,3282.2000,3280.0000,3275.2000,3257.2000,3303.8000,3304.2000,3307.8000,3308.2000,3313.8000,1,1,1,1,1,1,3,2,1,1
SF,IH2010,2020-08-24 09:34:45.800,3299.2000,34,0,33648420.000,0,-,-,-,-,3291.4000,3291.2000,3282.2000,3280.0000,3275.2000,3303.8000,3307.8000,3308.2000,3313.8000,3321.6000,1,1,1,1,1,1,2,1,1,1
SF,IH2010,2020-08-24 09:34:46.300,3299.2000,34,0,33648420.000,0,-,-,-,-,3291.4000,3291.2000,3282.2000,3280.0000,3275.2000,3303.8000,3308.2000,3313.8000,3321.6000,3321.8000,1,1,1,1,1,1,1,1,1,3
SF,IH2010,2020-08-24 09:34:46.800,3299.2000,34,0,33648420.000,0,-,-,-,-,3295.8000,3294.6000,3294.4000,3291.4000,3291.2000,3303.8000,3308.2000,3313.8000,3321.6000,3321.8000,1,1,1,1,1,1,1,1,1,3
SF,IH2010,2020-08-24 09:34:47.300,3299.2000,34,0,33648420.000,0,-,-,-,-,3296.0000,3295.8000,3294.6000,3294.4000,3291.2000,3303.8000,3308.2000,3313.8000,3321.6000,3321.8000,1,1,1,1,1,1,1,1,1,3
SF,IH2010,2020-08-24 09:34:47.800,3299.2000,34,0,33648420.000,0,-,-,-,-,3296.4000,3296.0000,3295.8000,3294.4000,3291.2000,3303.8000,3308.2000,3313.8000,3321.6000,3321.8000,1,1,1,1,1,1,1,1,1,3
SF,IH2010,2020-08-24 09:34:48.300,3299.2000,34,0,33648420.000,0,-,-,-,-,3296.8000,3296.6000,3296.4000,3294.4000,3291.2000,3303.8000,3308.2000,3313.8000,3321.6000,3321.8000,1,1,1,1,1,1,1,1,1,3
SF,IH2010,2020-08-24 09:34:48.800,3299.2000,34,0,33648420.000,0,-,-,-,-,3297.0000,3296.8000,3294.4000,3291.2000,3290.2000,3303.8000,3308.2000,3313.8000,3321.6000,3321.8000,1,2,1,1,1,1,1,1,1,3
SF,IH2010,2020-08-24 09:34:49.300,3299.2000,34,0,33648420.000,0,-,-,-,-,3297.6000,3297.0000,3296.8000,3294.4000,3291.2000,3303.8000,3308.2000,3313.8000,3321.6000,3321.8000,1,1,2,1,1,1,1,1,1,3
SF,IH2010,2020-08-24 09:34:49.800,3299.2000,34,0,33648420.000,0,-,-,-,-,3297.8000,3297.6000,3296.8000,3294.4000,3291.2000,3303.8000,3308.2000,3313.8000,3321.6000,3321.8000,1,1,2,1,1,1,1,1,1,3
SF,IH2010,2020-08-24 09:34:50.300,3299.2000,34,0,33648420.000,0,-,-,-,-,3298.0000,3297.8000,3294.4000,3291.2000,3290.2000,3303.8000,3308.2000,3313.8000,3321.6000,3321.8000,1,1,1,1,1,1,1,1,1,3
