市场代码,合约代码,时间,最新,持仓,增仓,成交额,成交量,开仓,平仓,成交类型,方向,买一价,买二价,买三价,买四价,买五价,卖一价,卖二价,卖三价,卖四价,卖五价,买一量,买二量,买三量,买四量,买五量,卖一量,卖二量,卖三量,卖四量,卖五量
SF,IH2009,2020-05-08 09:29:00.000,2746.2000,11768,0,2471580.000,3.000,-,-,-,-,2746.2000,2745.6000,2743.6000,2743.0000,2740.6000,2749.0000,2750.0000,2751.0000,2752.0000,2753.8000,3,1,1,1,2,1,1,1,1,1
SF,IH2009,2020-05-08 09:30:00.500,2750.0000,11768,0,8246280.000,7,3,4,多换,S,2750.2000,2750.0000,2749.8000,2749.6000,2749.2000,2751.0000,2752.0000,2753.8000,2754.0000,2754.6000,3,2,1,1,20,1,1,1,1,1
SF,IH2009,2020-05-08 09:30:01.000,2751.2000,11758,-10,19800660.000,14,2,12,多平,S,2751.2000,2751.0000,2750.6000,2750.4000,2750.2000,2753.8000,2754.0000,2754.6000,2754.8000,2755.0000,5,5,8,3,3,1,1,1,1,11
SF,IH2009,2020-05-08 09:30:01.500,2753.8000,11757,-1,20626800.000,1,0,1,双平,S,2751.6000,2751.4000,2751.2000,2751.0000,2750.2000,2753.6000,2754.0000,2754.6000,2754.8000,2755.0000,6,3,5,6,2,1,1,1,1,11
SF,IH2009,2020-05-08 09:30:02.000,2751.8000,11756,-1,21452340.000,1,0,1,双平,S,2751.8000,2751.2000,2751.0000,2750.2000,2750.0000,2753.6000,2754.0000,2754.6000,2754.8000,2755.0000,4,5,8,2,1,2,1,1,1,11
SF,IH2009,2020-05-08 09:30:02.500,2751.8000,11756,0,21452340.000,0,-,-,-,-,2752.0000,2751.8000,2751.2000,2751.0000,2750.2000,2753.4000,2753.6000,2754.0000,2754.6000,2754.8000,1,1,5,8,2,2,7,1,1,1
SF,IH2009,2020-05-08 09:30:03.000,2751.8000,11756,0,21452340.000,0,-,-,-,-,2752.4000,2752.2000,2752.0000,2751.2000,2751.0000,2753.4000,2753.6000,2754.0000,2754.6000,2754.8000,6,4,1,5,8,2,7,1,1,1
SF,IH2009,2020-05-08 09:30:03.500,2751.8000,11756,0,21452340.000,0,-,-,-,-,2752.6000,2752.4000,2752.2000,2751.2000,2751.0000,2753.4000,2753.6000,2754.0000,2754.6000,2754.8000,2,6,1,5,8,2,6,1,1,1
SF,IH2009,2020-05-08 09:30:04.000,2751.8000,11756,0,21452340.000,0,-,-,-,-,2752.6000,2752.2000,2751.2000,2751.0000,2750.2000,2753.4000,2753.6000,2754.0000,2754.6000,2754.8000,2,1,5,8,2,2,6,1,1,1
SF,IH2009,2020-05-08 09:30:04.500,2751.8000,11756,0,21452340.000,0,-,-,-,-,2751.2000,2751.0000,2750.2000,2750.0000,2749.6000,2751.6000,2753.4000,2753.6000,2754.0000,2754.6000,5,8,2,1,1,2,2,6,1,1
SF,IH2009,2020-05-08 09:30:05.000,2751.6000,11755,-1,25579740.000,5,2,3,多平,S,2751.6000,2751.4000,2751.2000,2751.0000,2750.2000,2753.6000,2754.0000,2754.6000,2754.8000,2755.0000,3,2,5,8,2,6,1,1,1,11
SF,IH2009,2020-05-08 09:30:05.500,2753.4000,11756,1,28057800.000,3,2,1,空开,S,2751.8000,2751.2000,2751.0000,2750.2000,2750.0000,2752.6000,2753.4000,2753.6000,2754.0000,2754.6000,2,5,8,2,1,1,1,6,1,1
SF,IH2009,2020-05-08 09:30:06.000,2753.0000,11755,-1,29709600.000,2,0,2,多平,S,2751.2000,2751.0000,2750.2000,2749.6000,2749.2000,2751.8000,2752.6000,2753.4000,2753.6000,2754.0000,5,8,2,1,1,1,1,1,6,1
SF,IH2009,2020-05-08 09:30:06.500,2753.0000,11755,0,29709600.000,0,-,-,-,-,2751.6000,2751.4000,2751.2000,2751.0000,2750.2000,2752.6000,2753.4000,2753.6000,2754.0000,2754.6000,1,2,5,8,2,1,1,6,1,1
SF,IH2009,2020-05-08 09:30:07.000,2752.6000,11754,-1,30535380.000,1,0,1,双平,S,2751.8000,2751.6000,2751.2000,2751.0000,2750.2000,2753.4000,2753.6000,2754.0000,2754.6000,2754.8000,3,1,5,7,2,1,6,1,1,1
SF,IH2009,2020-05-08 09:30:07.500,2752.6000,11754,0,30535380.000,0,-,-,-,-,2752.0000,2751.8000,2751.2000,2751.0000,2750.2000,2753.4000,2753.6000,2754.0000,2754.6000,2754.8000,1,3,5,7,2,1,6,1,1,1
SF,IH2009,2020-05-08 09:30:08.000,2752.6000,11754,0,30535380.000,0,-,-,-,-,2752.2000,2752.0000,2751.8000,2751.2000,2751.0000,2752.6000,2753.4000,2753.6000,2754.0000,2754.6000,1,1,2,5,7,2,1,6,1,1
SF,IH2009,2020-05-08 09:30:08.500,2752.6000,11754,0,30535380.000,0,-,-,-,-,2752.0000,2751.8000,2751.2000,2751.0000,2750.2000,2752.6000,2753.6000,2754.0000,2754.6000,2754.8000,1,2,5,5,2,2,6,1,1,1
SF,IH2009,2020-05-08 09:30:09.500,2752.6000,11752,-2,32186940.000,2,0,2,双平,S,2752.6000,2752.0000,2751.8000,2751.2000,2751.0000,2753.6000,2754.0000,2754.6000,2754.8000,2755.0000,2,1,2,5,5,6,1,1,1,11
SF,IH2009,2020-05-08 09:30:10.000,2753.6000,11751,-1,34665180.000,3,1,2,多平,S,2753.0000,2752.8000,2752.6000,2751.8000,2751.2000,2753.6000,2754.0000,2754.6000,2754.8000,2755.0000,1,1,2,2,5,3,1,1,1,11
SF,IH2009,2020-05-08 09:30:10.500,2753.6000,11751,0,35491260.000,1,0,1,多换,S,2753.2000,2753.0000,2752.8000,2752.6000,2751.8000,2753.6000,2754.0000,2754.6000,2754.8000,2755.0000,1,1,1,2,2,2,1,1,1,11
SF,IH2009,2020-05-08 09:30:11.000,2754.0000,11750,-1,38795580.000,4,1,3,多平,S,2753.0000,2752.6000,2751.8000,2751.2000,2751.0000,2753.2000,2754.6000,2754.8000,2755.0000,2755.2000,1,2,2,5,5,1,1,1,11,1
SF,IH2009,2020-05-08 09:30:11.500,2753.0000,11750,0,43751880.000,6,3,3,多换,S,2752.6000,2751.8000,2751.2000,2751.0000,2750.2000,2754.8000,2755.0000,2755.2000,2755.8000,2759.0000,3,2,5,5,1,1,11,1,1,1
SF,IH2009,2020-05-08 09:30:12.000,2753.0000,11750,0,43751880.000,0,-,-,-,-,2752.8000,2752.6000,2751.8000,2751.2000,2751.0000,2754.6000,2754.8000,2755.0000,2755.2000,2755.8000,3,3,1,5,5,1,1,11,1,1
SF,IH2009,2020-05-08 09:30:12.500,2754.6000,11749,-1,44578260.000,1,0,1,双平,S,2754.0000,2752.8000,2752.6000,2751.8000,2751.2000,2754.8000,2755.0000,2755.2000,2755.8000,2759.0000,2,3,3,1,5,1,11,1,1,1
SF,IH2009,2020-05-08 09:30:13.000,2754.0000,11746,-3,47056860.000,3,0,3,双平,S,2754.6000,2752.8000,2752.6000,2751.2000,2751.0000,2754.8000,2755.0000,2755.2000,2755.8000,2759.0000,1,3,3,5,3,1,11,1,1,1
SF,IH2009,2020-05-08 09:30:13.500,2754.8000,11745,-1,48709620.000,2,0,2,多平,S,2752.8000,2752.6000,2751.2000,2751.0000,2750.2000,2755.0000,2755.2000,2755.8000,2759.0000,2763.0000,3,3,5,3,1,11,1,1,1,1
SF,IH2009,2020-05-08 09:30:14.000,2755.0000,11743,-2,50362620.000,2,0,2,双平,S,2753.6000,2752.8000,2752.6000,2751.2000,2751.0000,2755.0000,2755.2000,2755.8000,2759.0000,2763.0000,1,3,3,5,3,9,1,1,1,1
SF,IH2009,2020-05-08 09:30:14.500,2753.8000,11741,-2,52015260.000,2,0,2,双平,S,2754.8000,2753.8000,2753.6000,2752.8000,2752.6000,2755.0000,2755.2000,2755.8000,2759.0000,2763.0000,1,1,1,2,3,8,1,1,1,1
SF,IH2009,2020-05-08 09:30:15.000,2755.0000,11740,-1,53668200.000,2,0,2,多平,S,2753.6000,2752.8000,2752.6000,2751.2000,2751.0000,2754.4000,2755.0000,2755.2000,2755.8000,2759.0000,1,2,1,5,3,1,7,1,1,1
SF,IH2009,2020-05-08 09:30:15.500,2755.0000,11738,-2,55321020.000,2,0,2,双平,S,2754.4000,2753.6000,2752.8000,2752.6000,2751.2000,2755.0000,2755.2000,2755.8000,2759.0000,2763.0000,1,1,2,1,5,6,1,1,1,1
SF,IH2009,2020-05-08 09:30:16.000,2755.0000,11731,-7,61933080.000,8,0,8,多平,S,2755.2000,2755.0000,2754.4000,2753.6000,2752.8000,2755.8000,2758.8000,2759.0000,2763.0000,2764.8000,1,2,1,1,2,1,1,1,1,11
SF,IH2009,2020-05-08 09:30:16.500,2755.8000,11729,-2,63586380.000,2,0,2,双平,S,2754.4000,2753.6000,2752.8000,2752.6000,2751.2000,2755.6000,2758.8000,2759.0000,2763.0000,2764.8000,1,1,2,1,5,1,1,1,1,11
SF,IH2009,2020-05-08 09:30:17.000,2755.8000,11729,0,63586380.000,0,-,-,-,-,2754.4000,2753.6000,2752.8000,2752.6000,2751.2000,2755.2000,2755.6000,2758.8000,2759.0000,2763.0000,1,1,2,1,5,1,1,1,1,1
SF,IH2009,2020-05-08 09:30:17.500,2755.8000,11729,0,63586380.000,0,-,-,-,-,2754.4000,2753.6000,2752.8000,2752.6000,2751.2000,2755.2000,2758.8000,2759.0000,2763.0000,2764.8000,1,1,2,1,5,1,1,1,1,11
SF,IH2009,2020-05-08 09:30:18.000,2755.8000,11729,0,63586380.000,0,-,-,-,-,2754.4000,2753.6000,2752.8000,2752.6000,2751.2000,2755.2000,2758.8000,2759.0000,2763.0000,2764.8000,1,1,2,1,5,1,1,1,1,11
SF,IH2009,2020-05-08 09:30:18.500,2755.2000,11728,-1,64412940.000,1,0,1,双平,S,2755.2000,2754.6000,2754.4000,2753.6000,2752.6000,2758.8000,2759.0000,2763.0000,2764.8000,2765.0000,1,4,1,1,1,1,1,1,11,1
SF,IH2009,2020-05-08 09:30:19.000,2755.2000,11728,0,64412940.000,0,-,-,-,-,2755.2000,2754.6000,2754.4000,2753.6000,2752.6000,2757.0000,2757.4000,2757.6000,2758.4000,2758.6000,1,2,1,1,1,2,1,1,6,2
SF,IH2009,2020-05-08 09:30:19.500,2755.2000,11728,0,64412940.000,0,-,-,-,-,2755.0000,2754.6000,2754.4000,2753.6000,2752.6000,2756.8000,2757.0000,2757.4000,2757.6000,2758.4000,1,2,1,1,1,1,3,1,1,6
SF,IH2009,2020-05-08 09:30:20.000,2755.2000,11726,-2,66892560.000,3,0,3,多平,S,2755.2000,2754.4000,2753.6000,2752.6000,2751.2000,2756.6000,2758.6000,2758.8000,2759.0000,2763.0000,1,1,1,1,5,2,1,2,1,1
SF,IH2009,2020-05-08 09:30:20.500,2755.2000,11726,0,66892560.000,0,-,-,-,-,2754.4000,2753.6000,2752.6000,2751.2000,2751.0000,2755.4000,2756.4000,2756.6000,2758.6000,2758.8000,1,1,1,5,2,1,1,1,1,2
SF,IH2009,2020-05-08 09:30:21.000,2755.2000,11726,0,66892560.000,0,-,-,-,-,2753.6000,2752.6000,2751.2000,2751.0000,2749.0000,2755.2000,2755.4000,2756.6000,2758.6000,2758.8000,1,1,5,2,8,1,1,1,1,2
SF,IH2009,2020-05-08 09:30:21.500,2755.2000,11726,0,66892560.000,0,-,-,-,-,2753.8000,2753.6000,2752.6000,2751.2000,2751.0000,2755.2000,2755.4000,2756.6000,2758.6000,2758.8000,1,1,1,5,2,1,1,1,1,2
SF,IH2009,2020-05-08 09:30:22.000,2754.4000,11725,-1,68545440.000,2,0,2,多平,S,2754.0000,2753.6000,2752.6000,2751.2000,2751.0000,2755.4000,2756.6000,2758.6000,2758.8000,2759.0000,2,1,1,5,2,1,1,1,2,1
SF,IH2009,2020-05-08 09:30:22.500,2754.4000,11725,0,68545440.000,0,-,-,-,-,2753.6000,2752.6000,2751.2000,2751.0000,2749.0000,2755.4000,2756.6000,2758.6000,2758.8000,2759.0000,1,1,5,2,8,1,1,1,2,1
SF,IH2009,2020-05-08 09:30:23.000,2755.2000,11724,-1,69372000.000,1,0,1,双平,S,2753.8000,2753.6000,2752.6000,2751.2000,2751.0000,2755.2000,2755.4000,2756.6000,2758.6000,2758.8000,1,1,1,5,2,1,1,1,1,2
SF,IH2009,2020-05-08 09:30:23.500,2754.0000,11723,-1,70198200.000,1,0,1,双平,S,2754.0000,2753.6000,2752.6000,2751.2000,2751.0000,2755.2000,2755.4000,2756.6000,2758.6000,2758.8000,1,1,1,5,2,1,1,1,1,2
SF,IH2009,2020-05-08 09:30:24.000,2754.0000,11723,0,70198200.000,0,-,-,-,-,2753.6000,2752.6000,2751.2000,2751.0000,2749.0000,2755.2000,2755.4000,2758.6000,2758.8000,2759.0000,1,1,5,2,8,1,1,1,2,1
SF,IH2009,2020-05-08 09:30:24.500,2755.2000,11723,0,71024760.000,1,0,1,多换,S,2753.8000,2753.6000,2752.6000,2751.2000,2751.0000,2755.4000,2758.6000,2758.8000,2759.0000,2763.0000,1,1,1,5,2,1,1,2,1,1
SF,IH2009,2020-05-08 09:30:25.000,2755.2000,11723,0,71024760.000,0,-,-,-,-,2754.0000,2753.6000,2752.6000,2751.2000,2751.0000,2755.2000,2755.4000,2758.6000,2758.8000,2759.0000,1,1,1,5,2,1,1,1,2,1
SF,IH2009,2020-05-08 09:30:25.500,2752.6000,11725,2,72676620.000,2,2,0,双开,S,2751.2000,2751.0000,2749.0000,2747.4000,2746.2000,2752.6000,2755.2000,2755.4000,2758.6000,2758.8000,5,2,8,5,4,2,1,1,1,2
SF,IH2009,2020-05-08 09:30:26.000,2752.6000,11725,0,74328180.000,2,1,1,多换,S,2752.6000,2751.4000,2751.2000,2751.0000,2749.0000,2755.4000,2758.8000,2759.0000,2763.0000,2764.8000,1,1,5,2,8,1,2,1,1,11
SF,IH2009,2020-05-08 09:30:26.500,2752.6000,11725,0,74328180.000,0,-,-,-,-,2752.8000,2752.6000,2751.2000,2751.0000,2749.0000,2755.4000,2758.8000,2759.0000,2763.0000,2764.8000,1,2,6,2,8,1,2,1,1,11
SF,IH2009,2020-05-08 09:30:27.000,2755.4000,11724,-1,75154800.000,1,0,1,双平,S,2753.0000,2752.8000,2751.2000,2751.0000,2749.0000,2758.8000,2759.0000,2763.0000,2764.8000,2765.0000,1,1,6,2,8,2,1,1,11,1
SF,IH2009,2020-05-08 09:30:27.500,2755.4000,11724,0,75154800.000,0,-,-,-,-,2753.0000,2752.8000,2751.2000,2751.0000,2749.0000,2756.6000,2757.0000,2757.4000,2757.6000,2758.4000,1,1,6,2,8,1,1,1,1,6
SF,IH2009,2020-05-08 09:30:28.000,2755.4000,11724,0,75154800.000,0,-,-,-,-,2753.0000,2752.8000,2751.2000,2751.0000,2749.0000,2756.6000,2757.0000,2757.4000,2757.6000,2758.4000,1,1,6,2,8,1,1,1,1,6
SF,IH2009,2020-05-08 09:30:28.500,2755.4000,11724,0,75154800.000,0,-,-,-,-,2753.0000,2752.8000,2751.2000,2751.0000,2749.0000,2756.6000,2757.0000,2757.4000,2757.6000,2758.4000,1,1,6,2,8,1,1,1,1,6
SF,IH2009,2020-05-08 09:30:29.000,2756.6000,11723,-1,75981780.000,1,0,1,双平,S,2753.0000,2752.8000,2751.2000,2751.0000,2749.0000,2757.0000,2757.4000,2757.6000,2758.4000,2758.6000,1,1,6,2,8,1,1,1,6,3
SF,IH2009,2020-05-08 09:30:29.500,2756.6000,11723,0,75981780.000,0,-,-,-,-,2753.0000,2752.8000,2751.2000,2751.0000,2749.0000,2756.0000,2756.8000,2757.0000,2757.4000,2757.6000,1,1,6,2,8,1,8,2,1,1
SF,IH2009,2020-05-08 09:30:30.500,2756.6000,11723,0,75981780.000,0,-,-,-,-,2752.8000,2751.2000,2751.0000,2749.0000,2747.4000,2756.8000,2757.0000,2757.4000,2757.6000,2758.8000,1,6,2,8,5,8,2,1,1,2
SF,IH2009,2020-05-08 09:30:31.000,2756.6000,11723,0,75981780.000,0,-,-,-,-,2752.8000,2751.2000,2751.0000,2749.0000,2747.4000,2756.0000,2756.6000,2756.8000,2757.0000,2757.4000,1,6,2,8,5,1,3,2,2,1
SF,IH2009,2020-05-08 09:30:31.500,2756.6000,11723,0,75981780.000,0,-,-,-,-,2752.8000,2751.2000,2751.0000,2749.0000,2747.4000,2756.6000,2756.8000,2757.0000,2757.4000,2757.6000,1,6,2,8,5,3,2,2,1,1
SF,IH2009,2020-05-08 09:30:32.000,2756.6000,11723,0,75981780.000,0,-,-,-,-,2752.8000,2751.2000,2751.0000,2749.0000,2747.4000,2756.4000,2756.6000,2757.0000,2757.4000,2757.6000,1,6,2,8,5,2,3,2,1,1
SF,IH2009,2020-05-08 09:30:32.500,2756.6000,11723,0,75981780.000,0,-,-,-,-,2753.0000,2752.8000,2752.2000,2751.2000,2751.0000,2756.4000,2756.8000,2757.0000,2757.4000,2757.6000,1,1,1,6,2,2,1,2,1,1
SF,IH2009,2020-05-08 09:30:33.000,2756.6000,11723,0,75981780.000,0,-,-,-,-,2753.0000,2752.8000,2752.2000,2751.2000,2751.0000,2756.8000,2757.0000,2757.4000,2757.6000,2758.8000,1,1,1,6,2,1,2,1,1,2
SF,IH2009,2020-05-08 09:30:33.500,2756.6000,11723,0,75981780.000,0,-,-,-,-,2753.0000,2752.8000,2752.2000,2751.2000,2751.0000,2756.0000,2756.4000,2756.6000,2756.8000,2757.0000,1,1,1,6,2,1,6,2,1,2
SF,IH2009,2020-05-08 09:30:34.000,2756.6000,11723,0,75981780.000,0,-,-,-,-,2753.8000,2753.2000,2752.8000,2752.2000,2751.2000,2756.0000,2756.6000,2756.8000,2757.0000,2757.4000,1,3,1,1,6,1,2,1,2,1
SF,IH2009,2020-05-08 09:30:34.500,2756.6000,11723,0,75981780.000,0,-,-,-,-,2753.8000,2753.2000,2752.8000,2752.2000,2751.2000,2755.8000,2756.0000,2756.6000,2756.8000,2757.0000,1,3,1,1,6,1,1,2,1,2
SF,IH2009,2020-05-08 09:30:35.000,2753.8000,11723,0,76807920.000,1,0,1,多换,S,2753.2000,2752.8000,2752.2000,2751.2000,2751.0000,2755.8000,2756.0000,2756.6000,2756.8000,2757.0000,3,1,1,6,2,1,1,2,1,2
SF,IH2009,2020-05-08 09:30:35.500,2753.8000,11723,0,76807920.000,0,-,-,-,-,2753.2000,2752.8000,2752.2000,2751.2000,2751.0000,2755.2000,2755.6000,2755.8000,2756.0000,2756.8000,3,1,1,6,2,1,2,1,1,1
SF,IH2009,2020-05-08 09:30:36.000,2753.8000,11723,0,76807920.000,0,-,-,-,-,2753.2000,2752.8000,2751.2000,2751.0000,2749.0000,2755.0000,2755.2000,2755.6000,2756.0000,2756.8000,3,1,6,2,8,1,1,1,1,1
SF,IH2009,2020-05-08 09:30:36.500,2753.8000,11723,0,76807920.000,0,-,-,-,-,2753.6000,2753.4000,2753.2000,2752.8000,2751.2000,2755.6000,2755.8000,2756.0000,2756.8000,2757.0000,1,1,3,1,6,1,1,1,1,2
SF,IH2009,2020-05-08 09:30:37.000,2753.2000,11725,2,80111940.000,4,3,1,空开,S,2753.2000,2752.8000,2751.2000,2751.0000,2749.0000,2755.8000,2756.0000,2756.8000,2757.0000,2757.4000,1,1,6,2,8,1,1,1,2,1
SF,IH2009,2020-05-08 09:30:37.500,2753.2000,11725,0,80111940.000,0,-,-,-,-,2753.2000,2752.8000,2751.2000,2751.0000,2749.0000,2755.2000,2755.6000,2755.8000,2756.0000,2756.8000,1,1,6,2,8,1,1,1,1,1
SF,IH2009,2020-05-08 09:30:38.000,2753.2000,11725,0,80111940.000,0,-,-,-,-,2753.4000,2753.2000,2752.8000,2751.2000,2751.0000,2755.2000,2755.6000,2755.8000,2756.0000,2756.8000,1,1,1,6,2,1,1,1,1,1
SF,IH2009,2020-05-08 09:30:38.500,2753.2000,11725,0,80111940.000,0,-,-,-,-,2753.6000,2753.2000,2752.8000,2751.2000,2751.0000,2755.2000,2755.6000,2755.8000,2756.0000,2756.8000,1,1,1,6,2,1,1,1,1,1
SF,IH2009,2020-05-08 09:30:39.000,2753.2000,11725,0,80111940.000,0,-,-,-,-,2753.8000,2753.2000,2752.8000,2751.2000,2751.0000,2755.2000,2755.8000,2756.8000,2757.0000,2757.4000,1,1,1,6,2,1,1,1,2,1
SF,IH2009,2020-05-08 09:30:39.500,2753.2000,11725,0,80111940.000,0,-,-,-,-,2754.0000,2753.2000,2752.8000,2751.2000,2751.0000,2755.2000,2755.8000,2756.8000,2757.0000,2757.4000,1,1,1,6,2,1,1,1,2,1
SF,IH2009,2020-05-08 09:30:40.000,2753.2000,11725,0,80111940.000,0,-,-,-,-,2753.2000,2752.8000,2751.2000,2751.0000,2749.0000,2755.0000,2755.2000,2755.8000,2756.8000,2757.0000,1,1,6,2,8,1,1,1,1,2
SF,IH2009,2020-05-08 09:30:40.500,2753.2000,11725,0,80111940.000,0,-,-,-,-,2753.4000,2753.2000,2752.8000,2751.2000,2751.0000,2755.0000,2755.2000,2755.8000,2756.8000,2757.0000,1,1,1,6,2,1,1,1,1,2
SF,IH2009,2020-05-08 09:30:41.000,2753.2000,11725,0,80111940.000,0,-,-,-,-,2753.6000,2752.8000,2751.2000,2751.0000,2749.0000,2755.0000,2755.2000,2755.8000,2756.8000,2757.0000,2,1,6,2,8,1,1,1,1,2
SF,IH2009,2020-05-08 09:30:41.500,2753.2000,11725,0,80111940.000,0,-,-,-,-,2753.8000,2753.6000,2752.8000,2751.2000,2751.0000,2755.2000,2755.8000,2756.8000,2757.0000,2757.4000,1,1,1,6,2,1,1,1,2,1
SF,IH2009,2020-05-08 09:30:42.000,2753.2000,11725,0,80111940.000,0,-,-,-,-,2753.6000,2752.8000,2751.2000,2751.0000,2749.0000,2755.2000,2755.8000,2756.8000,2757.0000,2757.4000,1,1,6,2,8,1,1,1,2,1
SF,IH2009,2020-05-08 09:30:42.500,2753.2000,11725,0,80111940.000,0,-,-,-,-,2753.6000,2752.8000,2751.2000,2751.0000,2749.0000,2755.2000,2755.8000,2756.8000,2757.0000,2757.4000,1,1,6,2,8,1,1,1,2,1
SF,IH2009,2020-05-08 09:30:43.000,2753.2000,11725,0,80111940.000,0,-,-,-,-,2753.6000,2752.8000,2751.2000,2751.0000,2749.0000,2755.2000,2755.8000,2756.8000,2757.0000,2757.4000,1,1,6,2,8,1,1,1,2,1
SF,IH2009,2020-05-08 09:30:43.500,2753.2000,11725,0,80111940.000,0,-,-,-,-,2753.6000,2752.8000,2751.2000,2751.0000,2749.0000,2755.2000,2755.8000,2756.8000,2757.0000,2757.4000,1,1,6,2,8,1,1,1,2,1
SF,IH2009,2020-05-08 09:30:44.000,2753.2000,11725,0,80111940.000,0,-,-,-,-,2753.6000,2752.8000,2751.2000,2751.0000,2749.0000,2755.2000,2755.8000,2756.8000,2757.0000,2757.4000,1,1,6,2,8,1,1,1,2,1
SF,IH2009,2020-05-08 09:30:44.500,2753.2000,11725,0,80111940.000,0,-,-,-,-,2753.6000,2752.8000,2751.2000,2751.0000,2749.0000,2755.0000,2755.2000,2755.8000,2756.8000,2757.0000,1,1,6,2,8,1,1,1,1,2
SF,IH2009,2020-05-08 09:30:45.000,2753.2000,11725,0,80111940.000,0,-,-,-,-,2753.6000,2752.8000,2751.2000,2751.0000,2749.0000,2755.0000,2755.2000,2755.8000,2756.8000,2757.0000,1,1,6,2,8,1,1,1,1,2
SF,IH2009,2020-05-08 09:30:45.500,2755.0000,11725,0,80938440.000,1,0,1,多换,S,2753.8000,2753.6000,2752.8000,2751.2000,2751.0000,2755.2000,2755.8000,2756.8000,2757.0000,2757.4000,1,1,1,6,2,1,1,1,2,1
SF,IH2009,2020-05-08 09:30:46.000,2755.0000,11725,0,80938440.000,0,-,-,-,-,2754.0000,2753.6000,2752.8000,2751.2000,2751.0000,2755.2000,2755.8000,2756.8000,2757.0000,2757.4000,2,1,1,6,2,1,1,1,2,1
SF,IH2009,2020-05-08 09:30:46.500,2755.0000,11725,0,80938440.000,0,-,-,-,-,2754.2000,2754.0000,2753.6000,2752.8000,2751.2000,2754.6000,2755.2000,2755.8000,2756.8000,2757.0000,1,1,1,1,6,3,1,1,1,2
SF,IH2009,2020-05-08 09:30:47.000,2752.8000,11726,1,83416620.000,3,2,1,空开,S,2751.2000,2751.0000,2749.0000,2747.4000,2746.2000,2752.2000,2754.6000,2755.2000,2755.8000,2756.8000,6,2,8,5,1,2,3,1,1,1
SF,IH2009,2020-05-08 09:30:47.500,2752.4000,11726,0,85068060.000,2,1,1,多换,S,2751.4000,2751.2000,2751.0000,2749.0000,2747.4000,2754.2000,2754.6000,2755.2000,2755.8000,2756.0000,1,6,2,8,5,1,3,1,1,1
SF,IH2009,2020-05-08 09:30:48.000,2754.2000,11725,-1,85894320.000,1,0,1,双平,S,2751.6000,2751.2000,2751.0000,2749.0000,2747.4000,2754.6000,2755.2000,2755.8000,2756.0000,2756.8000,1,6,2,8,5,3,1,1,1,1
SF,IH2009,2020-05-08 09:30:48.500,2754.2000,11725,0,85894320.000,0,-,-,-,-,2751.6000,2751.2000,2751.0000,2749.0000,2747.4000,2754.6000,2755.2000,2755.8000,2756.0000,2756.8000,1,6,2,8,5,3,1,1,1,1
SF,IH2009,2020-05-08 09:30:49.000,2754.2000,11725,0,85894320.000,0,-,-,-,-,2751.6000,2751.2000,2751.0000,2749.0000,2747.4000,2754.6000,2755.2000,2755.8000,2756.0000,2756.8000,1,6,2,8,5,3,1,1,1,1
SF,IH2009,2020-05-08 09:30:49.500,2754.2000,11725,0,85894320.000,0,-,-,-,-,2752.0000,2751.6000,2751.2000,2751.0000,2749.0000,2754.6000,2755.2000,2755.8000,2756.0000,2756.8000,1,1,6,2,8,3,1,1,1,1
SF,IH2009,2020-05-08 09:30:50.000,2754.2000,11725,0,85894320.000,0,-,-,-,-,2752.0000,2751.2000,2751.0000,2749.0000,2747.4000,2754.2000,2754.6000,2755.2000,2756.0000,2756.8000,1,6,2,8,5,1,3,1,1,1
SF,IH2009,2020-05-08 09:30:50.500,2754.2000,11725,0,85894320.000,0,-,-,-,-,2752.2000,2752.0000,2751.2000,2751.0000,2749.0000,2754.2000,2754.6000,2755.2000,2756.0000,2756.8000,1,1,6,2,8,1,3,1,1,1
SF,IH2009,2020-05-08 09:30:51.000,2754.2000,11725,0,85894320.000,0,-,-,-,-,2752.4000,2752.2000,2752.0000,2751.2000,2751.0000,2754.0000,2754.2000,2754.6000,2755.2000,2756.0000,1,1,1,6,2,1,1,3,1,1
SF,IH2009,2020-05-08 09:30:51.500,2754.2000,11725,0,85894320.000,0,-,-,-,-,2752.6000,2752.2000,2752.0000,2751.2000,2751.0000,2754.2000,2754.6000,2755.2000,2756.0000,2756.8000,2,1,1,6,2,1,3,1,1,1
SF,IH2009,2020-05-08 09:30:52.000,2754.2000,11725,0,85894320.000,0,-,-,-,-,2752.8000,2752.6000,2752.2000,2752.0000,2751.2000,2754.2000,2754.6000,2755.2000,2756.0000,2756.8000,1,1,1,2,6,1,3,1,1,1
SF,IH2009,2020-05-08 09:30:52.500,2754.2000,11725,0,85894320.000,0,-,-,-,-,2752.6000,2752.0000,2751.2000,2751.0000,2750.0000,2754.2000,2754.6000,2755.2000,2756.0000,2756.8000,1,2,6,2,2,1,3,1,1,1
SF,IH2009,2020-05-08 09:30:53.000,2754.2000,11725,0,85894320.000,0,-,-,-,-,2752.0000,2751.2000,2751.0000,2750.0000,2749.0000,2754.0000,2754.2000,2754.6000,2755.2000,2756.0000,3,6,2,2,8,1,1,3,1,1
SF,IH2009,2020-05-08 09:30:53.500,2754.0000,11724,-1,86720520.000,1,0,1,双平,S,2752.2000,2752.0000,2751.2000,2751.0000,2750.0000,2754.2000,2754.6000,2755.2000,2756.0000,2756.8000,1,2,6,2,2,1,3,1,1,1
SF,IH2009,2020-05-08 09:30:54.000,2754.0000,11724,0,86720520.000,0,-,-,-,-,2752.4000,2752.0000,2751.2000,2751.0000,2750.0000,2754.2000,2754.6000,2755.2000,2756.0000,2756.8000,1,2,6,2,2,1,3,1,1,1
SF,IH2009,2020-05-08 09:30:54.500,2752.6000,11723,-1,87546300.000,1,0,1,双平,S,2752.6000,2752.0000,2751.2000,2751.0000,2750.0000,2754.2000,2754.6000,2755.2000,2756.0000,2756.8000,1,2,6,2,2,1,3,1,1,1
SF,IH2009,2020-05-08 09:30:55.000,2752.6000,11723,0,87546300.000,0,-,-,-,-,2752.0000,2751.2000,2751.0000,2750.0000,2749.0000,2754.0000,2754.2000,2754.6000,2755.2000,2756.0000,2,6,2,2,8,2,1,3,1,1
SF,IH2009,2020-05-08 09:30:55.500,2752.6000,11723,0,87546300.000,0,-,-,-,-,2752.2000,2752.0000,2751.2000,2751.0000,2750.0000,2753.8000,2754.0000,2754.2000,2754.6000,2755.2000,1,2,6,2,2,1,1,1,3,1
SF,IH2009,2020-05-08 09:30:56.000,2752.6000,11723,0,87546300.000,0,-,-,-,-,2752.0000,2751.2000,2751.0000,2750.0000,2749.0000,2753.6000,2754.0000,2754.2000,2754.6000,2755.2000,2,6,2,2,8,1,2,1,3,1
SF,IH2009,2020-05-08 09:30:56.500,2752.6000,11723,0,87546300.000,0,-,-,-,-,2752.2000,2752.0000,2751.2000,2751.0000,2750.0000,2754.0000,2754.2000,2754.6000,2755.2000,2756.0000,1,2,6,2,2,1,1,3,1,1
SF,IH2009,2020-05-08 09:30:57.000,2751.2000,11725,2,90848220.000,4,3,1,空开,S,2751.2000,2751.0000,2750.0000,2749.0000,2747.4000,2753.8000,2754.0000,2754.2000,2754.6000,2755.2000,4,2,2,8,8,1,1,1,3,1
SF,IH2009,2020-05-08 09:30:57.500,2751.2000,11725,0,90848220.000,0,-,-,-,-,2751.2000,2751.0000,2750.0000,2749.0000,2747.4000,2754.0000,2754.2000,2754.6000,2755.2000,2756.0000,4,2,2,8,8,1,1,3,1,1
SF,IH2009,2020-05-08 09:30:58.000,2751.2000,11725,0,90848220.000,0,-,-,-,-,2751.2000,2751.0000,2750.0000,2749.0000,2747.4000,2753.8000,2754.0000,2754.2000,2754.6000,2755.2000,4,2,2,8,8,2,1,1,3,1
SF,IH2009,2020-05-08 09:30:58.500,2753.8000,11723,-2,92500500.000,2,0,2,双平,S,2751.2000,2751.0000,2750.0000,2749.0000,2747.4000,2754.0000,2754.6000,2755.0000,2755.2000,2756.0000,4,2,2,8,8,1,3,2,1,1
SF,IH2009,2020-05-08 09:30:59.000,2753.8000,11723,0,92500500.000,0,-,-,-,-,2751.4000,2751.2000,2751.0000,2750.0000,2749.0000,2754.0000,2754.6000,2755.0000,2755.2000,2756.0000,1,4,2,2,8,1,3,2,1,1
SF,IH2009,2020-05-08 09:30:59.500,2753.8000,11723,0,92500500.000,0,-,-,-,-,2751.4000,2751.2000,2751.0000,2750.0000,2749.0000,2754.0000,2755.0000,2755.2000,2756.0000,2756.8000,1,4,2,2,8,1,2,1,1,1
SF,IH2009,2020-05-08 09:31:00.000,2753.8000,11723,0,92500500.000,0,-,-,-,-,2751.6000,2751.4000,2751.2000,2751.0000,2750.0000,2754.0000,2755.0000,2755.2000,2756.0000,2756.8000,1,1,4,2,2,1,2,1,1,1
SF,IH2009,2020-05-08 09:31:00.500,2753.8000,11723,0,92500500.000,0,-,-,-,-,2751.8000,2751.6000,2751.4000,2751.2000,2751.0000,2753.8000,2754.0000,2755.0000,2755.2000,2756.0000,1,1,2,4,2,1,1,2,1,1
SF,IH2009,2020-05-08 09:31:01.000,2753.8000,11723,0,92500500.000,0,-,-,-,-,2752.0000,2751.8000,2751.4000,2751.2000,2751.0000,2753.6000,2753.8000,2754.0000,2755.0000,2755.2000,1,1,2,4,2,1,1,1,2,1
SF,IH2009,2020-05-08 09:31:01.500,2753.8000,11723,0,92500500.000,0,-,-,-,-,2752.2000,2751.4000,2751.2000,2751.0000,2750.0000,2753.4000,2753.8000,2754.0000,2755.0000,2755.2000,1,2,4,2,2,1,1,1,2,1
SF,IH2009,2020-05-08 09:31:02.000,2753.8000,11723,0,92500500.000,0,-,-,-,-,2752.4000,2752.2000,2751.4000,2751.2000,2751.0000,2754.0000,2755.0000,2755.2000,2756.0000,2756.8000,1,1,2,4,2,1,2,1,1,1
SF,IH2009,2020-05-08 09:31:02.500,2753.8000,11723,0,92500500.000,0,-,-,-,-,2752.2000,2751.4000,2751.2000,2751.0000,2750.0000,2753.8000,2754.0000,2755.0000,2755.2000,2756.0000,1,2,4,2,2,2,1,2,1,1
SF,IH2009,2020-05-08 09:31:03.000,2753.8000,11723,0,92500500.000,0,-,-,-,-,2752.2000,2752.0000,2751.4000,2751.2000,2751.0000,2753.6000,2753.8000,2754.0000,2755.0000,2755.2000,1,1,2,4,2,1,1,1,2,1
SF,IH2009,2020-05-08 09:31:03.500,2753.8000,11723,0,92500500.000,0,-,-,-,-,2752.4000,2752.2000,2752.0000,2751.4000,2751.2000,2754.0000,2755.0000,2755.2000,2756.0000,2756.8000,1,1,1,2,4,1,2,1,1,1
SF,IH2009,2020-05-08 09:31:04.000,2753.8000,11723,0,92500500.000,0,-,-,-,-,2752.2000,2752.0000,2751.4000,2751.2000,2751.0000,2753.8000,2754.0000,2755.0000,2755.2000,2756.0000,1,1,2,4,2,2,1,2,1,1
SF,IH2009,2020-05-08 09:31:04.500,2753.8000,11723,0,92500500.000,0,-,-,-,-,2752.2000,2752.0000,2751.4000,2751.2000,2751.0000,2753.6000,2753.8000,2754.0000,2755.0000,2755.2000,2,1,2,3,2,1,1,1,2,1
SF,IH2009,2020-05-08 09:31:05.000,2753.8000,11723,0,92500500.000,0,-,-,-,-,2752.2000,2752.0000,2751.4000,2751.2000,2751.0000,2753.4000,2754.0000,2755.0000,2755.2000,2756.0000,1,1,2,3,2,1,1,2,1,1
SF,IH2009,2020-05-08 09:31:05.500,2753.8000,11723,0,92500500.000,0,-,-,-,-,2752.2000,2752.0000,2751.4000,2751.2000,2751.0000,2753.4000,2753.6000,2754.0000,2755.0000,2755.2000,1,1,1,3,2,1,1,1,2,1
SF,IH2009,2020-05-08 09:31:06.500,2753.8000,11723,0,92500500.000,0,-,-,-,-,2752.2000,2752.0000,2751.4000,2751.2000,2751.0000,2753.4000,2753.6000,2754.0000,2755.0000,2755.2000,1,1,1,3,2,1,1,1,2,1
SF,IH2009,2020-05-08 09:31:07.000,2753.4000,11723,0,93326520.000,1,0,1,多换,S,2752.2000,2752.0000,2751.4000,2751.2000,2751.0000,2753.4000,2753.6000,2754.0000,2755.0000,2755.2000,1,1,1,3,2,1,1,1,2,1
SF,IH2009,2020-05-08 09:31:07.500,2753.4000,11723,0,93326520.000,0,-,-,-,-,2752.2000,2752.0000,2751.4000,2751.2000,2751.0000,2753.4000,2753.6000,2754.0000,2755.0000,2755.2000,1,1,1,3,2,1,1,1,2,1
SF,IH2009,2020-05-08 09:31:08.000,2753.4000,11723,0,94152540.000,1,0,1,多换,S,2752.2000,2752.0000,2751.4000,2751.2000,2751.0000,2753.6000,2754.0000,2755.0000,2755.2000,2756.0000,6,1,1,3,2,1,1,2,1,1
SF,IH2009,2020-05-08 09:31:08.500,2753.4000,11723,0,94152540.000,0,-,-,-,-,2752.4000,2752.2000,2752.0000,2751.4000,2751.2000,2753.6000,2754.0000,2755.0000,2755.2000,2756.0000,3,6,1,1,3,1,1,2,1,1
SF,IH2009,2020-05-08 09:31:09.000,2753.6000,11721,-2,96630900.000,3,0,3,多平,S,2752.6000,2752.4000,2752.2000,2752.0000,2751.4000,2755.0000,2755.2000,2756.0000,2756.8000,2757.0000,2,3,6,1,1,2,1,1,1,3
SF,IH2009,2020-05-08 09:31:09.500,2753.6000,11721,0,96630900.000,0,-,-,-,-,2752.6000,2752.2000,2752.0000,2751.4000,2751.2000,2754.8000,2755.0000,2755.2000,2756.0000,2756.8000,1,6,1,1,3,1,2,1,1,1
SF,IH2009,2020-05-08 09:31:10.000,2753.6000,11721,0,96630900.000,0,-,-,-,-,2752.6000,2752.2000,2752.0000,2751.4000,2751.2000,2754.4000,2754.8000,2755.0000,2755.2000,2756.0000,1,6,1,1,3,3,1,2,1,1
SF,IH2009,2020-05-08 09:31:10.500,2755.0000,11715,-6,102415560.000,7,0,7,多平,S,2755.0000,2752.8000,2752.6000,2752.2000,2752.0000,2755.2000,2756.0000,2756.8000,2757.0000,2757.2000,1,1,1,6,1,1,1,1,3,1
SF,IH2009,2020-05-08 09:31:11.000,2755.0000,11714,-1,103242060.000,1,0,1,双平,S,2752.6000,2752.2000,2752.0000,2751.2000,2751.0000,2755.0000,2755.2000,2756.0000,2756.8000,2757.0000,1,6,1,3,2,2,1,1,1,3
SF,IH2009,2020-05-08 09:31:11.500,2755.0000,11714,0,103242060.000,0,-,-,-,-,2752.6000,2752.2000,2752.0000,2751.2000,2751.0000,2755.0000,2755.2000,2756.0000,2756.8000,2757.0000,1,6,1,3,2,3,1,1,1,3
SF,IH2009,2020-05-08 09:31:12.000,2755.0000,11714,0,103242060.000,0,-,-,-,-,2752.6000,2752.2000,2752.0000,2751.2000,2751.0000,2754.8000,2755.0000,2755.2000,2756.0000,2756.8000,1,6,1,3,2,1,3,1,1,1
SF,IH2009,2020-05-08 09:31:12.500,2755.0000,11714,0,103242060.000,0,-,-,-,-,2752.6000,2752.2000,2752.0000,2751.2000,2751.0000,2754.8000,2755.0000,2755.2000,2756.0000,2756.8000,1,6,1,3,2,1,4,1,1,1
SF,IH2009,2020-05-08 09:31:13.500,2755.0000,11714,0,103242060.000,0,-,-,-,-,2752.8000,2752.6000,2752.2000,2752.0000,2751.2000,2754.8000,2755.0000,2755.2000,2756.0000,2756.8000,1,1,6,1,3,1,4,1,1,1
SF,IH2009,2020-05-08 09:31:14.000,2755.0000,11714,0,103242060.000,0,-,-,-,-,2753.0000,2752.2000,2752.0000,2751.2000,2751.0000,2754.8000,2755.0000,2755.2000,2756.8000,2757.0000,2,6,1,3,2,1,4,1,1,3
SF,IH2009,2020-05-08 09:31:14.500,2755.0000,11714,0,103242060.000,0,-,-,-,-,2753.2000,2753.0000,2752.2000,2752.0000,2751.2000,2754.8000,2755.0000,2755.2000,2756.8000,2757.0000,1,1,6,1,3,1,4,1,1,3
SF,IH2009,2020-05-08 09:31:15.000,2755.0000,11714,0,103242060.000,0,-,-,-,-,2753.4000,2752.2000,2752.0000,2751.2000,2751.0000,2754.8000,2755.0000,2755.2000,2756.8000,2757.0000,1,6,1,3,2,1,4,1,1,3
SF,IH2009,2020-05-08 09:31:15.500,2755.0000,11713,-1,104068560.000,1,0,1,双平,S,2753.6000,2752.2000,2752.0000,2751.2000,2751.0000,2755.0000,2755.2000,2756.8000,2757.0000,2757.2000,1,6,1,3,2,4,1,1,3,1
SF,IH2009,2020-05-08 09:31:16.000,2755.0000,11713,0,104068560.000,0,-,-,-,-,2753.8000,2752.6000,2752.2000,2752.0000,2751.2000,2755.0000,2755.2000,2756.8000,2757.0000,2757.2000,1,1,6,1,3,4,1,1,3,1
SF,IH2009,2020-05-08 09:31:16.500,2755.0000,11713,0,104068560.000,0,-,-,-,-,2752.6000,2752.2000,2752.0000,2751.2000,2751.0000,2755.0000,2755.2000,2756.8000,2757.0000,2757.2000,1,6,1,3,2,4,1,1,3,1
SF,IH2009,2020-05-08 09:31:17.000,2755.0000,11713,0,104068560.000,0,-,-,-,-,2752.8000,2752.6000,2752.2000,2752.0000,2751.2000,2754.8000,2755.0000,2755.2000,2756.8000,2757.0000,1,1,6,1,3,1,4,1,1,3
SF,IH2009,2020-05-08 09:31:17.500,2755.0000,11713,0,104068560.000,0,-,-,-,-,2753.0000,2752.8000,2752.6000,2752.2000,2752.0000,2754.8000,2755.0000,2755.2000,2756.8000,2757.0000,1,1,1,6,1,1,4,1,1,3
SF,IH2009,2020-05-08 09:31:18.000,2755.0000,11713,0,104068560.000,0,-,-,-,-,2753.2000,2752.6000,2752.2000,2752.0000,2751.2000,2754.8000,2755.0000,2755.2000,2756.8000,2757.0000,2,1,6,1,3,1,4,1,1,3
SF,IH2009,2020-05-08 09:31:18.500,2755.0000,11713,0,104068560.000,0,-,-,-,-,2753.4000,2752.6000,2752.2000,2752.0000,2751.2000,2754.8000,2755.0000,2755.2000,2756.8000,2757.0000,1,1,6,1,3,2,4,1,1,3
SF,IH2009,2020-05-08 09:31:19.000,2755.0000,11713,0,104068560.000,0,-,-,-,-,2752.2000,2752.0000,2751.2000,2751.0000,2750.0000,2754.8000,2755.0000,2755.2000,2756.8000,2757.0000,6,1,3,2,2,2,4,1,1,3
SF,IH2009,2020-05-08 09:31:19.500,2755.0000,11713,0,104068560.000,0,-,-,-,-,2752.4000,2752.2000,2752.0000,2751.2000,2751.0000,2754.8000,2755.0000,2755.2000,2756.8000,2757.0000,1,6,1,3,2,2,8,1,1,3
SF,IH2009,2020-05-08 09:31:20.000,2755.0000,11713,0,104068560.000,0,-,-,-,-,2752.4000,2752.2000,2752.0000,2751.2000,2751.0000,2754.4000,2754.6000,2754.8000,2755.0000,2755.2000,1,1,1,3,2,1,2,2,8,1
SF,IH2009,2020-05-08 09:31:20.500,2755.0000,11713,0,104068560.000,0,-,-,-,-,2752.6000,2752.4000,2752.2000,2752.0000,2751.2000,2754.2000,2754.4000,2754.6000,2754.8000,2755.0000,1,1,1,1,3,2,1,1,1,8
SF,IH2009,2020-05-08 09:31:21.000,2755.0000,11713,0,104068560.000,0,-,-,-,-,2752.8000,2752.4000,2752.2000,2752.0000,2751.2000,2754.2000,2754.4000,2754.6000,2754.8000,2755.0000,1,1,1,1,3,2,1,1,1,8
SF,IH2009,2020-05-08 09:31:21.500,2755.0000,11713,0,104068560.000,0,-,-,-,-,2753.0000,2752.4000,2752.2000,2752.0000,2751.2000,2754.2000,2754.4000,2754.6000,2754.8000,2755.0000,1,1,1,1,3,2,1,1,1,8
SF,IH2009,2020-05-08 09:31:22.000,2753.0000,11712,-1,104894460.000,1,0,1,双平,S,2752.4000,2752.2000,2752.0000,2751.2000,2751.0000,2754.0000,2754.2000,2754.4000,2754.6000,2754.8000,1,2,1,3,2,1,2,1,1,1
SF,IH2009,2020-05-08 09:31:22.500,2753.0000,11712,0,104894460.000,0,-,-,-,-,2752.4000,2752.2000,2752.0000,2751.2000,2751.0000,2753.8000,2754.2000,2754.4000,2754.6000,2754.8000,1,2,1,3,2,2,1,1,1,1
SF,IH2009,2020-05-08 09:31:23.000,2753.0000,11712,0,104894460.000,0,-,-,-,-,2752.4000,2752.2000,2752.0000,2751.2000,2751.0000,2753.6000,2753.8000,2754.2000,2754.4000,2754.6000,1,2,1,3,2,1,1,1,1,1
SF,IH2009,2020-05-08 09:31:23.500,2753.0000,11712,0,104894460.000,0,-,-,-,-,2752.4000,2752.2000,2752.0000,2751.2000,2751.0000,2753.8000,2754.2000,2754.4000,2754.6000,2754.8000,1,2,1,3,2,1,1,1,1,1
SF,IH2009,2020-05-08 09:31:24.000,2753.0000,11712,0,104894460.000,0,-,-,-,-,2752.4000,2752.2000,2752.0000,2751.2000,2751.0000,2753.6000,2753.8000,2754.2000,2754.4000,2754.6000,1,2,1,3,2,1,1,1,1,1
SF,IH2009,2020-05-08 09:31:24.500,2752.4000,11711,-1,105720180.000,1,0,1,双平,S,2752.2000,2752.0000,2751.2000,2751.0000,2750.0000,2753.8000,2754.2000,2754.4000,2754.6000,2754.8000,2,1,3,2,2,1,1,1,1,1
SF,IH2009,2020-05-08 09:31:25.000,2752.2000,11710,-1,107371500.000,2,0,2,多平,S,2752.0000,2751.2000,2751.0000,2750.0000,2749.0000,2753.6000,2753.8000,2754.2000,2754.4000,2754.6000,1,3,2,2,1,1,1,1,1,1
SF,IH2009,2020-05-08 09:31:25.500,2752.0000,11709,-1,108197100.000,1,0,1,双平,S,2751.2000,2751.0000,2750.0000,2749.0000,2748.8000,2753.4000,2754.2000,2754.4000,2754.6000,2754.8000,3,2,2,1,1,2,1,1,1,1
SF,IH2009,2020-05-08 09:31:26.000,2751.4000,11708,-1,109022520.000,1,0,1,双平,S,2751.2000,2751.0000,2750.0000,2749.0000,2748.8000,2753.4000,2754.2000,2754.4000,2754.6000,2754.8000,3,2,2,1,1,1,1,1,1,1
SF,IH2009,2020-05-08 09:31:26.500,2753.4000,11707,-1,109848540.000,1,0,1,双平,S,2753.0000,2751.4000,2751.2000,2751.0000,2750.0000,2754.2000,2754.4000,2754.6000,2754.8000,2755.0000,1,1,3,2,2,1,1,1,1,6
SF,IH2009,2020-05-08 09:31:27.000,2753.0000,11707,0,110674440.000,1,0,1,多换,S,2751.2000,2751.0000,2750.0000,2749.0000,2748.8000,2753.0000,2754.0000,2754.2000,2754.4000,2754.6000,3,2,2,1,1,1,1,1,1,1
SF,IH2009,2020-05-08 09:31:27.500,2753.0000,11707,0,110674440.000,0,-,-,-,-,2751.4000,2751.2000,2751.0000,2750.0000,2749.0000,2753.0000,2754.2000,2754.4000,2754.6000,2754.8000,2,3,2,2,1,1,1,1,1,1
SF,IH2009,2020-05-08 09:31:28.000,2751.6000,11706,-1,111499920.000,1,0,1,双平,S,2751.4000,2751.2000,2751.0000,2750.0000,2749.0000,2752.8000,2753.0000,2754.2000,2754.4000,2754.6000,1,3,2,2,1,1,1,1,1,1
SF,IH2009,2020-05-08 09:31:28.500,2752.6000,11706,0,112325700.000,1,0,1,多换,S,2751.4000,2751.2000,2751.0000,2750.0000,2749.0000,2753.0000,2754.2000,2754.4000,2754.6000,2754.8000,1,3,2,2,1,1,1,1,1,1
SF,IH2009,2020-05-08 09:31:29.000,2752.6000,11706,0,112325700.000,0,-,-,-,-,2751.4000,2751.2000,2751.0000,2750.0000,2749.0000,2752.8000,2753.0000,2754.2000,2754.4000,2754.6000,1,3,2,2,1,2,1,1,1,1
SF,IH2009,2020-05-08 09:31:29.500,2752.6000,11706,0,112325700.000,0,-,-,-,-,2751.4000,2751.2000,2751.0000,2750.0000,2749.0000,2752.6000,2752.8000,2753.0000,2754.2000,2754.4000,1,3,2,2,1,1,1,1,1,1
SF,IH2009,2020-05-08 09:31:30.000,2752.6000,11706,0,112325700.000,0,-,-,-,-,2751.4000,2751.2000,2751.0000,2750.0000,2749.0000,2752.8000,2753.0000,2754.2000,2754.4000,2754.6000,6,3,2,2,1,1,1,1,1,1
SF,IH2009,2020-05-08 09:31:30.500,2752.6000,11706,0,112325700.000,0,-,-,-,-,2751.6000,2751.4000,2751.2000,2751.0000,2750.0000,2752.8000,2753.0000,2753.4000,2754.2000,2754.4000,1,6,3,2,2,1,1,1,1,1
SF,IH2009,2020-05-08 09:31:31.000,2752.6000,11706,0,112325700.000,0,-,-,-,-,2751.4000,2751.2000,2751.0000,2750.0000,2749.0000,2752.8000,2753.0000,2753.4000,2753.8000,2754.2000,6,3,2,2,1,1,1,1,1,1
SF,IH2009,2020-05-08 09:31:32.000,2752.6000,11706,0,112325700.000,0,-,-,-,-,2751.6000,2751.4000,2751.2000,2751.0000,2750.0000,2752.8000,2753.0000,2753.4000,2753.8000,2754.2000,1,6,3,2,2,1,1,1,1,1
SF,IH2009,2020-05-08 09:31:32.500,2752.6000,11706,0,112325700.000,0,-,-,-,-,2751.4000,2751.2000,2751.0000,2750.0000,2749.0000,2752.8000,2753.0000,2753.4000,2753.8000,2754.2000,6,3,2,2,1,1,1,1,1,1
SF,IH2009,2020-05-08 09:31:34.500,2752.6000,11706,0,112325700.000,0,-,-,-,-,2751.6000,2751.4000,2751.2000,2751.0000,2750.0000,2752.8000,2753.0000,2753.4000,2753.8000,2754.2000,1,6,3,2,2,1,1,1,1,1
SF,IH2009,2020-05-08 09:31:35.000,2752.6000,11706,0,112325700.000,0,-,-,-,-,2751.4000,2751.2000,2751.0000,2750.0000,2749.0000,2752.6000,2752.8000,2753.0000,2753.4000,2753.8000,5,3,2,2,1,1,1,1,1,1
SF,IH2009,2020-05-08 09:31:35.500,2752.6000,11706,0,112325700.000,0,-,-,-,-,2751.4000,2751.2000,2751.0000,2750.0000,2749.0000,2752.8000,2753.0000,2753.4000,2753.8000,2754.2000,5,3,2,2,1,1,1,1,1,1
SF,IH2009,2020-05-08 09:31:36.000,2752.6000,11706,0,112325700.000,0,-,-,-,-,2751.4000,2751.2000,2751.0000,2750.0000,2749.0000,2752.8000,2753.0000,2753.4000,2753.8000,2754.2000,5,3,2,2,1,1,1,1,1,1
SF,IH2009,2020-05-08 09:31:36.500,2752.8000,11705,-1,113151540.000,1,0,1,双平,S,2751.4000,2751.2000,2751.0000,2750.0000,2749.0000,2753.0000,2753.4000,2753.8000,2754.2000,2754.4000,5,3,2,2,1,1,1,1,1,1
SF,IH2009,2020-05-08 09:31:37.000,2752.8000,11705,0,113151540.000,0,-,-,-,-,2751.4000,2751.2000,2751.0000,2750.0000,2749.0000,2752.8000,2753.0000,2753.4000,2753.8000,2754.2000,5,3,2,2,1,2,1,1,1,1
SF,IH2009,2020-05-08 09:31:37.500,2752.8000,11705,0,113977380.000,1,0,1,多换,S,2751.6000,2751.4000,2751.2000,2751.0000,2750.0000,2752.8000,2753.0000,2753.4000,2753.8000,2754.2000,1,5,3,2,2,1,1,1,1,1
SF,IH2009,2020-05-08 09:31:38.000,2751.2000,11708,3,118929840.000,6,4,2,空开,S,2751.2000,2751.0000,2750.0000,2749.0000,2748.8000,2751.4000,2752.8000,2753.0000,2753.4000,2753.8000,2,2,2,1,1,1,1,1,1,1
SF,IH2009,2020-05-08 09:31:38.500,2751.4000,11707,-1,121405980.000,3,1,2,多平,S,2751.8000,2751.0000,2750.0000,2749.0000,2748.8000,2752.6000,2752.8000,2753.4000,2753.8000,2754.2000,2,2,2,1,1,2,1,1,1,1
SF,IH2009,2020-05-08 09:31:39.000,2751.8000,11706,-1,122231520.000,1,0,1,双平,S,2751.8000,2751.0000,2750.4000,2750.0000,2749.0000,2752.6000,2752.8000,2753.0000,2753.4000,2753.8000,1,2,1,2,1,2,1,4,1,1
SF,IH2009,2020-05-08 09:31:39.500,2751.8000,11706,0,122231520.000,0,-,-,-,-,2752.0000,2751.8000,2751.0000,2750.4000,2750.0000,2752.4000,2752.6000,2753.0000,2753.4000,2753.8000,1,1,2,1,2,1,2,4,1,1
SF,IH2009,2020-05-08 09:31:40.000,2751.8000,11705,-1,123882660.000,2,0,2,多平,S,2751.0000,2750.4000,2750.0000,2749.2000,2749.0000,2752.4000,2753.0000,2753.4000,2753.8000,2754.2000,2,1,2,1,1,1,4,1,1,1
SF,IH2009,2020-05-08 09:31:40.500,2751.8000,11705,0,123882660.000,0,-,-,-,-,2751.2000,2751.0000,2750.4000,2750.0000,2749.2000,2751.4000,2752.4000,2753.0000,2753.4000,2753.8000,2,2,1,2,1,1,1,4,1,1
SF,IH2009,2020-05-08 09:31:41.000,2751.4000,11704,-1,124708080.000,1,0,1,双平,S,2751.0000,2750.4000,2750.0000,2749.2000,2749.0000,2753.0000,2753.4000,2753.8000,2754.2000,2754.6000,2,1,2,1,1,4,1,1,1,1
SF,IH2009,2020-05-08 09:31:41.500,2751.4000,11704,0,124708080.000,0,-,-,-,-,2751.2000,2751.0000,2750.4000,2750.0000,2749.2000,2752.8000,2753.0000,2753.4000,2753.8000,2754.2000,2,2,1,2,1,3,4,1,1,1
SF,IH2009,2020-05-08 09:31:42.000,2751.4000,11704,0,124708080.000,0,-,-,-,-,2751.2000,2751.0000,2750.4000,2750.0000,2749.2000,2752.6000,2752.8000,2753.0000,2753.4000,2753.8000,1,2,1,2,1,1,2,4,1,1
SF,IH2009,2020-05-08 09:31:42.500,2751.4000,11704,0,124708080.000,0,-,-,-,-,2751.2000,2751.0000,2750.4000,2750.0000,2749.2000,2752.8000,2753.0000,2753.4000,2753.8000,2754.2000,1,2,1,2,1,2,4,1,1,1
SF,IH2009,2020-05-08 09:31:43.000,2751.4000,11704,0,124708080.000,0,-,-,-,-,2751.2000,2751.0000,2750.4000,2750.0000,2749.2000,2752.6000,2752.8000,2753.0000,2753.4000,2753.8000,1,2,1,2,1,1,2,4,1,1
SF,IH2009,2020-05-08 09:31:43.500,2751.4000,11704,0,124708080.000,0,-,-,-,-,2751.2000,2751.0000,2750.4000,2750.0000,2749.2000,2751.6000,2752.8000,2753.0000,2753.4000,2753.8000,1,2,1,2,1,1,2,4,1,1
SF,IH2009,2020-05-08 09:31:44.000,2751.6000,11703,-1,125533560.000,1,0,1,双平,S,2751.2000,2751.0000,2750.4000,2750.0000,2749.2000,2752.8000,2753.0000,2753.4000,2753.8000,2754.2000,1,2,1,2,1,1,4,1,1,1
SF,IH2009,2020-05-08 09:31:44.500,2751.6000,11703,0,125533560.000,0,-,-,-,-,2751.2000,2751.0000,2750.4000,2750.0000,2749.2000,2752.6000,2752.8000,2753.0000,2753.4000,2753.8000,1,2,1,2,1,1,1,4,1,1
SF,IH2009,2020-05-08 09:31:45.000,2751.6000,11703,0,125533560.000,0,-,-,-,-,2751.2000,2751.0000,2750.4000,2750.0000,2749.2000,2752.8000,2753.0000,2753.4000,2753.8000,2754.2000,1,2,1,2,1,1,4,1,1,1
SF,IH2009,2020-05-08 09:31:45.500,2751.6000,11703,0,125533560.000,0,-,-,-,-,2751.4000,2751.2000,2751.0000,2750.4000,2750.0000,2752.8000,2753.0000,2753.4000,2753.8000,2754.2000,2,1,2,1,2,1,4,1,1,1
SF,IH2009,2020-05-08 09:31:46.000,2751.6000,11703,0,125533560.000,0,-,-,-,-,2751.4000,2751.2000,2751.0000,2750.4000,2750.0000,2752.8000,2753.0000,2753.4000,2754.2000,2754.6000,2,1,2,1,2,1,4,1,1,1
SF,IH2009,2020-05-08 09:31:46.500,2752.6000,11701,-2,127184760.000,2,0,2,双平,S,2751.2000,2751.0000,2750.4000,2750.0000,2749.2000,2752.8000,2753.0000,2753.4000,2754.2000,2754.6000,1,2,1,2,1,1,4,1,1,1
SF,IH2009,2020-05-08 09:31:47.000,2752.6000,11701,0,127184760.000,0,-,-,-,-,2751.4000,2751.2000,2751.0000,2750.4000,2750.0000,2752.6000,2752.8000,2753.0000,2753.4000,2754.2000,1,1,2,1,2,1,1,4,1,1
SF,IH2009,2020-05-08 09:31:47.500,2752.6000,11701,0,127184760.000,0,-,-,-,-,2751.2000,2751.0000,2750.4000,2750.0000,2749.2000,2752.6000,2752.8000,2753.0000,2753.4000,2754.2000,1,2,1,2,1,1,1,4,1,1
SF,IH2009,2020-05-08 09:31:48.000,2752.6000,11701,0,127184760.000,0,-,-,-,-,2751.4000,2751.2000,2751.0000,2750.4000,2750.0000,2752.6000,2752.8000,2753.0000,2753.4000,2754.2000,2,1,2,1,2,1,1,4,1,1
SF,IH2009,2020-05-08 09:31:48.500,2752.6000,11701,0,127184760.000,0,-,-,-,-,2751.4000,2751.0000,2750.4000,2750.0000,2749.2000,2752.4000,2752.6000,2753.0000,2753.4000,2754.2000,1,2,1,2,1,1,1,4,1,1
SF,IH2009,2020-05-08 09:31:49.000,2752.6000,11701,0,128010540.000,1,0,1,多换,S,2751.4000,2751.0000,2750.4000,2750.0000,2749.2000,2752.0000,2753.4000,2754.2000,2754.6000,2755.0000,1,2,1,2,1,4,1,1,1,2
SF,IH2009,2020-05-08 09:31:51.500,2751.4000,11700,-1,128835960.000,1,0,1,双平,S,2751.0000,2750.4000,2750.0000,2749.2000,2749.0000,2752.0000,2753.4000,2754.2000,2754.6000,2755.0000,2,1,2,1,1,4,1,1,1,2
SF,IH2009,2020-05-08 09:31:52.000,2751.4000,11700,0,128835960.000,0,-,-,-,-,2751.0000,2750.4000,2749.2000,2749.0000,2748.8000,2752.0000,2753.4000,2754.2000,2754.6000,2755.0000,2,1,1,1,1,4,1,1,1,2
SF,IH2009,2020-05-08 09:31:53.000,2751.4000,11700,0,128835960.000,0,-,-,-,-,2751.2000,2751.0000,2750.4000,2749.2000,2749.0000,2752.0000,2753.4000,2754.2000,2754.6000,2755.0000,2,2,1,1,1,4,1,1,1,2
SF,IH2009,2020-05-08 09:31:53.500,2751.4000,11700,0,128835960.000,0,-,-,-,-,2751.2000,2751.0000,2750.4000,2749.2000,2749.0000,2752.0000,2752.8000,2753.4000,2754.2000,2754.6000,2,2,1,1,1,4,1,1,1,1
SF,IH2009,2020-05-08 09:31:54.000,2751.2000,11699,-1,129661320.000,1,0,1,双平,S,2751.2000,2751.0000,2750.4000,2749.2000,2749.0000,2752.0000,2752.8000,2753.4000,2754.2000,2754.6000,1,2,1,1,1,4,1,1,1,1
SF,IH2009,2020-05-08 09:31:54.500,2751.0000,11697,-2,131311920.000,2,0,2,双平,S,2750.4000,2749.2000,2749.0000,2748.8000,2748.4000,2751.2000,2752.0000,2752.8000,2753.4000,2754.2000,1,1,1,1,1,1,4,1,1,1
SF,IH2009,2020-05-08 09:31:55.000,2751.0000,11697,0,131311920.000,0,-,-,-,-,2750.4000,2749.2000,2749.0000,2748.8000,2748.4000,2752.0000,2752.8000,2753.4000,2754.2000,2754.6000,1,1,1,1,1,4,1,1,1,1
SF,IH2009,2020-05-08 09:31:55.500,2751.0000,11697,0,131311920.000,0,-,-,-,-,2750.4000,2749.2000,2749.0000,2748.8000,2748.4000,2751.8000,2752.0000,2752.8000,2753.4000,2754.2000,1,1,1,1,1,3,4,1,1,1
SF,IH2009,2020-05-08 09:31:56.000,2751.0000,11697,0,131311920.000,0,-,-,-,-,2750.4000,2749.2000,2749.0000,2748.8000,2747.4000,2751.8000,2752.0000,2752.8000,2753.4000,2754.2000,1,1,1,1,8,3,4,1,1,1
SF,IH2009,2020-05-08 09:31:56.500,2751.8000,11694,-3,133788540.000,3,0,3,双平,S,2750.6000,2750.4000,2749.2000,2749.0000,2748.8000,2752.0000,2752.8000,2754.2000,2754.6000,2755.0000,1,1,1,1,1,4,1,1,1,2
SF,IH2009,2020-05-08 09:31:57.000,2751.8000,11694,0,133788540.000,0,-,-,-,-,2750.8000,2750.4000,2749.2000,2749.0000,2748.8000,2752.0000,2752.8000,2754.2000,2754.6000,2755.0000,3,1,1,1,1,4,1,1,1,2
SF,IH2009,2020-05-08 09:31:57.500,2751.8000,11694,0,133788540.000,0,-,-,-,-,2751.0000,2750.8000,2750.4000,2749.2000,2749.0000,2752.0000,2752.8000,2754.2000,2754.6000,2755.0000,1,2,1,1,1,4,1,1,1,2
SF,IH2009,2020-05-08 09:31:58.000,2751.8000,11694,0,133788540.000,0,-,-,-,-,2751.2000,2750.8000,2750.4000,2749.2000,2749.0000,2751.4000,2752.0000,2752.8000,2754.2000,2754.6000,1,2,1,1,1,1,4,1,1,1
SF,IH2009,2020-05-08 09:31:58.500,2751.4000,11693,-1,134613960.000,1,0,1,双平,S,2750.8000,2750.4000,2749.2000,2749.0000,2748.8000,2752.0000,2752.8000,2754.2000,2754.6000,2755.0000,2,1,1,1,1,4,1,1,1,2
SF,IH2009,2020-05-08 09:31:59.000,2751.4000,11693,0,134613960.000,0,-,-,-,-,2751.0000,2750.8000,2750.4000,2749.2000,2749.0000,2751.8000,2752.0000,2752.8000,2754.2000,2754.6000,1,2,1,1,1,1,4,1,1,1
SF,IH2009,2020-05-08 09:31:59.500,2751.4000,11693,0,134613960.000,0,-,-,-,-,2750.8000,2750.4000,2749.2000,2749.0000,2748.8000,2751.8000,2752.0000,2752.8000,2754.2000,2754.6000,1,1,1,1,1,1,4,1,1,1
SF,IH2009,2020-05-08 09:32:00.000,2751.4000,11693,0,134613960.000,0,-,-,-,-,2751.0000,2750.8000,2750.4000,2749.2000,2749.0000,2751.8000,2752.0000,2752.8000,2754.2000,2754.6000,1,1,1,1,1,1,4,1,1,1
SF,IH2009,2020-05-08 09:32:00.500,2751.4000,11693,0,134613960.000,0,-,-,-,-,2750.8000,2750.4000,2749.2000,2749.0000,2748.8000,2751.8000,2752.0000,2752.8000,2754.2000,2754.6000,1,1,1,1,1,1,4,1,1,1
SF,IH2009,2020-05-08 09:32:01.000,2751.4000,11693,0,134613960.000,0,-,-,-,-,2751.0000,2750.8000,2750.4000,2749.2000,2749.0000,2751.8000,2752.0000,2752.8000,2754.2000,2754.6000,1,1,1,1,1,1,4,1,1,1
SF,IH2009,2020-05-08 09:32:01.500,2750.8000,11692,-1,135439200.000,1,0,1,双平,S,2750.4000,2749.2000,2749.0000,2748.8000,2747.4000,2751.8000,2752.0000,2752.8000,2754.2000,2754.6000,1,1,1,1,8,1,4,1,1,1
SF,IH2009,2020-05-08 09:32:02.000,2750.8000,11692,0,135439200.000,0,-,-,-,-,2750.6000,2750.4000,2749.2000,2749.0000,2748.8000,2751.8000,2752.0000,2752.8000,2754.2000,2754.6000,1,1,1,1,1,1,4,1,1,1
SF,IH2009,2020-05-08 09:32:02.500,2751.8000,11692,0,136264740.000,1,0,1,多换,S,2750.4000,2749.2000,2749.0000,2748.8000,2747.4000,2752.0000,2752.8000,2754.2000,2754.6000,2755.0000,1,1,1,1,8,4,1,1,1,2
SF,IH2009,2020-05-08 09:32:03.000,2751.8000,11692,0,136264740.000,0,-,-,-,-,2750.6000,2750.4000,2749.2000,2749.0000,2748.8000,2752.0000,2752.8000,2754.2000,2754.6000,2755.0000,2,1,1,1,1,4,1,1,1,2
SF,IH2009,2020-05-08 09:32:03.500,2751.8000,11692,0,136264740.000,0,-,-,-,-,2750.8000,2750.6000,2750.4000,2749.2000,2749.0000,2752.0000,2752.8000,2754.2000,2754.6000,2755.0000,1,1,1,1,1,4,1,1,1,2
SF,IH2009,2020-05-08 09:32:04.000,2751.8000,11692,0,136264740.000,0,-,-,-,-,2751.0000,2750.4000,2749.2000,2749.0000,2748.8000,2752.0000,2752.8000,2754.2000,2754.6000,2755.0000,2,1,1,1,1,4,1,1,1,2
SF,IH2009,2020-05-08 09:32:04.500,2751.8000,11692,0,136264740.000,0,-,-,-,-,2751.2000,2751.0000,2750.4000,2749.2000,2749.0000,2752.0000,2752.8000,2754.2000,2754.6000,2755.0000,1,1,1,1,1,4,1,1,1,2
SF,IH2009,2020-05-08 09:32:05.000,2751.8000,11692,0,136264740.000,0,-,-,-,-,2751.0000,2750.4000,2749.2000,2749.0000,2748.8000,2752.0000,2752.8000,2754.2000,2754.6000,2755.0000,1,1,1,1,1,4,1,1,1,2
SF,IH2009,2020-05-08 09:32:05.500,2751.8000,11692,0,136264740.000,0,-,-,-,-,2751.2000,2751.0000,2750.4000,2749.2000,2749.0000,2752.0000,2752.8000,2754.2000,2754.6000,2755.0000,1,1,1,1,1,4,1,1,1,2
SF,IH2009,2020-05-08 09:32:06.000,2751.8000,11692,0,136264740.000,0,-,-,-,-,2751.0000,2750.4000,2749.2000,2749.0000,2748.8000,2752.0000,2752.8000,2754.2000,2754.6000,2755.0000,1,1,1,1,1,4,1,1,1,2
SF,IH2009,2020-05-08 09:32:06.500,2752.0000,11691,-1,137090340.000,1,0,1,双平,S,2751.0000,2750.4000,2749.2000,2749.0000,2748.8000,2752.0000,2752.8000,2754.2000,2754.6000,2755.0000,1,1,1,1,1,3,1,1,1,2
SF,IH2009,2020-05-08 09:32:07.000,2752.0000,11691,0,137090340.000,0,-,-,-,-,2751.2000,2751.0000,2750.4000,2749.2000,2749.0000,2752.0000,2752.8000,2754.2000,2754.6000,2755.0000,2,1,1,1,1,3,1,1,1,2
SF,IH2009,2020-05-08 09:32:07.500,2752.0000,11691,0,137090340.000,0,-,-,-,-,2751.8000,2751.2000,2751.0000,2750.4000,2749.2000,2752.0000,2752.8000,2754.2000,2754.6000,2755.0000,1,2,1,1,1,3,1,1,1,2
SF,IH2009,2020-05-08 09:32:08.000,2752.0000,11687,-4,140392680.000,4,0,4,双平,S,2751.2000,2751.0000,2750.4000,2749.0000,2748.8000,2752.8000,2753.0000,2754.2000,2754.6000,2755.0000,1,1,1,1,1,1,1,1,1,2
SF,IH2009,2020-05-08 09:32:08.500,2752.0000,11687,0,140392680.000,0,-,-,-,-,2751.4000,2751.2000,2750.4000,2749.8000,2749.0000,2752.8000,2753.0000,2754.2000,2754.6000,2755.0000,2,1,1,1,1,1,1,1,1,2
SF,IH2009,2020-05-08 09:32:09.000,2752.0000,11687,0,140392680.000,0,-,-,-,-,2751.6000,2751.4000,2750.4000,2749.8000,2749.0000,2752.8000,2753.0000,2754.2000,2754.6000,2755.0000,1,1,1,1,1,1,1,1,1,2
SF,IH2009,2020-05-08 09:32:09.500,2752.0000,11687,0,140392680.000,0,-,-,-,-,2750.4000,2749.8000,2749.0000,2748.8000,2747.4000,2752.6000,2752.8000,2753.0000,2754.2000,2754.6000,1,1,1,1,8,1,1,1,1,1
SF,IH2009,2020-05-08 09:32:10.000,2752.0000,11687,0,140392680.000,0,-,-,-,-,2750.6000,2750.4000,2749.8000,2749.0000,2748.8000,2752.6000,2752.8000,2753.0000,2754.2000,2754.6000,1,1,1,1,1,1,1,1,1,1
SF,IH2009,2020-05-08 09:32:10.500,2752.0000,11687,0,140392680.000,0,-,-,-,-,2750.8000,2750.6000,2750.4000,2749.8000,2749.0000,2752.6000,2752.8000,2753.0000,2754.2000,2754.6000,1,1,1,1,1,1,1,1,1,1
SF,IH2009,2020-05-08 09:32:11.000,2752.0000,11687,0,140392680.000,0,-,-,-,-,2751.0000,2750.4000,2749.8000,2749.0000,2748.8000,2752.4000,2752.6000,2752.8000,2753.0000,2754.2000,2,1,1,1,1,1,1,1,1,1
SF,IH2009,2020-05-08 09:32:11.500,2752.0000,11687,0,140392680.000,0,-,-,-,-,2751.2000,2751.0000,2750.4000,2749.8000,2749.0000,2752.4000,2752.6000,2752.8000,2753.0000,2754.2000,1,1,1,1,1,1,1,1,1,1
SF,IH2009,2020-05-08 09:32:12.000,2752.0000,11687,0,140392680.000,0,-,-,-,-,2751.0000,2750.4000,2749.8000,2749.0000,2748.8000,2752.4000,2752.6000,2752.8000,2753.0000,2754.2000,1,1,1,1,1,1,1,1,1,1
SF,IH2009,2020-05-08 09:32:12.500,2752.0000,11687,0,140392680.000,0,-,-,-,-,2751.2000,2750.4000,2749.8000,2749.0000,2748.8000,2752.2000,2752.4000,2752.8000,2753.0000,2754.2000,1,1,1,1,1,1,1,1,1,1
SF,IH2009,2020-05-08 09:32:13.000,2752.0000,11687,0,140392680.000,0,-,-,-,-,2750.4000,2749.8000,2749.0000,2748.8000,2747.4000,2752.2000,2752.4000,2752.8000,2753.0000,2754.2000,1,1,1,1,8,1,1,1,1,1
SF,IH2009,2020-05-08 09:32:13.500,2752.0000,11687,0,140392680.000,0,-,-,-,-,2750.6000,2750.4000,2749.8000,2749.0000,2748.8000,2752.2000,2752.4000,2752.8000,2753.0000,2754.2000,2,1,1,1,1,1,1,1,1,1
SF,IH2009,2020-05-08 09:32:14.000,2752.0000,11687,0,140392680.000,0,-,-,-,-,2750.8000,2750.6000,2750.4000,2749.8000,2749.0000,2752.2000,2752.4000,2752.8000,2753.0000,2754.2000,1,1,1,1,1,1,1,1,1,1
SF,IH2009,2020-05-08 09:32:14.500,2752.2000,11687,0,141218340.000,1,0,1,多换,S,2751.0000,2750.6000,2750.4000,2749.8000,2749.0000,2752.4000,2752.8000,2753.0000,2754.2000,2754.6000,1,1,1,1,1,1,1,1,1,1
SF,IH2009,2020-05-08 09:32:15.000,2752.2000,11687,0,141218340.000,0,-,-,-,-,2751.2000,2750.6000,2750.4000,2749.8000,2749.0000,2752.4000,2752.8000,2753.0000,2754.2000,2754.6000,1,1,1,1,1,1,1,1,1,1
SF,IH2009,2020-05-08 09:32:15.500,2752.2000,11687,0,141218340.000,0,-,-,-,-,2751.4000,2750.6000,2750.4000,2749.8000,2749.0000,2752.4000,2752.8000,2753.0000,2754.2000,2754.6000,1,1,1,1,1,1,1,1,1,1
SF,IH2009,2020-05-08 09:32:16.000,2752.2000,11687,0,141218340.000,0,-,-,-,-,2750.6000,2750.4000,2749.8000,2749.0000,2748.8000,2752.4000,2752.8000,2753.0000,2754.2000,2754.6000,1,1,1,1,1,1,1,1,1,1
SF,IH2009,2020-05-08 09:32:16.500,2752.2000,11687,0,141218340.000,0,-,-,-,-,2750.8000,2750.6000,2750.4000,2749.8000,2749.0000,2752.4000,2752.8000,2753.0000,2754.2000,2754.6000,1,1,1,1,1,1,1,1,1,1
SF,IH2009,2020-05-08 09:32:17.000,2752.2000,11687,0,141218340.000,0,-,-,-,-,2751.0000,2750.4000,2749.8000,2749.0000,2748.8000,2752.4000,2752.8000,2753.0000,2754.2000,2754.6000,2,1,1,1,1,1,1,1,1,1
SF,IH2009,2020-05-08 09:32:17.500,2752.2000,11687,0,141218340.000,0,-,-,-,-,2751.2000,2751.0000,2750.4000,2749.8000,2749.0000,2752.4000,2752.8000,2753.0000,2754.2000,2754.6000,1,1,1,1,1,1,1,1,1,1
SF,IH2009,2020-05-08 09:32:18.000,2752.2000,11687,0,141218340.000,0,-,-,-,-,2751.4000,2751.0000,2750.4000,2749.8000,2749.0000,2752.4000,2752.8000,2753.0000,2754.2000,2754.6000,1,1,1,1,1,1,1,1,1,1
SF,IH2009,2020-05-08 09:32:18.500,2752.2000,11687,0,141218340.000,0,-,-,-,-,2751.0000,2750.4000,2749.8000,2749.0000,2748.8000,2752.4000,2752.8000,2753.0000,2754.2000,2754.6000,1,1,1,1,1,1,1,1,1,1
SF,IH2009,2020-05-08 09:32:19.000,2752.2000,11687,0,141218340.000,0,-,-,-,-,2751.2000,2751.0000,2750.4000,2749.8000,2749.0000,2752.4000,2752.8000,2753.0000,2754.2000,2754.6000,1,1,1,1,1,1,1,1,1,1
SF,IH2009,2020-05-08 09:32:19.500,2752.2000,11687,0,141218340.000,0,-,-,-,-,2751.4000,2751.0000,2750.4000,2749.8000,2749.0000,2752.4000,2752.8000,2753.0000,2754.2000,2754.6000,1,1,1,1,1,1,1,1,1,1
SF,IH2009,2020-05-08 09:32:20.000,2752.2000,11687,0,141218340.000,0,-,-,-,-,2751.6000,2751.0000,2750.4000,2749.8000,2749.0000,2752.4000,2752.8000,2753.0000,2754.2000,2754.6000,1,1,1,1,1,1,1,1,1,1
SF,IH2009,2020-05-08 09:32:20.500,2752.2000,11687,0,141218340.000,0,-,-,-,-,2751.8000,2751.0000,2750.4000,2749.8000,2749.0000,2752.4000,2752.8000,2753.0000,2754.2000,2754.6000,1,1,1,1,1,1,1,1,1,1
SF,IH2009,2020-05-08 09:32:21.000,2752.2000,11687,0,141218340.000,0,-,-,-,-,2751.0000,2750.4000,2749.8000,2749.0000,2748.8000,2752.4000,2752.8000,2753.0000,2754.2000,2754.6000,1,1,1,1,1,1,1,1,1,1
SF,IH2009,2020-05-08 09:32:21.500,2752.4000,11687,0,142044060.000,1,0,1,多换,S,2751.2000,2751.0000,2750.4000,2749.8000,2749.0000,2752.8000,2753.0000,2754.2000,2754.6000,2755.0000,1,1,1,1,2,1,1,1,1,2
SF,IH2009,2020-05-08 09:32:22.000,2752.4000,11687,0,142044060.000,0,-,-,-,-,2751.4000,2751.0000,2750.4000,2749.8000,2749.0000,2752.6000,2752.8000,2753.0000,2754.2000,2754.6000,1,1,1,1,2,1,1,1,1,1
SF,IH2009,2020-05-08 09:32:22.500,2752.4000,11687,0,142044060.000,0,-,-,-,-,2751.0000,2750.4000,2749.8000,2749.0000,2748.8000,2752.6000,2752.8000,2753.0000,2754.2000,2754.6000,1,1,1,1,1,1,1,1,1,1
SF,IH2009,2020-05-08 09:32:23.000,2752.4000,11687,0,142044060.000,0,-,-,-,-,2751.2000,2751.0000,2750.4000,2749.8000,2749.0000,2752.4000,2752.6000,2752.8000,2753.0000,2754.6000,1,1,1,1,1,1,1,1,1,1
SF,IH2009,2020-05-08 09:32:23.500,2752.4000,11687,0,142044060.000,0,-,-,-,-,2751.4000,2751.0000,2750.4000,2749.8000,2749.0000,2752.4000,2752.6000,2752.8000,2753.0000,2754.6000,1,1,1,1,1,1,1,1,1,1
SF,IH2009,2020-05-08 09:32:24.000,2752.4000,11687,0,142044060.000,0,-,-,-,-,2751.6000,2751.0000,2750.4000,2749.8000,2749.0000,2752.4000,2752.6000,2752.8000,2753.0000,2754.6000,1,1,1,1,1,1,1,1,1,1
SF,IH2009,2020-05-08 09:32:24.500,2752.4000,11687,0,142044060.000,0,-,-,-,-,2751.0000,2750.4000,2749.8000,2749.0000,2748.8000,2752.6000,2752.8000,2753.0000,2754.6000,2755.0000,1,1,1,1,1,1,1,1,1,2
SF,IH2009,2020-05-08 09:32:25.000,2752.4000,11687,0,142044060.000,0,-,-,-,-,2751.2000,2751.0000,2750.4000,2749.8000,2749.0000,2752.6000,2752.8000,2753.0000,2754.6000,2755.0000,1,1,1,1,1,1,1,1,1,2
SF,IH2009,2020-05-08 09:32:25.500,2752.4000,11687,0,142044060.000,0,-,-,-,-,2751.4000,2750.4000,2749.8000,2749.0000,2748.8000,2752.6000,2752.8000,2753.0000,2754.6000,2755.0000,3,1,1,1,1,1,1,1,1,2
SF,IH2009,2020-05-08 09:32:26.000,2752.4000,11687,0,142044060.000,0,-,-,-,-,2751.6000,2751.4000,2750.4000,2749.8000,2749.0000,2752.6000,2752.8000,2753.0000,2754.6000,2755.0000,1,2,1,1,1,1,1,1,1,2
SF,IH2009,2020-05-08 09:32:26.500,2752.4000,11687,0,142044060.000,0,-,-,-,-,2751.4000,2750.4000,2749.8000,2749.0000,2748.8000,2752.6000,2752.8000,2753.0000,2754.6000,2755.0000,1,1,1,1,1,1,1,1,1,2
SF,IH2009,2020-05-08 09:32:27.000,2752.4000,11687,0,142044060.000,0,-,-,-,-,2751.8000,2751.6000,2751.4000,2750.4000,2749.8000,2752.6000,2752.8000,2753.0000,2754.6000,2755.0000,1,1,1,1,1,1,1,1,1,2
SF,IH2009,2020-05-08 09:32:27.500,2752.4000,11687,0,142044060.000,0,-,-,-,-,2751.8000,2751.4000,2750.4000,2749.8000,2749.0000,2752.6000,2752.8000,2753.0000,2754.6000,2755.0000,1,1,1,1,1,1,1,1,1,2
SF,IH2009,2020-05-08 09:32:28.000,2752.4000,11687,0,142044060.000,0,-,-,-,-,2751.8000,2751.4000,2750.4000,2749.8000,2749.0000,2752.4000,2752.8000,2753.0000,2754.6000,2755.0000,1,1,1,1,1,2,1,1,1,2
SF,IH2009,2020-05-08 09:32:30.000,2752.4000,11687,0,142869780.000,1,0,1,多换,S,2751.8000,2751.4000,2750.4000,2749.8000,2749.0000,2752.4000,2752.8000,2753.0000,2754.6000,2755.0000,1,1,1,1,1,1,1,1,1,2
SF,IH2009,2020-05-08 09:32:30.500,2752.4000,11687,0,142869780.000,0,-,-,-,-,2752.0000,2751.8000,2751.4000,2750.4000,2749.8000,2752.4000,2752.8000,2753.0000,2754.6000,2755.0000,1,1,1,1,1,1,1,1,1,2
SF,IH2009,2020-05-08 09:32:31.000,2752.4000,11687,0,142869780.000,0,-,-,-,-,2752.0000,2751.8000,2751.4000,2750.4000,2749.8000,2752.8000,2753.0000,2754.6000,2755.0000,2755.2000,1,1,1,1,1,1,1,1,2,2
SF,IH2009,2020-05-08 09:32:31.500,2752.4000,11687,0,142869780.000,0,-,-,-,-,2752.2000,2751.8000,2751.4000,2750.4000,2749.8000,2752.8000,2753.0000,2754.6000,2755.0000,2755.2000,1,1,1,1,1,1,1,1,2,2
SF,IH2009,2020-05-08 09:32:32.000,2752.4000,11687,0,142869780.000,0,-,-,-,-,2751.8000,2751.4000,2750.4000,2749.0000,2748.8000,2752.8000,2753.0000,2754.6000,2755.0000,2755.2000,1,1,1,1,1,1,1,1,2,2
SF,IH2009,2020-05-08 09:32:32.500,2752.4000,11687,0,142869780.000,0,-,-,-,-,2751.8000,2751.4000,2750.4000,2749.8000,2749.0000,2752.8000,2753.0000,2754.6000,2755.0000,2755.2000,1,1,1,1,1,1,1,1,2,2
SF,IH2009,2020-05-08 09:32:35.000,2752.8000,11687,0,143695620.000,1,0,1,多换,S,2752.8000,2751.8000,2751.4000,2750.4000,2749.8000,2753.0000,2754.6000,2755.0000,2755.2000,2756.8000,1,1,1,1,1,1,1,2,2,1
SF,IH2009,2020-05-08 09:32:35.500,2752.8000,11688,1,144521460.000,1,1,0,双开,S,2751.8000,2751.4000,2749.0000,2748.8000,2747.4000,2752.6000,2752.8000,2753.0000,2754.6000,2755.0000,1,1,1,1,8,6,1,1,1,2
SF,IH2009,2020-05-08 09:32:36.000,2752.8000,11688,0,144521460.000,0,-,-,-,-,2751.8000,2751.4000,2749.0000,2748.8000,2747.4000,2752.6000,2752.8000,2753.0000,2753.8000,2754.6000,1,1,1,1,8,6,1,1,1,1
SF,IH2009,2020-05-08 09:32:37.000,2751.8000,11687,-1,145347000.000,1,0,1,双平,S,2751.4000,2750.0000,2749.0000,2748.8000,2747.4000,2752.6000,2752.8000,2753.0000,2753.8000,2754.6000,1,1,1,1,8,6,1,1,1,1
SF,IH2009,2020-05-08 09:32:37.500,2751.8000,11687,0,145347000.000,0,-,-,-,-,2751.6000,2751.4000,2750.0000,2749.0000,2748.8000,2752.4000,2752.6000,2752.8000,2753.0000,2753.8000,1,1,1,1,1,2,6,1,1,1
SF,IH2009,2020-05-08 09:32:38.000,2751.8000,11687,0,145347000.000,0,-,-,-,-,2751.4000,2750.2000,2750.0000,2749.0000,2748.8000,2752.4000,2752.6000,2752.8000,2753.0000,2753.8000,1,1,1,1,1,3,6,1,1,1
SF,IH2009,2020-05-08 09:32:38.500,2751.8000,11687,0,145347000.000,0,-,-,-,-,2751.6000,2751.4000,2750.2000,2750.0000,2749.0000,2752.4000,2752.6000,2752.8000,2753.0000,2753.8000,1,1,1,1,1,3,6,1,1,1
SF,IH2009,2020-05-08 09:32:39.000,2751.8000,11687,0,145347000.000,0,-,-,-,-,2751.8000,2751.4000,2750.2000,2750.0000,2749.0000,2752.4000,2752.8000,2753.0000,2753.8000,2755.0000,1,1,1,1,1,2,1,1,1,2
SF,IH2009,2020-05-08 09:32:39.500,2751.8000,11687,0,145347000.000,0,-,-,-,-,2751.4000,2750.2000,2750.0000,2749.0000,2748.8000,2752.4000,2752.8000,2753.0000,2753.8000,2755.0000,1,1,1,1,1,1,1,1,1,2
SF,IH2009,2020-05-08 09:32:40.000,2752.4000,11686,-1,146172720.000,1,0,1,双平,S,2751.6000,2751.4000,2750.2000,2750.0000,2749.0000,2752.8000,2753.0000,2753.8000,2755.0000,2755.2000,2,1,1,1,1,1,1,1,2,2
SF,IH2009,2020-05-08 09:32:40.500,2752.4000,11686,0,146172720.000,0,-,-,-,-,2751.8000,2751.6000,2750.2000,2750.0000,2749.0000,2753.0000,2753.8000,2754.8000,2755.0000,2755.2000,2,1,1,1,1,1,1,1,2,2
SF,IH2009,2020-05-08 09:32:41.000,2752.4000,11686,0,146172720.000,0,-,-,-,-,2752.0000,2751.8000,2750.2000,2750.0000,2749.0000,2753.0000,2753.8000,2754.8000,2755.0000,2755.2000,1,1,1,1,1,1,1,1,2,2
SF,IH2009,2020-05-08 09:32:41.500,2752.4000,11686,0,146172720.000,0,-,-,-,-,2752.2000,2751.8000,2750.2000,2750.0000,2749.0000,2753.0000,2753.8000,2754.8000,2755.0000,2755.2000,1,1,1,1,1,1,1,1,2,2
SF,IH2009,2020-05-08 09:32:42.000,2752.2000,11685,-1,146998380.000,1,0,1,双平,S,2751.8000,2750.2000,2750.0000,2749.0000,2748.8000,2753.0000,2753.8000,2754.8000,2755.0000,2755.2000,1,1,1,1,1,1,1,1,2,2
SF,IH2009,2020-05-08 09:32:42.500,2752.2000,11685,0,146998380.000,0,-,-,-,-,2750.2000,2750.0000,2749.0000,2748.8000,2747.4000,2751.8000,2752.8000,2753.0000,2753.8000,2754.8000,1,1,1,1,5,1,2,1,1,1
SF,IH2009,2020-05-08 09:32:43.000,2752.2000,11685,0,146998380.000,0,-,-,-,-,2750.4000,2750.2000,2750.0000,2749.0000,2748.8000,2753.0000,2753.8000,2755.0000,2755.2000,2756.8000,3,1,1,1,1,1,1,2,2,1
SF,IH2009,2020-05-08 09:32:43.500,2752.2000,11685,0,146998380.000,0,-,-,-,-,2750.4000,2750.2000,2750.0000,2749.0000,2748.8000,2752.8000,2753.0000,2753.8000,2755.0000,2755.2000,1,1,1,1,1,1,1,1,2,2
SF,IH2009,2020-05-08 09:32:46.000,2752.2000,11685,0,146998380.000,0,-,-,-,-,2750.4000,2750.2000,2750.0000,2749.0000,2748.8000,2752.8000,2753.0000,2753.8000,2755.0000,2755.2000,1,1,2,1,1,1,1,1,2,2
SF,IH2009,2020-05-08 09:32:47.500,2752.2000,11685,0,146998380.000,0,-,-,-,-,2750.4000,2750.2000,2750.0000,2749.0000,2748.8000,2752.6000,2752.8000,2753.0000,2753.8000,2755.0000,1,1,2,1,1,1,1,1,1,2
SF,IH2009,2020-05-08 09:32:48.000,2752.2000,11685,0,146998380.000,0,-,-,-,-,2750.4000,2750.2000,2750.0000,2749.0000,2748.8000,2752.4000,2752.6000,2752.8000,2753.0000,2753.8000,1,1,2,1,1,1,1,1,1,1
SF,IH2009,2020-05-08 09:32:48.500,2752.2000,11685,0,146998380.000,0,-,-,-,-,2750.6000,2750.4000,2750.2000,2750.0000,2749.0000,2752.2000,2752.4000,2753.0000,2753.8000,2755.0000,1,1,1,2,1,3,1,1,1,2
SF,IH2009,2020-05-08 09:32:49.000,2752.2000,11685,0,146998380.000,0,-,-,-,-,2750.8000,2750.2000,2750.0000,2749.0000,2748.8000,2752.0000,2752.2000,2752.4000,2753.0000,2753.8000,1,1,2,1,1,1,1,1,1,1
SF,IH2009,2020-05-08 09:32:49.500,2752.2000,11685,0,146998380.000,0,-,-,-,-,2750.8000,2750.2000,2750.0000,2749.0000,2748.8000,2751.8000,2752.2000,2752.4000,2753.0000,2753.8000,1,1,2,1,1,1,1,1,1,1
SF,IH2009,2020-05-08 09:32:50.000,2752.2000,11685,0,146998380.000,0,-,-,-,-,2750.2000,2750.0000,2749.0000,2748.8000,2747.4000,2752.2000,2752.4000,2753.0000,2753.8000,2755.0000,1,2,1,1,5,1,1,1,1,2
SF,IH2009,2020-05-08 09:32:50.500,2752.2000,11685,0,146998380.000,0,-,-,-,-,2750.4000,2750.2000,2750.0000,2749.0000,2748.8000,2750.8000,2752.0000,2752.2000,2752.4000,2753.0000,2,1,2,1,1,1,1,1,1,1
SF,IH2009,2020-05-08 09:32:51.000,2750.8000,11684,-1,147823620.000,1,0,1,双平,S,2750.8000,2750.4000,2750.2000,2750.0000,2749.0000,2752.2000,2752.4000,2753.0000,2755.0000,2755.2000,1,1,1,2,1,1,1,1,2,2
SF,IH2009,2020-05-08 09:32:51.500,2750.8000,11684,0,147823620.000,0,-,-,-,-,2750.8000,2750.4000,2750.2000,2750.0000,2749.0000,2752.0000,2752.2000,2752.4000,2753.0000,2755.0000,1,1,1,2,1,1,1,1,1,2
SF,IH2009,2020-05-08 09:32:52.000,2750.8000,11684,0,147823620.000,0,-,-,-,-,2750.8000,2750.4000,2750.2000,2750.0000,2749.0000,2752.2000,2752.4000,2753.0000,2755.0000,2755.2000,1,1,1,2,1,1,1,1,2,2
SF,IH2009,2020-05-08 09:32:52.500,2750.8000,11684,0,147823620.000,0,-,-,-,-,2750.8000,2750.4000,2750.2000,2750.0000,2749.0000,2752.0000,2752.2000,2752.4000,2753.0000,2755.0000,1,1,1,2,1,1,1,1,1,2
SF,IH2009,2020-05-08 09:32:53.000,2750.8000,11684,0,147823620.000,0,-,-,-,-,2750.4000,2750.2000,2750.0000,2749.0000,2748.8000,2751.8000,2752.2000,2752.4000,2753.0000,2755.0000,1,1,2,1,1,1,1,1,1,2
SF,IH2009,2020-05-08 09:32:53.500,2750.8000,11684,0,147823620.000,0,-,-,-,-,2750.4000,2750.2000,2750.0000,2749.0000,2748.8000,2751.6000,2752.2000,2752.4000,2755.0000,2755.2000,1,1,2,1,1,1,1,1,2,2
SF,IH2009,2020-05-08 09:32:54.000,2750.8000,11684,0,147823620.000,0,-,-,-,-,2750.4000,2750.2000,2750.0000,2749.0000,2748.8000,2752.2000,2752.4000,2755.0000,2755.2000,2756.8000,1,1,2,1,1,1,1,2,2,1
SF,IH2009,2020-05-08 09:32:54.500,2750.8000,11684,0,147823620.000,0,-,-,-,-,2750.6000,2750.4000,2750.2000,2750.0000,2749.0000,2752.0000,2752.2000,2755.0000,2755.2000,2756.8000,1,1,1,2,1,1,1,2,2,1
SF,IH2009,2020-05-08 09:32:55.000,2750.8000,11684,0,147823620.000,0,-,-,-,-,2750.4000,2750.2000,2750.0000,2749.0000,2748.8000,2751.8000,2752.2000,2755.0000,2755.2000,2756.8000,1,1,2,1,1,1,1,2,2,1
SF,IH2009,2020-05-08 09:32:55.500,2750.8000,11684,0,147823620.000,0,-,-,-,-,2750.4000,2750.2000,2750.0000,2749.0000,2748.8000,2751.6000,2752.2000,2755.0000,2755.2000,2756.8000,1,1,2,1,1,1,1,2,2,1
SF,IH2009,2020-05-08 09:32:56.000,2750.8000,11684,0,147823620.000,0,-,-,-,-,2750.4000,2750.2000,2750.0000,2749.0000,2748.8000,2752.2000,2755.0000,2755.2000,2756.8000,2757.2000,1,1,2,1,1,1,2,2,1,1
SF,IH2009,2020-05-08 09:32:56.500,2750.8000,11684,0,147823620.000,0,-,-,-,-,2750.4000,2750.2000,2750.0000,2749.0000,2748.8000,2752.0000,2752.2000,2755.0000,2755.2000,2756.8000,1,1,2,1,1,1,1,2,2,1
SF,IH2009,2020-05-08 09:32:57.000,2750.8000,11684,0,147823620.000,0,-,-,-,-,2750.4000,2750.2000,2750.0000,2749.0000,2748.8000,2751.8000,2755.0000,2755.2000,2756.8000,2757.2000,1,1,2,1,1,2,2,2,1,1
SF,IH2009,2020-05-08 09:32:57.500,2750.8000,11684,0,147823620.000,0,-,-,-,-,2750.4000,2750.2000,2750.0000,2749.0000,2748.8000,2751.6000,2751.8000,2755.0000,2755.2000,2756.8000,1,1,2,1,1,1,1,2,2,1
SF,IH2009,2020-05-08 09:32:58.000,2750.8000,11684,0,147823620.000,0,-,-,-,-,2750.4000,2750.2000,2750.0000,2749.0000,2748.8000,2751.8000,2755.0000,2755.2000,2756.8000,2757.2000,1,1,2,1,1,1,2,2,1,1
SF,IH2009,2020-05-08 09:32:58.500,2750.8000,11684,0,147823620.000,0,-,-,-,-,2750.2000,2750.0000,2749.0000,2748.8000,2746.8000,2751.6000,2751.8000,2755.0000,2755.2000,2756.8000,1,2,1,1,1,1,1,2,2,1
SF,IH2009,2020-05-08 09:32:59.000,2750.8000,11684,0,147823620.000,0,-,-,-,-,2750.2000,2750.0000,2749.0000,2748.8000,2746.8000,2751.4000,2755.0000,2755.2000,2756.8000,2757.2000,1,2,1,1,1,2,2,2,1,1
SF,IH2009,2020-05-08 09:32:59.500,2750.8000,11684,0,147823620.000,0,-,-,-,-,2750.2000,2750.0000,2749.0000,2748.8000,2746.8000,2751.4000,2755.0000,2755.2000,2756.8000,2757.2000,1,2,1,1,1,1,2,2,1,1
SF,IH2009,2020-05-08 09:33:00.000,2750.8000,11684,0,147823620.000,0,-,-,-,-,2750.2000,2750.0000,2749.0000,2748.8000,2746.8000,2751.4000,2755.0000,2755.2000,2756.8000,2757.2000,1,2,1,1,1,1,3,2,1,1
SF,IH2009,2020-05-08 09:33:01.000,2750.2000,11683,-1,148648680.000,1,0,1,双平,S,2750.0000,2749.0000,2748.8000,2746.8000,2746.6000,2751.4000,2755.0000,2755.2000,2756.8000,2757.2000,2,1,1,1,1,1,3,2,1,1
SF,IH2009,2020-05-08 09:33:01.500,2750.2000,11683,0,148648680.000,0,-,-,-,-,2750.2000,2750.0000,2749.0000,2748.8000,2746.8000,2755.0000,2755.2000,2756.8000,2757.2000,2758.0000,2,2,1,1,1,3,2,1,1,1
SF,IH2009,2020-05-08 09:33:02.000,2750.2000,11683,0,148648680.000,0,-,-,-,-,2750.2000,2750.0000,2749.0000,2748.8000,2746.8000,2753.4000,2754.0000,2754.6000,2754.8000,2755.0000,1,2,1,1,1,1,3,7,4,3
SF,IH2009,2020-05-08 09:33:02.500,2750.2000,11683,0,148648680.000,0,-,-,-,-,2750.2000,2750.0000,2749.0000,2748.8000,2746.8000,2753.0000,2753.2000,2753.4000,2754.0000,2754.8000,1,2,1,1,1,12,3,1,3,1
SF,IH2009,2020-05-08 09:33:03.000,2750.2000,11683,0,148648680.000,0,-,-,-,-,2750.2000,2750.0000,2749.0000,2748.8000,2746.8000,2752.8000,2753.0000,2753.4000,2754.0000,2754.8000,1,2,1,1,1,3,12,1,3,1
SF,IH2009,2020-05-08 09:33:03.500,2750.2000,11683,0,148648680.000,0,-,-,-,-,2750.2000,2750.0000,2749.0000,2748.8000,2746.8000,2752.4000,2752.8000,2753.0000,2753.4000,2754.0000,1,2,1,1,1,7,3,5,1,3
SF,IH2009,2020-05-08 09:33:04.000,2750.2000,11683,0,148648680.000,0,-,-,-,-,2750.2000,2750.0000,2749.0000,2748.8000,2746.8000,2752.2000,2752.4000,2753.0000,2753.4000,2754.0000,1,2,1,1,1,3,7,5,1,3
SF,IH2009,2020-05-08 09:33:04.500,2752.0000,11682,-1,149474280.000,1,0,1,双平,S,2750.4000,2750.2000,2750.0000,2749.0000,2748.8000,2752.2000,2752.4000,2753.0000,2753.4000,2754.0000,1,1,2,1,1,3,7,5,1,3
SF,IH2009,2020-05-08 09:33:05.000,2752.0000,11682,0,149474280.000,0,-,-,-,-,2750.6000,2750.0000,2749.0000,2748.8000,2746.8000,2752.2000,2753.0000,2753.4000,2754.0000,2754.8000,2,2,1,1,1,3,6,1,3,1
SF,IH2009,2020-05-08 09:33:05.500,2752.0000,11682,0,149474280.000,0,-,-,-,-,2750.8000,2750.6000,2750.0000,2749.0000,2748.8000,2752.2000,2753.0000,2753.4000,2754.0000,2754.8000,1,1,2,1,1,1,6,1,3,1
SF,IH2009,2020-05-08 09:33:06.000,2752.0000,11682,0,149474280.000,0,-,-,-,-,2751.0000,2750.0000,2749.0000,2748.8000,2746.8000,2753.0000,2753.4000,2754.0000,2754.8000,2755.0000,2,2,1,1,1,6,1,3,1,3
SF,IH2009,2020-05-08 09:33:06.500,2752.0000,11682,0,149474280.000,0,-,-,-,-,2751.2000,2750.0000,2749.0000,2748.8000,2746.8000,2752.8000,2753.0000,2753.4000,2754.0000,2754.8000,1,2,1,1,1,10,6,1,3,1
SF,IH2009,2020-05-08 09:33:07.000,2752.0000,11682,0,149474280.000,0,-,-,-,-,2751.4000,2750.0000,2749.0000,2748.8000,2746.8000,2752.8000,2753.0000,2753.4000,2754.0000,2754.8000,1,2,1,1,1,3,6,1,3,1
SF,IH2009,2020-05-08 09:33:07.500,2752.0000,11682,0,149474280.000,0,-,-,-,-,2751.6000,2750.0000,2749.0000,2748.8000,2746.8000,2752.8000,2753.0000,2753.4000,2754.0000,2754.8000,1,2,1,1,1,3,6,1,3,1
SF,IH2009,2020-05-08 09:33:08.000,2752.0000,11682,0,149474280.000,0,-,-,-,-,2750.0000,2749.0000,2748.8000,2746.8000,2746.6000,2752.8000,2753.0000,2753.4000,2754.0000,2754.8000,2,1,1,1,1,3,6,1,3,1
SF,IH2009,2020-05-08 09:33:08.500,2752.0000,11682,0,149474280.000,0,-,-,-,-,2750.2000,2750.0000,2749.0000,2748.8000,2746.8000,2752.8000,2753.0000,2753.4000,2754.0000,2754.8000,1,2,1,1,1,3,6,1,3,1
SF,IH2009,2020-05-08 09:33:09.500,2752.0000,11682,0,149474280.000,0,-,-,-,-,2750.2000,2750.0000,2749.0000,2748.8000,2746.8000,2752.8000,2753.0000,2754.8000,2755.0000,2755.2000,1,2,1,1,1,1,6,1,3,3
SF,IH2009,2020-05-08 09:33:10.000,2752.0000,11682,0,149474280.000,0,-,-,-,-,2750.2000,2750.0000,2749.0000,2748.8000,2746.8000,2753.0000,2754.8000,2755.0000,2755.2000,2756.8000,1,2,1,1,1,6,1,3,3,1
SF,IH2009,2020-05-08 09:33:10.500,2752.0000,11682,0,149474280.000,0,-,-,-,-,2750.4000,2750.2000,2750.0000,2749.0000,2748.8000,2752.8000,2753.0000,2754.8000,2755.0000,2755.2000,4,1,2,1,1,1,6,1,3,3
SF,IH2009,2020-05-08 09:33:11.000,2752.0000,11682,0,149474280.000,0,-,-,-,-,2750.8000,2750.6000,2750.4000,2750.0000,2749.0000,2753.0000,2754.8000,2755.0000,2755.2000,2756.8000,1,1,4,2,1,6,1,3,3,1
SF,IH2009,2020-05-08 09:33:11.500,2752.0000,11682,0,149474280.000,0,-,-,-,-,2751.0000,2750.8000,2750.4000,2750.0000,2749.0000,2752.8000,2753.0000,2754.8000,2755.0000,2755.2000,1,1,1,2,1,1,6,1,3,3
SF,IH2009,2020-05-08 09:33:12.000,2752.0000,11682,0,149474280.000,0,-,-,-,-,2751.2000,2751.0000,2750.8000,2750.0000,2749.0000,2753.0000,2754.8000,2755.0000,2755.2000,2756.8000,1,1,1,2,1,6,1,3,3,1
SF,IH2009,2020-05-08 09:33:12.500,2752.0000,11682,0,149474280.000,0,-,-,-,-,2751.4000,2750.8000,2750.0000,2749.0000,2748.8000,2752.8000,2753.0000,2754.8000,2755.0000,2755.2000,2,1,2,1,1,1,6,1,3,3
SF,IH2009,2020-05-08 09:33:13.000,2752.0000,11682,0,149474280.000,0,-,-,-,-,2751.6000,2751.4000,2750.8000,2750.0000,2749.0000,2752.8000,2753.0000,2754.8000,2755.0000,2755.2000,1,1,1,2,1,1,6,1,3,3
SF,IH2009,2020-05-08 09:33:13.500,2751.8000,11683,1,150299820.000,1,1,0,双开,S,2751.4000,2750.8000,2750.0000,2749.0000,2748.8000,2752.8000,2753.0000,2754.8000,2755.0000,2755.2000,1,1,2,1,1,1,6,1,3,3
SF,IH2009,2020-05-08 09:33:14.000,2751.8000,11683,0,150299820.000,0,-,-,-,-,2751.6000,2751.4000,2750.8000,2750.0000,2749.0000,2752.8000,2753.0000,2754.8000,2755.0000,2755.2000,1,1,1,2,1,1,6,1,3,3
SF,IH2009,2020-05-08 09:33:14.500,2751.8000,11683,0,150299820.000,0,-,-,-,-,2751.4000,2750.8000,2750.0000,2749.0000,2748.8000,2752.8000,2753.0000,2754.8000,2755.0000,2755.2000,1,1,2,1,1,1,6,1,3,3
SF,IH2009,2020-05-08 09:33:15.000,2751.8000,11683,0,150299820.000,0,-,-,-,-,2751.6000,2751.4000,2750.8000,2750.0000,2749.0000,2752.8000,2753.0000,2754.8000,2755.0000,2755.2000,1,1,1,2,1,1,6,1,3,3
SF,IH2009,2020-05-08 09:33:15.500,2752.8000,11682,-1,151125660.000,1,0,1,双平,S,2751.4000,2750.8000,2750.0000,2749.0000,2748.8000,2751.6000,2753.0000,2754.8000,2755.0000,2755.2000,1,1,2,1,1,1,6,1,3,3
SF,IH2009,2020-05-08 09:33:16.000,2751.6000,11680,-2,152776620.000,2,0,2,双平,S,2751.4000,2750.8000,2750.0000,2749.0000,2748.8000,2752.0000,2753.0000,2754.8000,2755.0000,2755.2000,1,1,2,1,1,1,6,1,3,3
SF,IH2009,2020-05-08 09:33:16.500,2751.4000,11679,-1,153602040.000,1,0,1,双平,S,2751.8000,2750.8000,2750.0000,2749.0000,2748.8000,2752.0000,2753.0000,2754.8000,2755.0000,2755.2000,1,1,2,1,1,1,6,1,3,3
SF,IH2009,2020-05-08 09:33:17.000,2751.8000,11679,0,154427580.000,1,0,1,多换,S,2750.0000,2749.0000,2748.8000,2746.8000,2746.6000,2752.0000,2753.0000,2754.8000,2755.0000,2755.2000,2,1,1,1,1,1,7,1,3,3
SF,IH2009,2020-05-08 09:33:17.500,2751.8000,11679,0,154427580.000,0,-,-,-,-,2750.2000,2750.0000,2749.0000,2748.8000,2746.8000,2750.4000,2752.0000,2753.0000,2754.8000,2755.0000,2,2,1,1,1,1,1,7,1,3
SF,IH2009,2020-05-08 09:33:18.000,2751.0000,11678,-1,155252880.000,1,0,1,双平,S,2751.0000,2750.4000,2750.2000,2750.0000,2749.0000,2752.0000,2753.0000,2754.8000,2755.0000,2755.2000,2,2,1,2,1,1,7,1,3,3
SF,IH2009,2020-05-08 09:33:18.500,2751.0000,11678,0,155252880.000,0,-,-,-,-,2750.4000,2750.0000,2749.0000,2748.8000,2746.8000,2752.0000,2753.0000,2754.8000,2755.0000,2755.2000,1,2,1,1,1,1,7,1,3,3
SF,IH2009,2020-05-08 09:33:19.000,2751.0000,11678,0,155252880.000,0,-,-,-,-,2750.6000,2750.4000,2750.0000,2749.0000,2748.8000,2751.8000,2752.0000,2753.0000,2754.8000,2755.0000,1,1,2,1,1,1,1,7,1,3
SF,IH2009,2020-05-08 09:33:19.500,2751.0000,11678,0,155252880.000,0,-,-,-,-,2750.6000,2750.4000,2750.0000,2749.0000,2748.8000,2752.0000,2753.0000,2754.8000,2755.0000,2755.2000,1,1,2,1,1,1,7,1,3,3
SF,IH2009,2020-05-08 09:33:20.500,2751.0000,11678,0,155252880.000,0,-,-,-,-,2750.6000,2750.4000,2750.0000,2749.0000,2748.8000,2751.8000,2752.0000,2753.0000,2754.8000,2755.0000,1,1,2,1,1,1,1,7,1,3
SF,IH2009,2020-05-08 09:33:21.500,2751.0000,11678,0,155252880.000,0,-,-,-,-,2750.6000,2750.4000,2750.0000,2749.0000,2748.8000,2751.8000,2752.0000,2753.0000,2754.8000,2755.0000,1,1,2,1,1,1,1,6,1,3
SF,IH2009,2020-05-08 09:33:22.000,2751.0000,11678,0,155252880.000,0,-,-,-,-,2750.6000,2750.4000,2750.0000,2749.0000,2748.8000,2751.8000,2752.0000,2753.0000,2754.8000,2755.0000,1,1,3,1,1,1,1,6,1,3
SF,IH2009,2020-05-08 09:33:23.500,2751.0000,11678,0,155252880.000,0,-,-,-,-,2750.6000,2750.4000,2750.0000,2749.0000,2748.8000,2751.6000,2751.8000,2752.0000,2753.0000,2754.8000,1,1,3,1,1,1,1,1,6,1
SF,IH2009,2020-05-08 09:33:24.000,2751.0000,11678,0,155252880.000,0,-,-,-,-,2750.6000,2750.4000,2750.0000,2749.0000,2748.8000,2752.0000,2753.0000,2754.8000,2755.0000,2755.2000,1,1,3,1,1,1,6,1,3,3
SF,IH2009,2020-05-08 09:33:24.500,2751.0000,11678,0,155252880.000,0,-,-,-,-,2750.8000,2750.6000,2750.4000,2750.0000,2749.0000,2752.0000,2753.0000,2754.8000,2755.0000,2755.2000,2,1,1,3,1,1,6,1,3,3
SF,IH2009,2020-05-08 09:33:25.000,2751.0000,11678,0,155252880.000,0,-,-,-,-,2750.6000,2750.4000,2750.0000,2749.0000,2748.8000,2752.0000,2753.0000,2754.8000,2755.0000,2755.2000,1,1,3,1,1,2,6,1,3,3
SF,IH2009,2020-05-08 09:33:26.500,2751.8000,11678,0,156078420.000,1,0,1,多换,S,2750.8000,2750.6000,2750.4000,2750.0000,2749.0000,2752.0000,2753.0000,2754.8000,2755.0000,2755.2000,1,1,1,3,1,2,6,1,3,3
SF,IH2009,2020-05-08 09:33:27.000,2751.8000,11678,0,156078420.000,0,-,-,-,-,2751.0000,2750.6000,2750.4000,2750.0000,2749.0000,2752.0000,2753.0000,2754.8000,2755.0000,2755.2000,1,1,1,3,1,2,6,1,3,3
SF,IH2009,2020-05-08 09:33:27.500,2751.8000,11678,0,156078420.000,0,-,-,-,-,2751.2000,2750.6000,2750.4000,2750.0000,2749.0000,2752.0000,2753.0000,2754.8000,2755.0000,2755.2000,1,1,1,3,1,2,6,1,3,3
SF,IH2009,2020-05-08 09:33:28.000,2751.8000,11678,0,156078420.000,0,-,-,-,-,2750.8000,2750.6000,2750.4000,2750.0000,2749.0000,2752.0000,2753.0000,2754.8000,2755.0000,2755.2000,2,1,1,3,1,2,6,1,3,3
SF,IH2009,2020-05-08 09:33:28.500,2752.0000,11679,1,156904020.000,1,1,0,双开,S,2751.0000,2750.8000,2750.6000,2750.4000,2750.0000,2752.0000,2753.0000,2754.8000,2755.0000,2755.2000,1,2,1,1,3,1,6,1,3,3
SF,IH2009,2020-05-08 09:33:29.000,2752.0000,11679,0,156904020.000,0,-,-,-,-,2751.2000,2750.8000,2750.6000,2750.4000,2750.0000,2752.0000,2753.0000,2754.8000,2755.0000,2755.2000,1,2,1,1,3,1,6,1,3,3
SF,IH2009,2020-05-08 09:33:29.500,2752.0000,11679,0,156904020.000,0,-,-,-,-,2750.8000,2750.6000,2750.4000,2750.0000,2749.0000,2752.0000,2753.0000,2754.8000,2755.0000,2755.2000,2,1,1,3,1,1,6,1,3,3
SF,IH2009,2020-05-08 09:33:30.000,2752.0000,11679,0,156904020.000,0,-,-,-,-,2751.0000,2750.8000,2750.6000,2750.4000,2750.0000,2752.0000,2753.0000,2754.8000,2755.0000,2755.2000,1,2,1,1,3,1,6,1,3,3
SF,IH2009,2020-05-08 09:33:30.500,2752.0000,11679,0,157729620.000,1,0,1,多换,S,2750.8000,2750.6000,2750.4000,2750.0000,2749.0000,2753.0000,2754.8000,2755.0000,2755.2000,2756.0000,2,1,1,3,1,6,1,3,3,1
SF,IH2009,2020-05-08 09:33:31.000,2752.0000,11679,0,157729620.000,0,-,-,-,-,2751.0000,2750.8000,2750.4000,2750.0000,2749.0000,2752.6000,2752.8000,2753.0000,2754.8000,2755.0000,1,2,1,3,1,7,3,6,1,3
SF,IH2009,2020-05-08 09:33:31.500,2752.0000,11679,0,157729620.000,0,-,-,-,-,2751.2000,2751.0000,2750.8000,2750.4000,2750.0000,2752.4000,2752.8000,2753.0000,2754.8000,2755.0000,1,1,2,1,3,3,2,6,1,3
SF,IH2009,2020-05-08 09:33:32.000,2752.0000,11679,0,157729620.000,0,-,-,-,-,2751.0000,2750.8000,2750.4000,2750.0000,2749.0000,2752.4000,2752.8000,2753.0000,2754.8000,2755.0000,1,2,1,3,1,1,2,6,1,3
SF,IH2009,2020-05-08 09:33:32.500,2752.0000,11679,0,157729620.000,0,-,-,-,-,2751.2000,2751.0000,2750.8000,2750.4000,2750.0000,2752.4000,2752.8000,2753.0000,2754.8000,2755.0000,1,1,2,1,3,1,2,6,1,3
SF,IH2009,2020-05-08 09:33:33.000,2752.0000,11679,0,157729620.000,0,-,-,-,-,2751.0000,2750.8000,2750.4000,2750.0000,2749.0000,2752.4000,2752.8000,2753.0000,2754.8000,2755.0000,1,2,1,3,1,1,2,6,1,3
SF,IH2009,2020-05-08 09:33:33.500,2752.0000,11679,0,157729620.000,0,-,-,-,-,2751.2000,2751.0000,2750.8000,2750.4000,2750.0000,2752.4000,2753.0000,2754.8000,2755.0000,2755.2000,1,1,2,1,3,1,6,1,3,3
SF,IH2009,2020-05-08 09:33:34.000,2752.0000,11679,0,157729620.000,0,-,-,-,-,2751.4000,2751.0000,2750.8000,2750.4000,2750.0000,2753.0000,2754.8000,2755.0000,2755.2000,2756.0000,1,1,2,1,3,6,1,3,3,1
SF,IH2009,2020-05-08 09:33:34.500,2752.0000,11679,0,157729620.000,0,-,-,-,-,2751.6000,2751.0000,2750.8000,2750.4000,2750.0000,2752.8000,2753.0000,2754.8000,2755.0000,2755.2000,1,1,2,1,3,1,6,1,3,3
SF,IH2009,2020-05-08 09:33:35.000,2752.0000,11679,0,157729620.000,0,-,-,-,-,2751.0000,2750.8000,2750.4000,2750.0000,2749.0000,2752.8000,2753.0000,2754.8000,2755.0000,2755.2000,1,2,1,3,1,1,6,1,3,3
SF,IH2009,2020-05-08 09:33:35.500,2752.0000,11679,0,157729620.000,0,-,-,-,-,2751.2000,2751.0000,2750.8000,2750.4000,2750.0000,2752.8000,2753.0000,2754.8000,2755.0000,2755.2000,1,1,2,1,3,1,6,1,3,3
SF,IH2009,2020-05-08 09:33:36.000,2752.0000,11679,0,157729620.000,0,-,-,-,-,2751.4000,2750.8000,2750.4000,2750.0000,2749.0000,2752.8000,2753.0000,2754.8000,2755.0000,2755.2000,2,2,1,3,1,1,6,1,3,3
SF,IH2009,2020-05-08 09:33:36.500,2752.8000,11678,-1,158555460.000,1,0,1,双平,S,2751.6000,2751.4000,2750.8000,2750.4000,2750.0000,2753.0000,2754.8000,2755.0000,2755.2000,2756.0000,1,1,2,1,3,6,1,3,3,1
SF,IH2009,2020-05-08 09:33:37.000,2752.8000,11678,0,158555460.000,0,-,-,-,-,2751.8000,2751.4000,2750.8000,2750.4000,2750.0000,2753.0000,2754.8000,2755.0000,2755.2000,2756.0000,1,1,2,1,3,6,1,3,3,1
SF,IH2009,2020-05-08 09:33:37.500,2752.8000,11678,0,158555460.000,0,-,-,-,-,2751.4000,2750.8000,2750.0000,2749.0000,2748.8000,2753.0000,2754.8000,2755.0000,2755.2000,2756.0000,1,2,3,1,1,6,1,3,3,1
SF,IH2009,2020-05-08 09:33:38.000,2752.8000,11678,0,158555460.000,0,-,-,-,-,2751.6000,2751.4000,2750.8000,2750.0000,2749.0000,2753.0000,2754.8000,2755.0000,2755.2000,2756.0000,1,1,2,3,1,6,1,3,3,1
SF,IH2009,2020-05-08 09:33:38.500,2752.8000,11678,0,158555460.000,0,-,-,-,-,2751.8000,2751.4000,2750.8000,2750.0000,2749.0000,2753.0000,2754.8000,2755.0000,2755.2000,2756.0000,1,1,2,3,1,6,1,3,3,1
SF,IH2009,2020-05-08 09:33:39.000,2752.8000,11678,0,158555460.000,0,-,-,-,-,2751.4000,2750.8000,2750.0000,2749.0000,2748.8000,2753.0000,2754.8000,2755.0000,2755.2000,2756.0000,1,2,3,1,1,6,1,3,3,1
SF,IH2009,2020-05-08 09:33:39.500,2752.8000,11678,0,158555460.000,0,-,-,-,-,2751.6000,2751.4000,2750.8000,2750.0000,2749.0000,2753.0000,2754.8000,2755.0000,2755.2000,2756.0000,1,1,2,3,1,6,1,3,3,1
SF,IH2009,2020-05-08 09:33:40.000,2752.8000,11678,0,158555460.000,0,-,-,-,-,2751.8000,2750.8000,2750.0000,2749.0000,2748.8000,2753.0000,2754.8000,2755.0000,2755.2000,2756.0000,2,2,3,1,1,6,1,3,3,1
SF,IH2009,2020-05-08 09:33:42.500,2752.8000,11678,0,158555460.000,0,-,-,-,-,2751.8000,2750.8000,2750.0000,2749.0000,2748.8000,2752.8000,2753.0000,2754.8000,2755.0000,2755.2000,2,2,3,1,1,7,6,1,3,3
SF,IH2009,2020-05-08 09:33:43.000,2752.8000,11678,0,158555460.000,0,-,-,-,-,2751.8000,2750.8000,2750.0000,2749.0000,2748.8000,2752.6000,2752.8000,2753.0000,2754.8000,2755.0000,1,2,3,1,1,4,7,7,1,3
SF,IH2009,2020-05-08 09:33:43.500,2752.8000,11678,0,158555460.000,0,-,-,-,-,2750.8000,2750.0000,2749.0000,2748.8000,2746.8000,2752.6000,2752.8000,2753.0000,2754.8000,2755.0000,2,3,1,1,1,4,7,7,1,3
SF,IH2009,2020-05-08 09:33:44.000,2752.8000,11678,0,158555460.000,0,-,-,-,-,2751.0000,2750.8000,2750.0000,2749.0000,2748.8000,2752.6000,2752.8000,2753.0000,2754.8000,2755.0000,1,2,3,1,1,4,7,7,1,3
SF,IH2009,2020-05-08 09:33:44.500,2752.8000,11678,0,158555460.000,0,-,-,-,-,2751.2000,2750.8000,2750.0000,2749.0000,2748.8000,2752.6000,2752.8000,2753.0000,2754.8000,2755.0000,2,2,3,1,1,4,7,7,1,3
SF,IH2009,2020-05-08 09:33:45.000,2752.8000,11678,0,158555460.000,0,-,-,-,-,2751.4000,2751.2000,2750.8000,2750.0000,2749.0000,2752.6000,2752.8000,2753.0000,2754.8000,2755.0000,1,1,2,3,1,4,7,7,1,3
SF,IH2009,2020-05-08 09:33:45.500,2752.8000,11678,0,158555460.000,0,-,-,-,-,2751.2000,2750.8000,2750.0000,2749.0000,2748.8000,2752.6000,2752.8000,2753.0000,2754.8000,2755.0000,1,2,3,1,1,4,7,7,1,3
SF,IH2009,2020-05-08 09:33:46.000,2752.8000,11678,0,158555460.000,0,-,-,-,-,2751.4000,2751.2000,2750.8000,2750.0000,2749.0000,2752.6000,2752.8000,2753.0000,2754.8000,2755.0000,1,1,2,3,1,4,7,7,1,3
SF,IH2009,2020-05-08 09:33:46.500,2751.2000,11677,-1,160206240.000,2,0,2,多平,S,2750.8000,2750.0000,2749.0000,2748.8000,2746.8000,2751.2000,2752.4000,2752.6000,2752.8000,2753.0000,2,3,1,1,1,5,2,4,7,7
SF,IH2009,2020-05-08 09:33:47.000,2751.2000,11677,0,160206240.000,0,-,-,-,-,2750.8000,2750.0000,2749.0000,2748.8000,2746.8000,2752.4000,2752.6000,2752.8000,2753.0000,2754.8000,2,3,1,1,1,1,4,7,7,1
SF,IH2009,2020-05-08 09:33:47.500,2751.2000,11677,0,160206240.000,0,-,-,-,-,2751.0000,2750.8000,2750.0000,2749.0000,2748.8000,2752.2000,2752.4000,2752.6000,2752.8000,2753.0000,1,2,3,1,1,3,1,2,7,6
SF,IH2009,2020-05-08 09:33:48.000,2751.0000,11676,-1,161031540.000,1,0,1,双平,S,2750.8000,2750.0000,2749.0000,2748.8000,2746.8000,2752.0000,2752.2000,2752.6000,2752.8000,2753.0000,2,3,1,1,1,2,3,2,7,6
SF,IH2009,2020-05-08 09:33:48.500,2751.0000,11676,0,161031540.000,0,-,-,-,-,2750.8000,2750.0000,2749.0000,2748.8000,2746.8000,2751.8000,2752.0000,2752.2000,2752.6000,2752.8000,2,3,1,1,1,3,1,1,2,7
SF,IH2009,2020-05-08 09:33:49.000,2750.8000,11676,0,161856780.000,1,0,1,多换,S,2750.8000,2750.0000,2749.0000,2748.8000,2746.8000,2751.8000,2752.0000,2752.2000,2752.6000,2752.8000,1,2,1,1,1,2,1,1,2,7
SF,IH2009,2020-05-08 09:33:49.500,2750.8000,11677,1,162682020.000,1,1,0,双开,S,2750.0000,2749.0000,2748.8000,2746.8000,2746.6000,2750.6000,2751.0000,2751.6000,2751.8000,2752.2000,2,1,1,1,1,4,2,9,2,1
SF,IH2009,2020-05-08 09:33:50.000,2751.0000,11675,-2,165157800.000,3,0,3,多平,S,2750.8000,2750.0000,2749.0000,2748.8000,2746.8000,2751.6000,2751.8000,2752.2000,2752.6000,2753.0000,1,2,1,1,1,7,2,1,2,6
SF,IH2009,2020-05-08 09:33:50.500,2751.0000,11675,0,165157800.000,0,-,-,-,-,2750.8000,2750.0000,2749.0000,2748.8000,2746.8000,2751.4000,2751.8000,2752.2000,2752.6000,2753.0000,1,2,1,1,1,1,1,1,2,6
SF,IH2009,2020-05-08 09:33:51.000,2751.4000,11675,0,165983220.000,1,0,1,多换,S,2750.8000,2750.0000,2749.0000,2748.8000,2746.8000,2751.8000,2752.2000,2753.0000,2754.8000,2755.0000,1,2,1,1,1,1,1,6,1,3
SF,IH2009,2020-05-08 09:33:51.500,2751.4000,11675,0,165983220.000,0,-,-,-,-,2750.8000,2750.0000,2749.0000,2748.8000,2746.8000,2751.6000,2752.2000,2753.0000,2754.8000,2755.0000,1,2,1,1,1,1,1,6,1,3
SF,IH2009,2020-05-08 09:33:52.000,2751.4000,11675,0,165983220.000,0,-,-,-,-,2750.8000,2750.0000,2749.0000,2748.8000,2746.8000,2751.6000,2752.2000,2752.8000,2753.0000,2754.8000,1,2,1,1,1,1,1,1,6,1
SF,IH2009,2020-05-08 09:33:52.500,2751.4000,11675,0,165983220.000,0,-,-,-,-,2750.8000,2750.0000,2749.0000,2748.8000,2746.8000,2751.6000,2752.2000,2752.8000,2753.0000,2754.8000,1,2,1,1,1,1,1,1,6,1
SF,IH2009,2020-05-08 09:33:53.000,2750.8000,11675,0,166808460.000,1,0,1,多换,S,2750.0000,2749.0000,2748.8000,2746.8000,2746.6000,2751.6000,2752.2000,2752.8000,2753.0000,2754.8000,2,1,1,1,1,1,1,1,6,1
SF,IH2009,2020-05-08 09:33:53.500,2750.8000,11675,0,166808460.000,0,-,-,-,-,2750.2000,2750.0000,2749.0000,2748.8000,2746.8000,2751.6000,2752.2000,2752.8000,2753.0000,2754.8000,2,2,1,1,1,1,1,1,6,1
SF,IH2009,2020-05-08 09:33:54.500,2750.8000,11675,0,166808460.000,0,-,-,-,-,2750.2000,2750.0000,2749.0000,2748.8000,2746.8000,2751.4000,2751.6000,2752.2000,2752.8000,2753.0000,1,2,1,1,1,1,1,1,1,6
SF,IH2009,2020-05-08 09:33:55.000,2750.8000,11675,0,166808460.000,0,-,-,-,-,2750.2000,2750.0000,2749.0000,2748.8000,2746.8000,2751.6000,2752.2000,2752.8000,2753.0000,2754.8000,1,2,1,1,1,1,1,1,6,1
SF,IH2009,2020-05-08 09:33:56.500,2750.8000,11675,0,166808460.000,0,-,-,-,-,2750.2000,2750.0000,2749.0000,2748.8000,2746.8000,2751.4000,2751.6000,2752.2000,2752.8000,2753.0000,1,2,1,1,1,1,1,1,1,6
SF,IH2009,2020-05-08 09:33:57.000,2750.8000,11675,0,166808460.000,0,-,-,-,-,2750.2000,2750.0000,2749.0000,2748.8000,2746.8000,2751.6000,2752.2000,2752.8000,2753.0000,2754.8000,1,2,1,1,1,1,1,1,6,1
SF,IH2009,2020-05-08 09:33:58.000,2750.8000,11675,0,166808460.000,0,-,-,-,-,2750.2000,2750.0000,2749.0000,2748.8000,2746.8000,2751.4000,2751.6000,2752.2000,2752.8000,2753.0000,1,2,1,1,1,1,1,1,1,6
SF,IH2009,2020-05-08 09:33:58.500,2750.8000,11675,0,166808460.000,0,-,-,-,-,2750.2000,2750.0000,2749.0000,2748.8000,2746.8000,2751.6000,2752.2000,2752.8000,2753.0000,2754.8000,1,2,1,1,1,1,1,1,6,1
SF,IH2009,2020-05-08 09:33:59.000,2750.8000,11675,0,166808460.000,0,-,-,-,-,2750.2000,2750.0000,2749.0000,2746.8000,2746.6000,2751.6000,2752.2000,2752.8000,2753.0000,2754.8000,1,2,1,1,1,1,1,1,6,1
SF,IH2009,2020-05-08 09:33:59.500,2750.8000,11675,0,166808460.000,0,-,-,-,-,2750.0000,2749.0000,2746.8000,2746.6000,2745.0000,2751.4000,2751.6000,2752.2000,2752.8000,2753.0000,2,1,1,1,1,2,1,1,1,6
SF,IH2009,2020-05-08 09:34:00.500,2750.8000,11675,0,166808460.000,0,-,-,-,-,2750.0000,2749.0000,2746.8000,2746.6000,2745.0000,2750.8000,2751.0000,2751.2000,2751.4000,2751.6000,2,1,1,1,1,1,1,2,1,1
SF,IH2009,2020-05-08 09:34:01.000,2750.8000,11675,0,166808460.000,0,-,-,-,-,2750.0000,2749.0000,2746.8000,2746.6000,2745.0000,2750.8000,2751.0000,2751.2000,2751.4000,2751.6000,2,1,1,1,1,1,1,1,1,1
SF,IH2009,2020-05-08 09:34:01.500,2750.8000,11675,0,166808460.000,0,-,-,-,-,2750.0000,2749.4000,2749.0000,2746.8000,2746.6000,2750.8000,2751.0000,2751.2000,2751.4000,2751.6000,2,1,1,1,1,1,1,1,1,1
SF,IH2009,2020-05-08 09:34:07.000,2750.8000,11675,0,166808460.000,0,-,-,-,-,2750.0000,2749.4000,2749.0000,2746.8000,2746.6000,2750.8000,2751.0000,2751.2000,2751.4000,2751.6000,2,1,1,1,1,1,1,1,1,1
SF,IH2009,2020-05-08 09:34:07.500,2750.8000,11675,0,166808460.000,0,-,-,-,-,2750.0000,2749.4000,2749.0000,2746.8000,2746.6000,2750.4000,2750.6000,2750.8000,2751.0000,2751.2000,2,1,1,1,1,1,8,1,1,1
SF,IH2009,2020-05-08 09:34:08.000,2750.0000,11674,-1,169283460.000,3,1,2,多平,S,2749.4000,2749.0000,2746.8000,2746.6000,2745.0000,2750.4000,2750.6000,2750.8000,2751.0000,2751.2000,1,1,1,1,1,1,1,1,1,1
SF,IH2009,2020-05-08 09:34:08.500,2750.0000,11674,0,169283460.000,0,-,-,-,-,2749.4000,2749.0000,2746.8000,2746.6000,2745.0000,2750.4000,2750.8000,2751.0000,2751.2000,2751.6000,1,1,1,1,1,1,1,1,1,1
SF,IH2009,2020-05-08 09:34:09.000,2750.0000,11674,0,169283460.000,0,-,-,-,-,2749.4000,2749.0000,2746.8000,2746.6000,2745.0000,2750.4000,2750.8000,2751.0000,2751.2000,2752.2000,1,1,1,1,1,1,1,1,1,1
SF,IH2009,2020-05-08 09:34:09.500,2750.0000,11674,0,169283460.000,0,-,-,-,-,2749.4000,2749.0000,2746.8000,2746.6000,2745.0000,2750.8000,2751.0000,2751.2000,2752.2000,2752.8000,1,1,1,1,1,1,1,1,1,1
SF,IH2009,2020-05-08 09:34:10.000,2750.0000,11674,0,169283460.000,0,-,-,-,-,2749.4000,2749.0000,2746.8000,2746.6000,2745.0000,2750.8000,2751.0000,2751.2000,2752.0000,2752.2000,1,1,1,1,1,1,1,1,2,1
SF,IH2009,2020-05-08 09:34:10.500,2750.0000,11674,0,169283460.000,0,-,-,-,-,2749.4000,2749.0000,2746.8000,2746.6000,2745.0000,2750.4000,2750.6000,2750.8000,2751.0000,2752.0000,1,1,1,1,1,1,2,1,1,2
SF,IH2009,2020-05-08 09:34:11.000,2750.0000,11674,0,169283460.000,0,-,-,-,-,2749.4000,2749.0000,2746.8000,2746.6000,2745.0000,2750.6000,2750.8000,2751.0000,2752.0000,2752.2000,1,1,1,1,1,2,1,1,2,1
SF,IH2009,2020-05-08 09:34:11.500,2750.0000,11674,0,169283460.000,0,-,-,-,-,2749.4000,2749.0000,2746.8000,2746.6000,2745.0000,2750.4000,2750.6000,2750.8000,2751.0000,2752.0000,1,1,1,1,1,3,2,1,1,2
SF,IH2009,2020-05-08 09:34:12.000,2749.4000,11673,-1,170108280.000,1,0,1,双平,S,2749.0000,2746.8000,2746.6000,2745.0000,2743.6000,2749.2000,2750.2000,2750.4000,2750.6000,2750.8000,1,1,1,1,5,1,3,3,1,1
SF,IH2009,2020-05-08 09:34:12.500,2749.4000,11673,0,170108280.000,0,-,-,-,-,2749.0000,2746.8000,2746.6000,2745.0000,2743.6000,2750.2000,2750.4000,2750.6000,2750.8000,2751.0000,1,1,1,1,5,3,2,1,1,1
SF,IH2009,2020-05-08 09:34:13.000,2749.4000,11673,0,170108280.000,0,-,-,-,-,2749.6000,2749.0000,2746.8000,2746.6000,2745.0000,2750.0000,2750.2000,2750.4000,2750.6000,2750.8000,1,1,1,1,1,3,3,1,1,1
SF,IH2009,2020-05-08 09:34:13.500,2749.6000,11673,0,170933160.000,1,0,1,多换,S,2749.0000,2746.8000,2746.6000,2745.0000,2743.6000,2750.0000,2750.2000,2750.4000,2750.6000,2750.8000,1,1,1,1,5,2,3,1,1,1
SF,IH2009,2020-05-08 09:34:14.000,2749.0000,11673,0,171757860.000,1,0,1,多换,S,2746.8000,2746.6000,2745.0000,2743.6000,2740.8000,2749.6000,2749.8000,2750.0000,2750.2000,2750.4000,1,1,1,5,1,7,2,1,2,1
SF,IH2009,2020-05-08 09:34:14.500,2749.0000,11673,0,171757860.000,0,-,-,-,-,2747.0000,2746.8000,2746.6000,2745.0000,2743.6000,2749.4000,2750.2000,2750.4000,2750.6000,2750.8000,2,2,1,1,5,2,2,1,1,1
SF,IH2009,2020-05-08 09:34:15.000,2749.0000,11673,0,171757860.000,0,-,-,-,-,2747.4000,2747.2000,2747.0000,2746.8000,2746.6000,2749.0000,2750.2000,2750.4000,2750.8000,2751.0000,2,1,2,2,1,1,2,1,1,1
SF,IH2009,2020-05-08 09:34:15.500,2749.0000,11673,0,172582560.000,1,0,1,多换,S,2747.6000,2747.2000,2746.8000,2746.6000,2745.0000,2750.4000,2750.8000,2751.0000,2752.0000,2752.2000,3,1,2,1,1,1,1,1,2,1
SF,IH2009,2020-05-08 09:34:16.000,2749.0000,11673,0,172582560.000,0,-,-,-,-,2747.8000,2747.6000,2746.8000,2746.6000,2745.0000,2750.0000,2750.2000,2750.4000,2750.8000,2751.0000,1,1,2,1,1,7,4,1,1,1
SF,IH2009,2020-05-08 09:34:16.500,2749.0000,11673,0,172582560.000,0,-,-,-,-,2748.0000,2746.8000,2746.6000,2745.0000,2743.6000,2749.8000,2750.2000,2750.4000,2750.8000,2751.0000,1,2,1,1,5,3,2,1,1,1
SF,IH2009,2020-05-08 09:34:17.000,2749.0000,11673,0,172582560.000,0,-,-,-,-,2748.2000,2748.0000,2746.8000,2746.6000,2745.0000,2749.6000,2749.8000,2750.4000,2750.8000,2751.0000,2,1,2,1,1,2,1,1,1,1
SF,IH2009,2020-05-08 09:34:17.500,2749.0000,11673,0,172582560.000,0,-,-,-,-,2748.4000,2748.2000,2746.8000,2746.6000,2745.0000,2750.4000,2750.8000,2751.0000,2752.0000,2752.2000,2,1,2,1,1,1,1,1,2,1
SF,IH2009,2020-05-08 09:34:18.000,2749.0000,11673,0,172582560.000,0,-,-,-,-,2748.6000,2748.4000,2746.8000,2746.6000,2745.0000,2750.2000,2750.4000,2750.8000,2751.0000,2752.0000,1,1,2,1,1,10,1,1,1,2
SF,IH2009,2020-05-08 09:34:18.500,2749.0000,11673,0,172582560.000,0,-,-,-,-,2748.4000,2746.8000,2746.6000,2745.0000,2743.6000,2750.0000,2750.2000,2750.4000,2750.8000,2751.0000,1,2,1,1,5,2,9,1,1,1
SF,IH2009,2020-05-08 09:34:19.000,2749.0000,11673,0,172582560.000,0,-,-,-,-,2748.4000,2746.8000,2746.6000,2745.0000,2743.6000,2749.8000,2750.0000,2750.2000,2750.4000,2750.8000,1,2,1,1,5,3,1,7,1,1
SF,IH2009,2020-05-08 09:34:19.500,2749.8000,11673,0,173407500.000,1,0,1,多换,S,2748.6000,2748.4000,2746.8000,2746.6000,2745.0000,2749.8000,2750.0000,2750.2000,2750.4000,2750.8000,1,1,2,1,1,2,1,7,1,1
SF,IH2009,2020-05-08 09:34:20.000,2749.8000,11673,0,173407500.000,0,-,-,-,-,2748.8000,2748.4000,2746.8000,2746.6000,2745.0000,2749.8000,2750.0000,2750.2000,2750.4000,2750.8000,1,1,2,1,1,2,1,7,1,1
SF,IH2009,2020-05-08 09:34:20.500,2749.8000,11673,0,173407500.000,0,-,-,-,-,2748.4000,2746.8000,2746.6000,2745.0000,2743.6000,2749.8000,2750.0000,2750.2000,2750.4000,2750.8000,1,2,1,1,5,2,1,7,1,1
SF,IH2009,2020-05-08 09:34:21.000,2749.8000,11673,0,173407500.000,0,-,-,-,-,2748.6000,2748.4000,2746.8000,2746.6000,2745.0000,2749.8000,2750.0000,2750.2000,2750.4000,2750.8000,1,1,2,1,1,2,1,7,1,1
SF,IH2009,2020-05-08 09:34:21.500,2749.8000,11673,0,173407500.000,0,-,-,-,-,2748.8000,2748.4000,2746.8000,2746.6000,2745.0000,2749.8000,2750.0000,2750.2000,2750.4000,2750.8000,1,1,2,1,1,2,1,7,1,1
SF,IH2009,2020-05-08 09:34:22.000,2749.8000,11673,0,173407500.000,0,-,-,-,-,2748.4000,2746.8000,2746.6000,2745.0000,2743.6000,2749.8000,2750.0000,2750.2000,2750.4000,2750.8000,1,2,1,1,5,2,1,7,1,1
SF,IH2009,2020-05-08 09:34:22.500,2749.8000,11673,0,173407500.000,0,-,-,-,-,2748.6000,2748.4000,2746.8000,2746.6000,2745.0000,2749.6000,2749.8000,2750.2000,2750.4000,2750.8000,1,1,2,1,1,1,2,7,1,1
SF,IH2009,2020-05-08 09:34:23.000,2749.8000,11673,0,173407500.000,0,-,-,-,-,2748.4000,2746.8000,2746.6000,2745.0000,2743.6000,2749.8000,2750.2000,2750.4000,2750.8000,2751.0000,1,2,1,1,5,2,7,1,1,1
SF,IH2009,2020-05-08 09:34:23.500,2749.8000,11673,0,173407500.000,0,-,-,-,-,2748.6000,2746.8000,2746.6000,2745.0000,2743.6000,2749.6000,2749.8000,2750.4000,2750.8000,2751.0000,1,2,1,1,5,7,2,1,1,1
SF,IH2009,2020-05-08 09:34:24.000,2749.8000,11673,0,173407500.000,0,-,-,-,-,2746.8000,2746.6000,2745.0000,2743.6000,2743.0000,2749.4000,2749.6000,2749.8000,2750.4000,2750.8000,2,1,1,5,2,1,7,1,1,1
SF,IH2009,2020-05-08 09:34:24.500,2749.8000,11673,0,173407500.000,0,-,-,-,-,2747.0000,2746.8000,2746.6000,2745.0000,2743.6000,2748.6000,2749.4000,2749.6000,2749.8000,2750.4000,3,2,1,1,5,1,1,7,1,1
SF,IH2009,2020-05-08 09:34:25.000,2748.8000,11673,0,174232140.000,1,0,1,多换,S,2747.2000,2747.0000,2746.8000,2746.6000,2745.0000,2748.0000,2749.4000,2749.6000,2749.8000,2750.4000,1,3,2,1,1,10,1,7,1,1
SF,IH2009,2020-05-08 09:34:25.500,2748.0000,11663,-10,182476620.000,10,0,10,双平,S,2747.4000,2747.0000,2746.8000,2746.6000,2745.0000,2749.4000,2749.6000,2749.8000,2750.4000,2750.8000,3,1,2,1,1,1,7,1,1,1
SF,IH2009,2020-05-08 09:34:26.000,2748.0000,11663,0,182476620.000,0,-,-,-,-,2747.6000,2747.4000,2746.8000,2746.6000,2745.0000,2749.2000,2749.4000,2750.4000,2750.8000,2751.0000,2,1,2,1,1,2,1,1,1,1
SF,IH2009,2020-05-08 09:34:26.500,2748.0000,11663,0,182476620.000,0,-,-,-,-,2747.8000,2747.6000,2746.8000,2746.6000,2745.0000,2749.2000,2749.4000,2750.4000,2750.8000,2751.0000,3,1,2,1,1,2,1,1,1,1
SF,IH2009,2020-05-08 09:34:27.000,2748.0000,11663,0,182476620.000,0,-,-,-,-,2748.0000,2747.8000,2747.6000,2746.8000,2746.6000,2749.2000,2750.4000,2750.8000,2751.0000,2752.0000,1,2,1,2,1,2,1,1,1,2
SF,IH2009,2020-05-08 09:34:27.500,2748.0000,11663,0,182476620.000,0,-,-,-,-,2748.2000,2747.8000,2746.8000,2746.6000,2745.0000,2750.4000,2750.8000,2751.0000,2752.0000,2752.2000,2,2,2,1,1,1,1,1,2,1
SF,IH2009,2020-05-08 09:34:28.000,2748.0000,11663,0,182476620.000,0,-,-,-,-,2748.4000,2747.8000,2746.8000,2746.6000,2745.0000,2750.0000,2750.2000,2750.4000,2750.8000,2751.0000,1,1,2,1,1,7,3,1,1,1
SF,IH2009,2020-05-08 09:34:28.500,2748.0000,11663,0,182476620.000,0,-,-,-,-,2748.6000,2748.4000,2747.8000,2746.8000,2746.6000,2749.8000,2750.0000,2750.2000,2750.4000,2750.8000,1,1,1,2,1,2,7,2,1,1
SF,IH2009,2020-05-08 09:34:29.000,2748.4000,11662,-1,183301140.000,1,0,1,双平,S,2747.8000,2746.8000,2746.6000,2745.0000,2743.6000,2749.8000,2750.0000,2750.2000,2750.4000,2750.8000,1,2,1,1,5,3,7,2,1,1
SF,IH2009,2020-05-08 09:34:29.500,2748.4000,11662,0,183301140.000,0,-,-,-,-,2748.0000,2747.8000,2746.8000,2746.6000,2746.4000,2749.8000,2750.0000,2750.2000,2750.4000,2750.8000,1,1,2,1,1,3,7,2,1,1
SF,IH2009,2020-05-08 09:34:30.000,2748.4000,11662,0,183301140.000,0,-,-,-,-,2748.2000,2747.8000,2746.8000,2746.6000,2746.4000,2749.8000,2750.0000,2750.2000,2750.4000,2750.8000,3,1,2,1,1,3,7,1,1,1
SF,IH2009,2020-05-08 09:34:30.500,2748.4000,11662,0,183301140.000,0,-,-,-,-,2748.4000,2748.2000,2747.8000,2746.8000,2746.6000,2749.8000,2750.0000,2750.2000,2750.4000,2750.8000,1,2,1,2,1,3,7,1,1,1
SF,IH2009,2020-05-08 09:34:31.000,2748.4000,11662,0,183301140.000,0,-,-,-,-,2748.6000,2748.2000,2747.8000,2746.8000,2746.6000,2749.8000,2750.0000,2750.2000,2750.4000,2750.8000,1,2,1,2,1,3,7,1,1,1
SF,IH2009,2020-05-08 09:34:31.500,2748.4000,11662,0,183301140.000,0,-,-,-,-,2748.8000,2748.2000,2747.8000,2746.8000,2746.6000,2749.8000,2750.0000,2750.2000,2750.4000,2750.8000,2,2,1,2,1,3,7,1,1,1
SF,IH2009,2020-05-08 09:34:32.000,2748.4000,11662,0,183301140.000,0,-,-,-,-,2749.0000,2748.8000,2748.2000,2747.8000,2746.8000,2749.8000,2750.0000,2750.2000,2750.4000,2750.8000,1,1,1,1,2,3,7,1,1,1
SF,IH2009,2020-05-08 09:34:32.500,2748.4000,11662,0,183301140.000,0,-,-,-,-,2749.2000,2748.8000,2748.2000,2747.8000,2746.8000,2749.8000,2750.4000,2750.8000,2751.0000,2752.0000,2,1,1,1,2,2,1,1,1,2
SF,IH2009,2020-05-08 09:34:33.000,2748.4000,11662,0,183301140.000,0,-,-,-,-,2749.2000,2748.8000,2748.2000,2747.8000,2746.8000,2749.8000,2750.4000,2750.8000,2751.0000,2752.0000,2,1,1,1,2,1,1,1,1,2
SF,IH2009,2020-05-08 09:34:33.500,2749.8000,11661,-1,184126080.000,1,0,1,双平,S,2749.4000,2748.8000,2748.2000,2747.8000,2746.8000,2752.0000,2752.2000,2752.8000,2753.0000,2754.4000,1,1,1,1,2,2,1,1,5,1
SF,IH2009,2020-05-08 09:34:34.000,2749.8000,11661,0,184126080.000,0,-,-,-,-,2748.2000,2747.8000,2746.8000,2746.6000,2746.4000,2751.6000,2751.8000,2752.0000,2752.2000,2752.8000,1,1,2,1,1,7,4,2,1,1
SF,IH2009,2020-05-08 09:34:34.500,2749.8000,11661,0,184126080.000,0,-,-,-,-,2748.4000,2748.2000,2747.8000,2746.8000,2746.6000,2750.4000,2750.8000,2751.0000,2751.4000,2751.6000,1,1,1,2,1,1,1,1,3,7
SF,IH2009,2020-05-08 09:34:35.000,2749.8000,11661,0,184126080.000,0,-,-,-,-,2748.6000,2748.4000,2748.2000,2747.8000,2746.8000,2750.8000,2751.0000,2751.4000,2752.0000,2752.2000,3,1,1,1,2,1,1,3,2,1
SF,IH2009,2020-05-08 09:34:35.500,2749.8000,11661,0,184126080.000,0,-,-,-,-,2748.8000,2748.6000,2748.2000,2747.8000,2746.8000,2750.4000,2750.6000,2750.8000,2751.0000,2751.4000,1,2,1,1,2,1,2,1,1,1
SF,IH2009,2020-05-08 09:34:36.000,2749.8000,11661,0,184126080.000,0,-,-,-,-,2749.0000,2748.8000,2748.6000,2748.2000,2747.8000,2750.2000,2750.4000,2750.8000,2751.0000,2751.4000,2,1,1,1,2,2,1,1,1,1
SF,IH2009,2020-05-08 09:34:36.500,2749.8000,11661,0,184126080.000,0,-,-,-,-,2749.2000,2749.0000,2748.8000,2748.6000,2748.2000,2750.2000,2750.4000,2750.8000,2751.0000,2751.4000,1,1,1,1,1,1,1,1,1,1
SF,IH2009,2020-05-08 09:34:37.000,2749.4000,11661,0,184950900.000,1,0,1,多换,S,2749.0000,2748.8000,2748.6000,2748.2000,2747.8000,2750.4000,2750.8000,2751.0000,2751.4000,2752.0000,1,1,1,1,2,1,1,1,1,2
SF,IH2009,2020-05-08 09:34:37.500,2749.4000,11661,0,184950900.000,0,-,-,-,-,2748.8000,2748.6000,2748.2000,2747.8000,2746.8000,2750.2000,2750.4000,2750.8000,2751.0000,2751.4000,1,1,1,2,2,2,1,1,1,1
SF,IH2009,2020-05-08 09:34:38.000,2749.4000,11661,0,184950900.000,0,-,-,-,-,2748.8000,2748.6000,2748.2000,2747.8000,2746.8000,2750.0000,2750.2000,2750.4000,2750.8000,2751.0000,1,1,1,2,2,1,1,1,1,1
SF,IH2009,2020-05-08 09:34:38.500,2749.4000,11661,0,184950900.000,0,-,-,-,-,2748.8000,2748.6000,2748.2000,2747.8000,2746.8000,2750.2000,2750.4000,2750.8000,2751.0000,2751.4000,1,1,1,2,2,1,1,1,1,1
SF,IH2009,2020-05-08 09:34:39.500,2749.4000,11661,0,184950900.000,0,-,-,-,-,2749.0000,2748.8000,2748.6000,2748.2000,2747.8000,2750.2000,2750.4000,2750.8000,2751.0000,2751.4000,1,1,1,1,2,1,1,1,1,1
SF,IH2009,2020-05-08 09:34:40.000,2749.4000,11661,0,184950900.000,0,-,-,-,-,2749.2000,2749.0000,2748.6000,2748.2000,2747.8000,2750.4000,2750.8000,2751.0000,2751.4000,2752.0000,1,1,1,1,2,1,1,1,1,2
