市场代码,合约代码,时间,最新,持仓,增仓,成交额,成交量,开仓,平仓,成交类型,方向,买一价,买二价,买三价,买四价,买五价,卖一价,卖二价,卖三价,卖四价,卖五价,买一量,买二量,买三量,买四量,买五量,卖一量,卖二量,卖三量,卖四量,卖五量
SF,IH2008,2020-07-09 09:29:00.200,3412.2000,7025,0,5118300.000,5.000,-,-,-,-,3412.0000,3411.4000,3409.0000,3403.0000,3402.2000,3416.0000,3416.2000,3421.0000,3422.0000,3422.8000,4,2,1,1,1,1,1,2,6,1
SF,IH2008,2020-07-09 09:30:00.200,3416.0000,7024,-1,7166760.000,2,0,2,多平,S,3412.0000,3411.4000,3410.6000,3409.0000,3403.0000,3415.8000,3416.2000,3418.0000,3421.0000,3422.0000,4,2,1,1,1,1,1,1,2,6
SF,IH2008,2020-07-09 09:30:00.700,3416.2000,7023,-1,11265900.000,4,1,3,多平,S,3412.2000,3412.0000,3411.4000,3410.6000,3409.0000,3415.6000,3415.8000,3418.0000,3421.0000,3422.0000,1,1,1,1,1,1,1,1,2,6
SF,IH2008,2020-07-09 09:30:01.200,3412.4000,7020,-3,15361800.000,4,0,4,多平,S,3412.2000,3412.0000,3411.4000,3410.6000,3409.0000,3412.8000,3414.0000,3414.4000,3415.4000,3415.8000,1,1,1,1,1,1,2,4,5,1
SF,IH2008,2020-07-09 09:30:01.700,3412.6000,7013,-7,23551080.000,8,0,8,多平,S,3409.0000,3403.0000,3400.2000,3400.0000,3398.0000,3414.0000,3414.4000,3415.4000,3418.0000,3421.0000,1,1,1,2,1,2,4,3,1,2
SF,IH2008,2020-07-09 09:30:02.200,3412.6000,7013,0,23551080.000,0,-,-,-,-,3410.0000,3409.2000,3409.0000,3403.0000,3400.2000,3412.8000,3413.8000,3414.0000,3414.4000,3418.0000,1,2,1,1,1,1,5,2,4,1
SF,IH2008,2020-07-09 09:30:02.700,3410.2000,7010,-3,28667820.000,5,1,4,多平,S,3410.2000,3409.0000,3403.0000,3400.2000,3400.0000,3412.6000,3413.8000,3414.0000,3414.4000,3418.0000,1,1,1,1,2,2,3,2,4,1
SF,IH2008,2020-07-09 09:30:03.200,3410.2000,7009,-1,29690880.000,1,0,1,双平,S,3409.0000,3403.0000,3400.2000,3400.0000,3398.0000,3412.4000,3412.6000,3413.8000,3414.0000,3414.4000,1,1,1,2,1,1,2,2,2,4
SF,IH2008,2020-07-09 09:30:03.700,3409.0000,7009,0,31736340.000,2,1,1,多换,S,3403.0000,3400.2000,3400.0000,3398.0000,3393.6000,3409.0000,3412.2000,3412.4000,3412.6000,3413.8000,1,1,2,1,1,2,2,1,1,2
SF,IH2008,2020-07-09 09:30:04.200,3412.2000,7005,-4,35828100.000,4,0,4,双平,S,3408.6000,3406.8000,3405.6000,3405.0000,3404.8000,3413.8000,3414.0000,3418.0000,3421.0000,3422.0000,1,1,1,1,1,1,2,1,2,6
SF,IH2008,2020-07-09 09:30:04.700,3412.2000,7005,0,35828100.000,0,-,-,-,-,3405.6000,3405.0000,3404.8000,3403.4000,3403.0000,3412.6000,3412.8000,3413.6000,3413.8000,3418.0000,1,1,1,1,1,4,1,4,2,1
SF,IH2008,2020-07-09 09:30:05.200,3412.2000,7005,0,35828100.000,0,-,-,-,-,3405.8000,3403.0000,3400.2000,3400.0000,3398.0000,3410.2000,3410.4000,3411.0000,3412.2000,3412.4000,1,1,1,2,1,1,1,2,1,5
SF,IH2008,2020-07-09 09:30:05.700,3412.2000,7005,0,35828100.000,0,-,-,-,-,3409.0000,3403.0000,3400.2000,3400.0000,3398.0000,3410.0000,3410.2000,3410.4000,3412.4000,3412.6000,1,1,1,2,1,3,1,1,3,5
SF,IH2008,2020-07-09 09:30:06.200,3409.0000,7005,0,36850800.000,1,0,1,多换,S,3403.0000,3400.2000,3400.0000,3398.0000,3391.6000,3405.6000,3408.0000,3409.0000,3409.2000,3409.6000,1,1,2,1,2,6,1,3,1,2
SF,IH2008,2020-07-09 09:30:06.700,3405.6000,7002,-3,39915840.000,3,0,3,双平,S,3403.0000,3400.2000,3400.0000,3398.0000,3391.6000,3405.6000,3408.0000,3409.0000,3409.2000,3409.6000,1,1,2,1,2,3,1,1,1,2
SF,IH2008,2020-07-09 09:30:07.200,3405.6000,7002,0,40937520.000,1,0,1,多换,S,3403.2000,3403.0000,3400.2000,3400.0000,3398.0000,3405.6000,3408.0000,3409.0000,3409.6000,3410.0000,1,1,1,2,1,2,1,1,2,2
SF,IH2008,2020-07-09 09:30:07.700,3405.6000,7002,0,40937520.000,0,-,-,-,-,3403.2000,3403.0000,3400.2000,3400.0000,3398.0000,3405.6000,3408.0000,3409.0000,3409.6000,3410.0000,1,1,1,2,1,3,1,1,2,1
SF,IH2008,2020-07-09 09:30:08.200,3405.6000,7001,-1,41959200.000,1,0,1,双平,S,3403.2000,3403.0000,3400.2000,3400.0000,3398.0000,3405.6000,3408.0000,3409.0000,3409.6000,3410.0000,1,1,1,2,1,1,1,1,2,1
SF,IH2008,2020-07-09 09:30:08.700,3405.6000,7001,0,41959200.000,0,-,-,-,-,3403.0000,3400.2000,3400.0000,3398.8000,3398.0000,3405.4000,3405.6000,3408.0000,3409.0000,3409.6000,1,1,2,1,1,1,2,1,1,2
SF,IH2008,2020-07-09 09:30:09.700,3405.4000,6999,-2,44001720.000,2,0,2,双平,S,3400.2000,3400.0000,3398.0000,3391.6000,3391.0000,3405.6000,3408.0000,3409.0000,3409.4000,3409.6000,1,2,1,2,1,2,1,1,4,2
SF,IH2008,2020-07-09 09:30:10.200,3405.4000,6999,0,44001720.000,0,-,-,-,-,3402.6000,3402.0000,3400.6000,3400.4000,3400.2000,3404.8000,3405.6000,3408.0000,3409.4000,3409.6000,1,1,2,4,2,1,3,1,4,2
SF,IH2008,2020-07-09 09:30:10.700,3402.0000,6996,-3,47063940.000,3,0,3,双平,S,3400.6000,3400.4000,3400.2000,3400.0000,3398.0000,3402.6000,3404.8000,3405.6000,3409.4000,3409.6000,1,3,2,2,1,1,1,3,4,2
SF,IH2008,2020-07-09 09:30:11.200,3405.6000,6994,-2,50127000.000,3,0,3,多平,S,3400.8000,3400.6000,3400.4000,3400.2000,3400.0000,3405.6000,3409.4000,3409.6000,3410.0000,3410.2000,1,1,1,2,7,2,4,2,1,1
SF,IH2008,2020-07-09 09:30:11.700,3405.6000,6994,0,50127000.000,0,-,-,-,-,3401.2000,3401.0000,3400.8000,3400.2000,3400.0000,3404.8000,3405.4000,3405.6000,3409.4000,3409.6000,1,1,1,2,7,1,2,2,4,2
SF,IH2008,2020-07-09 09:30:12.200,3405.6000,6994,0,50127000.000,0,-,-,-,-,3402.0000,3401.0000,3400.2000,3400.0000,3398.0000,3403.8000,3404.6000,3404.8000,3405.4000,3405.6000,1,1,1,7,1,1,2,1,1,1
SF,IH2008,2020-07-09 09:30:12.700,3402.0000,6993,-1,51147600.000,1,0,1,双平,S,3400.2000,3400.0000,3398.0000,3391.6000,3391.0000,3401.2000,3402.0000,3403.6000,3404.6000,3404.8000,1,7,1,2,1,1,6,2,1,1
SF,IH2008,2020-07-09 09:30:13.200,3401.2000,6991,-2,53188020.000,2,0,2,双平,S,3400.0000,3398.0000,3391.0000,3388.6000,3382.0000,3401.2000,3402.0000,3403.6000,3404.6000,3404.8000,7,1,1,1,8,7,5,1,1,1
SF,IH2008,2020-07-09 09:30:13.700,3400.0000,6985,-6,63387420.000,10,2,8,多平,S,3391.0000,3388.6000,3382.0000,3381.0000,3380.0000,3400.0000,3401.0000,3401.2000,3402.0000,3403.6000,1,1,8,20,20,1,1,7,4,1
SF,IH2008,2020-07-09 09:30:14.200,3400.0000,6982,-3,66446820.000,3,0,3,双平,S,3397.8000,3397.0000,3395.4000,3394.8000,3393.6000,3401.2000,3402.0000,3404.4000,3409.4000,3409.6000,1,1,1,1,1,7,4,2,4,2
SF,IH2008,2020-07-09 09:30:14.700,3400.0000,6982,0,66446820.000,0,-,-,-,-,3398.2000,3398.0000,3397.8000,3395.4000,3394.8000,3401.0000,3401.2000,3402.0000,3404.4000,3405.2000,1,4,1,1,1,1,7,4,2,1
SF,IH2008,2020-07-09 09:30:15.200,3400.8000,6981,-1,67467060.000,1,0,1,双平,S,3399.4000,3398.4000,3398.2000,3398.0000,3394.8000,3400.2000,3401.0000,3401.2000,3402.0000,3404.4000,1,3,1,1,1,1,1,7,4,2
SF,IH2008,2020-07-09 09:30:15.700,3400.2000,6980,-1,69506940.000,2,0,2,多平,S,3400.2000,3398.4000,3398.2000,3398.0000,3394.8000,3401.0000,3401.2000,3402.0000,3404.4000,3405.2000,1,1,1,1,1,1,7,4,2,1
SF,IH2008,2020-07-09 09:30:16.200,3400.2000,6979,-1,70527000.000,1,0,1,双平,S,3398.2000,3397.4000,3394.8000,3393.6000,3391.6000,3401.2000,3402.0000,3404.4000,3405.2000,3409.6000,1,1,1,1,1,7,4,2,1,2
SF,IH2008,2020-07-09 09:30:16.700,3400.2000,6979,0,70527000.000,0,-,-,-,-,3398.4000,3394.8000,3393.6000,3391.6000,3391.2000,3401.0000,3401.2000,3402.0000,3404.4000,3405.2000,1,1,1,1,1,1,7,4,2,1
SF,IH2008,2020-07-09 09:30:17.200,3400.2000,6979,0,70527000.000,0,-,-,-,-,3398.4000,3393.6000,3391.6000,3391.2000,3391.0000,3401.0000,3401.2000,3402.0000,3404.4000,3405.2000,1,1,1,1,1,1,7,4,2,1
SF,IH2008,2020-07-09 09:30:17.700,3400.6000,6976,-3,73586280.000,3,0,3,双平,S,3391.6000,3391.2000,3391.0000,3388.6000,3382.0000,3401.2000,3404.4000,3405.2000,3409.6000,3412.6000,1,1,1,1,8,7,1,1,2,1
SF,IH2008,2020-07-09 09:30:18.200,3400.6000,6976,0,73586280.000,0,-,-,-,-,3395.4000,3394.8000,3393.4000,3392.6000,3392.4000,3400.2000,3401.0000,3401.2000,3404.4000,3405.2000,1,3,1,1,2,1,1,7,1,1
SF,IH2008,2020-07-09 09:30:18.700,3400.6000,6976,0,73586280.000,0,-,-,-,-,3395.8000,3395.6000,3394.8000,3393.4000,3392.4000,3400.0000,3400.2000,3401.2000,3404.4000,3409.6000,1,2,3,1,2,2,1,7,1,2
SF,IH2008,2020-07-09 09:30:19.200,3400.6000,6976,0,73586280.000,0,-,-,-,-,3396.0000,3395.8000,3395.6000,3394.8000,3393.4000,3400.0000,3400.2000,3401.2000,3404.4000,3409.6000,2,1,1,1,1,2,1,7,1,2
SF,IH2008,2020-07-09 09:30:19.700,3400.6000,6976,0,73586280.000,0,-,-,-,-,3396.2000,3396.0000,3395.6000,3394.8000,3393.4000,3399.6000,3399.8000,3400.0000,3400.2000,3401.2000,2,2,1,1,1,1,1,1,1,7
SF,IH2008,2020-07-09 09:30:20.200,3400.2000,6976,0,74606340.000,1,0,1,多换,S,3396.4000,3396.2000,3396.0000,3394.8000,3393.4000,3399.4000,3399.6000,3399.8000,3400.2000,3401.2000,1,2,1,1,1,1,1,1,1,7
SF,IH2008,2020-07-09 09:30:20.700,3400.2000,6976,0,74606340.000,0,-,-,-,-,3396.6000,3396.4000,3394.8000,3391.8000,3391.6000,3399.0000,3399.4000,3399.6000,3399.8000,3400.2000,1,1,1,1,1,1,1,1,1,1
SF,IH2008,2020-07-09 09:30:21.200,3396.6000,6975,-1,75625320.000,1,0,1,双平,S,3396.4000,3394.8000,3391.8000,3391.6000,3391.0000,3398.8000,3399.0000,3399.6000,3399.8000,3400.2000,1,1,1,1,1,2,1,1,1,1
SF,IH2008,2020-07-09 09:30:21.700,3396.6000,6975,0,75625320.000,0,-,-,-,-,3396.6000,3396.4000,3394.8000,3391.6000,3391.0000,3398.8000,3399.0000,3399.6000,3399.8000,3400.2000,2,1,1,1,1,2,1,1,1,1
SF,IH2008,2020-07-09 09:30:22.200,3396.6000,6975,0,76644300.000,1,0,1,多换,S,3396.6000,3396.4000,3394.8000,3391.6000,3391.0000,3398.4000,3398.6000,3398.8000,3399.6000,3400.2000,1,1,1,1,1,1,1,2,1,1
SF,IH2008,2020-07-09 09:30:22.700,3396.6000,6974,-1,77663280.000,1,0,1,双平,S,3394.8000,3391.6000,3391.0000,3388.6000,3382.0000,3398.4000,3398.6000,3398.8000,3399.6000,3400.2000,1,1,1,1,8,1,1,1,1,1
SF,IH2008,2020-07-09 09:30:23.200,3396.6000,6974,0,77663280.000,0,-,-,-,-,3395.0000,3391.6000,3391.0000,3388.6000,3382.0000,3398.2000,3398.4000,3399.6000,3400.2000,3401.2000,3,1,1,1,8,1,2,1,1,7
SF,IH2008,2020-07-09 09:30:23.700,3396.6000,6974,0,77663280.000,0,-,-,-,-,3395.0000,3391.6000,3391.0000,3388.6000,3382.0000,3398.0000,3398.4000,3399.6000,3400.2000,3401.2000,2,1,1,1,8,1,1,1,1,7
SF,IH2008,2020-07-09 09:30:24.200,3396.6000,6974,0,77663280.000,0,-,-,-,-,3395.0000,3391.6000,3391.0000,3388.6000,3382.0000,3396.6000,3397.2000,3397.8000,3398.0000,3398.4000,1,1,1,1,8,1,1,1,1,1
SF,IH2008,2020-07-09 09:30:24.700,3396.6000,6970,-4,81739200.000,4,0,4,双平,S,3391.6000,3391.0000,3388.6000,3382.0000,3381.0000,3396.6000,3397.2000,3397.4000,3397.8000,3398.0000,1,1,1,8,20,1,1,1,1,1
SF,IH2008,2020-07-09 09:30:25.200,3396.6000,6971,1,82758180.000,1,1,0,双开,S,3393.4000,3392.6000,3392.0000,3391.8000,3391.6000,3401.2000,3409.6000,3409.8000,3412.6000,3418.0000,1,1,1,6,1,7,2,1,1,1
SF,IH2008,2020-07-09 09:30:25.700,3396.6000,6971,0,82758180.000,0,-,-,-,-,3393.8000,3393.6000,3392.6000,3391.8000,3391.6000,3397.0000,3399.0000,3400.2000,3400.8000,3401.0000,1,2,1,3,1,1,1,6,1,4
SF,IH2008,2020-07-09 09:30:26.200,3396.6000,6971,0,82758180.000,0,-,-,-,-,3394.0000,3392.6000,3391.8000,3391.6000,3391.0000,3397.0000,3400.0000,3400.2000,3400.8000,3401.0000,2,1,1,1,1,1,5,7,1,2
SF,IH2008,2020-07-09 09:30:26.700,3396.6000,6971,0,82758180.000,0,-,-,-,-,3394.2000,3394.0000,3393.4000,3392.6000,3391.8000,3398.6000,3400.0000,3400.2000,3400.8000,3401.0000,1,2,1,1,1,1,5,7,1,2
SF,IH2008,2020-07-09 09:30:27.200,3398.6000,6970,-1,83777760.000,1,0,1,双平,S,3394.4000,3394.2000,3393.4000,3392.6000,3391.6000,3400.0000,3400.2000,3400.8000,3401.0000,3401.2000,2,1,1,1,1,5,7,1,7,7
SF,IH2008,2020-07-09 09:30:27.700,3399.4000,6970,0,84797580.000,1,0,1,多换,S,3394.4000,3394.2000,3393.4000,3392.6000,3391.6000,3399.6000,3399.8000,3400.0000,3400.2000,3401.0000,3,1,1,1,1,1,2,5,5,2
SF,IH2008,2020-07-09 09:30:28.200,3394.6000,6969,-1,85815960.000,1,0,1,双平,S,3394.6000,3394.4000,3394.2000,3393.8000,3393.4000,3399.4000,3399.6000,3399.8000,3400.0000,3400.2000,2,3,1,1,1,1,1,1,5,4
SF,IH2008,2020-07-09 09:30:28.700,3394.6000,6969,0,85815960.000,0,-,-,-,-,3394.8000,3394.6000,3394.2000,3393.8000,3393.4000,3399.4000,3399.8000,3400.0000,3400.2000,3401.0000,5,2,1,1,1,1,1,5,4,1
SF,IH2008,2020-07-09 09:30:29.200,3394.6000,6969,0,85815960.000,0,-,-,-,-,3394.8000,3394.6000,3394.2000,3393.8000,3393.4000,3399.4000,3399.8000,3400.0000,3400.2000,3401.0000,4,1,1,1,1,1,1,5,4,1
SF,IH2008,2020-07-09 09:30:29.700,3394.6000,6969,0,85815960.000,0,-,-,-,-,3394.8000,3394.4000,3394.2000,3393.8000,3393.4000,3398.8000,3399.2000,3399.4000,3399.8000,3400.0000,4,1,1,1,1,1,1,1,1,5
SF,IH2008,2020-07-09 09:30:30.200,3394.6000,6969,0,85815960.000,0,-,-,-,-,3395.0000,3394.8000,3394.6000,3394.4000,3393.4000,3398.6000,3398.8000,3399.2000,3399.8000,3400.0000,1,4,1,1,1,1,1,1,1,5
SF,IH2008,2020-07-09 09:30:30.700,3394.6000,6969,0,85815960.000,0,-,-,-,-,3395.2000,3394.8000,3394.6000,3394.4000,3393.4000,3398.0000,3398.4000,3398.6000,3398.8000,3399.8000,1,1,1,2,1,1,1,1,1,1
SF,IH2008,2020-07-09 09:30:31.200,3397.8000,6968,-1,86835300.000,1,0,1,双平,S,3395.2000,3394.6000,3394.4000,3393.4000,3393.0000,3397.6000,3397.8000,3398.0000,3398.4000,3399.8000,1,1,2,1,1,1,1,1,1,1
SF,IH2008,2020-07-09 09:30:31.700,3397.8000,6967,-1,87854640.000,1,0,1,双平,S,3395.2000,3394.6000,3394.4000,3393.4000,3393.0000,3397.4000,3397.6000,3398.0000,3399.8000,3400.0000,1,1,2,1,1,1,1,1,1,5
SF,IH2008,2020-07-09 09:30:32.200,3397.8000,6967,0,87854640.000,0,-,-,-,-,3394.6000,3394.4000,3393.4000,3393.0000,3392.6000,3397.4000,3397.6000,3398.0000,3399.8000,3400.0000,1,2,1,1,1,1,1,1,1,5
SF,IH2008,2020-07-09 09:30:32.700,3397.8000,6967,0,87854640.000,0,-,-,-,-,3394.8000,3394.6000,3394.4000,3393.4000,3393.0000,3397.0000,3397.4000,3397.6000,3399.8000,3400.0000,1,1,2,1,1,1,1,1,1,5
SF,IH2008,2020-07-09 09:30:33.200,3397.8000,6967,0,87854640.000,0,-,-,-,-,3394.6000,3394.4000,3393.4000,3393.0000,3392.6000,3396.8000,3397.0000,3397.6000,3399.8000,3400.0000,1,2,1,1,1,1,2,1,1,5
SF,IH2008,2020-07-09 09:30:33.700,3394.6000,6967,0,88873020.000,1,0,1,多换,S,3394.4000,3393.4000,3393.0000,3392.6000,3391.0000,3396.8000,3397.0000,3397.6000,3399.8000,3400.0000,2,1,1,1,1,1,2,1,1,5
SF,IH2008,2020-07-09 09:30:34.200,3394.6000,6967,0,88873020.000,0,-,-,-,-,3394.4000,3393.4000,3393.0000,3392.6000,3391.0000,3396.8000,3397.0000,3397.6000,3399.8000,3400.0000,2,1,1,1,1,1,2,1,1,5
SF,IH2008,2020-07-09 09:30:34.700,3396.6000,6967,0,89892000.000,1,0,1,多换,S,3394.4000,3393.4000,3393.0000,3392.6000,3391.0000,3396.6000,3396.8000,3397.0000,3397.6000,3399.8000,2,1,1,1,1,2,1,1,1,1
SF,IH2008,2020-07-09 09:30:35.200,3396.6000,6967,0,89892000.000,0,-,-,-,-,3394.4000,3393.4000,3393.0000,3392.6000,3392.4000,3396.4000,3396.6000,3397.0000,3397.6000,3400.0000,2,1,1,1,1,1,1,1,1,5
SF,IH2008,2020-07-09 09:30:35.700,3396.6000,6967,0,89892000.000,0,-,-,-,-,3394.4000,3393.4000,3393.0000,3392.6000,3392.4000,3396.2000,3396.4000,3396.6000,3397.6000,3400.0000,2,1,1,1,1,1,1,1,1,5
SF,IH2008,2020-07-09 09:30:36.200,3396.6000,6967,0,89892000.000,0,-,-,-,-,3394.4000,3393.4000,3393.0000,3392.6000,3392.4000,3396.2000,3396.4000,3396.6000,3397.6000,3400.0000,2,1,1,1,1,1,1,1,1,5
SF,IH2008,2020-07-09 09:30:36.700,3396.6000,6967,0,89892000.000,0,-,-,-,-,3394.4000,3393.4000,3393.0000,3392.6000,3392.4000,3396.2000,3396.4000,3397.6000,3400.0000,3400.2000,2,1,1,1,1,1,1,1,5,4
SF,IH2008,2020-07-09 09:30:37.200,3396.6000,6966,-1,90910980.000,1,0,1,双平,S,3394.4000,3393.4000,3393.0000,3392.6000,3392.4000,3396.2000,3396.4000,3397.6000,3400.0000,3400.2000,2,1,1,1,1,1,1,1,5,4
SF,IH2008,2020-07-09 09:30:37.700,3396.6000,6966,0,90910980.000,0,-,-,-,-,3394.4000,3393.4000,3393.0000,3392.6000,3392.4000,3396.0000,3396.2000,3396.4000,3397.6000,3400.0000,2,1,1,1,1,1,1,1,1,5
SF,IH2008,2020-07-09 09:30:38.200,3396.6000,6966,0,90910980.000,0,-,-,-,-,3394.4000,3393.4000,3393.0000,3392.6000,3392.4000,3400.0000,3400.2000,3401.0000,3401.2000,3404.8000,2,1,1,1,1,5,4,1,7,5
SF,IH2008,2020-07-09 09:30:38.700,3396.6000,6966,0,90910980.000,0,-,-,-,-,3396.8000,3394.6000,3394.4000,3393.4000,3393.0000,3397.8000,3398.4000,3399.0000,3399.4000,3399.6000,6,2,2,1,1,1,2,3,1,2
SF,IH2008,2020-07-09 09:30:39.200,3396.8000,6960,-6,97025220.000,6,0,6,双平,S,3394.6000,3394.4000,3393.4000,3393.0000,3392.6000,3396.8000,3398.4000,3399.0000,3399.4000,3399.6000,1,2,1,1,1,2,2,3,1,1
SF,IH2008,2020-07-09 09:30:39.700,3396.8000,6959,-1,98044260.000,1,0,1,双平,S,3394.8000,3394.4000,3393.4000,3393.0000,3392.6000,3399.0000,3399.6000,3399.8000,3400.0000,3400.2000,1,2,1,1,1,3,1,1,5,4
SF,IH2008,2020-07-09 09:30:40.200,3396.8000,6959,0,98044260.000,0,-,-,-,-,3395.0000,3394.8000,3394.4000,3393.4000,3393.0000,3399.8000,3400.0000,3400.2000,3401.2000,3404.8000,2,1,2,1,1,1,5,4,7,5
SF,IH2008,2020-07-09 09:30:40.700,3396.8000,6959,0,98044260.000,0,-,-,-,-,3395.4000,3395.2000,3395.0000,3394.8000,3394.4000,3399.4000,3399.6000,3399.8000,3400.0000,3400.2000,1,1,2,1,2,1,4,1,5,4
SF,IH2008,2020-07-09 09:30:41.200,3396.8000,6959,0,98044260.000,0,-,-,-,-,3395.6000,3395.4000,3395.2000,3394.8000,3394.4000,3399.4000,3399.6000,3400.0000,3400.2000,3401.2000,2,1,1,1,2,1,2,5,4,7
SF,IH2008,2020-07-09 09:30:41.700,3396.8000,6959,0,98044260.000,0,-,-,-,-,3395.6000,3395.4000,3395.2000,3394.8000,3394.4000,3399.4000,3399.6000,3400.0000,3400.2000,3401.2000,2,1,1,1,2,1,1,5,4,7
SF,IH2008,2020-07-09 09:30:42.200,3399.4000,6958,-1,99064080.000,1,0,1,双平,S,3395.8000,3395.6000,3395.2000,3394.8000,3394.4000,3400.0000,3400.2000,3401.2000,3404.8000,3409.8000,3,2,1,1,2,5,4,7,5,1
SF,IH2008,2020-07-09 09:30:42.700,3400.0000,6956,-2,101104080.000,2,0,2,双平,S,3396.0000,3395.8000,3395.2000,3394.8000,3394.4000,3400.0000,3400.2000,3401.2000,3404.8000,3409.8000,2,4,1,1,2,3,4,7,5,1
SF,IH2008,2020-07-09 09:30:43.200,3401.2000,6949,-7,111305400.000,10,1,9,多平,S,3396.8000,3396.6000,3396.4000,3396.0000,3395.8000,3401.2000,3404.8000,3409.8000,3422.0000,3427.0000,1,1,1,2,3,4,5,1,1,1
SF,IH2008,2020-07-09 09:30:43.700,3401.2000,6948,-1,112325760.000,1,0,1,双平,S,3397.2000,3397.0000,3396.8000,3396.6000,3395.8000,3401.2000,3408.6000,3409.8000,3422.0000,3427.0000,1,3,1,1,2,4,5,1,1,1
SF,IH2008,2020-07-09 09:30:44.200,3401.2000,6948,0,114366480.000,2,1,1,多换,S,3397.4000,3397.2000,3397.0000,3396.8000,3396.6000,3401.2000,3408.6000,3409.8000,3422.0000,3427.0000,3,1,1,1,1,2,5,1,1,1
SF,IH2008,2020-07-09 09:30:44.700,3401.2000,6948,0,116407200.000,2,1,1,多换,S,3398.4000,3397.8000,3397.6000,3397.4000,3396.8000,3408.6000,3409.8000,3422.0000,3427.0000,3431.8000,1,1,2,2,1,5,1,1,1,1
SF,IH2008,2020-07-09 09:30:45.200,3401.2000,6948,0,116407200.000,0,-,-,-,-,3398.8000,3398.6000,3398.4000,3397.6000,3397.4000,3403.8000,3405.0000,3405.2000,3405.6000,3406.2000,1,2,1,1,1,1,1,2,1,1
SF,IH2008,2020-07-09 09:30:45.700,3401.2000,6948,0,116407200.000,0,-,-,-,-,3399.0000,3398.8000,3398.4000,3397.4000,3396.8000,3403.8000,3405.0000,3405.2000,3405.6000,3406.2000,3,2,1,1,1,1,1,2,1,1
SF,IH2008,2020-07-09 09:30:46.200,3401.2000,6948,0,116407200.000,0,-,-,-,-,3399.4000,3399.2000,3399.0000,3398.4000,3397.4000,3403.4000,3403.8000,3405.0000,3405.2000,3405.6000,1,1,3,1,1,1,1,2,2,1
SF,IH2008,2020-07-09 09:30:46.700,3401.2000,6948,0,116407200.000,0,-,-,-,-,3399.6000,3399.2000,3398.4000,3397.4000,3396.8000,3403.4000,3403.8000,3405.0000,3405.2000,3405.6000,4,1,1,1,1,1,1,2,2,1
SF,IH2008,2020-07-09 09:30:47.200,3399.6000,6947,-1,117427080.000,1,0,1,双平,S,3399.6000,3399.2000,3398.4000,3397.4000,3396.8000,3403.2000,3403.4000,3403.8000,3405.0000,3405.2000,3,1,1,1,1,1,1,1,2,2
SF,IH2008,2020-07-09 09:30:47.700,3399.6000,6947,0,117427080.000,0,-,-,-,-,3399.6000,3399.2000,3398.4000,3397.4000,3396.8000,3403.2000,3403.8000,3405.0000,3405.2000,3405.6000,3,1,1,1,1,1,1,2,2,1
SF,IH2008,2020-07-09 09:30:48.200,3399.6000,6947,0,117427080.000,0,-,-,-,-,3399.6000,3398.4000,3396.8000,3395.4000,3394.4000,3402.6000,3403.0000,3403.2000,3403.8000,3405.0000,3,1,1,6,2,1,1,1,1,2
SF,IH2008,2020-07-09 09:30:48.700,3399.6000,6947,0,117427080.000,0,-,-,-,-,3399.6000,3398.4000,3396.8000,3395.4000,3394.4000,3402.4000,3402.6000,3403.0000,3403.8000,3405.0000,3,1,1,6,2,1,1,1,1,2
SF,IH2008,2020-07-09 09:30:49.200,3399.6000,6946,-1,118446960.000,1,0,1,双平,S,3399.6000,3398.4000,3396.8000,3395.4000,3394.4000,3402.6000,3403.0000,3403.8000,3405.0000,3405.2000,3,1,1,6,2,1,1,1,2,2
SF,IH2008,2020-07-09 09:30:49.700,3399.6000,6946,0,118446960.000,0,-,-,-,-,3399.6000,3398.4000,3396.8000,3395.4000,3394.4000,3405.0000,3405.2000,3405.6000,3406.2000,3408.2000,3,1,1,6,2,2,2,1,1,1
SF,IH2008,2020-07-09 09:30:50.200,3399.6000,6946,0,118446960.000,0,-,-,-,-,3399.6000,3398.4000,3396.8000,3395.4000,3394.4000,3404.4000,3404.6000,3404.8000,3405.0000,3405.2000,2,1,1,6,2,1,1,3,2,2
SF,IH2008,2020-07-09 09:30:50.700,3399.6000,6946,0,118446960.000,0,-,-,-,-,3399.8000,3399.6000,3398.4000,3396.8000,3395.4000,3404.2000,3404.8000,3405.0000,3405.6000,3406.2000,1,2,1,1,6,1,1,1,1,1
SF,IH2008,2020-07-09 09:30:51.200,3399.6000,6946,0,118446960.000,0,-,-,-,-,3400.2000,3400.0000,3399.8000,3396.8000,3395.4000,3404.2000,3405.0000,3405.6000,3406.2000,3408.6000,1,3,1,1,6,1,1,1,1,7
SF,IH2008,2020-07-09 09:30:51.700,3399.6000,6946,0,118446960.000,0,-,-,-,-,3400.4000,3400.2000,3400.0000,3399.8000,3396.8000,3404.2000,3405.0000,3405.6000,3406.2000,3408.6000,1,1,3,1,1,1,1,1,1,7
SF,IH2008,2020-07-09 09:30:52.200,3399.6000,6946,0,118446960.000,0,-,-,-,-,3400.6000,3400.4000,3400.2000,3400.0000,3396.8000,3404.2000,3405.0000,3405.6000,3406.2000,3408.6000,2,1,1,3,1,1,1,1,1,7
SF,IH2008,2020-07-09 09:30:52.700,3399.6000,6946,0,118446960.000,0,-,-,-,-,3400.8000,3400.6000,3400.2000,3400.0000,3396.8000,3404.2000,3405.0000,3405.6000,3406.2000,3408.6000,2,1,1,4,1,1,1,1,1,7
SF,IH2008,2020-07-09 09:30:53.200,3399.6000,6946,0,118446960.000,0,-,-,-,-,3400.8000,3400.6000,3400.2000,3400.0000,3396.8000,3404.2000,3405.0000,3405.6000,3406.2000,3408.6000,1,1,1,4,1,1,1,1,1,7
SF,IH2008,2020-07-09 09:30:53.700,3404.2000,6946,0,119468220.000,1,0,1,多换,S,3400.8000,3400.6000,3400.2000,3400.0000,3396.8000,3405.0000,3405.6000,3406.2000,3408.6000,3409.8000,1,1,1,3,1,1,1,1,7,1
SF,IH2008,2020-07-09 09:30:54.200,3404.2000,6946,0,119468220.000,0,-,-,-,-,3401.0000,3400.8000,3400.6000,3400.2000,3400.0000,3405.0000,3408.6000,3409.8000,3422.0000,3427.0000,3,1,1,1,2,1,7,1,1,1
SF,IH2008,2020-07-09 09:30:54.700,3404.2000,6946,0,119468220.000,0,-,-,-,-,3401.2000,3401.0000,3400.6000,3400.2000,3400.0000,3405.0000,3408.6000,3409.8000,3422.0000,3427.0000,1,4,1,1,2,1,7,1,1,1
SF,IH2008,2020-07-09 09:30:55.200,3404.2000,6946,0,119468220.000,0,-,-,-,-,3401.4000,3401.2000,3401.0000,3400.6000,3400.2000,3405.0000,3408.6000,3409.8000,3422.0000,3427.0000,1,1,3,1,1,1,7,1,1,1
SF,IH2008,2020-07-09 09:30:55.700,3404.2000,6946,0,119468220.000,0,-,-,-,-,3401.6000,3401.4000,3401.0000,3400.6000,3400.2000,3404.8000,3405.0000,3408.6000,3409.8000,3422.0000,1,1,3,1,1,1,1,7,1,1
SF,IH2008,2020-07-09 09:30:56.200,3404.2000,6946,0,119468220.000,0,-,-,-,-,3401.8000,3401.6000,3401.0000,3400.6000,3400.2000,3404.8000,3405.0000,3408.6000,3409.8000,3422.0000,1,1,3,1,1,1,1,7,1,1
SF,IH2008,2020-07-09 09:30:56.700,3404.2000,6946,0,119468220.000,0,-,-,-,-,3402.0000,3401.8000,3401.0000,3400.6000,3400.2000,3404.8000,3405.0000,3408.6000,3409.8000,3422.0000,1,1,3,1,1,1,1,7,1,1
SF,IH2008,2020-07-09 09:30:57.200,3404.8000,6945,-1,120489660.000,1,0,1,双平,S,3402.2000,3402.0000,3401.0000,3400.6000,3400.2000,3405.0000,3408.6000,3409.8000,3422.0000,3427.0000,1,1,3,1,1,1,7,1,1,1
SF,IH2008,2020-07-09 09:30:57.700,3405.0000,6944,-1,121511160.000,1,0,1,双平,S,3404.8000,3402.4000,3402.2000,3401.0000,3400.6000,3408.6000,3409.8000,3422.0000,3427.0000,3431.8000,1,1,1,3,1,7,1,1,1,1
SF,IH2008,2020-07-09 09:30:58.200,3405.0000,6943,-1,122532660.000,1,0,1,双平,S,3404.8000,3402.2000,3401.0000,3400.6000,3400.2000,3406.2000,3407.6000,3408.2000,3408.4000,3408.6000,1,1,3,1,1,1,3,1,5,1
SF,IH2008,2020-07-09 09:30:58.700,3404.8000,6943,0,123554100.000,1,0,1,多换,S,3402.2000,3401.0000,3400.6000,3400.2000,3400.0000,3407.6000,3408.2000,3408.4000,3409.8000,3412.4000,1,3,1,1,1,3,1,1,1,5
SF,IH2008,2020-07-09 09:30:59.200,3404.8000,6943,0,123554100.000,0,-,-,-,-,3402.4000,3402.2000,3401.0000,3400.6000,3400.2000,3407.4000,3409.8000,3412.4000,3422.0000,3427.0000,3,1,2,1,1,2,1,5,1,1
SF,IH2008,2020-07-09 09:30:59.700,3404.8000,6943,0,123554100.000,0,-,-,-,-,3402.6000,3402.4000,3401.0000,3400.6000,3400.2000,3409.8000,3412.4000,3422.0000,3427.0000,3431.8000,2,3,1,1,1,1,5,1,1,1
SF,IH2008,2020-07-09 09:31:00.200,3404.8000,6943,0,123554100.000,0,-,-,-,-,3402.8000,3402.6000,3401.0000,3400.6000,3400.2000,3406.8000,3408.2000,3409.2000,3409.4000,3409.6000,1,2,1,1,1,1,3,2,1,3
SF,IH2008,2020-07-09 09:31:00.700,3406.8000,6944,1,124576140.000,1,1,0,双开,S,3403.0000,3402.8000,3402.6000,3401.0000,3400.2000,3408.2000,3409.2000,3409.4000,3409.6000,3409.8000,1,1,1,1,1,3,2,1,1,2
SF,IH2008,2020-07-09 09:31:01.200,3406.8000,6944,0,124576140.000,0,-,-,-,-,3403.0000,3402.6000,3400.2000,3400.0000,3396.8000,3407.8000,3408.0000,3408.2000,3409.2000,3409.6000,1,1,1,1,1,1,4,3,2,1
SF,IH2008,2020-07-09 09:31:01.700,3406.8000,6944,0,124576140.000,0,-,-,-,-,3403.2000,3403.0000,3400.2000,3400.0000,3396.8000,3407.6000,3407.8000,3408.0000,3408.2000,3409.2000,3,1,1,1,1,2,1,1,3,2
SF,IH2008,2020-07-09 09:31:02.200,3406.8000,6944,0,124576140.000,0,-,-,-,-,3403.8000,3403.4000,3403.2000,3400.2000,3400.0000,3407.2000,3407.6000,3409.2000,3409.6000,3409.8000,1,1,2,1,1,1,1,2,1,2
SF,IH2008,2020-07-09 09:31:02.700,3406.8000,6944,0,124576140.000,0,-,-,-,-,3404.0000,3403.8000,3403.2000,3400.2000,3400.0000,3409.2000,3409.6000,3409.8000,3412.4000,3422.0000,3,1,1,1,1,2,1,2,5,1
SF,IH2008,2020-07-09 09:31:03.200,3406.8000,6944,0,124576140.000,0,-,-,-,-,3404.0000,3403.2000,3400.2000,3400.0000,3396.8000,3408.4000,3408.8000,3409.0000,3409.2000,3409.6000,2,1,1,1,1,3,1,2,4,1
SF,IH2008,2020-07-09 09:31:03.700,3406.8000,6944,0,124576140.000,0,-,-,-,-,3404.0000,3403.2000,3400.2000,3400.0000,3396.8000,3408.0000,3408.2000,3408.4000,3409.0000,3409.2000,1,1,1,1,1,1,3,4,1,2
SF,IH2008,2020-07-09 09:31:04.200,3406.8000,6944,0,124576140.000,0,-,-,-,-,3400.0000,3396.8000,3395.4000,3395.0000,3394.4000,3407.8000,3408.0000,3408.2000,3408.4000,3409.2000,1,1,6,1,1,3,2,2,3,2
SF,IH2008,2020-07-09 09:31:04.700,3406.8000,6944,0,124576140.000,0,-,-,-,-,3402.6000,3400.4000,3400.2000,3400.0000,3396.8000,3407.4000,3407.8000,3408.2000,3408.4000,3409.2000,1,2,7,1,1,2,3,1,3,2
SF,IH2008,2020-07-09 09:31:05.200,3406.8000,6944,0,124576140.000,0,-,-,-,-,3402.8000,3400.4000,3400.2000,3400.0000,3396.8000,3407.2000,3407.4000,3408.2000,3408.4000,3409.2000,2,2,2,1,1,2,2,1,3,2
SF,IH2008,2020-07-09 09:31:05.700,3406.8000,6944,0,124576140.000,0,-,-,-,-,3403.0000,3402.8000,3400.4000,3400.2000,3400.0000,3406.8000,3407.0000,3407.2000,3408.2000,3408.4000,1,2,2,1,1,1,2,2,1,3
SF,IH2008,2020-07-09 09:31:06.200,3406.8000,6944,0,125598180.000,1,0,1,多换,S,3403.2000,3403.0000,3402.8000,3400.4000,3400.2000,3406.6000,3406.8000,3407.0000,3408.2000,3408.4000,1,1,1,2,1,2,2,1,1,3
SF,IH2008,2020-07-09 09:31:06.700,3406.8000,6944,0,125598180.000,0,-,-,-,-,3403.2000,3403.0000,3402.8000,3400.4000,3400.2000,3406.2000,3406.4000,3406.6000,3407.0000,3408.2000,1,1,1,2,1,2,2,2,1,1
SF,IH2008,2020-07-09 09:31:07.200,3406.8000,6944,0,125598180.000,0,-,-,-,-,3403.4000,3403.0000,3402.8000,3400.4000,3400.2000,3405.6000,3406.0000,3406.2000,3407.0000,3408.2000,1,1,1,2,1,1,4,2,1,1
SF,IH2008,2020-07-09 09:31:07.700,3402.8000,6941,-3,128660940.000,3,0,3,双平,S,3400.4000,3400.2000,3400.0000,3396.8000,3395.4000,3403.4000,3405.4000,3405.6000,3406.0000,3406.2000,2,1,1,1,6,1,1,2,3,1
SF,IH2008,2020-07-09 09:31:08.200,3403.4000,6940,-1,129681960.000,1,0,1,双平,S,3401.4000,3400.6000,3400.2000,3400.0000,3396.8000,3403.2000,3405.6000,3406.0000,3406.2000,3407.0000,1,2,1,1,1,1,2,2,1,1
SF,IH2008,2020-07-09 09:31:08.700,3403.4000,6940,0,129681960.000,0,-,-,-,-,3401.6000,3400.6000,3400.2000,3400.0000,3396.8000,3405.6000,3406.0000,3406.2000,3407.0000,3408.4000,1,1,1,1,1,2,2,1,1,3
SF,IH2008,2020-07-09 09:31:09.200,3403.4000,6940,0,129681960.000,0,-,-,-,-,3400.6000,3400.0000,3396.8000,3395.4000,3395.0000,3405.2000,3405.4000,3405.6000,3406.2000,3407.0000,1,1,1,6,1,1,4,2,1,1
SF,IH2008,2020-07-09 09:31:09.700,3403.4000,6940,0,129681960.000,0,-,-,-,-,3400.8000,3400.0000,3396.8000,3395.4000,3395.0000,3404.6000,3405.0000,3405.2000,3405.4000,3405.6000,1,1,1,6,1,1,1,1,2,1
SF,IH2008,2020-07-09 09:31:10.200,3403.4000,6940,0,129681960.000,0,-,-,-,-,3400.0000,3396.8000,3395.4000,3395.0000,3394.4000,3404.4000,3404.6000,3405.4000,3405.6000,3406.2000,1,1,6,1,1,3,2,1,1,1
SF,IH2008,2020-07-09 09:31:10.700,3403.4000,6940,0,129681960.000,0,-,-,-,-,3402.8000,3400.2000,3400.0000,3396.8000,3395.4000,3403.6000,3404.0000,3404.4000,3404.6000,3405.4000,1,1,1,1,6,1,1,3,1,1
SF,IH2008,2020-07-09 09:31:11.200,3402.8000,6940,0,130702800.000,1,0,1,多换,S,3400.0000,3396.8000,3395.4000,3395.0000,3394.4000,3402.2000,3402.8000,3403.2000,3403.6000,3404.0000,1,1,6,1,1,1,2,1,1,1
SF,IH2008,2020-07-09 09:31:11.700,3402.2000,6939,-1,131723460.000,1,0,1,双平,S,3400.2000,3400.0000,3396.8000,3396.6000,3395.4000,3403.2000,3403.6000,3404.0000,3405.4000,3405.6000,1,1,1,1,6,1,1,1,1,1
SF,IH2008,2020-07-09 09:31:12.200,3402.2000,6939,0,131723460.000,0,-,-,-,-,3400.4000,3400.2000,3400.0000,3396.8000,3396.6000,3403.6000,3405.4000,3405.6000,3406.2000,3409.6000,1,1,1,1,1,1,1,1,1,1
SF,IH2008,2020-07-09 09:31:12.700,3402.2000,6939,0,131723460.000,0,-,-,-,-,3400.6000,3400.4000,3400.0000,3396.8000,3396.6000,3403.6000,3405.4000,3405.6000,3406.2000,3409.6000,1,1,1,1,1,1,1,1,1,1
SF,IH2008,2020-07-09 09:31:13.200,3402.2000,6939,0,131723460.000,0,-,-,-,-,3400.8000,3400.6000,3400.0000,3396.8000,3395.4000,3403.6000,3405.4000,3405.6000,3406.2000,3409.6000,1,1,1,1,6,1,1,1,1,1
SF,IH2008,2020-07-09 09:31:13.700,3402.2000,6939,0,131723460.000,0,-,-,-,-,3401.0000,3400.8000,3400.0000,3396.8000,3395.4000,3403.6000,3405.4000,3405.6000,3406.2000,3409.6000,1,1,1,1,6,1,1,1,1,1
SF,IH2008,2020-07-09 09:31:14.200,3402.2000,6939,0,131723460.000,0,-,-,-,-,3401.2000,3401.0000,3400.8000,3400.0000,3396.8000,3403.4000,3403.6000,3405.4000,3405.6000,3406.2000,1,1,1,1,1,1,1,1,1,1
SF,IH2008,2020-07-09 09:31:14.700,3401.2000,6938,-1,132743820.000,1,0,1,双平,S,3401.0000,3400.8000,3400.0000,3396.8000,3395.4000,3403.4000,3403.6000,3405.4000,3405.6000,3406.2000,1,1,1,1,6,1,1,1,1,1
SF,IH2008,2020-07-09 09:31:15.200,3401.2000,6938,0,132743820.000,0,-,-,-,-,3401.0000,3400.0000,3396.8000,3395.4000,3395.0000,3403.4000,3403.6000,3405.4000,3405.6000,3406.2000,1,1,1,6,1,1,1,1,1,1
SF,IH2008,2020-07-09 09:31:15.700,3403.6000,6936,-2,134785920.000,2,0,2,双平,S,3401.0000,3400.0000,3396.8000,3395.4000,3395.0000,3404.8000,3405.4000,3405.6000,3406.2000,3409.6000,1,1,1,6,1,5,1,1,1,1
SF,IH2008,2020-07-09 09:31:16.200,3403.6000,6936,0,134785920.000,0,-,-,-,-,3403.4000,3401.0000,3400.0000,3396.8000,3395.4000,3404.4000,3404.6000,3405.4000,3405.6000,3406.2000,2,1,1,1,6,1,2,1,1,1
SF,IH2008,2020-07-09 09:31:16.700,3403.4000,6935,-1,136827960.000,2,0,2,多平,S,3401.2000,3401.0000,3400.0000,3396.8000,3395.4000,3404.6000,3405.4000,3405.6000,3406.2000,3408.6000,1,1,1,1,6,1,1,1,1,5
SF,IH2008,2020-07-09 09:31:17.200,3403.4000,6935,0,136827960.000,0,-,-,-,-,3401.4000,3401.2000,3400.0000,3396.8000,3395.4000,3404.4000,3405.4000,3405.6000,3406.2000,3408.6000,1,1,2,1,6,1,1,1,1,5
SF,IH2008,2020-07-09 09:31:18.200,3403.4000,6935,0,136827960.000,0,-,-,-,-,3402.0000,3401.8000,3401.4000,3401.2000,3400.0000,3404.4000,3406.2000,3408.6000,3409.6000,3409.8000,1,1,2,1,2,1,1,5,1,1
SF,IH2008,2020-07-09 09:31:18.700,3404.4000,6934,-1,137849280.000,1,0,1,双平,S,3402.2000,3401.8000,3401.4000,3401.2000,3400.0000,3406.2000,3408.6000,3409.6000,3409.8000,3422.0000,2,1,1,1,2,1,5,1,1,2
SF,IH2008,2020-07-09 09:31:19.200,3404.4000,6934,0,137849280.000,0,-,-,-,-,3402.4000,3402.2000,3401.8000,3401.4000,3401.2000,3405.6000,3406.0000,3406.2000,3408.6000,3409.6000,1,2,1,1,1,6,1,1,5,1
SF,IH2008,2020-07-09 09:31:19.700,3404.4000,6934,0,137849280.000,0,-,-,-,-,3402.6000,3402.4000,3402.2000,3401.4000,3401.2000,3405.6000,3406.0000,3406.2000,3408.6000,3409.6000,2,1,1,1,1,6,1,1,5,1
SF,IH2008,2020-07-09 09:31:20.200,3404.4000,6934,0,137849280.000,0,-,-,-,-,3402.8000,3402.6000,3402.2000,3401.4000,3401.2000,3405.6000,3408.6000,3409.6000,3409.8000,3422.0000,1,2,1,1,1,6,5,1,1,2
SF,IH2008,2020-07-09 09:31:20.700,3404.4000,6934,0,137849280.000,0,-,-,-,-,3403.0000,3402.8000,3402.2000,3401.4000,3401.2000,3405.6000,3408.6000,3409.6000,3409.8000,3422.0000,1,1,1,1,1,6,5,1,1,2
SF,IH2008,2020-07-09 09:31:21.200,3404.4000,6934,0,137849280.000,0,-,-,-,-,3403.0000,3402.8000,3402.2000,3401.2000,3401.0000,3405.6000,3408.6000,3409.6000,3409.8000,3422.0000,1,1,1,1,1,6,5,1,1,2
SF,IH2008,2020-07-09 09:31:21.700,3404.4000,6934,0,137849280.000,0,-,-,-,-,3403.0000,3402.8000,3402.2000,3401.0000,3400.0000,3405.4000,3405.6000,3408.6000,3409.6000,3409.8000,1,1,1,1,2,3,6,5,1,1
SF,IH2008,2020-07-09 09:31:22.700,3402.8000,6932,-2,139891020.000,2,0,2,双平,S,3402.2000,3401.0000,3400.0000,3396.8000,3395.4000,3402.6000,3405.4000,3405.6000,3408.6000,3409.6000,1,1,2,1,6,2,3,6,5,1
SF,IH2008,2020-07-09 09:31:23.200,3402.2000,6930,-2,141932340.000,2,0,2,双平,S,3401.0000,3400.0000,3396.8000,3395.4000,3395.0000,3405.6000,3408.6000,3409.6000,3409.8000,3422.0000,1,2,1,6,1,6,5,1,1,2
SF,IH2008,2020-07-09 09:31:23.700,3402.2000,6930,0,141932340.000,0,-,-,-,-,3401.0000,3400.0000,3396.8000,3395.4000,3395.0000,3405.4000,3405.6000,3408.6000,3409.6000,3409.8000,1,2,1,6,1,6,7,5,1,1
SF,IH2008,2020-07-09 09:31:24.200,3402.2000,6930,0,141932340.000,0,-,-,-,-,3401.2000,3401.0000,3400.0000,3396.8000,3395.4000,3405.4000,3405.6000,3408.6000,3409.6000,3409.8000,1,1,2,1,6,6,7,5,1,1
SF,IH2008,2020-07-09 09:31:24.700,3402.2000,6930,0,141932340.000,0,-,-,-,-,3402.2000,3401.2000,3401.0000,3400.0000,3396.8000,3405.0000,3405.2000,3405.4000,3405.6000,3408.6000,1,1,1,2,1,1,1,6,7,5
SF,IH2008,2020-07-09 09:31:25.200,3402.2000,6929,-1,142953000.000,1,0,1,双平,S,3401.0000,3400.0000,3396.8000,3395.4000,3395.0000,3404.6000,3404.8000,3405.0000,3405.2000,3405.6000,1,2,1,6,1,4,2,1,1,7
SF,IH2008,2020-07-09 09:31:25.700,3402.2000,6929,0,142953000.000,0,-,-,-,-,3401.2000,3401.0000,3400.0000,3396.8000,3395.4000,3404.0000,3404.4000,3404.6000,3405.0000,3405.2000,2,1,2,1,6,1,1,1,1,1
SF,IH2008,2020-07-09 09:31:26.200,3402.2000,6929,0,142953000.000,0,-,-,-,-,3401.2000,3401.0000,3400.0000,3396.8000,3395.4000,3403.8000,3404.0000,3404.6000,3405.0000,3405.2000,2,1,2,1,6,1,1,1,1,1
SF,IH2008,2020-07-09 09:31:26.700,3402.2000,6929,0,142953000.000,0,-,-,-,-,3401.2000,3401.0000,3400.0000,3396.8000,3395.4000,3403.6000,3403.8000,3404.0000,3404.6000,3405.0000,2,1,2,1,6,1,1,1,1,1
SF,IH2008,2020-07-09 09:31:27.200,3403.6000,6928,-1,143974080.000,1,0,1,双平,S,3401.2000,3401.0000,3400.0000,3396.8000,3395.4000,3403.8000,3404.6000,3405.6000,3408.6000,3409.8000,2,1,2,1,6,1,1,7,5,1
SF,IH2008,2020-07-09 09:31:27.700,3403.8000,6927,-1,144995220.000,1,0,1,双平,S,3401.2000,3401.0000,3400.0000,3396.8000,3395.4000,3404.6000,3405.6000,3408.6000,3409.8000,3422.0000,2,1,2,1,6,1,7,5,1,2
SF,IH2008,2020-07-09 09:31:28.200,3403.8000,6927,0,144995220.000,0,-,-,-,-,3401.4000,3401.2000,3401.0000,3400.0000,3396.8000,3405.6000,3408.6000,3409.8000,3422.0000,3427.0000,1,3,1,2,1,7,5,1,2,1
SF,IH2008,2020-07-09 09:31:28.700,3403.8000,6927,0,144995220.000,0,-,-,-,-,3402.6000,3402.0000,3401.6000,3401.4000,3401.2000,3405.6000,3408.6000,3409.8000,3422.0000,3427.0000,1,1,3,2,1,6,5,1,2,1
SF,IH2008,2020-07-09 09:31:29.200,3403.8000,6927,0,144995220.000,0,-,-,-,-,3402.8000,3402.6000,3402.0000,3401.6000,3401.2000,3405.6000,3408.6000,3409.8000,3422.0000,3427.0000,3,1,1,1,1,6,5,1,2,1
SF,IH2008,2020-07-09 09:31:29.700,3405.6000,6922,-5,150103620.000,5,0,5,双平,S,3404.0000,3403.8000,3403.2000,3402.8000,3402.6000,3405.6000,3408.6000,3409.8000,3422.0000,3427.0000,1,1,1,3,1,1,5,1,2,1
SF,IH2008,2020-07-09 09:31:30.200,3405.6000,6921,-1,151125300.000,1,0,1,双平,S,3404.2000,3403.8000,3403.2000,3402.8000,3402.6000,3408.6000,3409.8000,3422.0000,3427.0000,3431.8000,1,1,1,1,1,5,1,2,1,1
SF,IH2008,2020-07-09 09:31:30.700,3405.6000,6921,0,151125300.000,0,-,-,-,-,3404.4000,3404.2000,3403.8000,3403.2000,3402.6000,3408.4000,3408.6000,3409.8000,3422.0000,3427.0000,2,1,1,1,1,1,5,1,2,1
SF,IH2008,2020-07-09 09:31:31.200,3405.6000,6921,0,151125300.000,0,-,-,-,-,3404.6000,3404.4000,3403.8000,3403.2000,3401.2000,3408.2000,3408.4000,3408.6000,3409.8000,3422.0000,1,2,1,1,1,1,1,5,1,2
SF,IH2008,2020-07-09 09:31:31.700,3405.6000,6921,0,151125300.000,0,-,-,-,-,3405.6000,3404.8000,3404.6000,3403.2000,3401.0000,3409.8000,3412.4000,3422.0000,3427.0000,3431.8000,2,3,1,1,1,1,5,2,1,1
SF,IH2008,2020-07-09 09:31:32.200,3405.6000,6921,0,151125300.000,0,-,-,-,-,3405.8000,3405.6000,3404.8000,3403.2000,3401.0000,3409.2000,3409.6000,3409.8000,3412.4000,3422.0000,3,2,1,1,1,1,1,1,5,2
SF,IH2008,2020-07-09 09:31:32.700,3405.6000,6921,0,151125300.000,0,-,-,-,-,3407.4000,3405.8000,3405.6000,3404.8000,3403.2000,3409.0000,3409.2000,3409.6000,3409.8000,3412.4000,1,3,1,1,1,1,1,1,1,5
SF,IH2008,2020-07-09 09:31:33.200,3405.6000,6921,0,151125300.000,0,-,-,-,-,3407.6000,3407.4000,3405.8000,3405.6000,3404.8000,3409.8000,3416.2000,3422.0000,3427.0000,3431.8000,1,1,2,1,1,1,5,2,1,1
SF,IH2008,2020-07-09 09:31:33.700,3405.6000,6921,0,151125300.000,0,-,-,-,-,3407.8000,3407.6000,3407.4000,3405.8000,3405.6000,3409.8000,3416.2000,3422.0000,3427.0000,3431.8000,5,1,1,2,1,1,5,2,1,1
SF,IH2008,2020-07-09 09:31:34.200,3405.6000,6921,0,152146980.000,1,0,1,多换,S,3408.0000,3407.4000,3406.8000,3405.8000,3405.6000,3409.8000,3416.2000,3422.0000,3427.0000,3431.8000,1,1,1,2,1,1,5,2,1,1
SF,IH2008,2020-07-09 09:31:34.700,3408.0000,6919,-2,154191780.000,2,0,2,双平,S,3407.4000,3406.8000,3405.8000,3405.6000,3404.8000,3409.8000,3416.2000,3422.0000,3427.0000,3431.8000,1,1,2,1,1,1,5,2,1,1
SF,IH2008,2020-07-09 09:31:35.200,3408.0000,6919,0,154191780.000,0,-,-,-,-,3407.6000,3407.4000,3406.8000,3405.8000,3405.6000,3409.8000,3416.2000,3422.0000,3427.0000,3431.8000,1,1,1,2,1,1,5,2,1,1
SF,IH2008,2020-07-09 09:31:35.700,3408.0000,6919,0,154191780.000,0,-,-,-,-,3407.8000,3407.6000,3407.4000,3406.8000,3405.8000,3409.8000,3416.2000,3422.0000,3427.0000,3431.8000,1,1,1,1,2,1,5,2,1,1
SF,IH2008,2020-07-09 09:31:36.200,3408.0000,6919,0,154191780.000,0,-,-,-,-,3407.8000,3407.6000,3407.4000,3406.8000,3405.8000,3409.8000,3416.2000,3422.0000,3427.0000,3431.8000,1,1,1,1,2,1,5,2,1,1
SF,IH2008,2020-07-09 09:31:36.700,3408.0000,6919,0,154191780.000,0,-,-,-,-,3408.0000,3407.4000,3406.8000,3405.8000,3405.6000,3409.8000,3416.2000,3422.0000,3427.0000,3431.8000,1,1,1,2,1,1,5,2,1,1
SF,IH2008,2020-07-09 09:31:37.200,3408.0000,6919,0,154191780.000,0,-,-,-,-,3408.0000,3407.4000,3405.8000,3405.6000,3404.8000,3409.8000,3416.2000,3422.0000,3427.0000,3431.8000,1,1,2,1,1,1,5,2,1,1
SF,IH2008,2020-07-09 09:31:37.700,3408.0000,6919,0,154191780.000,0,-,-,-,-,3408.0000,3407.4000,3405.8000,3405.6000,3404.8000,3409.8000,3416.2000,3422.0000,3427.0000,3431.8000,1,1,2,1,1,1,5,2,1,1
SF,IH2008,2020-07-09 09:31:38.200,3408.0000,6918,-1,155214180.000,1,0,1,双平,S,3408.2000,3408.0000,3407.4000,3405.8000,3405.6000,3409.8000,3416.2000,3422.0000,3427.0000,3431.8000,1,1,1,2,1,1,5,2,1,1
SF,IH2008,2020-07-09 09:31:38.700,3407.4000,6915,-3,158281320.000,3,0,3,双平,S,3405.8000,3405.6000,3404.8000,3403.2000,3401.0000,3409.8000,3416.2000,3422.0000,3427.0000,3431.8000,2,1,1,1,1,1,5,2,1,1
SF,IH2008,2020-07-09 09:31:39.200,3406.2000,6914,-1,159303180.000,1,0,1,双平,S,3405.8000,3405.6000,3404.8000,3401.0000,3400.0000,3409.6000,3409.8000,3416.2000,3422.0000,3427.0000,1,1,1,1,3,1,1,5,2,1
SF,IH2008,2020-07-09 09:31:39.700,3406.2000,6914,0,159303180.000,0,-,-,-,-,3406.2000,3405.8000,3405.6000,3404.8000,3401.0000,3409.4000,3409.8000,3416.2000,3422.0000,3427.0000,1,1,1,1,1,1,1,5,2,1
SF,IH2008,2020-07-09 09:31:40.200,3406.2000,6914,0,159303180.000,0,-,-,-,-,3406.4000,3405.6000,3404.8000,3401.0000,3400.0000,3409.2000,3409.4000,3409.8000,3416.2000,3422.0000,1,1,1,1,3,1,1,1,5,2
SF,IH2008,2020-07-09 09:31:40.700,3406.2000,6914,0,159303180.000,0,-,-,-,-,3406.8000,3406.4000,3405.6000,3404.8000,3401.0000,3409.0000,3409.4000,3409.8000,3416.2000,3422.0000,1,1,1,1,1,1,1,1,5,2
SF,IH2008,2020-07-09 09:31:41.200,3406.8000,6914,0,160325220.000,1,0,1,多换,S,3406.4000,3405.6000,3404.8000,3401.0000,3400.0000,3406.8000,3408.8000,3409.0000,3409.4000,3409.8000,1,1,1,1,3,1,2,1,1,1
SF,IH2008,2020-07-09 09:31:41.700,3406.4000,6912,-2,162369180.000,2,0,2,双平,S,3405.6000,3404.8000,3401.0000,3400.2000,3400.0000,3408.8000,3409.0000,3409.8000,3416.2000,3422.0000,1,1,1,3,3,1,1,1,5,2
SF,IH2008,2020-07-09 09:31:42.200,3406.4000,6912,0,162369180.000,0,-,-,-,-,3405.8000,3405.6000,3404.8000,3401.0000,3400.2000,3408.6000,3409.0000,3409.8000,3416.2000,3422.0000,1,1,1,1,3,3,1,1,5,2
SF,IH2008,2020-07-09 09:31:42.700,3406.4000,6912,0,162369180.000,0,-,-,-,-,3405.8000,3401.0000,3400.2000,3400.0000,3396.8000,3408.4000,3408.6000,3409.0000,3409.8000,3416.2000,1,1,3,3,1,1,2,1,1,5
SF,IH2008,2020-07-09 09:31:43.200,3406.4000,6912,0,162369180.000,0,-,-,-,-,3401.0000,3400.2000,3400.0000,3396.8000,3395.4000,3408.2000,3408.4000,3408.6000,3409.0000,3409.8000,1,3,3,1,6,1,1,1,1,1
SF,IH2008,2020-07-09 09:31:43.700,3406.4000,6912,0,162369180.000,0,-,-,-,-,3403.8000,3403.2000,3401.2000,3401.0000,3400.2000,3405.8000,3407.8000,3409.8000,3416.2000,3422.0000,1,1,11,2,3,2,1,1,5,2
SF,IH2008,2020-07-09 09:31:44.200,3405.8000,6910,-2,164412660.000,2,0,2,双平,S,3404.0000,3403.2000,3401.2000,3401.0000,3400.2000,3407.8000,3409.8000,3416.2000,3422.0000,3427.0000,2,1,7,2,3,1,1,5,2,1
SF,IH2008,2020-07-09 09:31:44.700,3405.8000,6910,0,164412660.000,0,-,-,-,-,3404.2000,3404.0000,3403.2000,3401.2000,3401.0000,3409.8000,3416.2000,3422.0000,3427.0000,3431.8000,1,3,1,5,2,1,5,2,1,1
SF,IH2008,2020-07-09 09:31:45.200,3405.8000,6910,0,164412660.000,0,-,-,-,-,3404.8000,3404.4000,3404.2000,3404.0000,3403.2000,3409.4000,3409.6000,3409.8000,3416.2000,3422.0000,1,2,2,2,1,1,1,1,5,2
SF,IH2008,2020-07-09 09:31:45.700,3405.8000,6910,0,164412660.000,0,-,-,-,-,3405.0000,3404.8000,3404.6000,3404.4000,3404.2000,3409.2000,3409.4000,3409.8000,3416.2000,3422.0000,1,1,1,1,1,1,1,1,5,2
SF,IH2008,2020-07-09 09:31:46.200,3405.8000,6910,0,164412660.000,0,-,-,-,-,3406.0000,3405.6000,3405.0000,3404.6000,3404.4000,3409.2000,3409.8000,3416.2000,3422.0000,3427.0000,1,1,1,1,1,1,1,5,2,1
SF,IH2008,2020-07-09 09:31:46.700,3405.8000,6910,0,164412660.000,0,-,-,-,-,3406.2000,3406.0000,3405.6000,3404.6000,3404.4000,3409.8000,3416.2000,3422.0000,3427.0000,3431.8000,1,1,1,1,1,1,5,2,1,1
SF,IH2008,2020-07-09 09:31:47.200,3405.8000,6910,0,164412660.000,0,-,-,-,-,3406.6000,3406.4000,3406.2000,3406.0000,3405.6000,3409.8000,3416.2000,3422.0000,3427.0000,3431.8000,2,1,1,1,1,1,5,2,1,1
SF,IH2008,2020-07-09 09:31:47.700,3405.8000,6910,0,164412660.000,0,-,-,-,-,3406.8000,3406.6000,3406.4000,3406.0000,3405.6000,3409.8000,3416.2000,3422.0000,3427.0000,3431.8000,1,2,1,1,1,1,5,2,1,1
SF,IH2008,2020-07-09 09:31:48.200,3409.8000,6909,-1,165435600.000,1,0,1,双平,S,3407.2000,3407.0000,3406.8000,3406.6000,3406.4000,3416.2000,3422.0000,3427.0000,3431.8000,3432.0000,1,1,2,1,1,5,2,1,1,1
SF,IH2008,2020-07-09 09:31:48.700,3409.8000,6909,0,165435600.000,0,-,-,-,-,3407.6000,3407.4000,3407.2000,3407.0000,3406.8000,3413.4000,3414.6000,3414.8000,3415.2000,3415.6000,1,2,2,1,1,1,2,2,1,1
SF,IH2008,2020-07-09 09:31:49.200,3409.8000,6909,0,165435600.000,0,-,-,-,-,3408.6000,3408.2000,3407.8000,3407.4000,3407.0000,3413.0000,3413.2000,3414.6000,3414.8000,3415.8000,1,1,1,2,1,1,1,2,2,1
SF,IH2008,2020-07-09 09:31:49.700,3409.8000,6909,0,165435600.000,0,-,-,-,-,3408.8000,3408.6000,3408.4000,3408.2000,3407.0000,3412.8000,3413.0000,3414.6000,3414.8000,3415.8000,3,1,1,1,1,1,1,2,2,1
SF,IH2008,2020-07-09 09:31:50.200,3409.8000,6909,0,165435600.000,0,-,-,-,-,3410.2000,3409.4000,3409.0000,3408.8000,3408.4000,3414.6000,3414.8000,3415.8000,3416.0000,3420.0000,1,1,2,3,1,1,2,1,1,5
SF,IH2008,2020-07-09 09:31:50.700,3409.8000,6909,0,165435600.000,0,-,-,-,-,3410.4000,3409.4000,3408.8000,3408.4000,3408.2000,3414.4000,3415.8000,3420.0000,3422.0000,3427.0000,1,1,1,1,1,3,1,5,2,1
SF,IH2008,2020-07-09 09:31:51.200,3409.8000,6909,0,165435600.000,0,-,-,-,-,3410.4000,3409.4000,3408.8000,3408.4000,3408.2000,3414.4000,3415.8000,3420.0000,3422.0000,3427.0000,1,1,1,1,1,1,1,5,2,1
SF,IH2008,2020-07-09 09:31:51.700,3409.8000,6909,0,165435600.000,0,-,-,-,-,3412.8000,3410.4000,3409.4000,3408.8000,3408.2000,3414.2000,3415.8000,3420.0000,3422.0000,3427.0000,1,1,1,1,1,1,1,5,2,1
SF,IH2008,2020-07-09 09:31:52.200,3412.8000,6908,-1,166459440.000,1,0,1,双平,S,3410.4000,3409.4000,3408.8000,3408.2000,3406.0000,3412.4000,3414.2000,3415.8000,3420.0000,3422.0000,1,1,1,1,1,2,1,1,5,2
SF,IH2008,2020-07-09 09:31:52.700,3412.4000,6906,-2,168506880.000,2,0,2,双平,S,3408.8000,3408.2000,3406.0000,3405.6000,3403.8000,3415.8000,3420.0000,3422.0000,3427.0000,3431.8000,1,1,1,1,1,1,5,2,1,1
SF,IH2008,2020-07-09 09:31:53.200,3412.4000,6906,0,168506880.000,0,-,-,-,-,3410.0000,3409.2000,3409.0000,3408.8000,3408.2000,3415.4000,3415.6000,3415.8000,3420.0000,3422.0000,1,1,5,1,1,1,1,1,5,2
SF,IH2008,2020-07-09 09:31:53.700,3412.4000,6906,0,168506880.000,0,-,-,-,-,3410.2000,3410.0000,3409.0000,3408.8000,3408.2000,3415.2000,3415.4000,3420.0000,3422.0000,3427.0000,2,2,4,1,1,1,1,5,2,1
SF,IH2008,2020-07-09 09:31:54.200,3412.4000,6906,0,168506880.000,0,-,-,-,-,3410.8000,3410.6000,3410.4000,3410.2000,3410.0000,3420.0000,3422.0000,3427.0000,3431.8000,3432.0000,1,2,3,2,1,5,2,1,1,1
SF,IH2008,2020-07-09 09:31:54.700,3412.4000,6906,0,168506880.000,0,-,-,-,-,3411.0000,3410.8000,3410.6000,3410.4000,3410.2000,3417.6000,3418.8000,3419.0000,3419.6000,3419.8000,1,1,3,3,1,1,2,3,3,3
SF,IH2008,2020-07-09 09:31:55.200,3412.4000,6906,0,168506880.000,0,-,-,-,-,3412.4000,3412.0000,3411.2000,3411.0000,3410.6000,3417.2000,3417.4000,3418.8000,3419.0000,3419.6000,1,1,1,1,3,1,2,2,2,2
SF,IH2008,2020-07-09 09:31:55.700,3412.4000,6906,0,168506880.000,0,-,-,-,-,3412.6000,3412.4000,3412.0000,3411.4000,3411.2000,3418.8000,3419.0000,3419.6000,3422.0000,3427.0000,3,1,1,1,1,1,2,2,2,1
SF,IH2008,2020-07-09 09:31:56.200,3412.4000,6906,0,168506880.000,0,-,-,-,-,3413.2000,3413.0000,3412.6000,3412.4000,3412.0000,3418.4000,3418.6000,3418.8000,3419.6000,3422.0000,1,1,3,1,1,1,3,1,2,2
SF,IH2008,2020-07-09 09:31:56.700,3412.4000,6906,0,168506880.000,0,-,-,-,-,3413.8000,3413.4000,3413.2000,3413.0000,3412.6000,3415.0000,3417.4000,3418.2000,3418.4000,3418.6000,1,1,2,1,2,1,1,1,1,2
SF,IH2008,2020-07-09 09:31:57.200,3415.0000,6905,-1,169531380.000,1,0,1,双平,S,3415.4000,3415.0000,3413.8000,3413.6000,3413.2000,3417.4000,3418.2000,3418.4000,3418.6000,3419.6000,1,1,1,1,1,1,1,1,2,1
SF,IH2008,2020-07-09 09:31:57.700,3417.2000,6903,-2,172605540.000,3,0,3,多平,S,3412.6000,3412.4000,3411.2000,3411.0000,3410.6000,3417.2000,3417.4000,3418.6000,3419.6000,3422.0000,2,1,1,1,1,3,1,2,1,2
SF,IH2008,2020-07-09 09:31:58.200,3417.2000,6903,0,172605540.000,0,-,-,-,-,3412.8000,3412.6000,3412.4000,3411.2000,3411.0000,3417.0000,3417.2000,3417.4000,3419.6000,3422.0000,1,2,1,1,1,1,3,1,1,2
SF,IH2008,2020-07-09 09:31:58.700,3417.2000,6903,0,172605540.000,0,-,-,-,-,3413.0000,3412.8000,3412.6000,3412.4000,3411.2000,3416.8000,3417.2000,3419.6000,3420.0000,3422.0000,2,1,1,1,1,1,1,1,5,2
SF,IH2008,2020-07-09 09:31:59.200,3417.2000,6903,0,172605540.000,0,-,-,-,-,3413.2000,3413.0000,3412.6000,3412.4000,3411.2000,3416.6000,3419.6000,3420.0000,3422.0000,3427.0000,3,3,1,1,1,1,1,5,2,1
SF,IH2008,2020-07-09 09:31:59.700,3417.2000,6903,0,172605540.000,0,-,-,-,-,3413.4000,3413.2000,3413.0000,3412.4000,3411.2000,3416.4000,3416.6000,3419.6000,3420.0000,3422.0000,2,2,1,1,1,1,1,1,5,2
SF,IH2008,2020-07-09 09:32:00.200,3417.2000,6903,0,172605540.000,0,-,-,-,-,3413.6000,3413.4000,3413.2000,3412.4000,3411.2000,3416.4000,3416.6000,3419.6000,3420.0000,3422.0000,1,2,1,1,1,1,1,1,5,2
SF,IH2008,2020-07-09 09:32:00.700,3417.2000,6903,0,172605540.000,0,-,-,-,-,3413.8000,3413.6000,3413.2000,3412.4000,3411.2000,3416.2000,3416.4000,3417.2000,3419.6000,3420.0000,2,1,1,1,1,1,1,1,1,5
SF,IH2008,2020-07-09 09:32:01.200,3414.0000,6900,-3,175678800.000,3,0,3,双平,S,3413.8000,3413.6000,3413.2000,3412.4000,3411.2000,3416.4000,3417.2000,3419.6000,3420.0000,3422.0000,2,1,1,1,1,1,1,1,5,2
SF,IH2008,2020-07-09 09:32:01.700,3416.2000,6899,-1,176703660.000,1,0,1,双平,S,3413.8000,3413.6000,3413.2000,3412.4000,3411.2000,3416.4000,3417.2000,3419.6000,3420.0000,3422.0000,2,1,1,1,1,1,1,1,5,2
SF,IH2008,2020-07-09 09:32:02.200,3416.2000,6899,0,176703660.000,0,-,-,-,-,3413.8000,3413.6000,3413.2000,3412.4000,3411.2000,3416.2000,3416.4000,3416.6000,3417.2000,3419.6000,2,1,1,1,1,1,1,1,1,1
SF,IH2008,2020-07-09 09:32:02.700,3413.6000,6896,-3,179776020.000,3,0,3,双平,S,3412.4000,3411.2000,3410.6000,3410.0000,3407.2000,3416.0000,3416.2000,3416.4000,3416.6000,3417.2000,1,1,1,1,3,2,1,1,1,1
SF,IH2008,2020-07-09 09:32:03.200,3413.6000,6896,0,179776020.000,0,-,-,-,-,3412.8000,3412.4000,3411.2000,3410.6000,3410.0000,3415.8000,3416.0000,3416.6000,3417.2000,3419.6000,1,1,1,1,1,3,2,1,1,1
SF,IH2008,2020-07-09 09:32:03.700,3412.4000,6896,0,181823580.000,2,1,1,多换,S,3410.6000,3410.0000,3407.2000,3406.0000,3403.8000,3412.4000,3415.6000,3415.8000,3416.0000,3416.6000,1,1,3,1,1,2,1,4,1,1
SF,IH2008,2020-07-09 09:32:04.200,3412.4000,6894,-2,183871020.000,2,0,2,双平,S,3410.8000,3410.0000,3407.2000,3406.0000,3403.8000,3415.6000,3415.8000,3416.6000,3417.2000,3419.6000,1,1,3,1,1,1,3,1,1,1
SF,IH2008,2020-07-09 09:32:04.700,3412.4000,6894,0,183871020.000,0,-,-,-,-,3414.0000,3410.0000,3407.2000,3406.0000,3403.8000,3415.2000,3415.4000,3415.6000,3415.8000,3416.6000,1,1,3,1,1,1,4,1,1,1
SF,IH2008,2020-07-09 09:32:05.200,3414.0000,6894,0,184895220.000,1,0,1,多换,S,3407.2000,3406.0000,3403.8000,3403.0000,3401.0000,3414.8000,3415.2000,3415.4000,3416.6000,3417.2000,3,1,1,1,1,2,3,1,1,1
SF,IH2008,2020-07-09 09:32:05.700,3414.0000,6894,0,184895220.000,0,-,-,-,-,3408.4000,3407.4000,3407.2000,3406.0000,3403.8000,3410.6000,3414.6000,3414.8000,3415.2000,3415.4000,1,5,3,1,1,1,1,2,2,1
SF,IH2008,2020-07-09 09:32:06.200,3414.4000,6893,-1,186942720.000,2,0,2,多平,S,3410.6000,3408.6000,3407.4000,3407.2000,3406.0000,3414.4000,3414.6000,3414.8000,3416.6000,3417.2000,1,1,3,3,1,1,1,2,1,1
SF,IH2008,2020-07-09 09:32:06.700,3414.4000,6893,0,186942720.000,0,-,-,-,-,3409.4000,3408.6000,3407.4000,3406.0000,3403.8000,3414.0000,3414.2000,3414.4000,3414.8000,3416.6000,1,1,1,1,1,1,3,1,1,1
SF,IH2008,2020-07-09 09:32:07.200,3414.4000,6893,0,186942720.000,0,-,-,-,-,3409.6000,3409.4000,3407.4000,3406.0000,3403.8000,3413.8000,3414.0000,3414.4000,3414.8000,3416.6000,2,1,1,1,1,2,1,1,1,1
SF,IH2008,2020-07-09 09:32:07.700,3414.4000,6893,0,186942720.000,0,-,-,-,-,3409.6000,3407.4000,3406.0000,3403.8000,3403.0000,3413.4000,3413.6000,3413.8000,3414.8000,3416.6000,2,1,1,1,1,1,1,1,1,1
SF,IH2008,2020-07-09 09:32:08.200,3414.4000,6893,0,186942720.000,0,-,-,-,-,3410.2000,3410.0000,3409.8000,3409.6000,3406.0000,3413.2000,3414.8000,3416.6000,3417.2000,3420.0000,1,1,1,2,1,1,1,1,1,5
SF,IH2008,2020-07-09 09:32:08.700,3413.2000,6892,-1,187966680.000,1,0,1,双平,S,3410.4000,3410.2000,3410.0000,3409.8000,3409.6000,3414.8000,3416.6000,3417.2000,3420.0000,3422.0000,3,1,1,1,1,1,1,1,5,2
SF,IH2008,2020-07-09 09:32:09.200,3413.2000,6892,0,187966680.000,0,-,-,-,-,3410.8000,3410.6000,3410.4000,3410.2000,3410.0000,3416.6000,3417.2000,3420.0000,3422.0000,3427.0000,1,2,3,1,1,1,1,5,2,1
SF,IH2008,2020-07-09 09:32:09.700,3413.2000,6892,0,187966680.000,0,-,-,-,-,3411.0000,3410.8000,3410.6000,3410.4000,3410.0000,3416.2000,3417.2000,3420.0000,3422.0000,3427.0000,3,1,1,2,1,1,1,5,2,1
SF,IH2008,2020-07-09 09:32:10.200,3413.2000,6892,0,187966680.000,0,-,-,-,-,3413.2000,3411.8000,3411.2000,3411.0000,3410.4000,3416.0000,3417.2000,3420.0000,3422.0000,3427.0000,1,1,3,3,1,2,1,5,2,1
SF,IH2008,2020-07-09 09:32:10.700,3413.2000,6892,0,187966680.000,0,-,-,-,-,3413.4000,3411.8000,3411.2000,3411.0000,3410.4000,3416.0000,3417.2000,3420.0000,3422.0000,3427.0000,2,1,3,1,1,2,1,5,2,1
SF,IH2008,2020-07-09 09:32:11.200,3413.2000,6892,0,187966680.000,0,-,-,-,-,3413.4000,3411.8000,3411.2000,3411.0000,3410.4000,3416.0000,3417.2000,3420.0000,3422.0000,3427.0000,2,1,3,1,1,2,1,5,2,1
SF,IH2008,2020-07-09 09:32:11.700,3416.0000,6891,-1,188991480.000,1,0,1,双平,S,3413.4000,3412.0000,3411.8000,3411.2000,3411.0000,3416.0000,3417.2000,3420.0000,3422.0000,3427.0000,2,1,1,3,1,1,1,5,2,1
SF,IH2008,2020-07-09 09:32:12.200,3416.0000,6890,-1,190016280.000,1,0,1,双平,S,3413.4000,3412.0000,3411.8000,3411.2000,3411.0000,3417.2000,3420.0000,3422.0000,3427.0000,3431.8000,2,1,1,3,1,1,5,2,1,1
SF,IH2008,2020-07-09 09:32:12.700,3413.4000,6888,-2,192064320.000,2,0,2,双平,S,3411.8000,3411.2000,3411.0000,3410.4000,3410.0000,3416.8000,3417.0000,3417.2000,3420.0000,3422.0000,1,3,1,1,1,1,2,1,5,2
SF,IH2008,2020-07-09 09:32:13.200,3412.0000,6887,-1,193087920.000,1,0,1,双平,S,3412.0000,3411.8000,3411.2000,3410.4000,3410.0000,3416.6000,3416.8000,3417.2000,3420.0000,3422.0000,1,1,2,1,1,2,1,1,5,2
SF,IH2008,2020-07-09 09:32:13.700,3412.0000,6887,0,193087920.000,0,-,-,-,-,3411.2000,3410.4000,3410.0000,3406.6000,3406.0000,3416.2000,3416.4000,3416.6000,3417.2000,3420.0000,1,1,1,1,1,1,1,2,1,5
SF,IH2008,2020-07-09 09:32:14.200,3412.0000,6887,0,193087920.000,0,-,-,-,-,3411.4000,3410.4000,3410.0000,3406.6000,3406.0000,3416.0000,3416.2000,3416.4000,3416.6000,3417.2000,1,1,1,1,1,2,1,1,1,1
SF,IH2008,2020-07-09 09:32:14.700,3415.6000,6886,-1,194112600.000,1,0,1,双平,S,3411.4000,3410.4000,3406.6000,3406.0000,3403.8000,3415.6000,3415.8000,3416.0000,3416.4000,3416.6000,1,1,1,1,1,1,2,2,1,1
SF,IH2008,2020-07-09 09:32:15.200,3415.6000,6886,0,194112600.000,0,-,-,-,-,3411.6000,3406.6000,3406.0000,3403.8000,3403.0000,3415.4000,3415.6000,3415.8000,3416.4000,3416.6000,1,1,1,1,1,2,1,2,1,1
SF,IH2008,2020-07-09 09:32:15.700,3411.6000,6885,-1,195136080.000,1,0,1,双平,S,3406.6000,3406.0000,3403.8000,3403.0000,3402.2000,3414.6000,3415.0000,3415.2000,3415.4000,3415.8000,1,1,1,1,3,1,1,1,1,2
SF,IH2008,2020-07-09 09:32:16.200,3414.4000,6886,1,196160400.000,1,1,0,双开,S,3408.6000,3407.8000,3407.0000,3406.8000,3406.6000,3414.2000,3414.4000,3414.6000,3415.2000,3415.8000,1,1,2,4,1,1,2,1,1,1
SF,IH2008,2020-07-09 09:32:16.700,3414.4000,6886,0,196160400.000,0,-,-,-,-,3409.0000,3408.8000,3408.6000,3407.8000,3406.8000,3414.0000,3414.2000,3414.6000,3415.8000,3416.4000,2,1,1,1,2,2,1,1,1,1
SF,IH2008,2020-07-09 09:32:17.200,3414.4000,6886,0,196160400.000,0,-,-,-,-,3409.2000,3409.0000,3407.8000,3406.8000,3406.6000,3413.6000,3414.0000,3414.2000,3414.6000,3415.8000,2,4,1,1,1,1,2,1,1,1
SF,IH2008,2020-07-09 09:32:17.700,3414.4000,6886,0,196160400.000,0,-,-,-,-,3409.6000,3409.2000,3409.0000,3407.8000,3406.8000,3413.4000,3413.6000,3415.8000,3416.4000,3417.2000,2,2,2,1,1,2,1,2,1,1
SF,IH2008,2020-07-09 09:32:18.200,3414.4000,6886,0,196160400.000,0,-,-,-,-,3409.6000,3409.2000,3409.0000,3407.8000,3406.8000,3413.4000,3413.6000,3415.8000,3416.4000,3417.2000,3,2,1,1,1,2,1,2,1,1
SF,IH2008,2020-07-09 09:32:18.700,3414.4000,6886,0,196160400.000,0,-,-,-,-,3409.8000,3409.6000,3409.2000,3408.0000,3407.8000,3413.4000,3415.8000,3417.2000,3420.0000,3422.0000,2,4,1,1,1,2,2,1,5,2
SF,IH2008,2020-07-09 09:32:19.200,3414.4000,6886,0,196160400.000,0,-,-,-,-,3410.2000,3409.8000,3409.6000,3409.2000,3408.0000,3413.4000,3415.8000,3417.2000,3420.0000,3422.0000,2,2,1,1,1,2,2,1,5,2
SF,IH2008,2020-07-09 09:32:19.700,3414.4000,6886,0,196160400.000,0,-,-,-,-,3410.4000,3410.2000,3410.0000,3409.8000,3409.2000,3413.4000,3415.8000,3417.2000,3420.0000,3422.0000,1,3,2,1,1,1,2,1,5,2
SF,IH2008,2020-07-09 09:32:20.200,3414.4000,6886,0,196160400.000,0,-,-,-,-,3410.8000,3410.4000,3410.0000,3409.2000,3408.0000,3413.4000,3415.8000,3417.2000,3420.0000,3422.0000,3,1,2,1,1,1,2,1,5,2
SF,IH2008,2020-07-09 09:32:20.700,3413.4000,6885,-1,197184420.000,1,0,1,双平,S,3411.0000,3410.8000,3410.4000,3410.0000,3409.2000,3415.8000,3417.2000,3420.0000,3422.0000,3427.0000,1,3,1,2,1,2,1,5,2,1
SF,IH2008,2020-07-09 09:32:21.200,3413.4000,6885,0,197184420.000,0,-,-,-,-,3413.6000,3411.4000,3411.2000,3410.8000,3410.4000,3415.6000,3415.8000,3417.2000,3420.0000,3422.0000,1,2,1,1,1,2,2,1,5,2
SF,IH2008,2020-07-09 09:32:21.700,3413.6000,6885,0,198208500.000,1,0,1,多换,S,3411.4000,3411.2000,3410.8000,3410.0000,3409.2000,3415.2000,3415.8000,3417.2000,3420.0000,3422.0000,2,1,1,1,1,1,2,1,5,2
SF,IH2008,2020-07-09 09:32:22.200,3413.6000,6885,0,198208500.000,0,-,-,-,-,3411.4000,3411.2000,3410.8000,3410.0000,3409.2000,3415.0000,3415.2000,3415.8000,3417.2000,3420.0000,1,1,1,1,1,3,1,2,1,5
SF,IH2008,2020-07-09 09:32:22.700,3413.6000,6885,0,198208500.000,0,-,-,-,-,3411.4000,3411.2000,3410.0000,3409.2000,3408.0000,3414.6000,3415.0000,3415.2000,3415.8000,3417.2000,1,1,1,1,1,1,3,1,2,1
SF,IH2008,2020-07-09 09:32:23.200,3413.6000,6885,0,198208500.000,0,-,-,-,-,3411.4000,3411.2000,3410.0000,3409.2000,3408.0000,3414.4000,3414.6000,3415.0000,3415.2000,3415.8000,1,1,1,1,1,3,1,1,1,1
SF,IH2008,2020-07-09 09:32:23.700,3413.6000,6885,0,198208500.000,0,-,-,-,-,3411.4000,3411.2000,3410.0000,3409.2000,3408.0000,3414.4000,3414.6000,3415.8000,3417.2000,3420.0000,1,1,1,1,1,4,1,1,1,5
SF,IH2008,2020-07-09 09:32:24.200,3411.2000,6884,-1,200255280.000,2,0,2,多平,S,3410.0000,3409.2000,3408.0000,3407.8000,3406.8000,3411.4000,3414.4000,3414.6000,3415.8000,3417.2000,1,1,1,1,1,2,4,1,1,1
SF,IH2008,2020-07-09 09:32:24.700,3411.4000,6882,-2,202302120.000,2,0,2,双平,S,3411.4000,3410.0000,3409.2000,3408.0000,3407.8000,3414.4000,3414.6000,3415.8000,3417.2000,3420.0000,1,1,1,1,1,4,1,1,1,5
SF,IH2008,2020-07-09 09:32:25.200,3411.4000,6882,0,202302120.000,0,-,-,-,-,3411.4000,3410.0000,3409.2000,3408.0000,3407.8000,3414.0000,3414.2000,3414.4000,3414.6000,3415.8000,1,1,1,1,1,1,2,4,1,1
SF,IH2008,2020-07-09 09:32:25.700,3411.4000,6882,0,202302120.000,0,-,-,-,-,3411.4000,3410.0000,3409.2000,3408.0000,3407.8000,3413.8000,3414.2000,3414.4000,3415.8000,3417.2000,1,1,1,1,1,1,2,1,1,1
SF,IH2008,2020-07-09 09:32:26.200,3411.4000,6882,0,202302120.000,0,-,-,-,-,3411.4000,3410.0000,3409.2000,3408.0000,3407.8000,3413.8000,3414.0000,3414.4000,3415.8000,3417.2000,1,1,1,1,1,1,1,1,1,1
SF,IH2008,2020-07-09 09:32:26.700,3411.4000,6882,0,202302120.000,0,-,-,-,-,3411.4000,3410.0000,3409.2000,3408.0000,3407.8000,3414.4000,3415.8000,3417.2000,3420.0000,3422.0000,2,1,1,1,1,1,1,1,5,2
SF,IH2008,2020-07-09 09:32:27.200,3411.4000,6882,0,202302120.000,0,-,-,-,-,3411.8000,3411.6000,3411.4000,3410.0000,3409.2000,3415.8000,3417.2000,3420.0000,3422.0000,3427.0000,1,3,2,1,1,1,1,5,2,1
SF,IH2008,2020-07-09 09:32:27.700,3411.4000,6882,0,202302120.000,0,-,-,-,-,3412.2000,3412.0000,3411.8000,3411.6000,3411.4000,3415.6000,3415.8000,3417.2000,3420.0000,3422.0000,1,1,2,2,1,1,1,1,5,2
SF,IH2008,2020-07-09 09:32:28.200,3415.6000,6881,-1,203326800.000,1,0,1,双平,S,3412.4000,3412.2000,3411.8000,3411.6000,3411.4000,3415.4000,3415.8000,3417.2000,3420.0000,3422.0000,2,2,2,1,1,1,1,1,5,2
SF,IH2008,2020-07-09 09:32:28.700,3415.6000,6881,0,203326800.000,0,-,-,-,-,3412.8000,3412.6000,3412.4000,3411.8000,3411.6000,3415.4000,3415.8000,3417.2000,3420.0000,3422.0000,1,1,2,2,1,1,1,1,5,2
SF,IH2008,2020-07-09 09:32:29.200,3415.6000,6881,0,203326800.000,0,-,-,-,-,3413.0000,3412.8000,3412.6000,3412.4000,3411.8000,3415.4000,3415.8000,3417.2000,3420.0000,3422.0000,1,2,1,1,1,1,1,1,5,2
SF,IH2008,2020-07-09 09:32:29.700,3415.6000,6881,0,203326800.000,0,-,-,-,-,3413.0000,3412.8000,3412.6000,3412.4000,3411.4000,3415.4000,3415.8000,3417.2000,3420.0000,3422.0000,2,2,1,1,1,1,1,1,5,2
SF,IH2008,2020-07-09 09:32:30.200,3415.6000,6881,0,203326800.000,0,-,-,-,-,3413.2000,3412.4000,3411.4000,3410.0000,3409.2000,3415.2000,3415.4000,3415.8000,3417.2000,3420.0000,1,1,1,1,1,1,1,1,1,5
SF,IH2008,2020-07-09 09:32:30.700,3415.6000,6881,0,203326800.000,0,-,-,-,-,3411.4000,3410.0000,3409.2000,3408.0000,3407.8000,3415.0000,3415.2000,3415.4000,3415.8000,3417.2000,1,1,1,1,1,1,1,1,1,1
SF,IH2008,2020-07-09 09:32:31.200,3415.6000,6881,0,203326800.000,0,-,-,-,-,3411.6000,3411.4000,3410.0000,3409.2000,3408.0000,3414.8000,3415.0000,3415.4000,3415.8000,3417.2000,4,1,1,1,1,1,1,1,1,1
SF,IH2008,2020-07-09 09:32:31.700,3415.6000,6881,0,203326800.000,0,-,-,-,-,3411.6000,3411.4000,3410.0000,3409.2000,3408.0000,3414.8000,3415.4000,3415.8000,3417.2000,3420.0000,4,1,1,1,1,1,1,1,1,5
SF,IH2008,2020-07-09 09:32:32.200,3415.6000,6881,0,203326800.000,0,-,-,-,-,3411.8000,3411.6000,3411.4000,3410.0000,3409.2000,3414.8000,3415.4000,3415.8000,3417.2000,3420.0000,1,4,1,1,1,1,1,1,1,5
SF,IH2008,2020-07-09 09:32:32.700,3415.6000,6881,0,203326800.000,0,-,-,-,-,3412.0000,3411.8000,3411.4000,3410.0000,3409.2000,3414.8000,3415.4000,3415.8000,3417.2000,3420.0000,3,1,1,1,1,1,1,1,1,5
SF,IH2008,2020-07-09 09:32:33.200,3415.6000,6881,0,203326800.000,0,-,-,-,-,3412.2000,3412.0000,3411.8000,3411.4000,3410.0000,3414.8000,3415.4000,3415.8000,3417.2000,3420.0000,1,1,1,1,1,1,1,1,1,5
SF,IH2008,2020-07-09 09:32:33.700,3415.6000,6881,0,203326800.000,0,-,-,-,-,3412.4000,3412.0000,3411.4000,3410.0000,3409.2000,3414.6000,3414.8000,3415.4000,3415.8000,3417.2000,1,1,1,1,1,1,1,1,1,1
SF,IH2008,2020-07-09 09:32:34.200,3412.4000,6880,-1,205374240.000,2,0,2,多平,S,3411.4000,3410.0000,3409.2000,3408.0000,3407.8000,3412.2000,3414.6000,3414.8000,3415.4000,3415.8000,1,1,1,1,1,1,1,1,1,1
SF,IH2008,2020-07-09 09:32:34.700,3412.4000,6879,-1,206397960.000,1,0,1,双平,S,3412.4000,3412.2000,3411.4000,3410.0000,3409.2000,3414.2000,3414.8000,3415.8000,3417.2000,3420.0000,1,3,1,1,1,1,1,1,1,5
SF,IH2008,2020-07-09 09:32:35.200,3412.4000,6879,0,206397960.000,0,-,-,-,-,3412.2000,3411.4000,3410.0000,3409.2000,3408.0000,3414.0000,3414.2000,3414.8000,3415.8000,3417.2000,3,1,1,1,1,1,1,1,1,1
SF,IH2008,2020-07-09 09:32:35.700,3412.4000,6879,0,206397960.000,0,-,-,-,-,3412.2000,3411.4000,3410.0000,3409.2000,3408.0000,3413.8000,3414.0000,3414.2000,3414.8000,3415.8000,3,1,1,1,1,1,1,1,1,1
SF,IH2008,2020-07-09 09:32:36.200,3412.4000,6879,0,206397960.000,0,-,-,-,-,3412.6000,3412.2000,3411.4000,3410.0000,3409.2000,3413.6000,3413.8000,3414.2000,3414.8000,3415.8000,1,3,1,1,1,1,1,1,1,1
SF,IH2008,2020-07-09 09:32:36.700,3412.6000,6878,-1,207421740.000,1,0,1,双平,S,3412.2000,3411.4000,3411.0000,3410.0000,3409.2000,3413.4000,3414.2000,3415.8000,3420.0000,3422.0000,3,1,1,1,1,1,1,1,5,2
SF,IH2008,2020-07-09 09:32:37.200,3412.6000,6878,0,207421740.000,0,-,-,-,-,3412.2000,3411.4000,3411.0000,3410.6000,3410.0000,3413.4000,3414.2000,3415.8000,3420.0000,3422.0000,1,1,1,1,1,1,1,1,5,2
SF,IH2008,2020-07-09 09:32:37.700,3412.6000,6878,0,207421740.000,0,-,-,-,-,3412.2000,3411.4000,3411.0000,3410.6000,3410.0000,3413.2000,3413.4000,3414.2000,3415.8000,3420.0000,1,1,1,1,1,1,1,1,1,5
SF,IH2008,2020-07-09 09:32:38.200,3413.0000,6877,-1,209469300.000,2,0,2,多平,S,3411.4000,3411.0000,3410.6000,3410.0000,3409.2000,3413.2000,3414.2000,3415.8000,3420.0000,3422.0000,1,1,1,1,1,1,1,1,5,2
SF,IH2008,2020-07-09 09:32:39.200,3413.0000,6877,0,209469300.000,0,-,-,-,-,3411.4000,3411.0000,3410.6000,3410.0000,3409.2000,3413.0000,3413.2000,3415.8000,3420.0000,3422.0000,1,1,1,1,1,1,1,1,5,2
SF,IH2008,2020-07-09 09:32:39.700,3413.0000,6877,0,209469300.000,0,-,-,-,-,3411.4000,3411.0000,3410.6000,3410.0000,3409.2000,3412.8000,3413.0000,3415.8000,3420.0000,3422.0000,1,1,1,1,1,1,1,1,5,2
SF,IH2008,2020-07-09 09:32:40.200,3413.0000,6876,-1,210493200.000,1,0,1,双平,S,3411.4000,3411.0000,3410.6000,3410.0000,3409.2000,3415.8000,3420.0000,3422.0000,3425.0000,3426.8000,1,1,1,1,1,1,5,2,1,3
SF,IH2008,2020-07-09 09:32:40.700,3413.0000,6876,0,210493200.000,0,-,-,-,-,3411.6000,3411.4000,3411.0000,3410.6000,3410.0000,3415.6000,3415.8000,3420.0000,3422.0000,3425.0000,2,1,1,1,1,1,2,5,2,1
SF,IH2008,2020-07-09 09:32:41.200,3413.0000,6876,0,210493200.000,0,-,-,-,-,3411.6000,3411.4000,3411.0000,3410.6000,3410.0000,3415.4000,3415.6000,3415.8000,3420.0000,3422.0000,1,1,1,1,1,1,1,2,5,2
SF,IH2008,2020-07-09 09:32:41.700,3413.0000,6876,0,210493200.000,0,-,-,-,-,3411.6000,3411.4000,3411.0000,3410.6000,3410.0000,3415.2000,3415.4000,3415.8000,3420.0000,3422.0000,1,1,1,1,1,1,1,2,5,2
SF,IH2008,2020-07-09 09:32:42.200,3413.0000,6876,0,210493200.000,0,-,-,-,-,3411.8000,3411.6000,3411.4000,3411.0000,3410.6000,3415.8000,3420.0000,3422.0000,3425.0000,3426.8000,3,1,1,1,1,1,5,2,1,3
SF,IH2008,2020-07-09 09:32:42.700,3413.0000,6876,0,210493200.000,0,-,-,-,-,3412.0000,3411.8000,3411.4000,3411.0000,3410.6000,3415.8000,3420.0000,3422.0000,3425.0000,3426.8000,2,3,1,1,1,1,5,2,1,3
SF,IH2008,2020-07-09 09:32:43.200,3413.0000,6876,0,210493200.000,0,-,-,-,-,3412.4000,3412.2000,3412.0000,3411.8000,3411.4000,3415.8000,3420.0000,3422.0000,3425.0000,3426.8000,1,1,2,1,1,1,5,2,1,3
SF,IH2008,2020-07-09 09:32:43.700,3413.0000,6876,0,210493200.000,0,-,-,-,-,3414.4000,3413.2000,3412.6000,3412.4000,3412.0000,3415.8000,3420.0000,3422.0000,3425.0000,3426.8000,1,1,2,1,1,1,5,2,1,3
SF,IH2008,2020-07-09 09:32:44.200,3413.0000,6876,0,210493200.000,0,-,-,-,-,3413.0000,3412.6000,3412.4000,3412.0000,3411.8000,3415.8000,3420.0000,3422.0000,3425.0000,3426.8000,1,2,1,1,1,1,5,2,1,3
SF,IH2008,2020-07-09 09:32:44.700,3413.0000,6876,0,210493200.000,0,-,-,-,-,3413.4000,3413.2000,3413.0000,3412.0000,3411.8000,3415.8000,3420.0000,3422.0000,3425.0000,3426.8000,1,3,1,1,1,1,5,2,1,3
SF,IH2008,2020-07-09 09:32:45.200,3415.8000,6875,-1,211517940.000,1,0,1,双平,S,3413.4000,3413.2000,3413.0000,3412.0000,3411.8000,3422.0000,3423.8000,3425.0000,3426.8000,3427.0000,1,2,1,1,1,2,5,1,3,1
SF,IH2008,2020-07-09 09:32:45.700,3415.8000,6875,0,211517940.000,0,-,-,-,-,3413.6000,3413.4000,3413.2000,3413.0000,3412.2000,3418.8000,3419.8000,3420.0000,3421.0000,3421.6000,4,1,1,1,1,1,3,3,1,2
SF,IH2008,2020-07-09 09:32:46.200,3415.8000,6875,0,211517940.000,0,-,-,-,-,3414.0000,3413.6000,3413.2000,3412.2000,3411.4000,3418.6000,3418.8000,3419.8000,3420.0000,3421.6000,1,5,1,1,1,1,2,3,3,2
SF,IH2008,2020-07-09 09:32:46.700,3415.8000,6875,0,211517940.000,0,-,-,-,-,3414.2000,3413.6000,3412.2000,3411.4000,3411.0000,3418.2000,3418.4000,3418.6000,3418.8000,3419.8000,1,2,1,1,1,2,2,1,1,3
SF,IH2008,2020-07-09 09:32:47.200,3414.2000,6874,-1,212542200.000,1,0,1,双平,S,3413.6000,3412.2000,3411.4000,3411.0000,3410.0000,3417.0000,3417.8000,3418.0000,3418.4000,3418.8000,1,1,1,1,1,1,1,2,1,1
SF,IH2008,2020-07-09 09:32:47.700,3413.6000,6873,-1,213566280.000,1,0,1,双平,S,3412.2000,3411.4000,3410.0000,3409.2000,3407.8000,3416.8000,3417.0000,3417.8000,3418.4000,3418.8000,1,1,1,1,1,2,1,1,1,1
SF,IH2008,2020-07-09 09:32:48.200,3413.6000,6873,0,213566280.000,0,-,-,-,-,3414.4000,3413.2000,3412.2000,3412.0000,3411.4000,3416.6000,3416.8000,3417.0000,3417.8000,3418.4000,1,1,1,1,1,1,2,1,1,1
SF,IH2008,2020-07-09 09:32:48.700,3414.2000,6873,0,214590540.000,1,0,1,多换,S,3412.2000,3412.0000,3411.4000,3410.0000,3409.2000,3416.4000,3416.6000,3416.8000,3417.8000,3418.4000,1,1,1,1,1,3,2,2,1,1
SF,IH2008,2020-07-09 09:32:49.200,3414.2000,6873,0,214590540.000,0,-,-,-,-,3412.2000,3412.0000,3411.4000,3410.0000,3409.2000,3415.8000,3416.2000,3416.4000,3416.6000,3416.8000,1,1,1,1,1,1,2,2,1,1
SF,IH2008,2020-07-09 09:32:49.700,3414.2000,6873,0,214590540.000,0,-,-,-,-,3412.4000,3412.0000,3411.4000,3410.0000,3409.2000,3415.6000,3416.4000,3416.8000,3417.8000,3418.8000,1,1,1,1,1,1,2,1,1,1
SF,IH2008,2020-07-09 09:32:50.200,3414.2000,6873,0,214590540.000,0,-,-,-,-,3412.0000,3411.4000,3410.0000,3409.2000,3407.8000,3415.2000,3415.4000,3415.6000,3416.4000,3416.8000,1,1,1,1,1,1,2,1,2,1
SF,IH2008,2020-07-09 09:32:50.700,3414.2000,6873,0,214590540.000,0,-,-,-,-,3412.2000,3412.0000,3411.4000,3410.0000,3409.2000,3415.0000,3415.2000,3415.4000,3416.4000,3417.8000,1,1,1,1,1,1,1,1,2,1
SF,IH2008,2020-07-09 09:32:51.200,3414.2000,6873,0,214590540.000,0,-,-,-,-,3412.2000,3412.0000,3411.4000,3410.0000,3409.2000,3414.8000,3415.0000,3415.2000,3415.4000,3416.4000,1,1,1,1,1,1,1,1,1,2
SF,IH2008,2020-07-09 09:32:51.700,3414.2000,6873,0,214590540.000,0,-,-,-,-,3412.4000,3412.2000,3412.0000,3411.4000,3410.0000,3415.0000,3415.4000,3416.4000,3417.8000,3418.8000,1,1,1,1,1,1,1,1,1,1
SF,IH2008,2020-07-09 09:32:52.200,3414.2000,6873,0,214590540.000,0,-,-,-,-,3412.4000,3412.2000,3412.0000,3411.4000,3410.0000,3415.0000,3415.4000,3417.8000,3418.8000,3419.8000,1,1,1,1,1,1,1,1,1,3
SF,IH2008,2020-07-09 09:32:52.700,3412.6000,6872,-1,216638820.000,2,0,2,多平,S,3412.6000,3412.4000,3412.0000,3411.4000,3410.0000,3417.8000,3418.8000,3419.8000,3420.0000,3421.6000,1,1,1,1,1,1,1,3,1,1
SF,IH2008,2020-07-09 09:32:53.200,3412.6000,6872,0,216638820.000,0,-,-,-,-,3412.8000,3412.6000,3412.0000,3411.4000,3410.0000,3417.4000,3417.6000,3418.8000,3419.8000,3420.0000,2,1,1,1,1,1,1,1,3,1
SF,IH2008,2020-07-09 09:32:53.700,3412.6000,6872,0,216638820.000,0,-,-,-,-,3413.2000,3412.8000,3412.6000,3412.0000,3411.4000,3417.2000,3417.4000,3417.6000,3418.8000,3419.8000,1,2,1,1,1,1,1,1,1,3
SF,IH2008,2020-07-09 09:32:54.200,3416.8000,6872,0,218687640.000,2,1,1,多换,S,3413.4000,3413.2000,3412.6000,3412.0000,3410.0000,3417.2000,3417.6000,3418.8000,3419.8000,3420.0000,1,1,1,1,1,1,1,1,3,1
SF,IH2008,2020-07-09 09:32:54.700,3416.8000,6872,0,218687640.000,0,-,-,-,-,3413.8000,3413.6000,3413.4000,3413.2000,3412.6000,3417.0000,3417.2000,3419.8000,3420.0000,3421.6000,1,1,2,1,1,1,1,3,1,1
SF,IH2008,2020-07-09 09:32:55.200,3416.8000,6872,0,218687640.000,0,-,-,-,-,3414.0000,3413.8000,3413.6000,3413.4000,3413.2000,3417.0000,3419.8000,3420.0000,3421.6000,3421.8000,4,1,2,1,1,1,3,1,1,1
SF,IH2008,2020-07-09 09:32:55.700,3416.8000,6872,0,218687640.000,0,-,-,-,-,3414.4000,3414.0000,3413.8000,3413.6000,3413.4000,3416.8000,3417.0000,3419.8000,3420.0000,3421.6000,1,4,1,1,1,1,1,3,1,1
SF,IH2008,2020-07-09 09:32:56.200,3416.8000,6872,0,218687640.000,0,-,-,-,-,3414.4000,3414.0000,3413.8000,3413.6000,3413.4000,3416.6000,3416.8000,3417.0000,3419.8000,3420.0000,1,4,1,1,1,1,1,1,3,1
SF,IH2008,2020-07-09 09:32:56.700,3416.8000,6872,0,218687640.000,0,-,-,-,-,3414.4000,3414.0000,3413.8000,3413.4000,3412.6000,3416.4000,3416.6000,3417.0000,3419.8000,3420.0000,1,4,1,1,1,1,1,1,3,1
SF,IH2008,2020-07-09 09:32:57.200,3416.8000,6872,0,218687640.000,0,-,-,-,-,3414.0000,3413.8000,3412.6000,3412.0000,3410.0000,3416.4000,3416.6000,3417.0000,3419.8000,3420.0000,2,1,1,1,1,1,1,1,3,1
SF,IH2008,2020-07-09 09:32:57.700,3416.8000,6871,-1,219712680.000,1,0,1,双平,S,3414.0000,3412.6000,3412.0000,3410.0000,3409.2000,3419.8000,3420.0000,3421.6000,3421.8000,3422.0000,1,1,1,1,1,3,1,1,1,3
SF,IH2008,2020-07-09 09:32:58.200,3416.8000,6871,0,219712680.000,0,-,-,-,-,3414.0000,3412.6000,3412.0000,3410.0000,3409.2000,3418.2000,3418.8000,3419.4000,3419.6000,3419.8000,1,1,1,1,1,1,1,1,6,4
SF,IH2008,2020-07-09 09:32:58.700,3416.8000,6871,0,219712680.000,0,-,-,-,-,3414.2000,3414.0000,3412.6000,3412.0000,3410.0000,3418.0000,3418.2000,3418.8000,3419.4000,3419.6000,1,1,1,1,1,1,1,1,1,4
SF,IH2008,2020-07-09 09:32:59.200,3416.8000,6871,0,219712680.000,0,-,-,-,-,3414.4000,3414.2000,3414.0000,3412.0000,3410.0000,3417.8000,3419.4000,3419.6000,3419.8000,3420.0000,3,1,1,1,1,2,1,2,3,1
SF,IH2008,2020-07-09 09:32:59.700,3416.8000,6871,0,219712680.000,0,-,-,-,-,3414.6000,3414.4000,3414.0000,3412.0000,3410.0000,3417.8000,3418.2000,3419.4000,3419.6000,3419.8000,2,4,1,1,1,2,1,1,2,3
SF,IH2008,2020-07-09 09:33:00.200,3416.8000,6871,0,219712680.000,0,-,-,-,-,3414.8000,3414.6000,3414.4000,3414.0000,3412.0000,3417.8000,3418.2000,3419.4000,3419.6000,3419.8000,1,2,1,1,1,1,1,1,1,3
SF,IH2008,2020-07-09 09:33:00.700,3416.8000,6871,0,219712680.000,0,-,-,-,-,3415.0000,3414.8000,3414.6000,3414.4000,3414.0000,3417.8000,3418.2000,3419.4000,3419.6000,3419.8000,2,2,1,1,1,1,1,1,1,3
SF,IH2008,2020-07-09 09:33:01.200,3417.8000,6871,0,220738020.000,1,0,1,多换,S,3415.2000,3415.0000,3414.8000,3414.4000,3414.0000,3418.2000,3419.4000,3419.8000,3420.0000,3421.6000,1,2,1,1,1,1,1,3,1,1
SF,IH2008,2020-07-09 09:33:01.700,3417.8000,6871,0,220738020.000,0,-,-,-,-,3415.6000,3415.4000,3415.2000,3414.0000,3413.0000,3418.2000,3419.4000,3419.8000,3420.0000,3421.6000,1,2,1,1,1,1,1,3,1,1
SF,IH2008,2020-07-09 09:33:02.200,3417.8000,6871,0,220738020.000,0,-,-,-,-,3415.8000,3415.6000,3415.4000,3415.2000,3414.0000,3418.0000,3418.2000,3419.4000,3419.8000,3421.6000,2,1,1,1,1,3,1,1,3,1
SF,IH2008,2020-07-09 09:33:02.700,3417.8000,6871,0,220738020.000,0,-,-,-,-,3415.8000,3415.2000,3414.4000,3414.0000,3413.0000,3418.0000,3418.2000,3419.4000,3419.8000,3421.6000,2,1,1,1,1,3,1,1,3,1
SF,IH2008,2020-07-09 09:33:03.700,3417.8000,6871,0,220738020.000,0,-,-,-,-,3415.8000,3415.2000,3414.4000,3414.0000,3413.0000,3418.0000,3418.2000,3419.4000,3419.8000,3421.6000,1,1,1,1,1,3,1,1,3,1
SF,IH2008,2020-07-09 09:33:04.200,3417.8000,6871,0,220738020.000,0,-,-,-,-,3415.8000,3415.2000,3414.4000,3414.0000,3413.0000,3418.0000,3418.2000,3419.4000,3419.8000,3421.6000,1,1,1,1,1,3,1,1,3,1
SF,IH2008,2020-07-09 09:33:05.200,3418.0000,6870,-1,221763420.000,1,0,1,双平,S,3415.8000,3415.2000,3414.4000,3414.0000,3413.0000,3418.0000,3418.2000,3419.4000,3419.8000,3421.6000,1,1,1,1,1,2,1,1,3,1
SF,IH2008,2020-07-09 09:33:05.700,3418.0000,6870,0,221763420.000,0,-,-,-,-,3415.8000,3415.2000,3414.4000,3414.0000,3413.0000,3417.8000,3418.0000,3418.2000,3419.4000,3419.8000,1,1,1,1,1,1,2,1,1,3
SF,IH2008,2020-07-09 09:33:06.700,3415.8000,6869,-1,222788160.000,1,0,1,双平,S,3415.2000,3414.4000,3414.0000,3413.0000,3412.0000,3417.8000,3418.0000,3418.2000,3419.4000,3419.8000,1,1,1,1,1,1,2,1,1,3
SF,IH2008,2020-07-09 09:33:07.200,3415.8000,6869,0,222788160.000,0,-,-,-,-,3415.2000,3414.4000,3414.0000,3413.0000,3412.0000,3417.6000,3417.8000,3418.0000,3418.2000,3419.4000,1,1,1,1,1,1,1,2,1,1
SF,IH2008,2020-07-09 09:33:07.700,3415.8000,6869,0,222788160.000,0,-,-,-,-,3414.4000,3414.0000,3413.0000,3412.0000,3409.2000,3417.4000,3417.6000,3417.8000,3418.0000,3418.2000,1,1,1,1,1,1,1,1,2,1
SF,IH2008,2020-07-09 09:33:08.200,3415.8000,6869,0,222788160.000,0,-,-,-,-,3414.4000,3414.0000,3413.0000,3412.0000,3409.2000,3417.2000,3417.4000,3417.8000,3418.0000,3418.2000,1,1,1,1,1,2,1,1,2,1
SF,IH2008,2020-07-09 09:33:08.700,3415.8000,6869,0,222788160.000,0,-,-,-,-,3414.4000,3413.0000,3412.0000,3409.2000,3407.8000,3417.0000,3417.2000,3417.4000,3417.8000,3418.0000,1,1,1,1,1,1,2,1,1,2
SF,IH2008,2020-07-09 09:33:09.200,3414.4000,6869,0,223812480.000,1,0,1,多换,S,3413.0000,3412.0000,3409.2000,3407.8000,3406.8000,3417.0000,3417.2000,3417.4000,3417.8000,3418.0000,1,1,1,1,1,1,1,1,1,2
SF,IH2008,2020-07-09 09:33:09.700,3414.4000,6869,0,223812480.000,0,-,-,-,-,3413.2000,3413.0000,3412.0000,3409.2000,3407.8000,3416.8000,3417.0000,3417.4000,3418.0000,3418.2000,1,1,1,1,1,2,1,1,2,1
SF,IH2008,2020-07-09 09:33:10.200,3414.4000,6869,0,223812480.000,0,-,-,-,-,3413.2000,3413.0000,3412.0000,3409.2000,3407.8000,3416.6000,3416.8000,3418.0000,3418.2000,3419.4000,1,1,1,1,1,1,2,2,1,1
SF,IH2008,2020-07-09 09:33:10.700,3414.4000,6869,0,223812480.000,0,-,-,-,-,3414.4000,3413.2000,3413.0000,3412.4000,3412.0000,3416.4000,3416.6000,3416.8000,3418.0000,3418.2000,1,1,1,3,1,1,1,1,2,1
SF,IH2008,2020-07-09 09:33:11.200,3414.4000,6869,0,223812480.000,0,-,-,-,-,3414.4000,3413.2000,3413.0000,3412.4000,3412.0000,3416.6000,3418.0000,3418.2000,3419.4000,3419.8000,1,1,1,3,1,1,2,1,1,3
SF,IH2008,2020-07-09 09:33:11.700,3414.4000,6869,0,223812480.000,0,-,-,-,-,3414.4000,3413.2000,3413.0000,3412.4000,3412.0000,3416.6000,3418.0000,3418.2000,3419.4000,3419.8000,1,1,1,3,1,1,2,1,1,3
SF,IH2008,2020-07-09 09:33:12.200,3414.4000,6869,0,223812480.000,0,-,-,-,-,3414.6000,3414.4000,3413.0000,3412.4000,3412.0000,3418.0000,3418.2000,3419.4000,3419.8000,3421.6000,1,1,1,3,1,2,1,1,3,1
SF,IH2008,2020-07-09 09:33:12.700,3414.4000,6869,0,223812480.000,0,-,-,-,-,3415.0000,3414.6000,3414.4000,3413.0000,3412.4000,3417.8000,3418.0000,3418.2000,3419.4000,3419.8000,1,1,1,1,3,2,2,1,1,3
SF,IH2008,2020-07-09 09:33:13.200,3414.4000,6869,0,223812480.000,0,-,-,-,-,3415.2000,3415.0000,3414.4000,3413.0000,3412.4000,3417.8000,3418.0000,3418.2000,3419.4000,3419.8000,1,1,1,1,3,1,2,1,1,3
SF,IH2008,2020-07-09 09:33:13.700,3414.4000,6869,0,223812480.000,0,-,-,-,-,3415.4000,3415.2000,3414.4000,3413.0000,3412.4000,3417.8000,3418.0000,3418.2000,3419.4000,3419.8000,2,1,1,1,3,1,2,1,1,3
SF,IH2008,2020-07-09 09:33:14.200,3414.4000,6869,0,223812480.000,0,-,-,-,-,3415.6000,3415.4000,3415.2000,3414.4000,3413.0000,3418.0000,3418.2000,3419.4000,3419.8000,3421.6000,1,1,1,1,1,2,1,1,3,1
SF,IH2008,2020-07-09 09:33:14.700,3414.4000,6869,0,223812480.000,0,-,-,-,-,3415.8000,3415.6000,3415.4000,3414.4000,3413.0000,3418.0000,3418.2000,3419.4000,3419.8000,3421.6000,2,1,1,1,1,2,1,1,3,1
SF,IH2008,2020-07-09 09:33:15.200,3414.4000,6869,0,223812480.000,0,-,-,-,-,3417.0000,3415.8000,3415.6000,3415.4000,3414.4000,3418.0000,3418.2000,3419.4000,3419.8000,3421.6000,1,1,1,1,2,2,1,1,3,1
SF,IH2008,2020-07-09 09:33:15.700,3417.0000,6869,0,224837580.000,1,0,1,多换,S,3415.6000,3415.4000,3414.4000,3413.0000,3412.4000,3418.0000,3418.2000,3419.4000,3419.8000,3422.0000,1,1,2,1,3,2,1,1,3,2
SF,IH2008,2020-07-09 09:33:16.200,3415.6000,6869,0,225862260.000,1,0,1,多换,S,3415.4000,3414.4000,3413.0000,3412.4000,3412.0000,3417.8000,3418.0000,3418.2000,3419.4000,3419.8000,1,2,1,3,1,1,2,1,1,3
SF,IH2008,2020-07-09 09:33:16.700,3415.6000,6869,0,225862260.000,0,-,-,-,-,3414.4000,3413.0000,3412.4000,3412.0000,3409.2000,3415.6000,3417.6000,3417.8000,3418.0000,3418.2000,2,1,3,1,1,1,1,1,2,1
SF,IH2008,2020-07-09 09:33:17.200,3415.6000,6868,-1,226886940.000,1,0,1,双平,S,3415.6000,3414.4000,3413.0000,3412.4000,3412.0000,3417.6000,3418.0000,3418.2000,3419.0000,3419.4000,2,2,1,3,1,1,2,1,1,1
SF,IH2008,2020-07-09 09:33:17.700,3415.6000,6867,-1,228936300.000,2,0,2,多平,S,3414.4000,3413.0000,3412.4000,3412.0000,3409.2000,3417.4000,3417.6000,3418.0000,3418.2000,3419.0000,2,1,3,1,1,1,1,2,1,1
SF,IH2008,2020-07-09 09:33:18.200,3415.6000,6867,0,228936300.000,0,-,-,-,-,3414.4000,3413.0000,3412.4000,3412.0000,3409.2000,3417.2000,3417.4000,3418.0000,3418.2000,3419.0000,2,1,3,1,1,1,1,2,1,1
SF,IH2008,2020-07-09 09:33:18.700,3415.6000,6867,0,228936300.000,0,-,-,-,-,3414.4000,3413.0000,3412.4000,3412.0000,3409.2000,3417.0000,3417.2000,3418.0000,3418.2000,3419.0000,1,1,3,1,1,1,1,2,1,1
SF,IH2008,2020-07-09 09:33:19.200,3415.6000,6867,0,228936300.000,0,-,-,-,-,3414.4000,3413.0000,3412.4000,3412.0000,3409.2000,3417.0000,3417.2000,3418.0000,3418.2000,3419.0000,1,1,3,1,1,1,1,2,1,1
SF,IH2008,2020-07-09 09:33:19.700,3415.6000,6867,0,228936300.000,0,-,-,-,-,3414.4000,3413.0000,3412.4000,3412.0000,3409.2000,3416.8000,3417.0000,3417.2000,3418.0000,3418.2000,1,1,3,1,1,1,1,1,2,1
SF,IH2008,2020-07-09 09:33:20.200,3415.6000,6867,0,228936300.000,0,-,-,-,-,3414.4000,3413.0000,3412.4000,3412.0000,3409.2000,3416.8000,3417.0000,3417.2000,3418.0000,3418.2000,1,1,3,1,1,1,1,2,2,1
SF,IH2008,2020-07-09 09:33:20.700,3415.6000,6867,0,228936300.000,0,-,-,-,-,3414.6000,3414.4000,3413.0000,3412.4000,3412.0000,3416.8000,3417.0000,3417.2000,3418.0000,3418.2000,1,1,1,3,1,1,1,2,2,1
SF,IH2008,2020-07-09 09:33:21.200,3415.6000,6867,0,228936300.000,0,-,-,-,-,3414.6000,3414.4000,3413.0000,3412.4000,3412.0000,3417.2000,3418.0000,3418.2000,3419.0000,3419.4000,1,1,1,3,1,2,2,1,1,1
SF,IH2008,2020-07-09 09:33:21.700,3415.6000,6867,0,228936300.000,0,-,-,-,-,3414.6000,3414.4000,3413.0000,3412.4000,3412.0000,3417.0000,3417.2000,3418.0000,3418.2000,3419.0000,1,1,1,3,1,1,2,2,1,1
SF,IH2008,2020-07-09 09:33:22.200,3415.6000,6867,0,228936300.000,0,-,-,-,-,3414.4000,3413.0000,3412.4000,3412.0000,3409.2000,3417.0000,3417.2000,3418.0000,3418.2000,3419.0000,1,1,3,1,1,1,2,2,1,1
SF,IH2008,2020-07-09 09:33:22.700,3415.6000,6867,0,228936300.000,0,-,-,-,-,3414.4000,3413.0000,3412.4000,3412.0000,3409.2000,3416.8000,3417.0000,3417.2000,3418.0000,3418.2000,1,1,3,1,1,1,1,2,2,1
SF,IH2008,2020-07-09 09:33:24.200,3415.6000,6867,0,228936300.000,0,-,-,-,-,3414.4000,3413.0000,3412.4000,3412.0000,3409.2000,3417.0000,3417.2000,3418.0000,3418.2000,3419.0000,1,1,3,1,1,1,2,2,1,1
SF,IH2008,2020-07-09 09:33:24.700,3415.6000,6867,0,228936300.000,0,-,-,-,-,3415.2000,3414.4000,3413.0000,3412.4000,3412.0000,3416.8000,3417.0000,3417.2000,3418.0000,3418.2000,1,1,1,3,1,1,1,1,2,1
SF,IH2008,2020-07-09 09:33:25.200,3415.2000,6866,-1,229960860.000,1,0,1,双平,S,3414.6000,3414.4000,3413.0000,3412.4000,3412.0000,3416.8000,3417.0000,3417.2000,3418.0000,3418.2000,2,1,1,3,1,1,1,1,2,1
SF,IH2008,2020-07-09 09:33:25.700,3415.2000,6866,0,229960860.000,0,-,-,-,-,3414.6000,3414.4000,3413.0000,3412.4000,3412.0000,3416.6000,3416.8000,3417.2000,3418.0000,3418.2000,1,1,1,3,1,1,1,1,2,1
SF,IH2008,2020-07-09 09:33:26.200,3414.4000,6864,-2,232009560.000,2,0,2,双平,S,3413.0000,3412.4000,3412.0000,3409.2000,3407.8000,3414.2000,3416.4000,3416.6000,3416.8000,3417.2000,1,3,1,1,1,1,1,1,1,1
SF,IH2008,2020-07-09 09:33:26.700,3414.2000,6863,-1,233033820.000,1,0,1,双平,S,3414.2000,3413.0000,3412.4000,3412.0000,3409.2000,3416.4000,3416.8000,3417.2000,3418.0000,3418.2000,1,1,3,1,1,1,1,1,2,1
SF,IH2008,2020-07-09 09:33:27.200,3414.2000,6863,0,233033820.000,0,-,-,-,-,3413.0000,3412.4000,3412.0000,3409.2000,3407.8000,3416.2000,3416.4000,3416.8000,3417.2000,3418.0000,1,3,1,1,1,1,1,1,1,2
SF,IH2008,2020-07-09 09:33:27.700,3416.2000,6860,-3,236108280.000,3,0,3,双平,S,3413.2000,3413.0000,3412.4000,3412.0000,3409.2000,3416.4000,3416.8000,3417.2000,3418.0000,3418.2000,1,1,3,1,1,1,1,1,2,1
SF,IH2008,2020-07-09 09:33:28.200,3416.2000,6860,0,236108280.000,0,-,-,-,-,3413.4000,3413.2000,3413.0000,3412.4000,3412.0000,3416.4000,3416.8000,3417.2000,3418.0000,3418.2000,1,1,1,3,1,1,1,1,2,1
SF,IH2008,2020-07-09 09:33:28.700,3416.8000,6859,-1,240208140.000,4,1,3,多平,S,3413.6000,3413.0000,3412.4000,3412.0000,3409.2000,3417.2000,3418.0000,3418.2000,3419.0000,3419.4000,1,1,3,1,1,1,2,1,1,1
SF,IH2008,2020-07-09 09:33:29.200,3416.8000,6859,0,240208140.000,0,-,-,-,-,3416.4000,3416.0000,3415.4000,3413.6000,3413.0000,3417.0000,3417.2000,3418.0000,3418.2000,3419.0000,1,1,1,1,1,2,1,2,1,1
SF,IH2008,2020-07-09 09:33:29.700,3416.0000,6857,-2,243282660.000,3,0,3,多平,S,3415.4000,3413.6000,3413.0000,3412.4000,3412.0000,3416.2000,3417.0000,3417.2000,3418.0000,3418.2000,1,1,1,3,1,1,1,1,2,1
SF,IH2008,2020-07-09 09:33:30.200,3415.4000,6857,0,244307280.000,1,0,1,多换,S,3413.6000,3413.0000,3412.4000,3412.0000,3409.2000,3416.2000,3417.0000,3417.2000,3418.0000,3418.2000,1,1,3,1,1,1,1,1,2,1
SF,IH2008,2020-07-09 09:33:30.700,3415.4000,6857,0,244307280.000,0,-,-,-,-,3413.8000,3413.6000,3413.0000,3412.4000,3412.0000,3416.0000,3416.2000,3417.0000,3417.2000,3418.0000,1,1,1,3,1,1,1,1,1,2
SF,IH2008,2020-07-09 09:33:31.200,3415.4000,6857,0,244307280.000,0,-,-,-,-,3413.6000,3413.0000,3412.4000,3412.0000,3409.2000,3415.8000,3416.0000,3416.2000,3417.0000,3417.2000,1,1,3,1,1,1,1,1,1,1
SF,IH2008,2020-07-09 09:33:31.700,3415.4000,6857,0,244307280.000,0,-,-,-,-,3413.0000,3412.4000,3412.0000,3409.2000,3407.8000,3415.8000,3416.0000,3417.0000,3417.2000,3418.0000,1,3,1,1,1,1,1,1,1,2
SF,IH2008,2020-07-09 09:33:32.200,3415.4000,6857,0,244307280.000,0,-,-,-,-,3413.2000,3413.0000,3412.4000,3412.0000,3409.2000,3415.8000,3416.0000,3417.2000,3418.0000,3418.2000,2,1,3,1,1,1,2,1,2,1
SF,IH2008,2020-07-09 09:33:32.700,3415.4000,6857,0,244307280.000,0,-,-,-,-,3413.2000,3413.0000,3412.4000,3412.0000,3409.2000,3415.8000,3416.0000,3417.2000,3418.0000,3418.2000,1,1,3,1,1,1,2,2,2,1
SF,IH2008,2020-07-09 09:33:33.700,3415.4000,6857,0,244307280.000,0,-,-,-,-,3413.2000,3413.0000,3412.4000,3412.0000,3409.2000,3415.8000,3416.0000,3417.2000,3418.0000,3418.2000,1,1,3,1,1,1,1,2,2,1
SF,IH2008,2020-07-09 09:33:34.200,3413.4000,6855,-2,246355320.000,2,0,2,双平,S,3413.2000,3413.0000,3412.4000,3412.0000,3409.2000,3415.6000,3416.0000,3417.2000,3418.0000,3418.2000,1,1,3,1,1,1,1,2,2,1
SF,IH2008,2020-07-09 09:33:34.700,3413.4000,6855,0,246355320.000,0,-,-,-,-,3413.4000,3413.2000,3413.0000,3412.4000,3412.0000,3415.6000,3416.0000,3417.2000,3418.0000,3418.2000,1,1,1,3,1,1,1,1,2,1
SF,IH2008,2020-07-09 09:33:36.700,3413.4000,6855,0,246355320.000,0,-,-,-,-,3413.4000,3413.2000,3413.0000,3412.4000,3412.0000,3415.6000,3416.0000,3417.2000,3418.0000,3418.2000,1,1,1,3,1,1,1,1,2,1
SF,IH2008,2020-07-09 09:33:37.200,3413.4000,6855,0,246355320.000,0,-,-,-,-,3413.4000,3413.2000,3413.0000,3412.4000,3412.0000,3415.4000,3415.6000,3417.2000,3418.0000,3418.2000,1,1,1,3,1,1,1,1,2,1
SF,IH2008,2020-07-09 09:33:37.700,3413.4000,6855,0,246355320.000,0,-,-,-,-,3413.4000,3413.0000,3412.4000,3412.0000,3409.2000,3415.2000,3415.4000,3415.6000,3417.2000,3418.0000,1,1,3,1,1,1,1,1,1,2
SF,IH2008,2020-07-09 09:33:39.200,3413.4000,6855,0,246355320.000,0,-,-,-,-,3413.4000,3413.0000,3412.4000,3412.0000,3409.2000,3414.6000,3415.0000,3415.4000,3415.6000,3417.2000,1,1,3,1,1,1,1,1,1,1
SF,IH2008,2020-07-09 09:33:39.700,3413.4000,6854,-1,247379340.000,1,0,1,双平,S,3413.0000,3412.4000,3412.0000,3409.2000,3407.8000,3414.6000,3415.0000,3415.4000,3415.6000,3417.2000,1,3,1,1,1,1,1,1,1,1
SF,IH2008,2020-07-09 09:33:40.200,3413.4000,6854,0,247379340.000,0,-,-,-,-,3413.0000,3412.4000,3412.0000,3409.2000,3407.8000,3414.4000,3414.6000,3415.0000,3415.4000,3415.6000,1,3,1,1,1,2,1,1,1,1
SF,IH2008,2020-07-09 09:33:40.700,3413.4000,6854,0,247379340.000,0,-,-,-,-,3413.4000,3413.0000,3412.4000,3412.0000,3409.2000,3414.4000,3414.6000,3415.0000,3415.4000,3417.2000,1,1,3,1,1,2,1,1,1,1
SF,IH2008,2020-07-09 09:33:41.200,3413.4000,6853,-1,248403360.000,1,0,1,双平,S,3413.0000,3412.4000,3412.0000,3409.2000,3407.8000,3413.4000,3414.4000,3414.6000,3415.0000,3415.4000,1,3,1,1,1,3,1,1,1,1
SF,IH2008,2020-07-09 09:33:41.700,3413.0000,6853,0,249427260.000,1,0,1,多换,S,3412.4000,3412.0000,3409.2000,3407.8000,3406.6000,3413.4000,3414.4000,3414.6000,3415.0000,3417.2000,3,1,1,1,1,3,1,1,1,1
SF,IH2008,2020-07-09 09:33:42.200,3413.0000,6853,0,249427260.000,0,-,-,-,-,3412.4000,3412.0000,3409.2000,3407.8000,3406.6000,3413.4000,3414.6000,3417.2000,3417.6000,3418.0000,3,1,1,1,1,3,1,1,1,2
SF,IH2008,2020-07-09 09:33:42.700,3413.0000,6853,0,249427260.000,0,-,-,-,-,3412.4000,3412.0000,3409.2000,3407.8000,3406.6000,3413.4000,3414.0000,3417.2000,3417.6000,3418.0000,3,1,1,1,1,3,1,1,1,2
SF,IH2008,2020-07-09 09:33:43.200,3413.0000,6853,0,249427260.000,0,-,-,-,-,3412.4000,3412.0000,3409.2000,3407.8000,3406.6000,3413.2000,3413.4000,3414.0000,3417.2000,3417.6000,3,1,1,1,1,2,2,1,1,1
SF,IH2008,2020-07-09 09:33:43.700,3412.4000,6850,-3,252498420.000,3,0,3,双平,S,3412.0000,3409.2000,3407.8000,3406.6000,3403.8000,3413.0000,3413.2000,3414.0000,3417.2000,3417.6000,1,1,1,1,1,1,2,1,1,1
SF,IH2008,2020-07-09 09:33:44.200,3412.4000,6850,0,252498420.000,0,-,-,-,-,3412.0000,3409.2000,3407.8000,3406.6000,3403.8000,3412.8000,3413.0000,3413.2000,3417.2000,3417.6000,1,1,1,1,1,1,2,2,1,1
SF,IH2008,2020-07-09 09:33:44.700,3412.0000,6850,0,253522020.000,1,0,1,多换,S,3409.2000,3407.8000,3406.6000,3403.8000,3403.2000,3412.8000,3413.0000,3413.2000,3416.2000,3417.2000,1,1,1,1,1,1,1,2,5,1
SF,IH2008,2020-07-09 09:33:45.200,3412.0000,6850,0,253522020.000,0,-,-,-,-,3409.4000,3409.2000,3407.8000,3406.6000,3403.8000,3412.8000,3413.0000,3413.2000,3416.2000,3417.2000,2,1,1,1,1,1,1,2,5,1
SF,IH2008,2020-07-09 09:33:45.700,3412.6000,6849,-1,254545800.000,1,0,1,双平,S,3409.4000,3409.2000,3407.8000,3406.6000,3403.8000,3412.8000,3413.0000,3413.2000,3416.2000,3417.2000,2,1,1,1,1,1,1,2,5,1
SF,IH2008,2020-07-09 09:33:46.200,3409.4000,6848,-1,255568620.000,1,0,1,双平,S,3409.2000,3407.8000,3406.6000,3403.8000,3403.2000,3409.4000,3412.6000,3412.8000,3413.0000,3413.2000,1,1,1,1,1,2,2,1,1,2
SF,IH2008,2020-07-09 09:33:46.700,3409.4000,6846,-2,257614260.000,2,0,2,双平,S,3409.4000,3409.2000,3407.8000,3406.6000,3403.8000,3412.6000,3413.0000,3413.2000,3414.8000,3416.2000,1,1,1,1,1,3,1,1,1,5
SF,IH2008,2020-07-09 09:33:47.200,3409.4000,6846,0,257614260.000,0,-,-,-,-,3409.2000,3407.8000,3406.6000,3405.2000,3403.8000,3412.2000,3412.4000,3412.6000,3413.0000,3413.2000,1,1,1,1,1,1,1,3,1,1
SF,IH2008,2020-07-09 09:33:47.700,3409.4000,6846,0,257614260.000,0,-,-,-,-,3409.2000,3407.8000,3406.6000,3405.2000,3403.8000,3412.0000,3412.2000,3412.4000,3412.6000,3413.0000,1,1,1,1,1,3,3,2,1,1
SF,IH2008,2020-07-09 09:33:48.200,3409.4000,6846,0,257614260.000,0,-,-,-,-,3409.2000,3407.8000,3406.6000,3405.2000,3403.8000,3411.8000,3412.0000,3412.2000,3412.4000,3413.0000,1,1,1,1,1,2,4,2,1,1
SF,IH2008,2020-07-09 09:33:48.700,3409.2000,6846,0,258637020.000,1,0,1,多换,S,3407.8000,3406.6000,3405.2000,3403.8000,3403.2000,3409.2000,3411.6000,3411.8000,3412.0000,3412.2000,1,1,1,1,1,1,2,3,2,1
SF,IH2008,2020-07-09 09:33:49.200,3409.2000,6845,-1,259659780.000,1,0,1,双平,S,3408.0000,3406.6000,3405.2000,3403.8000,3403.2000,3411.6000,3411.8000,3412.0000,3412.2000,3413.0000,1,1,1,1,1,2,2,2,1,1
SF,IH2008,2020-07-09 09:33:49.700,3409.2000,6845,0,259659780.000,0,-,-,-,-,3405.2000,3403.8000,3403.2000,3403.0000,3402.2000,3410.8000,3411.4000,3411.6000,3411.8000,3412.0000,1,1,1,1,3,1,3,2,1,1
SF,IH2008,2020-07-09 09:33:50.200,3409.2000,6845,0,259659780.000,0,-,-,-,-,3405.4000,3405.2000,3403.8000,3403.2000,3403.0000,3410.4000,3410.6000,3410.8000,3411.0000,3411.4000,1,1,1,1,1,2,1,1,1,1
SF,IH2008,2020-07-09 09:33:50.700,3409.2000,6845,0,259659780.000,0,-,-,-,-,3405.6000,3405.4000,3405.2000,3403.8000,3403.2000,3410.2000,3410.4000,3410.8000,3411.0000,3411.8000,2,1,1,1,1,2,1,1,1,1
SF,IH2008,2020-07-09 09:33:51.200,3409.2000,6845,0,259659780.000,0,-,-,-,-,3405.8000,3405.6000,3405.2000,3403.8000,3403.2000,3410.2000,3410.4000,3410.8000,3411.0000,3411.8000,1,1,1,1,1,2,1,1,1,1
SF,IH2008,2020-07-09 09:33:51.700,3409.2000,6845,0,259659780.000,0,-,-,-,-,3405.8000,3405.2000,3403.8000,3403.2000,3403.0000,3410.0000,3410.2000,3410.4000,3410.8000,3411.0000,1,1,1,1,1,1,2,1,1,1
SF,IH2008,2020-07-09 09:33:52.200,3409.2000,6845,0,259659780.000,0,-,-,-,-,3405.8000,3405.2000,3403.8000,3403.2000,3403.0000,3409.8000,3410.0000,3410.4000,3410.8000,3411.0000,1,1,1,1,1,2,1,1,1,1
SF,IH2008,2020-07-09 09:33:53.200,3409.2000,6845,0,259659780.000,0,-,-,-,-,3405.8000,3405.2000,3403.8000,3403.2000,3403.0000,3409.4000,3409.8000,3410.0000,3410.4000,3410.8000,1,1,1,1,1,1,2,1,1,1
SF,IH2008,2020-07-09 09:33:53.700,3409.2000,6845,0,259659780.000,0,-,-,-,-,3406.0000,3405.8000,3405.2000,3403.8000,3403.2000,3409.4000,3410.0000,3410.4000,3410.8000,3412.0000,2,1,1,1,1,1,1,1,1,1
SF,IH2008,2020-07-09 09:33:54.200,3406.4000,6845,0,260681700.000,1,0,1,多换,S,3406.2000,3406.0000,3405.2000,3403.8000,3403.2000,3409.4000,3410.0000,3410.4000,3410.8000,3412.0000,1,2,1,1,1,1,1,1,1,1
SF,IH2008,2020-07-09 09:33:54.700,3406.4000,6845,0,260681700.000,0,-,-,-,-,3406.4000,3406.2000,3405.2000,3403.8000,3403.2000,3409.4000,3410.4000,3412.0000,3413.2000,3414.8000,1,1,1,1,1,1,1,1,1,1
SF,IH2008,2020-07-09 09:33:55.200,3406.4000,6845,0,260681700.000,0,-,-,-,-,3406.6000,3406.4000,3405.2000,3403.8000,3403.2000,3409.4000,3410.4000,3412.0000,3413.2000,3414.8000,2,1,1,1,1,1,1,1,1,1
SF,IH2008,2020-07-09 09:33:55.700,3406.4000,6845,0,260681700.000,0,-,-,-,-,3407.0000,3406.8000,3406.6000,3405.2000,3403.8000,3409.4000,3410.4000,3412.0000,3413.2000,3414.8000,1,3,3,1,1,1,1,1,1,1
SF,IH2008,2020-07-09 09:33:56.200,3409.4000,6844,-1,261704520.000,1,0,1,双平,S,3407.2000,3407.0000,3406.8000,3406.6000,3405.2000,3410.4000,3413.2000,3414.8000,3416.2000,3417.2000,2,1,3,2,1,1,1,1,5,1
SF,IH2008,2020-07-09 09:33:56.700,3409.4000,6844,0,261704520.000,0,-,-,-,-,3407.6000,3407.4000,3407.2000,3406.8000,3405.2000,3410.0000,3414.8000,3416.2000,3417.2000,3418.0000,1,2,1,2,1,1,1,5,1,2
SF,IH2008,2020-07-09 09:33:57.200,3410.0000,6844,0,262727520.000,1,0,1,多换,S,3407.8000,3407.6000,3407.4000,3406.8000,3405.2000,3414.8000,3416.2000,3417.2000,3418.0000,3419.0000,3,1,2,2,1,1,5,1,2,1
SF,IH2008,2020-07-09 09:33:57.700,3410.0000,6844,0,262727520.000,0,-,-,-,-,3407.8000,3407.6000,3407.4000,3406.8000,3405.2000,3412.8000,3413.4000,3414.4000,3414.6000,3414.8000,3,1,1,1,1,1,1,2,4,2
SF,IH2008,2020-07-09 09:33:58.200,3410.0000,6844,0,262727520.000,0,-,-,-,-,3408.0000,3407.8000,3407.6000,3407.4000,3406.8000,3412.4000,3412.6000,3412.8000,3414.6000,3414.8000,1,2,1,1,1,2,3,2,2,2
SF,IH2008,2020-07-09 09:33:58.700,3410.0000,6844,0,262727520.000,0,-,-,-,-,3408.2000,3408.0000,3407.6000,3406.8000,3405.2000,3411.8000,3412.2000,3412.4000,3412.6000,3412.8000,1,1,1,1,1,1,2,1,1,2
SF,IH2008,2020-07-09 09:33:59.200,3410.0000,6844,0,262727520.000,0,-,-,-,-,3408.2000,3408.0000,3407.6000,3405.2000,3403.8000,3411.4000,3411.6000,3411.8000,3412.6000,3412.8000,1,1,1,1,1,1,3,1,1,1
SF,IH2008,2020-07-09 09:33:59.700,3410.0000,6844,0,262727520.000,0,-,-,-,-,3407.6000,3405.2000,3403.8000,3403.2000,3403.0000,3411.2000,3411.4000,3411.6000,3411.8000,3412.6000,1,1,1,1,1,2,1,1,1,1
SF,IH2008,2020-07-09 09:34:00.200,3410.0000,6844,0,262727520.000,0,-,-,-,-,3407.6000,3405.2000,3403.8000,3403.2000,3403.0000,3410.8000,3411.0000,3411.2000,3411.6000,3411.8000,1,1,1,1,1,1,5,2,1,1
SF,IH2008,2020-07-09 09:34:00.700,3410.0000,6844,0,262727520.000,0,-,-,-,-,3405.2000,3403.8000,3403.2000,3403.0000,3402.2000,3410.0000,3410.6000,3410.8000,3411.0000,3411.6000,1,1,1,1,3,1,2,1,4,1
SF,IH2008,2020-07-09 09:34:01.200,3410.0000,6844,0,262727520.000,0,-,-,-,-,3405.6000,3405.4000,3405.2000,3403.8000,3403.2000,3409.6000,3409.8000,3411.0000,3411.6000,3412.8000,1,2,1,1,1,1,2,3,1,1
SF,IH2008,2020-07-09 09:34:01.700,3410.0000,6844,0,262727520.000,0,-,-,-,-,3405.8000,3405.6000,3405.4000,3405.2000,3403.8000,3409.4000,3409.8000,3411.0000,3412.8000,3414.6000,2,1,1,1,1,2,1,3,1,1
SF,IH2008,2020-07-09 09:34:02.200,3410.0000,6844,0,262727520.000,0,-,-,-,-,3406.2000,3405.8000,3405.4000,3405.2000,3403.8000,3409.4000,3409.8000,3411.0000,3412.8000,3414.6000,1,2,1,1,1,2,1,3,1,1
SF,IH2008,2020-07-09 09:34:02.700,3410.0000,6844,0,262727520.000,0,-,-,-,-,3406.4000,3405.8000,3405.4000,3405.2000,3403.8000,3409.4000,3409.8000,3411.0000,3412.8000,3414.6000,1,1,1,1,1,2,1,3,1,1
SF,IH2008,2020-07-09 09:34:03.200,3410.0000,6844,0,262727520.000,0,-,-,-,-,3406.6000,3406.4000,3405.8000,3405.4000,3405.2000,3409.4000,3409.8000,3411.0000,3412.8000,3414.6000,1,1,1,1,1,2,1,3,1,1
SF,IH2008,2020-07-09 09:34:03.700,3410.0000,6844,0,262727520.000,0,-,-,-,-,3406.8000,3406.6000,3405.8000,3405.4000,3405.2000,3409.4000,3409.8000,3411.0000,3412.8000,3414.6000,1,2,1,1,1,2,1,3,1,1
SF,IH2008,2020-07-09 09:34:04.200,3410.0000,6844,0,262727520.000,0,-,-,-,-,3407.0000,3406.8000,3406.6000,3405.2000,3403.8000,3409.4000,3411.0000,3412.8000,3414.6000,3414.8000,1,1,2,1,1,1,3,1,1,2
SF,IH2008,2020-07-09 09:34:04.700,3410.0000,6844,0,262727520.000,0,-,-,-,-,3407.0000,3406.8000,3406.6000,3405.2000,3403.8000,3409.4000,3411.0000,3412.8000,3414.6000,3414.8000,1,1,2,1,1,1,2,1,1,2
SF,IH2008,2020-07-09 09:34:05.200,3410.0000,6844,0,262727520.000,0,-,-,-,-,3407.2000,3406.6000,3405.2000,3403.8000,3403.2000,3409.4000,3411.0000,3412.8000,3414.6000,3414.8000,2,2,1,1,1,1,2,1,1,2
SF,IH2008,2020-07-09 09:34:05.700,3410.0000,6844,0,262727520.000,0,-,-,-,-,3407.2000,3406.6000,3405.2000,3403.8000,3403.2000,3411.0000,3412.8000,3414.6000,3414.8000,3416.2000,2,2,1,1,1,2,1,1,2,5
SF,IH2008,2020-07-09 09:34:06.200,3410.0000,6844,0,262727520.000,0,-,-,-,-,3406.6000,3405.2000,3403.8000,3403.2000,3403.0000,3410.6000,3410.8000,3411.0000,3412.8000,3414.6000,2,1,1,1,1,1,3,1,1,1
SF,IH2008,2020-07-09 09:34:06.700,3410.0000,6844,0,262727520.000,0,-,-,-,-,3406.8000,3406.6000,3405.2000,3403.8000,3403.2000,3410.0000,3410.4000,3410.6000,3410.8000,3411.0000,1,1,1,1,1,1,2,1,1,1
SF,IH2008,2020-07-09 09:34:07.200,3410.0000,6844,0,262727520.000,0,-,-,-,-,3406.6000,3405.2000,3403.8000,3403.2000,3403.0000,3409.6000,3409.8000,3410.0000,3410.4000,3410.8000,1,1,1,1,1,1,3,2,1,1
SF,IH2008,2020-07-09 09:34:07.700,3410.0000,6844,0,262727520.000,0,-,-,-,-,3406.6000,3405.2000,3403.8000,3403.2000,3403.0000,3409.2000,3409.4000,3409.6000,3409.8000,3410.0000,1,1,1,1,1,1,3,1,1,2
SF,IH2008,2020-07-09 09:34:08.200,3410.0000,6844,0,262727520.000,0,-,-,-,-,3406.6000,3405.2000,3403.8000,3403.2000,3403.0000,3408.8000,3409.0000,3409.2000,3409.4000,3409.8000,1,1,1,1,1,1,2,1,2,1
SF,IH2008,2020-07-09 09:34:08.700,3406.6000,6843,-1,263749500.000,1,0,1,双平,S,3405.2000,3403.8000,3403.2000,3403.0000,3402.2000,3408.4000,3408.6000,3408.8000,3409.0000,3409.4000,1,1,1,1,3,1,2,2,2,2
SF,IH2008,2020-07-09 09:34:09.200,3406.6000,6843,0,263749500.000,0,-,-,-,-,3405.4000,3405.2000,3403.8000,3403.2000,3403.0000,3408.0000,3408.2000,3408.4000,3408.6000,3409.0000,1,1,1,1,1,1,1,1,2,2
SF,IH2008,2020-07-09 09:34:09.700,3406.6000,6843,0,263749500.000,0,-,-,-,-,3405.6000,3405.4000,3405.2000,3403.8000,3403.2000,3408.0000,3408.2000,3408.4000,3408.6000,3409.0000,1,1,1,1,1,1,1,1,2,2
SF,IH2008,2020-07-09 09:34:10.200,3406.6000,6843,0,263749500.000,0,-,-,-,-,3405.6000,3405.4000,3405.2000,3403.8000,3403.2000,3408.0000,3408.4000,3408.6000,3409.0000,3409.8000,1,1,1,1,1,1,1,1,2,1
SF,IH2008,2020-07-09 09:34:10.700,3406.6000,6843,0,263749500.000,0,-,-,-,-,3405.6000,3405.4000,3405.2000,3403.8000,3403.2000,3408.0000,3408.6000,3409.0000,3409.8000,3410.0000,1,1,1,1,1,1,1,1,1,1
SF,IH2008,2020-07-09 09:34:11.200,3406.6000,6843,0,263749500.000,0,-,-,-,-,3405.8000,3405.6000,3405.2000,3403.8000,3403.2000,3408.0000,3408.6000,3409.0000,3410.0000,3410.4000,1,1,1,1,1,1,1,1,1,1
SF,IH2008,2020-07-09 09:34:11.700,3406.6000,6843,0,263749500.000,0,-,-,-,-,3405.8000,3405.6000,3405.2000,3403.8000,3403.2000,3407.8000,3408.6000,3409.0000,3410.0000,3410.4000,1,1,1,1,1,1,1,1,1,1
SF,IH2008,2020-07-09 09:34:12.200,3406.0000,6843,0,264771300.000,1,0,1,多换,S,3405.8000,3405.6000,3405.2000,3403.8000,3403.2000,3407.8000,3408.6000,3409.0000,3410.0000,3410.4000,1,1,1,1,1,1,1,1,1,1
SF,IH2008,2020-07-09 09:34:13.700,3405.8000,6841,-2,266815380.000,2,0,2,双平,S,3405.6000,3405.2000,3403.8000,3403.2000,3403.0000,3405.8000,3408.6000,3409.0000,3410.0000,3410.4000,1,1,1,1,1,1,1,1,1,1
SF,IH2008,2020-07-09 09:34:14.200,3405.8000,6835,-6,272945820.000,6,0,6,双平,S,3405.6000,3405.2000,3403.8000,3403.2000,3403.0000,3410.0000,3410.4000,3414.6000,3414.8000,3416.2000,1,1,1,1,1,1,1,1,2,5
SF,IH2008,2020-07-09 09:34:14.700,3405.8000,6835,0,272945820.000,0,-,-,-,-,3405.8000,3405.6000,3405.2000,3403.8000,3403.2000,3409.6000,3410.0000,3410.4000,3414.6000,3414.8000,2,1,1,1,1,1,1,1,1,2
SF,IH2008,2020-07-09 09:34:15.200,3405.8000,6835,0,272945820.000,0,-,-,-,-,3405.8000,3405.2000,3403.8000,3403.2000,3403.0000,3409.4000,3409.6000,3410.4000,3414.6000,3414.8000,2,1,1,1,1,1,1,1,1,2
SF,IH2008,2020-07-09 09:34:15.700,3405.8000,6835,0,272945820.000,0,-,-,-,-,3405.8000,3405.2000,3403.8000,3403.2000,3403.0000,3409.0000,3409.2000,3409.4000,3410.4000,3414.6000,2,1,1,1,1,1,1,1,1,1
SF,IH2008,2020-07-09 09:34:16.200,3405.8000,6835,0,272945820.000,0,-,-,-,-,3405.8000,3405.2000,3403.8000,3403.2000,3403.0000,3408.8000,3409.2000,3409.4000,3410.4000,3414.6000,3,1,1,1,1,2,1,1,1,1
SF,IH2008,2020-07-09 09:34:16.700,3405.8000,6835,0,272945820.000,0,-,-,-,-,3405.8000,3405.2000,3403.8000,3403.2000,3403.0000,3408.8000,3409.2000,3410.4000,3414.6000,3414.8000,3,1,1,1,1,1,1,1,1,2
SF,IH2008,2020-07-09 09:34:17.200,3405.8000,6835,0,272945820.000,0,-,-,-,-,3405.8000,3405.2000,3403.8000,3403.2000,3403.0000,3410.4000,3414.6000,3414.8000,3416.2000,3417.2000,3,1,1,1,1,1,1,2,5,1
SF,IH2008,2020-07-09 09:34:17.700,3405.8000,6835,0,272945820.000,0,-,-,-,-,3405.8000,3405.2000,3403.8000,3403.2000,3403.0000,3410.0000,3410.2000,3414.6000,3414.8000,3416.2000,3,1,1,1,1,1,3,1,2,5
SF,IH2008,2020-07-09 09:34:18.200,3405.8000,6835,0,272945820.000,0,-,-,-,-,3406.0000,3405.8000,3405.2000,3403.8000,3403.2000,3409.8000,3410.0000,3410.2000,3414.6000,3414.8000,1,3,1,1,1,1,1,2,1,2
SF,IH2008,2020-07-09 09:34:18.700,3405.8000,6835,0,272945820.000,0,-,-,-,-,3406.2000,3406.0000,3405.8000,3405.2000,3403.8000,3409.6000,3409.8000,3410.2000,3414.6000,3414.8000,2,1,1,1,1,2,1,2,1,2
SF,IH2008,2020-07-09 09:34:19.200,3405.8000,6835,0,272945820.000,0,-,-,-,-,3406.4000,3406.2000,3406.0000,3405.8000,3405.2000,3409.4000,3409.6000,3410.2000,3414.6000,3414.8000,1,2,1,1,1,1,2,2,1,2
SF,IH2008,2020-07-09 09:34:19.700,3405.8000,6835,0,272945820.000,0,-,-,-,-,3406.4000,3406.2000,3406.0000,3405.8000,3405.2000,3409.0000,3409.2000,3409.4000,3409.6000,3410.2000,1,1,1,1,1,1,1,1,1,2
SF,IH2008,2020-07-09 09:34:20.200,3405.8000,6835,0,272945820.000,0,-,-,-,-,3406.4000,3406.2000,3406.0000,3405.8000,3405.2000,3408.8000,3409.0000,3409.2000,3409.6000,3410.2000,1,1,1,1,1,2,2,1,1,2
SF,IH2008,2020-07-09 09:34:20.700,3406.4000,6834,-1,273967740.000,1,0,1,双平,S,3406.8000,3406.0000,3405.2000,3403.8000,3403.0000,3408.6000,3408.8000,3409.2000,3409.4000,3409.6000,1,1,1,1,1,1,2,1,1,1
SF,IH2008,2020-07-09 09:34:21.200,3406.6000,6833,-1,274989720.000,1,0,1,双平,S,3405.2000,3403.8000,3403.0000,3402.2000,3400.0000,3408.4000,3408.6000,3408.8000,3409.2000,3409.4000,1,1,1,3,3,1,1,1,1,1
SF,IH2008,2020-07-09 09:34:21.700,3406.6000,6833,0,274989720.000,0,-,-,-,-,3406.4000,3405.4000,3405.2000,3403.0000,3402.2000,3408.0000,3408.2000,3408.4000,3408.8000,3409.4000,1,1,1,1,3,1,1,1,1,1
SF,IH2008,2020-07-09 09:34:22.200,3405.2000,6831,-2,277033200.000,2,0,2,双平,S,3403.0000,3402.2000,3400.0000,3397.0000,3396.8000,3406.2000,3407.8000,3408.0000,3408.8000,3409.4000,1,3,3,5,1,1,1,1,1,1
