市场代码,合约代码,时间,最新,持仓,增仓,成交额,成交量,开仓,平仓,成交类型,方向,买一价,买二价,买三价,买四价,买五价,卖一价,卖二价,卖三价,卖四价,卖五价,买一量,买二量,买三量,买四量,买五量,卖一量,卖二量,卖三量,卖四量,卖五量
SF,IH2009,2020-03-23 09:29:00.300,2440.0000,10560,0,10980000.000,15.000,-,-,-,-,2435.2000,2435.0000,2431.0000,2430.0000,2423.0000,2444.0000,2444.6000,2449.6000,2450.0000,2452.6000,1,5,3,2,1,1,1,1,13,1
SF,IH2009,2020-03-23 09:30:00.300,2437.0000,10559,-1,16103520.000,7,3,4,多平,S,2435.8000,2435.2000,2435.0000,2433.0000,2431.0000,2440.0000,2442.0000,2443.0000,2443.6000,2443.8000,4,1,5,1,4,10,1,1,1,1
SF,IH2009,2020-03-23 09:30:00.800,2435.8000,10557,-2,25609920.000,13,5,8,多平,S,2436.0000,2435.8000,2435.4000,2435.2000,2435.0000,2440.0000,2442.0000,2443.0000,2443.6000,2444.0000,1,1,1,1,5,10,1,1,1,5
SF,IH2009,2020-03-23 09:30:01.300,2436.0000,10555,-2,27072720.000,2,0,2,双平,S,2437.0000,2436.0000,2435.8000,2435.4000,2435.2000,2440.0000,2443.6000,2444.0000,2449.6000,2450.0000,1,3,1,1,1,9,1,5,1,13
SF,IH2009,2020-03-23 09:30:01.800,2439.0000,10551,-4,30000420.000,4,0,4,双平,S,2437.2000,2437.0000,2436.2000,2436.0000,2435.8000,2440.0000,2443.6000,2444.0000,2447.2000,2449.6000,3,1,1,4,1,6,1,5,5,1
SF,IH2009,2020-03-23 09:30:02.300,2440.0000,10550,-1,34392420.000,6,2,4,多平,S,2437.2000,2437.0000,2436.2000,2436.0000,2435.8000,2444.0000,2447.2000,2449.6000,2450.0000,2455.0000,2,1,1,4,1,5,5,1,13,1
SF,IH2009,2020-03-23 09:30:02.800,2440.0000,10550,0,34392420.000,0,-,-,-,-,2440.0000,2439.0000,2438.0000,2437.2000,2437.0000,2443.2000,2443.8000,2444.0000,2447.2000,2449.6000,1,1,1,2,1,1,1,6,5,1
SF,IH2009,2020-03-23 09:30:03.300,2443.0000,10550,0,35125320.000,1,0,1,多换,S,2440.2000,2440.0000,2439.0000,2437.0000,2436.0000,2443.2000,2444.0000,2447.2000,2449.6000,2450.0000,4,1,1,1,4,1,2,5,1,13
SF,IH2009,2020-03-23 09:30:03.800,2443.0000,10550,0,35125320.000,0,-,-,-,-,2442.6000,2440.2000,2440.0000,2439.0000,2437.0000,2443.2000,2444.0000,2449.6000,2450.0000,2451.0000,1,4,1,1,1,1,2,1,13,5
SF,IH2009,2020-03-23 09:30:04.300,2442.6000,10548,-2,36590880.000,2,0,2,双平,S,2440.2000,2440.0000,2439.0000,2437.0000,2436.0000,2443.2000,2444.0000,2449.6000,2450.0000,2451.0000,3,1,1,1,4,1,2,1,13,5
SF,IH2009,2020-03-23 09:30:04.800,2444.0000,10546,-2,38057040.000,2,0,2,双平,S,2443.2000,2440.2000,2440.0000,2439.0000,2437.0000,2444.0000,2449.6000,2450.0000,2451.0000,2455.0000,1,3,2,1,1,1,1,13,5,1
SF,IH2009,2020-03-23 09:30:05.300,2444.0000,10544,-2,39523200.000,2,0,2,双平,S,2444.4000,2444.2000,2444.0000,2440.2000,2440.0000,2449.6000,2450.0000,2451.0000,2455.0000,2464.0000,1,1,1,3,2,1,13,5,1,1
SF,IH2009,2020-03-23 09:30:05.800,2444.4000,10543,-1,40256520.000,1,0,1,双平,S,2444.6000,2444.2000,2444.0000,2443.2000,2443.0000,2445.0000,2447.2000,2448.0000,2449.4000,2449.6000,1,1,1,1,1,1,1,1,3,1
SF,IH2009,2020-03-23 09:30:06.300,2444.0000,10542,-1,41723100.000,2,0,2,多平,S,2443.2000,2443.0000,2440.2000,2440.0000,2439.0000,2444.2000,2444.4000,2444.6000,2445.0000,2447.2000,1,1,1,1,1,1,1,2,1,1
SF,IH2009,2020-03-23 09:30:06.800,2447.2000,10542,0,43923540.000,3,1,2,多换,S,2443.0000,2440.2000,2440.0000,2439.0000,2437.0000,2448.0000,2449.6000,2450.0000,2451.0000,2455.0000,1,1,1,1,1,1,1,13,5,1
SF,IH2009,2020-03-23 09:30:07.300,2445.0000,10542,0,45389940.000,2,1,1,多换,S,2440.2000,2440.0000,2437.0000,2436.0000,2435.4000,2444.6000,2447.8000,2448.0000,2449.6000,2450.0000,1,1,1,4,1,1,3,1,1,13
SF,IH2009,2020-03-23 09:30:07.800,2445.0000,10542,0,45389940.000,0,-,-,-,-,2444.0000,2442.0000,2440.2000,2440.0000,2437.0000,2444.4000,2444.6000,2447.8000,2448.0000,2449.6000,1,1,1,1,1,1,1,2,1,1
SF,IH2009,2020-03-23 09:30:08.300,2444.6000,10539,-3,47590020.000,3,0,3,双平,S,2444.4000,2444.2000,2444.0000,2442.0000,2440.2000,2447.8000,2448.0000,2450.0000,2451.0000,2455.0000,2,1,1,1,1,2,1,13,5,1
SF,IH2009,2020-03-23 09:30:08.800,2444.6000,10539,0,47590020.000,0,-,-,-,-,2444.6000,2444.4000,2444.2000,2444.0000,2442.0000,2447.8000,2448.0000,2450.0000,2451.0000,2455.0000,1,2,1,1,1,1,1,13,5,1
SF,IH2009,2020-03-23 09:30:09.300,2444.6000,10539,0,47590020.000,0,-,-,-,-,2444.6000,2444.4000,2444.2000,2444.0000,2442.0000,2447.8000,2448.0000,2450.0000,2451.0000,2455.0000,1,3,1,1,1,1,1,13,5,1
SF,IH2009,2020-03-23 09:30:09.800,2444.6000,10539,0,47590020.000,0,-,-,-,-,2444.6000,2444.4000,2444.2000,2444.0000,2442.0000,2450.0000,2451.0000,2455.0000,2464.0000,2465.0000,1,3,1,1,1,13,5,1,1,1
SF,IH2009,2020-03-23 09:30:10.300,2444.6000,10536,-3,49790160.000,3,0,3,双平,S,2444.8000,2444.6000,2444.4000,2444.2000,2444.0000,2448.0000,2450.0000,2451.0000,2455.0000,2464.0000,2,1,3,1,1,1,16,5,1,1
SF,IH2009,2020-03-23 09:30:10.800,2444.6000,10536,0,50523540.000,1,0,1,多换,S,2447.8000,2445.0000,2444.8000,2444.4000,2444.2000,2450.0000,2451.0000,2464.0000,2465.0000,2468.0000,2,1,2,3,1,16,5,1,1,2
SF,IH2009,2020-03-23 09:30:11.300,2445.0000,10532,-4,54928380.000,6,1,5,多平,S,2444.8000,2444.4000,2444.2000,2444.0000,2442.0000,2450.0000,2451.0000,2464.0000,2465.0000,2468.0000,2,1,1,1,1,16,5,1,1,2
SF,IH2009,2020-03-23 09:30:11.800,2445.0000,10532,0,54928380.000,0,-,-,-,-,2445.0000,2444.8000,2444.4000,2444.0000,2440.0000,2449.8000,2450.0000,2451.0000,2464.0000,2465.0000,1,2,1,1,1,1,16,5,1,1
SF,IH2009,2020-03-23 09:30:12.300,2445.0000,10532,0,54928380.000,0,-,-,-,-,2448.4000,2445.2000,2445.0000,2444.8000,2444.4000,2449.8000,2450.0000,2454.8000,2464.0000,2465.0000,1,2,1,1,1,1,16,5,1,1
SF,IH2009,2020-03-23 09:30:12.800,2450.0000,10531,-1,56397840.000,2,0,2,多平,S,2445.2000,2445.0000,2444.8000,2444.4000,2444.0000,2450.0000,2454.8000,2464.0000,2465.0000,2468.0000,2,1,1,1,1,15,5,1,1,2
SF,IH2009,2020-03-23 09:30:13.300,2450.0000,10531,0,57132840.000,1,0,1,多换,S,2445.4000,2445.2000,2445.0000,2444.8000,2444.4000,2448.4000,2450.0000,2454.8000,2464.0000,2465.0000,1,2,2,1,1,1,15,5,1,1
SF,IH2009,2020-03-23 09:30:13.800,2448.6000,10530,-1,57867420.000,1,0,1,双平,S,2445.6000,2445.4000,2445.0000,2444.8000,2444.4000,2450.0000,2454.8000,2464.0000,2465.0000,2468.0000,2,1,3,1,1,15,5,1,1,2
SF,IH2009,2020-03-23 09:30:14.300,2448.6000,10530,0,57867420.000,0,-,-,-,-,2445.8000,2445.6000,2445.0000,2444.8000,2444.4000,2450.0000,2454.8000,2464.0000,2465.0000,2468.0000,1,2,3,1,1,14,5,1,1,2
SF,IH2009,2020-03-23 09:30:14.800,2448.6000,10530,0,57867420.000,0,-,-,-,-,2447.2000,2446.0000,2445.8000,2445.0000,2444.8000,2450.0000,2454.8000,2464.0000,2465.0000,2468.0000,1,2,1,3,1,12,5,1,1,2
SF,IH2009,2020-03-23 09:30:15.300,2450.0000,10524,-6,62277420.000,6,0,6,双平,S,2448.0000,2447.4000,2447.2000,2445.0000,2444.8000,2450.0000,2452.8000,2458.6000,2464.0000,2465.0000,1,3,1,2,1,6,1,5,1,1
SF,IH2009,2020-03-23 09:30:15.800,2450.0000,10522,-2,63747420.000,2,0,2,双平,S,2448.2000,2448.0000,2447.4000,2447.2000,2445.0000,2450.0000,2452.8000,2458.6000,2464.0000,2465.0000,2,2,1,1,2,4,1,5,1,1
SF,IH2009,2020-03-23 09:30:16.300,2448.2000,10521,-1,64481880.000,1,0,1,双平,S,2448.2000,2448.0000,2447.4000,2447.2000,2445.0000,2450.0000,2452.8000,2458.6000,2464.0000,2465.0000,1,2,1,1,2,4,1,5,1,1
SF,IH2009,2020-03-23 09:30:16.800,2448.2000,10521,0,64481880.000,0,-,-,-,-,2448.2000,2448.0000,2447.4000,2447.2000,2445.0000,2450.0000,2452.8000,2457.6000,2458.6000,2464.0000,1,2,1,1,2,4,1,1,5,1
SF,IH2009,2020-03-23 09:30:17.300,2450.0000,10520,-1,65216880.000,1,0,1,双平,S,2449.8000,2448.2000,2448.0000,2447.4000,2447.2000,2450.0000,2452.8000,2457.6000,2458.6000,2464.0000,1,1,2,1,1,3,1,1,5,1
SF,IH2009,2020-03-23 09:30:17.800,2450.0000,10517,-3,67421880.000,3,0,3,双平,S,2449.8000,2448.2000,2448.0000,2447.4000,2447.2000,2452.8000,2457.6000,2458.6000,2464.0000,2465.0000,1,1,2,1,1,1,1,5,1,1
SF,IH2009,2020-03-23 09:30:18.300,2450.0000,10517,0,67421880.000,0,-,-,-,-,2450.0000,2449.8000,2448.2000,2448.0000,2447.2000,2452.8000,2457.6000,2458.6000,2464.0000,2465.0000,1,1,1,2,1,1,1,5,1,1
SF,IH2009,2020-03-23 09:30:18.800,2450.0000,10516,-1,68156880.000,1,0,1,双平,S,2450.0000,2449.8000,2448.2000,2448.0000,2447.2000,2452.8000,2457.6000,2458.6000,2464.0000,2465.0000,5,1,1,2,1,1,1,5,1,1
SF,IH2009,2020-03-23 09:30:19.300,2450.0000,10516,0,68156880.000,0,-,-,-,-,2450.2000,2450.0000,2449.8000,2448.0000,2447.2000,2456.8000,2457.6000,2458.6000,2464.0000,2465.0000,2,5,1,2,1,1,1,5,1,1
SF,IH2009,2020-03-23 09:30:19.800,2450.0000,10515,-1,68891880.000,1,0,1,双平,S,2451.0000,2450.2000,2450.0000,2448.0000,2447.2000,2456.0000,2456.6000,2456.8000,2457.0000,2457.6000,2,2,4,1,1,1,1,1,1,1
SF,IH2009,2020-03-23 09:30:20.300,2450.2000,10514,-1,69626940.000,1,0,1,双平,S,2451.2000,2451.0000,2450.0000,2448.0000,2447.2000,2455.8000,2456.0000,2456.8000,2457.0000,2457.6000,1,1,4,1,1,1,1,1,1,1
SF,IH2009,2020-03-23 09:30:20.800,2450.2000,10514,0,69626940.000,0,-,-,-,-,2451.2000,2451.0000,2450.0000,2448.0000,2445.0000,2455.6000,2455.8000,2456.8000,2457.0000,2457.6000,1,1,4,1,1,1,1,1,1,1
SF,IH2009,2020-03-23 09:30:21.300,2450.2000,10514,0,69626940.000,0,-,-,-,-,2451.2000,2451.0000,2450.0000,2448.0000,2445.0000,2455.4000,2455.6000,2456.8000,2457.0000,2457.6000,1,1,4,1,1,1,1,1,1,1
SF,IH2009,2020-03-23 09:30:21.800,2450.2000,10514,0,69626940.000,0,-,-,-,-,2451.2000,2451.0000,2450.0000,2448.0000,2445.0000,2455.4000,2455.6000,2456.8000,2457.0000,2462.4000,1,2,4,1,1,1,1,1,1,5
SF,IH2009,2020-03-23 09:30:22.300,2451.2000,10514,0,70362300.000,1,0,1,多换,S,2451.4000,2451.0000,2450.0000,2448.4000,2448.0000,2455.2000,2455.4000,2456.8000,2457.0000,2462.4000,1,2,4,2,1,1,1,1,1,5
SF,IH2009,2020-03-23 09:30:22.800,2451.2000,10514,0,70362300.000,0,-,-,-,-,2451.6000,2451.0000,2450.0000,2448.4000,2448.0000,2455.0000,2455.2000,2456.8000,2457.0000,2462.4000,1,2,5,2,1,2,1,1,1,5
SF,IH2009,2020-03-23 09:30:23.300,2451.2000,10514,0,70362300.000,0,-,-,-,-,2451.6000,2451.0000,2450.2000,2450.0000,2448.8000,2454.8000,2455.0000,2456.8000,2457.0000,2462.4000,1,2,1,5,1,1,2,1,1,5
SF,IH2009,2020-03-23 09:30:23.800,2451.6000,10514,0,71097780.000,1,0,1,多换,S,2451.0000,2450.2000,2450.0000,2448.8000,2448.4000,2454.6000,2454.8000,2456.8000,2457.0000,2462.4000,1,1,5,1,2,1,1,1,1,5
SF,IH2009,2020-03-23 09:30:24.300,2454.4000,10515,1,72570420.000,2,1,1,空开,S,2451.2000,2451.0000,2450.2000,2450.0000,2448.8000,2454.6000,2456.8000,2457.0000,2462.4000,2463.8000,1,1,1,5,1,1,1,1,5,1
SF,IH2009,2020-03-23 09:30:24.800,2454.6000,10515,0,73306800.000,1,0,1,多换,S,2451.2000,2451.0000,2450.2000,2450.0000,2448.8000,2451.6000,2456.8000,2457.0000,2462.4000,2463.8000,1,1,1,5,1,2,1,1,5,1
SF,IH2009,2020-03-23 09:30:25.300,2453.4000,10512,-3,75513780.000,3,0,3,双平,S,2451.4000,2451.0000,2450.2000,2450.0000,2448.8000,2453.4000,2454.0000,2456.8000,2457.0000,2462.4000,1,1,1,5,1,2,1,1,1,5
SF,IH2009,2020-03-23 09:30:25.800,2453.4000,10512,0,75513780.000,0,-,-,-,-,2451.6000,2451.4000,2451.0000,2450.2000,2450.0000,2456.8000,2457.0000,2462.4000,2463.8000,2464.0000,1,2,2,1,5,1,1,5,1,1
SF,IH2009,2020-03-23 09:30:26.300,2451.4000,10510,-2,76984680.000,2,0,2,双平,S,2451.0000,2450.2000,2450.0000,2448.8000,2448.4000,2451.4000,2453.2000,2453.4000,2454.0000,2456.6000,1,1,5,1,2,3,1,3,1,2
SF,IH2009,2020-03-23 09:30:26.800,2451.4000,10509,-1,79190940.000,3,1,2,多平,S,2451.4000,2451.0000,2450.2000,2450.0000,2448.8000,2453.2000,2453.8000,2456.8000,2457.0000,2462.4000,1,1,1,5,1,1,1,1,1,5
SF,IH2009,2020-03-23 09:30:27.300,2451.4000,10509,0,79190940.000,0,-,-,-,-,2451.4000,2451.0000,2450.0000,2448.8000,2448.4000,2453.4000,2453.8000,2456.8000,2457.0000,2462.4000,1,1,5,1,2,1,1,1,1,5
SF,IH2009,2020-03-23 09:30:27.800,2451.4000,10508,-1,79926360.000,1,0,1,双平,S,2451.4000,2451.0000,2450.6000,2450.0000,2448.8000,2453.8000,2456.8000,2457.0000,2462.4000,2463.8000,1,1,2,5,1,1,1,1,5,1
SF,IH2009,2020-03-23 09:30:28.300,2451.4000,10507,-1,80661780.000,1,0,1,双平,S,2451.6000,2451.4000,2451.0000,2450.6000,2450.0000,2456.8000,2457.0000,2462.4000,2463.8000,2464.0000,1,1,1,2,6,1,1,5,1,1
SF,IH2009,2020-03-23 09:30:28.800,2451.6000,10506,-1,82132740.000,2,0,2,多平,S,2451.4000,2451.0000,2450.6000,2450.0000,2448.8000,2456.6000,2456.8000,2457.0000,2462.4000,2463.8000,1,1,2,6,1,2,1,1,5,1
SF,IH2009,2020-03-23 09:30:29.300,2451.6000,10506,0,82132740.000,0,-,-,-,-,2452.0000,2451.4000,2451.0000,2450.6000,2450.0000,2456.6000,2456.8000,2457.0000,2462.4000,2463.8000,3,13,1,2,3,2,1,1,5,1
SF,IH2009,2020-03-23 09:30:29.800,2451.6000,10506,0,84339180.000,3,1,2,多换,S,2453.2000,2451.4000,2451.0000,2450.6000,2450.0000,2456.4000,2456.6000,2456.8000,2457.0000,2462.4000,1,14,1,2,3,1,2,1,1,5
SF,IH2009,2020-03-23 09:30:30.300,2453.2000,10506,0,85075140.000,1,0,1,多换,S,2451.4000,2451.0000,2450.6000,2450.4000,2450.0000,2452.0000,2456.2000,2456.4000,2456.8000,2457.0000,14,1,2,1,3,1,2,1,1,1
SF,IH2009,2020-03-23 09:30:30.800,2456.2000,10504,-2,87284700.000,3,0,3,多平,S,2451.6000,2451.4000,2451.0000,2450.6000,2450.4000,2456.8000,2457.0000,2462.4000,2463.8000,2464.0000,1,14,1,2,1,1,1,5,1,1
SF,IH2009,2020-03-23 09:30:31.300,2456.2000,10504,0,87284700.000,0,-,-,-,-,2451.8000,2451.6000,2451.4000,2451.0000,2450.6000,2456.6000,2456.8000,2457.0000,2462.4000,2463.8000,1,2,14,1,2,2,1,1,5,1
SF,IH2009,2020-03-23 09:30:31.800,2452.0000,10504,0,88020300.000,1,0,1,多换,S,2451.8000,2451.6000,2451.4000,2451.0000,2450.6000,2456.0000,2456.4000,2456.6000,2456.8000,2457.0000,1,1,14,1,2,1,2,1,1,1
SF,IH2009,2020-03-23 09:30:32.300,2452.0000,10504,0,88020300.000,0,-,-,-,-,2452.0000,2451.6000,2451.4000,2451.0000,2450.6000,2455.8000,2456.0000,2456.4000,2456.6000,2456.8000,1,1,14,1,2,2,2,1,1,1
SF,IH2009,2020-03-23 09:30:33.300,2452.0000,10504,0,88020300.000,0,-,-,-,-,2452.0000,2451.6000,2451.4000,2451.0000,2450.6000,2455.2000,2455.8000,2456.0000,2456.4000,2456.6000,1,1,14,1,2,1,2,2,1,1
SF,IH2009,2020-03-23 09:30:33.800,2451.6000,10503,-1,89491380.000,2,0,2,多平,S,2452.0000,2451.4000,2451.0000,2450.6000,2450.4000,2455.0000,2455.2000,2455.8000,2456.0000,2456.4000,1,2,1,2,1,2,1,1,2,1
SF,IH2009,2020-03-23 09:30:34.300,2451.6000,10503,0,89491380.000,0,-,-,-,-,2452.0000,2451.4000,2451.0000,2450.6000,2450.4000,2455.0000,2455.2000,2455.8000,2456.0000,2456.4000,1,2,1,2,1,2,1,1,1,1
SF,IH2009,2020-03-23 09:30:34.800,2451.6000,10503,0,89491380.000,0,-,-,-,-,2452.0000,2451.4000,2451.0000,2450.6000,2450.4000,2454.0000,2454.8000,2455.0000,2455.2000,2455.8000,1,1,1,2,1,1,1,2,1,1
SF,IH2009,2020-03-23 09:30:35.300,2453.8000,10504,1,90227520.000,1,1,0,双开,S,2452.0000,2451.4000,2451.0000,2450.6000,2450.4000,2453.8000,2454.0000,2454.8000,2455.0000,2455.2000,1,1,1,2,1,1,1,1,1,1
SF,IH2009,2020-03-23 09:30:35.800,2453.8000,10504,0,90227520.000,0,-,-,-,-,2452.0000,2451.4000,2451.0000,2450.6000,2450.4000,2453.8000,2454.0000,2454.8000,2455.2000,2456.0000,1,1,1,2,1,1,1,1,1,1
SF,IH2009,2020-03-23 09:30:36.300,2453.8000,10504,0,90227520.000,0,-,-,-,-,2452.0000,2451.4000,2451.0000,2450.6000,2450.4000,2453.4000,2453.6000,2453.8000,2454.0000,2454.8000,1,1,1,2,1,3,1,1,1,1
SF,IH2009,2020-03-23 09:30:36.800,2452.0000,10503,-1,90963120.000,1,0,1,双平,S,2451.4000,2451.0000,2450.6000,2450.4000,2450.0000,2453.2000,2453.4000,2453.6000,2454.0000,2454.8000,1,1,2,1,3,1,3,1,1,1
SF,IH2009,2020-03-23 09:30:37.800,2451.4000,10502,-1,92434500.000,2,0,2,多平,S,2451.0000,2450.6000,2450.4000,2450.0000,2448.8000,2454.0000,2454.8000,2455.2000,2456.0000,2456.8000,1,2,1,4,1,1,1,1,1,1
SF,IH2009,2020-03-23 09:30:38.300,2453.0000,10501,-1,93906300.000,2,0,2,多平,S,2453.4000,2451.2000,2451.0000,2450.6000,2450.4000,2454.0000,2454.8000,2455.2000,2456.0000,2456.8000,1,1,1,2,1,1,1,1,1,1
SF,IH2009,2020-03-23 09:30:38.800,2452.0000,10500,-1,95377920.000,2,0,2,多平,S,2451.2000,2451.0000,2450.6000,2450.4000,2450.0000,2453.2000,2454.0000,2454.8000,2455.2000,2456.0000,2,1,2,1,4,2,1,1,1,1
SF,IH2009,2020-03-23 09:30:39.300,2453.2000,10500,0,96113880.000,1,0,1,多换,S,2451.2000,2451.0000,2450.6000,2450.4000,2450.0000,2453.2000,2454.8000,2456.8000,2457.0000,2462.4000,2,2,2,1,4,1,1,1,1,5
SF,IH2009,2020-03-23 09:30:39.800,2453.2000,10500,0,96849840.000,1,0,1,多换,S,2451.2000,2451.0000,2450.6000,2450.4000,2450.0000,2454.8000,2456.8000,2457.0000,2462.4000,2464.0000,2,1,2,1,5,1,1,1,5,1
SF,IH2009,2020-03-23 09:30:40.300,2453.2000,10499,-1,97585800.000,1,0,1,双平,S,2452.0000,2451.2000,2451.0000,2450.6000,2450.4000,2454.8000,2456.8000,2457.0000,2462.4000,2464.0000,2,2,1,2,1,1,1,1,5,1
SF,IH2009,2020-03-23 09:30:40.800,2453.2000,10499,0,97585800.000,0,-,-,-,-,2452.2000,2452.0000,2451.2000,2451.0000,2450.6000,2453.4000,2453.6000,2454.0000,2454.8000,2456.8000,1,2,1,1,2,3,1,1,1,1
SF,IH2009,2020-03-23 09:30:41.300,2451.6000,10497,-2,101999100.000,6,2,4,多平,S,2450.6000,2450.4000,2450.0000,2448.8000,2448.4000,2451.6000,2451.8000,2453.2000,2453.4000,2453.6000,2,1,5,1,2,1,1,1,3,1
SF,IH2009,2020-03-23 09:30:41.800,2451.8000,10497,0,102734640.000,1,0,1,多换,S,2450.6000,2450.4000,2450.0000,2448.8000,2448.4000,2452.0000,2452.2000,2453.2000,2453.4000,2453.6000,2,1,5,1,2,1,1,1,3,1
SF,IH2009,2020-03-23 09:30:42.300,2451.8000,10497,0,102734640.000,0,-,-,-,-,2450.6000,2450.4000,2450.0000,2448.8000,2448.4000,2451.2000,2451.4000,2452.0000,2452.2000,2453.2000,2,1,5,1,2,1,1,1,1,1
SF,IH2009,2020-03-23 09:30:42.800,2451.4000,10496,-1,104205420.000,2,0,2,多平,S,2451.4000,2451.2000,2450.6000,2450.4000,2450.0000,2452.0000,2452.2000,2453.2000,2453.6000,2454.8000,1,1,2,1,5,1,1,1,1,1
SF,IH2009,2020-03-23 09:30:43.300,2452.2000,10494,-2,105676680.000,2,0,2,双平,S,2452.0000,2451.6000,2451.4000,2451.2000,2451.0000,2453.2000,2453.6000,2454.8000,2457.0000,2462.4000,1,1,1,1,1,1,1,1,1,5
SF,IH2009,2020-03-23 09:30:43.800,2452.0000,10493,-1,106412280.000,1,0,1,双平,S,2451.4000,2451.2000,2450.6000,2450.4000,2450.0000,2451.8000,2453.2000,2453.6000,2454.8000,2457.0000,1,1,2,1,5,2,1,1,1,1
SF,IH2009,2020-03-23 09:30:44.300,2452.0000,10493,0,108619080.000,3,1,2,多换,S,2452.0000,2451.2000,2450.6000,2450.4000,2450.0000,2452.2000,2453.2000,2453.4000,2453.6000,2454.8000,2,1,2,1,5,1,1,1,1,1
SF,IH2009,2020-03-23 09:30:44.800,2452.0000,10493,0,110090280.000,2,1,1,多换,S,2450.6000,2450.4000,2450.0000,2448.8000,2448.4000,2452.0000,2452.2000,2453.2000,2453.4000,2453.6000,2,1,5,1,2,1,1,1,1,1
SF,IH2009,2020-03-23 09:30:45.300,2452.0000,10493,0,110090280.000,0,-,-,-,-,2450.6000,2450.4000,2450.0000,2448.8000,2448.4000,2451.8000,2452.2000,2453.2000,2453.4000,2453.6000,2,1,5,1,2,1,1,1,1,1
SF,IH2009,2020-03-23 09:30:45.800,2452.0000,10493,0,110090280.000,0,-,-,-,-,2450.6000,2450.4000,2450.0000,2448.8000,2448.4000,2451.4000,2451.6000,2452.2000,2453.2000,2453.4000,2,1,5,1,2,1,1,1,1,1
SF,IH2009,2020-03-23 09:30:46.300,2451.4000,10492,-1,110825700.000,1,0,1,双平,S,2451.6000,2450.6000,2450.4000,2450.0000,2448.8000,2453.2000,2453.4000,2454.8000,2457.0000,2462.4000,1,2,1,5,1,1,1,1,1,5
SF,IH2009,2020-03-23 09:30:46.800,2451.6000,10491,-1,111561180.000,1,0,1,双平,S,2450.6000,2450.4000,2450.0000,2448.8000,2448.4000,2453.0000,2453.2000,2453.4000,2454.8000,2457.0000,2,1,5,1,2,1,1,1,1,1
SF,IH2009,2020-03-23 09:30:47.300,2451.6000,10491,0,111561180.000,0,-,-,-,-,2450.6000,2450.4000,2450.0000,2448.8000,2448.4000,2452.8000,2453.4000,2454.8000,2455.0000,2457.0000,3,1,5,1,2,2,1,1,1,1
SF,IH2009,2020-03-23 09:30:47.800,2451.6000,10491,0,111561180.000,0,-,-,-,-,2451.4000,2450.6000,2450.4000,2450.0000,2448.8000,2451.6000,2452.8000,2454.8000,2455.0000,2457.0000,12,3,1,5,1,1,2,1,1,1
SF,IH2009,2020-03-23 09:30:48.300,2451.6000,10490,-1,113032140.000,2,0,2,多平,S,2452.0000,2451.8000,2451.4000,2450.6000,2450.4000,2452.8000,2454.8000,2455.0000,2457.0000,2462.4000,1,2,12,3,1,1,1,1,1,5
SF,IH2009,2020-03-23 09:30:48.800,2452.6000,10491,1,113767920.000,1,1,0,双开,S,2452.0000,2451.8000,2451.4000,2450.6000,2450.4000,2454.8000,2455.0000,2457.0000,2462.4000,2464.0000,1,2,12,3,1,1,1,1,5,1
SF,IH2009,2020-03-23 09:30:49.300,2452.0000,10490,-1,114503520.000,1,0,1,双平,S,2451.8000,2451.4000,2450.6000,2450.4000,2450.0000,2453.4000,2454.0000,2454.6000,2454.8000,2455.0000,2,12,3,1,4,3,1,2,1,1
SF,IH2009,2020-03-23 09:30:49.800,2452.0000,10490,0,114503520.000,0,-,-,-,-,2451.8000,2451.4000,2450.6000,2450.4000,2450.0000,2453.2000,2453.4000,2454.0000,2454.6000,2454.8000,2,12,3,1,4,1,3,1,1,1
SF,IH2009,2020-03-23 09:30:50.300,2452.0000,10490,0,114503520.000,0,-,-,-,-,2451.8000,2451.4000,2450.6000,2450.4000,2450.0000,2453.2000,2453.4000,2454.0000,2454.6000,2454.8000,2,12,3,1,4,1,3,1,1,1
SF,IH2009,2020-03-23 09:30:50.800,2452.0000,10490,0,114503520.000,0,-,-,-,-,2451.8000,2451.4000,2450.6000,2450.4000,2450.0000,2452.0000,2453.2000,2453.4000,2454.0000,2454.6000,2,12,3,1,4,1,1,3,1,1
SF,IH2009,2020-03-23 09:30:51.300,2452.0000,10489,-1,115239120.000,1,0,1,双平,S,2452.0000,2451.4000,2450.6000,2450.4000,2450.0000,2453.0000,2453.2000,2454.0000,2454.6000,2454.8000,5,12,3,1,4,1,1,1,1,1
SF,IH2009,2020-03-23 09:30:51.800,2452.0000,10489,0,116710320.000,2,1,1,多换,S,2451.4000,2450.6000,2450.4000,2450.0000,2448.8000,2452.0000,2453.0000,2453.2000,2454.0000,2454.6000,12,3,1,4,1,1,1,1,1,1
SF,IH2009,2020-03-23 09:30:52.300,2452.0000,10489,0,117445920.000,1,0,1,多换,S,2451.6000,2451.4000,2450.6000,2450.4000,2450.0000,2453.0000,2453.2000,2454.0000,2454.6000,2454.8000,1,12,3,1,4,1,1,1,1,1
SF,IH2009,2020-03-23 09:30:52.800,2452.0000,10489,0,117445920.000,0,-,-,-,-,2451.4000,2450.6000,2450.4000,2450.0000,2448.8000,2452.8000,2453.0000,2454.0000,2454.6000,2454.8000,12,4,1,4,1,1,1,1,1,1
SF,IH2009,2020-03-23 09:30:53.300,2451.6000,10489,0,118181400.000,1,0,1,多换,S,2451.4000,2450.6000,2450.4000,2450.0000,2448.8000,2452.6000,2452.8000,2453.0000,2454.0000,2454.6000,12,4,1,4,1,1,1,1,1,1
SF,IH2009,2020-03-23 09:30:53.800,2451.6000,10489,0,118181400.000,0,-,-,-,-,2451.4000,2450.6000,2450.4000,2450.0000,2448.8000,2452.8000,2453.0000,2454.0000,2454.6000,2454.8000,12,4,1,4,1,1,1,1,1,1
SF,IH2009,2020-03-23 09:30:54.300,2451.6000,10489,0,118181400.000,0,-,-,-,-,2451.4000,2450.6000,2450.4000,2450.0000,2448.8000,2452.6000,2452.8000,2453.0000,2454.0000,2454.6000,12,4,1,4,1,2,1,1,1,1
SF,IH2009,2020-03-23 09:30:54.800,2451.4000,10489,0,120387660.000,3,1,2,多换,S,2451.4000,2450.6000,2450.4000,2450.0000,2448.8000,2452.6000,2452.8000,2454.0000,2454.6000,2454.8000,9,4,1,4,1,1,1,1,1,1
SF,IH2009,2020-03-23 09:30:55.300,2451.4000,10489,0,120387660.000,0,-,-,-,-,2451.4000,2450.6000,2450.4000,2450.0000,2448.8000,2452.8000,2454.0000,2454.6000,2454.8000,2455.0000,9,4,1,4,1,1,1,1,1,1
SF,IH2009,2020-03-23 09:30:55.800,2451.4000,10489,0,121123080.000,1,0,1,多换,S,2451.4000,2450.6000,2450.4000,2450.0000,2448.8000,2452.6000,2452.8000,2453.0000,2454.0000,2454.6000,8,4,1,4,1,1,1,1,1,1
SF,IH2009,2020-03-23 09:30:56.300,2451.4000,10489,0,121858500.000,1,0,1,多换,S,2451.4000,2450.6000,2450.4000,2450.0000,2448.8000,2452.4000,2452.8000,2453.0000,2454.0000,2454.6000,7,4,1,4,1,2,1,1,1,1
SF,IH2009,2020-03-23 09:30:56.800,2451.4000,10489,0,121858500.000,0,-,-,-,-,2451.4000,2450.6000,2450.4000,2450.2000,2450.0000,2452.4000,2452.8000,2453.0000,2454.0000,2454.6000,7,4,1,1,4,2,1,1,1,1
SF,IH2009,2020-03-23 09:30:57.300,2451.4000,10489,0,122593920.000,1,0,1,多换,S,2451.4000,2450.6000,2450.4000,2450.2000,2450.0000,2452.8000,2453.0000,2454.0000,2454.6000,2454.8000,6,4,1,1,4,1,1,1,1,1
SF,IH2009,2020-03-23 09:30:57.800,2451.4000,10489,0,122593920.000,0,-,-,-,-,2451.8000,2451.4000,2450.6000,2450.4000,2450.2000,2452.6000,2452.8000,2453.0000,2454.0000,2454.6000,1,6,4,1,1,1,1,1,1,1
SF,IH2009,2020-03-23 09:30:58.300,2451.8000,10489,0,123329460.000,1,0,1,多换,S,2451.4000,2450.6000,2450.4000,2450.2000,2450.0000,2452.8000,2453.0000,2454.0000,2454.6000,2454.8000,6,4,1,1,4,1,1,1,1,1
SF,IH2009,2020-03-23 09:30:58.800,2451.4000,10489,0,124064880.000,1,0,1,多换,S,2451.4000,2450.6000,2450.4000,2450.2000,2450.0000,2452.8000,2453.0000,2454.0000,2454.6000,2454.8000,5,4,1,1,4,1,1,1,1,1
SF,IH2009,2020-03-23 09:30:59.300,2453.0000,10487,-2,126272400.000,3,0,3,多平,S,2452.4000,2451.6000,2451.4000,2450.6000,2450.4000,2454.0000,2454.6000,2454.8000,2455.0000,2457.0000,1,1,5,4,1,1,1,1,1,1
SF,IH2009,2020-03-23 09:30:59.800,2452.4000,10487,0,127744260.000,2,1,1,多换,S,2451.4000,2450.6000,2450.4000,2450.2000,2450.0000,2454.6000,2454.8000,2455.0000,2457.0000,2462.4000,5,4,1,1,4,1,1,1,1,5
SF,IH2009,2020-03-23 09:31:00.300,2453.4000,10487,0,128480280.000,1,0,1,多换,S,2452.8000,2451.6000,2451.4000,2450.6000,2450.4000,2453.4000,2454.0000,2454.4000,2454.6000,2455.0000,1,1,5,4,1,2,1,1,1,1
SF,IH2009,2020-03-23 09:31:00.800,2454.0000,10488,1,130688700.000,3,2,1,空开,S,2454.0000,2453.4000,2452.8000,2451.6000,2451.4000,2454.4000,2455.0000,2456.2000,2457.0000,2462.4000,2,1,1,1,5,1,1,1,1,5
SF,IH2009,2020-03-23 09:31:01.300,2454.0000,10488,0,132161100.000,2,1,1,多换,S,2453.4000,2452.8000,2452.0000,2451.4000,2450.6000,2455.0000,2456.2000,2457.0000,2462.4000,2464.0000,1,1,1,5,4,1,1,1,5,1
SF,IH2009,2020-03-23 09:31:01.800,2454.0000,10488,0,132161100.000,0,-,-,-,-,2452.8000,2452.6000,2452.0000,2451.4000,2450.6000,2453.4000,2453.6000,2454.0000,2454.8000,2455.0000,1,3,1,5,4,2,2,1,1,1
SF,IH2009,2020-03-23 09:31:02.300,2453.4000,10487,-1,132897120.000,1,0,1,双平,S,2453.6000,2453.0000,2452.8000,2452.6000,2452.0000,2454.0000,2454.8000,2455.0000,2456.2000,2457.0000,2,1,1,3,1,1,1,1,1,1
SF,IH2009,2020-03-23 09:31:02.800,2453.4000,10487,0,132897120.000,0,-,-,-,-,2452.8000,2452.6000,2452.0000,2451.4000,2450.6000,2454.0000,2454.8000,2455.0000,2456.2000,2457.0000,1,3,3,5,4,1,1,1,1,1
SF,IH2009,2020-03-23 09:31:03.300,2452.8000,10487,0,133632960.000,1,0,1,多换,S,2452.6000,2452.0000,2451.4000,2450.6000,2450.4000,2453.8000,2454.0000,2454.8000,2455.0000,2456.2000,3,3,5,4,1,1,1,1,1,1
SF,IH2009,2020-03-23 09:31:03.800,2452.8000,10487,0,133632960.000,0,-,-,-,-,2452.6000,2452.0000,2451.4000,2450.6000,2450.4000,2453.8000,2454.0000,2454.8000,2455.0000,2456.2000,3,3,5,4,1,1,1,1,1,1
SF,IH2009,2020-03-23 09:31:04.300,2452.8000,10487,0,133632960.000,0,-,-,-,-,2452.6000,2452.0000,2451.4000,2450.6000,2450.4000,2454.0000,2454.8000,2455.0000,2456.2000,2457.0000,3,3,5,3,1,1,1,1,1,1
SF,IH2009,2020-03-23 09:31:04.800,2452.8000,10487,0,133632960.000,0,-,-,-,-,2452.8000,2452.6000,2452.0000,2451.4000,2450.6000,2454.0000,2454.8000,2455.0000,2456.2000,2457.0000,1,3,3,5,3,1,1,1,1,1
SF,IH2009,2020-03-23 09:31:05.300,2454.0000,10487,0,134369160.000,1,0,1,多换,S,2453.0000,2452.8000,2452.6000,2452.0000,2451.4000,2455.0000,2456.2000,2457.0000,2462.4000,2464.0000,1,2,3,3,5,1,1,1,5,1
SF,IH2009,2020-03-23 09:31:05.800,2454.0000,10487,0,134369160.000,0,-,-,-,-,2454.0000,2453.2000,2452.8000,2452.6000,2452.0000,2455.0000,2457.0000,2462.4000,2464.0000,2465.0000,1,1,2,3,3,1,1,5,1,1
SF,IH2009,2020-03-23 09:31:06.300,2454.0000,10485,-2,135841860.000,2,0,2,双平,S,2452.8000,2452.6000,2452.4000,2452.0000,2451.4000,2457.0000,2462.4000,2464.0000,2465.0000,2469.0000,2,3,1,3,5,1,5,1,1,1
SF,IH2009,2020-03-23 09:31:06.800,2454.0000,10485,0,135841860.000,0,-,-,-,-,2453.0000,2452.8000,2452.6000,2452.4000,2452.0000,2455.6000,2456.8000,2457.0000,2461.0000,2462.4000,2,2,3,1,3,1,2,3,1,5
SF,IH2009,2020-03-23 09:31:07.300,2454.0000,10485,0,135841860.000,0,-,-,-,-,2455.0000,2453.0000,2452.8000,2452.6000,2452.4000,2455.4000,2455.6000,2457.0000,2461.0000,2462.4000,2,2,2,3,1,1,1,3,1,5
SF,IH2009,2020-03-23 09:31:07.800,2454.0000,10485,0,135841860.000,0,-,-,-,-,2455.4000,2455.0000,2453.0000,2452.6000,2452.0000,2455.6000,2457.0000,2461.0000,2462.4000,2464.0000,1,2,2,3,3,1,3,1,5,1
SF,IH2009,2020-03-23 09:31:08.300,2455.0000,10485,0,137314860.000,2,1,1,多换,S,2453.0000,2452.6000,2452.0000,2451.4000,2450.6000,2455.2000,2455.6000,2457.0000,2461.0000,2462.4000,2,3,3,5,3,1,1,3,1,5
SF,IH2009,2020-03-23 09:31:08.800,2455.0000,10485,0,137314860.000,0,-,-,-,-,2453.2000,2453.0000,2452.6000,2452.0000,2451.4000,2455.0000,2455.2000,2455.4000,2455.6000,2457.0000,1,1,3,3,5,1,1,1,1,3
SF,IH2009,2020-03-23 09:31:09.300,2455.0000,10484,-1,138051360.000,1,0,1,双平,S,2453.4000,2453.2000,2453.0000,2452.6000,2452.0000,2455.2000,2455.4000,2455.6000,2457.0000,2461.0000,1,1,1,3,3,1,1,1,3,1
SF,IH2009,2020-03-23 09:31:09.800,2455.0000,10484,0,138051360.000,0,-,-,-,-,2453.6000,2453.2000,2452.6000,2452.0000,2451.4000,2455.2000,2455.4000,2455.6000,2457.0000,2457.2000,2,1,3,3,5,1,1,1,3,1
SF,IH2009,2020-03-23 09:31:10.300,2455.0000,10484,0,138051360.000,0,-,-,-,-,2453.6000,2452.6000,2452.0000,2451.4000,2450.6000,2455.2000,2455.4000,2455.6000,2457.0000,2457.2000,2,3,3,5,3,1,1,1,3,1
SF,IH2009,2020-03-23 09:31:10.800,2455.2000,10483,-1,138787920.000,1,0,1,双平,S,2453.8000,2453.6000,2452.6000,2452.0000,2451.4000,2455.4000,2455.6000,2457.0000,2457.2000,2461.0000,1,2,3,3,5,1,1,3,1,1
SF,IH2009,2020-03-23 09:31:11.300,2455.2000,10483,0,138787920.000,0,-,-,-,-,2454.0000,2453.8000,2453.6000,2453.2000,2452.6000,2455.4000,2455.6000,2457.0000,2457.2000,2461.0000,1,1,1,1,3,1,1,3,1,1
SF,IH2009,2020-03-23 09:31:11.800,2455.2000,10483,0,138787920.000,0,-,-,-,-,2454.2000,2453.8000,2453.6000,2453.2000,2452.6000,2455.4000,2455.6000,2457.0000,2457.2000,2461.0000,1,1,1,1,3,1,1,3,1,1
SF,IH2009,2020-03-23 09:31:12.300,2454.4000,10481,-2,140260860.000,2,0,2,双平,S,2454.4000,2453.8000,2453.6000,2453.2000,2452.6000,2455.6000,2457.0000,2457.2000,2461.0000,2462.4000,1,1,1,2,3,1,3,1,1,5
SF,IH2009,2020-03-23 09:31:12.800,2455.6000,10480,-1,140997540.000,1,0,1,双平,S,2456.0000,2454.6000,2453.8000,2453.6000,2453.2000,2457.0000,2457.2000,2461.0000,2462.4000,2464.0000,1,1,1,1,2,3,1,1,5,1
SF,IH2009,2020-03-23 09:31:13.300,2455.6000,10480,0,140997540.000,0,-,-,-,-,2454.6000,2453.8000,2453.2000,2452.6000,2452.0000,2455.8000,2457.0000,2457.2000,2461.0000,2462.4000,1,1,2,3,3,1,3,1,1,5
SF,IH2009,2020-03-23 09:31:13.800,2455.8000,10479,-1,141734280.000,1,0,1,双平,S,2455.8000,2454.8000,2454.6000,2453.8000,2453.2000,2457.0000,2457.2000,2461.0000,2462.4000,2464.0000,1,1,1,1,2,3,1,1,5,1
SF,IH2009,2020-03-23 09:31:14.300,2455.8000,10479,0,141734280.000,0,-,-,-,-,2455.8000,2454.6000,2453.8000,2453.2000,2452.6000,2457.0000,2457.2000,2461.0000,2462.4000,2464.0000,1,1,2,2,3,3,1,1,5,1
SF,IH2009,2020-03-23 09:31:14.800,2455.8000,10478,-1,143944500.000,3,1,2,多平,S,2455.8000,2454.0000,2453.8000,2453.2000,2452.6000,2457.0000,2457.2000,2461.0000,2462.4000,2464.0000,4,10,2,2,3,2,1,1,5,1
SF,IH2009,2020-03-23 09:31:15.300,2455.8000,10476,-2,148364940.000,6,2,4,多平,S,2454.0000,2453.8000,2453.2000,2452.6000,2452.0000,2455.8000,2456.8000,2457.0000,2457.2000,2461.0000,10,2,2,3,2,1,1,3,1,1
SF,IH2009,2020-03-23 09:31:15.800,2455.8000,10476,0,148364940.000,0,-,-,-,-,2454.2000,2454.0000,2453.8000,2453.2000,2452.6000,2455.6000,2455.8000,2457.0000,2457.2000,2461.0000,1,10,2,2,3,1,1,3,1,1
SF,IH2009,2020-03-23 09:31:16.300,2455.8000,10476,0,149101680.000,1,0,1,多换,S,2454.4000,2454.0000,2453.8000,2453.2000,2452.6000,2455.8000,2457.0000,2457.2000,2461.0000,2462.4000,1,10,2,2,3,1,3,1,1,5
SF,IH2009,2020-03-23 09:31:16.800,2455.8000,10476,0,149101680.000,0,-,-,-,-,2454.0000,2453.8000,2453.2000,2452.6000,2452.0000,2455.6000,2455.8000,2457.0000,2457.2000,2461.0000,10,2,2,3,2,1,1,3,1,1
SF,IH2009,2020-03-23 09:31:17.300,2455.8000,10476,0,149101680.000,0,-,-,-,-,2454.0000,2453.8000,2453.2000,2452.6000,2452.4000,2455.2000,2455.8000,2457.0000,2457.2000,2461.0000,10,2,2,3,1,1,1,3,1,1
SF,IH2009,2020-03-23 09:31:17.800,2455.2000,10475,-1,149838240.000,1,0,1,双平,S,2455.4000,2454.2000,2454.0000,2453.8000,2453.2000,2455.8000,2457.0000,2457.2000,2461.0000,2462.4000,2,1,10,2,2,1,4,1,1,5
SF,IH2009,2020-03-23 09:31:18.300,2455.4000,10473,-2,151311480.000,2,0,2,双平,S,2454.0000,2453.8000,2453.2000,2452.6000,2452.0000,2455.2000,2455.4000,2455.8000,2457.0000,2457.2000,10,2,2,3,2,1,2,1,4,1
SF,IH2009,2020-03-23 09:31:18.800,2455.4000,10473,0,151311480.000,0,-,-,-,-,2454.0000,2453.8000,2453.2000,2452.6000,2452.2000,2455.2000,2455.4000,2455.8000,2457.0000,2457.2000,10,2,2,3,1,1,2,1,4,1
SF,IH2009,2020-03-23 09:31:19.300,2454.0000,10473,0,152047680.000,1,0,1,多换,S,2454.0000,2453.8000,2453.2000,2452.6000,2452.2000,2455.2000,2455.4000,2455.8000,2457.0000,2457.2000,9,2,2,3,1,1,1,1,4,1
SF,IH2009,2020-03-23 09:31:19.800,2455.8000,10473,0,153521040.000,2,1,1,多换,S,2455.8000,2454.0000,2453.8000,2453.2000,2452.6000,2457.0000,2457.2000,2461.0000,2462.4000,2464.0000,3,9,2,2,3,4,1,1,5,1
SF,IH2009,2020-03-23 09:31:20.300,2455.8000,10473,0,154257780.000,1,0,1,多换,S,2455.8000,2455.2000,2454.0000,2453.8000,2453.2000,2456.8000,2457.0000,2457.2000,2461.0000,2462.4000,2,1,9,2,2,1,4,1,1,5
SF,IH2009,2020-03-23 09:31:20.800,2457.0000,10471,-2,155731980.000,2,0,2,双平,S,2457.2000,2456.8000,2455.8000,2455.2000,2454.0000,2458.4000,2461.0000,2462.4000,2464.0000,2465.0000,1,1,2,1,9,1,1,5,1,1
SF,IH2009,2020-03-23 09:31:21.300,2457.0000,10471,0,155731980.000,0,-,-,-,-,2457.2000,2456.8000,2455.8000,2455.2000,2454.0000,2458.4000,2461.0000,2462.4000,2464.0000,2465.0000,1,1,2,2,9,1,1,5,1,1
SF,IH2009,2020-03-23 09:31:21.800,2457.2000,10470,-1,156469140.000,1,0,1,双平,S,2456.8000,2455.8000,2455.6000,2455.2000,2454.0000,2458.4000,2461.0000,2462.4000,2464.0000,2465.0000,1,2,1,2,9,1,1,5,1,1
SF,IH2009,2020-03-23 09:31:22.300,2457.2000,10470,0,156469140.000,0,-,-,-,-,2456.8000,2455.8000,2455.6000,2455.2000,2454.0000,2458.4000,2461.0000,2462.4000,2464.0000,2465.0000,1,2,1,2,9,1,1,5,1,1
SF,IH2009,2020-03-23 09:31:23.800,2457.2000,10470,0,156469140.000,0,-,-,-,-,2456.8000,2455.8000,2455.6000,2455.2000,2453.8000,2458.4000,2461.0000,2462.4000,2464.0000,2465.0000,1,2,1,2,1,1,1,5,1,1
SF,IH2009,2020-03-23 09:31:24.300,2457.2000,10470,0,156469140.000,0,-,-,-,-,2458.4000,2457.0000,2456.8000,2455.8000,2455.6000,2461.0000,2462.4000,2464.0000,2465.0000,2469.0000,1,1,1,2,1,1,5,1,1,1
SF,IH2009,2020-03-23 09:31:24.800,2457.2000,10470,0,156469140.000,0,-,-,-,-,2458.4000,2457.0000,2456.8000,2455.8000,2455.2000,2460.0000,2460.8000,2461.0000,2462.4000,2464.0000,1,1,1,2,2,1,2,1,5,1
SF,IH2009,2020-03-23 09:31:25.300,2458.4000,10468,-2,157944600.000,2,0,2,双平,S,2458.4000,2457.0000,2456.8000,2455.8000,2455.2000,2460.8000,2461.0000,2462.4000,2464.0000,2465.0000,4,1,1,2,2,2,1,5,1,1
SF,IH2009,2020-03-23 09:31:25.800,2458.4000,10468,0,157944600.000,0,-,-,-,-,2458.4000,2457.0000,2456.8000,2455.8000,2455.2000,2460.0000,2460.6000,2460.8000,2462.4000,2464.0000,4,1,1,2,2,1,3,2,5,1
SF,IH2009,2020-03-23 09:31:26.300,2458.4000,10467,-1,158682120.000,1,0,1,双平,S,2460.0000,2458.4000,2457.0000,2456.8000,2455.8000,2460.6000,2460.8000,2464.0000,2465.0000,2466.2000,1,3,1,1,2,2,2,1,1,5
SF,IH2009,2020-03-23 09:31:26.800,2460.0000,10467,0,159420120.000,1,0,1,多换,S,2458.4000,2457.0000,2455.8000,2455.2000,2453.8000,2459.2000,2464.0000,2465.0000,2466.2000,2469.0000,3,1,2,2,1,2,1,2,5,1
SF,IH2009,2020-03-23 09:31:27.300,2459.2000,10465,-2,160895640.000,2,0,2,双平,S,2458.4000,2457.0000,2455.8000,2455.2000,2453.8000,2464.0000,2465.0000,2466.2000,2469.0000,2470.0000,3,1,2,2,1,1,2,5,1,5
SF,IH2009,2020-03-23 09:31:27.800,2459.2000,10465,0,160895640.000,0,-,-,-,-,2459.0000,2458.4000,2457.0000,2455.8000,2455.2000,2462.8000,2463.4000,2463.8000,2464.0000,2465.0000,1,4,1,2,2,1,1,5,3,2
SF,IH2009,2020-03-23 09:31:28.300,2459.2000,10465,0,160895640.000,0,-,-,-,-,2459.0000,2458.4000,2457.0000,2455.8000,2455.2000,2460.0000,2462.6000,2462.8000,2463.8000,2464.0000,1,4,1,2,2,1,4,1,3,3
SF,IH2009,2020-03-23 09:31:28.800,2459.2000,10465,0,160895640.000,0,-,-,-,-,2460.6000,2460.0000,2459.0000,2458.4000,2457.0000,2460.8000,2462.6000,2462.8000,2463.8000,2464.0000,1,1,1,4,1,1,3,1,1,3
SF,IH2009,2020-03-23 09:31:29.300,2460.6000,10465,0,161633820.000,1,0,1,多换,S,2460.0000,2458.4000,2457.0000,2455.8000,2455.2000,2462.6000,2462.8000,2463.8000,2464.0000,2465.0000,1,4,1,2,2,2,1,1,3,2
SF,IH2009,2020-03-23 09:31:29.800,2460.0000,10464,-1,162371820.000,1,0,1,双平,S,2458.4000,2457.0000,2455.8000,2455.2000,2453.2000,2462.4000,2462.6000,2462.8000,2463.8000,2464.0000,4,1,2,2,2,1,1,1,1,3
SF,IH2009,2020-03-23 09:31:30.300,2464.0000,10463,-1,169021080.000,9,4,5,多平,S,2464.8000,2458.6000,2458.4000,2457.0000,2455.8000,2465.0000,2466.2000,2469.0000,2470.0000,2475.0000,1,1,4,1,2,2,5,1,5,1
SF,IH2009,2020-03-23 09:31:30.800,2464.8000,10462,-1,170499960.000,2,0,2,多平,S,2462.4000,2458.6000,2458.4000,2457.0000,2455.8000,2464.4000,2464.6000,2464.8000,2465.0000,2466.2000,1,1,4,1,2,1,2,5,2,5
SF,IH2009,2020-03-23 09:31:31.300,2462.4000,10462,0,171238680.000,1,0,1,多换,S,2458.6000,2458.4000,2457.0000,2455.8000,2455.2000,2462.4000,2464.2000,2464.4000,2464.6000,2464.8000,1,4,1,2,2,2,2,1,2,4
SF,IH2009,2020-03-23 09:31:31.800,2462.4000,10462,0,171238680.000,0,-,-,-,-,2458.8000,2458.6000,2458.4000,2457.0000,2455.8000,2461.2000,2462.2000,2462.4000,2464.2000,2464.8000,1,1,4,1,2,1,1,2,2,3
SF,IH2009,2020-03-23 09:31:32.300,2461.4000,10461,-1,171977100.000,1,0,1,双平,S,2459.0000,2458.8000,2458.4000,2457.0000,2455.8000,2462.4000,2464.8000,2465.0000,2466.2000,2469.0000,1,3,4,1,2,2,3,2,5,1
SF,IH2009,2020-03-23 09:31:32.800,2461.4000,10461,0,171977100.000,0,-,-,-,-,2459.4000,2459.2000,2459.0000,2458.8000,2458.4000,2462.4000,2464.0000,2464.8000,2465.0000,2466.2000,1,1,1,1,3,3,1,3,1,5
SF,IH2009,2020-03-23 09:31:33.300,2461.4000,10461,0,171977100.000,0,-,-,-,-,2459.6000,2458.8000,2458.4000,2457.0000,2455.8000,2462.2000,2462.4000,2464.0000,2464.8000,2465.0000,2,1,3,1,2,1,3,1,3,1
SF,IH2009,2020-03-23 09:31:33.800,2461.4000,10461,0,171977100.000,0,-,-,-,-,2459.8000,2459.6000,2458.4000,2457.0000,2455.8000,2462.0000,2462.2000,2462.4000,2464.0000,2464.8000,1,2,3,1,2,1,3,3,1,1
SF,IH2009,2020-03-23 09:31:34.300,2462.0000,10461,0,172715700.000,1,0,1,多换,S,2460.8000,2459.8000,2459.6000,2458.4000,2457.0000,2462.2000,2462.4000,2464.0000,2464.8000,2465.0000,5,1,2,3,1,3,3,1,1,1
SF,IH2009,2020-03-23 09:31:34.800,2460.8000,10461,0,174930420.000,3,1,2,多换,S,2460.8000,2459.8000,2459.6000,2458.4000,2457.0000,2462.2000,2462.4000,2464.0000,2464.8000,2465.0000,2,1,2,3,1,1,3,1,1,1
SF,IH2009,2020-03-23 09:31:35.300,2460.8000,10461,0,174930420.000,0,-,-,-,-,2460.8000,2459.8000,2459.6000,2458.4000,2457.0000,2462.2000,2462.4000,2464.0000,2464.8000,2465.0000,2,1,2,3,1,1,3,1,1,1
SF,IH2009,2020-03-23 09:31:35.800,2462.2000,10461,0,175669080.000,1,0,1,多换,S,2461.0000,2460.8000,2459.6000,2458.4000,2458.0000,2462.4000,2464.0000,2464.8000,2465.0000,2466.2000,1,2,2,3,1,3,1,2,1,5
SF,IH2009,2020-03-23 09:31:36.300,2460.8000,10460,-1,177883860.000,3,1,2,多平,S,2459.6000,2458.4000,2458.0000,2457.0000,2455.8000,2462.4000,2464.0000,2464.8000,2465.0000,2466.2000,2,3,1,1,2,3,1,2,1,5
SF,IH2009,2020-03-23 09:31:36.800,2462.2000,10460,0,179360820.000,2,1,1,多换,S,2459.6000,2458.4000,2458.0000,2457.0000,2455.8000,2462.4000,2464.0000,2464.8000,2465.0000,2466.2000,2,3,1,1,2,3,1,2,1,5
SF,IH2009,2020-03-23 09:31:37.300,2462.2000,10460,0,179360820.000,0,-,-,-,-,2459.6000,2458.4000,2458.0000,2457.0000,2455.8000,2462.2000,2462.4000,2464.0000,2464.8000,2465.0000,2,3,1,1,2,3,3,1,2,1
SF,IH2009,2020-03-23 09:31:37.800,2462.2000,10460,0,179360820.000,0,-,-,-,-,2459.6000,2458.4000,2458.0000,2457.0000,2455.8000,2462.2000,2462.4000,2464.0000,2464.8000,2465.0000,1,3,1,1,2,6,3,1,2,1
SF,IH2009,2020-03-23 09:31:38.300,2462.2000,10460,0,179360820.000,0,-,-,-,-,2458.4000,2458.0000,2457.0000,2455.8000,2455.2000,2460.0000,2462.2000,2462.4000,2464.8000,2465.0000,3,1,1,2,1,1,6,3,2,1
SF,IH2009,2020-03-23 09:31:38.800,2462.2000,10460,0,179360820.000,0,-,-,-,-,2458.4000,2458.0000,2457.0000,2455.8000,2455.2000,2459.8000,2461.8000,2462.2000,2462.4000,2464.8000,3,1,1,2,1,2,1,4,3,2
SF,IH2009,2020-03-23 09:31:39.300,2460.0000,10458,-2,180836820.000,2,0,2,双平,S,2458.4000,2458.0000,2457.0000,2455.8000,2455.2000,2460.0000,2461.8000,2462.2000,2462.4000,2464.8000,3,1,1,2,1,1,1,2,3,2
SF,IH2009,2020-03-23 09:31:39.800,2460.0000,10458,0,180836820.000,0,-,-,-,-,2458.4000,2458.0000,2457.0000,2455.8000,2455.2000,2459.6000,2460.0000,2461.8000,2462.2000,2462.4000,3,2,1,2,1,1,1,1,2,3
SF,IH2009,2020-03-23 09:31:40.300,2460.0000,10457,-1,182312820.000,2,0,2,多平,S,2458.6000,2458.4000,2458.0000,2457.0000,2455.8000,2461.8000,2462.2000,2462.4000,2464.8000,2465.0000,1,3,2,1,2,1,2,3,1,1
SF,IH2009,2020-03-23 09:31:40.800,2459.8000,10456,-1,183050760.000,1,0,1,双平,S,2458.8000,2458.6000,2458.4000,2458.0000,2457.0000,2461.6000,2461.8000,2462.2000,2462.4000,2464.8000,1,1,3,2,1,1,1,1,3,1
SF,IH2009,2020-03-23 09:31:41.300,2459.8000,10456,0,183050760.000,0,-,-,-,-,2459.0000,2458.8000,2458.4000,2458.0000,2457.0000,2461.6000,2461.8000,2462.2000,2462.4000,2464.8000,1,1,3,2,1,1,1,1,3,1
SF,IH2009,2020-03-23 09:31:41.800,2459.2000,10455,-1,183788520.000,1,0,1,双平,S,2459.0000,2458.4000,2458.0000,2457.0000,2455.8000,2461.4000,2461.6000,2462.4000,2464.8000,2465.0000,1,3,2,1,2,1,1,3,1,1
SF,IH2009,2020-03-23 09:31:42.300,2461.4000,10455,0,184526940.000,1,0,1,多换,S,2459.2000,2459.0000,2458.4000,2458.0000,2457.0000,2461.6000,2462.4000,2464.2000,2464.8000,2465.0000,1,1,3,2,1,1,3,1,1,1
SF,IH2009,2020-03-23 09:31:42.800,2461.4000,10455,0,184526940.000,0,-,-,-,-,2459.4000,2459.2000,2458.4000,2458.0000,2457.0000,2462.4000,2464.2000,2464.8000,2465.0000,2466.2000,1,1,3,2,1,3,1,1,1,5
SF,IH2009,2020-03-23 09:31:43.300,2460.0000,10454,-1,185264940.000,1,0,1,双平,S,2459.6000,2459.4000,2458.4000,2458.0000,2457.0000,2462.2000,2462.4000,2464.2000,2464.8000,2465.0000,1,1,3,2,1,1,3,1,1,1
SF,IH2009,2020-03-23 09:31:43.800,2459.8000,10453,-1,186002880.000,1,0,1,双平,S,2459.6000,2458.4000,2458.0000,2457.0000,2455.8000,2462.2000,2462.4000,2464.2000,2464.8000,2465.0000,1,3,2,1,2,1,3,1,1,1
SF,IH2009,2020-03-23 09:31:44.300,2459.6000,10452,-1,186740760.000,1,0,1,双平,S,2458.4000,2458.0000,2457.0000,2455.8000,2455.2000,2462.0000,2462.2000,2462.4000,2464.2000,2464.8000,3,2,1,2,1,4,1,3,1,1
SF,IH2009,2020-03-23 09:31:44.800,2459.6000,10452,0,186740760.000,0,-,-,-,-,2458.6000,2458.4000,2458.0000,2457.0000,2455.8000,2461.8000,2462.0000,2462.4000,2464.2000,2464.8000,1,3,2,1,2,1,1,3,1,1
SF,IH2009,2020-03-23 09:31:45.300,2459.6000,10452,0,186740760.000,0,-,-,-,-,2458.6000,2458.4000,2458.0000,2457.0000,2455.8000,2459.6000,2461.6000,2462.4000,2464.2000,2464.8000,1,3,2,1,2,3,1,3,1,1
SF,IH2009,2020-03-23 09:31:45.800,2459.6000,10452,0,188954400.000,3,1,2,多换,S,2460.0000,2459.8000,2458.6000,2458.4000,2458.0000,2461.6000,2462.4000,2464.2000,2464.8000,2465.0000,2,2,1,3,2,1,3,1,1,1
SF,IH2009,2020-03-23 09:31:46.300,2459.6000,10452,0,188954400.000,0,-,-,-,-,2460.0000,2459.8000,2458.6000,2458.4000,2458.0000,2461.4000,2462.4000,2464.2000,2464.8000,2465.0000,2,2,1,3,2,1,3,1,1,1
SF,IH2009,2020-03-23 09:31:46.800,2459.6000,10452,0,188954400.000,0,-,-,-,-,2459.8000,2458.6000,2458.4000,2458.0000,2455.8000,2461.4000,2462.4000,2464.2000,2464.8000,2465.0000,2,1,3,2,2,1,3,1,1,1
SF,IH2009,2020-03-23 09:31:47.300,2459.8000,10451,-1,189692340.000,1,0,1,双平,S,2459.8000,2458.6000,2458.4000,2458.2000,2458.0000,2461.4000,2462.2000,2462.4000,2464.2000,2464.8000,1,1,3,2,2,1,2,3,1,1
SF,IH2009,2020-03-23 09:31:48.300,2461.4000,10450,-1,190430760.000,1,0,1,双平,S,2460.0000,2459.8000,2458.6000,2458.4000,2458.2000,2462.2000,2462.4000,2464.2000,2464.8000,2465.0000,1,1,1,3,2,2,3,1,1,1
SF,IH2009,2020-03-23 09:31:48.800,2461.4000,10450,0,190430760.000,0,-,-,-,-,2460.2000,2460.0000,2459.8000,2458.4000,2458.2000,2462.2000,2462.4000,2464.2000,2464.8000,2465.0000,1,1,1,3,2,2,3,1,1,1
SF,IH2009,2020-03-23 09:31:49.300,2461.4000,10450,0,190430760.000,0,-,-,-,-,2461.4000,2460.2000,2460.0000,2459.8000,2458.4000,2462.2000,2462.4000,2464.2000,2464.8000,2465.0000,1,1,1,1,3,2,3,1,1,1
SF,IH2009,2020-03-23 09:31:49.800,2461.4000,10450,0,191169180.000,1,0,1,多换,S,2460.2000,2460.0000,2459.8000,2458.4000,2458.2000,2461.4000,2462.2000,2462.4000,2464.2000,2464.8000,1,1,1,3,2,1,2,2,1,1
SF,IH2009,2020-03-23 09:31:50.300,2461.4000,10449,-1,191907600.000,1,0,1,双平,S,2460.0000,2459.8000,2458.4000,2458.2000,2458.0000,2462.2000,2462.4000,2464.2000,2464.8000,2465.0000,1,1,3,2,2,2,2,1,1,1
SF,IH2009,2020-03-23 09:31:50.800,2462.2000,10449,0,192646260.000,1,0,1,多换,S,2460.2000,2460.0000,2459.8000,2458.4000,2458.2000,2461.4000,2462.2000,2462.4000,2464.2000,2464.8000,1,1,1,3,2,1,1,2,1,1
SF,IH2009,2020-03-23 09:31:51.300,2461.4000,10448,-1,193384680.000,1,0,1,双平,S,2460.0000,2459.8000,2458.4000,2458.2000,2458.0000,2462.2000,2462.4000,2464.2000,2464.8000,2465.0000,1,1,3,2,1,1,2,1,1,1
SF,IH2009,2020-03-23 09:31:51.800,2461.4000,10448,0,193384680.000,0,-,-,-,-,2460.8000,2460.2000,2460.0000,2459.8000,2458.4000,2462.2000,2462.4000,2464.2000,2464.8000,2465.0000,1,1,1,1,3,1,2,1,1,1
SF,IH2009,2020-03-23 09:31:52.300,2461.4000,10448,0,193384680.000,0,-,-,-,-,2460.8000,2460.2000,2460.0000,2459.8000,2458.4000,2461.6000,2462.2000,2462.4000,2464.2000,2464.8000,1,1,1,1,3,1,1,2,1,1
SF,IH2009,2020-03-23 09:31:52.800,2460.8000,10446,-2,195599700.000,3,0,3,多平,S,2460.4000,2460.0000,2459.8000,2458.4000,2458.2000,2462.2000,2462.4000,2464.2000,2464.8000,2465.0000,1,1,1,3,2,1,2,1,1,1
SF,IH2009,2020-03-23 09:31:53.300,2462.2000,10445,-1,196338360.000,1,0,1,双平,S,2460.6000,2460.4000,2460.0000,2459.8000,2458.4000,2462.4000,2464.2000,2464.8000,2465.0000,2466.2000,1,1,1,1,3,2,1,1,1,5
SF,IH2009,2020-03-23 09:31:53.800,2462.4000,10444,-1,197077080.000,1,0,1,双平,S,2460.4000,2460.0000,2459.8000,2458.4000,2458.2000,2462.4000,2464.2000,2464.8000,2465.0000,2466.2000,1,1,1,3,2,1,1,1,1,5
SF,IH2009,2020-03-23 09:31:54.300,2462.4000,10443,-1,197815800.000,1,0,1,双平,S,2460.6000,2460.0000,2459.8000,2458.4000,2458.2000,2464.2000,2464.8000,2465.0000,2466.2000,2469.0000,2,1,1,3,2,1,1,1,5,1
SF,IH2009,2020-03-23 09:31:54.800,2462.4000,10443,0,197815800.000,0,-,-,-,-,2460.6000,2460.0000,2459.8000,2458.4000,2458.2000,2464.0000,2464.2000,2464.8000,2465.0000,2466.2000,2,1,1,3,2,1,1,1,1,5
SF,IH2009,2020-03-23 09:31:55.300,2462.4000,10443,0,197815800.000,0,-,-,-,-,2460.6000,2460.0000,2459.8000,2458.4000,2458.2000,2464.0000,2464.8000,2465.0000,2466.2000,2467.8000,2,1,1,3,2,1,1,1,5,1
SF,IH2009,2020-03-23 09:31:55.800,2462.4000,10443,0,197815800.000,0,-,-,-,-,2461.0000,2460.6000,2460.0000,2459.8000,2458.4000,2464.0000,2464.8000,2465.0000,2466.2000,2467.8000,1,1,2,1,3,1,1,1,5,1
SF,IH2009,2020-03-23 09:31:56.300,2461.0000,10442,-1,198554100.000,1,0,1,双平,S,2460.6000,2460.0000,2459.8000,2458.4000,2458.2000,2463.8000,2464.0000,2464.8000,2465.0000,2466.2000,1,2,1,3,2,1,1,1,1,5
SF,IH2009,2020-03-23 09:31:56.800,2461.0000,10442,0,198554100.000,0,-,-,-,-,2460.0000,2459.8000,2458.4000,2458.2000,2458.0000,2463.2000,2463.4000,2463.6000,2463.8000,2464.8000,2,1,3,2,1,1,1,1,1,1
SF,IH2009,2020-03-23 09:31:57.300,2461.0000,10442,0,198554100.000,0,-,-,-,-,2460.0000,2459.8000,2458.4000,2458.2000,2458.0000,2463.0000,2463.2000,2463.4000,2464.8000,2465.0000,2,1,3,2,1,2,1,1,1,1
SF,IH2009,2020-03-23 09:31:57.800,2461.0000,10442,0,198554100.000,0,-,-,-,-,2460.0000,2459.8000,2458.4000,2458.2000,2458.0000,2462.4000,2463.0000,2464.8000,2465.0000,2466.2000,2,1,3,2,1,1,2,1,1,5
SF,IH2009,2020-03-23 09:31:58.300,2461.0000,10442,0,198554100.000,0,-,-,-,-,2460.0000,2459.8000,2458.4000,2458.2000,2458.0000,2462.2000,2462.4000,2463.0000,2464.8000,2465.0000,2,1,3,2,1,2,1,1,1,1
SF,IH2009,2020-03-23 09:31:58.800,2460.0000,10442,0,199292100.000,1,0,1,多换,S,2460.0000,2459.8000,2458.4000,2458.2000,2458.0000,2462.0000,2462.2000,2462.4000,2464.8000,2465.0000,1,1,3,2,1,1,2,1,1,1
SF,IH2009,2020-03-23 09:31:59.300,2460.0000,10442,0,199292100.000,0,-,-,-,-,2460.0000,2459.8000,2458.4000,2458.2000,2458.0000,2461.8000,2462.0000,2462.2000,2462.4000,2464.8000,1,1,3,2,1,1,1,2,1,1
SF,IH2009,2020-03-23 09:31:59.800,2460.0000,10442,0,199292100.000,0,-,-,-,-,2460.0000,2459.8000,2458.4000,2458.2000,2458.0000,2461.8000,2462.0000,2462.2000,2462.4000,2464.8000,1,1,3,2,1,1,1,1,1,1
SF,IH2009,2020-03-23 09:32:00.300,2460.0000,10442,0,199292100.000,0,-,-,-,-,2460.0000,2459.8000,2458.4000,2458.2000,2458.0000,2461.6000,2461.8000,2462.0000,2462.2000,2462.4000,1,1,3,2,1,1,1,1,1,1
SF,IH2009,2020-03-23 09:32:00.800,2461.8000,10440,-2,200769120.000,2,0,2,双平,S,2460.0000,2459.8000,2458.4000,2458.2000,2458.0000,2462.0000,2462.2000,2462.4000,2464.8000,2465.0000,1,1,3,2,1,1,1,1,1,1
SF,IH2009,2020-03-23 09:32:01.300,2460.0000,10440,0,201507120.000,1,0,1,多换,S,2459.8000,2458.4000,2458.2000,2458.0000,2455.8000,2462.2000,2462.4000,2464.8000,2465.0000,2466.2000,1,3,2,1,2,1,1,1,1,5
SF,IH2009,2020-03-23 09:32:01.800,2460.0000,10440,0,201507120.000,0,-,-,-,-,2459.8000,2458.4000,2458.2000,2458.0000,2455.8000,2460.0000,2462.2000,2464.8000,2465.0000,2466.2000,1,3,2,1,2,6,1,1,1,5
SF,IH2009,2020-03-23 09:32:02.300,2460.0000,10436,-4,204459120.000,4,0,4,双平,S,2459.8000,2458.4000,2458.2000,2458.0000,2455.8000,2460.0000,2462.2000,2464.8000,2465.0000,2466.2000,1,3,2,1,2,2,1,1,1,5
SF,IH2009,2020-03-23 09:32:02.800,2460.0000,10436,0,204459120.000,0,-,-,-,-,2458.4000,2458.2000,2458.0000,2455.8000,2455.2000,2460.0000,2462.2000,2464.8000,2465.0000,2466.2000,3,2,1,2,1,3,1,1,1,5
SF,IH2009,2020-03-23 09:32:03.300,2460.0000,10436,0,204459120.000,0,-,-,-,-,2458.8000,2458.4000,2458.2000,2458.0000,2455.8000,2460.0000,2462.2000,2464.8000,2465.0000,2466.2000,1,3,2,1,2,3,1,1,1,5
SF,IH2009,2020-03-23 09:32:03.800,2460.0000,10436,0,205197120.000,1,0,1,多换,S,2458.8000,2458.4000,2458.2000,2458.0000,2455.8000,2460.0000,2462.2000,2464.8000,2465.0000,2466.2000,1,3,2,1,2,2,1,1,1,5
SF,IH2009,2020-03-23 09:32:04.300,2460.0000,10436,0,205197120.000,0,-,-,-,-,2458.4000,2458.2000,2458.0000,2455.8000,2455.2000,2460.0000,2462.2000,2464.8000,2465.0000,2466.2000,3,2,1,2,1,2,1,1,1,5
SF,IH2009,2020-03-23 09:32:06.800,2458.4000,10435,-1,205934640.000,1,0,1,双平,S,2458.4000,2458.2000,2458.0000,2455.8000,2455.2000,2460.0000,2462.2000,2463.8000,2464.8000,2465.0000,2,2,1,2,1,2,1,1,1,1
SF,IH2009,2020-03-23 09:32:07.300,2458.4000,10435,0,205934640.000,0,-,-,-,-,2458.4000,2458.2000,2458.0000,2455.8000,2455.2000,2460.0000,2462.2000,2463.8000,2464.8000,2465.0000,2,2,1,2,1,2,1,1,1,1
SF,IH2009,2020-03-23 09:32:08.800,2458.4000,10435,0,206672160.000,1,0,1,多换,S,2458.4000,2458.2000,2458.0000,2455.8000,2455.2000,2460.0000,2462.2000,2463.8000,2464.8000,2465.0000,1,2,1,2,1,2,1,1,1,1
SF,IH2009,2020-03-23 09:32:09.300,2458.4000,10435,0,206672160.000,0,-,-,-,-,2458.4000,2458.2000,2458.0000,2455.8000,2455.2000,2460.0000,2462.2000,2463.8000,2464.8000,2465.0000,1,2,1,2,1,2,1,1,1,1
SF,IH2009,2020-03-23 09:32:10.300,2458.4000,10434,-1,207409680.000,1,0,1,双平,S,2458.2000,2458.0000,2455.8000,2455.2000,2455.0000,2460.0000,2462.2000,2463.8000,2464.8000,2465.0000,2,1,2,1,1,2,1,1,1,1
SF,IH2009,2020-03-23 09:32:10.800,2458.4000,10434,0,207409680.000,0,-,-,-,-,2458.2000,2458.0000,2455.8000,2455.2000,2455.0000,2459.8000,2460.0000,2462.2000,2463.8000,2464.8000,2,1,2,1,1,1,2,1,1,1
SF,IH2009,2020-03-23 09:32:11.300,2458.2000,10434,0,208884600.000,2,1,1,多换,S,2458.0000,2455.8000,2455.2000,2455.0000,2452.0000,2459.8000,2460.0000,2462.2000,2463.8000,2464.8000,1,2,1,1,2,1,2,1,1,1
SF,IH2009,2020-03-23 09:32:11.800,2458.0000,10434,0,209622000.000,1,0,1,多换,S,2455.8000,2455.2000,2455.0000,2452.0000,2450.6000,2459.8000,2460.0000,2462.2000,2463.8000,2464.8000,2,1,1,2,3,1,2,1,1,1
SF,IH2009,2020-03-23 09:32:12.300,2458.0000,10434,0,209622000.000,0,-,-,-,-,2456.6000,2455.8000,2455.2000,2455.0000,2452.0000,2459.6000,2460.0000,2463.8000,2464.8000,2465.0000,1,2,1,1,2,1,2,1,1,1
SF,IH2009,2020-03-23 09:32:12.800,2458.0000,10434,0,209622000.000,0,-,-,-,-,2456.6000,2456.0000,2455.8000,2455.2000,2455.0000,2459.6000,2460.0000,2463.8000,2464.8000,2465.0000,1,1,2,1,1,1,2,1,1,1
SF,IH2009,2020-03-23 09:32:13.300,2458.0000,10434,0,209622000.000,0,-,-,-,-,2456.6000,2456.0000,2455.8000,2455.2000,2455.0000,2459.4000,2459.6000,2460.0000,2463.8000,2464.8000,1,1,2,1,1,1,1,2,1,1
SF,IH2009,2020-03-23 09:32:13.800,2456.6000,10433,-1,210358980.000,1,0,1,双平,S,2456.0000,2455.8000,2455.2000,2455.0000,2452.0000,2459.2000,2459.4000,2460.0000,2463.8000,2464.8000,1,2,1,1,2,1,1,2,1,1
SF,IH2009,2020-03-23 09:32:14.300,2456.6000,10433,0,210358980.000,0,-,-,-,-,2455.8000,2455.2000,2455.0000,2452.0000,2450.6000,2458.4000,2459.0000,2459.2000,2460.0000,2463.8000,2,1,1,2,3,1,1,1,2,1
SF,IH2009,2020-03-23 09:32:14.800,2455.8000,10433,0,211095720.000,1,0,1,多换,S,2455.8000,2455.2000,2455.0000,2452.0000,2450.6000,2458.2000,2458.4000,2459.0000,2460.0000,2463.8000,1,1,1,2,3,1,1,1,2,1
SF,IH2009,2020-03-23 09:32:15.300,2455.8000,10433,0,211832460.000,1,0,1,多换,S,2455.2000,2455.0000,2452.0000,2450.6000,2450.2000,2458.2000,2458.4000,2459.0000,2460.0000,2463.8000,1,1,2,3,1,1,1,1,2,1
SF,IH2009,2020-03-23 09:32:15.800,2455.8000,10433,0,211832460.000,0,-,-,-,-,2455.4000,2455.2000,2455.0000,2452.0000,2450.6000,2458.0000,2458.2000,2458.4000,2460.0000,2463.8000,1,1,1,2,3,1,1,1,2,1
SF,IH2009,2020-03-23 09:32:16.300,2455.8000,10433,0,211832460.000,0,-,-,-,-,2455.2000,2455.0000,2452.0000,2450.6000,2450.2000,2457.8000,2458.0000,2458.4000,2460.0000,2463.8000,1,1,2,3,1,1,1,1,2,1
SF,IH2009,2020-03-23 09:32:16.800,2455.4000,10432,-1,212569080.000,1,0,1,双平,S,2455.2000,2455.0000,2452.0000,2450.6000,2450.2000,2457.8000,2458.0000,2458.4000,2460.0000,2463.8000,1,1,2,3,1,1,1,1,2,1
SF,IH2009,2020-03-23 09:32:17.800,2455.4000,10432,0,212569080.000,0,-,-,-,-,2455.2000,2455.0000,2452.0000,2450.6000,2450.2000,2457.8000,2458.0000,2458.4000,2460.0000,2463.8000,1,1,2,3,1,1,1,1,2,1
SF,IH2009,2020-03-23 09:32:18.300,2455.4000,10432,0,212569080.000,0,-,-,-,-,2455.2000,2455.0000,2452.0000,2450.6000,2450.2000,2457.6000,2457.8000,2458.4000,2460.0000,2463.8000,1,1,2,3,1,2,1,1,2,1
SF,IH2009,2020-03-23 09:32:18.800,2455.4000,10432,0,212569080.000,0,-,-,-,-,2455.2000,2455.0000,2452.0000,2450.6000,2450.2000,2457.4000,2457.6000,2458.4000,2460.0000,2463.8000,1,1,2,3,1,1,1,1,2,1
SF,IH2009,2020-03-23 09:32:19.300,2455.0000,10431,-1,214042140.000,2,0,2,多平,S,2452.0000,2450.6000,2450.2000,2450.0000,2448.4000,2455.2000,2457.0000,2457.2000,2457.4000,2458.4000,2,3,1,8,2,1,1,1,1,1
SF,IH2009,2020-03-23 09:32:19.800,2455.0000,10431,0,214042140.000,0,-,-,-,-,2452.2000,2452.0000,2450.6000,2450.2000,2450.0000,2455.0000,2455.2000,2457.0000,2458.4000,2460.0000,1,2,3,1,8,1,1,1,1,2
SF,IH2009,2020-03-23 09:32:20.300,2455.0000,10431,0,214042140.000,0,-,-,-,-,2452.0000,2450.6000,2450.2000,2450.0000,2448.4000,2455.0000,2455.2000,2457.0000,2458.4000,2460.0000,2,3,1,8,2,1,1,1,1,2
SF,IH2009,2020-03-23 09:32:20.800,2455.0000,10431,0,214042140.000,0,-,-,-,-,2452.2000,2452.0000,2450.6000,2450.2000,2450.0000,2455.0000,2455.2000,2457.0000,2458.4000,2460.0000,1,2,3,1,8,1,1,1,1,2
SF,IH2009,2020-03-23 09:32:21.300,2455.0000,10431,0,214042140.000,0,-,-,-,-,2452.2000,2452.0000,2450.6000,2450.2000,2450.0000,2455.0000,2455.2000,2458.4000,2460.0000,2463.8000,1,2,3,1,8,1,1,1,2,1
SF,IH2009,2020-03-23 09:32:21.800,2455.0000,10431,0,214042140.000,0,-,-,-,-,2452.2000,2452.0000,2450.6000,2450.2000,2450.0000,2454.8000,2455.0000,2455.2000,2458.4000,2458.6000,1,2,3,1,8,2,1,1,1,5
SF,IH2009,2020-03-23 09:32:22.300,2455.0000,10431,0,214042140.000,0,-,-,-,-,2452.0000,2450.6000,2450.2000,2450.0000,2448.4000,2454.6000,2454.8000,2455.2000,2458.4000,2458.6000,2,3,1,8,2,1,2,1,1,5
SF,IH2009,2020-03-23 09:32:22.800,2455.0000,10431,0,214042140.000,0,-,-,-,-,2452.0000,2450.6000,2450.2000,2450.0000,2448.4000,2454.4000,2454.6000,2454.8000,2455.2000,2458.4000,2,3,1,8,2,1,1,1,1,1
SF,IH2009,2020-03-23 09:32:23.300,2455.0000,10431,0,214042140.000,0,-,-,-,-,2452.0000,2450.6000,2450.2000,2450.0000,2448.4000,2454.2000,2454.4000,2454.8000,2455.2000,2458.4000,2,3,1,8,2,1,1,1,1,1
SF,IH2009,2020-03-23 09:32:23.800,2455.0000,10431,0,214042140.000,0,-,-,-,-,2452.0000,2450.6000,2450.2000,2450.0000,2448.4000,2454.2000,2454.8000,2455.2000,2458.4000,2458.6000,2,3,1,8,2,1,1,1,1,5
SF,IH2009,2020-03-23 09:32:24.800,2452.0000,10431,0,214777740.000,1,0,1,多换,S,2452.0000,2450.6000,2450.2000,2450.0000,2448.4000,2454.2000,2454.8000,2455.2000,2458.4000,2458.6000,1,3,1,8,2,1,1,1,1,5
SF,IH2009,2020-03-23 09:32:25.300,2452.0000,10431,0,215513340.000,1,0,1,多换,S,2450.6000,2450.2000,2450.0000,2448.4000,2444.4000,2454.0000,2454.2000,2454.8000,2455.2000,2458.4000,3,1,8,2,1,2,1,1,1,1
SF,IH2009,2020-03-23 09:32:25.800,2452.0000,10431,0,215513340.000,0,-,-,-,-,2450.8000,2450.6000,2450.2000,2450.0000,2448.4000,2453.8000,2454.0000,2455.2000,2458.4000,2458.6000,1,3,1,8,2,1,2,1,1,5
SF,IH2009,2020-03-23 09:32:26.300,2452.0000,10431,0,215513340.000,0,-,-,-,-,2450.6000,2450.2000,2450.0000,2448.4000,2444.4000,2453.2000,2453.6000,2453.8000,2455.2000,2458.4000,3,1,8,2,1,1,1,1,1,1
SF,IH2009,2020-03-23 09:32:26.800,2452.0000,10431,0,215513340.000,0,-,-,-,-,2450.6000,2450.2000,2450.0000,2448.4000,2444.4000,2453.0000,2453.2000,2455.2000,2458.4000,2458.6000,3,1,8,2,1,2,1,1,1,5
SF,IH2009,2020-03-23 09:32:27.300,2452.0000,10431,0,215513340.000,0,-,-,-,-,2450.6000,2450.2000,2450.0000,2448.4000,2444.4000,2453.0000,2455.2000,2458.4000,2458.6000,2460.0000,3,1,8,2,1,3,1,1,5,2
SF,IH2009,2020-03-23 09:32:27.800,2452.0000,10431,0,216248940.000,1,0,1,多换,S,2450.6000,2450.2000,2450.0000,2448.4000,2444.4000,2452.2000,2453.0000,2455.2000,2458.4000,2458.6000,3,1,8,2,1,1,3,1,1,5
SF,IH2009,2020-03-23 09:32:28.800,2452.0000,10431,0,216248940.000,0,-,-,-,-,2450.8000,2450.6000,2450.2000,2450.0000,2448.4000,2452.2000,2453.0000,2458.4000,2458.6000,2460.0000,1,3,1,8,2,1,3,1,5,2
SF,IH2009,2020-03-23 09:32:29.300,2452.0000,10431,0,216248940.000,0,-,-,-,-,2451.0000,2450.6000,2450.2000,2450.0000,2448.4000,2452.2000,2453.0000,2458.4000,2458.6000,2460.0000,1,3,1,8,2,1,3,1,5,2
SF,IH2009,2020-03-23 09:32:29.800,2451.2000,10430,-1,217719960.000,2,0,2,多平,S,2450.6000,2450.2000,2450.0000,2448.4000,2444.4000,2453.0000,2458.4000,2458.6000,2460.0000,2463.8000,3,1,8,2,1,3,1,5,2,1
SF,IH2009,2020-03-23 09:32:30.300,2451.2000,10430,0,217719960.000,0,-,-,-,-,2450.8000,2450.6000,2450.2000,2450.0000,2448.4000,2453.0000,2458.4000,2458.6000,2460.0000,2463.8000,1,3,1,8,2,1,1,5,2,1
SF,IH2009,2020-03-23 09:32:30.800,2453.0000,10429,-1,218455860.000,1,0,1,双平,S,2451.2000,2451.0000,2450.8000,2450.6000,2450.2000,2458.4000,2458.6000,2460.0000,2463.8000,2464.8000,1,1,1,3,1,1,5,2,1,1
SF,IH2009,2020-03-23 09:32:31.300,2453.0000,10429,0,218455860.000,0,-,-,-,-,2451.4000,2451.2000,2451.0000,2450.6000,2450.2000,2454.4000,2456.2000,2458.2000,2458.4000,2458.6000,2,1,2,3,1,1,1,4,1,5
SF,IH2009,2020-03-23 09:32:31.800,2453.0000,10429,0,218455860.000,0,-,-,-,-,2451.8000,2451.4000,2451.0000,2450.6000,2450.2000,2454.4000,2458.2000,2458.4000,2458.6000,2460.0000,1,2,2,3,1,1,2,1,5,2
SF,IH2009,2020-03-23 09:32:32.300,2452.0000,10428,-1,219191460.000,1,0,1,双平,S,2452.0000,2451.8000,2451.0000,2450.6000,2450.2000,2454.4000,2458.2000,2458.4000,2458.6000,2460.0000,2,1,1,3,1,1,2,1,5,2
SF,IH2009,2020-03-23 09:32:32.800,2452.0000,10428,0,219191460.000,0,-,-,-,-,2452.0000,2450.6000,2450.2000,2450.0000,2448.4000,2454.2000,2454.4000,2458.2000,2458.4000,2458.6000,1,3,1,8,2,1,1,1,1,5
SF,IH2009,2020-03-23 09:32:33.300,2452.0000,10428,0,219191460.000,0,-,-,-,-,2452.0000,2450.6000,2450.2000,2450.0000,2448.4000,2453.8000,2454.2000,2458.2000,2458.4000,2458.6000,1,3,1,8,2,1,2,1,1,5
SF,IH2009,2020-03-23 09:32:33.800,2452.0000,10428,0,219191460.000,0,-,-,-,-,2450.6000,2450.2000,2450.0000,2448.4000,2445.0000,2452.0000,2453.6000,2453.8000,2454.2000,2458.2000,3,1,8,2,1,1,1,2,2,1
SF,IH2009,2020-03-23 09:32:34.300,2452.0000,10427,-1,219927060.000,1,0,1,双平,S,2451.0000,2450.6000,2450.2000,2450.0000,2448.4000,2453.8000,2458.2000,2458.4000,2458.6000,2460.0000,1,3,1,8,2,2,1,1,5,2
SF,IH2009,2020-03-23 09:32:34.800,2452.0000,10427,0,219927060.000,0,-,-,-,-,2451.2000,2451.0000,2450.6000,2450.2000,2450.0000,2453.8000,2458.2000,2458.4000,2458.6000,2460.0000,2,1,3,1,8,1,1,1,5,2
SF,IH2009,2020-03-23 09:32:35.300,2452.0000,10427,0,219927060.000,0,-,-,-,-,2451.2000,2451.0000,2450.6000,2450.2000,2450.0000,2453.8000,2458.2000,2458.4000,2458.6000,2460.0000,3,1,3,1,8,1,1,1,5,2
SF,IH2009,2020-03-23 09:32:35.800,2452.0000,10427,0,219927060.000,0,-,-,-,-,2451.8000,2451.2000,2451.0000,2450.6000,2450.2000,2458.2000,2458.4000,2458.6000,2460.0000,2463.8000,1,3,1,3,1,1,1,5,2,1
SF,IH2009,2020-03-23 09:32:36.300,2452.0000,10427,0,219927060.000,0,-,-,-,-,2452.0000,2451.8000,2451.0000,2450.6000,2450.2000,2455.0000,2456.4000,2458.0000,2458.2000,2458.4000,2,1,1,3,1,1,1,2,1,1
SF,IH2009,2020-03-23 09:32:36.800,2452.0000,10427,0,219927060.000,0,-,-,-,-,2452.0000,2450.6000,2450.2000,2450.0000,2448.4000,2454.8000,2455.0000,2458.2000,2458.4000,2458.6000,1,3,1,8,2,2,1,1,1,5
SF,IH2009,2020-03-23 09:32:37.300,2452.0000,10427,0,219927060.000,0,-,-,-,-,2452.2000,2452.0000,2450.6000,2450.2000,2450.0000,2454.6000,2454.8000,2458.2000,2458.4000,2458.6000,1,1,3,1,8,1,1,1,1,5
SF,IH2009,2020-03-23 09:32:37.800,2452.0000,10427,0,219927060.000,0,-,-,-,-,2452.4000,2452.2000,2450.6000,2450.2000,2450.0000,2454.4000,2454.6000,2454.8000,2458.2000,2458.4000,1,1,3,1,8,1,1,2,1,1
SF,IH2009,2020-03-23 09:32:38.300,2452.0000,10427,0,219927060.000,0,-,-,-,-,2452.4000,2450.6000,2450.2000,2450.0000,2448.4000,2454.2000,2454.4000,2454.6000,2454.8000,2458.2000,1,3,1,8,2,1,1,1,1,1
SF,IH2009,2020-03-23 09:32:38.800,2454.0000,10427,0,222134700.000,3,1,2,多换,S,2450.6000,2450.2000,2450.0000,2448.4000,2445.0000,2453.6000,2454.8000,2458.2000,2458.4000,2460.0000,3,1,8,2,1,1,1,1,1,2
SF,IH2009,2020-03-23 09:32:39.300,2453.6000,10426,-1,223606860.000,2,0,2,多平,S,2450.8000,2450.6000,2450.2000,2450.0000,2448.4000,2452.4000,2458.2000,2458.4000,2460.0000,2460.2000,1,3,1,8,2,1,1,1,2,1
SF,IH2009,2020-03-23 09:32:39.800,2452.8000,10425,-1,224342700.000,1,0,1,双平,S,2451.8000,2451.0000,2450.8000,2450.6000,2450.2000,2458.2000,2458.4000,2460.0000,2460.2000,2462.4000,1,2,3,3,1,1,1,2,1,5
SF,IH2009,2020-03-23 09:32:40.300,2452.8000,10425,0,224342700.000,0,-,-,-,-,2452.0000,2451.0000,2450.8000,2450.6000,2450.2000,2454.8000,2455.6000,2458.0000,2458.2000,2458.4000,1,1,2,3,1,1,1,2,1,1
SF,IH2009,2020-03-23 09:32:40.800,2452.8000,10425,0,224342700.000,0,-,-,-,-,2452.2000,2451.8000,2451.0000,2450.6000,2450.2000,2452.4000,2454.8000,2455.6000,2458.0000,2458.2000,1,1,1,3,1,1,1,1,1,1
SF,IH2009,2020-03-23 09:32:41.300,2452.2000,10423,-2,225814080.000,2,0,2,双平,S,2451.8000,2451.0000,2450.6000,2450.2000,2450.0000,2452.0000,2454.8000,2455.6000,2458.0000,2458.2000,1,1,3,1,8,1,1,1,1,1
SF,IH2009,2020-03-23 09:32:41.800,2452.2000,10422,-1,226549740.000,1,0,1,双平,S,2451.0000,2450.6000,2450.2000,2450.0000,2448.4000,2454.8000,2455.6000,2458.0000,2458.2000,2458.4000,1,3,1,8,2,1,1,1,1,1
SF,IH2009,2020-03-23 09:32:42.300,2452.2000,10422,0,226549740.000,0,-,-,-,-,2451.8000,2451.2000,2451.0000,2450.6000,2450.2000,2454.6000,2454.8000,2455.6000,2458.0000,2458.2000,1,1,3,3,1,2,1,1,1,1
SF,IH2009,2020-03-23 09:32:42.800,2452.2000,10422,0,226549740.000,0,-,-,-,-,2451.8000,2451.2000,2451.0000,2450.6000,2450.2000,2454.4000,2454.6000,2455.6000,2458.2000,2458.4000,1,1,2,3,1,1,2,1,1,1
SF,IH2009,2020-03-23 09:32:43.300,2452.2000,10422,0,226549740.000,0,-,-,-,-,2451.8000,2451.2000,2451.0000,2450.6000,2450.2000,2454.2000,2454.4000,2455.6000,2458.2000,2458.4000,1,1,2,3,1,1,1,1,1,1
SF,IH2009,2020-03-23 09:32:43.800,2452.0000,10420,-2,228021600.000,2,0,2,双平,S,2452.0000,2451.8000,2451.0000,2450.6000,2450.2000,2455.6000,2458.2000,2458.4000,2460.0000,2460.2000,2,1,2,3,1,1,1,1,2,1
SF,IH2009,2020-03-23 09:32:44.300,2452.2000,10421,1,228757260.000,1,1,0,双开,S,2452.0000,2451.8000,2451.0000,2450.6000,2450.2000,2454.0000,2455.2000,2455.4000,2455.6000,2458.2000,1,1,2,3,1,1,1,2,1,1
SF,IH2009,2020-03-23 09:32:44.800,2452.2000,10421,0,228757260.000,0,-,-,-,-,2452.0000,2451.8000,2451.0000,2450.6000,2450.2000,2454.0000,2455.2000,2455.4000,2455.6000,2458.2000,3,1,2,3,1,1,1,2,1,1
SF,IH2009,2020-03-23 09:32:45.300,2460.0000,10422,1,233181540.000,6,3,3,空开,S,2452.2000,2452.0000,2451.8000,2451.0000,2450.6000,2460.2000,2462.4000,2463.8000,2464.8000,2465.0000,1,3,1,2,3,1,5,1,1,1
SF,IH2009,2020-03-23 09:32:45.800,2460.0000,10422,0,233181540.000,0,-,-,-,-,2452.4000,2452.0000,2451.8000,2451.0000,2450.6000,2454.8000,2457.2000,2460.0000,2460.2000,2462.4000,3,2,1,2,3,1,1,4,1,5
SF,IH2009,2020-03-23 09:32:46.300,2460.0000,10422,0,233181540.000,0,-,-,-,-,2452.4000,2452.0000,2451.8000,2451.0000,2450.6000,2454.8000,2460.0000,2460.2000,2462.4000,2463.8000,4,2,1,2,3,1,3,1,5,1
SF,IH2009,2020-03-23 09:32:46.800,2460.0000,10422,0,233181540.000,0,-,-,-,-,2452.4000,2452.0000,2451.8000,2451.0000,2450.6000,2454.8000,2459.4000,2459.6000,2460.0000,2460.2000,4,2,1,2,3,1,2,1,3,1
SF,IH2009,2020-03-23 09:32:47.300,2452.4000,10421,-1,233917260.000,1,0,1,双平,S,2452.4000,2452.0000,2451.8000,2451.0000,2450.6000,2454.6000,2454.8000,2458.0000,2458.6000,2458.8000,3,3,1,2,3,1,1,2,1,2
SF,IH2009,2020-03-23 09:32:47.800,2452.4000,10421,0,233917260.000,0,-,-,-,-,2452.4000,2452.0000,2451.8000,2451.0000,2450.6000,2454.6000,2454.8000,2458.0000,2458.6000,2458.8000,3,3,1,2,3,1,1,2,1,3
SF,IH2009,2020-03-23 09:32:48.300,2454.4000,10421,0,234653580.000,1,0,1,多换,S,2452.4000,2452.0000,2451.8000,2451.0000,2450.6000,2454.4000,2454.6000,2454.8000,2458.0000,2458.2000,2,3,1,2,3,1,1,1,2,1
SF,IH2009,2020-03-23 09:32:48.800,2454.4000,10421,0,234653580.000,0,-,-,-,-,2452.4000,2452.0000,2451.8000,2451.0000,2450.6000,2454.4000,2454.6000,2454.8000,2458.0000,2458.2000,1,3,1,2,3,1,1,1,2,1
SF,IH2009,2020-03-23 09:32:49.300,2454.4000,10421,0,234653580.000,0,-,-,-,-,2452.0000,2451.8000,2451.0000,2450.6000,2450.2000,2454.2000,2454.4000,2454.6000,2454.8000,2458.0000,3,1,2,3,1,1,1,1,1,2
SF,IH2009,2020-03-23 09:32:49.800,2454.4000,10421,0,234653580.000,0,-,-,-,-,2452.6000,2452.0000,2451.8000,2451.0000,2450.6000,2454.2000,2454.6000,2454.8000,2458.0000,2458.2000,1,3,1,2,3,1,1,1,2,1
SF,IH2009,2020-03-23 09:32:50.300,2454.4000,10421,0,235389900.000,1,0,1,多换,S,2452.6000,2452.0000,2451.8000,2451.0000,2450.6000,2454.6000,2454.8000,2458.0000,2458.2000,2458.4000,1,3,1,2,3,1,1,2,1,4
SF,IH2009,2020-03-23 09:32:50.800,2452.6000,10420,-1,236125680.000,1,0,1,双平,S,2452.0000,2451.8000,2451.0000,2450.6000,2450.2000,2454.6000,2454.8000,2457.4000,2458.0000,2458.2000,4,1,2,3,1,1,1,1,2,1
SF,IH2009,2020-03-23 09:32:51.300,2454.6000,10419,-1,236862060.000,1,0,1,双平,S,2452.2000,2452.0000,2451.8000,2451.0000,2450.6000,2457.4000,2458.0000,2458.2000,2458.4000,2458.8000,4,4,1,2,3,1,2,1,4,3
SF,IH2009,2020-03-23 09:32:51.800,2454.6000,10419,0,236862060.000,0,-,-,-,-,2452.2000,2452.0000,2451.8000,2451.0000,2450.6000,2456.4000,2457.2000,2457.4000,2458.0000,2458.2000,4,4,1,2,3,2,1,1,2,1
SF,IH2009,2020-03-23 09:32:52.300,2454.6000,10419,0,236862060.000,0,-,-,-,-,2452.2000,2452.0000,2451.8000,2451.0000,2450.6000,2456.4000,2457.2000,2458.4000,2458.8000,2459.4000,5,4,1,2,3,1,1,3,3,2
SF,IH2009,2020-03-23 09:32:52.800,2453.4000,10419,0,237598080.000,1,0,1,多换,S,2453.4000,2452.4000,2452.2000,2452.0000,2451.8000,2456.4000,2458.4000,2458.8000,2459.4000,2459.6000,3,1,4,4,1,1,3,3,2,3
SF,IH2009,2020-03-23 09:32:53.300,2453.4000,10419,0,237598080.000,0,-,-,-,-,2453.6000,2453.4000,2452.4000,2452.0000,2451.8000,2456.4000,2458.8000,2459.4000,2459.6000,2460.0000,3,3,1,4,1,1,1,2,3,1
SF,IH2009,2020-03-23 09:32:53.800,2453.4000,10419,0,237598080.000,0,-,-,-,-,2454.2000,2454.0000,2453.6000,2453.4000,2452.4000,2458.8000,2459.4000,2459.6000,2460.0000,2460.2000,1,1,3,3,2,1,2,3,1,1
SF,IH2009,2020-03-23 09:32:54.300,2454.2000,10418,-1,238334340.000,1,0,1,双平,S,2454.4000,2454.2000,2454.0000,2453.4000,2452.4000,2457.0000,2457.8000,2458.6000,2459.4000,2460.0000,2,1,1,3,1,1,1,1,2,1
SF,IH2009,2020-03-23 09:32:54.800,2454.2000,10417,-1,239070600.000,1,0,1,双平,S,2454.2000,2453.4000,2452.4000,2452.0000,2451.8000,2456.8000,2457.0000,2459.4000,2460.2000,2460.4000,1,3,1,4,1,2,1,1,1,6
SF,IH2009,2020-03-23 09:32:55.300,2454.2000,10417,0,239070600.000,0,-,-,-,-,2454.2000,2452.4000,2452.0000,2451.8000,2451.0000,2456.8000,2458.8000,2459.4000,2460.2000,2460.4000,1,1,4,1,1,2,1,1,1,6
SF,IH2009,2020-03-23 09:32:55.800,2454.2000,10417,0,239070600.000,0,-,-,-,-,2452.4000,2452.0000,2451.8000,2451.0000,2450.6000,2455.8000,2456.8000,2458.8000,2459.4000,2460.2000,1,4,1,1,3,1,2,1,1,1
SF,IH2009,2020-03-23 09:32:56.300,2454.2000,10417,0,239070600.000,0,-,-,-,-,2453.4000,2452.8000,2452.6000,2452.4000,2452.0000,2454.2000,2455.6000,2455.8000,2458.8000,2459.4000,1,1,1,1,4,1,1,1,1,1
SF,IH2009,2020-03-23 09:32:56.800,2454.2000,10416,-1,239806860.000,1,0,1,双平,S,2453.4000,2452.8000,2452.6000,2452.4000,2452.0000,2455.6000,2455.8000,2458.4000,2458.8000,2459.4000,1,1,1,1,4,1,1,1,1,1
SF,IH2009,2020-03-23 09:32:57.300,2454.2000,10416,0,239806860.000,0,-,-,-,-,2453.4000,2452.8000,2452.6000,2452.4000,2452.0000,2455.4000,2455.6000,2458.4000,2458.8000,2459.4000,1,1,1,1,4,1,1,1,1,1
SF,IH2009,2020-03-23 09:32:57.800,2454.2000,10416,0,239806860.000,0,-,-,-,-,2453.4000,2452.6000,2452.4000,2452.0000,2451.8000,2455.4000,2455.6000,2458.4000,2458.8000,2459.4000,1,1,1,4,1,1,1,1,1,1
SF,IH2009,2020-03-23 09:32:58.300,2454.2000,10416,0,239806860.000,0,-,-,-,-,2453.4000,2452.6000,2452.4000,2452.0000,2451.8000,2455.6000,2458.4000,2458.8000,2459.4000,2460.2000,1,1,1,4,1,1,1,1,1,1
SF,IH2009,2020-03-23 09:32:59.800,2454.2000,10416,0,239806860.000,0,-,-,-,-,2453.4000,2452.6000,2452.4000,2452.0000,2451.8000,2455.6000,2458.4000,2458.8000,2459.4000,2460.2000,4,1,1,4,1,1,1,1,1,1
SF,IH2009,2020-03-23 09:33:00.300,2454.2000,10416,0,239806860.000,0,-,-,-,-,2453.6000,2453.4000,2452.4000,2452.0000,2451.8000,2455.6000,2458.4000,2458.8000,2459.4000,2460.2000,1,4,1,4,1,1,1,1,1,1
SF,IH2009,2020-03-23 09:33:00.800,2454.2000,10416,0,239806860.000,0,-,-,-,-,2453.6000,2453.4000,2452.4000,2452.0000,2451.8000,2455.6000,2458.4000,2459.4000,2460.2000,2460.4000,1,4,1,4,1,1,1,1,1,6
SF,IH2009,2020-03-23 09:33:01.300,2454.2000,10416,0,239806860.000,0,-,-,-,-,2453.4000,2452.4000,2452.0000,2451.8000,2451.0000,2453.8000,2455.4000,2455.6000,2458.4000,2459.4000,1,1,4,1,1,1,1,1,1,1
SF,IH2009,2020-03-23 09:33:01.800,2453.4000,10416,0,240542880.000,1,0,1,多换,S,2452.4000,2452.0000,2450.6000,2450.2000,2450.0000,2453.8000,2455.4000,2455.6000,2458.4000,2459.4000,1,3,3,1,10,1,1,1,1,1
SF,IH2009,2020-03-23 09:33:02.300,2453.8000,10415,-1,241279020.000,1,0,1,双平,S,2452.4000,2452.0000,2450.6000,2450.2000,2450.0000,2455.4000,2455.6000,2458.4000,2459.4000,2460.2000,1,3,3,1,10,1,1,1,1,1
SF,IH2009,2020-03-23 09:33:02.800,2455.2000,10413,-2,242752140.000,2,0,2,双平,S,2452.4000,2452.0000,2450.6000,2450.2000,2450.0000,2458.4000,2459.4000,2460.2000,2460.4000,2460.6000,1,3,3,1,10,1,1,1,6,1
SF,IH2009,2020-03-23 09:33:03.300,2455.2000,10413,0,242752140.000,0,-,-,-,-,2452.4000,2452.0000,2450.6000,2450.2000,2450.0000,2456.2000,2456.6000,2458.2000,2458.4000,2459.4000,1,3,3,1,10,1,1,3,1,1
SF,IH2009,2020-03-23 09:33:03.800,2455.2000,10413,0,242752140.000,0,-,-,-,-,2452.4000,2452.0000,2450.6000,2450.2000,2450.0000,2456.0000,2456.2000,2456.6000,2458.4000,2459.4000,1,3,3,1,10,1,1,1,1,1
SF,IH2009,2020-03-23 09:33:04.300,2455.2000,10413,0,242752140.000,0,-,-,-,-,2452.4000,2452.0000,2450.6000,2450.2000,2450.0000,2456.0000,2458.4000,2459.4000,2460.2000,2460.4000,1,3,3,1,10,2,1,1,1,6
SF,IH2009,2020-03-23 09:33:04.800,2455.2000,10413,0,242752140.000,0,-,-,-,-,2452.6000,2452.4000,2452.0000,2450.6000,2450.2000,2458.4000,2459.4000,2460.2000,2460.4000,2460.6000,2,1,3,3,1,1,1,1,6,1
SF,IH2009,2020-03-23 09:33:05.300,2455.2000,10413,0,242752140.000,0,-,-,-,-,2452.6000,2452.4000,2452.0000,2450.6000,2450.2000,2457.0000,2457.8000,2458.2000,2458.4000,2459.4000,2,1,3,3,1,1,1,1,1,1
SF,IH2009,2020-03-23 09:33:05.800,2455.2000,10413,0,242752140.000,0,-,-,-,-,2453.4000,2452.8000,2452.6000,2452.4000,2452.0000,2457.8000,2458.2000,2459.4000,2460.2000,2460.4000,3,1,2,1,3,1,1,1,1,5
SF,IH2009,2020-03-23 09:33:06.300,2455.2000,10413,0,242752140.000,0,-,-,-,-,2453.6000,2453.4000,2452.4000,2452.0000,2450.6000,2457.2000,2457.6000,2459.4000,2460.2000,2460.4000,2,3,1,3,3,1,1,1,1,5
SF,IH2009,2020-03-23 09:33:06.800,2455.2000,10413,0,242752140.000,0,-,-,-,-,2454.0000,2453.6000,2453.4000,2452.4000,2452.0000,2457.2000,2457.6000,2459.4000,2460.2000,2460.4000,1,2,3,1,3,1,1,1,1,5
SF,IH2009,2020-03-23 09:33:07.300,2455.2000,10413,0,242752140.000,0,-,-,-,-,2454.2000,2453.6000,2453.4000,2452.4000,2452.0000,2457.0000,2457.2000,2459.4000,2460.2000,2460.4000,1,1,3,1,3,1,1,1,1,5
SF,IH2009,2020-03-23 09:33:07.800,2455.2000,10413,0,242752140.000,0,-,-,-,-,2454.2000,2453.4000,2452.4000,2452.0000,2451.2000,2459.4000,2460.2000,2460.4000,2460.6000,2461.0000,2,3,1,3,1,1,1,5,1,1
SF,IH2009,2020-03-23 09:33:08.300,2455.2000,10413,0,242752140.000,0,-,-,-,-,2454.2000,2454.0000,2453.4000,2452.4000,2452.0000,2457.8000,2459.0000,2459.2000,2459.4000,2460.2000,1,1,3,1,3,1,1,1,1,1
SF,IH2009,2020-03-23 09:33:08.800,2455.2000,10413,0,242752140.000,0,-,-,-,-,2454.2000,2454.0000,2453.4000,2452.4000,2452.0000,2457.8000,2459.0000,2459.2000,2459.4000,2460.2000,1,1,3,1,3,1,1,1,1,1
SF,IH2009,2020-03-23 09:33:09.300,2455.2000,10413,0,242752140.000,0,-,-,-,-,2454.2000,2454.0000,2453.4000,2452.4000,2452.0000,2457.8000,2459.2000,2459.4000,2460.2000,2461.0000,1,1,3,1,3,1,1,1,1,1
SF,IH2009,2020-03-23 09:33:09.800,2455.2000,10413,0,242752140.000,0,-,-,-,-,2454.2000,2454.0000,2453.4000,2452.4000,2452.0000,2459.2000,2459.4000,2460.2000,2461.0000,2461.2000,1,1,3,1,3,1,1,1,1,1
SF,IH2009,2020-03-23 09:33:10.300,2455.2000,10413,0,242752140.000,0,-,-,-,-,2455.2000,2455.0000,2454.8000,2454.4000,2454.2000,2459.2000,2459.4000,2460.2000,2461.2000,2462.0000,2,1,1,1,1,1,1,1,1,2
SF,IH2009,2020-03-23 09:33:10.800,2455.2000,10413,0,242752140.000,0,-,-,-,-,2455.4000,2455.2000,2454.8000,2454.0000,2453.4000,2459.2000,2459.4000,2460.2000,2462.0000,2462.2000,2,2,1,1,3,1,1,1,2,3
SF,IH2009,2020-03-23 09:33:11.300,2455.2000,10413,0,242752140.000,0,-,-,-,-,2456.0000,2455.4000,2455.2000,2454.8000,2454.0000,2459.2000,2459.4000,2460.2000,2462.0000,2462.2000,1,2,2,1,1,1,1,1,2,3
SF,IH2009,2020-03-23 09:33:11.800,2455.2000,10413,0,242752140.000,0,-,-,-,-,2456.2000,2456.0000,2455.4000,2455.2000,2454.8000,2459.2000,2459.4000,2460.2000,2462.0000,2462.2000,1,1,1,2,1,1,1,1,2,3
SF,IH2009,2020-03-23 09:33:12.300,2455.2000,10413,0,242752140.000,0,-,-,-,-,2456.2000,2456.0000,2455.2000,2454.8000,2454.0000,2459.4000,2460.2000,2462.0000,2462.2000,2463.6000,2,1,2,1,1,1,1,2,3,1
SF,IH2009,2020-03-23 09:33:12.800,2455.2000,10413,0,242752140.000,0,-,-,-,-,2456.2000,2455.2000,2454.8000,2454.0000,2453.4000,2459.2000,2459.4000,2460.2000,2462.2000,2464.8000,2,2,1,1,3,1,1,1,3,1
SF,IH2009,2020-03-23 09:33:13.300,2455.2000,10413,0,242752140.000,0,-,-,-,-,2456.4000,2456.2000,2455.2000,2454.0000,2453.4000,2459.2000,2459.4000,2460.2000,2462.2000,2464.0000,1,1,1,1,3,1,1,1,3,3
SF,IH2009,2020-03-23 09:33:13.800,2455.2000,10413,0,242752140.000,0,-,-,-,-,2456.6000,2455.2000,2454.0000,2453.4000,2452.4000,2458.8000,2459.2000,2459.4000,2460.2000,2462.2000,1,1,1,3,1,1,1,1,1,3
SF,IH2009,2020-03-23 09:33:14.300,2455.2000,10413,0,242752140.000,0,-,-,-,-,2456.6000,2455.2000,2454.0000,2453.4000,2452.4000,2458.6000,2458.8000,2459.4000,2460.2000,2462.2000,1,1,1,3,1,1,1,1,1,3
SF,IH2009,2020-03-23 09:33:14.800,2458.4000,10412,-1,244226640.000,2,0,2,多平,S,2455.2000,2454.0000,2453.4000,2452.4000,2452.0000,2458.6000,2458.8000,2459.4000,2460.2000,2462.2000,1,1,3,1,3,1,2,1,1,3
SF,IH2009,2020-03-23 09:33:15.300,2458.4000,10412,0,244226640.000,0,-,-,-,-,2455.2000,2454.0000,2453.4000,2452.4000,2452.0000,2458.4000,2458.6000,2458.8000,2459.4000,2460.2000,1,1,3,1,3,1,1,2,1,1
SF,IH2009,2020-03-23 09:33:15.800,2458.4000,10412,0,244226640.000,0,-,-,-,-,2455.2000,2453.4000,2452.4000,2452.0000,2451.2000,2458.2000,2458.4000,2458.8000,2459.4000,2460.2000,1,3,1,3,1,1,1,1,1,1
SF,IH2009,2020-03-23 09:33:16.300,2458.4000,10412,0,244226640.000,0,-,-,-,-,2455.2000,2453.4000,2452.4000,2452.0000,2451.2000,2457.6000,2458.0000,2458.2000,2459.4000,2460.2000,1,3,1,3,1,1,1,1,1,1
SF,IH2009,2020-03-23 09:33:16.800,2458.4000,10412,0,244226640.000,0,-,-,-,-,2455.2000,2453.4000,2452.4000,2452.0000,2451.2000,2457.4000,2457.6000,2459.4000,2460.2000,2462.2000,1,3,1,3,1,2,1,1,1,3
SF,IH2009,2020-03-23 09:33:17.300,2458.4000,10412,0,244226640.000,0,-,-,-,-,2455.2000,2453.4000,2452.4000,2452.0000,2451.2000,2457.4000,2457.6000,2459.4000,2460.2000,2461.6000,1,3,1,3,1,1,1,1,1,1
SF,IH2009,2020-03-23 09:33:19.300,2457.6000,10410,-2,245701200.000,2,0,2,双平,S,2455.2000,2453.4000,2452.4000,2452.0000,2451.2000,2459.4000,2460.2000,2461.6000,2462.2000,2464.0000,1,3,1,3,1,1,1,1,3,3
SF,IH2009,2020-03-23 09:33:19.800,2457.6000,10410,0,245701200.000,0,-,-,-,-,2456.0000,2455.4000,2455.2000,2453.4000,2452.4000,2459.4000,2460.2000,2461.6000,2462.2000,2464.0000,1,2,1,3,1,1,1,1,3,3
SF,IH2009,2020-03-23 09:33:20.300,2457.6000,10410,0,245701200.000,0,-,-,-,-,2456.2000,2456.0000,2455.4000,2455.2000,2453.4000,2459.4000,2460.2000,2461.6000,2462.2000,2464.0000,1,1,1,1,3,1,1,1,3,3
SF,IH2009,2020-03-23 09:33:20.800,2457.6000,10410,0,245701200.000,0,-,-,-,-,2457.0000,2456.2000,2456.0000,2455.2000,2453.4000,2459.4000,2460.2000,2461.6000,2462.2000,2464.0000,1,2,1,1,3,1,1,1,3,3
SF,IH2009,2020-03-23 09:33:21.300,2457.6000,10410,0,245701200.000,0,-,-,-,-,2457.2000,2457.0000,2456.2000,2455.2000,2453.4000,2460.2000,2461.6000,2462.2000,2464.0000,2464.8000,1,3,1,1,3,1,1,3,3,1
SF,IH2009,2020-03-23 09:33:21.800,2457.6000,10410,0,245701200.000,0,-,-,-,-,2457.8000,2457.2000,2457.0000,2456.2000,2455.2000,2460.2000,2461.6000,2464.0000,2464.8000,2465.0000,1,1,3,1,1,1,1,3,1,1
SF,IH2009,2020-03-23 09:33:22.300,2457.6000,10410,0,245701200.000,0,-,-,-,-,2458.0000,2457.8000,2457.4000,2457.0000,2456.0000,2460.2000,2461.6000,2464.0000,2464.8000,2465.0000,1,1,1,3,1,1,1,6,1,1
SF,IH2009,2020-03-23 09:33:23.300,2457.6000,10410,0,245701200.000,0,-,-,-,-,2458.2000,2458.0000,2457.8000,2457.0000,2456.0000,2460.2000,2461.6000,2464.0000,2464.8000,2465.0000,1,1,1,3,1,1,1,6,1,1
SF,IH2009,2020-03-23 09:33:23.800,2457.6000,10410,0,245701200.000,0,-,-,-,-,2458.2000,2458.0000,2457.0000,2456.0000,2455.2000,2460.2000,2461.6000,2464.0000,2464.8000,2465.0000,1,1,3,1,1,1,1,5,1,1
SF,IH2009,2020-03-23 09:33:24.300,2459.6000,10410,0,246439080.000,1,0,1,多换,S,2458.2000,2458.0000,2457.0000,2456.0000,2455.2000,2460.2000,2461.6000,2464.0000,2464.8000,2465.0000,1,1,3,1,1,1,1,5,1,1
SF,IH2009,2020-03-23 09:33:24.800,2459.6000,10410,0,246439080.000,0,-,-,-,-,2458.8000,2458.2000,2458.0000,2457.0000,2456.0000,2460.2000,2461.6000,2464.0000,2464.8000,2465.0000,1,1,1,3,1,1,1,5,1,1
SF,IH2009,2020-03-23 09:33:25.300,2459.6000,10410,0,246439080.000,0,-,-,-,-,2458.8000,2458.0000,2457.0000,2456.0000,2453.4000,2460.2000,2461.6000,2464.0000,2464.8000,2465.0000,1,1,3,1,3,1,1,5,1,1
SF,IH2009,2020-03-23 09:33:26.800,2458.8000,10409,-1,247176720.000,1,0,1,双平,S,2458.0000,2457.0000,2456.0000,2453.4000,2452.4000,2460.2000,2461.6000,2464.0000,2464.8000,2465.0000,1,3,1,3,1,1,1,5,1,1
SF,IH2009,2020-03-23 09:33:27.300,2458.8000,10409,0,247176720.000,0,-,-,-,-,2458.2000,2457.0000,2456.0000,2453.4000,2452.4000,2460.0000,2460.2000,2461.6000,2464.0000,2464.8000,1,3,1,3,1,1,1,1,5,1
SF,IH2009,2020-03-23 09:33:27.800,2458.2000,10408,-1,247914180.000,1,0,1,双平,S,2457.0000,2456.0000,2453.4000,2452.4000,2452.0000,2460.0000,2460.2000,2464.0000,2464.8000,2465.0000,3,1,3,1,3,1,1,5,1,1
SF,IH2009,2020-03-23 09:33:28.300,2458.2000,10408,0,247914180.000,0,-,-,-,-,2456.0000,2453.4000,2452.4000,2452.0000,2451.2000,2459.6000,2459.8000,2460.0000,2460.2000,2464.0000,1,3,1,3,1,1,1,1,1,5
SF,IH2009,2020-03-23 09:33:28.800,2458.2000,10408,0,247914180.000,0,-,-,-,-,2456.0000,2453.4000,2452.4000,2452.0000,2451.2000,2459.4000,2459.6000,2459.8000,2460.2000,2464.0000,1,3,1,3,1,1,1,2,1,5
SF,IH2009,2020-03-23 09:33:29.300,2458.2000,10408,0,247914180.000,0,-,-,-,-,2456.0000,2455.0000,2453.4000,2452.4000,2452.0000,2459.4000,2459.6000,2460.2000,2464.0000,2464.8000,1,1,3,1,3,1,1,1,5,1
SF,IH2009,2020-03-23 09:33:30.800,2458.2000,10408,0,247914180.000,0,-,-,-,-,2456.0000,2455.0000,2453.4000,2452.4000,2452.0000,2459.4000,2459.6000,2460.2000,2464.0000,2464.8000,1,1,3,1,3,1,1,1,3,1
SF,IH2009,2020-03-23 09:33:31.300,2458.2000,10408,0,247914180.000,0,-,-,-,-,2457.6000,2457.0000,2456.2000,2456.0000,2455.0000,2459.6000,2460.2000,2464.0000,2464.8000,2465.0000,1,3,1,1,1,1,1,3,1,1
SF,IH2009,2020-03-23 09:33:31.800,2458.2000,10408,0,247914180.000,0,-,-,-,-,2459.4000,2457.6000,2457.0000,2456.2000,2456.0000,2459.6000,2460.2000,2464.0000,2464.8000,2465.0000,1,1,3,1,1,1,1,3,1,1
SF,IH2009,2020-03-23 09:33:32.300,2459.4000,10407,-1,248652000.000,1,0,1,双平,S,2457.6000,2457.0000,2456.2000,2456.0000,2455.0000,2459.6000,2460.2000,2464.0000,2464.8000,2465.0000,1,3,1,1,1,1,1,3,1,1
SF,IH2009,2020-03-23 09:33:32.800,2459.4000,10407,0,248652000.000,0,-,-,-,-,2459.0000,2457.8000,2457.6000,2457.0000,2456.2000,2459.6000,2460.2000,2464.0000,2464.8000,2465.0000,1,1,1,3,1,1,1,3,1,1
SF,IH2009,2020-03-23 09:33:33.300,2459.0000,10406,-1,249389700.000,1,0,1,双平,S,2457.6000,2457.0000,2456.2000,2456.0000,2455.0000,2459.6000,2460.2000,2464.0000,2464.8000,2465.0000,1,1,1,1,1,1,1,3,1,1
SF,IH2009,2020-03-23 09:33:33.800,2459.0000,10406,0,249389700.000,0,-,-,-,-,2457.6000,2457.0000,2456.2000,2456.0000,2455.0000,2459.6000,2460.0000,2460.2000,2464.0000,2464.8000,1,1,1,1,1,1,1,1,3,1
SF,IH2009,2020-03-23 09:33:34.300,2459.0000,10406,0,249389700.000,0,-,-,-,-,2457.6000,2457.0000,2456.2000,2456.0000,2455.0000,2459.6000,2460.0000,2460.2000,2464.0000,2464.8000,1,1,1,1,2,1,1,1,3,1
SF,IH2009,2020-03-23 09:33:34.800,2459.0000,10406,0,249389700.000,0,-,-,-,-,2457.6000,2457.0000,2456.2000,2456.0000,2455.0000,2459.4000,2459.6000,2460.0000,2460.2000,2464.0000,1,1,1,1,2,1,1,1,1,3
SF,IH2009,2020-03-23 09:33:37.800,2459.0000,10406,0,249389700.000,0,-,-,-,-,2457.6000,2456.2000,2456.0000,2455.0000,2453.4000,2459.4000,2459.6000,2460.0000,2460.2000,2464.0000,1,1,1,2,3,1,1,1,1,3
SF,IH2009,2020-03-23 09:33:38.300,2457.6000,10406,0,250126980.000,1,0,1,多换,S,2456.2000,2456.0000,2455.0000,2453.4000,2452.4000,2459.2000,2459.4000,2459.6000,2460.0000,2460.2000,1,1,2,3,1,1,1,1,1,1
SF,IH2009,2020-03-23 09:33:38.800,2457.6000,10406,0,250126980.000,0,-,-,-,-,2456.4000,2456.0000,2455.0000,2453.4000,2452.4000,2459.0000,2459.2000,2460.0000,2460.2000,2463.8000,1,1,2,3,1,1,1,1,1,1
SF,IH2009,2020-03-23 09:33:39.300,2457.6000,10406,0,250126980.000,0,-,-,-,-,2456.4000,2456.0000,2455.0000,2453.4000,2452.4000,2458.8000,2459.0000,2459.2000,2460.0000,2460.2000,1,1,2,3,2,2,1,1,1,1
SF,IH2009,2020-03-23 09:33:39.800,2457.6000,10406,0,250126980.000,0,-,-,-,-,2456.4000,2456.0000,2455.0000,2453.4000,2452.4000,2458.6000,2458.8000,2460.0000,2460.2000,2463.8000,1,1,2,3,2,1,2,1,1,1
SF,IH2009,2020-03-23 09:33:40.300,2456.6000,10405,-1,250863960.000,1,0,1,双平,S,2456.4000,2456.0000,2455.0000,2453.4000,2452.4000,2458.6000,2458.8000,2460.0000,2460.2000,2463.8000,1,1,2,3,2,1,2,1,1,1
SF,IH2009,2020-03-23 09:33:40.800,2456.6000,10405,0,250863960.000,0,-,-,-,-,2456.6000,2456.4000,2456.0000,2455.0000,2453.4000,2458.8000,2460.0000,2460.2000,2463.8000,2464.0000,1,1,1,2,3,1,1,1,1,3
SF,IH2009,2020-03-23 09:33:41.300,2456.6000,10405,0,250863960.000,0,-,-,-,-,2456.6000,2456.4000,2456.0000,2455.0000,2453.4000,2460.0000,2460.2000,2463.8000,2464.0000,2464.8000,1,1,1,2,3,1,1,1,3,1
SF,IH2009,2020-03-23 09:33:41.800,2456.6000,10405,0,250863960.000,0,-,-,-,-,2457.0000,2456.8000,2456.6000,2455.0000,2453.4000,2459.4000,2459.8000,2460.0000,2460.2000,2463.8000,1,2,1,2,3,1,1,1,1,1
SF,IH2009,2020-03-23 09:33:42.300,2456.6000,10405,0,250863960.000,0,-,-,-,-,2457.2000,2457.0000,2456.8000,2455.0000,2453.4000,2459.4000,2459.8000,2460.0000,2460.2000,2463.8000,2,1,1,2,3,2,2,1,1,1
SF,IH2009,2020-03-23 09:33:42.800,2456.6000,10405,0,250863960.000,0,-,-,-,-,2457.2000,2457.0000,2456.8000,2455.0000,2453.4000,2459.4000,2459.8000,2460.0000,2460.2000,2463.8000,2,1,1,2,3,1,2,1,1,1
SF,IH2009,2020-03-23 09:33:43.300,2456.6000,10405,0,250863960.000,0,-,-,-,-,2457.2000,2457.0000,2456.8000,2455.0000,2453.4000,2459.4000,2459.8000,2460.0000,2460.2000,2460.4000,2,1,1,2,3,1,2,1,1,1
SF,IH2009,2020-03-23 09:33:43.800,2456.6000,10405,0,250863960.000,0,-,-,-,-,2457.2000,2457.0000,2456.8000,2455.0000,2453.4000,2459.2000,2459.4000,2459.8000,2460.0000,2460.2000,2,1,1,2,3,1,1,2,1,1
SF,IH2009,2020-03-23 09:33:44.300,2456.6000,10405,0,250863960.000,0,-,-,-,-,2457.2000,2456.8000,2455.0000,2453.4000,2452.4000,2459.2000,2459.4000,2459.8000,2460.0000,2460.2000,1,1,2,3,2,1,1,2,1,1
SF,IH2009,2020-03-23 09:33:44.800,2456.6000,10405,0,250863960.000,0,-,-,-,-,2457.2000,2456.8000,2455.0000,2453.4000,2452.4000,2459.0000,2459.2000,2459.4000,2459.8000,2460.0000,1,1,2,3,2,2,1,1,1,1
SF,IH2009,2020-03-23 09:33:45.300,2456.6000,10405,0,250863960.000,0,-,-,-,-,2456.8000,2455.0000,2453.4000,2452.4000,2452.0000,2458.8000,2459.0000,2459.2000,2459.4000,2459.8000,1,2,3,2,3,1,2,1,1,1
SF,IH2009,2020-03-23 09:33:45.800,2456.6000,10405,0,250863960.000,0,-,-,-,-,2455.0000,2453.4000,2452.4000,2452.0000,2451.6000,2458.8000,2459.0000,2459.2000,2460.0000,2460.2000,2,3,2,3,1,2,2,1,1,1
SF,IH2009,2020-03-23 09:33:46.300,2456.6000,10405,0,250863960.000,0,-,-,-,-,2455.2000,2455.0000,2453.4000,2452.4000,2452.0000,2458.6000,2458.8000,2459.2000,2460.0000,2460.2000,2,2,3,2,3,2,1,1,1,1
SF,IH2009,2020-03-23 09:33:46.800,2456.6000,10405,0,250863960.000,0,-,-,-,-,2455.2000,2455.0000,2453.4000,2452.4000,2452.0000,2458.6000,2458.8000,2460.0000,2460.2000,2460.4000,3,2,3,2,3,1,1,1,1,1
SF,IH2009,2020-03-23 09:33:47.300,2458.4000,10404,-1,252339000.000,2,0,2,多平,S,2455.2000,2455.0000,2453.4000,2452.4000,2452.0000,2458.6000,2458.8000,2460.0000,2460.2000,2460.4000,2,2,3,2,3,1,1,1,1,1
SF,IH2009,2020-03-23 09:33:47.800,2458.4000,10404,0,252339000.000,0,-,-,-,-,2455.6000,2455.4000,2455.2000,2455.0000,2453.4000,2458.6000,2458.8000,2460.0000,2460.2000,2460.4000,1,1,2,2,3,1,1,1,1,1
SF,IH2009,2020-03-23 09:33:48.300,2458.4000,10404,0,252339000.000,0,-,-,-,-,2455.8000,2455.6000,2455.0000,2453.4000,2452.4000,2458.4000,2458.6000,2458.8000,2460.0000,2460.2000,2,1,2,3,2,2,1,1,1,1
SF,IH2009,2020-03-23 09:33:48.800,2458.4000,10404,0,252339000.000,0,-,-,-,-,2455.0000,2453.4000,2452.4000,2452.0000,2451.6000,2458.4000,2458.6000,2458.8000,2460.0000,2460.2000,2,3,2,3,1,2,1,1,1,1
SF,IH2009,2020-03-23 09:33:49.300,2458.4000,10404,0,252339000.000,0,-,-,-,-,2455.0000,2453.4000,2452.4000,2452.0000,2451.6000,2458.2000,2458.4000,2458.8000,2460.0000,2460.2000,2,3,2,3,1,2,2,1,1,1
SF,IH2009,2020-03-23 09:33:49.800,2458.4000,10404,0,252339000.000,0,-,-,-,-,2455.0000,2453.4000,2452.4000,2452.0000,2451.6000,2457.6000,2458.0000,2458.2000,2458.4000,2458.8000,2,3,2,3,1,1,2,1,1,1
SF,IH2009,2020-03-23 09:33:50.300,2458.4000,10404,0,252339000.000,0,-,-,-,-,2457.0000,2455.0000,2453.4000,2452.4000,2452.0000,2457.4000,2457.6000,2458.0000,2458.4000,2458.8000,1,2,3,2,3,1,1,1,1,1
SF,IH2009,2020-03-23 09:33:50.800,2457.0000,10404,0,253076100.000,1,0,1,多换,S,2455.0000,2453.4000,2452.4000,2452.0000,2451.6000,2457.6000,2458.0000,2458.4000,2458.8000,2460.2000,2,3,2,3,1,1,1,1,1,1
SF,IH2009,2020-03-23 09:33:51.300,2457.4000,10404,0,253813320.000,1,0,1,多换,S,2455.0000,2453.4000,2452.4000,2452.0000,2451.6000,2457.4000,2457.6000,2458.0000,2458.8000,2460.2000,2,3,2,3,1,2,1,1,1,1
SF,IH2009,2020-03-23 09:33:51.800,2457.4000,10404,0,253813320.000,0,-,-,-,-,2456.2000,2455.2000,2455.0000,2453.4000,2452.4000,2457.4000,2457.6000,2458.8000,2460.2000,2460.4000,1,1,2,3,2,2,1,1,1,1
SF,IH2009,2020-03-23 09:33:52.300,2457.2000,10404,0,255287340.000,2,1,1,多换,S,2455.2000,2455.0000,2453.4000,2452.4000,2452.0000,2457.4000,2457.6000,2458.8000,2460.2000,2460.4000,1,2,3,2,3,2,1,1,1,1
SF,IH2009,2020-03-23 09:33:52.800,2457.2000,10404,0,255287340.000,0,-,-,-,-,2455.2000,2455.0000,2453.4000,2452.4000,2452.0000,2457.4000,2458.8000,2460.2000,2460.4000,2464.0000,1,2,3,2,1,2,1,1,1,3
SF,IH2009,2020-03-23 09:33:53.300,2457.2000,10404,0,255287340.000,0,-,-,-,-,2455.2000,2455.0000,2453.4000,2452.4000,2452.0000,2457.2000,2457.4000,2460.2000,2460.4000,2464.0000,1,2,3,2,1,1,2,1,1,3
SF,IH2009,2020-03-23 09:33:53.800,2457.2000,10404,0,255287340.000,0,-,-,-,-,2455.2000,2455.0000,2453.4000,2452.4000,2452.0000,2457.2000,2457.4000,2460.2000,2460.4000,2464.0000,1,2,3,2,1,1,2,1,1,3
SF,IH2009,2020-03-23 09:33:54.300,2457.2000,10404,0,255287340.000,0,-,-,-,-,2455.2000,2455.0000,2453.4000,2452.4000,2452.0000,2457.2000,2457.4000,2460.2000,2460.4000,2464.0000,1,2,3,1,1,1,2,1,1,3
SF,IH2009,2020-03-23 09:33:56.300,2457.4000,10401,-3,257498940.000,3,0,3,双平,S,2455.2000,2455.0000,2453.4000,2452.4000,2452.0000,2460.2000,2460.4000,2464.0000,2464.8000,2465.0000,1,2,3,1,1,1,1,3,1,1
SF,IH2009,2020-03-23 09:33:56.800,2460.2000,10399,-2,258975000.000,2,0,2,双平,S,2455.6000,2455.4000,2455.2000,2455.0000,2453.4000,2460.4000,2464.0000,2464.8000,2465.0000,2466.2000,1,2,1,2,3,1,3,1,1,5
SF,IH2009,2020-03-23 09:33:57.300,2460.2000,10399,0,258975000.000,0,-,-,-,-,2455.8000,2455.6000,2455.0000,2453.4000,2452.4000,2460.2000,2460.4000,2464.0000,2464.8000,2465.0000,3,1,2,3,1,1,1,3,1,1
SF,IH2009,2020-03-23 09:33:57.800,2460.2000,10399,0,258975000.000,0,-,-,-,-,2455.8000,2455.0000,2453.4000,2452.4000,2452.0000,2460.2000,2460.4000,2464.0000,2464.8000,2465.0000,3,2,3,1,1,1,2,3,1,1
SF,IH2009,2020-03-23 09:33:58.300,2460.2000,10399,0,258975000.000,0,-,-,-,-,2456.6000,2455.8000,2455.0000,2453.4000,2452.4000,2460.2000,2460.4000,2464.0000,2464.8000,2465.0000,1,2,2,3,1,1,2,3,1,1
SF,IH2009,2020-03-23 09:33:58.800,2460.2000,10399,0,258975000.000,0,-,-,-,-,2456.8000,2456.6000,2456.0000,2455.0000,2453.4000,2460.2000,2460.4000,2464.0000,2464.8000,2465.0000,2,1,1,2,3,1,2,3,1,1
SF,IH2009,2020-03-23 09:33:59.300,2460.2000,10399,0,258975000.000,0,-,-,-,-,2456.8000,2456.0000,2455.0000,2453.4000,2452.4000,2460.4000,2464.0000,2464.8000,2465.0000,2466.2000,2,1,2,3,1,1,3,1,1,5
SF,IH2009,2020-03-23 09:33:59.800,2460.2000,10399,0,258975000.000,0,-,-,-,-,2460.2000,2457.8000,2457.0000,2456.8000,2455.0000,2460.4000,2464.0000,2464.8000,2465.0000,2466.2000,2,1,4,2,2,1,3,1,1,5
SF,IH2009,2020-03-23 09:34:00.300,2460.4000,10397,-2,261189240.000,3,0,3,多平,S,2457.8000,2457.0000,2456.8000,2455.0000,2453.4000,2464.0000,2464.8000,2465.0000,2466.2000,2469.0000,1,4,2,2,3,3,1,1,5,1
SF,IH2009,2020-03-23 09:34:00.800,2460.4000,10397,0,261189240.000,0,-,-,-,-,2458.0000,2457.8000,2457.0000,2455.0000,2453.4000,2462.4000,2462.6000,2462.8000,2463.8000,2464.0000,3,1,3,2,3,1,1,1,2,3
SF,IH2009,2020-03-23 09:34:01.300,2460.4000,10397,0,261189240.000,0,-,-,-,-,2458.0000,2457.0000,2455.0000,2453.4000,2453.2000,2462.2000,2462.4000,2462.8000,2463.8000,2464.0000,2,3,2,3,1,1,1,1,1,3
SF,IH2009,2020-03-23 09:34:01.800,2460.4000,10397,0,261189240.000,0,-,-,-,-,2458.8000,2458.0000,2457.0000,2455.0000,2453.4000,2462.2000,2462.4000,2462.8000,2463.8000,2464.8000,1,2,3,2,3,1,1,1,1,1
SF,IH2009,2020-03-23 09:34:02.300,2460.4000,10397,0,261189240.000,0,-,-,-,-,2459.0000,2458.8000,2458.0000,2457.0000,2455.0000,2461.8000,2462.2000,2462.4000,2462.8000,2463.8000,1,1,1,3,2,1,1,1,1,1
SF,IH2009,2020-03-23 09:34:02.800,2460.4000,10397,0,261189240.000,0,-,-,-,-,2459.0000,2458.8000,2458.0000,2457.0000,2455.0000,2461.6000,2461.8000,2462.4000,2462.8000,2464.8000,1,1,1,3,2,1,1,1,1,1
SF,IH2009,2020-03-23 09:34:03.300,2460.4000,10397,0,261189240.000,0,-,-,-,-,2458.0000,2455.0000,2453.4000,2453.2000,2452.4000,2461.6000,2461.8000,2462.4000,2462.8000,2464.8000,1,2,3,1,1,1,1,1,1,1
SF,IH2009,2020-03-23 09:34:03.800,2460.4000,10397,0,261189240.000,0,-,-,-,-,2458.6000,2458.0000,2455.0000,2453.4000,2453.2000,2461.6000,2461.8000,2462.4000,2462.8000,2464.8000,1,1,2,3,1,1,1,1,1,1
SF,IH2009,2020-03-23 09:34:04.300,2460.4000,10397,0,261189240.000,0,-,-,-,-,2455.0000,2453.4000,2453.2000,2452.4000,2452.0000,2461.6000,2462.4000,2462.8000,2464.8000,2465.0000,2,3,1,1,1,1,1,1,1,1
SF,IH2009,2020-03-23 09:34:04.800,2460.4000,10397,0,261189240.000,0,-,-,-,-,2456.2000,2455.6000,2455.2000,2455.0000,2453.4000,2461.2000,2461.6000,2462.4000,2462.8000,2464.8000,1,1,2,2,3,1,1,1,1,1
SF,IH2009,2020-03-23 09:34:05.300,2460.4000,10397,0,261189240.000,0,-,-,-,-,2456.4000,2456.2000,2455.2000,2455.0000,2453.4000,2461.0000,2461.2000,2462.4000,2462.8000,2464.8000,2,1,1,2,3,1,1,1,1,1
SF,IH2009,2020-03-23 09:34:05.800,2460.4000,10397,0,261189240.000,0,-,-,-,-,2456.4000,2455.2000,2455.0000,2453.4000,2453.2000,2461.0000,2461.2000,2462.4000,2462.8000,2464.8000,2,1,2,3,1,1,1,1,1,1
SF,IH2009,2020-03-23 09:34:06.300,2460.4000,10397,0,261189240.000,0,-,-,-,-,2456.8000,2456.4000,2455.2000,2455.0000,2453.4000,2461.0000,2462.4000,2462.8000,2464.8000,2465.0000,1,1,1,2,3,1,1,1,1,1
SF,IH2009,2020-03-23 09:34:06.800,2460.4000,10397,0,261189240.000,0,-,-,-,-,2457.0000,2456.8000,2455.2000,2455.0000,2453.4000,2460.6000,2461.0000,2462.4000,2462.8000,2464.8000,1,1,1,2,3,1,1,1,1,1
SF,IH2009,2020-03-23 09:34:07.300,2460.4000,10397,0,261189240.000,0,-,-,-,-,2457.0000,2456.8000,2455.2000,2455.0000,2453.4000,2460.4000,2461.4000,2462.4000,2462.8000,2464.8000,1,1,1,2,3,1,1,1,1,1
SF,IH2009,2020-03-23 09:34:07.800,2460.4000,10397,0,261189240.000,0,-,-,-,-,2457.0000,2456.8000,2455.2000,2455.0000,2453.4000,2461.4000,2462.4000,2462.8000,2463.6000,2464.8000,4,1,1,2,3,1,1,1,1,1
SF,IH2009,2020-03-23 09:34:08.300,2460.4000,10397,0,261189240.000,0,-,-,-,-,2457.2000,2457.0000,2455.2000,2455.0000,2453.4000,2461.4000,2462.4000,2462.8000,2463.6000,2464.8000,2,6,1,2,3,1,1,1,1,1
SF,IH2009,2020-03-23 09:34:08.800,2460.4000,10397,0,261189240.000,0,-,-,-,-,2458.2000,2457.4000,2457.2000,2457.0000,2455.2000,2461.4000,2462.4000,2462.8000,2463.6000,2464.8000,1,1,2,5,1,1,1,1,1,1
SF,IH2009,2020-03-23 09:34:09.300,2461.4000,10397,0,261927660.000,1,0,1,多换,S,2458.4000,2458.2000,2457.0000,2455.2000,2455.0000,2462.4000,2462.8000,2463.6000,2464.8000,2465.0000,3,1,5,1,2,1,1,1,1,1
SF,IH2009,2020-03-23 09:34:09.800,2461.4000,10397,0,261927660.000,0,-,-,-,-,2458.4000,2457.0000,2455.2000,2455.0000,2453.4000,2462.0000,2462.2000,2462.4000,2462.8000,2463.6000,2,5,1,2,3,1,1,1,1,1
SF,IH2009,2020-03-23 09:34:10.300,2461.4000,10397,0,261927660.000,0,-,-,-,-,2459.0000,2458.4000,2457.0000,2455.2000,2455.0000,2461.8000,2462.0000,2462.4000,2462.8000,2463.6000,1,2,3,1,2,1,1,1,1,1
SF,IH2009,2020-03-23 09:34:10.800,2461.4000,10397,0,261927660.000,0,-,-,-,-,2459.2000,2459.0000,2457.0000,2456.8000,2455.2000,2461.8000,2462.2000,2462.4000,2462.8000,2463.6000,2,1,3,1,1,1,1,1,1,1
SF,IH2009,2020-03-23 09:34:11.300,2461.4000,10397,0,261927660.000,0,-,-,-,-,2459.2000,2457.0000,2456.8000,2455.2000,2455.0000,2462.2000,2462.8000,2463.6000,2464.8000,2465.0000,2,3,1,1,2,1,1,1,1,1
SF,IH2009,2020-03-23 09:34:11.800,2461.4000,10397,0,261927660.000,0,-,-,-,-,2459.8000,2459.2000,2457.0000,2456.8000,2455.2000,2462.0000,2462.2000,2462.8000,2463.6000,2464.8000,1,2,3,1,1,1,1,1,1,1
SF,IH2009,2020-03-23 09:34:12.300,2461.4000,10397,0,261927660.000,0,-,-,-,-,2459.2000,2456.8000,2455.2000,2455.0000,2453.4000,2462.0000,2462.2000,2462.8000,2463.6000,2464.8000,2,1,1,2,3,1,1,1,1,1
SF,IH2009,2020-03-23 09:34:12.800,2461.4000,10397,0,261927660.000,0,-,-,-,-,2459.2000,2456.8000,2455.2000,2455.0000,2453.4000,2462.0000,2462.2000,2462.8000,2463.6000,2464.8000,1,1,1,2,3,1,1,1,1,1
SF,IH2009,2020-03-23 09:34:13.300,2461.4000,10397,0,261927660.000,0,-,-,-,-,2459.4000,2459.2000,2456.8000,2455.2000,2455.0000,2462.0000,2462.2000,2462.8000,2463.6000,2464.8000,1,1,1,1,2,1,1,1,1,1
SF,IH2009,2020-03-23 09:34:13.800,2461.4000,10397,0,261927660.000,0,-,-,-,-,2460.8000,2456.8000,2455.2000,2455.0000,2453.4000,2461.4000,2462.0000,2462.2000,2462.8000,2463.6000,1,1,1,2,3,1,1,1,1,1
SF,IH2009,2020-03-23 09:34:14.300,2460.8000,10397,0,262665900.000,1,0,1,多换,S,2456.8000,2455.2000,2455.0000,2453.4000,2453.2000,2461.4000,2462.2000,2462.8000,2463.6000,2464.8000,1,1,2,3,1,1,1,1,1,1
SF,IH2009,2020-03-23 09:34:14.800,2460.8000,10397,0,262665900.000,0,-,-,-,-,2459.2000,2458.4000,2457.0000,2456.8000,2455.0000,2461.4000,2462.2000,2462.8000,2463.6000,2464.8000,1,1,5,1,2,1,1,1,1,1
SF,IH2009,2020-03-23 09:34:15.300,2460.8000,10397,0,262665900.000,0,-,-,-,-,2459.4000,2459.2000,2458.4000,2457.0000,2456.8000,2461.4000,2462.2000,2462.8000,2463.6000,2464.8000,1,1,1,4,1,1,1,1,1,1
SF,IH2009,2020-03-23 09:34:16.800,2460.8000,10397,0,262665900.000,0,-,-,-,-,2459.4000,2459.2000,2458.4000,2457.0000,2456.8000,2461.4000,2462.2000,2462.8000,2463.6000,2464.8000,1,1,1,4,1,1,1,1,1,1
SF,IH2009,2020-03-23 09:34:17.300,2460.8000,10397,0,262665900.000,0,-,-,-,-,2459.2000,2457.0000,2456.8000,2455.0000,2453.4000,2461.4000,2462.2000,2462.8000,2463.6000,2464.8000,1,4,1,2,3,1,1,1,1,1
SF,IH2009,2020-03-23 09:34:17.800,2460.8000,10397,0,262665900.000,0,-,-,-,-,2459.2000,2457.0000,2456.8000,2455.0000,2453.4000,2461.2000,2461.4000,2462.2000,2462.8000,2463.6000,1,4,1,2,3,1,1,1,1,1
SF,IH2009,2020-03-23 09:34:19.300,2461.2000,10398,1,263404260.000,1,1,0,双开,S,2459.2000,2457.0000,2456.8000,2455.0000,2453.4000,2461.4000,2462.2000,2462.8000,2463.6000,2464.8000,1,4,1,2,3,1,1,1,1,1
SF,IH2009,2020-03-23 09:34:19.800,2461.2000,10398,0,263404260.000,0,-,-,-,-,2459.4000,2459.2000,2457.0000,2456.8000,2455.0000,2461.4000,2462.2000,2462.8000,2463.6000,2464.8000,1,1,4,1,2,1,1,1,1,1
SF,IH2009,2020-03-23 09:34:20.300,2461.4000,10397,-1,264142680.000,1,0,1,双平,S,2459.2000,2457.0000,2456.8000,2455.0000,2453.4000,2462.2000,2462.8000,2463.6000,2464.8000,2465.0000,1,4,1,2,3,1,1,1,1,1
SF,IH2009,2020-03-23 09:34:20.800,2461.4000,10397,0,264142680.000,0,-,-,-,-,2459.8000,2459.4000,2459.2000,2457.0000,2456.8000,2462.2000,2462.8000,2463.6000,2464.8000,2465.0000,1,1,1,4,1,1,1,1,1,1
SF,IH2009,2020-03-23 09:34:21.300,2461.4000,10397,0,264142680.000,0,-,-,-,-,2460.0000,2459.8000,2459.2000,2457.0000,2456.8000,2462.2000,2462.8000,2463.6000,2464.8000,2465.0000,1,1,1,4,1,1,1,1,1,1
SF,IH2009,2020-03-23 09:34:24.300,2461.4000,10397,0,264142680.000,0,-,-,-,-,2460.0000,2459.8000,2459.2000,2457.0000,2456.8000,2462.2000,2463.6000,2464.8000,2465.0000,2466.2000,2,1,1,4,1,1,1,1,1,5
SF,IH2009,2020-03-23 09:34:24.800,2461.4000,10397,0,264142680.000,0,-,-,-,-,2460.0000,2459.2000,2457.0000,2456.8000,2455.0000,2462.2000,2463.6000,2464.8000,2465.0000,2466.2000,1,1,4,1,2,1,1,1,1,5
SF,IH2009,2020-03-23 09:34:25.300,2461.4000,10397,0,264142680.000,0,-,-,-,-,2460.4000,2460.0000,2459.2000,2457.0000,2456.8000,2462.2000,2463.6000,2464.8000,2465.0000,2466.2000,1,1,1,4,1,1,1,1,1,5
SF,IH2009,2020-03-23 09:34:25.800,2461.4000,10397,0,264142680.000,0,-,-,-,-,2461.4000,2460.6000,2460.4000,2460.0000,2459.2000,2462.2000,2463.6000,2464.8000,2465.0000,2466.2000,1,1,1,1,1,1,1,1,1,5
SF,IH2009,2020-03-23 09:34:26.300,2461.4000,10397,0,264142680.000,0,-,-,-,-,2461.4000,2460.6000,2460.4000,2459.2000,2457.0000,2462.2000,2463.6000,2464.8000,2465.0000,2466.2000,1,1,1,1,4,1,1,1,1,5
SF,IH2009,2020-03-23 09:34:26.800,2461.4000,10396,-1,264881100.000,1,0,1,双平,S,2460.6000,2460.4000,2457.0000,2456.8000,2455.0000,2462.2000,2463.6000,2464.8000,2465.0000,2466.2000,1,1,4,1,2,1,1,1,1,5
SF,IH2009,2020-03-23 09:34:28.800,2460.4000,10394,-2,266357400.000,2,0,2,双平,S,2457.0000,2456.8000,2455.0000,2453.4000,2453.2000,2462.2000,2463.6000,2464.8000,2465.0000,2466.2000,4,1,2,3,1,1,1,1,1,5
SF,IH2009,2020-03-23 09:34:29.300,2460.4000,10394,0,266357400.000,0,-,-,-,-,2458.2000,2457.8000,2457.2000,2457.0000,2456.8000,2462.2000,2463.6000,2464.8000,2465.0000,2466.2000,1,1,2,6,1,1,1,1,1,5
SF,IH2009,2020-03-23 09:34:29.800,2460.4000,10394,0,266357400.000,0,-,-,-,-,2458.4000,2458.2000,2457.8000,2457.0000,2456.8000,2462.2000,2463.6000,2464.8000,2465.0000,2466.2000,3,1,1,5,1,1,1,1,1,5
SF,IH2009,2020-03-23 09:34:30.300,2460.4000,10394,0,266357400.000,0,-,-,-,-,2458.8000,2458.4000,2457.8000,2457.0000,2456.8000,2462.2000,2463.6000,2464.8000,2465.0000,2466.2000,1,3,1,5,1,1,1,1,1,5
SF,IH2009,2020-03-23 09:34:30.800,2460.4000,10394,0,266357400.000,0,-,-,-,-,2459.0000,2458.8000,2457.8000,2457.0000,2456.8000,2462.2000,2463.6000,2464.8000,2465.0000,2466.2000,4,1,1,5,1,1,1,1,1,5
SF,IH2009,2020-03-23 09:34:33.800,2460.4000,10394,0,266357400.000,0,-,-,-,-,2460.0000,2459.0000,2458.8000,2457.8000,2457.0000,2462.2000,2463.6000,2464.8000,2465.0000,2466.2000,1,4,1,1,5,1,1,1,1,5
SF,IH2009,2020-03-23 09:34:34.300,2460.4000,10394,0,266357400.000,0,-,-,-,-,2460.2000,2460.0000,2459.0000,2458.8000,2457.0000,2462.2000,2463.6000,2464.8000,2465.0000,2466.2000,1,1,2,1,5,1,1,1,1,5
SF,IH2009,2020-03-23 09:34:34.800,2462.2000,10394,0,267096060.000,1,0,1,多换,S,2460.4000,2460.2000,2460.0000,2459.0000,2458.8000,2463.6000,2464.8000,2465.0000,2466.2000,2467.2000,1,1,1,2,1,1,1,1,5,3
SF,IH2009,2020-03-23 09:34:35.300,2462.2000,10394,0,267096060.000,0,-,-,-,-,2460.6000,2460.4000,2460.0000,2459.0000,2458.8000,2463.6000,2464.8000,2465.0000,2467.2000,2469.0000,2,1,1,1,1,1,1,1,3,1
SF,IH2009,2020-03-23 09:34:35.800,2462.2000,10394,0,267096060.000,0,-,-,-,-,2460.6000,2460.0000,2459.0000,2458.8000,2457.0000,2463.6000,2464.8000,2465.0000,2467.2000,2469.0000,2,1,1,1,5,1,1,1,3,1
SF,IH2009,2020-03-23 09:34:36.300,2462.2000,10394,0,267096060.000,0,-,-,-,-,2461.0000,2460.6000,2460.0000,2459.0000,2458.8000,2463.6000,2464.8000,2465.0000,2467.2000,2469.0000,1,2,1,1,1,1,1,1,3,1
SF,IH2009,2020-03-23 09:34:36.800,2462.2000,10394,0,267096060.000,0,-,-,-,-,2461.2000,2461.0000,2460.0000,2459.0000,2458.8000,2463.6000,2464.8000,2465.0000,2467.2000,2469.0000,2,1,1,1,1,1,1,1,3,1
