市场代码,合约代码,时间,最新,持仓,增仓,成交额,成交量,开仓,平仓,成交类型,方向,买一价,买二价,买三价,买四价,买五价,卖一价,卖二价,卖三价,卖四价,卖五价,买一量,买二量,买三量,买四量,买五量,卖一量,卖二量,卖三量,卖四量,卖五量
SF,IH2001,2019-12-25 09:29:00.200,3001.6000,25711,0,5402880.000,6.000,-,-,-,-,3001.0000,3000.6000,3000.2000,3000.0000,2999.8000,3002.0000,3003.0000,3003.8000,3004.0000,3004.2000,2,1,4,2,1,1,7,1,6,1
SF,IH2001,2019-12-25 09:30:00.200,3002.0000,25707,-4,13507080.000,9,2,7,多平,S,3000.6000,3000.2000,3000.0000,2999.8000,2999.0000,3002.2000,3002.8000,3003.0000,3003.8000,3004.0000,1,4,2,1,1,1,3,6,1,4
SF,IH2001,2019-12-25 09:30:00.700,3000.4000,25713,6,42309900.000,32,19,13,空开,S,2998.8000,2998.4000,2998.2000,2998.0000,2997.2000,3000.4000,3000.6000,3000.8000,3001.0000,3001.2000,1,1,2,2,2,4,20,4,5,21
SF,IH2001,2019-12-25 09:30:01.200,2999.0000,25710,-3,45909720.000,4,0,4,多平,S,2999.0000,2998.8000,2998.4000,2998.2000,2998.0000,3000.0000,3000.2000,3000.4000,3001.0000,3001.2000,3,8,2,3,2,1,3,4,4,4
SF,IH2001,2019-12-25 09:30:01.700,2999.0000,25708,-2,50408220.000,5,1,4,多平,S,2999.0000,2998.8000,2998.4000,2998.2000,2998.0000,2999.8000,3000.0000,3000.2000,3000.4000,3001.0000,5,3,1,3,2,1,3,4,1,4
SF,IH2001,2019-12-25 09:30:02.200,2999.6000,25706,-2,55807380.000,6,2,4,多平,S,2999.2000,2999.0000,2998.8000,2998.4000,2998.2000,2999.8000,3000.0000,3000.2000,3000.4000,3001.0000,3,6,3,1,3,2,2,4,1,4
SF,IH2001,2019-12-25 09:30:02.700,2999.2000,25704,-2,58506900.000,3,0,3,多平,S,2999.2000,2999.0000,2998.8000,2998.4000,2998.2000,2999.8000,3000.0000,3000.2000,3000.4000,3001.0000,3,6,3,1,3,1,2,3,1,4
SF,IH2001,2019-12-25 09:30:03.200,2999.2000,25704,0,58506900.000,0,-,-,-,-,2999.2000,2999.0000,2998.8000,2998.4000,2998.2000,2999.4000,2999.8000,3000.0000,3000.2000,3000.4000,4,4,3,1,3,1,1,2,3,1
SF,IH2001,2019-12-25 09:30:03.700,2999.6000,25700,-4,64805820.000,7,1,6,多平,S,2999.4000,2999.2000,2999.0000,2998.8000,2998.4000,3000.0000,3000.2000,3000.4000,3000.6000,3001.0000,1,4,3,4,1,1,3,1,1,4
SF,IH2001,2019-12-25 09:30:04.200,2999.2000,25701,1,69305040.000,5,3,2,空开,S,2999.2000,2999.0000,2998.8000,2998.4000,2998.2000,2999.6000,3000.2000,3000.4000,3001.0000,3002.0000,3,4,4,1,3,1,3,1,4,6
SF,IH2001,2019-12-25 09:30:04.700,2999.2000,25702,1,72004320.000,3,2,1,空开,S,2999.2000,2999.0000,2998.8000,2998.4000,2998.2000,2999.6000,3000.2000,3000.4000,3001.0000,3002.0000,1,5,4,1,3,1,3,1,4,6
SF,IH2001,2019-12-25 09:30:05.200,2999.2000,25701,-1,73803840.000,2,0,2,多平,S,2999.0000,2998.8000,2998.4000,2998.2000,2998.0000,2999.2000,2999.4000,2999.6000,3000.2000,3000.4000,5,4,1,3,2,2,3,1,3,1
SF,IH2001,2019-12-25 09:30:05.700,2999.2000,25701,0,73803840.000,0,-,-,-,-,2999.0000,2998.8000,2998.4000,2998.2000,2998.0000,2999.2000,2999.4000,2999.6000,3000.2000,3000.4000,4,4,1,3,2,2,3,1,3,1
SF,IH2001,2019-12-25 09:30:06.200,2999.0000,25702,1,77402760.000,4,2,2,空开,S,2999.0000,2998.8000,2998.4000,2998.2000,2998.0000,2999.2000,2999.4000,2999.6000,3000.2000,3000.4000,2,4,1,3,2,2,3,1,3,1
SF,IH2001,2019-12-25 09:30:06.700,2999.0000,25701,-1,81001500.000,4,1,3,多平,S,2998.8000,2998.4000,2998.2000,2998.0000,2997.8000,2999.0000,2999.2000,2999.4000,3000.2000,3000.4000,3,1,3,2,1,3,2,3,3,1
SF,IH2001,2019-12-25 09:30:07.200,2999.0000,25702,1,82800840.000,2,1,1,空开,S,2998.8000,2998.4000,2998.2000,2998.0000,2997.8000,2999.0000,2999.2000,2999.4000,3000.2000,3000.4000,2,1,3,2,1,2,2,3,3,1
SF,IH2001,2019-12-25 09:30:07.700,2998.8000,25704,2,86399580.000,4,3,1,空开,S,2998.8000,2998.4000,2998.2000,2998.0000,2997.8000,2999.2000,2999.4000,3000.2000,3000.4000,3000.8000,1,1,3,2,1,2,2,3,1,1
SF,IH2001,2019-12-25 09:30:08.200,2998.8000,25702,-2,91797420.000,6,2,4,多平,S,2998.2000,2998.0000,2997.8000,2997.6000,2997.2000,2999.2000,2999.4000,3000.2000,3000.4000,3000.8000,3,2,1,1,2,1,2,3,1,1
SF,IH2001,2019-12-25 09:30:08.700,2998.8000,25702,0,91797420.000,0,-,-,-,-,2998.4000,2998.2000,2998.0000,2997.8000,2997.6000,2998.8000,2999.0000,2999.2000,2999.4000,3000.2000,2,4,2,1,1,3,2,1,2,5
SF,IH2001,2019-12-25 09:30:09.200,2998.8000,25702,0,91797420.000,0,-,-,-,-,2998.6000,2998.4000,2998.2000,2998.0000,2997.8000,2998.8000,2999.0000,2999.2000,2999.4000,3000.2000,1,2,3,2,1,3,1,1,2,5
SF,IH2001,2019-12-25 09:30:09.700,2999.0000,25706,4,101693940.000,11,7,4,空开,S,2998.6000,2998.4000,2998.2000,2998.0000,2997.8000,2999.2000,2999.4000,3000.2000,3000.4000,3000.8000,1,3,3,2,1,1,2,6,1,1
SF,IH2001,2019-12-25 09:30:10.200,2998.8000,25705,-1,102593580.000,1,0,1,双平,S,2998.8000,2998.6000,2998.4000,2998.2000,2998.0000,2999.0000,2999.2000,2999.4000,3000.0000,3000.2000,1,1,4,3,4,1,1,2,1,6
SF,IH2001,2019-12-25 09:30:10.700,2998.6000,25703,-2,105292380.000,3,0,3,多平,S,2998.4000,2998.2000,2998.0000,2997.8000,2997.6000,2998.6000,2998.8000,2999.0000,2999.2000,2999.4000,3,3,4,1,1,1,1,1,1,1
SF,IH2001,2019-12-25 09:30:11.200,2998.6000,25699,-4,109790340.000,5,0,5,多平,S,2998.4000,2998.2000,2998.0000,2997.8000,2997.6000,2999.4000,3000.2000,3000.4000,3000.8000,3001.0000,4,3,4,1,1,1,6,1,5,4
SF,IH2001,2019-12-25 09:30:11.700,2999.2000,25695,-4,114289140.000,5,0,5,多平,S,2998.6000,2998.4000,2998.2000,2998.0000,2997.8000,2999.2000,2999.4000,2999.6000,3000.0000,3000.2000,3,2,3,4,1,3,3,3,12,3
SF,IH2001,2019-12-25 09:30:12.200,2998.4000,25693,-2,118787160.000,5,1,4,多平,S,2998.2000,2998.0000,2997.8000,2997.6000,2997.4000,2999.0000,2999.2000,2999.4000,2999.6000,3000.2000,3,4,1,1,2,1,5,1,3,3
SF,IH2001,2019-12-25 09:30:12.700,2998.4000,25693,0,118787160.000,0,-,-,-,-,2998.4000,2998.2000,2998.0000,2997.8000,2997.6000,2998.8000,2999.0000,2999.2000,2999.6000,3000.2000,2,3,4,1,1,1,1,6,3,3
SF,IH2001,2019-12-25 09:30:13.200,2998.6000,25691,-2,120586260.000,2,0,2,双平,S,2998.6000,2998.2000,2998.0000,2997.8000,2997.6000,2998.8000,2999.0000,2999.2000,2999.6000,3000.2000,1,3,5,1,1,1,1,7,3,3
SF,IH2001,2019-12-25 09:30:13.700,2998.8000,25691,0,124184760.000,4,2,2,多换,S,2998.6000,2998.2000,2998.0000,2997.8000,2997.6000,2999.0000,2999.2000,2999.6000,3000.2000,3000.4000,3,3,5,1,1,1,11,3,3,1
SF,IH2001,2019-12-25 09:30:14.200,2998.8000,25690,-1,125084400.000,1,0,1,双平,S,2998.6000,2998.4000,2998.2000,2998.0000,2997.8000,2998.8000,2999.0000,2999.2000,2999.6000,3000.2000,3,1,3,5,1,2,3,9,3,3
SF,IH2001,2019-12-25 09:30:14.700,2998.6000,25687,-3,131381940.000,7,2,5,多平,S,2998.8000,2998.6000,2998.4000,2998.2000,2998.0000,2999.0000,2999.2000,2999.6000,3000.2000,3000.4000,1,4,1,3,7,1,9,3,3,1
SF,IH2001,2019-12-25 09:30:15.200,2998.6000,25687,0,131381940.000,0,-,-,-,-,2998.8000,2998.6000,2998.4000,2998.2000,2998.0000,2999.0000,2999.2000,2999.6000,3000.2000,3000.4000,1,4,2,3,8,2,9,3,3,1
SF,IH2001,2019-12-25 09:30:15.700,2998.6000,25687,0,131381940.000,0,-,-,-,-,2998.8000,2998.6000,2998.4000,2998.2000,2998.0000,2999.0000,2999.2000,2999.6000,3000.2000,3000.4000,1,4,2,4,9,2,9,3,3,1
SF,IH2001,2019-12-25 09:30:16.200,2998.6000,25687,0,134080740.000,3,1,2,多换,S,2998.6000,2998.4000,2998.2000,2998.0000,2997.8000,2999.0000,2999.2000,2999.6000,3000.2000,3000.4000,2,3,7,9,1,3,9,3,3,1
SF,IH2001,2019-12-25 09:30:16.700,2998.6000,25687,0,134080740.000,0,-,-,-,-,2998.6000,2998.4000,2998.2000,2998.0000,2997.8000,2998.8000,2999.0000,2999.2000,2999.6000,3000.2000,2,3,8,9,1,2,3,9,3,3
SF,IH2001,2019-12-25 09:30:17.200,2998.6000,25685,-2,138578700.000,5,1,4,多平,S,2998.4000,2998.2000,2998.0000,2997.8000,2997.6000,2998.8000,2999.0000,2999.2000,2999.6000,3000.2000,3,8,9,1,5,2,3,9,3,3
SF,IH2001,2019-12-25 09:30:17.700,2998.6000,25684,-1,139478280.000,1,0,1,双平,S,2998.4000,2998.2000,2998.0000,2997.8000,2997.6000,2998.8000,2999.0000,2999.2000,2999.6000,3000.2000,4,8,9,1,5,3,2,9,3,3
SF,IH2001,2019-12-25 09:30:18.200,2998.6000,25684,0,139478280.000,0,-,-,-,-,2998.4000,2998.2000,2998.0000,2997.8000,2997.6000,2998.8000,2999.0000,2999.2000,2999.6000,3000.2000,8,8,9,1,5,3,2,9,3,3
SF,IH2001,2019-12-25 09:30:18.700,2998.6000,25684,0,139478280.000,0,-,-,-,-,2998.6000,2998.4000,2998.2000,2998.0000,2997.8000,2998.8000,2999.0000,2999.2000,2999.6000,3000.2000,1,8,8,9,1,3,4,8,3,3
SF,IH2001,2019-12-25 09:30:19.200,2998.8000,25684,0,141277560.000,2,1,1,多换,S,2998.6000,2998.4000,2998.2000,2998.0000,2997.8000,2998.8000,2999.0000,2999.2000,2999.6000,3000.2000,1,5,8,9,1,2,4,8,3,3
SF,IH2001,2019-12-25 09:30:19.700,2998.8000,25682,-2,143076840.000,2,0,2,双平,S,2998.6000,2998.4000,2998.2000,2998.0000,2997.8000,2998.8000,2999.0000,2999.2000,2999.6000,3000.2000,1,5,9,9,1,1,4,8,3,3
SF,IH2001,2019-12-25 09:30:20.200,2998.6000,25679,-3,145775640.000,3,0,3,双平,S,2998.4000,2998.2000,2998.0000,2997.8000,2997.6000,2999.0000,2999.2000,2999.6000,3000.2000,3000.4000,6,9,9,1,6,4,7,3,3,1
SF,IH2001,2019-12-25 09:30:20.700,2999.0000,25676,-3,150274020.000,5,1,4,多平,S,2998.6000,2998.4000,2998.2000,2998.0000,2997.8000,2999.0000,2999.2000,2999.6000,3000.2000,3000.4000,3,7,9,9,1,1,7,3,3,1
SF,IH2001,2019-12-25 09:30:21.200,2998.8000,25674,-2,155671920.000,6,2,4,多平,S,2998.8000,2998.4000,2998.2000,2998.0000,2997.8000,2999.2000,2999.6000,3000.2000,3000.4000,3000.8000,3,6,9,9,1,7,3,3,1,5
SF,IH2001,2019-12-25 09:30:21.700,2998.8000,25671,-3,158370960.000,3,0,3,双平,S,2999.0000,2998.8000,2998.4000,2998.2000,2998.0000,2999.2000,2999.4000,3000.2000,3000.4000,3000.8000,1,3,6,9,9,7,5,3,1,5
SF,IH2001,2019-12-25 09:30:22.200,2998.8000,25669,-2,160170300.000,2,0,2,双平,S,2998.8000,2998.4000,2998.2000,2998.0000,2997.8000,2999.0000,2999.2000,2999.4000,3000.2000,3000.4000,2,7,9,8,1,3,7,5,3,1
SF,IH2001,2019-12-25 09:30:22.700,2999.0000,25668,-1,161969640.000,2,0,2,多平,S,2998.8000,2998.4000,2998.2000,2998.0000,2997.8000,2999.2000,2999.4000,3000.2000,3000.4000,3000.8000,2,7,9,8,1,7,5,3,1,5
SF,IH2001,2019-12-25 09:30:23.200,2998.8000,25668,0,163768920.000,2,1,1,多换,S,2998.4000,2998.2000,2998.0000,2997.8000,2997.6000,2998.8000,2999.2000,2999.4000,3000.2000,3000.4000,8,9,8,1,6,2,7,5,3,1
SF,IH2001,2019-12-25 09:30:23.700,2999.2000,25666,-2,167367600.000,4,1,3,多平,S,2998.6000,2998.4000,2998.2000,2998.0000,2997.8000,2999.2000,2999.4000,3000.2000,3000.4000,3000.8000,1,8,10,8,1,6,5,3,1,5
SF,IH2001,2019-12-25 09:30:24.200,2999.2000,25666,0,167367600.000,0,-,-,-,-,2998.8000,2998.6000,2998.4000,2998.2000,2998.0000,2999.0000,2999.2000,2999.4000,3000.2000,3000.4000,1,5,6,9,8,2,6,5,3,1
SF,IH2001,2019-12-25 09:30:24.700,2999.0000,25665,-1,168267300.000,1,0,1,双平,S,2998.8000,2998.6000,2998.4000,2998.2000,2998.0000,2999.0000,2999.2000,2999.4000,3000.2000,3000.4000,1,4,5,9,8,1,6,5,3,1
SF,IH2001,2019-12-25 09:30:25.200,2998.6000,25661,-4,172765620.000,5,0,5,多平,S,2998.6000,2998.4000,2998.2000,2998.0000,2997.8000,2999.2000,2999.4000,3000.2000,3000.4000,3000.8000,2,5,9,8,1,6,5,3,1,5
SF,IH2001,2019-12-25 09:30:25.700,2999.0000,25660,-1,173665320.000,1,0,1,双平,S,2998.8000,2998.6000,2998.4000,2998.2000,2998.0000,2999.2000,2999.4000,3000.2000,3000.4000,3000.8000,1,2,5,9,8,6,5,3,1,5
SF,IH2001,2019-12-25 09:30:26.200,2998.8000,25658,-2,175464600.000,2,0,2,双平,S,2998.6000,2998.4000,2998.2000,2998.0000,2997.8000,2999.2000,2999.4000,3000.2000,3000.4000,3000.8000,2,5,9,8,1,6,5,3,1,5
SF,IH2001,2019-12-25 09:30:26.700,2999.0000,25657,-1,176364300.000,1,0,1,双平,S,2998.6000,2998.4000,2998.2000,2998.0000,2997.8000,2999.0000,2999.2000,2999.4000,3000.0000,3000.2000,2,5,9,8,1,2,6,6,1,3
SF,IH2001,2019-12-25 09:30:27.200,2998.8000,25656,-1,178163640.000,2,0,2,多平,S,2998.6000,2998.4000,2998.2000,2998.0000,2997.8000,2999.2000,2999.4000,3000.0000,3000.2000,3000.4000,1,5,9,8,1,6,6,1,3,1
SF,IH2001,2019-12-25 09:30:27.700,2998.6000,25657,1,179962800.000,2,1,1,空开,S,2998.4000,2998.2000,2998.0000,2997.8000,2997.6000,2998.8000,2999.0000,2999.2000,2999.4000,3000.0000,5,9,8,1,5,2,1,6,7,1
SF,IH2001,2019-12-25 09:30:28.200,2998.4000,25656,-1,180862320.000,1,0,1,双平,S,2998.4000,2998.2000,2998.0000,2997.8000,2997.6000,2998.6000,2998.8000,2999.0000,2999.2000,2999.4000,4,11,9,1,5,1,2,1,6,7
SF,IH2001,2019-12-25 09:30:28.700,2998.6000,25655,-1,181761900.000,1,0,1,双平,S,2998.4000,2998.2000,2998.0000,2997.8000,2997.6000,2998.6000,2998.8000,2999.0000,2999.2000,2999.4000,4,10,9,1,5,1,2,2,6,7
SF,IH2001,2019-12-25 09:30:29.200,2998.6000,25655,0,181761900.000,0,-,-,-,-,2998.4000,2998.2000,2998.0000,2997.8000,2997.6000,2998.6000,2998.8000,2999.0000,2999.2000,2999.4000,4,11,9,1,5,1,2,2,6,7
SF,IH2001,2019-12-25 09:30:29.700,2998.6000,25655,0,181761900.000,0,-,-,-,-,2998.4000,2998.2000,2998.0000,2997.8000,2997.6000,2998.6000,2998.8000,2999.0000,2999.2000,2999.4000,4,10,9,1,5,1,2,2,6,7
SF,IH2001,2019-12-25 09:30:30.200,2998.4000,25655,0,186259500.000,5,2,3,多换,S,2998.2000,2998.0000,2997.8000,2997.6000,2997.4000,2998.6000,2998.8000,2999.0000,2999.2000,2999.4000,10,9,1,5,2,4,2,3,6,7
SF,IH2001,2019-12-25 09:30:30.700,2998.4000,25654,-1,187159020.000,1,0,1,双平,S,2998.2000,2998.0000,2997.8000,2997.6000,2997.4000,2998.6000,2998.8000,2999.0000,2999.2000,2999.4000,10,10,1,5,2,3,2,3,6,7
SF,IH2001,2019-12-25 09:30:31.200,2998.2000,25653,-1,188058480.000,1,0,1,双平,S,2998.2000,2998.0000,2997.6000,2997.4000,2997.2000,2998.4000,2998.6000,2998.8000,2999.0000,2999.2000,9,9,5,2,2,2,3,2,3,6
SF,IH2001,2019-12-25 09:30:31.700,2998.2000,25649,-4,191656380.000,4,0,4,双平,S,2998.2000,2998.0000,2997.6000,2997.4000,2997.2000,2998.4000,2998.6000,2998.8000,2999.0000,2999.2000,5,9,5,2,2,1,6,2,3,6
SF,IH2001,2019-12-25 09:30:32.200,2998.0000,25642,-7,201550080.000,11,2,9,多平,S,2998.0000,2997.6000,2997.4000,2997.2000,2997.0000,2998.2000,2998.4000,2998.6000,2998.8000,2999.0000,2,5,2,2,3,3,2,6,2,3
SF,IH2001,2019-12-25 09:30:32.700,2998.2000,25640,-2,204248340.000,3,0,3,多平,S,2998.0000,2997.6000,2997.2000,2997.0000,2996.8000,2998.2000,2998.4000,2998.6000,2998.8000,2999.0000,1,5,2,3,2,5,1,7,2,3
SF,IH2001,2019-12-25 09:30:33.200,2998.2000,25637,-3,206946660.000,3,0,3,双平,S,2997.8000,2997.6000,2997.2000,2997.0000,2996.8000,2998.0000,2998.2000,2998.4000,2998.6000,2998.8000,7,5,2,3,2,4,5,1,7,1
SF,IH2001,2019-12-25 09:30:33.700,2998.0000,25626,-11,216840300.000,11,0,11,双平,S,2998.0000,2997.8000,2997.6000,2997.4000,2997.2000,2998.2000,2998.4000,2998.6000,2998.8000,2999.0000,8,9,6,1,2,1,1,7,1,4
SF,IH2001,2019-12-25 09:30:34.200,2998.0000,25622,-4,224035620.000,8,2,6,多平,S,2997.8000,2997.6000,2997.4000,2997.2000,2997.0000,2998.4000,2998.6000,2998.8000,2999.0000,2999.2000,9,6,1,3,3,1,7,1,3,6
SF,IH2001,2019-12-25 09:30:34.700,2998.2000,25619,-3,226734060.000,3,0,3,双平,S,2998.2000,2998.0000,2997.8000,2997.6000,2997.4000,2998.6000,2998.8000,2999.0000,2999.2000,2999.4000,2,1,11,6,1,7,1,3,2,5
SF,IH2001,2019-12-25 09:30:35.200,2998.4000,25614,-5,232131420.000,6,0,6,多平,S,2998.2000,2998.0000,2997.8000,2997.6000,2997.4000,2998.6000,2998.8000,2999.0000,2999.2000,2999.4000,2,2,10,6,1,3,1,3,2,5
SF,IH2001,2019-12-25 09:30:35.700,2998.4000,25610,-4,237528780.000,6,1,5,多平,S,2998.4000,2998.2000,2998.0000,2997.8000,2997.6000,2998.8000,2999.0000,2999.2000,2999.4000,2999.6000,1,3,2,11,6,1,2,2,5,2
SF,IH2001,2019-12-25 09:30:36.200,2998.8000,25609,-1,242026440.000,5,2,3,多平,S,2998.2000,2998.0000,2997.8000,2997.6000,2997.4000,2999.0000,2999.2000,2999.4000,2999.6000,3000.0000,1,1,11,6,1,2,2,5,2,1
SF,IH2001,2019-12-25 09:30:36.700,2998.2000,25608,-1,242925900.000,1,0,1,双平,S,2998.2000,2998.0000,2997.8000,2997.6000,2997.4000,2998.8000,2999.0000,2999.2000,2999.4000,2999.6000,3,2,9,6,3,5,2,2,5,2
SF,IH2001,2019-12-25 09:30:37.200,2998.8000,25607,-1,246524040.000,4,1,3,多平,S,2998.2000,2998.0000,2997.8000,2997.6000,2997.4000,2998.8000,2999.0000,2999.2000,2999.4000,2999.6000,2,2,9,7,3,4,2,2,5,2
SF,IH2001,2019-12-25 09:30:37.700,2998.2000,25607,0,249222420.000,3,1,2,多换,S,2998.0000,2997.8000,2997.6000,2997.4000,2997.2000,2998.2000,2998.6000,2998.8000,2999.0000,2999.2000,1,9,7,2,3,1,1,4,2,2
SF,IH2001,2019-12-25 09:30:38.200,2998.2000,25607,0,250121880.000,1,0,1,多换,S,2998.2000,2998.0000,2997.8000,2997.6000,2997.2000,2998.6000,2998.8000,2999.0000,2999.2000,2999.4000,1,1,9,7,3,1,2,2,2,5
SF,IH2001,2019-12-25 09:30:38.700,2998.6000,25606,-1,251021460.000,1,0,1,双平,S,2998.0000,2997.8000,2997.6000,2997.4000,2997.2000,2998.8000,2999.0000,2999.2000,2999.4000,2999.6000,2,9,7,1,3,2,2,2,5,2
SF,IH2001,2019-12-25 09:30:39.200,2998.0000,25605,-1,252820440.000,2,0,2,多平,S,2998.4000,2998.0000,2997.8000,2997.6000,2997.4000,2998.6000,2998.8000,2999.0000,2999.2000,2999.4000,1,2,7,7,1,3,4,2,2,5
SF,IH2001,2019-12-25 09:30:39.700,2998.4000,25604,-1,253719960.000,1,0,1,双平,S,2997.8000,2997.6000,2997.4000,2997.2000,2997.0000,2998.4000,2998.6000,2998.8000,2999.0000,2999.2000,7,7,1,3,4,5,3,4,2,2
SF,IH2001,2019-12-25 09:30:40.200,2998.6000,25601,-3,256418640.000,3,0,3,双平,S,2998.0000,2997.8000,2997.6000,2997.4000,2997.2000,2998.8000,2999.0000,2999.2000,2999.4000,2999.6000,3,13,7,1,3,3,2,2,5,2
SF,IH2001,2019-12-25 09:30:40.700,2998.6000,25601,0,256418640.000,0,-,-,-,-,2998.2000,2998.0000,2997.8000,2997.6000,2997.4000,2998.6000,2998.8000,2999.0000,2999.2000,2999.4000,2,6,12,7,1,1,3,2,2,5
SF,IH2001,2019-12-25 09:30:41.200,2998.6000,25601,0,256418640.000,0,-,-,-,-,2998.2000,2998.0000,2997.8000,2997.6000,2997.4000,2998.4000,2998.6000,2998.8000,2999.0000,2999.2000,1,7,11,8,1,4,1,2,2,2
SF,IH2001,2019-12-25 09:30:41.700,2998.6000,25601,0,256418640.000,0,-,-,-,-,2998.0000,2997.8000,2997.6000,2997.4000,2997.2000,2998.4000,2998.8000,2999.0000,2999.2000,2999.4000,6,11,8,1,3,4,2,2,2,5
SF,IH2001,2019-12-25 09:30:42.200,2998.6000,25601,0,256418640.000,0,-,-,-,-,2998.0000,2997.8000,2997.6000,2997.4000,2997.2000,2998.2000,2998.4000,2998.8000,2999.0000,2999.2000,8,10,8,1,3,1,4,2,2,2
SF,IH2001,2019-12-25 09:30:42.700,2998.6000,25601,0,256418640.000,0,-,-,-,-,2998.0000,2997.8000,2997.6000,2997.4000,2997.2000,2998.2000,2998.4000,2998.6000,2998.8000,2999.0000,9,9,8,1,3,1,4,1,2,2
SF,IH2001,2019-12-25 09:30:43.200,2998.0000,25598,-3,260016300.000,4,0,4,多平,S,2998.0000,2997.8000,2997.6000,2997.4000,2997.2000,2998.4000,2998.6000,2998.8000,2999.0000,2999.2000,7,8,8,1,3,4,1,2,2,2
SF,IH2001,2019-12-25 09:30:43.700,2998.2000,25595,-3,262714620.000,3,0,3,双平,S,2998.0000,2997.8000,2997.6000,2997.4000,2997.2000,2998.4000,2998.6000,2998.8000,2999.0000,2999.2000,6,8,8,1,3,4,1,2,2,2
SF,IH2001,2019-12-25 09:30:44.200,2998.2000,25595,0,262714620.000,0,-,-,-,-,2998.2000,2998.0000,2997.8000,2997.6000,2997.4000,2998.4000,2998.6000,2998.8000,2999.0000,2999.2000,6,4,8,8,1,4,1,2,2,2
SF,IH2001,2019-12-25 09:30:44.700,2998.2000,25595,0,262714620.000,0,-,-,-,-,2998.2000,2998.0000,2997.8000,2997.6000,2997.4000,2998.4000,2998.6000,2998.8000,2999.0000,2999.2000,6,3,8,8,1,4,1,3,2,2
SF,IH2001,2019-12-25 09:30:45.200,2998.2000,25593,-2,265413120.000,3,0,3,多平,S,2998.2000,2998.0000,2997.8000,2997.6000,2997.4000,2998.4000,2998.6000,2998.8000,2999.0000,2999.2000,5,3,8,8,1,2,1,3,2,2
SF,IH2001,2019-12-25 09:30:45.700,2998.2000,25594,1,266312580.000,1,1,0,双开,S,2998.2000,2998.0000,2997.8000,2997.6000,2997.4000,2998.4000,2998.6000,2998.8000,2999.0000,2999.2000,4,3,8,8,1,2,1,3,2,2
SF,IH2001,2019-12-25 09:30:46.200,2998.2000,25594,0,267212040.000,1,0,1,多换,S,2998.2000,2998.0000,2997.8000,2997.6000,2997.4000,2998.4000,2998.6000,2998.8000,2999.0000,2999.2000,3,3,8,8,1,2,1,3,2,2
SF,IH2001,2019-12-25 09:30:46.700,2998.2000,25594,0,267212040.000,0,-,-,-,-,2998.2000,2998.0000,2997.8000,2997.6000,2997.4000,2998.4000,2998.6000,2998.8000,2999.0000,2999.2000,3,4,8,8,1,2,1,3,2,2
SF,IH2001,2019-12-25 09:30:47.200,2998.2000,25594,0,268111500.000,1,0,1,多换,S,2998.2000,2998.0000,2997.8000,2997.6000,2997.4000,2998.4000,2998.6000,2998.8000,2999.0000,2999.2000,2,4,8,8,1,2,1,3,2,2
SF,IH2001,2019-12-25 09:30:47.700,2998.4000,25592,-2,269910540.000,2,0,2,双平,S,2998.4000,2998.2000,2998.0000,2997.8000,2997.6000,2998.6000,2998.8000,2999.0000,2999.2000,2999.4000,5,2,5,2,8,1,3,2,2,5
SF,IH2001,2019-12-25 09:30:48.200,2998.4000,25591,-1,271709580.000,2,0,2,多平,S,2998.4000,2998.2000,2998.0000,2997.8000,2997.6000,2998.6000,2998.8000,2999.0000,2999.2000,2999.4000,3,2,5,2,8,4,7,2,2,5
SF,IH2001,2019-12-25 09:30:48.700,2998.2000,25585,-6,278006160.000,7,0,7,多平,S,2998.2000,2998.0000,2997.8000,2997.6000,2997.4000,2998.6000,2998.8000,2999.0000,2999.2000,2999.4000,1,5,2,8,1,4,7,2,2,5
SF,IH2001,2019-12-25 09:30:49.200,2998.4000,25584,-1,278905680.000,1,0,1,双平,S,2998.2000,2998.0000,2997.8000,2997.6000,2997.4000,2998.6000,2998.8000,2999.0000,2999.2000,2999.4000,4,5,2,8,1,4,7,2,2,5
SF,IH2001,2019-12-25 09:30:49.700,2998.2000,25581,-3,282503520.000,4,0,4,多平,S,2998.0000,2997.8000,2997.6000,2997.4000,2997.2000,2998.6000,2998.8000,2999.0000,2999.2000,2999.4000,5,2,8,1,3,4,7,2,2,5
SF,IH2001,2019-12-25 09:30:50.200,2998.2000,25581,0,282503520.000,0,-,-,-,-,2998.0000,2997.8000,2997.6000,2997.4000,2997.2000,2998.4000,2998.6000,2998.8000,2999.0000,2999.2000,5,4,8,1,3,3,4,7,2,2
SF,IH2001,2019-12-25 09:30:50.700,2998.2000,25581,0,282503520.000,0,-,-,-,-,2998.0000,2997.8000,2997.6000,2997.4000,2997.2000,2998.4000,2998.6000,2998.8000,2999.0000,2999.2000,5,4,8,1,3,3,4,5,2,2
SF,IH2001,2019-12-25 09:30:51.200,2998.0000,25581,0,287000520.000,5,2,3,多换,S,2997.8000,2997.6000,2997.4000,2997.2000,2997.0000,2998.0000,2998.2000,2998.4000,2998.6000,2998.8000,4,8,1,3,5,2,3,3,4,5
SF,IH2001,2019-12-25 09:30:51.700,2998.2000,25578,-3,289698780.000,3,0,3,双平,S,2998.0000,2997.8000,2997.6000,2997.4000,2997.2000,2998.2000,2998.6000,2998.8000,2999.0000,2999.2000,8,4,9,1,3,3,4,5,2,2
SF,IH2001,2019-12-25 09:30:52.200,2998.2000,25574,-4,294196080.000,5,0,5,多平,S,2998.2000,2998.0000,2997.8000,2997.6000,2997.4000,2998.6000,2998.8000,2999.0000,2999.2000,2999.4000,1,6,5,8,1,4,5,2,2,5
SF,IH2001,2019-12-25 09:30:52.700,2998.2000,25574,0,294196080.000,0,-,-,-,-,2998.2000,2998.0000,2997.8000,2997.6000,2997.4000,2998.4000,2998.6000,2998.8000,2999.0000,2999.2000,1,4,4,8,1,3,4,6,2,1
SF,IH2001,2019-12-25 09:30:53.200,2998.2000,25573,-1,295095540.000,1,0,1,双平,S,2998.0000,2997.8000,2997.6000,2997.4000,2997.2000,2998.2000,2998.4000,2998.6000,2998.8000,2999.0000,4,3,8,1,3,1,3,4,6,2
SF,IH2001,2019-12-25 09:30:53.700,2998.0000,25574,1,296894340.000,2,1,1,空开,S,2998.0000,2997.8000,2997.6000,2997.4000,2997.2000,2998.2000,2998.4000,2998.6000,2998.8000,2999.0000,3,4,8,1,3,1,1,4,6,2
SF,IH2001,2019-12-25 09:30:54.200,2998.0000,25573,-1,298693140.000,2,0,2,多平,S,2998.0000,2997.8000,2997.6000,2997.4000,2997.2000,2998.2000,2998.4000,2998.6000,2998.8000,2999.0000,1,4,8,1,3,1,1,4,6,2
SF,IH2001,2019-12-25 09:30:54.700,2998.0000,25573,0,298693140.000,0,-,-,-,-,2998.0000,2997.8000,2997.6000,2997.4000,2997.2000,2998.2000,2998.4000,2998.6000,2998.8000,2999.0000,1,4,8,1,3,1,1,4,6,2
SF,IH2001,2019-12-25 09:30:55.200,2998.0000,25573,0,298693140.000,0,-,-,-,-,2998.0000,2997.8000,2997.6000,2997.4000,2997.2000,2998.2000,2998.4000,2998.6000,2998.8000,2999.0000,2,3,8,1,3,1,1,4,6,2
SF,IH2001,2019-12-25 09:30:55.700,2998.2000,25572,-1,299592600.000,1,0,1,双平,S,2998.2000,2998.0000,2997.8000,2997.6000,2997.4000,2998.4000,2998.6000,2998.8000,2999.0000,2999.2000,1,3,3,7,1,1,4,6,2,2
SF,IH2001,2019-12-25 09:30:56.200,2998.2000,25572,0,299592600.000,0,-,-,-,-,2998.2000,2998.0000,2997.8000,2997.6000,2997.4000,2998.4000,2998.6000,2998.8000,2999.0000,2999.2000,1,3,2,7,1,1,4,6,2,2
SF,IH2001,2019-12-25 09:30:56.700,2998.2000,25572,0,299592600.000,0,-,-,-,-,2998.2000,2998.0000,2997.8000,2997.6000,2997.4000,2998.4000,2998.6000,2998.8000,2999.0000,2999.2000,1,4,2,7,1,1,4,6,2,2
SF,IH2001,2019-12-25 09:30:57.200,2998.2000,25571,-1,300492060.000,1,0,1,双平,S,2998.0000,2997.8000,2997.6000,2997.4000,2997.2000,2998.4000,2998.6000,2998.8000,2999.0000,2999.2000,4,2,7,1,3,1,4,5,2,2
SF,IH2001,2019-12-25 09:30:57.700,2998.2000,25570,-1,301391520.000,1,0,1,双平,S,2998.0000,2997.8000,2997.6000,2997.4000,2997.2000,2998.4000,2998.6000,2998.8000,2999.0000,2999.2000,4,2,7,1,3,1,4,5,2,2
SF,IH2001,2019-12-25 09:30:58.200,2998.2000,25569,-1,302290980.000,1,0,1,双平,S,2998.0000,2997.8000,2997.6000,2997.4000,2997.2000,2998.4000,2998.6000,2998.8000,2999.0000,2999.2000,3,2,7,1,3,1,4,5,2,2
SF,IH2001,2019-12-25 09:30:59.200,2998.4000,25568,-1,303190500.000,1,0,1,双平,S,2998.0000,2997.8000,2997.6000,2997.4000,2997.2000,2998.6000,2998.8000,2999.0000,2999.2000,2999.4000,3,2,7,1,3,4,5,2,2,5
SF,IH2001,2019-12-25 09:30:59.700,2998.0000,25567,-1,304089900.000,1,0,1,双平,S,2998.0000,2997.8000,2997.6000,2997.4000,2997.2000,2998.2000,2998.4000,2998.6000,2998.8000,2999.0000,2,2,7,1,3,1,2,4,5,1
SF,IH2001,2019-12-25 09:31:00.200,2998.0000,25566,-1,304989300.000,1,0,1,双平,S,2998.0000,2997.8000,2997.6000,2997.4000,2997.2000,2998.2000,2998.4000,2998.6000,2998.8000,2999.0000,2,2,7,1,3,1,1,4,5,1
SF,IH2001,2019-12-25 09:31:00.700,2998.2000,25561,-5,310385700.000,6,0,6,多平,S,2997.8000,2997.6000,2997.4000,2997.2000,2997.0000,2998.2000,2998.4000,2998.6000,2998.8000,2999.0000,1,6,1,3,6,1,1,4,5,1
SF,IH2001,2019-12-25 09:31:01.200,2998.2000,25560,-1,313083780.000,3,1,2,多平,S,2997.6000,2997.4000,2997.2000,2997.0000,2996.8000,2998.4000,2998.6000,2998.8000,2999.0000,2999.2000,5,1,3,6,3,1,4,5,1,2
SF,IH2001,2019-12-25 09:31:01.700,2997.6000,25554,-6,318479760.000,6,0,6,双平,S,2997.6000,2997.4000,2997.2000,2997.0000,2996.8000,2998.0000,2998.4000,2998.6000,2998.8000,2999.0000,5,1,3,6,3,1,3,6,2,1
SF,IH2001,2019-12-25 09:31:02.200,2997.8000,25554,0,320278380.000,2,1,1,多换,S,2997.6000,2997.4000,2997.2000,2997.0000,2996.8000,2998.4000,2998.6000,2998.8000,2999.0000,2999.2000,4,1,3,6,3,2,6,2,1,2
SF,IH2001,2019-12-25 09:31:02.700,2997.8000,25554,0,320278380.000,0,-,-,-,-,2997.6000,2997.4000,2997.2000,2997.0000,2996.8000,2997.8000,2998.2000,2998.4000,2998.6000,2998.8000,3,2,3,6,3,1,3,3,6,2
SF,IH2001,2019-12-25 09:31:03.200,2997.8000,25553,-1,321177720.000,1,0,1,双平,S,2997.8000,2997.6000,2997.4000,2997.2000,2997.0000,2998.2000,2998.4000,2998.6000,2998.8000,2999.0000,1,3,2,3,6,3,3,6,2,1
SF,IH2001,2019-12-25 09:31:03.700,2997.8000,25553,0,321177720.000,0,-,-,-,-,2997.8000,2997.6000,2997.4000,2997.2000,2997.0000,2998.0000,2998.4000,2998.6000,2998.8000,2999.0000,1,3,1,3,7,1,3,6,2,1
SF,IH2001,2019-12-25 09:31:04.200,2997.8000,25553,0,321177720.000,0,-,-,-,-,2997.8000,2997.6000,2997.4000,2997.2000,2997.0000,2998.0000,2998.4000,2998.6000,2998.8000,2999.0000,1,3,1,3,7,1,3,3,2,1
SF,IH2001,2019-12-25 09:31:04.700,2997.8000,25553,0,322077060.000,1,0,1,多换,S,2997.6000,2997.4000,2997.2000,2997.0000,2996.8000,2998.0000,2998.4000,2998.6000,2998.8000,2999.0000,3,1,3,7,3,1,2,3,2,1
SF,IH2001,2019-12-25 09:31:05.200,2997.8000,25553,0,322077060.000,0,-,-,-,-,2997.8000,2997.6000,2997.4000,2997.2000,2997.0000,2998.0000,2998.4000,2998.6000,2998.8000,2999.0000,1,3,3,3,7,1,1,3,2,1
SF,IH2001,2019-12-25 09:31:05.700,2998.0000,25551,-2,323875800.000,2,0,2,双平,S,2997.6000,2997.4000,2997.2000,2997.0000,2996.8000,2997.8000,2998.4000,2998.6000,2998.8000,2999.0000,3,1,3,7,3,1,1,3,2,1
SF,IH2001,2019-12-25 09:31:06.200,2998.0000,25550,-1,324775200.000,1,0,1,双平,S,2998.0000,2997.6000,2997.4000,2997.2000,2997.0000,2998.4000,2998.6000,2998.8000,2999.0000,2999.2000,1,3,1,3,7,1,3,2,1,2
SF,IH2001,2019-12-25 09:31:06.700,2998.0000,25550,0,324775200.000,0,-,-,-,-,2998.0000,2997.6000,2997.4000,2997.2000,2997.0000,2998.2000,2998.6000,2998.8000,2999.0000,2999.2000,1,3,1,3,7,2,3,2,1,2
SF,IH2001,2019-12-25 09:31:07.200,2998.0000,25550,0,324775200.000,0,-,-,-,-,2998.0000,2997.6000,2997.4000,2997.2000,2997.0000,2998.2000,2998.6000,2998.8000,2999.0000,2999.2000,1,3,1,3,7,2,3,2,1,2
SF,IH2001,2019-12-25 09:31:07.700,2998.2000,25548,-2,326574120.000,2,0,2,双平,S,2998.0000,2997.6000,2997.4000,2997.2000,2997.0000,2998.4000,2998.6000,2998.8000,2999.0000,2999.2000,1,4,2,3,7,1,3,2,1,2
SF,IH2001,2019-12-25 09:31:08.200,2998.4000,25547,-1,328373100.000,2,0,2,多平,S,2998.0000,2997.6000,2997.4000,2997.2000,2997.0000,2998.6000,2998.8000,2999.0000,2999.2000,2999.4000,2,4,2,3,7,3,2,1,2,2
SF,IH2001,2019-12-25 09:31:08.700,2998.4000,25547,0,328373100.000,0,-,-,-,-,2998.2000,2998.0000,2997.6000,2997.4000,2997.2000,2998.4000,2998.6000,2998.8000,2999.0000,2999.2000,1,2,4,2,3,1,3,2,1,2
SF,IH2001,2019-12-25 09:31:09.200,2998.2000,25546,-1,329272560.000,1,0,1,双平,S,2998.0000,2997.6000,2997.4000,2997.2000,2997.0000,2998.4000,2998.6000,2998.8000,2999.0000,2999.2000,2,4,2,3,7,1,3,2,1,2
SF,IH2001,2019-12-25 09:31:09.700,2998.0000,25546,0,331071360.000,2,1,1,多换,S,2997.6000,2997.4000,2997.2000,2997.0000,2996.8000,2998.2000,2998.4000,2998.6000,2998.8000,2999.0000,4,2,3,7,3,3,5,3,2,1
SF,IH2001,2019-12-25 09:31:10.200,2998.0000,25546,0,331071360.000,0,-,-,-,-,2997.6000,2997.4000,2997.2000,2997.0000,2996.8000,2998.2000,2998.4000,2998.6000,2998.8000,2999.0000,4,3,3,7,3,3,5,3,2,1
SF,IH2001,2019-12-25 09:31:10.700,2998.0000,25546,0,331071360.000,0,-,-,-,-,2997.6000,2997.4000,2997.2000,2997.0000,2996.8000,2998.2000,2998.4000,2998.6000,2998.8000,2999.0000,4,2,3,8,3,3,5,3,2,1
SF,IH2001,2019-12-25 09:31:11.200,2998.2000,25545,-1,331970820.000,1,0,1,双平,S,2998.0000,2997.6000,2997.4000,2997.2000,2997.0000,2998.2000,2998.4000,2998.6000,2998.8000,2999.0000,1,4,2,3,8,2,5,3,2,1
SF,IH2001,2019-12-25 09:31:11.700,2998.0000,25544,-1,332870220.000,1,0,1,双平,S,2997.6000,2997.4000,2997.2000,2997.0000,2996.8000,2998.2000,2998.4000,2998.6000,2998.8000,2999.0000,4,2,3,8,3,2,5,3,2,1
SF,IH2001,2019-12-25 09:31:12.200,2998.0000,25544,0,333769620.000,1,0,1,多换,S,2997.8000,2997.6000,2997.4000,2997.2000,2997.0000,2998.2000,2998.4000,2998.6000,2998.8000,2999.0000,3,5,2,3,8,2,5,3,2,2
SF,IH2001,2019-12-25 09:31:12.700,2998.0000,25541,-3,336467940.000,3,0,3,双平,S,2998.0000,2997.8000,2997.6000,2997.4000,2997.2000,2998.4000,2998.6000,2998.8000,2999.0000,2999.2000,1,3,5,2,3,5,3,2,2,2
SF,IH2001,2019-12-25 09:31:13.200,2998.4000,25540,-1,340066020.000,4,1,3,多平,S,2998.2000,2998.0000,2997.8000,2997.6000,2997.4000,2998.4000,2998.6000,2998.8000,2999.0000,2999.2000,1,1,3,5,2,1,3,2,2,2
SF,IH2001,2019-12-25 09:31:14.700,2998.2000,25539,-1,340965480.000,1,0,1,双平,S,2998.0000,2997.8000,2997.6000,2997.4000,2997.2000,2998.4000,2998.6000,2998.8000,2999.0000,2999.2000,1,3,6,2,3,1,3,2,2,2
SF,IH2001,2019-12-25 09:31:15.200,2998.2000,25539,0,340965480.000,0,-,-,-,-,2998.2000,2998.0000,2997.8000,2997.6000,2997.4000,2998.4000,2998.6000,2998.8000,2999.0000,2999.2000,1,1,3,6,2,1,3,2,2,2
SF,IH2001,2019-12-25 09:31:15.700,2998.2000,25538,-1,341864940.000,1,0,1,双平,S,2998.0000,2997.8000,2997.6000,2997.4000,2997.2000,2998.4000,2998.6000,2998.8000,2999.0000,2999.2000,1,3,8,2,3,1,3,2,2,2
SF,IH2001,2019-12-25 09:31:16.200,2998.4000,25538,0,342764460.000,1,0,1,多换,S,2998.0000,2997.8000,2997.6000,2997.4000,2997.2000,2998.6000,2998.8000,2999.0000,2999.2000,2999.4000,1,3,8,2,3,3,2,2,2,3
SF,IH2001,2019-12-25 09:31:16.700,2998.4000,25538,0,342764460.000,0,-,-,-,-,2998.2000,2998.0000,2997.8000,2997.6000,2997.4000,2998.6000,2998.8000,2999.0000,2999.2000,2999.4000,1,1,3,8,2,3,2,2,2,3
SF,IH2001,2019-12-25 09:31:17.200,2998.4000,25538,0,342764460.000,0,-,-,-,-,2998.2000,2998.0000,2997.6000,2997.4000,2997.2000,2998.6000,2998.8000,2999.0000,2999.2000,2999.4000,1,1,8,2,3,3,2,2,2,3
SF,IH2001,2019-12-25 09:31:17.700,2998.4000,25538,0,342764460.000,0,-,-,-,-,2998.2000,2998.0000,2997.6000,2997.4000,2997.2000,2998.4000,2998.6000,2998.8000,2999.0000,2999.2000,1,2,7,2,3,3,3,2,2,2
SF,IH2001,2019-12-25 09:31:18.200,2998.4000,25537,-1,343663980.000,1,0,1,双平,S,2998.2000,2998.0000,2997.6000,2997.4000,2997.2000,2998.4000,2998.6000,2998.8000,2999.0000,2999.2000,1,2,7,2,3,2,3,2,2,2
SF,IH2001,2019-12-25 09:31:18.700,2998.2000,25536,-1,344563440.000,1,0,1,双平,S,2998.0000,2997.6000,2997.4000,2997.2000,2997.0000,2998.4000,2998.6000,2998.8000,2999.0000,2999.2000,2,7,2,3,8,2,3,2,2,2
SF,IH2001,2019-12-25 09:31:19.200,2998.0000,25535,-1,345462840.000,1,0,1,双平,S,2998.0000,2997.6000,2997.4000,2997.2000,2997.0000,2998.2000,2998.4000,2998.6000,2998.8000,2999.0000,1,7,2,3,8,1,2,3,2,2
SF,IH2001,2019-12-25 09:31:19.700,2998.2000,25534,-1,346362300.000,1,0,1,双平,S,2998.0000,2997.6000,2997.4000,2997.2000,2997.0000,2998.4000,2998.6000,2998.8000,2999.0000,2999.2000,1,7,2,3,8,2,3,2,2,2
SF,IH2001,2019-12-25 09:31:20.200,2998.0000,25535,1,347261700.000,1,1,0,双开,S,2997.6000,2997.4000,2997.2000,2997.0000,2996.8000,2998.0000,2998.4000,2998.6000,2998.8000,2999.0000,7,2,3,8,3,1,2,4,2,2
SF,IH2001,2019-12-25 09:31:20.700,2998.0000,25535,0,348161100.000,1,0,1,多换,S,2997.6000,2997.4000,2997.2000,2997.0000,2996.8000,2997.8000,2998.4000,2998.6000,2998.8000,2999.0000,7,2,3,8,3,1,2,4,2,2
SF,IH2001,2019-12-25 09:31:21.200,2997.8000,25534,-1,349060440.000,1,0,1,双平,S,2997.8000,2997.6000,2997.4000,2997.2000,2997.0000,2998.4000,2998.6000,2998.8000,2999.0000,2999.2000,1,7,2,4,7,2,4,2,2,2
SF,IH2001,2019-12-25 09:31:21.700,2997.8000,25534,0,349060440.000,0,-,-,-,-,2997.8000,2997.6000,2997.4000,2997.2000,2997.0000,2998.0000,2998.2000,2998.4000,2998.6000,2998.8000,1,7,2,4,7,1,3,2,4,2
SF,IH2001,2019-12-25 09:31:22.200,2997.8000,25534,0,349060440.000,0,-,-,-,-,2997.8000,2997.6000,2997.4000,2997.2000,2997.0000,2998.0000,2998.2000,2998.4000,2998.6000,2998.8000,1,7,2,4,8,1,3,2,4,2
SF,IH2001,2019-12-25 09:31:22.700,2998.0000,25533,-1,349959840.000,1,0,1,双平,S,2997.8000,2997.6000,2997.4000,2997.2000,2997.0000,2998.2000,2998.4000,2998.6000,2998.8000,2999.0000,1,7,2,4,8,3,2,4,2,2
SF,IH2001,2019-12-25 09:31:23.200,2998.0000,25533,0,349959840.000,0,-,-,-,-,2997.8000,2997.6000,2997.4000,2997.2000,2997.0000,2998.0000,2998.2000,2998.6000,2998.8000,2999.0000,1,7,2,4,8,2,3,4,2,2
SF,IH2001,2019-12-25 09:31:23.700,2997.8000,25532,-1,350859180.000,1,0,1,双平,S,2997.6000,2997.4000,2997.2000,2997.0000,2996.8000,2997.8000,2998.0000,2998.2000,2998.6000,2998.8000,8,2,4,8,3,2,2,3,4,2
SF,IH2001,2019-12-25 09:31:24.200,2997.8000,25531,-1,351758520.000,1,0,1,双平,S,2997.6000,2997.4000,2997.2000,2997.0000,2996.8000,2997.8000,2998.0000,2998.2000,2998.6000,2998.8000,8,2,4,8,3,1,2,3,4,2
SF,IH2001,2019-12-25 09:31:24.700,2997.6000,25530,-1,352657800.000,1,0,1,双平,S,2997.6000,2997.4000,2997.2000,2997.0000,2996.8000,2997.8000,2998.0000,2998.2000,2998.6000,2998.8000,8,2,4,7,3,1,2,3,4,2
SF,IH2001,2019-12-25 09:31:25.200,2997.8000,25529,-1,353557140.000,1,0,1,双平,S,2997.6000,2997.4000,2997.2000,2997.0000,2996.8000,2998.0000,2998.2000,2998.6000,2998.8000,2999.0000,9,2,4,7,3,2,3,4,2,2
SF,IH2001,2019-12-25 09:31:25.700,2997.6000,25529,0,354456420.000,1,0,1,多换,S,2997.6000,2997.4000,2997.2000,2997.0000,2996.8000,2997.8000,2998.0000,2998.2000,2998.6000,2998.8000,8,2,4,7,3,1,2,3,4,2
SF,IH2001,2019-12-25 09:31:26.700,2997.6000,25528,-1,356255040.000,2,0,2,多平,S,2997.6000,2997.4000,2997.2000,2997.0000,2996.8000,2998.0000,2998.2000,2998.6000,2998.8000,2999.0000,6,2,4,7,3,2,3,4,2,2
SF,IH2001,2019-12-25 09:31:27.200,2997.6000,25528,0,356255040.000,0,-,-,-,-,2997.6000,2997.4000,2997.2000,2997.0000,2996.8000,2997.8000,2998.0000,2998.2000,2998.6000,2998.8000,6,2,4,7,3,4,2,1,4,2
SF,IH2001,2019-12-25 09:31:27.700,2997.6000,25526,-2,358053600.000,2,0,2,双平,S,2997.6000,2997.4000,2997.2000,2997.0000,2996.8000,2997.8000,2998.0000,2998.2000,2998.6000,2998.8000,4,2,4,7,3,4,2,1,3,2
SF,IH2001,2019-12-25 09:31:28.700,2997.6000,25522,-4,361650720.000,4,0,4,双平,S,2997.4000,2997.2000,2997.0000,2996.8000,2996.4000,2997.6000,2997.8000,2998.0000,2998.2000,2998.6000,2,4,7,3,1,1,4,2,1,3
SF,IH2001,2019-12-25 09:31:29.200,2997.4000,25519,-3,364348440.000,3,0,3,双平,S,2997.6000,2997.2000,2997.0000,2996.8000,2996.4000,2997.8000,2998.2000,2998.6000,2998.8000,2999.0000,4,4,7,1,1,4,1,3,2,2
SF,IH2001,2019-12-25 09:31:29.700,2997.6000,25512,-7,370643640.000,7,0,7,双平,S,2997.6000,2997.2000,2997.0000,2996.8000,2996.4000,2997.8000,2998.0000,2998.2000,2998.6000,2998.8000,1,4,7,1,1,1,1,1,3,2
SF,IH2001,2019-12-25 09:31:30.200,2998.0000,25510,-2,372442380.000,2,0,2,双平,S,2997.6000,2997.2000,2997.0000,2996.8000,2996.4000,2998.2000,2998.6000,2998.8000,2999.0000,2999.2000,1,4,7,1,3,1,3,2,4,2
SF,IH2001,2019-12-25 09:31:30.700,2998.0000,25508,-2,374241240.000,2,0,2,双平,S,2997.6000,2997.2000,2997.0000,2996.8000,2996.4000,2998.6000,2998.8000,2999.0000,2999.2000,2999.4000,1,4,7,1,3,3,2,4,2,3
SF,IH2001,2019-12-25 09:31:31.200,2998.0000,25508,0,374241240.000,0,-,-,-,-,2997.8000,2997.6000,2997.2000,2997.0000,2996.8000,2998.4000,2998.6000,2998.8000,2999.0000,2999.2000,2,1,3,7,1,7,5,2,4,2
SF,IH2001,2019-12-25 09:31:31.700,2998.4000,25505,-3,376939800.000,3,0,3,双平,S,2997.8000,2997.6000,2997.2000,2997.0000,2996.8000,2998.4000,2998.6000,2998.8000,2999.0000,2999.2000,2,1,3,7,1,3,4,2,4,2
SF,IH2001,2019-12-25 09:31:32.200,2998.4000,25505,0,376939800.000,0,-,-,-,-,2997.8000,2997.6000,2997.2000,2997.0000,2996.8000,2998.4000,2998.6000,2998.8000,2999.0000,2999.2000,2,1,4,7,2,3,4,2,4,2
SF,IH2001,2019-12-25 09:31:32.700,2997.8000,25504,-1,380537520.000,4,1,3,多平,S,2997.6000,2997.2000,2997.0000,2996.8000,2996.4000,2997.8000,2998.0000,2998.2000,2998.4000,2998.6000,1,4,7,2,3,1,1,1,1,5
SF,IH2001,2019-12-25 09:31:33.200,2997.8000,25503,-1,381436860.000,1,0,1,双平,S,2997.8000,2997.6000,2997.4000,2997.2000,2997.0000,2998.0000,2998.2000,2998.4000,2998.6000,2998.8000,3,2,1,4,7,1,1,1,4,1
SF,IH2001,2019-12-25 09:31:33.700,2997.8000,25501,-2,384134940.000,3,0,3,多平,S,2997.6000,2997.4000,2997.2000,2997.0000,2996.8000,2997.8000,2998.2000,2998.4000,2998.6000,2998.8000,2,1,4,7,2,1,1,1,4,1
SF,IH2001,2019-12-25 09:31:34.200,2997.8000,25500,-1,385034280.000,1,0,1,双平,S,2997.8000,2997.6000,2997.4000,2997.2000,2997.0000,2998.2000,2998.4000,2998.6000,2998.8000,2999.0000,1,3,1,4,7,1,1,4,1,3
SF,IH2001,2019-12-25 09:31:35.700,2997.8000,25500,0,385034280.000,0,-,-,-,-,2997.8000,2997.6000,2997.4000,2997.2000,2997.0000,2998.0000,2998.2000,2998.4000,2998.6000,2998.8000,1,4,1,4,7,1,1,1,4,1
SF,IH2001,2019-12-25 09:31:36.200,2998.0000,25499,-1,385933680.000,1,0,1,双平,S,2997.8000,2997.6000,2997.4000,2997.2000,2997.0000,2998.2000,2998.4000,2998.6000,2998.8000,2999.0000,1,4,1,4,7,1,1,4,1,3
SF,IH2001,2019-12-25 09:31:36.700,2998.0000,25499,0,385933680.000,0,-,-,-,-,2997.8000,2997.6000,2997.4000,2997.2000,2997.0000,2998.0000,2998.2000,2998.4000,2998.6000,2998.8000,1,4,1,4,7,1,1,1,4,1
SF,IH2001,2019-12-25 09:31:37.200,2997.8000,25498,-1,386833020.000,1,0,1,双平,S,2997.8000,2997.6000,2997.4000,2997.2000,2997.0000,2998.0000,2998.2000,2998.4000,2998.6000,2998.8000,1,4,1,4,7,1,1,1,4,1
SF,IH2001,2019-12-25 09:31:38.200,2997.8000,25498,0,386833020.000,0,-,-,-,-,2997.8000,2997.6000,2997.4000,2997.2000,2997.0000,2998.0000,2998.2000,2998.4000,2998.6000,2998.8000,1,4,1,4,7,2,2,1,4,1
SF,IH2001,2019-12-25 09:31:38.700,2997.8000,25497,-1,388631700.000,2,0,2,多平,S,2997.6000,2997.4000,2997.2000,2997.0000,2996.8000,2997.8000,2998.0000,2998.2000,2998.4000,2998.6000,4,1,4,7,2,1,2,1,1,4
SF,IH2001,2019-12-25 09:31:39.200,2998.0000,25496,-1,390430440.000,2,0,2,多平,S,2997.8000,2997.6000,2997.4000,2997.2000,2997.0000,2998.0000,2998.2000,2998.4000,2998.6000,2998.8000,1,4,1,4,7,1,2,1,4,1
SF,IH2001,2019-12-25 09:31:39.700,2997.8000,25495,-1,391329780.000,1,0,1,双平,S,2997.6000,2997.4000,2997.2000,2997.0000,2996.8000,2998.0000,2998.2000,2998.4000,2998.6000,2998.8000,4,1,4,7,2,1,2,1,4,1
SF,IH2001,2019-12-25 09:31:40.200,2997.6000,25494,-1,392229060.000,1,0,1,双平,S,2997.6000,2997.4000,2997.2000,2997.0000,2996.8000,2998.0000,2998.2000,2998.4000,2998.6000,2998.8000,3,1,4,7,2,1,2,1,4,1
SF,IH2001,2019-12-25 09:31:40.700,2997.6000,25490,-4,395826180.000,4,0,4,双平,S,2997.4000,2997.2000,2997.0000,2996.8000,2996.4000,2997.6000,2998.0000,2998.2000,2998.4000,2998.6000,1,4,7,2,3,4,1,2,1,4
SF,IH2001,2019-12-25 09:31:41.200,2997.6000,25485,-5,400322580.000,5,0,5,双平,S,2997.4000,2997.2000,2997.0000,2996.8000,2996.4000,2997.8000,2998.0000,2998.2000,2998.4000,2998.6000,1,4,7,2,3,1,1,2,1,4
SF,IH2001,2019-12-25 09:31:41.700,2997.4000,25483,-2,402121020.000,2,0,2,双平,S,2997.2000,2997.0000,2996.8000,2996.4000,2996.2000,2997.4000,2997.6000,2997.8000,2998.0000,2998.2000,4,7,2,3,2,6,4,1,3,2
SF,IH2001,2019-12-25 09:31:42.200,2997.4000,25480,-3,404818680.000,3,0,3,双平,S,2997.2000,2997.0000,2996.8000,2996.4000,2996.2000,2997.4000,2997.6000,2997.8000,2998.0000,2998.2000,4,8,2,3,2,3,4,1,3,2
SF,IH2001,2019-12-25 09:31:42.700,2997.2000,25480,0,406617060.000,2,1,1,多换,S,2997.2000,2997.0000,2996.8000,2996.4000,2996.2000,2997.4000,2997.6000,2997.8000,2998.0000,2998.2000,3,9,2,3,2,2,4,1,3,2
SF,IH2001,2019-12-25 09:31:43.200,2997.2000,25479,-1,407516220.000,1,0,1,双平,S,2997.2000,2997.0000,2996.8000,2996.4000,2996.2000,2997.4000,2997.6000,2997.8000,2998.0000,2998.2000,4,8,2,3,2,2,4,1,3,2
SF,IH2001,2019-12-25 09:31:43.700,2997.4000,25479,0,409314660.000,2,1,1,多换,S,2997.2000,2997.0000,2996.8000,2996.4000,2996.2000,2997.6000,2997.8000,2998.0000,2998.2000,2998.4000,5,8,2,3,2,4,1,3,4,1
SF,IH2001,2019-12-25 09:31:44.200,2997.4000,25479,0,409314660.000,0,-,-,-,-,2997.4000,2997.2000,2997.0000,2996.8000,2996.4000,2997.6000,2997.8000,2998.0000,2998.2000,2998.4000,1,5,8,2,3,4,1,3,5,1
SF,IH2001,2019-12-25 09:31:44.700,2997.6000,25478,-1,411113160.000,2,0,2,多平,S,2997.2000,2997.0000,2996.8000,2996.4000,2996.2000,2997.4000,2997.6000,2997.8000,2998.0000,2998.2000,5,8,2,3,2,3,3,1,3,5
SF,IH2001,2019-12-25 09:31:45.700,2997.2000,25475,-3,414709800.000,4,0,4,多平,S,2997.2000,2997.0000,2996.8000,2996.4000,2996.2000,2997.4000,2997.6000,2997.8000,2998.0000,2998.2000,1,8,2,3,2,3,3,1,3,5
SF,IH2001,2019-12-25 09:31:46.200,2997.0000,25472,-3,417407220.000,3,0,3,双平,S,2997.0000,2996.8000,2996.4000,2996.2000,2996.0000,2997.2000,2997.4000,2997.6000,2997.8000,2998.0000,7,2,3,2,1,1,3,3,1,3
SF,IH2001,2019-12-25 09:31:46.700,2997.0000,25469,-3,421903020.000,5,1,4,多平,S,2997.0000,2996.8000,2996.4000,2996.2000,2996.0000,2997.2000,2997.4000,2997.6000,2997.8000,2998.0000,6,2,1,2,1,1,2,3,1,3
SF,IH2001,2019-12-25 09:31:47.200,2997.0000,25465,-4,429095880.000,8,2,6,多平,S,2996.8000,2996.4000,2996.2000,2996.0000,2995.8000,2997.4000,2997.8000,2998.0000,2998.2000,2998.4000,2,1,2,1,6,3,1,3,5,4
SF,IH2001,2019-12-25 09:31:47.700,2997.2000,25462,-3,431793360.000,3,0,3,双平,S,2996.8000,2996.4000,2996.2000,2996.0000,2995.8000,2997.2000,2997.4000,2997.8000,2998.0000,2998.2000,2,1,2,1,6,3,3,3,3,5
SF,IH2001,2019-12-25 09:31:48.200,2997.2000,25459,-3,434490720.000,3,0,3,双平,S,2996.8000,2996.4000,2996.2000,2996.0000,2995.8000,2997.2000,2997.4000,2997.8000,2998.0000,2998.2000,1,1,3,1,6,5,3,3,3,6
SF,IH2001,2019-12-25 09:31:48.700,2996.8000,25459,0,437187720.000,3,1,2,多换,S,2996.2000,2996.0000,2995.8000,2995.6000,2995.2000,2997.0000,2997.2000,2997.4000,2997.8000,2998.0000,3,1,6,3,4,5,11,3,3,3
SF,IH2001,2019-12-25 09:31:49.200,2996.8000,25459,0,437187720.000,0,-,-,-,-,2996.8000,2996.4000,2996.2000,2996.0000,2995.8000,2997.0000,2997.2000,2997.4000,2997.8000,2998.0000,1,7,9,2,6,5,11,3,3,3
SF,IH2001,2019-12-25 09:31:49.700,2996.8000,25458,-1,438086760.000,1,0,1,双平,S,2996.4000,2996.2000,2996.0000,2995.8000,2995.6000,2996.8000,2997.0000,2997.2000,2997.4000,2997.8000,6,8,1,6,3,1,5,11,2,3
SF,IH2001,2019-12-25 09:31:50.200,2997.0000,25453,-5,443480820.000,6,0,6,多平,S,2996.6000,2996.4000,2996.2000,2996.0000,2995.8000,2997.0000,2997.2000,2997.8000,2998.0000,2998.2000,1,8,5,1,6,2,11,3,3,6
SF,IH2001,2019-12-25 09:31:50.700,2997.0000,25453,0,443480820.000,0,-,-,-,-,2996.6000,2996.4000,2996.2000,2996.0000,2995.8000,2996.8000,2997.0000,2997.2000,2997.8000,2998.0000,3,8,5,1,6,1,2,11,3,3
SF,IH2001,2019-12-25 09:31:51.200,2997.0000,25450,-3,446178060.000,3,0,3,双平,S,2997.0000,2996.8000,2996.6000,2996.4000,2996.2000,2997.2000,2997.8000,2998.0000,2998.2000,2998.4000,2,2,3,8,5,11,3,3,6,4
SF,IH2001,2019-12-25 09:31:51.700,2997.0000,25449,-1,447976260.000,2,0,2,多平,S,2996.6000,2996.4000,2996.2000,2996.0000,2995.8000,2997.0000,2997.2000,2997.8000,2998.0000,2998.2000,2,8,5,1,6,1,11,2,3,6
SF,IH2001,2019-12-25 09:31:52.200,2996.6000,25446,-3,450673200.000,3,0,3,双平,S,2996.4000,2996.2000,2996.0000,2995.8000,2995.6000,2996.6000,2997.0000,2997.2000,2997.8000,2998.0000,8,5,1,6,3,1,2,11,2,3
SF,IH2001,2019-12-25 09:31:52.700,2996.6000,25446,0,451572180.000,1,0,1,多换,S,2996.4000,2996.2000,2996.0000,2995.8000,2995.6000,2997.0000,2997.2000,2997.8000,2998.0000,2998.2000,8,5,1,4,3,2,11,2,3,6
SF,IH2001,2019-12-25 09:31:53.200,2996.8000,25445,-1,452471220.000,1,0,1,双平,S,2996.4000,2996.2000,2996.0000,2995.8000,2995.6000,2997.0000,2997.2000,2997.8000,2998.0000,2998.2000,5,5,1,4,3,2,10,2,3,6
SF,IH2001,2019-12-25 09:31:53.700,2996.8000,25445,0,452471220.000,0,-,-,-,-,2996.6000,2996.4000,2996.2000,2996.0000,2995.8000,2996.8000,2997.0000,2997.2000,2997.8000,2998.0000,1,2,5,1,4,3,2,8,3,3
SF,IH2001,2019-12-25 09:31:54.200,2996.8000,25442,-3,456067200.000,4,0,4,多平,S,2996.4000,2996.2000,2996.0000,2995.8000,2995.6000,2996.8000,2997.0000,2997.2000,2997.8000,2998.0000,1,5,1,4,4,1,2,8,3,3
SF,IH2001,2019-12-25 09:31:54.700,2996.4000,25441,-1,456966120.000,1,0,1,双平,S,2996.2000,2996.0000,2995.8000,2995.6000,2995.2000,2996.6000,2996.8000,2997.0000,2997.2000,2997.8000,5,1,4,4,5,1,1,2,8,3
SF,IH2001,2019-12-25 09:31:55.200,2996.4000,25441,0,456966120.000,0,-,-,-,-,2996.2000,2996.0000,2995.8000,2995.6000,2995.2000,2996.6000,2996.8000,2997.0000,2997.2000,2997.8000,5,3,4,4,5,1,1,2,8,3
SF,IH2001,2019-12-25 09:31:55.700,2996.4000,25441,0,456966120.000,0,-,-,-,-,2996.4000,2996.2000,2996.0000,2995.8000,2995.6000,2996.6000,2996.8000,2997.0000,2997.2000,2997.8000,4,5,5,4,4,1,1,2,8,3
SF,IH2001,2019-12-25 09:31:56.200,2996.4000,25441,0,456966120.000,0,-,-,-,-,2996.4000,2996.2000,2996.0000,2995.8000,2995.6000,2996.6000,2996.8000,2997.0000,2997.2000,2997.8000,4,5,4,4,4,1,1,2,8,3
SF,IH2001,2019-12-25 09:31:56.700,2996.4000,25440,-1,457865040.000,1,0,1,双平,S,2996.2000,2996.0000,2995.8000,2995.6000,2995.2000,2996.6000,2996.8000,2997.0000,2997.2000,2997.8000,5,4,4,4,5,1,1,2,8,3
SF,IH2001,2019-12-25 09:31:57.200,2996.4000,25439,-1,458763960.000,1,0,1,双平,S,2996.2000,2996.0000,2995.8000,2995.6000,2995.2000,2996.4000,2996.6000,2996.8000,2997.0000,2997.2000,5,5,4,4,5,4,1,1,1,8
SF,IH2001,2019-12-25 09:31:57.700,2996.2000,25437,-2,463258380.000,5,1,4,多平,S,2996.2000,2996.0000,2995.8000,2995.6000,2995.2000,2996.4000,2996.6000,2996.8000,2997.0000,2997.2000,2,4,4,4,4,1,1,1,1,8
SF,IH2001,2019-12-25 09:31:58.200,2996.2000,25435,-2,465056160.000,2,0,2,双平,S,2996.2000,2996.0000,2995.8000,2995.6000,2995.2000,2996.4000,2996.6000,2996.8000,2997.0000,2997.2000,1,4,4,4,4,3,1,1,1,8
SF,IH2001,2019-12-25 09:31:58.700,2996.2000,25434,-1,465955020.000,1,0,1,双平,S,2996.0000,2995.8000,2995.6000,2995.2000,2995.0000,2996.2000,2996.4000,2996.6000,2996.8000,2997.0000,3,5,4,4,7,1,3,2,1,1
SF,IH2001,2019-12-25 09:31:59.200,2996.2000,25431,-3,468651480.000,3,0,3,双平,S,2996.0000,2995.8000,2995.6000,2995.2000,2995.0000,2996.2000,2996.4000,2996.6000,2997.0000,2997.2000,3,6,4,4,8,1,3,2,1,8
SF,IH2001,2019-12-25 09:31:59.700,2996.0000,25431,0,470449080.000,2,1,1,多换,S,2996.0000,2995.8000,2995.6000,2995.2000,2995.0000,2996.2000,2996.4000,2996.6000,2997.0000,2997.2000,1,5,4,4,8,3,4,2,1,8
SF,IH2001,2019-12-25 09:32:00.200,2996.0000,25430,-1,472246680.000,2,0,2,多平,S,2995.8000,2995.6000,2995.2000,2995.0000,2994.6000,2996.0000,2996.2000,2996.4000,2996.6000,2997.0000,5,4,4,8,1,8,3,4,1,1
SF,IH2001,2019-12-25 09:32:00.700,2996.0000,25427,-3,476740560.000,5,1,4,多平,S,2995.8000,2995.6000,2995.2000,2995.0000,2994.6000,2996.0000,2996.2000,2996.4000,2996.6000,2997.0000,17,6,4,8,1,7,3,4,1,1
SF,IH2001,2019-12-25 09:32:01.200,2995.8000,25422,-5,483031920.000,7,1,6,多平,S,2995.8000,2995.6000,2995.2000,2995.0000,2994.6000,2996.0000,2996.2000,2996.4000,2996.6000,2997.2000,4,5,4,8,1,4,3,5,1,9
SF,IH2001,2019-12-25 09:32:01.700,2995.8000,25422,0,483930660.000,1,0,1,多换,S,2995.8000,2995.6000,2995.2000,2995.0000,2994.6000,2996.0000,2996.2000,2996.4000,2996.6000,2997.2000,3,5,4,8,1,4,3,5,1,9
SF,IH2001,2019-12-25 09:32:02.200,2995.8000,25419,-3,489323340.000,6,1,5,多平,S,2995.8000,2995.6000,2995.2000,2995.0000,2994.6000,2996.0000,2996.2000,2996.4000,2996.6000,2997.2000,3,4,4,8,1,1,3,5,1,9
SF,IH2001,2019-12-25 09:32:02.700,2996.0000,25416,-3,492918360.000,4,0,4,多平,S,2995.6000,2995.2000,2995.0000,2994.6000,2994.2000,2996.2000,2996.4000,2996.6000,2997.2000,2997.6000,4,4,8,1,1,4,5,1,9,2
SF,IH2001,2019-12-25 09:32:03.200,2996.0000,25413,-3,495614760.000,3,0,3,双平,S,2996.0000,2995.6000,2995.4000,2995.2000,2995.0000,2996.2000,2996.4000,2996.6000,2997.2000,2997.6000,1,5,3,4,8,4,5,1,9,2
SF,IH2001,2019-12-25 09:32:03.700,2996.0000,25412,-1,496513560.000,1,0,1,双平,S,2995.6000,2995.4000,2995.2000,2995.0000,2994.6000,2996.2000,2996.4000,2996.6000,2997.2000,2997.6000,5,1,4,8,1,5,5,1,9,2
SF,IH2001,2019-12-25 09:32:04.200,2996.2000,25411,-1,497412420.000,1,0,1,双平,S,2995.6000,2995.4000,2995.2000,2995.0000,2994.6000,2996.2000,2996.4000,2997.2000,2997.6000,2997.8000,8,2,4,8,1,4,5,9,2,3
SF,IH2001,2019-12-25 09:32:04.700,2996.0000,25408,-3,503703660.000,7,2,5,多平,S,2995.8000,2995.6000,2995.4000,2995.2000,2995.0000,2996.0000,2996.2000,2996.4000,2997.2000,2997.6000,5,8,6,4,8,1,3,5,9,2
SF,IH2001,2019-12-25 09:32:05.200,2996.0000,25407,-1,504602460.000,1,0,1,双平,S,2996.0000,2995.8000,2995.6000,2995.4000,2995.2000,2996.2000,2996.4000,2997.2000,2997.6000,2997.8000,5,6,7,5,4,3,5,9,2,3
SF,IH2001,2019-12-25 09:32:05.700,2996.2000,25405,-2,506400180.000,2,0,2,双平,S,2996.0000,2995.8000,2995.6000,2995.4000,2995.2000,2996.2000,2996.4000,2997.2000,2997.6000,2997.8000,2,3,6,5,4,1,5,9,2,3
SF,IH2001,2019-12-25 09:32:06.200,2996.0000,25404,-1,508197840.000,2,0,2,多平,S,2996.0000,2995.8000,2995.6000,2995.4000,2995.2000,2996.4000,2997.2000,2997.6000,2997.8000,2998.0000,1,3,7,5,4,5,9,2,3,3
SF,IH2001,2019-12-25 09:32:06.700,2996.0000,25404,0,508197840.000,0,-,-,-,-,2996.0000,2995.8000,2995.6000,2995.4000,2995.2000,2996.4000,2997.2000,2997.6000,2997.8000,2998.0000,1,3,7,5,4,5,9,2,3,3
SF,IH2001,2019-12-25 09:32:07.200,2996.0000,25404,0,508197840.000,0,-,-,-,-,2996.0000,2995.8000,2995.6000,2995.4000,2995.2000,2996.4000,2997.2000,2997.6000,2997.8000,2998.0000,1,3,8,5,4,5,9,2,3,3
SF,IH2001,2019-12-25 09:32:07.700,2996.4000,25403,-1,509096760.000,1,0,1,双平,S,2996.0000,2995.8000,2995.6000,2995.4000,2995.2000,2996.4000,2997.2000,2997.6000,2997.8000,2998.0000,1,3,8,5,4,4,9,2,3,3
SF,IH2001,2019-12-25 09:32:08.200,2996.4000,25402,-1,509995680.000,1,0,1,双平,S,2996.0000,2995.8000,2995.6000,2995.4000,2995.2000,2996.4000,2996.8000,2997.2000,2997.6000,2997.8000,1,4,8,5,4,3,1,9,2,3
SF,IH2001,2019-12-25 09:32:08.700,2996.4000,25401,-1,510894600.000,1,0,1,双平,S,2996.0000,2995.8000,2995.6000,2995.4000,2995.2000,2996.4000,2996.8000,2997.2000,2997.6000,2997.8000,2,4,8,5,4,2,1,9,2,3
SF,IH2001,2019-12-25 09:32:09.200,2996.4000,25398,-3,513591360.000,3,0,3,双平,S,2996.6000,2996.0000,2995.8000,2995.6000,2995.4000,2996.8000,2997.2000,2997.6000,2997.8000,2998.0000,1,2,4,8,5,1,9,2,3,3
SF,IH2001,2019-12-25 09:32:09.700,2996.6000,25397,-1,514490340.000,1,0,1,双平,S,2996.0000,2995.8000,2995.6000,2995.4000,2995.2000,2996.4000,2996.6000,2996.8000,2997.0000,2997.2000,3,3,8,5,4,7,22,6,1,9
SF,IH2001,2019-12-25 09:32:10.200,2996.4000,25397,0,517187100.000,3,1,2,多换,S,2996.0000,2995.8000,2995.6000,2995.4000,2995.2000,2996.4000,2996.6000,2996.8000,2997.0000,2997.2000,7,3,6,5,4,3,18,6,1,9
SF,IH2001,2019-12-25 09:32:10.700,2996.4000,25398,1,518086020.000,1,1,0,双开,S,2996.0000,2995.8000,2995.6000,2995.4000,2995.2000,2996.6000,2996.8000,2997.0000,2997.2000,2997.6000,7,3,6,5,4,13,6,1,9,2
SF,IH2001,2019-12-25 09:32:11.200,2996.6000,25393,-5,524378460.000,7,1,6,多平,S,2996.0000,2995.8000,2995.6000,2995.4000,2995.2000,2996.6000,2996.8000,2997.0000,2997.2000,2997.6000,4,4,6,5,4,9,6,1,9,2
SF,IH2001,2019-12-25 09:32:11.700,2996.4000,25389,-4,528873300.000,5,0,5,多平,S,2996.2000,2996.0000,2995.8000,2995.6000,2995.4000,2996.6000,2996.8000,2997.2000,2997.6000,2997.8000,5,4,4,6,5,1,3,9,2,3
SF,IH2001,2019-12-25 09:32:12.200,2996.4000,25388,-1,529772220.000,1,0,1,双平,S,2996.4000,2996.2000,2996.0000,2995.8000,2995.6000,2996.8000,2997.2000,2997.6000,2997.8000,2998.0000,1,5,4,3,6,3,9,2,3,3
SF,IH2001,2019-12-25 09:32:12.700,2996.4000,25388,0,529772220.000,0,-,-,-,-,2996.6000,2996.4000,2996.0000,2995.8000,2995.6000,2996.8000,2997.0000,2997.2000,2997.6000,2997.8000,1,2,4,3,6,3,1,9,2,3
SF,IH2001,2019-12-25 09:32:13.200,2996.6000,25387,-1,530671200.000,1,0,1,双平,S,2996.4000,2996.0000,2995.8000,2995.6000,2995.4000,2996.8000,2997.0000,2997.2000,2997.6000,2997.8000,2,4,3,6,5,3,1,9,2,3
SF,IH2001,2019-12-25 09:32:13.700,2996.6000,25384,-3,534267000.000,4,0,4,多平,S,2996.2000,2996.0000,2995.8000,2995.6000,2995.4000,2996.6000,2996.8000,2997.0000,2997.2000,2997.6000,1,5,3,6,5,7,3,1,9,2
SF,IH2001,2019-12-25 09:32:14.200,2996.6000,25382,-2,536064960.000,2,0,2,双平,S,2996.2000,2996.0000,2995.8000,2995.6000,2995.4000,2996.6000,2996.8000,2997.0000,2997.2000,2997.6000,4,5,3,6,5,4,3,1,9,2
SF,IH2001,2019-12-25 09:32:14.700,2996.6000,25382,0,536064960.000,0,-,-,-,-,2996.2000,2996.0000,2995.8000,2995.6000,2995.4000,2996.6000,2996.8000,2997.0000,2997.2000,2997.6000,4,4,3,6,5,4,3,2,9,2
SF,IH2001,2019-12-25 09:32:15.200,2996.6000,25381,-1,536963940.000,1,0,1,双平,S,2996.2000,2996.0000,2995.8000,2995.6000,2995.4000,2996.6000,2996.8000,2997.0000,2997.2000,2997.6000,4,4,3,6,5,3,3,2,9,2
SF,IH2001,2019-12-25 09:32:15.700,2996.6000,25381,0,536963940.000,0,-,-,-,-,2996.2000,2996.0000,2995.8000,2995.6000,2995.4000,2996.6000,2996.8000,2997.0000,2997.2000,2997.6000,4,4,3,6,5,1,3,2,9,2
SF,IH2001,2019-12-25 09:32:16.200,2996.6000,25381,0,536963940.000,0,-,-,-,-,2996.2000,2996.0000,2995.8000,2995.6000,2995.4000,2996.6000,2996.8000,2997.0000,2997.2000,2997.6000,4,4,3,6,5,2,3,2,9,2
SF,IH2001,2019-12-25 09:32:16.700,2996.4000,25381,0,537862860.000,1,0,1,多换,S,2996.2000,2996.0000,2995.8000,2995.6000,2995.4000,2996.6000,2996.8000,2997.0000,2997.2000,2997.6000,3,4,3,6,5,2,3,2,9,2
SF,IH2001,2019-12-25 09:32:17.200,2996.2000,25380,-1,538761720.000,1,0,1,双平,S,2996.2000,2996.0000,2995.8000,2995.6000,2995.4000,2996.6000,2996.8000,2997.0000,2997.2000,2997.6000,2,4,3,6,5,2,3,2,9,2
SF,IH2001,2019-12-25 09:32:17.700,2996.4000,25379,-1,539660640.000,1,0,1,双平,S,2996.2000,2996.0000,2995.8000,2995.6000,2995.4000,2996.4000,2996.6000,2996.8000,2997.0000,2997.2000,3,4,3,6,5,1,2,2,2,9
SF,IH2001,2019-12-25 09:32:18.200,2996.2000,25376,-3,542357220.000,3,0,3,双平,S,2996.0000,2995.8000,2995.6000,2995.4000,2995.2000,2996.2000,2996.4000,2996.6000,2996.8000,2997.0000,4,3,6,5,4,8,2,1,2,2
SF,IH2001,2019-12-25 09:32:18.700,2996.2000,25367,-9,550446960.000,9,0,9,双平,S,2996.0000,2995.8000,2995.6000,2995.4000,2995.2000,2996.4000,2996.6000,2996.8000,2997.0000,2997.2000,4,4,6,5,4,1,1,2,2,8
SF,IH2001,2019-12-25 09:32:19.200,2996.2000,25366,-1,551345820.000,1,0,1,双平,S,2996.0000,2995.8000,2995.6000,2995.4000,2995.2000,2996.4000,2996.6000,2996.8000,2997.0000,2997.2000,4,4,6,5,4,1,1,2,2,8
SF,IH2001,2019-12-25 09:32:19.700,2996.0000,25363,-3,554941020.000,4,0,4,多平,S,2995.8000,2995.6000,2995.4000,2995.2000,2995.0000,2996.0000,2996.4000,2996.6000,2996.8000,2997.0000,5,7,5,4,12,7,1,1,2,2
SF,IH2001,2019-12-25 09:32:20.200,2996.0000,25357,-6,562131420.000,8,1,7,多平,S,2996.4000,2996.0000,2995.8000,2995.6000,2995.4000,2996.6000,2996.8000,2997.0000,2997.2000,2997.6000,1,7,7,7,4,1,2,2,8,2
SF,IH2001,2019-12-25 09:32:20.700,2996.0000,25356,-1,563929140.000,2,0,2,多平,S,2996.0000,2995.8000,2995.6000,2995.4000,2995.2000,2996.2000,2996.6000,2996.8000,2997.0000,2997.2000,7,5,7,4,4,1,1,2,2,8
SF,IH2001,2019-12-25 09:32:21.200,2996.2000,25354,-2,565726860.000,2,0,2,双平,S,2996.2000,2996.0000,2995.8000,2995.6000,2995.4000,2996.6000,2996.8000,2997.0000,2997.2000,2997.6000,5,6,6,7,4,1,2,2,8,2
SF,IH2001,2019-12-25 09:32:21.700,2996.2000,25353,-1,566625720.000,1,0,1,双平,S,2996.0000,2995.8000,2995.6000,2995.4000,2995.2000,2996.6000,2996.8000,2997.0000,2997.2000,2997.6000,7,6,7,4,5,1,4,2,8,2
SF,IH2001,2019-12-25 09:32:22.200,2996.2000,25353,0,566625720.000,0,-,-,-,-,2996.0000,2995.8000,2995.6000,2995.4000,2995.2000,2996.4000,2996.6000,2996.8000,2997.0000,2997.2000,9,6,7,4,5,3,1,4,2,8
SF,IH2001,2019-12-25 09:32:22.700,2996.4000,25352,-1,567524640.000,1,0,1,双平,S,2996.2000,2996.0000,2995.8000,2995.6000,2995.4000,2996.4000,2996.6000,2996.8000,2997.0000,2997.2000,2,7,4,7,4,2,1,4,2,8
SF,IH2001,2019-12-25 09:32:23.700,2996.4000,25352,0,567524640.000,0,-,-,-,-,2996.2000,2996.0000,2995.8000,2995.6000,2995.4000,2996.6000,2996.8000,2997.0000,2997.2000,2997.6000,2,7,4,7,4,1,4,2,8,2
SF,IH2001,2019-12-25 09:32:24.200,2996.4000,25352,0,567524640.000,0,-,-,-,-,2996.2000,2996.0000,2995.8000,2995.6000,2995.4000,2996.4000,2996.6000,2996.8000,2997.0000,2997.2000,2,7,4,7,4,1,2,4,2,8
SF,IH2001,2019-12-25 09:32:24.700,2996.0000,25349,-3,571120080.000,4,0,4,多平,S,2996.0000,2995.8000,2995.6000,2995.4000,2995.2000,2996.4000,2996.6000,2996.8000,2997.0000,2997.2000,7,4,7,4,5,1,1,4,2,8
SF,IH2001,2019-12-25 09:32:25.200,2996.4000,25348,-1,572019000.000,1,0,1,双平,S,2996.4000,2996.2000,2996.0000,2995.8000,2995.6000,2996.6000,2996.8000,2997.0000,2997.2000,2997.6000,1,1,8,3,7,1,4,2,8,2
SF,IH2001,2019-12-25 09:32:25.700,2996.4000,25348,0,572019000.000,0,-,-,-,-,2996.4000,2996.2000,2996.0000,2995.8000,2995.6000,2996.6000,2996.8000,2997.0000,2997.2000,2997.6000,1,1,7,3,7,1,4,2,8,2
SF,IH2001,2019-12-25 09:32:26.200,2996.4000,25347,-1,572917920.000,1,0,1,双平,S,2996.2000,2996.0000,2995.8000,2995.6000,2995.4000,2996.6000,2996.8000,2997.0000,2997.2000,2997.6000,3,6,3,7,4,1,4,2,8,2
SF,IH2001,2019-12-25 09:32:26.700,2996.4000,25347,0,572917920.000,0,-,-,-,-,2996.2000,2996.0000,2995.8000,2995.6000,2995.4000,2996.6000,2996.8000,2997.0000,2997.2000,2997.6000,3,6,3,7,4,1,4,2,8,2
SF,IH2001,2019-12-25 09:32:27.200,2996.6000,25346,-1,573816900.000,1,0,1,双平,S,2996.2000,2996.0000,2995.8000,2995.6000,2995.4000,2996.8000,2997.0000,2997.2000,2997.6000,2997.8000,3,6,3,7,4,4,3,8,2,3
SF,IH2001,2019-12-25 09:32:27.700,2996.6000,25346,0,573816900.000,0,-,-,-,-,2996.2000,2996.0000,2995.8000,2995.6000,2995.4000,2996.6000,2996.8000,2997.0000,2997.2000,2997.6000,5,6,3,7,4,3,4,3,8,2
SF,IH2001,2019-12-25 09:32:28.200,2996.6000,25343,-3,576513840.000,3,0,3,双平,S,2996.4000,2996.2000,2996.0000,2995.8000,2995.6000,2996.8000,2997.0000,2997.2000,2997.6000,2997.8000,1,5,6,3,7,4,3,8,2,3
SF,IH2001,2019-12-25 09:32:28.700,2996.6000,25344,1,578311740.000,2,1,1,空开,S,2996.2000,2996.0000,2995.8000,2995.6000,2995.4000,2996.8000,2997.0000,2997.2000,2997.6000,2997.8000,5,5,3,7,4,4,3,8,2,3
SF,IH2001,2019-12-25 09:32:29.200,2996.6000,25344,0,578311740.000,0,-,-,-,-,2996.6000,2996.2000,2996.0000,2995.8000,2995.6000,2996.8000,2997.0000,2997.2000,2997.6000,2997.8000,1,6,6,3,7,4,3,8,2,3
SF,IH2001,2019-12-25 09:32:29.700,2996.6000,25343,-1,579210720.000,1,0,1,双平,S,2996.2000,2996.0000,2995.8000,2995.6000,2995.4000,2996.8000,2997.0000,2997.2000,2997.6000,2997.8000,6,6,3,7,4,4,3,8,2,3
SF,IH2001,2019-12-25 09:32:30.200,2996.6000,25343,0,579210720.000,0,-,-,-,-,2996.2000,2996.0000,2995.8000,2995.6000,2995.4000,2996.8000,2997.0000,2997.2000,2997.6000,2997.8000,6,7,3,7,4,6,3,8,2,3
SF,IH2001,2019-12-25 09:32:31.200,2996.6000,25343,0,579210720.000,0,-,-,-,-,2996.2000,2996.0000,2995.8000,2995.6000,2995.4000,2996.8000,2997.0000,2997.2000,2997.6000,2997.8000,5,6,3,7,4,6,3,8,2,3
SF,IH2001,2019-12-25 09:32:31.700,2996.6000,25343,0,579210720.000,0,-,-,-,-,2996.2000,2996.0000,2995.8000,2995.6000,2995.4000,2996.8000,2997.0000,2997.2000,2997.6000,2997.8000,6,6,3,7,4,6,3,8,2,3
SF,IH2001,2019-12-25 09:32:32.200,2996.6000,25343,0,579210720.000,0,-,-,-,-,2996.4000,2996.2000,2996.0000,2995.8000,2995.6000,2996.8000,2997.0000,2997.2000,2997.6000,2997.8000,1,6,6,3,7,6,3,8,2,3
SF,IH2001,2019-12-25 09:32:32.700,2996.6000,25343,0,579210720.000,0,-,-,-,-,2996.4000,2996.2000,2996.0000,2995.8000,2995.6000,2996.8000,2997.0000,2997.2000,2997.6000,2997.8000,1,5,6,3,7,6,3,8,2,3
SF,IH2001,2019-12-25 09:32:33.200,2996.6000,25343,0,579210720.000,0,-,-,-,-,2996.4000,2996.2000,2996.0000,2995.8000,2995.6000,2996.8000,2997.0000,2997.2000,2997.6000,2997.8000,1,5,6,3,7,6,3,3,2,3
SF,IH2001,2019-12-25 09:32:33.700,2996.6000,25343,0,579210720.000,0,-,-,-,-,2996.4000,2996.2000,2996.0000,2995.8000,2995.6000,2996.8000,2997.0000,2997.2000,2997.6000,2997.8000,1,5,5,3,7,6,3,3,2,3
SF,IH2001,2019-12-25 09:32:34.200,2996.6000,25343,0,579210720.000,0,-,-,-,-,2996.4000,2996.2000,2996.0000,2995.8000,2995.6000,2996.6000,2996.8000,2997.0000,2997.2000,2997.6000,1,5,5,3,7,4,6,3,3,2
SF,IH2001,2019-12-25 09:32:34.700,2996.6000,25343,0,579210720.000,0,-,-,-,-,2996.4000,2996.2000,2996.0000,2995.8000,2995.6000,2996.6000,2996.8000,2997.0000,2997.2000,2997.6000,1,5,6,3,7,6,4,3,3,2
SF,IH2001,2019-12-25 09:32:35.700,2996.6000,25343,0,579210720.000,0,-,-,-,-,2996.4000,2996.2000,2996.0000,2995.8000,2995.6000,2996.6000,2996.8000,2997.0000,2997.2000,2997.6000,1,5,8,3,7,7,4,3,3,2
SF,IH2001,2019-12-25 09:32:36.200,2996.6000,25343,0,579210720.000,0,-,-,-,-,2996.4000,2996.2000,2996.0000,2995.8000,2995.6000,2996.6000,2996.8000,2997.0000,2997.2000,2997.6000,1,5,8,3,7,4,4,3,3,2
SF,IH2001,2019-12-25 09:32:36.700,2996.6000,25341,-2,581008680.000,2,0,2,双平,S,2996.4000,2996.2000,2996.0000,2995.8000,2995.6000,2996.6000,2996.8000,2997.0000,2997.2000,2997.6000,1,5,8,3,7,2,4,3,3,2
SF,IH2001,2019-12-25 09:32:37.200,2996.6000,25341,0,581008680.000,0,-,-,-,-,2996.4000,2996.2000,2996.0000,2995.8000,2995.6000,2996.6000,2996.8000,2997.0000,2997.2000,2997.6000,1,5,8,3,7,3,4,3,3,2
SF,IH2001,2019-12-25 09:32:37.700,2996.6000,25340,-1,582806640.000,2,0,2,多平,S,2996.4000,2996.2000,2996.0000,2995.8000,2995.6000,2996.6000,2996.8000,2997.0000,2997.2000,2997.6000,1,5,8,3,7,1,4,3,3,2
SF,IH2001,2019-12-25 09:32:38.700,2996.6000,25340,0,582806640.000,0,-,-,-,-,2996.4000,2996.2000,2996.0000,2995.8000,2995.6000,2996.6000,2996.8000,2997.0000,2997.2000,2997.6000,1,5,9,3,7,1,4,3,3,2
SF,IH2001,2019-12-25 09:32:39.200,2996.6000,25340,0,582806640.000,0,-,-,-,-,2996.4000,2996.2000,2996.0000,2995.8000,2995.6000,2996.6000,2996.8000,2997.0000,2997.2000,2997.6000,4,5,8,3,7,2,4,3,3,2
SF,IH2001,2019-12-25 09:32:39.700,2996.6000,25340,0,582806640.000,0,-,-,-,-,2996.4000,2996.2000,2996.0000,2995.8000,2995.6000,2996.6000,2996.8000,2997.0000,2997.2000,2997.6000,4,5,8,3,7,4,4,3,3,2
SF,IH2001,2019-12-25 09:32:40.200,2996.6000,25340,0,583705620.000,1,0,1,多换,S,2996.4000,2996.2000,2996.0000,2995.8000,2995.6000,2996.6000,2996.8000,2997.0000,2997.2000,2997.6000,5,5,8,3,7,3,4,3,3,2
SF,IH2001,2019-12-25 09:32:40.700,2996.6000,25340,0,584604600.000,1,0,1,多换,S,2996.4000,2996.2000,2996.0000,2995.8000,2995.6000,2996.6000,2996.8000,2997.0000,2997.2000,2997.6000,5,5,8,3,7,2,4,4,3,2
SF,IH2001,2019-12-25 09:32:41.200,2996.6000,25340,0,584604600.000,0,-,-,-,-,2996.4000,2996.2000,2996.0000,2995.8000,2995.6000,2996.6000,2996.8000,2997.0000,2997.2000,2997.6000,6,5,8,3,7,3,4,4,3,2
SF,IH2001,2019-12-25 09:32:41.700,2996.6000,25340,0,584604600.000,0,-,-,-,-,2996.4000,2996.2000,2996.0000,2995.8000,2995.6000,2996.6000,2996.8000,2997.0000,2997.2000,2997.6000,6,5,8,3,7,3,4,4,3,2
SF,IH2001,2019-12-25 09:32:42.200,2996.6000,25340,0,585503580.000,1,0,1,多换,S,2996.4000,2996.2000,2996.0000,2995.8000,2995.6000,2996.6000,2996.8000,2997.0000,2997.2000,2997.6000,6,5,8,3,7,2,4,4,3,2
SF,IH2001,2019-12-25 09:32:42.700,2996.4000,25339,-1,587301480.000,2,0,2,多平,S,2996.4000,2996.2000,2996.0000,2995.8000,2995.6000,2996.6000,2996.8000,2997.0000,2997.2000,2997.6000,5,5,7,3,7,1,4,4,3,2
SF,IH2001,2019-12-25 09:32:43.700,2996.4000,25339,0,588200400.000,1,0,1,多换,S,2996.4000,2996.2000,2996.0000,2995.8000,2995.6000,2996.6000,2996.8000,2997.0000,2997.2000,2997.6000,4,5,7,3,7,1,4,4,3,2
SF,IH2001,2019-12-25 09:32:44.200,2996.4000,25339,0,588200400.000,0,-,-,-,-,2996.4000,2996.2000,2996.0000,2995.8000,2995.6000,2996.6000,2996.8000,2997.0000,2997.2000,2997.6000,4,5,7,3,6,1,4,4,3,2
SF,IH2001,2019-12-25 09:32:44.700,2996.4000,25339,0,588200400.000,0,-,-,-,-,2996.4000,2996.2000,2996.0000,2995.8000,2995.6000,2996.6000,2996.8000,2997.0000,2997.2000,2997.6000,5,5,7,3,6,1,4,4,3,2
SF,IH2001,2019-12-25 09:32:45.200,2996.4000,25339,0,588200400.000,0,-,-,-,-,2996.4000,2996.2000,2996.0000,2995.8000,2995.6000,2996.6000,2996.8000,2997.0000,2997.2000,2997.6000,5,5,8,3,6,2,4,4,3,2
SF,IH2001,2019-12-25 09:32:46.200,2996.4000,25336,-3,590897160.000,3,0,3,双平,S,2996.4000,2996.2000,2996.0000,2995.8000,2995.6000,2996.6000,2996.8000,2997.0000,2997.2000,2997.6000,1,5,8,3,6,1,4,4,3,2
SF,IH2001,2019-12-25 09:32:46.700,2996.4000,25333,-3,593594040.000,3,0,3,双平,S,2996.2000,2996.0000,2995.8000,2995.6000,2995.4000,2996.4000,2996.8000,2997.0000,2997.2000,2997.6000,5,8,3,6,1,6,4,4,3,2
SF,IH2001,2019-12-25 09:32:47.200,2996.4000,25332,-1,594492960.000,1,0,1,双平,S,2996.2000,2996.0000,2995.8000,2995.6000,2995.4000,2996.4000,2996.8000,2997.0000,2997.2000,2997.6000,5,8,3,6,1,5,3,4,3,2
SF,IH2001,2019-12-25 09:32:47.700,2996.4000,25331,-1,595391880.000,1,0,1,双平,S,2996.2000,2996.0000,2995.8000,2995.6000,2995.4000,2996.4000,2996.8000,2997.0000,2997.2000,2997.6000,5,8,3,6,1,5,3,4,3,2
SF,IH2001,2019-12-25 09:32:48.200,2996.4000,25330,-1,597189720.000,2,0,2,多平,S,2996.2000,2996.0000,2995.8000,2995.6000,2995.4000,2996.4000,2996.8000,2997.0000,2997.2000,2997.6000,5,8,3,6,1,3,3,4,3,2
SF,IH2001,2019-12-25 09:32:48.700,2996.4000,25330,0,597189720.000,0,-,-,-,-,2996.2000,2996.0000,2995.8000,2995.6000,2995.4000,2996.4000,2996.8000,2997.0000,2997.2000,2997.6000,5,8,3,6,1,3,3,4,3,2
SF,IH2001,2019-12-25 09:32:50.200,2996.4000,25329,-1,598987560.000,2,0,2,多平,S,2996.2000,2996.0000,2995.8000,2995.6000,2995.4000,2996.4000,2996.8000,2997.0000,2997.2000,2997.6000,5,8,3,6,1,1,3,4,3,2
SF,IH2001,2019-12-25 09:32:50.700,2996.4000,25329,0,599886480.000,1,0,1,多换,S,2996.4000,2996.2000,2996.0000,2995.8000,2995.6000,2996.8000,2997.0000,2997.2000,2997.6000,2997.8000,1,5,8,3,6,3,4,3,2,3
SF,IH2001,2019-12-25 09:32:51.200,2996.4000,25329,0,599886480.000,0,-,-,-,-,2996.4000,2996.2000,2996.0000,2995.8000,2995.6000,2996.8000,2997.0000,2997.2000,2997.6000,2997.8000,3,5,8,3,6,3,4,3,2,3
SF,IH2001,2019-12-25 09:32:52.200,2996.4000,25329,0,599886480.000,0,-,-,-,-,2996.4000,2996.2000,2996.0000,2995.8000,2995.6000,2996.8000,2997.0000,2997.2000,2997.6000,2997.8000,3,5,8,3,6,3,4,3,2,3
SF,IH2001,2019-12-25 09:32:52.700,2996.4000,25329,0,599886480.000,0,-,-,-,-,2996.4000,2996.2000,2996.0000,2995.8000,2995.6000,2996.8000,2997.0000,2997.2000,2997.6000,2997.8000,4,5,8,3,6,3,4,3,2,3
SF,IH2001,2019-12-25 09:32:53.700,2996.8000,25328,-1,601684560.000,2,0,2,多平,S,2996.4000,2996.2000,2996.0000,2995.8000,2995.6000,2996.8000,2997.0000,2997.2000,2997.6000,2997.8000,4,5,8,3,6,1,4,3,2,3
SF,IH2001,2019-12-25 09:32:54.200,2996.8000,25328,0,601684560.000,0,-,-,-,-,2996.4000,2996.2000,2996.0000,2995.8000,2995.6000,2996.6000,2996.8000,2997.0000,2997.2000,2997.6000,3,5,8,3,6,1,1,4,3,2
SF,IH2001,2019-12-25 09:32:54.700,2996.8000,25328,0,601684560.000,0,-,-,-,-,2996.4000,2996.2000,2996.0000,2995.8000,2995.6000,2996.6000,2996.8000,2997.0000,2997.2000,2997.6000,3,6,8,3,6,1,1,4,3,2
SF,IH2001,2019-12-25 09:32:55.200,2996.6000,25327,-1,602583540.000,1,0,1,双平,S,2996.4000,2996.2000,2996.0000,2995.8000,2995.6000,2996.8000,2997.0000,2997.2000,2997.6000,2997.8000,4,6,8,3,6,1,4,3,2,3
SF,IH2001,2019-12-25 09:32:55.700,2996.8000,25327,0,603482580.000,1,0,1,多换,S,2996.6000,2996.4000,2996.2000,2996.0000,2995.8000,2997.0000,2997.2000,2997.6000,2997.8000,2998.2000,1,4,6,8,3,4,3,2,3,6
SF,IH2001,2019-12-25 09:32:56.200,2996.6000,25327,0,604381560.000,1,0,1,多换,S,2996.4000,2996.2000,2996.0000,2995.8000,2995.6000,2997.0000,2997.2000,2997.6000,2997.8000,2998.2000,4,6,8,3,6,4,3,2,3,6
SF,IH2001,2019-12-25 09:32:56.700,2996.6000,25327,0,604381560.000,0,-,-,-,-,2996.4000,2996.2000,2996.0000,2995.8000,2995.6000,2997.0000,2997.2000,2997.6000,2997.8000,2998.2000,5,6,8,3,6,5,3,2,3,6
SF,IH2001,2019-12-25 09:32:57.200,2996.6000,25327,0,605280540.000,1,0,1,多换,S,2996.4000,2996.2000,2996.0000,2995.8000,2995.6000,2996.8000,2997.0000,2997.2000,2997.6000,2997.8000,5,6,8,3,6,1,5,3,2,3
SF,IH2001,2019-12-25 09:32:57.700,2996.6000,25327,0,605280540.000,0,-,-,-,-,2996.4000,2996.2000,2996.0000,2995.8000,2995.6000,2996.8000,2997.0000,2997.2000,2997.6000,2997.8000,5,6,8,3,6,1,5,3,2,3
SF,IH2001,2019-12-25 09:32:58.200,2996.8000,25326,-1,606179580.000,1,0,1,双平,S,2996.4000,2996.2000,2996.0000,2995.8000,2995.6000,2997.0000,2997.2000,2997.6000,2997.8000,2998.2000,5,6,8,3,6,6,3,2,3,6
SF,IH2001,2019-12-25 09:32:58.700,2996.4000,25326,0,607977480.000,2,1,1,多换,S,2996.4000,2996.2000,2996.0000,2995.8000,2995.6000,2997.0000,2997.2000,2997.6000,2997.8000,2998.2000,4,6,8,3,6,6,3,2,3,6
SF,IH2001,2019-12-25 09:32:59.200,2996.4000,25324,-2,611573280.000,4,1,3,多平,S,2996.4000,2996.2000,2996.0000,2995.8000,2995.6000,2996.8000,2997.0000,2997.2000,2997.6000,2997.8000,1,6,8,3,6,4,6,3,2,3
SF,IH2001,2019-12-25 09:32:59.700,2996.4000,25323,-1,612472200.000,1,0,1,双平,S,2996.2000,2996.0000,2995.8000,2995.6000,2995.4000,2996.8000,2997.0000,2997.2000,2997.6000,2997.8000,6,7,3,6,1,6,6,2,2,3
SF,IH2001,2019-12-25 09:33:00.200,2996.4000,25323,0,612472200.000,0,-,-,-,-,2996.2000,2996.0000,2995.8000,2995.6000,2995.4000,2996.6000,2996.8000,2997.0000,2997.2000,2997.6000,6,7,3,6,1,1,6,6,2,2
SF,IH2001,2019-12-25 09:33:00.700,2996.2000,25323,0,613371060.000,1,0,1,多换,S,2996.2000,2996.0000,2995.8000,2995.6000,2995.4000,2996.4000,2996.6000,2996.8000,2997.0000,2997.2000,5,7,3,6,1,1,1,6,6,2
SF,IH2001,2019-12-25 09:33:01.200,2996.0000,25315,-8,621460560.000,9,0,9,多平,S,2996.0000,2995.8000,2995.6000,2995.4000,2995.2000,2996.2000,2996.4000,2996.8000,2997.0000,2997.2000,3,3,6,1,6,3,2,7,6,2
SF,IH2001,2019-12-25 09:33:01.700,2996.0000,25310,-5,626853240.000,6,0,6,多平,S,2995.8000,2995.6000,2995.4000,2995.2000,2995.0000,2996.0000,2996.2000,2996.4000,2996.8000,2997.0000,1,6,1,6,19,4,4,2,7,6
SF,IH2001,2019-12-25 09:33:02.200,2995.6000,25307,-3,631347060.000,5,1,4,多平,S,2995.6000,2995.4000,2995.2000,2995.0000,2994.6000,2996.0000,2996.2000,2996.4000,2996.8000,2997.0000,6,1,6,19,1,3,2,2,8,6
SF,IH2001,2019-12-25 09:33:02.700,2995.8000,25305,-2,635840640.000,5,1,4,多平,S,2995.6000,2995.4000,2995.2000,2995.0000,2994.6000,2995.8000,2996.0000,2996.2000,2996.4000,2996.8000,3,3,6,19,1,2,3,2,2,7
SF,IH2001,2019-12-25 09:33:03.200,2995.6000,25299,-6,642131340.000,7,0,7,多平,S,2995.4000,2995.2000,2995.0000,2994.6000,2994.4000,2995.6000,2995.8000,2996.0000,2996.2000,2996.4000,2,6,17,1,2,1,4,3,2,2
SF,IH2001,2019-12-25 09:33:03.700,2995.6000,25291,-8,649320480.000,8,0,8,双平,S,2995.2000,2995.0000,2994.6000,2994.4000,2994.2000,2995.6000,2995.8000,2996.0000,2996.2000,2996.4000,6,17,1,2,1,2,3,3,2,2
SF,IH2001,2019-12-25 09:33:04.200,2995.6000,25291,0,649320480.000,0,-,-,-,-,2995.2000,2995.0000,2994.6000,2994.4000,2994.2000,2995.6000,2995.8000,2996.0000,2996.2000,2996.4000,6,19,1,2,1,2,3,3,2,2
SF,IH2001,2019-12-25 09:33:04.700,2995.6000,25291,0,649320480.000,0,-,-,-,-,2995.4000,2995.2000,2995.0000,2994.6000,2994.4000,2995.6000,2995.8000,2996.0000,2996.2000,2996.4000,4,7,19,1,2,2,3,3,1,2
SF,IH2001,2019-12-25 09:33:05.200,2995.2000,25288,-3,654712320.000,6,1,5,多平,S,2995.2000,2995.0000,2994.6000,2994.4000,2994.2000,2995.8000,2996.0000,2996.2000,2996.4000,2996.8000,4,19,1,2,1,3,1,1,2,3
SF,IH2001,2019-12-25 09:33:05.700,2995.4000,25286,-2,658307100.000,4,1,3,多平,S,2995.4000,2995.2000,2995.0000,2994.6000,2994.4000,2995.8000,2996.0000,2996.2000,2996.4000,2996.8000,3,4,17,1,2,1,1,1,2,3
SF,IH2001,2019-12-25 09:33:06.200,2995.4000,25284,-2,661002960.000,3,0,3,多平,S,2995.2000,2995.0000,2994.6000,2994.4000,2994.2000,2995.6000,2995.8000,2996.0000,2996.2000,2996.4000,4,17,1,2,1,1,1,1,1,2
SF,IH2001,2019-12-25 09:33:06.700,2995.6000,25283,-1,663699000.000,3,1,2,多平,S,2995.6000,2995.4000,2995.2000,2995.0000,2994.6000,2995.8000,2996.0000,2996.2000,2996.4000,2996.8000,1,1,4,17,1,1,1,1,2,3
SF,IH2001,2019-12-25 09:33:07.200,2995.6000,25282,-1,664597680.000,1,0,1,双平,S,2995.2000,2995.0000,2994.6000,2994.4000,2994.2000,2995.6000,2995.8000,2996.0000,2996.2000,2996.4000,4,17,1,2,1,3,2,1,1,2
SF,IH2001,2019-12-25 09:33:07.700,2995.8000,25278,-4,668192460.000,4,0,4,双平,S,2995.6000,2995.4000,2995.2000,2995.0000,2994.6000,2995.8000,2996.0000,2996.2000,2996.4000,2996.8000,2,4,4,18,1,1,1,1,2,3
SF,IH2001,2019-12-25 09:33:08.200,2995.8000,25277,-1,669091200.000,1,0,1,双平,S,2995.4000,2995.2000,2995.0000,2994.6000,2994.4000,2996.0000,2996.2000,2996.4000,2996.8000,2997.0000,1,4,17,1,2,1,1,2,3,8
SF,IH2001,2019-12-25 09:33:08.700,2996.0000,25274,-3,671787480.000,3,0,3,双平,S,2995.8000,2995.6000,2995.4000,2995.2000,2995.0000,2996.2000,2996.4000,2996.8000,2997.0000,2997.2000,1,1,1,4,17,1,2,3,8,2
SF,IH2001,2019-12-25 09:33:09.200,2995.8000,25269,-5,676281000.000,5,0,5,双平,S,2995.2000,2995.0000,2994.6000,2994.4000,2994.2000,2995.8000,2996.0000,2996.2000,2996.4000,2996.8000,4,17,1,2,1,5,1,3,2,3
SF,IH2001,2019-12-25 09:33:09.700,2995.8000,25269,0,676281000.000,0,-,-,-,-,2995.6000,2995.2000,2995.0000,2994.6000,2994.4000,2995.8000,2996.0000,2996.2000,2996.4000,2996.8000,2,8,18,1,2,6,1,2,2,3
SF,IH2001,2019-12-25 09:33:10.200,2995.8000,25269,0,676281000.000,0,-,-,-,-,2995.2000,2995.0000,2994.6000,2994.4000,2994.2000,2995.8000,2996.0000,2996.2000,2996.4000,2996.8000,9,17,1,2,1,7,1,2,2,3
SF,IH2001,2019-12-25 09:33:10.700,2995.8000,25269,0,676281000.000,0,-,-,-,-,2995.2000,2995.0000,2994.6000,2994.4000,2994.2000,2995.6000,2995.8000,2996.2000,2996.4000,2996.8000,9,18,1,2,1,2,7,1,2,3
SF,IH2001,2019-12-25 09:33:11.200,2995.4000,25268,-1,677179620.000,1,0,1,双平,S,2995.2000,2995.0000,2994.6000,2994.4000,2994.2000,2995.6000,2995.8000,2996.2000,2996.4000,2996.8000,6,18,1,2,1,2,6,2,2,3
SF,IH2001,2019-12-25 09:33:11.700,2995.4000,25268,0,677179620.000,0,-,-,-,-,2995.2000,2995.0000,2994.6000,2994.4000,2994.2000,2995.6000,2995.8000,2996.2000,2996.4000,2996.8000,5,17,1,2,1,3,6,2,2,3
SF,IH2001,2019-12-25 09:33:12.200,2995.2000,25265,-3,681672420.000,5,1,4,多平,S,2995.0000,2994.6000,2994.4000,2994.2000,2994.0000,2995.6000,2995.8000,2996.2000,2996.4000,2996.8000,17,1,2,1,3,3,1,2,2,3
SF,IH2001,2019-12-25 09:33:12.700,2995.2000,25265,0,681672420.000,0,-,-,-,-,2995.0000,2994.8000,2994.6000,2994.4000,2994.2000,2995.4000,2995.6000,2995.8000,2996.2000,2996.4000,17,1,1,2,1,4,3,1,2,2
SF,IH2001,2019-12-25 09:33:13.200,2995.2000,25265,0,681672420.000,0,-,-,-,-,2995.0000,2994.8000,2994.6000,2994.4000,2994.2000,2995.4000,2995.6000,2995.8000,2996.2000,2996.4000,17,1,1,2,1,4,2,1,3,2
SF,IH2001,2019-12-25 09:33:13.700,2995.0000,25264,-1,682570920.000,1,0,1,双平,S,2995.0000,2994.8000,2994.6000,2994.4000,2994.2000,2995.4000,2995.6000,2995.8000,2996.2000,2996.4000,16,1,1,2,1,5,2,1,3,2
SF,IH2001,2019-12-25 09:33:14.200,2995.4000,25260,-4,687962520.000,6,1,5,多平,S,2995.0000,2994.8000,2994.6000,2994.4000,2994.2000,2995.6000,2995.8000,2996.2000,2996.4000,2996.8000,21,1,1,2,1,2,1,3,2,2
SF,IH2001,2019-12-25 09:33:14.700,2995.0000,25259,-1,688861020.000,1,0,1,双平,S,2995.0000,2994.8000,2994.6000,2994.4000,2994.2000,2995.6000,2995.8000,2996.2000,2996.4000,2996.8000,20,1,1,2,1,2,1,3,2,2
SF,IH2001,2019-12-25 09:33:15.200,2995.0000,25259,0,688861020.000,0,-,-,-,-,2995.0000,2994.8000,2994.6000,2994.4000,2994.2000,2995.6000,2995.8000,2996.2000,2996.4000,2996.8000,14,1,1,2,1,2,1,3,2,2
SF,IH2001,2019-12-25 09:33:15.700,2995.0000,25258,-1,689759520.000,1,0,1,双平,S,2995.0000,2994.8000,2994.6000,2994.4000,2994.2000,2995.6000,2995.8000,2996.2000,2996.4000,2996.8000,13,1,1,2,1,2,1,3,2,2
SF,IH2001,2019-12-25 09:33:16.200,2995.0000,25257,-1,691556520.000,2,0,2,多平,S,2995.0000,2994.8000,2994.6000,2994.4000,2994.2000,2995.6000,2995.8000,2996.2000,2996.4000,2996.8000,11,1,1,2,1,2,1,3,2,2
SF,IH2001,2019-12-25 09:33:16.700,2995.0000,25257,0,691556520.000,0,-,-,-,-,2995.0000,2994.8000,2994.6000,2994.4000,2994.2000,2995.6000,2995.8000,2996.2000,2996.4000,2996.8000,11,1,1,2,1,2,1,3,2,2
SF,IH2001,2019-12-25 09:33:17.200,2995.0000,25256,-1,692455020.000,1,0,1,双平,S,2995.0000,2994.8000,2994.6000,2994.4000,2994.2000,2995.4000,2995.6000,2995.8000,2996.2000,2996.4000,10,1,1,2,1,7,5,1,3,2
SF,IH2001,2019-12-25 09:33:17.700,2995.4000,25255,-1,693353640.000,1,0,1,双平,S,2995.0000,2994.8000,2994.6000,2994.4000,2994.2000,2995.4000,2995.6000,2995.8000,2996.2000,2996.4000,10,1,1,2,1,6,3,1,3,2
SF,IH2001,2019-12-25 09:33:18.200,2995.0000,25254,-1,695150760.000,2,0,2,多平,S,2995.0000,2994.8000,2994.6000,2994.4000,2994.2000,2995.4000,2995.6000,2995.8000,2996.2000,2996.4000,10,1,1,2,1,5,3,1,3,2
SF,IH2001,2019-12-25 09:33:18.700,2995.0000,25254,0,695150760.000,0,-,-,-,-,2995.2000,2995.0000,2994.8000,2994.6000,2994.4000,2995.4000,2995.6000,2995.8000,2996.2000,2996.4000,1,10,1,1,2,5,3,1,3,2
SF,IH2001,2019-12-25 09:33:19.200,2995.2000,25252,-2,697846380.000,3,0,3,多平,S,2995.0000,2994.6000,2994.4000,2994.2000,2994.0000,2995.2000,2995.4000,2995.6000,2995.8000,2996.2000,9,1,2,1,4,2,6,3,1,3
SF,IH2001,2019-12-25 09:33:19.700,2995.0000,25250,-2,699643380.000,2,0,2,双平,S,2995.0000,2994.8000,2994.6000,2994.2000,2994.0000,2995.2000,2995.4000,2995.6000,2995.8000,2996.2000,7,1,1,1,4,2,6,3,1,3
SF,IH2001,2019-12-25 09:33:20.200,2995.0000,25246,-4,705932880.000,7,1,6,多平,S,2994.6000,2994.2000,2994.0000,2993.6000,2993.4000,2995.0000,2995.2000,2995.4000,2995.6000,2995.8000,1,1,4,2,2,2,2,6,3,1
SF,IH2001,2019-12-25 09:33:20.700,2994.8000,25246,0,711323580.000,6,3,3,多换,S,2994.6000,2994.4000,2994.2000,2994.0000,2993.6000,2995.0000,2995.2000,2995.4000,2995.6000,2995.8000,3,1,2,4,4,1,1,3,3,1
SF,IH2001,2019-12-25 09:33:21.200,2995.2000,25243,-3,714019080.000,3,0,3,双平,S,2995.0000,2994.6000,2994.4000,2994.2000,2994.0000,2995.4000,2995.6000,2995.8000,2996.2000,2996.4000,1,2,3,2,4,3,3,1,2,4
SF,IH2001,2019-12-25 09:33:21.700,2994.6000,25239,-4,717612720.000,4,0,4,双平,S,2994.4000,2994.2000,2994.0000,2993.6000,2993.4000,2994.6000,2995.0000,2995.4000,2995.6000,2995.8000,2,2,4,4,2,6,1,3,3,1
SF,IH2001,2019-12-25 09:33:22.200,2994.8000,25235,-4,725698380.000,9,2,7,多平,S,2994.6000,2994.4000,2994.2000,2994.0000,2993.6000,2995.4000,2995.6000,2995.8000,2996.2000,2996.4000,10,2,2,4,4,3,3,1,2,4
SF,IH2001,2019-12-25 09:33:22.700,2995.4000,25234,-1,726597000.000,1,0,1,双平,S,2994.8000,2994.6000,2994.4000,2994.2000,2994.0000,2995.0000,2995.2000,2995.4000,2995.6000,2995.8000,4,7,1,2,4,1,1,1,3,1
SF,IH2001,2019-12-25 09:33:23.200,2995.2000,25231,-3,729292560.000,3,0,3,双平,S,2994.8000,2994.6000,2994.4000,2994.2000,2994.0000,2995.4000,2995.6000,2995.8000,2996.2000,2996.4000,4,7,1,2,4,1,3,1,2,4
SF,IH2001,2019-12-25 09:33:23.700,2995.2000,25230,-1,730191120.000,1,0,1,双平,S,2994.8000,2994.6000,2994.4000,2994.2000,2994.0000,2995.4000,2995.6000,2995.8000,2996.2000,2996.4000,2,7,1,2,4,1,3,1,2,4
SF,IH2001,2019-12-25 09:33:24.200,2995.6000,25228,-2,731988420.000,2,0,2,双平,S,2994.8000,2994.6000,2994.4000,2994.2000,2994.0000,2995.6000,2995.8000,2996.2000,2996.4000,2996.8000,2,7,1,2,4,2,1,2,4,2
SF,IH2001,2019-12-25 09:33:24.700,2995.6000,25228,0,731988420.000,0,-,-,-,-,2995.0000,2994.8000,2994.6000,2994.4000,2994.2000,2995.4000,2995.6000,2995.8000,2996.2000,2996.4000,2,4,6,1,2,1,2,1,2,4
SF,IH2001,2019-12-25 09:33:25.200,2995.6000,25228,0,731988420.000,0,-,-,-,-,2995.2000,2995.0000,2994.8000,2994.6000,2994.4000,2995.4000,2995.6000,2995.8000,2996.2000,2996.4000,1,2,2,6,1,1,2,1,2,4
SF,IH2001,2019-12-25 09:33:25.700,2995.6000,25228,0,731988420.000,0,-,-,-,-,2995.2000,2994.8000,2994.6000,2994.4000,2994.2000,2995.4000,2995.6000,2995.8000,2996.2000,2996.4000,1,2,6,1,2,1,2,1,2,4
SF,IH2001,2019-12-25 09:33:26.200,2995.4000,25228,0,734684160.000,3,1,2,多换,S,2995.0000,2994.8000,2994.6000,2994.4000,2994.2000,2995.6000,2995.8000,2996.2000,2996.4000,2996.8000,1,3,6,1,2,2,1,2,4,2
SF,IH2001,2019-12-25 09:33:26.700,2995.4000,25227,-1,735582780.000,1,0,1,双平,S,2995.0000,2994.8000,2994.6000,2994.4000,2994.2000,2995.6000,2995.8000,2996.2000,2996.4000,2996.8000,1,3,6,1,2,2,1,2,4,2
SF,IH2001,2019-12-25 09:33:27.200,2995.4000,25227,0,735582780.000,0,-,-,-,-,2995.0000,2994.8000,2994.6000,2994.4000,2994.2000,2995.4000,2995.6000,2995.8000,2996.2000,2996.4000,2,3,6,1,4,4,2,1,2,4
SF,IH2001,2019-12-25 09:33:27.700,2995.4000,25227,0,735582780.000,0,-,-,-,-,2995.0000,2994.8000,2994.6000,2994.4000,2994.2000,2995.4000,2995.6000,2996.2000,2996.4000,2996.8000,2,4,6,1,4,4,2,2,4,1
SF,IH2001,2019-12-25 09:33:28.200,2995.4000,25227,0,735582780.000,0,-,-,-,-,2995.0000,2994.8000,2994.6000,2994.4000,2994.2000,2995.4000,2995.6000,2996.2000,2996.4000,2996.8000,3,4,6,1,4,5,2,2,4,1
SF,IH2001,2019-12-25 09:33:29.200,2995.4000,25226,-1,736481400.000,1,0,1,双平,S,2995.0000,2994.8000,2994.6000,2994.4000,2994.2000,2995.4000,2995.6000,2996.2000,2996.4000,2996.8000,3,4,6,1,4,4,2,2,4,1
SF,IH2001,2019-12-25 09:33:29.700,2995.4000,25225,-1,737380020.000,1,0,1,双平,S,2995.0000,2994.8000,2994.6000,2994.4000,2994.2000,2995.4000,2995.6000,2996.2000,2996.4000,2996.8000,3,4,6,1,4,3,2,2,4,1
SF,IH2001,2019-12-25 09:33:30.200,2995.0000,25225,0,738278520.000,1,0,1,多换,S,2995.0000,2994.8000,2994.6000,2994.4000,2994.2000,2995.4000,2995.6000,2996.2000,2996.4000,2996.8000,1,4,6,1,4,3,2,2,3,1
SF,IH2001,2019-12-25 09:33:30.700,2995.0000,25224,-1,739177020.000,1,0,1,双平,S,2994.8000,2994.6000,2994.4000,2994.2000,2994.0000,2995.4000,2995.6000,2996.2000,2996.4000,2996.8000,4,6,1,4,5,3,2,2,3,1
SF,IH2001,2019-12-25 09:33:31.200,2995.0000,25224,0,739177020.000,0,-,-,-,-,2994.8000,2994.6000,2994.4000,2994.2000,2994.0000,2995.2000,2995.4000,2995.6000,2996.2000,2996.4000,4,7,1,4,5,1,3,3,2,3
SF,IH2001,2019-12-25 09:33:31.700,2995.0000,25224,0,739177020.000,0,-,-,-,-,2994.8000,2994.6000,2994.4000,2994.2000,2994.0000,2995.0000,2995.2000,2995.4000,2995.6000,2996.2000,4,7,1,4,5,1,1,1,3,2
SF,IH2001,2019-12-25 09:33:32.200,2994.8000,25223,-1,740973960.000,2,0,2,多平,S,2994.8000,2994.6000,2994.4000,2994.2000,2994.0000,2995.0000,2995.2000,2995.4000,2995.6000,2996.2000,3,6,1,4,5,1,1,1,3,2
SF,IH2001,2019-12-25 09:33:32.700,2995.0000,25222,-1,741872460.000,1,0,1,双平,S,2994.8000,2994.6000,2994.4000,2994.2000,2994.0000,2995.2000,2995.4000,2995.6000,2996.2000,2996.4000,2,7,1,4,5,2,1,3,2,3
SF,IH2001,2019-12-25 09:33:33.200,2994.6000,25222,0,746364660.000,5,2,3,多换,S,2994.6000,2994.4000,2994.2000,2994.0000,2993.6000,2994.8000,2995.2000,2995.4000,2995.6000,2996.2000,4,2,4,5,4,1,1,1,3,2
SF,IH2001,2019-12-25 09:33:33.700,2994.8000,25220,-2,748161540.000,2,0,2,双平,S,2994.6000,2994.4000,2994.2000,2994.0000,2993.6000,2995.2000,2995.4000,2995.6000,2996.2000,2996.4000,4,3,4,5,4,1,1,3,2,3
SF,IH2001,2019-12-25 09:33:34.200,2994.8000,25220,0,748161540.000,0,-,-,-,-,2994.6000,2994.4000,2994.2000,2994.0000,2993.6000,2995.0000,2995.2000,2995.4000,2995.6000,2996.2000,4,4,4,5,4,1,1,1,3,2
SF,IH2001,2019-12-25 09:33:34.700,2995.0000,25217,-3,750857040.000,3,0,3,双平,S,2995.0000,2994.8000,2994.6000,2994.4000,2994.2000,2995.2000,2995.4000,2995.6000,2996.2000,2996.4000,4,6,9,4,4,1,1,3,2,3
SF,IH2001,2019-12-25 09:33:35.200,2995.0000,25216,-1,751755540.000,1,0,1,双平,S,2995.0000,2994.8000,2994.6000,2994.4000,2994.2000,2995.2000,2995.4000,2995.6000,2996.2000,2996.4000,1,2,7,3,3,2,1,3,1,3
SF,IH2001,2019-12-25 09:33:35.700,2995.0000,25216,0,751755540.000,0,-,-,-,-,2995.0000,2994.6000,2994.4000,2994.2000,2994.0000,2995.2000,2995.4000,2995.6000,2996.0000,2996.2000,1,7,3,3,5,4,2,3,1,1
SF,IH2001,2019-12-25 09:33:36.200,2994.6000,25212,-4,756247560.000,5,0,5,多平,S,2994.6000,2994.4000,2994.2000,2994.0000,2993.6000,2995.2000,2995.4000,2995.6000,2996.0000,2996.2000,3,3,3,5,4,4,2,3,1,1
SF,IH2001,2019-12-25 09:33:36.700,2995.0000,25211,-1,757146060.000,1,0,1,双平,S,2994.8000,2994.6000,2994.4000,2994.2000,2994.0000,2995.0000,2995.2000,2995.4000,2995.6000,2996.0000,2,7,4,3,5,3,4,2,3,1
SF,IH2001,2019-12-25 09:33:37.200,2995.0000,25210,-1,758044560.000,1,0,1,双平,S,2994.8000,2994.6000,2994.4000,2994.2000,2994.0000,2995.0000,2995.2000,2995.4000,2995.6000,2996.0000,6,5,3,3,5,2,4,1,3,1
SF,IH2001,2019-12-25 09:33:37.700,2995.0000,25208,-2,759841560.000,2,0,2,双平,S,2994.8000,2994.6000,2994.4000,2994.2000,2994.0000,2995.2000,2995.4000,2995.6000,2996.0000,2996.2000,6,5,3,3,5,2,1,3,1,1
SF,IH2001,2019-12-25 09:33:38.200,2994.8000,25208,0,760740000.000,1,0,1,多换,S,2994.8000,2994.6000,2994.4000,2994.2000,2994.0000,2995.2000,2995.4000,2995.6000,2996.0000,2996.2000,7,3,3,3,5,2,1,3,1,1
SF,IH2001,2019-12-25 09:33:38.700,2995.2000,25208,0,761638560.000,1,0,1,多换,S,2994.8000,2994.6000,2994.4000,2994.2000,2994.0000,2995.2000,2995.4000,2995.6000,2996.0000,2996.2000,8,3,3,3,5,2,1,3,1,1
SF,IH2001,2019-12-25 09:33:39.200,2995.2000,25207,-1,762537120.000,1,0,1,双平,S,2994.8000,2994.6000,2994.4000,2994.2000,2994.0000,2995.0000,2995.2000,2995.4000,2995.6000,2996.0000,6,3,3,3,5,1,2,1,3,1
SF,IH2001,2019-12-25 09:33:39.700,2995.2000,25207,0,762537120.000,0,-,-,-,-,2994.8000,2994.6000,2994.4000,2994.2000,2994.0000,2995.0000,2995.2000,2995.4000,2995.6000,2996.0000,4,1,3,3,4,2,3,1,3,1
SF,IH2001,2019-12-25 09:33:40.200,2995.2000,25207,0,762537120.000,0,-,-,-,-,2994.8000,2994.6000,2994.4000,2994.2000,2994.0000,2995.0000,2995.2000,2995.4000,2995.6000,2996.0000,5,1,3,3,4,2,2,1,3,1
SF,IH2001,2019-12-25 09:33:40.700,2995.0000,25208,1,763435620.000,1,1,0,双开,S,2994.8000,2994.6000,2994.4000,2994.2000,2994.0000,2995.0000,2995.2000,2995.4000,2995.6000,2996.0000,5,1,3,3,4,1,2,1,3,1
SF,IH2001,2019-12-25 09:33:41.200,2995.0000,25208,0,763435620.000,0,-,-,-,-,2994.8000,2994.6000,2994.4000,2994.2000,2994.0000,2995.0000,2995.2000,2995.4000,2995.6000,2996.0000,3,2,3,3,4,1,2,1,3,1
SF,IH2001,2019-12-25 09:33:42.200,2995.0000,25207,-1,764334120.000,1,0,1,双平,S,2994.8000,2994.6000,2994.4000,2994.2000,2994.0000,2995.2000,2995.4000,2995.6000,2996.0000,2996.2000,3,2,3,3,4,2,1,3,1,1
SF,IH2001,2019-12-25 09:33:42.700,2995.0000,25207,0,764334120.000,0,-,-,-,-,2994.8000,2994.6000,2994.4000,2994.2000,2994.0000,2995.0000,2995.2000,2995.4000,2995.6000,2996.0000,2,2,1,3,4,1,3,1,3,1
SF,IH2001,2019-12-25 09:33:43.200,2995.0000,25207,0,764334120.000,0,-,-,-,-,2994.8000,2994.6000,2994.4000,2994.2000,2994.0000,2995.0000,2995.2000,2995.4000,2995.6000,2996.0000,3,2,2,3,4,2,2,1,3,1
SF,IH2001,2019-12-25 09:33:43.700,2995.0000,25206,-1,765232620.000,1,0,1,双平,S,2994.8000,2994.6000,2994.4000,2994.2000,2994.0000,2995.0000,2995.2000,2995.4000,2995.6000,2996.0000,3,2,2,3,4,1,2,1,3,1
SF,IH2001,2019-12-25 09:33:44.200,2995.0000,25206,0,765232620.000,0,-,-,-,-,2994.8000,2994.6000,2994.4000,2994.2000,2994.0000,2995.0000,2995.2000,2995.4000,2995.6000,2995.8000,3,2,2,3,4,1,2,1,3,1
SF,IH2001,2019-12-25 09:33:44.700,2995.0000,25205,-1,766131120.000,1,0,1,双平,S,2995.0000,2994.8000,2994.6000,2994.4000,2994.2000,2995.2000,2995.4000,2995.6000,2995.8000,2996.0000,1,3,2,2,3,3,1,2,1,1
SF,IH2001,2019-12-25 09:33:45.200,2995.0000,25205,0,766131120.000,0,-,-,-,-,2995.0000,2994.8000,2994.6000,2994.4000,2994.2000,2995.2000,2995.4000,2995.6000,2995.8000,2996.0000,2,3,1,2,3,3,1,2,1,1
SF,IH2001,2019-12-25 09:33:45.700,2995.2000,25203,-2,767928240.000,2,0,2,双平,S,2995.0000,2994.8000,2994.6000,2994.4000,2994.2000,2995.2000,2995.4000,2995.6000,2995.8000,2996.0000,3,3,1,2,3,2,1,2,1,1
SF,IH2001,2019-12-25 09:33:46.200,2995.2000,25203,0,767928240.000,0,-,-,-,-,2995.0000,2994.8000,2994.6000,2994.4000,2994.2000,2995.2000,2995.4000,2995.6000,2995.8000,2996.0000,3,3,1,1,3,2,1,2,1,1
SF,IH2001,2019-12-25 09:33:47.200,2995.2000,25203,0,767928240.000,0,-,-,-,-,2995.0000,2994.8000,2994.6000,2994.4000,2994.2000,2995.2000,2995.4000,2995.6000,2995.8000,2996.0000,3,2,1,1,3,2,1,2,1,1
SF,IH2001,2019-12-25 09:33:47.700,2995.2000,25203,0,767928240.000,0,-,-,-,-,2995.0000,2994.8000,2994.6000,2994.4000,2994.2000,2995.2000,2995.4000,2995.6000,2995.8000,2996.0000,3,2,1,1,3,2,1,2,1,1
SF,IH2001,2019-12-25 09:33:48.200,2995.2000,25201,-2,769725360.000,2,0,2,双平,S,2995.0000,2994.8000,2994.6000,2994.4000,2994.2000,2995.4000,2995.6000,2995.8000,2996.0000,2996.2000,6,2,1,1,3,1,2,1,1,1
SF,IH2001,2019-12-25 09:33:48.700,2995.2000,25201,0,769725360.000,0,-,-,-,-,2995.0000,2994.8000,2994.6000,2994.4000,2994.2000,2995.4000,2995.6000,2995.8000,2996.0000,2996.2000,3,2,1,1,3,1,2,1,1,1
SF,IH2001,2019-12-25 09:33:49.200,2995.2000,25201,0,769725360.000,0,-,-,-,-,2995.2000,2995.0000,2994.8000,2994.6000,2994.4000,2995.4000,2995.6000,2995.8000,2996.0000,2996.2000,1,3,3,1,1,1,2,1,1,1
SF,IH2001,2019-12-25 09:33:49.700,2995.2000,25201,0,769725360.000,0,-,-,-,-,2995.2000,2995.0000,2994.8000,2994.4000,2994.2000,2995.4000,2995.6000,2995.8000,2996.0000,2996.2000,2,3,2,1,4,1,2,1,1,1
SF,IH2001,2019-12-25 09:33:50.700,2995.4000,25201,0,770623980.000,1,0,1,多换,S,2995.2000,2995.0000,2994.8000,2994.4000,2994.2000,2995.6000,2995.8000,2996.0000,2996.2000,2996.4000,2,3,2,1,4,2,1,1,1,3
SF,IH2001,2019-12-25 09:33:51.200,2995.4000,25201,0,770623980.000,0,-,-,-,-,2995.2000,2995.0000,2994.8000,2994.4000,2994.2000,2995.4000,2995.6000,2995.8000,2996.0000,2996.2000,2,3,2,1,4,3,2,1,1,1
SF,IH2001,2019-12-25 09:33:52.200,2995.4000,25200,-1,771522600.000,1,0,1,双平,S,2995.2000,2995.0000,2994.8000,2994.4000,2994.2000,2995.4000,2995.6000,2995.8000,2996.0000,2996.2000,2,3,2,1,4,2,2,1,1,1
SF,IH2001,2019-12-25 09:33:52.700,2995.4000,25198,-2,773319840.000,2,0,2,双平,S,2995.2000,2995.0000,2994.8000,2994.4000,2994.2000,2995.6000,2995.8000,2996.0000,2996.2000,2996.4000,2,3,2,1,4,2,1,1,1,3
SF,IH2001,2019-12-25 09:33:53.200,2995.4000,25198,0,773319840.000,0,-,-,-,-,2995.2000,2995.0000,2994.8000,2994.4000,2994.2000,2995.4000,2995.6000,2995.8000,2996.0000,2996.2000,2,3,2,1,4,2,2,1,1,1
SF,IH2001,2019-12-25 09:33:53.700,2995.4000,25198,0,773319840.000,0,-,-,-,-,2995.2000,2995.0000,2994.8000,2994.4000,2994.2000,2995.4000,2995.6000,2995.8000,2996.0000,2996.2000,3,3,2,1,4,2,2,1,1,1
SF,IH2001,2019-12-25 09:33:54.200,2995.2000,25197,-1,774218400.000,1,0,1,双平,S,2995.2000,2995.0000,2994.8000,2994.4000,2994.2000,2995.4000,2995.6000,2995.8000,2996.0000,2996.2000,2,3,2,1,5,2,2,1,1,1
SF,IH2001,2019-12-25 09:33:54.700,2995.4000,25196,-1,775117020.000,1,0,1,双平,S,2995.2000,2995.0000,2994.8000,2994.4000,2994.2000,2995.4000,2995.6000,2995.8000,2996.0000,2996.2000,2,3,2,1,5,1,2,1,1,1
SF,IH2001,2019-12-25 09:33:55.700,2995.4000,25196,0,775117020.000,0,-,-,-,-,2995.2000,2995.0000,2994.8000,2994.4000,2994.2000,2995.4000,2995.6000,2995.8000,2996.0000,2996.2000,4,3,2,1,5,2,2,1,1,1
SF,IH2001,2019-12-25 09:33:56.200,2995.4000,25196,0,775117020.000,0,-,-,-,-,2995.2000,2995.0000,2994.8000,2994.4000,2994.2000,2995.4000,2995.6000,2995.8000,2996.0000,2996.2000,4,3,2,1,5,2,2,1,1,1
SF,IH2001,2019-12-25 09:33:56.700,2995.4000,25195,-1,776015640.000,1,0,1,双平,S,2995.2000,2995.0000,2994.8000,2994.4000,2994.2000,2995.4000,2995.6000,2995.8000,2996.0000,2996.2000,5,3,2,1,5,1,2,1,1,1
SF,IH2001,2019-12-25 09:33:57.200,2995.4000,25192,-3,779610120.000,4,0,4,多平,S,2995.4000,2995.2000,2995.0000,2994.8000,2994.4000,2995.6000,2995.8000,2996.0000,2996.2000,2996.4000,2,7,4,2,1,2,1,1,1,3
SF,IH2001,2019-12-25 09:33:57.700,2995.6000,25191,-1,781407480.000,2,0,2,多平,S,2995.6000,2995.4000,2995.2000,2995.0000,2994.8000,2995.8000,2996.0000,2996.2000,2996.4000,2996.6000,7,2,2,3,2,1,1,1,3,1
SF,IH2001,2019-12-25 09:33:58.200,2995.6000,25191,0,781407480.000,0,-,-,-,-,2995.6000,2995.4000,2995.2000,2995.0000,2994.8000,2995.8000,2996.0000,2996.2000,2996.4000,2996.6000,5,2,2,3,2,1,3,1,1,1
SF,IH2001,2019-12-25 09:33:58.700,2995.6000,25191,0,782306160.000,1,0,1,多换,S,2995.6000,2995.4000,2995.2000,2995.0000,2994.8000,2995.8000,2996.0000,2996.2000,2996.4000,2996.6000,4,2,2,3,2,1,3,1,1,1
SF,IH2001,2019-12-25 09:33:59.200,2995.6000,25191,0,782306160.000,0,-,-,-,-,2995.6000,2995.4000,2995.2000,2995.0000,2994.8000,2995.8000,2996.0000,2996.2000,2996.4000,2996.6000,4,2,3,3,2,2,3,1,1,1
SF,IH2001,2019-12-25 09:33:59.700,2995.6000,25191,0,782306160.000,0,-,-,-,-,2995.6000,2995.2000,2995.0000,2994.8000,2994.4000,2995.8000,2996.0000,2996.2000,2996.4000,2996.6000,8,3,3,2,1,2,3,1,1,1
SF,IH2001,2019-12-25 09:34:00.200,2995.6000,25191,0,782306160.000,0,-,-,-,-,2995.6000,2995.2000,2995.0000,2994.8000,2994.4000,2995.8000,2996.0000,2996.2000,2996.4000,2996.6000,2,3,3,2,1,4,3,1,1,1
SF,IH2001,2019-12-25 09:34:00.700,2995.6000,25189,-2,784103520.000,2,0,2,双平,S,2995.2000,2995.0000,2994.8000,2994.4000,2994.2000,2995.6000,2995.8000,2996.0000,2996.2000,2996.4000,3,3,2,1,5,3,4,3,1,1
SF,IH2001,2019-12-25 09:34:01.200,2995.6000,25189,0,784103520.000,0,-,-,-,-,2995.4000,2995.2000,2995.0000,2994.8000,2994.4000,2995.6000,2995.8000,2996.0000,2996.2000,2996.4000,6,3,3,2,1,2,3,3,1,1
SF,IH2001,2019-12-25 09:34:01.700,2995.4000,25185,-4,787698000.000,4,0,4,双平,S,2995.2000,2995.0000,2994.8000,2994.4000,2994.2000,2995.4000,2995.6000,2995.8000,2996.0000,2996.2000,3,3,2,1,5,1,4,3,3,1
SF,IH2001,2019-12-25 09:34:02.200,2995.2000,25183,-2,791292240.000,4,1,3,多平,S,2995.0000,2994.8000,2994.4000,2994.2000,2994.0000,2995.4000,2995.6000,2995.8000,2996.0000,2996.2000,3,2,1,5,6,3,2,3,3,1
SF,IH2001,2019-12-25 09:34:02.700,2995.2000,25183,0,791292240.000,0,-,-,-,-,2995.0000,2994.8000,2994.4000,2994.2000,2994.0000,2995.2000,2995.4000,2995.6000,2995.8000,2996.0000,3,2,1,5,6,2,4,2,2,3
SF,IH2001,2019-12-25 09:34:03.200,2995.0000,25184,1,792190740.000,1,1,0,双开,S,2995.0000,2994.8000,2994.4000,2994.2000,2994.0000,2995.2000,2995.4000,2995.6000,2995.8000,2996.0000,4,2,1,5,6,1,2,2,2,3
SF,IH2001,2019-12-25 09:34:04.200,2995.4000,25181,-3,794886540.000,3,0,3,双平,S,2995.2000,2995.0000,2994.8000,2994.4000,2994.2000,2995.6000,2995.8000,2996.0000,2996.2000,2996.4000,1,4,2,1,5,2,2,3,1,1
SF,IH2001,2019-12-25 09:34:04.700,2995.4000,25181,0,794886540.000,0,-,-,-,-,2995.2000,2995.0000,2994.8000,2994.4000,2994.2000,2995.4000,2995.6000,2995.8000,2996.0000,2996.2000,2,2,2,1,5,2,2,3,3,1
SF,IH2001,2019-12-25 09:34:05.200,2995.2000,25180,-1,795785100.000,1,0,1,双平,S,2995.2000,2995.0000,2994.8000,2994.4000,2994.2000,2995.6000,2995.8000,2996.0000,2996.2000,2996.4000,1,2,2,1,5,2,4,3,1,1
SF,IH2001,2019-12-25 09:34:05.700,2995.4000,25179,-1,796683720.000,1,0,1,双平,S,2995.2000,2995.0000,2994.8000,2994.4000,2994.2000,2995.4000,2995.6000,2995.8000,2996.0000,2996.2000,1,2,2,1,5,1,2,3,3,1
SF,IH2001,2019-12-25 09:34:06.200,2995.4000,25178,-1,797582340.000,1,0,1,双平,S,2995.2000,2995.0000,2994.8000,2994.4000,2994.2000,2995.6000,2995.8000,2996.0000,2996.2000,2996.4000,3,2,2,1,5,2,3,3,1,1
SF,IH2001,2019-12-25 09:34:06.700,2995.4000,25178,0,797582340.000,0,-,-,-,-,2995.4000,2995.2000,2995.0000,2994.8000,2994.4000,2995.6000,2995.8000,2996.0000,2996.2000,2996.4000,1,3,2,2,1,2,3,3,1,1
SF,IH2001,2019-12-25 09:34:08.200,2995.6000,25177,-1,798481020.000,1,0,1,双平,S,2995.4000,2995.2000,2995.0000,2994.8000,2994.6000,2995.6000,2995.8000,2996.0000,2996.2000,2996.4000,1,3,2,2,1,1,3,3,1,1
SF,IH2001,2019-12-25 09:34:08.700,2995.6000,25176,-1,799379700.000,1,0,1,双平,S,2995.4000,2995.2000,2995.0000,2994.8000,2994.6000,2995.8000,2996.0000,2996.2000,2996.4000,2996.6000,1,3,2,2,1,3,3,1,1,1
SF,IH2001,2019-12-25 09:34:09.200,2995.6000,25176,0,799379700.000,0,-,-,-,-,2995.4000,2995.2000,2995.0000,2994.8000,2994.6000,2995.8000,2996.0000,2996.2000,2996.4000,2996.6000,1,3,2,2,1,3,3,1,1,1
SF,IH2001,2019-12-25 09:34:09.700,2995.6000,25176,0,799379700.000,0,-,-,-,-,2995.4000,2995.2000,2995.0000,2994.8000,2994.6000,2995.8000,2996.0000,2996.2000,2996.4000,2996.6000,1,3,3,2,1,3,3,1,1,1
SF,IH2001,2019-12-25 09:34:10.200,2995.6000,25176,0,799379700.000,0,-,-,-,-,2995.4000,2995.2000,2995.0000,2994.8000,2994.6000,2995.8000,2996.0000,2996.2000,2996.4000,2996.6000,3,1,3,2,1,3,3,1,1,1
SF,IH2001,2019-12-25 09:34:10.700,2995.6000,25176,0,799379700.000,0,-,-,-,-,2995.4000,2995.2000,2995.0000,2994.8000,2994.6000,2995.6000,2995.8000,2996.0000,2996.2000,2996.4000,4,2,3,2,1,1,3,3,1,1
SF,IH2001,2019-12-25 09:34:12.200,2995.6000,25175,-1,800278380.000,1,0,1,双平,S,2995.4000,2995.2000,2995.0000,2994.8000,2994.6000,2995.8000,2996.0000,2996.2000,2996.4000,2996.6000,4,2,3,2,1,3,3,1,1,1
SF,IH2001,2019-12-25 09:34:12.700,2995.6000,25175,0,800278380.000,0,-,-,-,-,2995.4000,2995.2000,2995.0000,2994.8000,2994.6000,2995.8000,2996.0000,2996.2000,2996.4000,2996.6000,4,2,3,2,1,4,3,1,1,1
SF,IH2001,2019-12-25 09:34:13.200,2995.6000,25175,0,800278380.000,0,-,-,-,-,2995.4000,2995.2000,2995.0000,2994.8000,2994.6000,2995.6000,2995.8000,2996.0000,2996.2000,2996.4000,2,2,4,2,1,2,4,3,1,1
SF,IH2001,2019-12-25 09:34:13.700,2995.6000,25175,0,800278380.000,0,-,-,-,-,2995.4000,2995.2000,2995.0000,2994.8000,2994.6000,2995.6000,2995.8000,2996.0000,2996.2000,2996.4000,2,2,5,2,1,1,4,3,1,1
SF,IH2001,2019-12-25 09:34:14.700,2995.6000,25174,-1,801177060.000,1,0,1,双平,S,2995.4000,2995.2000,2995.0000,2994.8000,2994.6000,2995.8000,2996.0000,2996.2000,2996.4000,2996.6000,2,2,6,2,1,5,3,1,1,1
SF,IH2001,2019-12-25 09:34:15.200,2995.6000,25174,0,801177060.000,0,-,-,-,-,2995.4000,2995.2000,2995.0000,2994.8000,2994.6000,2995.6000,2995.8000,2996.0000,2996.2000,2996.4000,2,2,6,2,1,1,5,3,1,1
SF,IH2001,2019-12-25 09:34:16.200,2995.6000,25174,0,801177060.000,0,-,-,-,-,2995.4000,2995.2000,2995.0000,2994.8000,2994.6000,2995.6000,2995.8000,2996.0000,2996.2000,2996.4000,2,3,6,2,1,1,5,3,1,1
SF,IH2001,2019-12-25 09:34:16.700,2995.6000,25173,-1,802075740.000,1,0,1,双平,S,2995.4000,2995.2000,2995.0000,2994.8000,2994.6000,2995.6000,2995.8000,2996.0000,2996.2000,2996.4000,2,3,6,2,1,2,5,3,1,1
SF,IH2001,2019-12-25 09:34:17.200,2995.4000,25173,0,802974360.000,1,0,1,多换,S,2995.4000,2995.2000,2995.0000,2994.8000,2994.6000,2995.6000,2995.8000,2996.0000,2996.2000,2996.4000,1,3,6,2,1,3,5,3,1,1
SF,IH2001,2019-12-25 09:34:17.700,2995.4000,25173,0,802974360.000,0,-,-,-,-,2995.4000,2995.2000,2995.0000,2994.8000,2994.6000,2995.6000,2995.8000,2996.0000,2996.2000,2996.4000,3,4,6,2,1,3,5,3,1,1
SF,IH2001,2019-12-25 09:34:18.200,2995.4000,25172,-1,803872980.000,1,0,1,双平,S,2995.2000,2995.0000,2994.8000,2994.6000,2994.4000,2995.6000,2995.8000,2996.0000,2996.2000,2996.4000,4,6,2,1,1,4,5,3,1,1
SF,IH2001,2019-12-25 09:34:18.700,2995.4000,25172,0,803872980.000,0,-,-,-,-,2995.2000,2995.0000,2994.8000,2994.6000,2994.4000,2995.6000,2995.8000,2996.0000,2996.2000,2996.4000,6,6,2,1,1,4,5,3,1,1
SF,IH2001,2019-12-25 09:34:19.200,2995.4000,25172,0,803872980.000,0,-,-,-,-,2995.2000,2995.0000,2994.8000,2994.6000,2994.4000,2995.6000,2995.8000,2996.0000,2996.2000,2996.4000,5,6,2,1,1,4,5,3,1,1
SF,IH2001,2019-12-25 09:34:20.700,2995.4000,25172,0,803872980.000,0,-,-,-,-,2995.2000,2995.0000,2994.8000,2994.6000,2994.4000,2995.6000,2995.8000,2996.0000,2996.2000,2996.4000,5,7,2,1,1,4,5,3,1,1
SF,IH2001,2019-12-25 09:34:21.200,2995.2000,25172,0,804771540.000,1,0,1,多换,S,2995.2000,2995.0000,2994.8000,2994.6000,2994.4000,2995.6000,2995.8000,2996.0000,2996.2000,2996.4000,4,7,2,1,1,4,5,3,1,1
SF,IH2001,2019-12-25 09:34:21.700,2995.2000,25172,0,804771540.000,0,-,-,-,-,2995.4000,2995.2000,2995.0000,2994.8000,2994.6000,2995.6000,2995.8000,2996.0000,2996.2000,2996.4000,2,4,7,2,1,4,5,3,1,1
SF,IH2001,2019-12-25 09:34:22.200,2995.2000,25172,0,804771540.000,0,-,-,-,-,2995.4000,2995.2000,2995.0000,2994.8000,2994.6000,2995.6000,2995.8000,2996.0000,2996.2000,2996.4000,5,2,6,2,1,5,5,3,1,1
SF,IH2001,2019-12-25 09:34:23.200,2995.2000,25172,0,804771540.000,0,-,-,-,-,2995.4000,2995.2000,2995.0000,2994.8000,2994.6000,2995.6000,2995.8000,2996.0000,2996.2000,2996.4000,3,2,6,2,1,5,5,3,1,1
SF,IH2001,2019-12-25 09:34:23.700,2995.6000,25171,-1,805670220.000,1,0,1,双平,S,2995.4000,2995.2000,2995.0000,2994.8000,2994.6000,2995.6000,2995.8000,2996.0000,2996.2000,2996.4000,2,2,6,2,1,3,5,3,1,1
SF,IH2001,2019-12-25 09:34:24.200,2995.6000,25171,0,806568900.000,1,0,1,多换,S,2995.4000,2995.2000,2995.0000,2994.8000,2994.6000,2995.6000,2995.8000,2996.0000,2996.2000,2996.4000,2,2,6,2,1,2,5,3,1,1
SF,IH2001,2019-12-25 09:34:24.700,2995.6000,25169,-2,808366260.000,2,0,2,双平,S,2995.6000,2995.4000,2995.2000,2995.0000,2994.8000,2995.8000,2996.0000,2996.2000,2996.4000,2996.6000,1,3,2,6,2,5,3,1,1,2
SF,IH2001,2019-12-25 09:34:25.200,2995.6000,25169,0,809264940.000,1,0,1,多换,S,2995.6000,2995.4000,2995.2000,2995.0000,2994.8000,2995.8000,2996.0000,2996.2000,2996.4000,2996.6000,2,2,2,6,2,5,3,1,1,2
SF,IH2001,2019-12-25 09:34:25.700,2995.4000,25169,0,811960920.000,3,1,2,多换,S,2995.4000,2995.2000,2995.0000,2994.8000,2994.6000,2995.8000,2996.0000,2996.2000,2996.4000,2996.6000,1,1,6,2,1,5,3,1,1,2
SF,IH2001,2019-12-25 09:34:26.200,2995.4000,25169,0,811960920.000,0,-,-,-,-,2995.6000,2995.4000,2995.2000,2995.0000,2994.8000,2995.8000,2996.0000,2996.2000,2996.4000,2996.6000,1,1,1,6,2,5,3,1,1,2
SF,IH2001,2019-12-25 09:34:27.200,2995.4000,25169,0,811960920.000,0,-,-,-,-,2995.6000,2995.4000,2995.2000,2995.0000,2994.8000,2995.8000,2996.0000,2996.2000,2996.4000,2996.6000,1,1,1,6,2,4,3,1,1,2
SF,IH2001,2019-12-25 09:34:27.700,2995.4000,25169,0,811960920.000,0,-,-,-,-,2995.6000,2995.4000,2995.2000,2995.0000,2994.8000,2995.8000,2996.0000,2996.2000,2996.4000,2996.6000,2,1,1,6,2,4,3,1,1,2
SF,IH2001,2019-12-25 09:34:28.200,2995.8000,25169,0,812859660.000,1,0,1,多换,S,2995.6000,2995.4000,2995.2000,2995.0000,2994.8000,2995.8000,2996.0000,2996.2000,2996.4000,2996.6000,2,1,1,6,2,3,3,1,1,2
SF,IH2001,2019-12-25 09:34:28.700,2995.8000,25167,-2,815555880.000,3,0,3,多平,S,2995.8000,2995.6000,2995.4000,2995.2000,2995.0000,2996.0000,2996.2000,2996.4000,2996.6000,2996.8000,3,2,1,1,6,3,1,1,2,2
