市场代码,合约代码,时间,最新,持仓,增仓,成交额,成交量,开仓,平仓,成交类型,方向,买一价,买二价,买三价,买四价,买五价,卖一价,卖二价,卖三价,卖四价,卖五价,买一量,买二量,买三量,买四量,买五量,卖一量,卖二量,卖三量,卖四量,卖五量
SF,IH2009,2020-01-22 09:29:00.400,3005.0000,1129,0,4507500.000,5.000,-,-,-,-,3005.0000,3001.4000,2998.0000,2992.2000,2988.0000,3005.2000,3010.2000,3019.4000,3058.6000,3065.0000,3,1,1,1,1,1,1,1,1,6
SF,IH2009,2020-01-22 09:30:00.400,3001.4000,1132,3,8112420.000,4,3,1,空开,S,2998.0000,2988.0000,2986.6000,2985.8000,2902.8000,3001.2000,3001.6000,3002.4000,3002.6000,3002.8000,1,1,1,1,1,1,1,1,1,2
SF,IH2009,2020-01-22 09:30:00.900,2998.0000,1132,0,9011820.000,1,0,1,多换,S,2988.0000,2986.6000,2950.2000,2902.8000,2838.0000,3001.0000,3001.2000,3001.6000,3002.4000,3002.6000,1,1,1,1,2,2,1,1,1,1
SF,IH2009,2020-01-22 09:30:01.400,2998.0000,1132,0,9011820.000,0,-,-,-,-,2990.6000,2990.4000,2988.0000,2950.2000,2902.8000,3001.0000,3001.2000,3001.6000,3002.4000,3002.6000,5,1,1,1,1,2,1,1,1,1
SF,IH2009,2020-01-22 09:30:01.900,2998.0000,1132,0,9011820.000,0,-,-,-,-,2990.6000,2990.4000,2988.0000,2950.2000,2902.8000,3001.0000,3001.2000,3001.6000,3002.4000,3002.6000,5,1,1,1,1,2,1,1,1,1
SF,IH2009,2020-01-22 09:30:02.400,2998.0000,1132,0,9011820.000,0,-,-,-,-,2990.6000,2990.4000,2988.0000,2950.2000,2902.8000,3001.0000,3001.2000,3001.6000,3002.4000,3002.6000,5,1,1,1,1,2,1,1,1,1
SF,IH2009,2020-01-22 09:30:02.900,2998.0000,1132,0,9011820.000,0,-,-,-,-,2990.6000,2990.4000,2988.0000,2950.2000,2902.8000,3001.0000,3001.2000,3001.6000,3002.4000,3002.6000,5,1,1,1,1,2,1,1,1,1
SF,IH2009,2020-01-22 09:30:03.400,2998.0000,1132,0,9011820.000,0,-,-,-,-,2990.6000,2990.4000,2988.0000,2950.2000,2902.8000,3001.0000,3001.2000,3001.6000,3002.6000,3003.0000,5,1,1,1,1,2,1,1,1,11
SF,IH2009,2020-01-22 09:30:04.400,2998.0000,1132,0,9011820.000,0,-,-,-,-,2990.6000,2990.4000,2988.0000,2950.2000,2902.8000,3000.2000,3001.0000,3001.6000,3002.6000,3003.0000,5,1,1,1,1,1,2,1,1,11
SF,IH2009,2020-01-22 09:30:04.900,2998.0000,1132,0,9011820.000,0,-,-,-,-,2992.6000,2990.6000,2990.4000,2988.0000,2950.2000,3000.0000,3000.2000,3001.0000,3001.6000,3002.6000,1,5,1,1,1,3,1,1,1,1
SF,IH2009,2020-01-22 09:30:05.400,2998.0000,1132,0,9011820.000,0,-,-,-,-,2992.8000,2992.6000,2992.4000,2990.6000,2990.4000,3000.0000,3000.2000,3001.0000,3001.6000,3002.6000,3,1,1,5,1,1,1,1,1,1
SF,IH2009,2020-01-22 09:30:05.900,2998.0000,1132,0,9011820.000,0,-,-,-,-,2992.8000,2992.6000,2992.4000,2990.6000,2990.4000,3000.0000,3001.0000,3001.6000,3002.6000,3004.2000,3,1,1,5,1,1,1,1,1,1
SF,IH2009,2020-01-22 09:30:06.400,2998.0000,1132,0,9011820.000,0,-,-,-,-,2992.8000,2990.6000,2990.4000,2988.0000,2950.2000,3000.0000,3001.0000,3001.6000,3004.6000,3005.8000,3,5,1,1,1,1,1,1,1,5
SF,IH2009,2020-01-22 09:30:07.400,2998.0000,1132,0,9011820.000,0,-,-,-,-,2992.8000,2990.6000,2990.4000,2988.0000,2950.2000,3000.0000,3001.0000,3001.6000,3004.6000,3009.6000,3,5,1,1,1,1,1,1,1,5
SF,IH2009,2020-01-22 09:30:07.900,2998.0000,1132,0,9011820.000,0,-,-,-,-,2992.8000,2990.6000,2990.4000,2988.0000,2950.2000,3001.0000,3004.0000,3004.6000,3009.6000,3019.4000,3,5,1,1,1,1,1,1,5,1
SF,IH2009,2020-01-22 09:30:08.400,2998.0000,1132,0,9011820.000,0,-,-,-,-,2996.0000,2992.8000,2990.6000,2988.0000,2950.2000,2999.8000,3001.0000,3004.0000,3004.6000,3009.6000,1,3,5,1,1,1,1,1,1,5
SF,IH2009,2020-01-22 09:30:08.900,2998.0000,1132,0,9011820.000,0,-,-,-,-,2996.2000,2996.0000,2990.6000,2988.0000,2950.2000,2999.8000,3001.0000,3004.0000,3004.6000,3009.6000,3,1,5,1,1,1,1,1,1,5
SF,IH2009,2020-01-22 09:30:09.400,2998.0000,1132,0,9011820.000,0,-,-,-,-,2996.2000,2996.0000,2990.6000,2988.0000,2950.2000,3001.0000,3004.0000,3004.6000,3009.6000,3019.4000,3,1,5,1,1,1,1,1,5,1
SF,IH2009,2020-01-22 09:30:12.400,2998.0000,1132,0,9011820.000,0,-,-,-,-,2998.0000,2996.2000,2996.0000,2990.6000,2988.0000,3001.0000,3004.0000,3004.6000,3009.6000,3019.4000,1,3,1,5,1,1,1,1,5,1
SF,IH2009,2020-01-22 09:30:12.900,2998.0000,1132,0,9011820.000,0,-,-,-,-,2998.2000,2998.0000,2996.0000,2990.6000,2988.0000,3000.8000,3001.0000,3004.6000,3009.6000,3019.4000,3,1,1,5,1,1,1,1,5,1
SF,IH2009,2020-01-22 09:30:13.400,2998.0000,1132,0,9011820.000,0,-,-,-,-,2998.2000,2998.0000,2996.0000,2990.6000,2988.0000,3000.6000,3000.8000,3001.0000,3004.6000,3009.6000,3,1,1,5,1,1,1,1,1,5
SF,IH2009,2020-01-22 09:30:14.400,2998.0000,1132,0,9011820.000,0,-,-,-,-,2998.2000,2998.0000,2996.0000,2990.6000,2988.0000,3000.4000,3000.6000,3000.8000,3001.0000,3004.6000,3,1,1,5,1,1,1,1,1,1
SF,IH2009,2020-01-22 09:30:15.900,3000.4000,1132,0,11711400.000,3,1,2,多换,S,3000.4000,2998.2000,2998.0000,2996.0000,2990.6000,3000.6000,3000.8000,3001.0000,3004.6000,3009.6000,3,2,1,1,5,1,1,1,1,5
SF,IH2009,2020-01-22 09:30:16.400,3000.6000,1135,3,15311940.000,4,3,1,空开,S,3000.6000,2998.0000,2996.0000,2990.6000,2988.0000,3000.8000,3001.0000,3004.6000,3009.6000,3019.4000,1,1,1,5,1,1,1,1,5,1
SF,IH2009,2020-01-22 09:30:16.900,3000.6000,1135,0,16212120.000,1,0,1,多换,S,2998.0000,2996.0000,2990.6000,2988.0000,2950.2000,3000.8000,3001.0000,3004.6000,3009.6000,3019.4000,1,1,5,1,1,1,1,1,5,1
SF,IH2009,2020-01-22 09:30:17.400,3000.6000,1135,0,16212120.000,0,-,-,-,-,2998.2000,2998.0000,2996.0000,2990.6000,2988.0000,3000.6000,3001.0000,3004.6000,3009.6000,3019.4000,1,1,1,5,1,1,1,1,5,1
SF,IH2009,2020-01-22 09:30:17.900,3000.6000,1135,0,16212120.000,0,-,-,-,-,2998.2000,2998.0000,2996.0000,2990.6000,2988.0000,3000.6000,3001.0000,3004.6000,3009.6000,3019.4000,1,1,1,5,1,1,1,1,5,1
SF,IH2009,2020-01-22 09:30:18.400,3000.6000,1135,0,16212120.000,0,-,-,-,-,2998.2000,2998.0000,2996.0000,2990.6000,2988.0000,3001.0000,3004.6000,3009.6000,3019.4000,3023.6000,1,1,1,5,1,1,1,5,1,1
SF,IH2009,2020-01-22 09:30:18.900,3000.6000,1135,0,16212120.000,0,-,-,-,-,2998.0000,2996.0000,2990.6000,2988.0000,2950.2000,3001.0000,3004.6000,3009.6000,3019.4000,3023.6000,1,1,5,1,1,1,1,5,1,1
SF,IH2009,2020-01-22 09:30:19.400,3000.6000,1135,0,16212120.000,0,-,-,-,-,2998.0000,2996.0000,2990.6000,2988.0000,2950.2000,3001.0000,3004.0000,3004.6000,3009.6000,3019.4000,1,1,5,1,1,1,1,1,5,1
SF,IH2009,2020-01-22 09:30:20.400,3000.6000,1135,0,16212120.000,0,-,-,-,-,2998.0000,2996.0000,2995.0000,2990.6000,2988.0000,3001.0000,3004.0000,3004.6000,3009.6000,3019.4000,1,1,1,5,1,1,1,1,5,1
SF,IH2009,2020-01-22 09:30:20.900,3000.6000,1135,0,16212120.000,0,-,-,-,-,2998.2000,2998.0000,2996.0000,2995.0000,2990.6000,3001.0000,3004.0000,3004.6000,3009.6000,3019.4000,1,1,1,1,5,1,1,1,5,1
SF,IH2009,2020-01-22 09:30:21.400,3000.6000,1135,0,16212120.000,0,-,-,-,-,2998.2000,2998.0000,2996.0000,2995.0000,2990.6000,3001.0000,3004.0000,3004.6000,3009.6000,3019.4000,1,1,1,1,5,1,1,1,5,1
SF,IH2009,2020-01-22 09:30:21.900,3000.6000,1135,0,16212120.000,0,-,-,-,-,2998.0000,2996.0000,2995.0000,2990.6000,2988.0000,3001.0000,3004.0000,3004.6000,3009.6000,3019.4000,1,1,1,5,1,1,1,1,5,1
SF,IH2009,2020-01-22 09:30:23.400,3000.6000,1135,0,16212120.000,0,-,-,-,-,2998.0000,2995.0000,2990.6000,2988.0000,2950.2000,3001.0000,3004.0000,3004.6000,3009.6000,3019.4000,1,1,5,1,1,1,1,1,5,1
SF,IH2009,2020-01-22 09:30:26.400,3000.6000,1135,0,16212120.000,0,-,-,-,-,2998.0000,2995.0000,2990.6000,2988.0000,2950.2000,3000.8000,3001.0000,3004.0000,3004.6000,3009.6000,1,1,5,1,1,1,1,1,1,5
SF,IH2009,2020-01-22 09:30:26.900,3000.6000,1135,0,16212120.000,0,-,-,-,-,2998.0000,2995.0000,2990.6000,2988.0000,2950.2000,3000.6000,3000.8000,3001.0000,3004.6000,3009.6000,1,1,5,1,1,2,1,1,1,5
SF,IH2009,2020-01-22 09:30:27.400,3000.6000,1135,0,16212120.000,0,-,-,-,-,2998.0000,2995.0000,2990.6000,2988.0000,2950.2000,3000.6000,3000.8000,3001.0000,3004.6000,3009.6000,1,1,5,1,1,2,1,1,1,5
SF,IH2009,2020-01-22 09:30:27.900,3000.6000,1135,0,16212120.000,0,-,-,-,-,2995.0000,2990.6000,2988.0000,2950.2000,2838.0000,3000.4000,3000.6000,3000.8000,3001.0000,3004.6000,1,5,1,1,2,1,1,1,1,1
SF,IH2009,2020-01-22 09:30:28.400,3000.6000,1135,0,16212120.000,0,-,-,-,-,2995.2000,2995.0000,2990.6000,2988.0000,2950.2000,3000.2000,3000.4000,3000.6000,3000.8000,3001.0000,1,1,5,1,1,1,1,1,1,1
SF,IH2009,2020-01-22 09:30:28.900,3000.6000,1135,0,16212120.000,0,-,-,-,-,2995.2000,2995.0000,2990.6000,2988.0000,2950.2000,3000.2000,3000.4000,3000.6000,3000.8000,3001.0000,1,1,5,1,1,1,1,1,1,1
SF,IH2009,2020-01-22 09:30:29.400,3000.6000,1135,0,16212120.000,0,-,-,-,-,2995.2000,2995.0000,2990.6000,2988.0000,2950.2000,3000.0000,3000.2000,3000.6000,3000.8000,3001.0000,1,1,5,1,1,1,1,1,1,1
SF,IH2009,2020-01-22 09:30:29.900,3000.6000,1135,0,16212120.000,0,-,-,-,-,2995.0000,2990.6000,2988.0000,2950.2000,2838.0000,3000.0000,3000.2000,3000.6000,3000.8000,3001.0000,1,5,1,1,2,1,1,1,1,1
SF,IH2009,2020-01-22 09:30:30.400,3000.6000,1135,0,16212120.000,0,-,-,-,-,2995.4000,2995.0000,2990.6000,2988.0000,2950.2000,3000.0000,3000.2000,3000.6000,3001.0000,3004.6000,1,1,5,1,1,1,1,1,1,1
SF,IH2009,2020-01-22 09:30:30.900,3000.6000,1135,0,16212120.000,0,-,-,-,-,2996.0000,2995.4000,2995.0000,2990.6000,2988.0000,3000.0000,3000.2000,3000.6000,3001.0000,3004.6000,1,1,1,5,1,1,1,1,1,1
SF,IH2009,2020-01-22 09:30:31.400,3000.6000,1135,0,16212120.000,0,-,-,-,-,2996.0000,2995.4000,2995.0000,2990.6000,2988.0000,3000.2000,3000.6000,3000.8000,3001.0000,3004.6000,1,1,1,5,1,1,1,1,1,1
SF,IH2009,2020-01-22 09:30:31.900,3000.6000,1135,0,16212120.000,0,-,-,-,-,2996.2000,2996.0000,2995.0000,2990.6000,2988.0000,3000.2000,3000.6000,3000.8000,3001.0000,3004.6000,1,1,1,5,1,1,1,1,1,1
SF,IH2009,2020-01-22 09:30:32.400,3000.6000,1135,0,16212120.000,0,-,-,-,-,2996.2000,2995.0000,2990.6000,2988.0000,2950.2000,3000.2000,3000.6000,3000.8000,3001.0000,3004.6000,1,1,5,1,1,1,1,1,1,1
SF,IH2009,2020-01-22 09:30:32.900,3000.6000,1135,0,16212120.000,0,-,-,-,-,2996.2000,2996.0000,2995.0000,2990.6000,2988.0000,3000.2000,3000.6000,3000.8000,3001.0000,3004.6000,1,1,1,5,1,1,1,1,1,1
SF,IH2009,2020-01-22 09:30:33.400,3000.6000,1135,0,16212120.000,0,-,-,-,-,2995.0000,2990.6000,2988.0000,2950.2000,2838.0000,3000.2000,3000.6000,3001.0000,3002.0000,3004.6000,1,5,1,1,2,1,1,1,1,1
SF,IH2009,2020-01-22 09:30:33.900,3000.6000,1135,0,16212120.000,0,-,-,-,-,2996.0000,2995.0000,2990.6000,2988.0000,2950.2000,3000.2000,3000.6000,3001.0000,3002.0000,3004.6000,1,1,5,1,1,1,1,1,1,1
SF,IH2009,2020-01-22 09:30:34.400,3000.6000,1135,0,16212120.000,0,-,-,-,-,2995.0000,2990.6000,2988.0000,2950.2000,2838.0000,3000.2000,3000.6000,3001.0000,3002.0000,3004.6000,1,5,1,1,2,1,1,1,1,1
SF,IH2009,2020-01-22 09:30:34.900,3000.6000,1135,0,16212120.000,0,-,-,-,-,2998.0000,2996.2000,2995.0000,2990.6000,2988.0000,3000.2000,3000.6000,3001.0000,3002.0000,3004.6000,1,1,1,5,1,1,1,1,1,1
SF,IH2009,2020-01-22 09:30:35.400,3000.6000,1135,0,16212120.000,0,-,-,-,-,2998.0000,2996.2000,2996.0000,2995.0000,2990.6000,3000.2000,3000.6000,3001.0000,3002.0000,3004.6000,1,1,1,1,5,1,1,1,1,1
SF,IH2009,2020-01-22 09:30:35.900,3000.6000,1135,0,16212120.000,0,-,-,-,-,2998.0000,2996.0000,2995.0000,2990.6000,2988.0000,3000.2000,3000.6000,3001.0000,3002.0000,3004.6000,1,1,1,5,1,1,1,1,1,1
SF,IH2009,2020-01-22 09:30:36.900,3000.6000,1135,0,16212120.000,0,-,-,-,-,2998.0000,2995.0000,2990.6000,2988.0000,2950.2000,3000.2000,3000.6000,3001.0000,3002.0000,3004.6000,1,1,5,1,1,1,1,1,1,1
SF,IH2009,2020-01-22 09:30:37.400,3000.6000,1135,0,16212120.000,0,-,-,-,-,2998.0000,2995.0000,2990.6000,2988.0000,2950.2000,3000.2000,3000.6000,3001.0000,3002.0000,3004.6000,1,1,5,1,1,1,1,1,1,1
SF,IH2009,2020-01-22 09:30:38.400,3000.6000,1135,0,16212120.000,0,-,-,-,-,2998.2000,2998.0000,2996.0000,2995.0000,2990.6000,3000.2000,3000.6000,3001.0000,3002.0000,3004.6000,1,1,1,1,5,1,1,1,1,1
SF,IH2009,2020-01-22 09:30:38.900,3000.6000,1135,0,16212120.000,0,-,-,-,-,2998.2000,2998.0000,2996.0000,2995.0000,2990.6000,3000.2000,3000.6000,3001.0000,3002.0000,3004.6000,1,1,1,1,5,1,1,1,1,1
SF,IH2009,2020-01-22 09:30:39.400,3000.6000,1135,0,16212120.000,0,-,-,-,-,2998.0000,2996.0000,2995.0000,2990.6000,2988.0000,3000.2000,3000.6000,3001.0000,3002.0000,3004.6000,1,1,1,5,1,1,1,1,1,1
SF,IH2009,2020-01-22 09:30:40.400,3000.6000,1135,0,16212120.000,0,-,-,-,-,2999.0000,2998.2000,2998.0000,2996.0000,2995.0000,3000.2000,3000.6000,3001.0000,3002.0000,3004.6000,1,1,1,1,1,1,1,1,1,1
SF,IH2009,2020-01-22 09:30:40.900,2999.0000,1135,0,17111820.000,1,0,1,多换,S,2998.2000,2998.0000,2996.0000,2995.0000,2990.6000,3000.2000,3000.6000,3001.0000,3002.0000,3004.6000,1,1,1,1,5,1,1,1,1,1
SF,IH2009,2020-01-22 09:30:42.400,2998.2000,1134,-1,18011280.000,1,0,1,双平,S,2998.0000,2996.0000,2995.0000,2990.6000,2988.0000,3000.2000,3000.6000,3001.0000,3002.0000,3004.6000,1,1,1,5,1,1,1,1,1,1
SF,IH2009,2020-01-22 09:30:42.900,2998.2000,1134,0,18011280.000,0,-,-,-,-,2998.0000,2996.0000,2995.0000,2990.6000,2988.0000,3000.0000,3000.2000,3000.6000,3001.0000,3002.0000,1,1,1,5,1,1,1,1,1,1
SF,IH2009,2020-01-22 09:30:46.900,2998.2000,1134,0,18011280.000,0,-,-,-,-,2998.0000,2996.0000,2995.0000,2990.6000,2988.0000,2999.8000,3000.0000,3000.2000,3000.6000,3001.0000,1,1,1,5,1,1,1,1,1,1
SF,IH2009,2020-01-22 09:30:47.400,2998.2000,1134,0,18011280.000,0,-,-,-,-,2998.0000,2996.0000,2995.0000,2990.6000,2988.0000,2999.6000,2999.8000,3000.0000,3000.2000,3000.6000,1,1,1,5,1,1,1,1,1,1
SF,IH2009,2020-01-22 09:30:48.400,2998.2000,1134,0,18011280.000,0,-,-,-,-,2998.0000,2996.0000,2995.0000,2990.6000,2988.0000,2999.4000,2999.6000,2999.8000,3000.0000,3000.2000,1,1,1,5,1,1,1,1,1,1
SF,IH2009,2020-01-22 09:30:48.900,2998.2000,1134,0,18011280.000,0,-,-,-,-,2998.0000,2996.0000,2995.0000,2990.6000,2988.0000,2999.2000,2999.6000,2999.8000,3000.0000,3000.2000,1,1,1,5,1,1,1,1,1,1
SF,IH2009,2020-01-22 09:30:50.400,2998.0000,1133,-1,18910680.000,1,0,1,双平,S,2996.0000,2995.0000,2990.6000,2988.0000,2950.2000,2999.0000,2999.2000,2999.6000,2999.8000,3000.0000,1,1,5,1,1,1,1,1,1,1
SF,IH2009,2020-01-22 09:30:50.900,2998.0000,1133,0,18910680.000,0,-,-,-,-,2996.2000,2996.0000,2995.0000,2990.6000,2988.0000,2999.0000,2999.2000,2999.6000,2999.8000,3000.2000,1,1,1,5,1,1,1,1,1,1
SF,IH2009,2020-01-22 09:30:51.400,2998.0000,1133,0,18910680.000,0,-,-,-,-,2996.2000,2996.0000,2995.8000,2995.0000,2990.6000,2999.2000,2999.8000,3000.2000,3000.6000,3001.0000,1,1,1,1,5,1,1,1,1,1
SF,IH2009,2020-01-22 09:30:51.900,2998.0000,1133,0,18910680.000,0,-,-,-,-,2996.2000,2996.0000,2995.8000,2995.0000,2990.6000,2999.0000,2999.8000,3000.2000,3000.6000,3001.0000,1,1,1,1,5,1,1,1,1,1
SF,IH2009,2020-01-22 09:30:52.400,2998.0000,1133,0,18910680.000,0,-,-,-,-,2996.0000,2995.8000,2995.0000,2990.6000,2988.0000,2999.0000,2999.8000,3000.2000,3000.6000,3001.0000,1,1,1,5,1,2,1,1,1,1
SF,IH2009,2020-01-22 09:30:53.400,2998.0000,1133,0,18910680.000,0,-,-,-,-,2996.2000,2996.0000,2995.8000,2995.0000,2990.6000,2999.0000,2999.8000,3000.2000,3000.6000,3001.0000,1,1,1,1,5,1,1,1,1,1
SF,IH2009,2020-01-22 09:30:54.900,2998.0000,1133,0,18910680.000,0,-,-,-,-,2996.0000,2995.8000,2995.0000,2990.6000,2988.0000,2998.8000,2999.0000,2999.8000,3000.2000,3000.6000,1,1,1,5,1,1,1,1,1,1
SF,IH2009,2020-01-22 09:30:55.900,2998.0000,1133,0,18910680.000,0,-,-,-,-,2996.0000,2995.8000,2995.0000,2990.6000,2988.0000,2998.6000,2998.8000,2999.0000,2999.8000,3000.2000,1,1,1,5,1,1,1,1,1,1
SF,IH2009,2020-01-22 09:30:56.400,2998.0000,1133,0,18910680.000,0,-,-,-,-,2996.2000,2996.0000,2995.8000,2995.0000,2990.6000,2998.6000,2999.0000,2999.8000,3000.2000,3000.6000,1,1,1,1,5,1,1,1,1,1
SF,IH2009,2020-01-22 09:30:57.400,2998.0000,1133,0,18910680.000,0,-,-,-,-,2996.0000,2995.8000,2995.0000,2990.6000,2988.0000,2998.4000,2998.6000,2999.0000,2999.8000,3000.2000,1,1,1,5,1,1,1,1,1,1
SF,IH2009,2020-01-22 09:30:57.900,2998.0000,1133,0,18910680.000,0,-,-,-,-,2996.2000,2996.0000,2995.8000,2995.0000,2990.6000,2998.2000,2998.4000,2998.6000,2999.0000,2999.8000,1,1,1,1,5,2,1,1,1,1
SF,IH2009,2020-01-22 09:30:58.400,2998.0000,1133,0,18910680.000,0,-,-,-,-,2996.2000,2996.0000,2995.8000,2995.0000,2990.6000,2998.2000,2998.6000,2999.0000,2999.8000,3000.2000,1,1,1,1,5,2,1,1,1,1
SF,IH2009,2020-01-22 09:30:59.900,2998.0000,1133,0,18910680.000,0,-,-,-,-,2996.0000,2995.8000,2995.0000,2990.6000,2988.0000,2998.0000,2998.2000,2998.6000,2999.0000,2999.8000,1,1,1,5,1,1,2,1,1,1
SF,IH2009,2020-01-22 09:31:00.400,2998.0000,1133,0,18910680.000,0,-,-,-,-,2996.0000,2995.8000,2995.0000,2990.6000,2988.0000,2997.8000,2998.0000,2998.2000,2998.6000,2999.0000,1,1,1,5,1,2,1,1,1,1
SF,IH2009,2020-01-22 09:31:00.900,2998.0000,1133,0,18910680.000,0,-,-,-,-,2996.0000,2995.8000,2995.0000,2990.6000,2988.0000,2997.6000,2997.8000,2998.0000,2998.2000,2998.6000,1,1,1,5,1,1,2,1,1,1
SF,IH2009,2020-01-22 09:31:01.400,2998.0000,1133,0,18910680.000,0,-,-,-,-,2996.2000,2996.0000,2995.8000,2995.0000,2990.6000,2997.6000,2997.8000,2998.0000,2998.2000,2998.6000,1,1,1,1,5,1,1,1,1,1
SF,IH2009,2020-01-22 09:31:01.900,2998.0000,1133,0,18910680.000,0,-,-,-,-,2996.0000,2995.8000,2995.0000,2990.6000,2988.0000,2997.4000,2997.6000,2998.0000,2998.2000,2998.6000,1,1,1,5,1,1,1,1,1,1
SF,IH2009,2020-01-22 09:31:02.400,2998.0000,1133,0,18910680.000,0,-,-,-,-,2996.0000,2995.8000,2995.0000,2990.6000,2988.0000,2997.2000,2997.4000,2997.6000,2998.0000,2998.2000,1,1,1,5,1,1,1,1,1,1
SF,IH2009,2020-01-22 09:31:02.900,2998.0000,1133,0,18910680.000,0,-,-,-,-,2996.0000,2995.8000,2995.0000,2990.6000,2988.0000,2997.0000,2997.2000,2997.6000,2998.0000,2998.2000,1,1,1,5,1,1,1,1,1,1
SF,IH2009,2020-01-22 09:31:05.400,2997.2000,1131,-2,20708940.000,2,0,2,双平,S,2996.0000,2995.8000,2995.0000,2990.6000,2988.0000,2997.6000,2998.0000,2998.2000,2998.6000,2999.0000,1,1,1,5,1,1,1,1,1,1
SF,IH2009,2020-01-22 09:31:05.900,2997.2000,1131,0,20708940.000,0,-,-,-,-,2996.2000,2996.0000,2995.8000,2995.0000,2990.6000,2997.6000,2998.2000,2998.6000,2999.0000,2999.8000,2,1,1,1,5,1,1,1,1,1
SF,IH2009,2020-01-22 09:31:06.400,2997.2000,1131,0,20708940.000,0,-,-,-,-,2996.2000,2996.0000,2995.8000,2995.0000,2990.6000,2998.2000,2998.6000,2999.0000,2999.8000,3002.0000,2,1,1,1,5,1,1,1,1,1
SF,IH2009,2020-01-22 09:31:06.900,2997.2000,1131,0,20708940.000,0,-,-,-,-,2996.2000,2996.0000,2995.8000,2995.0000,2990.6000,2998.0000,2998.2000,2998.6000,2999.0000,2999.8000,2,1,1,1,5,1,1,1,1,1
SF,IH2009,2020-01-22 09:31:07.400,2997.2000,1131,0,20708940.000,0,-,-,-,-,2996.2000,2996.0000,2995.8000,2995.0000,2990.6000,2998.0000,2998.2000,2998.6000,2999.0000,2999.8000,1,1,1,1,5,1,1,1,1,1
SF,IH2009,2020-01-22 09:31:07.900,2997.2000,1131,0,20708940.000,0,-,-,-,-,2996.4000,2996.2000,2996.0000,2995.8000,2995.0000,2998.0000,2998.2000,2998.6000,2999.0000,2999.8000,1,1,1,1,1,1,1,1,1,1
SF,IH2009,2020-01-22 09:31:08.400,2997.2000,1131,0,20708940.000,0,-,-,-,-,2996.4000,2996.0000,2995.8000,2995.0000,2990.6000,2997.8000,2998.0000,2998.2000,2998.6000,2999.0000,1,1,1,1,5,1,1,1,1,1
SF,IH2009,2020-01-22 09:31:08.900,2997.2000,1131,0,20708940.000,0,-,-,-,-,2996.0000,2995.8000,2995.0000,2990.6000,2988.0000,2997.6000,2997.8000,2998.2000,2998.6000,2999.0000,1,1,1,5,1,1,1,1,1,1
SF,IH2009,2020-01-22 09:31:09.400,2997.2000,1131,0,20708940.000,0,-,-,-,-,2996.2000,2996.0000,2995.8000,2995.0000,2990.6000,2997.6000,2998.2000,2998.6000,2999.0000,2999.8000,2,1,1,1,5,1,1,1,1,1
SF,IH2009,2020-01-22 09:31:09.900,2997.2000,1131,0,20708940.000,0,-,-,-,-,2996.2000,2996.0000,2995.8000,2995.0000,2990.6000,2997.4000,2997.6000,2998.2000,2998.6000,2999.0000,1,1,1,1,5,1,1,1,1,1
SF,IH2009,2020-01-22 09:31:10.400,2997.2000,1131,0,20708940.000,0,-,-,-,-,2996.0000,2995.8000,2995.0000,2988.0000,2986.8000,2997.2000,2997.4000,2998.2000,2998.6000,2999.0000,1,1,1,1,5,1,1,1,1,1
SF,IH2009,2020-01-22 09:31:10.900,2997.2000,1131,0,20708940.000,0,-,-,-,-,2996.0000,2995.8000,2995.0000,2988.0000,2986.8000,2997.0000,2997.2000,2997.4000,2998.2000,2998.6000,1,1,1,1,5,1,1,1,1,1
SF,IH2009,2020-01-22 09:31:13.400,2997.2000,1131,0,20708940.000,0,-,-,-,-,2996.4000,2996.0000,2995.8000,2995.0000,2988.0000,2997.0000,2997.2000,2997.4000,2998.2000,2998.6000,5,1,1,1,1,1,1,1,1,1
SF,IH2009,2020-01-22 09:31:13.900,2996.4000,1131,0,22506780.000,2,1,1,多换,S,2996.4000,2996.0000,2995.8000,2995.0000,2988.0000,2996.8000,2997.0000,2997.4000,2998.2000,2998.6000,3,1,1,1,1,1,1,1,1,1
SF,IH2009,2020-01-22 09:31:14.400,2996.4000,1131,0,23405700.000,1,0,1,多换,S,2996.4000,2996.0000,2995.8000,2995.0000,2988.0000,2997.0000,2997.4000,2998.2000,2998.6000,2999.0000,2,1,1,1,1,1,1,1,1,1
SF,IH2009,2020-01-22 09:31:14.900,2996.4000,1131,0,23405700.000,0,-,-,-,-,2996.4000,2996.0000,2995.8000,2995.0000,2988.0000,2996.6000,2996.8000,2997.0000,2997.4000,2998.2000,2,1,1,1,1,1,1,1,1,1
SF,IH2009,2020-01-22 09:31:15.400,2996.4000,1131,0,25203540.000,2,1,1,多换,S,2996.0000,2995.8000,2995.0000,2988.0000,2986.8000,2996.6000,2996.8000,2997.0000,2997.4000,2998.2000,1,1,1,1,5,1,1,1,1,1
SF,IH2009,2020-01-22 09:31:15.900,2996.4000,1131,0,25203540.000,0,-,-,-,-,2996.0000,2995.8000,2995.0000,2988.0000,2986.8000,3004.6000,3009.6000,3019.4000,3023.6000,3051.8000,1,1,1,1,5,1,5,1,1,1
SF,IH2009,2020-01-22 09:31:16.400,2996.4000,1131,0,25203540.000,0,-,-,-,-,2996.2000,2996.0000,2995.8000,2995.0000,2988.0000,3001.6000,3003.6000,3004.4000,3004.6000,3009.6000,1,1,1,1,1,1,3,5,1,5
SF,IH2009,2020-01-22 09:31:16.900,2996.4000,1131,0,25203540.000,0,-,-,-,-,2996.6000,2996.2000,2996.0000,2995.8000,2995.0000,3001.4000,3001.6000,3003.6000,3004.4000,3004.6000,1,1,1,1,1,5,1,3,4,1
SF,IH2009,2020-01-22 09:31:17.400,2996.4000,1131,0,25203540.000,0,-,-,-,-,2996.6000,2996.0000,2995.8000,2995.0000,2988.0000,3001.4000,3001.6000,3002.0000,3003.6000,3004.4000,1,1,1,1,1,5,1,5,3,4
SF,IH2009,2020-01-22 09:31:17.900,2996.4000,1131,0,25203540.000,0,-,-,-,-,2996.8000,2996.6000,2996.0000,2995.8000,2995.0000,3001.4000,3001.6000,3002.0000,3003.6000,3004.4000,1,1,1,1,1,5,1,5,3,4
SF,IH2009,2020-01-22 09:31:18.400,2996.4000,1131,0,25203540.000,0,-,-,-,-,2996.6000,2996.0000,2995.8000,2995.0000,2988.0000,3001.4000,3001.6000,3002.0000,3003.6000,3004.4000,1,1,1,1,1,5,1,5,3,4
SF,IH2009,2020-01-22 09:31:18.900,2996.8000,1130,-1,26102580.000,1,0,1,双平,S,2996.6000,2996.0000,2995.8000,2995.0000,2988.0000,3001.4000,3001.6000,3002.0000,3003.6000,3004.4000,1,1,1,1,1,5,1,5,3,4
SF,IH2009,2020-01-22 09:31:19.400,2996.8000,1130,0,26102580.000,0,-,-,-,-,2996.8000,2996.6000,2996.0000,2995.8000,2995.0000,3001.4000,3001.6000,3002.0000,3003.6000,3004.4000,1,1,1,1,1,5,1,5,3,4
SF,IH2009,2020-01-22 09:31:19.900,2996.8000,1130,0,26102580.000,0,-,-,-,-,2996.8000,2996.6000,2996.0000,2995.8000,2995.0000,3000.2000,3001.4000,3001.6000,3002.0000,3003.6000,1,1,1,1,1,1,5,1,5,3
SF,IH2009,2020-01-22 09:31:20.400,2996.8000,1130,0,26102580.000,0,-,-,-,-,2996.8000,2996.6000,2996.0000,2995.8000,2995.0000,3000.0000,3000.2000,3001.4000,3001.6000,3002.0000,1,1,1,1,1,4,1,4,1,5
SF,IH2009,2020-01-22 09:31:20.900,2996.8000,1130,0,26102580.000,0,-,-,-,-,2997.0000,2996.8000,2996.6000,2996.0000,2995.8000,3000.0000,3000.2000,3001.4000,3001.6000,3002.0000,1,1,1,1,1,4,1,4,1,5
SF,IH2009,2020-01-22 09:31:21.400,2996.8000,1130,0,26102580.000,0,-,-,-,-,2997.2000,2997.0000,2996.6000,2996.0000,2995.8000,3000.0000,3001.4000,3001.6000,3003.6000,3004.4000,1,1,1,1,1,4,4,1,3,3
SF,IH2009,2020-01-22 09:31:21.900,2996.8000,1130,0,26102580.000,0,-,-,-,-,2997.2000,2996.6000,2996.0000,2995.8000,2995.0000,3000.0000,3001.4000,3001.6000,3003.6000,3004.4000,1,1,1,1,1,4,4,1,3,3
SF,IH2009,2020-01-22 09:31:22.400,2996.8000,1130,0,26102580.000,0,-,-,-,-,2997.8000,2997.2000,2996.6000,2996.0000,2995.8000,3000.0000,3001.4000,3001.6000,3003.6000,3004.4000,1,1,1,1,1,4,4,1,3,3
SF,IH2009,2020-01-22 09:31:22.900,2996.8000,1130,0,26102580.000,0,-,-,-,-,2998.0000,2997.8000,2996.6000,2996.0000,2995.8000,3000.0000,3001.4000,3001.6000,3003.6000,3004.4000,1,1,1,1,1,4,4,1,3,3
SF,IH2009,2020-01-22 09:31:26.400,2997.6000,1130,0,27001860.000,1,0,1,多换,S,2997.8000,2996.6000,2996.0000,2995.8000,2995.0000,3000.0000,3001.4000,3001.6000,3004.4000,3004.6000,1,1,1,1,1,4,3,1,3,1
SF,IH2009,2020-01-22 09:31:26.900,2997.6000,1130,0,27001860.000,0,-,-,-,-,2998.0000,2997.8000,2996.6000,2996.0000,2995.8000,3000.0000,3001.4000,3001.6000,3004.4000,3004.6000,1,1,1,1,1,4,3,1,3,1
SF,IH2009,2020-01-22 09:31:28.400,2998.0000,1129,-1,27901260.000,1,0,1,双平,S,2997.8000,2996.6000,2996.0000,2995.8000,2995.0000,3000.0000,3001.4000,3001.6000,3004.4000,3004.6000,1,1,1,1,1,1,3,1,3,1
SF,IH2009,2020-01-22 09:31:28.900,2998.0000,1129,0,27901260.000,0,-,-,-,-,2997.8000,2996.6000,2996.0000,2995.8000,2995.0000,2999.8000,3000.0000,3001.4000,3001.6000,3004.4000,1,1,1,1,1,2,1,3,1,3
SF,IH2009,2020-01-22 09:31:29.400,2997.8000,1130,1,28800600.000,1,1,0,双开,S,2996.6000,2996.0000,2995.8000,2995.0000,2988.0000,2999.6000,2999.8000,3001.4000,3001.6000,3004.4000,1,1,1,1,1,1,1,3,1,3
SF,IH2009,2020-01-22 09:31:29.900,2997.8000,1130,0,28800600.000,0,-,-,-,-,2996.6000,2996.0000,2995.8000,2995.0000,2988.0000,2999.4000,2999.6000,2999.8000,3001.4000,3001.6000,1,1,1,1,1,1,1,1,3,1
SF,IH2009,2020-01-22 09:31:30.400,2997.8000,1130,0,28800600.000,0,-,-,-,-,2996.6000,2996.0000,2995.8000,2995.0000,2988.0000,2999.2000,2999.4000,2999.8000,3001.4000,3001.6000,1,1,1,1,1,1,1,1,3,1
SF,IH2009,2020-01-22 09:31:30.900,2997.8000,1130,0,28800600.000,0,-,-,-,-,2996.6000,2996.0000,2995.8000,2995.0000,2988.0000,2999.0000,2999.2000,2999.4000,2999.8000,3001.4000,1,1,1,1,1,3,1,1,1,3
SF,IH2009,2020-01-22 09:31:31.400,2997.8000,1130,0,28800600.000,0,-,-,-,-,2996.6000,2996.0000,2995.8000,2995.0000,2988.0000,2998.8000,2999.0000,2999.4000,2999.8000,3001.4000,1,1,1,1,1,1,3,1,1,3
SF,IH2009,2020-01-22 09:31:32.400,2997.8000,1130,0,28800600.000,0,-,-,-,-,2996.6000,2996.0000,2995.8000,2995.0000,2988.0000,2998.6000,2998.8000,2999.0000,2999.4000,2999.8000,1,1,1,1,1,3,1,3,1,1
SF,IH2009,2020-01-22 09:31:32.900,2997.8000,1130,0,28800600.000,0,-,-,-,-,2996.6000,2996.0000,2995.8000,2995.0000,2988.0000,2998.4000,2999.0000,2999.4000,2999.8000,3001.4000,1,1,1,1,1,1,3,1,1,3
SF,IH2009,2020-01-22 09:31:33.400,2997.8000,1130,0,28800600.000,0,-,-,-,-,2996.6000,2996.0000,2995.8000,2995.0000,2988.0000,2998.4000,2999.0000,2999.4000,2999.8000,3001.4000,1,1,1,1,1,3,3,1,1,3
SF,IH2009,2020-01-22 09:31:33.900,2997.8000,1130,0,28800600.000,0,-,-,-,-,2996.6000,2996.0000,2995.8000,2995.0000,2988.0000,2998.4000,2999.0000,2999.4000,2999.8000,3001.4000,1,1,1,1,1,1,3,1,1,3
SF,IH2009,2020-01-22 09:31:38.900,2997.8000,1130,0,28800600.000,0,-,-,-,-,2996.0000,2995.8000,2995.0000,2988.0000,2986.8000,2998.4000,2999.0000,2999.4000,2999.8000,3001.4000,1,1,1,1,5,1,3,1,1,3
SF,IH2009,2020-01-22 09:31:41.400,2998.4000,1129,-1,29700120.000,1,0,1,双平,S,2996.2000,2996.0000,2995.8000,2995.0000,2988.0000,2999.0000,2999.4000,2999.8000,3001.4000,3001.6000,1,1,1,1,1,3,1,1,3,1
SF,IH2009,2020-01-22 09:31:41.900,2998.4000,1129,0,29700120.000,0,-,-,-,-,2996.4000,2996.2000,2996.0000,2995.8000,2995.0000,2999.4000,2999.8000,3001.4000,3001.6000,3004.4000,1,2,1,1,1,1,1,3,1,3
SF,IH2009,2020-01-22 09:31:42.400,2998.4000,1129,0,29700120.000,0,-,-,-,-,2996.6000,2996.4000,2996.2000,2996.0000,2995.8000,2999.8000,3001.4000,3001.6000,3004.4000,3004.6000,2,1,2,1,1,1,3,1,3,1
SF,IH2009,2020-01-22 09:31:42.900,2998.4000,1129,0,29700120.000,0,-,-,-,-,2996.8000,2996.6000,2996.2000,2996.0000,2995.8000,3001.4000,3001.6000,3004.4000,3004.6000,3005.8000,1,2,2,1,1,3,1,3,1,5
SF,IH2009,2020-01-22 09:31:43.400,2998.4000,1129,0,29700120.000,0,-,-,-,-,2997.0000,2996.8000,2996.6000,2996.2000,2996.0000,3001.2000,3001.4000,3001.6000,3004.4000,3004.6000,1,1,2,2,1,5,3,1,3,1
SF,IH2009,2020-01-22 09:31:43.900,2998.4000,1129,0,29700120.000,0,-,-,-,-,2997.2000,2996.6000,2996.2000,2996.0000,2995.8000,3001.2000,3001.4000,3001.6000,3004.4000,3004.6000,1,2,2,1,1,4,3,1,3,1
SF,IH2009,2020-01-22 09:31:44.400,2998.4000,1129,0,29700120.000,0,-,-,-,-,2997.2000,2996.6000,2996.2000,2996.0000,2995.8000,3001.0000,3001.2000,3001.4000,3001.6000,3004.4000,1,2,2,1,1,1,4,3,1,3
SF,IH2009,2020-01-22 09:31:44.900,2998.4000,1129,0,29700120.000,0,-,-,-,-,2997.2000,2996.6000,2996.2000,2996.0000,2995.8000,3000.8000,3001.0000,3001.2000,3001.4000,3001.6000,1,2,2,1,1,2,1,3,3,1
SF,IH2009,2020-01-22 09:31:45.400,2998.4000,1129,0,29700120.000,0,-,-,-,-,2997.4000,2997.2000,2996.6000,2996.2000,2996.0000,3000.8000,3001.0000,3001.2000,3001.4000,3001.6000,1,1,2,2,1,2,1,3,3,1
SF,IH2009,2020-01-22 09:31:45.900,2998.4000,1129,0,29700120.000,0,-,-,-,-,2997.6000,2996.6000,2996.2000,2996.0000,2995.8000,3000.8000,3001.0000,3001.2000,3001.4000,3001.6000,1,2,2,1,1,2,1,3,3,1
SF,IH2009,2020-01-22 09:31:46.400,2998.4000,1129,0,29700120.000,0,-,-,-,-,2997.6000,2996.2000,2996.0000,2995.8000,2995.0000,3000.8000,3001.0000,3001.2000,3001.4000,3001.6000,1,2,1,1,1,2,1,3,3,1
SF,IH2009,2020-01-22 09:31:47.400,2998.4000,1129,0,29700120.000,0,-,-,-,-,2998.8000,2997.6000,2996.2000,2996.0000,2995.8000,3000.8000,3001.0000,3001.2000,3001.4000,3001.6000,1,1,2,1,1,2,1,3,3,1
SF,IH2009,2020-01-22 09:31:47.900,2998.4000,1129,0,29700120.000,0,-,-,-,-,2998.8000,2996.2000,2996.0000,2995.8000,2995.0000,3000.8000,3001.0000,3001.2000,3001.4000,3001.6000,1,2,1,1,1,2,1,3,3,1
SF,IH2009,2020-01-22 09:31:51.900,2998.4000,1129,0,29700120.000,0,-,-,-,-,2998.8000,2996.2000,2996.0000,2995.8000,2995.0000,3000.8000,3001.2000,3001.4000,3001.6000,3004.4000,1,2,1,1,1,2,3,3,1,3
SF,IH2009,2020-01-22 09:31:55.400,3000.8000,1130,1,31500600.000,2,1,1,空开,S,2998.8000,2996.2000,2996.0000,2995.8000,2995.0000,3001.2000,3001.4000,3001.6000,3004.4000,3004.6000,1,2,1,1,1,3,3,1,3,1
SF,IH2009,2020-01-22 09:31:55.900,3000.8000,1130,0,31500600.000,0,-,-,-,-,2998.8000,2996.2000,2996.0000,2995.8000,2995.0000,3000.6000,3001.0000,3001.2000,3001.4000,3001.6000,1,2,1,1,1,2,1,3,3,1
SF,IH2009,2020-01-22 09:31:56.400,3000.8000,1130,0,31500600.000,0,-,-,-,-,2998.8000,2996.2000,2996.0000,2995.8000,2995.0000,3000.4000,3000.6000,3001.2000,3001.4000,3001.6000,1,2,1,1,1,1,2,3,3,1
SF,IH2009,2020-01-22 09:31:56.900,3000.8000,1130,0,31500600.000,0,-,-,-,-,2998.8000,2996.2000,2996.0000,2995.8000,2995.0000,3000.2000,3000.4000,3000.6000,3001.2000,3001.4000,1,2,1,1,1,3,1,2,3,3
SF,IH2009,2020-01-22 09:31:57.400,2998.8000,1130,0,32400240.000,1,0,1,多换,S,2996.2000,2996.0000,2995.8000,2995.0000,2988.0000,3000.0000,3000.2000,3000.6000,3001.2000,3001.4000,2,1,1,1,1,1,3,2,3,3
SF,IH2009,2020-01-22 09:31:57.900,2998.8000,1130,0,32400240.000,0,-,-,-,-,2996.4000,2996.2000,2996.0000,2995.8000,2995.0000,2999.8000,3000.0000,3000.2000,3000.6000,3001.2000,1,2,1,1,1,3,1,3,2,3
SF,IH2009,2020-01-22 09:31:58.400,2998.8000,1130,0,32400240.000,0,-,-,-,-,2996.4000,2996.2000,2996.0000,2995.8000,2995.0000,2999.6000,2999.8000,3000.2000,3000.6000,3001.2000,2,2,1,1,1,1,3,3,2,3
SF,IH2009,2020-01-22 09:31:58.900,2998.8000,1130,0,32400240.000,0,-,-,-,-,2996.6000,2996.4000,2996.2000,2996.0000,2995.8000,2999.4000,2999.6000,2999.8000,3000.2000,3000.6000,1,1,2,1,1,2,1,3,3,2
SF,IH2009,2020-01-22 09:31:59.400,2998.8000,1130,0,32400240.000,0,-,-,-,-,2996.8000,2996.6000,2996.2000,2996.0000,2995.8000,2999.8000,3000.2000,3000.6000,3001.2000,3001.4000,1,2,2,1,1,3,3,2,3,3
SF,IH2009,2020-01-22 09:31:59.900,2998.8000,1130,0,32400240.000,0,-,-,-,-,2997.0000,2996.8000,2996.6000,2996.2000,2996.0000,2999.6000,2999.8000,3000.2000,3000.6000,3001.2000,1,1,1,2,1,1,3,3,2,3
SF,IH2009,2020-01-22 09:32:00.400,2998.8000,1130,0,32400240.000,0,-,-,-,-,2997.2000,2997.0000,2996.6000,2996.2000,2996.0000,2999.6000,2999.8000,3000.2000,3000.6000,3001.2000,1,1,1,2,1,1,3,3,2,3
SF,IH2009,2020-01-22 09:32:00.900,2998.8000,1130,0,32400240.000,0,-,-,-,-,2997.6000,2997.2000,2996.6000,2996.2000,2996.0000,2999.6000,2999.8000,3000.2000,3000.6000,3001.2000,1,1,1,2,1,1,3,3,2,3
SF,IH2009,2020-01-22 09:32:01.400,2998.8000,1130,0,32400240.000,0,-,-,-,-,2997.8000,2997.6000,2996.2000,2996.0000,2995.8000,2999.4000,2999.6000,2999.8000,3000.2000,3000.6000,1,1,2,1,1,3,1,3,3,2
SF,IH2009,2020-01-22 09:32:01.900,2998.8000,1130,0,32400240.000,0,-,-,-,-,2997.8000,2997.6000,2996.2000,2996.0000,2995.8000,2999.6000,2999.8000,3000.2000,3000.6000,3001.2000,1,1,2,1,1,1,3,3,2,3
SF,IH2009,2020-01-22 09:32:03.400,2998.8000,1130,0,32400240.000,0,-,-,-,-,2997.8000,2997.6000,2996.2000,2996.0000,2995.8000,2999.4000,2999.6000,2999.8000,3000.2000,3000.6000,1,1,2,1,1,3,1,3,3,2
SF,IH2009,2020-01-22 09:32:03.900,2998.8000,1130,0,32400240.000,0,-,-,-,-,2996.2000,2996.0000,2995.8000,2995.0000,2988.0000,2999.2000,2999.4000,2999.8000,3000.2000,3000.6000,2,1,1,1,1,2,3,3,3,2
SF,IH2009,2020-01-22 09:32:04.400,2998.8000,1130,0,32400240.000,0,-,-,-,-,2996.4000,2996.0000,2995.8000,2995.0000,2988.0000,2999.2000,2999.8000,3000.2000,3000.6000,3001.2000,1,1,1,1,1,1,3,3,2,3
SF,IH2009,2020-01-22 09:32:04.900,2998.8000,1130,0,32400240.000,0,-,-,-,-,2996.8000,2996.4000,2996.0000,2995.8000,2995.0000,2999.2000,2999.8000,3000.2000,3000.6000,3001.2000,1,1,1,1,1,1,3,3,2,3
SF,IH2009,2020-01-22 09:32:05.400,2998.8000,1130,0,32400240.000,0,-,-,-,-,2997.2000,2997.0000,2996.0000,2995.8000,2995.0000,2999.2000,2999.8000,3000.2000,3000.6000,3001.2000,1,1,1,1,1,1,3,3,2,3
SF,IH2009,2020-01-22 09:32:05.900,2998.8000,1130,0,32400240.000,0,-,-,-,-,2997.4000,2996.0000,2995.8000,2995.0000,2988.0000,2999.0000,2999.2000,2999.8000,3000.2000,3000.6000,1,1,1,1,1,4,1,3,3,2
SF,IH2009,2020-01-22 09:32:06.400,2998.8000,1130,0,32400240.000,0,-,-,-,-,2997.4000,2996.0000,2995.8000,2995.0000,2988.0000,2998.8000,2999.8000,3000.2000,3000.6000,3001.2000,2,1,1,1,1,1,3,3,2,3
SF,IH2009,2020-01-22 09:32:06.900,2998.8000,1130,0,32400240.000,0,-,-,-,-,2997.6000,2997.4000,2996.0000,2995.8000,2995.0000,2999.8000,3000.2000,3000.6000,3001.2000,3001.4000,1,1,1,1,1,3,3,2,3,3
SF,IH2009,2020-01-22 09:32:07.400,2998.8000,1130,0,32400240.000,0,-,-,-,-,2996.0000,2995.8000,2995.0000,2988.0000,2986.8000,2999.6000,2999.8000,3000.2000,3000.6000,3001.2000,1,1,1,1,5,3,3,3,2,3
SF,IH2009,2020-01-22 09:32:07.900,2998.8000,1130,0,32400240.000,0,-,-,-,-,2996.2000,2996.0000,2995.8000,2995.0000,2988.0000,2999.6000,2999.8000,3000.2000,3000.6000,3001.2000,2,1,1,1,1,3,3,3,2,3
SF,IH2009,2020-01-22 09:32:08.900,2998.8000,1130,0,32400240.000,0,-,-,-,-,2996.2000,2996.0000,2995.8000,2995.0000,2988.0000,2999.6000,2999.8000,3000.2000,3000.6000,3001.2000,1,1,1,1,1,3,3,3,2,3
SF,IH2009,2020-01-22 09:32:11.400,2999.6000,1129,-1,33300120.000,1,0,1,双平,S,2996.2000,2996.0000,2995.8000,2995.0000,2988.0000,2999.6000,2999.8000,3000.2000,3000.6000,3001.2000,1,1,1,1,1,2,3,3,2,3
SF,IH2009,2020-01-22 09:32:11.900,2999.6000,1129,0,33300120.000,0,-,-,-,-,2996.2000,2996.0000,2995.8000,2995.0000,2988.0000,2999.4000,2999.6000,2999.8000,3000.2000,3000.6000,1,1,1,1,1,1,2,3,3,2
SF,IH2009,2020-01-22 09:32:12.400,2999.6000,1129,0,33300120.000,0,-,-,-,-,2996.2000,2996.0000,2995.8000,2995.0000,2988.0000,2999.2000,2999.4000,2999.6000,2999.8000,3000.2000,1,1,1,1,1,1,1,2,3,3
SF,IH2009,2020-01-22 09:32:12.900,2999.6000,1129,0,33300120.000,0,-,-,-,-,2996.2000,2996.0000,2995.8000,2995.0000,2988.0000,2999.0000,2999.2000,2999.6000,2999.8000,3000.2000,1,1,1,1,1,1,2,2,3,3
SF,IH2009,2020-01-22 09:32:13.400,2999.6000,1129,0,33300120.000,0,-,-,-,-,2996.4000,2996.2000,2996.0000,2995.8000,2995.0000,2998.8000,2999.0000,2999.2000,2999.6000,2999.8000,1,1,1,1,1,1,2,2,2,3
SF,IH2009,2020-01-22 09:32:13.900,2999.6000,1129,0,33300120.000,0,-,-,-,-,2996.6000,2996.4000,2996.0000,2995.8000,2995.0000,2998.6000,2998.8000,2999.0000,2999.2000,2999.6000,1,1,1,1,1,1,2,1,1,2
SF,IH2009,2020-01-22 09:32:14.400,2999.6000,1129,0,33300120.000,0,-,-,-,-,2996.6000,2996.0000,2995.8000,2995.0000,2988.0000,2998.6000,2998.8000,2999.0000,2999.2000,2999.6000,1,1,1,1,1,1,2,1,1,2
SF,IH2009,2020-01-22 09:32:14.900,2999.6000,1129,0,33300120.000,0,-,-,-,-,2996.6000,2996.0000,2995.8000,2995.0000,2988.0000,2998.4000,2998.8000,2999.0000,2999.2000,2999.6000,1,1,1,1,1,3,1,1,1,2
SF,IH2009,2020-01-22 09:32:15.400,2999.6000,1129,0,33300120.000,0,-,-,-,-,2996.8000,2996.6000,2996.0000,2995.8000,2995.0000,2998.4000,2998.8000,2999.0000,2999.2000,2999.6000,1,1,1,1,1,1,1,1,1,2
SF,IH2009,2020-01-22 09:32:15.900,2999.6000,1129,0,33300120.000,0,-,-,-,-,2997.0000,2996.8000,2996.0000,2995.8000,2995.0000,2998.4000,2998.8000,2999.0000,2999.2000,2999.6000,1,1,1,1,1,1,1,1,1,2
SF,IH2009,2020-01-22 09:32:16.400,2999.6000,1129,0,33300120.000,0,-,-,-,-,2997.0000,2996.0000,2995.8000,2995.0000,2988.0000,2998.2000,2998.8000,2999.0000,2999.2000,2999.6000,1,1,1,1,1,1,1,1,1,2
SF,IH2009,2020-01-22 09:32:16.900,2999.6000,1129,0,33300120.000,0,-,-,-,-,2997.2000,2997.0000,2996.0000,2995.8000,2995.0000,2998.0000,2998.2000,2998.8000,2999.0000,2999.2000,1,1,1,1,1,1,1,1,1,1
SF,IH2009,2020-01-22 09:32:17.400,2999.6000,1129,0,33300120.000,0,-,-,-,-,2997.2000,2997.0000,2996.0000,2995.8000,2995.0000,2997.8000,2998.2000,2998.8000,2999.0000,2999.2000,1,1,1,1,1,2,1,1,1,1
SF,IH2009,2020-01-22 09:32:17.900,2999.6000,1129,0,33300120.000,0,-,-,-,-,2997.2000,2997.0000,2996.0000,2995.8000,2995.0000,2998.2000,2998.8000,2999.0000,2999.2000,2999.6000,1,1,1,1,1,1,1,1,1,2
SF,IH2009,2020-01-22 09:32:18.400,2999.6000,1129,0,33300120.000,0,-,-,-,-,2997.2000,2997.0000,2996.0000,2995.8000,2995.0000,2998.0000,2998.2000,2998.8000,2999.0000,2999.2000,1,1,1,1,1,1,1,1,1,1
SF,IH2009,2020-01-22 09:32:19.900,2999.6000,1129,0,33300120.000,0,-,-,-,-,2997.2000,2997.0000,2996.0000,2995.8000,2995.0000,2998.2000,2998.8000,2999.0000,2999.2000,2999.6000,1,1,1,1,1,1,1,1,1,2
SF,IH2009,2020-01-22 09:32:20.400,2999.6000,1129,0,33300120.000,0,-,-,-,-,2997.4000,2997.2000,2996.0000,2995.8000,2995.0000,2998.8000,2999.2000,2999.6000,2999.8000,3000.2000,1,1,1,1,1,1,1,2,3,3
SF,IH2009,2020-01-22 09:32:20.900,2999.6000,1129,0,33300120.000,0,-,-,-,-,2997.4000,2997.2000,2996.0000,2995.8000,2995.0000,2998.6000,2998.8000,2999.2000,2999.6000,2999.8000,1,1,1,1,1,2,1,1,2,3
SF,IH2009,2020-01-22 09:32:21.400,2999.6000,1129,0,33300120.000,0,-,-,-,-,2997.4000,2997.2000,2996.0000,2995.8000,2995.0000,2998.4000,2998.6000,2998.8000,2999.2000,2999.6000,1,1,1,1,1,1,2,1,1,2
SF,IH2009,2020-01-22 09:32:21.900,2999.6000,1129,0,33300120.000,0,-,-,-,-,2997.2000,2996.0000,2995.8000,2995.0000,2988.0000,2998.2000,2998.4000,2998.6000,2998.8000,2999.2000,1,1,1,1,1,2,1,2,1,1
SF,IH2009,2020-01-22 09:32:22.900,2999.6000,1129,0,33300120.000,0,-,-,-,-,2996.0000,2995.8000,2995.0000,2988.0000,2986.8000,2998.2000,2998.4000,2998.6000,2998.8000,2999.2000,1,1,1,1,5,2,1,2,1,1
SF,IH2009,2020-01-22 09:32:23.400,2999.6000,1129,0,33300120.000,0,-,-,-,-,2996.2000,2996.0000,2995.8000,2995.0000,2988.0000,2998.2000,2998.4000,2998.6000,2998.8000,2999.2000,2,1,1,1,1,2,1,2,1,1
SF,IH2009,2020-01-22 09:32:24.400,2999.6000,1129,0,33300120.000,0,-,-,-,-,2996.2000,2996.0000,2995.8000,2995.0000,2988.0000,2998.2000,2998.6000,2998.8000,2999.2000,2999.6000,2,1,1,1,1,2,2,1,1,2
SF,IH2009,2020-01-22 09:32:25.400,2999.6000,1129,0,33300120.000,0,-,-,-,-,2996.2000,2996.0000,2995.8000,2995.0000,2988.0000,2998.2000,2998.6000,2998.8000,2999.2000,2999.6000,1,1,1,1,1,2,2,1,1,2
SF,IH2009,2020-01-22 09:32:25.900,2999.6000,1129,0,33300120.000,0,-,-,-,-,2996.4000,2996.2000,2996.0000,2995.8000,2995.0000,2998.0000,2998.2000,2998.6000,2998.8000,2999.2000,1,1,1,1,1,1,2,2,1,1
SF,IH2009,2020-01-22 09:32:26.400,2999.6000,1129,0,33300120.000,0,-,-,-,-,2996.6000,2996.4000,2996.0000,2995.8000,2995.0000,2997.8000,2998.2000,2998.6000,2998.8000,2999.2000,1,1,1,1,1,3,2,2,1,1
SF,IH2009,2020-01-22 09:32:26.900,2999.6000,1129,0,33300120.000,0,-,-,-,-,2996.6000,2996.4000,2996.0000,2995.8000,2995.0000,2998.0000,2998.6000,2998.8000,2999.2000,2999.6000,2,1,1,1,1,1,2,1,1,2
SF,IH2009,2020-01-22 09:32:27.400,2999.6000,1129,0,33300120.000,0,-,-,-,-,2996.6000,2996.0000,2995.8000,2995.0000,2988.0000,2998.0000,2998.6000,2998.8000,2999.2000,2999.6000,1,1,1,1,1,1,2,1,1,2
SF,IH2009,2020-01-22 09:32:27.900,2999.6000,1129,0,33300120.000,0,-,-,-,-,2996.8000,2996.6000,2996.0000,2995.8000,2995.0000,2998.0000,2998.6000,2998.8000,2999.2000,2999.6000,1,1,1,1,1,1,2,1,1,2
SF,IH2009,2020-01-22 09:32:28.900,2999.6000,1129,0,33300120.000,0,-,-,-,-,2996.8000,2996.6000,2996.0000,2995.8000,2995.0000,2997.8000,2998.0000,2998.6000,2998.8000,2999.2000,1,1,1,1,1,2,1,2,1,1
SF,IH2009,2020-01-22 09:32:29.400,2999.6000,1129,0,33300120.000,0,-,-,-,-,2996.6000,2996.0000,2995.8000,2995.0000,2988.0000,2997.8000,2998.0000,2998.6000,2998.8000,2999.2000,1,1,1,1,1,1,1,2,1,1
SF,IH2009,2020-01-22 09:32:30.400,2999.6000,1129,0,33300120.000,0,-,-,-,-,2996.6000,2996.0000,2995.8000,2995.0000,2988.0000,2997.6000,2998.0000,2998.6000,2998.8000,2999.2000,1,1,1,1,1,3,1,2,1,1
SF,IH2009,2020-01-22 09:32:30.900,2999.6000,1129,0,33300120.000,0,-,-,-,-,2996.0000,2995.8000,2995.0000,2988.0000,2986.8000,2997.6000,2998.0000,2998.6000,2998.8000,2999.2000,1,1,1,1,5,3,1,2,1,1
SF,IH2009,2020-01-22 09:32:31.400,2999.6000,1129,0,33300120.000,0,-,-,-,-,2996.2000,2996.0000,2995.8000,2995.0000,2988.0000,2997.4000,2997.6000,2998.0000,2998.6000,2998.8000,1,1,1,1,1,1,3,1,2,1
SF,IH2009,2020-01-22 09:32:31.900,2999.6000,1129,0,33300120.000,0,-,-,-,-,2996.2000,2996.0000,2995.8000,2995.0000,2988.0000,2997.2000,2997.4000,2997.6000,2998.0000,2998.6000,1,1,1,1,1,1,1,2,1,2
SF,IH2009,2020-01-22 09:32:32.900,2999.6000,1129,0,33300120.000,0,-,-,-,-,2996.2000,2996.0000,2995.8000,2995.0000,2988.0000,2997.0000,2997.2000,2997.4000,2997.6000,2998.0000,1,1,1,1,1,1,1,1,2,1
SF,IH2009,2020-01-22 09:32:33.400,2999.6000,1129,0,33300120.000,0,-,-,-,-,2996.2000,2996.0000,2995.8000,2995.0000,2988.0000,2997.2000,2997.6000,2998.0000,2998.6000,2998.8000,1,1,1,1,1,1,2,1,2,1
SF,IH2009,2020-01-22 09:32:34.900,2997.2000,1128,-1,34199280.000,1,0,1,双平,S,2996.2000,2996.0000,2995.8000,2995.0000,2988.0000,2997.6000,2998.0000,2998.6000,2998.8000,2999.2000,1,1,1,1,1,2,1,2,1,1
SF,IH2009,2020-01-22 09:32:35.400,2997.2000,1128,0,34199280.000,0,-,-,-,-,2996.4000,2996.2000,2996.0000,2995.8000,2995.0000,2997.6000,2998.0000,2998.6000,2998.8000,2999.2000,1,1,1,1,1,2,1,2,1,1
SF,IH2009,2020-01-22 09:32:35.900,2997.2000,1128,0,34199280.000,0,-,-,-,-,2996.4000,2996.2000,2996.0000,2995.8000,2995.0000,2997.4000,2997.6000,2998.0000,2998.6000,2998.8000,1,1,1,1,1,2,2,1,2,1
SF,IH2009,2020-01-22 09:32:36.400,2997.2000,1128,0,34199280.000,0,-,-,-,-,2996.4000,2996.2000,2996.0000,2995.8000,2995.0000,2997.6000,2998.0000,2998.6000,2998.8000,2999.2000,1,1,1,1,1,2,1,2,1,1
SF,IH2009,2020-01-22 09:32:36.900,2997.2000,1128,0,34199280.000,0,-,-,-,-,2996.4000,2996.0000,2995.8000,2995.0000,2988.0000,2997.2000,2997.6000,2998.0000,2998.6000,2998.8000,1,1,1,1,1,2,2,1,2,1
SF,IH2009,2020-01-22 09:32:37.400,2997.2000,1128,0,34199280.000,0,-,-,-,-,2996.6000,2996.4000,2996.0000,2995.8000,2995.0000,2997.6000,2998.0000,2998.6000,2998.8000,2999.2000,2,2,1,1,1,2,1,2,1,1
SF,IH2009,2020-01-22 09:32:37.900,2997.2000,1128,0,34199280.000,0,-,-,-,-,2996.8000,2996.6000,2996.4000,2996.0000,2995.8000,2998.0000,2998.6000,2998.8000,2999.2000,2999.6000,1,2,1,1,1,1,2,1,1,2
SF,IH2009,2020-01-22 09:32:38.400,2997.2000,1128,0,34199280.000,0,-,-,-,-,2996.8000,2996.0000,2995.8000,2995.0000,2988.0000,2997.8000,2998.0000,2998.6000,2998.8000,2999.2000,1,1,1,1,1,2,1,2,1,1
SF,IH2009,2020-01-22 09:32:38.900,2997.2000,1128,0,34199280.000,0,-,-,-,-,2997.0000,2996.8000,2996.0000,2995.8000,2995.0000,2997.8000,2998.0000,2998.6000,2998.8000,2999.2000,1,1,1,1,1,2,1,2,1,1
SF,IH2009,2020-01-22 09:32:39.400,2997.2000,1128,0,34199280.000,0,-,-,-,-,2997.0000,2996.8000,2996.0000,2995.8000,2995.0000,2998.0000,2998.6000,2998.8000,2999.2000,2999.6000,1,1,1,1,1,1,2,1,1,2
SF,IH2009,2020-01-22 09:32:39.900,2997.0000,1127,-1,35098380.000,1,0,1,双平,S,2996.8000,2996.0000,2995.8000,2995.0000,2988.0000,2998.0000,2998.6000,2998.8000,2999.2000,2999.6000,1,1,1,1,1,1,2,1,1,2
SF,IH2009,2020-01-22 09:32:40.900,2997.0000,1127,0,35098380.000,0,-,-,-,-,2997.0000,2996.8000,2996.0000,2995.8000,2995.0000,2997.8000,2998.0000,2998.6000,2998.8000,2999.2000,1,1,1,1,1,1,1,2,1,1
SF,IH2009,2020-01-22 09:32:41.400,2997.0000,1127,0,35098380.000,0,-,-,-,-,2996.8000,2996.0000,2995.8000,2995.0000,2988.0000,2998.0000,2998.6000,2998.8000,2999.2000,2999.6000,1,1,1,1,1,1,2,1,1,2
SF,IH2009,2020-01-22 09:32:41.900,2997.0000,1127,0,35098380.000,0,-,-,-,-,2997.0000,2996.8000,2996.0000,2995.8000,2995.0000,2998.0000,2998.6000,2998.8000,2999.2000,2999.6000,1,1,1,1,1,1,2,1,1,2
SF,IH2009,2020-01-22 09:32:43.900,2997.0000,1127,0,35098380.000,0,-,-,-,-,2997.0000,2996.8000,2996.0000,2995.8000,2995.0000,2997.8000,2998.0000,2998.6000,2998.8000,2999.2000,1,1,1,1,1,2,1,2,1,1
SF,IH2009,2020-01-22 09:32:44.400,2997.0000,1127,0,35098380.000,0,-,-,-,-,2996.8000,2996.0000,2995.8000,2995.0000,2988.0000,2997.8000,2998.0000,2998.6000,2998.8000,2999.2000,1,1,1,1,1,2,1,2,1,1
SF,IH2009,2020-01-22 09:32:48.900,2997.8000,1127,0,36897060.000,2,1,1,多换,S,2996.8000,2996.0000,2995.8000,2995.0000,2988.0000,2998.0000,2998.6000,2998.8000,2999.2000,2999.6000,1,1,1,1,1,1,2,1,1,2
SF,IH2009,2020-01-22 09:32:49.400,2997.8000,1127,0,36897060.000,0,-,-,-,-,2997.0000,2996.8000,2996.0000,2995.8000,2995.0000,2998.0000,2998.6000,2998.8000,2999.2000,2999.6000,1,1,1,1,1,1,2,1,1,2
SF,IH2009,2020-01-22 09:32:49.900,2997.8000,1127,0,36897060.000,0,-,-,-,-,2997.2000,2997.0000,2996.0000,2995.8000,2995.0000,2998.0000,2998.6000,2998.8000,2999.2000,2999.6000,1,1,1,1,1,1,2,1,1,2
SF,IH2009,2020-01-22 09:32:50.400,2997.2000,1127,0,37796220.000,1,0,1,多换,S,2996.0000,2995.8000,2995.0000,2988.0000,2986.8000,2998.0000,2998.6000,2998.8000,2999.2000,2999.6000,1,1,1,1,5,1,2,1,1,2
SF,IH2009,2020-01-22 09:32:50.900,2997.2000,1127,0,37796220.000,0,-,-,-,-,2996.2000,2996.0000,2995.8000,2995.0000,2988.0000,2998.0000,2998.6000,2998.8000,2999.2000,2999.6000,3,1,1,1,1,1,2,1,1,2
SF,IH2009,2020-01-22 09:32:51.400,2997.2000,1127,0,37796220.000,0,-,-,-,-,2996.2000,2996.0000,2995.8000,2995.0000,2988.0000,2998.0000,2998.6000,2998.8000,2999.2000,2999.6000,3,1,1,1,1,1,2,1,1,2
SF,IH2009,2020-01-22 09:32:51.900,2997.2000,1127,0,37796220.000,0,-,-,-,-,2996.2000,2996.0000,2995.8000,2995.0000,2988.0000,2998.0000,2998.6000,2998.8000,2999.2000,2999.6000,3,1,1,1,1,1,2,1,1,2
SF,IH2009,2020-01-22 09:32:52.400,2998.0000,1127,0,38695620.000,1,0,1,多换,S,2996.2000,2996.0000,2995.8000,2995.0000,2988.0000,2998.8000,2999.2000,2999.6000,2999.8000,3000.2000,3,1,1,1,1,1,1,2,3,3
SF,IH2009,2020-01-22 09:32:52.900,2998.0000,1127,0,38695620.000,0,-,-,-,-,2996.2000,2996.0000,2995.8000,2995.0000,2988.0000,2998.6000,2998.8000,2999.2000,2999.6000,2999.8000,3,1,1,1,1,3,1,1,2,3
SF,IH2009,2020-01-22 09:32:53.400,2996.6000,1127,0,39594600.000,1,0,1,多换,S,2996.2000,2996.0000,2995.8000,2995.0000,2988.0000,2998.6000,2998.8000,2999.2000,2999.6000,2999.8000,2,1,1,1,1,1,1,1,2,3
SF,IH2009,2020-01-22 09:32:53.900,2996.6000,1127,0,39594600.000,0,-,-,-,-,2996.2000,2996.0000,2995.8000,2995.0000,2988.0000,2998.6000,2998.8000,2999.2000,2999.6000,2999.8000,2,1,1,1,1,1,1,1,2,3
SF,IH2009,2020-01-22 09:32:54.400,2996.6000,1127,0,39594600.000,0,-,-,-,-,2996.4000,2996.2000,2996.0000,2995.8000,2995.0000,2998.6000,2999.2000,2999.6000,2999.8000,3000.2000,1,2,1,1,1,1,1,2,3,3
SF,IH2009,2020-01-22 09:32:54.900,2996.6000,1127,0,39594600.000,0,-,-,-,-,2996.6000,2996.4000,2996.2000,2996.0000,2995.8000,2998.6000,2999.2000,2999.6000,2999.8000,3000.2000,2,1,1,1,1,1,1,2,3,3
SF,IH2009,2020-01-22 09:32:55.400,2996.6000,1127,0,39594600.000,0,-,-,-,-,2996.6000,2996.4000,2996.2000,2996.0000,2995.8000,2998.6000,2999.2000,2999.6000,2999.8000,3000.2000,2,1,1,1,1,1,1,2,3,3
SF,IH2009,2020-01-22 09:32:55.900,2996.6000,1127,0,39594600.000,0,-,-,-,-,2996.6000,2996.4000,2996.2000,2996.0000,2995.8000,2999.2000,2999.6000,2999.8000,3000.2000,3000.6000,2,1,1,1,1,1,2,3,3,2
SF,IH2009,2020-01-22 09:32:56.400,2996.6000,1127,0,39594600.000,0,-,-,-,-,2996.6000,2996.4000,2996.2000,2996.0000,2995.8000,2999.0000,2999.6000,2999.8000,3000.2000,3000.6000,2,1,1,1,1,1,2,3,3,2
SF,IH2009,2020-01-22 09:32:56.900,2996.6000,1127,0,39594600.000,0,-,-,-,-,2996.8000,2996.6000,2996.2000,2996.0000,2995.8000,2999.0000,2999.6000,2999.8000,3000.2000,3000.6000,1,2,1,1,1,1,2,3,3,2
SF,IH2009,2020-01-22 09:32:57.400,2996.6000,1127,0,39594600.000,0,-,-,-,-,2997.0000,2996.8000,2996.6000,2996.2000,2996.0000,2999.0000,2999.6000,2999.8000,3000.2000,3000.6000,2,1,1,1,1,1,2,3,3,2
SF,IH2009,2020-01-22 09:32:57.900,2996.6000,1127,0,39594600.000,0,-,-,-,-,2997.0000,2996.8000,2996.6000,2996.2000,2996.0000,2998.8000,2999.0000,2999.6000,2999.8000,3000.2000,2,1,1,1,1,2,1,2,3,3
SF,IH2009,2020-01-22 09:32:58.400,2996.6000,1127,0,39594600.000,0,-,-,-,-,2997.0000,2996.8000,2996.6000,2996.2000,2996.0000,2998.6000,2998.8000,2999.6000,2999.8000,3000.2000,2,1,1,1,1,1,2,2,3,3
SF,IH2009,2020-01-22 09:32:58.900,2996.6000,1127,0,39594600.000,0,-,-,-,-,2997.0000,2996.8000,2996.6000,2996.2000,2996.0000,2998.4000,2998.6000,2999.6000,2999.8000,3000.2000,1,1,1,1,1,2,1,2,3,3
SF,IH2009,2020-01-22 09:32:59.400,2996.6000,1127,0,39594600.000,0,-,-,-,-,2997.0000,2996.6000,2996.0000,2995.8000,2995.0000,2998.2000,2998.4000,2999.6000,2999.8000,3000.2000,1,1,1,1,1,1,2,2,3,3
SF,IH2009,2020-01-22 09:32:59.900,2996.6000,1127,0,39594600.000,0,-,-,-,-,2997.0000,2996.6000,2996.0000,2995.8000,2995.0000,2998.0000,2998.2000,2999.6000,2999.8000,3000.2000,1,1,1,1,1,2,1,2,3,3
SF,IH2009,2020-01-22 09:33:01.900,2997.0000,1126,-1,40493700.000,1,0,1,双平,S,2996.6000,2996.0000,2995.8000,2995.0000,2988.0000,2998.0000,2998.2000,2999.6000,2999.8000,3000.2000,1,1,1,1,1,2,1,2,3,3
SF,IH2009,2020-01-22 09:33:02.400,2997.0000,1126,0,40493700.000,0,-,-,-,-,2996.6000,2996.0000,2995.8000,2995.0000,2988.0000,2997.8000,2998.0000,2999.6000,2999.8000,3000.2000,1,1,1,1,1,1,2,2,3,3
SF,IH2009,2020-01-22 09:33:02.900,2997.0000,1126,0,40493700.000,0,-,-,-,-,2996.8000,2996.6000,2996.0000,2995.8000,2995.0000,2999.6000,2999.8000,3000.2000,3000.6000,3001.2000,1,1,1,1,1,2,3,3,2,3
SF,IH2009,2020-01-22 09:33:03.400,2997.0000,1126,0,40493700.000,0,-,-,-,-,2997.0000,2996.8000,2996.6000,2996.0000,2995.8000,2999.2000,2999.4000,2999.6000,2999.8000,3000.2000,1,1,1,1,1,2,3,2,3,3
SF,IH2009,2020-01-22 09:33:03.900,2997.0000,1126,0,40493700.000,0,-,-,-,-,2997.0000,2996.8000,2996.6000,2996.0000,2995.8000,2999.0000,2999.2000,2999.4000,2999.6000,2999.8000,1,1,2,1,1,3,2,2,2,3
SF,IH2009,2020-01-22 09:33:04.400,2997.0000,1126,0,40493700.000,0,-,-,-,-,2997.2000,2997.0000,2996.8000,2996.6000,2996.0000,2999.0000,2999.4000,2999.6000,2999.8000,3000.2000,1,1,1,2,1,3,2,2,3,3
SF,IH2009,2020-01-22 09:33:04.900,2997.0000,1126,0,40493700.000,0,-,-,-,-,2997.4000,2997.2000,2997.0000,2996.8000,2996.6000,2999.0000,2999.4000,2999.6000,2999.8000,3000.2000,1,1,1,1,1,1,2,2,3,3
SF,IH2009,2020-01-22 09:33:05.400,2997.0000,1126,0,40493700.000,0,-,-,-,-,2997.6000,2997.4000,2997.2000,2997.0000,2996.8000,2999.4000,2999.6000,2999.8000,3000.2000,3000.6000,1,1,1,1,1,2,2,3,3,2
SF,IH2009,2020-01-22 09:33:05.900,2997.0000,1126,0,40493700.000,0,-,-,-,-,2997.8000,2997.6000,2997.4000,2997.0000,2996.8000,2999.2000,2999.8000,3000.2000,3000.6000,3001.2000,2,1,1,1,1,1,3,3,2,3
SF,IH2009,2020-01-22 09:33:08.900,2997.8000,1126,0,41393040.000,1,0,1,多换,S,2997.8000,2997.6000,2997.4000,2997.0000,2996.8000,2999.2000,2999.8000,3000.2000,3000.6000,3001.2000,1,1,1,1,1,1,3,3,2,3
SF,IH2009,2020-01-22 09:33:09.400,2997.8000,1126,0,41393040.000,0,-,-,-,-,2998.0000,2997.6000,2997.4000,2997.0000,2996.8000,2999.2000,2999.8000,3000.2000,3000.6000,3001.2000,1,1,1,1,1,1,3,3,2,3
SF,IH2009,2020-01-22 09:33:11.900,2997.8000,1126,0,41393040.000,0,-,-,-,-,2998.0000,2997.6000,2997.4000,2997.0000,2996.8000,2999.0000,2999.2000,2999.8000,3000.2000,3000.6000,1,1,1,1,1,2,1,3,3,2
SF,IH2009,2020-01-22 09:33:12.400,2997.8000,1126,0,41393040.000,0,-,-,-,-,2998.0000,2997.6000,2997.4000,2997.0000,2996.8000,2999.2000,2999.8000,3000.2000,3000.6000,3001.2000,1,1,1,1,1,1,3,3,2,3
SF,IH2009,2020-01-22 09:33:12.900,2997.8000,1126,0,41393040.000,0,-,-,-,-,2998.0000,2997.6000,2997.4000,2996.8000,2996.6000,2999.0000,2999.2000,2999.8000,3000.2000,3000.6000,1,1,1,1,1,2,1,3,3,2
SF,IH2009,2020-01-22 09:33:13.400,2997.8000,1126,0,41393040.000,0,-,-,-,-,2998.0000,2997.4000,2996.8000,2996.0000,2995.8000,2999.0000,2999.2000,2999.8000,3000.2000,3000.6000,1,1,1,1,1,4,1,3,3,2
SF,IH2009,2020-01-22 09:33:13.900,2997.8000,1126,0,41393040.000,0,-,-,-,-,2998.0000,2996.8000,2996.0000,2995.8000,2995.0000,2999.0000,2999.2000,2999.8000,3000.2000,3000.6000,1,1,1,1,1,2,1,3,3,2
SF,IH2009,2020-01-22 09:33:14.400,2997.8000,1126,0,41393040.000,0,-,-,-,-,2998.0000,2996.8000,2996.0000,2995.8000,2995.0000,2998.8000,2999.0000,2999.8000,3000.2000,3000.6000,1,1,1,1,1,1,2,3,3,2
SF,IH2009,2020-01-22 09:33:14.900,2998.0000,1126,0,42292440.000,1,0,1,多换,S,2996.8000,2996.0000,2995.8000,2995.0000,2988.0000,2998.8000,2999.8000,3000.2000,3000.6000,3001.2000,1,1,1,1,1,1,3,3,2,3
SF,IH2009,2020-01-22 09:33:15.400,2998.0000,1126,0,42292440.000,0,-,-,-,-,2997.0000,2996.8000,2996.0000,2995.8000,2995.0000,2998.0000,2998.6000,2998.8000,2999.8000,3000.2000,1,1,1,1,1,1,1,1,3,3
SF,IH2009,2020-01-22 09:33:15.900,2998.0000,1126,0,42292440.000,0,-,-,-,-,2997.0000,2996.8000,2996.0000,2995.8000,2995.0000,2998.0000,2998.8000,2999.8000,3000.2000,3000.6000,1,1,1,1,1,2,1,3,3,2
SF,IH2009,2020-01-22 09:33:16.400,2998.0000,1126,0,42292440.000,0,-,-,-,-,2997.0000,2996.0000,2995.8000,2995.0000,2988.0000,2998.0000,2999.8000,3000.2000,3000.6000,3001.2000,1,1,1,1,1,2,3,3,2,3
SF,IH2009,2020-01-22 09:33:16.900,2998.0000,1126,0,42292440.000,0,-,-,-,-,2997.4000,2997.0000,2996.0000,2995.8000,2995.0000,2998.0000,2999.8000,3000.2000,3000.6000,3001.2000,1,1,1,1,1,1,3,3,2,3
SF,IH2009,2020-01-22 09:33:17.400,2998.0000,1126,0,42292440.000,0,-,-,-,-,2997.4000,2997.0000,2996.0000,2995.8000,2995.0000,2998.0000,2999.8000,3000.2000,3000.6000,3001.2000,1,1,1,1,1,1,3,3,2,3
SF,IH2009,2020-01-22 09:33:17.900,2998.0000,1126,0,42292440.000,0,-,-,-,-,2997.4000,2997.0000,2996.0000,2995.8000,2995.0000,2998.0000,2999.8000,3000.2000,3000.6000,3001.2000,1,1,1,1,1,1,3,3,2,3
SF,IH2009,2020-01-22 09:33:19.900,2997.4000,1126,0,43191660.000,1,0,1,多换,S,2997.0000,2996.0000,2995.8000,2995.0000,2988.0000,2998.0000,2999.8000,3000.2000,3000.6000,3001.2000,1,1,1,1,1,1,3,3,2,3
SF,IH2009,2020-01-22 09:33:20.400,2997.4000,1126,0,43191660.000,0,-,-,-,-,2997.0000,2996.0000,2995.8000,2995.0000,2988.0000,2997.4000,2998.0000,2999.8000,3000.2000,3000.6000,1,1,1,1,1,1,1,3,3,2
SF,IH2009,2020-01-22 09:33:21.900,2997.4000,1126,0,44090880.000,1,0,1,多换,S,2997.0000,2996.0000,2995.8000,2995.0000,2988.0000,2998.0000,2999.8000,3000.2000,3000.6000,3001.2000,1,1,1,1,1,1,3,3,2,3
SF,IH2009,2020-01-22 09:33:22.400,2997.4000,1126,0,44090880.000,0,-,-,-,-,2997.0000,2996.0000,2995.8000,2995.0000,2988.0000,2998.0000,2999.8000,3000.2000,3000.6000,3001.2000,1,1,1,1,1,1,3,3,2,3
SF,IH2009,2020-01-22 09:33:24.400,2997.4000,1126,0,44090880.000,0,-,-,-,-,2997.0000,2996.0000,2995.8000,2995.0000,2988.0000,2999.8000,3000.2000,3000.6000,3001.2000,3001.4000,1,1,1,1,1,3,3,2,3,3
SF,IH2009,2020-01-22 09:33:24.900,2997.4000,1126,0,44090880.000,0,-,-,-,-,2997.0000,2996.0000,2995.8000,2995.0000,2988.0000,2999.4000,2999.6000,2999.8000,3000.2000,3000.6000,1,1,1,1,1,2,4,3,3,2
SF,IH2009,2020-01-22 09:33:25.400,2997.4000,1126,0,44090880.000,0,-,-,-,-,2996.0000,2995.8000,2995.0000,2988.0000,2986.8000,2999.0000,2999.2000,2999.6000,2999.8000,3000.2000,1,1,1,1,5,2,2,3,3,3
SF,IH2009,2020-01-22 09:33:25.900,2997.4000,1126,0,44090880.000,0,-,-,-,-,2996.2000,2996.0000,2995.8000,2995.0000,2988.0000,2998.8000,2999.0000,2999.2000,2999.6000,2999.8000,1,1,1,1,1,3,2,1,2,3
SF,IH2009,2020-01-22 09:33:27.400,2997.4000,1126,0,44090880.000,0,-,-,-,-,2996.2000,2996.0000,2995.8000,2995.0000,2988.0000,2998.8000,2999.0000,2999.2000,2999.6000,2999.8000,1,2,1,1,1,3,2,1,2,3
SF,IH2009,2020-01-22 09:33:30.400,2997.4000,1126,0,44090880.000,0,-,-,-,-,2996.2000,2996.0000,2995.8000,2995.0000,2988.0000,2998.8000,2999.0000,2999.2000,2999.6000,2999.8000,1,2,1,1,1,1,2,1,2,3
SF,IH2009,2020-01-22 09:33:31.900,2997.4000,1126,0,44090880.000,0,-,-,-,-,2996.2000,2996.0000,2995.8000,2995.0000,2988.0000,2998.6000,2998.8000,2999.0000,2999.2000,2999.6000,1,2,1,1,1,1,1,2,1,2
SF,IH2009,2020-01-22 09:33:32.400,2997.4000,1126,0,44090880.000,0,-,-,-,-,2996.2000,2996.0000,2995.8000,2995.0000,2988.0000,2998.4000,2998.6000,2999.0000,2999.2000,2999.6000,1,2,1,1,1,1,1,2,1,2
SF,IH2009,2020-01-22 09:33:32.900,2997.4000,1126,0,44090880.000,0,-,-,-,-,2996.4000,2996.2000,2996.0000,2995.8000,2995.0000,2998.0000,3000.2000,3000.6000,3001.2000,3001.4000,4,1,2,1,1,1,3,2,3,3
SF,IH2009,2020-01-22 09:33:33.400,2997.4000,1126,0,44090880.000,0,-,-,-,-,2996.6000,2996.0000,2995.8000,2995.0000,2988.0000,2998.0000,3000.2000,3000.6000,3001.2000,3001.4000,1,2,1,1,1,1,3,2,3,3
SF,IH2009,2020-01-22 09:33:33.900,2997.4000,1126,0,44090880.000,0,-,-,-,-,2996.6000,2996.0000,2995.8000,2995.0000,2988.0000,3000.2000,3000.6000,3001.2000,3001.4000,3001.6000,1,2,1,1,1,3,2,3,3,1
SF,IH2009,2020-01-22 09:33:34.400,2997.4000,1126,0,44090880.000,0,-,-,-,-,2998.0000,2996.0000,2995.8000,2995.0000,2988.0000,3000.0000,3000.2000,3000.6000,3001.2000,3001.4000,1,2,1,1,1,3,3,2,3,3
SF,IH2009,2020-01-22 09:33:34.900,2998.0000,1126,0,44990280.000,1,0,1,多换,S,2996.0000,2995.8000,2995.0000,2988.0000,2986.8000,2999.8000,3000.0000,3000.2000,3000.6000,3001.2000,2,1,1,1,5,2,2,3,2,3
SF,IH2009,2020-01-22 09:33:35.400,2998.0000,1126,0,44990280.000,0,-,-,-,-,2996.2000,2996.0000,2995.8000,2995.0000,2988.0000,2999.6000,2999.8000,3000.0000,3000.2000,3000.6000,1,2,1,1,1,2,2,1,3,2
SF,IH2009,2020-01-22 09:33:36.900,2998.0000,1126,0,44990280.000,0,-,-,-,-,2996.2000,2996.0000,2995.8000,2995.0000,2988.0000,2998.6000,2999.6000,2999.8000,3000.0000,3000.2000,1,2,1,1,1,1,2,2,1,3
SF,IH2009,2020-01-22 09:33:37.400,2998.0000,1126,0,44990280.000,0,-,-,-,-,2996.2000,2996.0000,2995.8000,2995.0000,2988.0000,2998.4000,2998.6000,2999.6000,3000.0000,3000.2000,1,2,1,1,1,1,1,1,1,3
SF,IH2009,2020-01-22 09:33:37.900,2998.0000,1126,0,44990280.000,0,-,-,-,-,2996.2000,2996.0000,2995.8000,2995.0000,2988.0000,2998.4000,2999.6000,3000.0000,3000.2000,3000.6000,1,2,1,1,1,1,1,1,3,2
SF,IH2009,2020-01-22 09:33:39.400,2998.0000,1126,0,44990280.000,0,-,-,-,-,2996.2000,2996.0000,2995.8000,2995.0000,2988.0000,2998.2000,2998.4000,2999.6000,3000.0000,3000.2000,1,2,1,1,1,1,1,1,1,3
SF,IH2009,2020-01-22 09:33:40.400,2998.0000,1126,0,44990280.000,0,-,-,-,-,2996.2000,2996.0000,2995.8000,2995.0000,2988.0000,2998.0000,2998.2000,2998.4000,2999.6000,3000.0000,1,2,1,1,1,2,1,1,1,1
SF,IH2009,2020-01-22 09:33:40.900,2998.0000,1126,0,44990280.000,0,-,-,-,-,2996.2000,2996.0000,2995.8000,2995.0000,2988.0000,2997.8000,2998.0000,2999.6000,3000.0000,3000.2000,1,2,1,1,1,1,2,1,1,3
SF,IH2009,2020-01-22 09:33:41.400,2998.0000,1126,0,44990280.000,0,-,-,-,-,2996.2000,2996.0000,2995.8000,2995.0000,2988.0000,2997.8000,2999.6000,3000.0000,3000.2000,3000.6000,1,2,1,1,1,1,1,1,3,2
SF,IH2009,2020-01-22 09:33:41.900,2998.0000,1126,0,44990280.000,0,-,-,-,-,2996.2000,2996.0000,2995.8000,2995.0000,2988.0000,2997.6000,2997.8000,2999.6000,3000.0000,3000.2000,1,2,1,1,1,2,1,1,1,3
SF,IH2009,2020-01-22 09:33:42.400,2998.0000,1126,0,44990280.000,0,-,-,-,-,2996.0000,2995.8000,2995.0000,2988.0000,2986.8000,2997.4000,2997.6000,2999.6000,3000.0000,3000.2000,2,1,1,1,5,1,2,1,1,3
SF,IH2009,2020-01-22 09:33:43.400,2998.0000,1126,0,44990280.000,0,-,-,-,-,2996.2000,2996.0000,2995.8000,2995.0000,2988.0000,2997.4000,2997.6000,2999.6000,3000.0000,3000.2000,1,2,1,1,1,1,2,1,1,3
SF,IH2009,2020-01-22 09:33:44.400,2998.0000,1126,0,44990280.000,0,-,-,-,-,2996.2000,2996.0000,2995.8000,2995.0000,2988.0000,2997.2000,2997.4000,2997.6000,2999.6000,3000.0000,1,2,1,1,1,2,1,1,1,1
SF,IH2009,2020-01-22 09:33:44.900,2997.4000,1126,0,45889500.000,1,0,1,多换,S,2996.2000,2996.0000,2995.8000,2995.0000,2988.0000,2997.2000,2997.4000,2999.6000,3000.0000,3000.2000,1,2,1,1,1,1,1,1,1,3
SF,IH2009,2020-01-22 09:33:45.400,2997.4000,1126,0,45889500.000,0,-,-,-,-,2996.2000,2996.0000,2995.8000,2995.0000,2988.0000,2997.2000,2999.6000,3000.0000,3000.2000,3000.6000,1,2,1,1,1,1,1,1,3,2
SF,IH2009,2020-01-22 09:33:46.400,2996.2000,1126,0,46788360.000,1,0,1,多换,S,2996.0000,2995.8000,2995.0000,2988.0000,2986.8000,2997.2000,2999.6000,3000.0000,3000.2000,3000.6000,2,1,1,1,5,1,1,1,3,2
SF,IH2009,2020-01-22 09:33:46.900,2996.2000,1126,0,46788360.000,0,-,-,-,-,2996.0000,2995.8000,2995.0000,2988.0000,2986.8000,2997.0000,2999.6000,3000.0000,3000.2000,3000.6000,2,1,1,1,5,2,1,1,3,2
SF,IH2009,2020-01-22 09:33:51.900,2996.2000,1126,0,46788360.000,0,-,-,-,-,2996.0000,2995.8000,2995.0000,2988.0000,2986.8000,2997.0000,2999.6000,3000.0000,3000.2000,3000.6000,2,1,1,1,5,2,1,1,3,2
SF,IH2009,2020-01-22 09:33:53.400,2996.0000,1126,0,47687160.000,1,0,1,多换,S,2996.0000,2995.8000,2995.0000,2988.0000,2986.8000,2997.0000,2999.6000,3000.0000,3000.2000,3000.6000,1,1,1,1,5,2,1,1,3,2
SF,IH2009,2020-01-22 09:33:53.900,2996.0000,1126,0,47687160.000,0,-,-,-,-,2996.0000,2995.8000,2995.0000,2988.0000,2986.8000,2996.8000,2997.0000,2999.6000,3000.0000,3000.2000,1,1,1,1,5,2,2,1,1,3
SF,IH2009,2020-01-22 09:33:54.400,2996.0000,1127,1,48585960.000,1,1,0,双开,S,2996.2000,2995.8000,2995.0000,2988.0000,2986.8000,2996.8000,2997.0000,2999.6000,3000.0000,3000.2000,1,1,1,1,5,2,1,1,1,3
SF,IH2009,2020-01-22 09:33:54.900,2996.0000,1127,0,48585960.000,0,-,-,-,-,2996.2000,2995.8000,2995.0000,2988.0000,2986.8000,2997.0000,2999.6000,3000.0000,3000.2000,3000.6000,1,1,1,1,5,1,1,1,3,2
SF,IH2009,2020-01-22 09:33:55.400,2996.2000,1127,0,49484820.000,1,0,1,多换,S,2995.8000,2995.0000,2988.0000,2986.8000,2950.2000,2997.0000,2999.6000,3000.0000,3000.2000,3000.6000,1,1,1,5,1,1,1,1,3,2
SF,IH2009,2020-01-22 09:33:55.900,2996.2000,1127,0,49484820.000,0,-,-,-,-,2995.8000,2995.0000,2988.0000,2986.8000,2950.2000,2996.8000,2997.0000,2999.6000,3000.0000,3000.2000,1,1,1,5,1,1,1,1,1,3
SF,IH2009,2020-01-22 09:33:56.400,2996.2000,1127,0,49484820.000,0,-,-,-,-,2995.8000,2995.0000,2988.0000,2986.8000,2950.2000,2996.6000,2996.8000,2999.6000,3000.0000,3000.2000,1,1,1,5,1,1,1,1,1,3
SF,IH2009,2020-01-22 09:33:56.900,2996.2000,1127,0,49484820.000,0,-,-,-,-,2995.8000,2995.0000,2988.0000,2986.8000,2950.2000,2996.6000,2999.6000,3000.0000,3000.2000,3000.6000,1,1,1,5,1,1,1,1,3,2
SF,IH2009,2020-01-22 09:33:57.400,2996.2000,1127,0,49484820.000,0,-,-,-,-,2995.8000,2995.0000,2988.0000,2986.8000,2950.2000,2996.6000,2999.6000,3000.0000,3000.2000,3000.6000,1,1,1,5,1,1,1,1,3,2
SF,IH2009,2020-01-22 09:33:57.900,2995.8000,1127,0,50383560.000,1,0,1,多换,S,2995.0000,2988.0000,2986.8000,2950.2000,2800.0000,2995.8000,2996.4000,2999.6000,3000.0000,3000.2000,1,1,5,1,2,1,1,1,1,3
SF,IH2009,2020-01-22 09:33:58.400,2995.0000,1127,0,51282060.000,1,0,1,多换,S,2988.0000,2986.8000,2950.2000,2800.0000,2770.0000,2995.8000,2996.4000,2999.6000,3000.0000,3000.2000,1,5,1,2,5,1,1,1,1,3
SF,IH2009,2020-01-22 09:33:58.900,2995.0000,1127,0,51282060.000,0,-,-,-,-,2990.4000,2988.2000,2988.0000,2986.8000,2950.2000,2995.8000,2996.4000,2999.6000,3000.0000,3000.2000,1,5,1,5,1,1,1,1,1,3
SF,IH2009,2020-01-22 09:33:59.400,2995.0000,1127,0,51282060.000,0,-,-,-,-,2990.6000,2990.4000,2988.2000,2988.0000,2986.8000,2995.6000,2995.8000,2996.4000,2999.6000,3000.0000,5,1,4,1,5,1,1,1,1,1
SF,IH2009,2020-01-22 09:33:59.900,2995.0000,1127,0,51282060.000,0,-,-,-,-,2990.6000,2990.4000,2988.2000,2988.0000,2986.8000,2995.6000,2995.8000,2996.4000,2999.6000,3000.0000,5,1,4,1,5,1,1,1,1,1
SF,IH2009,2020-01-22 09:34:00.400,2995.0000,1127,0,51282060.000,0,-,-,-,-,2990.6000,2990.4000,2988.2000,2988.0000,2986.8000,2995.6000,2995.8000,2996.4000,2999.6000,3000.0000,5,1,4,1,5,1,1,1,1,1
SF,IH2009,2020-01-22 09:34:02.400,2995.0000,1127,0,51282060.000,0,-,-,-,-,2990.6000,2990.4000,2988.2000,2988.0000,2986.8000,2995.6000,2995.8000,2996.4000,2999.6000,3000.0000,5,1,4,1,5,1,1,1,1,1
SF,IH2009,2020-01-22 09:34:04.900,2995.0000,1127,0,51282060.000,0,-,-,-,-,2990.6000,2990.4000,2988.2000,2988.0000,2986.8000,2995.4000,2995.6000,2995.8000,2996.4000,2999.6000,5,1,4,1,5,2,1,1,1,1
SF,IH2009,2020-01-22 09:34:05.400,2995.0000,1127,0,51282060.000,0,-,-,-,-,2990.6000,2990.4000,2988.2000,2988.0000,2986.8000,2995.2000,2995.4000,2995.6000,2995.8000,2996.4000,5,1,4,1,5,1,2,1,1,1
SF,IH2009,2020-01-22 09:34:06.400,2995.0000,1127,0,51282060.000,0,-,-,-,-,2990.6000,2988.2000,2988.0000,2986.8000,2960.0000,2995.2000,2995.4000,2995.6000,2995.8000,2996.4000,5,4,1,5,2,1,2,1,1,1
SF,IH2009,2020-01-22 09:34:06.900,2995.0000,1127,0,51282060.000,0,-,-,-,-,2990.6000,2988.2000,2988.0000,2986.8000,2960.0000,2995.0000,2995.2000,2995.4000,2995.6000,2995.8000,5,4,1,5,2,2,1,2,1,1
SF,IH2009,2020-01-22 09:34:07.400,2995.0000,1127,0,51282060.000,0,-,-,-,-,2990.6000,2988.2000,2988.0000,2983.0000,2960.0000,2994.8000,2995.0000,2995.2000,2995.4000,2995.6000,5,4,1,5,2,1,2,1,2,1
SF,IH2009,2020-01-22 09:34:07.900,2995.0000,1128,1,52180560.000,1,1,0,双开,S,2990.6000,2988.2000,2988.0000,2983.0000,2960.0000,2994.8000,2995.0000,2995.2000,2995.4000,2995.6000,5,4,1,5,2,1,2,1,2,1
SF,IH2009,2020-01-22 09:34:08.400,2995.0000,1128,0,52180560.000,0,-,-,-,-,2990.6000,2988.2000,2988.0000,2983.0000,2960.0000,2994.8000,2995.2000,2995.4000,2995.6000,2995.8000,5,4,1,5,2,1,1,2,1,1
SF,IH2009,2020-01-22 09:34:08.900,2995.0000,1128,0,52180560.000,0,-,-,-,-,2990.6000,2990.4000,2988.2000,2988.0000,2983.0000,2994.8000,2995.2000,2995.4000,2995.6000,2995.8000,5,1,4,1,5,1,1,2,1,1
SF,IH2009,2020-01-22 09:34:09.400,2995.0000,1128,0,52180560.000,0,-,-,-,-,2990.6000,2988.2000,2988.0000,2983.0000,2960.0000,2994.8000,2995.2000,2995.8000,2996.4000,2999.6000,5,4,1,5,2,1,1,1,1,1
SF,IH2009,2020-01-22 09:34:10.400,2995.0000,1128,0,52180560.000,0,-,-,-,-,2990.6000,2990.4000,2988.2000,2988.0000,2983.0000,2994.8000,2995.2000,2995.8000,2996.4000,2999.6000,5,1,4,1,5,1,1,1,1,1
SF,IH2009,2020-01-22 09:34:10.900,2995.0000,1128,0,52180560.000,0,-,-,-,-,2990.6000,2990.4000,2988.2000,2988.0000,2983.0000,2994.8000,2995.8000,2996.4000,2999.6000,3000.0000,5,1,4,1,5,1,1,1,1,1
SF,IH2009,2020-01-22 09:34:11.400,2995.0000,1128,0,52180560.000,0,-,-,-,-,2990.6000,2988.2000,2988.0000,2983.0000,2960.0000,2994.8000,2995.8000,2996.4000,2999.6000,3000.0000,5,4,1,5,2,1,1,1,1,1
SF,IH2009,2020-01-22 09:34:11.900,2994.8000,1128,0,53079000.000,1,0,1,多换,S,2990.6000,2988.2000,2988.0000,2983.0000,2960.0000,2995.8000,2996.4000,2999.6000,3000.0000,3000.2000,5,4,1,5,2,1,1,1,1,3
SF,IH2009,2020-01-22 09:34:12.400,2994.8000,1128,0,53079000.000,0,-,-,-,-,2990.6000,2988.2000,2988.0000,2983.0000,2960.0000,2994.6000,2995.6000,2995.8000,2996.0000,2996.4000,5,4,1,5,2,1,1,1,1,1
SF,IH2009,2020-01-22 09:34:12.900,2994.8000,1128,0,53079000.000,0,-,-,-,-,2990.6000,2988.2000,2988.0000,2983.0000,2960.0000,2994.4000,2994.6000,2995.6000,2995.8000,2996.0000,5,4,1,5,2,1,1,1,1,1
SF,IH2009,2020-01-22 09:34:13.400,2994.8000,1128,0,53079000.000,0,-,-,-,-,2990.6000,2988.2000,2988.0000,2983.0000,2960.0000,2994.2000,2994.6000,2995.6000,2995.8000,2996.0000,5,4,1,5,2,1,1,1,1,1
SF,IH2009,2020-01-22 09:34:13.900,2994.8000,1128,0,53079000.000,0,-,-,-,-,2990.6000,2988.2000,2988.0000,2983.0000,2960.0000,2994.2000,2995.6000,2995.8000,2996.0000,2996.4000,5,4,1,5,2,1,1,1,1,1
SF,IH2009,2020-01-22 09:34:20.400,2994.8000,1128,0,53079000.000,0,-,-,-,-,2990.6000,2988.2000,2988.0000,2983.0000,2960.0000,2994.0000,2994.2000,2995.6000,2995.8000,2996.0000,5,4,1,5,2,1,1,1,1,1
SF,IH2009,2020-01-22 09:34:20.900,2994.8000,1128,0,53079000.000,0,-,-,-,-,2990.6000,2988.2000,2988.0000,2983.0000,2960.0000,2993.8000,2994.2000,2995.6000,2995.8000,2996.0000,5,4,1,5,2,1,1,1,1,1
SF,IH2009,2020-01-22 09:34:21.900,2990.6000,1129,1,53976180.000,1,1,0,双开,S,2990.6000,2988.2000,2988.0000,2983.0000,2960.0000,2993.8000,2994.2000,2995.6000,2995.8000,2996.0000,4,4,1,5,2,1,1,1,1,1
SF,IH2009,2020-01-22 09:34:22.400,2990.6000,1129,0,53976180.000,0,-,-,-,-,2990.8000,2990.6000,2988.2000,2988.0000,2983.0000,2993.6000,2993.8000,2994.2000,2995.6000,2995.8000,1,4,4,1,5,1,1,1,1,1
SF,IH2009,2020-01-22 09:34:22.900,2990.6000,1129,0,53976180.000,0,-,-,-,-,2991.0000,2990.8000,2990.6000,2988.2000,2988.0000,2993.4000,2993.6000,2993.8000,2994.2000,2995.6000,4,1,3,4,1,1,1,1,1,1
SF,IH2009,2020-01-22 09:34:23.400,2990.6000,1129,0,53976180.000,0,-,-,-,-,2991.2000,2991.0000,2990.8000,2990.6000,2988.2000,2993.4000,2993.6000,2993.8000,2994.2000,2995.6000,2,4,1,3,4,1,1,1,1,1
SF,IH2009,2020-01-22 09:34:23.900,2990.6000,1129,0,53976180.000,0,-,-,-,-,2991.4000,2991.2000,2991.0000,2990.8000,2990.6000,2993.4000,2993.6000,2993.8000,2994.2000,2995.6000,4,1,3,1,3,1,1,1,1,1
SF,IH2009,2020-01-22 09:34:24.400,2990.6000,1129,0,53976180.000,0,-,-,-,-,2991.6000,2991.4000,2991.2000,2991.0000,2990.8000,2993.4000,2993.8000,2994.2000,2995.6000,2995.8000,1,4,1,3,1,1,1,1,1,1
SF,IH2009,2020-01-22 09:34:24.900,2990.6000,1129,0,53976180.000,0,-,-,-,-,2991.8000,2991.6000,2991.4000,2991.2000,2991.0000,2993.4000,2993.8000,2994.2000,2995.6000,2996.0000,3,1,3,1,3,1,1,1,1,1
SF,IH2009,2020-01-22 09:34:25.900,2990.6000,1129,0,53976180.000,0,-,-,-,-,2991.8000,2991.6000,2991.4000,2991.2000,2991.0000,2993.4000,2993.8000,2994.2000,2995.6000,2996.0000,1,1,3,1,3,1,1,1,1,1
SF,IH2009,2020-01-22 09:34:26.400,2990.6000,1129,0,53976180.000,0,-,-,-,-,2991.8000,2991.4000,2991.2000,2991.0000,2990.8000,2993.2000,2993.4000,2993.8000,2994.2000,2995.6000,1,3,1,3,1,1,1,1,1,1
SF,IH2009,2020-01-22 09:34:26.900,2990.6000,1129,0,53976180.000,0,-,-,-,-,2991.8000,2991.4000,2991.2000,2991.0000,2990.8000,2993.0000,2993.2000,2993.4000,2993.8000,2994.2000,1,3,1,3,1,1,1,1,1,1
SF,IH2009,2020-01-22 09:34:27.900,2990.6000,1129,0,53976180.000,0,-,-,-,-,2991.8000,2991.4000,2991.2000,2991.0000,2990.8000,2992.8000,2993.0000,2993.4000,2993.8000,2994.2000,1,3,1,3,1,1,1,1,1,1
SF,IH2009,2020-01-22 09:34:28.400,2990.6000,1129,0,53976180.000,0,-,-,-,-,2991.8000,2991.0000,2990.8000,2990.6000,2988.2000,2992.8000,2993.0000,2993.4000,2993.8000,2994.2000,1,3,1,3,3,1,1,1,1,1
SF,IH2009,2020-01-22 09:34:28.900,2990.6000,1129,0,53976180.000,0,-,-,-,-,2991.0000,2990.8000,2990.6000,2988.2000,2988.0000,2992.8000,2993.0000,2993.4000,2993.8000,2994.2000,3,1,3,3,1,1,1,1,1,1
SF,IH2009,2020-01-22 09:34:29.400,2990.6000,1129,0,53976180.000,0,-,-,-,-,2991.2000,2990.6000,2988.2000,2988.0000,2983.0000,2992.8000,2993.0000,2993.4000,2993.8000,2994.2000,1,3,3,1,5,2,1,1,1,1
SF,IH2009,2020-01-22 09:34:29.900,2990.6000,1129,0,53976180.000,0,-,-,-,-,2991.2000,2988.2000,2988.0000,2983.0000,2960.0000,2992.6000,2992.8000,2993.0000,2993.4000,2993.8000,1,3,1,5,2,2,1,1,1,1
SF,IH2009,2020-01-22 09:34:30.400,2990.6000,1129,0,53976180.000,0,-,-,-,-,2988.2000,2988.0000,2983.0000,2960.0000,2950.2000,2992.4000,2992.6000,2992.8000,2993.0000,2993.4000,3,1,5,2,1,1,2,1,1,1
SF,IH2009,2020-01-22 09:34:30.900,2990.6000,1129,0,53976180.000,0,-,-,-,-,2988.4000,2988.2000,2988.0000,2983.0000,2960.0000,2992.4000,2992.6000,2992.8000,2993.0000,2993.4000,4,3,1,5,2,1,1,1,1,1
SF,IH2009,2020-01-22 09:34:31.400,2990.6000,1129,0,53976180.000,0,-,-,-,-,2988.6000,2988.4000,2988.2000,2988.0000,2983.0000,2992.4000,2992.6000,2992.8000,2993.0000,2993.4000,1,4,3,1,5,1,1,1,1,1
SF,IH2009,2020-01-22 09:34:31.900,2990.6000,1129,0,53976180.000,0,-,-,-,-,2988.8000,2988.6000,2988.4000,2988.2000,2988.0000,2992.4000,2992.6000,2992.8000,2993.0000,2993.4000,4,1,3,3,1,1,1,1,1,1
SF,IH2009,2020-01-22 09:34:32.400,2990.6000,1129,0,53976180.000,0,-,-,-,-,2989.0000,2988.8000,2988.6000,2988.4000,2988.2000,2992.4000,2992.6000,2992.8000,2993.0000,2993.4000,1,4,1,3,3,1,1,1,1,1
SF,IH2009,2020-01-22 09:34:32.900,2990.6000,1129,0,53976180.000,0,-,-,-,-,2989.2000,2989.0000,2988.8000,2988.6000,2988.4000,2992.4000,2992.6000,2992.8000,2993.0000,2993.4000,3,1,3,1,3,1,1,1,1,1
SF,IH2009,2020-01-22 09:34:33.400,2990.6000,1129,0,53976180.000,0,-,-,-,-,2989.4000,2989.2000,2989.0000,2988.8000,2988.6000,2992.2000,2992.4000,2992.6000,2992.8000,2993.0000,1,3,1,3,1,1,1,1,1,1
SF,IH2009,2020-01-22 09:34:33.900,2990.6000,1129,0,53976180.000,0,-,-,-,-,2989.8000,2989.6000,2989.4000,2989.2000,2989.0000,2992.0000,2992.4000,2992.6000,2992.8000,2993.0000,1,4,1,2,1,1,1,1,1,1
SF,IH2009,2020-01-22 09:34:34.400,2990.6000,1129,0,53976180.000,0,-,-,-,-,2990.0000,2989.8000,2989.6000,2989.4000,2989.2000,2992.0000,2992.4000,2992.6000,2992.8000,2993.0000,4,1,3,1,2,1,1,1,1,1
SF,IH2009,2020-01-22 09:34:35.400,2990.6000,1129,0,53976180.000,0,-,-,-,-,2990.0000,2989.6000,2989.4000,2989.2000,2989.0000,2992.0000,2992.4000,2992.6000,2992.8000,2993.0000,4,3,1,2,1,1,1,1,1,1
SF,IH2009,2020-01-22 09:34:35.900,2990.6000,1129,0,53976180.000,0,-,-,-,-,2990.0000,2989.6000,2989.4000,2989.2000,2989.0000,2991.8000,2992.0000,2992.4000,2992.6000,2992.8000,4,3,1,2,1,1,1,1,1,1
SF,IH2009,2020-01-22 09:34:36.400,2990.6000,1129,0,53976180.000,0,-,-,-,-,2990.0000,2989.6000,2989.4000,2989.2000,2989.0000,2991.6000,2991.8000,2992.0000,2992.4000,2992.6000,4,3,1,2,1,1,1,1,1,1
SF,IH2009,2020-01-22 09:34:36.900,2990.6000,1129,0,53976180.000,0,-,-,-,-,2990.0000,2989.6000,2989.4000,2989.2000,2989.0000,2991.6000,2991.8000,2992.4000,2992.6000,2992.8000,4,3,1,2,1,1,1,1,1,1
SF,IH2009,2020-01-22 09:34:37.400,2990.6000,1129,0,53976180.000,0,-,-,-,-,2990.2000,2990.0000,2989.6000,2989.4000,2989.2000,2991.6000,2992.4000,2992.6000,2992.8000,2993.0000,1,4,3,1,2,1,1,1,1,1
SF,IH2009,2020-01-22 09:34:37.900,2990.6000,1129,0,53976180.000,0,-,-,-,-,2990.4000,2990.2000,2990.0000,2989.6000,2989.4000,2991.6000,2992.4000,2992.6000,2992.8000,2993.0000,2,1,3,3,1,1,1,1,1,1
SF,IH2009,2020-01-22 09:34:38.400,2990.6000,1129,0,53976180.000,0,-,-,-,-,2990.4000,2990.2000,2990.0000,2989.6000,2989.4000,2991.6000,2992.4000,2992.6000,2992.8000,2993.0000,5,1,3,3,1,1,1,1,1,1
SF,IH2009,2020-01-22 09:34:38.900,2991.6000,1128,-1,54873660.000,1,0,1,双平,S,2990.6000,2990.4000,2990.0000,2989.6000,2989.4000,2992.4000,2992.6000,2992.8000,2995.6000,2996.0000,1,5,3,3,1,1,1,1,1,1
SF,IH2009,2020-01-22 09:34:39.400,2991.6000,1128,0,54873660.000,0,-,-,-,-,2990.8000,2990.6000,2990.4000,2990.0000,2989.6000,2992.4000,2992.6000,2992.8000,2995.6000,2996.0000,2,1,3,3,3,1,1,1,1,1
SF,IH2009,2020-01-22 09:34:39.900,2991.6000,1128,0,54873660.000,0,-,-,-,-,2990.8000,2990.6000,2990.4000,2990.0000,2989.6000,2992.4000,2992.6000,2992.8000,2995.6000,2996.0000,1,1,3,3,3,1,1,1,1,1
SF,IH2009,2020-01-22 09:34:41.400,2991.6000,1128,0,54873660.000,0,-,-,-,-,2990.8000,2990.4000,2990.0000,2989.6000,2989.4000,2992.4000,2992.6000,2992.8000,2995.6000,2996.0000,1,3,3,3,1,1,1,1,1,1
SF,IH2009,2020-01-22 09:34:41.900,2991.6000,1128,0,54873660.000,0,-,-,-,-,2990.8000,2990.0000,2989.6000,2989.4000,2989.2000,2992.2000,2992.4000,2992.6000,2992.8000,2995.6000,1,3,3,1,2,1,1,1,1,1
SF,IH2009,2020-01-22 09:34:42.400,2991.6000,1128,0,54873660.000,0,-,-,-,-,2990.8000,2990.0000,2989.6000,2989.4000,2989.2000,2992.2000,2992.4000,2992.6000,2992.8000,2995.6000,1,3,3,1,2,2,1,1,1,1
SF,IH2009,2020-01-22 09:34:44.400,2991.6000,1128,0,54873660.000,0,-,-,-,-,2990.8000,2990.0000,2989.6000,2989.4000,2989.2000,2992.2000,2992.4000,2992.6000,2992.8000,2995.6000,1,3,3,1,2,1,1,1,1,1
SF,IH2009,2020-01-22 09:34:45.400,2991.6000,1128,0,54873660.000,0,-,-,-,-,2990.8000,2990.4000,2990.0000,2989.6000,2989.4000,2992.2000,2992.4000,2992.6000,2992.8000,2995.6000,1,5,3,3,1,1,1,1,1,1
SF,IH2009,2020-01-22 09:34:45.900,2991.6000,1128,0,54873660.000,0,-,-,-,-,2990.8000,2990.4000,2990.0000,2989.6000,2989.4000,2992.2000,2992.4000,2992.8000,2995.6000,2996.0000,1,5,3,3,1,1,1,1,1,1
SF,IH2009,2020-01-22 09:34:47.400,2991.6000,1128,0,54873660.000,0,-,-,-,-,2990.8000,2990.4000,2989.6000,2989.4000,2989.2000,2992.2000,2992.4000,2992.8000,2995.6000,2996.0000,1,5,3,1,2,1,1,1,1,1
SF,IH2009,2020-01-22 09:34:47.900,2991.6000,1128,0,54873660.000,0,-,-,-,-,2990.8000,2990.4000,2989.6000,2989.4000,2989.2000,2992.2000,2992.4000,2992.8000,2995.6000,2996.0000,1,5,3,1,2,1,1,1,1,1
SF,IH2009,2020-01-22 09:34:53.900,2991.6000,1128,0,54873660.000,0,-,-,-,-,2990.8000,2990.4000,2989.6000,2989.4000,2989.2000,2992.4000,2992.8000,2995.6000,2996.0000,2996.4000,1,5,3,1,2,1,1,1,1,1
SF,IH2009,2020-01-22 09:34:54.400,2991.6000,1128,0,54873660.000,0,-,-,-,-,2991.0000,2990.8000,2990.4000,2989.6000,2989.4000,2992.4000,2995.6000,2996.0000,2996.4000,2999.6000,2,1,5,3,1,1,1,1,1,1
SF,IH2009,2020-01-22 09:34:54.900,2991.6000,1128,0,54873660.000,0,-,-,-,-,2991.2000,2991.0000,2990.4000,2989.6000,2989.4000,2995.6000,2996.0000,2996.4000,2999.6000,3000.0000,1,2,5,3,1,1,1,1,1,1
SF,IH2009,2020-01-22 09:34:55.400,2991.6000,1128,0,54873660.000,0,-,-,-,-,2991.2000,2991.0000,2990.4000,2989.6000,2989.4000,2995.4000,2995.6000,2996.0000,2996.4000,2999.6000,4,1,5,3,1,1,1,1,1,1
SF,IH2009,2020-01-22 09:34:55.900,2991.6000,1128,0,54873660.000,0,-,-,-,-,2991.4000,2991.2000,2991.0000,2990.4000,2989.6000,2995.2000,2995.4000,2995.6000,2996.0000,2996.4000,1,4,1,5,3,1,1,1,1,1
SF,IH2009,2020-01-22 09:34:56.400,2991.6000,1128,0,54873660.000,0,-,-,-,-,2991.6000,2991.4000,2991.2000,2990.4000,2989.6000,2995.0000,2995.2000,2995.4000,2995.6000,2996.0000,1,1,3,5,3,1,1,1,1,1
SF,IH2009,2020-01-22 09:34:56.900,2991.6000,1128,0,54873660.000,0,-,-,-,-,2991.6000,2990.4000,2989.6000,2989.4000,2989.2000,2994.8000,2995.0000,2995.2000,2995.4000,2995.6000,1,5,3,1,2,1,1,1,1,1
SF,IH2009,2020-01-22 09:34:57.400,2994.6000,1129,1,55772040.000,1,1,0,双开,S,2991.6000,2990.4000,2989.6000,2989.4000,2989.2000,2994.8000,2995.2000,2996.0000,3002.0000,3004.6000,1,5,3,1,2,1,1,1,6,1
SF,IH2009,2020-01-22 09:34:57.900,2994.6000,1129,0,55772040.000,0,-,-,-,-,2991.8000,2991.6000,2990.4000,2989.6000,2989.4000,2994.8000,2995.2000,2996.0000,3002.0000,3004.6000,1,1,5,3,1,1,1,1,6,1
SF,IH2009,2020-01-22 09:34:58.400,2994.6000,1129,0,55772040.000,0,-,-,-,-,2992.0000,2991.8000,2990.4000,2989.6000,2989.4000,2994.8000,2995.2000,2996.0000,3002.0000,3004.6000,2,1,5,3,1,1,1,1,6,1
SF,IH2009,2020-01-22 09:34:58.900,2994.6000,1129,0,55772040.000,0,-,-,-,-,2992.0000,2991.8000,2990.4000,2989.6000,2989.4000,2994.4000,2994.8000,2995.2000,2996.0000,3002.0000,2,1,5,3,1,1,1,1,1,6
SF,IH2009,2020-01-22 09:34:59.400,2994.6000,1129,0,55772040.000,0,-,-,-,-,2992.2000,2992.0000,2990.4000,2989.6000,2989.4000,2994.0000,2994.2000,2994.8000,2995.2000,2996.0000,1,2,5,3,1,1,1,1,1,1
SF,IH2009,2020-01-22 09:34:59.900,2994.6000,1129,0,55772040.000,0,-,-,-,-,2992.4000,2992.2000,2990.4000,2989.6000,2989.4000,2993.8000,2994.0000,2994.2000,2994.8000,2995.2000,1,1,5,3,1,1,1,1,1,1
SF,IH2009,2020-01-22 09:35:00.400,2993.8000,1127,-2,57567900.000,2,0,2,双平,S,2992.2000,2990.4000,2989.6000,2989.4000,2989.2000,2994.0000,2994.2000,2994.8000,2995.2000,2996.0000,1,5,3,1,2,1,1,1,1,1
SF,IH2009,2020-01-22 09:35:00.900,2993.8000,1127,0,57567900.000,0,-,-,-,-,2992.4000,2990.6000,2990.4000,2989.6000,2989.4000,2993.8000,2994.0000,2996.0000,3002.0000,3004.6000,1,1,5,3,1,1,1,1,6,1
SF,IH2009,2020-01-22 09:35:01.400,2993.8000,1127,0,57567900.000,0,-,-,-,-,2990.6000,2990.4000,2989.6000,2989.4000,2989.2000,2993.8000,2994.0000,2996.0000,3002.0000,3004.6000,1,5,3,1,2,1,1,1,6,1
SF,IH2009,2020-01-22 09:35:01.900,2993.8000,1127,0,57567900.000,0,-,-,-,-,2992.6000,2990.8000,2990.6000,2990.4000,2989.6000,2993.8000,2996.0000,3002.0000,3004.6000,3019.4000,1,2,1,5,3,1,1,6,1,1
SF,IH2009,2020-01-22 09:35:02.400,2993.8000,1127,0,57567900.000,0,-,-,-,-,2992.6000,2990.8000,2990.6000,2990.4000,2989.6000,2993.6000,2993.8000,2996.0000,3002.0000,3004.6000,1,1,1,5,3,1,1,1,6,1
SF,IH2009,2020-01-22 09:35:02.900,2993.6000,1127,0,58465980.000,1,0,1,多换,S,2990.8000,2990.6000,2990.4000,2989.6000,2989.4000,2993.8000,2996.0000,3002.0000,3004.6000,3019.4000,1,1,5,3,1,1,1,6,1,1
SF,IH2009,2020-01-22 09:35:03.400,2993.6000,1127,0,58465980.000,0,-,-,-,-,2991.0000,2990.8000,2990.6000,2990.4000,2989.6000,2996.0000,3002.0000,3004.6000,3019.4000,3023.6000,1,1,1,5,3,1,6,1,1,1
SF,IH2009,2020-01-22 09:35:03.900,2993.6000,1127,0,58465980.000,0,-,-,-,-,2991.2000,2991.0000,2990.6000,2990.4000,2989.6000,2995.8000,2996.0000,3002.0000,3004.6000,3019.4000,1,1,1,5,3,1,1,6,1,1
SF,IH2009,2020-01-22 09:35:04.400,2993.6000,1127,0,58465980.000,0,-,-,-,-,2991.4000,2991.2000,2991.0000,2990.6000,2990.4000,2995.8000,2996.0000,3002.0000,3004.6000,3019.4000,1,1,1,1,5,1,1,6,1,1
SF,IH2009,2020-01-22 09:35:04.900,2993.6000,1127,0,58465980.000,0,-,-,-,-,2991.6000,2991.4000,2990.4000,2989.6000,2989.4000,2995.8000,2996.0000,3002.0000,3004.6000,3019.4000,1,1,5,3,1,1,1,6,1,1
SF,IH2009,2020-01-22 09:35:05.400,2993.6000,1127,0,58465980.000,0,-,-,-,-,2991.6000,2990.4000,2989.6000,2989.4000,2989.2000,2995.8000,2996.0000,3002.0000,3004.6000,3019.4000,1,5,3,1,2,1,1,6,1,1
SF,IH2009,2020-01-22 09:35:09.400,2993.6000,1127,0,58465980.000,0,-,-,-,-,2991.6000,2990.4000,2989.6000,2989.4000,2989.2000,2995.6000,2995.8000,2996.0000,3002.0000,3004.6000,1,5,3,1,2,1,1,1,6,1
SF,IH2009,2020-01-22 09:35:09.900,2993.6000,1127,0,58465980.000,0,-,-,-,-,2991.6000,2990.4000,2989.6000,2989.4000,2989.2000,2995.4000,2995.6000,2996.0000,3002.0000,3004.6000,1,5,3,1,2,1,1,1,6,1
SF,IH2009,2020-01-22 09:35:11.400,2993.6000,1127,0,58465980.000,0,-,-,-,-,2991.6000,2990.4000,2989.6000,2989.4000,2989.2000,2995.4000,2996.0000,3002.0000,3004.6000,3019.4000,1,5,3,1,2,1,1,6,1,1
SF,IH2009,2020-01-22 09:35:11.900,2993.6000,1127,0,58465980.000,0,-,-,-,-,2991.8000,2991.6000,2990.4000,2989.6000,2989.4000,2995.4000,2996.0000,3002.0000,3004.6000,3019.4000,1,1,5,3,1,1,1,6,1,1
SF,IH2009,2020-01-22 09:35:12.400,2993.6000,1127,0,58465980.000,0,-,-,-,-,2992.0000,2991.8000,2990.4000,2989.6000,2989.4000,2995.4000,2996.0000,2997.4000,3002.0000,3004.6000,1,1,5,3,1,1,1,1,6,1
SF,IH2009,2020-01-22 09:35:13.400,2993.6000,1127,0,58465980.000,0,-,-,-,-,2992.0000,2990.4000,2989.6000,2989.4000,2989.2000,2995.4000,2996.0000,2997.4000,3002.0000,3004.6000,1,5,3,1,2,1,1,1,6,1
SF,IH2009,2020-01-22 09:35:14.900,2992.0000,1127,0,59363580.000,1,0,1,多换,S,2990.4000,2989.6000,2989.4000,2989.2000,2989.0000,2995.2000,2995.4000,2996.0000,2997.4000,3002.0000,5,3,1,2,1,1,1,1,1,6
SF,IH2009,2020-01-22 09:35:15.400,2992.0000,1127,0,59363580.000,0,-,-,-,-,2990.6000,2990.4000,2989.2000,2989.0000,2988.8000,2995.0000,2995.2000,2996.0000,2997.4000,3002.0000,1,5,2,1,3,1,1,1,1,6
SF,IH2009,2020-01-22 09:35:15.900,2992.0000,1127,0,59363580.000,0,-,-,-,-,2990.6000,2990.4000,2988.8000,2988.6000,2988.4000,2994.8000,2995.0000,2995.2000,2996.0000,2997.4000,1,5,3,1,3,1,1,1,1,1
SF,IH2009,2020-01-22 09:35:16.400,2992.0000,1127,0,59363580.000,0,-,-,-,-,2990.6000,2990.4000,2988.8000,2988.6000,2988.4000,2994.6000,2994.8000,2995.2000,2996.0000,2997.4000,1,5,3,1,3,1,1,1,1,1
SF,IH2009,2020-01-22 09:35:16.900,2992.0000,1127,0,59363580.000,0,-,-,-,-,2990.6000,2990.4000,2988.4000,2988.2000,2988.0000,2994.4000,2994.6000,2994.8000,2995.2000,2996.0000,1,5,3,3,1,1,1,1,1,1
SF,IH2009,2020-01-22 09:35:17.400,2992.0000,1127,0,59363580.000,0,-,-,-,-,2990.6000,2990.4000,2988.4000,2988.2000,2988.0000,2994.2000,2995.2000,2996.0000,2997.4000,3002.0000,1,5,3,3,1,1,1,1,1,6
SF,IH2009,2020-01-22 09:35:17.900,2992.0000,1127,0,59363580.000,0,-,-,-,-,2990.8000,2990.6000,2990.4000,2988.4000,2988.2000,2994.2000,2995.2000,2996.0000,2997.4000,3002.0000,1,1,5,3,3,1,1,1,1,6
SF,IH2009,2020-01-22 09:35:18.400,2992.0000,1127,0,59363580.000,0,-,-,-,-,2991.0000,2990.8000,2990.4000,2988.4000,2988.2000,2994.2000,2995.2000,2996.0000,2997.4000,3002.0000,1,1,5,3,3,1,1,1,1,6
SF,IH2009,2020-01-22 09:35:18.900,2992.0000,1127,0,59363580.000,0,-,-,-,-,2991.0000,2990.4000,2988.4000,2988.2000,2988.0000,2994.2000,2995.2000,2996.0000,2997.4000,3002.0000,1,5,3,3,1,1,1,1,1,6
SF,IH2009,2020-01-22 09:35:19.400,2992.0000,1127,0,59363580.000,0,-,-,-,-,2991.0000,2990.4000,2988.4000,2988.2000,2988.0000,2994.2000,2996.0000,2997.4000,3002.0000,3004.6000,1,5,3,3,1,1,1,1,6,1
SF,IH2009,2020-01-22 09:35:19.900,2992.0000,1127,0,59363580.000,0,-,-,-,-,2991.2000,2991.0000,2990.4000,2988.4000,2988.2000,2994.2000,2996.0000,2997.4000,3002.0000,3004.6000,1,1,5,3,3,1,1,1,6,1
SF,IH2009,2020-01-22 09:35:20.400,2992.0000,1127,0,59363580.000,0,-,-,-,-,2991.4000,2991.2000,2990.4000,2988.4000,2988.2000,2994.2000,2996.0000,2997.4000,3002.0000,3004.6000,1,1,5,3,3,1,1,1,6,1
SF,IH2009,2020-01-22 09:35:20.900,2992.0000,1127,0,59363580.000,0,-,-,-,-,2991.4000,2990.4000,2988.4000,2988.2000,2988.0000,2994.0000,2994.2000,2996.0000,2997.4000,3002.0000,1,5,3,3,1,1,1,1,1,6
SF,IH2009,2020-01-22 09:35:21.400,2992.0000,1127,0,59363580.000,0,-,-,-,-,2991.4000,2990.4000,2988.4000,2988.2000,2988.0000,2993.8000,2994.0000,2996.0000,2997.4000,3002.0000,1,5,3,3,1,1,1,1,1,6
SF,IH2009,2020-01-22 09:35:21.900,2991.6000,1128,1,60261060.000,1,1,0,双开,S,2991.6000,2991.4000,2990.4000,2988.4000,2988.2000,2993.8000,2994.0000,2996.0000,2997.4000,3002.0000,1,1,5,3,3,1,1,1,1,6
SF,IH2009,2020-01-22 09:35:22.400,2991.6000,1128,0,60261060.000,0,-,-,-,-,2991.8000,2991.6000,2990.4000,2988.4000,2988.2000,2993.8000,2996.0000,2997.4000,3002.0000,3004.6000,2,1,5,3,3,1,1,1,6,1
SF,IH2009,2020-01-22 09:35:22.900,2991.6000,1128,0,60261060.000,0,-,-,-,-,2992.0000,2991.8000,2991.6000,2990.4000,2988.4000,2996.0000,2997.4000,3002.0000,3004.6000,3019.4000,5,2,1,5,3,1,1,6,1,1
SF,IH2009,2020-01-22 09:35:23.400,2991.6000,1128,0,60261060.000,0,-,-,-,-,2992.2000,2992.0000,2990.4000,2988.4000,2988.2000,2995.8000,2996.0000,2997.4000,3002.0000,3004.6000,1,1,5,3,3,1,1,1,6,1
SF,IH2009,2020-01-22 09:35:24.400,2991.6000,1128,0,60261060.000,0,-,-,-,-,2992.4000,2992.2000,2992.0000,2990.4000,2988.4000,2995.8000,2996.0000,2997.4000,3002.0000,3004.6000,1,1,1,5,3,1,1,1,6,1
SF,IH2009,2020-01-22 09:35:24.900,2991.6000,1128,0,60261060.000,0,-,-,-,-,2992.6000,2992.4000,2990.4000,2988.4000,2988.2000,2995.8000,2996.0000,2997.4000,3002.0000,3004.6000,1,1,5,3,3,1,1,1,6,1
SF,IH2009,2020-01-22 09:35:25.400,2991.6000,1128,0,60261060.000,0,-,-,-,-,2992.6000,2990.4000,2988.4000,2988.2000,2988.0000,2995.8000,2996.0000,2997.4000,3002.0000,3004.6000,1,5,3,3,1,1,1,1,6,1
SF,IH2009,2020-01-22 09:35:26.400,2991.6000,1128,0,60261060.000,0,-,-,-,-,2992.6000,2990.4000,2988.4000,2988.2000,2988.0000,2994.6000,2995.0000,2995.8000,2996.0000,2997.4000,1,5,3,3,1,1,1,1,1,1
SF,IH2009,2020-01-22 09:35:26.900,2991.6000,1128,0,60261060.000,0,-,-,-,-,2992.8000,2992.6000,2990.4000,2988.4000,2988.2000,2994.6000,2995.0000,2995.8000,2996.0000,2997.4000,1,1,5,3,3,1,1,1,1,1
SF,IH2009,2020-01-22 09:35:27.400,2991.6000,1128,0,60261060.000,0,-,-,-,-,2993.0000,2992.8000,2990.4000,2988.4000,2988.2000,2994.4000,2994.6000,2995.0000,2996.0000,2997.4000,1,1,5,3,3,1,1,1,1,1
SF,IH2009,2020-01-22 09:35:27.900,2991.6000,1128,0,60261060.000,0,-,-,-,-,2993.0000,2990.4000,2988.4000,2988.2000,2988.0000,2994.4000,2994.6000,2995.0000,2996.0000,2997.4000,1,5,3,3,1,1,1,1,1,1
SF,IH2009,2020-01-22 09:35:28.900,2992.6000,1128,0,61158840.000,1,0,1,多换,S,2993.0000,2990.4000,2988.4000,2988.2000,2988.0000,2994.4000,2994.6000,2995.0000,2996.0000,2997.4000,1,5,3,3,1,1,1,1,1,1
SF,IH2009,2020-01-22 09:35:29.400,2992.6000,1128,0,61158840.000,0,-,-,-,-,2993.0000,2990.4000,2988.4000,2988.2000,2988.0000,2994.6000,2995.0000,2996.0000,2997.4000,3002.0000,1,5,3,3,1,1,1,1,1,6
SF,IH2009,2020-01-22 09:35:29.900,2992.6000,1128,0,61158840.000,0,-,-,-,-,2993.2000,2993.0000,2990.4000,2988.4000,2988.2000,2994.0000,2994.6000,2995.0000,2996.0000,2997.4000,2,1,5,3,3,1,1,1,1,1
SF,IH2009,2020-01-22 09:35:30.400,2994.0000,1128,0,62057040.000,1,0,1,多换,S,2993.2000,2993.0000,2990.4000,2988.4000,2988.2000,2994.6000,2995.0000,2996.0000,2997.4000,3002.0000,2,1,5,3,3,1,1,1,1,6
SF,IH2009,2020-01-22 09:35:30.900,2994.0000,1128,0,62057040.000,0,-,-,-,-,2993.4000,2990.4000,2988.4000,2988.2000,2988.0000,2994.6000,2995.0000,2996.0000,2997.4000,3002.0000,1,5,3,3,1,1,1,1,1,6
SF,IH2009,2020-01-22 09:35:31.900,2994.0000,1128,0,62057040.000,0,-,-,-,-,2993.6000,2993.4000,2990.4000,2988.4000,2988.2000,2994.6000,2995.0000,2996.0000,2997.4000,3002.0000,1,1,5,3,3,1,1,1,1,6
SF,IH2009,2020-01-22 09:35:33.400,2994.0000,1128,0,62057040.000,0,-,-,-,-,2993.4000,2990.4000,2988.4000,2988.2000,2988.0000,2994.6000,2995.0000,2996.0000,2997.4000,3002.0000,1,5,3,3,1,2,1,1,1,6
SF,IH2009,2020-01-22 09:35:33.900,2994.0000,1128,0,62057040.000,0,-,-,-,-,2990.4000,2988.4000,2988.2000,2988.0000,2983.0000,2994.4000,2994.6000,2995.0000,2996.0000,2997.4000,5,3,3,1,5,1,2,1,1,1
SF,IH2009,2020-01-22 09:35:34.400,2994.0000,1128,0,62057040.000,0,-,-,-,-,2990.6000,2990.4000,2988.4000,2988.2000,2988.0000,2994.2000,2994.6000,2995.0000,2996.0000,2997.4000,2,5,3,3,1,1,2,1,1,1
SF,IH2009,2020-01-22 09:35:34.900,2994.0000,1128,0,62057040.000,0,-,-,-,-,2990.6000,2990.4000,2988.4000,2988.2000,2988.0000,2993.6000,2994.0000,2994.2000,2994.6000,2995.0000,2,5,3,3,1,1,1,1,2,1
SF,IH2009,2020-01-22 09:35:35.400,2994.0000,1128,0,62057040.000,0,-,-,-,-,2991.2000,2990.6000,2990.4000,2988.4000,2988.2000,2993.4000,2993.6000,2994.2000,2994.6000,2995.0000,1,2,5,3,3,1,1,1,1,1
SF,IH2009,2020-01-22 09:35:35.900,2994.0000,1128,0,62057040.000,0,-,-,-,-,2991.4000,2991.2000,2990.6000,2990.4000,2988.4000,2993.4000,2993.6000,2994.2000,2994.6000,2995.0000,1,1,1,5,3,1,1,1,1,1
SF,IH2009,2020-01-22 09:35:36.400,2994.0000,1128,0,62057040.000,0,-,-,-,-,2991.6000,2991.4000,2990.6000,2990.4000,2988.4000,2993.4000,2993.6000,2994.2000,2994.6000,2995.0000,2,1,1,5,3,1,1,1,1,1
SF,IH2009,2020-01-22 09:35:36.900,2994.0000,1128,0,62057040.000,0,-,-,-,-,2991.8000,2991.6000,2990.6000,2990.4000,2988.4000,2993.4000,2993.6000,2994.2000,2994.6000,2996.0000,1,2,1,5,3,1,1,1,1,1
SF,IH2009,2020-01-22 09:35:37.400,2994.0000,1128,0,62057040.000,0,-,-,-,-,2992.0000,2991.8000,2990.6000,2990.4000,2988.4000,2993.4000,2993.6000,2994.2000,2994.6000,2996.0000,2,1,1,5,3,1,1,1,1,1
SF,IH2009,2020-01-22 09:35:37.900,2994.0000,1128,0,62057040.000,0,-,-,-,-,2992.2000,2992.0000,2990.6000,2990.4000,2988.4000,2993.4000,2993.6000,2994.2000,2994.6000,2996.0000,1,2,1,5,3,1,1,1,1,1
SF,IH2009,2020-01-22 09:35:38.400,2993.4000,1127,-1,62955060.000,1,0,1,双平,S,2992.4000,2992.2000,2990.6000,2990.4000,2988.4000,2993.6000,2994.6000,2996.0000,2997.4000,3002.0000,2,1,1,5,3,1,1,1,1,6
SF,IH2009,2020-01-22 09:35:38.900,2993.6000,1127,0,63853140.000,1,0,1,多换,S,2992.6000,2990.6000,2990.4000,2988.4000,2988.2000,2994.6000,2996.0000,2997.4000,3002.0000,3004.6000,3,1,5,3,3,1,1,1,6,1
SF,IH2009,2020-01-22 09:35:39.400,2993.6000,1127,0,63853140.000,0,-,-,-,-,2992.8000,2992.6000,2990.6000,2990.4000,2988.4000,2994.6000,2996.0000,2997.4000,3002.0000,3004.6000,1,3,1,5,3,1,1,1,6,1
SF,IH2009,2020-01-22 09:35:39.900,2993.6000,1127,0,63853140.000,0,-,-,-,-,2993.0000,2992.8000,2990.6000,2990.4000,2988.4000,2994.6000,2996.0000,2997.4000,3002.0000,3004.6000,1,1,1,5,3,1,1,1,6,1
SF,IH2009,2020-01-22 09:35:40.400,2993.6000,1127,0,63853140.000,0,-,-,-,-,2993.2000,2993.0000,2990.6000,2990.4000,2988.4000,2994.6000,2996.0000,2997.4000,3002.0000,3004.6000,2,1,1,5,3,1,1,1,6,1
SF,IH2009,2020-01-22 09:35:40.900,2993.6000,1127,0,63853140.000,0,-,-,-,-,2993.4000,2993.2000,2990.6000,2990.4000,2988.4000,2994.6000,2996.0000,2997.4000,3002.0000,3004.6000,1,2,1,5,3,1,1,1,6,1
SF,IH2009,2020-01-22 09:35:41.400,2993.6000,1127,0,63853140.000,0,-,-,-,-,2993.4000,2993.2000,2990.6000,2990.4000,2988.4000,2994.6000,2996.0000,2997.4000,3002.0000,3004.6000,2,2,1,5,3,1,1,1,6,1
SF,IH2009,2020-01-22 09:35:41.900,2993.6000,1127,0,63853140.000,0,-,-,-,-,2993.4000,2993.2000,2990.6000,2990.4000,2988.4000,2996.0000,2997.4000,3002.0000,3004.6000,3019.4000,2,2,1,5,3,1,1,6,1,1
SF,IH2009,2020-01-22 09:35:42.400,2993.6000,1127,0,63853140.000,0,-,-,-,-,2993.4000,2990.6000,2990.4000,2988.4000,2988.2000,2995.8000,2996.0000,2997.4000,3002.0000,3004.6000,1,1,5,3,3,1,1,1,6,1
SF,IH2009,2020-01-22 09:35:42.900,2993.6000,1127,0,63853140.000,0,-,-,-,-,2990.6000,2990.4000,2988.4000,2988.2000,2988.0000,2995.8000,2996.0000,2997.4000,3002.0000,3004.6000,1,5,3,3,1,1,1,1,6,1
SF,IH2009,2020-01-22 09:35:43.400,2993.6000,1127,0,63853140.000,0,-,-,-,-,2990.8000,2990.6000,2990.4000,2988.4000,2988.2000,2995.4000,2995.8000,2996.0000,2997.4000,3002.0000,1,1,5,3,3,1,1,1,1,6
SF,IH2009,2020-01-22 09:35:43.900,2993.6000,1127,0,63853140.000,0,-,-,-,-,2991.0000,2990.8000,2990.6000,2990.4000,2988.4000,2995.2000,2995.4000,2996.0000,2997.4000,3002.0000,3,2,1,5,3,1,1,1,1,6
SF,IH2009,2020-01-22 09:35:44.400,2993.6000,1127,0,63853140.000,0,-,-,-,-,2991.2000,2991.0000,2990.8000,2990.6000,2990.4000,2995.2000,2995.4000,2996.0000,2997.4000,3002.0000,1,3,1,1,5,1,1,1,1,6
SF,IH2009,2020-01-22 09:35:44.900,2993.6000,1127,0,63853140.000,0,-,-,-,-,2991.4000,2991.2000,2991.0000,2990.6000,2990.4000,2995.2000,2996.0000,2997.4000,3002.0000,3004.6000,1,1,3,1,5,1,1,1,6,1
SF,IH2009,2020-01-22 09:35:45.400,2993.6000,1127,0,63853140.000,0,-,-,-,-,2991.6000,2991.4000,2991.0000,2990.6000,2990.4000,2995.2000,2996.0000,2997.4000,3002.0000,3004.6000,1,2,3,1,5,1,1,1,6,1
SF,IH2009,2020-01-22 09:35:45.900,2993.6000,1127,0,63853140.000,0,-,-,-,-,2991.6000,2991.4000,2991.0000,2990.6000,2990.4000,2995.0000,2995.2000,2996.0000,2997.4000,3002.0000,1,2,3,1,5,1,1,1,1,6
SF,IH2009,2020-01-22 09:35:46.400,2993.6000,1127,0,63853140.000,0,-,-,-,-,2991.6000,2991.4000,2991.0000,2990.6000,2990.4000,2994.8000,2995.0000,2996.0000,2997.4000,3002.0000,1,1,3,1,5,1,1,1,1,6
SF,IH2009,2020-01-22 09:35:46.900,2993.6000,1127,0,63853140.000,0,-,-,-,-,2991.6000,2991.4000,2991.0000,2990.6000,2990.4000,2994.8000,2995.0000,2996.0000,2997.4000,3002.0000,1,1,3,1,5,1,1,1,1,6
SF,IH2009,2020-01-22 09:35:47.400,2993.6000,1127,0,63853140.000,0,-,-,-,-,2991.8000,2991.6000,2991.0000,2990.6000,2990.4000,2994.8000,2996.0000,2997.4000,3002.0000,3004.6000,1,1,3,1,5,1,1,1,6,1
SF,IH2009,2020-01-22 09:35:47.900,2993.6000,1127,0,63853140.000,0,-,-,-,-,2992.0000,2991.8000,2991.0000,2990.6000,2990.4000,2994.8000,2996.0000,2997.4000,3002.0000,3004.6000,1,1,3,1,5,1,1,1,6,1
SF,IH2009,2020-01-22 09:35:48.400,2993.6000,1127,0,63853140.000,0,-,-,-,-,2992.4000,2992.2000,2992.0000,2991.8000,2991.0000,2994.8000,2996.0000,2997.4000,3002.0000,3004.6000,2,1,1,1,3,1,1,1,6,1
SF,IH2009,2020-01-22 09:35:48.900,2993.6000,1127,0,63853140.000,0,-,-,-,-,2992.8000,2992.6000,2992.2000,2991.8000,2991.0000,2996.0000,2997.4000,3002.0000,3004.6000,3019.4000,2,1,1,1,3,1,1,6,1,1
SF,IH2009,2020-01-22 09:35:49.400,2993.6000,1127,0,63853140.000,0,-,-,-,-,2993.0000,2992.6000,2992.2000,2991.8000,2991.0000,2995.8000,2996.0000,2997.4000,3002.0000,3004.6000,1,1,1,1,3,1,1,1,6,1
SF,IH2009,2020-01-22 09:35:50.400,2993.6000,1127,0,63853140.000,0,-,-,-,-,2993.4000,2993.0000,2992.6000,2992.2000,2991.0000,2995.8000,2996.0000,2997.4000,3002.0000,3004.6000,1,1,1,1,3,1,1,1,6,1
SF,IH2009,2020-01-22 09:35:50.900,2993.6000,1127,0,63853140.000,0,-,-,-,-,2993.6000,2992.6000,2991.0000,2990.6000,2990.4000,2995.8000,2996.0000,2997.4000,3002.0000,3004.6000,1,1,3,1,5,1,1,1,6,1
SF,IH2009,2020-01-22 09:35:51.400,2993.6000,1127,0,63853140.000,0,-,-,-,-,2993.6000,2991.0000,2990.6000,2990.4000,2988.4000,2995.8000,2996.0000,2997.4000,3002.0000,3004.6000,1,3,1,5,3,1,1,1,6,1
SF,IH2009,2020-01-22 09:35:52.900,2993.6000,1127,0,63853140.000,0,-,-,-,-,2993.6000,2991.0000,2990.6000,2990.4000,2988.4000,2995.6000,2995.8000,2996.0000,2997.4000,3002.0000,1,3,1,5,3,1,1,1,1,6
SF,IH2009,2020-01-22 09:35:53.400,2993.6000,1127,0,63853140.000,0,-,-,-,-,2993.6000,2991.0000,2990.6000,2990.4000,2988.4000,2995.4000,2995.6000,2996.0000,2997.4000,3002.0000,1,3,1,5,3,1,1,1,1,6
SF,IH2009,2020-01-22 09:35:53.900,2993.6000,1127,0,63853140.000,0,-,-,-,-,2993.8000,2993.6000,2991.0000,2990.6000,2990.4000,2995.4000,2995.6000,2996.0000,2997.4000,3002.0000,1,1,3,1,5,1,1,1,1,6
SF,IH2009,2020-01-22 09:35:54.400,2993.6000,1127,0,63853140.000,0,-,-,-,-,2994.0000,2991.0000,2990.6000,2990.4000,2988.4000,2996.0000,2997.4000,3002.0000,3004.6000,3019.4000,3,3,1,5,3,1,1,6,1,1
SF,IH2009,2020-01-22 09:35:54.900,2993.6000,1127,0,63853140.000,0,-,-,-,-,2994.0000,2991.0000,2990.6000,2990.4000,2988.4000,2995.8000,2996.0000,2997.4000,3002.0000,3004.6000,1,3,1,5,3,1,1,1,6,1
SF,IH2009,2020-01-22 09:35:55.400,2993.6000,1127,0,63853140.000,0,-,-,-,-,2991.0000,2990.6000,2990.4000,2988.4000,2988.2000,2995.8000,2996.0000,2997.4000,3002.0000,3004.6000,3,1,5,3,3,1,1,1,6,1
SF,IH2009,2020-01-22 09:35:55.900,2993.6000,1127,0,63853140.000,0,-,-,-,-,2991.2000,2991.0000,2990.6000,2990.4000,2988.4000,2995.8000,2996.0000,2997.4000,3002.0000,3004.6000,3,3,1,5,3,1,1,1,6,1
SF,IH2009,2020-01-22 09:35:56.400,2993.6000,1127,0,63853140.000,0,-,-,-,-,2991.2000,2991.0000,2990.6000,2990.4000,2988.4000,2995.8000,2996.0000,2997.4000,3002.0000,3004.6000,3,3,1,5,3,1,1,1,6,1
SF,IH2009,2020-01-22 09:35:56.900,2993.6000,1127,0,63853140.000,0,-,-,-,-,2991.2000,2991.0000,2990.6000,2990.4000,2988.4000,2995.6000,2995.8000,2996.0000,2997.4000,3002.0000,3,3,1,5,3,1,1,1,1,6
SF,IH2009,2020-01-22 09:35:57.400,2993.6000,1127,0,63853140.000,0,-,-,-,-,2991.2000,2991.0000,2990.6000,2990.4000,2988.4000,2995.4000,2995.6000,2996.0000,2997.4000,3002.0000,3,3,1,5,3,1,1,1,1,6
SF,IH2009,2020-01-22 09:35:57.900,2993.6000,1127,0,63853140.000,0,-,-,-,-,2991.2000,2991.0000,2990.6000,2990.4000,2988.4000,2995.4000,2995.6000,2996.0000,2997.4000,3002.0000,3,3,1,5,3,1,1,1,1,6
SF,IH2009,2020-01-22 09:35:58.400,2993.6000,1127,0,63853140.000,0,-,-,-,-,2991.2000,2991.0000,2990.6000,2990.4000,2988.4000,2995.4000,2995.6000,2996.0000,2997.4000,3002.0000,3,3,1,5,3,1,1,1,1,6
SF,IH2009,2020-01-22 09:35:58.900,2993.6000,1127,0,63853140.000,0,-,-,-,-,2991.2000,2991.0000,2990.6000,2990.4000,2988.4000,2995.4000,2995.6000,2996.0000,2997.4000,3002.0000,3,3,1,5,3,1,1,1,1,6
SF,IH2009,2020-01-22 09:36:02.400,2993.6000,1127,0,63853140.000,0,-,-,-,-,2991.2000,2991.0000,2990.6000,2990.4000,2988.4000,2995.0000,2995.4000,2995.6000,2996.0000,2997.4000,3,3,1,5,3,1,1,1,1,1
SF,IH2009,2020-01-22 09:36:02.900,2993.6000,1127,0,63853140.000,0,-,-,-,-,2991.4000,2991.2000,2991.0000,2990.6000,2990.4000,2994.8000,2995.0000,2995.6000,2996.0000,2997.4000,1,3,3,1,5,1,1,1,1,1
SF,IH2009,2020-01-22 09:36:03.400,2993.6000,1127,0,63853140.000,0,-,-,-,-,2991.6000,2991.4000,2991.2000,2991.0000,2990.6000,2994.8000,2995.0000,2995.6000,2996.0000,2997.4000,3,1,2,3,1,1,1,1,1,1
SF,IH2009,2020-01-22 09:36:03.900,2993.6000,1127,0,63853140.000,0,-,-,-,-,2991.8000,2991.6000,2991.4000,2991.2000,2991.0000,2994.8000,2995.6000,2996.0000,2997.4000,3002.0000,1,3,1,2,3,1,1,1,1,6
SF,IH2009,2020-01-22 09:36:04.400,2993.6000,1127,0,63853140.000,0,-,-,-,-,2992.4000,2992.0000,2991.8000,2991.6000,2991.4000,2994.8000,2995.6000,2996.0000,2997.4000,3002.0000,1,2,1,2,1,1,1,1,1,6
SF,IH2009,2020-01-22 09:36:04.900,2993.6000,1127,0,63853140.000,0,-,-,-,-,2992.6000,2992.4000,2992.0000,2991.8000,2991.6000,2994.8000,2995.6000,2996.0000,2997.4000,3002.0000,2,1,1,1,2,1,1,1,1,6
SF,IH2009,2020-01-22 09:36:05.400,2993.6000,1127,0,63853140.000,0,-,-,-,-,2992.6000,2991.8000,2991.2000,2991.0000,2990.6000,2994.8000,2995.6000,2996.0000,2997.4000,3002.0000,1,1,2,3,1,1,1,1,1,6
SF,IH2009,2020-01-22 09:36:05.900,2993.6000,1127,0,63853140.000,0,-,-,-,-,2992.6000,2991.2000,2991.0000,2990.6000,2990.4000,2994.8000,2995.6000,2996.0000,2997.4000,3002.0000,1,2,3,1,5,1,1,1,1,6
SF,IH2009,2020-01-22 09:36:06.400,2993.6000,1127,0,63853140.000,0,-,-,-,-,2992.8000,2991.2000,2991.0000,2990.6000,2990.4000,2994.8000,2995.6000,2996.0000,2997.4000,3002.0000,1,2,3,1,5,1,1,1,1,6
SF,IH2009,2020-01-22 09:36:06.900,2993.6000,1127,0,63853140.000,0,-,-,-,-,2992.8000,2991.2000,2991.0000,2990.6000,2990.4000,2994.8000,2995.6000,2996.0000,2997.4000,3002.0000,2,2,3,1,5,1,1,1,1,6
SF,IH2009,2020-01-22 09:36:08.400,2993.6000,1127,0,63853140.000,0,-,-,-,-,2993.0000,2992.8000,2991.2000,2991.0000,2990.6000,2994.8000,2995.6000,2996.0000,2997.4000,3002.0000,1,1,2,3,1,1,1,1,1,6
SF,IH2009,2020-01-22 09:36:08.900,2993.6000,1127,0,63853140.000,0,-,-,-,-,2991.0000,2990.6000,2990.4000,2988.4000,2988.2000,2994.8000,2995.6000,2996.0000,2997.4000,3002.0000,3,1,5,3,3,1,1,1,1,6
SF,IH2009,2020-01-22 09:36:09.400,2993.6000,1127,0,63853140.000,0,-,-,-,-,2991.2000,2990.6000,2990.4000,2988.4000,2988.2000,2994.8000,2995.6000,2996.0000,2997.4000,3002.0000,1,1,5,3,3,1,1,1,1,6
SF,IH2009,2020-01-22 09:36:09.900,2993.6000,1127,0,63853140.000,0,-,-,-,-,2991.2000,2990.6000,2990.4000,2988.4000,2988.2000,2994.8000,2995.6000,2996.0000,2997.4000,3002.0000,2,1,5,3,3,1,1,1,1,6
SF,IH2009,2020-01-22 09:36:10.900,2993.6000,1127,0,63853140.000,0,-,-,-,-,2991.2000,2990.6000,2990.4000,2988.4000,2988.2000,2994.8000,2995.6000,2996.0000,2997.4000,3002.0000,1,1,5,3,3,1,1,1,1,6
SF,IH2009,2020-01-22 09:36:11.400,2993.6000,1127,0,63853140.000,0,-,-,-,-,2991.2000,2990.4000,2988.4000,2988.2000,2988.0000,2994.8000,2995.6000,2996.0000,2997.4000,3002.0000,1,5,3,3,1,1,1,1,1,6
SF,IH2009,2020-01-22 09:36:11.900,2994.8000,1127,0,64751580.000,1,0,1,多换,S,2995.2000,2991.4000,2991.2000,2990.4000,2988.4000,2995.6000,2996.0000,2997.4000,3002.0000,3004.6000,1,1,1,5,3,1,1,1,6,1
SF,IH2009,2020-01-22 09:36:12.400,2994.8000,1127,0,65650020.000,1,0,1,多换,S,2991.4000,2990.4000,2988.4000,2988.2000,2988.0000,2995.2000,2995.6000,2996.0000,2997.4000,3002.0000,1,5,3,3,1,2,1,1,1,6
