市场代码,合约代码,时间,最新,持仓,增仓,成交额,成交量,开仓,平仓,成交类型,方向,买一价,买二价,买三价,买四价,买五价,卖一价,卖二价,卖三价,卖四价,卖五价,买一量,买二量,买三量,买四量,买五量,卖一量,卖二量,卖三量,卖四量,卖五量
SF,IH2012,2020-05-08 09:29:00.000,2717.6000,1796,0,0.000,0.000,-,-,-,-,2729.8000,2725.4000,2725.0000,2723.2000,2722.2000,2731.0000,2738.8000,2739.6000,2742.0000,2747.0000,1,1,1,1,4,1,1,1,4,1
SF,IH2012,2020-05-08 09:30:00.500,2731.0000,1795,-1,819300.000,1,0,1,双平,S,2731.0000,2730.2000,2729.8000,2723.2000,2722.2000,2739.6000,2742.0000,2743.4000,2747.0000,2747.2000,1,8,1,1,4,1,4,5,1,1
SF,IH2012,2020-05-08 09:30:01.000,2731.0000,1795,0,819300.000,0,-,-,-,-,2731.4000,2731.2000,2731.0000,2723.2000,2722.0000,2739.2000,2739.4000,2739.6000,2742.0000,2743.4000,8,3,1,1,1,8,1,1,4,5
SF,IH2012,2020-05-08 09:30:01.500,2731.0000,1795,0,819300.000,0,-,-,-,-,2731.6000,2731.2000,2731.0000,2722.0000,2720.6000,2738.8000,2739.0000,2739.2000,2739.4000,2743.4000,2,1,1,1,1,1,2,8,1,5
SF,IH2012,2020-05-08 09:30:02.000,2731.0000,1795,0,819300.000,0,-,-,-,-,2731.6000,2731.2000,2731.0000,2722.0000,2720.6000,2738.4000,2738.6000,2738.8000,2739.0000,2739.4000,2,1,1,1,1,7,2,1,2,1
SF,IH2012,2020-05-08 09:30:02.500,2731.0000,1795,0,819300.000,0,-,-,-,-,2731.6000,2731.2000,2731.0000,2722.0000,2720.6000,2738.2000,2738.4000,2738.6000,2738.8000,2739.0000,2,1,1,1,1,2,7,2,1,2
SF,IH2012,2020-05-08 09:30:03.000,2731.0000,1795,0,819300.000,0,-,-,-,-,2731.6000,2731.2000,2731.0000,2722.0000,2720.6000,2737.8000,2738.2000,2738.6000,2738.8000,2739.0000,2,1,1,1,1,7,2,2,1,2
SF,IH2012,2020-05-08 09:30:03.500,2731.0000,1795,0,819300.000,0,-,-,-,-,2731.6000,2731.2000,2731.0000,2722.0000,2720.6000,2737.6000,2738.2000,2738.6000,2738.8000,2739.0000,2,1,1,1,1,2,2,2,1,2
SF,IH2012,2020-05-08 09:30:04.000,2731.0000,1795,0,819300.000,0,-,-,-,-,2731.6000,2731.2000,2731.0000,2722.0000,2720.6000,2737.4000,2737.6000,2738.2000,2738.6000,2738.8000,2,1,1,1,1,7,2,2,2,1
SF,IH2012,2020-05-08 09:30:04.500,2731.0000,1795,0,819300.000,0,-,-,-,-,2731.6000,2731.2000,2731.0000,2722.0000,2720.6000,2737.0000,2737.2000,2737.4000,2737.6000,2738.2000,1,1,1,1,1,1,3,7,2,2
SF,IH2012,2020-05-08 09:30:05.000,2731.6000,1794,-1,1638780.000,1,0,1,双平,S,2731.2000,2731.0000,2722.0000,2720.6000,2718.8000,2731.6000,2736.6000,2736.8000,2737.0000,2737.2000,1,1,1,1,1,2,1,3,1,2
SF,IH2012,2020-05-08 09:30:05.500,2731.6000,1794,0,3277740.000,2,1,1,多换,S,2731.2000,2731.0000,2722.0000,2720.6000,2718.8000,2736.6000,2736.8000,2737.0000,2737.2000,2737.6000,1,1,1,1,1,8,3,1,2,2
SF,IH2012,2020-05-08 09:30:06.000,2736.4000,1794,0,4098660.000,1,0,1,多换,S,2731.4000,2731.2000,2731.0000,2722.0000,2720.6000,2736.4000,2736.6000,2736.8000,2737.0000,2737.2000,1,1,1,1,1,1,8,2,1,2
SF,IH2012,2020-05-08 09:30:06.500,2736.4000,1794,0,4098660.000,0,-,-,-,-,2731.4000,2731.2000,2731.0000,2722.0000,2720.6000,2736.4000,2736.6000,2736.8000,2737.0000,2737.2000,1,1,1,1,1,3,1,2,1,2
SF,IH2012,2020-05-08 09:30:07.000,2736.4000,1794,0,4098660.000,0,-,-,-,-,2731.4000,2731.2000,2731.0000,2722.0000,2720.6000,2735.4000,2736.4000,2736.8000,2737.0000,2737.2000,1,1,1,1,1,1,3,2,1,2
SF,IH2012,2020-05-08 09:30:07.500,2736.4000,1794,0,4098660.000,0,-,-,-,-,2732.0000,2731.4000,2731.2000,2731.0000,2722.0000,2735.2000,2735.4000,2736.2000,2736.4000,2736.8000,1,1,1,1,1,1,1,1,2,2
SF,IH2012,2020-05-08 09:30:08.000,2736.4000,1794,0,4098660.000,0,-,-,-,-,2732.2000,2732.0000,2731.4000,2731.2000,2731.0000,2735.2000,2735.4000,2736.2000,2736.4000,2736.8000,2,1,1,1,1,1,1,1,2,2
SF,IH2012,2020-05-08 09:30:08.500,2736.4000,1794,0,4098660.000,0,-,-,-,-,2732.2000,2731.4000,2731.2000,2731.0000,2722.0000,2735.2000,2735.4000,2736.2000,2736.4000,2736.8000,2,1,1,1,1,1,1,1,2,2
SF,IH2012,2020-05-08 09:30:09.000,2736.4000,1794,0,4098660.000,0,-,-,-,-,2732.2000,2731.4000,2731.2000,2731.0000,2722.0000,2735.2000,2735.4000,2736.4000,2736.8000,2737.2000,2,1,1,1,1,1,1,2,2,2
SF,IH2012,2020-05-08 09:30:10.000,2736.4000,1794,0,4098660.000,0,-,-,-,-,2732.2000,2731.4000,2731.2000,2731.0000,2722.0000,2735.2000,2735.4000,2737.2000,2737.6000,2738.2000,2,1,2,1,1,1,1,2,2,2
SF,IH2012,2020-05-08 09:30:10.500,2736.4000,1794,0,4098660.000,0,-,-,-,-,2732.4000,2732.2000,2731.4000,2731.2000,2731.0000,2737.6000,2738.2000,2738.6000,2738.8000,2739.0000,2,2,1,2,1,2,2,2,1,2
SF,IH2012,2020-05-08 09:30:11.000,2736.4000,1794,0,4098660.000,0,-,-,-,-,2732.6000,2732.4000,2732.2000,2731.4000,2731.2000,2737.4000,2737.6000,2738.2000,2738.6000,2738.8000,2,2,1,1,2,2,2,2,2,1
SF,IH2012,2020-05-08 09:30:11.500,2736.4000,1794,0,4098660.000,0,-,-,-,-,2732.8000,2732.6000,2732.4000,2732.2000,2731.4000,2738.8000,2739.4000,2743.4000,2747.0000,2747.2000,8,2,1,1,1,1,1,5,1,1
SF,IH2012,2020-05-08 09:30:12.000,2736.4000,1794,0,4098660.000,0,-,-,-,-,2735.2000,2733.0000,2732.8000,2732.6000,2732.4000,2738.6000,2738.8000,2739.4000,2743.4000,2747.0000,1,2,1,1,1,2,1,1,5,1
SF,IH2012,2020-05-08 09:30:12.500,2735.4000,1794,0,4919280.000,1,0,1,多换,S,2735.2000,2733.0000,2732.6000,2732.4000,2732.2000,2738.4000,2738.6000,2738.8000,2739.4000,2743.4000,1,9,1,1,1,1,2,1,1,5
SF,IH2012,2020-05-08 09:30:13.000,2735.4000,1793,-1,5739900.000,1,0,1,双平,S,2735.2000,2733.0000,2732.4000,2731.2000,2731.0000,2738.4000,2738.6000,2738.8000,2739.4000,2743.4000,1,1,1,2,1,1,2,1,1,5
SF,IH2012,2020-05-08 09:30:13.500,2735.2000,1793,0,6560460.000,1,0,1,多换,S,2736.4000,2733.0000,2732.4000,2731.2000,2731.0000,2738.4000,2738.6000,2738.8000,2739.4000,2743.4000,1,1,1,2,1,1,2,1,1,5
SF,IH2012,2020-05-08 09:30:14.000,2736.4000,1792,-1,7381380.000,1,0,1,双平,S,2731.2000,2731.0000,2722.0000,2720.6000,2718.8000,2736.4000,2738.2000,2738.4000,2738.6000,2738.8000,2,1,1,1,1,1,3,1,2,1
SF,IH2012,2020-05-08 09:30:14.500,2736.4000,1792,0,7381380.000,0,-,-,-,-,2731.6000,2731.2000,2731.0000,2722.0000,2720.6000,2736.2000,2736.4000,2738.2000,2738.6000,2738.8000,7,2,1,1,1,1,1,2,2,1
SF,IH2012,2020-05-08 09:30:15.000,2736.4000,1792,0,7381380.000,0,-,-,-,-,2731.6000,2731.2000,2731.0000,2722.0000,2720.6000,2735.2000,2736.2000,2738.2000,2738.6000,2738.8000,7,2,1,1,1,1,1,2,2,1
SF,IH2012,2020-05-08 09:30:15.500,2735.2000,1790,-2,9022500.000,2,0,2,双平,S,2731.8000,2731.6000,2731.2000,2731.0000,2722.0000,2738.2000,2738.6000,2738.8000,2739.4000,2744.4000,2,7,2,1,1,2,2,1,1,5
SF,IH2012,2020-05-08 09:30:16.000,2735.2000,1790,0,9022500.000,0,-,-,-,-,2732.2000,2731.8000,2731.2000,2731.0000,2722.0000,2738.0000,2738.8000,2739.4000,2742.0000,2744.4000,7,2,1,1,1,1,1,1,1,5
SF,IH2012,2020-05-08 09:30:16.500,2735.2000,1790,0,9022500.000,0,-,-,-,-,2732.4000,2732.2000,2731.8000,2731.2000,2731.0000,2738.0000,2738.8000,2739.4000,2742.0000,2744.4000,1,7,1,1,1,1,1,1,1,5
SF,IH2012,2020-05-08 09:30:17.000,2735.2000,1790,0,9022500.000,0,-,-,-,-,2732.8000,2732.4000,2731.8000,2731.2000,2731.0000,2738.0000,2738.8000,2739.4000,2742.0000,2744.4000,7,1,1,1,1,1,1,1,1,5
SF,IH2012,2020-05-08 09:30:17.500,2735.2000,1790,0,9022500.000,0,-,-,-,-,2733.0000,2732.8000,2732.0000,2731.8000,2731.2000,2738.0000,2738.8000,2739.4000,2742.0000,2744.4000,1,7,1,1,1,1,1,1,1,5
SF,IH2012,2020-05-08 09:30:18.000,2735.2000,1790,0,9022500.000,0,-,-,-,-,2733.4000,2733.0000,2732.0000,2731.8000,2731.2000,2737.6000,2738.0000,2738.8000,2739.4000,2742.0000,7,1,1,1,1,1,1,1,1,1
SF,IH2012,2020-05-08 09:30:18.500,2735.2000,1790,0,9022500.000,0,-,-,-,-,2733.6000,2733.4000,2732.0000,2731.8000,2731.2000,2737.6000,2738.8000,2742.0000,2744.4000,2747.0000,2,7,1,1,1,1,1,1,5,1
SF,IH2012,2020-05-08 09:30:19.000,2735.2000,1790,0,9022500.000,0,-,-,-,-,2733.6000,2733.4000,2732.0000,2731.8000,2731.2000,2738.0000,2738.8000,2742.0000,2744.4000,2747.0000,3,7,1,1,1,1,1,1,5,1
SF,IH2012,2020-05-08 09:30:19.500,2735.2000,1790,0,9022500.000,0,-,-,-,-,2733.6000,2732.0000,2731.8000,2731.2000,2731.0000,2738.0000,2738.4000,2738.8000,2742.0000,2744.4000,3,1,1,1,1,1,1,1,1,5
SF,IH2012,2020-05-08 09:30:20.000,2735.2000,1790,0,9022500.000,0,-,-,-,-,2734.0000,2733.6000,2732.0000,2731.8000,2731.2000,2738.0000,2738.4000,2738.8000,2742.0000,2744.4000,7,3,1,1,1,1,1,1,1,5
SF,IH2012,2020-05-08 09:30:20.500,2735.2000,1790,0,9022500.000,0,-,-,-,-,2734.2000,2733.6000,2732.0000,2731.8000,2731.0000,2738.0000,2738.8000,2742.0000,2744.4000,2747.0000,2,1,1,1,1,1,1,1,5,1
SF,IH2012,2020-05-08 09:30:21.000,2735.2000,1790,0,9022500.000,0,-,-,-,-,2734.2000,2732.0000,2731.0000,2725.0000,2724.8000,2738.0000,2738.8000,2742.0000,2744.4000,2747.0000,2,1,1,1,5,1,1,1,5,1
SF,IH2012,2020-05-08 09:30:21.500,2735.2000,1790,0,9022500.000,0,-,-,-,-,2734.2000,2732.0000,2731.0000,2725.0000,2724.8000,2737.8000,2738.0000,2738.8000,2742.0000,2744.4000,2,1,1,1,5,1,1,1,2,5
SF,IH2012,2020-05-08 09:30:22.500,2735.2000,1790,0,9022500.000,0,-,-,-,-,2734.2000,2731.0000,2725.0000,2724.8000,2722.0000,2738.0000,2738.8000,2742.0000,2744.4000,2747.0000,2,1,1,5,1,1,1,2,5,1
SF,IH2012,2020-05-08 09:30:23.000,2735.2000,1790,0,9022500.000,0,-,-,-,-,2734.2000,2731.0000,2725.0000,2724.8000,2722.0000,2737.4000,2738.0000,2738.8000,2742.0000,2744.4000,2,1,1,5,1,1,1,1,2,5
SF,IH2012,2020-05-08 09:30:24.000,2735.2000,1790,0,9022500.000,0,-,-,-,-,2734.4000,2734.2000,2731.0000,2725.0000,2724.8000,2737.4000,2738.0000,2738.8000,2742.0000,2744.4000,1,2,1,1,5,1,1,1,2,5
SF,IH2012,2020-05-08 09:30:24.500,2735.2000,1790,0,9022500.000,0,-,-,-,-,2734.6000,2734.4000,2734.2000,2731.0000,2725.0000,2737.4000,2738.0000,2738.8000,2742.0000,2744.4000,1,1,1,1,1,1,1,1,2,5
SF,IH2012,2020-05-08 09:30:25.000,2735.2000,1790,0,9022500.000,0,-,-,-,-,2734.8000,2734.6000,2731.0000,2725.0000,2724.8000,2737.4000,2738.0000,2738.8000,2742.0000,2744.4000,1,1,1,1,5,1,1,1,2,5
SF,IH2012,2020-05-08 09:30:25.500,2735.2000,1790,0,9022500.000,0,-,-,-,-,2731.0000,2725.0000,2724.8000,2722.0000,2720.6000,2737.2000,2737.4000,2737.6000,2738.0000,2738.8000,1,1,5,1,1,1,1,1,1,1
SF,IH2012,2020-05-08 09:30:26.000,2735.2000,1790,0,9022500.000,0,-,-,-,-,2731.4000,2731.0000,2725.0000,2724.8000,2722.0000,2734.8000,2737.2000,2737.4000,2737.6000,2738.0000,7,1,1,5,1,1,1,1,1,1
SF,IH2012,2020-05-08 09:30:26.500,2734.8000,1790,0,9842940.000,1,0,1,多换,S,2731.4000,2731.0000,2725.0000,2724.8000,2722.0000,2737.6000,2738.0000,2738.8000,2742.0000,2744.4000,7,1,1,5,1,1,2,1,2,5
SF,IH2012,2020-05-08 09:30:27.000,2731.4000,1790,0,10662360.000,1,0,1,多换,S,2731.4000,2731.0000,2725.0000,2724.8000,2722.0000,2737.6000,2738.0000,2738.8000,2742.0000,2744.4000,6,1,1,5,1,1,2,1,2,5
SF,IH2012,2020-05-08 09:30:27.500,2731.4000,1790,0,10662360.000,0,-,-,-,-,2731.4000,2731.0000,2725.0000,2724.8000,2722.0000,2737.2000,2737.6000,2738.0000,2738.8000,2742.0000,6,1,1,5,1,1,1,2,1,2
SF,IH2012,2020-05-08 09:30:28.000,2731.4000,1790,0,10662360.000,0,-,-,-,-,2731.4000,2731.0000,2725.0000,2724.8000,2722.0000,2736.8000,2737.6000,2738.0000,2738.8000,2742.0000,6,1,1,5,1,1,1,2,1,2
SF,IH2012,2020-05-08 09:30:28.500,2731.4000,1790,0,10662360.000,0,-,-,-,-,2732.0000,2731.8000,2731.4000,2731.0000,2725.0000,2736.8000,2737.6000,2738.0000,2738.8000,2742.0000,1,1,6,1,1,1,1,2,1,2
SF,IH2012,2020-05-08 09:30:29.000,2731.4000,1790,0,10662360.000,0,-,-,-,-,2732.4000,2732.0000,2731.8000,2731.0000,2725.0000,2736.4000,2736.8000,2737.6000,2738.0000,2738.8000,6,2,1,1,1,1,1,1,2,1
SF,IH2012,2020-05-08 09:30:29.500,2731.4000,1790,0,10662360.000,0,-,-,-,-,2732.0000,2731.8000,2731.0000,2725.0000,2724.8000,2736.4000,2736.8000,2737.6000,2738.0000,2738.8000,2,1,1,1,5,2,1,1,2,1
SF,IH2012,2020-05-08 09:30:30.000,2731.4000,1790,0,10662360.000,0,-,-,-,-,2732.4000,2732.0000,2731.0000,2725.0000,2724.8000,2737.6000,2738.0000,2738.8000,2742.0000,2744.4000,6,1,1,1,5,1,2,1,2,5
SF,IH2012,2020-05-08 09:30:30.500,2731.4000,1790,0,10662360.000,0,-,-,-,-,2732.4000,2732.0000,2731.0000,2725.0000,2724.8000,2737.2000,2737.6000,2738.0000,2738.8000,2742.0000,6,1,1,1,5,1,1,2,1,2
SF,IH2012,2020-05-08 09:30:31.000,2731.4000,1790,0,10662360.000,0,-,-,-,-,2732.4000,2732.0000,2731.0000,2725.0000,2724.8000,2737.0000,2737.2000,2737.6000,2738.0000,2738.8000,6,1,1,1,5,1,1,1,2,1
SF,IH2012,2020-05-08 09:30:31.500,2731.4000,1790,0,10662360.000,0,-,-,-,-,2732.6000,2732.4000,2731.0000,2725.0000,2724.8000,2736.6000,2737.0000,2737.6000,2738.0000,2738.8000,1,6,1,1,5,1,1,1,2,1
SF,IH2012,2020-05-08 09:30:32.000,2731.4000,1790,0,10662360.000,0,-,-,-,-,2732.8000,2732.6000,2731.0000,2725.0000,2724.8000,2736.6000,2737.0000,2737.6000,2738.0000,2738.8000,6,1,1,1,5,1,1,1,2,1
SF,IH2012,2020-05-08 09:30:32.500,2731.4000,1790,0,10662360.000,0,-,-,-,-,2732.6000,2731.0000,2725.0000,2724.8000,2722.0000,2736.6000,2737.6000,2738.0000,2738.8000,2742.0000,1,1,1,5,1,1,1,2,1,2
SF,IH2012,2020-05-08 09:30:33.000,2731.4000,1790,0,10662360.000,0,-,-,-,-,2733.0000,2732.8000,2732.6000,2731.0000,2725.0000,2737.6000,2738.0000,2738.8000,2742.0000,2744.4000,6,1,1,1,1,1,2,1,2,5
SF,IH2012,2020-05-08 09:30:33.500,2731.4000,1790,0,10662360.000,0,-,-,-,-,2733.2000,2731.0000,2725.0000,2724.8000,2722.0000,2737.2000,2737.6000,2738.0000,2738.8000,2742.0000,1,1,1,5,1,1,1,2,1,2
SF,IH2012,2020-05-08 09:30:34.000,2731.4000,1790,0,10662360.000,0,-,-,-,-,2733.6000,2733.2000,2731.0000,2725.0000,2724.8000,2736.0000,2737.0000,2737.2000,2737.6000,2738.0000,1,1,1,1,5,1,1,1,1,2
SF,IH2012,2020-05-08 09:30:34.500,2731.4000,1790,0,10662360.000,0,-,-,-,-,2733.8000,2733.6000,2731.0000,2725.0000,2724.8000,2736.0000,2737.0000,2737.2000,2737.6000,2738.0000,1,1,1,1,5,1,2,1,1,2
SF,IH2012,2020-05-08 09:30:35.000,2731.4000,1791,1,11481780.000,1,1,0,双开,S,2731.8000,2731.0000,2725.0000,2724.8000,2722.0000,2735.8000,2736.0000,2737.0000,2737.2000,2737.6000,1,1,1,5,1,1,1,2,1,1
SF,IH2012,2020-05-08 09:30:35.500,2731.4000,1791,0,11481780.000,0,-,-,-,-,2731.8000,2731.0000,2725.0000,2724.8000,2722.0000,2733.8000,2735.8000,2736.0000,2737.0000,2737.2000,1,1,1,5,1,1,1,1,2,1
SF,IH2012,2020-05-08 09:30:36.000,2731.4000,1791,0,11481780.000,0,-,-,-,-,2732.4000,2731.0000,2725.0000,2724.8000,2722.0000,2733.6000,2733.8000,2736.0000,2737.0000,2737.2000,1,1,1,5,1,1,1,1,1,1
SF,IH2012,2020-05-08 09:30:36.500,2731.4000,1791,0,11481780.000,0,-,-,-,-,2732.4000,2732.2000,2731.0000,2725.0000,2724.8000,2736.0000,2737.2000,2737.6000,2738.0000,2738.8000,1,7,1,1,5,1,1,1,2,1
SF,IH2012,2020-05-08 09:30:37.000,2731.4000,1791,0,11481780.000,0,-,-,-,-,2732.8000,2732.6000,2732.4000,2731.0000,2725.0000,2735.8000,2736.0000,2737.2000,2737.6000,2738.0000,7,1,1,1,1,1,1,1,1,2
SF,IH2012,2020-05-08 09:30:38.000,2731.4000,1791,0,11481780.000,0,-,-,-,-,2732.8000,2732.6000,2731.0000,2725.0000,2724.8000,2735.8000,2736.0000,2737.2000,2737.6000,2738.0000,7,1,1,1,5,1,1,1,1,2
SF,IH2012,2020-05-08 09:30:38.500,2731.4000,1791,0,11481780.000,0,-,-,-,-,2733.0000,2732.8000,2732.6000,2731.0000,2725.0000,2735.4000,2735.8000,2736.0000,2737.2000,2737.6000,1,7,1,1,1,1,1,1,1,1
SF,IH2012,2020-05-08 09:30:39.000,2731.4000,1791,0,11481780.000,0,-,-,-,-,2733.2000,2733.0000,2732.8000,2732.6000,2731.0000,2735.2000,2735.4000,2736.0000,2737.6000,2738.0000,1,1,7,1,1,1,1,1,1,2
SF,IH2012,2020-05-08 09:30:39.500,2731.4000,1791,0,11481780.000,0,-,-,-,-,2733.2000,2733.0000,2732.8000,2732.6000,2731.0000,2735.2000,2736.0000,2737.6000,2738.0000,2738.8000,2,1,7,1,1,1,1,1,2,1
SF,IH2012,2020-05-08 09:30:40.000,2731.4000,1791,0,11481780.000,0,-,-,-,-,2733.6000,2733.4000,2733.2000,2732.8000,2732.6000,2735.2000,2736.0000,2737.6000,2738.0000,2738.8000,1,1,2,7,1,1,1,1,2,1
SF,IH2012,2020-05-08 09:30:40.500,2733.0000,1791,0,12301680.000,1,0,1,多换,S,2733.4000,2733.2000,2732.8000,2732.6000,2731.0000,2735.2000,2736.0000,2737.6000,2738.0000,2738.8000,1,1,7,1,1,1,1,1,2,1
SF,IH2012,2020-05-08 09:30:41.000,2733.0000,1791,0,12301680.000,0,-,-,-,-,2733.4000,2732.8000,2732.6000,2731.0000,2725.0000,2735.2000,2736.0000,2737.6000,2738.0000,2738.8000,1,7,1,1,1,1,1,1,2,1
SF,IH2012,2020-05-08 09:30:42.000,2733.0000,1791,0,12301680.000,0,-,-,-,-,2733.4000,2732.8000,2732.6000,2731.0000,2725.0000,2735.2000,2735.8000,2736.0000,2737.6000,2738.0000,1,7,1,1,1,1,1,1,1,2
SF,IH2012,2020-05-08 09:30:42.500,2733.0000,1791,0,12301680.000,0,-,-,-,-,2732.2000,2731.0000,2725.0000,2724.8000,2722.0000,2735.2000,2735.8000,2736.0000,2737.6000,2738.0000,1,1,1,5,1,1,1,1,1,2
SF,IH2012,2020-05-08 09:30:43.000,2733.0000,1791,0,12301680.000,0,-,-,-,-,2732.4000,2732.2000,2731.0000,2725.0000,2724.8000,2735.2000,2735.8000,2736.0000,2737.6000,2738.0000,7,1,1,1,5,1,1,1,1,2
SF,IH2012,2020-05-08 09:30:43.500,2733.0000,1791,0,12301680.000,0,-,-,-,-,2732.2000,2731.0000,2725.0000,2724.8000,2722.0000,2735.2000,2735.8000,2736.0000,2737.6000,2738.0000,1,1,1,5,1,1,1,1,1,2
SF,IH2012,2020-05-08 09:30:44.000,2733.0000,1791,0,12301680.000,0,-,-,-,-,2732.6000,2732.4000,2731.0000,2725.0000,2724.8000,2735.2000,2735.8000,2736.0000,2737.6000,2738.0000,1,7,1,1,5,1,1,1,1,2
SF,IH2012,2020-05-08 09:30:45.000,2733.0000,1791,0,12301680.000,0,-,-,-,-,2732.6000,2732.4000,2731.0000,2725.0000,2724.8000,2735.0000,2735.2000,2735.8000,2736.0000,2737.6000,1,7,1,1,5,1,1,1,1,1
SF,IH2012,2020-05-08 09:30:45.500,2733.0000,1791,0,12301680.000,0,-,-,-,-,2732.8000,2732.6000,2732.4000,2731.0000,2725.0000,2734.8000,2735.0000,2735.8000,2736.0000,2737.6000,1,1,7,1,1,1,1,1,1,1
SF,IH2012,2020-05-08 09:30:46.500,2733.0000,1791,0,12301680.000,0,-,-,-,-,2732.6000,2732.4000,2731.0000,2725.0000,2724.8000,2734.8000,2735.0000,2735.8000,2736.0000,2737.6000,1,7,1,1,5,1,1,1,1,1
SF,IH2012,2020-05-08 09:30:47.000,2733.0000,1791,0,12301680.000,0,-,-,-,-,2731.0000,2725.0000,2724.8000,2722.0000,2720.6000,2734.8000,2735.0000,2735.8000,2736.0000,2737.6000,2,1,5,1,1,1,1,1,1,1
SF,IH2012,2020-05-08 09:30:47.500,2733.0000,1791,0,13121580.000,1,0,1,多换,S,2731.4000,2731.0000,2725.0000,2724.8000,2722.0000,2732.6000,2734.8000,2735.0000,2735.8000,2736.0000,7,2,1,5,1,1,1,1,1,1
SF,IH2012,2020-05-08 09:30:48.000,2732.8000,1790,-1,13941420.000,1,0,1,双平,S,2732.8000,2731.4000,2731.0000,2725.0000,2724.8000,2734.8000,2735.0000,2735.8000,2736.0000,2737.6000,1,7,2,1,5,1,1,1,1,1
SF,IH2012,2020-05-08 09:30:48.500,2732.8000,1790,0,13941420.000,0,-,-,-,-,2732.8000,2731.4000,2731.0000,2725.0000,2724.8000,2734.8000,2735.0000,2735.8000,2736.0000,2737.6000,1,7,2,1,5,1,1,1,1,1
SF,IH2012,2020-05-08 09:30:50.000,2732.8000,1790,0,13941420.000,0,-,-,-,-,2732.8000,2731.4000,2731.0000,2725.0000,2724.8000,2734.8000,2735.0000,2735.8000,2736.0000,2737.6000,1,7,2,1,5,1,1,1,1,1
SF,IH2012,2020-05-08 09:30:54.000,2732.8000,1790,0,13941420.000,0,-,-,-,-,2732.8000,2731.4000,2731.0000,2725.0000,2724.8000,2733.0000,2734.8000,2735.0000,2735.8000,2736.0000,1,7,2,1,5,1,1,1,1,1
SF,IH2012,2020-05-08 09:30:54.500,2733.0000,1789,-1,14761320.000,1,0,1,双平,S,2732.8000,2731.4000,2731.0000,2725.0000,2724.8000,2734.8000,2735.8000,2736.0000,2737.6000,2738.8000,1,7,2,1,5,1,1,1,1,1
SF,IH2012,2020-05-08 09:30:55.000,2733.0000,1789,0,14761320.000,0,-,-,-,-,2733.0000,2732.8000,2731.4000,2731.0000,2725.0000,2734.6000,2734.8000,2735.8000,2736.0000,2737.6000,1,1,7,2,1,1,1,1,1,1
SF,IH2012,2020-05-08 09:30:56.500,2733.0000,1789,0,14761320.000,0,-,-,-,-,2733.0000,2732.8000,2731.4000,2731.0000,2725.0000,2734.6000,2734.8000,2735.8000,2736.0000,2737.6000,1,1,7,2,1,1,1,1,1,1
SF,IH2012,2020-05-08 09:30:57.500,2733.0000,1789,0,14761320.000,0,-,-,-,-,2733.0000,2732.8000,2731.4000,2731.0000,2725.0000,2734.6000,2734.8000,2735.8000,2736.0000,2737.6000,1,1,7,1,1,1,1,1,1,1
SF,IH2012,2020-05-08 09:30:59.000,2733.0000,1789,0,15581220.000,1,0,1,多换,S,2732.8000,2731.4000,2731.0000,2726.0000,2725.0000,2734.6000,2734.8000,2735.8000,2736.0000,2737.6000,1,7,1,1,1,1,1,1,1,1
SF,IH2012,2020-05-08 09:30:59.500,2733.0000,1789,0,15581220.000,0,-,-,-,-,2731.4000,2731.0000,2726.0000,2725.0000,2724.8000,2734.4000,2734.6000,2735.8000,2736.0000,2737.6000,7,1,1,1,5,1,1,1,1,1
SF,IH2012,2020-05-08 09:31:00.000,2733.0000,1789,0,15581220.000,0,-,-,-,-,2731.4000,2731.0000,2726.0000,2725.0000,2724.8000,2734.4000,2735.8000,2736.0000,2737.6000,2738.8000,7,1,1,1,5,1,1,1,1,2
SF,IH2012,2020-05-08 09:31:00.500,2733.0000,1789,0,15581220.000,0,-,-,-,-,2731.6000,2731.4000,2731.0000,2726.0000,2725.0000,2734.2000,2734.4000,2735.8000,2736.0000,2737.6000,1,7,1,1,1,1,1,1,1,1
SF,IH2012,2020-05-08 09:31:01.000,2731.6000,1788,-1,16400700.000,1,0,1,双平,S,2731.4000,2731.0000,2726.0000,2725.0000,2724.8000,2734.0000,2734.2000,2735.8000,2736.0000,2737.6000,7,1,1,1,5,1,1,1,1,1
SF,IH2012,2020-05-08 09:31:01.500,2731.6000,1788,0,16400700.000,0,-,-,-,-,2731.4000,2731.0000,2726.0000,2725.0000,2724.8000,2733.8000,2734.0000,2735.8000,2736.0000,2737.6000,7,1,1,1,5,1,1,1,1,1
SF,IH2012,2020-05-08 09:31:02.000,2731.6000,1788,0,16400700.000,0,-,-,-,-,2731.6000,2731.4000,2731.0000,2726.0000,2725.0000,2733.6000,2733.8000,2735.8000,2736.0000,2737.6000,1,7,1,1,1,1,1,1,1,1
SF,IH2012,2020-05-08 09:31:02.500,2731.6000,1788,0,16400700.000,0,-,-,-,-,2731.4000,2731.0000,2726.0000,2725.0000,2724.8000,2733.4000,2733.6000,2734.6000,2735.8000,2736.0000,7,1,1,1,5,1,1,1,1,1
SF,IH2012,2020-05-08 09:31:03.000,2731.6000,1788,0,16400700.000,0,-,-,-,-,2731.8000,2731.0000,2726.0000,2725.0000,2724.8000,2733.2000,2733.4000,2734.6000,2735.8000,2736.0000,7,1,1,1,5,1,2,1,1,1
SF,IH2012,2020-05-08 09:31:03.500,2731.6000,1788,0,16400700.000,0,-,-,-,-,2731.8000,2731.0000,2726.0000,2725.0000,2724.8000,2733.2000,2733.4000,2734.6000,2735.8000,2736.0000,7,1,1,1,5,1,1,1,1,1
SF,IH2012,2020-05-08 09:31:04.000,2731.6000,1788,0,16400700.000,0,-,-,-,-,2731.0000,2726.0000,2725.0000,2724.8000,2723.0000,2733.0000,2733.2000,2734.6000,2735.8000,2736.0000,1,1,1,5,1,2,1,1,1,1
SF,IH2012,2020-05-08 09:31:04.500,2731.6000,1788,0,16400700.000,0,-,-,-,-,2731.4000,2731.0000,2726.0000,2725.0000,2724.8000,2732.8000,2733.0000,2734.6000,2735.8000,2736.0000,7,1,1,1,5,1,2,1,1,1
SF,IH2012,2020-05-08 09:31:05.000,2731.6000,1788,0,16400700.000,0,-,-,-,-,2731.0000,2726.0000,2725.0000,2724.8000,2723.0000,2732.6000,2732.8000,2733.0000,2734.6000,2735.8000,1,1,1,5,1,1,1,1,1,1
SF,IH2012,2020-05-08 09:31:05.500,2731.6000,1788,0,16400700.000,0,-,-,-,-,2731.4000,2731.0000,2726.0000,2725.0000,2724.8000,2732.6000,2732.8000,2733.0000,2734.6000,2735.8000,7,1,1,1,5,1,1,1,1,1
SF,IH2012,2020-05-08 09:31:07.000,2731.6000,1788,0,16400700.000,0,-,-,-,-,2731.0000,2726.0000,2725.0000,2724.8000,2723.0000,2732.6000,2732.8000,2733.0000,2734.6000,2735.8000,1,1,1,5,1,1,1,1,1,1
SF,IH2012,2020-05-08 09:31:07.500,2731.6000,1788,0,16400700.000,0,-,-,-,-,2731.2000,2731.0000,2726.0000,2725.0000,2724.8000,2732.6000,2732.8000,2733.0000,2734.6000,2735.8000,7,1,1,1,5,1,1,1,1,1
SF,IH2012,2020-05-08 09:31:08.000,2731.6000,1788,0,16400700.000,0,-,-,-,-,2731.2000,2731.0000,2726.0000,2725.0000,2724.8000,2732.6000,2732.8000,2734.6000,2735.8000,2736.0000,7,1,1,1,5,1,1,1,1,1
SF,IH2012,2020-05-08 09:31:08.500,2732.8000,1787,-1,18040320.000,2,0,2,多平,S,2731.4000,2731.2000,2731.0000,2726.0000,2725.0000,2734.6000,2735.8000,2736.0000,2737.6000,2738.8000,1,7,2,1,1,1,1,1,1,2
SF,IH2012,2020-05-08 09:31:09.000,2732.8000,1787,0,18040320.000,0,-,-,-,-,2731.6000,2731.4000,2731.0000,2726.0000,2725.0000,2734.4000,2734.6000,2735.8000,2736.0000,2737.6000,7,1,2,1,1,1,1,1,1,1
SF,IH2012,2020-05-08 09:31:09.500,2732.8000,1787,0,18040320.000,0,-,-,-,-,2731.8000,2731.6000,2731.4000,2731.0000,2726.0000,2733.0000,2734.4000,2734.6000,2735.8000,2736.0000,2,7,1,2,1,1,1,1,1,1
SF,IH2012,2020-05-08 09:31:10.000,2733.0000,1786,-1,18860220.000,1,0,1,双平,S,2732.2000,2731.8000,2731.0000,2726.0000,2725.0000,2734.2000,2734.4000,2734.6000,2735.8000,2736.0000,7,1,2,1,1,1,1,1,1,1
SF,IH2012,2020-05-08 09:31:10.500,2733.0000,1786,0,18860220.000,0,-,-,-,-,2732.4000,2732.2000,2731.0000,2726.0000,2725.0000,2734.0000,2734.2000,2734.6000,2735.8000,2736.0000,1,7,2,1,1,1,1,1,1,1
SF,IH2012,2020-05-08 09:31:11.500,2733.0000,1786,0,18860220.000,0,-,-,-,-,2732.6000,2732.4000,2731.0000,2726.0000,2725.0000,2734.0000,2734.2000,2734.6000,2735.8000,2736.0000,7,1,2,1,1,1,1,1,1,1
SF,IH2012,2020-05-08 09:31:12.500,2733.0000,1786,0,18860220.000,0,-,-,-,-,2732.4000,2731.0000,2726.0000,2725.0000,2724.8000,2734.0000,2734.2000,2734.6000,2735.8000,2736.0000,1,2,1,1,5,2,1,1,1,1
SF,IH2012,2020-05-08 09:31:14.000,2733.0000,1786,0,18860220.000,0,-,-,-,-,2732.6000,2732.4000,2731.0000,2726.0000,2725.0000,2734.0000,2734.2000,2734.6000,2735.8000,2736.0000,7,1,2,1,1,2,1,1,1,1
SF,IH2012,2020-05-08 09:31:14.500,2733.0000,1786,0,18860220.000,0,-,-,-,-,2732.4000,2731.0000,2726.0000,2725.0000,2724.8000,2734.0000,2734.2000,2734.6000,2735.8000,2736.0000,1,2,1,1,5,2,1,1,1,1
SF,IH2012,2020-05-08 09:31:15.000,2733.0000,1786,0,18860220.000,0,-,-,-,-,2732.4000,2732.0000,2731.0000,2726.0000,2725.0000,2734.0000,2734.2000,2734.6000,2735.8000,2736.0000,1,1,2,1,1,2,1,1,1,1
SF,IH2012,2020-05-08 09:31:15.500,2733.0000,1786,0,18860220.000,0,-,-,-,-,2732.4000,2732.0000,2731.0000,2726.0000,2725.0000,2734.0000,2734.2000,2734.6000,2735.8000,2736.0000,1,2,2,1,1,2,1,1,1,1
SF,IH2012,2020-05-08 09:31:17.500,2733.0000,1786,0,18860220.000,0,-,-,-,-,2732.4000,2732.0000,2731.0000,2726.0000,2725.0000,2733.8000,2734.0000,2734.2000,2734.6000,2735.8000,1,2,2,1,1,1,2,1,1,1
SF,IH2012,2020-05-08 09:31:18.500,2732.4000,1786,0,19679940.000,1,0,1,多换,S,2732.0000,2731.0000,2726.0000,2725.0000,2724.8000,2733.8000,2734.0000,2734.2000,2734.6000,2735.8000,2,2,1,1,5,1,2,1,1,1
SF,IH2012,2020-05-08 09:31:19.000,2732.4000,1786,0,19679940.000,0,-,-,-,-,2732.0000,2731.0000,2726.0000,2725.0000,2724.8000,2733.6000,2733.8000,2734.0000,2734.2000,2734.6000,2,2,1,1,5,3,1,1,1,1
SF,IH2012,2020-05-08 09:31:21.000,2732.4000,1786,0,19679940.000,0,-,-,-,-,2732.0000,2731.0000,2726.0000,2725.0000,2724.8000,2733.0000,2733.6000,2733.8000,2734.0000,2734.2000,2,2,1,1,5,1,3,1,1,1
SF,IH2012,2020-05-08 09:31:21.500,2732.0000,1786,0,21319140.000,2,1,1,多换,S,2731.0000,2726.0000,2725.0000,2724.8000,2723.0000,2733.0000,2733.6000,2733.8000,2734.0000,2734.2000,2,1,1,5,1,1,3,1,1,1
SF,IH2012,2020-05-08 09:31:22.000,2732.0000,1786,0,21319140.000,0,-,-,-,-,2731.2000,2731.0000,2726.0000,2725.0000,2724.8000,2732.8000,2733.0000,2733.6000,2733.8000,2734.0000,7,2,1,1,5,2,1,1,1,1
SF,IH2012,2020-05-08 09:31:22.500,2732.0000,1786,0,21319140.000,0,-,-,-,-,2731.0000,2726.0000,2725.0000,2724.8000,2723.0000,2732.8000,2733.0000,2733.6000,2733.8000,2734.0000,2,1,1,5,1,2,1,1,1,1
SF,IH2012,2020-05-08 09:31:23.500,2732.0000,1786,0,21319140.000,0,-,-,-,-,2731.0000,2726.0000,2725.0000,2724.8000,2723.0000,2732.6000,2732.8000,2733.0000,2733.6000,2734.0000,2,1,1,5,1,1,2,1,1,1
SF,IH2012,2020-05-08 09:31:24.000,2732.0000,1786,0,21319140.000,0,-,-,-,-,2731.0000,2726.0000,2725.0000,2724.8000,2723.0000,2732.4000,2732.6000,2732.8000,2733.0000,2733.6000,2,1,1,5,1,1,1,1,1,1
SF,IH2012,2020-05-08 09:31:25.000,2731.0000,1785,-1,22138440.000,1,0,1,双平,S,2731.0000,2726.0000,2725.0000,2724.8000,2723.0000,2732.4000,2732.6000,2732.8000,2733.0000,2733.6000,1,1,1,5,1,1,1,1,1,1
SF,IH2012,2020-05-08 09:31:25.500,2731.0000,1784,-1,22957740.000,1,0,1,双平,S,2726.0000,2725.0000,2724.8000,2723.0000,2720.6000,2730.6000,2732.4000,2732.6000,2732.8000,2733.0000,1,1,5,1,1,2,1,1,1,1
SF,IH2012,2020-05-08 09:31:26.000,2731.0000,1784,0,22957740.000,0,-,-,-,-,2726.4000,2726.2000,2726.0000,2725.0000,2724.8000,2730.4000,2730.6000,2732.6000,2733.0000,2733.6000,7,1,1,1,5,1,2,1,1,1
SF,IH2012,2020-05-08 09:31:26.500,2731.0000,1784,0,22957740.000,0,-,-,-,-,2726.6000,2726.4000,2726.0000,2725.0000,2724.8000,2730.4000,2730.6000,2732.6000,2733.0000,2733.6000,1,7,1,1,5,1,2,1,1,1
SF,IH2012,2020-05-08 09:31:27.000,2731.0000,1784,0,22957740.000,0,-,-,-,-,2727.0000,2726.6000,2726.0000,2725.0000,2724.8000,2730.4000,2730.6000,2732.6000,2733.0000,2733.6000,7,1,1,1,5,1,2,1,1,1
SF,IH2012,2020-05-08 09:31:27.500,2731.0000,1784,0,22957740.000,0,-,-,-,-,2727.2000,2727.0000,2726.0000,2725.0000,2724.8000,2730.2000,2730.4000,2730.6000,2732.6000,2733.0000,1,7,1,1,5,2,1,2,1,1
SF,IH2012,2020-05-08 09:31:28.000,2731.0000,1784,0,22957740.000,0,-,-,-,-,2727.6000,2727.2000,2726.0000,2725.0000,2724.8000,2730.0000,2730.2000,2730.6000,2732.6000,2733.0000,7,1,1,1,5,1,2,2,1,1
SF,IH2012,2020-05-08 09:31:28.500,2731.0000,1784,0,22957740.000,0,-,-,-,-,2727.8000,2727.6000,2726.0000,2725.0000,2724.8000,2729.8000,2730.0000,2730.2000,2730.6000,2732.6000,1,7,1,1,5,1,1,1,2,1
SF,IH2012,2020-05-08 09:31:29.000,2731.0000,1784,0,22957740.000,0,-,-,-,-,2728.2000,2727.8000,2726.0000,2725.0000,2724.8000,2729.6000,2729.8000,2730.2000,2730.6000,2732.6000,7,1,1,1,5,1,1,1,2,1
SF,IH2012,2020-05-08 09:31:29.500,2729.6000,1784,0,23776620.000,1,0,1,多换,S,2729.6000,2728.2000,2727.8000,2726.0000,2725.0000,2729.8000,2730.2000,2730.6000,2732.6000,2733.0000,1,7,1,1,1,1,1,2,1,1
SF,IH2012,2020-05-08 09:31:30.000,2729.8000,1783,-1,24595560.000,1,0,1,双平,S,2729.8000,2729.6000,2727.8000,2726.0000,2725.0000,2730.2000,2730.6000,2732.6000,2733.0000,2733.6000,8,1,1,1,1,1,2,1,1,1
SF,IH2012,2020-05-08 09:31:30.500,2729.8000,1783,0,24595560.000,0,-,-,-,-,2729.8000,2729.6000,2727.8000,2726.0000,2725.0000,2730.2000,2730.6000,2732.6000,2733.0000,2733.6000,7,1,1,1,1,1,2,1,1,1
SF,IH2012,2020-05-08 09:31:31.000,2729.8000,1783,0,24595560.000,0,-,-,-,-,2729.6000,2728.0000,2727.8000,2726.0000,2725.0000,2729.8000,2730.2000,2730.6000,2732.6000,2733.0000,1,1,1,1,1,1,1,2,1,1
SF,IH2012,2020-05-08 09:31:31.500,2729.8000,1783,0,25414500.000,1,0,1,多换,S,2728.0000,2727.8000,2726.0000,2725.0000,2724.8000,2730.6000,2731.8000,2732.6000,2733.0000,2733.6000,1,1,1,1,5,2,1,1,1,1
SF,IH2012,2020-05-08 09:31:32.000,2729.8000,1783,0,25414500.000,0,-,-,-,-,2728.4000,2728.2000,2728.0000,2727.0000,2726.0000,2730.6000,2731.8000,2732.6000,2733.0000,2734.6000,7,2,1,1,1,2,1,1,1,2
SF,IH2012,2020-05-08 09:31:32.500,2729.8000,1783,0,25414500.000,0,-,-,-,-,2728.6000,2728.4000,2728.2000,2728.0000,2727.0000,2730.6000,2731.8000,2732.6000,2733.0000,2734.6000,1,7,1,1,1,2,1,1,1,2
SF,IH2012,2020-05-08 09:31:33.000,2729.8000,1783,0,25414500.000,0,-,-,-,-,2729.0000,2728.6000,2728.2000,2728.0000,2727.0000,2730.4000,2730.6000,2731.8000,2732.6000,2733.0000,7,1,1,1,1,1,2,1,1,1
SF,IH2012,2020-05-08 09:31:33.500,2729.8000,1783,0,25414500.000,0,-,-,-,-,2729.0000,2728.2000,2728.0000,2727.0000,2726.0000,2730.4000,2730.6000,2731.8000,2732.6000,2733.0000,7,1,1,1,1,1,2,1,1,1
SF,IH2012,2020-05-08 09:31:34.000,2729.8000,1783,0,25414500.000,0,-,-,-,-,2729.0000,2728.2000,2728.0000,2727.0000,2726.0000,2729.6000,2730.4000,2730.6000,2731.8000,2732.6000,7,1,1,1,1,1,1,2,1,1
SF,IH2012,2020-05-08 09:31:34.500,2729.6000,1782,-1,26233380.000,1,0,1,双平,S,2729.6000,2729.0000,2728.0000,2727.0000,2726.0000,2730.4000,2730.6000,2731.8000,2732.6000,2733.0000,1,7,1,1,1,1,2,1,1,1
SF,IH2012,2020-05-08 09:31:35.000,2729.6000,1782,0,26233380.000,0,-,-,-,-,2729.6000,2729.0000,2728.0000,2726.0000,2725.0000,2730.4000,2730.6000,2731.8000,2732.6000,2733.0000,1,7,1,1,1,1,2,1,1,1
SF,IH2012,2020-05-08 09:31:35.500,2729.6000,1782,0,26233380.000,0,-,-,-,-,2729.6000,2729.0000,2728.0000,2726.0000,2725.0000,2730.2000,2730.4000,2730.6000,2731.8000,2732.6000,1,7,1,1,1,1,1,2,1,1
SF,IH2012,2020-05-08 09:31:36.500,2729.6000,1782,0,26233380.000,0,-,-,-,-,2729.2000,2729.0000,2728.0000,2726.0000,2725.0000,2729.6000,2730.2000,2730.4000,2730.6000,2731.8000,1,7,1,1,1,1,1,1,2,1
SF,IH2012,2020-05-08 09:31:37.000,2729.6000,1782,0,26233380.000,0,-,-,-,-,2729.6000,2729.2000,2729.0000,2728.0000,2727.2000,2730.4000,2730.6000,2731.8000,2732.6000,2733.0000,1,1,7,1,1,1,2,1,1,1
SF,IH2012,2020-05-08 09:31:37.500,2729.6000,1782,0,26233380.000,0,-,-,-,-,2729.2000,2728.0000,2726.0000,2725.0000,2723.0000,2729.6000,2730.4000,2730.6000,2731.8000,2732.6000,1,1,1,1,1,1,1,2,1,1
SF,IH2012,2020-05-08 09:31:38.000,2729.2000,1781,-1,27052140.000,1,0,1,双平,S,2728.0000,2727.2000,2726.0000,2725.0000,2723.0000,2729.6000,2730.4000,2730.6000,2731.8000,2732.6000,1,1,1,1,1,1,1,2,1,1
SF,IH2012,2020-05-08 09:31:38.500,2729.2000,1780,-1,27870900.000,1,0,1,双平,S,2729.4000,2728.2000,2728.0000,2727.2000,2726.0000,2729.6000,2730.6000,2731.8000,2732.6000,2734.6000,6,1,1,1,1,1,2,1,1,2
SF,IH2012,2020-05-08 09:31:39.000,2729.6000,1779,-1,28689780.000,1,0,1,双平,S,2729.6000,2729.4000,2728.2000,2728.0000,2727.2000,2730.6000,2731.8000,2732.6000,2734.6000,2735.8000,1,6,1,1,1,2,1,1,2,1
SF,IH2012,2020-05-08 09:31:39.500,2729.6000,1779,0,28689780.000,0,-,-,-,-,2729.8000,2729.6000,2728.2000,2728.0000,2726.0000,2730.6000,2731.8000,2732.6000,2734.6000,2735.8000,6,1,1,1,1,2,1,1,2,1
SF,IH2012,2020-05-08 09:31:40.000,2729.6000,1779,0,28689780.000,0,-,-,-,-,2729.6000,2728.2000,2728.0000,2726.0000,2723.0000,2730.6000,2731.8000,2732.6000,2734.6000,2735.8000,1,1,1,1,1,2,1,1,2,1
SF,IH2012,2020-05-08 09:31:41.000,2729.6000,1779,0,28689780.000,0,-,-,-,-,2729.6000,2728.2000,2728.0000,2726.0000,2723.0000,2730.6000,2731.8000,2732.6000,2734.6000,2735.8000,1,1,1,1,1,2,1,1,1,1
SF,IH2012,2020-05-08 09:31:42.000,2729.6000,1779,0,28689780.000,0,-,-,-,-,2729.2000,2728.2000,2728.0000,2726.0000,2723.0000,2730.6000,2731.8000,2732.6000,2734.6000,2735.8000,2,1,1,1,1,2,1,1,1,1
SF,IH2012,2020-05-08 09:31:42.500,2729.6000,1779,0,28689780.000,0,-,-,-,-,2729.6000,2729.2000,2728.2000,2728.0000,2726.0000,2730.6000,2731.8000,2732.6000,2734.6000,2735.8000,6,2,1,1,1,2,1,1,1,1
SF,IH2012,2020-05-08 09:31:43.000,2729.6000,1779,0,28689780.000,0,-,-,-,-,2729.2000,2728.2000,2728.0000,2726.0000,2723.0000,2730.0000,2730.6000,2731.8000,2732.6000,2734.6000,2,1,1,1,1,1,2,1,1,1
SF,IH2012,2020-05-08 09:31:43.500,2729.6000,1779,0,28689780.000,0,-,-,-,-,2729.4000,2729.2000,2728.2000,2728.0000,2726.0000,2730.0000,2730.6000,2731.8000,2732.6000,2734.6000,6,2,1,1,1,1,2,1,1,1
SF,IH2012,2020-05-08 09:31:44.000,2729.6000,1779,0,28689780.000,0,-,-,-,-,2729.4000,2728.2000,2728.0000,2726.0000,2723.0000,2730.0000,2730.6000,2731.8000,2732.6000,2734.6000,6,1,1,1,1,1,2,1,1,1
SF,IH2012,2020-05-08 09:31:44.500,2729.6000,1779,0,28689780.000,0,-,-,-,-,2729.4000,2728.2000,2728.0000,2726.0000,2723.0000,2729.6000,2730.0000,2730.6000,2731.8000,2732.6000,6,1,1,1,1,1,1,2,1,1
SF,IH2012,2020-05-08 09:31:45.000,2730.0000,1778,-1,30327660.000,2,0,2,多平,S,2729.4000,2728.2000,2728.0000,2726.0000,2723.0000,2730.6000,2731.8000,2732.6000,2734.6000,2735.8000,6,1,1,1,1,2,1,1,1,1
SF,IH2012,2020-05-08 09:31:46.500,2730.0000,1778,0,30327660.000,0,-,-,-,-,2729.6000,2729.4000,2728.2000,2728.0000,2726.0000,2730.6000,2731.8000,2732.6000,2734.6000,2735.8000,2,6,1,1,1,2,1,1,1,1
SF,IH2012,2020-05-08 09:31:47.500,2730.0000,1778,0,30327660.000,0,-,-,-,-,2729.8000,2729.6000,2728.2000,2728.0000,2726.0000,2730.6000,2731.8000,2732.6000,2734.6000,2735.8000,6,2,1,1,1,2,1,1,1,1
SF,IH2012,2020-05-08 09:31:48.000,2730.0000,1778,0,30327660.000,0,-,-,-,-,2729.8000,2728.2000,2728.0000,2726.0000,2723.0000,2730.6000,2731.8000,2732.6000,2734.6000,2735.8000,6,1,1,1,1,2,1,1,1,1
SF,IH2012,2020-05-08 09:31:48.500,2730.0000,1778,0,30327660.000,0,-,-,-,-,2728.2000,2728.0000,2726.0000,2723.0000,2720.6000,2730.6000,2731.8000,2732.6000,2734.6000,2735.8000,1,1,1,1,1,2,1,1,1,1
SF,IH2012,2020-05-08 09:31:49.000,2730.0000,1778,0,30327660.000,0,-,-,-,-,2728.6000,2728.4000,2728.2000,2728.0000,2727.2000,2730.6000,2731.8000,2732.6000,2734.6000,2735.8000,6,2,1,1,1,2,1,1,1,1
SF,IH2012,2020-05-08 09:31:49.500,2730.0000,1778,0,30327660.000,0,-,-,-,-,2728.8000,2728.6000,2728.4000,2728.0000,2727.2000,2730.6000,2731.8000,2732.6000,2734.6000,2735.8000,2,6,1,1,1,2,1,1,1,1
SF,IH2012,2020-05-08 09:31:50.000,2730.0000,1778,0,30327660.000,0,-,-,-,-,2729.2000,2728.8000,2728.4000,2728.0000,2727.2000,2730.6000,2731.8000,2732.6000,2734.6000,2735.8000,6,2,1,1,1,2,1,1,1,1
SF,IH2012,2020-05-08 09:31:52.500,2730.0000,1778,0,30327660.000,0,-,-,-,-,2729.2000,2728.8000,2728.4000,2728.0000,2727.2000,2730.4000,2730.6000,2731.8000,2734.6000,2735.8000,6,2,1,1,1,1,2,1,1,1
SF,IH2012,2020-05-08 09:31:53.500,2730.0000,1778,0,30327660.000,0,-,-,-,-,2729.2000,2728.8000,2728.4000,2728.0000,2727.2000,2730.4000,2730.6000,2731.8000,2734.6000,2735.8000,6,2,1,1,1,1,2,1,1,1
SF,IH2012,2020-05-08 09:31:54.000,2730.0000,1778,0,30327660.000,0,-,-,-,-,2728.8000,2728.0000,2727.2000,2726.0000,2723.0000,2730.4000,2730.6000,2731.8000,2734.6000,2735.8000,2,1,1,1,1,1,2,1,1,1
SF,IH2012,2020-05-08 09:31:54.500,2730.0000,1778,0,30327660.000,0,-,-,-,-,2728.8000,2728.0000,2727.2000,2726.0000,2723.0000,2730.4000,2730.6000,2731.8000,2734.6000,2735.8000,1,1,1,1,1,1,2,1,1,1
SF,IH2012,2020-05-08 09:31:55.000,2730.0000,1778,0,30327660.000,0,-,-,-,-,2728.8000,2728.0000,2727.2000,2726.0000,2723.0000,2730.2000,2730.4000,2730.6000,2731.8000,2733.0000,1,1,1,1,1,1,1,2,1,1
SF,IH2012,2020-05-08 09:31:56.000,2730.0000,1778,0,30327660.000,0,-,-,-,-,2728.8000,2728.0000,2727.2000,2726.0000,2723.0000,2730.2000,2730.4000,2730.6000,2731.8000,2733.0000,1,1,1,1,1,1,1,2,1,1
SF,IH2012,2020-05-08 09:31:57.500,2730.0000,1778,0,30327660.000,0,-,-,-,-,2729.0000,2728.8000,2728.0000,2727.2000,2726.0000,2730.0000,2730.2000,2730.6000,2731.8000,2733.0000,2,1,1,1,1,1,1,2,1,1
SF,IH2012,2020-05-08 09:31:58.000,2730.0000,1778,0,30327660.000,0,-,-,-,-,2729.0000,2728.8000,2728.0000,2727.2000,2726.0000,2730.0000,2730.6000,2731.8000,2733.0000,2734.6000,2,1,1,1,1,1,2,1,1,1
SF,IH2012,2020-05-08 09:32:00.500,2730.0000,1778,0,30327660.000,0,-,-,-,-,2728.8000,2728.0000,2727.2000,2726.0000,2723.0000,2730.0000,2730.6000,2731.8000,2733.0000,2734.6000,1,1,1,1,1,1,2,1,1,1
SF,IH2012,2020-05-08 09:32:01.000,2730.0000,1778,0,30327660.000,0,-,-,-,-,2729.0000,2728.8000,2728.0000,2727.2000,2726.0000,2730.0000,2730.6000,2731.8000,2733.0000,2734.6000,7,1,1,1,1,1,2,1,1,1
SF,IH2012,2020-05-08 09:32:01.500,2730.0000,1778,0,30327660.000,0,-,-,-,-,2729.0000,2728.8000,2728.0000,2727.8000,2727.2000,2730.0000,2730.6000,2731.8000,2733.0000,2734.6000,7,1,1,2,1,1,2,1,1,1
SF,IH2012,2020-05-08 09:32:02.000,2730.0000,1778,0,30327660.000,0,-,-,-,-,2729.0000,2728.8000,2728.0000,2727.8000,2727.2000,2730.0000,2730.6000,2731.8000,2733.0000,2734.6000,1,1,1,2,1,1,2,1,1,1
SF,IH2012,2020-05-08 09:32:03.000,2730.0000,1778,0,30327660.000,0,-,-,-,-,2729.0000,2728.8000,2728.0000,2727.2000,2726.0000,2730.0000,2730.6000,2731.8000,2733.0000,2734.6000,1,1,1,1,1,1,2,1,1,1
SF,IH2012,2020-05-08 09:32:03.500,2730.0000,1778,0,30327660.000,0,-,-,-,-,2729.0000,2728.8000,2728.0000,2727.2000,2726.0000,2730.6000,2731.8000,2733.0000,2734.6000,2735.8000,1,1,1,1,1,2,1,1,1,1
SF,IH2012,2020-05-08 09:32:04.000,2730.0000,1778,0,30327660.000,0,-,-,-,-,2729.2000,2728.8000,2728.0000,2727.2000,2726.0000,2730.6000,2731.8000,2733.0000,2735.8000,2736.0000,6,1,1,1,1,2,1,1,1,1
SF,IH2012,2020-05-08 09:32:04.500,2730.0000,1778,0,30327660.000,0,-,-,-,-,2728.8000,2728.0000,2727.2000,2726.0000,2723.0000,2729.0000,2730.6000,2731.8000,2733.0000,2735.8000,1,1,1,1,1,1,2,1,1,1
SF,IH2012,2020-05-08 09:32:05.000,2729.2000,1778,0,31965120.000,2,1,1,多换,S,2729.2000,2728.8000,2728.0000,2727.2000,2726.0000,2730.6000,2733.0000,2735.8000,2738.8000,2742.0000,8,1,1,1,1,2,1,1,2,2
SF,IH2012,2020-05-08 09:32:05.500,2729.2000,1778,0,31965120.000,0,-,-,-,-,2729.2000,2728.8000,2728.0000,2727.2000,2726.0000,2730.6000,2732.0000,2733.0000,2735.8000,2738.8000,8,1,1,1,1,2,1,1,1,2
SF,IH2012,2020-05-08 09:32:06.000,2729.2000,1778,0,31965120.000,0,-,-,-,-,2729.2000,2728.8000,2728.0000,2727.2000,2726.0000,2730.4000,2730.6000,2732.0000,2733.0000,2735.8000,8,1,1,1,1,2,2,2,1,1
SF,IH2012,2020-05-08 09:32:07.000,2729.2000,1778,0,31965120.000,0,-,-,-,-,2729.2000,2728.8000,2728.0000,2727.2000,2726.0000,2730.4000,2730.6000,2732.0000,2733.0000,2735.8000,8,1,1,1,1,1,2,2,1,1
SF,IH2012,2020-05-08 09:32:07.500,2729.2000,1778,0,31965120.000,0,-,-,-,-,2729.2000,2728.8000,2728.0000,2727.2000,2726.0000,2730.2000,2730.6000,2732.0000,2733.0000,2735.8000,2,1,1,1,1,1,2,2,1,1
SF,IH2012,2020-05-08 09:32:08.000,2729.2000,1778,0,31965120.000,0,-,-,-,-,2729.4000,2729.2000,2728.8000,2728.0000,2727.2000,2730.2000,2730.6000,2732.0000,2733.0000,2735.8000,1,2,1,1,1,1,2,2,1,1
SF,IH2012,2020-05-08 09:32:08.500,2729.2000,1778,0,31965120.000,0,-,-,-,-,2729.6000,2729.2000,2728.8000,2728.0000,2727.2000,2730.6000,2732.0000,2733.0000,2735.8000,2738.8000,6,2,1,1,1,2,2,1,1,2
SF,IH2012,2020-05-08 09:32:09.000,2729.2000,1778,0,31965120.000,0,-,-,-,-,2729.2000,2728.8000,2728.0000,2726.0000,2723.0000,2730.6000,2732.0000,2733.0000,2735.8000,2738.8000,2,1,1,1,1,2,2,1,1,2
SF,IH2012,2020-05-08 09:32:09.500,2729.2000,1778,0,31965120.000,0,-,-,-,-,2729.2000,2728.8000,2728.0000,2726.0000,2723.0000,2730.4000,2730.6000,2732.0000,2733.0000,2735.8000,2,1,1,1,1,1,2,2,1,1
SF,IH2012,2020-05-08 09:32:10.000,2729.2000,1778,0,31965120.000,0,-,-,-,-,2728.8000,2728.0000,2726.0000,2723.0000,2720.6000,2730.2000,2730.4000,2730.6000,2732.0000,2733.0000,1,1,1,1,1,1,1,2,2,1
SF,IH2012,2020-05-08 09:32:10.500,2729.2000,1778,0,31965120.000,0,-,-,-,-,2728.8000,2728.0000,2726.8000,2726.0000,2723.0000,2730.2000,2730.4000,2730.6000,2732.0000,2733.0000,1,1,1,1,1,1,1,2,2,1
SF,IH2012,2020-05-08 09:32:11.000,2729.2000,1778,0,31965120.000,0,-,-,-,-,2728.8000,2728.0000,2726.8000,2726.0000,2723.0000,2730.2000,2730.6000,2732.0000,2733.0000,2735.8000,1,1,1,1,1,1,2,2,1,1
SF,IH2012,2020-05-08 09:32:15.000,2729.2000,1778,0,31965120.000,0,-,-,-,-,2728.8000,2728.0000,2726.8000,2726.0000,2723.0000,2730.0000,2730.2000,2730.6000,2732.0000,2733.0000,1,1,1,1,1,1,1,2,2,1
SF,IH2012,2020-05-08 09:32:15.500,2729.2000,1778,0,31965120.000,0,-,-,-,-,2728.8000,2728.0000,2726.8000,2726.0000,2723.0000,2730.2000,2730.6000,2732.0000,2733.0000,2735.8000,1,1,1,1,1,1,2,2,1,1
SF,IH2012,2020-05-08 09:32:16.000,2729.2000,1778,0,31965120.000,0,-,-,-,-,2729.0000,2728.8000,2728.0000,2726.8000,2726.0000,2730.2000,2730.6000,2732.0000,2733.0000,2735.8000,1,1,1,1,1,1,2,2,1,1
SF,IH2012,2020-05-08 09:32:18.000,2729.2000,1778,0,31965120.000,0,-,-,-,-,2729.0000,2728.8000,2728.0000,2726.8000,2726.0000,2730.0000,2730.2000,2730.6000,2732.0000,2733.0000,1,1,1,1,1,1,1,2,2,1
SF,IH2012,2020-05-08 09:32:18.500,2729.2000,1778,0,31965120.000,0,-,-,-,-,2728.8000,2728.0000,2726.8000,2726.0000,2723.0000,2730.0000,2730.2000,2730.6000,2732.0000,2733.0000,1,1,1,1,1,1,1,2,2,1
SF,IH2012,2020-05-08 09:32:19.000,2729.2000,1778,0,31965120.000,0,-,-,-,-,2729.0000,2728.8000,2728.0000,2726.8000,2726.0000,2730.0000,2730.2000,2730.6000,2732.0000,2733.0000,6,1,1,1,1,1,1,2,2,1
SF,IH2012,2020-05-08 09:32:19.500,2729.2000,1778,0,31965120.000,0,-,-,-,-,2729.0000,2728.8000,2728.0000,2726.8000,2726.0000,2730.0000,2730.2000,2730.6000,2732.0000,2733.0000,1,1,1,1,1,1,1,2,2,1
SF,IH2012,2020-05-08 09:32:24.500,2729.2000,1778,0,31965120.000,0,-,-,-,-,2729.2000,2729.0000,2728.8000,2728.0000,2726.8000,2730.0000,2730.2000,2730.6000,2732.0000,2733.0000,2,1,1,1,1,1,1,2,2,1
SF,IH2012,2020-05-08 09:32:25.000,2729.2000,1778,0,31965120.000,0,-,-,-,-,2729.2000,2728.8000,2728.0000,2726.0000,2723.0000,2730.0000,2730.2000,2730.6000,2732.0000,2733.0000,2,1,1,1,1,1,1,2,2,1
SF,IH2012,2020-05-08 09:32:25.500,2729.2000,1777,-1,32783880.000,1,0,1,双平,S,2729.2000,2728.8000,2728.0000,2726.0000,2723.0000,2730.0000,2730.2000,2730.6000,2732.0000,2733.0000,1,1,1,1,1,1,1,2,2,1
SF,IH2012,2020-05-08 09:32:26.000,2729.2000,1777,0,32783880.000,0,-,-,-,-,2729.2000,2728.8000,2728.0000,2727.2000,2726.0000,2730.0000,2730.2000,2730.6000,2732.0000,2733.0000,1,1,1,1,1,1,1,2,2,1
SF,IH2012,2020-05-08 09:32:27.500,2729.2000,1777,0,32783880.000,0,-,-,-,-,2729.2000,2728.8000,2728.0000,2727.2000,2726.0000,2729.8000,2730.0000,2730.2000,2730.6000,2732.0000,1,1,1,1,1,1,1,1,2,2
SF,IH2012,2020-05-08 09:32:28.000,2729.2000,1777,0,32783880.000,0,-,-,-,-,2729.2000,2728.8000,2728.0000,2727.2000,2726.0000,2730.0000,2730.2000,2730.6000,2732.0000,2733.0000,1,1,1,1,1,1,1,2,2,1
SF,IH2012,2020-05-08 09:32:29.000,2729.2000,1777,0,32783880.000,0,-,-,-,-,2729.2000,2728.8000,2728.0000,2727.2000,2726.0000,2730.0000,2730.2000,2730.6000,2732.0000,2733.0000,1,1,1,1,1,1,1,2,2,1
SF,IH2012,2020-05-08 09:32:33.500,2730.0000,1777,0,33602880.000,1,0,1,多换,S,2729.2000,2728.8000,2728.0000,2727.2000,2726.0000,2730.2000,2730.6000,2732.0000,2733.0000,2735.8000,1,1,1,1,1,1,2,2,1,1
SF,IH2012,2020-05-08 09:32:34.000,2730.0000,1777,0,33602880.000,0,-,-,-,-,2729.2000,2728.8000,2728.0000,2727.2000,2726.0000,2730.0000,2730.2000,2730.6000,2732.0000,2733.0000,1,1,1,1,1,1,1,2,2,1
SF,IH2012,2020-05-08 09:32:34.500,2730.0000,1777,0,33602880.000,0,-,-,-,-,2729.4000,2728.8000,2728.0000,2727.2000,2726.0000,2730.0000,2730.2000,2730.6000,2732.0000,2733.0000,1,1,1,1,1,1,1,2,2,1
SF,IH2012,2020-05-08 09:32:35.000,2730.0000,1777,0,33602880.000,0,-,-,-,-,2729.4000,2728.8000,2728.0000,2727.2000,2726.0000,2730.2000,2730.6000,2732.0000,2733.0000,2735.8000,1,1,1,1,1,1,2,2,1,1
SF,IH2012,2020-05-08 09:32:36.500,2729.4000,1776,-1,34421700.000,1,0,1,双平,S,2728.8000,2728.0000,2727.2000,2726.0000,2723.0000,2730.2000,2730.6000,2732.0000,2733.0000,2735.8000,1,1,1,1,1,1,2,2,1,1
SF,IH2012,2020-05-08 09:32:37.000,2729.4000,1776,0,34421700.000,0,-,-,-,-,2728.8000,2728.0000,2727.2000,2726.0000,2723.0000,2730.0000,2730.2000,2730.6000,2732.0000,2733.0000,1,1,1,1,1,1,1,2,2,1
SF,IH2012,2020-05-08 09:32:38.500,2729.4000,1776,0,34421700.000,0,-,-,-,-,2729.0000,2728.8000,2728.0000,2727.2000,2726.0000,2730.0000,2730.2000,2730.6000,2732.0000,2733.0000,1,1,1,1,1,1,1,2,2,1
SF,IH2012,2020-05-08 09:32:39.000,2729.4000,1776,0,34421700.000,0,-,-,-,-,2729.0000,2728.8000,2728.0000,2727.2000,2726.0000,2730.2000,2730.6000,2732.0000,2733.0000,2735.8000,1,1,1,1,1,1,2,2,1,1
SF,IH2012,2020-05-08 09:32:39.500,2729.4000,1776,0,34421700.000,0,-,-,-,-,2728.8000,2728.0000,2727.2000,2726.0000,2723.0000,2730.0000,2730.2000,2730.6000,2732.0000,2733.0000,1,1,1,1,1,1,1,2,2,1
SF,IH2012,2020-05-08 09:32:40.000,2730.0000,1775,-1,35240700.000,1,0,1,双平,S,2729.4000,2729.2000,2729.0000,2728.8000,2728.0000,2730.6000,2732.0000,2733.0000,2735.8000,2738.8000,6,1,1,1,1,2,2,1,1,2
SF,IH2012,2020-05-08 09:32:40.500,2730.0000,1775,0,35240700.000,0,-,-,-,-,2729.4000,2729.2000,2729.0000,2728.8000,2728.0000,2732.0000,2733.0000,2735.8000,2738.8000,2742.0000,6,1,1,1,1,2,1,1,2,2
SF,IH2012,2020-05-08 09:32:41.000,2730.0000,1775,0,35240700.000,0,-,-,-,-,2729.4000,2729.2000,2729.0000,2728.8000,2728.0000,2731.8000,2732.0000,2733.0000,2733.2000,2735.8000,6,1,1,1,1,2,2,1,1,1
SF,IH2012,2020-05-08 09:32:41.500,2730.0000,1775,0,35240700.000,0,-,-,-,-,2729.0000,2728.8000,2728.0000,2727.2000,2726.0000,2731.4000,2731.8000,2732.0000,2733.0000,2733.2000,1,1,1,1,1,1,2,2,1,1
SF,IH2012,2020-05-08 09:32:42.000,2730.0000,1775,0,35240700.000,0,-,-,-,-,2729.6000,2729.0000,2728.8000,2728.0000,2727.2000,2731.2000,2731.4000,2731.8000,2732.0000,2733.0000,6,1,1,1,1,1,1,1,2,1
SF,IH2012,2020-05-08 09:32:42.500,2730.0000,1775,0,35240700.000,0,-,-,-,-,2728.8000,2728.0000,2726.0000,2723.0000,2720.6000,2731.0000,2731.2000,2731.8000,2732.0000,2733.0000,1,1,1,1,1,1,2,1,2,1
SF,IH2012,2020-05-08 09:32:43.000,2730.0000,1775,0,35240700.000,0,-,-,-,-,2729.2000,2728.8000,2728.0000,2726.0000,2723.0000,2730.8000,2731.0000,2731.2000,2731.8000,2732.0000,6,1,1,1,1,1,1,1,1,2
SF,IH2012,2020-05-08 09:32:43.500,2730.6000,1775,0,36059880.000,1,0,1,多换,S,2728.8000,2728.0000,2726.0000,2723.0000,2720.6000,2730.8000,2731.2000,2731.8000,2732.0000,2733.0000,1,1,1,1,1,1,1,1,2,1
SF,IH2012,2020-05-08 09:32:44.000,2730.6000,1775,0,36059880.000,0,-,-,-,-,2729.2000,2729.0000,2728.8000,2728.0000,2726.0000,2730.8000,2731.2000,2731.8000,2732.0000,2733.0000,6,2,1,1,1,1,1,1,2,1
SF,IH2012,2020-05-08 09:32:44.500,2730.6000,1775,0,36059880.000,0,-,-,-,-,2729.0000,2728.8000,2728.0000,2726.0000,2723.0000,2730.8000,2731.2000,2731.8000,2732.0000,2733.0000,1,1,1,1,1,1,1,1,2,1
SF,IH2012,2020-05-08 09:32:46.500,2730.6000,1775,0,36059880.000,0,-,-,-,-,2729.0000,2728.8000,2728.0000,2726.0000,2723.0000,2730.6000,2730.8000,2731.2000,2731.8000,2732.0000,1,1,1,1,1,1,1,1,1,2
SF,IH2012,2020-05-08 09:32:47.000,2730.6000,1775,0,36059880.000,0,-,-,-,-,2729.0000,2728.8000,2728.0000,2726.0000,2723.0000,2730.4000,2730.6000,2731.2000,2731.8000,2732.0000,1,1,1,1,1,1,1,1,1,2
SF,IH2012,2020-05-08 09:32:48.000,2730.6000,1775,0,36059880.000,0,-,-,-,-,2729.0000,2728.8000,2728.0000,2726.0000,2723.0000,2730.0000,2730.4000,2731.2000,2731.8000,2732.0000,1,1,1,1,1,1,1,1,1,2
SF,IH2012,2020-05-08 09:32:48.500,2730.6000,1775,0,36059880.000,0,-,-,-,-,2729.0000,2728.8000,2728.0000,2726.0000,2723.0000,2730.0000,2730.2000,2730.4000,2731.2000,2731.8000,1,1,1,1,1,1,1,1,1,1
SF,IH2012,2020-05-08 09:32:52.500,2729.0000,1774,-1,36878580.000,1,0,1,双平,S,2728.8000,2728.0000,2726.0000,2723.0000,2720.6000,2730.0000,2730.2000,2730.4000,2731.2000,2731.8000,1,1,1,1,1,1,1,1,1,1
SF,IH2012,2020-05-08 09:32:53.000,2729.0000,1774,0,36878580.000,0,-,-,-,-,2728.8000,2728.0000,2727.0000,2726.0000,2720.6000,2729.8000,2730.0000,2730.2000,2731.2000,2731.8000,1,1,1,1,1,1,1,1,1,1
SF,IH2012,2020-05-08 09:32:57.000,2729.0000,1774,0,36878580.000,0,-,-,-,-,2729.0000,2728.8000,2728.0000,2727.0000,2726.0000,2729.8000,2730.0000,2730.2000,2731.2000,2731.8000,1,1,1,1,1,1,1,1,1,1
SF,IH2012,2020-05-08 09:32:57.500,2729.0000,1775,1,37697280.000,1,1,0,双开,S,2728.8000,2728.0000,2727.0000,2726.0000,2720.6000,2729.0000,2729.8000,2730.0000,2730.2000,2731.2000,1,1,1,1,1,1,1,1,1,1
SF,IH2012,2020-05-08 09:32:58.000,2728.8000,1775,0,39334560.000,2,1,1,多换,S,2728.0000,2727.0000,2726.0000,2720.6000,2720.0000,2729.8000,2730.0000,2730.2000,2731.2000,2731.8000,1,1,1,1,2,1,1,1,1,1
SF,IH2012,2020-05-08 09:32:58.500,2728.8000,1775,0,39334560.000,0,-,-,-,-,2728.0000,2727.0000,2726.2000,2726.0000,2720.6000,2729.8000,2730.0000,2730.2000,2731.2000,2731.8000,1,1,1,1,1,1,1,1,1,1
SF,IH2012,2020-05-08 09:33:00.000,2728.8000,1775,0,39334560.000,0,-,-,-,-,2728.0000,2727.0000,2726.2000,2726.0000,2720.6000,2729.6000,2729.8000,2730.2000,2731.2000,2731.8000,1,1,1,1,1,1,1,1,1,1
SF,IH2012,2020-05-08 09:33:00.500,2728.8000,1775,0,39334560.000,0,-,-,-,-,2728.0000,2727.0000,2726.2000,2726.0000,2720.6000,2729.4000,2729.6000,2730.2000,2731.2000,2731.8000,1,1,1,1,1,1,1,1,1,1
SF,IH2012,2020-05-08 09:33:01.000,2728.8000,1775,0,39334560.000,0,-,-,-,-,2728.2000,2728.0000,2727.0000,2726.2000,2726.0000,2729.4000,2729.6000,2730.2000,2731.2000,2732.0000,1,1,1,1,1,1,1,1,1,1
SF,IH2012,2020-05-08 09:33:01.500,2728.8000,1775,0,39334560.000,0,-,-,-,-,2728.4000,2728.0000,2727.0000,2726.2000,2726.0000,2729.4000,2729.6000,2730.2000,2732.0000,2733.0000,2,1,1,1,1,1,1,1,1,1
SF,IH2012,2020-05-08 09:33:03.000,2728.8000,1775,0,39334560.000,0,-,-,-,-,2728.4000,2728.0000,2727.0000,2726.2000,2726.0000,2729.4000,2729.6000,2729.8000,2730.2000,2732.0000,2,1,1,1,1,1,1,1,1,1
SF,IH2012,2020-05-08 09:33:04.500,2729.4000,1774,-1,40153380.000,1,0,1,双平,S,2728.4000,2728.0000,2727.0000,2726.2000,2726.0000,2729.6000,2729.8000,2732.0000,2733.0000,2735.8000,2,1,1,1,1,1,1,1,1,1
SF,IH2012,2020-05-08 09:33:05.000,2729.4000,1774,0,40153380.000,0,-,-,-,-,2728.6000,2728.0000,2727.0000,2726.2000,2726.0000,2729.6000,2729.8000,2732.0000,2733.0000,2735.8000,2,1,1,1,1,1,1,1,1,1
SF,IH2012,2020-05-08 09:33:05.500,2729.4000,1774,0,40153380.000,0,-,-,-,-,2728.6000,2728.0000,2727.0000,2726.0000,2720.6000,2729.8000,2732.0000,2733.0000,2735.8000,2738.8000,2,1,1,1,1,1,1,1,1,2
SF,IH2012,2020-05-08 09:33:06.000,2729.4000,1774,0,40153380.000,0,-,-,-,-,2728.6000,2728.0000,2727.0000,2726.0000,2720.6000,2729.8000,2730.6000,2732.0000,2733.0000,2735.8000,2,1,1,1,1,1,1,1,1,1
SF,IH2012,2020-05-08 09:33:06.500,2729.4000,1774,0,40153380.000,0,-,-,-,-,2728.8000,2728.0000,2727.0000,2726.0000,2720.6000,2729.8000,2730.6000,2732.0000,2733.0000,2735.8000,2,1,1,1,1,1,1,1,1,1
SF,IH2012,2020-05-08 09:33:09.000,2729.8000,1773,-1,40972320.000,1,0,1,双平,S,2728.8000,2728.0000,2727.0000,2726.0000,2720.6000,2730.6000,2732.0000,2733.0000,2735.8000,2738.8000,2,1,1,1,1,1,1,1,1,2
SF,IH2012,2020-05-08 09:33:09.500,2729.8000,1773,0,40972320.000,0,-,-,-,-,2729.2000,2729.0000,2728.8000,2728.0000,2727.0000,2730.6000,2732.0000,2733.0000,2735.8000,2738.8000,6,2,2,1,1,1,1,1,1,2
SF,IH2012,2020-05-08 09:33:10.000,2730.4000,1773,0,41791440.000,1,0,1,多换,S,2729.4000,2729.2000,2729.0000,2728.8000,2728.0000,2730.6000,2732.0000,2733.0000,2735.8000,2738.8000,1,6,1,2,1,1,1,1,1,2
SF,IH2012,2020-05-08 09:33:10.500,2730.6000,1773,0,42610620.000,1,0,1,多换,S,2729.6000,2729.4000,2729.2000,2728.0000,2726.0000,2732.0000,2733.0000,2735.8000,2738.8000,2742.0000,2,1,6,1,1,1,1,1,2,2
SF,IH2012,2020-05-08 09:33:11.000,2730.6000,1773,0,42610620.000,0,-,-,-,-,2729.8000,2728.0000,2726.0000,2720.6000,2720.0000,2731.8000,2732.0000,2733.0000,2735.8000,2738.8000,7,1,1,1,2,1,1,1,1,2
SF,IH2012,2020-05-08 09:33:11.500,2730.6000,1773,0,42610620.000,0,-,-,-,-,2728.0000,2726.0000,2720.6000,2720.0000,2718.0000,2731.8000,2732.0000,2733.0000,2735.8000,2738.8000,1,1,1,2,1,1,1,1,1,2
SF,IH2012,2020-05-08 09:33:12.000,2730.6000,1773,0,42610620.000,0,-,-,-,-,2728.4000,2728.2000,2728.0000,2726.0000,2720.6000,2731.6000,2731.8000,2732.0000,2733.0000,2735.8000,6,1,1,2,1,1,1,1,1,1
SF,IH2012,2020-05-08 09:33:12.500,2730.6000,1773,0,42610620.000,0,-,-,-,-,2728.6000,2728.4000,2728.0000,2726.0000,2720.6000,2731.4000,2731.6000,2732.0000,2733.0000,2735.8000,1,6,1,1,1,1,1,1,1,1
SF,IH2012,2020-05-08 09:33:13.000,2730.6000,1773,0,42610620.000,0,-,-,-,-,2729.0000,2728.6000,2728.0000,2726.0000,2720.6000,2731.4000,2731.6000,2732.0000,2733.0000,2735.8000,8,1,1,1,1,1,1,1,1,1
SF,IH2012,2020-05-08 09:33:13.500,2730.6000,1773,0,42610620.000,0,-,-,-,-,2729.2000,2729.0000,2728.0000,2726.0000,2720.6000,2731.4000,2732.0000,2733.0000,2735.8000,2738.8000,1,6,1,1,1,1,1,1,1,2
SF,IH2012,2020-05-08 09:33:14.000,2730.6000,1773,0,42610620.000,0,-,-,-,-,2729.4000,2729.2000,2729.0000,2728.0000,2726.0000,2731.4000,2732.0000,2733.0000,2735.8000,2738.8000,1,1,6,1,1,1,1,1,1,2
SF,IH2012,2020-05-08 09:33:14.500,2730.6000,1773,0,42610620.000,0,-,-,-,-,2729.2000,2729.0000,2728.0000,2726.0000,2720.6000,2731.4000,2732.0000,2733.0000,2735.8000,2738.8000,1,6,1,1,1,1,1,1,1,2
SF,IH2012,2020-05-08 09:33:15.000,2730.6000,1773,0,42610620.000,0,-,-,-,-,2729.2000,2729.0000,2728.0000,2726.0000,2720.6000,2731.4000,2732.0000,2733.0000,2735.8000,2738.8000,2,6,1,1,1,1,1,1,1,2
SF,IH2012,2020-05-08 09:33:16.000,2730.6000,1773,0,42610620.000,0,-,-,-,-,2729.2000,2728.0000,2726.0000,2720.6000,2720.0000,2731.4000,2732.0000,2733.0000,2735.8000,2738.8000,2,1,1,1,2,1,1,1,1,2
SF,IH2012,2020-05-08 09:33:16.500,2730.6000,1773,0,42610620.000,0,-,-,-,-,2729.2000,2728.0000,2726.0000,2720.6000,2720.0000,2731.2000,2731.4000,2732.0000,2733.0000,2735.8000,1,1,1,1,2,1,1,1,1,1
SF,IH2012,2020-05-08 09:33:17.000,2729.2000,1772,-1,43429380.000,1,0,1,双平,S,2728.0000,2726.0000,2720.6000,2720.0000,2718.0000,2731.0000,2731.2000,2732.0000,2733.0000,2735.8000,1,1,1,2,1,1,1,1,1,1
SF,IH2012,2020-05-08 09:33:17.500,2729.2000,1772,0,43429380.000,0,-,-,-,-,2728.2000,2728.0000,2726.0000,2720.6000,2720.0000,2731.0000,2731.2000,2732.0000,2733.0000,2735.8000,8,1,1,1,2,1,1,1,1,1
SF,IH2012,2020-05-08 09:33:18.000,2729.2000,1772,0,43429380.000,0,-,-,-,-,2728.2000,2728.0000,2726.0000,2720.6000,2720.0000,2730.8000,2731.0000,2731.2000,2732.0000,2733.0000,8,1,1,1,2,1,1,1,1,1
SF,IH2012,2020-05-08 09:33:18.500,2729.2000,1772,0,43429380.000,0,-,-,-,-,2728.2000,2728.0000,2726.0000,2720.6000,2720.0000,2730.6000,2730.8000,2731.2000,2732.0000,2733.0000,8,1,1,1,2,1,1,1,1,1
SF,IH2012,2020-05-08 09:33:19.000,2730.6000,1772,0,44248560.000,1,0,1,多换,S,2728.6000,2728.2000,2728.0000,2726.0000,2720.6000,2730.8000,2731.2000,2732.0000,2733.0000,2735.8000,1,8,1,1,1,1,1,1,1,1
SF,IH2012,2020-05-08 09:33:20.000,2730.8000,1772,0,45067800.000,1,0,1,多换,S,2728.6000,2728.2000,2728.0000,2726.0000,2720.6000,2732.0000,2733.0000,2735.8000,2738.8000,2742.0000,1,8,1,1,1,1,1,1,2,2
SF,IH2012,2020-05-08 09:33:20.500,2730.8000,1772,0,45067800.000,0,-,-,-,-,2728.8000,2728.2000,2728.0000,2726.0000,2720.6000,2731.8000,2732.0000,2733.0000,2735.8000,2738.8000,1,7,1,1,1,1,1,1,1,2
SF,IH2012,2020-05-08 09:33:21.000,2730.8000,1772,0,45067800.000,0,-,-,-,-,2728.8000,2728.2000,2728.0000,2726.0000,2720.6000,2731.8000,2732.0000,2733.0000,2735.8000,2738.8000,1,6,1,1,1,1,1,1,1,2
SF,IH2012,2020-05-08 09:33:22.000,2730.8000,1772,0,45067800.000,0,-,-,-,-,2728.8000,2728.2000,2728.0000,2726.0000,2720.6000,2731.6000,2731.8000,2732.0000,2733.0000,2735.8000,1,6,1,1,1,1,1,1,1,1
SF,IH2012,2020-05-08 09:33:22.500,2730.8000,1772,0,45067800.000,0,-,-,-,-,2728.8000,2728.2000,2728.0000,2726.0000,2720.6000,2731.4000,2731.6000,2732.0000,2733.0000,2735.8000,1,6,1,1,1,1,1,1,1,1
SF,IH2012,2020-05-08 09:33:28.000,2730.8000,1772,0,45067800.000,0,-,-,-,-,2728.8000,2728.0000,2726.0000,2720.6000,2720.0000,2731.4000,2731.6000,2732.0000,2733.0000,2735.8000,1,1,1,1,2,1,1,1,1,1
SF,IH2012,2020-05-08 09:33:28.500,2728.8000,1771,-1,45886440.000,1,0,1,双平,S,2728.0000,2726.0000,2720.6000,2720.0000,2718.0000,2731.4000,2731.6000,2732.0000,2733.0000,2735.8000,1,1,1,2,1,1,1,1,1,1
SF,IH2012,2020-05-08 09:33:29.000,2728.8000,1771,0,45886440.000,0,-,-,-,-,2728.2000,2728.0000,2726.0000,2720.6000,2720.0000,2731.2000,2731.4000,2731.6000,2732.0000,2733.0000,8,1,1,1,2,1,1,1,1,1
SF,IH2012,2020-05-08 09:33:29.500,2728.8000,1771,0,45886440.000,0,-,-,-,-,2728.2000,2728.0000,2726.0000,2720.6000,2720.0000,2731.0000,2731.2000,2731.6000,2732.0000,2733.0000,2,1,1,1,2,1,1,1,1,1
SF,IH2012,2020-05-08 09:33:30.500,2728.8000,1771,0,45886440.000,0,-,-,-,-,2728.2000,2728.0000,2726.0000,2720.6000,2720.0000,2731.0000,2731.2000,2731.6000,2732.0000,2733.0000,2,1,1,1,2,1,1,1,1,1
SF,IH2012,2020-05-08 09:33:32.000,2728.8000,1771,0,45886440.000,0,-,-,-,-,2728.6000,2728.2000,2728.0000,2726.0000,2720.6000,2731.0000,2731.2000,2731.6000,2732.0000,2733.0000,1,2,1,1,1,1,1,1,1,1
SF,IH2012,2020-05-08 09:33:32.500,2728.8000,1771,0,45886440.000,0,-,-,-,-,2728.8000,2728.2000,2728.0000,2726.0000,2720.6000,2731.0000,2731.2000,2731.6000,2732.0000,2733.0000,1,1,1,1,1,1,1,1,1,1
SF,IH2012,2020-05-08 09:33:33.000,2728.8000,1771,0,45886440.000,0,-,-,-,-,2728.8000,2728.4000,2728.0000,2726.0000,2720.6000,2731.0000,2731.2000,2731.6000,2732.0000,2733.0000,1,1,1,1,1,1,1,1,1,1
SF,IH2012,2020-05-08 09:33:33.500,2728.8000,1771,0,45886440.000,0,-,-,-,-,2728.8000,2728.4000,2728.0000,2726.0000,2720.6000,2731.0000,2731.2000,2732.0000,2733.0000,2735.8000,1,1,1,1,1,1,1,1,1,1
SF,IH2012,2020-05-08 09:33:34.000,2728.8000,1771,0,45886440.000,0,-,-,-,-,2728.8000,2728.4000,2728.0000,2726.0000,2720.6000,2731.0000,2732.0000,2733.0000,2735.8000,2738.8000,1,1,1,1,1,1,1,1,1,2
SF,IH2012,2020-05-08 09:33:36.500,2728.8000,1771,0,45886440.000,0,-,-,-,-,2729.0000,2728.8000,2728.4000,2728.0000,2726.0000,2731.0000,2732.0000,2733.0000,2735.8000,2738.8000,1,1,1,1,1,1,1,1,1,2
SF,IH2012,2020-05-08 09:33:37.000,2728.8000,1771,0,45886440.000,0,-,-,-,-,2729.2000,2728.4000,2728.0000,2726.0000,2720.6000,2731.0000,2732.0000,2733.0000,2735.8000,2738.8000,1,1,1,1,1,1,1,1,1,2
SF,IH2012,2020-05-08 09:33:38.500,2728.8000,1771,0,45886440.000,0,-,-,-,-,2729.2000,2728.4000,2728.0000,2726.0000,2720.6000,2731.0000,2732.0000,2733.0000,2735.8000,2738.8000,1,1,1,1,1,1,1,1,1,2
SF,IH2012,2020-05-08 09:33:39.000,2728.8000,1771,0,45886440.000,0,-,-,-,-,2729.2000,2728.4000,2728.0000,2726.0000,2720.6000,2731.0000,2732.0000,2733.0000,2735.8000,2738.8000,1,1,1,1,1,1,1,1,1,2
SF,IH2012,2020-05-08 09:33:39.500,2728.8000,1771,0,45886440.000,0,-,-,-,-,2729.2000,2728.4000,2728.0000,2726.0000,2720.6000,2731.0000,2732.0000,2733.0000,2735.8000,2738.8000,1,1,1,1,1,1,1,1,1,2
SF,IH2012,2020-05-08 09:33:46.000,2729.2000,1770,-1,46705200.000,1,0,1,双平,S,2728.4000,2728.0000,2726.0000,2720.6000,2720.0000,2731.0000,2732.0000,2733.0000,2735.8000,2738.8000,1,1,1,1,2,1,1,1,1,2
SF,IH2012,2020-05-08 09:33:46.500,2729.2000,1770,0,46705200.000,0,-,-,-,-,2728.4000,2728.0000,2726.0000,2720.6000,2720.0000,2730.8000,2731.0000,2732.0000,2733.0000,2735.8000,1,1,1,1,2,1,1,1,1,1
SF,IH2012,2020-05-08 09:33:47.000,2729.2000,1770,0,46705200.000,0,-,-,-,-,2728.4000,2728.0000,2726.0000,2720.6000,2720.0000,2730.6000,2730.8000,2732.0000,2733.0000,2735.8000,1,1,1,1,2,1,1,1,1,1
SF,IH2012,2020-05-08 09:33:48.000,2729.2000,1770,0,46705200.000,0,-,-,-,-,2728.4000,2728.0000,2726.0000,2720.6000,2720.0000,2730.4000,2730.6000,2730.8000,2732.0000,2733.0000,1,1,1,1,2,1,1,1,1,1
SF,IH2012,2020-05-08 09:33:48.500,2729.2000,1770,0,46705200.000,0,-,-,-,-,2728.4000,2728.0000,2726.0000,2720.6000,2720.0000,2730.2000,2730.4000,2730.8000,2732.0000,2733.0000,1,1,1,1,2,1,1,1,1,1
SF,IH2012,2020-05-08 09:33:49.000,2728.4000,1770,0,47523720.000,1,0,1,多换,S,2728.0000,2726.0000,2720.6000,2720.0000,2718.0000,2730.2000,2730.4000,2730.8000,2732.0000,2733.0000,1,1,1,2,1,1,1,1,1,1
SF,IH2012,2020-05-08 09:33:49.500,2728.4000,1770,0,47523720.000,0,-,-,-,-,2728.0000,2726.0000,2720.6000,2720.0000,2718.0000,2730.2000,2730.4000,2730.8000,2732.0000,2733.0000,1,2,1,2,1,1,1,1,1,1
SF,IH2012,2020-05-08 09:33:51.500,2728.4000,1770,0,47523720.000,0,-,-,-,-,2728.2000,2728.0000,2726.0000,2720.6000,2720.0000,2730.2000,2730.4000,2730.8000,2732.0000,2733.0000,1,1,2,1,2,1,1,1,1,1
SF,IH2012,2020-05-08 09:33:52.000,2728.4000,1770,0,47523720.000,0,-,-,-,-,2728.4000,2728.0000,2726.0000,2720.6000,2720.0000,2730.2000,2730.4000,2730.8000,2732.0000,2733.0000,2,1,2,1,2,1,1,1,1,1
SF,IH2012,2020-05-08 09:33:52.500,2728.4000,1770,0,47523720.000,0,-,-,-,-,2728.4000,2728.0000,2726.0000,2720.6000,2720.0000,2730.2000,2730.4000,2730.8000,2732.0000,2733.0000,2,1,1,1,2,1,1,1,1,1
SF,IH2012,2020-05-08 09:33:53.500,2728.4000,1770,0,47523720.000,0,-,-,-,-,2728.4000,2728.0000,2726.0000,2720.6000,2720.0000,2730.2000,2730.4000,2730.8000,2732.0000,2733.0000,1,1,1,1,2,1,1,1,1,1
SF,IH2012,2020-05-08 09:34:07.000,2728.4000,1770,0,48342240.000,1,0,1,多换,S,2728.0000,2726.0000,2720.6000,2720.0000,2718.0000,2730.0000,2730.2000,2730.4000,2730.8000,2732.0000,1,1,1,2,1,1,1,1,1,1
SF,IH2012,2020-05-08 09:34:07.500,2728.0000,1769,-1,49160640.000,1,0,1,双平,S,2726.0000,2720.6000,2720.0000,2718.0000,2715.2000,2730.0000,2730.4000,2730.8000,2732.0000,2733.0000,2,1,2,1,1,1,1,1,1,1
SF,IH2012,2020-05-08 09:34:08.000,2728.0000,1769,0,49160640.000,0,-,-,-,-,2726.2000,2726.0000,2724.0000,2720.6000,2720.0000,2729.8000,2730.0000,2730.4000,2730.8000,2732.0000,8,2,1,1,2,1,1,1,1,1
SF,IH2012,2020-05-08 09:34:08.500,2728.0000,1769,0,49160640.000,0,-,-,-,-,2726.2000,2726.0000,2724.0000,2720.6000,2720.0000,2729.6000,2729.8000,2730.4000,2730.8000,2732.0000,8,2,1,1,2,1,1,1,1,1
SF,IH2012,2020-05-08 09:34:09.000,2728.0000,1769,0,49160640.000,0,-,-,-,-,2726.2000,2726.0000,2724.0000,2720.6000,2720.0000,2729.4000,2729.6000,2730.4000,2732.0000,2733.0000,8,2,1,1,2,1,1,1,1,1
SF,IH2012,2020-05-08 09:34:09.500,2728.0000,1769,0,49160640.000,0,-,-,-,-,2726.2000,2726.0000,2724.0000,2720.6000,2720.0000,2729.2000,2729.4000,2732.0000,2733.0000,2735.8000,8,2,1,1,2,1,1,1,1,1
SF,IH2012,2020-05-08 09:34:10.000,2728.0000,1769,0,49160640.000,0,-,-,-,-,2726.8000,2726.2000,2726.0000,2724.0000,2720.6000,2729.0000,2729.2000,2732.0000,2733.0000,2735.8000,1,8,2,1,1,1,1,1,1,1
SF,IH2012,2020-05-08 09:34:10.500,2728.0000,1769,0,49160640.000,0,-,-,-,-,2727.0000,2726.8000,2726.2000,2726.0000,2720.6000,2728.8000,2729.0000,2732.0000,2733.0000,2735.8000,1,1,7,2,1,1,1,1,1,1
SF,IH2012,2020-05-08 09:34:11.000,2728.8000,1770,1,49979280.000,1,1,0,双开,S,2727.2000,2727.0000,2726.8000,2726.2000,2726.0000,2729.0000,2732.0000,2733.0000,2735.8000,2738.8000,1,1,1,6,2,1,1,1,1,2
SF,IH2012,2020-05-08 09:34:11.500,2728.8000,1770,0,49979280.000,0,-,-,-,-,2727.0000,2726.8000,2726.0000,2720.6000,2720.0000,2729.0000,2732.0000,2733.0000,2735.8000,2738.8000,1,1,2,1,2,1,1,1,1,2
SF,IH2012,2020-05-08 09:34:12.000,2728.8000,1770,0,49979280.000,0,-,-,-,-,2726.0000,2720.6000,2720.0000,2718.0000,2715.2000,2729.0000,2732.0000,2733.0000,2735.8000,2738.8000,2,1,2,1,1,1,1,1,1,2
SF,IH2012,2020-05-08 09:34:12.500,2728.8000,1770,0,49979280.000,0,-,-,-,-,2726.2000,2726.0000,2720.6000,2720.0000,2718.0000,2728.8000,2729.0000,2732.0000,2733.0000,2735.8000,1,2,1,2,1,1,1,1,1,1
SF,IH2012,2020-05-08 09:34:13.000,2728.8000,1770,0,49979280.000,0,-,-,-,-,2726.2000,2726.0000,2720.6000,2720.0000,2718.0000,2728.6000,2728.8000,2732.0000,2733.0000,2735.8000,1,2,1,2,1,1,1,1,1,1
SF,IH2012,2020-05-08 09:34:14.000,2728.8000,1770,0,49979280.000,0,-,-,-,-,2726.2000,2726.0000,2720.6000,2720.0000,2718.0000,2728.4000,2728.6000,2728.8000,2732.0000,2733.0000,1,2,1,2,1,1,1,1,1,1
SF,IH2012,2020-05-08 09:34:14.500,2728.8000,1770,0,49979280.000,0,-,-,-,-,2726.2000,2726.0000,2720.6000,2720.0000,2718.0000,2728.2000,2728.4000,2728.8000,2732.0000,2733.0000,1,2,1,2,1,1,1,1,1,1
SF,IH2012,2020-05-08 09:34:16.500,2728.8000,1770,0,49979280.000,0,-,-,-,-,2726.4000,2726.2000,2726.0000,2720.6000,2720.0000,2728.2000,2728.4000,2728.8000,2732.0000,2733.0000,2,1,2,1,2,1,1,1,1,1
SF,IH2012,2020-05-08 09:34:17.000,2728.8000,1770,0,49979280.000,0,-,-,-,-,2726.4000,2726.2000,2726.0000,2720.6000,2720.0000,2728.2000,2728.4000,2732.0000,2733.0000,2735.8000,2,1,2,1,2,1,1,1,1,1
SF,IH2012,2020-05-08 09:34:17.500,2728.8000,1770,0,49979280.000,0,-,-,-,-,2726.6000,2726.4000,2726.0000,2720.6000,2720.0000,2732.0000,2733.0000,2735.8000,2738.8000,2742.0000,1,2,2,1,2,1,1,1,2,2
SF,IH2012,2020-05-08 09:34:18.000,2728.8000,1770,0,49979280.000,0,-,-,-,-,2726.0000,2720.6000,2720.0000,2718.0000,2715.2000,2731.6000,2731.8000,2732.0000,2733.0000,2735.8000,2,1,2,1,1,2,2,1,1,1
SF,IH2012,2020-05-08 09:34:18.500,2728.8000,1770,0,49979280.000,0,-,-,-,-,2726.2000,2726.0000,2720.6000,2720.0000,2718.0000,2731.4000,2731.6000,2731.8000,2732.0000,2733.0000,1,2,1,2,1,1,2,1,1,1
SF,IH2012,2020-05-08 09:34:19.000,2728.8000,1770,0,49979280.000,0,-,-,-,-,2726.2000,2726.0000,2720.6000,2720.0000,2718.0000,2731.0000,2731.4000,2731.8000,2732.0000,2733.0000,1,2,1,2,1,2,1,1,1,1
SF,IH2012,2020-05-08 09:34:19.500,2728.8000,1770,0,49979280.000,0,-,-,-,-,2726.2000,2726.0000,2720.6000,2720.0000,2718.0000,2730.8000,2731.0000,2731.4000,2731.8000,2732.0000,1,2,1,2,1,1,2,1,1,1
SF,IH2012,2020-05-08 09:34:20.000,2728.8000,1770,0,49979280.000,0,-,-,-,-,2726.2000,2726.0000,2720.6000,2720.0000,2718.0000,2730.4000,2730.6000,2730.8000,2731.8000,2732.0000,1,2,1,2,1,2,1,1,1,1
SF,IH2012,2020-05-08 09:34:20.500,2728.8000,1770,0,49979280.000,0,-,-,-,-,2726.2000,2726.0000,2720.6000,2720.0000,2718.0000,2730.2000,2730.4000,2730.8000,2731.8000,2732.0000,1,2,1,2,1,1,2,1,1,1
SF,IH2012,2020-05-08 09:34:21.000,2728.8000,1770,0,49979280.000,0,-,-,-,-,2726.2000,2726.0000,2720.6000,2720.0000,2718.0000,2729.8000,2730.2000,2730.8000,2731.8000,2732.0000,1,2,1,2,1,2,1,1,1,1
SF,IH2012,2020-05-08 09:34:21.500,2728.8000,1770,0,49979280.000,0,-,-,-,-,2726.2000,2726.0000,2720.6000,2720.0000,2718.0000,2729.6000,2729.8000,2730.8000,2731.8000,2732.0000,1,2,1,2,1,1,2,1,1,1
SF,IH2012,2020-05-08 09:34:22.000,2728.8000,1770,0,49979280.000,0,-,-,-,-,2726.2000,2726.0000,2720.6000,2720.0000,2718.0000,2729.4000,2729.6000,2729.8000,2730.8000,2731.8000,1,2,1,2,1,1,1,1,1,1
SF,IH2012,2020-05-08 09:34:22.500,2728.8000,1770,0,49979280.000,0,-,-,-,-,2726.0000,2720.6000,2720.0000,2718.0000,2715.2000,2729.2000,2729.4000,2729.8000,2730.8000,2731.8000,2,1,2,1,1,1,2,1,1,1
SF,IH2012,2020-05-08 09:34:23.500,2728.8000,1770,0,49979280.000,0,-,-,-,-,2726.0000,2720.6000,2720.0000,2718.0000,2715.2000,2729.0000,2729.2000,2729.4000,2729.8000,2730.8000,2,1,2,1,1,1,1,1,1,1
SF,IH2012,2020-05-08 09:34:24.000,2728.8000,1770,0,49979280.000,0,-,-,-,-,2726.0000,2720.6000,2720.0000,2718.0000,2715.2000,2728.8000,2729.0000,2729.4000,2729.8000,2730.8000,2,1,2,1,1,1,1,1,1,1
SF,IH2012,2020-05-08 09:34:25.500,2728.8000,1770,0,49979280.000,0,-,-,-,-,2726.4000,2726.0000,2720.6000,2720.0000,2718.0000,2728.6000,2728.8000,2729.4000,2729.8000,2730.8000,1,2,1,2,1,1,1,1,1,1
SF,IH2012,2020-05-08 09:34:26.000,2728.8000,1770,0,49979280.000,0,-,-,-,-,2726.6000,2726.0000,2720.6000,2720.0000,2718.0000,2728.6000,2728.8000,2729.8000,2730.8000,2732.0000,1,2,1,2,1,1,2,1,1,1
SF,IH2012,2020-05-08 09:34:26.500,2728.8000,1770,0,49979280.000,0,-,-,-,-,2726.6000,2726.0000,2720.6000,2720.0000,2718.0000,2728.4000,2728.6000,2728.8000,2729.8000,2732.0000,1,2,1,2,1,1,1,1,1,1
SF,IH2012,2020-05-08 09:34:30.000,2728.8000,1770,0,49979280.000,0,-,-,-,-,2726.6000,2726.0000,2720.6000,2720.0000,2718.0000,2728.4000,2728.8000,2729.8000,2732.0000,2733.0000,1,2,1,2,1,1,1,1,1,1
SF,IH2012,2020-05-08 09:34:32.000,2728.8000,1770,0,49979280.000,0,-,-,-,-,2727.0000,2726.6000,2726.0000,2720.6000,2720.0000,2728.4000,2728.8000,2729.8000,2732.0000,2733.0000,1,1,2,1,2,1,1,1,1,1
SF,IH2012,2020-05-08 09:34:32.500,2728.8000,1770,0,49979280.000,0,-,-,-,-,2727.2000,2727.0000,2726.0000,2720.6000,2720.0000,2728.8000,2732.0000,2733.0000,2735.8000,2738.8000,1,1,2,1,2,1,1,1,1,2
SF,IH2012,2020-05-08 09:34:33.500,2728.8000,1770,0,49979280.000,0,-,-,-,-,2727.4000,2727.2000,2726.0000,2720.6000,2720.0000,2728.8000,2732.0000,2733.0000,2735.8000,2738.8000,2,1,2,1,2,1,1,1,1,2
SF,IH2012,2020-05-08 09:34:34.000,2728.8000,1770,0,49979280.000,0,-,-,-,-,2727.6000,2727.4000,2726.0000,2720.6000,2720.0000,2728.8000,2732.0000,2733.0000,2735.8000,2738.8000,1,2,2,1,2,1,1,1,1,2
SF,IH2012,2020-05-08 09:34:34.500,2728.8000,1770,0,49979280.000,0,-,-,-,-,2727.6000,2726.0000,2720.6000,2720.0000,2718.0000,2728.8000,2732.0000,2733.0000,2735.8000,2738.8000,1,2,1,2,1,1,1,1,1,2
SF,IH2012,2020-05-08 09:34:35.000,2728.8000,1770,0,49979280.000,0,-,-,-,-,2727.8000,2727.6000,2726.0000,2720.6000,2720.0000,2728.8000,2732.0000,2733.0000,2735.8000,2738.8000,2,1,2,1,2,1,1,1,1,2
SF,IH2012,2020-05-08 09:34:36.000,2728.8000,1770,0,50797920.000,1,0,1,多换,S,2727.8000,2727.6000,2726.0000,2720.6000,2720.0000,2732.0000,2733.0000,2735.8000,2738.8000,2742.0000,2,1,2,1,2,1,1,1,2,2
SF,IH2012,2020-05-08 09:34:36.500,2728.8000,1770,0,50797920.000,0,-,-,-,-,2728.0000,2726.0000,2720.6000,2720.0000,2718.0000,2731.6000,2731.8000,2732.0000,2733.0000,2735.8000,1,2,1,2,1,2,2,1,1,1
SF,IH2012,2020-05-08 09:34:37.000,2728.8000,1770,0,50797920.000,0,-,-,-,-,2728.0000,2726.0000,2720.6000,2720.0000,2718.0000,2731.4000,2731.6000,2731.8000,2732.0000,2733.0000,1,2,1,2,1,1,2,1,1,1
SF,IH2012,2020-05-08 09:34:37.500,2728.8000,1770,0,50797920.000,0,-,-,-,-,2728.0000,2726.0000,2720.6000,2720.0000,2718.0000,2731.0000,2731.4000,2731.8000,2732.0000,2733.0000,1,2,1,2,1,2,1,1,1,1
SF,IH2012,2020-05-08 09:34:38.000,2728.8000,1770,0,50797920.000,0,-,-,-,-,2728.0000,2726.0000,2720.6000,2720.0000,2718.0000,2730.8000,2731.0000,2731.2000,2731.8000,2733.0000,1,2,1,2,1,1,2,1,1,1
SF,IH2012,2020-05-08 09:34:38.500,2728.8000,1770,0,50797920.000,0,-,-,-,-,2728.0000,2726.0000,2720.6000,2720.0000,2718.0000,2730.4000,2730.8000,2731.2000,2731.8000,2733.0000,1,2,1,2,1,2,1,1,1,1
SF,IH2012,2020-05-08 09:34:40.000,2728.8000,1770,0,50797920.000,0,-,-,-,-,2728.0000,2726.0000,2720.6000,2720.0000,2718.0000,2730.8000,2731.2000,2733.0000,2735.8000,2738.8000,1,2,1,2,1,1,1,1,1,2
SF,IH2012,2020-05-08 09:34:40.500,2728.8000,1770,0,50797920.000,0,-,-,-,-,2728.4000,2728.2000,2728.0000,2726.0000,2720.6000,2730.8000,2731.2000,2733.0000,2735.8000,2738.8000,1,1,1,2,1,1,1,1,1,2
SF,IH2012,2020-05-08 09:34:41.000,2728.8000,1770,0,50797920.000,0,-,-,-,-,2728.6000,2726.0000,2720.6000,2720.0000,2718.0000,2730.8000,2731.2000,2733.0000,2735.8000,2738.8000,2,1,1,2,1,1,1,1,1,2
SF,IH2012,2020-05-08 09:34:41.500,2728.8000,1770,0,50797920.000,0,-,-,-,-,2728.6000,2726.0000,2720.6000,2720.0000,2718.0000,2730.8000,2733.0000,2735.8000,2738.8000,2742.0000,2,1,1,2,1,1,1,1,2,2
SF,IH2012,2020-05-08 09:34:45.000,2728.8000,1770,0,50797920.000,0,-,-,-,-,2728.6000,2726.0000,2720.6000,2720.0000,2718.0000,2730.6000,2730.8000,2733.0000,2735.8000,2738.8000,2,1,1,2,1,1,1,1,1,2
SF,IH2012,2020-05-08 09:34:45.500,2728.8000,1770,0,50797920.000,0,-,-,-,-,2728.6000,2726.0000,2720.6000,2720.0000,2718.0000,2730.4000,2730.6000,2733.0000,2735.8000,2738.8000,1,1,1,2,1,1,1,1,1,2
SF,IH2012,2020-05-08 09:34:48.500,2728.8000,1770,0,50797920.000,0,-,-,-,-,2728.6000,2726.0000,2720.6000,2720.0000,2718.0000,2730.4000,2733.0000,2735.8000,2738.8000,2742.0000,1,1,1,2,1,1,1,1,2,2
SF,IH2012,2020-05-08 09:34:49.000,2728.8000,1770,0,50797920.000,0,-,-,-,-,2728.6000,2726.0000,2720.6000,2720.0000,2718.0000,2730.4000,2735.8000,2738.0000,2738.8000,2742.0000,1,1,1,2,1,1,1,1,2,2
SF,IH2012,2020-05-08 09:34:50.500,2728.8000,1770,0,50797920.000,0,-,-,-,-,2728.6000,2726.0000,2720.6000,2720.0000,2718.0000,2730.4000,2735.8000,2738.0000,2738.8000,2742.0000,1,1,1,2,1,1,1,1,2,2
SF,IH2012,2020-05-08 09:34:56.000,2728.8000,1770,0,50797920.000,0,-,-,-,-,2728.6000,2726.0000,2720.6000,2720.0000,2718.0000,2730.2000,2730.4000,2735.8000,2738.0000,2738.8000,1,1,1,2,1,1,1,1,1,2
SF,IH2012,2020-05-08 09:34:57.000,2728.8000,1770,0,50797920.000,0,-,-,-,-,2728.6000,2726.0000,2720.6000,2720.0000,2718.0000,2730.4000,2735.8000,2738.0000,2738.8000,2742.0000,1,1,1,2,1,1,1,1,2,2
SF,IH2012,2020-05-08 09:34:57.500,2728.8000,1770,0,50797920.000,0,-,-,-,-,2728.8000,2728.6000,2726.0000,2720.6000,2720.0000,2730.4000,2735.8000,2738.0000,2738.8000,2742.0000,1,1,1,1,2,1,1,1,2,2
SF,IH2012,2020-05-08 09:34:58.000,2728.8000,1770,0,50797920.000,0,-,-,-,-,2728.6000,2726.0000,2720.6000,2720.0000,2718.0000,2730.4000,2735.8000,2738.0000,2738.8000,2742.0000,1,1,1,2,1,1,1,1,2,2
SF,IH2012,2020-05-08 09:34:59.000,2728.8000,1770,0,50797920.000,0,-,-,-,-,2728.8000,2728.6000,2726.0000,2720.6000,2720.0000,2730.4000,2735.8000,2738.0000,2738.8000,2742.0000,1,1,1,1,2,1,1,1,2,2
SF,IH2012,2020-05-08 09:34:59.500,2728.8000,1770,0,50797920.000,0,-,-,-,-,2729.0000,2728.8000,2728.6000,2726.0000,2720.6000,2735.8000,2738.0000,2738.8000,2742.0000,2743.8000,3,1,1,1,1,1,1,2,2,1
SF,IH2012,2020-05-08 09:35:00.000,2728.8000,1770,0,50797920.000,0,-,-,-,-,2729.2000,2728.8000,2726.0000,2720.6000,2720.0000,2735.4000,2735.6000,2735.8000,2738.0000,2738.8000,2,1,1,1,2,8,3,1,1,2
SF,IH2012,2020-05-08 09:35:00.500,2728.8000,1770,0,50797920.000,0,-,-,-,-,2729.4000,2729.2000,2728.8000,2726.0000,2720.6000,2735.2000,2735.4000,2735.6000,2735.8000,2738.0000,1,2,1,1,1,3,8,2,1,1
SF,IH2012,2020-05-08 09:35:01.000,2728.8000,1770,0,50797920.000,0,-,-,-,-,2729.6000,2729.4000,2729.2000,2728.8000,2726.0000,2734.8000,2735.2000,2735.6000,2735.8000,2738.0000,2,1,1,1,1,8,1,2,1,1
SF,IH2012,2020-05-08 09:35:01.500,2728.8000,1770,0,50797920.000,0,-,-,-,-,2729.8000,2729.6000,2729.2000,2728.8000,2726.0000,2734.6000,2734.8000,2735.0000,2735.6000,2735.8000,1,2,1,1,1,2,8,1,2,1
SF,IH2012,2020-05-08 09:35:02.000,2728.8000,1770,0,50797920.000,0,-,-,-,-,2729.8000,2729.6000,2729.2000,2726.0000,2720.6000,2734.2000,2734.6000,2735.0000,2735.6000,2735.8000,1,1,1,1,1,8,2,1,2,1
SF,IH2012,2020-05-08 09:35:02.500,2728.8000,1770,0,50797920.000,0,-,-,-,-,2729.8000,2729.6000,2726.0000,2720.6000,2720.0000,2734.0000,2734.2000,2734.6000,2735.0000,2735.6000,1,1,1,1,2,3,8,1,1,2
SF,IH2012,2020-05-08 09:35:03.000,2728.8000,1770,0,50797920.000,0,-,-,-,-,2730.0000,2729.8000,2726.0000,2720.6000,2720.0000,2733.6000,2734.0000,2734.6000,2735.0000,2735.6000,1,1,1,1,2,8,3,1,1,2
SF,IH2012,2020-05-08 09:35:03.500,2728.8000,1770,0,50797920.000,0,-,-,-,-,2730.2000,2730.0000,2726.0000,2720.6000,2720.0000,2733.4000,2733.6000,2734.0000,2734.6000,2735.0000,1,1,1,1,2,1,8,2,1,1
SF,IH2012,2020-05-08 09:35:04.000,2728.8000,1770,0,50797920.000,0,-,-,-,-,2726.0000,2720.6000,2720.0000,2718.0000,2715.2000,2733.0000,2733.2000,2733.4000,2733.6000,2734.0000,1,1,2,1,1,2,1,1,6,2
SF,IH2012,2020-05-08 09:35:04.500,2728.8000,1770,0,50797920.000,0,-,-,-,-,2726.4000,2726.2000,2726.0000,2720.6000,2720.0000,2732.8000,2733.0000,2733.2000,2733.6000,2734.0000,6,2,1,1,2,1,2,1,6,2
SF,IH2012,2020-05-08 09:35:05.000,2728.8000,1770,0,50797920.000,0,-,-,-,-,2726.6000,2726.4000,2726.2000,2726.0000,2720.6000,2731.8000,2732.4000,2732.8000,2733.6000,2734.0000,2,6,1,1,1,1,2,1,6,2
SF,IH2012,2020-05-08 09:35:05.500,2728.8000,1770,0,50797920.000,0,-,-,-,-,2727.0000,2726.8000,2726.6000,2726.0000,2720.6000,2731.4000,2731.6000,2731.8000,2733.6000,2734.0000,1,1,2,1,1,2,1,1,6,2
SF,IH2012,2020-05-08 09:35:06.000,2728.8000,1770,0,50797920.000,0,-,-,-,-,2727.2000,2727.0000,2726.8000,2726.6000,2726.0000,2731.2000,2731.4000,2731.8000,2733.6000,2734.0000,2,1,1,1,1,1,2,1,6,2
SF,IH2012,2020-05-08 09:35:06.500,2728.8000,1770,0,50797920.000,0,-,-,-,-,2727.2000,2727.0000,2726.8000,2726.6000,2726.0000,2730.8000,2731.2000,2731.8000,2733.6000,2734.0000,2,1,1,1,1,2,1,1,6,2
SF,IH2012,2020-05-08 09:35:07.000,2728.8000,1770,0,50797920.000,0,-,-,-,-,2727.2000,2727.0000,2726.8000,2726.6000,2726.0000,2730.6000,2730.8000,2731.8000,2733.6000,2734.0000,2,1,1,1,1,1,2,1,6,2
SF,IH2012,2020-05-08 09:35:07.500,2728.8000,1770,0,50797920.000,0,-,-,-,-,2727.4000,2727.2000,2726.8000,2726.6000,2726.0000,2730.2000,2730.6000,2731.8000,2733.6000,2734.0000,1,2,1,1,1,2,1,1,6,2
SF,IH2012,2020-05-08 09:35:08.000,2728.8000,1770,0,50797920.000,0,-,-,-,-,2727.8000,2727.6000,2727.4000,2727.2000,2726.8000,2730.0000,2730.2000,2731.8000,2733.6000,2734.0000,2,2,1,1,1,1,2,1,6,2
SF,IH2012,2020-05-08 09:35:08.500,2728.8000,1770,0,50797920.000,0,-,-,-,-,2728.0000,2727.8000,2727.6000,2727.2000,2726.6000,2729.6000,2730.0000,2730.2000,2731.8000,2733.6000,2,2,1,1,1,1,1,1,1,6
SF,IH2012,2020-05-08 09:35:09.000,2728.8000,1770,0,50797920.000,0,-,-,-,-,2728.2000,2728.0000,2727.8000,2727.6000,2727.2000,2729.6000,2730.0000,2730.2000,2731.8000,2733.6000,1,2,2,1,1,1,1,1,1,6
SF,IH2012,2020-05-08 09:35:09.500,2728.8000,1770,0,50797920.000,0,-,-,-,-,2728.2000,2728.0000,2727.6000,2727.2000,2726.6000,2730.0000,2730.2000,2731.8000,2733.6000,2734.0000,1,2,1,1,1,1,1,1,6,2
SF,IH2012,2020-05-08 09:35:10.000,2728.8000,1770,0,50797920.000,0,-,-,-,-,2728.4000,2728.2000,2728.0000,2727.6000,2727.2000,2729.6000,2730.0000,2731.8000,2733.6000,2734.0000,1,1,1,1,1,2,1,1,6,2
SF,IH2012,2020-05-08 09:35:10.500,2728.8000,1770,0,50797920.000,0,-,-,-,-,2728.2000,2728.0000,2727.6000,2727.2000,2726.6000,2729.6000,2730.0000,2731.8000,2733.6000,2734.0000,1,1,1,1,1,2,1,1,6,2
SF,IH2012,2020-05-08 09:35:11.000,2728.8000,1770,0,50797920.000,0,-,-,-,-,2728.6000,2728.4000,2728.2000,2727.6000,2727.2000,2731.8000,2733.6000,2734.0000,2734.6000,2735.0000,1,1,1,1,1,1,6,2,1,1
SF,IH2012,2020-05-08 09:35:11.500,2728.8000,1770,0,50797920.000,0,-,-,-,-,2728.8000,2728.4000,2728.2000,2727.6000,2727.2000,2731.4000,2731.6000,2731.8000,2733.6000,2734.0000,1,1,1,1,1,2,1,1,6,2
SF,IH2012,2020-05-08 09:35:12.000,2728.8000,1770,0,50797920.000,0,-,-,-,-,2728.8000,2728.4000,2728.2000,2727.6000,2727.2000,2731.2000,2731.4000,2731.8000,2733.6000,2734.0000,1,1,1,1,1,1,2,1,6,2
SF,IH2012,2020-05-08 09:35:12.500,2728.8000,1770,0,50797920.000,0,-,-,-,-,2728.8000,2728.4000,2728.2000,2727.6000,2727.2000,2730.8000,2731.2000,2731.8000,2733.6000,2734.0000,1,1,1,1,1,2,1,1,6,2
SF,IH2012,2020-05-08 09:35:13.000,2728.8000,1770,0,50797920.000,0,-,-,-,-,2729.0000,2728.8000,2728.2000,2727.6000,2727.2000,2730.8000,2731.2000,2731.8000,2733.6000,2734.0000,1,1,1,1,1,2,1,1,6,2
SF,IH2012,2020-05-08 09:35:13.500,2728.8000,1770,0,50797920.000,0,-,-,-,-,2729.2000,2728.2000,2727.6000,2727.2000,2726.0000,2730.6000,2730.8000,2731.8000,2733.6000,2734.0000,1,1,1,1,1,1,2,1,6,2
SF,IH2012,2020-05-08 09:35:14.000,2728.8000,1770,0,50797920.000,0,-,-,-,-,2729.2000,2728.2000,2727.6000,2726.0000,2720.6000,2730.2000,2730.6000,2731.8000,2733.6000,2734.0000,1,1,1,1,1,2,1,1,6,2
SF,IH2012,2020-05-08 09:35:14.500,2728.8000,1770,0,50797920.000,0,-,-,-,-,2728.2000,2727.6000,2726.0000,2720.6000,2720.0000,2730.2000,2730.6000,2731.8000,2733.6000,2734.0000,1,1,1,1,2,2,1,1,6,2
SF,IH2012,2020-05-08 09:35:15.000,2728.8000,1770,0,50797920.000,0,-,-,-,-,2728.4000,2728.2000,2727.6000,2726.0000,2720.6000,2730.2000,2731.8000,2733.6000,2734.0000,2734.6000,4,1,1,1,1,1,1,6,2,1
SF,IH2012,2020-05-08 09:35:15.500,2728.8000,1770,0,50797920.000,0,-,-,-,-,2728.6000,2728.4000,2728.2000,2727.6000,2726.0000,2730.2000,2731.8000,2733.6000,2734.0000,2734.6000,1,4,1,1,1,1,1,6,2,1
SF,IH2012,2020-05-08 09:35:16.000,2728.8000,1770,0,50797920.000,0,-,-,-,-,2728.8000,2728.6000,2728.4000,2728.2000,2727.6000,2730.2000,2731.8000,2733.6000,2734.0000,2734.6000,3,1,1,1,1,1,1,6,2,1
SF,IH2012,2020-05-08 09:35:17.000,2728.8000,1770,0,50797920.000,0,-,-,-,-,2729.0000,2728.8000,2728.6000,2728.4000,2728.2000,2731.8000,2733.6000,2734.0000,2734.6000,2735.0000,1,3,1,1,1,1,6,2,1,1
SF,IH2012,2020-05-08 09:35:17.500,2728.8000,1770,0,50797920.000,0,-,-,-,-,2730.2000,2729.2000,2729.0000,2728.6000,2728.2000,2731.4000,2731.6000,2731.8000,2733.6000,2734.0000,1,2,1,1,1,2,1,1,6,2
SF,IH2012,2020-05-08 09:35:18.000,2728.8000,1770,0,50797920.000,0,-,-,-,-,2729.2000,2729.0000,2728.4000,2728.2000,2727.6000,2731.4000,2731.6000,2731.8000,2733.6000,2734.0000,2,1,1,1,1,2,1,1,6,2
SF,IH2012,2020-05-08 09:35:18.500,2728.8000,1770,0,50797920.000,0,-,-,-,-,2729.2000,2728.4000,2728.2000,2727.6000,2726.0000,2731.4000,2731.6000,2731.8000,2733.6000,2734.0000,2,1,1,1,1,2,1,1,6,2
SF,IH2012,2020-05-08 09:35:22.500,2728.8000,1770,0,50797920.000,0,-,-,-,-,2729.2000,2728.4000,2728.2000,2727.6000,2726.0000,2731.4000,2731.6000,2733.6000,2734.0000,2734.6000,2,1,1,1,1,2,1,6,2,1
SF,IH2012,2020-05-08 09:35:23.000,2728.8000,1770,0,50797920.000,0,-,-,-,-,2729.2000,2728.4000,2728.2000,2726.0000,2720.6000,2731.2000,2731.4000,2731.6000,2733.6000,2734.0000,2,1,1,1,1,1,2,1,6,2
SF,IH2012,2020-05-08 09:35:23.500,2728.8000,1770,0,50797920.000,0,-,-,-,-,2729.2000,2728.4000,2726.0000,2720.6000,2720.0000,2730.8000,2731.0000,2731.2000,2733.6000,2734.0000,2,1,1,1,2,2,1,1,6,2
SF,IH2012,2020-05-08 09:35:24.500,2728.8000,1770,0,50797920.000,0,-,-,-,-,2729.2000,2728.4000,2726.0000,2720.6000,2720.0000,2730.8000,2731.0000,2733.6000,2734.0000,2734.6000,2,1,1,1,2,2,1,6,2,1
SF,IH2012,2020-05-08 09:35:25.000,2728.8000,1770,0,50797920.000,0,-,-,-,-,2728.4000,2726.0000,2720.6000,2720.0000,2718.0000,2730.6000,2730.8000,2733.6000,2734.0000,2734.6000,1,1,1,2,1,2,2,6,2,1
SF,IH2012,2020-05-08 09:35:25.500,2728.8000,1770,0,50797920.000,0,-,-,-,-,2728.4000,2726.6000,2726.0000,2720.6000,2720.0000,2730.2000,2730.6000,2733.6000,2734.0000,2734.6000,1,1,1,1,2,2,2,6,2,1
SF,IH2012,2020-05-08 09:35:26.000,2728.8000,1770,0,50797920.000,0,-,-,-,-,2728.6000,2728.4000,2726.6000,2726.0000,2720.6000,2730.2000,2730.6000,2733.6000,2734.0000,2734.6000,1,1,1,1,1,2,1,6,2,1
SF,IH2012,2020-05-08 09:35:26.500,2728.8000,1770,0,50797920.000,0,-,-,-,-,2728.8000,2728.6000,2728.4000,2726.6000,2726.0000,2730.2000,2733.6000,2734.0000,2734.6000,2735.0000,3,1,1,1,1,1,6,2,1,1
SF,IH2012,2020-05-08 09:35:27.000,2728.8000,1770,0,50797920.000,0,-,-,-,-,2730.2000,2728.8000,2728.6000,2728.4000,2726.6000,2733.6000,2734.0000,2734.6000,2735.0000,2735.6000,2,3,1,1,1,6,2,1,1,2
SF,IH2012,2020-05-08 09:35:27.500,2730.2000,1770,0,52436040.000,2,1,1,多换,S,2729.0000,2728.6000,2728.4000,2726.0000,2720.6000,2733.2000,2733.4000,2733.6000,2734.0000,2734.6000,1,1,1,1,1,2,2,6,2,1
SF,IH2012,2020-05-08 09:35:28.000,2729.2000,1770,0,53254800.000,1,0,1,多换,S,2729.0000,2728.4000,2726.0000,2720.6000,2720.0000,2733.0000,2733.2000,2733.4000,2734.0000,2734.6000,1,1,1,1,2,7,2,1,2,1
SF,IH2012,2020-05-08 09:35:28.500,2729.2000,1770,0,53254800.000,0,-,-,-,-,2729.2000,2728.4000,2726.0000,2720.6000,2720.0000,2732.6000,2732.8000,2733.0000,2733.4000,2734.0000,1,1,1,1,2,2,1,1,1,2
SF,IH2012,2020-05-08 09:35:29.000,2729.2000,1770,0,53254800.000,0,-,-,-,-,2728.4000,2726.0000,2720.6000,2720.0000,2718.0000,2732.4000,2732.6000,2732.8000,2733.4000,2734.0000,1,1,1,2,1,1,2,1,1,2
SF,IH2012,2020-05-08 09:35:29.500,2729.2000,1770,0,53254800.000,0,-,-,-,-,2729.4000,2728.6000,2728.4000,2726.0000,2720.6000,2732.0000,2732.4000,2732.8000,2733.4000,2734.0000,1,1,1,1,1,2,1,1,1,2
SF,IH2012,2020-05-08 09:35:30.000,2729.2000,1770,0,53254800.000,0,-,-,-,-,2729.6000,2729.4000,2728.6000,2728.4000,2726.0000,2731.8000,2732.0000,2733.4000,2734.0000,2734.6000,1,1,1,1,1,1,2,1,2,1
SF,IH2012,2020-05-08 09:35:30.500,2729.2000,1770,0,53254800.000,0,-,-,-,-,2729.6000,2728.6000,2728.4000,2726.0000,2720.6000,2731.4000,2731.8000,2733.4000,2734.0000,2734.6000,1,1,1,1,1,2,1,1,2,1
SF,IH2012,2020-05-08 09:35:31.000,2729.2000,1770,0,53254800.000,0,-,-,-,-,2728.6000,2728.4000,2726.0000,2720.6000,2720.0000,2731.2000,2731.4000,2733.4000,2734.0000,2734.6000,1,1,1,1,2,1,2,1,2,1
SF,IH2012,2020-05-08 09:35:31.500,2729.2000,1770,0,53254800.000,0,-,-,-,-,2728.8000,2728.4000,2726.0000,2720.6000,2720.0000,2730.8000,2731.2000,2731.4000,2733.4000,2734.0000,1,1,1,1,2,1,1,1,1,2
SF,IH2012,2020-05-08 09:35:32.000,2729.2000,1770,0,53254800.000,0,-,-,-,-,2729.0000,2728.4000,2726.0000,2720.6000,2720.0000,2730.6000,2730.8000,2733.4000,2734.0000,2734.6000,1,1,1,1,2,1,2,1,2,1
SF,IH2012,2020-05-08 09:35:32.500,2729.2000,1770,0,53254800.000,0,-,-,-,-,2729.0000,2728.4000,2726.0000,2720.6000,2720.0000,2730.2000,2730.4000,2730.6000,2733.4000,2734.0000,1,1,1,1,2,1,1,1,1,2
SF,IH2012,2020-05-08 09:35:33.000,2729.2000,1770,0,53254800.000,0,-,-,-,-,2729.0000,2728.4000,2726.0000,2720.6000,2720.0000,2729.8000,2730.0000,2730.2000,2733.4000,2734.0000,1,1,1,1,2,1,1,1,1,2
SF,IH2012,2020-05-08 09:35:33.500,2729.2000,1770,0,53254800.000,0,-,-,-,-,2729.8000,2729.2000,2728.4000,2726.0000,2720.6000,2730.0000,2730.2000,2733.4000,2734.0000,2734.6000,1,1,1,1,1,1,1,1,2,1
SF,IH2012,2020-05-08 09:35:34.000,2730.0000,1769,-1,54073800.000,1,0,1,双平,S,2730.0000,2729.8000,2728.4000,2726.0000,2720.6000,2733.4000,2734.0000,2734.6000,2735.0000,2735.6000,1,1,1,1,1,1,2,1,2,2
SF,IH2012,2020-05-08 09:35:34.500,2730.0000,1769,0,54073800.000,0,-,-,-,-,2730.2000,2730.0000,2729.8000,2728.4000,2726.0000,2733.0000,2733.2000,2733.4000,2734.0000,2734.6000,1,1,1,1,1,8,1,1,2,1
SF,IH2012,2020-05-08 09:35:35.000,2730.0000,1769,0,54073800.000,0,-,-,-,-,2730.2000,2730.0000,2729.8000,2728.4000,2726.0000,2732.8000,2733.0000,2733.4000,2734.0000,2734.6000,1,1,1,1,1,1,8,1,2,1
SF,IH2012,2020-05-08 09:35:35.500,2730.0000,1769,0,54073800.000,0,-,-,-,-,2730.4000,2730.2000,2730.0000,2729.8000,2728.4000,2732.4000,2732.8000,2733.4000,2734.0000,2734.6000,1,1,1,1,1,2,2,1,2,1
SF,IH2012,2020-05-08 09:35:36.000,2730.0000,1769,0,54073800.000,0,-,-,-,-,2730.6000,2730.4000,2730.0000,2729.8000,2728.4000,2732.4000,2732.8000,2734.0000,2734.6000,2735.0000,1,1,1,1,1,2,2,2,1,2
SF,IH2012,2020-05-08 09:35:36.500,2730.0000,1769,0,54073800.000,0,-,-,-,-,2730.6000,2730.0000,2729.8000,2728.4000,2726.0000,2732.2000,2732.4000,2732.8000,2734.0000,2734.6000,1,1,1,1,1,1,2,1,2,1
SF,IH2012,2020-05-08 09:35:37.000,2730.6000,1769,0,54892980.000,1,0,1,多换,S,2730.0000,2729.8000,2728.4000,2726.0000,2720.6000,2731.8000,2732.2000,2732.8000,2734.0000,2734.6000,1,1,1,1,1,2,1,1,2,1
SF,IH2012,2020-05-08 09:35:37.500,2730.6000,1769,0,54892980.000,0,-,-,-,-,2730.0000,2729.8000,2728.4000,2726.0000,2720.6000,2730.6000,2731.6000,2731.8000,2732.8000,2734.0000,1,1,1,1,1,1,2,2,1,2
SF,IH2012,2020-05-08 09:35:38.000,2730.6000,1769,0,54892980.000,0,-,-,-,-,2730.0000,2729.8000,2728.4000,2726.0000,2720.6000,2730.4000,2730.6000,2731.6000,2731.8000,2732.4000,1,1,1,1,1,1,1,2,1,1
SF,IH2012,2020-05-08 09:35:38.500,2730.4000,1769,0,55712100.000,1,0,1,多换,S,2730.0000,2729.8000,2728.4000,2726.0000,2720.6000,2731.6000,2731.8000,2732.4000,2732.8000,2734.0000,1,1,1,1,1,2,1,1,1,2
SF,IH2012,2020-05-08 09:35:39.000,2730.4000,1769,0,55712100.000,0,-,-,-,-,2730.0000,2729.8000,2728.4000,2726.0000,2720.6000,2731.2000,2731.4000,2731.6000,2732.4000,2732.8000,1,1,1,1,1,1,1,2,1,1
SF,IH2012,2020-05-08 09:35:39.500,2730.4000,1769,0,55712100.000,0,-,-,-,-,2730.0000,2729.8000,2728.4000,2726.0000,2720.6000,2731.2000,2731.4000,2731.6000,2732.4000,2732.8000,1,1,1,1,1,1,1,1,1,1
SF,IH2012,2020-05-08 09:35:40.500,2730.4000,1769,0,55712100.000,0,-,-,-,-,2730.2000,2730.0000,2729.8000,2728.4000,2726.0000,2731.2000,2731.4000,2731.6000,2732.4000,2732.8000,1,1,1,1,1,1,1,1,1,1
SF,IH2012,2020-05-08 09:35:41.000,2730.4000,1769,0,55712100.000,0,-,-,-,-,2730.2000,2730.0000,2729.8000,2728.4000,2726.0000,2731.2000,2731.4000,2731.6000,2732.4000,2734.0000,2,1,1,1,1,1,1,1,1,2
SF,IH2012,2020-05-08 09:35:41.500,2730.4000,1769,0,55712100.000,0,-,-,-,-,2730.2000,2730.0000,2729.8000,2728.4000,2726.0000,2731.6000,2732.4000,2734.0000,2734.6000,2735.0000,2,1,1,1,1,1,1,2,1,2
SF,IH2012,2020-05-08 09:35:42.000,2730.4000,1769,0,55712100.000,0,-,-,-,-,2730.4000,2730.2000,2730.0000,2729.8000,2728.4000,2731.6000,2732.4000,2733.4000,2734.0000,2734.6000,1,2,1,1,1,1,1,1,2,1
SF,IH2012,2020-05-08 09:35:42.500,2730.4000,1769,0,55712100.000,0,-,-,-,-,2730.6000,2730.4000,2730.0000,2729.8000,2728.4000,2732.4000,2733.4000,2734.6000,2735.0000,2735.6000,2,1,1,1,1,1,1,1,2,2
SF,IH2012,2020-05-08 09:35:43.000,2730.4000,1769,0,55712100.000,0,-,-,-,-,2730.6000,2730.4000,2730.0000,2729.8000,2728.4000,2732.0000,2732.2000,2732.4000,2733.4000,2734.6000,2,1,1,1,1,1,2,1,1,1
SF,IH2012,2020-05-08 09:35:48.500,2730.4000,1769,0,55712100.000,0,-,-,-,-,2730.6000,2730.4000,2730.0000,2729.8000,2728.4000,2732.2000,2732.4000,2733.4000,2734.6000,2735.0000,2,1,1,1,1,2,1,1,1,2
SF,IH2012,2020-05-08 09:35:49.000,2730.4000,1769,0,55712100.000,0,-,-,-,-,2730.4000,2730.0000,2729.8000,2728.4000,2726.0000,2731.6000,2732.2000,2732.4000,2733.4000,2734.6000,1,1,1,1,1,1,2,1,1,1
SF,IH2012,2020-05-08 09:35:49.500,2730.4000,1769,0,55712100.000,0,-,-,-,-,2730.6000,2730.4000,2730.0000,2729.8000,2728.4000,2731.6000,2732.2000,2732.4000,2733.4000,2734.6000,1,1,1,1,1,1,2,1,1,1
SF,IH2012,2020-05-08 09:35:59.000,2730.4000,1769,0,55712100.000,0,-,-,-,-,2730.4000,2730.0000,2729.8000,2728.4000,2726.0000,2731.6000,2732.2000,2732.4000,2733.4000,2734.6000,1,1,1,1,1,1,2,1,1,1
SF,IH2012,2020-05-08 09:35:59.500,2730.4000,1769,0,55712100.000,0,-,-,-,-,2730.0000,2729.8000,2728.4000,2726.0000,2720.6000,2731.6000,2732.2000,2732.4000,2733.4000,2734.6000,1,1,1,1,1,1,2,1,1,1
SF,IH2012,2020-05-08 09:36:02.000,2730.4000,1769,0,55712100.000,0,-,-,-,-,2730.2000,2730.0000,2729.8000,2728.4000,2726.0000,2731.6000,2732.2000,2732.4000,2733.4000,2734.6000,1,1,1,1,1,1,2,1,1,1
SF,IH2012,2020-05-08 09:36:02.500,2730.4000,1769,0,55712100.000,0,-,-,-,-,2730.2000,2730.0000,2729.8000,2728.4000,2726.0000,2731.6000,2732.2000,2732.4000,2733.4000,2734.6000,2,1,1,1,1,1,2,1,1,1
SF,IH2012,2020-05-08 09:36:10.000,2730.4000,1769,0,55712100.000,0,-,-,-,-,2730.2000,2730.0000,2729.8000,2728.4000,2726.0000,2731.6000,2732.2000,2732.4000,2733.4000,2734.6000,2,1,1,1,1,1,2,1,1,1
SF,IH2012,2020-05-08 09:36:10.500,2730.4000,1769,0,55712100.000,0,-,-,-,-,2730.4000,2730.2000,2730.0000,2729.8000,2728.4000,2731.6000,2732.2000,2732.4000,2733.4000,2734.6000,1,2,1,1,1,1,1,1,1,1
SF,IH2012,2020-05-08 09:36:11.500,2730.4000,1769,0,55712100.000,0,-,-,-,-,2730.6000,2730.4000,2730.0000,2729.8000,2728.4000,2731.6000,2732.2000,2732.4000,2733.4000,2734.6000,2,1,1,1,1,1,1,1,1,1
SF,IH2012,2020-05-08 09:36:15.500,2730.4000,1769,0,55712100.000,0,-,-,-,-,2730.6000,2730.4000,2730.0000,2729.8000,2728.4000,2731.6000,2732.2000,2732.4000,2733.4000,2734.6000,2,1,1,1,1,1,1,1,1,1
SF,IH2012,2020-05-08 09:36:16.000,2730.4000,1769,0,55712100.000,0,-,-,-,-,2730.6000,2730.4000,2730.0000,2729.8000,2728.4000,2732.2000,2732.4000,2733.4000,2734.6000,2735.0000,2,1,1,1,1,1,1,1,1,2
SF,IH2012,2020-05-08 09:36:16.500,2730.4000,1769,0,55712100.000,0,-,-,-,-,2730.8000,2730.6000,2730.0000,2729.8000,2728.4000,2732.0000,2732.2000,2732.4000,2733.4000,2734.6000,1,2,1,1,1,1,1,1,1,1
SF,IH2012,2020-05-08 09:36:17.000,2730.4000,1769,0,55712100.000,0,-,-,-,-,2730.0000,2729.8000,2726.0000,2720.6000,2720.0000,2732.0000,2732.2000,2732.4000,2733.4000,2734.6000,1,1,1,1,2,1,1,1,1,1
SF,IH2012,2020-05-08 09:36:17.500,2730.4000,1769,0,55712100.000,0,-,-,-,-,2730.2000,2730.0000,2729.8000,2728.6000,2726.0000,2731.8000,2732.0000,2732.4000,2733.4000,2734.6000,2,1,1,1,1,1,1,1,1,1
SF,IH2012,2020-05-08 09:36:19.000,2730.4000,1769,0,55712100.000,0,-,-,-,-,2730.2000,2730.0000,2729.8000,2728.6000,2726.0000,2731.4000,2731.8000,2732.4000,2733.4000,2734.6000,1,1,1,1,1,1,1,1,1,1
SF,IH2012,2020-05-08 09:36:19.500,2730.4000,1769,0,55712100.000,0,-,-,-,-,2730.0000,2729.8000,2728.6000,2726.0000,2720.6000,2731.4000,2731.8000,2732.4000,2733.4000,2734.6000,1,1,1,1,1,1,1,1,1,1
SF,IH2012,2020-05-08 09:36:21.000,2730.4000,1769,0,55712100.000,0,-,-,-,-,2730.0000,2729.8000,2728.6000,2726.0000,2720.6000,2731.8000,2732.4000,2733.4000,2734.6000,2735.0000,1,1,1,1,1,1,1,1,1,2
SF,IH2012,2020-05-08 09:36:21.500,2730.4000,1769,0,55712100.000,0,-,-,-,-,2730.0000,2729.8000,2728.6000,2726.0000,2720.6000,2731.4000,2731.8000,2732.4000,2733.4000,2734.6000,1,1,1,1,1,1,1,1,1,1
SF,IH2012,2020-05-08 09:36:23.000,2730.4000,1769,0,55712100.000,0,-,-,-,-,2730.0000,2729.8000,2728.6000,2726.0000,2720.6000,2730.8000,2731.4000,2731.8000,2732.4000,2733.4000,1,1,1,1,1,1,1,1,1,1
SF,IH2012,2020-05-08 09:36:23.500,2730.4000,1769,0,55712100.000,0,-,-,-,-,2730.0000,2729.8000,2728.6000,2726.0000,2720.6000,2730.8000,2731.4000,2731.8000,2732.4000,2734.6000,1,1,1,1,1,1,1,1,1,1
SF,IH2012,2020-05-08 09:36:24.000,2730.8000,1769,0,56531340.000,1,0,1,多换,S,2730.0000,2729.8000,2728.6000,2726.0000,2720.6000,2731.4000,2731.8000,2732.4000,2734.6000,2735.0000,1,1,1,1,1,1,1,1,1,2
SF,IH2012,2020-05-08 09:36:32.500,2730.8000,1769,0,56531340.000,0,-,-,-,-,2730.0000,2729.8000,2728.6000,2726.0000,2720.6000,2731.4000,2731.8000,2732.4000,2734.6000,2735.0000,1,1,1,1,1,1,1,1,1,2
SF,IH2012,2020-05-08 09:36:38.000,2730.8000,1769,0,56531340.000,0,-,-,-,-,2730.0000,2729.8000,2728.6000,2726.0000,2720.6000,2731.8000,2732.4000,2734.6000,2735.0000,2735.6000,1,1,1,1,1,1,1,1,2,2
SF,IH2012,2020-05-08 09:36:38.500,2730.8000,1769,0,56531340.000,0,-,-,-,-,2730.2000,2730.0000,2729.8000,2728.6000,2726.0000,2731.8000,2732.4000,2733.8000,2734.6000,2735.0000,1,1,1,1,1,1,1,1,1,2
SF,IH2012,2020-05-08 09:36:39.000,2730.8000,1769,0,56531340.000,0,-,-,-,-,2730.4000,2730.2000,2730.0000,2729.8000,2728.6000,2731.8000,2732.4000,2733.8000,2734.6000,2735.0000,1,1,1,1,1,1,1,1,1,2
SF,IH2012,2020-05-08 09:36:39.500,2730.8000,1769,0,56531340.000,0,-,-,-,-,2730.6000,2730.4000,2730.0000,2729.8000,2728.6000,2731.8000,2732.4000,2733.8000,2734.6000,2735.0000,1,2,1,1,1,1,1,1,1,2
SF,IH2012,2020-05-08 09:36:40.000,2730.8000,1769,0,56531340.000,0,-,-,-,-,2730.6000,2730.4000,2730.0000,2729.8000,2728.6000,2731.6000,2732.4000,2733.8000,2734.6000,2735.0000,1,2,1,1,1,1,1,1,1,2
SF,IH2012,2020-05-08 09:36:44.000,2730.8000,1769,0,56531340.000,0,-,-,-,-,2730.6000,2730.4000,2730.0000,2729.8000,2728.6000,2731.4000,2731.6000,2732.4000,2733.8000,2734.6000,1,2,1,1,1,1,1,1,1,1
SF,IH2012,2020-05-08 09:36:44.500,2730.8000,1769,0,56531340.000,0,-,-,-,-,2730.4000,2730.0000,2729.8000,2728.6000,2726.0000,2731.4000,2731.6000,2732.4000,2734.6000,2735.0000,2,1,1,1,1,1,1,1,1,2
SF,IH2012,2020-05-08 09:36:45.000,2730.8000,1769,0,56531340.000,0,-,-,-,-,2730.0000,2729.8000,2728.6000,2726.0000,2720.6000,2731.4000,2731.6000,2732.4000,2733.4000,2734.6000,1,1,1,1,1,1,1,1,1,1
SF,IH2012,2020-05-08 09:36:45.500,2731.4000,1768,-1,57350760.000,1,0,1,双平,S,2730.6000,2730.2000,2730.0000,2729.8000,2728.6000,2731.6000,2732.4000,2733.4000,2734.6000,2735.0000,2,1,1,1,1,1,1,1,1,2
SF,IH2012,2020-05-08 09:36:46.500,2731.6000,1767,-1,58170240.000,1,0,1,双平,S,2731.6000,2730.6000,2730.2000,2730.0000,2729.8000,2732.4000,2733.4000,2734.6000,2735.0000,2735.6000,1,2,1,1,1,1,1,1,2,2
SF,IH2012,2020-05-08 09:36:47.000,2731.6000,1767,0,58170240.000,0,-,-,-,-,2731.6000,2730.2000,2730.0000,2729.8000,2726.0000,2732.4000,2733.4000,2734.6000,2735.0000,2735.6000,1,1,1,1,1,1,1,1,2,2
SF,IH2012,2020-05-08 09:36:47.500,2731.6000,1767,0,58170240.000,0,-,-,-,-,2730.2000,2730.0000,2729.8000,2726.0000,2720.6000,2732.4000,2733.4000,2734.6000,2735.0000,2735.6000,1,1,1,1,1,1,1,1,2,2
SF,IH2012,2020-05-08 09:36:48.000,2731.6000,1767,0,58170240.000,0,-,-,-,-,2730.2000,2730.0000,2729.8000,2726.0000,2720.6000,2732.2000,2732.4000,2733.4000,2734.6000,2735.0000,1,1,1,1,1,1,1,1,1,2
SF,IH2012,2020-05-08 09:36:48.500,2731.6000,1767,0,58170240.000,0,-,-,-,-,2730.4000,2730.2000,2730.0000,2729.8000,2726.0000,2732.2000,2732.4000,2733.4000,2734.6000,2735.0000,2,1,1,1,1,1,1,1,1,2
SF,IH2012,2020-05-08 09:36:50.500,2731.6000,1767,0,58170240.000,0,-,-,-,-,2730.4000,2730.2000,2730.0000,2729.8000,2726.0000,2732.0000,2732.2000,2732.4000,2733.4000,2735.0000,2,1,1,1,1,1,1,1,1,2
SF,IH2012,2020-05-08 09:36:51.000,2731.6000,1767,0,58170240.000,0,-,-,-,-,2730.6000,2730.0000,2729.8000,2726.0000,2720.6000,2732.0000,2732.2000,2732.4000,2733.4000,2735.0000,3,1,1,1,1,1,1,1,1,2
SF,IH2012,2020-05-08 09:36:51.500,2731.6000,1767,0,58170240.000,0,-,-,-,-,2730.6000,2730.0000,2729.8000,2726.0000,2720.6000,2732.0000,2732.2000,2732.4000,2733.4000,2735.0000,4,1,1,1,1,1,1,1,1,2
SF,IH2012,2020-05-08 09:36:58.500,2731.6000,1767,0,58170240.000,0,-,-,-,-,2732.0000,2730.6000,2730.0000,2729.8000,2726.0000,2732.2000,2732.4000,2733.4000,2735.0000,2735.6000,1,4,1,1,1,1,1,1,2,2
SF,IH2012,2020-05-08 09:36:59.000,2732.0000,1767,0,58989840.000,1,0,1,多换,S,2730.6000,2730.0000,2729.8000,2726.0000,2720.6000,2732.4000,2733.4000,2735.0000,2735.6000,2735.8000,2,1,1,1,1,1,1,2,2,1
SF,IH2012,2020-05-08 09:36:59.500,2732.0000,1767,0,58989840.000,0,-,-,-,-,2730.6000,2730.0000,2729.8000,2726.0000,2720.6000,2732.2000,2732.4000,2733.4000,2735.0000,2735.6000,2,1,1,1,1,1,1,1,2,2
SF,IH2012,2020-05-08 09:37:00.000,2732.0000,1767,0,58989840.000,0,-,-,-,-,2730.8000,2730.6000,2730.0000,2729.8000,2726.0000,2732.2000,2732.4000,2733.4000,2735.0000,2735.6000,1,2,1,1,1,1,1,1,2,2
SF,IH2012,2020-05-08 09:37:00.500,2732.0000,1767,0,58989840.000,0,-,-,-,-,2731.0000,2730.8000,2730.6000,2730.0000,2729.8000,2732.0000,2732.2000,2732.4000,2733.4000,2735.0000,1,2,2,1,1,1,1,1,1,2
SF,IH2012,2020-05-08 09:37:01.000,2732.0000,1767,0,58989840.000,0,-,-,-,-,2731.0000,2730.8000,2730.6000,2730.0000,2729.8000,2732.0000,2732.4000,2733.4000,2735.0000,2735.6000,1,2,2,1,1,1,1,1,2,2
SF,IH2012,2020-05-08 09:37:03.000,2732.0000,1766,-1,59809440.000,1,0,1,双平,S,2732.0000,2731.0000,2730.8000,2730.6000,2730.0000,2733.4000,2735.0000,2735.6000,2735.8000,2738.0000,1,1,2,2,1,1,2,2,1,1
SF,IH2012,2020-05-08 09:37:03.500,2732.0000,1766,0,59809440.000,0,-,-,-,-,2732.0000,2731.0000,2730.6000,2730.0000,2729.8000,2733.0000,2733.2000,2733.4000,2734.6000,2735.0000,1,1,1,1,1,1,1,1,1,2
SF,IH2012,2020-05-08 09:37:04.000,2732.0000,1766,0,59809440.000,0,-,-,-,-,2732.0000,2731.0000,2730.6000,2730.0000,2729.8000,2733.4000,2734.6000,2735.0000,2735.6000,2735.8000,1,1,1,1,1,1,1,1,2,1
SF,IH2012,2020-05-08 09:37:04.500,2732.0000,1766,0,59809440.000,0,-,-,-,-,2732.0000,2731.0000,2730.6000,2730.0000,2729.8000,2733.2000,2733.4000,2734.6000,2735.0000,2735.6000,1,1,1,1,1,1,1,1,1,2
SF,IH2012,2020-05-08 09:37:05.000,2732.0000,1766,0,59809440.000,0,-,-,-,-,2732.2000,2732.0000,2731.0000,2730.6000,2730.0000,2733.2000,2733.4000,2734.6000,2735.0000,2735.6000,1,1,1,1,1,1,1,1,1,2
SF,IH2012,2020-05-08 09:37:05.500,2732.0000,1766,0,59809440.000,0,-,-,-,-,2732.0000,2731.0000,2730.6000,2730.0000,2726.0000,2733.2000,2733.4000,2734.6000,2735.0000,2735.6000,1,1,1,1,1,1,1,1,1,2
SF,IH2012,2020-05-08 09:37:06.000,2732.0000,1766,0,59809440.000,0,-,-,-,-,2732.2000,2732.0000,2731.0000,2730.6000,2730.0000,2733.4000,2734.6000,2735.0000,2735.6000,2735.8000,1,1,1,1,1,1,1,1,2,1
SF,IH2012,2020-05-08 09:37:06.500,2732.0000,1766,0,59809440.000,0,-,-,-,-,2732.0000,2730.6000,2730.0000,2726.0000,2720.6000,2733.0000,2733.4000,2734.6000,2735.0000,2735.6000,1,1,1,1,1,1,1,1,1,2
SF,IH2012,2020-05-08 09:37:07.000,2732.0000,1766,0,59809440.000,0,-,-,-,-,2730.6000,2730.0000,2726.0000,2720.6000,2720.0000,2733.4000,2734.6000,2735.0000,2735.6000,2735.8000,1,1,1,1,3,1,1,1,2,1
SF,IH2012,2020-05-08 09:37:07.500,2732.0000,1766,0,59809440.000,0,-,-,-,-,2731.0000,2730.6000,2730.0000,2728.8000,2726.0000,2733.2000,2733.4000,2734.6000,2735.0000,2735.6000,1,1,1,1,1,2,1,1,1,2
SF,IH2012,2020-05-08 09:37:08.000,2732.0000,1766,0,59809440.000,0,-,-,-,-,2731.2000,2731.0000,2730.8000,2730.0000,2728.8000,2733.2000,2733.4000,2734.6000,2735.0000,2735.6000,1,2,1,1,1,2,1,1,1,2
SF,IH2012,2020-05-08 09:37:08.500,2732.0000,1766,0,59809440.000,0,-,-,-,-,2731.2000,2731.0000,2730.8000,2730.0000,2726.0000,2733.2000,2733.4000,2734.6000,2735.0000,2735.6000,1,2,1,1,1,2,1,1,1,2
SF,IH2012,2020-05-08 09:37:09.000,2732.0000,1766,0,59809440.000,0,-,-,-,-,2731.4000,2731.2000,2731.0000,2730.0000,2726.0000,2733.2000,2733.4000,2734.6000,2735.0000,2735.6000,1,1,2,1,1,2,1,1,1,2
SF,IH2012,2020-05-08 09:37:09.500,2732.0000,1766,0,59809440.000,0,-,-,-,-,2731.4000,2730.0000,2726.0000,2720.6000,2720.0000,2733.0000,2733.2000,2733.4000,2734.6000,2735.0000,1,1,1,1,3,1,2,1,1,1
SF,IH2012,2020-05-08 09:37:10.000,2732.0000,1766,0,59809440.000,0,-,-,-,-,2731.4000,2730.0000,2726.0000,2720.6000,2720.0000,2732.6000,2733.0000,2733.2000,2733.4000,2734.6000,1,1,1,1,3,1,1,1,1,1
SF,IH2012,2020-05-08 09:37:11.000,2732.0000,1766,0,59809440.000,0,-,-,-,-,2730.0000,2726.0000,2720.6000,2720.0000,2718.0000,2732.6000,2733.0000,2733.2000,2733.4000,2734.6000,1,1,1,3,1,1,1,1,1,1
SF,IH2012,2020-05-08 09:37:11.500,2732.0000,1766,0,59809440.000,0,-,-,-,-,2730.2000,2730.0000,2728.4000,2726.0000,2720.6000,2732.4000,2732.6000,2733.0000,2733.4000,2734.6000,1,1,1,1,1,1,1,1,1,1
