市场代码,合约代码,时间,最新,持仓,增仓,成交额,成交量,开仓,平仓,成交类型,方向,买一价,买二价,买三价,买四价,买五价,卖一价,卖二价,卖三价,卖四价,卖五价,买一量,买二量,买三量,买四量,买五量,卖一量,卖二量,卖三量,卖四量,卖五量
SF,IH2012,2020-05-15 09:29:00.200,2706.6000,2651,0,1623960.000,2.000,-,-,-,-,2703.0000,2701.0000,2700.4000,2700.0000,2699.0000,2709.8000,2712.8000,2714.0000,2715.2000,2719.0000,1,1,1,1,1,6,1,1,1,4
SF,IH2012,2020-05-15 09:30:00.200,2706.6000,2651,0,1623960.000,0,-,-,-,-,2702.2000,2701.0000,2700.0000,2699.0000,2698.2000,2709.4000,2709.6000,2709.8000,2710.0000,2715.2000,1,1,1,1,1,7,1,6,2,1
SF,IH2012,2020-05-15 09:30:00.700,2706.6000,2651,0,1623960.000,0,-,-,-,-,2702.4000,2702.2000,2701.0000,2700.0000,2699.0000,2709.2000,2709.4000,2709.8000,2710.0000,2715.2000,8,1,1,1,1,1,7,6,2,1
SF,IH2012,2020-05-15 09:30:01.200,2706.6000,2651,0,1623960.000,0,-,-,-,-,2702.4000,2702.2000,2701.0000,2700.0000,2697.0000,2709.2000,2709.8000,2710.0000,2721.0000,2725.0000,8,1,1,1,1,1,6,2,1,1
SF,IH2012,2020-05-15 09:30:02.700,2706.6000,2651,0,1623960.000,0,-,-,-,-,2702.4000,2702.2000,2701.0000,2700.0000,2697.0000,2709.2000,2709.8000,2710.0000,2721.0000,2725.0000,8,1,1,1,1,1,6,2,1,1
SF,IH2012,2020-05-15 09:30:03.200,2706.6000,2651,0,1623960.000,0,-,-,-,-,2702.6000,2702.4000,2702.2000,2701.0000,2700.0000,2709.2000,2709.8000,2710.0000,2721.0000,2725.0000,1,8,1,1,1,1,6,2,1,1
SF,IH2012,2020-05-15 09:30:03.700,2706.6000,2651,0,1623960.000,0,-,-,-,-,2703.0000,2702.8000,2702.6000,2702.2000,2701.0000,2709.2000,2709.8000,2710.0000,2721.0000,2725.0000,7,1,1,1,1,1,6,2,1,1
SF,IH2012,2020-05-15 09:30:04.200,2706.6000,2651,0,1623960.000,0,-,-,-,-,2704.0000,2703.2000,2703.0000,2702.2000,2701.0000,2709.2000,2709.8000,2710.0000,2721.0000,2725.0000,1,2,7,1,1,1,6,2,1,1
SF,IH2012,2020-05-15 09:30:04.700,2706.6000,2651,0,1623960.000,0,-,-,-,-,2704.4000,2704.2000,2704.0000,2702.2000,2701.0000,2709.2000,2709.8000,2710.0000,2721.0000,2725.0000,7,2,1,1,1,1,6,2,1,1
SF,IH2012,2020-05-15 09:30:05.200,2706.6000,2651,0,1623960.000,0,-,-,-,-,2704.6000,2704.4000,2704.0000,2702.2000,2701.0000,2709.2000,2709.8000,2710.0000,2721.0000,2725.0000,2,7,1,1,1,1,6,3,1,1
SF,IH2012,2020-05-15 09:30:05.700,2709.2000,2651,0,2436720.000,1,0,1,多换,S,2709.4000,2705.0000,2704.8000,2704.6000,2704.0000,2709.8000,2710.0000,2721.0000,2725.0000,2725.8000,8,8,1,3,1,6,3,1,1,3
SF,IH2012,2020-05-15 09:30:06.200,2709.8000,2650,-1,7314120.000,6,2,4,多平,S,2709.4000,2705.0000,2704.8000,2704.6000,2704.0000,2709.8000,2710.0000,2721.0000,2725.0000,2725.8000,6,8,1,3,1,2,3,1,1,3
SF,IH2012,2020-05-15 09:30:06.700,2710.0000,2649,-1,9753000.000,3,1,2,多平,S,2709.8000,2709.6000,2709.4000,2705.0000,2704.8000,2710.0000,2721.0000,2725.0000,2725.8000,2732.0000,1,1,6,8,1,2,1,1,3,1
SF,IH2012,2020-05-15 09:30:07.200,2710.0000,2647,-2,11379000.000,2,0,2,双平,S,2709.8000,2709.6000,2709.4000,2704.8000,2704.6000,2721.0000,2725.0000,2725.8000,2732.0000,2733.8000,1,7,6,1,2,1,1,3,1,2
SF,IH2012,2020-05-15 09:30:07.700,2710.0000,2647,0,11379000.000,0,-,-,-,-,2710.2000,2710.0000,2704.8000,2704.6000,2702.2000,2720.6000,2721.0000,2725.0000,2725.8000,2732.0000,13,3,1,1,1,7,1,1,3,1
SF,IH2012,2020-05-15 09:30:08.200,2720.6000,2646,-1,13011360.000,2,0,2,多平,S,2710.6000,2710.4000,2710.2000,2710.0000,2704.8000,2720.6000,2721.0000,2725.0000,2725.8000,2732.0000,2,2,6,1,1,5,1,1,3,1
SF,IH2012,2020-05-15 09:30:08.700,2720.6000,2646,0,13011360.000,0,-,-,-,-,2710.8000,2710.6000,2710.2000,2704.8000,2704.6000,2720.0000,2720.6000,2721.0000,2725.0000,2725.8000,2,2,6,1,1,4,6,1,1,3
SF,IH2012,2020-05-15 09:30:09.200,2720.6000,2646,0,13011360.000,0,-,-,-,-,2711.4000,2711.2000,2710.8000,2710.2000,2702.2000,2718.0000,2719.6000,2720.0000,2720.6000,2721.0000,1,2,2,6,1,1,5,4,2,1
SF,IH2012,2020-05-15 09:30:09.700,2720.6000,2646,0,13011360.000,0,-,-,-,-,2711.8000,2711.6000,2711.4000,2710.2000,2702.2000,2717.6000,2718.0000,2718.2000,2720.0000,2720.6000,2,2,1,6,1,5,1,1,4,2
SF,IH2012,2020-05-15 09:30:10.200,2720.6000,2646,0,13011360.000,0,-,-,-,-,2712.0000,2711.8000,2711.4000,2710.2000,2710.0000,2717.6000,2718.0000,2718.2000,2718.4000,2719.6000,3,2,1,6,1,5,1,1,1,1
SF,IH2012,2020-05-15 09:30:10.700,2720.6000,2646,0,13011360.000,0,-,-,-,-,2712.4000,2712.0000,2711.4000,2710.2000,2710.0000,2717.6000,2718.0000,2718.2000,2718.4000,2719.6000,2,3,1,6,1,5,1,1,1,1
SF,IH2012,2020-05-15 09:30:11.200,2720.6000,2646,0,13011360.000,0,-,-,-,-,2712.6000,2710.2000,2710.0000,2702.2000,2701.0000,2717.2000,2717.6000,2718.0000,2718.2000,2718.4000,2,6,1,1,1,1,5,1,1,1
SF,IH2012,2020-05-15 09:30:11.700,2720.6000,2646,0,13011360.000,0,-,-,-,-,2712.6000,2710.2000,2710.0000,2702.2000,2701.0000,2716.8000,2717.2000,2718.0000,2718.2000,2718.4000,2,6,1,1,1,5,1,1,1,1
SF,IH2012,2020-05-15 09:30:12.200,2712.6000,2646,0,13825140.000,1,0,1,多换,S,2712.6000,2710.2000,2710.0000,2702.2000,2701.0000,2716.8000,2717.2000,2718.0000,2718.2000,2718.4000,1,6,1,1,1,5,1,1,1,1
SF,IH2012,2020-05-15 09:30:12.700,2712.6000,2645,-1,14638920.000,1,0,1,双平,S,2710.2000,2710.0000,2702.2000,2701.0000,2700.0000,2716.6000,2716.8000,2717.2000,2718.0000,2718.2000,6,1,1,1,1,2,5,1,1,1
SF,IH2012,2020-05-15 09:30:13.200,2712.6000,2645,0,14638920.000,0,-,-,-,-,2710.2000,2710.0000,2702.2000,2701.0000,2700.0000,2712.4000,2716.2000,2716.6000,2716.8000,2718.0000,6,1,1,1,1,2,5,2,4,1
SF,IH2012,2020-05-15 09:30:13.700,2710.2000,2644,-1,16265040.000,2,0,2,多平,S,2710.2000,2710.0000,2702.2000,2701.0000,2700.0000,2712.2000,2712.4000,2715.6000,2716.2000,2716.6000,4,1,1,1,1,1,2,1,5,1
SF,IH2012,2020-05-15 09:30:14.200,2710.0000,2648,4,20330280.000,5,4,1,空开,S,2702.2000,2701.0000,2700.0000,2697.0000,2694.0000,2710.2000,2712.0000,2712.2000,2712.4000,2715.2000,1,1,1,1,1,2,5,1,2,1
SF,IH2012,2020-05-15 09:30:14.700,2710.0000,2648,0,20330280.000,0,-,-,-,-,2702.6000,2702.2000,2701.0000,2700.0000,2697.0000,2709.4000,2709.8000,2710.0000,2710.2000,2715.2000,7,1,1,1,1,2,5,9,1,1
SF,IH2012,2020-05-15 09:30:15.200,2710.0000,2648,0,20330280.000,0,-,-,-,-,2702.6000,2702.2000,2701.0000,2700.0000,2697.0000,2709.2000,2709.4000,2710.0000,2710.2000,2715.2000,7,1,1,1,1,1,2,1,1,1
SF,IH2012,2020-05-15 09:30:15.700,2710.0000,2648,0,20330280.000,0,-,-,-,-,2702.6000,2702.2000,2701.0000,2700.0000,2697.0000,2709.2000,2709.4000,2709.6000,2710.0000,2710.2000,7,1,1,1,1,1,2,1,1,1
SF,IH2012,2020-05-15 09:30:16.200,2710.0000,2648,0,20330280.000,0,-,-,-,-,2704.0000,2703.6000,2702.8000,2702.6000,2702.2000,2709.2000,2709.4000,2709.6000,2710.2000,2715.2000,1,1,1,7,1,2,2,1,1,1
SF,IH2012,2020-05-15 09:30:16.700,2710.0000,2648,0,20330280.000,0,-,-,-,-,2704.4000,2704.2000,2704.0000,2703.6000,2703.2000,2709.2000,2709.4000,2709.6000,2710.2000,2713.4000,7,1,1,1,1,2,2,1,1,1
SF,IH2012,2020-05-15 09:30:17.200,2709.2000,2648,0,21143040.000,1,0,1,多换,S,2704.6000,2704.4000,2704.2000,2704.0000,2703.6000,2709.2000,2709.4000,2710.2000,2713.4000,2715.2000,2,7,1,1,1,1,2,1,1,1
SF,IH2012,2020-05-15 09:30:17.700,2709.2000,2648,0,21143040.000,0,-,-,-,-,2705.0000,2704.6000,2704.0000,2703.6000,2703.2000,2709.2000,2709.4000,2710.2000,2713.4000,2715.2000,8,2,1,1,1,1,2,1,1,1
SF,IH2012,2020-05-15 09:30:18.200,2709.2000,2648,0,21143040.000,0,-,-,-,-,2705.6000,2705.2000,2705.0000,2704.6000,2703.2000,2709.2000,2709.4000,2710.2000,2713.4000,2715.2000,1,1,7,1,1,1,2,1,1,1
SF,IH2012,2020-05-15 09:30:18.700,2709.2000,2648,0,21955800.000,1,0,1,多换,S,2706.0000,2705.8000,2705.6000,2704.6000,2703.2000,2709.4000,2710.2000,2713.4000,2715.2000,2720.6000,7,1,1,1,1,2,1,1,1,1
SF,IH2012,2020-05-15 09:30:19.200,2709.2000,2648,0,21955800.000,0,-,-,-,-,2706.2000,2706.0000,2705.6000,2704.6000,2703.2000,2709.4000,2710.2000,2712.2000,2720.6000,2721.0000,1,7,1,1,1,2,1,2,1,1
SF,IH2012,2020-05-15 09:30:19.700,2709.2000,2648,0,21955800.000,0,-,-,-,-,2706.6000,2706.2000,2704.6000,2703.2000,2702.8000,2709.4000,2710.2000,2712.2000,2714.4000,2720.6000,8,1,1,1,1,2,1,2,1,1
SF,IH2012,2020-05-15 09:30:20.200,2709.2000,2648,0,21955800.000,0,-,-,-,-,2706.8000,2706.6000,2704.6000,2703.2000,2702.8000,2709.4000,2710.2000,2712.2000,2714.4000,2720.6000,1,8,1,1,1,2,1,2,1,1
SF,IH2012,2020-05-15 09:30:20.700,2709.2000,2648,0,21955800.000,0,-,-,-,-,2707.2000,2706.8000,2706.6000,2704.6000,2703.2000,2709.4000,2710.2000,2712.2000,2714.4000,2720.6000,7,1,1,1,1,2,1,2,1,1
SF,IH2012,2020-05-15 09:30:21.200,2709.2000,2648,0,21955800.000,0,-,-,-,-,2707.4000,2707.2000,2706.6000,2704.6000,2703.2000,2709.4000,2710.2000,2712.2000,2714.4000,2720.6000,1,7,1,1,1,2,1,2,1,1
SF,IH2012,2020-05-15 09:30:21.700,2709.2000,2648,0,21955800.000,0,-,-,-,-,2707.8000,2707.4000,2704.6000,2703.2000,2702.8000,2709.4000,2710.2000,2714.2000,2714.4000,2720.6000,7,1,1,1,1,2,1,2,1,1
SF,IH2012,2020-05-15 09:30:22.200,2709.2000,2648,0,21955800.000,0,-,-,-,-,2707.8000,2704.6000,2703.2000,2702.8000,2702.2000,2709.4000,2710.2000,2714.2000,2714.4000,2720.6000,2,1,1,1,1,2,1,2,1,1
SF,IH2012,2020-05-15 09:30:22.700,2709.2000,2648,0,21955800.000,0,-,-,-,-,2707.8000,2704.6000,2702.8000,2702.2000,2701.0000,2709.4000,2710.2000,2714.2000,2714.4000,2720.6000,2,1,1,1,1,2,1,2,1,1
SF,IH2012,2020-05-15 09:30:23.200,2709.2000,2648,0,21955800.000,0,-,-,-,-,2707.8000,2702.2000,2701.0000,2700.0000,2697.0000,2709.4000,2710.2000,2714.2000,2714.4000,2720.6000,2,1,1,1,1,2,1,2,1,1
SF,IH2012,2020-05-15 09:30:23.700,2707.8000,2647,-1,23580480.000,2,0,2,多平,S,2702.2000,2701.0000,2700.0000,2697.0000,2694.0000,2709.4000,2710.2000,2714.2000,2714.4000,2720.6000,1,1,1,1,1,2,1,2,1,1
SF,IH2012,2020-05-15 09:30:24.200,2707.8000,2647,0,23580480.000,0,-,-,-,-,2702.6000,2702.4000,2702.2000,2701.0000,2700.0000,2709.4000,2710.2000,2714.2000,2714.4000,2720.6000,5,1,1,1,1,2,1,2,1,1
SF,IH2012,2020-05-15 09:30:24.700,2707.8000,2647,0,23580480.000,0,-,-,-,-,2703.0000,2702.6000,2702.4000,2702.2000,2701.0000,2709.4000,2710.2000,2714.2000,2714.4000,2720.6000,2,5,1,1,1,2,1,2,1,1
SF,IH2012,2020-05-15 09:30:25.200,2707.8000,2647,0,23580480.000,0,-,-,-,-,2703.4000,2703.0000,2702.4000,2702.2000,2702.0000,2709.4000,2710.2000,2714.2000,2714.4000,2720.6000,5,2,1,1,1,2,1,2,1,1
SF,IH2012,2020-05-15 09:30:25.700,2707.8000,2647,0,23580480.000,0,-,-,-,-,2703.8000,2703.4000,2703.2000,2702.4000,2702.2000,2709.4000,2710.2000,2714.2000,2714.4000,2720.6000,2,5,1,1,1,2,1,2,1,1
SF,IH2012,2020-05-15 09:30:26.200,2707.8000,2647,0,23580480.000,0,-,-,-,-,2704.2000,2703.8000,2703.2000,2702.4000,2702.2000,2709.4000,2710.2000,2714.2000,2714.4000,2720.6000,5,2,1,1,1,2,1,2,1,1
SF,IH2012,2020-05-15 09:30:26.700,2707.8000,2647,0,23580480.000,0,-,-,-,-,2704.6000,2704.2000,2703.2000,2703.0000,2702.4000,2709.4000,2710.2000,2714.2000,2714.4000,2720.6000,2,5,1,1,1,2,1,2,1,1
SF,IH2012,2020-05-15 09:30:27.200,2707.8000,2647,0,23580480.000,0,-,-,-,-,2705.2000,2705.0000,2704.6000,2703.2000,2703.0000,2709.4000,2710.2000,2714.2000,2714.4000,2720.6000,1,5,2,1,1,2,1,2,1,1
SF,IH2012,2020-05-15 09:30:27.700,2707.8000,2647,0,23580480.000,0,-,-,-,-,2705.6000,2705.2000,2703.2000,2703.0000,2702.4000,2709.4000,2710.2000,2714.2000,2714.4000,2720.6000,7,1,1,1,1,2,1,2,1,1
SF,IH2012,2020-05-15 09:30:28.200,2707.8000,2647,0,23580480.000,0,-,-,-,-,2705.8000,2705.6000,2703.2000,2703.0000,2702.4000,2709.4000,2710.2000,2714.2000,2714.4000,2720.6000,1,7,1,1,1,2,1,2,1,1
SF,IH2012,2020-05-15 09:30:28.700,2707.8000,2647,0,23580480.000,0,-,-,-,-,2706.2000,2705.8000,2703.2000,2703.0000,2702.4000,2709.4000,2710.2000,2714.2000,2714.4000,2720.6000,8,1,1,1,1,2,1,2,1,1
SF,IH2012,2020-05-15 09:30:29.200,2707.8000,2647,0,23580480.000,0,-,-,-,-,2706.4000,2706.2000,2703.2000,2703.0000,2702.4000,2709.4000,2710.2000,2714.2000,2714.4000,2720.6000,1,8,1,1,1,2,1,2,1,1
SF,IH2012,2020-05-15 09:30:29.700,2707.8000,2647,0,23580480.000,0,-,-,-,-,2706.8000,2706.4000,2706.2000,2703.2000,2703.0000,2709.4000,2710.2000,2714.4000,2720.6000,2721.0000,7,1,1,1,1,2,1,1,1,1
SF,IH2012,2020-05-15 09:30:30.200,2707.0000,2646,-1,24392580.000,1,0,1,双平,S,2706.8000,2706.2000,2703.2000,2703.0000,2702.4000,2709.2000,2709.4000,2710.2000,2714.4000,2720.6000,7,1,1,1,1,1,2,1,1,1
SF,IH2012,2020-05-15 09:30:30.700,2707.0000,2646,0,24392580.000,0,-,-,-,-,2706.8000,2703.2000,2703.0000,2702.4000,2702.2000,2709.2000,2709.4000,2710.2000,2714.4000,2714.8000,7,1,1,1,1,1,2,1,1,1
SF,IH2012,2020-05-15 09:30:31.200,2707.0000,2646,0,24392580.000,0,-,-,-,-,2707.0000,2706.8000,2703.2000,2703.0000,2702.4000,2709.2000,2709.4000,2710.2000,2714.4000,2714.8000,1,7,1,1,1,1,2,1,1,1
SF,IH2012,2020-05-15 09:30:31.700,2707.0000,2646,0,24392580.000,0,-,-,-,-,2707.4000,2707.0000,2703.2000,2703.0000,2702.4000,2709.2000,2709.4000,2710.2000,2714.4000,2714.8000,7,1,1,1,1,1,2,1,1,1
SF,IH2012,2020-05-15 09:30:32.700,2707.0000,2646,0,24392580.000,0,-,-,-,-,2707.4000,2707.0000,2703.2000,2703.0000,2702.4000,2709.2000,2709.4000,2710.2000,2714.8000,2720.6000,7,1,1,1,1,1,2,1,1,1
SF,IH2012,2020-05-15 09:30:33.200,2709.2000,2645,-1,25205340.000,1,0,1,双平,S,2707.6000,2707.4000,2707.0000,2703.2000,2703.0000,2709.4000,2710.2000,2714.8000,2718.6000,2720.6000,1,7,1,1,2,2,1,1,1,1
SF,IH2012,2020-05-15 09:30:33.700,2709.2000,2645,0,25205340.000,0,-,-,-,-,2708.0000,2707.6000,2707.0000,2706.6000,2703.2000,2709.4000,2710.2000,2714.8000,2718.6000,2720.6000,7,1,1,4,1,2,1,1,1,1
SF,IH2012,2020-05-15 09:30:34.200,2709.2000,2645,0,25205340.000,0,-,-,-,-,2708.0000,2707.8000,2707.6000,2706.6000,2703.2000,2709.4000,2710.2000,2714.8000,2718.6000,2720.6000,7,1,1,4,1,2,1,1,1,1
SF,IH2012,2020-05-15 09:30:34.700,2709.2000,2645,0,25205340.000,0,-,-,-,-,2708.0000,2707.6000,2706.6000,2703.2000,2703.0000,2709.4000,2710.2000,2714.8000,2716.4000,2718.6000,7,1,4,1,2,2,1,1,1,1
SF,IH2012,2020-05-15 09:30:35.200,2709.4000,2644,-1,26018160.000,1,0,1,双平,S,2708.0000,2707.6000,2706.6000,2703.2000,2703.0000,2709.4000,2710.2000,2714.8000,2716.4000,2718.6000,7,1,4,1,2,1,1,1,1,1
SF,IH2012,2020-05-15 09:30:35.700,2709.4000,2644,0,26018160.000,0,-,-,-,-,2708.0000,2706.6000,2703.2000,2703.0000,2702.4000,2709.4000,2710.2000,2714.8000,2716.4000,2718.6000,7,4,1,2,1,1,1,1,1,1
SF,IH2012,2020-05-15 09:30:41.700,2708.0000,2643,-1,27643380.000,2,0,2,多平,S,2708.0000,2706.6000,2703.2000,2703.0000,2702.4000,2710.2000,2714.8000,2716.4000,2718.6000,2720.6000,6,4,1,2,1,1,1,1,1,1
SF,IH2012,2020-05-15 09:30:42.200,2708.0000,2643,0,27643380.000,0,-,-,-,-,2708.2000,2708.0000,2706.6000,2703.2000,2703.0000,2710.2000,2714.8000,2716.4000,2718.6000,2720.6000,1,6,4,1,2,1,1,1,1,1
SF,IH2012,2020-05-15 09:30:42.700,2708.2000,2642,-1,28455840.000,1,0,1,双平,S,2706.6000,2703.0000,2702.2000,2702.0000,2701.0000,2710.0000,2710.2000,2714.8000,2716.4000,2718.6000,4,2,1,1,1,1,1,1,1,1
SF,IH2012,2020-05-15 09:30:43.200,2708.2000,2642,0,28455840.000,0,-,-,-,-,2707.0000,2706.6000,2703.0000,2702.2000,2702.0000,2710.0000,2710.2000,2714.8000,2716.4000,2718.6000,6,4,2,1,1,1,1,1,1,1
SF,IH2012,2020-05-15 09:30:43.700,2708.2000,2642,0,28455840.000,0,-,-,-,-,2707.0000,2706.6000,2703.0000,2702.2000,2702.0000,2710.0000,2710.2000,2714.8000,2716.4000,2718.6000,6,4,2,1,1,2,1,1,1,1
SF,IH2012,2020-05-15 09:30:45.700,2708.2000,2642,0,28455840.000,0,-,-,-,-,2707.2000,2707.0000,2706.6000,2703.0000,2702.2000,2710.0000,2710.2000,2714.8000,2716.4000,2718.6000,1,6,4,2,1,2,1,1,1,1
SF,IH2012,2020-05-15 09:30:46.200,2708.2000,2642,0,28455840.000,0,-,-,-,-,2707.6000,2707.2000,2706.6000,2703.0000,2702.2000,2710.0000,2710.2000,2714.8000,2716.4000,2718.6000,6,1,4,2,1,2,1,1,1,1
SF,IH2012,2020-05-15 09:30:46.700,2710.0000,2642,0,30081840.000,2,1,1,多换,S,2707.8000,2707.6000,2707.2000,2706.6000,2703.0000,2710.2000,2714.8000,2716.4000,2718.6000,2720.6000,1,6,1,4,2,1,1,1,1,1
SF,IH2012,2020-05-15 09:30:47.200,2710.0000,2642,0,30081840.000,0,-,-,-,-,2708.2000,2707.8000,2706.6000,2703.0000,2702.2000,2710.0000,2710.2000,2714.8000,2716.4000,2718.6000,6,1,4,2,1,1,1,1,1,1
SF,IH2012,2020-05-15 09:30:47.700,2710.0000,2642,0,30081840.000,0,-,-,-,-,2708.4000,2708.2000,2706.6000,2703.0000,2702.2000,2710.0000,2710.2000,2714.8000,2716.4000,2718.6000,2,6,4,2,1,1,1,1,1,1
SF,IH2012,2020-05-15 09:30:48.200,2710.0000,2642,0,30081840.000,0,-,-,-,-,2708.4000,2708.2000,2706.6000,2703.0000,2702.2000,2710.0000,2710.2000,2714.8000,2716.4000,2718.6000,1,6,4,2,1,1,1,1,1,1
SF,IH2012,2020-05-15 09:30:48.700,2710.0000,2642,0,30081840.000,0,-,-,-,-,2706.6000,2703.0000,2702.2000,2702.0000,2701.0000,2710.0000,2710.2000,2714.8000,2716.4000,2718.6000,4,2,1,1,1,1,1,1,1,1
SF,IH2012,2020-05-15 09:30:49.200,2710.0000,2642,0,30081840.000,0,-,-,-,-,2707.0000,2706.6000,2703.0000,2702.2000,2702.0000,2710.0000,2710.2000,2714.8000,2716.4000,2718.6000,6,4,2,1,1,1,1,1,1,1
SF,IH2012,2020-05-15 09:30:50.200,2710.0000,2642,0,30081840.000,0,-,-,-,-,2707.0000,2706.6000,2703.0000,2702.2000,2702.0000,2710.0000,2710.2000,2714.8000,2715.0000,2716.4000,6,4,2,1,1,1,1,1,1,1
SF,IH2012,2020-05-15 09:30:50.700,2710.0000,2642,0,30081840.000,0,-,-,-,-,2707.0000,2706.6000,2703.0000,2702.2000,2702.0000,2710.2000,2714.8000,2715.0000,2716.4000,2718.6000,6,4,2,1,1,1,1,1,1,1
SF,IH2012,2020-05-15 09:30:51.200,2710.0000,2642,0,30081840.000,0,-,-,-,-,2707.2000,2707.0000,2706.6000,2703.0000,2702.2000,2709.8000,2710.2000,2714.8000,2715.0000,2716.4000,1,6,4,2,1,1,1,1,1,1
SF,IH2012,2020-05-15 09:30:51.700,2710.0000,2642,0,30081840.000,0,-,-,-,-,2707.6000,2707.2000,2706.6000,2703.0000,2702.2000,2709.8000,2710.2000,2714.8000,2715.0000,2716.4000,6,1,4,2,1,1,1,1,1,1
SF,IH2012,2020-05-15 09:30:52.200,2710.0000,2642,0,30081840.000,0,-,-,-,-,2707.8000,2707.6000,2706.6000,2703.0000,2702.2000,2709.8000,2710.2000,2714.8000,2715.0000,2716.4000,1,6,4,2,1,1,1,1,1,1
SF,IH2012,2020-05-15 09:30:52.700,2710.0000,2642,0,30081840.000,0,-,-,-,-,2708.0000,2707.8000,2707.2000,2706.6000,2703.0000,2709.8000,2710.2000,2714.8000,2715.0000,2716.4000,6,1,1,4,2,1,1,1,1,1
SF,IH2012,2020-05-15 09:30:53.200,2710.0000,2642,0,30081840.000,0,-,-,-,-,2708.2000,2707.2000,2706.6000,2703.0000,2702.2000,2709.8000,2710.2000,2714.8000,2715.0000,2716.4000,1,1,4,2,1,1,1,1,1,1
SF,IH2012,2020-05-15 09:30:53.700,2708.2000,2641,-1,30894300.000,1,0,1,双平,S,2707.2000,2706.6000,2703.0000,2702.2000,2702.0000,2709.8000,2710.2000,2714.8000,2715.0000,2716.4000,1,4,2,1,1,1,1,1,1,1
SF,IH2012,2020-05-15 09:30:54.200,2708.2000,2641,0,30894300.000,0,-,-,-,-,2707.6000,2707.2000,2706.6000,2703.0000,2702.2000,2709.6000,2709.8000,2710.2000,2714.8000,2715.0000,6,1,4,2,1,1,1,1,1,1
SF,IH2012,2020-05-15 09:30:55.700,2708.2000,2641,0,30894300.000,0,-,-,-,-,2707.2000,2706.6000,2703.0000,2702.2000,2702.0000,2709.6000,2709.8000,2710.2000,2714.8000,2715.0000,1,4,2,1,1,1,1,1,1,1
SF,IH2012,2020-05-15 09:30:56.200,2708.2000,2641,0,30894300.000,0,-,-,-,-,2707.4000,2707.2000,2706.6000,2703.0000,2702.2000,2709.6000,2709.8000,2710.2000,2714.8000,2715.0000,6,1,4,2,1,1,1,1,1,1
SF,IH2012,2020-05-15 09:30:57.200,2708.2000,2641,0,30894300.000,0,-,-,-,-,2707.4000,2707.2000,2706.6000,2703.0000,2702.2000,2709.6000,2709.8000,2710.2000,2714.8000,2715.0000,6,1,4,2,1,1,2,1,1,1
SF,IH2012,2020-05-15 09:31:00.200,2708.2000,2641,0,30894300.000,0,-,-,-,-,2707.4000,2707.2000,2706.6000,2703.0000,2702.2000,2709.6000,2709.8000,2710.2000,2714.8000,2715.0000,6,1,4,2,1,1,2,1,1,1
SF,IH2012,2020-05-15 09:31:00.700,2708.2000,2641,0,30894300.000,0,-,-,-,-,2707.6000,2707.4000,2707.2000,2706.6000,2703.0000,2709.4000,2709.6000,2709.8000,2710.2000,2714.8000,1,6,1,4,2,1,1,2,1,1
SF,IH2012,2020-05-15 09:31:01.200,2708.2000,2641,0,30894300.000,0,-,-,-,-,2707.6000,2707.4000,2707.2000,2706.6000,2703.0000,2709.2000,2709.4000,2709.8000,2710.2000,2714.8000,1,6,1,4,2,1,1,1,1,1
SF,IH2012,2020-05-15 09:31:02.200,2709.4000,2639,-2,32519880.000,2,0,2,双平,S,2707.8000,2707.6000,2707.2000,2706.6000,2703.0000,2709.8000,2710.2000,2714.8000,2715.0000,2716.4000,6,1,1,4,2,1,1,1,1,1
SF,IH2012,2020-05-15 09:31:02.700,2709.4000,2639,0,32519880.000,0,-,-,-,-,2708.0000,2707.8000,2707.2000,2706.6000,2703.0000,2709.8000,2710.2000,2714.8000,2715.0000,2716.4000,2,6,1,4,2,2,1,1,1,1
SF,IH2012,2020-05-15 09:31:03.200,2709.4000,2639,0,32519880.000,0,-,-,-,-,2708.0000,2707.2000,2706.6000,2703.0000,2702.2000,2709.8000,2710.2000,2714.8000,2715.0000,2716.4000,2,1,4,2,1,2,1,1,1,1
SF,IH2012,2020-05-15 09:31:05.200,2709.4000,2639,0,32519880.000,0,-,-,-,-,2708.0000,2707.2000,2706.6000,2703.0000,2702.2000,2709.8000,2710.2000,2714.8000,2715.0000,2716.4000,3,1,4,2,1,2,1,1,1,1
SF,IH2012,2020-05-15 09:31:06.200,2709.4000,2639,0,32519880.000,0,-,-,-,-,2708.0000,2707.2000,2706.6000,2703.0000,2702.2000,2709.8000,2710.2000,2714.8000,2715.0000,2716.4000,3,1,4,2,1,1,1,1,1,1
SF,IH2012,2020-05-15 09:31:09.200,2709.8000,2638,-1,33332820.000,1,0,1,双平,S,2708.0000,2707.2000,2706.6000,2703.0000,2702.2000,2710.2000,2714.8000,2715.0000,2716.4000,2718.6000,3,1,4,2,1,1,1,1,1,1
SF,IH2012,2020-05-15 09:31:09.700,2709.8000,2638,0,33332820.000,0,-,-,-,-,2708.0000,2707.2000,2703.0000,2702.2000,2702.0000,2710.0000,2710.2000,2712.0000,2714.8000,2715.0000,3,1,2,1,1,2,1,1,1,1
SF,IH2012,2020-05-15 09:31:10.200,2709.8000,2638,0,33332820.000,0,-,-,-,-,2708.0000,2707.2000,2703.0000,2702.2000,2702.0000,2710.0000,2710.2000,2711.0000,2712.0000,2714.8000,3,1,2,1,1,2,1,1,1,1
SF,IH2012,2020-05-15 09:31:10.700,2709.8000,2638,0,33332820.000,0,-,-,-,-,2708.0000,2707.2000,2703.0000,2702.2000,2702.0000,2710.0000,2710.2000,2711.0000,2712.0000,2714.8000,2,1,2,1,1,2,1,1,1,1
SF,IH2012,2020-05-15 09:31:13.200,2709.8000,2638,0,33332820.000,0,-,-,-,-,2708.0000,2707.2000,2703.0000,2702.2000,2702.0000,2710.0000,2710.2000,2711.0000,2712.0000,2714.8000,2,1,2,1,1,2,1,1,1,1
SF,IH2012,2020-05-15 09:31:16.700,2709.8000,2638,0,33332820.000,0,-,-,-,-,2708.0000,2707.2000,2703.0000,2702.2000,2702.0000,2710.0000,2710.2000,2711.0000,2712.0000,2714.8000,2,1,2,1,1,2,1,1,1,1
SF,IH2012,2020-05-15 09:31:17.200,2710.0000,2638,0,34958820.000,2,1,1,多换,S,2710.0000,2708.0000,2707.2000,2703.0000,2702.2000,2710.2000,2711.0000,2712.0000,2714.8000,2715.0000,2,2,1,2,1,1,1,1,1,1
SF,IH2012,2020-05-15 09:31:17.700,2710.0000,2638,0,36584820.000,2,1,1,多换,S,2708.0000,2707.2000,2703.0000,2702.2000,2702.0000,2710.2000,2711.0000,2712.0000,2714.8000,2715.0000,2,1,2,1,1,1,1,1,1,1
SF,IH2012,2020-05-15 09:31:18.200,2710.0000,2638,0,36584820.000,0,-,-,-,-,2708.2000,2708.0000,2707.2000,2703.0000,2702.2000,2710.0000,2710.2000,2711.0000,2712.0000,2714.8000,1,2,1,2,1,1,1,1,1,1
SF,IH2012,2020-05-15 09:31:18.700,2710.0000,2638,0,36584820.000,0,-,-,-,-,2708.4000,2708.2000,2707.2000,2703.0000,2702.2000,2710.0000,2710.2000,2711.0000,2712.0000,2714.8000,1,1,1,2,1,2,1,1,1,1
SF,IH2012,2020-05-15 09:31:19.200,2710.0000,2638,0,36584820.000,0,-,-,-,-,2708.4000,2707.2000,2703.0000,2702.2000,2702.0000,2710.0000,2710.2000,2711.0000,2712.0000,2714.8000,1,1,2,1,1,2,1,1,1,1
SF,IH2012,2020-05-15 09:31:19.700,2710.0000,2638,0,36584820.000,0,-,-,-,-,2708.4000,2707.2000,2703.0000,2702.2000,2702.0000,2709.8000,2710.0000,2710.2000,2711.0000,2712.0000,1,1,2,1,1,1,2,1,1,1
SF,IH2012,2020-05-15 09:31:21.200,2708.4000,2637,-1,37397340.000,1,0,1,双平,S,2707.2000,2703.0000,2702.2000,2702.0000,2701.0000,2709.8000,2710.0000,2710.2000,2711.0000,2712.0000,1,2,1,1,1,1,2,1,1,1
SF,IH2012,2020-05-15 09:31:21.700,2708.4000,2637,0,37397340.000,0,-,-,-,-,2707.4000,2707.2000,2703.0000,2702.2000,2702.0000,2709.6000,2709.8000,2710.2000,2711.0000,2712.0000,1,1,2,1,1,3,1,1,1,1
SF,IH2012,2020-05-15 09:31:22.200,2708.4000,2637,0,37397340.000,0,-,-,-,-,2707.4000,2707.2000,2703.0000,2702.2000,2702.0000,2709.6000,2709.8000,2710.2000,2711.0000,2714.8000,1,1,2,1,1,1,1,1,1,1
SF,IH2012,2020-05-15 09:31:24.200,2708.4000,2637,0,37397340.000,0,-,-,-,-,2707.4000,2707.2000,2703.0000,2702.2000,2702.0000,2709.6000,2709.8000,2710.2000,2711.0000,2714.8000,1,1,2,1,1,1,2,1,1,1
SF,IH2012,2020-05-15 09:31:24.700,2708.4000,2637,0,37397340.000,0,-,-,-,-,2707.4000,2707.2000,2703.0000,2702.2000,2702.0000,2709.4000,2709.6000,2709.8000,2710.2000,2711.0000,1,1,2,1,1,1,1,2,1,1
SF,IH2012,2020-05-15 09:31:25.200,2708.4000,2637,0,37397340.000,0,-,-,-,-,2707.4000,2707.2000,2703.0000,2702.2000,2702.0000,2709.2000,2709.4000,2709.8000,2710.2000,2711.0000,1,1,2,1,1,1,1,2,1,1
SF,IH2012,2020-05-15 09:31:25.700,2709.2000,2637,0,38210100.000,1,0,1,多换,S,2707.6000,2707.4000,2707.2000,2703.0000,2702.2000,2709.4000,2709.8000,2710.2000,2711.0000,2714.8000,1,1,1,2,1,1,2,1,1,1
SF,IH2012,2020-05-15 09:31:26.200,2709.2000,2637,0,38210100.000,0,-,-,-,-,2707.8000,2707.6000,2707.2000,2703.0000,2702.2000,2709.4000,2709.8000,2710.2000,2711.0000,2714.8000,1,1,1,2,1,1,1,1,1,1
SF,IH2012,2020-05-15 09:31:28.200,2709.2000,2637,0,38210100.000,0,-,-,-,-,2707.8000,2707.6000,2707.2000,2703.0000,2702.2000,2709.4000,2709.8000,2710.2000,2711.0000,2714.8000,1,1,1,2,1,1,1,1,1,1
SF,IH2012,2020-05-15 09:31:28.700,2709.2000,2637,0,38210100.000,0,-,-,-,-,2707.8000,2707.2000,2703.0000,2702.2000,2702.0000,2709.4000,2709.8000,2710.2000,2711.0000,2712.2000,1,1,2,1,1,1,1,1,1,1
SF,IH2012,2020-05-15 09:31:31.700,2709.2000,2637,0,38210100.000,0,-,-,-,-,2707.8000,2707.2000,2703.0000,2702.2000,2702.0000,2709.4000,2709.8000,2710.2000,2711.0000,2712.2000,1,1,2,1,1,1,1,1,1,1
SF,IH2012,2020-05-15 09:31:32.200,2709.2000,2637,0,38210100.000,0,-,-,-,-,2707.8000,2707.2000,2703.0000,2702.2000,2702.0000,2709.8000,2710.2000,2711.0000,2712.2000,2715.0000,1,1,2,1,1,1,1,1,1,1
SF,IH2012,2020-05-15 09:31:32.700,2709.2000,2637,0,38210100.000,0,-,-,-,-,2708.0000,2707.8000,2707.2000,2703.0000,2702.2000,2709.8000,2710.2000,2711.0000,2711.8000,2712.2000,1,1,1,2,1,1,1,1,1,1
SF,IH2012,2020-05-15 09:31:33.200,2709.2000,2637,0,38210100.000,0,-,-,-,-,2708.2000,2708.0000,2707.2000,2703.0000,2702.2000,2710.2000,2711.0000,2711.8000,2715.0000,2718.6000,1,2,1,2,1,1,1,1,1,1
SF,IH2012,2020-05-15 09:31:33.700,2709.2000,2637,0,38210100.000,0,-,-,-,-,2708.4000,2708.2000,2708.0000,2707.2000,2703.0000,2710.2000,2711.0000,2711.8000,2715.0000,2718.6000,1,1,1,1,2,1,1,1,1,1
SF,IH2012,2020-05-15 09:31:34.200,2709.2000,2637,0,38210100.000,0,-,-,-,-,2708.6000,2708.4000,2707.2000,2706.0000,2703.0000,2710.2000,2711.0000,2711.8000,2715.0000,2718.6000,1,1,1,1,2,1,1,1,1,1
SF,IH2012,2020-05-15 09:31:42.700,2708.6000,2636,-1,39022680.000,1,0,1,双平,S,2708.4000,2707.2000,2706.0000,2703.0000,2702.2000,2710.2000,2711.0000,2711.8000,2715.0000,2718.6000,1,1,1,2,1,1,1,1,1,1
SF,IH2012,2020-05-15 09:31:43.200,2708.6000,2636,0,39022680.000,0,-,-,-,-,2707.2000,2706.0000,2703.0000,2702.2000,2702.0000,2710.0000,2710.2000,2711.0000,2711.8000,2713.8000,1,1,2,1,1,1,1,1,1,1
SF,IH2012,2020-05-15 09:31:43.700,2708.6000,2636,0,39022680.000,0,-,-,-,-,2707.4000,2707.2000,2706.0000,2703.0000,2702.2000,2710.0000,2710.2000,2711.0000,2711.8000,2713.8000,1,1,1,2,1,1,1,1,1,1
SF,IH2012,2020-05-15 09:31:46.200,2708.6000,2636,0,39022680.000,0,-,-,-,-,2707.4000,2707.2000,2706.0000,2703.0000,2702.2000,2710.0000,2710.2000,2711.0000,2711.8000,2713.8000,1,1,1,2,1,1,1,1,1,1
SF,IH2012,2020-05-15 09:31:48.700,2708.6000,2636,0,39022680.000,0,-,-,-,-,2707.4000,2707.2000,2706.0000,2703.0000,2702.2000,2710.0000,2710.2000,2711.0000,2711.8000,2713.8000,1,1,1,2,1,1,1,1,1,1
SF,IH2012,2020-05-15 09:31:53.700,2708.6000,2636,0,39022680.000,0,-,-,-,-,2707.4000,2707.2000,2706.0000,2703.0000,2702.2000,2709.8000,2710.0000,2710.2000,2711.0000,2711.8000,1,1,1,2,1,3,1,1,1,1
SF,IH2012,2020-05-15 09:31:54.200,2708.6000,2636,0,39022680.000,0,-,-,-,-,2707.6000,2707.4000,2707.2000,2706.0000,2703.0000,2709.6000,2709.8000,2710.2000,2711.0000,2711.8000,1,2,1,1,2,1,3,1,1,1
SF,IH2012,2020-05-15 09:31:54.700,2708.6000,2636,0,39022680.000,0,-,-,-,-,2707.8000,2707.6000,2707.4000,2707.2000,2706.0000,2709.6000,2709.8000,2710.2000,2711.0000,2711.8000,1,1,1,1,1,1,3,1,1,1
SF,IH2012,2020-05-15 09:31:55.200,2708.6000,2636,0,39022680.000,0,-,-,-,-,2708.0000,2707.8000,2707.4000,2707.2000,2706.0000,2709.8000,2710.2000,2711.0000,2711.8000,2713.8000,1,1,1,1,1,3,1,1,1,1
SF,IH2012,2020-05-15 09:31:55.700,2708.6000,2636,0,39022680.000,0,-,-,-,-,2708.2000,2708.0000,2707.2000,2706.0000,2703.0000,2709.8000,2710.2000,2711.0000,2711.8000,2713.8000,1,1,1,1,2,3,1,1,1,1
SF,IH2012,2020-05-15 09:31:58.200,2708.6000,2636,0,39022680.000,0,-,-,-,-,2708.2000,2708.0000,2707.2000,2706.0000,2703.0000,2709.8000,2710.2000,2711.0000,2711.8000,2713.8000,1,1,1,1,2,3,1,1,1,1
SF,IH2012,2020-05-15 09:31:59.200,2708.6000,2636,0,39022680.000,0,-,-,-,-,2708.2000,2708.0000,2707.2000,2706.0000,2703.0000,2709.4000,2710.2000,2711.0000,2711.8000,2713.8000,1,1,1,1,2,3,1,1,1,1
SF,IH2012,2020-05-15 09:31:59.700,2708.6000,2636,0,39022680.000,0,-,-,-,-,2708.2000,2708.0000,2707.2000,2706.0000,2703.0000,2709.4000,2710.2000,2711.0000,2713.8000,2715.0000,1,1,1,1,2,3,1,1,1,1
SF,IH2012,2020-05-15 09:32:00.200,2708.6000,2636,0,39022680.000,0,-,-,-,-,2708.2000,2708.0000,2707.2000,2706.0000,2703.0000,2709.4000,2710.2000,2711.0000,2713.8000,2715.0000,1,1,1,1,2,3,1,1,1,1
SF,IH2012,2020-05-15 09:32:00.700,2708.6000,2636,0,39022680.000,0,-,-,-,-,2708.0000,2707.2000,2706.0000,2703.0000,2702.2000,2709.4000,2710.2000,2711.0000,2713.8000,2715.0000,1,1,1,2,1,3,1,1,1,1
SF,IH2012,2020-05-15 09:32:01.200,2708.6000,2636,0,39022680.000,0,-,-,-,-,2708.2000,2708.0000,2707.2000,2706.0000,2703.0000,2709.4000,2710.2000,2711.0000,2713.8000,2715.0000,1,1,1,1,2,3,1,1,1,1
SF,IH2012,2020-05-15 09:32:01.700,2708.6000,2636,0,39022680.000,0,-,-,-,-,2708.4000,2708.2000,2708.0000,2707.2000,2706.0000,2709.4000,2710.2000,2711.0000,2713.8000,2715.0000,1,1,1,1,1,3,1,1,1,1
SF,IH2012,2020-05-15 09:32:03.700,2708.6000,2636,0,39022680.000,0,-,-,-,-,2708.4000,2708.0000,2707.2000,2706.0000,2703.0000,2709.4000,2710.2000,2711.0000,2713.8000,2715.0000,1,1,1,1,2,3,1,1,1,1
SF,IH2012,2020-05-15 09:32:06.200,2708.6000,2636,0,39022680.000,0,-,-,-,-,2708.6000,2708.4000,2708.0000,2707.2000,2706.0000,2709.4000,2710.2000,2711.0000,2713.8000,2715.0000,1,1,1,1,1,3,1,1,1,1
SF,IH2012,2020-05-15 09:32:07.700,2709.4000,2634,-2,40648320.000,2,0,2,双平,S,2708.6000,2708.4000,2708.0000,2707.2000,2706.0000,2709.0000,2709.4000,2710.2000,2713.8000,2715.0000,1,1,1,1,1,2,1,1,1,1
SF,IH2012,2020-05-15 09:32:08.200,2709.2000,2632,-2,42273840.000,2,0,2,双平,S,2708.6000,2708.4000,2707.2000,2706.0000,2703.0000,2709.4000,2710.2000,2713.8000,2715.0000,2718.6000,1,1,1,1,2,1,1,1,1,1
SF,IH2012,2020-05-15 09:32:08.700,2709.2000,2632,0,42273840.000,0,-,-,-,-,2708.6000,2708.4000,2707.2000,2706.0000,2703.0000,2709.4000,2710.2000,2711.2000,2713.8000,2715.0000,1,1,1,1,2,1,1,1,1,1
SF,IH2012,2020-05-15 09:32:12.700,2709.4000,2631,-1,43086660.000,1,0,1,双平,S,2708.6000,2708.4000,2707.2000,2706.0000,2703.0000,2710.2000,2711.2000,2713.8000,2715.0000,2718.6000,1,1,1,1,2,1,1,1,1,1
SF,IH2012,2020-05-15 09:32:13.200,2709.4000,2631,0,43086660.000,0,-,-,-,-,2708.8000,2708.6000,2707.2000,2706.0000,2703.0000,2710.2000,2711.2000,2712.2000,2713.8000,2715.0000,1,1,1,1,2,1,1,1,1,1
SF,IH2012,2020-05-15 09:32:13.700,2709.4000,2631,0,43086660.000,0,-,-,-,-,2708.8000,2707.2000,2706.0000,2703.0000,2702.2000,2710.2000,2711.2000,2712.2000,2713.8000,2715.0000,1,1,1,2,1,1,1,1,1,1
SF,IH2012,2020-05-15 09:32:14.700,2709.4000,2631,0,43086660.000,0,-,-,-,-,2708.8000,2707.2000,2706.0000,2703.0000,2702.2000,2710.0000,2710.2000,2711.2000,2712.2000,2713.8000,1,1,1,2,1,1,1,1,1,1
SF,IH2012,2020-05-15 09:32:16.700,2709.4000,2631,0,43086660.000,0,-,-,-,-,2708.8000,2707.2000,2706.0000,2703.0000,2702.2000,2710.2000,2711.2000,2712.2000,2713.8000,2715.0000,1,1,1,2,1,1,1,1,1,1
SF,IH2012,2020-05-15 09:32:18.200,2709.4000,2631,0,43086660.000,0,-,-,-,-,2709.0000,2708.8000,2707.2000,2706.0000,2703.0000,2710.2000,2711.2000,2712.2000,2713.8000,2715.0000,1,1,1,1,2,1,1,1,1,1
SF,IH2012,2020-05-15 09:32:20.200,2709.4000,2631,0,43086660.000,0,-,-,-,-,2709.0000,2708.8000,2707.2000,2706.0000,2703.0000,2710.0000,2710.2000,2711.2000,2712.2000,2713.8000,1,1,1,1,2,3,1,1,1,1
SF,IH2012,2020-05-15 09:32:21.700,2709.4000,2631,0,43086660.000,0,-,-,-,-,2708.8000,2707.2000,2706.0000,2703.0000,2702.2000,2710.0000,2710.2000,2711.2000,2712.2000,2713.8000,1,1,1,2,1,3,1,1,1,1
SF,IH2012,2020-05-15 09:32:22.200,2709.4000,2631,0,43086660.000,0,-,-,-,-,2708.8000,2707.2000,2706.0000,2703.0000,2702.2000,2709.8000,2710.0000,2710.2000,2711.2000,2712.2000,1,1,1,2,1,1,3,1,1,1
SF,IH2012,2020-05-15 09:32:22.700,2709.4000,2631,0,43086660.000,0,-,-,-,-,2707.2000,2706.0000,2703.0000,2702.2000,2702.0000,2708.8000,2709.6000,2710.0000,2710.2000,2711.2000,1,1,2,1,1,1,1,3,1,1
SF,IH2012,2020-05-15 09:32:23.200,2709.4000,2631,0,43086660.000,0,-,-,-,-,2707.6000,2707.4000,2707.2000,2706.0000,2703.0000,2708.8000,2710.0000,2710.2000,2713.8000,2715.0000,6,2,2,1,2,1,3,1,1,1
SF,IH2012,2020-05-15 09:32:23.700,2708.8000,2630,-1,43899300.000,1,0,1,双平,S,2707.8000,2707.6000,2707.4000,2707.2000,2706.0000,2710.0000,2710.2000,2711.8000,2713.8000,2715.0000,1,1,1,1,1,3,1,1,1,1
SF,IH2012,2020-05-15 09:32:24.200,2708.8000,2630,0,43899300.000,0,-,-,-,-,2707.8000,2707.6000,2707.4000,2707.2000,2706.0000,2709.8000,2710.0000,2710.2000,2711.8000,2713.8000,1,1,1,1,1,1,3,1,1,1
SF,IH2012,2020-05-15 09:32:24.700,2708.8000,2630,0,43899300.000,0,-,-,-,-,2707.8000,2707.6000,2707.2000,2706.0000,2703.0000,2709.8000,2710.0000,2710.2000,2711.8000,2713.8000,1,1,1,1,2,1,3,1,1,1
SF,IH2012,2020-05-15 09:32:25.700,2708.8000,2630,0,43899300.000,0,-,-,-,-,2708.2000,2707.8000,2707.2000,2706.0000,2703.0000,2709.8000,2710.0000,2710.2000,2711.8000,2713.8000,6,2,1,1,2,1,3,1,1,1
SF,IH2012,2020-05-15 09:32:26.200,2708.8000,2630,0,43899300.000,0,-,-,-,-,2708.4000,2708.2000,2708.0000,2707.2000,2706.0000,2709.8000,2710.0000,2710.2000,2711.8000,2713.8000,1,1,1,1,1,1,3,1,1,1
SF,IH2012,2020-05-15 09:32:26.700,2708.8000,2630,0,43899300.000,0,-,-,-,-,2708.6000,2708.4000,2708.0000,2707.2000,2706.0000,2709.8000,2710.0000,2710.2000,2711.8000,2713.8000,1,1,1,1,1,1,3,1,1,1
SF,IH2012,2020-05-15 09:32:27.200,2708.8000,2630,0,43899300.000,0,-,-,-,-,2708.6000,2708.4000,2708.0000,2707.2000,2706.0000,2709.8000,2710.0000,2710.2000,2711.8000,2713.8000,2,1,1,1,1,1,3,1,1,1
SF,IH2012,2020-05-15 09:32:27.700,2708.8000,2630,0,43899300.000,0,-,-,-,-,2708.6000,2708.4000,2708.0000,2707.2000,2706.0000,2710.0000,2710.2000,2711.8000,2713.8000,2715.0000,2,1,1,1,1,3,1,1,1,1
SF,IH2012,2020-05-15 09:32:28.200,2708.8000,2630,0,43899300.000,0,-,-,-,-,2708.8000,2708.6000,2708.0000,2707.2000,2706.0000,2710.0000,2710.2000,2711.8000,2713.8000,2715.0000,2,1,1,1,1,3,1,1,1,1
SF,IH2012,2020-05-15 09:32:28.700,2708.8000,2630,0,43899300.000,0,-,-,-,-,2708.8000,2708.6000,2707.2000,2706.0000,2703.0000,2710.0000,2710.2000,2711.8000,2713.8000,2715.0000,2,1,1,1,2,3,1,1,1,1
SF,IH2012,2020-05-15 09:32:29.200,2708.8000,2630,0,43899300.000,0,-,-,-,-,2708.8000,2707.2000,2706.0000,2703.0000,2702.2000,2710.0000,2710.2000,2711.8000,2713.8000,2715.0000,2,1,1,2,1,3,1,1,1,1
SF,IH2012,2020-05-15 09:32:33.700,2708.8000,2630,0,43899300.000,0,-,-,-,-,2709.0000,2708.8000,2707.2000,2706.0000,2703.0000,2710.0000,2710.2000,2711.8000,2713.8000,2715.0000,1,2,1,1,2,3,1,1,1,1
SF,IH2012,2020-05-15 09:32:34.200,2708.8000,2630,0,43899300.000,0,-,-,-,-,2709.2000,2709.0000,2708.8000,2707.2000,2706.0000,2710.0000,2710.2000,2711.8000,2713.8000,2715.0000,1,1,1,1,1,3,1,1,1,1
SF,IH2012,2020-05-15 09:32:35.700,2708.8000,2630,0,43899300.000,0,-,-,-,-,2709.2000,2708.8000,2707.2000,2706.0000,2703.0000,2710.0000,2710.2000,2711.8000,2713.8000,2715.0000,1,1,1,1,2,3,1,1,1,1
SF,IH2012,2020-05-15 09:32:36.700,2710.0000,2627,-3,46337700.000,3,0,3,双平,S,2707.2000,2706.0000,2703.0000,2702.2000,2702.0000,2710.0000,2710.2000,2711.8000,2713.8000,2715.0000,1,1,2,1,1,2,1,1,1,1
SF,IH2012,2020-05-15 09:32:37.200,2710.0000,2627,0,46337700.000,0,-,-,-,-,2707.6000,2707.4000,2707.2000,2706.0000,2703.0000,2709.8000,2710.0000,2710.2000,2711.8000,2713.8000,6,2,1,1,2,1,2,1,1,1
SF,IH2012,2020-05-15 09:32:37.700,2710.0000,2627,0,46337700.000,0,-,-,-,-,2707.8000,2707.6000,2707.4000,2707.2000,2706.0000,2709.8000,2710.0000,2710.2000,2711.8000,2713.8000,1,6,1,1,1,1,2,1,1,1
SF,IH2012,2020-05-15 09:32:38.700,2710.0000,2627,0,46337700.000,0,-,-,-,-,2708.0000,2707.8000,2707.4000,2707.2000,2706.0000,2709.8000,2710.0000,2710.2000,2711.8000,2713.8000,6,1,1,1,1,1,2,1,1,1
SF,IH2012,2020-05-15 09:32:39.200,2710.0000,2627,0,46337700.000,0,-,-,-,-,2708.2000,2708.0000,2707.4000,2707.2000,2706.0000,2709.8000,2710.0000,2710.2000,2711.8000,2713.8000,1,6,1,1,1,1,2,1,1,1
SF,IH2012,2020-05-15 09:32:39.700,2710.0000,2627,0,46337700.000,0,-,-,-,-,2708.2000,2707.4000,2707.2000,2706.0000,2703.0000,2709.8000,2710.0000,2710.2000,2711.8000,2713.8000,2,1,1,1,2,1,2,1,1,1
SF,IH2012,2020-05-15 09:32:40.700,2710.0000,2627,0,46337700.000,0,-,-,-,-,2708.2000,2707.4000,2707.2000,2706.0000,2703.0000,2709.8000,2710.0000,2710.2000,2711.8000,2713.8000,2,1,1,1,2,2,2,1,1,1
SF,IH2012,2020-05-15 09:32:43.700,2710.0000,2627,0,46337700.000,0,-,-,-,-,2708.2000,2707.4000,2707.2000,2706.0000,2703.0000,2709.8000,2710.0000,2710.2000,2711.8000,2713.8000,2,1,1,1,2,2,2,1,1,1
SF,IH2012,2020-05-15 09:32:44.200,2710.0000,2627,0,46337700.000,0,-,-,-,-,2708.4000,2708.2000,2707.4000,2707.2000,2706.0000,2709.8000,2710.0000,2710.2000,2711.8000,2713.8000,1,2,1,1,1,1,2,1,1,1
SF,IH2012,2020-05-15 09:32:44.700,2710.0000,2627,0,46337700.000,0,-,-,-,-,2708.6000,2708.4000,2708.2000,2707.4000,2707.2000,2709.8000,2710.0000,2710.2000,2711.8000,2713.8000,1,1,2,1,1,1,2,1,1,1
SF,IH2012,2020-05-15 09:32:48.200,2710.0000,2627,0,46337700.000,0,-,-,-,-,2708.6000,2708.4000,2708.2000,2707.4000,2707.2000,2709.8000,2710.0000,2710.2000,2711.8000,2713.8000,1,1,2,1,1,2,2,1,1,1
SF,IH2012,2020-05-15 09:32:48.700,2710.0000,2627,0,46337700.000,0,-,-,-,-,2708.6000,2708.2000,2707.4000,2707.2000,2706.0000,2709.8000,2710.0000,2710.2000,2711.8000,2713.8000,1,2,1,1,1,2,2,1,1,1
SF,IH2012,2020-05-15 09:32:53.200,2710.0000,2627,0,46337700.000,0,-,-,-,-,2708.6000,2708.2000,2707.4000,2707.2000,2706.0000,2709.8000,2710.0000,2710.2000,2711.8000,2713.8000,1,2,1,1,1,2,2,1,1,1
SF,IH2012,2020-05-15 09:32:53.700,2710.0000,2627,0,46337700.000,0,-,-,-,-,2708.6000,2708.2000,2707.4000,2707.2000,2706.0000,2709.8000,2710.0000,2710.2000,2711.8000,2713.8000,1,2,1,1,1,1,2,1,1,1
SF,IH2012,2020-05-15 09:32:54.200,2710.0000,2627,0,46337700.000,0,-,-,-,-,2708.6000,2708.2000,2707.4000,2707.2000,2706.0000,2709.8000,2710.0000,2710.2000,2711.8000,2713.8000,1,2,1,1,1,1,3,1,1,1
SF,IH2012,2020-05-15 09:32:56.200,2710.0000,2627,0,46337700.000,0,-,-,-,-,2708.6000,2708.2000,2707.4000,2707.2000,2706.0000,2709.0000,2709.8000,2710.0000,2710.2000,2711.8000,1,2,1,1,1,1,1,3,1,1
SF,IH2012,2020-05-15 09:32:56.700,2709.0000,2627,0,47150400.000,1,0,1,多换,S,2708.6000,2708.2000,2707.4000,2707.2000,2706.0000,2709.8000,2710.0000,2710.2000,2713.8000,2715.0000,1,2,1,1,1,1,3,1,1,1
SF,IH2012,2020-05-15 09:32:57.200,2709.0000,2627,0,47150400.000,0,-,-,-,-,2708.6000,2708.2000,2707.2000,2706.0000,2703.0000,2709.8000,2710.0000,2710.2000,2711.2000,2713.8000,1,2,1,1,2,1,3,1,1,1
SF,IH2012,2020-05-15 09:32:58.700,2709.0000,2627,0,47150400.000,0,-,-,-,-,2708.6000,2707.2000,2706.0000,2703.0000,2702.2000,2709.8000,2710.0000,2710.2000,2711.2000,2713.8000,1,1,1,2,1,1,3,1,1,1
SF,IH2012,2020-05-15 09:32:59.200,2709.0000,2627,0,47150400.000,0,-,-,-,-,2707.2000,2706.0000,2703.0000,2702.2000,2702.0000,2709.8000,2710.0000,2710.2000,2711.2000,2713.8000,1,1,2,1,1,1,3,1,1,1
SF,IH2012,2020-05-15 09:32:59.700,2709.0000,2627,0,47150400.000,0,-,-,-,-,2707.4000,2707.2000,2706.0000,2703.0000,2702.2000,2709.8000,2710.0000,2710.2000,2711.2000,2713.8000,1,1,1,2,1,2,3,1,1,1
SF,IH2012,2020-05-15 09:33:00.200,2709.0000,2627,0,47150400.000,0,-,-,-,-,2707.4000,2707.2000,2706.0000,2703.0000,2702.2000,2709.8000,2710.0000,2710.2000,2711.2000,2713.8000,8,1,1,2,1,1,3,1,1,1
SF,IH2012,2020-05-15 09:33:02.200,2709.8000,2626,-1,47963340.000,1,0,1,双平,S,2707.4000,2707.2000,2706.0000,2703.0000,2702.2000,2710.0000,2710.2000,2711.2000,2713.8000,2715.0000,8,1,1,2,1,3,1,1,1,1
SF,IH2012,2020-05-15 09:33:03.700,2709.8000,2626,0,47963340.000,0,-,-,-,-,2707.4000,2707.2000,2707.0000,2706.0000,2703.0000,2710.0000,2710.2000,2711.2000,2713.8000,2715.0000,8,1,1,1,2,3,1,1,1,1
SF,IH2012,2020-05-15 09:33:04.200,2709.8000,2626,0,47963340.000,0,-,-,-,-,2707.4000,2707.2000,2707.0000,2706.0000,2703.0000,2709.8000,2710.0000,2710.2000,2711.2000,2713.8000,8,1,1,1,2,1,3,1,1,1
SF,IH2012,2020-05-15 09:33:04.700,2709.8000,2626,0,47963340.000,0,-,-,-,-,2707.4000,2707.2000,2707.0000,2706.0000,2703.0000,2709.8000,2710.0000,2710.2000,2711.2000,2713.8000,7,1,1,1,2,1,3,1,1,1
SF,IH2012,2020-05-15 09:33:06.200,2709.8000,2626,0,47963340.000,0,-,-,-,-,2707.4000,2707.2000,2707.0000,2706.0000,2703.0000,2709.8000,2710.0000,2710.2000,2711.2000,2715.0000,7,1,1,1,2,1,3,1,1,1
SF,IH2012,2020-05-15 09:33:07.200,2709.8000,2626,0,47963340.000,0,-,-,-,-,2707.6000,2707.4000,2707.2000,2707.0000,2706.0000,2709.8000,2710.0000,2710.2000,2711.2000,2715.0000,2,7,1,1,1,1,3,1,1,1
SF,IH2012,2020-05-15 09:33:07.700,2709.8000,2626,0,47963340.000,0,-,-,-,-,2708.0000,2707.8000,2707.6000,2707.2000,2707.0000,2709.8000,2710.0000,2710.2000,2711.2000,2715.0000,6,1,2,1,1,1,3,1,1,1
SF,IH2012,2020-05-15 09:33:08.700,2709.8000,2626,0,47963340.000,0,-,-,-,-,2707.8000,2707.6000,2707.2000,2707.0000,2706.0000,2709.8000,2710.0000,2710.2000,2711.2000,2715.0000,1,2,1,1,1,1,3,1,1,1
SF,IH2012,2020-05-15 09:33:09.200,2709.8000,2626,0,47963340.000,0,-,-,-,-,2707.8000,2707.2000,2707.0000,2706.0000,2703.0000,2709.6000,2709.8000,2710.0000,2710.2000,2711.2000,1,1,1,1,2,1,1,3,1,1
SF,IH2012,2020-05-15 09:33:09.700,2709.8000,2626,0,47963340.000,0,-,-,-,-,2707.8000,2707.2000,2707.0000,2706.0000,2703.0000,2709.4000,2710.0000,2710.2000,2711.2000,2715.0000,1,1,1,1,2,1,3,1,1,1
SF,IH2012,2020-05-15 09:33:10.700,2709.8000,2626,0,47963340.000,0,-,-,-,-,2708.0000,2707.8000,2707.2000,2707.0000,2706.0000,2709.4000,2710.0000,2710.2000,2711.2000,2715.0000,6,1,1,1,1,1,3,1,1,1
SF,IH2012,2020-05-15 09:33:11.200,2709.8000,2626,0,47963340.000,0,-,-,-,-,2707.8000,2707.2000,2707.0000,2706.0000,2703.0000,2709.4000,2710.0000,2710.2000,2711.2000,2715.0000,1,1,1,1,2,1,3,1,1,1
SF,IH2012,2020-05-15 09:33:11.700,2709.8000,2626,0,47963340.000,0,-,-,-,-,2707.8000,2707.2000,2707.0000,2706.0000,2703.0000,2709.2000,2709.4000,2710.0000,2710.2000,2711.2000,1,1,1,1,2,1,1,3,1,1
SF,IH2012,2020-05-15 09:33:12.700,2709.8000,2626,0,47963340.000,0,-,-,-,-,2707.8000,2707.2000,2707.0000,2706.0000,2703.0000,2709.4000,2710.0000,2710.2000,2711.2000,2715.0000,1,1,1,1,2,1,3,1,1,1
SF,IH2012,2020-05-15 09:33:13.200,2709.8000,2626,0,47963340.000,0,-,-,-,-,2707.8000,2707.2000,2707.0000,2706.0000,2703.0000,2709.0000,2709.4000,2710.0000,2710.2000,2711.2000,1,1,1,1,2,1,1,3,1,1
SF,IH2012,2020-05-15 09:33:17.200,2709.0000,2625,-1,48776040.000,1,0,1,双平,S,2707.8000,2707.2000,2707.0000,2706.0000,2703.0000,2709.4000,2710.0000,2710.2000,2711.2000,2715.0000,1,1,1,1,2,1,3,1,1,1
SF,IH2012,2020-05-15 09:33:18.700,2709.0000,2625,0,48776040.000,0,-,-,-,-,2708.0000,2707.8000,2707.2000,2707.0000,2706.0000,2709.4000,2710.0000,2710.2000,2711.2000,2715.0000,1,1,1,1,1,1,3,1,1,1
SF,IH2012,2020-05-15 09:33:19.200,2709.0000,2625,0,48776040.000,0,-,-,-,-,2708.0000,2707.2000,2707.0000,2706.0000,2703.0000,2709.2000,2709.4000,2710.0000,2710.2000,2711.2000,1,1,1,1,2,1,1,3,1,1
SF,IH2012,2020-05-15 09:33:20.200,2709.0000,2625,0,48776040.000,0,-,-,-,-,2708.0000,2707.2000,2707.0000,2706.0000,2703.0000,2709.4000,2710.0000,2710.2000,2711.2000,2715.0000,1,1,1,1,2,1,3,1,1,1
SF,IH2012,2020-05-15 09:33:20.700,2709.0000,2625,0,48776040.000,0,-,-,-,-,2708.2000,2708.0000,2707.2000,2707.0000,2706.0000,2710.0000,2710.2000,2711.2000,2715.0000,2718.6000,2,1,1,1,1,3,1,1,1,1
SF,IH2012,2020-05-15 09:33:21.200,2709.0000,2625,0,48776040.000,0,-,-,-,-,2708.4000,2708.2000,2708.0000,2707.2000,2707.0000,2709.8000,2710.0000,2710.2000,2711.2000,2715.0000,1,2,1,1,1,1,3,1,1,1
SF,IH2012,2020-05-15 09:33:21.700,2709.0000,2625,0,48776040.000,0,-,-,-,-,2708.4000,2708.2000,2708.0000,2707.2000,2707.0000,2709.8000,2710.0000,2710.2000,2711.2000,2715.0000,1,1,1,1,1,1,3,1,1,1
SF,IH2012,2020-05-15 09:33:22.200,2709.0000,2625,0,48776040.000,0,-,-,-,-,2708.4000,2708.2000,2708.0000,2707.2000,2707.0000,2709.8000,2710.0000,2710.2000,2711.2000,2715.0000,1,1,1,1,1,1,3,1,1,1
SF,IH2012,2020-05-15 09:33:22.700,2709.0000,2625,0,48776040.000,0,-,-,-,-,2708.4000,2708.2000,2708.0000,2707.2000,2707.0000,2709.6000,2709.8000,2710.0000,2710.2000,2711.2000,1,1,1,1,1,1,1,3,1,1
SF,IH2012,2020-05-15 09:33:23.200,2709.0000,2625,0,48776040.000,0,-,-,-,-,2708.2000,2708.0000,2707.2000,2707.0000,2706.0000,2709.6000,2709.8000,2710.0000,2710.2000,2711.2000,1,1,1,1,1,1,1,3,1,1
SF,IH2012,2020-05-15 09:33:23.700,2709.0000,2625,0,48776040.000,0,-,-,-,-,2708.2000,2708.0000,2707.2000,2707.0000,2706.0000,2709.8000,2710.0000,2710.2000,2711.2000,2715.0000,1,1,1,1,1,1,3,1,1,1
SF,IH2012,2020-05-15 09:33:25.200,2709.0000,2625,0,48776040.000,0,-,-,-,-,2708.4000,2708.2000,2708.0000,2707.2000,2707.0000,2709.8000,2710.0000,2710.2000,2711.2000,2715.0000,6,1,1,1,1,1,3,1,1,1
SF,IH2012,2020-05-15 09:33:25.700,2709.0000,2625,0,48776040.000,0,-,-,-,-,2708.2000,2708.0000,2707.2000,2707.0000,2706.0000,2709.8000,2710.0000,2710.2000,2711.2000,2715.0000,1,1,1,1,1,1,3,1,1,1
SF,IH2012,2020-05-15 09:33:26.200,2709.0000,2625,0,48776040.000,0,-,-,-,-,2708.6000,2708.2000,2708.0000,2707.2000,2707.0000,2709.8000,2710.0000,2710.2000,2711.2000,2715.0000,1,1,1,1,1,1,3,1,1,1
SF,IH2012,2020-05-15 09:33:27.200,2709.0000,2625,0,48776040.000,0,-,-,-,-,2708.2000,2708.0000,2707.2000,2707.0000,2706.0000,2709.8000,2710.0000,2710.2000,2711.2000,2715.0000,1,1,1,1,1,1,3,1,1,1
SF,IH2012,2020-05-15 09:33:30.200,2709.0000,2625,0,48776040.000,0,-,-,-,-,2708.2000,2708.0000,2707.2000,2707.0000,2706.0000,2709.8000,2710.0000,2710.2000,2711.2000,2715.0000,1,1,1,1,1,1,3,1,1,1
SF,IH2012,2020-05-15 09:33:50.700,2709.8000,2625,0,49588980.000,1,0,1,多换,S,2709.8000,2708.2000,2708.0000,2707.2000,2707.0000,2710.0000,2710.2000,2711.2000,2715.0000,2718.6000,1,1,1,1,1,3,1,1,1,1
SF,IH2012,2020-05-15 09:33:51.200,2709.8000,2625,0,50401920.000,1,0,1,多换,S,2708.2000,2708.0000,2707.2000,2707.0000,2706.0000,2709.6000,2710.0000,2710.2000,2711.2000,2715.0000,2,1,1,1,1,1,3,1,1,1
SF,IH2012,2020-05-15 09:33:51.700,2709.8000,2625,0,50401920.000,0,-,-,-,-,2708.4000,2708.2000,2708.0000,2707.2000,2707.0000,2709.6000,2710.0000,2710.2000,2711.2000,2715.0000,1,1,1,1,1,1,3,1,1,1
SF,IH2012,2020-05-15 09:33:52.200,2709.8000,2625,0,50401920.000,0,-,-,-,-,2708.6000,2708.4000,2708.0000,2707.2000,2707.0000,2709.6000,2710.0000,2710.2000,2711.2000,2715.0000,1,1,1,1,1,1,3,1,1,1
SF,IH2012,2020-05-15 09:33:53.200,2709.8000,2625,0,50401920.000,0,-,-,-,-,2708.6000,2708.0000,2707.2000,2707.0000,2706.0000,2709.6000,2710.0000,2710.2000,2711.2000,2715.0000,1,1,1,1,1,1,3,1,1,1
SF,IH2012,2020-05-15 09:33:54.200,2709.8000,2625,0,50401920.000,0,-,-,-,-,2708.8000,2708.6000,2708.0000,2707.2000,2707.0000,2709.6000,2710.0000,2710.2000,2711.2000,2715.0000,1,1,1,1,1,1,3,1,1,1
SF,IH2012,2020-05-15 09:33:56.700,2709.8000,2625,0,50401920.000,0,-,-,-,-,2708.8000,2708.6000,2708.0000,2707.2000,2707.0000,2709.6000,2710.0000,2710.2000,2711.2000,2715.0000,1,1,1,1,1,1,3,1,1,1
SF,IH2012,2020-05-15 09:33:57.200,2709.8000,2625,0,50401920.000,0,-,-,-,-,2708.6000,2708.0000,2707.2000,2707.0000,2706.0000,2709.6000,2710.0000,2710.2000,2711.2000,2715.0000,1,1,1,1,1,1,3,1,1,1
SF,IH2012,2020-05-15 09:33:57.700,2709.8000,2625,0,50401920.000,0,-,-,-,-,2708.8000,2708.6000,2708.0000,2707.2000,2707.0000,2709.6000,2710.0000,2710.2000,2711.2000,2715.0000,1,1,1,1,1,1,3,1,1,1
SF,IH2012,2020-05-15 09:33:58.700,2709.8000,2625,0,50401920.000,0,-,-,-,-,2709.0000,2708.8000,2708.6000,2708.0000,2707.2000,2709.6000,2710.0000,2710.2000,2711.2000,2715.0000,1,1,1,1,1,1,3,1,1,1
SF,IH2012,2020-05-15 09:34:00.700,2709.8000,2625,0,50401920.000,0,-,-,-,-,2709.0000,2708.6000,2708.0000,2707.2000,2707.0000,2709.6000,2710.0000,2710.2000,2711.2000,2715.0000,1,1,1,1,1,1,3,1,1,1
SF,IH2012,2020-05-15 09:34:01.200,2709.0000,2624,-1,51214620.000,1,0,1,双平,S,2708.6000,2708.0000,2707.2000,2707.0000,2706.0000,2709.0000,2709.4000,2709.6000,2710.0000,2710.2000,1,1,1,1,1,1,1,1,3,1
SF,IH2012,2020-05-15 09:34:02.200,2708.6000,2623,-1,52027200.000,1,0,1,双平,S,2708.0000,2707.2000,2707.0000,2706.0000,2703.0000,2709.0000,2709.4000,2709.6000,2710.0000,2710.2000,1,1,1,1,2,1,1,1,3,1
SF,IH2012,2020-05-15 09:34:02.700,2708.6000,2623,0,52027200.000,0,-,-,-,-,2708.0000,2707.2000,2707.0000,2706.0000,2703.0000,2708.8000,2709.0000,2709.6000,2710.0000,2710.2000,1,1,1,1,2,1,1,1,3,1
SF,IH2012,2020-05-15 09:34:03.200,2708.6000,2623,0,52027200.000,0,-,-,-,-,2708.0000,2707.2000,2707.0000,2706.0000,2703.0000,2708.8000,2709.0000,2709.6000,2710.0000,2710.2000,1,1,1,1,2,1,1,1,3,1
SF,IH2012,2020-05-15 09:34:04.200,2708.8000,2623,0,52839840.000,1,0,1,多换,S,2708.0000,2707.2000,2707.0000,2706.0000,2703.0000,2709.0000,2709.6000,2710.0000,2710.2000,2715.0000,1,1,1,1,2,1,1,3,1,1
SF,IH2012,2020-05-15 09:34:04.700,2708.0000,2623,0,53652240.000,1,0,1,多换,S,2707.2000,2707.0000,2706.0000,2703.0000,2702.0000,2709.0000,2709.6000,2710.0000,2710.2000,2711.0000,1,1,1,2,1,1,1,3,1,1
SF,IH2012,2020-05-15 09:34:05.200,2708.0000,2623,0,53652240.000,0,-,-,-,-,2707.4000,2707.2000,2707.0000,2706.0000,2703.0000,2708.8000,2709.0000,2709.6000,2710.0000,2710.2000,2,1,1,1,2,1,1,1,3,1
SF,IH2012,2020-05-15 09:34:05.700,2708.0000,2623,0,53652240.000,0,-,-,-,-,2707.4000,2707.2000,2707.0000,2706.0000,2703.0000,2708.8000,2709.0000,2709.6000,2710.0000,2710.2000,8,1,1,1,2,1,1,1,3,1
SF,IH2012,2020-05-15 09:34:06.700,2708.0000,2623,0,53652240.000,0,-,-,-,-,2707.4000,2707.2000,2707.0000,2706.0000,2703.0000,2708.8000,2709.0000,2709.6000,2710.0000,2710.2000,2,1,1,1,2,1,1,1,3,1
SF,IH2012,2020-05-15 09:34:07.200,2708.0000,2623,0,53652240.000,0,-,-,-,-,2707.4000,2707.2000,2707.0000,2706.0000,2703.0000,2709.0000,2709.6000,2710.0000,2710.2000,2711.0000,1,1,1,1,2,1,1,3,1,1
SF,IH2012,2020-05-15 09:34:07.700,2708.0000,2623,0,53652240.000,0,-,-,-,-,2708.0000,2707.6000,2707.4000,2707.2000,2707.0000,2709.0000,2709.6000,2710.0000,2710.2000,2711.0000,1,7,1,1,1,1,1,3,1,1
SF,IH2012,2020-05-15 09:34:08.200,2708.0000,2623,0,53652240.000,0,-,-,-,-,2708.0000,2707.6000,2707.4000,2707.2000,2707.0000,2709.6000,2710.0000,2710.2000,2711.0000,2715.0000,1,1,1,1,1,1,3,1,1,1
SF,IH2012,2020-05-15 09:34:08.700,2708.0000,2623,0,53652240.000,0,-,-,-,-,2708.2000,2708.0000,2707.4000,2707.2000,2707.0000,2709.6000,2710.0000,2710.2000,2711.0000,2715.0000,1,1,1,1,1,1,3,1,1,1
SF,IH2012,2020-05-15 09:34:09.200,2708.0000,2623,0,53652240.000,0,-,-,-,-,2708.0000,2707.4000,2707.2000,2707.0000,2706.0000,2709.4000,2709.6000,2710.0000,2710.2000,2711.0000,1,1,1,1,1,1,1,3,1,1
SF,IH2012,2020-05-15 09:34:10.200,2708.0000,2623,0,53652240.000,0,-,-,-,-,2708.0000,2707.4000,2707.2000,2707.0000,2706.0000,2709.2000,2709.6000,2710.0000,2710.2000,2711.0000,1,1,1,1,1,1,1,3,1,1
SF,IH2012,2020-05-15 09:34:11.200,2708.0000,2623,0,54464640.000,1,0,1,多换,S,2707.4000,2707.2000,2707.0000,2706.0000,2703.0000,2709.2000,2709.6000,2710.0000,2710.2000,2711.0000,1,1,1,1,2,1,1,3,1,1
SF,IH2012,2020-05-15 09:34:11.700,2708.0000,2623,0,54464640.000,0,-,-,-,-,2707.6000,2707.4000,2707.2000,2707.0000,2706.0000,2709.0000,2709.6000,2710.0000,2710.2000,2711.0000,1,1,1,1,1,2,1,3,1,1
SF,IH2012,2020-05-15 09:34:12.200,2708.0000,2623,0,54464640.000,0,-,-,-,-,2707.6000,2707.4000,2707.2000,2707.0000,2706.0000,2708.8000,2709.0000,2709.6000,2710.0000,2710.2000,1,1,1,1,1,1,1,1,3,1
SF,IH2012,2020-05-15 09:34:12.700,2708.0000,2623,0,54464640.000,0,-,-,-,-,2707.4000,2707.2000,2707.0000,2706.0000,2703.0000,2708.8000,2709.0000,2709.6000,2710.0000,2710.2000,1,1,1,1,2,1,1,1,3,1
SF,IH2012,2020-05-15 09:34:13.700,2708.0000,2623,0,54464640.000,0,-,-,-,-,2707.8000,2707.6000,2707.4000,2707.2000,2707.0000,2709.0000,2709.6000,2710.0000,2710.2000,2711.0000,6,1,1,1,1,1,1,3,1,1
SF,IH2012,2020-05-15 09:34:14.200,2708.0000,2623,0,54464640.000,0,-,-,-,-,2707.6000,2707.4000,2707.2000,2707.0000,2706.0000,2709.0000,2709.6000,2710.0000,2710.2000,2711.0000,1,1,1,1,1,1,1,3,1,1
SF,IH2012,2020-05-15 09:34:16.200,2708.0000,2623,0,54464640.000,0,-,-,-,-,2707.4000,2707.2000,2707.0000,2706.0000,2703.0000,2709.0000,2709.6000,2710.0000,2710.2000,2711.0000,1,1,1,1,2,1,1,3,1,1
SF,IH2012,2020-05-15 09:34:21.200,2708.0000,2623,0,54464640.000,0,-,-,-,-,2707.4000,2707.2000,2707.0000,2706.0000,2703.0000,2708.6000,2709.0000,2709.6000,2710.0000,2710.2000,1,1,1,1,2,1,1,1,3,1
SF,IH2012,2020-05-15 09:34:21.700,2708.0000,2623,0,54464640.000,0,-,-,-,-,2707.4000,2707.2000,2707.0000,2706.0000,2703.0000,2708.6000,2709.0000,2709.6000,2710.0000,2710.2000,1,2,1,1,2,1,1,1,3,1
SF,IH2012,2020-05-15 09:34:22.200,2708.0000,2623,0,54464640.000,0,-,-,-,-,2707.6000,2707.4000,2707.2000,2707.0000,2706.0000,2708.6000,2709.0000,2709.6000,2710.0000,2710.2000,1,1,2,1,1,1,1,1,3,1
SF,IH2012,2020-05-15 09:34:25.700,2708.0000,2623,0,54464640.000,0,-,-,-,-,2707.6000,2707.4000,2707.2000,2707.0000,2706.0000,2708.4000,2708.6000,2709.0000,2709.6000,2710.0000,1,1,2,1,1,1,1,1,1,3
SF,IH2012,2020-05-15 09:34:27.700,2707.6000,2622,-1,55276920.000,1,0,1,双平,S,2707.4000,2707.2000,2707.0000,2706.0000,2703.0000,2708.4000,2708.6000,2709.0000,2709.6000,2710.0000,1,2,1,1,2,1,1,1,1,3
SF,IH2012,2020-05-15 09:34:28.200,2707.6000,2622,0,55276920.000,0,-,-,-,-,2707.2000,2707.0000,2706.0000,2703.0000,2702.0000,2708.4000,2708.6000,2709.0000,2709.6000,2710.0000,2,1,1,2,1,1,1,1,1,3
SF,IH2012,2020-05-15 09:34:28.700,2707.6000,2622,0,55276920.000,0,-,-,-,-,2707.2000,2707.0000,2706.0000,2703.0000,2702.0000,2708.6000,2709.0000,2709.6000,2710.0000,2710.2000,2,1,1,2,1,1,1,1,3,1
SF,IH2012,2020-05-15 09:34:30.200,2707.6000,2622,0,55276920.000,0,-,-,-,-,2707.2000,2707.0000,2706.0000,2703.0000,2702.0000,2708.4000,2708.6000,2709.0000,2709.6000,2710.0000,2,1,1,2,1,1,1,1,1,3
SF,IH2012,2020-05-15 09:34:32.700,2707.6000,2622,0,55276920.000,0,-,-,-,-,2707.2000,2707.0000,2706.0000,2705.0000,2703.0000,2708.4000,2708.6000,2709.0000,2709.6000,2710.0000,2,1,1,2,2,1,1,1,1,3
SF,IH2012,2020-05-15 09:34:35.700,2707.2000,2622,0,56089080.000,1,0,1,多换,S,2707.2000,2707.0000,2706.0000,2705.0000,2703.0000,2708.4000,2708.6000,2709.0000,2709.6000,2710.0000,1,1,1,2,2,1,1,1,1,3
SF,IH2012,2020-05-15 09:34:36.200,2707.2000,2622,0,56089080.000,0,-,-,-,-,2707.2000,2707.0000,2706.0000,2705.0000,2703.0000,2708.2000,2708.4000,2708.6000,2709.6000,2710.0000,1,1,1,2,2,1,1,1,1,3
SF,IH2012,2020-05-15 09:34:36.700,2707.2000,2622,0,56901240.000,1,0,1,多换,S,2707.0000,2706.0000,2705.0000,2703.0000,2702.0000,2708.0000,2708.2000,2708.6000,2709.6000,2710.0000,1,1,2,2,1,1,1,1,1,3
SF,IH2012,2020-05-15 09:34:37.200,2707.0000,2622,0,57713340.000,1,0,1,多换,S,2706.0000,2705.0000,2703.0000,2702.0000,2701.0000,2707.8000,2708.6000,2709.6000,2710.0000,2710.2000,1,2,2,1,1,2,1,1,3,1
SF,IH2012,2020-05-15 09:34:37.700,2707.0000,2622,0,57713340.000,0,-,-,-,-,2706.2000,2706.0000,2705.0000,2703.0000,2702.0000,2707.8000,2708.6000,2709.6000,2710.0000,2713.8000,1,1,2,2,1,2,1,1,3,1
SF,IH2012,2020-05-15 09:34:39.200,2707.0000,2622,0,57713340.000,0,-,-,-,-,2706.4000,2706.2000,2706.0000,2705.0000,2703.0000,2707.8000,2708.6000,2709.6000,2710.0000,2713.8000,1,1,1,2,2,2,1,1,3,1
SF,IH2012,2020-05-15 09:34:39.700,2707.0000,2622,0,57713340.000,0,-,-,-,-,2706.4000,2706.2000,2706.0000,2705.0000,2703.0000,2707.8000,2708.4000,2708.6000,2709.6000,2710.0000,1,1,1,2,2,2,1,1,1,3
SF,IH2012,2020-05-15 09:34:40.200,2707.0000,2622,0,57713340.000,0,-,-,-,-,2706.4000,2706.0000,2705.0000,2703.0000,2702.0000,2707.6000,2707.8000,2708.4000,2708.6000,2709.6000,1,1,2,2,1,1,1,1,1,1
SF,IH2012,2020-05-15 09:34:42.200,2707.0000,2622,0,57713340.000,0,-,-,-,-,2706.4000,2706.0000,2705.0000,2703.0000,2702.0000,2707.8000,2708.4000,2708.6000,2709.6000,2710.0000,1,1,2,2,1,1,1,1,1,3
SF,IH2012,2020-05-15 09:34:43.200,2707.0000,2622,0,57713340.000,0,-,-,-,-,2706.0000,2705.0000,2703.0000,2702.0000,2701.0000,2707.8000,2708.4000,2708.6000,2709.6000,2710.0000,1,2,2,1,1,1,1,1,1,3
SF,IH2012,2020-05-15 09:34:43.700,2707.0000,2622,0,57713340.000,0,-,-,-,-,2706.2000,2706.0000,2705.0000,2703.0000,2702.0000,2707.8000,2708.4000,2708.6000,2709.6000,2710.0000,1,1,2,2,1,1,1,1,1,3
SF,IH2012,2020-05-15 09:34:44.200,2707.0000,2622,0,57713340.000,0,-,-,-,-,2706.6000,2706.4000,2706.2000,2706.0000,2705.0000,2707.8000,2708.4000,2708.6000,2709.6000,2710.0000,1,1,1,1,2,1,1,1,1,3
SF,IH2012,2020-05-15 09:34:44.700,2707.0000,2622,0,57713340.000,0,-,-,-,-,2706.6000,2706.2000,2706.0000,2705.0000,2703.0000,2707.8000,2708.4000,2708.6000,2709.6000,2710.0000,1,1,1,2,2,1,1,1,1,3
SF,IH2012,2020-05-15 09:34:47.700,2707.0000,2622,0,57713340.000,0,-,-,-,-,2706.6000,2706.2000,2706.0000,2705.0000,2703.0000,2707.8000,2708.4000,2708.6000,2709.6000,2710.0000,1,1,1,2,2,2,1,1,1,3
SF,IH2012,2020-05-15 09:34:48.200,2707.0000,2622,0,57713340.000,0,-,-,-,-,2706.6000,2706.0000,2705.0000,2703.0000,2702.0000,2707.8000,2708.4000,2708.6000,2709.6000,2710.0000,1,1,2,2,1,2,1,1,1,3
SF,IH2012,2020-05-15 09:34:50.200,2707.0000,2622,0,57713340.000,0,-,-,-,-,2706.6000,2706.0000,2705.0000,2703.0000,2702.0000,2707.8000,2708.4000,2708.6000,2709.0000,2709.6000,1,1,2,2,1,2,1,1,1,1
SF,IH2012,2020-05-15 09:34:52.200,2707.0000,2622,0,57713340.000,0,-,-,-,-,2706.0000,2705.0000,2703.0000,2702.0000,2701.0000,2707.8000,2708.4000,2708.6000,2709.0000,2709.6000,1,2,2,1,1,2,1,1,1,1
SF,IH2012,2020-05-15 09:34:53.700,2707.0000,2622,0,57713340.000,0,-,-,-,-,2706.0000,2705.0000,2703.0000,2702.0000,2701.0000,2707.6000,2707.8000,2708.4000,2708.6000,2709.0000,1,2,2,1,1,1,2,1,1,1
SF,IH2012,2020-05-15 09:34:54.200,2707.0000,2622,0,57713340.000,0,-,-,-,-,2706.0000,2705.0000,2703.0000,2702.0000,2701.0000,2707.6000,2707.8000,2708.6000,2709.0000,2709.6000,1,2,2,1,1,2,2,1,1,1
SF,IH2012,2020-05-15 09:34:54.700,2707.0000,2622,0,57713340.000,0,-,-,-,-,2706.0000,2705.0000,2703.0000,2702.0000,2701.0000,2707.4000,2707.6000,2707.8000,2708.6000,2709.0000,1,2,2,1,1,1,2,1,1,1
SF,IH2012,2020-05-15 09:34:55.200,2707.0000,2622,0,57713340.000,0,-,-,-,-,2706.0000,2705.0000,2703.0000,2702.0000,2701.0000,2707.2000,2707.4000,2707.6000,2707.8000,2708.6000,1,2,2,1,1,1,1,1,1,1
SF,IH2012,2020-05-15 09:34:55.700,2707.0000,2622,0,57713340.000,0,-,-,-,-,2706.0000,2705.0000,2703.0000,2702.0000,2701.0000,2707.2000,2707.4000,2707.6000,2707.8000,2708.6000,1,2,2,1,1,1,1,1,1,1
SF,IH2012,2020-05-15 09:34:59.200,2707.0000,2622,0,57713340.000,0,-,-,-,-,2706.0000,2705.0000,2703.0000,2702.0000,2701.0000,2707.4000,2707.6000,2707.8000,2708.6000,2709.0000,1,2,2,1,1,1,1,1,1,1
SF,IH2012,2020-05-15 09:34:59.700,2707.0000,2622,0,57713340.000,0,-,-,-,-,2706.0000,2705.0000,2703.0000,2702.0000,2701.0000,2707.4000,2707.6000,2708.6000,2709.0000,2710.0000,1,2,2,1,1,2,1,1,1,3
SF,IH2012,2020-05-15 09:35:01.700,2707.0000,2622,0,57713340.000,0,-,-,-,-,2706.0000,2705.0000,2703.0000,2702.0000,2701.0000,2707.2000,2707.4000,2707.6000,2708.6000,2709.0000,1,2,2,1,1,1,2,1,1,1
SF,IH2012,2020-05-15 09:35:07.200,2707.0000,2622,0,57713340.000,0,-,-,-,-,2706.0000,2705.0000,2703.0000,2702.0000,2701.0000,2707.4000,2707.6000,2708.6000,2709.0000,2710.0000,1,2,2,1,1,2,1,1,1,3
SF,IH2012,2020-05-15 09:35:07.700,2707.0000,2622,0,57713340.000,0,-,-,-,-,2706.2000,2706.0000,2705.0000,2703.0000,2702.0000,2707.4000,2707.6000,2708.6000,2709.0000,2710.0000,1,1,2,2,1,2,1,1,1,3
SF,IH2012,2020-05-15 09:35:08.200,2707.4000,2621,-1,58525560.000,1,0,1,双平,S,2706.2000,2706.0000,2705.0000,2703.0000,2702.0000,2707.4000,2707.6000,2708.6000,2709.0000,2710.0000,1,1,2,2,1,1,1,1,1,3
SF,IH2012,2020-05-15 09:35:08.700,2707.4000,2621,0,58525560.000,0,-,-,-,-,2706.2000,2706.0000,2705.0000,2703.0000,2702.0000,2707.4000,2707.6000,2708.6000,2709.0000,2710.0000,1,1,2,3,1,1,1,1,1,3
SF,IH2012,2020-05-15 09:35:09.200,2707.4000,2621,0,58525560.000,0,-,-,-,-,2706.4000,2706.2000,2706.0000,2705.0000,2703.0000,2707.4000,2707.6000,2708.6000,2709.0000,2710.0000,1,1,1,2,3,1,1,1,1,3
SF,IH2012,2020-05-15 09:35:10.700,2707.4000,2621,0,58525560.000,0,-,-,-,-,2706.4000,2706.0000,2705.0000,2703.0000,2702.0000,2707.4000,2707.6000,2708.6000,2709.0000,2710.0000,1,1,2,3,1,1,1,1,1,3
SF,IH2012,2020-05-15 09:35:11.200,2706.4000,2620,-1,59337480.000,1,0,1,双平,S,2706.0000,2705.0000,2703.0000,2702.0000,2701.0000,2706.4000,2707.2000,2707.4000,2707.6000,2708.6000,1,2,3,1,1,3,1,1,1,1
SF,IH2012,2020-05-15 09:35:11.700,2706.4000,2620,0,59337480.000,0,-,-,-,-,2706.0000,2705.0000,2703.0000,2702.0000,2701.0000,2706.4000,2707.4000,2707.6000,2708.6000,2709.0000,1,2,2,1,1,3,1,1,1,1
SF,IH2012,2020-05-15 09:35:13.700,2706.4000,2620,0,59337480.000,0,-,-,-,-,2706.0000,2705.0000,2703.0000,2702.0000,2701.0000,2707.4000,2707.6000,2708.6000,2709.0000,2710.0000,1,2,2,1,1,1,1,1,1,3
SF,IH2012,2020-05-15 09:35:14.200,2706.4000,2620,0,59337480.000,0,-,-,-,-,2706.0000,2705.0000,2703.0000,2702.0000,2701.0000,2707.2000,2707.4000,2707.6000,2708.6000,2709.0000,1,2,2,1,1,2,1,1,1,1
SF,IH2012,2020-05-15 09:35:14.700,2707.2000,2619,-1,60149640.000,1,0,1,双平,S,2706.0000,2705.0000,2703.0000,2702.0000,2701.0000,2707.2000,2707.4000,2707.6000,2708.6000,2709.0000,2,2,2,1,1,1,1,1,1,1
SF,IH2012,2020-05-15 09:35:15.200,2707.2000,2619,0,60149640.000,0,-,-,-,-,2706.0000,2705.0000,2703.0000,2701.0000,2700.2000,2707.2000,2707.4000,2708.6000,2709.0000,2710.0000,2,2,2,1,1,1,1,1,1,3
SF,IH2012,2020-05-15 09:35:15.700,2707.2000,2619,0,60149640.000,0,-,-,-,-,2706.0000,2705.0000,2703.0000,2701.0000,2700.2000,2707.2000,2707.4000,2708.6000,2709.0000,2710.0000,2,2,2,1,1,2,1,1,1,3
SF,IH2012,2020-05-15 09:35:16.200,2707.2000,2619,0,60149640.000,0,-,-,-,-,2706.0000,2705.0000,2703.0000,2701.0000,2700.2000,2707.2000,2707.4000,2708.6000,2709.0000,2710.0000,3,2,2,1,1,2,1,1,1,3
SF,IH2012,2020-05-15 09:35:18.200,2707.2000,2619,0,60149640.000,0,-,-,-,-,2706.0000,2705.0000,2703.0000,2701.0000,2700.2000,2707.2000,2707.4000,2708.6000,2709.0000,2709.6000,3,2,2,1,1,2,1,1,1,1
SF,IH2012,2020-05-15 09:35:18.700,2707.2000,2619,0,60149640.000,0,-,-,-,-,2706.0000,2705.0000,2703.0000,2701.0000,2700.2000,2707.2000,2707.4000,2708.6000,2709.0000,2709.6000,3,2,2,1,1,1,1,1,1,1
SF,IH2012,2020-05-15 09:35:19.700,2707.2000,2619,0,60149640.000,0,-,-,-,-,2706.2000,2706.0000,2705.0000,2703.0000,2701.0000,2707.2000,2708.6000,2709.0000,2709.6000,2710.0000,1,3,2,2,1,2,1,1,1,3
SF,IH2012,2020-05-15 09:35:20.200,2707.2000,2617,-2,61773960.000,2,0,2,双平,S,2707.2000,2706.2000,2706.0000,2705.0000,2703.0000,2708.6000,2709.0000,2709.6000,2710.0000,2713.8000,1,3,3,2,2,1,1,1,3,1
SF,IH2012,2020-05-15 09:35:20.700,2707.2000,2617,0,61773960.000,0,-,-,-,-,2707.2000,2706.4000,2706.2000,2706.0000,2705.0000,2708.4000,2708.6000,2709.0000,2709.6000,2710.0000,1,1,2,3,2,1,1,1,1,3
SF,IH2012,2020-05-15 09:35:21.200,2707.2000,2617,0,61773960.000,0,-,-,-,-,2707.2000,2706.4000,2706.0000,2705.0000,2703.0000,2708.4000,2708.6000,2709.0000,2709.6000,2710.0000,1,1,3,2,2,1,1,1,1,3
SF,IH2012,2020-05-15 09:35:21.700,2707.2000,2617,0,61773960.000,0,-,-,-,-,2707.2000,2706.4000,2706.0000,2705.0000,2703.0000,2708.4000,2708.6000,2709.0000,2709.6000,2710.0000,2,1,3,2,2,1,1,1,1,3
SF,IH2012,2020-05-15 09:35:23.200,2707.2000,2617,0,61773960.000,0,-,-,-,-,2707.2000,2706.4000,2706.0000,2705.0000,2703.0000,2708.4000,2708.6000,2709.0000,2709.6000,2710.0000,3,1,3,2,2,1,1,1,1,3
SF,IH2012,2020-05-15 09:35:23.700,2707.2000,2617,0,61773960.000,0,-,-,-,-,2707.2000,2706.0000,2705.0000,2703.0000,2702.8000,2708.4000,2708.6000,2709.0000,2709.6000,2710.0000,3,3,2,2,1,1,1,1,1,3
SF,IH2012,2020-05-15 09:35:24.200,2707.2000,2617,0,61773960.000,0,-,-,-,-,2707.2000,2706.0000,2705.0000,2703.0000,2702.8000,2708.4000,2708.6000,2709.0000,2709.6000,2710.0000,4,3,2,2,1,1,1,1,1,3
SF,IH2012,2020-05-15 09:35:24.700,2707.2000,2617,0,61773960.000,0,-,-,-,-,2707.2000,2706.0000,2705.0000,2703.0000,2702.8000,2708.4000,2708.6000,2709.0000,2709.6000,2710.0000,1,3,2,2,1,1,1,1,1,3
SF,IH2012,2020-05-15 09:35:26.700,2707.2000,2617,0,61773960.000,0,-,-,-,-,2707.2000,2706.0000,2705.0000,2703.0000,2702.8000,2708.4000,2708.6000,2709.0000,2709.6000,2710.0000,2,3,2,2,1,1,1,1,1,3
SF,IH2012,2020-05-15 09:35:33.200,2707.2000,2617,0,61773960.000,0,-,-,-,-,2707.2000,2706.0000,2705.0000,2703.0000,2702.8000,2708.4000,2708.6000,2709.0000,2709.6000,2710.0000,1,3,2,2,1,1,1,1,1,3
SF,IH2012,2020-05-15 09:35:34.700,2707.2000,2617,0,61773960.000,0,-,-,-,-,2707.2000,2706.0000,2705.0000,2703.0000,2702.8000,2708.4000,2708.6000,2709.0000,2709.6000,2710.0000,2,3,2,2,1,1,1,1,1,3
SF,IH2012,2020-05-15 09:35:35.700,2707.2000,2617,0,61773960.000,0,-,-,-,-,2707.2000,2706.0000,2705.0000,2703.0000,2702.8000,2708.4000,2708.6000,2709.0000,2709.6000,2710.0000,2,3,2,2,1,1,1,1,1,3
SF,IH2012,2020-05-15 09:35:36.200,2707.2000,2617,0,61773960.000,0,-,-,-,-,2707.2000,2706.0000,2705.0000,2703.0000,2702.8000,2708.4000,2708.6000,2709.0000,2709.6000,2710.0000,1,3,2,1,1,1,1,1,1,3
SF,IH2012,2020-05-15 09:35:38.700,2707.2000,2617,0,61773960.000,0,-,-,-,-,2707.2000,2706.0000,2705.0000,2703.0000,2702.8000,2708.4000,2708.6000,2709.0000,2709.6000,2710.0000,2,3,2,1,1,1,1,1,1,3
SF,IH2012,2020-05-15 09:35:39.200,2707.2000,2617,0,61773960.000,0,-,-,-,-,2707.2000,2706.0000,2705.0000,2703.0000,2702.8000,2708.6000,2709.0000,2709.6000,2710.0000,2713.8000,2,3,2,1,1,1,1,1,3,1
SF,IH2012,2020-05-15 09:35:42.200,2707.2000,2617,0,61773960.000,0,-,-,-,-,2707.2000,2706.0000,2705.0000,2703.0000,2702.8000,2708.6000,2709.0000,2709.6000,2710.0000,2713.8000,1,3,2,1,1,1,1,1,3,1
SF,IH2012,2020-05-15 09:35:42.700,2707.2000,2617,0,61773960.000,0,-,-,-,-,2707.4000,2707.2000,2706.0000,2705.0000,2703.0000,2708.6000,2709.0000,2709.6000,2710.0000,2713.8000,1,1,3,2,1,1,1,1,3,1
SF,IH2012,2020-05-15 09:35:43.200,2707.2000,2617,0,61773960.000,0,-,-,-,-,2707.4000,2707.2000,2706.0000,2705.0000,2703.0000,2708.6000,2709.0000,2709.6000,2710.0000,2713.8000,2,1,3,2,1,1,1,1,3,1
SF,IH2012,2020-05-15 09:35:43.700,2707.2000,2617,0,61773960.000,0,-,-,-,-,2707.4000,2707.2000,2706.0000,2705.0000,2703.0000,2708.6000,2709.0000,2710.0000,2713.8000,2715.0000,2,1,3,2,1,1,1,3,1,1
SF,IH2012,2020-05-15 09:35:46.700,2707.2000,2617,0,61773960.000,0,-,-,-,-,2707.4000,2707.2000,2706.0000,2705.0000,2703.0000,2708.6000,2709.0000,2710.0000,2713.8000,2715.0000,1,1,3,2,1,1,1,3,1,1
SF,IH2012,2020-05-15 09:35:56.700,2707.2000,2617,0,61773960.000,0,-,-,-,-,2707.4000,2707.2000,2706.0000,2705.0000,2703.0000,2708.6000,2709.0000,2710.0000,2713.8000,2715.0000,1,1,3,2,1,1,1,3,1,1
SF,IH2012,2020-05-15 09:35:57.200,2707.2000,2617,0,61773960.000,0,-,-,-,-,2707.4000,2707.2000,2706.0000,2705.0000,2703.0000,2708.4000,2708.6000,2709.0000,2710.0000,2713.8000,1,1,3,2,1,1,1,1,3,1
SF,IH2012,2020-05-15 09:35:58.200,2707.4000,2616,-1,62586180.000,1,0,1,双平,S,2707.2000,2706.0000,2705.0000,2703.0000,2702.8000,2708.4000,2708.6000,2709.0000,2710.0000,2713.8000,1,3,2,1,1,1,1,1,3,1
SF,IH2012,2020-05-15 09:35:58.700,2707.4000,2616,0,62586180.000,0,-,-,-,-,2707.2000,2706.8000,2706.0000,2705.0000,2703.0000,2708.4000,2708.6000,2709.0000,2710.0000,2713.8000,1,1,3,2,1,1,1,1,3,1
SF,IH2012,2020-05-15 09:36:01.700,2707.4000,2616,0,62586180.000,0,-,-,-,-,2706.8000,2706.0000,2705.0000,2703.0000,2702.8000,2708.4000,2708.6000,2709.0000,2710.0000,2713.8000,1,3,2,1,1,1,1,1,3,1
SF,IH2012,2020-05-15 09:36:02.200,2707.4000,2616,0,62586180.000,0,-,-,-,-,2706.8000,2706.0000,2705.0000,2704.8000,2703.0000,2708.4000,2708.6000,2709.0000,2710.0000,2713.8000,1,3,2,1,1,1,1,1,3,1
SF,IH2012,2020-05-15 09:36:03.200,2706.8000,2616,0,63398220.000,1,0,1,多换,S,2706.0000,2705.0000,2704.8000,2703.0000,2702.8000,2708.4000,2708.6000,2709.0000,2710.0000,2713.8000,3,2,1,1,1,1,1,1,3,1
SF,IH2012,2020-05-15 09:36:03.700,2706.8000,2616,0,63398220.000,0,-,-,-,-,2706.0000,2705.0000,2704.8000,2703.0000,2702.8000,2708.2000,2708.4000,2708.6000,2709.0000,2710.0000,3,2,1,1,1,1,1,1,1,3
SF,IH2012,2020-05-15 09:36:04.200,2706.8000,2616,0,63398220.000,0,-,-,-,-,2706.2000,2706.0000,2705.0000,2704.8000,2703.0000,2708.2000,2708.6000,2709.0000,2710.0000,2713.8000,1,3,2,1,1,1,1,1,3,1
SF,IH2012,2020-05-15 09:36:04.700,2706.8000,2616,0,63398220.000,0,-,-,-,-,2706.2000,2706.0000,2705.0000,2704.8000,2703.0000,2708.0000,2708.6000,2709.0000,2710.0000,2713.8000,1,3,2,1,1,1,1,1,3,1
SF,IH2012,2020-05-15 09:36:06.200,2706.8000,2616,0,63398220.000,0,-,-,-,-,2706.4000,2706.2000,2706.0000,2705.0000,2704.8000,2708.0000,2708.6000,2709.0000,2710.0000,2713.8000,2,1,3,2,1,1,1,1,3,1
SF,IH2012,2020-05-15 09:36:06.700,2706.8000,2616,0,63398220.000,0,-,-,-,-,2706.4000,2706.0000,2705.0000,2704.8000,2703.0000,2708.0000,2708.6000,2709.0000,2710.0000,2713.8000,2,3,2,1,1,1,1,1,3,1
SF,IH2012,2020-05-15 09:36:07.200,2706.8000,2616,0,63398220.000,0,-,-,-,-,2706.6000,2706.4000,2706.0000,2705.0000,2704.8000,2708.0000,2708.6000,2709.0000,2710.0000,2713.8000,1,2,3,2,1,1,1,1,3,1
SF,IH2012,2020-05-15 09:36:07.700,2706.8000,2616,0,63398220.000,0,-,-,-,-,2706.6000,2706.0000,2705.0000,2704.8000,2703.0000,2708.0000,2708.6000,2709.0000,2710.0000,2713.8000,1,3,2,1,1,1,1,1,3,1
SF,IH2012,2020-05-15 09:36:08.200,2706.8000,2616,0,63398220.000,0,-,-,-,-,2706.0000,2705.0000,2704.8000,2703.0000,2702.8000,2708.0000,2708.6000,2709.0000,2710.0000,2713.8000,3,2,1,1,1,1,1,1,3,1
SF,IH2012,2020-05-15 09:36:08.700,2706.8000,2616,0,63398220.000,0,-,-,-,-,2706.2000,2706.0000,2705.0000,2704.8000,2703.0000,2708.0000,2708.6000,2709.0000,2710.0000,2713.8000,1,3,2,1,1,1,1,1,3,1
SF,IH2012,2020-05-15 09:36:10.200,2706.8000,2616,0,63398220.000,0,-,-,-,-,2706.4000,2706.2000,2706.0000,2705.0000,2704.8000,2708.0000,2708.6000,2709.0000,2710.0000,2713.8000,1,1,3,2,1,1,1,1,3,1
SF,IH2012,2020-05-15 09:36:10.700,2706.8000,2616,0,63398220.000,0,-,-,-,-,2706.4000,2706.0000,2705.0000,2704.8000,2703.0000,2708.0000,2708.6000,2709.0000,2710.0000,2713.8000,2,3,2,1,1,1,1,1,3,1
SF,IH2012,2020-05-15 09:36:11.200,2706.8000,2616,0,63398220.000,0,-,-,-,-,2706.6000,2706.4000,2706.0000,2705.0000,2704.8000,2708.0000,2708.6000,2709.0000,2710.0000,2713.8000,1,2,3,2,1,1,1,1,3,1
SF,IH2012,2020-05-15 09:36:12.700,2706.8000,2616,0,63398220.000,0,-,-,-,-,2706.8000,2706.6000,2706.0000,2705.0000,2704.8000,2708.0000,2708.6000,2709.0000,2710.0000,2713.8000,2,1,3,2,1,1,1,1,3,1
SF,IH2012,2020-05-15 09:36:16.200,2706.8000,2616,0,63398220.000,0,-,-,-,-,2706.8000,2706.6000,2706.0000,2705.0000,2704.8000,2707.8000,2708.0000,2708.6000,2709.0000,2710.0000,2,1,3,2,1,1,1,1,1,3
SF,IH2012,2020-05-15 09:36:17.700,2707.8000,2615,-1,64210560.000,1,0,1,双平,S,2706.8000,2706.6000,2706.0000,2705.0000,2704.8000,2708.0000,2708.6000,2709.0000,2710.0000,2713.8000,2,1,3,2,1,1,1,1,3,1
SF,IH2012,2020-05-15 09:36:18.200,2707.8000,2615,0,64210560.000,0,-,-,-,-,2706.6000,2706.0000,2705.0000,2704.8000,2703.0000,2708.0000,2708.6000,2709.0000,2710.0000,2713.8000,1,3,2,1,1,1,1,1,3,1
SF,IH2012,2020-05-15 09:36:22.700,2707.8000,2615,0,64210560.000,0,-,-,-,-,2706.8000,2706.6000,2706.0000,2705.0000,2704.8000,2708.0000,2708.6000,2709.0000,2710.0000,2713.8000,1,1,3,2,1,1,1,1,3,1
SF,IH2012,2020-05-15 09:36:24.700,2707.8000,2615,0,64210560.000,0,-,-,-,-,2706.6000,2706.0000,2705.0000,2704.8000,2703.0000,2708.0000,2708.6000,2709.0000,2710.0000,2713.8000,1,3,2,1,1,1,1,1,3,1
SF,IH2012,2020-05-15 09:36:32.700,2707.8000,2615,0,64210560.000,0,-,-,-,-,2706.8000,2706.6000,2706.0000,2705.0000,2704.8000,2708.0000,2708.6000,2709.0000,2710.0000,2713.8000,1,1,3,2,1,1,1,1,3,1
SF,IH2012,2020-05-15 09:36:33.200,2707.8000,2615,0,64210560.000,0,-,-,-,-,2706.6000,2706.0000,2705.0000,2704.8000,2703.0000,2708.0000,2708.6000,2709.0000,2710.0000,2713.8000,1,3,2,1,1,1,1,1,3,1
SF,IH2012,2020-05-15 09:36:47.700,2707.8000,2615,0,64210560.000,0,-,-,-,-,2706.6000,2706.0000,2705.0000,2704.8000,2703.0000,2707.8000,2708.0000,2708.6000,2709.0000,2710.0000,1,3,2,1,1,1,1,1,1,3
SF,IH2012,2020-05-15 09:36:48.200,2707.8000,2615,0,64210560.000,0,-,-,-,-,2706.0000,2705.0000,2704.8000,2703.0000,2702.8000,2708.0000,2708.6000,2709.0000,2710.0000,2713.8000,3,2,1,1,1,1,1,1,3,1
SF,IH2012,2020-05-15 09:36:48.700,2707.8000,2615,0,64210560.000,0,-,-,-,-,2706.0000,2705.0000,2704.8000,2703.0000,2702.8000,2707.8000,2708.0000,2708.6000,2709.0000,2710.0000,3,2,1,1,1,1,1,1,1,3
SF,IH2012,2020-05-15 09:36:49.200,2707.8000,2615,0,64210560.000,0,-,-,-,-,2706.0000,2705.0000,2704.8000,2703.0000,2702.8000,2707.8000,2708.6000,2709.0000,2710.0000,2713.8000,3,2,1,1,1,1,1,1,3,1
SF,IH2012,2020-05-15 09:36:49.700,2707.8000,2615,0,64210560.000,0,-,-,-,-,2706.0000,2705.0000,2704.8000,2703.0000,2702.8000,2707.6000,2707.8000,2708.6000,2709.0000,2710.0000,3,2,1,1,1,1,1,1,1,3
SF,IH2012,2020-05-15 09:36:52.200,2707.8000,2615,0,64210560.000,0,-,-,-,-,2706.0000,2705.0000,2704.8000,2703.0000,2702.8000,2707.6000,2707.8000,2708.6000,2709.0000,2710.0000,3,2,1,3,1,1,1,1,1,3
SF,IH2012,2020-05-15 09:36:54.200,2707.8000,2615,0,64210560.000,0,-,-,-,-,2706.0000,2705.0000,2704.8000,2703.0000,2702.8000,2707.4000,2707.6000,2707.8000,2708.6000,2709.0000,3,2,1,3,1,1,1,1,1,1
SF,IH2012,2020-05-15 09:36:55.700,2707.8000,2615,0,64210560.000,0,-,-,-,-,2706.4000,2706.0000,2705.0000,2704.8000,2703.0000,2707.4000,2707.6000,2707.8000,2708.6000,2709.0000,1,3,2,1,3,1,1,1,1,1
SF,IH2012,2020-05-15 09:36:59.700,2707.8000,2615,0,64210560.000,0,-,-,-,-,2706.4000,2706.0000,2705.0000,2704.8000,2703.0000,2707.4000,2707.6000,2708.6000,2709.0000,2710.0000,1,3,2,1,3,1,1,1,1,3
SF,IH2012,2020-05-15 09:37:00.700,2707.8000,2615,0,64210560.000,0,-,-,-,-,2706.4000,2706.0000,2705.0000,2704.8000,2703.0000,2707.2000,2707.4000,2707.6000,2708.6000,2709.0000,1,3,2,1,3,1,1,1,1,1
SF,IH2012,2020-05-15 09:37:03.200,2706.4000,2614,-1,65022480.000,1,0,1,双平,S,2706.0000,2705.0000,2704.8000,2703.0000,2702.8000,2707.2000,2707.4000,2707.6000,2708.6000,2709.0000,3,2,1,3,1,1,1,1,1,1
SF,IH2012,2020-05-15 09:37:03.700,2706.4000,2614,0,65022480.000,0,-,-,-,-,2706.0000,2705.0000,2704.8000,2703.0000,2702.8000,2707.2000,2707.4000,2708.6000,2709.0000,2710.0000,3,2,1,3,1,1,1,1,1,3
SF,IH2012,2020-05-15 09:37:10.700,2706.4000,2614,0,65022480.000,0,-,-,-,-,2706.0000,2704.8000,2703.0000,2702.8000,2701.0000,2707.2000,2707.4000,2708.6000,2709.0000,2710.0000,3,1,3,1,1,1,1,1,1,3
SF,IH2012,2020-05-15 09:37:11.200,2706.4000,2614,0,65022480.000,0,-,-,-,-,2706.2000,2706.0000,2704.8000,2703.0000,2702.8000,2707.2000,2707.4000,2708.6000,2709.0000,2710.0000,2,3,1,3,1,1,1,1,1,3
SF,IH2012,2020-05-15 09:37:15.700,2706.4000,2614,0,65022480.000,0,-,-,-,-,2706.4000,2706.2000,2706.0000,2704.8000,2703.0000,2707.2000,2707.4000,2708.6000,2709.0000,2710.0000,1,2,3,1,3,1,1,1,1,3
SF,IH2012,2020-05-15 09:37:17.200,2706.4000,2614,0,65022480.000,0,-,-,-,-,2706.2000,2706.0000,2704.8000,2703.0000,2702.8000,2707.2000,2707.4000,2708.6000,2709.0000,2710.0000,2,3,1,3,1,1,1,1,1,3
SF,IH2012,2020-05-15 09:37:20.700,2706.4000,2614,0,65022480.000,0,-,-,-,-,2706.4000,2706.2000,2706.0000,2704.8000,2703.0000,2707.2000,2707.4000,2708.6000,2709.0000,2710.0000,1,2,3,1,3,1,1,1,1,3
SF,IH2012,2020-05-15 09:37:21.200,2706.4000,2614,0,65022480.000,0,-,-,-,-,2706.2000,2706.0000,2704.8000,2703.0000,2702.8000,2707.2000,2707.4000,2708.6000,2709.0000,2710.0000,2,3,1,3,1,1,1,1,1,3
SF,IH2012,2020-05-15 09:37:26.200,2706.4000,2614,0,65022480.000,0,-,-,-,-,2706.4000,2706.2000,2706.0000,2704.8000,2703.0000,2707.2000,2707.4000,2708.6000,2709.0000,2710.0000,1,2,3,1,3,1,1,1,1,3
SF,IH2012,2020-05-15 09:37:26.700,2706.4000,2614,0,65022480.000,0,-,-,-,-,2706.4000,2706.2000,2706.0000,2704.8000,2703.0000,2707.2000,2707.4000,2708.6000,2709.0000,2710.0000,2,2,3,1,3,1,1,1,1,3
SF,IH2012,2020-05-15 09:37:27.200,2706.4000,2614,0,65022480.000,0,-,-,-,-,2706.4000,2706.2000,2706.0000,2704.8000,2703.0000,2707.2000,2707.4000,2708.6000,2709.0000,2710.0000,2,3,3,1,3,1,1,1,1,3
SF,IH2012,2020-05-15 09:37:27.700,2706.4000,2614,0,65022480.000,0,-,-,-,-,2706.2000,2706.0000,2704.8000,2703.0000,2702.8000,2707.2000,2707.4000,2708.6000,2709.0000,2710.0000,3,3,1,3,1,1,1,1,1,3
SF,IH2012,2020-05-15 09:37:28.200,2706.4000,2614,0,65022480.000,0,-,-,-,-,2706.4000,2706.2000,2706.0000,2704.8000,2703.0000,2707.2000,2707.4000,2708.6000,2709.0000,2710.0000,1,3,3,1,3,1,1,1,1,3
SF,IH2012,2020-05-15 09:37:28.700,2706.4000,2614,0,65022480.000,0,-,-,-,-,2706.2000,2706.0000,2704.8000,2703.0000,2702.8000,2707.2000,2707.4000,2708.6000,2709.0000,2710.0000,3,3,1,3,1,1,1,1,1,3
SF,IH2012,2020-05-15 09:37:30.700,2706.4000,2614,0,65022480.000,0,-,-,-,-,2706.4000,2706.2000,2706.0000,2704.8000,2703.0000,2707.2000,2707.4000,2708.6000,2709.0000,2710.0000,1,3,3,1,3,1,1,1,1,3
SF,IH2012,2020-05-15 09:37:32.200,2706.4000,2614,0,65022480.000,0,-,-,-,-,2706.2000,2706.0000,2704.8000,2703.0000,2702.8000,2707.2000,2707.4000,2708.6000,2709.0000,2710.0000,3,3,1,3,1,1,1,1,1,3
SF,IH2012,2020-05-15 09:37:34.700,2706.0000,2616,2,69893460.000,6,4,2,空开,S,2704.8000,2703.0000,2702.8000,2701.0000,2700.2000,2706.0000,2707.2000,2707.4000,2708.6000,2709.0000,1,3,1,1,1,2,1,1,1,1
SF,IH2012,2020-05-15 09:37:35.200,2706.0000,2616,0,69893460.000,0,-,-,-,-,2705.0000,2704.8000,2703.8000,2703.0000,2702.8000,2707.2000,2707.4000,2708.6000,2709.0000,2710.0000,3,2,1,3,1,1,1,1,1,3
SF,IH2012,2020-05-15 09:37:35.700,2706.0000,2616,0,69893460.000,0,-,-,-,-,2705.0000,2704.8000,2703.8000,2703.0000,2702.8000,2707.0000,2707.2000,2707.4000,2708.6000,2709.0000,3,1,1,3,1,1,1,1,1,1
SF,IH2012,2020-05-15 09:37:36.200,2706.0000,2616,0,69893460.000,0,-,-,-,-,2705.0000,2704.8000,2703.8000,2703.0000,2702.8000,2706.6000,2707.0000,2707.4000,2708.6000,2709.0000,3,1,1,3,1,1,1,1,1,1
SF,IH2012,2020-05-15 09:37:36.700,2706.0000,2616,0,69893460.000,0,-,-,-,-,2705.0000,2704.8000,2703.8000,2703.0000,2702.8000,2706.6000,2707.0000,2707.4000,2708.6000,2709.0000,4,1,1,3,1,1,1,1,1,1
SF,IH2012,2020-05-15 09:37:38.200,2706.6000,2617,1,70705440.000,1,1,0,双开,S,2705.0000,2704.8000,2703.8000,2703.0000,2702.8000,2707.0000,2707.4000,2708.6000,2709.0000,2710.0000,4,1,1,3,1,1,1,1,1,3
SF,IH2012,2020-05-15 09:37:38.700,2706.6000,2617,0,70705440.000,0,-,-,-,-,2705.0000,2704.8000,2703.8000,2703.0000,2702.8000,2707.0000,2707.4000,2708.6000,2709.0000,2710.0000,3,1,1,3,1,1,1,1,1,3
SF,IH2012,2020-05-15 09:37:39.700,2706.6000,2617,0,70705440.000,0,-,-,-,-,2705.0000,2704.8000,2703.8000,2703.0000,2702.8000,2707.0000,2707.4000,2708.6000,2709.0000,2710.0000,2,1,1,3,1,1,1,1,1,3
SF,IH2012,2020-05-15 09:37:43.200,2706.6000,2617,0,70705440.000,0,-,-,-,-,2705.0000,2704.8000,2703.8000,2703.0000,2702.8000,2707.0000,2707.4000,2708.6000,2709.0000,2710.0000,3,1,1,3,1,1,1,1,1,3
SF,IH2012,2020-05-15 09:37:44.700,2706.6000,2617,0,70705440.000,0,-,-,-,-,2705.0000,2704.8000,2703.8000,2703.0000,2702.8000,2706.8000,2707.0000,2707.4000,2708.6000,2709.0000,3,1,1,3,1,1,1,1,1,1
SF,IH2012,2020-05-15 09:37:45.200,2706.6000,2617,0,70705440.000,0,-,-,-,-,2705.0000,2704.8000,2703.8000,2703.0000,2702.8000,2706.8000,2707.4000,2708.6000,2709.0000,2710.0000,3,1,1,3,1,1,1,1,1,3
SF,IH2012,2020-05-15 09:37:45.700,2706.6000,2617,0,70705440.000,0,-,-,-,-,2705.0000,2704.8000,2703.8000,2703.0000,2702.8000,2706.6000,2706.8000,2707.4000,2708.6000,2709.0000,3,1,1,3,1,1,1,1,1,1
SF,IH2012,2020-05-15 09:37:47.200,2706.6000,2617,0,70705440.000,0,-,-,-,-,2705.0000,2704.8000,2703.8000,2703.0000,2702.8000,2706.6000,2707.4000,2708.6000,2709.0000,2710.0000,3,1,1,3,1,1,1,1,1,3
SF,IH2012,2020-05-15 09:37:52.700,2706.6000,2617,0,70705440.000,0,-,-,-,-,2705.2000,2705.0000,2704.8000,2703.8000,2703.0000,2706.6000,2707.4000,2708.6000,2709.0000,2710.0000,1,3,1,1,3,1,1,1,1,3
SF,IH2012,2020-05-15 09:38:02.200,2705.2000,2618,1,71517000.000,1,1,0,双开,S,2705.0000,2704.8000,2703.8000,2703.0000,2702.8000,2706.6000,2707.4000,2708.6000,2709.0000,2710.0000,3,1,1,3,1,1,1,1,1,3
SF,IH2012,2020-05-15 09:38:04.200,2705.2000,2618,0,71517000.000,0,-,-,-,-,2705.0000,2704.8000,2703.8000,2703.0000,2702.8000,2706.6000,2707.4000,2708.6000,2709.0000,2710.0000,4,1,1,3,1,1,1,1,1,3
SF,IH2012,2020-05-15 09:38:04.700,2705.2000,2618,0,71517000.000,0,-,-,-,-,2705.0000,2704.8000,2703.8000,2703.0000,2702.8000,2707.4000,2708.6000,2709.0000,2710.0000,2711.8000,4,1,1,3,1,1,1,1,3,1
SF,IH2012,2020-05-15 09:38:05.200,2705.2000,2618,0,71517000.000,0,-,-,-,-,2705.2000,2705.0000,2704.8000,2703.8000,2703.0000,2707.2000,2707.4000,2708.6000,2709.0000,2710.0000,1,5,1,1,3,1,1,1,1,3
SF,IH2012,2020-05-15 09:38:05.700,2705.2000,2618,0,71517000.000,0,-,-,-,-,2705.2000,2705.0000,2704.8000,2703.8000,2703.0000,2707.2000,2707.4000,2708.6000,2709.0000,2710.0000,1,4,1,1,3,1,1,1,1,3
SF,IH2012,2020-05-15 09:38:06.200,2705.2000,2618,0,71517000.000,0,-,-,-,-,2705.4000,2705.2000,2705.0000,2704.8000,2703.8000,2707.2000,2707.4000,2708.6000,2709.0000,2710.0000,1,3,2,1,1,1,1,1,1,3
SF,IH2012,2020-05-15 09:38:06.700,2705.2000,2618,0,71517000.000,0,-,-,-,-,2706.0000,2705.6000,2705.4000,2705.0000,2704.8000,2707.2000,2707.4000,2708.6000,2709.0000,2710.0000,1,3,1,2,1,1,1,1,1,3
SF,IH2012,2020-05-15 09:38:08.700,2705.2000,2618,0,71517000.000,0,-,-,-,-,2706.0000,2705.6000,2705.4000,2705.0000,2704.8000,2707.2000,2707.4000,2708.6000,2709.0000,2710.0000,1,3,1,3,1,1,1,1,1,3
SF,IH2012,2020-05-15 09:38:09.700,2707.2000,2617,-1,72329160.000,1,0,1,双平,S,2707.2000,2706.0000,2705.6000,2705.4000,2705.0000,2707.4000,2708.6000,2709.0000,2710.0000,2711.8000,1,1,3,1,3,1,1,1,3,1
SF,IH2012,2020-05-15 09:38:10.200,2707.4000,2616,-1,73953540.000,2,0,2,多平,S,2706.2000,2706.0000,2705.6000,2705.4000,2705.0000,2708.6000,2709.0000,2710.0000,2711.8000,2713.8000,1,1,1,1,2,1,1,3,1,1
SF,IH2012,2020-05-15 09:38:10.700,2707.4000,2616,0,73953540.000,0,-,-,-,-,2706.4000,2706.2000,2706.0000,2705.0000,2703.0000,2707.2000,2708.6000,2709.0000,2710.0000,2711.8000,1,1,1,2,3,1,1,1,3,1
SF,IH2012,2020-05-15 09:38:11.200,2707.2000,2616,0,74765700.000,1,0,1,多换,S,2706.0000,2705.0000,2703.0000,2702.8000,2701.0000,2708.6000,2709.0000,2710.0000,2711.8000,2713.8000,1,2,3,1,1,1,1,3,1,1
SF,IH2012,2020-05-15 09:38:11.700,2707.2000,2616,0,74765700.000,0,-,-,-,-,2706.2000,2706.0000,2705.0000,2703.0000,2702.8000,2708.6000,2709.0000,2710.0000,2711.8000,2713.8000,2,1,2,3,1,1,1,3,1,1
SF,IH2012,2020-05-15 09:38:12.200,2707.2000,2616,0,74765700.000,0,-,-,-,-,2706.2000,2706.0000,2705.0000,2703.0000,2702.8000,2708.6000,2709.0000,2710.0000,2711.8000,2713.8000,3,1,2,3,1,1,1,3,1,1
SF,IH2012,2020-05-15 09:38:13.200,2707.2000,2616,0,74765700.000,0,-,-,-,-,2706.2000,2706.0000,2705.0000,2703.0000,2702.8000,2708.6000,2709.0000,2710.0000,2711.8000,2713.8000,2,1,2,3,1,1,1,3,1,1
SF,IH2012,2020-05-15 09:38:14.200,2707.2000,2616,0,74765700.000,0,-,-,-,-,2706.2000,2706.0000,2705.0000,2703.0000,2702.8000,2707.8000,2708.6000,2709.0000,2710.0000,2711.8000,2,1,2,3,1,1,1,1,3,1
SF,IH2012,2020-05-15 09:38:16.200,2707.2000,2616,0,74765700.000,0,-,-,-,-,2706.2000,2706.0000,2705.0000,2703.0000,2702.8000,2707.8000,2708.6000,2709.0000,2710.0000,2711.8000,2,1,2,3,1,1,1,1,3,1
SF,IH2012,2020-05-15 09:38:16.700,2707.2000,2616,0,74765700.000,0,-,-,-,-,2706.2000,2706.0000,2705.0000,2703.0000,2702.8000,2707.8000,2708.6000,2709.0000,2710.0000,2711.8000,1,1,2,3,1,1,1,1,3,1
SF,IH2012,2020-05-15 09:38:18.700,2707.2000,2616,0,74765700.000,0,-,-,-,-,2706.2000,2706.0000,2705.0000,2703.0000,2702.8000,2707.8000,2708.6000,2709.0000,2710.0000,2711.8000,2,1,2,3,1,1,1,1,3,1
SF,IH2012,2020-05-15 09:38:19.700,2707.2000,2616,0,74765700.000,0,-,-,-,-,2706.2000,2706.0000,2705.0000,2703.0000,2702.8000,2708.6000,2709.0000,2710.0000,2711.8000,2712.4000,2,1,2,1,1,1,1,3,1,1
SF,IH2012,2020-05-15 09:38:20.200,2707.2000,2616,0,74765700.000,0,-,-,-,-,2706.4000,2706.2000,2706.0000,2705.0000,2703.0000,2708.6000,2709.0000,2710.0000,2711.8000,2712.4000,1,1,1,2,1,1,1,3,1,1
SF,IH2012,2020-05-15 09:38:20.700,2707.2000,2616,0,74765700.000,0,-,-,-,-,2706.4000,2706.0000,2705.0000,2703.0000,2702.8000,2708.0000,2708.6000,2709.0000,2710.0000,2711.8000,1,1,2,1,1,1,1,1,3,1
SF,IH2012,2020-05-15 09:38:21.200,2707.2000,2616,0,74765700.000,0,-,-,-,-,2706.6000,2706.4000,2706.0000,2705.0000,2703.0000,2708.0000,2708.6000,2709.0000,2710.0000,2711.8000,1,1,1,2,1,1,1,1,3,1
SF,IH2012,2020-05-15 09:38:22.700,2706.6000,2616,0,75577680.000,1,0,1,多换,S,2706.4000,2706.0000,2705.0000,2703.0000,2702.8000,2708.0000,2708.6000,2709.0000,2710.0000,2711.8000,1,1,2,1,1,1,1,1,3,1
SF,IH2012,2020-05-15 09:38:23.200,2706.6000,2616,0,75577680.000,0,-,-,-,-,2706.4000,2706.0000,2705.2000,2705.0000,2703.0000,2708.0000,2708.6000,2709.0000,2710.0000,2711.8000,1,1,1,2,1,1,1,1,3,1
SF,IH2012,2020-05-15 09:38:24.700,2706.6000,2616,0,75577680.000,0,-,-,-,-,2706.4000,2706.0000,2705.2000,2705.0000,2703.0000,2707.8000,2708.0000,2708.6000,2709.0000,2710.0000,1,1,1,2,1,1,1,1,1,3
SF,IH2012,2020-05-15 09:38:26.200,2706.4000,2616,0,76389600.000,1,0,1,多换,S,2706.0000,2705.2000,2705.0000,2703.0000,2702.8000,2707.8000,2708.0000,2708.6000,2709.0000,2710.0000,1,1,2,1,1,1,1,1,1,3
SF,IH2012,2020-05-15 09:38:26.700,2706.4000,2616,0,76389600.000,0,-,-,-,-,2706.0000,2705.2000,2705.0000,2703.0000,2702.8000,2707.6000,2707.8000,2708.0000,2708.6000,2709.0000,1,1,2,1,1,1,1,1,1,1
SF,IH2012,2020-05-15 09:38:27.700,2706.0000,2616,0,77201400.000,1,0,1,多换,S,2706.0000,2705.2000,2705.0000,2703.0000,2702.8000,2707.6000,2707.8000,2708.0000,2708.6000,2709.0000,1,1,2,1,1,1,1,1,1,1
SF,IH2012,2020-05-15 09:38:28.200,2706.0000,2616,0,77201400.000,0,-,-,-,-,2705.2000,2705.0000,2703.0000,2702.8000,2701.0000,2707.6000,2707.8000,2708.0000,2708.6000,2709.0000,1,2,1,1,1,1,1,1,1,1
SF,IH2012,2020-05-15 09:38:29.200,2706.0000,2616,0,77201400.000,0,-,-,-,-,2705.2000,2705.0000,2703.0000,2702.8000,2701.0000,2707.6000,2707.8000,2708.0000,2708.6000,2709.0000,1,2,1,1,1,2,1,1,1,1
SF,IH2012,2020-05-15 09:38:31.700,2706.0000,2616,0,77201400.000,0,-,-,-,-,2705.2000,2705.0000,2703.0000,2702.8000,2701.0000,2707.4000,2707.6000,2707.8000,2708.0000,2708.6000,1,2,1,1,1,1,2,1,1,1
SF,IH2012,2020-05-15 09:38:32.200,2706.0000,2616,0,77201400.000,0,-,-,-,-,2705.2000,2705.0000,2703.0000,2702.8000,2701.0000,2707.2000,2707.4000,2707.6000,2707.8000,2708.0000,1,2,1,1,1,1,1,1,1,1
SF,IH2012,2020-05-15 09:38:34.200,2706.0000,2616,0,77201400.000,0,-,-,-,-,2705.2000,2705.0000,2703.0000,2702.8000,2701.0000,2707.2000,2707.4000,2707.6000,2707.8000,2708.0000,1,2,1,1,1,1,1,1,1,1
SF,IH2012,2020-05-15 09:38:34.700,2706.0000,2616,0,77201400.000,0,-,-,-,-,2705.2000,2705.0000,2703.0000,2702.8000,2701.0000,2707.0000,2707.2000,2707.6000,2707.8000,2708.0000,1,2,1,1,1,1,1,1,1,1
SF,IH2012,2020-05-15 09:38:35.200,2706.0000,2616,0,77201400.000,0,-,-,-,-,2705.2000,2705.0000,2703.0000,2702.8000,2701.0000,2706.8000,2707.0000,2707.6000,2707.8000,2708.0000,1,2,1,1,1,1,1,1,1,1
SF,IH2012,2020-05-15 09:38:36.200,2706.0000,2616,0,77201400.000,0,-,-,-,-,2705.2000,2705.0000,2703.0000,2702.8000,2701.0000,2706.8000,2707.0000,2707.2000,2707.6000,2707.8000,1,2,1,1,1,1,1,1,1,1
SF,IH2012,2020-05-15 09:38:36.700,2706.0000,2616,0,77201400.000,0,-,-,-,-,2705.2000,2705.0000,2703.0000,2702.8000,2701.0000,2706.8000,2707.2000,2707.6000,2707.8000,2708.0000,2,2,1,1,1,1,1,1,1,1
SF,IH2012,2020-05-15 09:38:39.700,2706.0000,2616,0,77201400.000,0,-,-,-,-,2705.2000,2705.0000,2703.0000,2702.8000,2701.0000,2706.8000,2707.2000,2707.8000,2708.0000,2708.6000,2,2,1,1,1,2,1,1,1,1
SF,IH2012,2020-05-15 09:38:44.200,2706.0000,2616,0,77201400.000,0,-,-,-,-,2705.2000,2705.0000,2703.0000,2702.8000,2701.0000,2706.6000,2706.8000,2707.2000,2707.8000,2708.0000,2,2,1,1,1,1,2,1,1,1
SF,IH2012,2020-05-15 09:38:44.700,2706.0000,2616,0,77201400.000,0,-,-,-,-,2705.2000,2705.0000,2703.0000,2702.8000,2701.0000,2706.6000,2706.8000,2707.2000,2707.8000,2708.0000,2,2,1,1,1,1,2,1,1,1
SF,IH2012,2020-05-15 09:38:45.700,2706.0000,2616,0,77201400.000,0,-,-,-,-,2705.2000,2705.0000,2703.0000,2702.8000,2701.0000,2706.6000,2706.8000,2707.8000,2708.0000,2708.6000,2,2,1,1,1,2,2,1,1,1
SF,IH2012,2020-05-15 09:38:46.200,2706.0000,2616,0,77201400.000,0,-,-,-,-,2705.4000,2705.2000,2705.0000,2703.0000,2702.8000,2706.6000,2706.8000,2707.8000,2708.0000,2708.6000,2,1,2,1,1,2,2,1,1,1
SF,IH2012,2020-05-15 09:38:53.700,2706.0000,2616,0,77201400.000,0,-,-,-,-,2705.4000,2705.2000,2705.0000,2703.0000,2702.8000,2706.6000,2706.8000,2707.8000,2708.0000,2708.6000,2,1,2,1,1,3,2,1,1,1
SF,IH2012,2020-05-15 09:38:56.700,2706.0000,2616,0,77201400.000,0,-,-,-,-,2705.2000,2705.0000,2703.0000,2702.8000,2701.0000,2706.6000,2706.8000,2707.8000,2708.0000,2708.6000,1,2,1,1,1,3,2,1,1,1
SF,IH2012,2020-05-15 09:38:59.200,2705.2000,2617,1,78012960.000,1,1,0,双开,S,2705.0000,2703.0000,2702.8000,2701.0000,2700.2000,2706.6000,2706.8000,2707.8000,2708.0000,2708.6000,2,1,1,1,1,3,2,1,1,1
SF,IH2012,2020-05-15 09:38:59.700,2705.2000,2617,0,78012960.000,0,-,-,-,-,2705.0000,2703.0000,2702.8000,2701.0000,2700.2000,2706.6000,2706.8000,2707.8000,2708.0000,2708.6000,2,1,1,1,1,4,2,1,1,1
SF,IH2012,2020-05-15 09:39:02.700,2705.2000,2617,0,78012960.000,0,-,-,-,-,2705.0000,2703.0000,2702.8000,2701.0000,2700.2000,2706.6000,2706.8000,2707.8000,2708.0000,2708.6000,2,1,1,1,1,5,1,1,1,1
SF,IH2012,2020-05-15 09:39:03.700,2705.0000,2618,1,78824460.000,1,1,0,双开,S,2705.0000,2703.0000,2702.8000,2701.0000,2700.2000,2706.6000,2706.8000,2707.8000,2708.0000,2708.6000,1,1,1,1,1,5,1,1,1,1
SF,IH2012,2020-05-15 09:39:04.200,2705.0000,2617,-1,79635960.000,1,0,1,双平,S,2703.0000,2702.8000,2701.0000,2700.2000,2700.0000,2706.6000,2706.8000,2707.8000,2708.0000,2708.6000,1,1,1,1,1,5,1,1,1,1
SF,IH2012,2020-05-15 09:39:04.700,2705.0000,2617,0,79635960.000,0,-,-,-,-,2703.2000,2703.0000,2702.8000,2701.0000,2700.2000,2706.4000,2706.6000,2707.8000,2708.0000,2708.6000,1,1,1,1,1,1,5,1,1,1
SF,IH2012,2020-05-15 09:39:05.200,2705.0000,2617,0,79635960.000,0,-,-,-,-,2703.2000,2703.0000,2702.8000,2701.0000,2700.2000,2706.4000,2706.6000,2707.8000,2708.0000,2708.6000,1,1,1,1,1,1,5,1,1,1
SF,IH2012,2020-05-15 09:39:07.700,2705.0000,2617,0,79635960.000,0,-,-,-,-,2703.2000,2703.0000,2702.8000,2701.0000,2700.2000,2706.4000,2706.6000,2707.8000,2708.0000,2708.6000,1,1,1,1,1,1,4,1,1,1
SF,IH2012,2020-05-15 09:39:08.200,2705.0000,2617,0,79635960.000,0,-,-,-,-,2703.2000,2703.0000,2702.8000,2701.0000,2700.2000,2706.4000,2706.6000,2707.8000,2708.0000,2708.6000,1,1,1,1,1,2,4,1,1,1
SF,IH2012,2020-05-15 09:39:08.700,2705.0000,2617,0,79635960.000,0,-,-,-,-,2703.4000,2703.2000,2703.0000,2702.8000,2701.0000,2706.4000,2706.6000,2707.8000,2708.0000,2708.6000,2,1,1,1,1,2,4,1,1,1
SF,IH2012,2020-05-15 09:39:09.200,2705.0000,2617,0,79635960.000,0,-,-,-,-,2703.6000,2703.4000,2703.0000,2702.8000,2701.0000,2706.4000,2706.6000,2707.8000,2708.0000,2708.6000,2,2,1,1,1,2,4,1,1,1
SF,IH2012,2020-05-15 09:39:10.200,2705.0000,2617,0,79635960.000,0,-,-,-,-,2703.8000,2703.6000,2703.4000,2703.0000,2702.8000,2706.4000,2706.6000,2707.8000,2708.0000,2708.6000,1,2,1,1,1,2,4,1,1,1
SF,IH2012,2020-05-15 09:39:10.700,2705.0000,2617,0,79635960.000,0,-,-,-,-,2704.0000,2703.8000,2703.4000,2703.0000,2702.8000,2706.4000,2706.6000,2707.8000,2708.0000,2708.6000,2,3,1,1,1,3,3,1,1,1
SF,IH2012,2020-05-15 09:39:12.200,2705.0000,2617,0,79635960.000,0,-,-,-,-,2704.0000,2703.8000,2703.4000,2703.0000,2702.8000,2706.4000,2706.6000,2707.8000,2708.0000,2708.6000,2,2,1,1,1,3,3,1,1,1
SF,IH2012,2020-05-15 09:39:15.700,2705.0000,2617,0,79635960.000,0,-,-,-,-,2704.0000,2703.8000,2703.4000,2703.0000,2702.8000,2706.4000,2706.6000,2707.8000,2708.0000,2708.6000,2,2,1,1,1,4,2,1,1,1
SF,IH2012,2020-05-15 09:39:16.200,2705.0000,2617,0,79635960.000,0,-,-,-,-,2703.8000,2703.0000,2702.8000,2701.0000,2700.2000,2706.4000,2706.6000,2707.8000,2708.0000,2708.6000,2,1,1,1,1,4,2,1,1,1
SF,IH2012,2020-05-15 09:39:16.700,2705.0000,2617,0,79635960.000,0,-,-,-,-,2703.0000,2702.8000,2701.0000,2700.2000,2700.0000,2706.4000,2706.6000,2707.8000,2708.0000,2708.6000,1,1,1,1,1,4,2,1,1,1
SF,IH2012,2020-05-15 09:39:17.200,2705.0000,2617,0,79635960.000,0,-,-,-,-,2703.2000,2703.0000,2702.8000,2701.0000,2700.2000,2706.4000,2706.6000,2707.8000,2708.0000,2708.6000,1,2,1,1,1,4,2,1,1,1
SF,IH2012,2020-05-15 09:39:18.700,2705.0000,2617,0,79635960.000,0,-,-,-,-,2703.2000,2703.0000,2702.8000,2701.0000,2700.2000,2706.4000,2706.6000,2707.8000,2708.0000,2708.6000,2,2,1,1,1,5,1,1,1,1
SF,IH2012,2020-05-15 09:39:21.200,2705.0000,2617,0,79635960.000,0,-,-,-,-,2703.2000,2703.0000,2702.8000,2701.0000,2700.2000,2706.4000,2706.6000,2707.8000,2708.0000,2708.6000,2,2,1,1,1,5,1,1,1,1
SF,IH2012,2020-05-15 09:39:22.200,2705.0000,2617,0,79635960.000,0,-,-,-,-,2703.2000,2703.0000,2702.8000,2701.0000,2700.2000,2706.4000,2706.6000,2707.8000,2708.0000,2708.6000,2,1,1,1,1,5,1,1,1,1
SF,IH2012,2020-05-15 09:39:22.700,2705.0000,2617,0,79635960.000,0,-,-,-,-,2703.4000,2703.2000,2703.0000,2702.8000,2701.0000,2706.4000,2706.6000,2707.8000,2708.0000,2708.6000,1,1,1,1,1,5,1,1,1,1
SF,IH2012,2020-05-15 09:39:23.200,2705.0000,2617,0,79635960.000,0,-,-,-,-,2703.4000,2703.0000,2702.8000,2701.0000,2700.2000,2706.4000,2706.6000,2707.8000,2708.0000,2708.6000,1,1,1,1,1,5,1,1,1,1
SF,IH2012,2020-05-15 09:39:23.700,2705.0000,2617,0,79635960.000,0,-,-,-,-,2703.4000,2703.0000,2702.8000,2701.0000,2700.2000,2706.4000,2706.6000,2707.8000,2708.0000,2708.6000,2,1,1,1,1,5,1,1,1,1
SF,IH2012,2020-05-15 09:39:24.200,2705.0000,2617,0,79635960.000,0,-,-,-,-,2703.4000,2703.2000,2703.0000,2702.8000,2701.0000,2706.4000,2706.6000,2707.8000,2708.0000,2708.6000,2,1,1,1,1,5,1,1,1,1
SF,IH2012,2020-05-15 09:39:24.700,2705.0000,2617,0,79635960.000,0,-,-,-,-,2703.4000,2703.2000,2703.0000,2702.8000,2701.0000,2706.4000,2706.6000,2707.8000,2708.0000,2708.6000,1,1,1,1,1,5,1,1,1,1
SF,IH2012,2020-05-15 09:39:26.200,2705.0000,2617,0,79635960.000,0,-,-,-,-,2703.2000,2703.0000,2702.8000,2701.0000,2700.2000,2706.4000,2706.6000,2707.8000,2708.0000,2708.6000,1,1,1,1,1,5,1,1,1,1
SF,IH2012,2020-05-15 09:39:27.700,2705.0000,2617,0,79635960.000,0,-,-,-,-,2703.2000,2703.0000,2702.8000,2701.0000,2700.2000,2706.4000,2706.6000,2707.8000,2708.0000,2708.6000,1,1,1,1,1,4,1,1,1,1
SF,IH2012,2020-05-15 09:39:28.200,2705.0000,2617,0,79635960.000,0,-,-,-,-,2703.2000,2703.0000,2702.8000,2701.0000,2700.2000,2706.2000,2706.4000,2706.6000,2707.8000,2708.0000,1,1,1,1,1,2,5,1,1,1
SF,IH2012,2020-05-15 09:39:28.700,2705.0000,2617,0,79635960.000,0,-,-,-,-,2703.2000,2703.0000,2702.8000,2701.0000,2700.2000,2706.0000,2706.2000,2706.4000,2706.6000,2707.8000,1,1,1,1,1,1,3,4,1,1
SF,IH2012,2020-05-15 09:39:29.200,2705.0000,2617,0,79635960.000,0,-,-,-,-,2703.4000,2703.2000,2703.0000,2701.0000,2700.2000,2706.0000,2706.2000,2706.4000,2706.6000,2707.8000,2,1,1,1,1,1,3,4,1,1
SF,IH2012,2020-05-15 09:39:29.700,2705.0000,2617,0,79635960.000,0,-,-,-,-,2703.4000,2703.2000,2703.0000,2701.0000,2700.2000,2706.0000,2706.2000,2706.4000,2706.6000,2707.8000,2,1,1,2,1,1,3,4,1,1
SF,IH2012,2020-05-15 09:39:30.700,2705.0000,2617,0,79635960.000,0,-,-,-,-,2703.4000,2703.2000,2703.0000,2701.0000,2700.2000,2706.0000,2706.2000,2706.4000,2706.6000,2707.8000,1,1,1,2,1,1,3,4,1,1
SF,IH2012,2020-05-15 09:39:31.200,2705.0000,2617,0,79635960.000,0,-,-,-,-,2703.4000,2703.2000,2703.0000,2701.0000,2700.2000,2706.0000,2706.2000,2706.4000,2706.6000,2708.0000,1,1,1,2,1,2,3,3,1,1
SF,IH2012,2020-05-15 09:39:32.200,2705.0000,2617,0,79635960.000,0,-,-,-,-,2703.2000,2703.0000,2701.0000,2700.2000,2700.0000,2706.0000,2706.2000,2706.4000,2706.6000,2708.0000,1,1,2,1,1,2,3,3,1,1
SF,IH2012,2020-05-15 09:39:33.200,2705.0000,2617,0,79635960.000,0,-,-,-,-,2703.2000,2703.0000,2701.0000,2700.2000,2700.0000,2705.8000,2706.0000,2706.2000,2706.4000,2706.6000,1,1,2,1,1,1,2,2,3,1
SF,IH2012,2020-05-15 09:39:33.700,2705.0000,2617,0,79635960.000,0,-,-,-,-,2703.2000,2703.0000,2701.0000,2700.2000,2700.0000,2705.6000,2705.8000,2706.0000,2706.2000,2706.4000,1,1,2,1,1,1,2,1,2,2
SF,IH2012,2020-05-15 09:39:35.700,2705.0000,2617,0,79635960.000,0,-,-,-,-,2703.2000,2703.0000,2701.0000,2700.2000,2700.0000,2705.6000,2705.8000,2706.0000,2706.2000,2706.4000,2,1,2,1,1,1,2,1,2,2
SF,IH2012,2020-05-15 09:39:37.700,2705.0000,2617,0,79635960.000,0,-,-,-,-,2703.2000,2703.0000,2701.0000,2700.2000,2700.0000,2705.6000,2705.8000,2706.0000,2706.2000,2706.4000,2,1,2,1,1,2,2,1,2,1
SF,IH2012,2020-05-15 09:39:40.700,2705.0000,2617,0,79635960.000,0,-,-,-,-,2703.2000,2703.0000,2701.0000,2700.2000,2700.0000,2705.6000,2705.8000,2706.0000,2706.2000,2706.6000,2,1,2,1,1,2,2,1,2,1
SF,IH2012,2020-05-15 09:39:41.200,2705.0000,2617,0,79635960.000,0,-,-,-,-,2703.4000,2703.2000,2703.0000,2701.0000,2700.2000,2705.6000,2705.8000,2706.0000,2706.2000,2706.6000,1,2,1,2,1,3,2,1,2,1
SF,IH2012,2020-05-15 09:39:41.700,2705.0000,2617,0,79635960.000,0,-,-,-,-,2703.6000,2703.4000,2703.2000,2703.0000,2701.0000,2705.6000,2705.8000,2706.0000,2706.2000,2706.6000,2,2,2,1,2,3,2,1,2,1
SF,IH2012,2020-05-15 09:39:43.200,2705.0000,2617,0,79635960.000,0,-,-,-,-,2703.6000,2703.4000,2703.2000,2703.0000,2701.0000,2705.6000,2705.8000,2706.0000,2706.2000,2706.6000,2,2,2,1,2,3,1,1,1,1
SF,IH2012,2020-05-15 09:39:44.700,2703.6000,2616,-1,80447040.000,1,0,1,双平,S,2703.6000,2703.4000,2703.2000,2703.0000,2701.0000,2705.6000,2705.8000,2706.0000,2706.2000,2706.6000,1,2,2,1,2,2,1,1,1,1
SF,IH2012,2020-05-15 09:39:45.200,2703.6000,2616,0,80447040.000,0,-,-,-,-,2703.6000,2703.2000,2703.0000,2701.0000,2700.2000,2705.6000,2705.8000,2706.0000,2706.2000,2706.6000,1,2,1,2,1,2,1,1,1,1
SF,IH2012,2020-05-15 09:39:45.700,2705.6000,2616,0,81258720.000,1,0,1,多换,S,2703.8000,2703.6000,2703.2000,2703.0000,2701.0000,2705.6000,2705.8000,2706.0000,2706.2000,2706.6000,1,1,2,1,2,1,1,1,1,1
SF,IH2012,2020-05-15 09:39:46.700,2703.8000,2615,-1,82069860.000,1,0,1,双平,S,2703.2000,2703.0000,2701.0000,2700.2000,2700.0000,2705.4000,2705.8000,2706.0000,2706.2000,2706.6000,2,1,2,1,1,2,1,1,1,1
SF,IH2012,2020-05-15 09:39:47.200,2703.8000,2615,0,82069860.000,0,-,-,-,-,2704.0000,2703.2000,2703.0000,2701.0000,2700.2000,2705.4000,2705.8000,2706.0000,2706.2000,2706.6000,1,3,1,2,1,1,1,1,1,1
SF,IH2012,2020-05-15 09:39:48.700,2703.8000,2614,-1,82881000.000,1,0,1,双平,S,2703.2000,2703.0000,2701.0000,2700.2000,2700.0000,2705.4000,2705.8000,2706.2000,2706.6000,2708.0000,3,1,2,1,1,1,1,1,1,1
SF,IH2012,2020-05-15 09:39:49.200,2703.8000,2614,0,82881000.000,0,-,-,-,-,2703.2000,2703.0000,2701.0000,2700.2000,2700.0000,2705.4000,2705.8000,2706.2000,2706.6000,2708.0000,3,1,2,1,1,2,1,1,1,1
SF,IH2012,2020-05-15 09:39:49.700,2703.8000,2614,0,82881000.000,0,-,-,-,-,2703.2000,2703.0000,2701.0000,2700.2000,2700.0000,2705.4000,2705.8000,2706.6000,2708.0000,2708.6000,3,1,2,1,1,2,1,1,1,1
SF,IH2012,2020-05-15 09:39:50.700,2703.4000,2614,0,83692020.000,1,0,1,多换,S,2703.2000,2703.0000,2701.0000,2700.2000,2700.0000,2705.4000,2706.6000,2708.0000,2708.6000,2709.0000,3,1,2,1,1,2,1,1,1,1
SF,IH2012,2020-05-15 09:39:51.700,2703.4000,2614,0,83692020.000,0,-,-,-,-,2703.2000,2703.0000,2701.0000,2700.2000,2700.0000,2704.8000,2705.4000,2706.6000,2708.0000,2708.6000,3,1,2,1,1,1,2,1,1,1
SF,IH2012,2020-05-15 09:39:52.200,2703.4000,2614,0,83692020.000,0,-,-,-,-,2703.2000,2703.0000,2701.0000,2700.2000,2700.0000,2704.8000,2705.4000,2706.6000,2708.0000,2708.6000,3,1,2,1,1,1,1,1,1,1
SF,IH2012,2020-05-15 09:39:52.700,2703.2000,2614,0,84502980.000,1,0,1,多换,S,2703.2000,2703.0000,2701.0000,2700.2000,2700.0000,2704.8000,2705.4000,2706.6000,2708.0000,2708.6000,2,1,2,1,1,1,1,1,1,1
SF,IH2012,2020-05-15 09:39:56.700,2703.2000,2614,0,84502980.000,0,-,-,-,-,2703.8000,2703.2000,2703.0000,2701.0000,2700.2000,2705.4000,2706.6000,2708.0000,2708.6000,2709.0000,1,2,1,2,1,1,1,1,1,1
SF,IH2012,2020-05-15 09:40:02.700,2703.2000,2614,0,84502980.000,0,-,-,-,-,2703.8000,2703.2000,2703.0000,2701.0000,2700.2000,2705.2000,2705.4000,2706.6000,2708.0000,2708.6000,1,2,1,2,1,2,1,1,1,1
SF,IH2012,2020-05-15 09:40:04.700,2703.2000,2615,1,85313940.000,1,1,0,双开,S,2703.2000,2703.0000,2701.0000,2700.2000,2700.0000,2705.2000,2705.4000,2706.6000,2708.0000,2708.6000,2,1,2,1,1,2,1,1,1,1
SF,IH2012,2020-05-15 09:40:05.200,2703.2000,2615,0,85313940.000,0,-,-,-,-,2703.2000,2703.0000,2701.0000,2700.2000,2700.0000,2705.0000,2705.2000,2706.6000,2708.0000,2708.6000,2,1,2,1,1,1,2,1,1,1
SF,IH2012,2020-05-15 09:40:07.200,2703.2000,2615,0,85313940.000,0,-,-,-,-,2703.2000,2703.0000,2701.0000,2700.2000,2700.0000,2705.0000,2705.2000,2706.6000,2708.0000,2708.6000,2,1,2,1,1,1,2,1,1,1
SF,IH2012,2020-05-15 09:40:08.700,2703.2000,2615,0,85313940.000,0,-,-,-,-,2703.4000,2703.2000,2703.0000,2701.0000,2700.2000,2705.0000,2705.2000,2706.6000,2708.0000,2708.6000,1,2,1,2,1,1,2,1,1,1
SF,IH2012,2020-05-15 09:40:09.200,2703.2000,2615,0,85313940.000,0,-,-,-,-,2703.4000,2703.2000,2703.0000,2702.8000,2701.0000,2705.0000,2705.2000,2706.6000,2708.0000,2708.6000,1,2,1,1,2,1,2,1,1,1
SF,IH2012,2020-05-15 09:40:09.700,2705.2000,2613,-2,87748560.000,3,0,3,多平,S,2705.2000,2703.4000,2703.2000,2703.0000,2702.8000,2706.6000,2708.0000,2708.6000,2709.0000,2710.0000,1,1,1,1,1,1,1,1,1,3
SF,IH2012,2020-05-15 09:40:10.200,2705.2000,2613,0,87748560.000,0,-,-,-,-,2705.2000,2703.8000,2703.6000,2703.2000,2703.0000,2706.6000,2708.0000,2708.6000,2709.0000,2710.0000,1,1,1,1,1,1,1,1,1,3
