市场代码,合约代码,时间,最新,持仓,增仓,成交额,成交量,开仓,平仓,成交类型,方向,买一价,买二价,买三价,买四价,买五价,卖一价,卖二价,卖三价,卖四价,卖五价,买一量,买二量,买三量,买四量,买五量,卖一量,卖二量,卖三量,卖四量,卖五量
SF,IH2009,2020-01-23 09:29:00.300,2982.8000,1244,0,894840.000,1.000,-,-,-,-,2979.4000,2975.0000,2973.0000,2968.0000,2967.6000,2983.0000,2984.2000,2990.0000,2994.4000,2995.0000,1,7,1,1,1,1,1,2,2,1
SF,IH2009,2020-01-23 09:30:00.300,2983.0000,1245,1,1789740.000,1,1,0,双开,S,2980.0000,2979.4000,2975.0000,2970.0000,2968.0000,2990.0000,2994.4000,2995.0000,2996.0000,3000.0000,1,1,7,1,1,2,2,1,1,1
SF,IH2009,2020-01-23 09:30:00.800,2983.0000,1245,0,1789740.000,0,-,-,-,-,2980.4000,2980.2000,2980.0000,2975.0000,2970.0000,2981.4000,2981.6000,2984.8000,2988.6000,2989.8000,5,1,1,7,1,1,1,1,3,3
SF,IH2009,2020-01-23 09:30:01.300,2981.4000,1244,-1,2684160.000,1,0,1,双平,S,2981.4000,2980.4000,2980.0000,2975.0000,2970.0000,2981.6000,2984.8000,2988.6000,2989.8000,2990.0000,1,5,1,7,1,1,1,3,2,2
SF,IH2009,2020-01-23 09:30:01.800,2980.4000,1243,-1,4472700.000,2,0,2,多平,S,2980.4000,2980.0000,2975.0000,2970.0000,2967.8000,2984.8000,2986.8000,2988.6000,2989.8000,2990.0000,4,1,7,1,5,1,2,3,2,2
SF,IH2009,2020-01-23 09:30:02.300,2980.4000,1243,0,4472700.000,0,-,-,-,-,2980.6000,2980.4000,2980.0000,2975.0000,2970.0000,2984.6000,2984.8000,2986.8000,2988.6000,2989.8000,1,4,1,7,1,2,1,2,3,2
SF,IH2009,2020-01-23 09:30:02.800,2980.4000,1243,0,4472700.000,0,-,-,-,-,2980.6000,2980.4000,2980.0000,2975.0000,2970.0000,2984.4000,2984.6000,2984.8000,2986.8000,2988.6000,1,4,1,7,1,2,1,1,2,3
SF,IH2009,2020-01-23 09:30:03.300,2980.4000,1243,0,4472700.000,0,-,-,-,-,2980.6000,2980.4000,2980.0000,2975.0000,2970.0000,2984.2000,2984.4000,2984.6000,2984.8000,2986.8000,1,4,2,7,1,1,2,1,1,2
SF,IH2009,2020-01-23 09:30:03.800,2984.0000,1243,0,5367900.000,1,0,1,多换,S,2980.4000,2980.0000,2975.0000,2970.0000,2967.8000,2984.0000,2984.2000,2984.6000,2984.8000,2986.8000,4,2,7,1,5,1,1,1,1,2
SF,IH2009,2020-01-23 09:30:04.300,2980.4000,1242,-1,7156140.000,2,0,2,多平,S,2980.4000,2980.0000,2975.0000,2970.0000,2967.8000,2983.8000,2984.0000,2984.2000,2984.6000,2984.8000,3,2,7,1,5,2,1,1,1,1
SF,IH2009,2020-01-23 09:30:04.800,2980.4000,1242,0,7156140.000,0,-,-,-,-,2980.6000,2980.4000,2980.0000,2975.0000,2970.0000,2983.6000,2983.8000,2984.2000,2984.6000,2984.8000,1,3,2,7,1,1,2,1,1,1
SF,IH2009,2020-01-23 09:30:05.300,2980.4000,1243,1,8050260.000,1,1,0,双开,S,2980.4000,2980.0000,2975.0000,2970.0000,2967.8000,2983.4000,2983.8000,2984.2000,2984.6000,2984.8000,2,2,7,1,5,2,2,1,1,1
SF,IH2009,2020-01-23 09:30:05.800,2980.4000,1243,0,8050260.000,0,-,-,-,-,2980.4000,2980.0000,2975.0000,2970.0000,2967.8000,2983.4000,2983.8000,2984.2000,2984.6000,2984.8000,2,2,7,1,5,2,2,1,1,1
SF,IH2009,2020-01-23 09:30:06.300,2980.4000,1243,0,8050260.000,0,-,-,-,-,2980.4000,2980.0000,2975.0000,2970.0000,2967.8000,2983.2000,2983.4000,2983.8000,2984.2000,2984.6000,2,2,7,1,5,1,2,2,1,1
SF,IH2009,2020-01-23 09:30:06.800,2980.4000,1243,0,9838500.000,2,1,1,多换,S,2980.0000,2975.0000,2970.0000,2967.8000,2967.4000,2983.0000,2983.4000,2983.8000,2984.2000,2984.8000,2,7,1,5,1,1,1,2,1,1
SF,IH2009,2020-01-23 09:30:07.300,2980.0000,1242,-1,11626500.000,2,0,2,多平,S,2975.0000,2970.0000,2967.4000,2964.0000,2963.0000,2982.8000,2983.0000,2983.4000,2983.8000,2984.2000,7,1,1,5,1,1,1,1,1,1
SF,IH2009,2020-01-23 09:30:07.800,2980.0000,1242,0,11626500.000,0,-,-,-,-,2975.2000,2975.0000,2970.0000,2967.4000,2964.0000,2982.6000,2982.8000,2983.0000,2983.4000,2983.8000,1,7,1,1,5,2,1,1,1,1
SF,IH2009,2020-01-23 09:30:08.300,2980.0000,1242,0,11626500.000,0,-,-,-,-,2975.2000,2975.0000,2970.0000,2967.4000,2964.0000,2982.6000,2982.8000,2983.0000,2983.4000,2983.8000,1,7,1,1,5,1,1,1,1,1
SF,IH2009,2020-01-23 09:30:09.800,2980.0000,1242,0,11626500.000,0,-,-,-,-,2975.2000,2975.0000,2970.0000,2967.4000,2964.0000,2982.4000,2982.6000,2983.0000,2983.4000,2983.8000,1,7,1,1,5,2,1,1,1,1
SF,IH2009,2020-01-23 09:30:10.300,2980.0000,1242,0,12520500.000,1,0,1,多换,S,2975.4000,2975.2000,2975.0000,2967.4000,2964.0000,2982.2000,2982.4000,2982.6000,2983.0000,2983.4000,1,1,7,1,5,1,2,1,1,1
SF,IH2009,2020-01-23 09:30:10.800,2980.0000,1242,0,12520500.000,0,-,-,-,-,2975.6000,2975.4000,2975.0000,2967.4000,2964.0000,2982.0000,2982.2000,2982.4000,2982.6000,2983.0000,1,1,7,1,5,1,1,1,1,1
SF,IH2009,2020-01-23 09:30:11.300,2980.0000,1242,0,12520500.000,0,-,-,-,-,2975.8000,2975.6000,2975.4000,2975.0000,2967.4000,2981.8000,2982.2000,2982.4000,2982.6000,2983.0000,1,1,1,7,1,1,1,1,1,1
SF,IH2009,2020-01-23 09:30:11.800,2980.0000,1242,0,12520500.000,0,-,-,-,-,2976.0000,2975.4000,2975.0000,2967.4000,2964.0000,2980.0000,2981.8000,2982.2000,2982.4000,2982.6000,1,1,7,1,5,1,1,1,1,1
SF,IH2009,2020-01-23 09:30:12.300,2980.0000,1242,0,12520500.000,0,-,-,-,-,2976.0000,2975.4000,2975.0000,2967.4000,2964.0000,2980.0000,2981.8000,2982.2000,2982.4000,2982.6000,1,1,7,1,5,1,1,1,1,1
SF,IH2009,2020-01-23 09:30:12.800,2980.0000,1242,0,12520500.000,0,-,-,-,-,2976.0000,2975.4000,2975.0000,2967.4000,2964.0000,2979.8000,2980.0000,2981.8000,2982.2000,2982.6000,1,1,7,1,5,1,1,1,1,1
SF,IH2009,2020-01-23 09:30:13.300,2980.0000,1242,0,12520500.000,0,-,-,-,-,2976.0000,2975.4000,2975.0000,2967.4000,2964.0000,2979.8000,2980.0000,2981.8000,2982.2000,2982.6000,1,1,7,1,5,1,1,1,1,1
SF,IH2009,2020-01-23 09:30:13.800,2980.0000,1242,0,12520500.000,0,-,-,-,-,2976.2000,2976.0000,2975.0000,2967.4000,2964.0000,2979.6000,2979.8000,2980.0000,2981.8000,2982.2000,1,1,7,1,5,1,1,1,1,1
SF,IH2009,2020-01-23 09:30:14.300,2980.0000,1242,0,12520500.000,0,-,-,-,-,2976.4000,2975.0000,2967.4000,2964.0000,2963.0000,2979.6000,2979.8000,2980.0000,2981.8000,2982.2000,1,7,1,5,1,1,1,1,1,1
SF,IH2009,2020-01-23 09:30:16.300,2980.0000,1242,0,12520500.000,0,-,-,-,-,2976.4000,2975.0000,2967.4000,2964.0000,2963.0000,2979.4000,2979.6000,2980.0000,2981.8000,2982.2000,1,7,1,5,1,1,1,1,1,1
SF,IH2009,2020-01-23 09:30:16.800,2980.0000,1242,0,12520500.000,0,-,-,-,-,2976.6000,2976.4000,2975.0000,2967.4000,2964.0000,2979.4000,2980.0000,2981.8000,2982.2000,2982.6000,1,1,7,1,5,1,1,1,1,1
SF,IH2009,2020-01-23 09:30:17.300,2980.0000,1242,0,12520500.000,0,-,-,-,-,2976.8000,2976.6000,2975.0000,2967.4000,2964.0000,2979.4000,2980.0000,2981.8000,2982.2000,2982.6000,1,1,7,1,5,1,1,1,1,1
SF,IH2009,2020-01-23 09:30:17.800,2980.0000,1242,0,12520500.000,0,-,-,-,-,2978.0000,2976.8000,2975.0000,2967.4000,2964.0000,2979.2000,2979.4000,2980.0000,2981.8000,2982.2000,1,1,7,1,5,2,1,1,1,1
SF,IH2009,2020-01-23 09:30:18.300,2978.0000,1242,0,13413900.000,1,0,1,多换,S,2976.8000,2975.0000,2967.4000,2964.0000,2963.0000,2979.2000,2979.4000,2980.0000,2981.8000,2982.2000,1,7,1,5,1,1,1,1,1,1
SF,IH2009,2020-01-23 09:30:18.800,2978.0000,1242,0,13413900.000,0,-,-,-,-,2977.0000,2976.8000,2975.0000,2967.4000,2964.0000,2979.0000,2979.4000,2980.0000,2981.8000,2982.2000,1,1,7,1,5,2,1,1,1,1
SF,IH2009,2020-01-23 09:30:19.300,2978.0000,1242,0,13413900.000,0,-,-,-,-,2977.2000,2977.0000,2975.0000,2967.4000,2964.0000,2979.0000,2979.4000,2980.0000,2981.8000,2982.2000,1,1,7,1,5,1,1,1,1,1
SF,IH2009,2020-01-23 09:30:19.800,2978.0000,1242,0,13413900.000,0,-,-,-,-,2977.2000,2975.0000,2967.4000,2964.0000,2963.0000,2978.8000,2979.0000,2980.0000,2981.8000,2982.2000,1,7,1,5,1,2,1,1,1,1
SF,IH2009,2020-01-23 09:30:20.300,2978.0000,1242,0,13413900.000,0,-,-,-,-,2975.0000,2967.4000,2964.0000,2963.0000,2961.8000,2978.6000,2978.8000,2979.0000,2980.0000,2981.8000,7,1,5,1,1,1,2,1,1,1
SF,IH2009,2020-01-23 09:30:20.800,2978.0000,1242,0,13413900.000,0,-,-,-,-,2975.2000,2975.0000,2967.4000,2964.0000,2963.0000,2978.6000,2978.8000,2979.0000,2980.0000,2981.8000,1,7,1,5,1,1,2,1,1,1
SF,IH2009,2020-01-23 09:30:21.300,2978.0000,1242,0,13413900.000,0,-,-,-,-,2975.4000,2975.2000,2975.0000,2970.0000,2967.4000,2978.6000,2978.8000,2979.0000,2980.0000,2981.8000,1,1,7,1,1,1,1,1,1,1
SF,IH2009,2020-01-23 09:30:21.800,2978.0000,1242,0,13413900.000,0,-,-,-,-,2975.6000,2975.4000,2975.0000,2970.0000,2967.4000,2978.6000,2978.8000,2979.0000,2979.2000,2980.0000,1,1,7,1,1,1,1,1,1,1
SF,IH2009,2020-01-23 09:30:22.300,2978.0000,1242,0,13413900.000,0,-,-,-,-,2975.6000,2975.4000,2975.0000,2970.0000,2967.4000,2978.6000,2978.8000,2979.0000,2979.2000,2980.0000,1,1,7,1,1,1,1,1,1,1
SF,IH2009,2020-01-23 09:30:22.800,2978.0000,1242,0,13413900.000,0,-,-,-,-,2975.6000,2975.0000,2970.0000,2967.4000,2964.0000,2978.4000,2978.6000,2979.0000,2979.2000,2980.0000,1,7,1,1,5,2,1,1,1,1
SF,IH2009,2020-01-23 09:30:23.300,2978.0000,1242,0,13413900.000,0,-,-,-,-,2975.6000,2975.0000,2970.0000,2967.4000,2964.0000,2978.4000,2978.6000,2979.0000,2979.2000,2980.0000,1,7,1,1,5,2,1,1,1,1
SF,IH2009,2020-01-23 09:30:24.300,2978.2000,1242,0,14307360.000,1,0,1,多换,S,2975.6000,2975.0000,2970.0000,2967.4000,2964.0000,2978.4000,2978.6000,2979.0000,2979.2000,2980.0000,1,7,1,1,5,2,1,1,1,1
SF,IH2009,2020-01-23 09:30:24.800,2978.2000,1242,0,14307360.000,0,-,-,-,-,2975.6000,2975.0000,2970.0000,2967.4000,2964.0000,2978.4000,2979.2000,2980.0000,2981.8000,2986.8000,1,7,1,1,5,2,1,1,1,2
SF,IH2009,2020-01-23 09:30:25.300,2978.2000,1242,0,14307360.000,0,-,-,-,-,2975.8000,2975.6000,2975.0000,2970.0000,2967.4000,2978.4000,2979.2000,2980.0000,2981.8000,2986.8000,1,1,7,1,1,1,1,1,1,2
SF,IH2009,2020-01-23 09:30:25.800,2978.2000,1242,0,14307360.000,0,-,-,-,-,2976.0000,2975.8000,2975.0000,2970.0000,2967.4000,2978.4000,2979.2000,2980.0000,2981.8000,2986.8000,1,1,7,1,1,1,1,1,1,2
SF,IH2009,2020-01-23 09:30:26.300,2978.2000,1242,0,14307360.000,0,-,-,-,-,2976.0000,2975.0000,2970.0000,2967.4000,2964.0000,2978.4000,2979.2000,2980.0000,2981.8000,2986.8000,1,7,1,1,5,1,1,1,1,2
SF,IH2009,2020-01-23 09:30:26.800,2978.2000,1242,0,14307360.000,0,-,-,-,-,2976.0000,2975.0000,2970.0000,2967.4000,2964.0000,2978.2000,2978.4000,2979.2000,2981.8000,2986.8000,1,7,1,1,5,1,1,1,1,2
SF,IH2009,2020-01-23 09:30:27.300,2978.2000,1242,0,14307360.000,0,-,-,-,-,2976.0000,2975.0000,2970.0000,2967.4000,2964.0000,2978.0000,2979.2000,2981.8000,2986.8000,2990.0000,1,7,1,1,5,2,1,1,2,2
SF,IH2009,2020-01-23 09:30:27.800,2978.2000,1242,0,14307360.000,0,-,-,-,-,2976.0000,2975.0000,2970.0000,2967.4000,2964.0000,2977.8000,2978.0000,2979.2000,2981.8000,2986.8000,1,7,1,1,5,1,2,1,1,2
SF,IH2009,2020-01-23 09:30:28.300,2978.2000,1242,0,14307360.000,0,-,-,-,-,2975.0000,2970.0000,2967.4000,2964.0000,2963.0000,2977.8000,2978.0000,2979.2000,2981.8000,2986.8000,7,1,1,5,1,1,1,1,1,2
SF,IH2009,2020-01-23 09:30:28.800,2978.2000,1242,0,14307360.000,0,-,-,-,-,2975.2000,2975.0000,2970.0000,2967.4000,2964.0000,2977.6000,2978.0000,2979.2000,2981.8000,2990.0000,2,7,1,1,5,1,1,3,1,2
SF,IH2009,2020-01-23 09:30:29.300,2978.2000,1242,0,14307360.000,0,-,-,-,-,2975.2000,2975.0000,2970.0000,2967.4000,2964.0000,2977.4000,2978.0000,2979.2000,2981.8000,2990.0000,2,7,1,1,5,1,1,3,1,2
SF,IH2009,2020-01-23 09:30:30.300,2978.2000,1242,0,14307360.000,0,-,-,-,-,2975.2000,2975.0000,2970.0000,2967.4000,2964.0000,2977.2000,2977.4000,2979.2000,2981.8000,2990.0000,2,7,1,1,5,1,1,3,1,2
SF,IH2009,2020-01-23 09:30:30.800,2978.2000,1242,0,14307360.000,0,-,-,-,-,2975.2000,2975.0000,2970.0000,2967.4000,2964.0000,2977.0000,2977.2000,2979.2000,2981.8000,2990.0000,1,7,1,1,5,1,1,3,1,2
SF,IH2009,2020-01-23 09:30:31.300,2975.2000,1241,-1,15199920.000,1,0,1,双平,S,2975.0000,2970.0000,2967.4000,2964.0000,2963.0000,2976.8000,2977.0000,2977.2000,2979.2000,2981.8000,7,1,1,5,1,1,1,1,3,1
SF,IH2009,2020-01-23 09:30:31.800,2975.2000,1241,0,15199920.000,0,-,-,-,-,2975.2000,2975.0000,2970.0000,2967.4000,2964.0000,2976.6000,2977.2000,2979.2000,2981.8000,2990.0000,1,7,1,1,5,1,1,3,1,2
SF,IH2009,2020-01-23 09:30:33.300,2975.2000,1241,0,15199920.000,0,-,-,-,-,2975.0000,2970.0000,2967.4000,2964.0000,2963.0000,2976.4000,2976.6000,2977.2000,2979.2000,2981.8000,7,1,1,5,1,1,1,1,3,1
SF,IH2009,2020-01-23 09:30:33.800,2975.2000,1241,0,15199920.000,0,-,-,-,-,2975.0000,2970.0000,2967.4000,2964.0000,2963.0000,2976.2000,2976.4000,2979.2000,2981.8000,2990.0000,7,1,1,5,1,1,1,3,1,2
SF,IH2009,2020-01-23 09:30:34.300,2975.0000,1242,1,16092420.000,1,1,0,双开,S,2975.0000,2970.0000,2967.4000,2964.0000,2963.0000,2976.2000,2979.2000,2981.8000,2990.0000,2994.4000,6,1,1,5,1,1,3,1,2,2
SF,IH2009,2020-01-23 09:30:34.800,2975.0000,1242,0,16092420.000,0,-,-,-,-,2975.0000,2970.0000,2967.4000,2964.0000,2963.0000,2976.0000,2976.2000,2979.2000,2981.8000,2990.0000,6,1,1,5,1,1,2,3,1,2
SF,IH2009,2020-01-23 09:30:35.300,2975.0000,1242,0,16092420.000,0,-,-,-,-,2975.0000,2970.0000,2967.4000,2964.0000,2963.0000,2975.8000,2976.0000,2976.2000,2979.2000,2981.8000,6,1,1,5,1,1,1,1,3,1
SF,IH2009,2020-01-23 09:30:35.800,2975.0000,1243,1,17877420.000,2,1,1,空开,S,2975.0000,2970.0000,2967.4000,2964.0000,2963.0000,2975.6000,2976.2000,2979.2000,2981.8000,2990.0000,4,1,1,5,1,1,1,3,1,2
SF,IH2009,2020-01-23 09:30:36.300,2975.0000,1243,0,17877420.000,0,-,-,-,-,2975.0000,2970.0000,2967.4000,2964.0000,2963.0000,2975.6000,2976.2000,2979.2000,2981.8000,2990.0000,4,1,1,5,1,1,1,3,1,2
SF,IH2009,2020-01-23 09:30:36.800,2975.0000,1243,0,17877420.000,0,-,-,-,-,2975.0000,2970.0000,2967.4000,2964.0000,2963.0000,2975.6000,2976.2000,2979.2000,2981.8000,2990.0000,4,1,1,5,1,1,1,3,1,2
SF,IH2009,2020-01-23 09:30:37.300,2975.6000,1242,-1,18770100.000,1,0,1,双平,S,2975.0000,2970.0000,2967.4000,2964.0000,2963.0000,2975.4000,2979.2000,2981.8000,2990.0000,2994.4000,4,1,1,5,1,1,3,1,2,2
SF,IH2009,2020-01-23 09:30:37.800,2975.6000,1242,0,20555460.000,2,1,1,多换,S,2975.6000,2975.0000,2970.0000,2967.4000,2964.0000,2979.2000,2981.8000,2990.0000,2994.4000,2995.0000,9,4,1,1,5,3,1,2,2,1
SF,IH2009,2020-01-23 09:30:38.300,2975.6000,1242,0,20555460.000,0,-,-,-,-,2975.8000,2975.6000,2975.0000,2970.0000,2967.4000,2979.0000,2979.2000,2981.8000,2990.0000,2994.4000,2,9,4,1,1,1,3,1,2,2
SF,IH2009,2020-01-23 09:30:38.800,2975.6000,1242,0,20555460.000,0,-,-,-,-,2975.8000,2975.6000,2975.0000,2970.0000,2967.4000,2979.2000,2981.8000,2990.0000,2994.4000,2995.0000,2,9,4,1,1,3,1,2,2,1
SF,IH2009,2020-01-23 09:30:39.800,2975.6000,1242,0,21448140.000,1,0,1,多换,S,2975.6000,2975.0000,2970.0000,2967.4000,2964.0000,2979.0000,2979.2000,2981.8000,2990.0000,2994.4000,9,4,1,1,5,1,3,1,2,2
SF,IH2009,2020-01-23 09:30:40.300,2975.6000,1242,0,21448140.000,0,-,-,-,-,2975.6000,2975.0000,2970.0000,2967.4000,2964.0000,2978.8000,2979.0000,2979.2000,2981.8000,2990.0000,9,4,1,1,5,1,1,3,1,2
SF,IH2009,2020-01-23 09:30:40.800,2975.6000,1242,0,29482260.000,9,4,5,多换,S,2975.0000,2970.0000,2967.4000,2964.0000,2963.0000,2978.8000,2979.0000,2979.2000,2981.8000,2990.0000,4,1,1,5,1,1,1,3,1,2
SF,IH2009,2020-01-23 09:30:41.300,2975.6000,1242,0,29482260.000,0,-,-,-,-,2975.0000,2970.0000,2967.4000,2964.0000,2963.0000,2975.6000,2978.8000,2979.0000,2979.2000,2981.8000,4,1,1,5,1,1,1,1,3,1
SF,IH2009,2020-01-23 09:30:41.800,2975.2000,1241,-1,31267500.000,2,0,2,多平,S,2975.0000,2970.0000,2967.4000,2964.0000,2963.0000,2978.8000,2979.2000,2981.8000,2990.0000,2994.4000,4,1,1,5,1,1,3,1,2,2
SF,IH2009,2020-01-23 09:30:42.300,2975.2000,1241,0,31267500.000,0,-,-,-,-,2975.0000,2970.0000,2967.4000,2964.0000,2963.0000,2978.6000,2978.8000,2979.2000,2981.8000,2994.4000,4,1,1,5,1,2,1,3,1,2
SF,IH2009,2020-01-23 09:30:42.800,2975.2000,1241,0,31267500.000,0,-,-,-,-,2975.0000,2970.0000,2967.4000,2964.0000,2963.0000,2978.4000,2978.6000,2979.2000,2981.8000,2994.4000,4,1,1,5,1,2,2,3,1,2
SF,IH2009,2020-01-23 09:30:43.300,2975.2000,1241,0,31267500.000,0,-,-,-,-,2975.0000,2970.0000,2967.4000,2964.0000,2963.0000,2978.2000,2978.4000,2978.6000,2979.2000,2981.8000,4,1,1,5,1,1,2,1,3,1
SF,IH2009,2020-01-23 09:30:43.800,2975.2000,1241,0,32160060.000,1,0,1,多换,S,2975.0000,2970.0000,2967.4000,2964.0000,2963.0000,2978.0000,2978.6000,2979.2000,2981.8000,2994.4000,4,1,1,5,1,1,1,3,1,2
SF,IH2009,2020-01-23 09:30:44.800,2975.2000,1241,0,32160060.000,0,-,-,-,-,2975.0000,2970.0000,2967.4000,2964.0000,2963.0000,2977.8000,2978.0000,2978.6000,2979.2000,2981.8000,4,1,1,5,1,1,1,1,3,1
SF,IH2009,2020-01-23 09:30:45.300,2975.2000,1241,0,32160060.000,0,-,-,-,-,2975.0000,2970.0000,2967.4000,2964.0000,2963.0000,2977.8000,2978.6000,2979.2000,2981.8000,2994.4000,4,1,1,5,1,1,1,3,1,2
SF,IH2009,2020-01-23 09:30:45.800,2975.0000,1242,1,33052560.000,1,1,0,双开,S,2975.0000,2970.0000,2967.4000,2964.0000,2963.0000,2977.6000,2978.6000,2979.2000,2981.8000,2994.4000,3,1,1,5,1,1,1,3,1,2
SF,IH2009,2020-01-23 09:30:46.300,2975.0000,1242,0,33052560.000,0,-,-,-,-,2975.0000,2970.0000,2967.4000,2964.0000,2963.0000,2977.4000,2977.6000,2978.6000,2979.2000,2981.8000,3,1,1,5,1,1,1,1,3,1
SF,IH2009,2020-01-23 09:30:46.800,2975.0000,1242,0,33052560.000,0,-,-,-,-,2975.0000,2970.0000,2967.4000,2964.0000,2963.0000,2977.2000,2977.4000,2978.6000,2979.2000,2981.8000,3,1,1,5,1,1,1,1,3,1
SF,IH2009,2020-01-23 09:30:47.300,2975.0000,1242,0,33052560.000,0,-,-,-,-,2975.0000,2970.0000,2967.4000,2964.0000,2963.0000,2977.2000,2978.6000,2979.2000,2981.8000,2983.0000,3,1,1,5,1,1,1,1,1,2
SF,IH2009,2020-01-23 09:30:47.800,2975.0000,1243,1,33945060.000,1,1,0,双开,S,2975.0000,2970.0000,2967.4000,2964.0000,2963.0000,2978.6000,2979.2000,2981.8000,2983.0000,2994.4000,2,1,1,5,1,1,1,1,2,2
SF,IH2009,2020-01-23 09:30:48.300,2975.0000,1243,0,33945060.000,0,-,-,-,-,2975.0000,2970.0000,2967.4000,2964.0000,2963.0000,2978.4000,2978.6000,2979.2000,2981.8000,2983.0000,2,1,1,5,1,2,1,1,1,2
SF,IH2009,2020-01-23 09:30:48.800,2975.0000,1243,0,33945060.000,0,-,-,-,-,2975.0000,2970.0000,2967.4000,2964.0000,2963.0000,2978.4000,2978.6000,2979.2000,2981.8000,2983.0000,2,1,1,5,1,2,1,1,1,2
SF,IH2009,2020-01-23 09:30:49.300,2975.0000,1243,0,33945060.000,0,-,-,-,-,2975.0000,2970.0000,2967.4000,2964.0000,2963.0000,2978.4000,2978.6000,2979.2000,2981.8000,2983.0000,2,1,1,5,1,2,1,1,1,2
SF,IH2009,2020-01-23 09:30:49.800,2975.0000,1244,1,34837560.000,1,1,0,双开,S,2975.0000,2970.0000,2967.4000,2964.0000,2963.0000,2978.4000,2978.6000,2979.2000,2981.8000,2983.0000,1,1,1,5,1,2,1,1,1,2
SF,IH2009,2020-01-23 09:30:50.300,2975.0000,1244,0,34837560.000,0,-,-,-,-,2975.0000,2970.0000,2967.4000,2964.0000,2963.0000,2978.4000,2978.6000,2979.2000,2981.8000,2983.0000,1,1,1,5,1,2,1,1,1,2
SF,IH2009,2020-01-23 09:30:50.800,2975.0000,1244,0,34837560.000,0,-,-,-,-,2975.0000,2970.0000,2967.4000,2964.0000,2963.0000,2975.6000,2978.4000,2978.6000,2979.2000,2981.8000,1,1,1,5,1,1,1,1,1,1
SF,IH2009,2020-01-23 09:30:51.300,2975.6000,1243,-1,35730240.000,1,0,1,双平,S,2975.0000,2970.0000,2967.4000,2964.0000,2963.0000,2978.4000,2978.6000,2979.2000,2981.8000,2983.0000,1,1,1,5,1,1,1,1,1,2
SF,IH2009,2020-01-23 09:30:51.800,2975.0000,1244,1,36622740.000,1,1,0,双开,S,2970.0000,2967.4000,2964.0000,2963.0000,2961.8000,2978.2000,2978.4000,2978.6000,2979.2000,2981.8000,1,1,5,1,1,1,1,1,1,1
SF,IH2009,2020-01-23 09:30:52.300,2975.0000,1244,0,36622740.000,0,-,-,-,-,2973.6000,2970.2000,2970.0000,2967.4000,2964.0000,2978.0000,2978.2000,2978.6000,2979.2000,2981.8000,1,2,1,1,5,1,1,1,1,1
SF,IH2009,2020-01-23 09:30:52.800,2975.0000,1244,0,36622740.000,0,-,-,-,-,2973.6000,2970.2000,2970.0000,2967.4000,2964.0000,2978.0000,2978.6000,2979.2000,2981.8000,2983.0000,1,2,1,1,5,1,1,1,1,2
SF,IH2009,2020-01-23 09:30:53.300,2975.0000,1244,0,36622740.000,0,-,-,-,-,2973.6000,2970.2000,2970.0000,2967.4000,2964.0000,2975.0000,2978.0000,2978.6000,2979.2000,2981.8000,1,2,1,1,5,1,1,1,1,1
SF,IH2009,2020-01-23 09:30:53.800,2975.0000,1244,0,37515240.000,1,0,1,多换,S,2973.6000,2970.2000,2970.0000,2967.4000,2964.0000,2978.0000,2979.2000,2981.8000,2983.0000,2994.4000,1,2,1,1,5,1,1,1,2,2
SF,IH2009,2020-01-23 09:30:54.300,2975.0000,1244,0,37515240.000,0,-,-,-,-,2973.6000,2970.2000,2970.0000,2967.4000,2964.0000,2977.8000,2978.0000,2979.2000,2981.8000,2983.0000,1,2,1,1,5,2,1,1,1,2
SF,IH2009,2020-01-23 09:30:55.300,2975.0000,1244,0,37515240.000,0,-,-,-,-,2973.6000,2970.2000,2970.0000,2967.4000,2964.0000,2977.8000,2978.0000,2979.2000,2981.8000,2983.0000,1,2,1,1,5,1,1,1,1,2
SF,IH2009,2020-01-23 09:30:59.800,2975.0000,1244,0,37515240.000,0,-,-,-,-,2973.6000,2970.2000,2970.0000,2967.4000,2964.0000,2977.8000,2979.2000,2981.8000,2983.0000,2994.4000,1,2,1,1,5,1,1,1,2,2
SF,IH2009,2020-01-23 09:31:00.300,2975.0000,1244,0,37515240.000,0,-,-,-,-,2973.6000,2970.2000,2970.0000,2967.4000,2964.0000,2977.8000,2979.2000,2981.8000,2983.0000,2994.4000,1,2,1,1,5,1,1,1,2,2
SF,IH2009,2020-01-23 09:31:00.800,2975.0000,1244,0,37515240.000,0,-,-,-,-,2973.6000,2970.2000,2970.0000,2967.4000,2964.0000,2977.6000,2977.8000,2979.2000,2981.8000,2983.0000,1,2,1,1,5,1,1,1,1,2
SF,IH2009,2020-01-23 09:31:01.300,2975.0000,1244,0,37515240.000,0,-,-,-,-,2973.6000,2970.2000,2970.0000,2967.4000,2964.0000,2977.4000,2977.6000,2979.2000,2981.8000,2983.0000,1,2,1,1,5,1,1,1,1,2
SF,IH2009,2020-01-23 09:31:01.800,2975.0000,1244,0,37515240.000,0,-,-,-,-,2973.6000,2970.2000,2970.0000,2967.4000,2964.0000,2977.4000,2977.6000,2979.2000,2981.8000,2983.0000,1,2,1,1,5,1,1,1,1,2
SF,IH2009,2020-01-23 09:31:02.300,2975.0000,1244,0,37515240.000,0,-,-,-,-,2973.6000,2970.2000,2970.0000,2967.4000,2964.0000,2977.4000,2979.2000,2981.8000,2983.0000,2994.4000,1,2,1,1,5,1,1,1,2,2
SF,IH2009,2020-01-23 09:31:05.800,2973.6000,1244,0,38407320.000,1,0,1,多换,S,2970.2000,2970.0000,2967.4000,2964.0000,2963.0000,2977.4000,2979.2000,2981.8000,2983.0000,2994.4000,2,1,1,5,1,1,1,1,2,2
SF,IH2009,2020-01-23 09:31:06.300,2973.6000,1244,0,38407320.000,0,-,-,-,-,2970.2000,2970.0000,2967.4000,2964.0000,2963.0000,2977.4000,2979.2000,2981.8000,2983.0000,2994.4000,2,1,1,5,1,1,1,1,2,2
SF,IH2009,2020-01-23 09:31:06.800,2973.6000,1244,0,38407320.000,0,-,-,-,-,2970.2000,2970.0000,2967.4000,2964.0000,2963.0000,2977.2000,2977.4000,2979.2000,2981.8000,2983.0000,2,1,1,5,1,1,1,1,1,2
SF,IH2009,2020-01-23 09:31:07.300,2973.6000,1244,0,38407320.000,0,-,-,-,-,2970.2000,2970.0000,2967.4000,2964.0000,2963.0000,2977.0000,2977.2000,2979.2000,2981.8000,2983.0000,2,1,1,5,1,1,1,1,1,2
SF,IH2009,2020-01-23 09:31:07.800,2973.6000,1244,0,38407320.000,0,-,-,-,-,2970.2000,2970.0000,2967.4000,2964.0000,2963.0000,2977.0000,2979.2000,2981.8000,2983.0000,2994.4000,2,1,1,5,1,1,1,1,2,2
SF,IH2009,2020-01-23 09:31:08.300,2973.6000,1244,0,38407320.000,0,-,-,-,-,2970.2000,2970.0000,2967.4000,2964.0000,2963.0000,2977.0000,2979.2000,2981.8000,2983.0000,2994.4000,2,1,1,5,1,1,1,1,2,2
SF,IH2009,2020-01-23 09:31:08.800,2973.6000,1244,0,38407320.000,0,-,-,-,-,2970.2000,2970.0000,2967.4000,2964.0000,2963.0000,2977.0000,2979.2000,2981.8000,2983.0000,2994.4000,2,1,1,5,1,1,1,1,2,2
SF,IH2009,2020-01-23 09:31:09.300,2973.6000,1244,0,38407320.000,0,-,-,-,-,2970.2000,2970.0000,2967.4000,2964.0000,2963.0000,2977.0000,2979.2000,2981.8000,2983.0000,2994.4000,2,1,1,5,1,1,1,1,2,2
SF,IH2009,2020-01-23 09:31:09.800,2973.6000,1244,0,38407320.000,0,-,-,-,-,2970.2000,2970.0000,2967.4000,2964.0000,2963.0000,2975.4000,2977.0000,2979.2000,2981.8000,2983.0000,2,1,1,5,1,1,1,1,1,2
SF,IH2009,2020-01-23 09:31:10.300,2973.6000,1244,0,38407320.000,0,-,-,-,-,2970.2000,2970.0000,2967.4000,2964.0000,2963.0000,2975.2000,2975.4000,2979.2000,2981.8000,2983.0000,2,1,1,5,1,1,1,1,1,2
SF,IH2009,2020-01-23 09:31:10.800,2973.6000,1244,0,38407320.000,0,-,-,-,-,2970.2000,2970.0000,2967.4000,2964.0000,2963.0000,2975.2000,2975.4000,2976.8000,2979.2000,2981.8000,2,1,1,5,1,1,1,1,1,1
SF,IH2009,2020-01-23 09:31:11.300,2973.6000,1244,0,38407320.000,0,-,-,-,-,2970.2000,2970.0000,2967.4000,2964.0000,2963.0000,2975.2000,2975.4000,2976.8000,2979.2000,2981.8000,2,1,1,5,1,1,1,1,1,1
SF,IH2009,2020-01-23 09:31:11.800,2973.6000,1244,0,38407320.000,0,-,-,-,-,2970.2000,2970.0000,2967.4000,2964.0000,2963.0000,2975.2000,2975.4000,2976.8000,2979.2000,2981.8000,2,1,1,5,1,1,1,1,1,1
SF,IH2009,2020-01-23 09:31:12.300,2973.6000,1244,0,38407320.000,0,-,-,-,-,2970.2000,2970.0000,2967.4000,2964.0000,2963.0000,2975.2000,2975.4000,2976.8000,2979.2000,2981.8000,2,1,1,5,1,1,1,1,1,1
SF,IH2009,2020-01-23 09:31:12.800,2973.6000,1244,0,38407320.000,0,-,-,-,-,2970.2000,2970.0000,2967.4000,2964.0000,2963.0000,2975.2000,2975.4000,2976.8000,2979.2000,2981.8000,2,1,1,5,1,1,1,1,1,1
SF,IH2009,2020-01-23 09:31:13.300,2973.6000,1244,0,38407320.000,0,-,-,-,-,2970.2000,2970.0000,2967.4000,2964.0000,2963.0000,2975.2000,2975.4000,2976.8000,2979.2000,2981.8000,2,1,1,5,1,1,1,2,1,1
SF,IH2009,2020-01-23 09:31:13.800,2973.6000,1244,0,38407320.000,0,-,-,-,-,2970.2000,2970.0000,2967.4000,2964.0000,2963.0000,2975.2000,2975.4000,2976.8000,2979.2000,2981.8000,2,1,1,5,1,1,1,2,1,1
SF,IH2009,2020-01-23 09:31:14.300,2973.6000,1244,0,38407320.000,0,-,-,-,-,2970.2000,2970.0000,2967.4000,2964.0000,2963.0000,2975.2000,2975.4000,2976.8000,2979.2000,2981.8000,2,1,1,5,1,1,1,2,1,1
SF,IH2009,2020-01-23 09:31:14.800,2975.2000,1243,-1,39299880.000,1,0,1,双平,S,2970.2000,2970.0000,2967.4000,2964.0000,2963.0000,2975.4000,2976.8000,2979.2000,2981.8000,2983.0000,2,1,1,5,1,1,2,1,1,2
SF,IH2009,2020-01-23 09:31:15.300,2975.2000,1243,0,39299880.000,0,-,-,-,-,2970.4000,2970.2000,2970.0000,2967.4000,2964.0000,2975.4000,2976.8000,2979.2000,2981.8000,2983.0000,1,2,1,1,5,1,2,1,1,2
SF,IH2009,2020-01-23 09:31:15.800,2975.2000,1243,0,39299880.000,0,-,-,-,-,2970.6000,2970.4000,2970.2000,2970.0000,2967.4000,2975.4000,2976.8000,2979.2000,2981.8000,2983.0000,2,1,2,1,1,1,2,1,1,2
SF,IH2009,2020-01-23 09:31:16.300,2975.2000,1243,0,39299880.000,0,-,-,-,-,2970.6000,2970.4000,2970.2000,2970.0000,2967.4000,2975.4000,2976.8000,2979.2000,2981.8000,2983.0000,2,1,2,1,1,1,2,1,1,2
SF,IH2009,2020-01-23 09:31:16.800,2975.2000,1243,0,39299880.000,0,-,-,-,-,2970.6000,2970.2000,2970.0000,2967.4000,2964.0000,2975.4000,2976.8000,2979.2000,2981.8000,2983.0000,2,2,1,1,5,1,2,1,1,2
SF,IH2009,2020-01-23 09:31:17.300,2975.2000,1243,0,39299880.000,0,-,-,-,-,2970.6000,2970.2000,2970.0000,2967.4000,2964.0000,2975.4000,2976.8000,2979.2000,2981.8000,2983.0000,2,2,1,1,5,1,2,1,1,2
SF,IH2009,2020-01-23 09:31:17.800,2975.2000,1243,0,39299880.000,0,-,-,-,-,2970.6000,2970.2000,2970.0000,2967.4000,2964.0000,2975.4000,2976.8000,2979.2000,2981.8000,2983.0000,2,2,1,1,5,1,1,1,1,2
SF,IH2009,2020-01-23 09:31:18.300,2975.2000,1243,0,39299880.000,0,-,-,-,-,2970.6000,2970.2000,2970.0000,2967.4000,2964.0000,2975.4000,2976.8000,2979.2000,2981.8000,2983.0000,2,2,1,1,5,1,1,1,1,2
SF,IH2009,2020-01-23 09:31:19.300,2975.2000,1243,0,39299880.000,0,-,-,-,-,2971.0000,2970.6000,2970.2000,2970.0000,2967.4000,2975.4000,2976.8000,2979.2000,2981.8000,2983.0000,1,2,2,1,1,1,1,1,1,2
SF,IH2009,2020-01-23 09:31:19.800,2975.2000,1243,0,39299880.000,0,-,-,-,-,2971.2000,2971.0000,2970.6000,2970.2000,2970.0000,2975.4000,2979.2000,2981.8000,2983.0000,2994.4000,1,1,2,2,1,1,1,1,2,2
SF,IH2009,2020-01-23 09:31:20.300,2975.2000,1243,0,39299880.000,0,-,-,-,-,2973.0000,2971.2000,2971.0000,2970.6000,2970.2000,2975.4000,2979.2000,2981.8000,2983.0000,2994.4000,1,1,1,2,2,1,1,1,2,2
SF,IH2009,2020-01-23 09:31:23.800,2975.2000,1243,0,39299880.000,0,-,-,-,-,2973.2000,2973.0000,2971.2000,2971.0000,2970.6000,2975.4000,2979.2000,2981.8000,2983.0000,2994.4000,1,1,1,1,2,1,1,1,2,2
SF,IH2009,2020-01-23 09:31:24.800,2975.4000,1242,-1,40192500.000,1,0,1,双平,S,2973.4000,2973.2000,2973.0000,2971.0000,2970.0000,2979.2000,2981.8000,2983.0000,2994.4000,2995.0000,1,1,1,1,1,1,1,2,2,1
SF,IH2009,2020-01-23 09:31:25.300,2975.4000,1242,0,40192500.000,0,-,-,-,-,2973.6000,2973.4000,2973.2000,2973.0000,2971.0000,2979.0000,2979.2000,2981.8000,2983.0000,2994.4000,1,1,1,1,1,1,2,1,2,2
SF,IH2009,2020-01-23 09:31:25.800,2975.4000,1242,0,40192500.000,0,-,-,-,-,2975.4000,2973.6000,2973.4000,2973.2000,2973.0000,2979.0000,2979.2000,2981.8000,2983.0000,2994.4000,10,1,1,1,1,1,2,1,2,2
SF,IH2009,2020-01-23 09:31:26.300,2975.4000,1242,0,40192500.000,0,-,-,-,-,2975.4000,2973.6000,2973.2000,2973.0000,2971.0000,2979.0000,2979.2000,2981.8000,2983.0000,2994.4000,10,1,1,1,1,1,2,1,2,2
SF,IH2009,2020-01-23 09:31:26.800,2975.4000,1242,0,40192500.000,0,-,-,-,-,2975.4000,2973.6000,2973.2000,2973.0000,2971.0000,2979.2000,2981.8000,2983.0000,2994.4000,2995.0000,10,1,1,1,1,2,1,2,2,1
SF,IH2009,2020-01-23 09:31:27.300,2975.4000,1242,0,40192500.000,0,-,-,-,-,2975.4000,2973.6000,2973.2000,2973.0000,2971.0000,2979.0000,2979.2000,2981.8000,2983.0000,2994.4000,10,1,1,1,1,1,2,1,2,2
SF,IH2009,2020-01-23 09:31:27.800,2975.4000,1243,1,41085120.000,1,1,0,双开,S,2975.4000,2973.6000,2973.2000,2973.0000,2971.0000,2979.0000,2979.2000,2981.8000,2983.0000,2994.4000,9,1,1,1,1,1,2,1,2,2
SF,IH2009,2020-01-23 09:31:28.300,2975.4000,1243,0,41085120.000,0,-,-,-,-,2975.4000,2973.6000,2973.2000,2973.0000,2971.0000,2979.2000,2981.8000,2983.0000,2994.4000,2995.0000,9,1,1,1,1,2,1,2,2,1
SF,IH2009,2020-01-23 09:31:29.800,2975.4000,1244,1,41977740.000,1,1,0,双开,S,2975.4000,2973.6000,2973.2000,2973.0000,2971.0000,2979.0000,2979.2000,2981.8000,2983.0000,2994.4000,8,1,1,1,1,1,2,1,2,2
SF,IH2009,2020-01-23 09:31:31.800,2975.4000,1245,1,42870360.000,1,1,0,双开,S,2975.4000,2973.6000,2973.2000,2973.0000,2971.0000,2979.0000,2979.2000,2981.8000,2983.0000,2994.4000,7,1,1,1,1,1,2,1,2,2
SF,IH2009,2020-01-23 09:31:32.300,2975.4000,1245,0,42870360.000,0,-,-,-,-,2975.4000,2973.6000,2973.2000,2973.0000,2971.0000,2979.0000,2979.2000,2981.8000,2983.0000,2994.4000,7,1,1,1,1,1,2,1,2,2
SF,IH2009,2020-01-23 09:31:33.800,2975.4000,1246,1,43762980.000,1,1,0,双开,S,2975.4000,2973.6000,2973.2000,2973.0000,2971.0000,2979.0000,2979.2000,2981.8000,2983.0000,2994.4000,6,1,1,1,1,1,2,1,2,2
SF,IH2009,2020-01-23 09:31:35.800,2975.4000,1247,1,44655600.000,1,1,0,双开,S,2975.4000,2973.6000,2973.2000,2973.0000,2971.0000,2979.0000,2979.2000,2981.8000,2983.0000,2994.4000,5,1,1,1,1,1,1,1,2,2
SF,IH2009,2020-01-23 09:31:36.300,2975.4000,1247,0,44655600.000,0,-,-,-,-,2975.4000,2973.6000,2973.2000,2973.0000,2971.0000,2979.0000,2979.2000,2981.8000,2983.0000,2994.4000,5,1,1,1,1,1,1,1,2,2
SF,IH2009,2020-01-23 09:31:37.800,2975.4000,1248,1,45548220.000,1,1,0,双开,S,2975.4000,2973.6000,2973.2000,2973.0000,2971.0000,2978.8000,2979.0000,2979.2000,2981.8000,2983.0000,4,1,1,1,1,1,1,1,1,2
SF,IH2009,2020-01-23 09:31:38.300,2975.4000,1248,0,45548220.000,0,-,-,-,-,2975.4000,2973.6000,2973.2000,2973.0000,2971.0000,2978.8000,2979.0000,2979.2000,2981.8000,2983.0000,4,1,1,1,1,1,1,1,1,2
SF,IH2009,2020-01-23 09:31:38.800,2975.4000,1248,0,45548220.000,0,-,-,-,-,2975.4000,2973.6000,2973.2000,2973.0000,2971.0000,2978.8000,2979.0000,2979.2000,2981.8000,2983.0000,4,1,1,1,1,1,1,1,1,2
SF,IH2009,2020-01-23 09:31:39.300,2975.4000,1248,0,45548220.000,0,-,-,-,-,2975.4000,2973.6000,2973.2000,2973.0000,2971.0000,2978.8000,2979.0000,2979.2000,2981.8000,2983.0000,4,1,1,1,1,1,1,1,1,2
SF,IH2009,2020-01-23 09:31:39.800,2975.4000,1249,1,46440840.000,1,1,0,双开,S,2975.4000,2973.6000,2973.2000,2973.0000,2971.0000,2978.8000,2979.0000,2979.2000,2981.8000,2983.0000,3,1,1,1,1,1,1,1,1,2
SF,IH2009,2020-01-23 09:31:40.300,2978.6000,1249,0,47334420.000,1,0,1,多换,S,2975.4000,2973.6000,2973.2000,2973.0000,2971.0000,2978.8000,2979.0000,2979.2000,2981.8000,2983.0000,3,1,1,1,1,1,1,1,1,2
SF,IH2009,2020-01-23 09:31:40.800,2978.6000,1249,0,47334420.000,0,-,-,-,-,2975.4000,2973.6000,2973.2000,2973.0000,2971.0000,2978.8000,2979.0000,2979.2000,2981.8000,2983.0000,3,1,1,1,1,1,1,1,1,2
SF,IH2009,2020-01-23 09:31:41.300,2978.6000,1249,0,47334420.000,0,-,-,-,-,2975.4000,2973.6000,2973.2000,2973.0000,2971.0000,2978.8000,2979.0000,2979.2000,2981.8000,2983.0000,3,1,1,1,1,1,1,1,1,2
SF,IH2009,2020-01-23 09:31:41.800,2975.4000,1250,1,48227040.000,1,1,0,双开,S,2975.4000,2973.6000,2973.2000,2973.0000,2971.0000,2978.8000,2979.0000,2979.2000,2981.8000,2983.0000,2,1,1,1,1,1,1,1,1,2
SF,IH2009,2020-01-23 09:31:42.300,2975.4000,1250,0,48227040.000,0,-,-,-,-,2975.4000,2973.6000,2973.2000,2973.0000,2971.0000,2978.0000,2978.6000,2978.8000,2979.0000,2979.2000,2,1,1,1,1,1,1,1,1,1
SF,IH2009,2020-01-23 09:31:42.800,2975.4000,1250,0,48227040.000,0,-,-,-,-,2975.4000,2973.6000,2973.2000,2973.0000,2971.0000,2978.0000,2978.6000,2978.8000,2979.0000,2979.2000,2,1,1,1,1,1,1,1,1,1
SF,IH2009,2020-01-23 09:31:43.300,2975.4000,1250,0,48227040.000,0,-,-,-,-,2975.4000,2973.6000,2973.2000,2973.0000,2971.0000,2978.0000,2978.6000,2978.8000,2979.0000,2979.2000,2,1,1,1,1,1,1,1,1,1
SF,IH2009,2020-01-23 09:31:43.800,2975.4000,1251,1,49119660.000,1,1,0,双开,S,2975.4000,2973.6000,2973.2000,2973.0000,2971.0000,2978.0000,2978.8000,2979.0000,2979.2000,2983.0000,1,1,1,1,1,1,1,1,1,2
SF,IH2009,2020-01-23 09:31:44.300,2975.4000,1251,0,50012280.000,1,0,1,多换,S,2973.2000,2973.0000,2971.0000,2970.0000,2967.4000,2978.0000,2978.8000,2979.0000,2979.2000,2983.0000,1,1,1,1,1,1,1,1,1,2
SF,IH2009,2020-01-23 09:31:44.800,2975.4000,1251,0,50012280.000,0,-,-,-,-,2973.0000,2971.0000,2970.0000,2967.4000,2964.0000,2978.0000,2978.8000,2979.0000,2979.2000,2983.0000,1,1,1,1,5,1,1,1,1,2
SF,IH2009,2020-01-23 09:31:45.300,2975.4000,1251,0,50012280.000,0,-,-,-,-,2973.0000,2971.0000,2970.0000,2967.4000,2964.0000,2977.8000,2978.0000,2978.8000,2979.0000,2979.2000,1,1,1,1,5,1,1,1,1,1
SF,IH2009,2020-01-23 09:31:46.300,2975.4000,1251,0,50012280.000,0,-,-,-,-,2973.0000,2971.0000,2970.0000,2967.4000,2964.0000,2977.8000,2978.0000,2978.8000,2979.2000,2983.0000,1,1,1,1,5,1,1,1,1,2
SF,IH2009,2020-01-23 09:31:46.800,2975.4000,1251,0,50012280.000,0,-,-,-,-,2973.0000,2971.0000,2970.0000,2967.4000,2964.0000,2977.6000,2977.8000,2978.0000,2978.8000,2979.2000,1,1,1,1,5,1,1,1,1,1
SF,IH2009,2020-01-23 09:31:47.800,2977.6000,1251,0,50905560.000,1,0,1,多换,S,2973.0000,2971.0000,2970.0000,2967.4000,2964.0000,2978.0000,2978.8000,2979.2000,2983.0000,2994.4000,1,1,1,1,5,1,1,1,2,2
SF,IH2009,2020-01-23 09:31:48.300,2977.6000,1251,0,50905560.000,0,-,-,-,-,2973.0000,2971.0000,2970.0000,2967.4000,2964.0000,2977.8000,2978.0000,2978.8000,2979.2000,2983.0000,1,1,1,1,5,1,1,1,1,2
SF,IH2009,2020-01-23 09:31:49.800,2977.6000,1251,0,50905560.000,0,-,-,-,-,2973.0000,2971.0000,2970.0000,2967.4000,2964.0000,2977.6000,2977.8000,2978.0000,2978.8000,2979.2000,1,1,1,1,5,1,1,1,1,1
SF,IH2009,2020-01-23 09:31:50.300,2977.6000,1251,0,50905560.000,0,-,-,-,-,2973.0000,2971.0000,2970.0000,2967.4000,2964.0000,2977.4000,2977.6000,2977.8000,2978.0000,2978.8000,1,1,1,1,5,1,1,1,1,1
SF,IH2009,2020-01-23 09:31:51.300,2977.6000,1251,0,50905560.000,0,-,-,-,-,2973.0000,2971.0000,2970.0000,2967.4000,2964.0000,2977.4000,2977.8000,2978.0000,2978.8000,2979.2000,1,1,1,1,5,1,1,1,1,1
SF,IH2009,2020-01-23 09:31:51.800,2977.6000,1251,0,50905560.000,0,-,-,-,-,2973.0000,2971.0000,2970.0000,2967.4000,2964.0000,2977.2000,2977.4000,2977.8000,2978.0000,2978.8000,1,1,1,1,5,1,1,1,1,1
SF,IH2009,2020-01-23 09:31:52.300,2977.6000,1251,0,50905560.000,0,-,-,-,-,2973.0000,2971.0000,2970.0000,2967.4000,2964.0000,2977.0000,2977.2000,2977.4000,2977.8000,2978.0000,1,1,1,1,5,1,1,1,1,1
SF,IH2009,2020-01-23 09:31:52.800,2977.6000,1251,0,50905560.000,0,-,-,-,-,2973.0000,2971.0000,2970.0000,2967.4000,2964.0000,2977.0000,2977.4000,2978.0000,2978.8000,2979.2000,1,1,1,1,5,1,1,1,1,1
SF,IH2009,2020-01-23 09:31:54.300,2977.6000,1251,0,50905560.000,0,-,-,-,-,2973.2000,2973.0000,2971.0000,2970.0000,2967.4000,2977.0000,2978.0000,2978.8000,2979.2000,2983.0000,1,1,1,1,1,1,1,1,1,2
SF,IH2009,2020-01-23 09:31:54.800,2977.6000,1251,0,50905560.000,0,-,-,-,-,2973.2000,2973.0000,2971.0000,2970.0000,2967.4000,2978.0000,2978.8000,2979.2000,2983.0000,2994.4000,1,1,1,1,1,1,1,1,2,2
SF,IH2009,2020-01-23 09:31:55.300,2977.6000,1251,0,50905560.000,0,-,-,-,-,2973.2000,2973.0000,2971.0000,2970.0000,2967.4000,2978.0000,2978.8000,2979.2000,2983.0000,2994.4000,1,1,1,1,1,1,1,1,2,2
SF,IH2009,2020-01-23 09:31:55.800,2977.6000,1251,0,50905560.000,0,-,-,-,-,2973.2000,2973.0000,2971.0000,2970.0000,2967.4000,2978.0000,2978.8000,2979.2000,2983.0000,2994.4000,1,1,1,1,1,1,1,1,2,2
SF,IH2009,2020-01-23 09:31:56.300,2977.6000,1251,0,50905560.000,0,-,-,-,-,2973.0000,2971.0000,2970.0000,2967.4000,2964.0000,2977.6000,2977.8000,2978.0000,2979.2000,2983.0000,1,1,1,1,5,1,2,1,1,2
SF,IH2009,2020-01-23 09:31:56.800,2977.6000,1251,0,50905560.000,0,-,-,-,-,2973.2000,2973.0000,2971.0000,2970.0000,2967.4000,2977.6000,2977.8000,2978.0000,2979.2000,2983.0000,1,1,1,1,1,1,2,1,1,2
SF,IH2009,2020-01-23 09:31:57.300,2977.6000,1251,0,50905560.000,0,-,-,-,-,2973.0000,2971.0000,2970.0000,2967.4000,2964.0000,2977.4000,2977.6000,2977.8000,2978.0000,2979.2000,1,1,1,1,5,1,1,1,1,1
SF,IH2009,2020-01-23 09:31:57.800,2977.6000,1253,2,52692120.000,2,2,0,双开,S,2973.0000,2971.0000,2970.0000,2967.4000,2964.0000,2977.8000,2978.0000,2979.2000,2983.0000,2994.4000,1,1,1,1,5,1,1,1,2,2
SF,IH2009,2020-01-23 09:31:58.300,2977.6000,1253,0,52692120.000,0,-,-,-,-,2973.0000,2971.0000,2970.0000,2967.4000,2964.0000,2977.6000,2977.8000,2978.0000,2979.2000,2983.0000,1,1,1,1,5,1,1,1,1,2
SF,IH2009,2020-01-23 09:31:58.800,2977.6000,1253,0,52692120.000,0,-,-,-,-,2973.0000,2971.0000,2970.0000,2967.4000,2964.0000,2977.0000,2977.4000,2977.8000,2978.0000,2979.2000,1,1,1,1,5,1,1,1,1,1
SF,IH2009,2020-01-23 09:31:59.300,2977.0000,1254,1,53585220.000,1,1,0,双开,S,2973.0000,2971.0000,2970.0000,2967.4000,2964.0000,2976.8000,2977.0000,2977.8000,2978.0000,2979.2000,1,1,1,1,5,1,1,1,1,1
SF,IH2009,2020-01-23 09:31:59.800,2977.0000,1254,0,53585220.000,0,-,-,-,-,2973.0000,2971.0000,2970.0000,2967.4000,2964.0000,2976.8000,2977.0000,2977.8000,2978.0000,2979.2000,1,1,1,1,5,1,1,1,1,1
SF,IH2009,2020-01-23 09:32:00.300,2977.0000,1254,0,53585220.000,0,-,-,-,-,2973.0000,2971.0000,2970.0000,2967.4000,2964.0000,2976.6000,2976.8000,2977.8000,2978.0000,2979.2000,1,1,1,1,5,1,1,1,1,1
SF,IH2009,2020-01-23 09:32:00.800,2977.0000,1254,0,53585220.000,0,-,-,-,-,2973.2000,2973.0000,2971.0000,2970.0000,2967.4000,2976.6000,2976.8000,2977.8000,2978.0000,2979.2000,1,1,1,1,1,1,1,1,1,1
SF,IH2009,2020-01-23 09:32:01.300,2977.0000,1254,0,53585220.000,0,-,-,-,-,2973.2000,2973.0000,2971.0000,2970.0000,2967.4000,2976.6000,2977.8000,2978.0000,2979.2000,2983.0000,1,1,1,1,1,1,1,1,1,2
SF,IH2009,2020-01-23 09:32:01.800,2977.0000,1254,0,53585220.000,0,-,-,-,-,2973.0000,2971.0000,2970.0000,2967.4000,2964.0000,2976.4000,2976.6000,2977.8000,2978.0000,2979.2000,1,1,1,1,5,1,1,1,1,1
SF,IH2009,2020-01-23 09:32:02.300,2977.0000,1254,0,53585220.000,0,-,-,-,-,2973.0000,2971.0000,2970.0000,2967.4000,2963.0000,2976.4000,2976.6000,2977.8000,2978.0000,2979.2000,1,1,1,1,1,1,1,1,1,1
SF,IH2009,2020-01-23 09:32:02.800,2977.0000,1254,0,53585220.000,0,-,-,-,-,2973.0000,2971.0000,2970.0000,2967.4000,2963.0000,2976.4000,2977.8000,2978.0000,2979.2000,2983.0000,1,1,1,1,1,2,1,1,1,2
SF,IH2009,2020-01-23 09:32:03.300,2977.0000,1254,0,53585220.000,0,-,-,-,-,2973.0000,2971.0000,2970.0000,2967.4000,2963.0000,2976.4000,2977.8000,2978.0000,2979.2000,2983.0000,1,1,1,1,1,2,1,1,1,2
SF,IH2009,2020-01-23 09:32:03.800,2973.0000,1255,1,54477120.000,1,1,0,双开,S,2971.0000,2970.0000,2967.4000,2963.0000,2961.8000,2976.4000,2977.8000,2978.0000,2979.2000,2983.0000,1,1,1,1,1,2,1,1,1,2
SF,IH2009,2020-01-23 09:32:04.300,2973.0000,1255,0,54477120.000,0,-,-,-,-,2972.6000,2971.2000,2971.0000,2970.0000,2967.4000,2976.4000,2977.8000,2978.0000,2979.2000,2983.0000,1,1,1,1,1,2,1,1,1,2
SF,IH2009,2020-01-23 09:32:04.800,2973.0000,1255,0,54477120.000,0,-,-,-,-,2972.6000,2971.0000,2970.0000,2967.4000,2963.0000,2976.4000,2977.8000,2978.0000,2979.2000,2983.0000,1,1,1,1,1,2,1,1,1,2
SF,IH2009,2020-01-23 09:32:05.300,2973.0000,1255,0,54477120.000,0,-,-,-,-,2972.6000,2971.0000,2970.0000,2967.4000,2963.0000,2976.4000,2977.8000,2978.0000,2979.2000,2983.0000,1,1,1,1,1,3,1,1,1,2
SF,IH2009,2020-01-23 09:32:05.800,2972.6000,1255,0,55368900.000,1,0,1,多换,S,2971.0000,2970.0000,2967.4000,2963.0000,2961.8000,2976.4000,2977.8000,2978.0000,2979.2000,2983.0000,1,1,1,1,1,3,1,1,1,2
SF,IH2009,2020-01-23 09:32:06.300,2972.6000,1255,0,55368900.000,0,-,-,-,-,2971.2000,2971.0000,2970.0000,2967.4000,2963.0000,2976.2000,2976.4000,2978.0000,2979.2000,2983.0000,1,1,1,1,1,1,3,1,1,2
SF,IH2009,2020-01-23 09:32:06.800,2972.6000,1255,0,55368900.000,0,-,-,-,-,2971.2000,2971.0000,2970.0000,2967.4000,2963.0000,2976.0000,2976.2000,2976.4000,2978.0000,2979.2000,1,1,1,1,1,1,1,1,1,1
SF,IH2009,2020-01-23 09:32:07.300,2972.6000,1255,0,55368900.000,0,-,-,-,-,2971.2000,2971.0000,2970.0000,2967.4000,2963.0000,2975.0000,2976.0000,2978.0000,2979.2000,2983.0000,1,1,1,1,1,1,1,1,1,2
SF,IH2009,2020-01-23 09:32:07.800,2972.6000,1255,0,55368900.000,0,-,-,-,-,2971.2000,2971.0000,2970.0000,2967.4000,2963.0000,2975.0000,2975.8000,2978.0000,2979.2000,2983.0000,1,1,1,1,1,1,1,1,1,2
SF,IH2009,2020-01-23 09:32:08.300,2972.6000,1255,0,55368900.000,0,-,-,-,-,2971.2000,2971.0000,2970.0000,2967.4000,2963.0000,2975.0000,2978.0000,2979.2000,2983.0000,2994.4000,1,1,1,1,1,1,1,1,2,2
SF,IH2009,2020-01-23 09:32:08.800,2972.6000,1255,0,55368900.000,0,-,-,-,-,2971.0000,2970.0000,2967.4000,2963.0000,2961.8000,2975.0000,2978.0000,2979.2000,2983.0000,2994.4000,1,1,1,1,1,1,1,1,2,2
SF,IH2009,2020-01-23 09:32:09.300,2972.6000,1255,0,55368900.000,0,-,-,-,-,2971.2000,2971.0000,2970.0000,2967.4000,2963.0000,2975.0000,2978.0000,2979.2000,2983.0000,2994.4000,1,1,1,1,1,1,1,1,2,2
SF,IH2009,2020-01-23 09:32:09.800,2972.6000,1255,0,55368900.000,0,-,-,-,-,2971.2000,2971.0000,2970.0000,2967.4000,2963.0000,2974.8000,2975.0000,2978.0000,2979.2000,2983.0000,1,1,1,1,1,1,1,1,1,2
SF,IH2009,2020-01-23 09:32:10.300,2972.6000,1255,0,55368900.000,0,-,-,-,-,2971.0000,2970.0000,2967.4000,2963.0000,2961.8000,2978.0000,2979.2000,2983.0000,2994.4000,2995.0000,1,1,1,1,1,1,1,2,2,1
SF,IH2009,2020-01-23 09:32:10.800,2972.6000,1255,0,55368900.000,0,-,-,-,-,2971.0000,2970.0000,2967.4000,2963.0000,2961.8000,2974.8000,2977.8000,2978.0000,2979.2000,2983.0000,1,1,1,1,1,1,1,1,1,2
SF,IH2009,2020-01-23 09:32:11.300,2972.6000,1255,0,55368900.000,0,-,-,-,-,2971.2000,2971.0000,2970.0000,2967.4000,2963.0000,2974.8000,2975.4000,2978.0000,2979.2000,2994.4000,1,1,1,1,1,1,2,1,1,2
SF,IH2009,2020-01-23 09:32:11.800,2972.6000,1255,0,55368900.000,0,-,-,-,-,2971.2000,2971.0000,2970.0000,2967.4000,2963.0000,2973.6000,2974.8000,2978.0000,2979.2000,2994.4000,1,1,1,1,1,1,1,1,2,2
SF,IH2009,2020-01-23 09:32:12.800,2972.6000,1255,0,55368900.000,0,-,-,-,-,2971.0000,2970.0000,2967.4000,2963.0000,2961.8000,2973.2000,2973.6000,2974.8000,2978.0000,2979.2000,1,2,1,1,1,1,1,1,1,2
SF,IH2009,2020-01-23 09:32:13.300,2972.6000,1255,0,55368900.000,0,-,-,-,-,2971.2000,2971.0000,2970.0000,2967.4000,2963.0000,2973.2000,2973.6000,2974.8000,2978.0000,2979.2000,1,1,2,1,1,1,1,1,1,2
SF,IH2009,2020-01-23 09:32:13.800,2972.6000,1255,0,55368900.000,0,-,-,-,-,2971.2000,2971.0000,2970.0000,2967.4000,2963.0000,2973.6000,2974.8000,2978.0000,2979.2000,2994.4000,1,1,2,1,1,1,1,1,2,2
SF,IH2009,2020-01-23 09:32:14.300,2972.6000,1255,0,55368900.000,0,-,-,-,-,2971.4000,2971.0000,2970.0000,2967.4000,2963.0000,2973.2000,2973.6000,2974.8000,2978.0000,2979.2000,1,1,2,1,1,1,1,1,1,2
SF,IH2009,2020-01-23 09:32:15.800,2971.4000,1256,1,56260320.000,1,1,0,双开,S,2971.0000,2970.0000,2967.4000,2963.0000,2961.8000,2973.2000,2973.6000,2974.8000,2978.0000,2979.2000,1,2,1,1,1,1,1,1,1,2
SF,IH2009,2020-01-23 09:32:16.300,2971.4000,1256,0,56260320.000,0,-,-,-,-,2971.0000,2970.0000,2967.4000,2963.0000,2961.8000,2973.0000,2973.2000,2973.6000,2974.8000,2978.0000,1,2,1,1,1,1,1,1,1,1
SF,IH2009,2020-01-23 09:32:16.800,2971.4000,1256,0,56260320.000,0,-,-,-,-,2971.2000,2971.0000,2970.0000,2967.4000,2963.0000,2973.0000,2973.6000,2974.8000,2978.0000,2979.2000,1,1,2,1,1,1,1,1,1,2
SF,IH2009,2020-01-23 09:32:17.300,2971.4000,1256,0,56260320.000,0,-,-,-,-,2971.4000,2971.2000,2971.0000,2970.0000,2967.4000,2973.0000,2973.6000,2974.8000,2978.0000,2979.2000,1,1,1,2,1,1,1,1,1,2
SF,IH2009,2020-01-23 09:32:17.800,2971.4000,1257,1,57151740.000,1,1,0,双开,S,2971.0000,2970.0000,2967.4000,2963.0000,2961.8000,2972.8000,2973.0000,2973.6000,2974.8000,2978.0000,1,2,1,1,1,1,1,1,1,1
SF,IH2009,2020-01-23 09:32:18.300,2971.4000,1257,0,57151740.000,0,-,-,-,-,2971.0000,2970.0000,2967.4000,2963.0000,2961.8000,2972.6000,2972.8000,2973.0000,2973.6000,2978.0000,1,2,1,1,1,1,1,1,1,1
SF,IH2009,2020-01-23 09:32:18.800,2971.4000,1257,0,57151740.000,0,-,-,-,-,2971.0000,2970.0000,2967.4000,2963.0000,2961.8000,2972.4000,2972.6000,2973.0000,2973.6000,2978.0000,1,2,1,1,1,1,1,1,1,1
SF,IH2009,2020-01-23 09:32:19.300,2971.4000,1257,0,57151740.000,0,-,-,-,-,2971.0000,2970.0000,2967.4000,2963.0000,2961.8000,2972.4000,2972.6000,2973.0000,2973.6000,2978.0000,1,2,1,1,1,2,1,1,1,1
SF,IH2009,2020-01-23 09:32:19.800,2971.0000,1258,1,58043040.000,1,1,0,双开,S,2970.0000,2967.4000,2963.0000,2961.8000,2960.2000,2972.2000,2972.4000,2972.6000,2973.0000,2973.6000,2,1,1,1,5,1,1,1,1,1
SF,IH2009,2020-01-23 09:32:20.800,2971.0000,1258,0,58043040.000,0,-,-,-,-,2970.0000,2967.4000,2963.0000,2961.8000,2960.2000,2971.0000,2972.2000,2972.4000,2972.6000,2973.0000,2,1,1,1,5,1,1,1,1,1
SF,IH2009,2020-01-23 09:32:21.300,2971.0000,1258,0,58043040.000,0,-,-,-,-,2970.0000,2967.4000,2963.0000,2961.8000,2960.2000,2971.0000,2972.2000,2972.6000,2973.0000,2973.6000,2,1,1,1,5,2,1,1,1,1
SF,IH2009,2020-01-23 09:32:21.800,2971.0000,1258,0,58043040.000,0,-,-,-,-,2970.0000,2967.4000,2963.0000,2961.8000,2960.2000,2971.0000,2972.2000,2972.6000,2973.0000,2973.6000,2,1,1,1,5,2,1,1,1,1
SF,IH2009,2020-01-23 09:32:22.300,2971.0000,1258,0,58043040.000,0,-,-,-,-,2970.0000,2967.4000,2963.0000,2961.8000,2960.2000,2971.0000,2972.2000,2972.6000,2973.0000,2973.6000,2,1,1,1,5,2,1,1,1,1
SF,IH2009,2020-01-23 09:32:25.300,2970.0000,1258,0,59825040.000,2,1,1,多换,S,2970.0000,2967.4000,2963.0000,2961.8000,2960.2000,2971.0000,2972.2000,2972.6000,2973.0000,2973.6000,1,1,1,1,5,2,1,1,1,1
SF,IH2009,2020-01-23 09:32:25.800,2970.0000,1259,1,60716040.000,1,1,0,双开,S,2967.4000,2963.0000,2961.8000,2960.2000,2960.0000,2971.0000,2972.2000,2972.6000,2973.0000,2973.6000,1,1,1,5,1,2,1,1,1,1
SF,IH2009,2020-01-23 09:32:26.300,2970.0000,1259,0,60716040.000,0,-,-,-,-,2967.4000,2963.0000,2961.8000,2960.0000,2956.4000,2971.0000,2972.2000,2972.6000,2973.0000,2973.6000,1,1,1,1,5,2,1,1,1,1
SF,IH2009,2020-01-23 09:32:28.300,2970.0000,1259,0,60716040.000,0,-,-,-,-,2967.4000,2963.0000,2961.8000,2960.0000,2956.4000,2971.0000,2972.2000,2972.6000,2973.0000,2973.6000,1,1,1,1,5,3,1,1,1,1
SF,IH2009,2020-01-23 09:32:28.800,2970.0000,1259,0,60716040.000,0,-,-,-,-,2967.4000,2963.0000,2961.8000,2960.0000,2956.4000,2971.0000,2972.2000,2972.6000,2973.0000,2973.6000,1,1,1,1,5,2,1,1,1,1
SF,IH2009,2020-01-23 09:32:30.300,2970.0000,1259,0,60716040.000,0,-,-,-,-,2967.4000,2963.0000,2961.8000,2960.0000,2956.4000,2970.0000,2971.0000,2972.2000,2972.6000,2973.0000,1,1,1,1,5,1,2,1,1,1
SF,IH2009,2020-01-23 09:32:30.800,2970.0000,1259,0,60716040.000,0,-,-,-,-,2967.4000,2963.0000,2961.8000,2960.0000,2956.4000,2969.8000,2970.0000,2971.0000,2972.2000,2972.6000,1,1,1,1,5,1,1,2,1,1
SF,IH2009,2020-01-23 09:32:31.300,2970.0000,1259,0,60716040.000,0,-,-,-,-,2967.4000,2963.0000,2961.8000,2960.0000,2956.4000,2969.4000,2969.8000,2971.0000,2971.6000,2972.2000,1,1,1,1,5,1,1,2,2,1
SF,IH2009,2020-01-23 09:32:31.800,2970.0000,1259,0,60716040.000,0,-,-,-,-,2967.4000,2963.0000,2961.8000,2960.0000,2956.4000,2969.2000,2969.8000,2971.0000,2971.6000,2972.2000,1,1,1,1,5,1,1,2,2,1
SF,IH2009,2020-01-23 09:32:32.300,2970.0000,1259,0,60716040.000,0,-,-,-,-,2967.4000,2963.0000,2961.8000,2960.0000,2956.4000,2969.2000,2969.8000,2971.0000,2971.6000,2972.2000,1,1,1,1,5,1,1,2,2,1
SF,IH2009,2020-01-23 09:32:32.800,2970.0000,1259,0,60716040.000,0,-,-,-,-,2967.4000,2963.0000,2961.8000,2960.0000,2956.4000,2969.2000,2969.8000,2971.0000,2971.6000,2972.2000,1,1,1,1,5,2,1,2,2,1
SF,IH2009,2020-01-23 09:32:33.300,2970.0000,1259,0,60716040.000,0,-,-,-,-,2967.4000,2963.0000,2961.8000,2960.0000,2956.4000,2969.2000,2969.8000,2971.0000,2971.6000,2972.2000,1,1,1,1,5,2,1,2,2,1
SF,IH2009,2020-01-23 09:32:33.800,2970.0000,1259,0,60716040.000,0,-,-,-,-,2967.4000,2963.0000,2961.8000,2960.0000,2956.4000,2969.2000,2969.8000,2971.0000,2971.6000,2972.2000,1,1,1,1,5,2,1,2,2,1
SF,IH2009,2020-01-23 09:32:34.300,2970.0000,1259,0,60716040.000,0,-,-,-,-,2967.4000,2963.0000,2961.8000,2960.0000,2956.4000,2969.2000,2969.8000,2971.0000,2971.6000,2972.2000,1,1,1,1,5,2,1,2,2,1
SF,IH2009,2020-01-23 09:32:34.800,2970.0000,1259,0,60716040.000,0,-,-,-,-,2967.4000,2963.0000,2961.8000,2960.0000,2956.4000,2969.2000,2969.8000,2971.0000,2971.6000,2972.2000,1,1,1,1,5,2,1,2,2,1
SF,IH2009,2020-01-23 09:32:35.300,2967.4000,1260,1,61606260.000,1,1,0,双开,S,2963.0000,2961.8000,2960.0000,2956.4000,2951.0000,2969.2000,2969.8000,2971.0000,2971.6000,2972.2000,1,1,1,5,1,2,1,2,2,1
SF,IH2009,2020-01-23 09:32:35.800,2967.4000,1260,0,61606260.000,0,-,-,-,-,2963.2000,2963.0000,2961.8000,2960.0000,2956.4000,2969.2000,2969.8000,2971.0000,2971.6000,2972.2000,3,1,1,1,5,2,1,2,2,1
SF,IH2009,2020-01-23 09:32:36.300,2967.4000,1260,0,61606260.000,0,-,-,-,-,2963.2000,2963.0000,2961.8000,2960.0000,2956.4000,2969.2000,2969.8000,2970.0000,2971.0000,2971.6000,3,1,1,1,5,2,1,1,2,2
SF,IH2009,2020-01-23 09:32:37.300,2967.4000,1260,0,61606260.000,0,-,-,-,-,2963.2000,2963.0000,2960.0000,2956.4000,2951.0000,2969.2000,2969.8000,2970.0000,2971.0000,2971.6000,3,1,1,5,1,2,1,1,2,2
SF,IH2009,2020-01-23 09:32:37.800,2967.4000,1260,0,61606260.000,0,-,-,-,-,2963.2000,2963.0000,2960.0000,2956.4000,2951.0000,2969.2000,2969.8000,2970.0000,2971.0000,2971.6000,3,1,1,5,1,2,1,1,1,2
SF,IH2009,2020-01-23 09:32:38.300,2967.4000,1260,0,61606260.000,0,-,-,-,-,2963.2000,2963.0000,2960.0000,2956.4000,2953.8000,2969.2000,2970.0000,2971.0000,2971.6000,2973.6000,1,1,1,5,1,2,1,1,2,1
SF,IH2009,2020-01-23 09:32:38.800,2967.4000,1260,0,61606260.000,0,-,-,-,-,2963.4000,2963.2000,2963.0000,2960.0000,2956.4000,2969.2000,2970.0000,2971.0000,2971.6000,2973.6000,3,1,1,1,5,1,1,1,2,1
SF,IH2009,2020-01-23 09:32:39.300,2967.4000,1260,0,61606260.000,0,-,-,-,-,2963.6000,2963.4000,2963.2000,2963.0000,2960.0000,2969.2000,2970.0000,2971.0000,2971.6000,2973.6000,1,3,1,1,1,1,1,1,2,1
SF,IH2009,2020-01-23 09:32:39.800,2967.4000,1260,0,61606260.000,0,-,-,-,-,2963.8000,2963.6000,2963.4000,2963.2000,2963.0000,2969.2000,2970.0000,2971.0000,2971.6000,2973.6000,1,1,3,1,1,1,1,1,2,1
SF,IH2009,2020-01-23 09:32:40.300,2967.4000,1260,0,61606260.000,0,-,-,-,-,2964.0000,2963.8000,2963.6000,2963.4000,2963.2000,2970.0000,2971.6000,2973.6000,2978.0000,2994.4000,1,1,1,3,1,1,2,1,1,2
SF,IH2009,2020-01-23 09:32:40.800,2967.4000,1260,0,61606260.000,0,-,-,-,-,2964.2000,2964.0000,2963.8000,2963.6000,2963.4000,2970.0000,2971.6000,2973.6000,2978.0000,2994.4000,2,1,1,1,3,1,2,1,1,2
SF,IH2009,2020-01-23 09:32:41.300,2967.4000,1260,0,61606260.000,0,-,-,-,-,2964.4000,2964.2000,2964.0000,2963.8000,2963.6000,2970.0000,2973.6000,2975.4000,2978.0000,2994.4000,1,2,1,1,1,1,1,2,1,2
SF,IH2009,2020-01-23 09:32:41.800,2967.4000,1260,0,61606260.000,0,-,-,-,-,2964.6000,2964.4000,2964.2000,2964.0000,2963.8000,2970.0000,2973.6000,2975.4000,2978.0000,2994.4000,3,1,2,1,1,1,1,2,1,2
SF,IH2009,2020-01-23 09:32:42.300,2967.4000,1260,0,61606260.000,0,-,-,-,-,2964.8000,2964.6000,2964.4000,2964.2000,2964.0000,2970.0000,2973.6000,2975.4000,2978.0000,2994.4000,1,3,1,2,1,1,1,2,1,2
SF,IH2009,2020-01-23 09:32:42.800,2967.4000,1260,0,61606260.000,0,-,-,-,-,2965.0000,2964.8000,2964.6000,2964.4000,2964.2000,2973.6000,2975.4000,2978.0000,2994.4000,2995.0000,1,1,3,1,2,1,2,1,2,1
SF,IH2009,2020-01-23 09:32:43.300,2967.4000,1260,0,61606260.000,0,-,-,-,-,2965.2000,2965.0000,2964.8000,2964.6000,2964.4000,2970.8000,2973.4000,2973.6000,2975.4000,2978.0000,1,1,1,3,1,1,1,1,2,1
SF,IH2009,2020-01-23 09:32:43.800,2967.4000,1260,0,61606260.000,0,-,-,-,-,2965.4000,2965.2000,2965.0000,2964.8000,2964.6000,2970.8000,2973.6000,2975.4000,2978.0000,2994.4000,2,1,1,1,3,1,1,2,1,2
SF,IH2009,2020-01-23 09:32:44.300,2967.4000,1260,0,61606260.000,0,-,-,-,-,2965.6000,2965.4000,2965.2000,2965.0000,2964.8000,2970.8000,2973.6000,2975.4000,2978.0000,2994.4000,1,2,1,1,1,1,1,2,1,2
SF,IH2009,2020-01-23 09:32:44.800,2967.4000,1260,0,61606260.000,0,-,-,-,-,2965.6000,2965.2000,2964.8000,2964.4000,2964.2000,2970.8000,2973.6000,2975.4000,2978.0000,2994.4000,1,1,1,1,2,1,1,2,1,2
SF,IH2009,2020-01-23 09:32:45.300,2967.4000,1260,0,61606260.000,0,-,-,-,-,2965.6000,2965.2000,2964.8000,2964.4000,2964.2000,2970.6000,2970.8000,2973.6000,2975.4000,2978.0000,2,1,1,1,2,1,1,1,2,1
SF,IH2009,2020-01-23 09:32:45.800,2967.4000,1260,0,61606260.000,0,-,-,-,-,2965.6000,2965.2000,2964.8000,2964.4000,2964.2000,2970.6000,2973.6000,2975.4000,2978.0000,2994.4000,2,1,1,1,2,1,1,2,1,2
SF,IH2009,2020-01-23 09:32:46.300,2967.4000,1260,0,61606260.000,0,-,-,-,-,2965.6000,2965.2000,2964.8000,2964.4000,2964.2000,2973.6000,2975.4000,2978.0000,2994.4000,2995.0000,2,1,1,1,2,1,2,1,2,1
SF,IH2009,2020-01-23 09:32:46.800,2967.4000,1260,0,61606260.000,0,-,-,-,-,2965.6000,2965.2000,2964.8000,2964.4000,2964.2000,2971.0000,2973.4000,2973.6000,2975.4000,2978.0000,2,1,1,1,2,1,1,1,2,1
SF,IH2009,2020-01-23 09:32:47.300,2967.4000,1260,0,61606260.000,0,-,-,-,-,2965.6000,2965.2000,2964.8000,2964.4000,2964.2000,2971.0000,2973.6000,2975.4000,2978.0000,2994.4000,2,1,1,1,2,1,1,2,1,2
SF,IH2009,2020-01-23 09:32:47.800,2967.4000,1260,0,61606260.000,0,-,-,-,-,2965.8000,2965.6000,2965.2000,2964.8000,2964.4000,2971.0000,2973.6000,2975.4000,2978.0000,2994.4000,1,2,1,1,1,1,1,2,1,2
SF,IH2009,2020-01-23 09:32:48.300,2967.4000,1260,0,61606260.000,0,-,-,-,-,2966.0000,2965.8000,2965.6000,2965.2000,2964.8000,2970.8000,2971.0000,2973.6000,2975.4000,2978.0000,1,1,2,1,1,1,1,1,2,1
SF,IH2009,2020-01-23 09:32:48.800,2967.4000,1260,0,61606260.000,0,-,-,-,-,2966.0000,2965.8000,2965.6000,2965.2000,2964.8000,2970.8000,2973.6000,2975.4000,2978.0000,2994.4000,1,1,2,1,1,1,1,2,1,2
SF,IH2009,2020-01-23 09:32:49.300,2967.4000,1260,0,61606260.000,0,-,-,-,-,2966.0000,2965.8000,2965.6000,2965.2000,2964.8000,2970.0000,2973.6000,2975.4000,2978.0000,2994.4000,1,1,2,1,1,1,1,2,1,2
SF,IH2009,2020-01-23 09:32:49.800,2967.4000,1260,0,61606260.000,0,-,-,-,-,2966.0000,2965.8000,2965.6000,2965.2000,2964.8000,2970.0000,2973.6000,2975.4000,2978.0000,2994.4000,1,1,2,1,1,1,1,2,1,2
SF,IH2009,2020-01-23 09:32:50.300,2967.4000,1260,0,61606260.000,0,-,-,-,-,2966.0000,2965.8000,2965.6000,2965.2000,2964.8000,2970.0000,2973.6000,2975.4000,2978.0000,2994.4000,1,1,2,1,1,1,1,2,1,2
SF,IH2009,2020-01-23 09:32:50.800,2967.4000,1260,0,61606260.000,0,-,-,-,-,2966.0000,2965.8000,2965.6000,2965.2000,2964.8000,2970.0000,2973.6000,2975.4000,2978.0000,2994.4000,1,1,2,1,1,1,1,2,1,2
SF,IH2009,2020-01-23 09:32:51.300,2967.4000,1260,0,61606260.000,0,-,-,-,-,2966.0000,2965.8000,2965.6000,2965.2000,2964.8000,2970.0000,2973.6000,2975.4000,2978.0000,2994.4000,1,1,2,1,1,1,1,2,1,2
SF,IH2009,2020-01-23 09:32:51.800,2967.4000,1260,0,61606260.000,0,-,-,-,-,2966.0000,2965.8000,2965.6000,2965.2000,2964.8000,2973.6000,2975.4000,2978.0000,2994.4000,2995.0000,1,1,2,1,1,1,2,1,2,1
SF,IH2009,2020-01-23 09:32:52.300,2967.4000,1260,0,61606260.000,0,-,-,-,-,2966.0000,2965.8000,2965.6000,2965.2000,2964.8000,2970.4000,2973.4000,2973.6000,2975.4000,2978.0000,1,1,2,1,1,1,1,1,2,1
SF,IH2009,2020-01-23 09:32:52.800,2967.4000,1260,0,61606260.000,0,-,-,-,-,2966.0000,2965.8000,2965.6000,2965.2000,2964.8000,2973.4000,2973.6000,2975.4000,2978.0000,2994.4000,1,1,2,1,1,1,1,2,1,2
SF,IH2009,2020-01-23 09:32:53.300,2967.4000,1260,0,61606260.000,0,-,-,-,-,2966.0000,2965.8000,2965.6000,2965.2000,2964.8000,2971.0000,2973.2000,2973.4000,2973.6000,2975.4000,1,1,2,1,1,1,1,1,1,2
SF,IH2009,2020-01-23 09:32:53.800,2967.4000,1260,0,61606260.000,0,-,-,-,-,2966.0000,2965.8000,2965.6000,2965.2000,2964.8000,2971.0000,2973.2000,2973.6000,2975.4000,2978.0000,1,1,2,1,1,1,1,1,2,1
SF,IH2009,2020-01-23 09:32:54.300,2967.4000,1260,0,61606260.000,0,-,-,-,-,2966.2000,2966.0000,2965.8000,2965.6000,2965.2000,2971.0000,2973.6000,2975.4000,2978.0000,2994.4000,1,1,1,2,1,1,1,2,1,2
SF,IH2009,2020-01-23 09:32:54.800,2967.4000,1260,0,61606260.000,0,-,-,-,-,2968.8000,2966.4000,2966.2000,2966.0000,2965.8000,2973.6000,2975.4000,2978.0000,2994.4000,2995.0000,1,1,1,1,1,1,2,1,2,1
SF,IH2009,2020-01-23 09:32:55.300,2967.4000,1260,0,61606260.000,0,-,-,-,-,2968.8000,2966.4000,2966.2000,2966.0000,2965.8000,2971.4000,2973.4000,2973.6000,2975.4000,2978.0000,1,1,1,1,1,1,2,1,2,1
SF,IH2009,2020-01-23 09:32:56.300,2967.4000,1260,0,61606260.000,0,-,-,-,-,2966.4000,2966.2000,2966.0000,2965.8000,2965.6000,2971.4000,2973.4000,2973.6000,2975.4000,2978.0000,1,1,1,1,2,1,1,1,2,1
SF,IH2009,2020-01-23 09:32:56.800,2967.4000,1260,0,61606260.000,0,-,-,-,-,2966.4000,2966.2000,2966.0000,2965.8000,2965.6000,2971.4000,2973.6000,2975.4000,2978.0000,2994.4000,1,1,1,1,2,1,1,2,1,2
SF,IH2009,2020-01-23 09:32:57.300,2967.4000,1260,0,61606260.000,0,-,-,-,-,2968.0000,2966.6000,2966.4000,2966.2000,2966.0000,2971.4000,2973.6000,2975.4000,2978.0000,2994.4000,1,2,1,1,1,1,1,2,1,2
SF,IH2009,2020-01-23 09:32:57.800,2967.4000,1260,0,61606260.000,0,-,-,-,-,2968.0000,2966.6000,2966.4000,2966.2000,2966.0000,2971.4000,2973.6000,2975.4000,2978.0000,2994.4000,1,2,1,1,1,1,1,2,1,2
SF,IH2009,2020-01-23 09:32:58.300,2967.4000,1260,0,61606260.000,0,-,-,-,-,2968.0000,2966.6000,2966.4000,2966.2000,2966.0000,2971.4000,2973.6000,2975.4000,2978.0000,2994.4000,1,2,1,1,1,1,1,2,1,2
SF,IH2009,2020-01-23 09:32:58.800,2967.4000,1260,0,61606260.000,0,-,-,-,-,2968.2000,2968.0000,2966.6000,2966.4000,2966.2000,2971.4000,2973.6000,2975.4000,2978.0000,2994.4000,1,1,2,1,1,1,1,2,1,2
SF,IH2009,2020-01-23 09:32:59.300,2967.4000,1260,0,61606260.000,0,-,-,-,-,2968.0000,2966.4000,2966.2000,2966.0000,2965.8000,2971.2000,2971.4000,2973.6000,2975.4000,2978.0000,1,1,1,1,1,1,1,1,2,1
SF,IH2009,2020-01-23 09:32:59.800,2967.4000,1260,0,61606260.000,0,-,-,-,-,2968.0000,2966.4000,2966.2000,2966.0000,2965.8000,2971.2000,2973.6000,2975.4000,2978.0000,2994.4000,1,1,1,1,1,1,1,2,1,2
SF,IH2009,2020-01-23 09:33:00.300,2967.4000,1260,0,61606260.000,0,-,-,-,-,2968.0000,2966.4000,2966.2000,2966.0000,2965.8000,2970.8000,2973.6000,2975.4000,2978.0000,2994.4000,1,1,1,1,1,1,1,2,1,2
SF,IH2009,2020-01-23 09:33:00.800,2967.4000,1260,0,61606260.000,0,-,-,-,-,2968.4000,2968.2000,2968.0000,2966.4000,2966.2000,2973.6000,2975.4000,2978.0000,2994.4000,2995.0000,1,1,1,1,1,1,2,1,2,1
SF,IH2009,2020-01-23 09:33:01.300,2967.4000,1260,0,61606260.000,0,-,-,-,-,2968.6000,2968.2000,2968.0000,2966.4000,2966.2000,2971.8000,2973.4000,2973.6000,2975.4000,2978.0000,1,1,1,1,1,1,1,1,2,1
SF,IH2009,2020-01-23 09:33:01.800,2967.4000,1260,0,61606260.000,0,-,-,-,-,2968.2000,2968.0000,2966.4000,2966.2000,2966.0000,2971.6000,2971.8000,2973.4000,2973.6000,2975.4000,1,1,1,1,1,1,1,1,1,2
SF,IH2009,2020-01-23 09:33:02.300,2967.4000,1260,0,61606260.000,0,-,-,-,-,2968.0000,2966.4000,2966.2000,2966.0000,2965.8000,2971.2000,2971.6000,2973.6000,2975.4000,2978.0000,1,1,1,1,1,1,1,1,2,1
SF,IH2009,2020-01-23 09:33:02.800,2967.4000,1260,0,61606260.000,0,-,-,-,-,2968.0000,2966.4000,2966.0000,2965.8000,2965.6000,2971.0000,2971.2000,2973.6000,2975.4000,2978.0000,1,1,1,1,1,1,1,1,2,1
SF,IH2009,2020-01-23 09:33:03.300,2967.4000,1260,0,61606260.000,0,-,-,-,-,2969.0000,2968.0000,2966.4000,2966.0000,2965.6000,2970.2000,2971.0000,2973.6000,2975.4000,2978.0000,1,1,1,1,1,1,1,1,2,1
SF,IH2009,2020-01-23 09:33:03.800,2967.4000,1260,0,61606260.000,0,-,-,-,-,2969.0000,2968.0000,2966.4000,2966.0000,2965.6000,2973.6000,2975.4000,2978.0000,2994.4000,2995.0000,1,1,1,1,1,1,2,1,2,1
SF,IH2009,2020-01-23 09:33:04.300,2967.4000,1260,0,61606260.000,0,-,-,-,-,2969.0000,2968.0000,2966.4000,2966.0000,2965.6000,2970.8000,2973.4000,2973.6000,2975.4000,2978.0000,1,1,1,1,1,1,1,1,2,1
SF,IH2009,2020-01-23 09:33:04.800,2967.4000,1260,0,61606260.000,0,-,-,-,-,2969.0000,2968.0000,2966.4000,2966.0000,2965.6000,2970.8000,2973.6000,2975.4000,2978.0000,2994.4000,1,1,1,1,1,1,1,2,1,2
SF,IH2009,2020-01-23 09:33:05.300,2967.4000,1260,0,61606260.000,0,-,-,-,-,2969.0000,2968.0000,2966.4000,2966.0000,2965.6000,2973.6000,2975.4000,2978.0000,2994.4000,2995.0000,1,1,1,1,1,1,2,1,2,1
SF,IH2009,2020-01-23 09:33:05.800,2967.4000,1260,0,61606260.000,0,-,-,-,-,2968.0000,2966.4000,2966.0000,2965.6000,2964.2000,2971.6000,2973.4000,2973.6000,2975.4000,2978.0000,1,1,1,1,2,1,1,1,2,1
SF,IH2009,2020-01-23 09:33:06.300,2967.4000,1260,0,61606260.000,0,-,-,-,-,2968.0000,2966.4000,2966.0000,2965.6000,2964.2000,2971.6000,2973.4000,2973.6000,2975.4000,2978.0000,1,1,1,1,2,1,1,1,2,1
SF,IH2009,2020-01-23 09:33:07.300,2967.4000,1260,0,61606260.000,0,-,-,-,-,2968.0000,2966.4000,2966.0000,2965.6000,2964.2000,2971.4000,2971.6000,2973.6000,2975.4000,2978.0000,1,1,1,1,2,1,1,1,2,1
SF,IH2009,2020-01-23 09:33:07.800,2967.4000,1260,0,61606260.000,0,-,-,-,-,2968.2000,2968.0000,2966.4000,2966.0000,2965.6000,2970.2000,2971.4000,2973.6000,2975.4000,2978.0000,1,1,1,1,1,1,1,1,2,1
SF,IH2009,2020-01-23 09:33:08.300,2967.4000,1260,0,61606260.000,0,-,-,-,-,2968.2000,2968.0000,2966.4000,2966.0000,2965.6000,2970.2000,2973.6000,2975.4000,2978.0000,2994.4000,1,1,1,1,1,1,1,2,1,2
SF,IH2009,2020-01-23 09:33:08.800,2967.4000,1260,0,61606260.000,0,-,-,-,-,2968.2000,2968.0000,2966.4000,2966.0000,2965.6000,2970.0000,2970.2000,2973.6000,2975.4000,2978.0000,1,1,1,1,1,1,1,1,2,1
SF,IH2009,2020-01-23 09:33:09.300,2967.4000,1260,0,61606260.000,0,-,-,-,-,2968.2000,2968.0000,2966.4000,2966.0000,2965.6000,2970.0000,2973.6000,2975.4000,2994.4000,2995.0000,1,1,1,1,1,1,1,2,2,1
SF,IH2009,2020-01-23 09:33:09.800,2967.4000,1260,0,61606260.000,0,-,-,-,-,2968.2000,2968.0000,2966.4000,2966.0000,2965.6000,2969.8000,2970.0000,2973.6000,2975.4000,2994.4000,1,1,1,1,1,1,1,1,2,2
SF,IH2009,2020-01-23 09:33:10.300,2967.4000,1260,0,61606260.000,0,-,-,-,-,2968.2000,2968.0000,2966.4000,2966.0000,2965.6000,2969.8000,2973.6000,2975.4000,2994.4000,2995.0000,1,1,1,1,1,1,1,2,2,1
SF,IH2009,2020-01-23 09:33:10.800,2967.4000,1260,0,61606260.000,0,-,-,-,-,2968.0000,2966.4000,2966.0000,2965.6000,2964.2000,2969.6000,2969.8000,2973.6000,2975.4000,2994.4000,1,1,1,1,2,1,1,1,2,2
SF,IH2009,2020-01-23 09:33:11.300,2967.4000,1260,0,61606260.000,0,-,-,-,-,2968.0000,2966.4000,2966.0000,2965.6000,2964.2000,2969.6000,2969.8000,2973.6000,2975.4000,2994.4000,1,1,1,1,2,1,1,1,2,2
SF,IH2009,2020-01-23 09:33:11.800,2967.4000,1260,0,61606260.000,0,-,-,-,-,2968.0000,2966.4000,2966.0000,2965.6000,2964.2000,2969.4000,2969.8000,2973.6000,2975.4000,2994.4000,1,1,1,1,2,1,1,1,2,2
SF,IH2009,2020-01-23 09:33:12.300,2967.4000,1260,0,61606260.000,0,-,-,-,-,2968.0000,2966.4000,2966.0000,2965.6000,2964.2000,2969.4000,2969.8000,2973.6000,2975.4000,2994.4000,1,1,1,1,2,1,1,1,2,2
SF,IH2009,2020-01-23 09:33:12.800,2967.4000,1260,0,61606260.000,0,-,-,-,-,2968.0000,2966.4000,2966.0000,2965.6000,2964.2000,2973.6000,2975.4000,2994.4000,2995.0000,3000.0000,1,1,1,1,2,1,2,2,1,1
SF,IH2009,2020-01-23 09:33:13.300,2967.4000,1260,0,61606260.000,0,-,-,-,-,2968.0000,2966.4000,2966.0000,2965.6000,2964.2000,2970.8000,2973.4000,2973.6000,2975.4000,2994.4000,1,1,1,1,2,1,1,1,2,2
SF,IH2009,2020-01-23 09:33:13.800,2967.4000,1260,0,61606260.000,0,-,-,-,-,2968.4000,2968.0000,2966.4000,2966.0000,2965.6000,2973.6000,2975.4000,2994.4000,2995.0000,3000.0000,1,1,1,1,1,1,2,2,1,1
SF,IH2009,2020-01-23 09:33:14.300,2967.4000,1260,0,61606260.000,0,-,-,-,-,2968.0000,2966.4000,2966.0000,2965.6000,2964.2000,2971.4000,2973.4000,2973.6000,2975.4000,2994.4000,1,1,1,1,2,1,2,1,2,2
SF,IH2009,2020-01-23 09:33:14.800,2967.4000,1260,0,61606260.000,0,-,-,-,-,2968.0000,2966.4000,2966.0000,2965.6000,2964.2000,2971.4000,2973.4000,2973.6000,2975.4000,2994.4000,1,1,1,1,2,1,1,1,2,2
SF,IH2009,2020-01-23 09:33:15.300,2967.4000,1260,0,61606260.000,0,-,-,-,-,2968.0000,2966.4000,2966.0000,2965.6000,2964.2000,2971.4000,2973.6000,2975.4000,2994.4000,2995.0000,1,1,1,1,2,1,1,2,2,1
SF,IH2009,2020-01-23 09:33:15.800,2967.4000,1260,0,61606260.000,0,-,-,-,-,2968.0000,2966.4000,2966.0000,2965.6000,2964.2000,2971.2000,2971.4000,2973.6000,2975.4000,2994.4000,1,1,1,1,2,1,1,1,2,2
SF,IH2009,2020-01-23 09:33:16.300,2967.4000,1260,0,61606260.000,0,-,-,-,-,2968.0000,2966.4000,2966.0000,2965.6000,2964.2000,2970.4000,2971.2000,2973.6000,2975.4000,2994.4000,1,1,1,1,2,1,1,1,2,2
SF,IH2009,2020-01-23 09:33:17.300,2967.4000,1260,0,61606260.000,0,-,-,-,-,2968.0000,2966.4000,2966.0000,2965.6000,2964.2000,2970.0000,2970.4000,2973.6000,2975.4000,2994.4000,1,1,1,1,2,1,1,1,2,2
SF,IH2009,2020-01-23 09:33:17.800,2967.4000,1260,0,61606260.000,0,-,-,-,-,2968.2000,2968.0000,2966.4000,2966.0000,2965.6000,2969.8000,2970.0000,2973.6000,2975.4000,2994.4000,1,1,1,1,1,1,1,1,2,2
SF,IH2009,2020-01-23 09:33:18.300,2967.4000,1260,0,61606260.000,0,-,-,-,-,2968.4000,2968.2000,2968.0000,2966.4000,2966.0000,2969.8000,2973.6000,2975.4000,2994.4000,2995.0000,1,1,1,1,1,1,1,2,2,1
SF,IH2009,2020-01-23 09:33:18.800,2967.4000,1260,0,61606260.000,0,-,-,-,-,2968.4000,2968.2000,2968.0000,2966.4000,2966.0000,2973.6000,2975.4000,2994.4000,2995.0000,3000.0000,1,1,2,1,1,1,2,2,1,1
SF,IH2009,2020-01-23 09:33:19.300,2967.4000,1260,0,61606260.000,0,-,-,-,-,2968.2000,2968.0000,2966.4000,2966.0000,2965.6000,2970.2000,2973.4000,2973.6000,2975.4000,2994.4000,1,2,1,1,1,1,2,1,2,2
SF,IH2009,2020-01-23 09:33:19.800,2967.4000,1260,0,61606260.000,0,-,-,-,-,2968.2000,2968.0000,2966.4000,2966.0000,2965.6000,2970.2000,2973.4000,2973.6000,2975.4000,2994.4000,1,2,1,1,1,1,1,1,2,2
SF,IH2009,2020-01-23 09:33:20.300,2967.4000,1260,0,61606260.000,0,-,-,-,-,2968.2000,2968.0000,2966.4000,2966.0000,2965.6000,2970.2000,2973.6000,2975.4000,2994.4000,2995.0000,1,2,1,1,1,1,1,2,2,1
SF,IH2009,2020-01-23 09:33:20.800,2967.4000,1260,0,61606260.000,0,-,-,-,-,2968.2000,2968.0000,2966.4000,2966.0000,2965.6000,2970.0000,2970.2000,2973.6000,2975.4000,2994.4000,1,2,1,1,1,1,1,1,2,2
SF,IH2009,2020-01-23 09:33:21.300,2967.4000,1260,0,61606260.000,0,-,-,-,-,2968.0000,2966.4000,2966.0000,2965.6000,2964.2000,2969.6000,2969.8000,2970.0000,2973.6000,2975.4000,2,1,1,1,2,1,1,1,1,2
SF,IH2009,2020-01-23 09:33:22.300,2967.4000,1260,0,61606260.000,0,-,-,-,-,2968.0000,2965.6000,2964.2000,2963.8000,2963.4000,2969.4000,2969.6000,2973.6000,2975.4000,2994.4000,2,1,2,1,3,1,1,1,2,2
SF,IH2009,2020-01-23 09:33:22.800,2967.4000,1260,0,61606260.000,0,-,-,-,-,2968.0000,2965.6000,2964.2000,2963.8000,2963.4000,2969.4000,2969.6000,2973.6000,2975.4000,2994.4000,2,1,2,1,3,1,1,1,2,2
SF,IH2009,2020-01-23 09:33:23.300,2967.4000,1260,0,61606260.000,0,-,-,-,-,2968.0000,2965.6000,2964.2000,2963.8000,2963.4000,2969.4000,2969.6000,2973.6000,2975.4000,2994.4000,2,1,2,1,3,1,1,1,2,2
SF,IH2009,2020-01-23 09:33:23.800,2967.4000,1260,0,61606260.000,0,-,-,-,-,2968.0000,2965.6000,2964.2000,2963.8000,2963.4000,2969.4000,2969.6000,2973.6000,2975.4000,2994.4000,2,1,2,1,3,1,1,1,2,2
SF,IH2009,2020-01-23 09:33:24.300,2967.4000,1260,0,61606260.000,0,-,-,-,-,2968.0000,2965.6000,2964.2000,2963.8000,2963.4000,2969.4000,2973.6000,2975.4000,2994.4000,2995.0000,2,1,2,1,3,1,1,2,2,1
SF,IH2009,2020-01-23 09:33:24.800,2967.4000,1260,0,61606260.000,0,-,-,-,-,2968.0000,2965.6000,2963.8000,2963.4000,2963.0000,2969.4000,2973.6000,2975.4000,2994.4000,2995.0000,2,1,1,3,1,2,1,2,2,1
SF,IH2009,2020-01-23 09:33:25.300,2967.4000,1260,0,61606260.000,0,-,-,-,-,2968.0000,2965.6000,2963.8000,2963.4000,2963.0000,2969.2000,2969.4000,2973.6000,2975.4000,2994.4000,2,1,1,3,1,1,2,1,2,2
SF,IH2009,2020-01-23 09:33:25.800,2967.4000,1260,0,61606260.000,0,-,-,-,-,2968.0000,2965.6000,2963.8000,2963.4000,2963.0000,2969.0000,2969.2000,2973.6000,2975.4000,2994.4000,2,1,1,3,1,2,1,1,2,2
SF,IH2009,2020-01-23 09:33:26.300,2967.4000,1260,0,61606260.000,0,-,-,-,-,2968.0000,2965.6000,2963.8000,2963.4000,2963.0000,2969.0000,2973.6000,2975.4000,2994.4000,2995.0000,2,1,1,3,1,2,1,2,2,1
SF,IH2009,2020-01-23 09:33:26.800,2967.4000,1260,0,61606260.000,0,-,-,-,-,2968.0000,2965.6000,2963.8000,2963.4000,2963.0000,2969.0000,2973.6000,2975.4000,2994.4000,2995.0000,2,1,1,3,1,2,1,2,2,1
SF,IH2009,2020-01-23 09:33:27.300,2967.4000,1260,0,61606260.000,0,-,-,-,-,2968.0000,2965.6000,2963.8000,2963.4000,2963.0000,2969.0000,2973.6000,2975.4000,2994.4000,2995.0000,2,1,1,3,1,2,1,2,2,1
SF,IH2009,2020-01-23 09:33:27.800,2967.4000,1260,0,61606260.000,0,-,-,-,-,2968.0000,2965.6000,2963.8000,2963.4000,2963.0000,2969.0000,2973.6000,2975.4000,2994.4000,2995.0000,2,1,1,3,1,2,1,2,2,1
SF,IH2009,2020-01-23 09:33:28.300,2967.4000,1260,0,61606260.000,0,-,-,-,-,2968.0000,2965.6000,2963.8000,2963.4000,2963.0000,2969.0000,2973.6000,2975.4000,2994.4000,2995.0000,2,1,1,3,1,1,1,2,2,1
SF,IH2009,2020-01-23 09:33:28.800,2967.4000,1260,0,61606260.000,0,-,-,-,-,2968.0000,2965.6000,2963.8000,2963.4000,2963.0000,2969.0000,2973.6000,2975.4000,2994.4000,2995.0000,2,1,1,3,1,2,1,2,2,1
SF,IH2009,2020-01-23 09:33:29.300,2968.0000,1259,-1,62496660.000,1,0,1,双平,S,2968.0000,2965.6000,2963.8000,2963.4000,2963.0000,2969.0000,2973.6000,2975.4000,2994.4000,2995.0000,2,1,1,3,1,2,1,2,2,1
SF,IH2009,2020-01-23 09:33:29.800,2968.0000,1260,1,63387060.000,1,1,0,双开,S,2968.0000,2965.6000,2963.8000,2963.4000,2963.0000,2969.0000,2973.6000,2975.4000,2994.4000,2995.0000,1,1,1,3,1,2,1,2,2,1
SF,IH2009,2020-01-23 09:33:30.300,2968.0000,1260,0,63387060.000,0,-,-,-,-,2968.0000,2965.6000,2963.4000,2963.0000,2960.0000,2969.0000,2973.6000,2975.4000,2994.4000,2995.0000,1,1,3,1,1,2,1,2,2,1
SF,IH2009,2020-01-23 09:33:30.800,2968.0000,1260,0,63387060.000,0,-,-,-,-,2968.0000,2965.6000,2963.4000,2963.0000,2960.0000,2969.0000,2973.6000,2975.4000,2994.4000,2995.0000,1,1,3,1,1,2,1,2,2,1
SF,IH2009,2020-01-23 09:33:31.300,2968.0000,1260,0,63387060.000,0,-,-,-,-,2968.0000,2965.6000,2963.4000,2963.0000,2960.0000,2969.0000,2973.6000,2975.4000,2994.4000,2995.0000,1,1,3,1,1,1,1,2,2,1
SF,IH2009,2020-01-23 09:33:31.800,2968.0000,1261,1,64277460.000,1,1,0,双开,S,2968.0000,2965.6000,2963.4000,2963.0000,2960.0000,2969.0000,2973.6000,2975.4000,2994.4000,2995.0000,1,1,3,1,1,1,1,2,2,1
SF,IH2009,2020-01-23 09:33:32.300,2968.0000,1261,0,64277460.000,0,-,-,-,-,2968.0000,2966.2000,2965.6000,2963.4000,2963.0000,2969.0000,2973.6000,2975.4000,2994.4000,2995.0000,1,1,1,3,1,1,1,2,2,1
SF,IH2009,2020-01-23 09:33:32.800,2968.0000,1261,0,64277460.000,0,-,-,-,-,2968.0000,2966.2000,2965.6000,2963.4000,2963.0000,2969.0000,2973.6000,2975.4000,2994.4000,2995.0000,1,1,1,3,1,1,1,2,2,1
SF,IH2009,2020-01-23 09:33:36.800,2968.0000,1261,0,64277460.000,0,-,-,-,-,2968.0000,2966.2000,2965.6000,2963.4000,2963.0000,2968.8000,2969.0000,2973.6000,2975.4000,2994.4000,1,1,1,3,1,1,1,1,2,2
SF,IH2009,2020-01-23 09:33:37.300,2968.0000,1261,0,64277460.000,0,-,-,-,-,2968.0000,2966.2000,2965.6000,2963.4000,2963.0000,2973.6000,2975.4000,2994.4000,2995.0000,3000.0000,1,1,1,3,1,1,2,2,1,1
SF,IH2009,2020-01-23 09:33:37.800,2968.0000,1261,0,64277460.000,0,-,-,-,-,2968.0000,2965.6000,2963.4000,2963.0000,2960.0000,2970.2000,2973.4000,2973.6000,2975.4000,2994.4000,1,1,3,1,1,1,1,1,2,2
SF,IH2009,2020-01-23 09:33:38.300,2968.0000,1261,0,64277460.000,0,-,-,-,-,2968.0000,2965.6000,2963.4000,2963.0000,2960.0000,2973.6000,2975.4000,2994.4000,2995.0000,3000.0000,1,1,3,1,1,1,2,2,1,1
SF,IH2009,2020-01-23 09:33:38.800,2968.0000,1261,0,64277460.000,0,-,-,-,-,2968.0000,2965.6000,2963.4000,2963.0000,2960.0000,2970.8000,2973.4000,2973.6000,2975.4000,2994.4000,1,1,3,1,1,1,1,1,2,2
SF,IH2009,2020-01-23 09:33:39.300,2968.0000,1261,0,64277460.000,0,-,-,-,-,2968.0000,2965.6000,2963.4000,2963.0000,2960.0000,2970.8000,2973.6000,2975.4000,2994.4000,2995.0000,1,1,3,1,1,1,1,2,2,1
SF,IH2009,2020-01-23 09:33:39.800,2968.0000,1261,0,64277460.000,0,-,-,-,-,2968.0000,2965.6000,2963.4000,2963.0000,2960.0000,2970.8000,2973.6000,2975.4000,2994.4000,2995.0000,1,1,3,1,1,1,1,2,2,1
SF,IH2009,2020-01-23 09:33:40.300,2968.0000,1261,0,64277460.000,0,-,-,-,-,2968.4000,2968.0000,2965.6000,2963.4000,2963.0000,2970.8000,2973.6000,2975.4000,2994.4000,2995.0000,1,1,1,3,1,1,1,2,2,1
SF,IH2009,2020-01-23 09:33:40.800,2968.0000,1261,0,64277460.000,0,-,-,-,-,2968.0000,2965.6000,2963.4000,2963.0000,2960.0000,2970.8000,2973.6000,2975.4000,2994.4000,2995.0000,1,1,3,1,1,1,1,2,2,1
SF,IH2009,2020-01-23 09:33:41.300,2968.0000,1261,0,64277460.000,0,-,-,-,-,2968.4000,2968.0000,2965.6000,2963.4000,2963.0000,2970.8000,2973.6000,2975.4000,2994.4000,2995.0000,1,1,1,3,1,1,1,2,2,1
SF,IH2009,2020-01-23 09:33:41.800,2968.0000,1261,0,64277460.000,0,-,-,-,-,2968.4000,2968.0000,2965.6000,2963.4000,2963.0000,2970.8000,2973.6000,2975.4000,2994.4000,2995.0000,1,1,1,3,1,1,1,2,2,1
SF,IH2009,2020-01-23 09:33:42.300,2968.0000,1261,0,64277460.000,0,-,-,-,-,2968.4000,2968.0000,2965.6000,2963.4000,2963.0000,2970.8000,2973.6000,2975.4000,2994.4000,2995.0000,1,1,1,3,1,1,1,2,2,1
SF,IH2009,2020-01-23 09:33:42.800,2968.0000,1261,0,64277460.000,0,-,-,-,-,2968.0000,2965.6000,2963.4000,2963.0000,2960.0000,2970.6000,2970.8000,2973.6000,2975.4000,2994.4000,1,1,3,1,1,1,1,1,2,2
SF,IH2009,2020-01-23 09:33:43.300,2968.0000,1261,0,64277460.000,0,-,-,-,-,2968.0000,2965.6000,2963.4000,2963.0000,2960.0000,2970.6000,2973.6000,2975.4000,2994.4000,2995.0000,1,1,3,1,1,1,1,2,2,1
SF,IH2009,2020-01-23 09:33:43.800,2968.0000,1261,0,64277460.000,0,-,-,-,-,2968.0000,2965.6000,2963.4000,2963.0000,2960.0000,2971.2000,2973.6000,2975.4000,2994.4000,2995.0000,1,1,3,1,1,1,1,2,2,1
SF,IH2009,2020-01-23 09:33:44.300,2968.0000,1261,0,64277460.000,0,-,-,-,-,2968.0000,2965.6000,2963.4000,2963.0000,2960.0000,2971.2000,2973.6000,2975.4000,2994.4000,2995.0000,1,1,3,1,1,1,1,2,2,1
SF,IH2009,2020-01-23 09:33:44.800,2968.0000,1261,0,64277460.000,0,-,-,-,-,2968.0000,2965.6000,2963.4000,2963.0000,2960.0000,2971.2000,2973.6000,2975.4000,2994.4000,2995.0000,1,1,3,1,1,1,1,2,2,1
SF,IH2009,2020-01-23 09:33:45.300,2968.0000,1261,0,64277460.000,0,-,-,-,-,2968.0000,2965.6000,2963.4000,2963.0000,2960.0000,2971.2000,2973.6000,2975.4000,2994.4000,2995.0000,1,1,3,1,1,1,1,2,2,1
SF,IH2009,2020-01-23 09:33:45.800,2968.0000,1261,0,64277460.000,0,-,-,-,-,2968.0000,2965.6000,2963.4000,2963.0000,2960.0000,2973.6000,2975.4000,2994.4000,2995.0000,3000.0000,1,1,3,1,1,1,2,2,1,1
SF,IH2009,2020-01-23 09:33:46.300,2968.0000,1261,0,64277460.000,0,-,-,-,-,2968.0000,2965.6000,2963.4000,2963.0000,2960.0000,2972.2000,2973.4000,2973.6000,2975.4000,2994.4000,1,1,3,1,1,1,2,1,2,2
SF,IH2009,2020-01-23 09:33:46.800,2968.0000,1261,0,64277460.000,0,-,-,-,-,2968.0000,2965.6000,2963.4000,2963.0000,2960.0000,2972.2000,2973.4000,2973.6000,2975.4000,2994.4000,1,1,3,1,1,1,2,1,2,2
SF,IH2009,2020-01-23 09:33:47.800,2968.0000,1261,0,64277460.000,0,-,-,-,-,2968.0000,2965.6000,2963.4000,2963.0000,2960.0000,2972.2000,2973.4000,2973.6000,2975.4000,2994.4000,1,1,3,1,1,1,1,1,2,2
SF,IH2009,2020-01-23 09:33:48.300,2968.0000,1261,0,64277460.000,0,-,-,-,-,2968.0000,2965.6000,2963.4000,2963.0000,2960.0000,2972.0000,2972.2000,2973.4000,2973.6000,2975.4000,1,1,3,1,1,1,1,1,1,2
SF,IH2009,2020-01-23 09:33:48.800,2968.0000,1261,0,64277460.000,0,-,-,-,-,2969.4000,2968.0000,2965.6000,2963.4000,2963.0000,2972.0000,2973.4000,2973.6000,2975.4000,2994.4000,1,1,1,3,1,1,1,1,2,2
SF,IH2009,2020-01-23 09:33:49.300,2968.0000,1261,0,64277460.000,0,-,-,-,-,2968.0000,2965.6000,2963.4000,2963.0000,2960.0000,2972.0000,2973.4000,2973.6000,2975.4000,2994.4000,1,1,3,1,1,2,1,1,2,2
SF,IH2009,2020-01-23 09:33:49.800,2968.0000,1261,0,64277460.000,0,-,-,-,-,2968.0000,2965.6000,2963.4000,2963.0000,2960.0000,2972.0000,2973.6000,2975.4000,2994.4000,2995.0000,1,1,3,1,1,1,1,2,2,1
SF,IH2009,2020-01-23 09:33:50.300,2968.0000,1261,0,64277460.000,0,-,-,-,-,2968.0000,2965.6000,2963.4000,2963.0000,2960.0000,2972.0000,2973.6000,2975.4000,2994.4000,2995.0000,1,1,3,1,1,1,1,2,2,1
SF,IH2009,2020-01-23 09:33:50.800,2968.0000,1261,0,64277460.000,0,-,-,-,-,2968.0000,2965.6000,2963.4000,2963.0000,2960.0000,2972.0000,2973.6000,2975.4000,2994.4000,2995.0000,1,1,3,1,1,1,1,2,2,1
SF,IH2009,2020-01-23 09:33:51.300,2968.0000,1261,0,64277460.000,0,-,-,-,-,2968.0000,2965.6000,2963.4000,2963.0000,2960.0000,2971.6000,2972.0000,2973.6000,2975.4000,2994.4000,1,1,3,1,1,1,1,1,2,2
SF,IH2009,2020-01-23 09:33:51.800,2968.0000,1261,0,64277460.000,0,-,-,-,-,2968.0000,2965.6000,2963.4000,2963.0000,2960.0000,2971.6000,2972.0000,2973.6000,2975.4000,2994.4000,1,1,3,1,1,1,1,1,2,2
SF,IH2009,2020-01-23 09:33:52.300,2968.0000,1261,0,64277460.000,0,-,-,-,-,2968.0000,2965.6000,2963.4000,2963.0000,2960.0000,2971.6000,2972.0000,2973.6000,2975.4000,2994.4000,1,1,3,1,1,1,1,1,2,2
SF,IH2009,2020-01-23 09:33:52.800,2968.0000,1261,0,64277460.000,0,-,-,-,-,2968.0000,2965.6000,2963.4000,2963.0000,2960.0000,2973.6000,2975.4000,2994.4000,2995.0000,3000.0000,1,1,3,1,1,1,2,2,1,1
SF,IH2009,2020-01-23 09:33:53.300,2968.0000,1261,0,64277460.000,0,-,-,-,-,2968.2000,2968.0000,2965.6000,2963.4000,2963.0000,2972.8000,2973.4000,2973.6000,2975.4000,2994.4000,1,1,1,3,1,1,1,1,2,2
SF,IH2009,2020-01-23 09:33:53.800,2968.0000,1261,0,64277460.000,0,-,-,-,-,2968.2000,2968.0000,2965.6000,2963.4000,2963.0000,2972.8000,2973.4000,2973.6000,2975.4000,2994.4000,1,1,1,3,1,1,1,1,2,2
SF,IH2009,2020-01-23 09:33:54.300,2968.0000,1261,0,64277460.000,0,-,-,-,-,2968.4000,2968.2000,2968.0000,2965.6000,2963.4000,2972.6000,2972.8000,2973.4000,2973.6000,2975.4000,1,1,1,1,3,1,1,1,1,2
SF,IH2009,2020-01-23 09:33:54.800,2968.0000,1261,0,64277460.000,0,-,-,-,-,2968.2000,2968.0000,2965.6000,2963.4000,2963.0000,2972.6000,2973.4000,2973.6000,2975.4000,2994.4000,1,1,1,3,1,1,1,1,2,2
SF,IH2009,2020-01-23 09:33:55.300,2968.0000,1261,0,64277460.000,0,-,-,-,-,2968.2000,2968.0000,2965.6000,2963.4000,2963.0000,2972.6000,2973.6000,2975.4000,2994.4000,2995.0000,1,1,1,3,1,1,1,2,2,1
SF,IH2009,2020-01-23 09:33:55.800,2968.0000,1261,0,64277460.000,0,-,-,-,-,2968.2000,2968.0000,2965.6000,2963.4000,2963.0000,2973.6000,2975.4000,2994.4000,2995.0000,3000.0000,1,1,1,3,1,1,2,2,1,1
SF,IH2009,2020-01-23 09:33:56.300,2968.0000,1261,0,64277460.000,0,-,-,-,-,2968.2000,2968.0000,2965.6000,2963.4000,2963.0000,2973.0000,2973.4000,2973.6000,2975.4000,2994.4000,1,1,1,3,1,1,2,1,2,2
SF,IH2009,2020-01-23 09:33:57.300,2968.0000,1261,0,64277460.000,0,-,-,-,-,2968.4000,2968.2000,2968.0000,2965.6000,2963.4000,2973.0000,2973.4000,2973.6000,2975.4000,2994.4000,1,1,1,1,3,1,2,1,2,2
SF,IH2009,2020-01-23 09:33:57.800,2968.0000,1261,0,64277460.000,0,-,-,-,-,2968.4000,2968.2000,2968.0000,2965.6000,2963.4000,2972.8000,2973.0000,2973.4000,2973.6000,2975.4000,2,1,1,1,3,1,1,2,1,2
SF,IH2009,2020-01-23 09:33:58.300,2968.0000,1261,0,64277460.000,0,-,-,-,-,2968.4000,2968.2000,2968.0000,2965.6000,2963.4000,2972.8000,2973.4000,2973.6000,2975.4000,2994.4000,2,1,1,1,3,1,1,1,2,2
SF,IH2009,2020-01-23 09:33:58.800,2968.0000,1261,0,64277460.000,0,-,-,-,-,2968.4000,2968.2000,2968.0000,2965.6000,2963.4000,2972.8000,2973.6000,2975.4000,2994.4000,2995.0000,2,1,1,1,3,1,1,2,2,1
SF,IH2009,2020-01-23 09:33:59.300,2968.0000,1261,0,64277460.000,0,-,-,-,-,2968.4000,2968.2000,2968.0000,2965.6000,2963.4000,2972.6000,2972.8000,2973.6000,2975.4000,2994.4000,2,1,1,1,3,1,1,1,2,2
SF,IH2009,2020-01-23 09:33:59.800,2968.0000,1261,0,64277460.000,0,-,-,-,-,2968.4000,2968.2000,2968.0000,2965.6000,2963.4000,2972.0000,2972.6000,2973.6000,2975.4000,2994.4000,2,1,1,1,3,1,1,1,2,2
SF,IH2009,2020-01-23 09:34:00.300,2968.0000,1261,0,64277460.000,0,-,-,-,-,2968.4000,2968.0000,2965.6000,2963.4000,2963.0000,2972.0000,2972.2000,2972.6000,2973.6000,2975.4000,2,1,1,3,1,1,1,1,1,2
SF,IH2009,2020-01-23 09:34:00.800,2968.0000,1261,0,64277460.000,0,-,-,-,-,2968.4000,2968.0000,2965.6000,2963.4000,2963.0000,2972.0000,2972.2000,2973.6000,2975.4000,2994.4000,2,1,1,3,1,1,1,1,2,2
SF,IH2009,2020-01-23 09:34:01.300,2968.0000,1261,0,64277460.000,0,-,-,-,-,2968.4000,2968.0000,2965.6000,2963.4000,2963.0000,2972.0000,2972.2000,2973.6000,2975.4000,2994.4000,1,1,1,3,1,1,1,1,2,2
SF,IH2009,2020-01-23 09:34:05.800,2968.0000,1261,0,64277460.000,0,-,-,-,-,2968.4000,2968.0000,2965.6000,2963.4000,2963.0000,2972.0000,2973.6000,2975.4000,2994.4000,2995.0000,1,1,1,3,1,1,1,2,2,1
SF,IH2009,2020-01-23 09:34:06.300,2968.0000,1261,0,64277460.000,0,-,-,-,-,2968.4000,2968.0000,2965.6000,2963.4000,2963.0000,2971.6000,2972.0000,2973.6000,2975.4000,2994.4000,1,1,1,3,1,1,1,1,2,2
SF,IH2009,2020-01-23 09:34:06.800,2968.0000,1261,0,64277460.000,0,-,-,-,-,2968.4000,2968.0000,2965.6000,2963.4000,2963.0000,2971.6000,2973.6000,2975.4000,2994.4000,2995.0000,1,1,1,3,1,1,1,2,2,1
SF,IH2009,2020-01-23 09:34:07.300,2968.0000,1261,0,64277460.000,0,-,-,-,-,2968.4000,2968.0000,2965.6000,2963.4000,2963.0000,2971.6000,2973.6000,2975.4000,2994.4000,2995.0000,1,1,1,3,1,2,1,2,2,1
SF,IH2009,2020-01-23 09:34:07.800,2968.0000,1261,0,64277460.000,0,-,-,-,-,2968.4000,2968.0000,2965.6000,2963.4000,2963.0000,2971.4000,2971.6000,2973.6000,2975.4000,2994.4000,1,1,1,3,1,1,1,1,2,2
SF,IH2009,2020-01-23 09:34:08.300,2968.0000,1261,0,64277460.000,0,-,-,-,-,2970.4000,2968.4000,2968.0000,2965.6000,2963.4000,2971.4000,2972.4000,2973.6000,2975.4000,2994.4000,1,1,1,1,3,1,1,1,2,2
SF,IH2009,2020-01-23 09:34:08.800,2968.0000,1261,0,64277460.000,0,-,-,-,-,2968.4000,2968.0000,2965.6000,2963.4000,2963.0000,2971.4000,2972.4000,2973.6000,2975.4000,2994.4000,1,1,1,3,1,1,1,1,2,2
SF,IH2009,2020-01-23 09:34:09.300,2968.0000,1261,0,64277460.000,0,-,-,-,-,2969.2000,2968.4000,2968.0000,2965.6000,2963.4000,2972.4000,2973.6000,2975.4000,2994.4000,2995.0000,1,1,1,1,3,1,1,2,2,1
SF,IH2009,2020-01-23 09:34:09.800,2968.0000,1261,0,64277460.000,0,-,-,-,-,2969.2000,2968.4000,2968.0000,2965.6000,2963.4000,2973.6000,2975.4000,2994.4000,2995.0000,3000.0000,1,1,1,1,3,1,2,2,1,1
SF,IH2009,2020-01-23 09:34:10.300,2968.0000,1261,0,64277460.000,0,-,-,-,-,2969.2000,2968.4000,2968.0000,2965.6000,2963.4000,2973.0000,2973.6000,2975.4000,2994.4000,2995.0000,1,1,1,1,3,1,1,2,2,1
SF,IH2009,2020-01-23 09:34:10.800,2968.0000,1261,0,64277460.000,0,-,-,-,-,2969.2000,2968.4000,2968.0000,2965.6000,2963.4000,2973.6000,2975.4000,2994.4000,2995.0000,3000.0000,1,1,1,1,3,1,2,2,1,1
SF,IH2009,2020-01-23 09:34:11.300,2968.0000,1261,0,64277460.000,0,-,-,-,-,2969.4000,2969.2000,2968.4000,2968.0000,2965.6000,2973.4000,2973.6000,2975.4000,2994.4000,2995.0000,1,1,1,1,1,1,1,2,2,1
SF,IH2009,2020-01-23 09:34:11.800,2968.0000,1261,0,64277460.000,0,-,-,-,-,2969.4000,2968.4000,2968.0000,2965.6000,2963.4000,2973.4000,2973.6000,2975.4000,2994.4000,2995.0000,1,1,1,1,3,1,1,2,2,1
SF,IH2009,2020-01-23 09:34:12.300,2968.0000,1261,0,64277460.000,0,-,-,-,-,2971.4000,2969.4000,2968.4000,2968.0000,2965.6000,2973.4000,2973.6000,2975.4000,2994.4000,2995.0000,1,1,1,1,1,1,1,2,2,1
SF,IH2009,2020-01-23 09:34:12.800,2968.0000,1261,0,64277460.000,0,-,-,-,-,2971.6000,2971.4000,2969.4000,2968.4000,2968.0000,2973.2000,2973.6000,2975.4000,2994.4000,2995.0000,1,1,1,1,1,1,1,2,2,1
SF,IH2009,2020-01-23 09:34:13.300,2968.0000,1261,0,64277460.000,0,-,-,-,-,2972.6000,2971.6000,2969.4000,2968.4000,2968.0000,2979.2000,2994.4000,2995.0000,3000.0000,3001.0000,1,1,1,1,1,2,2,1,1,2
SF,IH2009,2020-01-23 09:34:13.800,2968.0000,1261,0,64277460.000,0,-,-,-,-,2969.4000,2968.4000,2968.0000,2965.6000,2963.4000,2974.8000,2979.0000,2979.2000,2994.4000,2995.0000,1,1,1,1,3,1,1,3,2,1
SF,IH2009,2020-01-23 09:34:14.300,2968.0000,1261,0,64277460.000,0,-,-,-,-,2971.8000,2969.4000,2968.4000,2968.0000,2965.6000,2974.8000,2979.2000,2994.4000,2995.0000,3000.0000,1,1,1,1,1,1,3,2,1,1
SF,IH2009,2020-01-23 09:34:15.800,2968.0000,1261,0,64277460.000,0,-,-,-,-,2971.8000,2969.4000,2968.4000,2968.0000,2967.6000,2974.8000,2979.2000,2994.4000,2995.0000,3000.0000,1,1,3,1,1,1,3,2,1,1
SF,IH2009,2020-01-23 09:34:16.300,2968.0000,1261,0,64277460.000,0,-,-,-,-,2971.8000,2969.4000,2968.4000,2968.0000,2967.6000,2979.2000,2994.4000,2995.0000,3000.0000,3001.0000,1,1,3,1,1,3,2,1,1,2
SF,IH2009,2020-01-23 09:34:16.800,2968.0000,1261,0,64277460.000,0,-,-,-,-,2971.8000,2969.4000,2968.4000,2968.0000,2967.6000,2976.0000,2979.0000,2979.2000,2994.4000,2995.0000,1,1,3,1,1,1,1,3,2,1
SF,IH2009,2020-01-23 09:34:17.300,2968.0000,1261,0,64277460.000,0,-,-,-,-,2971.8000,2969.4000,2968.4000,2968.0000,2967.6000,2976.0000,2979.2000,2994.4000,2995.0000,3000.0000,1,1,3,1,1,1,3,2,1,1
SF,IH2009,2020-01-23 09:34:17.800,2968.0000,1261,0,64277460.000,0,-,-,-,-,2971.8000,2969.4000,2968.4000,2968.0000,2967.6000,2976.0000,2979.2000,2994.4000,2995.0000,3000.0000,1,1,3,1,1,1,3,2,1,1
SF,IH2009,2020-01-23 09:34:18.300,2968.0000,1261,0,64277460.000,0,-,-,-,-,2971.8000,2969.4000,2968.4000,2968.0000,2967.6000,2976.0000,2979.2000,2994.4000,2995.0000,3000.0000,1,1,1,1,1,1,3,2,1,1
SF,IH2009,2020-01-23 09:34:18.800,2968.0000,1261,0,64277460.000,0,-,-,-,-,2971.8000,2969.4000,2968.4000,2968.0000,2967.6000,2976.0000,2979.2000,2994.4000,2995.0000,3000.0000,1,1,1,1,1,1,3,2,1,1
SF,IH2009,2020-01-23 09:34:19.300,2968.0000,1261,0,64277460.000,0,-,-,-,-,2971.8000,2969.4000,2968.4000,2968.0000,2967.6000,2976.0000,2979.2000,2994.4000,2995.0000,3000.0000,1,1,1,1,1,1,3,2,1,1
SF,IH2009,2020-01-23 09:34:19.800,2968.0000,1261,0,64277460.000,0,-,-,-,-,2971.8000,2969.4000,2968.4000,2968.0000,2967.6000,2976.0000,2979.2000,2994.4000,2995.0000,3000.0000,1,1,1,1,1,1,1,2,1,1
SF,IH2009,2020-01-23 09:34:20.300,2968.0000,1261,0,64277460.000,0,-,-,-,-,2971.8000,2969.4000,2968.4000,2968.0000,2967.6000,2976.0000,2979.2000,2994.4000,2995.0000,3000.0000,1,1,1,1,1,1,1,2,1,1
SF,IH2009,2020-01-23 09:34:20.800,2968.0000,1261,0,64277460.000,0,-,-,-,-,2971.8000,2969.4000,2968.4000,2968.0000,2967.6000,2979.2000,2994.4000,2995.0000,3000.0000,3001.0000,1,1,1,1,1,6,2,1,1,2
SF,IH2009,2020-01-23 09:34:21.300,2968.0000,1261,0,64277460.000,0,-,-,-,-,2972.0000,2971.8000,2969.4000,2968.4000,2968.0000,2976.4000,2979.2000,2994.4000,2995.0000,3000.0000,1,1,1,1,1,1,6,2,1,1
SF,IH2009,2020-01-23 09:34:21.800,2968.0000,1261,0,64277460.000,0,-,-,-,-,2972.0000,2969.4000,2968.4000,2968.0000,2967.6000,2976.4000,2979.2000,2994.4000,2995.0000,3000.0000,1,1,1,1,1,1,6,2,1,1
SF,IH2009,2020-01-23 09:34:22.300,2968.0000,1261,0,64277460.000,0,-,-,-,-,2973.8000,2972.0000,2969.4000,2968.4000,2968.0000,2976.4000,2979.2000,2994.4000,2995.0000,3000.0000,1,1,1,1,1,1,6,2,1,1
SF,IH2009,2020-01-23 09:34:23.800,2973.8000,1261,0,65169600.000,1,0,1,多换,S,2972.0000,2969.4000,2968.4000,2968.0000,2967.6000,2979.2000,2994.4000,2995.0000,3000.0000,3001.0000,1,1,1,1,1,6,2,1,1,2
SF,IH2009,2020-01-23 09:34:24.300,2973.8000,1261,0,65169600.000,0,-,-,-,-,2973.8000,2972.2000,2972.0000,2969.4000,2968.4000,2979.0000,2979.2000,2983.0000,2994.4000,2995.0000,1,1,1,1,1,1,1,5,2,1
SF,IH2009,2020-01-23 09:34:24.800,2973.8000,1261,0,65169600.000,0,-,-,-,-,2973.8000,2972.2000,2972.0000,2969.4000,2968.4000,2978.0000,2978.8000,2979.2000,2983.0000,2994.4000,1,1,1,1,1,1,1,1,5,2
SF,IH2009,2020-01-23 09:34:25.300,2973.8000,1261,0,66061740.000,1,0,1,多换,S,2973.8000,2972.2000,2972.0000,2969.4000,2968.4000,2978.0000,2978.8000,2979.2000,2983.0000,2994.4000,1,1,1,1,1,1,1,1,5,2
SF,IH2009,2020-01-23 09:34:25.800,2973.8000,1261,0,66061740.000,0,-,-,-,-,2973.8000,2972.2000,2972.0000,2969.4000,2968.4000,2978.0000,2979.2000,2983.0000,2994.4000,2995.0000,1,1,1,1,1,1,1,5,2,1
SF,IH2009,2020-01-23 09:34:29.300,2973.8000,1261,0,66061740.000,0,-,-,-,-,2973.8000,2972.0000,2969.4000,2968.4000,2968.0000,2978.0000,2979.2000,2983.0000,2994.4000,2995.0000,1,1,1,1,1,1,1,5,2,1
SF,IH2009,2020-01-23 09:34:29.800,2973.8000,1261,0,66061740.000,0,-,-,-,-,2972.0000,2969.4000,2968.4000,2968.0000,2967.6000,2977.8000,2978.0000,2979.2000,2983.0000,2994.4000,1,1,1,1,1,1,1,1,5,2
SF,IH2009,2020-01-23 09:34:30.300,2973.8000,1261,0,66061740.000,0,-,-,-,-,2972.8000,2972.0000,2969.4000,2968.4000,2968.0000,2977.8000,2979.2000,2983.0000,2994.4000,2995.0000,1,1,1,1,1,1,1,5,2,1
SF,IH2009,2020-01-23 09:34:30.800,2973.8000,1261,0,66061740.000,0,-,-,-,-,2974.0000,2973.0000,2972.0000,2969.4000,2968.0000,2977.0000,2979.2000,2983.0000,2994.4000,2995.0000,1,1,1,1,1,1,1,5,2,1
SF,IH2009,2020-01-23 09:34:31.300,2973.8000,1261,0,66061740.000,0,-,-,-,-,2974.0000,2972.0000,2969.4000,2968.0000,2967.6000,2976.8000,2977.0000,2979.2000,2983.0000,2994.4000,1,1,1,1,1,1,1,1,5,2
SF,IH2009,2020-01-23 09:34:31.800,2973.8000,1261,0,66061740.000,0,-,-,-,-,2974.0000,2972.0000,2969.4000,2968.0000,2967.6000,2976.4000,2976.6000,2976.8000,2979.2000,2983.0000,1,1,1,1,1,1,1,1,1,5
SF,IH2009,2020-01-23 09:34:32.300,2973.8000,1261,0,66061740.000,0,-,-,-,-,2974.0000,2972.0000,2969.4000,2968.0000,2967.6000,2976.0000,2976.2000,2976.6000,2976.8000,2979.2000,1,1,1,1,1,1,1,1,1,1
SF,IH2009,2020-01-23 09:34:32.800,2973.8000,1261,0,66061740.000,0,-,-,-,-,2974.0000,2972.0000,2969.4000,2968.0000,2967.6000,2976.0000,2976.2000,2976.6000,2976.8000,2979.2000,1,1,1,1,1,1,1,1,2,1
SF,IH2009,2020-01-23 09:34:33.300,2973.8000,1261,0,66061740.000,0,-,-,-,-,2974.0000,2972.0000,2969.4000,2968.0000,2967.6000,2976.2000,2976.6000,2976.8000,2979.2000,2983.0000,1,1,1,1,1,1,1,1,1,5
SF,IH2009,2020-01-23 09:34:33.800,2973.8000,1261,0,66061740.000,0,-,-,-,-,2974.0000,2972.0000,2969.4000,2968.0000,2967.6000,2975.6000,2976.2000,2976.8000,2979.2000,2983.0000,1,1,1,1,1,1,1,1,1,5
SF,IH2009,2020-01-23 09:34:34.300,2973.8000,1261,0,66061740.000,0,-,-,-,-,2974.0000,2972.0000,2969.4000,2968.0000,2967.6000,2979.2000,2983.0000,2994.4000,2995.0000,3000.0000,1,1,1,1,1,1,5,2,1,1
SF,IH2009,2020-01-23 09:34:34.800,2973.8000,1261,0,66061740.000,0,-,-,-,-,2974.0000,2972.0000,2969.4000,2968.0000,2967.6000,2976.4000,2979.0000,2979.2000,2983.0000,2994.4000,1,1,1,1,1,1,1,1,5,2
SF,IH2009,2020-01-23 09:34:35.300,2973.8000,1261,0,66061740.000,0,-,-,-,-,2974.0000,2972.0000,2969.4000,2968.0000,2967.6000,2976.4000,2979.2000,2983.0000,2994.4000,2995.0000,1,1,1,1,1,1,1,5,2,1
SF,IH2009,2020-01-23 09:34:35.800,2973.8000,1261,0,66061740.000,0,-,-,-,-,2974.4000,2974.0000,2972.0000,2969.4000,2968.0000,2976.4000,2979.2000,2983.0000,2994.4000,2995.0000,1,1,1,1,1,1,1,5,2,1
SF,IH2009,2020-01-23 09:34:36.800,2973.8000,1261,0,66061740.000,0,-,-,-,-,2974.4000,2974.0000,2972.0000,2969.4000,2968.0000,2979.2000,2983.0000,2994.4000,2995.0000,3000.0000,1,1,1,1,1,1,5,2,1,1
SF,IH2009,2020-01-23 09:34:37.300,2973.8000,1261,0,66061740.000,0,-,-,-,-,2974.0000,2972.0000,2969.4000,2968.0000,2967.6000,2976.8000,2979.2000,2983.0000,2994.4000,2995.0000,1,1,1,1,1,1,1,5,2,1
SF,IH2009,2020-01-23 09:34:37.800,2973.8000,1261,0,66061740.000,0,-,-,-,-,2974.4000,2974.0000,2972.0000,2969.4000,2968.0000,2976.8000,2979.2000,2983.0000,2994.4000,2995.0000,1,1,1,1,1,1,1,5,2,1
SF,IH2009,2020-01-23 09:34:38.300,2973.8000,1261,0,66061740.000,0,-,-,-,-,2974.8000,2974.0000,2972.0000,2969.4000,2968.0000,2976.8000,2979.2000,2983.0000,2994.4000,2995.0000,1,1,1,1,1,1,1,5,2,1
SF,IH2009,2020-01-23 09:34:38.800,2973.8000,1261,0,66061740.000,0,-,-,-,-,2974.8000,2974.0000,2972.0000,2969.4000,2968.0000,2976.8000,2979.2000,2983.0000,2994.4000,2995.0000,1,1,1,1,1,1,1,5,2,1
SF,IH2009,2020-01-23 09:34:39.300,2973.8000,1261,0,66061740.000,0,-,-,-,-,2975.0000,2974.0000,2972.0000,2969.4000,2968.0000,2979.2000,2983.0000,2994.4000,2995.0000,3000.0000,1,1,1,1,1,1,5,2,1,1
SF,IH2009,2020-01-23 09:34:39.800,2973.8000,1261,0,66061740.000,0,-,-,-,-,2974.0000,2972.0000,2969.4000,2968.0000,2967.6000,2977.6000,2979.2000,2983.0000,2994.4000,2995.0000,1,1,1,1,1,1,1,5,2,1
SF,IH2009,2020-01-23 09:34:40.300,2973.8000,1261,0,66061740.000,0,-,-,-,-,2976.0000,2974.0000,2973.6000,2972.0000,2969.4000,2977.6000,2979.2000,2983.0000,2994.4000,2995.0000,1,3,1,1,1,1,1,5,2,1
SF,IH2009,2020-01-23 09:34:40.800,2974.8000,1262,1,66954180.000,1,1,0,双开,S,2974.0000,2973.6000,2972.0000,2969.4000,2968.0000,2977.4000,2977.6000,2979.2000,2983.0000,2994.4000,2,1,1,1,1,2,1,1,5,2
SF,IH2009,2020-01-23 09:34:41.300,2974.8000,1262,0,66954180.000,0,-,-,-,-,2976.0000,2974.0000,2973.6000,2972.0000,2969.4000,2977.4000,2977.6000,2979.2000,2983.0000,2994.4000,1,2,1,1,1,1,1,1,5,2
SF,IH2009,2020-01-23 09:34:41.800,2976.0000,1263,1,67846980.000,1,1,0,双开,S,2974.0000,2973.6000,2972.0000,2969.4000,2968.0000,2977.0000,2977.4000,2977.6000,2979.2000,2983.0000,2,1,1,1,1,1,1,1,1,5
SF,IH2009,2020-01-23 09:34:42.300,2976.0000,1263,0,67846980.000,0,-,-,-,-,2974.0000,2973.6000,2972.0000,2969.4000,2968.0000,2977.0000,2977.6000,2979.2000,2983.0000,2994.4000,2,1,1,1,1,1,1,1,5,2
SF,IH2009,2020-01-23 09:34:42.800,2976.0000,1263,0,67846980.000,0,-,-,-,-,2974.0000,2973.6000,2972.0000,2969.4000,2968.0000,2977.0000,2977.6000,2979.2000,2983.0000,2994.4000,2,1,1,1,1,1,1,1,5,2
SF,IH2009,2020-01-23 09:34:43.300,2977.0000,1263,0,68740080.000,1,0,1,多换,S,2974.6000,2974.2000,2974.0000,2972.0000,2969.4000,2977.6000,2979.2000,2983.0000,2994.4000,2995.0000,1,1,2,1,1,1,1,5,2,1
SF,IH2009,2020-01-23 09:34:43.800,2977.0000,1263,0,68740080.000,0,-,-,-,-,2974.6000,2974.2000,2974.0000,2972.0000,2969.4000,2979.2000,2983.0000,2994.4000,2995.0000,3000.0000,1,1,1,1,1,1,5,2,1,1
SF,IH2009,2020-01-23 09:34:44.300,2977.0000,1263,0,68740080.000,0,-,-,-,-,2976.0000,2974.6000,2974.2000,2974.0000,2972.0000,2978.0000,2979.2000,2983.0000,2994.4000,2995.0000,1,1,1,1,1,1,1,5,2,1
SF,IH2009,2020-01-23 09:34:44.800,2977.0000,1263,0,68740080.000,0,-,-,-,-,2976.0000,2974.6000,2974.2000,2974.0000,2972.0000,2978.0000,2979.2000,2983.0000,2994.4000,2995.0000,1,1,1,1,1,1,1,5,2,1
SF,IH2009,2020-01-23 09:34:45.300,2976.0000,1264,1,69632880.000,1,1,0,双开,S,2974.6000,2974.2000,2974.0000,2972.0000,2968.0000,2976.0000,2978.0000,2979.2000,2983.0000,2994.4000,1,1,1,1,1,1,1,1,5,2
SF,IH2009,2020-01-23 09:34:45.800,2976.0000,1264,0,70525680.000,1,0,1,多换,S,2975.0000,2974.6000,2974.2000,2974.0000,2972.0000,2976.0000,2978.0000,2979.2000,2983.0000,2994.4000,1,2,1,1,1,1,1,1,5,2
SF,IH2009,2020-01-23 09:34:46.300,2976.0000,1264,0,70525680.000,0,-,-,-,-,2975.0000,2974.6000,2974.2000,2974.0000,2972.0000,2978.0000,2979.2000,2983.0000,2994.4000,2995.0000,1,2,1,1,1,1,1,5,2,1
SF,IH2009,2020-01-23 09:34:47.300,2976.0000,1264,0,70525680.000,0,-,-,-,-,2975.0000,2974.6000,2974.2000,2974.0000,2972.0000,2978.0000,2979.2000,2983.0000,2994.4000,2995.0000,1,2,1,1,1,1,1,5,2,1
SF,IH2009,2020-01-23 09:34:47.800,2976.0000,1264,0,70525680.000,0,-,-,-,-,2975.0000,2974.6000,2974.2000,2974.0000,2972.0000,2977.8000,2978.0000,2979.2000,2983.0000,2994.4000,1,2,1,1,1,1,1,1,5,2
SF,IH2009,2020-01-23 09:34:48.300,2976.0000,1264,0,70525680.000,0,-,-,-,-,2975.4000,2974.6000,2974.2000,2974.0000,2972.0000,2977.8000,2978.0000,2979.2000,2983.0000,2994.4000,1,2,1,1,1,1,1,1,5,2
SF,IH2009,2020-01-23 09:34:48.800,2976.0000,1264,0,70525680.000,0,-,-,-,-,2975.4000,2975.0000,2974.6000,2974.2000,2974.0000,2978.0000,2979.2000,2983.0000,2994.4000,2995.0000,1,1,2,1,1,1,1,5,2,1
SF,IH2009,2020-01-23 09:34:49.300,2976.0000,1264,0,70525680.000,0,-,-,-,-,2975.8000,2975.4000,2975.0000,2974.6000,2974.2000,2977.8000,2978.0000,2979.2000,2983.0000,2994.4000,1,1,1,1,1,1,1,1,5,2
SF,IH2009,2020-01-23 09:34:49.800,2976.0000,1264,0,70525680.000,0,-,-,-,-,2975.8000,2975.0000,2974.6000,2974.2000,2974.0000,2977.8000,2979.2000,2983.0000,2994.4000,2995.0000,1,1,1,1,1,1,1,5,2,1
SF,IH2009,2020-01-23 09:34:50.300,2976.0000,1264,0,70525680.000,0,-,-,-,-,2976.0000,2975.8000,2975.0000,2974.6000,2974.2000,2977.8000,2979.2000,2983.0000,2994.4000,2995.0000,1,1,1,1,1,1,1,5,2,1
SF,IH2009,2020-01-23 09:34:50.800,2976.0000,1264,0,70525680.000,0,-,-,-,-,2976.0000,2975.8000,2975.0000,2974.6000,2974.2000,2977.6000,2979.2000,2983.0000,2994.4000,2995.0000,1,1,1,1,1,1,1,5,2,1
SF,IH2009,2020-01-23 09:34:51.300,2976.0000,1264,0,70525680.000,0,-,-,-,-,2975.8000,2975.0000,2974.6000,2974.2000,2974.0000,2977.6000,2979.2000,2983.0000,2994.4000,2995.0000,1,1,1,1,1,1,1,5,2,1
SF,IH2009,2020-01-23 09:34:52.300,2976.0000,1264,0,70525680.000,0,-,-,-,-,2975.8000,2975.0000,2974.6000,2974.2000,2974.0000,2979.2000,2983.0000,2994.4000,2995.0000,3000.0000,1,1,1,1,1,1,5,2,1,1
SF,IH2009,2020-01-23 09:34:52.800,2976.0000,1264,0,70525680.000,0,-,-,-,-,2975.8000,2975.0000,2974.6000,2974.2000,2974.0000,2978.6000,2979.2000,2983.0000,2994.4000,2995.0000,1,1,1,1,1,1,1,5,2,1
SF,IH2009,2020-01-23 09:34:55.300,2976.0000,1264,0,70525680.000,0,-,-,-,-,2976.2000,2976.0000,2975.8000,2975.0000,2974.6000,2978.6000,2979.2000,2983.0000,2994.4000,2995.0000,1,1,1,1,1,1,1,5,2,1
SF,IH2009,2020-01-23 09:34:56.300,2976.0000,1264,0,70525680.000,0,-,-,-,-,2976.6000,2976.0000,2975.8000,2975.0000,2974.6000,2979.2000,2983.0000,2994.4000,2995.0000,3000.0000,1,1,1,1,1,1,5,2,1,1
SF,IH2009,2020-01-23 09:34:56.800,2976.0000,1264,0,70525680.000,0,-,-,-,-,2976.6000,2976.0000,2975.8000,2975.0000,2974.6000,2979.0000,2979.2000,2983.0000,2994.4000,2995.0000,1,1,1,1,1,1,1,5,2,1
SF,IH2009,2020-01-23 09:34:57.300,2976.0000,1264,0,70525680.000,0,-,-,-,-,2977.0000,2976.8000,2976.0000,2975.0000,2974.6000,2978.8000,2979.2000,2983.0000,2994.4000,2995.0000,1,1,1,1,1,1,1,5,2,1
SF,IH2009,2020-01-23 09:34:58.300,2976.0000,1264,0,70525680.000,0,-,-,-,-,2977.0000,2976.8000,2976.0000,2975.0000,2974.6000,2978.8000,2979.2000,2983.0000,2994.4000,2995.0000,1,1,1,1,1,1,1,5,2,1
SF,IH2009,2020-01-23 09:34:59.800,2976.0000,1264,0,70525680.000,0,-,-,-,-,2976.8000,2976.0000,2975.0000,2974.6000,2974.2000,2978.6000,2978.8000,2979.2000,2983.0000,2994.4000,1,1,1,1,1,1,1,1,5,2
SF,IH2009,2020-01-23 09:35:00.300,2976.0000,1264,0,70525680.000,0,-,-,-,-,2976.8000,2976.0000,2975.0000,2974.6000,2974.2000,2978.4000,2978.6000,2978.8000,2979.2000,2983.0000,1,1,1,1,1,1,1,1,1,5
SF,IH2009,2020-01-23 09:35:00.800,2976.0000,1264,0,70525680.000,0,-,-,-,-,2976.0000,2975.0000,2974.6000,2974.2000,2965.6000,2978.2000,2978.4000,2978.8000,2979.2000,2983.0000,1,1,1,1,1,1,1,1,1,5
SF,IH2009,2020-01-23 09:35:01.300,2976.0000,1264,0,70525680.000,0,-,-,-,-,2976.0000,2975.0000,2974.6000,2974.2000,2965.6000,2978.0000,2978.2000,2978.4000,2978.8000,2979.2000,1,1,1,1,1,2,1,1,1,1
SF,IH2009,2020-01-23 09:35:01.800,2976.0000,1264,0,70525680.000,0,-,-,-,-,2976.0000,2975.0000,2974.6000,2974.2000,2965.6000,2978.0000,2978.4000,2978.8000,2979.2000,2983.0000,1,1,1,1,1,2,1,1,1,5
SF,IH2009,2020-01-23 09:35:02.300,2976.0000,1264,0,70525680.000,0,-,-,-,-,2976.0000,2975.0000,2974.2000,2965.6000,2963.4000,2977.8000,2978.0000,2978.4000,2978.8000,2979.2000,1,1,1,1,3,1,2,1,1,1
SF,IH2009,2020-01-23 09:35:02.800,2976.0000,1264,0,70525680.000,0,-,-,-,-,2976.0000,2975.0000,2965.6000,2963.4000,2963.2000,2977.6000,2977.8000,2978.0000,2978.4000,2978.8000,1,1,1,3,2,2,1,1,1,1
SF,IH2009,2020-01-23 09:35:03.300,2976.0000,1263,-1,71418480.000,1,0,1,双平,S,2975.0000,2965.6000,2963.4000,2963.2000,2963.0000,2977.4000,2977.6000,2978.0000,2978.4000,2978.8000,1,1,3,2,1,1,2,1,1,1
SF,IH2009,2020-01-23 09:35:03.800,2976.0000,1263,0,71418480.000,0,-,-,-,-,2975.0000,2965.6000,2963.4000,2963.2000,2963.0000,2977.0000,2977.2000,2977.6000,2978.0000,2978.4000,1,1,3,2,1,1,2,1,1,1
SF,IH2009,2020-01-23 09:35:04.300,2976.0000,1263,0,71418480.000,0,-,-,-,-,2975.0000,2965.6000,2963.4000,2963.2000,2963.0000,2976.8000,2977.2000,2977.6000,2978.0000,2978.4000,1,1,3,2,1,1,1,1,1,1
SF,IH2009,2020-01-23 09:35:04.800,2976.0000,1263,0,71418480.000,0,-,-,-,-,2975.4000,2975.0000,2965.6000,2963.4000,2963.2000,2976.0000,2976.6000,2976.8000,2977.2000,2977.6000,1,1,1,3,2,1,1,1,1,1
SF,IH2009,2020-01-23 09:35:05.300,2975.0000,1262,-1,73203600.000,2,0,2,多平,S,2965.6000,2963.4000,2963.2000,2963.0000,2960.0000,2976.0000,2976.6000,2977.2000,2977.6000,2978.0000,1,3,2,1,1,1,1,1,1,1
SF,IH2009,2020-01-23 09:35:05.800,2975.0000,1262,0,73203600.000,0,-,-,-,-,2968.0000,2965.8000,2965.6000,2964.0000,2963.4000,2975.8000,2976.0000,2976.6000,2977.2000,2977.6000,1,5,1,5,3,1,1,1,1,1
SF,IH2009,2020-01-23 09:35:06.300,2975.0000,1262,0,73203600.000,0,-,-,-,-,2971.4000,2968.2000,2968.0000,2965.8000,2965.6000,2975.8000,2976.6000,2977.2000,2977.6000,2978.0000,1,4,1,4,2,1,1,1,1,1
SF,IH2009,2020-01-23 09:35:06.800,2975.0000,1262,0,73203600.000,0,-,-,-,-,2971.4000,2968.2000,2968.0000,2965.8000,2965.6000,2975.4000,2975.8000,2976.6000,2977.2000,2977.6000,2,3,1,4,1,1,1,1,1,1
SF,IH2009,2020-01-23 09:35:07.300,2975.0000,1262,0,73203600.000,0,-,-,-,-,2971.4000,2968.2000,2968.0000,2965.8000,2965.6000,2975.2000,2975.4000,2975.8000,2976.6000,2977.2000,2,3,1,4,1,1,1,1,1,1
SF,IH2009,2020-01-23 09:35:07.800,2975.0000,1262,0,73203600.000,0,-,-,-,-,2971.4000,2968.2000,2968.0000,2965.8000,2965.6000,2975.2000,2975.8000,2976.6000,2977.2000,2977.6000,2,3,1,4,1,1,1,1,1,1
SF,IH2009,2020-01-23 09:35:08.300,2975.0000,1262,0,73203600.000,0,-,-,-,-,2971.4000,2968.2000,2968.0000,2965.8000,2965.6000,2975.2000,2976.6000,2977.2000,2977.6000,2978.0000,2,3,1,4,1,1,1,1,1,1
SF,IH2009,2020-01-23 09:35:08.800,2975.0000,1262,0,73203600.000,0,-,-,-,-,2971.4000,2968.2000,2968.0000,2965.8000,2965.6000,2974.6000,2976.6000,2977.2000,2977.6000,2978.0000,2,3,1,4,1,1,1,1,1,1
SF,IH2009,2020-01-23 09:35:09.300,2975.0000,1262,0,73203600.000,0,-,-,-,-,2971.4000,2968.2000,2968.0000,2965.8000,2965.6000,2976.6000,2977.2000,2977.6000,2979.2000,2983.0000,2,3,1,4,1,1,1,1,1,5
SF,IH2009,2020-01-23 09:35:09.800,2975.0000,1262,0,73203600.000,0,-,-,-,-,2971.4000,2968.2000,2968.0000,2965.8000,2965.6000,2975.0000,2976.0000,2976.6000,2977.2000,2979.2000,2,3,1,4,1,1,1,1,1,1
