市场代码,合约代码,时间,最新,持仓,增仓,成交额,成交量,开仓,平仓,成交类型,方向,买一价,买二价,买三价,买四价,买五价,卖一价,卖二价,卖三价,卖四价,卖五价,买一量,买二量,买三量,买四量,买五量,卖一量,卖二量,卖三量,卖四量,卖五量
SF,IH2006,2020-03-10 09:29:00.000,2855.8000,15678,0,11994360.000,14.000,-,-,-,-,2855.6000,2855.4000,2851.0000,2850.0000,2848.0000,2860.0000,2861.6000,2862.2000,2862.8000,2864.4000,3,4,2,2,1,1,1,1,1,4
SF,IH2006,2020-03-10 09:30:00.500,2864.4000,15674,-4,31730100.000,23,9,14,多平,S,2870.0000,2860.0000,2856.0000,2855.6000,2855.4000,2870.2000,2877.0000,2877.4000,2877.6000,2877.8000,5,25,2,3,4,1,1,4,2,1
SF,IH2006,2020-03-10 09:30:01.000,2864.0000,15668,-6,49770360.000,21,7,14,多平,S,2864.0000,2860.0000,2857.0000,2856.0000,2855.6000,2870.4000,2877.0000,2877.4000,2877.6000,2877.8000,1,22,3,9,3,10,1,4,2,1
SF,IH2006,2020-03-10 09:30:01.500,2868.6000,15654,-14,65268240.000,18,2,16,多平,S,2869.6000,2868.6000,2868.2000,2868.0000,2866.2000,2870.0000,2877.0000,2877.4000,2877.6000,2877.8000,2,1,6,7,1,1,1,4,2,1
SF,IH2006,2020-03-10 09:30:02.000,2868.6000,15651,-3,71292960.000,7,2,5,多平,S,2864.2000,2864.0000,2863.2000,2860.0000,2857.0000,2868.6000,2868.8000,2869.0000,2869.2000,2869.6000,3,1,10,23,4,1,2,1,1,2
SF,IH2006,2020-03-10 09:30:02.500,2870.0000,15647,-4,79900380.000,10,3,7,多平,S,2870.4000,2870.2000,2870.0000,2868.2000,2866.0000,2877.0000,2877.4000,2877.6000,2877.8000,2878.4000,1,1,1,1,1,1,4,2,1,3
SF,IH2006,2020-03-10 09:30:03.000,2870.0000,15645,-2,85927380.000,7,2,5,多平,S,2866.0000,2865.2000,2864.6000,2864.4000,2864.2000,2870.4000,2871.4000,2872.4000,2872.6000,2872.8000,1,1,2,7,4,1,3,1,1,4
SF,IH2006,2020-03-10 09:30:03.500,2872.8000,15644,-1,88512060.000,3,1,2,多平,S,2872.6000,2871.2000,2871.0000,2870.8000,2870.4000,2876.4000,2876.8000,2877.0000,2877.4000,2877.6000,1,1,2,1,1,1,1,1,4,2
SF,IH2006,2020-03-10 09:30:04.000,2875.8000,15644,0,91962060.000,4,2,2,多换,S,2873.0000,2872.8000,2872.6000,2871.2000,2871.0000,2875.8000,2876.2000,2876.8000,2877.0000,2877.4000,2,4,1,1,2,3,6,1,1,4
SF,IH2006,2020-03-10 09:30:04.500,2873.2000,15642,-2,94548180.000,3,0,3,多平,S,2872.8000,2871.2000,2871.0000,2870.8000,2870.4000,2874.4000,2875.6000,2876.4000,2876.6000,2877.0000,2,1,2,1,1,1,5,1,5,1
SF,IH2006,2020-03-10 09:30:05.000,2874.2000,15641,-1,96272700.000,2,0,2,多平,S,2871.2000,2871.0000,2870.8000,2870.4000,2870.2000,2874.2000,2875.6000,2876.4000,2877.0000,2877.4000,1,2,1,1,1,1,1,1,1,4
SF,IH2006,2020-03-10 09:30:05.500,2876.4000,15641,0,103174740.000,8,4,4,多换,S,2873.2000,2872.8000,2871.4000,2871.2000,2871.0000,2875.4000,2877.0000,2877.4000,2877.6000,2877.8000,1,1,5,2,2,1,1,4,2,1
SF,IH2006,2020-03-10 09:30:06.000,2873.2000,15640,-1,104899320.000,2,0,2,多平,S,2874.2000,2871.4000,2871.2000,2870.8000,2870.4000,2874.4000,2875.2000,2875.4000,2875.6000,2875.8000,1,3,1,1,1,1,1,2,2,1
SF,IH2006,2020-03-10 09:30:06.500,2874.2000,15639,-1,108348420.000,4,1,3,多平,S,2871.4000,2871.2000,2870.8000,2870.4000,2870.2000,2873.4000,2873.6000,2873.8000,2874.2000,2874.4000,3,1,1,1,1,1,2,2,5,1
SF,IH2006,2020-03-10 09:30:07.000,2873.8000,15636,-3,111796200.000,4,0,4,多平,S,2871.4000,2871.2000,2870.8000,2870.4000,2870.2000,2874.2000,2874.8000,2875.4000,2875.8000,2876.0000,2,1,1,1,1,4,3,2,1,1
SF,IH2006,2020-03-10 09:30:07.500,2877.0000,15629,-7,124735140.000,15,4,11,多平,S,2876.8000,2876.4000,2875.6000,2875.2000,2875.0000,2877.4000,2877.6000,2877.8000,2878.4000,2880.8000,1,1,2,7,2,4,2,1,3,1
SF,IH2006,2020-03-10 09:30:08.000,2875.6000,15624,-5,129912120.000,6,0,6,多平,S,2874.6000,2871.6000,2871.4000,2870.6000,2870.4000,2875.6000,2876.2000,2876.4000,2876.8000,2877.0000,1,3,3,2,2,4,1,6,8,5
SF,IH2006,2020-03-10 09:30:08.500,2875.8000,15615,-9,141990360.000,14,2,12,多平,S,2875.6000,2875.0000,2874.8000,2874.6000,2871.6000,2877.4000,2877.6000,2877.8000,2878.4000,2880.8000,2,8,7,1,2,4,3,1,3,1
SF,IH2006,2020-03-10 09:30:09.000,2877.4000,15615,0,152345460.000,12,6,6,多换,S,2875.6000,2874.8000,2871.4000,2870.6000,2870.4000,2877.4000,2877.6000,2877.8000,2878.4000,2880.8000,1,2,1,2,2,2,3,1,3,1
SF,IH2006,2020-03-10 09:30:09.500,2876.2000,15614,-1,154071060.000,2,0,2,多平,S,2875.6000,2874.8000,2872.0000,2871.4000,2870.6000,2877.2000,2877.4000,2877.6000,2877.8000,2878.4000,1,2,1,1,2,3,1,3,1,3
SF,IH2006,2020-03-10 09:30:10.000,2877.0000,15610,-4,158386140.000,5,0,5,多平,S,2875.8000,2875.6000,2874.8000,2872.0000,2871.4000,2877.0000,2877.2000,2877.4000,2877.6000,2877.8000,1,4,2,1,1,1,3,1,3,1
SF,IH2006,2020-03-10 09:30:10.500,2875.8000,15609,-1,160111620.000,2,0,2,多平,S,2875.6000,2874.8000,2872.0000,2871.4000,2870.6000,2875.8000,2876.8000,2877.0000,2877.2000,2877.4000,3,2,1,1,2,1,1,2,1,1
SF,IH2006,2020-03-10 09:30:11.000,2877.0000,15604,-5,168738900.000,10,2,8,多平,S,2874.8000,2872.0000,2871.4000,2870.6000,2870.4000,2877.2000,2877.4000,2877.6000,2877.8000,2878.4000,2,1,1,2,2,1,1,2,1,3
SF,IH2006,2020-03-10 09:30:11.500,2877.0000,15605,1,169602000.000,1,1,0,双开,S,2875.8000,2874.0000,2872.0000,2871.4000,2870.6000,2876.8000,2877.0000,2877.2000,2877.4000,2877.6000,16,1,1,1,2,1,2,1,1,2
SF,IH2006,2020-03-10 09:30:12.000,2876.8000,15602,-3,174779280.000,6,1,5,多平,S,2875.8000,2874.0000,2872.0000,2871.4000,2870.6000,2876.6000,2876.8000,2877.0000,2877.2000,2877.4000,16,1,1,1,2,1,3,3,1,1
SF,IH2006,2020-03-10 09:30:12.500,2876.6000,15598,-4,180820140.000,7,1,6,多平,S,2876.6000,2875.8000,2875.6000,2874.0000,2872.0000,2877.2000,2877.4000,2877.6000,2877.8000,2878.4000,1,16,1,1,1,1,1,2,1,3
SF,IH2006,2020-03-10 09:30:13.000,2876.6000,15597,-1,181683120.000,1,0,1,双平,S,2877.2000,2877.0000,2876.8000,2875.8000,2875.6000,2877.4000,2877.6000,2877.8000,2878.4000,2880.8000,1,1,3,16,1,1,2,1,3,1
SF,IH2006,2020-03-10 09:30:13.500,2877.6000,15594,-3,184272780.000,3,0,3,双平,S,2877.0000,2876.8000,2875.8000,2875.6000,2874.0000,2877.4000,2877.6000,2877.8000,2878.4000,2880.8000,1,3,16,1,1,1,1,1,3,1
SF,IH2006,2020-03-10 09:30:14.000,2877.4000,15593,-1,186862500.000,3,1,2,多平,S,2877.4000,2877.2000,2877.0000,2876.8000,2875.8000,2877.8000,2878.4000,2880.8000,2881.0000,2887.0000,2,3,1,1,16,1,3,1,1,1
SF,IH2006,2020-03-10 09:30:14.500,2877.8000,15592,-1,188589180.000,2,0,2,多平,S,2877.8000,2877.4000,2877.2000,2877.0000,2876.8000,2878.4000,2880.8000,2881.0000,2887.0000,2888.0000,1,6,3,1,1,3,1,1,1,5
SF,IH2006,2020-03-10 09:30:15.000,2878.0000,15591,-1,192043020.000,4,1,3,多平,S,2877.8000,2877.4000,2877.2000,2877.0000,2876.8000,2878.4000,2880.8000,2881.0000,2887.0000,2888.0000,1,6,3,1,1,1,1,1,1,5
SF,IH2006,2020-03-10 09:30:15.500,2878.4000,15589,-2,193769940.000,2,0,2,双平,S,2878.0000,2877.8000,2877.4000,2877.2000,2877.0000,2878.6000,2880.8000,2881.0000,2887.0000,2888.0000,1,1,6,3,5,3,1,1,1,5
SF,IH2006,2020-03-10 09:30:16.000,2878.4000,15589,0,193769940.000,0,-,-,-,-,2878.4000,2878.2000,2878.0000,2877.8000,2877.4000,2878.6000,2880.8000,2881.0000,2887.0000,2888.0000,1,1,1,2,4,3,1,1,1,5
SF,IH2006,2020-03-10 09:30:16.500,2878.4000,15586,-3,197224200.000,4,0,4,多平,S,2878.0000,2877.8000,2877.4000,2877.2000,2877.0000,2880.8000,2881.0000,2887.0000,2888.0000,2888.8000,1,2,4,3,5,1,1,1,5,1
SF,IH2006,2020-03-10 09:30:17.000,2878.4000,15586,0,197224200.000,0,-,-,-,-,2878.2000,2877.8000,2877.4000,2877.2000,2877.0000,2878.4000,2879.8000,2880.0000,2880.4000,2880.6000,1,2,4,3,5,1,2,3,1,5
SF,IH2006,2020-03-10 09:30:17.500,2878.4000,15586,0,198087720.000,1,0,1,多换,S,2878.6000,2878.4000,2877.8000,2877.4000,2877.2000,2880.6000,2880.8000,2881.0000,2887.0000,2888.0000,3,1,2,4,3,2,1,1,1,5
SF,IH2006,2020-03-10 09:30:18.000,2879.8000,15585,-1,198951660.000,1,0,1,双平,S,2878.8000,2878.6000,2877.8000,2877.6000,2877.4000,2879.8000,2880.0000,2880.4000,2880.6000,2880.8000,4,6,8,5,4,1,3,1,2,1
SF,IH2006,2020-03-10 09:30:18.500,2879.0000,15584,-1,199815360.000,1,0,1,双平,S,2879.6000,2879.0000,2878.8000,2878.6000,2878.4000,2880.6000,2880.8000,2881.0000,2887.0000,2888.0000,1,3,2,6,1,1,1,1,1,5
SF,IH2006,2020-03-10 09:30:19.000,2880.4000,15584,0,200679480.000,1,0,1,多换,S,2879.8000,2879.6000,2878.6000,2878.4000,2877.8000,2880.8000,2881.0000,2887.0000,2888.0000,2888.8000,1,1,6,1,3,1,1,1,5,1
SF,IH2006,2020-03-10 09:30:19.500,2879.8000,15583,-1,201543420.000,1,0,1,双平,S,2879.6000,2879.0000,2878.6000,2878.4000,2877.8000,2880.0000,2880.6000,2880.8000,2881.0000,2887.0000,1,1,11,1,3,1,1,2,1,1
SF,IH2006,2020-03-10 09:30:20.000,2879.8000,15583,0,201543420.000,0,-,-,-,-,2880.8000,2880.6000,2879.0000,2878.6000,2878.4000,2881.0000,2887.0000,2888.0000,2888.8000,2889.2000,1,2,1,6,1,1,1,5,1,1
SF,IH2006,2020-03-10 09:30:20.500,2881.0000,15577,-6,208457400.000,8,1,7,多平,S,2881.0000,2879.8000,2879.4000,2879.0000,2878.6000,2887.0000,2888.0000,2888.8000,2889.2000,2890.0000,13,2,1,1,6,1,5,1,1,1
SF,IH2006,2020-03-10 09:30:21.000,2881.0000,15577,0,208457400.000,0,-,-,-,-,2881.2000,2881.0000,2879.8000,2879.4000,2879.0000,2882.2000,2882.4000,2883.0000,2883.2000,2883.4000,5,13,2,1,1,1,1,1,2,2
SF,IH2006,2020-03-10 09:30:21.500,2882.0000,15577,0,211915500.000,4,2,2,多换,S,2881.2000,2881.0000,2879.8000,2879.4000,2879.0000,2882.0000,2882.2000,2883.0000,2883.2000,2883.4000,4,13,2,1,1,1,1,1,2,1
SF,IH2006,2020-03-10 09:30:22.000,2881.2000,15576,-1,213644940.000,2,0,2,多平,S,2882.0000,2881.2000,2881.0000,2879.8000,2879.4000,2883.6000,2886.4000,2886.8000,2887.0000,2888.0000,1,3,13,2,1,1,1,2,2,5
SF,IH2006,2020-03-10 09:30:22.500,2881.2000,15576,0,213644940.000,0,-,-,-,-,2882.0000,2881.0000,2879.8000,2879.4000,2879.0000,2882.2000,2882.6000,2882.8000,2883.0000,2883.2000,2,13,2,1,1,1,1,1,2,2
SF,IH2006,2020-03-10 09:30:23.000,2882.2000,15577,1,214509600.000,1,1,0,双开,S,2882.0000,2881.0000,2879.8000,2879.4000,2879.0000,2883.0000,2883.2000,2883.4000,2883.6000,2886.4000,2,13,2,1,4,1,1,1,1,1
SF,IH2006,2020-03-10 09:30:23.500,2882.2000,15576,-1,216239160.000,2,0,2,多平,S,2882.0000,2881.0000,2880.8000,2879.4000,2879.0000,2883.6000,2886.4000,2886.8000,2887.0000,2888.0000,3,13,5,1,4,1,1,1,2,5
SF,IH2006,2020-03-10 09:30:24.000,2882.2000,15575,-1,217103820.000,1,0,1,双平,S,2882.0000,2881.2000,2881.0000,2879.4000,2879.0000,2883.6000,2886.4000,2886.8000,2887.0000,2888.0000,3,1,13,1,4,1,1,1,2,5
SF,IH2006,2020-03-10 09:30:24.500,2882.2000,15575,0,217103820.000,0,-,-,-,-,2883.0000,2882.6000,2882.2000,2882.0000,2881.2000,2883.4000,2886.4000,2886.8000,2887.0000,2888.0000,1,1,4,3,1,2,1,1,1,5
SF,IH2006,2020-03-10 09:30:25.000,2882.6000,15573,-2,218833500.000,2,0,2,双平,S,2882.2000,2882.0000,2881.2000,2879.4000,2879.0000,2883.4000,2886.8000,2887.0000,2888.8000,2889.2000,5,3,1,1,4,2,1,1,1,1
SF,IH2006,2020-03-10 09:30:25.500,2883.4000,15571,-2,220563540.000,2,0,2,双平,S,2882.6000,2882.4000,2882.2000,2882.0000,2881.2000,2886.8000,2887.0000,2888.8000,2889.2000,2890.0000,1,6,4,3,1,1,1,1,1,1
SF,IH2006,2020-03-10 09:30:26.000,2883.4000,15571,0,220563540.000,0,-,-,-,-,2882.8000,2882.6000,2882.4000,2882.2000,2882.0000,2885.4000,2886.0000,2886.6000,2886.8000,2887.0000,6,1,5,2,3,1,3,4,1,1
SF,IH2006,2020-03-10 09:30:26.500,2883.4000,15571,0,220563540.000,0,-,-,-,-,2883.0000,2882.8000,2882.6000,2882.4000,2882.2000,2885.2000,2885.4000,2886.0000,2886.6000,2887.0000,4,5,2,5,2,1,1,2,4,2
SF,IH2006,2020-03-10 09:30:27.000,2885.2000,15570,-1,221429100.000,1,0,1,双平,S,2885.2000,2883.6000,2883.2000,2883.0000,2882.8000,2886.0000,2886.6000,2887.0000,2888.8000,2889.2000,12,1,8,4,1,1,2,2,1,1
SF,IH2006,2020-03-10 09:30:27.500,2885.2000,15564,-6,226623360.000,6,0,6,双平,S,2885.2000,2883.2000,2883.0000,2882.6000,2882.4000,2886.6000,2887.0000,2888.8000,2889.2000,2890.0000,10,4,3,1,5,1,2,1,1,1
SF,IH2006,2020-03-10 09:30:28.000,2885.2000,15563,-1,227488920.000,1,0,1,双平,S,2886.6000,2885.2000,2883.2000,2882.6000,2882.4000,2887.0000,2888.8000,2889.2000,2890.0000,2892.6000,3,9,4,1,2,2,1,1,1,1
SF,IH2006,2020-03-10 09:30:28.500,2886.6000,15560,-3,230086860.000,3,0,3,双平,S,2885.2000,2883.2000,2882.6000,2882.4000,2882.2000,2886.2000,2886.4000,2886.6000,2886.8000,2887.0000,9,4,1,2,1,1,3,2,11,2
SF,IH2006,2020-03-10 09:30:29.000,2885.2000,15557,-3,237876900.000,9,3,6,多平,S,2885.2000,2883.2000,2882.4000,2882.2000,2882.0000,2886.6000,2887.0000,2887.2000,2888.8000,2889.2000,4,4,2,1,2,1,2,1,1,1
SF,IH2006,2020-03-10 09:30:29.500,2886.6000,15556,-1,239608860.000,2,0,2,多平,S,2885.2000,2883.2000,2882.4000,2882.2000,2882.0000,2887.0000,2887.2000,2887.8000,2888.0000,2888.8000,4,3,2,1,2,2,1,5,1,1
SF,IH2006,2020-03-10 09:30:30.000,2886.6000,15556,0,239608860.000,0,-,-,-,-,2886.2000,2885.2000,2883.2000,2882.4000,2882.2000,2886.8000,2887.0000,2887.2000,2888.0000,2888.2000,1,4,3,2,1,3,3,1,1,5
SF,IH2006,2020-03-10 09:30:30.500,2886.2000,15556,0,240474720.000,1,0,1,多换,S,2885.2000,2883.2000,2882.4000,2882.2000,2882.0000,2886.2000,2886.6000,2886.8000,2887.0000,2887.2000,4,3,2,1,1,1,1,3,3,1
SF,IH2006,2020-03-10 09:30:31.000,2886.8000,15555,-1,243072660.000,3,1,2,多平,S,2885.2000,2883.2000,2882.4000,2882.2000,2882.0000,2887.0000,2887.2000,2888.0000,2888.8000,2889.2000,5,3,2,1,1,3,1,1,1,1
SF,IH2006,2020-03-10 09:30:31.500,2886.8000,15555,0,243072660.000,0,-,-,-,-,2886.8000,2885.2000,2883.2000,2882.4000,2882.2000,2887.0000,2888.0000,2888.8000,2889.2000,2890.0000,1,6,3,2,1,3,1,1,1,1
SF,IH2006,2020-03-10 09:30:32.000,2886.8000,15555,0,245670780.000,3,1,2,多换,S,2886.2000,2885.2000,2883.2000,2882.4000,2882.2000,2887.0000,2888.8000,2889.2000,2890.0000,2892.6000,5,6,3,2,1,3,1,1,1,1
SF,IH2006,2020-03-10 09:30:32.500,2887.0000,15554,-1,247402980.000,2,0,2,多平,S,2886.2000,2886.0000,2885.2000,2883.2000,2882.4000,2887.0000,2887.2000,2888.8000,2889.2000,2890.0000,6,1,6,3,2,1,1,1,1,1
SF,IH2006,2020-03-10 09:30:33.000,2887.0000,15555,1,248269080.000,1,1,0,双开,S,2887.0000,2886.2000,2886.0000,2885.2000,2883.2000,2888.8000,2889.2000,2890.0000,2892.6000,2897.8000,2,6,1,2,3,1,1,1,1,1
SF,IH2006,2020-03-10 09:30:33.500,2887.0000,15555,0,248269080.000,0,-,-,-,-,2887.2000,2887.0000,2886.8000,2886.2000,2886.0000,2888.8000,2889.2000,2890.0000,2892.2000,2892.6000,9,2,2,6,1,1,1,1,1,1
SF,IH2006,2020-03-10 09:30:34.000,2888.8000,15555,0,249135720.000,1,0,1,多换,S,2887.2000,2887.0000,2886.8000,2886.2000,2886.0000,2889.2000,2890.0000,2892.2000,2892.6000,2897.8000,6,3,2,6,1,1,1,1,1,1
SF,IH2006,2020-03-10 09:30:34.500,2888.8000,15555,0,249135720.000,0,-,-,-,-,2887.4000,2887.2000,2887.0000,2886.2000,2886.0000,2889.2000,2890.0000,2892.6000,2897.8000,2898.0000,2,1,4,6,1,1,1,1,1,1
SF,IH2006,2020-03-10 09:30:35.000,2887.6000,15554,-1,250002000.000,1,0,1,双平,S,2887.4000,2887.0000,2886.2000,2886.0000,2885.2000,2889.0000,2889.2000,2890.0000,2892.6000,2897.8000,1,4,6,1,1,1,1,1,1,1
SF,IH2006,2020-03-10 09:30:35.500,2887.6000,15553,-1,250868280.000,1,0,1,双平,S,2887.6000,2887.4000,2887.2000,2887.0000,2886.2000,2889.0000,2889.2000,2890.0000,2892.6000,2897.8000,1,1,1,4,6,1,1,1,1,1
SF,IH2006,2020-03-10 09:30:36.000,2887.6000,15553,0,250868280.000,0,-,-,-,-,2887.4000,2887.0000,2886.2000,2886.0000,2885.2000,2889.0000,2889.2000,2889.4000,2890.0000,2892.6000,1,4,6,1,1,1,1,1,1,1
SF,IH2006,2020-03-10 09:30:36.500,2889.0000,15552,-1,252601680.000,2,0,2,多平,S,2889.0000,2887.6000,2887.4000,2887.2000,2887.0000,2889.2000,2889.4000,2890.0000,2892.6000,2897.8000,4,1,1,1,4,1,1,1,1,1
SF,IH2006,2020-03-10 09:30:37.000,2889.4000,15549,-3,255201960.000,3,0,3,双平,S,2889.0000,2887.6000,2887.4000,2887.2000,2887.0000,2889.8000,2890.0000,2892.6000,2897.8000,2898.0000,3,1,1,1,4,1,1,1,1,1
SF,IH2006,2020-03-10 09:30:37.500,2889.8000,15544,-5,259535760.000,5,0,5,双平,S,2889.0000,2887.6000,2887.2000,2887.0000,2886.2000,2889.8000,2890.0000,2892.6000,2897.8000,2898.0000,1,1,1,5,1,1,1,1,1,1
SF,IH2006,2020-03-10 09:30:38.000,2889.8000,15543,-1,262136340.000,3,1,2,多平,S,2888.8000,2887.6000,2887.2000,2887.0000,2886.2000,2890.0000,2892.6000,2892.8000,2897.8000,2898.0000,1,1,1,3,1,1,1,1,1,1
SF,IH2006,2020-03-10 09:30:38.500,2887.6000,15542,-1,263869260.000,2,0,2,多平,S,2888.0000,2887.2000,2887.0000,2886.0000,2885.2000,2889.8000,2890.0000,2892.6000,2892.8000,2897.8000,1,1,3,1,1,1,1,1,1,1
SF,IH2006,2020-03-10 09:30:39.000,2887.6000,15542,0,263869260.000,0,-,-,-,-,2889.0000,2888.6000,2888.2000,2888.0000,2887.2000,2890.0000,2892.6000,2892.8000,2897.8000,2898.0000,1,1,6,1,1,1,1,1,1,1
SF,IH2006,2020-03-10 09:30:39.500,2889.0000,15539,-3,266469660.000,3,0,3,双平,S,2888.2000,2888.0000,2887.2000,2887.0000,2886.0000,2889.0000,2892.6000,2892.8000,2897.8000,2898.0000,4,1,1,3,1,1,1,1,1,1
SF,IH2006,2020-03-10 09:30:40.000,2889.0000,15537,-2,268203060.000,2,0,2,双平,S,2889.0000,2888.4000,2888.2000,2888.0000,2887.2000,2892.6000,2892.8000,2897.8000,2898.0000,2899.2000,1,2,3,1,1,1,1,1,1,1
SF,IH2006,2020-03-10 09:30:40.500,2891.2000,15536,-1,274276080.000,7,3,4,多平,S,2891.2000,2891.0000,2890.8000,2890.0000,2889.8000,2892.6000,2892.8000,2897.8000,2898.0000,2899.2000,1,1,2,6,3,1,1,1,1,1
SF,IH2006,2020-03-10 09:30:41.000,2891.6000,15530,-6,282951300.000,10,2,8,多平,S,2891.4000,2891.2000,2891.0000,2890.8000,2890.0000,2897.8000,2898.0000,2899.2000,2905.8000,2910.0000,3,1,1,1,7,1,1,1,1,1
SF,IH2006,2020-03-10 09:30:41.500,2891.6000,15530,0,282951300.000,0,-,-,-,-,2892.0000,2891.6000,2891.4000,2891.2000,2891.0000,2894.2000,2895.0000,2895.2000,2895.6000,2896.0000,1,2,3,1,1,1,1,2,2,1
SF,IH2006,2020-03-10 09:30:42.000,2892.0000,15525,-5,289893360.000,8,1,7,多平,S,2892.6000,2890.0000,2889.8000,2889.6000,2888.4000,2894.0000,2895.0000,2895.2000,2895.6000,2896.0000,4,1,3,1,1,7,1,1,2,1
SF,IH2006,2020-03-10 09:30:42.500,2893.8000,15524,-1,294232620.000,5,2,3,多平,S,2890.0000,2889.8000,2889.6000,2888.4000,2888.0000,2893.8000,2894.0000,2895.0000,2895.2000,2895.6000,1,3,1,1,1,1,7,2,1,2
SF,IH2006,2020-03-10 09:30:43.000,2890.8000,15524,0,295099860.000,1,0,1,多换,S,2890.2000,2890.0000,2889.8000,2889.6000,2889.0000,2893.0000,2893.6000,2893.8000,2894.0000,2895.0000,6,5,3,1,5,1,4,1,1,2
SF,IH2006,2020-03-10 09:30:43.500,2890.8000,15523,-1,295967100.000,1,0,1,双平,S,2890.6000,2890.2000,2890.0000,2889.8000,2889.6000,2892.8000,2893.0000,2894.0000,2895.0000,2895.6000,2,5,5,3,1,4,1,1,2,2
SF,IH2006,2020-03-10 09:30:44.000,2892.8000,15523,0,299437740.000,4,2,2,多换,S,2890.8000,2890.2000,2890.0000,2889.8000,2889.6000,2892.8000,2894.0000,2895.0000,2895.6000,2896.0000,5,1,5,3,2,1,1,2,2,1
SF,IH2006,2020-03-10 09:30:44.500,2892.8000,15523,0,301173420.000,2,1,1,多换,S,2891.0000,2890.8000,2890.0000,2889.8000,2889.6000,2895.0000,2895.6000,2896.0000,2896.2000,2896.4000,1,3,5,3,2,2,2,1,1,1
SF,IH2006,2020-03-10 09:30:45.000,2892.8000,15523,0,301173420.000,0,-,-,-,-,2891.8000,2891.2000,2890.8000,2890.0000,2889.8000,2892.8000,2893.8000,2894.4000,2894.6000,2894.8000,1,2,1,5,3,1,2,2,2,5
SF,IH2006,2020-03-10 09:30:45.500,2891.2000,15520,-3,304643520.000,4,0,4,多平,S,2890.8000,2890.0000,2889.8000,2889.6000,2888.4000,2892.4000,2892.6000,2893.8000,2894.4000,2894.8000,1,3,3,2,1,3,4,2,2,2
SF,IH2006,2020-03-10 09:30:46.000,2893.8000,15521,1,314188920.000,11,6,5,空开,S,2891.0000,2890.0000,2889.8000,2889.6000,2888.4000,2894.4000,2894.8000,2895.0000,2895.6000,2896.2000,1,1,3,2,1,2,1,3,1,1
SF,IH2006,2020-03-10 09:30:46.500,2889.8000,15519,-2,319391580.000,6,2,4,多平,S,2889.6000,2888.4000,2887.6000,2887.0000,2885.2000,2892.4000,2893.8000,2894.4000,2895.0000,2896.8000,7,1,1,2,1,1,1,1,3,1
SF,IH2006,2020-03-10 09:30:47.000,2892.0000,15520,1,320259180.000,1,1,0,双开,S,2892.8000,2890.0000,2889.8000,2889.6000,2889.0000,2894.4000,2895.0000,2896.8000,2897.2000,2897.8000,1,2,8,3,1,2,3,1,1,1
SF,IH2006,2020-03-10 09:30:47.500,2892.4000,15518,-2,321994620.000,2,0,2,双平,S,2890.0000,2889.8000,2889.6000,2889.0000,2888.4000,2891.8000,2892.2000,2892.8000,2893.8000,2894.4000,2,6,3,1,1,2,1,1,1,4
SF,IH2006,2020-03-10 09:30:48.000,2893.8000,15515,-3,324597840.000,3,0,3,双平,S,2892.4000,2891.8000,2890.2000,2890.0000,2889.8000,2894.4000,2895.0000,2896.8000,2897.2000,2897.8000,1,1,11,1,3,4,3,1,1,1
SF,IH2006,2020-03-10 09:30:48.500,2892.4000,15515,0,325465560.000,1,0,1,多换,S,2890.2000,2890.0000,2889.6000,2889.0000,2888.4000,2892.2000,2892.4000,2894.2000,2894.4000,2895.0000,3,1,7,6,1,1,1,3,4,3
SF,IH2006,2020-03-10 09:30:49.000,2892.4000,15514,-1,326333280.000,1,0,1,双平,S,2892.2000,2891.0000,2890.8000,2890.6000,2890.4000,2894.4000,2895.0000,2896.8000,2897.2000,2897.8000,1,1,3,2,3,2,3,1,1,1
SF,IH2006,2020-03-10 09:30:49.500,2892.4000,15514,0,326333280.000,0,-,-,-,-,2892.4000,2891.2000,2890.8000,2890.6000,2890.4000,2894.2000,2894.4000,2894.6000,2895.0000,2896.8000,1,5,1,2,1,1,1,1,3,1
SF,IH2006,2020-03-10 09:30:50.000,2892.6000,15513,-1,328068960.000,2,0,2,多平,S,2892.6000,2890.8000,2890.2000,2890.0000,2889.6000,2894.0000,2894.2000,2894.4000,2894.6000,2895.0000,1,1,3,3,2,1,1,3,1,3
SF,IH2006,2020-03-10 09:30:50.500,2893.8000,15512,-1,328937100.000,1,0,1,双平,S,2892.8000,2892.6000,2892.2000,2891.8000,2890.8000,2894.0000,2894.4000,2894.6000,2895.0000,2896.8000,2,1,1,5,1,1,3,1,3,1
SF,IH2006,2020-03-10 09:30:51.000,2893.0000,15512,0,329805000.000,1,0,1,多换,S,2893.6000,2893.0000,2892.8000,2892.2000,2892.0000,2894.4000,2894.6000,2895.0000,2896.8000,2897.2000,1,2,2,1,5,1,1,3,1,1
SF,IH2006,2020-03-10 09:30:51.500,2894.2000,15505,-7,335882640.000,7,0,7,双平,S,2892.8000,2892.2000,2892.0000,2891.8000,2890.8000,2894.0000,2894.4000,2894.6000,2895.0000,2896.8000,1,1,5,5,1,1,1,1,3,1
SF,IH2006,2020-03-10 09:30:52.000,2894.0000,15504,-1,336750840.000,1,0,1,双平,S,2893.0000,2892.8000,2892.2000,2891.8000,2891.6000,2894.6000,2895.0000,2896.8000,2897.8000,2898.0000,4,2,1,5,5,1,1,1,1,1
SF,IH2006,2020-03-10 09:30:52.500,2893.2000,15501,-3,339354720.000,3,0,3,双平,S,2893.2000,2893.0000,2892.2000,2890.8000,2890.2000,2894.2000,2894.4000,2894.6000,2895.0000,2896.8000,2,4,1,1,3,1,2,1,1,1
SF,IH2006,2020-03-10 09:30:53.000,2894.0000,15501,0,340222920.000,1,0,1,多换,S,2893.4000,2893.2000,2893.0000,2892.2000,2892.0000,2894.2000,2894.4000,2894.6000,2895.0000,2896.8000,1,1,1,1,10,1,2,1,1,1
SF,IH2006,2020-03-10 09:30:53.500,2894.0000,15501,0,340222920.000,0,-,-,-,-,2893.6000,2893.2000,2893.0000,2892.4000,2892.2000,2894.2000,2894.6000,2895.0000,2896.8000,2897.8000,1,1,1,5,1,1,1,1,1,1
SF,IH2006,2020-03-10 09:30:54.000,2894.2000,15499,-2,342827040.000,3,0,3,多平,S,2892.2000,2892.0000,2890.8000,2890.2000,2890.0000,2894.6000,2895.0000,2896.8000,2897.8000,2898.0000,6,5,1,3,3,1,1,1,1,1
SF,IH2006,2020-03-10 09:30:54.500,2894.2000,15499,0,342827040.000,0,-,-,-,-,2893.2000,2892.6000,2892.4000,2892.2000,2892.0000,2894.4000,2894.6000,2895.0000,2896.8000,2897.8000,2,5,8,1,5,1,1,1,1,1
SF,IH2006,2020-03-10 09:30:55.000,2894.6000,15499,0,343695420.000,1,0,1,多换,S,2893.4000,2893.2000,2892.6000,2892.4000,2892.2000,2895.0000,2896.8000,2897.8000,2898.0000,2898.6000,2,2,5,7,1,1,1,1,1,1
SF,IH2006,2020-03-10 09:30:55.500,2893.6000,15498,-1,344563500.000,1,0,1,双平,S,2893.6000,2893.4000,2893.2000,2892.6000,2892.4000,2895.0000,2896.8000,2897.8000,2898.0000,2898.6000,3,2,2,5,6,1,1,1,1,1
SF,IH2006,2020-03-10 09:30:56.000,2895.0000,15498,0,346300080.000,2,1,1,多换,S,2893.8000,2893.6000,2893.4000,2893.2000,2892.6000,2897.8000,2898.0000,2898.6000,2899.2000,2905.8000,5,2,1,2,1,1,1,1,2,1
SF,IH2006,2020-03-10 09:30:56.500,2893.8000,15498,0,347168220.000,1,0,1,多换,S,2893.2000,2892.6000,2892.4000,2892.2000,2892.0000,2895.0000,2895.6000,2895.8000,2896.8000,2897.0000,2,1,1,1,5,1,1,1,1,1
SF,IH2006,2020-03-10 09:30:57.000,2893.4000,15498,0,348036240.000,1,0,1,多换,S,2893.2000,2892.6000,2892.4000,2892.2000,2892.0000,2894.4000,2894.6000,2894.8000,2895.0000,2895.8000,2,1,1,1,10,1,1,3,1,1
SF,IH2006,2020-03-10 09:30:57.500,2892.0000,15491,-7,356714580.000,10,1,9,多平,S,2893.0000,2892.0000,2890.8000,2890.2000,2890.0000,2894.6000,2894.8000,2895.8000,2896.8000,2897.2000,1,3,1,2,2,1,1,1,1,1
SF,IH2006,2020-03-10 09:30:58.000,2892.0000,15490,-1,357582180.000,1,0,1,双平,S,2893.0000,2891.8000,2890.8000,2890.2000,2890.0000,2894.4000,2894.6000,2894.8000,2895.8000,2896.0000,1,3,1,2,2,1,1,1,1,1
SF,IH2006,2020-03-10 09:30:58.500,2892.0000,15490,0,357582180.000,0,-,-,-,-,2893.2000,2893.0000,2891.6000,2890.8000,2890.2000,2894.2000,2894.4000,2894.6000,2894.8000,2895.8000,1,1,3,1,2,1,1,1,1,1
SF,IH2006,2020-03-10 09:30:59.000,2893.4000,15489,-1,360186240.000,3,1,2,多平,S,2893.8000,2893.6000,2893.4000,2893.2000,2893.0000,2894.6000,2897.8000,2898.0000,2898.6000,2899.2000,4,1,8,3,1,1,1,2,1,2
SF,IH2006,2020-03-10 09:30:59.500,2893.8000,15489,0,361922760.000,2,1,1,多换,S,2893.4000,2893.0000,2891.6000,2890.8000,2890.2000,2894.4000,2897.0000,2897.8000,2898.0000,2898.6000,2,1,3,1,1,1,3,1,2,1
SF,IH2006,2020-03-10 09:31:00.000,2893.6000,15487,-2,364527000.000,3,0,3,多平,S,2893.0000,2892.8000,2892.6000,2890.8000,2890.2000,2894.2000,2897.0000,2897.8000,2898.0000,2898.6000,1,3,5,1,1,1,3,1,2,1
SF,IH2006,2020-03-10 09:31:00.500,2893.6000,15487,0,364527000.000,0,-,-,-,-,2894.2000,2893.0000,2892.6000,2892.0000,2890.8000,2897.0000,2897.8000,2898.0000,2898.6000,2899.2000,1,6,3,5,1,3,1,2,1,2
SF,IH2006,2020-03-10 09:31:01.000,2893.6000,15488,1,365395080.000,1,1,0,双开,S,2893.0000,2890.8000,2890.2000,2888.8000,2887.6000,2893.8000,2894.2000,2894.4000,2894.6000,2894.8000,6,1,1,1,1,2,1,2,1,1
SF,IH2006,2020-03-10 09:31:01.500,2894.2000,15486,-2,368867700.000,4,1,3,多平,S,2894.0000,2893.8000,2893.0000,2890.8000,2890.2000,2894.6000,2896.6000,2896.8000,2897.0000,2897.6000,2,1,6,1,1,1,1,4,3,1
SF,IH2006,2020-03-10 09:31:02.000,2894.6000,15485,-1,369736080.000,1,0,1,双平,S,2893.8000,2893.0000,2892.6000,2890.8000,2890.2000,2894.0000,2894.4000,2895.6000,2896.6000,2896.8000,1,6,3,1,1,2,1,1,1,4
SF,IH2006,2020-03-10 09:31:02.500,2894.6000,15485,0,369736080.000,0,-,-,-,-,2894.4000,2894.2000,2893.8000,2893.0000,2892.6000,2895.6000,2896.6000,2896.8000,2897.0000,2897.6000,1,2,1,6,3,1,1,2,3,1
SF,IH2006,2020-03-10 09:31:03.000,2894.2000,15484,-1,370604340.000,1,0,1,双平,S,2893.8000,2893.0000,2892.6000,2890.8000,2890.2000,2895.4000,2895.6000,2896.6000,2896.8000,2897.0000,1,6,3,1,1,2,1,1,1,3
SF,IH2006,2020-03-10 09:31:03.500,2894.2000,15484,0,370604340.000,0,-,-,-,-,2894.2000,2894.0000,2893.8000,2893.0000,2892.6000,2895.0000,2895.2000,2895.6000,2896.6000,2897.0000,1,1,5,6,3,1,1,1,1,3
SF,IH2006,2020-03-10 09:31:04.000,2895.0000,15482,-2,372341340.000,2,0,2,双平,S,2893.8000,2893.0000,2892.6000,2890.8000,2890.2000,2895.2000,2895.6000,2896.6000,2897.0000,2897.6000,1,6,3,1,1,1,1,1,3,1
SF,IH2006,2020-03-10 09:31:04.500,2894.0000,15482,0,373209540.000,1,0,1,多换,S,2894.8000,2894.0000,2893.8000,2893.0000,2892.6000,2895.6000,2896.6000,2897.0000,2897.6000,2897.8000,1,2,4,5,3,1,1,3,1,1
SF,IH2006,2020-03-10 09:31:05.000,2895.0000,15479,-3,375815220.000,3,0,3,双平,S,2895.0000,2894.8000,2894.0000,2893.8000,2893.0000,2895.4000,2897.0000,2897.6000,2897.8000,2898.0000,2,1,1,7,5,1,3,1,1,1
SF,IH2006,2020-03-10 09:31:05.500,2895.4000,15476,-3,378421080.000,3,0,3,双平,S,2895.4000,2895.2000,2895.0000,2894.8000,2893.8000,2897.0000,2897.6000,2897.8000,2898.0000,2898.6000,1,9,1,1,6,3,1,1,1,1
SF,IH2006,2020-03-10 09:31:06.000,2895.2000,15470,-6,383632440.000,6,0,6,双平,S,2895.2000,2894.8000,2893.8000,2893.0000,2890.8000,2895.4000,2896.8000,2897.0000,2897.6000,2897.8000,1,1,3,5,6,1,7,3,1,1
SF,IH2006,2020-03-10 09:31:06.500,2894.8000,15470,0,386238000.000,3,1,2,多换,S,2895.0000,2893.8000,2893.0000,2890.8000,2890.2000,2895.2000,2895.4000,2896.8000,2897.0000,2897.6000,20,3,5,6,1,1,1,5,3,1
SF,IH2006,2020-03-10 09:31:07.000,2895.0000,15471,1,403608000.000,20,10,10,空开,S,2894.0000,2893.8000,2893.0000,2890.8000,2890.2000,2895.4000,2896.8000,2897.0000,2897.6000,2897.8000,4,3,5,6,1,1,5,3,1,1
SF,IH2006,2020-03-10 09:31:07.500,2894.2000,15471,0,404476260.000,1,0,1,多换,S,2895.0000,2894.6000,2894.4000,2894.2000,2894.0000,2895.2000,2896.8000,2897.0000,2897.6000,2897.8000,1,2,3,1,4,1,3,3,2,1
SF,IH2006,2020-03-10 09:31:08.000,2895.0000,15471,0,406213260.000,2,1,1,多换,S,2894.2000,2894.0000,2893.8000,2893.0000,2890.8000,2895.0000,2896.8000,2897.0000,2897.6000,2897.8000,1,4,5,5,6,1,3,3,1,1
SF,IH2006,2020-03-10 09:31:08.500,2894.0000,15467,-4,409686060.000,4,0,4,双平,S,2893.8000,2893.2000,2893.0000,2890.8000,2890.2000,2894.8000,2895.0000,2896.2000,2896.8000,2897.0000,2,1,5,6,1,2,1,1,2,3
SF,IH2006,2020-03-10 09:31:09.000,2894.0000,15467,0,409686060.000,0,-,-,-,-,2893.2000,2893.0000,2892.6000,2890.8000,2890.2000,2894.2000,2894.6000,2894.8000,2895.0000,2896.2000,1,5,1,6,1,1,3,2,1,1
SF,IH2006,2020-03-10 09:31:09.500,2894.0000,15467,0,409686060.000,0,-,-,-,-,2893.2000,2893.0000,2892.6000,2891.8000,2890.8000,2894.0000,2894.2000,2894.6000,2895.0000,2896.2000,1,5,1,1,6,2,2,2,2,1
SF,IH2006,2020-03-10 09:31:10.000,2894.0000,15467,0,409686060.000,0,-,-,-,-,2893.2000,2893.0000,2892.6000,2891.8000,2890.8000,2893.8000,2894.0000,2894.2000,2894.6000,2895.0000,1,5,1,1,6,2,2,2,1,2
SF,IH2006,2020-03-10 09:31:10.500,2893.2000,15466,-1,410554020.000,1,0,1,双平,S,2893.0000,2892.6000,2891.8000,2891.0000,2890.8000,2893.2000,2893.6000,2893.8000,2894.2000,2894.6000,5,4,1,1,6,1,2,2,2,1
SF,IH2006,2020-03-10 09:31:11.000,2893.2000,15465,-1,411421980.000,1,0,1,双平,S,2893.4000,2893.2000,2893.0000,2892.6000,2891.8000,2893.6000,2893.8000,2894.2000,2895.0000,2896.2000,1,5,5,1,1,2,1,2,2,1
SF,IH2006,2020-03-10 09:31:11.500,2893.8000,15464,-1,414026280.000,3,1,2,多平,S,2893.2000,2893.0000,2892.6000,2891.8000,2890.8000,2894.2000,2895.0000,2896.2000,2897.0000,2897.6000,4,5,1,1,6,2,2,1,3,1
SF,IH2006,2020-03-10 09:31:12.000,2893.2000,15457,-7,420101880.000,7,0,7,双平,S,2893.0000,2892.6000,2892.2000,2891.8000,2890.8000,2893.8000,2894.0000,2894.2000,2894.4000,2895.0000,3,1,1,1,6,1,2,5,2,2
SF,IH2006,2020-03-10 09:31:12.500,2893.2000,15456,-1,421837740.000,2,0,2,多平,S,2893.0000,2892.6000,2892.2000,2891.8000,2891.0000,2893.6000,2894.2000,2894.4000,2895.0000,2896.2000,2,1,1,1,1,2,4,2,2,1
SF,IH2006,2020-03-10 09:31:13.000,2893.4000,15454,-2,425309340.000,4,1,3,多平,S,2891.8000,2891.0000,2890.8000,2890.2000,2888.8000,2893.0000,2893.2000,2893.6000,2893.8000,2894.2000,1,1,6,2,1,1,1,2,1,4
SF,IH2006,2020-03-10 09:31:13.500,2890.8000,15451,-3,427911420.000,3,0,3,双平,S,2890.8000,2890.2000,2889.0000,2888.8000,2887.6000,2891.8000,2892.8000,2893.0000,2893.2000,2893.6000,5,2,1,1,1,2,1,1,1,1
SF,IH2006,2020-03-10 09:31:14.000,2891.8000,15450,-1,428778960.000,1,0,1,双平,S,2891.2000,2891.0000,2890.8000,2890.2000,2889.0000,2893.0000,2893.2000,2894.2000,2894.4000,2895.0000,1,4,5,2,1,1,1,2,3,2
SF,IH2006,2020-03-10 09:31:14.500,2891.8000,15450,0,428778960.000,0,-,-,-,-,2891.4000,2891.2000,2891.0000,2890.8000,2890.2000,2892.8000,2893.0000,2893.2000,2894.2000,2894.4000,4,1,5,5,2,1,4,1,2,3
SF,IH2006,2020-03-10 09:31:15.000,2891.8000,15450,0,428778960.000,0,-,-,-,-,2891.0000,2890.8000,2890.2000,2888.8000,2887.6000,2892.6000,2893.0000,2893.2000,2893.8000,2894.2000,1,5,2,1,1,3,4,1,1,2
SF,IH2006,2020-03-10 09:31:15.500,2892.4000,15449,-1,429646680.000,1,0,1,双平,S,2890.8000,2890.2000,2888.8000,2887.6000,2887.0000,2892.6000,2893.0000,2893.2000,2893.8000,2894.2000,5,2,1,1,2,3,4,1,1,2
SF,IH2006,2020-03-10 09:31:16.000,2892.4000,15448,-1,430514400.000,1,0,1,双平,S,2891.0000,2890.8000,2890.2000,2888.8000,2887.6000,2892.6000,2893.0000,2893.2000,2893.8000,2894.2000,3,5,2,1,1,1,4,1,1,2
SF,IH2006,2020-03-10 09:31:16.500,2892.4000,15448,0,432249840.000,2,1,1,多换,S,2891.2000,2891.0000,2890.8000,2890.2000,2888.8000,2893.0000,2893.2000,2893.8000,2894.2000,2894.4000,1,3,5,2,1,4,1,1,2,3
SF,IH2006,2020-03-10 09:31:17.000,2892.4000,15448,0,432249840.000,0,-,-,-,-,2891.4000,2890.8000,2890.2000,2888.8000,2887.6000,2892.8000,2893.0000,2893.2000,2893.8000,2894.2000,1,5,2,1,1,2,5,1,1,2
SF,IH2006,2020-03-10 09:31:17.500,2892.4000,15448,0,432249840.000,0,-,-,-,-,2890.8000,2890.2000,2888.8000,2887.6000,2887.0000,2891.0000,2892.8000,2893.0000,2893.2000,2893.8000,5,2,1,1,2,1,2,5,1,1
SF,IH2006,2020-03-10 09:31:18.000,2891.0000,15443,-5,436586340.000,5,0,5,双平,S,2891.0000,2890.8000,2890.2000,2888.8000,2887.6000,2893.0000,2893.2000,2893.8000,2894.2000,2894.4000,3,5,2,1,1,5,1,1,2,3
SF,IH2006,2020-03-10 09:31:18.500,2891.0000,15443,0,436586340.000,0,-,-,-,-,2890.8000,2890.2000,2888.8000,2887.6000,2887.0000,2892.0000,2892.4000,2892.6000,2892.8000,2893.0000,5,2,1,1,2,1,1,1,3,5
SF,IH2006,2020-03-10 09:31:19.000,2891.0000,15443,0,436586340.000,0,-,-,-,-,2891.0000,2890.8000,2890.2000,2888.8000,2887.6000,2891.8000,2892.6000,2892.8000,2893.0000,2893.2000,4,5,2,1,1,1,1,1,6,1
SF,IH2006,2020-03-10 09:31:19.500,2891.0000,15443,0,436586340.000,0,-,-,-,-,2891.0000,2890.8000,2890.2000,2888.8000,2887.6000,2892.0000,2892.6000,2892.8000,2893.0000,2893.2000,3,5,2,1,1,1,1,1,5,1
SF,IH2006,2020-03-10 09:31:20.000,2891.0000,15441,-2,438320940.000,2,0,2,双平,S,2891.2000,2890.8000,2890.2000,2889.0000,2888.8000,2892.8000,2893.0000,2893.2000,2893.8000,2894.2000,1,5,2,1,1,1,5,1,1,2
SF,IH2006,2020-03-10 09:31:20.500,2891.0000,15441,0,438320940.000,0,-,-,-,-,2891.2000,2890.8000,2890.2000,2889.0000,2888.8000,2891.4000,2892.8000,2893.0000,2893.2000,2893.8000,1,5,2,1,1,1,1,5,1,1
SF,IH2006,2020-03-10 09:31:21.000,2891.4000,15435,-6,444392880.000,7,0,7,多平,S,2891.2000,2890.8000,2890.2000,2889.0000,2888.8000,2893.0000,2893.2000,2893.8000,2894.2000,2894.4000,1,5,2,1,1,5,1,1,2,3
SF,IH2006,2020-03-10 09:31:21.500,2892.8000,15436,1,446128140.000,2,1,1,空开,S,2890.8000,2890.2000,2889.0000,2888.8000,2887.6000,2893.0000,2893.2000,2893.8000,2894.2000,2894.4000,5,2,1,1,1,5,2,1,2,3
SF,IH2006,2020-03-10 09:31:22.000,2892.8000,15436,0,446128140.000,0,-,-,-,-,2890.8000,2890.2000,2889.0000,2888.8000,2887.6000,2892.8000,2893.0000,2893.2000,2893.8000,2894.2000,5,2,2,1,1,4,5,2,1,2
SF,IH2006,2020-03-10 09:31:22.500,2892.8000,15436,0,446128140.000,0,-,-,-,-,2891.0000,2890.8000,2890.2000,2889.0000,2888.8000,2892.8000,2893.0000,2893.2000,2893.8000,2894.2000,1,5,2,2,1,4,6,2,1,2
SF,IH2006,2020-03-10 09:31:23.000,2892.8000,15436,0,446128140.000,0,-,-,-,-,2891.4000,2891.2000,2891.0000,2890.8000,2890.2000,2893.0000,2893.2000,2893.8000,2894.2000,2894.4000,1,10,2,5,2,6,2,1,2,3
SF,IH2006,2020-03-10 09:31:23.500,2892.8000,15436,0,446128140.000,0,-,-,-,-,2891.2000,2890.8000,2890.2000,2889.0000,2888.8000,2892.0000,2892.4000,2892.6000,2892.8000,2893.0000,3,5,2,1,1,1,1,1,1,6
SF,IH2006,2020-03-10 09:31:24.000,2892.8000,15436,0,446128140.000,0,-,-,-,-,2892.0000,2891.4000,2891.2000,2890.8000,2890.2000,2893.0000,2893.2000,2894.2000,2894.4000,2895.0000,1,1,1,5,2,6,2,2,3,2
SF,IH2006,2020-03-10 09:31:24.500,2892.8000,15432,-4,449599500.000,4,0,4,双平,S,2892.0000,2890.8000,2890.2000,2889.0000,2888.8000,2892.8000,2893.0000,2893.2000,2894.2000,2894.4000,4,5,2,1,1,3,6,2,2,3
SF,IH2006,2020-03-10 09:31:25.000,2892.8000,15429,-3,452203020.000,3,0,3,双平,S,2892.8000,2892.2000,2892.0000,2890.8000,2890.2000,2893.0000,2893.2000,2894.2000,2894.4000,2895.0000,1,1,3,5,2,6,2,2,3,2
SF,IH2006,2020-03-10 09:31:25.500,2892.8000,15428,-1,454806600.000,3,1,2,多平,S,2892.0000,2890.8000,2890.2000,2889.0000,2888.8000,2892.6000,2893.0000,2893.2000,2894.0000,2894.2000,3,5,1,1,1,1,5,3,3,2
SF,IH2006,2020-03-10 09:31:26.000,2892.0000,15424,-4,459144960.000,5,0,5,多平,S,2890.8000,2890.2000,2889.0000,2888.8000,2887.6000,2893.0000,2893.2000,2894.0000,2894.2000,2894.4000,5,1,1,1,1,5,3,3,2,3
SF,IH2006,2020-03-10 09:31:26.500,2891.2000,15424,0,460012320.000,1,0,1,多换,S,2891.0000,2890.8000,2890.2000,2889.0000,2888.8000,2893.0000,2893.2000,2894.0000,2894.2000,2894.4000,5,5,1,1,1,4,3,3,2,3
SF,IH2006,2020-03-10 09:31:27.000,2891.2000,15424,0,460012320.000,0,-,-,-,-,2891.0000,2890.8000,2890.2000,2889.0000,2888.8000,2893.0000,2893.2000,2894.0000,2894.2000,2894.4000,5,5,1,1,1,4,3,3,2,3
SF,IH2006,2020-03-10 09:31:27.500,2891.0000,15422,-2,462614220.000,3,0,3,多平,S,2890.8000,2890.2000,2889.0000,2888.8000,2887.6000,2892.8000,2893.0000,2893.2000,2894.0000,2894.2000,5,1,1,1,1,3,4,3,3,2
SF,IH2006,2020-03-10 09:31:28.000,2890.8000,15420,-2,464348760.000,2,0,2,双平,S,2890.8000,2890.2000,2889.0000,2888.8000,2887.6000,2892.8000,2893.0000,2893.2000,2894.0000,2894.2000,4,1,1,1,1,3,4,3,3,2
SF,IH2006,2020-03-10 09:31:28.500,2892.6000,15415,-5,468685500.000,5,0,5,双平,S,2890.2000,2889.0000,2888.8000,2887.6000,2887.0000,2891.0000,2892.6000,2892.8000,2893.0000,2893.2000,1,1,1,1,2,1,1,3,4,3
SF,IH2006,2020-03-10 09:31:29.000,2891.0000,15415,0,470419860.000,2,1,1,多换,S,2889.0000,2888.8000,2887.6000,2887.0000,2885.0000,2892.6000,2893.0000,2893.2000,2894.0000,2894.2000,1,1,1,2,3,1,4,3,3,2
SF,IH2006,2020-03-10 09:31:29.500,2891.0000,15415,0,470419860.000,0,-,-,-,-,2890.0000,2889.8000,2889.6000,2889.4000,2889.2000,2892.4000,2893.0000,2893.2000,2894.0000,2894.2000,1,2,5,6,4,2,3,3,3,2
SF,IH2006,2020-03-10 09:31:30.000,2891.0000,15415,0,470419860.000,0,-,-,-,-,2890.2000,2889.8000,2889.6000,2889.4000,2889.2000,2892.4000,2893.0000,2893.2000,2894.0000,2894.2000,3,2,2,2,1,1,3,3,3,2
SF,IH2006,2020-03-10 09:31:30.500,2891.0000,15415,0,470419860.000,0,-,-,-,-,2890.4000,2889.8000,2889.6000,2889.2000,2889.0000,2892.2000,2893.0000,2893.2000,2894.0000,2894.2000,2,2,2,1,1,1,3,3,3,2
SF,IH2006,2020-03-10 09:31:31.000,2892.4000,15414,-1,473022540.000,3,1,2,多平,S,2890.4000,2889.6000,2889.0000,2888.8000,2887.6000,2892.4000,2893.0000,2893.2000,2894.0000,2894.2000,2,1,1,1,1,1,3,3,3,2
SF,IH2006,2020-03-10 09:31:31.500,2890.4000,15412,-2,474756780.000,2,0,2,双平,S,2889.6000,2889.0000,2888.8000,2887.6000,2887.0000,2890.0000,2890.2000,2892.2000,2893.0000,2893.2000,1,1,1,1,2,1,1,1,3,3
SF,IH2006,2020-03-10 09:31:32.000,2892.2000,15410,-2,477358620.000,3,0,3,多平,S,2892.4000,2890.0000,2889.6000,2889.0000,2888.8000,2893.0000,2893.2000,2894.0000,2894.2000,2894.4000,1,5,2,1,1,3,3,3,2,4
SF,IH2006,2020-03-10 09:31:32.500,2892.2000,15409,-1,478226280.000,1,0,1,双平,S,2890.0000,2889.6000,2889.0000,2888.8000,2887.6000,2892.0000,2892.2000,2892.4000,2892.6000,2892.8000,4,2,1,1,1,1,4,9,1,3
SF,IH2006,2020-03-10 09:31:33.000,2890.0000,15409,0,479960340.000,2,1,1,多换,S,2890.0000,2889.6000,2889.0000,2888.8000,2887.6000,2891.8000,2892.2000,2892.4000,2892.8000,2893.0000,3,2,1,1,1,1,1,3,1,4
SF,IH2006,2020-03-10 09:31:33.500,2890.0000,15409,0,479960340.000,0,-,-,-,-,2890.0000,2889.6000,2889.0000,2888.8000,2887.6000,2891.6000,2891.8000,2892.2000,2892.4000,2892.8000,3,2,1,1,1,2,1,1,3,1
SF,IH2006,2020-03-10 09:31:34.000,2890.0000,15407,-2,481694820.000,2,0,2,双平,S,2890.0000,2889.6000,2889.0000,2888.8000,2887.6000,2891.6000,2891.8000,2892.2000,2892.4000,2892.8000,2,2,1,1,1,1,1,1,3,1
SF,IH2006,2020-03-10 09:31:34.500,2890.0000,15407,0,481694820.000,0,-,-,-,-,2890.0000,2889.6000,2889.0000,2888.8000,2887.6000,2891.6000,2891.8000,2892.2000,2892.4000,2892.8000,3,2,1,3,1,1,1,1,2,1
SF,IH2006,2020-03-10 09:31:35.000,2890.0000,15407,0,481694820.000,0,-,-,-,-,2890.0000,2889.6000,2889.0000,2888.8000,2887.6000,2891.4000,2891.6000,2891.8000,2892.2000,2892.4000,3,2,1,3,1,1,1,1,1,2
SF,IH2006,2020-03-10 09:31:35.500,2890.0000,15404,-3,484296540.000,3,0,3,双平,S,2890.0000,2889.6000,2889.0000,2888.8000,2887.6000,2891.2000,2891.8000,2892.2000,2892.4000,2892.8000,2,2,1,3,1,1,1,1,2,1
SF,IH2006,2020-03-10 09:31:36.000,2890.0000,15404,0,484296540.000,0,-,-,-,-,2890.2000,2890.0000,2889.6000,2889.0000,2888.8000,2891.2000,2891.4000,2891.8000,2892.2000,2892.4000,4,4,2,1,3,1,1,1,1,2
SF,IH2006,2020-03-10 09:31:36.500,2890.2000,15401,-3,486898020.000,3,0,3,双平,S,2890.0000,2889.6000,2889.0000,2888.8000,2887.6000,2891.4000,2891.8000,2892.2000,2892.4000,2892.8000,2,2,1,3,1,1,1,1,2,1
SF,IH2006,2020-03-10 09:31:37.000,2890.0000,15400,-1,488632020.000,2,0,2,多平,S,2890.0000,2889.6000,2889.0000,2888.8000,2887.6000,2891.2000,2891.4000,2891.8000,2892.2000,2892.4000,2,2,1,3,1,1,1,1,1,2
SF,IH2006,2020-03-10 09:31:37.500,2890.0000,15399,-1,489499020.000,1,0,1,双平,S,2891.0000,2890.2000,2890.0000,2889.6000,2889.0000,2891.4000,2891.8000,2892.2000,2892.4000,2892.8000,4,2,1,4,1,1,1,1,2,1
SF,IH2006,2020-03-10 09:31:38.000,2891.0000,15394,-5,493835580.000,5,0,5,双平,S,2889.6000,2889.0000,2888.8000,2887.6000,2887.0000,2890.0000,2890.8000,2891.2000,2891.4000,2892.2000,2,1,3,1,2,1,1,1,1,1
SF,IH2006,2020-03-10 09:31:38.500,2890.2000,15393,-1,494702640.000,1,0,1,双平,S,2890.8000,2890.0000,2889.0000,2888.8000,2887.6000,2891.4000,2892.2000,2892.8000,2893.0000,2893.2000,1,1,1,3,1,1,1,1,4,3
SF,IH2006,2020-03-10 09:31:39.000,2890.2000,15393,0,494702640.000,0,-,-,-,-,2889.6000,2889.0000,2888.8000,2887.6000,2887.0000,2890.6000,2890.8000,2891.4000,2892.2000,2892.8000,1,1,3,1,2,2,1,1,1,1
SF,IH2006,2020-03-10 09:31:39.500,2890.8000,15390,-3,497304240.000,3,0,3,双平,S,2890.0000,2889.6000,2889.0000,2888.8000,2888.6000,2891.4000,2892.2000,2892.8000,2893.0000,2893.2000,2,3,1,3,1,1,1,1,4,3
SF,IH2006,2020-03-10 09:31:40.000,2890.8000,15390,0,497304240.000,0,-,-,-,-,2890.0000,2889.6000,2889.0000,2888.8000,2888.6000,2891.2000,2891.4000,2892.2000,2892.8000,2893.0000,1,1,1,3,1,1,1,1,1,4
SF,IH2006,2020-03-10 09:31:40.500,2890.8000,15390,0,497304240.000,0,-,-,-,-,2890.0000,2889.6000,2889.0000,2888.8000,2888.6000,2891.0000,2891.4000,2892.2000,2892.8000,2893.0000,1,1,1,3,1,1,2,1,1,3
SF,IH2006,2020-03-10 09:31:41.000,2890.8000,15390,0,497304240.000,0,-,-,-,-,2890.0000,2889.6000,2889.0000,2888.8000,2888.6000,2890.8000,2891.0000,2891.4000,2892.2000,2892.8000,1,1,1,3,1,1,1,2,1,1
SF,IH2006,2020-03-10 09:31:41.500,2889.6000,15389,-1,499038120.000,2,0,2,多平,S,2889.0000,2888.8000,2888.6000,2887.6000,2887.0000,2890.6000,2891.0000,2891.4000,2892.2000,2892.8000,1,3,1,1,2,1,1,2,1,1
SF,IH2006,2020-03-10 09:31:42.000,2889.6000,15389,0,499038120.000,0,-,-,-,-,2889.6000,2889.4000,2889.2000,2889.0000,2888.8000,2891.4000,2892.2000,2892.8000,2893.0000,2893.2000,4,2,10,1,3,2,1,1,3,3
SF,IH2006,2020-03-10 09:31:42.500,2889.6000,15389,0,499038120.000,0,-,-,-,-,2889.2000,2889.0000,2888.8000,2888.6000,2887.6000,2890.0000,2890.4000,2891.2000,2891.4000,2892.2000,3,1,3,1,1,1,1,3,2,1
SF,IH2006,2020-03-10 09:31:43.000,2889.6000,15389,0,499038120.000,0,-,-,-,-,2889.0000,2888.8000,2888.6000,2887.6000,2887.0000,2889.8000,2890.0000,2891.2000,2891.4000,2892.2000,1,3,1,1,2,2,1,2,2,1
SF,IH2006,2020-03-10 09:31:43.500,2889.8000,15388,-1,500771760.000,2,0,2,多平,S,2888.8000,2888.6000,2887.6000,2887.0000,2885.0000,2889.8000,2890.0000,2891.2000,2891.4000,2892.2000,3,1,1,2,3,1,2,2,2,1
SF,IH2006,2020-03-10 09:31:44.000,2889.8000,15388,0,500771760.000,0,-,-,-,-,2888.8000,2888.6000,2887.6000,2887.0000,2885.0000,2889.8000,2890.0000,2891.0000,2891.2000,2891.4000,3,1,1,2,3,1,2,2,2,2
SF,IH2006,2020-03-10 09:31:44.500,2889.8000,15387,-1,501638700.000,1,0,1,双平,S,2888.8000,2888.6000,2887.6000,2887.0000,2885.0000,2890.0000,2891.0000,2891.2000,2891.4000,2892.2000,3,1,1,2,3,2,2,2,2,1
SF,IH2006,2020-03-10 09:31:45.000,2889.8000,15387,0,501638700.000,0,-,-,-,-,2888.8000,2888.6000,2887.6000,2887.0000,2885.0000,2889.2000,2889.8000,2890.0000,2891.0000,2891.2000,3,1,1,2,3,1,1,2,2,2
SF,IH2006,2020-03-10 09:31:45.500,2889.4000,15386,-1,502505520.000,1,0,1,双平,S,2888.8000,2888.6000,2887.6000,2887.0000,2885.0000,2890.0000,2891.0000,2891.2000,2891.4000,2892.2000,3,1,1,2,3,3,2,2,1,1
SF,IH2006,2020-03-10 09:31:46.000,2888.8000,15386,0,504238980.000,2,1,1,多换,S,2888.8000,2888.6000,2887.6000,2887.0000,2885.0000,2889.8000,2890.0000,2891.0000,2891.2000,2891.4000,2,1,1,2,3,1,4,2,2,1
SF,IH2006,2020-03-10 09:31:46.500,2888.8000,15386,0,505105620.000,1,0,1,多换,S,2888.8000,2888.6000,2887.6000,2887.0000,2885.0000,2890.0000,2891.0000,2891.2000,2891.4000,2892.2000,1,1,1,2,3,4,2,2,1,1
SF,IH2006,2020-03-10 09:31:47.000,2888.8000,15386,0,505105620.000,0,-,-,-,-,2888.8000,2888.6000,2887.6000,2887.0000,2885.0000,2889.8000,2890.0000,2891.0000,2891.2000,2891.4000,1,1,1,2,3,1,4,2,2,1
SF,IH2006,2020-03-10 09:31:47.500,2888.8000,15386,0,505105620.000,0,-,-,-,-,2888.8000,2888.6000,2887.6000,2887.0000,2885.0000,2889.6000,2890.0000,2890.4000,2891.0000,2891.2000,1,1,1,2,3,1,4,1,2,2
SF,IH2006,2020-03-10 09:31:48.000,2889.0000,15384,-2,508572900.000,4,1,3,多平,S,2888.8000,2888.6000,2887.6000,2887.0000,2885.0000,2889.8000,2890.0000,2890.4000,2891.0000,2891.2000,1,1,1,2,3,1,3,1,2,2
SF,IH2006,2020-03-10 09:31:48.500,2889.8000,15383,-1,509439840.000,1,0,1,双平,S,2888.8000,2888.6000,2887.6000,2887.0000,2885.0000,2890.0000,2890.4000,2891.0000,2891.2000,2891.4000,1,5,1,2,3,3,1,2,2,1
SF,IH2006,2020-03-10 09:31:49.000,2889.0000,15381,-2,511173240.000,2,0,2,双平,S,2888.8000,2888.6000,2887.6000,2887.0000,2885.0000,2890.0000,2890.4000,2891.0000,2891.2000,2891.4000,1,1,1,2,3,3,1,2,2,1
SF,IH2006,2020-03-10 09:31:49.500,2888.8000,15381,0,512039880.000,1,0,1,多换,S,2888.6000,2887.6000,2887.0000,2885.0000,2878.6000,2888.8000,2890.0000,2890.4000,2891.0000,2891.2000,1,1,2,3,3,3,3,1,2,2
SF,IH2006,2020-03-10 09:31:50.000,2888.8000,15378,-3,514639800.000,3,0,3,双平,S,2887.6000,2887.0000,2885.0000,2878.6000,2875.6000,2890.0000,2890.4000,2891.0000,2891.2000,2891.4000,1,2,3,3,1,3,1,2,2,1
SF,IH2006,2020-03-10 09:31:50.500,2888.8000,15378,0,514639800.000,0,-,-,-,-,2888.6000,2888.2000,2887.8000,2887.6000,2887.0000,2888.8000,2889.8000,2890.0000,2890.4000,2891.0000,1,3,4,1,2,1,1,4,1,2
SF,IH2006,2020-03-10 09:31:51.000,2888.8000,15376,-2,517239660.000,3,0,3,多平,S,2888.8000,2888.2000,2887.8000,2887.6000,2887.0000,2890.0000,2891.0000,2891.2000,2891.4000,2892.2000,2,10,4,1,2,4,2,1,1,1
SF,IH2006,2020-03-10 09:31:51.500,2890.0000,15375,-1,518973600.000,2,0,2,多平,S,2888.8000,2888.2000,2887.8000,2887.6000,2887.0000,2890.0000,2891.0000,2891.2000,2891.4000,2892.2000,1,10,4,1,2,2,2,1,1,1
SF,IH2006,2020-03-10 09:31:52.000,2890.0000,15374,-1,519840600.000,1,0,1,双平,S,2888.8000,2888.2000,2887.8000,2887.6000,2887.0000,2890.0000,2891.0000,2891.2000,2891.4000,2892.2000,2,1,4,1,2,2,2,1,1,1
SF,IH2006,2020-03-10 09:31:52.500,2890.0000,15374,0,519840600.000,0,-,-,-,-,2888.8000,2888.2000,2887.8000,2887.6000,2887.0000,2889.8000,2890.0000,2891.0000,2891.2000,2891.4000,2,1,4,1,2,1,3,2,1,1
SF,IH2006,2020-03-10 09:31:53.000,2888.8000,15373,-1,520707240.000,1,0,1,双平,S,2888.2000,2887.8000,2887.6000,2887.0000,2886.6000,2888.8000,2890.0000,2891.0000,2891.2000,2891.4000,1,4,1,2,1,1,3,2,1,1
SF,IH2006,2020-03-10 09:31:53.500,2888.8000,15372,-1,521573880.000,1,0,1,双平,S,2887.8000,2887.6000,2887.0000,2886.6000,2885.0000,2889.6000,2890.0000,2891.0000,2891.2000,2891.4000,3,1,2,1,3,3,3,2,1,1
SF,IH2006,2020-03-10 09:31:54.000,2888.8000,15372,0,521573880.000,0,-,-,-,-,2888.0000,2887.6000,2887.0000,2886.6000,2885.0000,2889.4000,2889.6000,2890.0000,2891.0000,2891.2000,1,1,2,1,3,2,3,3,2,1
SF,IH2006,2020-03-10 09:31:54.500,2888.8000,15372,0,521573880.000,0,-,-,-,-,2887.6000,2887.0000,2886.6000,2885.0000,2878.6000,2889.4000,2889.6000,2890.0000,2891.0000,2891.2000,1,2,1,3,3,2,3,3,2,1
SF,IH2006,2020-03-10 09:31:55.000,2888.8000,15372,0,521573880.000,0,-,-,-,-,2887.8000,2887.6000,2887.2000,2887.0000,2886.6000,2889.4000,2889.6000,2890.0000,2891.0000,2891.2000,1,1,2,2,1,2,3,3,2,1
SF,IH2006,2020-03-10 09:31:55.500,2888.8000,15372,0,521573880.000,0,-,-,-,-,2887.6000,2887.0000,2886.6000,2885.0000,2878.6000,2889.4000,2889.6000,2890.0000,2891.0000,2891.2000,1,2,1,3,3,2,3,3,2,1
SF,IH2006,2020-03-10 09:31:56.000,2888.8000,15372,0,521573880.000,0,-,-,-,-,2887.6000,2887.0000,2886.6000,2885.0000,2878.6000,2889.4000,2889.6000,2890.0000,2891.0000,2891.2000,1,2,1,3,3,2,4,3,2,1
SF,IH2006,2020-03-10 09:31:56.500,2888.8000,15372,0,521573880.000,0,-,-,-,-,2887.8000,2887.6000,2887.0000,2886.6000,2885.0000,2889.4000,2889.6000,2890.0000,2891.0000,2891.2000,1,1,2,1,3,2,3,3,2,1
SF,IH2006,2020-03-10 09:31:57.000,2888.8000,15372,0,521573880.000,0,-,-,-,-,2887.6000,2887.0000,2886.6000,2885.0000,2878.6000,2889.4000,2889.6000,2890.0000,2891.0000,2891.2000,1,2,1,3,3,2,3,3,2,1
SF,IH2006,2020-03-10 09:31:57.500,2888.8000,15372,0,521573880.000,0,-,-,-,-,2887.8000,2887.6000,2887.0000,2886.6000,2885.0000,2889.4000,2889.6000,2890.0000,2891.0000,2891.2000,1,1,2,1,3,2,3,2,2,1
SF,IH2006,2020-03-10 09:31:58.000,2888.8000,15372,0,521573880.000,0,-,-,-,-,2887.0000,2886.6000,2885.0000,2878.6000,2875.6000,2887.8000,2889.0000,2889.4000,2889.6000,2890.0000,2,1,3,3,1,1,1,2,4,2
SF,IH2006,2020-03-10 09:31:58.500,2887.0000,15372,0,523306080.000,2,1,1,多换,S,2885.0000,2878.6000,2875.6000,2874.0000,2871.6000,2886.6000,2886.8000,2887.0000,2889.0000,2889.4000,3,3,1,1,1,1,3,1,1,1
SF,IH2006,2020-03-10 09:31:59.000,2885.2000,15370,-2,525903360.000,3,0,3,多平,S,2885.2000,2885.0000,2878.6000,2875.6000,2874.0000,2886.0000,2886.4000,2886.6000,2886.8000,2887.0000,1,3,3,1,1,5,2,1,3,1
SF,IH2006,2020-03-10 09:31:59.500,2885.0000,15369,-1,529365480.000,4,1,3,多平,S,2886.4000,2885.4000,2885.0000,2878.6000,2875.6000,2886.6000,2887.0000,2889.4000,2889.6000,2890.0000,1,1,1,3,1,1,1,1,3,2
SF,IH2006,2020-03-10 09:32:00.000,2886.4000,15365,-4,532829160.000,4,0,4,双平,S,2885.0000,2878.6000,2875.6000,2874.0000,2871.6000,2887.0000,2889.4000,2889.6000,2890.0000,2890.2000,1,3,1,1,1,1,1,3,2,2
SF,IH2006,2020-03-10 09:32:00.500,2886.4000,15365,0,532829160.000,0,-,-,-,-,2885.8000,2885.2000,2885.0000,2878.6000,2875.6000,2886.8000,2887.0000,2889.6000,2890.0000,2890.2000,1,2,1,3,1,3,1,3,2,2
SF,IH2006,2020-03-10 09:32:01.000,2886.4000,15365,0,532829160.000,0,-,-,-,-,2885.8000,2885.0000,2878.6000,2875.6000,2874.0000,2886.8000,2887.0000,2888.0000,2889.6000,2890.0000,1,1,3,1,1,1,1,1,3,2
SF,IH2006,2020-03-10 09:32:01.500,2885.8000,15365,0,533694900.000,1,0,1,多换,S,2885.8000,2885.0000,2878.6000,2875.6000,2874.0000,2886.8000,2887.0000,2888.0000,2889.6000,2890.0000,1,1,3,1,1,1,1,1,3,1
SF,IH2006,2020-03-10 09:32:02.000,2886.6000,15363,-2,535426620.000,2,0,2,双平,S,2885.0000,2878.6000,2875.6000,2874.0000,2871.6000,2885.2000,2886.8000,2887.0000,2888.0000,2889.6000,1,3,1,1,1,2,1,1,1,3
SF,IH2006,2020-03-10 09:32:02.500,2885.4000,15361,-2,537157860.000,2,0,2,双平,S,2885.6000,2885.2000,2885.0000,2878.6000,2875.6000,2885.8000,2887.0000,2888.0000,2889.6000,2890.0000,1,4,1,3,1,1,1,1,3,1
SF,IH2006,2020-03-10 09:32:03.000,2885.6000,15358,-3,540620700.000,4,0,4,多平,S,2885.2000,2885.0000,2878.6000,2875.6000,2874.0000,2886.4000,2887.0000,2888.0000,2889.6000,2890.0000,3,1,3,1,1,2,1,1,3,1
SF,IH2006,2020-03-10 09:32:03.500,2885.4000,15357,-1,541486320.000,1,0,1,双平,S,2885.0000,2878.6000,2875.6000,2874.0000,2871.6000,2886.2000,2887.0000,2888.0000,2889.6000,2891.0000,1,3,1,1,1,2,1,1,3,2
SF,IH2006,2020-03-10 09:32:04.000,2885.4000,15357,0,541486320.000,0,-,-,-,-,2885.8000,2885.0000,2878.6000,2875.6000,2874.0000,2886.2000,2887.0000,2888.0000,2889.6000,2891.0000,4,1,3,1,1,3,1,1,3,2
SF,IH2006,2020-03-10 09:32:04.500,2885.8000,15357,0,544949100.000,4,2,2,多换,S,2885.0000,2880.2000,2878.6000,2875.6000,2874.0000,2886.0000,2886.2000,2887.0000,2888.0000,2889.6000,1,1,3,1,1,1,2,1,1,3
SF,IH2006,2020-03-10 09:32:05.000,2885.8000,15355,-2,547546320.000,3,0,3,多平,S,2885.0000,2880.2000,2878.6000,2875.6000,2874.0000,2886.0000,2886.2000,2887.0000,2888.0000,2889.6000,1,1,3,1,1,1,1,1,1,3
SF,IH2006,2020-03-10 09:32:05.500,2885.8000,15353,-2,549277800.000,2,0,2,双平,S,2885.0000,2880.2000,2878.6000,2875.6000,2874.0000,2885.6000,2886.2000,2887.0000,2888.0000,2889.6000,1,1,3,1,1,1,1,1,1,3
SF,IH2006,2020-03-10 09:32:06.000,2885.6000,15353,0,550143480.000,1,0,1,多换,S,2885.8000,2885.6000,2885.0000,2880.2000,2878.6000,2886.2000,2887.0000,2888.0000,2889.6000,2891.0000,2,2,1,1,3,1,1,1,3,2
SF,IH2006,2020-03-10 09:32:06.500,2885.8000,15350,-3,553606800.000,4,0,4,多平,S,2885.6000,2885.0000,2884.6000,2880.2000,2878.6000,2886.4000,2888.0000,2889.6000,2891.0000,2891.4000,2,1,1,1,3,2,1,3,2,1
SF,IH2006,2020-03-10 09:32:07.000,2886.2000,15349,-1,554472660.000,1,0,1,双平,S,2885.6000,2885.0000,2884.6000,2883.6000,2880.2000,2885.8000,2888.0000,2889.6000,2891.0000,2891.4000,1,1,1,1,1,1,1,3,2,1
SF,IH2006,2020-03-10 09:32:07.500,2885.8000,15347,-2,557069880.000,3,0,3,多平,S,2885.6000,2885.0000,2884.6000,2883.6000,2880.2000,2886.0000,2888.0000,2889.6000,2891.0000,2891.4000,1,1,1,1,1,1,1,3,2,1
SF,IH2006,2020-03-10 09:32:08.500,2885.6000,15346,-1,558801240.000,2,0,2,多平,S,2885.0000,2884.6000,2883.6000,2880.2000,2878.6000,2886.0000,2888.0000,2889.6000,2891.0000,2891.4000,1,1,1,1,3,1,1,3,2,1
SF,IH2006,2020-03-10 09:32:09.000,2885.0000,15346,0,559666740.000,1,0,1,多换,S,2883.6000,2880.2000,2878.6000,2875.6000,2874.0000,2885.0000,2886.0000,2888.0000,2889.6000,2891.0000,1,1,3,1,1,1,1,1,3,2
SF,IH2006,2020-03-10 09:32:09.500,2885.0000,15345,-1,560532240.000,1,0,1,双平,S,2884.2000,2884.0000,2883.8000,2882.4000,2880.2000,2886.0000,2888.0000,2889.6000,2891.0000,2891.4000,1,1,1,1,1,1,1,3,2,1
SF,IH2006,2020-03-10 09:32:10.000,2885.0000,15345,0,560532240.000,0,-,-,-,-,2882.4000,2880.2000,2878.6000,2875.6000,2874.0000,2885.8000,2886.0000,2888.0000,2889.6000,2891.0000,1,1,3,1,1,4,1,1,3,2
SF,IH2006,2020-03-10 09:32:10.500,2885.0000,15345,0,560532240.000,0,-,-,-,-,2882.6000,2882.4000,2880.8000,2880.2000,2878.6000,2885.0000,2885.2000,2885.4000,2885.8000,2886.0000,3,9,1,1,3,1,1,2,4,1
SF,IH2006,2020-03-10 09:32:11.000,2885.0000,15345,0,560532240.000,0,-,-,-,-,2883.2000,2882.8000,2882.6000,2882.4000,2880.8000,2884.6000,2884.8000,2885.0000,2885.4000,2885.8000,1,3,2,1,1,1,1,1,1,1
SF,IH2006,2020-03-10 09:32:11.500,2885.0000,15345,0,560532240.000,0,-,-,-,-,2882.8000,2882.4000,2880.2000,2878.6000,2875.6000,2884.4000,2884.6000,2884.8000,2885.0000,2885.4000,2,1,1,3,1,2,1,1,1,1
SF,IH2006,2020-03-10 09:32:12.000,2885.0000,15345,0,560532240.000,0,-,-,-,-,2883.0000,2882.4000,2880.2000,2878.6000,2875.6000,2884.2000,2884.8000,2885.0000,2885.4000,2885.8000,1,1,1,3,1,1,1,1,2,1
SF,IH2006,2020-03-10 09:32:12.500,2885.0000,15345,0,560532240.000,0,-,-,-,-,2880.2000,2878.6000,2875.6000,2874.0000,2871.6000,2883.0000,2884.0000,2884.2000,2884.8000,2885.0000,1,3,1,1,1,2,2,1,1,1
SF,IH2006,2020-03-10 09:32:13.000,2885.0000,15345,0,560532240.000,0,-,-,-,-,2881.2000,2880.8000,2880.6000,2880.4000,2880.2000,2882.8000,2883.0000,2884.6000,2885.0000,2885.4000,2,1,1,3,2,1,2,1,1,3
SF,IH2006,2020-03-10 09:32:13.500,2882.6000,15343,-2,562261440.000,2,0,2,双平,S,2881.4000,2880.8000,2880.4000,2880.2000,2880.0000,2882.6000,2882.8000,2883.0000,2884.6000,2885.0000,1,1,3,1,1,1,1,1,1,1
SF,IH2006,2020-03-10 09:32:14.000,2882.6000,15343,0,562261440.000,0,-,-,-,-,2880.4000,2880.2000,2880.0000,2878.6000,2875.6000,2882.4000,2882.8000,2883.0000,2883.8000,2884.6000,3,1,1,3,1,4,1,1,2,1
SF,IH2006,2020-03-10 09:32:14.500,2882.6000,15343,0,562261440.000,0,-,-,-,-,2880.8000,2880.6000,2880.4000,2880.2000,2880.0000,2882.2000,2882.4000,2883.0000,2884.6000,2885.0000,2,1,4,1,2,1,3,1,1,1
SF,IH2006,2020-03-10 09:32:15.000,2882.2000,15342,-1,563126100.000,1,0,1,双平,S,2881.0000,2880.8000,2880.4000,2880.2000,2880.0000,2882.4000,2883.0000,2885.4000,2885.8000,2886.0000,2,2,3,1,2,3,1,1,1,1
SF,IH2006,2020-03-10 09:32:15.500,2882.4000,15341,-1,563990820.000,1,0,1,双平,S,2881.2000,2881.0000,2880.8000,2880.4000,2880.2000,2882.4000,2883.0000,2883.6000,2885.4000,2885.8000,2,2,2,3,1,2,1,2,1,1
SF,IH2006,2020-03-10 09:32:16.000,2881.4000,15336,-5,568313760.000,5,0,5,双平,S,2881.4000,2881.2000,2880.8000,2880.4000,2880.2000,2883.0000,2884.4000,2885.4000,2885.8000,2886.0000,3,3,1,1,1,1,1,1,1,1
SF,IH2006,2020-03-10 09:32:16.500,2881.4000,15336,0,568313760.000,0,-,-,-,-,2881.4000,2880.8000,2880.4000,2880.2000,2880.0000,2882.8000,2883.8000,2884.4000,2885.4000,2885.8000,1,1,1,2,2,4,2,1,1,1
SF,IH2006,2020-03-10 09:32:17.000,2881.4000,15336,0,568313760.000,0,-,-,-,-,2880.8000,2880.4000,2880.2000,2880.0000,2878.6000,2882.8000,2884.4000,2885.8000,2886.0000,2888.0000,1,1,2,2,3,4,1,1,1,1
SF,IH2006,2020-03-10 09:32:17.500,2881.4000,15336,0,568313760.000,0,-,-,-,-,2881.0000,2880.4000,2880.2000,2880.0000,2878.6000,2882.6000,2882.8000,2884.4000,2885.8000,2886.0000,2,1,2,2,3,1,1,1,1,1
SF,IH2006,2020-03-10 09:32:18.000,2882.6000,15333,-3,570907560.000,3,0,3,双平,S,2880.4000,2880.2000,2880.0000,2878.6000,2875.6000,2882.4000,2882.6000,2882.8000,2883.4000,2884.4000,1,2,1,3,1,1,1,2,2,1
SF,IH2006,2020-03-10 09:32:18.500,2882.6000,15333,0,570907560.000,0,-,-,-,-,2880.6000,2880.4000,2880.2000,2880.0000,2878.6000,2882.2000,2884.4000,2885.8000,2886.0000,2888.0000,2,1,2,1,3,2,1,1,1,1
SF,IH2006,2020-03-10 09:32:19.000,2882.6000,15333,0,570907560.000,0,-,-,-,-,2880.6000,2880.4000,2880.2000,2880.0000,2878.6000,2882.2000,2884.4000,2885.8000,2886.0000,2888.0000,2,1,2,1,3,2,1,1,1,1
SF,IH2006,2020-03-10 09:32:19.500,2882.6000,15333,0,570907560.000,0,-,-,-,-,2881.0000,2880.8000,2880.6000,2880.4000,2880.2000,2882.2000,2884.4000,2885.0000,2885.8000,2886.0000,1,2,2,1,2,2,1,1,1,1
SF,IH2006,2020-03-10 09:32:20.000,2882.6000,15333,0,570907560.000,0,-,-,-,-,2882.2000,2881.2000,2881.0000,2880.8000,2880.6000,2884.4000,2885.0000,2885.8000,2886.0000,2888.0000,1,3,1,1,1,1,1,1,1,1
SF,IH2006,2020-03-10 09:32:20.500,2882.2000,15332,-1,571772220.000,1,0,1,双平,S,2881.2000,2880.8000,2880.4000,2880.2000,2880.0000,2883.6000,2884.0000,2884.2000,2884.4000,2885.0000,1,2,1,1,1,1,2,1,8,1
SF,IH2006,2020-03-10 09:32:21.000,2882.2000,15332,0,571772220.000,0,-,-,-,-,2881.4000,2880.8000,2880.4000,2880.2000,2880.0000,2883.4000,2883.6000,2884.0000,2884.4000,2885.0000,1,2,1,1,1,2,4,1,6,1
SF,IH2006,2020-03-10 09:32:21.500,2882.2000,15332,0,571772220.000,0,-,-,-,-,2881.4000,2880.8000,2880.4000,2880.2000,2880.0000,2883.0000,2883.2000,2883.4000,2883.6000,2884.4000,1,1,1,1,1,2,3,1,2,1
SF,IH2006,2020-03-10 09:32:22.000,2882.2000,15332,0,571772220.000,0,-,-,-,-,2881.6000,2881.4000,2880.8000,2880.4000,2880.2000,2882.8000,2883.0000,2883.4000,2883.6000,2884.4000,1,1,1,1,1,1,1,1,2,1
SF,IH2006,2020-03-10 09:32:22.500,2883.0000,15331,-1,573501960.000,2,0,2,多平,S,2883.2000,2883.0000,2881.8000,2881.4000,2880.8000,2883.4000,2883.6000,2884.4000,2885.0000,2885.8000,1,1,2,1,1,1,1,1,2,1
SF,IH2006,2020-03-10 09:32:23.000,2883.2000,15330,-1,574366920.000,1,0,1,双平,S,2880.4000,2880.2000,2880.0000,2878.6000,2875.6000,2883.2000,2884.4000,2885.0000,2885.8000,2886.0000,1,1,1,3,1,2,1,2,1,1
SF,IH2006,2020-03-10 09:32:23.500,2883.2000,15330,0,574366920.000,0,-,-,-,-,2882.0000,2881.6000,2881.2000,2880.8000,2880.6000,2883.0000,2883.2000,2884.4000,2885.0000,2885.8000,1,1,3,3,5,1,2,1,2,1
SF,IH2006,2020-03-10 09:32:24.000,2883.0000,15329,-1,575231820.000,1,0,1,双平,S,2882.2000,2882.0000,2881.6000,2881.2000,2880.8000,2883.2000,2884.4000,2885.0000,2885.8000,2886.0000,1,1,1,3,3,2,1,2,1,1
SF,IH2006,2020-03-10 09:32:24.500,2882.4000,15328,-1,576096540.000,1,0,1,双平,S,2881.2000,2880.8000,2880.6000,2880.4000,2880.2000,2883.2000,2884.2000,2884.4000,2885.0000,2885.8000,3,2,5,2,1,2,5,3,2,1
SF,IH2006,2020-03-10 09:32:25.000,2882.4000,15328,0,576096540.000,0,-,-,-,-,2881.4000,2880.8000,2880.6000,2880.4000,2880.2000,2883.0000,2883.2000,2884.2000,2884.4000,2885.0000,2,1,4,1,1,1,2,5,3,2
SF,IH2006,2020-03-10 09:32:25.500,2881.4000,15327,-1,576960960.000,1,0,1,双平,S,2880.6000,2880.4000,2880.2000,2880.0000,2878.6000,2881.4000,2882.2000,2882.6000,2882.8000,2883.2000,3,1,1,1,3,1,3,1,3,5
SF,IH2006,2020-03-10 09:32:26.000,2880.8000,15324,-3,579553680.000,3,0,3,双平,S,2880.4000,2880.2000,2880.0000,2878.6000,2875.6000,2882.2000,2882.6000,2882.8000,2883.2000,2885.0000,1,1,1,3,1,10,1,1,3,2
SF,IH2006,2020-03-10 09:32:26.500,2882.0000,15324,0,582147000.000,3,1,2,多换,S,2880.2000,2880.0000,2878.6000,2875.6000,2874.0000,2882.0000,2882.2000,2882.4000,2883.2000,2885.0000,1,1,3,1,1,3,10,8,3,2
SF,IH2006,2020-03-10 09:32:27.000,2880.0000,15323,-1,583875060.000,2,0,2,多平,S,2878.6000,2875.6000,2874.0000,2873.4000,2870.0000,2880.2000,2881.0000,2881.8000,2882.0000,2882.8000,3,1,1,1,6,1,1,1,2,7
SF,IH2006,2020-03-10 09:32:27.500,2880.0000,15323,0,583875060.000,0,-,-,-,-,2880.2000,2879.8000,2879.4000,2879.2000,2879.0000,2881.0000,2883.2000,2885.0000,2885.8000,2886.0000,1,1,1,1,1,1,2,2,1,1
SF,IH2006,2020-03-10 09:32:28.000,2880.2000,15321,-2,585603420.000,2,0,2,双平,S,2878.8000,2878.6000,2875.6000,2874.0000,2873.4000,2880.2000,2882.2000,2882.4000,2883.2000,2885.0000,4,3,1,1,1,2,5,2,2,2
SF,IH2006,2020-03-10 09:32:28.500,2880.2000,15318,-3,589059660.000,4,0,4,多平,S,2880.2000,2879.0000,2878.8000,2878.6000,2875.6000,2881.0000,2882.4000,2883.2000,2885.0000,2885.8000,3,4,4,3,1,5,2,2,2,1
SF,IH2006,2020-03-10 09:32:29.000,2880.8000,15315,-3,591652020.000,3,0,3,双平,S,2879.0000,2878.8000,2878.6000,2875.6000,2874.0000,2881.2000,2882.4000,2883.2000,2885.0000,2885.8000,2,2,3,1,1,5,2,2,2,1
SF,IH2006,2020-03-10 09:32:29.500,2880.8000,15315,0,591652020.000,0,-,-,-,-,2879.2000,2879.0000,2878.6000,2875.6000,2874.0000,2881.0000,2883.2000,2885.0000,2885.8000,2886.0000,5,2,3,1,1,5,2,2,1,1
SF,IH2006,2020-03-10 09:32:30.000,2880.8000,15315,0,591652020.000,0,-,-,-,-,2879.4000,2879.2000,2879.0000,2878.6000,2875.6000,2880.0000,2881.2000,2883.2000,2885.0000,2885.8000,1,4,2,3,1,1,5,2,2,1
SF,IH2006,2020-03-10 09:32:30.500,2880.0000,15314,-1,592516020.000,1,0,1,双平,S,2880.4000,2880.0000,2879.8000,2879.6000,2879.2000,2881.2000,2881.4000,2883.2000,2885.0000,2885.8000,1,1,4,4,3,5,2,1,2,1
SF,IH2006,2020-03-10 09:32:31.000,2880.4000,15313,-1,593380140.000,1,0,1,双平,S,2879.6000,2879.0000,2878.6000,2878.0000,2875.6000,2880.4000,2881.2000,2881.4000,2883.0000,2883.2000,3,1,3,1,1,1,5,2,1,1
SF,IH2006,2020-03-10 09:32:31.500,2879.6000,15313,0,594244020.000,1,0,1,多换,S,2879.0000,2878.6000,2878.0000,2875.6000,2873.4000,2880.2000,2881.2000,2881.4000,2883.0000,2883.2000,1,3,1,1,1,1,5,2,1,1
SF,IH2006,2020-03-10 09:32:32.000,2881.2000,15312,-1,595108380.000,1,0,1,双平,S,2879.4000,2879.2000,2879.0000,2878.6000,2878.0000,2881.2000,2881.4000,2883.0000,2883.2000,2885.0000,1,3,1,3,1,4,2,1,1,2
SF,IH2006,2020-03-10 09:32:32.500,2880.0000,15312,0,595972380.000,1,0,1,多换,S,2880.0000,2879.6000,2879.2000,2879.0000,2878.6000,2880.8000,2881.0000,2881.4000,2883.0000,2883.2000,2,1,1,1,3,1,3,2,1,1
SF,IH2006,2020-03-10 09:32:33.000,2880.0000,15312,0,597700380.000,2,1,1,多换,S,2879.0000,2878.6000,2878.0000,2875.6000,2873.4000,2880.0000,2880.6000,2880.8000,2881.4000,2883.0000,1,3,1,1,1,1,2,1,6,1
SF,IH2006,2020-03-10 09:32:33.500,2880.0000,15312,0,597700380.000,0,-,-,-,-,2879.2000,2879.0000,2878.6000,2878.0000,2875.6000,2880.0000,2880.6000,2881.4000,2883.0000,2885.0000,3,1,3,1,1,1,1,6,1,2
SF,IH2006,2020-03-10 09:32:34.000,2879.0000,15310,-2,601155360.000,4,1,3,多平,S,2878.6000,2878.0000,2875.6000,2873.4000,2871.2000,2879.2000,2879.8000,2880.0000,2881.4000,2883.0000,3,1,1,1,1,2,2,5,6,1
SF,IH2006,2020-03-10 09:32:34.500,2879.0000,15310,0,601155360.000,0,-,-,-,-,2878.6000,2878.0000,2875.6000,2873.4000,2871.2000,2879.0000,2879.8000,2880.0000,2883.0000,2885.0000,3,1,1,1,1,1,4,5,1,2
SF,IH2006,2020-03-10 09:32:35.000,2879.0000,15310,0,604609980.000,4,2,2,多换,S,2878.6000,2878.0000,2875.6000,2873.4000,2871.2000,2879.8000,2880.0000,2883.0000,2885.0000,2885.8000,2,1,1,1,1,4,4,1,2,1
SF,IH2006,2020-03-10 09:32:35.500,2878.8000,15307,-3,607200900.000,3,0,3,双平,S,2878.8000,2878.6000,2878.0000,2875.6000,2873.4000,2879.2000,2879.6000,2879.8000,2880.0000,2881.0000,1,2,1,1,1,1,2,4,6,1
SF,IH2006,2020-03-10 09:32:36.000,2878.0000,15306,-1,610655100.000,4,1,3,多平,S,2875.6000,2873.4000,2871.2000,2870.0000,2866.0000,2878.6000,2879.2000,2879.8000,2880.0000,2881.0000,1,1,1,6,3,1,1,4,6,1
SF,IH2006,2020-03-10 09:32:36.500,2878.6000,15307,1,611518680.000,1,1,0,双开,S,2876.4000,2876.0000,2875.8000,2875.6000,2873.4000,2878.6000,2879.2000,2879.8000,2880.0000,2881.0000,2,1,3,5,1,1,1,4,6,1
SF,IH2006,2020-03-10 09:32:37.000,2878.6000,15307,0,612382260.000,1,0,1,多换,S,2876.8000,2876.6000,2876.4000,2875.6000,2873.4000,2879.2000,2879.8000,2880.0000,2881.0000,2883.0000,2,4,1,4,1,1,4,6,1,1
SF,IH2006,2020-03-10 09:32:37.500,2879.2000,15306,-1,614109780.000,2,0,2,多平,S,2878.2000,2877.6000,2877.0000,2876.8000,2876.6000,2879.8000,2880.0000,2880.2000,2881.0000,2883.0000,1,2,10,1,1,4,2,2,1,1
SF,IH2006,2020-03-10 09:32:38.000,2879.2000,15306,0,614109780.000,0,-,-,-,-,2878.4000,2878.2000,2877.0000,2876.8000,2876.6000,2878.6000,2879.6000,2880.0000,2881.0000,2883.0000,5,1,6,1,1,6,4,5,1,1
SF,IH2006,2020-03-10 09:32:38.500,2879.6000,15300,-6,620155140.000,7,0,7,多平,S,2879.0000,2878.8000,2878.6000,2878.4000,2878.2000,2880.0000,2881.0000,2883.0000,2885.0000,2885.8000,2,1,17,3,1,3,1,1,2,1
SF,IH2006,2020-03-10 09:32:39.000,2880.0000,15297,-3,622747140.000,3,0,3,双平,S,2880.2000,2880.0000,2879.2000,2879.0000,2878.6000,2881.0000,2881.4000,2883.0000,2885.0000,2885.8000,10,1,2,1,3,1,5,1,2,1
SF,IH2006,2020-03-10 09:32:39.500,2881.0000,15291,-6,628796700.000,7,0,7,多平,S,2881.2000,2881.0000,2880.4000,2880.0000,2879.0000,2881.6000,2881.8000,2883.0000,2885.0000,2885.8000,4,1,1,1,1,3,2,1,2,1
SF,IH2006,2020-03-10 09:32:40.000,2881.2000,15287,-4,633118440.000,5,0,5,多平,S,2880.0000,2879.0000,2878.4000,2878.2000,2877.0000,2882.0000,2882.2000,2883.0000,2885.0000,2885.8000,1,1,2,1,5,3,2,1,2,1
SF,IH2006,2020-03-10 09:32:40.500,2881.8000,15287,0,634847040.000,2,1,1,多换,S,2880.2000,2880.0000,2879.8000,2879.0000,2878.2000,2882.4000,2882.6000,2883.0000,2885.0000,2885.8000,4,1,3,1,1,3,2,1,2,1
SF,IH2006,2020-03-10 09:32:41.000,2881.8000,15287,0,634847040.000,0,-,-,-,-,2880.8000,2880.6000,2880.4000,2880.2000,2880.0000,2882.4000,2882.8000,2883.0000,2885.0000,2885.8000,1,1,3,1,2,3,2,1,2,1
SF,IH2006,2020-03-10 09:32:41.500,2882.4000,15285,-2,636576480.000,2,0,2,双平,S,2881.0000,2880.8000,2880.4000,2880.2000,2880.0000,2883.0000,2885.0000,2885.8000,2886.0000,2891.0000,3,1,3,1,2,1,2,1,1,2
SF,IH2006,2020-03-10 09:32:42.000,2882.4000,15285,0,636576480.000,0,-,-,-,-,2881.8000,2881.4000,2881.2000,2881.0000,2880.8000,2883.0000,2884.4000,2885.0000,2885.8000,2886.0000,1,1,9,1,1,1,3,2,1,1
SF,IH2006,2020-03-10 09:32:42.500,2882.8000,15283,-2,639170700.000,3,0,3,多平,S,2881.2000,2879.0000,2877.4000,2876.6000,2875.6000,2882.8000,2883.0000,2883.2000,2884.2000,2885.0000,5,1,1,1,1,1,3,1,2,2
SF,IH2006,2020-03-10 09:32:43.000,2882.8000,15283,0,639170700.000,0,-,-,-,-,2881.6000,2881.4000,2881.2000,2879.0000,2877.4000,2882.8000,2883.0000,2885.0000,2885.8000,2886.0000,2,5,3,1,1,1,1,2,1,1
SF,IH2006,2020-03-10 09:32:43.500,2881.8000,15282,-1,640900080.000,2,0,2,多平,S,2881.8000,2881.4000,2881.2000,2879.0000,2877.4000,2883.0000,2885.0000,2885.8000,2886.0000,2891.0000,3,1,3,1,1,1,2,1,1,2
SF,IH2006,2020-03-10 09:32:44.000,2881.8000,15282,0,640900080.000,0,-,-,-,-,2881.8000,2881.2000,2879.0000,2877.4000,2876.6000,2883.0000,2885.0000,2885.8000,2886.0000,2891.0000,1,1,1,1,1,1,2,1,1,2
SF,IH2006,2020-03-10 09:32:44.500,2881.8000,15282,0,641764620.000,1,0,1,多换,S,2882.0000,2881.2000,2879.0000,2877.4000,2876.6000,2883.0000,2885.0000,2885.8000,2886.0000,2891.0000,1,1,1,1,1,1,2,1,1,2
SF,IH2006,2020-03-10 09:32:45.000,2883.0000,15282,0,642629520.000,1,0,1,多换,S,2881.2000,2879.0000,2877.4000,2876.6000,2875.6000,2885.0000,2885.8000,2886.0000,2891.0000,2891.4000,1,1,1,1,1,2,1,1,2,1
SF,IH2006,2020-03-10 09:32:45.500,2883.0000,15282,0,642629520.000,0,-,-,-,-,2882.0000,2881.8000,2881.6000,2881.4000,2881.2000,2884.6000,2885.0000,2885.8000,2886.0000,2886.2000,1,2,2,2,4,2,2,1,3,1
SF,IH2006,2020-03-10 09:32:46.000,2883.0000,15282,0,642629520.000,0,-,-,-,-,2883.4000,2882.2000,2882.0000,2881.6000,2881.4000,2884.6000,2884.8000,2885.0000,2885.8000,2886.0000,1,1,1,2,2,1,4,2,1,3
SF,IH2006,2020-03-10 09:32:46.500,2883.4000,15281,-1,643494540.000,1,0,1,双平,S,2883.0000,2882.2000,2881.6000,2881.4000,2881.2000,2884.4000,2884.6000,2885.0000,2885.8000,2886.0000,6,1,1,2,3,1,1,2,1,3
SF,IH2006,2020-03-10 09:32:47.000,2884.2000,15281,0,646954500.000,4,2,2,多换,S,2883.0000,2882.2000,2881.4000,2881.2000,2879.0000,2884.4000,2884.6000,2885.0000,2885.8000,2886.0000,3,1,2,2,1,1,1,2,1,3
SF,IH2006,2020-03-10 09:32:47.500,2883.0000,15281,0,649549200.000,3,1,2,多换,S,2882.2000,2881.4000,2881.2000,2879.0000,2877.4000,2884.2000,2884.4000,2885.0000,2885.8000,2886.0000,1,2,2,1,1,3,1,2,1,3
SF,IH2006,2020-03-10 09:32:48.000,2884.0000,15281,0,650414400.000,1,0,1,多换,S,2882.4000,2882.2000,2881.4000,2881.2000,2877.4000,2884.0000,2885.0000,2885.8000,2886.0000,2891.0000,2,1,2,2,1,1,2,1,1,2
SF,IH2006,2020-03-10 09:32:48.500,2884.0000,15280,-1,651279600.000,1,0,1,双平,S,2882.8000,2882.6000,2882.2000,2881.4000,2881.2000,2885.0000,2885.8000,2886.0000,2891.0000,2891.4000,2,4,1,2,1,2,1,1,2,1
SF,IH2006,2020-03-10 09:32:49.000,2884.0000,15280,0,651279600.000,0,-,-,-,-,2883.2000,2883.0000,2881.2000,2877.4000,2875.6000,2885.0000,2885.4000,2885.8000,2886.0000,2891.0000,3,4,1,1,1,2,3,1,1,2
SF,IH2006,2020-03-10 09:32:49.500,2884.0000,15280,0,651279600.000,0,-,-,-,-,2883.4000,2883.0000,2881.2000,2877.4000,2875.6000,2884.0000,2885.0000,2885.4000,2885.8000,2886.0000,3,3,1,1,1,1,2,3,1,1
SF,IH2006,2020-03-10 09:32:50.000,2884.0000,15280,0,651279600.000,0,-,-,-,-,2883.0000,2881.2000,2877.4000,2875.6000,2873.4000,2884.0000,2885.0000,2885.4000,2885.8000,2886.0000,3,1,1,1,1,1,2,3,1,1
SF,IH2006,2020-03-10 09:32:50.500,2883.8000,15278,-2,653009640.000,2,0,2,双平,S,2881.2000,2877.4000,2875.6000,2873.4000,2871.2000,2884.0000,2885.0000,2885.4000,2885.8000,2886.0000,1,1,1,1,1,1,2,3,1,1
SF,IH2006,2020-03-10 09:32:51.000,2883.8000,15278,0,653009640.000,0,-,-,-,-,2882.0000,2881.6000,2881.4000,2881.2000,2881.0000,2884.0000,2885.0000,2885.4000,2885.8000,2886.0000,1,1,3,3,10,1,2,3,1,1
SF,IH2006,2020-03-10 09:32:51.500,2883.8000,15278,0,653009640.000,0,-,-,-,-,2882.2000,2882.0000,2881.6000,2881.4000,2881.2000,2884.0000,2885.0000,2885.4000,2885.8000,2886.0000,3,2,1,2,3,1,2,3,1,1
SF,IH2006,2020-03-10 09:32:52.000,2884.0000,15277,-1,653874840.000,1,0,1,双平,S,2882.6000,2882.4000,2882.2000,2882.0000,2881.6000,2884.8000,2885.0000,2885.4000,2885.8000,2886.0000,1,4,1,1,1,1,2,2,1,1
SF,IH2006,2020-03-10 09:32:52.500,2884.0000,15277,0,653874840.000,0,-,-,-,-,2883.0000,2882.8000,2882.6000,2882.0000,2881.6000,2885.0000,2885.4000,2885.8000,2886.0000,2891.0000,2,5,1,1,1,2,3,1,1,2
SF,IH2006,2020-03-10 09:32:53.000,2884.0000,15277,0,653874840.000,0,-,-,-,-,2883.2000,2882.8000,2882.6000,2882.0000,2881.6000,2884.8000,2885.0000,2885.4000,2885.8000,2886.0000,5,2,2,1,1,1,2,3,1,1
SF,IH2006,2020-03-10 09:32:53.500,2884.0000,15277,0,653874840.000,0,-,-,-,-,2883.4000,2883.2000,2882.8000,2882.6000,2882.0000,2884.8000,2885.0000,2885.4000,2885.8000,2886.0000,2,1,2,2,2,1,2,3,1,1
SF,IH2006,2020-03-10 09:32:54.000,2884.0000,15277,0,653874840.000,0,-,-,-,-,2883.6000,2883.2000,2882.8000,2882.6000,2882.0000,2884.8000,2885.0000,2885.4000,2885.8000,2886.0000,2,1,1,2,2,1,2,3,1,1
SF,IH2006,2020-03-10 09:32:54.500,2884.0000,15277,0,653874840.000,0,-,-,-,-,2883.8000,2883.2000,2882.8000,2882.6000,2882.0000,2884.8000,2885.0000,2885.4000,2885.8000,2886.0000,2,1,1,1,2,1,2,3,1,1
SF,IH2006,2020-03-10 09:32:55.000,2883.8000,15275,-2,655605120.000,2,0,2,双平,S,2883.6000,2883.2000,2882.8000,2882.6000,2882.0000,2884.8000,2885.0000,2885.4000,2885.8000,2886.0000,1,1,1,1,2,1,2,3,1,1
SF,IH2006,2020-03-10 09:32:55.500,2883.8000,15275,0,655605120.000,0,-,-,-,-,2883.6000,2883.2000,2883.0000,2882.8000,2882.6000,2884.6000,2884.8000,2885.0000,2885.4000,2885.8000,1,1,1,1,1,1,1,2,3,1
SF,IH2006,2020-03-10 09:32:56.000,2883.8000,15275,0,655605120.000,0,-,-,-,-,2883.8000,2883.6000,2883.2000,2883.0000,2882.8000,2884.8000,2885.0000,2885.4000,2885.6000,2885.8000,2,1,1,1,1,1,2,2,1,1
SF,IH2006,2020-03-10 09:32:56.500,2884.4000,15274,-1,656470440.000,1,0,1,双平,S,2883.8000,2883.6000,2883.2000,2883.0000,2882.8000,2884.8000,2885.0000,2885.4000,2885.6000,2885.8000,2,1,1,1,1,1,2,2,1,1
SF,IH2006,2020-03-10 09:32:57.000,2884.4000,15274,0,656470440.000,0,-,-,-,-,2883.6000,2883.2000,2883.0000,2882.8000,2882.0000,2883.8000,2884.8000,2885.0000,2885.4000,2885.6000,1,1,1,1,2,1,1,2,2,1
SF,IH2006,2020-03-10 09:32:57.500,2883.6000,15270,-4,659930880.000,4,0,4,双平,S,2884.2000,2883.0000,2882.8000,2882.0000,2881.6000,2884.8000,2885.0000,2885.4000,2885.6000,2885.8000,1,1,1,2,1,1,2,2,1,1
SF,IH2006,2020-03-10 09:32:58.000,2884.6000,15269,-1,663392160.000,4,1,3,多平,S,2883.0000,2882.8000,2882.0000,2881.6000,2881.2000,2884.8000,2885.0000,2885.4000,2885.6000,2885.8000,1,1,2,1,1,1,2,2,1,1
SF,IH2006,2020-03-10 09:32:58.500,2884.6000,15269,0,663392160.000,0,-,-,-,-,2883.2000,2883.0000,2882.8000,2882.0000,2881.6000,2884.6000,2884.8000,2885.0000,2885.4000,2885.6000,1,1,1,2,1,1,1,2,2,1
SF,IH2006,2020-03-10 09:32:59.000,2884.6000,15268,-1,664257540.000,1,0,1,双平,S,2883.4000,2883.2000,2883.0000,2882.8000,2882.0000,2884.4000,2884.6000,2884.8000,2885.0000,2885.4000,1,1,1,1,2,1,1,1,2,2
SF,IH2006,2020-03-10 09:32:59.500,2884.6000,15268,0,664257540.000,0,-,-,-,-,2883.0000,2882.8000,2882.0000,2881.6000,2881.2000,2884.4000,2884.8000,2885.0000,2885.4000,2885.6000,1,1,2,1,1,1,1,2,2,1
SF,IH2006,2020-03-10 09:33:00.000,2884.6000,15268,0,664257540.000,0,-,-,-,-,2883.6000,2883.0000,2882.8000,2882.0000,2881.6000,2884.4000,2884.6000,2884.8000,2885.0000,2885.4000,1,1,1,2,1,1,2,1,2,2
SF,IH2006,2020-03-10 09:33:00.500,2883.6000,15267,-1,665122620.000,1,0,1,双平,S,2883.6000,2883.0000,2882.8000,2882.0000,2881.2000,2884.4000,2884.8000,2885.0000,2885.4000,2885.6000,1,1,1,2,1,1,1,2,2,1
SF,IH2006,2020-03-10 09:33:01.000,2885.0000,15265,-2,666853560.000,2,0,2,双平,S,2884.4000,2883.6000,2883.0000,2882.8000,2882.0000,2885.0000,2885.8000,2886.0000,2891.0000,2891.4000,2,1,1,1,2,1,1,1,2,1
SF,IH2006,2020-03-10 09:33:01.500,2885.0000,15265,0,670315680.000,4,2,2,多换,S,2885.0000,2884.4000,2883.6000,2883.0000,2882.8000,2885.8000,2886.0000,2891.0000,2891.4000,2893.0000,2,1,1,1,1,1,1,2,1,3
SF,IH2006,2020-03-10 09:33:02.000,2885.8000,15264,-1,673778700.000,4,1,3,多平,S,2885.0000,2884.4000,2883.6000,2883.0000,2882.8000,2891.0000,2891.4000,2893.0000,2893.2000,2894.0000,1,7,1,1,1,2,1,3,3,3
SF,IH2006,2020-03-10 09:33:02.500,2890.6000,15263,-1,674645880.000,1,0,1,双平,S,2885.2000,2885.0000,2884.4000,2883.6000,2883.0000,2887.2000,2887.6000,2889.0000,2889.6000,2889.8000,3,2,7,1,1,2,1,1,3,4
SF,IH2006,2020-03-10 09:33:03.000,2887.6000,15260,-3,677244480.000,3,0,3,双平,S,2885.2000,2885.0000,2884.4000,2883.6000,2883.0000,2888.4000,2889.8000,2890.0000,2890.8000,2891.0000,2,2,7,1,1,3,1,1,2,4
SF,IH2006,2020-03-10 09:33:03.500,2887.6000,15260,0,677244480.000,0,-,-,-,-,2886.2000,2886.0000,2885.4000,2885.2000,2885.0000,2889.0000,2889.8000,2890.0000,2890.8000,2891.0000,1,1,6,2,2,3,1,1,2,3
SF,IH2006,2020-03-10 09:33:04.000,2887.6000,15260,0,677244480.000,0,-,-,-,-,2887.2000,2886.4000,2885.4000,2885.0000,2884.4000,2888.8000,2889.0000,2889.4000,2889.8000,2890.0000,1,2,4,2,7,2,1,3,1,1
SF,IH2006,2020-03-10 09:33:04.500,2887.6000,15260,0,677244480.000,0,-,-,-,-,2887.4000,2887.2000,2886.4000,2885.4000,2885.0000,2888.6000,2889.4000,2890.0000,2890.8000,2891.0000,1,1,1,4,1,2,3,1,2,3
SF,IH2006,2020-03-10 09:33:05.000,2887.6000,15260,0,678110760.000,1,0,1,多换,S,2887.2000,2886.4000,2885.4000,2885.0000,2884.4000,2888.6000,2889.4000,2890.0000,2890.8000,2891.0000,1,1,4,1,7,2,3,1,2,3
SF,IH2006,2020-03-10 09:33:06.000,2888.6000,15259,-1,678977340.000,1,0,1,双平,S,2887.6000,2887.4000,2887.2000,2886.4000,2885.4000,2889.8000,2890.0000,2890.8000,2891.0000,2891.4000,1,2,1,1,3,3,1,2,3,1
SF,IH2006,2020-03-10 09:33:06.500,2888.6000,15259,0,678977340.000,0,-,-,-,-,2888.0000,2887.8000,2887.6000,2887.4000,2887.2000,2890.0000,2890.8000,2891.0000,2891.4000,2893.0000,3,2,1,1,1,1,2,3,1,3
SF,IH2006,2020-03-10 09:33:07.000,2888.6000,15259,0,678977340.000,0,-,-,-,-,2888.2000,2887.6000,2887.2000,2885.4000,2885.0000,2890.0000,2890.4000,2890.6000,2890.8000,2891.0000,3,1,1,3,1,1,2,1,2,3
SF,IH2006,2020-03-10 09:33:07.500,2889.8000,15259,0,681578160.000,3,1,2,多换,S,2889.8000,2888.6000,2888.2000,2887.6000,2887.2000,2890.0000,2890.4000,2890.6000,2890.8000,2891.0000,3,1,3,1,1,1,2,1,2,3
SF,IH2006,2020-03-10 09:33:08.000,2888.6000,15259,0,686779080.000,6,3,3,多换,S,2888.2000,2887.6000,2887.2000,2885.4000,2885.0000,2889.4000,2889.8000,2890.0000,2890.6000,2890.8000,1,1,1,3,1,1,10,2,3,2
SF,IH2006,2020-03-10 09:33:08.500,2888.6000,15259,0,686779080.000,0,-,-,-,-,2887.6000,2887.2000,2885.4000,2885.0000,2884.4000,2888.0000,2888.8000,2889.0000,2889.2000,2889.4000,1,1,3,2,7,4,1,1,2,2
SF,IH2006,2020-03-10 09:33:09.000,2888.0000,15259,0,690244680.000,4,2,2,多换,S,2887.6000,2887.2000,2885.4000,2885.0000,2884.4000,2890.0000,2890.6000,2890.8000,2891.0000,2891.4000,1,1,3,2,7,2,3,2,3,1
SF,IH2006,2020-03-10 09:33:09.500,2888.0000,15259,0,690244680.000,0,-,-,-,-,2889.4000,2887.8000,2887.6000,2887.2000,2885.4000,2890.0000,2890.6000,2890.8000,2891.0000,2891.4000,1,2,1,1,3,2,3,2,3,1
SF,IH2006,2020-03-10 09:33:10.000,2890.0000,15257,-2,692845380.000,3,0,3,多平,S,2887.8000,2887.2000,2885.4000,2885.0000,2884.4000,2889.8000,2890.0000,2890.6000,2890.8000,2891.0000,2,1,3,2,7,1,2,3,2,3
SF,IH2006,2020-03-10 09:33:10.500,2890.0000,15257,0,692845380.000,0,-,-,-,-,2888.0000,2887.8000,2887.2000,2885.4000,2885.0000,2890.0000,2890.6000,2890.8000,2891.0000,2891.4000,1,2,1,3,2,1,3,2,3,1
SF,IH2006,2020-03-10 09:33:11.000,2890.0000,15257,0,692845380.000,0,-,-,-,-,2888.4000,2888.2000,2887.8000,2887.2000,2887.0000,2890.0000,2890.8000,2891.0000,2891.4000,2893.0000,1,3,1,1,1,1,5,3,1,3
SF,IH2006,2020-03-10 09:33:11.500,2890.0000,15257,0,692845380.000,0,-,-,-,-,2888.6000,2888.4000,2888.2000,2887.8000,2887.2000,2890.0000,2890.8000,2891.0000,2891.4000,2893.0000,2,1,1,1,1,1,5,3,1,3
SF,IH2006,2020-03-10 09:33:12.000,2890.0000,15257,0,692845380.000,0,-,-,-,-,2888.8000,2888.6000,2888.4000,2888.2000,2887.8000,2889.8000,2890.0000,2890.8000,2891.0000,2891.4000,1,1,1,1,2,1,1,5,3,1
SF,IH2006,2020-03-10 09:33:12.500,2890.0000,15257,0,692845380.000,0,-,-,-,-,2889.0000,2888.6000,2888.4000,2888.2000,2887.8000,2890.0000,2890.8000,2891.0000,2891.4000,2893.0000,1,1,1,1,2,1,4,3,1,3
SF,IH2006,2020-03-10 09:33:13.000,2890.0000,15257,0,692845380.000,0,-,-,-,-,2888.6000,2888.2000,2887.8000,2887.2000,2887.0000,2890.0000,2890.8000,2891.0000,2891.4000,2893.0000,1,1,1,1,1,2,4,3,1,3
SF,IH2006,2020-03-10 09:33:13.500,2890.0000,15257,0,692845380.000,0,-,-,-,-,2888.8000,2888.6000,2888.2000,2887.8000,2887.2000,2889.8000,2890.0000,2890.8000,2891.0000,2891.4000,2,1,1,1,1,1,2,4,3,1
SF,IH2006,2020-03-10 09:33:14.000,2890.0000,15257,0,692845380.000,0,-,-,-,-,2889.0000,2888.8000,2888.6000,2888.2000,2887.8000,2889.6000,2889.8000,2890.0000,2890.8000,2891.0000,1,1,1,1,1,1,2,3,4,3
SF,IH2006,2020-03-10 09:33:14.500,2889.6000,15256,-1,693712260.000,1,0,1,双平,S,2889.2000,2888.8000,2888.6000,2888.2000,2887.8000,2890.0000,2890.8000,2891.0000,2891.4000,2893.0000,1,1,1,1,1,2,4,3,1,3
SF,IH2006,2020-03-10 09:33:15.000,2890.0000,15255,-1,695446260.000,2,0,2,多平,S,2888.8000,2888.2000,2887.8000,2887.2000,2887.0000,2890.0000,2890.8000,2891.0000,2891.4000,2893.0000,1,1,1,1,1,1,4,3,1,4
SF,IH2006,2020-03-10 09:33:15.500,2890.0000,15254,-1,696313260.000,1,0,1,双平,S,2889.0000,2888.8000,2888.2000,2887.8000,2887.2000,2890.8000,2891.0000,2891.4000,2893.0000,2893.2000,2,1,1,1,1,4,3,1,4,3
SF,IH2006,2020-03-10 09:33:16.000,2890.0000,15254,0,696313260.000,0,-,-,-,-,2889.2000,2889.0000,2888.8000,2887.8000,2887.2000,2890.4000,2890.6000,2890.8000,2891.0000,2891.4000,2,1,1,1,1,2,2,1,3,1
SF,IH2006,2020-03-10 09:33:16.500,2890.0000,15254,0,696313260.000,0,-,-,-,-,2890.0000,2889.4000,2888.8000,2887.8000,2887.2000,2891.0000,2891.4000,2893.0000,2893.2000,2894.0000,1,2,1,1,1,6,1,4,3,3
SF,IH2006,2020-03-10 09:33:17.000,2890.0000,15254,0,696313260.000,0,-,-,-,-,2890.2000,2890.0000,2889.0000,2888.8000,2887.8000,2891.0000,2891.4000,2893.0000,2893.2000,2894.0000,1,1,1,1,1,5,1,4,3,3
SF,IH2006,2020-03-10 09:33:17.500,2890.0000,15254,0,697180260.000,1,0,1,多换,S,2889.0000,2887.8000,2887.2000,2887.0000,2885.4000,2889.2000,2890.6000,2890.8000,2891.0000,2891.4000,1,1,1,1,3,2,2,1,4,1
SF,IH2006,2020-03-10 09:33:18.000,2889.2000,15252,-2,698913780.000,2,0,2,双平,S,2889.2000,2889.0000,2887.8000,2887.2000,2887.0000,2890.6000,2890.8000,2891.0000,2891.4000,2893.0000,3,1,1,1,1,2,1,3,1,4
SF,IH2006,2020-03-10 09:33:18.500,2889.2000,15252,0,698913780.000,0,-,-,-,-,2889.4000,2889.2000,2887.8000,2887.2000,2887.0000,2890.4000,2890.8000,2891.0000,2891.4000,2893.0000,1,1,1,1,1,2,1,2,1,4
SF,IH2006,2020-03-10 09:33:19.000,2890.4000,15250,-2,700648020.000,2,0,2,双平,S,2890.4000,2889.4000,2889.0000,2887.8000,2887.2000,2890.8000,2891.0000,2891.2000,2891.4000,2893.0000,1,1,1,1,1,1,4,1,1,4
SF,IH2006,2020-03-10 09:33:19.500,2890.8000,15248,-2,702382380.000,2,0,2,双平,S,2889.6000,2889.4000,2889.0000,2887.8000,2887.2000,2891.0000,2891.2000,2891.4000,2893.0000,2893.2000,1,1,1,1,1,2,3,1,4,3
SF,IH2006,2020-03-10 09:33:20.000,2890.8000,15248,0,702382380.000,0,-,-,-,-,2889.8000,2889.6000,2889.4000,2889.0000,2887.8000,2891.0000,2891.4000,2891.6000,2893.0000,2893.2000,1,1,1,1,1,2,3,1,4,3
SF,IH2006,2020-03-10 09:33:20.500,2891.0000,15248,0,703249680.000,1,0,1,多换,S,2890.0000,2889.8000,2889.0000,2887.8000,2887.2000,2891.0000,2891.4000,2891.6000,2893.0000,2893.2000,1,1,1,1,1,1,1,3,4,3
SF,IH2006,2020-03-10 09:33:21.000,2890.0000,15248,0,704116680.000,1,0,1,多换,S,2889.8000,2889.0000,2887.8000,2887.2000,2887.0000,2890.6000,2890.8000,2891.0000,2891.4000,2891.6000,1,1,1,1,2,1,2,3,1,3
SF,IH2006,2020-03-10 09:33:21.500,2890.0000,15243,-5,709318680.000,6,0,6,多平,S,2889.0000,2887.8000,2887.2000,2887.0000,2885.4000,2891.0000,2891.4000,2891.6000,2892.0000,2893.0000,1,1,1,2,3,1,1,3,1,4
SF,IH2006,2020-03-10 09:33:22.000,2889.6000,15242,-1,710185560.000,1,0,1,双平,S,2889.2000,2889.0000,2887.8000,2887.2000,2887.0000,2890.8000,2891.0000,2891.4000,2891.6000,2892.0000,3,1,1,1,2,3,2,1,3,1
SF,IH2006,2020-03-10 09:33:22.500,2890.0000,15242,0,711052560.000,1,0,1,多换,S,2889.2000,2887.8000,2887.2000,2887.0000,2885.4000,2890.8000,2891.0000,2891.4000,2891.6000,2892.0000,1,1,1,2,3,3,2,1,3,1
SF,IH2006,2020-03-10 09:33:23.000,2890.0000,15242,0,711052560.000,0,-,-,-,-,2887.8000,2887.2000,2887.0000,2885.4000,2885.0000,2890.6000,2890.8000,2891.0000,2891.4000,2891.6000,1,1,2,3,1,3,2,3,1,3
SF,IH2006,2020-03-10 09:33:23.500,2890.0000,15242,0,711052560.000,0,-,-,-,-,2888.8000,2887.8000,2887.2000,2887.0000,2885.4000,2890.4000,2890.6000,2891.0000,2891.4000,2891.6000,1,1,1,2,3,1,1,2,1,3
SF,IH2006,2020-03-10 09:33:24.000,2888.8000,15241,-1,711919200.000,1,0,1,双平,S,2887.8000,2887.2000,2887.0000,2885.4000,2885.0000,2890.4000,2890.6000,2891.0000,2891.4000,2891.6000,1,1,2,3,1,2,1,2,1,3
SF,IH2006,2020-03-10 09:33:24.500,2888.8000,15241,0,711919200.000,0,-,-,-,-,2888.6000,2888.0000,2887.8000,2887.2000,2887.0000,2890.4000,2890.6000,2891.0000,2891.4000,2891.6000,1,1,1,1,2,1,1,2,1,3
SF,IH2006,2020-03-10 09:33:25.000,2890.4000,15241,0,712786320.000,1,0,1,多换,S,2888.6000,2888.0000,2887.8000,2887.2000,2887.0000,2890.6000,2891.0000,2891.4000,2891.6000,2892.0000,1,1,1,1,1,1,2,1,3,1
SF,IH2006,2020-03-10 09:33:25.500,2890.6000,15242,1,713653500.000,1,1,0,双开,S,2888.8000,2888.0000,2887.8000,2887.2000,2887.0000,2891.0000,2891.4000,2891.6000,2892.0000,2893.0000,2,1,1,1,1,2,1,3,1,4
SF,IH2006,2020-03-10 09:33:26.000,2890.6000,15242,0,713653500.000,0,-,-,-,-,2888.8000,2887.8000,2887.2000,2887.0000,2885.4000,2890.8000,2891.0000,2891.4000,2891.6000,2892.0000,2,1,1,1,3,2,2,1,3,1
SF,IH2006,2020-03-10 09:33:26.500,2890.6000,15242,0,713653500.000,0,-,-,-,-,2889.4000,2889.0000,2887.8000,2887.2000,2887.0000,2890.8000,2891.0000,2891.4000,2891.6000,2892.0000,1,4,1,1,1,2,2,1,3,1
SF,IH2006,2020-03-10 09:33:27.000,2890.8000,15241,-1,714520740.000,1,0,1,双平,S,2889.0000,2887.8000,2887.2000,2887.0000,2885.4000,2891.0000,2891.4000,2891.6000,2892.0000,2893.0000,4,1,1,1,3,2,1,3,1,4
SF,IH2006,2020-03-10 09:33:27.500,2890.8000,15241,0,714520740.000,0,-,-,-,-,2890.0000,2889.2000,2889.0000,2887.8000,2887.2000,2891.0000,2891.4000,2891.6000,2892.0000,2893.0000,1,2,2,1,1,1,1,3,1,4
SF,IH2006,2020-03-10 09:33:28.000,2890.8000,15241,0,714520740.000,0,-,-,-,-,2890.8000,2887.8000,2887.2000,2887.0000,2885.4000,2891.0000,2891.4000,2891.6000,2892.0000,2893.0000,1,1,1,1,3,1,1,3,1,4
SF,IH2006,2020-03-10 09:33:28.500,2890.8000,15241,0,715387980.000,1,0,1,多换,S,2887.8000,2887.2000,2887.0000,2885.4000,2885.0000,2890.8000,2891.0000,2891.4000,2891.6000,2891.8000,1,1,1,3,1,2,2,1,2,1
SF,IH2006,2020-03-10 09:33:29.000,2890.8000,15241,0,715387980.000,0,-,-,-,-,2888.2000,2888.0000,2887.2000,2887.0000,2885.4000,2890.8000,2891.0000,2891.4000,2891.8000,2892.0000,1,4,1,1,2,2,2,1,2,1
SF,IH2006,2020-03-10 09:33:29.500,2890.8000,15241,0,715387980.000,0,-,-,-,-,2888.6000,2888.4000,2888.2000,2888.0000,2887.2000,2890.8000,2891.0000,2891.4000,2891.6000,2891.8000,3,3,1,4,1,2,2,1,1,2
SF,IH2006,2020-03-10 09:33:30.000,2890.8000,15241,0,715387980.000,0,-,-,-,-,2889.4000,2888.6000,2888.0000,2887.2000,2887.0000,2890.8000,2891.0000,2891.4000,2891.6000,2891.8000,1,3,3,1,1,2,2,1,1,2
SF,IH2006,2020-03-10 09:33:30.500,2889.4000,15240,-1,716254800.000,1,0,1,双平,S,2888.0000,2887.2000,2887.0000,2885.4000,2885.0000,2889.4000,2890.6000,2890.8000,2891.0000,2891.4000,3,1,1,2,1,1,1,2,2,1
SF,IH2006,2020-03-10 09:33:31.000,2889.4000,15240,0,716254800.000,0,-,-,-,-,2888.2000,2887.6000,2887.2000,2887.0000,2885.4000,2889.4000,2890.2000,2890.6000,2890.8000,2891.0000,3,2,1,1,2,1,3,1,2,2
SF,IH2006,2020-03-10 09:33:31.500,2889.4000,15240,0,717121620.000,1,0,1,多换,S,2888.2000,2887.2000,2887.0000,2885.4000,2885.0000,2890.2000,2890.6000,2890.8000,2891.0000,2891.4000,2,1,1,2,1,3,1,2,2,1
SF,IH2006,2020-03-10 09:33:32.000,2889.4000,15240,0,717121620.000,0,-,-,-,-,2887.2000,2887.0000,2885.4000,2885.0000,2884.4000,2890.0000,2890.2000,2890.6000,2890.8000,2891.0000,1,1,2,1,6,1,1,1,5,2
SF,IH2006,2020-03-10 09:33:32.500,2889.4000,15240,0,717121620.000,0,-,-,-,-,2887.4000,2887.2000,2887.0000,2885.4000,2885.0000,2890.0000,2890.2000,2890.6000,2890.8000,2891.0000,1,1,1,2,1,1,2,1,5,2
SF,IH2006,2020-03-10 09:33:33.000,2889.8000,15241,1,717988560.000,1,1,0,双开,S,2887.2000,2887.0000,2885.4000,2885.0000,2884.4000,2889.8000,2890.0000,2890.2000,2890.6000,2890.8000,1,1,2,1,6,2,3,2,1,5
SF,IH2006,2020-03-10 09:33:33.500,2887.2000,15240,-1,719720880.000,2,0,2,多平,S,2887.0000,2885.4000,2885.0000,2884.4000,2883.6000,2887.2000,2889.0000,2889.4000,2889.6000,2889.8000,1,2,1,6,1,2,1,3,3,3
SF,IH2006,2020-03-10 09:33:34.000,2887.2000,15235,-5,724917840.000,6,0,6,多平,S,2887.2000,2887.0000,2885.4000,2885.0000,2884.4000,2888.4000,2889.8000,2890.0000,2890.8000,2891.0000,1,1,2,1,6,3,1,1,2,2
SF,IH2006,2020-03-10 09:33:34.500,2888.4000,15234,-1,725784360.000,1,0,1,双平,S,2887.4000,2887.2000,2887.0000,2885.4000,2885.0000,2888.8000,2889.0000,2889.8000,2890.0000,2890.8000,3,2,1,2,1,2,5,1,1,2
SF,IH2006,2020-03-10 09:33:35.000,2888.4000,15234,0,725784360.000,0,-,-,-,-,2887.6000,2887.0000,2885.4000,2885.0000,2884.4000,2889.4000,2889.8000,2890.0000,2890.8000,2891.0000,2,1,2,1,6,7,1,1,2,2
SF,IH2006,2020-03-10 09:33:35.500,2889.0000,15234,0,727517760.000,2,1,1,多换,S,2887.6000,2887.2000,2887.0000,2885.4000,2885.0000,2889.0000,2889.4000,2890.0000,2890.8000,2891.0000,2,1,1,2,1,3,2,1,2,2
SF,IH2006,2020-03-10 09:33:36.000,2889.0000,15234,0,727517760.000,0,-,-,-,-,2887.2000,2887.0000,2885.4000,2885.0000,2884.4000,2889.8000,2890.0000,2890.8000,2891.0000,2891.4000,1,1,2,1,6,5,1,2,2,1
SF,IH2006,2020-03-10 09:33:36.500,2889.0000,15234,0,727517760.000,0,-,-,-,-,2887.2000,2887.0000,2885.4000,2885.0000,2884.4000,2889.4000,2889.6000,2889.8000,2890.0000,2890.8000,1,1,2,1,6,5,1,1,1,2
SF,IH2006,2020-03-10 09:33:37.000,2889.0000,15234,0,727517760.000,0,-,-,-,-,2888.0000,2887.2000,2887.0000,2885.4000,2885.0000,2889.2000,2889.6000,2889.8000,2890.0000,2890.8000,1,1,1,2,1,8,1,1,1,2
SF,IH2006,2020-03-10 09:33:37.500,2889.2000,15234,0,745719060.000,21,10,11,多换,S,2887.2000,2887.0000,2885.4000,2885.0000,2884.4000,2889.0000,2889.6000,2889.8000,2890.0000,2890.8000,1,1,2,1,6,3,1,1,1,2
SF,IH2006,2020-03-10 09:33:38.000,2889.2000,15234,0,745719060.000,0,-,-,-,-,2887.4000,2887.2000,2887.0000,2886.4000,2885.4000,2889.0000,2889.6000,2889.8000,2890.0000,2890.2000,2,1,1,1,2,3,1,1,1,6
SF,IH2006,2020-03-10 09:33:38.500,2889.2000,15234,0,745719060.000,0,-,-,-,-,2887.6000,2887.4000,2887.2000,2887.0000,2885.4000,2889.0000,2890.0000,2890.2000,2891.0000,2891.4000,2,2,1,1,2,3,2,5,2,1
SF,IH2006,2020-03-10 09:33:39.000,2889.2000,15234,0,745719060.000,0,-,-,-,-,2887.6000,2887.2000,2887.0000,2885.4000,2885.0000,2889.0000,2890.0000,2890.2000,2891.0000,2891.4000,2,1,1,2,1,3,2,5,2,1
SF,IH2006,2020-03-10 09:33:39.500,2887.6000,15233,-1,746585340.000,1,0,1,双平,S,2887.6000,2887.2000,2887.0000,2885.4000,2885.0000,2889.0000,2890.0000,2890.2000,2891.0000,2891.4000,1,1,1,2,1,3,2,5,2,1
SF,IH2006,2020-03-10 09:33:40.000,2887.6000,15233,0,747451620.000,1,0,1,多换,S,2887.8000,2887.2000,2887.0000,2885.4000,2885.0000,2889.0000,2890.0000,2890.2000,2891.0000,2891.4000,2,1,1,2,1,3,2,5,2,1
SF,IH2006,2020-03-10 09:33:40.500,2887.6000,15232,-1,748317900.000,1,0,1,双平,S,2887.8000,2887.2000,2887.0000,2885.4000,2885.0000,2888.8000,2889.0000,2890.0000,2890.2000,2891.0000,1,1,1,2,1,2,3,2,5,2
SF,IH2006,2020-03-10 09:33:41.000,2887.8000,15231,-1,749184240.000,1,0,1,双平,S,2887.2000,2887.0000,2885.4000,2885.0000,2884.4000,2889.0000,2890.0000,2890.2000,2891.0000,2891.4000,1,1,2,1,6,3,2,5,2,1
SF,IH2006,2020-03-10 09:33:41.500,2888.8000,15233,2,751783680.000,3,2,1,空开,S,2887.0000,2885.4000,2885.0000,2884.4000,2883.6000,2889.0000,2890.0000,2890.2000,2891.0000,2891.4000,1,2,1,6,1,3,2,5,2,1
SF,IH2006,2020-03-10 09:33:42.000,2889.0000,15235,2,756983580.000,6,4,2,空开,S,2889.0000,2888.0000,2887.0000,2885.4000,2885.0000,2889.6000,2890.0000,2890.2000,2891.0000,2891.4000,15,1,1,2,1,5,2,5,2,1
SF,IH2006,2020-03-10 09:33:42.500,2888.0000,15234,-1,770850480.000,16,7,9,多平,S,2887.0000,2885.4000,2885.0000,2884.4000,2883.6000,2888.6000,2889.0000,2889.4000,2889.6000,2890.0000,1,2,1,6,1,1,2,2,5,2
SF,IH2006,2020-03-10 09:33:43.000,2889.0000,15234,0,772583280.000,2,1,1,多换,S,2885.4000,2885.0000,2884.4000,2883.6000,2883.0000,2889.4000,2889.6000,2890.0000,2890.2000,2891.0000,3,1,6,1,1,2,6,2,5,2
SF,IH2006,2020-03-10 09:33:43.500,2889.0000,15234,0,772583280.000,0,-,-,-,-,2885.8000,2885.4000,2885.0000,2884.4000,2883.6000,2888.6000,2889.0000,2889.2000,2889.4000,2889.6000,1,1,1,6,1,1,1,1,1,2
SF,IH2006,2020-03-10 09:33:44.000,2889.0000,15234,0,772583280.000,0,-,-,-,-,2885.8000,2885.4000,2885.0000,2884.4000,2883.6000,2888.6000,2888.8000,2889.0000,2889.2000,2889.4000,1,1,1,6,1,1,1,1,1,1
SF,IH2006,2020-03-10 09:33:44.500,2889.0000,15234,0,772583280.000,0,-,-,-,-,2885.8000,2885.4000,2885.0000,2884.4000,2883.6000,2888.6000,2888.8000,2889.0000,2889.2000,2889.4000,1,1,1,6,1,1,2,1,1,1
SF,IH2006,2020-03-10 09:33:45.000,2888.6000,15234,0,773449860.000,1,0,1,多换,S,2886.2000,2886.0000,2885.8000,2885.4000,2885.0000,2887.0000,2888.8000,2889.0000,2889.2000,2889.4000,1,1,1,1,1,1,2,1,1,1
SF,IH2006,2020-03-10 09:33:45.500,2887.0000,15232,-2,775182060.000,2,0,2,双平,S,2886.4000,2886.2000,2885.4000,2885.0000,2884.4000,2888.2000,2888.4000,2888.8000,2889.0000,2889.2000,1,1,1,1,6,5,5,2,1,1
SF,IH2006,2020-03-10 09:33:46.000,2888.4000,15231,-1,785579340.000,12,5,7,多平,S,2888.6000,2886.8000,2886.6000,2885.4000,2885.0000,2888.8000,2889.2000,2889.4000,2889.6000,2890.0000,9,1,2,1,1,2,1,1,1,2
SF,IH2006,2020-03-10 09:33:46.500,2888.6000,15231,0,795111720.000,11,5,6,多换,S,2886.6000,2885.4000,2885.0000,2884.4000,2883.6000,2888.6000,2888.8000,2889.0000,2889.2000,2889.4000,2,1,1,6,1,20,2,1,1,1
SF,IH2006,2020-03-10 09:33:47.000,2886.6000,15229,-2,797709660.000,3,0,3,多平,S,2885.4000,2885.0000,2884.4000,2883.6000,2883.0000,2888.4000,2888.6000,2888.8000,2889.0000,2889.2000,1,1,6,1,1,5,2,2,1,1
SF,IH2006,2020-03-10 09:33:47.500,2886.6000,15229,0,797709660.000,0,-,-,-,-,2885.4000,2885.0000,2884.4000,2883.6000,2883.0000,2888.2000,2888.4000,2888.6000,2888.8000,2889.0000,1,1,6,1,1,1,10,2,2,1
SF,IH2006,2020-03-10 09:33:48.000,2886.6000,15229,0,797709660.000,0,-,-,-,-,2885.6000,2885.4000,2885.2000,2885.0000,2884.4000,2888.0000,2888.2000,2888.4000,2888.6000,2888.8000,1,1,3,1,6,2,2,9,2,2
SF,IH2006,2020-03-10 09:33:48.500,2886.6000,15229,0,797709660.000,0,-,-,-,-,2885.6000,2885.2000,2885.0000,2884.4000,2883.6000,2888.0000,2888.2000,2888.4000,2888.6000,2888.8000,1,3,1,6,1,2,2,9,7,2
SF,IH2006,2020-03-10 09:33:49.000,2886.6000,15229,0,797709660.000,0,-,-,-,-,2885.6000,2885.2000,2885.0000,2884.4000,2883.6000,2887.8000,2888.0000,2888.2000,2888.4000,2888.6000,1,3,1,6,1,1,2,1,9,7
SF,IH2006,2020-03-10 09:33:49.500,2886.6000,15229,0,797709660.000,0,-,-,-,-,2885.6000,2885.2000,2885.0000,2884.4000,2883.6000,2885.8000,2887.6000,2887.8000,2888.0000,2888.2000,1,3,1,6,1,5,2,1,2,1
SF,IH2006,2020-03-10 09:33:50.000,2885.8000,15225,-4,802038420.000,5,0,5,多平,S,2885.8000,2885.6000,2885.2000,2885.0000,2884.4000,2887.6000,2888.0000,2888.8000,2889.4000,2889.6000,6,1,3,1,6,2,1,2,1,1
SF,IH2006,2020-03-10 09:33:50.500,2885.8000,15225,0,802038420.000,0,-,-,-,-,2886.0000,2885.8000,2885.2000,2885.0000,2884.4000,2887.6000,2888.0000,2888.4000,2888.8000,2889.4000,1,4,3,1,6,1,2,5,2,1
SF,IH2006,2020-03-10 09:33:51.000,2885.8000,15225,0,802038420.000,0,-,-,-,-,2886.2000,2886.0000,2885.8000,2885.2000,2885.0000,2887.4000,2887.6000,2888.0000,2888.8000,2889.4000,2,1,4,3,1,2,1,2,2,1
SF,IH2006,2020-03-10 09:33:51.500,2887.4000,15223,-2,803770860.000,2,0,2,双平,S,2886.4000,2886.0000,2885.8000,2885.2000,2885.0000,2887.6000,2888.0000,2888.8000,2889.4000,2889.6000,3,1,4,3,1,1,2,3,1,1
SF,IH2006,2020-03-10 09:33:52.000,2888.0000,15222,-1,804637260.000,1,0,1,双平,S,2887.4000,2886.6000,2886.0000,2885.8000,2885.2000,2888.8000,2889.0000,2889.4000,2889.6000,2890.0000,1,3,1,4,3,3,5,1,1,2
SF,IH2006,2020-03-10 09:33:52.500,2888.0000,15222,0,804637260.000,0,-,-,-,-,2887.6000,2887.4000,2886.0000,2885.8000,2885.2000,2888.6000,2888.8000,2889.0000,2889.4000,2889.6000,1,1,1,2,3,1,3,1,1,6
SF,IH2006,2020-03-10 09:33:53.000,2887.6000,15221,-1,805503540.000,1,0,1,双平,S,2887.4000,2885.8000,2885.2000,2885.0000,2884.4000,2888.6000,2888.8000,2889.0000,2889.4000,2889.6000,1,2,3,1,6,2,3,1,1,6
SF,IH2006,2020-03-10 09:33:53.500,2887.4000,15220,-1,806369760.000,1,0,1,双平,S,2885.8000,2885.2000,2885.0000,2884.4000,2883.6000,2888.6000,2888.8000,2889.0000,2889.4000,2889.6000,2,3,1,6,1,1,3,1,1,6
SF,IH2006,2020-03-10 09:33:54.000,2887.4000,15220,0,806369760.000,0,-,-,-,-,2885.8000,2885.2000,2885.0000,2884.4000,2883.6000,2888.4000,2888.6000,2888.8000,2889.0000,2889.4000,2,3,1,6,1,1,1,3,1,1
SF,IH2006,2020-03-10 09:33:54.500,2887.4000,15220,0,806369760.000,0,-,-,-,-,2886.2000,2885.8000,2885.2000,2885.0000,2884.4000,2888.4000,2888.6000,2888.8000,2889.0000,2889.6000,1,2,3,1,6,1,1,3,1,6
SF,IH2006,2020-03-10 09:33:55.500,2888.4000,15220,0,807236280.000,1,0,1,多换,S,2886.4000,2885.8000,2885.2000,2885.0000,2884.4000,2888.6000,2888.8000,2889.0000,2889.6000,2890.0000,1,2,3,1,6,1,3,1,6,7
SF,IH2006,2020-03-10 09:33:56.000,2888.4000,15220,0,807236280.000,0,-,-,-,-,2886.4000,2885.8000,2885.2000,2885.0000,2884.4000,2887.6000,2888.6000,2888.8000,2889.0000,2889.6000,1,2,3,1,6,1,1,3,1,6
SF,IH2006,2020-03-10 09:33:56.500,2885.8000,15220,0,808102020.000,1,0,1,多换,S,2885.8000,2885.2000,2885.0000,2884.4000,2883.6000,2887.6000,2888.6000,2888.8000,2889.0000,2889.6000,1,3,1,6,1,1,1,3,1,6
SF,IH2006,2020-03-10 09:33:57.000,2885.8000,15220,0,808102020.000,0,-,-,-,-,2886.0000,2885.2000,2885.0000,2884.4000,2883.6000,2887.6000,2887.8000,2888.4000,2888.6000,2888.8000,3,3,1,6,1,1,5,5,1,3
SF,IH2006,2020-03-10 09:33:57.500,2885.8000,15220,0,808102020.000,0,-,-,-,-,2886.0000,2885.2000,2885.0000,2884.4000,2883.6000,2887.6000,2888.4000,2888.6000,2888.8000,2889.0000,3,3,1,6,1,1,5,1,8,1
SF,IH2006,2020-03-10 09:33:58.000,2885.8000,15220,0,808102020.000,0,-,-,-,-,2886.0000,2885.2000,2885.0000,2884.4000,2883.6000,2887.6000,2887.8000,2888.4000,2888.6000,2888.8000,2,3,1,6,1,1,1,10,1,3
SF,IH2006,2020-03-10 09:33:58.500,2885.8000,15220,0,808102020.000,0,-,-,-,-,2886.0000,2885.2000,2885.0000,2884.4000,2883.6000,2887.4000,2887.6000,2887.8000,2888.4000,2888.6000,2,3,1,6,1,2,1,1,5,1
SF,IH2006,2020-03-10 09:33:59.000,2885.8000,15220,0,808102020.000,0,-,-,-,-,2886.0000,2885.2000,2885.0000,2884.4000,2883.6000,2887.4000,2887.6000,2887.8000,2888.4000,2888.6000,2,3,1,6,1,1,1,1,5,1
SF,IH2006,2020-03-10 09:33:59.500,2887.4000,15219,-1,808968240.000,1,0,1,双平,S,2886.0000,2885.2000,2885.0000,2884.4000,2883.6000,2887.6000,2887.8000,2888.6000,2888.8000,2889.0000,2,3,1,6,1,1,1,1,3,1
SF,IH2006,2020-03-10 09:34:00.000,2887.6000,15218,-1,809834520.000,1,0,1,双平,S,2886.2000,2886.0000,2885.2000,2885.0000,2884.4000,2887.8000,2888.6000,2888.8000,2889.0000,2889.6000,2,2,3,1,6,1,1,3,1,1
SF,IH2006,2020-03-10 09:34:00.500,2887.8000,15218,0,810700860.000,1,0,1,多换,S,2886.4000,2886.2000,2886.0000,2885.2000,2885.0000,2888.6000,2888.8000,2889.0000,2889.6000,2890.0000,4,1,1,3,1,1,3,1,1,2
SF,IH2006,2020-03-10 09:34:01.000,2887.8000,15218,0,810700860.000,0,-,-,-,-,2886.6000,2886.4000,2886.2000,2886.0000,2885.2000,2888.6000,2888.8000,2889.6000,2890.0000,2891.0000,1,3,1,1,3,1,3,1,2,2
SF,IH2006,2020-03-10 09:34:01.500,2887.8000,15218,0,810700860.000,0,-,-,-,-,2886.6000,2886.0000,2885.2000,2885.0000,2884.4000,2888.8000,2889.6000,2889.8000,2890.0000,2891.0000,3,1,3,1,6,3,1,5,2,2
SF,IH2006,2020-03-10 09:34:02.000,2886.6000,15217,-1,811566840.000,1,0,1,双平,S,2886.6000,2886.0000,2885.2000,2885.0000,2884.4000,2888.6000,2888.8000,2889.6000,2889.8000,2890.0000,2,1,3,1,6,1,3,1,5,2
SF,IH2006,2020-03-10 09:34:02.500,2886.6000,15217,0,811566840.000,0,-,-,-,-,2886.6000,2886.0000,2885.2000,2885.0000,2884.4000,2888.4000,2888.6000,2888.8000,2889.6000,2889.8000,2,1,3,1,6,1,1,3,1,5
SF,IH2006,2020-03-10 09:34:03.000,2886.6000,15217,0,811566840.000,0,-,-,-,-,2886.6000,2886.0000,2885.2000,2885.0000,2884.4000,2888.2000,2888.4000,2888.8000,2889.6000,2889.8000,2,1,3,1,6,1,1,2,1,5
SF,IH2006,2020-03-10 09:34:03.500,2886.6000,15217,0,811566840.000,0,-,-,-,-,2886.8000,2886.6000,2886.0000,2885.2000,2885.0000,2888.0000,2888.2000,2888.4000,2888.8000,2889.4000,1,1,1,3,1,1,1,1,2,5
SF,IH2006,2020-03-10 09:34:04.000,2886.0000,15218,1,812432640.000,1,1,0,双开,S,2887.0000,2886.0000,2885.2000,2885.0000,2884.4000,2888.0000,2888.2000,2888.4000,2888.8000,2889.0000,1,1,3,1,6,1,1,6,2,5
SF,IH2006,2020-03-10 09:34:04.500,2887.0000,15217,-1,813298740.000,1,0,1,双平,S,2886.0000,2885.2000,2885.0000,2884.4000,2883.6000,2888.0000,2888.4000,2888.8000,2889.2000,2889.6000,1,3,1,6,1,1,6,2,5,1
SF,IH2006,2020-03-10 09:34:05.000,2887.0000,15217,0,813298740.000,0,-,-,-,-,2886.0000,2885.2000,2885.0000,2884.4000,2883.6000,2886.6000,2887.8000,2888.0000,2888.4000,2888.8000,1,3,1,6,1,1,1,1,6,2
SF,IH2006,2020-03-10 09:34:05.500,2886.6000,15216,-1,814164720.000,1,0,1,双平,S,2886.6000,2886.0000,2885.2000,2885.0000,2884.4000,2887.8000,2888.0000,2888.4000,2888.8000,2889.2000,1,1,3,1,6,1,1,5,2,5
SF,IH2006,2020-03-10 09:34:06.000,2886.6000,15216,0,814164720.000,0,-,-,-,-,2886.2000,2886.0000,2885.2000,2885.0000,2884.4000,2887.6000,2888.0000,2888.4000,2888.8000,2889.2000,1,1,3,1,6,1,1,5,2,5
SF,IH2006,2020-03-10 09:34:06.500,2886.6000,15216,0,814164720.000,0,-,-,-,-,2886.0000,2885.2000,2885.0000,2884.4000,2883.6000,2887.6000,2888.0000,2888.2000,2888.6000,2888.8000,1,3,1,6,1,1,1,1,5,1
SF,IH2006,2020-03-10 09:34:07.000,2886.6000,15216,0,814164720.000,0,-,-,-,-,2886.0000,2885.2000,2885.0000,2884.4000,2883.6000,2887.6000,2888.0000,2888.2000,2888.6000,2888.8000,1,3,1,6,1,1,1,1,5,1
SF,IH2006,2020-03-10 09:34:07.500,2886.6000,15216,0,814164720.000,0,-,-,-,-,2886.0000,2885.2000,2885.0000,2884.4000,2883.6000,2887.6000,2888.0000,2888.2000,2888.6000,2888.8000,1,3,1,6,1,1,1,1,5,1
SF,IH2006,2020-03-10 09:34:08.000,2886.6000,15216,0,814164720.000,0,-,-,-,-,2886.0000,2885.2000,2885.0000,2884.4000,2883.6000,2886.2000,2887.4000,2887.6000,2888.0000,2888.2000,1,3,1,6,1,1,1,1,1,1
SF,IH2006,2020-03-10 09:34:08.500,2886.2000,15215,-1,815030580.000,1,0,1,双平,S,2886.2000,2886.0000,2885.2000,2885.0000,2884.4000,2887.4000,2888.0000,2888.2000,2888.8000,2889.6000,2,1,3,1,6,1,1,1,1,1
SF,IH2006,2020-03-10 09:34:09.000,2886.2000,15215,0,815030580.000,0,-,-,-,-,2886.2000,2886.0000,2885.2000,2885.0000,2884.4000,2887.2000,2888.0000,2888.2000,2888.4000,2888.6000,2,1,3,1,6,1,1,1,5,5
SF,IH2006,2020-03-10 09:34:09.500,2886.2000,15215,0,815030580.000,0,-,-,-,-,2886.4000,2886.2000,2886.0000,2885.2000,2885.0000,2887.2000,2888.0000,2888.2000,2888.4000,2888.8000,1,2,1,3,1,1,1,1,5,1
SF,IH2006,2020-03-10 09:34:10.000,2886.2000,15215,0,815030580.000,0,-,-,-,-,2886.4000,2886.2000,2886.0000,2885.2000,2885.0000,2887.2000,2888.0000,2888.2000,2888.8000,2889.0000,1,2,1,3,1,1,1,1,1,1
SF,IH2006,2020-03-10 09:34:10.500,2886.2000,15212,-3,817628460.000,3,0,3,双平,S,2886.0000,2885.2000,2885.0000,2884.4000,2883.6000,2886.2000,2888.0000,2888.2000,2888.8000,2889.0000,1,3,1,6,1,1,1,1,1,1
SF,IH2006,2020-03-10 09:34:11.000,2886.2000,15211,-1,818494320.000,1,0,1,双平,S,2886.2000,2886.0000,2885.2000,2885.0000,2884.4000,2888.0000,2888.2000,2888.8000,2889.0000,2889.6000,3,1,3,1,6,1,1,1,1,1
SF,IH2006,2020-03-10 09:34:11.500,2886.2000,15211,0,818494320.000,0,-,-,-,-,2886.2000,2886.0000,2885.2000,2885.0000,2884.4000,2886.6000,2887.8000,2888.0000,2888.2000,2888.8000,3,1,3,1,6,1,1,1,1,1
SF,IH2006,2020-03-10 09:34:12.000,2886.6000,15210,-1,819360300.000,1,0,1,双平,S,2886.6000,2886.4000,2886.0000,2885.2000,2885.0000,2887.8000,2888.0000,2888.2000,2888.8000,2889.0000,3,1,1,3,1,3,1,1,1,1
SF,IH2006,2020-03-10 09:34:12.500,2886.6000,15210,0,820226280.000,1,0,1,多换,S,2886.8000,2886.6000,2886.0000,2885.2000,2885.0000,2887.8000,2888.0000,2888.2000,2888.8000,2889.0000,3,3,1,3,1,2,1,1,1,1
