市场代码,合约代码,时间,最新,持仓,增仓,成交额,成交量,开仓,平仓,成交类型,方向,买一价,买二价,买三价,买四价,买五价,卖一价,卖二价,卖三价,卖四价,卖五价,买一量,买二量,买三量,买四量,买五量,卖一量,卖二量,卖三量,卖四量,卖五量
SF,IH2006,2020-04-23 09:29:00.000,2737.0000,21444,0,12316500.000,15.000,-,-,-,-,2737.0000,2733.8000,2733.6000,2731.8000,2730.0000,2737.8000,2738.0000,2738.4000,2740.4000,2744.0000,3,4,4,1,1,1,1,1,1,1
SF,IH2006,2020-04-23 09:30:00.500,2738.4000,21440,-4,18065880.000,7,1,6,多平,S,2738.6000,2738.0000,2737.0000,2730.0000,2728.6000,2739.8000,2740.4000,2742.0000,2744.0000,2744.8000,3,3,3,1,1,1,1,1,2,1
SF,IH2006,2020-04-23 09:30:01.000,2739.4000,21434,-6,28745340.000,13,3,10,多平,S,2737.0000,2736.6000,2730.0000,2728.6000,2727.6000,2738.0000,2738.2000,2739.4000,2739.6000,2739.8000,1,1,1,1,1,1,2,2,18,4
SF,IH2006,2020-04-23 09:30:01.500,2736.6000,21432,-2,31208520.000,3,0,3,多平,S,2730.0000,2728.6000,2727.0000,2726.8000,2723.8000,2735.6000,2737.0000,2737.4000,2737.8000,2738.0000,1,1,1,1,1,1,1,1,10,4
SF,IH2006,2020-04-23 09:30:02.000,2735.4000,21431,-1,32849280.000,2,0,2,多平,S,2734.6000,2733.2000,2733.0000,2732.6000,2732.4000,2735.4000,2735.6000,2737.8000,2738.0000,2739.4000,1,1,3,1,1,1,1,9,1,2
SF,IH2006,2020-04-23 09:30:02.500,2734.8000,21429,-2,34490340.000,2,0,2,双平,S,2734.8000,2734.6000,2733.2000,2733.0000,2732.6000,2735.6000,2736.8000,2737.0000,2737.8000,2738.0000,2,1,1,1,1,1,2,1,9,1
SF,IH2006,2020-04-23 09:30:03.000,2734.8000,21428,-1,38592540.000,5,2,3,多平,S,2734.8000,2733.2000,2733.0000,2732.6000,2732.2000,2735.4000,2735.6000,2736.8000,2737.0000,2737.8000,1,1,1,1,1,7,1,2,1,2
SF,IH2006,2020-04-23 09:30:03.500,2734.8000,21427,-1,39412980.000,1,0,1,双平,S,2733.2000,2733.0000,2732.6000,2732.2000,2731.8000,2734.4000,2735.2000,2735.4000,2735.6000,2736.8000,1,1,1,1,1,1,4,7,1,1
SF,IH2006,2020-04-23 09:30:04.000,2734.8000,21427,0,39412980.000,0,-,-,-,-,2732.6000,2730.2000,2730.0000,2728.6000,2728.4000,2734.2000,2734.4000,2734.8000,2735.2000,2735.6000,1,14,4,1,5,7,3,1,1,1
SF,IH2006,2020-04-23 09:30:04.500,2734.8000,21427,0,39412980.000,0,-,-,-,-,2732.8000,2732.6000,2732.4000,2730.8000,2730.2000,2734.0000,2734.2000,2734.8000,2735.2000,2735.6000,1,1,1,2,13,5,7,1,1,1
SF,IH2006,2020-04-23 09:30:05.000,2734.0000,21426,-1,40233180.000,1,0,1,双平,S,2733.0000,2732.6000,2732.4000,2730.8000,2730.2000,2733.8000,2734.0000,2734.8000,2735.2000,2735.6000,1,1,1,2,12,9,1,1,1,1
SF,IH2006,2020-04-23 09:30:05.500,2733.6000,21420,-6,45153300.000,6,0,6,双平,S,2732.4000,2730.8000,2730.2000,2730.0000,2728.6000,2733.6000,2733.8000,2734.8000,2735.2000,2735.6000,1,2,10,4,1,2,5,1,1,1
SF,IH2006,2020-04-23 09:30:06.000,2733.6000,21420,0,45153300.000,0,-,-,-,-,2730.8000,2730.2000,2730.0000,2728.6000,2727.0000,2733.4000,2733.6000,2734.8000,2735.2000,2735.6000,2,9,3,1,1,5,3,1,1,1
SF,IH2006,2020-04-23 09:30:06.500,2733.6000,21420,0,45153300.000,0,-,-,-,-,2731.8000,2731.0000,2730.8000,2730.2000,2730.0000,2733.2000,2733.4000,2733.6000,2734.8000,2735.2000,3,10,2,4,3,2,7,1,1,1
SF,IH2006,2020-04-23 09:30:07.000,2731.0000,21419,-1,45972600.000,1,0,1,双平,S,2731.0000,2730.8000,2730.0000,2728.6000,2727.0000,2733.0000,2733.2000,2733.4000,2733.6000,2734.8000,8,2,3,1,1,5,3,1,1,1
SF,IH2006,2020-04-23 09:30:07.500,2731.0000,21419,0,45972600.000,0,-,-,-,-,2731.4000,2731.2000,2730.8000,2730.0000,2728.6000,2732.8000,2733.0000,2733.4000,2733.6000,2734.8000,1,5,2,3,1,3,7,1,1,1
SF,IH2006,2020-04-23 09:30:08.000,2731.2000,21418,-1,46791960.000,1,0,1,双平,S,2731.2000,2730.8000,2730.0000,2728.6000,2727.0000,2732.2000,2732.6000,2732.8000,2733.0000,2733.4000,5,2,2,1,1,1,9,4,1,1
SF,IH2006,2020-04-23 09:30:08.500,2731.2000,21416,-2,48430680.000,2,0,2,双平,S,2730.8000,2730.0000,2728.6000,2727.0000,2726.8000,2731.2000,2731.4000,2732.0000,2732.2000,2732.4000,2,1,1,1,1,1,2,12,2,1
SF,IH2006,2020-04-23 09:30:09.000,2730.8000,21414,-2,50069280.000,2,0,2,双平,S,2730.8000,2730.0000,2728.6000,2727.0000,2726.8000,2731.0000,2731.2000,2731.4000,2732.0000,2732.6000,1,1,1,1,1,2,1,3,2,2
SF,IH2006,2020-04-23 09:30:09.500,2730.8000,21409,-5,54165840.000,5,0,5,双平,S,2730.0000,2728.6000,2727.0000,2726.8000,2724.6000,2732.0000,2732.6000,2732.8000,2733.0000,2733.6000,1,1,1,1,5,1,2,1,1,1
SF,IH2006,2020-04-23 09:30:10.000,2730.8000,21409,0,54165840.000,0,-,-,-,-,2730.4000,2730.2000,2730.0000,2728.6000,2727.0000,2730.8000,2731.8000,2732.0000,2732.6000,2733.0000,1,6,2,1,1,2,1,1,2,1
SF,IH2006,2020-04-23 09:30:10.500,2730.8000,21408,-1,55804320.000,2,0,2,多平,S,2730.8000,2730.6000,2730.4000,2730.2000,2730.0000,2732.0000,2733.0000,2733.6000,2735.6000,2737.0000,1,4,1,5,2,1,1,1,1,1
SF,IH2006,2020-04-23 09:30:11.000,2730.8000,21408,0,55804320.000,0,-,-,-,-,2731.0000,2730.8000,2730.2000,2730.0000,2728.6000,2733.0000,2733.6000,2735.6000,2737.0000,2738.0000,5,1,4,2,1,1,1,1,1,2
SF,IH2006,2020-04-23 09:30:11.500,2730.8000,21401,-7,62358660.000,8,0,8,多平,S,2730.0000,2728.6000,2727.0000,2726.8000,2724.6000,2730.8000,2731.4000,2731.8000,2732.0000,2732.4000,1,1,1,1,5,3,1,1,2,3
SF,IH2006,2020-04-23 09:30:12.000,2730.0000,21400,-1,63177660.000,1,0,1,双平,S,2728.6000,2728.0000,2727.0000,2726.8000,2724.6000,2730.6000,2730.8000,2732.0000,2732.4000,2732.6000,1,1,1,1,5,5,2,1,3,5
SF,IH2006,2020-04-23 09:30:12.500,2730.6000,21397,-3,66454320.000,4,0,4,多平,S,2730.0000,2729.0000,2728.8000,2728.6000,2728.0000,2730.4000,2730.6000,2730.8000,2732.0000,2732.4000,1,1,12,1,1,1,2,2,1,3
SF,IH2006,2020-04-23 09:30:13.000,2730.6000,21395,-2,68911680.000,3,0,3,多平,S,2730.2000,2730.0000,2728.8000,2728.6000,2728.0000,2730.8000,2732.0000,2732.4000,2732.6000,2732.8000,1,1,9,1,1,2,1,3,5,6
SF,IH2006,2020-04-23 09:30:13.500,2730.8000,21394,-1,69730920.000,1,0,1,双平,S,2730.4000,2730.2000,2730.0000,2728.8000,2728.6000,2730.8000,2732.4000,2732.6000,2732.8000,2733.0000,5,2,1,8,1,1,2,1,6,1
SF,IH2006,2020-04-23 09:30:14.000,2730.8000,21393,-1,70550160.000,1,0,1,双平,S,2730.8000,2730.6000,2730.4000,2730.2000,2730.0000,2732.4000,2732.6000,2732.8000,2733.0000,2733.6000,1,4,2,1,1,2,1,1,1,1
SF,IH2006,2020-04-23 09:30:14.500,2730.8000,21393,0,70550160.000,0,-,-,-,-,2731.0000,2730.8000,2730.2000,2730.0000,2728.8000,2733.0000,2733.6000,2735.6000,2737.0000,2738.0000,7,1,1,1,5,1,1,1,1,2
SF,IH2006,2020-04-23 09:30:15.000,2730.8000,21393,0,70550160.000,0,-,-,-,-,2731.2000,2731.0000,2730.8000,2730.2000,2730.0000,2733.6000,2735.6000,2737.0000,2738.0000,2739.6000,7,7,1,1,1,1,1,1,2,4
SF,IH2006,2020-04-23 09:30:15.500,2730.8000,21393,0,70550160.000,0,-,-,-,-,2732.4000,2731.4000,2731.2000,2730.8000,2730.0000,2733.6000,2735.6000,2737.0000,2738.0000,2739.6000,1,7,8,1,1,1,1,1,2,4
SF,IH2006,2020-04-23 09:30:16.000,2730.8000,21393,0,70550160.000,0,-,-,-,-,2733.0000,2732.6000,2732.4000,2731.4000,2731.2000,2733.6000,2735.6000,2737.0000,2738.0000,2739.6000,3,8,1,1,6,1,1,1,2,4
SF,IH2006,2020-04-23 09:30:16.500,2730.8000,21393,0,70550160.000,0,-,-,-,-,2733.2000,2732.6000,2732.4000,2731.4000,2731.2000,2733.6000,2735.6000,2737.0000,2738.0000,2739.6000,4,3,1,1,6,1,1,1,2,4
SF,IH2006,2020-04-23 09:30:17.000,2733.6000,21392,-1,72190200.000,2,0,2,多平,S,2733.6000,2733.2000,2732.6000,2732.4000,2731.4000,2735.6000,2737.0000,2738.0000,2739.6000,2739.8000,1,2,3,1,1,1,1,2,4,1
SF,IH2006,2020-04-23 09:30:17.500,2733.6000,21391,-1,76290600.000,5,2,3,多平,S,2733.6000,2732.6000,2732.4000,2731.2000,2730.0000,2734.2000,2734.4000,2734.6000,2734.8000,2735.0000,1,1,1,1,1,2,3,4,1,4
SF,IH2006,2020-04-23 09:30:18.000,2733.6000,21391,0,77930760.000,2,1,1,多换,S,2732.6000,2732.4000,2731.2000,2730.0000,2728.6000,2734.0000,2735.2000,2735.4000,2735.6000,2736.2000,1,1,1,1,1,5,1,4,1,1
SF,IH2006,2020-04-23 09:30:18.500,2733.6000,21391,0,77930760.000,0,-,-,-,-,2732.8000,2730.0000,2728.6000,2728.0000,2727.2000,2733.8000,2734.0000,2735.2000,2735.4000,2735.6000,1,1,1,2,3,7,5,1,3,1
SF,IH2006,2020-04-23 09:30:19.000,2733.6000,21391,0,77930760.000,0,-,-,-,-,2730.0000,2728.6000,2728.0000,2727.2000,2727.0000,2733.6000,2733.8000,2735.2000,2735.4000,2735.6000,1,1,2,3,1,5,7,1,3,1
SF,IH2006,2020-04-23 09:30:19.500,2733.6000,21391,0,77930760.000,0,-,-,-,-,2731.8000,2731.4000,2730.6000,2730.2000,2730.0000,2733.0000,2733.2000,2733.4000,2733.6000,2733.8000,3,1,3,15,5,1,5,4,6,6
SF,IH2006,2020-04-23 09:30:20.000,2733.6000,21391,0,77930760.000,0,-,-,-,-,2732.0000,2731.4000,2730.6000,2730.2000,2730.0000,2732.8000,2733.2000,2733.4000,2733.6000,2733.8000,1,1,2,15,5,4,5,2,2,6
SF,IH2006,2020-04-23 09:30:20.500,2733.6000,21391,0,77930760.000,0,-,-,-,-,2731.4000,2730.6000,2730.2000,2730.0000,2728.6000,2732.0000,2732.8000,2733.0000,2733.2000,2733.4000,1,1,15,5,1,3,4,1,5,2
SF,IH2006,2020-04-23 09:30:21.000,2732.8000,21391,0,82029000.000,5,2,3,多换,S,2730.2000,2730.0000,2728.6000,2728.0000,2727.2000,2732.8000,2733.0000,2733.2000,2733.4000,2733.6000,14,4,1,2,3,2,1,5,2,2
SF,IH2006,2020-04-23 09:30:21.500,2732.8000,21391,0,82029000.000,0,-,-,-,-,2730.8000,2730.4000,2730.2000,2730.0000,2728.6000,2731.4000,2732.6000,2732.8000,2733.0000,2733.2000,1,4,13,4,1,1,3,2,1,5
SF,IH2006,2020-04-23 09:30:22.000,2731.4000,21390,-1,82848420.000,1,0,1,双平,S,2731.0000,2730.8000,2730.4000,2730.2000,2730.0000,2732.0000,2732.6000,2732.8000,2733.0000,2733.2000,7,1,1,2,4,1,3,2,1,5
SF,IH2006,2020-04-23 09:30:22.500,2731.4000,21390,0,82848420.000,0,-,-,-,-,2731.2000,2731.0000,2730.8000,2730.4000,2730.2000,2732.0000,2732.6000,2732.8000,2733.0000,2733.2000,3,5,1,1,2,1,3,2,1,5
SF,IH2006,2020-04-23 09:30:23.000,2731.4000,21390,0,82848420.000,0,-,-,-,-,2731.4000,2731.2000,2731.0000,2730.8000,2730.4000,2732.0000,2732.6000,2732.8000,2733.0000,2733.2000,1,3,3,1,1,1,3,2,1,5
SF,IH2006,2020-04-23 09:30:23.500,2731.4000,21389,-1,83667840.000,1,0,1,双平,S,2731.0000,2730.4000,2730.2000,2730.0000,2728.6000,2732.0000,2732.6000,2732.8000,2733.0000,2733.2000,1,1,1,2,1,1,2,2,1,5
SF,IH2006,2020-04-23 09:30:24.000,2731.4000,21389,0,83667840.000,0,-,-,-,-,2730.4000,2730.2000,2730.0000,2728.6000,2728.0000,2731.4000,2731.8000,2732.0000,2732.6000,2732.8000,1,1,1,1,2,1,1,1,2,2
SF,IH2006,2020-04-23 09:30:24.500,2731.8000,21387,-2,85306800.000,2,0,2,双平,S,2731.2000,2730.6000,2730.2000,2730.0000,2728.6000,2732.0000,2732.6000,2732.8000,2733.0000,2733.2000,1,9,1,1,1,1,2,2,1,5
SF,IH2006,2020-04-23 09:30:25.000,2731.8000,21387,0,85306800.000,0,-,-,-,-,2731.4000,2731.2000,2730.2000,2730.0000,2729.2000,2732.0000,2732.6000,2732.8000,2733.0000,2733.2000,3,1,1,1,1,1,2,2,1,5
SF,IH2006,2020-04-23 09:30:25.500,2732.0000,21385,-2,87765240.000,3,0,3,多平,S,2731.4000,2731.2000,2730.2000,2730.0000,2729.2000,2732.6000,2732.8000,2733.0000,2733.2000,2733.6000,1,1,2,1,1,2,2,1,5,1
SF,IH2006,2020-04-23 09:30:26.000,2732.0000,21385,0,87765240.000,0,-,-,-,-,2731.2000,2730.2000,2730.0000,2729.2000,2728.6000,2732.4000,2732.6000,2733.0000,2733.2000,2733.6000,2,2,1,1,1,5,2,1,5,1
SF,IH2006,2020-04-23 09:30:26.500,2732.0000,21385,0,87765240.000,0,-,-,-,-,2731.4000,2731.2000,2730.2000,2730.0000,2729.2000,2732.2000,2732.4000,2733.0000,2733.2000,2733.6000,2,2,2,1,1,2,5,1,4,1
SF,IH2006,2020-04-23 09:30:27.000,2732.0000,21385,0,87765240.000,0,-,-,-,-,2731.2000,2730.2000,2730.0000,2729.2000,2728.6000,2732.0000,2732.2000,2732.4000,2733.0000,2733.2000,2,4,1,1,1,2,1,2,1,4
SF,IH2006,2020-04-23 09:30:27.500,2732.0000,21385,0,87765240.000,0,-,-,-,-,2731.2000,2730.8000,2730.2000,2730.0000,2729.2000,2732.0000,2732.2000,2732.4000,2733.0000,2733.2000,2,1,4,1,1,2,1,2,1,4
SF,IH2006,2020-04-23 09:30:28.500,2732.0000,21385,0,87765240.000,0,-,-,-,-,2731.2000,2730.8000,2730.2000,2730.0000,2729.2000,2732.0000,2732.2000,2732.4000,2733.0000,2733.2000,2,1,4,1,1,2,1,1,1,4
SF,IH2006,2020-04-23 09:30:29.000,2732.0000,21385,0,87765240.000,0,-,-,-,-,2731.2000,2730.8000,2730.2000,2730.0000,2729.2000,2732.4000,2733.2000,2733.6000,2735.2000,2735.4000,2,1,4,1,1,1,4,1,1,2
SF,IH2006,2020-04-23 09:30:29.500,2732.0000,21385,0,87765240.000,0,-,-,-,-,2731.2000,2730.8000,2730.2000,2730.0000,2729.2000,2733.2000,2733.6000,2735.2000,2735.4000,2735.6000,2,1,4,1,1,4,1,1,2,1
SF,IH2006,2020-04-23 09:30:30.000,2732.0000,21385,0,87765240.000,0,-,-,-,-,2732.4000,2731.4000,2731.2000,2730.8000,2730.2000,2733.0000,2733.2000,2733.6000,2735.2000,2735.4000,1,7,2,1,3,4,4,1,1,2
SF,IH2006,2020-04-23 09:30:30.500,2732.4000,21383,-2,89404680.000,2,0,2,双平,S,2731.4000,2731.2000,2730.8000,2730.2000,2730.0000,2732.2000,2732.4000,2732.6000,2733.0000,2733.2000,4,2,1,3,1,2,1,1,3,4
SF,IH2006,2020-04-23 09:30:31.000,2732.4000,21383,0,89404680.000,0,-,-,-,-,2731.6000,2731.2000,2730.8000,2730.2000,2730.0000,2732.4000,2733.0000,2733.2000,2733.6000,2735.2000,1,3,1,3,1,1,3,4,1,1
SF,IH2006,2020-04-23 09:30:31.500,2732.4000,21383,0,89404680.000,0,-,-,-,-,2731.8000,2731.6000,2731.2000,2730.8000,2730.2000,2732.4000,2733.0000,2733.2000,2733.6000,2735.2000,1,1,3,1,3,1,3,4,1,1
SF,IH2006,2020-04-23 09:30:32.000,2732.4000,21383,0,89404680.000,0,-,-,-,-,2732.4000,2731.8000,2731.6000,2731.2000,2731.0000,2733.0000,2733.2000,2733.6000,2735.2000,2735.4000,6,1,1,3,1,2,4,1,1,2
SF,IH2006,2020-04-23 09:30:32.500,2732.4000,21383,0,89404680.000,0,-,-,-,-,2732.4000,2731.8000,2731.6000,2731.2000,2731.0000,2733.2000,2733.6000,2735.2000,2735.4000,2735.6000,6,1,1,3,1,4,1,1,2,1
SF,IH2006,2020-04-23 09:30:33.000,2732.4000,21383,0,89404680.000,0,-,-,-,-,2732.4000,2731.2000,2731.0000,2730.8000,2730.2000,2733.0000,2733.2000,2733.6000,2735.2000,2735.4000,6,3,1,1,3,2,4,1,1,2
SF,IH2006,2020-04-23 09:30:34.000,2733.0000,21382,-1,91044480.000,2,0,2,多平,S,2732.4000,2731.2000,2731.0000,2730.8000,2730.2000,2733.2000,2733.6000,2735.2000,2735.4000,2735.6000,6,3,1,1,3,4,1,1,2,1
SF,IH2006,2020-04-23 09:30:35.000,2733.0000,21382,0,91044480.000,0,-,-,-,-,2732.4000,2731.2000,2731.0000,2730.8000,2730.2000,2733.2000,2733.6000,2735.2000,2735.4000,2735.6000,6,2,1,1,3,4,1,1,2,1
SF,IH2006,2020-04-23 09:30:35.500,2733.0000,21382,0,91044480.000,0,-,-,-,-,2732.4000,2731.2000,2731.0000,2730.8000,2730.2000,2733.2000,2733.6000,2735.2000,2735.4000,2735.6000,6,3,1,1,3,4,1,1,2,1
SF,IH2006,2020-04-23 09:30:36.000,2732.4000,21381,-1,91864200.000,1,0,1,双平,S,2732.4000,2731.2000,2731.0000,2730.8000,2730.2000,2733.2000,2733.6000,2735.2000,2735.4000,2735.6000,5,3,1,1,3,4,1,1,2,1
SF,IH2006,2020-04-23 09:30:37.000,2733.2000,21376,-5,95963760.000,5,0,5,双平,S,2731.2000,2731.0000,2730.8000,2730.2000,2730.0000,2733.6000,2735.2000,2735.4000,2735.6000,2736.6000,3,1,1,3,1,1,1,2,1,1
SF,IH2006,2020-04-23 09:30:37.500,2733.2000,21376,0,95963760.000,0,-,-,-,-,2731.4000,2731.2000,2731.0000,2730.8000,2730.2000,2733.4000,2733.6000,2735.4000,2735.6000,2737.0000,9,3,1,1,3,13,2,2,1,1
SF,IH2006,2020-04-23 09:30:38.000,2733.2000,21376,0,95963760.000,0,-,-,-,-,2731.6000,2731.4000,2731.2000,2731.0000,2730.8000,2733.2000,2733.4000,2733.6000,2735.4000,2735.6000,1,8,3,1,1,7,9,2,2,1
SF,IH2006,2020-04-23 09:30:38.500,2733.2000,21376,0,95963760.000,0,-,-,-,-,2732.2000,2731.8000,2731.4000,2731.2000,2731.0000,2733.0000,2733.2000,2733.4000,2733.6000,2735.4000,1,1,5,3,1,3,6,9,2,2
SF,IH2006,2020-04-23 09:30:39.000,2732.2000,21375,-1,96783420.000,1,0,1,双平,S,2731.4000,2731.2000,2731.0000,2730.8000,2730.2000,2732.8000,2733.0000,2733.4000,2733.6000,2735.4000,4,3,1,1,3,5,2,8,2,2
SF,IH2006,2020-04-23 09:30:39.500,2732.2000,21375,0,96783420.000,0,-,-,-,-,2731.2000,2731.0000,2730.8000,2730.2000,2730.0000,2732.6000,2732.8000,2733.0000,2733.4000,2733.6000,3,1,1,3,1,1,5,1,8,2
SF,IH2006,2020-04-23 09:30:40.000,2732.2000,21375,0,96783420.000,0,-,-,-,-,2731.4000,2731.2000,2731.0000,2730.8000,2730.2000,2732.4000,2732.6000,2732.8000,2733.0000,2733.4000,1,3,1,1,3,4,1,1,1,8
SF,IH2006,2020-04-23 09:30:40.500,2732.2000,21375,0,96783420.000,0,-,-,-,-,2731.2000,2731.0000,2730.8000,2730.2000,2730.0000,2732.4000,2732.6000,2732.8000,2733.0000,2733.4000,3,1,1,3,1,4,1,1,1,8
SF,IH2006,2020-04-23 09:30:41.000,2732.2000,21375,0,96783420.000,0,-,-,-,-,2731.2000,2731.0000,2730.8000,2730.2000,2730.0000,2732.4000,2732.6000,2732.8000,2733.0000,2733.4000,2,1,1,3,1,4,1,1,1,7
SF,IH2006,2020-04-23 09:30:42.000,2731.2000,21375,0,98422140.000,2,1,1,多换,S,2730.8000,2730.2000,2730.0000,2729.2000,2728.6000,2732.4000,2732.6000,2733.0000,2733.4000,2733.6000,1,3,1,1,1,4,1,1,7,2
SF,IH2006,2020-04-23 09:30:42.500,2731.2000,21375,0,98422140.000,0,-,-,-,-,2730.8000,2730.2000,2730.0000,2729.2000,2728.6000,2732.2000,2732.4000,2733.0000,2733.4000,2733.6000,1,3,1,1,1,3,4,1,7,2
SF,IH2006,2020-04-23 09:30:43.000,2731.2000,21375,0,98422140.000,0,-,-,-,-,2730.8000,2730.2000,2730.0000,2729.2000,2728.6000,2732.0000,2732.2000,2732.4000,2733.0000,2733.4000,1,3,1,1,1,8,4,2,1,7
SF,IH2006,2020-04-23 09:30:43.500,2731.2000,21375,0,98422140.000,0,-,-,-,-,2730.8000,2730.2000,2730.0000,2729.2000,2728.6000,2731.8000,2732.0000,2732.2000,2732.4000,2733.0000,1,3,1,1,1,2,8,1,2,1
SF,IH2006,2020-04-23 09:30:44.000,2731.2000,21375,0,98422140.000,0,-,-,-,-,2730.8000,2730.2000,2730.0000,2729.2000,2728.6000,2731.6000,2731.8000,2732.0000,2732.2000,2732.4000,1,3,1,1,1,4,2,4,1,2
SF,IH2006,2020-04-23 09:30:44.500,2731.2000,21375,0,98422140.000,0,-,-,-,-,2731.0000,2730.8000,2730.2000,2730.0000,2729.2000,2731.6000,2731.8000,2732.0000,2732.2000,2732.4000,1,1,3,1,1,4,1,3,1,2
SF,IH2006,2020-04-23 09:30:45.000,2731.0000,21375,0,99241440.000,1,0,1,多换,S,2730.8000,2730.2000,2730.0000,2729.2000,2728.6000,2731.4000,2731.6000,2731.8000,2732.0000,2732.2000,1,3,1,1,1,2,4,1,4,1
SF,IH2006,2020-04-23 09:30:45.500,2731.0000,21375,0,99241440.000,0,-,-,-,-,2730.8000,2730.2000,2730.0000,2729.2000,2728.6000,2731.2000,2731.6000,2731.8000,2732.0000,2732.2000,1,3,1,1,1,2,2,1,1,1
SF,IH2006,2020-04-23 09:30:46.000,2730.8000,21375,0,100060680.000,1,0,1,多换,S,2730.2000,2730.0000,2729.2000,2728.6000,2728.0000,2731.6000,2731.8000,2732.0000,2732.2000,2732.4000,3,1,1,1,2,2,1,1,1,1
SF,IH2006,2020-04-23 09:30:46.500,2730.8000,21375,0,100060680.000,0,-,-,-,-,2730.2000,2730.0000,2729.2000,2728.6000,2728.0000,2731.4000,2731.6000,2731.8000,2732.0000,2732.2000,3,2,1,1,2,2,2,1,1,1
SF,IH2006,2020-04-23 09:30:47.000,2730.8000,21375,0,100060680.000,0,-,-,-,-,2730.2000,2730.0000,2729.2000,2728.6000,2728.0000,2731.2000,2731.4000,2731.8000,2732.0000,2732.2000,3,1,1,1,2,2,2,1,1,1
SF,IH2006,2020-04-23 09:30:47.500,2730.8000,21375,0,100060680.000,0,-,-,-,-,2730.2000,2730.0000,2729.2000,2728.6000,2728.0000,2731.0000,2731.2000,2731.8000,2732.0000,2732.2000,3,1,1,1,2,2,3,1,1,1
SF,IH2006,2020-04-23 09:30:48.000,2730.8000,21375,0,100060680.000,0,-,-,-,-,2730.2000,2730.0000,2729.2000,2728.6000,2728.0000,2731.0000,2731.2000,2731.8000,2732.0000,2732.2000,3,1,1,1,2,3,2,1,1,1
SF,IH2006,2020-04-23 09:30:49.000,2730.8000,21375,0,100060680.000,0,-,-,-,-,2730.2000,2730.0000,2729.2000,2728.6000,2728.0000,2731.0000,2731.2000,2731.8000,2732.0000,2732.2000,3,1,1,1,2,3,2,1,1,1
SF,IH2006,2020-04-23 09:30:49.500,2730.8000,21375,0,100060680.000,0,-,-,-,-,2730.2000,2730.0000,2729.2000,2728.6000,2728.0000,2731.0000,2731.2000,2731.8000,2732.0000,2732.2000,3,2,1,1,2,1,2,1,1,1
SF,IH2006,2020-04-23 09:30:50.000,2730.8000,21375,0,100060680.000,0,-,-,-,-,2730.2000,2730.0000,2729.2000,2728.6000,2728.0000,2731.0000,2731.2000,2731.8000,2732.0000,2732.2000,3,1,1,1,2,1,2,1,1,1
SF,IH2006,2020-04-23 09:30:50.500,2730.8000,21375,0,100060680.000,0,-,-,-,-,2730.2000,2730.0000,2729.2000,2728.6000,2728.0000,2731.0000,2731.2000,2731.8000,2732.0000,2732.2000,3,2,1,1,2,1,2,1,1,1
SF,IH2006,2020-04-23 09:30:51.000,2730.8000,21375,0,100060680.000,0,-,-,-,-,2730.2000,2730.0000,2729.2000,2728.6000,2728.0000,2731.0000,2731.2000,2731.8000,2732.0000,2732.2000,3,1,1,1,2,1,2,1,1,1
SF,IH2006,2020-04-23 09:30:52.000,2730.2000,21374,-1,100879740.000,1,0,1,双平,S,2730.2000,2730.0000,2729.2000,2728.6000,2728.0000,2731.0000,2731.2000,2731.8000,2732.0000,2732.2000,2,1,1,1,2,1,2,1,1,1
SF,IH2006,2020-04-23 09:30:52.500,2730.2000,21374,0,100879740.000,0,-,-,-,-,2730.2000,2730.0000,2729.2000,2728.6000,2728.2000,2731.0000,2731.2000,2731.8000,2732.0000,2732.2000,2,1,1,1,1,1,2,1,1,1
SF,IH2006,2020-04-23 09:30:53.000,2731.0000,21373,-1,101699040.000,1,0,1,双平,S,2731.0000,2730.2000,2730.0000,2729.2000,2728.6000,2731.2000,2731.4000,2731.8000,2732.0000,2732.2000,2,2,1,1,1,2,10,1,1,1
SF,IH2006,2020-04-23 09:30:53.500,2731.2000,21373,0,102518400.000,1,0,1,多换,S,2731.2000,2731.0000,2730.2000,2730.0000,2729.2000,2731.4000,2731.8000,2732.0000,2732.2000,2732.4000,1,1,2,1,1,10,1,1,1,1
SF,IH2006,2020-04-23 09:30:54.000,2731.4000,21374,1,103337820.000,1,1,0,双开,S,2731.2000,2730.2000,2730.0000,2729.2000,2728.6000,2731.4000,2731.8000,2732.0000,2732.2000,2732.4000,1,2,1,1,1,9,1,1,1,1
SF,IH2006,2020-04-23 09:30:54.500,2731.2000,21374,0,104157180.000,1,0,1,多换,S,2730.2000,2730.0000,2729.2000,2728.6000,2728.2000,2731.4000,2731.8000,2732.0000,2732.2000,2732.4000,2,1,1,1,1,9,1,1,1,1
SF,IH2006,2020-04-23 09:30:55.000,2731.2000,21374,0,104157180.000,0,-,-,-,-,2730.4000,2730.2000,2730.0000,2729.2000,2728.6000,2731.2000,2731.4000,2731.8000,2732.0000,2732.2000,4,2,2,1,1,4,9,1,1,1
SF,IH2006,2020-04-23 09:30:55.500,2731.2000,21374,0,104976540.000,1,0,1,多换,S,2730.4000,2730.2000,2730.0000,2729.2000,2728.6000,2731.4000,2731.8000,2732.0000,2732.2000,2732.4000,4,2,2,1,1,9,1,1,1,1
SF,IH2006,2020-04-23 09:30:56.000,2731.2000,21374,0,104976540.000,0,-,-,-,-,2730.4000,2730.2000,2730.0000,2729.2000,2728.6000,2731.4000,2731.8000,2732.0000,2732.2000,2732.4000,4,2,2,1,1,9,1,1,1,1
SF,IH2006,2020-04-23 09:30:56.500,2730.4000,21372,-2,106614780.000,2,0,2,双平,S,2730.4000,2730.2000,2730.0000,2729.2000,2728.6000,2731.2000,2731.4000,2731.8000,2732.0000,2732.2000,1,2,2,1,1,1,9,1,1,1
SF,IH2006,2020-04-23 09:30:57.000,2730.4000,21372,0,106614780.000,0,-,-,-,-,2730.2000,2730.0000,2729.2000,2728.6000,2728.2000,2731.2000,2731.4000,2731.8000,2732.0000,2732.2000,2,2,1,1,1,1,9,1,1,1
SF,IH2006,2020-04-23 09:30:57.500,2730.4000,21372,0,106614780.000,0,-,-,-,-,2730.2000,2730.0000,2729.2000,2728.6000,2728.2000,2730.4000,2731.0000,2731.2000,2731.4000,2731.8000,2,1,1,1,1,1,2,1,9,1
SF,IH2006,2020-04-23 09:30:58.000,2730.4000,21371,-1,107433900.000,1,0,1,双平,S,2730.4000,2730.2000,2730.0000,2729.2000,2728.6000,2731.0000,2731.2000,2731.4000,2731.8000,2732.0000,1,2,1,1,1,2,1,9,1,1
SF,IH2006,2020-04-23 09:30:58.500,2730.4000,21371,0,107433900.000,0,-,-,-,-,2730.2000,2730.0000,2729.2000,2728.6000,2728.2000,2731.0000,2731.2000,2731.4000,2731.8000,2732.0000,2,1,1,1,1,2,2,9,1,1
SF,IH2006,2020-04-23 09:30:59.000,2730.4000,21371,0,107433900.000,0,-,-,-,-,2730.2000,2730.0000,2729.2000,2728.6000,2728.2000,2730.8000,2731.0000,2731.2000,2731.4000,2731.8000,2,1,1,1,1,1,2,2,9,1
SF,IH2006,2020-04-23 09:30:59.500,2730.2000,21369,-2,109072020.000,2,0,2,双平,S,2730.2000,2730.0000,2729.8000,2729.2000,2728.6000,2730.6000,2730.8000,2731.2000,2731.4000,2731.8000,1,1,1,1,1,2,1,2,9,1
SF,IH2006,2020-04-23 09:31:00.000,2730.2000,21368,-1,109891080.000,1,0,1,双平,S,2730.2000,2730.0000,2729.8000,2729.2000,2728.6000,2730.8000,2731.2000,2731.4000,2731.8000,2732.0000,1,1,1,1,1,1,2,9,1,1
SF,IH2006,2020-04-23 09:31:00.500,2730.2000,21368,0,109891080.000,0,-,-,-,-,2730.2000,2730.0000,2729.8000,2729.2000,2728.6000,2730.6000,2730.8000,2731.2000,2731.4000,2731.8000,1,1,1,1,1,1,1,2,9,1
SF,IH2006,2020-04-23 09:31:01.000,2730.0000,21367,-1,111529140.000,2,0,2,多平,S,2729.8000,2729.2000,2728.6000,2728.2000,2728.0000,2730.2000,2730.6000,2730.8000,2731.2000,2731.4000,1,1,1,1,2,1,1,1,2,9
SF,IH2006,2020-04-23 09:31:01.500,2729.8000,21366,-1,112348080.000,1,0,1,双平,S,2729.2000,2728.6000,2728.2000,2728.0000,2727.0000,2730.2000,2730.6000,2730.8000,2731.2000,2731.4000,1,1,1,2,2,1,1,1,2,9
SF,IH2006,2020-04-23 09:31:02.000,2729.8000,21366,0,112348080.000,0,-,-,-,-,2729.4000,2729.2000,2728.6000,2728.2000,2728.0000,2730.8000,2731.2000,2731.4000,2731.8000,2732.0000,4,1,1,1,2,1,2,9,1,1
SF,IH2006,2020-04-23 09:31:02.500,2729.8000,21366,0,112348080.000,0,-,-,-,-,2729.4000,2729.2000,2728.6000,2728.2000,2728.0000,2730.2000,2730.6000,2730.8000,2731.2000,2731.4000,3,1,1,1,2,10,3,1,2,9
SF,IH2006,2020-04-23 09:31:03.000,2729.8000,21366,0,112348080.000,0,-,-,-,-,2729.4000,2729.2000,2728.6000,2728.2000,2728.0000,2730.0000,2730.2000,2730.6000,2730.8000,2731.2000,1,1,1,1,2,3,10,1,1,2
SF,IH2006,2020-04-23 09:31:03.500,2729.4000,21365,-1,113985900.000,2,0,2,多平,S,2729.2000,2728.6000,2728.2000,2728.0000,2727.0000,2730.0000,2730.2000,2730.6000,2730.8000,2731.2000,1,1,1,2,2,2,10,1,1,2
SF,IH2006,2020-04-23 09:31:04.000,2729.4000,21365,0,113985900.000,0,-,-,-,-,2729.4000,2729.2000,2728.6000,2728.2000,2728.0000,2730.0000,2730.2000,2730.6000,2730.8000,2731.2000,1,1,1,1,2,2,10,1,1,2
SF,IH2006,2020-04-23 09:31:04.500,2729.4000,21365,0,113985900.000,0,-,-,-,-,2729.2000,2728.6000,2728.2000,2728.0000,2727.0000,2729.4000,2730.0000,2730.2000,2730.6000,2730.8000,1,1,1,2,2,1,2,10,1,1
SF,IH2006,2020-04-23 09:31:05.000,2729.4000,21365,0,114804720.000,1,0,1,多换,S,2729.2000,2728.6000,2728.2000,2728.0000,2727.0000,2730.0000,2730.2000,2730.6000,2730.8000,2731.2000,1,1,1,2,2,2,10,1,1,2
SF,IH2006,2020-04-23 09:31:05.500,2729.4000,21365,0,114804720.000,0,-,-,-,-,2729.4000,2729.2000,2728.6000,2728.2000,2728.0000,2730.0000,2730.2000,2730.6000,2730.8000,2731.2000,1,1,1,1,2,2,10,1,1,2
SF,IH2006,2020-04-23 09:31:06.000,2729.4000,21365,0,114804720.000,0,-,-,-,-,2729.2000,2728.6000,2728.2000,2728.0000,2727.0000,2730.0000,2730.2000,2730.6000,2730.8000,2731.2000,1,1,1,2,2,2,10,1,1,2
SF,IH2006,2020-04-23 09:31:08.000,2729.4000,21365,0,114804720.000,0,-,-,-,-,2729.4000,2729.2000,2728.6000,2728.2000,2728.0000,2730.0000,2730.2000,2730.6000,2730.8000,2731.2000,1,1,1,1,2,2,10,1,1,2
SF,IH2006,2020-04-23 09:31:08.500,2729.4000,21365,0,114804720.000,0,-,-,-,-,2729.2000,2728.6000,2728.2000,2728.0000,2727.0000,2730.0000,2730.2000,2730.6000,2730.8000,2731.2000,1,1,1,2,2,2,10,1,1,2
SF,IH2006,2020-04-23 09:31:09.000,2729.4000,21365,0,114804720.000,0,-,-,-,-,2729.2000,2728.6000,2728.2000,2728.0000,2727.0000,2730.0000,2730.2000,2730.6000,2730.8000,2731.2000,1,1,1,2,2,2,10,1,1,2
SF,IH2006,2020-04-23 09:31:09.500,2729.2000,21364,-1,115623480.000,1,0,1,双平,S,2728.6000,2728.2000,2728.0000,2727.0000,2726.8000,2730.0000,2730.2000,2730.6000,2730.8000,2731.2000,2,1,2,2,1,2,10,1,1,2
SF,IH2006,2020-04-23 09:31:10.000,2729.2000,21364,0,116442240.000,1,0,1,多换,S,2729.0000,2728.8000,2728.6000,2728.2000,2728.0000,2729.2000,2729.8000,2730.0000,2730.2000,2730.6000,1,4,2,1,2,4,1,2,10,1
SF,IH2006,2020-04-23 09:31:10.500,2729.8000,21363,-1,120536220.000,5,2,3,多平,S,2729.8000,2729.6000,2729.4000,2729.2000,2728.6000,2730.0000,2730.2000,2730.6000,2731.2000,2731.4000,1,2,2,4,2,2,10,1,2,9
SF,IH2006,2020-04-23 09:31:11.000,2730.2000,21362,-1,122993340.000,3,1,2,多平,S,2729.8000,2729.6000,2729.4000,2729.2000,2728.6000,2730.2000,2730.6000,2731.2000,2731.4000,2731.8000,1,2,1,4,2,9,1,2,9,1
SF,IH2006,2020-04-23 09:31:11.500,2730.0000,21362,0,128726700.000,7,3,4,多换,S,2730.0000,2729.8000,2729.6000,2729.4000,2729.2000,2730.2000,2731.2000,2731.4000,2731.8000,2732.0000,3,1,2,1,1,3,2,9,1,1
SF,IH2006,2020-04-23 09:31:12.000,2730.0000,21360,-2,136917060.000,10,4,6,多平,S,2729.8000,2729.6000,2728.6000,2728.2000,2728.0000,2731.2000,2731.4000,2731.8000,2732.2000,2732.4000,1,2,2,1,3,2,9,1,1,1
SF,IH2006,2020-04-23 09:31:12.500,2729.8000,21358,-2,138555000.000,2,0,2,双平,S,2728.6000,2728.2000,2728.0000,2727.0000,2726.8000,2728.8000,2731.0000,2731.2000,2731.4000,2731.8000,2,1,3,2,1,2,3,2,9,1
SF,IH2006,2020-04-23 09:31:13.000,2728.8000,21354,-4,144285480.000,7,1,6,多平,S,2729.2000,2729.0000,2728.8000,2728.6000,2728.2000,2730.0000,2731.0000,2731.2000,2731.4000,2731.8000,1,2,12,2,1,2,3,2,9,1
SF,IH2006,2020-04-23 09:31:13.500,2730.0000,21352,-2,145923480.000,2,0,2,双平,S,2730.2000,2729.8000,2729.4000,2729.2000,2729.0000,2731.0000,2731.2000,2731.4000,2731.8000,2732.2000,1,1,4,1,3,2,2,9,1,1
SF,IH2006,2020-04-23 09:31:14.000,2730.2000,21352,0,147561600.000,2,1,1,多换,S,2730.4000,2729.4000,2729.0000,2728.6000,2728.2000,2731.0000,2731.2000,2731.4000,2731.8000,2732.0000,1,4,3,2,1,2,2,9,1,1
SF,IH2006,2020-04-23 09:31:14.500,2730.4000,21351,-1,148380720.000,1,0,1,双平,S,2729.4000,2729.0000,2728.6000,2728.2000,2728.0000,2730.8000,2731.0000,2731.2000,2731.4000,2731.8000,4,3,2,1,3,1,2,1,9,1
SF,IH2006,2020-04-23 09:31:15.000,2730.4000,21351,0,148380720.000,0,-,-,-,-,2729.6000,2729.4000,2729.2000,2729.0000,2728.6000,2730.6000,2730.8000,2731.0000,2731.2000,2731.4000,3,4,1,3,2,1,1,1,1,9
SF,IH2006,2020-04-23 09:31:15.500,2730.4000,21351,0,148380720.000,0,-,-,-,-,2729.8000,2729.6000,2729.4000,2729.2000,2729.0000,2730.8000,2731.0000,2731.2000,2731.4000,2731.8000,4,2,1,1,3,1,1,1,9,1
SF,IH2006,2020-04-23 09:31:16.000,2730.4000,21351,0,148380720.000,0,-,-,-,-,2729.8000,2729.6000,2729.4000,2729.2000,2729.0000,2730.8000,2731.0000,2731.2000,2731.4000,2731.8000,3,1,1,1,3,1,1,1,9,1
SF,IH2006,2020-04-23 09:31:16.500,2730.4000,21351,0,148380720.000,0,-,-,-,-,2730.0000,2729.8000,2729.6000,2729.4000,2729.2000,2730.8000,2731.0000,2731.2000,2731.4000,2731.8000,3,3,1,1,1,1,1,1,9,1
SF,IH2006,2020-04-23 09:31:17.000,2729.8000,21354,3,152475540.000,5,4,1,空开,S,2729.6000,2729.4000,2729.2000,2729.0000,2728.6000,2730.8000,2731.0000,2731.2000,2731.4000,2731.8000,1,1,1,3,2,1,1,1,9,1
SF,IH2006,2020-04-23 09:31:17.500,2729.8000,21354,0,152475540.000,0,-,-,-,-,2729.6000,2729.4000,2729.2000,2729.0000,2728.6000,2730.6000,2730.8000,2731.2000,2731.4000,2731.8000,1,1,1,3,2,1,1,1,9,1
SF,IH2006,2020-04-23 09:31:18.000,2729.8000,21354,0,152475540.000,0,-,-,-,-,2729.6000,2729.4000,2729.2000,2729.0000,2728.6000,2730.8000,2731.2000,2731.4000,2731.8000,2732.0000,1,2,1,3,2,1,1,9,1,1
SF,IH2006,2020-04-23 09:31:18.500,2730.8000,21354,0,153294780.000,1,0,1,多换,S,2731.0000,2729.8000,2729.6000,2729.4000,2729.2000,2731.2000,2731.4000,2731.8000,2732.0000,2733.0000,4,1,1,1,1,1,9,1,1,2
SF,IH2006,2020-04-23 09:31:19.000,2730.8000,21353,-1,157391220.000,5,2,3,多平,S,2729.8000,2729.6000,2729.4000,2729.2000,2729.0000,2730.6000,2730.8000,2731.0000,2731.2000,2731.4000,1,1,1,1,3,1,1,5,1,9
SF,IH2006,2020-04-23 09:31:19.500,2730.8000,21353,0,157391220.000,0,-,-,-,-,2729.8000,2729.6000,2729.4000,2729.2000,2729.0000,2730.6000,2730.8000,2731.0000,2731.2000,2731.4000,1,1,1,1,3,2,1,5,1,9
SF,IH2006,2020-04-23 09:31:20.000,2730.8000,21353,0,158210460.000,1,0,1,多换,S,2729.6000,2729.4000,2729.2000,2729.0000,2728.6000,2730.6000,2730.8000,2731.0000,2731.2000,2731.4000,1,1,1,3,2,2,1,4,1,9
SF,IH2006,2020-04-23 09:31:20.500,2730.8000,21353,0,158210460.000,0,-,-,-,-,2729.6000,2729.4000,2729.2000,2729.0000,2728.6000,2730.6000,2730.8000,2731.0000,2731.2000,2731.4000,1,1,1,3,2,2,1,4,1,9
SF,IH2006,2020-04-23 09:31:21.000,2730.8000,21353,0,158210460.000,0,-,-,-,-,2729.6000,2729.4000,2729.2000,2729.0000,2728.6000,2730.6000,2730.8000,2731.0000,2731.2000,2731.4000,1,2,1,3,2,2,1,4,1,9
SF,IH2006,2020-04-23 09:31:21.500,2730.8000,21353,0,158210460.000,0,-,-,-,-,2729.6000,2729.4000,2729.2000,2729.0000,2728.6000,2730.6000,2730.8000,2731.0000,2731.2000,2731.4000,1,3,1,3,2,2,1,4,1,9
SF,IH2006,2020-04-23 09:31:23.000,2730.8000,21353,0,158210460.000,0,-,-,-,-,2729.6000,2729.4000,2729.2000,2729.0000,2728.6000,2730.6000,2730.8000,2731.0000,2731.2000,2731.4000,1,3,1,4,2,2,1,4,1,9
SF,IH2006,2020-04-23 09:31:23.500,2730.8000,21353,0,158210460.000,0,-,-,-,-,2729.6000,2729.4000,2729.2000,2729.0000,2728.6000,2730.6000,2730.8000,2731.0000,2731.2000,2731.4000,1,4,1,4,2,2,1,4,1,9
SF,IH2006,2020-04-23 09:31:24.000,2730.8000,21353,0,158210460.000,0,-,-,-,-,2729.6000,2729.4000,2729.2000,2729.0000,2728.6000,2730.6000,2730.8000,2731.0000,2731.2000,2731.4000,1,6,1,4,2,2,1,4,1,9
SF,IH2006,2020-04-23 09:31:25.500,2730.8000,21353,0,158210460.000,0,-,-,-,-,2729.6000,2729.4000,2729.2000,2729.0000,2728.6000,2730.6000,2730.8000,2731.0000,2731.2000,2731.4000,2,6,1,4,2,2,1,4,1,9
SF,IH2006,2020-04-23 09:31:26.000,2730.6000,21352,-1,159029640.000,1,0,1,双平,S,2729.8000,2729.6000,2729.4000,2729.2000,2729.0000,2730.8000,2731.0000,2731.2000,2731.4000,2731.6000,3,2,7,1,4,1,4,1,9,1
SF,IH2006,2020-04-23 09:31:26.500,2730.6000,21352,0,159029640.000,0,-,-,-,-,2729.8000,2729.6000,2729.4000,2729.2000,2729.0000,2730.8000,2731.0000,2731.2000,2731.4000,2731.6000,3,4,7,1,4,1,1,1,9,1
SF,IH2006,2020-04-23 09:31:27.000,2730.6000,21352,0,159029640.000,0,-,-,-,-,2729.8000,2729.6000,2729.4000,2729.2000,2729.0000,2730.8000,2731.0000,2731.2000,2731.4000,2731.6000,3,4,7,1,4,1,1,1,9,1
SF,IH2006,2020-04-23 09:31:28.000,2730.6000,21352,0,159029640.000,0,-,-,-,-,2729.8000,2729.6000,2729.4000,2729.2000,2729.0000,2730.8000,2731.0000,2731.2000,2731.4000,2731.6000,3,4,7,1,4,1,1,1,9,1
SF,IH2006,2020-04-23 09:31:28.500,2730.6000,21352,0,159029640.000,0,-,-,-,-,2729.8000,2729.6000,2729.4000,2729.2000,2729.0000,2730.8000,2731.0000,2731.2000,2731.4000,2731.6000,2,4,7,1,4,1,1,1,9,1
SF,IH2006,2020-04-23 09:31:29.000,2730.6000,21352,0,159029640.000,0,-,-,-,-,2729.8000,2729.6000,2729.4000,2729.2000,2729.0000,2730.8000,2731.0000,2731.2000,2731.4000,2731.6000,2,6,7,1,4,1,1,1,9,1
SF,IH2006,2020-04-23 09:31:29.500,2730.6000,21352,0,159029640.000,0,-,-,-,-,2729.8000,2729.6000,2729.4000,2729.2000,2729.0000,2730.6000,2730.8000,2731.0000,2731.2000,2731.4000,2,6,7,1,4,2,2,1,1,9
SF,IH2006,2020-04-23 09:31:30.000,2730.6000,21352,0,159029640.000,0,-,-,-,-,2730.0000,2729.8000,2729.6000,2729.4000,2729.2000,2730.6000,2730.8000,2731.0000,2731.2000,2731.4000,1,2,7,7,1,2,2,1,1,9
SF,IH2006,2020-04-23 09:31:30.500,2730.6000,21352,0,159029640.000,0,-,-,-,-,2729.8000,2729.6000,2729.4000,2729.2000,2729.0000,2730.6000,2730.8000,2731.0000,2731.2000,2731.4000,2,7,7,1,4,2,2,1,1,9
SF,IH2006,2020-04-23 09:31:31.000,2730.6000,21351,-1,160668000.000,2,0,2,多平,S,2729.8000,2729.6000,2729.4000,2729.2000,2729.0000,2730.8000,2731.0000,2731.2000,2731.4000,2731.6000,2,8,7,1,4,2,1,1,9,1
SF,IH2006,2020-04-23 09:31:31.500,2730.8000,21350,-1,162306480.000,2,0,2,多平,S,2730.0000,2729.8000,2729.6000,2729.4000,2729.2000,2731.0000,2731.2000,2731.4000,2731.6000,2731.8000,2,2,9,7,1,1,1,9,1,1
SF,IH2006,2020-04-23 09:31:32.000,2730.8000,21350,0,162306480.000,0,-,-,-,-,2730.2000,2730.0000,2729.6000,2729.4000,2729.2000,2731.2000,2731.4000,2731.6000,2731.8000,2732.0000,2,4,9,7,1,1,9,1,1,1
SF,IH2006,2020-04-23 09:31:32.500,2730.8000,21350,0,162306480.000,0,-,-,-,-,2730.4000,2730.2000,2730.0000,2729.6000,2729.4000,2731.2000,2731.4000,2731.6000,2731.8000,2732.0000,4,2,2,9,7,1,9,1,1,1
SF,IH2006,2020-04-23 09:31:33.000,2730.4000,21349,-1,163125600.000,1,0,1,双平,S,2730.4000,2730.2000,2730.0000,2729.6000,2729.4000,2731.2000,2731.4000,2731.6000,2731.8000,2732.0000,1,2,1,9,7,1,9,1,1,1
SF,IH2006,2020-04-23 09:31:33.500,2731.4000,21349,0,165583800.000,3,1,2,多换,S,2730.8000,2730.6000,2730.4000,2730.2000,2730.0000,2731.4000,2731.6000,2731.8000,2732.0000,2732.6000,1,8,1,4,1,7,1,1,1,1
SF,IH2006,2020-04-23 09:31:34.000,2731.4000,21349,0,168042060.000,3,1,2,多换,S,2730.6000,2730.2000,2730.0000,2729.6000,2729.4000,2731.4000,2731.6000,2731.8000,2732.0000,2732.6000,4,3,1,9,7,4,1,1,1,1
SF,IH2006,2020-04-23 09:31:35.000,2731.4000,21349,0,168042060.000,0,-,-,-,-,2730.6000,2730.4000,2730.2000,2730.0000,2729.6000,2731.4000,2731.6000,2731.8000,2732.0000,2732.6000,4,2,3,1,9,4,1,1,1,1
SF,IH2006,2020-04-23 09:31:35.500,2731.4000,21349,0,168042060.000,0,-,-,-,-,2730.6000,2730.4000,2730.2000,2730.0000,2729.6000,2731.4000,2731.6000,2731.8000,2732.0000,2732.6000,4,3,3,1,9,5,1,1,1,1
SF,IH2006,2020-04-23 09:31:36.000,2731.4000,21349,0,168042060.000,0,-,-,-,-,2730.6000,2730.4000,2730.2000,2730.0000,2729.6000,2731.4000,2731.6000,2731.8000,2732.0000,2732.6000,4,4,3,1,9,5,1,1,1,1
SF,IH2006,2020-04-23 09:31:36.500,2731.4000,21349,0,168042060.000,0,-,-,-,-,2730.6000,2730.4000,2730.2000,2730.0000,2729.6000,2731.4000,2731.6000,2731.8000,2732.0000,2732.6000,4,5,3,1,9,5,1,1,1,1
SF,IH2006,2020-04-23 09:31:37.000,2730.6000,21348,-1,168861240.000,1,0,1,双平,S,2730.6000,2730.4000,2730.2000,2730.0000,2729.6000,2731.4000,2731.6000,2731.8000,2732.0000,2732.6000,2,5,3,1,9,5,1,1,1,1
SF,IH2006,2020-04-23 09:31:37.500,2730.6000,21348,0,168861240.000,0,-,-,-,-,2730.6000,2730.4000,2730.2000,2730.0000,2729.6000,2731.4000,2731.6000,2731.8000,2732.0000,2732.6000,2,6,3,1,9,5,1,1,1,1
SF,IH2006,2020-04-23 09:31:38.000,2730.6000,21347,-1,169680420.000,1,0,1,双平,S,2730.6000,2730.4000,2730.2000,2730.0000,2729.6000,2731.4000,2731.6000,2731.8000,2732.0000,2732.6000,1,6,3,1,9,5,1,1,1,1
SF,IH2006,2020-04-23 09:31:38.500,2730.6000,21347,0,169680420.000,0,-,-,-,-,2730.6000,2730.4000,2730.2000,2730.0000,2729.6000,2731.0000,2731.4000,2731.6000,2731.8000,2732.0000,1,8,3,1,9,1,5,1,1,1
SF,IH2006,2020-04-23 09:31:39.000,2730.6000,21347,0,169680420.000,0,-,-,-,-,2730.6000,2730.4000,2730.2000,2730.0000,2729.6000,2731.0000,2731.4000,2731.6000,2731.8000,2732.0000,1,9,3,1,9,1,5,1,1,1
SF,IH2006,2020-04-23 09:31:39.500,2730.6000,21346,-1,170499600.000,1,0,1,双平,S,2730.4000,2730.2000,2730.0000,2729.6000,2729.4000,2731.0000,2731.4000,2731.6000,2731.8000,2732.0000,9,3,1,9,7,1,5,1,1,1
SF,IH2006,2020-04-23 09:31:40.000,2730.6000,21346,0,170499600.000,0,-,-,-,-,2730.6000,2730.4000,2730.2000,2730.0000,2729.6000,2731.0000,2731.4000,2731.6000,2731.8000,2732.0000,2,9,1,1,9,1,5,1,1,1
SF,IH2006,2020-04-23 09:31:40.500,2730.6000,21345,-1,172137960.000,2,0,2,多平,S,2730.4000,2730.2000,2730.0000,2729.6000,2729.4000,2731.0000,2731.4000,2731.6000,2731.8000,2732.0000,10,1,1,9,7,1,5,1,1,1
SF,IH2006,2020-04-23 09:31:41.000,2730.6000,21345,0,172137960.000,0,-,-,-,-,2730.4000,2730.2000,2730.0000,2729.6000,2729.4000,2731.0000,2731.4000,2731.6000,2731.8000,2732.0000,10,2,1,9,7,1,5,1,1,1
SF,IH2006,2020-04-23 09:31:42.000,2730.4000,21345,0,172957080.000,1,0,1,多换,S,2730.4000,2730.2000,2730.0000,2729.6000,2729.4000,2731.0000,2731.4000,2731.6000,2731.8000,2732.0000,9,2,1,9,7,1,5,1,1,1
SF,IH2006,2020-04-23 09:31:42.500,2730.4000,21345,0,172957080.000,0,-,-,-,-,2730.4000,2730.2000,2730.0000,2729.6000,2729.4000,2731.0000,2731.4000,2731.6000,2731.8000,2732.0000,9,3,1,9,7,1,5,1,1,1
SF,IH2006,2020-04-23 09:31:43.500,2730.4000,21345,0,172957080.000,0,-,-,-,-,2730.6000,2730.4000,2730.2000,2730.0000,2729.6000,2731.0000,2731.4000,2731.6000,2731.8000,2732.0000,2,9,3,1,9,1,5,1,1,1
SF,IH2006,2020-04-23 09:31:44.000,2730.4000,21345,0,172957080.000,0,-,-,-,-,2730.6000,2730.4000,2730.2000,2730.0000,2729.6000,2731.0000,2731.4000,2731.6000,2731.8000,2732.0000,2,12,3,1,9,1,5,1,1,1
SF,IH2006,2020-04-23 09:31:44.500,2730.4000,21345,0,172957080.000,0,-,-,-,-,2730.6000,2730.4000,2730.2000,2730.0000,2729.6000,2731.0000,2731.4000,2731.6000,2731.8000,2732.0000,2,12,3,1,9,2,5,1,1,1
SF,IH2006,2020-04-23 09:31:46.000,2731.0000,21344,-1,173776380.000,1,0,1,双平,S,2730.6000,2730.4000,2730.2000,2730.0000,2729.6000,2731.0000,2731.4000,2731.6000,2731.8000,2732.0000,2,12,3,1,9,1,5,1,1,1
SF,IH2006,2020-04-23 09:31:46.500,2731.0000,21344,0,174595680.000,1,0,1,多换,S,2731.0000,2730.6000,2730.4000,2730.2000,2730.0000,2731.4000,2731.6000,2731.8000,2732.0000,2732.6000,1,2,9,2,1,5,1,1,2,1
SF,IH2006,2020-04-23 09:31:47.000,2731.6000,21342,-2,179512260.000,6,2,4,多平,S,2731.0000,2730.6000,2730.4000,2730.2000,2730.0000,2731.8000,2732.0000,2732.6000,2733.0000,2733.2000,17,2,8,2,1,1,2,1,2,1
SF,IH2006,2020-04-23 09:31:47.500,2731.6000,21342,0,179512260.000,0,-,-,-,-,2731.2000,2731.0000,2730.6000,2730.4000,2730.2000,2732.0000,2732.6000,2733.0000,2733.2000,2733.4000,2,18,2,7,1,2,1,2,1,6
SF,IH2006,2020-04-23 09:31:48.000,2731.6000,21342,0,179512260.000,0,-,-,-,-,2731.2000,2731.0000,2730.6000,2730.4000,2730.2000,2732.0000,2732.6000,2733.0000,2733.2000,2733.4000,5,18,2,7,1,2,1,2,1,6
SF,IH2006,2020-04-23 09:31:50.500,2731.6000,21342,0,179512260.000,0,-,-,-,-,2731.4000,2731.2000,2731.0000,2730.6000,2730.4000,2732.0000,2732.6000,2733.0000,2733.2000,2733.4000,1,5,18,2,7,2,1,2,1,6
SF,IH2006,2020-04-23 09:31:51.000,2732.0000,21341,-1,180331860.000,1,0,1,双平,S,2731.4000,2731.2000,2731.0000,2730.6000,2730.4000,2732.6000,2733.0000,2733.2000,2733.4000,2733.6000,1,5,18,2,1,1,2,1,6,2
SF,IH2006,2020-04-23 09:31:51.500,2732.0000,21341,0,180331860.000,0,-,-,-,-,2731.6000,2731.4000,2731.2000,2731.0000,2730.6000,2732.4000,2732.6000,2733.0000,2733.2000,2733.4000,2,9,3,18,2,3,1,2,1,6
SF,IH2006,2020-04-23 09:31:52.000,2732.0000,21341,0,180331860.000,0,-,-,-,-,2731.6000,2731.4000,2731.2000,2731.0000,2730.6000,2732.4000,2732.6000,2733.0000,2733.2000,2733.4000,2,10,3,1,2,1,1,2,1,6
SF,IH2006,2020-04-23 09:31:52.500,2732.0000,21341,0,180331860.000,0,-,-,-,-,2731.6000,2731.4000,2731.2000,2731.0000,2730.6000,2732.4000,2732.6000,2733.0000,2733.2000,2733.4000,20,10,3,1,2,1,1,2,1,6
SF,IH2006,2020-04-23 09:31:53.000,2732.4000,21340,-1,181151580.000,1,0,1,双平,S,2731.8000,2731.6000,2731.4000,2731.0000,2730.6000,2732.6000,2733.0000,2733.2000,2733.4000,2733.6000,1,20,10,1,2,1,2,1,6,2
SF,IH2006,2020-04-23 09:31:53.500,2732.4000,21340,0,181151580.000,0,-,-,-,-,2731.8000,2731.6000,2731.4000,2731.0000,2730.6000,2732.6000,2733.0000,2733.2000,2733.4000,2733.6000,4,20,10,1,2,1,2,1,6,2
SF,IH2006,2020-04-23 09:31:54.000,2732.4000,21340,0,181151580.000,0,-,-,-,-,2732.4000,2732.0000,2731.8000,2731.6000,2731.4000,2732.6000,2733.0000,2733.2000,2733.4000,2733.6000,1,1,4,19,10,1,2,1,6,2
SF,IH2006,2020-04-23 09:31:54.500,2732.0000,21337,-3,184430400.000,4,0,4,多平,S,2731.8000,2731.6000,2731.4000,2730.6000,2730.4000,2732.4000,2733.0000,2733.2000,2733.4000,2733.6000,4,19,10,2,1,1,2,1,6,2
SF,IH2006,2020-04-23 09:31:55.500,2732.0000,21337,0,184430400.000,0,-,-,-,-,2731.8000,2731.6000,2731.4000,2730.6000,2730.4000,2732.4000,2733.0000,2733.2000,2733.4000,2733.6000,4,19,10,2,1,1,2,1,6,2
SF,IH2006,2020-04-23 09:31:56.000,2731.8000,21334,-3,186889020.000,3,0,3,双平,S,2731.6000,2731.4000,2730.6000,2730.4000,2730.0000,2732.2000,2732.4000,2733.0000,2733.2000,2733.4000,19,10,2,1,1,1,1,2,1,6
SF,IH2006,2020-04-23 09:31:56.500,2731.8000,21334,0,186889020.000,0,-,-,-,-,2731.6000,2731.4000,2730.6000,2730.4000,2730.0000,2732.0000,2732.2000,2732.4000,2733.0000,2733.2000,19,1,2,1,1,1,1,1,2,1
SF,IH2006,2020-04-23 09:31:57.000,2732.0000,21334,0,187708620.000,1,0,1,多换,S,2731.6000,2731.4000,2730.6000,2730.4000,2730.0000,2732.2000,2732.4000,2733.0000,2733.2000,2733.4000,28,1,2,1,1,1,1,2,1,6
SF,IH2006,2020-04-23 09:31:57.500,2732.0000,21334,0,187708620.000,0,-,-,-,-,2731.6000,2731.4000,2730.6000,2730.4000,2730.0000,2732.2000,2732.4000,2733.0000,2733.2000,2733.4000,9,1,2,1,1,1,1,2,1,6
SF,IH2006,2020-04-23 09:31:58.000,2732.0000,21334,0,187708620.000,0,-,-,-,-,2731.6000,2731.4000,2730.6000,2730.4000,2730.0000,2732.2000,2732.4000,2733.0000,2733.2000,2733.4000,28,1,2,1,1,1,1,2,1,6
SF,IH2006,2020-04-23 09:31:58.500,2731.6000,21333,-1,188528100.000,1,0,1,双平,S,2731.6000,2731.4000,2730.6000,2730.4000,2730.0000,2732.2000,2732.4000,2733.0000,2733.2000,2733.4000,27,1,2,1,1,1,1,2,1,6
SF,IH2006,2020-04-23 09:31:59.000,2731.6000,21332,-1,189347580.000,1,0,1,双平,S,2731.6000,2731.4000,2730.6000,2730.4000,2730.0000,2732.2000,2732.4000,2733.0000,2733.2000,2733.4000,27,1,2,1,1,1,1,2,1,6
SF,IH2006,2020-04-23 09:31:59.500,2731.6000,21326,-6,194264460.000,6,0,6,双平,S,2731.6000,2731.4000,2730.6000,2730.4000,2730.0000,2732.2000,2732.4000,2733.0000,2733.2000,2733.4000,21,1,2,1,1,1,1,2,1,6
SF,IH2006,2020-04-23 09:32:00.000,2731.6000,21323,-3,196722900.000,3,0,3,双平,S,2731.6000,2731.4000,2730.6000,2730.4000,2730.0000,2732.2000,2733.0000,2733.2000,2733.4000,2733.6000,18,1,2,1,1,2,2,1,6,2
SF,IH2006,2020-04-23 09:32:00.500,2731.6000,21323,0,196722900.000,0,-,-,-,-,2731.6000,2731.4000,2730.6000,2730.4000,2730.0000,2731.8000,2732.2000,2733.0000,2733.2000,2733.4000,18,1,2,1,1,2,2,2,1,6
SF,IH2006,2020-04-23 09:32:01.000,2731.8000,21321,-2,198361920.000,2,0,2,双平,S,2731.6000,2731.4000,2730.6000,2730.4000,2730.0000,2731.8000,2732.2000,2733.0000,2733.2000,2733.4000,17,1,2,1,1,1,2,2,1,6
SF,IH2006,2020-04-23 09:32:01.500,2732.2000,21319,-2,201640020.000,4,1,3,多平,S,2731.6000,2731.4000,2730.6000,2730.4000,2730.0000,2732.2000,2733.0000,2733.2000,2733.4000,2733.6000,14,1,2,1,1,1,2,1,6,2
SF,IH2006,2020-04-23 09:32:02.000,2731.6000,21318,-1,202459500.000,1,0,1,双平,S,2731.6000,2731.4000,2730.6000,2730.4000,2730.0000,2732.2000,2733.0000,2733.2000,2733.4000,2733.6000,13,1,2,1,1,1,2,1,6,2
SF,IH2006,2020-04-23 09:32:02.500,2731.6000,21318,0,202459500.000,0,-,-,-,-,2731.6000,2731.4000,2730.6000,2730.4000,2730.0000,2732.2000,2733.0000,2733.2000,2733.4000,2733.6000,19,1,2,1,1,1,2,1,6,2
SF,IH2006,2020-04-23 09:32:03.000,2731.6000,21318,0,202459500.000,0,-,-,-,-,2731.6000,2731.4000,2730.6000,2730.4000,2730.0000,2732.2000,2733.0000,2733.2000,2733.4000,2733.6000,7,1,2,1,1,1,2,1,6,2
SF,IH2006,2020-04-23 09:32:03.500,2731.6000,21318,0,202459500.000,0,-,-,-,-,2731.8000,2731.6000,2731.4000,2730.6000,2730.4000,2732.0000,2732.2000,2733.0000,2733.2000,2733.4000,1,20,1,2,1,1,1,2,1,6
SF,IH2006,2020-04-23 09:32:04.000,2731.6000,21318,0,202459500.000,0,-,-,-,-,2731.8000,2731.6000,2731.4000,2730.6000,2730.4000,2732.0000,2732.2000,2733.0000,2733.2000,2733.4000,1,19,2,2,1,2,1,2,1,6
SF,IH2006,2020-04-23 09:32:04.500,2731.6000,21318,0,202459500.000,0,-,-,-,-,2731.8000,2731.6000,2731.4000,2730.6000,2730.4000,2732.0000,2732.2000,2733.0000,2733.2000,2733.4000,2,19,2,2,1,1,1,2,1,6
SF,IH2006,2020-04-23 09:32:05.000,2732.2000,21317,-1,204098760.000,2,0,2,多平,S,2732.0000,2731.8000,2731.6000,2731.4000,2730.6000,2733.0000,2733.2000,2733.4000,2733.6000,2734.0000,1,2,19,2,2,2,1,6,2,2
SF,IH2006,2020-04-23 09:32:05.500,2732.0000,21317,0,204918360.000,1,0,1,多换,S,2731.8000,2731.6000,2731.4000,2730.6000,2730.4000,2732.0000,2732.4000,2732.6000,2732.8000,2733.0000,2,19,2,2,1,1,1,1,18,3
SF,IH2006,2020-04-23 09:32:06.000,2732.0000,21316,-1,206557560.000,2,0,2,多平,S,2731.8000,2731.6000,2731.4000,2730.6000,2730.4000,2732.8000,2733.0000,2733.2000,2733.6000,2734.0000,2,19,2,2,1,17,3,1,2,2
SF,IH2006,2020-04-23 09:32:06.500,2732.0000,21316,0,206557560.000,0,-,-,-,-,2731.8000,2731.6000,2731.4000,2730.6000,2730.4000,2732.6000,2732.8000,2733.0000,2733.2000,2733.6000,2,19,2,2,1,1,8,3,1,2
SF,IH2006,2020-04-23 09:32:07.000,2732.0000,21316,0,206557560.000,0,-,-,-,-,2732.2000,2731.8000,2731.6000,2731.4000,2730.6000,2732.8000,2733.0000,2733.2000,2733.6000,2734.0000,1,2,19,2,2,5,3,1,2,2
SF,IH2006,2020-04-23 09:32:07.500,2732.0000,21316,0,206557560.000,0,-,-,-,-,2732.2000,2731.8000,2731.6000,2731.4000,2730.6000,2732.8000,2733.0000,2733.2000,2733.6000,2734.0000,1,2,13,2,2,4,3,1,2,2
SF,IH2006,2020-04-23 09:32:08.000,2732.8000,21315,-1,207377400.000,1,0,1,双平,S,2732.2000,2731.8000,2731.6000,2731.4000,2730.6000,2732.8000,2733.0000,2733.2000,2733.6000,2734.0000,7,2,13,2,2,3,3,1,2,2
SF,IH2006,2020-04-23 09:32:08.500,2732.8000,21315,0,207377400.000,0,-,-,-,-,2732.8000,2732.2000,2731.8000,2731.4000,2730.6000,2733.0000,2733.2000,2733.6000,2734.0000,2734.4000,1,7,2,2,2,2,1,2,2,1
SF,IH2006,2020-04-23 09:32:09.000,2732.8000,21313,-2,209017080.000,2,0,2,双平,S,2732.8000,2732.2000,2731.8000,2731.4000,2730.6000,2733.0000,2733.2000,2733.6000,2734.0000,2734.4000,12,7,2,2,2,2,1,2,2,1
SF,IH2006,2020-04-23 09:32:09.500,2733.0000,21312,-1,211476720.000,3,1,2,多平,S,2732.8000,2732.2000,2731.8000,2731.4000,2730.6000,2733.2000,2733.6000,2734.0000,2734.4000,2735.0000,11,7,1,2,2,1,2,2,1,1
SF,IH2006,2020-04-23 09:32:10.000,2732.8000,21310,-2,214756080.000,4,1,3,多平,S,2732.8000,2732.2000,2731.8000,2731.4000,2730.6000,2733.0000,2733.2000,2733.6000,2734.0000,2734.4000,8,8,1,2,2,3,1,2,2,1
SF,IH2006,2020-04-23 09:32:10.500,2732.8000,21300,-10,222954480.000,10,0,10,双平,S,2732.2000,2731.8000,2731.4000,2730.6000,2730.4000,2733.0000,2733.2000,2733.6000,2734.0000,2734.4000,8,1,2,2,1,2,1,2,2,1
SF,IH2006,2020-04-23 09:32:11.000,2732.2000,21300,0,223774140.000,1,0,1,多换,S,2732.2000,2731.8000,2731.4000,2730.6000,2730.4000,2732.4000,2732.8000,2733.0000,2733.2000,2733.6000,7,1,2,2,1,1,3,1,1,2
SF,IH2006,2020-04-23 09:32:11.500,2732.4000,21300,0,224593860.000,1,0,1,多换,S,2732.2000,2731.8000,2731.4000,2730.6000,2730.4000,2732.8000,2733.0000,2733.2000,2733.6000,2734.0000,7,1,2,2,1,3,1,1,2,2
SF,IH2006,2020-04-23 09:32:12.000,2732.2000,21293,-7,230331480.000,7,0,7,双平,S,2731.8000,2731.4000,2730.6000,2730.4000,2730.0000,2732.6000,2732.8000,2733.0000,2733.2000,2733.6000,1,2,2,1,1,1,3,1,1,2
SF,IH2006,2020-04-23 09:32:12.500,2732.2000,21293,0,230331480.000,0,-,-,-,-,2732.2000,2731.8000,2731.4000,2730.6000,2730.4000,2732.4000,2732.6000,2733.0000,2733.2000,2733.6000,1,1,1,2,1,4,1,1,1,2
SF,IH2006,2020-04-23 09:32:13.000,2732.2000,21293,0,232790340.000,3,1,2,多换,S,2731.4000,2730.6000,2730.4000,2730.0000,2729.6000,2732.4000,2732.6000,2733.0000,2733.2000,2733.6000,1,2,1,1,1,4,1,1,1,2
SF,IH2006,2020-04-23 09:32:13.500,2732.2000,21293,0,232790340.000,0,-,-,-,-,2731.4000,2730.6000,2730.4000,2730.0000,2729.6000,2732.2000,2732.4000,2732.6000,2733.0000,2733.2000,5,2,1,1,1,1,3,1,1,1
SF,IH2006,2020-04-23 09:32:14.000,2732.2000,21293,0,232790340.000,0,-,-,-,-,2731.4000,2730.6000,2730.4000,2730.0000,2729.6000,2732.0000,2732.6000,2733.0000,2733.2000,2733.6000,5,2,1,1,1,3,1,1,1,2
SF,IH2006,2020-04-23 09:32:14.500,2732.2000,21293,0,232790340.000,0,-,-,-,-,2731.4000,2730.6000,2730.4000,2730.0000,2729.6000,2732.0000,2732.6000,2733.0000,2733.2000,2733.6000,7,2,1,1,1,3,1,1,1,2
SF,IH2006,2020-04-23 09:32:15.000,2732.2000,21293,0,232790340.000,0,-,-,-,-,2731.4000,2730.6000,2730.4000,2730.0000,2729.6000,2732.6000,2733.0000,2733.2000,2733.6000,2734.0000,7,2,1,1,1,1,1,1,2,2
SF,IH2006,2020-04-23 09:32:15.500,2732.2000,21293,0,232790340.000,0,-,-,-,-,2731.4000,2730.6000,2730.4000,2730.0000,2729.6000,2732.4000,2732.6000,2733.0000,2733.2000,2733.6000,7,2,1,1,1,9,1,1,1,2
SF,IH2006,2020-04-23 09:32:16.000,2732.2000,21293,0,232790340.000,0,-,-,-,-,2731.4000,2730.6000,2730.4000,2730.0000,2729.6000,2732.0000,2732.2000,2732.4000,2732.6000,2733.0000,7,2,1,1,1,1,8,10,1,1
SF,IH2006,2020-04-23 09:32:16.500,2731.4000,21293,0,236068020.000,4,2,2,多换,S,2731.4000,2731.0000,2730.6000,2730.4000,2730.0000,2731.8000,2732.2000,2732.4000,2732.6000,2733.0000,3,1,2,1,1,6,8,4,1,1
SF,IH2006,2020-04-23 09:32:17.000,2731.4000,21293,0,236887440.000,1,0,1,多换,S,2731.4000,2731.0000,2730.6000,2730.4000,2730.0000,2731.6000,2731.8000,2732.2000,2732.4000,2732.6000,2,1,2,1,1,1,5,8,4,1
SF,IH2006,2020-04-23 09:32:17.500,2731.4000,21292,-1,238526280.000,2,0,2,多平,S,2731.0000,2730.6000,2730.4000,2730.0000,2729.6000,2731.4000,2731.8000,2732.2000,2732.4000,2732.6000,1,2,1,1,1,1,1,8,4,1
SF,IH2006,2020-04-23 09:32:18.500,2731.4000,21292,0,238526280.000,0,-,-,-,-,2731.0000,2730.6000,2730.4000,2730.0000,2729.6000,2731.4000,2731.8000,2732.2000,2732.4000,2732.6000,1,2,1,1,1,1,1,8,4,1
SF,IH2006,2020-04-23 09:32:19.000,2731.0000,21292,0,239345580.000,1,0,1,多换,S,2730.6000,2730.4000,2730.0000,2729.8000,2729.6000,2731.4000,2731.8000,2732.2000,2732.4000,2732.6000,2,1,1,1,1,1,1,8,4,1
SF,IH2006,2020-04-23 09:32:19.500,2731.0000,21292,0,239345580.000,0,-,-,-,-,2730.6000,2730.4000,2730.0000,2729.8000,2729.6000,2731.2000,2731.4000,2732.2000,2732.4000,2732.6000,2,1,1,1,1,5,1,7,3,1
SF,IH2006,2020-04-23 09:32:20.000,2731.0000,21292,0,239345580.000,0,-,-,-,-,2730.6000,2730.4000,2730.0000,2729.8000,2729.6000,2731.0000,2731.2000,2732.2000,2732.4000,2732.6000,2,1,1,1,1,2,4,7,3,1
SF,IH2006,2020-04-23 09:32:20.500,2731.0000,21292,0,239345580.000,0,-,-,-,-,2730.6000,2730.4000,2730.0000,2729.8000,2729.6000,2731.0000,2731.2000,2732.2000,2732.4000,2732.6000,2,1,1,1,1,1,2,7,3,1
SF,IH2006,2020-04-23 09:32:21.000,2731.0000,21292,0,239345580.000,0,-,-,-,-,2730.6000,2730.4000,2730.0000,2729.8000,2729.6000,2730.8000,2731.0000,2731.2000,2732.2000,2732.4000,2,1,1,1,1,1,2,1,7,3
SF,IH2006,2020-04-23 09:32:21.500,2731.0000,21289,-3,241803420.000,3,0,3,双平,S,2730.8000,2730.6000,2730.4000,2730.0000,2729.8000,2731.2000,2732.2000,2732.4000,2732.6000,2732.8000,2,2,1,1,1,1,7,3,1,1
SF,IH2006,2020-04-23 09:32:22.000,2731.0000,21289,0,241803420.000,0,-,-,-,-,2731.2000,2731.0000,2730.8000,2730.6000,2730.4000,2732.2000,2732.4000,2732.8000,2733.0000,2733.2000,1,2,2,2,1,7,3,1,1,1
SF,IH2006,2020-04-23 09:32:22.500,2731.0000,21289,0,241803420.000,0,-,-,-,-,2731.2000,2731.0000,2730.8000,2730.6000,2730.4000,2732.0000,2732.4000,2732.8000,2733.0000,2733.2000,1,2,2,2,2,4,2,1,1,1
SF,IH2006,2020-04-23 09:32:23.000,2731.0000,21289,0,241803420.000,0,-,-,-,-,2731.2000,2731.0000,2730.8000,2730.6000,2730.4000,2731.8000,2732.0000,2732.4000,2732.8000,2733.0000,1,2,2,2,2,1,1,2,1,1
SF,IH2006,2020-04-23 09:32:23.500,2731.0000,21289,0,241803420.000,0,-,-,-,-,2731.4000,2731.2000,2731.0000,2730.8000,2730.6000,2732.0000,2732.4000,2732.8000,2733.0000,2733.2000,1,1,2,1,2,1,2,1,1,1
SF,IH2006,2020-04-23 09:32:24.500,2731.4000,21288,-1,242622840.000,1,0,1,双平,S,2731.2000,2731.0000,2730.8000,2730.6000,2730.4000,2731.8000,2732.0000,2732.4000,2732.8000,2733.0000,1,2,1,2,2,1,1,2,1,1
SF,IH2006,2020-04-23 09:32:25.000,2731.4000,21288,0,242622840.000,0,-,-,-,-,2731.8000,2731.0000,2730.8000,2730.6000,2730.4000,2732.4000,2732.8000,2733.0000,2733.2000,2733.6000,1,2,1,2,2,2,1,1,1,1
SF,IH2006,2020-04-23 09:32:25.500,2731.4000,21288,0,242622840.000,0,-,-,-,-,2731.0000,2730.8000,2730.6000,2730.4000,2730.0000,2732.2000,2732.4000,2732.8000,2733.0000,2733.2000,2,1,2,2,1,9,2,1,1,1
SF,IH2006,2020-04-23 09:32:26.000,2731.4000,21288,0,242622840.000,0,-,-,-,-,2731.2000,2731.0000,2730.8000,2730.6000,2730.4000,2732.0000,2732.2000,2732.4000,2732.8000,2733.0000,1,2,1,2,2,2,9,2,1,1
SF,IH2006,2020-04-23 09:32:26.500,2731.4000,21288,0,242622840.000,0,-,-,-,-,2731.2000,2731.0000,2730.8000,2730.6000,2730.4000,2731.8000,2732.0000,2732.2000,2732.4000,2732.8000,1,2,1,2,2,2,2,7,2,1
SF,IH2006,2020-04-23 09:32:27.000,2731.4000,21288,0,242622840.000,0,-,-,-,-,2731.0000,2730.8000,2730.6000,2730.4000,2730.0000,2731.8000,2732.0000,2732.2000,2732.4000,2732.8000,2,1,2,2,1,2,2,7,2,1
SF,IH2006,2020-04-23 09:32:27.500,2731.0000,21286,-2,244261440.000,2,0,2,双平,S,2730.8000,2730.6000,2730.4000,2730.0000,2729.8000,2731.0000,2731.8000,2732.0000,2732.2000,2732.4000,1,2,2,1,3,2,2,2,7,2
SF,IH2006,2020-04-23 09:32:28.000,2731.8000,21285,-1,246719580.000,3,1,2,多平,S,2731.0000,2730.8000,2730.6000,2730.4000,2730.0000,2731.8000,2732.0000,2732.2000,2732.4000,2732.8000,6,1,2,2,1,1,2,7,2,1
SF,IH2006,2020-04-23 09:32:28.500,2731.8000,21285,0,246719580.000,0,-,-,-,-,2731.0000,2730.8000,2730.6000,2730.4000,2730.0000,2731.8000,2732.0000,2732.2000,2732.4000,2732.8000,5,1,2,2,1,1,2,7,2,1
SF,IH2006,2020-04-23 09:32:29.500,2731.8000,21285,0,246719580.000,0,-,-,-,-,2731.0000,2730.8000,2730.6000,2730.4000,2730.0000,2731.8000,2732.0000,2732.2000,2732.4000,2732.8000,5,1,2,2,1,1,3,7,2,1
SF,IH2006,2020-04-23 09:32:30.000,2731.8000,21284,-1,247539120.000,1,0,1,双平,S,2731.8000,2731.2000,2731.0000,2730.8000,2730.6000,2732.0000,2732.4000,2732.8000,2733.0000,2733.2000,3,1,4,1,2,3,2,1,1,1
SF,IH2006,2020-04-23 09:32:30.500,2732.0000,21285,1,248358720.000,1,1,0,双开,S,2731.2000,2731.0000,2730.8000,2730.6000,2730.4000,2732.8000,2733.0000,2733.2000,2733.6000,2734.0000,1,4,1,2,2,1,1,1,1,1
SF,IH2006,2020-04-23 09:32:31.000,2732.0000,21285,0,248358720.000,0,-,-,-,-,2731.4000,2731.2000,2731.0000,2730.8000,2730.6000,2731.6000,2732.6000,2732.8000,2733.0000,2733.2000,2,1,3,1,2,1,13,1,1,1
SF,IH2006,2020-04-23 09:32:31.500,2731.6000,21284,-1,249178200.000,1,0,1,双平,S,2731.8000,2731.6000,2731.2000,2731.0000,2730.8000,2732.6000,2732.8000,2733.0000,2733.2000,2733.6000,2,3,1,3,1,11,1,1,1,1
SF,IH2006,2020-04-23 09:32:32.000,2731.6000,21284,0,249178200.000,0,-,-,-,-,2731.8000,2731.6000,2731.2000,2731.0000,2730.8000,2732.6000,2732.8000,2733.0000,2733.2000,2733.6000,2,2,1,3,1,1,1,1,1,1
SF,IH2006,2020-04-23 09:32:34.000,2732.6000,21283,-1,249997980.000,1,0,1,双平,S,2731.8000,2731.6000,2731.2000,2731.0000,2730.8000,2732.8000,2733.0000,2733.2000,2733.6000,2734.0000,2,2,1,3,1,1,1,1,1,1
SF,IH2006,2020-04-23 09:32:34.500,2732.8000,21283,0,250817820.000,1,0,1,多换,S,2732.8000,2732.0000,2731.8000,2731.6000,2731.0000,2733.2000,2733.6000,2734.0000,2735.4000,2735.6000,1,1,2,1,3,1,1,1,1,1
SF,IH2006,2020-04-23 09:32:35.000,2733.2000,21282,-1,252457620.000,2,0,2,多平,S,2732.0000,2731.8000,2731.6000,2731.0000,2730.8000,2733.6000,2734.0000,2735.4000,2735.6000,2736.6000,1,2,1,3,1,1,1,1,1,1
SF,IH2006,2020-04-23 09:32:35.500,2733.2000,21282,0,252457620.000,0,-,-,-,-,2732.4000,2732.2000,2732.0000,2731.8000,2731.6000,2733.4000,2733.6000,2734.0000,2735.4000,2735.6000,1,4,1,2,1,8,1,1,1,1
SF,IH2006,2020-04-23 09:32:36.000,2733.2000,21282,0,252457620.000,0,-,-,-,-,2732.4000,2732.2000,2732.0000,2731.8000,2731.6000,2732.8000,2733.4000,2733.6000,2734.0000,2735.4000,1,3,1,2,1,3,8,1,1,1
SF,IH2006,2020-04-23 09:32:36.500,2732.8000,21279,-3,254917140.000,3,0,3,双平,S,2732.4000,2732.2000,2732.0000,2731.8000,2731.6000,2733.4000,2733.6000,2734.0000,2735.4000,2735.6000,1,2,1,2,1,8,1,1,1,1
SF,IH2006,2020-04-23 09:32:37.000,2732.8000,21279,0,254917140.000,0,-,-,-,-,2732.6000,2732.4000,2732.2000,2731.8000,2731.6000,2733.4000,2733.6000,2734.0000,2735.4000,2735.6000,1,1,2,2,1,8,1,1,1,1
SF,IH2006,2020-04-23 09:32:38.000,2732.6000,21278,-1,255736920.000,1,0,1,双平,S,2732.4000,2732.2000,2731.8000,2731.6000,2731.0000,2733.4000,2733.6000,2734.0000,2735.4000,2735.6000,1,2,2,1,2,8,1,1,1,1
SF,IH2006,2020-04-23 09:32:38.500,2732.6000,21278,0,255736920.000,0,-,-,-,-,2732.4000,2732.2000,2731.8000,2731.6000,2731.0000,2733.0000,2733.2000,2733.4000,2733.6000,2734.0000,1,2,2,1,2,1,2,8,1,1
SF,IH2006,2020-04-23 09:32:39.000,2732.8000,21279,1,259835520.000,5,3,2,空开,S,2731.8000,2731.6000,2731.0000,2730.8000,2730.6000,2732.4000,2732.8000,2733.2000,2733.4000,2733.6000,2,1,2,1,2,1,8,1,1,1
SF,IH2006,2020-04-23 09:32:39.500,2732.8000,21279,0,259835520.000,0,-,-,-,-,2732.0000,2731.8000,2731.6000,2731.0000,2730.8000,2732.4000,2732.8000,2733.2000,2733.4000,2733.6000,1,2,1,2,1,1,7,1,1,1
SF,IH2006,2020-04-23 09:32:40.500,2732.8000,21279,0,259835520.000,0,-,-,-,-,2732.0000,2731.8000,2731.6000,2731.0000,2730.8000,2732.4000,2732.8000,2733.2000,2733.4000,2733.6000,1,2,1,2,1,1,7,1,1,1
SF,IH2006,2020-04-23 09:32:41.000,2732.8000,21279,0,259835520.000,0,-,-,-,-,2732.0000,2731.8000,2731.6000,2731.0000,2730.8000,2732.4000,2732.6000,2732.8000,2733.2000,2733.4000,1,2,1,2,1,1,1,8,1,1
SF,IH2006,2020-04-23 09:32:41.500,2732.0000,21279,0,260655120.000,1,0,1,多换,S,2731.8000,2731.6000,2731.0000,2730.8000,2730.6000,2732.4000,2732.6000,2732.8000,2733.2000,2733.4000,2,1,2,1,2,1,1,8,1,1
SF,IH2006,2020-04-23 09:32:42.000,2732.0000,21279,0,260655120.000,0,-,-,-,-,2731.6000,2731.0000,2730.8000,2730.6000,2730.4000,2732.2000,2732.4000,2732.6000,2732.8000,2733.4000,1,2,1,2,1,1,1,1,8,1
SF,IH2006,2020-04-23 09:32:42.500,2732.0000,21279,0,260655120.000,0,-,-,-,-,2731.6000,2731.0000,2730.8000,2730.6000,2730.4000,2732.2000,2732.4000,2732.6000,2732.8000,2733.4000,1,2,1,2,1,1,1,1,8,1
SF,IH2006,2020-04-23 09:32:43.500,2731.6000,21278,-1,261474600.000,1,0,1,双平,S,2731.0000,2730.8000,2730.6000,2730.4000,2730.0000,2731.6000,2732.2000,2732.4000,2732.6000,2732.8000,2,1,2,1,1,2,1,1,1,8
SF,IH2006,2020-04-23 09:32:44.000,2731.6000,21276,-2,263113560.000,2,0,2,双平,S,2731.6000,2731.0000,2730.8000,2730.6000,2730.4000,2732.2000,2732.4000,2732.6000,2732.8000,2733.4000,2,2,1,2,1,1,1,1,9,1
SF,IH2006,2020-04-23 09:32:44.500,2731.6000,21276,0,263113560.000,0,-,-,-,-,2732.2000,2731.8000,2731.6000,2731.0000,2730.8000,2732.4000,2732.6000,2732.8000,2733.4000,2733.6000,1,1,1,2,1,1,1,4,2,1
SF,IH2006,2020-04-23 09:32:45.000,2731.6000,21276,0,263113560.000,0,-,-,-,-,2731.8000,2731.6000,2731.0000,2730.8000,2730.6000,2732.4000,2732.6000,2732.8000,2733.4000,2733.6000,1,1,2,1,2,1,1,4,2,1
SF,IH2006,2020-04-23 09:32:45.500,2732.4000,21275,-1,263933280.000,1,0,1,双平,S,2731.8000,2731.6000,2731.0000,2730.8000,2730.6000,2732.6000,2732.8000,2733.4000,2733.6000,2734.0000,1,1,2,1,2,1,4,2,1,1
SF,IH2006,2020-04-23 09:32:46.500,2732.4000,21275,0,263933280.000,0,-,-,-,-,2731.8000,2731.6000,2731.0000,2730.8000,2730.6000,2732.6000,2732.8000,2733.4000,2733.6000,2734.0000,1,1,2,1,2,1,4,2,1,1
SF,IH2006,2020-04-23 09:32:47.000,2732.4000,21275,0,263933280.000,0,-,-,-,-,2731.6000,2731.0000,2730.8000,2730.6000,2730.4000,2732.6000,2732.8000,2733.4000,2733.6000,2734.0000,1,2,1,2,2,1,4,2,1,1
SF,IH2006,2020-04-23 09:32:47.500,2732.4000,21275,0,263933280.000,0,-,-,-,-,2731.6000,2731.0000,2730.8000,2730.6000,2730.4000,2732.4000,2732.6000,2732.8000,2733.4000,2733.6000,1,2,1,2,2,2,1,2,2,1
SF,IH2006,2020-04-23 09:32:49.500,2732.4000,21275,0,264753000.000,1,0,1,多换,S,2731.6000,2731.0000,2730.8000,2730.6000,2730.4000,2732.4000,2732.6000,2732.8000,2733.4000,2733.6000,1,2,1,2,2,1,1,2,2,1
SF,IH2006,2020-04-23 09:32:50.500,2732.4000,21275,0,264753000.000,0,-,-,-,-,2731.6000,2731.0000,2730.8000,2730.6000,2730.4000,2732.2000,2732.4000,2732.6000,2732.8000,2733.4000,1,2,1,2,2,1,1,1,2,2
SF,IH2006,2020-04-23 09:32:51.000,2732.4000,21275,0,264753000.000,0,-,-,-,-,2731.8000,2731.6000,2731.0000,2730.8000,2730.6000,2732.2000,2732.4000,2732.6000,2732.8000,2733.4000,1,1,2,1,2,1,1,1,2,2
SF,IH2006,2020-04-23 09:32:51.500,2732.4000,21275,0,264753000.000,0,-,-,-,-,2731.8000,2731.6000,2731.0000,2730.8000,2730.6000,2732.2000,2732.4000,2732.6000,2732.8000,2733.4000,1,1,2,1,2,1,1,1,1,2
SF,IH2006,2020-04-23 09:32:52.000,2732.4000,21275,0,264753000.000,0,-,-,-,-,2731.8000,2731.6000,2731.0000,2730.8000,2730.6000,2732.2000,2732.4000,2732.6000,2732.8000,2733.4000,1,1,2,1,2,2,1,1,1,2
SF,IH2006,2020-04-23 09:32:52.500,2731.8000,21274,-1,265572540.000,1,0,1,双平,S,2731.6000,2731.0000,2730.8000,2730.6000,2730.4000,2732.2000,2732.4000,2732.6000,2732.8000,2733.4000,1,2,1,2,2,2,1,1,1,2
SF,IH2006,2020-04-23 09:32:53.000,2732.2000,21272,-2,267211860.000,2,0,2,双平,S,2731.6000,2731.0000,2730.8000,2730.6000,2730.4000,2732.4000,2732.6000,2732.8000,2733.4000,2733.6000,1,2,1,2,2,1,1,1,2,1
SF,IH2006,2020-04-23 09:32:53.500,2732.2000,21272,0,267211860.000,0,-,-,-,-,2731.8000,2731.6000,2731.0000,2730.8000,2730.6000,2732.6000,2732.8000,2733.4000,2733.6000,2734.0000,1,1,2,1,2,1,1,2,1,1
SF,IH2006,2020-04-23 09:32:54.000,2732.2000,21272,0,267211860.000,0,-,-,-,-,2731.8000,2731.6000,2731.0000,2730.8000,2730.6000,2732.6000,2732.8000,2733.4000,2733.6000,2734.0000,2,1,2,1,2,1,1,2,1,1
SF,IH2006,2020-04-23 09:32:54.500,2731.8000,21271,-1,268031400.000,1,0,1,双平,S,2731.8000,2731.6000,2731.0000,2730.8000,2730.6000,2732.6000,2732.8000,2733.4000,2733.6000,2734.0000,1,1,2,1,2,1,1,2,1,1
SF,IH2006,2020-04-23 09:32:57.000,2731.8000,21271,0,268031400.000,0,-,-,-,-,2731.6000,2731.0000,2730.8000,2730.6000,2730.4000,2732.6000,2732.8000,2733.4000,2733.6000,2734.0000,1,2,1,2,2,1,1,2,1,1
SF,IH2006,2020-04-23 09:32:57.500,2732.6000,21271,0,268851180.000,1,0,1,多换,S,2731.6000,2731.0000,2730.8000,2730.6000,2730.4000,2732.8000,2733.4000,2733.6000,2734.0000,2734.4000,1,2,1,2,2,1,2,1,1,1
SF,IH2006,2020-04-23 09:32:58.000,2732.6000,21271,0,268851180.000,0,-,-,-,-,2731.6000,2731.0000,2730.8000,2730.6000,2730.4000,2732.6000,2732.8000,2733.0000,2733.4000,2733.6000,1,2,1,2,2,3,1,1,1,1
SF,IH2006,2020-04-23 09:32:58.500,2732.6000,21272,1,269670960.000,1,1,0,双开,S,2731.6000,2731.0000,2730.8000,2730.6000,2730.4000,2732.6000,2732.8000,2733.0000,2733.4000,2733.6000,1,2,1,2,2,3,1,1,1,1
SF,IH2006,2020-04-23 09:33:00.500,2732.6000,21271,-1,270490740.000,1,0,1,双平,S,2731.6000,2731.2000,2731.0000,2730.8000,2730.6000,2732.6000,2732.8000,2733.0000,2733.4000,2733.6000,1,1,2,1,2,2,1,1,1,1
SF,IH2006,2020-04-23 09:33:01.000,2732.6000,21271,0,270490740.000,0,-,-,-,-,2731.6000,2731.2000,2731.0000,2730.8000,2730.6000,2732.4000,2732.6000,2732.8000,2733.0000,2733.4000,1,1,2,1,2,1,2,1,1,1
SF,IH2006,2020-04-23 09:33:01.500,2732.6000,21271,0,270490740.000,0,-,-,-,-,2731.6000,2731.2000,2731.0000,2730.8000,2730.6000,2732.4000,2732.6000,2732.8000,2733.0000,2733.4000,1,1,2,1,2,2,1,1,1,1
SF,IH2006,2020-04-23 09:33:02.000,2732.6000,21271,0,270490740.000,0,-,-,-,-,2731.6000,2731.2000,2731.0000,2730.8000,2730.6000,2732.4000,2732.6000,2732.8000,2733.0000,2733.4000,1,1,2,1,2,1,1,1,1,1
SF,IH2006,2020-04-23 09:33:05.500,2731.6000,21270,-1,271310220.000,1,0,1,双平,S,2731.2000,2731.0000,2730.8000,2730.6000,2730.4000,2732.4000,2732.6000,2732.8000,2733.0000,2733.4000,1,2,1,2,2,1,1,1,1,1
SF,IH2006,2020-04-23 09:33:06.000,2731.6000,21270,0,271310220.000,0,-,-,-,-,2731.4000,2731.2000,2731.0000,2730.8000,2730.6000,2732.4000,2732.6000,2732.8000,2733.0000,2733.4000,5,1,2,1,2,1,1,1,1,1
SF,IH2006,2020-04-23 09:33:07.500,2731.6000,21270,0,271310220.000,0,-,-,-,-,2731.4000,2731.2000,2731.0000,2730.8000,2730.6000,2732.2000,2732.4000,2732.8000,2733.0000,2733.4000,4,1,2,1,2,1,1,1,1,1
SF,IH2006,2020-04-23 09:33:08.000,2731.6000,21270,0,271310220.000,0,-,-,-,-,2731.4000,2731.2000,2731.0000,2730.8000,2730.6000,2732.2000,2732.8000,2733.0000,2733.4000,2733.6000,4,1,2,1,2,2,1,1,1,1
SF,IH2006,2020-04-23 09:33:08.500,2731.6000,21270,0,271310220.000,0,-,-,-,-,2731.4000,2731.2000,2731.0000,2730.8000,2730.6000,2732.2000,2732.8000,2733.0000,2733.4000,2733.6000,2,1,2,1,2,2,1,1,1,1
SF,IH2006,2020-04-23 09:33:17.000,2731.6000,21270,0,271310220.000,0,-,-,-,-,2731.6000,2731.4000,2731.2000,2731.0000,2730.8000,2732.2000,2732.8000,2733.0000,2733.4000,2733.6000,1,2,1,2,1,2,1,1,1,1
SF,IH2006,2020-04-23 09:33:17.500,2731.6000,21270,0,271310220.000,0,-,-,-,-,2731.6000,2731.4000,2731.2000,2731.0000,2730.8000,2732.0000,2732.2000,2732.4000,2732.8000,2733.0000,1,2,1,2,1,1,1,5,1,1
SF,IH2006,2020-04-23 09:33:18.000,2731.6000,21270,0,271310220.000,0,-,-,-,-,2731.6000,2731.4000,2731.2000,2731.0000,2730.8000,2732.0000,2732.2000,2732.4000,2732.8000,2733.0000,1,2,1,2,1,2,1,5,1,1
SF,IH2006,2020-04-23 09:33:18.500,2731.6000,21270,0,272129700.000,1,0,1,多换,S,2731.4000,2731.2000,2731.0000,2730.8000,2730.6000,2731.6000,2732.0000,2732.2000,2732.4000,2732.8000,2,1,2,1,2,1,2,1,5,1
SF,IH2006,2020-04-23 09:33:19.000,2731.4000,21268,-2,273768600.000,2,0,2,双平,S,2731.2000,2731.0000,2730.8000,2730.6000,2730.4000,2731.6000,2732.2000,2732.4000,2732.8000,2733.0000,1,2,1,2,2,1,2,5,1,1
SF,IH2006,2020-04-23 09:33:19.500,2731.6000,21268,0,274588080.000,1,0,1,多换,S,2731.2000,2731.0000,2730.8000,2730.6000,2730.4000,2732.2000,2732.4000,2732.8000,2733.0000,2733.4000,1,2,1,2,2,2,5,2,1,1
SF,IH2006,2020-04-23 09:33:20.000,2731.6000,21268,0,274588080.000,0,-,-,-,-,2731.2000,2731.0000,2730.8000,2730.6000,2730.4000,2732.2000,2732.4000,2732.8000,2733.0000,2733.4000,1,2,1,2,2,2,5,2,1,2
SF,IH2006,2020-04-23 09:33:20.500,2731.6000,21268,0,274588080.000,0,-,-,-,-,2731.2000,2731.0000,2730.8000,2730.6000,2730.4000,2731.6000,2732.0000,2732.2000,2732.4000,2732.8000,1,2,1,2,2,1,1,2,6,2
SF,IH2006,2020-04-23 09:33:21.000,2731.6000,21267,-1,275407560.000,1,0,1,双平,S,2731.2000,2731.0000,2730.8000,2730.6000,2730.4000,2732.0000,2732.2000,2732.4000,2732.8000,2733.0000,1,2,1,2,2,1,2,6,2,1
SF,IH2006,2020-04-23 09:33:21.500,2731.6000,21267,0,275407560.000,0,-,-,-,-,2731.2000,2731.0000,2730.8000,2730.6000,2730.4000,2732.0000,2732.2000,2732.4000,2732.8000,2733.0000,1,2,1,2,2,1,2,6,2,1
SF,IH2006,2020-04-23 09:33:22.000,2731.6000,21267,0,275407560.000,0,-,-,-,-,2731.2000,2731.0000,2730.8000,2730.6000,2730.4000,2732.0000,2732.2000,2732.4000,2732.8000,2733.0000,1,2,1,2,2,1,2,6,2,1
SF,IH2006,2020-04-23 09:33:22.500,2731.6000,21267,0,275407560.000,0,-,-,-,-,2731.2000,2731.0000,2730.8000,2730.6000,2730.4000,2732.0000,2732.2000,2732.4000,2732.8000,2733.0000,1,2,1,2,2,1,6,6,2,1
SF,IH2006,2020-04-23 09:33:23.000,2731.6000,21267,0,275407560.000,0,-,-,-,-,2731.2000,2731.0000,2730.8000,2730.6000,2730.4000,2732.0000,2732.2000,2732.4000,2732.8000,2733.0000,1,2,1,2,2,1,7,6,2,1
SF,IH2006,2020-04-23 09:33:23.500,2731.2000,21267,0,276226920.000,1,0,1,多换,S,2730.8000,2730.6000,2730.4000,2730.0000,2729.8000,2731.8000,2732.2000,2732.4000,2732.8000,2733.0000,1,2,2,1,3,3,7,6,2,1
SF,IH2006,2020-04-23 09:33:24.000,2731.2000,21267,0,276226920.000,0,-,-,-,-,2730.8000,2730.6000,2730.4000,2730.0000,2729.8000,2731.8000,2732.2000,2732.4000,2732.8000,2733.0000,1,2,2,1,3,3,7,6,2,1
SF,IH2006,2020-04-23 09:33:24.500,2731.2000,21267,0,276226920.000,0,-,-,-,-,2730.6000,2730.4000,2730.0000,2729.8000,2729.6000,2731.6000,2731.8000,2732.2000,2732.4000,2732.6000,2,2,1,3,1,1,3,7,6,1
SF,IH2006,2020-04-23 09:33:25.000,2731.2000,21267,0,276226920.000,0,-,-,-,-,2730.6000,2730.4000,2730.0000,2729.8000,2729.6000,2731.4000,2731.6000,2731.8000,2732.2000,2732.4000,2,2,1,3,1,1,1,3,7,6
SF,IH2006,2020-04-23 09:33:25.500,2731.2000,21267,0,276226920.000,0,-,-,-,-,2730.8000,2730.6000,2730.4000,2730.0000,2729.8000,2731.4000,2731.6000,2731.8000,2732.2000,2732.4000,1,2,2,1,3,1,2,3,7,6
SF,IH2006,2020-04-23 09:33:26.000,2731.2000,21267,0,276226920.000,0,-,-,-,-,2730.8000,2730.6000,2730.4000,2730.0000,2729.8000,2731.4000,2731.6000,2731.8000,2732.2000,2732.4000,1,2,2,1,3,1,3,2,7,6
SF,IH2006,2020-04-23 09:33:26.500,2731.4000,21266,-1,277046340.000,1,0,1,双平,S,2730.8000,2730.6000,2730.4000,2730.0000,2729.8000,2731.6000,2731.8000,2732.2000,2732.4000,2732.6000,1,2,2,1,3,3,1,7,6,1
SF,IH2006,2020-04-23 09:33:27.000,2731.4000,21266,0,277046340.000,0,-,-,-,-,2730.8000,2730.6000,2730.4000,2730.0000,2729.8000,2731.6000,2731.8000,2732.2000,2732.4000,2732.6000,1,2,2,1,3,2,1,7,6,1
SF,IH2006,2020-04-23 09:33:27.500,2731.8000,21261,-5,281143920.000,5,0,5,双平,S,2731.8000,2731.6000,2730.8000,2730.6000,2730.4000,2732.2000,2732.4000,2732.6000,2732.8000,2733.0000,2,2,1,2,2,7,6,1,2,1
SF,IH2006,2020-04-23 09:33:28.000,2732.4000,21253,-8,288520980.000,9,0,9,多平,S,2732.2000,2732.0000,2731.8000,2731.6000,2730.6000,2732.4000,2732.6000,2732.8000,2733.4000,2733.6000,2,1,2,1,2,4,1,2,1,1
SF,IH2006,2020-04-23 09:33:28.500,2732.6000,21248,-5,292619640.000,5,0,5,双平,S,2732.4000,2732.2000,2731.8000,2731.6000,2730.6000,2732.8000,2733.4000,2733.6000,2734.0000,2734.4000,3,1,2,1,2,2,1,1,1,1
SF,IH2006,2020-04-23 09:33:29.000,2731.8000,21248,0,296717820.000,5,2,3,多换,S,2730.6000,2730.4000,2730.0000,2729.8000,2729.6000,2732.4000,2732.8000,2733.4000,2733.6000,2733.8000,2,1,1,2,1,1,1,1,1,1
SF,IH2006,2020-04-23 09:33:29.500,2731.8000,21248,0,296717820.000,0,-,-,-,-,2731.6000,2730.8000,2730.6000,2730.4000,2730.0000,2732.0000,2732.2000,2732.4000,2732.6000,2733.4000,1,19,3,1,1,1,1,1,1,1
SF,IH2006,2020-04-23 09:33:30.000,2732.0000,21247,-1,297537420.000,1,0,1,双平,S,2732.0000,2731.8000,2730.8000,2730.6000,2730.4000,2732.2000,2732.4000,2732.6000,2733.4000,2733.6000,1,1,16,3,1,1,1,1,1,1
SF,IH2006,2020-04-23 09:33:30.500,2732.0000,21247,0,298357020.000,1,0,1,多换,S,2730.8000,2730.6000,2730.4000,2730.0000,2729.8000,2731.8000,2732.2000,2732.4000,2732.6000,2733.4000,10,2,1,1,2,1,1,2,1,1
SF,IH2006,2020-04-23 09:33:31.000,2732.0000,21247,0,298357020.000,0,-,-,-,-,2731.0000,2730.8000,2730.6000,2730.4000,2730.0000,2731.8000,2732.0000,2732.2000,2732.4000,2732.6000,1,5,2,1,1,1,2,1,2,1
SF,IH2006,2020-04-23 09:33:31.500,2732.0000,21247,0,298357020.000,0,-,-,-,-,2731.4000,2731.2000,2731.0000,2730.8000,2730.6000,2731.8000,2732.0000,2732.2000,2732.4000,2732.6000,1,3,1,2,2,1,2,1,2,1
SF,IH2006,2020-04-23 09:33:32.000,2732.0000,21247,0,298357020.000,0,-,-,-,-,2731.2000,2730.8000,2730.6000,2730.4000,2730.0000,2732.0000,2732.2000,2732.4000,2732.6000,2733.4000,3,2,2,1,1,2,1,2,1,1
SF,IH2006,2020-04-23 09:33:32.500,2732.0000,21247,0,298357020.000,0,-,-,-,-,2731.4000,2731.2000,2730.8000,2730.6000,2730.4000,2732.0000,2732.2000,2732.4000,2732.6000,2733.4000,1,3,2,2,1,2,2,2,1,1
SF,IH2006,2020-04-23 09:33:33.000,2732.0000,21247,0,298357020.000,0,-,-,-,-,2731.4000,2731.2000,2730.8000,2730.6000,2730.4000,2732.0000,2732.2000,2732.4000,2732.6000,2733.4000,1,2,2,2,1,2,2,2,1,1
SF,IH2006,2020-04-23 09:33:33.500,2732.0000,21247,0,298357020.000,0,-,-,-,-,2731.4000,2731.2000,2730.8000,2730.6000,2730.4000,2732.0000,2732.2000,2732.4000,2732.6000,2733.4000,1,2,2,2,1,2,3,2,1,1
SF,IH2006,2020-04-23 09:33:34.000,2732.0000,21245,-2,299996220.000,2,0,2,双平,S,2731.4000,2731.2000,2730.8000,2730.6000,2730.4000,2732.2000,2732.4000,2732.6000,2733.4000,2733.6000,1,2,1,2,1,3,2,1,1,1
SF,IH2006,2020-04-23 09:33:34.500,2732.0000,21245,0,299996220.000,0,-,-,-,-,2731.4000,2731.2000,2730.8000,2730.6000,2730.4000,2732.2000,2732.4000,2732.6000,2733.4000,2733.6000,1,2,1,2,1,3,3,1,1,1
SF,IH2006,2020-04-23 09:33:35.000,2732.0000,21245,0,299996220.000,0,-,-,-,-,2731.4000,2731.2000,2730.8000,2730.6000,2730.4000,2732.2000,2732.4000,2732.6000,2733.4000,2733.6000,1,2,1,2,1,3,5,1,1,1
SF,IH2006,2020-04-23 09:33:35.500,2731.4000,21245,0,300815640.000,1,0,1,多换,S,2731.2000,2730.8000,2730.6000,2730.4000,2730.0000,2732.2000,2732.4000,2732.6000,2733.4000,2733.6000,2,1,2,1,1,3,6,1,1,1
SF,IH2006,2020-04-23 09:33:36.000,2731.2000,21244,-1,301635000.000,1,0,1,双平,S,2730.8000,2730.6000,2730.4000,2730.0000,2729.8000,2731.2000,2732.2000,2732.4000,2732.6000,2733.4000,1,2,1,1,2,1,3,7,1,1
SF,IH2006,2020-04-23 09:33:36.500,2731.2000,21243,-1,302454360.000,1,0,1,双平,S,2731.0000,2730.8000,2730.6000,2730.4000,2730.0000,2732.2000,2732.4000,2732.6000,2732.8000,2733.4000,2,1,2,1,1,3,7,1,1,1
SF,IH2006,2020-04-23 09:33:37.000,2731.2000,21243,0,302454360.000,0,-,-,-,-,2731.2000,2731.0000,2730.8000,2730.6000,2730.4000,2732.0000,2732.2000,2732.4000,2732.6000,2732.8000,1,1,1,2,1,2,3,7,1,1
SF,IH2006,2020-04-23 09:33:37.500,2731.2000,21243,0,302454360.000,0,-,-,-,-,2731.2000,2731.0000,2730.8000,2730.6000,2730.4000,2732.0000,2732.2000,2732.4000,2732.6000,2732.8000,1,1,1,2,1,2,3,7,1,1
SF,IH2006,2020-04-23 09:33:38.500,2731.2000,21243,0,302454360.000,0,-,-,-,-,2731.2000,2731.0000,2730.8000,2730.6000,2730.4000,2732.0000,2732.2000,2732.4000,2732.6000,2732.8000,1,1,1,2,1,2,3,7,1,1
SF,IH2006,2020-04-23 09:33:39.000,2731.2000,21243,0,302454360.000,0,-,-,-,-,2731.2000,2731.0000,2730.8000,2730.6000,2730.4000,2732.2000,2732.4000,2732.6000,2732.8000,2733.4000,1,1,1,2,1,4,7,1,1,1
SF,IH2006,2020-04-23 09:33:39.500,2731.2000,21243,0,302454360.000,0,-,-,-,-,2731.4000,2730.8000,2730.6000,2730.4000,2730.0000,2732.2000,2732.4000,2732.6000,2732.8000,2733.4000,1,1,2,1,1,4,7,1,1,1
SF,IH2006,2020-04-23 09:33:40.000,2732.2000,21242,-1,303274020.000,1,0,1,双平,S,2731.8000,2731.4000,2730.8000,2730.6000,2730.4000,2732.2000,2732.4000,2732.6000,2732.8000,2733.4000,1,2,1,2,1,3,8,1,1,1
SF,IH2006,2020-04-23 09:33:40.500,2732.2000,21242,0,303274020.000,0,-,-,-,-,2731.4000,2730.8000,2730.6000,2730.4000,2730.0000,2732.2000,2732.4000,2732.6000,2732.8000,2733.4000,1,1,2,1,1,3,9,1,1,1
SF,IH2006,2020-04-23 09:33:41.000,2732.2000,21242,0,303274020.000,0,-,-,-,-,2731.8000,2731.4000,2730.8000,2730.6000,2730.4000,2732.2000,2732.4000,2732.6000,2732.8000,2733.4000,1,1,1,2,1,3,10,1,1,1
SF,IH2006,2020-04-23 09:33:41.500,2731.8000,21242,0,304093560.000,1,0,1,多换,S,2731.4000,2730.8000,2730.6000,2730.4000,2730.0000,2732.2000,2732.4000,2732.6000,2732.8000,2733.4000,2,1,2,1,1,3,11,1,1,1
SF,IH2006,2020-04-23 09:33:42.000,2731.8000,21242,0,304093560.000,0,-,-,-,-,2731.4000,2730.8000,2730.6000,2730.4000,2730.0000,2732.2000,2732.4000,2732.6000,2732.8000,2733.4000,2,1,2,1,1,3,11,1,1,1
SF,IH2006,2020-04-23 09:33:42.500,2731.8000,21242,0,304093560.000,0,-,-,-,-,2731.4000,2730.8000,2730.6000,2730.4000,2730.0000,2732.2000,2732.4000,2732.6000,2732.8000,2733.4000,1,1,2,1,1,3,11,1,1,1
SF,IH2006,2020-04-23 09:33:43.000,2732.0000,21241,-1,304913160.000,1,0,1,双平,S,2731.6000,2731.4000,2730.8000,2730.6000,2730.4000,2732.2000,2732.4000,2732.6000,2732.8000,2733.4000,1,1,1,2,1,3,11,1,1,1
SF,IH2006,2020-04-23 09:33:49.000,2732.2000,21241,0,305732820.000,1,0,1,多换,S,2731.6000,2731.4000,2730.8000,2730.6000,2730.4000,2732.2000,2732.4000,2732.6000,2732.8000,2733.4000,1,1,1,2,1,2,11,1,1,1
SF,IH2006,2020-04-23 09:33:49.500,2732.2000,21240,-1,306552480.000,1,0,1,双平,S,2731.8000,2731.6000,2731.4000,2730.8000,2730.6000,2732.4000,2732.8000,2733.4000,2733.6000,2734.0000,1,1,1,1,2,2,1,1,1,1
SF,IH2006,2020-04-23 09:33:50.000,2732.2000,21240,0,306552480.000,0,-,-,-,-,2732.0000,2731.8000,2731.4000,2730.8000,2730.6000,2732.4000,2732.8000,2733.4000,2733.6000,2734.0000,1,1,1,1,2,13,1,1,1,1
SF,IH2006,2020-04-23 09:33:50.500,2731.8000,21237,-3,309011160.000,3,0,3,双平,S,2731.4000,2730.8000,2730.6000,2730.4000,2730.0000,2732.0000,2732.4000,2732.8000,2733.4000,2733.6000,1,1,2,1,1,1,13,1,1,1
SF,IH2006,2020-04-23 09:33:51.000,2731.4000,21237,0,309830580.000,1,0,1,多换,S,2730.8000,2730.6000,2730.4000,2730.0000,2729.8000,2732.0000,2732.2000,2732.4000,2732.8000,2733.4000,1,2,1,1,2,1,1,13,1,1
SF,IH2006,2020-04-23 09:33:51.500,2731.4000,21237,0,309830580.000,0,-,-,-,-,2731.0000,2730.8000,2730.6000,2730.4000,2730.0000,2732.0000,2732.2000,2732.4000,2732.8000,2733.4000,9,2,2,1,1,1,1,13,1,1
SF,IH2006,2020-04-23 09:33:52.000,2731.4000,21237,0,309830580.000,0,-,-,-,-,2731.2000,2731.0000,2730.8000,2730.6000,2730.4000,2732.0000,2732.2000,2732.4000,2732.8000,2733.4000,1,9,2,2,1,1,1,13,1,1
SF,IH2006,2020-04-23 09:33:52.500,2731.4000,21237,0,309830580.000,0,-,-,-,-,2731.4000,2731.2000,2730.8000,2730.6000,2730.4000,2732.0000,2732.2000,2732.4000,2732.8000,2733.4000,1,1,2,2,1,1,1,13,1,1
SF,IH2006,2020-04-23 09:33:53.000,2731.4000,21237,0,309830580.000,0,-,-,-,-,2730.8000,2730.6000,2730.4000,2730.0000,2729.8000,2731.8000,2732.0000,2732.2000,2732.4000,2732.8000,2,2,1,1,2,1,1,1,13,1
SF,IH2006,2020-04-23 09:33:53.500,2731.4000,21237,0,309830580.000,0,-,-,-,-,2731.0000,2730.8000,2730.6000,2730.4000,2730.0000,2731.4000,2731.8000,2732.0000,2732.2000,2732.4000,7,2,2,1,1,1,1,1,1,13
SF,IH2006,2020-04-23 09:33:54.000,2731.4000,21236,-1,310650000.000,1,0,1,双平,S,2731.2000,2731.0000,2730.8000,2730.6000,2730.4000,2731.8000,2732.0000,2732.2000,2732.4000,2732.8000,1,7,2,2,1,1,1,1,13,1
SF,IH2006,2020-04-23 09:33:54.500,2731.8000,21236,0,311469540.000,1,0,1,多换,S,2731.4000,2731.2000,2731.0000,2730.8000,2730.6000,2732.0000,2732.2000,2732.4000,2732.8000,2733.4000,1,2,6,2,2,1,1,13,1,1
SF,IH2006,2020-04-23 09:33:55.000,2731.8000,21236,0,311469540.000,0,-,-,-,-,2731.4000,2731.2000,2731.0000,2730.8000,2730.6000,2732.2000,2732.4000,2732.8000,2733.4000,2733.6000,1,1,6,2,2,1,2,1,1,1
SF,IH2006,2020-04-23 09:33:55.500,2731.8000,21236,0,311469540.000,0,-,-,-,-,2731.6000,2731.4000,2731.0000,2730.8000,2730.6000,2732.2000,2732.4000,2732.8000,2733.4000,2733.6000,1,1,6,2,2,14,2,1,1,1
SF,IH2006,2020-04-23 09:33:56.000,2731.8000,21236,0,311469540.000,0,-,-,-,-,2731.4000,2731.0000,2730.8000,2730.6000,2730.4000,2732.2000,2732.4000,2732.8000,2733.4000,2733.6000,1,6,2,2,1,14,2,1,1,1
SF,IH2006,2020-04-23 09:33:56.500,2731.8000,21236,0,311469540.000,0,-,-,-,-,2731.4000,2730.8000,2730.6000,2730.4000,2730.0000,2732.2000,2732.4000,2732.8000,2733.4000,2733.6000,1,2,2,1,1,14,2,1,1,1
SF,IH2006,2020-04-23 09:33:57.000,2731.8000,21236,0,311469540.000,0,-,-,-,-,2730.8000,2730.6000,2730.4000,2730.0000,2729.8000,2732.2000,2732.4000,2732.8000,2733.4000,2733.6000,2,2,1,1,2,14,2,1,1,1
SF,IH2006,2020-04-23 09:33:57.500,2731.8000,21236,0,311469540.000,0,-,-,-,-,2731.4000,2731.2000,2731.0000,2730.8000,2730.6000,2732.0000,2732.2000,2732.4000,2732.8000,2733.4000,1,2,16,2,2,1,14,2,1,1
SF,IH2006,2020-04-23 09:33:58.000,2731.8000,21236,0,311469540.000,0,-,-,-,-,2731.6000,2731.0000,2730.8000,2730.6000,2730.4000,2732.0000,2732.2000,2732.4000,2732.8000,2733.4000,1,11,2,2,1,3,14,2,1,1
SF,IH2006,2020-04-23 09:33:58.500,2731.8000,21236,0,311469540.000,0,-,-,-,-,2731.0000,2730.8000,2730.6000,2730.4000,2730.0000,2732.0000,2732.2000,2732.4000,2732.8000,2733.4000,9,2,2,1,1,3,14,2,1,1
SF,IH2006,2020-04-23 09:33:59.000,2732.0000,21234,-2,313108740.000,2,0,2,双平,S,2731.4000,2731.2000,2731.0000,2730.8000,2730.6000,2732.0000,2732.2000,2732.4000,2732.8000,2733.4000,1,2,9,2,2,1,14,2,1,1
SF,IH2006,2020-04-23 09:33:59.500,2732.0000,21234,0,313108740.000,0,-,-,-,-,2731.2000,2731.0000,2730.8000,2730.6000,2730.4000,2732.0000,2732.2000,2732.4000,2732.8000,2733.4000,2,8,2,2,1,1,14,2,1,1
SF,IH2006,2020-04-23 09:34:00.000,2732.0000,21234,0,313108740.000,0,-,-,-,-,2731.4000,2731.2000,2731.0000,2730.8000,2730.6000,2732.0000,2732.2000,2732.4000,2732.8000,2733.4000,2,2,8,2,2,1,14,2,1,1
SF,IH2006,2020-04-23 09:34:00.500,2732.0000,21234,0,313108740.000,0,-,-,-,-,2731.4000,2731.2000,2731.0000,2730.8000,2730.6000,2732.0000,2732.2000,2732.4000,2732.8000,2733.4000,2,2,8,2,2,1,1,2,1,1
SF,IH2006,2020-04-23 09:34:01.000,2732.0000,21234,0,313108740.000,0,-,-,-,-,2731.6000,2731.4000,2731.2000,2731.0000,2730.8000,2732.0000,2732.2000,2732.4000,2732.8000,2733.4000,1,2,2,7,2,14,1,2,1,1
SF,IH2006,2020-04-23 09:34:01.500,2732.0000,21234,0,314747940.000,2,1,1,多换,S,2731.4000,2731.2000,2731.0000,2730.8000,2730.6000,2732.0000,2732.2000,2732.4000,2732.8000,2733.4000,2,2,7,2,2,12,1,2,1,1
SF,IH2006,2020-04-23 09:34:02.000,2732.0000,21234,0,314747940.000,0,-,-,-,-,2731.6000,2731.4000,2731.2000,2731.0000,2730.8000,2732.0000,2732.2000,2732.4000,2732.8000,2733.4000,8,2,2,1,2,12,1,2,1,1
SF,IH2006,2020-04-23 09:34:02.500,2731.4000,21232,-2,317206260.000,3,0,3,多平,S,2731.2000,2731.0000,2730.8000,2730.6000,2730.4000,2731.8000,2732.0000,2732.2000,2732.4000,2732.8000,1,1,2,2,1,1,12,1,2,1
SF,IH2006,2020-04-23 09:34:03.000,2731.4000,21232,0,317206260.000,0,-,-,-,-,2731.4000,2731.2000,2731.0000,2730.8000,2730.6000,2731.6000,2731.8000,2732.0000,2732.2000,2732.4000,6,1,1,2,2,1,1,12,1,2
SF,IH2006,2020-04-23 09:34:03.500,2731.4000,21232,0,318025680.000,1,0,1,多换,S,2731.2000,2731.0000,2730.8000,2730.6000,2730.4000,2731.6000,2731.8000,2732.0000,2732.2000,2732.4000,1,1,2,2,1,1,1,12,1,2
SF,IH2006,2020-04-23 09:34:04.000,2731.4000,21232,0,318025680.000,0,-,-,-,-,2731.2000,2731.0000,2730.8000,2730.6000,2730.4000,2731.6000,2731.8000,2732.0000,2732.2000,2732.4000,1,1,2,2,1,1,1,12,1,2
SF,IH2006,2020-04-23 09:34:04.500,2731.6000,21230,-2,319664520.000,2,0,2,双平,S,2731.0000,2730.8000,2730.6000,2730.4000,2730.0000,2731.8000,2732.0000,2732.2000,2732.4000,2732.8000,1,2,2,1,1,1,12,1,2,1
SF,IH2006,2020-04-23 09:34:05.000,2731.6000,21230,0,319664520.000,0,-,-,-,-,2731.2000,2731.0000,2730.8000,2730.6000,2730.4000,2732.0000,2732.2000,2732.4000,2732.8000,2733.4000,5,1,2,2,1,12,1,2,1,1
SF,IH2006,2020-04-23 09:34:06.000,2731.6000,21230,0,319664520.000,0,-,-,-,-,2731.4000,2731.2000,2731.0000,2730.8000,2730.6000,2732.0000,2732.2000,2732.4000,2732.8000,2733.4000,1,5,1,2,2,12,1,2,1,1
SF,IH2006,2020-04-23 09:34:06.500,2731.6000,21230,0,319664520.000,0,-,-,-,-,2731.4000,2731.2000,2731.0000,2730.8000,2730.6000,2732.0000,2732.2000,2732.4000,2732.8000,2733.4000,1,5,1,2,2,1,1,2,1,1
SF,IH2006,2020-04-23 09:34:07.000,2732.0000,21229,-1,320484120.000,1,0,1,双平,S,2731.4000,2731.2000,2731.0000,2730.8000,2730.6000,2732.0000,2732.2000,2732.4000,2732.8000,2733.4000,1,5,1,2,2,12,1,2,1,1
SF,IH2006,2020-04-23 09:34:07.500,2732.0000,21227,-2,322123320.000,2,0,2,双平,S,2731.6000,2731.4000,2731.0000,2730.8000,2730.6000,2732.0000,2732.2000,2732.4000,2732.8000,2733.4000,5,1,1,2,2,10,1,2,1,1
SF,IH2006,2020-04-23 09:34:08.000,2732.0000,21227,0,322123320.000,0,-,-,-,-,2731.4000,2731.0000,2730.8000,2730.6000,2730.4000,2732.0000,2732.2000,2732.4000,2732.8000,2733.4000,1,1,2,2,1,10,1,2,1,1
SF,IH2006,2020-04-23 09:34:08.500,2732.0000,21227,0,322123320.000,0,-,-,-,-,2731.0000,2730.8000,2730.6000,2730.4000,2730.0000,2732.0000,2732.2000,2732.4000,2732.8000,2733.4000,1,2,2,1,1,10,1,2,1,1
SF,IH2006,2020-04-23 09:34:09.000,2732.0000,21227,0,322123320.000,0,-,-,-,-,2731.4000,2731.2000,2731.0000,2730.8000,2730.6000,2732.0000,2732.2000,2732.4000,2732.8000,2733.4000,1,7,1,2,2,10,1,2,1,1
SF,IH2006,2020-04-23 09:34:09.500,2732.0000,21227,0,322123320.000,0,-,-,-,-,2731.6000,2731.2000,2731.0000,2730.8000,2730.6000,2732.0000,2732.4000,2732.8000,2733.4000,2733.6000,1,7,1,2,2,10,2,1,1,1
SF,IH2006,2020-04-23 09:34:10.000,2731.6000,21226,-1,322942800.000,1,0,1,双平,S,2731.2000,2731.0000,2730.8000,2730.6000,2730.4000,2732.0000,2732.4000,2732.8000,2733.4000,2733.6000,2,1,2,2,1,10,2,1,1,1
SF,IH2006,2020-04-23 09:34:10.500,2731.6000,21226,0,322942800.000,0,-,-,-,-,2731.2000,2731.0000,2730.8000,2730.6000,2730.4000,2732.0000,2732.4000,2732.8000,2733.4000,2733.6000,2,1,2,2,1,10,2,1,1,1
SF,IH2006,2020-04-23 09:34:11.000,2731.6000,21226,0,322942800.000,0,-,-,-,-,2730.8000,2730.6000,2730.4000,2730.0000,2729.8000,2732.0000,2732.4000,2732.8000,2733.4000,2733.6000,2,2,1,1,2,10,2,1,1,1
SF,IH2006,2020-04-23 09:34:11.500,2731.6000,21226,0,322942800.000,0,-,-,-,-,2731.0000,2730.8000,2730.6000,2730.4000,2730.0000,2731.8000,2732.0000,2732.4000,2732.8000,2733.4000,5,2,2,1,1,1,10,2,1,1
SF,IH2006,2020-04-23 09:34:12.000,2731.6000,21226,0,322942800.000,0,-,-,-,-,2731.0000,2730.8000,2730.6000,2730.4000,2730.0000,2732.4000,2732.8000,2733.4000,2733.6000,2733.8000,3,2,2,1,1,2,1,1,1,1
SF,IH2006,2020-04-23 09:34:12.500,2731.6000,21226,0,322942800.000,0,-,-,-,-,2731.2000,2731.0000,2730.8000,2730.6000,2730.4000,2732.2000,2732.4000,2732.8000,2733.4000,2733.6000,10,3,2,2,1,1,12,1,1,1
SF,IH2006,2020-04-23 09:34:13.000,2731.6000,21226,0,322942800.000,0,-,-,-,-,2731.4000,2731.2000,2731.0000,2730.8000,2730.6000,2732.2000,2732.4000,2732.8000,2733.4000,2733.6000,1,7,3,2,2,1,12,1,1,1
SF,IH2006,2020-04-23 09:34:13.500,2731.6000,21226,0,322942800.000,0,-,-,-,-,2731.4000,2731.2000,2731.0000,2730.8000,2730.6000,2732.0000,2732.2000,2732.4000,2732.8000,2733.4000,1,2,3,2,2,1,1,12,1,1
SF,IH2006,2020-04-23 09:34:14.000,2731.6000,21226,0,322942800.000,0,-,-,-,-,2731.2000,2731.0000,2730.8000,2730.6000,2730.4000,2732.0000,2732.2000,2732.4000,2732.8000,2733.4000,2,3,2,2,1,1,1,12,1,1
SF,IH2006,2020-04-23 09:34:14.500,2731.6000,21226,0,322942800.000,0,-,-,-,-,2731.0000,2730.8000,2730.6000,2730.4000,2730.0000,2732.0000,2732.2000,2732.4000,2732.8000,2733.4000,1,2,2,1,1,1,1,12,1,1
SF,IH2006,2020-04-23 09:34:15.000,2731.6000,21226,0,322942800.000,0,-,-,-,-,2731.2000,2731.0000,2730.8000,2730.6000,2730.4000,2732.0000,2732.2000,2732.4000,2732.8000,2733.4000,5,1,2,2,1,1,1,12,1,1
SF,IH2006,2020-04-23 09:34:15.500,2731.6000,21226,0,322942800.000,0,-,-,-,-,2731.0000,2730.8000,2730.6000,2730.4000,2730.0000,2731.2000,2732.0000,2732.2000,2732.4000,2732.8000,1,2,2,1,1,2,1,1,12,1
SF,IH2006,2020-04-23 09:34:16.000,2731.2000,21224,-2,324581520.000,2,0,2,双平,S,2731.0000,2730.8000,2730.6000,2730.4000,2730.0000,2732.0000,2732.2000,2732.4000,2732.8000,2733.4000,2,2,2,1,1,1,1,12,1,1
SF,IH2006,2020-04-23 09:34:16.500,2731.2000,21224,0,324581520.000,0,-,-,-,-,2731.0000,2730.8000,2730.6000,2730.4000,2730.0000,2732.0000,2732.2000,2732.4000,2732.8000,2733.4000,1,2,2,1,1,1,1,12,1,1
SF,IH2006,2020-04-23 09:34:18.000,2731.2000,21224,0,324581520.000,0,-,-,-,-,2731.0000,2730.8000,2730.6000,2730.4000,2730.0000,2732.0000,2732.2000,2732.4000,2732.8000,2733.4000,1,2,2,1,1,1,2,12,1,1
SF,IH2006,2020-04-23 09:34:18.500,2731.2000,21224,0,324581520.000,0,-,-,-,-,2731.0000,2730.8000,2730.6000,2730.4000,2730.0000,2732.0000,2732.2000,2732.4000,2732.8000,2733.4000,1,2,2,1,1,1,2,2,1,1
SF,IH2006,2020-04-23 09:34:19.000,2731.2000,21224,0,324581520.000,0,-,-,-,-,2731.0000,2730.8000,2730.6000,2730.4000,2730.0000,2732.0000,2732.2000,2732.4000,2732.8000,2733.4000,1,2,2,1,1,11,2,2,1,1
SF,IH2006,2020-04-23 09:34:20.000,2731.2000,21224,0,324581520.000,0,-,-,-,-,2731.0000,2730.8000,2730.6000,2730.4000,2730.0000,2732.0000,2732.2000,2732.4000,2732.8000,2733.4000,1,2,2,1,1,11,2,2,1,1
SF,IH2006,2020-04-23 09:34:20.500,2731.2000,21224,0,324581520.000,0,-,-,-,-,2731.0000,2730.8000,2730.6000,2730.4000,2730.0000,2732.0000,2732.2000,2732.4000,2732.8000,2733.4000,1,2,2,1,1,12,2,2,1,1
SF,IH2006,2020-04-23 09:34:21.000,2731.2000,21224,0,324581520.000,0,-,-,-,-,2731.2000,2731.0000,2730.8000,2730.6000,2730.4000,2732.0000,2732.2000,2732.4000,2732.8000,2733.4000,5,1,2,2,1,12,2,2,1,1
SF,IH2006,2020-04-23 09:34:21.500,2731.2000,21224,0,324581520.000,0,-,-,-,-,2731.0000,2730.8000,2730.6000,2730.4000,2730.0000,2732.0000,2732.2000,2732.4000,2732.8000,2733.4000,1,2,2,1,1,11,2,2,1,1
SF,IH2006,2020-04-23 09:34:22.500,2731.2000,21224,0,324581520.000,0,-,-,-,-,2731.2000,2731.0000,2730.8000,2730.6000,2730.4000,2732.0000,2732.2000,2732.4000,2732.8000,2733.4000,5,1,2,2,1,11,2,2,1,1
SF,IH2006,2020-04-23 09:34:23.000,2731.2000,21224,0,325400880.000,1,0,1,多换,S,2731.2000,2731.0000,2730.8000,2730.6000,2730.4000,2732.0000,2732.2000,2732.4000,2732.8000,2733.4000,4,1,2,2,1,12,2,2,1,1
SF,IH2006,2020-04-23 09:34:23.500,2731.2000,21224,0,325400880.000,0,-,-,-,-,2731.0000,2730.8000,2730.6000,2730.4000,2730.0000,2732.0000,2732.2000,2732.4000,2732.8000,2733.4000,1,2,2,1,1,12,2,2,1,1
SF,IH2006,2020-04-23 09:34:24.000,2731.2000,21224,0,325400880.000,0,-,-,-,-,2731.0000,2730.8000,2730.6000,2730.4000,2730.0000,2732.0000,2732.2000,2732.4000,2732.8000,2733.4000,1,2,2,1,1,2,2,2,1,1
SF,IH2006,2020-04-23 09:34:24.500,2731.0000,21223,-1,326220180.000,1,0,1,双平,S,2730.8000,2730.6000,2730.4000,2730.0000,2729.8000,2731.0000,2732.0000,2732.2000,2732.4000,2732.8000,2,2,1,1,2,9,2,2,2,1
SF,IH2006,2020-04-23 09:34:25.000,2731.0000,21216,-7,333593880.000,9,1,8,多平,S,2730.8000,2730.6000,2730.4000,2730.0000,2729.8000,2732.0000,2732.2000,2732.4000,2732.8000,2733.6000,2,2,1,1,2,2,2,2,1,1
SF,IH2006,2020-04-23 09:34:25.500,2731.0000,21216,0,333593880.000,0,-,-,-,-,2731.0000,2730.8000,2730.6000,2730.4000,2730.0000,2731.8000,2732.0000,2732.2000,2732.4000,2732.8000,1,1,2,1,1,1,2,1,2,2
SF,IH2006,2020-04-23 09:34:26.000,2731.0000,21216,0,333593880.000,0,-,-,-,-,2730.8000,2730.6000,2730.4000,2730.0000,2729.8000,2731.0000,2731.6000,2731.8000,2732.0000,2732.2000,1,2,1,1,2,1,3,1,2,1
SF,IH2006,2020-04-23 09:34:26.500,2730.8000,21215,-1,334413120.000,1,0,1,双平,S,2730.6000,2730.4000,2730.0000,2729.8000,2729.0000,2730.8000,2731.0000,2731.6000,2731.8000,2732.0000,2,1,2,2,1,1,1,3,2,2
SF,IH2006,2020-04-23 09:34:27.000,2730.6000,21216,1,336051480.000,2,1,1,空开,S,2730.4000,2730.0000,2729.8000,2729.0000,2728.6000,2730.8000,2731.0000,2731.6000,2731.8000,2732.0000,1,2,2,1,1,1,1,3,2,2
SF,IH2006,2020-04-23 09:34:27.500,2730.6000,21216,0,336051480.000,0,-,-,-,-,2730.4000,2730.0000,2729.8000,2729.0000,2728.6000,2730.8000,2731.0000,2731.6000,2731.8000,2732.0000,1,2,2,1,1,1,1,3,2,2
SF,IH2006,2020-04-23 09:34:28.500,2730.6000,21216,0,336051480.000,0,-,-,-,-,2730.4000,2730.0000,2729.8000,2729.0000,2728.6000,2731.0000,2731.6000,2731.8000,2732.0000,2732.2000,1,2,2,1,1,1,3,2,2,1
SF,IH2006,2020-04-23 09:34:29.000,2730.6000,21216,0,336051480.000,0,-,-,-,-,2730.4000,2730.0000,2729.8000,2729.0000,2728.6000,2731.0000,2731.6000,2731.8000,2732.0000,2732.2000,1,2,2,1,1,1,3,2,2,1
SF,IH2006,2020-04-23 09:34:29.500,2730.6000,21216,0,336051480.000,0,-,-,-,-,2730.4000,2730.0000,2729.8000,2729.0000,2728.6000,2731.0000,2731.6000,2731.8000,2732.0000,2732.2000,1,2,2,1,1,1,3,2,2,1
SF,IH2006,2020-04-23 09:34:30.000,2730.4000,21214,-2,337689720.000,2,0,2,双平,S,2730.0000,2729.8000,2729.0000,2728.6000,2728.2000,2730.4000,2731.0000,2731.6000,2731.8000,2732.0000,2,2,1,1,6,3,2,3,2,2
SF,IH2006,2020-04-23 09:34:30.500,2730.4000,21213,-1,339327960.000,2,0,2,多平,S,2730.0000,2729.8000,2729.0000,2728.6000,2728.2000,2730.4000,2731.0000,2731.6000,2731.8000,2732.0000,3,2,1,1,6,1,2,3,2,2
SF,IH2006,2020-04-23 09:34:32.000,2730.4000,21213,0,339327960.000,0,-,-,-,-,2730.2000,2730.0000,2729.8000,2729.0000,2728.6000,2730.4000,2731.0000,2731.6000,2731.8000,2732.0000,1,3,2,1,1,1,2,3,2,2
SF,IH2006,2020-04-23 09:34:32.500,2730.4000,21213,0,339327960.000,0,-,-,-,-,2730.0000,2729.8000,2729.0000,2728.6000,2728.2000,2730.4000,2731.0000,2731.6000,2731.8000,2732.0000,2,2,1,1,6,1,2,3,2,2
SF,IH2006,2020-04-23 09:34:33.000,2730.4000,21213,0,340147080.000,1,0,1,多换,S,2730.4000,2730.2000,2730.0000,2729.8000,2729.0000,2731.0000,2731.6000,2731.8000,2732.0000,2732.2000,3,1,3,2,1,2,3,2,2,1
SF,IH2006,2020-04-23 09:34:33.500,2730.8000,21213,0,340966320.000,1,0,1,多换,S,2730.8000,2730.2000,2730.0000,2729.8000,2729.0000,2731.0000,2731.6000,2731.8000,2732.0000,2732.2000,2,1,3,2,1,2,1,2,2,1
SF,IH2006,2020-04-23 09:34:34.000,2730.8000,21213,0,342604800.000,2,1,1,多换,S,2730.2000,2730.0000,2729.8000,2729.0000,2728.6000,2730.8000,2731.0000,2731.6000,2731.8000,2732.0000,1,3,2,1,1,1,2,1,2,2
SF,IH2006,2020-04-23 09:34:34.500,2730.2000,21213,0,343423860.000,1,0,1,多换,S,2730.6000,2730.2000,2730.0000,2729.8000,2729.0000,2731.0000,2731.6000,2731.8000,2732.0000,2732.2000,1,1,3,2,1,2,1,2,2,1
SF,IH2006,2020-04-23 09:34:35.000,2730.2000,21213,0,343423860.000,0,-,-,-,-,2730.6000,2730.2000,2730.0000,2729.8000,2729.0000,2730.8000,2731.0000,2731.6000,2731.8000,2732.0000,1,1,3,2,1,1,2,1,2,2
SF,IH2006,2020-04-23 09:34:35.500,2730.8000,21210,-3,345881640.000,3,0,3,双平,S,2730.2000,2730.0000,2729.8000,2729.0000,2728.6000,2731.6000,2731.8000,2732.0000,2732.2000,2732.4000,1,3,2,1,1,1,2,2,1,3
SF,IH2006,2020-04-23 09:34:36.000,2730.8000,21210,0,345881640.000,0,-,-,-,-,2730.4000,2730.2000,2730.0000,2729.8000,2729.2000,2731.4000,2731.8000,2732.0000,2732.2000,2732.4000,8,3,4,2,1,1,1,2,1,3
SF,IH2006,2020-04-23 09:34:36.500,2730.8000,21210,0,345881640.000,0,-,-,-,-,2730.8000,2730.6000,2730.4000,2730.2000,2730.0000,2731.8000,2732.0000,2732.2000,2732.4000,2732.8000,1,3,10,4,4,1,2,1,3,2
SF,IH2006,2020-04-23 09:34:37.000,2730.8000,21210,0,345881640.000,0,-,-,-,-,2731.0000,2730.6000,2730.4000,2730.2000,2730.0000,2731.8000,2732.0000,2732.2000,2732.4000,2732.8000,4,3,5,4,4,1,2,1,3,2
SF,IH2006,2020-04-23 09:34:38.500,2730.8000,21210,0,345881640.000,0,-,-,-,-,2731.0000,2730.6000,2730.4000,2730.2000,2730.0000,2731.8000,2732.0000,2732.2000,2732.4000,2732.8000,4,3,5,4,4,1,2,1,3,2
SF,IH2006,2020-04-23 09:34:39.000,2730.8000,21210,0,345881640.000,0,-,-,-,-,2731.0000,2730.6000,2730.4000,2730.2000,2730.0000,2731.8000,2732.0000,2732.2000,2732.4000,2732.8000,4,3,5,4,4,1,2,1,3,2
SF,IH2006,2020-04-23 09:34:39.500,2730.8000,21210,0,345881640.000,0,-,-,-,-,2731.6000,2731.0000,2730.6000,2730.4000,2730.2000,2732.0000,2732.2000,2732.4000,2732.8000,2733.6000,1,4,3,5,5,2,1,3,1,1
SF,IH2006,2020-04-23 09:34:40.000,2730.8000,21210,0,345881640.000,0,-,-,-,-,2731.0000,2730.6000,2730.4000,2730.2000,2730.0000,2732.0000,2732.2000,2732.4000,2732.8000,2733.6000,4,2,5,5,4,2,1,3,1,1
SF,IH2006,2020-04-23 09:34:40.500,2732.0000,21210,0,346701240.000,1,0,1,多换,S,2731.4000,2731.2000,2731.0000,2730.6000,2730.4000,2732.0000,2732.2000,2732.4000,2732.8000,2733.6000,1,1,5,2,5,1,1,3,1,1
SF,IH2006,2020-04-23 09:34:41.000,2732.0000,21210,0,346701240.000,0,-,-,-,-,2731.2000,2731.0000,2730.6000,2730.4000,2730.2000,2732.0000,2732.2000,2732.4000,2732.8000,2733.6000,1,5,2,5,5,1,1,3,1,1
SF,IH2006,2020-04-23 09:34:41.500,2732.0000,21210,0,346701240.000,0,-,-,-,-,2731.4000,2731.2000,2731.0000,2730.6000,2730.4000,2732.0000,2732.2000,2732.4000,2732.8000,2733.6000,3,1,2,2,5,1,1,3,1,1
SF,IH2006,2020-04-23 09:34:42.000,2732.0000,21210,0,346701240.000,0,-,-,-,-,2731.6000,2731.4000,2731.2000,2731.0000,2730.6000,2732.0000,2732.2000,2732.4000,2732.8000,2733.6000,1,3,1,2,2,1,1,3,1,1
SF,IH2006,2020-04-23 09:34:42.500,2732.0000,21210,0,346701240.000,0,-,-,-,-,2731.4000,2731.2000,2731.0000,2730.6000,2730.4000,2732.0000,2732.2000,2732.4000,2732.8000,2733.6000,3,1,2,2,4,1,1,3,1,1
SF,IH2006,2020-04-23 09:34:43.000,2732.0000,21210,0,346701240.000,0,-,-,-,-,2731.4000,2731.2000,2731.0000,2730.6000,2730.4000,2732.0000,2732.2000,2732.4000,2732.8000,2733.6000,2,1,2,2,4,1,1,3,1,1
SF,IH2006,2020-04-23 09:34:44.500,2732.0000,21210,0,346701240.000,0,-,-,-,-,2731.4000,2731.2000,2731.0000,2730.6000,2730.4000,2732.2000,2732.4000,2732.8000,2733.6000,2734.0000,2,1,2,2,4,1,3,1,1,1
SF,IH2006,2020-04-23 09:34:45.000,2732.0000,21210,0,346701240.000,0,-,-,-,-,2731.4000,2731.2000,2731.0000,2730.6000,2730.4000,2731.8000,2732.2000,2732.4000,2732.8000,2733.6000,2,1,2,2,4,1,1,3,1,1
SF,IH2006,2020-04-23 09:34:45.500,2732.0000,21210,0,346701240.000,0,-,-,-,-,2731.2000,2731.0000,2730.6000,2730.4000,2730.2000,2731.8000,2732.2000,2732.4000,2732.8000,2733.6000,1,2,2,4,5,1,1,3,1,1
SF,IH2006,2020-04-23 09:34:46.000,2731.8000,21209,-1,347520780.000,1,0,1,双平,S,2731.4000,2731.2000,2731.0000,2730.6000,2730.4000,2732.2000,2732.4000,2732.8000,2733.6000,2734.0000,1,2,3,2,4,1,3,1,1,1
SF,IH2006,2020-04-23 09:34:46.500,2732.2000,21209,0,348340440.000,1,0,1,多换,S,2731.6000,2731.2000,2731.0000,2730.6000,2730.4000,2732.4000,2732.8000,2733.6000,2734.0000,2734.4000,2,1,3,2,4,3,1,1,1,1
SF,IH2006,2020-04-23 09:34:47.000,2732.2000,21209,0,348340440.000,0,-,-,-,-,2731.6000,2731.2000,2731.0000,2730.8000,2730.6000,2732.4000,2732.8000,2733.6000,2734.0000,2734.4000,2,1,3,1,2,3,1,1,1,1
SF,IH2006,2020-04-23 09:34:47.500,2731.6000,21208,-1,349979400.000,2,0,2,多平,S,2731.0000,2730.8000,2730.6000,2730.2000,2730.0000,2732.4000,2732.8000,2733.6000,2734.0000,2734.4000,3,1,2,4,4,3,1,1,1,1
SF,IH2006,2020-04-23 09:34:48.000,2731.6000,21208,0,349979400.000,0,-,-,-,-,2731.2000,2731.0000,2730.8000,2730.6000,2730.2000,2732.2000,2732.4000,2732.8000,2733.6000,2734.0000,2,3,1,1,4,2,3,1,1,1
SF,IH2006,2020-04-23 09:34:48.500,2731.6000,21208,0,349979400.000,0,-,-,-,-,2731.6000,2731.2000,2731.0000,2730.8000,2730.6000,2732.0000,2732.2000,2732.4000,2732.8000,2733.6000,1,1,3,1,1,1,2,3,1,1
SF,IH2006,2020-04-23 09:34:49.000,2731.6000,21208,0,350798880.000,1,0,1,多换,S,2731.2000,2731.0000,2730.8000,2730.6000,2730.2000,2732.2000,2732.4000,2732.8000,2733.6000,2734.0000,1,3,1,1,4,1,3,1,1,1
SF,IH2006,2020-04-23 09:34:49.500,2731.6000,21208,0,350798880.000,0,-,-,-,-,2731.2000,2731.0000,2730.8000,2730.6000,2730.2000,2731.8000,2732.2000,2732.4000,2732.8000,2733.6000,2,3,1,1,4,1,1,3,1,1
SF,IH2006,2020-04-23 09:34:50.000,2731.6000,21208,0,350798880.000,0,-,-,-,-,2731.4000,2731.2000,2731.0000,2730.8000,2730.6000,2732.4000,2732.8000,2733.6000,2734.0000,2734.4000,1,3,3,1,1,3,1,1,1,1
SF,IH2006,2020-04-23 09:34:50.500,2731.6000,21208,0,350798880.000,0,-,-,-,-,2731.6000,2731.2000,2731.0000,2730.8000,2730.6000,2732.4000,2732.8000,2733.6000,2734.0000,2734.4000,2,2,2,1,1,3,1,1,1,1
SF,IH2006,2020-04-23 09:34:51.000,2731.6000,21208,0,350798880.000,0,-,-,-,-,2731.2000,2731.0000,2730.8000,2730.6000,2730.2000,2732.4000,2732.8000,2733.6000,2734.0000,2734.4000,2,2,1,1,4,3,1,1,1,1
SF,IH2006,2020-04-23 09:34:51.500,2731.6000,21208,0,350798880.000,0,-,-,-,-,2731.4000,2731.2000,2731.0000,2730.8000,2730.6000,2732.2000,2732.4000,2732.8000,2733.6000,2734.0000,4,2,2,1,1,1,4,1,1,1
SF,IH2006,2020-04-23 09:34:52.000,2731.6000,21208,0,350798880.000,0,-,-,-,-,2731.4000,2731.2000,2731.0000,2730.8000,2730.6000,2732.4000,2732.8000,2733.6000,2734.0000,2734.4000,3,2,2,1,1,4,1,1,1,1
SF,IH2006,2020-04-23 09:34:52.500,2731.6000,21208,0,350798880.000,0,-,-,-,-,2731.6000,2731.4000,2731.2000,2731.0000,2730.8000,2732.4000,2732.8000,2733.6000,2734.0000,2734.4000,1,3,2,2,1,4,1,1,1,1
SF,IH2006,2020-04-23 09:34:53.000,2731.6000,21208,0,350798880.000,0,-,-,-,-,2731.6000,2731.4000,2731.2000,2731.0000,2730.8000,2732.4000,2732.8000,2733.6000,2734.0000,2734.4000,1,1,2,2,1,4,1,1,1,1
SF,IH2006,2020-04-23 09:34:53.500,2731.6000,21208,0,350798880.000,0,-,-,-,-,2731.6000,2731.4000,2731.2000,2731.0000,2730.8000,2732.4000,2732.8000,2733.6000,2734.0000,2734.4000,1,1,2,2,1,4,1,1,1,1
SF,IH2006,2020-04-23 09:34:55.000,2732.4000,21209,1,351618600.000,1,1,0,双开,S,2731.6000,2731.4000,2731.2000,2731.0000,2730.8000,2732.4000,2732.8000,2733.6000,2734.0000,2734.4000,1,1,2,2,1,3,1,1,1,1
SF,IH2006,2020-04-23 09:34:56.000,2732.4000,21209,0,351618600.000,0,-,-,-,-,2731.6000,2731.4000,2731.2000,2731.0000,2730.8000,2732.4000,2732.8000,2733.6000,2734.0000,2734.4000,1,1,2,2,1,3,1,1,1,1
SF,IH2006,2020-04-23 09:34:56.500,2732.4000,21209,0,351618600.000,0,-,-,-,-,2731.4000,2731.2000,2731.0000,2730.8000,2730.6000,2732.4000,2732.8000,2733.6000,2734.0000,2734.4000,1,2,2,1,1,3,1,1,1,1
SF,IH2006,2020-04-23 09:35:00.000,2732.4000,21209,0,351618600.000,0,-,-,-,-,2731.4000,2731.2000,2731.0000,2730.8000,2730.6000,2732.4000,2732.8000,2733.6000,2734.0000,2734.4000,1,1,2,1,1,3,1,1,1,1
SF,IH2006,2020-04-23 09:35:00.500,2732.4000,21209,0,351618600.000,0,-,-,-,-,2731.4000,2731.2000,2731.0000,2730.8000,2730.6000,2732.2000,2732.4000,2732.8000,2733.6000,2734.0000,1,1,2,1,1,1,3,1,1,1
SF,IH2006,2020-04-23 09:35:01.000,2732.4000,21209,0,351618600.000,0,-,-,-,-,2731.2000,2731.0000,2730.8000,2730.6000,2730.2000,2732.2000,2732.4000,2732.8000,2733.6000,2734.0000,1,2,1,1,5,1,3,1,1,1
SF,IH2006,2020-04-23 09:35:01.500,2732.4000,21209,0,351618600.000,0,-,-,-,-,2731.2000,2731.0000,2730.8000,2730.2000,2730.0000,2732.2000,2732.4000,2732.8000,2733.6000,2734.0000,1,1,1,4,4,1,3,1,1,1
SF,IH2006,2020-04-23 09:35:02.000,2732.4000,21209,0,351618600.000,0,-,-,-,-,2731.4000,2731.2000,2731.0000,2730.8000,2730.2000,2732.2000,2732.4000,2732.8000,2733.6000,2734.0000,1,2,1,1,4,1,3,1,1,1
SF,IH2006,2020-04-23 09:35:02.500,2732.4000,21209,0,351618600.000,0,-,-,-,-,2731.4000,2731.2000,2731.0000,2730.8000,2730.2000,2732.4000,2732.8000,2733.6000,2734.0000,2734.4000,1,1,1,1,4,3,1,1,1,1
SF,IH2006,2020-04-23 09:35:03.000,2732.4000,21209,0,351618600.000,0,-,-,-,-,2731.6000,2731.4000,2731.2000,2731.0000,2730.8000,2732.4000,2732.8000,2733.6000,2734.0000,2734.4000,1,2,1,1,1,3,1,1,1,1
