市场代码,合约代码,时间,最新,持仓,增仓,成交额,成交量,开仓,平仓,成交类型,方向,买一价,买二价,买三价,买四价,买五价,卖一价,卖二价,卖三价,卖四价,卖五价,买一量,买二量,买三量,买四量,买五量,卖一量,卖二量,卖三量,卖四量,卖五量
SF,IH2001,2020-01-17 09:29:00.300,3055.2000,10341,0,49494240.000,54.000,-,-,-,-,3055.0000,3054.6000,3054.2000,3053.8000,3053.6000,3056.0000,3057.0000,3059.0000,3059.6000,3060.0000,4,5,1,1,3,1,2,1,2,1
SF,IH2001,2020-01-17 09:30:00.300,3056.0000,10340,-1,50411040.000,1,0,1,双平,S,3056.2000,3056.0000,3055.2000,3055.0000,3054.6000,3057.0000,3059.0000,3059.6000,3059.8000,3060.0000,1,1,2,4,5,2,1,2,1,1
SF,IH2001,2020-01-17 09:30:00.800,3055.0000,10307,-33,80668500.000,33,0,33,双平,S,3055.0000,3054.6000,3054.2000,3053.8000,3053.2000,3056.2000,3056.8000,3057.0000,3058.4000,3059.0000,1,2,1,1,1,2,1,5,1,1
SF,IH2001,2020-01-17 09:30:01.300,3055.2000,10293,-14,93501420.000,14,0,14,双平,S,3055.2000,3054.2000,3054.0000,3053.8000,3053.2000,3056.8000,3057.0000,3058.4000,3059.0000,3059.6000,2,1,3,1,1,2,5,1,1,2
SF,IH2001,2020-01-17 09:30:01.800,3056.8000,10283,-10,102670260.000,10,0,10,双平,S,3056.8000,3056.0000,3054.4000,3054.2000,3053.8000,3057.0000,3058.4000,3059.0000,3059.6000,3059.8000,2,1,1,1,1,5,2,1,2,1
SF,IH2001,2020-01-17 09:30:02.300,3055.2000,10279,-4,106337700.000,4,0,4,双平,S,3054.4000,3054.2000,3053.8000,3053.2000,3053.0000,3055.8000,3056.2000,3056.4000,3056.6000,3056.8000,1,1,1,1,6,2,2,1,2,10
SF,IH2001,2020-01-17 09:30:02.800,3055.6000,10277,-2,108170940.000,2,0,2,双平,S,3054.6000,3054.4000,3054.2000,3053.8000,3053.2000,3055.6000,3055.8000,3056.2000,3056.4000,3056.6000,8,1,1,1,1,4,2,2,1,2
SF,IH2001,2020-01-17 09:30:03.300,3054.6000,10274,-3,110920080.000,3,0,3,双平,S,3054.6000,3054.4000,3054.2000,3053.8000,3053.2000,3055.4000,3055.6000,3055.8000,3056.2000,3056.4000,7,1,1,1,1,1,3,2,2,1
SF,IH2001,2020-01-17 09:30:03.800,3055.4000,10270,-4,114586620.000,4,0,4,双平,S,3054.6000,3054.4000,3054.2000,3053.8000,3053.2000,3055.6000,3055.8000,3056.2000,3056.4000,3056.6000,7,1,1,1,1,3,2,2,1,1
SF,IH2001,2020-01-17 09:30:04.300,3054.6000,10269,-1,115503000.000,1,0,1,双平,S,3054.6000,3054.4000,3054.2000,3053.8000,3053.2000,3055.6000,3055.8000,3056.2000,3056.4000,3056.6000,7,1,1,1,1,3,2,2,1,1
SF,IH2001,2020-01-17 09:30:04.800,3055.6000,10266,-3,118253040.000,3,0,3,双平,S,3054.6000,3054.4000,3054.2000,3053.8000,3053.2000,3055.8000,3056.2000,3056.4000,3056.6000,3056.8000,7,1,1,1,1,2,2,1,1,2
SF,IH2001,2020-01-17 09:30:05.300,3054.6000,10264,-2,120085800.000,2,0,2,双平,S,3054.6000,3054.4000,3054.2000,3053.8000,3053.2000,3055.8000,3056.2000,3056.4000,3056.6000,3056.8000,5,1,1,1,1,2,2,1,1,2
SF,IH2001,2020-01-17 09:30:05.800,3055.8000,10263,-1,121002540.000,1,0,1,双平,S,3054.6000,3054.4000,3054.2000,3053.8000,3053.2000,3054.8000,3055.8000,3056.2000,3056.4000,3056.6000,5,1,1,1,1,2,1,2,1,1
SF,IH2001,2020-01-17 09:30:06.300,3054.8000,10261,-2,122835420.000,2,0,2,双平,S,3055.0000,3054.8000,3054.6000,3054.4000,3054.2000,3055.6000,3055.8000,3056.2000,3056.4000,3056.6000,2,8,5,1,1,2,1,2,1,1
SF,IH2001,2020-01-17 09:30:06.800,3055.0000,10255,-6,128334840.000,6,0,6,双平,S,3055.0000,3054.8000,3054.6000,3054.4000,3054.2000,3055.8000,3056.2000,3056.4000,3056.6000,3056.8000,1,7,1,1,1,1,2,1,1,2
SF,IH2001,2020-01-17 09:30:07.300,3055.0000,10253,-2,130167840.000,2,0,2,双平,S,3054.8000,3054.6000,3054.4000,3054.2000,3053.2000,3055.8000,3056.2000,3056.6000,3056.8000,3057.0000,7,1,1,1,1,1,2,2,2,8
SF,IH2001,2020-01-17 09:30:07.800,3055.6000,10251,-2,132000960.000,2,0,2,双平,S,3054.8000,3054.6000,3054.4000,3054.2000,3053.2000,3055.8000,3056.2000,3056.6000,3056.8000,3057.0000,6,1,1,1,1,4,2,1,2,8
SF,IH2001,2020-01-17 09:30:08.300,3055.6000,10250,-1,132917640.000,1,0,1,双平,S,3055.0000,3054.8000,3054.6000,3054.2000,3053.2000,3055.8000,3056.2000,3056.6000,3056.8000,3057.0000,3,7,1,1,1,8,2,1,1,8
SF,IH2001,2020-01-17 09:30:08.800,3054.8000,10241,-9,141167280.000,9,0,9,双平,S,3054.8000,3054.6000,3054.2000,3053.2000,3053.0000,3055.8000,3056.2000,3056.6000,3056.8000,3057.0000,2,1,1,1,6,3,2,1,1,8
SF,IH2001,2020-01-17 09:30:09.300,3055.0000,10237,-4,144834000.000,4,0,4,双平,S,3054.8000,3054.6000,3054.2000,3053.2000,3053.0000,3056.2000,3056.6000,3056.8000,3057.0000,3057.2000,1,1,1,1,6,2,1,1,8,1
SF,IH2001,2020-01-17 09:30:09.800,3055.8000,10236,-1,145750740.000,1,0,1,双平,S,3055.6000,3055.0000,3054.8000,3054.6000,3054.2000,3056.0000,3056.2000,3056.6000,3056.8000,3057.0000,1,2,1,1,1,7,2,1,1,8
SF,IH2001,2020-01-17 09:30:10.300,3055.0000,10234,-2,147583920.000,2,0,2,双平,S,3054.8000,3054.6000,3054.2000,3053.2000,3053.0000,3055.4000,3055.6000,3056.0000,3056.2000,3056.6000,1,1,1,1,6,2,4,3,2,1
SF,IH2001,2020-01-17 09:30:10.800,3055.2000,10231,-3,150333420.000,3,0,3,双平,S,3054.6000,3054.2000,3053.2000,3053.0000,3052.2000,3055.4000,3055.6000,3056.0000,3056.2000,3056.6000,1,1,1,6,1,2,1,3,2,1
SF,IH2001,2020-01-17 09:30:11.300,3055.2000,10227,-4,154915380.000,5,0,5,多平,S,3055.0000,3053.2000,3053.0000,3052.2000,3051.8000,3055.2000,3055.4000,3055.6000,3056.0000,3056.2000,2,1,6,1,1,1,1,1,2,2
SF,IH2001,2020-01-17 09:30:11.800,3054.8000,10217,-10,164080320.000,10,0,10,双平,S,3053.4000,3053.2000,3053.0000,3052.2000,3051.8000,3054.8000,3055.0000,3055.2000,3056.0000,3056.2000,1,1,6,1,1,3,2,1,2,2
SF,IH2001,2020-01-17 09:30:12.300,3054.8000,10213,-4,167746020.000,4,0,4,双平,S,3053.6000,3053.4000,3053.2000,3053.0000,3052.8000,3054.8000,3055.6000,3056.0000,3056.2000,3056.6000,7,1,1,6,2,1,2,2,2,1
SF,IH2001,2020-01-17 09:30:12.800,3055.6000,10210,-3,170495760.000,3,0,3,双平,S,3053.8000,3053.6000,3053.2000,3053.0000,3052.8000,3054.6000,3054.8000,3055.6000,3056.0000,3056.2000,2,7,1,6,2,1,1,3,2,2
SF,IH2001,2020-01-17 09:30:13.300,3054.8000,10208,-2,172328580.000,2,0,2,双平,S,3054.0000,3053.8000,3053.6000,3053.2000,3053.0000,3055.6000,3056.0000,3056.2000,3056.6000,3056.8000,1,2,3,1,6,3,2,2,1,1
SF,IH2001,2020-01-17 09:30:13.800,3054.8000,10208,0,172328580.000,0,-,-,-,-,3054.8000,3053.8000,3053.6000,3053.2000,3053.0000,3055.6000,3056.0000,3056.2000,3056.6000,3056.8000,6,1,3,1,6,3,2,2,1,1
SF,IH2001,2020-01-17 09:30:14.300,3054.8000,10206,-2,174161460.000,2,0,2,双平,S,3054.8000,3053.6000,3053.2000,3053.0000,3052.8000,3055.6000,3056.0000,3056.2000,3056.6000,3056.8000,4,1,5,6,2,3,2,2,1,1
SF,IH2001,2020-01-17 09:30:15.300,3054.8000,10206,0,174161460.000,0,-,-,-,-,3055.2000,3054.8000,3053.6000,3053.2000,3053.0000,3055.6000,3056.0000,3056.2000,3056.6000,3056.8000,1,4,1,5,6,3,2,2,2,1
SF,IH2001,2020-01-17 09:30:15.800,3055.0000,10203,-3,176911140.000,3,0,3,双平,S,3054.8000,3054.4000,3053.6000,3053.2000,3053.0000,3055.0000,3055.2000,3055.4000,3055.6000,3056.0000,4,1,1,5,6,1,4,4,5,2
SF,IH2001,2020-01-17 09:30:16.300,3055.0000,10202,-1,177827640.000,1,0,1,双平,S,3055.0000,3054.8000,3054.4000,3053.6000,3053.2000,3055.6000,3056.0000,3056.2000,3056.6000,3056.8000,1,4,1,1,5,5,2,5,2,1
SF,IH2001,2020-01-17 09:30:16.800,3054.8000,10200,-2,179660580.000,2,0,2,双平,S,3054.8000,3054.4000,3053.6000,3053.2000,3053.0000,3055.0000,3055.6000,3056.0000,3056.2000,3056.6000,3,1,1,5,6,1,5,2,5,2
SF,IH2001,2020-01-17 09:30:17.300,3055.0000,10198,-2,181493580.000,2,0,2,双平,S,3054.8000,3054.4000,3053.6000,3053.2000,3053.0000,3055.6000,3056.0000,3056.2000,3056.6000,3056.8000,3,1,1,5,6,5,2,5,2,1
SF,IH2001,2020-01-17 09:30:17.800,3054.8000,10196,-2,183326460.000,2,0,2,双平,S,3054.8000,3054.4000,3053.6000,3053.2000,3053.0000,3055.6000,3056.0000,3056.2000,3056.6000,3056.8000,1,1,1,5,6,5,2,5,2,1
SF,IH2001,2020-01-17 09:30:18.300,3054.8000,10195,-1,184242900.000,1,0,1,双平,S,3054.4000,3053.6000,3053.2000,3053.0000,3052.8000,3054.6000,3055.6000,3056.0000,3056.2000,3056.6000,1,1,5,6,2,1,5,2,5,2
SF,IH2001,2020-01-17 09:30:18.800,3054.4000,10192,-3,186991980.000,3,0,3,双平,S,3053.6000,3053.2000,3053.0000,3052.8000,3052.2000,3054.8000,3055.4000,3055.6000,3056.0000,3056.2000,1,5,6,2,1,2,1,3,1,5
SF,IH2001,2020-01-17 09:30:19.300,3054.4000,10192,0,186991980.000,0,-,-,-,-,3053.8000,3053.6000,3053.2000,3053.0000,3052.8000,3055.4000,3055.6000,3056.0000,3056.2000,3056.6000,1,1,5,6,2,1,3,1,5,2
SF,IH2001,2020-01-17 09:30:19.800,3054.4000,10192,0,186991980.000,0,-,-,-,-,3054.8000,3054.0000,3053.8000,3053.6000,3053.2000,3055.0000,3055.2000,3055.4000,3055.6000,3056.0000,1,1,1,1,5,1,1,1,3,1
SF,IH2001,2020-01-17 09:30:20.300,3054.8000,10191,-1,187908420.000,1,0,1,双平,S,3053.8000,3053.6000,3053.2000,3053.0000,3052.8000,3054.8000,3055.0000,3055.4000,3055.6000,3056.0000,1,1,5,6,2,2,1,1,3,1
SF,IH2001,2020-01-17 09:30:20.800,3054.8000,10191,0,187908420.000,0,-,-,-,-,3053.8000,3053.6000,3053.2000,3053.0000,3052.8000,3054.8000,3055.0000,3055.4000,3055.6000,3056.0000,1,1,5,6,2,1,2,1,3,1
SF,IH2001,2020-01-17 09:30:21.300,3054.8000,10191,0,187908420.000,0,-,-,-,-,3053.8000,3053.6000,3053.2000,3053.0000,3052.8000,3054.6000,3054.8000,3055.0000,3055.4000,3055.6000,1,1,5,6,2,1,1,2,1,3
SF,IH2001,2020-01-17 09:30:21.800,3054.8000,10189,-2,189741240.000,2,0,2,双平,S,3053.8000,3053.6000,3053.2000,3053.0000,3052.8000,3055.0000,3055.4000,3055.6000,3056.0000,3056.2000,1,2,5,6,2,2,1,3,1,4
SF,IH2001,2020-01-17 09:30:22.300,3054.8000,10189,0,189741240.000,0,-,-,-,-,3054.4000,3053.8000,3053.6000,3053.2000,3053.0000,3055.0000,3055.4000,3055.6000,3056.0000,3056.2000,1,1,2,5,6,2,1,3,1,4
SF,IH2001,2020-01-17 09:30:22.800,3054.2000,10187,-2,192490020.000,3,0,3,多平,S,3053.6000,3053.2000,3053.0000,3052.8000,3052.2000,3055.0000,3055.2000,3055.4000,3055.6000,3056.0000,1,5,6,2,1,2,2,1,3,1
SF,IH2001,2020-01-17 09:30:23.300,3054.2000,10187,0,192490020.000,0,-,-,-,-,3053.6000,3053.2000,3053.0000,3052.8000,3052.2000,3055.0000,3055.2000,3055.4000,3055.6000,3056.0000,1,5,6,2,1,2,2,1,3,1
SF,IH2001,2020-01-17 09:30:23.800,3054.2000,10187,0,192490020.000,0,-,-,-,-,3053.6000,3053.2000,3053.0000,3052.8000,3052.2000,3054.8000,3055.0000,3055.2000,3055.4000,3055.6000,1,5,6,2,1,1,2,2,1,3
SF,IH2001,2020-01-17 09:30:24.300,3053.6000,10186,-1,193406100.000,1,0,1,双平,S,3054.4000,3053.2000,3053.0000,3052.8000,3052.2000,3054.8000,3055.0000,3055.2000,3055.4000,3055.6000,2,5,6,2,1,1,2,3,1,3
SF,IH2001,2020-01-17 09:30:24.800,3054.2000,10184,-2,195238620.000,2,0,2,双平,S,3054.0000,3053.2000,3053.0000,3052.8000,3052.2000,3054.4000,3054.6000,3055.0000,3055.2000,3055.4000,1,5,6,2,1,3,1,2,3,1
SF,IH2001,2020-01-17 09:30:25.300,3054.4000,10182,-2,197071260.000,2,0,2,双平,S,3054.0000,3053.2000,3053.0000,3052.8000,3052.2000,3055.0000,3055.2000,3055.4000,3055.6000,3056.0000,1,5,6,2,1,2,3,1,4,1
SF,IH2001,2020-01-17 09:30:25.800,3054.6000,10180,-2,198904140.000,2,0,2,双平,S,3054.0000,3053.4000,3053.2000,3053.0000,3052.8000,3055.0000,3055.2000,3055.4000,3055.6000,3056.0000,1,1,5,6,2,1,3,1,3,1
SF,IH2001,2020-01-17 09:30:26.300,3054.6000,10180,0,198904140.000,0,-,-,-,-,3054.2000,3054.0000,3053.4000,3053.2000,3053.0000,3055.0000,3055.2000,3055.4000,3055.6000,3056.0000,1,1,1,5,6,2,3,1,3,1
SF,IH2001,2020-01-17 09:30:26.800,3054.6000,10180,0,198904140.000,0,-,-,-,-,3054.2000,3054.0000,3053.4000,3053.2000,3053.0000,3055.0000,3055.2000,3055.4000,3055.6000,3056.0000,1,1,1,5,6,2,1,1,3,2
SF,IH2001,2020-01-17 09:30:27.300,3054.2000,10179,-1,199820400.000,1,0,1,双平,S,3054.2000,3054.0000,3053.4000,3053.2000,3053.0000,3054.8000,3055.0000,3055.2000,3055.4000,3055.6000,4,1,1,5,6,1,2,1,1,3
SF,IH2001,2020-01-17 09:30:27.800,3054.2000,10179,0,199820400.000,0,-,-,-,-,3054.2000,3054.0000,3053.2000,3053.0000,3052.8000,3055.0000,3055.2000,3055.4000,3055.6000,3056.0000,4,1,5,6,2,2,1,1,3,2
SF,IH2001,2020-01-17 09:30:28.300,3054.2000,10179,0,199820400.000,0,-,-,-,-,3054.2000,3054.0000,3053.2000,3053.0000,3052.8000,3055.0000,3055.2000,3055.4000,3055.6000,3056.0000,4,1,5,6,2,3,1,1,3,2
SF,IH2001,2020-01-17 09:30:28.800,3055.0000,10176,-3,202569420.000,3,0,3,双平,S,3054.6000,3054.2000,3054.0000,3053.2000,3053.0000,3055.0000,3055.2000,3055.4000,3055.6000,3056.0000,1,2,1,5,6,2,1,1,3,2
SF,IH2001,2020-01-17 09:30:29.300,3055.0000,10174,-2,204402300.000,2,0,2,双平,S,3054.2000,3054.0000,3053.2000,3053.0000,3052.8000,3054.6000,3055.0000,3055.2000,3055.4000,3055.6000,2,1,5,6,2,1,1,1,1,3
SF,IH2001,2020-01-17 09:30:29.800,3054.2000,10173,-1,205318560.000,1,0,1,双平,S,3054.2000,3054.0000,3053.2000,3053.0000,3052.8000,3055.0000,3055.2000,3055.4000,3055.6000,3056.0000,1,1,5,6,2,1,1,1,3,2
SF,IH2001,2020-01-17 09:30:30.300,3054.2000,10172,-1,206234820.000,1,0,1,双平,S,3054.2000,3054.0000,3053.2000,3053.0000,3052.8000,3055.0000,3055.2000,3055.4000,3055.6000,3056.0000,1,1,5,6,2,1,1,1,3,2
SF,IH2001,2020-01-17 09:30:30.800,3054.0000,10170,-2,208067280.000,2,0,2,双平,S,3053.2000,3053.0000,3052.8000,3052.2000,3051.8000,3055.0000,3055.2000,3055.4000,3055.6000,3056.0000,5,6,2,1,1,1,1,1,3,2
SF,IH2001,2020-01-17 09:30:31.300,3054.0000,10170,0,208067280.000,0,-,-,-,-,3053.6000,3053.4000,3053.2000,3053.0000,3052.8000,3054.8000,3055.0000,3055.2000,3055.4000,3055.6000,1,5,5,6,2,4,1,1,1,3
SF,IH2001,2020-01-17 09:30:31.800,3054.0000,10170,0,208067280.000,0,-,-,-,-,3053.6000,3053.4000,3053.2000,3053.0000,3052.8000,3054.8000,3055.0000,3055.2000,3055.4000,3055.6000,1,3,5,6,2,1,1,1,1,3
SF,IH2001,2020-01-17 09:30:32.300,3054.0000,10170,0,208067280.000,0,-,-,-,-,3053.8000,3053.6000,3053.4000,3053.2000,3053.0000,3054.8000,3055.0000,3055.2000,3055.4000,3055.6000,1,1,3,5,6,1,1,1,1,3
SF,IH2001,2020-01-17 09:30:32.800,3053.8000,10169,-1,208983420.000,1,0,1,双平,S,3053.6000,3053.4000,3053.2000,3053.0000,3052.8000,3055.0000,3055.2000,3055.4000,3055.6000,3056.0000,1,2,5,6,2,1,1,1,3,2
SF,IH2001,2020-01-17 09:30:33.300,3053.8000,10168,-1,209899560.000,1,0,1,双平,S,3053.6000,3053.4000,3053.2000,3053.0000,3052.8000,3054.2000,3054.8000,3055.0000,3055.2000,3055.4000,2,2,5,6,2,1,3,1,1,1
SF,IH2001,2020-01-17 09:30:33.800,3054.2000,10167,-1,210815820.000,1,0,1,双平,S,3054.2000,3054.0000,3053.6000,3053.2000,3053.0000,3054.8000,3055.0000,3055.2000,3055.4000,3055.6000,1,1,2,5,6,3,1,1,1,3
SF,IH2001,2020-01-17 09:30:34.300,3054.2000,10167,0,210815820.000,0,-,-,-,-,3054.6000,3054.2000,3054.0000,3053.6000,3053.2000,3054.8000,3055.0000,3055.2000,3055.4000,3055.6000,2,1,1,2,5,3,1,1,1,3
SF,IH2001,2020-01-17 09:30:34.800,3054.6000,10163,-4,214481400.000,4,0,4,双平,S,3054.2000,3054.0000,3053.6000,3053.2000,3053.0000,3054.6000,3054.8000,3055.0000,3055.2000,3055.4000,1,1,2,5,6,1,2,1,1,1
SF,IH2001,2020-01-17 09:30:35.300,3054.2000,10162,-1,215397660.000,1,0,1,双平,S,3054.0000,3053.6000,3053.2000,3053.0000,3052.8000,3054.8000,3055.0000,3055.2000,3055.4000,3055.6000,1,2,5,6,2,2,1,1,1,3
SF,IH2001,2020-01-17 09:30:35.800,3054.2000,10162,0,215397660.000,0,-,-,-,-,3054.2000,3054.0000,3053.6000,3053.2000,3053.0000,3054.8000,3055.0000,3055.2000,3055.4000,3055.6000,4,1,2,5,6,2,1,1,1,3
SF,IH2001,2020-01-17 09:30:36.300,3054.8000,10161,-1,216314100.000,1,0,1,双平,S,3054.6000,3054.4000,3054.2000,3054.0000,3053.6000,3054.8000,3055.0000,3055.2000,3055.4000,3055.6000,1,1,4,1,2,1,1,1,1,3
SF,IH2001,2020-01-17 09:30:36.800,3055.0000,10159,-2,218147040.000,2,0,2,双平,S,3055.0000,3054.6000,3054.4000,3054.2000,3054.0000,3055.2000,3055.4000,3055.6000,3056.0000,3056.2000,1,1,1,4,1,1,1,3,2,4
SF,IH2001,2020-01-17 09:30:37.300,3055.0000,10158,-1,219063540.000,1,0,1,双平,S,3054.6000,3054.4000,3054.2000,3054.0000,3053.6000,3054.8000,3055.2000,3055.4000,3055.6000,3056.0000,1,1,4,1,1,1,1,1,3,2
SF,IH2001,2020-01-17 09:30:37.800,3054.8000,10157,-1,219979980.000,1,0,1,双平,S,3054.8000,3054.6000,3054.4000,3054.2000,3054.0000,3055.2000,3055.4000,3055.6000,3056.0000,3056.2000,1,1,1,4,1,1,1,3,2,4
SF,IH2001,2020-01-17 09:30:38.300,3054.8000,10157,0,219979980.000,0,-,-,-,-,3054.8000,3054.6000,3054.4000,3054.2000,3054.0000,3055.2000,3055.4000,3055.6000,3056.0000,3056.2000,1,1,1,4,1,1,1,3,2,4
SF,IH2001,2020-01-17 09:30:38.800,3054.8000,10157,0,219979980.000,0,-,-,-,-,3054.8000,3054.6000,3054.4000,3054.2000,3054.0000,3055.2000,3055.4000,3055.6000,3056.0000,3056.2000,1,3,1,4,1,1,1,3,2,4
SF,IH2001,2020-01-17 09:30:39.300,3054.8000,10157,0,219979980.000,0,-,-,-,-,3054.8000,3054.6000,3054.4000,3054.2000,3054.0000,3055.2000,3055.4000,3055.6000,3056.0000,3056.2000,1,3,1,2,1,1,1,3,2,4
SF,IH2001,2020-01-17 09:30:40.300,3054.8000,10157,0,219979980.000,0,-,-,-,-,3055.0000,3054.8000,3054.6000,3054.2000,3054.0000,3055.2000,3055.4000,3055.6000,3056.0000,3056.2000,1,1,3,2,1,1,1,3,1,4
SF,IH2001,2020-01-17 09:30:40.800,3055.0000,10156,-1,220896480.000,1,0,1,双平,S,3054.8000,3054.6000,3054.2000,3053.6000,3053.2000,3055.2000,3055.4000,3055.6000,3056.0000,3056.2000,1,3,2,1,5,3,1,1,1,4
SF,IH2001,2020-01-17 09:30:41.300,3055.0000,10156,0,220896480.000,0,-,-,-,-,3055.0000,3054.8000,3054.6000,3054.2000,3053.6000,3055.2000,3055.4000,3055.6000,3056.0000,3056.2000,3,1,3,2,1,3,1,1,1,4
SF,IH2001,2020-01-17 09:30:41.800,3055.0000,10156,0,220896480.000,0,-,-,-,-,3055.0000,3054.8000,3054.6000,3054.2000,3053.6000,3055.2000,3055.4000,3055.6000,3056.0000,3056.2000,4,1,3,2,1,3,1,1,1,4
SF,IH2001,2020-01-17 09:30:42.300,3055.2000,10153,-3,223646160.000,3,0,3,双平,S,3055.0000,3054.8000,3054.6000,3054.2000,3053.6000,3055.4000,3055.6000,3056.0000,3056.2000,3056.4000,4,1,1,2,1,1,1,1,4,2
SF,IH2001,2020-01-17 09:30:42.800,3055.0000,10151,-2,225479160.000,2,0,2,双平,S,3055.0000,3054.8000,3054.6000,3054.2000,3053.6000,3055.4000,3055.6000,3056.0000,3056.2000,3056.4000,2,1,1,2,1,1,1,1,4,2
SF,IH2001,2020-01-17 09:30:43.300,3055.0000,10151,0,225479160.000,0,-,-,-,-,3055.2000,3055.0000,3054.8000,3054.6000,3054.2000,3055.4000,3055.6000,3056.0000,3056.2000,3056.4000,2,2,1,1,2,1,1,1,4,2
SF,IH2001,2020-01-17 09:30:43.800,3055.0000,10151,0,225479160.000,0,-,-,-,-,3055.2000,3055.0000,3054.8000,3054.6000,3054.2000,3055.4000,3055.6000,3056.0000,3056.2000,3056.4000,4,2,1,1,2,1,1,1,4,2
SF,IH2001,2020-01-17 09:30:44.800,3055.4000,10150,-1,226395780.000,1,0,1,双平,S,3055.2000,3055.0000,3054.8000,3054.6000,3054.2000,3055.6000,3056.0000,3056.2000,3056.4000,3056.6000,4,2,1,1,2,1,1,4,2,1
SF,IH2001,2020-01-17 09:30:45.300,3055.4000,10149,-1,227312400.000,1,0,1,双平,S,3055.2000,3055.0000,3054.8000,3054.6000,3054.2000,3055.6000,3056.0000,3056.2000,3056.4000,3056.6000,4,2,1,1,2,1,1,4,2,1
SF,IH2001,2020-01-17 09:30:45.800,3055.4000,10149,0,227312400.000,0,-,-,-,-,3055.4000,3055.2000,3055.0000,3054.6000,3054.2000,3055.6000,3056.0000,3056.2000,3056.4000,3056.6000,1,4,2,1,2,1,1,4,2,1
SF,IH2001,2020-01-17 09:30:46.300,3055.6000,10148,-1,228229080.000,1,0,1,双平,S,3055.6000,3055.4000,3055.2000,3055.0000,3054.6000,3056.0000,3056.2000,3056.4000,3056.6000,3056.8000,2,1,4,2,1,1,4,2,1,1
SF,IH2001,2020-01-17 09:30:46.800,3055.6000,10148,0,228229080.000,0,-,-,-,-,3055.6000,3055.4000,3055.2000,3055.0000,3054.6000,3056.0000,3056.2000,3056.4000,3056.6000,3056.8000,2,1,4,1,1,1,4,2,1,1
SF,IH2001,2020-01-17 09:30:47.300,3055.6000,10147,-1,229145760.000,1,0,1,双平,S,3055.6000,3055.4000,3055.2000,3055.0000,3054.6000,3056.0000,3056.2000,3056.4000,3056.6000,3056.8000,1,1,4,1,1,1,4,2,1,1
SF,IH2001,2020-01-17 09:30:47.800,3055.4000,10145,-2,230979060.000,2,0,2,双平,S,3055.2000,3055.0000,3054.6000,3054.2000,3053.6000,3055.6000,3056.0000,3056.2000,3056.4000,3056.6000,10,1,1,2,1,1,1,4,2,1
SF,IH2001,2020-01-17 09:30:48.300,3055.4000,10145,0,230979060.000,0,-,-,-,-,3055.2000,3055.0000,3054.6000,3054.2000,3053.6000,3056.0000,3056.2000,3056.4000,3056.6000,3056.8000,10,1,1,2,1,2,4,2,1,1
SF,IH2001,2020-01-17 09:30:48.800,3055.4000,10145,0,230979060.000,0,-,-,-,-,3055.6000,3055.2000,3054.6000,3054.2000,3053.6000,3055.8000,3056.0000,3056.2000,3056.4000,3056.6000,2,10,1,2,1,1,2,4,2,1
SF,IH2001,2020-01-17 09:30:49.300,3055.8000,10144,-1,231895800.000,1,0,1,双平,S,3055.8000,3055.6000,3055.2000,3054.6000,3054.2000,3056.0000,3056.2000,3056.4000,3056.6000,3056.8000,1,2,10,1,2,2,4,2,1,1
SF,IH2001,2020-01-17 09:30:49.800,3055.8000,10143,-1,232812540.000,1,0,1,双平,S,3055.6000,3055.2000,3054.6000,3054.2000,3053.6000,3055.8000,3056.0000,3056.2000,3056.4000,3056.6000,2,10,1,2,1,1,2,4,2,1
SF,IH2001,2020-01-17 09:30:50.300,3055.8000,10143,0,232812540.000,0,-,-,-,-,3055.6000,3055.2000,3054.6000,3054.2000,3053.6000,3055.8000,3056.0000,3056.2000,3056.4000,3056.6000,2,10,1,2,1,3,2,4,2,1
SF,IH2001,2020-01-17 09:30:50.800,3055.2000,10139,-4,238312140.000,6,1,5,多平,S,3055.2000,3054.6000,3054.2000,3053.6000,3053.2000,3055.8000,3056.0000,3056.2000,3056.4000,3056.6000,7,1,2,1,5,4,2,4,2,1
SF,IH2001,2020-01-17 09:30:51.300,3055.6000,10135,-4,241978500.000,4,0,4,双平,S,3055.4000,3055.2000,3054.6000,3053.6000,3053.2000,3055.8000,3056.0000,3056.2000,3056.4000,3056.6000,1,4,1,1,5,4,2,4,2,1
SF,IH2001,2020-01-17 09:30:51.800,3055.4000,10134,-1,242895120.000,1,0,1,双平,S,3055.2000,3054.6000,3053.6000,3053.4000,3053.2000,3055.8000,3056.0000,3056.2000,3056.4000,3056.6000,4,1,1,1,5,4,2,4,2,1
SF,IH2001,2020-01-17 09:30:52.300,3055.4000,10134,0,242895120.000,0,-,-,-,-,3055.2000,3054.6000,3053.6000,3053.4000,3053.2000,3055.6000,3055.8000,3056.0000,3056.2000,3056.4000,4,1,1,1,5,1,4,2,4,2
SF,IH2001,2020-01-17 09:30:52.800,3055.6000,10133,-1,243811800.000,1,0,1,双平,S,3055.4000,3055.2000,3054.6000,3053.6000,3053.4000,3055.8000,3056.0000,3056.2000,3056.4000,3056.6000,1,4,1,1,1,4,2,4,2,1
SF,IH2001,2020-01-17 09:30:53.300,3055.6000,10133,0,243811800.000,0,-,-,-,-,3055.4000,3055.2000,3054.6000,3053.6000,3053.4000,3055.8000,3056.0000,3056.2000,3056.4000,3056.6000,1,4,1,1,1,4,6,4,2,1
SF,IH2001,2020-01-17 09:30:53.800,3055.8000,10132,-1,244728540.000,1,0,1,双平,S,3055.2000,3054.6000,3053.6000,3053.4000,3053.2000,3055.8000,3056.0000,3056.2000,3056.4000,3056.6000,4,1,1,1,5,3,6,4,2,1
SF,IH2001,2020-01-17 09:30:54.300,3055.8000,10132,0,244728540.000,0,-,-,-,-,3055.2000,3054.6000,3053.6000,3053.4000,3053.2000,3055.6000,3055.8000,3056.0000,3056.2000,3056.4000,4,1,1,1,5,1,3,6,4,2
SF,IH2001,2020-01-17 09:30:54.800,3055.6000,10131,-1,245645220.000,1,0,1,双平,S,3055.4000,3055.2000,3054.6000,3053.6000,3053.4000,3055.6000,3055.8000,3056.0000,3056.2000,3056.4000,1,4,1,1,1,2,3,6,4,2
SF,IH2001,2020-01-17 09:30:55.300,3055.6000,10129,-2,247478580.000,2,0,2,双平,S,3055.6000,3055.4000,3055.2000,3054.6000,3053.6000,3055.8000,3056.0000,3056.2000,3056.4000,3056.6000,1,1,4,1,1,3,6,4,2,1
SF,IH2001,2020-01-17 09:30:55.800,3055.6000,10128,-1,248395260.000,1,0,1,双平,S,3055.6000,3055.2000,3054.6000,3053.6000,3053.4000,3055.8000,3056.0000,3056.2000,3056.4000,3056.6000,1,4,1,1,1,4,6,4,2,1
SF,IH2001,2020-01-17 09:30:56.300,3055.8000,10127,-1,250228680.000,2,0,2,多平,S,3055.6000,3055.2000,3054.6000,3053.6000,3053.4000,3055.8000,3056.0000,3056.2000,3056.4000,3056.6000,1,4,1,1,1,5,6,4,2,2
SF,IH2001,2020-01-17 09:30:56.800,3055.6000,10125,-2,252062040.000,2,0,2,双平,S,3055.2000,3054.6000,3053.6000,3053.4000,3053.2000,3055.6000,3055.8000,3056.0000,3056.2000,3056.4000,4,1,1,1,5,1,5,6,4,2
SF,IH2001,2020-01-17 09:30:57.300,3055.6000,10124,-1,252978720.000,1,0,1,双平,S,3055.2000,3054.6000,3053.6000,3053.4000,3053.2000,3055.8000,3056.0000,3056.2000,3056.4000,3056.6000,4,1,1,1,5,5,6,4,2,2
SF,IH2001,2020-01-17 09:30:57.800,3055.6000,10123,-1,253895400.000,1,0,1,双平,S,3055.4000,3055.2000,3054.6000,3053.6000,3053.4000,3055.8000,3056.0000,3056.2000,3056.4000,3056.6000,1,5,1,1,1,6,6,4,2,2
SF,IH2001,2020-01-17 09:30:58.300,3055.2000,10121,-2,255728580.000,2,0,2,双平,S,3055.2000,3054.6000,3053.6000,3053.4000,3053.2000,3055.8000,3056.0000,3056.2000,3056.4000,3056.6000,4,1,1,1,5,6,6,4,2,2
SF,IH2001,2020-01-17 09:30:58.800,3055.2000,10120,-1,256645140.000,1,0,1,双平,S,3055.2000,3054.6000,3053.6000,3053.4000,3053.2000,3055.6000,3055.8000,3056.0000,3056.2000,3056.4000,3,1,1,1,5,1,6,6,4,2
SF,IH2001,2020-01-17 09:30:59.300,3055.4000,10118,-2,258478440.000,2,0,2,双平,S,3055.2000,3054.6000,3053.6000,3053.4000,3053.2000,3055.8000,3056.0000,3056.2000,3056.4000,3056.6000,3,1,1,1,5,6,6,4,2,2
SF,IH2001,2020-01-17 09:30:59.800,3055.2000,10117,-1,259395000.000,1,0,1,双平,S,3055.2000,3054.6000,3053.6000,3053.4000,3053.2000,3055.6000,3055.8000,3056.0000,3056.2000,3056.4000,3,1,1,1,5,2,6,6,4,2
SF,IH2001,2020-01-17 09:31:00.300,3055.2000,10117,0,259395000.000,0,-,-,-,-,3055.4000,3055.2000,3054.6000,3053.6000,3053.4000,3055.6000,3055.8000,3056.0000,3056.2000,3056.4000,1,4,1,1,1,2,6,6,4,2
SF,IH2001,2020-01-17 09:31:00.800,3055.2000,10116,-1,260311560.000,1,0,1,双平,S,3055.4000,3055.2000,3054.6000,3053.6000,3053.4000,3055.6000,3055.8000,3056.0000,3056.2000,3056.4000,1,3,1,1,1,1,7,6,4,2
SF,IH2001,2020-01-17 09:31:01.300,3055.4000,10111,-5,266728560.000,7,1,6,多平,S,3055.4000,3055.2000,3054.6000,3053.6000,3053.4000,3055.8000,3056.0000,3056.2000,3056.4000,3056.6000,4,3,1,1,1,3,6,4,2,2
SF,IH2001,2020-01-17 09:31:01.800,3055.8000,10107,-4,271312260.000,5,0,5,多平,S,3055.8000,3055.4000,3055.2000,3054.6000,3053.6000,3056.0000,3056.2000,3056.4000,3056.6000,3056.8000,1,4,3,1,1,6,4,2,2,1
SF,IH2001,2020-01-17 09:31:02.300,3055.8000,10098,-9,279563340.000,9,0,9,双平,S,3055.8000,3055.6000,3055.4000,3055.2000,3054.6000,3056.2000,3056.4000,3056.6000,3056.8000,3057.0000,1,2,3,3,1,4,2,2,1,1
SF,IH2001,2020-01-17 09:31:02.800,3056.2000,10094,-4,285064140.000,6,1,5,多平,S,3055.8000,3055.6000,3055.4000,3055.2000,3054.6000,3056.2000,3056.4000,3056.6000,3056.8000,3057.0000,1,2,3,3,3,7,2,2,1,1
SF,IH2001,2020-01-17 09:31:03.300,3055.8000,10092,-2,286897680.000,2,0,2,双平,S,3055.8000,3055.6000,3055.4000,3055.2000,3054.6000,3056.2000,3056.4000,3056.6000,3056.8000,3057.0000,1,2,3,3,3,7,2,2,1,1
SF,IH2001,2020-01-17 09:31:03.800,3055.8000,10092,0,286897680.000,0,-,-,-,-,3056.0000,3055.8000,3055.6000,3055.4000,3055.2000,3056.2000,3056.4000,3056.6000,3056.8000,3057.0000,1,1,1,3,3,7,2,2,1,1
SF,IH2001,2020-01-17 09:31:04.300,3056.0000,10091,-1,287814480.000,1,0,1,双平,S,3056.0000,3055.6000,3055.4000,3055.2000,3054.6000,3056.2000,3056.4000,3056.6000,3056.8000,3057.0000,1,1,3,3,3,7,2,2,1,1
SF,IH2001,2020-01-17 09:31:05.300,3056.2000,10090,-1,289648200.000,2,0,2,多平,S,3056.0000,3055.6000,3055.4000,3055.2000,3054.6000,3056.2000,3056.4000,3056.6000,3056.8000,3057.0000,1,1,2,3,3,6,2,2,1,1
SF,IH2001,2020-01-17 09:31:05.800,3056.2000,10084,-6,295149300.000,6,0,6,双平,S,3056.0000,3055.6000,3055.4000,3055.2000,3054.6000,3056.2000,3056.4000,3056.6000,3056.8000,3057.0000,3,1,2,2,3,1,2,2,1,1
SF,IH2001,2020-01-17 09:31:06.300,3056.2000,10083,-1,296066160.000,1,0,1,双平,S,3056.0000,3055.6000,3055.2000,3054.6000,3053.6000,3056.4000,3056.6000,3056.8000,3057.0000,3057.2000,3,1,1,3,1,2,2,1,1,1
SF,IH2001,2020-01-17 09:31:06.800,3056.2000,10083,0,296066160.000,0,-,-,-,-,3056.2000,3056.0000,3055.2000,3054.6000,3053.6000,3056.4000,3056.6000,3056.8000,3057.0000,3057.2000,1,3,1,3,1,2,2,1,1,1
SF,IH2001,2020-01-17 09:31:07.300,3056.2000,10081,-2,297899880.000,2,0,2,双平,S,3056.2000,3056.0000,3055.2000,3054.6000,3053.6000,3056.4000,3056.6000,3056.8000,3057.0000,3057.2000,1,2,1,3,1,2,2,1,1,1
SF,IH2001,2020-01-17 09:31:07.800,3056.2000,10080,-1,298816740.000,1,0,1,双平,S,3056.0000,3055.2000,3054.6000,3053.6000,3053.4000,3056.4000,3056.6000,3056.8000,3057.0000,3057.2000,2,1,3,1,1,2,1,1,1,1
SF,IH2001,2020-01-17 09:31:08.300,3056.2000,10077,-3,301567440.000,3,0,3,双平,S,3056.0000,3055.2000,3054.6000,3053.6000,3053.4000,3056.2000,3056.6000,3056.8000,3057.0000,3057.2000,2,1,3,1,1,1,1,1,1,1
SF,IH2001,2020-01-17 09:31:09.300,3056.0000,10075,-2,303401040.000,2,0,2,双平,S,3055.2000,3054.6000,3053.6000,3053.4000,3053.2000,3056.2000,3056.6000,3056.8000,3057.0000,3057.2000,1,3,1,1,5,1,1,1,1,1
SF,IH2001,2020-01-17 09:31:09.800,3056.0000,10074,-1,305234640.000,2,0,2,多平,S,3055.4000,3055.2000,3054.6000,3053.6000,3053.4000,3056.2000,3056.6000,3056.8000,3057.0000,3057.2000,2,1,3,1,1,1,1,1,1,1
SF,IH2001,2020-01-17 09:31:10.300,3056.2000,10073,-1,306151500.000,1,0,1,双平,S,3055.8000,3055.4000,3055.2000,3054.6000,3053.6000,3056.6000,3056.8000,3057.0000,3057.2000,3057.4000,1,2,1,3,1,1,1,1,1,3
SF,IH2001,2020-01-17 09:31:10.800,3056.2000,10073,0,306151500.000,0,-,-,-,-,3055.8000,3055.6000,3055.4000,3055.2000,3054.6000,3056.4000,3056.6000,3056.8000,3057.0000,3057.2000,1,1,1,1,3,1,1,1,1,1
SF,IH2001,2020-01-17 09:31:11.300,3056.2000,10073,0,306151500.000,0,-,-,-,-,3055.8000,3055.6000,3055.2000,3054.6000,3053.6000,3056.4000,3056.6000,3056.8000,3057.0000,3057.2000,1,1,1,3,1,1,1,1,1,1
SF,IH2001,2020-01-17 09:31:11.800,3056.2000,10073,0,306151500.000,0,-,-,-,-,3055.8000,3055.6000,3055.2000,3054.6000,3053.6000,3056.2000,3056.4000,3056.6000,3056.8000,3057.0000,2,1,1,3,1,1,2,1,1,1
SF,IH2001,2020-01-17 09:31:12.300,3056.2000,10072,-1,307068360.000,1,0,1,双平,S,3056.0000,3055.8000,3055.2000,3054.6000,3053.6000,3056.2000,3056.4000,3056.6000,3056.8000,3057.0000,1,2,1,3,1,1,2,1,1,1
SF,IH2001,2020-01-17 09:31:12.800,3056.0000,10070,-2,308901960.000,2,0,2,双平,S,3055.8000,3055.2000,3054.6000,3053.6000,3053.4000,3056.0000,3056.2000,3056.4000,3056.6000,3056.8000,2,1,3,1,1,2,6,2,1,1
SF,IH2001,2020-01-17 09:31:13.300,3056.2000,10067,-3,311652300.000,3,0,3,双平,S,3055.2000,3054.6000,3053.6000,3053.4000,3053.2000,3056.2000,3056.4000,3056.6000,3056.8000,3057.0000,1,2,1,1,5,5,2,1,1,1
SF,IH2001,2020-01-17 09:31:13.800,3056.2000,10067,0,311652300.000,0,-,-,-,-,3055.4000,3055.2000,3054.6000,3053.6000,3053.4000,3056.0000,3056.2000,3056.4000,3056.6000,3056.8000,2,1,2,1,1,1,5,2,1,1
SF,IH2001,2020-01-17 09:31:14.300,3056.2000,10067,0,311652300.000,0,-,-,-,-,3055.4000,3055.2000,3054.6000,3053.6000,3053.4000,3056.0000,3056.2000,3056.4000,3056.6000,3056.8000,1,1,2,1,1,3,6,2,1,1
SF,IH2001,2020-01-17 09:31:14.800,3055.4000,10066,-1,312568920.000,1,0,1,双平,S,3055.2000,3054.6000,3053.6000,3053.4000,3053.2000,3055.4000,3056.0000,3056.2000,3056.4000,3056.6000,1,2,1,1,5,1,3,6,2,1
SF,IH2001,2020-01-17 09:31:15.300,3055.4000,10064,-2,314402160.000,2,0,2,双平,S,3055.6000,3055.4000,3055.2000,3053.6000,3053.4000,3056.0000,3056.2000,3056.4000,3056.6000,3056.8000,1,7,1,1,1,3,6,2,1,2
SF,IH2001,2020-01-17 09:31:15.800,3056.0000,10063,-1,315318960.000,1,0,1,双平,S,3055.6000,3055.4000,3055.2000,3053.6000,3053.4000,3056.0000,3056.2000,3056.4000,3056.6000,3056.8000,1,1,1,1,1,2,6,2,1,2
SF,IH2001,2020-01-17 09:31:16.300,3056.0000,10063,0,315318960.000,0,-,-,-,-,3055.6000,3055.4000,3055.2000,3053.6000,3053.4000,3056.0000,3056.2000,3056.4000,3056.6000,3056.8000,1,2,1,1,1,2,6,2,1,2
SF,IH2001,2020-01-17 09:31:16.800,3056.0000,10063,0,315318960.000,0,-,-,-,-,3055.6000,3055.4000,3055.2000,3053.6000,3053.4000,3056.0000,3056.2000,3056.4000,3056.6000,3056.8000,1,2,1,1,1,2,6,3,1,2
SF,IH2001,2020-01-17 09:31:17.800,3056.0000,10063,0,315318960.000,0,-,-,-,-,3055.8000,3055.6000,3055.4000,3055.2000,3053.6000,3056.0000,3056.2000,3056.4000,3056.6000,3056.8000,1,1,2,1,1,2,6,3,1,2
SF,IH2001,2020-01-17 09:31:18.300,3056.0000,10062,-1,316235760.000,1,0,1,双平,S,3055.8000,3055.6000,3055.4000,3055.2000,3053.4000,3056.0000,3056.2000,3056.4000,3056.6000,3056.8000,2,1,2,1,1,1,6,3,1,2
SF,IH2001,2020-01-17 09:31:18.800,3056.0000,10061,-1,317152560.000,1,0,1,双平,S,3056.0000,3055.8000,3055.6000,3055.4000,3055.2000,3056.2000,3056.4000,3056.6000,3056.8000,3057.0000,3,2,1,1,1,7,3,1,2,1
SF,IH2001,2020-01-17 09:31:19.300,3056.2000,10058,-3,319903080.000,3,0,3,双平,S,3056.0000,3055.8000,3055.6000,3055.4000,3055.2000,3056.2000,3056.4000,3056.6000,3056.8000,3057.0000,2,1,1,1,1,2,4,1,2,1
SF,IH2001,2020-01-17 09:31:19.800,3056.0000,10055,-3,322653540.000,3,0,3,双平,S,3055.4000,3055.2000,3054.0000,3053.4000,3053.2000,3055.8000,3056.0000,3056.2000,3056.4000,3056.6000,1,1,1,1,5,5,3,2,3,1
SF,IH2001,2020-01-17 09:31:20.300,3055.8000,10052,-3,325403460.000,3,0,3,双平,S,3054.0000,3053.4000,3053.2000,3053.0000,3052.8000,3055.8000,3056.0000,3056.2000,3056.4000,3056.6000,1,1,5,6,2,1,2,2,3,1
SF,IH2001,2020-01-17 09:31:20.800,3055.8000,10052,0,325403460.000,0,-,-,-,-,3055.0000,3054.6000,3054.4000,3054.2000,3054.0000,3055.6000,3055.8000,3056.0000,3056.2000,3056.4000,1,3,2,4,6,5,1,3,2,3
SF,IH2001,2020-01-17 09:31:21.300,3055.8000,10051,-1,326320200.000,1,0,1,双平,S,3055.0000,3054.8000,3054.4000,3054.2000,3054.0000,3055.6000,3055.8000,3056.0000,3056.2000,3056.4000,1,1,2,3,3,1,1,3,2,3
SF,IH2001,2020-01-17 09:31:21.800,3055.8000,10051,0,326320200.000,0,-,-,-,-,3055.4000,3055.0000,3054.8000,3054.4000,3054.2000,3055.8000,3056.0000,3056.2000,3056.4000,3056.6000,1,1,1,2,3,1,3,2,3,1
SF,IH2001,2020-01-17 09:31:22.300,3055.4000,10050,-1,327236820.000,1,0,1,双平,S,3055.2000,3055.0000,3054.4000,3054.2000,3054.0000,3055.4000,3055.8000,3056.0000,3056.2000,3056.4000,1,1,2,3,3,1,1,3,2,3
SF,IH2001,2020-01-17 09:31:22.800,3055.4000,10049,-1,328153440.000,1,0,1,双平,S,3055.4000,3055.2000,3055.0000,3054.2000,3054.0000,3055.6000,3055.8000,3056.0000,3056.2000,3056.4000,1,1,1,3,3,1,1,3,2,3
SF,IH2001,2020-01-17 09:31:23.300,3055.4000,10047,-2,329986740.000,2,0,2,双平,S,3055.2000,3055.0000,3054.2000,3054.0000,3053.6000,3055.8000,3056.0000,3056.2000,3056.4000,3056.6000,1,1,2,3,2,1,3,2,3,1
SF,IH2001,2020-01-17 09:31:23.800,3055.4000,10046,-1,330903360.000,1,0,1,双平,S,3055.2000,3055.0000,3054.2000,3054.0000,3053.6000,3055.6000,3055.8000,3056.0000,3056.2000,3056.4000,1,1,2,3,2,2,1,3,2,3
SF,IH2001,2020-01-17 09:31:24.300,3055.2000,10045,-1,331819920.000,1,0,1,双平,S,3055.0000,3054.2000,3054.0000,3053.6000,3053.4000,3055.6000,3055.8000,3056.0000,3056.2000,3056.4000,1,2,3,2,1,1,2,3,2,2
SF,IH2001,2020-01-17 09:31:24.800,3055.2000,10045,0,331819920.000,0,-,-,-,-,3055.2000,3055.0000,3054.2000,3054.0000,3053.6000,3055.8000,3056.0000,3056.2000,3056.4000,3056.6000,1,1,2,3,2,2,4,2,2,1
SF,IH2001,2020-01-17 09:31:25.300,3055.2000,10045,0,331819920.000,0,-,-,-,-,3055.2000,3055.0000,3054.2000,3054.0000,3053.6000,3055.4000,3055.6000,3055.8000,3056.0000,3056.2000,1,1,2,3,2,1,2,2,4,2
SF,IH2001,2020-01-17 09:31:25.800,3055.2000,10044,-1,332736480.000,1,0,1,双平,S,3055.0000,3054.2000,3054.0000,3053.6000,3053.4000,3055.2000,3055.4000,3055.6000,3055.8000,3056.0000,1,2,3,2,1,1,1,2,2,4
SF,IH2001,2020-01-17 09:31:26.300,3055.0000,10043,-1,333652980.000,1,0,1,双平,S,3054.2000,3054.0000,3053.6000,3053.4000,3053.2000,3055.0000,3055.2000,3055.4000,3055.6000,3055.8000,2,3,2,1,5,1,1,1,1,2
SF,IH2001,2020-01-17 09:31:26.800,3054.8000,10042,-1,334569420.000,1,0,1,双平,S,3054.6000,3054.4000,3054.2000,3054.0000,3053.6000,3055.0000,3055.2000,3055.4000,3055.6000,3055.8000,1,2,4,1,2,1,1,1,1,2
SF,IH2001,2020-01-17 09:31:27.300,3054.4000,10040,-2,336402180.000,2,0,2,双平,S,3054.4000,3054.2000,3054.0000,3053.6000,3053.4000,3055.0000,3055.2000,3055.4000,3055.6000,3055.8000,1,4,1,2,1,1,1,1,1,2
SF,IH2001,2020-01-17 09:31:27.800,3054.4000,10040,0,336402180.000,0,-,-,-,-,3054.6000,3054.4000,3054.2000,3054.0000,3053.6000,3055.0000,3055.2000,3055.4000,3055.6000,3055.8000,2,4,1,1,2,2,1,1,1,2
SF,IH2001,2020-01-17 09:31:28.300,3054.4000,10040,0,336402180.000,0,-,-,-,-,3054.6000,3054.4000,3054.2000,3054.0000,3053.6000,3055.0000,3055.2000,3055.4000,3055.6000,3055.8000,3,3,1,1,2,2,1,1,1,2
SF,IH2001,2020-01-17 09:31:28.800,3055.0000,10038,-2,338235180.000,2,0,2,双平,S,3054.6000,3054.4000,3054.2000,3054.0000,3053.6000,3055.2000,3055.4000,3055.6000,3055.8000,3056.0000,2,3,1,1,2,1,1,1,2,3
SF,IH2001,2020-01-17 09:31:29.300,3055.0000,10038,0,338235180.000,0,-,-,-,-,3054.6000,3054.4000,3054.2000,3054.0000,3053.6000,3055.2000,3055.6000,3055.8000,3056.0000,3056.2000,2,3,1,1,2,1,1,2,3,1
SF,IH2001,2020-01-17 09:31:29.800,3055.2000,10037,-1,339151740.000,1,0,1,双平,S,3055.0000,3054.6000,3054.4000,3054.2000,3053.6000,3055.6000,3055.8000,3056.0000,3056.2000,3056.4000,1,2,3,1,2,1,2,3,1,2
SF,IH2001,2020-01-17 09:31:30.300,3055.0000,10037,0,340068240.000,1,0,1,多换,S,3055.2000,3054.6000,3054.4000,3054.2000,3053.6000,3055.8000,3056.0000,3056.2000,3056.4000,3056.6000,2,2,4,1,2,2,3,1,2,1
SF,IH2001,2020-01-17 09:31:30.800,3054.6000,10034,-3,342817740.000,3,0,3,双平,S,3054.6000,3054.4000,3054.2000,3053.6000,3053.4000,3055.6000,3055.8000,3056.0000,3056.2000,3056.4000,1,4,1,2,1,2,2,3,1,2
SF,IH2001,2020-01-17 09:31:31.300,3055.4000,10033,-1,343734360.000,1,0,1,双平,S,3054.8000,3054.6000,3054.4000,3054.2000,3053.6000,3055.6000,3055.8000,3056.0000,3056.2000,3056.4000,1,1,4,1,2,2,2,3,1,2
SF,IH2001,2020-01-17 09:31:31.800,3055.4000,10030,-3,346483980.000,3,0,3,双平,S,3054.4000,3054.2000,3053.6000,3053.4000,3053.2000,3055.6000,3055.8000,3056.0000,3056.2000,3056.4000,4,1,2,1,5,1,2,3,1,2
SF,IH2001,2020-01-17 09:31:32.300,3055.4000,10028,-2,348317220.000,2,0,2,双平,S,3055.0000,3054.6000,3054.4000,3054.2000,3053.6000,3055.6000,3055.8000,3056.0000,3056.2000,3056.4000,1,3,4,1,2,1,2,3,1,2
SF,IH2001,2020-01-17 09:31:32.800,3055.4000,10026,-2,350150340.000,2,0,2,双平,S,3054.6000,3054.4000,3054.2000,3053.6000,3053.4000,3055.4000,3055.6000,3055.8000,3056.0000,3056.2000,2,4,1,2,1,1,1,2,3,1
SF,IH2001,2020-01-17 09:31:33.300,3055.4000,10026,0,350150340.000,0,-,-,-,-,3054.6000,3054.4000,3054.2000,3053.6000,3053.4000,3055.2000,3055.4000,3055.6000,3055.8000,3056.0000,2,6,1,2,1,1,1,4,2,3
SF,IH2001,2020-01-17 09:31:33.800,3055.2000,10025,-1,351066900.000,1,0,1,双平,S,3054.6000,3054.4000,3054.2000,3053.6000,3053.4000,3055.2000,3055.4000,3055.6000,3055.8000,3056.0000,2,6,1,2,1,1,1,5,1,3
SF,IH2001,2020-01-17 09:31:34.800,3055.2000,10025,0,351066900.000,0,-,-,-,-,3054.6000,3054.4000,3054.2000,3053.6000,3053.4000,3055.0000,3055.2000,3055.4000,3055.6000,3055.8000,2,6,1,2,1,1,1,1,5,1
SF,IH2001,2020-01-17 09:31:35.300,3055.2000,10024,-1,351983460.000,1,0,1,双平,S,3054.6000,3054.4000,3054.2000,3053.6000,3053.4000,3055.2000,3055.4000,3055.6000,3055.8000,3056.0000,2,5,1,2,1,1,1,5,1,3
SF,IH2001,2020-01-17 09:31:35.800,3055.2000,10024,0,351983460.000,0,-,-,-,-,3054.6000,3054.4000,3054.2000,3053.6000,3053.4000,3055.2000,3055.4000,3055.6000,3055.8000,3056.0000,2,5,1,2,1,1,1,6,1,3
SF,IH2001,2020-01-17 09:31:36.300,3055.2000,10024,0,351983460.000,0,-,-,-,-,3054.6000,3054.4000,3054.2000,3053.6000,3053.4000,3055.2000,3055.4000,3055.6000,3055.8000,3056.0000,1,5,1,2,1,1,1,6,1,4
SF,IH2001,2020-01-17 09:31:36.800,3055.2000,10024,0,351983460.000,0,-,-,-,-,3054.6000,3054.4000,3054.2000,3053.6000,3053.4000,3055.2000,3055.6000,3055.8000,3056.0000,3056.2000,2,5,1,2,1,2,6,1,4,1
SF,IH2001,2020-01-17 09:31:37.300,3055.2000,10024,0,351983460.000,0,-,-,-,-,3054.6000,3054.4000,3054.2000,3053.6000,3053.4000,3055.2000,3055.6000,3055.8000,3056.0000,3056.2000,2,2,1,2,1,2,6,1,4,1
SF,IH2001,2020-01-17 09:31:37.800,3054.6000,10022,-2,353816220.000,2,0,2,双平,S,3054.4000,3054.2000,3053.6000,3053.4000,3053.2000,3055.0000,3055.2000,3055.6000,3055.8000,3056.0000,2,1,2,1,5,1,2,6,1,4
SF,IH2001,2020-01-17 09:31:38.300,3054.6000,10022,0,353816220.000,0,-,-,-,-,3054.4000,3054.2000,3053.6000,3053.4000,3053.2000,3055.0000,3055.2000,3055.6000,3055.8000,3056.0000,2,1,2,1,5,1,2,6,1,4
SF,IH2001,2020-01-17 09:31:38.800,3054.4000,10020,-2,355648860.000,2,0,2,双平,S,3053.6000,3053.4000,3053.2000,3053.0000,3052.8000,3054.4000,3055.0000,3055.2000,3055.6000,3055.8000,2,1,5,6,2,5,1,2,6,1
SF,IH2001,2020-01-17 09:31:39.300,3054.2000,10019,-1,356565120.000,1,0,1,双平,S,3053.8000,3053.6000,3053.4000,3053.2000,3053.0000,3054.4000,3055.0000,3055.2000,3055.6000,3055.8000,3,4,1,5,6,5,2,2,6,1
SF,IH2001,2020-01-17 09:31:39.800,3054.2000,10019,0,356565120.000,0,-,-,-,-,3054.0000,3053.8000,3053.6000,3053.4000,3053.2000,3054.4000,3055.0000,3055.2000,3055.6000,3055.8000,1,5,2,1,5,5,2,2,6,1
SF,IH2001,2020-01-17 09:31:40.300,3054.2000,10019,0,356565120.000,0,-,-,-,-,3054.2000,3054.0000,3053.8000,3053.6000,3053.4000,3054.4000,3054.6000,3055.0000,3055.2000,3055.6000,1,1,4,1,1,5,1,2,3,6
SF,IH2001,2020-01-17 09:31:40.800,3054.4000,10019,0,357481440.000,1,0,1,多换,S,3054.2000,3053.8000,3053.6000,3053.4000,3053.2000,3054.4000,3054.6000,3055.0000,3055.2000,3055.6000,2,3,1,1,5,4,1,2,3,6
SF,IH2001,2020-01-17 09:31:41.300,3054.4000,10016,-3,360230280.000,3,0,3,双平,S,3053.8000,3053.6000,3053.4000,3053.2000,3053.0000,3054.4000,3054.6000,3055.0000,3055.2000,3055.6000,3,1,1,5,6,3,1,2,3,6
SF,IH2001,2020-01-17 09:31:41.800,3054.4000,10016,0,360230280.000,0,-,-,-,-,3054.2000,3053.8000,3053.6000,3053.4000,3053.2000,3054.4000,3054.6000,3055.0000,3055.2000,3055.6000,1,4,1,1,5,4,1,2,2,6
SF,IH2001,2020-01-17 09:31:42.300,3054.2000,10014,-2,362062800.000,2,0,2,双平,S,3053.8000,3053.6000,3053.4000,3053.2000,3053.0000,3054.0000,3054.2000,3054.4000,3054.6000,3055.0000,4,1,1,5,6,1,5,4,1,1
SF,IH2001,2020-01-17 09:31:42.800,3054.0000,10013,-1,362979000.000,1,0,1,双平,S,3054.0000,3053.8000,3053.6000,3053.4000,3053.2000,3054.2000,3054.4000,3054.6000,3054.8000,3055.0000,2,3,2,1,5,1,4,1,1,1
SF,IH2001,2020-01-17 09:31:43.300,3054.0000,10010,-3,365727600.000,3,0,3,双平,S,3053.8000,3053.4000,3053.2000,3053.0000,3052.8000,3054.0000,3054.2000,3054.4000,3054.6000,3054.8000,1,1,5,6,2,4,1,4,1,1
SF,IH2001,2020-01-17 09:31:43.800,3053.8000,10008,-2,367559880.000,2,0,2,双平,S,3053.4000,3053.2000,3053.0000,3052.8000,3052.2000,3053.8000,3054.0000,3054.2000,3054.4000,3054.6000,1,5,6,2,1,1,4,6,4,1
SF,IH2001,2020-01-17 09:31:44.300,3053.8000,10008,0,367559880.000,0,-,-,-,-,3053.4000,3053.2000,3053.0000,3052.8000,3052.2000,3053.8000,3054.0000,3054.2000,3054.4000,3054.6000,2,6,6,2,1,1,4,6,4,1
SF,IH2001,2020-01-17 09:31:44.800,3054.0000,10006,-2,370308360.000,3,0,3,多平,S,3053.8000,3053.6000,3053.4000,3053.2000,3053.0000,3054.0000,3054.2000,3054.4000,3054.6000,3054.8000,1,2,3,5,6,3,6,4,1,1
SF,IH2001,2020-01-17 09:31:45.300,3053.8000,10005,-1,371224500.000,1,0,1,双平,S,3053.6000,3053.4000,3053.2000,3053.0000,3052.8000,3053.8000,3054.0000,3054.2000,3054.4000,3054.6000,1,3,5,6,2,1,4,6,4,1
SF,IH2001,2020-01-17 09:31:45.800,3053.6000,10004,-1,373056660.000,2,0,2,多平,S,3053.4000,3053.2000,3053.0000,3052.8000,3052.2000,3053.6000,3054.0000,3054.2000,3054.4000,3054.6000,3,5,6,2,1,1,4,6,4,1
SF,IH2001,2020-01-17 09:31:46.300,3053.4000,10001,-3,375804720.000,3,0,3,双平,S,3053.2000,3053.0000,3052.2000,3051.8000,3051.2000,3053.4000,3054.0000,3054.2000,3054.4000,3054.6000,5,6,1,1,3,4,4,6,4,1
SF,IH2001,2020-01-17 09:31:46.800,3053.2000,9997,-4,380384520.000,5,0,5,多平,S,3053.0000,3051.8000,3051.2000,3051.0000,3050.0000,3053.4000,3054.0000,3054.2000,3054.4000,3054.6000,6,1,3,1,12,5,4,6,4,1
SF,IH2001,2020-01-17 09:31:47.300,3053.2000,9997,0,380384520.000,0,-,-,-,-,3053.2000,3053.0000,3051.8000,3051.2000,3051.0000,3053.4000,3054.0000,3054.2000,3054.4000,3054.8000,2,7,1,3,1,5,4,5,4,1
SF,IH2001,2020-01-17 09:31:47.800,3053.2000,9995,-2,383132400.000,3,0,3,多平,S,3053.2000,3053.0000,3051.8000,3051.2000,3051.0000,3053.4000,3053.8000,3054.0000,3054.2000,3054.4000,1,6,1,3,1,5,1,4,5,4
SF,IH2001,2020-01-17 09:31:48.300,3053.2000,9994,-1,384048360.000,1,0,1,双平,S,3053.0000,3051.8000,3051.2000,3051.0000,3050.0000,3053.2000,3053.4000,3053.8000,3054.0000,3054.2000,7,1,3,1,12,10,5,2,4,5
SF,IH2001,2020-01-17 09:31:48.800,3053.0000,9987,-7,390459660.000,7,0,7,双平,S,3051.8000,3051.2000,3051.0000,3050.0000,3046.2000,3053.0000,3053.2000,3053.4000,3053.8000,3054.0000,1,3,1,12,1,1,10,5,2,4
SF,IH2001,2020-01-17 09:31:49.300,3053.0000,9987,0,390459660.000,0,-,-,-,-,3052.2000,3052.0000,3051.8000,3051.2000,3051.0000,3052.8000,3053.0000,3053.2000,3053.4000,3053.8000,1,4,3,5,1,1,1,10,5,2
SF,IH2001,2020-01-17 09:31:49.800,3052.4000,9986,-1,391375380.000,1,0,1,双平,S,3052.4000,3052.2000,3052.0000,3051.8000,3051.2000,3052.8000,3053.0000,3053.2000,3053.4000,3053.8000,1,6,3,2,5,3,1,10,5,2
SF,IH2001,2020-01-17 09:31:50.300,3052.2000,9982,-4,395038140.000,4,0,4,双平,S,3052.4000,3052.2000,3052.0000,3051.8000,3051.2000,3052.8000,3053.0000,3053.2000,3053.4000,3053.8000,1,1,3,2,5,2,1,10,5,2
SF,IH2001,2020-01-17 09:31:50.800,3052.2000,9980,-2,396869460.000,2,0,2,双平,S,3052.0000,3051.8000,3051.2000,3051.0000,3050.0000,3052.8000,3053.0000,3053.2000,3053.4000,3053.8000,3,2,5,1,12,2,1,10,5,2
SF,IH2001,2020-01-17 09:31:51.300,3052.2000,9977,-3,399616560.000,3,0,3,双平,S,3052.2000,3052.0000,3051.8000,3051.2000,3051.0000,3052.4000,3052.8000,3053.0000,3053.2000,3053.4000,1,4,2,5,1,1,2,1,9,5
SF,IH2001,2020-01-17 09:31:51.800,3052.4000,9973,-4,403279620.000,4,0,4,双平,S,3052.4000,3052.2000,3052.0000,3051.8000,3051.2000,3052.8000,3053.0000,3053.2000,3053.4000,3053.8000,1,4,2,2,5,1,1,9,5,2
SF,IH2001,2020-01-17 09:31:52.300,3052.4000,9973,0,403279620.000,0,-,-,-,-,3052.4000,3052.2000,3052.0000,3051.8000,3051.2000,3052.8000,3053.0000,3053.2000,3053.4000,3053.8000,2,1,2,2,5,1,1,9,5,1
SF,IH2001,2020-01-17 09:31:52.800,3052.4000,9971,-2,405111060.000,2,0,2,双平,S,3052.4000,3052.2000,3052.0000,3051.8000,3051.2000,3052.8000,3053.0000,3053.2000,3053.4000,3053.8000,2,1,2,2,5,1,1,9,5,1
SF,IH2001,2020-01-17 09:31:53.300,3052.8000,9970,-1,406026900.000,1,0,1,双平,S,3052.6000,3052.4000,3052.2000,3052.0000,3051.8000,3053.0000,3053.2000,3053.4000,3054.0000,3054.2000,1,2,1,2,1,1,9,5,4,5
SF,IH2001,2020-01-17 09:31:53.800,3052.6000,9969,-1,406942680.000,1,0,1,双平,S,3052.6000,3052.4000,3052.2000,3052.0000,3051.8000,3053.2000,3053.4000,3054.0000,3054.2000,3054.4000,1,1,1,2,1,8,5,4,5,5
SF,IH2001,2020-01-17 09:31:54.300,3052.6000,9969,0,406942680.000,0,-,-,-,-,3052.6000,3052.2000,3052.0000,3051.8000,3051.2000,3053.2000,3053.4000,3054.0000,3054.2000,3054.4000,2,1,2,1,4,7,5,4,5,5
SF,IH2001,2020-01-17 09:31:54.800,3053.2000,9958,-11,417018060.000,11,0,11,双平,S,3052.6000,3052.0000,3051.8000,3051.2000,3051.0000,3053.4000,3054.0000,3054.2000,3054.4000,3054.8000,3,2,1,4,1,4,4,5,5,1
SF,IH2001,2020-01-17 09:31:55.300,3052.8000,9954,-4,420681720.000,4,0,4,双平,S,3052.8000,3052.6000,3052.0000,3051.8000,3051.2000,3053.0000,3053.4000,3054.0000,3054.2000,3054.4000,2,5,2,1,4,1,4,4,5,5
SF,IH2001,2020-01-17 09:31:55.800,3053.0000,9949,-5,425261340.000,5,0,5,双平,S,3053.0000,3052.8000,3052.6000,3052.0000,3051.8000,3053.4000,3054.0000,3054.2000,3054.4000,3054.8000,1,3,4,2,1,3,4,5,5,1
SF,IH2001,2020-01-17 09:31:56.300,3053.4000,9947,-2,427093260.000,2,0,2,双平,S,3052.8000,3052.6000,3052.0000,3051.8000,3051.2000,3053.4000,3054.0000,3054.2000,3054.4000,3054.8000,3,3,2,1,4,2,4,5,5,1
SF,IH2001,2020-01-17 09:31:56.800,3053.4000,9945,-2,428925300.000,2,0,2,双平,S,3053.6000,3053.2000,3052.8000,3052.6000,3052.0000,3054.0000,3054.2000,3054.4000,3054.8000,3055.0000,2,1,3,2,2,4,5,5,1,1
SF,IH2001,2020-01-17 09:31:57.300,3053.4000,9943,-2,430757340.000,2,0,2,双平,S,3053.2000,3052.8000,3052.6000,3052.4000,3052.0000,3053.6000,3053.8000,3054.0000,3054.2000,3054.4000,1,3,2,3,2,2,1,4,5,3
SF,IH2001,2020-01-17 09:31:57.800,3053.4000,9943,0,430757340.000,0,-,-,-,-,3053.2000,3052.8000,3052.6000,3052.4000,3052.0000,3053.4000,3054.0000,3054.2000,3054.4000,3054.8000,1,3,2,3,2,1,4,5,3,1
SF,IH2001,2020-01-17 09:31:58.300,3053.4000,9942,-1,431673360.000,1,0,1,双平,S,3053.6000,3053.4000,3053.2000,3052.8000,3052.6000,3054.0000,3054.2000,3054.4000,3054.8000,3055.0000,1,3,1,4,2,4,5,3,1,1
SF,IH2001,2020-01-17 09:31:58.800,3053.4000,9942,0,431673360.000,0,-,-,-,-,3053.4000,3053.2000,3052.8000,3052.6000,3052.4000,3053.6000,3054.0000,3054.2000,3054.4000,3054.8000,1,1,4,1,3,2,4,5,3,1
SF,IH2001,2020-01-17 09:31:59.300,3053.2000,9940,-2,433505340.000,2,0,2,双平,S,3052.8000,3052.6000,3052.4000,3052.0000,3051.8000,3053.4000,3053.6000,3054.0000,3054.2000,3054.4000,4,1,3,2,1,1,1,4,5,3
SF,IH2001,2020-01-17 09:31:59.800,3052.8000,9938,-2,435337020.000,2,0,2,双平,S,3052.8000,3052.6000,3052.0000,3051.8000,3051.2000,3053.0000,3053.6000,3053.8000,3054.0000,3054.2000,4,1,2,1,4,3,1,1,4,5
SF,IH2001,2020-01-17 09:32:00.300,3053.0000,9937,-1,436252920.000,1,0,1,双平,S,3052.8000,3052.6000,3052.0000,3051.8000,3051.2000,3053.0000,3053.2000,3053.6000,3053.8000,3054.0000,4,1,2,1,4,2,1,1,1,4
SF,IH2001,2020-01-17 09:32:00.800,3053.0000,9935,-2,438084720.000,2,0,2,双平,S,3053.0000,3052.8000,3052.6000,3052.0000,3051.8000,3053.2000,3053.6000,3053.8000,3054.0000,3054.2000,4,4,1,2,1,1,1,1,4,5
SF,IH2001,2020-01-17 09:32:01.300,3053.0000,9930,-5,442664280.000,5,0,5,双平,S,3053.0000,3052.8000,3052.6000,3052.0000,3051.8000,3053.6000,3053.8000,3054.0000,3054.2000,3054.4000,1,4,1,2,1,1,1,4,5,3
SF,IH2001,2020-01-17 09:32:01.800,3052.8000,9928,-2,444496020.000,2,0,2,双平,S,3052.8000,3052.6000,3052.0000,3051.8000,3051.2000,3053.4000,3053.6000,3053.8000,3054.0000,3054.2000,2,1,2,1,4,2,1,1,4,5
SF,IH2001,2020-01-17 09:32:02.300,3052.8000,9927,-1,446327820.000,2,0,2,多平,S,3052.8000,3052.6000,3052.0000,3051.8000,3051.2000,3053.4000,3053.6000,3053.8000,3054.0000,3054.2000,3,1,2,1,4,4,1,1,4,5
SF,IH2001,2020-01-17 09:32:02.800,3052.8000,9924,-3,449075340.000,3,0,3,双平,S,3052.6000,3052.0000,3051.8000,3051.2000,3051.0000,3053.4000,3053.6000,3053.8000,3054.0000,3054.2000,1,2,1,4,1,4,1,1,4,5
SF,IH2001,2020-01-17 09:32:03.300,3052.8000,9924,0,449991180.000,1,0,1,多换,S,3052.6000,3052.0000,3051.8000,3051.2000,3051.0000,3053.2000,3053.4000,3053.6000,3053.8000,3054.0000,1,2,1,4,1,1,4,1,2,4
SF,IH2001,2020-01-17 09:32:03.800,3052.8000,9924,0,449991180.000,0,-,-,-,-,3052.6000,3052.0000,3051.8000,3051.2000,3051.0000,3053.2000,3053.4000,3053.6000,3053.8000,3054.0000,2,1,1,4,1,2,3,1,2,4
SF,IH2001,2020-01-17 09:32:04.300,3052.8000,9922,-2,453654840.000,4,1,3,多平,S,3053.2000,3052.8000,3052.6000,3052.0000,3051.8000,3053.4000,3053.6000,3053.8000,3054.0000,3054.2000,1,1,4,1,1,3,1,2,4,5
SF,IH2001,2020-01-17 09:32:04.800,3053.2000,9918,-4,457318860.000,4,0,4,双平,S,3052.8000,3052.6000,3052.0000,3051.8000,3051.2000,3053.6000,3053.8000,3054.0000,3054.2000,3054.4000,1,4,1,1,4,1,2,4,5,3
SF,IH2001,2020-01-17 09:32:05.300,3053.2000,9918,0,457318860.000,0,-,-,-,-,3052.8000,3052.6000,3052.0000,3051.8000,3051.2000,3053.4000,3053.6000,3053.8000,3054.0000,3054.2000,2,3,1,1,4,1,1,2,4,5
SF,IH2001,2020-01-17 09:32:05.800,3053.6000,9915,-3,460066860.000,3,0,3,双平,S,3053.6000,3053.0000,3052.8000,3052.6000,3052.0000,3053.8000,3054.0000,3054.2000,3054.4000,3054.6000,3,2,2,3,1,2,4,5,3,3
SF,IH2001,2020-01-17 09:32:06.300,3053.8000,9914,-1,460983000.000,1,0,1,双平,S,3053.6000,3053.0000,3052.8000,3052.6000,3052.0000,3053.8000,3054.0000,3054.2000,3054.4000,3054.6000,3,2,2,2,1,1,4,5,3,3
SF,IH2001,2020-01-17 09:32:06.800,3053.8000,9911,-3,463731300.000,3,0,3,双平,S,3053.6000,3053.0000,3052.8000,3052.6000,3052.0000,3054.0000,3054.2000,3054.4000,3054.6000,3054.8000,2,2,2,2,1,4,5,3,3,1
SF,IH2001,2020-01-17 09:32:07.300,3053.6000,9910,-1,465563580.000,2,0,2,多平,S,3053.6000,3053.0000,3052.8000,3052.6000,3052.0000,3054.0000,3054.2000,3054.4000,3054.6000,3054.8000,2,1,2,2,1,3,5,3,3,1
SF,IH2001,2020-01-17 09:32:07.800,3054.0000,9909,-1,466479780.000,1,0,1,双平,S,3053.6000,3053.0000,3052.8000,3052.6000,3052.0000,3054.0000,3054.2000,3054.4000,3054.6000,3054.8000,3,1,2,2,1,2,5,3,3,1
SF,IH2001,2020-01-17 09:32:08.800,3054.2000,9904,-5,471976920.000,6,0,6,多平,S,3053.6000,3053.0000,3052.8000,3052.6000,3052.0000,3054.2000,3054.4000,3054.6000,3054.8000,3055.0000,2,1,2,3,1,3,3,3,1,1
SF,IH2001,2020-01-17 09:32:09.300,3054.2000,9902,-2,473809440.000,2,0,2,双平,S,3053.8000,3053.6000,3053.0000,3052.6000,3052.0000,3054.2000,3054.4000,3054.6000,3054.8000,3055.0000,2,3,1,3,1,1,3,1,1,1
SF,IH2001,2020-01-17 09:32:09.800,3054.2000,9902,0,473809440.000,0,-,-,-,-,3053.8000,3053.6000,3053.0000,3052.6000,3052.0000,3054.2000,3054.4000,3054.6000,3054.8000,3055.0000,2,3,1,3,1,1,3,1,1,1
SF,IH2001,2020-01-17 09:32:10.300,3054.2000,9900,-2,475641840.000,2,0,2,双平,S,3053.8000,3053.6000,3053.0000,3052.6000,3052.0000,3054.4000,3054.6000,3054.8000,3055.0000,3055.2000,1,3,1,3,1,3,1,2,1,1
SF,IH2001,2020-01-17 09:32:10.800,3054.4000,9896,-4,479307060.000,4,0,4,双平,S,3053.8000,3053.6000,3053.0000,3052.6000,3051.8000,3054.6000,3054.8000,3055.0000,3055.2000,3055.6000,3,2,1,3,1,1,2,1,1,5
SF,IH2001,2020-01-17 09:32:11.300,3054.4000,9895,-1,480223380.000,1,0,1,双平,S,3054.0000,3053.8000,3053.6000,3053.0000,3052.6000,3054.6000,3054.8000,3055.0000,3055.2000,3055.4000,1,6,2,1,2,1,2,1,1,2
SF,IH2001,2020-01-17 09:32:11.800,3054.4000,9895,0,480223380.000,0,-,-,-,-,3054.4000,3054.2000,3054.0000,3053.8000,3053.6000,3054.6000,3054.8000,3055.0000,3055.2000,3055.4000,1,1,3,4,2,1,2,1,1,2
SF,IH2001,2020-01-17 09:32:12.300,3054.6000,9893,-2,482056080.000,2,0,2,双平,S,3054.4000,3054.2000,3054.0000,3053.8000,3053.6000,3054.6000,3054.8000,3055.0000,3055.2000,3055.4000,2,1,2,4,2,1,2,1,1,2
SF,IH2001,2020-01-17 09:32:12.800,3054.4000,9891,-2,483888720.000,2,0,2,双平,S,3054.2000,3054.0000,3053.8000,3053.6000,3053.0000,3054.6000,3054.8000,3055.0000,3055.2000,3055.4000,2,2,4,2,1,1,2,1,1,2
SF,IH2001,2020-01-17 09:32:13.300,3054.2000,9890,-1,484804980.000,1,0,1,双平,S,3054.2000,3054.0000,3053.8000,3053.6000,3053.0000,3054.6000,3054.8000,3055.0000,3055.2000,3055.4000,2,2,3,1,1,1,2,1,1,2
SF,IH2001,2020-01-17 09:32:13.800,3054.6000,9889,-1,485721360.000,1,0,1,双平,S,3054.2000,3054.0000,3053.8000,3053.6000,3053.0000,3054.8000,3055.0000,3055.2000,3055.4000,3055.6000,2,1,3,1,1,2,1,1,2,5
SF,IH2001,2020-01-17 09:32:14.300,3054.6000,9889,0,485721360.000,0,-,-,-,-,3054.2000,3054.0000,3053.8000,3053.6000,3053.0000,3054.6000,3054.8000,3055.0000,3055.2000,3055.4000,2,1,3,1,1,1,2,1,1,2
SF,IH2001,2020-01-17 09:32:14.800,3054.4000,9888,-1,486637680.000,1,0,1,双平,S,3054.2000,3054.0000,3053.8000,3053.6000,3053.0000,3054.6000,3054.8000,3055.0000,3055.2000,3055.4000,2,1,3,1,1,1,2,1,1,2
SF,IH2001,2020-01-17 09:32:15.300,3054.4000,9886,-2,488470260.000,2,0,2,双平,S,3054.2000,3054.0000,3053.8000,3053.6000,3053.0000,3054.4000,3054.6000,3054.8000,3055.0000,3055.2000,2,1,3,1,1,2,1,2,1,1
SF,IH2001,2020-01-17 09:32:15.800,3054.4000,9882,-4,493967940.000,6,1,5,多平,S,3053.8000,3053.6000,3053.0000,3052.6000,3051.8000,3054.4000,3054.6000,3054.8000,3055.0000,3055.2000,3,1,1,1,1,1,1,2,1,1
SF,IH2001,2020-01-17 09:32:16.300,3054.4000,9882,0,493967940.000,0,-,-,-,-,3054.0000,3053.8000,3053.6000,3053.0000,3052.6000,3054.4000,3054.6000,3054.8000,3055.0000,3055.2000,1,5,1,1,1,1,1,2,1,1
SF,IH2001,2020-01-17 09:32:16.800,3054.0000,9881,-1,494884140.000,1,0,1,双平,S,3054.0000,3053.8000,3053.6000,3053.0000,3052.6000,3054.4000,3054.6000,3054.8000,3055.0000,3055.2000,1,5,1,1,1,1,1,2,1,1
SF,IH2001,2020-01-17 09:32:17.300,3054.4000,9880,-1,495800460.000,1,0,1,双平,S,3054.0000,3053.8000,3053.6000,3053.0000,3052.6000,3054.6000,3054.8000,3055.0000,3055.2000,3055.4000,2,4,1,1,1,1,2,1,1,2
SF,IH2001,2020-01-17 09:32:17.800,3054.6000,9879,-1,496716840.000,1,0,1,双平,S,3054.4000,3054.0000,3053.8000,3053.6000,3053.0000,3054.8000,3055.0000,3055.2000,3055.4000,3055.6000,1,2,4,1,1,2,1,1,2,5
SF,IH2001,2020-01-17 09:32:18.300,3054.0000,9875,-4,500382000.000,4,0,4,双平,S,3054.6000,3053.8000,3053.6000,3053.0000,3052.6000,3054.8000,3055.0000,3055.2000,3055.6000,3055.8000,1,4,1,1,1,1,1,1,5,1
SF,IH2001,2020-01-17 09:32:18.800,3054.6000,9872,-3,503131140.000,3,0,3,双平,S,3053.8000,3053.6000,3053.0000,3052.6000,3051.8000,3054.4000,3054.6000,3054.8000,3055.0000,3055.2000,4,1,1,1,1,1,4,1,1,1
SF,IH2001,2020-01-17 09:32:19.300,3054.6000,9870,-2,504963900.000,2,0,2,双平,S,3054.0000,3053.8000,3053.6000,3053.0000,3052.6000,3054.8000,3055.0000,3055.2000,3055.6000,3055.8000,4,6,1,1,1,1,1,1,5,1
SF,IH2001,2020-01-17 09:32:19.800,3054.0000,9865,-5,509545320.000,5,0,5,双平,S,3054.2000,3054.0000,3053.8000,3053.6000,3053.0000,3055.0000,3055.2000,3055.6000,3055.8000,3056.0000,1,1,1,1,1,1,1,5,1,3
SF,IH2001,2020-01-17 09:32:20.300,3054.8000,9861,-4,513210900.000,4,0,4,双平,S,3054.2000,3053.8000,3053.6000,3053.2000,3053.0000,3054.8000,3055.0000,3055.2000,3055.6000,3055.8000,1,1,1,2,1,6,1,1,5,1
SF,IH2001,2020-01-17 09:32:20.800,3053.8000,9857,-4,516876060.000,4,0,4,双平,S,3053.6000,3053.2000,3053.0000,3052.6000,3051.8000,3053.8000,3054.2000,3054.6000,3054.8000,3055.0000,1,2,1,1,1,1,1,3,6,1
SF,IH2001,2020-01-17 09:32:21.300,3054.6000,9855,-2,518708580.000,2,0,2,双平,S,3054.0000,3053.8000,3053.6000,3053.0000,3052.6000,3054.2000,3054.6000,3054.8000,3055.0000,3055.2000,2,11,1,1,1,1,2,5,1,1
SF,IH2001,2020-01-17 09:32:21.800,3054.4000,9854,-1,519624900.000,1,0,1,双平,S,3054.0000,3053.8000,3053.6000,3053.0000,3052.6000,3054.6000,3054.8000,3055.0000,3055.2000,3055.6000,2,2,1,1,1,2,5,1,1,5
SF,IH2001,2020-01-17 09:32:22.300,3054.0000,9850,-4,524206200.000,5,0,5,多平,S,3053.8000,3053.0000,3052.6000,3051.8000,3051.2000,3054.0000,3054.6000,3054.8000,3055.0000,3055.2000,1,1,1,1,4,1,1,5,1,1
SF,IH2001,2020-01-17 09:32:22.800,3053.8000,9847,-3,526954680.000,3,0,3,双平,S,3053.0000,3052.6000,3051.8000,3051.2000,3051.0000,3053.8000,3054.6000,3054.8000,3055.0000,3055.2000,1,1,1,4,1,2,1,5,1,1
SF,IH2001,2020-01-17 09:32:23.300,3053.0000,9845,-2,528786720.000,2,0,2,双平,S,3052.6000,3051.8000,3051.2000,3051.0000,3050.0000,3053.6000,3053.8000,3054.6000,3054.8000,3055.0000,1,1,4,1,12,2,1,1,5,2
SF,IH2001,2020-01-17 09:32:23.800,3053.6000,9843,-2,530618880.000,2,0,2,双平,S,3052.8000,3052.6000,3052.0000,3051.8000,3051.2000,3053.8000,3054.0000,3054.6000,3054.8000,3055.0000,3,2,1,1,4,1,1,1,5,2
SF,IH2001,2020-01-17 09:32:24.300,3053.8000,9842,-1,531535020.000,1,0,1,双平,S,3053.6000,3053.0000,3052.8000,3052.6000,3052.0000,3053.8000,3054.0000,3054.6000,3054.8000,3055.0000,1,2,3,1,1,1,1,1,5,2
SF,IH2001,2020-01-17 09:32:24.800,3054.0000,9840,-2,533367360.000,2,0,2,双平,S,3053.8000,3053.0000,3052.8000,3052.6000,3052.0000,3054.6000,3054.8000,3055.0000,3055.2000,3055.6000,1,2,3,1,1,1,6,2,1,5
SF,IH2001,2020-01-17 09:32:25.300,3053.8000,9839,-1,534283500.000,1,0,1,双平,S,3052.8000,3052.6000,3052.0000,3051.8000,3051.2000,3053.8000,3054.4000,3054.6000,3054.8000,3055.0000,3,1,1,1,4,1,1,1,6,2
SF,IH2001,2020-01-17 09:32:25.800,3053.8000,9839,0,534283500.000,0,-,-,-,-,3053.0000,3052.8000,3052.6000,3052.0000,3051.8000,3053.6000,3054.4000,3054.6000,3054.8000,3055.0000,1,3,1,1,1,1,1,1,6,2
SF,IH2001,2020-01-17 09:32:26.300,3053.6000,9838,-1,535199580.000,1,0,1,双平,S,3053.2000,3053.0000,3052.8000,3052.6000,3052.0000,3053.4000,3054.4000,3054.6000,3054.8000,3055.0000,1,1,3,1,1,1,1,1,6,2
SF,IH2001,2020-01-17 09:32:26.800,3053.4000,9837,-1,536115600.000,1,0,1,双平,S,3053.6000,3053.4000,3053.2000,3053.0000,3052.8000,3054.4000,3054.6000,3054.8000,3055.0000,3055.2000,3,16,1,1,3,1,2,6,2,1
SF,IH2001,2020-01-17 09:32:27.300,3053.4000,9835,-2,537947640.000,2,0,2,双平,S,3053.6000,3053.4000,3053.0000,3052.8000,3052.6000,3054.4000,3054.6000,3054.8000,3055.0000,3055.2000,2,10,1,3,1,4,2,6,2,1
SF,IH2001,2020-01-17 09:32:27.800,3054.4000,9833,-2,539780280.000,2,0,2,双平,S,3053.6000,3053.4000,3053.0000,3052.8000,3052.6000,3054.4000,3054.6000,3054.8000,3055.0000,3055.2000,2,10,1,3,1,2,2,6,3,1
SF,IH2001,2020-01-17 09:32:28.300,3054.4000,9831,-2,541612920.000,2,0,2,双平,S,3053.8000,3053.6000,3053.4000,3053.0000,3052.8000,3054.2000,3054.6000,3054.8000,3055.0000,3055.2000,1,2,10,1,3,1,2,6,3,1
SF,IH2001,2020-01-17 09:32:28.800,3054.2000,9830,-1,542529180.000,1,0,1,双平,S,3054.0000,3053.8000,3053.6000,3053.4000,3052.8000,3054.4000,3054.6000,3054.8000,3055.0000,3055.2000,1,4,3,9,4,1,2,6,3,1
SF,IH2001,2020-01-17 09:32:29.800,3054.6000,9828,-2,544361880.000,2,0,2,双平,S,3054.2000,3054.0000,3053.8000,3053.6000,3053.4000,3054.6000,3054.8000,3055.0000,3055.2000,3055.6000,1,1,3,3,9,1,6,3,1,5
SF,IH2001,2020-01-17 09:32:30.300,3054.8000,9827,-1,547111140.000,3,1,2,多平,S,3054.4000,3054.2000,3054.0000,3053.8000,3053.6000,3054.8000,3055.0000,3055.2000,3055.6000,3055.8000,1,1,1,3,2,4,3,1,5,1
SF,IH2001,2020-01-17 09:32:30.800,3054.4000,9826,-1,548027460.000,1,0,1,双平,S,3054.2000,3054.0000,3053.8000,3053.6000,3053.4000,3054.8000,3055.0000,3055.2000,3055.6000,3055.8000,1,1,3,2,10,4,3,1,5,1
SF,IH2001,2020-01-17 09:32:31.300,3054.6000,9826,0,548943840.000,1,0,1,多换,S,3054.4000,3054.2000,3054.0000,3053.6000,3053.4000,3054.6000,3054.8000,3055.0000,3055.2000,3055.6000,1,1,1,2,10,1,4,3,1,5
SF,IH2001,2020-01-17 09:32:31.800,3054.4000,9825,-1,549860160.000,1,0,1,双平,S,3054.2000,3053.6000,3053.4000,3053.0000,3052.8000,3054.6000,3054.8000,3055.0000,3055.2000,3055.6000,1,2,10,1,4,1,4,3,1,5
SF,IH2001,2020-01-17 09:32:32.300,3054.6000,9823,-2,552609060.000,3,0,3,多平,S,3053.6000,3053.4000,3053.0000,3052.8000,3051.8000,3054.8000,3055.0000,3055.2000,3055.6000,3055.8000,1,10,1,3,1,4,3,1,5,1
SF,IH2001,2020-01-17 09:32:32.800,3054.8000,9823,0,554441880.000,2,1,1,多换,S,3053.8000,3053.6000,3053.4000,3053.0000,3052.8000,3054.8000,3055.0000,3055.2000,3055.6000,3055.8000,3,1,10,3,3,3,3,1,5,1
SF,IH2001,2020-01-17 09:32:33.300,3054.8000,9820,-3,557191200.000,3,0,3,双平,S,3053.8000,3053.6000,3053.4000,3053.0000,3052.8000,3054.8000,3055.0000,3055.2000,3055.6000,3055.8000,3,2,10,3,3,1,3,1,5,1
SF,IH2001,2020-01-17 09:32:33.800,3054.8000,9820,0,557191200.000,0,-,-,-,-,3053.8000,3053.6000,3053.4000,3053.0000,3052.8000,3054.8000,3055.0000,3055.2000,3055.6000,3055.8000,2,2,10,3,3,1,3,1,5,1
SF,IH2001,2020-01-17 09:32:34.300,3054.8000,9820,0,557191200.000,0,-,-,-,-,3054.0000,3053.8000,3053.6000,3053.4000,3053.0000,3054.8000,3055.0000,3055.2000,3055.6000,3055.8000,1,2,2,10,3,1,3,1,5,1
SF,IH2001,2020-01-17 09:32:34.800,3055.0000,9819,-1,559024140.000,2,0,2,多平,S,3054.0000,3053.8000,3053.6000,3053.4000,3053.2000,3054.6000,3055.0000,3055.2000,3055.6000,3055.8000,1,2,2,10,1,1,2,1,5,1
SF,IH2001,2020-01-17 09:32:35.300,3055.0000,9818,-1,559940640.000,1,0,1,双平,S,3054.6000,3053.8000,3053.6000,3053.4000,3053.2000,3055.0000,3055.2000,3055.6000,3055.8000,3056.0000,1,1,2,10,1,2,1,5,1,5
SF,IH2001,2020-01-17 09:32:35.800,3054.6000,9816,-2,561773400.000,2,0,2,双平,S,3053.8000,3053.6000,3053.4000,3053.2000,3053.0000,3054.6000,3055.0000,3055.2000,3055.6000,3055.8000,1,2,10,1,3,3,2,1,5,1
SF,IH2001,2020-01-17 09:32:36.300,3054.6000,9815,-1,562689780.000,1,0,1,双平,S,3054.0000,3053.8000,3053.6000,3053.4000,3053.2000,3054.6000,3055.0000,3055.2000,3055.6000,3055.8000,1,1,2,10,2,3,2,1,5,1
SF,IH2001,2020-01-17 09:32:36.800,3054.6000,9814,-1,563606160.000,1,0,1,双平,S,3054.0000,3053.8000,3053.6000,3053.4000,3053.2000,3054.6000,3055.0000,3055.2000,3055.6000,3055.8000,2,1,2,7,2,2,2,1,5,1
SF,IH2001,2020-01-17 09:32:37.300,3054.6000,9813,-1,564522540.000,1,0,1,双平,S,3054.0000,3053.8000,3053.6000,3053.4000,3053.2000,3054.6000,3054.8000,3055.0000,3055.2000,3055.6000,1,1,2,4,2,1,1,2,1,5
SF,IH2001,2020-01-17 09:32:38.800,3054.6000,9813,0,564522540.000,0,-,-,-,-,3054.0000,3053.8000,3053.6000,3053.4000,3053.2000,3054.6000,3054.8000,3055.0000,3055.2000,3055.6000,2,1,2,4,2,1,1,2,1,5
SF,IH2001,2020-01-17 09:32:39.300,3054.6000,9812,-1,565438920.000,1,0,1,双平,S,3054.4000,3054.0000,3053.8000,3053.6000,3053.4000,3054.8000,3055.0000,3055.2000,3055.6000,3055.8000,1,2,1,1,4,1,2,1,5,1
SF,IH2001,2020-01-17 09:32:39.800,3054.8000,9808,-4,569104440.000,4,0,4,双平,S,3054.0000,3053.8000,3053.6000,3053.4000,3053.2000,3055.0000,3055.2000,3055.6000,3055.8000,3056.0000,2,1,1,4,2,3,1,5,1,5
SF,IH2001,2020-01-17 09:32:40.300,3055.0000,9804,-4,572770380.000,4,0,4,双平,S,3054.2000,3054.0000,3053.8000,3053.6000,3053.4000,3055.2000,3055.6000,3055.8000,3056.0000,3056.2000,1,2,1,1,4,1,5,1,5,1
SF,IH2001,2020-01-17 09:32:40.800,3055.0000,9804,0,572770380.000,0,-,-,-,-,3054.8000,3054.2000,3054.0000,3053.8000,3053.6000,3055.2000,3055.6000,3055.8000,3056.0000,3056.2000,1,1,2,1,1,1,5,1,5,1
SF,IH2001,2020-01-17 09:32:41.300,3055.2000,9802,-2,574603380.000,2,0,2,双平,S,3054.0000,3053.8000,3053.6000,3053.4000,3053.2000,3055.6000,3055.8000,3056.0000,3056.2000,3056.4000,2,1,1,4,2,5,1,5,1,1
SF,IH2001,2020-01-17 09:32:41.800,3055.2000,9802,0,574603380.000,0,-,-,-,-,3054.2000,3054.0000,3053.8000,3053.6000,3053.4000,3055.4000,3055.6000,3055.8000,3056.0000,3056.2000,3,2,1,1,4,2,5,1,5,1
SF,IH2001,2020-01-17 09:32:42.300,3055.2000,9802,0,574603380.000,0,-,-,-,-,3054.2000,3054.0000,3053.8000,3053.6000,3053.4000,3055.4000,3055.6000,3055.8000,3056.0000,3056.2000,6,2,1,1,4,2,5,1,5,1
SF,IH2001,2020-01-17 09:32:42.800,3055.2000,9802,0,574603380.000,0,-,-,-,-,3054.2000,3054.0000,3053.8000,3053.6000,3053.4000,3055.4000,3055.6000,3055.8000,3056.0000,3056.2000,4,2,1,1,4,1,5,1,5,1
SF,IH2001,2020-01-17 09:32:43.300,3054.2000,9801,-1,575519640.000,1,0,1,双平,S,3054.2000,3054.0000,3053.8000,3053.6000,3053.4000,3055.2000,3055.4000,3055.6000,3055.8000,3056.0000,3,6,1,1,4,3,1,5,1,5
SF,IH2001,2020-01-17 09:32:43.800,3054.2000,9801,0,575519640.000,0,-,-,-,-,3054.2000,3054.0000,3053.8000,3053.6000,3053.4000,3055.0000,3055.2000,3055.6000,3055.8000,3056.0000,3,6,1,1,3,3,3,6,1,4
SF,IH2001,2020-01-17 09:32:44.300,3054.2000,9801,0,575519640.000,0,-,-,-,-,3054.2000,3054.0000,3053.8000,3053.6000,3053.4000,3055.0000,3055.2000,3055.6000,3055.8000,3056.0000,4,6,1,1,3,3,1,6,1,4
SF,IH2001,2020-01-17 09:32:44.800,3054.2000,9801,0,575519640.000,0,-,-,-,-,3054.2000,3054.0000,3053.8000,3053.6000,3053.4000,3054.8000,3055.0000,3055.2000,3055.6000,3055.8000,4,6,1,1,3,1,3,1,6,1
SF,IH2001,2020-01-17 09:32:45.300,3054.2000,9801,0,575519640.000,0,-,-,-,-,3054.4000,3054.2000,3054.0000,3053.8000,3053.6000,3054.8000,3055.0000,3055.2000,3055.6000,3055.8000,1,4,6,1,1,1,3,1,6,1
SF,IH2001,2020-01-17 09:32:45.800,3054.8000,9800,-1,576436080.000,1,0,1,双平,S,3054.6000,3054.4000,3054.2000,3054.0000,3053.8000,3055.0000,3055.2000,3055.6000,3055.8000,3056.0000,1,3,4,6,1,3,1,6,1,4
SF,IH2001,2020-01-17 09:32:46.800,3054.8000,9800,0,576436080.000,0,-,-,-,-,3054.8000,3054.4000,3054.2000,3054.0000,3053.8000,3055.0000,3055.2000,3055.6000,3055.8000,3056.0000,1,3,4,6,1,3,1,6,1,4
SF,IH2001,2020-01-17 09:32:47.300,3055.0000,9797,-3,579185580.000,3,0,3,双平,S,3054.8000,3054.4000,3054.2000,3054.0000,3053.8000,3055.2000,3055.6000,3055.8000,3056.0000,3056.2000,1,3,4,6,1,1,6,1,4,1
SF,IH2001,2020-01-17 09:32:47.800,3055.2000,9796,-1,580102140.000,1,0,1,双平,S,3055.0000,3054.8000,3054.4000,3054.2000,3054.0000,3055.6000,3055.8000,3056.0000,3056.2000,3056.4000,1,1,3,4,6,6,1,4,1,1
SF,IH2001,2020-01-17 09:32:48.300,3055.0000,9795,-1,581018640.000,1,0,1,双平,S,3055.0000,3054.4000,3054.2000,3054.0000,3053.8000,3055.6000,3055.8000,3056.0000,3056.2000,3056.4000,1,3,4,6,1,6,1,2,1,1
SF,IH2001,2020-01-17 09:32:48.800,3055.0000,9794,-1,581935140.000,1,0,1,双平,S,3054.4000,3054.2000,3054.0000,3053.8000,3053.6000,3055.2000,3055.6000,3055.8000,3056.0000,3056.2000,3,4,6,1,1,3,6,1,2,1
SF,IH2001,2020-01-17 09:32:49.300,3055.0000,9793,-1,582851640.000,1,0,1,双平,S,3054.6000,3054.4000,3054.2000,3054.0000,3053.8000,3055.2000,3055.6000,3055.8000,3056.0000,3056.2000,1,3,4,6,1,3,6,1,2,1
SF,IH2001,2020-01-17 09:32:49.800,3055.0000,9793,0,582851640.000,0,-,-,-,-,3054.6000,3054.4000,3054.2000,3054.0000,3053.8000,3055.2000,3055.6000,3055.8000,3056.0000,3056.2000,1,1,4,6,1,3,6,1,2,1
SF,IH2001,2020-01-17 09:32:50.300,3055.0000,9793,0,582851640.000,0,-,-,-,-,3055.0000,3054.6000,3054.4000,3054.2000,3054.0000,3055.2000,3055.6000,3055.8000,3056.0000,3056.2000,1,2,1,4,6,3,6,1,2,1
SF,IH2001,2020-01-17 09:32:50.800,3055.2000,9791,-2,584684700.000,2,0,2,双平,S,3054.6000,3054.4000,3054.2000,3054.0000,3053.8000,3055.2000,3055.6000,3055.8000,3056.0000,3056.2000,1,1,4,6,1,2,6,1,2,1
SF,IH2001,2020-01-17 09:32:51.300,3055.2000,9791,0,584684700.000,0,-,-,-,-,3054.6000,3054.4000,3054.2000,3054.0000,3053.8000,3055.2000,3055.6000,3055.8000,3056.0000,3056.2000,1,1,4,6,1,2,6,1,2,1
SF,IH2001,2020-01-17 09:32:51.800,3055.2000,9789,-2,586517820.000,2,0,2,双平,S,3055.4000,3054.8000,3054.6000,3054.4000,3054.2000,3055.6000,3055.8000,3056.0000,3056.2000,3056.4000,2,3,1,1,4,6,1,2,1,1
SF,IH2001,2020-01-17 09:32:52.300,3055.4000,9785,-4,590184300.000,4,0,4,双平,S,3054.8000,3054.6000,3054.4000,3054.2000,3054.0000,3055.4000,3055.6000,3055.8000,3056.0000,3056.2000,3,1,1,1,5,1,6,1,2,1
SF,IH2001,2020-01-17 09:32:52.800,3055.4000,9785,0,590184300.000,0,-,-,-,-,3054.8000,3054.6000,3054.4000,3054.2000,3054.0000,3055.2000,3055.4000,3055.6000,3055.8000,3056.0000,3,1,1,1,5,1,1,7,1,2
SF,IH2001,2020-01-17 09:32:53.300,3055.4000,9785,0,590184300.000,0,-,-,-,-,3055.0000,3054.8000,3054.6000,3054.4000,3054.2000,3055.2000,3055.4000,3055.6000,3055.8000,3056.0000,1,3,1,1,1,1,1,7,1,2
SF,IH2001,2020-01-17 09:32:53.800,3055.2000,9782,-3,592933860.000,3,0,3,双平,S,3054.8000,3054.6000,3054.4000,3054.2000,3054.0000,3055.2000,3055.4000,3055.6000,3055.8000,3056.0000,3,1,1,1,5,1,1,7,1,2
SF,IH2001,2020-01-17 09:32:55.300,3055.2000,9782,0,592933860.000,0,-,-,-,-,3054.8000,3054.6000,3054.4000,3054.2000,3054.0000,3055.2000,3055.4000,3055.6000,3055.8000,3056.0000,3,1,1,1,5,1,1,7,1,2
SF,IH2001,2020-01-17 09:32:55.800,3055.2000,9782,0,592933860.000,0,-,-,-,-,3054.8000,3054.6000,3054.4000,3054.2000,3054.0000,3055.2000,3055.4000,3055.6000,3055.8000,3056.0000,3,1,1,1,5,1,2,7,1,2
SF,IH2001,2020-01-17 09:32:56.300,3055.2000,9782,0,592933860.000,0,-,-,-,-,3054.8000,3054.6000,3054.4000,3054.2000,3054.0000,3055.2000,3055.4000,3055.6000,3055.8000,3056.0000,4,1,1,1,5,1,2,7,1,2
SF,IH2001,2020-01-17 09:32:56.800,3055.2000,9782,0,592933860.000,0,-,-,-,-,3055.0000,3054.8000,3054.6000,3054.4000,3054.2000,3055.2000,3055.4000,3055.6000,3055.8000,3056.0000,1,4,1,1,3,1,2,7,1,2
SF,IH2001,2020-01-17 09:32:57.300,3055.0000,9781,-1,593850360.000,1,0,1,双平,S,3054.8000,3054.6000,3054.4000,3054.2000,3054.0000,3055.2000,3055.4000,3055.6000,3055.8000,3056.0000,4,1,1,3,5,1,2,7,1,2
SF,IH2001,2020-01-17 09:32:57.800,3054.8000,9779,-2,595683240.000,2,0,2,双平,S,3054.8000,3054.6000,3054.4000,3054.2000,3054.0000,3055.2000,3055.4000,3055.6000,3055.8000,3056.0000,2,1,1,3,5,1,2,7,1,2
SF,IH2001,2020-01-17 09:32:58.300,3055.6000,9773,-6,601183140.000,6,0,6,双平,S,3054.8000,3054.6000,3054.4000,3054.2000,3054.0000,3055.6000,3055.8000,3056.0000,3056.2000,3056.6000,2,1,1,3,5,3,1,2,1,1
SF,IH2001,2020-01-17 09:32:58.800,3055.0000,9770,-3,603932640.000,3,0,3,双平,S,3054.8000,3054.6000,3054.4000,3054.2000,3054.0000,3055.4000,3055.6000,3055.8000,3056.0000,3056.2000,2,1,1,3,5,1,3,1,2,1
SF,IH2001,2020-01-17 09:32:59.300,3055.0000,9770,0,603932640.000,0,-,-,-,-,3055.0000,3054.8000,3054.6000,3054.4000,3054.2000,3055.4000,3055.6000,3055.8000,3056.0000,3056.2000,1,2,1,1,3,1,3,1,2,1
SF,IH2001,2020-01-17 09:32:59.800,3055.0000,9770,0,603932640.000,0,-,-,-,-,3055.0000,3054.8000,3054.6000,3054.4000,3054.2000,3055.6000,3055.8000,3056.0000,3056.2000,3056.6000,1,2,1,1,3,3,1,2,1,1
SF,IH2001,2020-01-17 09:33:00.800,3055.2000,9770,0,604849200.000,1,0,1,多换,S,3055.2000,3055.0000,3054.8000,3054.6000,3054.4000,3055.6000,3055.8000,3056.0000,3056.2000,3056.6000,2,1,2,1,1,3,1,2,1,1
SF,IH2001,2020-01-17 09:33:01.300,3055.0000,9767,-3,607598820.000,3,0,3,双平,S,3054.8000,3054.6000,3054.4000,3054.2000,3054.0000,3055.0000,3055.2000,3055.6000,3055.8000,3056.0000,2,1,1,3,5,1,1,3,1,2
SF,IH2001,2020-01-17 09:33:01.800,3055.2000,9765,-2,609431880.000,2,0,2,双平,S,3055.2000,3055.0000,3054.8000,3054.6000,3054.4000,3055.6000,3055.8000,3056.0000,3056.2000,3056.6000,1,2,1,1,1,3,1,2,1,1
SF,IH2001,2020-01-17 09:33:02.300,3055.2000,9764,-1,610348440.000,1,0,1,双平,S,3054.8000,3054.6000,3054.4000,3054.2000,3054.0000,3055.2000,3055.4000,3055.6000,3055.8000,3056.0000,1,1,1,3,5,2,1,3,1,2
SF,IH2001,2020-01-17 09:33:02.800,3055.2000,9764,0,610348440.000,0,-,-,-,-,3055.0000,3054.8000,3054.6000,3054.4000,3054.2000,3055.2000,3055.4000,3055.6000,3055.8000,3056.0000,1,1,1,1,3,1,1,3,1,2
SF,IH2001,2020-01-17 09:33:03.300,3055.2000,9762,-2,612181500.000,2,0,2,双平,S,3054.8000,3054.6000,3054.4000,3054.2000,3054.0000,3055.4000,3055.6000,3055.8000,3056.0000,3056.2000,1,1,1,3,4,1,3,1,2,1
SF,IH2001,2020-01-17 09:33:03.800,3055.2000,9762,0,612181500.000,0,-,-,-,-,3055.4000,3055.2000,3054.8000,3054.6000,3054.4000,3055.6000,3055.8000,3056.0000,3056.2000,3056.6000,1,1,1,1,1,3,1,2,1,1
SF,IH2001,2020-01-17 09:33:04.300,3055.4000,9761,-1,613098120.000,1,0,1,双平,S,3055.2000,3054.8000,3054.4000,3054.2000,3054.0000,3055.4000,3055.6000,3055.8000,3056.0000,3056.2000,1,1,1,3,4,9,4,1,2,1
SF,IH2001,2020-01-17 09:33:04.800,3055.2000,9760,-1,614014680.000,1,0,1,双平,S,3054.8000,3054.4000,3054.2000,3054.0000,3053.6000,3055.2000,3055.4000,3055.6000,3055.8000,3056.0000,1,1,5,4,1,1,10,3,1,2
SF,IH2001,2020-01-17 09:33:05.300,3055.4000,9758,-2,615847740.000,2,0,2,双平,S,3055.0000,3054.4000,3054.2000,3054.0000,3053.6000,3055.4000,3055.6000,3055.8000,3056.0000,3056.2000,1,1,6,4,1,7,3,1,2,1
SF,IH2001,2020-01-17 09:33:05.800,3055.4000,9758,0,615847740.000,0,-,-,-,-,3055.2000,3055.0000,3054.4000,3054.2000,3054.0000,3055.4000,3055.6000,3055.8000,3056.0000,3056.2000,1,1,1,6,4,7,3,1,2,1
SF,IH2001,2020-01-17 09:33:06.300,3055.2000,9757,-1,616764300.000,1,0,1,双平,S,3055.0000,3054.4000,3054.2000,3054.0000,3053.6000,3055.4000,3055.6000,3055.8000,3056.0000,3056.2000,1,1,6,4,1,8,3,1,2,1
SF,IH2001,2020-01-17 09:33:06.800,3055.0000,9756,-1,617680800.000,1,0,1,双平,S,3054.4000,3054.2000,3053.6000,3053.4000,3053.2000,3055.0000,3055.2000,3055.4000,3055.6000,3055.8000,1,6,1,3,1,1,1,8,3,1
SF,IH2001,2020-01-17 09:33:07.300,3055.0000,9756,0,617680800.000,0,-,-,-,-,3055.0000,3054.8000,3054.4000,3054.2000,3053.6000,3055.2000,3055.4000,3055.6000,3055.8000,3056.0000,4,1,1,6,1,1,8,3,1,2
SF,IH2001,2020-01-17 09:33:07.800,3054.8000,9751,-5,622263240.000,5,0,5,双平,S,3054.4000,3054.2000,3053.6000,3053.4000,3053.2000,3055.0000,3055.2000,3055.4000,3055.6000,3055.8000,1,6,1,3,1,8,2,7,3,1
SF,IH2001,2020-01-17 09:33:08.300,3054.8000,9751,0,622263240.000,0,-,-,-,-,3054.4000,3054.2000,3053.6000,3053.4000,3053.2000,3054.8000,3055.0000,3055.2000,3055.4000,3055.6000,1,6,1,3,1,2,2,2,7,3
SF,IH2001,2020-01-17 09:33:08.800,3054.8000,9751,0,622263240.000,0,-,-,-,-,3054.4000,3054.2000,3053.6000,3053.4000,3053.2000,3054.8000,3055.0000,3055.2000,3055.4000,3055.6000,2,6,1,3,1,3,4,1,7,3
SF,IH2001,2020-01-17 09:33:09.300,3054.8000,9751,0,622263240.000,0,-,-,-,-,3054.4000,3054.2000,3053.6000,3053.4000,3053.2000,3054.8000,3055.0000,3055.2000,3055.4000,3055.6000,2,6,1,3,1,4,4,1,7,3
SF,IH2001,2020-01-17 09:33:09.800,3054.8000,9751,0,622263240.000,0,-,-,-,-,3054.4000,3054.2000,3053.6000,3053.4000,3053.2000,3054.8000,3055.0000,3055.2000,3055.4000,3055.6000,2,6,1,3,1,4,4,1,7,3
SF,IH2001,2020-01-17 09:33:10.300,3054.2000,9748,-3,625012140.000,3,0,3,双平,S,3054.2000,3053.6000,3053.4000,3053.2000,3053.0000,3054.4000,3054.8000,3055.0000,3055.2000,3055.4000,5,1,3,1,3,3,4,4,1,7
SF,IH2001,2020-01-17 09:33:10.800,3054.2000,9747,-1,625928400.000,1,0,1,双平,S,3054.2000,3053.6000,3053.4000,3053.2000,3053.0000,3054.4000,3054.8000,3055.0000,3055.2000,3055.4000,4,1,3,1,3,2,2,4,1,7
SF,IH2001,2020-01-17 09:33:11.300,3053.6000,9742,-5,630509520.000,5,0,5,双平,S,3053.4000,3053.2000,3053.0000,3052.8000,3052.0000,3054.2000,3054.4000,3054.8000,3055.0000,3055.2000,3,1,3,1,6,1,1,2,4,1
SF,IH2001,2020-01-17 09:33:11.800,3054.0000,9741,-1,631425720.000,1,0,1,双平,S,3053.6000,3053.4000,3053.2000,3053.0000,3052.8000,3054.4000,3054.8000,3055.0000,3055.2000,3055.4000,3,3,1,3,1,2,2,4,1,7
SF,IH2001,2020-01-17 09:33:12.300,3054.0000,9741,0,631425720.000,0,-,-,-,-,3053.6000,3053.4000,3053.2000,3053.0000,3052.8000,3054.4000,3054.8000,3055.0000,3055.2000,3055.4000,3,3,1,3,1,3,2,4,1,7
SF,IH2001,2020-01-17 09:33:12.800,3054.4000,9740,-1,632342040.000,1,0,1,双平,S,3053.6000,3053.4000,3053.2000,3053.0000,3052.8000,3054.4000,3054.8000,3055.0000,3055.2000,3055.4000,2,3,1,3,1,2,2,4,1,7
SF,IH2001,2020-01-17 09:33:13.300,3054.4000,9740,0,632342040.000,0,-,-,-,-,3053.6000,3053.4000,3053.2000,3053.0000,3052.8000,3054.4000,3054.8000,3055.0000,3055.2000,3055.4000,2,3,1,3,1,3,2,4,1,7
SF,IH2001,2020-01-17 09:33:13.800,3054.4000,9740,0,632342040.000,0,-,-,-,-,3053.6000,3053.4000,3053.2000,3053.0000,3052.8000,3054.4000,3054.8000,3055.0000,3055.2000,3055.4000,3,3,1,3,1,3,2,4,1,7
SF,IH2001,2020-01-17 09:33:14.300,3054.4000,9740,0,632342040.000,0,-,-,-,-,3053.6000,3053.4000,3053.2000,3053.0000,3052.8000,3054.2000,3054.4000,3054.8000,3055.0000,3055.2000,2,3,1,3,1,1,3,2,7,1
SF,IH2001,2020-01-17 09:33:14.800,3054.0000,9739,-1,633258240.000,1,0,1,双平,S,3053.6000,3053.4000,3053.2000,3053.0000,3052.8000,3054.0000,3054.2000,3054.4000,3054.8000,3055.0000,3,3,1,3,1,1,1,3,2,7
SF,IH2001,2020-01-17 09:33:15.300,3054.0000,9737,-2,635090640.000,2,0,2,双平,S,3054.0000,3053.8000,3053.6000,3053.4000,3053.2000,3054.4000,3054.8000,3055.0000,3055.2000,3055.4000,1,1,3,3,1,3,2,7,1,4
SF,IH2001,2020-01-17 09:33:15.800,3054.0000,9737,0,635090640.000,0,-,-,-,-,3053.8000,3053.6000,3053.4000,3053.2000,3053.0000,3054.0000,3054.4000,3054.8000,3055.0000,3055.2000,1,3,3,1,3,1,3,2,13,1
SF,IH2001,2020-01-17 09:33:16.300,3054.0000,9735,-2,636922980.000,2,0,2,双平,S,3053.6000,3053.4000,3053.2000,3053.0000,3052.8000,3054.4000,3054.8000,3055.0000,3055.2000,3055.4000,3,3,1,3,1,3,2,12,1,4
SF,IH2001,2020-01-17 09:33:16.800,3054.0000,9735,0,636922980.000,0,-,-,-,-,3053.6000,3053.4000,3053.2000,3053.0000,3052.8000,3054.2000,3054.4000,3054.8000,3055.0000,3055.4000,2,3,1,3,1,1,3,2,12,4
SF,IH2001,2020-01-17 09:33:17.800,3054.0000,9735,0,636922980.000,0,-,-,-,-,3054.0000,3053.6000,3053.4000,3053.2000,3053.0000,3054.4000,3054.8000,3055.0000,3055.4000,3055.6000,1,2,3,1,3,3,2,12,4,3
SF,IH2001,2020-01-17 09:33:18.300,3054.0000,9734,-1,637839180.000,1,0,1,双平,S,3053.6000,3053.4000,3053.2000,3053.0000,3052.8000,3054.2000,3054.4000,3054.8000,3055.0000,3055.4000,2,3,1,3,1,1,3,2,12,5
SF,IH2001,2020-01-17 09:33:18.800,3054.0000,9734,0,637839180.000,0,-,-,-,-,3053.6000,3053.4000,3053.2000,3053.0000,3052.8000,3054.2000,3054.4000,3054.8000,3055.0000,3055.4000,3,3,1,3,1,1,3,2,12,5
SF,IH2001,2020-01-17 09:33:19.300,3054.0000,9733,-1,638755380.000,1,0,1,双平,S,3053.6000,3053.4000,3053.2000,3053.0000,3052.8000,3054.4000,3054.8000,3055.0000,3055.4000,3055.6000,3,3,1,3,1,3,2,12,5,2
SF,IH2001,2020-01-17 09:33:19.800,3054.0000,9733,0,638755380.000,0,-,-,-,-,3054.0000,3053.6000,3053.4000,3053.2000,3053.0000,3054.2000,3054.4000,3054.8000,3055.0000,3055.4000,2,4,3,1,3,1,3,2,12,5
SF,IH2001,2020-01-17 09:33:20.300,3054.2000,9732,-1,639671640.000,1,0,1,双平,S,3054.2000,3054.0000,3053.6000,3053.4000,3053.2000,3054.4000,3054.8000,3055.0000,3055.4000,3055.6000,11,2,3,3,1,3,1,12,5,2
SF,IH2001,2020-01-17 09:33:20.800,3054.4000,9731,-1,640587960.000,1,0,1,双平,S,3054.2000,3054.0000,3053.6000,3053.4000,3053.2000,3054.4000,3054.8000,3055.0000,3055.2000,3055.4000,11,2,3,3,1,2,1,12,4,5
SF,IH2001,2020-01-17 09:33:21.300,3054.2000,9730,-1,641504220.000,1,0,1,双平,S,3054.2000,3054.0000,3053.6000,3053.4000,3053.2000,3054.4000,3054.8000,3055.0000,3055.2000,3055.4000,10,2,3,3,1,2,1,12,4,5
SF,IH2001,2020-01-17 09:33:21.800,3054.4000,9728,-2,643336860.000,2,0,2,双平,S,3054.2000,3054.0000,3053.8000,3053.6000,3053.4000,3054.8000,3055.0000,3055.2000,3055.4000,3055.6000,9,2,1,2,3,1,12,4,5,2
SF,IH2001,2020-01-17 09:33:22.300,3054.4000,9728,0,643336860.000,0,-,-,-,-,3054.2000,3054.0000,3053.8000,3053.6000,3053.4000,3054.6000,3054.8000,3055.0000,3055.2000,3055.4000,9,2,1,2,3,1,1,12,4,5
SF,IH2001,2020-01-17 09:33:22.800,3054.2000,9721,-7,649750680.000,7,0,7,双平,S,3054.2000,3054.0000,3053.8000,3053.6000,3053.4000,3054.4000,3054.6000,3054.8000,3055.0000,3055.2000,3,2,1,2,3,1,1,2,12,4
SF,IH2001,2020-01-17 09:33:23.300,3054.2000,9716,-5,654331920.000,5,0,5,双平,S,3054.0000,3053.8000,3053.6000,3053.4000,3053.2000,3054.2000,3054.4000,3054.8000,3055.0000,3055.2000,1,1,2,3,1,3,1,2,12,4
SF,IH2001,2020-01-17 09:33:23.800,3053.8000,9714,-2,656164260.000,2,0,2,双平,S,3053.6000,3053.4000,3053.2000,3053.0000,3052.8000,3054.2000,3054.4000,3054.8000,3055.0000,3055.2000,2,3,1,3,1,3,1,2,12,4
SF,IH2001,2020-01-17 09:33:24.300,3053.8000,9714,0,656164260.000,0,-,-,-,-,3053.6000,3053.4000,3053.2000,3053.0000,3052.8000,3053.8000,3054.2000,3054.4000,3054.8000,3055.0000,2,3,1,3,1,1,3,1,2,12
SF,IH2001,2020-01-17 09:33:24.800,3053.6000,9713,-1,657080340.000,1,0,1,双平,S,3053.6000,3053.4000,3053.2000,3053.0000,3052.8000,3054.2000,3054.4000,3054.8000,3055.0000,3055.2000,1,3,1,1,1,3,1,2,12,4
SF,IH2001,2020-01-17 09:33:25.300,3054.2000,9711,-2,658912680.000,2,0,2,双平,S,3053.4000,3053.2000,3053.0000,3052.8000,3052.0000,3054.2000,3054.4000,3054.8000,3055.0000,3055.2000,3,1,1,1,6,2,1,2,12,4
SF,IH2001,2020-01-17 09:33:25.800,3054.2000,9711,0,658912680.000,0,-,-,-,-,3053.4000,3053.2000,3053.0000,3052.8000,3052.0000,3054.0000,3054.2000,3054.4000,3054.8000,3055.0000,3,1,1,1,6,1,2,1,2,12
SF,IH2001,2020-01-17 09:33:26.300,3054.2000,9709,-2,660745140.000,2,0,2,双平,S,3053.6000,3053.4000,3053.2000,3053.0000,3052.8000,3054.2000,3054.4000,3054.8000,3055.0000,3055.2000,2,2,1,1,1,1,1,2,12,4
SF,IH2001,2020-01-17 09:33:26.800,3054.2000,9709,0,660745140.000,0,-,-,-,-,3053.6000,3053.4000,3053.2000,3053.0000,3052.8000,3054.2000,3054.4000,3054.8000,3055.0000,3055.2000,1,2,1,1,1,1,1,2,12,4
SF,IH2001,2020-01-17 09:33:27.300,3054.2000,9709,0,661661400.000,1,0,1,多换,S,3053.8000,3053.4000,3053.2000,3053.0000,3052.8000,3054.4000,3054.8000,3055.0000,3055.2000,3055.4000,1,2,1,1,1,1,3,13,4,5
SF,IH2001,2020-01-17 09:33:27.800,3053.8000,9708,-1,662577540.000,1,0,1,双平,S,3053.6000,3053.4000,3053.2000,3053.0000,3052.8000,3054.4000,3054.8000,3055.0000,3055.2000,3055.4000,1,2,1,1,1,1,3,13,4,5
SF,IH2001,2020-01-17 09:33:28.300,3054.2000,9707,-1,663493800.000,1,0,1,双平,S,3054.0000,3053.8000,3053.4000,3053.2000,3053.0000,3054.4000,3054.8000,3055.0000,3055.2000,3055.4000,1,1,2,1,1,1,3,13,4,5
SF,IH2001,2020-01-17 09:33:28.800,3054.2000,9707,0,663493800.000,0,-,-,-,-,3054.0000,3053.8000,3053.4000,3053.2000,3053.0000,3054.4000,3054.8000,3055.0000,3055.2000,3055.4000,1,1,3,1,1,1,3,13,4,5
SF,IH2001,2020-01-17 09:33:29.300,3054.4000,9706,-1,664410120.000,1,0,1,双平,S,3054.0000,3053.8000,3053.4000,3053.2000,3053.0000,3054.8000,3055.0000,3055.2000,3055.4000,3055.6000,1,1,3,1,1,3,13,4,5,4
SF,IH2001,2020-01-17 09:33:29.800,3054.4000,9706,0,664410120.000,0,-,-,-,-,3054.0000,3053.4000,3053.2000,3053.0000,3052.8000,3054.8000,3055.0000,3055.2000,3055.4000,3055.6000,2,3,1,1,1,3,13,4,5,4
SF,IH2001,2020-01-17 09:33:30.800,3054.4000,9706,0,664410120.000,0,-,-,-,-,3054.4000,3054.0000,3053.4000,3053.2000,3053.0000,3054.8000,3055.0000,3055.2000,3055.4000,3055.6000,1,2,3,1,1,3,13,4,5,4
SF,IH2001,2020-01-17 09:33:31.300,3054.4000,9704,-2,666242880.000,2,0,2,双平,S,3054.0000,3053.4000,3053.2000,3053.0000,3052.8000,3054.6000,3054.8000,3055.0000,3055.2000,3055.4000,1,3,1,1,1,1,2,13,4,5
SF,IH2001,2020-01-17 09:33:31.800,3054.4000,9704,0,666242880.000,0,-,-,-,-,3054.4000,3054.0000,3053.4000,3053.2000,3053.0000,3054.6000,3054.8000,3055.0000,3055.2000,3055.4000,1,1,3,1,1,1,2,13,4,5
SF,IH2001,2020-01-17 09:33:32.300,3054.4000,9704,0,666242880.000,0,-,-,-,-,3054.4000,3054.0000,3053.4000,3053.2000,3053.0000,3054.6000,3054.8000,3055.0000,3055.2000,3055.4000,1,1,3,1,1,2,2,13,4,5
SF,IH2001,2020-01-17 09:33:33.800,3054.4000,9703,-1,667159200.000,1,0,1,双平,S,3054.0000,3053.4000,3053.2000,3053.0000,3052.8000,3054.6000,3054.8000,3055.0000,3055.2000,3055.4000,1,3,1,1,1,2,2,13,4,5
SF,IH2001,2020-01-17 09:33:34.300,3054.4000,9703,0,667159200.000,0,-,-,-,-,3054.0000,3053.4000,3053.2000,3053.0000,3052.8000,3054.2000,3054.4000,3054.6000,3054.8000,3055.0000,1,3,1,1,1,1,1,1,3,13
SF,IH2001,2020-01-17 09:33:34.800,3054.0000,9701,-2,668991660.000,2,0,2,双平,S,3053.4000,3053.2000,3053.0000,3052.8000,3052.0000,3054.0000,3054.4000,3054.6000,3054.8000,3055.0000,3,1,1,1,6,1,1,1,3,13
SF,IH2001,2020-01-17 09:33:35.300,3054.0000,9701,0,668991660.000,0,-,-,-,-,3053.4000,3053.2000,3053.0000,3052.8000,3052.0000,3054.0000,3054.4000,3054.6000,3054.8000,3055.0000,3,1,1,1,6,1,2,1,3,13
SF,IH2001,2020-01-17 09:33:35.800,3054.0000,9701,0,668991660.000,0,-,-,-,-,3053.4000,3053.2000,3053.0000,3052.8000,3052.0000,3054.0000,3054.4000,3054.6000,3054.8000,3055.0000,3,1,1,1,6,1,2,2,3,13
SF,IH2001,2020-01-17 09:33:36.800,3054.0000,9700,-1,669907860.000,1,0,1,双平,S,3053.4000,3053.2000,3053.0000,3052.8000,3052.0000,3054.4000,3054.6000,3054.8000,3055.0000,3055.2000,3,1,1,1,6,2,2,3,13,4
SF,IH2001,2020-01-17 09:33:37.300,3054.0000,9700,0,669907860.000,0,-,-,-,-,3053.6000,3053.4000,3053.2000,3053.0000,3052.8000,3054.4000,3054.6000,3054.8000,3055.0000,3055.2000,1,3,1,1,1,2,2,3,13,4
SF,IH2001,2020-01-17 09:33:37.800,3054.0000,9700,0,669907860.000,0,-,-,-,-,3053.6000,3053.4000,3053.2000,3053.0000,3052.0000,3054.2000,3054.4000,3054.6000,3054.8000,3055.0000,1,3,1,1,6,1,2,2,3,13
SF,IH2001,2020-01-17 09:33:38.300,3054.0000,9700,0,669907860.000,0,-,-,-,-,3053.4000,3053.2000,3053.0000,3052.0000,3051.8000,3054.2000,3054.4000,3054.6000,3054.8000,3055.0000,3,1,1,6,1,1,2,2,3,13
SF,IH2001,2020-01-17 09:33:38.800,3054.0000,9700,0,669907860.000,0,-,-,-,-,3053.4000,3053.2000,3053.0000,3052.0000,3051.2000,3054.0000,3054.2000,3054.4000,3054.6000,3054.8000,3,1,1,6,4,1,1,2,2,3
SF,IH2001,2020-01-17 09:33:39.300,3054.0000,9700,0,669907860.000,0,-,-,-,-,3053.4000,3053.2000,3053.0000,3052.0000,3051.2000,3053.8000,3054.0000,3054.2000,3054.4000,3054.6000,3,1,1,6,4,1,1,1,1,2
SF,IH2001,2020-01-17 09:33:39.800,3054.0000,9700,0,669907860.000,0,-,-,-,-,3053.4000,3053.2000,3053.0000,3052.0000,3051.2000,3053.8000,3054.2000,3054.4000,3054.6000,3054.8000,3,1,1,6,4,1,1,1,2,3
SF,IH2001,2020-01-17 09:33:40.300,3053.8000,9698,-2,671740020.000,2,0,2,双平,S,3053.4000,3053.2000,3053.0000,3052.0000,3051.2000,3054.2000,3054.4000,3054.6000,3054.8000,3055.0000,2,1,1,6,4,1,1,2,3,13
SF,IH2001,2020-01-17 09:33:40.800,3053.8000,9698,0,671740020.000,0,-,-,-,-,3053.4000,3053.2000,3053.0000,3052.0000,3051.2000,3054.0000,3054.2000,3054.4000,3054.6000,3054.8000,2,1,1,6,4,2,1,1,2,3
SF,IH2001,2020-01-17 09:33:41.300,3053.4000,9696,-2,673572060.000,2,0,2,双平,S,3053.2000,3053.0000,3052.0000,3051.2000,3051.0000,3053.4000,3054.0000,3054.2000,3054.4000,3054.6000,1,1,6,4,1,1,2,1,1,2
SF,IH2001,2020-01-17 09:33:41.800,3053.4000,9694,-2,675404100.000,2,0,2,双平,S,3053.4000,3053.2000,3053.0000,3052.2000,3052.0000,3054.2000,3054.4000,3054.6000,3054.8000,3055.0000,7,1,1,1,6,1,1,2,3,13
SF,IH2001,2020-01-17 09:33:42.300,3053.4000,9693,-1,676320120.000,1,0,1,双平,S,3053.4000,3053.2000,3053.0000,3052.2000,3052.0000,3054.0000,3054.2000,3054.4000,3054.6000,3054.8000,3,1,1,1,6,3,1,1,2,3
SF,IH2001,2020-01-17 09:33:42.800,3053.4000,9693,0,676320120.000,0,-,-,-,-,3053.4000,3053.2000,3053.0000,3052.2000,3052.0000,3054.0000,3054.4000,3054.6000,3054.8000,3055.0000,3,1,1,1,6,2,1,2,3,13
SF,IH2001,2020-01-17 09:33:43.300,3053.4000,9693,0,676320120.000,0,-,-,-,-,3053.4000,3053.2000,3053.0000,3052.2000,3052.0000,3054.0000,3054.4000,3054.6000,3054.8000,3055.0000,3,1,1,1,6,1,1,2,3,13
SF,IH2001,2020-01-17 09:33:43.800,3053.4000,9693,0,676320120.000,0,-,-,-,-,3053.4000,3053.2000,3053.0000,3052.2000,3052.0000,3053.8000,3054.0000,3054.4000,3054.6000,3054.8000,3,1,1,1,6,1,1,1,2,3
SF,IH2001,2020-01-17 09:33:44.300,3053.4000,9690,-3,679068240.000,3,0,3,双平,S,3053.4000,3053.2000,3053.0000,3052.2000,3052.0000,3053.8000,3054.0000,3054.4000,3054.6000,3054.8000,1,1,1,1,6,1,1,1,2,3
SF,IH2001,2020-01-17 09:33:44.800,3053.4000,9689,-1,679984260.000,1,0,1,双平,S,3053.2000,3053.0000,3052.2000,3052.0000,3051.2000,3053.4000,3053.8000,3054.0000,3054.4000,3054.6000,1,1,1,6,4,2,1,3,1,2
SF,IH2001,2020-01-17 09:33:45.300,3053.4000,9687,-2,681816300.000,2,0,2,双平,S,3053.2000,3053.0000,3052.2000,3052.0000,3051.2000,3053.8000,3054.0000,3054.4000,3054.6000,3054.8000,2,1,1,6,4,1,6,1,2,3
SF,IH2001,2020-01-17 09:33:45.800,3053.4000,9687,0,681816300.000,0,-,-,-,-,3053.2000,3053.0000,3052.2000,3052.0000,3051.2000,3053.6000,3053.8000,3054.0000,3054.4000,3054.6000,2,1,1,6,4,1,1,6,1,2
SF,IH2001,2020-01-17 09:33:46.300,3053.4000,9687,0,681816300.000,0,-,-,-,-,3053.2000,3053.0000,3052.2000,3052.0000,3051.2000,3053.6000,3053.8000,3054.0000,3054.4000,3054.6000,2,1,1,6,4,3,1,6,1,2
SF,IH2001,2020-01-17 09:33:46.800,3053.6000,9684,-3,684564540.000,3,0,3,双平,S,3053.6000,3053.4000,3053.2000,3053.0000,3052.2000,3054.0000,3054.4000,3054.6000,3054.8000,3055.0000,4,2,2,1,1,6,1,2,3,13
SF,IH2001,2020-01-17 09:33:47.300,3053.6000,9684,0,684564540.000,0,-,-,-,-,3053.6000,3053.4000,3053.2000,3053.0000,3052.2000,3053.8000,3054.0000,3054.4000,3054.6000,3054.8000,1,2,2,1,1,1,6,1,2,3
SF,IH2001,2020-01-17 09:33:47.800,3053.8000,9683,-1,685480680.000,1,0,1,双平,S,3053.8000,3053.6000,3053.4000,3053.2000,3053.0000,3054.0000,3054.4000,3054.6000,3054.8000,3055.0000,5,2,2,2,1,6,1,2,3,13
SF,IH2001,2020-01-17 09:33:48.300,3053.8000,9675,-8,692810220.000,8,0,8,双平,S,3053.8000,3053.6000,3053.4000,3053.2000,3053.0000,3054.4000,3054.6000,3054.8000,3055.0000,3055.2000,2,2,1,2,1,1,2,3,13,4
SF,IH2001,2020-01-17 09:33:48.800,3053.8000,9675,0,692810220.000,0,-,-,-,-,3053.8000,3053.6000,3053.4000,3053.2000,3053.0000,3054.4000,3054.6000,3054.8000,3055.0000,3055.2000,2,3,1,2,1,1,2,3,13,4
SF,IH2001,2020-01-17 09:33:49.800,3053.8000,9674,-1,693726360.000,1,0,1,双平,S,3053.8000,3053.6000,3053.4000,3053.2000,3053.0000,3054.4000,3054.6000,3054.8000,3055.0000,3055.2000,1,3,1,2,1,1,2,3,13,4
SF,IH2001,2020-01-17 09:33:50.300,3053.8000,9674,0,693726360.000,0,-,-,-,-,3053.6000,3053.4000,3053.2000,3053.0000,3052.2000,3054.4000,3054.6000,3054.8000,3055.0000,3055.2000,3,1,2,1,1,1,2,3,13,4
SF,IH2001,2020-01-17 09:33:50.800,3053.8000,9674,0,693726360.000,0,-,-,-,-,3053.6000,3053.4000,3053.2000,3053.0000,3052.2000,3054.2000,3054.4000,3054.6000,3054.8000,3055.0000,2,1,2,1,1,1,1,2,3,13
SF,IH2001,2020-01-17 09:33:51.300,3053.8000,9674,0,693726360.000,0,-,-,-,-,3053.6000,3053.4000,3053.2000,3053.0000,3052.0000,3054.0000,3054.2000,3054.4000,3054.6000,3054.8000,2,1,2,1,6,1,1,2,2,3
SF,IH2001,2020-01-17 09:33:51.800,3053.8000,9674,0,693726360.000,0,-,-,-,-,3053.6000,3053.4000,3053.2000,3053.0000,3052.0000,3054.0000,3054.4000,3054.6000,3054.8000,3055.0000,3,1,2,1,6,1,2,3,3,13
SF,IH2001,2020-01-17 09:33:52.300,3054.0000,9674,0,694642560.000,1,0,1,多换,S,3053.6000,3053.4000,3053.2000,3053.0000,3052.0000,3054.4000,3054.6000,3054.8000,3055.0000,3055.2000,3,1,2,1,6,2,3,3,13,4
SF,IH2001,2020-01-17 09:33:52.800,3054.0000,9674,0,694642560.000,0,-,-,-,-,3053.8000,3053.6000,3053.4000,3053.2000,3053.0000,3054.2000,3054.4000,3054.6000,3054.8000,3055.0000,1,2,1,2,1,1,2,3,3,13
SF,IH2001,2020-01-17 09:33:53.300,3054.0000,9672,-2,696474900.000,2,0,2,双平,S,3053.6000,3053.4000,3053.2000,3053.0000,3052.0000,3054.2000,3054.4000,3054.6000,3054.8000,3055.0000,2,1,2,1,6,1,2,3,3,13
SF,IH2001,2020-01-17 09:33:53.800,3053.6000,9671,-1,697390980.000,1,0,1,双平,S,3053.4000,3053.2000,3053.0000,3052.0000,3051.2000,3053.6000,3054.2000,3054.4000,3054.6000,3054.8000,1,2,1,6,4,1,1,2,3,3
SF,IH2001,2020-01-17 09:33:54.300,3053.6000,9670,-1,698307060.000,1,0,1,双平,S,3053.4000,3053.2000,3053.0000,3052.0000,3051.2000,3054.4000,3054.6000,3054.8000,3055.0000,3055.2000,1,2,1,6,4,2,3,3,13,4
SF,IH2001,2020-01-17 09:33:54.800,3053.6000,9670,0,698307060.000,0,-,-,-,-,3053.4000,3053.2000,3053.0000,3052.0000,3051.2000,3054.2000,3054.4000,3054.6000,3054.8000,3055.0000,1,2,1,6,4,2,2,3,4,13
SF,IH2001,2020-01-17 09:33:55.300,3053.6000,9670,0,698307060.000,0,-,-,-,-,3053.4000,3053.2000,3053.0000,3052.0000,3051.2000,3054.2000,3054.4000,3054.6000,3054.8000,3055.0000,1,2,1,6,4,2,2,3,4,13
SF,IH2001,2020-01-17 09:33:55.800,3053.6000,9670,0,698307060.000,0,-,-,-,-,3053.4000,3053.2000,3053.0000,3052.0000,3051.2000,3054.2000,3054.4000,3054.6000,3054.8000,3055.0000,1,2,1,6,4,1,2,3,4,13
SF,IH2001,2020-01-17 09:33:56.300,3053.6000,9670,0,698307060.000,0,-,-,-,-,3053.4000,3053.2000,3053.0000,3052.0000,3051.2000,3054.0000,3054.2000,3054.4000,3054.6000,3054.8000,1,2,1,6,4,1,1,2,3,4
SF,IH2001,2020-01-17 09:33:57.300,3053.6000,9670,0,698307060.000,0,-,-,-,-,3053.4000,3053.2000,3053.0000,3052.0000,3051.2000,3054.2000,3054.4000,3054.6000,3054.8000,3055.0000,1,2,1,6,4,1,2,3,4,13
SF,IH2001,2020-01-17 09:33:57.800,3053.6000,9670,0,698307060.000,0,-,-,-,-,3053.6000,3053.4000,3053.2000,3053.0000,3052.0000,3054.4000,3054.6000,3054.8000,3055.0000,3055.2000,1,1,2,1,6,2,3,4,13,4
SF,IH2001,2020-01-17 09:33:58.300,3053.6000,9670,0,698307060.000,0,-,-,-,-,3053.6000,3053.4000,3053.2000,3053.0000,3052.0000,3054.2000,3054.4000,3054.6000,3054.8000,3055.0000,1,1,2,1,6,4,2,3,4,13
SF,IH2001,2020-01-17 09:33:58.800,3053.6000,9670,0,698307060.000,0,-,-,-,-,3053.4000,3053.2000,3053.0000,3052.0000,3051.2000,3054.2000,3054.4000,3054.6000,3054.8000,3055.0000,1,2,1,6,4,4,2,3,4,13
SF,IH2001,2020-01-17 09:33:59.300,3054.0000,9669,-1,699223260.000,1,0,1,双平,S,3053.6000,3053.4000,3053.2000,3053.0000,3052.0000,3054.2000,3054.4000,3054.6000,3054.8000,3055.0000,1,1,2,1,6,4,2,3,4,13
SF,IH2001,2020-01-17 09:33:59.800,3054.0000,9669,0,699223260.000,0,-,-,-,-,3053.6000,3053.4000,3053.2000,3053.0000,3052.0000,3054.0000,3054.2000,3054.4000,3054.6000,3054.8000,1,1,2,1,6,1,4,2,3,4
SF,IH2001,2020-01-17 09:34:00.300,3054.0000,9669,0,699223260.000,0,-,-,-,-,3053.6000,3053.4000,3053.2000,3053.0000,3052.0000,3054.0000,3054.2000,3054.4000,3054.6000,3054.8000,1,1,2,1,6,2,4,2,3,4
SF,IH2001,2020-01-17 09:34:00.800,3054.0000,9668,-1,700139460.000,1,0,1,双平,S,3053.4000,3053.2000,3053.0000,3052.0000,3051.2000,3054.0000,3054.2000,3054.4000,3054.6000,3054.8000,1,2,1,6,4,1,4,2,3,4
SF,IH2001,2020-01-17 09:34:01.300,3054.0000,9668,0,700139460.000,0,-,-,-,-,3053.4000,3053.2000,3053.0000,3052.0000,3051.2000,3054.0000,3054.2000,3054.4000,3054.6000,3054.8000,1,2,1,6,4,2,3,1,3,4
SF,IH2001,2020-01-17 09:34:01.800,3054.0000,9668,0,700139460.000,0,-,-,-,-,3053.6000,3053.4000,3053.2000,3053.0000,3052.0000,3054.0000,3054.2000,3054.4000,3054.6000,3054.8000,1,1,2,1,6,3,3,1,3,4
SF,IH2001,2020-01-17 09:34:02.300,3054.0000,9668,0,700139460.000,0,-,-,-,-,3053.4000,3053.2000,3053.0000,3052.0000,3051.2000,3054.0000,3054.2000,3054.4000,3054.6000,3054.8000,1,2,1,6,4,3,3,1,3,3
SF,IH2001,2020-01-17 09:34:02.800,3053.8000,9668,0,701055600.000,1,0,1,多换,S,3053.6000,3053.4000,3053.2000,3053.0000,3052.0000,3054.0000,3054.2000,3054.4000,3054.6000,3054.8000,1,1,2,1,6,4,3,1,4,3
SF,IH2001,2020-01-17 09:34:03.300,3053.6000,9667,-1,701971680.000,1,0,1,双平,S,3053.4000,3053.2000,3053.0000,3052.0000,3051.2000,3053.6000,3053.8000,3054.0000,3054.2000,3054.4000,1,2,1,6,4,4,1,4,3,1
SF,IH2001,2020-01-17 09:34:03.800,3053.2000,9664,-3,704719620.000,3,0,3,双平,S,3053.0000,3052.0000,3051.2000,3051.0000,3049.2000,3053.2000,3053.4000,3053.6000,3053.8000,3054.0000,1,6,4,1,1,1,2,4,1,4
SF,IH2001,2020-01-17 09:34:04.300,3053.2000,9664,0,704719620.000,0,-,-,-,-,3053.2000,3053.0000,3052.0000,3051.2000,3051.0000,3053.4000,3053.6000,3053.8000,3054.0000,3054.2000,1,1,6,4,1,2,4,1,3,3
SF,IH2001,2020-01-17 09:34:04.800,3053.0000,9662,-2,706551480.000,2,0,2,双平,S,3052.0000,3051.2000,3051.0000,3049.2000,3046.2000,3053.0000,3053.2000,3053.4000,3053.6000,3053.8000,6,4,1,1,1,3,2,2,2,1
SF,IH2001,2020-01-17 09:34:05.300,3053.0000,9662,0,706551480.000,0,-,-,-,-,3052.2000,3052.0000,3051.2000,3051.0000,3049.2000,3052.8000,3053.0000,3053.2000,3053.4000,3053.6000,3,10,4,1,1,1,3,1,2,2
SF,IH2001,2020-01-17 09:34:05.800,3053.0000,9662,0,706551480.000,0,-,-,-,-,3052.2000,3052.0000,3051.2000,3051.0000,3049.2000,3052.8000,3053.0000,3053.2000,3053.4000,3053.6000,2,7,4,1,1,1,3,1,2,2
SF,IH2001,2020-01-17 09:34:06.300,3052.8000,9661,-1,707467320.000,1,0,1,双平,S,3052.4000,3052.2000,3052.0000,3051.2000,3051.0000,3053.0000,3053.2000,3053.4000,3053.6000,3054.0000,1,2,7,4,1,3,1,2,2,3
SF,IH2001,2020-01-17 09:34:06.800,3052.8000,9661,0,707467320.000,0,-,-,-,-,3052.4000,3052.2000,3052.0000,3051.2000,3051.0000,3053.0000,3053.2000,3053.4000,3053.6000,3054.0000,1,3,7,4,1,1,1,1,2,3
SF,IH2001,2020-01-17 09:34:07.300,3053.0000,9660,-1,708383220.000,1,0,1,双平,S,3052.2000,3052.0000,3051.2000,3051.0000,3049.2000,3053.2000,3053.4000,3053.6000,3054.0000,3054.2000,3,7,4,1,1,1,1,2,3,3
SF,IH2001,2020-01-17 09:34:07.800,3053.0000,9660,0,708383220.000,0,-,-,-,-,3052.2000,3052.0000,3051.2000,3051.0000,3049.6000,3052.8000,3053.0000,3053.4000,3053.6000,3054.0000,3,7,4,1,1,1,1,1,2,3
SF,IH2001,2020-01-17 09:34:08.300,3053.0000,9657,-3,711130800.000,3,0,3,双平,S,3052.8000,3052.4000,3052.2000,3052.0000,3051.2000,3053.4000,3053.6000,3054.0000,3054.2000,3054.4000,1,1,3,7,4,1,2,3,3,1
SF,IH2001,2020-01-17 09:34:08.800,3053.4000,9656,-1,712046820.000,1,0,1,双平,S,3053.0000,3052.8000,3052.4000,3052.2000,3052.0000,3054.0000,3054.2000,3054.4000,3054.6000,3054.8000,1,1,1,3,7,3,3,1,4,3
SF,IH2001,2020-01-17 09:34:09.300,3053.0000,9655,-1,712962720.000,1,0,1,双平,S,3053.0000,3052.8000,3052.4000,3052.2000,3052.0000,3054.0000,3054.2000,3054.4000,3054.6000,3054.8000,1,1,1,3,7,3,3,1,4,3
SF,IH2001,2020-01-17 09:34:09.800,3054.0000,9654,-1,713878920.000,1,0,1,双平,S,3053.0000,3052.8000,3052.2000,3052.0000,3051.2000,3054.0000,3054.2000,3054.4000,3054.6000,3054.8000,1,1,3,7,4,2,3,1,4,3
SF,IH2001,2020-01-17 09:34:10.300,3054.0000,9654,0,713878920.000,0,-,-,-,-,3053.4000,3053.0000,3052.8000,3052.2000,3052.0000,3053.8000,3054.0000,3054.2000,3054.4000,3054.6000,1,1,1,3,7,1,2,3,1,4
SF,IH2001,2020-01-17 09:34:10.800,3053.8000,9653,-1,714795060.000,1,0,1,双平,S,3053.8000,3053.6000,3053.4000,3053.0000,3052.8000,3054.0000,3054.2000,3054.4000,3054.6000,3054.8000,1,2,1,1,1,2,3,1,4,3
SF,IH2001,2020-01-17 09:34:11.300,3053.8000,9653,0,714795060.000,0,-,-,-,-,3053.6000,3053.4000,3053.0000,3052.8000,3052.2000,3053.8000,3054.0000,3054.2000,3054.4000,3054.6000,1,1,1,1,1,1,2,3,1,4
SF,IH2001,2020-01-17 09:34:11.800,3053.6000,9652,-1,715711140.000,1,0,1,双平,S,3053.8000,3053.4000,3053.2000,3052.8000,3052.2000,3054.0000,3054.2000,3054.4000,3054.6000,3054.8000,1,1,1,1,1,2,3,1,4,3
SF,IH2001,2020-01-17 09:34:12.300,3053.6000,9652,0,715711140.000,0,-,-,-,-,3053.4000,3053.2000,3052.8000,3052.2000,3052.0000,3054.0000,3054.2000,3054.4000,3054.6000,3054.8000,1,1,1,1,7,2,3,1,4,3
SF,IH2001,2020-01-17 09:34:13.300,3053.6000,9652,0,715711140.000,0,-,-,-,-,3053.6000,3053.4000,3053.2000,3052.8000,3052.2000,3054.0000,3054.2000,3054.4000,3054.6000,3054.8000,1,1,1,1,1,2,3,1,3,3
SF,IH2001,2020-01-17 09:34:13.800,3053.6000,9652,0,715711140.000,0,-,-,-,-,3053.6000,3053.4000,3053.2000,3052.8000,3052.2000,3054.0000,3054.2000,3054.4000,3054.6000,3054.8000,2,1,1,1,1,2,3,2,3,3
SF,IH2001,2020-01-17 09:34:14.300,3053.6000,9652,0,715711140.000,0,-,-,-,-,3053.6000,3053.4000,3053.2000,3052.8000,3052.2000,3054.0000,3054.2000,3054.4000,3054.6000,3054.8000,1,1,2,1,1,2,4,2,3,3
SF,IH2001,2020-01-17 09:34:14.800,3053.6000,9651,-1,716627220.000,1,0,1,双平,S,3053.4000,3053.2000,3052.8000,3052.2000,3052.0000,3053.8000,3054.0000,3054.2000,3054.4000,3054.6000,1,2,1,1,7,1,2,4,2,3
SF,IH2001,2020-01-17 09:34:15.300,3053.6000,9651,0,716627220.000,0,-,-,-,-,3053.4000,3053.2000,3052.8000,3052.2000,3052.0000,3054.0000,3054.2000,3054.4000,3054.6000,3054.8000,1,2,1,1,7,2,4,2,3,3
SF,IH2001,2020-01-17 09:34:15.800,3053.6000,9650,-1,717543300.000,1,0,1,双平,S,3053.4000,3053.2000,3052.8000,3052.2000,3052.0000,3054.0000,3054.2000,3054.4000,3054.6000,3054.8000,1,2,1,1,7,3,4,2,3,3
SF,IH2001,2020-01-17 09:34:16.300,3053.6000,9650,0,717543300.000,0,-,-,-,-,3053.4000,3053.2000,3052.8000,3052.2000,3052.0000,3054.0000,3054.2000,3054.4000,3054.6000,3054.8000,2,2,1,1,7,4,4,2,3,3
SF,IH2001,2020-01-17 09:34:16.800,3053.6000,9650,0,717543300.000,0,-,-,-,-,3053.6000,3053.4000,3053.2000,3052.8000,3052.2000,3054.0000,3054.2000,3054.4000,3054.6000,3054.8000,1,2,2,1,1,4,4,2,3,3
SF,IH2001,2020-01-17 09:34:18.800,3053.6000,9650,0,717543300.000,0,-,-,-,-,3053.4000,3053.2000,3052.8000,3052.2000,3052.0000,3054.0000,3054.2000,3054.4000,3054.6000,3054.8000,3,2,1,1,7,4,4,2,3,3
SF,IH2001,2020-01-17 09:34:19.300,3053.6000,9650,0,717543300.000,0,-,-,-,-,3053.8000,3053.4000,3053.2000,3052.8000,3052.2000,3054.0000,3054.2000,3054.4000,3054.6000,3054.8000,1,3,2,1,1,4,4,2,3,3
SF,IH2001,2020-01-17 09:34:19.800,3054.2000,9642,-8,724873140.000,8,0,8,双平,S,3054.0000,3053.8000,3053.6000,3053.4000,3053.2000,3054.4000,3054.6000,3054.8000,3055.0000,3055.2000,3,1,1,3,2,2,3,3,13,4
SF,IH2001,2020-01-17 09:34:20.300,3054.2000,9642,0,724873140.000,0,-,-,-,-,3054.0000,3053.8000,3053.6000,3053.4000,3053.2000,3054.4000,3054.6000,3054.8000,3055.0000,3055.2000,1,1,1,3,2,2,3,3,13,4
SF,IH2001,2020-01-17 09:34:21.300,3054.4000,9638,-4,728538480.000,4,0,4,双平,S,3054.4000,3054.0000,3053.8000,3053.6000,3053.4000,3054.6000,3054.8000,3055.0000,3055.2000,3055.4000,1,1,1,1,3,2,3,13,4,3
SF,IH2001,2020-01-17 09:34:21.800,3054.8000,9635,-3,731287680.000,3,0,3,双平,S,3054.6000,3054.4000,3054.0000,3053.8000,3053.6000,3054.8000,3055.0000,3055.2000,3055.4000,3055.6000,5,10,1,1,1,2,13,4,3,4
SF,IH2001,2020-01-17 09:34:22.300,3054.8000,9633,-2,733120560.000,2,0,2,双平,S,3054.8000,3054.6000,3054.4000,3054.0000,3053.8000,3055.0000,3055.2000,3055.4000,3055.6000,3055.8000,4,3,10,1,1,13,4,3,4,1
SF,IH2001,2020-01-17 09:34:22.800,3054.8000,9630,-3,735870000.000,3,0,3,双平,S,3054.8000,3054.6000,3054.4000,3054.0000,3053.8000,3055.0000,3055.2000,3055.4000,3055.6000,3055.8000,4,3,9,1,1,10,4,3,2,1
SF,IH2001,2020-01-17 09:34:23.300,3054.8000,9630,0,735870000.000,0,-,-,-,-,3054.8000,3054.6000,3054.4000,3054.0000,3053.8000,3055.0000,3055.2000,3055.4000,3055.6000,3055.8000,4,3,9,1,1,10,4,3,2,1
SF,IH2001,2020-01-17 09:34:23.800,3055.0000,9627,-3,738619500.000,3,0,3,双平,S,3054.8000,3054.6000,3054.4000,3054.0000,3053.8000,3055.0000,3055.2000,3055.4000,3055.6000,3055.8000,4,3,9,1,1,10,4,3,2,1
SF,IH2001,2020-01-17 09:34:24.300,3055.0000,9621,-6,744118380.000,6,0,6,双平,S,3054.8000,3054.6000,3054.4000,3054.0000,3053.8000,3055.0000,3055.2000,3055.4000,3055.6000,3055.8000,3,3,9,1,2,6,4,3,2,1
SF,IH2001,2020-01-17 09:34:24.800,3055.0000,9614,-7,750533880.000,7,0,7,双平,S,3054.8000,3054.6000,3054.4000,3054.0000,3053.8000,3055.0000,3055.2000,3055.4000,3055.6000,3055.8000,3,3,9,1,2,3,4,2,2,1
