市场代码,合约代码,时间,最新,持仓,增仓,成交额,成交量,开仓,平仓,成交类型,方向,买一价,买二价,买三价,买四价,买五价,卖一价,卖二价,卖三价,卖四价,卖五价,买一量,买二量,买三量,买四量,买五量,卖一量,卖二量,卖三量,卖四量,卖五量
SF,IH2011,2020-10-14 09:29:00.200,3366.8000,7912,0,7070280.000,7.000,-,-,-,-,3365.6000,3363.6000,3361.6000,3361.0000,3360.0000,3367.0000,3373.2000,3377.0000,3377.6000,3384.4000,1,1,1,1,1,1,1,1,1,1
SF,IH2011,2020-10-14 09:30:00.200,3363.8000,7912,0,12116400.000,5,2,3,多换,S,3361.6000,3361.0000,3360.0000,3357.6000,3356.2000,3363.8000,3364.0000,3364.4000,3365.2000,3365.4000,1,1,1,1,1,1,6,8,6,4
SF,IH2011,2020-10-14 09:30:00.700,3361.8000,7910,-2,14133480.000,2,0,2,双平,S,3361.8000,3361.0000,3360.0000,3354.8000,3352.6000,3362.6000,3362.8000,3363.4000,3363.6000,3363.8000,1,1,1,1,3,1,1,6,4,2
SF,IH2011,2020-10-14 09:30:01.200,3361.0000,7906,-4,19175940.000,5,0,5,多平,S,3360.0000,3354.8000,3352.2000,3352.0000,3351.2000,3360.4000,3362.6000,3362.8000,3363.4000,3363.6000,1,1,2,6,6,3,1,3,1,3
SF,IH2011,2020-10-14 09:30:01.700,3360.4000,7903,-3,22200540.000,3,0,3,双平,S,3360.2000,3360.0000,3354.8000,3352.2000,3352.0000,3363.4000,3363.6000,3363.8000,3364.0000,3364.4000,1,1,1,2,6,1,3,1,6,3
SF,IH2011,2020-10-14 09:30:02.200,3360.4000,7903,0,22200540.000,0,-,-,-,-,3360.4000,3360.2000,3360.0000,3354.8000,3352.2000,3361.8000,3362.4000,3362.8000,3363.0000,3363.2000,3,2,1,1,2,4,1,1,7,5
SF,IH2011,2020-10-14 09:30:02.700,3360.4000,7900,-3,27241440.000,5,1,4,多平,S,3360.4000,3360.2000,3360.0000,3354.8000,3352.2000,3361.4000,3361.6000,3361.8000,3362.4000,3362.8000,2,1,1,1,2,5,3,1,1,1
SF,IH2011,2020-10-14 09:30:03.200,3360.0000,7897,-3,32281740.000,5,1,4,多平,S,3354.8000,3352.2000,3352.0000,3351.2000,3350.4000,3360.0000,3360.2000,3360.4000,3360.8000,3361.0000,1,2,5,6,6,1,2,1,1,1
SF,IH2011,2020-10-14 09:30:03.700,3360.0000,7895,-2,34297740.000,2,0,2,双平,S,3356.0000,3355.8000,3355.4000,3355.2000,3355.0000,3357.4000,3359.6000,3359.8000,3360.0000,3360.2000,1,1,1,5,4,1,5,3,3,2
SF,IH2011,2020-10-14 09:30:04.200,3356.8000,7893,-2,36312000.000,2,0,2,双平,S,3357.2000,3356.4000,3356.2000,3355.8000,3355.4000,3359.6000,3359.8000,3360.0000,3360.8000,3361.0000,1,2,6,1,1,3,2,2,1,1
SF,IH2011,2020-10-14 09:30:04.700,3356.8000,7893,0,36312000.000,0,-,-,-,-,3357.4000,3357.2000,3356.2000,3355.8000,3355.4000,3358.2000,3359.4000,3359.6000,3359.8000,3360.0000,1,1,3,1,1,1,2,3,2,2
SF,IH2011,2020-10-14 09:30:05.200,3359.4000,7890,-3,39335100.000,3,0,3,双平,S,3357.6000,3357.4000,3357.2000,3356.2000,3355.8000,3358.2000,3359.6000,3359.8000,3360.8000,3361.0000,2,1,1,2,1,1,1,1,1,1
SF,IH2011,2020-10-14 09:30:05.700,3358.4000,7889,-1,40342620.000,1,0,1,双平,S,3357.8000,3357.6000,3356.2000,3355.8000,3355.4000,3358.4000,3359.6000,3360.8000,3361.0000,3362.0000,1,1,2,1,1,1,1,1,1,1
SF,IH2011,2020-10-14 09:30:06.200,3358.4000,7887,-2,42357660.000,2,0,2,双平,S,3358.4000,3357.8000,3356.2000,3355.8000,3355.4000,3359.6000,3360.8000,3361.0000,3362.0000,3362.4000,1,1,1,1,1,1,1,1,1,1
SF,IH2011,2020-10-14 09:30:06.700,3358.4000,7887,0,42357660.000,0,-,-,-,-,3358.4000,3356.2000,3355.8000,3355.4000,3352.0000,3358.6000,3359.2000,3359.4000,3359.6000,3360.8000,1,1,1,1,5,1,2,5,1,1
SF,IH2011,2020-10-14 09:30:07.200,3358.4000,7886,-1,43365180.000,1,0,1,双平,S,3356.2000,3355.8000,3355.4000,3352.0000,3351.2000,3358.2000,3358.4000,3358.6000,3359.2000,3359.4000,1,1,1,5,6,1,1,1,2,4
SF,IH2011,2020-10-14 09:30:07.700,3358.2000,7885,-1,44372640.000,1,0,1,双平,S,3357.2000,3356.4000,3356.2000,3355.8000,3355.4000,3358.0000,3358.4000,3358.6000,3359.2000,3359.4000,1,2,1,1,1,1,1,1,2,3
SF,IH2011,2020-10-14 09:30:08.200,3358.4000,7884,-1,45380160.000,1,0,1,双平,S,3358.0000,3357.4000,3357.2000,3356.6000,3356.2000,3358.6000,3359.2000,3359.4000,3360.8000,3361.0000,1,1,1,3,1,1,2,3,1,1
SF,IH2011,2020-10-14 09:30:08.700,3359.2000,7884,0,48402900.000,3,1,2,多换,S,3357.4000,3357.2000,3356.2000,3355.8000,3355.4000,3359.2000,3359.4000,3360.8000,3361.0000,3362.4000,1,1,1,1,1,1,3,1,1,1
SF,IH2011,2020-10-14 09:30:09.200,3359.2000,7884,0,48402900.000,0,-,-,-,-,3357.4000,3356.2000,3355.8000,3355.4000,3352.0000,3358.6000,3358.8000,3359.0000,3359.2000,3359.4000,1,1,1,1,5,1,2,4,1,1
SF,IH2011,2020-10-14 09:30:09.700,3359.2000,7884,0,48402900.000,0,-,-,-,-,3355.8000,3355.4000,3352.0000,3351.2000,3350.4000,3358.2000,3358.4000,3358.6000,3359.0000,3359.4000,1,1,5,6,4,2,3,1,1,1
SF,IH2011,2020-10-14 09:30:10.200,3356.0000,7883,-1,49409700.000,1,0,1,双平,S,3355.4000,3352.0000,3351.2000,3350.4000,3350.2000,3358.0000,3358.2000,3358.4000,3358.6000,3359.0000,2,5,6,4,4,2,2,1,1,1
SF,IH2011,2020-10-14 09:30:10.700,3356.0000,7883,0,49409700.000,0,-,-,-,-,3356.6000,3355.6000,3355.4000,3352.0000,3351.2000,3357.6000,3357.8000,3358.0000,3358.4000,3358.6000,1,2,3,5,6,1,4,2,1,1
SF,IH2011,2020-10-14 09:30:11.200,3357.8000,7880,-3,52431600.000,3,0,3,双平,S,3357.0000,3356.6000,3355.6000,3355.4000,3355.0000,3357.8000,3358.0000,3358.4000,3358.8000,3359.0000,3,1,2,1,1,2,1,1,1,1
SF,IH2011,2020-10-14 09:30:11.700,3357.8000,7880,0,53438940.000,1,0,1,多换,S,3356.6000,3355.6000,3355.4000,3355.0000,3352.0000,3357.8000,3358.4000,3358.8000,3359.4000,3360.8000,1,2,1,1,5,2,1,1,1,1
SF,IH2011,2020-10-14 09:30:12.200,3357.8000,7879,-1,54446280.000,1,0,1,双平,S,3357.8000,3356.8000,3355.6000,3355.4000,3355.2000,3358.4000,3358.8000,3359.4000,3360.8000,3361.0000,1,1,1,1,1,1,1,1,1,1
SF,IH2011,2020-10-14 09:30:12.700,3358.0000,7879,0,56461020.000,2,1,1,多换,S,3356.8000,3355.6000,3355.4000,3355.2000,3355.0000,3358.0000,3358.4000,3358.8000,3359.4000,3360.8000,1,1,1,1,1,1,2,2,1,1
SF,IH2011,2020-10-14 09:30:13.200,3358.0000,7878,-1,57468420.000,1,0,1,双平,S,3356.8000,3355.6000,3355.4000,3355.2000,3355.0000,3358.4000,3358.8000,3359.4000,3360.8000,3361.0000,1,1,1,1,1,2,2,1,1,1
SF,IH2011,2020-10-14 09:30:13.700,3358.0000,7878,0,57468420.000,0,-,-,-,-,3356.8000,3355.6000,3355.4000,3355.2000,3355.0000,3358.2000,3358.4000,3358.8000,3359.4000,3360.8000,1,1,1,1,1,1,2,2,1,1
SF,IH2011,2020-10-14 09:30:14.200,3358.0000,7878,0,57468420.000,0,-,-,-,-,3356.8000,3355.6000,3355.4000,3355.2000,3355.0000,3358.4000,3358.8000,3359.4000,3360.8000,3361.0000,1,1,1,1,1,1,1,1,1,1
SF,IH2011,2020-10-14 09:30:14.700,3358.0000,7878,0,57468420.000,0,-,-,-,-,3357.2000,3356.8000,3355.6000,3355.4000,3355.2000,3358.2000,3358.4000,3358.8000,3359.4000,3360.8000,3,1,1,1,2,1,1,1,1,1
SF,IH2011,2020-10-14 09:30:15.200,3358.0000,7878,0,57468420.000,0,-,-,-,-,3357.4000,3356.6000,3355.6000,3355.4000,3355.2000,3358.4000,3358.8000,3359.4000,3360.8000,3361.0000,1,1,1,1,2,1,1,1,1,1
SF,IH2011,2020-10-14 09:30:15.700,3358.0000,7878,0,57468420.000,0,-,-,-,-,3357.4000,3356.6000,3355.6000,3355.4000,3355.2000,3358.4000,3359.4000,3360.8000,3361.0000,3363.0000,1,1,1,1,2,1,1,1,1,1
SF,IH2011,2020-10-14 09:30:16.200,3358.0000,7878,0,57468420.000,0,-,-,-,-,3357.4000,3356.6000,3355.6000,3355.4000,3355.2000,3358.4000,3359.4000,3360.8000,3361.0000,3363.0000,1,1,1,1,2,1,1,1,1,1
SF,IH2011,2020-10-14 09:30:16.700,3358.0000,7878,0,57468420.000,0,-,-,-,-,3357.4000,3356.6000,3355.6000,3355.4000,3355.2000,3358.4000,3359.4000,3360.8000,3361.0000,3363.0000,1,1,1,1,2,1,1,1,1,1
SF,IH2011,2020-10-14 09:30:17.200,3358.4000,7878,0,58475940.000,1,0,1,多换,S,3358.4000,3357.4000,3356.6000,3355.6000,3355.4000,3361.0000,3363.0000,3363.4000,3365.6000,3366.8000,1,1,1,1,1,1,1,1,2,5
SF,IH2011,2020-10-14 09:30:17.700,3358.4000,7876,-2,60490980.000,2,0,2,双平,S,3356.6000,3355.6000,3355.4000,3355.2000,3355.0000,3359.6000,3360.0000,3360.6000,3360.8000,3361.0000,1,1,1,2,1,2,1,3,3,2
SF,IH2011,2020-10-14 09:30:18.200,3358.4000,7876,0,60490980.000,0,-,-,-,-,3356.8000,3356.6000,3355.6000,3355.4000,3355.2000,3358.8000,3359.2000,3359.4000,3360.0000,3360.6000,1,1,1,1,2,1,1,3,1,2
SF,IH2011,2020-10-14 09:30:18.700,3358.4000,7876,0,60490980.000,0,-,-,-,-,3357.0000,3356.8000,3356.6000,3355.6000,3355.4000,3358.4000,3358.6000,3358.8000,3359.4000,3360.0000,2,1,1,1,1,1,2,1,2,1
SF,IH2011,2020-10-14 09:30:19.200,3358.4000,7876,0,60490980.000,0,-,-,-,-,3357.2000,3357.0000,3356.6000,3355.6000,3355.4000,3358.2000,3358.4000,3358.8000,3359.4000,3360.0000,1,1,1,1,1,1,2,1,2,1
SF,IH2011,2020-10-14 09:30:19.700,3358.4000,7876,0,60490980.000,0,-,-,-,-,3357.2000,3356.6000,3355.6000,3355.4000,3355.2000,3358.2000,3358.4000,3358.8000,3359.4000,3360.0000,1,1,1,1,2,1,2,1,2,1
SF,IH2011,2020-10-14 09:30:20.200,3358.4000,7881,5,66536100.000,6,5,1,空开,S,3357.2000,3356.6000,3355.6000,3355.4000,3355.2000,3358.2000,3358.4000,3358.8000,3359.4000,3360.0000,1,1,1,1,2,1,2,1,1,1
SF,IH2011,2020-10-14 09:30:20.700,3358.4000,7881,0,66536100.000,0,-,-,-,-,3357.4000,3357.2000,3356.6000,3355.6000,3355.4000,3358.4000,3358.8000,3359.4000,3360.0000,3360.6000,1,1,1,1,1,1,1,1,1,2
SF,IH2011,2020-10-14 09:30:21.200,3358.2000,7880,-1,67543560.000,1,0,1,双平,S,3357.4000,3357.2000,3356.6000,3355.6000,3355.4000,3358.2000,3358.4000,3358.8000,3359.4000,3360.0000,1,1,1,1,1,1,1,1,1,1
SF,IH2011,2020-10-14 09:30:21.700,3357.6000,7879,-1,68550840.000,1,0,1,双平,S,3356.6000,3355.6000,3355.4000,3355.2000,3355.0000,3358.4000,3358.8000,3359.4000,3360.0000,3360.6000,1,1,1,2,1,1,1,1,1,2
SF,IH2011,2020-10-14 09:30:22.200,3358.4000,7880,1,71573100.000,3,2,1,空开,S,3358.4000,3358.2000,3356.8000,3356.6000,3355.6000,3358.8000,3359.4000,3360.0000,3360.6000,3360.8000,7,1,2,1,1,1,1,1,2,1
SF,IH2011,2020-10-14 09:30:22.700,3358.4000,7880,0,78625740.000,7,3,4,多换,S,3358.2000,3356.8000,3356.6000,3355.6000,3355.4000,3358.6000,3358.8000,3359.4000,3360.0000,3360.6000,1,1,1,1,1,1,1,1,1,2
SF,IH2011,2020-10-14 09:30:23.200,3358.6000,7881,1,86685960.000,8,4,4,空开,S,3358.6000,3356.8000,3356.6000,3355.6000,3355.4000,3358.8000,3359.4000,3360.0000,3360.6000,3360.8000,3,2,1,1,1,1,1,1,2,1
SF,IH2011,2020-10-14 09:30:23.700,3358.6000,7883,2,90716340.000,4,3,1,空开,S,3356.8000,3356.6000,3355.6000,3355.4000,3355.2000,3359.4000,3360.0000,3360.6000,3360.8000,3363.0000,2,1,1,1,2,1,1,2,1,1
SF,IH2011,2020-10-14 09:30:24.200,3358.6000,7883,0,90716340.000,0,-,-,-,-,3356.8000,3356.6000,3355.6000,3355.4000,3355.2000,3359.0000,3359.2000,3359.4000,3360.0000,3360.6000,2,1,1,1,2,1,1,1,1,2
SF,IH2011,2020-10-14 09:30:24.700,3358.6000,7883,0,90716340.000,0,-,-,-,-,3356.8000,3356.6000,3355.6000,3355.4000,3355.2000,3358.8000,3359.0000,3359.4000,3360.0000,3360.6000,2,1,1,1,2,1,1,1,1,2
SF,IH2011,2020-10-14 09:30:25.200,3359.0000,7885,2,93739380.000,3,2,1,空开,S,3358.8000,3357.0000,3356.8000,3356.6000,3355.6000,3359.4000,3360.0000,3360.6000,3360.8000,3363.0000,3,2,2,1,1,1,1,2,1,1
SF,IH2011,2020-10-14 09:30:25.700,3358.8000,7886,1,97770120.000,4,2,2,空开,S,3357.0000,3356.8000,3356.6000,3355.6000,3355.4000,3359.4000,3359.8000,3360.0000,3360.6000,3360.8000,1,2,1,1,1,1,1,1,2,1
SF,IH2011,2020-10-14 09:30:26.200,3358.8000,7886,0,97770120.000,0,-,-,-,-,3357.2000,3357.0000,3356.8000,3356.6000,3355.6000,3359.4000,3359.8000,3360.0000,3360.6000,3360.8000,3,1,2,1,1,1,1,1,2,1
SF,IH2011,2020-10-14 09:30:26.700,3358.8000,7886,0,97770120.000,0,-,-,-,-,3357.8000,3357.6000,3357.4000,3357.2000,3357.0000,3359.4000,3360.0000,3360.6000,3360.8000,3363.0000,1,6,1,3,1,1,1,2,1,1
SF,IH2011,2020-10-14 09:30:27.200,3359.4000,7886,0,99785760.000,2,1,1,多换,S,3358.0000,3357.8000,3357.6000,3357.2000,3357.0000,3360.0000,3360.6000,3360.8000,3363.0000,3363.4000,3,1,3,2,1,1,1,1,1,1
SF,IH2011,2020-10-14 09:30:27.700,3359.4000,7886,0,99785760.000,0,-,-,-,-,3358.4000,3358.0000,3357.2000,3357.0000,3356.8000,3359.8000,3360.0000,3360.6000,3360.8000,3363.0000,1,3,2,1,1,1,1,1,1,1
SF,IH2011,2020-10-14 09:30:28.200,3359.8000,7885,-1,100793700.000,1,0,1,双平,S,3358.8000,3358.6000,3358.4000,3358.0000,3357.2000,3360.0000,3360.6000,3363.0000,3363.4000,3365.6000,1,2,1,1,2,1,1,1,1,1
SF,IH2011,2020-10-14 09:30:28.700,3360.0000,7884,-1,101801700.000,1,0,1,双平,S,3359.2000,3359.0000,3358.8000,3358.0000,3357.2000,3360.6000,3363.0000,3363.4000,3365.6000,3366.8000,1,2,1,1,2,1,1,1,1,5
SF,IH2011,2020-10-14 09:30:29.200,3360.0000,7884,0,101801700.000,0,-,-,-,-,3359.4000,3359.2000,3358.8000,3358.0000,3357.2000,3360.6000,3363.0000,3363.4000,3365.6000,3366.8000,1,1,1,1,2,1,1,1,1,5
SF,IH2011,2020-10-14 09:30:29.700,3360.0000,7884,0,101801700.000,0,-,-,-,-,3359.4000,3359.2000,3358.8000,3358.0000,3357.2000,3360.4000,3360.6000,3360.8000,3363.0000,3363.4000,1,1,1,1,2,1,1,1,1,1
SF,IH2011,2020-10-14 09:30:30.200,3360.6000,7886,2,106841820.000,5,3,2,空开,S,3360.6000,3360.4000,3358.8000,3357.2000,3356.8000,3360.8000,3363.0000,3363.4000,3365.6000,3366.8000,2,1,1,2,1,1,1,1,1,5
SF,IH2011,2020-10-14 09:30:30.700,3360.6000,7878,-8,117931680.000,11,1,10,多平,S,3360.6000,3358.8000,3357.2000,3356.6000,3356.0000,3360.8000,3363.0000,3363.4000,3365.6000,3366.8000,3,1,2,1,10,3,1,1,1,5
SF,IH2011,2020-10-14 09:30:31.200,3360.6000,7875,-3,120956220.000,3,0,3,双平,S,3358.8000,3357.2000,3356.6000,3356.0000,3355.4000,3360.8000,3361.0000,3363.0000,3363.4000,3365.6000,1,2,1,10,1,1,1,1,1,1
SF,IH2011,2020-10-14 09:30:31.700,3360.6000,7875,0,120956220.000,0,-,-,-,-,3359.0000,3357.2000,3356.6000,3356.0000,3355.4000,3360.6000,3360.8000,3361.0000,3363.0000,3363.4000,3,2,1,10,1,1,1,1,1,1
SF,IH2011,2020-10-14 09:30:32.200,3360.6000,7874,-1,121964400.000,1,0,1,双平,S,3359.4000,3359.0000,3357.2000,3356.6000,3356.0000,3360.8000,3361.0000,3363.0000,3363.4000,3365.6000,1,3,2,1,10,1,1,1,1,1
SF,IH2011,2020-10-14 09:30:32.700,3360.6000,7874,0,121964400.000,0,-,-,-,-,3359.6000,3359.0000,3357.2000,3356.6000,3356.0000,3360.8000,3361.0000,3363.0000,3363.4000,3365.6000,1,1,2,1,10,1,1,1,1,1
SF,IH2011,2020-10-14 09:30:33.200,3359.8000,7874,0,123980280.000,2,1,1,多换,S,3359.6000,3359.0000,3357.2000,3356.6000,3356.0000,3360.8000,3361.0000,3363.0000,3363.4000,3365.6000,2,1,2,1,10,1,1,1,1,1
SF,IH2011,2020-10-14 09:30:35.200,3360.8000,7874,0,124988520.000,1,0,1,多换,S,3359.6000,3359.0000,3357.2000,3356.6000,3356.0000,3361.0000,3363.0000,3363.4000,3365.6000,3366.8000,2,1,2,1,10,1,1,1,1,5
SF,IH2011,2020-10-14 09:30:35.700,3360.8000,7874,0,124988520.000,0,-,-,-,-,3359.6000,3359.0000,3357.2000,3356.6000,3356.0000,3361.0000,3361.2000,3363.0000,3363.4000,3365.6000,2,1,2,1,10,1,1,1,1,1
SF,IH2011,2020-10-14 09:30:36.200,3361.0000,7874,0,125996820.000,1,0,1,多换,S,3359.6000,3359.0000,3357.2000,3356.6000,3356.0000,3361.2000,3363.0000,3363.4000,3365.6000,3366.8000,2,1,2,1,10,1,1,1,1,5
SF,IH2011,2020-10-14 09:30:36.700,3361.0000,7874,0,125996820.000,0,-,-,-,-,3359.6000,3357.2000,3356.6000,3356.0000,3355.4000,3361.0000,3361.2000,3363.0000,3363.4000,3365.6000,2,2,1,10,1,2,1,1,1,1
SF,IH2011,2020-10-14 09:30:37.200,3361.0000,7874,0,125996820.000,0,-,-,-,-,3359.6000,3357.2000,3356.6000,3356.0000,3355.4000,3361.0000,3361.2000,3363.0000,3363.4000,3365.6000,2,2,1,11,1,2,1,1,1,1
SF,IH2011,2020-10-14 09:30:38.200,3361.0000,7874,0,125996820.000,0,-,-,-,-,3360.8000,3359.6000,3357.2000,3356.6000,3356.0000,3361.0000,3361.2000,3363.0000,3363.4000,3365.6000,1,2,2,1,11,2,1,1,1,1
SF,IH2011,2020-10-14 09:30:38.700,3359.6000,7871,-3,129020820.000,3,0,3,双平,S,3357.2000,3356.6000,3356.0000,3355.4000,3355.2000,3358.4000,3359.6000,3360.6000,3360.8000,3361.0000,2,1,11,1,1,3,1,2,2,2
SF,IH2011,2020-10-14 09:30:39.200,3357.4000,7868,-3,135065160.000,6,1,5,多平,S,3357.8000,3357.4000,3357.2000,3356.6000,3356.0000,3361.0000,3361.2000,3363.0000,3363.4000,3365.6000,2,2,3,1,11,2,1,1,1,1
SF,IH2011,2020-10-14 09:30:39.700,3357.4000,7868,0,135065160.000,0,-,-,-,-,3358.0000,3357.8000,3357.4000,3357.2000,3356.6000,3361.0000,3361.2000,3363.0000,3363.4000,3365.6000,3,2,1,3,1,2,1,1,1,1
SF,IH2011,2020-10-14 09:30:40.200,3357.4000,7868,0,135065160.000,0,-,-,-,-,3358.6000,3358.4000,3358.0000,3357.8000,3357.4000,3360.6000,3361.0000,3361.2000,3363.0000,3363.4000,1,2,3,1,1,2,2,1,1,1
SF,IH2011,2020-10-14 09:30:40.700,3357.4000,7868,0,135065160.000,0,-,-,-,-,3358.8000,3358.6000,3358.4000,3358.0000,3357.8000,3360.4000,3360.6000,3361.2000,3363.0000,3363.4000,2,1,2,2,1,1,2,1,1,1
SF,IH2011,2020-10-14 09:30:41.200,3360.4000,7868,0,136073280.000,1,0,1,多换,S,3358.8000,3358.6000,3358.4000,3357.8000,3357.4000,3360.6000,3361.2000,3363.0000,3363.4000,3365.6000,2,1,2,1,1,2,1,1,1,1
SF,IH2011,2020-10-14 09:30:41.700,3360.6000,7868,0,137081460.000,1,0,1,多换,S,3360.2000,3358.8000,3358.6000,3358.4000,3357.8000,3360.6000,3361.2000,3363.0000,3363.4000,3365.6000,7,2,1,2,1,1,1,1,1,1
SF,IH2011,2020-10-14 09:30:42.200,3360.2000,7870,2,144137880.000,7,4,3,空开,S,3358.8000,3358.4000,3357.8000,3357.4000,3357.2000,3361.2000,3363.0000,3363.4000,3365.6000,3366.8000,2,1,1,2,3,1,1,1,1,5
SF,IH2011,2020-10-14 09:30:42.700,3360.2000,7870,0,144137880.000,0,-,-,-,-,3359.0000,3358.8000,3358.4000,3357.8000,3357.4000,3361.0000,3361.2000,3363.0000,3363.4000,3365.6000,1,2,1,1,1,1,1,1,1,1
SF,IH2011,2020-10-14 09:30:43.200,3360.2000,7870,0,144137880.000,0,-,-,-,-,3359.2000,3359.0000,3358.8000,3358.6000,3358.4000,3361.0000,3361.2000,3363.0000,3363.4000,3365.6000,2,1,1,1,1,1,1,1,1,1
SF,IH2011,2020-10-14 09:30:43.700,3360.2000,7870,0,144137880.000,0,-,-,-,-,3359.4000,3359.2000,3359.0000,3358.6000,3358.4000,3361.0000,3361.2000,3363.0000,3363.4000,3365.6000,1,2,1,1,1,1,1,1,1,1
SF,IH2011,2020-10-14 09:30:44.200,3360.2000,7870,0,144137880.000,0,-,-,-,-,3359.6000,3359.4000,3359.0000,3358.4000,3357.8000,3361.2000,3363.0000,3363.4000,3365.6000,3366.8000,1,2,1,1,1,1,1,1,1,5
SF,IH2011,2020-10-14 09:30:44.700,3359.6000,7870,0,145145760.000,1,0,1,多换,S,3359.8000,3359.4000,3359.0000,3358.4000,3357.8000,3361.0000,3361.2000,3363.0000,3363.4000,3365.6000,1,1,1,1,1,1,1,1,1,1
SF,IH2011,2020-10-14 09:30:45.200,3359.8000,7869,-1,146153700.000,1,0,1,双平,S,3359.4000,3358.4000,3357.8000,3357.4000,3357.2000,3361.0000,3361.2000,3363.0000,3363.4000,3365.6000,1,1,1,1,3,1,1,1,1,1
SF,IH2011,2020-10-14 09:30:45.700,3359.4000,7868,-1,148169340.000,2,0,2,多平,S,3358.4000,3357.4000,3357.2000,3356.6000,3356.0000,3359.4000,3360.2000,3360.8000,3361.0000,3361.2000,1,1,2,1,11,1,2,1,1,1
SF,IH2011,2020-10-14 09:30:46.200,3359.4000,7868,0,148169340.000,0,-,-,-,-,3358.6000,3357.2000,3356.6000,3356.0000,3355.4000,3359.4000,3360.8000,3361.0000,3361.2000,3363.0000,1,1,1,11,1,1,2,1,2,1
SF,IH2011,2020-10-14 09:30:46.700,3359.4000,7868,0,148169340.000,0,-,-,-,-,3357.2000,3356.6000,3356.0000,3355.4000,3355.2000,3358.6000,3359.4000,3360.8000,3361.0000,3361.2000,1,1,11,1,1,2,1,2,1,2
SF,IH2011,2020-10-14 09:30:47.200,3359.4000,7869,1,151192320.000,3,2,1,空开,S,3359.4000,3357.4000,3356.8000,3356.6000,3356.0000,3360.8000,3361.0000,3361.2000,3363.0000,3363.4000,1,3,1,1,11,2,1,2,1,1
SF,IH2011,2020-10-14 09:30:47.700,3359.4000,7869,0,152200140.000,1,0,1,多换,S,3357.4000,3356.6000,3356.0000,3355.4000,3355.2000,3359.6000,3360.2000,3360.6000,3360.8000,3361.0000,2,1,11,1,1,2,1,2,2,1
SF,IH2011,2020-10-14 09:30:48.200,3359.4000,7869,0,152200140.000,0,-,-,-,-,3358.4000,3357.4000,3356.6000,3356.0000,3355.4000,3359.4000,3360.2000,3360.6000,3360.8000,3361.2000,1,1,1,11,1,4,1,1,2,1
SF,IH2011,2020-10-14 09:30:48.700,3358.4000,7869,0,153207660.000,1,0,1,多换,S,3357.4000,3356.6000,3356.0000,3355.4000,3355.2000,3359.4000,3360.2000,3360.6000,3360.8000,3361.2000,1,1,11,1,1,6,1,1,2,1
SF,IH2011,2020-10-14 09:30:49.200,3358.4000,7869,0,153207660.000,0,-,-,-,-,3357.6000,3357.4000,3356.6000,3356.0000,3355.4000,3359.4000,3360.2000,3360.6000,3360.8000,3361.2000,1,1,1,10,1,6,1,1,2,1
SF,IH2011,2020-10-14 09:30:49.700,3357.8000,7869,0,154215000.000,1,0,1,多换,S,3356.6000,3356.0000,3355.4000,3355.2000,3355.0000,3359.4000,3360.2000,3360.6000,3360.8000,3361.2000,1,10,1,1,2,5,1,1,2,1
SF,IH2011,2020-10-14 09:30:50.200,3357.8000,7869,0,154215000.000,0,-,-,-,-,3357.0000,3356.8000,3356.6000,3356.0000,3355.4000,3359.2000,3359.4000,3360.2000,3360.6000,3360.8000,3,3,2,10,1,2,5,1,1,1
SF,IH2011,2020-10-14 09:30:50.700,3357.8000,7869,0,154215000.000,0,-,-,-,-,3357.2000,3356.8000,3356.6000,3356.0000,3355.4000,3359.0000,3359.2000,3359.4000,3360.2000,3360.6000,1,2,2,10,1,3,3,3,1,1
SF,IH2011,2020-10-14 09:30:51.200,3357.8000,7869,0,154215000.000,0,-,-,-,-,3356.8000,3356.6000,3356.0000,3355.4000,3355.2000,3359.0000,3359.2000,3359.4000,3360.2000,3360.6000,2,2,10,1,1,3,4,3,1,1
SF,IH2011,2020-10-14 09:30:51.700,3356.6000,7869,0,157236060.000,3,1,2,多换,S,3356.0000,3355.4000,3355.2000,3355.0000,3353.6000,3356.8000,3358.6000,3358.8000,3359.0000,3359.2000,10,1,1,2,1,2,1,7,4,2
SF,IH2011,2020-10-14 09:30:52.200,3356.8000,7866,-3,161264220.000,4,0,4,多平,S,3356.2000,3356.0000,3355.2000,3355.0000,3353.6000,3358.6000,3358.8000,3359.0000,3359.2000,3359.4000,1,10,1,2,1,1,4,4,2,3
SF,IH2011,2020-10-14 09:30:52.700,3356.8000,7866,0,161264220.000,0,-,-,-,-,3356.4000,3356.0000,3355.2000,3355.0000,3353.6000,3358.4000,3358.6000,3358.8000,3359.0000,3359.2000,1,10,1,2,1,4,1,2,2,2
SF,IH2011,2020-10-14 09:30:53.200,3356.4000,7864,-2,163278120.000,2,0,2,双平,S,3356.0000,3355.2000,3355.0000,3353.6000,3352.2000,3358.2000,3358.4000,3358.6000,3358.8000,3359.0000,10,1,2,1,1,1,4,1,1,2
SF,IH2011,2020-10-14 09:30:53.700,3356.4000,7864,0,163278120.000,0,-,-,-,-,3356.6000,3356.2000,3356.0000,3355.2000,3355.0000,3358.0000,3358.4000,3358.6000,3359.0000,3359.2000,2,1,10,1,2,3,1,1,2,2
SF,IH2011,2020-10-14 09:30:54.200,3356.4000,7862,-2,165291960.000,2,0,2,双平,S,3356.0000,3355.2000,3355.0000,3353.6000,3352.2000,3357.4000,3357.6000,3357.8000,3358.0000,3358.4000,10,1,2,1,1,3,3,2,3,1
SF,IH2011,2020-10-14 09:30:54.700,3356.0000,7863,1,167305560.000,2,1,1,空开,S,3356.0000,3355.2000,3355.0000,3353.6000,3352.2000,3357.0000,3357.2000,3357.6000,3357.8000,3358.4000,8,1,2,1,1,1,4,3,1,1
SF,IH2011,2020-10-14 09:30:55.200,3356.8000,7860,-3,181402020.000,14,5,9,多平,S,3355.2000,3355.0000,3353.6000,3352.2000,3352.0000,3356.8000,3357.0000,3357.8000,3358.4000,3359.0000,1,2,1,1,6,4,1,1,1,2
SF,IH2011,2020-10-14 09:30:55.700,3355.2000,7859,-1,182408580.000,1,0,1,双平,S,3355.0000,3353.6000,3352.2000,3352.0000,3351.2000,3355.2000,3356.4000,3356.6000,3356.8000,3357.0000,2,1,1,6,4,1,3,2,4,1
SF,IH2011,2020-10-14 09:30:56.200,3355.2000,7858,-1,183415140.000,1,0,1,双平,S,3355.2000,3355.0000,3353.6000,3352.2000,3352.0000,3356.6000,3356.8000,3357.0000,3357.8000,3358.4000,1,2,1,1,6,2,3,1,1,1
SF,IH2011,2020-10-14 09:30:56.700,3355.2000,7857,-1,184421700.000,1,0,1,双平,S,3355.0000,3353.6000,3352.2000,3352.0000,3351.2000,3355.2000,3356.4000,3356.6000,3357.0000,3357.8000,2,1,1,6,4,1,5,2,1,1
SF,IH2011,2020-10-14 09:30:57.200,3355.2000,7855,-2,186434760.000,2,0,2,双平,S,3355.0000,3353.6000,3352.2000,3352.0000,3351.2000,3356.4000,3356.6000,3357.0000,3357.8000,3358.4000,1,1,1,6,4,4,2,1,1,1
SF,IH2011,2020-10-14 09:30:57.700,3355.0000,7854,-1,187441260.000,1,0,1,双平,S,3353.6000,3352.2000,3352.0000,3351.2000,3350.4000,3356.2000,3356.4000,3356.6000,3357.0000,3357.8000,1,1,6,4,4,1,4,2,1,1
SF,IH2011,2020-10-14 09:30:58.200,3356.0000,7853,-1,188448060.000,1,0,1,双平,S,3353.8000,3353.6000,3352.2000,3352.0000,3351.2000,3356.0000,3356.4000,3356.6000,3357.0000,3357.8000,1,2,1,6,4,2,1,1,1,1
SF,IH2011,2020-10-14 09:30:58.700,3356.0000,7852,-1,190461660.000,2,0,2,多平,S,3353.8000,3353.6000,3352.2000,3352.0000,3351.2000,3356.0000,3356.4000,3356.6000,3357.0000,3357.8000,1,2,1,6,4,2,1,1,1,1
SF,IH2011,2020-10-14 09:30:59.200,3356.0000,7850,-2,192475260.000,2,0,2,双平,S,3353.8000,3353.6000,3352.2000,3352.0000,3351.2000,3356.0000,3356.4000,3356.6000,3357.0000,3357.8000,1,2,1,6,4,1,1,1,1,1
SF,IH2011,2020-10-14 09:30:59.700,3356.0000,7849,-1,193482060.000,1,0,1,双平,S,3356.0000,3354.8000,3354.2000,3354.0000,3353.8000,3356.4000,3356.6000,3357.0000,3357.8000,3358.4000,1,1,6,1,1,1,1,1,1,1
SF,IH2011,2020-10-14 09:31:00.200,3356.0000,7843,-6,200530200.000,7,0,7,多平,S,3356.2000,3354.0000,3353.8000,3353.6000,3352.2000,3356.6000,3357.0000,3357.8000,3358.4000,3359.2000,1,1,1,1,1,2,1,1,1,1
SF,IH2011,2020-10-14 09:31:00.700,3356.2000,7843,0,201537060.000,1,0,1,多换,S,3356.4000,3354.0000,3353.8000,3353.6000,3352.2000,3356.6000,3357.0000,3357.8000,3360.6000,3361.2000,12,1,1,1,1,2,1,1,1,1
SF,IH2011,2020-10-14 09:31:01.200,3356.4000,7842,-1,205564860.000,4,1,3,多平,S,3356.4000,3354.0000,3353.8000,3353.6000,3352.2000,3357.8000,3360.6000,3361.2000,3363.0000,3365.6000,10,1,1,1,1,1,1,1,5,1
SF,IH2011,2020-10-14 09:31:01.700,3356.4000,7842,0,205564860.000,0,-,-,-,-,3356.6000,3356.4000,3354.0000,3353.6000,3352.2000,3357.6000,3357.8000,3360.6000,3361.2000,3363.0000,1,10,1,1,1,1,2,1,1,5
SF,IH2011,2020-10-14 09:31:02.200,3356.4000,7842,0,205564860.000,0,-,-,-,-,3356.6000,3356.4000,3354.0000,3353.6000,3352.2000,3357.8000,3360.6000,3361.2000,3363.0000,3365.6000,1,10,1,1,1,2,1,1,5,1
SF,IH2011,2020-10-14 09:31:02.700,3356.4000,7842,0,205564860.000,0,-,-,-,-,3356.6000,3356.4000,3353.6000,3352.2000,3352.0000,3357.6000,3357.8000,3360.6000,3361.2000,3363.0000,1,10,1,1,6,1,1,1,1,5
SF,IH2011,2020-10-14 09:31:03.200,3356.6000,7841,-1,206571840.000,1,0,1,双平,S,3356.8000,3356.4000,3353.6000,3352.2000,3352.0000,3357.6000,3357.8000,3360.6000,3361.2000,3363.0000,1,10,1,1,6,1,1,1,1,5
SF,IH2011,2020-10-14 09:31:03.700,3356.8000,7841,0,207578880.000,1,0,1,多换,S,3356.4000,3353.6000,3352.2000,3352.0000,3351.2000,3357.2000,3357.6000,3357.8000,3360.6000,3361.2000,10,1,1,6,4,1,1,1,1,1
SF,IH2011,2020-10-14 09:31:04.200,3357.8000,7841,0,208586220.000,1,0,1,多换,S,3356.6000,3356.4000,3353.6000,3352.2000,3352.0000,3360.6000,3361.2000,3363.0000,3365.6000,3367.0000,2,10,1,1,6,1,1,5,1,1
SF,IH2011,2020-10-14 09:31:04.700,3357.8000,7841,0,208586220.000,0,-,-,-,-,3357.6000,3356.8000,3356.6000,3356.4000,3353.6000,3359.6000,3360.0000,3360.2000,3360.4000,3360.6000,1,5,1,10,1,2,1,4,5,2
SF,IH2011,2020-10-14 09:31:05.200,3357.8000,7841,0,208586220.000,0,-,-,-,-,3357.8000,3357.6000,3356.8000,3356.4000,3353.6000,3359.4000,3359.6000,3360.0000,3360.2000,3360.6000,1,1,5,10,1,4,4,1,1,1
SF,IH2011,2020-10-14 09:31:05.700,3357.8000,7841,0,208586220.000,0,-,-,-,-,3357.6000,3356.8000,3353.6000,3352.2000,3352.0000,3358.8000,3359.2000,3359.4000,3359.6000,3360.0000,1,2,1,1,6,3,1,4,4,1
SF,IH2011,2020-10-14 09:31:06.200,3357.8000,7840,-1,209593560.000,1,0,1,双平,S,3357.8000,3357.6000,3356.8000,3353.6000,3352.2000,3358.6000,3358.8000,3359.2000,3359.4000,3359.6000,1,1,2,1,1,1,3,1,3,4
SF,IH2011,2020-10-14 09:31:06.700,3358.6000,7839,-1,216645780.000,7,3,4,多平,S,3358.8000,3356.8000,3353.6000,3352.2000,3352.0000,3359.2000,3359.4000,3359.6000,3360.0000,3360.2000,5,2,1,1,6,1,3,4,1,1
SF,IH2011,2020-10-14 09:31:07.200,3358.6000,7839,0,221683680.000,5,2,3,多换,S,3356.8000,3356.4000,3353.6000,3352.2000,3352.0000,3357.6000,3359.0000,3359.2000,3359.4000,3359.6000,2,1,1,1,6,6,1,1,3,1
SF,IH2011,2020-10-14 09:31:07.700,3357.6000,7833,-6,227727360.000,6,0,6,双平,S,3357.0000,3353.6000,3352.2000,3352.0000,3351.2000,3357.6000,3357.8000,3358.6000,3359.0000,3359.2000,2,2,1,6,4,1,1,1,1,1
SF,IH2011,2020-10-14 09:31:08.200,3357.6000,7833,0,227727360.000,0,-,-,-,-,3357.0000,3353.6000,3352.2000,3352.0000,3351.2000,3357.6000,3357.8000,3358.6000,3359.0000,3359.4000,2,2,1,6,4,1,1,1,1,1
SF,IH2011,2020-10-14 09:31:08.700,3357.6000,7832,-1,228734640.000,1,0,1,双平,S,3357.0000,3353.6000,3352.2000,3352.0000,3351.2000,3357.8000,3358.6000,3359.0000,3359.4000,3360.0000,2,2,1,6,4,1,1,1,1,1
SF,IH2011,2020-10-14 09:31:09.200,3357.6000,7832,0,228734640.000,0,-,-,-,-,3357.2000,3357.0000,3353.6000,3352.2000,3352.0000,3357.8000,3358.6000,3359.0000,3359.4000,3360.0000,1,1,2,1,6,1,1,1,1,1
SF,IH2011,2020-10-14 09:31:10.200,3357.2000,7832,0,229741800.000,1,0,1,多换,S,3357.0000,3353.6000,3352.2000,3352.0000,3351.2000,3357.2000,3357.8000,3358.6000,3359.0000,3360.0000,1,2,1,6,4,2,1,1,1,1
SF,IH2011,2020-10-14 09:31:10.700,3357.0000,7831,-1,230748900.000,1,0,1,双平,S,3355.0000,3353.6000,3352.2000,3352.0000,3351.2000,3357.0000,3357.2000,3357.6000,3357.8000,3358.6000,5,2,1,6,4,2,1,1,1,1
SF,IH2011,2020-10-14 09:31:11.200,3357.0000,7831,0,230748900.000,0,-,-,-,-,3355.2000,3355.0000,3353.6000,3352.2000,3352.0000,3356.8000,3357.0000,3357.2000,3357.8000,3358.4000,2,5,2,1,6,2,2,1,1,1
SF,IH2011,2020-10-14 09:31:11.700,3355.2000,7830,-1,231755460.000,1,0,1,双平,S,3355.2000,3355.0000,3353.6000,3352.2000,3352.0000,3356.8000,3357.0000,3357.2000,3357.8000,3358.4000,1,5,2,1,6,3,1,1,1,1
SF,IH2011,2020-10-14 09:31:12.200,3356.6000,7830,0,233769420.000,2,1,1,多换,S,3356.6000,3355.6000,3355.0000,3353.6000,3352.2000,3356.8000,3357.0000,3357.2000,3357.8000,3358.4000,7,5,5,2,1,2,1,1,1,1
SF,IH2011,2020-10-14 09:31:12.700,3355.6000,7830,0,242831640.000,9,4,5,多换,S,3355.6000,3355.0000,3353.6000,3352.2000,3352.0000,3356.2000,3356.4000,3356.6000,3356.8000,3357.0000,8,5,2,1,6,3,1,3,2,1
SF,IH2011,2020-10-14 09:31:13.200,3355.6000,7830,0,242831640.000,0,-,-,-,-,3355.6000,3355.0000,3353.6000,3352.2000,3352.0000,3356.2000,3356.4000,3356.6000,3356.8000,3357.0000,8,5,2,1,6,3,1,3,1,1
SF,IH2011,2020-10-14 09:31:13.700,3355.6000,7830,0,243838320.000,1,0,1,多换,S,3355.6000,3355.0000,3353.6000,3352.2000,3352.0000,3356.2000,3356.4000,3356.6000,3356.8000,3357.0000,7,5,2,1,6,3,1,3,1,1
SF,IH2011,2020-10-14 09:31:14.200,3356.0000,7830,0,244845120.000,1,0,1,多换,S,3355.6000,3355.0000,3353.8000,3353.6000,3352.2000,3356.0000,3356.2000,3356.6000,3357.0000,3357.2000,7,5,1,2,1,1,3,3,1,1
SF,IH2011,2020-10-14 09:31:14.700,3356.2000,7828,-2,246858780.000,2,0,2,双平,S,3355.6000,3355.0000,3353.8000,3353.6000,3352.2000,3355.8000,3356.2000,3356.4000,3356.6000,3357.0000,7,5,1,2,1,1,3,1,2,1
SF,IH2011,2020-10-14 09:31:15.200,3356.0000,7827,-1,248872380.000,2,0,2,多平,S,3355.6000,3355.0000,3353.8000,3353.6000,3352.2000,3356.2000,3356.4000,3356.6000,3357.0000,3357.2000,7,5,1,2,1,3,1,2,1,1
SF,IH2011,2020-10-14 09:31:15.700,3356.0000,7827,0,248872380.000,0,-,-,-,-,3355.8000,3355.6000,3355.0000,3353.8000,3353.6000,3356.2000,3356.4000,3356.6000,3357.0000,3357.2000,1,7,5,1,2,3,1,2,1,1
SF,IH2011,2020-10-14 09:31:16.200,3355.6000,7827,0,250885800.000,2,1,1,多换,S,3355.6000,3355.0000,3353.8000,3353.6000,3352.2000,3356.2000,3356.4000,3356.6000,3357.0000,3357.2000,6,5,1,2,1,4,1,2,1,1
SF,IH2011,2020-10-14 09:31:16.700,3355.6000,7827,0,250885800.000,0,-,-,-,-,3355.6000,3355.0000,3353.8000,3353.6000,3352.2000,3356.0000,3356.2000,3356.4000,3356.6000,3357.0000,6,5,1,2,1,1,6,1,2,1
SF,IH2011,2020-10-14 09:31:17.200,3355.6000,7827,0,255919200.000,5,2,3,多换,S,3355.6000,3355.0000,3353.8000,3353.6000,3352.2000,3356.0000,3356.2000,3356.4000,3356.6000,3357.0000,1,5,1,2,1,1,6,1,2,1
SF,IH2011,2020-10-14 09:31:17.700,3355.6000,7827,0,256925880.000,1,0,1,多换,S,3355.0000,3353.8000,3353.6000,3352.2000,3352.0000,3355.6000,3355.8000,3356.0000,3356.2000,3356.4000,5,1,2,1,6,1,1,1,6,2
SF,IH2011,2020-10-14 09:31:18.200,3355.0000,7827,0,258938880.000,2,1,1,多换,S,3355.0000,3353.8000,3353.6000,3352.2000,3352.0000,3355.4000,3355.8000,3356.2000,3356.4000,3356.6000,3,1,2,1,6,1,2,5,2,1
SF,IH2011,2020-10-14 09:31:18.700,3355.0000,7827,0,259945380.000,1,0,1,多换,S,3355.0000,3353.8000,3353.6000,3352.2000,3352.0000,3355.4000,3355.8000,3356.2000,3356.4000,3356.6000,2,1,2,1,6,1,2,3,2,1
SF,IH2011,2020-10-14 09:31:19.200,3355.0000,7827,0,262964880.000,3,1,2,多换,S,3353.8000,3353.6000,3352.2000,3352.0000,3351.2000,3355.0000,3355.4000,3355.8000,3356.2000,3356.4000,1,2,1,6,4,1,1,2,3,2
SF,IH2011,2020-10-14 09:31:19.700,3355.0000,7827,0,262964880.000,0,-,-,-,-,3354.0000,3353.8000,3353.6000,3352.2000,3352.0000,3355.4000,3355.8000,3356.2000,3356.4000,3356.6000,3,1,2,1,6,1,1,3,1,1
SF,IH2011,2020-10-14 09:31:20.200,3355.0000,7827,0,262964880.000,0,-,-,-,-,3354.0000,3353.8000,3353.6000,3352.2000,3352.0000,3355.4000,3355.8000,3356.2000,3356.4000,3356.6000,3,1,2,1,6,2,1,2,1,1
SF,IH2011,2020-10-14 09:31:21.200,3355.4000,7825,-2,264978120.000,2,0,2,双平,S,3354.0000,3353.8000,3353.6000,3352.2000,3352.0000,3355.8000,3356.2000,3356.4000,3356.6000,3357.0000,3,1,2,1,6,1,2,1,1,1
SF,IH2011,2020-10-14 09:31:21.700,3355.4000,7825,0,264978120.000,0,-,-,-,-,3354.0000,3353.8000,3353.6000,3352.2000,3352.0000,3355.6000,3355.8000,3356.2000,3356.4000,3356.6000,3,1,2,1,6,1,1,2,1,1
SF,IH2011,2020-10-14 09:31:22.200,3355.8000,7825,0,265984860.000,1,0,1,多换,S,3355.8000,3354.2000,3354.0000,3353.8000,3353.6000,3356.2000,3356.4000,3356.6000,3357.0000,3357.2000,4,1,3,1,2,2,1,1,1,1
SF,IH2011,2020-10-14 09:31:22.700,3355.8000,7825,0,270011820.000,4,2,2,多换,S,3354.2000,3354.0000,3353.8000,3353.6000,3352.2000,3355.8000,3356.0000,3356.2000,3356.6000,3357.0000,1,1,1,2,1,2,1,3,1,1
SF,IH2011,2020-10-14 09:31:23.200,3355.8000,7825,0,270011820.000,0,-,-,-,-,3354.4000,3354.2000,3353.8000,3353.6000,3352.2000,3355.6000,3355.8000,3356.2000,3356.6000,3357.0000,1,1,1,2,1,1,2,3,1,1
SF,IH2011,2020-10-14 09:31:23.700,3356.2000,7826,1,275045640.000,5,3,2,空开,S,3354.4000,3354.2000,3353.8000,3353.6000,3352.2000,3356.2000,3356.6000,3357.0000,3357.2000,3357.8000,1,1,1,2,1,1,1,1,1,1
SF,IH2011,2020-10-14 09:31:24.200,3356.0000,7825,-1,276052440.000,1,0,1,双平,S,3354.4000,3354.2000,3353.8000,3353.6000,3352.2000,3356.2000,3356.6000,3357.0000,3357.2000,3357.8000,1,1,1,2,1,4,1,1,1,1
SF,IH2011,2020-10-14 09:31:24.700,3356.0000,7825,0,276052440.000,0,-,-,-,-,3354.4000,3354.2000,3353.8000,3353.6000,3352.2000,3356.0000,3356.2000,3356.6000,3357.0000,3357.2000,1,1,1,2,1,4,4,2,1,1
SF,IH2011,2020-10-14 09:31:25.200,3354.4000,7824,-1,277058760.000,1,0,1,双平,S,3353.8000,3353.6000,3352.2000,3352.0000,3351.2000,3355.2000,3355.8000,3356.0000,3356.2000,3356.6000,1,2,1,6,4,1,1,3,3,2
SF,IH2011,2020-10-14 09:31:25.700,3354.0000,7823,-1,278064960.000,1,0,1,双平,S,3353.8000,3353.6000,3353.4000,3352.2000,3352.0000,3356.0000,3356.2000,3356.6000,3357.0000,3357.2000,1,2,1,1,6,4,2,2,1,1
SF,IH2011,2020-10-14 09:31:26.200,3354.0000,7823,0,278064960.000,0,-,-,-,-,3354.0000,3353.8000,3353.6000,3353.4000,3352.2000,3355.6000,3355.8000,3356.0000,3356.2000,3356.6000,1,1,2,2,1,1,1,4,2,2
SF,IH2011,2020-10-14 09:31:26.700,3354.0000,7823,0,278064960.000,0,-,-,-,-,3354.0000,3353.8000,3353.6000,3353.4000,3352.2000,3355.4000,3356.0000,3356.2000,3356.6000,3357.0000,1,1,2,2,1,5,2,2,1,1
SF,IH2011,2020-10-14 09:31:27.200,3354.0000,7823,0,278064960.000,0,-,-,-,-,3354.0000,3353.8000,3353.6000,3353.4000,3352.2000,3355.2000,3355.4000,3356.0000,3356.2000,3356.6000,1,1,2,2,1,1,4,2,2,1
SF,IH2011,2020-10-14 09:31:27.700,3355.2000,7822,-1,279071520.000,1,0,1,双平,S,3354.0000,3353.8000,3353.6000,3353.4000,3352.2000,3354.8000,3355.4000,3356.0000,3356.2000,3356.6000,1,1,2,2,1,1,3,2,2,1
SF,IH2011,2020-10-14 09:31:28.200,3354.2000,7821,-1,281084220.000,2,0,2,多平,S,3354.0000,3353.8000,3353.6000,3353.4000,3352.2000,3355.4000,3356.0000,3356.2000,3356.6000,3357.0000,1,1,2,1,1,3,3,1,1,1
SF,IH2011,2020-10-14 09:31:28.700,3354.2000,7821,0,281084220.000,0,-,-,-,-,3354.0000,3353.8000,3353.6000,3353.4000,3353.2000,3355.4000,3356.0000,3356.2000,3356.6000,3357.0000,1,1,2,1,1,2,3,1,1,1
SF,IH2011,2020-10-14 09:31:29.200,3355.4000,7820,-1,283097460.000,2,0,2,多平,S,3355.4000,3354.0000,3353.8000,3353.6000,3353.4000,3356.0000,3356.2000,3356.6000,3357.0000,3357.8000,1,1,1,2,1,3,1,1,1,1
SF,IH2011,2020-10-14 09:31:29.700,3355.4000,7820,0,284104080.000,1,0,1,多换,S,3354.0000,3353.8000,3353.6000,3353.4000,3353.2000,3355.4000,3356.0000,3356.2000,3356.6000,3357.0000,3,1,2,1,1,1,2,1,1,1
SF,IH2011,2020-10-14 09:31:30.200,3354.6000,7820,0,286117080.000,2,1,1,多换,S,3354.6000,3354.2000,3354.0000,3353.8000,3353.6000,3356.0000,3356.2000,3356.6000,3357.8000,3360.6000,1,4,3,1,2,1,1,1,1,1
SF,IH2011,2020-10-14 09:31:30.700,3356.2000,7819,-1,288130740.000,2,0,2,多平,S,3354.8000,3354.6000,3354.2000,3354.0000,3353.8000,3356.6000,3357.8000,3360.6000,3363.0000,3365.6000,2,1,4,2,1,1,1,1,5,1
SF,IH2011,2020-10-14 09:31:31.200,3356.2000,7819,0,288130740.000,0,-,-,-,-,3355.0000,3354.8000,3354.6000,3354.2000,3354.0000,3357.8000,3360.6000,3363.0000,3365.6000,3368.6000,1,2,1,3,2,1,1,5,1,1
SF,IH2011,2020-10-14 09:31:31.700,3355.0000,7818,-1,289137240.000,1,0,1,双平,S,3355.4000,3355.2000,3354.6000,3354.2000,3354.0000,3357.4000,3357.6000,3357.8000,3360.6000,3363.0000,2,1,2,1,3,3,3,2,1,5
SF,IH2011,2020-10-14 09:31:32.200,3355.4000,7818,0,290143860.000,1,0,1,多换,S,3356.6000,3355.4000,3354.6000,3354.2000,3354.0000,3357.2000,3357.4000,3357.8000,3360.6000,3363.0000,1,5,2,1,3,3,2,2,1,5
SF,IH2011,2020-10-14 09:31:32.700,3356.6000,7818,0,291150840.000,1,0,1,多换,S,3355.8000,3355.4000,3354.6000,3354.2000,3354.0000,3356.6000,3356.8000,3357.0000,3357.2000,3357.8000,5,5,2,1,3,2,1,5,4,1
SF,IH2011,2020-10-14 09:31:33.200,3355.8000,7818,0,292157580.000,1,0,1,多换,S,3355.8000,3355.4000,3354.6000,3354.2000,3354.0000,3356.6000,3356.8000,3357.0000,3357.2000,3357.8000,4,3,2,1,3,1,1,2,4,1
SF,IH2011,2020-10-14 09:31:33.700,3355.8000,7818,0,292157580.000,0,-,-,-,-,3355.8000,3355.4000,3354.6000,3354.2000,3354.0000,3356.4000,3356.6000,3356.8000,3357.0000,3357.2000,4,3,2,1,3,1,1,1,2,3
SF,IH2011,2020-10-14 09:31:34.200,3355.8000,7818,0,292157580.000,0,-,-,-,-,3355.8000,3355.4000,3354.6000,3354.2000,3354.0000,3356.4000,3356.6000,3356.8000,3357.2000,3357.8000,4,3,2,1,3,1,1,1,3,1
SF,IH2011,2020-10-14 09:31:34.700,3357.2000,7818,0,293164740.000,1,0,1,多换,S,3356.4000,3355.8000,3355.4000,3354.6000,3354.2000,3357.2000,3357.8000,3358.2000,3360.6000,3363.0000,1,5,3,2,1,1,1,1,1,5
SF,IH2011,2020-10-14 09:31:35.200,3356.4000,7817,-1,294171660.000,1,0,1,双平,S,3355.8000,3355.4000,3355.0000,3354.6000,3354.2000,3357.2000,3357.8000,3358.2000,3360.6000,3363.0000,5,3,1,2,1,1,1,1,1,5
SF,IH2011,2020-10-14 09:31:35.700,3356.4000,7817,0,294171660.000,0,-,-,-,-,3356.0000,3355.8000,3355.4000,3355.0000,3354.6000,3357.0000,3357.2000,3357.8000,3358.2000,3360.6000,3,5,3,1,2,1,1,1,1,1
SF,IH2011,2020-10-14 09:31:36.200,3356.4000,7817,0,294171660.000,0,-,-,-,-,3356.0000,3355.8000,3355.4000,3355.0000,3354.6000,3357.2000,3357.8000,3358.2000,3360.6000,3363.0000,3,5,3,1,2,1,1,1,1,5
SF,IH2011,2020-10-14 09:31:36.700,3356.4000,7817,0,294171660.000,0,-,-,-,-,3356.0000,3355.8000,3355.4000,3355.0000,3354.6000,3357.2000,3357.8000,3358.2000,3360.6000,3363.0000,3,5,3,1,2,1,1,1,1,5
SF,IH2011,2020-10-14 09:31:37.200,3357.0000,7816,-1,295178760.000,1,0,1,双平,S,3356.0000,3355.8000,3355.4000,3355.0000,3354.8000,3357.2000,3357.4000,3357.8000,3358.2000,3360.6000,3,6,3,1,1,1,1,1,1,1
SF,IH2011,2020-10-14 09:31:37.700,3357.0000,7816,0,295178760.000,0,-,-,-,-,3356.0000,3355.8000,3355.4000,3355.0000,3354.8000,3357.2000,3357.4000,3357.8000,3358.2000,3359.4000,3,6,3,1,1,1,1,1,1,1
SF,IH2011,2020-10-14 09:31:38.700,3357.0000,7816,0,295178760.000,0,-,-,-,-,3356.0000,3355.8000,3355.4000,3355.0000,3354.8000,3357.2000,3357.8000,3358.2000,3359.4000,3360.6000,3,6,3,1,1,1,1,1,1,1
SF,IH2011,2020-10-14 09:31:39.200,3356.2000,7816,0,297192480.000,2,1,1,多换,S,3356.0000,3355.8000,3355.4000,3355.0000,3354.8000,3357.2000,3357.8000,3358.2000,3359.4000,3360.6000,3,6,3,1,1,1,1,1,1,1
SF,IH2011,2020-10-14 09:31:39.700,3356.2000,7816,0,297192480.000,0,-,-,-,-,3356.0000,3355.8000,3355.4000,3355.0000,3354.8000,3357.8000,3358.2000,3359.4000,3360.6000,3363.0000,3,6,3,1,1,1,1,1,1,5
SF,IH2011,2020-10-14 09:31:40.200,3356.2000,7816,0,297192480.000,0,-,-,-,-,3356.0000,3355.8000,3355.4000,3355.0000,3354.6000,3357.6000,3357.8000,3358.2000,3359.4000,3360.6000,3,6,3,1,1,2,2,1,1,1
SF,IH2011,2020-10-14 09:31:40.700,3356.2000,7816,0,297192480.000,0,-,-,-,-,3356.0000,3355.8000,3355.4000,3355.0000,3354.6000,3357.4000,3357.6000,3357.8000,3358.2000,3359.4000,3,7,3,1,1,1,2,2,1,1
SF,IH2011,2020-10-14 09:31:41.200,3356.2000,7816,0,297192480.000,0,-,-,-,-,3356.0000,3355.8000,3355.4000,3355.0000,3354.6000,3357.6000,3357.8000,3358.2000,3359.4000,3360.6000,3,7,3,1,1,2,2,1,1,1
SF,IH2011,2020-10-14 09:31:41.700,3356.2000,7816,0,297192480.000,0,-,-,-,-,3356.0000,3355.8000,3355.4000,3355.0000,3354.6000,3357.4000,3357.6000,3357.8000,3358.2000,3359.4000,3,7,3,1,1,1,2,2,1,1
SF,IH2011,2020-10-14 09:31:42.200,3356.2000,7816,0,297192480.000,0,-,-,-,-,3356.0000,3355.8000,3355.0000,3354.6000,3354.0000,3357.4000,3357.6000,3357.8000,3358.2000,3359.4000,3,7,1,1,3,1,2,1,1,1
SF,IH2011,2020-10-14 09:31:42.700,3356.2000,7816,0,297192480.000,0,-,-,-,-,3356.6000,3356.0000,3355.8000,3355.0000,3354.6000,3357.4000,3357.6000,3357.8000,3358.2000,3359.4000,13,3,3,1,1,1,2,1,1,1
SF,IH2011,2020-10-14 09:31:43.200,3356.6000,7817,1,298199460.000,1,1,0,双开,S,3356.6000,3356.0000,3355.8000,3355.0000,3354.6000,3357.2000,3357.4000,3357.6000,3357.8000,3358.2000,15,1,3,1,1,1,1,1,1,1
SF,IH2011,2020-10-14 09:31:43.700,3356.6000,7817,0,303234360.000,5,2,3,多换,S,3356.6000,3356.0000,3355.8000,3355.0000,3354.6000,3357.0000,3357.2000,3357.4000,3357.6000,3357.8000,10,1,3,1,1,3,1,1,1,1
SF,IH2011,2020-10-14 09:31:44.200,3356.6000,7817,0,313304160.000,10,5,5,多换,S,3356.0000,3355.8000,3355.0000,3354.6000,3354.0000,3356.6000,3357.0000,3357.2000,3357.4000,3357.6000,1,2,1,1,3,1,3,1,1,1
SF,IH2011,2020-10-14 09:31:44.700,3356.0000,7817,0,314310960.000,1,0,1,多换,S,3355.8000,3355.0000,3354.6000,3354.0000,3353.8000,3357.0000,3357.2000,3357.4000,3357.6000,3357.8000,2,1,1,3,1,2,1,1,1,1
SF,IH2011,2020-10-14 09:31:45.200,3356.0000,7817,0,314310960.000,0,-,-,-,-,3355.8000,3355.2000,3355.0000,3354.6000,3354.0000,3356.8000,3357.0000,3357.2000,3357.4000,3357.8000,2,1,1,1,3,2,2,1,1,1
SF,IH2011,2020-10-14 09:31:46.200,3356.0000,7817,0,314310960.000,0,-,-,-,-,3356.0000,3355.8000,3355.2000,3355.0000,3354.6000,3356.8000,3357.2000,3357.4000,3357.8000,3358.2000,1,1,1,1,1,2,1,1,1,1
SF,IH2011,2020-10-14 09:31:47.200,3356.0000,7818,1,315317760.000,1,1,0,双开,S,3356.2000,3355.8000,3355.2000,3355.0000,3354.6000,3356.8000,3357.2000,3357.4000,3357.8000,3358.2000,1,1,1,1,1,2,1,1,1,1
SF,IH2011,2020-10-14 09:31:47.700,3356.2000,7818,0,316324620.000,1,0,1,多换,S,3355.8000,3355.2000,3355.0000,3354.6000,3354.0000,3356.2000,3356.8000,3357.2000,3357.4000,3357.8000,1,1,1,1,3,1,2,1,1,1
SF,IH2011,2020-10-14 09:31:48.200,3356.2000,7819,1,318338220.000,2,1,1,空开,S,3356.0000,3355.2000,3355.0000,3354.6000,3354.0000,3356.8000,3357.2000,3357.4000,3357.8000,3358.2000,2,1,1,1,4,1,1,1,1,1
SF,IH2011,2020-10-14 09:31:48.700,3356.2000,7819,0,318338220.000,0,-,-,-,-,3356.0000,3355.2000,3355.0000,3354.6000,3354.0000,3356.6000,3356.8000,3357.2000,3357.4000,3357.8000,2,1,1,1,4,2,1,1,1,1
SF,IH2011,2020-10-14 09:31:49.200,3356.2000,7819,0,318338220.000,0,-,-,-,-,3356.2000,3356.0000,3355.2000,3355.0000,3354.6000,3356.6000,3356.8000,3357.0000,3357.2000,3357.4000,1,2,1,1,1,2,1,1,1,1
SF,IH2011,2020-10-14 09:31:49.700,3356.2000,7820,1,319345080.000,1,1,0,双开,S,3356.0000,3355.2000,3355.0000,3354.6000,3354.0000,3356.6000,3356.8000,3357.0000,3357.2000,3357.4000,2,1,1,1,4,2,1,1,1,1
SF,IH2011,2020-10-14 09:31:50.200,3356.0000,7821,1,320351880.000,1,1,0,双开,S,3356.0000,3355.2000,3355.0000,3354.6000,3354.0000,3356.6000,3356.8000,3357.2000,3357.4000,3357.8000,1,1,1,1,4,2,1,1,1,1
SF,IH2011,2020-10-14 09:31:50.700,3356.0000,7822,1,321358680.000,1,1,0,双开,S,3355.2000,3355.0000,3354.6000,3354.0000,3353.8000,3356.4000,3356.6000,3357.2000,3357.4000,3357.8000,1,1,1,4,1,1,2,1,1,1
SF,IH2011,2020-10-14 09:31:51.200,3356.2000,7821,-1,323372160.000,2,0,2,多平,S,3355.2000,3355.0000,3354.6000,3354.0000,3353.8000,3356.4000,3357.2000,3357.4000,3357.8000,3358.2000,1,1,1,4,1,2,1,1,1,1
SF,IH2011,2020-10-14 09:31:51.700,3355.2000,7821,0,324378720.000,1,0,1,多换,S,3355.0000,3354.6000,3354.0000,3353.8000,3353.6000,3356.4000,3357.2000,3357.4000,3357.8000,3358.2000,1,1,4,1,8,2,1,1,1,1
SF,IH2011,2020-10-14 09:31:52.200,3355.2000,7821,0,324378720.000,0,-,-,-,-,3355.2000,3355.0000,3354.6000,3354.0000,3353.8000,3356.2000,3356.4000,3357.2000,3357.4000,3357.8000,1,1,1,4,1,1,2,1,1,1
SF,IH2011,2020-10-14 09:31:52.700,3355.2000,7821,0,324378720.000,0,-,-,-,-,3355.6000,3355.2000,3355.0000,3354.6000,3354.0000,3356.0000,3356.2000,3356.4000,3357.2000,3357.4000,5,1,1,1,4,1,1,1,1,1
SF,IH2011,2020-10-14 09:31:53.200,3355.6000,7824,3,330418920.000,6,4,2,空开,S,3355.8000,3355.6000,3355.0000,3354.6000,3354.0000,3356.2000,3356.4000,3357.2000,3357.4000,3357.8000,1,5,1,1,4,1,1,1,1,1
SF,IH2011,2020-10-14 09:31:53.700,3355.8000,7824,0,331425660.000,1,0,1,多换,S,3355.6000,3355.0000,3354.6000,3354.0000,3353.8000,3355.8000,3356.0000,3356.2000,3356.4000,3357.2000,5,1,1,4,1,3,3,1,1,1
SF,IH2011,2020-10-14 09:31:54.200,3355.6000,7824,0,336459060.000,5,2,3,多换,S,3355.0000,3354.6000,3354.0000,3353.8000,3353.6000,3355.6000,3355.8000,3356.0000,3356.2000,3356.4000,1,1,4,1,8,2,1,3,1,1
SF,IH2011,2020-10-14 09:31:54.700,3355.6000,7824,0,336459060.000,0,-,-,-,-,3354.6000,3354.0000,3353.8000,3353.6000,3353.2000,3355.6000,3355.8000,3356.0000,3356.4000,3357.2000,1,4,1,8,1,1,1,1,2,1
SF,IH2011,2020-10-14 09:31:55.200,3354.6000,7825,1,339478860.000,3,2,1,空开,S,3354.0000,3353.8000,3353.6000,3353.2000,3352.2000,3356.0000,3356.4000,3357.2000,3357.4000,3357.8000,4,1,8,1,1,1,2,2,1,1
SF,IH2011,2020-10-14 09:31:55.700,3354.6000,7825,0,339478860.000,0,-,-,-,-,3354.2000,3354.0000,3353.8000,3353.6000,3353.2000,3356.0000,3356.4000,3357.2000,3357.4000,3357.8000,4,4,1,8,1,1,2,2,1,1
SF,IH2011,2020-10-14 09:31:56.200,3354.6000,7825,0,339478860.000,0,-,-,-,-,3354.4000,3354.2000,3354.0000,3353.8000,3353.6000,3356.0000,3356.4000,3357.2000,3357.8000,3358.0000,1,4,4,1,8,1,2,2,1,1
SF,IH2011,2020-10-14 09:31:56.700,3356.0000,7824,-1,340485660.000,1,0,1,双平,S,3354.6000,3354.4000,3354.2000,3354.0000,3353.8000,3356.4000,3357.2000,3357.8000,3358.0000,3360.6000,2,2,2,4,1,2,2,1,1,1
SF,IH2011,2020-10-14 09:31:57.200,3354.6000,7824,0,341492040.000,1,0,1,多换,S,3354.6000,3354.4000,3354.2000,3354.0000,3353.8000,3356.2000,3356.4000,3357.2000,3357.8000,3358.0000,1,2,2,4,1,1,3,2,1,1
SF,IH2011,2020-10-14 09:31:57.700,3354.6000,7824,0,342498420.000,1,0,1,多换,S,3354.4000,3354.0000,3353.8000,3353.6000,3353.2000,3356.2000,3356.4000,3357.2000,3357.8000,3358.0000,2,4,1,8,1,2,3,2,1,1
SF,IH2011,2020-10-14 09:31:58.200,3354.6000,7824,0,343504800.000,1,0,1,多换,S,3354.6000,3354.4000,3354.0000,3353.8000,3353.6000,3356.0000,3356.2000,3356.4000,3357.2000,3357.8000,1,2,4,1,8,1,2,3,2,1
SF,IH2011,2020-10-14 09:31:58.700,3354.6000,7824,0,344511180.000,1,0,1,多换,S,3354.4000,3354.0000,3353.8000,3353.6000,3353.2000,3355.8000,3356.2000,3356.4000,3357.2000,3357.8000,2,4,1,8,1,1,1,3,2,1
SF,IH2011,2020-10-14 09:31:59.200,3354.4000,7825,1,345517500.000,1,1,0,双开,S,3354.4000,3354.0000,3353.8000,3353.6000,3353.2000,3355.8000,3356.2000,3356.4000,3357.2000,3357.8000,1,4,1,8,1,1,1,3,2,1
SF,IH2011,2020-10-14 09:31:59.700,3354.4000,7826,1,346523820.000,1,1,0,双开,S,3354.0000,3353.8000,3353.6000,3353.2000,3352.4000,3355.8000,3356.2000,3356.4000,3357.2000,3357.8000,4,1,8,1,1,1,1,3,2,1
SF,IH2011,2020-10-14 09:32:00.200,3354.4000,7826,0,346523820.000,0,-,-,-,-,3354.2000,3354.0000,3353.8000,3353.6000,3353.2000,3355.8000,3356.2000,3356.4000,3357.2000,3357.8000,2,4,1,7,1,1,1,3,2,1
SF,IH2011,2020-10-14 09:32:00.700,3355.8000,7825,-1,347530560.000,1,0,1,双平,S,3355.8000,3354.2000,3354.0000,3353.8000,3353.6000,3356.2000,3356.4000,3357.2000,3357.8000,3358.0000,1,2,4,1,7,1,3,2,1,1
SF,IH2011,2020-10-14 09:32:01.200,3355.8000,7824,-1,348537300.000,1,0,1,双平,S,3354.2000,3354.0000,3353.8000,3353.6000,3352.2000,3355.8000,3356.0000,3356.2000,3356.4000,3357.2000,1,4,1,7,1,3,2,1,3,2
SF,IH2011,2020-10-14 09:32:01.700,3355.8000,7824,0,348537300.000,0,-,-,-,-,3354.2000,3354.0000,3353.8000,3353.6000,3352.8000,3355.6000,3355.8000,3356.2000,3356.4000,3357.2000,1,4,1,7,1,4,2,1,3,2
SF,IH2011,2020-10-14 09:32:02.200,3355.8000,7824,0,348537300.000,0,-,-,-,-,3354.0000,3353.8000,3353.6000,3352.8000,3352.2000,3355.6000,3355.8000,3356.2000,3356.4000,3357.2000,4,1,7,1,1,4,3,1,3,2
SF,IH2011,2020-10-14 09:32:02.700,3355.8000,7824,0,348537300.000,0,-,-,-,-,3354.2000,3354.0000,3353.8000,3353.6000,3352.8000,3355.6000,3355.8000,3356.2000,3356.4000,3357.2000,1,4,1,7,1,4,2,1,3,2
SF,IH2011,2020-10-14 09:32:03.200,3357.2000,7822,-2,359611860.000,11,4,7,多平,S,3356.2000,3354.0000,3353.8000,3353.6000,3352.8000,3357.2000,3357.8000,3360.6000,3363.0000,3365.6000,3,4,1,7,1,1,1,1,5,1
SF,IH2011,2020-10-14 09:32:03.700,3356.2000,7822,0,362632440.000,3,1,2,多换,S,3354.0000,3353.8000,3353.6000,3352.2000,3352.0000,3355.4000,3355.8000,3356.2000,3357.0000,3357.2000,4,1,7,1,6,2,3,6,5,2
SF,IH2011,2020-10-14 09:32:04.200,3355.6000,7822,0,363639120.000,1,0,1,多换,S,3354.2000,3354.0000,3353.8000,3353.6000,3352.2000,3355.6000,3355.8000,3356.2000,3357.0000,3357.2000,2,4,1,7,1,1,3,3,5,2
SF,IH2011,2020-10-14 09:32:04.700,3355.8000,7821,-1,367666020.000,4,1,3,多平,S,3356.0000,3354.2000,3354.0000,3353.8000,3353.6000,3356.2000,3357.0000,3357.2000,3357.8000,3360.6000,2,2,4,1,7,3,5,2,1,1
SF,IH2011,2020-10-14 09:32:05.200,3355.8000,7821,0,369679500.000,2,1,1,多换,S,3354.2000,3354.0000,3353.8000,3353.6000,3352.2000,3356.0000,3356.2000,3356.8000,3357.0000,3357.2000,1,4,1,7,1,4,4,1,5,2
SF,IH2011,2020-10-14 09:32:05.700,3355.8000,7821,0,369679500.000,0,-,-,-,-,3354.2000,3354.0000,3353.8000,3353.6000,3352.8000,3355.8000,3356.0000,3356.2000,3356.8000,3357.0000,1,4,1,7,1,2,2,3,1,4
SF,IH2011,2020-10-14 09:32:06.200,3354.2000,7821,0,370685760.000,1,0,1,多换,S,3354.0000,3353.8000,3353.6000,3352.8000,3352.2000,3355.8000,3356.0000,3356.2000,3356.8000,3357.0000,4,1,7,1,1,2,3,2,1,4
SF,IH2011,2020-10-14 09:32:06.700,3354.2000,7821,0,370685760.000,0,-,-,-,-,3354.2000,3354.0000,3353.8000,3353.6000,3352.8000,3355.6000,3355.8000,3356.0000,3356.2000,3356.8000,1,4,1,7,1,1,2,3,2,1
SF,IH2011,2020-10-14 09:32:07.200,3354.2000,7821,0,370685760.000,0,-,-,-,-,3354.4000,3354.0000,3353.8000,3353.6000,3352.8000,3355.4000,3355.6000,3355.8000,3356.0000,3356.2000,2,4,1,7,1,1,1,2,2,2
SF,IH2011,2020-10-14 09:32:07.700,3355.4000,7820,-1,371692380.000,1,0,1,双平,S,3355.4000,3354.4000,3354.2000,3354.0000,3353.8000,3355.6000,3355.8000,3356.0000,3356.2000,3356.8000,1,1,1,4,1,1,2,2,2,1
SF,IH2011,2020-10-14 09:32:08.200,3355.6000,7819,-1,373705680.000,2,0,2,多平,S,3354.2000,3354.0000,3353.8000,3353.6000,3352.2000,3355.6000,3355.8000,3356.0000,3356.2000,3356.8000,1,4,1,7,1,1,2,2,2,1
SF,IH2011,2020-10-14 09:32:08.700,3355.6000,7819,0,373705680.000,0,-,-,-,-,3355.6000,3354.4000,3354.2000,3354.0000,3353.8000,3355.8000,3356.0000,3356.2000,3357.0000,3357.2000,1,4,1,4,1,2,3,1,4,2
SF,IH2011,2020-10-14 09:32:09.200,3356.0000,7816,-3,377732760.000,4,0,4,多平,S,3355.8000,3355.6000,3354.4000,3354.2000,3354.0000,3356.0000,3356.2000,3357.0000,3357.2000,3357.8000,1,1,3,1,4,1,1,2,2,1
SF,IH2011,2020-10-14 09:32:09.700,3356.2000,7815,-1,379746420.000,2,0,2,多平,S,3356.0000,3355.8000,3355.6000,3354.4000,3354.2000,3357.0000,3357.2000,3357.8000,3359.8000,3360.6000,1,1,1,3,1,1,3,1,1,1
SF,IH2011,2020-10-14 09:32:10.200,3356.0000,7815,0,380753220.000,1,0,1,多换,S,3355.8000,3355.6000,3354.4000,3354.2000,3354.0000,3356.0000,3356.8000,3357.0000,3357.2000,3357.8000,1,1,3,1,4,1,1,3,2,1
SF,IH2011,2020-10-14 09:32:10.700,3356.0000,7815,0,381760020.000,1,0,1,多换,S,3356.0000,3355.8000,3355.6000,3354.4000,3354.2000,3356.8000,3357.0000,3357.2000,3357.8000,3358.2000,2,1,1,3,1,1,3,2,1,1
SF,IH2011,2020-10-14 09:32:11.200,3356.0000,7815,0,381760020.000,0,-,-,-,-,3356.0000,3355.8000,3355.6000,3354.4000,3354.2000,3356.8000,3357.0000,3357.2000,3357.8000,3358.2000,1,1,1,2,1,1,2,2,1,1
SF,IH2011,2020-10-14 09:32:11.700,3356.0000,7814,-1,382766820.000,1,0,1,双平,S,3355.8000,3355.6000,3354.4000,3354.2000,3354.0000,3356.8000,3357.0000,3357.2000,3357.8000,3358.2000,1,1,2,1,4,1,2,2,1,1
SF,IH2011,2020-10-14 09:32:12.200,3356.0000,7814,0,383773620.000,1,0,1,多换,S,3356.0000,3355.8000,3355.6000,3354.2000,3354.0000,3357.0000,3357.2000,3358.2000,3359.8000,3360.6000,3,1,1,1,4,1,2,1,1,1
SF,IH2011,2020-10-14 09:32:12.700,3356.0000,7813,-1,385787220.000,2,0,2,多平,S,3355.8000,3355.6000,3354.2000,3354.0000,3353.8000,3356.8000,3357.2000,3358.2000,3359.8000,3360.6000,1,1,1,4,1,1,3,1,1,1
SF,IH2011,2020-10-14 09:32:13.200,3356.0000,7813,0,385787220.000,0,-,-,-,-,3356.4000,3355.6000,3354.2000,3354.0000,3353.8000,3356.8000,3357.2000,3358.2000,3359.8000,3360.6000,10,1,1,4,1,1,3,1,1,1
SF,IH2011,2020-10-14 09:32:13.700,3356.4000,7816,3,391828740.000,6,4,2,空开,S,3356.4000,3355.6000,3354.2000,3354.0000,3353.8000,3356.8000,3357.2000,3358.2000,3359.8000,3360.6000,4,1,1,3,1,1,3,1,1,1
SF,IH2011,2020-10-14 09:32:14.200,3356.4000,7818,2,395856420.000,4,3,1,空开,S,3355.6000,3354.2000,3354.0000,3353.8000,3353.6000,3356.8000,3357.2000,3358.2000,3359.8000,3360.6000,1,1,2,1,7,1,3,1,1,1
SF,IH2011,2020-10-14 09:32:14.700,3356.4000,7818,0,395856420.000,0,-,-,-,-,3355.6000,3354.8000,3354.2000,3354.0000,3353.8000,3356.0000,3356.8000,3357.2000,3358.2000,3359.8000,1,1,1,2,1,1,1,3,1,1
SF,IH2011,2020-10-14 09:32:15.200,3356.8000,7817,-1,399884100.000,4,1,3,多平,S,3355.6000,3354.8000,3354.2000,3354.0000,3353.8000,3357.2000,3358.2000,3359.8000,3360.6000,3363.0000,1,1,1,2,1,3,1,1,1,5
SF,IH2011,2020-10-14 09:32:15.700,3356.8000,7817,0,399884100.000,0,-,-,-,-,3355.8000,3355.6000,3354.8000,3354.4000,3354.2000,3357.0000,3357.2000,3358.2000,3359.0000,3359.8000,2,1,1,1,1,1,3,1,1,1
SF,IH2011,2020-10-14 09:32:16.200,3356.8000,7817,0,399884100.000,0,-,-,-,-,3355.8000,3355.6000,3354.8000,3354.4000,3354.2000,3357.0000,3357.2000,3358.2000,3359.0000,3359.8000,1,1,1,1,1,1,3,1,1,1
SF,IH2011,2020-10-14 09:32:16.700,3356.8000,7817,0,399884100.000,0,-,-,-,-,3355.8000,3355.6000,3354.8000,3354.4000,3354.2000,3356.8000,3357.0000,3357.2000,3358.2000,3359.0000,1,1,1,1,1,1,1,3,1,1
SF,IH2011,2020-10-14 09:32:17.200,3356.8000,7817,0,399884100.000,0,-,-,-,-,3355.8000,3355.6000,3354.8000,3354.4000,3354.2000,3356.8000,3357.0000,3357.2000,3358.2000,3358.6000,1,1,1,1,1,2,1,3,1,1
SF,IH2011,2020-10-14 09:32:17.700,3355.8000,7817,0,400890840.000,1,0,1,多换,S,3355.6000,3354.8000,3354.4000,3354.2000,3354.0000,3356.8000,3357.0000,3357.2000,3358.2000,3358.6000,1,1,1,1,2,2,1,3,1,1
SF,IH2011,2020-10-14 09:32:18.200,3355.8000,7817,0,400890840.000,0,-,-,-,-,3355.6000,3354.8000,3354.4000,3354.2000,3354.0000,3355.8000,3356.6000,3356.8000,3357.2000,3358.2000,1,1,1,1,2,1,1,1,3,1
SF,IH2011,2020-10-14 09:32:18.700,3355.8000,7816,-1,402904320.000,2,0,2,多平,S,3355.8000,3355.6000,3354.8000,3354.4000,3354.2000,3356.6000,3356.8000,3357.2000,3359.8000,3360.6000,1,1,1,1,1,2,1,3,1,1
SF,IH2011,2020-10-14 09:32:19.200,3355.8000,7816,0,402904320.000,0,-,-,-,-,3355.8000,3355.6000,3354.8000,3354.4000,3354.2000,3356.6000,3356.8000,3357.2000,3358.2000,3359.8000,1,1,1,1,1,3,1,3,1,1
SF,IH2011,2020-10-14 09:32:19.700,3355.8000,7817,1,403911060.000,1,1,0,双开,S,3355.6000,3354.8000,3354.4000,3354.2000,3354.0000,3356.6000,3356.8000,3357.2000,3358.2000,3359.8000,1,1,1,1,2,3,1,3,1,1
SF,IH2011,2020-10-14 09:32:20.200,3355.8000,7817,0,403911060.000,0,-,-,-,-,3355.6000,3354.8000,3354.4000,3354.2000,3354.0000,3356.6000,3356.8000,3357.2000,3358.2000,3359.8000,1,1,1,1,2,2,1,3,1,1
SF,IH2011,2020-10-14 09:32:20.700,3355.6000,7817,0,405924420.000,2,1,1,多换,S,3354.8000,3354.4000,3354.2000,3354.0000,3353.8000,3356.6000,3356.8000,3357.2000,3358.2000,3359.8000,1,1,1,2,2,2,1,3,1,1
SF,IH2011,2020-10-14 09:32:21.200,3355.6000,7817,0,405924420.000,0,-,-,-,-,3355.0000,3354.8000,3354.4000,3354.2000,3354.0000,3356.6000,3356.8000,3357.2000,3358.2000,3359.8000,2,1,1,1,2,2,1,3,1,1
SF,IH2011,2020-10-14 09:32:21.700,3355.6000,7817,0,405924420.000,0,-,-,-,-,3355.0000,3354.8000,3354.4000,3354.2000,3354.0000,3356.2000,3356.6000,3357.2000,3358.2000,3359.8000,2,1,1,1,2,1,1,3,1,1
SF,IH2011,2020-10-14 09:32:22.200,3355.0000,7816,-1,406930920.000,1,0,1,双平,S,3355.0000,3354.8000,3354.4000,3354.2000,3354.0000,3356.0000,3356.2000,3356.4000,3356.6000,3357.2000,1,1,1,2,2,1,1,1,1,3
SF,IH2011,2020-10-14 09:32:22.700,3355.0000,7816,0,406930920.000,0,-,-,-,-,3355.2000,3354.8000,3354.4000,3354.2000,3354.0000,3355.8000,3356.0000,3356.2000,3356.6000,3357.2000,1,1,1,2,2,1,1,1,1,3
SF,IH2011,2020-10-14 09:32:23.200,3355.0000,7816,0,406930920.000,0,-,-,-,-,3355.4000,3354.8000,3354.4000,3354.2000,3354.0000,3355.6000,3355.8000,3356.2000,3356.6000,3357.2000,3,1,1,2,2,1,1,1,1,3
SF,IH2011,2020-10-14 09:32:23.700,3355.6000,7815,-1,407937600.000,1,0,1,双平,S,3355.4000,3354.8000,3354.4000,3354.2000,3354.0000,3355.8000,3356.2000,3356.6000,3357.2000,3359.8000,8,1,1,2,2,1,1,1,3,1
SF,IH2011,2020-10-14 09:32:24.200,3355.4000,7817,2,410957580.000,3,2,1,空开,S,3355.4000,3354.8000,3354.4000,3354.2000,3354.0000,3356.2000,3356.6000,3357.2000,3359.8000,3360.6000,6,1,1,2,2,1,1,3,1,1
SF,IH2011,2020-10-14 09:32:24.700,3356.2000,7816,-1,411964440.000,1,0,1,双平,S,3355.6000,3355.4000,3354.8000,3354.4000,3354.2000,3356.6000,3357.2000,3358.0000,3359.8000,3360.6000,1,6,1,1,2,1,3,1,1,1
SF,IH2011,2020-10-14 09:32:25.200,3356.2000,7816,0,411964440.000,0,-,-,-,-,3355.4000,3354.8000,3354.4000,3354.2000,3354.0000,3356.4000,3357.2000,3358.0000,3359.8000,3360.6000,6,1,1,2,2,1,3,1,1,1
SF,IH2011,2020-10-14 09:32:25.700,3355.6000,7817,1,412971120.000,1,1,0,双开,S,3355.4000,3354.8000,3354.4000,3354.2000,3354.0000,3356.4000,3357.2000,3358.0000,3359.8000,3360.6000,6,1,1,2,2,1,3,1,1,1
SF,IH2011,2020-10-14 09:32:26.200,3355.6000,7816,-1,418004760.000,5,2,3,多平,S,3355.4000,3355.2000,3354.8000,3354.4000,3354.2000,3357.2000,3358.0000,3359.8000,3360.6000,3363.0000,6,1,1,1,2,3,1,1,1,5
SF,IH2011,2020-10-14 09:32:26.700,3355.6000,7816,0,418004760.000,0,-,-,-,-,3356.4000,3355.6000,3355.4000,3355.2000,3354.8000,3357.0000,3357.2000,3358.0000,3358.8000,3359.8000,1,1,6,1,1,2,3,1,1,1
SF,IH2011,2020-10-14 09:32:27.200,3357.2000,7816,0,419011920.000,1,0,1,多换,S,3357.0000,3356.4000,3355.6000,3355.4000,3355.2000,3357.2000,3358.0000,3358.8000,3359.8000,3360.6000,1,1,1,6,1,2,1,1,1,1
SF,IH2011,2020-10-14 09:32:27.700,3357.2000,7814,-2,421026240.000,2,0,2,双平,S,3357.2000,3357.0000,3356.4000,3356.0000,3355.6000,3358.0000,3358.8000,3359.8000,3360.6000,3363.0000,1,1,1,1,1,1,1,1,1,5
SF,IH2011,2020-10-14 09:32:28.200,3357.2000,7814,0,422033400.000,1,0,1,多换,S,3357.2000,3357.0000,3356.4000,3356.0000,3355.6000,3357.8000,3358.0000,3358.8000,3359.8000,3360.6000,2,1,1,1,1,2,2,1,1,1
SF,IH2011,2020-10-14 09:32:28.700,3357.2000,7814,0,423040560.000,1,0,1,多换,S,3357.2000,3357.0000,3356.4000,3356.0000,3355.6000,3357.6000,3357.8000,3358.8000,3359.8000,3360.6000,1,1,1,1,1,2,3,1,2,1
SF,IH2011,2020-10-14 09:32:29.200,3357.2000,7814,0,424047720.000,1,0,1,多换,S,3357.0000,3356.4000,3356.0000,3355.6000,3355.4000,3357.2000,3357.6000,3357.8000,3358.8000,3359.8000,1,1,1,1,6,3,2,3,1,2
SF,IH2011,2020-10-14 09:32:29.700,3357.2000,7814,0,424047720.000,0,-,-,-,-,3357.0000,3356.4000,3356.0000,3355.6000,3355.4000,3357.2000,3357.6000,3357.8000,3358.8000,3359.8000,1,1,1,1,6,1,2,3,1,1
SF,IH2011,2020-10-14 09:32:30.200,3357.2000,7814,0,424047720.000,0,-,-,-,-,3357.0000,3356.4000,3356.0000,3355.6000,3355.4000,3357.2000,3357.8000,3358.8000,3359.8000,3360.6000,1,1,1,1,6,1,3,1,1,1
SF,IH2011,2020-10-14 09:32:30.700,3357.0000,7815,1,427069080.000,3,2,1,空开,S,3357.2000,3357.0000,3356.4000,3356.0000,3355.6000,3357.8000,3358.8000,3359.8000,3360.6000,3363.0000,1,7,1,1,1,3,1,1,1,5
SF,IH2011,2020-10-14 09:32:31.200,3357.2000,7815,0,428076240.000,1,0,1,多换,S,3357.2000,3357.0000,3356.4000,3356.0000,3355.6000,3357.8000,3358.8000,3359.6000,3359.8000,3360.6000,1,7,1,1,1,2,1,1,1,1
SF,IH2011,2020-10-14 09:32:32.700,3357.2000,7815,0,430090740.000,2,1,1,多换,S,3357.0000,3356.4000,3356.0000,3355.6000,3355.4000,3358.8000,3359.6000,3359.8000,3360.6000,3363.0000,7,1,1,1,6,1,1,1,1,5
SF,IH2011,2020-10-14 09:32:33.200,3357.2000,7815,0,430090740.000,0,-,-,-,-,3357.6000,3357.2000,3357.0000,3356.4000,3356.0000,3358.0000,3358.6000,3358.8000,3359.6000,3359.8000,1,2,7,1,1,1,2,2,1,1
SF,IH2011,2020-10-14 09:32:33.700,3357.2000,7815,0,430090740.000,0,-,-,-,-,3357.6000,3357.2000,3357.0000,3356.4000,3356.0000,3358.2000,3358.6000,3358.8000,3359.6000,3359.8000,6,1,7,1,1,1,1,2,1,1
SF,IH2011,2020-10-14 09:32:34.200,3357.6000,7816,1,431098020.000,1,1,0,双开,S,3357.6000,3357.2000,3357.0000,3356.4000,3356.0000,3358.2000,3358.6000,3358.8000,3359.6000,3359.8000,6,1,7,1,1,1,1,2,1,1
SF,IH2011,2020-10-14 09:32:34.700,3357.6000,7816,0,432105300.000,1,0,1,多换,S,3357.6000,3357.2000,3357.0000,3356.4000,3356.0000,3358.2000,3358.6000,3358.8000,3359.6000,3359.8000,6,1,7,1,1,1,1,2,1,1
SF,IH2011,2020-10-14 09:32:35.200,3357.6000,7816,0,432105300.000,0,-,-,-,-,3358.0000,3357.8000,3357.6000,3357.2000,3357.0000,3358.2000,3358.6000,3358.8000,3359.6000,3359.8000,1,1,6,1,7,1,1,2,1,1
SF,IH2011,2020-10-14 09:32:35.700,3358.2000,7815,-1,433112760.000,1,0,1,双平,S,3358.0000,3357.6000,3357.2000,3356.4000,3356.0000,3358.6000,3358.8000,3359.6000,3359.8000,3360.2000,1,6,1,1,1,1,2,1,1,1
SF,IH2011,2020-10-14 09:32:36.200,3358.2000,7815,0,435127680.000,2,1,1,多换,S,3358.2000,3358.0000,3357.6000,3357.2000,3356.4000,3358.6000,3358.8000,3359.6000,3359.8000,3360.2000,6,2,6,1,1,1,2,1,1,1
SF,IH2011,2020-10-14 09:32:36.700,3358.2000,7816,1,436135140.000,1,1,0,双开,S,3358.2000,3358.0000,3357.6000,3357.2000,3356.4000,3358.8000,3359.6000,3359.8000,3360.2000,3360.6000,5,1,6,1,1,3,1,1,1,1
SF,IH2011,2020-10-14 09:32:37.200,3358.2000,7817,1,437142600.000,1,1,0,双开,S,3358.4000,3358.2000,3358.0000,3357.6000,3357.2000,3358.8000,3359.6000,3359.8000,3360.2000,3360.8000,1,5,1,6,1,3,1,1,1,1
SF,IH2011,2020-10-14 09:32:37.700,3358.2000,7817,0,437142600.000,0,-,-,-,-,3358.4000,3358.2000,3358.0000,3357.6000,3357.2000,3358.6000,3358.8000,3359.6000,3359.8000,3360.2000,3,5,1,6,1,1,2,1,1,1
SF,IH2011,2020-10-14 09:32:38.200,3358.2000,7815,-2,442180200.000,5,1,4,多平,S,3358.2000,3358.0000,3357.6000,3357.2000,3356.4000,3358.8000,3359.6000,3359.8000,3360.2000,3360.8000,4,1,6,1,1,2,1,1,1,1
SF,IH2011,2020-10-14 09:32:38.700,3358.2000,7815,0,443187660.000,1,0,1,多换,S,3358.2000,3358.0000,3357.6000,3357.2000,3356.4000,3358.4000,3358.6000,3358.8000,3359.6000,3359.8000,3,1,6,1,1,1,1,1,1,1
SF,IH2011,2020-10-14 09:32:39.200,3358.0000,7814,-1,447217440.000,4,1,3,多平,S,3358.4000,3357.6000,3357.2000,3356.4000,3356.2000,3358.6000,3358.8000,3359.6000,3359.8000,3360.2000,1,6,1,1,1,1,1,1,1,1
SF,IH2011,2020-10-14 09:32:39.700,3358.8000,7816,2,452255280.000,5,3,2,空开,S,3358.6000,3357.6000,3357.2000,3356.4000,3356.2000,3359.6000,3359.8000,3360.2000,3363.0000,3365.4000,3,6,1,1,1,1,1,1,5,1
SF,IH2011,2020-10-14 09:32:40.200,3358.6000,7816,0,454270440.000,2,1,1,多换,S,3358.6000,3357.6000,3357.2000,3356.4000,3356.2000,3358.8000,3359.0000,3359.2000,3359.4000,3359.6000,1,6,1,1,1,1,1,3,5,3
SF,IH2011,2020-10-14 09:32:40.700,3358.6000,7816,0,455278020.000,1,0,1,多换,S,3357.6000,3357.2000,3356.4000,3356.2000,3355.2000,3358.6000,3359.4000,3359.6000,3359.8000,3360.2000,6,1,1,1,1,2,4,3,1,1
SF,IH2011,2020-10-14 09:32:41.200,3358.6000,7816,0,455278020.000,0,-,-,-,-,3357.8000,3357.6000,3356.4000,3356.2000,3355.2000,3358.6000,3359.4000,3359.6000,3359.8000,3360.2000,1,6,1,1,1,4,4,3,1,1
SF,IH2011,2020-10-14 09:32:41.700,3358.4000,7817,1,456285540.000,1,1,0,双开,S,3358.4000,3358.0000,3357.8000,3357.6000,3356.4000,3358.6000,3359.4000,3359.6000,3359.8000,3360.2000,5,1,1,6,1,3,4,3,1,1
SF,IH2011,2020-10-14 09:32:42.200,3358.6000,7820,3,462330840.000,6,4,2,空开,S,3358.8000,3358.4000,3357.8000,3357.6000,3356.4000,3359.4000,3359.6000,3359.8000,3360.2000,3363.0000,2,2,1,6,1,4,3,1,1,5
SF,IH2011,2020-10-14 09:32:42.700,3359.0000,7822,2,466361580.000,4,3,1,空开,S,3358.4000,3357.8000,3357.6000,3356.4000,3356.2000,3359.2000,3359.4000,3359.6000,3359.8000,3360.2000,2,1,6,1,1,1,7,1,1,1
SF,IH2011,2020-10-14 09:32:43.200,3359.0000,7822,0,466361580.000,0,-,-,-,-,3358.6000,3358.4000,3357.8000,3357.6000,3356.4000,3359.0000,3359.2000,3359.4000,3359.6000,3359.8000,1,2,1,5,1,1,1,6,1,1
SF,IH2011,2020-10-14 09:32:43.700,3359.4000,7821,-1,473416140.000,7,3,4,多平,S,3358.6000,3358.4000,3357.8000,3356.4000,3356.2000,3359.6000,3359.8000,3360.2000,3360.8000,3363.0000,1,2,1,1,1,1,1,1,1,5
SF,IH2011,2020-10-14 09:32:44.200,3358.6000,7822,1,475431360.000,2,1,1,空开,S,3358.4000,3356.4000,3356.2000,3355.2000,3355.0000,3359.6000,3359.8000,3360.2000,3360.8000,3361.4000,2,1,1,1,1,1,1,1,1,1
SF,IH2011,2020-10-14 09:32:44.700,3359.6000,7822,0,478454640.000,3,1,2,多换,S,3359.6000,3358.4000,3356.4000,3356.2000,3355.2000,3359.8000,3360.2000,3360.8000,3361.4000,3363.0000,8,2,1,1,1,1,1,1,1,5
SF,IH2011,2020-10-14 09:32:45.200,3359.6000,7825,3,489541440.000,11,7,4,空开,S,3358.4000,3356.4000,3356.2000,3355.2000,3355.0000,3360.2000,3360.8000,3361.4000,3363.0000,3365.4000,2,1,1,1,1,1,1,1,5,1
SF,IH2011,2020-10-14 09:32:45.700,3360.2000,7825,0,493573260.000,4,2,2,多换,S,3360.2000,3358.6000,3358.4000,3356.4000,3356.2000,3360.4000,3360.8000,3361.4000,3362.0000,3362.8000,6,1,3,1,1,1,1,1,1,1
SF,IH2011,2020-10-14 09:32:46.200,3360.2000,7826,1,499621620.000,6,3,3,空开,S,3358.6000,3358.4000,3356.4000,3356.2000,3355.2000,3360.0000,3360.4000,3360.8000,3361.4000,3362.0000,1,2,1,1,1,3,2,1,1,1
SF,IH2011,2020-10-14 09:32:46.700,3358.6000,7826,0,500629200.000,1,0,1,多换,S,3358.6000,3356.4000,3356.2000,3355.2000,3355.0000,3360.2000,3360.4000,3360.8000,3361.4000,3362.0000,1,1,1,1,1,1,2,1,1,1
SF,IH2011,2020-10-14 09:32:47.200,3360.0000,7826,0,502645200.000,2,1,1,多换,S,3358.8000,3358.6000,3356.4000,3356.2000,3355.2000,3360.2000,3360.4000,3360.8000,3361.4000,3362.0000,1,1,1,1,1,1,2,1,1,1
SF,IH2011,2020-10-14 09:32:47.700,3358.6000,7827,1,504660420.000,2,1,1,空开,S,3356.4000,3356.2000,3355.2000,3355.0000,3354.2000,3359.8000,3360.0000,3360.2000,3360.4000,3360.8000,1,1,1,1,2,3,2,1,1,1
SF,IH2011,2020-10-14 09:32:48.200,3358.6000,7827,0,504660420.000,0,-,-,-,-,3357.0000,3356.8000,3356.6000,3356.4000,3356.2000,3359.6000,3360.0000,3360.2000,3360.4000,3360.8000,3,1,1,2,1,2,1,2,1,1
SF,IH2011,2020-10-14 09:32:48.700,3358.6000,7828,1,505668000.000,1,1,0,双开,S,3357.4000,3357.2000,3357.0000,3356.4000,3356.2000,3358.6000,3359.4000,3359.6000,3359.8000,3360.0000,1,2,3,2,1,9,3,2,1,1
SF,IH2011,2020-10-14 09:32:49.200,3358.6000,7830,2,514736220.000,9,5,4,空开,S,3357.6000,3357.4000,3357.2000,3357.0000,3356.4000,3359.6000,3359.8000,3360.0000,3360.2000,3360.4000,5,1,1,1,2,2,1,1,1,1
SF,IH2011,2020-10-14 09:32:49.700,3358.6000,7830,0,514736220.000,0,-,-,-,-,3357.6000,3357.2000,3357.0000,3356.4000,3356.2000,3359.6000,3359.8000,3360.0000,3360.2000,3360.4000,5,1,1,2,1,1,1,1,1,1
SF,IH2011,2020-10-14 09:32:50.200,3358.6000,7830,0,514736220.000,0,-,-,-,-,3358.0000,3357.8000,3357.6000,3357.2000,3357.0000,3359.4000,3359.6000,3359.8000,3360.0000,3360.2000,1,1,5,1,1,1,1,1,1,1
SF,IH2011,2020-10-14 09:32:50.700,3359.6000,7831,1,515744100.000,1,1,0,双开,S,3358.2000,3358.0000,3357.6000,3357.2000,3357.0000,3359.8000,3360.0000,3360.2000,3360.4000,3360.8000,3,1,3,1,1,1,2,1,2,1
SF,IH2011,2020-10-14 09:32:51.200,3359.6000,7831,0,515744100.000,0,-,-,-,-,3358.4000,3358.2000,3358.0000,3357.6000,3357.2000,3359.8000,3360.0000,3360.2000,3360.4000,3360.8000,2,3,1,3,1,1,2,1,2,1
SF,IH2011,2020-10-14 09:32:51.700,3358.6000,7830,-1,517759620.000,2,0,2,多平,S,3358.6000,3358.4000,3358.2000,3358.0000,3357.6000,3360.0000,3360.2000,3360.4000,3360.8000,3365.4000,2,2,1,1,3,1,1,1,1,1
SF,IH2011,2020-10-14 09:32:52.200,3360.0000,7829,-1,518767620.000,1,0,1,双平,S,3358.6000,3358.4000,3358.2000,3357.6000,3357.2000,3360.2000,3360.4000,3360.8000,3365.4000,3365.6000,2,1,2,3,1,1,1,1,1,1
SF,IH2011,2020-10-14 09:32:52.700,3360.4000,7830,1,520783800.000,2,1,1,空开,S,3360.4000,3359.2000,3358.8000,3358.6000,3358.4000,3360.8000,3362.2000,3365.4000,3365.6000,3366.8000,3,1,1,3,1,1,1,1,1,5
SF,IH2011,2020-10-14 09:32:53.200,3360.4000,7831,1,523808280.000,3,2,1,空开,S,3360.4000,3359.2000,3358.8000,3358.6000,3358.4000,3360.6000,3362.2000,3365.4000,3365.6000,3366.8000,1,1,1,1,1,1,1,1,1,5
SF,IH2011,2020-10-14 09:32:53.700,3360.6000,7830,-1,524816460.000,1,0,1,双平,S,3360.6000,3360.4000,3359.2000,3358.8000,3358.6000,3362.2000,3365.4000,3365.6000,3366.8000,3368.6000,1,2,1,1,1,1,1,1,5,1
SF,IH2011,2020-10-14 09:32:54.200,3360.6000,7830,0,525824640.000,1,0,1,多换,S,3360.8000,3360.6000,3360.4000,3359.4000,3359.2000,3361.8000,3362.0000,3362.2000,3363.4000,3365.4000,5,1,1,1,1,3,6,3,1,1
SF,IH2011,2020-10-14 09:32:54.700,3360.8000,7830,0,526832880.000,1,0,1,多换,S,3361.0000,3360.8000,3360.6000,3360.4000,3359.4000,3361.6000,3361.8000,3362.0000,3362.2000,3363.4000,1,4,1,1,1,5,2,1,1,1
SF,IH2011,2020-10-14 09:32:55.200,3361.0000,7831,1,527841180.000,1,1,0,双开,S,3360.8000,3360.6000,3360.4000,3359.4000,3359.2000,3361.6000,3361.8000,3362.2000,3363.4000,3365.4000,4,1,1,1,1,5,2,1,1,1
SF,IH2011,2020-10-14 09:32:55.700,3361.0000,7831,0,527841180.000,0,-,-,-,-,3361.0000,3360.8000,3360.6000,3360.4000,3359.4000,3361.4000,3361.6000,3361.8000,3362.2000,3363.4000,1,4,1,1,1,2,5,2,1,1
SF,IH2011,2020-10-14 09:32:56.200,3361.0000,7831,0,527841180.000,0,-,-,-,-,3361.0000,3360.8000,3360.6000,3360.4000,3359.4000,3361.4000,3361.6000,3361.8000,3362.2000,3363.4000,1,4,1,1,1,2,4,2,1,1
SF,IH2011,2020-10-14 09:32:56.700,3361.0000,7832,1,528849480.000,1,1,0,双开,S,3360.8000,3360.6000,3360.4000,3359.4000,3359.2000,3361.4000,3361.6000,3361.8000,3362.2000,3363.4000,4,1,1,1,1,2,5,2,1,1
SF,IH2011,2020-10-14 09:32:57.200,3361.0000,7832,0,528849480.000,0,-,-,-,-,3360.8000,3360.6000,3360.4000,3359.4000,3359.2000,3361.0000,3361.4000,3361.6000,3361.8000,3362.2000,4,1,1,1,1,1,1,4,2,1
SF,IH2011,2020-10-14 09:32:57.700,3361.0000,7832,0,529857780.000,1,0,1,多换,S,3361.0000,3360.8000,3360.6000,3360.4000,3359.4000,3361.4000,3361.6000,3361.8000,3362.2000,3365.4000,1,4,1,1,1,1,4,2,1,1
SF,IH2011,2020-10-14 09:32:58.200,3361.0000,7833,1,530866080.000,1,1,0,双开,S,3361.0000,3360.8000,3360.6000,3360.4000,3359.4000,3361.4000,3361.6000,3361.8000,3362.2000,3363.2000,1,4,1,1,1,1,4,2,1,1
SF,IH2011,2020-10-14 09:32:58.700,3361.0000,7829,-4,536916720.000,6,1,5,多平,S,3360.8000,3360.6000,3360.4000,3359.4000,3359.2000,3362.2000,3363.2000,3365.4000,3365.6000,3366.8000,4,1,1,1,1,1,1,1,1,5
SF,IH2011,2020-10-14 09:32:59.200,3361.0000,7829,0,537925020.000,1,0,1,多换,S,3361.0000,3360.8000,3360.6000,3360.4000,3359.4000,3362.2000,3363.2000,3364.0000,3365.4000,3365.6000,3,4,1,1,1,1,1,1,1,1
SF,IH2011,2020-10-14 09:32:59.700,3361.0000,7829,0,538933320.000,1,0,1,多换,S,3361.2000,3361.0000,3360.8000,3360.6000,3360.4000,3362.2000,3363.2000,3364.0000,3365.4000,3365.6000,1,3,4,1,1,1,1,1,1,1
SF,IH2011,2020-10-14 09:33:00.200,3361.2000,7829,0,539941680.000,1,0,1,多换,S,3361.4000,3361.2000,3361.0000,3360.8000,3360.6000,3363.2000,3364.0000,3365.4000,3365.6000,3366.8000,1,1,2,3,1,1,1,1,1,5
SF,IH2011,2020-10-14 09:33:00.700,3361.2000,7829,0,539941680.000,0,-,-,-,-,3361.6000,3361.4000,3360.8000,3360.6000,3360.4000,3362.8000,3363.0000,3363.2000,3363.4000,3364.0000,1,1,3,1,1,3,6,3,1,1
SF,IH2011,2020-10-14 09:33:01.200,3361.6000,7829,0,541958640.000,2,1,1,多换,S,3361.4000,3360.8000,3360.6000,3360.4000,3359.6000,3362.6000,3362.8000,3363.2000,3363.4000,3364.0000,1,3,1,1,1,7,3,3,1,1
SF,IH2011,2020-10-14 09:33:01.700,3361.6000,7829,0,541958640.000,0,-,-,-,-,3361.6000,3361.4000,3360.8000,3360.6000,3360.4000,3362.0000,3362.6000,3362.8000,3363.2000,3363.4000,1,2,3,1,1,1,9,3,1,1
SF,IH2011,2020-10-14 09:33:02.200,3361.8000,7828,-1,543975780.000,2,0,2,多平,S,3361.6000,3361.4000,3361.2000,3360.8000,3360.6000,3362.6000,3363.2000,3363.4000,3364.0000,3365.4000,1,1,1,3,1,8,1,1,1,1
SF,IH2011,2020-10-14 09:33:02.700,3362.2000,7831,3,547001760.000,3,3,0,双开,S,3362.2000,3361.8000,3361.6000,3361.4000,3361.2000,3362.6000,3363.2000,3363.4000,3364.0000,3365.4000,2,3,2,1,1,8,1,1,1,1
SF,IH2011,2020-10-14 09:33:03.200,3362.6000,7829,-2,549019320.000,2,0,2,双平,S,3362.2000,3361.8000,3361.2000,3360.8000,3360.6000,3362.6000,3363.2000,3363.4000,3364.0000,3365.4000,2,3,1,3,1,2,1,1,1,1
SF,IH2011,2020-10-14 09:33:03.700,3362.2000,7828,-1,552045540.000,3,1,2,多平,S,3362.4000,3362.2000,3361.8000,3361.2000,3360.8000,3363.2000,3363.4000,3364.0000,3365.4000,3365.6000,2,2,3,1,3,1,1,1,1,1
SF,IH2011,2020-10-14 09:33:04.200,3362.4000,7830,2,557089080.000,5,3,2,空开,S,3362.6000,3361.8000,3361.2000,3360.6000,3360.4000,3363.0000,3363.2000,3363.4000,3364.0000,3365.4000,3,3,1,1,1,2,1,1,1,1
SF,IH2011,2020-10-14 09:33:04.700,3362.6000,7830,0,561124200.000,4,2,2,多换,S,3361.2000,3360.6000,3360.4000,3359.8000,3359.2000,3362.6000,3362.8000,3363.0000,3363.2000,3363.4000,1,1,1,1,1,1,1,1,1,1
SF,IH2011,2020-10-14 09:33:05.200,3362.6000,7832,2,564150540.000,3,2,1,空开,S,3362.8000,3361.4000,3361.2000,3360.6000,3360.4000,3363.0000,3363.2000,3363.4000,3364.0000,3365.4000,1,3,1,1,1,1,1,1,1,1
SF,IH2011,2020-10-14 09:33:05.700,3362.8000,7833,1,568185900.000,4,2,2,空开,S,3361.4000,3361.2000,3360.6000,3360.4000,3359.2000,3362.2000,3363.0000,3363.2000,3363.4000,3364.0000,1,1,1,1,1,1,1,1,1,1
SF,IH2011,2020-10-14 09:33:06.200,3361.4000,7833,0,570202740.000,2,1,1,多换,S,3361.6000,3361.2000,3360.6000,3360.4000,3359.2000,3362.2000,3362.8000,3363.0000,3363.2000,3363.4000,2,1,1,1,1,1,1,1,1,1
SF,IH2011,2020-10-14 09:33:06.700,3361.6000,7833,0,572219700.000,2,1,1,多换,S,3361.2000,3360.6000,3359.4000,3359.2000,3358.0000,3361.6000,3362.2000,3362.6000,3363.0000,3363.2000,1,1,1,1,1,1,1,1,1,1
SF,IH2011,2020-10-14 09:33:07.200,3361.2000,7833,0,573228060.000,1,0,1,多换,S,3360.6000,3359.4000,3359.2000,3358.0000,3357.2000,3361.4000,3361.6000,3362.2000,3362.6000,3363.0000,1,1,1,1,1,1,1,2,1,1
SF,IH2011,2020-10-14 09:33:07.700,3361.2000,7833,0,573228060.000,0,-,-,-,-,3359.4000,3359.2000,3358.0000,3357.2000,3357.0000,3361.2000,3361.4000,3361.6000,3362.2000,3362.4000,1,1,1,1,1,1,1,1,2,1
SF,IH2011,2020-10-14 09:33:08.200,3361.2000,7833,0,573228060.000,0,-,-,-,-,3359.6000,3359.4000,3359.2000,3358.0000,3357.2000,3361.2000,3361.4000,3361.6000,3362.2000,3362.4000,3,1,1,1,1,1,1,1,2,2
SF,IH2011,2020-10-14 09:33:08.700,3361.2000,7832,-1,574236420.000,1,0,1,双平,S,3360.0000,3359.6000,3359.4000,3358.0000,3357.2000,3361.2000,3361.4000,3362.2000,3362.4000,3363.0000,1,3,1,1,1,1,1,2,2,1
SF,IH2011,2020-10-14 09:33:09.200,3361.2000,7832,0,574236420.000,0,-,-,-,-,3360.2000,3360.0000,3359.6000,3359.4000,3358.0000,3361.2000,3361.4000,3362.2000,3362.4000,3363.0000,4,1,1,1,1,1,2,1,2,1
SF,IH2011,2020-10-14 09:33:09.700,3361.2000,7832,0,574236420.000,0,-,-,-,-,3360.2000,3359.6000,3359.4000,3358.0000,3357.2000,3361.0000,3361.2000,3361.4000,3362.2000,3362.4000,4,1,1,1,1,1,1,2,1,2
SF,IH2011,2020-10-14 09:33:10.200,3361.2000,7832,0,574236420.000,0,-,-,-,-,3360.4000,3360.2000,3359.6000,3359.4000,3358.0000,3361.0000,3361.2000,3361.4000,3362.2000,3362.4000,1,3,1,1,1,1,1,2,1,2
SF,IH2011,2020-10-14 09:33:10.700,3360.4000,7833,1,576252660.000,2,1,1,空开,S,3360.2000,3359.4000,3358.0000,3357.2000,3357.0000,3360.8000,3361.0000,3361.2000,3361.4000,3362.2000,2,1,1,1,1,2,1,1,2,1
SF,IH2011,2020-10-14 09:33:11.200,3360.2000,7831,-2,578268780.000,2,0,2,双平,S,3359.4000,3358.0000,3357.2000,3357.0000,3356.4000,3360.6000,3360.8000,3361.2000,3361.4000,3362.2000,1,1,1,1,1,1,2,1,1,1
SF,IH2011,2020-10-14 09:33:11.700,3360.2000,7831,0,578268780.000,0,-,-,-,-,3359.6000,3359.4000,3358.0000,3357.2000,3357.0000,3360.2000,3360.4000,3360.6000,3360.8000,3361.2000,1,1,1,1,1,2,1,1,1,1
SF,IH2011,2020-10-14 09:33:12.200,3360.2000,7831,0,578268780.000,0,-,-,-,-,3359.6000,3359.4000,3358.0000,3357.2000,3357.0000,3360.4000,3360.6000,3360.8000,3361.2000,3362.2000,1,1,1,1,1,2,1,1,1,1
SF,IH2011,2020-10-14 09:33:12.700,3360.6000,7833,2,583308960.000,5,3,2,空开,S,3360.6000,3358.0000,3357.2000,3357.0000,3356.4000,3360.8000,3361.2000,3362.2000,3362.4000,3363.4000,6,1,1,1,1,1,1,1,2,1
SF,IH2011,2020-10-14 09:33:13.200,3360.6000,7833,0,589358040.000,6,3,3,多换,S,3358.0000,3357.2000,3357.0000,3356.4000,3356.2000,3359.6000,3360.4000,3360.8000,3361.2000,3362.2000,1,1,1,1,1,1,1,1,1,1
SF,IH2011,2020-10-14 09:33:13.700,3359.6000,7833,0,590365920.000,1,0,1,多换,S,3358.2000,3358.0000,3357.2000,3357.0000,3356.4000,3360.4000,3361.2000,3362.4000,3363.4000,3365.4000,3,2,1,1,1,1,1,1,1,1
SF,IH2011,2020-10-14 09:33:14.200,3359.6000,7833,0,590365920.000,0,-,-,-,-,3360.0000,3358.6000,3358.2000,3358.0000,3357.2000,3360.4000,3360.6000,3361.2000,3363.4000,3365.4000,5,2,2,1,1,2,2,1,1,1
SF,IH2011,2020-10-14 09:33:14.700,3360.4000,7832,-1,592382160.000,2,0,2,多平,S,3360.2000,3360.0000,3358.6000,3358.2000,3358.0000,3360.6000,3361.2000,3363.4000,3365.4000,3365.6000,1,5,1,2,1,3,1,1,1,1
SF,IH2011,2020-10-14 09:33:15.200,3360.0000,7833,1,596414280.000,4,2,2,空开,S,3360.0000,3358.6000,3358.2000,3358.0000,3357.2000,3360.6000,3361.2000,3363.4000,3365.4000,3365.6000,3,1,2,1,1,1,1,1,1,1
SF,IH2011,2020-10-14 09:33:15.700,3360.0000,7834,1,597422280.000,1,1,0,双开,S,3360.0000,3358.2000,3358.0000,3357.2000,3356.4000,3360.4000,3361.2000,3363.4000,3365.4000,3365.6000,2,1,1,1,1,3,1,1,1,1
SF,IH2011,2020-10-14 09:33:16.200,3360.0000,7834,0,599438280.000,2,1,1,多换,S,3358.2000,3358.0000,3357.2000,3356.4000,3356.2000,3360.0000,3360.4000,3360.6000,3361.2000,3363.4000,1,1,1,1,1,1,3,1,1,1
SF,IH2011,2020-10-14 09:33:16.700,3360.0000,7834,0,599438280.000,0,-,-,-,-,3358.4000,3358.2000,3358.0000,3357.2000,3356.4000,3359.8000,3360.6000,3361.2000,3362.0000,3363.4000,1,1,1,1,1,1,2,1,1,1
SF,IH2011,2020-10-14 09:33:17.200,3359.6000,7834,0,602461320.000,3,1,2,多换,S,3358.0000,3357.2000,3356.4000,3356.2000,3355.2000,3358.2000,3359.8000,3360.4000,3360.6000,3361.2000,1,1,1,1,1,1,1,1,2,1
SF,IH2011,2020-10-14 09:33:17.700,3358.2000,7834,0,603468780.000,1,0,1,多换,S,3358.2000,3358.0000,3357.2000,3356.4000,3356.2000,3359.8000,3360.4000,3360.6000,3361.2000,3362.0000,1,1,1,1,1,1,1,2,1,1
SF,IH2011,2020-10-14 09:33:18.200,3358.2000,7834,0,603468780.000,0,-,-,-,-,3358.4000,3358.2000,3358.0000,3357.2000,3356.4000,3359.6000,3359.8000,3360.4000,3360.6000,3361.2000,1,1,1,1,1,2,1,1,2,1
SF,IH2011,2020-10-14 09:33:18.700,3358.2000,7834,0,603468780.000,0,-,-,-,-,3358.4000,3358.2000,3358.0000,3357.2000,3356.4000,3359.4000,3359.6000,3360.4000,3360.6000,3361.2000,1,1,1,1,1,2,2,1,1,1
SF,IH2011,2020-10-14 09:33:19.200,3358.4000,7835,1,605483820.000,2,1,1,空开,S,3358.2000,3358.0000,3357.2000,3356.4000,3356.2000,3358.4000,3359.4000,3359.6000,3360.4000,3360.6000,1,1,1,1,1,1,2,1,2,1
SF,IH2011,2020-10-14 09:33:19.700,3358.4000,7835,0,606491340.000,1,0,1,多换,S,3358.4000,3358.2000,3358.0000,3357.2000,3356.4000,3359.4000,3359.6000,3360.4000,3360.6000,3361.2000,1,2,1,1,1,2,1,2,1,1
SF,IH2011,2020-10-14 09:33:20.200,3358.4000,7835,0,606491340.000,0,-,-,-,-,3358.4000,3358.2000,3358.0000,3357.2000,3356.4000,3359.4000,3359.6000,3360.4000,3360.6000,3361.2000,1,1,1,1,1,2,1,2,1,1
SF,IH2011,2020-10-14 09:33:20.700,3358.4000,7835,0,607498860.000,1,0,1,多换,S,3358.0000,3357.2000,3356.4000,3356.2000,3355.2000,3358.4000,3359.4000,3360.4000,3360.6000,3361.2000,1,1,1,1,1,1,2,2,1,1
SF,IH2011,2020-10-14 09:33:21.200,3358.4000,7835,0,609513900.000,2,1,1,多换,S,3358.0000,3357.2000,3356.4000,3356.2000,3355.2000,3359.4000,3360.4000,3360.6000,3361.2000,3362.0000,2,1,1,1,1,2,2,1,1,1
SF,IH2011,2020-10-14 09:33:22.200,3358.4000,7835,0,609513900.000,0,-,-,-,-,3358.0000,3357.2000,3356.4000,3356.2000,3355.2000,3359.4000,3360.4000,3360.6000,3361.2000,3362.0000,2,1,1,1,1,1,2,1,1,1
SF,IH2011,2020-10-14 09:33:22.700,3358.4000,7837,2,611528940.000,2,2,0,双开,S,3358.8000,3358.0000,3357.2000,3356.4000,3356.2000,3359.2000,3359.4000,3360.4000,3360.6000,3361.2000,3,2,1,1,1,1,1,2,1,1
SF,IH2011,2020-10-14 09:33:23.200,3358.8000,7838,1,614551860.000,3,2,1,空开,S,3358.4000,3358.0000,3357.2000,3356.4000,3356.2000,3359.0000,3359.2000,3359.4000,3359.6000,3360.4000,1,1,1,1,1,1,1,1,1,2
SF,IH2011,2020-10-14 09:33:23.700,3358.8000,7838,0,614551860.000,0,-,-,-,-,3358.4000,3358.0000,3357.8000,3357.2000,3356.4000,3358.8000,3359.0000,3359.2000,3359.4000,3359.6000,2,1,1,1,1,1,1,1,1,1
SF,IH2011,2020-10-14 09:33:24.200,3358.8000,7838,0,615559500.000,1,0,1,多换,S,3358.4000,3358.0000,3357.8000,3357.2000,3356.4000,3359.0000,3359.4000,3359.6000,3360.4000,3360.6000,2,1,1,1,1,12,1,1,1,1
SF,IH2011,2020-10-14 09:33:24.700,3358.4000,7837,-1,619590120.000,4,1,3,多平,S,3358.4000,3358.0000,3357.8000,3357.2000,3356.4000,3359.0000,3359.2000,3359.4000,3359.6000,3360.4000,2,1,1,1,1,9,1,1,1,1
SF,IH2011,2020-10-14 09:33:25.200,3358.4000,7837,0,619590120.000,0,-,-,-,-,3358.6000,3358.4000,3358.0000,3357.8000,3357.2000,3359.0000,3359.2000,3359.4000,3359.6000,3360.4000,2,2,1,1,1,9,1,1,1,1
SF,IH2011,2020-10-14 09:33:25.700,3358.4000,7837,0,620597640.000,1,0,1,多换,S,3358.6000,3358.4000,3358.0000,3357.8000,3357.2000,3359.0000,3359.2000,3359.4000,3359.6000,3360.4000,1,1,1,1,1,9,1,1,1,1
SF,IH2011,2020-10-14 09:33:26.200,3358.4000,7837,0,620597640.000,0,-,-,-,-,3358.6000,3358.4000,3358.0000,3357.8000,3357.2000,3359.0000,3359.2000,3359.4000,3360.4000,3360.6000,2,1,1,1,1,9,1,1,1,1
SF,IH2011,2020-10-14 09:33:27.200,3358.6000,7837,0,621605220.000,1,0,1,多换,S,3358.6000,3358.4000,3358.0000,3357.8000,3357.2000,3359.0000,3359.2000,3359.4000,3360.4000,3360.6000,1,1,1,1,1,9,1,1,1,1
SF,IH2011,2020-10-14 09:33:27.700,3359.0000,7837,0,623620620.000,2,1,1,多换,S,3358.6000,3358.4000,3358.0000,3357.8000,3357.2000,3359.0000,3359.2000,3359.4000,3360.4000,3360.6000,1,1,1,1,1,7,1,1,1,1
SF,IH2011,2020-10-14 09:33:28.200,3359.0000,7837,0,625636020.000,2,1,1,多换,S,3358.6000,3358.4000,3358.0000,3357.8000,3357.2000,3359.0000,3359.2000,3359.4000,3360.4000,3360.6000,1,1,1,1,1,6,1,1,1,1
SF,IH2011,2020-10-14 09:33:28.700,3359.0000,7837,0,627651420.000,2,1,1,多换,S,3358.8000,3358.6000,3358.4000,3358.0000,3357.8000,3359.0000,3359.2000,3359.4000,3360.4000,3360.6000,3,1,1,1,1,4,1,1,1,1
SF,IH2011,2020-10-14 09:33:29.200,3358.8000,7835,-2,634705260.000,7,2,5,多平,S,3358.8000,3358.4000,3358.0000,3357.8000,3357.2000,3359.4000,3360.4000,3360.6000,3363.4000,3365.4000,1,1,1,1,1,1,1,1,1,1
SF,IH2011,2020-10-14 09:33:29.700,3359.4000,7834,-1,635713080.000,1,0,1,双平,S,3358.8000,3358.4000,3358.0000,3357.8000,3357.2000,3360.4000,3360.6000,3363.4000,3365.4000,3365.6000,2,1,1,1,1,1,1,1,1,1
SF,IH2011,2020-10-14 09:33:30.200,3359.4000,7834,0,635713080.000,0,-,-,-,-,3359.0000,3358.8000,3358.4000,3358.0000,3357.8000,3359.6000,3360.2000,3360.4000,3360.6000,3363.4000,1,2,1,1,1,1,4,1,1,1
SF,IH2011,2020-10-14 09:33:30.700,3359.0000,7836,2,638736420.000,3,2,1,空开,S,3358.8000,3358.4000,3358.0000,3357.8000,3357.2000,3360.2000,3360.4000,3363.4000,3365.4000,3365.6000,1,1,1,1,1,4,1,1,1,1
SF,IH2011,2020-10-14 09:33:31.200,3359.0000,7836,0,638736420.000,0,-,-,-,-,3358.8000,3358.4000,3358.0000,3357.8000,3357.2000,3360.2000,3360.4000,3363.4000,3365.4000,3365.6000,2,1,1,1,1,4,1,1,1,1
SF,IH2011,2020-10-14 09:33:31.700,3359.0000,7836,0,638736420.000,0,-,-,-,-,3359.0000,3358.8000,3358.4000,3358.0000,3357.8000,3360.0000,3360.2000,3360.4000,3363.4000,3365.4000,1,2,1,1,1,1,4,1,1,1
SF,IH2011,2020-10-14 09:33:32.200,3359.0000,7836,0,639744120.000,1,0,1,多换,S,3359.0000,3358.8000,3358.4000,3358.0000,3357.8000,3360.0000,3360.2000,3360.4000,3363.4000,3365.4000,1,1,1,1,1,1,2,1,1,1
SF,IH2011,2020-10-14 09:33:32.700,3359.0000,7836,0,639744120.000,0,-,-,-,-,3359.4000,3359.0000,3358.8000,3358.4000,3358.0000,3359.8000,3360.2000,3360.4000,3361.4000,3363.4000,5,1,1,1,1,1,1,1,1,1
SF,IH2011,2020-10-14 09:33:33.200,3359.4000,7837,1,642767700.000,3,2,1,空开,S,3359.4000,3358.8000,3358.4000,3358.0000,3357.8000,3359.6000,3360.4000,3361.4000,3363.4000,3365.4000,3,1,1,1,1,1,1,1,1,1
SF,IH2011,2020-10-14 09:33:33.700,3359.4000,7837,0,644783400.000,2,1,1,多换,S,3359.6000,3359.4000,3358.8000,3358.4000,3358.0000,3360.4000,3361.4000,3363.4000,3365.4000,3365.6000,1,2,1,1,1,1,1,1,1,1
SF,IH2011,2020-10-14 09:33:34.200,3359.6000,7837,0,645791280.000,1,0,1,多换,S,3359.4000,3358.8000,3358.4000,3358.0000,3357.8000,3360.2000,3360.4000,3360.6000,3361.4000,3363.4000,2,1,1,1,1,2,1,1,1,1
SF,IH2011,2020-10-14 09:33:34.700,3359.4000,7839,2,647806920.000,2,2,0,双开,S,3358.8000,3358.4000,3358.0000,3357.8000,3357.2000,3359.4000,3360.2000,3360.4000,3360.6000,3361.4000,1,1,1,1,2,1,1,1,1,1
SF,IH2011,2020-10-14 09:33:35.200,3359.4000,7839,0,648814740.000,1,0,1,多换,S,3358.8000,3358.4000,3358.0000,3357.8000,3357.2000,3359.4000,3360.2000,3360.4000,3360.6000,3361.4000,2,1,1,1,2,1,1,1,1,1
SF,IH2011,2020-10-14 09:33:35.700,3359.4000,7838,-1,649822560.000,1,0,1,双平,S,3359.0000,3358.8000,3358.4000,3358.0000,3357.8000,3360.2000,3360.4000,3360.6000,3361.4000,3363.4000,3,2,1,1,1,1,1,1,1,1
SF,IH2011,2020-10-14 09:33:36.200,3359.4000,7838,0,649822560.000,0,-,-,-,-,3359.2000,3359.0000,3358.8000,3358.4000,3358.0000,3360.2000,3360.4000,3360.6000,3361.4000,3363.4000,3,2,1,1,1,1,1,1,1,1
SF,IH2011,2020-10-14 09:33:36.700,3359.0000,7838,0,650830260.000,1,0,1,多换,S,3359.4000,3359.0000,3358.8000,3358.4000,3358.0000,3360.0000,3360.2000,3360.4000,3360.6000,3361.4000,1,1,1,1,1,1,1,1,1,1
SF,IH2011,2020-10-14 09:33:37.200,3359.0000,7838,0,650830260.000,0,-,-,-,-,3359.4000,3359.0000,3358.4000,3358.0000,3357.8000,3359.8000,3360.0000,3360.4000,3360.6000,3361.4000,1,1,1,1,1,1,1,1,1,1
SF,IH2011,2020-10-14 09:33:37.700,3359.4000,7839,1,651838080.000,1,1,0,双开,S,3359.0000,3358.4000,3358.0000,3357.8000,3357.2000,3359.8000,3360.0000,3360.4000,3360.6000,3361.4000,1,1,1,1,2,1,1,1,1,1
SF,IH2011,2020-10-14 09:33:38.200,3359.4000,7839,0,651838080.000,0,-,-,-,-,3359.0000,3358.4000,3358.0000,3357.8000,3357.2000,3359.8000,3360.0000,3360.4000,3360.6000,3363.4000,2,1,1,1,2,1,1,1,1,1
SF,IH2011,2020-10-14 09:33:38.700,3359.4000,7839,0,651838080.000,0,-,-,-,-,3359.0000,3358.4000,3358.0000,3357.8000,3357.2000,3359.8000,3360.0000,3360.4000,3363.4000,3365.4000,2,1,1,1,2,1,1,1,1,1
SF,IH2011,2020-10-14 09:33:39.200,3359.4000,7839,0,651838080.000,0,-,-,-,-,3359.2000,3359.0000,3358.4000,3358.0000,3357.8000,3359.8000,3360.0000,3360.4000,3361.4000,3363.4000,1,2,1,1,1,1,2,1,1,1
SF,IH2011,2020-10-14 09:33:39.700,3359.4000,7839,0,651838080.000,0,-,-,-,-,3359.2000,3359.0000,3358.4000,3358.0000,3357.8000,3359.8000,3360.0000,3360.4000,3361.4000,3363.4000,1,1,1,1,1,1,2,1,1,1
SF,IH2011,2020-10-14 09:33:40.200,3359.2000,7839,0,652845840.000,1,0,1,多换,S,3358.4000,3358.0000,3357.8000,3357.2000,3356.4000,3359.8000,3360.0000,3360.4000,3361.4000,3363.4000,1,1,1,2,1,1,3,1,1,1
SF,IH2011,2020-10-14 09:33:40.700,3359.2000,7839,0,652845840.000,0,-,-,-,-,3358.8000,3358.6000,3358.4000,3358.0000,3357.8000,3359.8000,3360.0000,3360.4000,3361.4000,3363.4000,4,3,2,1,1,1,2,1,1,1
SF,IH2011,2020-10-14 09:33:41.200,3359.2000,7839,0,652845840.000,0,-,-,-,-,3358.8000,3358.6000,3358.4000,3358.0000,3357.8000,3359.8000,3360.0000,3360.4000,3361.4000,3363.4000,1,2,1,1,1,1,2,2,1,1
SF,IH2011,2020-10-14 09:33:41.700,3358.8000,7838,-1,656876400.000,4,1,3,多平,S,3359.6000,3358.8000,3358.4000,3358.2000,3358.0000,3359.8000,3360.0000,3360.4000,3361.4000,3363.4000,1,1,1,1,1,1,2,2,1,1
SF,IH2011,2020-10-14 09:33:42.200,3359.6000,7838,0,657884280.000,1,0,1,多换,S,3359.2000,3358.4000,3358.2000,3358.0000,3357.8000,3359.6000,3359.8000,3360.0000,3360.4000,3363.4000,2,1,1,1,1,1,1,2,2,1
SF,IH2011,2020-10-14 09:33:42.700,3360.0000,7838,0,664939260.000,7,3,4,多换,S,3359.2000,3358.4000,3358.2000,3358.0000,3357.8000,3359.6000,3360.0000,3360.4000,3363.4000,3365.4000,1,1,1,1,1,1,1,2,1,1
SF,IH2011,2020-10-14 09:33:43.200,3359.2000,7838,0,665947020.000,1,0,1,多换,S,3358.4000,3358.2000,3358.0000,3357.8000,3357.2000,3359.2000,3359.6000,3360.0000,3360.4000,3363.4000,1,1,1,1,2,1,1,1,2,1
SF,IH2011,2020-10-14 09:33:43.700,3359.2000,7837,-1,666954780.000,1,0,1,双平,S,3358.4000,3358.2000,3358.0000,3357.8000,3357.2000,3359.2000,3359.6000,3360.0000,3360.4000,3363.4000,1,1,1,1,2,1,1,1,2,1
SF,IH2011,2020-10-14 09:33:44.200,3359.2000,7837,0,666954780.000,0,-,-,-,-,3358.4000,3358.2000,3358.0000,3357.8000,3357.2000,3359.2000,3359.6000,3360.0000,3360.4000,3363.4000,2,1,1,1,2,1,1,2,1,1
SF,IH2011,2020-10-14 09:33:44.700,3359.6000,7839,2,669978300.000,3,2,1,空开,S,3359.6000,3358.4000,3358.2000,3358.0000,3357.8000,3360.0000,3360.4000,3363.4000,3365.4000,3365.6000,7,2,1,1,1,2,1,1,1,1
SF,IH2011,2020-10-14 09:33:45.200,3358.4000,7839,0,678040980.000,8,4,4,多换,S,3358.2000,3358.0000,3357.8000,3357.2000,3356.4000,3359.6000,3359.8000,3360.0000,3360.4000,3363.4000,1,1,1,2,1,2,5,2,1,1
SF,IH2011,2020-10-14 09:33:45.700,3358.4000,7839,0,678040980.000,0,-,-,-,-,3358.4000,3358.2000,3358.0000,3357.8000,3357.2000,3359.4000,3359.6000,3359.8000,3360.0000,3360.4000,1,2,1,1,2,1,2,2,2,1
SF,IH2011,2020-10-14 09:33:46.200,3358.4000,7839,0,678040980.000,0,-,-,-,-,3358.2000,3358.0000,3357.8000,3357.2000,3356.4000,3359.2000,3359.4000,3359.6000,3359.8000,3360.0000,1,1,1,2,1,1,1,2,2,1
SF,IH2011,2020-10-14 09:33:46.700,3358.4000,7839,0,678040980.000,0,-,-,-,-,3358.2000,3358.0000,3357.8000,3357.2000,3356.4000,3358.4000,3359.2000,3359.4000,3359.6000,3359.8000,2,1,1,2,1,1,1,1,2,2
SF,IH2011,2020-10-14 09:33:47.200,3358.4000,7839,0,679048500.000,1,0,1,多换,S,3358.2000,3358.0000,3357.8000,3357.2000,3356.4000,3359.2000,3359.4000,3359.6000,3359.8000,3360.0000,2,1,1,2,1,1,2,1,2,1
SF,IH2011,2020-10-14 09:33:48.700,3358.4000,7839,0,679048500.000,0,-,-,-,-,3358.2000,3358.0000,3357.8000,3357.2000,3356.4000,3359.2000,3359.4000,3359.8000,3360.0000,3360.4000,2,1,1,2,1,1,2,2,1,1
SF,IH2011,2020-10-14 09:33:49.200,3358.2000,7839,0,680055960.000,1,0,1,多换,S,3358.2000,3358.0000,3357.8000,3357.2000,3356.4000,3359.2000,3359.4000,3359.8000,3360.0000,3360.4000,1,1,1,2,1,1,2,2,1,1
SF,IH2011,2020-10-14 09:33:49.700,3358.2000,7840,1,681063420.000,1,1,0,双开,S,3358.2000,3358.0000,3357.8000,3357.2000,3356.4000,3359.0000,3359.2000,3359.4000,3359.8000,3360.0000,1,1,1,2,1,1,1,2,2,1
SF,IH2011,2020-10-14 09:33:50.200,3358.2000,7840,0,681063420.000,0,-,-,-,-,3358.2000,3358.0000,3357.8000,3357.2000,3356.4000,3358.8000,3359.4000,3359.8000,3360.0000,3360.4000,1,1,1,2,1,1,2,2,1,1
SF,IH2011,2020-10-14 09:33:51.700,3358.2000,7841,1,682070880.000,1,1,0,双开,S,3358.0000,3357.8000,3357.2000,3356.4000,3356.2000,3358.8000,3359.2000,3359.4000,3359.8000,3360.0000,1,1,2,1,1,1,1,2,2,1
SF,IH2011,2020-10-14 09:33:52.700,3358.2000,7841,0,682070880.000,0,-,-,-,-,3358.0000,3357.8000,3357.2000,3356.4000,3356.2000,3358.8000,3359.2000,3359.4000,3359.8000,3360.0000,2,1,2,1,1,1,1,2,2,1
SF,IH2011,2020-10-14 09:33:53.200,3358.2000,7841,0,682070880.000,0,-,-,-,-,3358.6000,3358.0000,3357.8000,3357.2000,3356.4000,3358.8000,3359.2000,3359.4000,3359.8000,3360.0000,5,2,1,2,1,1,1,2,2,1
SF,IH2011,2020-10-14 09:33:53.700,3358.0000,7842,1,688116180.000,6,3,3,空开,S,3357.8000,3357.2000,3356.4000,3356.2000,3355.2000,3358.8000,3359.2000,3359.4000,3359.8000,3360.0000,1,2,1,1,1,1,1,2,2,1
SF,IH2011,2020-10-14 09:33:54.200,3358.0000,7842,0,688116180.000,0,-,-,-,-,3357.8000,3357.2000,3356.4000,3356.2000,3355.2000,3358.6000,3358.8000,3359.2000,3359.4000,3359.8000,2,2,1,1,1,1,1,1,1,2
SF,IH2011,2020-10-14 09:33:54.700,3358.0000,7842,0,688116180.000,0,-,-,-,-,3358.4000,3357.8000,3357.2000,3356.4000,3356.2000,3358.6000,3358.8000,3359.2000,3359.4000,3359.8000,3,2,2,1,1,1,1,1,1,2
SF,IH2011,2020-10-14 09:33:55.200,3358.6000,7841,-1,689123760.000,1,0,1,双平,S,3358.4000,3357.8000,3357.2000,3356.4000,3355.2000,3358.8000,3359.2000,3359.4000,3359.8000,3360.0000,3,1,2,1,1,1,1,1,2,1
SF,IH2011,2020-10-14 09:33:55.700,3358.4000,7842,1,691138860.000,2,1,1,空开,S,3358.4000,3357.8000,3357.2000,3356.4000,3355.2000,3358.8000,3359.2000,3359.4000,3359.8000,3360.0000,2,1,2,1,1,1,1,1,2,1
SF,IH2011,2020-10-14 09:33:56.200,3358.4000,7842,0,691138860.000,0,-,-,-,-,3358.4000,3357.8000,3357.2000,3356.4000,3355.2000,3358.8000,3359.2000,3359.4000,3359.8000,3360.0000,3,1,2,1,1,1,1,1,2,1
SF,IH2011,2020-10-14 09:33:57.200,3358.4000,7842,0,691138860.000,0,-,-,-,-,3358.4000,3357.8000,3357.2000,3356.4000,3355.2000,3358.8000,3359.2000,3359.4000,3359.8000,3360.0000,3,1,2,1,1,1,1,1,2,1
SF,IH2011,2020-10-14 09:33:57.700,3358.4000,7844,2,695169600.000,4,3,1,空开,S,3358.4000,3357.8000,3357.2000,3356.4000,3355.2000,3359.8000,3360.0000,3360.4000,3363.4000,3365.4000,2,1,2,1,1,2,1,1,1,1
SF,IH2011,2020-10-14 09:33:58.200,3358.4000,7844,0,695169600.000,0,-,-,-,-,3358.4000,3357.8000,3357.2000,3356.4000,3355.2000,3359.6000,3359.8000,3360.0000,3360.4000,3363.4000,2,1,2,1,1,6,3,1,1,1
SF,IH2011,2020-10-14 09:33:58.700,3359.6000,7844,0,698193240.000,3,1,2,多换,S,3358.4000,3357.8000,3357.2000,3356.4000,3355.2000,3359.4000,3359.6000,3359.8000,3360.0000,3360.4000,2,1,2,1,1,2,3,1,1,1
SF,IH2011,2020-10-14 09:33:59.200,3358.6000,7844,0,699200820.000,1,0,1,多换,S,3358.4000,3357.8000,3357.2000,3356.4000,3355.2000,3359.2000,3359.4000,3359.6000,3359.8000,3360.0000,2,1,2,1,1,4,2,1,1,1
SF,IH2011,2020-10-14 09:33:59.700,3358.4000,7844,0,701215860.000,2,1,1,多换,S,3357.8000,3357.2000,3356.4000,3355.2000,3355.0000,3359.2000,3359.4000,3359.6000,3359.8000,3360.0000,1,2,1,1,1,1,2,1,1,1
SF,IH2011,2020-10-14 09:34:00.200,3358.4000,7844,0,701215860.000,0,-,-,-,-,3358.0000,3357.8000,3357.2000,3356.4000,3355.2000,3359.2000,3359.4000,3359.6000,3359.8000,3360.0000,1,1,2,1,1,1,2,1,1,1
SF,IH2011,2020-10-14 09:34:00.700,3358.4000,7844,0,701215860.000,0,-,-,-,-,3358.0000,3357.8000,3357.2000,3356.4000,3355.2000,3359.0000,3359.2000,3359.6000,3359.8000,3360.0000,1,1,2,1,1,4,1,1,1,1
SF,IH2011,2020-10-14 09:34:01.200,3358.0000,7844,0,702223260.000,1,0,1,多换,S,3358.0000,3357.8000,3357.2000,3356.4000,3355.2000,3359.0000,3359.2000,3359.6000,3359.8000,3360.0000,1,1,2,1,1,4,1,1,1,1
SF,IH2011,2020-10-14 09:34:01.700,3358.0000,7844,0,702223260.000,0,-,-,-,-,3358.0000,3357.8000,3357.2000,3356.4000,3355.2000,3358.8000,3359.0000,3359.6000,3359.8000,3360.0000,2,1,2,1,1,1,4,1,1,1
SF,IH2011,2020-10-14 09:34:02.200,3358.4000,7843,-1,704238420.000,2,0,2,多平,S,3358.0000,3357.8000,3357.2000,3356.4000,3355.2000,3359.0000,3359.6000,3359.8000,3360.0000,3360.4000,2,1,2,1,1,4,1,1,1,1
SF,IH2011,2020-10-14 09:34:02.700,3359.0000,7842,-1,705246120.000,1,0,1,双平,S,3358.0000,3357.8000,3357.2000,3356.4000,3355.2000,3359.0000,3359.6000,3359.8000,3360.0000,3360.4000,2,1,2,1,1,3,1,1,1,1
SF,IH2011,2020-10-14 09:34:03.200,3359.0000,7842,0,708269220.000,3,1,2,多换,S,3359.4000,3358.2000,3358.0000,3357.8000,3357.2000,3360.0000,3360.4000,3363.4000,3365.4000,3365.6000,2,1,2,1,2,1,1,1,1,1
SF,IH2011,2020-10-14 09:34:03.700,3359.4000,7842,0,710284860.000,2,1,1,多换,S,3358.2000,3358.0000,3357.8000,3357.2000,3356.4000,3358.4000,3359.4000,3359.6000,3359.8000,3360.0000,1,1,1,2,1,1,1,3,3,1
SF,IH2011,2020-10-14 09:34:04.200,3358.4000,7842,0,711292380.000,1,0,1,多换,S,3358.4000,3358.2000,3358.0000,3357.8000,3357.2000,3359.4000,3359.8000,3360.0000,3360.4000,3363.4000,1,2,1,1,2,2,2,1,1,1
SF,IH2011,2020-10-14 09:34:04.700,3358.4000,7842,0,711292380.000,0,-,-,-,-,3358.4000,3358.2000,3358.0000,3357.8000,3357.2000,3359.2000,3359.4000,3359.8000,3360.0000,3360.4000,1,1,1,1,2,1,2,2,1,1
SF,IH2011,2020-10-14 09:34:05.200,3358.4000,7842,0,711292380.000,0,-,-,-,-,3358.6000,3358.4000,3358.2000,3358.0000,3357.8000,3359.4000,3359.8000,3360.0000,3360.4000,3363.4000,5,2,1,1,1,2,2,1,1,1
SF,IH2011,2020-10-14 09:34:05.700,3358.4000,7842,0,711292380.000,0,-,-,-,-,3358.6000,3358.4000,3358.2000,3358.0000,3357.8000,3359.2000,3359.4000,3359.8000,3360.0000,3360.4000,5,1,1,1,1,3,1,1,1,1
SF,IH2011,2020-10-14 09:34:06.200,3358.4000,7842,0,711292380.000,0,-,-,-,-,3358.8000,3358.6000,3358.4000,3358.2000,3358.0000,3359.0000,3359.2000,3359.4000,3359.8000,3360.0000,1,5,1,1,1,2,3,1,1,2
SF,IH2011,2020-10-14 09:34:06.700,3358.8000,7843,1,718345800.000,7,4,3,空开,S,3358.6000,3358.4000,3358.2000,3358.0000,3357.8000,3359.2000,3359.4000,3359.8000,3360.0000,3360.4000,1,1,1,1,1,2,1,1,2,1
SF,IH2011,2020-10-14 09:34:07.200,3358.6000,7843,0,719353380.000,1,0,1,多换,S,3358.8000,3358.6000,3358.4000,3357.8000,3357.2000,3359.2000,3359.4000,3359.8000,3360.0000,3360.4000,2,1,1,1,2,2,1,1,2,1
SF,IH2011,2020-10-14 09:34:07.700,3358.6000,7843,0,724391340.000,5,2,3,多换,S,3357.8000,3357.2000,3356.4000,3355.2000,3355.0000,3359.2000,3359.4000,3359.8000,3360.0000,3360.4000,1,2,1,1,1,2,1,1,2,1
SF,IH2011,2020-10-14 09:34:08.200,3358.6000,7843,0,724391340.000,0,-,-,-,-,3358.0000,3357.8000,3357.2000,3356.4000,3355.2000,3359.0000,3359.2000,3359.4000,3360.0000,3360.4000,1,1,2,1,1,2,2,1,2,1
SF,IH2011,2020-10-14 09:34:08.700,3358.6000,7843,0,724391340.000,0,-,-,-,-,3358.0000,3357.8000,3357.2000,3356.4000,3355.2000,3358.8000,3359.0000,3359.2000,3359.4000,3360.0000,1,1,2,1,1,1,2,1,1,2
SF,IH2011,2020-10-14 09:34:09.200,3359.0000,7841,-2,726406680.000,2,0,2,双平,S,3358.0000,3357.8000,3357.2000,3356.4000,3355.2000,3359.0000,3359.2000,3359.4000,3360.0000,3360.4000,1,1,2,1,1,1,1,1,2,1
SF,IH2011,2020-10-14 09:34:09.700,3359.0000,7841,0,726406680.000,0,-,-,-,-,3358.2000,3358.0000,3357.8000,3357.2000,3356.4000,3359.0000,3359.2000,3360.0000,3360.4000,3363.4000,2,1,1,2,1,1,1,2,1,1
SF,IH2011,2020-10-14 09:34:10.200,3359.0000,7841,0,727414380.000,1,0,1,多换,S,3358.2000,3358.0000,3357.8000,3357.2000,3356.4000,3359.2000,3360.0000,3360.4000,3363.4000,3365.4000,2,1,1,2,1,1,2,1,1,1
SF,IH2011,2020-10-14 09:34:10.700,3359.0000,7841,0,727414380.000,0,-,-,-,-,3358.2000,3358.0000,3357.8000,3357.2000,3356.4000,3359.2000,3360.0000,3360.4000,3363.4000,3365.4000,3,1,1,2,1,1,1,1,1,1
SF,IH2011,2020-10-14 09:34:11.200,3359.0000,7841,0,727414380.000,0,-,-,-,-,3358.4000,3358.2000,3358.0000,3357.8000,3357.2000,3359.2000,3360.0000,3360.4000,3363.4000,3365.4000,1,3,1,1,2,1,1,1,1,1
SF,IH2011,2020-10-14 09:34:11.700,3358.6000,7841,0,728421960.000,1,0,1,多换,S,3358.4000,3358.2000,3358.0000,3357.8000,3357.2000,3359.2000,3360.0000,3360.4000,3363.4000,3365.4000,1,1,1,1,2,1,1,1,1,1
SF,IH2011,2020-10-14 09:34:12.200,3358.6000,7841,0,729429540.000,1,0,1,多换,S,3358.4000,3358.2000,3358.0000,3357.8000,3357.2000,3359.0000,3359.2000,3360.0000,3360.4000,3363.4000,2,1,1,1,2,1,1,1,1,1
SF,IH2011,2020-10-14 09:34:12.700,3359.0000,7840,-1,730437240.000,1,0,1,双平,S,3358.4000,3358.2000,3358.0000,3357.8000,3357.2000,3359.2000,3360.0000,3360.4000,3363.4000,3365.4000,2,1,1,1,2,1,1,1,1,1
SF,IH2011,2020-10-14 09:34:13.200,3359.2000,7841,1,731445000.000,1,1,0,双开,S,3359.4000,3358.6000,3358.4000,3358.2000,3358.0000,3360.0000,3360.4000,3363.4000,3365.4000,3365.6000,2,1,2,1,1,1,1,1,1,1
SF,IH2011,2020-10-14 09:34:13.700,3359.4000,7842,1,734468460.000,3,2,1,空开,S,3358.6000,3358.4000,3358.2000,3357.8000,3357.2000,3359.4000,3359.8000,3360.0000,3360.4000,3363.4000,1,1,1,1,2,1,5,2,1,1
SF,IH2011,2020-10-14 09:34:14.200,3358.6000,7842,0,736483860.000,2,1,1,多换,S,3358.8000,3358.6000,3358.4000,3358.2000,3357.8000,3359.8000,3360.0000,3360.4000,3363.4000,3365.4000,1,1,1,1,1,3,2,1,1,1
SF,IH2011,2020-10-14 09:34:14.700,3358.6000,7843,1,737491440.000,1,1,0,双开,S,3358.4000,3358.2000,3357.8000,3357.2000,3356.4000,3359.8000,3360.0000,3360.4000,3363.4000,3365.4000,1,1,1,2,1,3,2,1,1,1
SF,IH2011,2020-10-14 09:34:15.200,3358.6000,7843,0,737491440.000,0,-,-,-,-,3358.6000,3358.4000,3358.2000,3357.8000,3357.2000,3359.8000,3360.0000,3360.4000,3363.4000,3365.4000,1,2,1,1,2,3,2,1,1,1
SF,IH2011,2020-10-14 09:34:15.700,3358.6000,7843,0,737491440.000,0,-,-,-,-,3358.6000,3358.4000,3358.2000,3357.8000,3357.2000,3359.8000,3360.0000,3360.4000,3363.4000,3365.4000,1,1,1,1,2,3,2,1,1,1
SF,IH2011,2020-10-14 09:34:16.200,3358.6000,7843,0,737491440.000,0,-,-,-,-,3358.6000,3358.4000,3358.2000,3357.8000,3357.2000,3359.6000,3359.8000,3360.0000,3360.4000,3363.4000,1,1,1,1,2,1,3,1,1,1
SF,IH2011,2020-10-14 09:34:16.700,3358.8000,7842,-1,740514780.000,3,1,2,多平,S,3358.6000,3358.2000,3357.8000,3357.2000,3356.4000,3359.8000,3360.0000,3360.4000,3363.4000,3365.4000,2,1,1,2,1,2,1,1,1,1
SF,IH2011,2020-10-14 09:34:17.200,3358.8000,7842,0,740514780.000,0,-,-,-,-,3359.0000,3358.8000,3358.6000,3358.2000,3357.8000,3359.8000,3360.0000,3360.4000,3363.4000,3365.4000,3,2,2,1,1,2,1,1,1,1
SF,IH2011,2020-10-14 09:34:17.700,3360.0000,7839,-3,743538660.000,3,0,3,双平,S,3359.0000,3358.8000,3358.6000,3358.2000,3357.8000,3360.4000,3363.4000,3365.4000,3365.6000,3368.6000,3,2,2,1,1,1,1,1,1,1
SF,IH2011,2020-10-14 09:34:18.200,3360.4000,7837,-2,745554900.000,2,0,2,双平,S,3359.2000,3359.0000,3358.8000,3358.6000,3358.2000,3363.4000,3365.4000,3365.6000,3368.6000,3368.8000,4,3,2,2,1,1,1,1,1,1
SF,IH2011,2020-10-14 09:34:18.700,3360.4000,7837,0,745554900.000,0,-,-,-,-,3359.4000,3359.2000,3359.0000,3358.8000,3358.6000,3360.8000,3361.6000,3361.8000,3362.4000,3362.8000,5,4,3,2,2,1,1,1,2,1
SF,IH2011,2020-10-14 09:34:19.200,3360.4000,7837,0,745554900.000,0,-,-,-,-,3359.2000,3359.0000,3358.8000,3358.6000,3357.8000,3360.8000,3361.6000,3361.8000,3362.4000,3363.2000,2,3,2,2,1,1,1,1,2,6
SF,IH2011,2020-10-14 09:34:19.700,3360.8000,7836,-1,746563140.000,1,0,1,双平,S,3359.4000,3359.2000,3359.0000,3358.8000,3358.6000,3360.6000,3361.6000,3361.8000,3362.4000,3363.2000,1,3,3,2,2,1,1,1,2,5
SF,IH2011,2020-10-14 09:34:20.200,3360.8000,7836,0,746563140.000,0,-,-,-,-,3359.6000,3359.4000,3359.2000,3359.0000,3358.8000,3360.4000,3360.6000,3361.6000,3361.8000,3362.4000,1,1,2,3,2,1,1,1,2,2
SF,IH2011,2020-10-14 09:34:20.700,3360.8000,7836,0,746563140.000,0,-,-,-,-,3359.6000,3359.4000,3359.2000,3359.0000,3358.8000,3360.4000,3360.6000,3361.6000,3361.8000,3362.4000,2,1,2,3,2,1,1,1,2,2
SF,IH2011,2020-10-14 09:34:21.700,3360.8000,7836,0,746563140.000,0,-,-,-,-,3359.6000,3359.4000,3359.2000,3359.0000,3358.6000,3360.2000,3360.4000,3360.6000,3361.6000,3361.8000,2,1,2,3,2,1,1,1,1,2
SF,IH2011,2020-10-14 09:34:22.200,3360.2000,7835,-1,747571200.000,1,0,1,双平,S,3359.6000,3359.4000,3359.0000,3358.6000,3357.8000,3360.0000,3360.6000,3361.6000,3361.8000,3362.4000,2,1,3,2,1,1,1,1,2,2
SF,IH2011,2020-10-14 09:34:22.700,3360.0000,7834,-1,748579200.000,1,0,1,双平,S,3360.0000,3359.6000,3359.4000,3358.6000,3357.8000,3360.6000,3361.6000,3361.8000,3362.4000,3363.2000,3,2,1,2,1,1,1,2,2,4
