市场代码,合约代码,时间,最新,持仓,增仓,成交额,成交量,开仓,平仓,成交类型,方向,买一价,买二价,买三价,买四价,买五价,卖一价,卖二价,卖三价,卖四价,卖五价,买一量,买二量,买三量,买四量,买五量,卖一量,卖二量,卖三量,卖四量,卖五量
SF,IH2012,2020-05-27 09:29:00.200,2676.8000,3628,0,2409120.000,3.000,-,-,-,-,2676.6000,2674.6000,2674.4000,2671.6000,2671.2000,2681.8000,2684.4000,2685.8000,2686.4000,2689.2000,1,1,2,1,2,2,1,1,3,1
SF,IH2012,2020-05-27 09:30:00.200,2676.6000,3627,-1,3212100.000,1,0,1,双平,S,2674.6000,2674.4000,2671.6000,2671.2000,2671.0000,2681.4000,2681.6000,2681.8000,2683.6000,2684.4000,1,2,1,2,1,8,2,2,1,1
SF,IH2012,2020-05-27 09:30:00.700,2676.6000,3627,0,3212100.000,0,-,-,-,-,2674.8000,2674.4000,2671.6000,2671.2000,2671.0000,2681.2000,2681.4000,2681.8000,2683.6000,2684.4000,1,2,1,2,1,3,8,2,1,1
SF,IH2012,2020-05-27 09:30:01.200,2676.6000,3627,0,3212100.000,0,-,-,-,-,2675.0000,2674.8000,2674.4000,2671.6000,2671.2000,2680.8000,2681.0000,2681.2000,2681.8000,2682.8000,2,1,2,1,2,8,1,3,2,5
SF,IH2012,2020-05-27 09:30:01.700,2676.6000,3627,0,3212100.000,0,-,-,-,-,2675.2000,2675.0000,2674.4000,2671.6000,2671.2000,2680.6000,2680.8000,2681.2000,2681.8000,2682.8000,2,2,2,1,2,4,8,1,2,5
SF,IH2012,2020-05-27 09:30:02.200,2676.6000,3627,0,3212100.000,0,-,-,-,-,2675.4000,2675.2000,2675.0000,2674.4000,2671.6000,2680.6000,2681.2000,2681.8000,2682.8000,2683.6000,2,2,1,2,1,4,1,2,5,1
SF,IH2012,2020-05-27 09:30:02.700,2676.6000,3627,0,3212100.000,0,-,-,-,-,2675.6000,2675.4000,2675.0000,2674.4000,2671.6000,2680.4000,2680.6000,2681.2000,2681.8000,2682.8000,3,2,1,2,1,1,2,1,2,5
SF,IH2012,2020-05-27 09:30:03.200,2676.6000,3627,0,3212100.000,0,-,-,-,-,2675.8000,2675.6000,2675.4000,2675.0000,2674.4000,2680.2000,2680.4000,2680.6000,2681.2000,2681.8000,2,3,1,1,2,2,1,1,1,2
SF,IH2012,2020-05-27 09:30:03.700,2676.6000,3627,0,3212100.000,0,-,-,-,-,2676.0000,2675.8000,2675.4000,2675.0000,2674.4000,2680.0000,2680.2000,2680.6000,2681.2000,2681.8000,3,2,1,1,2,1,2,1,1,2
SF,IH2012,2020-05-27 09:30:04.200,2676.6000,3627,0,3212100.000,0,-,-,-,-,2676.2000,2676.0000,2675.8000,2675.4000,2675.0000,2679.8000,2680.0000,2680.2000,2680.6000,2681.2000,2,3,1,1,1,3,1,1,1,1
SF,IH2012,2020-05-27 09:30:04.700,2676.4000,3626,-1,4015020.000,1,0,1,双平,S,2676.2000,2675.8000,2675.4000,2675.0000,2674.4000,2679.6000,2679.8000,2680.2000,2680.6000,2681.2000,1,1,1,1,2,2,3,1,1,1
SF,IH2012,2020-05-27 09:30:05.200,2676.4000,3626,0,4015020.000,0,-,-,-,-,2675.4000,2675.0000,2674.4000,2671.6000,2671.2000,2679.4000,2679.6000,2679.8000,2680.2000,2680.6000,1,1,2,1,2,3,2,2,1,1
SF,IH2012,2020-05-27 09:30:05.700,2676.4000,3626,0,4015020.000,0,-,-,-,-,2675.6000,2675.4000,2675.0000,2674.4000,2671.6000,2679.2000,2679.4000,2679.8000,2680.2000,2680.6000,1,1,1,2,1,2,3,2,1,1
SF,IH2012,2020-05-27 09:30:06.200,2676.4000,3626,0,4015020.000,0,-,-,-,-,2676.4000,2674.4000,2671.6000,2671.2000,2671.0000,2678.8000,2679.0000,2679.2000,2679.4000,2679.8000,1,2,1,2,1,8,3,2,2,2
SF,IH2012,2020-05-27 09:30:06.700,2676.4000,3626,0,4817940.000,1,0,1,多换,S,2674.4000,2671.6000,2671.2000,2671.0000,2670.8000,2678.6000,2678.8000,2679.0000,2679.4000,2679.8000,2,1,2,1,1,5,8,2,2,2
SF,IH2012,2020-05-27 09:30:07.200,2676.4000,3626,0,4817940.000,0,-,-,-,-,2674.4000,2671.6000,2671.2000,2671.0000,2670.8000,2678.6000,2679.0000,2679.4000,2679.8000,2680.2000,2,1,2,1,1,5,2,2,2,1
SF,IH2012,2020-05-27 09:30:07.700,2676.4000,3626,0,4817940.000,0,-,-,-,-,2674.4000,2671.6000,2671.2000,2671.0000,2670.8000,2678.2000,2678.6000,2679.0000,2679.4000,2679.8000,2,1,2,1,1,8,5,2,2,2
SF,IH2012,2020-05-27 09:30:08.200,2676.4000,3626,0,4817940.000,0,-,-,-,-,2674.4000,2671.6000,2671.2000,2671.0000,2670.8000,2678.0000,2678.6000,2679.0000,2679.4000,2679.8000,2,1,2,1,1,4,2,2,2,2
SF,IH2012,2020-05-27 09:30:09.700,2676.4000,3626,0,4817940.000,0,-,-,-,-,2674.4000,2671.6000,2671.2000,2670.8000,2670.6000,2678.0000,2678.6000,2679.0000,2679.4000,2679.8000,2,1,2,1,1,3,2,2,2,2
SF,IH2012,2020-05-27 09:30:10.200,2676.4000,3626,0,4817940.000,0,-,-,-,-,2674.6000,2674.4000,2671.6000,2671.2000,2670.8000,2677.8000,2678.0000,2678.6000,2679.0000,2679.4000,1,2,1,2,1,1,3,2,2,2
SF,IH2012,2020-05-27 09:30:10.700,2676.4000,3626,0,4817940.000,0,-,-,-,-,2674.8000,2674.6000,2674.4000,2671.6000,2671.2000,2675.6000,2677.6000,2677.8000,2678.0000,2678.6000,1,1,2,1,2,1,2,1,1,2
SF,IH2012,2020-05-27 09:30:11.200,2675.6000,3625,-1,5620620.000,1,0,1,双平,S,2674.6000,2674.4000,2671.6000,2671.2000,2670.8000,2677.6000,2677.8000,2678.0000,2678.6000,2679.0000,1,2,1,2,1,2,1,1,2,2
SF,IH2012,2020-05-27 09:30:11.700,2675.6000,3625,0,5620620.000,0,-,-,-,-,2676.0000,2674.8000,2674.4000,2671.6000,2671.2000,2677.4000,2677.6000,2678.0000,2678.6000,2679.0000,1,1,2,1,2,1,2,1,2,2
SF,IH2012,2020-05-27 09:30:12.200,2674.8000,3624,-1,7225860.000,2,0,2,多平,S,2674.4000,2671.6000,2671.2000,2670.8000,2670.6000,2676.0000,2677.2000,2677.4000,2677.6000,2678.0000,2,1,2,1,1,2,4,1,1,1
SF,IH2012,2020-05-27 09:30:12.700,2674.8000,3624,0,7225860.000,0,-,-,-,-,2674.4000,2671.6000,2671.2000,2670.8000,2670.6000,2675.8000,2676.0000,2677.2000,2677.4000,2677.6000,2,1,2,1,1,1,2,4,1,1
SF,IH2012,2020-05-27 09:30:13.200,2674.8000,3624,0,7225860.000,0,-,-,-,-,2674.4000,2673.4000,2671.6000,2671.2000,2670.8000,2675.6000,2675.8000,2676.0000,2677.2000,2677.4000,2,1,1,2,1,2,1,2,3,1
SF,IH2012,2020-05-27 09:30:13.700,2674.8000,3624,0,7225860.000,0,-,-,-,-,2674.4000,2673.4000,2671.6000,2671.2000,2670.8000,2675.8000,2676.0000,2677.2000,2677.4000,2677.6000,2,1,1,2,1,1,1,3,1,1
SF,IH2012,2020-05-27 09:30:14.200,2674.8000,3624,0,7225860.000,0,-,-,-,-,2675.8000,2674.6000,2674.4000,2673.4000,2671.6000,2676.0000,2677.2000,2677.4000,2677.6000,2678.0000,1,1,2,1,1,1,3,1,1,1
SF,IH2012,2020-05-27 09:30:14.700,2675.8000,3623,-1,8028600.000,1,0,1,双平,S,2674.6000,2674.4000,2673.4000,2671.6000,2671.2000,2675.8000,2677.2000,2677.4000,2677.6000,2678.0000,1,2,1,1,2,2,3,1,1,1
SF,IH2012,2020-05-27 09:30:15.200,2675.8000,3623,0,8028600.000,0,-,-,-,-,2674.6000,2674.4000,2673.4000,2671.6000,2671.2000,2675.8000,2677.2000,2677.4000,2677.6000,2678.0000,1,2,1,1,2,1,3,1,1,1
SF,IH2012,2020-05-27 09:30:15.700,2675.8000,3623,0,8028600.000,0,-,-,-,-,2675.6000,2674.6000,2674.4000,2673.4000,2671.6000,2677.2000,2677.4000,2677.6000,2678.0000,2678.6000,1,1,2,1,1,3,1,1,1,2
SF,IH2012,2020-05-27 09:30:16.200,2675.8000,3623,0,8028600.000,0,-,-,-,-,2675.6000,2674.4000,2673.4000,2671.6000,2671.2000,2677.0000,2677.2000,2677.4000,2677.6000,2678.0000,1,2,1,1,2,1,3,1,1,1
SF,IH2012,2020-05-27 09:30:16.700,2675.6000,3622,-1,8831280.000,1,0,1,双平,S,2674.4000,2673.4000,2671.6000,2671.2000,2670.8000,2676.8000,2677.0000,2677.2000,2677.4000,2677.6000,2,1,1,2,1,1,1,2,1,1
SF,IH2012,2020-05-27 09:30:17.200,2675.6000,3622,0,8831280.000,0,-,-,-,-,2674.6000,2674.4000,2673.4000,2671.6000,2671.2000,2676.6000,2676.8000,2677.0000,2677.2000,2677.4000,1,2,1,1,2,2,1,1,2,1
SF,IH2012,2020-05-27 09:30:17.700,2675.6000,3622,0,8831280.000,0,-,-,-,-,2674.6000,2674.4000,2673.4000,2671.6000,2671.2000,2676.4000,2676.6000,2677.0000,2677.2000,2677.4000,1,2,1,1,2,1,2,1,2,1
SF,IH2012,2020-05-27 09:30:18.200,2675.6000,3622,0,8831280.000,0,-,-,-,-,2674.6000,2674.4000,2673.4000,2671.6000,2671.2000,2676.2000,2676.4000,2676.6000,2677.0000,2677.2000,1,2,1,1,2,3,1,1,1,2
SF,IH2012,2020-05-27 09:30:20.700,2675.6000,3622,0,8831280.000,0,-,-,-,-,2674.8000,2674.6000,2674.4000,2673.4000,2671.6000,2676.2000,2676.4000,2676.6000,2677.0000,2677.2000,1,1,2,1,1,3,1,1,1,2
SF,IH2012,2020-05-27 09:30:21.200,2675.6000,3622,0,8831280.000,0,-,-,-,-,2674.8000,2674.4000,2673.4000,2671.6000,2671.2000,2676.2000,2676.4000,2676.6000,2677.0000,2677.2000,1,2,1,1,2,3,1,1,1,2
SF,IH2012,2020-05-27 09:30:22.700,2675.6000,3622,0,8831280.000,0,-,-,-,-,2674.8000,2674.4000,2673.4000,2671.6000,2671.2000,2676.0000,2676.2000,2676.6000,2677.0000,2677.2000,1,2,1,1,2,1,3,1,1,2
SF,IH2012,2020-05-27 09:30:23.200,2675.6000,3622,0,8831280.000,0,-,-,-,-,2674.8000,2674.4000,2673.4000,2671.6000,2671.2000,2675.8000,2676.0000,2676.2000,2676.6000,2677.0000,1,2,1,1,2,1,1,3,1,1
SF,IH2012,2020-05-27 09:30:27.200,2674.8000,3622,0,9633720.000,1,0,1,多换,S,2674.4000,2673.4000,2671.6000,2671.2000,2670.8000,2675.8000,2676.0000,2676.2000,2676.6000,2677.0000,2,1,1,2,1,1,1,3,1,1
SF,IH2012,2020-05-27 09:30:28.200,2674.8000,3622,0,9633720.000,0,-,-,-,-,2674.4000,2673.4000,2671.6000,2671.2000,2670.8000,2675.4000,2675.8000,2676.0000,2676.2000,2676.6000,2,1,1,2,1,1,1,1,3,1
SF,IH2012,2020-05-27 09:30:30.700,2675.4000,3621,-1,10436340.000,1,0,1,双平,S,2675.4000,2674.4000,2673.4000,2671.6000,2671.2000,2675.8000,2676.0000,2676.2000,2676.6000,2677.0000,1,2,1,1,2,1,1,3,1,1
SF,IH2012,2020-05-27 09:30:31.200,2674.4000,3621,0,11238660.000,1,0,1,多换,S,2674.4000,2673.4000,2671.6000,2671.2000,2670.8000,2675.4000,2675.8000,2676.0000,2676.2000,2676.6000,1,1,1,2,1,1,1,1,2,1
SF,IH2012,2020-05-27 09:30:32.200,2674.4000,3621,0,11238660.000,0,-,-,-,-,2674.4000,2673.4000,2671.6000,2671.2000,2670.8000,2675.2000,2675.4000,2675.8000,2676.0000,2676.2000,1,1,1,2,1,2,1,1,1,2
SF,IH2012,2020-05-27 09:30:32.700,2674.4000,3621,0,11238660.000,0,-,-,-,-,2674.4000,2673.4000,2671.6000,2671.2000,2670.8000,2675.4000,2675.8000,2676.0000,2676.2000,2676.6000,1,1,1,2,1,1,1,1,2,1
SF,IH2012,2020-05-27 09:30:33.700,2674.4000,3620,-1,12040980.000,1,0,1,双平,S,2673.4000,2671.6000,2671.2000,2670.8000,2670.6000,2675.2000,2675.4000,2675.8000,2676.0000,2676.2000,1,1,2,1,1,1,1,1,1,2
SF,IH2012,2020-05-27 09:30:34.200,2674.4000,3620,0,12040980.000,0,-,-,-,-,2673.4000,2671.6000,2671.2000,2670.8000,2670.6000,2675.0000,2675.2000,2675.4000,2675.8000,2676.0000,1,1,2,1,1,1,1,1,1,1
SF,IH2012,2020-05-27 09:30:34.700,2674.4000,3620,0,12040980.000,0,-,-,-,-,2673.4000,2671.6000,2671.2000,2670.8000,2670.6000,2675.0000,2675.4000,2675.8000,2676.0000,2676.2000,1,1,2,1,1,1,1,1,1,2
SF,IH2012,2020-05-27 09:30:44.700,2674.4000,3620,0,12040980.000,0,-,-,-,-,2673.6000,2673.4000,2671.6000,2671.2000,2670.8000,2675.0000,2675.4000,2675.8000,2676.0000,2676.2000,1,1,1,2,1,1,1,1,1,2
SF,IH2012,2020-05-27 09:30:46.200,2674.4000,3620,0,12040980.000,0,-,-,-,-,2673.6000,2673.4000,2671.6000,2671.2000,2670.8000,2675.0000,2675.4000,2675.8000,2676.0000,2676.2000,1,1,1,2,1,1,1,1,1,2
SF,IH2012,2020-05-27 09:30:58.700,2674.4000,3620,0,12040980.000,0,-,-,-,-,2673.6000,2673.4000,2671.6000,2671.2000,2670.8000,2675.0000,2675.4000,2675.8000,2676.0000,2676.2000,1,1,1,2,1,1,1,1,1,2
SF,IH2012,2020-05-27 09:31:00.200,2674.4000,3620,0,12040980.000,0,-,-,-,-,2673.6000,2673.4000,2671.6000,2671.2000,2670.8000,2675.0000,2675.4000,2675.8000,2676.0000,2676.2000,1,1,1,2,1,1,1,1,1,2
SF,IH2012,2020-05-27 09:31:00.700,2674.4000,3620,0,12040980.000,0,-,-,-,-,2673.6000,2673.4000,2671.6000,2671.2000,2670.8000,2674.8000,2675.0000,2675.4000,2675.8000,2676.0000,1,1,1,2,1,1,1,1,1,1
SF,IH2012,2020-05-27 09:31:04.200,2674.4000,3620,0,12040980.000,0,-,-,-,-,2673.6000,2673.4000,2671.6000,2671.2000,2670.8000,2674.6000,2674.8000,2675.0000,2675.4000,2675.8000,1,1,1,2,1,1,1,1,1,1
SF,IH2012,2020-05-27 09:31:04.700,2674.4000,3620,0,12040980.000,0,-,-,-,-,2673.6000,2673.4000,2671.6000,2671.2000,2670.8000,2674.8000,2675.0000,2675.4000,2675.8000,2676.0000,1,1,1,2,1,1,1,1,1,1
SF,IH2012,2020-05-27 09:31:05.200,2674.4000,3620,0,12040980.000,0,-,-,-,-,2673.6000,2673.4000,2671.6000,2671.2000,2670.8000,2674.8000,2675.0000,2675.4000,2675.8000,2676.0000,1,1,1,2,1,1,1,1,1,1
SF,IH2012,2020-05-27 09:31:05.700,2674.4000,3620,0,12040980.000,0,-,-,-,-,2673.6000,2673.4000,2671.6000,2671.2000,2670.8000,2674.8000,2675.0000,2675.4000,2675.8000,2676.0000,1,1,1,2,1,1,1,1,1,1
SF,IH2012,2020-05-27 09:31:06.700,2674.4000,3620,0,12040980.000,0,-,-,-,-,2673.6000,2673.4000,2671.6000,2671.2000,2670.8000,2674.6000,2674.8000,2675.0000,2675.4000,2675.8000,1,1,1,2,1,2,1,1,1,1
SF,IH2012,2020-05-27 09:31:07.200,2674.4000,3620,0,12040980.000,0,-,-,-,-,2673.6000,2673.4000,2671.6000,2671.2000,2670.8000,2674.8000,2675.0000,2675.4000,2675.8000,2676.0000,1,1,1,2,1,1,1,1,1,1
SF,IH2012,2020-05-27 09:31:08.200,2674.4000,3620,0,12040980.000,0,-,-,-,-,2673.6000,2673.4000,2671.6000,2671.2000,2670.8000,2674.6000,2674.8000,2675.0000,2675.4000,2675.8000,1,1,1,2,1,1,1,1,1,1
SF,IH2012,2020-05-27 09:31:08.700,2674.4000,3620,0,12040980.000,0,-,-,-,-,2673.6000,2673.4000,2671.6000,2671.2000,2670.8000,2674.8000,2675.0000,2675.4000,2675.8000,2676.0000,1,1,1,2,1,1,1,1,1,1
SF,IH2012,2020-05-27 09:31:09.700,2674.4000,3620,0,12040980.000,0,-,-,-,-,2673.6000,2673.4000,2671.6000,2671.2000,2670.8000,2674.8000,2675.0000,2675.4000,2675.8000,2676.0000,1,1,1,2,1,1,1,1,1,1
SF,IH2012,2020-05-27 09:31:10.200,2673.6000,3619,-1,12843060.000,1,0,1,双平,S,2673.4000,2671.6000,2671.2000,2670.8000,2670.6000,2674.6000,2674.8000,2675.0000,2675.4000,2675.8000,1,1,2,1,1,3,1,1,1,1
SF,IH2012,2020-05-27 09:31:10.700,2673.6000,3619,0,12843060.000,0,-,-,-,-,2673.4000,2671.6000,2671.2000,2670.8000,2670.6000,2674.4000,2674.6000,2675.0000,2675.4000,2675.8000,1,1,2,1,1,1,3,1,1,1
SF,IH2012,2020-05-27 09:31:12.200,2673.6000,3619,0,12843060.000,0,-,-,-,-,2673.4000,2671.6000,2671.2000,2670.8000,2670.6000,2674.2000,2674.4000,2674.6000,2675.0000,2675.4000,1,1,2,1,1,1,1,3,1,1
SF,IH2012,2020-05-27 09:31:12.700,2673.4000,3619,0,13645080.000,1,0,1,多换,S,2671.6000,2671.2000,2670.8000,2670.6000,2670.4000,2673.4000,2674.0000,2674.2000,2674.6000,2675.0000,1,2,1,1,1,1,1,1,3,1
SF,IH2012,2020-05-27 09:31:13.200,2673.4000,3619,0,13645080.000,0,-,-,-,-,2671.8000,2671.6000,2671.2000,2670.8000,2670.6000,2673.2000,2673.4000,2674.2000,2674.6000,2675.4000,1,1,2,1,1,1,1,1,2,1
SF,IH2012,2020-05-27 09:31:14.700,2673.4000,3619,0,13645080.000,0,-,-,-,-,2672.0000,2671.8000,2671.6000,2671.2000,2670.8000,2673.2000,2673.4000,2674.2000,2674.6000,2675.4000,1,1,1,2,1,1,1,1,2,1
SF,IH2012,2020-05-27 09:31:15.200,2673.4000,3619,0,13645080.000,0,-,-,-,-,2672.0000,2671.8000,2671.6000,2671.2000,2670.8000,2673.4000,2674.2000,2674.6000,2675.4000,2675.8000,1,1,1,2,1,1,1,2,1,1
SF,IH2012,2020-05-27 09:31:16.700,2673.4000,3619,0,13645080.000,0,-,-,-,-,2672.0000,2671.8000,2671.6000,2671.2000,2670.8000,2673.4000,2674.2000,2674.6000,2675.4000,2675.8000,1,1,1,2,1,1,1,2,1,1
SF,IH2012,2020-05-27 09:31:20.200,2673.4000,3619,0,13645080.000,0,-,-,-,-,2672.0000,2671.8000,2671.6000,2671.2000,2670.8000,2673.2000,2673.4000,2674.2000,2674.6000,2675.4000,1,1,1,2,1,1,1,1,2,1
SF,IH2012,2020-05-27 09:31:20.700,2673.4000,3619,0,13645080.000,0,-,-,-,-,2672.0000,2671.8000,2671.6000,2671.2000,2670.8000,2673.4000,2674.2000,2674.6000,2675.4000,2675.8000,1,1,1,2,1,1,1,2,1,1
SF,IH2012,2020-05-27 09:31:21.200,2673.4000,3619,0,13645080.000,0,-,-,-,-,2672.0000,2671.6000,2671.2000,2670.8000,2670.6000,2673.4000,2674.2000,2674.6000,2675.4000,2675.8000,1,1,2,1,1,1,1,2,1,1
SF,IH2012,2020-05-27 09:31:21.700,2673.4000,3619,0,13645080.000,0,-,-,-,-,2672.0000,2671.6000,2671.2000,2670.8000,2670.6000,2673.2000,2673.4000,2674.2000,2674.6000,2675.4000,1,1,2,1,1,1,1,1,2,1
SF,IH2012,2020-05-27 09:31:22.200,2673.4000,3619,0,13645080.000,0,-,-,-,-,2671.6000,2671.2000,2670.8000,2670.6000,2670.4000,2672.0000,2673.2000,2673.4000,2674.0000,2674.2000,1,2,1,1,1,2,1,1,3,1
SF,IH2012,2020-05-27 09:31:22.700,2672.0000,3617,-2,15248280.000,2,0,2,双平,S,2672.0000,2671.6000,2671.2000,2670.8000,2670.6000,2673.2000,2673.4000,2674.0000,2674.2000,2674.6000,3,1,2,1,1,1,1,3,1,2
SF,IH2012,2020-05-27 09:31:23.200,2672.0000,3617,0,15248280.000,0,-,-,-,-,2672.0000,2671.6000,2671.2000,2671.0000,2670.8000,2673.2000,2673.4000,2674.0000,2674.2000,2674.4000,3,1,2,1,1,2,1,3,1,1
SF,IH2012,2020-05-27 09:31:23.700,2672.0000,3617,0,15248280.000,0,-,-,-,-,2672.0000,2671.6000,2671.2000,2671.0000,2670.8000,2673.0000,2673.2000,2673.4000,2674.0000,2674.2000,1,1,2,1,1,1,2,1,3,1
SF,IH2012,2020-05-27 09:31:24.200,2672.0000,3617,0,15248280.000,0,-,-,-,-,2672.0000,2671.6000,2671.2000,2671.0000,2670.8000,2673.0000,2673.2000,2673.4000,2674.0000,2674.2000,1,1,2,1,1,1,1,1,3,1
SF,IH2012,2020-05-27 09:31:24.700,2672.0000,3617,0,15248280.000,0,-,-,-,-,2673.0000,2672.2000,2672.0000,2671.6000,2671.2000,2673.2000,2673.4000,2674.0000,2674.2000,2674.4000,1,1,1,1,2,1,1,3,1,1
SF,IH2012,2020-05-27 09:31:25.200,2673.0000,3616,-1,16050180.000,1,0,1,双平,S,2672.2000,2672.0000,2671.6000,2671.2000,2671.0000,2673.2000,2673.4000,2674.0000,2674.2000,2674.4000,1,1,1,2,1,1,1,3,1,1
SF,IH2012,2020-05-27 09:31:25.700,2673.0000,3616,0,16050180.000,0,-,-,-,-,2672.2000,2672.0000,2671.6000,2671.2000,2671.0000,2673.4000,2674.0000,2674.2000,2674.4000,2674.6000,1,1,1,2,1,1,3,1,1,2
SF,IH2012,2020-05-27 09:31:26.200,2673.0000,3616,0,16050180.000,0,-,-,-,-,2672.2000,2672.0000,2671.6000,2671.2000,2671.0000,2673.4000,2674.0000,2674.2000,2674.4000,2674.6000,1,1,1,2,1,1,3,1,1,2
SF,IH2012,2020-05-27 09:31:26.700,2673.0000,3616,0,16050180.000,0,-,-,-,-,2673.4000,2672.2000,2672.0000,2671.6000,2671.2000,2674.0000,2674.2000,2674.4000,2674.6000,2675.4000,1,1,1,1,2,3,1,1,2,1
SF,IH2012,2020-05-27 09:31:27.200,2673.4000,3615,-1,16852200.000,1,0,1,双平,S,2672.0000,2671.6000,2671.2000,2670.8000,2670.6000,2674.0000,2674.4000,2674.6000,2675.4000,2675.8000,1,1,2,1,1,3,1,2,1,1
SF,IH2012,2020-05-27 09:31:27.700,2673.4000,3615,0,16852200.000,0,-,-,-,-,2672.2000,2672.0000,2671.6000,2671.2000,2670.8000,2673.8000,2674.0000,2674.4000,2674.6000,2675.4000,2,1,1,2,1,1,3,1,2,1
SF,IH2012,2020-05-27 09:31:34.700,2673.4000,3615,0,16852200.000,0,-,-,-,-,2672.2000,2672.0000,2671.6000,2671.2000,2670.8000,2673.6000,2673.8000,2674.0000,2674.4000,2674.6000,2,1,1,2,1,2,1,3,1,2
SF,IH2012,2020-05-27 09:31:35.200,2673.4000,3615,0,16852200.000,0,-,-,-,-,2672.2000,2672.0000,2671.6000,2671.2000,2670.8000,2673.8000,2674.0000,2674.4000,2674.6000,2675.4000,2,1,1,2,1,1,3,1,2,1
SF,IH2012,2020-05-27 09:31:35.700,2673.4000,3615,0,16852200.000,0,-,-,-,-,2672.2000,2672.0000,2671.6000,2671.2000,2670.8000,2673.6000,2673.8000,2674.0000,2674.4000,2674.6000,1,1,1,2,1,1,1,3,1,2
SF,IH2012,2020-05-27 09:31:36.700,2673.4000,3615,0,16852200.000,0,-,-,-,-,2672.2000,2672.0000,2671.6000,2671.2000,2670.8000,2673.6000,2673.8000,2674.0000,2674.4000,2674.6000,1,1,1,2,1,1,1,3,1,2
SF,IH2012,2020-05-27 09:31:37.200,2673.4000,3615,0,16852200.000,0,-,-,-,-,2672.2000,2672.0000,2671.6000,2671.2000,2670.8000,2673.8000,2674.0000,2674.4000,2674.6000,2675.4000,1,1,1,2,1,1,3,1,2,1
SF,IH2012,2020-05-27 09:31:43.700,2673.4000,3615,0,16852200.000,0,-,-,-,-,2672.2000,2672.0000,2671.8000,2671.6000,2671.2000,2673.8000,2674.0000,2674.4000,2674.6000,2675.4000,1,1,1,1,2,1,3,1,2,1
SF,IH2012,2020-05-27 09:31:46.700,2673.4000,3615,0,16852200.000,0,-,-,-,-,2672.2000,2672.0000,2671.8000,2671.6000,2671.2000,2673.8000,2674.0000,2674.4000,2674.6000,2675.4000,1,1,1,1,2,1,3,1,2,1
SF,IH2012,2020-05-27 09:31:47.700,2673.4000,3615,0,16852200.000,0,-,-,-,-,2672.4000,2672.2000,2672.0000,2671.8000,2671.6000,2673.8000,2674.0000,2674.4000,2674.6000,2675.4000,4,1,1,1,1,1,3,1,2,1
SF,IH2012,2020-05-27 09:31:49.200,2673.4000,3615,0,16852200.000,0,-,-,-,-,2672.6000,2672.4000,2672.2000,2672.0000,2671.8000,2673.8000,2674.0000,2674.4000,2675.4000,2675.8000,1,4,1,1,1,1,3,1,1,1
SF,IH2012,2020-05-27 09:31:49.700,2673.4000,3615,0,16852200.000,0,-,-,-,-,2672.6000,2672.4000,2672.2000,2672.0000,2671.8000,2674.0000,2674.4000,2675.4000,2675.8000,2676.0000,1,4,1,1,1,3,1,1,1,1
SF,IH2012,2020-05-27 09:31:55.200,2674.0000,3612,-3,19258800.000,3,0,3,双平,S,2672.6000,2672.4000,2672.2000,2672.0000,2671.8000,2674.4000,2675.4000,2675.8000,2676.0000,2676.2000,1,4,1,1,1,1,1,1,1,2
SF,IH2012,2020-05-27 09:31:55.700,2674.0000,3612,0,19258800.000,0,-,-,-,-,2672.8000,2672.6000,2672.4000,2672.2000,2672.0000,2674.2000,2675.4000,2675.8000,2676.0000,2676.2000,4,1,4,1,1,1,1,1,1,2
SF,IH2012,2020-05-27 09:31:56.200,2674.2000,3611,-1,20061060.000,1,0,1,双平,S,2673.0000,2672.8000,2672.4000,2672.2000,2672.0000,2675.4000,2675.8000,2676.0000,2676.2000,2676.6000,1,4,4,1,1,1,1,1,2,1
SF,IH2012,2020-05-27 09:31:56.700,2674.2000,3611,0,20061060.000,0,-,-,-,-,2673.2000,2673.0000,2672.8000,2672.4000,2672.2000,2675.4000,2675.8000,2676.0000,2676.2000,2676.6000,3,1,2,4,1,1,1,1,2,1
SF,IH2012,2020-05-27 09:31:57.200,2674.2000,3611,0,20061060.000,0,-,-,-,-,2673.2000,2673.0000,2672.8000,2672.4000,2672.2000,2675.2000,2675.4000,2675.8000,2676.0000,2676.2000,1,1,1,4,1,3,1,1,1,2
SF,IH2012,2020-05-27 09:31:57.700,2674.2000,3611,0,20061060.000,0,-,-,-,-,2673.4000,2673.2000,2672.8000,2672.4000,2672.2000,2675.2000,2675.4000,2675.8000,2676.0000,2676.2000,1,1,1,4,1,1,1,1,1,2
SF,IH2012,2020-05-27 09:31:58.200,2674.2000,3611,0,20061060.000,0,-,-,-,-,2673.6000,2673.4000,2672.8000,2672.4000,2672.2000,2675.2000,2675.4000,2675.8000,2676.0000,2676.2000,1,1,1,4,1,1,1,1,1,2
SF,IH2012,2020-05-27 09:31:58.700,2674.2000,3611,0,20061060.000,0,-,-,-,-,2673.6000,2673.4000,2672.8000,2672.4000,2672.0000,2675.2000,2675.4000,2675.8000,2676.0000,2676.2000,1,1,1,4,3,1,1,1,1,2
SF,IH2012,2020-05-27 09:31:59.200,2674.2000,3611,0,20061060.000,0,-,-,-,-,2673.6000,2673.4000,2672.4000,2672.0000,2671.8000,2675.2000,2675.4000,2675.8000,2676.0000,2676.2000,1,1,4,3,1,1,1,1,1,2
SF,IH2012,2020-05-27 09:31:59.700,2674.2000,3611,0,20061060.000,0,-,-,-,-,2673.6000,2672.4000,2672.0000,2671.8000,2671.6000,2675.2000,2675.4000,2675.8000,2676.0000,2676.2000,1,4,3,1,1,1,1,1,1,2
SF,IH2012,2020-05-27 09:32:00.200,2674.2000,3611,0,20061060.000,0,-,-,-,-,2673.6000,2672.4000,2672.0000,2671.8000,2671.6000,2675.0000,2675.2000,2675.4000,2675.8000,2676.0000,1,4,3,1,1,1,1,1,1,1
SF,IH2012,2020-05-27 09:32:00.700,2674.2000,3611,0,20061060.000,0,-,-,-,-,2673.6000,2672.4000,2672.0000,2671.8000,2671.6000,2674.8000,2675.0000,2675.4000,2675.8000,2676.0000,1,4,3,1,1,2,1,1,1,1
SF,IH2012,2020-05-27 09:32:01.200,2674.2000,3611,0,20061060.000,0,-,-,-,-,2673.6000,2672.4000,2672.0000,2671.8000,2671.6000,2674.8000,2675.4000,2675.8000,2676.0000,2676.2000,1,4,3,1,1,1,1,1,1,2
SF,IH2012,2020-05-27 09:32:01.700,2673.6000,3611,0,20863140.000,1,0,1,多换,S,2672.4000,2672.0000,2671.8000,2671.6000,2671.2000,2674.6000,2674.8000,2675.4000,2675.8000,2676.0000,4,3,1,1,2,3,1,1,1,1
SF,IH2012,2020-05-27 09:32:02.200,2673.6000,3611,0,20863140.000,0,-,-,-,-,2672.6000,2672.4000,2672.0000,2671.8000,2671.6000,2674.4000,2674.6000,2675.4000,2675.8000,2676.0000,5,4,3,1,1,1,1,1,1,1
SF,IH2012,2020-05-27 09:32:02.700,2673.6000,3611,0,20863140.000,0,-,-,-,-,2672.8000,2672.6000,2672.0000,2671.8000,2671.6000,2674.4000,2674.6000,2675.4000,2675.8000,2676.0000,1,3,3,1,1,1,1,1,1,1
SF,IH2012,2020-05-27 09:32:03.200,2673.6000,3611,0,20863140.000,0,-,-,-,-,2672.8000,2672.6000,2672.0000,2671.8000,2671.6000,2674.0000,2674.2000,2674.4000,2675.4000,2675.8000,1,2,3,1,1,1,2,1,1,1
SF,IH2012,2020-05-27 09:32:03.700,2673.6000,3611,0,20863140.000,0,-,-,-,-,2672.8000,2672.6000,2672.0000,2671.8000,2671.6000,2673.8000,2674.0000,2674.2000,2674.4000,2675.4000,1,2,3,1,1,1,1,1,1,1
SF,IH2012,2020-05-27 09:32:04.700,2673.6000,3611,0,20863140.000,0,-,-,-,-,2672.8000,2672.6000,2672.0000,2671.8000,2671.6000,2673.8000,2674.0000,2674.4000,2675.4000,2675.8000,1,2,3,1,1,1,1,1,1,1
SF,IH2012,2020-05-27 09:32:05.200,2673.8000,3610,-1,21665280.000,1,0,1,双平,S,2672.8000,2672.6000,2672.0000,2671.8000,2671.6000,2674.0000,2674.4000,2675.4000,2675.8000,2676.0000,1,2,3,1,1,1,1,1,1,1
SF,IH2012,2020-05-27 09:32:05.700,2673.8000,3610,0,21665280.000,0,-,-,-,-,2673.0000,2672.8000,2672.6000,2672.0000,2671.8000,2674.0000,2674.4000,2675.4000,2675.8000,2676.0000,1,1,2,3,1,1,1,1,1,1
SF,IH2012,2020-05-27 09:32:06.200,2673.8000,3610,0,21665280.000,0,-,-,-,-,2673.0000,2672.8000,2672.6000,2672.0000,2671.8000,2674.4000,2675.4000,2675.8000,2676.0000,2676.2000,1,1,2,3,1,1,1,1,1,2
SF,IH2012,2020-05-27 09:32:07.200,2673.8000,3610,0,21665280.000,0,-,-,-,-,2673.0000,2672.8000,2672.6000,2672.0000,2671.8000,2674.4000,2675.4000,2675.8000,2676.0000,2676.2000,5,1,2,3,1,1,1,1,1,2
SF,IH2012,2020-05-27 09:32:07.700,2673.0000,3610,0,22467180.000,1,0,1,多换,S,2673.0000,2672.6000,2672.0000,2671.8000,2671.6000,2674.2000,2674.4000,2675.4000,2675.8000,2676.0000,3,2,3,1,1,1,1,1,1,1
SF,IH2012,2020-05-27 09:32:08.200,2673.0000,3610,0,22467180.000,0,-,-,-,-,2673.0000,2672.6000,2672.0000,2671.8000,2671.6000,2674.0000,2675.4000,2675.8000,2676.0000,2676.2000,3,2,3,1,1,1,1,1,1,2
SF,IH2012,2020-05-27 09:32:08.700,2673.0000,3610,0,22467180.000,0,-,-,-,-,2673.0000,2672.6000,2672.0000,2671.8000,2671.6000,2673.8000,2674.0000,2675.4000,2675.8000,2676.0000,3,2,3,1,1,1,1,1,1,1
SF,IH2012,2020-05-27 09:32:09.200,2673.0000,3610,0,22467180.000,0,-,-,-,-,2673.0000,2672.6000,2672.0000,2671.8000,2671.6000,2674.0000,2675.4000,2675.8000,2676.0000,2676.2000,3,2,3,1,1,1,1,1,1,2
SF,IH2012,2020-05-27 09:32:10.200,2673.0000,3610,0,22467180.000,0,-,-,-,-,2673.0000,2672.6000,2672.0000,2671.8000,2671.6000,2673.8000,2674.0000,2675.4000,2675.8000,2676.0000,3,2,3,1,1,1,1,1,1,1
SF,IH2012,2020-05-27 09:32:12.700,2673.0000,3610,0,23269080.000,1,0,1,多换,S,2673.0000,2672.6000,2672.0000,2671.8000,2671.6000,2673.8000,2674.0000,2675.4000,2675.8000,2676.0000,2,2,3,1,1,1,1,1,1,1
SF,IH2012,2020-05-27 09:32:13.200,2673.0000,3610,0,23269080.000,0,-,-,-,-,2673.0000,2672.6000,2672.0000,2671.8000,2671.6000,2673.6000,2673.8000,2675.4000,2675.8000,2676.0000,2,2,3,1,1,1,1,1,1,1
SF,IH2012,2020-05-27 09:32:13.700,2673.0000,3610,0,24872880.000,2,1,1,多换,S,2672.6000,2672.0000,2671.8000,2671.6000,2671.2000,2673.4000,2673.6000,2673.8000,2675.4000,2675.8000,2,3,1,1,2,2,2,1,1,1
SF,IH2012,2020-05-27 09:32:14.200,2673.0000,3610,0,24872880.000,0,-,-,-,-,2672.0000,2671.8000,2671.6000,2671.2000,2671.0000,2673.2000,2673.4000,2673.6000,2673.8000,2675.4000,3,1,1,2,1,1,2,1,1,1
SF,IH2012,2020-05-27 09:32:14.700,2673.0000,3610,0,24872880.000,0,-,-,-,-,2672.0000,2671.8000,2671.6000,2671.2000,2671.0000,2673.0000,2673.2000,2673.4000,2673.6000,2673.8000,2,1,1,2,1,2,1,2,1,1
SF,IH2012,2020-05-27 09:32:15.200,2672.0000,3610,0,25674480.000,1,0,1,多换,S,2672.0000,2671.8000,2671.6000,2671.2000,2671.0000,2672.8000,2673.0000,2673.4000,2673.6000,2673.8000,1,1,1,2,1,1,2,2,1,1
SF,IH2012,2020-05-27 09:32:15.700,2672.0000,3610,0,26476080.000,1,0,1,多换,S,2671.8000,2671.6000,2671.2000,2671.0000,2670.8000,2672.6000,2673.0000,2673.4000,2673.6000,2673.8000,1,1,2,1,1,1,2,2,1,1
SF,IH2012,2020-05-27 09:32:16.200,2672.0000,3610,0,26476080.000,0,-,-,-,-,2671.8000,2671.6000,2671.2000,2671.0000,2670.8000,2672.4000,2672.6000,2673.0000,2673.4000,2673.6000,1,1,2,1,1,1,1,2,2,1
SF,IH2012,2020-05-27 09:32:16.700,2671.8000,3610,0,27277620.000,1,0,1,多换,S,2671.6000,2671.2000,2671.0000,2670.8000,2670.6000,2671.8000,2672.4000,2672.6000,2673.0000,2673.4000,1,2,1,1,1,1,1,1,2,2
SF,IH2012,2020-05-27 09:32:17.200,2671.6000,3611,1,28079100.000,1,1,0,双开,S,2671.2000,2671.0000,2670.8000,2670.6000,2670.4000,2671.8000,2672.4000,2672.6000,2673.0000,2673.4000,2,1,1,1,1,1,1,2,2,2
SF,IH2012,2020-05-27 09:32:17.700,2671.6000,3611,0,28079100.000,0,-,-,-,-,2671.2000,2671.0000,2670.8000,2670.6000,2670.4000,2671.6000,2671.8000,2672.4000,2672.6000,2673.0000,2,1,1,1,1,1,1,1,2,2
SF,IH2012,2020-05-27 09:32:18.200,2671.6000,3611,0,28079100.000,0,-,-,-,-,2671.2000,2671.0000,2670.8000,2670.6000,2670.4000,2671.8000,2672.4000,2672.6000,2673.0000,2673.4000,2,1,1,1,1,1,1,2,2,2
SF,IH2012,2020-05-27 09:32:18.700,2671.6000,3611,0,28079100.000,0,-,-,-,-,2671.2000,2671.0000,2670.8000,2670.6000,2670.4000,2671.6000,2671.8000,2672.4000,2672.6000,2673.0000,2,1,1,1,1,2,1,1,2,2
SF,IH2012,2020-05-27 09:32:19.200,2671.6000,3611,0,28079100.000,0,-,-,-,-,2671.2000,2671.0000,2670.8000,2670.6000,2670.4000,2671.8000,2672.4000,2672.6000,2673.0000,2673.4000,2,1,1,1,1,1,1,2,2,2
SF,IH2012,2020-05-27 09:32:19.700,2671.6000,3611,0,28079100.000,0,-,-,-,-,2671.2000,2671.0000,2670.8000,2670.6000,2670.4000,2671.6000,2671.8000,2672.4000,2672.6000,2673.0000,2,1,1,1,1,1,1,1,2,2
SF,IH2012,2020-05-27 09:32:21.200,2671.6000,3611,0,28079100.000,0,-,-,-,-,2671.2000,2671.0000,2670.8000,2670.6000,2670.4000,2671.6000,2671.8000,2672.4000,2672.6000,2673.0000,2,1,1,1,1,1,1,1,2,2
SF,IH2012,2020-05-27 09:32:21.700,2671.6000,3611,0,28880580.000,1,0,1,多换,S,2671.2000,2671.0000,2670.8000,2670.6000,2670.4000,2672.4000,2672.6000,2673.0000,2673.4000,2673.6000,2,1,1,1,1,1,2,2,2,1
SF,IH2012,2020-05-27 09:32:22.200,2671.6000,3611,0,28880580.000,0,-,-,-,-,2671.2000,2671.0000,2670.8000,2670.6000,2670.4000,2672.2000,2672.4000,2672.6000,2673.0000,2673.4000,2,1,1,1,1,1,1,2,3,2
SF,IH2012,2020-05-27 09:32:22.700,2671.2000,3613,2,30483300.000,2,2,0,双开,S,2671.0000,2670.8000,2670.6000,2670.4000,2670.2000,2672.0000,2672.6000,2673.0000,2673.6000,2675.2000,1,1,1,1,1,1,1,1,2,5
SF,IH2012,2020-05-27 09:32:23.200,2671.2000,3613,0,30483300.000,0,-,-,-,-,2671.0000,2670.8000,2670.6000,2670.4000,2670.2000,2672.0000,2672.6000,2673.0000,2673.6000,2675.2000,1,1,1,1,1,1,1,1,1,5
SF,IH2012,2020-05-27 09:32:23.700,2671.2000,3613,0,30483300.000,0,-,-,-,-,2671.0000,2670.8000,2670.6000,2670.4000,2670.2000,2672.6000,2673.0000,2673.6000,2675.2000,2676.0000,1,1,1,1,1,1,1,1,5,1
SF,IH2012,2020-05-27 09:32:24.200,2671.2000,3613,0,30483300.000,0,-,-,-,-,2671.2000,2671.0000,2670.8000,2670.6000,2670.4000,2672.6000,2673.0000,2673.6000,2675.2000,2676.0000,3,1,1,1,1,1,1,1,5,1
SF,IH2012,2020-05-27 09:32:24.700,2671.2000,3613,0,30483300.000,0,-,-,-,-,2671.2000,2671.0000,2670.8000,2670.6000,2670.4000,2673.0000,2673.6000,2676.0000,2676.2000,2677.4000,3,1,1,1,1,1,1,1,1,1
SF,IH2012,2020-05-27 09:32:25.200,2671.2000,3613,0,30483300.000,0,-,-,-,-,2671.4000,2671.2000,2671.0000,2670.8000,2670.6000,2673.0000,2673.6000,2674.8000,2676.0000,2676.2000,1,3,1,1,1,1,1,1,1,1
SF,IH2012,2020-05-27 09:32:25.700,2671.2000,3613,0,30483300.000,0,-,-,-,-,2671.4000,2671.2000,2671.0000,2670.8000,2670.6000,2672.8000,2673.0000,2673.6000,2674.8000,2676.0000,1,1,1,1,1,1,1,1,1,1
SF,IH2012,2020-05-27 09:32:26.200,2671.2000,3613,0,30483300.000,0,-,-,-,-,2671.4000,2671.0000,2670.8000,2670.6000,2670.4000,2672.8000,2673.0000,2673.6000,2674.8000,2676.0000,1,1,1,1,1,1,1,1,1,1
SF,IH2012,2020-05-27 09:32:28.200,2671.2000,3613,0,30483300.000,0,-,-,-,-,2671.4000,2671.0000,2670.8000,2670.6000,2670.4000,2672.6000,2672.8000,2673.0000,2673.6000,2674.8000,1,1,1,1,1,1,1,1,1,1
SF,IH2012,2020-05-27 09:32:28.700,2671.2000,3613,0,30483300.000,0,-,-,-,-,2671.0000,2670.8000,2670.6000,2670.4000,2670.2000,2672.4000,2672.6000,2673.0000,2673.6000,2674.8000,1,1,1,1,1,1,1,1,1,1
SF,IH2012,2020-05-27 09:32:29.200,2671.2000,3613,0,30483300.000,0,-,-,-,-,2671.0000,2670.8000,2670.6000,2670.4000,2670.2000,2672.4000,2672.6000,2673.0000,2673.6000,2676.2000,1,1,1,1,1,1,1,1,1,1
SF,IH2012,2020-05-27 09:32:56.200,2671.2000,3613,0,30483300.000,0,-,-,-,-,2671.0000,2670.8000,2670.6000,2670.4000,2670.2000,2672.2000,2672.4000,2673.0000,2673.6000,2676.2000,1,1,1,1,1,1,1,1,1,1
SF,IH2012,2020-05-27 09:32:56.700,2671.2000,3613,0,30483300.000,0,-,-,-,-,2671.0000,2670.8000,2670.6000,2670.4000,2670.2000,2672.4000,2673.0000,2673.6000,2676.2000,2677.4000,1,1,1,1,1,1,1,1,1,1
SF,IH2012,2020-05-27 09:33:00.200,2671.2000,3613,0,30483300.000,0,-,-,-,-,2671.0000,2670.8000,2670.6000,2670.4000,2670.2000,2672.4000,2673.0000,2673.2000,2673.6000,2676.2000,1,1,1,1,1,1,1,1,1,1
SF,IH2012,2020-05-27 09:33:03.700,2671.2000,3613,0,30483300.000,0,-,-,-,-,2671.0000,2670.8000,2670.6000,2670.4000,2670.2000,2672.4000,2673.0000,2673.2000,2673.6000,2677.4000,1,1,1,1,1,1,1,1,1,1
SF,IH2012,2020-05-27 09:33:07.200,2671.2000,3613,0,30483300.000,0,-,-,-,-,2670.8000,2670.6000,2670.4000,2670.2000,2670.0000,2672.4000,2673.0000,2673.2000,2673.6000,2677.4000,1,1,1,1,3,1,1,1,1,1
SF,IH2012,2020-05-27 09:33:07.700,2671.2000,3613,0,30483300.000,0,-,-,-,-,2670.8000,2670.6000,2670.4000,2670.2000,2670.0000,2672.2000,2672.4000,2673.0000,2673.2000,2673.6000,1,1,1,1,3,2,1,1,1,1
SF,IH2012,2020-05-27 09:33:08.200,2671.2000,3613,0,30483300.000,0,-,-,-,-,2670.8000,2670.6000,2670.4000,2670.2000,2670.0000,2672.0000,2672.2000,2673.0000,2673.2000,2673.6000,1,1,1,1,3,1,2,1,1,1
SF,IH2012,2020-05-27 09:33:09.700,2671.2000,3613,0,30483300.000,0,-,-,-,-,2670.8000,2670.6000,2670.4000,2670.2000,2670.0000,2671.8000,2672.0000,2672.2000,2673.0000,2673.2000,1,1,1,1,3,1,1,1,1,1
SF,IH2012,2020-05-27 09:33:19.200,2671.8000,3612,-1,31284840.000,1,0,1,双平,S,2671.8000,2670.8000,2670.6000,2670.4000,2670.2000,2672.0000,2672.2000,2673.0000,2673.2000,2673.6000,1,1,1,1,1,1,1,1,1,1
SF,IH2012,2020-05-27 09:33:19.700,2671.8000,3612,0,31284840.000,0,-,-,-,-,2671.8000,2670.8000,2670.6000,2670.4000,2670.2000,2672.0000,2673.0000,2673.2000,2673.6000,2679.0000,1,1,1,1,1,1,1,1,1,5
SF,IH2012,2020-05-27 09:33:20.200,2671.8000,3612,0,31284840.000,0,-,-,-,-,2672.0000,2671.8000,2670.8000,2670.6000,2670.4000,2673.0000,2673.2000,2673.6000,2679.0000,2680.0000,1,1,1,1,1,1,1,1,5,2
SF,IH2012,2020-05-27 09:33:20.700,2671.8000,3612,0,31284840.000,0,-,-,-,-,2672.0000,2671.8000,2670.8000,2670.6000,2670.4000,2672.8000,2673.0000,2673.2000,2673.6000,2679.0000,1,1,1,1,1,1,1,1,1,5
SF,IH2012,2020-05-27 09:33:21.200,2671.8000,3612,0,31284840.000,0,-,-,-,-,2672.0000,2671.8000,2670.8000,2670.6000,2670.4000,2672.6000,2672.8000,2673.0000,2673.2000,2673.6000,1,1,1,1,1,1,1,1,1,1
SF,IH2012,2020-05-27 09:33:22.200,2672.6000,3611,-1,32086620.000,1,0,1,双平,S,2672.0000,2671.8000,2670.8000,2670.6000,2670.4000,2672.8000,2673.0000,2673.2000,2673.6000,2674.6000,1,1,1,1,1,1,1,1,1,1
SF,IH2012,2020-05-27 09:33:22.700,2672.6000,3611,0,32086620.000,0,-,-,-,-,2672.8000,2672.0000,2671.8000,2670.8000,2670.6000,2673.0000,2673.2000,2673.6000,2674.6000,2679.0000,1,1,1,1,1,1,1,1,1,5
SF,IH2012,2020-05-27 09:33:23.200,2673.2000,3611,0,32888580.000,1,0,1,多换,S,2673.2000,2672.8000,2672.0000,2671.8000,2670.8000,2673.6000,2674.6000,2679.0000,2680.0000,2681.8000,1,1,1,1,1,1,1,5,2,2
SF,IH2012,2020-05-27 09:33:23.700,2673.2000,3611,0,32888580.000,0,-,-,-,-,2672.8000,2672.0000,2671.8000,2670.8000,2670.6000,2673.6000,2674.6000,2675.2000,2679.0000,2680.0000,1,1,1,1,1,1,1,1,5,2
SF,IH2012,2020-05-27 09:33:24.200,2673.2000,3611,0,32888580.000,0,-,-,-,-,2672.8000,2672.0000,2671.8000,2671.2000,2670.8000,2673.6000,2674.6000,2675.2000,2679.0000,2680.0000,1,1,1,1,1,1,1,1,5,2
SF,IH2012,2020-05-27 09:33:30.200,2673.2000,3611,0,32888580.000,0,-,-,-,-,2673.2000,2672.8000,2672.0000,2671.8000,2671.2000,2673.6000,2674.6000,2675.2000,2679.0000,2680.0000,1,1,1,1,1,1,1,1,5,2
SF,IH2012,2020-05-27 09:33:30.700,2673.2000,3611,0,32888580.000,0,-,-,-,-,2673.2000,2672.8000,2672.0000,2671.8000,2671.2000,2674.6000,2675.2000,2679.0000,2680.0000,2681.8000,1,1,1,1,1,1,1,5,2,2
SF,IH2012,2020-05-27 09:33:31.200,2673.2000,3611,0,32888580.000,0,-,-,-,-,2673.2000,2672.8000,2672.0000,2671.8000,2671.2000,2674.4000,2674.6000,2675.2000,2676.0000,2679.0000,1,1,1,1,1,1,1,1,1,5
SF,IH2012,2020-05-27 09:33:37.200,2673.2000,3611,0,32888580.000,0,-,-,-,-,2673.4000,2673.2000,2672.8000,2672.0000,2671.8000,2674.4000,2674.6000,2675.2000,2676.0000,2679.0000,1,1,1,1,1,1,1,1,1,5
SF,IH2012,2020-05-27 09:33:37.700,2673.2000,3611,0,32888580.000,0,-,-,-,-,2673.4000,2673.2000,2672.8000,2672.0000,2671.8000,2674.6000,2675.2000,2676.0000,2679.0000,2680.0000,1,1,1,1,1,1,1,1,5,2
SF,IH2012,2020-05-27 09:33:38.200,2673.2000,3611,0,32888580.000,0,-,-,-,-,2673.2000,2672.8000,2672.0000,2671.8000,2671.2000,2674.6000,2675.2000,2676.0000,2679.0000,2680.0000,1,1,1,1,1,1,1,1,5,2
SF,IH2012,2020-05-27 09:33:41.200,2673.2000,3611,0,32888580.000,0,-,-,-,-,2673.2000,2672.8000,2672.0000,2671.8000,2671.2000,2674.6000,2675.2000,2675.4000,2676.0000,2679.0000,1,1,1,1,1,1,1,1,1,5
SF,IH2012,2020-05-27 09:33:44.700,2674.6000,3610,-1,33690960.000,1,0,1,双平,S,2673.2000,2672.8000,2672.0000,2671.8000,2671.2000,2675.2000,2675.4000,2676.0000,2679.0000,2680.0000,1,1,1,1,1,1,1,1,5,2
SF,IH2012,2020-05-27 09:33:45.200,2674.6000,3610,0,33690960.000,0,-,-,-,-,2673.4000,2673.2000,2672.8000,2672.0000,2671.8000,2675.0000,2675.2000,2675.4000,2676.0000,2679.0000,2,1,1,1,1,1,1,1,1,5
SF,IH2012,2020-05-27 09:33:50.700,2674.6000,3610,0,33690960.000,0,-,-,-,-,2673.4000,2673.2000,2672.8000,2672.0000,2671.8000,2674.6000,2675.0000,2675.2000,2675.4000,2676.0000,2,1,1,1,1,8,1,1,1,1
SF,IH2012,2020-05-27 09:33:51.200,2673.2000,3609,-1,35294940.000,2,0,2,多平,S,2672.8000,2672.0000,2671.8000,2671.2000,2670.8000,2674.4000,2674.6000,2674.8000,2675.2000,2675.4000,1,1,1,1,1,1,8,1,1,1
SF,IH2012,2020-05-27 09:33:51.700,2673.2000,3609,0,35294940.000,0,-,-,-,-,2672.8000,2672.0000,2671.8000,2671.2000,2670.8000,2674.4000,2674.8000,2675.2000,2675.4000,2676.0000,1,1,1,1,1,1,1,1,1,1
SF,IH2012,2020-05-27 09:33:53.700,2673.2000,3609,0,35294940.000,0,-,-,-,-,2673.0000,2672.8000,2672.0000,2671.8000,2671.2000,2674.4000,2674.8000,2675.2000,2675.4000,2676.0000,1,1,1,1,1,1,1,1,1,1
SF,IH2012,2020-05-27 09:33:54.200,2673.2000,3609,0,35294940.000,0,-,-,-,-,2673.0000,2672.8000,2672.0000,2671.8000,2671.2000,2674.8000,2675.2000,2675.4000,2676.0000,2679.0000,1,1,1,1,1,1,1,1,1,5
SF,IH2012,2020-05-27 09:33:54.700,2673.2000,3609,0,35294940.000,0,-,-,-,-,2673.0000,2672.8000,2672.0000,2671.8000,2671.2000,2674.6000,2674.8000,2675.2000,2675.4000,2676.0000,1,1,1,1,1,2,1,1,1,1
SF,IH2012,2020-05-27 09:33:55.200,2673.2000,3609,0,35294940.000,0,-,-,-,-,2672.8000,2672.0000,2671.8000,2671.2000,2670.8000,2674.6000,2674.8000,2675.2000,2675.4000,2676.0000,1,1,1,1,1,2,1,1,1,1
SF,IH2012,2020-05-27 09:33:57.200,2673.2000,3609,0,35294940.000,0,-,-,-,-,2672.8000,2672.0000,2671.8000,2671.2000,2670.8000,2674.2000,2674.6000,2674.8000,2675.2000,2675.4000,1,1,1,1,1,8,2,1,1,1
SF,IH2012,2020-05-27 09:33:57.700,2672.8000,3609,0,36096780.000,1,0,1,多换,S,2672.0000,2671.8000,2671.2000,2670.8000,2670.6000,2674.0000,2674.2000,2674.6000,2674.8000,2675.2000,1,1,1,1,1,2,8,1,1,1
SF,IH2012,2020-05-27 09:33:58.200,2672.8000,3609,0,36096780.000,0,-,-,-,-,2672.0000,2671.8000,2671.2000,2670.8000,2670.6000,2673.8000,2674.0000,2674.8000,2675.2000,2675.4000,1,1,1,1,1,1,2,1,1,1
SF,IH2012,2020-05-27 09:33:58.700,2672.8000,3609,0,36096780.000,0,-,-,-,-,2672.0000,2671.8000,2671.2000,2670.8000,2670.6000,2673.8000,2674.0000,2674.8000,2675.2000,2675.4000,1,1,1,1,1,1,1,1,1,1
SF,IH2012,2020-05-27 09:34:02.200,2672.8000,3609,0,36096780.000,0,-,-,-,-,2672.0000,2671.8000,2671.2000,2670.8000,2670.6000,2673.4000,2673.8000,2674.0000,2674.8000,2675.2000,1,1,1,1,1,8,1,1,1,1
SF,IH2012,2020-05-27 09:34:02.700,2672.0000,3608,-1,37699980.000,2,0,2,多平,S,2671.8000,2671.2000,2670.8000,2670.6000,2670.4000,2673.2000,2673.8000,2674.0000,2674.8000,2675.2000,1,1,1,1,1,1,1,1,1,1
SF,IH2012,2020-05-27 09:34:03.200,2672.0000,3608,0,37699980.000,0,-,-,-,-,2671.8000,2671.2000,2670.8000,2670.6000,2670.4000,2673.6000,2673.8000,2674.0000,2674.8000,2675.2000,1,1,1,1,1,1,1,1,1,1
SF,IH2012,2020-05-27 09:34:03.700,2672.0000,3608,0,37699980.000,0,-,-,-,-,2671.8000,2671.2000,2670.8000,2670.6000,2670.4000,2673.4000,2673.6000,2674.8000,2675.2000,2675.4000,1,1,1,1,1,2,1,1,1,1
SF,IH2012,2020-05-27 09:34:04.700,2672.0000,3608,0,37699980.000,0,-,-,-,-,2671.8000,2671.2000,2670.8000,2670.6000,2670.4000,2673.4000,2673.6000,2675.2000,2675.4000,2679.0000,1,1,1,1,1,2,1,1,1,5
SF,IH2012,2020-05-27 09:34:05.200,2672.0000,3608,0,37699980.000,0,-,-,-,-,2671.8000,2671.2000,2670.8000,2670.6000,2670.4000,2673.2000,2673.4000,2675.2000,2675.4000,2679.0000,1,1,1,1,1,1,2,1,1,5
SF,IH2012,2020-05-27 09:34:05.700,2672.0000,3608,0,37699980.000,0,-,-,-,-,2671.8000,2671.2000,2670.8000,2670.6000,2670.4000,2673.2000,2673.4000,2675.2000,2675.4000,2679.0000,1,1,1,1,1,1,1,1,1,5
SF,IH2012,2020-05-27 09:34:06.200,2672.0000,3608,0,37699980.000,0,-,-,-,-,2672.0000,2671.8000,2671.2000,2670.8000,2670.6000,2673.2000,2673.4000,2675.2000,2675.4000,2679.0000,1,1,1,1,1,1,1,1,1,5
SF,IH2012,2020-05-27 09:34:06.700,2672.0000,3608,0,37699980.000,0,-,-,-,-,2672.2000,2672.0000,2671.8000,2671.2000,2670.8000,2673.2000,2673.4000,2675.2000,2675.4000,2679.0000,1,1,1,1,1,1,1,1,1,5
SF,IH2012,2020-05-27 09:34:07.200,2672.0000,3608,0,37699980.000,0,-,-,-,-,2672.2000,2671.8000,2671.2000,2670.8000,2670.6000,2673.2000,2675.2000,2675.4000,2679.0000,2680.0000,1,1,1,1,1,1,1,1,5,2
SF,IH2012,2020-05-27 09:34:07.700,2672.0000,3608,0,37699980.000,0,-,-,-,-,2672.2000,2671.8000,2671.2000,2670.8000,2670.6000,2675.0000,2675.2000,2675.4000,2679.0000,2680.0000,1,1,1,1,1,1,1,1,5,2
SF,IH2012,2020-05-27 09:34:08.200,2672.0000,3608,0,37699980.000,0,-,-,-,-,2671.8000,2671.2000,2670.8000,2670.6000,2670.4000,2673.6000,2674.6000,2674.8000,2675.0000,2675.2000,1,1,1,1,1,2,8,3,1,1
SF,IH2012,2020-05-27 09:34:08.700,2672.0000,3608,0,37699980.000,0,-,-,-,-,2672.0000,2671.8000,2671.2000,2670.8000,2670.6000,2673.4000,2673.6000,2674.6000,2674.8000,2675.0000,2,1,1,1,1,2,2,8,1,1
SF,IH2012,2020-05-27 09:34:09.200,2672.0000,3608,0,37699980.000,0,-,-,-,-,2672.0000,2671.8000,2671.2000,2670.8000,2670.6000,2673.4000,2673.6000,2674.6000,2675.0000,2675.2000,2,1,1,1,1,2,2,8,1,1
SF,IH2012,2020-05-27 09:34:11.200,2673.4000,3606,-2,39304020.000,2,0,2,双平,S,2672.0000,2671.8000,2671.2000,2670.8000,2670.6000,2673.6000,2674.6000,2675.0000,2675.2000,2675.4000,2,1,1,1,1,2,8,1,1,1
SF,IH2012,2020-05-27 09:34:15.700,2673.4000,3606,0,39304020.000,0,-,-,-,-,2672.0000,2671.8000,2671.2000,2670.8000,2670.6000,2673.4000,2673.6000,2674.6000,2675.0000,2675.2000,2,1,1,1,1,3,2,8,1,1
SF,IH2012,2020-05-27 09:34:16.200,2673.4000,3606,0,39304020.000,0,-,-,-,-,2672.0000,2671.8000,2671.2000,2670.8000,2670.6000,2673.4000,2674.6000,2675.0000,2675.2000,2675.4000,2,1,1,1,1,5,8,1,1,1
SF,IH2012,2020-05-27 09:34:16.700,2673.4000,3606,0,39304020.000,0,-,-,-,-,2672.0000,2671.8000,2671.2000,2670.8000,2670.6000,2673.2000,2673.4000,2674.6000,2675.2000,2675.4000,2,1,1,1,1,1,5,8,1,1
SF,IH2012,2020-05-27 09:34:18.200,2673.4000,3606,0,39304020.000,0,-,-,-,-,2672.0000,2671.8000,2671.2000,2670.8000,2670.6000,2673.2000,2673.4000,2674.6000,2675.2000,2675.4000,2,1,1,1,1,2,5,8,1,1
SF,IH2012,2020-05-27 09:34:20.200,2673.4000,3606,0,39304020.000,0,-,-,-,-,2672.2000,2672.0000,2671.8000,2671.2000,2670.8000,2673.2000,2673.4000,2674.6000,2675.2000,2675.4000,1,2,1,1,1,2,3,8,1,1
SF,IH2012,2020-05-27 09:34:20.700,2673.4000,3606,0,39304020.000,0,-,-,-,-,2672.4000,2672.2000,2672.0000,2671.8000,2671.2000,2673.2000,2673.4000,2674.6000,2675.2000,2675.4000,1,1,2,1,1,1,3,8,1,1
SF,IH2012,2020-05-27 09:34:21.200,2673.2000,3605,-1,40105980.000,1,0,1,双平,S,2672.4000,2672.0000,2671.8000,2671.2000,2670.8000,2673.4000,2675.2000,2675.4000,2679.0000,2680.0000,1,2,1,1,1,3,1,1,5,2
SF,IH2012,2020-05-27 09:34:21.700,2673.4000,3604,-1,40908000.000,1,0,1,双平,S,2672.4000,2672.0000,2671.8000,2671.2000,2670.8000,2673.4000,2675.2000,2675.4000,2679.0000,2680.0000,1,2,1,1,1,2,1,1,5,2
SF,IH2012,2020-05-27 09:34:22.200,2672.6000,3602,-2,43313820.000,3,0,3,多平,S,2672.0000,2671.8000,2671.2000,2670.8000,2670.6000,2675.2000,2675.4000,2679.0000,2680.0000,2681.8000,2,1,1,1,1,1,1,5,2,2
SF,IH2012,2020-05-27 09:34:22.700,2672.6000,3602,0,43313820.000,0,-,-,-,-,2672.2000,2672.0000,2671.8000,2671.2000,2670.8000,2674.8000,2675.0000,2675.2000,2675.4000,2676.2000,2,2,1,1,1,8,3,2,1,1
SF,IH2012,2020-05-27 09:34:23.200,2672.6000,3602,0,43313820.000,0,-,-,-,-,2672.2000,2672.0000,2671.8000,2671.2000,2670.8000,2674.6000,2674.8000,2675.2000,2675.4000,2676.2000,2,2,1,1,1,1,8,2,1,1
SF,IH2012,2020-05-27 09:34:23.700,2672.6000,3602,0,43313820.000,0,-,-,-,-,2672.2000,2672.0000,2671.8000,2671.2000,2670.8000,2674.2000,2674.6000,2674.8000,2675.2000,2675.4000,2,2,1,1,1,1,1,8,2,1
SF,IH2012,2020-05-27 09:34:24.200,2672.6000,3602,0,43313820.000,0,-,-,-,-,2672.4000,2672.2000,2672.0000,2671.8000,2671.2000,2674.6000,2674.8000,2675.2000,2675.4000,2676.2000,1,2,2,1,1,1,8,2,1,1
SF,IH2012,2020-05-27 09:34:24.700,2672.6000,3602,0,43313820.000,0,-,-,-,-,2672.6000,2672.4000,2672.2000,2672.0000,2671.8000,2674.4000,2674.6000,2675.2000,2675.4000,2676.2000,1,1,1,2,1,8,1,2,1,1
SF,IH2012,2020-05-27 09:34:25.200,2672.6000,3602,0,43313820.000,0,-,-,-,-,2672.6000,2672.4000,2672.2000,2672.0000,2671.8000,2674.2000,2674.4000,2675.2000,2675.4000,2676.2000,1,1,1,2,1,1,8,2,1,1
SF,IH2012,2020-05-27 09:34:25.700,2672.6000,3602,0,43313820.000,0,-,-,-,-,2672.6000,2672.4000,2672.2000,2672.0000,2671.8000,2674.2000,2675.2000,2675.4000,2676.2000,2679.0000,1,1,1,2,1,1,2,1,1,5
SF,IH2012,2020-05-27 09:34:26.200,2672.6000,3602,0,43313820.000,0,-,-,-,-,2672.8000,2672.6000,2672.4000,2672.0000,2671.8000,2675.2000,2675.4000,2676.2000,2679.0000,2680.0000,1,1,1,2,1,2,1,1,5,2
SF,IH2012,2020-05-27 09:34:26.700,2672.6000,3602,0,43313820.000,0,-,-,-,-,2673.0000,2672.8000,2672.4000,2672.0000,2671.8000,2674.8000,2675.0000,2675.2000,2675.4000,2676.2000,1,1,1,2,1,9,3,2,1,1
SF,IH2012,2020-05-27 09:34:27.200,2672.6000,3602,0,43313820.000,0,-,-,-,-,2673.0000,2672.8000,2672.6000,2672.4000,2672.0000,2674.6000,2674.8000,2675.2000,2675.4000,2676.2000,1,1,1,1,2,2,9,2,1,1
SF,IH2012,2020-05-27 09:34:27.700,2672.6000,3602,0,43313820.000,0,-,-,-,-,2673.0000,2672.8000,2672.6000,2672.4000,2672.0000,2674.6000,2674.8000,2675.2000,2675.4000,2676.2000,1,1,1,1,2,2,2,2,1,1
SF,IH2012,2020-05-27 09:34:28.200,2672.6000,3602,0,43313820.000,0,-,-,-,-,2672.8000,2672.6000,2672.4000,2672.0000,2671.8000,2674.6000,2674.8000,2675.2000,2676.2000,2679.0000,1,1,1,2,1,2,2,2,1,5
SF,IH2012,2020-05-27 09:34:28.700,2672.6000,3602,0,43313820.000,0,-,-,-,-,2672.8000,2672.6000,2672.4000,2672.0000,2671.8000,2674.6000,2674.8000,2675.2000,2676.2000,2679.0000,1,1,1,2,1,1,2,2,1,5
SF,IH2012,2020-05-27 09:34:29.700,2672.6000,3602,0,43313820.000,0,-,-,-,-,2672.8000,2672.6000,2672.4000,2672.0000,2671.8000,2674.6000,2675.2000,2676.2000,2679.0000,2680.0000,1,1,1,2,1,1,2,1,5,2
SF,IH2012,2020-05-27 09:34:30.200,2672.6000,3602,0,43313820.000,0,-,-,-,-,2672.8000,2672.6000,2672.4000,2672.0000,2671.8000,2674.4000,2674.6000,2675.2000,2676.2000,2679.0000,1,1,1,2,1,1,1,2,1,5
SF,IH2012,2020-05-27 09:34:32.200,2674.4000,3602,0,44116140.000,1,0,1,多换,S,2672.8000,2672.6000,2672.4000,2672.0000,2671.8000,2674.6000,2675.2000,2676.2000,2679.0000,2680.0000,1,1,1,2,1,1,2,1,5,2
SF,IH2012,2020-05-27 09:34:32.700,2674.4000,3602,0,44116140.000,0,-,-,-,-,2672.8000,2672.6000,2672.4000,2672.0000,2671.8000,2674.4000,2674.6000,2675.2000,2676.2000,2679.0000,1,1,1,2,1,1,1,2,1,5
SF,IH2012,2020-05-27 09:34:33.700,2674.4000,3602,0,44116140.000,0,-,-,-,-,2672.8000,2672.6000,2672.4000,2672.0000,2671.8000,2674.4000,2674.6000,2675.2000,2676.2000,2679.0000,1,1,1,2,1,1,1,1,1,5
SF,IH2012,2020-05-27 09:34:34.200,2674.4000,3602,0,44116140.000,0,-,-,-,-,2672.8000,2672.6000,2672.4000,2672.0000,2671.8000,2674.2000,2674.4000,2675.2000,2676.2000,2679.0000,1,1,1,2,1,1,1,1,1,5
SF,IH2012,2020-05-27 09:34:34.700,2674.4000,3602,0,44116140.000,0,-,-,-,-,2672.6000,2672.4000,2672.0000,2671.8000,2671.2000,2674.2000,2674.4000,2675.2000,2676.2000,2679.0000,1,1,2,1,1,1,1,1,1,5
SF,IH2012,2020-05-27 09:34:35.200,2674.4000,3602,0,44116140.000,0,-,-,-,-,2672.6000,2672.4000,2672.0000,2671.8000,2671.2000,2674.0000,2674.4000,2675.2000,2676.2000,2679.0000,1,1,2,1,1,1,1,1,1,5
SF,IH2012,2020-05-27 09:34:36.200,2674.4000,3602,0,44116140.000,0,-,-,-,-,2672.6000,2672.4000,2672.0000,2671.8000,2671.2000,2674.0000,2674.4000,2675.2000,2676.2000,2679.0000,1,1,2,1,1,1,1,1,1,5
SF,IH2012,2020-05-27 09:34:36.700,2674.4000,3602,0,44116140.000,0,-,-,-,-,2672.8000,2672.6000,2672.4000,2672.0000,2671.8000,2673.8000,2674.0000,2675.2000,2676.2000,2679.0000,1,1,1,2,1,1,1,1,1,5
SF,IH2012,2020-05-27 09:34:37.200,2673.8000,3601,-1,44918280.000,1,0,1,双平,S,2672.8000,2672.6000,2672.4000,2672.0000,2671.8000,2674.0000,2675.2000,2679.0000,2680.0000,2681.8000,1,1,1,2,1,1,1,5,2,2
SF,IH2012,2020-05-27 09:34:37.700,2673.8000,3601,0,44918280.000,0,-,-,-,-,2673.0000,2672.8000,2672.6000,2672.4000,2672.0000,2675.2000,2679.0000,2680.0000,2681.8000,2683.6000,1,1,1,1,2,1,5,2,2,1
SF,IH2012,2020-05-27 09:34:38.200,2673.8000,3601,0,44918280.000,0,-,-,-,-,2673.2000,2673.0000,2672.6000,2672.0000,2671.8000,2675.0000,2675.2000,2676.4000,2679.0000,2680.0000,1,1,1,2,1,1,1,1,5,2
SF,IH2012,2020-05-27 09:34:38.700,2673.8000,3601,0,44918280.000,0,-,-,-,-,2673.4000,2673.2000,2673.0000,2672.6000,2672.0000,2675.0000,2675.2000,2676.4000,2679.0000,2680.0000,1,2,1,1,2,1,1,1,5,2
SF,IH2012,2020-05-27 09:34:39.200,2673.8000,3601,0,44918280.000,0,-,-,-,-,2673.4000,2673.2000,2672.6000,2672.0000,2671.8000,2675.0000,2675.2000,2676.4000,2679.0000,2680.0000,1,1,1,2,1,1,1,1,5,2
SF,IH2012,2020-05-27 09:34:40.700,2673.8000,3601,0,44918280.000,0,-,-,-,-,2673.4000,2673.2000,2672.6000,2672.0000,2671.8000,2674.8000,2675.0000,2675.2000,2676.4000,2679.0000,1,1,1,2,1,1,1,1,1,5
SF,IH2012,2020-05-27 09:34:47.200,2673.8000,3601,0,44918280.000,0,-,-,-,-,2673.4000,2673.2000,2672.6000,2672.0000,2671.8000,2674.6000,2674.8000,2675.0000,2675.2000,2676.4000,1,1,1,2,1,1,1,1,1,1
SF,IH2012,2020-05-27 09:34:47.700,2673.8000,3601,0,44918280.000,0,-,-,-,-,2673.2000,2672.6000,2672.0000,2671.8000,2671.2000,2674.6000,2675.0000,2675.2000,2676.4000,2679.0000,1,1,2,1,1,1,1,1,1,5
SF,IH2012,2020-05-27 09:34:49.200,2673.8000,3601,0,44918280.000,0,-,-,-,-,2673.2000,2672.6000,2672.0000,2671.8000,2671.2000,2675.0000,2675.2000,2676.4000,2679.0000,2680.0000,1,1,2,1,1,1,1,1,5,2
SF,IH2012,2020-05-27 09:34:49.700,2673.8000,3601,0,44918280.000,0,-,-,-,-,2672.6000,2672.0000,2671.8000,2671.2000,2670.8000,2675.0000,2675.2000,2676.4000,2679.0000,2680.0000,1,2,1,1,1,1,1,1,5,2
SF,IH2012,2020-05-27 09:34:50.200,2673.8000,3601,0,44918280.000,0,-,-,-,-,2672.8000,2672.6000,2672.0000,2671.8000,2671.2000,2675.0000,2675.2000,2676.4000,2679.0000,2680.0000,1,1,2,1,1,1,1,1,5,2
SF,IH2012,2020-05-27 09:34:51.200,2673.8000,3601,0,44918280.000,0,-,-,-,-,2672.8000,2672.6000,2672.0000,2671.8000,2671.2000,2674.8000,2675.0000,2675.2000,2676.4000,2679.0000,1,1,2,1,1,8,1,1,1,5
SF,IH2012,2020-05-27 09:34:51.700,2673.8000,3601,0,44918280.000,0,-,-,-,-,2672.8000,2672.6000,2672.0000,2671.8000,2671.2000,2675.0000,2675.2000,2676.4000,2679.0000,2680.0000,1,1,2,1,1,1,1,1,5,2
SF,IH2012,2020-05-27 09:34:53.200,2673.8000,3601,0,44918280.000,0,-,-,-,-,2673.0000,2672.8000,2672.6000,2672.0000,2671.8000,2675.0000,2675.2000,2676.4000,2679.0000,2680.0000,1,1,1,2,1,1,1,1,5,2
SF,IH2012,2020-05-27 09:34:53.700,2673.8000,3601,0,44918280.000,0,-,-,-,-,2673.2000,2673.0000,2672.6000,2672.0000,2671.8000,2674.8000,2675.0000,2675.2000,2676.4000,2679.0000,1,1,1,2,1,1,1,1,1,5
SF,IH2012,2020-05-27 09:34:54.200,2673.8000,3601,0,44918280.000,0,-,-,-,-,2673.2000,2673.0000,2672.6000,2672.0000,2671.8000,2674.6000,2674.8000,2675.0000,2675.2000,2676.4000,1,1,1,2,1,1,1,1,1,1
SF,IH2012,2020-05-27 09:34:55.700,2673.8000,3601,0,44918280.000,0,-,-,-,-,2673.2000,2673.0000,2672.6000,2672.0000,2671.8000,2674.6000,2674.8000,2675.0000,2675.2000,2676.4000,1,1,1,2,1,1,1,1,2,1
SF,IH2012,2020-05-27 09:34:56.700,2673.8000,3601,0,44918280.000,0,-,-,-,-,2673.2000,2673.0000,2672.6000,2672.0000,2671.8000,2674.6000,2675.0000,2675.2000,2676.4000,2679.0000,1,1,1,2,1,1,1,2,1,5
SF,IH2012,2020-05-27 09:34:59.200,2673.8000,3601,0,44918280.000,0,-,-,-,-,2673.2000,2672.6000,2672.0000,2671.8000,2671.2000,2674.6000,2675.0000,2675.2000,2676.4000,2679.0000,1,1,2,1,1,1,1,2,1,5
SF,IH2012,2020-05-27 09:34:59.700,2673.8000,3601,0,44918280.000,0,-,-,-,-,2673.4000,2673.2000,2672.6000,2672.0000,2671.8000,2674.6000,2675.0000,2675.2000,2676.4000,2679.0000,1,1,1,2,1,1,1,2,1,5
SF,IH2012,2020-05-27 09:35:00.200,2673.8000,3601,0,44918280.000,0,-,-,-,-,2673.4000,2673.2000,2672.6000,2672.0000,2671.8000,2675.0000,2675.2000,2676.4000,2679.0000,2680.0000,1,1,1,2,1,1,2,1,5,2
SF,IH2012,2020-05-27 09:35:01.200,2673.8000,3601,0,44918280.000,0,-,-,-,-,2673.4000,2673.2000,2672.6000,2672.0000,2671.8000,2674.8000,2675.0000,2675.2000,2676.4000,2679.0000,6,1,1,2,1,1,1,2,1,5
SF,IH2012,2020-05-27 09:35:01.700,2673.8000,3601,0,44918280.000,0,-,-,-,-,2673.4000,2673.2000,2672.6000,2672.0000,2671.8000,2674.8000,2675.0000,2675.2000,2676.4000,2679.0000,6,1,1,2,1,2,1,2,1,5
SF,IH2012,2020-05-27 09:35:03.700,2673.8000,3601,0,44918280.000,0,-,-,-,-,2673.4000,2673.2000,2672.6000,2672.0000,2671.8000,2674.6000,2674.8000,2675.0000,2675.2000,2676.4000,6,1,1,2,1,1,2,1,2,1
SF,IH2012,2020-05-27 09:35:04.200,2673.8000,3601,0,44918280.000,0,-,-,-,-,2673.4000,2673.2000,2672.6000,2672.0000,2671.8000,2674.6000,2674.8000,2675.0000,2675.2000,2676.4000,6,1,1,2,1,1,1,1,2,1
SF,IH2012,2020-05-27 09:35:04.700,2673.8000,3601,0,44918280.000,0,-,-,-,-,2673.4000,2673.2000,2672.6000,2672.0000,2671.8000,2674.6000,2675.0000,2675.2000,2676.4000,2679.0000,6,1,1,2,1,2,1,2,1,5
SF,IH2012,2020-05-27 09:35:05.200,2673.8000,3601,0,44918280.000,0,-,-,-,-,2673.4000,2673.2000,2672.6000,2672.0000,2671.8000,2674.4000,2674.6000,2675.0000,2675.2000,2676.4000,6,1,1,2,1,1,2,1,2,1
SF,IH2012,2020-05-27 09:35:06.200,2673.8000,3601,0,44918280.000,0,-,-,-,-,2673.4000,2673.2000,2672.6000,2672.0000,2671.8000,2674.4000,2674.6000,2675.0000,2675.2000,2676.4000,6,1,1,2,1,1,1,1,2,1
SF,IH2012,2020-05-27 09:35:06.700,2674.4000,3601,0,45720600.000,1,0,1,多换,S,2673.6000,2673.4000,2672.6000,2672.0000,2671.8000,2674.6000,2675.2000,2676.4000,2679.0000,2680.0000,1,6,1,2,1,1,2,1,5,2
SF,IH2012,2020-05-27 09:35:07.200,2674.6000,3601,0,46522980.000,1,0,1,多换,S,2673.6000,2673.4000,2672.6000,2672.0000,2671.8000,2675.2000,2676.4000,2679.0000,2680.0000,2681.8000,1,6,1,2,1,2,1,5,2,2
SF,IH2012,2020-05-27 09:35:07.700,2674.6000,3601,0,46522980.000,0,-,-,-,-,2673.8000,2673.6000,2673.4000,2672.6000,2672.0000,2675.2000,2676.4000,2679.0000,2680.0000,2681.8000,1,1,5,1,2,2,1,5,2,2
SF,IH2012,2020-05-27 09:35:08.200,2674.6000,3601,0,46522980.000,0,-,-,-,-,2673.8000,2673.4000,2672.6000,2672.0000,2671.8000,2675.2000,2676.4000,2679.0000,2680.0000,2681.8000,1,5,1,2,1,2,1,5,2,2
SF,IH2012,2020-05-27 09:35:09.200,2675.2000,3599,-2,48128100.000,2,0,2,双平,S,2673.8000,2673.4000,2672.6000,2672.0000,2671.8000,2676.4000,2677.8000,2679.0000,2680.0000,2681.8000,1,5,1,2,1,1,1,5,2,2
SF,IH2012,2020-05-27 09:35:09.700,2675.2000,3599,0,48128100.000,0,-,-,-,-,2674.0000,2673.8000,2673.4000,2672.6000,2672.0000,2676.0000,2676.2000,2676.4000,2677.8000,2679.0000,1,1,5,1,2,8,1,3,1,5
SF,IH2012,2020-05-27 09:35:10.200,2675.2000,3599,0,48128100.000,0,-,-,-,-,2674.2000,2674.0000,2673.8000,2673.4000,2672.6000,2675.8000,2676.0000,2676.4000,2677.8000,2679.0000,1,1,1,5,1,2,8,1,1,5
SF,IH2012,2020-05-27 09:35:10.700,2675.2000,3599,0,48128100.000,0,-,-,-,-,2674.2000,2674.0000,2673.8000,2673.4000,2672.6000,2675.8000,2676.0000,2676.4000,2677.8000,2679.0000,1,1,1,5,1,2,8,1,1,5
SF,IH2012,2020-05-27 09:35:12.200,2675.2000,3599,0,48128100.000,0,-,-,-,-,2674.4000,2674.2000,2674.0000,2673.4000,2672.6000,2675.8000,2676.0000,2676.4000,2677.8000,2679.0000,1,1,1,5,1,2,8,1,1,5
SF,IH2012,2020-05-27 09:35:15.200,2675.2000,3599,0,48128100.000,0,-,-,-,-,2674.4000,2674.2000,2674.0000,2673.4000,2672.6000,2675.8000,2676.4000,2677.8000,2679.0000,2680.0000,1,1,1,5,1,2,1,1,5,2
SF,IH2012,2020-05-27 09:35:15.700,2675.2000,3599,0,48128100.000,0,-,-,-,-,2674.4000,2674.2000,2674.0000,2673.4000,2672.6000,2675.8000,2676.4000,2677.8000,2679.0000,2680.0000,1,1,1,5,1,1,1,1,5,2
SF,IH2012,2020-05-27 09:35:16.200,2675.2000,3599,0,48128100.000,0,-,-,-,-,2674.6000,2674.4000,2674.2000,2673.4000,2672.6000,2676.4000,2677.8000,2679.0000,2680.0000,2681.8000,1,1,1,5,1,1,1,5,2,2
SF,IH2012,2020-05-27 09:35:16.700,2675.2000,3599,0,48128100.000,0,-,-,-,-,2674.8000,2674.6000,2674.4000,2674.2000,2673.4000,2675.0000,2676.4000,2677.8000,2679.0000,2680.0000,1,1,1,1,5,2,1,1,5,2
SF,IH2012,2020-05-27 09:35:17.200,2675.0000,3597,-2,49733100.000,2,0,2,双平,S,2675.0000,2674.6000,2674.4000,2674.2000,2673.4000,2676.4000,2679.0000,2680.0000,2681.8000,2683.6000,1,1,1,1,5,1,5,2,2,1
SF,IH2012,2020-05-27 09:35:17.700,2675.0000,3597,0,49733100.000,0,-,-,-,-,2675.0000,2674.6000,2674.4000,2674.2000,2674.0000,2676.4000,2677.4000,2679.0000,2680.0000,2681.8000,1,1,1,1,1,1,1,5,2,2
SF,IH2012,2020-05-27 09:35:18.200,2675.0000,3597,0,49733100.000,0,-,-,-,-,2675.0000,2674.4000,2674.2000,2674.0000,2673.0000,2676.2000,2676.4000,2677.4000,2678.4000,2679.0000,1,1,1,1,1,1,1,1,1,5
SF,IH2012,2020-05-27 09:35:20.700,2675.0000,3597,0,49733100.000,0,-,-,-,-,2675.0000,2674.2000,2674.0000,2673.0000,2672.6000,2676.2000,2676.4000,2677.4000,2678.4000,2679.0000,1,1,1,1,1,1,1,1,1,5
SF,IH2012,2020-05-27 09:35:21.700,2675.0000,3597,0,49733100.000,0,-,-,-,-,2675.0000,2674.2000,2674.0000,2673.0000,2672.6000,2676.0000,2676.2000,2676.4000,2677.4000,2678.4000,1,1,1,1,1,1,1,1,1,1
SF,IH2012,2020-05-27 09:35:22.200,2675.0000,3597,0,49733100.000,0,-,-,-,-,2675.0000,2674.2000,2674.0000,2673.0000,2672.6000,2676.0000,2676.4000,2677.4000,2679.0000,2680.0000,1,1,1,1,1,1,1,1,5,2
SF,IH2012,2020-05-27 09:35:24.200,2675.0000,3597,0,49733100.000,0,-,-,-,-,2675.4000,2675.0000,2674.2000,2674.0000,2673.0000,2676.0000,2676.4000,2677.4000,2679.0000,2680.0000,5,1,1,1,1,1,1,1,5,2
SF,IH2012,2020-05-27 09:35:24.700,2676.0000,3597,0,50535900.000,1,0,1,多换,S,2675.4000,2675.0000,2674.2000,2674.0000,2672.6000,2676.4000,2677.4000,2679.0000,2680.0000,2681.8000,5,1,1,1,1,1,1,5,2,2
SF,IH2012,2020-05-27 09:35:25.200,2676.0000,3597,0,50535900.000,0,-,-,-,-,2675.4000,2675.0000,2674.2000,2674.0000,2672.6000,2676.4000,2677.4000,2678.4000,2679.0000,2680.0000,5,1,1,1,1,1,1,1,5,2
SF,IH2012,2020-05-27 09:35:27.700,2675.4000,3597,0,54549000.000,5,2,3,多换,S,2675.0000,2674.2000,2674.0000,2672.6000,2672.0000,2676.4000,2677.4000,2678.4000,2679.0000,2680.0000,1,1,1,1,2,1,1,1,5,2
SF,IH2012,2020-05-27 09:35:28.200,2675.0000,3596,-1,55351500.000,1,0,1,双平,S,2674.2000,2674.0000,2672.8000,2672.6000,2672.0000,2676.2000,2676.4000,2677.4000,2678.4000,2679.0000,1,1,1,1,2,1,1,1,1,5
SF,IH2012,2020-05-27 09:35:28.700,2675.0000,3596,0,55351500.000,0,-,-,-,-,2674.4000,2674.2000,2674.0000,2672.8000,2672.6000,2676.0000,2676.2000,2676.4000,2677.4000,2678.4000,3,1,1,1,1,1,1,1,1,1
SF,IH2012,2020-05-27 09:35:29.200,2675.0000,3596,0,55351500.000,0,-,-,-,-,2674.4000,2674.2000,2674.0000,2672.8000,2672.6000,2676.0000,2676.2000,2676.4000,2677.4000,2679.0000,2,1,1,1,1,1,1,1,1,5
SF,IH2012,2020-05-27 09:35:29.700,2675.0000,3596,0,55351500.000,0,-,-,-,-,2674.4000,2674.2000,2674.0000,2672.8000,2672.6000,2675.8000,2676.0000,2676.2000,2676.4000,2677.4000,2,1,1,1,1,1,1,1,1,1
SF,IH2012,2020-05-27 09:35:30.200,2675.0000,3596,0,55351500.000,0,-,-,-,-,2674.4000,2674.2000,2674.0000,2672.8000,2672.6000,2675.8000,2676.0000,2676.2000,2676.4000,2677.4000,1,1,1,1,1,1,1,1,1,1
SF,IH2012,2020-05-27 09:35:35.200,2674.4000,3595,-1,56153820.000,1,0,1,双平,S,2674.2000,2674.0000,2672.8000,2672.6000,2672.0000,2675.8000,2676.0000,2676.2000,2676.4000,2677.4000,1,1,1,1,2,1,1,1,1,1
SF,IH2012,2020-05-27 09:35:35.700,2674.2000,3595,0,56956080.000,1,0,1,多换,S,2674.0000,2672.8000,2672.6000,2672.0000,2670.8000,2674.2000,2675.4000,2675.6000,2675.8000,2676.0000,1,1,1,2,1,1,8,1,1,1
SF,IH2012,2020-05-27 09:35:36.200,2674.2000,3595,0,56956080.000,0,-,-,-,-,2672.8000,2672.6000,2672.0000,2670.8000,2670.6000,2674.0000,2674.2000,2675.4000,2675.6000,2675.8000,1,1,2,1,1,1,1,8,1,1
SF,IH2012,2020-05-27 09:35:36.700,2674.2000,3595,0,56956080.000,0,-,-,-,-,2673.0000,2672.8000,2672.6000,2672.0000,2670.8000,2674.2000,2675.4000,2675.6000,2675.8000,2677.8000,3,1,1,2,1,1,8,1,1,1
SF,IH2012,2020-05-27 09:35:37.200,2674.2000,3595,0,56956080.000,0,-,-,-,-,2673.2000,2673.0000,2672.8000,2672.6000,2672.0000,2674.2000,2675.4000,2675.6000,2675.8000,2677.8000,3,1,1,1,3,1,1,1,1,1
SF,IH2012,2020-05-27 09:35:37.700,2674.2000,3595,0,56956080.000,0,-,-,-,-,2673.2000,2673.0000,2672.8000,2672.6000,2672.0000,2675.4000,2675.6000,2675.8000,2677.8000,2679.0000,3,1,1,1,3,1,1,1,1,5
SF,IH2012,2020-05-27 09:35:38.200,2674.2000,3595,0,56956080.000,0,-,-,-,-,2673.2000,2672.8000,2672.6000,2672.0000,2671.6000,2675.2000,2675.4000,2675.8000,2676.6000,2677.8000,2,1,1,3,1,1,2,1,1,1
SF,IH2012,2020-05-27 09:35:38.700,2674.2000,3595,0,56956080.000,0,-,-,-,-,2672.8000,2672.6000,2672.0000,2671.6000,2670.8000,2675.2000,2675.4000,2676.6000,2677.8000,2679.0000,1,1,3,1,1,1,2,1,1,5
SF,IH2012,2020-05-27 09:35:39.200,2674.2000,3595,0,56956080.000,0,-,-,-,-,2672.8000,2672.6000,2672.0000,2671.6000,2670.8000,2675.2000,2675.4000,2676.6000,2676.8000,2677.8000,1,1,3,1,1,1,1,1,1,1
SF,IH2012,2020-05-27 09:35:39.700,2674.2000,3595,0,56956080.000,0,-,-,-,-,2673.0000,2672.8000,2672.6000,2672.0000,2671.6000,2675.2000,2675.4000,2676.6000,2676.8000,2677.8000,1,1,1,3,1,1,1,1,1,1
SF,IH2012,2020-05-27 09:35:40.200,2674.2000,3595,0,56956080.000,0,-,-,-,-,2673.0000,2672.8000,2672.6000,2672.0000,2671.6000,2674.8000,2675.0000,2675.2000,2675.4000,2676.6000,1,1,1,3,1,8,1,1,1,1
SF,IH2012,2020-05-27 09:35:40.700,2674.2000,3595,0,56956080.000,0,-,-,-,-,2673.0000,2672.8000,2672.6000,2672.0000,2671.6000,2674.6000,2674.8000,2675.0000,2675.4000,2676.6000,1,1,1,3,1,1,8,1,1,1
SF,IH2012,2020-05-27 09:35:42.200,2674.2000,3595,0,56956080.000,0,-,-,-,-,2673.0000,2672.8000,2672.6000,2672.0000,2671.6000,2674.6000,2675.0000,2675.4000,2676.6000,2676.8000,1,1,1,3,1,1,1,1,1,1
SF,IH2012,2020-05-27 09:35:42.700,2674.2000,3595,0,56956080.000,0,-,-,-,-,2673.0000,2672.8000,2672.6000,2672.0000,2671.6000,2674.6000,2675.4000,2676.6000,2676.8000,2677.8000,1,1,1,3,1,1,1,1,1,1
SF,IH2012,2020-05-27 09:35:44.200,2673.0000,3594,-1,57757980.000,1,0,1,双平,S,2672.8000,2672.6000,2672.0000,2671.6000,2670.8000,2674.6000,2675.4000,2676.6000,2676.8000,2677.8000,1,1,3,1,1,1,1,1,1,1
SF,IH2012,2020-05-27 09:35:44.700,2673.0000,3594,0,57757980.000,0,-,-,-,-,2672.8000,2672.6000,2672.0000,2671.6000,2670.8000,2674.4000,2674.6000,2675.4000,2676.6000,2676.8000,1,1,3,1,1,8,1,1,1,1
SF,IH2012,2020-05-27 09:35:45.200,2673.0000,3594,0,57757980.000,0,-,-,-,-,2672.8000,2672.6000,2672.0000,2671.6000,2670.8000,2674.2000,2674.4000,2675.4000,2676.6000,2676.8000,1,1,3,1,1,1,8,1,1,1
SF,IH2012,2020-05-27 09:35:45.700,2673.0000,3594,0,57757980.000,0,-,-,-,-,2673.0000,2672.8000,2672.6000,2672.0000,2671.6000,2674.2000,2675.4000,2676.8000,2677.8000,2679.0000,1,1,1,3,1,1,1,1,1,5
SF,IH2012,2020-05-27 09:35:48.700,2673.0000,3594,0,57757980.000,0,-,-,-,-,2673.2000,2673.0000,2672.8000,2672.6000,2672.0000,2674.2000,2675.4000,2676.8000,2677.8000,2679.0000,1,1,1,1,3,1,1,1,1,5
SF,IH2012,2020-05-27 09:35:49.200,2673.0000,3594,0,57757980.000,0,-,-,-,-,2674.2000,2673.2000,2673.0000,2672.8000,2672.6000,2675.4000,2676.8000,2677.8000,2679.0000,2680.0000,1,1,1,1,1,1,1,1,5,2
SF,IH2012,2020-05-27 09:35:49.700,2674.2000,3593,-1,58560240.000,1,0,1,双平,S,2673.0000,2672.8000,2672.6000,2672.0000,2670.8000,2674.2000,2675.2000,2675.4000,2676.8000,2677.8000,1,1,1,3,1,1,1,1,1,1
SF,IH2012,2020-05-27 09:35:50.200,2674.2000,3593,0,59362500.000,1,0,1,多换,S,2673.2000,2673.0000,2672.8000,2672.6000,2672.0000,2675.4000,2676.8000,2677.2000,2677.8000,2679.0000,3,1,1,1,3,1,1,1,1,5
SF,IH2012,2020-05-27 09:35:50.700,2674.2000,3593,0,59362500.000,0,-,-,-,-,2673.4000,2673.2000,2673.0000,2672.8000,2672.6000,2675.2000,2675.4000,2676.8000,2677.2000,2677.8000,1,3,1,1,1,1,1,1,1,1
SF,IH2012,2020-05-27 09:35:51.700,2674.2000,3593,0,59362500.000,0,-,-,-,-,2673.4000,2673.2000,2673.0000,2672.8000,2672.6000,2675.0000,2675.2000,2675.4000,2676.8000,2677.2000,1,3,1,1,1,1,1,1,1,1
SF,IH2012,2020-05-27 09:35:52.200,2674.2000,3593,0,59362500.000,0,-,-,-,-,2673.4000,2673.2000,2673.0000,2672.8000,2672.6000,2674.8000,2675.0000,2675.4000,2676.8000,2677.2000,1,3,1,1,1,1,1,1,1,1
SF,IH2012,2020-05-27 09:35:52.700,2674.2000,3593,0,59362500.000,0,-,-,-,-,2673.4000,2673.2000,2673.0000,2672.8000,2672.6000,2674.8000,2675.0000,2675.4000,2676.8000,2677.8000,1,3,1,1,1,1,1,1,1,1
SF,IH2012,2020-05-27 09:35:53.200,2674.2000,3593,0,59362500.000,0,-,-,-,-,2673.4000,2673.2000,2673.0000,2672.8000,2672.6000,2674.8000,2675.4000,2676.8000,2677.8000,2679.0000,1,2,1,1,1,1,1,1,1,5
SF,IH2012,2020-05-27 09:35:54.700,2674.2000,3593,0,59362500.000,0,-,-,-,-,2673.4000,2673.2000,2673.0000,2672.8000,2672.6000,2674.6000,2674.8000,2675.4000,2676.8000,2677.8000,1,2,1,1,1,1,1,1,1,1
SF,IH2012,2020-05-27 09:35:55.200,2674.2000,3593,0,59362500.000,0,-,-,-,-,2673.0000,2672.8000,2672.6000,2672.0000,2670.8000,2674.4000,2674.6000,2675.4000,2676.8000,2677.8000,1,1,1,3,1,1,1,1,1,1
SF,IH2012,2020-05-27 09:35:55.700,2674.2000,3593,0,59362500.000,0,-,-,-,-,2673.0000,2672.8000,2672.6000,2672.0000,2671.4000,2674.4000,2674.6000,2675.4000,2676.8000,2677.8000,1,1,1,3,1,1,1,1,1,1
SF,IH2012,2020-05-27 09:35:57.200,2674.2000,3593,0,59362500.000,0,-,-,-,-,2673.0000,2672.8000,2672.6000,2672.0000,2671.4000,2674.2000,2674.4000,2674.6000,2675.4000,2676.8000,1,1,1,3,1,1,1,1,1,1
SF,IH2012,2020-05-27 09:35:57.700,2674.2000,3593,0,59362500.000,0,-,-,-,-,2673.0000,2672.8000,2672.6000,2672.0000,2671.4000,2674.0000,2674.2000,2674.6000,2675.4000,2676.8000,1,1,1,3,1,1,1,1,1,1
SF,IH2012,2020-05-27 09:35:58.700,2674.2000,3593,0,59362500.000,0,-,-,-,-,2673.0000,2672.8000,2672.6000,2672.0000,2671.4000,2674.0000,2674.2000,2675.4000,2676.8000,2677.8000,1,1,1,3,1,1,1,1,1,1
SF,IH2012,2020-05-27 09:36:01.700,2674.2000,3593,0,59362500.000,0,-,-,-,-,2673.0000,2672.8000,2672.6000,2672.0000,2671.4000,2673.8000,2674.0000,2675.4000,2676.8000,2677.8000,1,1,1,3,1,1,1,1,1,1
SF,IH2012,2020-05-27 09:36:02.700,2674.2000,3593,0,59362500.000,0,-,-,-,-,2673.0000,2672.8000,2672.6000,2672.0000,2671.4000,2673.6000,2673.8000,2674.0000,2675.4000,2676.8000,1,1,1,3,1,1,1,1,1,1
SF,IH2012,2020-05-27 09:36:03.200,2673.0000,3592,-1,60164400.000,1,0,1,双平,S,2672.8000,2672.6000,2672.0000,2671.4000,2670.8000,2673.6000,2673.8000,2674.0000,2675.4000,2676.8000,1,1,3,1,1,1,1,1,1,1
SF,IH2012,2020-05-27 09:36:03.700,2672.6000,3593,1,60966180.000,1,1,0,双开,S,2672.0000,2671.4000,2670.8000,2670.6000,2670.4000,2673.4000,2673.6000,2673.8000,2675.4000,2676.8000,3,1,1,1,1,1,1,1,1,1
SF,IH2012,2020-05-27 09:36:04.200,2672.6000,3593,0,60966180.000,0,-,-,-,-,2672.0000,2671.4000,2670.8000,2670.6000,2670.4000,2673.4000,2673.6000,2675.4000,2676.8000,2677.8000,3,1,1,2,1,1,1,1,1,1
SF,IH2012,2020-05-27 09:36:04.700,2672.6000,3593,0,60966180.000,0,-,-,-,-,2672.0000,2671.4000,2670.8000,2670.6000,2670.4000,2673.4000,2675.4000,2676.8000,2677.8000,2679.0000,3,1,1,2,1,1,1,1,1,5
SF,IH2012,2020-05-27 09:36:05.200,2673.4000,3593,0,61768200.000,1,0,1,多换,S,2673.6000,2672.0000,2671.4000,2670.8000,2670.6000,2675.4000,2676.8000,2677.8000,2679.0000,2680.0000,6,1,1,1,2,1,1,1,5,2
SF,IH2012,2020-05-27 09:36:05.700,2673.6000,3598,5,67382700.000,7,6,1,空开,S,2672.0000,2671.4000,2670.8000,2670.6000,2670.4000,2673.6000,2675.0000,2675.2000,2675.4000,2676.8000,1,1,1,1,1,1,10,1,2,1
SF,IH2012,2020-05-27 09:36:06.200,2673.6000,3598,0,67382700.000,0,-,-,-,-,2672.0000,2671.4000,2670.8000,2670.6000,2670.4000,2673.4000,2673.6000,2675.0000,2675.2000,2675.4000,1,1,1,1,1,1,4,10,1,2
SF,IH2012,2020-05-27 09:36:07.200,2673.6000,3598,0,67382700.000,0,-,-,-,-,2672.0000,2671.4000,2670.8000,2670.6000,2670.4000,2673.4000,2673.6000,2675.0000,2675.2000,2675.4000,1,1,1,1,1,1,1,10,1,2
SF,IH2012,2020-05-27 09:36:07.700,2673.6000,3598,0,67382700.000,0,-,-,-,-,2672.0000,2671.4000,2670.8000,2670.6000,2670.4000,2673.4000,2673.6000,2675.0000,2675.2000,2675.4000,1,1,1,1,1,1,1,10,1,1
SF,IH2012,2020-05-27 09:36:08.700,2673.6000,3598,0,67382700.000,0,-,-,-,-,2672.0000,2671.4000,2670.8000,2670.6000,2670.4000,2673.4000,2673.6000,2675.0000,2675.2000,2675.4000,1,1,1,1,1,2,1,10,1,1
SF,IH2012,2020-05-27 09:36:10.200,2673.6000,3598,0,67382700.000,0,-,-,-,-,2672.0000,2671.4000,2670.8000,2670.6000,2670.4000,2673.2000,2673.4000,2673.6000,2675.0000,2675.2000,1,1,1,1,1,1,2,1,10,1
SF,IH2012,2020-05-27 09:36:10.700,2673.6000,3598,0,67382700.000,0,-,-,-,-,2672.0000,2671.4000,2670.8000,2670.6000,2670.4000,2673.2000,2673.4000,2673.6000,2675.0000,2675.2000,1,1,1,1,1,1,2,1,10,1
SF,IH2012,2020-05-27 09:36:14.200,2673.6000,3598,0,67382700.000,0,-,-,-,-,2672.2000,2672.0000,2671.4000,2670.8000,2670.6000,2673.2000,2673.4000,2673.6000,2675.0000,2675.2000,1,1,1,1,1,1,2,1,10,1
SF,IH2012,2020-05-27 09:36:16.200,2673.6000,3598,0,67382700.000,0,-,-,-,-,2672.2000,2672.0000,2671.4000,2670.8000,2670.6000,2673.2000,2673.4000,2673.6000,2675.0000,2675.2000,1,1,1,1,1,1,1,1,10,1
SF,IH2012,2020-05-27 09:36:18.200,2673.6000,3598,0,67382700.000,0,-,-,-,-,2672.2000,2672.0000,2671.4000,2670.8000,2670.6000,2673.4000,2673.6000,2675.0000,2675.2000,2675.4000,1,1,1,1,1,1,1,10,1,2
SF,IH2012,2020-05-27 09:36:18.700,2673.6000,3598,0,67382700.000,0,-,-,-,-,2672.0000,2671.4000,2670.8000,2670.6000,2670.4000,2673.4000,2673.6000,2675.0000,2675.2000,2675.4000,1,1,1,1,1,1,1,10,1,2
SF,IH2012,2020-05-27 09:36:20.700,2673.6000,3598,0,67382700.000,0,-,-,-,-,2672.0000,2671.4000,2670.8000,2670.6000,2670.4000,2673.2000,2673.4000,2673.6000,2675.0000,2675.2000,1,1,1,1,1,1,1,1,10,1
SF,IH2012,2020-05-27 09:36:21.200,2673.6000,3598,0,67382700.000,0,-,-,-,-,2672.2000,2672.0000,2671.4000,2670.8000,2670.6000,2673.2000,2673.4000,2673.6000,2675.0000,2675.2000,1,1,1,1,1,1,1,1,10,1
SF,IH2012,2020-05-27 09:36:23.200,2673.6000,3598,0,67382700.000,0,-,-,-,-,2672.2000,2672.0000,2671.4000,2670.8000,2670.6000,2673.2000,2673.4000,2673.6000,2675.0000,2675.2000,1,1,1,1,1,1,1,1,10,1
SF,IH2012,2020-05-27 09:36:25.700,2673.6000,3598,0,67382700.000,0,-,-,-,-,2672.2000,2672.0000,2671.4000,2670.8000,2670.6000,2673.4000,2673.6000,2675.0000,2675.2000,2675.4000,1,1,1,1,1,1,1,10,1,2
SF,IH2012,2020-05-27 09:36:26.200,2673.6000,3598,0,67382700.000,0,-,-,-,-,2672.0000,2671.4000,2670.8000,2670.6000,2670.4000,2673.2000,2673.4000,2673.6000,2675.0000,2675.2000,1,1,1,1,1,1,1,1,10,1
SF,IH2012,2020-05-27 09:36:26.700,2673.6000,3598,0,67382700.000,0,-,-,-,-,2672.2000,2672.0000,2671.4000,2670.8000,2670.6000,2673.6000,2675.0000,2675.2000,2675.4000,2676.8000,1,1,1,1,1,1,10,1,2,1
SF,IH2012,2020-05-27 09:36:27.700,2673.6000,3598,0,67382700.000,0,-,-,-,-,2672.2000,2672.0000,2671.4000,2670.8000,2670.6000,2673.6000,2675.0000,2675.2000,2675.4000,2676.8000,1,1,1,1,1,1,8,1,2,1
SF,IH2012,2020-05-27 09:36:35.200,2672.2000,3598,0,68184360.000,1,0,1,多换,S,2672.0000,2671.4000,2670.8000,2670.6000,2670.4000,2673.6000,2675.0000,2675.2000,2675.4000,2676.8000,1,1,1,1,1,1,8,1,2,1
SF,IH2012,2020-05-27 09:36:35.700,2672.2000,3598,0,68184360.000,0,-,-,-,-,2672.0000,2671.4000,2670.8000,2670.6000,2670.4000,2673.4000,2673.6000,2675.0000,2675.2000,2675.4000,1,1,1,1,1,2,1,8,1,2
SF,IH2012,2020-05-27 09:36:36.200,2672.2000,3598,0,68184360.000,0,-,-,-,-,2672.0000,2671.4000,2670.8000,2670.6000,2670.4000,2673.2000,2673.4000,2673.6000,2675.0000,2675.2000,1,1,1,1,1,1,2,1,8,1
SF,IH2012,2020-05-27 09:36:36.700,2672.2000,3598,0,68184360.000,0,-,-,-,-,2672.0000,2671.4000,2670.8000,2670.6000,2670.4000,2673.2000,2673.4000,2673.6000,2675.0000,2675.2000,1,1,1,1,1,1,1,1,8,1
SF,IH2012,2020-05-27 09:36:37.200,2672.0000,3598,0,68985960.000,1,0,1,多换,S,2671.4000,2670.8000,2670.6000,2670.4000,2670.0000,2673.4000,2673.6000,2675.0000,2675.2000,2675.4000,1,1,1,1,5,1,1,8,1,1
SF,IH2012,2020-05-27 09:36:37.700,2672.0000,3598,0,68985960.000,0,-,-,-,-,2671.4000,2670.8000,2670.6000,2670.4000,2670.0000,2673.2000,2673.4000,2673.6000,2675.0000,2675.4000,1,1,1,1,5,1,1,1,8,1
SF,IH2012,2020-05-27 09:36:38.200,2672.0000,3598,0,68985960.000,0,-,-,-,-,2671.6000,2671.4000,2670.8000,2670.6000,2670.4000,2673.2000,2673.4000,2673.6000,2675.0000,2675.4000,1,1,1,1,1,1,1,1,8,1
SF,IH2012,2020-05-27 09:36:39.200,2672.0000,3598,0,68985960.000,0,-,-,-,-,2671.8000,2671.6000,2671.4000,2670.8000,2670.6000,2673.0000,2673.2000,2673.4000,2673.6000,2675.0000,1,1,1,1,1,1,1,1,1,8
SF,IH2012,2020-05-27 09:36:39.700,2672.0000,3598,0,68985960.000,0,-,-,-,-,2672.0000,2671.4000,2670.8000,2670.6000,2670.4000,2673.0000,2673.2000,2673.6000,2675.0000,2676.8000,2,1,1,1,1,1,1,1,8,1
SF,IH2012,2020-05-27 09:36:40.200,2672.0000,3598,0,68985960.000,0,-,-,-,-,2672.0000,2671.4000,2670.8000,2670.6000,2670.4000,2673.0000,2673.6000,2675.0000,2676.8000,2677.8000,1,1,1,1,1,1,1,8,1,1
SF,IH2012,2020-05-27 09:36:40.700,2673.0000,3597,-1,69787860.000,1,0,1,双平,S,2672.0000,2671.4000,2670.8000,2670.6000,2670.4000,2673.6000,2675.0000,2676.8000,2677.8000,2679.0000,1,1,1,1,1,1,8,1,1,5
SF,IH2012,2020-05-27 09:36:41.200,2673.0000,3597,0,69787860.000,0,-,-,-,-,2672.0000,2671.4000,2670.8000,2670.6000,2670.4000,2673.4000,2673.6000,2675.0000,2676.8000,2677.8000,1,1,1,1,1,1,1,8,1,1
SF,IH2012,2020-05-27 09:36:48.700,2673.0000,3597,0,69787860.000,0,-,-,-,-,2672.0000,2671.4000,2670.8000,2670.6000,2670.4000,2673.2000,2673.4000,2673.6000,2675.0000,2676.8000,1,1,1,1,1,1,1,1,8,1
SF,IH2012,2020-05-27 09:36:49.200,2673.0000,3597,0,69787860.000,0,-,-,-,-,2672.2000,2671.4000,2670.8000,2670.6000,2670.4000,2673.2000,2673.4000,2673.6000,2675.0000,2676.8000,1,1,1,1,1,1,1,1,8,1
SF,IH2012,2020-05-27 09:36:50.700,2673.2000,3597,0,70589820.000,1,0,1,多换,S,2672.2000,2671.4000,2670.8000,2670.6000,2670.4000,2673.4000,2673.6000,2675.0000,2676.8000,2677.8000,1,1,1,1,1,1,1,8,1,1
SF,IH2012,2020-05-27 09:36:51.200,2673.4000,3596,-1,71391840.000,1,0,1,双平,S,2672.4000,2671.4000,2670.8000,2670.6000,2670.4000,2673.6000,2675.0000,2676.8000,2677.8000,2679.0000,2,1,1,1,1,1,8,1,1,5
SF,IH2012,2020-05-27 09:36:51.700,2673.4000,3596,0,71391840.000,0,-,-,-,-,2672.4000,2671.4000,2670.8000,2670.6000,2670.4000,2673.6000,2675.0000,2676.8000,2677.8000,2679.0000,1,1,1,1,1,1,8,1,1,5
SF,IH2012,2020-05-27 09:36:52.200,2673.4000,3596,0,71391840.000,0,-,-,-,-,2672.6000,2672.4000,2671.4000,2670.8000,2670.6000,2673.6000,2675.0000,2676.8000,2677.8000,2679.0000,1,1,1,1,1,1,8,1,1,5
SF,IH2012,2020-05-27 09:36:52.700,2673.4000,3596,0,71391840.000,0,-,-,-,-,2672.6000,2672.4000,2672.0000,2671.4000,2670.8000,2673.6000,2675.0000,2676.8000,2677.8000,2679.0000,1,1,2,1,1,1,8,1,1,5
SF,IH2012,2020-05-27 09:36:53.200,2673.4000,3596,0,71391840.000,0,-,-,-,-,2672.6000,2672.4000,2672.0000,2671.4000,2670.8000,2675.0000,2675.2000,2676.8000,2677.8000,2679.0000,1,1,2,1,1,8,1,1,1,5
SF,IH2012,2020-05-27 09:36:53.700,2673.4000,3596,0,71391840.000,0,-,-,-,-,2672.4000,2672.0000,2671.4000,2670.8000,2670.6000,2674.6000,2674.8000,2675.0000,2675.2000,2676.8000,1,2,1,1,1,1,2,8,1,1
SF,IH2012,2020-05-27 09:36:54.200,2673.4000,3596,0,71391840.000,0,-,-,-,-,2672.4000,2672.0000,2671.4000,2670.8000,2670.6000,2674.4000,2674.6000,2674.8000,2675.0000,2675.2000,1,2,1,1,1,1,1,1,8,1
SF,IH2012,2020-05-27 09:36:54.700,2673.4000,3596,0,71391840.000,0,-,-,-,-,2672.6000,2672.4000,2672.0000,2671.4000,2670.8000,2674.4000,2674.8000,2675.0000,2675.2000,2676.8000,1,1,2,1,1,1,1,8,1,1
SF,IH2012,2020-05-27 09:36:55.200,2673.4000,3596,0,71391840.000,0,-,-,-,-,2672.6000,2672.4000,2672.0000,2671.4000,2670.8000,2674.2000,2674.4000,2675.0000,2675.2000,2676.8000,1,1,2,1,1,1,1,8,1,1
SF,IH2012,2020-05-27 09:36:55.700,2673.4000,3596,0,71391840.000,0,-,-,-,-,2672.8000,2672.6000,2672.0000,2671.4000,2670.8000,2674.4000,2675.0000,2675.2000,2676.8000,2677.8000,1,1,2,1,1,1,8,1,1,1
SF,IH2012,2020-05-27 09:36:56.200,2673.4000,3596,0,71391840.000,0,-,-,-,-,2672.8000,2672.0000,2671.4000,2670.8000,2670.6000,2674.4000,2675.0000,2675.2000,2676.8000,2677.8000,1,2,1,1,1,1,8,1,1,1
SF,IH2012,2020-05-27 09:36:56.700,2673.4000,3596,0,71391840.000,0,-,-,-,-,2673.0000,2672.8000,2672.0000,2671.4000,2670.8000,2674.4000,2675.0000,2675.2000,2676.8000,2677.8000,1,1,2,1,1,1,8,1,1,1
SF,IH2012,2020-05-27 09:36:59.200,2673.4000,3596,0,71391840.000,0,-,-,-,-,2673.0000,2672.8000,2672.0000,2671.4000,2670.8000,2674.2000,2674.4000,2675.0000,2676.8000,2677.8000,1,1,2,1,1,1,1,8,1,1
SF,IH2012,2020-05-27 09:37:00.200,2673.4000,3596,0,71391840.000,0,-,-,-,-,2673.2000,2672.8000,2672.0000,2671.4000,2670.8000,2674.2000,2674.4000,2675.0000,2676.8000,2677.8000,1,1,2,1,1,1,1,8,1,1
SF,IH2012,2020-05-27 09:37:00.700,2673.4000,3596,0,71391840.000,0,-,-,-,-,2673.2000,2672.8000,2672.0000,2671.4000,2670.8000,2674.2000,2675.0000,2676.8000,2677.8000,2679.0000,1,1,2,1,1,1,8,1,1,5
SF,IH2012,2020-05-27 09:37:05.700,2674.2000,3596,0,72194100.000,1,0,1,多换,S,2673.2000,2672.8000,2672.0000,2671.4000,2670.8000,2676.8000,2677.8000,2679.0000,2680.0000,2681.6000,1,1,2,1,1,1,1,5,2,1
SF,IH2012,2020-05-27 09:37:06.200,2674.2000,3596,0,72194100.000,0,-,-,-,-,2673.4000,2672.0000,2671.4000,2670.8000,2670.6000,2676.4000,2676.6000,2676.8000,2677.8000,2679.0000,1,2,1,1,1,8,5,1,1,5
SF,IH2012,2020-05-27 09:37:06.700,2674.2000,3596,0,72194100.000,0,-,-,-,-,2672.0000,2671.4000,2670.8000,2670.6000,2670.4000,2676.2000,2676.4000,2676.6000,2676.8000,2677.8000,2,1,1,1,1,2,8,3,1,1
SF,IH2012,2020-05-27 09:37:07.200,2674.2000,3596,0,72194100.000,0,-,-,-,-,2672.2000,2672.0000,2671.4000,2670.8000,2670.6000,2675.8000,2676.2000,2676.6000,2676.8000,2677.8000,1,2,1,1,1,8,2,3,1,1
SF,IH2012,2020-05-27 09:37:07.700,2674.2000,3596,0,72194100.000,0,-,-,-,-,2672.2000,2672.0000,2671.4000,2670.8000,2670.6000,2675.6000,2675.8000,2676.6000,2676.8000,2677.8000,1,2,1,1,1,2,8,1,1,1
SF,IH2012,2020-05-27 09:37:08.200,2674.2000,3596,0,72194100.000,0,-,-,-,-,2672.2000,2672.0000,2671.4000,2670.8000,2670.6000,2675.2000,2675.6000,2675.8000,2676.6000,2676.8000,1,2,1,1,1,9,2,2,1,1
SF,IH2012,2020-05-27 09:37:08.700,2674.2000,3596,0,72194100.000,0,-,-,-,-,2672.4000,2672.2000,2672.0000,2671.4000,2670.8000,2675.0000,2675.2000,2675.8000,2676.8000,2677.8000,1,1,2,1,1,2,9,2,1,1
SF,IH2012,2020-05-27 09:37:09.200,2674.2000,3596,0,72194100.000,0,-,-,-,-,2672.6000,2672.4000,2672.0000,2671.4000,2670.8000,2675.0000,2675.2000,2675.8000,2676.8000,2677.8000,1,1,2,1,1,2,8,2,1,1
SF,IH2012,2020-05-27 09:37:09.700,2674.2000,3596,0,72194100.000,0,-,-,-,-,2673.0000,2672.6000,2672.4000,2672.0000,2671.4000,2674.8000,2675.0000,2675.2000,2675.8000,2676.8000,1,1,1,2,1,1,2,8,2,1
SF,IH2012,2020-05-27 09:37:10.200,2674.2000,3596,0,72194100.000,0,-,-,-,-,2673.0000,2672.6000,2672.4000,2672.0000,2671.4000,2674.6000,2674.8000,2675.0000,2675.2000,2676.8000,1,1,1,2,1,1,1,1,8,1
SF,IH2012,2020-05-27 09:37:11.200,2674.2000,3596,0,72194100.000,0,-,-,-,-,2672.6000,2672.4000,2672.0000,2671.4000,2670.8000,2674.6000,2675.0000,2675.2000,2676.8000,2677.8000,1,1,2,1,1,1,1,8,1,1
SF,IH2012,2020-05-27 09:37:11.700,2674.2000,3596,0,72194100.000,0,-,-,-,-,2672.6000,2672.4000,2672.0000,2671.4000,2670.8000,2674.4000,2674.6000,2675.2000,2676.8000,2677.8000,1,1,2,1,1,1,1,8,1,1
SF,IH2012,2020-05-27 09:37:12.200,2674.2000,3596,0,72194100.000,0,-,-,-,-,2672.6000,2672.4000,2672.0000,2671.4000,2670.8000,2674.2000,2674.4000,2675.2000,2676.8000,2677.8000,1,1,2,1,1,1,1,8,1,1
SF,IH2012,2020-05-27 09:37:13.200,2674.2000,3596,0,72194100.000,0,-,-,-,-,2672.6000,2672.0000,2671.4000,2670.8000,2670.6000,2674.0000,2674.2000,2674.4000,2675.2000,2676.8000,1,2,1,1,1,1,1,1,8,1
SF,IH2012,2020-05-27 09:37:22.200,2672.6000,3595,-1,72995880.000,1,0,1,双平,S,2672.0000,2671.4000,2670.8000,2670.6000,2670.4000,2674.0000,2674.2000,2674.4000,2675.2000,2676.8000,2,1,1,1,1,1,1,1,8,1
SF,IH2012,2020-05-27 09:37:22.700,2672.6000,3595,0,72995880.000,0,-,-,-,-,2672.0000,2671.4000,2670.8000,2670.6000,2670.4000,2673.8000,2675.2000,2676.8000,2677.8000,2679.0000,2,1,1,1,1,3,8,1,1,5
SF,IH2012,2020-05-27 09:37:24.200,2672.6000,3595,0,72995880.000,0,-,-,-,-,2672.2000,2672.0000,2671.4000,2670.8000,2670.6000,2673.8000,2675.2000,2676.8000,2677.8000,2679.0000,1,2,1,1,1,3,8,1,1,5
SF,IH2012,2020-05-27 09:37:24.700,2672.6000,3595,0,72995880.000,0,-,-,-,-,2672.2000,2672.0000,2671.4000,2670.8000,2670.6000,2673.8000,2675.2000,2676.8000,2677.8000,2679.0000,1,2,1,1,1,2,8,1,1,5
SF,IH2012,2020-05-27 09:37:25.200,2672.6000,3595,0,72995880.000,0,-,-,-,-,2672.2000,2672.0000,2671.4000,2670.8000,2670.6000,2673.6000,2673.8000,2675.2000,2676.8000,2677.8000,1,2,1,1,1,1,2,8,1,1
SF,IH2012,2020-05-27 09:37:25.700,2672.6000,3595,0,72995880.000,0,-,-,-,-,2672.2000,2672.0000,2671.4000,2670.8000,2670.6000,2673.4000,2673.6000,2673.8000,2675.2000,2676.8000,1,2,1,1,1,1,1,1,8,1
SF,IH2012,2020-05-27 09:37:26.200,2672.6000,3595,0,72995880.000,0,-,-,-,-,2672.2000,2672.0000,2671.4000,2670.8000,2670.6000,2673.2000,2673.4000,2673.8000,2675.2000,2676.8000,1,2,1,1,1,1,1,1,8,1
SF,IH2012,2020-05-27 09:37:29.200,2672.6000,3595,0,72995880.000,0,-,-,-,-,2672.0000,2671.4000,2670.8000,2670.6000,2670.4000,2673.2000,2673.4000,2673.8000,2675.2000,2676.8000,2,1,1,1,1,1,1,1,8,1
SF,IH2012,2020-05-27 09:37:29.700,2672.6000,3595,0,72995880.000,0,-,-,-,-,2672.0000,2671.4000,2670.8000,2670.6000,2670.4000,2673.0000,2673.4000,2673.8000,2675.2000,2676.8000,2,1,1,1,1,1,1,1,8,1
SF,IH2012,2020-05-27 09:37:33.700,2672.6000,3595,0,72995880.000,0,-,-,-,-,2672.0000,2671.4000,2670.8000,2670.6000,2670.4000,2673.4000,2673.8000,2675.2000,2676.8000,2677.8000,2,1,1,1,1,1,1,8,1,1
SF,IH2012,2020-05-27 09:37:38.200,2672.6000,3595,0,72995880.000,0,-,-,-,-,2672.2000,2672.0000,2671.4000,2670.8000,2670.6000,2673.4000,2673.8000,2675.2000,2676.8000,2677.8000,1,2,1,1,1,1,1,8,1,1
SF,IH2012,2020-05-27 09:37:38.700,2672.6000,3595,0,72995880.000,0,-,-,-,-,2672.4000,2672.2000,2672.0000,2671.4000,2670.8000,2673.8000,2675.2000,2676.8000,2677.8000,2679.0000,1,1,2,1,1,1,8,1,1,5
SF,IH2012,2020-05-27 09:37:40.700,2672.6000,3595,0,72995880.000,0,-,-,-,-,2672.6000,2672.4000,2672.0000,2671.4000,2670.8000,2673.8000,2675.2000,2676.8000,2677.8000,2679.0000,1,1,2,1,1,1,8,1,1,5
SF,IH2012,2020-05-27 09:37:41.200,2672.6000,3595,0,72995880.000,0,-,-,-,-,2672.8000,2672.6000,2672.0000,2671.4000,2670.8000,2675.2000,2676.8000,2677.8000,2679.0000,2680.0000,1,1,2,1,1,8,1,1,5,2
SF,IH2012,2020-05-27 09:37:41.700,2672.6000,3595,0,72995880.000,0,-,-,-,-,2672.6000,2672.0000,2671.4000,2670.8000,2670.6000,2674.8000,2675.0000,2675.2000,2676.8000,2677.8000,1,2,1,1,1,1,2,8,1,1
SF,IH2012,2020-05-27 09:37:42.200,2672.6000,3595,0,72995880.000,0,-,-,-,-,2672.6000,2672.0000,2671.4000,2670.8000,2670.6000,2674.6000,2674.8000,2675.2000,2676.8000,2677.8000,1,2,1,1,1,2,1,8,1,1
SF,IH2012,2020-05-27 09:37:42.700,2672.6000,3595,0,72995880.000,0,-,-,-,-,2672.8000,2672.6000,2672.0000,2671.4000,2670.8000,2674.6000,2675.2000,2676.8000,2677.8000,2679.0000,1,1,2,1,1,2,8,1,1,5
SF,IH2012,2020-05-27 09:37:45.200,2672.6000,3595,0,72995880.000,0,-,-,-,-,2673.0000,2672.8000,2672.0000,2671.4000,2670.8000,2674.6000,2675.2000,2676.8000,2677.8000,2679.0000,1,1,2,1,1,2,8,1,1,5
SF,IH2012,2020-05-27 09:37:45.700,2672.6000,3595,0,72995880.000,0,-,-,-,-,2673.0000,2672.0000,2671.4000,2670.8000,2670.6000,2674.4000,2674.6000,2675.2000,2676.8000,2677.8000,1,2,1,1,1,1,2,8,1,1
SF,IH2012,2020-05-27 09:37:46.200,2672.6000,3595,0,72995880.000,0,-,-,-,-,2672.0000,2671.4000,2670.8000,2670.6000,2670.4000,2674.2000,2674.4000,2674.6000,2675.2000,2676.8000,2,1,1,1,1,1,1,1,8,1
SF,IH2012,2020-05-27 09:37:46.700,2672.6000,3595,0,72995880.000,0,-,-,-,-,2672.2000,2672.0000,2671.4000,2670.8000,2670.6000,2674.0000,2674.2000,2674.4000,2675.2000,2676.8000,1,2,1,1,1,1,1,1,8,1
SF,IH2012,2020-05-27 09:37:47.200,2672.6000,3595,0,72995880.000,0,-,-,-,-,2672.2000,2672.0000,2671.4000,2670.8000,2670.6000,2674.0000,2674.2000,2675.2000,2676.8000,2677.8000,1,2,1,1,1,1,1,8,1,1
SF,IH2012,2020-05-27 09:37:49.200,2675.2000,3595,0,75402900.000,3,1,2,多换,S,2672.4000,2672.2000,2672.0000,2671.4000,2670.8000,2675.2000,2676.8000,2677.8000,2679.0000,2680.0000,1,1,2,1,1,7,1,1,5,2
SF,IH2012,2020-05-27 09:37:49.700,2675.2000,3595,0,75402900.000,0,-,-,-,-,2672.8000,2672.6000,2672.4000,2672.0000,2671.4000,2675.0000,2675.2000,2676.8000,2677.8000,2679.0000,1,1,1,2,1,1,7,1,1,5
SF,IH2012,2020-05-27 09:37:50.200,2675.2000,3595,0,75402900.000,0,-,-,-,-,2673.0000,2672.8000,2672.4000,2672.0000,2671.4000,2675.0000,2675.2000,2676.8000,2677.8000,2679.0000,2,1,1,2,1,1,7,1,1,5
SF,IH2012,2020-05-27 09:37:50.700,2675.2000,3595,0,75402900.000,0,-,-,-,-,2673.0000,2672.8000,2672.4000,2672.0000,2671.4000,2674.8000,2675.0000,2675.2000,2676.8000,2677.8000,2,1,1,2,1,1,1,7,1,1
SF,IH2012,2020-05-27 09:37:51.700,2675.2000,3595,0,75402900.000,0,-,-,-,-,2673.0000,2672.8000,2672.4000,2672.0000,2671.4000,2674.8000,2675.0000,2675.2000,2675.4000,2676.8000,2,1,1,2,1,1,1,7,1,1
SF,IH2012,2020-05-27 09:37:52.200,2675.2000,3595,0,75402900.000,0,-,-,-,-,2673.0000,2672.8000,2672.4000,2672.0000,2671.4000,2674.8000,2675.0000,2675.2000,2675.4000,2676.8000,2,1,1,2,1,1,2,7,1,1
SF,IH2012,2020-05-27 09:37:52.700,2675.2000,3595,0,75402900.000,0,-,-,-,-,2673.0000,2672.8000,2672.4000,2672.0000,2671.6000,2674.8000,2675.0000,2675.2000,2675.4000,2676.8000,2,1,1,2,1,1,2,7,1,1
SF,IH2012,2020-05-27 09:37:53.200,2675.2000,3595,0,75402900.000,0,-,-,-,-,2673.0000,2672.8000,2672.4000,2672.0000,2671.6000,2674.8000,2675.0000,2675.4000,2676.8000,2677.8000,2,1,1,2,1,1,2,1,1,1
SF,IH2012,2020-05-27 09:37:54.200,2675.2000,3595,0,75402900.000,0,-,-,-,-,2673.2000,2673.0000,2672.8000,2672.4000,2672.0000,2674.8000,2675.0000,2675.4000,2676.8000,2677.8000,1,2,1,1,2,2,2,1,1,1
SF,IH2012,2020-05-27 09:37:56.200,2675.2000,3595,0,75402900.000,0,-,-,-,-,2673.4000,2673.2000,2673.0000,2672.4000,2672.0000,2674.8000,2675.0000,2675.4000,2676.8000,2677.8000,1,1,2,1,2,2,2,1,1,1
SF,IH2012,2020-05-27 09:37:57.200,2675.2000,3595,0,75402900.000,0,-,-,-,-,2673.4000,2673.2000,2673.0000,2672.4000,2672.0000,2674.8000,2675.0000,2675.4000,2676.8000,2677.8000,1,1,2,1,2,2,1,1,1,1
SF,IH2012,2020-05-27 09:37:57.700,2675.2000,3595,0,75402900.000,0,-,-,-,-,2673.8000,2673.4000,2673.0000,2672.4000,2672.0000,2674.8000,2675.0000,2675.4000,2676.8000,2677.8000,1,1,2,1,2,2,1,1,1,1
SF,IH2012,2020-05-27 09:37:58.200,2675.2000,3595,0,75402900.000,0,-,-,-,-,2673.4000,2673.0000,2672.4000,2672.0000,2671.6000,2674.8000,2675.0000,2675.4000,2676.8000,2677.8000,1,2,1,2,1,2,1,1,1,1
SF,IH2012,2020-05-27 09:37:59.200,2675.2000,3595,0,75402900.000,0,-,-,-,-,2673.6000,2673.4000,2673.0000,2672.4000,2672.0000,2674.8000,2675.0000,2675.4000,2676.8000,2677.8000,1,1,2,1,2,2,1,1,1,1
SF,IH2012,2020-05-27 09:37:59.700,2675.2000,3595,0,75402900.000,0,-,-,-,-,2673.6000,2673.4000,2673.0000,2672.4000,2672.0000,2674.8000,2675.4000,2676.8000,2677.8000,2679.0000,1,1,2,1,2,2,1,1,1,5
SF,IH2012,2020-05-27 09:38:00.200,2675.2000,3595,0,75402900.000,0,-,-,-,-,2673.6000,2673.4000,2673.0000,2672.4000,2672.0000,2674.8000,2676.8000,2677.8000,2679.0000,2680.0000,1,1,2,1,2,2,1,1,5,2
SF,IH2012,2020-05-27 09:38:01.200,2675.2000,3595,0,75402900.000,0,-,-,-,-,2673.8000,2673.6000,2673.0000,2672.4000,2672.0000,2676.8000,2677.8000,2679.0000,2680.0000,2681.6000,1,1,2,1,2,1,1,5,2,1
SF,IH2012,2020-05-27 09:38:01.700,2675.2000,3595,0,75402900.000,0,-,-,-,-,2674.0000,2673.6000,2673.0000,2672.4000,2672.0000,2676.4000,2676.6000,2676.8000,2677.8000,2679.0000,1,1,1,1,2,7,2,1,1,5
SF,IH2012,2020-05-27 09:38:02.200,2675.2000,3595,0,75402900.000,0,-,-,-,-,2674.0000,2673.6000,2673.0000,2672.4000,2672.0000,2676.0000,2676.2000,2676.4000,2676.6000,2676.8000,1,1,1,1,2,2,1,7,1,1
SF,IH2012,2020-05-27 09:38:02.700,2675.2000,3595,0,75402900.000,0,-,-,-,-,2674.0000,2673.6000,2673.0000,2672.4000,2672.0000,2675.8000,2676.0000,2676.2000,2676.4000,2676.6000,1,1,1,1,2,2,2,1,7,1
SF,IH2012,2020-05-27 09:38:03.200,2675.2000,3595,0,75402900.000,0,-,-,-,-,2674.0000,2673.6000,2673.0000,2672.4000,2672.0000,2675.8000,2676.0000,2676.4000,2676.6000,2676.8000,1,1,1,1,2,3,2,7,1,1
SF,IH2012,2020-05-27 09:38:03.700,2675.2000,3595,0,75402900.000,0,-,-,-,-,2674.0000,2673.6000,2673.0000,2672.4000,2672.0000,2675.6000,2675.8000,2676.0000,2676.4000,2676.6000,1,1,1,1,2,1,3,2,7,1
SF,IH2012,2020-05-27 09:38:04.200,2675.2000,3595,0,75402900.000,0,-,-,-,-,2674.0000,2673.6000,2673.0000,2672.4000,2672.0000,2675.6000,2675.8000,2676.0000,2676.4000,2676.8000,1,1,1,1,2,2,1,1,6,1
SF,IH2012,2020-05-27 09:38:04.700,2675.2000,3595,0,75402900.000,0,-,-,-,-,2674.2000,2674.0000,2673.6000,2672.4000,2672.0000,2675.6000,2676.0000,2676.8000,2677.8000,2679.0000,2,1,1,1,2,1,1,1,1,5
SF,IH2012,2020-05-27 09:38:05.200,2675.2000,3595,0,75402900.000,0,-,-,-,-,2674.2000,2674.0000,2673.6000,2672.4000,2672.0000,2676.0000,2676.8000,2677.8000,2679.0000,2680.0000,2,1,1,1,2,1,1,1,5,2
SF,IH2012,2020-05-27 09:38:05.700,2675.2000,3595,0,75402900.000,0,-,-,-,-,2674.4000,2674.2000,2672.4000,2672.0000,2671.6000,2675.8000,2676.0000,2676.8000,2677.8000,2679.0000,2,2,1,2,1,1,1,1,1,5
SF,IH2012,2020-05-27 09:38:08.200,2675.2000,3595,0,75402900.000,0,-,-,-,-,2674.4000,2674.2000,2672.4000,2672.0000,2671.6000,2675.6000,2675.8000,2676.0000,2676.8000,2677.8000,2,2,1,2,1,1,1,1,1,1
SF,IH2012,2020-05-27 09:38:08.700,2675.2000,3595,0,75402900.000,0,-,-,-,-,2674.4000,2674.2000,2672.4000,2672.0000,2671.6000,2675.8000,2676.0000,2676.8000,2677.8000,2679.0000,1,1,1,2,1,1,1,1,1,5
SF,IH2012,2020-05-27 09:38:12.700,2675.2000,3595,0,75402900.000,0,-,-,-,-,2674.4000,2674.2000,2672.4000,2672.0000,2671.6000,2675.8000,2676.0000,2676.2000,2676.8000,2677.8000,1,1,1,2,1,1,1,1,1,1
SF,IH2012,2020-05-27 09:38:13.200,2675.2000,3595,0,75402900.000,0,-,-,-,-,2674.2000,2672.4000,2672.0000,2671.6000,2671.2000,2675.8000,2676.0000,2676.2000,2676.8000,2677.8000,1,1,2,1,1,1,1,1,1,1
SF,IH2012,2020-05-27 09:38:14.200,2675.2000,3595,0,75402900.000,0,-,-,-,-,2674.2000,2672.4000,2672.0000,2671.6000,2671.2000,2675.6000,2675.8000,2676.0000,2676.2000,2676.8000,1,1,2,1,1,1,1,1,1,1
SF,IH2012,2020-05-27 09:38:15.200,2675.2000,3595,0,75402900.000,0,-,-,-,-,2674.2000,2672.4000,2672.0000,2671.6000,2671.2000,2675.6000,2675.8000,2676.0000,2676.2000,2676.8000,1,1,2,1,1,2,1,1,1,1
SF,IH2012,2020-05-27 09:38:20.700,2675.2000,3595,0,75402900.000,0,-,-,-,-,2674.4000,2674.2000,2672.4000,2672.0000,2671.6000,2675.6000,2675.8000,2676.2000,2676.8000,2677.8000,1,1,1,2,1,1,1,1,1,1
SF,IH2012,2020-05-27 09:38:21.200,2675.2000,3595,0,75402900.000,0,-,-,-,-,2675.2000,2674.6000,2674.4000,2672.4000,2672.0000,2676.2000,2676.8000,2677.8000,2679.0000,2680.0000,1,2,1,1,2,1,1,1,5,2
SF,IH2012,2020-05-27 09:38:21.700,2675.2000,3595,0,76205460.000,1,0,1,多换,S,2674.6000,2674.4000,2672.4000,2672.0000,2671.6000,2676.2000,2676.8000,2677.8000,2679.0000,2679.8000,1,1,1,2,1,1,1,1,5,1
SF,IH2012,2020-05-27 09:38:23.200,2675.2000,3595,0,76205460.000,0,-,-,-,-,2675.2000,2674.6000,2674.4000,2672.4000,2672.0000,2676.2000,2676.8000,2677.8000,2679.0000,2679.8000,1,1,1,1,2,1,1,1,5,1
SF,IH2012,2020-05-27 09:38:23.700,2675.2000,3595,0,76205460.000,0,-,-,-,-,2675.2000,2674.6000,2674.4000,2672.4000,2672.0000,2676.0000,2676.2000,2676.8000,2677.8000,2679.0000,1,1,1,1,2,1,1,1,1,5
SF,IH2012,2020-05-27 09:38:24.200,2675.2000,3595,0,76205460.000,0,-,-,-,-,2675.2000,2674.6000,2674.4000,2672.4000,2672.0000,2676.0000,2676.2000,2676.8000,2677.8000,2679.0000,1,1,1,1,2,1,2,1,1,5
SF,IH2012,2020-05-27 09:38:28.200,2675.2000,3595,0,76205460.000,0,-,-,-,-,2675.2000,2674.6000,2674.4000,2672.4000,2672.0000,2676.0000,2676.2000,2676.8000,2677.8000,2679.0000,1,1,1,1,2,1,1,1,1,5
SF,IH2012,2020-05-27 09:38:28.700,2675.2000,3595,0,76205460.000,0,-,-,-,-,2675.2000,2674.6000,2674.4000,2672.4000,2672.0000,2676.8000,2677.8000,2679.0000,2679.8000,2680.0000,1,1,1,1,2,1,1,5,1,2
SF,IH2012,2020-05-27 09:38:29.700,2675.2000,3595,0,76205460.000,0,-,-,-,-,2675.4000,2675.2000,2674.6000,2672.4000,2672.0000,2676.8000,2677.8000,2679.0000,2679.8000,2680.0000,1,1,1,1,2,1,1,5,1,2
SF,IH2012,2020-05-27 09:38:30.200,2675.2000,3595,0,76205460.000,0,-,-,-,-,2675.4000,2675.2000,2674.6000,2672.4000,2672.0000,2676.8000,2677.8000,2679.8000,2680.0000,2681.6000,1,1,1,1,2,1,1,1,2,1
SF,IH2012,2020-05-27 09:38:31.700,2675.2000,3595,0,76205460.000,0,-,-,-,-,2675.6000,2675.4000,2675.2000,2674.6000,2672.4000,2676.8000,2677.8000,2679.8000,2680.0000,2681.6000,1,1,1,1,1,1,1,1,2,1
SF,IH2012,2020-05-27 09:38:32.200,2675.2000,3595,0,76205460.000,0,-,-,-,-,2675.8000,2675.6000,2675.4000,2675.2000,2674.6000,2676.6000,2676.8000,2677.8000,2679.8000,2680.0000,1,1,1,1,1,1,1,1,1,2
SF,IH2012,2020-05-27 09:38:32.700,2675.2000,3595,0,76205460.000,0,-,-,-,-,2675.6000,2675.4000,2675.2000,2674.6000,2672.4000,2676.0000,2676.8000,2677.8000,2679.8000,2680.0000,1,1,1,1,1,2,1,1,1,2
SF,IH2012,2020-05-27 09:38:33.200,2676.0000,3593,-2,77811060.000,2,0,2,双平,S,2675.6000,2675.4000,2675.2000,2674.6000,2672.4000,2676.8000,2677.8000,2679.8000,2680.0000,2681.6000,1,1,1,1,1,1,1,1,2,1
SF,IH2012,2020-05-27 09:38:33.700,2676.0000,3593,0,77811060.000,0,-,-,-,-,2675.6000,2675.4000,2675.2000,2674.6000,2672.4000,2676.6000,2676.8000,2677.8000,2679.8000,2680.0000,1,1,1,1,1,1,1,1,1,2
SF,IH2012,2020-05-27 09:38:36.200,2676.0000,3593,0,77811060.000,0,-,-,-,-,2675.6000,2675.2000,2674.6000,2672.4000,2672.0000,2676.6000,2676.8000,2677.8000,2679.8000,2680.0000,1,1,1,1,2,1,1,1,1,2
SF,IH2012,2020-05-27 09:38:41.700,2675.6000,3594,1,78613740.000,1,1,0,双开,S,2675.2000,2674.6000,2672.4000,2672.0000,2671.6000,2676.6000,2676.8000,2677.8000,2679.8000,2680.0000,1,1,1,2,1,1,1,1,1,2
SF,IH2012,2020-05-27 09:38:42.700,2675.6000,3594,0,78613740.000,0,-,-,-,-,2675.2000,2674.6000,2672.4000,2672.0000,2671.6000,2676.4000,2676.6000,2676.8000,2677.8000,2679.8000,1,1,1,2,1,1,1,1,1,1
SF,IH2012,2020-05-27 09:38:43.200,2675.6000,3594,0,78613740.000,0,-,-,-,-,2675.2000,2674.6000,2672.4000,2672.0000,2671.6000,2676.6000,2676.8000,2677.8000,2679.8000,2680.0000,1,1,1,2,1,1,1,1,1,2
SF,IH2012,2020-05-27 09:38:43.700,2675.6000,3594,0,78613740.000,0,-,-,-,-,2675.4000,2675.2000,2672.4000,2672.0000,2671.6000,2676.6000,2676.8000,2677.8000,2679.8000,2680.0000,1,1,1,2,1,1,1,1,1,2
SF,IH2012,2020-05-27 09:38:44.200,2675.6000,3594,0,78613740.000,0,-,-,-,-,2675.6000,2675.4000,2675.2000,2672.4000,2672.0000,2676.4000,2676.6000,2676.8000,2677.8000,2679.8000,1,1,1,1,2,1,1,1,1,1
SF,IH2012,2020-05-27 09:38:44.700,2675.6000,3594,0,78613740.000,0,-,-,-,-,2675.4000,2675.2000,2672.4000,2672.0000,2671.6000,2676.4000,2676.6000,2676.8000,2677.8000,2679.8000,1,1,1,2,1,1,1,1,1,1
SF,IH2012,2020-05-27 09:38:45.200,2675.6000,3594,0,78613740.000,0,-,-,-,-,2675.4000,2675.2000,2672.4000,2672.0000,2671.6000,2676.6000,2676.8000,2677.8000,2679.8000,2680.0000,1,1,1,2,1,1,1,1,1,2
SF,IH2012,2020-05-27 09:38:45.700,2675.6000,3594,0,78613740.000,0,-,-,-,-,2675.6000,2675.4000,2675.2000,2672.4000,2672.0000,2676.6000,2676.8000,2677.8000,2679.8000,2680.0000,1,1,1,1,2,1,1,1,1,2
SF,IH2012,2020-05-27 09:38:52.700,2675.6000,3594,0,78613740.000,0,-,-,-,-,2675.6000,2675.4000,2675.2000,2672.4000,2672.0000,2676.6000,2676.8000,2677.8000,2679.8000,2680.0000,1,1,1,1,4,1,1,1,1,2
SF,IH2012,2020-05-27 09:38:53.200,2675.6000,3594,0,78613740.000,0,-,-,-,-,2675.6000,2675.4000,2675.2000,2672.4000,2672.0000,2676.8000,2677.8000,2679.8000,2680.0000,2681.6000,1,1,1,1,4,1,1,1,2,1
SF,IH2012,2020-05-27 09:38:53.700,2675.6000,3594,0,78613740.000,0,-,-,-,-,2675.4000,2675.2000,2672.4000,2672.0000,2671.6000,2676.6000,2676.8000,2677.8000,2679.8000,2680.0000,1,1,1,4,1,1,1,1,1,2
SF,IH2012,2020-05-27 09:38:54.200,2675.6000,3594,0,78613740.000,0,-,-,-,-,2675.8000,2675.6000,2675.4000,2672.4000,2672.0000,2676.8000,2677.8000,2679.8000,2680.0000,2681.6000,1,1,1,1,4,1,1,1,2,1
SF,IH2012,2020-05-27 09:38:54.700,2675.8000,3594,0,79416480.000,1,0,1,多换,S,2675.6000,2675.4000,2672.4000,2672.0000,2671.6000,2676.8000,2677.8000,2679.8000,2680.0000,2681.6000,2,1,1,4,1,1,1,1,2,1
SF,IH2012,2020-05-27 09:38:55.200,2675.8000,3594,0,79416480.000,0,-,-,-,-,2675.6000,2672.4000,2672.0000,2671.6000,2671.2000,2676.6000,2676.8000,2677.8000,2679.8000,2680.0000,1,1,4,1,1,2,1,1,1,2
SF,IH2012,2020-05-27 09:38:55.700,2675.6000,3593,-1,80219160.000,1,0,1,双平,S,2672.4000,2672.0000,2671.6000,2671.2000,2670.8000,2676.4000,2676.6000,2676.8000,2677.8000,2679.8000,1,4,1,1,1,1,2,1,1,1
SF,IH2012,2020-05-27 09:38:56.200,2675.6000,3593,0,80219160.000,0,-,-,-,-,2673.8000,2672.8000,2672.6000,2672.4000,2672.0000,2676.8000,2677.8000,2679.8000,2680.0000,2681.6000,2,1,3,1,4,1,1,1,2,1
SF,IH2012,2020-05-27 09:38:56.700,2675.6000,3593,0,80219160.000,0,-,-,-,-,2674.0000,2673.8000,2672.8000,2672.6000,2672.4000,2676.6000,2676.8000,2677.8000,2679.8000,2680.0000,1,2,1,2,1,1,1,1,1,2
SF,IH2012,2020-05-27 09:38:57.200,2675.6000,3593,0,80219160.000,0,-,-,-,-,2674.0000,2673.8000,2672.8000,2672.6000,2672.4000,2675.6000,2676.6000,2676.8000,2677.8000,2679.8000,1,2,1,2,1,1,1,1,1,1
SF,IH2012,2020-05-27 09:38:57.700,2675.6000,3593,0,80219160.000,0,-,-,-,-,2674.2000,2674.0000,2673.8000,2672.8000,2672.6000,2676.8000,2677.8000,2679.8000,2680.0000,2681.6000,1,1,2,1,2,1,1,1,2,1
SF,IH2012,2020-05-27 09:38:58.200,2675.6000,3593,0,80219160.000,0,-,-,-,-,2674.4000,2674.2000,2673.8000,2672.8000,2672.6000,2676.6000,2676.8000,2677.8000,2679.8000,2680.0000,2,1,2,1,2,2,1,1,1,2
SF,IH2012,2020-05-27 09:38:58.700,2675.6000,3593,0,80219160.000,0,-,-,-,-,2674.4000,2673.8000,2672.8000,2672.6000,2672.4000,2676.6000,2676.8000,2677.8000,2679.8000,2680.0000,2,2,1,2,1,2,1,1,1,2
SF,IH2012,2020-05-27 09:38:59.200,2675.6000,3593,0,80219160.000,0,-,-,-,-,2674.4000,2673.8000,2672.8000,2672.6000,2672.4000,2676.4000,2676.6000,2676.8000,2677.8000,2679.8000,2,2,1,2,1,1,2,1,1,1
SF,IH2012,2020-05-27 09:38:59.700,2675.6000,3593,0,80219160.000,0,-,-,-,-,2674.4000,2673.8000,2672.8000,2672.6000,2672.4000,2676.0000,2676.2000,2676.4000,2676.6000,2676.8000,2,2,1,2,1,1,2,2,1,1
SF,IH2012,2020-05-27 09:39:00.200,2675.6000,3593,0,80219160.000,0,-,-,-,-,2674.4000,2673.8000,2672.8000,2672.6000,2672.4000,2676.0000,2676.2000,2676.4000,2676.8000,2677.8000,2,2,1,2,1,1,1,2,1,1
SF,IH2012,2020-05-27 09:39:00.700,2675.6000,3593,0,80219160.000,0,-,-,-,-,2674.6000,2674.4000,2673.8000,2672.8000,2672.6000,2676.0000,2676.2000,2676.4000,2676.8000,2677.8000,1,2,2,1,2,1,1,1,1,1
SF,IH2012,2020-05-27 09:39:01.200,2675.6000,3593,0,80219160.000,0,-,-,-,-,2674.8000,2674.6000,2674.4000,2673.8000,2672.8000,2676.0000,2676.4000,2676.8000,2677.8000,2679.8000,1,1,1,2,1,1,1,1,1,1
SF,IH2012,2020-05-27 09:39:01.700,2675.6000,3593,0,80219160.000,0,-,-,-,-,2674.8000,2674.4000,2673.8000,2672.8000,2672.6000,2676.0000,2676.8000,2677.8000,2679.8000,2680.0000,1,1,2,1,2,1,1,1,1,2
SF,IH2012,2020-05-27 09:39:02.200,2675.6000,3593,0,80219160.000,0,-,-,-,-,2675.0000,2674.8000,2673.8000,2672.8000,2672.6000,2676.0000,2676.8000,2677.8000,2679.8000,2680.0000,1,1,2,1,2,1,1,1,1,2
SF,IH2012,2020-05-27 09:39:04.700,2675.6000,3593,0,80219160.000,0,-,-,-,-,2674.8000,2673.8000,2672.8000,2672.6000,2672.4000,2676.0000,2676.8000,2677.8000,2679.8000,2680.0000,1,2,1,2,1,1,1,1,1,2
SF,IH2012,2020-05-27 09:39:05.200,2675.6000,3593,0,80219160.000,0,-,-,-,-,2673.8000,2672.6000,2672.4000,2672.0000,2671.6000,2675.0000,2675.8000,2676.0000,2676.8000,2677.8000,2,2,1,4,1,1,1,1,1,1
SF,IH2012,2020-05-27 09:39:05.700,2675.0000,3593,0,81021660.000,1,0,1,多换,S,2674.0000,2673.8000,2672.6000,2672.4000,2672.0000,2676.0000,2676.8000,2677.8000,2679.8000,2680.0000,1,2,2,1,4,1,1,1,1,2
SF,IH2012,2020-05-27 09:39:06.200,2675.0000,3593,0,81021660.000,0,-,-,-,-,2674.2000,2673.8000,2672.6000,2672.4000,2672.0000,2676.0000,2676.8000,2677.8000,2679.8000,2680.0000,3,2,2,1,4,1,1,1,1,2
SF,IH2012,2020-05-27 09:39:06.700,2675.0000,3593,0,81021660.000,0,-,-,-,-,2674.2000,2673.8000,2672.6000,2672.4000,2672.0000,2676.0000,2676.8000,2677.8000,2679.8000,2680.0000,3,2,2,1,4,2,1,1,1,2
SF,IH2012,2020-05-27 09:39:07.200,2675.0000,3593,0,81021660.000,0,-,-,-,-,2674.2000,2673.8000,2672.6000,2672.4000,2672.0000,2676.0000,2676.8000,2677.8000,2679.8000,2680.0000,3,2,2,1,4,1,1,1,1,2
SF,IH2012,2020-05-27 09:39:08.200,2675.0000,3593,0,81021660.000,0,-,-,-,-,2674.2000,2672.6000,2672.4000,2672.0000,2671.6000,2676.0000,2676.8000,2677.8000,2679.8000,2680.0000,3,2,1,4,1,1,1,1,1,2
SF,IH2012,2020-05-27 09:39:08.700,2675.0000,3593,0,81021660.000,0,-,-,-,-,2672.6000,2672.4000,2672.0000,2671.6000,2671.2000,2675.8000,2676.0000,2676.8000,2677.8000,2679.8000,2,1,4,1,1,1,1,1,1,1
SF,IH2012,2020-05-27 09:39:09.200,2675.0000,3593,0,81021660.000,0,-,-,-,-,2673.2000,2672.8000,2672.6000,2672.4000,2672.0000,2676.8000,2677.8000,2679.8000,2680.0000,2681.6000,2,1,2,1,4,1,1,1,2,1
SF,IH2012,2020-05-27 09:39:09.700,2675.0000,3593,0,81021660.000,0,-,-,-,-,2673.4000,2673.2000,2672.6000,2672.4000,2672.0000,2676.6000,2676.8000,2677.8000,2679.8000,2680.0000,1,2,2,1,4,1,1,1,1,2
SF,IH2012,2020-05-27 09:39:10.200,2675.0000,3593,0,81021660.000,0,-,-,-,-,2673.4000,2673.2000,2672.6000,2672.4000,2672.0000,2676.2000,2676.4000,2676.6000,2676.8000,2677.8000,1,2,2,1,4,1,1,1,1,1
SF,IH2012,2020-05-27 09:39:10.700,2675.0000,3593,0,81021660.000,0,-,-,-,-,2673.4000,2673.2000,2672.6000,2672.4000,2672.0000,2675.8000,2676.0000,2676.2000,2676.4000,2676.8000,1,2,2,1,4,1,1,1,1,1
SF,IH2012,2020-05-27 09:39:11.200,2675.0000,3593,0,81021660.000,0,-,-,-,-,2673.8000,2673.4000,2673.2000,2672.6000,2672.4000,2675.6000,2676.2000,2676.4000,2676.8000,2677.8000,1,1,2,2,1,1,1,1,1,1
SF,IH2012,2020-05-27 09:39:11.700,2675.0000,3593,0,81021660.000,0,-,-,-,-,2674.0000,2673.8000,2673.2000,2672.6000,2672.4000,2675.6000,2676.2000,2676.8000,2677.8000,2679.8000,1,1,2,2,1,1,1,1,1,1
SF,IH2012,2020-05-27 09:39:12.200,2675.0000,3593,0,81021660.000,0,-,-,-,-,2674.0000,2673.8000,2673.2000,2672.6000,2672.4000,2676.2000,2676.8000,2677.8000,2679.8000,2680.0000,1,1,2,2,1,1,1,1,1,2
SF,IH2012,2020-05-27 09:39:12.700,2675.0000,3593,0,81021660.000,0,-,-,-,-,2674.0000,2673.8000,2673.2000,2672.6000,2672.4000,2676.0000,2676.2000,2676.8000,2677.8000,2679.8000,1,1,2,2,1,1,1,1,1,1
