市场代码,合约代码,时间,最新,持仓,增仓,成交额,成交量,开仓,平仓,成交类型,方向,买一价,买二价,买三价,买四价,买五价,卖一价,卖二价,卖三价,卖四价,卖五价,买一量,买二量,买三量,买四量,买五量,卖一量,卖二量,卖三量,卖四量,卖五量
SF,IH2007,2020-06-08 09:29:00.100,2848.0000,6453,0,5126400.000,6.000,-,-,-,-,2843.2000,2840.6000,2837.6000,2837.0000,2836.6000,2848.6000,2849.0000,2850.0000,2853.0000,2853.6000,1,1,2,6,1,1,4,2,3,1
SF,IH2007,2020-06-08 09:30:00.100,2848.4000,6455,2,9396660.000,5,3,2,空开,S,2840.6000,2837.6000,2837.0000,2836.6000,2836.0000,2848.4000,2848.6000,2849.0000,2850.0000,2852.0000,1,2,6,1,8,4,2,4,3,1
SF,IH2007,2020-06-08 09:30:00.600,2848.4000,6455,0,10251180.000,1,0,1,多换,S,2841.2000,2840.8000,2840.6000,2837.0000,2836.6000,2844.6000,2845.0000,2845.4000,2847.6000,2848.0000,1,10,3,2,1,1,2,1,1,1
SF,IH2007,2020-06-08 09:30:01.100,2841.4000,6453,-2,13662780.000,4,1,3,多平,S,2841.4000,2841.2000,2838.6000,2836.0000,2833.2000,2847.6000,2848.0000,2848.2000,2848.4000,2848.6000,8,2,5,8,1,1,1,2,4,1
SF,IH2007,2020-06-08 09:30:01.600,2841.4000,6453,0,13662780.000,0,-,-,-,-,2843.0000,2842.6000,2841.6000,2841.4000,2841.2000,2846.2000,2846.6000,2847.4000,2847.6000,2848.0000,1,1,2,8,2,2,1,5,1,1
SF,IH2007,2020-06-08 09:30:02.100,2847.4000,6453,0,14517000.000,1,0,1,多换,S,2843.4000,2843.2000,2843.0000,2842.6000,2841.6000,2847.4000,2847.6000,2848.0000,2848.2000,2848.4000,1,5,1,1,2,6,1,1,2,1
SF,IH2007,2020-06-08 09:30:02.600,2847.4000,6453,0,14517000.000,0,-,-,-,-,2845.4000,2844.6000,2843.6000,2843.4000,2843.2000,2847.4000,2848.0000,2848.2000,2848.4000,2848.6000,2,1,6,1,1,3,1,1,1,2
SF,IH2007,2020-06-08 09:30:03.100,2847.4000,6453,0,14517000.000,0,-,-,-,-,2845.6000,2845.4000,2843.6000,2843.4000,2841.6000,2847.2000,2847.4000,2848.0000,2848.2000,2848.4000,2,1,4,1,2,2,1,1,1,1
SF,IH2007,2020-06-08 09:30:03.600,2847.4000,6451,-2,16225440.000,2,0,2,双平,S,2845.8000,2845.6000,2845.4000,2843.6000,2843.4000,2848.0000,2848.2000,2848.4000,2848.6000,2850.0000,1,2,1,4,1,1,1,1,2,3
SF,IH2007,2020-06-08 09:30:04.100,2847.4000,6451,0,16225440.000,0,-,-,-,-,2846.0000,2845.8000,2845.4000,2843.6000,2843.4000,2847.8000,2848.0000,2848.4000,2848.6000,2850.0000,2,2,1,4,1,3,1,1,2,3
SF,IH2007,2020-06-08 09:30:04.600,2847.4000,6451,0,16225440.000,0,-,-,-,-,2846.0000,2845.8000,2845.4000,2843.6000,2843.4000,2847.8000,2848.0000,2848.4000,2848.6000,2850.0000,2,2,1,4,1,3,1,1,2,3
SF,IH2007,2020-06-08 09:30:05.100,2847.4000,6451,0,16225440.000,0,-,-,-,-,2846.0000,2845.8000,2845.4000,2843.6000,2843.4000,2847.2000,2847.6000,2847.8000,2848.0000,2848.4000,2,2,1,4,1,2,7,3,1,1
SF,IH2007,2020-06-08 09:30:05.600,2847.4000,6451,0,16225440.000,0,-,-,-,-,2846.0000,2845.8000,2845.4000,2843.6000,2843.4000,2847.6000,2847.8000,2848.0000,2848.4000,2848.6000,1,1,1,4,1,2,3,1,1,2
SF,IH2007,2020-06-08 09:30:06.100,2847.4000,6451,0,16225440.000,0,-,-,-,-,2846.0000,2845.4000,2843.6000,2843.4000,2838.6000,2847.4000,2847.6000,2847.8000,2848.0000,2848.4000,1,1,4,1,5,2,2,1,1,1
SF,IH2007,2020-06-08 09:30:06.600,2847.4000,6451,0,16225440.000,0,-,-,-,-,2846.0000,2845.4000,2843.6000,2843.4000,2838.6000,2847.4000,2847.6000,2848.0000,2848.4000,2848.6000,1,1,4,1,5,2,2,1,1,2
SF,IH2007,2020-06-08 09:30:07.100,2847.4000,6451,0,16225440.000,0,-,-,-,-,2846.0000,2845.4000,2843.6000,2843.4000,2838.6000,2847.4000,2847.6000,2848.0000,2848.4000,2848.6000,1,1,4,1,5,2,2,1,1,2
SF,IH2007,2020-06-08 09:30:07.600,2846.0000,6450,-1,17079240.000,1,0,1,双平,S,2845.4000,2843.6000,2843.4000,2838.6000,2836.0000,2847.4000,2848.0000,2848.4000,2848.6000,2850.0000,1,4,1,5,7,2,1,1,2,3
SF,IH2007,2020-06-08 09:30:08.100,2846.0000,6450,0,17079240.000,0,-,-,-,-,2845.6000,2845.4000,2843.6000,2843.4000,2838.6000,2847.2000,2847.4000,2848.0000,2848.4000,2848.6000,4,2,4,1,5,1,2,1,1,2
SF,IH2007,2020-06-08 09:30:08.600,2846.0000,6450,0,17079240.000,0,-,-,-,-,2845.6000,2843.6000,2843.4000,2838.6000,2836.0000,2846.8000,2847.0000,2847.2000,2847.6000,2848.0000,6,4,1,10,7,2,5,1,1,1
SF,IH2007,2020-06-08 09:30:09.100,2847.0000,6449,-1,18787440.000,2,0,2,多平,S,2846.8000,2845.6000,2843.6000,2843.4000,2838.6000,2847.0000,2847.2000,2847.6000,2848.0000,2848.4000,1,5,2,1,10,2,1,1,1,1
SF,IH2007,2020-06-08 09:30:09.600,2846.8000,6443,-6,23912280.000,6,0,6,双平,S,2845.6000,2844.0000,2843.6000,2843.4000,2838.6000,2848.4000,2848.6000,2850.0000,2851.0000,2852.0000,5,1,1,1,10,1,2,3,2,1
SF,IH2007,2020-06-08 09:30:10.100,2846.8000,6443,0,23912280.000,0,-,-,-,-,2846.0000,2845.8000,2845.6000,2844.0000,2843.6000,2848.2000,2848.4000,2848.6000,2850.0000,2851.0000,2,1,5,1,1,1,1,2,2,2
SF,IH2007,2020-06-08 09:30:10.600,2846.0000,6441,-2,27327600.000,4,1,3,多平,S,2845.6000,2844.0000,2843.6000,2843.4000,2838.6000,2848.0000,2848.2000,2848.4000,2848.6000,2850.0000,9,1,1,1,10,1,1,1,2,2
SF,IH2007,2020-06-08 09:30:11.100,2846.0000,6441,0,27327600.000,0,-,-,-,-,2845.8000,2845.6000,2844.0000,2843.6000,2843.4000,2847.8000,2848.0000,2848.4000,2848.6000,2850.0000,1,5,1,1,1,5,1,1,2,2
SF,IH2007,2020-06-08 09:30:11.600,2845.8000,6440,-1,28181340.000,1,0,1,双平,S,2845.6000,2844.0000,2843.6000,2843.4000,2838.6000,2847.6000,2847.8000,2848.4000,2848.6000,2850.0000,5,1,1,1,10,3,5,1,2,2
SF,IH2007,2020-06-08 09:30:12.100,2845.6000,6440,0,32449740.000,5,2,3,多换,S,2845.8000,2845.6000,2844.0000,2843.6000,2843.4000,2847.4000,2847.6000,2847.8000,2848.4000,2848.6000,1,1,1,1,1,1,3,4,1,2
SF,IH2007,2020-06-08 09:30:13.100,2845.6000,6440,0,32449740.000,0,-,-,-,-,2845.8000,2845.6000,2844.0000,2843.6000,2843.4000,2847.4000,2847.6000,2847.8000,2848.4000,2848.6000,1,1,1,1,1,1,3,2,1,2
SF,IH2007,2020-06-08 09:30:13.600,2845.6000,6440,0,32449740.000,0,-,-,-,-,2844.0000,2843.6000,2843.4000,2838.6000,2836.0000,2847.4000,2847.6000,2847.8000,2848.4000,2848.6000,1,1,1,10,6,1,3,2,1,2
SF,IH2007,2020-06-08 09:30:14.100,2845.6000,6440,0,32449740.000,0,-,-,-,-,2844.6000,2844.2000,2844.0000,2843.4000,2838.6000,2845.8000,2847.2000,2847.4000,2848.4000,2848.6000,1,10,3,1,10,1,1,1,1,2
SF,IH2007,2020-06-08 09:30:14.600,2847.2000,6439,-1,34157640.000,2,0,2,多平,S,2845.0000,2844.8000,2844.6000,2844.2000,2844.0000,2847.4000,2848.4000,2848.6000,2850.0000,2851.0000,1,6,2,3,2,1,1,2,2,2
SF,IH2007,2020-06-08 09:30:15.100,2847.2000,6439,0,34157640.000,0,-,-,-,-,2845.2000,2844.8000,2844.6000,2844.2000,2844.0000,2847.4000,2848.4000,2848.6000,2850.0000,2851.0000,2,6,2,3,2,1,1,2,2,2
SF,IH2007,2020-06-08 09:30:15.600,2847.2000,6439,0,34157640.000,0,-,-,-,-,2845.4000,2845.2000,2845.0000,2844.8000,2844.6000,2847.2000,2847.4000,2848.4000,2848.6000,2850.0000,1,3,5,6,2,1,1,1,2,2
SF,IH2007,2020-06-08 09:30:16.100,2847.2000,6439,0,34157640.000,0,-,-,-,-,2845.6000,2845.4000,2845.0000,2844.8000,2844.6000,2847.0000,2847.2000,2848.4000,2848.6000,2850.0000,2,3,5,6,2,1,2,1,2,2
SF,IH2007,2020-06-08 09:30:16.600,2847.2000,6439,0,34157640.000,0,-,-,-,-,2845.8000,2845.6000,2845.4000,2845.0000,2844.8000,2847.0000,2847.2000,2848.4000,2848.6000,2850.0000,1,3,2,5,5,2,1,1,2,2
SF,IH2007,2020-06-08 09:30:17.100,2847.0000,6438,-1,35865480.000,2,0,2,多平,S,2845.8000,2845.6000,2845.4000,2845.0000,2844.8000,2848.4000,2848.6000,2850.0000,2851.0000,2852.0000,1,2,2,5,5,1,2,2,2,1
SF,IH2007,2020-06-08 09:30:17.600,2847.0000,6438,0,35865480.000,0,-,-,-,-,2846.0000,2845.8000,2845.4000,2845.0000,2844.8000,2848.2000,2848.4000,2848.6000,2850.0000,2851.0000,2,1,2,5,5,1,1,2,2,2
SF,IH2007,2020-06-08 09:30:18.100,2847.0000,6438,0,35865480.000,0,-,-,-,-,2846.0000,2845.8000,2845.4000,2845.0000,2844.8000,2848.0000,2848.2000,2848.4000,2848.6000,2850.0000,2,1,2,5,4,1,1,1,2,2
SF,IH2007,2020-06-08 09:30:18.600,2847.8000,6438,0,36719820.000,1,0,1,多换,S,2848.2000,2846.0000,2845.8000,2845.4000,2845.0000,2848.4000,2848.6000,2850.0000,2851.0000,2852.0000,4,2,1,2,5,1,2,2,2,1
SF,IH2007,2020-06-08 09:30:19.100,2848.4000,6436,-2,41846700.000,6,2,4,多平,S,2848.2000,2846.0000,2845.8000,2845.4000,2845.0000,2848.6000,2850.0000,2851.0000,2852.0000,2853.0000,1,2,1,2,5,2,2,2,1,1
SF,IH2007,2020-06-08 09:30:19.600,2848.4000,6438,2,46973640.000,6,4,2,空开,S,2846.0000,2845.4000,2845.0000,2844.8000,2844.6000,2848.4000,2848.6000,2850.0000,2851.0000,2852.0000,2,2,5,4,1,3,2,3,2,1
SF,IH2007,2020-06-08 09:30:20.100,2848.4000,6438,0,46973640.000,0,-,-,-,-,2846.0000,2845.4000,2845.0000,2844.8000,2844.6000,2848.2000,2848.6000,2850.0000,2851.0000,2852.0000,2,2,5,4,1,1,2,3,2,1
SF,IH2007,2020-06-08 09:30:20.600,2848.4000,6438,0,48682680.000,2,1,1,多换,S,2848.4000,2846.0000,2845.4000,2845.0000,2844.8000,2848.6000,2850.0000,2851.0000,2852.0000,2853.0000,3,2,2,5,4,2,3,2,1,1
SF,IH2007,2020-06-08 09:30:21.100,2848.4000,6437,-1,52100760.000,4,1,3,多平,S,2846.0000,2845.4000,2845.0000,2844.8000,2844.6000,2848.4000,2848.6000,2850.0000,2851.0000,2852.0000,2,2,5,4,1,2,3,3,2,1
SF,IH2007,2020-06-08 09:30:21.600,2848.4000,6437,0,56373360.000,5,2,3,多换,S,2846.0000,2845.4000,2845.0000,2844.8000,2844.6000,2848.6000,2850.0000,2851.0000,2852.0000,2853.0000,2,2,5,4,1,2,3,2,1,1
SF,IH2007,2020-06-08 09:30:22.100,2848.4000,6437,0,56373360.000,0,-,-,-,-,2846.2000,2846.0000,2845.4000,2845.0000,2844.8000,2848.6000,2850.0000,2851.0000,2852.0000,2853.0000,3,2,2,5,4,2,3,2,1,1
SF,IH2007,2020-06-08 09:30:22.600,2848.4000,6437,0,56373360.000,0,-,-,-,-,2846.4000,2846.2000,2845.4000,2845.0000,2844.8000,2848.6000,2850.0000,2851.0000,2852.0000,2853.0000,2,2,2,5,4,2,3,2,1,1
SF,IH2007,2020-06-08 09:30:23.100,2848.4000,6437,0,56373360.000,0,-,-,-,-,2846.6000,2846.4000,2845.4000,2845.0000,2844.8000,2848.6000,2850.0000,2851.0000,2852.0000,2853.0000,2,2,2,5,4,2,3,2,1,1
SF,IH2007,2020-06-08 09:30:23.600,2848.4000,6437,0,56373360.000,0,-,-,-,-,2846.8000,2846.6000,2845.4000,2845.0000,2844.8000,2848.6000,2850.0000,2851.0000,2852.0000,2853.0000,3,3,2,5,4,2,3,2,1,1
SF,IH2007,2020-06-08 09:30:24.100,2848.4000,6437,0,56373360.000,0,-,-,-,-,2846.8000,2846.6000,2845.4000,2845.0000,2844.8000,2848.2000,2848.4000,2848.6000,2850.0000,2851.0000,2,1,2,5,4,2,2,2,4,2
SF,IH2007,2020-06-08 09:30:24.600,2848.4000,6437,0,56373360.000,0,-,-,-,-,2846.8000,2845.4000,2845.0000,2844.8000,2844.6000,2848.6000,2850.0000,2851.0000,2852.0000,2853.0000,1,2,5,4,1,2,4,2,1,1
SF,IH2007,2020-06-08 09:30:25.100,2848.4000,6437,0,56373360.000,0,-,-,-,-,2847.0000,2846.8000,2845.4000,2845.0000,2844.8000,2848.6000,2850.0000,2851.0000,2852.0000,2853.0000,1,1,2,5,4,2,4,2,1,1
SF,IH2007,2020-06-08 09:30:25.600,2848.4000,6437,0,56373360.000,0,-,-,-,-,2848.0000,2847.2000,2847.0000,2845.4000,2845.0000,2848.4000,2848.6000,2850.0000,2851.0000,2852.0000,1,1,1,2,5,1,2,4,2,1
SF,IH2007,2020-06-08 09:30:26.100,2848.6000,6435,-2,58936860.000,3,0,3,多平,S,2847.2000,2847.0000,2845.4000,2845.0000,2844.8000,2848.6000,2850.0000,2851.0000,2852.0000,2853.0000,1,1,2,5,4,1,4,2,1,1
SF,IH2007,2020-06-08 09:30:26.600,2848.6000,6435,0,58936860.000,0,-,-,-,-,2847.4000,2847.2000,2847.0000,2845.4000,2845.0000,2848.6000,2850.0000,2851.0000,2852.0000,2853.0000,1,1,1,2,5,1,4,2,1,1
SF,IH2007,2020-06-08 09:30:27.100,2848.6000,6434,-1,59791440.000,1,0,1,双平,S,2848.0000,2847.6000,2847.4000,2847.0000,2845.4000,2848.6000,2850.0000,2851.0000,2852.0000,2853.0000,1,1,1,1,2,1,4,2,1,1
SF,IH2007,2020-06-08 09:30:27.600,2848.6000,6433,-1,60646020.000,1,0,1,双平,S,2848.0000,2847.4000,2847.0000,2845.4000,2845.0000,2850.0000,2851.0000,2852.0000,2853.0000,2854.0000,1,1,1,2,5,4,2,1,1,1
SF,IH2007,2020-06-08 09:30:28.100,2848.6000,6433,0,60646020.000,0,-,-,-,-,2848.2000,2848.0000,2847.4000,2845.4000,2845.0000,2849.8000,2850.0000,2851.0000,2852.0000,2853.0000,2,1,1,2,5,2,4,2,1,1
SF,IH2007,2020-06-08 09:30:28.600,2848.6000,6433,0,60646020.000,0,-,-,-,-,2848.2000,2848.0000,2847.4000,2845.4000,2845.0000,2849.8000,2850.0000,2851.0000,2852.0000,2853.0000,2,1,5,2,5,2,3,2,1,1
SF,IH2007,2020-06-08 09:30:29.100,2848.6000,6433,0,60646020.000,0,-,-,-,-,2848.2000,2848.0000,2847.4000,2845.4000,2845.0000,2849.8000,2850.0000,2851.0000,2852.0000,2853.0000,2,1,5,2,5,2,3,2,1,1
SF,IH2007,2020-06-08 09:30:29.600,2848.6000,6433,0,60646020.000,0,-,-,-,-,2848.2000,2848.0000,2847.4000,2845.4000,2845.0000,2849.8000,2850.0000,2851.0000,2852.0000,2853.0000,7,1,5,2,5,1,3,2,1,1
SF,IH2007,2020-06-08 09:30:30.100,2848.6000,6433,0,60646020.000,0,-,-,-,-,2848.2000,2848.0000,2847.4000,2845.4000,2845.0000,2849.8000,2850.0000,2851.0000,2852.0000,2853.0000,6,1,5,2,5,1,4,2,1,1
SF,IH2007,2020-06-08 09:30:30.600,2848.6000,6433,0,60646020.000,0,-,-,-,-,2848.2000,2848.0000,2847.4000,2845.4000,2845.0000,2849.8000,2850.0000,2851.0000,2852.0000,2853.0000,6,6,5,2,5,1,4,2,1,1
SF,IH2007,2020-06-08 09:30:31.100,2848.6000,6433,0,60646020.000,0,-,-,-,-,2848.2000,2848.0000,2847.4000,2845.4000,2845.0000,2850.0000,2851.0000,2852.0000,2853.0000,2854.0000,6,6,5,2,5,4,2,1,1,1
SF,IH2007,2020-06-08 09:30:31.600,2848.4000,6433,0,65775240.000,6,3,3,多换,S,2848.2000,2848.0000,2847.4000,2845.4000,2845.0000,2849.8000,2850.0000,2851.0000,2852.0000,2853.0000,6,6,5,2,5,2,4,2,1,1
SF,IH2007,2020-06-08 09:30:32.100,2850.0000,6434,1,70050000.000,5,3,2,空开,S,2848.2000,2848.0000,2847.4000,2845.4000,2845.0000,2850.0000,2851.0000,2852.0000,2853.0000,2854.0000,6,6,5,2,5,2,2,1,1,1
SF,IH2007,2020-06-08 09:30:32.600,2850.0000,6433,-1,70905000.000,1,0,1,双平,S,2848.4000,2848.2000,2848.0000,2847.4000,2845.4000,2850.0000,2851.0000,2852.0000,2853.0000,2854.0000,1,6,6,5,2,1,2,1,1,1
SF,IH2007,2020-06-08 09:30:33.100,2848.6000,6433,0,72614160.000,2,1,1,多换,S,2848.6000,2848.4000,2848.2000,2848.0000,2847.4000,2849.8000,2850.0000,2851.0000,2852.0000,2853.0000,1,1,5,6,5,2,1,2,1,1
SF,IH2007,2020-06-08 09:30:33.600,2849.8000,6432,-1,73469100.000,1,0,1,双平,S,2848.8000,2848.6000,2848.4000,2848.2000,2848.0000,2849.4000,2849.8000,2850.0000,2851.0000,2852.0000,2,3,1,5,6,1,1,1,2,1
SF,IH2007,2020-06-08 09:30:34.100,2849.4000,6432,0,74323920.000,1,0,1,多换,S,2849.4000,2848.8000,2848.6000,2848.2000,2848.0000,2849.8000,2850.0000,2851.0000,2852.0000,2853.0000,2,1,2,5,6,1,1,2,1,1
SF,IH2007,2020-06-08 09:30:34.600,2849.4000,6432,0,74323920.000,0,-,-,-,-,2849.4000,2848.8000,2848.6000,2848.2000,2848.0000,2849.8000,2850.0000,2851.0000,2852.0000,2853.0000,1,1,2,5,6,1,1,2,1,1
SF,IH2007,2020-06-08 09:30:35.600,2849.4000,6432,0,74323920.000,0,-,-,-,-,2848.8000,2848.6000,2848.2000,2848.0000,2847.4000,2849.8000,2850.0000,2851.0000,2852.0000,2853.0000,1,2,5,6,5,1,1,2,1,1
SF,IH2007,2020-06-08 09:30:36.100,2849.4000,6432,0,75178740.000,1,0,1,多换,S,2848.6000,2848.2000,2848.0000,2847.4000,2845.4000,2849.8000,2850.0000,2851.0000,2852.0000,2853.0000,2,5,6,5,1,1,1,2,1,1
SF,IH2007,2020-06-08 09:30:37.100,2849.4000,6432,0,75178740.000,0,-,-,-,-,2848.6000,2848.2000,2848.0000,2847.4000,2845.4000,2849.8000,2850.0000,2851.0000,2852.0000,2853.0000,1,5,6,5,1,1,1,2,1,1
SF,IH2007,2020-06-08 09:30:39.600,2849.4000,6432,0,75178740.000,0,-,-,-,-,2848.6000,2848.2000,2848.0000,2847.4000,2845.4000,2849.8000,2850.0000,2851.0000,2852.0000,2853.0000,1,5,6,5,1,1,1,2,1,1
SF,IH2007,2020-06-08 09:30:40.100,2849.4000,6432,0,75178740.000,0,-,-,-,-,2849.0000,2848.6000,2848.2000,2848.0000,2847.4000,2849.8000,2850.0000,2851.0000,2852.0000,2853.0000,2,1,5,6,5,1,2,2,1,1
SF,IH2007,2020-06-08 09:30:40.600,2849.0000,6433,1,76033440.000,1,1,0,双开,S,2849.0000,2848.6000,2848.2000,2848.0000,2847.4000,2849.8000,2850.0000,2851.0000,2852.0000,2853.0000,1,1,5,6,5,1,2,2,1,1
SF,IH2007,2020-06-08 09:30:41.100,2849.0000,6433,0,76033440.000,0,-,-,-,-,2849.0000,2848.6000,2848.2000,2848.0000,2847.4000,2849.8000,2850.0000,2851.0000,2852.0000,2853.0000,1,1,5,6,5,1,2,2,1,1
SF,IH2007,2020-06-08 09:30:41.600,2850.0000,6430,-3,78598380.000,3,0,3,双平,S,2849.2000,2849.0000,2848.6000,2848.2000,2848.0000,2851.0000,2852.0000,2853.0000,2855.0000,2857.6000,5,1,1,5,6,2,1,1,1,5
SF,IH2007,2020-06-08 09:30:42.100,2850.0000,6430,0,78598380.000,0,-,-,-,-,2849.8000,2849.4000,2849.0000,2848.2000,2848.0000,2851.0000,2852.0000,2853.0000,2855.0000,2857.6000,1,1,1,5,6,2,1,1,1,5
SF,IH2007,2020-06-08 09:30:42.600,2850.0000,6430,0,78598380.000,0,-,-,-,-,2850.0000,2849.8000,2849.0000,2848.2000,2848.0000,2851.0000,2852.0000,2853.0000,2855.0000,2857.6000,1,1,1,5,6,2,1,1,1,5
SF,IH2007,2020-06-08 09:30:43.100,2850.0000,6430,0,78598380.000,0,-,-,-,-,2850.0000,2849.8000,2849.0000,2848.2000,2848.0000,2851.0000,2852.0000,2853.0000,2855.0000,2857.6000,1,1,1,5,6,2,1,1,1,5
SF,IH2007,2020-06-08 09:30:43.600,2850.0000,6430,0,78598380.000,0,-,-,-,-,2850.0000,2849.8000,2849.0000,2848.2000,2848.0000,2851.0000,2852.0000,2853.0000,2855.0000,2857.6000,1,1,1,5,6,2,1,1,1,5
SF,IH2007,2020-06-08 09:30:44.100,2850.0000,6430,0,78598380.000,0,-,-,-,-,2850.0000,2849.8000,2849.0000,2848.2000,2848.0000,2851.0000,2852.0000,2853.0000,2855.0000,2857.6000,1,1,1,5,6,2,1,1,1,5
SF,IH2007,2020-06-08 09:30:45.100,2850.0000,6430,0,78598380.000,0,-,-,-,-,2850.0000,2849.8000,2849.0000,2848.2000,2848.0000,2851.0000,2852.0000,2853.0000,2855.0000,2857.6000,1,1,1,5,6,2,1,1,1,5
SF,IH2007,2020-06-08 09:30:45.600,2851.0000,6430,0,79453680.000,1,0,1,多换,S,2850.0000,2849.8000,2849.0000,2848.2000,2848.0000,2851.0000,2852.0000,2853.0000,2855.0000,2857.6000,1,1,1,5,6,1,1,1,1,5
SF,IH2007,2020-06-08 09:30:46.100,2851.0000,6430,0,79453680.000,0,-,-,-,-,2850.0000,2849.8000,2849.0000,2848.2000,2848.0000,2851.0000,2852.0000,2853.0000,2855.0000,2857.6000,1,1,1,5,6,1,1,1,1,5
SF,IH2007,2020-06-08 09:30:46.600,2851.0000,6430,0,79453680.000,0,-,-,-,-,2850.0000,2849.8000,2849.0000,2848.2000,2848.0000,2850.8000,2851.0000,2852.0000,2853.0000,2855.0000,1,1,1,5,6,1,1,1,1,1
SF,IH2007,2020-06-08 09:30:47.100,2851.0000,6430,0,79453680.000,0,-,-,-,-,2850.0000,2849.8000,2849.0000,2848.2000,2848.0000,2850.8000,2851.0000,2852.0000,2853.0000,2855.0000,1,1,1,5,6,1,1,1,1,1
SF,IH2007,2020-06-08 09:30:47.600,2850.8000,6429,-1,80308920.000,1,0,1,双平,S,2850.0000,2849.8000,2849.0000,2848.2000,2848.0000,2851.0000,2852.0000,2853.0000,2855.0000,2857.6000,1,1,1,5,6,1,1,1,1,5
SF,IH2007,2020-06-08 09:30:48.100,2851.0000,6428,-1,81164220.000,1,0,1,双平,S,2851.0000,2850.2000,2850.0000,2849.8000,2849.0000,2852.0000,2853.0000,2855.0000,2857.6000,2858.0000,1,2,1,1,1,1,1,1,5,2
SF,IH2007,2020-06-08 09:30:48.600,2852.0000,6428,0,82019820.000,1,0,1,多换,S,2851.0000,2850.2000,2850.0000,2849.8000,2849.0000,2853.0000,2855.0000,2858.0000,2860.0000,2861.4000,2,1,2,1,1,1,1,2,2,5
SF,IH2007,2020-06-08 09:30:49.100,2852.0000,6428,0,82019820.000,0,-,-,-,-,2851.2000,2851.0000,2850.2000,2850.0000,2849.8000,2852.0000,2853.0000,2855.0000,2858.0000,2860.0000,2,2,1,1,1,1,1,1,2,2
SF,IH2007,2020-06-08 09:30:49.600,2852.0000,6427,-1,82875420.000,1,0,1,双平,S,2851.4000,2851.2000,2851.0000,2850.2000,2850.0000,2853.0000,2855.0000,2858.0000,2860.0000,2861.4000,1,2,1,1,1,1,1,2,2,5
SF,IH2007,2020-06-08 09:30:50.100,2853.0000,6426,-1,83731320.000,1,0,1,双平,S,2851.6000,2851.4000,2851.0000,2850.0000,2849.0000,2855.0000,2855.8000,2858.0000,2860.0000,2861.4000,2,1,1,1,1,1,1,2,2,5
SF,IH2007,2020-06-08 09:30:50.600,2854.6000,6427,1,84587700.000,1,1,0,双开,S,2851.6000,2851.0000,2850.0000,2849.0000,2848.2000,2854.6000,2854.8000,2855.0000,2855.8000,2858.0000,1,1,1,1,5,1,4,1,1,2
SF,IH2007,2020-06-08 09:30:51.100,2854.6000,6427,0,84587700.000,0,-,-,-,-,2851.6000,2851.0000,2850.0000,2849.0000,2848.2000,2853.0000,2854.4000,2854.6000,2854.8000,2855.0000,1,1,1,1,5,1,3,1,2,1
SF,IH2007,2020-06-08 09:30:51.600,2854.6000,6427,0,84587700.000,0,-,-,-,-,2851.8000,2851.6000,2851.0000,2850.0000,2849.0000,2854.4000,2854.6000,2854.8000,2855.0000,2855.8000,1,1,1,1,1,3,1,2,1,1
SF,IH2007,2020-06-08 09:30:52.100,2854.6000,6427,0,84587700.000,0,-,-,-,-,2852.0000,2851.0000,2850.0000,2849.0000,2848.2000,2854.2000,2854.4000,2854.6000,2854.8000,2855.0000,1,1,1,1,5,2,3,1,2,1
SF,IH2007,2020-06-08 09:30:52.600,2852.2000,6427,0,85443360.000,1,0,1,多换,S,2852.0000,2851.0000,2850.0000,2849.0000,2848.2000,2854.0000,2854.2000,2854.4000,2854.6000,2854.8000,1,1,1,1,5,2,2,2,1,2
SF,IH2007,2020-06-08 09:30:53.100,2852.2000,6427,0,85443360.000,0,-,-,-,-,2852.0000,2851.0000,2850.0000,2849.0000,2848.2000,2853.8000,2854.0000,2854.2000,2854.4000,2854.6000,1,1,1,1,5,2,2,2,2,1
SF,IH2007,2020-06-08 09:30:53.600,2853.6000,6426,-1,86299440.000,1,0,1,双平,S,2852.2000,2852.0000,2851.0000,2850.0000,2849.0000,2853.6000,2853.8000,2854.0000,2854.2000,2854.4000,1,1,1,1,1,1,1,1,2,2
SF,IH2007,2020-06-08 09:30:54.100,2853.6000,6426,0,86299440.000,0,-,-,-,-,2852.0000,2851.0000,2850.0000,2849.0000,2848.2000,2853.6000,2853.8000,2854.0000,2854.2000,2854.4000,1,1,1,1,5,1,1,1,2,2
SF,IH2007,2020-06-08 09:30:54.600,2853.6000,6426,0,86299440.000,0,-,-,-,-,2852.2000,2852.0000,2851.0000,2850.0000,2849.0000,2853.0000,2853.6000,2853.8000,2854.0000,2854.2000,1,1,1,1,1,1,1,1,1,2
SF,IH2007,2020-06-08 09:30:55.100,2853.6000,6426,0,86299440.000,0,-,-,-,-,2852.2000,2852.0000,2851.0000,2850.0000,2849.0000,2853.0000,2853.6000,2853.8000,2854.0000,2854.2000,1,6,1,1,1,1,1,1,1,2
SF,IH2007,2020-06-08 09:30:55.600,2853.0000,6426,0,88011240.000,2,1,1,多换,S,2853.0000,2852.0000,2851.0000,2850.0000,2849.0000,2853.6000,2853.8000,2854.0000,2854.2000,2854.4000,3,6,1,1,1,1,1,1,2,2
SF,IH2007,2020-06-08 09:30:56.100,2853.0000,6426,0,91434840.000,4,2,2,多换,S,2853.0000,2852.0000,2851.0000,2850.0000,2849.0000,2853.8000,2854.0000,2854.2000,2854.4000,2854.6000,4,6,1,1,1,1,1,2,2,2
SF,IH2007,2020-06-08 09:30:56.600,2853.0000,6426,0,94858440.000,4,2,2,多换,S,2852.0000,2851.0000,2850.0000,2849.0000,2848.2000,2853.4000,2853.6000,2853.8000,2854.2000,2854.4000,6,1,1,1,5,1,2,1,2,1
SF,IH2007,2020-06-08 09:30:57.100,2852.0000,6425,-1,96569640.000,2,0,2,多平,S,2852.0000,2851.0000,2850.0000,2849.0000,2848.2000,2853.2000,2853.6000,2853.8000,2854.2000,2854.4000,4,1,1,1,5,4,1,1,2,1
SF,IH2007,2020-06-08 09:30:57.600,2852.0000,6424,-1,100847640.000,5,2,3,多平,S,2851.0000,2850.0000,2849.0000,2848.8000,2848.2000,2853.0000,2853.2000,2853.6000,2853.8000,2854.2000,1,1,1,1,5,1,4,1,1,2
SF,IH2007,2020-06-08 09:30:58.100,2853.2000,6425,1,105127080.000,5,3,2,空开,S,2851.2000,2851.0000,2850.0000,2849.0000,2848.8000,2853.2000,2853.6000,2853.8000,2854.2000,2854.4000,2,1,1,1,1,1,1,1,2,1
SF,IH2007,2020-06-08 09:30:58.600,2853.2000,6425,0,105127080.000,0,-,-,-,-,2851.4000,2851.2000,2851.0000,2850.0000,2849.0000,2853.2000,2853.6000,2853.8000,2854.2000,2854.4000,1,1,1,1,1,1,1,1,2,2
SF,IH2007,2020-06-08 09:30:59.100,2853.2000,6425,0,105127080.000,0,-,-,-,-,2851.6000,2851.0000,2850.0000,2849.0000,2848.8000,2853.2000,2853.6000,2853.8000,2854.4000,2854.6000,3,1,1,1,1,1,1,2,2,1
SF,IH2007,2020-06-08 09:30:59.600,2853.2000,6425,0,105127080.000,0,-,-,-,-,2851.8000,2851.6000,2851.0000,2850.0000,2849.0000,2853.0000,2853.6000,2853.8000,2854.4000,2854.6000,1,2,1,1,1,1,1,1,2,1
SF,IH2007,2020-06-08 09:31:00.100,2853.0000,6425,0,105982980.000,1,0,1,多换,S,2852.0000,2851.6000,2851.0000,2850.0000,2849.0000,2853.6000,2853.8000,2854.4000,2854.6000,2854.8000,1,2,1,1,1,1,1,2,1,1
SF,IH2007,2020-06-08 09:31:00.600,2853.0000,6425,0,105982980.000,0,-,-,-,-,2852.2000,2851.0000,2850.0000,2849.0000,2848.8000,2853.6000,2853.8000,2854.4000,2854.6000,2854.8000,2,1,1,1,1,1,1,2,1,1
SF,IH2007,2020-06-08 09:31:01.100,2853.8000,6424,-1,107695200.000,2,0,2,多平,S,2854.0000,2852.4000,2852.2000,2851.0000,2850.0000,2854.4000,2854.6000,2854.8000,2855.0000,2855.8000,1,1,1,1,1,2,2,1,1,1
SF,IH2007,2020-06-08 09:31:01.600,2854.0000,6423,-1,108551400.000,1,0,1,双平,S,2852.2000,2850.0000,2849.0000,2848.8000,2848.2000,2854.4000,2855.0000,2855.8000,2858.0000,2860.0000,1,1,1,1,5,2,1,1,2,2
SF,IH2007,2020-06-08 09:31:02.100,2854.0000,6423,0,108551400.000,0,-,-,-,-,2852.4000,2852.2000,2850.0000,2849.0000,2848.8000,2854.4000,2855.0000,2855.8000,2858.0000,2860.0000,7,1,1,1,1,1,1,1,2,2
SF,IH2007,2020-06-08 09:31:02.600,2852.6000,6421,-2,110263500.000,2,0,2,双平,S,2852.6000,2852.4000,2850.0000,2849.0000,2848.8000,2855.0000,2855.8000,2858.0000,2860.0000,2861.4000,1,7,1,1,1,1,1,2,2,5
SF,IH2007,2020-06-08 09:31:03.100,2852.6000,6421,0,110263500.000,0,-,-,-,-,2852.8000,2852.4000,2852.0000,2849.0000,2848.8000,2854.8000,2855.0000,2855.8000,2858.0000,2860.0000,4,6,1,1,1,1,1,1,2,2
SF,IH2007,2020-06-08 09:31:03.600,2852.6000,6421,0,110263500.000,0,-,-,-,-,2853.0000,2852.8000,2852.4000,2852.0000,2849.0000,2854.6000,2855.0000,2855.8000,2858.0000,2860.0000,1,4,5,1,1,1,1,1,2,2
SF,IH2007,2020-06-08 09:31:04.100,2852.6000,6421,0,110263500.000,0,-,-,-,-,2853.2000,2852.8000,2852.4000,2852.0000,2849.0000,2854.6000,2855.0000,2855.8000,2858.0000,2860.0000,3,3,5,1,1,1,1,1,2,2
SF,IH2007,2020-06-08 09:31:04.600,2854.6000,6420,-1,111119880.000,1,0,1,双平,S,2853.4000,2853.2000,2852.8000,2852.4000,2852.0000,2855.0000,2855.8000,2858.0000,2860.0000,2861.4000,1,2,3,5,1,1,1,2,2,5
SF,IH2007,2020-06-08 09:31:05.100,2853.6000,6419,-1,111975960.000,1,0,1,双平,S,2853.6000,2853.2000,2852.8000,2852.4000,2852.0000,2854.8000,2855.0000,2855.8000,2858.0000,2860.0000,3,1,3,5,1,2,1,1,2,2
SF,IH2007,2020-06-08 09:31:05.600,2853.6000,6419,0,111975960.000,0,-,-,-,-,2853.8000,2853.6000,2853.2000,2852.8000,2852.4000,2854.8000,2855.0000,2855.8000,2858.0000,2860.0000,1,2,1,3,3,2,1,1,2,2
SF,IH2007,2020-06-08 09:31:06.100,2853.6000,6419,0,111975960.000,0,-,-,-,-,2854.0000,2853.6000,2853.2000,2852.8000,2852.4000,2854.8000,2855.0000,2855.8000,2858.0000,2860.0000,1,2,1,3,3,2,1,1,2,2
SF,IH2007,2020-06-08 09:31:06.600,2855.0000,6417,-2,115401840.000,4,1,3,多平,S,2854.2000,2853.6000,2853.2000,2852.8000,2852.4000,2855.8000,2858.0000,2860.0000,2861.4000,2864.2000,1,2,1,2,3,1,2,2,5,1
SF,IH2007,2020-06-08 09:31:07.100,2855.8000,6417,0,116258580.000,1,0,1,多换,S,2854.4000,2853.6000,2853.2000,2852.8000,2852.4000,2858.0000,2860.0000,2861.4000,2864.2000,2868.0000,2,1,1,2,3,2,2,5,1,1
SF,IH2007,2020-06-08 09:31:07.600,2855.8000,6417,0,116258580.000,0,-,-,-,-,2854.6000,2854.4000,2853.6000,2853.2000,2852.8000,2857.6000,2857.8000,2858.0000,2860.0000,2861.4000,1,1,1,1,1,1,5,2,2,5
SF,IH2007,2020-06-08 09:31:08.100,2855.8000,6417,0,116258580.000,0,-,-,-,-,2854.8000,2854.6000,2853.6000,2853.2000,2852.8000,2857.4000,2857.6000,2857.8000,2858.0000,2860.0000,2,1,1,1,1,2,1,3,2,2
SF,IH2007,2020-06-08 09:31:08.600,2855.8000,6417,0,116258580.000,0,-,-,-,-,2855.0000,2854.8000,2853.6000,2853.2000,2852.8000,2857.4000,2857.8000,2858.0000,2860.0000,2861.4000,1,2,1,1,1,2,1,2,2,5
SF,IH2007,2020-06-08 09:31:09.100,2855.2000,6416,-1,117115140.000,1,0,1,双平,S,2855.0000,2853.6000,2853.2000,2852.8000,2852.4000,2857.4000,2857.8000,2858.0000,2860.0000,2861.4000,1,1,1,1,3,2,1,2,2,5
SF,IH2007,2020-06-08 09:31:09.600,2855.2000,6416,0,117115140.000,0,-,-,-,-,2855.2000,2855.0000,2853.6000,2853.2000,2852.8000,2857.4000,2857.8000,2858.0000,2860.0000,2861.4000,1,1,1,1,1,2,1,3,2,5
SF,IH2007,2020-06-08 09:31:10.100,2855.2000,6416,0,117115140.000,0,-,-,-,-,2855.4000,2855.2000,2853.6000,2853.2000,2852.8000,2857.4000,2857.8000,2858.0000,2860.0000,2861.4000,1,1,1,1,1,2,1,3,2,5
SF,IH2007,2020-06-08 09:31:10.600,2855.2000,6414,-2,118828320.000,2,0,2,双平,S,2855.6000,2853.6000,2853.2000,2852.8000,2852.4000,2857.2000,2857.4000,2857.8000,2858.0000,2860.0000,1,1,1,1,3,1,1,1,3,2
SF,IH2007,2020-06-08 09:31:11.100,2855.2000,6414,0,118828320.000,0,-,-,-,-,2855.8000,2853.6000,2853.2000,2852.8000,2852.4000,2857.0000,2857.2000,2857.8000,2858.0000,2860.0000,1,1,1,1,3,1,1,1,3,2
SF,IH2007,2020-06-08 09:31:11.600,2855.2000,6414,0,118828320.000,0,-,-,-,-,2856.0000,2853.6000,2853.2000,2852.8000,2852.4000,2857.0000,2857.2000,2857.8000,2858.0000,2860.0000,1,1,1,1,3,1,1,1,3,2
SF,IH2007,2020-06-08 09:31:12.100,2855.2000,6414,0,118828320.000,0,-,-,-,-,2853.6000,2853.2000,2852.8000,2852.4000,2852.0000,2857.0000,2858.0000,2860.0000,2864.2000,2865.2000,1,1,1,3,1,1,3,2,1,5
SF,IH2007,2020-06-08 09:31:12.600,2855.2000,6414,0,118828320.000,0,-,-,-,-,2855.2000,2854.2000,2853.8000,2853.6000,2853.2000,2856.8000,2857.0000,2858.0000,2860.0000,2864.2000,2,3,7,3,1,1,1,3,2,1
SF,IH2007,2020-06-08 09:31:13.100,2855.2000,6414,0,118828320.000,0,-,-,-,-,2855.4000,2853.8000,2853.6000,2853.2000,2852.8000,2856.6000,2856.8000,2858.0000,2860.0000,2864.2000,1,6,3,1,1,1,1,3,2,1
SF,IH2007,2020-06-08 09:31:13.600,2855.4000,6414,0,119684940.000,1,0,1,多换,S,2853.8000,2853.6000,2853.2000,2852.8000,2852.4000,2856.6000,2856.8000,2858.0000,2860.0000,2864.2000,4,3,1,1,3,1,1,3,2,1
SF,IH2007,2020-06-08 09:31:14.100,2855.4000,6414,0,119684940.000,0,-,-,-,-,2854.2000,2854.0000,2853.8000,2853.6000,2853.2000,2855.2000,2856.4000,2856.6000,2858.0000,2860.0000,2,3,2,2,1,1,1,1,3,2
SF,IH2007,2020-06-08 09:31:14.600,2854.4000,6413,-1,120541260.000,1,0,1,双平,S,2854.4000,2854.2000,2854.0000,2853.8000,2853.6000,2855.2000,2856.4000,2856.6000,2858.0000,2860.0000,2,2,3,2,1,1,1,1,3,2
SF,IH2007,2020-06-08 09:31:15.100,2854.4000,6412,-1,122253900.000,2,0,2,多平,S,2854.0000,2853.8000,2853.6000,2853.2000,2852.8000,2855.2000,2856.4000,2856.6000,2858.0000,2860.0000,3,2,1,1,1,1,1,1,3,2
SF,IH2007,2020-06-08 09:31:15.600,2854.4000,6412,0,122253900.000,0,-,-,-,-,2853.8000,2853.6000,2853.2000,2852.8000,2852.4000,2855.0000,2855.2000,2856.4000,2858.0000,2860.0000,1,1,1,1,3,1,1,1,3,2
SF,IH2007,2020-06-08 09:31:16.100,2854.4000,6412,0,122253900.000,0,-,-,-,-,2852.4000,2849.0000,2848.8000,2848.2000,2848.0000,2854.8000,2855.0000,2855.2000,2856.4000,2858.0000,3,1,1,5,6,1,1,1,1,3
SF,IH2007,2020-06-08 09:31:16.600,2854.4000,6412,0,122253900.000,0,-,-,-,-,2852.6000,2852.4000,2849.0000,2848.8000,2848.2000,2854.6000,2855.2000,2858.0000,2860.0000,2864.2000,4,3,1,1,5,2,1,3,2,1
SF,IH2007,2020-06-08 09:31:17.100,2854.4000,6412,0,122253900.000,0,-,-,-,-,2852.8000,2852.6000,2852.4000,2849.0000,2848.8000,2854.4000,2854.6000,2855.2000,2858.0000,2860.0000,4,4,3,1,1,1,2,1,3,2
SF,IH2007,2020-06-08 09:31:17.600,2854.4000,6412,0,122253900.000,0,-,-,-,-,2853.4000,2853.0000,2852.8000,2852.6000,2852.4000,2854.6000,2855.2000,2858.0000,2860.0000,2864.2000,1,6,3,1,3,2,1,3,2,1
SF,IH2007,2020-06-08 09:31:18.100,2854.6000,6410,-2,123966660.000,2,0,2,双平,S,2854.6000,2853.6000,2853.0000,2852.8000,2852.6000,2855.2000,2858.0000,2860.0000,2864.2000,2865.2000,2,1,2,3,1,1,3,2,1,5
SF,IH2007,2020-06-08 09:31:18.600,2855.2000,6409,-1,124823220.000,1,0,1,双平,S,2853.0000,2852.8000,2852.6000,2852.4000,2849.0000,2858.0000,2860.0000,2864.2000,2865.2000,2868.0000,3,3,1,3,1,3,2,1,5,1
SF,IH2007,2020-06-08 09:31:19.100,2855.2000,6409,0,124823220.000,0,-,-,-,-,2853.4000,2853.2000,2853.0000,2852.6000,2852.4000,2856.4000,2856.8000,2857.0000,2857.6000,2857.8000,3,3,4,1,3,1,3,1,1,3
SF,IH2007,2020-06-08 09:31:19.600,2855.2000,6409,0,124823220.000,0,-,-,-,-,2853.6000,2853.4000,2853.2000,2853.0000,2852.6000,2856.2000,2857.6000,2857.8000,2858.0000,2860.0000,2,2,3,3,1,1,1,2,3,2
SF,IH2007,2020-06-08 09:31:20.100,2855.2000,6409,0,124823220.000,0,-,-,-,-,2853.8000,2853.6000,2853.4000,2853.2000,2853.0000,2856.2000,2857.6000,2857.8000,2858.0000,2859.8000,1,2,2,3,3,1,1,2,3,2
SF,IH2007,2020-06-08 09:31:20.600,2856.2000,6409,0,125680080.000,1,0,1,多换,S,2854.0000,2853.8000,2853.6000,2853.4000,2853.2000,2857.6000,2857.8000,2858.0000,2859.8000,2860.0000,3,1,1,2,3,1,2,3,2,2
SF,IH2007,2020-06-08 09:31:21.100,2856.2000,6409,0,125680080.000,0,-,-,-,-,2854.0000,2853.8000,2853.6000,2853.2000,2853.0000,2857.4000,2858.0000,2859.8000,2860.0000,2864.2000,3,1,1,3,3,3,3,2,2,1
SF,IH2007,2020-06-08 09:31:21.600,2856.2000,6409,0,125680080.000,0,-,-,-,-,2854.6000,2854.2000,2854.0000,2853.8000,2853.6000,2857.4000,2858.0000,2859.8000,2860.0000,2864.2000,2,3,3,1,1,3,3,2,2,1
SF,IH2007,2020-06-08 09:31:22.100,2856.2000,6409,0,125680080.000,0,-,-,-,-,2854.8000,2854.6000,2854.2000,2854.0000,2853.6000,2857.4000,2858.0000,2859.8000,2860.0000,2864.2000,4,2,3,1,1,3,3,2,2,1
SF,IH2007,2020-06-08 09:31:22.600,2856.2000,6409,0,125680080.000,0,-,-,-,-,2854.8000,2854.6000,2854.0000,2853.6000,2853.2000,2857.4000,2858.0000,2859.8000,2860.0000,2864.2000,2,2,1,1,3,3,3,2,2,1
SF,IH2007,2020-06-08 09:31:23.100,2857.4000,6409,0,126537300.000,1,0,1,多换,S,2855.0000,2854.8000,2854.6000,2854.0000,2853.6000,2857.4000,2858.0000,2859.8000,2860.0000,2864.2000,1,1,2,1,1,1,2,2,2,1
SF,IH2007,2020-06-08 09:31:23.600,2857.4000,6409,0,126537300.000,0,-,-,-,-,2855.2000,2854.6000,2854.0000,2853.6000,2853.2000,2856.4000,2857.2000,2858.0000,2859.8000,2860.0000,1,2,1,1,3,1,1,2,2,2
SF,IH2007,2020-06-08 09:31:24.600,2855.4000,6409,0,127393920.000,1,0,1,多换,S,2855.2000,2854.6000,2854.0000,2853.6000,2853.2000,2856.4000,2857.2000,2858.0000,2859.8000,2860.0000,1,2,1,1,3,1,1,2,2,2
SF,IH2007,2020-06-08 09:31:28.100,2855.4000,6409,0,127393920.000,0,-,-,-,-,2855.4000,2855.2000,2854.6000,2854.0000,2853.6000,2856.4000,2857.2000,2858.0000,2859.8000,2860.0000,2,1,2,1,1,1,1,2,2,2
SF,IH2007,2020-06-08 09:31:28.600,2857.2000,6407,-2,129108000.000,2,0,2,双平,S,2856.6000,2856.4000,2856.2000,2856.0000,2855.6000,2858.0000,2859.8000,2860.0000,2864.2000,2865.2000,10,1,3,2,7,2,2,2,1,5
SF,IH2007,2020-06-08 09:31:29.100,2856.6000,6407,0,130821960.000,2,1,1,多换,S,2856.6000,2855.6000,2855.4000,2855.0000,2854.0000,2857.0000,2858.0000,2859.8000,2860.0000,2864.2000,6,4,2,1,1,1,2,2,2,1
SF,IH2007,2020-06-08 09:31:29.600,2856.6000,6404,-3,135963840.000,6,1,5,多平,S,2855.6000,2855.4000,2855.0000,2854.0000,2853.6000,2857.0000,2858.0000,2859.8000,2860.0000,2864.2000,4,2,1,1,1,1,2,2,2,1
SF,IH2007,2020-06-08 09:31:30.100,2856.6000,6404,0,135963840.000,0,-,-,-,-,2855.4000,2855.0000,2854.0000,2853.6000,2853.2000,2856.8000,2857.0000,2858.0000,2859.8000,2860.0000,1,1,1,1,3,1,1,2,2,2
SF,IH2007,2020-06-08 09:31:30.600,2856.6000,6404,0,135963840.000,0,-,-,-,-,2855.4000,2855.0000,2854.0000,2853.8000,2853.6000,2856.8000,2857.0000,2858.0000,2859.8000,2860.0000,1,1,1,1,1,1,1,2,2,2
SF,IH2007,2020-06-08 09:31:31.100,2856.6000,6404,0,135963840.000,0,-,-,-,-,2855.4000,2855.0000,2854.0000,2853.8000,2853.6000,2856.8000,2857.0000,2858.0000,2859.8000,2860.0000,1,1,1,1,1,1,1,2,2,2
SF,IH2007,2020-06-08 09:31:31.600,2855.0000,6402,-2,137676960.000,2,0,2,双平,S,2854.0000,2853.8000,2853.6000,2853.2000,2853.0000,2855.4000,2856.8000,2857.0000,2858.0000,2859.8000,1,1,1,3,1,1,1,1,2,2
SF,IH2007,2020-06-08 09:31:32.100,2855.4000,6401,-1,138533580.000,1,0,1,双平,S,2854.2000,2854.0000,2853.8000,2853.6000,2853.2000,2857.0000,2858.0000,2859.8000,2860.0000,2864.2000,7,1,1,1,3,2,2,2,2,1
SF,IH2007,2020-06-08 09:31:32.600,2855.4000,6401,0,138533580.000,0,-,-,-,-,2854.4000,2854.2000,2854.0000,2853.8000,2853.6000,2856.8000,2857.0000,2858.0000,2858.6000,2859.8000,1,7,1,1,1,1,2,2,1,2
SF,IH2007,2020-06-08 09:31:33.100,2855.4000,6401,0,138533580.000,0,-,-,-,-,2854.6000,2854.4000,2854.2000,2854.0000,2853.8000,2856.6000,2856.8000,2857.0000,2858.0000,2858.6000,1,1,5,1,1,1,1,2,2,1
SF,IH2007,2020-06-08 09:31:33.600,2854.8000,6401,0,139390020.000,1,0,1,多换,S,2854.6000,2854.0000,2853.8000,2853.6000,2853.2000,2856.4000,2856.6000,2857.0000,2858.0000,2858.6000,1,1,1,1,3,2,1,2,2,1
SF,IH2007,2020-06-08 09:31:34.100,2854.6000,6400,-1,140246400.000,1,0,1,双平,S,2853.8000,2853.2000,2853.0000,2852.6000,2852.4000,2854.2000,2854.4000,2856.0000,2856.4000,2856.6000,1,3,1,1,4,1,2,1,2,1
SF,IH2007,2020-06-08 09:31:34.600,2854.2000,6398,-2,141958920.000,2,0,2,双平,S,2853.8000,2853.0000,2852.6000,2852.4000,2849.0000,2854.4000,2856.0000,2856.4000,2856.6000,2857.0000,1,1,1,4,1,2,1,2,1,1
SF,IH2007,2020-06-08 09:31:35.100,2854.2000,6398,0,141958920.000,0,-,-,-,-,2852.6000,2852.4000,2849.0000,2848.8000,2848.2000,2854.4000,2856.0000,2856.2000,2856.4000,2856.8000,1,4,1,1,5,2,1,1,2,1
SF,IH2007,2020-06-08 09:31:35.600,2854.2000,6398,0,141958920.000,0,-,-,-,-,2852.8000,2852.4000,2851.0000,2849.0000,2848.8000,2854.2000,2854.4000,2856.0000,2856.2000,2856.4000,1,4,1,1,1,1,2,1,1,1
SF,IH2007,2020-06-08 09:31:36.100,2854.2000,6398,0,141958920.000,0,-,-,-,-,2853.0000,2852.8000,2852.4000,2851.0000,2849.0000,2854.2000,2854.4000,2856.0000,2856.2000,2856.4000,3,1,4,1,1,1,2,1,1,1
SF,IH2007,2020-06-08 09:31:36.600,2854.2000,6398,0,142815180.000,1,0,1,多换,S,2853.2000,2852.4000,2851.0000,2849.0000,2848.8000,2854.4000,2856.0000,2856.2000,2856.4000,2856.8000,1,4,1,1,1,2,1,1,1,1
SF,IH2007,2020-06-08 09:31:37.100,2854.2000,6398,0,142815180.000,0,-,-,-,-,2853.4000,2853.2000,2852.4000,2851.0000,2849.0000,2854.4000,2856.0000,2856.2000,2856.4000,2856.8000,1,1,4,1,1,2,1,1,1,1
SF,IH2007,2020-06-08 09:31:37.600,2854.2000,6398,0,142815180.000,0,-,-,-,-,2853.4000,2853.2000,2852.4000,2849.0000,2848.8000,2854.4000,2856.0000,2856.2000,2856.4000,2856.8000,1,1,4,1,1,2,1,1,1,1
SF,IH2007,2020-06-08 09:31:38.100,2854.2000,6398,0,142815180.000,0,-,-,-,-,2853.4000,2853.2000,2852.4000,2849.0000,2848.8000,2856.0000,2856.2000,2856.4000,2856.8000,2857.0000,1,1,4,1,1,1,1,1,1,1
SF,IH2007,2020-06-08 09:31:38.600,2854.2000,6398,0,142815180.000,0,-,-,-,-,2855.2000,2854.6000,2854.2000,2853.6000,2853.4000,2856.0000,2856.2000,2856.4000,2856.8000,2857.0000,2,1,3,9,1,1,1,1,1,1
SF,IH2007,2020-06-08 09:31:39.100,2854.2000,6398,0,142815180.000,0,-,-,-,-,2853.6000,2853.4000,2852.4000,2849.0000,2848.8000,2855.0000,2856.0000,2856.2000,2856.4000,2856.8000,6,1,3,1,1,1,1,1,1,1
SF,IH2007,2020-06-08 09:31:39.600,2855.0000,6397,-1,143671680.000,1,0,1,双平,S,2855.0000,2853.8000,2853.6000,2852.4000,2849.0000,2856.0000,2856.2000,2856.4000,2856.8000,2857.0000,1,4,4,3,1,1,1,1,1,1
SF,IH2007,2020-06-08 09:31:40.100,2855.0000,6397,0,143671680.000,0,-,-,-,-,2855.0000,2853.8000,2853.6000,2853.4000,2852.4000,2856.0000,2856.2000,2856.4000,2856.8000,2857.0000,1,5,4,1,3,1,1,1,1,1
SF,IH2007,2020-06-08 09:31:40.600,2855.0000,6397,0,143671680.000,0,-,-,-,-,2855.2000,2855.0000,2853.8000,2853.6000,2853.4000,2856.0000,2856.2000,2856.8000,2857.0000,2857.8000,1,1,5,3,1,1,1,1,1,1
SF,IH2007,2020-06-08 09:31:41.100,2855.0000,6397,0,143671680.000,0,-,-,-,-,2855.2000,2855.0000,2854.6000,2853.8000,2853.6000,2856.0000,2856.2000,2856.8000,2857.0000,2857.8000,1,1,1,5,3,1,1,1,1,1
SF,IH2007,2020-06-08 09:31:41.600,2856.0000,6396,-1,144528480.000,1,0,1,双平,S,2855.2000,2855.0000,2854.6000,2853.8000,2853.6000,2856.8000,2857.0000,2857.8000,2858.0000,2859.8000,1,1,1,3,3,1,1,1,2,2
SF,IH2007,2020-06-08 09:31:42.100,2856.0000,6396,0,144528480.000,0,-,-,-,-,2855.2000,2855.0000,2854.6000,2853.8000,2853.6000,2856.8000,2857.0000,2857.8000,2858.0000,2858.8000,3,1,1,3,3,1,1,1,2,1
SF,IH2007,2020-06-08 09:31:43.100,2855.2000,6395,-1,145385040.000,1,0,1,双平,S,2855.0000,2854.6000,2853.8000,2853.6000,2853.4000,2856.8000,2857.0000,2857.8000,2858.0000,2858.8000,1,1,3,3,1,1,1,1,2,1
SF,IH2007,2020-06-08 09:31:43.600,2855.2000,6395,0,146241600.000,1,0,1,多换,S,2855.0000,2854.6000,2853.8000,2853.6000,2853.4000,2855.2000,2856.6000,2856.8000,2857.0000,2857.8000,1,1,3,3,1,1,3,1,1,1
SF,IH2007,2020-06-08 09:31:44.100,2855.2000,6395,0,147098160.000,1,0,1,多换,S,2854.6000,2853.8000,2853.6000,2853.4000,2853.0000,2856.6000,2856.8000,2857.0000,2858.0000,2859.8000,1,3,3,1,1,3,1,1,2,2
SF,IH2007,2020-06-08 09:31:44.600,2855.2000,6395,0,147098160.000,0,-,-,-,-,2854.8000,2854.6000,2853.8000,2853.6000,2853.4000,2856.6000,2856.8000,2857.0000,2858.0000,2859.8000,1,1,3,3,1,3,1,1,2,2
SF,IH2007,2020-06-08 09:31:46.100,2855.2000,6395,0,147098160.000,0,-,-,-,-,2855.2000,2854.8000,2854.6000,2853.8000,2853.6000,2856.6000,2856.8000,2857.0000,2858.0000,2859.8000,2,1,1,3,3,3,1,1,2,2
SF,IH2007,2020-06-08 09:31:46.600,2855.2000,6395,0,147098160.000,0,-,-,-,-,2855.4000,2855.2000,2854.6000,2853.8000,2853.6000,2856.6000,2856.8000,2857.0000,2858.0000,2859.8000,1,2,1,3,3,3,1,1,2,2
SF,IH2007,2020-06-08 09:31:47.100,2855.2000,6395,0,147098160.000,0,-,-,-,-,2855.4000,2855.2000,2854.6000,2853.8000,2853.6000,2856.6000,2856.8000,2857.0000,2858.0000,2859.8000,1,2,1,3,3,2,1,1,2,2
SF,IH2007,2020-06-08 09:31:47.600,2855.2000,6394,-1,149667900.000,3,1,2,多平,S,2854.6000,2853.8000,2853.6000,2853.4000,2853.0000,2856.6000,2856.8000,2857.0000,2858.0000,2859.8000,1,3,3,1,1,2,1,1,2,2
SF,IH2007,2020-06-08 09:31:48.100,2855.2000,6394,0,149667900.000,0,-,-,-,-,2854.8000,2854.6000,2853.8000,2853.6000,2853.4000,2856.4000,2856.6000,2856.8000,2857.0000,2858.0000,1,1,3,3,1,1,2,1,1,2
SF,IH2007,2020-06-08 09:31:48.600,2856.8000,6391,-3,153095820.000,4,0,4,多平,S,2856.4000,2856.2000,2855.6000,2855.2000,2855.0000,2857.0000,2858.0000,2859.8000,2860.0000,2864.2000,1,2,1,3,6,1,2,2,3,1
SF,IH2007,2020-06-08 09:31:49.100,2856.4000,6389,-2,154809840.000,2,0,2,双平,S,2856.2000,2855.6000,2855.2000,2855.0000,2854.8000,2858.0000,2859.8000,2860.0000,2864.2000,2865.2000,2,1,3,6,3,2,2,3,1,5
SF,IH2007,2020-06-08 09:31:49.600,2856.2000,6389,0,156523560.000,2,1,1,多换,S,2855.0000,2854.8000,2854.6000,2853.8000,2853.0000,2856.0000,2856.2000,2857.2000,2857.6000,2857.8000,3,3,1,1,1,6,1,1,1,2
SF,IH2007,2020-06-08 09:31:50.100,2856.2000,6388,-1,157380420.000,1,0,1,双平,S,2855.2000,2855.0000,2854.8000,2854.6000,2853.8000,2857.6000,2857.8000,2858.0000,2859.8000,2860.0000,1,3,2,1,1,1,2,2,2,3
SF,IH2007,2020-06-08 09:31:50.600,2856.2000,6388,0,157380420.000,0,-,-,-,-,2855.2000,2855.0000,2854.8000,2854.6000,2853.8000,2856.2000,2856.8000,2857.4000,2858.0000,2859.8000,1,3,2,1,1,1,1,2,2,2
SF,IH2007,2020-06-08 09:31:51.100,2856.2000,6388,0,157380420.000,0,-,-,-,-,2855.2000,2854.6000,2853.8000,2853.0000,2852.4000,2856.2000,2856.8000,2857.4000,2858.0000,2859.8000,1,1,1,1,3,1,1,2,2,2
SF,IH2007,2020-06-08 09:31:51.600,2856.2000,6388,0,157380420.000,0,-,-,-,-,2855.2000,2854.6000,2853.8000,2853.0000,2852.4000,2856.2000,2857.4000,2858.0000,2859.8000,2860.0000,1,1,1,1,3,1,2,2,2,3
SF,IH2007,2020-06-08 09:31:52.100,2854.6000,6387,-1,159093360.000,2,0,2,多平,S,2853.8000,2853.0000,2852.4000,2850.0000,2849.0000,2856.2000,2857.4000,2858.0000,2859.8000,2860.0000,1,1,3,1,1,1,2,2,2,3
SF,IH2007,2020-06-08 09:31:52.600,2854.6000,6387,0,159093360.000,0,-,-,-,-,2854.4000,2854.0000,2853.8000,2853.0000,2852.4000,2856.0000,2856.2000,2858.0000,2859.8000,2860.0000,1,10,3,1,3,1,1,2,2,3
SF,IH2007,2020-06-08 09:31:53.100,2854.6000,6387,0,159093360.000,0,-,-,-,-,2854.6000,2854.4000,2854.0000,2853.8000,2853.0000,2856.0000,2856.2000,2858.0000,2859.8000,2860.0000,2,2,9,2,1,1,1,2,2,3
SF,IH2007,2020-06-08 09:31:53.600,2854.6000,6387,0,159093360.000,0,-,-,-,-,2854.8000,2854.6000,2854.4000,2854.0000,2853.8000,2856.0000,2856.2000,2858.0000,2859.8000,2860.0000,1,2,2,8,2,1,1,2,2,3
SF,IH2007,2020-06-08 09:31:54.100,2854.6000,6387,0,159093360.000,0,-,-,-,-,2854.8000,2854.6000,2854.4000,2854.0000,2853.8000,2856.2000,2858.0000,2859.8000,2860.0000,2864.2000,1,2,2,8,2,1,2,2,3,1
SF,IH2007,2020-06-08 09:31:55.100,2856.2000,6387,0,159950220.000,1,0,1,多换,S,2854.8000,2854.6000,2854.4000,2854.0000,2853.8000,2858.0000,2859.8000,2860.0000,2864.2000,2865.2000,1,2,2,8,2,2,2,3,1,5
SF,IH2007,2020-06-08 09:31:55.600,2856.2000,6387,0,159950220.000,0,-,-,-,-,2855.0000,2854.8000,2854.6000,2854.4000,2854.0000,2857.8000,2858.0000,2859.8000,2860.0000,2864.2000,1,1,1,2,7,4,2,2,3,1
SF,IH2007,2020-06-08 09:31:56.100,2856.2000,6387,0,159950220.000,0,-,-,-,-,2855.2000,2855.0000,2854.6000,2854.4000,2854.0000,2857.0000,2857.8000,2858.0000,2859.8000,2860.0000,1,1,1,2,7,1,4,2,2,3
SF,IH2007,2020-06-08 09:31:56.600,2856.2000,6387,0,159950220.000,0,-,-,-,-,2855.4000,2855.2000,2854.6000,2854.4000,2854.0000,2856.8000,2857.8000,2858.0000,2859.8000,2860.0000,1,1,1,2,7,1,3,2,2,3
SF,IH2007,2020-06-08 09:31:58.100,2856.2000,6387,0,159950220.000,0,-,-,-,-,2855.6000,2855.4000,2855.2000,2854.6000,2854.4000,2856.8000,2858.0000,2859.8000,2860.0000,2864.2000,4,1,1,1,1,1,2,2,3,1
SF,IH2007,2020-06-08 09:31:58.600,2856.2000,6387,0,159950220.000,0,-,-,-,-,2855.4000,2855.2000,2854.6000,2854.4000,2854.0000,2856.2000,2856.8000,2858.0000,2859.8000,2860.0000,1,1,1,1,6,1,1,2,2,4
SF,IH2007,2020-06-08 09:31:59.100,2856.2000,6388,1,160807080.000,1,1,0,双开,S,2855.2000,2854.6000,2854.4000,2854.0000,2853.8000,2856.8000,2858.0000,2859.8000,2860.0000,2864.2000,1,1,1,6,2,1,2,2,4,1
SF,IH2007,2020-06-08 09:31:59.600,2856.2000,6388,0,160807080.000,0,-,-,-,-,2855.6000,2855.4000,2855.2000,2854.6000,2854.4000,2856.8000,2858.0000,2859.8000,2860.0000,2864.2000,1,3,2,1,1,1,2,2,4,1
SF,IH2007,2020-06-08 09:32:00.100,2856.2000,6388,0,160807080.000,0,-,-,-,-,2855.6000,2855.4000,2855.2000,2854.6000,2854.4000,2856.0000,2856.8000,2858.0000,2859.8000,2860.0000,1,4,2,1,1,1,1,2,2,4
SF,IH2007,2020-06-08 09:32:00.600,2856.0000,6387,-1,161663880.000,1,0,1,双平,S,2855.8000,2855.6000,2855.4000,2855.2000,2854.6000,2856.8000,2858.0000,2859.8000,2860.0000,2864.2000,3,1,3,2,1,1,2,2,4,1
SF,IH2007,2020-06-08 09:32:01.100,2856.8000,6387,0,162520920.000,1,0,1,多换,S,2856.8000,2856.0000,2855.8000,2855.6000,2855.4000,2858.0000,2859.8000,2860.0000,2864.2000,2865.2000,1,1,3,1,3,2,2,4,1,5
SF,IH2007,2020-06-08 09:32:01.600,2856.8000,6387,0,162520920.000,0,-,-,-,-,2856.8000,2856.0000,2855.8000,2855.6000,2855.4000,2857.6000,2858.0000,2859.8000,2860.0000,2864.2000,1,1,3,2,3,1,2,2,4,1
SF,IH2007,2020-06-08 09:32:02.100,2856.8000,6387,0,162520920.000,0,-,-,-,-,2856.8000,2856.0000,2855.8000,2855.6000,2855.4000,2858.0000,2859.8000,2860.0000,2864.2000,2865.2000,1,1,3,2,3,2,2,4,1,5
SF,IH2007,2020-06-08 09:32:02.600,2856.8000,6387,0,162520920.000,0,-,-,-,-,2856.8000,2856.0000,2855.8000,2855.6000,2855.4000,2858.0000,2859.8000,2860.0000,2864.2000,2865.2000,1,1,3,2,3,2,2,4,1,5
SF,IH2007,2020-06-08 09:32:03.100,2856.8000,6387,0,162520920.000,0,-,-,-,-,2857.0000,2856.8000,2855.8000,2855.6000,2855.4000,2858.0000,2859.8000,2860.0000,2864.2000,2865.2000,1,1,3,2,3,2,2,4,1,5
SF,IH2007,2020-06-08 09:32:03.600,2856.8000,6387,0,162520920.000,0,-,-,-,-,2857.2000,2857.0000,2856.8000,2855.8000,2855.6000,2858.0000,2859.8000,2860.0000,2864.2000,2865.2000,3,1,1,3,1,2,2,4,1,5
SF,IH2007,2020-06-08 09:32:04.100,2858.0000,6386,-1,163378320.000,1,0,1,双平,S,2857.4000,2857.2000,2856.8000,2855.8000,2855.6000,2858.0000,2859.8000,2860.0000,2864.2000,2865.2000,2,3,1,3,1,1,2,4,1,5
SF,IH2007,2020-06-08 09:32:04.600,2857.6000,6385,-1,164235600.000,1,0,1,双平,S,2857.4000,2856.8000,2855.8000,2855.6000,2855.4000,2858.0000,2859.8000,2860.0000,2864.2000,2865.2000,1,1,3,1,3,1,2,4,1,5
SF,IH2007,2020-06-08 09:32:06.100,2857.6000,6385,0,164235600.000,0,-,-,-,-,2857.4000,2856.8000,2855.8000,2855.6000,2855.4000,2858.0000,2859.8000,2860.0000,2864.2000,2865.2000,1,1,3,1,3,1,2,4,1,5
SF,IH2007,2020-06-08 09:32:06.600,2857.4000,6384,-1,165092820.000,1,0,1,双平,S,2856.8000,2855.8000,2855.6000,2855.4000,2855.2000,2858.0000,2859.8000,2860.0000,2864.2000,2865.2000,1,3,1,3,1,1,2,4,1,5
SF,IH2007,2020-06-08 09:32:07.100,2857.4000,6384,0,165092820.000,0,-,-,-,-,2855.8000,2855.6000,2855.4000,2855.2000,2854.8000,2856.8000,2858.0000,2859.8000,2860.0000,2864.2000,3,1,3,1,1,1,1,2,4,1
SF,IH2007,2020-06-08 09:32:07.600,2856.0000,6384,0,166806420.000,2,1,1,多换,S,2855.8000,2855.6000,2855.4000,2855.2000,2854.8000,2856.8000,2858.0000,2858.2000,2859.8000,2860.0000,1,1,3,1,1,1,1,1,2,4
SF,IH2007,2020-06-08 09:32:08.100,2855.8000,6383,-1,169376640.000,3,1,2,多平,S,2855.6000,2855.4000,2855.2000,2854.8000,2854.6000,2856.8000,2858.0000,2858.2000,2859.8000,2860.0000,1,3,1,1,1,1,1,1,2,4
SF,IH2007,2020-06-08 09:32:08.600,2854.8000,6381,-2,171089760.000,2,0,2,双平,S,2854.6000,2854.0000,2853.8000,2853.6000,2853.2000,2856.6000,2856.8000,2858.0000,2858.2000,2859.8000,1,4,1,1,1,1,1,1,1,2
SF,IH2007,2020-06-08 09:32:09.100,2854.8000,6381,0,171089760.000,0,-,-,-,-,2854.8000,2854.6000,2854.0000,2853.8000,2853.6000,2856.6000,2856.8000,2858.0000,2858.2000,2859.8000,3,1,4,1,1,1,1,1,1,2
SF,IH2007,2020-06-08 09:32:09.600,2854.8000,6381,0,171089760.000,0,-,-,-,-,2854.8000,2854.0000,2853.8000,2853.6000,2853.2000,2856.6000,2856.8000,2858.0000,2858.2000,2859.8000,1,4,1,1,1,1,1,1,1,2
SF,IH2007,2020-06-08 09:32:11.100,2854.8000,6381,0,171089760.000,0,-,-,-,-,2855.0000,2854.8000,2854.0000,2853.8000,2853.6000,2856.6000,2856.8000,2858.0000,2858.2000,2859.8000,1,1,4,1,1,1,1,1,1,2
SF,IH2007,2020-06-08 09:32:11.600,2854.8000,6381,0,171089760.000,0,-,-,-,-,2855.2000,2855.0000,2854.8000,2854.0000,2853.8000,2856.6000,2856.8000,2858.0000,2858.2000,2859.8000,1,1,1,4,1,1,1,1,1,2
SF,IH2007,2020-06-08 09:32:12.100,2856.6000,6380,-1,171946740.000,1,0,1,双平,S,2855.2000,2855.0000,2854.8000,2854.0000,2853.8000,2856.8000,2858.0000,2858.2000,2859.8000,2860.0000,2,1,1,4,1,1,1,1,2,4
SF,IH2007,2020-06-08 09:32:12.600,2856.8000,6379,-1,172803780.000,1,0,1,双平,S,2855.4000,2855.2000,2855.0000,2854.0000,2853.8000,2858.0000,2858.2000,2859.8000,2860.0000,2864.2000,3,1,1,4,1,1,1,2,4,1
SF,IH2007,2020-06-08 09:32:13.100,2856.8000,6379,0,172803780.000,0,-,-,-,-,2855.6000,2855.4000,2855.0000,2854.0000,2853.8000,2857.2000,2857.8000,2858.0000,2858.2000,2859.8000,1,3,1,4,1,1,2,1,1,3
SF,IH2007,2020-06-08 09:32:13.600,2856.8000,6379,0,172803780.000,0,-,-,-,-,2855.8000,2855.6000,2855.4000,2855.0000,2854.0000,2857.2000,2857.8000,2858.0000,2858.2000,2859.8000,3,3,1,1,4,1,1,1,1,2
SF,IH2007,2020-06-08 09:32:14.100,2856.8000,6379,0,172803780.000,0,-,-,-,-,2855.8000,2855.6000,2855.4000,2855.0000,2854.0000,2857.8000,2858.0000,2858.2000,2859.8000,2860.0000,3,3,1,1,4,1,1,1,2,4
SF,IH2007,2020-06-08 09:32:14.600,2856.8000,6379,0,172803780.000,0,-,-,-,-,2856.0000,2855.8000,2855.6000,2855.4000,2855.0000,2857.6000,2857.8000,2858.0000,2858.2000,2859.8000,1,3,2,1,1,1,1,1,1,3
SF,IH2007,2020-06-08 09:32:15.100,2856.8000,6379,0,172803780.000,0,-,-,-,-,2856.0000,2855.8000,2855.4000,2855.0000,2854.0000,2857.4000,2857.6000,2858.0000,2858.2000,2859.8000,1,2,1,1,4,2,1,1,1,3
SF,IH2007,2020-06-08 09:32:15.600,2856.8000,6379,0,172803780.000,0,-,-,-,-,2855.8000,2855.4000,2855.0000,2854.0000,2853.8000,2857.4000,2857.6000,2858.0000,2858.2000,2859.8000,2,1,1,4,1,2,1,1,1,2
SF,IH2007,2020-06-08 09:32:16.100,2855.4000,6380,1,173660400.000,1,1,0,双开,S,2855.0000,2854.0000,2853.8000,2853.2000,2852.4000,2856.0000,2857.2000,2857.4000,2857.6000,2858.0000,1,4,1,1,3,1,1,1,1,1
SF,IH2007,2020-06-08 09:32:16.600,2855.4000,6380,0,173660400.000,0,-,-,-,-,2855.0000,2854.0000,2853.8000,2853.2000,2852.4000,2856.0000,2857.4000,2857.6000,2858.0000,2858.2000,1,4,1,1,3,1,1,1,1,1
SF,IH2007,2020-06-08 09:32:17.600,2856.0000,6379,-1,174517200.000,1,0,1,双平,S,2855.2000,2855.0000,2854.0000,2853.8000,2853.2000,2857.4000,2857.6000,2858.0000,2858.2000,2859.8000,2,1,4,1,1,1,1,1,1,2
SF,IH2007,2020-06-08 09:32:18.100,2856.0000,6379,0,174517200.000,0,-,-,-,-,2855.4000,2855.2000,2855.0000,2854.0000,2853.8000,2857.4000,2857.6000,2858.0000,2858.2000,2859.4000,1,1,1,4,1,1,1,1,1,1
SF,IH2007,2020-06-08 09:32:18.600,2856.0000,6379,0,174517200.000,0,-,-,-,-,2855.4000,2855.0000,2854.0000,2853.8000,2853.2000,2857.2000,2857.4000,2857.6000,2858.0000,2858.2000,1,1,4,1,1,2,1,1,1,1
SF,IH2007,2020-06-08 09:32:19.100,2856.0000,6379,0,174517200.000,0,-,-,-,-,2855.6000,2855.4000,2855.0000,2854.0000,2853.8000,2857.2000,2857.4000,2857.6000,2858.0000,2858.2000,3,1,1,4,1,2,1,1,1,1
SF,IH2007,2020-06-08 09:32:19.600,2855.4000,6379,0,175373820.000,1,0,1,多换,S,2855.0000,2854.0000,2853.8000,2853.2000,2852.4000,2857.0000,2857.6000,2858.0000,2858.2000,2859.4000,1,4,1,1,3,2,1,1,1,1
SF,IH2007,2020-06-08 09:32:20.100,2855.4000,6379,0,175373820.000,0,-,-,-,-,2855.0000,2854.0000,2853.8000,2853.2000,2852.4000,2857.0000,2857.6000,2858.0000,2858.2000,2859.8000,1,4,1,1,3,2,1,1,1,2
SF,IH2007,2020-06-08 09:32:21.100,2855.4000,6379,0,175373820.000,0,-,-,-,-,2855.0000,2854.0000,2853.8000,2853.2000,2852.4000,2855.4000,2857.0000,2857.6000,2858.0000,2858.2000,1,4,1,1,3,1,2,1,1,1
SF,IH2007,2020-06-08 09:32:21.600,2855.0000,6379,0,177086940.000,2,1,1,多换,S,2854.0000,2853.8000,2853.2000,2852.4000,2850.0000,2857.0000,2857.6000,2858.0000,2859.8000,2860.0000,4,1,1,3,5,1,1,1,2,4
SF,IH2007,2020-06-08 09:32:22.100,2855.0000,6379,0,177086940.000,0,-,-,-,-,2854.8000,2854.6000,2854.2000,2854.0000,2853.8000,2855.0000,2857.0000,2857.6000,2858.0000,2859.8000,2,1,6,4,1,1,1,1,1,2
SF,IH2007,2020-06-08 09:32:22.600,2855.0000,6378,-1,177943440.000,1,0,1,双平,S,2855.0000,2854.8000,2854.6000,2854.2000,2854.0000,2857.0000,2857.6000,2858.0000,2859.8000,2860.0000,1,2,1,5,4,1,1,1,2,4
SF,IH2007,2020-06-08 09:32:23.100,2855.0000,6378,0,177943440.000,0,-,-,-,-,2855.0000,2854.8000,2854.6000,2854.2000,2854.0000,2856.8000,2857.0000,2857.6000,2858.0000,2859.8000,1,2,1,5,4,2,1,1,1,2
SF,IH2007,2020-06-08 09:32:23.600,2855.0000,6378,0,177943440.000,0,-,-,-,-,2854.8000,2854.6000,2854.2000,2854.0000,2853.8000,2856.6000,2856.8000,2857.6000,2858.0000,2859.8000,2,1,5,4,1,1,2,1,1,2
SF,IH2007,2020-06-08 09:32:24.100,2855.0000,6378,0,177943440.000,0,-,-,-,-,2854.2000,2854.0000,2853.8000,2853.2000,2853.0000,2856.4000,2856.6000,2856.8000,2858.0000,2859.8000,1,4,1,1,1,1,1,2,1,2
SF,IH2007,2020-06-08 09:32:24.600,2855.0000,6378,0,177943440.000,0,-,-,-,-,2854.2000,2854.0000,2853.8000,2853.2000,2853.0000,2856.2000,2856.4000,2856.8000,2858.0000,2859.8000,1,4,1,1,1,1,1,2,1,2
SF,IH2007,2020-06-08 09:32:25.100,2855.0000,6378,0,177943440.000,0,-,-,-,-,2854.2000,2854.0000,2853.8000,2853.2000,2853.0000,2856.0000,2856.2000,2858.0000,2859.8000,2860.0000,1,4,1,1,1,1,1,1,2,4
SF,IH2007,2020-06-08 09:32:25.600,2855.0000,6378,0,177943440.000,0,-,-,-,-,2854.2000,2854.0000,2853.8000,2853.2000,2853.0000,2855.8000,2856.0000,2858.0000,2859.8000,2860.0000,1,4,1,1,1,1,1,1,2,4
SF,IH2007,2020-06-08 09:32:26.100,2855.0000,6378,0,177943440.000,0,-,-,-,-,2854.4000,2854.2000,2854.0000,2853.8000,2853.2000,2855.6000,2855.8000,2858.0000,2859.8000,2860.0000,1,1,4,1,1,1,1,1,2,4
SF,IH2007,2020-06-08 09:32:26.600,2854.4000,6377,-1,178799760.000,1,0,1,双平,S,2854.4000,2854.2000,2854.0000,2853.8000,2853.2000,2855.4000,2858.0000,2859.8000,2860.0000,2862.0000,1,1,4,1,1,1,1,2,4,1
SF,IH2007,2020-06-08 09:32:27.100,2854.4000,6377,0,178799760.000,0,-,-,-,-,2854.0000,2853.8000,2853.2000,2853.0000,2852.4000,2855.4000,2858.0000,2859.8000,2860.0000,2862.0000,1,1,1,1,3,1,1,2,4,1
SF,IH2007,2020-06-08 09:32:28.600,2854.4000,6377,0,178799760.000,0,-,-,-,-,2854.2000,2854.0000,2853.8000,2853.2000,2853.0000,2855.4000,2858.0000,2859.8000,2860.0000,2862.0000,1,1,1,1,1,1,1,2,4,1
SF,IH2007,2020-06-08 09:32:29.100,2854.4000,6377,0,178799760.000,0,-,-,-,-,2854.0000,2853.8000,2853.2000,2853.0000,2852.4000,2855.4000,2858.0000,2859.8000,2860.0000,2862.0000,1,1,1,1,3,1,1,2,4,1
SF,IH2007,2020-06-08 09:32:29.600,2854.4000,6377,0,178799760.000,0,-,-,-,-,2854.0000,2853.2000,2853.0000,2852.4000,2850.0000,2855.2000,2855.4000,2858.0000,2859.8000,2860.0000,1,1,1,3,5,1,1,1,2,4
SF,IH2007,2020-06-08 09:32:30.100,2854.4000,6377,0,178799760.000,0,-,-,-,-,2854.0000,2853.2000,2853.0000,2852.4000,2850.0000,2854.4000,2855.4000,2858.0000,2859.8000,2860.0000,1,1,1,3,5,1,1,1,2,4
SF,IH2007,2020-06-08 09:32:31.600,2854.4000,6377,0,178799760.000,0,-,-,-,-,2854.0000,2853.2000,2853.0000,2852.4000,2850.0000,2854.4000,2855.4000,2858.0000,2859.8000,2860.0000,1,1,1,3,5,1,3,1,2,4
SF,IH2007,2020-06-08 09:32:32.100,2854.4000,6376,-1,179656080.000,1,0,1,双平,S,2854.0000,2853.2000,2853.0000,2852.4000,2850.0000,2855.4000,2858.0000,2859.8000,2860.0000,2862.0000,1,1,1,3,5,3,1,2,4,1
SF,IH2007,2020-06-08 09:32:33.100,2855.4000,6373,-3,182225940.000,3,0,3,双平,S,2854.2000,2854.0000,2853.2000,2853.0000,2852.4000,2858.0000,2859.8000,2860.0000,2862.0000,2863.0000,3,1,1,1,3,1,2,4,1,1
SF,IH2007,2020-06-08 09:32:33.600,2855.4000,6373,0,182225940.000,0,-,-,-,-,2854.4000,2854.2000,2854.0000,2853.2000,2853.0000,2856.2000,2857.2000,2857.6000,2857.8000,2858.0000,1,1,1,1,1,1,1,3,8,1
SF,IH2007,2020-06-08 09:32:34.100,2854.6000,6372,-1,183082320.000,1,0,1,双平,S,2854.4000,2854.2000,2854.0000,2853.2000,2853.0000,2856.2000,2857.2000,2857.6000,2857.8000,2858.0000,1,1,1,1,1,1,1,3,8,1
SF,IH2007,2020-06-08 09:32:34.600,2854.6000,6372,0,183082320.000,0,-,-,-,-,2854.6000,2854.4000,2854.2000,2854.0000,2853.2000,2855.4000,2856.2000,2857.2000,2857.6000,2857.8000,3,1,1,1,1,2,1,1,3,8
SF,IH2007,2020-06-08 09:32:35.100,2855.4000,6371,-1,183938940.000,1,0,1,双平,S,2854.4000,2854.2000,2854.0000,2853.2000,2853.0000,2855.4000,2857.2000,2857.6000,2857.8000,2858.0000,1,1,1,1,1,1,1,3,8,1
SF,IH2007,2020-06-08 09:32:36.100,2855.4000,6371,0,183938940.000,0,-,-,-,-,2854.6000,2854.4000,2854.2000,2854.0000,2853.2000,2855.4000,2857.2000,2857.6000,2857.8000,2858.0000,1,1,1,1,1,1,1,3,8,1
SF,IH2007,2020-06-08 09:32:36.600,2855.4000,6371,0,183938940.000,0,-,-,-,-,2854.6000,2854.4000,2854.2000,2854.0000,2853.2000,2855.4000,2857.2000,2857.6000,2857.8000,2858.0000,1,2,1,1,1,1,1,3,8,1
SF,IH2007,2020-06-08 09:32:37.100,2855.4000,6370,-1,184795560.000,1,0,1,双平,S,2854.6000,2854.4000,2854.2000,2854.0000,2853.2000,2857.2000,2857.6000,2857.8000,2858.0000,2859.8000,1,2,1,1,1,1,3,8,1,2
SF,IH2007,2020-06-08 09:32:37.600,2855.4000,6370,0,184795560.000,0,-,-,-,-,2854.8000,2854.4000,2854.2000,2854.0000,2853.2000,2856.6000,2857.0000,2857.8000,2858.0000,2859.8000,2,1,1,1,1,1,5,3,1,2
SF,IH2007,2020-06-08 09:32:38.100,2855.4000,6370,0,184795560.000,0,-,-,-,-,2854.8000,2854.4000,2854.2000,2854.0000,2853.2000,2856.4000,2856.6000,2857.0000,2857.8000,2858.0000,2,1,1,1,1,1,1,5,3,1
SF,IH2007,2020-06-08 09:32:39.100,2855.4000,6370,0,184795560.000,0,-,-,-,-,2854.8000,2854.4000,2854.2000,2854.0000,2853.2000,2856.4000,2856.6000,2857.0000,2857.8000,2858.0000,2,1,1,1,1,1,1,5,3,1
SF,IH2007,2020-06-08 09:32:39.600,2855.4000,6370,0,184795560.000,0,-,-,-,-,2854.8000,2854.4000,2854.2000,2854.0000,2853.2000,2856.2000,2856.4000,2856.6000,2857.0000,2857.8000,1,1,1,1,1,2,1,1,4,3
SF,IH2007,2020-06-08 09:32:40.100,2855.4000,6370,0,184795560.000,0,-,-,-,-,2854.8000,2854.4000,2854.0000,2853.2000,2853.0000,2856.0000,2856.2000,2856.6000,2857.0000,2857.8000,1,1,1,1,1,1,2,1,4,3
SF,IH2007,2020-06-08 09:32:40.600,2855.4000,6370,0,184795560.000,0,-,-,-,-,2854.4000,2854.0000,2853.2000,2853.0000,2852.4000,2856.0000,2856.2000,2856.6000,2857.0000,2857.8000,1,1,1,1,3,1,2,1,4,3
SF,IH2007,2020-06-08 09:32:41.600,2854.4000,6371,1,185651880.000,1,1,0,双开,S,2854.0000,2853.2000,2853.0000,2852.4000,2850.0000,2855.8000,2856.0000,2856.2000,2857.0000,2857.8000,1,1,1,3,5,1,1,1,4,3
SF,IH2007,2020-06-08 09:32:42.100,2854.4000,6371,0,185651880.000,0,-,-,-,-,2854.2000,2854.0000,2853.2000,2853.0000,2852.4000,2855.6000,2855.8000,2856.2000,2857.0000,2857.8000,2,1,1,1,3,1,1,1,4,3
SF,IH2007,2020-06-08 09:32:43.600,2854.4000,6371,0,185651880.000,0,-,-,-,-,2854.2000,2854.0000,2853.2000,2853.0000,2852.4000,2855.6000,2855.8000,2856.2000,2857.0000,2857.8000,2,1,1,1,3,1,1,1,4,3
SF,IH2007,2020-06-08 09:32:45.600,2854.2000,6370,-1,186508140.000,1,0,1,双平,S,2854.2000,2854.0000,2853.2000,2853.0000,2852.4000,2855.6000,2855.8000,2856.2000,2857.0000,2857.8000,1,1,1,1,3,1,1,1,4,3
SF,IH2007,2020-06-08 09:32:46.600,2854.2000,6370,0,186508140.000,0,-,-,-,-,2854.2000,2854.0000,2853.2000,2853.0000,2852.4000,2855.6000,2855.8000,2856.2000,2857.0000,2857.8000,1,1,1,1,3,1,1,1,4,3
SF,IH2007,2020-06-08 09:32:47.600,2854.2000,6370,0,186508140.000,0,-,-,-,-,2854.2000,2854.0000,2853.2000,2853.0000,2852.4000,2855.6000,2855.8000,2856.2000,2856.6000,2857.0000,1,1,1,1,3,1,1,1,1,4
SF,IH2007,2020-06-08 09:32:48.600,2854.2000,6370,0,186508140.000,0,-,-,-,-,2854.4000,2854.2000,2854.0000,2853.2000,2853.0000,2855.6000,2855.8000,2856.2000,2856.6000,2857.0000,1,1,1,1,1,1,1,1,1,4
SF,IH2007,2020-06-08 09:32:49.100,2854.2000,6370,0,186508140.000,0,-,-,-,-,2854.4000,2854.2000,2854.0000,2853.2000,2853.0000,2855.6000,2856.2000,2856.6000,2857.0000,2857.8000,1,1,1,1,1,1,1,1,4,3
SF,IH2007,2020-06-08 09:32:51.100,2854.2000,6370,0,186508140.000,0,-,-,-,-,2854.4000,2854.2000,2854.0000,2853.2000,2853.0000,2855.6000,2856.2000,2856.6000,2857.0000,2857.8000,1,1,1,1,1,2,1,1,4,3
SF,IH2007,2020-06-08 09:32:51.600,2854.2000,6370,0,186508140.000,0,-,-,-,-,2854.4000,2854.2000,2854.0000,2853.2000,2853.0000,2855.6000,2856.2000,2856.6000,2857.0000,2857.8000,1,1,1,1,1,2,1,1,4,3
SF,IH2007,2020-06-08 09:32:52.100,2854.2000,6370,0,186508140.000,0,-,-,-,-,2854.4000,2854.2000,2854.0000,2853.2000,2853.0000,2855.6000,2856.2000,2856.6000,2857.0000,2857.8000,1,1,1,1,1,1,1,1,4,3
SF,IH2007,2020-06-08 09:32:53.100,2854.2000,6370,0,186508140.000,0,-,-,-,-,2854.4000,2854.2000,2854.0000,2853.2000,2853.0000,2855.6000,2856.2000,2856.6000,2857.0000,2857.8000,1,1,1,1,1,1,1,1,4,3
SF,IH2007,2020-06-08 09:32:56.100,2855.6000,6369,-1,187364820.000,1,0,1,双平,S,2855.6000,2854.4000,2854.2000,2854.0000,2853.2000,2856.2000,2856.6000,2857.0000,2857.8000,2858.0000,7,1,1,1,1,1,1,4,3,1
SF,IH2007,2020-06-08 09:32:56.600,2855.6000,6362,-7,193361580.000,7,0,7,双平,S,2854.4000,2854.2000,2854.0000,2853.2000,2852.4000,2856.2000,2856.6000,2857.0000,2857.8000,2858.0000,1,1,1,1,3,1,1,4,3,1
SF,IH2007,2020-06-08 09:32:57.100,2854.6000,6363,1,194217960.000,1,1,0,双开,S,2854.4000,2854.0000,2853.2000,2852.4000,2850.0000,2856.0000,2856.2000,2856.6000,2857.0000,2857.8000,1,1,1,3,6,2,1,1,4,3
SF,IH2007,2020-06-08 09:32:57.600,2854.6000,6363,0,194217960.000,0,-,-,-,-,2854.4000,2854.0000,2853.2000,2852.4000,2850.0000,2855.8000,2856.0000,2856.2000,2856.6000,2857.0000,1,1,1,3,6,1,2,1,1,4
SF,IH2007,2020-06-08 09:32:58.100,2854.6000,6363,0,194217960.000,0,-,-,-,-,2854.4000,2854.0000,2853.2000,2852.4000,2850.0000,2855.8000,2856.0000,2856.2000,2856.6000,2857.0000,1,1,1,3,6,1,2,1,1,4
SF,IH2007,2020-06-08 09:33:00.100,2854.6000,6363,0,194217960.000,0,-,-,-,-,2854.6000,2854.4000,2854.0000,2853.2000,2852.4000,2855.8000,2856.0000,2856.2000,2856.6000,2857.0000,1,1,1,1,3,1,2,1,1,4
SF,IH2007,2020-06-08 09:33:00.600,2854.6000,6363,0,194217960.000,0,-,-,-,-,2854.4000,2854.0000,2853.2000,2852.4000,2850.0000,2855.8000,2856.0000,2856.6000,2857.0000,2857.8000,1,1,1,3,6,1,2,1,4,3
SF,IH2007,2020-06-08 09:33:01.100,2855.8000,6362,-1,195074700.000,1,0,1,双平,S,2854.6000,2854.4000,2854.0000,2853.2000,2852.4000,2856.0000,2856.6000,2857.0000,2857.8000,2858.0000,1,1,1,1,3,2,1,4,3,1
SF,IH2007,2020-06-08 09:33:01.600,2855.8000,6362,0,195074700.000,0,-,-,-,-,2854.8000,2854.6000,2854.4000,2854.0000,2853.2000,2856.0000,2856.6000,2857.0000,2857.8000,2858.0000,1,2,1,1,1,2,1,4,3,1
SF,IH2007,2020-06-08 09:33:02.100,2855.8000,6362,0,195074700.000,0,-,-,-,-,2855.0000,2854.8000,2854.4000,2854.0000,2853.2000,2856.6000,2857.0000,2857.8000,2858.0000,2859.8000,1,1,1,1,1,1,3,3,1,2
SF,IH2007,2020-06-08 09:33:02.600,2855.8000,6362,0,195074700.000,0,-,-,-,-,2856.0000,2855.0000,2854.8000,2854.4000,2854.0000,2856.6000,2857.0000,2857.8000,2858.0000,2859.8000,1,1,1,1,1,1,1,3,1,2
SF,IH2007,2020-06-08 09:33:03.100,2856.0000,6361,-1,195931500.000,1,0,1,双平,S,2855.0000,2854.4000,2854.0000,2853.2000,2852.4000,2856.6000,2857.8000,2858.0000,2859.8000,2860.0000,1,1,1,1,3,1,3,1,2,3
SF,IH2007,2020-06-08 09:33:03.600,2856.0000,6361,0,195931500.000,0,-,-,-,-,2855.2000,2855.0000,2854.4000,2854.0000,2853.2000,2856.6000,2858.0000,2859.8000,2860.0000,2862.0000,3,1,1,1,1,1,1,2,3,1
SF,IH2007,2020-06-08 09:33:04.100,2856.0000,6361,0,195931500.000,0,-,-,-,-,2855.4000,2855.2000,2854.4000,2854.0000,2853.2000,2856.6000,2858.0000,2859.8000,2860.0000,2862.0000,3,4,1,1,1,1,1,2,3,1
SF,IH2007,2020-06-08 09:33:04.600,2856.0000,6361,0,195931500.000,0,-,-,-,-,2855.6000,2855.4000,2855.2000,2854.4000,2854.0000,2856.6000,2858.0000,2859.8000,2860.0000,2862.0000,1,3,4,1,1,1,1,2,3,1
SF,IH2007,2020-06-08 09:33:05.100,2856.6000,6360,-1,196788480.000,1,0,1,双平,S,2856.6000,2855.6000,2855.4000,2855.2000,2854.4000,2858.0000,2859.8000,2860.0000,2862.0000,2863.0000,1,1,3,4,1,1,2,3,1,1
SF,IH2007,2020-06-08 09:33:05.600,2856.6000,6360,0,196788480.000,0,-,-,-,-,2856.6000,2855.6000,2855.4000,2855.2000,2854.8000,2857.8000,2858.0000,2859.8000,2860.0000,2862.0000,1,1,1,4,1,2,1,2,3,1
SF,IH2007,2020-06-08 09:33:06.600,2856.6000,6360,0,196788480.000,0,-,-,-,-,2856.6000,2855.6000,2855.4000,2855.2000,2854.8000,2857.8000,2858.0000,2859.8000,2860.0000,2862.0000,5,1,1,4,1,2,1,2,3,1
SF,IH2007,2020-06-08 09:33:07.100,2856.6000,6360,0,197645460.000,1,0,1,多换,S,2856.6000,2855.6000,2855.4000,2855.2000,2854.8000,2857.8000,2858.0000,2859.8000,2860.0000,2862.0000,4,1,1,4,1,1,1,2,3,1
SF,IH2007,2020-06-08 09:33:08.100,2856.6000,6360,0,197645460.000,0,-,-,-,-,2856.6000,2855.6000,2855.4000,2855.2000,2855.0000,2857.8000,2858.0000,2859.8000,2860.0000,2862.0000,4,1,1,4,1,1,1,2,3,1
SF,IH2007,2020-06-08 09:33:08.600,2857.8000,6360,0,198502800.000,1,0,1,多换,S,2857.8000,2856.6000,2855.6000,2855.4000,2855.2000,2858.0000,2859.8000,2860.0000,2862.0000,2863.0000,1,4,1,1,4,1,2,3,1,1
SF,IH2007,2020-06-08 09:33:09.100,2857.8000,6360,0,199360140.000,1,0,1,多换,S,2856.6000,2855.6000,2855.4000,2855.2000,2855.0000,2858.0000,2859.8000,2860.0000,2862.0000,2863.0000,4,1,1,4,1,1,2,3,1,1
SF,IH2007,2020-06-08 09:33:09.600,2857.8000,6360,0,199360140.000,0,-,-,-,-,2856.8000,2856.6000,2855.6000,2855.2000,2855.0000,2858.0000,2859.8000,2860.0000,2862.0000,2863.0000,1,4,1,4,1,1,2,3,1,1
SF,IH2007,2020-06-08 09:33:13.100,2857.8000,6360,0,199360140.000,0,-,-,-,-,2856.8000,2856.6000,2855.6000,2855.2000,2855.0000,2857.8000,2858.0000,2859.8000,2860.0000,2862.0000,1,4,1,4,1,1,1,2,3,1
SF,IH2007,2020-06-08 09:33:13.600,2857.8000,6360,0,199360140.000,0,-,-,-,-,2856.8000,2856.6000,2855.6000,2855.2000,2855.0000,2857.6000,2858.0000,2859.8000,2860.0000,2862.0000,1,4,1,4,1,1,1,2,3,1
SF,IH2007,2020-06-08 09:33:16.100,2856.6000,6359,-1,203645100.000,5,2,3,多平,S,2855.6000,2855.2000,2855.0000,2854.4000,2853.2000,2857.6000,2858.0000,2859.8000,2860.0000,2862.0000,1,4,1,1,1,1,1,2,3,1
SF,IH2007,2020-06-08 09:33:16.600,2856.6000,6359,0,203645100.000,0,-,-,-,-,2855.0000,2854.4000,2853.2000,2852.4000,2850.0000,2857.4000,2857.6000,2858.0000,2859.8000,2860.0000,1,1,1,3,6,3,1,1,2,3
SF,IH2007,2020-06-08 09:33:17.100,2856.6000,6359,0,203645100.000,0,-,-,-,-,2855.6000,2855.4000,2855.2000,2855.0000,2854.4000,2857.4000,2858.0000,2859.8000,2860.0000,2862.0000,2,1,2,1,1,2,1,2,3,1
SF,IH2007,2020-06-08 09:33:17.600,2856.6000,6359,0,203645100.000,0,-,-,-,-,2855.0000,2854.4000,2853.2000,2852.4000,2850.0000,2857.4000,2858.0000,2859.8000,2860.0000,2862.0000,1,1,1,3,6,2,1,2,3,1
SF,IH2007,2020-06-08 09:33:18.100,2856.6000,6359,0,203645100.000,0,-,-,-,-,2855.2000,2855.0000,2854.4000,2853.2000,2852.4000,2857.4000,2858.0000,2859.8000,2860.0000,2862.0000,2,1,1,1,3,2,1,2,3,1
SF,IH2007,2020-06-08 09:33:18.600,2856.6000,6359,0,203645100.000,0,-,-,-,-,2855.2000,2855.0000,2854.4000,2853.2000,2852.4000,2857.2000,2857.4000,2858.0000,2859.8000,2860.0000,4,1,1,1,3,1,2,1,2,3
SF,IH2007,2020-06-08 09:33:19.100,2856.6000,6359,0,203645100.000,0,-,-,-,-,2855.2000,2855.0000,2854.4000,2853.2000,2852.4000,2857.0000,2857.2000,2858.0000,2859.8000,2860.0000,4,1,1,1,3,1,1,1,2,3
SF,IH2007,2020-06-08 09:33:19.600,2856.6000,6359,0,203645100.000,0,-,-,-,-,2855.2000,2855.0000,2854.4000,2853.2000,2852.4000,2856.8000,2857.0000,2858.0000,2859.8000,2860.0000,4,1,1,1,3,1,1,1,2,3
SF,IH2007,2020-06-08 09:33:20.100,2856.8000,6358,-1,204502140.000,1,0,1,双平,S,2855.2000,2855.0000,2854.4000,2853.2000,2852.4000,2857.0000,2858.0000,2859.8000,2860.0000,2862.0000,5,1,1,1,3,1,1,2,3,1
SF,IH2007,2020-06-08 09:33:21.600,2856.8000,6358,0,204502140.000,0,-,-,-,-,2855.2000,2855.0000,2854.4000,2853.2000,2852.4000,2857.0000,2858.0000,2859.8000,2860.0000,2862.0000,8,1,1,1,3,1,1,2,3,1
SF,IH2007,2020-06-08 09:33:22.600,2856.8000,6358,0,204502140.000,0,-,-,-,-,2855.2000,2855.0000,2854.4000,2853.2000,2852.4000,2856.8000,2857.0000,2858.0000,2859.8000,2860.0000,5,1,1,1,3,1,1,1,2,3
SF,IH2007,2020-06-08 09:33:23.600,2855.2000,6358,0,205358700.000,1,0,1,多换,S,2855.0000,2854.4000,2853.2000,2852.4000,2850.0000,2855.2000,2856.8000,2857.0000,2858.0000,2859.8000,1,1,1,3,6,1,1,1,1,2
SF,IH2007,2020-06-08 09:33:24.100,2855.2000,6357,-1,206215260.000,1,0,1,双平,S,2855.2000,2855.0000,2854.4000,2853.2000,2852.4000,2857.0000,2858.0000,2859.8000,2860.0000,2862.0000,2,1,1,1,3,1,1,2,3,1
SF,IH2007,2020-06-08 09:33:24.600,2855.2000,6357,0,206215260.000,0,-,-,-,-,2855.2000,2855.0000,2854.4000,2853.2000,2852.4000,2856.8000,2857.0000,2858.0000,2859.8000,2860.0000,1,1,1,1,3,2,1,1,2,3
SF,IH2007,2020-06-08 09:33:25.100,2855.2000,6357,0,206215260.000,0,-,-,-,-,2855.2000,2855.0000,2854.4000,2853.2000,2852.4000,2857.0000,2858.0000,2859.8000,2860.0000,2862.0000,1,1,1,1,3,1,1,2,3,1
SF,IH2007,2020-06-08 09:33:26.100,2855.2000,6357,0,206215260.000,0,-,-,-,-,2855.2000,2855.0000,2854.4000,2853.2000,2852.4000,2856.8000,2857.0000,2858.0000,2859.8000,2860.0000,1,1,1,1,3,1,1,1,2,3
SF,IH2007,2020-06-08 09:33:27.100,2855.2000,6357,0,207071820.000,1,0,1,多换,S,2855.0000,2854.4000,2853.2000,2852.4000,2850.0000,2855.2000,2856.8000,2857.0000,2858.0000,2859.8000,1,1,1,3,6,2,1,1,1,2
SF,IH2007,2020-06-08 09:33:27.600,2855.2000,6355,-2,208784940.000,2,0,2,双平,S,2855.2000,2855.0000,2854.4000,2853.2000,2852.4000,2857.0000,2858.0000,2859.8000,2860.0000,2862.0000,1,1,1,1,3,1,1,2,3,1
SF,IH2007,2020-06-08 09:33:28.100,2855.2000,6355,0,208784940.000,0,-,-,-,-,2855.2000,2855.0000,2854.4000,2853.8000,2853.2000,2856.8000,2857.0000,2858.0000,2859.8000,2860.0000,1,1,1,1,1,1,1,1,2,3
SF,IH2007,2020-06-08 09:33:28.600,2855.2000,6355,0,208784940.000,0,-,-,-,-,2855.2000,2855.0000,2854.4000,2853.8000,2853.2000,2856.8000,2857.0000,2858.0000,2859.8000,2860.0000,1,1,1,1,1,1,1,1,2,3
SF,IH2007,2020-06-08 09:33:29.100,2855.2000,6355,0,208784940.000,0,-,-,-,-,2855.2000,2855.0000,2854.4000,2853.8000,2853.2000,2856.8000,2857.0000,2858.0000,2859.8000,2860.0000,1,1,1,1,1,1,1,1,2,3
SF,IH2007,2020-06-08 09:33:29.600,2855.2000,6355,0,208784940.000,0,-,-,-,-,2855.0000,2854.4000,2853.8000,2853.2000,2852.4000,2856.8000,2857.0000,2858.0000,2859.8000,2860.0000,1,1,1,1,3,1,1,1,2,3
SF,IH2007,2020-06-08 09:33:30.100,2855.0000,6354,-1,209641440.000,1,0,1,双平,S,2854.4000,2853.8000,2853.2000,2852.4000,2850.0000,2855.0000,2856.6000,2856.8000,2858.0000,2859.8000,1,1,1,3,6,1,1,1,1,2
SF,IH2007,2020-06-08 09:33:31.100,2855.0000,6354,0,209641440.000,0,-,-,-,-,2854.4000,2853.8000,2853.2000,2852.4000,2850.0000,2854.8000,2855.0000,2856.6000,2856.8000,2858.0000,1,1,1,3,6,1,1,1,1,1
SF,IH2007,2020-06-08 09:33:31.600,2855.0000,6354,0,209641440.000,0,-,-,-,-,2854.6000,2854.4000,2853.8000,2853.2000,2852.4000,2854.8000,2855.0000,2856.6000,2858.0000,2859.8000,1,1,1,1,3,1,1,1,1,2
SF,IH2007,2020-06-08 09:33:32.100,2855.0000,6354,0,209641440.000,0,-,-,-,-,2854.6000,2854.4000,2853.8000,2853.2000,2853.0000,2854.8000,2855.0000,2856.6000,2858.0000,2859.8000,1,1,1,1,1,1,1,1,1,2
SF,IH2007,2020-06-08 09:33:32.600,2855.0000,6353,-1,210497940.000,1,0,1,双平,S,2854.8000,2854.6000,2854.4000,2853.8000,2853.2000,2856.6000,2858.0000,2859.8000,2860.0000,2862.0000,1,1,1,1,1,1,1,2,3,1
SF,IH2007,2020-06-08 09:33:33.100,2855.0000,6353,0,210497940.000,0,-,-,-,-,2854.8000,2854.6000,2854.4000,2853.8000,2853.2000,2856.4000,2856.6000,2858.0000,2859.8000,2860.0000,1,1,1,1,1,1,1,1,2,3
SF,IH2007,2020-06-08 09:33:33.600,2855.0000,6353,0,210497940.000,0,-,-,-,-,2854.8000,2854.6000,2854.4000,2853.8000,2853.2000,2856.2000,2856.4000,2856.6000,2858.0000,2859.8000,1,1,1,1,1,1,1,1,1,2
SF,IH2007,2020-06-08 09:33:34.100,2855.0000,6353,0,210497940.000,0,-,-,-,-,2854.8000,2854.6000,2854.4000,2853.8000,2853.2000,2856.0000,2856.2000,2856.4000,2856.6000,2858.0000,1,1,1,1,1,1,1,1,1,1
SF,IH2007,2020-06-08 09:33:34.600,2855.0000,6353,0,210497940.000,0,-,-,-,-,2854.8000,2854.6000,2854.4000,2853.8000,2853.2000,2856.0000,2856.4000,2856.6000,2858.0000,2859.8000,1,1,1,1,1,1,1,1,1,2
SF,IH2007,2020-06-08 09:33:35.100,2855.0000,6353,0,210497940.000,0,-,-,-,-,2854.8000,2854.6000,2854.4000,2853.8000,2853.2000,2856.0000,2856.4000,2856.6000,2858.0000,2859.8000,1,1,1,1,1,1,1,1,1,2
SF,IH2007,2020-06-08 09:33:35.600,2855.0000,6353,0,210497940.000,0,-,-,-,-,2854.8000,2854.6000,2854.4000,2853.8000,2853.2000,2856.0000,2856.4000,2856.6000,2858.0000,2859.8000,1,1,1,1,1,1,1,1,1,2
SF,IH2007,2020-06-08 09:33:36.100,2855.0000,6353,0,210497940.000,0,-,-,-,-,2854.8000,2854.6000,2854.4000,2853.8000,2853.2000,2856.0000,2856.6000,2858.0000,2859.8000,2860.0000,1,1,1,1,1,1,1,1,2,3
SF,IH2007,2020-06-08 09:33:36.600,2855.0000,6353,0,210497940.000,0,-,-,-,-,2854.8000,2854.6000,2854.4000,2853.8000,2853.2000,2856.6000,2858.0000,2859.8000,2860.0000,2862.0000,1,1,1,1,1,1,1,2,3,1
SF,IH2007,2020-06-08 09:33:38.100,2855.0000,6353,0,210497940.000,0,-,-,-,-,2854.8000,2854.4000,2853.8000,2853.2000,2853.0000,2856.6000,2858.0000,2859.8000,2860.0000,2862.0000,1,1,1,1,1,1,1,2,3,1
SF,IH2007,2020-06-08 09:33:40.600,2855.0000,6353,0,210497940.000,0,-,-,-,-,2855.0000,2854.8000,2854.4000,2853.8000,2853.2000,2856.6000,2858.0000,2859.8000,2860.0000,2862.0000,1,1,1,1,1,1,1,2,3,1
SF,IH2007,2020-06-08 09:33:41.100,2855.0000,6353,0,210497940.000,0,-,-,-,-,2854.8000,2854.4000,2853.8000,2853.2000,2853.0000,2856.6000,2858.0000,2859.8000,2860.0000,2862.0000,1,1,1,1,1,1,1,2,3,1
SF,IH2007,2020-06-08 09:33:41.600,2855.0000,6353,0,210497940.000,0,-,-,-,-,2855.0000,2854.8000,2854.4000,2853.8000,2853.2000,2856.4000,2856.6000,2858.0000,2859.8000,2860.0000,1,1,1,1,1,1,1,1,2,3
SF,IH2007,2020-06-08 09:33:45.100,2854.4000,6352,-1,212210760.000,2,0,2,多平,S,2853.8000,2853.2000,2853.0000,2852.4000,2850.0000,2856.2000,2856.4000,2856.6000,2858.0000,2859.8000,1,1,1,3,6,1,1,1,1,2
SF,IH2007,2020-06-08 09:33:45.600,2854.4000,6352,0,212210760.000,0,-,-,-,-,2853.8000,2853.2000,2853.0000,2852.4000,2850.0000,2856.0000,2856.2000,2856.4000,2858.0000,2859.8000,1,1,1,3,6,3,1,1,1,2
SF,IH2007,2020-06-08 09:33:46.100,2854.4000,6352,0,212210760.000,0,-,-,-,-,2853.8000,2853.2000,2853.0000,2852.4000,2850.0000,2855.8000,2856.0000,2856.2000,2856.4000,2858.0000,1,1,1,3,6,1,3,1,1,1
SF,IH2007,2020-06-08 09:33:46.600,2854.4000,6352,0,212210760.000,0,-,-,-,-,2853.8000,2853.2000,2853.0000,2852.4000,2850.0000,2855.4000,2855.6000,2855.8000,2856.0000,2856.2000,1,1,1,3,6,1,1,1,1,1
SF,IH2007,2020-06-08 09:33:47.100,2854.4000,6352,0,212210760.000,0,-,-,-,-,2853.8000,2853.2000,2853.0000,2852.4000,2850.0000,2855.4000,2855.6000,2855.8000,2856.0000,2856.2000,1,1,1,3,6,1,1,1,2,1
SF,IH2007,2020-06-08 09:33:47.600,2854.4000,6352,0,212210760.000,0,-,-,-,-,2853.8000,2853.2000,2853.0000,2852.4000,2850.0000,2855.2000,2855.4000,2855.6000,2855.8000,2856.0000,1,1,1,3,6,1,1,1,1,2
SF,IH2007,2020-06-08 09:33:48.100,2853.8000,6351,-1,213066900.000,1,0,1,双平,S,2853.2000,2853.0000,2851.2000,2850.0000,2849.0000,2853.8000,2855.2000,2855.4000,2855.6000,2855.8000,1,1,1,1,1,1,1,1,1,1
SF,IH2007,2020-06-08 09:33:48.600,2853.8000,6351,0,213066900.000,0,-,-,-,-,2853.2000,2853.0000,2851.2000,2850.0000,2849.0000,2853.8000,2855.2000,2855.4000,2855.6000,2855.8000,1,1,1,1,1,1,1,1,1,1
SF,IH2007,2020-06-08 09:33:49.100,2853.8000,6350,-1,213923040.000,1,0,1,双平,S,2853.2000,2853.0000,2851.2000,2850.0000,2849.0000,2855.2000,2855.4000,2855.6000,2855.8000,2856.0000,1,1,1,1,1,1,1,1,1,1
SF,IH2007,2020-06-08 09:33:49.600,2853.8000,6350,0,213923040.000,0,-,-,-,-,2853.4000,2853.2000,2853.0000,2851.2000,2850.0000,2855.0000,2855.2000,2855.4000,2855.8000,2856.0000,1,1,1,1,1,1,1,1,1,1
SF,IH2007,2020-06-08 09:33:50.100,2853.4000,6349,-1,214779060.000,1,0,1,双平,S,2853.2000,2853.0000,2851.2000,2850.0000,2849.0000,2855.0000,2855.4000,2856.2000,2858.0000,2859.8000,1,1,1,1,1,1,1,1,1,2
SF,IH2007,2020-06-08 09:33:51.100,2853.4000,6349,0,214779060.000,0,-,-,-,-,2853.4000,2853.2000,2853.0000,2851.2000,2850.0000,2855.0000,2856.2000,2858.0000,2859.8000,2860.0000,1,1,1,1,1,1,1,1,2,2
SF,IH2007,2020-06-08 09:33:52.100,2853.4000,6349,0,215635080.000,1,0,1,多换,S,2853.2000,2853.0000,2851.2000,2850.0000,2849.0000,2854.8000,2855.0000,2856.2000,2858.0000,2859.8000,1,1,1,1,1,1,1,1,1,2
SF,IH2007,2020-06-08 09:33:52.600,2853.4000,6349,0,215635080.000,0,-,-,-,-,2853.2000,2853.0000,2851.2000,2850.0000,2849.0000,2854.8000,2855.0000,2856.2000,2858.0000,2859.8000,1,1,1,1,1,1,1,1,1,2
SF,IH2007,2020-06-08 09:33:53.100,2853.2000,6348,-1,216491040.000,1,0,1,双平,S,2851.2000,2850.0000,2849.0000,2848.2000,2848.0000,2853.2000,2854.8000,2855.0000,2856.2000,2858.0000,1,1,1,5,6,1,2,1,1,1
SF,IH2007,2020-06-08 09:33:53.600,2853.2000,6348,0,216491040.000,0,-,-,-,-,2851.8000,2851.6000,2851.4000,2851.2000,2850.0000,2853.0000,2853.2000,2854.8000,2856.2000,2858.0000,2,1,8,5,1,1,1,3,1,1
SF,IH2007,2020-06-08 09:33:54.100,2853.0000,6348,0,217346940.000,1,0,1,多换,S,2852.0000,2851.8000,2851.6000,2851.4000,2851.2000,2853.2000,2854.8000,2856.2000,2858.0000,2859.8000,6,4,1,4,3,1,3,1,1,2
SF,IH2007,2020-06-08 09:33:54.600,2853.0000,6348,0,217346940.000,0,-,-,-,-,2852.2000,2852.0000,2851.8000,2851.6000,2851.4000,2854.8000,2856.2000,2858.0000,2859.8000,2860.0000,3,6,4,1,4,2,1,1,2,2
SF,IH2007,2020-06-08 09:33:55.100,2853.0000,6348,0,217346940.000,0,-,-,-,-,2852.2000,2852.0000,2851.8000,2851.6000,2851.4000,2854.8000,2856.2000,2858.0000,2859.8000,2860.0000,3,6,5,1,4,2,2,1,2,2
SF,IH2007,2020-06-08 09:33:55.600,2853.0000,6348,0,217346940.000,0,-,-,-,-,2852.4000,2852.2000,2852.0000,2851.8000,2851.6000,2854.8000,2856.2000,2858.0000,2859.8000,2860.0000,1,3,6,5,1,2,2,1,2,2
SF,IH2007,2020-06-08 09:33:56.100,2853.0000,6348,0,217346940.000,0,-,-,-,-,2852.2000,2852.0000,2851.8000,2851.6000,2851.4000,2854.8000,2856.2000,2858.0000,2859.8000,2860.0000,3,5,5,1,4,2,2,1,2,2
SF,IH2007,2020-06-08 09:33:56.600,2853.0000,6348,0,217346940.000,0,-,-,-,-,2852.4000,2852.2000,2852.0000,2851.8000,2851.6000,2854.8000,2856.2000,2856.8000,2858.0000,2859.8000,5,5,2,3,1,2,2,1,1,2
SF,IH2007,2020-06-08 09:33:57.100,2853.0000,6348,0,217346940.000,0,-,-,-,-,2852.6000,2852.4000,2852.2000,2852.0000,2851.8000,2854.8000,2856.2000,2856.8000,2858.0000,2859.8000,1,5,5,2,3,2,2,1,1,2
SF,IH2007,2020-06-08 09:33:57.600,2853.0000,6348,0,217346940.000,0,-,-,-,-,2852.8000,2852.6000,2852.4000,2852.2000,2852.0000,2854.8000,2856.2000,2856.8000,2858.0000,2859.8000,1,1,5,5,2,2,2,1,1,2
SF,IH2007,2020-06-08 09:33:58.100,2853.0000,6348,0,217346940.000,0,-,-,-,-,2853.0000,2852.8000,2852.4000,2852.2000,2852.0000,2854.8000,2856.2000,2856.8000,2858.0000,2859.8000,1,1,5,5,2,2,2,1,1,2
SF,IH2007,2020-06-08 09:33:58.600,2853.0000,6348,0,217346940.000,0,-,-,-,-,2853.0000,2852.4000,2852.2000,2852.0000,2851.8000,2854.8000,2856.2000,2856.8000,2858.0000,2859.8000,1,5,2,2,1,2,2,1,1,2
SF,IH2007,2020-06-08 09:33:59.600,2853.0000,6348,0,217346940.000,0,-,-,-,-,2853.0000,2852.4000,2852.2000,2852.0000,2851.8000,2854.8000,2856.2000,2856.8000,2858.0000,2859.8000,1,2,2,2,1,2,2,1,1,2
SF,IH2007,2020-06-08 09:34:00.100,2853.0000,6348,0,217346940.000,0,-,-,-,-,2853.2000,2853.0000,2852.4000,2852.2000,2852.0000,2854.6000,2854.8000,2856.2000,2856.8000,2858.0000,1,1,2,2,2,1,2,2,1,1
SF,IH2007,2020-06-08 09:34:01.100,2853.0000,6345,-3,219914640.000,3,0,3,双平,S,2852.4000,2852.2000,2852.0000,2851.8000,2851.6000,2853.0000,2854.8000,2855.8000,2856.2000,2856.8000,2,2,2,1,1,5,2,1,2,1
SF,IH2007,2020-06-08 09:34:01.600,2853.0000,6340,-5,224194140.000,5,0,5,双平,S,2852.6000,2852.4000,2852.2000,2852.0000,2851.8000,2854.8000,2855.8000,2856.2000,2856.4000,2856.8000,1,2,2,2,1,2,1,1,1,1
SF,IH2007,2020-06-08 09:34:02.100,2853.0000,6340,0,224194140.000,0,-,-,-,-,2852.8000,2852.6000,2852.4000,2852.2000,2852.0000,2854.8000,2855.8000,2856.2000,2856.4000,2856.8000,1,3,2,2,2,2,1,1,1,1
SF,IH2007,2020-06-08 09:34:02.600,2853.0000,6340,0,224194140.000,0,-,-,-,-,2853.0000,2852.8000,2852.6000,2852.4000,2852.2000,2854.8000,2855.8000,2856.2000,2856.4000,2856.8000,2,1,3,2,2,2,1,1,1,1
SF,IH2007,2020-06-08 09:34:03.100,2853.0000,6340,0,224194140.000,0,-,-,-,-,2853.0000,2852.8000,2852.6000,2852.4000,2852.2000,2854.6000,2854.8000,2855.8000,2856.2000,2856.4000,2,1,3,2,2,2,2,1,1,1
SF,IH2007,2020-06-08 09:34:03.600,2853.0000,6340,0,224194140.000,0,-,-,-,-,2853.2000,2853.0000,2852.8000,2852.6000,2852.4000,2854.6000,2854.8000,2855.8000,2856.2000,2856.4000,1,1,1,3,2,2,2,1,1,1
SF,IH2007,2020-06-08 09:34:04.100,2853.0000,6340,0,224194140.000,0,-,-,-,-,2853.4000,2853.2000,2853.0000,2852.8000,2852.6000,2854.8000,2855.8000,2856.2000,2856.4000,2856.8000,1,1,1,1,3,2,1,1,1,1
SF,IH2007,2020-06-08 09:34:04.600,2853.0000,6340,0,224194140.000,0,-,-,-,-,2853.2000,2853.0000,2852.8000,2852.6000,2852.4000,2854.6000,2854.8000,2855.8000,2856.2000,2856.4000,1,1,1,3,2,2,2,1,1,1
SF,IH2007,2020-06-08 09:34:05.100,2854.8000,6338,-2,225907020.000,2,0,2,双平,S,2853.4000,2853.2000,2853.0000,2852.8000,2852.6000,2855.8000,2856.4000,2856.8000,2858.0000,2859.8000,1,1,1,1,3,1,1,1,1,2
SF,IH2007,2020-06-08 09:34:05.600,2854.8000,6338,0,225907020.000,0,-,-,-,-,2853.6000,2853.4000,2853.0000,2852.8000,2852.6000,2855.6000,2855.8000,2856.4000,2856.8000,2858.0000,1,1,1,1,3,2,1,1,1,1
SF,IH2007,2020-06-08 09:34:06.100,2854.8000,6338,0,225907020.000,0,-,-,-,-,2853.8000,2853.4000,2853.0000,2852.8000,2852.6000,2855.6000,2855.8000,2856.4000,2856.8000,2858.0000,2,1,1,1,3,2,1,1,1,1
SF,IH2007,2020-06-08 09:34:07.100,2855.8000,6335,-3,228477120.000,3,0,3,双平,S,2855.8000,2853.8000,2853.4000,2853.0000,2852.8000,2856.4000,2856.8000,2858.0000,2859.8000,2860.0000,3,2,1,1,1,1,1,1,2,2
SF,IH2007,2020-06-08 09:34:07.600,2855.8000,6332,-3,231047340.000,3,0,3,双平,S,2853.8000,2853.4000,2853.0000,2852.6000,2852.4000,2855.8000,2856.4000,2856.8000,2858.0000,2859.8000,1,1,1,1,2,1,1,1,1,2
SF,IH2007,2020-06-08 09:34:08.100,2855.8000,6332,0,231047340.000,0,-,-,-,-,2854.4000,2854.2000,2854.0000,2853.8000,2853.4000,2856.4000,2856.8000,2857.8000,2858.0000,2859.8000,2,1,2,1,1,1,1,1,1,2
SF,IH2007,2020-06-08 09:34:08.600,2855.8000,6332,0,231047340.000,0,-,-,-,-,2854.6000,2854.0000,2853.8000,2853.4000,2853.0000,2856.4000,2856.8000,2857.8000,2858.0000,2859.8000,1,1,1,1,1,1,1,1,1,2
SF,IH2007,2020-06-08 09:34:09.100,2855.8000,6332,0,231047340.000,0,-,-,-,-,2854.8000,2853.8000,2853.4000,2853.0000,2852.6000,2856.2000,2856.4000,2856.8000,2857.8000,2858.0000,1,1,1,1,1,1,1,1,1,1
SF,IH2007,2020-06-08 09:34:09.600,2855.8000,6332,0,231047340.000,0,-,-,-,-,2854.8000,2853.8000,2853.4000,2853.0000,2852.6000,2856.2000,2856.4000,2856.8000,2857.8000,2858.0000,1,1,1,1,1,1,1,1,1,1
SF,IH2007,2020-06-08 09:34:11.100,2855.8000,6332,0,231047340.000,0,-,-,-,-,2854.8000,2853.8000,2853.4000,2853.0000,2852.6000,2856.4000,2856.8000,2857.8000,2858.0000,2859.8000,1,1,1,1,1,1,1,1,1,2
SF,IH2007,2020-06-08 09:34:11.600,2855.8000,6332,0,231047340.000,0,-,-,-,-,2853.8000,2853.4000,2853.0000,2852.6000,2852.4000,2856.2000,2856.4000,2856.8000,2857.8000,2858.0000,1,1,1,1,2,3,1,1,1,1
SF,IH2007,2020-06-08 09:34:12.100,2855.8000,6332,0,231047340.000,0,-,-,-,-,2854.0000,2853.4000,2853.0000,2852.6000,2852.4000,2856.2000,2856.4000,2856.8000,2857.8000,2858.0000,1,1,1,1,2,2,1,1,1,1
SF,IH2007,2020-06-08 09:34:13.100,2855.8000,6332,0,231047340.000,0,-,-,-,-,2853.0000,2852.6000,2852.4000,2852.2000,2852.0000,2856.0000,2856.2000,2856.4000,2856.8000,2857.8000,1,1,2,2,2,1,2,1,1,1
SF,IH2007,2020-06-08 09:34:13.600,2853.2000,6331,-1,231903300.000,1,0,1,双平,S,2853.2000,2853.0000,2852.6000,2852.4000,2852.2000,2856.2000,2856.4000,2856.8000,2857.8000,2858.0000,2,1,1,2,2,1,1,1,1,1
SF,IH2007,2020-06-08 09:34:14.100,2853.2000,6331,0,231903300.000,0,-,-,-,-,2853.2000,2853.0000,2852.6000,2852.4000,2852.2000,2855.8000,2856.0000,2856.2000,2856.4000,2856.8000,1,1,1,2,2,1,1,1,1,1
SF,IH2007,2020-06-08 09:34:14.600,2853.2000,6331,0,231903300.000,0,-,-,-,-,2853.0000,2852.6000,2852.4000,2852.2000,2852.0000,2855.6000,2855.8000,2856.2000,2856.4000,2856.8000,1,1,2,2,2,1,1,1,1,1
SF,IH2007,2020-06-08 09:34:15.100,2853.2000,6331,0,231903300.000,0,-,-,-,-,2853.0000,2852.6000,2852.4000,2852.2000,2852.0000,2855.4000,2855.6000,2856.0000,2856.2000,2856.4000,1,1,2,2,2,4,1,1,1,1
SF,IH2007,2020-06-08 09:34:15.600,2853.2000,6331,0,231903300.000,0,-,-,-,-,2852.4000,2852.2000,2852.0000,2851.8000,2851.4000,2855.2000,2855.4000,2855.6000,2856.0000,2856.2000,2,2,2,1,4,1,4,1,1,1
SF,IH2007,2020-06-08 09:34:16.100,2853.2000,6331,0,231903300.000,0,-,-,-,-,2852.6000,2852.4000,2852.2000,2852.0000,2851.8000,2854.8000,2855.4000,2856.0000,2856.2000,2856.4000,4,1,2,2,1,1,3,1,1,1
SF,IH2007,2020-06-08 09:34:16.600,2853.2000,6331,0,231903300.000,0,-,-,-,-,2852.6000,2852.4000,2852.2000,2852.0000,2851.8000,2854.8000,2855.0000,2855.4000,2856.0000,2856.2000,4,1,2,2,1,1,1,3,1,1
SF,IH2007,2020-06-08 09:34:17.100,2853.2000,6331,0,231903300.000,0,-,-,-,-,2852.6000,2852.4000,2852.2000,2852.0000,2851.8000,2854.8000,2855.0000,2855.4000,2856.0000,2856.2000,5,1,2,2,1,1,1,3,1,1
SF,IH2007,2020-06-08 09:34:17.600,2854.8000,6330,-1,232759740.000,1,0,1,双平,S,2852.6000,2852.4000,2852.2000,2852.0000,2851.8000,2855.0000,2856.2000,2856.4000,2856.8000,2858.0000,5,1,2,2,1,1,1,1,1,1
SF,IH2007,2020-06-08 09:34:18.100,2854.8000,6330,0,232759740.000,0,-,-,-,-,2852.8000,2852.6000,2852.4000,2852.0000,2851.8000,2855.0000,2856.2000,2856.4000,2856.8000,2858.0000,5,7,1,2,1,1,1,1,1,1
SF,IH2007,2020-06-08 09:34:18.600,2854.8000,6330,0,232759740.000,0,-,-,-,-,2853.0000,2852.8000,2852.6000,2852.4000,2852.0000,2855.0000,2856.2000,2856.4000,2856.8000,2858.0000,3,5,7,1,2,1,1,1,1,1
SF,IH2007,2020-06-08 09:34:19.100,2854.8000,6330,0,232759740.000,0,-,-,-,-,2853.2000,2853.0000,2852.8000,2852.6000,2852.4000,2855.0000,2856.2000,2856.4000,2856.8000,2858.0000,1,3,4,7,1,1,1,1,1,1
SF,IH2007,2020-06-08 09:34:19.600,2855.0000,6329,-1,233616240.000,1,0,1,双平,S,2853.4000,2853.2000,2853.0000,2852.8000,2852.6000,2856.2000,2856.4000,2856.8000,2858.0000,2859.8000,1,1,3,4,7,1,1,1,1,2
SF,IH2007,2020-06-08 09:34:20.100,2853.4000,6329,0,234472260.000,1,0,1,多换,S,2853.6000,2853.0000,2852.8000,2852.6000,2852.4000,2856.0000,2856.2000,2856.4000,2856.8000,2858.0000,1,3,4,7,1,4,1,1,1,1
SF,IH2007,2020-06-08 09:34:21.600,2853.4000,6329,0,234472260.000,0,-,-,-,-,2853.6000,2853.0000,2852.8000,2852.6000,2852.4000,2855.8000,2856.0000,2856.2000,2856.4000,2856.8000,1,3,4,6,1,3,4,1,1,1
SF,IH2007,2020-06-08 09:34:22.100,2853.4000,6329,0,234472260.000,0,-,-,-,-,2853.6000,2853.0000,2852.8000,2852.6000,2852.4000,2855.6000,2855.8000,2856.0000,2856.2000,2856.4000,1,3,4,6,1,3,3,3,1,1
SF,IH2007,2020-06-08 09:34:22.600,2853.4000,6329,0,234472260.000,0,-,-,-,-,2853.8000,2853.6000,2853.0000,2852.8000,2852.6000,2855.6000,2855.8000,2856.0000,2856.2000,2856.4000,1,1,3,4,6,2,2,3,1,1
SF,IH2007,2020-06-08 09:34:23.100,2853.4000,6329,0,234472260.000,0,-,-,-,-,2853.8000,2853.6000,2853.0000,2852.8000,2852.6000,2855.6000,2856.2000,2856.4000,2858.0000,2859.8000,1,1,3,4,6,2,1,1,1,2
SF,IH2007,2020-06-08 09:34:23.600,2853.4000,6329,0,234472260.000,0,-,-,-,-,2853.8000,2853.6000,2853.0000,2852.8000,2852.6000,2855.6000,2856.4000,2858.0000,2859.8000,2860.0000,1,1,3,4,6,1,2,1,2,2
SF,IH2007,2020-06-08 09:34:25.600,2853.4000,6329,0,234472260.000,0,-,-,-,-,2854.0000,2853.8000,2853.6000,2853.0000,2852.8000,2855.6000,2856.4000,2858.0000,2859.8000,2860.0000,1,1,1,3,4,1,2,1,2,2
SF,IH2007,2020-06-08 09:34:26.100,2853.4000,6329,0,234472260.000,0,-,-,-,-,2854.0000,2853.8000,2853.0000,2852.8000,2852.6000,2855.6000,2856.4000,2858.0000,2859.8000,2860.0000,1,1,3,4,6,1,2,1,2,2
SF,IH2007,2020-06-08 09:34:26.600,2853.4000,6329,0,234472260.000,0,-,-,-,-,2853.8000,2853.0000,2852.8000,2852.6000,2852.4000,2855.6000,2856.4000,2858.0000,2859.8000,2860.0000,1,3,4,6,1,1,2,1,2,2
SF,IH2007,2020-06-08 09:34:29.600,2855.6000,6329,0,235328940.000,1,0,1,多换,S,2854.0000,2853.8000,2853.0000,2852.8000,2852.6000,2856.4000,2858.0000,2859.8000,2860.0000,2862.0000,2,1,3,4,6,2,1,2,2,1
SF,IH2007,2020-06-08 09:34:30.100,2855.6000,6329,0,235328940.000,0,-,-,-,-,2854.0000,2853.0000,2852.8000,2852.6000,2852.4000,2856.4000,2858.0000,2859.8000,2860.0000,2862.0000,2,3,4,4,1,2,1,2,2,1
SF,IH2007,2020-06-08 09:34:31.100,2855.6000,6329,0,235328940.000,0,-,-,-,-,2854.0000,2853.0000,2852.8000,2852.6000,2852.4000,2856.4000,2858.0000,2859.8000,2860.0000,2862.0000,1,3,4,4,1,2,1,2,2,1
SF,IH2007,2020-06-08 09:34:31.600,2855.6000,6329,0,235328940.000,0,-,-,-,-,2854.2000,2853.0000,2852.8000,2852.6000,2852.4000,2856.4000,2858.0000,2859.8000,2860.0000,2862.0000,2,3,4,4,1,2,1,2,2,1
SF,IH2007,2020-06-08 09:34:32.100,2855.6000,6329,0,235328940.000,0,-,-,-,-,2854.4000,2854.2000,2853.0000,2852.8000,2852.6000,2856.4000,2858.0000,2859.8000,2860.0000,2862.0000,1,4,3,4,4,2,1,2,2,1
SF,IH2007,2020-06-08 09:34:32.600,2855.6000,6329,0,235328940.000,0,-,-,-,-,2854.6000,2854.2000,2853.0000,2852.8000,2852.6000,2856.4000,2858.0000,2859.8000,2860.0000,2862.0000,1,2,3,4,4,2,1,2,2,1
SF,IH2007,2020-06-08 09:34:34.100,2855.6000,6329,0,235328940.000,0,-,-,-,-,2854.6000,2854.2000,2853.0000,2852.8000,2852.6000,2856.4000,2858.0000,2859.8000,2860.0000,2862.0000,1,1,3,4,4,2,1,2,2,1
SF,IH2007,2020-06-08 09:34:34.600,2855.6000,6329,0,235328940.000,0,-,-,-,-,2854.2000,2853.0000,2852.8000,2852.6000,2852.4000,2856.4000,2858.0000,2859.8000,2860.0000,2862.0000,1,3,4,4,1,2,1,2,2,1
SF,IH2007,2020-06-08 09:34:35.600,2855.6000,6329,0,235328940.000,0,-,-,-,-,2854.4000,2854.2000,2853.0000,2852.8000,2852.6000,2856.4000,2858.0000,2859.8000,2860.0000,2862.0000,1,1,3,4,4,2,1,2,2,1
SF,IH2007,2020-06-08 09:34:36.100,2855.6000,6329,0,235328940.000,0,-,-,-,-,2854.2000,2853.0000,2852.8000,2852.6000,2852.4000,2856.4000,2858.0000,2859.8000,2860.0000,2862.0000,1,3,4,4,1,2,1,2,2,1
SF,IH2007,2020-06-08 09:34:38.100,2855.6000,6329,0,235328940.000,0,-,-,-,-,2854.4000,2854.2000,2853.0000,2852.8000,2852.6000,2856.4000,2858.0000,2859.8000,2860.0000,2862.0000,1,1,3,4,4,2,1,2,2,1
SF,IH2007,2020-06-08 09:34:38.600,2855.6000,6329,0,235328940.000,0,-,-,-,-,2854.6000,2854.4000,2854.2000,2853.0000,2852.8000,2856.4000,2858.0000,2859.8000,2860.0000,2862.0000,1,1,1,3,4,2,1,2,2,1
SF,IH2007,2020-06-08 09:34:39.100,2855.6000,6329,0,235328940.000,0,-,-,-,-,2854.8000,2854.6000,2854.4000,2854.2000,2853.0000,2856.4000,2858.0000,2859.8000,2860.0000,2862.0000,1,3,1,1,3,2,1,2,2,1
SF,IH2007,2020-06-08 09:34:39.600,2855.6000,6329,0,235328940.000,0,-,-,-,-,2854.8000,2854.6000,2854.4000,2853.0000,2852.8000,2856.4000,2858.0000,2859.8000,2860.0000,2862.0000,1,3,1,3,4,2,1,2,2,1
SF,IH2007,2020-06-08 09:34:40.100,2855.6000,6329,0,235328940.000,0,-,-,-,-,2854.6000,2854.4000,2853.0000,2852.8000,2852.6000,2856.4000,2858.0000,2859.8000,2860.0000,2862.0000,1,1,3,4,4,2,1,2,2,1
SF,IH2007,2020-06-08 09:34:40.600,2855.6000,6329,0,235328940.000,0,-,-,-,-,2854.8000,2854.6000,2854.4000,2853.0000,2852.8000,2856.4000,2858.0000,2859.8000,2860.0000,2862.0000,1,3,1,3,4,2,1,2,2,1
SF,IH2007,2020-06-08 09:34:41.100,2855.6000,6329,0,235328940.000,0,-,-,-,-,2854.8000,2854.6000,2854.4000,2853.0000,2852.8000,2856.4000,2858.0000,2859.8000,2860.0000,2862.0000,2,3,1,3,4,2,1,2,2,1
SF,IH2007,2020-06-08 09:34:41.600,2855.6000,6329,0,235328940.000,0,-,-,-,-,2854.8000,2854.6000,2854.4000,2853.0000,2852.8000,2856.2000,2856.4000,2858.0000,2859.8000,2860.0000,2,3,1,3,4,1,2,1,2,2
SF,IH2007,2020-06-08 09:34:42.100,2855.6000,6329,0,235328940.000,0,-,-,-,-,2854.6000,2854.4000,2853.0000,2852.8000,2852.6000,2856.2000,2856.4000,2858.0000,2859.8000,2860.0000,1,1,3,4,4,1,2,2,2,2
SF,IH2007,2020-06-08 09:34:42.600,2855.6000,6329,0,235328940.000,0,-,-,-,-,2854.4000,2853.0000,2852.8000,2852.6000,2852.4000,2856.0000,2856.4000,2858.0000,2859.8000,2860.0000,1,3,4,4,1,1,2,2,2,2
SF,IH2007,2020-06-08 09:34:43.100,2855.6000,6329,0,235328940.000,0,-,-,-,-,2854.4000,2853.0000,2852.8000,2852.6000,2852.4000,2856.0000,2856.4000,2858.0000,2859.8000,2860.0000,1,3,4,4,1,1,2,2,2,2
SF,IH2007,2020-06-08 09:34:43.600,2855.6000,6329,0,235328940.000,0,-,-,-,-,2854.4000,2853.0000,2852.8000,2852.6000,2852.4000,2856.4000,2858.0000,2859.8000,2860.0000,2862.0000,1,3,4,4,1,2,2,2,2,1
SF,IH2007,2020-06-08 09:34:44.100,2855.6000,6329,0,235328940.000,0,-,-,-,-,2853.0000,2852.8000,2852.6000,2852.4000,2852.0000,2856.4000,2858.0000,2859.8000,2860.0000,2862.0000,3,4,4,1,2,2,2,2,2,1
SF,IH2007,2020-06-08 09:34:44.600,2855.6000,6329,0,235328940.000,0,-,-,-,-,2853.8000,2853.4000,2853.2000,2853.0000,2852.6000,2856.4000,2858.0000,2859.8000,2860.0000,2862.0000,2,1,12,5,2,2,2,2,2,1
SF,IH2007,2020-06-08 09:34:45.100,2855.6000,6329,0,235328940.000,0,-,-,-,-,2854.0000,2853.8000,2853.4000,2853.2000,2853.0000,2856.4000,2858.0000,2859.8000,2860.0000,2862.0000,1,2,1,12,5,2,2,2,2,1
SF,IH2007,2020-06-08 09:34:45.600,2855.6000,6329,0,235328940.000,0,-,-,-,-,2854.0000,2853.8000,2853.4000,2853.2000,2853.0000,2856.2000,2856.4000,2858.0000,2859.8000,2860.0000,2,2,1,12,5,1,2,2,2,2
SF,IH2007,2020-06-08 09:34:46.100,2855.6000,6329,0,235328940.000,0,-,-,-,-,2854.0000,2853.8000,2853.4000,2853.2000,2853.0000,2856.4000,2858.0000,2859.8000,2860.0000,2862.0000,2,2,1,12,5,2,2,2,2,1
SF,IH2007,2020-06-08 09:34:46.600,2855.6000,6329,0,235328940.000,0,-,-,-,-,2854.2000,2854.0000,2853.8000,2853.4000,2853.2000,2856.4000,2858.0000,2859.8000,2860.0000,2862.0000,2,1,2,1,12,2,2,2,2,1
SF,IH2007,2020-06-08 09:34:47.100,2855.6000,6329,0,235328940.000,0,-,-,-,-,2854.4000,2854.2000,2854.0000,2853.8000,2853.4000,2856.4000,2858.0000,2859.8000,2860.0000,2862.0000,1,2,1,2,1,2,2,2,2,1
SF,IH2007,2020-06-08 09:34:47.600,2856.4000,6328,-1,236185860.000,1,0,1,双平,S,2854.8000,2854.6000,2854.4000,2854.0000,2853.8000,2856.4000,2858.0000,2859.8000,2860.0000,2862.0000,1,1,1,1,2,1,2,2,2,1
SF,IH2007,2020-06-08 09:34:48.100,2856.4000,6327,-1,237042780.000,1,0,1,双平,S,2855.0000,2854.8000,2854.4000,2854.0000,2853.8000,2858.0000,2859.8000,2860.0000,2862.0000,2863.0000,2,1,1,1,2,2,2,2,1,1
SF,IH2007,2020-06-08 09:34:48.600,2856.4000,6327,0,237042780.000,0,-,-,-,-,2855.0000,2854.8000,2854.4000,2854.0000,2853.8000,2857.8000,2858.0000,2859.8000,2860.0000,2862.0000,2,1,1,1,2,6,2,2,3,1
SF,IH2007,2020-06-08 09:34:49.100,2856.4000,6327,0,237042780.000,0,-,-,-,-,2855.0000,2854.8000,2854.4000,2854.0000,2853.8000,2857.8000,2858.0000,2859.8000,2860.0000,2862.0000,1,1,1,1,2,4,2,2,3,1
SF,IH2007,2020-06-08 09:34:49.600,2856.4000,6327,0,237042780.000,0,-,-,-,-,2855.0000,2854.8000,2854.4000,2854.0000,2853.8000,2857.8000,2858.0000,2859.8000,2860.0000,2862.0000,1,1,1,1,2,3,2,2,3,1
SF,IH2007,2020-06-08 09:34:50.100,2856.4000,6327,0,237042780.000,0,-,-,-,-,2855.0000,2854.4000,2854.0000,2853.4000,2853.2000,2858.0000,2859.8000,2860.0000,2862.0000,2863.0000,1,1,1,1,12,2,2,3,1,1
SF,IH2007,2020-06-08 09:34:50.600,2856.4000,6327,0,237042780.000,0,-,-,-,-,2855.4000,2855.2000,2855.0000,2854.4000,2854.0000,2858.0000,2859.8000,2860.0000,2862.0000,2863.0000,2,4,1,1,1,2,2,3,1,1
SF,IH2007,2020-06-08 09:34:51.100,2856.4000,6327,0,237042780.000,0,-,-,-,-,2855.6000,2855.4000,2855.2000,2855.0000,2854.4000,2858.0000,2859.8000,2860.0000,2862.0000,2863.0000,2,2,3,1,1,2,2,3,1,1
SF,IH2007,2020-06-08 09:34:51.600,2856.4000,6327,0,237042780.000,0,-,-,-,-,2855.8000,2855.6000,2855.4000,2855.2000,2855.0000,2858.0000,2859.8000,2860.0000,2862.0000,2863.0000,1,2,2,3,1,2,2,3,1,1
SF,IH2007,2020-06-08 09:34:52.100,2856.4000,6327,0,237042780.000,0,-,-,-,-,2856.0000,2855.8000,2855.6000,2855.4000,2855.2000,2858.0000,2859.8000,2860.0000,2862.0000,2863.0000,3,1,1,2,3,2,2,3,1,1
SF,IH2007,2020-06-08 09:34:52.600,2856.4000,6327,0,237042780.000,0,-,-,-,-,2856.0000,2855.8000,2855.6000,2855.4000,2855.2000,2858.0000,2859.8000,2860.0000,2862.0000,2863.0000,3,1,1,2,3,2,2,3,1,1
SF,IH2007,2020-06-08 09:34:53.100,2856.4000,6327,0,237042780.000,0,-,-,-,-,2856.2000,2856.0000,2855.6000,2855.4000,2855.2000,2858.0000,2859.8000,2860.0000,2862.0000,2863.0000,1,3,1,2,3,2,2,3,1,1
SF,IH2007,2020-06-08 09:34:53.600,2856.4000,6327,0,237042780.000,0,-,-,-,-,2856.4000,2856.2000,2856.0000,2855.6000,2855.4000,2858.0000,2859.8000,2860.0000,2862.0000,2863.0000,2,2,2,1,2,2,2,3,1,1
SF,IH2007,2020-06-08 09:34:54.100,2856.4000,6327,0,237042780.000,0,-,-,-,-,2856.6000,2856.4000,2856.2000,2856.0000,2855.6000,2858.0000,2859.8000,2860.0000,2862.0000,2863.0000,1,2,1,2,1,2,2,3,1,1
SF,IH2007,2020-06-08 09:34:54.600,2856.4000,6327,0,237042780.000,0,-,-,-,-,2856.8000,2856.6000,2856.4000,2856.2000,2856.0000,2858.0000,2859.8000,2860.0000,2862.0000,2863.0000,1,1,2,1,2,2,2,3,1,1
SF,IH2007,2020-06-08 09:34:55.100,2856.4000,6327,0,237042780.000,0,-,-,-,-,2856.4000,2856.2000,2856.0000,2855.6000,2855.4000,2858.0000,2859.8000,2860.0000,2862.0000,2863.0000,1,1,1,1,2,2,2,3,1,1
SF,IH2007,2020-06-08 09:34:55.600,2856.4000,6327,0,237042780.000,0,-,-,-,-,2856.6000,2856.2000,2856.0000,2855.6000,2855.4000,2858.0000,2859.8000,2860.0000,2862.0000,2863.0000,1,1,2,1,2,2,2,3,1,1
SF,IH2007,2020-06-08 09:34:56.100,2856.4000,6327,0,237042780.000,0,-,-,-,-,2856.6000,2856.2000,2856.0000,2855.6000,2855.2000,2858.0000,2859.8000,2860.0000,2862.0000,2863.0000,1,1,2,1,2,2,2,3,1,1
SF,IH2007,2020-06-08 09:34:56.600,2856.4000,6327,0,237042780.000,0,-,-,-,-,2856.8000,2856.0000,2855.6000,2855.2000,2855.0000,2858.0000,2859.8000,2860.0000,2862.0000,2863.0000,1,1,1,2,1,2,2,3,1,1
SF,IH2007,2020-06-08 09:34:57.100,2856.4000,6327,0,237042780.000,0,-,-,-,-,2856.0000,2855.6000,2855.2000,2855.0000,2854.4000,2858.0000,2859.8000,2860.0000,2862.0000,2863.0000,1,1,2,1,1,2,2,3,1,1
SF,IH2007,2020-06-08 09:34:57.600,2858.0000,6325,-2,238757580.000,2,0,2,双平,S,2856.2000,2856.0000,2855.6000,2855.2000,2855.0000,2859.8000,2860.0000,2861.4000,2862.0000,2863.0000,5,2,1,2,1,2,3,1,1,1
SF,IH2007,2020-06-08 09:34:58.100,2858.0000,6325,0,238757580.000,0,-,-,-,-,2857.0000,2856.4000,2856.2000,2856.0000,2855.6000,2859.6000,2859.8000,2860.0000,2861.4000,2862.0000,1,4,4,2,1,4,2,3,1,1
SF,IH2007,2020-06-08 09:34:58.600,2858.0000,6325,0,238757580.000,0,-,-,-,-,2857.2000,2857.0000,2856.4000,2856.2000,2856.0000,2859.6000,2859.8000,2860.0000,2861.4000,2862.0000,2,1,4,2,2,3,2,3,1,1
SF,IH2007,2020-06-08 09:34:59.100,2858.0000,6325,0,238757580.000,0,-,-,-,-,2857.4000,2857.2000,2857.0000,2856.4000,2856.2000,2859.6000,2859.8000,2860.0000,2861.4000,2862.0000,2,3,1,3,2,3,2,3,1,1
SF,IH2007,2020-06-08 09:34:59.600,2858.0000,6325,0,238757580.000,0,-,-,-,-,2857.6000,2857.4000,2857.2000,2857.0000,2856.4000,2859.4000,2859.6000,2859.8000,2860.0000,2861.4000,2,2,2,1,3,2,3,3,3,1
SF,IH2007,2020-06-08 09:35:00.100,2858.0000,6325,0,238757580.000,0,-,-,-,-,2857.6000,2857.2000,2857.0000,2856.4000,2856.2000,2859.4000,2859.6000,2859.8000,2860.0000,2861.4000,2,2,1,3,1,2,1,3,3,1
SF,IH2007,2020-06-08 09:35:00.600,2859.6000,6325,0,239615460.000,1,0,1,多换,S,2859.4000,2857.8000,2857.6000,2857.2000,2857.0000,2859.8000,2860.0000,2861.4000,2862.0000,2863.0000,1,2,2,2,1,3,3,1,1,1
SF,IH2007,2020-06-08 09:35:01.100,2860.0000,6321,-4,245619780.000,7,1,6,多平,S,2859.8000,2858.0000,2857.6000,2857.4000,2857.2000,2860.0000,2861.4000,2862.0000,2863.0000,2864.0000,1,1,2,1,1,2,1,1,1,1
SF,IH2007,2020-06-08 09:35:01.600,2861.4000,6318,-3,248194140.000,3,0,3,双平,S,2860.0000,2858.0000,2857.6000,2857.2000,2857.0000,2862.0000,2863.0000,2864.0000,2864.2000,2865.0000,1,1,2,1,1,1,1,1,1,1
SF,IH2007,2020-06-08 09:35:02.100,2861.4000,6318,0,248194140.000,0,-,-,-,-,2860.2000,2860.0000,2858.8000,2858.0000,2857.6000,2861.6000,2861.8000,2862.0000,2863.0000,2864.0000,1,1,1,1,1,2,7,1,1,1
SF,IH2007,2020-06-08 09:35:02.600,2861.4000,6318,0,248194140.000,0,-,-,-,-,2860.2000,2860.0000,2858.8000,2858.0000,2857.6000,2861.4000,2861.6000,2861.8000,2862.0000,2863.0000,1,2,1,1,1,1,2,6,1,1
SF,IH2007,2020-06-08 09:35:03.100,2861.4000,6318,0,248194140.000,0,-,-,-,-,2860.0000,2858.8000,2857.6000,2857.2000,2857.0000,2861.4000,2861.8000,2862.0000,2863.0000,2864.0000,2,1,1,1,1,1,1,1,1,1
SF,IH2007,2020-06-08 09:35:03.600,2861.4000,6318,0,248194140.000,0,-,-,-,-,2860.0000,2858.8000,2857.6000,2857.2000,2857.0000,2861.4000,2862.0000,2863.0000,2864.0000,2864.2000,2,1,1,1,1,1,1,1,1,1
SF,IH2007,2020-06-08 09:35:04.100,2861.4000,6318,0,248194140.000,0,-,-,-,-,2860.2000,2860.0000,2858.8000,2857.6000,2857.2000,2861.4000,2862.0000,2863.0000,2864.0000,2864.2000,1,2,1,1,1,1,1,1,1,1
SF,IH2007,2020-06-08 09:35:04.600,2861.4000,6318,0,248194140.000,0,-,-,-,-,2860.0000,2858.8000,2857.6000,2857.2000,2857.0000,2862.0000,2863.0000,2864.0000,2864.2000,2865.0000,2,1,1,1,1,1,1,1,1,1
SF,IH2007,2020-06-08 09:35:05.100,2860.0000,6318,0,249910140.000,2,1,1,多换,S,2858.8000,2857.6000,2857.2000,2857.0000,2856.4000,2861.4000,2861.8000,2862.0000,2863.0000,2864.0000,1,1,2,1,3,2,6,1,1,1
SF,IH2007,2020-06-08 09:35:05.600,2860.0000,6318,0,249910140.000,0,-,-,-,-,2859.0000,2858.8000,2857.6000,2857.2000,2857.0000,2861.8000,2862.0000,2863.0000,2864.0000,2864.2000,1,1,1,2,1,5,1,1,1,1
SF,IH2007,2020-06-08 09:35:06.100,2860.0000,6318,0,249910140.000,0,-,-,-,-,2859.6000,2859.2000,2859.0000,2858.8000,2857.6000,2861.6000,2861.8000,2862.0000,2863.0000,2864.0000,5,1,1,1,1,1,1,1,1,1
SF,IH2007,2020-06-08 09:35:06.600,2860.0000,6318,0,249910140.000,0,-,-,-,-,2859.4000,2859.0000,2858.8000,2857.6000,2857.2000,2861.6000,2861.8000,2862.0000,2863.0000,2864.0000,1,1,1,1,1,1,1,1,1,1
SF,IH2007,2020-06-08 09:35:07.100,2860.0000,6318,0,249910140.000,0,-,-,-,-,2859.6000,2859.4000,2859.0000,2858.8000,2857.6000,2862.0000,2863.0000,2864.0000,2864.2000,2865.0000,2,1,1,1,1,1,1,1,1,1
SF,IH2007,2020-06-08 09:35:07.600,2860.0000,6318,0,249910140.000,0,-,-,-,-,2859.6000,2859.4000,2859.0000,2858.8000,2857.6000,2862.0000,2863.0000,2864.0000,2864.2000,2865.0000,2,1,1,1,1,1,1,1,1,1
SF,IH2007,2020-06-08 09:35:08.100,2860.0000,6318,0,249910140.000,0,-,-,-,-,2860.0000,2859.8000,2859.6000,2859.0000,2858.8000,2862.0000,2863.0000,2864.0000,2864.2000,2865.0000,1,1,2,1,1,1,1,1,1,1
SF,IH2007,2020-06-08 09:35:08.600,2860.0000,6318,0,249910140.000,0,-,-,-,-,2860.0000,2859.6000,2859.0000,2858.8000,2857.6000,2862.0000,2863.0000,2864.0000,2864.2000,2865.0000,1,2,1,1,1,1,1,1,1,1
