市场代码,合约代码,时间,最新,持仓,增仓,成交额,成交量,开仓,平仓,成交类型,方向,买一价,买二价,买三价,买四价,买五价,卖一价,卖二价,卖三价,卖四价,卖五价,买一量,买二量,买三量,买四量,买五量,卖一量,卖二量,卖三量,卖四量,卖五量
SF,IH2006,2019-12-26 09:29:00.100,2997.6000,6105,0,0.000,0.000,-,-,-,-,2995.0000,2993.0000,2992.8000,2991.8000,2991.4000,3002.8000,3003.6000,3005.0000,3006.0000,3008.0000,1,4,1,2,2,1,1,3,1,1
SF,IH2006,2019-12-26 09:30:00.100,2997.6000,6105,0,0.000,0,-,-,-,-,2996.0000,2995.2000,2995.0000,2994.2000,2993.0000,3003.0000,3003.6000,3005.0000,3006.0000,3008.0000,2,1,1,1,4,1,1,1,1,1
SF,IH2006,2019-12-26 09:30:00.600,2997.6000,6105,0,0.000,0,-,-,-,-,2996.2000,2996.0000,2995.2000,2995.0000,2994.2000,3002.8000,3003.0000,3003.6000,3005.6000,3006.0000,1,2,1,1,1,4,1,1,1,1
SF,IH2006,2019-12-26 09:30:01.100,2997.6000,6105,0,0.000,0,-,-,-,-,2996.2000,2996.0000,2995.2000,2995.0000,2994.2000,3002.8000,3003.0000,3005.6000,3006.0000,3007.2000,1,2,1,1,1,4,1,1,1,1
SF,IH2006,2019-12-26 09:30:01.600,2997.6000,6105,0,0.000,0,-,-,-,-,2996.2000,2995.2000,2995.0000,2994.2000,2993.0000,3001.6000,3002.4000,3002.8000,3003.0000,3005.6000,1,1,1,1,4,1,1,4,1,1
SF,IH2006,2019-12-26 09:30:02.100,2997.6000,6105,0,0.000,0,-,-,-,-,2996.2000,2995.2000,2995.0000,2994.2000,2993.0000,3001.4000,3001.6000,3001.8000,3002.4000,3002.8000,1,1,1,1,4,4,1,1,1,3
SF,IH2006,2019-12-26 09:30:02.600,2997.6000,6105,0,0.000,0,-,-,-,-,2996.2000,2995.2000,2995.0000,2994.2000,2993.0000,3001.4000,3001.6000,3001.8000,3002.4000,3002.8000,1,1,1,1,4,4,1,1,1,3
SF,IH2006,2019-12-26 09:30:03.100,2997.6000,6105,0,0.000,0,-,-,-,-,2996.2000,2995.2000,2995.0000,2994.2000,2993.0000,3001.4000,3001.6000,3001.8000,3002.4000,3002.8000,1,1,1,1,4,4,1,1,1,3
SF,IH2006,2019-12-26 09:30:03.600,2997.6000,6105,0,0.000,0,-,-,-,-,2996.2000,2996.0000,2995.2000,2995.0000,2994.2000,3001.4000,3001.8000,3002.4000,3002.8000,3003.0000,1,2,1,1,1,4,1,1,3,1
SF,IH2006,2019-12-26 09:30:04.100,2997.6000,6105,0,0.000,0,-,-,-,-,2996.2000,2996.0000,2995.2000,2995.0000,2994.2000,3001.4000,3001.8000,3002.4000,3002.8000,3003.0000,1,2,1,1,1,4,1,1,3,1
SF,IH2006,2019-12-26 09:30:05.600,2997.6000,6105,0,0.000,0,-,-,-,-,2996.2000,2995.2000,2995.0000,2994.2000,2993.0000,3001.4000,3001.6000,3001.8000,3002.4000,3002.8000,1,1,1,1,4,4,1,1,1,3
SF,IH2006,2019-12-26 09:30:07.600,2997.6000,6105,0,0.000,0,-,-,-,-,2996.2000,2995.2000,2995.0000,2994.2000,2993.0000,3001.2000,3001.4000,3001.6000,3001.8000,3002.8000,1,1,1,1,4,1,4,1,1,3
SF,IH2006,2019-12-26 09:30:08.100,2997.6000,6105,0,0.000,0,-,-,-,-,2996.2000,2995.0000,2994.2000,2993.0000,2992.8000,3001.0000,3001.2000,3001.4000,3001.6000,3001.8000,1,1,1,4,1,3,1,3,1,1
SF,IH2006,2019-12-26 09:30:08.600,2997.6000,6105,0,0.000,0,-,-,-,-,2996.2000,2995.0000,2994.2000,2993.0000,2992.8000,3000.4000,3001.0000,3001.2000,3001.4000,3001.6000,1,1,1,4,1,1,3,1,3,1
SF,IH2006,2019-12-26 09:30:09.100,2997.6000,6105,0,0.000,0,-,-,-,-,2996.2000,2995.0000,2994.2000,2993.0000,2992.8000,3000.2000,3001.0000,3001.2000,3001.4000,3001.6000,1,1,1,4,1,4,2,1,3,1
SF,IH2006,2019-12-26 09:30:09.600,2997.6000,6105,0,0.000,0,-,-,-,-,2996.2000,2995.0000,2994.2000,2993.0000,2992.8000,3000.0000,3000.2000,3001.0000,3001.2000,3001.4000,1,1,1,4,1,1,4,2,1,3
SF,IH2006,2019-12-26 09:30:10.100,2997.6000,6105,0,0.000,0,-,-,-,-,2996.4000,2996.2000,2995.0000,2994.2000,2993.0000,2999.8000,3000.0000,3000.2000,3001.0000,3001.2000,1,1,1,1,4,4,1,3,2,1
SF,IH2006,2019-12-26 09:30:10.600,2997.6000,6105,0,0.000,0,-,-,-,-,2996.6000,2996.4000,2995.0000,2994.2000,2993.0000,2999.8000,3000.0000,3000.2000,3001.0000,3001.2000,1,1,1,1,4,4,1,3,2,1
SF,IH2006,2019-12-26 09:30:11.100,2997.6000,6105,0,0.000,0,-,-,-,-,2996.8000,2996.6000,2996.4000,2995.0000,2994.2000,2999.8000,3000.0000,3000.2000,3001.0000,3001.2000,1,1,1,1,1,4,1,3,2,1
SF,IH2006,2019-12-26 09:30:11.600,2997.6000,6105,0,0.000,0,-,-,-,-,2997.0000,2996.8000,2996.4000,2995.0000,2994.2000,2999.8000,3000.0000,3000.2000,3001.0000,3001.2000,1,1,1,1,1,4,1,3,2,1
SF,IH2006,2019-12-26 09:30:12.100,2997.6000,6105,0,0.000,0,-,-,-,-,2997.0000,2996.8000,2995.0000,2994.2000,2993.0000,2999.6000,2999.8000,3000.0000,3000.2000,3001.0000,1,1,1,1,4,2,4,1,3,2
SF,IH2006,2019-12-26 09:30:12.600,2997.6000,6105,0,0.000,0,-,-,-,-,2997.0000,2996.8000,2995.0000,2994.2000,2993.0000,2999.4000,2999.6000,2999.8000,3000.0000,3000.2000,1,1,1,1,4,3,2,3,1,3
SF,IH2006,2019-12-26 09:30:13.100,2997.6000,6105,0,0.000,0,-,-,-,-,2997.2000,2997.0000,2996.8000,2995.0000,2994.2000,2999.4000,2999.6000,2999.8000,3000.0000,3000.2000,1,1,1,1,1,3,1,3,1,3
SF,IH2006,2019-12-26 09:30:13.600,2997.6000,6105,0,0.000,0,-,-,-,-,2997.4000,2997.2000,2995.0000,2994.2000,2993.0000,2999.4000,2999.6000,2999.8000,3000.0000,3000.2000,1,1,1,1,4,3,1,3,1,3
SF,IH2006,2019-12-26 09:30:14.100,2997.6000,6105,0,0.000,0,-,-,-,-,2997.6000,2997.4000,2997.2000,2995.0000,2994.2000,2999.4000,2999.6000,2999.8000,3000.0000,3000.2000,1,1,1,1,1,3,1,3,1,3
SF,IH2006,2019-12-26 09:30:14.600,2997.6000,6105,0,0.000,0,-,-,-,-,2997.6000,2997.4000,2997.2000,2995.0000,2994.2000,2999.4000,2999.6000,2999.8000,3000.0000,3000.2000,1,1,1,1,1,3,1,3,1,3
SF,IH2006,2019-12-26 09:30:15.100,2999.2000,6104,-1,899760.000,1,0,1,双平,S,2997.8000,2997.6000,2997.2000,2995.0000,2994.2000,2999.4000,2999.6000,2999.8000,3000.0000,3000.2000,1,1,1,1,1,3,1,3,1,3
SF,IH2006,2019-12-26 09:30:15.600,2999.2000,6104,0,899760.000,0,-,-,-,-,2998.0000,2997.6000,2997.2000,2995.0000,2994.2000,2999.4000,2999.6000,2999.8000,3000.0000,3000.2000,1,1,1,1,1,3,1,3,1,3
SF,IH2006,2019-12-26 09:30:16.100,2998.0000,6103,-1,1799160.000,1,0,1,双平,S,2997.6000,2997.2000,2995.0000,2994.2000,2993.0000,2999.4000,2999.8000,3000.2000,3001.0000,3001.4000,1,1,1,1,4,3,3,3,2,3
SF,IH2006,2019-12-26 09:30:16.600,2998.0000,6103,0,1799160.000,0,-,-,-,-,2997.8000,2997.6000,2997.2000,2995.0000,2994.2000,2999.4000,2999.8000,3000.2000,3001.0000,3001.4000,1,1,1,1,1,3,3,3,2,3
SF,IH2006,2019-12-26 09:30:17.600,2998.0000,6103,0,1799160.000,0,-,-,-,-,2997.8000,2997.6000,2995.0000,2994.2000,2993.0000,2999.0000,2999.4000,2999.8000,3000.2000,3001.0000,1,1,1,1,4,1,4,3,3,2
SF,IH2006,2019-12-26 09:30:18.100,2998.0000,6103,0,1799160.000,0,-,-,-,-,2998.0000,2997.8000,2997.6000,2995.0000,2994.2000,2998.8000,2999.0000,2999.4000,2999.8000,3000.2000,1,1,1,1,1,2,1,3,3,3
SF,IH2006,2019-12-26 09:30:18.600,2998.0000,6103,0,1799160.000,0,-,-,-,-,2998.0000,2997.6000,2995.0000,2994.2000,2993.0000,2998.8000,2999.0000,2999.4000,2999.8000,3000.2000,1,1,1,1,4,2,1,3,3,3
SF,IH2006,2019-12-26 09:30:19.100,2998.0000,6103,0,1799160.000,0,-,-,-,-,2997.6000,2995.0000,2994.2000,2993.0000,2992.8000,2998.6000,2998.8000,2999.0000,2999.4000,2999.8000,1,1,1,4,1,1,1,1,3,3
SF,IH2006,2019-12-26 09:30:19.600,2998.0000,6103,0,1799160.000,0,-,-,-,-,2997.8000,2997.6000,2995.0000,2994.2000,2993.0000,2998.6000,2998.8000,2999.0000,2999.4000,2999.8000,1,1,1,1,4,1,1,1,3,3
SF,IH2006,2019-12-26 09:30:20.600,2998.0000,6103,0,1799160.000,0,-,-,-,-,2997.8000,2995.0000,2994.2000,2993.0000,2992.8000,2998.6000,2998.8000,2999.0000,2999.4000,2999.8000,1,1,1,4,1,1,1,1,3,3
SF,IH2006,2019-12-26 09:30:21.100,2998.0000,6103,0,1799160.000,0,-,-,-,-,2998.0000,2997.8000,2995.0000,2994.2000,2993.0000,2998.8000,2999.0000,2999.4000,2999.8000,3000.2000,1,1,1,1,4,1,1,3,3,3
SF,IH2006,2019-12-26 09:30:22.100,2998.0000,6103,0,1799160.000,0,-,-,-,-,2998.0000,2997.8000,2995.0000,2994.2000,2993.0000,2998.6000,2998.8000,2999.0000,2999.4000,2999.8000,1,1,1,1,4,1,1,1,3,3
SF,IH2006,2019-12-26 09:30:27.100,2998.0000,6103,0,1799160.000,0,-,-,-,-,2998.0000,2997.8000,2995.0000,2994.2000,2993.0000,2998.6000,2998.8000,2999.0000,2999.4000,2999.8000,1,1,1,1,4,1,1,1,3,3
SF,IH2006,2019-12-26 09:30:27.600,2998.0000,6103,0,1799160.000,0,-,-,-,-,2998.0000,2997.8000,2995.0000,2994.2000,2993.0000,2998.8000,2999.0000,2999.4000,2999.8000,3000.2000,1,1,1,1,4,1,1,3,3,3
SF,IH2006,2019-12-26 09:30:28.100,2998.0000,6103,0,1799160.000,0,-,-,-,-,2998.0000,2997.8000,2995.0000,2994.2000,2993.0000,2998.6000,2998.8000,2999.0000,2999.4000,2999.8000,1,1,1,1,4,1,1,1,3,3
SF,IH2006,2019-12-26 09:30:29.100,2998.0000,6102,-1,2698560.000,1,0,1,双平,S,2997.8000,2995.0000,2994.2000,2993.0000,2992.8000,2998.6000,2998.8000,2999.0000,2999.4000,2999.8000,1,1,1,4,1,1,1,1,3,3
SF,IH2006,2019-12-26 09:30:29.600,2998.0000,6102,0,2698560.000,0,-,-,-,-,2997.8000,2995.0000,2994.2000,2993.0000,2992.8000,2998.6000,2998.8000,2999.4000,2999.8000,3000.2000,1,1,1,4,1,1,1,3,3,3
SF,IH2006,2019-12-26 09:30:30.100,2998.0000,6102,0,2698560.000,0,-,-,-,-,2995.0000,2994.2000,2993.0000,2992.8000,2992.0000,2998.6000,2998.8000,2999.4000,2999.8000,3000.2000,1,1,4,1,3,1,1,3,3,4
SF,IH2006,2019-12-26 09:30:30.600,2998.0000,6102,0,2698560.000,0,-,-,-,-,2995.2000,2995.0000,2994.2000,2993.0000,2992.8000,2998.4000,2998.8000,2999.4000,2999.8000,3000.2000,4,1,1,4,1,1,1,2,3,4
SF,IH2006,2019-12-26 09:30:31.100,2998.0000,6102,0,2698560.000,0,-,-,-,-,2995.4000,2995.2000,2995.0000,2994.2000,2993.0000,2998.4000,2998.8000,2999.4000,2999.8000,3000.2000,1,4,1,1,4,1,1,2,3,4
SF,IH2006,2019-12-26 09:30:31.600,2998.0000,6102,0,2698560.000,0,-,-,-,-,2995.6000,2995.4000,2995.2000,2995.0000,2994.2000,2998.4000,2998.8000,2999.4000,2999.8000,3000.2000,2,1,2,1,1,1,1,2,3,4
SF,IH2006,2019-12-26 09:30:32.100,2995.8000,6101,-1,3597300.000,1,0,1,双平,S,2995.8000,2995.6000,2995.4000,2995.2000,2995.0000,2998.4000,2998.8000,2999.4000,2999.8000,3000.2000,2,2,1,2,1,1,1,2,3,4
SF,IH2006,2019-12-26 09:30:32.600,2995.8000,6101,0,3597300.000,0,-,-,-,-,2996.0000,2995.8000,2995.6000,2995.4000,2995.2000,2998.4000,2998.8000,2999.2000,2999.4000,2999.8000,4,2,1,1,2,1,1,1,2,3
SF,IH2006,2019-12-26 09:30:33.100,2995.8000,6101,0,3597300.000,0,-,-,-,-,2996.2000,2996.0000,2995.8000,2995.6000,2995.4000,2998.4000,2998.8000,2999.2000,2999.4000,2999.8000,3,4,1,1,1,1,1,1,2,3
SF,IH2006,2019-12-26 09:30:33.600,2995.8000,6101,0,3597300.000,0,-,-,-,-,2996.4000,2996.2000,2996.0000,2995.8000,2995.6000,2998.8000,2999.2000,2999.4000,2999.8000,3000.2000,1,4,3,1,1,1,1,2,3,4
SF,IH2006,2019-12-26 09:30:34.100,2995.8000,6101,0,3597300.000,0,-,-,-,-,2996.6000,2996.4000,2996.2000,2996.0000,2995.8000,2998.8000,2999.2000,2999.4000,2999.8000,3000.2000,1,1,3,3,1,1,1,2,3,4
SF,IH2006,2019-12-26 09:30:34.600,2995.8000,6101,0,3597300.000,0,-,-,-,-,2996.8000,2996.6000,2996.2000,2996.0000,2995.8000,2998.6000,2999.2000,2999.4000,2999.8000,3000.2000,2,1,3,3,1,1,1,1,3,4
SF,IH2006,2019-12-26 09:30:35.100,2995.8000,6101,0,3597300.000,0,-,-,-,-,2997.0000,2996.8000,2996.6000,2996.2000,2996.0000,2998.6000,2999.2000,2999.4000,2999.8000,3000.2000,1,2,1,3,3,1,1,1,3,4
SF,IH2006,2019-12-26 09:30:35.600,2996.4000,6100,-1,4496220.000,1,0,1,双平,S,2997.0000,2996.6000,2996.4000,2996.2000,2996.0000,2998.6000,2999.2000,2999.4000,2999.8000,3000.2000,1,1,1,2,3,1,1,1,3,4
SF,IH2006,2019-12-26 09:30:36.100,2996.4000,6100,0,4496220.000,0,-,-,-,-,2997.0000,2996.8000,2996.6000,2996.4000,2996.2000,2998.4000,2998.6000,2999.2000,2999.4000,2999.8000,1,1,1,1,2,1,1,1,1,3
SF,IH2006,2019-12-26 09:30:36.600,2996.4000,6100,0,4496220.000,0,-,-,-,-,2997.0000,2996.8000,2996.6000,2996.4000,2996.2000,2998.2000,2998.4000,2999.2000,2999.4000,2999.8000,1,1,1,1,2,1,1,1,1,3
SF,IH2006,2019-12-26 09:30:37.100,2996.4000,6100,0,4496220.000,0,-,-,-,-,2997.2000,2997.0000,2996.8000,2996.6000,2996.4000,2998.2000,2999.2000,2999.4000,2999.8000,3000.2000,1,1,1,1,1,1,1,1,3,4
SF,IH2006,2019-12-26 09:30:37.600,2998.2000,6099,-1,5395680.000,1,0,1,双平,S,2998.2000,2997.2000,2997.0000,2996.6000,2996.4000,2999.2000,2999.4000,2999.8000,3000.2000,3001.0000,1,1,1,1,1,1,1,3,4,2
SF,IH2006,2019-12-26 09:30:38.100,2998.2000,6099,0,5395680.000,0,-,-,-,-,2998.2000,2997.2000,2997.0000,2996.6000,2996.4000,2999.0000,2999.2000,2999.4000,2999.8000,3000.2000,1,1,1,1,1,1,1,1,3,4
SF,IH2006,2019-12-26 09:30:38.600,2998.2000,6099,0,5395680.000,0,-,-,-,-,2998.2000,2997.0000,2996.6000,2996.4000,2996.2000,2998.8000,2999.0000,2999.2000,2999.4000,2999.8000,1,1,1,1,2,1,1,1,1,3
SF,IH2006,2019-12-26 09:30:39.100,2998.2000,6099,0,5395680.000,0,-,-,-,-,2998.2000,2997.0000,2996.6000,2996.4000,2996.2000,2998.8000,2999.0000,2999.2000,2999.8000,3000.2000,1,1,1,1,2,1,1,1,1,4
SF,IH2006,2019-12-26 09:30:39.600,2998.2000,6099,0,5395680.000,0,-,-,-,-,2998.2000,2997.0000,2996.6000,2996.4000,2996.2000,2998.8000,2999.0000,2999.8000,3000.2000,3001.0000,1,1,1,1,2,1,1,1,4,2
SF,IH2006,2019-12-26 09:30:40.100,2998.2000,6099,0,5395680.000,0,-,-,-,-,2998.2000,2997.0000,2996.6000,2996.4000,2996.2000,2999.8000,3000.2000,3001.0000,3001.4000,3001.8000,1,1,1,1,2,1,4,2,2,1
SF,IH2006,2019-12-26 09:30:40.600,2998.2000,6099,0,6295140.000,1,0,1,多换,S,2997.0000,2996.6000,2996.4000,2996.2000,2995.8000,2999.6000,2999.8000,3000.2000,3001.0000,3001.4000,1,1,1,2,1,2,1,4,2,2
SF,IH2006,2019-12-26 09:30:41.100,2998.2000,6099,0,6295140.000,0,-,-,-,-,2997.2000,2997.0000,2996.6000,2996.4000,2996.2000,2999.6000,2999.8000,3000.2000,3001.0000,3001.4000,2,1,1,1,2,2,1,4,2,2
SF,IH2006,2019-12-26 09:30:41.600,2998.2000,6099,0,6295140.000,0,-,-,-,-,2997.4000,2997.2000,2997.0000,2996.6000,2996.4000,2999.6000,2999.8000,3000.2000,3001.0000,3001.4000,2,2,1,1,1,1,1,4,2,2
SF,IH2006,2019-12-26 09:30:42.100,2998.2000,6099,0,6295140.000,0,-,-,-,-,2997.6000,2997.4000,2997.0000,2996.6000,2996.4000,2999.4000,2999.6000,2999.8000,3000.2000,3001.0000,2,2,1,1,1,1,1,1,4,2
SF,IH2006,2019-12-26 09:30:42.600,2997.8000,6098,-1,8993160.000,3,1,2,多平,S,2997.6000,2997.4000,2997.0000,2996.6000,2996.4000,2999.2000,2999.8000,3000.2000,3001.0000,3001.4000,2,2,1,1,1,1,1,4,2,2
SF,IH2006,2019-12-26 09:30:43.100,2997.4000,6098,0,12590280.000,4,2,2,多换,S,2997.0000,2996.6000,2996.4000,2996.2000,2995.8000,2999.2000,2999.8000,3000.2000,3001.0000,3001.4000,1,1,1,1,1,1,1,4,2,2
SF,IH2006,2019-12-26 09:30:43.600,2997.4000,6098,0,12590280.000,0,-,-,-,-,2997.2000,2997.0000,2996.6000,2996.4000,2996.2000,2999.2000,2999.8000,3000.2000,3001.0000,3001.4000,1,1,1,1,1,1,1,4,2,2
SF,IH2006,2019-12-26 09:30:44.100,2997.4000,6098,0,12590280.000,0,-,-,-,-,2997.4000,2997.2000,2997.0000,2996.6000,2996.4000,2999.0000,2999.2000,2999.8000,3000.2000,3001.0000,1,1,1,1,1,2,1,1,4,2
SF,IH2006,2019-12-26 09:30:44.600,2997.4000,6098,0,12590280.000,0,-,-,-,-,2997.4000,2997.0000,2996.6000,2996.4000,2996.2000,2998.8000,2999.0000,2999.8000,3000.2000,3001.0000,1,1,1,1,1,1,2,1,4,2
SF,IH2006,2019-12-26 09:30:45.100,2997.4000,6098,0,12590280.000,0,-,-,-,-,2997.4000,2997.0000,2996.6000,2996.4000,2996.2000,2998.6000,2998.8000,2999.0000,2999.8000,3000.2000,1,1,1,1,1,1,1,1,1,4
SF,IH2006,2019-12-26 09:30:45.600,2997.4000,6097,-1,13489500.000,1,0,1,双平,S,2997.0000,2996.6000,2996.2000,2995.8000,2995.4000,2998.6000,2998.8000,2999.8000,3000.2000,3001.0000,1,1,1,1,1,1,1,1,4,2
SF,IH2006,2019-12-26 09:30:46.100,2997.4000,6097,0,13489500.000,0,-,-,-,-,2997.0000,2996.6000,2996.2000,2995.8000,2995.4000,2998.4000,2999.8000,3000.2000,3001.0000,3001.4000,1,1,1,1,1,1,1,4,2,2
SF,IH2006,2019-12-26 09:30:46.600,2997.4000,6097,0,13489500.000,0,-,-,-,-,2997.2000,2997.0000,2996.6000,2996.2000,2995.8000,2998.4000,2999.8000,3000.2000,3001.0000,3001.4000,1,1,1,1,1,1,1,4,2,2
SF,IH2006,2019-12-26 09:30:47.100,2998.4000,6096,-1,14389020.000,1,0,1,双平,S,2997.4000,2997.2000,2997.0000,2996.6000,2996.2000,3000.2000,3001.0000,3001.4000,3001.8000,3002.8000,1,1,1,1,1,2,2,2,1,2
SF,IH2006,2019-12-26 09:30:47.600,2998.4000,6096,0,14389020.000,0,-,-,-,-,2997.6000,2997.4000,2997.2000,2997.0000,2996.6000,3000.0000,3000.2000,3001.0000,3001.4000,3001.8000,1,1,1,1,1,1,2,2,2,1
SF,IH2006,2019-12-26 09:30:48.100,2998.4000,6096,0,14389020.000,0,-,-,-,-,2997.6000,2997.4000,2997.2000,2997.0000,2996.6000,2999.8000,3000.0000,3000.2000,3001.0000,3001.4000,1,1,1,1,1,1,1,2,2,2
SF,IH2006,2019-12-26 09:30:48.600,2998.4000,6096,0,14389020.000,0,-,-,-,-,2997.6000,2997.4000,2997.2000,2997.0000,2996.6000,2999.6000,2999.8000,3000.2000,3001.0000,3001.4000,1,1,1,1,1,2,1,2,2,2
SF,IH2006,2019-12-26 09:30:49.100,2997.6000,6095,-1,15288300.000,1,0,1,双平,S,2997.4000,2997.2000,2997.0000,2996.6000,2996.2000,2999.6000,3000.2000,3001.0000,3001.4000,3001.8000,1,1,1,1,1,2,2,2,2,1
SF,IH2006,2019-12-26 09:30:49.600,2997.6000,6095,0,15288300.000,0,-,-,-,-,2997.4000,2997.2000,2997.0000,2996.6000,2996.2000,2999.4000,2999.6000,3000.2000,3001.0000,3001.4000,1,1,1,1,1,1,2,2,2,2
SF,IH2006,2019-12-26 09:30:50.100,2997.6000,6095,0,15288300.000,0,-,-,-,-,2997.8000,2997.4000,2997.0000,2996.6000,2996.2000,2999.2000,2999.4000,2999.6000,3000.2000,3001.0000,1,1,1,1,1,2,1,1,2,2
SF,IH2006,2019-12-26 09:30:50.600,2997.6000,6095,0,15288300.000,0,-,-,-,-,2997.4000,2997.0000,2996.6000,2996.2000,2995.8000,2999.2000,3000.2000,3001.0000,3001.4000,3001.8000,1,1,1,1,1,2,2,2,2,1
SF,IH2006,2019-12-26 09:30:51.600,2997.6000,6095,0,15288300.000,0,-,-,-,-,2997.6000,2997.4000,2997.0000,2996.6000,2996.2000,2999.2000,3000.2000,3001.0000,3001.4000,3001.8000,1,1,1,1,1,2,2,2,2,1
SF,IH2006,2019-12-26 09:30:52.100,2997.6000,6095,0,15288300.000,0,-,-,-,-,2997.6000,2997.4000,2997.0000,2996.6000,2996.2000,2999.2000,3000.2000,3001.0000,3001.4000,3001.8000,1,1,1,1,1,1,2,2,2,1
SF,IH2006,2019-12-26 09:30:52.600,2997.6000,6095,0,16187580.000,1,0,1,多换,S,2997.4000,2997.0000,2996.6000,2996.2000,2995.8000,2999.2000,3000.2000,3001.0000,3001.4000,3001.8000,1,1,1,1,1,1,2,2,2,1
SF,IH2006,2019-12-26 09:30:53.100,2997.6000,6095,0,16187580.000,0,-,-,-,-,2997.4000,2997.0000,2996.6000,2996.2000,2995.8000,2999.0000,2999.2000,3000.2000,3001.0000,3001.4000,1,1,1,1,1,1,1,2,2,2
SF,IH2006,2019-12-26 09:30:53.600,2997.6000,6095,0,16187580.000,0,-,-,-,-,2997.4000,2997.0000,2996.6000,2996.2000,2995.8000,2998.8000,2999.0000,3000.2000,3001.0000,3001.4000,1,1,1,1,1,1,1,2,2,2
SF,IH2006,2019-12-26 09:30:54.100,2997.6000,6095,0,16187580.000,0,-,-,-,-,2997.4000,2997.0000,2996.6000,2996.2000,2995.8000,2998.8000,3000.2000,3001.0000,3001.4000,3001.8000,1,1,1,1,1,1,2,2,2,1
SF,IH2006,2019-12-26 09:30:57.100,2997.4000,6094,-1,17086800.000,1,0,1,双平,S,2996.2000,2995.8000,2995.4000,2995.2000,2995.0000,2998.8000,3000.2000,3001.0000,3001.4000,3001.8000,1,1,1,1,1,1,2,2,2,1
SF,IH2006,2019-12-26 09:30:57.600,2997.4000,6094,0,17086800.000,0,-,-,-,-,2996.4000,2996.0000,2995.2000,2995.0000,2994.2000,2998.8000,3000.2000,3001.0000,3001.4000,3001.8000,1,2,1,1,1,1,2,2,2,1
SF,IH2006,2019-12-26 09:30:58.100,2997.4000,6094,0,17086800.000,0,-,-,-,-,2996.6000,2996.4000,2996.0000,2995.2000,2995.0000,3000.2000,3001.0000,3001.4000,3001.8000,3002.8000,3,1,2,1,1,1,1,2,1,2
SF,IH2006,2019-12-26 09:30:58.600,2997.4000,6094,0,17086800.000,0,-,-,-,-,2996.8000,2996.6000,2996.0000,2995.2000,2995.0000,3000.0000,3000.2000,3001.0000,3001.4000,3001.8000,3,3,2,1,1,1,1,1,2,1
SF,IH2006,2019-12-26 09:30:59.100,2997.4000,6094,0,17086800.000,0,-,-,-,-,2996.8000,2996.6000,2996.0000,2995.2000,2995.0000,2999.8000,3000.0000,3000.2000,3001.0000,3001.4000,3,3,2,1,1,2,1,1,1,2
SF,IH2006,2019-12-26 09:30:59.600,2997.4000,6094,0,17086800.000,0,-,-,-,-,2996.8000,2996.6000,2996.0000,2995.2000,2995.0000,2999.6000,2999.8000,3000.2000,3001.0000,3001.4000,3,3,2,1,1,1,2,1,1,2
SF,IH2006,2019-12-26 09:31:00.100,2997.4000,6094,0,17086800.000,0,-,-,-,-,2996.8000,2996.6000,2996.0000,2995.2000,2995.0000,2999.6000,3000.2000,3001.0000,3001.4000,3001.8000,3,3,2,1,1,1,1,1,2,1
SF,IH2006,2019-12-26 09:31:00.600,2997.4000,6094,0,17086800.000,0,-,-,-,-,2996.8000,2996.6000,2996.0000,2995.2000,2995.0000,2999.6000,3000.2000,3001.0000,3001.4000,3001.8000,3,3,2,1,1,1,1,1,2,1
SF,IH2006,2019-12-26 09:31:02.100,2997.4000,6094,0,17086800.000,0,-,-,-,-,2996.8000,2996.6000,2996.0000,2995.2000,2995.0000,2999.4000,2999.6000,3000.0000,3000.2000,3001.0000,3,3,2,1,1,1,1,1,1,1
SF,IH2006,2019-12-26 09:31:02.600,2997.4000,6094,0,17086800.000,0,-,-,-,-,2996.8000,2996.6000,2996.0000,2995.2000,2995.0000,2999.2000,2999.4000,3000.0000,3000.2000,3001.0000,1,3,2,1,1,1,1,1,1,1
SF,IH2006,2019-12-26 09:31:03.100,2997.4000,6094,0,17086800.000,0,-,-,-,-,2996.8000,2996.6000,2996.0000,2995.2000,2995.0000,2999.2000,3000.0000,3000.2000,3001.0000,3001.4000,1,3,2,1,1,1,1,1,1,2
SF,IH2006,2019-12-26 09:31:03.600,2997.4000,6094,0,17086800.000,0,-,-,-,-,2997.0000,2996.6000,2995.2000,2995.0000,2994.2000,2999.0000,2999.2000,3000.0000,3000.2000,3001.0000,1,2,1,1,1,1,1,1,1,1
SF,IH2006,2019-12-26 09:31:04.100,2997.4000,6094,0,17086800.000,0,-,-,-,-,2997.0000,2996.6000,2995.2000,2995.0000,2994.2000,2998.8000,3000.0000,3000.2000,3001.0000,3001.4000,1,2,1,1,1,1,1,1,1,2
SF,IH2006,2019-12-26 09:31:06.100,2997.4000,6094,0,17086800.000,0,-,-,-,-,2997.0000,2996.6000,2995.2000,2995.0000,2994.2000,2998.8000,3000.0000,3000.2000,3001.0000,3001.4000,1,2,1,1,1,1,1,1,1,2
SF,IH2006,2019-12-26 09:31:07.600,2997.0000,6094,0,17985900.000,1,0,1,多换,S,2996.6000,2995.2000,2995.0000,2994.2000,2993.0000,2998.8000,3000.0000,3000.2000,3001.0000,3001.4000,2,1,1,1,4,1,1,1,1,2
SF,IH2006,2019-12-26 09:31:08.100,2997.0000,6094,0,17985900.000,0,-,-,-,-,2996.8000,2996.6000,2995.2000,2995.0000,2994.2000,2998.8000,3000.0000,3000.2000,3001.0000,3001.4000,3,2,1,1,1,1,1,1,1,2
SF,IH2006,2019-12-26 09:31:09.100,2997.0000,6094,0,17985900.000,0,-,-,-,-,2996.8000,2996.6000,2995.2000,2995.0000,2994.2000,2998.8000,3000.2000,3001.0000,3001.4000,3001.8000,3,2,1,1,1,1,1,1,2,1
SF,IH2006,2019-12-26 09:31:09.600,2997.0000,6094,0,17985900.000,0,-,-,-,-,2997.2000,2997.0000,2996.8000,2996.6000,2995.2000,2998.8000,3000.2000,3001.0000,3001.4000,3001.8000,1,2,3,2,1,1,1,1,2,1
SF,IH2006,2019-12-26 09:31:10.100,2997.0000,6094,0,17985900.000,0,-,-,-,-,2997.4000,2997.2000,2997.0000,2996.8000,2996.6000,2998.8000,3000.2000,3001.0000,3001.4000,3001.8000,1,1,2,3,2,1,1,1,2,1
SF,IH2006,2019-12-26 09:31:10.600,2997.0000,6094,0,17985900.000,0,-,-,-,-,2997.4000,2997.2000,2997.0000,2996.8000,2996.6000,2998.8000,3000.2000,3001.0000,3001.4000,3001.8000,1,1,1,3,2,1,1,1,2,1
SF,IH2006,2019-12-26 09:31:11.600,2998.8000,6094,0,18885540.000,1,0,1,多换,S,2997.4000,2997.2000,2997.0000,2996.8000,2996.6000,3000.2000,3001.0000,3001.4000,3001.8000,3002.8000,1,1,1,3,2,1,1,2,1,2
SF,IH2006,2019-12-26 09:31:12.100,2998.8000,6094,0,18885540.000,0,-,-,-,-,2997.6000,2997.4000,2997.2000,2997.0000,2996.8000,3000.0000,3000.2000,3000.6000,3001.0000,3001.4000,1,1,1,1,2,3,1,1,1,2
SF,IH2006,2019-12-26 09:31:12.600,2998.8000,6094,0,18885540.000,0,-,-,-,-,2997.6000,2997.4000,2997.2000,2997.0000,2996.8000,3000.0000,3000.2000,3000.6000,3001.0000,3001.4000,1,1,1,1,2,3,1,1,1,2
SF,IH2006,2019-12-26 09:31:13.100,2998.8000,6094,0,18885540.000,0,-,-,-,-,2997.6000,2997.4000,2997.2000,2997.0000,2996.8000,3000.0000,3000.2000,3000.6000,3001.0000,3001.4000,1,1,1,1,2,3,1,1,1,2
SF,IH2006,2019-12-26 09:31:13.600,2998.8000,6094,0,18885540.000,0,-,-,-,-,2997.6000,2997.2000,2995.2000,2995.0000,2994.2000,2999.8000,3000.0000,3000.2000,3001.0000,3001.4000,1,1,1,1,1,1,1,1,1,2
SF,IH2006,2019-12-26 09:31:14.100,2998.8000,6094,0,18885540.000,0,-,-,-,-,2997.6000,2997.2000,2995.2000,2995.0000,2994.2000,2999.6000,3000.2000,3001.0000,3001.4000,3001.8000,1,1,1,1,1,2,1,1,2,1
SF,IH2006,2019-12-26 09:31:14.600,2998.8000,6094,0,18885540.000,0,-,-,-,-,2997.6000,2997.2000,2997.0000,2995.2000,2995.0000,2999.6000,3000.2000,3001.0000,3001.4000,3001.8000,1,1,1,1,1,2,1,1,2,1
SF,IH2006,2019-12-26 09:31:15.600,2998.8000,6094,0,18885540.000,0,-,-,-,-,2997.6000,2997.2000,2997.0000,2995.2000,2995.0000,2999.6000,3000.2000,3001.0000,3001.4000,3001.8000,1,1,1,1,1,1,1,1,2,1
SF,IH2006,2019-12-26 09:31:16.100,2998.8000,6094,0,18885540.000,0,-,-,-,-,2997.6000,2997.2000,2997.0000,2995.2000,2995.0000,2999.6000,3000.2000,3001.0000,3001.4000,3001.8000,1,1,1,1,1,2,1,1,2,1
SF,IH2006,2019-12-26 09:31:23.100,2998.8000,6094,0,18885540.000,0,-,-,-,-,2997.8000,2997.6000,2997.0000,2995.2000,2995.0000,2999.6000,3000.2000,3001.0000,3001.4000,3001.8000,1,1,1,1,1,2,1,1,2,1
SF,IH2006,2019-12-26 09:31:23.600,2998.8000,6094,0,18885540.000,0,-,-,-,-,2998.0000,2997.8000,2997.0000,2995.2000,2995.0000,2999.6000,3000.2000,3001.0000,3001.4000,3001.8000,1,1,1,1,1,2,1,1,2,1
SF,IH2006,2019-12-26 09:31:24.100,2998.0000,6094,0,19784940.000,1,0,1,多换,S,2997.8000,2997.0000,2995.2000,2995.0000,2994.2000,2999.6000,3000.2000,3001.0000,3001.4000,3001.8000,1,1,1,1,1,2,1,1,2,1
SF,IH2006,2019-12-26 09:31:25.600,2998.0000,6094,0,19784940.000,0,-,-,-,-,2997.8000,2997.0000,2995.2000,2995.0000,2994.2000,2999.6000,3000.2000,3001.0000,3001.4000,3001.8000,1,1,1,1,1,2,1,1,2,1
SF,IH2006,2019-12-26 09:31:26.100,2998.0000,6094,0,19784940.000,0,-,-,-,-,2998.0000,2997.8000,2997.0000,2995.2000,2995.0000,2999.4000,2999.6000,3000.2000,3001.0000,3001.4000,1,1,1,1,1,1,2,1,1,2
SF,IH2006,2019-12-26 09:31:26.600,2998.0000,6094,0,19784940.000,0,-,-,-,-,2998.0000,2997.8000,2997.0000,2995.2000,2995.0000,2999.2000,2999.4000,2999.6000,3000.2000,3001.0000,1,1,1,1,1,1,1,1,1,1
SF,IH2006,2019-12-26 09:31:27.100,2998.0000,6094,0,19784940.000,0,-,-,-,-,2998.0000,2997.8000,2997.0000,2995.2000,2995.0000,2999.2000,2999.6000,3000.2000,3001.0000,3001.4000,1,1,1,1,1,1,1,1,1,2
SF,IH2006,2019-12-26 09:31:27.600,2998.0000,6094,0,20684340.000,1,0,1,多换,S,2997.8000,2997.0000,2995.2000,2995.0000,2994.2000,2999.2000,2999.6000,3000.2000,3001.0000,3001.4000,1,1,1,1,1,1,1,1,1,2
SF,IH2006,2019-12-26 09:31:28.100,2998.0000,6094,0,20684340.000,0,-,-,-,-,2997.8000,2997.0000,2995.2000,2995.0000,2994.2000,2998.0000,2999.0000,2999.2000,2999.6000,3000.2000,1,1,1,1,1,1,1,1,1,1
SF,IH2006,2019-12-26 09:31:28.600,2998.0000,6094,0,23382540.000,3,1,2,多换,S,2997.8000,2997.0000,2995.2000,2995.0000,2994.2000,2999.0000,2999.2000,2999.6000,3000.2000,3001.0000,1,1,1,1,1,1,1,1,1,1
SF,IH2006,2019-12-26 09:31:29.100,2998.0000,6094,0,23382540.000,0,-,-,-,-,2998.0000,2997.8000,2997.0000,2995.2000,2995.0000,2998.8000,2999.0000,2999.6000,3000.2000,3001.0000,1,1,1,1,1,1,1,1,1,1
SF,IH2006,2019-12-26 09:31:29.600,2998.0000,6094,0,23382540.000,0,-,-,-,-,2998.0000,2997.8000,2997.0000,2995.2000,2995.0000,2998.8000,2999.6000,3000.2000,3001.0000,3001.4000,1,1,1,1,1,1,1,1,1,2
SF,IH2006,2019-12-26 09:31:30.100,2998.0000,6094,0,23382540.000,0,-,-,-,-,2998.0000,2997.8000,2997.0000,2995.2000,2995.0000,2998.2000,2998.8000,2999.6000,3000.2000,3001.0000,1,1,1,1,1,1,1,1,1,1
SF,IH2006,2019-12-26 09:31:30.600,2998.2000,6094,0,24282000.000,1,0,1,多换,S,2998.0000,2997.8000,2997.0000,2995.2000,2995.0000,2998.8000,2999.6000,3000.2000,3001.0000,3001.4000,1,1,1,1,1,1,1,1,1,2
SF,IH2006,2019-12-26 09:31:34.100,2998.0000,6094,0,25181400.000,1,0,1,多换,S,2997.8000,2997.0000,2995.2000,2995.0000,2994.2000,2998.8000,2999.6000,3000.2000,3001.0000,3001.4000,1,1,1,1,1,1,1,1,1,2
SF,IH2006,2019-12-26 09:31:34.600,2998.0000,6094,0,25181400.000,0,-,-,-,-,2998.2000,2998.0000,2997.8000,2997.0000,2995.2000,2998.8000,2999.6000,3000.2000,3001.0000,3001.4000,1,1,1,1,1,1,1,1,1,2
SF,IH2006,2019-12-26 09:31:35.100,2998.8000,6094,0,26081040.000,1,0,1,多换,S,2998.4000,2998.2000,2998.0000,2997.8000,2997.0000,2999.6000,3000.2000,3001.0000,3001.4000,3001.8000,1,1,1,1,1,1,1,1,2,1
SF,IH2006,2019-12-26 09:31:35.600,2998.8000,6094,0,26081040.000,0,-,-,-,-,2998.4000,2998.2000,2998.0000,2997.8000,2997.0000,2999.4000,2999.6000,3000.2000,3001.0000,3001.4000,1,1,1,1,1,1,1,1,1,2
SF,IH2006,2019-12-26 09:31:36.100,2998.8000,6094,0,26081040.000,0,-,-,-,-,2998.4000,2998.2000,2998.0000,2997.8000,2997.0000,2998.6000,2999.4000,2999.6000,3000.2000,3001.0000,1,1,1,1,1,1,1,1,1,1
SF,IH2006,2019-12-26 09:31:36.600,2998.4000,6094,0,29679420.000,4,2,2,多换,S,2998.2000,2998.0000,2997.8000,2997.0000,2995.2000,2999.6000,3000.2000,3001.0000,3001.4000,3001.8000,1,1,1,1,1,1,1,1,2,1
SF,IH2006,2019-12-26 09:31:37.100,2998.4000,6095,1,30578940.000,1,1,0,双开,S,2998.4000,2998.2000,2998.0000,2997.8000,2997.0000,2999.6000,3000.2000,3001.0000,3001.4000,3001.8000,1,1,1,1,1,1,1,1,2,1
SF,IH2006,2019-12-26 09:31:37.600,2998.4000,6095,0,30578940.000,0,-,-,-,-,2998.6000,2998.4000,2998.2000,2997.8000,2997.0000,2999.6000,3000.2000,3001.0000,3001.4000,3001.8000,1,1,1,1,1,1,1,1,2,1
SF,IH2006,2019-12-26 09:31:39.100,2999.6000,6095,0,31478820.000,1,0,1,多换,S,2998.8000,2998.6000,2998.4000,2998.2000,2997.8000,3000.2000,3001.8000,3002.8000,3004.8000,3005.6000,3,1,1,1,1,1,1,2,1,1
SF,IH2006,2019-12-26 09:31:39.600,2999.0000,6096,1,33278220.000,2,1,1,空开,S,2998.8000,2997.8000,2997.0000,2996.4000,2995.2000,3000.2000,3001.8000,3002.8000,3004.8000,3005.6000,3,1,1,1,1,1,1,2,1,1
SF,IH2006,2019-12-26 09:31:40.100,2999.0000,6096,0,33278220.000,0,-,-,-,-,2999.6000,2998.8000,2998.4000,2997.0000,2996.4000,3000.0000,3000.2000,3001.8000,3002.8000,3004.8000,1,3,1,1,1,3,1,1,2,1
SF,IH2006,2019-12-26 09:31:40.600,2999.6000,6095,-1,34178100.000,1,0,1,双平,S,2998.8000,2998.4000,2997.0000,2996.4000,2995.2000,3000.0000,3000.2000,3001.8000,3002.8000,3004.8000,3,1,1,1,1,2,1,1,2,1
SF,IH2006,2019-12-26 09:31:41.100,2999.6000,6095,0,34178100.000,0,-,-,-,-,2998.8000,2998.4000,2997.0000,2996.4000,2995.2000,2999.6000,2999.8000,3000.0000,3000.2000,3001.8000,3,1,1,1,1,1,1,2,1,1
SF,IH2006,2019-12-26 09:31:41.600,2999.8000,6094,-1,36877800.000,3,1,2,多平,S,2998.8000,2998.4000,2997.0000,2996.4000,2995.2000,3000.2000,3001.8000,3002.8000,3004.8000,3005.6000,3,1,1,1,1,1,1,2,1,1
SF,IH2006,2019-12-26 09:31:42.100,2999.0000,6094,0,37777500.000,1,0,1,多换,S,2999.0000,2998.8000,2998.4000,2997.0000,2996.4000,3000.2000,3001.8000,3002.8000,3004.8000,3005.6000,1,3,1,1,1,1,1,2,1,1
SF,IH2006,2019-12-26 09:31:43.100,2999.0000,6094,0,38677200.000,1,0,1,多换,S,2998.8000,2998.4000,2997.0000,2996.4000,2995.2000,3000.2000,3001.8000,3002.8000,3004.8000,3005.6000,3,1,1,1,1,1,1,2,1,1
SF,IH2006,2019-12-26 09:31:43.600,2999.0000,6094,0,40476600.000,2,1,1,多换,S,2998.8000,2998.4000,2997.0000,2996.4000,2995.2000,3000.0000,3000.2000,3001.8000,3002.8000,3004.8000,3,1,1,1,1,1,1,1,2,1
SF,IH2006,2019-12-26 09:31:44.100,2999.0000,6094,0,40476600.000,0,-,-,-,-,2998.8000,2998.4000,2997.0000,2996.4000,2995.2000,3000.0000,3000.2000,3001.8000,3002.8000,3004.8000,3,1,1,1,1,1,1,1,2,1
SF,IH2006,2019-12-26 09:31:44.600,2999.0000,6094,0,40476600.000,0,-,-,-,-,2998.8000,2997.0000,2996.4000,2995.2000,2995.0000,3000.0000,3000.2000,3001.8000,3002.8000,3004.8000,3,1,1,1,1,1,1,1,2,1
SF,IH2006,2019-12-26 09:31:45.100,2999.0000,6094,0,40476600.000,0,-,-,-,-,2999.0000,2998.8000,2997.0000,2996.4000,2995.2000,2999.8000,3000.0000,3000.2000,3001.8000,3002.8000,1,3,1,1,1,2,1,1,1,2
SF,IH2006,2019-12-26 09:31:45.600,2999.0000,6093,-1,41376300.000,1,0,1,双平,S,2999.2000,2999.0000,2998.8000,2997.0000,2996.4000,2999.6000,2999.8000,3000.2000,3001.8000,3002.8000,1,1,2,1,1,1,2,1,1,2
SF,IH2006,2019-12-26 09:31:46.100,2999.6000,6092,-1,42276180.000,1,0,1,双平,S,2999.4000,2999.2000,2999.0000,2997.0000,2996.4000,3000.2000,3001.8000,3002.8000,3004.8000,3005.6000,2,1,1,1,1,1,1,2,1,1
SF,IH2006,2019-12-26 09:31:46.600,2999.4000,6093,1,43176000.000,1,1,0,双开,S,2999.4000,2999.2000,2999.0000,2997.0000,2996.4000,3000.2000,3001.8000,3002.8000,3004.8000,3005.6000,1,1,1,1,1,1,1,2,1,1
SF,IH2006,2019-12-26 09:31:47.100,2999.4000,6093,0,43176000.000,0,-,-,-,-,3000.0000,2999.4000,2999.2000,2999.0000,2997.0000,3000.2000,3001.8000,3002.8000,3004.8000,3005.6000,1,1,1,1,1,1,1,2,1,1
SF,IH2006,2019-12-26 09:31:47.600,2999.4000,6093,0,44975820.000,2,1,1,多换,S,2999.2000,2999.0000,2997.0000,2996.4000,2995.2000,3000.0000,3000.2000,3001.8000,3002.8000,3004.8000,1,2,1,1,1,1,1,1,2,1
SF,IH2006,2019-12-26 09:31:48.100,2999.4000,6093,0,44975820.000,0,-,-,-,-,2999.2000,2999.0000,2997.0000,2996.4000,2995.2000,2999.4000,3000.2000,3001.8000,3002.8000,3004.8000,1,2,1,1,1,1,1,1,2,1
SF,IH2006,2019-12-26 09:31:48.600,2999.4000,6093,0,46775460.000,2,1,1,多换,S,2999.2000,2999.0000,2997.0000,2996.4000,2995.2000,2999.4000,3000.2000,3001.8000,3002.8000,3004.8000,1,2,1,1,1,1,1,1,2,1
SF,IH2006,2019-12-26 09:31:49.100,2999.4000,6093,0,47675280.000,1,0,1,多换,S,2999.0000,2997.0000,2996.4000,2995.2000,2995.0000,3000.2000,3001.8000,3002.8000,3004.8000,3005.6000,2,1,1,1,1,1,1,2,1,1
SF,IH2006,2019-12-26 09:31:49.600,2999.4000,6093,0,47675280.000,0,-,-,-,-,2999.0000,2997.0000,2996.4000,2995.2000,2995.0000,3000.0000,3000.2000,3001.8000,3002.8000,3004.8000,2,1,1,1,1,1,1,1,2,1
SF,IH2006,2019-12-26 09:31:50.100,2999.4000,6093,0,47675280.000,0,-,-,-,-,2999.4000,2999.0000,2997.0000,2996.4000,2995.2000,3000.0000,3000.2000,3001.8000,3002.8000,3004.8000,1,2,1,1,1,1,1,1,2,1
SF,IH2006,2019-12-26 09:31:51.600,2999.4000,6093,0,47675280.000,0,-,-,-,-,2999.4000,2999.0000,2997.0000,2996.4000,2995.2000,3000.0000,3000.2000,3001.8000,3002.8000,3004.8000,1,2,1,1,1,1,1,1,2,1
SF,IH2006,2019-12-26 09:31:52.100,2999.4000,6093,0,47675280.000,0,-,-,-,-,2999.4000,2999.0000,2997.0000,2996.4000,2995.2000,3000.2000,3001.8000,3002.8000,3004.8000,3005.6000,1,2,1,1,1,1,1,2,1,1
SF,IH2006,2019-12-26 09:31:52.600,2999.4000,6093,0,47675280.000,0,-,-,-,-,2999.4000,2999.0000,2997.0000,2995.2000,2995.0000,3000.2000,3001.8000,3002.8000,3004.8000,3005.6000,2,2,1,1,1,1,1,2,1,1
SF,IH2006,2019-12-26 09:31:55.600,2999.4000,6093,0,47675280.000,0,-,-,-,-,2999.4000,2999.0000,2997.0000,2995.2000,2995.0000,3000.2000,3001.8000,3002.8000,3004.8000,3005.6000,1,2,1,1,1,1,1,2,1,1
SF,IH2006,2019-12-26 09:31:57.600,2999.4000,6093,0,47675280.000,0,-,-,-,-,2999.4000,2999.0000,2997.0000,2995.2000,2995.0000,3000.2000,3001.8000,3002.8000,3004.8000,3005.6000,1,2,1,1,1,1,1,2,1,1
SF,IH2006,2019-12-26 09:31:58.100,2999.4000,6093,0,47675280.000,0,-,-,-,-,2999.4000,2999.0000,2997.0000,2995.2000,2995.0000,3000.2000,3001.8000,3002.8000,3004.8000,3005.6000,1,2,1,1,2,1,1,2,1,1
SF,IH2006,2019-12-26 09:31:58.600,2999.4000,6093,0,47675280.000,0,-,-,-,-,2999.6000,2999.4000,2999.0000,2997.0000,2995.2000,3000.2000,3001.8000,3002.8000,3004.8000,3005.6000,1,1,2,1,1,1,1,2,1,1
SF,IH2006,2019-12-26 09:31:59.100,2999.4000,6093,0,47675280.000,0,-,-,-,-,2999.6000,2999.4000,2999.0000,2997.0000,2995.2000,3000.2000,3001.8000,3002.8000,3004.8000,3005.6000,2,1,2,1,1,1,1,2,1,1
SF,IH2006,2019-12-26 09:32:00.100,3000.2000,6092,-1,48575340.000,1,0,1,双平,S,2999.6000,2999.4000,2999.0000,2997.0000,2995.2000,3001.8000,3002.8000,3004.8000,3005.6000,3006.0000,2,1,2,1,1,1,2,1,1,3
SF,IH2006,2019-12-26 09:32:00.600,3000.2000,6092,0,48575340.000,0,-,-,-,-,2999.8000,2999.6000,2999.4000,2999.0000,2997.0000,3001.6000,3001.8000,3002.8000,3004.8000,3005.6000,1,2,1,2,1,1,1,2,1,1
SF,IH2006,2019-12-26 09:32:01.600,3000.2000,6092,0,48575340.000,0,-,-,-,-,2999.8000,2999.6000,2999.4000,2999.0000,2997.0000,3001.6000,3001.8000,3002.8000,3004.8000,3005.6000,1,2,1,1,1,1,1,2,1,1
SF,IH2006,2019-12-26 09:32:02.100,3000.2000,6092,0,48575340.000,0,-,-,-,-,2999.8000,2999.6000,2999.4000,2999.0000,2997.0000,3001.6000,3001.8000,3004.8000,3005.6000,3006.0000,1,2,1,1,1,1,1,1,1,3
SF,IH2006,2019-12-26 09:32:02.600,3000.2000,6092,0,48575340.000,0,-,-,-,-,3000.2000,2999.8000,2999.6000,2999.4000,2999.0000,3001.8000,3004.8000,3005.6000,3006.0000,3008.0000,1,1,2,1,1,1,1,1,3,1
SF,IH2006,2019-12-26 09:32:03.100,3000.2000,6092,0,48575340.000,0,-,-,-,-,3000.4000,3000.2000,2999.6000,2999.4000,2999.0000,3001.8000,3004.8000,3005.6000,3006.0000,3008.0000,2,1,2,1,1,1,1,1,3,1
SF,IH2006,2019-12-26 09:32:03.600,3001.8000,6093,1,49475880.000,1,1,0,双开,S,3000.4000,3000.2000,2999.6000,2999.4000,2999.0000,3004.8000,3005.6000,3006.0000,3008.0000,3009.0000,3,1,2,1,1,1,1,3,1,1
SF,IH2006,2019-12-26 09:32:04.100,3000.4000,6094,1,51276120.000,2,1,1,空开,S,3000.2000,2999.6000,2999.4000,2999.0000,2998.4000,3004.2000,3004.6000,3004.8000,3005.6000,3006.0000,1,2,1,1,3,1,3,2,1,3
SF,IH2006,2019-12-26 09:32:04.600,3000.2000,6095,1,53076300.000,2,1,1,空开,S,2999.6000,2999.4000,2997.0000,2995.2000,2995.0000,3004.0000,3004.2000,3004.6000,3004.8000,3005.6000,2,1,1,3,2,4,1,2,1,1
SF,IH2006,2019-12-26 09:32:05.100,3000.2000,6095,0,53076300.000,0,-,-,-,-,3000.2000,2999.8000,2999.6000,2999.4000,2997.0000,3004.0000,3004.6000,3004.8000,3005.6000,3006.0000,1,2,2,1,1,4,2,1,1,3
SF,IH2006,2019-12-26 09:32:05.600,3000.2000,6095,0,53076300.000,0,-,-,-,-,3000.4000,3000.2000,2999.8000,2999.6000,2999.4000,3002.6000,3003.8000,3004.0000,3004.6000,3004.8000,1,1,1,2,1,1,2,4,2,1
SF,IH2006,2019-12-26 09:32:06.100,3000.2000,6095,0,53076300.000,0,-,-,-,-,3000.2000,2999.8000,2999.6000,2999.4000,2997.0000,3002.4000,3002.6000,3003.8000,3004.0000,3004.6000,1,1,2,1,1,2,1,1,2,2
SF,IH2006,2019-12-26 09:32:06.600,3000.2000,6095,0,53076300.000,0,-,-,-,-,3000.2000,2999.8000,2999.6000,2999.4000,2997.0000,3002.4000,3003.4000,3003.8000,3004.0000,3004.6000,1,1,2,1,1,1,1,1,2,2
SF,IH2006,2019-12-26 09:32:07.100,3000.2000,6095,0,53076300.000,0,-,-,-,-,3000.2000,2999.8000,2999.6000,2999.4000,2997.0000,3002.0000,3002.2000,3002.4000,3003.4000,3003.8000,1,1,2,1,1,1,1,1,1,1
SF,IH2006,2019-12-26 09:32:07.600,3000.2000,6095,0,53076300.000,0,-,-,-,-,3000.2000,2999.6000,2999.4000,2997.0000,2995.2000,3001.8000,3002.0000,3003.4000,3003.8000,3004.0000,1,1,1,1,3,1,1,1,1,2
SF,IH2006,2019-12-26 09:32:08.100,3000.2000,6095,0,53076300.000,0,-,-,-,-,3000.2000,2999.6000,2999.4000,2997.0000,2995.6000,3001.8000,3002.0000,3003.4000,3003.8000,3004.0000,1,1,1,1,1,1,1,1,1,2
SF,IH2006,2019-12-26 09:32:12.100,3000.2000,6095,0,53076300.000,0,-,-,-,-,3000.2000,2999.6000,2999.4000,2997.0000,2995.6000,3001.8000,3002.0000,3003.4000,3003.8000,3004.0000,2,1,1,1,1,1,1,1,1,2
SF,IH2006,2019-12-26 09:32:15.600,3000.2000,6095,0,53076300.000,0,-,-,-,-,3000.2000,2999.4000,2997.0000,2995.6000,2995.2000,3001.8000,3002.0000,3003.4000,3003.8000,3004.0000,2,1,1,1,3,1,1,1,1,2
SF,IH2006,2019-12-26 09:32:16.600,3001.8000,6095,0,53976840.000,1,0,1,多换,S,3000.2000,2999.4000,2997.0000,2995.6000,2995.2000,3002.0000,3003.4000,3003.8000,3004.0000,3004.6000,2,1,1,1,3,1,1,1,2,2
SF,IH2006,2019-12-26 09:32:17.100,3001.8000,6095,0,53976840.000,0,-,-,-,-,3000.4000,3000.2000,2999.4000,2997.0000,2995.6000,3001.8000,3002.0000,3003.4000,3003.8000,3004.0000,1,2,1,1,1,1,1,1,1,2
SF,IH2006,2019-12-26 09:32:19.600,3001.8000,6095,0,53976840.000,0,-,-,-,-,3000.4000,3000.2000,2999.4000,2997.0000,2995.6000,3001.8000,3002.0000,3003.4000,3003.8000,3004.0000,1,2,1,1,1,1,1,1,1,2
SF,IH2006,2019-12-26 09:32:20.100,3001.8000,6095,0,53976840.000,0,-,-,-,-,3000.4000,3000.2000,2999.4000,2997.0000,2995.6000,3001.8000,3003.4000,3003.8000,3004.0000,3004.6000,1,2,1,1,1,1,1,1,2,2
SF,IH2006,2019-12-26 09:32:21.600,3001.8000,6095,0,53976840.000,0,-,-,-,-,3000.4000,3000.2000,2999.4000,2997.0000,2995.6000,3001.8000,3003.4000,3003.8000,3004.0000,3004.6000,1,2,1,1,1,1,1,1,1,2
SF,IH2006,2019-12-26 09:32:22.100,3001.8000,6095,0,53976840.000,0,-,-,-,-,3000.4000,3000.2000,2999.4000,2997.0000,2995.6000,3001.8000,3003.4000,3003.8000,3004.0000,3004.6000,2,2,1,1,1,1,1,1,1,2
SF,IH2006,2019-12-26 09:32:22.600,3001.8000,6095,0,53976840.000,0,-,-,-,-,3000.4000,3000.2000,2999.4000,2997.0000,2995.6000,3001.8000,3003.4000,3003.8000,3004.0000,3004.6000,1,2,1,1,1,1,1,1,1,2
SF,IH2006,2019-12-26 09:32:23.100,3001.8000,6095,0,53976840.000,0,-,-,-,-,3000.4000,3000.2000,2999.4000,2997.0000,2995.6000,3001.8000,3003.4000,3003.8000,3004.0000,3004.6000,1,1,1,1,1,1,1,1,1,2
SF,IH2006,2019-12-26 09:32:23.600,3000.6000,6094,-1,54877020.000,1,0,1,双平,S,3000.6000,3000.2000,2999.4000,2997.0000,2995.6000,3001.8000,3003.4000,3003.8000,3004.0000,3004.6000,1,1,1,1,1,1,1,1,1,2
SF,IH2006,2019-12-26 09:32:26.100,3000.6000,6094,0,55777200.000,1,0,1,多换,S,3000.2000,2999.4000,2997.0000,2995.6000,2995.2000,3001.8000,3003.4000,3003.8000,3004.0000,3004.6000,1,1,1,1,3,1,1,1,1,2
SF,IH2006,2019-12-26 09:32:27.100,3000.6000,6094,0,55777200.000,0,-,-,-,-,2999.4000,2997.0000,2995.6000,2995.2000,2995.0000,3001.8000,3003.4000,3003.8000,3004.0000,3004.6000,1,1,1,3,2,1,1,1,1,2
SF,IH2006,2019-12-26 09:32:27.600,3000.6000,6094,0,55777200.000,0,-,-,-,-,2999.6000,2999.4000,2997.0000,2995.6000,2995.2000,3001.8000,3003.4000,3003.8000,3004.0000,3004.6000,2,1,1,1,3,1,1,1,1,2
SF,IH2006,2019-12-26 09:32:29.100,2999.6000,6093,-1,56677080.000,1,0,1,双平,S,2999.8000,2999.6000,2999.4000,2997.0000,2995.6000,3001.8000,3003.4000,3003.8000,3004.0000,3004.6000,1,1,1,1,1,1,1,1,1,2
SF,IH2006,2019-12-26 09:32:29.600,2999.6000,6093,0,56677080.000,0,-,-,-,-,3000.0000,2999.8000,2999.6000,2999.4000,2997.0000,3001.8000,3003.4000,3003.8000,3004.0000,3004.6000,1,1,1,1,1,1,1,1,1,2
SF,IH2006,2019-12-26 09:32:30.100,2999.6000,6093,0,56677080.000,0,-,-,-,-,3000.0000,2999.8000,2999.6000,2999.4000,2997.0000,3001.8000,3003.4000,3003.8000,3004.0000,3004.6000,2,1,1,1,1,1,1,1,1,2
SF,IH2006,2019-12-26 09:32:31.100,2999.6000,6093,0,56677080.000,0,-,-,-,-,3000.2000,3000.0000,2999.8000,2999.6000,2999.4000,3001.8000,3003.4000,3003.8000,3004.0000,3004.6000,1,2,1,1,1,1,1,1,1,2
SF,IH2006,2019-12-26 09:32:31.600,2999.6000,6093,0,56677080.000,0,-,-,-,-,3000.4000,3000.2000,3000.0000,2999.8000,2999.6000,3001.8000,3003.4000,3003.8000,3004.0000,3004.6000,1,1,2,1,1,1,1,1,1,2
SF,IH2006,2019-12-26 09:32:32.600,3000.0000,6092,-1,57577080.000,1,0,1,双平,S,3000.2000,3000.0000,2999.8000,2999.6000,2999.4000,3001.8000,3003.4000,3003.8000,3004.0000,3004.6000,1,2,1,1,1,1,1,1,1,2
SF,IH2006,2019-12-26 09:32:33.100,3000.0000,6092,0,57577080.000,0,-,-,-,-,3000.4000,3000.2000,3000.0000,2999.8000,2999.6000,3001.6000,3001.8000,3003.4000,3003.8000,3004.0000,1,1,2,1,1,1,1,1,1,1
SF,IH2006,2019-12-26 09:32:33.600,3000.0000,6092,0,57577080.000,0,-,-,-,-,3000.4000,3000.2000,3000.0000,2999.8000,2999.6000,3001.4000,3001.6000,3003.4000,3003.8000,3004.0000,1,1,2,1,1,1,1,1,1,1
SF,IH2006,2019-12-26 09:32:34.100,3000.0000,6092,0,57577080.000,0,-,-,-,-,3000.4000,3000.2000,3000.0000,2999.8000,2999.6000,3001.4000,3001.6000,3003.4000,3003.8000,3004.0000,1,2,2,1,1,1,1,1,1,1
SF,IH2006,2019-12-26 09:32:34.600,3000.0000,6092,0,57577080.000,0,-,-,-,-,3000.4000,3000.2000,3000.0000,2999.8000,2999.6000,3001.4000,3003.4000,3003.8000,3004.0000,3004.6000,1,2,2,1,1,1,1,1,1,2
SF,IH2006,2019-12-26 09:32:35.100,3000.0000,6092,0,57577080.000,0,-,-,-,-,3000.4000,3000.2000,3000.0000,2999.8000,2999.6000,3001.2000,3001.4000,3003.4000,3003.8000,3004.0000,1,2,2,1,1,1,1,1,1,1
SF,IH2006,2019-12-26 09:32:35.600,3000.0000,6092,0,57577080.000,0,-,-,-,-,3000.4000,3000.2000,3000.0000,2999.8000,2999.6000,3001.0000,3001.2000,3003.4000,3003.8000,3004.0000,1,1,2,1,1,1,1,1,1,1
SF,IH2006,2019-12-26 09:32:36.100,3001.0000,6091,-1,58477380.000,1,0,1,双平,S,3001.0000,3000.4000,3000.2000,3000.0000,2999.6000,3003.4000,3003.8000,3004.0000,3004.6000,3004.8000,1,1,1,2,1,1,1,1,2,1
SF,IH2006,2019-12-26 09:32:36.600,3001.0000,6091,0,59377680.000,1,0,1,多换,S,3000.4000,3000.2000,3000.0000,2999.6000,2999.4000,3002.6000,3003.2000,3003.4000,3003.8000,3004.0000,1,1,1,1,1,1,3,1,2,1
SF,IH2006,2019-12-26 09:32:37.100,3001.0000,6091,0,59377680.000,0,-,-,-,-,3000.6000,3000.4000,3000.2000,3000.0000,2999.6000,3002.4000,3002.6000,3003.2000,3003.4000,3003.8000,2,1,1,1,1,1,1,2,1,2
SF,IH2006,2019-12-26 09:32:37.600,3001.0000,6091,0,59377680.000,0,-,-,-,-,3000.8000,3000.6000,3000.4000,3000.2000,3000.0000,3002.4000,3002.6000,3003.2000,3003.4000,3003.8000,2,2,2,1,1,1,1,1,1,2
SF,IH2006,2019-12-26 09:32:38.100,3001.0000,6091,0,59377680.000,0,-,-,-,-,3000.8000,3000.6000,3000.4000,3000.2000,3000.0000,3002.4000,3003.2000,3003.4000,3003.8000,3004.0000,2,2,2,1,1,1,1,1,2,1
SF,IH2006,2019-12-26 09:32:38.600,3001.0000,6091,0,59377680.000,0,-,-,-,-,3000.8000,3000.6000,3000.4000,3000.2000,3000.0000,3002.4000,3003.2000,3003.8000,3004.0000,3004.6000,2,2,2,1,1,1,1,2,1,2
SF,IH2006,2019-12-26 09:32:39.600,3001.0000,6091,0,59377680.000,0,-,-,-,-,3000.8000,3000.6000,3000.4000,3000.2000,3000.0000,3002.4000,3003.2000,3003.8000,3004.0000,3004.6000,2,2,1,1,1,1,1,2,1,2
SF,IH2006,2019-12-26 09:32:40.100,3000.8000,6091,0,61178160.000,2,1,1,多换,S,3000.6000,3000.4000,3000.2000,3000.0000,2999.6000,3002.2000,3002.4000,3003.0000,3003.2000,3003.8000,2,1,1,1,1,2,1,1,1,2
SF,IH2006,2019-12-26 09:32:40.600,3000.6000,6089,-2,62978520.000,2,0,2,双平,S,3000.2000,3000.0000,2999.6000,2999.4000,2995.6000,3000.8000,3002.0000,3002.2000,3003.0000,3003.2000,1,1,1,1,1,2,1,3,1,1
SF,IH2006,2019-12-26 09:32:41.100,3000.6000,6089,0,62978520.000,0,-,-,-,-,3000.2000,2999.4000,2995.6000,2995.2000,2995.0000,3000.6000,3000.8000,3002.2000,3003.0000,3003.2000,1,1,1,3,2,1,2,2,1,1
SF,IH2006,2019-12-26 09:32:41.600,3000.2000,6089,0,63878580.000,1,0,1,多换,S,2999.4000,2995.6000,2995.2000,2995.0000,2994.2000,3000.8000,3002.2000,3003.0000,3003.2000,3004.0000,1,1,3,2,1,2,2,1,1,1
SF,IH2006,2019-12-26 09:32:42.100,3000.2000,6089,0,63878580.000,0,-,-,-,-,2999.4000,2995.6000,2995.2000,2995.0000,2994.2000,3000.6000,3002.2000,3003.0000,3003.2000,3004.0000,1,1,3,2,1,1,2,1,1,1
SF,IH2006,2019-12-26 09:32:42.600,3000.2000,6089,0,63878580.000,0,-,-,-,-,2999.4000,2995.6000,2995.2000,2995.0000,2994.2000,3000.2000,3000.4000,3000.6000,3002.2000,3003.0000,1,1,3,2,1,1,1,1,2,1
SF,IH2006,2019-12-26 09:32:43.600,3000.2000,6089,0,63878580.000,0,-,-,-,-,2999.4000,2995.6000,2995.2000,2995.0000,2994.2000,3000.2000,3000.6000,3002.2000,3003.0000,3003.2000,1,1,3,2,1,1,1,2,1,1
SF,IH2006,2019-12-26 09:32:47.100,3000.2000,6089,0,64778640.000,1,0,1,多换,S,2999.4000,2995.6000,2995.2000,2995.0000,2994.2000,3000.6000,3002.2000,3003.0000,3003.2000,3004.0000,1,1,3,2,1,1,2,1,1,1
SF,IH2006,2019-12-26 09:33:05.600,2999.4000,6089,0,65678460.000,1,0,1,多换,S,2995.6000,2995.2000,2995.0000,2994.2000,2993.0000,3000.6000,3002.2000,3003.0000,3003.2000,3004.0000,1,3,2,1,3,1,2,1,1,1
SF,IH2006,2019-12-26 09:33:06.100,2999.4000,6089,0,65678460.000,0,-,-,-,-,2996.0000,2995.8000,2995.6000,2995.2000,2995.0000,3000.4000,3000.6000,3002.2000,3003.0000,3003.2000,2,2,1,3,2,1,1,2,1,1
SF,IH2006,2019-12-26 09:33:06.600,2999.4000,6089,0,65678460.000,0,-,-,-,-,2996.2000,2996.0000,2995.6000,2995.2000,2995.0000,3000.2000,3000.4000,3002.2000,3003.0000,3003.2000,3,2,1,3,2,1,1,2,1,1
SF,IH2006,2019-12-26 09:33:07.100,2999.4000,6089,0,65678460.000,0,-,-,-,-,2996.2000,2996.0000,2995.6000,2995.2000,2995.0000,3000.2000,3002.2000,3003.0000,3003.2000,3004.0000,3,2,1,3,2,1,2,1,1,1
SF,IH2006,2019-12-26 09:33:08.100,2999.4000,6089,0,65678460.000,0,-,-,-,-,2996.8000,2996.2000,2996.0000,2995.6000,2995.2000,3000.0000,3000.2000,3002.2000,3003.0000,3003.2000,1,3,2,1,3,2,1,2,1,1
SF,IH2006,2019-12-26 09:33:08.600,2999.4000,6089,0,65678460.000,0,-,-,-,-,2997.0000,2996.8000,2996.2000,2996.0000,2995.6000,2999.8000,3000.0000,3002.2000,3003.0000,3003.2000,1,1,2,2,1,1,2,2,1,1
SF,IH2006,2019-12-26 09:33:09.100,2999.4000,6089,0,65678460.000,0,-,-,-,-,2997.2000,2997.0000,2996.8000,2996.2000,2996.0000,2999.8000,3002.2000,3003.0000,3003.2000,3004.0000,1,1,1,2,2,1,2,1,1,1
SF,IH2006,2019-12-26 09:33:09.600,2999.4000,6089,0,65678460.000,0,-,-,-,-,2997.6000,2997.4000,2997.2000,2996.2000,2996.0000,2999.8000,3002.2000,3003.0000,3003.2000,3004.0000,1,1,1,2,2,1,2,1,1,1
SF,IH2006,2019-12-26 09:33:10.100,2999.8000,6089,0,66578400.000,1,0,1,多换,S,3002.0000,2997.8000,2997.6000,2997.2000,2996.2000,3002.2000,3003.0000,3003.2000,3004.0000,3004.6000,1,2,1,1,2,2,1,1,1,2
SF,IH2006,2019-12-26 09:33:10.600,3002.0000,6089,0,67479000.000,1,0,1,多换,S,2997.8000,2997.6000,2996.2000,2996.0000,2995.6000,3000.0000,3001.8000,3002.0000,3002.2000,3002.6000,1,1,1,2,1,2,1,2,2,1
SF,IH2006,2019-12-26 09:33:11.100,3002.0000,6089,0,67479000.000,0,-,-,-,-,2998.2000,2998.0000,2997.8000,2996.2000,2996.0000,3001.8000,3002.0000,3002.2000,3002.6000,3003.0000,1,2,1,1,2,1,3,2,1,1
SF,IH2006,2019-12-26 09:33:11.600,3002.0000,6089,0,67479000.000,0,-,-,-,-,2998.4000,2998.2000,2998.0000,2997.8000,2996.2000,3001.6000,3002.0000,3002.2000,3002.6000,3003.0000,2,1,1,1,1,2,3,1,1,1
SF,IH2006,2019-12-26 09:33:12.100,3002.0000,6089,0,67479000.000,0,-,-,-,-,2998.4000,2998.2000,2998.0000,2997.8000,2996.2000,3001.0000,3001.4000,3001.6000,3002.0000,3002.2000,2,1,1,1,1,1,2,1,2,1
SF,IH2006,2019-12-26 09:33:12.600,3002.0000,6089,0,67479000.000,0,-,-,-,-,2999.0000,2998.4000,2998.0000,2996.2000,2996.0000,3000.8000,3001.0000,3001.4000,3002.0000,3002.2000,1,2,2,1,2,1,1,3,2,1
SF,IH2006,2019-12-26 09:33:13.100,3002.0000,6089,0,67479000.000,0,-,-,-,-,2999.2000,2999.0000,2998.8000,2998.4000,2998.0000,3000.6000,3000.8000,3001.0000,3001.4000,3002.0000,1,1,1,2,2,1,1,1,3,3
SF,IH2006,2019-12-26 09:33:13.600,3002.0000,6089,0,67479000.000,0,-,-,-,-,2999.4000,2999.2000,2999.0000,2998.8000,2998.4000,3000.6000,3000.8000,3001.0000,3001.4000,3002.0000,1,1,1,1,1,1,1,1,1,3
SF,IH2006,2019-12-26 09:33:14.100,3002.0000,6089,0,67479000.000,0,-,-,-,-,2999.2000,2999.0000,2998.8000,2998.4000,2998.0000,3000.4000,3000.6000,3001.0000,3001.4000,3002.0000,1,1,1,1,2,1,1,1,1,3
SF,IH2006,2019-12-26 09:33:14.600,3002.0000,6089,0,67479000.000,0,-,-,-,-,2999.2000,2999.0000,2998.8000,2998.4000,2998.0000,3000.2000,3000.4000,3000.6000,3001.0000,3001.4000,1,1,1,1,2,1,1,1,1,1
SF,IH2006,2019-12-26 09:33:15.100,3000.2000,6088,-1,68379060.000,1,0,1,双平,S,2999.2000,2998.8000,2998.4000,2998.0000,2996.0000,3000.4000,3001.0000,3001.4000,3002.0000,3002.2000,1,1,1,2,2,1,1,1,3,1
SF,IH2006,2019-12-26 09:33:15.600,3000.2000,6088,0,68379060.000,0,-,-,-,-,2999.2000,2998.4000,2998.0000,2996.0000,2995.6000,3000.2000,3000.4000,3001.0000,3001.4000,3002.0000,1,1,2,2,1,1,1,1,1,4
SF,IH2006,2019-12-26 09:33:16.100,3000.2000,6088,0,68379060.000,0,-,-,-,-,2999.2000,2998.4000,2998.0000,2997.8000,2996.0000,3000.2000,3000.4000,3001.0000,3001.4000,3002.0000,1,1,2,1,2,1,1,1,1,4
SF,IH2006,2019-12-26 09:33:16.600,3000.2000,6088,0,68379060.000,0,-,-,-,-,2999.4000,2999.2000,2998.4000,2998.0000,2997.8000,3000.4000,3001.0000,3001.4000,3002.0000,3002.2000,1,1,1,2,1,1,1,1,4,1
SF,IH2006,2019-12-26 09:33:17.600,3000.2000,6088,0,68379060.000,0,-,-,-,-,2999.4000,2999.2000,2998.4000,2998.0000,2997.8000,3000.4000,3001.0000,3002.0000,3002.2000,3002.6000,1,1,1,2,1,1,1,4,1,1
SF,IH2006,2019-12-26 09:33:18.100,2999.4000,6087,-1,69278880.000,1,0,1,双平,S,2999.2000,2998.4000,2998.0000,2996.0000,2995.6000,3000.2000,3000.4000,3001.0000,3002.0000,3002.2000,1,1,2,2,1,1,1,1,4,1
SF,IH2006,2019-12-26 09:33:18.600,2999.4000,6087,0,69278880.000,0,-,-,-,-,2999.6000,2999.2000,2998.4000,2998.0000,2996.0000,3000.2000,3000.4000,3001.0000,3002.0000,3002.2000,1,1,1,2,2,1,1,1,5,1
SF,IH2006,2019-12-26 09:33:19.100,2999.6000,6087,0,70178760.000,1,0,1,多换,S,2999.2000,2998.4000,2998.0000,2996.0000,2995.6000,3000.2000,3000.4000,3001.0000,3002.0000,3002.2000,1,1,2,2,1,1,1,1,5,1
SF,IH2006,2019-12-26 09:33:20.100,2999.6000,6087,0,70178760.000,0,-,-,-,-,2999.2000,2998.4000,2998.0000,2996.0000,2995.6000,2999.6000,3000.2000,3000.4000,3001.0000,3002.0000,1,1,2,2,1,1,1,1,1,5
SF,IH2006,2019-12-26 09:33:20.600,2999.6000,6087,0,70178760.000,0,-,-,-,-,2999.2000,2998.4000,2998.0000,2996.0000,2995.6000,2999.6000,3000.4000,3001.0000,3002.0000,3002.2000,1,1,2,2,1,1,1,1,5,1
SF,IH2006,2019-12-26 09:33:21.600,2999.6000,6087,0,70178760.000,0,-,-,-,-,2998.4000,2998.0000,2996.0000,2995.6000,2995.2000,2999.2000,2999.6000,3000.4000,3001.0000,3002.0000,1,2,2,1,3,1,1,1,1,5
SF,IH2006,2019-12-26 09:33:22.100,2999.2000,6086,-1,71078520.000,1,0,1,双平,S,2999.4000,2999.2000,2998.6000,2998.4000,2998.0000,2999.6000,3000.4000,3001.0000,3002.0000,3002.2000,1,1,1,1,2,1,1,1,5,1
SF,IH2006,2019-12-26 09:33:22.600,2999.6000,6085,-1,71978400.000,1,0,1,双平,S,2999.4000,2999.2000,2998.6000,2998.4000,2998.0000,3000.4000,3001.0000,3002.0000,3002.2000,3002.6000,1,1,1,1,2,1,1,5,1,1
SF,IH2006,2019-12-26 09:33:23.100,2999.6000,6085,0,71978400.000,0,-,-,-,-,2999.4000,2999.2000,2998.6000,2998.4000,2998.0000,3000.2000,3000.4000,3001.0000,3002.0000,3002.2000,1,1,1,1,1,1,1,1,5,1
SF,IH2006,2019-12-26 09:33:23.600,2999.6000,6085,0,71978400.000,0,-,-,-,-,2999.4000,2999.2000,2998.6000,2998.4000,2998.0000,3000.2000,3001.0000,3002.0000,3002.2000,3002.6000,2,1,1,1,1,1,1,5,1,1
SF,IH2006,2019-12-26 09:33:24.100,2999.6000,6085,0,71978400.000,0,-,-,-,-,2999.4000,2999.2000,2998.6000,2998.4000,2998.0000,3001.0000,3002.0000,3002.2000,3002.6000,3003.0000,2,1,1,1,1,1,4,1,1,1
SF,IH2006,2019-12-26 09:33:24.600,2999.6000,6084,-1,72878280.000,1,0,1,双平,S,2999.4000,2999.2000,2998.4000,2998.0000,2996.0000,3002.0000,3002.2000,3002.6000,3003.0000,3003.2000,3,1,1,1,2,3,1,1,1,1
SF,IH2006,2019-12-26 09:33:25.100,2999.6000,6084,0,72878280.000,0,-,-,-,-,2999.8000,2999.6000,2999.4000,2999.2000,2998.4000,3001.6000,3001.8000,3002.0000,3002.2000,3002.6000,1,3,2,1,1,1,3,2,1,1
SF,IH2006,2019-12-26 09:33:25.600,2999.6000,6084,0,72878280.000,0,-,-,-,-,3000.0000,2999.8000,2999.6000,2999.4000,2999.2000,3001.4000,3001.8000,3002.0000,3002.2000,3003.0000,2,1,4,1,1,1,2,1,1,1
SF,IH2006,2019-12-26 09:33:26.100,2999.6000,6084,0,72878280.000,0,-,-,-,-,3000.2000,3000.0000,2999.8000,2999.6000,2999.4000,3001.4000,3002.0000,3002.2000,3003.0000,3003.2000,1,2,1,3,1,1,1,1,1,1
SF,IH2006,2019-12-26 09:33:26.600,2999.6000,6084,0,72878280.000,0,-,-,-,-,3000.4000,3000.2000,3000.0000,2999.6000,2999.4000,3001.2000,3001.4000,3002.0000,3002.2000,3003.0000,1,2,1,4,1,1,1,1,1,1
SF,IH2006,2019-12-26 09:33:27.100,2999.6000,6084,0,72878280.000,0,-,-,-,-,3000.4000,3000.2000,3000.0000,2999.6000,2999.4000,3001.0000,3001.2000,3002.0000,3002.2000,3003.0000,1,2,1,4,1,1,1,1,1,1
SF,IH2006,2019-12-26 09:33:27.600,2999.6000,6084,0,72878280.000,0,-,-,-,-,3000.4000,3000.2000,3000.0000,2999.6000,2999.4000,3001.0000,3002.0000,3002.2000,3003.0000,3003.2000,1,1,1,4,1,1,1,1,1,1
SF,IH2006,2019-12-26 09:33:29.600,2999.6000,6084,0,72878280.000,0,-,-,-,-,3000.2000,3000.0000,2999.6000,2999.4000,2999.2000,3001.0000,3002.0000,3002.2000,3003.0000,3003.2000,1,1,4,1,1,1,1,1,1,1
SF,IH2006,2019-12-26 09:33:30.100,2999.6000,6084,0,72878280.000,0,-,-,-,-,3000.6000,3000.2000,3000.0000,2999.6000,2999.4000,3000.8000,3001.0000,3002.0000,3002.2000,3003.0000,1,1,1,4,1,1,1,1,1,1
SF,IH2006,2019-12-26 09:33:30.600,2999.6000,6084,0,72878280.000,0,-,-,-,-,3000.6000,3000.0000,2999.6000,2999.4000,2999.2000,3000.8000,3001.0000,3002.0000,3002.2000,3003.0000,1,1,4,1,2,1,1,1,1,1
SF,IH2006,2019-12-26 09:33:31.100,2999.6000,6084,0,72878280.000,0,-,-,-,-,3000.6000,3000.0000,2999.6000,2999.4000,2999.2000,3001.0000,3002.0000,3002.2000,3003.0000,3003.2000,1,1,4,1,2,1,1,1,1,1
SF,IH2006,2019-12-26 09:33:31.600,2999.6000,6084,0,72878280.000,0,-,-,-,-,3001.0000,3000.6000,3000.0000,2999.6000,2999.4000,3002.0000,3002.2000,3003.0000,3003.2000,3004.6000,1,1,1,4,1,1,1,1,1,1
SF,IH2006,2019-12-26 09:33:32.100,2999.6000,6084,0,72878280.000,0,-,-,-,-,3000.6000,3000.0000,2999.6000,2999.4000,2999.2000,3001.8000,3002.0000,3002.2000,3003.0000,3003.2000,1,1,4,1,2,2,1,1,1,1
SF,IH2006,2019-12-26 09:33:33.100,3000.6000,6084,0,73778460.000,1,0,1,多换,S,3000.0000,2999.6000,2999.4000,2999.2000,2998.4000,3001.8000,3002.0000,3002.2000,3003.0000,3003.2000,1,4,1,1,1,1,1,1,1,1
SF,IH2006,2019-12-26 09:33:33.600,3000.6000,6084,0,73778460.000,0,-,-,-,-,3000.4000,3000.2000,3000.0000,2999.6000,2999.4000,3001.8000,3002.0000,3002.2000,3003.0000,3003.2000,1,1,1,4,1,1,1,1,1,1
SF,IH2006,2019-12-26 09:33:34.100,3000.6000,6084,0,73778460.000,0,-,-,-,-,3000.4000,3000.2000,3000.0000,2999.6000,2999.4000,3001.8000,3002.0000,3002.2000,3003.0000,3003.2000,2,1,1,3,1,1,1,1,1,1
SF,IH2006,2019-12-26 09:33:34.600,3000.6000,6084,0,73778460.000,0,-,-,-,-,3000.6000,3000.4000,3000.2000,3000.0000,2999.6000,3001.8000,3002.0000,3002.2000,3003.0000,3003.2000,1,2,1,1,3,1,1,1,1,1
SF,IH2006,2019-12-26 09:33:35.100,3000.6000,6084,0,73778460.000,0,-,-,-,-,3000.6000,3000.4000,3000.0000,2999.6000,2999.4000,3001.6000,3001.8000,3002.0000,3002.2000,3003.0000,1,2,1,3,1,1,1,1,1,1
SF,IH2006,2019-12-26 09:33:35.600,3000.6000,6084,0,73778460.000,0,-,-,-,-,3000.8000,3000.6000,3000.4000,3000.0000,2999.6000,3001.4000,3001.6000,3002.0000,3002.2000,3003.0000,1,1,2,1,3,1,1,1,1,1
SF,IH2006,2019-12-26 09:33:36.100,3000.6000,6084,0,73778460.000,0,-,-,-,-,3001.0000,3000.6000,3000.0000,2999.6000,2999.4000,3001.4000,3001.6000,3002.0000,3002.2000,3003.0000,1,1,1,3,1,2,1,1,1,1
SF,IH2006,2019-12-26 09:33:36.600,3001.0000,6083,-1,74678760.000,1,0,1,双平,S,3000.0000,2999.6000,2999.4000,2999.2000,2998.4000,3001.0000,3001.4000,3002.0000,3002.2000,3003.0000,1,3,1,1,1,1,1,1,1,1
SF,IH2006,2019-12-26 09:33:37.100,3001.0000,6083,0,74678760.000,0,-,-,-,-,3000.0000,2999.6000,2999.4000,2999.2000,2998.4000,3002.0000,3002.2000,3003.0000,3004.6000,3004.8000,1,3,1,1,1,1,1,1,1,1
SF,IH2006,2019-12-26 09:33:37.600,3001.0000,6083,0,74678760.000,0,-,-,-,-,3000.0000,2999.6000,2999.4000,2999.2000,2998.4000,3001.8000,3002.0000,3002.2000,3003.0000,3004.6000,1,3,1,1,1,1,1,1,1,1
SF,IH2006,2019-12-26 09:33:38.100,3001.0000,6083,0,74678760.000,0,-,-,-,-,3000.2000,3000.0000,2999.6000,2999.4000,2999.2000,3001.8000,3002.0000,3002.2000,3003.0000,3004.6000,1,1,3,1,1,1,1,1,1,1
SF,IH2006,2019-12-26 09:33:39.600,3001.0000,6083,0,74678760.000,0,-,-,-,-,3000.4000,3000.2000,3000.0000,2999.6000,2999.4000,3001.8000,3002.0000,3002.2000,3003.0000,3004.6000,1,1,1,3,1,1,1,1,1,1
SF,IH2006,2019-12-26 09:33:40.600,3001.0000,6083,0,74678760.000,0,-,-,-,-,3000.6000,3000.4000,3000.0000,2999.6000,2999.4000,3001.8000,3002.0000,3002.2000,3003.0000,3004.6000,1,2,1,3,1,1,1,1,1,1
SF,IH2006,2019-12-26 09:33:41.600,3001.0000,6083,0,74678760.000,0,-,-,-,-,3000.6000,3000.4000,3000.0000,2999.6000,2999.4000,3001.8000,3002.0000,3002.2000,3003.0000,3004.6000,2,2,1,3,1,1,1,1,1,1
SF,IH2006,2019-12-26 09:33:42.100,3001.0000,6083,0,74678760.000,0,-,-,-,-,3000.6000,3000.4000,3000.0000,2999.6000,2999.4000,3001.8000,3002.0000,3002.2000,3003.0000,3004.6000,2,1,1,3,1,1,1,1,1,1
SF,IH2006,2019-12-26 09:33:45.100,3001.0000,6083,0,74678760.000,0,-,-,-,-,3000.8000,3000.6000,3000.0000,2999.6000,2999.4000,3001.8000,3002.0000,3002.2000,3003.0000,3004.6000,1,1,1,3,1,1,1,1,1,1
SF,IH2006,2019-12-26 09:33:45.600,3001.0000,6083,0,74678760.000,0,-,-,-,-,3000.8000,3000.6000,3000.0000,2999.6000,2999.4000,3001.6000,3001.8000,3002.0000,3002.2000,3003.0000,1,1,1,3,1,1,1,1,1,2
SF,IH2006,2019-12-26 09:33:46.100,3001.0000,6083,0,74678760.000,0,-,-,-,-,3000.6000,3000.0000,2999.6000,2999.4000,2999.2000,3001.4000,3001.6000,3002.0000,3002.2000,3003.0000,1,1,3,1,1,1,1,1,1,2
SF,IH2006,2019-12-26 09:33:46.600,3001.0000,6083,0,74678760.000,0,-,-,-,-,3000.6000,3000.0000,2999.6000,2999.4000,2999.2000,3001.4000,3002.0000,3002.2000,3003.0000,3004.6000,1,2,3,1,1,1,1,1,2,1
SF,IH2006,2019-12-26 09:33:47.600,3001.0000,6083,0,74678760.000,0,-,-,-,-,3000.6000,3000.0000,2999.6000,2999.4000,2999.2000,3001.2000,3001.4000,3002.0000,3002.2000,3003.0000,1,2,3,1,1,1,1,1,1,2
SF,IH2006,2019-12-26 09:33:48.600,3001.0000,6083,0,74678760.000,0,-,-,-,-,3000.6000,3000.0000,2999.6000,2999.4000,2999.2000,3001.4000,3002.0000,3002.2000,3003.0000,3004.6000,1,2,3,1,1,1,1,1,2,1
SF,IH2006,2019-12-26 09:33:49.100,3001.0000,6083,0,74678760.000,0,-,-,-,-,3000.6000,3000.4000,3000.0000,2999.6000,2999.4000,3001.4000,3002.0000,3002.2000,3003.0000,3004.6000,1,1,2,3,1,1,1,1,2,1
SF,IH2006,2019-12-26 09:33:49.600,3001.0000,6083,0,74678760.000,0,-,-,-,-,3000.6000,3000.0000,2999.6000,2999.4000,2999.2000,3001.4000,3002.0000,3002.2000,3003.0000,3004.6000,1,2,3,1,1,1,1,1,2,1
SF,IH2006,2019-12-26 09:33:53.600,3001.4000,6082,-1,76479360.000,2,0,2,多平,S,3000.4000,3000.0000,2999.6000,2999.4000,2999.2000,3001.2000,3002.0000,3002.2000,3003.0000,3004.6000,1,2,3,1,1,1,1,1,2,1
SF,IH2006,2019-12-26 09:33:54.100,3001.2000,6082,0,77379720.000,1,0,1,多换,S,3000.0000,2999.6000,2999.4000,2999.2000,2998.4000,3002.0000,3002.2000,3003.0000,3004.6000,3004.8000,2,3,1,1,1,1,1,2,1,1
SF,IH2006,2019-12-26 09:33:55.100,3001.2000,6082,0,77379720.000,0,-,-,-,-,3000.4000,3000.0000,2999.6000,2999.4000,2999.2000,3002.0000,3002.2000,3003.0000,3004.6000,3004.8000,1,2,3,1,1,1,1,2,1,1
SF,IH2006,2019-12-26 09:33:55.600,3001.2000,6082,0,77379720.000,0,-,-,-,-,3000.6000,3000.4000,3000.0000,2999.6000,2999.4000,3001.8000,3002.0000,3002.2000,3003.0000,3004.6000,1,1,2,3,1,1,1,1,2,1
SF,IH2006,2019-12-26 09:33:56.100,3001.2000,6082,0,77379720.000,0,-,-,-,-,3000.8000,3000.6000,3000.4000,3000.0000,2999.6000,3001.8000,3002.0000,3002.2000,3003.0000,3004.6000,1,1,1,2,3,1,1,1,2,1
SF,IH2006,2019-12-26 09:33:56.600,3001.2000,6082,0,77379720.000,0,-,-,-,-,3000.8000,3000.6000,3000.0000,2999.6000,2999.4000,3001.8000,3002.0000,3002.2000,3003.0000,3004.6000,1,1,2,3,1,1,1,1,2,1
SF,IH2006,2019-12-26 09:33:57.100,3001.2000,6082,0,77379720.000,0,-,-,-,-,3000.6000,3000.0000,2999.6000,2999.4000,2999.2000,3001.8000,3002.0000,3002.2000,3003.0000,3004.6000,1,2,3,1,1,1,1,1,2,1
SF,IH2006,2019-12-26 09:33:58.600,3001.2000,6082,0,77379720.000,0,-,-,-,-,3001.0000,3000.0000,2999.6000,2999.4000,2999.2000,3001.8000,3002.0000,3002.2000,3003.0000,3004.6000,1,2,3,1,1,1,1,1,2,1
SF,IH2006,2019-12-26 09:33:59.100,3001.0000,6081,-1,78280020.000,1,0,1,双平,S,3000.0000,2999.6000,2999.4000,2999.2000,2998.4000,3000.8000,3001.6000,3001.8000,3002.0000,3002.2000,2,3,1,1,1,1,1,1,1,1
SF,IH2006,2019-12-26 09:33:59.600,3001.0000,6081,0,78280020.000,0,-,-,-,-,3000.0000,2999.6000,2999.4000,2999.2000,2998.4000,3001.6000,3002.0000,3002.2000,3003.0000,3004.6000,2,3,1,1,1,1,1,1,2,1
SF,IH2006,2019-12-26 09:34:00.100,3001.0000,6081,0,78280020.000,0,-,-,-,-,3000.0000,2999.6000,2999.4000,2999.2000,2998.4000,3001.4000,3001.6000,3002.0000,3002.2000,3003.0000,2,3,1,1,1,2,1,1,1,2
SF,IH2006,2019-12-26 09:34:00.600,3001.0000,6081,0,78280020.000,0,-,-,-,-,3000.4000,3000.0000,2999.6000,2999.4000,2999.2000,3001.4000,3001.6000,3002.0000,3002.2000,3003.0000,1,2,3,1,1,2,1,1,1,2
SF,IH2006,2019-12-26 09:34:01.100,3000.4000,6080,-1,79180140.000,1,0,1,双平,S,3000.0000,2999.6000,2999.4000,2999.2000,2998.4000,3001.4000,3002.0000,3002.2000,3003.0000,3004.6000,1,2,1,1,1,2,1,1,2,1
SF,IH2006,2019-12-26 09:34:01.600,3000.4000,6080,0,79180140.000,0,-,-,-,-,3000.0000,2999.6000,2999.4000,2999.2000,2998.4000,3001.0000,3001.4000,3002.0000,3002.2000,3003.0000,1,2,1,1,1,1,1,1,1,2
SF,IH2006,2019-12-26 09:34:02.100,3000.4000,6080,0,79180140.000,0,-,-,-,-,3000.0000,2999.6000,2999.4000,2999.2000,2998.4000,3000.8000,3002.0000,3002.2000,3003.0000,3004.6000,1,2,1,1,1,2,1,1,2,1
SF,IH2006,2019-12-26 09:34:05.600,3000.4000,6080,0,79180140.000,0,-,-,-,-,3000.2000,3000.0000,2999.6000,2999.4000,2999.2000,3000.8000,3002.0000,3002.2000,3003.0000,3004.6000,1,1,2,1,1,2,1,1,2,1
SF,IH2006,2019-12-26 09:34:06.100,3000.4000,6080,0,79180140.000,0,-,-,-,-,3000.2000,3000.0000,2999.6000,2999.4000,2999.2000,3000.6000,3000.8000,3002.0000,3002.2000,3003.0000,1,1,2,1,1,1,1,1,1,2
SF,IH2006,2019-12-26 09:34:06.600,3000.4000,6080,0,79180140.000,0,-,-,-,-,3000.2000,3000.0000,2999.6000,2999.4000,2999.2000,3000.8000,3002.0000,3002.2000,3003.0000,3004.6000,1,3,2,1,1,1,1,1,2,1
SF,IH2006,2019-12-26 09:34:07.600,3000.4000,6080,0,79180140.000,0,-,-,-,-,3000.6000,3000.2000,3000.0000,2999.6000,2999.4000,3000.8000,3002.0000,3002.2000,3003.0000,3004.6000,1,1,3,2,1,1,1,1,2,1
SF,IH2006,2019-12-26 09:34:08.100,3000.6000,6079,-1,80080320.000,1,0,1,双平,S,3000.2000,3000.0000,2999.6000,2999.4000,2999.2000,3000.6000,3002.0000,3002.2000,3003.0000,3004.6000,1,3,2,1,1,1,1,1,2,1
SF,IH2006,2019-12-26 09:34:08.600,3000.6000,6079,0,80080320.000,0,-,-,-,-,3000.2000,3000.0000,2999.6000,2999.4000,2999.2000,3002.0000,3002.2000,3003.0000,3004.6000,3004.8000,1,3,2,1,1,1,1,2,1,1
SF,IH2006,2019-12-26 09:34:09.100,3000.6000,6079,0,80080320.000,0,-,-,-,-,3000.2000,3000.0000,2999.6000,2999.4000,2999.2000,3001.4000,3001.8000,3002.0000,3002.2000,3003.0000,1,3,2,1,1,1,2,1,1,2
SF,IH2006,2019-12-26 09:34:09.600,3000.6000,6079,0,80080320.000,0,-,-,-,-,3000.2000,3000.0000,2999.6000,2999.4000,2999.2000,3001.2000,3001.4000,3001.8000,3002.0000,3002.2000,1,3,2,1,1,1,1,1,1,1
SF,IH2006,2019-12-26 09:34:10.100,3000.6000,6079,0,80080320.000,0,-,-,-,-,3000.2000,3000.0000,2999.6000,2999.4000,2999.2000,3001.2000,3001.4000,3002.0000,3002.2000,3003.0000,1,3,2,1,1,1,1,1,1,2
SF,IH2006,2019-12-26 09:34:10.600,3000.6000,6079,0,80080320.000,0,-,-,-,-,3000.2000,3000.0000,2999.6000,2999.4000,2999.2000,3001.0000,3001.2000,3001.4000,3002.0000,3002.2000,1,3,2,1,1,1,1,1,1,1
SF,IH2006,2019-12-26 09:34:11.100,3000.6000,6079,0,80080320.000,0,-,-,-,-,3000.2000,3000.0000,2999.6000,2999.4000,2999.2000,3000.8000,3001.0000,3002.0000,3002.2000,3003.0000,1,3,2,1,1,1,1,1,1,2
SF,IH2006,2019-12-26 09:34:11.600,3000.6000,6079,0,80080320.000,0,-,-,-,-,3000.2000,3000.0000,2999.6000,2999.4000,2999.2000,3000.8000,3002.0000,3002.2000,3003.0000,3004.6000,1,3,2,1,1,1,1,1,2,1
SF,IH2006,2019-12-26 09:34:12.100,3000.6000,6079,0,80080320.000,0,-,-,-,-,3000.2000,3000.0000,2999.6000,2999.4000,2999.2000,3000.8000,3002.0000,3002.2000,3003.0000,3004.6000,1,3,2,1,1,1,1,1,2,1
SF,IH2006,2019-12-26 09:34:15.100,3000.6000,6079,0,80080320.000,0,-,-,-,-,3000.2000,3000.0000,2999.6000,2999.4000,2999.2000,3000.8000,3002.0000,3002.2000,3003.0000,3004.6000,1,3,2,1,1,1,1,1,2,1
SF,IH2006,2019-12-26 09:34:15.600,3000.6000,6079,0,80080320.000,0,-,-,-,-,3000.2000,3000.0000,2999.6000,2999.4000,2999.2000,3000.6000,3000.8000,3002.0000,3002.2000,3003.0000,1,3,2,1,1,1,1,1,1,2
SF,IH2006,2019-12-26 09:34:17.600,3000.2000,6079,0,80980380.000,1,0,1,多换,S,3000.0000,2999.6000,2999.4000,2999.2000,2998.4000,3000.6000,3000.8000,3002.0000,3002.2000,3003.0000,3,2,1,1,1,1,1,1,1,2
SF,IH2006,2019-12-26 09:34:18.100,3000.2000,6079,0,80980380.000,0,-,-,-,-,3000.0000,2999.6000,2999.4000,2999.2000,2998.4000,3000.4000,3000.6000,3002.0000,3002.2000,3003.0000,3,2,1,1,1,1,1,1,1,2
SF,IH2006,2019-12-26 09:34:18.600,3000.0000,6078,-1,83680380.000,3,1,2,多平,S,2999.6000,2999.4000,2999.2000,2998.4000,2998.0000,3000.0000,3000.4000,3000.6000,3002.0000,3002.2000,2,1,1,1,1,1,1,1,1,1
SF,IH2006,2019-12-26 09:34:19.100,3000.0000,6076,-2,86380140.000,3,0,3,多平,S,2999.4000,2999.2000,2998.4000,2998.0000,2996.0000,3000.4000,3000.6000,3002.0000,3002.2000,3003.0000,1,1,1,1,2,1,1,1,1,2
SF,IH2006,2019-12-26 09:34:19.600,3000.0000,6076,0,86380140.000,0,-,-,-,-,2999.4000,2999.2000,2998.4000,2998.0000,2996.0000,3000.4000,3000.6000,3002.0000,3002.2000,3003.0000,1,1,1,1,2,1,1,1,1,2
SF,IH2006,2019-12-26 09:34:27.600,3000.0000,6076,0,86380140.000,0,-,-,-,-,2999.4000,2999.2000,2998.4000,2998.0000,2996.0000,3000.4000,3000.6000,3002.0000,3002.2000,3003.0000,1,1,1,1,2,1,1,1,1,2
SF,IH2006,2019-12-26 09:34:31.600,3000.4000,6076,0,87280260.000,1,0,1,多换,S,2999.4000,2999.2000,2998.4000,2998.0000,2996.0000,3000.6000,3002.0000,3002.2000,3003.0000,3004.6000,1,1,1,1,2,1,1,1,2,1
SF,IH2006,2019-12-26 09:34:32.100,3000.4000,6076,0,87280260.000,0,-,-,-,-,2999.4000,2999.2000,2998.4000,2998.0000,2996.0000,3000.4000,3000.6000,3002.0000,3002.2000,3003.0000,1,1,1,1,2,1,1,1,1,2
SF,IH2006,2019-12-26 09:34:32.600,3000.4000,6076,0,87280260.000,0,-,-,-,-,2999.4000,2999.2000,2998.4000,2998.0000,2996.0000,3000.2000,3000.4000,3000.6000,3002.0000,3002.2000,1,1,1,1,2,1,1,1,1,1
SF,IH2006,2019-12-26 09:34:33.100,3000.4000,6076,0,87280260.000,0,-,-,-,-,2999.4000,2999.2000,2998.4000,2998.0000,2996.0000,3000.0000,3000.2000,3000.4000,3002.0000,3002.2000,1,1,1,1,2,1,1,1,1,1
SF,IH2006,2019-12-26 09:34:33.600,3000.4000,6076,0,87280260.000,0,-,-,-,-,2999.4000,2999.2000,2998.4000,2998.0000,2996.0000,2999.8000,3000.0000,3000.2000,3002.0000,3002.2000,1,1,1,1,2,1,1,1,1,1
SF,IH2006,2019-12-26 09:34:34.100,3000.4000,6076,0,87280260.000,0,-,-,-,-,2999.4000,2999.2000,2998.4000,2998.0000,2996.0000,2999.8000,3000.2000,3002.0000,3002.2000,3003.0000,1,1,1,1,2,1,1,1,1,2
SF,IH2006,2019-12-26 09:34:36.100,2999.4000,6076,0,88180080.000,1,0,1,多换,S,2999.2000,2998.4000,2998.0000,2996.0000,2995.6000,2999.8000,3000.2000,3002.0000,3002.2000,3003.0000,1,1,1,2,1,1,1,1,1,2
SF,IH2006,2019-12-26 09:34:38.100,2999.4000,6076,0,88180080.000,0,-,-,-,-,2999.2000,2998.4000,2998.0000,2996.0000,2995.6000,2999.8000,3000.2000,3002.0000,3002.2000,3003.0000,1,1,1,3,1,1,1,1,1,2
SF,IH2006,2019-12-26 09:34:38.600,2999.4000,6076,0,88180080.000,0,-,-,-,-,2999.2000,2998.4000,2998.0000,2996.0000,2995.6000,3000.2000,3002.0000,3002.2000,3003.0000,3004.6000,1,1,1,3,1,1,1,1,2,1
SF,IH2006,2019-12-26 09:34:39.100,2999.4000,6076,0,88180080.000,0,-,-,-,-,2999.2000,2998.4000,2998.0000,2996.0000,2995.6000,2999.8000,3000.0000,3000.2000,3002.0000,3002.2000,1,1,1,3,1,1,1,1,1,1
SF,IH2006,2019-12-26 09:34:39.600,2999.4000,6076,0,88180080.000,0,-,-,-,-,2999.2000,2998.4000,2998.0000,2996.0000,2995.6000,3000.0000,3000.2000,3002.0000,3002.2000,3003.0000,1,1,1,3,1,1,1,1,1,2
SF,IH2006,2019-12-26 09:34:40.100,2999.4000,6076,0,88180080.000,0,-,-,-,-,2999.2000,2998.4000,2998.0000,2996.0000,2995.6000,2999.8000,3000.0000,3000.2000,3002.0000,3002.2000,1,1,1,3,1,1,1,1,1,1
SF,IH2006,2019-12-26 09:34:40.600,2999.4000,6076,0,88180080.000,0,-,-,-,-,2999.2000,2998.4000,2998.0000,2996.0000,2995.6000,2999.4000,2999.8000,3000.0000,3000.2000,3002.0000,1,1,1,3,1,10,1,1,1,1
SF,IH2006,2019-12-26 09:34:41.100,2999.4000,6075,-1,89079900.000,1,0,1,双平,S,2999.2000,2998.4000,2998.0000,2996.0000,2995.6000,2999.4000,3000.0000,3000.2000,3002.0000,3002.2000,1,1,1,3,1,9,1,1,1,1
SF,IH2006,2019-12-26 09:34:41.600,2999.4000,6075,0,89079900.000,0,-,-,-,-,2998.0000,2996.0000,2995.6000,2995.2000,2994.2000,2999.4000,3000.0000,3000.2000,3002.0000,3002.2000,1,3,1,3,1,9,1,1,1,1
SF,IH2006,2019-12-26 09:34:42.100,2999.4000,6075,0,89079900.000,0,-,-,-,-,2998.2000,2996.0000,2995.6000,2995.2000,2994.2000,2999.4000,3000.0000,3000.2000,3002.0000,3002.2000,1,3,1,3,1,9,1,1,1,1
SF,IH2006,2019-12-26 09:34:42.600,2999.4000,6075,0,89079900.000,0,-,-,-,-,2998.4000,2998.2000,2996.0000,2995.6000,2995.2000,2999.4000,3000.0000,3000.2000,3002.0000,3002.2000,1,1,3,1,3,9,1,1,1,1
SF,IH2006,2019-12-26 09:34:43.100,2999.4000,6075,0,89079900.000,0,-,-,-,-,2998.4000,2998.2000,2996.0000,2995.6000,2995.2000,2999.4000,3000.2000,3002.0000,3002.2000,3003.0000,1,1,3,1,3,9,1,1,1,2
SF,IH2006,2019-12-26 09:34:45.100,2999.4000,6075,0,89079900.000,0,-,-,-,-,2998.6000,2998.4000,2998.2000,2996.0000,2995.6000,2999.4000,3000.2000,3002.0000,3002.2000,3003.0000,1,1,1,3,1,9,1,1,1,2
SF,IH2006,2019-12-26 09:34:47.100,2999.4000,6072,-3,91779360.000,3,0,3,双平,S,2998.6000,2998.4000,2998.2000,2997.0000,2996.0000,2999.4000,3000.2000,3002.0000,3002.2000,3003.0000,1,1,1,1,3,6,1,1,1,2
SF,IH2006,2019-12-26 09:34:47.600,2999.4000,6071,-1,92679180.000,1,0,1,双平,S,2998.8000,2998.6000,2998.4000,2997.0000,2996.0000,2999.4000,3000.2000,3002.0000,3002.2000,3003.0000,1,1,1,1,3,5,1,1,1,2
SF,IH2006,2019-12-26 09:34:48.600,2999.4000,6069,-2,94478820.000,2,0,2,双平,S,2998.8000,2998.6000,2998.4000,2997.0000,2996.0000,2999.4000,3000.2000,3002.0000,3002.2000,3003.0000,1,1,1,1,3,3,1,1,1,2
SF,IH2006,2019-12-26 09:34:49.100,2999.4000,6067,-2,96278460.000,2,0,2,双平,S,2998.8000,2998.6000,2998.4000,2997.0000,2996.0000,2999.4000,3002.0000,3002.2000,3003.0000,3004.6000,1,1,1,1,3,1,1,1,2,1
SF,IH2006,2019-12-26 09:34:49.600,2999.4000,6066,-1,97178280.000,1,0,1,双平,S,2998.8000,2998.6000,2998.4000,2997.0000,2996.0000,3002.0000,3002.2000,3003.0000,3004.6000,3004.8000,1,1,1,1,3,1,1,2,1,1
SF,IH2006,2019-12-26 09:34:50.100,2999.4000,6066,0,97178280.000,0,-,-,-,-,2998.8000,2998.6000,2998.4000,2997.0000,2996.0000,3000.8000,3001.8000,3002.0000,3002.2000,3003.0000,1,1,1,1,3,1,3,1,1,2
SF,IH2006,2019-12-26 09:34:50.600,2999.4000,6066,0,97178280.000,0,-,-,-,-,2998.8000,2998.6000,2998.4000,2997.0000,2996.0000,3000.6000,3000.8000,3001.8000,3002.0000,3002.2000,1,1,1,1,3,1,1,2,1,1
SF,IH2006,2019-12-26 09:34:51.600,2999.4000,6066,0,97178280.000,0,-,-,-,-,2998.8000,2998.6000,2998.4000,2997.0000,2996.0000,3000.6000,3000.8000,3001.8000,3002.0000,3002.2000,1,1,1,1,3,1,1,2,1,1
SF,IH2006,2019-12-26 09:34:52.100,2999.4000,6066,0,97178280.000,0,-,-,-,-,2998.8000,2998.6000,2998.4000,2997.0000,2996.0000,3000.6000,3000.8000,3001.8000,3002.0000,3002.2000,1,1,1,1,3,1,1,2,1,1
SF,IH2006,2019-12-26 09:34:52.600,2999.4000,6066,0,97178280.000,0,-,-,-,-,2998.8000,2998.6000,2998.4000,2997.0000,2996.0000,3000.6000,3000.8000,3001.8000,3002.0000,3002.2000,1,1,1,1,3,1,1,2,1,1
SF,IH2006,2019-12-26 09:34:53.100,2999.4000,6066,0,97178280.000,0,-,-,-,-,2998.8000,2998.6000,2998.4000,2997.0000,2996.0000,3000.6000,3000.8000,3001.8000,3002.0000,3002.2000,1,1,1,1,3,1,1,2,1,1
SF,IH2006,2019-12-26 09:34:53.600,2999.4000,6066,0,97178280.000,0,-,-,-,-,2998.8000,2998.6000,2998.4000,2997.0000,2996.0000,3000.4000,3000.6000,3000.8000,3001.8000,3002.0000,1,1,1,1,3,1,1,1,2,1
SF,IH2006,2019-12-26 09:34:54.100,2999.4000,6066,0,97178280.000,0,-,-,-,-,2998.8000,2998.6000,2998.4000,2997.0000,2996.0000,3000.2000,3000.4000,3001.8000,3002.0000,3002.2000,1,1,1,1,3,1,1,2,1,1
SF,IH2006,2019-12-26 09:34:54.600,2999.4000,6066,0,97178280.000,0,-,-,-,-,2998.8000,2998.6000,2998.4000,2997.0000,2996.0000,3000.0000,3000.2000,3000.4000,3001.8000,3002.0000,1,1,1,1,3,1,1,1,2,1
SF,IH2006,2019-12-26 09:34:55.100,2999.4000,6066,0,97178280.000,0,-,-,-,-,2998.8000,2998.6000,2998.4000,2997.0000,2996.0000,3000.2000,3001.8000,3002.0000,3002.2000,3003.0000,1,1,1,1,3,1,2,1,1,2
SF,IH2006,2019-12-26 09:35:00.100,2999.4000,6066,0,97178280.000,0,-,-,-,-,2998.8000,2998.6000,2998.4000,2997.0000,2996.0000,3000.2000,3001.8000,3002.0000,3002.2000,3003.0000,1,1,1,1,3,1,2,1,1,2
SF,IH2006,2019-12-26 09:35:00.600,2999.4000,6066,0,97178280.000,0,-,-,-,-,2999.0000,2998.8000,2998.6000,2998.4000,2997.0000,3000.2000,3001.8000,3002.0000,3002.2000,3003.0000,1,1,1,1,1,1,2,1,1,2
SF,IH2006,2019-12-26 09:35:01.100,2999.4000,6066,0,97178280.000,0,-,-,-,-,2999.0000,2998.8000,2998.6000,2998.4000,2997.0000,3000.0000,3000.2000,3001.8000,3002.0000,3002.2000,1,1,1,1,1,1,1,2,1,1
SF,IH2006,2019-12-26 09:35:01.600,2999.4000,6066,0,97178280.000,0,-,-,-,-,2999.0000,2998.8000,2998.6000,2998.4000,2997.0000,2999.8000,3000.2000,3001.8000,3002.0000,3002.2000,1,1,1,1,1,1,1,2,1,1
SF,IH2006,2019-12-26 09:35:03.600,2999.4000,6066,0,97178280.000,0,-,-,-,-,2999.0000,2998.8000,2998.6000,2998.4000,2997.0000,2999.8000,3000.2000,3001.8000,3002.0000,3002.2000,1,1,1,1,1,1,1,1,1,1
SF,IH2006,2019-12-26 09:35:04.100,2999.4000,6066,0,97178280.000,0,-,-,-,-,2999.0000,2998.8000,2998.6000,2998.4000,2997.0000,3000.2000,3001.8000,3002.0000,3002.2000,3003.0000,1,1,1,1,1,1,1,1,1,2
SF,IH2006,2019-12-26 09:35:04.600,2999.4000,6066,0,97178280.000,0,-,-,-,-,2999.0000,2998.8000,2998.6000,2998.4000,2997.0000,3000.0000,3000.2000,3001.8000,3002.0000,3002.2000,1,1,1,1,1,1,1,1,1,1
SF,IH2006,2019-12-26 09:35:05.100,2999.4000,6066,0,97178280.000,0,-,-,-,-,2999.2000,2999.0000,2998.6000,2998.4000,2997.0000,3000.0000,3001.8000,3002.0000,3002.2000,3003.0000,1,1,1,1,1,1,1,1,1,2
SF,IH2006,2019-12-26 09:35:05.600,2999.4000,6066,0,97178280.000,0,-,-,-,-,2999.2000,2999.0000,2998.6000,2998.4000,2997.0000,3001.8000,3002.0000,3002.2000,3003.0000,3004.6000,1,1,1,1,1,1,1,1,2,1
SF,IH2006,2019-12-26 09:35:06.100,2999.4000,6066,0,97178280.000,0,-,-,-,-,2999.2000,2999.0000,2998.6000,2998.4000,2997.0000,3001.0000,3001.6000,3001.8000,3002.0000,3002.2000,1,1,1,1,1,1,2,2,1,1
SF,IH2006,2019-12-26 09:35:06.600,2999.4000,6066,0,97178280.000,0,-,-,-,-,2999.2000,2999.0000,2998.6000,2998.4000,2997.0000,3000.8000,3001.0000,3001.6000,3001.8000,3002.0000,1,1,1,1,1,1,1,1,2,1
SF,IH2006,2019-12-26 09:35:07.100,2999.4000,6066,0,97178280.000,0,-,-,-,-,2999.2000,2999.0000,2998.6000,2998.4000,2997.0000,3000.8000,3001.0000,3001.8000,3002.0000,3002.2000,1,1,1,1,1,1,1,2,1,1
SF,IH2006,2019-12-26 09:35:08.100,2999.4000,6066,0,97178280.000,0,-,-,-,-,2999.2000,2999.0000,2998.6000,2998.4000,2997.0000,3000.6000,3000.8000,3001.0000,3001.8000,3002.0000,1,1,1,1,1,1,1,1,2,1
SF,IH2006,2019-12-26 09:35:08.600,2999.4000,6066,0,97178280.000,0,-,-,-,-,2999.0000,2998.6000,2998.4000,2997.0000,2996.0000,3000.4000,3000.6000,3001.8000,3002.0000,3002.2000,1,1,1,1,3,1,1,2,1,1
SF,IH2006,2019-12-26 09:35:09.100,2999.4000,6066,0,97178280.000,0,-,-,-,-,2999.0000,2998.6000,2998.4000,2997.0000,2996.0000,3000.2000,3000.4000,3000.6000,3001.8000,3002.0000,1,1,1,1,3,1,1,1,2,1
SF,IH2006,2019-12-26 09:35:09.600,2999.4000,6066,0,97178280.000,0,-,-,-,-,2999.2000,2999.0000,2998.6000,2998.4000,2997.0000,3000.2000,3000.4000,3001.8000,3002.0000,3002.2000,1,1,1,1,1,1,1,2,1,1
SF,IH2006,2019-12-26 09:35:11.100,2999.4000,6066,0,97178280.000,0,-,-,-,-,2999.2000,2999.0000,2998.6000,2998.4000,2997.0000,3000.2000,3000.4000,3001.8000,3002.0000,3002.2000,1,1,1,1,1,1,1,2,1,1
SF,IH2006,2019-12-26 09:35:14.600,2999.4000,6066,0,97178280.000,0,-,-,-,-,2999.4000,2999.2000,2999.0000,2998.6000,2998.4000,3000.2000,3000.4000,3001.8000,3002.0000,3002.2000,1,1,1,1,1,1,1,2,1,1
SF,IH2006,2019-12-26 09:35:15.100,2999.4000,6066,0,97178280.000,0,-,-,-,-,2999.4000,2999.2000,2999.0000,2998.6000,2998.4000,3000.0000,3000.4000,3001.8000,3002.0000,3002.2000,1,1,1,1,1,1,1,2,1,1
SF,IH2006,2019-12-26 09:35:15.600,2999.4000,6066,0,97178280.000,0,-,-,-,-,2999.4000,2999.2000,2999.0000,2998.6000,2998.4000,3000.0000,3001.8000,3002.0000,3002.2000,3003.0000,1,1,1,1,1,1,2,1,1,2
SF,IH2006,2019-12-26 09:35:16.100,2999.4000,6066,0,97178280.000,0,-,-,-,-,2999.4000,2999.2000,2999.0000,2998.6000,2998.4000,3001.8000,3002.0000,3002.2000,3003.0000,3004.6000,1,1,1,1,1,2,1,1,2,1
SF,IH2006,2019-12-26 09:35:16.600,2999.4000,6066,0,97178280.000,0,-,-,-,-,2999.4000,2999.2000,2999.0000,2998.6000,2998.4000,3001.6000,3001.8000,3002.0000,3002.2000,3003.0000,1,1,1,1,1,1,2,1,1,2
SF,IH2006,2019-12-26 09:35:17.100,2999.4000,6066,0,98078100.000,1,0,1,多换,S,2999.0000,2998.6000,2998.4000,2997.0000,2996.0000,3000.8000,3001.4000,3001.6000,3001.8000,3002.0000,1,1,1,1,3,1,2,1,2,1
SF,IH2006,2019-12-26 09:35:17.600,2999.4000,6066,0,98078100.000,0,-,-,-,-,2999.0000,2998.6000,2998.4000,2997.0000,2996.0000,3000.6000,3000.8000,3001.4000,3001.6000,3001.8000,1,1,1,1,3,1,1,1,1,2
SF,IH2006,2019-12-26 09:35:18.100,2999.4000,6066,0,98078100.000,0,-,-,-,-,2999.0000,2998.6000,2998.4000,2997.0000,2996.0000,3000.6000,3000.8000,3001.4000,3001.6000,3001.8000,1,1,1,1,3,1,1,1,1,1
SF,IH2006,2019-12-26 09:35:18.600,2999.4000,6066,0,98078100.000,0,-,-,-,-,2999.0000,2998.6000,2998.4000,2997.0000,2996.0000,3000.6000,3000.8000,3001.0000,3001.4000,3001.6000,1,1,1,1,3,1,1,1,1,1
SF,IH2006,2019-12-26 09:35:19.100,2999.4000,6066,0,98078100.000,0,-,-,-,-,2999.0000,2998.6000,2998.4000,2997.0000,2996.0000,3000.6000,3000.8000,3001.0000,3001.4000,3001.8000,1,1,1,1,3,1,1,1,1,1
SF,IH2006,2019-12-26 09:35:19.600,2999.4000,6066,0,98078100.000,0,-,-,-,-,2999.2000,2999.0000,2998.6000,2998.4000,2997.0000,3000.4000,3000.6000,3000.8000,3001.4000,3001.8000,1,1,1,1,1,1,1,1,1,1
SF,IH2006,2019-12-26 09:35:20.100,2999.4000,6066,0,98078100.000,0,-,-,-,-,2999.0000,2998.6000,2998.4000,2997.0000,2996.0000,3000.2000,3000.4000,3001.4000,3001.8000,3002.0000,1,1,1,1,3,1,1,1,1,1
SF,IH2006,2019-12-26 09:35:20.600,2999.4000,6066,0,98078100.000,0,-,-,-,-,2999.2000,2999.0000,2998.6000,2998.4000,2997.0000,3000.0000,3000.4000,3001.4000,3001.8000,3002.0000,1,1,1,1,1,1,1,1,1,1
SF,IH2006,2019-12-26 09:35:21.100,2999.4000,6066,0,98078100.000,0,-,-,-,-,3000.2000,2999.2000,2999.0000,2998.6000,2998.4000,3000.4000,3001.4000,3001.8000,3002.0000,3002.2000,1,1,1,1,1,1,1,1,1,1
SF,IH2006,2019-12-26 09:35:21.600,3000.2000,6066,0,98978160.000,1,0,1,多换,S,2999.0000,2998.6000,2998.4000,2997.0000,2996.0000,3000.2000,3000.4000,3001.4000,3001.8000,3002.0000,1,1,1,1,3,1,1,1,1,1
SF,IH2006,2019-12-26 09:35:22.100,3000.2000,6066,0,98978160.000,0,-,-,-,-,2999.0000,2998.6000,2998.4000,2997.0000,2996.0000,3000.2000,3001.4000,3001.8000,3002.0000,3002.2000,1,1,1,1,3,1,1,1,1,1
SF,IH2006,2019-12-26 09:35:24.600,3000.2000,6066,0,98978160.000,0,-,-,-,-,2999.0000,2998.6000,2998.4000,2997.0000,2996.0000,3000.2000,3002.0000,3002.2000,3003.0000,3004.6000,1,1,1,1,3,1,1,1,2,1
SF,IH2006,2019-12-26 09:35:25.100,3000.2000,6066,0,98978160.000,0,-,-,-,-,2999.0000,2998.6000,2998.4000,2997.0000,2996.0000,3002.0000,3002.2000,3003.0000,3004.6000,3004.8000,1,1,1,1,3,1,1,2,1,1
SF,IH2006,2019-12-26 09:35:25.600,3000.2000,6066,0,98978160.000,0,-,-,-,-,2999.2000,2999.0000,2998.6000,2998.4000,2997.0000,3001.0000,3001.8000,3002.0000,3002.2000,3003.0000,1,1,1,1,1,1,2,1,1,2
SF,IH2006,2019-12-26 09:35:26.100,3000.2000,6066,0,98978160.000,0,-,-,-,-,2999.2000,2999.0000,2998.6000,2998.4000,2997.0000,3000.8000,3001.0000,3001.8000,3002.0000,3002.2000,1,1,1,1,1,2,1,1,1,1
SF,IH2006,2019-12-26 09:35:26.600,3000.2000,6066,0,98978160.000,0,-,-,-,-,2999.2000,2999.0000,2998.6000,2998.4000,2997.0000,3000.8000,3001.8000,3002.0000,3002.2000,3003.0000,1,1,1,1,1,2,1,1,1,2
SF,IH2006,2019-12-26 09:35:27.100,3000.2000,6066,0,98978160.000,0,-,-,-,-,2999.2000,2999.0000,2998.6000,2998.4000,2997.0000,3000.4000,3000.8000,3001.8000,3002.0000,3002.2000,1,1,1,1,1,1,2,1,1,1
SF,IH2006,2019-12-26 09:35:28.100,3000.2000,6066,0,98978160.000,0,-,-,-,-,2999.2000,2999.0000,2998.6000,2998.4000,2997.0000,3000.4000,3000.8000,3001.8000,3002.0000,3002.2000,1,1,1,1,1,1,1,1,1,1
SF,IH2006,2019-12-26 09:35:29.100,3000.2000,6066,0,98978160.000,0,-,-,-,-,2999.2000,2999.0000,2998.6000,2998.4000,2997.0000,3000.4000,3000.8000,3001.8000,3002.0000,3002.2000,2,1,1,1,1,1,1,1,1,1
SF,IH2006,2019-12-26 09:35:29.600,3000.2000,6066,0,98978160.000,0,-,-,-,-,2999.2000,2999.0000,2998.6000,2998.4000,2997.0000,3000.8000,3001.8000,3002.0000,3002.2000,3002.8000,2,1,1,1,1,1,1,1,1,1
SF,IH2006,2019-12-26 09:35:30.100,3000.2000,6066,0,98978160.000,0,-,-,-,-,2999.2000,2999.0000,2998.6000,2998.4000,2997.0000,3000.6000,3000.8000,3001.8000,3002.0000,3002.2000,2,1,1,1,1,2,1,1,1,1
SF,IH2006,2019-12-26 09:35:31.100,3000.2000,6066,0,98978160.000,0,-,-,-,-,2999.4000,2999.2000,2999.0000,2998.6000,2998.4000,3000.6000,3000.8000,3001.8000,3002.0000,3002.2000,1,2,1,1,1,1,1,1,1,1
SF,IH2006,2019-12-26 09:35:33.100,3000.2000,6066,0,98978160.000,0,-,-,-,-,3000.0000,2999.4000,2999.2000,2999.0000,2998.6000,3000.6000,3000.8000,3001.8000,3002.0000,3002.2000,1,1,2,1,1,1,1,1,1,1
SF,IH2006,2019-12-26 09:35:33.600,3000.2000,6066,0,98978160.000,0,-,-,-,-,3000.0000,2999.4000,2999.2000,2999.0000,2998.6000,3000.8000,3001.8000,3002.0000,3002.2000,3002.8000,1,1,2,1,1,1,1,1,1,1
SF,IH2006,2019-12-26 09:35:34.100,3000.2000,6066,0,98978160.000,0,-,-,-,-,3000.0000,2999.4000,2999.2000,2999.0000,2998.6000,3000.6000,3000.8000,3001.8000,3002.0000,3002.2000,1,1,2,1,1,2,1,1,1,1
SF,IH2006,2019-12-26 09:35:34.600,3000.0000,6067,1,99878160.000,1,1,0,双开,S,2999.4000,2999.2000,2999.0000,2998.6000,2998.4000,3000.0000,3000.6000,3001.8000,3002.0000,3002.2000,1,2,1,1,1,1,1,1,1,1
SF,IH2006,2019-12-26 09:35:35.100,3000.0000,6067,0,101678160.000,2,1,1,多换,S,2999.6000,2999.4000,2999.2000,2999.0000,2998.6000,3001.8000,3002.0000,3002.2000,3002.8000,3003.0000,1,1,1,1,1,1,1,1,1,2
SF,IH2006,2019-12-26 09:35:35.600,3000.0000,6067,0,101678160.000,0,-,-,-,-,2999.6000,2999.4000,2999.2000,2999.0000,2998.6000,3001.4000,3001.6000,3001.8000,3002.0000,3002.2000,1,1,1,1,1,1,1,1,1,1
SF,IH2006,2019-12-26 09:35:36.100,3000.0000,6067,0,101678160.000,0,-,-,-,-,2999.6000,2999.4000,2999.2000,2999.0000,2998.6000,3001.2000,3001.4000,3001.8000,3002.0000,3002.2000,1,1,1,1,1,2,1,1,1,1
SF,IH2006,2019-12-26 09:35:36.600,3000.0000,6067,0,101678160.000,0,-,-,-,-,2999.6000,2999.4000,2999.2000,2999.0000,2998.6000,3001.2000,3001.4000,3002.0000,3002.2000,3002.8000,1,1,1,1,1,1,1,1,1,1
SF,IH2006,2019-12-26 09:35:37.100,3000.0000,6067,0,101678160.000,0,-,-,-,-,2999.6000,2999.4000,2999.2000,2999.0000,2998.6000,3001.0000,3001.4000,3002.0000,3002.2000,3002.8000,1,1,1,1,1,1,1,1,1,1
SF,IH2006,2019-12-26 09:35:37.600,3000.0000,6067,0,101678160.000,0,-,-,-,-,3000.0000,2999.6000,2999.4000,2999.2000,2999.0000,3001.0000,3001.4000,3002.0000,3002.2000,3002.8000,1,1,1,1,1,1,1,1,1,1
SF,IH2006,2019-12-26 09:35:38.100,3000.0000,6067,0,101678160.000,0,-,-,-,-,3000.0000,2999.6000,2999.4000,2999.2000,2999.0000,3000.8000,3001.0000,3001.4000,3002.0000,3002.2000,1,1,1,1,1,1,1,1,1,1
SF,IH2006,2019-12-26 09:35:38.600,3000.0000,6067,0,101678160.000,0,-,-,-,-,3000.0000,2999.6000,2999.4000,2999.2000,2999.0000,3000.8000,3001.4000,3002.0000,3002.2000,3002.8000,1,1,1,1,1,1,1,1,1,1
SF,IH2006,2019-12-26 09:35:39.100,3000.0000,6067,0,101678160.000,0,-,-,-,-,3000.0000,2999.6000,2999.4000,2999.2000,2999.0000,3000.2000,3000.8000,3001.4000,3002.0000,3002.2000,1,1,1,1,1,1,1,1,1,1
SF,IH2006,2019-12-26 09:35:39.600,3000.2000,6067,0,102578220.000,1,0,1,多换,S,3000.2000,3000.0000,2999.6000,2999.4000,2999.2000,3001.4000,3002.0000,3002.2000,3002.8000,3003.0000,1,1,1,1,1,1,1,1,1,2
SF,IH2006,2019-12-26 09:35:40.100,3000.2000,6067,0,102578220.000,0,-,-,-,-,3000.0000,2999.6000,2999.4000,2999.2000,2999.0000,3001.2000,3001.4000,3002.0000,3002.2000,3002.8000,1,1,1,1,1,1,1,1,1,1
SF,IH2006,2019-12-26 09:35:40.600,3000.2000,6067,0,102578220.000,0,-,-,-,-,3000.2000,3000.0000,2999.4000,2999.2000,2999.0000,3001.2000,3002.0000,3002.2000,3002.8000,3003.0000,1,1,1,1,1,1,1,1,1,2
SF,IH2006,2019-12-26 09:35:41.100,3000.2000,6067,0,102578220.000,0,-,-,-,-,3000.2000,3000.0000,2999.4000,2999.2000,2999.0000,3002.0000,3002.2000,3002.8000,3003.0000,3004.6000,1,1,1,1,1,1,1,1,2,1
SF,IH2006,2019-12-26 09:35:42.600,3000.2000,6066,-1,103478280.000,1,0,1,双平,S,3000.0000,2999.4000,2999.2000,2999.0000,2998.6000,3002.0000,3002.2000,3002.8000,3003.0000,3004.6000,1,1,1,1,1,1,1,1,2,1
SF,IH2006,2019-12-26 09:35:43.100,3000.2000,6066,0,103478280.000,0,-,-,-,-,3000.0000,2999.4000,2999.2000,2999.0000,2998.6000,3001.8000,3002.0000,3002.2000,3002.8000,3003.0000,1,1,1,1,1,2,1,1,1,2
SF,IH2006,2019-12-26 09:35:43.600,3000.2000,6066,0,103478280.000,0,-,-,-,-,3000.0000,2999.4000,2999.2000,2999.0000,2998.6000,3001.8000,3002.0000,3002.2000,3002.8000,3003.0000,1,1,1,1,1,1,1,1,1,2
SF,IH2006,2019-12-26 09:35:44.100,3000.2000,6066,0,103478280.000,0,-,-,-,-,3000.2000,3000.0000,2999.4000,2999.2000,2999.0000,3001.8000,3002.0000,3002.2000,3002.8000,3003.0000,1,1,1,1,1,1,1,1,1,2
SF,IH2006,2019-12-26 09:35:44.600,3000.2000,6066,0,103478280.000,0,-,-,-,-,3000.4000,3000.0000,2999.4000,2999.2000,2999.0000,3001.6000,3001.8000,3002.0000,3002.2000,3002.8000,1,1,1,1,1,1,1,1,1,1
SF,IH2006,2019-12-26 09:35:45.100,3000.2000,6066,0,103478280.000,0,-,-,-,-,3000.4000,3000.0000,2999.4000,2999.2000,2999.0000,3001.4000,3001.6000,3002.0000,3002.2000,3003.0000,2,1,1,1,1,1,1,1,1,2
SF,IH2006,2019-12-26 09:35:46.100,3000.2000,6066,0,103478280.000,0,-,-,-,-,3000.4000,3000.0000,2999.4000,2999.2000,2999.0000,3001.4000,3002.0000,3002.2000,3003.0000,3004.6000,1,1,1,1,1,1,1,1,2,1
SF,IH2006,2019-12-26 09:35:47.100,3000.2000,6066,0,103478280.000,0,-,-,-,-,3000.4000,3000.0000,2999.4000,2999.2000,2999.0000,3001.2000,3001.4000,3002.0000,3002.2000,3003.0000,1,1,1,1,1,1,1,1,1,2
SF,IH2006,2019-12-26 09:35:48.100,3000.2000,6066,0,103478280.000,0,-,-,-,-,3000.4000,3000.0000,2999.4000,2999.2000,2999.0000,3001.4000,3002.0000,3002.2000,3003.0000,3004.6000,1,1,1,1,1,1,1,1,2,1
SF,IH2006,2019-12-26 09:35:48.600,3000.2000,6066,0,103478280.000,0,-,-,-,-,3000.4000,3000.0000,2999.4000,2999.2000,2999.0000,3000.6000,3001.4000,3002.0000,3002.2000,3003.0000,1,1,1,1,1,1,1,1,1,2
SF,IH2006,2019-12-26 09:35:49.100,3000.6000,6066,0,104378460.000,1,0,1,多换,S,3000.6000,3000.4000,3000.0000,2999.4000,2999.2000,3001.4000,3002.0000,3002.2000,3003.0000,3004.6000,1,1,1,1,1,1,1,1,2,1
SF,IH2006,2019-12-26 09:35:50.100,3000.6000,6066,0,104378460.000,0,-,-,-,-,3000.4000,3000.0000,2999.4000,2999.2000,2999.0000,3001.4000,3002.0000,3002.2000,3003.0000,3004.6000,1,1,1,1,1,1,1,1,2,1
SF,IH2006,2019-12-26 09:35:50.600,3000.6000,6066,0,104378460.000,0,-,-,-,-,3000.4000,3000.0000,2999.4000,2999.2000,2999.0000,3000.6000,3001.4000,3002.0000,3002.2000,3003.0000,1,1,1,1,1,1,1,1,1,2
SF,IH2006,2019-12-26 09:35:51.100,3000.6000,6066,0,105278640.000,1,0,1,多换,S,3001.0000,3000.6000,3000.4000,3000.0000,2999.4000,3001.4000,3002.0000,3002.2000,3003.0000,3004.6000,1,2,1,1,1,1,1,1,2,1
SF,IH2006,2019-12-26 09:35:51.600,3000.6000,6066,0,105278640.000,0,-,-,-,-,3001.0000,3000.6000,3000.4000,3000.0000,2999.4000,3001.4000,3002.0000,3002.2000,3003.0000,3004.6000,1,2,1,2,1,1,1,1,2,1
SF,IH2006,2019-12-26 09:35:52.100,3000.6000,6066,0,105278640.000,0,-,-,-,-,3000.6000,3000.4000,3000.0000,2999.4000,2999.2000,3001.0000,3001.4000,3002.0000,3002.2000,3003.0000,2,1,2,1,1,1,1,1,1,2
SF,IH2006,2019-12-26 09:35:52.600,3001.4000,6068,2,107979780.000,3,2,1,空开,S,3000.6000,3000.4000,3000.0000,2999.4000,2999.2000,3001.0000,3002.0000,3002.2000,3003.0000,3004.6000,2,2,2,1,1,1,1,1,2,1
SF,IH2006,2019-12-26 09:35:53.100,3001.0000,6068,0,108880080.000,1,0,1,多换,S,3000.4000,3000.0000,2999.4000,2999.2000,2999.0000,3002.0000,3002.2000,3003.0000,3004.6000,3004.8000,1,2,1,1,1,1,1,2,1,1
SF,IH2006,2019-12-26 09:35:53.600,3001.0000,6068,0,108880080.000,0,-,-,-,-,3000.6000,3000.4000,3000.0000,2999.4000,2999.2000,3001.8000,3002.0000,3002.2000,3003.0000,3004.6000,1,1,2,1,1,2,1,1,2,1
SF,IH2006,2019-12-26 09:35:54.100,3001.0000,6068,0,108880080.000,0,-,-,-,-,3000.6000,3000.4000,3000.0000,2999.4000,2999.2000,3001.8000,3002.0000,3002.2000,3003.0000,3004.8000,1,1,2,1,1,1,1,1,2,1
SF,IH2006,2019-12-26 09:35:54.600,3001.0000,6068,0,108880080.000,0,-,-,-,-,3000.6000,3000.4000,3000.0000,2999.4000,2999.2000,3002.0000,3002.2000,3003.0000,3004.8000,3005.6000,1,1,2,1,1,1,1,2,1,1
SF,IH2006,2019-12-26 09:35:55.100,3001.0000,6068,0,108880080.000,0,-,-,-,-,3000.6000,3000.4000,3000.0000,2999.4000,2999.2000,3002.0000,3002.2000,3003.0000,3004.8000,3005.6000,1,2,2,1,1,1,1,2,1,1
SF,IH2006,2019-12-26 09:35:58.600,3002.0000,6068,0,109780680.000,1,0,1,多换,S,3000.6000,3000.4000,3000.0000,2999.4000,2999.2000,3002.2000,3003.0000,3004.8000,3005.6000,3005.8000,1,2,2,1,1,1,2,1,1,1
SF,IH2006,2019-12-26 09:35:59.100,3002.0000,6068,0,109780680.000,0,-,-,-,-,3000.8000,3000.6000,3000.4000,3000.0000,2999.4000,3002.2000,3003.0000,3004.8000,3005.6000,3005.8000,1,1,2,2,1,1,2,1,1,1
SF,IH2006,2019-12-26 09:35:59.600,3002.0000,6068,0,109780680.000,0,-,-,-,-,3001.0000,3000.8000,3000.4000,3000.0000,2999.4000,3002.2000,3003.0000,3004.8000,3005.6000,3005.8000,1,1,2,2,1,1,2,1,1,1
SF,IH2006,2019-12-26 09:36:04.600,3002.0000,6068,0,109780680.000,0,-,-,-,-,3001.2000,3001.0000,3000.8000,3000.4000,3000.0000,3002.2000,3003.0000,3004.8000,3005.6000,3005.8000,1,1,1,2,2,1,2,1,1,1
SF,IH2006,2019-12-26 09:36:05.100,3002.0000,6068,0,109780680.000,0,-,-,-,-,3001.2000,3001.0000,3000.8000,3000.4000,3000.0000,3002.2000,3003.0000,3004.8000,3005.6000,3005.8000,1,1,2,2,2,1,2,1,1,1
SF,IH2006,2019-12-26 09:36:06.100,3002.0000,6068,0,109780680.000,0,-,-,-,-,3001.2000,3001.0000,3000.8000,3000.4000,3000.0000,3002.2000,3003.0000,3004.8000,3005.6000,3005.8000,1,1,2,1,2,1,2,1,1,1
SF,IH2006,2019-12-26 09:36:10.100,3002.0000,6068,0,109780680.000,0,-,-,-,-,3001.2000,3001.0000,3000.8000,3000.4000,3000.0000,3002.2000,3003.0000,3004.8000,3005.6000,3005.8000,1,1,1,1,2,1,2,1,1,1
SF,IH2006,2019-12-26 09:36:14.100,3002.2000,6068,0,110681340.000,1,0,1,多换,S,3002.6000,3001.2000,3001.0000,3000.8000,3000.4000,3003.0000,3004.8000,3005.6000,3005.8000,3006.0000,2,1,1,1,1,2,1,1,1,3
SF,IH2006,2019-12-26 09:36:14.600,3002.6000,6068,0,112482900.000,2,1,1,多换,S,3001.2000,3001.0000,3000.8000,3000.4000,3000.0000,3002.4000,3002.6000,3003.0000,3004.8000,3005.6000,1,1,1,1,2,2,1,2,1,1
SF,IH2006,2019-12-26 09:36:15.100,3002.6000,6068,0,112482900.000,0,-,-,-,-,3001.4000,3001.2000,3000.8000,3000.4000,3000.0000,3002.4000,3002.6000,3003.0000,3004.8000,3005.6000,1,1,1,1,2,2,1,2,1,1
SF,IH2006,2019-12-26 09:36:15.600,3002.4000,6066,-2,114284340.000,2,0,2,双平,S,3001.6000,3001.4000,3001.2000,3000.8000,3000.4000,3002.6000,3003.0000,3004.8000,3005.6000,3005.8000,1,1,1,1,1,1,2,1,1,1
SF,IH2006,2019-12-26 09:36:16.100,3002.4000,6066,0,114284340.000,0,-,-,-,-,3002.2000,3001.8000,3001.6000,3001.2000,3000.8000,3002.6000,3003.0000,3004.8000,3005.6000,3005.8000,1,1,1,1,1,1,2,1,1,1
SF,IH2006,2019-12-26 09:36:16.600,3002.2000,6066,0,115185000.000,1,0,1,多换,S,3001.6000,3001.2000,3000.8000,3000.4000,3000.0000,3002.2000,3002.6000,3003.0000,3004.8000,3005.6000,1,1,1,1,2,1,1,2,1,1
SF,IH2006,2019-12-26 09:36:17.600,3002.2000,6066,0,115185000.000,0,-,-,-,-,3001.6000,3001.2000,3000.8000,3000.4000,3000.0000,3002.6000,3003.0000,3004.8000,3005.6000,3005.8000,1,1,1,1,2,1,2,1,1,1
SF,IH2006,2019-12-26 09:36:19.100,3002.2000,6066,0,115185000.000,0,-,-,-,-,3001.6000,3001.2000,3000.8000,3000.4000,3000.0000,3003.0000,3004.8000,3005.6000,3005.8000,3006.0000,1,1,1,1,2,2,1,1,1,3
SF,IH2006,2019-12-26 09:36:19.600,3002.2000,6066,0,115185000.000,0,-,-,-,-,3002.2000,3001.8000,3001.6000,3001.2000,3000.8000,3003.0000,3004.8000,3005.6000,3005.8000,3006.0000,3,1,1,1,1,2,1,1,1,3
SF,IH2006,2019-12-26 09:36:22.600,3002.2000,6066,0,115185000.000,0,-,-,-,-,3002.2000,3001.8000,3001.6000,3001.2000,3000.8000,3003.0000,3004.8000,3005.6000,3005.8000,3006.0000,3,1,1,1,1,2,1,1,1,3
SF,IH2006,2019-12-26 09:36:30.100,3002.2000,6066,0,117886980.000,3,1,2,多换,S,3001.8000,3001.6000,3001.2000,3000.8000,3000.4000,3003.0000,3004.8000,3005.0000,3005.6000,3005.8000,1,1,1,1,1,2,1,1,1,1
SF,IH2006,2019-12-26 09:36:30.600,3001.8000,6065,-1,118787520.000,1,0,1,双平,S,3001.6000,3001.2000,3000.8000,3000.4000,3000.0000,3002.8000,3003.0000,3004.8000,3005.0000,3005.6000,1,1,1,1,3,3,2,1,1,1
SF,IH2006,2019-12-26 09:36:31.100,3001.8000,6065,0,118787520.000,0,-,-,-,-,3001.2000,3000.8000,3000.4000,3000.0000,2999.4000,3002.2000,3002.8000,3003.0000,3004.8000,3005.0000,1,1,1,3,1,1,3,2,1,1
SF,IH2006,2019-12-26 09:36:31.600,3001.8000,6065,0,118787520.000,0,-,-,-,-,3001.2000,3000.8000,3000.4000,3000.0000,2999.4000,3002.0000,3002.8000,3003.0000,3004.8000,3005.0000,1,1,1,3,1,1,2,2,1,1
SF,IH2006,2019-12-26 09:36:32.100,3001.8000,6065,0,118787520.000,0,-,-,-,-,3001.2000,3000.8000,3000.4000,3000.0000,2999.4000,3002.0000,3002.8000,3003.0000,3004.8000,3005.0000,1,1,1,3,1,1,2,2,1,1
SF,IH2006,2019-12-26 09:36:32.600,3001.8000,6065,0,118787520.000,0,-,-,-,-,3001.2000,3000.8000,3000.4000,3000.0000,2999.4000,3002.0000,3002.8000,3003.0000,3004.8000,3005.0000,1,1,1,3,1,1,1,2,1,1
SF,IH2006,2019-12-26 09:36:33.600,3001.8000,6065,0,118787520.000,0,-,-,-,-,3001.2000,3000.8000,3000.4000,3000.0000,2999.4000,3001.8000,3002.0000,3002.8000,3003.0000,3004.8000,1,1,1,3,1,1,1,1,2,1
SF,IH2006,2019-12-26 09:36:34.600,3001.8000,6065,0,118787520.000,0,-,-,-,-,3001.2000,3000.8000,3000.4000,3000.0000,2999.4000,3002.0000,3002.8000,3003.0000,3004.8000,3005.0000,1,1,1,3,1,1,1,2,1,1
SF,IH2006,2019-12-26 09:36:35.600,3001.8000,6065,0,118787520.000,0,-,-,-,-,3001.2000,3000.8000,3000.4000,3000.0000,2999.4000,3001.8000,3002.0000,3002.8000,3003.0000,3004.8000,1,1,1,3,1,1,1,1,2,1
SF,IH2006,2019-12-26 09:36:36.100,3001.8000,6065,0,118787520.000,0,-,-,-,-,3001.2000,3000.8000,3000.4000,3000.0000,2999.4000,3001.8000,3002.0000,3002.8000,3003.0000,3004.8000,1,1,1,3,1,1,1,1,2,1
SF,IH2006,2019-12-26 09:36:36.600,3001.8000,6065,0,118787520.000,0,-,-,-,-,3001.2000,3000.8000,3000.4000,3000.0000,2999.4000,3002.0000,3002.8000,3003.0000,3004.8000,3005.0000,1,1,1,3,1,1,1,2,1,1
SF,IH2006,2019-12-26 09:36:37.100,3001.8000,6065,0,118787520.000,0,-,-,-,-,3001.2000,3000.8000,3000.4000,3000.0000,2999.4000,3001.8000,3002.0000,3002.8000,3003.0000,3004.8000,1,1,1,3,1,1,1,1,2,1
SF,IH2006,2019-12-26 09:36:38.100,3001.8000,6065,0,118787520.000,0,-,-,-,-,3001.2000,3000.8000,3000.4000,3000.0000,2999.4000,3002.0000,3002.8000,3003.0000,3004.8000,3005.0000,1,1,1,3,1,1,1,2,1,1
SF,IH2006,2019-12-26 09:36:38.600,3001.8000,6065,0,118787520.000,0,-,-,-,-,3001.2000,3000.8000,3000.4000,3000.0000,2999.4000,3001.8000,3002.0000,3002.8000,3003.0000,3004.8000,1,1,1,3,1,1,1,1,2,1
SF,IH2006,2019-12-26 09:36:39.100,3001.8000,6065,0,119688060.000,1,0,1,多换,S,3001.8000,3001.2000,3000.8000,3000.4000,3000.0000,3002.0000,3002.8000,3003.0000,3004.8000,3005.0000,1,1,1,1,3,1,1,2,1,1
SF,IH2006,2019-12-26 09:36:41.100,3001.8000,6065,0,119688060.000,0,-,-,-,-,3001.2000,3000.8000,3000.4000,3000.0000,2999.4000,3002.0000,3002.8000,3003.0000,3004.8000,3005.0000,1,1,1,3,1,1,1,2,1,1
SF,IH2006,2019-12-26 09:36:43.600,3002.0000,6064,-1,120588660.000,1,0,1,双平,S,3001.2000,3000.8000,3000.4000,3000.0000,2999.4000,3002.8000,3003.0000,3004.8000,3005.0000,3005.8000,1,1,1,3,1,1,2,1,1,1
SF,IH2006,2019-12-26 09:36:44.100,3002.0000,6064,0,120588660.000,0,-,-,-,-,3002.0000,3001.4000,3001.2000,3000.8000,3000.4000,3002.6000,3002.8000,3003.0000,3004.8000,3005.0000,1,1,1,1,1,1,1,2,1,1
SF,IH2006,2019-12-26 09:36:44.600,3002.0000,6064,0,120588660.000,0,-,-,-,-,3002.0000,3001.4000,3001.2000,3000.8000,3000.4000,3002.6000,3003.0000,3004.8000,3005.0000,3005.8000,1,1,1,1,1,1,2,1,1,1
SF,IH2006,2019-12-26 09:36:45.100,3002.0000,6064,0,120588660.000,0,-,-,-,-,3002.0000,3001.4000,3001.2000,3000.8000,3000.4000,3002.6000,3003.0000,3004.8000,3005.0000,3005.8000,1,1,1,1,1,1,2,1,1,1
SF,IH2006,2019-12-26 09:36:45.600,3002.0000,6064,0,121489260.000,1,0,1,多换,S,3001.4000,3001.2000,3000.8000,3000.4000,3000.0000,3002.0000,3002.6000,3003.0000,3004.8000,3005.0000,1,1,1,1,3,1,1,2,1,1
SF,IH2006,2019-12-26 09:36:47.100,3001.4000,6063,-1,122389680.000,1,0,1,双平,S,3001.2000,3000.8000,3000.4000,3000.0000,2999.4000,3002.0000,3002.6000,3003.0000,3004.8000,3005.0000,1,1,1,3,1,1,1,2,1,1
SF,IH2006,2019-12-26 09:36:47.600,3001.4000,6063,0,122389680.000,0,-,-,-,-,3001.2000,3000.8000,3000.4000,3000.0000,2999.4000,3001.8000,3002.0000,3003.0000,3004.8000,3005.0000,1,1,1,3,1,2,1,2,1,1
SF,IH2006,2019-12-26 09:36:48.600,3001.4000,6063,0,122389680.000,0,-,-,-,-,3001.2000,3000.8000,3000.4000,3000.0000,2999.4000,3001.8000,3002.0000,3003.0000,3004.8000,3005.0000,1,1,1,3,1,1,1,2,1,1
SF,IH2006,2019-12-26 09:36:56.100,3001.4000,6063,0,122389680.000,0,-,-,-,-,3001.6000,3001.2000,3000.8000,3000.4000,3000.0000,3001.8000,3002.0000,3003.0000,3004.8000,3005.0000,1,1,1,1,3,1,1,2,1,1
SF,IH2006,2019-12-26 09:36:56.600,3001.6000,6064,1,123290160.000,1,1,0,双开,S,3001.2000,3000.8000,3000.4000,3000.0000,2999.4000,3001.6000,3002.0000,3003.0000,3004.8000,3005.0000,1,1,1,3,1,1,1,2,1,1
SF,IH2006,2019-12-26 09:36:58.600,3001.6000,6064,0,123290160.000,0,-,-,-,-,3001.2000,3000.8000,3000.4000,3000.0000,2999.4000,3001.6000,3002.0000,3003.0000,3004.8000,3005.0000,1,1,1,3,1,2,1,2,1,1
SF,IH2006,2019-12-26 09:36:59.100,3001.2000,6064,0,124190520.000,1,0,1,多换,S,3000.8000,3000.4000,3000.0000,2999.4000,2999.0000,3001.6000,3002.0000,3003.0000,3004.8000,3005.0000,1,1,3,1,1,2,1,2,1,1
SF,IH2006,2019-12-26 09:36:59.600,3001.2000,6064,0,124190520.000,0,-,-,-,-,3000.8000,3000.4000,3000.0000,2999.4000,2999.0000,3001.4000,3001.6000,3002.0000,3003.0000,3004.8000,1,1,3,1,1,2,2,1,2,1
SF,IH2006,2019-12-26 09:37:00.100,3001.2000,6064,0,124190520.000,0,-,-,-,-,3000.8000,3000.4000,3000.0000,2999.4000,2999.0000,3001.4000,3001.6000,3002.0000,3003.0000,3004.8000,1,1,3,1,1,1,2,1,2,1
SF,IH2006,2019-12-26 09:37:05.100,3001.2000,6064,0,124190520.000,0,-,-,-,-,3001.0000,3000.8000,3000.4000,3000.0000,2999.4000,3001.4000,3001.6000,3002.0000,3003.0000,3004.8000,1,1,1,3,1,1,2,1,2,1
SF,IH2006,2019-12-26 09:37:06.100,3001.2000,6064,0,124190520.000,0,-,-,-,-,3001.0000,3000.8000,3000.4000,3000.0000,2999.4000,3001.2000,3001.4000,3001.6000,3002.0000,3003.0000,1,1,1,3,1,5,1,2,1,2
SF,IH2006,2019-12-26 09:37:06.600,3000.8000,6063,-1,125991060.000,2,0,2,多平,S,3000.4000,3000.2000,3000.0000,2999.4000,2999.0000,3001.0000,3001.2000,3001.4000,3001.6000,3002.0000,1,1,3,1,1,1,5,1,2,1
SF,IH2006,2019-12-26 09:37:07.100,3001.2000,6062,-1,127791720.000,2,0,2,多平,S,3000.4000,3000.2000,3000.0000,2999.4000,2999.0000,3001.2000,3001.4000,3001.6000,3002.0000,3003.0000,1,1,3,1,1,4,1,2,1,2
SF,IH2006,2019-12-26 09:37:07.600,3001.2000,6062,0,127791720.000,0,-,-,-,-,3000.4000,3000.2000,3000.0000,2999.4000,2999.0000,3001.0000,3001.2000,3001.6000,3002.0000,3003.0000,1,1,3,1,1,1,4,2,1,2
SF,IH2006,2019-12-26 09:37:09.100,3000.4000,6063,1,128691840.000,1,1,0,双开,S,3000.2000,3000.0000,2999.4000,2999.0000,2998.6000,3000.4000,3001.0000,3001.2000,3001.6000,3002.0000,1,3,1,1,1,1,1,4,2,1
SF,IH2006,2019-12-26 09:37:09.600,3000.4000,6063,0,129591960.000,1,0,1,多换,S,3000.8000,3000.4000,3000.2000,3000.0000,2999.4000,3001.0000,3001.2000,3001.6000,3002.0000,3003.0000,3,1,1,3,1,1,4,2,1,2
SF,IH2006,2019-12-26 09:37:10.100,3000.8000,6063,0,132292680.000,3,1,2,多换,S,3000.4000,3000.2000,3000.0000,2999.4000,2999.0000,3000.6000,3000.8000,3001.2000,3001.6000,3002.0000,1,1,3,1,1,1,1,4,2,1
SF,IH2006,2019-12-26 09:37:10.600,3000.8000,6063,0,132292680.000,0,-,-,-,-,3000.2000,3000.0000,2999.4000,2999.0000,2998.6000,3000.6000,3000.8000,3001.2000,3001.6000,3002.0000,1,3,1,1,1,1,1,4,2,1
SF,IH2006,2019-12-26 09:37:12.100,3000.8000,6063,0,132292680.000,0,-,-,-,-,3000.2000,3000.0000,2999.4000,2999.0000,2998.6000,3000.8000,3001.2000,3001.6000,3002.0000,3003.0000,1,3,1,1,1,1,4,2,1,2
SF,IH2006,2019-12-26 09:37:12.600,3000.8000,6063,0,132292680.000,0,-,-,-,-,3000.2000,3000.0000,2999.4000,2999.0000,2998.6000,3000.6000,3000.8000,3001.2000,3001.6000,3002.0000,1,3,1,1,1,1,2,4,2,1
SF,IH2006,2019-12-26 09:37:13.100,3000.2000,6062,-1,133192740.000,1,0,1,双平,S,3000.0000,2999.4000,2999.0000,2998.6000,2997.0000,3000.6000,3000.8000,3001.2000,3001.6000,3002.0000,3,1,1,1,1,1,2,4,2,1
SF,IH2006,2019-12-26 09:37:13.600,3000.2000,6062,0,133192740.000,0,-,-,-,-,3000.0000,2999.4000,2999.0000,2998.6000,2997.0000,3000.6000,3000.8000,3001.2000,3001.6000,3002.0000,3,1,1,1,1,1,2,4,2,1
