市场代码,合约代码,时间,最新,持仓,增仓,成交额,成交量,开仓,平仓,成交类型,方向,买一价,买二价,买三价,买四价,买五价,卖一价,卖二价,卖三价,卖四价,卖五价,买一量,买二量,买三量,买四量,买五量,卖一量,卖二量,卖三量,卖四量,卖五量
SF,IH2012,2020-07-14 09:29:00.100,3350.6000,13850,0,7036260.000,7.000,-,-,-,-,3350.6000,3350.0000,3348.8000,3348.0000,3345.6000,3356.8000,3363.0000,3364.6000,3368.0000,3369.6000,2,2,1,1,1,1,1,1,1,1
SF,IH2012,2020-07-14 09:30:00.100,3350.6000,13849,-1,14072520.000,7,3,4,多平,S,3352.8000,3351.0000,3350.6000,3350.0000,3348.8000,3356.8000,3357.2000,3363.0000,3364.6000,3368.0000,1,2,2,2,1,1,1,1,1,1
SF,IH2012,2020-07-14 09:30:00.600,3352.8000,13849,0,17089380.000,3,1,2,多换,S,3353.0000,3352.0000,3351.6000,3350.2000,3350.0000,3356.6000,3357.2000,3363.0000,3368.0000,3369.6000,4,1,1,1,2,2,1,1,1,1
SF,IH2012,2020-07-14 09:30:01.100,3352.8000,13849,0,17089380.000,0,-,-,-,-,3353.0000,3352.0000,3351.6000,3350.2000,3350.0000,3356.2000,3357.2000,3368.0000,3369.6000,3370.0000,1,1,1,1,2,5,1,1,1,1
SF,IH2012,2020-07-14 09:30:01.600,3352.8000,13848,-1,18095220.000,1,0,1,双平,S,3352.0000,3351.6000,3350.2000,3350.0000,3348.0000,3356.0000,3356.2000,3357.2000,3368.0000,3369.6000,1,1,1,2,1,1,6,1,1,1
SF,IH2012,2020-07-14 09:30:02.100,3353.0000,13848,0,21112200.000,3,1,2,多换,S,3350.2000,3350.0000,3348.0000,3346.0000,3340.0000,3355.6000,3356.0000,3356.2000,3357.2000,3368.0000,2,2,1,1,2,5,1,1,1,1
SF,IH2012,2020-07-14 09:30:02.600,3352.8000,13848,0,22118040.000,1,0,1,多换,S,3350.6000,3350.2000,3350.0000,3348.0000,3346.0000,3352.0000,3353.0000,3355.2000,3355.4000,3355.6000,1,2,2,1,1,1,1,1,1,6
SF,IH2012,2020-07-14 09:30:03.100,3352.0000,13846,-2,26138940.000,4,1,3,多平,S,3350.0000,3348.0000,3346.0000,3340.0000,3332.0000,3353.0000,3353.4000,3353.8000,3355.6000,3357.2000,2,1,1,2,1,1,1,1,6,1
SF,IH2012,2020-07-14 09:30:03.600,3352.0000,13846,0,26138940.000,0,-,-,-,-,3350.0000,3348.0000,3346.0000,3340.0000,3332.0000,3352.0000,3352.6000,3352.8000,3353.0000,3353.4000,2,1,1,2,1,2,6,1,1,1
SF,IH2012,2020-07-14 09:30:04.100,3352.0000,13846,0,26138940.000,0,-,-,-,-,3350.0000,3348.0000,3346.0000,3340.0000,3332.0000,3351.8000,3352.0000,3352.6000,3353.0000,3353.4000,2,1,1,2,1,1,2,6,1,1
SF,IH2012,2020-07-14 09:30:04.600,3350.0000,13848,2,28148940.000,2,2,0,双开,S,3348.0000,3346.0000,3340.0000,3332.0000,3331.0000,3350.0000,3351.4000,3351.8000,3352.0000,3352.8000,1,1,2,1,1,1,6,1,2,1
SF,IH2012,2020-07-14 09:30:05.100,3348.0000,13848,0,29153340.000,1,0,1,多换,S,3346.0000,3340.0000,3332.0000,3331.0000,3330.2000,3348.0000,3349.6000,3349.8000,3352.0000,3352.8000,1,2,1,1,1,1,6,1,2,1
SF,IH2012,2020-07-14 09:30:05.600,3349.6000,13839,-9,40203300.000,11,1,10,多平,S,3346.2000,3340.0000,3332.0000,3331.0000,3330.2000,3349.6000,3351.6000,3352.0000,3353.0000,3357.2000,1,2,1,1,1,1,1,2,1,1
SF,IH2012,2020-07-14 09:30:06.100,3349.6000,13838,-1,42213060.000,2,0,2,多平,S,3346.2000,3340.0000,3332.0000,3331.0000,3330.2000,3351.6000,3352.0000,3353.0000,3357.2000,3368.0000,1,2,1,1,1,1,2,1,1,1
SF,IH2012,2020-07-14 09:30:06.600,3349.6000,13838,0,42213060.000,0,-,-,-,-,3346.2000,3340.0000,3332.0000,3331.0000,3330.2000,3351.2000,3351.6000,3352.0000,3353.0000,3368.0000,1,2,1,1,1,1,3,2,1,1
SF,IH2012,2020-07-14 09:30:07.100,3349.6000,13838,0,42213060.000,0,-,-,-,-,3346.2000,3340.0000,3332.0000,3331.0000,3330.2000,3351.0000,3351.2000,3351.6000,3352.0000,3353.0000,1,2,1,1,1,1,1,1,2,1
SF,IH2012,2020-07-14 09:30:07.600,3349.6000,13838,0,42213060.000,0,-,-,-,-,3346.2000,3340.0000,3332.0000,3331.0000,3330.2000,3350.4000,3350.6000,3351.0000,3351.6000,3352.0000,1,2,1,1,1,1,1,1,1,2
SF,IH2012,2020-07-14 09:30:08.100,3346.2000,13838,0,43216920.000,1,0,1,多换,S,3342.0000,3340.0000,3332.0000,3331.0000,3330.2000,3350.0000,3350.2000,3350.4000,3351.6000,3352.0000,1,2,1,1,1,7,3,1,1,2
SF,IH2012,2020-07-14 09:30:08.600,3346.2000,13837,-1,44220780.000,1,0,1,双平,S,3343.8000,3343.2000,3343.0000,3342.4000,3342.2000,3345.6000,3349.8000,3350.0000,3350.2000,3351.6000,1,1,1,2,1,1,3,1,1,1
SF,IH2012,2020-07-14 09:30:09.100,3345.6000,13836,-1,46228140.000,2,0,2,多平,S,3343.8000,3343.2000,3342.2000,3342.0000,3340.0000,3349.8000,3350.0000,3350.2000,3351.6000,3352.0000,1,1,1,1,2,1,1,1,1,2
SF,IH2012,2020-07-14 09:30:09.600,3349.4000,13837,1,47232960.000,1,1,0,双开,S,3344.8000,3343.2000,3342.2000,3342.0000,3340.0000,3349.6000,3350.2000,3351.6000,3352.0000,3353.0000,4,1,1,1,2,1,1,1,2,1
SF,IH2012,2020-07-14 09:30:10.100,3349.4000,13837,0,47232960.000,0,-,-,-,-,3345.2000,3344.8000,3343.2000,3342.0000,3340.0000,3349.2000,3349.4000,3349.6000,3350.2000,3351.6000,1,4,1,1,2,1,2,1,1,1
SF,IH2012,2020-07-14 09:30:10.600,3349.4000,13837,0,47232960.000,0,-,-,-,-,3345.4000,3345.2000,3342.0000,3340.0000,3336.2000,3349.0000,3349.2000,3349.4000,3350.2000,3351.6000,1,1,1,2,1,1,1,2,1,1
SF,IH2012,2020-07-14 09:30:11.100,3349.4000,13837,0,47232960.000,0,-,-,-,-,3345.4000,3345.2000,3342.0000,3340.0000,3336.2000,3349.0000,3349.2000,3349.4000,3350.2000,3351.6000,1,1,1,2,1,1,1,2,1,1
SF,IH2012,2020-07-14 09:30:11.600,3349.4000,13837,0,47232960.000,0,-,-,-,-,3345.2000,3345.0000,3342.0000,3340.0000,3336.2000,3349.0000,3349.2000,3349.4000,3351.6000,3352.0000,1,1,1,2,1,2,1,2,1,2
SF,IH2012,2020-07-14 09:30:12.100,3349.4000,13837,0,47232960.000,0,-,-,-,-,3345.4000,3345.2000,3345.0000,3342.0000,3340.0000,3347.4000,3347.6000,3349.0000,3349.2000,3349.4000,1,1,1,1,2,1,1,1,1,2
SF,IH2012,2020-07-14 09:30:12.600,3347.2000,13835,-2,49240740.000,2,0,2,双平,S,3345.0000,3343.8000,3342.0000,3340.0000,3336.2000,3347.2000,3349.2000,3349.4000,3352.0000,3353.0000,1,1,1,2,1,1,1,2,2,1
SF,IH2012,2020-07-14 09:30:13.100,3347.2000,13835,0,49240740.000,0,-,-,-,-,3345.0000,3343.8000,3342.0000,3340.0000,3336.2000,3347.0000,3347.2000,3349.2000,3349.4000,3352.0000,1,1,1,2,1,1,1,1,2,2
SF,IH2012,2020-07-14 09:30:13.600,3345.0000,13836,1,50244240.000,1,1,0,双开,S,3343.8000,3342.0000,3340.0000,3336.2000,3332.0000,3346.8000,3347.0000,3349.2000,3349.4000,3352.0000,1,1,2,1,1,1,1,1,2,2
SF,IH2012,2020-07-14 09:30:14.100,3347.0000,13834,-2,52252380.000,2,0,2,双平,S,3347.4000,3344.0000,3343.8000,3342.0000,3340.0000,3349.2000,3349.4000,3352.0000,3353.0000,3368.0000,8,2,1,1,2,1,2,2,1,1
SF,IH2012,2020-07-14 09:30:14.600,3347.4000,13830,-4,57273480.000,5,0,5,多平,S,3347.4000,3344.0000,3343.8000,3342.0000,3340.0000,3347.6000,3349.4000,3352.0000,3353.0000,3368.0000,3,2,1,1,2,1,2,2,1,1
SF,IH2012,2020-07-14 09:30:15.100,3347.6000,13828,-2,60286260.000,3,0,3,多平,S,3347.6000,3347.4000,3344.0000,3343.8000,3342.0000,3349.4000,3352.0000,3353.0000,3368.0000,3370.0000,1,2,2,1,1,2,2,1,1,1
SF,IH2012,2020-07-14 09:30:15.600,3348.6000,13826,-2,62295120.000,2,0,2,双平,S,3347.4000,3344.0000,3343.8000,3342.0000,3340.0000,3349.2000,3349.4000,3352.0000,3353.0000,3368.0000,2,2,1,1,2,1,2,2,1,1
SF,IH2012,2020-07-14 09:30:16.100,3347.6000,13826,0,63299400.000,1,0,1,多换,S,3347.4000,3344.0000,3343.8000,3342.0000,3340.0000,3349.0000,3352.0000,3353.0000,3368.0000,3370.0000,2,2,1,1,2,1,2,1,1,1
SF,IH2012,2020-07-14 09:30:16.600,3347.4000,13824,-2,65308260.000,2,0,2,双平,S,3347.4000,3344.0000,3343.8000,3342.0000,3340.0000,3348.8000,3352.0000,3353.0000,3368.0000,3370.0000,1,2,1,1,2,2,2,1,1,1
SF,IH2012,2020-07-14 09:30:17.100,3347.4000,13824,0,65308260.000,0,-,-,-,-,3347.4000,3344.0000,3343.8000,3342.0000,3340.0000,3348.8000,3352.0000,3353.0000,3368.0000,3370.0000,1,2,1,1,2,2,2,1,1,1
SF,IH2012,2020-07-14 09:30:17.600,3347.4000,13823,-1,66312480.000,1,0,1,双平,S,3344.0000,3343.8000,3342.0000,3340.0000,3336.2000,3346.8000,3348.8000,3352.0000,3353.0000,3368.0000,1,1,1,2,1,1,2,2,1,1
SF,IH2012,2020-07-14 09:30:18.100,3347.4000,13823,0,66312480.000,0,-,-,-,-,3344.6000,3344.2000,3344.0000,3343.8000,3342.0000,3346.8000,3352.0000,3353.0000,3368.0000,3370.0000,1,1,1,1,1,1,2,1,1,1
SF,IH2012,2020-07-14 09:30:18.600,3345.0000,13823,0,67315980.000,1,0,1,多换,S,3344.8000,3344.2000,3343.8000,3342.0000,3340.0000,3346.8000,3352.0000,3353.0000,3368.0000,3370.0000,1,1,1,1,2,1,2,1,1,1
SF,IH2012,2020-07-14 09:30:19.100,3345.0000,13823,0,67315980.000,0,-,-,-,-,3345.0000,3344.8000,3343.8000,3342.0000,3340.0000,3346.6000,3352.0000,3353.0000,3368.0000,3370.0000,3,1,1,1,2,1,2,1,1,1
SF,IH2012,2020-07-14 09:30:19.600,3346.6000,13822,-1,68319960.000,1,0,1,双平,S,3345.0000,3344.8000,3343.8000,3342.0000,3340.0000,3352.0000,3353.0000,3368.0000,3370.0000,3370.2000,3,1,1,1,2,2,1,1,1,1
SF,IH2012,2020-07-14 09:30:20.100,3345.2000,13821,-1,69323520.000,1,0,1,双平,S,3345.2000,3345.0000,3343.8000,3342.0000,3340.0000,3347.4000,3350.4000,3350.6000,3351.6000,3351.8000,2,2,1,1,2,1,1,1,1,1
SF,IH2012,2020-07-14 09:30:20.600,3345.2000,13821,0,69323520.000,0,-,-,-,-,3345.0000,3343.8000,3342.0000,3340.0000,3332.0000,3347.2000,3347.4000,3350.4000,3350.6000,3351.6000,2,1,1,2,1,1,1,1,1,1
SF,IH2012,2020-07-14 09:30:21.100,3345.2000,13821,0,69323520.000,0,-,-,-,-,3346.2000,3345.0000,3343.8000,3342.0000,3340.0000,3347.2000,3347.4000,3350.6000,3351.6000,3352.0000,1,3,1,1,2,1,1,1,1,2
SF,IH2012,2020-07-14 09:30:21.600,3345.8000,13821,0,70327260.000,1,0,1,多换,S,3345.0000,3343.8000,3342.0000,3340.0000,3332.0000,3347.4000,3350.6000,3351.6000,3352.0000,3353.0000,3,1,1,2,1,2,1,1,2,1
SF,IH2012,2020-07-14 09:30:22.100,3352.0000,13814,-7,77361720.000,7,0,7,双平,S,3352.0000,3345.2000,3345.0000,3343.8000,3342.0000,3353.0000,3368.0000,3370.0000,3370.2000,3373.0000,3,3,3,1,1,1,1,1,1,2
SF,IH2012,2020-07-14 09:30:22.600,3346.0000,13810,-4,81382320.000,4,0,4,双平,S,3345.2000,3345.0000,3343.8000,3342.0000,3340.0000,3349.0000,3349.8000,3352.0000,3352.6000,3352.8000,3,1,1,1,2,1,1,11,7,2
SF,IH2012,2020-07-14 09:30:23.100,3346.0000,13810,0,81382320.000,0,-,-,-,-,3345.2000,3345.0000,3344.6000,3343.8000,3342.0000,3349.8000,3352.0000,3352.6000,3352.8000,3353.0000,4,1,1,1,1,1,2,7,1,1
SF,IH2012,2020-07-14 09:30:23.600,3346.0000,13810,0,81382320.000,0,-,-,-,-,3345.2000,3345.0000,3344.6000,3343.8000,3342.0000,3347.4000,3348.2000,3349.8000,3351.0000,3351.8000,4,1,1,1,1,1,1,1,1,1
SF,IH2012,2020-07-14 09:30:24.100,3346.0000,13810,0,81382320.000,0,-,-,-,-,3345.4000,3345.2000,3345.0000,3344.6000,3343.8000,3347.4000,3348.2000,3349.8000,3350.2000,3351.6000,1,4,1,1,1,1,1,1,1,1
SF,IH2012,2020-07-14 09:30:24.600,3346.0000,13810,0,81382320.000,0,-,-,-,-,3345.6000,3345.2000,3345.0000,3344.6000,3343.8000,3347.2000,3347.4000,3348.2000,3349.8000,3350.2000,2,3,1,1,1,1,1,1,1,1
SF,IH2012,2020-07-14 09:30:25.100,3347.0000,13809,-1,83390100.000,2,0,2,多平,S,3347.2000,3345.8000,3345.6000,3345.2000,3345.0000,3347.4000,3349.8000,3350.2000,3351.8000,3352.6000,1,2,1,2,1,1,1,1,1,7
SF,IH2012,2020-07-14 09:30:25.600,3347.2000,13809,0,84394260.000,1,0,1,多换,S,3345.8000,3345.6000,3345.2000,3345.0000,3344.6000,3347.4000,3349.8000,3350.2000,3351.8000,3352.4000,1,1,2,1,1,1,1,1,1,1
SF,IH2012,2020-07-14 09:30:26.100,3345.6000,13806,-3,87405480.000,3,0,3,双平,S,3345.2000,3345.0000,3344.6000,3343.8000,3342.0000,3345.4000,3347.2000,3347.4000,3349.8000,3351.8000,2,1,1,1,1,4,1,2,1,1
SF,IH2012,2020-07-14 09:30:26.600,3345.4000,13803,-3,90416280.000,3,0,3,双平,S,3345.2000,3345.0000,3344.6000,3343.8000,3342.0000,3345.4000,3347.0000,3347.4000,3349.8000,3351.8000,1,2,1,1,1,2,1,2,1,1
SF,IH2012,2020-07-14 09:30:27.100,3345.0000,13801,-2,93426840.000,3,0,3,多平,S,3344.6000,3343.8000,3342.0000,3340.0000,3332.0000,3345.4000,3347.0000,3347.4000,3349.8000,3351.8000,1,1,1,2,1,2,1,1,1,1
SF,IH2012,2020-07-14 09:30:27.600,3345.2000,13800,-1,94430400.000,1,0,1,双平,S,3344.6000,3343.8000,3342.0000,3340.0000,3332.0000,3345.4000,3347.0000,3347.4000,3349.8000,3351.8000,1,1,1,2,1,2,1,1,1,1
SF,IH2012,2020-07-14 09:30:28.600,3345.2000,13800,0,94430400.000,0,-,-,-,-,3344.6000,3343.8000,3342.0000,3340.0000,3332.0000,3345.4000,3347.0000,3347.4000,3349.8000,3350.8000,1,1,1,2,1,2,1,1,1,1
SF,IH2012,2020-07-14 09:30:29.100,3345.2000,13800,0,94430400.000,0,-,-,-,-,3344.6000,3343.8000,3342.0000,3340.0000,3332.0000,3345.4000,3347.0000,3347.4000,3349.8000,3350.8000,1,1,1,2,1,2,1,1,1,1
SF,IH2012,2020-07-14 09:30:29.600,3344.6000,13799,-1,95433780.000,1,0,1,双平,S,3342.0000,3340.0000,3332.0000,3331.0000,3330.2000,3344.2000,3345.4000,3347.4000,3349.8000,3350.8000,1,2,1,11,1,1,2,1,1,1
SF,IH2012,2020-07-14 09:30:30.100,3344.6000,13798,-1,96437160.000,1,0,1,双平,S,3343.2000,3342.2000,3342.0000,3340.0000,3332.0000,3344.2000,3345.4000,3347.4000,3349.8000,3350.8000,1,1,1,2,1,1,2,1,1,1
SF,IH2012,2020-07-14 09:30:30.600,3344.6000,13798,0,96437160.000,0,-,-,-,-,3342.2000,3342.0000,3340.0000,3332.0000,3331.0000,3344.2000,3345.4000,3347.4000,3349.0000,3349.8000,1,1,2,1,11,1,2,1,1,1
SF,IH2012,2020-07-14 09:30:31.100,3344.6000,13798,0,96437160.000,0,-,-,-,-,3342.4000,3342.2000,3342.0000,3340.0000,3332.0000,3344.2000,3345.4000,3347.4000,3349.0000,3349.8000,1,1,1,7,1,1,2,1,1,1
SF,IH2012,2020-07-14 09:30:31.600,3344.2000,13797,-1,98443680.000,2,0,2,多平,S,3342.6000,3342.2000,3342.0000,3340.0000,3332.0000,3345.4000,3347.4000,3349.0000,3349.8000,3350.8000,1,1,1,7,1,2,1,1,1,1
SF,IH2012,2020-07-14 09:30:32.100,3342.8000,13796,-1,99446520.000,1,0,1,双平,S,3342.0000,3340.0000,3332.0000,3331.0000,3330.2000,3345.0000,3345.4000,3347.4000,3349.0000,3349.8000,1,7,1,11,1,2,2,1,1,1
SF,IH2012,2020-07-14 09:30:32.600,3342.8000,13796,0,99446520.000,0,-,-,-,-,3342.2000,3342.0000,3341.0000,3340.0000,3332.0000,3344.6000,3345.0000,3345.4000,3347.4000,3349.0000,1,1,1,7,1,1,2,2,1,1
SF,IH2012,2020-07-14 09:30:33.100,3342.8000,13796,0,99446520.000,0,-,-,-,-,3342.2000,3342.0000,3341.0000,3340.0000,3332.0000,3345.0000,3345.4000,3347.4000,3349.0000,3349.8000,1,1,1,7,1,2,2,1,1,1
SF,IH2012,2020-07-14 09:30:33.600,3342.8000,13796,0,99446520.000,0,-,-,-,-,3344.2000,3342.2000,3342.0000,3341.0000,3340.0000,3345.0000,3345.4000,3347.4000,3349.0000,3349.8000,1,1,1,1,6,2,2,1,1,1
SF,IH2012,2020-07-14 09:30:34.100,3344.0000,13796,0,100449720.000,1,0,1,多换,S,3342.2000,3342.0000,3341.0000,3340.0000,3332.0000,3344.2000,3345.0000,3345.4000,3347.4000,3349.0000,1,1,1,6,1,1,2,2,1,1
SF,IH2012,2020-07-14 09:30:34.600,3342.4000,13795,-1,101452440.000,1,0,1,双平,S,3342.2000,3342.0000,3341.0000,3340.0000,3332.0000,3344.0000,3344.2000,3345.0000,3345.4000,3347.4000,1,1,1,6,1,1,1,2,2,1
SF,IH2012,2020-07-14 09:30:35.100,3342.4000,13795,0,101452440.000,0,-,-,-,-,3342.4000,3342.2000,3342.0000,3341.0000,3340.0000,3343.8000,3344.2000,3345.0000,3345.4000,3347.4000,1,1,1,1,6,1,1,2,2,1
SF,IH2012,2020-07-14 09:30:35.600,3344.2000,13793,-2,103458840.000,2,0,2,双平,S,3344.0000,3343.8000,3342.6000,3342.4000,3342.2000,3345.0000,3345.4000,3347.4000,3349.0000,3349.8000,2,1,1,1,1,2,2,1,1,1
SF,IH2012,2020-07-14 09:30:36.100,3345.0000,13793,0,104462340.000,1,0,1,多换,S,3344.0000,3343.8000,3342.4000,3342.2000,3342.0000,3345.0000,3345.4000,3347.4000,3349.0000,3349.8000,2,1,1,1,1,1,2,1,1,1
SF,IH2012,2020-07-14 09:30:36.600,3345.0000,13793,0,104462340.000,0,-,-,-,-,3343.8000,3342.4000,3342.2000,3342.0000,3341.0000,3345.0000,3345.4000,3347.4000,3349.0000,3349.8000,1,1,1,1,1,1,2,1,1,1
SF,IH2012,2020-07-14 09:30:37.100,3345.0000,13793,0,105465840.000,1,0,1,多换,S,3344.0000,3343.8000,3343.2000,3342.4000,3342.2000,3345.0000,3345.4000,3347.4000,3349.0000,3349.8000,1,1,1,1,1,1,2,1,1,1
SF,IH2012,2020-07-14 09:30:37.600,3345.0000,13793,0,106469340.000,1,0,1,多换,S,3344.2000,3343.8000,3343.2000,3342.4000,3342.2000,3344.8000,3345.4000,3347.4000,3349.0000,3349.8000,1,1,1,1,1,1,2,1,1,1
SF,IH2012,2020-07-14 09:30:38.100,3344.8000,13792,-1,107472780.000,1,0,1,双平,S,3345.0000,3344.4000,3343.8000,3343.2000,3342.4000,3345.4000,3347.4000,3349.8000,3352.4000,3352.6000,1,1,1,1,1,2,1,1,1,7
SF,IH2012,2020-07-14 09:30:38.600,3344.8000,13792,0,107472780.000,0,-,-,-,-,3345.0000,3344.8000,3343.8000,3343.2000,3342.4000,3345.4000,3347.4000,3349.8000,3352.4000,3352.6000,1,1,1,1,1,2,1,1,1,7
SF,IH2012,2020-07-14 09:30:39.600,3345.4000,13790,-2,109480020.000,2,0,2,双平,S,3345.4000,3345.0000,3344.8000,3343.8000,3343.2000,3347.4000,3349.8000,3352.4000,3352.6000,3355.2000,1,1,1,1,1,1,1,1,7,1
SF,IH2012,2020-07-14 09:30:40.100,3345.4000,13790,0,109480020.000,0,-,-,-,-,3345.6000,3345.4000,3345.0000,3344.8000,3343.8000,3347.4000,3349.8000,3352.4000,3352.6000,3355.2000,2,1,1,1,1,1,1,1,7,1
SF,IH2012,2020-07-14 09:30:40.600,3345.4000,13789,-1,110483640.000,1,0,1,双平,S,3345.6000,3345.4000,3345.0000,3344.8000,3343.8000,3347.4000,3349.8000,3352.4000,3352.6000,3355.2000,2,2,1,1,1,1,1,1,7,1
SF,IH2012,2020-07-14 09:30:41.100,3345.4000,13789,0,110483640.000,0,-,-,-,-,3345.6000,3345.4000,3345.0000,3344.8000,3343.8000,3347.4000,3349.8000,3352.4000,3352.6000,3355.2000,2,2,1,1,1,1,1,1,7,1
SF,IH2012,2020-07-14 09:30:41.600,3345.4000,13789,0,110483640.000,0,-,-,-,-,3345.6000,3345.4000,3345.0000,3344.8000,3343.8000,3347.4000,3349.8000,3352.4000,3352.6000,3355.2000,2,2,1,1,1,1,1,1,7,1
SF,IH2012,2020-07-14 09:30:42.100,3347.4000,13788,-1,111487860.000,1,0,1,双平,S,3347.4000,3345.6000,3345.4000,3345.0000,3344.8000,3349.8000,3352.4000,3352.6000,3355.2000,3363.8000,7,1,2,1,1,1,1,7,1,1
SF,IH2012,2020-07-14 09:30:42.600,3347.4000,13788,0,111487860.000,0,-,-,-,-,3347.6000,3347.4000,3345.4000,3345.0000,3343.2000,3349.8000,3351.0000,3352.4000,3352.6000,3355.2000,1,7,2,1,1,1,1,1,7,1
SF,IH2012,2020-07-14 09:30:43.600,3347.4000,13788,0,111487860.000,0,-,-,-,-,3347.6000,3347.4000,3345.4000,3345.0000,3342.4000,3349.8000,3351.0000,3352.4000,3352.6000,3355.2000,1,7,3,1,1,1,1,1,7,1
SF,IH2012,2020-07-14 09:30:44.600,3347.4000,13788,0,111487860.000,0,-,-,-,-,3347.6000,3347.4000,3345.4000,3345.0000,3342.4000,3349.8000,3351.0000,3352.4000,3352.6000,3355.2000,1,7,3,1,1,1,1,1,7,1
SF,IH2012,2020-07-14 09:30:45.100,3347.4000,13788,0,111487860.000,0,-,-,-,-,3347.6000,3347.4000,3345.4000,3345.0000,3342.4000,3349.8000,3351.0000,3352.4000,3352.6000,3355.2000,1,7,3,1,1,1,1,2,7,1
SF,IH2012,2020-07-14 09:30:45.600,3347.4000,13788,0,111487860.000,0,-,-,-,-,3347.6000,3347.4000,3345.4000,3345.0000,3342.4000,3349.6000,3349.8000,3351.0000,3352.4000,3352.6000,1,7,3,1,1,1,1,1,2,7
SF,IH2012,2020-07-14 09:30:46.100,3347.4000,13788,0,111487860.000,0,-,-,-,-,3347.6000,3347.4000,3345.4000,3345.0000,3342.4000,3349.4000,3349.6000,3349.8000,3351.0000,3352.4000,1,7,3,1,1,1,1,1,1,2
SF,IH2012,2020-07-14 09:30:46.600,3347.4000,13788,0,111487860.000,0,-,-,-,-,3347.6000,3347.4000,3345.4000,3345.0000,3342.4000,3349.2000,3349.6000,3349.8000,3351.0000,3352.4000,1,7,3,1,1,1,1,1,1,2
SF,IH2012,2020-07-14 09:30:47.100,3347.6000,13787,-1,112492140.000,1,0,1,双平,S,3347.4000,3345.4000,3345.0000,3342.4000,3342.2000,3347.6000,3349.6000,3349.8000,3351.0000,3352.4000,7,3,1,1,1,1,1,1,1,2
SF,IH2012,2020-07-14 09:30:47.600,3347.6000,13783,-4,116509080.000,4,0,4,双平,S,3347.6000,3345.4000,3345.0000,3342.4000,3342.2000,3349.0000,3349.8000,3351.0000,3352.4000,3352.6000,1,3,1,1,1,1,1,1,2,7
SF,IH2012,2020-07-14 09:30:48.100,3348.8000,13780,-3,120526560.000,4,0,4,多平,S,3347.6000,3345.4000,3345.0000,3342.4000,3342.2000,3348.8000,3349.0000,3349.8000,3351.0000,3352.4000,1,3,1,1,1,1,1,1,1,2
SF,IH2012,2020-07-14 09:30:48.600,3348.8000,13780,0,120526560.000,0,-,-,-,-,3347.6000,3347.0000,3345.4000,3345.0000,3342.4000,3348.6000,3349.0000,3349.8000,3351.0000,3352.4000,1,1,3,1,1,2,1,1,1,1
SF,IH2012,2020-07-14 09:30:49.100,3348.8000,13780,0,120526560.000,0,-,-,-,-,3347.6000,3347.0000,3345.4000,3345.0000,3342.4000,3348.0000,3348.6000,3349.8000,3351.0000,3352.4000,1,1,3,1,1,1,2,1,1,1
SF,IH2012,2020-07-14 09:30:49.600,3348.8000,13780,0,120526560.000,0,-,-,-,-,3347.6000,3347.0000,3345.4000,3345.0000,3342.4000,3348.0000,3348.6000,3349.8000,3351.0000,3352.4000,1,1,2,1,1,1,1,1,1,1
SF,IH2012,2020-07-14 09:30:50.100,3348.8000,13780,0,120526560.000,0,-,-,-,-,3347.6000,3347.0000,3345.4000,3345.0000,3342.2000,3348.0000,3348.6000,3349.8000,3351.0000,3352.4000,1,1,2,1,1,1,1,1,1,1
SF,IH2012,2020-07-14 09:30:50.600,3347.6000,13779,-1,121530840.000,1,0,1,双平,S,3347.0000,3345.4000,3345.0000,3342.2000,3342.0000,3348.6000,3349.8000,3351.0000,3352.4000,3352.6000,1,2,1,1,1,1,1,1,1,7
SF,IH2012,2020-07-14 09:30:51.100,3347.6000,13779,0,121530840.000,0,-,-,-,-,3347.0000,3345.4000,3345.0000,3342.2000,3342.0000,3348.4000,3348.6000,3349.8000,3351.0000,3352.4000,1,2,1,1,1,1,1,1,1,1
SF,IH2012,2020-07-14 09:30:51.600,3347.6000,13779,0,121530840.000,0,-,-,-,-,3347.0000,3345.4000,3345.0000,3342.2000,3342.0000,3348.2000,3348.6000,3349.8000,3351.0000,3352.4000,1,2,1,1,1,1,1,1,1,1
SF,IH2012,2020-07-14 09:30:52.100,3347.6000,13779,0,121530840.000,0,-,-,-,-,3347.0000,3345.4000,3345.0000,3342.2000,3342.0000,3348.0000,3349.8000,3351.0000,3352.4000,3352.6000,1,2,1,1,1,1,1,1,1,7
SF,IH2012,2020-07-14 09:30:52.600,3347.6000,13779,0,121530840.000,0,-,-,-,-,3347.0000,3345.4000,3345.0000,3342.2000,3342.0000,3347.8000,3349.8000,3351.0000,3352.4000,3352.6000,1,2,1,1,1,1,1,1,1,7
SF,IH2012,2020-07-14 09:30:53.100,3347.0000,13779,0,122534940.000,1,0,1,多换,S,3345.4000,3345.0000,3342.2000,3342.0000,3341.0000,3347.6000,3349.8000,3351.0000,3352.4000,3352.6000,2,1,1,1,1,1,1,1,1,7
SF,IH2012,2020-07-14 09:30:53.600,3347.4000,13778,-1,123539160.000,1,0,1,双平,S,3345.4000,3345.0000,3342.2000,3342.0000,3341.0000,3349.8000,3351.0000,3352.4000,3352.6000,3355.2000,2,1,1,1,1,1,1,1,7,1
SF,IH2012,2020-07-14 09:30:54.100,3347.4000,13778,0,123539160.000,0,-,-,-,-,3345.8000,3345.4000,3345.0000,3342.2000,3342.0000,3347.0000,3349.4000,3349.6000,3349.8000,3351.0000,1,2,1,1,1,1,1,8,1,1
SF,IH2012,2020-07-14 09:30:54.600,3347.4000,13778,0,123539160.000,0,-,-,-,-,3346.0000,3345.4000,3345.0000,3342.2000,3342.0000,3347.0000,3349.4000,3349.6000,3349.8000,3351.0000,1,2,1,1,1,1,1,8,1,1
SF,IH2012,2020-07-14 09:30:55.100,3347.4000,13778,0,123539160.000,0,-,-,-,-,3346.2000,3345.4000,3345.0000,3342.2000,3342.0000,3347.0000,3349.4000,3349.6000,3349.8000,3351.0000,1,2,1,1,1,1,1,8,1,1
SF,IH2012,2020-07-14 09:30:55.600,3347.4000,13778,0,123539160.000,0,-,-,-,-,3345.4000,3345.0000,3342.2000,3342.0000,3341.0000,3347.0000,3349.6000,3349.8000,3351.0000,3352.4000,2,1,1,1,1,1,8,1,1,1
SF,IH2012,2020-07-14 09:30:56.100,3347.0000,13778,0,124543260.000,1,0,1,多换,S,3345.6000,3345.4000,3345.0000,3342.2000,3342.0000,3349.6000,3349.8000,3351.0000,3352.4000,3355.2000,1,2,1,1,1,1,1,1,1,1
SF,IH2012,2020-07-14 09:30:56.600,3347.0000,13778,0,124543260.000,0,-,-,-,-,3345.8000,3345.4000,3345.0000,3342.2000,3342.0000,3349.4000,3349.8000,3351.0000,3352.4000,3355.2000,2,2,1,1,1,1,1,1,1,1
SF,IH2012,2020-07-14 09:30:57.100,3347.0000,13778,0,124543260.000,0,-,-,-,-,3345.8000,3345.4000,3345.0000,3342.2000,3342.0000,3348.4000,3349.4000,3349.8000,3351.0000,3352.4000,2,2,1,1,1,1,1,1,1,1
SF,IH2012,2020-07-14 09:30:57.600,3347.0000,13778,0,124543260.000,0,-,-,-,-,3345.8000,3345.4000,3345.0000,3342.2000,3342.0000,3348.4000,3349.4000,3349.8000,3351.0000,3352.4000,1,2,1,1,1,1,1,1,1,1
SF,IH2012,2020-07-14 09:30:58.600,3347.0000,13778,0,124543260.000,0,-,-,-,-,3345.8000,3345.4000,3345.0000,3342.2000,3342.0000,3348.2000,3348.4000,3349.4000,3349.8000,3351.0000,1,2,1,1,1,1,1,1,1,1
SF,IH2012,2020-07-14 09:30:59.600,3347.0000,13778,0,124543260.000,0,-,-,-,-,3345.8000,3345.4000,3345.0000,3342.2000,3342.0000,3348.2000,3348.4000,3349.4000,3349.8000,3351.0000,1,1,1,1,1,1,1,1,1,1
SF,IH2012,2020-07-14 09:31:00.100,3347.0000,13778,0,124543260.000,0,-,-,-,-,3345.4000,3345.0000,3342.2000,3342.0000,3341.0000,3348.0000,3348.2000,3348.4000,3349.4000,3349.8000,1,1,1,1,1,2,1,1,1,1
SF,IH2012,2020-07-14 09:31:00.600,3345.8000,13779,1,126550620.000,2,1,1,空开,S,3345.0000,3342.2000,3342.0000,3341.0000,3340.2000,3348.0000,3348.2000,3348.4000,3349.4000,3351.0000,1,1,1,1,1,1,1,1,1,1
SF,IH2012,2020-07-14 09:31:01.100,3345.8000,13779,0,126550620.000,0,-,-,-,-,3345.0000,3342.2000,3342.0000,3341.0000,3340.2000,3348.0000,3348.2000,3348.4000,3349.4000,3351.0000,1,1,1,1,1,1,1,1,1,1
SF,IH2012,2020-07-14 09:31:01.600,3348.0000,13779,0,127555020.000,1,0,1,多换,S,3345.2000,3345.0000,3342.2000,3342.0000,3341.0000,3348.2000,3348.4000,3349.4000,3351.0000,3352.4000,2,1,1,1,1,1,1,1,1,1
SF,IH2012,2020-07-14 09:31:02.100,3348.0000,13779,0,127555020.000,0,-,-,-,-,3345.2000,3345.0000,3342.2000,3342.0000,3341.0000,3348.0000,3348.2000,3348.4000,3349.4000,3351.0000,2,1,1,1,1,1,1,1,1,1
SF,IH2012,2020-07-14 09:31:02.600,3348.0000,13779,0,128559420.000,1,0,1,多换,S,3345.2000,3345.0000,3342.2000,3342.0000,3341.0000,3348.2000,3348.4000,3349.4000,3351.0000,3352.4000,2,1,1,1,1,1,1,1,1,1
SF,IH2012,2020-07-14 09:31:03.100,3348.0000,13779,0,128559420.000,0,-,-,-,-,3345.2000,3345.0000,3342.2000,3342.0000,3341.0000,3348.2000,3348.4000,3349.4000,3352.4000,3355.2000,2,1,1,1,1,1,1,1,1,1
SF,IH2012,2020-07-14 09:31:03.600,3348.0000,13779,0,128559420.000,0,-,-,-,-,3345.2000,3345.0000,3342.2000,3342.0000,3341.0000,3348.2000,3348.4000,3349.4000,3352.4000,3355.2000,2,1,1,1,1,1,1,1,1,1
SF,IH2012,2020-07-14 09:31:04.100,3348.0000,13779,0,128559420.000,0,-,-,-,-,3345.2000,3345.0000,3343.8000,3342.2000,3342.0000,3348.0000,3348.2000,3348.4000,3349.4000,3352.4000,2,1,1,1,1,1,1,1,1,1
SF,IH2012,2020-07-14 09:31:05.100,3348.0000,13779,0,128559420.000,0,-,-,-,-,3345.2000,3345.0000,3343.8000,3342.2000,3342.0000,3346.2000,3347.8000,3348.0000,3348.2000,3349.4000,2,1,1,1,1,1,1,1,1,1
SF,IH2012,2020-07-14 09:31:05.600,3346.2000,13777,-2,130567140.000,2,0,2,双平,S,3345.4000,3345.0000,3343.8000,3342.2000,3342.0000,3347.8000,3348.0000,3348.2000,3349.4000,3352.4000,1,1,1,1,1,1,1,1,1,1
SF,IH2012,2020-07-14 09:31:06.100,3346.2000,13777,0,130567140.000,0,-,-,-,-,3345.6000,3345.4000,3345.0000,3343.8000,3342.2000,3347.8000,3348.0000,3348.2000,3349.4000,3352.4000,2,1,1,1,1,1,1,1,1,1
SF,IH2012,2020-07-14 09:31:06.600,3346.2000,13777,0,130567140.000,0,-,-,-,-,3345.6000,3345.0000,3343.8000,3342.2000,3342.0000,3347.8000,3348.2000,3349.4000,3352.4000,3354.6000,2,1,1,1,1,1,1,1,1,1
SF,IH2012,2020-07-14 09:31:07.100,3346.2000,13777,0,130567140.000,0,-,-,-,-,3345.6000,3345.0000,3343.8000,3342.2000,3342.0000,3347.8000,3349.4000,3352.4000,3354.6000,3355.2000,2,1,1,1,1,1,1,1,1,1
SF,IH2012,2020-07-14 09:31:07.600,3346.2000,13777,0,130567140.000,0,-,-,-,-,3345.6000,3345.0000,3343.8000,3342.2000,3342.0000,3347.8000,3349.4000,3352.4000,3354.6000,3355.2000,2,1,1,1,1,1,1,1,1,1
SF,IH2012,2020-07-14 09:31:08.100,3347.8000,13776,-1,131571480.000,1,0,1,双平,S,3347.8000,3347.4000,3346.4000,3345.6000,3345.0000,3349.4000,3352.4000,3354.6000,3355.2000,3363.8000,1,1,1,1,1,1,1,1,1,1
SF,IH2012,2020-07-14 09:31:08.600,3348.0000,13774,-2,133580280.000,2,0,2,双平,S,3347.8000,3347.4000,3345.6000,3345.0000,3343.8000,3348.0000,3349.2000,3354.6000,3355.2000,3363.8000,1,1,1,1,1,1,1,1,1,1
SF,IH2012,2020-07-14 09:31:09.100,3348.0000,13773,-1,134584680.000,1,0,1,双平,S,3348.0000,3347.8000,3345.6000,3345.0000,3343.8000,3354.6000,3355.2000,3363.8000,3368.0000,3370.0000,2,1,2,1,1,1,1,1,1,1
SF,IH2012,2020-07-14 09:31:09.600,3348.0000,13773,0,134584680.000,0,-,-,-,-,3348.2000,3348.0000,3347.8000,3345.6000,3345.0000,3353.2000,3353.8000,3354.0000,3354.2000,3354.6000,4,1,1,1,1,1,1,2,7,1
SF,IH2012,2020-07-14 09:31:10.100,3348.0000,13773,0,134584680.000,0,-,-,-,-,3348.2000,3348.0000,3347.8000,3345.6000,3345.0000,3352.8000,3353.2000,3353.8000,3354.0000,3354.6000,4,1,1,1,1,7,1,1,2,1
SF,IH2012,2020-07-14 09:31:11.100,3348.0000,13773,0,134584680.000,0,-,-,-,-,3349.0000,3348.2000,3348.0000,3347.8000,3345.6000,3352.8000,3353.2000,3353.8000,3354.0000,3354.6000,1,4,1,2,1,7,1,1,2,1
SF,IH2012,2020-07-14 09:31:11.600,3348.0000,13773,0,134584680.000,0,-,-,-,-,3349.2000,3349.0000,3348.2000,3348.0000,3347.8000,3352.0000,3352.8000,3353.2000,3353.8000,3354.0000,1,1,3,1,2,1,7,1,1,2
SF,IH2012,2020-07-14 09:31:12.100,3348.0000,13773,0,134584680.000,0,-,-,-,-,3349.2000,3349.0000,3348.2000,3348.0000,3347.8000,3351.6000,3352.0000,3353.2000,3353.8000,3354.0000,1,1,1,1,2,7,1,1,1,2
SF,IH2012,2020-07-14 09:31:12.600,3348.0000,13773,0,134584680.000,0,-,-,-,-,3349.2000,3349.0000,3348.2000,3348.0000,3347.8000,3351.6000,3351.8000,3352.0000,3353.2000,3353.8000,1,1,1,1,2,7,1,1,1,1
SF,IH2012,2020-07-14 09:31:13.100,3348.0000,13773,0,134584680.000,0,-,-,-,-,3349.2000,3349.0000,3348.2000,3348.0000,3347.8000,3351.0000,3351.6000,3351.8000,3353.2000,3353.8000,1,1,1,1,2,1,7,1,1,1
SF,IH2012,2020-07-14 09:31:13.600,3349.2000,13772,-1,135589440.000,1,0,1,双平,S,3349.0000,3348.0000,3347.8000,3345.6000,3345.0000,3350.6000,3350.8000,3351.0000,3353.2000,3353.8000,1,1,2,1,1,7,1,1,1,1
SF,IH2012,2020-07-14 09:31:14.100,3349.0000,13772,0,136594140.000,1,0,1,多换,S,3348.0000,3347.8000,3345.6000,3345.0000,3343.8000,3348.8000,3349.2000,3350.4000,3350.6000,3351.0000,1,2,1,1,1,1,1,1,7,1
SF,IH2012,2020-07-14 09:31:14.600,3348.0000,13771,-1,137598540.000,1,0,1,双平,S,3347.8000,3346.2000,3345.6000,3345.0000,3343.8000,3348.8000,3350.6000,3350.8000,3351.0000,3353.2000,2,1,1,1,1,1,7,1,1,1
SF,IH2012,2020-07-14 09:31:15.100,3348.0000,13771,0,137598540.000,0,-,-,-,-,3347.8000,3346.2000,3345.6000,3345.0000,3343.8000,3350.6000,3350.8000,3351.0000,3353.2000,3353.8000,2,1,1,1,1,7,1,1,1,1
SF,IH2012,2020-07-14 09:31:15.600,3348.0000,13771,0,137598540.000,0,-,-,-,-,3348.0000,3347.8000,3346.2000,3345.6000,3345.0000,3350.6000,3350.8000,3351.0000,3352.2000,3353.2000,1,2,1,1,1,7,1,1,1,1
SF,IH2012,2020-07-14 09:31:16.600,3348.0000,13771,0,140611680.000,3,1,2,多换,S,3346.2000,3345.6000,3345.0000,3343.8000,3343.0000,3350.4000,3350.6000,3350.8000,3352.2000,3353.2000,1,1,1,1,1,1,8,1,1,1
SF,IH2012,2020-07-14 09:31:17.100,3348.0000,13771,0,140611680.000,0,-,-,-,-,3346.2000,3345.6000,3345.0000,3343.8000,3343.0000,3350.0000,3350.4000,3350.6000,3350.8000,3352.2000,1,1,1,1,1,7,1,1,1,1
SF,IH2012,2020-07-14 09:31:17.600,3348.0000,13771,0,140611680.000,0,-,-,-,-,3346.2000,3345.6000,3345.0000,3343.8000,3343.0000,3349.8000,3350.0000,3350.6000,3350.8000,3352.2000,1,1,1,1,1,1,7,1,1,1
SF,IH2012,2020-07-14 09:31:18.100,3348.0000,13771,0,140611680.000,0,-,-,-,-,3346.2000,3345.6000,3345.0000,3343.8000,3343.0000,3349.4000,3349.8000,3350.6000,3350.8000,3353.2000,1,1,1,1,1,7,1,1,1,1
SF,IH2012,2020-07-14 09:31:18.600,3348.0000,13771,0,140611680.000,0,-,-,-,-,3346.2000,3345.6000,3345.0000,3343.8000,3343.0000,3349.0000,3349.2000,3349.4000,3350.8000,3353.2000,1,1,1,1,1,1,1,7,1,1
SF,IH2012,2020-07-14 09:31:19.100,3348.0000,13771,0,140611680.000,0,-,-,-,-,3346.2000,3345.6000,3345.0000,3343.8000,3343.0000,3348.8000,3349.0000,3350.8000,3353.2000,3353.8000,1,1,1,1,1,1,1,1,1,1
SF,IH2012,2020-07-14 09:31:19.600,3348.0000,13771,0,140611680.000,0,-,-,-,-,3346.2000,3345.6000,3345.0000,3343.8000,3343.0000,3348.8000,3349.0000,3350.8000,3353.2000,3353.8000,1,1,1,1,1,2,1,1,1,1
SF,IH2012,2020-07-14 09:31:20.100,3348.0000,13771,0,140611680.000,0,-,-,-,-,3346.2000,3345.6000,3345.0000,3343.8000,3343.0000,3348.6000,3348.8000,3349.0000,3350.8000,3353.2000,1,1,1,1,1,7,2,1,1,1
SF,IH2012,2020-07-14 09:31:20.600,3348.0000,13771,0,140611680.000,0,-,-,-,-,3346.2000,3345.6000,3345.0000,3343.8000,3343.0000,3348.4000,3348.6000,3348.8000,3349.0000,3350.8000,1,1,1,1,1,2,7,1,1,1
SF,IH2012,2020-07-14 09:31:21.100,3348.0000,13771,0,140611680.000,0,-,-,-,-,3346.4000,3346.2000,3345.6000,3345.0000,3343.8000,3348.4000,3348.8000,3349.0000,3353.8000,3354.0000,1,1,1,1,1,2,1,1,1,2
SF,IH2012,2020-07-14 09:31:21.600,3348.0000,13771,0,140611680.000,0,-,-,-,-,3346.4000,3346.2000,3345.6000,3345.0000,3343.8000,3348.2000,3348.4000,3348.8000,3349.0000,3353.8000,1,1,1,1,1,2,2,1,1,1
SF,IH2012,2020-07-14 09:31:22.100,3348.0000,13771,0,140611680.000,0,-,-,-,-,3346.4000,3346.2000,3345.6000,3345.0000,3343.8000,3348.2000,3348.4000,3348.8000,3349.0000,3353.8000,1,1,1,1,1,2,1,1,1,1
SF,IH2012,2020-07-14 09:31:22.600,3348.0000,13771,0,140611680.000,0,-,-,-,-,3346.4000,3346.2000,3345.6000,3345.0000,3343.8000,3348.2000,3348.4000,3348.8000,3349.0000,3353.8000,1,1,1,1,1,2,1,1,1,1
SF,IH2012,2020-07-14 09:31:23.100,3348.0000,13771,0,140611680.000,0,-,-,-,-,3346.2000,3345.6000,3345.0000,3343.8000,3343.0000,3348.0000,3348.2000,3348.4000,3348.8000,3349.0000,1,1,1,1,1,1,1,1,1,1
SF,IH2012,2020-07-14 09:31:23.600,3346.4000,13771,0,141615600.000,1,0,1,多换,S,3346.4000,3346.2000,3345.6000,3345.0000,3344.4000,3347.8000,3348.2000,3348.4000,3348.8000,3349.0000,1,1,1,1,1,1,1,1,1,1
SF,IH2012,2020-07-14 09:31:24.100,3346.4000,13771,0,141615600.000,0,-,-,-,-,3346.2000,3345.6000,3345.0000,3344.4000,3343.8000,3347.6000,3348.2000,3348.4000,3348.8000,3349.0000,1,1,1,1,1,1,1,1,1,1
SF,IH2012,2020-07-14 09:31:24.600,3346.4000,13771,0,141615600.000,0,-,-,-,-,3346.2000,3345.6000,3345.0000,3344.4000,3343.8000,3347.4000,3347.6000,3348.2000,3348.4000,3348.8000,1,1,1,1,1,1,1,1,1,1
SF,IH2012,2020-07-14 09:31:25.100,3346.4000,13771,0,141615600.000,0,-,-,-,-,3347.0000,3346.2000,3345.6000,3345.0000,3344.4000,3347.2000,3347.4000,3347.6000,3348.2000,3348.4000,1,1,1,1,1,1,1,1,1,1
SF,IH2012,2020-07-14 09:31:25.600,3347.4000,13769,-2,143623980.000,2,0,2,双平,S,3347.2000,3347.0000,3346.2000,3345.6000,3345.0000,3347.6000,3348.2000,3348.8000,3353.8000,3354.0000,1,1,1,1,1,1,1,1,1,2
SF,IH2012,2020-07-14 09:31:26.100,3347.6000,13768,-1,144628260.000,1,0,1,双平,S,3347.6000,3347.2000,3347.0000,3346.2000,3345.6000,3348.2000,3348.8000,3353.8000,3354.0000,3354.6000,2,1,1,1,1,1,1,1,2,1
SF,IH2012,2020-07-14 09:31:26.600,3348.2000,13767,-1,145632720.000,1,0,1,双平,S,3347.6000,3347.2000,3347.0000,3346.4000,3346.2000,3348.8000,3353.8000,3354.0000,3354.6000,3355.2000,2,1,1,20,1,1,1,2,1,1
SF,IH2012,2020-07-14 09:31:27.100,3348.8000,13766,-1,146637360.000,1,0,1,双平,S,3347.6000,3347.2000,3347.0000,3346.4000,3346.2000,3353.8000,3354.0000,3354.6000,3355.2000,3363.8000,2,1,1,20,1,1,2,1,1,1
SF,IH2012,2020-07-14 09:31:27.600,3347.8000,13765,-1,147641700.000,1,0,1,双平,S,3347.6000,3347.2000,3347.0000,3346.4000,3346.2000,3353.4000,3353.6000,3353.8000,3354.0000,3354.6000,1,1,1,20,1,7,3,1,2,1
SF,IH2012,2020-07-14 09:31:28.100,3347.8000,13765,0,147641700.000,0,-,-,-,-,3347.6000,3347.2000,3347.0000,3346.4000,3346.2000,3353.2000,3353.4000,3353.8000,3354.0000,3354.6000,1,1,1,20,2,3,7,1,2,1
SF,IH2012,2020-07-14 09:31:28.600,3347.8000,13765,0,147641700.000,0,-,-,-,-,3348.0000,3347.8000,3347.6000,3347.2000,3347.0000,3351.6000,3352.8000,3353.0000,3353.2000,3353.8000,1,1,1,1,1,3,7,1,3,1
SF,IH2012,2020-07-14 09:31:29.100,3347.8000,13765,0,147641700.000,0,-,-,-,-,3348.0000,3347.6000,3347.2000,3347.0000,3346.4000,3351.2000,3351.4000,3353.0000,3353.8000,3354.0000,1,1,1,1,20,7,3,1,1,2
SF,IH2012,2020-07-14 09:31:29.600,3347.8000,13765,0,147641700.000,0,-,-,-,-,3347.6000,3347.2000,3347.0000,3346.4000,3346.2000,3351.0000,3351.2000,3351.4000,3353.0000,3353.8000,1,1,1,20,2,3,7,1,1,1
SF,IH2012,2020-07-14 09:31:30.100,3347.8000,13765,0,147641700.000,0,-,-,-,-,3348.2000,3347.8000,3347.6000,3347.2000,3347.0000,3350.6000,3351.0000,3351.4000,3353.8000,3354.0000,1,1,1,1,1,7,4,1,1,2
SF,IH2012,2020-07-14 09:31:30.600,3347.8000,13765,0,147641700.000,0,-,-,-,-,3348.4000,3348.2000,3347.6000,3347.2000,3347.0000,3350.4000,3350.6000,3351.0000,3351.4000,3353.8000,1,1,1,1,1,3,7,1,1,1
SF,IH2012,2020-07-14 09:31:31.100,3347.8000,13765,0,147641700.000,0,-,-,-,-,3348.2000,3347.6000,3347.2000,3347.0000,3346.4000,3350.4000,3350.6000,3351.0000,3351.4000,3353.8000,1,1,1,1,20,3,7,1,1,1
SF,IH2012,2020-07-14 09:31:31.600,3347.8000,13765,0,147641700.000,0,-,-,-,-,3348.2000,3347.6000,3347.2000,3347.0000,3346.4000,3350.0000,3350.4000,3351.0000,3351.4000,3353.8000,1,1,1,1,20,7,3,1,1,1
SF,IH2012,2020-07-14 09:31:32.100,3347.8000,13765,0,147641700.000,0,-,-,-,-,3348.2000,3347.6000,3347.2000,3347.0000,3346.4000,3349.8000,3350.0000,3350.4000,3351.0000,3351.4000,1,1,1,1,20,2,7,1,1,1
SF,IH2012,2020-07-14 09:31:32.600,3347.8000,13765,0,147641700.000,0,-,-,-,-,3348.4000,3348.2000,3347.6000,3347.2000,3347.0000,3349.8000,3350.4000,3351.4000,3353.8000,3354.0000,1,1,1,1,2,2,1,1,1,2
SF,IH2012,2020-07-14 09:31:33.100,3347.8000,13765,0,147641700.000,0,-,-,-,-,3348.2000,3347.6000,3347.2000,3347.0000,3346.4000,3349.8000,3350.4000,3351.4000,3353.8000,3354.0000,1,1,1,2,20,2,1,1,1,2
SF,IH2012,2020-07-14 09:31:33.600,3349.8000,13764,-1,148646640.000,1,0,1,双平,S,3348.2000,3347.6000,3347.2000,3347.0000,3346.4000,3350.4000,3351.4000,3353.8000,3354.0000,3354.6000,1,1,1,2,20,1,1,1,2,1
SF,IH2012,2020-07-14 09:31:34.100,3349.8000,13764,0,148646640.000,0,-,-,-,-,3348.4000,3348.2000,3347.6000,3347.2000,3347.0000,3350.0000,3350.2000,3350.4000,3351.4000,3353.8000,2,1,1,1,2,7,1,1,1,1
SF,IH2012,2020-07-14 09:31:34.600,3350.0000,13763,-1,149651640.000,1,0,1,双平,S,3348.6000,3348.4000,3348.2000,3347.6000,3347.2000,3350.2000,3350.4000,3351.4000,3353.8000,3354.0000,1,1,1,1,1,1,1,1,1,2
SF,IH2012,2020-07-14 09:31:35.100,3350.0000,13763,0,149651640.000,0,-,-,-,-,3348.8000,3348.4000,3348.2000,3347.6000,3347.2000,3350.4000,3351.4000,3353.8000,3354.0000,3354.6000,3,1,1,1,1,1,1,1,2,1
SF,IH2012,2020-07-14 09:31:35.600,3350.4000,13762,-1,150656760.000,1,0,1,双平,S,3348.8000,3348.4000,3348.2000,3347.6000,3347.2000,3351.4000,3353.8000,3354.0000,3354.6000,3355.2000,3,1,1,1,1,1,1,2,1,1
SF,IH2012,2020-07-14 09:31:36.100,3350.4000,13762,0,150656760.000,0,-,-,-,-,3349.0000,3348.8000,3348.2000,3347.6000,3347.2000,3351.0000,3351.2000,3351.4000,3353.8000,3354.0000,1,2,1,1,1,6,1,1,1,2
SF,IH2012,2020-07-14 09:31:36.600,3350.4000,13762,0,150656760.000,0,-,-,-,-,3349.2000,3349.0000,3348.8000,3348.2000,3347.6000,3351.0000,3351.2000,3351.4000,3353.8000,3354.0000,4,1,1,1,1,6,1,1,1,2
SF,IH2012,2020-07-14 09:31:37.100,3350.4000,13762,0,150656760.000,0,-,-,-,-,3349.2000,3349.0000,3348.8000,3348.2000,3347.6000,3351.4000,3353.8000,3354.0000,3354.6000,3355.2000,4,1,1,1,1,1,1,2,1,1
SF,IH2012,2020-07-14 09:31:37.600,3351.4000,13760,-2,152667600.000,2,0,2,双平,S,3349.4000,3349.2000,3348.8000,3348.2000,3347.6000,3353.8000,3354.0000,3354.6000,3355.2000,3363.8000,1,3,1,1,1,1,2,1,1,1
SF,IH2012,2020-07-14 09:31:38.100,3351.4000,13760,0,152667600.000,0,-,-,-,-,3349.6000,3349.4000,3349.2000,3348.8000,3348.2000,3353.4000,3353.6000,3353.8000,3354.0000,3354.6000,2,1,2,1,1,6,2,1,2,1
SF,IH2012,2020-07-14 09:31:38.600,3351.4000,13760,0,152667600.000,0,-,-,-,-,3349.8000,3349.6000,3349.2000,3348.8000,3348.2000,3353.2000,3353.4000,3353.6000,3353.8000,3354.0000,1,2,2,1,1,1,6,1,1,2
SF,IH2012,2020-07-14 09:31:39.100,3351.4000,13760,0,152667600.000,0,-,-,-,-,3350.0000,3349.8000,3349.6000,3349.2000,3348.8000,3352.8000,3353.2000,3353.6000,3353.8000,3354.0000,1,1,1,2,1,6,1,1,1,2
SF,IH2012,2020-07-14 09:31:39.600,3351.4000,13760,0,152667600.000,0,-,-,-,-,3350.2000,3349.2000,3348.8000,3348.2000,3347.0000,3352.6000,3352.8000,3353.6000,3353.8000,3354.0000,1,2,1,1,2,1,6,1,1,2
SF,IH2012,2020-07-14 09:31:40.100,3351.4000,13760,0,152667600.000,0,-,-,-,-,3350.2000,3348.8000,3348.2000,3347.0000,3346.4000,3352.2000,3352.6000,3353.6000,3353.8000,3354.6000,1,1,1,2,20,6,1,1,1,1
SF,IH2012,2020-07-14 09:31:40.600,3351.4000,13760,0,152667600.000,0,-,-,-,-,3350.4000,3350.2000,3348.8000,3348.2000,3347.0000,3352.0000,3352.2000,3353.6000,3353.8000,3354.6000,11,1,1,1,2,1,6,1,1,1
SF,IH2012,2020-07-14 09:31:41.600,3350.4000,13759,-1,153672720.000,1,0,1,双平,S,3350.6000,3350.4000,3350.2000,3348.8000,3348.2000,3352.0000,3353.6000,3353.8000,3354.6000,3355.2000,1,10,1,1,1,1,1,1,1,1
SF,IH2012,2020-07-14 09:31:42.100,3350.4000,13759,0,153672720.000,0,-,-,-,-,3350.8000,3350.4000,3350.2000,3348.8000,3348.2000,3353.8000,3354.6000,3355.2000,3363.8000,3368.0000,1,10,1,1,1,1,1,1,1,1
SF,IH2012,2020-07-14 09:31:42.600,3350.4000,13759,0,153672720.000,0,-,-,-,-,3351.0000,3350.4000,3348.8000,3348.2000,3347.0000,3353.4000,3353.6000,3353.8000,3354.6000,3355.2000,3,10,1,1,2,6,1,1,1,1
SF,IH2012,2020-07-14 09:31:43.100,3350.4000,13759,0,153672720.000,0,-,-,-,-,3351.0000,3350.4000,3348.8000,3348.2000,3347.0000,3353.2000,3353.4000,3353.8000,3354.6000,3355.2000,2,10,1,1,2,1,6,1,1,1
SF,IH2012,2020-07-14 09:31:43.600,3350.4000,13759,0,153672720.000,0,-,-,-,-,3351.0000,3350.4000,3348.8000,3348.2000,3347.0000,3353.0000,3353.2000,3353.8000,3354.6000,3355.2000,2,10,1,1,2,6,1,1,1,1
SF,IH2012,2020-07-14 09:31:44.100,3353.0000,13758,-1,154678620.000,1,0,1,双平,S,3351.2000,3351.0000,3350.4000,3348.8000,3348.2000,3352.8000,3353.8000,3354.6000,3355.2000,3363.8000,1,2,10,1,1,2,1,1,1,1
SF,IH2012,2020-07-14 09:31:44.600,3353.0000,13758,0,154678620.000,0,-,-,-,-,3351.6000,3351.0000,3350.4000,3348.8000,3348.2000,3352.8000,3353.8000,3354.6000,3355.2000,3363.8000,1,2,10,1,1,2,1,1,1,1
SF,IH2012,2020-07-14 09:31:45.100,3351.8000,13757,-1,155684160.000,1,0,1,双平,S,3351.6000,3351.0000,3350.4000,3348.8000,3348.2000,3352.8000,3353.8000,3354.6000,3355.2000,3363.8000,1,2,10,1,1,2,1,1,1,1
SF,IH2012,2020-07-14 09:31:45.600,3351.6000,13757,0,156689640.000,1,0,1,多换,S,3351.0000,3350.6000,3350.4000,3348.8000,3348.2000,3351.6000,3352.8000,3353.8000,3354.6000,3355.2000,2,1,10,1,1,1,2,1,1,1
SF,IH2012,2020-07-14 09:31:46.100,3351.6000,13757,0,157695120.000,1,0,1,多换,S,3351.6000,3351.2000,3351.0000,3350.6000,3350.4000,3352.8000,3353.8000,3354.6000,3355.2000,3363.8000,1,1,1,1,10,1,1,1,1,1
SF,IH2012,2020-07-14 09:31:46.600,3351.6000,13757,0,157695120.000,0,-,-,-,-,3351.6000,3351.0000,3350.6000,3350.4000,3348.8000,3352.4000,3352.6000,3352.8000,3353.8000,3354.6000,1,1,1,10,1,5,1,1,1,1
SF,IH2012,2020-07-14 09:31:47.100,3351.6000,13756,-1,158700600.000,1,0,1,双平,S,3351.0000,3350.6000,3350.4000,3348.8000,3348.2000,3351.6000,3352.8000,3353.8000,3354.6000,3355.2000,1,1,10,1,1,1,1,1,1,1
SF,IH2012,2020-07-14 09:31:47.600,3351.6000,13756,0,158700600.000,0,-,-,-,-,3351.0000,3350.6000,3350.4000,3348.8000,3348.2000,3352.8000,3353.8000,3354.6000,3355.2000,3363.8000,1,1,10,1,1,1,1,1,1,1
SF,IH2012,2020-07-14 09:31:48.100,3351.6000,13756,0,158700600.000,0,-,-,-,-,3352.8000,3351.2000,3351.0000,3350.6000,3350.4000,3353.8000,3354.6000,3355.2000,3363.8000,3368.0000,1,2,1,1,10,1,1,1,1,1
SF,IH2012,2020-07-14 09:31:48.600,3353.8000,13752,-4,163731300.000,5,0,5,多平,S,3352.8000,3351.0000,3350.6000,3350.4000,3348.8000,3353.4000,3353.6000,3354.6000,3355.2000,3363.8000,1,1,1,10,1,1,1,1,1,1
SF,IH2012,2020-07-14 09:31:49.100,3353.0000,13752,0,164737200.000,1,0,1,多换,S,3353.4000,3352.8000,3351.0000,3350.6000,3350.4000,3354.6000,3355.2000,3363.8000,3368.0000,3370.0000,1,1,1,1,10,1,1,1,1,1
SF,IH2012,2020-07-14 09:31:49.600,3353.0000,13752,0,164737200.000,0,-,-,-,-,3353.4000,3352.8000,3351.0000,3350.6000,3350.4000,3354.2000,3354.4000,3354.6000,3355.2000,3363.8000,1,1,1,1,10,1,1,1,1,1
SF,IH2012,2020-07-14 09:31:50.100,3353.0000,13752,0,164737200.000,0,-,-,-,-,3353.6000,3353.4000,3352.8000,3351.0000,3350.6000,3354.2000,3354.6000,3355.2000,3363.8000,3368.0000,1,1,1,1,1,1,1,1,1,1
SF,IH2012,2020-07-14 09:31:50.600,3354.2000,13752,0,165743460.000,1,0,1,多换,S,3353.8000,3353.4000,3352.8000,3351.0000,3350.6000,3354.6000,3355.2000,3363.8000,3368.0000,3370.0000,1,1,1,1,1,1,1,1,1,1
SF,IH2012,2020-07-14 09:31:51.100,3354.2000,13752,0,165743460.000,0,-,-,-,-,3354.0000,3353.4000,3352.8000,3351.0000,3350.6000,3354.6000,3355.2000,3363.8000,3368.0000,3370.0000,1,1,1,1,1,1,1,1,1,1
SF,IH2012,2020-07-14 09:31:51.600,3354.2000,13747,-5,170774760.000,5,0,5,双平,S,3353.4000,3352.8000,3351.0000,3350.6000,3350.4000,3354.6000,3355.2000,3363.8000,3368.0000,3370.0000,1,1,1,1,10,1,1,1,1,1
SF,IH2012,2020-07-14 09:31:52.100,3352.8000,13744,-3,173792700.000,3,0,3,双平,S,3351.0000,3350.6000,3350.4000,3348.8000,3348.2000,3352.8000,3353.0000,3353.2000,3353.4000,3354.0000,1,1,10,1,1,1,1,1,1,7
SF,IH2012,2020-07-14 09:31:52.600,3352.8000,13744,0,173792700.000,0,-,-,-,-,3351.2000,3351.0000,3350.6000,3350.4000,3348.8000,3353.0000,3353.2000,3353.4000,3354.0000,3354.4000,1,1,1,10,1,2,1,1,4,1
SF,IH2012,2020-07-14 09:31:53.100,3352.8000,13744,0,173792700.000,0,-,-,-,-,3351.2000,3351.0000,3350.6000,3350.4000,3348.8000,3353.0000,3353.2000,3353.4000,3354.0000,3354.4000,1,1,1,10,1,2,1,1,4,1
SF,IH2012,2020-07-14 09:31:53.600,3352.8000,13744,0,173792700.000,0,-,-,-,-,3351.2000,3351.0000,3350.6000,3350.4000,3348.8000,3352.8000,3353.0000,3353.2000,3353.4000,3354.0000,1,1,1,10,1,1,1,1,1,3
SF,IH2012,2020-07-14 09:31:54.100,3352.8000,13744,0,173792700.000,0,-,-,-,-,3351.2000,3351.0000,3350.6000,3350.4000,3348.8000,3353.0000,3353.2000,3353.4000,3354.0000,3354.4000,1,1,1,10,1,1,1,1,1,1
SF,IH2012,2020-07-14 09:31:54.600,3353.0000,13744,0,174798600.000,1,0,1,多换,S,3351.0000,3350.6000,3350.4000,3348.8000,3348.2000,3352.8000,3353.2000,3353.4000,3354.0000,3354.6000,1,1,10,1,1,5,1,1,1,1
SF,IH2012,2020-07-14 09:31:55.100,3352.8000,13743,-1,175804440.000,1,0,1,双平,S,3351.2000,3351.0000,3350.6000,3350.4000,3348.8000,3351.6000,3352.8000,3353.2000,3353.4000,3354.0000,2,1,1,10,1,2,3,1,1,1
SF,IH2012,2020-07-14 09:31:55.600,3351.6000,13741,-2,177815400.000,2,0,2,双平,S,3351.6000,3351.2000,3351.0000,3350.6000,3350.4000,3352.8000,3353.2000,3353.4000,3354.0000,3354.6000,2,1,1,1,10,3,1,1,1,1
SF,IH2012,2020-07-14 09:31:56.100,3351.6000,13741,0,177815400.000,0,-,-,-,-,3351.8000,3351.6000,3351.0000,3350.6000,3350.4000,3352.8000,3353.2000,3353.4000,3354.0000,3354.6000,2,2,1,1,10,3,1,1,1,1
SF,IH2012,2020-07-14 09:31:56.600,3352.8000,13739,-2,180832920.000,3,0,3,多平,S,3351.8000,3351.6000,3351.0000,3350.6000,3350.4000,3353.4000,3354.0000,3354.6000,3354.8000,3355.2000,2,3,1,1,10,1,1,1,1,1
SF,IH2012,2020-07-14 09:31:57.100,3353.4000,13739,0,181838940.000,1,0,1,多换,S,3351.8000,3351.6000,3351.0000,3350.6000,3350.4000,3354.0000,3354.6000,3354.8000,3355.2000,3363.8000,2,3,1,1,10,1,1,1,1,1
SF,IH2012,2020-07-14 09:31:57.600,3353.4000,13739,0,181838940.000,0,-,-,-,-,3351.8000,3351.6000,3351.0000,3350.6000,3350.4000,3353.8000,3354.0000,3354.6000,3354.8000,3355.2000,1,3,1,1,10,2,1,1,1,1
SF,IH2012,2020-07-14 09:31:58.100,3353.4000,13739,0,181838940.000,0,-,-,-,-,3352.0000,3351.6000,3351.0000,3350.6000,3350.4000,3353.8000,3354.0000,3354.6000,3354.8000,3355.2000,1,3,1,1,10,2,1,1,1,1
SF,IH2012,2020-07-14 09:31:58.600,3353.4000,13739,0,181838940.000,0,-,-,-,-,3352.2000,3351.6000,3351.0000,3350.6000,3350.4000,3353.8000,3354.0000,3354.6000,3354.8000,3355.2000,1,3,1,1,10,1,1,1,1,1
SF,IH2012,2020-07-14 09:31:59.100,3353.4000,13739,0,181838940.000,0,-,-,-,-,3352.4000,3351.6000,3351.0000,3350.6000,3350.4000,3353.6000,3353.8000,3354.0000,3354.6000,3354.8000,1,3,1,1,10,1,1,1,1,1
SF,IH2012,2020-07-14 09:31:59.600,3353.4000,13739,0,181838940.000,0,-,-,-,-,3352.6000,3351.6000,3351.0000,3350.6000,3350.4000,3353.6000,3353.8000,3354.0000,3354.6000,3354.8000,1,3,1,1,10,1,1,1,1,1
SF,IH2012,2020-07-14 09:32:00.100,3353.4000,13739,0,181838940.000,0,-,-,-,-,3351.6000,3351.0000,3350.6000,3350.4000,3348.8000,3353.4000,3353.6000,3354.0000,3354.6000,3354.8000,3,1,1,10,1,1,1,1,1,1
SF,IH2012,2020-07-14 09:32:00.600,3353.6000,13739,0,182845020.000,1,0,1,多换,S,3351.8000,3351.6000,3351.0000,3350.6000,3350.4000,3354.0000,3354.6000,3354.8000,3355.2000,3363.8000,2,3,1,1,10,1,1,1,1,1
SF,IH2012,2020-07-14 09:32:01.100,3354.0000,13739,0,183851220.000,1,0,1,多换,S,3352.0000,3351.8000,3351.6000,3351.0000,3350.6000,3354.6000,3354.8000,3355.2000,3363.8000,3368.0000,1,2,3,1,1,1,1,1,1,1
SF,IH2012,2020-07-14 09:32:01.600,3354.0000,13739,0,183851220.000,0,-,-,-,-,3352.0000,3351.8000,3351.6000,3351.0000,3350.6000,3354.4000,3354.6000,3354.8000,3355.2000,3363.8000,1,1,3,1,1,1,1,1,1,1
SF,IH2012,2020-07-14 09:32:02.100,3354.0000,13739,0,183851220.000,0,-,-,-,-,3352.2000,3352.0000,3351.6000,3351.0000,3350.6000,3354.4000,3354.6000,3354.8000,3355.2000,3363.8000,1,1,3,1,1,1,1,1,1,1
SF,IH2012,2020-07-14 09:32:02.600,3354.4000,13738,-1,184857540.000,1,0,1,双平,S,3352.4000,3352.2000,3351.6000,3351.0000,3350.6000,3354.6000,3354.8000,3355.2000,3363.8000,3368.0000,1,1,3,1,1,1,1,1,1,1
SF,IH2012,2020-07-14 09:32:03.100,3354.4000,13738,0,184857540.000,0,-,-,-,-,3352.6000,3352.4000,3351.8000,3351.6000,3351.0000,3354.6000,3354.8000,3355.2000,3363.8000,3368.0000,1,1,1,3,1,1,1,1,1,1
SF,IH2012,2020-07-14 09:32:03.600,3354.4000,13738,0,184857540.000,0,-,-,-,-,3352.8000,3352.6000,3351.8000,3351.6000,3351.0000,3354.6000,3354.8000,3355.2000,3363.8000,3368.0000,2,1,1,3,21,1,1,1,1,1
SF,IH2012,2020-07-14 09:32:04.100,3353.0000,13737,-1,185863440.000,1,0,1,双平,S,3353.0000,3352.8000,3351.8000,3351.6000,3351.0000,3354.4000,3354.6000,3354.8000,3355.2000,3363.8000,1,2,1,3,21,1,1,1,1,1
SF,IH2012,2020-07-14 09:32:04.600,3353.0000,13737,0,185863440.000,0,-,-,-,-,3353.0000,3352.8000,3351.8000,3351.6000,3351.0000,3354.6000,3354.8000,3355.2000,3363.8000,3368.0000,1,1,1,3,21,1,1,1,1,1
SF,IH2012,2020-07-14 09:32:05.100,3353.0000,13737,0,185863440.000,0,-,-,-,-,3353.2000,3353.0000,3351.8000,3351.6000,3351.0000,3354.6000,3354.8000,3355.2000,3356.6000,3363.8000,1,1,1,3,21,1,1,1,1,1
SF,IH2012,2020-07-14 09:32:05.600,3353.2000,13735,-2,187875360.000,2,0,2,双平,S,3351.8000,3351.6000,3351.0000,3350.6000,3350.4000,3353.2000,3354.6000,3354.8000,3355.2000,3356.6000,1,3,21,1,10,2,1,1,1,1
SF,IH2012,2020-07-14 09:32:06.100,3353.2000,13733,-2,189887280.000,2,0,2,双平,S,3351.8000,3351.6000,3351.0000,3350.6000,3350.4000,3354.6000,3354.8000,3355.2000,3363.8000,3368.0000,1,3,21,1,10,1,1,1,1,1
SF,IH2012,2020-07-14 09:32:06.600,3353.2000,13733,0,189887280.000,0,-,-,-,-,3352.0000,3351.8000,3351.6000,3351.0000,3350.6000,3354.4000,3354.6000,3354.8000,3355.2000,3356.4000,2,1,2,21,1,1,1,1,1,1
SF,IH2012,2020-07-14 09:32:07.100,3353.2000,13733,0,189887280.000,0,-,-,-,-,3352.0000,3351.8000,3351.6000,3351.0000,3350.6000,3354.6000,3354.8000,3355.2000,3356.4000,3363.8000,2,1,2,21,1,1,1,1,1,1
SF,IH2012,2020-07-14 09:32:07.600,3353.2000,13733,0,189887280.000,0,-,-,-,-,3352.0000,3351.8000,3351.6000,3351.0000,3350.6000,3354.4000,3354.6000,3354.8000,3355.2000,3356.4000,3,1,2,21,1,1,1,1,1,1
SF,IH2012,2020-07-14 09:32:08.100,3352.4000,13733,0,191899380.000,2,1,1,多换,S,3352.0000,3351.8000,3351.6000,3351.0000,3350.6000,3354.8000,3355.2000,3356.4000,3363.8000,3368.0000,2,1,2,21,1,1,1,1,1,1
SF,IH2012,2020-07-14 09:32:08.600,3352.4000,13733,0,191899380.000,0,-,-,-,-,3352.0000,3351.8000,3351.6000,3351.0000,3350.6000,3355.2000,3356.4000,3363.8000,3368.0000,3373.0000,2,1,2,21,1,1,1,1,1,2
SF,IH2012,2020-07-14 09:32:09.100,3352.4000,13733,0,191899380.000,0,-,-,-,-,3352.0000,3351.8000,3351.6000,3351.0000,3350.6000,3355.2000,3356.4000,3363.8000,3368.0000,3373.0000,2,1,2,21,1,1,1,1,1,2
SF,IH2012,2020-07-14 09:32:09.600,3352.4000,13733,0,191899380.000,0,-,-,-,-,3352.6000,3352.0000,3351.8000,3351.6000,3351.0000,3355.2000,3356.4000,3363.8000,3368.0000,3373.0000,1,2,1,2,21,1,1,1,1,2
SF,IH2012,2020-07-14 09:32:10.100,3352.4000,13733,0,191899380.000,0,-,-,-,-,3352.8000,3352.6000,3351.8000,3351.6000,3351.0000,3355.0000,3355.2000,3356.4000,3363.8000,3368.0000,2,1,1,2,21,1,1,1,1,1
SF,IH2012,2020-07-14 09:32:10.600,3355.2000,13733,0,193912440.000,2,1,1,多换,S,3355.2000,3352.8000,3352.6000,3351.8000,3351.6000,3356.4000,3363.8000,3368.0000,3373.0000,3375.0000,3,2,1,1,2,1,1,1,2,1
SF,IH2012,2020-07-14 09:32:11.100,3355.2000,13733,0,193912440.000,0,-,-,-,-,3355.2000,3352.8000,3352.6000,3351.8000,3351.6000,3356.2000,3356.4000,3363.8000,3368.0000,3373.0000,3,1,1,1,2,1,1,1,1,2
SF,IH2012,2020-07-14 09:32:11.600,3355.2000,13733,0,193912440.000,0,-,-,-,-,3355.2000,3352.8000,3352.6000,3351.8000,3351.6000,3356.0000,3356.2000,3356.4000,3363.8000,3368.0000,3,1,1,1,2,1,1,2,1,1
SF,IH2012,2020-07-14 09:32:12.100,3355.8000,13732,-1,194919180.000,1,0,1,双平,S,3355.2000,3352.8000,3352.6000,3351.8000,3351.6000,3356.4000,3363.8000,3368.0000,3373.0000,3375.0000,3,1,1,1,2,2,1,1,2,1
SF,IH2012,2020-07-14 09:32:12.600,3355.8000,13732,0,194919180.000,0,-,-,-,-,3355.2000,3352.8000,3352.6000,3351.8000,3351.6000,3356.4000,3357.8000,3363.8000,3368.0000,3373.0000,3,1,1,1,2,2,1,1,1,2
SF,IH2012,2020-07-14 09:32:13.100,3355.8000,13732,0,194919180.000,0,-,-,-,-,3355.2000,3352.8000,3351.8000,3351.6000,3351.0000,3356.2000,3356.4000,3357.8000,3363.8000,3368.0000,3,2,1,2,21,1,2,1,1,1
SF,IH2012,2020-07-14 09:32:13.600,3355.8000,13732,0,194919180.000,0,-,-,-,-,3355.2000,3352.8000,3351.8000,3351.6000,3351.0000,3356.0000,3356.2000,3356.4000,3357.8000,3363.8000,3,2,1,2,21,1,1,2,1,1
SF,IH2012,2020-07-14 09:32:14.100,3356.2000,13731,-1,195926040.000,1,0,1,双平,S,3355.2000,3352.8000,3351.8000,3351.6000,3351.0000,3356.4000,3357.8000,3363.8000,3368.0000,3373.0000,3,2,1,2,21,2,1,1,1,2
SF,IH2012,2020-07-14 09:32:14.600,3356.2000,13731,0,195926040.000,0,-,-,-,-,3355.2000,3352.8000,3351.8000,3351.6000,3351.0000,3356.4000,3357.8000,3363.8000,3368.0000,3373.0000,3,2,1,2,21,1,1,1,1,2
SF,IH2012,2020-07-14 09:32:15.100,3356.2000,13731,0,195926040.000,0,-,-,-,-,3355.4000,3355.2000,3352.8000,3351.8000,3351.6000,3356.4000,3357.8000,3363.8000,3368.0000,3373.0000,1,3,2,1,2,1,1,1,1,2
SF,IH2012,2020-07-14 09:32:15.600,3356.4000,13731,0,196932960.000,1,0,1,多换,S,3355.4000,3355.2000,3352.8000,3351.8000,3351.6000,3357.8000,3363.8000,3368.0000,3373.0000,3375.0000,1,3,2,1,2,1,1,1,2,1
SF,IH2012,2020-07-14 09:32:16.100,3356.4000,13731,0,196932960.000,0,-,-,-,-,3355.6000,3355.4000,3355.2000,3352.8000,3351.8000,3357.8000,3359.0000,3363.8000,3368.0000,3373.0000,1,1,3,1,1,1,1,1,1,2
SF,IH2012,2020-07-14 09:32:16.600,3356.4000,13731,0,196932960.000,0,-,-,-,-,3355.6000,3355.4000,3355.2000,3352.8000,3351.8000,3357.6000,3357.8000,3359.0000,3363.8000,3368.0000,1,1,3,1,1,1,1,1,1,1
SF,IH2012,2020-07-14 09:32:17.100,3356.4000,13731,0,196932960.000,0,-,-,-,-,3355.8000,3355.6000,3355.2000,3352.8000,3351.8000,3357.4000,3357.8000,3359.0000,3363.8000,3368.0000,1,1,3,1,1,1,1,1,1,1
SF,IH2012,2020-07-14 09:32:17.600,3356.4000,13731,0,196932960.000,0,-,-,-,-,3355.8000,3355.6000,3355.2000,3352.8000,3351.8000,3357.8000,3359.0000,3363.8000,3368.0000,3373.0000,1,1,3,1,1,1,1,1,1,2
SF,IH2012,2020-07-14 09:32:18.100,3356.0000,13731,0,197939760.000,1,0,1,多换,S,3356.0000,3355.8000,3355.2000,3352.8000,3351.8000,3357.6000,3357.8000,3359.0000,3363.8000,3368.0000,1,1,3,1,1,1,1,1,1,1
SF,IH2012,2020-07-14 09:32:18.600,3356.0000,13731,0,197939760.000,0,-,-,-,-,3356.2000,3356.0000,3355.2000,3352.8000,3351.8000,3357.6000,3357.8000,3359.0000,3363.8000,3368.0000,1,1,3,1,1,1,1,1,1,1
SF,IH2012,2020-07-14 09:32:19.100,3356.0000,13731,0,197939760.000,0,-,-,-,-,3356.2000,3356.0000,3355.6000,3355.2000,3352.8000,3357.6000,3357.8000,3359.0000,3363.8000,3368.0000,1,1,1,3,1,1,1,1,1,1
SF,IH2012,2020-07-14 09:32:19.600,3356.0000,13731,0,197939760.000,0,-,-,-,-,3356.2000,3356.0000,3355.6000,3355.2000,3352.8000,3357.6000,3357.8000,3359.0000,3363.8000,3368.0000,1,1,1,3,1,1,1,1,1,1
SF,IH2012,2020-07-14 09:32:20.100,3356.0000,13731,0,197939760.000,0,-,-,-,-,3356.2000,3356.0000,3355.6000,3355.2000,3352.8000,3357.6000,3357.8000,3359.0000,3363.8000,3368.0000,1,1,1,3,1,1,1,1,1,1
SF,IH2012,2020-07-14 09:32:20.600,3356.0000,13731,0,197939760.000,0,-,-,-,-,3356.2000,3356.0000,3355.6000,3355.2000,3352.8000,3357.6000,3357.8000,3359.0000,3363.8000,3368.0000,1,1,1,3,1,1,1,1,1,1
SF,IH2012,2020-07-14 09:32:21.100,3356.0000,13731,0,197939760.000,0,-,-,-,-,3356.2000,3356.0000,3355.6000,3355.2000,3352.8000,3357.6000,3357.8000,3359.0000,3363.8000,3368.0000,1,1,1,3,1,1,1,1,1,1
SF,IH2012,2020-07-14 09:32:21.600,3356.0000,13731,0,197939760.000,0,-,-,-,-,3356.2000,3356.0000,3355.6000,3355.2000,3355.0000,3357.6000,3357.8000,3359.0000,3363.8000,3368.0000,1,1,1,3,10,1,1,1,1,1
SF,IH2012,2020-07-14 09:32:22.100,3356.0000,13731,0,197939760.000,0,-,-,-,-,3356.2000,3356.0000,3355.6000,3355.2000,3355.0000,3357.6000,3357.8000,3359.0000,3363.8000,3368.0000,1,1,1,3,10,1,1,1,1,1
SF,IH2012,2020-07-14 09:32:22.600,3356.0000,13731,0,197939760.000,0,-,-,-,-,3356.2000,3356.0000,3355.6000,3355.2000,3355.0000,3357.8000,3359.0000,3363.8000,3368.0000,3373.0000,1,1,1,3,10,1,1,1,1,2
SF,IH2012,2020-07-14 09:32:23.100,3356.0000,13731,0,197939760.000,0,-,-,-,-,3356.2000,3356.0000,3355.6000,3355.2000,3355.0000,3357.6000,3357.8000,3359.0000,3363.8000,3368.0000,1,1,1,3,10,1,1,1,1,1
SF,IH2012,2020-07-14 09:32:23.600,3356.0000,13731,0,197939760.000,0,-,-,-,-,3356.2000,3356.0000,3355.6000,3355.2000,3355.0000,3357.8000,3359.0000,3363.8000,3368.0000,3373.0000,1,1,1,3,10,1,1,1,1,2
SF,IH2012,2020-07-14 09:32:24.100,3356.0000,13731,0,197939760.000,0,-,-,-,-,3356.2000,3355.6000,3355.2000,3355.0000,3352.8000,3357.8000,3359.0000,3363.8000,3368.0000,3373.0000,1,1,3,10,1,1,1,1,1,2
SF,IH2012,2020-07-14 09:32:24.600,3356.0000,13731,0,197939760.000,0,-,-,-,-,3356.2000,3355.6000,3355.2000,3355.0000,3352.8000,3357.6000,3357.8000,3359.0000,3363.8000,3368.0000,1,1,3,10,1,1,1,1,1,1
SF,IH2012,2020-07-14 09:32:25.100,3356.0000,13731,0,197939760.000,0,-,-,-,-,3356.2000,3355.6000,3355.2000,3355.0000,3352.8000,3357.8000,3359.0000,3363.8000,3368.0000,3373.0000,1,1,3,10,1,1,1,1,1,2
SF,IH2012,2020-07-14 09:32:25.600,3356.0000,13731,0,197939760.000,0,-,-,-,-,3356.2000,3355.6000,3355.2000,3355.0000,3352.8000,3357.6000,3357.8000,3359.0000,3363.8000,3368.0000,1,1,3,10,1,1,1,1,1,1
SF,IH2012,2020-07-14 09:32:26.100,3356.0000,13731,0,197939760.000,0,-,-,-,-,3355.6000,3355.2000,3355.0000,3352.8000,3352.0000,3357.4000,3357.8000,3359.0000,3363.8000,3368.0000,1,3,10,1,1,1,1,1,1,1
SF,IH2012,2020-07-14 09:32:26.600,3356.0000,13731,0,197939760.000,0,-,-,-,-,3355.8000,3355.6000,3355.2000,3355.0000,3352.8000,3357.2000,3357.8000,3359.0000,3363.8000,3368.0000,2,1,3,10,1,1,1,1,1,1
SF,IH2012,2020-07-14 09:32:27.100,3356.0000,13731,0,197939760.000,0,-,-,-,-,3355.8000,3355.6000,3355.2000,3355.0000,3352.8000,3357.8000,3359.0000,3363.8000,3368.0000,3373.0000,1,1,3,10,1,1,1,1,1,2
SF,IH2012,2020-07-14 09:32:27.600,3356.0000,13731,0,197939760.000,0,-,-,-,-,3355.8000,3355.6000,3355.2000,3355.0000,3352.8000,3357.6000,3357.8000,3359.0000,3363.8000,3368.0000,2,1,3,10,1,3,1,1,1,1
SF,IH2012,2020-07-14 09:32:28.100,3356.0000,13731,0,197939760.000,0,-,-,-,-,3355.8000,3355.6000,3355.2000,3355.0000,3352.8000,3357.6000,3357.8000,3359.0000,3363.8000,3368.0000,2,1,3,10,1,2,1,1,1,1
SF,IH2012,2020-07-14 09:32:28.600,3356.0000,13731,0,197939760.000,0,-,-,-,-,3355.8000,3355.6000,3355.0000,3352.8000,3352.0000,3357.6000,3357.8000,3359.0000,3363.8000,3368.0000,2,1,10,1,1,2,1,1,1,1
SF,IH2012,2020-07-14 09:32:29.100,3356.0000,13731,0,197939760.000,0,-,-,-,-,3355.8000,3355.6000,3355.0000,3352.8000,3352.0000,3357.6000,3357.8000,3359.0000,3363.8000,3368.0000,2,1,10,1,1,2,1,1,1,1
SF,IH2012,2020-07-14 09:32:29.600,3355.8000,13730,-1,198946500.000,1,0,1,双平,S,3355.8000,3355.6000,3355.0000,3352.8000,3352.0000,3357.6000,3357.8000,3359.0000,3363.8000,3368.0000,1,1,10,1,1,1,1,1,1,1
SF,IH2012,2020-07-14 09:32:30.100,3355.8000,13730,0,198946500.000,0,-,-,-,-,3355.8000,3355.6000,3355.0000,3352.8000,3352.0000,3357.4000,3357.8000,3359.0000,3363.8000,3368.0000,1,1,10,1,1,2,1,1,1,1
SF,IH2012,2020-07-14 09:32:31.100,3355.8000,13730,0,198946500.000,0,-,-,-,-,3355.8000,3355.6000,3355.0000,3353.0000,3352.8000,3357.4000,3357.8000,3359.0000,3363.8000,3368.0000,1,1,10,1,1,2,1,1,1,1
SF,IH2012,2020-07-14 09:32:31.600,3357.4000,13730,0,200960460.000,2,1,1,多换,S,3355.6000,3355.0000,3353.0000,3352.8000,3352.0000,3357.2000,3357.4000,3357.8000,3359.0000,3363.8000,1,10,1,1,1,1,1,1,1,1
SF,IH2012,2020-07-14 09:32:32.100,3357.4000,13730,0,200960460.000,0,-,-,-,-,3356.0000,3355.8000,3355.6000,3355.0000,3353.0000,3357.0000,3357.8000,3359.0000,3363.8000,3368.0000,1,1,1,10,1,1,1,1,1,1
SF,IH2012,2020-07-14 09:32:32.600,3355.8000,13729,-1,202974000.000,2,0,2,多平,S,3355.6000,3355.0000,3353.0000,3352.8000,3352.0000,3357.0000,3357.8000,3359.0000,3363.0000,3363.8000,1,10,1,1,1,1,1,1,1,1
SF,IH2012,2020-07-14 09:32:33.100,3357.0000,13727,-2,204988200.000,2,0,2,双平,S,3355.8000,3355.6000,3355.0000,3353.0000,3352.8000,3357.8000,3359.0000,3360.0000,3363.0000,3363.8000,4,1,10,1,1,1,1,1,1,1
SF,IH2012,2020-07-14 09:32:33.600,3357.0000,13727,0,204988200.000,0,-,-,-,-,3356.0000,3355.6000,3355.0000,3353.0000,3352.8000,3357.6000,3357.8000,3359.0000,3360.0000,3363.0000,2,1,10,1,1,2,1,1,1,1
SF,IH2012,2020-07-14 09:32:34.100,3356.0000,13725,-2,207001800.000,2,0,2,双平,S,3355.6000,3355.0000,3353.0000,3352.8000,3352.0000,3357.4000,3357.6000,3357.8000,3359.0000,3360.0000,1,10,1,1,1,1,2,1,1,1
SF,IH2012,2020-07-14 09:32:34.600,3356.0000,13725,0,207001800.000,0,-,-,-,-,3355.8000,3355.6000,3355.0000,3353.0000,3352.8000,3356.0000,3357.2000,3357.6000,3357.8000,3359.0000,1,1,10,1,1,1,2,1,1,1
SF,IH2012,2020-07-14 09:32:35.100,3356.0000,13724,-1,208008600.000,1,0,1,双平,S,3355.6000,3355.0000,3353.0000,3352.8000,3352.0000,3355.8000,3357.2000,3357.6000,3357.8000,3360.0000,1,10,1,1,1,1,1,1,1,1
SF,IH2012,2020-07-14 09:32:35.600,3355.6000,13723,-1,209015280.000,1,0,1,双平,S,3355.0000,3353.0000,3352.8000,3352.0000,3351.8000,3357.6000,3357.8000,3360.0000,3363.0000,3363.8000,10,1,1,1,1,1,1,1,1,1
SF,IH2012,2020-07-14 09:32:36.100,3355.6000,13723,0,209015280.000,0,-,-,-,-,3355.0000,3353.0000,3352.8000,3352.0000,3351.8000,3357.4000,3357.6000,3357.8000,3358.6000,3360.0000,10,1,1,1,1,1,1,1,1,1
SF,IH2012,2020-07-14 09:32:36.600,3355.6000,13723,0,209015280.000,0,-,-,-,-,3355.2000,3355.0000,3353.0000,3352.8000,3352.0000,3357.2000,3357.4000,3357.8000,3358.6000,3360.0000,1,10,1,1,1,1,4,1,1,1
SF,IH2012,2020-07-14 09:32:37.100,3355.6000,13723,0,209015280.000,0,-,-,-,-,3355.0000,3353.0000,3352.8000,3352.0000,3351.8000,3355.4000,3357.0000,3357.2000,3357.4000,3357.8000,10,1,1,1,1,1,2,1,3,1
SF,IH2012,2020-07-14 09:32:37.600,3355.0000,13723,0,215054280.000,6,3,3,多换,S,3355.0000,3353.0000,3352.8000,3352.0000,3351.8000,3355.4000,3357.2000,3357.4000,3360.0000,3363.0000,4,1,1,1,1,1,1,3,1,1
SF,IH2012,2020-07-14 09:32:38.100,3355.0000,13725,2,219080280.000,4,3,1,空开,S,3353.0000,3352.8000,3352.0000,3351.8000,3351.6000,3355.4000,3357.2000,3357.4000,3360.0000,3363.0000,1,1,1,1,2,1,1,3,1,1
SF,IH2012,2020-07-14 09:32:38.600,3357.4000,13720,-5,224115120.000,5,0,5,双平,S,3357.6000,3353.2000,3353.0000,3352.8000,3352.0000,3360.0000,3363.0000,3363.8000,3368.0000,3373.0000,6,2,1,1,1,1,1,1,1,2
SF,IH2012,2020-07-14 09:32:39.100,3357.6000,13713,-7,231166080.000,7,0,7,双平,S,3353.0000,3352.8000,3352.0000,3351.8000,3351.6000,3357.6000,3358.2000,3359.4000,3359.8000,3360.0000,1,1,1,1,2,1,1,1,1,2
SF,IH2012,2020-07-14 09:32:39.600,3357.6000,13713,0,231166080.000,0,-,-,-,-,3355.4000,3353.4000,3353.2000,3353.0000,3352.8000,3357.4000,3357.6000,3359.4000,3360.0000,3363.0000,2,1,1,1,1,3,2,1,2,1
SF,IH2012,2020-07-14 09:32:40.100,3355.4000,13713,0,233179320.000,2,1,1,多换,S,3353.4000,3353.0000,3352.8000,3352.0000,3351.8000,3357.2000,3357.4000,3357.6000,3359.4000,3360.0000,1,1,1,1,1,2,1,2,1,2
SF,IH2012,2020-07-14 09:32:40.600,3355.4000,13713,0,233179320.000,0,-,-,-,-,3353.6000,3353.4000,3353.0000,3352.8000,3352.0000,3357.0000,3357.2000,3357.6000,3359.4000,3360.0000,1,1,1,1,1,2,2,2,1,2
SF,IH2012,2020-07-14 09:32:41.100,3355.4000,13713,0,233179320.000,0,-,-,-,-,3353.6000,3353.4000,3353.0000,3352.8000,3352.0000,3356.8000,3357.0000,3357.2000,3357.6000,3359.4000,1,1,1,1,1,1,2,2,1,1
SF,IH2012,2020-07-14 09:32:41.600,3355.4000,13713,0,233179320.000,0,-,-,-,-,3353.6000,3353.4000,3353.0000,3352.8000,3352.0000,3356.6000,3356.8000,3357.2000,3357.6000,3359.4000,1,1,1,1,1,2,1,2,1,1
SF,IH2012,2020-07-14 09:32:42.100,3356.4000,13712,-1,234186240.000,1,0,1,双平,S,3353.6000,3353.4000,3353.0000,3352.8000,3352.0000,3356.6000,3356.8000,3357.2000,3357.6000,3359.4000,1,1,1,1,1,2,1,2,1,1
SF,IH2012,2020-07-14 09:32:42.600,3356.4000,13712,0,234186240.000,0,-,-,-,-,3353.6000,3353.4000,3353.0000,3352.8000,3352.0000,3356.6000,3356.8000,3357.2000,3357.6000,3359.4000,1,1,1,1,1,2,1,1,1,1
SF,IH2012,2020-07-14 09:32:43.100,3356.4000,13712,0,234186240.000,0,-,-,-,-,3353.6000,3353.4000,3353.0000,3352.8000,3352.0000,3356.6000,3356.8000,3357.6000,3359.4000,3360.0000,1,1,1,1,1,1,1,1,1,2
SF,IH2012,2020-07-14 09:32:44.600,3356.4000,13712,0,234186240.000,0,-,-,-,-,3353.6000,3353.4000,3353.0000,3352.8000,3352.0000,3356.6000,3356.8000,3359.4000,3360.0000,3363.0000,1,1,1,1,1,1,1,1,2,1
SF,IH2012,2020-07-14 09:32:45.100,3356.4000,13712,0,234186240.000,0,-,-,-,-,3353.6000,3353.4000,3353.0000,3352.8000,3352.0000,3356.6000,3356.8000,3360.0000,3363.0000,3363.8000,1,1,1,1,1,1,1,2,1,1
SF,IH2012,2020-07-14 09:32:46.100,3356.4000,13712,0,234186240.000,0,-,-,-,-,3353.8000,3353.6000,3353.4000,3353.0000,3352.8000,3356.6000,3356.8000,3360.0000,3363.0000,3363.8000,1,1,1,1,1,1,1,2,1,1
SF,IH2012,2020-07-14 09:32:46.600,3356.4000,13712,0,234186240.000,0,-,-,-,-,3354.0000,3353.8000,3353.4000,3353.0000,3352.8000,3356.8000,3360.0000,3363.0000,3363.8000,3368.0000,2,1,1,1,1,1,2,1,1,1
SF,IH2012,2020-07-14 09:32:47.100,3354.0000,13711,-1,235192440.000,1,0,1,双平,S,3354.0000,3353.8000,3353.4000,3353.0000,3352.8000,3356.6000,3356.8000,3360.0000,3363.0000,3363.8000,1,2,1,1,1,1,1,2,1,1
SF,IH2012,2020-07-14 09:32:47.600,3356.4000,13710,-1,236199360.000,1,0,1,双平,S,3354.0000,3353.8000,3353.4000,3353.0000,3352.8000,3356.6000,3356.8000,3360.0000,3363.0000,3363.8000,1,2,1,1,1,1,1,2,1,1
SF,IH2012,2020-07-14 09:32:48.100,3356.4000,13710,0,236199360.000,0,-,-,-,-,3354.0000,3353.8000,3353.4000,3353.0000,3352.8000,3356.6000,3356.8000,3360.0000,3363.0000,3363.8000,1,1,1,1,1,1,1,2,1,1
SF,IH2012,2020-07-14 09:32:49.600,3354.0000,13709,-1,238211760.000,2,0,2,多平,S,3353.8000,3353.4000,3353.0000,3352.8000,3352.0000,3356.0000,3356.4000,3356.6000,3356.8000,3360.0000,1,1,1,1,1,1,2,1,1,2
SF,IH2012,2020-07-14 09:32:50.100,3354.0000,13709,0,238211760.000,0,-,-,-,-,3353.8000,3353.0000,3352.8000,3352.0000,3351.8000,3355.8000,3356.0000,3356.4000,3356.8000,3360.0000,1,1,1,1,1,2,1,2,1,2
SF,IH2012,2020-07-14 09:32:50.600,3353.8000,13708,-1,239217900.000,1,0,1,双平,S,3353.0000,3352.8000,3352.0000,3351.8000,3351.6000,3355.6000,3355.8000,3356.0000,3356.4000,3356.8000,1,1,1,1,2,7,2,1,2,1
SF,IH2012,2020-07-14 09:32:51.100,3353.8000,13708,0,239217900.000,0,-,-,-,-,3353.0000,3352.8000,3352.0000,3351.8000,3351.6000,3355.4000,3356.0000,3356.4000,3356.8000,3360.0000,1,1,1,1,2,2,1,2,1,2
SF,IH2012,2020-07-14 09:32:51.600,3353.8000,13708,0,239217900.000,0,-,-,-,-,3353.2000,3353.0000,3352.8000,3352.0000,3351.8000,3355.4000,3356.0000,3356.4000,3356.8000,3360.0000,1,1,1,1,1,1,1,2,1,2
SF,IH2012,2020-07-14 09:32:52.100,3355.2000,13707,-1,240224460.000,1,0,1,双平,S,3353.0000,3352.8000,3352.0000,3351.8000,3351.6000,3355.2000,3355.4000,3356.0000,3356.4000,3356.8000,1,1,1,1,2,1,1,1,2,1
SF,IH2012,2020-07-14 09:32:52.600,3353.2000,13707,0,241230420.000,1,0,1,多换,S,3353.0000,3352.8000,3352.0000,3351.8000,3351.6000,3355.0000,3356.0000,3356.4000,3356.8000,3360.0000,1,1,1,1,2,1,1,2,1,1
SF,IH2012,2020-07-14 09:32:53.100,3353.2000,13707,0,241230420.000,0,-,-,-,-,3353.0000,3352.8000,3352.0000,3351.8000,3351.6000,3354.8000,3355.0000,3356.0000,3356.4000,3356.8000,1,1,1,1,2,3,1,1,1,1
SF,IH2012,2020-07-14 09:32:53.600,3353.2000,13707,0,241230420.000,0,-,-,-,-,3354.0000,3353.0000,3352.8000,3352.0000,3351.8000,3354.8000,3355.0000,3356.0000,3356.4000,3360.0000,1,1,1,1,1,3,1,1,1,1
SF,IH2012,2020-07-14 09:32:54.100,3354.0000,13706,-1,242236620.000,1,0,1,双平,S,3352.8000,3352.0000,3351.8000,3351.6000,3351.0000,3354.8000,3356.0000,3356.4000,3360.0000,3363.0000,1,1,1,2,20,2,1,1,1,1
SF,IH2012,2020-07-14 09:32:54.600,3354.0000,13707,1,243242820.000,1,1,0,双开,S,3352.8000,3352.0000,3351.8000,3351.6000,3351.0000,3354.6000,3354.8000,3356.0000,3356.4000,3360.0000,1,1,1,2,20,2,2,1,1,1
SF,IH2012,2020-07-14 09:32:55.100,3354.0000,13707,0,243242820.000,0,-,-,-,-,3352.8000,3352.0000,3351.8000,3351.6000,3351.0000,3354.4000,3354.6000,3354.8000,3356.0000,3356.4000,1,1,1,2,20,1,2,2,1,1
SF,IH2012,2020-07-14 09:32:55.600,3354.0000,13707,0,243242820.000,0,-,-,-,-,3352.8000,3352.0000,3351.8000,3351.6000,3351.0000,3354.2000,3354.6000,3354.8000,3356.0000,3356.4000,1,1,1,2,20,2,1,1,1,1
SF,IH2012,2020-07-14 09:32:56.100,3354.0000,13707,0,243242820.000,0,-,-,-,-,3352.8000,3352.0000,3351.8000,3351.6000,3351.0000,3354.0000,3354.2000,3354.6000,3354.8000,3356.0000,1,1,1,2,20,1,2,1,1,1
SF,IH2012,2020-07-14 09:32:56.600,3354.0000,13707,0,243242820.000,0,-,-,-,-,3352.8000,3352.0000,3351.8000,3351.6000,3351.0000,3353.8000,3354.0000,3354.2000,3354.6000,3354.8000,1,1,1,2,20,1,1,1,1,1
SF,IH2012,2020-07-14 09:32:57.100,3354.0000,13707,0,243242820.000,0,-,-,-,-,3353.0000,3352.8000,3352.0000,3351.8000,3351.6000,3354.0000,3354.6000,3354.8000,3356.0000,3356.4000,1,1,1,1,2,1,1,1,1,1
SF,IH2012,2020-07-14 09:32:57.600,3352.8000,13707,0,244248660.000,1,0,1,多换,S,3352.0000,3351.8000,3351.6000,3351.0000,3350.6000,3352.8000,3353.8000,3354.0000,3354.6000,3354.8000,1,1,2,20,1,1,1,1,1,1
SF,IH2012,2020-07-14 09:32:58.100,3353.0000,13706,-1,247266600.000,3,1,2,多平,S,3352.8000,3352.2000,3352.0000,3351.8000,3351.6000,3354.6000,3354.8000,3356.0000,3356.4000,3360.0000,1,1,1,1,2,1,1,1,1,1
SF,IH2012,2020-07-14 09:32:58.600,3353.0000,13706,0,247266600.000,0,-,-,-,-,3352.8000,3352.0000,3351.8000,3351.6000,3351.0000,3354.4000,3354.6000,3354.8000,3356.0000,3356.4000,1,1,1,3,20,2,1,1,1,1
SF,IH2012,2020-07-14 09:33:00.100,3353.0000,13706,0,247266600.000,0,-,-,-,-,3352.8000,3352.0000,3351.8000,3351.6000,3351.0000,3354.2000,3354.4000,3354.6000,3354.8000,3356.0000,1,1,1,3,20,1,2,1,1,1
SF,IH2012,2020-07-14 09:33:00.600,3353.0000,13706,0,247266600.000,0,-,-,-,-,3352.8000,3352.0000,3351.8000,3351.6000,3351.0000,3354.0000,3354.2000,3354.6000,3354.8000,3356.0000,1,1,1,3,21,2,1,1,1,1
SF,IH2012,2020-07-14 09:33:01.100,3353.0000,13706,0,247266600.000,0,-,-,-,-,3352.0000,3351.8000,3351.6000,3351.0000,3350.6000,3352.8000,3354.0000,3354.2000,3354.6000,3354.8000,1,1,3,21,1,1,2,1,1,1
SF,IH2012,2020-07-14 09:33:01.600,3353.0000,13706,0,247266600.000,0,-,-,-,-,3352.0000,3351.8000,3351.6000,3351.0000,3350.6000,3352.6000,3352.8000,3354.0000,3354.2000,3354.6000,1,1,3,21,1,1,1,1,1,1
SF,IH2012,2020-07-14 09:33:02.100,3353.0000,13706,0,247266600.000,0,-,-,-,-,3352.0000,3351.8000,3351.6000,3351.0000,3350.6000,3352.8000,3354.0000,3354.2000,3354.6000,3354.8000,1,1,3,21,1,1,1,1,1,1
SF,IH2012,2020-07-14 09:33:02.600,3353.0000,13706,0,247266600.000,0,-,-,-,-,3352.0000,3351.8000,3351.6000,3351.0000,3350.6000,3352.6000,3352.8000,3354.0000,3354.2000,3354.6000,1,1,3,21,1,1,1,1,1,1
SF,IH2012,2020-07-14 09:33:03.100,3352.0000,13705,-1,248272200.000,1,0,1,双平,S,3351.8000,3351.6000,3351.0000,3350.6000,3350.2000,3352.4000,3352.8000,3354.0000,3354.2000,3354.6000,1,3,21,1,1,1,1,1,1,1
SF,IH2012,2020-07-14 09:33:03.600,3351.8000,13705,0,249277740.000,1,0,1,多换,S,3351.6000,3351.0000,3350.6000,3350.2000,3350.0000,3351.8000,3352.2000,3352.8000,3354.2000,3354.6000,2,21,1,1,2,1,2,1,1,1
SF,IH2012,2020-07-14 09:33:04.100,3351.6000,13704,-1,251288700.000,2,0,2,多平,S,3351.0000,3350.6000,3350.2000,3350.0000,3349.6000,3351.6000,3352.2000,3352.8000,3354.2000,3354.6000,21,1,1,2,1,3,1,1,1,1
SF,IH2012,2020-07-14 09:33:04.600,3351.6000,13704,0,251288700.000,0,-,-,-,-,3351.0000,3350.6000,3350.2000,3350.0000,3349.6000,3351.6000,3352.2000,3352.8000,3354.6000,3354.8000,21,1,1,2,1,3,1,1,1,1
SF,IH2012,2020-07-14 09:33:05.100,3351.0000,13704,0,254304600.000,3,1,2,多换,S,3351.0000,3350.6000,3350.2000,3350.0000,3349.6000,3351.6000,3352.2000,3352.8000,3354.6000,3354.8000,18,1,1,2,1,2,1,1,1,1
SF,IH2012,2020-07-14 09:33:05.600,3351.0000,13704,0,258325800.000,4,2,2,多换,S,3351.0000,3350.6000,3350.2000,3350.0000,3349.6000,3351.4000,3351.6000,3352.8000,3354.6000,3354.8000,14,1,1,2,1,1,2,1,1,1
SF,IH2012,2020-07-14 09:33:06.100,3351.0000,13704,0,259331100.000,1,0,1,多换,S,3351.0000,3350.6000,3350.2000,3350.0000,3349.6000,3351.2000,3351.4000,3351.6000,3352.8000,3354.6000,13,1,1,2,1,1,1,1,1,1
SF,IH2012,2020-07-14 09:33:06.600,3351.0000,13704,0,267373500.000,8,4,4,多换,S,3351.0000,3350.6000,3350.2000,3350.0000,3349.6000,3351.4000,3351.6000,3352.8000,3354.6000,3354.8000,5,1,1,2,1,1,1,1,1,1
SF,IH2012,2020-07-14 09:33:07.100,3351.0000,13704,0,268378800.000,1,0,1,多换,S,3351.0000,3350.6000,3350.0000,3349.6000,3349.2000,3351.6000,3352.8000,3354.6000,3354.8000,3356.0000,4,1,2,1,1,1,1,1,1,1
SF,IH2012,2020-07-14 09:33:07.600,3351.0000,13704,0,270389400.000,2,1,1,多换,S,3351.0000,3350.6000,3350.0000,3349.6000,3349.2000,3351.6000,3352.8000,3354.6000,3354.8000,3356.4000,2,1,2,1,1,1,1,1,1,1
SF,IH2012,2020-07-14 09:33:08.100,3351.0000,13704,0,272400000.000,2,1,1,多换,S,3350.6000,3350.0000,3349.6000,3349.2000,3349.0000,3351.6000,3352.8000,3354.6000,3354.8000,3356.4000,1,2,1,1,1,1,1,1,1,1
SF,IH2012,2020-07-14 09:33:08.600,3351.0000,13703,-1,273405300.000,1,0,1,双平,S,3350.6000,3350.0000,3349.6000,3349.2000,3349.0000,3351.0000,3351.6000,3352.8000,3354.6000,3354.8000,1,2,1,1,1,1,1,1,1,1
SF,IH2012,2020-07-14 09:33:09.100,3351.0000,13703,0,273405300.000,0,-,-,-,-,3350.6000,3350.0000,3349.6000,3349.2000,3349.0000,3351.0000,3351.6000,3352.8000,3354.6000,3354.8000,1,2,1,1,1,1,2,1,1,1
SF,IH2012,2020-07-14 09:33:09.600,3351.0000,13703,0,273405300.000,0,-,-,-,-,3350.6000,3350.0000,3349.6000,3349.2000,3349.0000,3351.0000,3351.6000,3352.8000,3354.6000,3354.8000,1,2,1,1,1,1,1,1,1,1
SF,IH2012,2020-07-14 09:33:10.600,3351.0000,13704,1,274410600.000,1,1,0,双开,S,3350.6000,3350.0000,3349.6000,3349.2000,3349.0000,3351.0000,3351.6000,3354.6000,3354.8000,3356.4000,1,2,1,1,1,1,1,1,1,1
SF,IH2012,2020-07-14 09:33:11.100,3351.0000,13704,0,274410600.000,0,-,-,-,-,3350.6000,3350.0000,3349.6000,3349.2000,3349.0000,3351.0000,3351.6000,3354.6000,3354.8000,3356.4000,1,2,1,1,1,1,1,1,1,1
SF,IH2012,2020-07-14 09:33:11.600,3350.0000,13704,0,276420780.000,2,1,1,多换,S,3350.0000,3349.6000,3349.2000,3349.0000,3347.0000,3350.6000,3350.8000,3351.0000,3351.6000,3354.6000,1,1,1,1,2,1,1,1,1,1
SF,IH2012,2020-07-14 09:33:12.100,3350.0000,13704,0,276420780.000,0,-,-,-,-,3350.0000,3349.2000,3349.0000,3348.6000,3347.0000,3350.6000,3350.8000,3351.0000,3351.6000,3354.6000,1,1,1,1,2,1,2,1,1,1
SF,IH2012,2020-07-14 09:33:12.600,3350.0000,13704,0,276420780.000,0,-,-,-,-,3350.0000,3349.2000,3349.0000,3348.6000,3348.2000,3350.6000,3350.8000,3351.0000,3351.6000,3354.6000,1,1,1,1,1,1,2,1,1,1
SF,IH2012,2020-07-14 09:33:13.100,3350.0000,13704,0,276420780.000,0,-,-,-,-,3350.0000,3349.2000,3349.0000,3348.6000,3348.2000,3350.4000,3350.6000,3350.8000,3351.0000,3351.6000,1,1,1,1,1,2,1,1,1,1
SF,IH2012,2020-07-14 09:33:13.600,3350.0000,13704,0,277425780.000,1,0,1,多换,S,3349.2000,3349.0000,3348.6000,3348.2000,3347.0000,3350.4000,3350.6000,3351.0000,3351.6000,3354.6000,1,1,1,1,2,2,1,1,1,1
SF,IH2012,2020-07-14 09:33:14.100,3350.0000,13704,0,277425780.000,0,-,-,-,-,3349.2000,3349.0000,3348.6000,3348.2000,3347.6000,3350.0000,3350.4000,3350.6000,3351.0000,3354.6000,1,1,1,1,1,1,1,1,1,1
SF,IH2012,2020-07-14 09:33:14.600,3350.0000,13704,0,277425780.000,0,-,-,-,-,3349.4000,3349.2000,3349.0000,3348.6000,3348.2000,3350.0000,3350.4000,3350.6000,3351.0000,3354.6000,1,1,1,1,1,1,1,1,1,1
SF,IH2012,2020-07-14 09:33:15.100,3350.0000,13703,-1,278430780.000,1,0,1,双平,S,3349.4000,3349.2000,3349.0000,3348.6000,3348.2000,3350.4000,3350.6000,3351.0000,3354.6000,3354.8000,1,1,1,1,1,1,1,1,1,1
SF,IH2012,2020-07-14 09:33:16.600,3350.0000,13703,0,278430780.000,0,-,-,-,-,3349.4000,3349.2000,3349.0000,3348.6000,3348.2000,3350.4000,3351.0000,3354.6000,3354.8000,3356.4000,1,1,1,1,1,1,1,1,1,1
SF,IH2012,2020-07-14 09:33:17.100,3350.0000,13703,0,278430780.000,0,-,-,-,-,3349.2000,3349.0000,3348.6000,3348.2000,3347.6000,3350.4000,3351.0000,3354.6000,3354.8000,3356.4000,1,1,1,1,1,1,1,1,1,1
SF,IH2012,2020-07-14 09:33:17.600,3350.0000,13703,0,278430780.000,0,-,-,-,-,3349.2000,3349.0000,3348.6000,3348.2000,3347.6000,3349.4000,3350.4000,3351.0000,3354.6000,3354.8000,1,1,1,1,1,1,1,1,1,1
SF,IH2012,2020-07-14 09:33:18.100,3349.4000,13701,-2,281445180.000,3,0,3,多平,S,3348.2000,3347.6000,3347.0000,3345.0000,3343.8000,3350.2000,3351.0000,3354.6000,3354.8000,3356.4000,1,1,2,1,1,1,1,1,1,1
SF,IH2012,2020-07-14 09:33:18.600,3349.4000,13701,0,281445180.000,0,-,-,-,-,3348.4000,3347.6000,3347.2000,3347.0000,3345.0000,3350.0000,3350.2000,3351.0000,3354.8000,3356.4000,1,1,1,2,1,2,1,1,1,1
SF,IH2012,2020-07-14 09:33:19.100,3349.4000,13701,0,281445180.000,0,-,-,-,-,3347.6000,3347.2000,3347.0000,3345.0000,3343.8000,3350.0000,3350.2000,3351.0000,3354.8000,3356.4000,1,1,2,1,1,2,1,1,1,1
SF,IH2012,2020-07-14 09:33:19.600,3349.4000,13701,0,281445180.000,0,-,-,-,-,3347.8000,3347.2000,3347.0000,3345.6000,3345.0000,3348.4000,3350.0000,3350.2000,3351.0000,3354.8000,1,1,3,1,1,1,4,1,1,1
SF,IH2012,2020-07-14 09:33:20.100,3349.4000,13701,0,281445180.000,0,-,-,-,-,3347.8000,3347.2000,3347.0000,3345.6000,3345.0000,3348.4000,3349.8000,3350.0000,3350.2000,3351.0000,1,1,3,1,1,1,1,4,1,1
SF,IH2012,2020-07-14 09:33:20.600,3349.4000,13701,0,281445180.000,0,-,-,-,-,3347.2000,3347.0000,3345.6000,3345.0000,3343.8000,3348.4000,3349.8000,3350.0000,3350.2000,3351.0000,1,3,1,1,1,1,1,4,1,1
SF,IH2012,2020-07-14 09:33:21.100,3349.4000,13701,0,281445180.000,0,-,-,-,-,3347.4000,3347.2000,3347.0000,3345.6000,3345.0000,3348.4000,3349.8000,3350.0000,3350.2000,3351.0000,1,1,3,1,1,1,1,4,1,1
SF,IH2012,2020-07-14 09:33:21.600,3349.4000,13701,0,281445180.000,0,-,-,-,-,3347.2000,3347.0000,3345.6000,3345.0000,3343.8000,3348.4000,3349.8000,3350.0000,3350.2000,3351.0000,1,3,1,1,1,1,1,4,1,1
SF,IH2012,2020-07-14 09:33:22.100,3349.4000,13701,0,281445180.000,0,-,-,-,-,3347.0000,3345.6000,3345.0000,3343.8000,3342.2000,3348.2000,3348.4000,3349.8000,3350.0000,3350.2000,3,1,1,1,1,1,1,1,3,1
SF,IH2012,2020-07-14 09:33:22.600,3347.0000,13700,-1,283453380.000,2,0,2,多平,S,3345.6000,3345.0000,3343.8000,3342.2000,3342.0000,3348.0000,3348.4000,3349.8000,3350.0000,3350.2000,1,1,1,1,1,1,1,1,2,1
SF,IH2012,2020-07-14 09:33:23.100,3347.0000,13700,0,283453380.000,0,-,-,-,-,3345.8000,3345.6000,3345.0000,3344.4000,3343.8000,3347.0000,3347.8000,3348.0000,3348.4000,3349.8000,1,1,1,1,1,1,2,1,1,1
SF,IH2012,2020-07-14 09:33:23.600,3347.0000,13700,0,283453380.000,0,-,-,-,-,3345.8000,3345.6000,3345.0000,3344.4000,3343.8000,3347.0000,3347.8000,3348.0000,3348.4000,3349.8000,1,1,1,1,1,1,1,1,1,1
SF,IH2012,2020-07-14 09:33:24.100,3347.0000,13700,0,283453380.000,0,-,-,-,-,3345.6000,3345.0000,3344.4000,3343.8000,3342.2000,3346.8000,3347.0000,3347.8000,3348.0000,3348.4000,1,1,1,1,1,4,1,1,1,1
SF,IH2012,2020-07-14 09:33:24.600,3347.0000,13700,0,283453380.000,0,-,-,-,-,3345.0000,3344.4000,3343.8000,3342.2000,3342.0000,3346.8000,3347.0000,3347.8000,3348.0000,3349.8000,1,1,1,1,1,4,1,1,1,1
SF,IH2012,2020-07-14 09:33:25.100,3347.0000,13700,0,283453380.000,0,-,-,-,-,3345.0000,3344.4000,3343.8000,3343.2000,3342.2000,3345.6000,3346.2000,3346.8000,3347.0000,3347.8000,1,1,1,1,1,2,2,4,1,1
SF,IH2012,2020-07-14 09:33:25.600,3345.0000,13701,1,285460560.000,2,1,1,空开,S,3344.4000,3343.8000,3343.2000,3342.2000,3342.0000,3345.6000,3346.8000,3347.0000,3347.8000,3348.0000,1,1,1,1,1,1,4,1,1,1
SF,IH2012,2020-07-14 09:33:26.100,3345.0000,13701,0,285460560.000,0,-,-,-,-,3344.6000,3343.8000,3343.2000,3342.4000,3342.2000,3345.6000,3346.8000,3347.0000,3347.8000,3349.8000,1,1,1,1,1,1,3,1,1,1
SF,IH2012,2020-07-14 09:33:27.100,3345.0000,13701,0,285460560.000,0,-,-,-,-,3344.6000,3343.8000,3343.2000,3342.4000,3342.2000,3346.8000,3347.0000,3347.8000,3349.8000,3350.0000,1,1,1,1,1,3,1,1,1,1
SF,IH2012,2020-07-14 09:33:27.600,3345.0000,13701,0,285460560.000,0,-,-,-,-,3343.8000,3343.2000,3342.4000,3342.2000,3342.0000,3344.6000,3346.6000,3346.8000,3347.0000,3349.8000,1,1,1,1,1,1,2,3,1,1
SF,IH2012,2020-07-14 09:33:28.100,3344.6000,13701,0,287467320.000,2,1,1,多换,S,3343.8000,3343.4000,3343.2000,3342.4000,3342.2000,3346.6000,3347.0000,3349.8000,3350.0000,3350.2000,1,1,1,1,1,4,1,1,1,1
SF,IH2012,2020-07-14 09:33:28.600,3344.6000,13701,0,287467320.000,0,-,-,-,-,3344.6000,3344.0000,3343.8000,3343.4000,3343.2000,3346.4000,3346.6000,3347.0000,3349.8000,3350.0000,2,1,1,1,1,1,4,1,1,1
SF,IH2012,2020-07-14 09:33:29.100,3344.6000,13701,0,287467320.000,0,-,-,-,-,3344.8000,3344.6000,3343.8000,3343.4000,3343.2000,3346.6000,3347.0000,3349.8000,3350.0000,3350.2000,1,2,1,1,1,4,1,1,1,1
SF,IH2012,2020-07-14 09:33:29.600,3345.0000,13697,-4,293489760.000,6,1,5,多平,S,3345.0000,3344.6000,3343.8000,3343.4000,3343.2000,3346.6000,3346.8000,3347.0000,3349.8000,3350.0000,1,2,1,1,1,1,1,1,1,1
SF,IH2012,2020-07-14 09:33:30.100,3347.0000,13694,-3,296501880.000,3,0,3,双平,S,3345.2000,3344.6000,3343.8000,3343.2000,3342.2000,3349.8000,3350.0000,3350.2000,3351.0000,3354.8000,2,2,1,1,1,1,1,1,1,1
SF,IH2012,2020-07-14 09:33:30.600,3347.0000,13694,0,296501880.000,0,-,-,-,-,3345.4000,3345.2000,3344.6000,3343.8000,3343.2000,3349.6000,3349.8000,3350.0000,3350.2000,3351.0000,3,1,2,1,1,2,1,1,1,1
SF,IH2012,2020-07-14 09:33:31.100,3347.0000,13694,0,296501880.000,0,-,-,-,-,3345.4000,3345.2000,3344.6000,3343.8000,3343.2000,3349.6000,3349.8000,3350.0000,3350.2000,3351.0000,3,1,2,1,1,2,1,1,1,1
SF,IH2012,2020-07-14 09:33:31.600,3347.0000,13694,0,296501880.000,0,-,-,-,-,3345.6000,3345.4000,3344.6000,3343.8000,3343.2000,3349.6000,3349.8000,3350.0000,3350.2000,3351.0000,1,3,2,1,1,1,1,1,1,1
SF,IH2012,2020-07-14 09:33:32.100,3347.0000,13694,0,296501880.000,0,-,-,-,-,3345.8000,3345.6000,3345.4000,3344.6000,3343.8000,3349.4000,3349.6000,3350.0000,3350.2000,3351.0000,3,1,1,2,1,2,1,1,1,1
SF,IH2012,2020-07-14 09:33:34.100,3347.0000,13694,0,296501880.000,0,-,-,-,-,3346.0000,3345.8000,3345.4000,3344.6000,3343.8000,3349.4000,3349.6000,3350.0000,3350.2000,3351.0000,1,3,1,2,1,1,1,1,1,1
SF,IH2012,2020-07-14 09:33:34.600,3347.0000,13694,0,296501880.000,0,-,-,-,-,3346.2000,3346.0000,3345.4000,3344.6000,3343.8000,3349.2000,3349.6000,3350.0000,3350.2000,3351.0000,2,1,1,2,1,1,1,2,1,1
SF,IH2012,2020-07-14 09:33:35.100,3347.0000,13694,0,296501880.000,0,-,-,-,-,3346.2000,3346.0000,3345.4000,3344.6000,3343.8000,3347.0000,3349.0000,3349.2000,3349.6000,3350.0000,2,1,1,2,1,1,1,1,1,2
SF,IH2012,2020-07-14 09:33:35.600,3347.0000,13694,0,297505980.000,1,0,1,多换,S,3347.6000,3347.0000,3346.4000,3346.0000,3344.6000,3349.2000,3349.6000,3350.0000,3350.2000,3351.0000,2,2,1,1,2,1,1,2,1,1
SF,IH2012,2020-07-14 09:33:36.100,3347.0000,13694,0,297505980.000,0,-,-,-,-,3347.8000,3347.6000,3347.0000,3346.0000,3343.8000,3349.0000,3350.0000,3350.2000,3351.0000,3355.2000,1,2,1,1,1,1,2,1,1,1
SF,IH2012,2020-07-14 09:33:36.600,3347.0000,13694,0,297505980.000,0,-,-,-,-,3347.6000,3347.0000,3346.0000,3343.8000,3342.2000,3349.0000,3350.0000,3350.2000,3351.0000,3355.2000,2,1,1,1,1,1,2,1,1,1
SF,IH2012,2020-07-14 09:33:37.100,3347.0000,13694,0,297505980.000,0,-,-,-,-,3347.0000,3346.0000,3343.8000,3342.2000,3342.0000,3349.0000,3350.0000,3350.2000,3351.0000,3355.2000,1,1,1,1,1,1,2,1,1,1
SF,IH2012,2020-07-14 09:33:37.600,3347.0000,13694,0,297505980.000,0,-,-,-,-,3346.0000,3343.8000,3342.2000,3342.0000,3341.0000,3347.6000,3348.8000,3349.0000,3350.0000,3350.2000,1,1,1,1,1,1,1,1,2,1
SF,IH2012,2020-07-14 09:33:38.100,3347.0000,13694,0,297505980.000,0,-,-,-,-,3346.2000,3346.0000,3343.8000,3342.2000,3342.0000,3347.6000,3348.8000,3349.0000,3349.4000,3350.0000,2,1,1,1,1,1,1,1,1,2
SF,IH2012,2020-07-14 09:33:38.600,3347.4000,13693,-1,298510200.000,1,0,1,双平,S,3346.2000,3346.0000,3343.8000,3342.2000,3342.0000,3347.6000,3348.8000,3349.0000,3349.4000,3350.0000,1,1,1,1,1,1,1,1,1,2
SF,IH2012,2020-07-14 09:33:39.100,3347.0000,13692,-1,299514300.000,1,0,1,双平,S,3346.0000,3343.8000,3342.2000,3342.0000,3341.0000,3347.4000,3347.6000,3348.8000,3349.4000,3350.0000,1,1,1,1,1,1,1,1,1,2
SF,IH2012,2020-07-14 09:33:39.600,3346.0000,13691,-1,300518100.000,1,0,1,双平,S,3343.8000,3342.2000,3342.0000,3341.0000,3340.0000,3346.2000,3347.4000,3347.6000,3348.8000,3349.4000,1,1,1,1,7,1,2,1,1,1
SF,IH2012,2020-07-14 09:33:40.100,3346.2000,13691,0,302525760.000,2,1,1,多换,S,3344.0000,3343.8000,3342.2000,3342.0000,3341.0000,3347.6000,3350.0000,3351.0000,3355.2000,3360.0000,2,1,1,1,1,1,2,1,1,1
SF,IH2012,2020-07-14 09:33:40.600,3346.2000,13691,0,302525760.000,0,-,-,-,-,3344.2000,3344.0000,3343.8000,3342.2000,3342.0000,3347.6000,3349.6000,3350.0000,3351.0000,3355.2000,2,2,1,1,1,1,1,2,1,1
SF,IH2012,2020-07-14 09:33:41.100,3346.2000,13691,0,302525760.000,0,-,-,-,-,3346.8000,3346.2000,3344.4000,3344.2000,3343.8000,3347.6000,3349.6000,3350.0000,3351.0000,3355.2000,1,1,1,2,1,1,1,2,1,1
SF,IH2012,2020-07-14 09:33:41.600,3346.8000,13690,-1,303529800.000,1,0,1,双平,S,3346.2000,3344.4000,3344.2000,3343.8000,3342.2000,3347.4000,3349.6000,3350.0000,3351.0000,3355.2000,1,2,2,1,1,1,1,2,1,1
SF,IH2012,2020-07-14 09:33:42.100,3347.4000,13689,-1,304534020.000,1,0,1,双平,S,3346.4000,3346.2000,3344.4000,3344.2000,3343.8000,3349.6000,3350.0000,3351.0000,3355.2000,3360.0000,3,1,1,1,1,1,2,1,1,1
SF,IH2012,2020-07-14 09:33:42.600,3347.4000,13689,0,304534020.000,0,-,-,-,-,3346.6000,3346.4000,3346.2000,3344.2000,3343.8000,3349.6000,3350.0000,3351.0000,3355.2000,3360.0000,2,2,1,1,1,1,2,1,1,1
SF,IH2012,2020-07-14 09:33:43.100,3347.4000,13689,0,304534020.000,0,-,-,-,-,3346.6000,3346.4000,3346.2000,3344.2000,3343.8000,3349.6000,3350.0000,3351.0000,3355.2000,3360.0000,2,2,1,1,1,1,2,1,1,1
SF,IH2012,2020-07-14 09:33:43.600,3347.4000,13689,0,304534020.000,0,-,-,-,-,3346.8000,3346.6000,3346.4000,3346.2000,3344.2000,3349.6000,3350.0000,3351.0000,3355.2000,3360.0000,1,2,1,1,1,1,2,1,1,1
SF,IH2012,2020-07-14 09:33:44.100,3347.4000,13689,0,304534020.000,0,-,-,-,-,3347.0000,3346.8000,3346.4000,3346.2000,3344.2000,3350.0000,3351.0000,3355.2000,3360.0000,3363.0000,2,1,1,1,1,2,1,1,1,1
SF,IH2012,2020-07-14 09:33:44.600,3350.0000,13689,0,305539020.000,1,0,1,多换,S,3347.2000,3347.0000,3346.4000,3346.2000,3344.2000,3350.0000,3351.0000,3355.2000,3360.0000,3363.0000,3,1,1,1,1,1,1,1,1,1
SF,IH2012,2020-07-14 09:33:45.100,3350.0000,13688,-1,307549020.000,2,0,2,多平,S,3350.0000,3347.4000,3347.2000,3346.4000,3346.2000,3351.0000,3355.2000,3360.0000,3363.0000,3363.8000,1,1,2,1,1,1,1,1,1,1
SF,IH2012,2020-07-14 09:33:45.600,3350.2000,13686,-2,309559380.000,2,0,2,双平,S,3350.2000,3350.0000,3347.4000,3347.2000,3346.4000,3350.8000,3355.2000,3360.0000,3363.0000,3363.8000,1,2,1,2,1,1,1,1,1,1
SF,IH2012,2020-07-14 09:33:46.100,3350.8000,13685,-1,310564620.000,1,0,1,双平,S,3350.8000,3350.4000,3350.2000,3350.0000,3347.4000,3355.2000,3360.0000,3363.0000,3363.8000,3368.0000,1,1,1,1,1,1,1,1,1,1
SF,IH2012,2020-07-14 09:33:46.600,3350.8000,13685,0,310564620.000,0,-,-,-,-,3351.0000,3350.8000,3347.2000,3346.4000,3346.2000,3354.8000,3355.0000,3355.2000,3360.0000,3363.0000,3,1,2,1,1,1,2,1,1,1
SF,IH2012,2020-07-14 09:33:47.100,3350.8000,13684,-1,311569860.000,1,0,1,双平,S,3351.0000,3350.8000,3347.2000,3346.2000,3345.8000,3353.0000,3354.6000,3354.8000,3355.2000,3360.0000,2,1,2,1,1,3,2,1,1,1
SF,IH2012,2020-07-14 09:33:47.600,3351.0000,13682,-2,313580400.000,2,0,2,双平,S,3351.0000,3350.8000,3347.2000,3346.2000,3345.8000,3352.8000,3353.0000,3354.8000,3355.2000,3360.0000,1,1,2,1,1,2,3,1,1,1
SF,IH2012,2020-07-14 09:33:48.100,3351.0000,13682,0,314585700.000,1,0,1,多换,S,3350.8000,3346.2000,3345.8000,3343.8000,3342.2000,3352.8000,3353.0000,3354.8000,3355.2000,3360.0000,1,1,1,1,1,3,3,1,1,1
SF,IH2012,2020-07-14 09:33:48.600,3350.8000,13681,-1,315590940.000,1,0,1,双平,S,3346.2000,3345.8000,3343.8000,3342.2000,3342.0000,3352.8000,3354.8000,3355.2000,3360.0000,3363.0000,1,1,1,1,1,3,1,1,1,1
SF,IH2012,2020-07-14 09:33:49.100,3350.8000,13681,0,315590940.000,0,-,-,-,-,3347.6000,3346.6000,3346.4000,3346.2000,3345.8000,3350.8000,3352.6000,3352.8000,3354.8000,3355.2000,1,2,3,1,1,1,2,3,1,1
SF,IH2012,2020-07-14 09:33:49.600,3347.8000,13680,-1,316595280.000,1,0,1,双平,S,3347.8000,3346.6000,3346.4000,3346.2000,3345.8000,3350.6000,3350.8000,3352.6000,3354.8000,3355.2000,1,2,2,1,1,1,1,2,1,1
SF,IH2012,2020-07-14 09:33:50.100,3347.8000,13680,0,316595280.000,0,-,-,-,-,3348.0000,3347.8000,3346.6000,3346.4000,3346.2000,3350.6000,3350.8000,3352.6000,3354.8000,3355.2000,1,1,2,2,1,1,1,2,1,1
SF,IH2012,2020-07-14 09:33:50.600,3347.8000,13680,0,316595280.000,0,-,-,-,-,3348.2000,3348.0000,3346.6000,3346.2000,3345.8000,3350.6000,3350.8000,3352.6000,3354.8000,3355.2000,1,1,2,1,1,1,1,2,1,1
SF,IH2012,2020-07-14 09:33:51.100,3347.8000,13680,0,316595280.000,0,-,-,-,-,3348.4000,3348.2000,3346.6000,3346.2000,3345.8000,3350.6000,3350.8000,3352.6000,3354.8000,3355.2000,2,1,2,1,1,1,1,2,1,1
SF,IH2012,2020-07-14 09:33:51.600,3350.6000,13679,-1,317600460.000,1,0,1,双平,S,3348.6000,3348.4000,3346.6000,3346.2000,3345.8000,3350.8000,3352.6000,3354.8000,3355.2000,3360.0000,1,2,2,1,1,1,2,1,1,1
SF,IH2012,2020-07-14 09:33:52.100,3350.8000,13678,-1,318605700.000,1,0,1,双平,S,3350.8000,3348.8000,3348.6000,3348.4000,3346.6000,3352.6000,3354.8000,3355.2000,3360.0000,3363.0000,1,1,1,1,2,2,1,1,1,1
SF,IH2012,2020-07-14 09:33:52.600,3350.8000,13673,-5,323631900.000,5,0,5,双平,S,3348.6000,3348.4000,3346.6000,3346.2000,3346.0000,3354.8000,3355.2000,3360.0000,3363.0000,3363.8000,1,1,2,1,2,1,1,1,1,1
SF,IH2012,2020-07-14 09:33:53.100,3350.8000,13673,0,323631900.000,0,-,-,-,-,3348.8000,3348.6000,3348.4000,3346.6000,3346.2000,3354.6000,3354.8000,3355.2000,3360.0000,3363.0000,1,1,1,2,1,1,1,1,1,1
SF,IH2012,2020-07-14 09:33:53.600,3350.8000,13673,0,323631900.000,0,-,-,-,-,3349.0000,3348.8000,3348.4000,3346.6000,3346.2000,3354.6000,3354.8000,3355.2000,3360.0000,3363.0000,2,1,1,2,1,1,1,1,1,1
SF,IH2012,2020-07-14 09:33:54.100,3350.8000,13673,0,323631900.000,0,-,-,-,-,3349.2000,3349.0000,3348.4000,3346.6000,3346.2000,3354.6000,3354.8000,3355.2000,3360.0000,3363.0000,2,2,1,2,1,1,1,1,1,1
SF,IH2012,2020-07-14 09:33:54.600,3349.4000,13673,0,324636720.000,1,0,1,多换,S,3349.4000,3349.2000,3348.4000,3346.6000,3346.2000,3354.4000,3354.6000,3354.8000,3355.2000,3360.0000,1,2,1,2,1,1,1,1,1,1
SF,IH2012,2020-07-14 09:33:55.100,3349.4000,13673,0,324636720.000,0,-,-,-,-,3349.6000,3349.4000,3349.2000,3348.4000,3347.2000,3354.2000,3354.4000,3354.8000,3355.2000,3360.0000,1,1,1,1,1,1,1,1,1,1
SF,IH2012,2020-07-14 09:33:55.600,3349.4000,13673,0,324636720.000,0,-,-,-,-,3349.8000,3349.6000,3349.2000,3348.4000,3347.2000,3354.0000,3354.2000,3354.8000,3355.2000,3360.0000,2,1,1,1,1,1,1,1,1,1
SF,IH2012,2020-07-14 09:33:56.100,3349.4000,13673,0,324636720.000,0,-,-,-,-,3350.0000,3349.8000,3349.2000,3348.4000,3347.2000,3353.8000,3354.0000,3354.8000,3355.2000,3360.0000,1,2,1,1,1,1,1,1,1,1
SF,IH2012,2020-07-14 09:33:56.600,3349.4000,13673,0,324636720.000,0,-,-,-,-,3350.2000,3350.0000,3349.8000,3349.2000,3348.4000,3353.6000,3353.8000,3354.8000,3355.2000,3360.0000,2,1,1,1,1,1,1,1,1,1
SF,IH2012,2020-07-14 09:33:57.100,3349.4000,13673,0,324636720.000,0,-,-,-,-,3350.4000,3350.2000,3349.8000,3349.2000,3348.4000,3353.4000,3353.6000,3354.8000,3355.2000,3360.0000,1,2,1,1,1,1,1,1,1,1
SF,IH2012,2020-07-14 09:33:57.600,3350.4000,13672,-1,327652980.000,3,1,2,多平,S,3350.2000,3349.8000,3349.2000,3348.4000,3347.2000,3353.2000,3353.6000,3354.8000,3355.2000,3360.0000,1,1,1,1,1,1,1,1,1,1
SF,IH2012,2020-07-14 09:33:58.100,3350.4000,13672,0,327652980.000,0,-,-,-,-,3350.4000,3350.2000,3349.8000,3349.2000,3348.4000,3353.2000,3353.6000,3354.8000,3355.2000,3360.0000,1,1,1,1,1,1,1,1,1,1
SF,IH2012,2020-07-14 09:33:58.600,3353.2000,13671,-1,328658940.000,1,0,1,双平,S,3350.6000,3350.4000,3350.2000,3349.8000,3349.2000,3353.6000,3354.8000,3355.2000,3360.0000,3363.0000,1,1,1,1,1,1,1,1,1,1
SF,IH2012,2020-07-14 09:33:59.100,3353.6000,13670,-1,329665020.000,1,0,1,双平,S,3350.8000,3350.6000,3350.2000,3349.8000,3349.2000,3354.8000,3355.2000,3360.0000,3363.0000,3363.8000,1,2,1,1,1,1,1,1,1,1
SF,IH2012,2020-07-14 09:33:59.600,3353.6000,13670,0,329665020.000,0,-,-,-,-,3353.2000,3351.0000,3350.8000,3350.6000,3350.2000,3354.8000,3355.2000,3360.0000,3363.0000,3363.8000,1,1,1,1,1,1,1,1,1,1
SF,IH2012,2020-07-14 09:34:00.100,3353.2000,13669,-1,331677420.000,2,0,2,多平,S,3351.0000,3350.8000,3350.6000,3350.2000,3349.8000,3354.6000,3355.2000,3360.0000,3363.0000,3363.8000,2,1,1,1,1,1,1,1,1,1
SF,IH2012,2020-07-14 09:34:00.600,3353.2000,13669,0,331677420.000,0,-,-,-,-,3351.2000,3351.0000,3350.6000,3350.2000,3349.8000,3354.4000,3355.0000,3355.2000,3360.0000,3363.0000,1,2,1,1,1,1,1,1,1,1
SF,IH2012,2020-07-14 09:34:01.100,3353.2000,13669,0,331677420.000,0,-,-,-,-,3351.4000,3351.2000,3351.0000,3350.6000,3350.2000,3355.0000,3355.2000,3360.0000,3363.0000,3363.8000,1,1,1,1,1,1,1,1,1,1
SF,IH2012,2020-07-14 09:34:01.600,3353.2000,13669,0,331677420.000,0,-,-,-,-,3351.6000,3351.4000,3350.2000,3349.8000,3349.2000,3354.8000,3355.0000,3355.2000,3360.0000,3363.0000,3,1,1,1,1,1,1,1,1,1
SF,IH2012,2020-07-14 09:34:02.100,3353.2000,13669,0,331677420.000,0,-,-,-,-,3351.6000,3350.2000,3349.8000,3349.2000,3348.4000,3354.6000,3355.0000,3355.2000,3360.0000,3363.0000,3,1,1,1,1,1,1,1,1,1
SF,IH2012,2020-07-14 09:34:02.600,3354.6000,13668,-1,332683800.000,1,0,1,双平,S,3351.8000,3351.6000,3350.2000,3349.8000,3349.2000,3354.4000,3355.2000,3360.0000,3363.0000,3363.8000,1,3,1,1,1,1,1,1,1,1
SF,IH2012,2020-07-14 09:34:03.100,3352.0000,13667,-1,334695780.000,2,0,2,多平,S,3351.8000,3351.6000,3350.2000,3349.8000,3349.2000,3355.2000,3360.0000,3363.0000,3363.8000,3368.0000,1,2,1,1,1,1,1,1,1,1
SF,IH2012,2020-07-14 09:34:03.600,3355.2000,13666,-1,335702340.000,1,0,1,双平,S,3352.0000,3351.8000,3351.6000,3350.2000,3349.8000,3360.0000,3363.0000,3363.8000,3368.0000,3373.0000,7,1,2,1,1,1,1,1,1,2
SF,IH2012,2020-07-14 09:34:04.100,3355.2000,13666,0,335702340.000,0,-,-,-,-,3352.2000,3352.0000,3351.6000,3350.2000,3349.8000,3355.8000,3359.0000,3359.8000,3360.0000,3363.0000,3,7,1,1,1,1,1,1,1,1
SF,IH2012,2020-07-14 09:34:04.600,3355.8000,13666,0,336709080.000,1,0,1,多换,S,3352.8000,3352.4000,3352.2000,3351.6000,3350.2000,3359.8000,3360.0000,3363.0000,3363.8000,3368.0000,1,7,3,1,1,1,1,1,1,1
SF,IH2012,2020-07-14 09:34:05.100,3355.8000,13666,0,336709080.000,0,-,-,-,-,3353.2000,3353.0000,3352.8000,3351.6000,3350.2000,3359.8000,3360.0000,3363.0000,3363.8000,3368.0000,7,3,2,1,1,1,1,1,1,1
SF,IH2012,2020-07-14 09:34:05.600,3355.8000,13666,0,336709080.000,0,-,-,-,-,3353.8000,3353.4000,3353.2000,3353.0000,3352.8000,3359.8000,3360.0000,3363.0000,3363.8000,3368.0000,1,2,7,1,2,1,1,1,1,1
SF,IH2012,2020-07-14 09:34:06.100,3354.2000,13666,0,337715340.000,1,0,1,多换,S,3354.2000,3354.0000,3353.8000,3352.8000,3351.6000,3359.8000,3360.0000,3363.0000,3363.8000,3368.0000,6,3,1,1,1,1,1,1,1,1
SF,IH2012,2020-07-14 09:34:06.600,3354.2000,13666,0,337715340.000,0,-,-,-,-,3354.4000,3354.0000,3353.8000,3352.8000,3351.6000,3359.8000,3360.0000,3363.0000,3363.8000,3368.0000,2,1,2,1,1,1,1,1,1,1
SF,IH2012,2020-07-14 09:34:07.100,3354.2000,13666,0,337715340.000,0,-,-,-,-,3354.6000,3354.4000,3353.8000,3352.8000,3351.6000,3359.8000,3360.0000,3363.0000,3363.8000,3368.0000,7,2,2,1,1,1,1,1,1,1
SF,IH2012,2020-07-14 09:34:07.600,3354.2000,13666,0,337715340.000,0,-,-,-,-,3354.8000,3354.6000,3353.8000,3352.8000,3351.6000,3359.6000,3359.8000,3360.0000,3363.0000,3363.8000,2,1,1,1,1,1,1,1,1,1
SF,IH2012,2020-07-14 09:34:08.100,3354.2000,13666,0,337715340.000,0,-,-,-,-,3355.2000,3354.8000,3354.6000,3353.8000,3351.6000,3359.4000,3359.6000,3360.0000,3363.0000,3363.8000,1,2,1,1,1,1,1,1,1,1
SF,IH2012,2020-07-14 09:34:08.600,3359.2000,13666,0,339729420.000,2,1,1,多换,S,3356.0000,3355.6000,3355.4000,3355.2000,3353.8000,3359.4000,3359.6000,3360.0000,3363.8000,3368.0000,2,1,3,2,1,1,1,1,1,1
SF,IH2012,2020-07-14 09:34:09.100,3359.2000,13666,0,339729420.000,0,-,-,-,-,3356.4000,3356.2000,3356.0000,3355.2000,3353.8000,3359.6000,3360.0000,3363.8000,3368.0000,3373.0000,1,3,2,1,1,2,1,1,1,2
SF,IH2012,2020-07-14 09:34:09.600,3359.2000,13666,0,339729420.000,0,-,-,-,-,3356.6000,3356.2000,3356.0000,3355.2000,3353.8000,3359.2000,3359.4000,3359.6000,3360.0000,3363.8000,1,1,2,1,1,2,1,2,1,1
SF,IH2012,2020-07-14 09:34:10.100,3359.2000,13666,0,339729420.000,0,-,-,-,-,3356.8000,3356.6000,3353.8000,3351.6000,3350.2000,3359.0000,3359.2000,3359.6000,3360.0000,3363.8000,1,1,1,1,1,1,2,2,1,1
SF,IH2012,2020-07-14 09:34:10.600,3359.2000,13666,0,339729420.000,0,-,-,-,-,3357.0000,3356.8000,3353.8000,3351.6000,3350.2000,3358.6000,3359.0000,3359.6000,3360.0000,3363.8000,2,1,1,1,1,1,1,2,1,1
SF,IH2012,2020-07-14 09:34:11.100,3359.2000,13666,0,339729420.000,0,-,-,-,-,3357.0000,3356.8000,3353.8000,3351.6000,3350.2000,3359.6000,3360.0000,3363.8000,3368.0000,3373.0000,2,1,1,1,1,2,1,1,1,2
SF,IH2012,2020-07-14 09:34:11.600,3359.2000,13666,0,339729420.000,0,-,-,-,-,3357.0000,3356.8000,3353.8000,3351.6000,3350.2000,3359.4000,3359.6000,3360.0000,3363.8000,3368.0000,2,1,1,1,1,1,2,1,1,1
SF,IH2012,2020-07-14 09:34:12.100,3359.2000,13666,0,339729420.000,0,-,-,-,-,3357.0000,3356.8000,3355.2000,3353.8000,3351.6000,3359.2000,3359.4000,3359.6000,3360.0000,3363.8000,1,1,5,1,1,1,1,2,1,1
SF,IH2012,2020-07-14 09:34:12.600,3359.2000,13666,0,339729420.000,0,-,-,-,-,3357.0000,3356.8000,3355.2000,3353.8000,3351.6000,3358.8000,3359.2000,3359.6000,3360.0000,3363.8000,1,1,5,1,1,1,1,2,1,1
SF,IH2012,2020-07-14 09:34:13.100,3359.2000,13666,0,339729420.000,0,-,-,-,-,3357.0000,3356.8000,3355.2000,3353.8000,3351.6000,3358.6000,3359.6000,3360.0000,3363.8000,3368.0000,1,1,5,1,1,1,2,1,1,1
SF,IH2012,2020-07-14 09:34:13.600,3359.2000,13666,0,339729420.000,0,-,-,-,-,3357.0000,3356.8000,3355.2000,3353.8000,3351.6000,3358.6000,3359.6000,3360.0000,3363.8000,3368.0000,2,1,5,1,1,1,2,1,1,1
SF,IH2012,2020-07-14 09:34:14.100,3358.8000,13665,-1,340737060.000,1,0,1,双平,S,3357.0000,3356.8000,3355.2000,3353.8000,3351.6000,3359.6000,3360.0000,3363.8000,3368.0000,3373.0000,2,1,5,1,1,2,1,1,1,2
SF,IH2012,2020-07-14 09:34:14.600,3358.8000,13665,0,340737060.000,0,-,-,-,-,3357.0000,3356.8000,3355.2000,3353.8000,3351.6000,3359.2000,3359.4000,3359.6000,3360.0000,3363.8000,2,1,5,1,1,1,1,2,1,1
SF,IH2012,2020-07-14 09:34:15.100,3357.0000,13664,-1,341744160.000,1,0,1,双平,S,3357.0000,3356.8000,3355.2000,3353.8000,3351.6000,3359.0000,3359.2000,3359.6000,3360.0000,3363.8000,1,1,5,1,1,3,1,2,1,1
SF,IH2012,2020-07-14 09:34:15.600,3357.0000,13663,-1,342751260.000,1,0,1,双平,S,3356.8000,3355.2000,3353.8000,3351.6000,3350.2000,3358.6000,3359.0000,3359.6000,3360.0000,3363.8000,1,5,1,1,1,2,2,1,1,1
SF,IH2012,2020-07-14 09:34:16.100,3357.0000,13663,0,342751260.000,0,-,-,-,-,3356.8000,3355.2000,3353.8000,3351.6000,3350.2000,3358.4000,3358.6000,3359.0000,3359.6000,3360.0000,1,5,1,1,1,2,2,1,1,1
SF,IH2012,2020-07-14 09:34:16.600,3356.8000,13662,-1,343758300.000,1,0,1,双平,S,3355.2000,3353.8000,3351.6000,3350.2000,3349.8000,3358.0000,3358.4000,3358.6000,3359.0000,3359.6000,5,1,1,1,1,1,2,1,2,1
SF,IH2012,2020-07-14 09:34:17.100,3356.8000,13662,0,343758300.000,0,-,-,-,-,3355.4000,3355.2000,3353.8000,3351.6000,3350.2000,3357.6000,3357.8000,3358.0000,3358.4000,3358.6000,3,5,1,1,1,1,2,2,1,1
SF,IH2012,2020-07-14 09:34:17.600,3356.8000,13662,0,343758300.000,0,-,-,-,-,3355.4000,3355.2000,3353.8000,3351.6000,3350.2000,3357.2000,3357.4000,3358.0000,3358.6000,3359.0000,3,3,1,1,1,1,2,1,1,1
SF,IH2012,2020-07-14 09:34:19.100,3355.2000,13658,-4,347784660.000,4,0,4,双平,S,3355.2000,3351.6000,3350.2000,3349.8000,3349.2000,3357.0000,3357.2000,3357.4000,3358.2000,3358.6000,1,1,1,1,1,2,1,2,1,1
SF,IH2012,2020-07-14 09:34:19.600,3356.6000,13656,-2,349798200.000,2,0,2,双平,S,3351.6000,3350.2000,3347.2000,3346.2000,3346.0000,3356.6000,3356.8000,3357.0000,3357.4000,3358.2000,1,1,1,1,3,1,2,2,1,1
SF,IH2012,2020-07-14 09:34:20.100,3356.6000,13656,0,349798200.000,0,-,-,-,-,3352.2000,3352.0000,3351.8000,3351.6000,3350.2000,3356.4000,3356.6000,3356.8000,3357.0000,3358.2000,1,2,7,3,1,3,1,1,2,1
SF,IH2012,2020-07-14 09:34:20.600,3356.6000,13656,0,349798200.000,0,-,-,-,-,3352.6000,3352.4000,3352.2000,3351.6000,3350.2000,3356.2000,3356.4000,3357.0000,3358.2000,3358.6000,2,2,1,3,1,1,2,2,1,1
SF,IH2012,2020-07-14 09:34:21.100,3356.6000,13656,0,349798200.000,0,-,-,-,-,3352.8000,3352.6000,3352.4000,3352.2000,3351.6000,3356.0000,3356.2000,3357.0000,3358.2000,3358.6000,1,2,1,1,2,2,1,2,1,1
SF,IH2012,2020-07-14 09:34:21.600,3356.6000,13656,0,349798200.000,0,-,-,-,-,3352.8000,3352.2000,3351.6000,3350.2000,3347.2000,3355.6000,3356.0000,3357.0000,3358.2000,3358.6000,1,1,1,1,1,1,3,1,1,1
SF,IH2012,2020-07-14 09:34:22.100,3356.6000,13656,0,349798200.000,0,-,-,-,-,3353.2000,3353.0000,3352.8000,3352.2000,3351.6000,3356.0000,3357.0000,3358.2000,3358.6000,3359.0000,1,2,1,1,1,2,1,1,1,1
SF,IH2012,2020-07-14 09:34:22.600,3356.6000,13656,0,349798200.000,0,-,-,-,-,3353.4000,3353.0000,3352.2000,3351.6000,3350.2000,3356.0000,3357.0000,3357.6000,3358.2000,3358.6000,2,1,1,1,1,2,1,1,1,1
SF,IH2012,2020-07-14 09:34:23.100,3356.6000,13656,0,349798200.000,0,-,-,-,-,3353.6000,3353.4000,3353.0000,3352.2000,3351.6000,3356.0000,3357.6000,3358.2000,3358.6000,3359.0000,2,2,1,1,1,1,1,1,1,1
SF,IH2012,2020-07-14 09:34:23.600,3356.0000,13655,-1,350805000.000,1,0,1,双平,S,3353.8000,3353.6000,3353.0000,3352.2000,3351.6000,3357.6000,3358.2000,3358.6000,3359.0000,3359.4000,4,2,1,1,1,1,1,1,1,1
SF,IH2012,2020-07-14 09:34:24.100,3356.0000,13655,0,350805000.000,0,-,-,-,-,3354.2000,3354.0000,3353.8000,3353.6000,3353.0000,3357.4000,3357.6000,3358.2000,3358.6000,3359.0000,1,1,4,1,1,2,1,1,1,1
SF,IH2012,2020-07-14 09:34:24.600,3356.0000,13655,0,350805000.000,0,-,-,-,-,3354.4000,3354.2000,3354.0000,3353.8000,3353.6000,3357.6000,3358.2000,3358.6000,3359.0000,3359.4000,3,1,1,1,1,1,1,1,1,1
SF,IH2012,2020-07-14 09:34:25.100,3356.0000,13655,0,350805000.000,0,-,-,-,-,3354.8000,3354.4000,3354.0000,3353.8000,3353.6000,3357.6000,3358.2000,3358.6000,3359.0000,3359.4000,1,3,1,1,1,1,1,1,1,1
