市场代码,合约代码,时间,最新,持仓,增仓,成交额,成交量,开仓,平仓,成交类型,方向,买一价,买二价,买三价,买四价,买五价,卖一价,卖二价,卖三价,卖四价,卖五价,买一量,买二量,买三量,买四量,买五量,卖一量,卖二量,卖三量,卖四量,卖五量
SF,IH2012,2020-05-14 09:29:00.400,2727.4000,2216,0,0.000,0.000,-,-,-,-,2714.6000,2711.2000,2710.8000,2710.4000,2710.2000,2715.2000,2719.8000,2721.0000,2723.8000,2725.0000,1,1,1,4,1,1,1,1,4,1
SF,IH2012,2020-05-14 09:30:00.400,2727.4000,2216,0,0.000,0,-,-,-,-,2714.6000,2712.0000,2711.2000,2711.0000,2710.8000,2719.8000,2723.8000,2725.0000,2733.8000,2737.0000,1,1,1,1,1,1,4,1,2,1
SF,IH2012,2020-05-14 09:30:00.900,2727.4000,2216,0,0.000,0,-,-,-,-,2714.6000,2712.0000,2711.2000,2711.0000,2710.8000,2719.4000,2719.8000,2733.8000,2737.0000,2737.6000,1,1,1,1,1,6,1,2,1,1
SF,IH2012,2020-05-14 09:30:01.400,2727.4000,2216,0,0.000,0,-,-,-,-,2714.6000,2712.0000,2711.2000,2711.0000,2710.8000,2719.2000,2719.4000,2733.8000,2737.0000,2737.6000,1,1,1,1,1,1,6,2,1,1
SF,IH2012,2020-05-14 09:30:01.900,2727.4000,2216,0,0.000,0,-,-,-,-,2714.6000,2712.0000,2711.2000,2711.0000,2710.8000,2718.8000,2719.2000,2733.8000,2737.0000,2737.6000,1,1,1,1,1,6,1,2,1,1
SF,IH2012,2020-05-14 09:30:02.400,2727.4000,2216,0,0.000,0,-,-,-,-,2714.6000,2712.0000,2711.2000,2711.0000,2710.8000,2718.6000,2718.8000,2733.8000,2737.0000,2737.6000,1,1,1,1,1,1,6,2,1,1
SF,IH2012,2020-05-14 09:30:02.900,2727.4000,2216,0,0.000,0,-,-,-,-,2714.6000,2712.0000,2711.2000,2711.0000,2710.8000,2718.2000,2718.6000,2733.8000,2737.0000,2737.6000,1,1,1,1,1,6,1,2,1,1
SF,IH2012,2020-05-14 09:30:03.400,2727.4000,2216,0,0.000,0,-,-,-,-,2714.6000,2712.0000,2711.2000,2711.0000,2710.8000,2718.0000,2718.2000,2733.8000,2737.0000,2737.6000,1,1,1,1,1,1,6,2,1,1
SF,IH2012,2020-05-14 09:30:03.900,2714.6000,2216,0,814380.000,1,0,1,多换,S,2712.0000,2711.2000,2711.0000,2710.8000,2710.4000,2717.6000,2718.0000,2729.2000,2733.8000,2737.0000,1,1,1,1,4,6,1,1,2,1
SF,IH2012,2020-05-14 09:30:04.400,2714.6000,2216,0,814380.000,0,-,-,-,-,2712.0000,2711.2000,2711.0000,2710.8000,2710.4000,2717.4000,2717.6000,2729.2000,2733.8000,2737.0000,1,1,1,1,4,1,6,1,2,1
SF,IH2012,2020-05-14 09:30:04.900,2714.6000,2216,0,814380.000,0,-,-,-,-,2712.0000,2711.2000,2711.0000,2710.8000,2710.4000,2717.0000,2717.4000,2729.2000,2733.8000,2737.0000,1,1,1,1,4,6,1,1,2,1
SF,IH2012,2020-05-14 09:30:05.400,2714.6000,2216,0,814380.000,0,-,-,-,-,2712.0000,2711.2000,2711.0000,2710.8000,2710.4000,2716.8000,2717.0000,2729.2000,2733.8000,2737.0000,1,1,1,1,4,1,6,1,2,1
SF,IH2012,2020-05-14 09:30:05.900,2714.6000,2216,0,814380.000,0,-,-,-,-,2712.0000,2711.2000,2711.0000,2710.8000,2710.4000,2716.4000,2716.8000,2729.2000,2733.8000,2737.0000,1,1,1,1,4,6,1,1,2,1
SF,IH2012,2020-05-14 09:30:06.400,2714.6000,2216,0,814380.000,0,-,-,-,-,2712.0000,2711.2000,2711.0000,2710.8000,2710.4000,2716.2000,2716.4000,2729.2000,2733.8000,2737.0000,1,1,1,1,4,1,6,1,2,1
SF,IH2012,2020-05-14 09:30:06.900,2712.0000,2215,-1,1627980.000,1,0,1,双平,S,2711.2000,2711.0000,2710.8000,2710.4000,2710.2000,2715.8000,2716.0000,2716.2000,2729.2000,2733.8000,1,1,1,4,2,1,6,1,1,2
SF,IH2012,2020-05-14 09:30:07.400,2712.0000,2215,0,1627980.000,0,-,-,-,-,2711.2000,2711.0000,2710.8000,2710.4000,2710.2000,2715.6000,2715.8000,2716.0000,2729.0000,2729.2000,1,1,1,4,2,1,1,6,1,1
SF,IH2012,2020-05-14 09:30:08.900,2712.0000,2215,0,1627980.000,0,-,-,-,-,2711.2000,2711.0000,2710.8000,2710.4000,2710.2000,2715.6000,2716.0000,2729.0000,2729.2000,2733.8000,1,1,1,4,2,1,6,1,1,2
SF,IH2012,2020-05-14 09:30:09.400,2715.2000,2214,-1,2442540.000,1,0,1,双平,S,2711.2000,2711.0000,2710.8000,2710.4000,2710.2000,2715.2000,2715.6000,2729.0000,2729.2000,2733.8000,1,1,1,4,2,5,1,1,1,2
SF,IH2012,2020-05-14 09:30:09.900,2715.2000,2214,0,2442540.000,0,-,-,-,-,2711.2000,2711.0000,2710.8000,2710.4000,2710.2000,2715.0000,2715.2000,2729.0000,2729.2000,2733.8000,1,1,1,4,2,1,5,1,1,2
SF,IH2012,2020-05-14 09:30:10.400,2715.2000,2214,0,2442540.000,0,-,-,-,-,2711.2000,2711.0000,2710.8000,2710.4000,2710.2000,2714.6000,2714.8000,2715.0000,2729.0000,2729.2000,1,1,1,4,2,5,1,1,1,1
SF,IH2012,2020-05-14 09:30:10.900,2715.2000,2214,0,2442540.000,0,-,-,-,-,2711.2000,2711.0000,2710.8000,2710.4000,2710.2000,2714.4000,2714.6000,2714.8000,2729.0000,2729.2000,1,1,1,4,2,1,5,1,1,1
SF,IH2012,2020-05-14 09:30:11.400,2715.2000,2214,0,2442540.000,0,-,-,-,-,2711.2000,2711.0000,2710.8000,2710.4000,2710.2000,2714.0000,2714.4000,2714.8000,2729.0000,2729.2000,1,1,1,4,2,5,1,1,1,1
SF,IH2012,2020-05-14 09:30:11.900,2715.2000,2214,0,2442540.000,0,-,-,-,-,2711.2000,2711.0000,2710.8000,2710.4000,2710.2000,2713.8000,2714.0000,2714.8000,2729.0000,2729.2000,1,1,1,4,2,1,5,1,1,1
SF,IH2012,2020-05-14 09:30:12.400,2715.2000,2214,0,2442540.000,0,-,-,-,-,2711.2000,2711.0000,2710.8000,2710.4000,2710.2000,2713.8000,2714.8000,2729.0000,2729.2000,2733.8000,1,1,1,4,2,1,1,1,1,2
SF,IH2012,2020-05-14 09:30:12.900,2715.2000,2214,0,2442540.000,0,-,-,-,-,2711.2000,2711.0000,2710.8000,2710.4000,2710.2000,2713.8000,2729.0000,2729.2000,2733.8000,2737.0000,1,1,1,4,2,1,1,1,2,1
SF,IH2012,2020-05-14 09:30:14.900,2713.8000,2213,-1,3256680.000,1,0,1,双平,S,2711.2000,2711.0000,2710.8000,2710.4000,2710.2000,2729.0000,2729.2000,2733.8000,2737.0000,2737.6000,1,1,1,4,2,1,1,2,1,1
SF,IH2012,2020-05-14 09:30:15.400,2713.8000,2213,0,3256680.000,0,-,-,-,-,2711.2000,2711.0000,2710.8000,2710.4000,2710.2000,2723.6000,2728.6000,2728.8000,2729.0000,2729.2000,1,1,1,4,2,4,5,2,1,1
SF,IH2012,2020-05-14 09:30:15.900,2713.8000,2213,0,3256680.000,0,-,-,-,-,2711.2000,2711.0000,2710.8000,2710.4000,2710.2000,2715.0000,2723.2000,2723.6000,2728.8000,2729.0000,1,1,1,4,2,1,5,4,2,1
SF,IH2012,2020-05-14 09:30:16.400,2715.0000,2213,0,4071180.000,1,0,1,多换,S,2711.2000,2711.0000,2710.8000,2710.4000,2710.2000,2723.2000,2728.8000,2729.0000,2729.2000,2733.8000,1,1,1,4,1,5,1,1,1,2
SF,IH2012,2020-05-14 09:30:16.900,2715.0000,2213,0,4071180.000,0,-,-,-,-,2711.4000,2711.2000,2711.0000,2710.8000,2710.4000,2720.8000,2723.2000,2728.8000,2729.0000,2729.2000,1,1,1,1,4,5,5,1,1,1
SF,IH2012,2020-05-14 09:30:17.400,2715.0000,2213,0,4071180.000,0,-,-,-,-,2711.4000,2711.2000,2711.0000,2710.8000,2710.4000,2715.0000,2719.2000,2720.2000,2720.4000,2720.8000,1,1,1,1,4,1,2,1,5,5
SF,IH2012,2020-05-14 09:30:17.900,2715.0000,2213,0,4071180.000,0,-,-,-,-,2711.4000,2711.2000,2711.0000,2710.8000,2710.4000,2715.0000,2719.2000,2720.0000,2720.2000,2720.4000,1,1,1,1,4,1,1,1,1,5
SF,IH2012,2020-05-14 09:30:18.400,2715.0000,2214,1,4885680.000,1,1,0,双开,S,2711.4000,2711.2000,2711.0000,2710.8000,2710.4000,2719.2000,2720.0000,2720.2000,2720.4000,2720.8000,1,1,1,1,4,1,1,1,5,5
SF,IH2012,2020-05-14 09:30:18.900,2711.4000,2213,-1,5699100.000,1,0,1,双平,S,2711.2000,2711.0000,2710.8000,2710.4000,2710.2000,2717.6000,2718.8000,2719.2000,2720.2000,2720.8000,1,1,1,4,1,2,6,1,1,5
SF,IH2012,2020-05-14 09:30:19.400,2711.4000,2213,0,5699100.000,0,-,-,-,-,2711.2000,2711.0000,2710.8000,2710.4000,2710.2000,2715.0000,2717.2000,2717.6000,2719.2000,2720.2000,1,1,1,4,1,1,6,2,1,1
SF,IH2012,2020-05-14 09:30:19.900,2711.4000,2213,0,5699100.000,0,-,-,-,-,2711.6000,2711.2000,2711.0000,2710.8000,2710.4000,2715.0000,2716.6000,2717.2000,2719.2000,2720.8000,1,1,1,1,4,1,1,6,1,4
SF,IH2012,2020-05-14 09:30:20.400,2711.4000,2213,0,5699100.000,0,-,-,-,-,2711.6000,2711.2000,2711.0000,2710.8000,2710.4000,2716.0000,2716.6000,2717.2000,2719.2000,2720.8000,1,1,1,1,4,2,1,6,1,4
SF,IH2012,2020-05-14 09:30:20.900,2711.4000,2213,0,5699100.000,0,-,-,-,-,2711.6000,2711.2000,2711.0000,2710.8000,2710.4000,2714.8000,2716.0000,2717.2000,2719.2000,2720.8000,1,1,1,1,4,1,2,6,1,4
SF,IH2012,2020-05-14 09:30:21.400,2711.4000,2213,0,5699100.000,0,-,-,-,-,2711.8000,2711.6000,2711.2000,2711.0000,2710.8000,2714.8000,2716.0000,2717.2000,2719.2000,2720.8000,1,1,1,1,1,1,2,6,1,4
SF,IH2012,2020-05-14 09:30:21.900,2711.4000,2213,0,5699100.000,0,-,-,-,-,2711.8000,2711.6000,2711.2000,2711.0000,2710.8000,2716.0000,2717.2000,2719.2000,2720.8000,2728.8000,1,1,1,1,1,2,6,1,4,1
SF,IH2012,2020-05-14 09:30:22.400,2711.4000,2213,0,5699100.000,0,-,-,-,-,2711.8000,2711.2000,2711.0000,2710.8000,2710.4000,2715.6000,2716.0000,2717.2000,2719.2000,2720.8000,1,1,1,1,4,1,2,6,1,4
SF,IH2012,2020-05-14 09:30:22.900,2711.4000,2213,0,5699100.000,0,-,-,-,-,2711.8000,2711.2000,2711.0000,2710.8000,2710.4000,2715.6000,2716.0000,2717.2000,2719.2000,2720.8000,1,1,1,1,4,1,2,6,1,4
SF,IH2012,2020-05-14 09:30:23.400,2711.4000,2213,0,5699100.000,0,-,-,-,-,2711.2000,2711.0000,2710.8000,2710.4000,2710.2000,2715.6000,2716.0000,2717.2000,2719.2000,2720.8000,1,1,1,4,1,1,2,6,1,4
SF,IH2012,2020-05-14 09:30:23.900,2711.4000,2213,0,5699100.000,0,-,-,-,-,2711.2000,2711.0000,2710.8000,2710.4000,2710.2000,2715.2000,2715.6000,2717.2000,2719.2000,2720.8000,1,1,1,4,1,2,1,6,1,4
SF,IH2012,2020-05-14 09:30:24.400,2711.4000,2213,0,5699100.000,0,-,-,-,-,2711.4000,2711.2000,2711.0000,2710.8000,2710.4000,2715.2000,2715.6000,2717.2000,2719.2000,2720.8000,1,1,1,1,4,2,1,6,1,4
SF,IH2012,2020-05-14 09:30:25.400,2711.4000,2213,0,5699100.000,0,-,-,-,-,2711.6000,2711.4000,2711.2000,2711.0000,2710.8000,2715.6000,2717.2000,2719.2000,2720.8000,2724.6000,1,1,1,1,1,1,6,1,4,1
SF,IH2012,2020-05-14 09:30:25.900,2711.4000,2213,0,5699100.000,0,-,-,-,-,2711.8000,2711.2000,2711.0000,2710.8000,2710.4000,2715.6000,2717.2000,2719.2000,2720.8000,2724.6000,1,1,1,1,4,1,6,1,4,1
SF,IH2012,2020-05-14 09:30:26.400,2711.4000,2213,0,5699100.000,0,-,-,-,-,2712.0000,2711.8000,2711.2000,2711.0000,2710.8000,2715.6000,2717.2000,2719.2000,2720.8000,2724.6000,1,1,1,1,1,1,6,1,4,1
SF,IH2012,2020-05-14 09:30:26.900,2711.4000,2213,0,5699100.000,0,-,-,-,-,2711.8000,2711.2000,2711.0000,2710.8000,2710.4000,2715.2000,2715.6000,2717.2000,2720.8000,2724.6000,1,1,1,1,4,1,1,6,4,1
SF,IH2012,2020-05-14 09:30:27.900,2711.4000,2213,0,5699100.000,0,-,-,-,-,2711.8000,2711.2000,2711.0000,2710.8000,2710.4000,2715.2000,2717.2000,2720.8000,2724.6000,2728.8000,1,1,1,1,4,1,6,4,1,1
SF,IH2012,2020-05-14 09:30:28.400,2711.4000,2213,0,5699100.000,0,-,-,-,-,2711.8000,2711.2000,2711.0000,2710.8000,2710.4000,2715.0000,2715.2000,2717.2000,2720.8000,2724.6000,1,1,1,1,4,1,1,6,4,1
SF,IH2012,2020-05-14 09:30:29.900,2711.4000,2213,0,5699100.000,0,-,-,-,-,2711.2000,2711.0000,2710.8000,2710.4000,2710.2000,2715.0000,2715.2000,2717.2000,2720.8000,2724.6000,1,1,1,4,2,1,1,6,4,1
SF,IH2012,2020-05-14 09:30:30.400,2711.4000,2213,0,5699100.000,0,-,-,-,-,2711.2000,2711.0000,2710.8000,2710.4000,2710.2000,2715.0000,2717.2000,2720.8000,2724.6000,2728.8000,1,1,1,4,2,1,6,4,1,1
SF,IH2012,2020-05-14 09:30:30.900,2711.4000,2213,0,5699100.000,0,-,-,-,-,2711.4000,2711.2000,2711.0000,2710.8000,2710.4000,2714.6000,2715.0000,2717.2000,2720.8000,2724.6000,1,1,1,1,4,2,1,6,4,1
SF,IH2012,2020-05-14 09:30:31.900,2711.4000,2213,0,5699100.000,0,-,-,-,-,2711.4000,2711.2000,2711.0000,2710.8000,2710.4000,2714.6000,2715.0000,2717.2000,2720.8000,2724.6000,1,1,1,1,4,2,1,6,4,1
SF,IH2012,2020-05-14 09:30:33.900,2711.4000,2213,0,5699100.000,0,-,-,-,-,2711.4000,2711.2000,2711.0000,2710.8000,2710.4000,2714.6000,2717.2000,2720.8000,2724.6000,2728.8000,1,1,1,1,4,2,6,4,1,1
SF,IH2012,2020-05-14 09:30:35.900,2711.4000,2213,0,5699100.000,0,-,-,-,-,2711.4000,2711.2000,2711.0000,2710.8000,2710.4000,2714.6000,2717.2000,2720.8000,2724.6000,2728.8000,1,1,1,1,5,2,6,4,1,1
SF,IH2012,2020-05-14 09:30:36.400,2711.4000,2213,0,5699100.000,0,-,-,-,-,2711.6000,2711.4000,2711.2000,2711.0000,2710.8000,2714.6000,2717.2000,2720.8000,2724.6000,2728.8000,1,1,1,1,1,2,6,4,1,1
SF,IH2012,2020-05-14 09:30:37.900,2711.4000,2213,0,5699100.000,0,-,-,-,-,2711.6000,2711.4000,2711.2000,2711.0000,2710.8000,2714.6000,2717.2000,2720.8000,2724.6000,2728.8000,1,1,1,2,1,2,6,4,1,1
SF,IH2012,2020-05-14 09:30:38.900,2711.4000,2213,0,5699100.000,0,-,-,-,-,2711.8000,2711.6000,2711.2000,2711.0000,2710.8000,2714.6000,2717.2000,2720.8000,2724.6000,2728.8000,1,1,1,2,1,2,6,4,1,1
SF,IH2012,2020-05-14 09:30:39.400,2711.4000,2213,0,5699100.000,0,-,-,-,-,2711.8000,2711.6000,2711.2000,2711.0000,2710.8000,2714.4000,2714.6000,2717.2000,2720.8000,2724.6000,1,1,1,2,1,1,2,6,4,1
SF,IH2012,2020-05-14 09:30:39.900,2714.4000,2212,-1,6513420.000,1,0,1,双平,S,2711.8000,2711.6000,2711.2000,2711.0000,2710.8000,2714.6000,2717.2000,2720.8000,2724.6000,2728.8000,1,1,1,2,1,2,6,4,1,1
SF,IH2012,2020-05-14 09:30:40.400,2714.4000,2212,0,6513420.000,0,-,-,-,-,2711.8000,2711.6000,2711.2000,2711.0000,2710.8000,2714.6000,2717.2000,2720.8000,2724.6000,2728.8000,1,1,1,2,1,2,6,4,1,1
SF,IH2012,2020-05-14 09:30:40.900,2714.4000,2212,0,6513420.000,0,-,-,-,-,2712.2000,2711.8000,2711.6000,2711.2000,2711.0000,2714.6000,2717.2000,2720.8000,2724.6000,2728.8000,1,1,1,1,2,2,6,4,1,1
SF,IH2012,2020-05-14 09:30:41.400,2714.4000,2212,0,6513420.000,0,-,-,-,-,2712.2000,2711.6000,2711.2000,2711.0000,2710.8000,2714.6000,2717.2000,2720.8000,2724.6000,2728.8000,1,1,1,2,1,2,6,4,1,1
SF,IH2012,2020-05-14 09:30:41.900,2714.4000,2212,0,6513420.000,0,-,-,-,-,2711.6000,2711.2000,2711.0000,2710.8000,2710.4000,2714.2000,2714.4000,2714.6000,2717.2000,2720.8000,1,1,2,1,4,1,1,2,6,4
SF,IH2012,2020-05-14 09:30:42.400,2714.4000,2212,0,6513420.000,0,-,-,-,-,2712.0000,2711.6000,2711.2000,2711.0000,2710.8000,2714.2000,2714.4000,2714.6000,2717.2000,2720.8000,1,1,1,2,1,1,1,2,6,4
SF,IH2012,2020-05-14 09:30:42.900,2714.4000,2212,0,6513420.000,0,-,-,-,-,2712.0000,2711.8000,2711.6000,2711.2000,2711.0000,2714.0000,2714.2000,2714.6000,2717.2000,2720.8000,1,1,1,1,2,1,1,2,6,4
SF,IH2012,2020-05-14 09:30:47.400,2714.4000,2212,0,6513420.000,0,-,-,-,-,2712.0000,2711.8000,2711.6000,2711.2000,2711.0000,2714.0000,2714.2000,2717.2000,2720.8000,2724.6000,1,1,1,1,2,1,1,6,4,1
SF,IH2012,2020-05-14 09:30:48.900,2714.4000,2212,0,6513420.000,0,-,-,-,-,2712.0000,2711.6000,2711.2000,2711.0000,2710.8000,2714.0000,2714.2000,2717.2000,2720.8000,2724.6000,1,1,1,2,1,1,1,6,4,1
SF,IH2012,2020-05-14 09:30:50.900,2714.4000,2212,0,6513420.000,0,-,-,-,-,2712.0000,2711.6000,2711.2000,2711.0000,2710.8000,2713.8000,2714.0000,2714.2000,2717.2000,2720.8000,1,1,1,2,1,1,1,1,6,4
SF,IH2012,2020-05-14 09:30:53.400,2712.0000,2213,1,7327020.000,1,1,0,双开,S,2711.6000,2711.2000,2711.0000,2710.8000,2710.4000,2713.8000,2714.0000,2714.2000,2717.2000,2720.8000,1,1,2,1,4,1,1,1,6,4
SF,IH2012,2020-05-14 09:30:53.900,2712.0000,2213,0,7327020.000,0,-,-,-,-,2711.6000,2711.2000,2711.0000,2710.8000,2710.4000,2713.4000,2713.8000,2714.0000,2714.2000,2717.2000,1,1,2,1,4,1,1,1,1,6
SF,IH2012,2020-05-14 09:30:55.400,2712.0000,2213,0,7327020.000,0,-,-,-,-,2711.6000,2711.2000,2711.0000,2710.8000,2710.4000,2713.4000,2714.2000,2717.2000,2720.8000,2724.6000,1,1,2,1,4,1,1,6,4,1
SF,IH2012,2020-05-14 09:30:55.900,2712.0000,2213,0,7327020.000,0,-,-,-,-,2711.6000,2711.2000,2711.0000,2710.8000,2710.4000,2714.2000,2717.2000,2720.8000,2724.6000,2728.8000,1,1,2,1,4,1,6,4,1,1
SF,IH2012,2020-05-14 09:30:57.400,2712.0000,2213,0,7327020.000,0,-,-,-,-,2711.6000,2711.2000,2711.0000,2710.8000,2710.4000,2714.0000,2717.2000,2720.8000,2724.6000,2728.8000,1,1,2,1,4,1,6,4,1,1
SF,IH2012,2020-05-14 09:30:58.400,2712.0000,2213,0,7327020.000,0,-,-,-,-,2711.6000,2711.2000,2711.0000,2710.8000,2710.4000,2713.8000,2714.0000,2717.2000,2720.8000,2724.6000,1,1,2,1,4,1,1,6,4,1
SF,IH2012,2020-05-14 09:30:58.900,2712.0000,2213,0,7327020.000,0,-,-,-,-,2711.6000,2711.2000,2711.0000,2710.8000,2710.4000,2713.8000,2717.2000,2720.8000,2724.6000,2728.8000,1,1,2,1,4,1,6,4,1,1
SF,IH2012,2020-05-14 09:31:00.400,2712.0000,2213,0,7327020.000,0,-,-,-,-,2711.6000,2711.2000,2711.0000,2710.8000,2710.4000,2713.0000,2713.8000,2717.2000,2720.8000,2724.6000,1,1,2,1,4,1,1,6,4,1
SF,IH2012,2020-05-14 09:31:02.900,2712.0000,2213,0,7327020.000,0,-,-,-,-,2711.6000,2711.2000,2711.0000,2710.8000,2710.4000,2713.0000,2717.2000,2720.8000,2724.6000,2728.8000,1,1,2,1,4,1,6,4,1,1
SF,IH2012,2020-05-14 09:31:03.400,2711.6000,2213,0,8140500.000,1,0,1,多换,S,2711.2000,2711.0000,2710.8000,2710.4000,2710.2000,2713.0000,2717.2000,2720.8000,2724.6000,2728.8000,1,1,1,4,2,1,6,4,1,1
SF,IH2012,2020-05-14 09:31:04.400,2711.2000,2213,0,8953860.000,1,0,1,多换,S,2711.0000,2710.8000,2710.4000,2710.2000,2710.0000,2713.0000,2717.2000,2720.8000,2724.6000,2728.8000,1,1,4,2,3,1,6,4,1,1
SF,IH2012,2020-05-14 09:31:04.900,2711.0000,2213,0,9767160.000,1,0,1,多换,S,2710.8000,2710.4000,2710.2000,2710.0000,2709.6000,2713.0000,2717.2000,2720.8000,2724.6000,2728.8000,1,4,2,3,1,1,6,4,1,1
SF,IH2012,2020-05-14 09:31:05.900,2711.0000,2213,0,9767160.000,0,-,-,-,-,2710.8000,2710.4000,2710.2000,2710.0000,2709.6000,2712.8000,2713.0000,2717.2000,2720.8000,2724.6000,1,4,2,3,1,1,1,6,4,1
SF,IH2012,2020-05-14 09:31:06.400,2711.0000,2213,0,9767160.000,0,-,-,-,-,2710.8000,2710.4000,2710.2000,2710.0000,2709.6000,2712.6000,2712.8000,2713.0000,2717.2000,2720.8000,1,4,2,3,1,1,1,1,6,4
SF,IH2012,2020-05-14 09:31:07.400,2710.8000,2214,1,10580400.000,1,1,0,双开,S,2710.4000,2710.2000,2710.0000,2709.6000,2709.2000,2712.6000,2712.8000,2713.0000,2717.2000,2720.8000,4,2,3,1,1,1,1,1,6,4
SF,IH2012,2020-05-14 09:31:07.900,2710.8000,2214,0,10580400.000,0,-,-,-,-,2710.4000,2710.2000,2710.0000,2709.6000,2709.2000,2712.4000,2712.6000,2713.0000,2717.2000,2720.8000,4,2,3,1,1,1,1,1,6,4
SF,IH2012,2020-05-14 09:31:08.400,2710.8000,2214,0,10580400.000,0,-,-,-,-,2710.4000,2710.2000,2710.0000,2709.6000,2709.2000,2712.4000,2713.0000,2717.2000,2724.6000,2728.8000,4,2,3,1,1,1,1,6,1,1
SF,IH2012,2020-05-14 09:31:10.900,2710.8000,2214,0,10580400.000,0,-,-,-,-,2710.4000,2710.2000,2710.0000,2709.6000,2709.2000,2713.0000,2717.2000,2724.6000,2728.8000,2729.0000,4,2,3,1,1,1,6,1,1,1
SF,IH2012,2020-05-14 09:31:11.400,2710.8000,2214,0,10580400.000,0,-,-,-,-,2712.0000,2710.4000,2710.2000,2710.0000,2709.6000,2713.0000,2717.2000,2724.6000,2728.8000,2729.0000,1,4,2,3,1,1,6,1,1,1
SF,IH2012,2020-05-14 09:31:11.900,2711.6000,2213,-1,11393880.000,1,0,1,双平,S,2710.4000,2710.2000,2710.0000,2709.6000,2709.2000,2712.0000,2713.0000,2717.2000,2724.6000,2728.8000,4,2,3,1,1,2,1,6,1,1
SF,IH2012,2020-05-14 09:31:12.900,2712.0000,2215,2,13021080.000,2,2,0,双开,S,2710.4000,2710.2000,2710.0000,2709.6000,2709.2000,2713.0000,2717.2000,2724.6000,2728.8000,2729.0000,4,2,3,1,1,1,6,1,1,1
SF,IH2012,2020-05-14 09:31:13.900,2712.0000,2215,0,13021080.000,0,-,-,-,-,2710.4000,2710.2000,2710.0000,2709.6000,2709.2000,2713.0000,2717.2000,2724.6000,2728.8000,2729.0000,4,2,3,1,1,1,6,1,1,1
SF,IH2012,2020-05-14 09:31:15.400,2712.0000,2215,0,13021080.000,0,-,-,-,-,2710.4000,2710.2000,2710.0000,2709.6000,2709.2000,2712.8000,2713.0000,2717.2000,2724.6000,2728.8000,4,2,3,1,1,1,1,6,1,1
SF,IH2012,2020-05-14 09:31:17.900,2712.0000,2215,0,13021080.000,0,-,-,-,-,2710.4000,2710.2000,2710.0000,2709.6000,2709.2000,2712.8000,2713.0000,2717.2000,2724.6000,2728.8000,1,2,3,1,1,1,1,6,1,1
SF,IH2012,2020-05-14 09:31:19.400,2712.0000,2215,0,13021080.000,0,-,-,-,-,2710.4000,2710.2000,2710.0000,2709.6000,2709.2000,2712.8000,2713.0000,2717.2000,2724.6000,2728.8000,1,2,3,1,1,1,1,6,1,1
SF,IH2012,2020-05-14 09:31:22.400,2712.0000,2215,0,13021080.000,0,-,-,-,-,2710.4000,2710.2000,2710.0000,2709.6000,2709.2000,2713.0000,2717.2000,2724.6000,2728.8000,2729.0000,1,2,3,1,1,1,6,1,1,1
SF,IH2012,2020-05-14 09:31:23.400,2712.0000,2215,0,13021080.000,0,-,-,-,-,2712.8000,2710.4000,2710.2000,2710.0000,2709.6000,2713.0000,2717.2000,2724.6000,2728.8000,2729.0000,3,1,2,3,1,1,6,1,1,1
SF,IH2012,2020-05-14 09:31:23.900,2712.8000,2213,-2,15462600.000,3,0,3,多平,S,2710.4000,2710.2000,2710.0000,2709.6000,2709.2000,2713.0000,2717.2000,2724.6000,2728.8000,2729.0000,1,2,3,1,1,1,6,1,1,1
SF,IH2012,2020-05-14 09:31:24.900,2712.8000,2213,0,15462600.000,0,-,-,-,-,2710.4000,2710.2000,2710.0000,2709.6000,2709.2000,2712.6000,2712.8000,2713.0000,2717.2000,2724.6000,1,2,3,1,1,1,1,1,6,1
SF,IH2012,2020-05-14 09:31:27.400,2712.8000,2213,0,15462600.000,0,-,-,-,-,2710.4000,2710.2000,2710.0000,2709.6000,2709.2000,2713.0000,2717.2000,2724.6000,2728.8000,2729.0000,1,2,3,1,1,1,6,1,1,1
SF,IH2012,2020-05-14 09:31:28.400,2712.8000,2213,0,15462600.000,0,-,-,-,-,2710.4000,2710.2000,2710.0000,2709.6000,2709.2000,2712.8000,2713.0000,2717.2000,2724.6000,2728.8000,1,2,3,1,1,2,1,6,1,1
SF,IH2012,2020-05-14 09:31:29.400,2712.8000,2213,0,15462600.000,0,-,-,-,-,2710.4000,2710.2000,2710.0000,2709.6000,2709.2000,2712.8000,2713.0000,2717.2000,2724.6000,2728.8000,1,3,3,1,1,2,1,6,1,1
SF,IH2012,2020-05-14 09:31:29.900,2712.8000,2213,0,15462600.000,0,-,-,-,-,2710.4000,2710.2000,2710.0000,2709.6000,2709.2000,2712.0000,2712.8000,2713.0000,2717.2000,2724.6000,1,3,3,1,1,1,2,1,6,1
SF,IH2012,2020-05-14 09:31:30.400,2712.8000,2213,0,15462600.000,0,-,-,-,-,2710.4000,2710.2000,2710.0000,2709.6000,2709.2000,2712.0000,2712.6000,2712.8000,2713.0000,2717.2000,1,3,3,1,1,1,1,2,1,6
SF,IH2012,2020-05-14 09:31:31.900,2712.8000,2213,0,15462600.000,0,-,-,-,-,2710.4000,2710.2000,2710.0000,2709.6000,2709.2000,2712.0000,2712.2000,2712.6000,2712.8000,2713.0000,1,3,3,1,1,1,1,1,2,1
SF,IH2012,2020-05-14 09:31:32.900,2712.8000,2213,0,15462600.000,0,-,-,-,-,2710.4000,2710.2000,2710.0000,2709.6000,2709.2000,2712.0000,2712.2000,2712.6000,2712.8000,2713.0000,1,3,3,1,1,1,1,2,2,1
SF,IH2012,2020-05-14 09:31:34.400,2712.8000,2213,0,15462600.000,0,-,-,-,-,2710.4000,2710.2000,2710.0000,2709.6000,2709.2000,2712.0000,2712.2000,2712.6000,2712.8000,2717.2000,1,3,3,1,1,1,1,2,2,6
SF,IH2012,2020-05-14 09:31:34.900,2712.8000,2213,0,15462600.000,0,-,-,-,-,2710.6000,2710.4000,2710.2000,2710.0000,2709.6000,2712.0000,2712.2000,2712.6000,2712.8000,2717.2000,1,1,3,3,1,1,1,2,2,6
SF,IH2012,2020-05-14 09:31:35.900,2712.8000,2213,0,15462600.000,0,-,-,-,-,2710.6000,2710.4000,2710.2000,2710.0000,2709.6000,2712.0000,2712.2000,2712.6000,2712.8000,2717.2000,1,1,3,3,1,1,1,1,2,6
SF,IH2012,2020-05-14 09:31:37.400,2712.8000,2213,0,15462600.000,0,-,-,-,-,2710.6000,2710.4000,2710.2000,2710.0000,2709.6000,2712.0000,2712.2000,2712.6000,2712.8000,2717.2000,1,1,2,3,1,1,1,1,2,6
SF,IH2012,2020-05-14 09:31:37.900,2712.8000,2213,0,15462600.000,0,-,-,-,-,2711.2000,2710.6000,2710.4000,2710.2000,2710.0000,2711.8000,2712.0000,2712.2000,2712.6000,2717.2000,1,1,1,2,3,1,1,1,1,6
SF,IH2012,2020-05-14 09:31:38.400,2711.2000,2213,0,16275960.000,1,0,1,多换,S,2710.6000,2710.4000,2710.2000,2710.0000,2709.6000,2711.8000,2712.0000,2712.2000,2712.6000,2717.2000,1,1,2,3,1,1,1,1,1,6
SF,IH2012,2020-05-14 09:31:39.400,2710.6000,2213,0,17089140.000,1,0,1,多换,S,2710.4000,2710.2000,2710.0000,2709.6000,2709.2000,2711.8000,2712.0000,2712.2000,2712.6000,2717.2000,1,2,3,1,1,1,1,1,1,6
SF,IH2012,2020-05-14 09:31:40.400,2710.6000,2213,0,17089140.000,0,-,-,-,-,2710.4000,2710.2000,2710.0000,2709.6000,2709.2000,2711.8000,2712.0000,2712.6000,2717.2000,2724.6000,1,2,3,1,1,1,1,1,6,1
SF,IH2012,2020-05-14 09:31:40.900,2710.6000,2213,0,17089140.000,0,-,-,-,-,2710.4000,2710.2000,2710.0000,2709.6000,2709.2000,2711.8000,2712.0000,2717.2000,2724.6000,2728.8000,1,2,3,1,1,1,1,6,1,1
SF,IH2012,2020-05-14 09:31:44.400,2710.6000,2213,0,17089140.000,0,-,-,-,-,2710.4000,2710.2000,2710.0000,2709.6000,2709.2000,2711.4000,2712.0000,2717.2000,2724.6000,2728.8000,1,2,3,1,1,1,1,6,1,1
SF,IH2012,2020-05-14 09:31:47.400,2711.4000,2213,0,17902560.000,1,0,1,多换,S,2710.4000,2710.2000,2710.0000,2709.6000,2709.2000,2712.0000,2717.2000,2724.6000,2728.8000,2729.0000,1,2,3,1,1,1,6,1,1,1
SF,IH2012,2020-05-14 09:31:47.900,2711.4000,2213,0,17902560.000,0,-,-,-,-,2710.6000,2710.4000,2710.2000,2710.0000,2709.6000,2712.0000,2717.2000,2724.6000,2728.8000,2729.0000,1,1,2,3,1,1,6,1,1,1
SF,IH2012,2020-05-14 09:31:49.900,2711.4000,2213,0,17902560.000,0,-,-,-,-,2711.0000,2710.6000,2710.4000,2710.2000,2710.0000,2712.0000,2717.2000,2724.6000,2728.8000,2729.0000,1,1,1,2,3,1,6,1,1,1
SF,IH2012,2020-05-14 09:31:50.400,2711.0000,2214,1,18715860.000,1,1,0,双开,S,2710.6000,2710.4000,2710.2000,2710.0000,2709.6000,2712.0000,2717.2000,2724.6000,2728.8000,2729.0000,1,1,2,3,1,1,6,1,1,1
SF,IH2012,2020-05-14 09:31:53.900,2711.0000,2214,0,18715860.000,0,-,-,-,-,2710.6000,2710.4000,2710.2000,2710.0000,2709.6000,2711.8000,2712.0000,2717.2000,2724.6000,2728.8000,1,1,2,3,1,1,1,6,1,1
SF,IH2012,2020-05-14 09:31:58.400,2710.6000,2215,1,19529040.000,1,1,0,双开,S,2710.4000,2710.2000,2710.0000,2709.6000,2709.2000,2711.8000,2712.0000,2717.2000,2724.6000,2728.8000,1,2,3,1,1,1,1,6,1,1
SF,IH2012,2020-05-14 09:31:58.900,2710.6000,2215,0,19529040.000,0,-,-,-,-,2710.4000,2710.2000,2710.0000,2709.6000,2709.2000,2711.6000,2711.8000,2712.0000,2717.2000,2724.6000,1,2,3,1,1,1,1,1,6,1
SF,IH2012,2020-05-14 09:31:59.900,2710.6000,2215,0,19529040.000,0,-,-,-,-,2710.4000,2710.2000,2710.0000,2709.6000,2709.2000,2711.4000,2711.6000,2711.8000,2712.0000,2717.2000,1,2,3,1,1,1,1,1,1,6
SF,IH2012,2020-05-14 09:32:02.400,2711.4000,2215,0,20342460.000,1,0,1,多换,S,2710.4000,2710.2000,2710.0000,2709.6000,2709.2000,2711.6000,2711.8000,2712.0000,2717.2000,2724.6000,1,2,3,1,1,1,1,1,6,1
SF,IH2012,2020-05-14 09:32:02.900,2711.4000,2215,0,20342460.000,0,-,-,-,-,2710.6000,2710.4000,2710.2000,2710.0000,2709.6000,2711.6000,2711.8000,2712.0000,2717.2000,2724.6000,1,1,2,3,1,1,1,1,6,1
SF,IH2012,2020-05-14 09:32:03.900,2711.4000,2215,0,20342460.000,0,-,-,-,-,2710.6000,2710.4000,2710.2000,2710.0000,2709.6000,2711.6000,2711.8000,2712.0000,2717.2000,2724.6000,1,1,2,3,1,1,1,1,6,1
SF,IH2012,2020-05-14 09:32:05.400,2711.4000,2215,0,20342460.000,0,-,-,-,-,2710.6000,2710.4000,2710.2000,2710.0000,2709.6000,2711.0000,2711.6000,2711.8000,2712.0000,2717.2000,1,1,2,3,1,1,1,1,1,6
SF,IH2012,2020-05-14 09:32:05.900,2711.0000,2215,0,21155760.000,1,0,1,多换,S,2710.6000,2710.4000,2710.2000,2710.0000,2709.6000,2711.6000,2711.8000,2712.0000,2717.2000,2724.6000,1,1,2,3,1,1,1,1,6,1
SF,IH2012,2020-05-14 09:32:07.900,2711.0000,2215,0,21155760.000,0,-,-,-,-,2711.0000,2710.6000,2710.4000,2710.2000,2710.0000,2711.6000,2711.8000,2712.0000,2717.2000,2724.6000,1,1,1,2,3,1,1,1,6,1
SF,IH2012,2020-05-14 09:32:09.900,2711.0000,2216,1,21969060.000,1,1,0,双开,S,2710.4000,2710.2000,2710.0000,2709.6000,2709.2000,2711.6000,2711.8000,2712.0000,2717.2000,2724.6000,1,2,3,1,1,1,1,1,6,1
SF,IH2012,2020-05-14 09:32:10.400,2711.0000,2216,0,21969060.000,0,-,-,-,-,2710.6000,2710.4000,2710.2000,2710.0000,2709.6000,2711.6000,2712.0000,2717.2000,2724.6000,2728.8000,2,1,2,3,1,1,1,6,1,1
SF,IH2012,2020-05-14 09:32:13.400,2711.6000,2217,1,22782540.000,1,1,0,双开,S,2710.6000,2710.4000,2710.2000,2710.0000,2709.6000,2712.0000,2717.2000,2724.6000,2728.8000,2729.0000,2,1,2,3,1,1,6,1,1,1
SF,IH2012,2020-05-14 09:32:13.900,2711.6000,2217,0,22782540.000,0,-,-,-,-,2710.6000,2710.4000,2710.2000,2710.0000,2709.6000,2711.4000,2712.0000,2717.2000,2724.6000,2728.8000,2,1,2,3,1,1,1,6,1,1
SF,IH2012,2020-05-14 09:32:14.400,2711.4000,2218,1,23595960.000,1,1,0,双开,S,2710.6000,2710.4000,2710.2000,2710.0000,2709.6000,2712.0000,2717.2000,2724.6000,2728.8000,2729.0000,1,1,2,3,1,1,6,1,1,1
SF,IH2012,2020-05-14 09:32:14.900,2712.0000,2218,0,24409560.000,1,0,1,多换,S,2710.6000,2710.4000,2710.2000,2710.0000,2709.6000,2717.2000,2724.6000,2728.8000,2729.0000,2729.2000,1,1,2,3,1,6,1,1,1,1
SF,IH2012,2020-05-14 09:32:15.400,2712.0000,2218,0,24409560.000,0,-,-,-,-,2710.6000,2710.4000,2710.2000,2710.0000,2709.6000,2717.0000,2717.2000,2724.6000,2728.8000,2729.0000,1,1,2,3,1,1,6,1,1,1
SF,IH2012,2020-05-14 09:32:15.900,2712.0000,2218,0,24409560.000,0,-,-,-,-,2710.6000,2710.4000,2710.2000,2710.0000,2709.6000,2713.0000,2716.6000,2717.0000,2724.6000,2728.8000,1,1,2,3,1,1,6,1,1,1
SF,IH2012,2020-05-14 09:32:16.400,2712.0000,2218,0,24409560.000,0,-,-,-,-,2711.0000,2710.6000,2710.4000,2710.2000,2710.0000,2712.8000,2713.0000,2716.6000,2724.6000,2728.8000,2,1,1,2,3,1,1,6,1,1
SF,IH2012,2020-05-14 09:32:16.900,2712.0000,2218,0,24409560.000,0,-,-,-,-,2711.2000,2711.0000,2710.4000,2710.2000,2710.0000,2712.8000,2713.0000,2716.6000,2724.6000,2728.8000,1,3,1,2,3,1,1,6,1,1
SF,IH2012,2020-05-14 09:32:17.400,2712.0000,2218,0,24409560.000,0,-,-,-,-,2711.2000,2711.0000,2710.4000,2710.2000,2710.0000,2712.8000,2716.6000,2724.6000,2728.8000,2729.0000,1,1,1,2,3,1,6,1,1,1
SF,IH2012,2020-05-14 09:32:17.900,2712.0000,2218,0,24409560.000,0,-,-,-,-,2711.2000,2711.0000,2710.4000,2710.2000,2710.0000,2712.6000,2716.6000,2724.6000,2728.8000,2729.0000,1,1,1,2,3,1,6,1,1,1
SF,IH2012,2020-05-14 09:32:19.900,2712.0000,2218,0,24409560.000,0,-,-,-,-,2711.2000,2711.0000,2710.4000,2710.2000,2710.0000,2712.0000,2712.4000,2712.6000,2716.6000,2724.6000,1,1,1,2,3,1,1,1,6,1
SF,IH2012,2020-05-14 09:32:20.400,2712.0000,2218,0,25223160.000,1,0,1,多换,S,2711.2000,2711.0000,2710.4000,2710.2000,2710.0000,2712.4000,2712.6000,2716.6000,2724.6000,2728.8000,1,1,1,2,3,1,1,6,1,1
SF,IH2012,2020-05-14 09:32:20.900,2712.0000,2218,0,25223160.000,0,-,-,-,-,2711.4000,2711.2000,2711.0000,2710.4000,2710.2000,2712.6000,2716.6000,2724.6000,2728.8000,2729.0000,1,1,1,1,2,1,6,1,1,1
SF,IH2012,2020-05-14 09:32:21.400,2712.0000,2218,0,25223160.000,0,-,-,-,-,2711.6000,2711.0000,2710.4000,2710.2000,2710.0000,2712.6000,2716.6000,2724.6000,2728.8000,2729.0000,1,1,1,2,3,1,6,1,1,1
SF,IH2012,2020-05-14 09:32:23.900,2712.6000,2219,1,26036940.000,1,1,0,双开,S,2711.6000,2711.0000,2710.4000,2710.2000,2710.0000,2716.6000,2724.6000,2728.8000,2729.0000,2729.2000,1,1,1,2,3,6,1,1,1,1
SF,IH2012,2020-05-14 09:32:25.400,2712.6000,2219,0,26036940.000,0,-,-,-,-,2711.6000,2711.0000,2710.4000,2710.2000,2710.0000,2713.8000,2716.6000,2724.6000,2728.8000,2729.0000,1,1,1,2,3,1,6,1,1,1
SF,IH2012,2020-05-14 09:32:25.900,2712.6000,2219,0,26036940.000,0,-,-,-,-,2711.6000,2711.0000,2710.4000,2710.2000,2710.0000,2713.6000,2713.8000,2716.6000,2724.6000,2728.8000,1,1,1,2,3,1,1,6,1,1
SF,IH2012,2020-05-14 09:32:26.400,2712.6000,2219,0,26036940.000,0,-,-,-,-,2711.8000,2711.6000,2711.0000,2710.4000,2710.2000,2713.6000,2716.6000,2724.6000,2728.8000,2729.0000,2,1,1,1,2,1,6,1,1,1
SF,IH2012,2020-05-14 09:32:26.900,2712.6000,2219,0,26036940.000,0,-,-,-,-,2712.0000,2711.8000,2711.0000,2710.4000,2710.2000,2716.6000,2724.6000,2728.8000,2729.0000,2729.2000,1,2,1,1,2,6,1,1,1,1
SF,IH2012,2020-05-14 09:32:27.400,2712.6000,2219,0,26036940.000,0,-,-,-,-,2712.0000,2711.0000,2710.4000,2710.2000,2710.0000,2716.4000,2716.6000,2724.6000,2728.8000,2729.0000,1,1,1,2,3,1,6,1,1,1
SF,IH2012,2020-05-14 09:32:27.900,2712.6000,2219,0,26036940.000,0,-,-,-,-,2712.0000,2711.0000,2710.4000,2710.2000,2710.0000,2715.0000,2716.0000,2716.4000,2724.6000,2728.8000,1,1,1,2,3,1,6,1,1,1
SF,IH2012,2020-05-14 09:32:28.400,2712.6000,2219,0,26036940.000,0,-,-,-,-,2712.0000,2711.0000,2710.4000,2710.2000,2710.0000,2714.8000,2715.0000,2715.2000,2716.0000,2724.6000,1,1,1,2,3,1,1,1,6,1
SF,IH2012,2020-05-14 09:32:28.900,2712.6000,2219,0,26036940.000,0,-,-,-,-,2712.0000,2711.0000,2710.4000,2710.2000,2710.0000,2714.6000,2714.8000,2715.0000,2716.0000,2724.6000,1,1,1,2,3,1,1,1,6,1
SF,IH2012,2020-05-14 09:32:29.400,2712.6000,2219,0,26036940.000,0,-,-,-,-,2712.0000,2711.0000,2710.4000,2710.2000,2710.0000,2714.4000,2714.6000,2715.0000,2716.0000,2724.6000,1,1,1,2,3,1,1,1,6,1
SF,IH2012,2020-05-14 09:32:29.900,2712.6000,2219,0,26036940.000,0,-,-,-,-,2712.0000,2711.0000,2710.4000,2710.2000,2710.0000,2714.4000,2716.0000,2724.6000,2728.8000,2729.0000,1,1,1,2,3,2,6,1,1,1
SF,IH2012,2020-05-14 09:32:30.400,2712.6000,2219,0,26036940.000,0,-,-,-,-,2712.4000,2712.0000,2711.0000,2710.4000,2710.2000,2714.2000,2714.4000,2716.0000,2724.6000,2728.8000,1,1,1,1,2,1,2,6,1,1
SF,IH2012,2020-05-14 09:32:30.900,2712.6000,2219,0,26036940.000,0,-,-,-,-,2712.6000,2712.4000,2711.0000,2710.4000,2710.2000,2713.8000,2714.2000,2714.4000,2716.0000,2724.6000,1,1,1,1,2,1,1,2,6,1
SF,IH2012,2020-05-14 09:32:31.400,2712.6000,2219,0,26036940.000,0,-,-,-,-,2712.6000,2712.4000,2711.0000,2710.4000,2710.2000,2713.8000,2714.2000,2714.4000,2716.0000,2724.6000,1,1,1,1,2,1,1,1,6,1
SF,IH2012,2020-05-14 09:32:31.900,2712.6000,2220,1,26850720.000,1,1,0,双开,S,2711.0000,2710.4000,2710.2000,2710.0000,2709.6000,2713.8000,2714.2000,2714.4000,2716.0000,2724.6000,1,1,2,3,1,1,1,1,6,1
SF,IH2012,2020-05-14 09:32:32.400,2712.6000,2220,0,26850720.000,0,-,-,-,-,2711.4000,2711.2000,2711.0000,2710.4000,2710.2000,2713.6000,2713.8000,2714.2000,2716.0000,2724.6000,2,1,1,1,2,1,1,1,6,1
SF,IH2012,2020-05-14 09:32:32.900,2712.6000,2220,0,26850720.000,0,-,-,-,-,2711.6000,2711.4000,2711.0000,2710.4000,2710.2000,2713.6000,2713.8000,2714.2000,2716.0000,2724.6000,1,2,1,1,2,1,1,1,6,1
SF,IH2012,2020-05-14 09:32:33.400,2712.6000,2220,0,26850720.000,0,-,-,-,-,2711.6000,2711.0000,2710.4000,2710.2000,2710.0000,2713.6000,2713.8000,2714.2000,2716.0000,2724.6000,1,1,1,2,3,1,1,1,6,1
SF,IH2012,2020-05-14 09:32:33.900,2712.6000,2220,0,26850720.000,0,-,-,-,-,2711.6000,2711.0000,2710.4000,2710.2000,2710.0000,2713.4000,2713.6000,2713.8000,2716.0000,2724.6000,1,1,1,2,3,1,1,1,6,1
SF,IH2012,2020-05-14 09:32:34.400,2712.6000,2220,0,26850720.000,0,-,-,-,-,2711.6000,2711.0000,2710.4000,2710.2000,2710.0000,2713.2000,2713.4000,2713.8000,2716.0000,2724.6000,1,1,1,2,3,1,1,1,6,1
SF,IH2012,2020-05-14 09:32:35.400,2712.6000,2220,0,26850720.000,0,-,-,-,-,2711.6000,2711.0000,2710.4000,2710.2000,2710.0000,2713.0000,2713.2000,2713.4000,2716.0000,2724.6000,1,1,1,2,3,1,1,1,6,1
SF,IH2012,2020-05-14 09:32:35.900,2712.6000,2220,0,26850720.000,0,-,-,-,-,2711.6000,2711.0000,2710.4000,2710.2000,2710.0000,2712.8000,2713.0000,2713.2000,2716.0000,2724.6000,1,1,1,2,3,1,1,1,6,1
SF,IH2012,2020-05-14 09:32:36.400,2712.6000,2220,0,26850720.000,0,-,-,-,-,2711.6000,2711.0000,2710.4000,2710.2000,2710.0000,2712.8000,2713.0000,2716.0000,2724.6000,2728.8000,1,1,1,2,3,2,1,6,1,1
SF,IH2012,2020-05-14 09:32:37.400,2712.6000,2220,0,26850720.000,0,-,-,-,-,2711.8000,2711.6000,2711.0000,2710.4000,2710.2000,2712.6000,2712.8000,2713.0000,2716.0000,2724.6000,1,1,1,1,2,1,1,1,6,1
SF,IH2012,2020-05-14 09:32:37.900,2712.6000,2220,0,27664500.000,1,0,1,多换,S,2711.6000,2711.0000,2710.4000,2710.2000,2710.0000,2712.8000,2713.0000,2716.0000,2724.6000,2728.8000,1,1,1,2,3,1,1,6,1,1
SF,IH2012,2020-05-14 09:32:38.400,2712.6000,2220,0,27664500.000,0,-,-,-,-,2711.8000,2711.6000,2711.0000,2710.4000,2710.2000,2713.0000,2716.0000,2724.6000,2728.8000,2729.0000,2,1,1,1,2,1,6,1,1,1
SF,IH2012,2020-05-14 09:32:38.900,2712.6000,2220,0,27664500.000,0,-,-,-,-,2712.0000,2711.0000,2710.4000,2710.2000,2710.0000,2713.0000,2716.0000,2724.6000,2728.8000,2729.0000,1,1,1,2,3,1,6,1,1,1
SF,IH2012,2020-05-14 09:32:39.400,2712.6000,2220,0,27664500.000,0,-,-,-,-,2712.0000,2711.0000,2710.4000,2710.2000,2710.0000,2716.0000,2724.6000,2728.8000,2729.0000,2729.2000,2,1,1,2,3,6,1,1,1,1
SF,IH2012,2020-05-14 09:32:39.900,2712.6000,2220,0,27664500.000,0,-,-,-,-,2712.0000,2711.0000,2710.4000,2710.2000,2710.0000,2715.8000,2716.0000,2724.6000,2728.8000,2729.0000,2,1,1,2,3,1,6,1,1,1
SF,IH2012,2020-05-14 09:32:40.400,2712.6000,2220,0,27664500.000,0,-,-,-,-,2712.0000,2711.0000,2710.4000,2710.2000,2710.0000,2715.4000,2715.8000,2724.6000,2728.8000,2729.0000,2,1,1,2,3,6,1,1,1,1
SF,IH2012,2020-05-14 09:32:40.900,2712.6000,2220,0,27664500.000,0,-,-,-,-,2712.0000,2711.0000,2710.4000,2710.2000,2710.0000,2714.0000,2715.2000,2715.4000,2724.6000,2728.8000,2,1,1,2,3,1,1,6,1,1
SF,IH2012,2020-05-14 09:32:41.400,2712.6000,2220,0,27664500.000,0,-,-,-,-,2712.0000,2711.0000,2710.4000,2710.2000,2710.0000,2713.8000,2714.0000,2715.4000,2724.6000,2728.8000,2,1,1,2,3,1,2,6,1,1
SF,IH2012,2020-05-14 09:32:42.900,2712.6000,2220,0,27664500.000,0,-,-,-,-,2712.0000,2711.0000,2710.4000,2710.2000,2710.0000,2713.6000,2713.8000,2714.0000,2715.4000,2724.6000,2,1,1,2,3,1,1,1,6,1
SF,IH2012,2020-05-14 09:32:43.400,2712.6000,2220,0,27664500.000,0,-,-,-,-,2712.0000,2711.0000,2710.4000,2710.2000,2710.0000,2713.4000,2713.6000,2714.0000,2715.4000,2724.6000,2,1,1,2,3,1,1,1,6,1
SF,IH2012,2020-05-14 09:32:44.400,2712.6000,2220,0,27664500.000,0,-,-,-,-,2712.0000,2711.0000,2710.4000,2710.2000,2710.0000,2713.2000,2713.4000,2713.6000,2715.4000,2724.6000,2,1,1,2,3,1,1,1,6,1
SF,IH2012,2020-05-14 09:32:44.900,2712.6000,2220,0,27664500.000,0,-,-,-,-,2712.2000,2712.0000,2711.0000,2710.4000,2710.2000,2713.2000,2713.4000,2715.4000,2724.6000,2728.8000,2,2,1,1,2,1,1,6,1,1
SF,IH2012,2020-05-14 09:32:45.400,2712.6000,2220,0,27664500.000,0,-,-,-,-,2712.4000,2712.2000,2712.0000,2711.0000,2710.4000,2713.2000,2713.4000,2715.4000,2724.6000,2728.8000,1,2,1,1,1,1,1,6,1,1
SF,IH2012,2020-05-14 09:32:49.900,2712.6000,2220,0,27664500.000,0,-,-,-,-,2712.4000,2712.0000,2711.0000,2710.4000,2710.2000,2713.2000,2713.4000,2715.4000,2724.6000,2728.8000,1,1,1,1,2,1,1,6,1,1
SF,IH2012,2020-05-14 09:32:50.400,2712.6000,2220,0,27664500.000,0,-,-,-,-,2712.4000,2712.0000,2711.0000,2710.4000,2710.2000,2713.2000,2715.4000,2724.6000,2728.8000,2729.0000,1,1,1,1,2,1,6,1,1,1
SF,IH2012,2020-05-14 09:32:51.400,2713.2000,2221,1,28478460.000,1,1,0,双开,S,2712.4000,2712.0000,2711.0000,2710.4000,2710.2000,2715.4000,2724.6000,2728.8000,2729.0000,2729.2000,1,1,1,1,2,6,1,1,1,1
SF,IH2012,2020-05-14 09:32:51.900,2713.2000,2221,0,28478460.000,0,-,-,-,-,2712.4000,2712.0000,2711.0000,2710.4000,2710.2000,2713.0000,2715.4000,2724.6000,2728.8000,2729.0000,1,1,1,1,2,1,6,1,1,1
SF,IH2012,2020-05-14 09:32:52.400,2713.0000,2221,0,29292360.000,1,0,1,多换,S,2712.4000,2712.0000,2711.0000,2710.4000,2710.2000,2715.4000,2724.6000,2728.8000,2729.0000,2729.2000,1,1,1,1,2,6,1,1,1,1
SF,IH2012,2020-05-14 09:32:52.900,2713.0000,2221,0,29292360.000,0,-,-,-,-,2712.4000,2712.0000,2711.0000,2710.4000,2710.2000,2713.8000,2715.4000,2724.6000,2728.8000,2729.0000,1,1,1,1,2,1,6,1,1,1
SF,IH2012,2020-05-14 09:32:54.400,2713.0000,2221,0,29292360.000,0,-,-,-,-,2712.4000,2712.0000,2711.0000,2710.4000,2710.2000,2713.8000,2715.0000,2715.4000,2724.6000,2728.8000,1,1,1,1,2,1,1,6,1,1
SF,IH2012,2020-05-14 09:32:54.900,2713.0000,2221,0,29292360.000,0,-,-,-,-,2712.4000,2712.0000,2711.0000,2710.4000,2710.2000,2713.6000,2713.8000,2715.0000,2715.4000,2724.6000,1,1,1,1,2,1,1,1,6,1
SF,IH2012,2020-05-14 09:32:55.400,2713.0000,2221,0,29292360.000,0,-,-,-,-,2712.6000,2712.4000,2712.0000,2711.0000,2710.4000,2713.6000,2713.8000,2715.0000,2715.4000,2724.6000,1,1,1,1,1,1,1,1,6,1
SF,IH2012,2020-05-14 09:32:55.900,2712.4000,2222,1,30919860.000,2,1,1,空开,S,2712.0000,2711.0000,2710.4000,2710.2000,2710.0000,2712.6000,2713.6000,2713.8000,2715.0000,2715.4000,1,1,1,2,3,1,1,1,1,6
SF,IH2012,2020-05-14 09:32:56.400,2712.4000,2222,0,30919860.000,0,-,-,-,-,2712.0000,2711.0000,2710.4000,2710.2000,2710.0000,2713.4000,2713.6000,2714.0000,2715.0000,2715.4000,1,1,1,2,3,1,1,1,1,6
SF,IH2012,2020-05-14 09:32:56.900,2712.4000,2222,0,30919860.000,0,-,-,-,-,2712.0000,2711.0000,2710.4000,2710.2000,2710.0000,2713.2000,2713.4000,2714.0000,2715.0000,2715.2000,1,1,1,2,3,1,1,1,1,1
SF,IH2012,2020-05-14 09:32:58.400,2712.0000,2222,0,31733460.000,1,0,1,多换,S,2711.0000,2710.4000,2710.2000,2710.0000,2709.6000,2713.0000,2713.2000,2713.4000,2714.0000,2715.0000,1,1,2,3,1,2,1,1,1,1
SF,IH2012,2020-05-14 09:32:58.900,2712.0000,2222,0,31733460.000,0,-,-,-,-,2711.2000,2711.0000,2710.4000,2710.2000,2710.0000,2712.8000,2713.0000,2713.4000,2714.0000,2715.0000,2,1,1,2,3,1,1,1,1,1
SF,IH2012,2020-05-14 09:32:59.400,2712.0000,2222,0,31733460.000,0,-,-,-,-,2711.4000,2711.2000,2711.0000,2710.4000,2710.2000,2712.8000,2713.0000,2713.4000,2714.0000,2715.0000,1,1,1,1,2,1,1,1,1,1
SF,IH2012,2020-05-14 09:33:00.400,2712.0000,2222,0,31733460.000,0,-,-,-,-,2711.4000,2711.2000,2711.0000,2710.4000,2710.2000,2712.0000,2712.6000,2712.8000,2713.0000,2714.0000,1,1,1,1,2,1,1,1,1,1
SF,IH2012,2020-05-14 09:33:02.400,2712.0000,2222,0,31733460.000,0,-,-,-,-,2711.4000,2711.2000,2711.0000,2710.4000,2710.2000,2712.0000,2712.8000,2713.0000,2714.0000,2715.0000,1,1,1,1,2,1,1,1,1,1
SF,IH2012,2020-05-14 09:33:02.900,2712.0000,2222,0,32547060.000,1,0,1,多换,S,2712.0000,2711.4000,2711.2000,2711.0000,2710.4000,2712.8000,2713.0000,2714.0000,2715.0000,2715.4000,1,1,1,1,1,1,1,1,1,6
SF,IH2012,2020-05-14 09:33:03.400,2712.0000,2222,0,32547060.000,0,-,-,-,-,2711.2000,2711.0000,2710.4000,2710.2000,2710.0000,2712.8000,2713.0000,2714.0000,2715.0000,2715.4000,1,2,1,2,3,1,1,1,1,6
SF,IH2012,2020-05-14 09:33:03.900,2712.0000,2222,0,32547060.000,0,-,-,-,-,2711.4000,2711.2000,2711.0000,2710.4000,2710.2000,2712.8000,2713.0000,2714.0000,2715.0000,2715.4000,1,1,2,1,3,1,1,1,1,6
SF,IH2012,2020-05-14 09:33:05.400,2712.0000,2222,0,32547060.000,0,-,-,-,-,2711.4000,2711.2000,2711.0000,2710.4000,2710.2000,2712.6000,2712.8000,2714.0000,2715.0000,2715.4000,1,1,2,1,3,1,1,1,1,6
SF,IH2012,2020-05-14 09:33:05.900,2712.0000,2222,0,32547060.000,0,-,-,-,-,2711.2000,2711.0000,2710.4000,2710.2000,2710.0000,2712.6000,2712.8000,2714.0000,2715.0000,2715.4000,1,2,1,3,3,1,1,1,1,6
SF,IH2012,2020-05-14 09:33:06.400,2712.0000,2222,0,32547060.000,0,-,-,-,-,2711.2000,2711.0000,2710.4000,2710.2000,2710.0000,2712.4000,2712.6000,2714.0000,2715.0000,2715.4000,1,2,1,3,3,1,1,1,1,6
SF,IH2012,2020-05-14 09:33:06.900,2712.0000,2222,0,32547060.000,0,-,-,-,-,2711.4000,2711.2000,2711.0000,2710.4000,2710.2000,2712.4000,2712.6000,2714.0000,2715.0000,2715.4000,1,1,2,1,3,1,1,1,1,6
SF,IH2012,2020-05-14 09:33:08.900,2712.0000,2222,0,32547060.000,0,-,-,-,-,2711.4000,2711.2000,2711.0000,2710.4000,2710.2000,2712.4000,2714.0000,2715.0000,2715.4000,2724.6000,1,1,2,1,3,1,1,1,6,1
SF,IH2012,2020-05-14 09:33:13.400,2712.0000,2222,0,32547060.000,0,-,-,-,-,2711.4000,2711.2000,2711.0000,2710.4000,2710.2000,2712.2000,2712.4000,2714.0000,2715.0000,2715.4000,1,1,2,1,3,1,1,1,1,6
SF,IH2012,2020-05-14 09:33:13.900,2712.0000,2222,0,32547060.000,0,-,-,-,-,2711.0000,2710.4000,2710.2000,2710.0000,2709.6000,2712.2000,2712.4000,2714.0000,2715.0000,2715.4000,2,1,3,3,1,1,1,1,1,6
SF,IH2012,2020-05-14 09:33:14.400,2712.0000,2222,0,32547060.000,0,-,-,-,-,2711.0000,2710.4000,2710.2000,2710.0000,2709.6000,2712.0000,2712.2000,2714.0000,2715.0000,2715.4000,2,1,3,3,1,1,1,1,1,6
SF,IH2012,2020-05-14 09:33:15.400,2712.0000,2222,0,32547060.000,0,-,-,-,-,2711.0000,2710.4000,2710.2000,2710.0000,2709.6000,2711.8000,2712.0000,2712.2000,2714.0000,2715.0000,2,1,3,3,1,1,1,1,1,1
SF,IH2012,2020-05-14 09:33:17.400,2711.0000,2223,1,33360360.000,1,1,0,双开,S,2711.0000,2710.4000,2710.2000,2710.0000,2709.6000,2711.8000,2712.0000,2712.2000,2714.0000,2715.0000,1,1,3,3,1,1,1,1,1,1
SF,IH2012,2020-05-14 09:33:18.400,2711.0000,2223,0,33360360.000,0,-,-,-,-,2710.4000,2710.2000,2710.0000,2709.6000,2709.2000,2711.8000,2712.0000,2712.2000,2714.0000,2715.0000,1,3,3,1,2,1,1,1,1,1
SF,IH2012,2020-05-14 09:33:18.900,2711.0000,2223,0,33360360.000,0,-,-,-,-,2710.6000,2710.4000,2710.2000,2710.0000,2709.6000,2711.6000,2711.8000,2712.2000,2714.0000,2715.0000,1,1,3,3,1,1,1,1,1,1
SF,IH2012,2020-05-14 09:33:19.400,2711.0000,2223,0,33360360.000,0,-,-,-,-,2710.6000,2710.4000,2710.2000,2710.0000,2709.6000,2711.6000,2711.8000,2712.2000,2715.0000,2715.4000,1,1,3,3,1,1,1,1,1,6
SF,IH2012,2020-05-14 09:33:22.900,2711.0000,2223,0,33360360.000,0,-,-,-,-,2710.6000,2710.4000,2710.2000,2710.0000,2709.6000,2711.6000,2712.2000,2715.0000,2715.4000,2724.6000,1,1,3,3,1,1,1,1,6,1
SF,IH2012,2020-05-14 09:33:29.400,2711.0000,2223,0,33360360.000,0,-,-,-,-,2710.6000,2710.4000,2710.2000,2710.0000,2709.6000,2711.6000,2715.0000,2715.4000,2724.6000,2728.8000,1,1,3,3,1,1,1,6,1,1
SF,IH2012,2020-05-14 09:33:29.900,2711.0000,2223,0,33360360.000,0,-,-,-,-,2710.6000,2710.4000,2710.2000,2710.0000,2709.6000,2715.0000,2715.4000,2724.6000,2728.8000,2729.0000,1,1,3,3,1,1,6,1,1,1
SF,IH2012,2020-05-14 09:33:30.400,2711.0000,2223,0,33360360.000,0,-,-,-,-,2710.6000,2710.4000,2710.2000,2710.0000,2709.6000,2714.6000,2714.8000,2715.0000,2724.6000,2728.8000,1,1,3,3,1,6,1,1,1,1
SF,IH2012,2020-05-14 09:33:30.900,2711.0000,2223,0,33360360.000,0,-,-,-,-,2710.6000,2710.4000,2710.2000,2710.0000,2709.6000,2714.4000,2714.6000,2715.0000,2724.6000,2728.8000,1,1,3,3,1,1,6,1,1,1
SF,IH2012,2020-05-14 09:33:31.400,2711.0000,2223,0,33360360.000,0,-,-,-,-,2710.6000,2710.4000,2710.2000,2710.0000,2709.6000,2713.6000,2714.0000,2714.4000,2715.0000,2724.6000,1,1,3,3,1,1,6,1,1,1
SF,IH2012,2020-05-14 09:33:31.900,2711.0000,2223,0,33360360.000,0,-,-,-,-,2710.6000,2710.4000,2710.2000,2710.0000,2709.6000,2713.4000,2713.6000,2714.0000,2715.0000,2724.6000,1,1,3,3,1,1,1,6,1,1
SF,IH2012,2020-05-14 09:33:32.400,2711.0000,2223,0,33360360.000,0,-,-,-,-,2710.6000,2710.4000,2710.2000,2710.0000,2709.6000,2713.0000,2713.4000,2713.6000,2714.0000,2715.0000,1,1,3,3,1,1,1,1,6,1
SF,IH2012,2020-05-14 09:33:33.900,2711.0000,2223,0,33360360.000,0,-,-,-,-,2710.6000,2710.4000,2710.2000,2710.0000,2709.6000,2712.8000,2713.0000,2713.4000,2714.0000,2715.0000,1,1,3,3,1,1,1,1,6,1
SF,IH2012,2020-05-14 09:33:34.400,2711.0000,2223,0,33360360.000,0,-,-,-,-,2710.6000,2710.4000,2710.2000,2710.0000,2709.6000,2712.6000,2712.8000,2713.0000,2714.0000,2715.0000,1,1,3,3,1,1,1,1,6,1
SF,IH2012,2020-05-14 09:33:34.900,2711.0000,2223,0,33360360.000,0,-,-,-,-,2710.6000,2710.4000,2710.2000,2710.0000,2709.6000,2712.4000,2712.6000,2712.8000,2714.0000,2715.0000,1,1,3,3,1,1,1,1,6,1
SF,IH2012,2020-05-14 09:33:35.400,2710.6000,2224,1,34173540.000,1,1,0,双开,S,2710.4000,2710.2000,2710.0000,2709.6000,2709.2000,2712.4000,2712.6000,2712.8000,2714.0000,2715.0000,1,3,3,1,2,1,1,1,6,1
SF,IH2012,2020-05-14 09:33:35.900,2710.6000,2224,0,34173540.000,0,-,-,-,-,2710.6000,2710.4000,2710.2000,2710.0000,2709.6000,2712.2000,2714.0000,2715.0000,2724.6000,2729.0000,1,1,3,3,1,4,6,1,1,1
SF,IH2012,2020-05-14 09:33:36.400,2710.6000,2224,0,34173540.000,0,-,-,-,-,2710.6000,2710.4000,2710.2000,2710.0000,2709.6000,2712.0000,2712.2000,2714.0000,2715.0000,2724.6000,1,1,3,3,1,1,3,6,1,1
SF,IH2012,2020-05-14 09:33:36.900,2710.6000,2224,0,34173540.000,0,-,-,-,-,2710.4000,2710.2000,2710.0000,2709.6000,2709.2000,2711.8000,2712.0000,2712.2000,2714.0000,2715.0000,1,3,3,1,2,1,1,2,6,1
SF,IH2012,2020-05-14 09:33:37.400,2710.6000,2224,0,34173540.000,0,-,-,-,-,2710.4000,2710.2000,2710.0000,2709.6000,2709.2000,2711.8000,2712.0000,2714.0000,2715.0000,2724.6000,1,3,3,1,2,1,1,6,1,1
SF,IH2012,2020-05-14 09:33:39.900,2710.6000,2224,0,34173540.000,0,-,-,-,-,2710.4000,2710.2000,2710.0000,2709.6000,2709.2000,2711.6000,2711.8000,2712.0000,2714.0000,2715.0000,1,3,3,1,2,1,1,1,6,1
SF,IH2012,2020-05-14 09:33:40.400,2710.6000,2224,0,34173540.000,0,-,-,-,-,2710.4000,2710.2000,2710.0000,2709.6000,2709.2000,2711.4000,2711.6000,2712.0000,2714.0000,2715.0000,1,3,3,1,2,1,1,1,6,1
SF,IH2012,2020-05-14 09:33:40.900,2710.6000,2224,0,34173540.000,0,-,-,-,-,2710.4000,2710.2000,2710.0000,2709.6000,2709.2000,2711.4000,2711.6000,2714.0000,2715.0000,2724.6000,1,3,3,1,2,1,1,6,1,1
SF,IH2012,2020-05-14 09:33:42.900,2710.6000,2224,0,34173540.000,0,-,-,-,-,2710.4000,2710.2000,2710.0000,2709.6000,2709.2000,2711.4000,2714.0000,2715.0000,2724.6000,2729.0000,1,3,3,1,2,1,6,1,1,1
SF,IH2012,2020-05-14 09:33:43.400,2710.6000,2224,0,34173540.000,0,-,-,-,-,2711.4000,2710.6000,2710.4000,2710.2000,2710.0000,2714.0000,2715.0000,2724.6000,2729.0000,2729.2000,1,1,1,3,3,6,1,1,1,1
SF,IH2012,2020-05-14 09:33:43.900,2710.6000,2224,0,34173540.000,0,-,-,-,-,2711.4000,2710.6000,2710.4000,2710.2000,2710.0000,2712.8000,2713.8000,2714.0000,2715.0000,2724.6000,1,1,1,3,3,1,1,6,1,1
SF,IH2012,2020-05-14 09:33:44.400,2710.6000,2224,0,34173540.000,0,-,-,-,-,2711.4000,2710.6000,2710.4000,2710.2000,2710.0000,2712.6000,2712.8000,2714.0000,2715.0000,2724.6000,1,1,1,3,3,1,1,6,1,1
SF,IH2012,2020-05-14 09:33:44.900,2710.6000,2224,0,34173540.000,0,-,-,-,-,2711.4000,2710.6000,2710.4000,2710.2000,2710.0000,2712.4000,2712.6000,2712.8000,2714.0000,2715.0000,1,1,1,3,3,1,1,1,6,1
SF,IH2012,2020-05-14 09:33:45.400,2711.4000,2225,1,34986960.000,1,1,0,双开,S,2710.6000,2710.4000,2710.2000,2710.0000,2709.6000,2711.4000,2712.2000,2712.4000,2712.8000,2714.0000,1,1,3,3,1,1,2,1,1,6
SF,IH2012,2020-05-14 09:33:45.900,2711.4000,2225,0,34986960.000,0,-,-,-,-,2710.6000,2710.4000,2710.2000,2710.0000,2709.6000,2711.4000,2712.2000,2712.8000,2714.0000,2715.0000,1,1,3,3,1,1,3,1,6,1
SF,IH2012,2020-05-14 09:33:46.400,2711.4000,2225,0,34986960.000,0,-,-,-,-,2710.4000,2710.2000,2710.0000,2709.6000,2709.2000,2712.2000,2712.8000,2714.0000,2724.6000,2729.0000,1,3,3,1,2,2,1,6,1,1
SF,IH2012,2020-05-14 09:33:46.900,2711.4000,2225,0,34986960.000,0,-,-,-,-,2710.4000,2710.2000,2710.0000,2709.6000,2709.2000,2710.6000,2712.2000,2712.8000,2714.0000,2724.6000,1,3,3,1,2,1,2,1,6,1
SF,IH2012,2020-05-14 09:33:47.400,2710.6000,2225,0,35800140.000,1,0,1,多换,S,2710.4000,2710.2000,2710.0000,2709.6000,2709.2000,2712.2000,2712.8000,2714.0000,2724.6000,2729.0000,1,3,3,1,2,2,1,6,1,1
SF,IH2012,2020-05-14 09:33:47.900,2710.6000,2225,0,35800140.000,0,-,-,-,-,2710.6000,2710.4000,2710.2000,2710.0000,2709.6000,2712.2000,2712.8000,2714.0000,2724.6000,2729.0000,1,1,3,3,1,2,1,6,1,1
SF,IH2012,2020-05-14 09:33:48.900,2710.6000,2225,0,35800140.000,0,-,-,-,-,2710.8000,2710.6000,2710.4000,2710.2000,2710.0000,2712.2000,2714.0000,2724.6000,2729.0000,2729.2000,1,1,1,3,3,2,6,1,1,1
SF,IH2012,2020-05-14 09:33:49.400,2710.6000,2225,0,35800140.000,0,-,-,-,-,2711.0000,2710.8000,2710.4000,2710.2000,2710.0000,2712.2000,2714.0000,2724.6000,2729.0000,2729.2000,1,1,1,3,3,2,6,1,1,1
SF,IH2012,2020-05-14 09:33:49.900,2710.6000,2225,0,35800140.000,0,-,-,-,-,2711.0000,2710.8000,2710.4000,2710.2000,2710.0000,2712.2000,2714.0000,2724.6000,2729.0000,2729.2000,1,1,1,3,3,2,5,1,1,1
SF,IH2012,2020-05-14 09:33:50.900,2710.6000,2225,0,35800140.000,0,-,-,-,-,2711.0000,2710.4000,2710.2000,2710.0000,2709.6000,2712.2000,2714.0000,2724.6000,2729.0000,2729.2000,1,1,3,3,1,2,5,1,1,1
SF,IH2012,2020-05-14 09:33:51.900,2710.6000,2225,0,35800140.000,0,-,-,-,-,2711.0000,2710.4000,2710.2000,2710.0000,2709.6000,2712.0000,2712.2000,2714.0000,2724.6000,2729.0000,1,1,3,3,1,1,2,5,1,1
SF,IH2012,2020-05-14 09:33:52.400,2710.6000,2225,0,35800140.000,0,-,-,-,-,2710.4000,2710.2000,2710.0000,2709.6000,2709.2000,2711.8000,2712.0000,2712.2000,2714.0000,2724.6000,1,3,3,1,2,1,1,1,5,1
SF,IH2012,2020-05-14 09:33:52.900,2710.6000,2225,0,35800140.000,0,-,-,-,-,2710.4000,2710.2000,2710.0000,2709.6000,2709.2000,2711.8000,2712.0000,2712.2000,2714.0000,2724.6000,1,3,3,1,2,1,1,1,5,1
SF,IH2012,2020-05-14 09:33:53.400,2710.6000,2225,0,35800140.000,0,-,-,-,-,2710.6000,2710.4000,2710.2000,2710.0000,2709.6000,2711.8000,2712.0000,2712.2000,2714.0000,2724.6000,1,1,3,3,1,1,1,1,5,1
SF,IH2012,2020-05-14 09:33:53.900,2710.6000,2225,0,35800140.000,0,-,-,-,-,2710.8000,2710.6000,2710.4000,2710.2000,2710.0000,2711.8000,2714.0000,2724.6000,2729.0000,2729.2000,1,1,1,3,3,1,5,1,1,1
SF,IH2012,2020-05-14 09:33:54.400,2710.6000,2225,0,35800140.000,0,-,-,-,-,2710.8000,2710.6000,2710.4000,2710.2000,2710.0000,2711.8000,2724.6000,2729.0000,2729.2000,2730.6000,1,1,1,3,3,1,1,1,1,1
SF,IH2012,2020-05-14 09:34:00.400,2710.8000,2226,1,36613380.000,1,1,0,双开,S,2710.6000,2710.4000,2710.2000,2710.0000,2709.6000,2710.8000,2711.8000,2724.6000,2729.0000,2729.2000,1,1,3,3,1,1,1,1,1,1
SF,IH2012,2020-05-14 09:34:00.900,2710.8000,2227,1,37426620.000,1,1,0,双开,S,2710.6000,2710.4000,2710.2000,2710.0000,2709.6000,2711.8000,2724.6000,2729.0000,2729.2000,2730.6000,1,1,3,3,1,1,1,1,1,1
SF,IH2012,2020-05-14 09:34:01.400,2710.8000,2227,0,37426620.000,0,-,-,-,-,2710.6000,2710.4000,2710.2000,2710.0000,2709.6000,2711.6000,2711.8000,2724.6000,2729.0000,2729.2000,1,1,3,3,1,1,1,1,1,1
SF,IH2012,2020-05-14 09:34:10.400,2710.8000,2227,0,37426620.000,0,-,-,-,-,2710.6000,2710.4000,2710.2000,2710.0000,2709.6000,2711.8000,2724.6000,2729.0000,2729.2000,2730.6000,1,1,3,3,1,1,1,1,1,1
SF,IH2012,2020-05-14 09:34:10.900,2710.8000,2227,0,37426620.000,0,-,-,-,-,2710.8000,2710.6000,2710.4000,2710.2000,2710.0000,2711.8000,2724.6000,2729.0000,2729.2000,2730.6000,2,1,1,3,3,1,1,1,1,1
SF,IH2012,2020-05-14 09:34:11.400,2711.8000,2228,1,38240160.000,1,1,0,双开,S,2710.8000,2710.6000,2710.4000,2710.2000,2710.0000,2724.6000,2729.0000,2729.2000,2730.6000,2733.8000,2,1,1,3,3,1,1,1,1,2
SF,IH2012,2020-05-14 09:34:11.900,2711.8000,2228,0,38240160.000,0,-,-,-,-,2711.0000,2710.8000,2710.4000,2710.2000,2710.0000,2713.8000,2721.4000,2724.2000,2724.4000,2724.6000,1,1,1,3,3,1,4,4,2,1
SF,IH2012,2020-05-14 09:34:12.400,2711.8000,2228,0,38240160.000,0,-,-,-,-,2711.2000,2711.0000,2710.4000,2710.2000,2710.0000,2713.4000,2713.6000,2713.8000,2721.4000,2724.4000,1,1,1,3,3,1,1,1,4,1
SF,IH2012,2020-05-14 09:34:12.900,2711.8000,2228,0,38240160.000,0,-,-,-,-,2711.2000,2711.0000,2710.4000,2710.2000,2710.0000,2713.2000,2713.4000,2713.8000,2721.4000,2724.4000,1,1,1,3,3,1,1,1,4,1
SF,IH2012,2020-05-14 09:34:13.400,2711.8000,2228,0,38240160.000,0,-,-,-,-,2711.2000,2711.0000,2710.4000,2710.2000,2710.0000,2713.0000,2713.2000,2713.8000,2721.4000,2724.4000,1,1,1,3,3,2,1,1,4,1
SF,IH2012,2020-05-14 09:34:13.900,2711.8000,2228,0,38240160.000,0,-,-,-,-,2711.2000,2711.0000,2710.4000,2710.2000,2710.0000,2712.8000,2713.0000,2713.8000,2715.2000,2724.4000,1,1,1,3,3,1,2,1,1,1
SF,IH2012,2020-05-14 09:34:14.400,2711.8000,2228,0,38240160.000,0,-,-,-,-,2711.2000,2711.0000,2710.4000,2710.2000,2710.0000,2712.8000,2713.8000,2715.2000,2724.4000,2724.6000,1,1,1,3,3,1,1,1,1,1
SF,IH2012,2020-05-14 09:34:17.400,2711.8000,2228,0,38240160.000,0,-,-,-,-,2711.2000,2711.0000,2710.6000,2710.4000,2710.2000,2712.8000,2713.8000,2715.2000,2724.4000,2724.6000,1,1,1,1,3,1,1,1,1,1
SF,IH2012,2020-05-14 09:34:17.900,2711.8000,2228,0,38240160.000,0,-,-,-,-,2711.2000,2710.6000,2710.4000,2710.2000,2710.0000,2712.8000,2713.8000,2715.2000,2724.4000,2724.6000,1,1,1,3,3,1,1,1,1,1
SF,IH2012,2020-05-14 09:34:18.900,2711.8000,2228,0,38240160.000,0,-,-,-,-,2711.4000,2711.2000,2710.6000,2710.4000,2710.2000,2712.8000,2713.8000,2715.2000,2724.4000,2724.6000,1,1,1,1,3,1,1,1,1,1
SF,IH2012,2020-05-14 09:34:19.400,2711.8000,2228,0,38240160.000,0,-,-,-,-,2711.6000,2711.4000,2710.6000,2710.4000,2710.2000,2712.8000,2713.8000,2715.2000,2724.4000,2724.6000,1,1,1,1,3,1,1,1,1,1
SF,IH2012,2020-05-14 09:34:19.900,2711.8000,2228,0,38240160.000,0,-,-,-,-,2711.6000,2711.4000,2710.6000,2710.4000,2710.2000,2712.8000,2713.8000,2715.2000,2724.4000,2724.6000,1,1,1,1,3,1,1,1,1,1
SF,IH2012,2020-05-14 09:34:21.400,2711.8000,2228,0,38240160.000,0,-,-,-,-,2711.6000,2711.4000,2710.6000,2710.4000,2710.2000,2712.8000,2713.8000,2724.4000,2724.6000,2729.0000,1,1,1,1,3,1,1,1,1,1
SF,IH2012,2020-05-14 09:34:26.900,2711.8000,2228,0,38240160.000,0,-,-,-,-,2711.6000,2711.4000,2710.6000,2710.4000,2710.2000,2712.8000,2724.4000,2724.6000,2729.0000,2729.2000,1,1,1,1,3,1,1,1,1,1
SF,IH2012,2020-05-14 09:34:27.400,2711.8000,2228,0,38240160.000,0,-,-,-,-,2711.6000,2711.4000,2710.6000,2710.4000,2710.2000,2724.4000,2724.6000,2729.0000,2729.2000,2730.6000,1,1,1,1,3,1,1,1,1,1
SF,IH2012,2020-05-14 09:34:27.900,2711.8000,2228,0,38240160.000,0,-,-,-,-,2711.6000,2711.4000,2710.6000,2710.4000,2710.2000,2714.8000,2724.0000,2724.2000,2724.4000,2724.6000,1,1,1,1,3,1,4,1,1,1
SF,IH2012,2020-05-14 09:34:28.400,2711.8000,2228,0,38240160.000,0,-,-,-,-,2711.6000,2711.4000,2711.0000,2710.6000,2710.4000,2714.6000,2714.8000,2724.0000,2724.4000,2724.6000,1,1,1,1,1,1,1,4,1,1
SF,IH2012,2020-05-14 09:34:30.900,2711.8000,2228,0,38240160.000,0,-,-,-,-,2711.6000,2711.4000,2711.0000,2710.6000,2710.4000,2714.2000,2714.6000,2714.8000,2724.0000,2724.4000,1,1,1,1,1,1,1,1,4,1
SF,IH2012,2020-05-14 09:34:31.400,2711.8000,2228,0,38240160.000,0,-,-,-,-,2711.6000,2711.4000,2711.0000,2710.6000,2710.4000,2714.0000,2714.2000,2714.8000,2724.0000,2724.4000,1,1,1,1,1,1,1,1,4,1
SF,IH2012,2020-05-14 09:34:32.400,2711.8000,2228,0,38240160.000,0,-,-,-,-,2711.6000,2711.4000,2711.0000,2710.6000,2710.4000,2713.8000,2714.0000,2714.8000,2724.0000,2724.4000,1,1,1,1,1,1,1,1,4,1
SF,IH2012,2020-05-14 09:34:32.900,2711.8000,2228,0,38240160.000,0,-,-,-,-,2711.6000,2711.4000,2711.0000,2710.6000,2710.4000,2713.8000,2714.0000,2714.8000,2724.4000,2724.6000,1,1,1,1,1,1,1,1,1,1
SF,IH2012,2020-05-14 09:34:33.400,2711.8000,2228,0,38240160.000,0,-,-,-,-,2711.6000,2711.4000,2711.0000,2710.6000,2710.4000,2713.6000,2713.8000,2714.8000,2724.4000,2724.6000,1,1,1,1,1,1,1,1,1,1
SF,IH2012,2020-05-14 09:34:33.900,2711.8000,2228,0,38240160.000,0,-,-,-,-,2711.6000,2711.4000,2711.0000,2710.6000,2710.4000,2713.6000,2713.8000,2714.8000,2716.0000,2724.4000,1,1,1,1,1,1,1,1,1,1
SF,IH2012,2020-05-14 09:34:35.400,2711.8000,2228,0,38240160.000,0,-,-,-,-,2711.6000,2711.4000,2711.0000,2710.6000,2710.4000,2713.6000,2714.8000,2716.0000,2724.4000,2724.6000,1,1,1,1,1,1,1,1,1,1
SF,IH2012,2020-05-14 09:34:41.900,2711.8000,2228,0,38240160.000,0,-,-,-,-,2711.6000,2711.4000,2711.0000,2710.6000,2710.4000,2713.6000,2714.8000,2716.0000,2724.4000,2724.6000,1,1,1,1,1,1,1,1,1,1
SF,IH2012,2020-05-14 09:34:48.900,2711.8000,2228,0,38240160.000,0,-,-,-,-,2711.6000,2711.4000,2711.0000,2710.6000,2710.4000,2713.6000,2716.0000,2724.4000,2724.6000,2729.0000,1,1,1,1,1,1,1,1,1,1
SF,IH2012,2020-05-14 09:34:49.400,2711.8000,2228,0,38240160.000,0,-,-,-,-,2711.6000,2711.4000,2711.0000,2710.6000,2710.4000,2716.0000,2724.4000,2724.6000,2729.0000,2729.2000,1,1,1,1,1,1,1,1,1,1
SF,IH2012,2020-05-14 09:34:49.900,2711.8000,2228,0,38240160.000,0,-,-,-,-,2711.6000,2711.4000,2711.0000,2710.6000,2710.4000,2715.6000,2715.8000,2716.0000,2724.4000,2724.6000,1,1,1,1,1,1,1,1,1,1
SF,IH2012,2020-05-14 09:34:50.400,2711.8000,2228,0,38240160.000,0,-,-,-,-,2711.6000,2711.4000,2711.0000,2710.6000,2710.4000,2715.4000,2715.6000,2716.0000,2724.4000,2724.6000,1,1,1,1,1,1,1,1,1,1
SF,IH2012,2020-05-14 09:34:51.400,2711.8000,2228,0,38240160.000,0,-,-,-,-,2711.6000,2711.4000,2711.0000,2710.6000,2710.4000,2715.4000,2716.0000,2724.4000,2724.6000,2729.0000,1,1,1,1,1,1,1,1,1,1
SF,IH2012,2020-05-14 09:34:51.900,2711.8000,2228,0,38240160.000,0,-,-,-,-,2712.0000,2711.6000,2711.4000,2711.0000,2710.6000,2715.0000,2715.4000,2716.0000,2724.4000,2724.6000,1,2,1,1,1,1,1,1,1,1
SF,IH2012,2020-05-14 09:34:52.400,2711.8000,2228,0,38240160.000,0,-,-,-,-,2712.2000,2712.0000,2711.6000,2711.4000,2711.0000,2714.8000,2715.0000,2716.0000,2724.4000,2724.6000,1,1,1,1,1,1,1,1,1,1
SF,IH2012,2020-05-14 09:34:52.900,2711.8000,2228,0,38240160.000,0,-,-,-,-,2712.2000,2712.0000,2711.4000,2711.0000,2710.6000,2714.8000,2715.0000,2716.0000,2724.4000,2724.6000,1,1,1,1,1,1,1,1,1,1
SF,IH2012,2020-05-14 09:34:53.900,2711.8000,2228,0,38240160.000,0,-,-,-,-,2712.2000,2712.0000,2711.0000,2710.6000,2710.4000,2714.8000,2715.0000,2716.0000,2724.4000,2724.6000,1,1,1,1,1,1,1,1,1,1
SF,IH2012,2020-05-14 09:34:54.400,2711.8000,2228,0,38240160.000,0,-,-,-,-,2712.2000,2712.0000,2711.0000,2710.6000,2710.4000,2714.6000,2714.8000,2716.0000,2724.4000,2724.6000,1,1,1,1,1,1,1,1,1,1
SF,IH2012,2020-05-14 09:34:54.900,2711.8000,2228,0,38240160.000,0,-,-,-,-,2712.2000,2711.0000,2710.6000,2710.4000,2710.2000,2714.2000,2714.4000,2714.6000,2716.0000,2724.4000,1,1,1,1,3,2,1,1,1,1
SF,IH2012,2020-05-14 09:34:55.400,2711.8000,2228,0,38240160.000,0,-,-,-,-,2712.2000,2711.0000,2710.6000,2710.4000,2710.2000,2714.0000,2714.6000,2716.0000,2724.4000,2724.6000,1,1,1,1,3,3,1,1,1,1
SF,IH2012,2020-05-14 09:34:59.400,2711.8000,2228,0,38240160.000,0,-,-,-,-,2712.2000,2712.0000,2711.0000,2710.6000,2710.4000,2714.0000,2714.6000,2716.0000,2724.4000,2724.6000,1,1,1,1,1,3,1,1,1,1
SF,IH2012,2020-05-14 09:35:01.400,2712.2000,2228,0,39053820.000,1,0,1,多换,S,2712.0000,2711.0000,2710.6000,2710.4000,2710.2000,2713.6000,2714.0000,2714.6000,2716.0000,2724.4000,1,1,1,1,3,1,3,1,1,1
SF,IH2012,2020-05-14 09:35:01.900,2712.0000,2229,1,40681020.000,2,1,1,空开,S,2711.0000,2710.6000,2710.4000,2710.2000,2710.0000,2713.4000,2713.6000,2716.0000,2724.4000,2724.6000,1,1,1,3,3,3,1,1,1,1
SF,IH2012,2020-05-14 09:35:02.400,2712.0000,2229,0,40681020.000,0,-,-,-,-,2711.2000,2711.0000,2710.6000,2710.4000,2710.2000,2713.0000,2713.4000,2716.0000,2724.4000,2724.6000,1,1,1,1,3,2,1,1,1,1
SF,IH2012,2020-05-14 09:35:02.900,2712.0000,2229,0,40681020.000,0,-,-,-,-,2711.2000,2711.0000,2710.6000,2710.4000,2710.2000,2712.8000,2713.0000,2713.2000,2716.0000,2724.4000,1,1,1,1,3,1,2,1,1,1
SF,IH2012,2020-05-14 09:35:03.400,2712.0000,2229,0,40681020.000,0,-,-,-,-,2711.2000,2711.0000,2710.6000,2710.4000,2710.2000,2712.6000,2712.8000,2713.2000,2716.0000,2724.4000,1,1,1,1,3,2,1,1,1,1
SF,IH2012,2020-05-14 09:35:03.900,2712.0000,2229,0,40681020.000,0,-,-,-,-,2711.0000,2710.6000,2710.4000,2710.2000,2710.0000,2711.2000,2712.4000,2712.6000,2716.0000,2724.4000,1,1,1,3,3,2,1,2,1,1
SF,IH2012,2020-05-14 09:35:04.400,2711.2000,2230,1,41494380.000,1,1,0,双开,S,2711.0000,2710.6000,2710.4000,2710.2000,2710.0000,2712.4000,2716.0000,2724.4000,2724.6000,2729.0000,1,1,1,3,3,1,1,1,1,1
SF,IH2012,2020-05-14 09:35:04.900,2711.2000,2230,0,41494380.000,0,-,-,-,-,2711.0000,2710.6000,2710.4000,2710.2000,2710.0000,2712.2000,2712.4000,2716.0000,2724.4000,2724.6000,1,1,1,3,3,1,1,1,1,1
SF,IH2012,2020-05-14 09:35:05.400,2711.2000,2230,0,41494380.000,0,-,-,-,-,2711.0000,2710.6000,2710.4000,2710.2000,2710.0000,2712.0000,2712.2000,2716.0000,2724.4000,2724.6000,1,1,1,3,3,2,1,1,1,1
SF,IH2012,2020-05-14 09:35:05.900,2711.2000,2230,0,41494380.000,0,-,-,-,-,2711.0000,2710.6000,2710.4000,2710.2000,2710.0000,2712.0000,2716.0000,2724.4000,2724.6000,2729.0000,1,1,1,3,3,2,1,1,1,1
SF,IH2012,2020-05-14 09:35:06.400,2711.2000,2230,0,41494380.000,0,-,-,-,-,2711.0000,2710.6000,2710.4000,2710.2000,2710.0000,2712.0000,2715.0000,2716.0000,2724.4000,2724.6000,1,1,1,3,3,2,1,1,1,1
SF,IH2012,2020-05-14 09:35:06.900,2711.0000,2231,1,42307680.000,1,1,0,双开,S,2710.6000,2710.4000,2710.2000,2710.0000,2709.6000,2712.0000,2715.0000,2716.0000,2724.4000,2724.6000,1,1,3,3,1,2,1,1,1,1
SF,IH2012,2020-05-14 09:35:07.400,2710.4000,2232,1,43933980.000,2,1,1,空开,S,2710.2000,2710.0000,2709.6000,2709.2000,2708.8000,2711.8000,2712.0000,2715.0000,2716.0000,2724.4000,3,3,1,2,1,1,2,1,1,1
SF,IH2012,2020-05-14 09:35:07.900,2710.2000,2232,0,44747040.000,1,0,1,多换,S,2710.2000,2710.0000,2709.6000,2709.2000,2708.8000,2711.6000,2711.8000,2715.0000,2716.0000,2724.4000,1,3,1,2,1,4,1,1,1,1
SF,IH2012,2020-05-14 09:35:11.400,2710.2000,2232,0,44747040.000,0,-,-,-,-,2710.2000,2710.0000,2709.6000,2709.2000,2708.8000,2711.6000,2715.0000,2716.0000,2724.4000,2724.6000,1,3,1,2,1,4,1,1,1,1
SF,IH2012,2020-05-14 09:35:11.900,2710.2000,2232,0,44747040.000,0,-,-,-,-,2710.2000,2710.0000,2709.6000,2709.2000,2708.8000,2711.6000,2715.0000,2716.0000,2724.4000,2724.6000,1,3,1,2,1,5,1,1,1,1
SF,IH2012,2020-05-14 09:35:12.900,2710.2000,2233,1,45560100.000,1,1,0,双开,S,2710.0000,2709.6000,2709.2000,2708.8000,2708.4000,2711.6000,2715.0000,2716.0000,2724.4000,2724.6000,3,1,2,1,1,5,1,1,1,1
SF,IH2012,2020-05-14 09:35:13.400,2710.2000,2233,0,45560100.000,0,-,-,-,-,2710.0000,2709.6000,2709.2000,2708.8000,2708.4000,2711.4000,2711.6000,2715.0000,2716.0000,2724.4000,3,1,2,1,1,2,3,1,1,1
SF,IH2012,2020-05-14 09:35:13.900,2710.2000,2233,0,45560100.000,0,-,-,-,-,2710.0000,2709.6000,2709.2000,2708.8000,2708.4000,2711.0000,2711.2000,2711.4000,2711.6000,2715.0000,3,1,2,1,1,1,1,2,2,1
SF,IH2012,2020-05-14 09:35:14.400,2710.2000,2233,0,45560100.000,0,-,-,-,-,2710.0000,2709.6000,2709.2000,2708.8000,2708.4000,2710.8000,2711.0000,2711.4000,2711.6000,2715.0000,3,1,2,1,1,1,1,2,2,1
SF,IH2012,2020-05-14 09:35:14.900,2710.2000,2233,0,45560100.000,0,-,-,-,-,2710.0000,2709.6000,2709.2000,2708.8000,2708.4000,2710.8000,2711.0000,2711.6000,2715.0000,2716.0000,3,1,2,1,1,1,1,2,1,1
SF,IH2012,2020-05-14 09:35:15.900,2710.2000,2233,0,45560100.000,0,-,-,-,-,2710.0000,2709.6000,2709.2000,2708.8000,2708.4000,2710.8000,2711.0000,2711.6000,2715.0000,2716.0000,3,1,2,1,1,1,1,1,1,1
SF,IH2012,2020-05-14 09:35:16.400,2710.2000,2233,0,45560100.000,0,-,-,-,-,2710.0000,2709.6000,2709.2000,2708.8000,2708.4000,2710.8000,2711.0000,2715.0000,2716.0000,2724.4000,3,1,2,1,1,1,1,1,1,1
SF,IH2012,2020-05-14 09:35:16.900,2710.2000,2233,0,45560100.000,0,-,-,-,-,2710.0000,2709.6000,2709.2000,2708.8000,2708.4000,2711.0000,2715.0000,2716.0000,2724.4000,2724.6000,3,1,2,1,1,1,1,1,1,1
SF,IH2012,2020-05-14 09:35:17.400,2710.2000,2233,0,45560100.000,0,-,-,-,-,2710.0000,2709.6000,2709.2000,2708.8000,2708.4000,2710.8000,2711.0000,2715.0000,2716.0000,2724.4000,3,1,2,1,1,1,1,1,1,1
SF,IH2012,2020-05-14 09:35:18.400,2710.2000,2233,0,45560100.000,0,-,-,-,-,2710.0000,2709.8000,2709.6000,2709.2000,2708.8000,2710.8000,2711.0000,2715.0000,2716.0000,2724.4000,3,2,1,2,1,1,1,1,1,1
SF,IH2012,2020-05-14 09:35:18.900,2710.2000,2233,0,45560100.000,0,-,-,-,-,2710.0000,2709.8000,2709.6000,2709.2000,2708.8000,2710.8000,2711.0000,2715.0000,2716.0000,2724.4000,3,2,1,2,1,1,1,1,1,1
SF,IH2012,2020-05-14 09:35:20.900,2710.8000,2234,1,46373340.000,1,1,0,双开,S,2710.0000,2709.8000,2709.6000,2709.2000,2708.8000,2711.0000,2715.0000,2716.0000,2724.4000,2724.6000,3,2,1,2,1,1,1,1,1,1
SF,IH2012,2020-05-14 09:35:21.400,2710.8000,2234,0,46373340.000,0,-,-,-,-,2710.2000,2710.0000,2709.8000,2709.6000,2709.2000,2711.0000,2715.0000,2716.0000,2724.4000,2724.6000,2,3,2,1,2,1,1,1,1,1
SF,IH2012,2020-05-14 09:35:21.900,2710.8000,2234,0,46373340.000,0,-,-,-,-,2710.2000,2710.0000,2709.8000,2709.6000,2709.2000,2711.0000,2716.0000,2724.4000,2724.6000,2729.0000,2,3,2,1,2,1,1,1,1,1
SF,IH2012,2020-05-14 09:35:23.900,2711.0000,2234,0,47186640.000,1,0,1,多换,S,2710.2000,2710.0000,2709.8000,2709.6000,2709.2000,2716.0000,2724.4000,2724.6000,2729.0000,2729.2000,2,3,2,1,2,1,1,1,1,1
SF,IH2012,2020-05-14 09:35:24.400,2711.0000,2234,0,47186640.000,0,-,-,-,-,2710.2000,2710.0000,2709.8000,2709.6000,2709.2000,2712.2000,2715.6000,2715.8000,2716.0000,2724.4000,1,3,2,1,2,1,4,1,1,1
SF,IH2012,2020-05-14 09:35:24.900,2711.0000,2234,0,47186640.000,0,-,-,-,-,2710.2000,2710.0000,2709.8000,2709.6000,2709.2000,2712.0000,2712.2000,2715.6000,2716.0000,2724.4000,1,5,2,1,2,4,1,4,1,1
SF,IH2012,2020-05-14 09:35:25.400,2711.0000,2234,0,47186640.000,0,-,-,-,-,2710.2000,2710.0000,2709.8000,2709.6000,2709.2000,2712.0000,2715.6000,2716.0000,2724.4000,2724.6000,1,5,2,1,2,5,4,1,1,1
SF,IH2012,2020-05-14 09:35:25.900,2711.0000,2234,0,47186640.000,0,-,-,-,-,2710.2000,2710.0000,2709.8000,2709.6000,2709.2000,2712.0000,2713.0000,2715.6000,2716.0000,2724.4000,1,5,2,1,2,5,1,4,1,1
SF,IH2012,2020-05-14 09:35:26.400,2711.0000,2234,0,47186640.000,0,-,-,-,-,2710.2000,2710.0000,2709.8000,2709.6000,2709.2000,2711.6000,2712.0000,2713.0000,2715.6000,2716.0000,1,5,2,1,2,1,4,1,4,1
SF,IH2012,2020-05-14 09:35:26.900,2711.0000,2234,0,47186640.000,0,-,-,-,-,2710.2000,2710.0000,2709.8000,2709.6000,2709.2000,2711.4000,2711.6000,2712.0000,2713.0000,2715.6000,1,5,2,1,2,1,1,3,1,4
SF,IH2012,2020-05-14 09:35:27.400,2711.0000,2234,0,47186640.000,0,-,-,-,-,2710.2000,2710.0000,2709.8000,2709.6000,2709.2000,2711.4000,2711.6000,2712.0000,2713.0000,2715.6000,1,5,2,1,2,1,1,1,1,4
SF,IH2012,2020-05-14 09:35:28.400,2711.0000,2234,0,47186640.000,0,-,-,-,-,2710.2000,2710.0000,2709.8000,2709.6000,2709.2000,2711.2000,2711.4000,2712.0000,2713.0000,2715.6000,1,5,2,1,2,1,1,1,1,4
SF,IH2012,2020-05-14 09:35:29.900,2711.2000,2235,1,48000000.000,1,1,0,双开,S,2710.2000,2710.0000,2709.8000,2709.6000,2709.2000,2711.4000,2712.0000,2713.0000,2715.6000,2716.0000,1,5,2,1,2,1,1,1,4,1
SF,IH2012,2020-05-14 09:35:30.400,2711.2000,2235,0,48000000.000,0,-,-,-,-,2710.4000,2710.2000,2710.0000,2709.8000,2709.6000,2711.4000,2712.0000,2713.0000,2715.6000,2716.0000,1,1,5,2,1,1,1,1,4,1
SF,IH2012,2020-05-14 09:35:36.900,2711.2000,2235,0,48000000.000,0,-,-,-,-,2710.4000,2710.2000,2710.0000,2709.8000,2709.6000,2711.4000,2712.0000,2713.0000,2715.6000,2716.0000,1,3,5,2,1,1,1,1,4,1
SF,IH2012,2020-05-14 09:35:37.400,2711.2000,2235,0,48000000.000,0,-,-,-,-,2710.4000,2710.2000,2710.0000,2709.8000,2709.6000,2711.4000,2712.0000,2713.0000,2715.6000,2716.0000,1,3,6,2,1,1,1,1,4,1
SF,IH2012,2020-05-14 09:35:38.900,2711.2000,2235,0,48000000.000,0,-,-,-,-,2710.4000,2710.2000,2710.0000,2709.8000,2709.6000,2711.4000,2712.0000,2713.0000,2715.4000,2715.6000,1,3,6,2,1,1,1,1,1,4
SF,IH2012,2020-05-14 09:35:39.400,2711.2000,2235,0,48000000.000,0,-,-,-,-,2710.4000,2710.2000,2710.0000,2709.8000,2709.6000,2711.4000,2712.0000,2713.0000,2715.4000,2715.6000,1,3,6,2,1,1,1,1,1,3
SF,IH2012,2020-05-14 09:35:50.900,2711.2000,2235,0,48000000.000,0,-,-,-,-,2710.4000,2710.2000,2710.0000,2709.8000,2709.6000,2711.4000,2712.0000,2713.0000,2715.4000,2715.6000,1,3,6,2,1,2,1,1,1,3
SF,IH2012,2020-05-14 09:36:01.400,2710.4000,2235,0,48813120.000,1,0,1,多换,S,2710.2000,2710.0000,2709.8000,2709.6000,2709.2000,2710.4000,2711.2000,2711.4000,2712.0000,2713.0000,3,6,2,1,2,1,1,3,1,1
SF,IH2012,2020-05-14 09:36:01.900,2710.2000,2237,2,51252300.000,3,2,1,空开,S,2710.0000,2709.8000,2709.6000,2709.2000,2708.8000,2710.2000,2711.4000,2711.6000,2712.0000,2713.0000,6,2,1,2,1,1,2,1,1,1
SF,IH2012,2020-05-14 09:36:02.400,2710.0000,2239,2,53691300.000,3,2,1,空开,S,2710.0000,2709.8000,2709.6000,2709.2000,2708.8000,2711.4000,2711.6000,2712.0000,2712.2000,2713.0000,3,2,1,2,1,2,1,1,1,1
SF,IH2012,2020-05-14 09:36:02.900,2710.0000,2239,0,53691300.000,0,-,-,-,-,2710.0000,2709.8000,2709.6000,2709.2000,2708.8000,2711.0000,2711.2000,2711.4000,2711.6000,2712.0000,3,2,1,2,1,1,2,2,1,1
SF,IH2012,2020-05-14 09:36:03.400,2710.0000,2239,0,53691300.000,0,-,-,-,-,2710.0000,2709.8000,2709.6000,2709.2000,2708.8000,2710.8000,2711.0000,2711.2000,2711.4000,2711.6000,3,2,1,2,1,1,1,1,2,1
SF,IH2012,2020-05-14 09:36:03.900,2710.0000,2239,0,53691300.000,0,-,-,-,-,2710.0000,2709.8000,2709.6000,2709.2000,2708.8000,2710.8000,2711.2000,2711.4000,2711.6000,2712.0000,3,2,1,2,1,1,1,2,1,1
SF,IH2012,2020-05-14 09:36:04.900,2710.0000,2239,0,54504300.000,1,0,1,多换,S,2710.0000,2709.8000,2709.6000,2709.2000,2708.8000,2710.8000,2711.2000,2711.4000,2711.6000,2712.0000,2,2,1,2,1,1,1,2,1,1
SF,IH2012,2020-05-14 09:36:09.400,2710.0000,2239,0,54504300.000,0,-,-,-,-,2710.0000,2709.8000,2709.6000,2709.2000,2708.8000,2710.8000,2711.2000,2711.4000,2711.6000,2712.0000,2,2,1,2,1,1,1,2,1,1
SF,IH2012,2020-05-14 09:36:09.900,2710.0000,2239,0,54504300.000,0,-,-,-,-,2710.0000,2709.8000,2709.6000,2709.2000,2708.8000,2710.8000,2711.4000,2711.6000,2712.0000,2712.2000,2,2,1,2,1,1,2,1,1,1
SF,IH2012,2020-05-14 09:36:11.400,2710.0000,2239,0,54504300.000,0,-,-,-,-,2710.0000,2709.8000,2709.6000,2709.2000,2708.8000,2710.8000,2711.4000,2711.6000,2712.2000,2712.6000,2,2,1,2,1,1,2,1,1,1
SF,IH2012,2020-05-14 09:36:17.900,2710.0000,2239,0,54504300.000,0,-,-,-,-,2710.0000,2709.8000,2709.6000,2709.2000,2708.8000,2710.8000,2711.4000,2711.6000,2712.2000,2712.6000,3,2,1,2,1,1,2,1,1,1
SF,IH2012,2020-05-14 09:36:18.400,2710.8000,2239,0,55317540.000,1,0,1,多换,S,2710.0000,2709.8000,2709.6000,2709.2000,2708.8000,2711.4000,2711.6000,2712.2000,2712.6000,2713.0000,3,2,1,2,1,1,1,1,1,1
SF,IH2012,2020-05-14 09:36:18.900,2710.8000,2239,0,55317540.000,0,-,-,-,-,2710.0000,2709.8000,2709.6000,2709.2000,2708.8000,2711.4000,2711.6000,2712.2000,2712.6000,2713.0000,3,2,1,2,1,1,1,1,1,1
SF,IH2012,2020-05-14 09:36:19.400,2710.8000,2239,0,55317540.000,0,-,-,-,-,2710.0000,2709.8000,2709.6000,2709.2000,2708.8000,2711.2000,2711.4000,2711.6000,2712.2000,2712.6000,3,2,1,2,1,1,1,1,1,1
SF,IH2012,2020-05-14 09:36:19.900,2710.8000,2239,0,55317540.000,0,-,-,-,-,2710.2000,2710.0000,2709.8000,2709.6000,2709.2000,2711.0000,2711.2000,2711.4000,2711.6000,2712.2000,1,3,2,1,2,1,1,1,1,1
SF,IH2012,2020-05-14 09:36:20.400,2710.8000,2239,0,55317540.000,0,-,-,-,-,2710.0000,2709.8000,2709.6000,2709.2000,2708.8000,2711.2000,2711.4000,2711.6000,2712.2000,2712.6000,3,2,1,2,1,1,1,1,1,1
SF,IH2012,2020-05-14 09:36:20.900,2710.8000,2239,0,55317540.000,0,-,-,-,-,2710.0000,2709.8000,2709.6000,2709.2000,2708.8000,2711.0000,2711.2000,2711.4000,2711.6000,2712.2000,3,2,1,2,1,2,1,1,1,1
SF,IH2012,2020-05-14 09:36:21.400,2710.8000,2239,0,55317540.000,0,-,-,-,-,2710.0000,2709.8000,2709.6000,2709.2000,2708.8000,2710.8000,2711.0000,2711.4000,2711.6000,2712.2000,3,2,1,2,1,1,3,1,1,1
SF,IH2012,2020-05-14 09:36:21.900,2710.8000,2239,0,55317540.000,0,-,-,-,-,2710.0000,2709.8000,2709.6000,2709.2000,2708.8000,2710.8000,2711.0000,2711.4000,2711.6000,2712.2000,3,2,1,2,1,1,2,1,1,1
SF,IH2012,2020-05-14 09:36:22.900,2710.8000,2239,0,55317540.000,0,-,-,-,-,2710.0000,2709.8000,2709.6000,2709.2000,2708.8000,2710.8000,2711.4000,2711.6000,2712.2000,2712.6000,3,2,1,2,1,1,1,1,1,1
SF,IH2012,2020-05-14 09:36:26.400,2710.8000,2240,1,56130780.000,1,1,0,双开,S,2710.0000,2709.8000,2709.6000,2709.2000,2708.8000,2711.4000,2711.6000,2712.2000,2712.6000,2713.0000,3,2,1,2,1,1,1,1,1,1
SF,IH2012,2020-05-14 09:36:26.900,2710.8000,2240,0,56130780.000,0,-,-,-,-,2710.2000,2710.0000,2709.8000,2709.6000,2709.2000,2711.4000,2711.6000,2712.2000,2712.6000,2713.0000,1,3,2,1,2,1,1,1,1,1
SF,IH2012,2020-05-14 09:36:27.900,2710.8000,2240,0,56130780.000,0,-,-,-,-,2710.2000,2710.0000,2709.8000,2709.6000,2709.2000,2711.4000,2711.6000,2712.2000,2712.6000,2713.0000,2,3,2,1,2,1,1,1,1,1
SF,IH2012,2020-05-14 09:36:28.400,2711.4000,2241,1,56944200.000,1,1,0,双开,S,2710.4000,2710.2000,2710.0000,2709.8000,2709.6000,2711.6000,2712.2000,2712.6000,2713.0000,2713.4000,1,2,3,2,1,1,1,1,1,1
SF,IH2012,2020-05-14 09:36:28.900,2711.4000,2241,0,56944200.000,0,-,-,-,-,2710.6000,2710.4000,2710.2000,2710.0000,2709.8000,2712.2000,2712.6000,2713.0000,2713.4000,2715.4000,1,1,1,3,2,1,1,1,1,1
SF,IH2012,2020-05-14 09:36:29.400,2711.4000,2241,0,56944200.000,0,-,-,-,-,2710.6000,2710.4000,2710.2000,2710.0000,2709.8000,2712.0000,2712.2000,2712.6000,2713.0000,2713.4000,1,1,1,3,2,2,1,1,1,1
SF,IH2012,2020-05-14 09:36:29.900,2711.4000,2241,0,56944200.000,0,-,-,-,-,2710.6000,2710.4000,2710.2000,2710.0000,2709.8000,2712.0000,2712.2000,2712.6000,2713.0000,2713.4000,1,1,1,3,2,1,1,1,1,1
SF,IH2012,2020-05-14 09:36:30.400,2711.4000,2241,0,56944200.000,0,-,-,-,-,2710.6000,2710.4000,2710.2000,2710.0000,2709.8000,2712.0000,2712.2000,2712.6000,2713.0000,2713.4000,1,1,2,3,2,1,1,1,1,1
SF,IH2012,2020-05-14 09:36:31.400,2711.4000,2241,0,56944200.000,0,-,-,-,-,2710.8000,2710.6000,2710.4000,2710.2000,2710.0000,2712.0000,2712.2000,2712.6000,2713.0000,2713.4000,1,1,1,2,3,1,1,1,1,1
SF,IH2012,2020-05-14 09:36:31.900,2711.4000,2241,0,56944200.000,0,-,-,-,-,2710.8000,2710.6000,2710.4000,2710.2000,2710.0000,2712.0000,2712.2000,2712.6000,2713.0000,2713.4000,1,1,1,2,3,1,1,1,1,1
SF,IH2012,2020-05-14 09:36:32.400,2711.4000,2241,0,56944200.000,0,-,-,-,-,2711.0000,2710.8000,2710.4000,2710.2000,2710.0000,2712.0000,2712.2000,2712.6000,2713.0000,2713.4000,1,1,1,2,3,1,1,1,1,1
SF,IH2012,2020-05-14 09:36:33.400,2711.4000,2241,0,56944200.000,0,-,-,-,-,2711.0000,2710.4000,2710.2000,2710.0000,2709.8000,2712.0000,2712.2000,2712.6000,2713.0000,2713.4000,1,1,2,3,2,1,1,1,1,1
SF,IH2012,2020-05-14 09:36:37.900,2711.4000,2241,0,56944200.000,0,-,-,-,-,2711.0000,2710.4000,2710.2000,2710.0000,2709.8000,2712.0000,2712.2000,2712.6000,2713.0000,2713.4000,1,1,2,3,2,1,1,1,1,1
SF,IH2012,2020-05-14 09:36:44.400,2711.4000,2241,0,56944200.000,0,-,-,-,-,2711.0000,2710.4000,2710.2000,2710.0000,2709.8000,2712.0000,2712.2000,2712.6000,2713.0000,2713.4000,2,1,2,2,2,1,1,1,1,1
SF,IH2012,2020-05-14 09:36:51.400,2711.0000,2243,2,58570800.000,2,2,0,双开,S,2710.4000,2710.2000,2710.0000,2709.8000,2709.6000,2711.0000,2712.0000,2712.2000,2712.6000,2713.0000,1,2,2,2,1,1,1,1,1,1
SF,IH2012,2020-05-14 09:36:51.900,2711.0000,2244,1,59384100.000,1,1,0,双开,S,2710.4000,2710.2000,2710.0000,2709.8000,2709.6000,2712.2000,2712.6000,2713.0000,2715.4000,2715.6000,1,2,2,2,1,1,1,1,1,2
SF,IH2012,2020-05-14 09:36:52.400,2711.0000,2244,0,59384100.000,0,-,-,-,-,2710.6000,2710.4000,2710.2000,2710.0000,2709.8000,2712.0000,2712.2000,2712.6000,2713.0000,2713.4000,1,1,2,2,2,1,1,1,1,1
SF,IH2012,2020-05-14 09:36:53.400,2711.0000,2244,0,59384100.000,0,-,-,-,-,2710.6000,2710.4000,2710.2000,2710.0000,2709.8000,2711.8000,2712.0000,2712.2000,2712.6000,2713.0000,1,1,2,2,2,1,1,1,1,1
SF,IH2012,2020-05-14 09:36:53.900,2711.8000,2244,0,60197640.000,1,0,1,多换,S,2710.6000,2710.4000,2710.2000,2710.0000,2709.8000,2712.2000,2712.6000,2713.0000,2713.4000,2715.4000,1,1,2,2,2,1,1,1,1,1
SF,IH2012,2020-05-14 09:36:54.400,2711.8000,2244,0,60197640.000,0,-,-,-,-,2710.6000,2710.4000,2710.2000,2710.0000,2709.8000,2712.0000,2712.2000,2712.6000,2713.0000,2713.4000,1,1,2,2,2,1,1,1,1,1
SF,IH2012,2020-05-14 09:36:54.900,2711.8000,2244,0,60197640.000,0,-,-,-,-,2710.6000,2710.4000,2710.2000,2710.0000,2709.8000,2712.2000,2712.6000,2713.0000,2713.4000,2715.4000,1,1,2,2,2,1,1,1,1,1
SF,IH2012,2020-05-14 09:37:01.900,2711.8000,2244,0,60197640.000,0,-,-,-,-,2710.6000,2710.4000,2710.2000,2710.0000,2709.8000,2712.0000,2712.2000,2712.6000,2713.0000,2713.4000,1,1,2,2,2,2,1,1,1,1
SF,IH2012,2020-05-14 09:37:02.400,2711.8000,2244,0,60197640.000,0,-,-,-,-,2710.6000,2710.4000,2710.2000,2710.0000,2709.8000,2711.8000,2712.0000,2712.2000,2712.6000,2713.0000,1,1,2,2,2,1,2,1,1,1
SF,IH2012,2020-05-14 09:37:02.900,2711.8000,2244,0,60197640.000,0,-,-,-,-,2710.6000,2710.4000,2710.2000,2710.0000,2709.8000,2711.8000,2712.2000,2712.6000,2713.0000,2713.4000,1,1,2,2,2,1,1,1,1,1
SF,IH2012,2020-05-14 09:37:03.400,2711.8000,2244,0,60197640.000,0,-,-,-,-,2710.6000,2710.4000,2710.2000,2710.0000,2709.8000,2711.6000,2711.8000,2712.2000,2712.6000,2713.0000,1,1,2,2,2,1,1,1,1,1
SF,IH2012,2020-05-14 09:37:04.400,2711.8000,2244,0,60197640.000,0,-,-,-,-,2710.6000,2710.4000,2710.2000,2710.0000,2709.8000,2711.6000,2711.8000,2712.2000,2712.6000,2713.0000,1,1,2,1,2,1,1,1,1,1
SF,IH2012,2020-05-14 09:37:04.900,2711.8000,2244,0,60197640.000,0,-,-,-,-,2710.8000,2710.2000,2710.0000,2709.8000,2709.6000,2711.4000,2711.6000,2712.2000,2712.6000,2713.0000,1,2,1,2,1,1,1,1,1,1
SF,IH2012,2020-05-14 09:37:05.900,2710.8000,2245,1,61010880.000,1,1,0,双开,S,2710.2000,2710.0000,2709.8000,2709.6000,2709.2000,2711.4000,2711.6000,2712.2000,2712.6000,2713.0000,2,1,2,1,2,1,1,1,1,1
SF,IH2012,2020-05-14 09:37:06.400,2710.8000,2245,0,61010880.000,0,-,-,-,-,2710.2000,2710.0000,2709.8000,2709.6000,2709.2000,2711.4000,2712.2000,2712.6000,2713.0000,2713.4000,2,1,2,1,2,1,1,1,1,1
SF,IH2012,2020-05-14 09:37:07.400,2710.8000,2245,0,61010880.000,0,-,-,-,-,2710.2000,2710.0000,2709.8000,2709.6000,2709.2000,2711.2000,2711.4000,2712.2000,2712.6000,2713.0000,2,1,2,1,2,1,1,1,1,1
SF,IH2012,2020-05-14 09:37:10.900,2710.2000,2246,1,62637000.000,2,1,1,空开,S,2710.0000,2709.8000,2709.6000,2709.2000,2708.8000,2711.0000,2711.2000,2711.4000,2712.2000,2712.6000,1,2,1,2,1,1,1,1,1,1
SF,IH2012,2020-05-14 09:37:11.400,2710.0000,2247,1,63450000.000,1,1,0,双开,S,2709.8000,2709.6000,2709.2000,2708.8000,2708.4000,2710.8000,2711.0000,2711.2000,2712.2000,2712.6000,2,1,2,1,1,2,1,1,1,1
SF,IH2012,2020-05-14 09:37:11.900,2710.0000,2247,0,63450000.000,0,-,-,-,-,2709.8000,2709.6000,2709.2000,2708.8000,2708.4000,2710.8000,2711.0000,2711.2000,2712.2000,2712.6000,2,1,2,1,1,2,1,1,1,1
SF,IH2012,2020-05-14 09:37:12.900,2710.0000,2247,0,63450000.000,0,-,-,-,-,2709.8000,2709.6000,2709.2000,2708.8000,2708.4000,2710.8000,2711.0000,2711.2000,2712.2000,2712.6000,2,1,2,1,1,2,1,1,1,1
SF,IH2012,2020-05-14 09:37:13.400,2710.0000,2247,0,63450000.000,0,-,-,-,-,2709.8000,2709.6000,2709.2000,2708.8000,2708.4000,2710.8000,2711.0000,2711.2000,2712.2000,2712.6000,2,1,2,1,1,1,1,1,1,1
SF,IH2012,2020-05-14 09:37:14.400,2710.0000,2247,0,63450000.000,0,-,-,-,-,2709.8000,2709.6000,2709.2000,2708.8000,2708.4000,2710.4000,2710.8000,2711.0000,2711.2000,2712.2000,2,1,2,1,1,1,1,1,1,1
SF,IH2012,2020-05-14 09:37:14.900,2710.0000,2247,0,63450000.000,0,-,-,-,-,2709.8000,2709.6000,2709.2000,2708.8000,2708.4000,2710.4000,2710.8000,2711.0000,2712.2000,2712.6000,2,1,2,1,1,1,1,1,1,1
SF,IH2012,2020-05-14 09:37:15.400,2709.8000,2248,1,65075880.000,2,1,1,空开,S,2709.6000,2709.2000,2708.8000,2708.4000,2708.2000,2710.4000,2710.8000,2711.0000,2712.2000,2712.6000,1,2,1,1,1,1,1,1,1,1
SF,IH2012,2020-05-14 09:37:16.400,2709.8000,2248,0,65075880.000,0,-,-,-,-,2709.6000,2709.2000,2708.8000,2708.4000,2708.2000,2710.2000,2710.4000,2710.8000,2711.0000,2712.2000,1,2,1,1,1,1,1,1,1,1
SF,IH2012,2020-05-14 09:37:16.900,2709.8000,2248,0,65075880.000,0,-,-,-,-,2709.6000,2709.2000,2708.8000,2708.4000,2708.2000,2710.2000,2710.4000,2710.8000,2711.0000,2712.2000,1,2,1,1,1,1,1,1,1,1
SF,IH2012,2020-05-14 09:37:17.900,2709.8000,2248,0,65075880.000,0,-,-,-,-,2709.6000,2709.2000,2708.8000,2708.4000,2708.2000,2710.4000,2710.8000,2711.0000,2712.2000,2715.4000,1,2,1,1,1,1,1,1,1,1
SF,IH2012,2020-05-14 09:37:19.400,2709.8000,2248,0,65075880.000,0,-,-,-,-,2709.6000,2709.2000,2708.8000,2708.4000,2708.2000,2710.4000,2710.8000,2712.2000,2715.4000,2716.0000,1,2,1,1,1,1,1,1,1,1
SF,IH2012,2020-05-14 09:37:20.900,2709.8000,2248,0,65075880.000,0,-,-,-,-,2709.6000,2709.2000,2708.8000,2708.4000,2708.2000,2710.0000,2710.4000,2710.8000,2712.2000,2715.4000,1,2,1,1,1,1,1,1,1,1
SF,IH2012,2020-05-14 09:37:23.900,2710.0000,2249,1,65888880.000,1,1,0,双开,S,2709.6000,2709.2000,2708.8000,2708.4000,2708.2000,2710.4000,2710.8000,2712.2000,2715.4000,2716.0000,1,2,1,1,1,1,1,1,1,1
SF,IH2012,2020-05-14 09:37:25.400,2710.0000,2249,0,65888880.000,0,-,-,-,-,2709.6000,2709.2000,2708.8000,2708.4000,2708.2000,2710.2000,2710.4000,2710.8000,2712.2000,2715.4000,1,2,1,1,1,1,1,1,1,1
SF,IH2012,2020-05-14 09:37:32.900,2709.6000,2249,0,66701760.000,1,0,1,多换,S,2709.2000,2708.8000,2708.4000,2708.2000,2706.0000,2710.2000,2710.4000,2710.8000,2712.2000,2715.4000,2,1,1,1,1,1,1,1,1,1
SF,IH2012,2020-05-14 09:37:33.400,2709.6000,2249,0,66701760.000,0,-,-,-,-,2709.4000,2709.2000,2708.8000,2708.4000,2708.2000,2710.4000,2710.8000,2712.2000,2715.4000,2716.0000,1,2,1,1,1,1,1,1,1,1
SF,IH2012,2020-05-14 09:37:34.900,2710.4000,2249,0,67514880.000,1,0,1,多换,S,2709.4000,2709.2000,2708.8000,2708.4000,2708.2000,2710.8000,2712.2000,2715.4000,2716.0000,2724.6000,1,2,1,1,1,1,1,1,1,1
SF,IH2012,2020-05-14 09:37:35.400,2710.4000,2249,0,67514880.000,0,-,-,-,-,2709.6000,2709.4000,2709.2000,2708.8000,2708.4000,2710.8000,2712.2000,2715.4000,2716.0000,2724.6000,1,1,2,1,1,1,1,1,1,1
SF,IH2012,2020-05-14 09:37:35.900,2710.8000,2250,1,68328120.000,1,1,0,双开,S,2709.8000,2709.6000,2709.4000,2709.2000,2708.8000,2712.2000,2715.4000,2716.0000,2724.6000,2728.2000,1,1,1,2,1,1,1,1,1,1
SF,IH2012,2020-05-14 09:37:36.400,2710.8000,2250,0,68328120.000,0,-,-,-,-,2710.0000,2709.8000,2709.4000,2709.2000,2708.8000,2711.8000,2712.0000,2712.2000,2713.4000,2715.4000,1,1,1,2,1,1,1,1,1,1
SF,IH2012,2020-05-14 09:37:36.900,2710.8000,2250,0,68328120.000,0,-,-,-,-,2710.0000,2709.8000,2709.2000,2708.8000,2708.4000,2711.6000,2711.8000,2712.2000,2713.4000,2715.4000,1,1,2,1,1,1,1,1,1,1
SF,IH2012,2020-05-14 09:37:37.400,2710.8000,2250,0,68328120.000,0,-,-,-,-,2710.0000,2709.2000,2708.8000,2708.4000,2708.2000,2711.6000,2712.2000,2713.4000,2715.4000,2716.0000,1,2,1,1,1,1,1,1,1,1
SF,IH2012,2020-05-14 09:37:37.900,2710.8000,2250,0,68328120.000,0,-,-,-,-,2710.0000,2709.2000,2708.8000,2708.4000,2708.2000,2711.4000,2711.6000,2712.2000,2713.4000,2715.4000,1,2,1,1,1,1,1,1,1,1
SF,IH2012,2020-05-14 09:37:42.400,2710.8000,2250,0,68328120.000,0,-,-,-,-,2710.0000,2709.2000,2708.8000,2708.4000,2708.2000,2711.2000,2711.4000,2711.6000,2712.2000,2713.4000,1,2,1,1,1,1,1,1,1,1
SF,IH2012,2020-05-14 09:37:42.900,2710.8000,2250,0,68328120.000,0,-,-,-,-,2710.0000,2709.2000,2708.8000,2708.4000,2708.2000,2711.0000,2711.2000,2712.2000,2713.4000,2715.4000,1,2,1,1,1,4,1,1,1,1
SF,IH2012,2020-05-14 09:37:43.400,2710.0000,2251,1,69141120.000,1,1,0,双开,S,2709.2000,2708.8000,2708.4000,2708.2000,2706.0000,2711.0000,2711.2000,2712.2000,2715.4000,2716.0000,2,1,1,1,1,4,1,1,1,1
SF,IH2012,2020-05-14 09:37:44.900,2710.0000,2251,0,69141120.000,0,-,-,-,-,2709.2000,2708.8000,2708.4000,2708.2000,2706.0000,2711.0000,2711.2000,2712.2000,2715.4000,2716.0000,2,1,1,1,1,3,1,1,1,1
SF,IH2012,2020-05-14 09:37:45.400,2710.0000,2251,0,69141120.000,0,-,-,-,-,2709.4000,2709.2000,2708.8000,2708.4000,2708.2000,2711.0000,2711.2000,2712.2000,2715.4000,2716.0000,1,2,1,1,1,3,1,1,1,1
SF,IH2012,2020-05-14 09:37:46.900,2710.0000,2251,0,69141120.000,0,-,-,-,-,2709.4000,2709.2000,2708.8000,2708.4000,2708.2000,2711.0000,2711.2000,2712.2000,2715.4000,2716.0000,1,2,1,1,2,3,1,1,1,1
SF,IH2012,2020-05-14 09:37:49.400,2710.0000,2251,0,69141120.000,0,-,-,-,-,2709.6000,2709.4000,2709.2000,2708.8000,2708.4000,2711.0000,2711.2000,2712.2000,2715.4000,2716.0000,1,1,2,1,1,3,1,1,1,1
SF,IH2012,2020-05-14 09:37:49.900,2710.0000,2251,0,69141120.000,0,-,-,-,-,2709.8000,2709.6000,2709.2000,2708.8000,2708.4000,2711.0000,2711.2000,2712.2000,2715.4000,2716.0000,1,1,2,1,1,3,1,1,1,1
SF,IH2012,2020-05-14 09:37:50.400,2710.0000,2251,0,69141120.000,0,-,-,-,-,2709.8000,2709.6000,2709.2000,2708.8000,2708.4000,2711.0000,2711.2000,2712.2000,2715.4000,2716.0000,1,1,2,1,1,1,1,1,1,1
SF,IH2012,2020-05-14 09:37:50.900,2710.0000,2251,0,69141120.000,0,-,-,-,-,2709.8000,2709.6000,2709.2000,2708.8000,2708.4000,2710.8000,2711.0000,2711.2000,2711.4000,2712.2000,1,1,2,1,1,1,1,1,1,1
SF,IH2012,2020-05-14 09:37:51.400,2710.0000,2251,0,69141120.000,0,-,-,-,-,2709.8000,2709.6000,2709.2000,2708.8000,2708.4000,2710.8000,2711.0000,2711.4000,2712.2000,2715.4000,1,1,2,1,1,1,1,1,1,1
SF,IH2012,2020-05-14 09:37:57.900,2709.6000,2253,2,70766940.000,2,2,0,双开,S,2709.2000,2708.8000,2708.4000,2708.2000,2706.0000,2710.4000,2710.8000,2711.0000,2711.4000,2712.2000,2,1,1,2,1,1,1,1,1,1
SF,IH2012,2020-05-14 09:37:58.400,2709.6000,2253,0,70766940.000,0,-,-,-,-,2709.2000,2708.8000,2708.4000,2708.2000,2706.0000,2710.2000,2710.4000,2711.4000,2712.2000,2715.4000,2,1,1,2,1,3,1,1,1,1
SF,IH2012,2020-05-14 09:37:58.900,2709.6000,2253,0,70766940.000,0,-,-,-,-,2709.2000,2708.8000,2708.4000,2708.2000,2706.0000,2710.2000,2711.4000,2712.2000,2715.4000,2716.0000,2,1,1,2,1,3,1,1,1,1
SF,IH2012,2020-05-14 09:37:59.900,2709.6000,2253,0,70766940.000,0,-,-,-,-,2709.2000,2708.8000,2708.4000,2708.2000,2706.0000,2710.2000,2711.4000,2712.2000,2715.4000,2716.0000,1,1,1,2,1,3,1,1,1,1
SF,IH2012,2020-05-14 09:38:00.400,2709.6000,2253,0,70766940.000,0,-,-,-,-,2709.2000,2708.8000,2708.4000,2708.2000,2707.2000,2710.0000,2710.2000,2711.4000,2712.2000,2715.4000,1,1,1,2,1,1,3,1,1,1
SF,IH2012,2020-05-14 09:38:00.900,2709.2000,2254,1,71579700.000,1,1,0,双开,S,2708.8000,2708.4000,2708.2000,2707.2000,2706.0000,2710.0000,2710.2000,2711.4000,2712.2000,2715.4000,1,1,2,1,1,1,3,1,1,1
SF,IH2012,2020-05-14 09:38:01.400,2709.2000,2254,0,71579700.000,0,-,-,-,-,2708.8000,2708.4000,2708.2000,2707.2000,2706.0000,2709.8000,2710.0000,2710.2000,2711.4000,2712.2000,1,1,2,1,1,1,1,2,1,1
SF,IH2012,2020-05-14 09:38:01.900,2708.8000,2255,1,72392340.000,1,1,0,双开,S,2708.4000,2708.2000,2707.2000,2706.0000,2700.8000,2708.8000,2709.8000,2710.0000,2710.2000,2711.4000,1,2,1,1,1,1,2,1,2,1
SF,IH2012,2020-05-14 09:38:02.400,2708.8000,2255,0,72392340.000,0,-,-,-,-,2708.4000,2708.2000,2707.2000,2706.0000,2700.8000,2709.8000,2710.0000,2711.4000,2715.4000,2716.0000,1,2,1,1,1,2,1,1,1,1
SF,IH2012,2020-05-14 09:38:02.900,2708.8000,2255,0,72392340.000,0,-,-,-,-,2708.4000,2708.2000,2707.2000,2706.0000,2700.8000,2709.8000,2710.0000,2711.0000,2711.4000,2715.4000,1,2,1,1,1,2,1,1,1,1
SF,IH2012,2020-05-14 09:38:03.400,2708.8000,2255,0,72392340.000,0,-,-,-,-,2708.4000,2708.2000,2707.2000,2706.0000,2700.8000,2709.6000,2709.8000,2710.0000,2711.0000,2711.4000,1,2,1,1,1,1,2,1,1,1
SF,IH2012,2020-05-14 09:38:03.900,2708.8000,2255,0,72392340.000,0,-,-,-,-,2708.4000,2708.2000,2707.2000,2706.0000,2700.8000,2709.4000,2709.6000,2709.8000,2710.0000,2711.0000,1,2,1,1,1,2,1,1,1,1
SF,IH2012,2020-05-14 09:38:07.400,2708.8000,2255,0,72392340.000,0,-,-,-,-,2708.4000,2708.2000,2707.2000,2706.0000,2700.8000,2709.4000,2709.6000,2710.0000,2711.0000,2711.4000,1,2,1,1,1,2,1,1,1,1
SF,IH2012,2020-05-14 09:38:07.900,2708.8000,2255,0,72392340.000,0,-,-,-,-,2708.6000,2708.4000,2708.2000,2707.2000,2706.0000,2709.4000,2710.0000,2711.0000,2711.4000,2715.4000,1,1,2,1,1,1,1,1,1,1
SF,IH2012,2020-05-14 09:38:08.400,2708.8000,2255,0,72392340.000,0,-,-,-,-,2708.6000,2708.4000,2708.2000,2707.2000,2706.0000,2710.0000,2711.0000,2711.4000,2715.4000,2716.0000,1,1,2,1,1,1,1,1,1,1
SF,IH2012,2020-05-14 09:38:08.900,2708.8000,2255,0,72392340.000,0,-,-,-,-,2708.6000,2708.4000,2708.2000,2707.2000,2706.0000,2709.8000,2710.0000,2711.0000,2711.4000,2712.0000,1,1,2,1,1,1,1,1,1,1
SF,IH2012,2020-05-14 09:38:09.400,2708.8000,2255,0,72392340.000,0,-,-,-,-,2708.4000,2708.2000,2707.2000,2706.0000,2700.8000,2709.8000,2710.0000,2711.0000,2711.4000,2712.0000,1,2,1,1,1,1,1,1,1,1
SF,IH2012,2020-05-14 09:38:14.400,2708.8000,2255,0,72392340.000,0,-,-,-,-,2708.4000,2708.2000,2707.2000,2706.0000,2700.8000,2709.8000,2710.0000,2711.0000,2711.4000,2712.0000,1,2,1,1,1,1,1,1,1,1
SF,IH2012,2020-05-14 09:38:25.900,2708.8000,2255,0,72392340.000,0,-,-,-,-,2708.4000,2708.2000,2707.2000,2706.0000,2700.8000,2709.8000,2710.0000,2711.0000,2711.4000,2712.0000,1,2,1,1,1,1,1,1,1,1
SF,IH2012,2020-05-14 09:38:50.900,2708.8000,2255,0,72392340.000,0,-,-,-,-,2708.4000,2708.2000,2707.2000,2706.0000,2700.8000,2709.4000,2709.8000,2710.0000,2711.0000,2711.4000,1,2,1,1,1,1,1,1,1,1
SF,IH2012,2020-05-14 09:38:51.400,2708.8000,2255,0,72392340.000,0,-,-,-,-,2708.4000,2708.2000,2707.2000,2706.0000,2700.8000,2709.2000,2709.4000,2710.0000,2711.0000,2711.4000,1,2,1,1,1,1,1,1,1,1
SF,IH2012,2020-05-14 09:38:52.400,2708.8000,2255,0,72392340.000,0,-,-,-,-,2708.4000,2708.2000,2707.2000,2706.0000,2700.8000,2709.2000,2710.0000,2711.0000,2711.4000,2715.4000,1,2,1,1,1,1,1,1,1,1
SF,IH2012,2020-05-14 09:38:58.900,2708.4000,2256,1,73204860.000,1,1,0,双开,S,2708.2000,2707.2000,2706.0000,2700.8000,2700.0000,2708.4000,2709.2000,2710.0000,2711.0000,2711.4000,2,1,1,1,1,2,1,1,1,1
SF,IH2012,2020-05-14 09:38:59.400,2708.2000,2258,2,74829780.000,2,2,0,双开,S,2707.2000,2706.4000,2706.0000,2700.8000,2700.0000,2708.2000,2708.4000,2709.2000,2710.0000,2711.4000,1,1,1,1,1,1,2,1,1,1
SF,IH2012,2020-05-14 09:38:59.900,2708.2000,2258,0,74829780.000,0,-,-,-,-,2707.2000,2706.4000,2706.0000,2700.8000,2700.0000,2708.2000,2709.2000,2710.0000,2711.4000,2715.4000,1,1,1,1,1,1,1,1,1,1
SF,IH2012,2020-05-14 09:39:00.400,2708.2000,2258,0,74829780.000,0,-,-,-,-,2707.4000,2707.2000,2706.4000,2706.0000,2700.8000,2709.2000,2710.0000,2711.4000,2715.4000,2716.0000,1,1,1,1,1,1,1,1,1,1
SF,IH2012,2020-05-14 09:39:00.900,2708.2000,2258,0,74829780.000,0,-,-,-,-,2707.4000,2707.2000,2706.4000,2706.0000,2700.8000,2709.0000,2709.2000,2710.0000,2711.0000,2711.4000,1,1,1,1,1,1,1,1,1,1
SF,IH2012,2020-05-14 09:39:01.400,2708.2000,2258,0,74829780.000,0,-,-,-,-,2707.4000,2707.2000,2706.4000,2706.0000,2700.8000,2708.8000,2709.0000,2710.0000,2711.0000,2711.4000,1,1,1,1,1,3,1,1,1,1
SF,IH2012,2020-05-14 09:39:01.900,2708.2000,2258,0,74829780.000,0,-,-,-,-,2707.2000,2706.4000,2706.0000,2700.8000,2700.0000,2708.6000,2708.8000,2709.0000,2710.0000,2711.0000,1,1,1,1,1,1,3,1,1,1
SF,IH2012,2020-05-14 09:39:02.400,2708.2000,2258,0,74829780.000,0,-,-,-,-,2707.2000,2706.4000,2706.0000,2700.8000,2700.0000,2708.4000,2708.6000,2708.8000,2709.0000,2710.0000,1,1,1,1,1,1,1,2,1,1
SF,IH2012,2020-05-14 09:39:02.900,2708.2000,2258,0,74829780.000,0,-,-,-,-,2706.4000,2706.0000,2700.8000,2700.0000,2698.0000,2708.4000,2708.6000,2708.8000,2709.0000,2710.0000,1,1,1,1,1,1,1,2,1,1
SF,IH2012,2020-05-14 09:39:03.400,2708.2000,2258,0,74829780.000,0,-,-,-,-,2706.6000,2706.4000,2706.0000,2705.0000,2700.8000,2708.4000,2709.0000,2710.0000,2711.4000,2715.4000,1,1,1,1,1,1,1,1,1,1
SF,IH2012,2020-05-14 09:39:04.900,2708.2000,2258,0,74829780.000,0,-,-,-,-,2706.8000,2706.6000,2706.4000,2706.0000,2705.0000,2708.4000,2709.0000,2710.0000,2711.4000,2715.4000,1,1,1,1,1,1,1,1,1,1
SF,IH2012,2020-05-14 09:39:05.400,2708.2000,2258,0,74829780.000,0,-,-,-,-,2707.0000,2706.8000,2706.4000,2706.0000,2705.0000,2708.4000,2709.0000,2710.0000,2711.4000,2715.4000,1,1,1,1,1,1,1,1,1,1
SF,IH2012,2020-05-14 09:39:07.400,2708.2000,2258,0,74829780.000,0,-,-,-,-,2707.2000,2707.0000,2706.4000,2706.0000,2705.0000,2708.4000,2709.0000,2710.0000,2711.4000,2715.4000,1,1,1,1,1,1,1,1,1,1
SF,IH2012,2020-05-14 09:39:07.900,2708.2000,2258,0,74829780.000,0,-,-,-,-,2707.2000,2707.0000,2706.4000,2706.0000,2705.0000,2708.2000,2708.4000,2709.0000,2710.0000,2711.4000,1,1,1,1,1,1,1,1,1,1
SF,IH2012,2020-05-14 09:39:08.400,2708.2000,2258,0,74829780.000,0,-,-,-,-,2707.2000,2707.0000,2706.4000,2706.0000,2705.0000,2708.0000,2708.2000,2709.0000,2710.0000,2711.4000,1,1,1,1,1,1,1,1,1,1
SF,IH2012,2020-05-14 09:39:08.900,2708.2000,2258,0,74829780.000,0,-,-,-,-,2707.2000,2707.0000,2706.4000,2706.0000,2705.0000,2708.0000,2708.2000,2709.0000,2710.0000,2711.4000,1,1,1,1,2,1,1,1,1,1
SF,IH2012,2020-05-14 09:39:10.900,2708.2000,2258,0,74829780.000,0,-,-,-,-,2707.2000,2707.0000,2706.4000,2706.0000,2705.0000,2708.0000,2709.0000,2710.0000,2711.4000,2715.4000,1,1,1,1,2,1,1,1,1,1
SF,IH2012,2020-05-14 09:39:11.900,2708.0000,2259,1,75642180.000,1,1,0,双开,S,2707.2000,2707.0000,2706.4000,2706.0000,2705.0000,2709.0000,2710.0000,2711.4000,2715.4000,2716.0000,1,1,1,1,2,1,1,1,1,1
SF,IH2012,2020-05-14 09:39:12.400,2708.0000,2259,0,75642180.000,0,-,-,-,-,2707.4000,2707.2000,2706.4000,2706.0000,2705.0000,2708.8000,2709.0000,2710.0000,2710.8000,2711.4000,1,1,1,1,2,2,1,1,1,1
SF,IH2012,2020-05-14 09:39:12.900,2707.4000,2259,0,76454400.000,1,0,1,多换,S,2707.2000,2706.4000,2706.0000,2705.0000,2700.8000,2708.8000,2709.0000,2710.0000,2710.8000,2711.4000,1,1,1,1,1,2,1,1,1,1
SF,IH2012,2020-05-14 09:39:13.400,2707.4000,2259,0,76454400.000,0,-,-,-,-,2707.2000,2706.4000,2706.0000,2705.2000,2705.0000,2708.6000,2708.8000,2709.0000,2710.0000,2710.8000,1,1,1,1,1,2,2,1,1,1
SF,IH2012,2020-05-14 09:39:13.900,2707.4000,2259,0,76454400.000,0,-,-,-,-,2707.2000,2706.4000,2706.0000,2705.2000,2705.0000,2708.4000,2708.6000,2708.8000,2709.0000,2710.0000,1,1,1,1,1,2,2,1,1,1
SF,IH2012,2020-05-14 09:39:14.400,2707.4000,2259,0,76454400.000,0,-,-,-,-,2707.2000,2706.4000,2706.0000,2705.2000,2705.0000,2708.4000,2708.8000,2709.0000,2710.0000,2711.4000,1,1,1,1,1,2,1,1,1,1
SF,IH2012,2020-05-14 09:39:14.900,2707.4000,2259,0,76454400.000,0,-,-,-,-,2707.2000,2706.4000,2706.0000,2705.2000,2705.0000,2708.4000,2708.8000,2709.0000,2710.0000,2711.4000,1,1,1,1,1,2,1,1,1,1
SF,IH2012,2020-05-14 09:39:15.900,2707.4000,2259,0,76454400.000,0,-,-,-,-,2707.2000,2706.4000,2706.0000,2705.2000,2705.0000,2708.2000,2708.4000,2708.8000,2709.0000,2710.0000,1,1,1,1,1,1,2,1,1,1
SF,IH2012,2020-05-14 09:39:16.900,2707.4000,2259,0,76454400.000,0,-,-,-,-,2707.2000,2706.4000,2706.0000,2705.2000,2705.0000,2708.2000,2708.4000,2708.8000,2709.0000,2710.0000,1,1,1,1,1,1,2,1,1,1
SF,IH2012,2020-05-14 09:39:17.400,2707.4000,2259,0,76454400.000,0,-,-,-,-,2707.2000,2706.4000,2706.0000,2705.2000,2705.0000,2708.0000,2708.2000,2708.4000,2708.8000,2709.0000,1,1,1,1,1,1,1,1,1,1
SF,IH2012,2020-05-14 09:39:17.900,2707.4000,2259,0,76454400.000,0,-,-,-,-,2706.4000,2706.0000,2705.2000,2705.0000,2700.8000,2708.0000,2708.4000,2708.8000,2709.0000,2710.0000,1,1,1,1,1,1,1,1,1,1
SF,IH2012,2020-05-14 09:39:18.400,2707.4000,2259,0,76454400.000,0,-,-,-,-,2706.4000,2706.0000,2705.2000,2705.0000,2700.8000,2708.0000,2708.4000,2709.0000,2710.0000,2711.4000,1,1,1,1,1,1,1,1,1,1
SF,IH2012,2020-05-14 09:39:18.900,2706.6000,2260,1,77266380.000,1,1,0,双开,S,2706.6000,2706.4000,2706.0000,2705.2000,2705.0000,2708.0000,2709.0000,2710.0000,2711.4000,2715.4000,1,1,1,1,1,1,1,1,1,1
SF,IH2012,2020-05-14 09:39:19.400,2706.6000,2260,0,77266380.000,0,-,-,-,-,2706.8000,2706.6000,2706.4000,2706.0000,2705.2000,2708.0000,2709.0000,2710.0000,2711.4000,2715.4000,1,1,1,1,1,1,1,1,1,1
SF,IH2012,2020-05-14 09:39:19.900,2706.6000,2260,0,77266380.000,0,-,-,-,-,2706.8000,2706.4000,2706.0000,2705.2000,2705.0000,2708.0000,2710.0000,2711.4000,2715.4000,2716.0000,1,1,1,1,1,1,1,1,1,1
SF,IH2012,2020-05-14 09:39:20.400,2706.6000,2260,0,77266380.000,0,-,-,-,-,2707.0000,2706.8000,2706.4000,2706.0000,2705.2000,2708.0000,2710.0000,2711.4000,2715.4000,2716.0000,1,1,1,1,1,1,1,1,1,1
SF,IH2012,2020-05-14 09:39:20.900,2706.6000,2260,0,77266380.000,0,-,-,-,-,2707.0000,2706.8000,2706.4000,2706.0000,2705.2000,2708.0000,2710.0000,2711.4000,2715.4000,2716.0000,3,1,1,1,1,1,1,1,1,1
SF,IH2012,2020-05-14 09:39:22.400,2708.0000,2261,1,78078780.000,1,1,0,双开,S,2707.0000,2706.8000,2706.4000,2706.0000,2705.2000,2710.0000,2711.4000,2715.4000,2716.0000,2724.6000,3,1,1,1,1,1,1,1,1,1
SF,IH2012,2020-05-14 09:39:22.900,2708.0000,2261,0,78078780.000,0,-,-,-,-,2707.2000,2707.0000,2706.4000,2706.0000,2705.2000,2709.8000,2710.0000,2711.0000,2711.4000,2715.4000,1,3,1,1,1,3,1,1,1,1
SF,IH2012,2020-05-14 09:39:23.400,2708.0000,2261,0,78078780.000,0,-,-,-,-,2707.2000,2707.0000,2706.4000,2706.0000,2705.2000,2709.8000,2710.0000,2711.0000,2711.4000,2715.4000,2,3,1,1,1,3,1,1,1,1
SF,IH2012,2020-05-14 09:39:24.900,2708.0000,2261,0,78078780.000,0,-,-,-,-,2707.2000,2707.0000,2706.4000,2706.0000,2705.2000,2709.6000,2709.8000,2710.0000,2711.0000,2711.4000,2,2,1,1,1,1,3,1,1,1
SF,IH2012,2020-05-14 09:39:25.400,2708.0000,2261,0,78078780.000,0,-,-,-,-,2707.4000,2707.2000,2707.0000,2706.4000,2706.0000,2709.4000,2709.6000,2709.8000,2710.0000,2711.0000,1,2,2,1,1,1,1,2,1,1
SF,IH2012,2020-05-14 09:39:26.400,2708.0000,2261,0,78078780.000,0,-,-,-,-,2707.4000,2707.2000,2707.0000,2706.4000,2706.0000,2709.4000,2709.6000,2709.8000,2710.0000,2711.0000,1,2,2,1,1,1,1,1,1,1
SF,IH2012,2020-05-14 09:39:26.900,2708.0000,2261,0,78078780.000,0,-,-,-,-,2707.6000,2707.4000,2707.2000,2707.0000,2706.4000,2709.4000,2709.6000,2709.8000,2710.0000,2711.0000,1,1,1,2,1,1,1,1,1,1
SF,IH2012,2020-05-14 09:39:27.400,2708.0000,2261,0,78078780.000,0,-,-,-,-,2707.6000,2707.4000,2707.2000,2707.0000,2706.4000,2709.4000,2709.6000,2709.8000,2710.0000,2711.0000,1,1,1,2,1,1,1,1,1,1
SF,IH2012,2020-05-14 09:39:27.900,2708.0000,2261,0,78078780.000,0,-,-,-,-,2707.8000,2707.6000,2707.2000,2707.0000,2706.4000,2709.4000,2709.6000,2709.8000,2710.0000,2711.0000,2,1,1,2,1,1,1,1,1,1
SF,IH2012,2020-05-14 09:39:28.400,2708.0000,2261,0,78078780.000,0,-,-,-,-,2708.0000,2707.8000,2707.2000,2707.0000,2706.4000,2709.2000,2709.4000,2709.6000,2710.0000,2711.0000,1,2,1,2,1,1,1,1,1,1
SF,IH2012,2020-05-14 09:39:28.900,2708.0000,2261,0,78078780.000,0,-,-,-,-,2708.0000,2707.8000,2707.0000,2706.4000,2706.0000,2709.4000,2709.6000,2709.8000,2710.0000,2711.0000,1,2,2,1,1,1,1,1,1,1
SF,IH2012,2020-05-14 09:39:29.400,2708.0000,2261,0,78078780.000,0,-,-,-,-,2708.2000,2708.0000,2707.8000,2707.0000,2706.4000,2709.4000,2709.6000,2709.8000,2710.0000,2711.0000,1,1,1,2,1,1,1,1,1,1
SF,IH2012,2020-05-14 09:39:29.900,2708.0000,2260,-1,78891180.000,1,0,1,双平,S,2708.2000,2708.0000,2707.0000,2706.4000,2706.0000,2709.4000,2709.6000,2709.8000,2710.0000,2711.0000,1,1,2,1,1,1,1,1,1,1
SF,IH2012,2020-05-14 09:39:32.400,2708.0000,2260,0,78891180.000,0,-,-,-,-,2708.0000,2707.0000,2706.4000,2706.0000,2705.0000,2709.4000,2709.6000,2709.8000,2710.0000,2711.0000,1,2,1,1,1,1,1,1,1,1
SF,IH2012,2020-05-14 09:39:32.900,2708.0000,2260,0,78891180.000,0,-,-,-,-,2708.0000,2707.0000,2706.4000,2706.0000,2705.0000,2709.4000,2709.8000,2710.0000,2711.0000,2711.4000,1,2,1,1,1,1,1,1,1,1
SF,IH2012,2020-05-14 09:39:34.900,2708.0000,2260,0,78891180.000,0,-,-,-,-,2708.0000,2707.0000,2706.4000,2706.0000,2705.0000,2708.2000,2709.4000,2709.8000,2710.0000,2711.0000,1,2,1,1,1,1,1,1,1,1
SF,IH2012,2020-05-14 09:39:35.400,2708.2000,2259,-1,79703640.000,1,0,1,双平,S,2708.0000,2707.0000,2706.4000,2706.0000,2705.0000,2709.4000,2709.8000,2710.0000,2711.4000,2715.4000,1,2,1,1,1,1,1,1,1,1
SF,IH2012,2020-05-14 09:39:35.900,2708.2000,2259,0,79703640.000,0,-,-,-,-,2708.0000,2707.0000,2706.4000,2706.0000,2705.0000,2709.2000,2709.4000,2709.8000,2710.0000,2711.2000,1,2,1,1,1,1,1,1,1,1
SF,IH2012,2020-05-14 09:39:36.400,2708.2000,2259,0,79703640.000,0,-,-,-,-,2708.0000,2707.0000,2706.4000,2706.0000,2705.0000,2709.0000,2709.2000,2709.8000,2710.0000,2711.2000,1,1,1,1,1,1,1,1,1,1
SF,IH2012,2020-05-14 09:39:39.900,2708.2000,2259,0,79703640.000,0,-,-,-,-,2708.0000,2707.0000,2706.8000,2706.4000,2706.0000,2709.0000,2709.2000,2709.8000,2710.0000,2711.2000,1,1,1,1,1,1,1,1,1,1
SF,IH2012,2020-05-14 09:39:40.400,2708.2000,2259,0,79703640.000,0,-,-,-,-,2708.0000,2707.0000,2706.8000,2706.4000,2706.0000,2709.0000,2709.8000,2710.0000,2711.2000,2711.4000,1,1,1,1,1,1,1,1,1,1
SF,IH2012,2020-05-14 09:39:40.900,2708.2000,2259,0,79703640.000,0,-,-,-,-,2708.2000,2708.0000,2707.0000,2706.8000,2706.4000,2709.0000,2709.8000,2710.0000,2711.2000,2711.4000,1,1,1,1,1,1,1,1,1,1
SF,IH2012,2020-05-14 09:39:45.400,2708.2000,2259,0,79703640.000,0,-,-,-,-,2708.2000,2708.0000,2706.8000,2706.4000,2706.0000,2709.0000,2709.8000,2710.0000,2711.2000,2711.4000,1,1,1,1,1,1,1,1,1,1
SF,IH2012,2020-05-14 09:39:51.400,2708.2000,2259,0,79703640.000,0,-,-,-,-,2708.0000,2706.8000,2706.4000,2706.0000,2705.0000,2709.0000,2709.8000,2710.0000,2711.2000,2711.4000,1,1,1,1,1,1,1,1,1,1
SF,IH2012,2020-05-14 09:39:51.900,2708.2000,2259,0,79703640.000,0,-,-,-,-,2708.0000,2706.8000,2706.4000,2705.0000,2700.8000,2709.0000,2709.8000,2710.0000,2711.2000,2711.4000,1,1,1,1,1,1,1,1,1,1
